{"id":"gen9nationaldex-1987667299","p1":"chh12345","p2":"lchx","format":"[Gen 9] National Dex","log":"|j|\u2606chh12345\n|j|\u2606lchx\n|t:|1699625762\n|gametype|singles\n|player|p1|chh12345|cynthia-gen4|1713\n|player|p2|lchx|ghetsis|1863\n|teamsize|p1|6\n|teamsize|p2|6\n|gen|9\n|tier|[Gen 9] National Dex\n|rated|\n|rule|HP Percentage Mod: HP is shown in percentages\n|rule|Endless Battle Clause: Forcing endless battles is banned\n|rule|OHKO Clause: OHKO moves are banned\n|rule|Evasion Clause: Evasion abilities, items, and moves are banned\n|rule|Evasion Abilities Clause: Evasion abilities are banned\n|rule|Evasion Items Clause: Evasion items are banned\n|rule|Evasion Moves Clause: Evasion moves are banned\n|rule|Species Clause: Limit one of each Pok\u00e9mon\n|rule|Sleep Clause Mod: Limit one foe put to sleep\n|clearpoke\n|poke|p1|Glimmora, F|\n|poke|p1|Gliscor, F|\n|poke|p1|Urshifu-*, M|\n|poke|p1|Toxtricity, F|\n|poke|p1|Meowscarada, F|\n|poke|p1|Tapu Fini|\n|poke|p2|Iron Treads|\n|poke|p2|Ceruledge, M|\n|poke|p2|Iron Valiant|\n|poke|p2|Rillaboom, F|\n|poke|p2|Azumarill, F|\n|poke|p2|Sneasler, M|\n|teampreview\n|j| TangyBloke\n|\n|t:|1699625774\n|start\n|switch|p1a: Urshifu|Urshifu-Rapid-Strike, M|100\/100\n|switch|p2a: \u6211\u81ea\u6740\u7ed9\u4f60\u770b|Iron Treads|100\/100\n|-enditem|p2a: \u6211\u81ea\u6740\u7ed9\u4f60\u770b|Booster Energy\n|-activate|p2a: \u6211\u81ea\u6740\u7ed9\u4f60\u770b|ability: Quark Drive|[fromitem]\n|-start|p2a: \u6211\u81ea\u6740\u7ed9\u4f60\u770b|quarkdrivespe\n|turn|1\n|\n|t:|1699625784\n|move|p2a: \u6211\u81ea\u6740\u7ed9\u4f60\u770b|Stealth Rock|p1a: Urshifu\n|-sidestart|p1: chh12345|move: Stealth Rock\n|move|p1a: Urshifu|Surging Strikes|p2a: \u6211\u81ea\u6740\u7ed9\u4f60\u770b\n|-supereffective|p2a: \u6211\u81ea\u6740\u7ed9\u4f60\u770b\n|-crit|p2a: \u6211\u81ea\u6740\u7ed9\u4f60\u770b\n|-damage|p2a: \u6211\u81ea\u6740\u7ed9\u4f60\u770b|67\/100\n|-supereffective|p2a: \u6211\u81ea\u6740\u7ed9\u4f60\u770b\n|-crit|p2a: \u6211\u81ea\u6740\u7ed9\u4f60\u770b\n|-damage|p2a: \u6211\u81ea\u6740\u7ed9\u4f60\u770b|33\/100\n|-supereffective|p2a: \u6211\u81ea\u6740\u7ed9\u4f60\u770b\n|-crit|p2a: \u6211\u81ea\u6740\u7ed9\u4f60\u770b\n|-damage|p2a: \u6211\u81ea\u6740\u7ed9\u4f60\u770b|0 fnt\n|faint|p2a: \u6211\u81ea\u6740\u7ed9\u4f60\u770b\n|-end|p2a: \u6211\u81ea\u6740\u7ed9\u4f60\u770b|Quark Drive|[silent]\n|-hitcount|p2: \u6211\u81ea\u6740\u7ed9\u4f60\u770b|3\n|\n|upkeep\n|\n|t:|1699625793\n|switch|p2a: \u4e8c\u6b21\u6027|Azumarill, F|100\/100\n|turn|2\n|\n|t:|1699625809\n|switch|p1a: Tapu Fini|Tapu Fini|100\/100\n|-damage|p1a: Tapu Fini|88\/100|[from] Stealth Rock\n|-fieldstart|move: Misty Terrain|[from] ability: Misty Surge|[of] p1a: Tapu Fini\n|-zpower|p2a: \u4e8c\u6b21\u6027\n|move|p2a: \u4e8c\u6b21\u6027|Z-Belly Drum|p2a: \u4e8c\u6b21\u6027|[anim]Belly Drum\n|-damage|p2a: \u4e8c\u6b21\u6027|51\/100\n|-setboost|p2a: \u4e8c\u6b21\u6027|atk|6|[from] move: Belly Drum\n|\n|-heal|p1a: Tapu Fini|94\/100|[from] item: Leftovers\n|upkeep\n|turn|3\n|\n|t:|1699625823\n|-terastallize|p1a: Tapu Fini|Poison\n|move|p1a: Tapu Fini|Iron Defense|p1a: Tapu Fini\n|-boost|p1a: Tapu Fini|def|2\n|move|p2a: \u4e8c\u6b21\u6027|Play Rough|p1a: Tapu Fini\n|-resisted|p1a: Tapu Fini\n|-damage|p1a: Tapu Fini|55\/100\n|\n|-heal|p1a: Tapu Fini|61\/100|[from] item: Leftovers\n|upkeep\n|turn|4\n|\n|t:|1699625839\n|move|p1a: Tapu Fini|Iron Defense|p1a: Tapu Fini\n|-boost|p1a: Tapu Fini|def|2\n|move|p2a: \u4e8c\u6b21\u6027|Knock Off|p1a: Tapu Fini\n|-damage|p1a: Tapu Fini|23\/100\n|-enditem|p1a: Tapu Fini|Leftovers|[from] move: Knock Off|[of] p2a: \u4e8c\u6b21\u6027\n|\n|upkeep\n|turn|5\n|\n|t:|1699625847\n|move|p2a: \u4e8c\u6b21\u6027|Aqua Jet|p1a: Tapu Fini\n|-damage|p1a: Tapu Fini|0 fnt\n|faint|p1a: Tapu Fini\n|\n|upkeep\n|-message|chh12345 forfeited.\n|\n|win|lchx\n|raw|chh12345's rating: 1713 &rarr; <strong>1701<\/strong><br \/>(-12 for losing)\n|raw|lchx's rating: 1863 &rarr; <strong>1875<\/strong><br \/>(+12 for winning)\n|l|\u2606chh12345\n","uploadtime":1699625860,"views":5,"p1id":"chh12345","p2id":"lchx","formatid":"gen9nationaldex","rating":1701,"private":0,"password":""}