{"id":"gen9nationaldex-1987983232","p1":"EABL XD","p2":"BubblyBelle","format":"[Gen 9] National Dex","log":"|j|\u2606EABL XD\n|j|\u2606BubblyBelle\n|t:|1699655827\n|gametype|singles\n|player|p1|EABL XD|gambler|1298\n|player|p2|BubblyBelle|roxie|1303\n|teamsize|p1|6\n|teamsize|p2|6\n|gen|9\n|tier|[Gen 9] National Dex\n|rated|\n|rule|HP Percentage Mod: HP is shown in percentages\n|rule|Endless Battle Clause: Forcing endless battles is banned\n|rule|OHKO Clause: OHKO moves are banned\n|rule|Evasion Clause: Evasion abilities, items, and moves are banned\n|rule|Evasion Abilities Clause: Evasion abilities are banned\n|rule|Evasion Items Clause: Evasion items are banned\n|rule|Evasion Moves Clause: Evasion moves are banned\n|rule|Species Clause: Limit one of each Pok\u00e9mon\n|rule|Sleep Clause Mod: Limit one foe put to sleep\n|clearpoke\n|poke|p1|Garganacl, F|\n|poke|p1|Galvantula, M|\n|poke|p1|Great Tusk|\n|poke|p1|Greninja-*, M|\n|poke|p1|Ogerpon-Wellspring, F|\n|poke|p1|Maushold-Four|\n|poke|p2|Infernape, F|\n|poke|p2|Torterra, F|\n|poke|p2|Scizor, F|\n|poke|p2|Glimmora, F|\n|poke|p2|Greninja-*, M|\n|poke|p2|Hatterene, F|\n|teampreview\n|inactive|Battle timer is ON: inactive players will automatically lose when time's up. (requested by BubblyBelle)\n|\n|t:|1699655833\n|start\n|switch|p1a: Familia \ud83d\ude10\ud83d\udc4d\ud83c\udffd|Maushold-Four|100\/100\n|switch|p2a: Glimmora|Glimmora, F|100\/100\n|turn|1\n|\n|t:|1699655844\n|switch|p1a: La Gran Tula|Galvantula, M, shiny|100\/100\n|move|p2a: Glimmora|Stealth Rock|p1a: La Gran Tula\n|-sidestart|p1: EABL XD|move: Stealth Rock\n|\n|upkeep\n|turn|2\n|\n|t:|1699655850\n|move|p1a: La Gran Tula|Thunder Wave|p2a: Glimmora\n|-status|p2a: Glimmora|par\n|move|p2a: Glimmora|Power Gem|p1a: La Gran Tula\n|-supereffective|p1a: La Gran Tula\n|-enditem|p1a: La Gran Tula|Focus Sash\n|-damage|p1a: La Gran Tula|1\/100\n|\n|upkeep\n|turn|3\n|\n|t:|1699655857\n|move|p1a: La Gran Tula|Sticky Web|p2a: Glimmora\n|-sidestart|p2: BubblyBelle|move: Sticky Web\n|cant|p2a: Glimmora|par\n|\n|upkeep\n|turn|4\n|\n|t:|1699655871\n|move|p1a: La Gran Tula|Thunder|p2a: Glimmora\n|-damage|p2a: Glimmora|42\/100 par\n|move|p2a: Glimmora|Power Gem|p1a: La Gran Tula\n|-supereffective|p1a: La Gran Tula\n|-damage|p1a: La Gran Tula|0 fnt\n|faint|p1a: La Gran Tula\n|\n|upkeep\n|\n|t:|1699655877\n|switch|p1a: Manny|Great Tusk, shiny|100\/100\n|-damage|p1a: Manny|98\/100|[from] Stealth Rock\n|-enditem|p1a: Manny|Booster Energy\n|-activate|p1a: Manny|ability: Protosynthesis|[fromitem]\n|-start|p1a: Manny|protosynthesisatk\n|turn|5\n|\n|t:|1699655882\n|move|p2a: Glimmora|Spiky Shield|p2a: Glimmora\n|-singleturn|p2a: Glimmora|move: Protect\n|move|p1a: Manny|Rapid Spin|p2a: Glimmora\n|-activate|p2a: Glimmora|move: Protect\n|-damage|p1a: Manny|85\/100|[from] Spiky Shield|[of] p2a: Glimmora\n|\n|upkeep\n|turn|6\n|\n|t:|1699655907\n|move|p1a: Manny|Rapid Spin|p2a: Glimmora\n|-resisted|p2a: Glimmora\n|-damage|p2a: Glimmora|29\/100 par\n|-boost|p1a: Manny|spe|1\n|-activate|p2a: Glimmora|ability: Toxic Debris\n|-sidestart|p1: EABL XD|move: Toxic Spikes\n|-sideend|p1: EABL XD|Toxic Spikes|[from] move: Rapid Spin|[of] p1a: Manny\n|-sideend|p1: EABL XD|Stealth Rock|[from] move: Rapid Spin|[of] p1a: Manny\n|move|p2a: Glimmora|Sludge Wave|p1a: Manny\n|-resisted|p1a: Manny\n|-damage|p1a: Manny|47\/100\n|\n|upkeep\n|turn|7\n|\n|t:|1699655916\n|move|p1a: Manny|Ice Spinner|p2a: Glimmora\n|-damage|p2a: Glimmora|0 fnt\n|-activate|p2a: Glimmora|ability: Toxic Debris\n|-sidestart|p1: EABL XD|move: Toxic Spikes\n|faint|p2a: Glimmora\n|\n|upkeep\n|\n|t:|1699655922\n|switch|p2a: Hatterene|Hatterene, F|100\/100\n|-activate|p2a: Hatterene|move: Sticky Web\n|-unboost|p2a: Hatterene|spe|1\n|turn|8\n|\n|t:|1699655928\n|move|p1a: Manny|Rapid Spin|p2a: Hatterene\n|-damage|p2a: Hatterene|75\/100\n|-boost|p1a: Manny|spe|1\n|-sideend|p1: EABL XD|Toxic Spikes|[from] move: Rapid Spin|[of] p1a: Manny\n|move|p2a: Hatterene|Trick Room|p2a: Hatterene\n|-fieldstart|move: Trick Room|[of] p2a: Hatterene\n|\n|upkeep\n|turn|9\n|\n|t:|1699655937\n|move|p2a: Hatterene|Calm Mind|p2a: Hatterene\n|-boost|p2a: Hatterene|spa|1\n|-boost|p2a: Hatterene|spd|1\n|move|p1a: Manny|Ice Spinner|p2a: Hatterene\n|-damage|p2a: Hatterene|35\/100\n|\n|upkeep\n|turn|10\n|\n|t:|1699655942\n|move|p2a: Hatterene|Draining Kiss|p1a: Manny\n|-supereffective|p1a: Manny\n|-damage|p1a: Manny|0 fnt\n|-heal|p2a: Hatterene|88\/100|[from] drain|[of] p1a: Manny\n|faint|p1a: Manny\n|-end|p1a: Manny|Protosynthesis|[silent]\n|\n|upkeep\n|\n|t:|1699655946\n|switch|p1a: Golem del Maincra|Garganacl, F|100\/100\n|turn|11\n|\n|t:|1699655951\n|move|p2a: Hatterene|Psychic|p1a: Golem del Maincra\n|-damage|p1a: Golem del Maincra|60\/100\n|move|p1a: Golem del Maincra|Salt Cure|p2a: Hatterene\n|-damage|p2a: Hatterene|72\/100\n|-start|p2a: Hatterene|Salt Cure\n|\n|-damage|p2a: Hatterene|60\/100|[from] Salt Cure\n|upkeep\n|turn|12\n|\n|t:|1699655958\n|move|p2a: Hatterene|Draining Kiss|p1a: Golem del Maincra\n|-damage|p1a: Golem del Maincra|37\/100\n|-heal|p2a: Hatterene|88\/100|[from] drain|[of] p1a: Golem del Maincra\n|move|p1a: Golem del Maincra|Salt Cure|p2a: Hatterene\n|-damage|p2a: Hatterene|71\/100\n|\n|-damage|p2a: Hatterene|59\/100|[from] Salt Cure\n|-fieldend|move: Trick Room\n|upkeep\n|turn|13\n|\n|t:|1699655970\n|move|p1a: Golem del Maincra|Explosion|p2a: Hatterene\n|-damage|p2a: Hatterene|0 fnt\n|faint|p1a: Golem del Maincra\n|faint|p2a: Hatterene\n|\n|upkeep\n|\n|t:|1699655979\n|switch|p1a: Bonita|Ogerpon-Wellspring, F|100\/100\n|switch|p2a: Scizor|Scizor, F|100\/100\n|-activate|p2a: Scizor|move: Sticky Web\n|-unboost|p2a: Scizor|spe|1\n|turn|14\n|\n|t:|1699655987\n|detailschange|p2a: Scizor|Scizor-Mega, F\n|-mega|p2a: Scizor|Scizor|Scizorite\n|-terastallize|p1a: Bonita|Water\n|detailschange|p1a: Bonita|Ogerpon-Wellspring-Tera, F, tera:Water\n|-ability|p1a: Bonita|Embody Aspect (Wellspring)|boost\n|-boost|p1a: Bonita|spd|1\n|move|p1a: Bonita|Ivy Cudgel|p2a: Scizor\n|-damage|p2a: Scizor|40\/100\n|move|p2a: Scizor|Bug Bite|p1a: Bonita\n|-damage|p1a: Bonita|21\/100\n|\n|upkeep\n|turn|15\n|\n|t:|1699655999\n|move|p2a: Scizor|Bullet Punch|p1a: Bonita\n|-resisted|p1a: Bonita\n|-damage|p1a: Bonita|0 fnt\n|faint|p1a: Bonita\n|\n|upkeep\n|\n|t:|1699656003\n|switch|p1a: El Ninja|Greninja, M|100\/100\n|turn|16\n|\n|t:|1699656006\n|move|p1a: El Ninja|Water Shuriken|p2a: Scizor\n|-damage|p2a: Scizor|30\/100\n|-damage|p2a: Scizor|21\/100\n|-damage|p2a: Scizor|12\/100\n|-hitcount|p2a: Scizor|3\n|-damage|p1a: El Ninja|91\/100|[from] item: Life Orb\n|move|p2a: Scizor|Bug Bite|p1a: El Ninja\n|-supereffective|p1a: El Ninja\n|-damage|p1a: El Ninja|0 fnt\n|faint|p1a: El Ninja\n|\n|upkeep\n|\n|t:|1699656010\n|switch|p1a: Familia \ud83d\ude10\ud83d\udc4d\ud83c\udffd|Maushold-Four|100\/100\n|turn|17\n|\n|t:|1699656017\n|move|p1a: Familia \ud83d\ude10\ud83d\udc4d\ud83c\udffd|Population Bomb|p2a: Scizor\n|-resisted|p2a: Scizor\n|-damage|p2a: Scizor|8\/100\n|-resisted|p2a: Scizor\n|-damage|p2a: Scizor|3\/100\n|-resisted|p2a: Scizor\n|-damage|p2a: Scizor|0 fnt\n|faint|p2a: Scizor\n|-hitcount|p2: Scizor|3\n|\n|upkeep\n|\n|t:|1699656026\n|switch|p2a: Infernape|Infernape, F|100\/100\n|-activate|p2a: Infernape|move: Sticky Web\n|-unboost|p2a: Infernape|spe|1\n|turn|18\n|\n|t:|1699656032\n|move|p1a: Familia \ud83d\ude10\ud83d\udc4d\ud83c\udffd|Population Bomb|p2a: Infernape\n|-damage|p2a: Infernape|83\/100\n|-damage|p2a: Infernape|64\/100\n|-damage|p2a: Infernape|45\/100\n|-damage|p2a: Infernape|27\/100\n|-damage|p2a: Infernape|7\/100\n|-damage|p2a: Infernape|0 fnt\n|faint|p2a: Infernape\n|-hitcount|p2: Infernape|6\n|\n|upkeep\n|\n|t:|1699656042\n|switch|p2a: Torterra|Torterra, F|100\/100\n|-activate|p2a: Torterra|move: Sticky Web\n|-unboost|p2a: Torterra|spe|1\n|-enditem|p2a: Torterra|White Herb\n|-clearnegativeboost|p2a: Torterra|[silent]\n|turn|19\n|\n|t:|1699656053\n|-terastallize|p2a: Torterra|Water\n|move|p1a: Familia \ud83d\ude10\ud83d\udc4d\ud83c\udffd|Population Bomb|p2a: Torterra\n|-damage|p2a: Torterra|91\/100\n|-crit|p2a: Torterra\n|-damage|p2a: Torterra|77\/100\n|-damage|p2a: Torterra|68\/100\n|-damage|p2a: Torterra|57\/100\n|-damage|p2a: Torterra|47\/100\n|-damage|p2a: Torterra|37\/100\n|-damage|p2a: Torterra|26\/100\n|-damage|p2a: Torterra|16\/100\n|-damage|p2a: Torterra|6\/100\n|-damage|p2a: Torterra|0 fnt\n|faint|p2a: Torterra\n|-hitcount|p2: Torterra|10\n|\n|upkeep\n|\n|t:|1699656068\n|switch|p2a: Greninja|Greninja, M|100\/100\n|-activate|p2a: Greninja|move: Sticky Web\n|-unboost|p2a: Greninja|spe|1\n|turn|20\n|\n|t:|1699656074\n|move|p2a: Greninja|Water Shuriken|p1a: Familia \ud83d\ude10\ud83d\udc4d\ud83c\udffd\n|-damage|p1a: Familia \ud83d\ude10\ud83d\udc4d\ud83c\udffd|90\/100\n|-damage|p1a: Familia \ud83d\ude10\ud83d\udc4d\ud83c\udffd|79\/100\n|-damage|p1a: Familia \ud83d\ude10\ud83d\udc4d\ud83c\udffd|68\/100\n|-damage|p1a: Familia \ud83d\ude10\ud83d\udc4d\ud83c\udffd|59\/100\n|-hitcount|p1a: Familia \ud83d\ude10\ud83d\udc4d\ud83c\udffd|4\n|move|p1a: Familia \ud83d\ude10\ud83d\udc4d\ud83c\udffd|Population Bomb|p2a: Greninja\n|-crit|p2a: Greninja\n|-damage|p2a: Greninja|68\/100\n|-damage|p2a: Greninja|47\/100\n|-damage|p2a: Greninja|26\/100\n|-damage|p2a: Greninja|5\/100\n|-damage|p2a: Greninja|0 fnt\n|faint|p2a: Greninja\n|-hitcount|p2: Greninja|5\n|\n|win|EABL XD\n|raw|EABL XD's rating: 1298 &rarr; <strong>1323<\/strong><br \/>(+25 for winning)\n|raw|BubblyBelle's rating: 1303 &rarr; <strong>1283<\/strong><br \/>(-20 for losing)\n|l|\u2606BubblyBelle\n","uploadtime":1699656128,"views":12,"p1id":"eablxd","p2id":"bubblybelle","formatid":"gen9nationaldex","rating":1283,"private":0,"password":""}