{"id":"gen9nationaldex-1991511264","p1":"SlowySlow","p2":"VicoSenpai","format":"[Gen 9] National Dex","log":"|j|\u2606SlowySlow\n|j|\u2606VicoSenpai\n|t:|1700083641\n|gametype|singles\n|player|p1|SlowySlow|ash|1216\n|player|p2|VicoSenpai|grimsley-gen7|1359\n|teamsize|p1|6\n|teamsize|p2|6\n|gen|9\n|tier|[Gen 9] National Dex\n|rated|\n|rule|HP Percentage Mod: HP is shown in percentages\n|rule|Endless Battle Clause: Forcing endless battles is banned\n|rule|OHKO Clause: OHKO moves are banned\n|rule|Evasion Clause: Evasion abilities, items, and moves are banned\n|rule|Evasion Abilities Clause: Evasion abilities are banned\n|rule|Evasion Items Clause: Evasion items are banned\n|rule|Evasion Moves Clause: Evasion moves are banned\n|rule|Species Clause: Limit one of each Pok\u00e9mon\n|rule|Sleep Clause Mod: Limit one foe put to sleep\n|clearpoke\n|poke|p1|Beedrill, F|\n|poke|p1|Slurpuff, F|\n|poke|p1|Gyarados, M|\n|poke|p1|Cinderace, M|\n|poke|p1|Kartana|\n|poke|p1|Xurkitree|\n|poke|p2|Pelipper, F|\n|poke|p2|Swampert, F|\n|poke|p2|Ferrothorn, F|\n|poke|p2|Zapdos|\n|poke|p2|Urshifu-*, F|\n|poke|p2|Serperior, M|\n|teampreview\n|inactive|Battle timer is ON: inactive players will automatically lose when time's up. (requested by VicoSenpai)\n|inactive|SlowySlow also wants the timer to be on.\n|c|\u2606SlowySlow|Running away is easy\n|\n|t:|1700083664\n|start\n|switch|p1a: Slurpuff|Slurpuff, F|100\/100\n|switch|p2a: Pelipper|Pelipper, F|100\/100\n|-weather|RainDance|[from] ability: Drizzle|[of] p2a: Pelipper\n|turn|1\n|c|\u2606SlowySlow|It's the living that's hard\n|c|\u2606VicoSenpai|OHUEFGPIZGEIUFGEZIVZIEBIZEVB\n|c|\u2606VicoSenpai|YES\n|c|\u2606VicoSenpai|YES\n|c|\u2606VicoSenpai|YES\n|c|\u2606VicoSenpai|YES\n|c|\u2606SlowySlow|YES\n|c|\u2606SlowySlow|YES\n|c|\u2606SlowySlow|YES\n|c|\u2606SlowySlow|YES\n|c|\u2606VicoSenpai|TIME MOVES SLOOOOOWWWW\n|inactive|VicoSenpai has 120 seconds left.\n|c|\u2606VicoSenpai|WHEN UR ALL ALOOOOOONE\n|\n|t:|1700083698\n|switch|p2a: Ferrothorn|Ferrothorn, F|100\/100\n|move|p1a: Slurpuff|Belly Drum|p1a: Slurpuff\n|-damage|p1a: Slurpuff|50\/100\n|-setboost|p1a: Slurpuff|atk|6|[from] move: Belly Drum\n|-enditem|p1a: Slurpuff|Sitrus Berry|[eat]\n|-heal|p1a: Slurpuff|75\/100|[from] item: Sitrus Berry\n|\n|-weather|RainDance|[upkeep]\n|upkeep\n|turn|2\n|c|\u2606SlowySlow|Intesive Flashbacks comes from that music\n|c|\u2606SlowySlow|fr\n|\n|t:|1700083716\n|move|p1a: Slurpuff|Drain Punch|p2a: Ferrothorn\n|-supereffective|p2a: Ferrothorn\n|-damage|p2a: Ferrothorn|18\/100\n|-heal|p1a: Slurpuff|100\/100|[from] drain|[of] p2a: Ferrothorn\n|-damage|p1a: Slurpuff|88\/100|[from] ability: Iron Barbs|[of] p2a: Ferrothorn\n|move|p2a: Ferrothorn|Leech Seed|p1a: Slurpuff\n|-start|p1a: Slurpuff|move: Leech Seed\n|\n|-weather|RainDance|[upkeep]\n|-heal|p2a: Ferrothorn|24\/100|[from] item: Leftovers\n|-damage|p1a: Slurpuff|76\/100|[from] Leech Seed|[of] p2a: Ferrothorn\n|-heal|p2a: Ferrothorn|35\/100|[silent]\n|upkeep\n|turn|3\n|c|\u2606VicoSenpai|i love you\n|c|\u2606VicoSenpai|thank you\n|c|\u2606SlowySlow|love you too\n|c|\u2606VicoSenpai|<3\n|\n|t:|1700083731\n|move|p2a: Ferrothorn|Protect|p2a: Ferrothorn\n|-singleturn|p2a: Ferrothorn|Protect\n|move|p1a: Slurpuff|Drain Punch|p2a: Ferrothorn\n|-activate|p2a: Ferrothorn|move: Protect\n|\n|-weather|RainDance|[upkeep]\n|-heal|p2a: Ferrothorn|41\/100|[from] item: Leftovers\n|-damage|p1a: Slurpuff|63\/100|[from] Leech Seed|[of] p2a: Ferrothorn\n|-heal|p2a: Ferrothorn|52\/100|[silent]\n|upkeep\n|turn|4\n|c|\u2606SlowySlow|<3\n|\n|t:|1700083741\n|switch|p2a: Zapdos|Zapdos|100\/100\n|move|p1a: Slurpuff|Drain Punch|p2a: Zapdos\n|-resisted|p2a: Zapdos\n|-damage|p2a: Zapdos|52\/100\n|-heal|p1a: Slurpuff|89\/100|[from] drain|[of] p2a: Zapdos\n|\n|-weather|RainDance|[upkeep]\n|-damage|p1a: Slurpuff|76\/100|[from] Leech Seed|[of] p2a: Zapdos\n|-heal|p2a: Zapdos|64\/100|[silent]\n|upkeep\n|turn|5\n|\n|t:|1700083747\n|move|p1a: Slurpuff|Play Rough|p2a: Zapdos\n|-damage|p2a: Zapdos|0 fnt\n|faint|p2a: Zapdos\n|\n|-weather|RainDance|[upkeep]\n|upkeep\n|\n|t:|1700083757\n|switch|p2a: Ferrothorn|Ferrothorn, F|52\/100\n|turn|6\n|\n|t:|1700083762\n|move|p2a: Ferrothorn|Protect|p2a: Ferrothorn\n|-singleturn|p2a: Ferrothorn|Protect\n|move|p1a: Slurpuff|Drain Punch|p2a: Ferrothorn\n|-activate|p2a: Ferrothorn|move: Protect\n|\n|-weather|RainDance|[upkeep]\n|-heal|p2a: Ferrothorn|58\/100|[from] item: Leftovers\n|-damage|p1a: Slurpuff|64\/100|[from] Leech Seed|[of] p2a: Ferrothorn\n|-heal|p2a: Ferrothorn|69\/100|[silent]\n|upkeep\n|turn|7\n|\n|t:|1700083769\n|-terastallize|p2a: Ferrothorn|Water\n|move|p1a: Slurpuff|Drain Punch|p2a: Ferrothorn\n|-damage|p2a: Ferrothorn|25\/100\n|-heal|p1a: Slurpuff|89\/100|[from] drain|[of] p2a: Ferrothorn\n|-damage|p1a: Slurpuff|77\/100|[from] ability: Iron Barbs|[of] p2a: Ferrothorn\n|move|p2a: Ferrothorn|Gyro Ball|p1a: Slurpuff\n|-supereffective|p1a: Slurpuff\n|-damage|p1a: Slurpuff|0 fnt\n|faint|p1a: Slurpuff\n|\n|-weather|RainDance|[upkeep]\n|-heal|p2a: Ferrothorn|31\/100|[from] item: Leftovers\n|upkeep\n|\n|t:|1700083779\n|switch|p1a: Beedrill|Beedrill, F|100\/100\n|turn|8\n|\n|t:|1700083782\n|detailschange|p1a: Beedrill|Beedrill-Mega, F\n|-mega|p1a: Beedrill|Beedrill|Beedrillite\n|move|p1a: Beedrill|Fell Stinger|p2a: Ferrothorn\n|-damage|p2a: Ferrothorn|10\/100\n|-damage|p1a: Beedrill|88\/100|[from] ability: Iron Barbs|[of] p2a: Ferrothorn\n|move|p2a: Ferrothorn|Leech Seed|p1a: Beedrill\n|-start|p1a: Beedrill|move: Leech Seed\n|\n|-weather|none\n|-heal|p2a: Ferrothorn|16\/100|[from] item: Leftovers\n|-damage|p1a: Beedrill|76\/100|[from] Leech Seed|[of] p2a: Ferrothorn\n|-heal|p2a: Ferrothorn|26\/100|[silent]\n|upkeep\n|turn|9\n|\n|t:|1700083791\n|move|p2a: Ferrothorn|Protect|p2a: Ferrothorn\n|-singleturn|p2a: Ferrothorn|Protect\n|move|p1a: Beedrill|Fell Stinger|p2a: Ferrothorn\n|-activate|p2a: Ferrothorn|move: Protect\n|\n|-heal|p2a: Ferrothorn|32\/100|[from] item: Leftovers\n|-damage|p1a: Beedrill|64\/100|[from] Leech Seed|[of] p2a: Ferrothorn\n|-heal|p2a: Ferrothorn|41\/100|[silent]\n|upkeep\n|turn|10\n|c|\u2606VicoSenpai|sorry\n|c|\u2606SlowySlow|for what\n|c|\u2606VicoSenpai|i feel bad for stalling u out\n|\n|t:|1700083804\n|move|p1a: Beedrill|Poison Jab|p2a: Ferrothorn\n|-damage|p2a: Ferrothorn|5\/100\n|-damage|p1a: Beedrill|52\/100|[from] ability: Iron Barbs|[of] p2a: Ferrothorn\n|move|p2a: Ferrothorn|Stealth Rock|p1a: Beedrill\n|-sidestart|p1: SlowySlow|move: Stealth Rock\n|\n|-heal|p2a: Ferrothorn|11\/100|[from] item: Leftovers\n|-damage|p1a: Beedrill|40\/100|[from] Leech Seed|[of] p2a: Ferrothorn\n|-heal|p2a: Ferrothorn|21\/100|[silent]\n|upkeep\n|turn|11\n|c|\u2606SlowySlow|im hyper offense lmao\n|\n|t:|1700083810\n|move|p2a: Ferrothorn|Protect|p2a: Ferrothorn\n|-singleturn|p2a: Ferrothorn|Protect\n|move|p1a: Beedrill|Fell Stinger|p2a: Ferrothorn\n|-activate|p2a: Ferrothorn|move: Protect\n|\n|-heal|p2a: Ferrothorn|27\/100|[from] item: Leftovers\n|-damage|p1a: Beedrill|27\/100|[from] Leech Seed|[of] p2a: Ferrothorn\n|-heal|p2a: Ferrothorn|36\/100|[silent]\n|upkeep\n|turn|12\n|c|\u2606VicoSenpai|ye lol\n|\n|t:|1700083819\n|move|p2a: Ferrothorn|Protect||[still]\n|-fail|p2a: Ferrothorn\n|move|p1a: Beedrill|Poison Jab|p2a: Ferrothorn\n|-damage|p2a: Ferrothorn|2\/100\n|-damage|p1a: Beedrill|15\/100|[from] ability: Iron Barbs|[of] p2a: Ferrothorn\n|\n|-heal|p2a: Ferrothorn|8\/100|[from] item: Leftovers\n|-damage|p1a: Beedrill|3\/100|[from] Leech Seed|[of] p2a: Ferrothorn\n|-heal|p2a: Ferrothorn|17\/100|[silent]\n|upkeep\n|turn|13\n|c|\u2606VicoSenpai|fck\n|\n|t:|1700083826\n|move|p2a: Ferrothorn|Protect|p2a: Ferrothorn\n|-singleturn|p2a: Ferrothorn|Protect\n|move|p1a: Beedrill|Poison Jab|p2a: Ferrothorn\n|-activate|p2a: Ferrothorn|move: Protect\n|\n|-heal|p2a: Ferrothorn|24\/100|[from] item: Leftovers\n|-damage|p1a: Beedrill|0 fnt|[from] Leech Seed|[of] p2a: Ferrothorn\n|-heal|p2a: Ferrothorn|25\/100|[silent]\n|faint|p1a: Beedrill\n|upkeep\n|c|\u2606VicoSenpai|oh ?\n|c|\u2606VicoSenpai|dayumn\n|c|\u2606VicoSenpai|ferrothorn\n|c|\u2606VicoSenpai|is goated\n|c|\u2606SlowySlow|ye\n|\n|t:|1700083844\n|switch|p1a: Cinderace|Cinderace, M|100\/100\n|-damage|p1a: Cinderace|76\/100|[from] Stealth Rock\n|turn|14\n|c|\u2606VicoSenpai|a bit too op to my taste actually\n|\n|t:|1700083849\n|move|p2a: Ferrothorn|Protect||[still]\n|-fail|p2a: Ferrothorn\n|move|p1a: Cinderace|U-turn|p2a: Ferrothorn\n|-start|p1a: Cinderace|typechange|Bug|[from] ability: Libero\n|-damage|p2a: Ferrothorn|0 fnt\n|-damage|p1a: Cinderace|63\/100|[from] ability: Iron Barbs|[of] p2a: Ferrothorn\n|faint|p2a: Ferrothorn\n|c|\u2606SlowySlow|slurpuff too\n|c|\u2606VicoSenpai|yezziiir\n|\n|t:|1700083862\n|switch|p1a: Xurkitree|Xurkitree|100\/100|[from] U-turn\n|-damage|p1a: Xurkitree|88\/100|[from] Stealth Rock\n|\n|upkeep\n|c|\u2606VicoSenpai|unburden mons are crazy\n|\n|t:|1700083868\n|switch|p2a: Pelipper|Pelipper, F|100\/100\n|-weather|RainDance|[from] ability: Drizzle|[of] p2a: Pelipper\n|turn|15\n|c|\u2606SlowySlow|ye bro\n|\n|t:|1700083874\n|switch|p2a: Swampert|Swampert, F|100\/100\n|-zpower|p1a: Xurkitree\n|move|p1a: Xurkitree|Z-Hypnosis|p2a: Swampert|[anim]Hypnosis|[miss]\n|-boost|p1a: Xurkitree|spe|1|[zeffect]\n|-miss|p1a: Xurkitree|p2a: Swampert\n|\n|-weather|RainDance|[upkeep]\n|upkeep\n|turn|16\n|\n|t:|1700083881\n|detailschange|p2a: Swampert|Swampert-Mega, F\n|-mega|p2a: Swampert|Swampert|Swampertite\n|move|p2a: Swampert|Earthquake|p1a: Xurkitree\n|-supereffective|p1a: Xurkitree\n|-damage|p1a: Xurkitree|0 fnt\n|faint|p1a: Xurkitree\n|\n|-weather|RainDance|[upkeep]\n|upkeep\n|\n|t:|1700083886\n|switch|p1a: Gyarados|Gyarados, M, shiny|100\/100\n|-damage|p1a: Gyarados|76\/100|[from] Stealth Rock\n|turn|17\n|\n|t:|1700083895\n|-terastallize|p1a: Gyarados|Flying\n|move|p2a: Swampert|Stone Edge|p1a: Gyarados|[miss]\n|-miss|p2a: Swampert|p1a: Gyarados\n|move|p1a: Gyarados|Waterfall|p2a: Swampert\n|-damage|p2a: Swampert|26\/100\n|-damage|p1a: Gyarados|66\/100|[from] item: Life Orb\n|\n|-weather|RainDance|[upkeep]\n|upkeep\n|turn|18\n|c|\u2606SlowySlow|nah\n|c|\u2606VicoSenpai|eh that miss was deserved tbh\n|c|\u2606SlowySlow|i was supposed to Tera Blast\n|\n|t:|1700083913\n|move|p2a: Swampert|Stone Edge|p1a: Gyarados\n|-supereffective|p1a: Gyarados\n|-damage|p1a: Gyarados|0 fnt\n|faint|p1a: Gyarados\n|\n|-weather|RainDance|[upkeep]\n|upkeep\n|c|\u2606VicoSenpai|ah shite\n|\n|t:|1700083917\n|switch|p1a: Cinderace|Cinderace, M|63\/100\n|-damage|p1a: Cinderace|38\/100|[from] Stealth Rock\n|turn|19\n|\n|t:|1700083921\n|move|p1a: Cinderace|Sucker Punch|p2a: Swampert\n|-start|p1a: Cinderace|typechange|Dark|[from] ability: Libero\n|-damage|p2a: Swampert|0 fnt\n|faint|p2a: Swampert\n|\n|-weather|RainDance|[upkeep]\n|upkeep\n|\n|t:|1700083925\n|switch|p2a: Urshifu|Urshifu-Rapid-Strike, F|100\/100\n|turn|20\n|\n|t:|1700083930\n|move|p1a: Cinderace|Sucker Punch|p2a: Urshifu\n|-resisted|p2a: Urshifu\n|-damage|p2a: Urshifu|76\/100\n|move|p2a: Urshifu|Close Combat|p1a: Cinderace\n|-supereffective|p1a: Cinderace\n|-damage|p1a: Cinderace|0 fnt\n|-unboost|p2a: Urshifu|def|1\n|-unboost|p2a: Urshifu|spd|1\n|faint|p1a: Cinderace\n|\n|-weather|RainDance|[upkeep]\n|upkeep\n|\n|t:|1700083935\n|switch|p1a: Kartana|Kartana|100\/100\n|-damage|p1a: Kartana|94\/100|[from] Stealth Rock\n|turn|21\n|\n|t:|1700083951\n|move|p1a: Kartana|Leaf Blade|p2a: Urshifu\n|-supereffective|p2a: Urshifu\n|-damage|p2a: Urshifu|0 fnt\n|faint|p2a: Urshifu\n|-ability|p1a: Kartana|Beast Boost|boost\n|-boost|p1a: Kartana|atk|1\n|\n|-weather|RainDance|[upkeep]\n|upkeep\n|c|\u2606VicoSenpai|FUCK UR SCARFED\n|\n|t:|1700083963\n|switch|p2a: Serperior|Serperior, M|100\/100\n|turn|22\n|c|\u2606SlowySlow|ye\n|\n|t:|1700083966\n|move|p1a: Kartana|Leaf Blade|p2a: Serperior\n|-resisted|p2a: Serperior\n|-damage|p2a: Serperior|45\/100\n|move|p2a: Serperior|Leaf Storm|p1a: Kartana\n|-resisted|p1a: Kartana\n|-damage|p1a: Kartana|61\/100\n|-boost|p2a: Serperior|spa|2\n|\n|-weather|none\n|upkeep\n|turn|23\n|\n|t:|1700083971\n|move|p1a: Kartana|Leaf Blade|p2a: Serperior\n|-resisted|p2a: Serperior\n|-damage|p2a: Serperior|0 fnt\n|faint|p2a: Serperior\n|-ability|p1a: Kartana|Beast Boost|boost\n|-boost|p1a: Kartana|atk|1\n|\n|upkeep\n|\n|t:|1700083975\n|switch|p2a: Pelipper|Pelipper, F|100\/100\n|-weather|RainDance|[from] ability: Drizzle|[of] p2a: Pelipper\n|turn|24\n|c|\u2606VicoSenpai|shit i lost gg\n|\n|t:|1700083980\n|move|p1a: Kartana|Leaf Blade|p2a: Pelipper\n|-damage|p2a: Pelipper|0 fnt\n|faint|p2a: Pelipper\n|\n|win|SlowySlow\n|raw|SlowySlow's rating: 1216 &rarr; <strong>1251<\/strong><br \/>(+35 for winning)\n|raw|VicoSenpai's rating: 1359 &rarr; <strong>1331<\/strong><br \/>(-28 for losing)\n","uploadtime":1700083962,"views":4,"p1id":"slowyslow","p2id":"vicosenpai","formatid":"gen9nationaldex","rating":1251,"private":0,"password":""}