{"id":"gen9nationaldex-1998987628","p1":"mmm6","p2":"ridersoko","format":"[Gen 9] National Dex","log":"|html|<div class=\"broadcast-blue\"><strong>[Gen 9] National Dex is currently suspecting Sneasler! For information on how to participate check out the <a href=\"https:\/\/www.smogon.com\/forums\/threads\/sv-national-dex-suspect-8-just-dance.3731534\/\">suspect thread<\/a>.<\/strong><\/div>\n|j|\u2606mmm6\n|j|\u2606ridersoko\n|t:|1701021097\n|gametype|singles\n|player|p1|mmm6|ghetsis|1637\n|player|p2|ridersoko|lucas|1578\n|teamsize|p1|6\n|teamsize|p2|6\n|gen|9\n|tier|[Gen 9] National Dex\n|rated|\n|rule|HP Percentage Mod: HP is shown in percentages\n|rule|Endless Battle Clause: Forcing endless battles is banned\n|rule|OHKO Clause: OHKO moves are banned\n|rule|Evasion Clause: Evasion abilities, items, and moves are banned\n|rule|Evasion Abilities Clause: Evasion abilities are banned\n|rule|Evasion Items Clause: Evasion items are banned\n|rule|Evasion Moves Clause: Evasion moves are banned\n|rule|Species Clause: Limit one of each Pok\u00e9mon\n|rule|Sleep Clause Mod: Limit one foe put to sleep\n|clearpoke\n|poke|p1|Hawlucha, F|\n|poke|p1|Mimikyu, F|\n|poke|p1|Skarmory, F|\n|poke|p1|Greninja-*, M|\n|poke|p1|Shaymin|\n|poke|p1|Rillaboom, F|\n|poke|p2|Banette, F|\n|poke|p2|Alomomola, M|\n|poke|p2|Landorus-Therian, M|\n|poke|p2|Heatran, M|\n|poke|p2|Tapu Lele|\n|poke|p2|Urshifu-*, M|\n|teampreview\n|inactive|Battle timer is ON: inactive players will automatically lose when time's up. (requested by ridersoko)\n|\n|t:|1701021104\n|start\n|switch|p1a: Greninja|Greninja, M|100\/100\n|switch|p2a: Landorus|Landorus-Therian, M|100\/100\n|-ability|p2a: Landorus|Intimidate|boost\n|-unboost|p1a: Greninja|atk|1\n|turn|1\n|\n|t:|1701021129\n|switch|p2a: Urshifu|Urshifu-Rapid-Strike, M|100\/100\n|move|p1a: Greninja|Toxic Spikes|p2a: Urshifu\n|-start|p1a: Greninja|typechange|Poison|[from] ability: Protean\n|-sidestart|p2: ridersoko|move: Toxic Spikes\n|\n|upkeep\n|turn|2\n|\n|t:|1701021145\n|move|p1a: Greninja|Spikes|p2a: Urshifu\n|-sidestart|p2: ridersoko|Spikes\n|move|p2a: Urshifu|Surging Strikes|p1a: Greninja\n|-crit|p1a: Greninja\n|-damage|p1a: Greninja|66\/100\n|-crit|p1a: Greninja\n|-damage|p1a: Greninja|28\/100\n|-crit|p1a: Greninja\n|-damage|p1a: Greninja|0 fnt\n|faint|p1a: Greninja\n|-hitcount|p1: Greninja|3\n|\n|upkeep\n|\n|t:|1701021150\n|switch|p1a: Skarmory|Skarmory, F|100\/100\n|turn|3\n|\n|t:|1701021160\n|move|p2a: Urshifu|Surging Strikes|p1a: Skarmory\n|-crit|p1a: Skarmory\n|-damage|p1a: Skarmory|81\/100\n|-crit|p1a: Skarmory\n|-damage|p1a: Skarmory|60\/100\n|-crit|p1a: Skarmory\n|-damage|p1a: Skarmory|40\/100\n|-hitcount|p1a: Skarmory|3\n|-enditem|p1a: Skarmory|Red Card|[of] p2a: Urshifu\n|drag|p2a: Banette|Banette, F|100\/100\n|-status|p2a: Banette|psn\n|-damage|p2a: Banette|88\/100 psn|[from] Spikes\n|move|p1a: Skarmory|Stealth Rock|p2a: Banette\n|-sidestart|p2: ridersoko|move: Stealth Rock\n|\n|-damage|p2a: Banette|76\/100 psn|[from] psn\n|upkeep\n|turn|4\n|\n|t:|1701021180\n|detailschange|p2a: Banette|Banette-Mega, F\n|-mega|p2a: Banette|Banette|Banettite\n|move|p1a: Skarmory|Spikes|p2a: Banette\n|-sidestart|p2: ridersoko|Spikes\n|move|p2a: Banette|Poltergeist||[still]\n|-fail|p2a: Banette\n|\n|-damage|p2a: Banette|63\/100 psn|[from] psn\n|upkeep\n|turn|5\n|j| NicksRokaya\n|inactive|mmm6 has 120 seconds left.\n|\n|t:|1701021221\n|move|p1a: Skarmory|Taunt|p2a: Banette\n|-start|p2a: Banette|move: Taunt\n|move|p2a: Banette|Infestation|p1a: Skarmory\n|-resisted|p1a: Skarmory\n|-damage|p1a: Skarmory|39\/100\n|-activate|p1a: Skarmory|move: Infestation|[of] p2a: Banette\n|\n|-damage|p2a: Banette|51\/100 psn|[from] psn\n|-damage|p1a: Skarmory|27\/100|[from] move: Infestation|[partiallytrapped]\n|upkeep\n|turn|6\n|\n|t:|1701021234\n|switch|p2a: Landorus|Landorus-Therian, M|100\/100\n|-damage|p2a: Landorus|88\/100|[from] Stealth Rock\n|-ability|p2a: Landorus|Intimidate|boost\n|-unboost|p1a: Skarmory|atk|1\n|move|p1a: Skarmory|Spikes|p2a: Landorus\n|-sidestart|p2: ridersoko|Spikes\n|\n|-end|p1a: Skarmory|Infestation|[partiallytrapped]|[silent]\n|upkeep\n|turn|7\n|\n|t:|1701021256\n|move|p2a: Landorus|Defog|p1a: Skarmory\n|-unboost|p1a: Skarmory|evasion|1\n|-sideend|p2: ridersoko|Spikes|[from] move: Defog|[of] p2a: Landorus\n|-sideend|p2: ridersoko|Toxic Spikes|[from] move: Defog|[of] p2a: Landorus\n|-sideend|p2: ridersoko|Stealth Rock|[from] move: Defog|[of] p2a: Landorus\n|move|p1a: Skarmory|Taunt|p2a: Landorus\n|-start|p2a: Landorus|move: Taunt\n|\n|upkeep\n|turn|8\n|\n|t:|1701021264\n|switch|p2a: Urshifu|Urshifu-Rapid-Strike, M|100\/100\n|move|p1a: Skarmory|Stealth Rock|p2a: Urshifu\n|-sidestart|p2: ridersoko|move: Stealth Rock\n|\n|upkeep\n|turn|9\n|\n|t:|1701021273\n|move|p2a: Urshifu|Surging Strikes|p1a: Skarmory\n|-crit|p1a: Skarmory\n|-damage|p1a: Skarmory|6\/100\n|-crit|p1a: Skarmory\n|-damage|p1a: Skarmory|0 fnt\n|faint|p1a: Skarmory\n|-hitcount|p1: Skarmory|2\n|\n|upkeep\n|\n|t:|1701021282\n|switch|p1a: Rillaboom|Rillaboom, F|100\/100\n|-fieldstart|move: Grassy Terrain|[from] ability: Grassy Surge|[of] p1a: Rillaboom\n|turn|10\n|\n|t:|1701021290\n|switch|p2a: Landorus|Landorus-Therian, M|88\/100\n|-damage|p2a: Landorus|76\/100|[from] Stealth Rock\n|-ability|p2a: Landorus|Intimidate|boost\n|-unboost|p1a: Rillaboom|atk|1\n|move|p1a: Rillaboom|Knock Off|p2a: Landorus\n|-damage|p2a: Landorus|59\/100\n|\n|upkeep\n|turn|11\n|inactive|mmm6 has 120 seconds left.\n|\n|t:|1701021302\n|move|p1a: Rillaboom|Grassy Glide|p2a: Landorus\n|-damage|p2a: Landorus|33\/100\n|move|p2a: Landorus|Defog|p1a: Rillaboom\n|-unboost|p1a: Rillaboom|evasion|1\n|-sideend|p2: ridersoko|Stealth Rock|[from] move: Defog|[of] p2a: Landorus\n|-fieldend|move: Grassy Terrain\n|\n|upkeep\n|turn|12\n|inactive|mmm6 has 120 seconds left.\n|\n|t:|1701021318\n|-zpower|p2a: Landorus\n|move|p2a: Landorus|Supersonic Skystrike|p1a: Rillaboom|[zeffect]\n|-supereffective|p1a: Rillaboom\n|-damage|p1a: Rillaboom|0 fnt\n|faint|p1a: Rillaboom\n|\n|upkeep\n|\n|t:|1701021327\n|switch|p1a: Shaymin|Shaymin|100\/100\n|turn|13\n|inactive|mmm6 has 120 seconds left.\n|\n|t:|1701021338\n|switch|p2a: Heatran|Heatran, M|100\/100\n|move|p1a: Shaymin|Bullet Seed|p2a: Heatran\n|-resisted|p2a: Heatran\n|-damage|p2a: Heatran|98\/100\n|-resisted|p2a: Heatran\n|-damage|p2a: Heatran|96\/100\n|-resisted|p2a: Heatran\n|-damage|p2a: Heatran|93\/100\n|-resisted|p2a: Heatran\n|-damage|p2a: Heatran|91\/100\n|-hitcount|p2a: Heatran|4\n|\n|-heal|p2a: Heatran|97\/100|[from] item: Leftovers\n|upkeep\n|turn|14\n|-message|mmm6 forfeited.\n|\n|win|ridersoko\n|raw|mmm6's rating: 1637 &rarr; <strong>1614<\/strong><br \/>(-23 for losing)\n|raw|ridersoko's rating: 1578 &rarr; <strong>1601<\/strong><br \/>(+23 for winning)\n|l|\u2606mmm6\n","uploadtime":1701021351,"views":1,"p1id":"mmm6","p2id":"ridersoko","formatid":"gen9nationaldex","rating":1601,"private":0,"password":""}