{"id":"gen9nationaldex-1987638741","p1":"Archetype Fan","p2":"RandoTestAccount","format":"[Gen 9] National Dex","log":"|j|\u2606Archetype Fan\n|j|\u2606RandoTestAccount\n|t:|1699622709\n|gametype|singles\n|player|p1|Archetype Fan|roark|1341\n|player|p2|RandoTestAccount|pokemonrangerf|1437\n|teamsize|p1|6\n|teamsize|p2|6\n|gen|9\n|tier|[Gen 9] National Dex\n|rated|\n|rule|HP Percentage Mod: HP is shown in percentages\n|rule|Endless Battle Clause: Forcing endless battles is banned\n|rule|OHKO Clause: OHKO moves are banned\n|rule|Evasion Clause: Evasion abilities, items, and moves are banned\n|rule|Evasion Abilities Clause: Evasion abilities are banned\n|rule|Evasion Items Clause: Evasion items are banned\n|rule|Evasion Moves Clause: Evasion moves are banned\n|rule|Species Clause: Limit one of each Pok\u00e9mon\n|rule|Sleep Clause Mod: Limit one foe put to sleep\n|clearpoke\n|poke|p1|Hatterene, F|\n|poke|p1|Porygon2|\n|poke|p1|Cresselia, F|\n|poke|p1|Marowak-Alola, M|\n|poke|p1|Conkeldurr, F|\n|poke|p1|Enamorus-Therian, F|\n|poke|p2|Umbreon, F|\n|poke|p2|Excadrill, F|\n|poke|p2|Corviknight, F|\n|poke|p2|Tapu Fini|\n|poke|p2|Sableye, F|\n|poke|p2|Dragalge, F|\n|teampreview\n|inactive|Battle timer is ON: inactive players will automatically lose when time's up. (requested by RandoTestAccount)\n|\n|t:|1699622718\n|start\n|switch|p1a: Porygon2|Porygon2|100\/100\n|switch|p2a: Spectre of Emerald|Sableye, F, shiny|100\/100\n|-ability|p1a: Porygon2|Prankster|[from] ability: Trace|[of] p2a: Spectre of Emerald\n|turn|1\n|\n|t:|1699622725\n|switch|p1a: Hatterene|Hatterene, F|100\/100\n|detailschange|p2a: Spectre of Emerald|Sableye-Mega, F, shiny\n|-mega|p2a: Spectre of Emerald|Sableye|Sablenite\n|move|p2a: Spectre of Emerald|Calm Mind|p2a: Spectre of Emerald\n|-boost|p2a: Spectre of Emerald|spa|1\n|-boost|p2a: Spectre of Emerald|spd|1\n|\n|upkeep\n|turn|2\n|\n|t:|1699622732\n|switch|p2a: Ephialtes Keeper|Corviknight, F, shiny|100\/100\n|-ability|p2a: Ephialtes Keeper|Pressure\n|move|p1a: Hatterene|Trick Room|p1a: Hatterene\n|-fieldstart|move: Trick Room|[of] p1a: Hatterene\n|\n|upkeep\n|turn|3\n|\n|t:|1699622735\n|move|p1a: Hatterene|Mystical Fire|p2a: Ephialtes Keeper\n|-supereffective|p2a: Ephialtes Keeper\n|-damage|p2a: Ephialtes Keeper|64\/100\n|-unboost|p2a: Ephialtes Keeper|spa|1\n|move|p2a: Ephialtes Keeper|U-turn|p1a: Hatterene\n|-crit|p1a: Hatterene\n|-damage|p1a: Hatterene|84\/100\n|\n|t:|1699622740\n|switch|p2a: The Lonesome One|Excadrill, F, shiny|100\/100|[from] U-turn\n|-ability|p2a: The Lonesome One|Mold Breaker\n|\n|upkeep\n|turn|4\n|\n|t:|1699622747\n|switch|p1a: Enamorus|Enamorus-Therian, F|100\/100\n|move|p2a: The Lonesome One|Iron Head|p1a: Enamorus\n|-supereffective|p1a: Enamorus\n|-damage|p1a: Enamorus|13\/100\n|\n|upkeep\n|turn|5\n|\n|t:|1699622753\n|switch|p2a: Ephialtes Keeper|Corviknight, F, shiny|64\/100\n|-ability|p2a: Ephialtes Keeper|Pressure\n|move|p1a: Enamorus|Mystical Fire|p2a: Ephialtes Keeper\n|-supereffective|p2a: Ephialtes Keeper\n|-damage|p2a: Ephialtes Keeper|0 fnt\n|faint|p2a: Ephialtes Keeper\n|\n|upkeep\n|\n|t:|1699622765\n|switch|p2a: Agony Steelheart|Dragalge, F, shiny|100\/100\n|turn|6\n|\n|t:|1699622769\n|switch|p1a: Porygon2|Porygon2|100\/100\n|-ability|p1a: Porygon2|Adaptability|[from] ability: Trace|[of] p2a: Agony Steelheart\n|move|p2a: Agony Steelheart|Acid Spray|p1a: Porygon2\n|-damage|p1a: Porygon2|90\/100\n|-unboost|p1a: Porygon2|spd|2\n|\n|-fieldend|move: Trick Room\n|upkeep\n|turn|7\n|\n|t:|1699622771\n|move|p2a: Agony Steelheart|Toxic|p1a: Porygon2\n|-status|p1a: Porygon2|tox\n|move|p1a: Porygon2|Trick Room|p1a: Porygon2\n|-fieldstart|move: Trick Room|[of] p1a: Porygon2\n|\n|-damage|p1a: Porygon2|84\/100 tox|[from] psn\n|upkeep\n|turn|8\n|\n|t:|1699622774\n|move|p2a: Agony Steelheart|Dragon Pulse|p1a: Porygon2\n|-crit|p1a: Porygon2\n|-damage|p1a: Porygon2|11\/100 tox\n|move|p1a: Porygon2|Teleport|p1a: Porygon2\n|\n|t:|1699622776\n|switch|p1a: Conkeldurr|Conkeldurr, F|100\/100|[from] Teleport\n|\n|-status|p1a: Conkeldurr|brn|[from] item: Flame Orb\n|upkeep\n|turn|9\n|\n|t:|1699622787\n|move|p1a: Conkeldurr|Facade|p2a: Agony Steelheart\n|-damage|p2a: Agony Steelheart|7\/100\n|move|p2a: Agony Steelheart|Acid Spray|p1a: Conkeldurr\n|-damage|p1a: Conkeldurr|78\/100 brn\n|-unboost|p1a: Conkeldurr|spd|2\n|\n|-heal|p2a: Agony Steelheart|13\/100|[from] item: Black Sludge\n|-damage|p1a: Conkeldurr|72\/100 brn|[from] brn\n|upkeep\n|turn|10\n|\n|t:|1699622792\n|switch|p2a: Spectre of Emerald|Sableye-Mega, F, shiny|100\/100\n|move|p1a: Conkeldurr|Knock Off|p2a: Spectre of Emerald\n|-damage|p2a: Spectre of Emerald|73\/100\n|\n|-damage|p1a: Conkeldurr|66\/100 brn|[from] brn\n|upkeep\n|turn|11\n|\n|t:|1699622806\n|switch|p1a: Cresselia|Cresselia, F|100\/100\n|move|p2a: Spectre of Emerald|Recover|p2a: Spectre of Emerald\n|-heal|p2a: Spectre of Emerald|100\/100\n|\n|-fieldend|move: Trick Room\n|upkeep\n|turn|12\n|\n|t:|1699622812\n|switch|p2a: Agony Steelheart|Dragalge, F, shiny|13\/100\n|move|p1a: Cresselia|Lunar Dance|p1a: Cresselia\n|faint|p1a: Cresselia\n|\n|-heal|p2a: Agony Steelheart|19\/100|[from] item: Black Sludge\n|upkeep\n|\n|t:|1699622815\n|switch|p1a: Enamorus|Enamorus-Therian, F|13\/100\n|-heal|p1a: Enamorus|100\/100|[from] move: Lunar Dance\n|turn|13\n|\n|t:|1699622828\n|switch|p1a: Porygon2|Porygon2|11\/100 tox\n|-ability|p1a: Porygon2|Adaptability|[from] ability: Trace|[of] p2a: Agony Steelheart\n|move|p2a: Agony Steelheart|Toxic|p1a: Porygon2\n|-fail|p1a: Porygon2|tox\n|\n|-heal|p2a: Agony Steelheart|25\/100|[from] item: Black Sludge\n|-damage|p1a: Porygon2|5\/100 tox|[from] psn\n|upkeep\n|turn|14\n|\n|t:|1699622832\n|move|p2a: Agony Steelheart|Dragon Pulse|p1a: Porygon2\n|-damage|p1a: Porygon2|0 fnt\n|faint|p1a: Porygon2\n|\n|-heal|p2a: Agony Steelheart|31\/100|[from] item: Black Sludge\n|upkeep\n|\n|t:|1699622834\n|switch|p1a: Conkeldurr|Conkeldurr, F|66\/100 brn\n|turn|15\n|-message|Archetype Fan forfeited.\n|\n|win|RandoTestAccount\n|raw|Archetype Fan's rating: 1341 &rarr; <strong>1326<\/strong><br \/>(-15 for losing)\n|raw|RandoTestAccount's rating: 1437 &rarr; <strong>1452<\/strong><br \/>(+15 for winning)\n|l|\u2606Archetype Fan\n","uploadtime":1699622864,"views":4,"p1id":"archetypefan","p2id":"randotestaccount","formatid":"gen9nationaldex","rating":1326,"private":0,"password":""}