{"id":"gen9nationaldex-1991769211","p1":"Harva","p2":"Poke InkyLotus","format":"[Gen 9] National Dex","log":"|j|\u2606Harva\n|j|\u2606Poke InkyLotus\n|t:|1700113988\n|gametype|singles\n|player|p1|Harva|silver|1045\n|player|p2|Poke InkyLotus|lillie|1026\n|teamsize|p1|6\n|teamsize|p2|6\n|gen|9\n|tier|[Gen 9] National Dex\n|rated|\n|rule|HP Percentage Mod: HP is shown in percentages\n|rule|Endless Battle Clause: Forcing endless battles is banned\n|rule|OHKO Clause: OHKO moves are banned\n|rule|Evasion Clause: Evasion abilities, items, and moves are banned\n|rule|Evasion Abilities Clause: Evasion abilities are banned\n|rule|Evasion Items Clause: Evasion items are banned\n|rule|Evasion Moves Clause: Evasion moves are banned\n|rule|Species Clause: Limit one of each Pok\u00e9mon\n|rule|Sleep Clause Mod: Limit one foe put to sleep\n|clearpoke\n|poke|p1|Thundurus-Therian, M|\n|poke|p1|Pelipper, M|\n|poke|p1|Sirfetch\u2019d, M|\n|poke|p1|Butterfree, M|\n|poke|p1|Gliscor, F|\n|poke|p1|Pinsir, M|\n|poke|p2|Arboliva, F|\n|poke|p2|Tsareena, F|\n|poke|p2|Sawsbuck, M|\n|poke|p2|Lilligant, F|\n|poke|p2|Roserade, F|\n|poke|p2|Meganium, F|\n|teampreview\n|\n|t:|1700113991\n|start\n|switch|p1a: Pelipper|Pelipper, M|100\/100\n|switch|p2a: Arboliva|Arboliva, F|100\/100\n|-weather|RainDance|[from] ability: Drizzle|[of] p1a: Pelipper\n|turn|1\n|\n|t:|1700113999\n|move|p1a: Pelipper|Hurricane|p2a: Arboliva\n|-supereffective|p2a: Arboliva\n|-damage|p2a: Arboliva|12\/100\n|-start|p2a: Arboliva|confusion\n|-fieldstart|move: Grassy Terrain|[from] ability: Seed Sower|[of] p2a: Arboliva\n|-activate|p2a: Arboliva|confusion\n|move|p2a: Arboliva|Giga Drain|p1a: Pelipper\n|-damage|p1a: Pelipper|27\/100\n|-heal|p2a: Arboliva|45\/100|[from] drain|[of] p1a: Pelipper\n|\n|-weather|RainDance|[upkeep]\n|-heal|p2a: Arboliva|51\/100|[from] Grassy Terrain\n|upkeep\n|turn|2\n|\n|t:|1700114014\n|move|p1a: Pelipper|Hurricane|p2a: Arboliva\n|-supereffective|p2a: Arboliva\n|-damage|p2a: Arboliva|0 fnt\n|faint|p2a: Arboliva\n|\n|-weather|RainDance|[upkeep]\n|upkeep\n|\n|t:|1700114020\n|switch|p2a: Tsareena|Tsareena, F|100\/100\n|turn|3\n|\n|t:|1700114023\n|move|p2a: Tsareena|Trop Kick|p1a: Pelipper\n|-damage|p1a: Pelipper|0 fnt\n|faint|p1a: Pelipper\n|\n|-weather|RainDance|[upkeep]\n|upkeep\n|\n|t:|1700114029\n|switch|p1a: Thundurus|Thundurus-Therian, M|100\/100\n|turn|4\n|\n|t:|1700114036\n|move|p1a: Thundurus|Wildbolt Storm|p2a: Tsareena\n|-resisted|p2a: Tsareena\n|-damage|p2a: Tsareena|75\/100\n|-damage|p1a: Thundurus|91\/100|[from] item: Life Orb\n|move|p2a: Tsareena|Knock Off|p1a: Thundurus\n|-damage|p1a: Thundurus|35\/100\n|-enditem|p1a: Thundurus|Life Orb|[from] move: Knock Off|[of] p2a: Tsareena\n|\n|-weather|RainDance|[upkeep]\n|-heal|p2a: Tsareena|81\/100|[from] Grassy Terrain\n|upkeep\n|turn|5\n|\n|t:|1700114046\n|move|p1a: Thundurus|Wildbolt Storm|p2a: Tsareena\n|-resisted|p2a: Tsareena\n|-damage|p2a: Tsareena|61\/100\n|move|p2a: Tsareena|Stomp|p1a: Thundurus\n|-damage|p1a: Thundurus|0 fnt\n|faint|p1a: Thundurus\n|\n|-weather|none\n|-heal|p2a: Tsareena|67\/100|[from] Grassy Terrain\n|-fieldend|move: Grassy Terrain\n|upkeep\n|\n|t:|1700114050\n|switch|p1a: Butterfree|Butterfree, M|100\/100\n|turn|6\n|\n|t:|1700114058\n|move|p1a: Butterfree|Sleep Powder|p2a: Tsareena\n|-immune|p2a: Tsareena\n|move|p2a: Tsareena|Knock Off|p1a: Butterfree\n|-damage|p1a: Butterfree|23\/100\n|-enditem|p1a: Butterfree|Focus Sash|[from] move: Knock Off|[of] p2a: Tsareena\n|\n|upkeep\n|turn|7\n|\n|t:|1700114077\n|move|p1a: Butterfree|Shadow Ball|p2a: Tsareena\n|-damage|p2a: Tsareena|50\/100\n|-unboost|p2a: Tsareena|spd|1\n|move|p2a: Tsareena|Knock Off|p1a: Butterfree\n|-damage|p1a: Butterfree|0 fnt\n|faint|p1a: Butterfree\n|\n|upkeep\n|\n|t:|1700114080\n|switch|p1a: Gliscor|Gliscor, F|100\/100\n|turn|8\n|\n|t:|1700114086\n|move|p1a: Gliscor|Acrobatics|p2a: Tsareena\n|-supereffective|p2a: Tsareena\n|-damage|p2a: Tsareena|5\/100\n|move|p2a: Tsareena|Knock Off|p1a: Gliscor\n|-damage|p1a: Gliscor|70\/100\n|-enditem|p1a: Gliscor|Toxic Orb|[from] move: Knock Off|[of] p2a: Tsareena\n|\n|upkeep\n|turn|9\n|\n|t:|1700114093\n|move|p1a: Gliscor|Earthquake|p2a: Tsareena\n|-resisted|p2a: Tsareena\n|-damage|p2a: Tsareena|0 fnt\n|faint|p2a: Tsareena\n|\n|upkeep\n|\n|t:|1700114098\n|switch|p2a: Sawsbuck|Sawsbuck, M|100\/100\n|turn|10\n|\n|t:|1700114104\n|move|p1a: Gliscor|Acrobatics|p2a: Sawsbuck\n|-supereffective|p2a: Sawsbuck\n|-damage|p2a: Sawsbuck|0 fnt\n|faint|p2a: Sawsbuck\n|\n|upkeep\n|\n|t:|1700114109\n|switch|p2a: Lilligant|Lilligant, F|100\/100\n|turn|11\n|\n|t:|1700114113\n|move|p1a: Gliscor|Acrobatics|p2a: Lilligant\n|-supereffective|p2a: Lilligant\n|-crit|p2a: Lilligant\n|-damage|p2a: Lilligant|0 fnt\n|-damage|p1a: Gliscor|53\/100|[from] item: Rocky Helmet|[of] p2a: Lilligant\n|faint|p2a: Lilligant\n|\n|upkeep\n|\n|t:|1700114119\n|switch|p2a: Roserade|Roserade, F|100\/100\n|turn|12\n|\n|t:|1700114123\n|move|p1a: Gliscor|Acrobatics|p2a: Roserade\n|-supereffective|p2a: Roserade\n|-damage|p2a: Roserade|0 fnt\n|faint|p2a: Roserade\n|\n|upkeep\n|\n|t:|1700114129\n|switch|p2a: Meganium|Meganium, F|100\/100\n|turn|13\n|\n|t:|1700114132\n|move|p1a: Gliscor|Acrobatics|p2a: Meganium\n|-supereffective|p2a: Meganium\n|-enditem|p2a: Meganium|Coba Berry|[eat]\n|-enditem|p2a: Meganium|Coba Berry|[weaken]\n|-damage|p2a: Meganium|58\/100\n|move|p2a: Meganium|Counter|p1a: Gliscor\n|-damage|p1a: Gliscor|0 fnt\n|faint|p1a: Gliscor\n|\n|upkeep\n|\n|t:|1700114140\n|switch|p1a: Sirfetch\u2019d|Sirfetch\u2019d, M|100\/100\n|turn|14\n|\n|t:|1700114145\n|-terastallize|p2a: Meganium|Grass\n|move|p1a: Sirfetch\u2019d|Poison Jab|p2a: Meganium\n|-supereffective|p2a: Meganium\n|-damage|p2a: Meganium|6\/100\n|move|p2a: Meganium|Petal Blizzard|p1a: Sirfetch\u2019d\n|-damage|p1a: Sirfetch\u2019d|16\/100\n|\n|upkeep\n|turn|15\n|\n|t:|1700114154\n|move|p1a: Sirfetch\u2019d|Poison Jab|p2a: Meganium\n|-supereffective|p2a: Meganium\n|-crit|p2a: Meganium\n|-damage|p2a: Meganium|0 fnt\n|faint|p2a: Meganium\n|\n|win|Harva\n|raw|Harva's rating: 1045 &rarr; <strong>1076<\/strong><br \/>(+31 for winning)\n|raw|Poke InkyLotus's rating: 1026 &rarr; <strong>1013<\/strong><br \/>(-13 for losing)\n","uploadtime":1700114157,"views":4,"p1id":"harva","p2id":"pokeinkylotus","formatid":"gen9nationaldex","rating":1013,"private":0,"password":""}