{"id":"gen9nationaldex-1989320881","p1":"seraphz","p2":"ND9T2 tutiop","format":"[Gen 9] National Dex","log":"|j|\u2606seraphz\n|j|\u2606ND9T2 tutiop\n|inactive|Battle timer is ON: inactive players will automatically lose when time's up.\n|t:|1699836058\n|gametype|singles\n|player|p1|seraphz|#ptplivdazzlingdiancies|\n|player|p2|ND9T2 tutiop|ingo|\n|teamsize|p1|6\n|teamsize|p2|6\n|gen|9\n|tier|[Gen 9] National Dex\n|rated|Tournament battle\n|rule|HP Percentage Mod: HP is shown in percentages\n|rule|Endless Battle Clause: Forcing endless battles is banned\n|rule|OHKO Clause: OHKO moves are banned\n|rule|Evasion Clause: Evasion abilities, items, and moves are banned\n|rule|Evasion Abilities Clause: Evasion abilities are banned\n|rule|Evasion Items Clause: Evasion items are banned\n|rule|Evasion Moves Clause: Evasion moves are banned\n|rule|Species Clause: Limit one of each Pok\u00e9mon\n|rule|Sleep Clause Mod: Limit one foe put to sleep\n|clearpoke\n|poke|p1|Iron Jugulis|\n|poke|p1|Maushold-Four|\n|poke|p1|Mimikyu, F|\n|poke|p1|Krookodile, F|\n|poke|p1|Lucario, F|\n|poke|p1|Yanmega, M|\n|poke|p2|Pelipper, F|\n|poke|p2|Tornadus-Therian, M|\n|poke|p2|Ferrothorn, F|\n|poke|p2|Swampert, F|\n|poke|p2|Manaphy|\n|poke|p2|Omastar, M|\n|teampreview\n|j| Toxic Ariados\n|inactive|seraphz has 120 seconds left.\n|c|\u2606seraphz|hf\n|\n|t:|1699836100\n|start\n|switch|p1a: Krookodile|Krookodile, F|100\/100\n|switch|p2a: TlalocK\u00e1n|Pelipper, F|100\/100\n|-ability|p1a: Krookodile|Intimidate|boost\n|-unboost|p2a: TlalocK\u00e1n|atk|1\n|-weather|RainDance|[from] ability: Drizzle|[of] p2a: TlalocK\u00e1n\n|turn|1\n|\n|t:|1699836114\n|move|p1a: Krookodile|Stealth Rock|p2a: TlalocK\u00e1n\n|-sidestart|p2: ND9T2 tutiop|move: Stealth Rock\n|move|p2a: TlalocK\u00e1n|U-turn|p1a: Krookodile\n|-supereffective|p1a: Krookodile\n|-damage|p1a: Krookodile|87\/100\n|\n|t:|1699836117\n|switch|p2a: 8rtos|Omastar, M|100\/100|[from] U-turn\n|-damage|p2a: 8rtos|88\/100|[from] Stealth Rock\n|\n|-weather|RainDance|[upkeep]\n|upkeep\n|turn|2\n|\n|t:|1699836131\n|move|p2a: 8rtos|Surf|p1a: Krookodile\n|-supereffective|p1a: Krookodile\n|-damage|p1a: Krookodile|0 fnt\n|faint|p1a: Krookodile\n|\n|-weather|RainDance|[upkeep]\n|upkeep\n|\n|t:|1699836135\n|switch|p1a: Iron Jugulis|Iron Jugulis|100\/100\n|-enditem|p1a: Iron Jugulis|Booster Energy\n|-activate|p1a: Iron Jugulis|ability: Quark Drive|[fromitem]\n|-start|p1a: Iron Jugulis|quarkdrivespe\n|turn|3\n|inactive|ND9T2 tutiop has 120 seconds left.\n|\n|t:|1699836174\n|move|p1a: Iron Jugulis|Earth Power|p2a: 8rtos\n|-supereffective|p2a: 8rtos\n|-damage|p2a: 8rtos|0 fnt\n|faint|p2a: 8rtos\n|\n|-weather|RainDance|[upkeep]\n|upkeep\n|\n|t:|1699836177\n|switch|p2a: Elrompe|Manaphy|100\/100\n|-damage|p2a: Elrompe|88\/100|[from] Stealth Rock\n|turn|4\n|\n|t:|1699836204\n|move|p1a: Iron Jugulis|Hurricane|p2a: Elrompe\n|-damage|p2a: Elrompe|33\/100\n|-zpower|p2a: Elrompe\n|move|p2a: Elrompe|Hydro Vortex|p1a: Iron Jugulis|[zeffect]\n|-damage|p1a: Iron Jugulis|0 fnt\n|faint|p1a: Iron Jugulis\n|-end|p1a: Iron Jugulis|Quark Drive|[silent]\n|\n|-weather|RainDance|[upkeep]\n|upkeep\n|\n|t:|1699836210\n|switch|p1a: Yanmega|Yanmega, M, shiny|100\/100\n|turn|5\n|\n|t:|1699836213\n|move|p2a: Elrompe|Surf|p1a: Yanmega\n|-damage|p1a: Yanmega|0 fnt\n|faint|p1a: Yanmega\n|\n|-weather|RainDance|[upkeep]\n|upkeep\n|\n|t:|1699836220\n|switch|p1a: Maushold|Maushold-Four|100\/100\n|turn|6\n|\n|t:|1699836224\n|move|p1a: Maushold|Population Bomb|p2a: Elrompe\n|-damage|p2a: Elrompe|22\/100\n|-damage|p2a: Elrompe|11\/100\n|-damage|p2a: Elrompe|2\/100\n|-damage|p2a: Elrompe|0 fnt\n|faint|p2a: Elrompe\n|-hitcount|p2: Elrompe|4\n|\n|-weather|RainDance|[upkeep]\n|upkeep\n|\n|t:|1699836227\n|switch|p2a: Ferrothorn|Ferrothorn, F, shiny|100\/100\n|-damage|p2a: Ferrothorn|94\/100|[from] Stealth Rock\n|turn|7\n|\n|t:|1699836232\n|move|p1a: Maushold|Low Kick|p2a: Ferrothorn\n|-supereffective|p2a: Ferrothorn\n|-damage|p2a: Ferrothorn|59\/100\n|-damage|p1a: Maushold|88\/100|[from] ability: Iron Barbs|[of] p2a: Ferrothorn\n|move|p2a: Ferrothorn|Thunder Wave|p1a: Maushold\n|-status|p1a: Maushold|par\n|\n|-weather|RainDance|[upkeep]\n|-heal|p2a: Ferrothorn|65\/100|[from] item: Leftovers\n|upkeep\n|turn|8\n|\n|t:|1699836239\n|cant|p1a: Maushold|par\n|move|p2a: Ferrothorn|Stealth Rock|p1a: Maushold\n|-sidestart|p1: seraphz|move: Stealth Rock\n|\n|-weather|none\n|-heal|p2a: Ferrothorn|72\/100|[from] item: Leftovers\n|upkeep\n|turn|9\n|\n|t:|1699836241\n|cant|p1a: Maushold|par\n|move|p2a: Ferrothorn|Leech Seed|p1a: Maushold\n|-start|p1a: Maushold|move: Leech Seed\n|\n|-heal|p2a: Ferrothorn|78\/100|[from] item: Leftovers\n|-damage|p1a: Maushold|76\/100 par|[from] Leech Seed|[of] p2a: Ferrothorn\n|-heal|p2a: Ferrothorn|88\/100|[silent]\n|upkeep\n|turn|10\n|\n|t:|1699836244\n|move|p1a: Maushold|Low Kick|p2a: Ferrothorn\n|-supereffective|p2a: Ferrothorn\n|-damage|p2a: Ferrothorn|54\/100\n|-damage|p1a: Maushold|63\/100 par|[from] ability: Iron Barbs|[of] p2a: Ferrothorn\n|move|p2a: Ferrothorn|Iron Head|p1a: Maushold\n|-damage|p1a: Maushold|20\/100 par\n|\n|-heal|p2a: Ferrothorn|61\/100|[from] item: Leftovers\n|-damage|p1a: Maushold|7\/100 par|[from] Leech Seed|[of] p2a: Ferrothorn\n|-heal|p2a: Ferrothorn|71\/100|[silent]\n|upkeep\n|turn|11\n|\n|t:|1699836249\n|move|p1a: Maushold|Tidy Up|p1a: Maushold\n|-sideend|p1: seraphz|Stealth Rock\n|-sideend|p2: ND9T2 tutiop|Stealth Rock\n|-activate|p1a: Maushold|move: Tidy Up\n|-boost|p1a: Maushold|atk|1\n|-boost|p1a: Maushold|spe|1\n|move|p2a: Ferrothorn|Thunder Wave|p1a: Maushold\n|-fail|p1a: Maushold|par\n|\n|-heal|p2a: Ferrothorn|77\/100|[from] item: Leftovers\n|-damage|p1a: Maushold|0 fnt|[from] Leech Seed|[of] p2a: Ferrothorn\n|-heal|p2a: Ferrothorn|83\/100|[silent]\n|faint|p1a: Maushold\n|upkeep\n|\n|t:|1699836251\n|switch|p1a: Lucario|Lucario, F|100\/100\n|-item|p1a: Lucario|Air Balloon\n|turn|12\n|\n|t:|1699836256\n|-terastallize|p2a: Ferrothorn|Ghost\n|move|p1a: Lucario|Swords Dance|p1a: Lucario\n|-boost|p1a: Lucario|atk|2\n|move|p2a: Ferrothorn|Thunder Wave|p1a: Lucario|[miss]\n|-miss|p2a: Ferrothorn|p1a: Lucario\n|\n|-heal|p2a: Ferrothorn|89\/100|[from] item: Leftovers\n|upkeep\n|turn|13\n|\n|t:|1699836260\n|move|p1a: Lucario|Meteor Mash|p2a: Ferrothorn\n|-damage|p2a: Ferrothorn|26\/100\n|-damage|p1a: Lucario|88\/100|[from] ability: Iron Barbs|[of] p2a: Ferrothorn\n|move|p2a: Ferrothorn|Thunder Wave|p1a: Lucario\n|-status|p1a: Lucario|par\n|\n|-heal|p2a: Ferrothorn|33\/100|[from] item: Leftovers\n|upkeep\n|turn|14\n|\n|t:|1699836265\n|cant|p1a: Lucario|par\n|move|p2a: Ferrothorn|Stealth Rock|p1a: Lucario\n|-sidestart|p1: seraphz|move: Stealth Rock\n|\n|-heal|p2a: Ferrothorn|39\/100|[from] item: Leftovers\n|upkeep\n|turn|15\n|\n|t:|1699836271\n|switch|p2a: TlalocK\u00e1n|Pelipper, F|100\/100\n|-weather|RainDance|[from] ability: Drizzle|[of] p2a: TlalocK\u00e1n\n|move|p1a: Lucario|Meteor Mash|p2a: TlalocK\u00e1n\n|-resisted|p2a: TlalocK\u00e1n\n|-damage|p2a: TlalocK\u00e1n|58\/100\n|\n|-weather|RainDance|[upkeep]\n|upkeep\n|turn|16\n|\n|t:|1699836273\n|cant|p1a: Lucario|par\n|move|p2a: TlalocK\u00e1n|Scald|p1a: Lucario\n|-damage|p1a: Lucario|29\/100 par\n|-enditem|p1a: Lucario|Air Balloon\n|\n|-weather|RainDance|[upkeep]\n|upkeep\n|turn|17\n|\n|t:|1699836278\n|switch|p2a: Ferrothorn|Ferrothorn, F, shiny, tera:Ghost|39\/100\n|move|p1a: Lucario|Extreme Speed|p2a: Ferrothorn\n|-immune|p2a: Ferrothorn\n|\n|-weather|RainDance|[upkeep]\n|-heal|p2a: Ferrothorn|45\/100|[from] item: Leftovers\n|upkeep\n|turn|18\n|\n|t:|1699836282\n|move|p1a: Lucario|Meteor Mash|p2a: Ferrothorn\n|-damage|p2a: Ferrothorn|0 fnt\n|-damage|p1a: Lucario|17\/100 par|[from] ability: Iron Barbs|[of] p2a: Ferrothorn\n|faint|p2a: Ferrothorn\n|\n|-weather|RainDance|[upkeep]\n|upkeep\n|\n|t:|1699836286\n|switch|p2a: Tornadus|Tornadus-Therian, M|100\/100\n|turn|19\n|\n|t:|1699836291\n|-terastallize|p1a: Lucario|Normal\n|cant|p1a: Lucario|par\n|move|p2a: Tornadus|Hurricane|p1a: Lucario\n|-damage|p1a: Lucario|0 fnt\n|faint|p1a: Lucario\n|\n|-weather|RainDance|[upkeep]\n|upkeep\n|-message|seraphz forfeited.\n|\n|win|ND9T2 tutiop\n|n|\u2606seraphz|seraphz\n|n|\u2606ND9T2 tutiop|nd9t2tutiop\n|n| Toxic Ariados|toxicariados\n","uploadtime":1699836297,"views":8,"p1id":"seraphz","p2id":"nd9t2tutiop","formatid":"gen9nationaldex","rating":0,"private":0,"password":""}