{"id":"gen9nationaldex-1993370113","p1":"LRR121","p2":"2665xg","format":"[Gen 9] National Dex","log":"|j|\u2606LRR121\n|j|\u26062665xg\n|t:|1700307554\n|gametype|singles\n|player|p1|LRR121|blue|1414\n|player|p2|2665xg|elesa-masters|1437\n|teamsize|p1|6\n|teamsize|p2|6\n|gen|9\n|tier|[Gen 9] National Dex\n|rated|\n|rule|HP Percentage Mod: HP is shown in percentages\n|rule|Endless Battle Clause: Forcing endless battles is banned\n|rule|OHKO Clause: OHKO moves are banned\n|rule|Evasion Clause: Evasion abilities, items, and moves are banned\n|rule|Evasion Abilities Clause: Evasion abilities are banned\n|rule|Evasion Items Clause: Evasion items are banned\n|rule|Evasion Moves Clause: Evasion moves are banned\n|rule|Species Clause: Limit one of each Pok\u00e9mon\n|rule|Sleep Clause Mod: Limit one foe put to sleep\n|clearpoke\n|poke|p1|Heracross, F|\n|poke|p1|Alakazam, F|\n|poke|p1|Ninetales-Alola, M|\n|poke|p1|Tyranitar, F|\n|poke|p1|Arcanine-Hisui, M|\n|poke|p1|Blastoise, F|\n|poke|p2|Tapu Bulu|\n|poke|p2|Cresselia, F|\n|poke|p2|Toxapex, F|\n|poke|p2|Great Tusk|\n|poke|p2|Clodsire, F|\n|poke|p2|Dondozo, F|\n|teampreview\n|\n|t:|1700307576\n|start\n|switch|p1a: Alakazam|Alakazam, F|100\/100\n|switch|p2a: Tapu Bulu|Tapu Bulu, shiny|100\/100\n|-fieldstart|move: Grassy Terrain|[from] ability: Grassy Surge|[of] p2a: Tapu Bulu\n|turn|1\n|\n|t:|1700307590\n|switch|p1a: Ninetales|Ninetales-Alola, M|100\/100\n|-weather|Snow|[from] ability: Snow Warning|[of] p1a: Ninetales\n|move|p2a: Tapu Bulu|Horn Leech|p1a: Ninetales\n|-damage|p1a: Ninetales|47\/100\n|\n|-weather|Snow|[upkeep]\n|-heal|p1a: Ninetales|54\/100|[from] Grassy Terrain\n|upkeep\n|turn|2\n|\n|t:|1700307602\n|move|p1a: Ninetales|Aurora Veil|p1a: Ninetales\n|-sidestart|p1: LRR121|move: Aurora Veil\n|move|p2a: Tapu Bulu|Swords Dance|p2a: Tapu Bulu\n|-boost|p2a: Tapu Bulu|atk|2\n|\n|-weather|Snow|[upkeep]\n|-heal|p1a: Ninetales|60\/100|[from] Grassy Terrain\n|upkeep\n|turn|3\n|\n|t:|1700307606\n|move|p1a: Ninetales|Blizzard|p2a: Tapu Bulu\n|-supereffective|p2a: Tapu Bulu\n|-damage|p2a: Tapu Bulu|0 fnt\n|faint|p2a: Tapu Bulu\n|\n|-weather|Snow|[upkeep]\n|-heal|p1a: Ninetales|66\/100|[from] Grassy Terrain\n|upkeep\n|\n|t:|1700307610\n|switch|p2a: Cresselia|Cresselia, F, shiny|100\/100\n|-enditem|p2a: Cresselia|Grassy Seed\n|-boost|p2a: Cresselia|def|1|[from] item: Grassy Seed\n|turn|4\n|\n|t:|1700307619\n|switch|p1a: Tyranitar|Tyranitar, F|100\/100\n|-weather|Sandstorm|[from] ability: Sand Stream|[of] p1a: Tyranitar\n|move|p2a: Cresselia|Calm Mind|p2a: Cresselia\n|-boost|p2a: Cresselia|spa|1\n|-boost|p2a: Cresselia|spd|1\n|\n|-weather|Sandstorm|[upkeep]\n|-damage|p2a: Cresselia|94\/100|[from] Sandstorm\n|upkeep\n|turn|5\n|\n|t:|1700307633\n|-terastallize|p2a: Cresselia|Poison\n|move|p2a: Cresselia|Calm Mind|p2a: Cresselia\n|-boost|p2a: Cresselia|spa|1\n|-boost|p2a: Cresselia|spd|1\n|move|p1a: Tyranitar|Rock Polish|p1a: Tyranitar\n|-boost|p1a: Tyranitar|spe|2\n|\n|-weather|Sandstorm|[upkeep]\n|-damage|p2a: Cresselia|88\/100|[from] Sandstorm\n|-fieldend|move: Grassy Terrain\n|upkeep\n|turn|6\n|\n|t:|1700307640\n|move|p1a: Tyranitar|Knock Off|p2a: Cresselia\n|-damage|p2a: Cresselia|77\/100\n|move|p2a: Cresselia|Calm Mind|p2a: Cresselia\n|-boost|p2a: Cresselia|spa|1\n|-boost|p2a: Cresselia|spd|1\n|\n|-weather|Sandstorm|[upkeep]\n|-damage|p2a: Cresselia|71\/100|[from] Sandstorm\n|-sideend|p1: LRR121|move: Aurora Veil\n|upkeep\n|turn|7\n|\n|t:|1700307652\n|move|p1a: Tyranitar|Ice Punch|p2a: Cresselia\n|-damage|p2a: Cresselia|62\/100\n|-status|p2a: Cresselia|frz\n|cant|p2a: Cresselia|frz\n|\n|-weather|Sandstorm|[upkeep]\n|-damage|p2a: Cresselia|56\/100 frz|[from] Sandstorm\n|upkeep\n|turn|8\n|\n|t:|1700307660\n|move|p1a: Tyranitar|Ice Punch|p2a: Cresselia\n|-damage|p2a: Cresselia|47\/100 frz\n|-curestatus|p2a: Cresselia|frz|[msg]\n|move|p2a: Cresselia|Moonlight|p2a: Cresselia\n|-heal|p2a: Cresselia|72\/100\n|\n|-weather|none\n|upkeep\n|turn|9\n|\n|t:|1700307671\n|move|p1a: Tyranitar|Ice Punch|p2a: Cresselia\n|-damage|p2a: Cresselia|63\/100\n|move|p2a: Cresselia|Calm Mind|p2a: Cresselia\n|-boost|p2a: Cresselia|spa|1\n|-boost|p2a: Cresselia|spd|1\n|\n|upkeep\n|turn|10\n|\n|t:|1700307678\n|switch|p1a: Arcanine|Arcanine-Hisui, M|100\/100\n|move|p2a: Cresselia|Moonlight|p2a: Cresselia\n|-heal|p2a: Cresselia|100\/100\n|\n|upkeep\n|turn|11\n|\n|t:|1700307683\n|move|p1a: Arcanine|Flare Blitz|p2a: Cresselia\n|-damage|p2a: Cresselia|72\/100\n|move|p2a: Cresselia|Stored Power|p1a: Arcanine\n|-damage|p1a: Arcanine|0 fnt\n|faint|p1a: Arcanine\n|\n|upkeep\n|\n|t:|1700307698\n|switch|p1a: Tyranitar|Tyranitar, F|100\/100\n|-weather|Sandstorm|[from] ability: Sand Stream|[of] p1a: Tyranitar\n|turn|12\n|\n|t:|1700307703\n|move|p2a: Cresselia|Moonblast|p1a: Tyranitar\n|-supereffective|p1a: Tyranitar\n|-damage|p1a: Tyranitar|37\/100\n|-unboost|p1a: Tyranitar|spa|1\n|-enditem|p1a: Tyranitar|Weakness Policy\n|-boost|p1a: Tyranitar|atk|2|[from] item: Weakness Policy\n|-boost|p1a: Tyranitar|spa|2|[from] item: Weakness Policy\n|move|p1a: Tyranitar|Rock Polish|p1a: Tyranitar\n|-boost|p1a: Tyranitar|spe|2\n|\n|-weather|Sandstorm|[upkeep]\n|-damage|p2a: Cresselia|66\/100|[from] Sandstorm\n|upkeep\n|turn|13\n|\n|t:|1700307709\n|move|p1a: Tyranitar|Ice Punch|p2a: Cresselia\n|-damage|p2a: Cresselia|49\/100\n|move|p2a: Cresselia|Moonlight|p2a: Cresselia\n|-heal|p2a: Cresselia|75\/100\n|\n|-weather|Sandstorm|[upkeep]\n|-damage|p2a: Cresselia|68\/100|[from] Sandstorm\n|upkeep\n|turn|14\n|\n|t:|1700307715\n|move|p1a: Tyranitar|Ice Punch|p2a: Cresselia\n|-damage|p2a: Cresselia|52\/100\n|move|p2a: Cresselia|Moonblast|p1a: Tyranitar\n|-supereffective|p1a: Tyranitar\n|-damage|p1a: Tyranitar|0 fnt\n|faint|p1a: Tyranitar\n|\n|-weather|Sandstorm|[upkeep]\n|-damage|p2a: Cresselia|46\/100|[from] Sandstorm\n|upkeep\n|\n|t:|1700307734\n|switch|p1a: Ninetales|Ninetales-Alola, M|66\/100\n|-weather|Snow|[from] ability: Snow Warning|[of] p1a: Ninetales\n|turn|15\n|\n|t:|1700307739\n|move|p1a: Ninetales|Aurora Veil|p1a: Ninetales\n|-sidestart|p1: LRR121|move: Aurora Veil\n|move|p2a: Cresselia|Moonlight|p2a: Cresselia\n|-heal|p2a: Cresselia|71\/100\n|\n|-weather|Snow|[upkeep]\n|upkeep\n|turn|16\n|\n|t:|1700307744\n|move|p1a: Ninetales|Blizzard|p2a: Cresselia\n|-damage|p2a: Cresselia|62\/100\n|-status|p2a: Cresselia|frz\n|cant|p2a: Cresselia|frz\n|\n|-weather|Snow|[upkeep]\n|upkeep\n|turn|17\n|\n|t:|1700307759\n|move|p1a: Ninetales|Encore|p2a: Cresselia\n|-start|p2a: Cresselia|Encore\n|cant|p2a: Cresselia|frz\n|\n|-weather|Snow|[upkeep]\n|upkeep\n|turn|18\n|\n|t:|1700307763\n|move|p1a: Ninetales|Blizzard|p2a: Cresselia\n|-damage|p2a: Cresselia|52\/100 frz\n|cant|p2a: Cresselia|frz\n|\n|-weather|Snow|[upkeep]\n|upkeep\n|turn|19\n|\n|t:|1700307769\n|move|p1a: Ninetales|Blizzard|p2a: Cresselia\n|-damage|p2a: Cresselia|43\/100 frz\n|cant|p2a: Cresselia|frz\n|\n|-weather|none\n|-end|p2a: Cresselia|Encore\n|-sideend|p1: LRR121|move: Aurora Veil\n|upkeep\n|turn|20\n|\n|t:|1700307777\n|switch|p1a: Heracross|Heracross, F|100\/100\n|cant|p2a: Cresselia|frz\n|\n|upkeep\n|turn|21\n|\n|t:|1700307781\n|switch|p1a: Ninetales|Ninetales-Alola, M|66\/100\n|-weather|Snow|[from] ability: Snow Warning|[of] p1a: Ninetales\n|cant|p2a: Cresselia|frz\n|\n|-weather|Snow|[upkeep]\n|upkeep\n|turn|22\n|\n|t:|1700307785\n|move|p1a: Ninetales|Blizzard|p2a: Cresselia\n|-damage|p2a: Cresselia|33\/100 frz\n|cant|p2a: Cresselia|frz\n|\n|-weather|Snow|[upkeep]\n|upkeep\n|turn|23\n|\n|t:|1700307793\n|move|p1a: Ninetales|Blizzard|p2a: Cresselia\n|-damage|p2a: Cresselia|22\/100 frz\n|cant|p2a: Cresselia|frz\n|\n|-weather|Snow|[upkeep]\n|upkeep\n|turn|24\n|\n|t:|1700307798\n|move|p1a: Ninetales|Encore|p2a: Cresselia\n|-start|p2a: Cresselia|Encore\n|cant|p2a: Cresselia|frz\n|\n|-weather|Snow|[upkeep]\n|upkeep\n|turn|25\n|\n|t:|1700307802\n|move|p1a: Ninetales|Blizzard|p2a: Cresselia\n|-damage|p2a: Cresselia|13\/100 frz\n|cant|p2a: Cresselia|frz\n|\n|-weather|none\n|upkeep\n|turn|26\n|\n|t:|1700307807\n|move|p1a: Ninetales|Blizzard|p2a: Cresselia|[miss]\n|-miss|p1a: Ninetales|p2a: Cresselia\n|-curestatus|p2a: Cresselia|frz|[msg]\n|move|p2a: Cresselia|Moonlight|p2a: Cresselia\n|-heal|p2a: Cresselia|63\/100\n|\n|-end|p2a: Cresselia|Encore\n|upkeep\n|turn|27\n|\n|t:|1700307820\n|move|p1a: Ninetales|Encore|p2a: Cresselia\n|-start|p2a: Cresselia|Encore\n|move|p2a: Cresselia|Moonlight|p2a: Cresselia\n|-heal|p2a: Cresselia|100\/100\n|\n|upkeep\n|turn|28\n|\n|t:|1700307848\n|switch|p1a: Heracross|Heracross, F|100\/100\n|move|p2a: Cresselia|Moonlight|p2a: Cresselia\n|-fail|p2a: Cresselia|heal\n|\n|upkeep\n|turn|29\n|\n|t:|1700307854\n|switch|p1a: Ninetales|Ninetales-Alola, M|66\/100\n|-weather|Snow|[from] ability: Snow Warning|[of] p1a: Ninetales\n|move|p2a: Cresselia|Moonlight|p2a: Cresselia\n|-fail|p2a: Cresselia|heal\n|\n|-weather|Snow|[upkeep]\n|-end|p2a: Cresselia|Encore\n|upkeep\n|turn|30\n|\n|t:|1700307863\n|move|p1a: Ninetales|Encore||[still]\n|-fail|p1a: Ninetales\n|move|p2a: Cresselia|Stored Power|p1a: Ninetales\n|-damage|p1a: Ninetales|0 fnt\n|faint|p1a: Ninetales\n|\n|-weather|Snow|[upkeep]\n|upkeep\n|\n|t:|1700307875\n|switch|p1a: Heracross|Heracross, F|100\/100\n|turn|31\n|\n|t:|1700307881\n|detailschange|p1a: Heracross|Heracross-Mega, F\n|-mega|p1a: Heracross|Heracross|Heracronite\n|move|p1a: Heracross|Rock Blast|p2a: Cresselia\n|-damage|p2a: Cresselia|96\/100\n|-damage|p2a: Cresselia|92\/100\n|-damage|p2a: Cresselia|87\/100\n|-damage|p2a: Cresselia|83\/100\n|-crit|p2a: Cresselia\n|-damage|p2a: Cresselia|72\/100\n|-hitcount|p2a: Cresselia|5\n|move|p2a: Cresselia|Stored Power|p1a: Heracross\n|-supereffective|p1a: Heracross\n|-damage|p1a: Heracross|0 fnt\n|faint|p1a: Heracross\n|\n|-weather|Snow|[upkeep]\n|upkeep\n|\n|t:|1700307887\n|switch|p1a: Alakazam|Alakazam, F|100\/100\n|turn|32\n|\n|t:|1700307892\n|move|p1a: Alakazam|Psychic|p2a: Cresselia\n|-supereffective|p2a: Cresselia\n|-damage|p2a: Cresselia|46\/100\n|move|p2a: Cresselia|Stored Power|p1a: Alakazam\n|-resisted|p1a: Alakazam\n|-damage|p1a: Alakazam|0 fnt\n|faint|p1a: Alakazam\n|\n|-weather|Snow|[upkeep]\n|upkeep\n|-message|LRR121 forfeited.\n|\n|win|2665xg\n|raw|LRR121's rating: 1414 &rarr; <strong>1395<\/strong><br \/>(-19 for losing)\n|raw|2665xg's rating: 1437 &rarr; <strong>1456<\/strong><br \/>(+19 for winning)\n|l|\u2606LRR121\n|l|\u26062665xg\n|j|\u26062665xg\n|player|p2|2665xg|elesa-masters\n|l|\u26062665xg\n|player|p2|\n|j|\u26062665xg\n|player|p2|2665xg|elesa-masters\n","uploadtime":1700308174,"views":6,"p1id":"lrr121","p2id":"2665xg","formatid":"gen9nationaldex","rating":1395,"private":0,"password":""}