{"id":"gen9nationaldex-1994608448","p1":"Ghha","p2":"TheGrassKing1","format":"[Gen 9] National Dex","log":"|html|<div class=\"broadcast-blue\"><strong>[Gen 9] National Dex is currently suspecting Sneasler! For information on how to participate check out the <a href=\"https:\/\/www.smogon.com\/forums\/threads\/sv-national-dex-suspect-8-just-dance.3731534\/\">suspect thread<\/a>.<\/strong><\/div>\n|j|\u2606Ghha\n|j|\u2606TheGrassKing1\n|t:|1700468622\n|gametype|singles\n|player|p1|Ghha|102|1686\n|player|p2|TheGrassKing1|morty-masters2|1738\n|teamsize|p1|6\n|teamsize|p2|6\n|gen|9\n|tier|[Gen 9] National Dex\n|rated|\n|rule|HP Percentage Mod: HP is shown in percentages\n|rule|Endless Battle Clause: Forcing endless battles is banned\n|rule|OHKO Clause: OHKO moves are banned\n|rule|Evasion Clause: Evasion abilities, items, and moves are banned\n|rule|Evasion Abilities Clause: Evasion abilities are banned\n|rule|Evasion Items Clause: Evasion items are banned\n|rule|Evasion Moves Clause: Evasion moves are banned\n|rule|Species Clause: Limit one of each Pok\u00e9mon\n|rule|Sleep Clause Mod: Limit one foe put to sleep\n|clearpoke\n|poke|p1|Landorus-Therian, M|\n|poke|p1|Kyurem|\n|poke|p1|Dondozo, M|\n|poke|p1|Heatran, M|\n|poke|p1|Tapu Lele|\n|poke|p1|Hoopa-Unbound|\n|poke|p2|Torkoal, M|\n|poke|p2|Leafeon, F|\n|poke|p2|Landorus-Therian, M|\n|poke|p2|Heatran, F|\n|poke|p2|Scizor, M|\n|poke|p2|Victini|\n|teampreview\n|inactive|Battle timer is ON: inactive players will automatically lose when time's up. (requested by TheGrassKing1)\n|inactive|Ghha has 120 seconds left.\n|\n|t:|1700468721\n|start\n|switch|p1a: Kyurem|Kyurem, shiny|100\/100\n|switch|p2a: Victini|Victini|100\/100\n|-ability|p1a: Kyurem|Pressure\n|turn|1\n|\n|t:|1700468732\n|switch|p1a: Heatran|Heatran, M, shiny|100\/100\n|move|p2a: Victini|U-turn|p1a: Heatran\n|-resisted|p1a: Heatran\n|-damage|p1a: Heatran|95\/100\n|\n|t:|1700468743\n|switch|p2a: Landorus|Landorus-Therian, M|100\/100|[from] U-turn\n|-ability|p2a: Landorus|Intimidate|boost\n|-unboost|p1a: Heatran|atk|1\n|\n|-heal|p1a: Heatran|100\/100|[from] item: Leftovers\n|upkeep\n|turn|2\n|\n|t:|1700468754\n|switch|p1a: Landorus|Landorus-Therian, M|100\/100\n|-ability|p1a: Landorus|Intimidate|boost\n|-unboost|p2a: Landorus|atk|1\n|move|p2a: Landorus|Toxic|p1a: Landorus\n|-status|p1a: Landorus|tox\n|\n|-damage|p1a: Landorus|94\/100 tox|[from] psn\n|upkeep\n|turn|3\n|\n|t:|1700468759\n|move|p2a: Landorus|U-turn|p1a: Landorus\n|-resisted|p1a: Landorus\n|-damage|p1a: Landorus|90\/100 tox\n|-damage|p2a: Landorus|84\/100|[from] item: Rocky Helmet|[of] p1a: Landorus\n|\n|t:|1700468763\n|switch|p2a: Scizor|Scizor, M|100\/100|[from] U-turn\n|move|p1a: Landorus|Stealth Rock|p2a: Scizor\n|-sidestart|p2: TheGrassKing1|move: Stealth Rock\n|\n|-damage|p1a: Landorus|78\/100 tox|[from] psn\n|upkeep\n|turn|4\n|\n|t:|1700468770\n|detailschange|p2a: Scizor|Scizor-Mega, M\n|-mega|p2a: Scizor|Scizor|Scizorite\n|move|p1a: Landorus|U-turn|p2a: Scizor\n|-resisted|p2a: Scizor\n|-damage|p2a: Scizor|93\/100\n|\n|t:|1700468774\n|switch|p1a: Dondozo|Dondozo, M|100\/100|[from] U-turn\n|move|p2a: Scizor|U-turn|p1a: Dondozo\n|-damage|p1a: Dondozo|85\/100\n|\n|t:|1700468781\n|switch|p2a: Torkoal|Torkoal, M|100\/100|[from] U-turn\n|-damage|p2a: Torkoal|76\/100|[from] Stealth Rock\n|-weather|SunnyDay|[from] ability: Drought|[of] p2a: Torkoal\n|\n|-weather|SunnyDay|[upkeep]\n|-heal|p1a: Dondozo|91\/100|[from] item: Leftovers\n|upkeep\n|turn|5\n|\n|t:|1700468791\n|switch|p1a: Heatran|Heatran, M, shiny|100\/100\n|move|p2a: Torkoal|Rapid Spin|p1a: Heatran\n|-resisted|p1a: Heatran\n|-damage|p1a: Heatran|96\/100\n|-boost|p2a: Torkoal|spe|1\n|-sideend|p2: TheGrassKing1|Stealth Rock|[from] move: Rapid Spin|[of] p2a: Torkoal\n|\n|-weather|SunnyDay|[upkeep]\n|-heal|p1a: Heatran|100\/100|[from] item: Leftovers\n|upkeep\n|turn|6\n|\n|t:|1700468797\n|switch|p2a: Heatran|Heatran, F|100\/100\n|-item|p2a: Heatran|Air Balloon\n|move|p1a: Heatran|Earth Power|p2a: Heatran\n|-immune|p2a: Heatran\n|\n|-weather|SunnyDay|[upkeep]\n|upkeep\n|turn|7\n|\n|t:|1700468803\n|switch|p1a: Hoopa|Hoopa-Unbound|100\/100\n|move|p2a: Heatran|Stealth Rock|p1a: Hoopa\n|-sidestart|p1: Ghha|move: Stealth Rock\n|\n|-weather|SunnyDay|[upkeep]\n|upkeep\n|turn|8\n|\n|t:|1700468814\n|switch|p2a: Landorus|Landorus-Therian, M|84\/100\n|-ability|p2a: Landorus|Intimidate|boost\n|-unboost|p1a: Hoopa|atk|1\n|move|p1a: Hoopa|Knock Off|p2a: Landorus\n|-damage|p2a: Landorus|46\/100\n|-enditem|p2a: Landorus|Eject Button|[from] move: Knock Off|[of] p1a: Hoopa\n|\n|-weather|SunnyDay|[upkeep]\n|upkeep\n|turn|9\n|\n|t:|1700468832\n|switch|p1a: Landorus|Landorus-Therian, M|78\/100 tox\n|-damage|p1a: Landorus|66\/100 tox|[from] Stealth Rock\n|-ability|p1a: Landorus|Intimidate|boost\n|-unboost|p2a: Landorus|atk|1\n|move|p2a: Landorus|U-turn|p1a: Landorus\n|-resisted|p1a: Landorus\n|-damage|p1a: Landorus|61\/100 tox\n|-damage|p2a: Landorus|30\/100|[from] item: Rocky Helmet|[of] p1a: Landorus\n|\n|t:|1700468846\n|switch|p2a: Heatran|Heatran, F|100\/100|[from] U-turn\n|-item|p2a: Heatran|Air Balloon\n|\n|-weather|SunnyDay|[upkeep]\n|-damage|p1a: Landorus|55\/100 tox|[from] psn\n|upkeep\n|turn|10\n|\n|t:|1700468864\n|move|p2a: Heatran|Magma Storm|p1a: Landorus\n|-damage|p1a: Landorus|0 fnt\n|faint|p1a: Landorus\n|\n|-weather|SunnyDay|[upkeep]\n|upkeep\n|\n|t:|1700468877\n|switch|p1a: Hoopa|Hoopa-Unbound|100\/100\n|-damage|p1a: Hoopa|88\/100|[from] Stealth Rock\n|turn|11\n|\n|t:|1700468885\n|switch|p2a: Landorus|Landorus-Therian, M|30\/100\n|-ability|p2a: Landorus|Intimidate|boost\n|-unboost|p1a: Hoopa|atk|1\n|move|p1a: Hoopa|Knock Off|p2a: Landorus\n|-damage|p2a: Landorus|0 fnt\n|faint|p2a: Landorus\n|\n|-weather|none\n|upkeep\n|\n|t:|1700468893\n|switch|p2a: Torkoal|Torkoal, M|76\/100\n|-weather|SunnyDay|[from] ability: Drought|[of] p2a: Torkoal\n|turn|12\n|\n|t:|1700468901\n|switch|p1a: Heatran|Heatran, M, shiny|100\/100\n|-damage|p1a: Heatran|88\/100|[from] Stealth Rock\n|switch|p2a: Scizor|Scizor-Mega, M|93\/100\n|\n|-weather|SunnyDay|[upkeep]\n|-heal|p1a: Heatran|94\/100|[from] item: Leftovers\n|upkeep\n|turn|13\n|\n|t:|1700468913\n|switch|p1a: Kyurem|Kyurem, shiny|100\/100\n|-ability|p1a: Kyurem|Pressure\n|move|p2a: Scizor|U-turn|p1a: Kyurem\n|-damage|p1a: Kyurem|68\/100\n|\n|t:|1700468927\n|switch|p2a: Victini|Victini|100\/100|[from] U-turn\n|\n|-weather|SunnyDay|[upkeep]\n|upkeep\n|turn|14\n|\n|t:|1700468950\n|switch|p1a: Heatran|Heatran, M, shiny|94\/100\n|-damage|p1a: Heatran|82\/100|[from] Stealth Rock\n|move|p2a: Victini|V-create|p1a: Heatran\n|-start|p1a: Heatran|ability: Flash Fire\n|\n|-weather|SunnyDay|[upkeep]\n|-heal|p1a: Heatran|88\/100|[from] item: Leftovers\n|upkeep\n|turn|15\n|\n|t:|1700468959\n|switch|p2a: Heatran|Heatran, F|100\/100\n|-item|p2a: Heatran|Air Balloon\n|-end|p1a: Heatran|ability: Flash Fire|[silent]\n|switch|p1a: Hoopa|Hoopa-Unbound|88\/100\n|-damage|p1a: Hoopa|76\/100|[from] Stealth Rock\n|\n|-weather|SunnyDay|[upkeep]\n|upkeep\n|turn|16\n|\n|t:|1700468967\n|switch|p2a: Scizor|Scizor-Mega, M|93\/100\n|-terastallize|p1a: Hoopa|Dark\n|move|p1a: Hoopa|Hyperspace Fury|p2a: Scizor\n|-damage|p2a: Scizor|41\/100\n|-unboost|p1a: Hoopa|def|1\n|\n|-weather|SunnyDay|[upkeep]\n|upkeep\n|turn|17\n|\n|t:|1700468980\n|switch|p1a: Heatran|Heatran, M, shiny|88\/100\n|-damage|p1a: Heatran|76\/100|[from] Stealth Rock\n|move|p2a: Scizor|Bullet Punch|p1a: Heatran\n|-resisted|p1a: Heatran\n|-damage|p1a: Heatran|70\/100\n|\n|-weather|SunnyDay|[upkeep]\n|-heal|p1a: Heatran|76\/100|[from] item: Leftovers\n|upkeep\n|turn|18\n|\n|t:|1700468990\n|switch|p1a: Hoopa|Hoopa-Unbound, tera:Dark|76\/100\n|-damage|p1a: Hoopa|64\/100|[from] Stealth Rock\n|move|p2a: Scizor|U-turn|p1a: Hoopa\n|-supereffective|p1a: Hoopa\n|-damage|p1a: Hoopa|0 fnt\n|faint|p1a: Hoopa\n|\n|t:|1700469004\n|switch|p2a: Victini|Victini|100\/100|[from] U-turn\n|\n|-weather|SunnyDay|[upkeep]\n|upkeep\n|\n|t:|1700469010\n|switch|p1a: Dondozo|Dondozo, M|91\/100\n|-damage|p1a: Dondozo|78\/100|[from] Stealth Rock\n|turn|19\n|\n|t:|1700469013\n|move|p2a: Victini|Trick|p1a: Dondozo\n|-activate|p2a: Victini|move: Trick|[of] p1a: Dondozo\n|-item|p1a: Dondozo|Choice Band|[from] move: Trick\n|-item|p2a: Victini|Leftovers|[from] move: Trick\n|move|p1a: Dondozo|Curse|p1a: Dondozo\n|-unboost|p1a: Dondozo|spe|1\n|-boost|p1a: Dondozo|atk|1\n|-boost|p1a: Dondozo|def|1\n|\n|-weather|none\n|upkeep\n|turn|20\n|-message|Ghha forfeited.\n|\n|win|TheGrassKing1\n|raw|Ghha's rating: 1661 &rarr; <strong>1645<\/strong><br \/>(-16 for losing)\n|raw|TheGrassKing1's rating: 1738 &rarr; <strong>1754<\/strong><br \/>(+16 for winning)\n|l|\u2606Ghha\n","uploadtime":1700469047,"views":3,"p1id":"ghha","p2id":"thegrassking1","formatid":"gen9nationaldex","rating":1645,"private":0,"password":""}