{"id":"gen9nationaldex-1990250705","p1":"v587","p2":"dwill16","format":"[Gen 9] National Dex","log":"|j|\u2606v587\n|j|\u2606dwill16\n|t:|1699944663\n|gametype|singles\n|player|p1|v587|dawn|1423\n|player|p2|dwill16|lady-gen4|1522\n|teamsize|p1|6\n|teamsize|p2|6\n|gen|9\n|tier|[Gen 9] National Dex\n|rated|\n|rule|HP Percentage Mod: HP is shown in percentages\n|rule|Endless Battle Clause: Forcing endless battles is banned\n|rule|OHKO Clause: OHKO moves are banned\n|rule|Evasion Clause: Evasion abilities, items, and moves are banned\n|rule|Evasion Abilities Clause: Evasion abilities are banned\n|rule|Evasion Items Clause: Evasion items are banned\n|rule|Evasion Moves Clause: Evasion moves are banned\n|rule|Species Clause: Limit one of each Pok\u00e9mon\n|rule|Sleep Clause Mod: Limit one foe put to sleep\n|clearpoke\n|poke|p1|Samurott-Hisui, M|\n|poke|p1|Ting-Lu|\n|poke|p1|Bisharp, M|\n|poke|p1|Grimmsnarl, M|\n|poke|p1|Sableye, F|\n|poke|p1|Hydreigon, M|\n|poke|p2|Tapu Lele|\n|poke|p2|Great Tusk|\n|poke|p2|Charizard, M|\n|poke|p2|Garganacl, F|\n|poke|p2|Skarmory, F|\n|poke|p2|Aegislash, F|\n|teampreview\n|inactive|Battle timer is ON: inactive players will automatically lose when time's up. (requested by dwill16)\n|\n|t:|1699944696\n|start\n|switch|p1a: Grimmsnarl|Grimmsnarl, M|100\/100\n|switch|p2a: \u571f\u738b|Garganacl, F|100\/100\n|turn|1\n|\n|t:|1699944709\n|move|p1a: Grimmsnarl|Reflect|p1a: Grimmsnarl\n|-sidestart|p1: v587|Reflect\n|move|p2a: \u571f\u738b|Salt Cure|p1a: Grimmsnarl\n|-damage|p1a: Grimmsnarl|93\/100\n|-start|p1a: Grimmsnarl|Salt Cure\n|\n|-damage|p1a: Grimmsnarl|80\/100|[from] Salt Cure\n|upkeep\n|turn|2\n|\n|t:|1699944714\n|move|p1a: Grimmsnarl|Parting Shot|p2a: \u571f\u738b\n|-unboost|p2a: \u571f\u738b|atk|1\n|-unboost|p2a: \u571f\u738b|spa|1\n|\n|t:|1699944717\n|switch|p1a: Samurott|Samurott-Hisui, M|100\/100|[from] Parting Shot\n|move|p2a: \u571f\u738b|Stealth Rock|p1a: Samurott\n|-sidestart|p1: v587|move: Stealth Rock\n|\n|upkeep\n|turn|3\n|\n|t:|1699944722\n|switch|p2a: \u94a2\u94e0\u9e26|Skarmory, F|100\/100\n|move|p1a: Samurott|Swords Dance|p1a: Samurott\n|-boost|p1a: Samurott|atk|2\n|\n|upkeep\n|turn|4\n|\n|t:|1699944726\n|move|p1a: Samurott|Ceaseless Edge|p2a: \u94a2\u94e0\u9e26\n|-damage|p2a: \u94a2\u94e0\u9e26|22\/100\n|-damage|p1a: Samurott|84\/100|[from] item: Rocky Helmet|[of] p2a: \u94a2\u94e0\u9e26\n|-sidestart|p2: dwill16|Spikes\n|move|p2a: \u94a2\u94e0\u9e26|Whirlwind|p1a: Samurott\n|drag|p1a: Grimmsnarl|Grimmsnarl, M|80\/100\n|-damage|p1a: Grimmsnarl|68\/100|[from] Stealth Rock\n|\n|upkeep\n|turn|5\n|\n|t:|1699944741\n|move|p1a: Grimmsnarl|Parting Shot|p2a: \u94a2\u94e0\u9e26\n|-unboost|p2a: \u94a2\u94e0\u9e26|atk|1\n|-unboost|p2a: \u94a2\u94e0\u9e26|spa|1\n|\n|t:|1699944743\n|switch|p1a: Samurott|Samurott-Hisui, M|84\/100|[from] Parting Shot\n|-damage|p1a: Samurott|72\/100|[from] Stealth Rock\n|move|p2a: \u94a2\u94e0\u9e26|Roost|p2a: \u94a2\u94e0\u9e26\n|-heal|p2a: \u94a2\u94e0\u9e26|72\/100\n|-singleturn|p2a: \u94a2\u94e0\u9e26|move: Roost\n|\n|upkeep\n|turn|6\n|\n|t:|1699944768\n|move|p1a: Samurott|Ceaseless Edge|p2a: \u94a2\u94e0\u9e26\n|-crit|p2a: \u94a2\u94e0\u9e26\n|-damage|p2a: \u94a2\u94e0\u9e26|18\/100\n|-damage|p1a: Samurott|55\/100|[from] item: Rocky Helmet|[of] p2a: \u94a2\u94e0\u9e26\n|-sidestart|p2: dwill16|Spikes\n|move|p2a: \u94a2\u94e0\u9e26|Roost|p2a: \u94a2\u94e0\u9e26\n|-heal|p2a: \u94a2\u94e0\u9e26|68\/100\n|-singleturn|p2a: \u94a2\u94e0\u9e26|move: Roost\n|\n|upkeep\n|turn|7\n|\n|t:|1699944775\n|move|p1a: Samurott|Swords Dance|p1a: Samurott\n|-boost|p1a: Samurott|atk|2\n|move|p2a: \u94a2\u94e0\u9e26|Roost|p2a: \u94a2\u94e0\u9e26\n|-heal|p2a: \u94a2\u94e0\u9e26|100\/100\n|-singleturn|p2a: \u94a2\u94e0\u9e26|move: Roost\n|\n|upkeep\n|turn|8\n|\n|t:|1699944785\n|move|p1a: Samurott|Ceaseless Edge|p2a: \u94a2\u94e0\u9e26\n|-damage|p2a: \u94a2\u94e0\u9e26|28\/100\n|-damage|p1a: Samurott|39\/100|[from] item: Rocky Helmet|[of] p2a: \u94a2\u94e0\u9e26\n|-sidestart|p2: dwill16|Spikes\n|move|p2a: \u94a2\u94e0\u9e26|Whirlwind|p1a: Samurott\n|drag|p1a: Sableye|Sableye, F|100\/100\n|-damage|p1a: Sableye|88\/100|[from] Stealth Rock\n|\n|-sideend|p1: v587|Reflect\n|upkeep\n|turn|9\n|\n|t:|1699944800\n|move|p1a: Sableye|Will-O-Wisp|p2a: \u94a2\u94e0\u9e26\n|-status|p2a: \u94a2\u94e0\u9e26|brn\n|move|p2a: \u94a2\u94e0\u9e26|Roost|p2a: \u94a2\u94e0\u9e26\n|-heal|p2a: \u94a2\u94e0\u9e26|78\/100 brn\n|-singleturn|p2a: \u94a2\u94e0\u9e26|move: Roost\n|\n|-damage|p2a: \u94a2\u94e0\u9e26|72\/100 brn|[from] brn\n|upkeep\n|turn|10\n|\n|t:|1699944811\n|detailschange|p1a: Sableye|Sableye-Mega, F\n|-mega|p1a: Sableye|Sableye|Sablenite\n|move|p2a: \u94a2\u94e0\u9e26|Defog|p1a: Sableye\n|move|p1a: Sableye|Defog|p2a: \u94a2\u94e0\u9e26|[from]ability: Magic Bounce\n|-unboost|p2a: \u94a2\u94e0\u9e26|evasion|1\n|-sideend|p2: dwill16|Spikes|[from] move: Defog|[of] p1a: Sableye\n|-sideend|p1: v587|Stealth Rock|[from] move: Defog|[of] p1a: Sableye\n|move|p1a: Sableye|Knock Off|p2a: \u94a2\u94e0\u9e26\n|-damage|p2a: \u94a2\u94e0\u9e26|52\/100 brn\n|-damage|p1a: Sableye|72\/100|[from] item: Rocky Helmet|[of] p2a: \u94a2\u94e0\u9e26\n|-enditem|p2a: \u94a2\u94e0\u9e26|Rocky Helmet|[from] move: Knock Off|[of] p1a: Sableye\n|\n|-damage|p2a: \u94a2\u94e0\u9e26|46\/100 brn|[from] brn\n|upkeep\n|turn|11\n|\n|t:|1699944823\n|move|p2a: \u94a2\u94e0\u9e26|Roost|p2a: \u94a2\u94e0\u9e26\n|-heal|p2a: \u94a2\u94e0\u9e26|96\/100 brn\n|-singleturn|p2a: \u94a2\u94e0\u9e26|move: Roost\n|move|p1a: Sableye|Recover|p1a: Sableye\n|-heal|p1a: Sableye|100\/100\n|\n|-damage|p2a: \u94a2\u94e0\u9e26|90\/100 brn|[from] brn\n|upkeep\n|turn|12\n|inactive|dwill16 has 120 seconds left.\n|\n|t:|1699944859\n|switch|p2a: \u55b7\u706b\u9f99X|Charizard, M|100\/100\n|move|p1a: Sableye|Knock Off|p2a: \u55b7\u706b\u9f99X\n|-damage|p2a: \u55b7\u706b\u9f99X|71\/100\n|\n|upkeep\n|turn|13\n|\n|t:|1699944872\n|switch|p1a: Hydreigon|Hydreigon, M|100\/100\n|detailschange|p2a: \u55b7\u706b\u9f99X|Charizard-Mega-Y, M\n|-mega|p2a: \u55b7\u706b\u9f99X|Charizard|Charizardite Y\n|-weather|SunnyDay|[from] ability: Drought|[of] p2a: \u55b7\u706b\u9f99X\n|move|p2a: \u55b7\u706b\u9f99X|Weather Ball|p1a: Hydreigon\n|-resisted|p1a: Hydreigon\n|-damage|p1a: Hydreigon|52\/100\n|\n|-weather|SunnyDay|[upkeep]\n|-heal|p1a: Hydreigon|59\/100|[from] item: Leftovers\n|upkeep\n|turn|14\n|\n|t:|1699944883\n|switch|p2a: \u94c1\u8f99\u8ff9|Great Tusk|100\/100\n|-activate|p2a: \u94c1\u8f99\u8ff9|ability: Protosynthesis\n|-start|p2a: \u94c1\u8f99\u8ff9|protosynthesisspe\n|move|p1a: Hydreigon|Draco Meteor|p2a: \u94c1\u8f99\u8ff9\n|-damage|p2a: \u94c1\u8f99\u8ff9|7\/100\n|-unboost|p1a: Hydreigon|spa|2\n|\n|-weather|SunnyDay|[upkeep]\n|-heal|p1a: Hydreigon|65\/100|[from] item: Leftovers\n|upkeep\n|turn|15\n|\n|t:|1699944899\n|-zpower|p2a: \u94c1\u8f99\u8ff9\n|move|p2a: \u94c1\u8f99\u8ff9|Subzero Slammer|p1a: Hydreigon|[zeffect]\n|-supereffective|p1a: Hydreigon\n|-damage|p1a: Hydreigon|0 fnt\n|faint|p1a: Hydreigon\n|\n|-weather|SunnyDay|[upkeep]\n|upkeep\n|inactive|v587 has 120 seconds left.\n|\n|t:|1699944939\n|switch|p1a: Samurott|Samurott-Hisui, M|39\/100\n|turn|16\n|\n|t:|1699944963\n|-end|p2a: \u94c1\u8f99\u8ff9|Protosynthesis|[silent]\n|switch|p2a: \u94a2\u94e0\u9e26|Skarmory, F|90\/100 brn\n|move|p1a: Samurott|Sucker Punch||[still]\n|-fail|p1a: Samurott\n|\n|-weather|SunnyDay|[upkeep]\n|-damage|p2a: \u94a2\u94e0\u9e26|84\/100 brn|[from] brn\n|upkeep\n|turn|17\n|inactive|v587 has 120 seconds left.\n|\n|t:|1699944970\n|move|p1a: Samurott|Ceaseless Edge|p2a: \u94a2\u94e0\u9e26\n|-damage|p2a: \u94a2\u94e0\u9e26|48\/100 brn\n|-sidestart|p2: dwill16|Spikes\n|move|p2a: \u94a2\u94e0\u9e26|Iron Head|p1a: Samurott\n|-resisted|p1a: Samurott\n|-damage|p1a: Samurott|32\/100\n|\n|-weather|none\n|-damage|p2a: \u94a2\u94e0\u9e26|42\/100 brn|[from] brn\n|upkeep\n|turn|18\n|\n|t:|1699944975\n|move|p1a: Samurott|Swords Dance|p1a: Samurott\n|-boost|p1a: Samurott|atk|2\n|move|p2a: \u94a2\u94e0\u9e26|Roost|p2a: \u94a2\u94e0\u9e26\n|-heal|p2a: \u94a2\u94e0\u9e26|92\/100 brn\n|-singleturn|p2a: \u94a2\u94e0\u9e26|move: Roost\n|\n|-damage|p2a: \u94a2\u94e0\u9e26|86\/100 brn|[from] brn\n|upkeep\n|turn|19\n|\n|t:|1699944978\n|move|p1a: Samurott|Ceaseless Edge|p2a: \u94a2\u94e0\u9e26\n|-damage|p2a: \u94a2\u94e0\u9e26|11\/100 brn\n|-sidestart|p2: dwill16|Spikes\n|move|p2a: \u94a2\u94e0\u9e26|Defog|p1a: Samurott\n|-unboost|p1a: Samurott|evasion|1\n|-sideend|p2: dwill16|Spikes|[from] move: Defog|[of] p2a: \u94a2\u94e0\u9e26\n|\n|-damage|p2a: \u94a2\u94e0\u9e26|5\/100 brn|[from] brn\n|upkeep\n|turn|20\n|\n|t:|1699944987\n|move|p1a: Samurott|Ceaseless Edge|p2a: \u94a2\u94e0\u9e26\n|-damage|p2a: \u94a2\u94e0\u9e26|0 fnt\n|-sidestart|p2: dwill16|Spikes\n|faint|p2a: \u94a2\u94e0\u9e26\n|\n|upkeep\n|\n|t:|1699944992\n|switch|p2a: \u5361\u666e\u9e23\u9e23|Tapu Lele|100\/100\n|-damage|p2a: \u5361\u666e\u9e23\u9e23|88\/100|[from] Spikes\n|-fieldstart|move: Psychic Terrain|[from] ability: Psychic Surge|[of] p2a: \u5361\u666e\u9e23\u9e23\n|turn|21\n|\n|t:|1699945002\n|move|p2a: \u5361\u666e\u9e23\u9e23|Moonblast|p1a: Samurott\n|-supereffective|p1a: Samurott\n|-damage|p1a: Samurott|0 fnt\n|faint|p1a: Samurott\n|\n|upkeep\n|\n|t:|1699945010\n|switch|p1a: Grimmsnarl|Grimmsnarl, M|68\/100\n|turn|22\n|\n|t:|1699945014\n|move|p1a: Grimmsnarl|Light Screen|p1a: Grimmsnarl\n|-sidestart|p1: v587|move: Light Screen\n|move|p2a: \u5361\u666e\u9e23\u9e23|Moonblast|p1a: Grimmsnarl\n|-supereffective|p1a: Grimmsnarl\n|-damage|p1a: Grimmsnarl|29\/100\n|\n|upkeep\n|turn|23\n|\n|t:|1699945019\n|move|p1a: Grimmsnarl|Reflect|p1a: Grimmsnarl\n|-sidestart|p1: v587|Reflect\n|move|p2a: \u5361\u666e\u9e23\u9e23|Moonblast|p1a: Grimmsnarl\n|-supereffective|p1a: Grimmsnarl\n|-crit|p1a: Grimmsnarl\n|-damage|p1a: Grimmsnarl|0 fnt\n|faint|p1a: Grimmsnarl\n|\n|upkeep\n|\n|t:|1699945021\n|switch|p1a: Bisharp|Bisharp, M|100\/100\n|turn|24\n|\n|t:|1699945026\n|switch|p2a: \u55b7\u706b\u9f99X|Charizard-Mega-Y, M|71\/100\n|-weather|SunnyDay|[from] ability: Drought|[of] p2a: \u55b7\u706b\u9f99X\n|move|p1a: Bisharp|Swords Dance|p1a: Bisharp\n|-boost|p1a: Bisharp|atk|2\n|\n|-weather|SunnyDay|[upkeep]\n|upkeep\n|turn|25\n|\n|t:|1699945035\n|move|p1a: Bisharp|Sucker Punch|p2a: \u55b7\u706b\u9f99X\n|-hint|Psychic Terrain doesn't affect Pok\u00e9mon immune to Ground.\n|-damage|p2a: \u55b7\u706b\u9f99X|0 fnt\n|faint|p2a: \u55b7\u706b\u9f99X\n|\n|-weather|SunnyDay|[upkeep]\n|-fieldend|move: Psychic Terrain\n|upkeep\n|\n|t:|1699945043\n|switch|p2a: \u5361\u666e\u9e23\u9e23|Tapu Lele|88\/100\n|-damage|p2a: \u5361\u666e\u9e23\u9e23|76\/100|[from] Spikes\n|-fieldstart|move: Psychic Terrain|[from] ability: Psychic Surge|[of] p2a: \u5361\u666e\u9e23\u9e23\n|turn|26\n|\n|t:|1699945053\n|switch|p2a: \u8d5b\u5bcc\u8c6a|Aegislash, F|100\/100\n|-damage|p2a: \u8d5b\u5bcc\u8c6a|88\/100|[from] Spikes\n|-terastallize|p1a: Bisharp|Dark\n|move|p1a: Bisharp|Iron Head|p2a: \u8d5b\u5bcc\u8c6a\n|-resisted|p2a: \u8d5b\u5bcc\u8c6a\n|-damage|p2a: \u8d5b\u5bcc\u8c6a|56\/100\n|\n|-weather|SunnyDay|[upkeep]\n|upkeep\n|turn|27\n|\n|t:|1699945062\n|move|p2a: \u8d5b\u5bcc\u8c6a|King's Shield|p2a: \u8d5b\u5bcc\u8c6a\n|-singleturn|p2a: \u8d5b\u5bcc\u8c6a|Protect\n|move|p1a: Bisharp|Pursuit|p2a: \u8d5b\u5bcc\u8c6a\n|-activate|p2a: \u8d5b\u5bcc\u8c6a|move: Protect\n|-unboost|p1a: Bisharp|atk|1\n|-ability|p1a: Bisharp|Defiant|boost\n|-boost|p1a: Bisharp|atk|2\n|\n|-weather|SunnyDay|[upkeep]\n|upkeep\n|turn|28\n|-message|dwill16 forfeited.\n|\n|win|v587\n|raw|v587's rating: 1423 &rarr; <strong>1449<\/strong><br \/>(+26 for winning)\n|raw|dwill16's rating: 1522 &rarr; <strong>1496<\/strong><br \/>(-26 for losing)\n|l|\u2606dwill16\n","uploadtime":1699945452,"views":7,"p1id":"v587","p2id":"dwill16","formatid":"gen9nationaldex","rating":1449,"private":0,"password":""}