{"id":"gen9nationaldex-1991975247","p1":"as cheu","p2":"Jackson4516","format":"[Gen 9] National Dex","log":"|j|\u2606as cheu\n|j|\u2606Jackson4516\n|t:|1700144232\n|gametype|singles\n|player|p1|as cheu|officeworker|1531\n|player|p2|Jackson4516|265|1482\n|teamsize|p1|6\n|teamsize|p2|6\n|gen|9\n|tier|[Gen 9] National Dex\n|rated|\n|rule|HP Percentage Mod: HP is shown in percentages\n|rule|Endless Battle Clause: Forcing endless battles is banned\n|rule|OHKO Clause: OHKO moves are banned\n|rule|Evasion Clause: Evasion abilities, items, and moves are banned\n|rule|Evasion Abilities Clause: Evasion abilities are banned\n|rule|Evasion Items Clause: Evasion items are banned\n|rule|Evasion Moves Clause: Evasion moves are banned\n|rule|Species Clause: Limit one of each Pok\u00e9mon\n|rule|Sleep Clause Mod: Limit one foe put to sleep\n|clearpoke\n|poke|p1|Cloyster, M|\n|poke|p1|Umbreon, F|\n|poke|p1|Gardevoir, F|\n|poke|p1|Forretress, M|\n|poke|p1|Thundurus-Therian, M|\n|poke|p1|Sneasler, M|\n|poke|p2|Tapu Koko|\n|poke|p2|Iron Valiant|\n|poke|p2|Sneasler, M|\n|poke|p2|Iron Moth|\n|poke|p2|Landorus-Therian, M|\n|poke|p2|Scizor, F|\n|teampreview\n|j| MrPanda0526\n|\n|t:|1700144239\n|start\n|switch|p1a: Forretress|Forretress, M|100\/100\n|switch|p2a: Tapu Koko|Tapu Koko|100\/100\n|-fieldstart|move: Electric Terrain|[from] ability: Electric Surge|[of] p2a: Tapu Koko\n|turn|1\n|\n|t:|1700144244\n|move|p2a: Tapu Koko|U-turn|p1a: Forretress\n|-resisted|p1a: Forretress\n|-crit|p1a: Forretress\n|-damage|p1a: Forretress|93\/100\n|-damage|p2a: Tapu Koko|84\/100|[from] item: Rocky Helmet|[of] p1a: Forretress\n|\n|t:|1700144248\n|switch|p2a: Iron Moth|Iron Moth|100\/100|[from] U-turn\n|-activate|p2a: Iron Moth|ability: Quark Drive\n|-start|p2a: Iron Moth|quarkdrivespe\n|move|p1a: Forretress|Stealth Rock|p2a: Iron Moth\n|-sidestart|p2: Jackson4516|move: Stealth Rock\n|\n|upkeep\n|turn|2\n|\n|t:|1700144254\n|-terastallize|p1a: Forretress|Fire\n|move|p2a: Iron Moth|Fiery Dance|p1a: Forretress\n|-resisted|p1a: Forretress\n|-damage|p1a: Forretress|69\/100\n|move|p1a: Forretress|Earthquake|p2a: Iron Moth\n|-supereffective|p2a: Iron Moth\n|-damage|p2a: Iron Moth|0 fnt\n|faint|p2a: Iron Moth\n|-end|p2a: Iron Moth|Quark Drive|[silent]\n|\n|upkeep\n|\n|t:|1700144265\n|switch|p2a: Landorus|Landorus-Therian, M|100\/100\n|-damage|p2a: Landorus|88\/100|[from] Stealth Rock\n|-ability|p2a: Landorus|Intimidate|boost\n|-unboost|p1a: Forretress|atk|1\n|turn|3\n|\n|t:|1700144271\n|switch|p1a: Thundurus|Thundurus-Therian, M|100\/100\n|move|p2a: Landorus|Defog|p1a: Thundurus\n|-unboost|p1a: Thundurus|evasion|1\n|-sideend|p2: Jackson4516|Stealth Rock|[from] move: Defog|[of] p2a: Landorus\n|-fieldend|move: Electric Terrain\n|\n|upkeep\n|turn|4\n|\n|t:|1700144275\n|move|p1a: Thundurus|Hidden Power|p2a: Landorus\n|-supereffective|p2a: Landorus\n|-damage|p2a: Landorus|0 fnt\n|faint|p2a: Landorus\n|\n|upkeep\n|\n|t:|1700144278\n|switch|p2a: Tapu Koko|Tapu Koko|84\/100\n|-fieldstart|move: Electric Terrain|[from] ability: Electric Surge|[of] p2a: Tapu Koko\n|turn|5\n|\n|t:|1700144285\n|switch|p1a: Sneasler|Sneasler, M|100\/100\n|move|p2a: Tapu Koko|Hidden Power|p1a: Sneasler\n|-damage|p1a: Sneasler|78\/100\n|\n|upkeep\n|turn|6\n|\n|t:|1700144290\n|move|p1a: Sneasler|Dire Claw|p2a: Tapu Koko\n|-supereffective|p2a: Tapu Koko\n|-damage|p2a: Tapu Koko|0 fnt\n|faint|p2a: Tapu Koko\n|\n|upkeep\n|\n|t:|1700144294\n|switch|p2a: Iron Valiant|Iron Valiant|100\/100\n|-activate|p2a: Iron Valiant|ability: Quark Drive\n|-start|p2a: Iron Valiant|quarkdrivespe\n|turn|7\n|\n|t:|1700144297\n|move|p1a: Sneasler|Dire Claw|p2a: Iron Valiant\n|-supereffective|p2a: Iron Valiant\n|-damage|p2a: Iron Valiant|0 fnt\n|faint|p2a: Iron Valiant\n|-end|p2a: Iron Valiant|Quark Drive|[silent]\n|\n|upkeep\n|l| MrPanda0526\n|\n|t:|1700144309\n|switch|p2a: Sneasler|Sneasler, M|100\/100\n|-enditem|p2a: Sneasler|Electric Seed\n|-boost|p2a: Sneasler|def|1|[from] item: Electric Seed\n|turn|8\n|\n|t:|1700144314\n|move|p2a: Sneasler|Acrobatics|p1a: Sneasler\n|-supereffective|p1a: Sneasler\n|-damage|p1a: Sneasler|0 fnt\n|faint|p1a: Sneasler\n|\n|upkeep\n|\n|t:|1700144317\n|switch|p1a: \u9b3c\u65af|Cloyster, M|100\/100\n|turn|9\n|\n|t:|1700144322\n|move|p2a: Sneasler|Swords Dance|p2a: Sneasler\n|-boost|p2a: Sneasler|atk|2\n|move|p1a: \u9b3c\u65af|Icicle Spear|p2a: Sneasler\n|-damage|p2a: Sneasler|88\/100\n|-crit|p2a: Sneasler\n|-damage|p2a: Sneasler|55\/100\n|-damage|p2a: Sneasler|41\/100\n|-damage|p2a: Sneasler|27\/100\n|-damage|p2a: Sneasler|13\/100\n|-hitcount|p2a: Sneasler|5\n|\n|upkeep\n|turn|10\n|\n|t:|1700144329\n|move|p1a: \u9b3c\u65af|Ice Shard|p2a: Sneasler\n|-damage|p2a: Sneasler|0 fnt\n|faint|p2a: Sneasler\n|\n|upkeep\n|\n|t:|1700144334\n|switch|p2a: Scizor|Scizor, F, shiny|100\/100\n|turn|11\n|\n|t:|1700144337\n|detailschange|p2a: Scizor|Scizor-Mega, F, shiny\n|-mega|p2a: Scizor|Scizor|Scizorite\n|move|p1a: \u9b3c\u65af|Shell Smash|p1a: \u9b3c\u65af\n|-unboost|p1a: \u9b3c\u65af|def|1\n|-unboost|p1a: \u9b3c\u65af|spd|1\n|-boost|p1a: \u9b3c\u65af|atk|2\n|-boost|p1a: \u9b3c\u65af|spa|2\n|-boost|p1a: \u9b3c\u65af|spe|2\n|move|p2a: Scizor|Swords Dance|p2a: Scizor\n|-boost|p2a: Scizor|atk|2\n|\n|upkeep\n|turn|12\n|\n|t:|1700144345\n|move|p1a: \u9b3c\u65af|Waterfall|p2a: Scizor\n|-damage|p2a: Scizor|38\/100\n|move|p2a: Scizor|Trailblaze|p1a: \u9b3c\u65af\n|-supereffective|p1a: \u9b3c\u65af\n|-enditem|p1a: \u9b3c\u65af|Focus Sash\n|-damage|p1a: \u9b3c\u65af|1\/100\n|-boost|p2a: Scizor|spe|1\n|\n|-fieldend|move: Electric Terrain\n|upkeep\n|turn|13\n|\n|t:|1700144356\n|move|p1a: \u9b3c\u65af|Ice Shard|p2a: Scizor\n|-resisted|p2a: Scizor\n|-damage|p2a: Scizor|21\/100\n|move|p2a: Scizor|Bullet Punch|p1a: \u9b3c\u65af\n|-damage|p1a: \u9b3c\u65af|0 fnt\n|faint|p1a: \u9b3c\u65af\n|\n|upkeep\n|\n|t:|1700144360\n|switch|p1a: Thundurus|Thundurus-Therian, M|100\/100\n|turn|14\n|\n|t:|1700144369\n|move|p2a: Scizor|Bullet Punch|p1a: Thundurus\n|-resisted|p1a: Thundurus\n|-damage|p1a: Thundurus|41\/100\n|move|p1a: Thundurus|Thunderbolt|p2a: Scizor\n|-damage|p2a: Scizor|0 fnt\n|faint|p2a: Scizor\n|\n|win|as cheu\n|raw|as cheu's rating: 1531 &rarr; <strong>1548<\/strong><br \/>(+17 for winning)\n|raw|Jackson4516's rating: 1482 &rarr; <strong>1465<\/strong><br \/>(-17 for losing)\n|l|\u2606Jackson4516\n","uploadtime":1700144386,"views":12,"p1id":"ascheu","p2id":"jackson4516","formatid":"gen9nationaldex","rating":1465,"private":0,"password":""}