{"id":"gen9nationaldex-1999196192","p1":"Z3R0Freeze","p2":"radlc","format":"[Gen 9] National Dex","log":"|html|<div class=\"broadcast-blue\"><strong>[Gen 9] National Dex is currently suspecting Sneasler! For information on how to participate check out the <a href=\"https:\/\/www.smogon.com\/forums\/threads\/sv-national-dex-suspect-8-just-dance.3731534\/\">suspect thread<\/a>.<\/strong><\/div>\n|j|\u2606Z3R0Freeze\n|j|\u2606radlc\n|t:|1701044106\n|gametype|singles\n|player|p1|Z3R0Freeze|crasherwake|1277\n|player|p2|radlc|rocketgrunt|1385\n|teamsize|p1|6\n|teamsize|p2|6\n|gen|9\n|tier|[Gen 9] National Dex\n|rated|\n|rule|HP Percentage Mod: HP is shown in percentages\n|rule|Endless Battle Clause: Forcing endless battles is banned\n|rule|OHKO Clause: OHKO moves are banned\n|rule|Evasion Clause: Evasion abilities, items, and moves are banned\n|rule|Evasion Abilities Clause: Evasion abilities are banned\n|rule|Evasion Items Clause: Evasion items are banned\n|rule|Evasion Moves Clause: Evasion moves are banned\n|rule|Species Clause: Limit one of each Pok\u00e9mon\n|rule|Sleep Clause Mod: Limit one foe put to sleep\n|clearpoke\n|poke|p1|Glalie, F|\n|poke|p1|Kyurem|\n|poke|p1|Garganacl, M|\n|poke|p1|Corviknight, M|\n|poke|p1|Alomomola, F|\n|poke|p1|Ting-Lu|\n|poke|p2|Lilligant-Hisui, F|\n|poke|p2|Ninetales, F|\n|poke|p2|Sandy Shocks|\n|poke|p2|Scream Tail|\n|poke|p2|Torkoal, F|\n|poke|p2|Ditto|\n|teampreview\n|inactive|Battle timer is ON: inactive players will automatically lose when time's up. (requested by radlc)\n|inactive|Z3R0Freeze also wants the timer to be on.\n|\n|t:|1701044122\n|start\n|switch|p1a: Cold Case \u274c\ufe0f\u2709\ufe0f|Kyurem, shiny|100\/100\n|switch|p2a: Scream Tail|Scream Tail|100\/100\n|-ability|p1a: Cold Case \u274c\ufe0f\u2709\ufe0f|Pressure\n|turn|1\n|\n|t:|1701044132\n|switch|p1a: \"BestFriend\"\ud83e\uddc2\ud83d\udcac|Garganacl, M, shiny|100\/100\n|move|p2a: Scream Tail|Trick|p1a: \"BestFriend\"\ud83e\uddc2\ud83d\udcac\n|-activate|p2a: Scream Tail|move: Trick|[of] p1a: \"BestFriend\"\ud83e\uddc2\ud83d\udcac\n|-item|p1a: \"BestFriend\"\ud83e\uddc2\ud83d\udcac|Choice Scarf|[from] move: Trick\n|-item|p2a: Scream Tail|Leftovers|[from] move: Trick\n|\n|upkeep\n|turn|2\n|\n|t:|1701044141\n|move|p2a: Scream Tail|Stealth Rock|p1a: \"BestFriend\"\ud83e\uddc2\ud83d\udcac\n|-sidestart|p1: Z3R0Freeze|move: Stealth Rock\n|move|p1a: \"BestFriend\"\ud83e\uddc2\ud83d\udcac|Salt Cure|p2a: Scream Tail\n|-damage|p2a: Scream Tail|91\/100\n|-start|p2a: Scream Tail|Salt Cure\n|\n|-heal|p2a: Scream Tail|97\/100|[from] item: Leftovers\n|-damage|p2a: Scream Tail|84\/100|[from] Salt Cure\n|upkeep\n|turn|3\n|\n|t:|1701044151\n|move|p2a: Scream Tail|Wish|p2a: Scream Tail\n|move|p1a: \"BestFriend\"\ud83e\uddc2\ud83d\udcac|Salt Cure|p2a: Scream Tail\n|-damage|p2a: Scream Tail|73\/100\n|\n|-heal|p2a: Scream Tail|79\/100|[from] item: Leftovers\n|-damage|p2a: Scream Tail|66\/100|[from] Salt Cure\n|upkeep\n|turn|4\n|\n|t:|1701044162\n|-end|p2a: Scream Tail|Protosynthesis|[silent]\n|switch|p2a: Sandy Shocks|Sandy Shocks, shiny|100\/100\n|move|p1a: \"BestFriend\"\ud83e\uddc2\ud83d\udcac|Salt Cure|p2a: Sandy Shocks\n|-resisted|p2a: Sandy Shocks\n|-damage|p2a: Sandy Shocks|93\/100\n|-start|p2a: Sandy Shocks|Salt Cure\n|\n|-heal|p2a: Sandy Shocks|100\/100|[from] move: Wish|[wisher] Scream Tail\n|-damage|p2a: Sandy Shocks|88\/100|[from] Salt Cure\n|upkeep\n|turn|5\n|\n|t:|1701044186\n|switch|p1a: Resting Lover \ud83d\ude1e\ud83d\udc94|Ting-Lu|100\/100\n|-damage|p1a: Resting Lover \ud83d\ude1e\ud83d\udc94|94\/100|[from] Stealth Rock\n|-ability|p1a: Resting Lover \ud83d\ude1e\ud83d\udc94|Vessel of Ruin\n|-terastallize|p2a: Sandy Shocks|Ice\n|move|p2a: Sandy Shocks|Tera Blast|p1a: Resting Lover \ud83d\ude1e\ud83d\udc94|[anim] Tera Blast Ice\n|-supereffective|p1a: Resting Lover \ud83d\ude1e\ud83d\udc94\n|-damage|p1a: Resting Lover \ud83d\ude1e\ud83d\udc94|59\/100\n|\n|-heal|p1a: Resting Lover \ud83d\ude1e\ud83d\udc94|65\/100|[from] item: Leftovers\n|-damage|p2a: Sandy Shocks|76\/100|[from] Salt Cure\n|upkeep\n|turn|6\n|\n|t:|1701044205\n|-end|p2a: Sandy Shocks|Protosynthesis|[silent]\n|switch|p2a: Torkoal|Torkoal, F|100\/100\n|-weather|SunnyDay|[from] ability: Drought|[of] p2a: Torkoal\n|move|p1a: Resting Lover \ud83d\ude1e\ud83d\udc94|Heavy Slam|p2a: Torkoal\n|-resisted|p2a: Torkoal\n|-damage|p2a: Torkoal|93\/100\n|\n|-weather|SunnyDay|[upkeep]\n|-heal|p1a: Resting Lover \ud83d\ude1e\ud83d\udc94|72\/100|[from] item: Leftovers\n|upkeep\n|turn|7\n|\n|t:|1701044216\n|move|p1a: Resting Lover \ud83d\ude1e\ud83d\udc94|Earthquake|p2a: Torkoal\n|-supereffective|p2a: Torkoal\n|-damage|p2a: Torkoal|50\/100\n|move|p2a: Torkoal|Yawn|p1a: Resting Lover \ud83d\ude1e\ud83d\udc94\n|-start|p1a: Resting Lover \ud83d\ude1e\ud83d\udc94|move: Yawn|[of] p2a: Torkoal\n|\n|-weather|SunnyDay|[upkeep]\n|-heal|p1a: Resting Lover \ud83d\ude1e\ud83d\udc94|78\/100|[from] item: Leftovers\n|upkeep\n|turn|8\n|\n|t:|1701044231\n|switch|p1a: Detective \ud83e\udd76\ud83c\udf43|Corviknight, M, shiny|100\/100\n|-damage|p1a: Detective \ud83e\udd76\ud83c\udf43|88\/100|[from] Stealth Rock\n|-ability|p1a: Detective \ud83e\udd76\ud83c\udf43|Pressure\n|switch|p2a: Sandy Shocks|Sandy Shocks, shiny, tera:Ice|76\/100\n|-activate|p2a: Sandy Shocks|ability: Protosynthesis\n|-start|p2a: Sandy Shocks|protosynthesisspa\n|\n|-weather|SunnyDay|[upkeep]\n|upkeep\n|turn|9\n|\n|t:|1701044244\n|switch|p1a: Resting Lover \ud83d\ude1e\ud83d\udc94|Ting-Lu|78\/100\n|-damage|p1a: Resting Lover \ud83d\ude1e\ud83d\udc94|72\/100|[from] Stealth Rock\n|-ability|p1a: Resting Lover \ud83d\ude1e\ud83d\udc94|Vessel of Ruin\n|move|p2a: Sandy Shocks|Volt Switch|p1a: Resting Lover \ud83d\ude1e\ud83d\udc94\n|-immune|p1a: Resting Lover \ud83d\ude1e\ud83d\udc94\n|\n|-weather|SunnyDay|[upkeep]\n|-heal|p1a: Resting Lover \ud83d\ude1e\ud83d\udc94|78\/100|[from] item: Leftovers\n|upkeep\n|turn|10\n|\n|t:|1701044256\n|-end|p2a: Sandy Shocks|Protosynthesis|[silent]\n|switch|p2a: Lilligant|Lilligant-Hisui, F, shiny|100\/100\n|move|p1a: Resting Lover \ud83d\ude1e\ud83d\udc94|Earthquake|p2a: Lilligant\n|-resisted|p2a: Lilligant\n|-crit|p2a: Lilligant\n|-damage|p2a: Lilligant|59\/100\n|\n|-weather|SunnyDay|[upkeep]\n|-heal|p2a: Lilligant|65\/100|[from] item: Leftovers\n|-heal|p1a: Resting Lover \ud83d\ude1e\ud83d\udc94|84\/100|[from] item: Leftovers\n|upkeep\n|turn|11\n|\n|t:|1701044269\n|switch|p1a: Detective \ud83e\udd76\ud83c\udf43|Corviknight, M, shiny|88\/100\n|-damage|p1a: Detective \ud83e\udd76\ud83c\udf43|75\/100|[from] Stealth Rock\n|-ability|p1a: Detective \ud83e\udd76\ud83c\udf43|Pressure\n|move|p2a: Lilligant|Victory Dance|p2a: Lilligant\n|-boost|p2a: Lilligant|atk|1\n|-boost|p2a: Lilligant|def|1\n|-boost|p2a: Lilligant|spe|1\n|\n|-weather|SunnyDay|[upkeep]\n|-heal|p2a: Lilligant|71\/100|[from] item: Leftovers\n|upkeep\n|turn|12\n|inactive|radlc has 120 seconds left.\n|\n|t:|1701044295\n|move|p2a: Lilligant|Close Combat|p1a: Detective \ud83e\udd76\ud83c\udf43\n|-damage|p1a: Detective \ud83e\udd76\ud83c\udf43|26\/100\n|-unboost|p2a: Lilligant|def|1\n|-unboost|p2a: Lilligant|spd|1\n|-damage|p2a: Lilligant|55\/100|[from] item: Rocky Helmet|[of] p1a: Detective \ud83e\udd76\ud83c\udf43\n|move|p1a: Detective \ud83e\udd76\ud83c\udf43|Iron Defense|p1a: Detective \ud83e\udd76\ud83c\udf43\n|-boost|p1a: Detective \ud83e\udd76\ud83c\udf43|def|2\n|\n|-weather|SunnyDay|[upkeep]\n|-heal|p2a: Lilligant|61\/100|[from] item: Leftovers\n|upkeep\n|turn|13\n|inactive|radlc has 120 seconds left.\n|\n|t:|1701044307\n|move|p2a: Lilligant|Close Combat|p1a: Detective \ud83e\udd76\ud83c\udf43\n|-damage|p1a: Detective \ud83e\udd76\ud83c\udf43|0 fnt\n|-unboost|p2a: Lilligant|def|1\n|-unboost|p2a: Lilligant|spd|1\n|-damage|p2a: Lilligant|44\/100|[from] item: Rocky Helmet|[of] p1a: Detective \ud83e\udd76\ud83c\udf43\n|faint|p1a: Detective \ud83e\udd76\ud83c\udf43\n|\n|-weather|none\n|-heal|p2a: Lilligant|50\/100|[from] item: Leftovers\n|upkeep\n|inactive|Z3R0Freeze has 120 seconds left.\n|\n|t:|1701044328\n|switch|p1a: Thot Wife \ud83d\ude36\u200d\ud83c\udf2b\ufe0f\ud83d\udca8|Alomomola, F, shiny|100\/100\n|turn|14\n|inactive|Z3R0Freeze has 120 seconds left.\n|inactive|radlc has 120 seconds left.\n|\n|t:|1701044339\n|switch|p2a: Ditto|Ditto, shiny|100\/100\n|-transform|p2a: Ditto|p1a: Thot Wife \ud83d\ude36\u200d\ud83c\udf2b\ufe0f\ud83d\udca8|[from] ability: Imposter\n|-terastallize|p1a: Thot Wife \ud83d\ude36\u200d\ud83c\udf2b\ufe0f\ud83d\udca8|Fairy\n|move|p1a: Thot Wife \ud83d\ude36\u200d\ud83c\udf2b\ufe0f\ud83d\udca8|Toxic|p2a: Ditto\n|-status|p2a: Ditto|tox\n|\n|-damage|p2a: Ditto|94\/100 tox|[from] psn\n|upkeep\n|turn|15\n|inactive|radlc has 120 seconds left.\n|\n|t:|1701044354\n|switch|p1a: \"BestFriend\"\ud83e\uddc2\ud83d\udcac|Garganacl, M, shiny|100\/100\n|-damage|p1a: \"BestFriend\"\ud83e\uddc2\ud83d\udcac|88\/100|[from] Stealth Rock\n|move|p2a: Ditto|Toxic|p1a: \"BestFriend\"\ud83e\uddc2\ud83d\udcac\n|-immune|p1a: \"BestFriend\"\ud83e\uddc2\ud83d\udcac|[from] ability: Purifying Salt\n|\n|-damage|p2a: Ditto|82\/100 tox|[from] psn\n|upkeep\n|turn|16\n|inactive|radlc has 120 seconds left.\n|\n|t:|1701044369\n|switch|p2a: Sandy Shocks|Sandy Shocks, shiny, tera:Ice|76\/100\n|move|p1a: \"BestFriend\"\ud83e\uddc2\ud83d\udcac|Salt Cure|p2a: Sandy Shocks\n|-supereffective|p2a: Sandy Shocks\n|-damage|p2a: Sandy Shocks|45\/100\n|-start|p2a: Sandy Shocks|Salt Cure\n|\n|-damage|p2a: Sandy Shocks|32\/100|[from] Salt Cure\n|upkeep\n|turn|17\n|inactive|radlc has 120 seconds left.\n|\n|t:|1701044378\n|move|p2a: Sandy Shocks|Volt Switch|p1a: \"BestFriend\"\ud83e\uddc2\ud83d\udcac\n|-damage|p1a: \"BestFriend\"\ud83e\uddc2\ud83d\udcac|66\/100\n|inactive|radlc has 120 seconds left.\n|\n|t:|1701044393\n|-end|p2a: Sandy Shocks|Protosynthesis|[silent]\n|switch|p2a: Scream Tail|Scream Tail|66\/100|[from] Volt Switch\n|move|p1a: \"BestFriend\"\ud83e\uddc2\ud83d\udcac|Salt Cure|p2a: Scream Tail\n|-damage|p2a: Scream Tail|56\/100\n|-start|p2a: Scream Tail|Salt Cure\n|\n|-heal|p2a: Scream Tail|62\/100|[from] item: Leftovers\n|-damage|p2a: Scream Tail|50\/100|[from] Salt Cure\n|upkeep\n|turn|18\n|inactive|radlc has 120 seconds left.\n|\n|t:|1701044405\n|switch|p1a: Spiked Glass \ud83e\udd2b\ud83d\udcac|Glalie, F|100\/100\n|-damage|p1a: Spiked Glass \ud83e\udd2b\ud83d\udcac|76\/100|[from] Stealth Rock\n|move|p2a: Scream Tail|Wish|p2a: Scream Tail\n|\n|-heal|p2a: Scream Tail|56\/100|[from] item: Leftovers\n|-damage|p2a: Scream Tail|44\/100|[from] Salt Cure\n|upkeep\n|turn|19\n|inactive|radlc has 120 seconds left.\n|l|\u2606radlc\n|inactive|radlc disconnected and has a minute to reconnect!\n|player|p2|\n|j|\u2606radlc\n|inactive|radlc reconnected and has 105 seconds left.\n|player|p2|radlc|rocketgrunt\n|inactive|radlc has 90 seconds left.\n|\n|t:|1701044441\n|-end|p2a: Scream Tail|Protosynthesis|[silent]\n|switch|p2a: Ninetales|Ninetales, F, shiny|100\/100\n|-weather|SunnyDay|[from] ability: Drought|[of] p2a: Ninetales\n|detailschange|p1a: Spiked Glass \ud83e\udd2b\ud83d\udcac|Glalie-Mega, F\n|-mega|p1a: Spiked Glass \ud83e\udd2b\ud83d\udcac|Glalie|Glalitite\n|move|p1a: Spiked Glass \ud83e\udd2b\ud83d\udcac|Earthquake|p2a: Ninetales\n|-supereffective|p2a: Ninetales\n|-damage|p2a: Ninetales|9\/100\n|\n|-weather|SunnyDay|[upkeep]\n|-heal|p2a: Ninetales|84\/100|[from] move: Wish|[wisher] Scream Tail\n|upkeep\n|turn|20\n|inactive|radlc has 90 seconds left.\n|\n|t:|1701044457\n|switch|p1a: \"BestFriend\"\ud83e\uddc2\ud83d\udcac|Garganacl, M, shiny|66\/100\n|-damage|p1a: \"BestFriend\"\ud83e\uddc2\ud83d\udcac|53\/100|[from] Stealth Rock\n|move|p2a: Ninetales|Flamethrower|p1a: \"BestFriend\"\ud83e\uddc2\ud83d\udcac\n|-resisted|p1a: \"BestFriend\"\ud83e\uddc2\ud83d\udcac\n|-damage|p1a: \"BestFriend\"\ud83e\uddc2\ud83d\udcac|37\/100\n|\n|-weather|SunnyDay|[upkeep]\n|upkeep\n|turn|21\n|inactive|radlc has 90 seconds left.\n|\n|t:|1701044468\n|move|p2a: Ninetales|Scorching Sands|p1a: \"BestFriend\"\ud83e\uddc2\ud83d\udcac\n|-supereffective|p1a: \"BestFriend\"\ud83e\uddc2\ud83d\udcac\n|-damage|p1a: \"BestFriend\"\ud83e\uddc2\ud83d\udcac|15\/100\n|move|p1a: \"BestFriend\"\ud83e\uddc2\ud83d\udcac|Stealth Rock|p2a: Ninetales\n|-sidestart|p2: radlc|move: Stealth Rock\n|\n|-weather|SunnyDay|[upkeep]\n|upkeep\n|turn|22\n|inactive|radlc has 90 seconds left.\n|\n|t:|1701044477\n|move|p2a: Ninetales|Nasty Plot|p2a: Ninetales\n|-boost|p2a: Ninetales|spa|2\n|move|p1a: \"BestFriend\"\ud83e\uddc2\ud83d\udcac|Stealth Rock||[still]\n|-fail|p1a: \"BestFriend\"\ud83e\uddc2\ud83d\udcac\n|\n|-weather|SunnyDay|[upkeep]\n|upkeep\n|turn|23\n|inactive|radlc has 90 seconds left.\n|\n|t:|1701044488\n|switch|p1a: Resting Lover \ud83d\ude1e\ud83d\udc94|Ting-Lu|84\/100\n|-damage|p1a: Resting Lover \ud83d\ude1e\ud83d\udc94|78\/100|[from] Stealth Rock\n|-ability|p1a: Resting Lover \ud83d\ude1e\ud83d\udc94|Vessel of Ruin\n|move|p2a: Ninetales|Scorching Sands|p1a: Resting Lover \ud83d\ude1e\ud83d\udc94\n|-damage|p1a: Resting Lover \ud83d\ude1e\ud83d\udc94|65\/100\n|\n|-weather|none\n|-heal|p1a: Resting Lover \ud83d\ude1e\ud83d\udc94|71\/100|[from] item: Leftovers\n|upkeep\n|turn|24\n|inactive|radlc has 90 seconds left.\n|\n|t:|1701044504\n|move|p2a: Ninetales|Flamethrower|p1a: Resting Lover \ud83d\ude1e\ud83d\udc94\n|-damage|p1a: Resting Lover \ud83d\ude1e\ud83d\udc94|40\/100\n|move|p1a: Resting Lover \ud83d\ude1e\ud83d\udc94|Earthquake|p2a: Ninetales\n|-supereffective|p2a: Ninetales\n|-damage|p2a: Ninetales|0 fnt\n|faint|p2a: Ninetales\n|\n|-heal|p1a: Resting Lover \ud83d\ude1e\ud83d\udc94|47\/100|[from] item: Leftovers\n|upkeep\n|\n|t:|1701044521\n|switch|p2a: Ditto|Ditto, shiny|100\/100 tox\n|-damage|p2a: Ditto|88\/100 tox|[from] Stealth Rock\n|-transform|p2a: Ditto|p1a: Resting Lover \ud83d\ude1e\ud83d\udc94|[from] ability: Imposter\n|-ability|p2a: Ditto|Vessel of Ruin\n|turn|25\n|\n|t:|1701044548\n|move|p2a: Ditto|Rest|p2a: Ditto\n|-status|p2a: Ditto|slp|[from] move: Rest\n|-heal|p2a: Ditto|100\/100 slp|[silent]\n|move|p1a: Resting Lover \ud83d\ude1e\ud83d\udc94|Earthquake|p2a: Ditto\n|-damage|p2a: Ditto|64\/100 slp\n|\n|-heal|p1a: Resting Lover \ud83d\ude1e\ud83d\udc94|53\/100|[from] item: Leftovers\n|upkeep\n|turn|26\n|\n|t:|1701044564\n|switch|p2a: Torkoal|Torkoal, F|50\/100\n|-damage|p2a: Torkoal|25\/100|[from] Stealth Rock\n|-weather|SunnyDay|[from] ability: Drought|[of] p2a: Torkoal\n|move|p1a: Resting Lover \ud83d\ude1e\ud83d\udc94|Heavy Slam|p2a: Torkoal\n|-resisted|p2a: Torkoal\n|-damage|p2a: Torkoal|16\/100\n|\n|-weather|SunnyDay|[upkeep]\n|-heal|p1a: Resting Lover \ud83d\ude1e\ud83d\udc94|59\/100|[from] item: Leftovers\n|upkeep\n|turn|27\n|\n|t:|1701044579\n|switch|p2a: Lilligant|Lilligant-Hisui, F, shiny|50\/100\n|-damage|p2a: Lilligant|44\/100|[from] Stealth Rock\n|move|p1a: Resting Lover \ud83d\ude1e\ud83d\udc94|Earthquake|p2a: Lilligant\n|-resisted|p2a: Lilligant\n|-damage|p2a: Lilligant|15\/100\n|\n|-weather|SunnyDay|[upkeep]\n|-heal|p2a: Lilligant|21\/100|[from] item: Leftovers\n|-heal|p1a: Resting Lover \ud83d\ude1e\ud83d\udc94|65\/100|[from] item: Leftovers\n|upkeep\n|turn|28\n|\n|t:|1701044598\n|switch|p1a: \"BestFriend\"\ud83e\uddc2\ud83d\udcac|Garganacl, M, shiny|15\/100\n|-damage|p1a: \"BestFriend\"\ud83e\uddc2\ud83d\udcac|3\/100|[from] Stealth Rock\n|move|p2a: Lilligant|Solar Blade||[still]\n|-prepare|p2a: Lilligant|Solar Blade\n|-anim|p2a: Lilligant|Solar Blade|p1a: \"BestFriend\"\ud83e\uddc2\ud83d\udcac\n|-supereffective|p1a: \"BestFriend\"\ud83e\uddc2\ud83d\udcac\n|-damage|p1a: \"BestFriend\"\ud83e\uddc2\ud83d\udcac|0 fnt\n|faint|p1a: \"BestFriend\"\ud83e\uddc2\ud83d\udcac\n|\n|-weather|SunnyDay|[upkeep]\n|-heal|p2a: Lilligant|28\/100|[from] item: Leftovers\n|upkeep\n|\n|t:|1701044600\n|switch|p1a: Thot Wife \ud83d\ude36\u200d\ud83c\udf2b\ufe0f\ud83d\udca8|Alomomola, F, shiny, tera:Fairy|100\/100\n|turn|29\n|\n|t:|1701044616\n|switch|p2a: Ditto|Ditto, shiny|64\/100 slp\n|-damage|p2a: Ditto|52\/100 slp|[from] Stealth Rock\n|-transform|p2a: Ditto|p1a: Thot Wife \ud83d\ude36\u200d\ud83c\udf2b\ufe0f\ud83d\udca8|[from] ability: Imposter\n|move|p1a: Thot Wife \ud83d\ude36\u200d\ud83c\udf2b\ufe0f\ud83d\udca8|Toxic||[still]\n|-fail|p1a: Thot Wife \ud83d\ude36\u200d\ud83c\udf2b\ufe0f\ud83d\udca8\n|\n|-weather|SunnyDay|[upkeep]\n|upkeep\n|turn|30\n|\n|t:|1701044630\n|cant|p2a: Ditto|slp\n|move|p1a: Thot Wife \ud83d\ude36\u200d\ud83c\udf2b\ufe0f\ud83d\udca8|Flip Turn|p2a: Ditto\n|-resisted|p2a: Ditto\n|-damage|p2a: Ditto|49\/100 slp\n|inactive|Z3R0Freeze has 120 seconds left.\n|\n|t:|1701044667\n|switch|p1a: Spiked Glass \ud83e\udd2b\ud83d\udcac|Glalie-Mega, F|76\/100|[from] Flip Turn\n|-damage|p1a: Spiked Glass \ud83e\udd2b\ud83d\udcac|51\/100|[from] Stealth Rock\n|\n|-weather|SunnyDay|[upkeep]\n|upkeep\n|turn|31\n|inactive|Z3R0Freeze has 120 seconds left.\n|\n|t:|1701044676\n|switch|p2a: Scream Tail|Scream Tail|44\/100\n|-damage|p2a: Scream Tail|31\/100|[from] Stealth Rock\n|-activate|p2a: Scream Tail|ability: Protosynthesis\n|-start|p2a: Scream Tail|protosynthesisspd\n|move|p1a: Spiked Glass \ud83e\udd2b\ud83d\udcac|Freeze-Dry|p2a: Scream Tail\n|-damage|p2a: Scream Tail|20\/100\n|\n|-weather|SunnyDay|[upkeep]\n|-heal|p2a: Scream Tail|26\/100|[from] item: Leftovers\n|upkeep\n|turn|32\n|\n|t:|1701044691\n|move|p1a: Spiked Glass \ud83e\udd2b\ud83d\udcac|Frustration|p2a: Scream Tail\n|-crit|p2a: Scream Tail\n|-damage|p2a: Scream Tail|0 fnt\n|faint|p2a: Scream Tail\n|-end|p2a: Scream Tail|Protosynthesis|[silent]\n|\n|-weather|SunnyDay|[upkeep]\n|upkeep\n|\n|t:|1701044703\n|switch|p2a: Sandy Shocks|Sandy Shocks, shiny, tera:Ice|32\/100\n|-damage|p2a: Sandy Shocks|8\/100|[from] Stealth Rock\n|-activate|p2a: Sandy Shocks|ability: Protosynthesis\n|-start|p2a: Sandy Shocks|protosynthesisspa\n|turn|33\n|\n|t:|1701044713\n|switch|p1a: Resting Lover \ud83d\ude1e\ud83d\udc94|Ting-Lu|65\/100\n|-damage|p1a: Resting Lover \ud83d\ude1e\ud83d\udc94|59\/100|[from] Stealth Rock\n|-ability|p1a: Resting Lover \ud83d\ude1e\ud83d\udc94|Vessel of Ruin\n|move|p2a: Sandy Shocks|Tera Blast|p1a: Resting Lover \ud83d\ude1e\ud83d\udc94|[anim] Tera Blast Ice\n|-supereffective|p1a: Resting Lover \ud83d\ude1e\ud83d\udc94\n|-damage|p1a: Resting Lover \ud83d\ude1e\ud83d\udc94|19\/100\n|\n|-weather|none\n|-end|p2a: Sandy Shocks|Protosynthesis\n|-heal|p1a: Resting Lover \ud83d\ude1e\ud83d\udc94|25\/100|[from] item: Leftovers\n|upkeep\n|turn|34\n|\n|t:|1701044729\n|move|p2a: Sandy Shocks|Tera Blast|p1a: Resting Lover \ud83d\ude1e\ud83d\udc94|[anim] Tera Blast Ice\n|-supereffective|p1a: Resting Lover \ud83d\ude1e\ud83d\udc94\n|-damage|p1a: Resting Lover \ud83d\ude1e\ud83d\udc94|0 fnt\n|faint|p1a: Resting Lover \ud83d\ude1e\ud83d\udc94\n|\n|upkeep\n|\n|t:|1701044733\n|switch|p1a: Thot Wife \ud83d\ude36\u200d\ud83c\udf2b\ufe0f\ud83d\udca8|Alomomola, F, shiny, tera:Fairy|100\/100\n|turn|35\n|\n|t:|1701044738\n|move|p2a: Sandy Shocks|Tera Blast|p1a: Thot Wife \ud83d\ude36\u200d\ud83c\udf2b\ufe0f\ud83d\udca8|[anim] Tera Blast Ice\n|-damage|p1a: Thot Wife \ud83d\ude36\u200d\ud83c\udf2b\ufe0f\ud83d\udca8|50\/100\n|move|p1a: Thot Wife \ud83d\ude36\u200d\ud83c\udf2b\ufe0f\ud83d\udca8|Flip Turn|p2a: Sandy Shocks\n|-damage|p2a: Sandy Shocks|0 fnt\n|faint|p2a: Sandy Shocks\n|-end|p2a: Sandy Shocks|Protosynthesis|[silent]\n|\n|t:|1701044747\n|switch|p1a: Spiked Glass \ud83e\udd2b\ud83d\udcac|Glalie-Mega, F|51\/100|[from] Flip Turn\n|-damage|p1a: Spiked Glass \ud83e\udd2b\ud83d\udcac|26\/100|[from] Stealth Rock\n|\n|upkeep\n|inactive|radlc has 90 seconds left.\n|\n|t:|1701044780\n|switch|p2a: Torkoal|Torkoal, F|16\/100\n|-damage|p2a: Torkoal|0 fnt|[from] Stealth Rock\n|faint|p2a: Torkoal\n|\n|t:|1701044786\n|switch|p2a: Lilligant|Lilligant-Hisui, F, shiny|28\/100\n|-damage|p2a: Lilligant|21\/100|[from] Stealth Rock\n|turn|36\n|\n|t:|1701044795\n|move|p1a: Spiked Glass \ud83e\udd2b\ud83d\udcac|Frustration|p2a: Lilligant\n|-supereffective|p2a: Lilligant\n|-damage|p2a: Lilligant|0 fnt\n|faint|p2a: Lilligant\n|\n|upkeep\n|c|\u2606Z3R0Freeze|Bro\n|-message|radlc forfeited.\n|\n|win|Z3R0Freeze\n|raw|Z3R0Freeze's rating: 1277 &rarr; <strong>1308<\/strong><br \/>(+31 for winning)\n|raw|radlc's rating: 1359 &rarr; <strong>1334<\/strong><br \/>(-25 for losing)\n|l|\u2606radlc\n|c|\u2606Z3R0Freeze|AMAZING GANE\n","uploadtime":1701044815,"views":1,"p1id":"z3r0freeze","p2id":"radlc","formatid":"gen9nationaldex","rating":1308,"private":0,"password":""}