{"id":"gen9nationaldex-1988206384","p1":"Coolplaty","p2":"Batalha Comigo","format":"[Gen 9] National Dex","log":"|j|\u2606Coolplaty\n|j|\u2606Batalha Comigo\n|t:|1699685136\n|gametype|singles\n|player|p1|Coolplaty|hilbert|1025\n|player|p2|Batalha Comigo|nate|1000\n|teamsize|p1|6\n|teamsize|p2|1\n|gen|9\n|tier|[Gen 9] National Dex\n|rated|\n|rule|HP Percentage Mod: HP is shown in percentages\n|rule|Endless Battle Clause: Forcing endless battles is banned\n|rule|OHKO Clause: OHKO moves are banned\n|rule|Evasion Clause: Evasion abilities, items, and moves are banned\n|rule|Evasion Abilities Clause: Evasion abilities are banned\n|rule|Evasion Items Clause: Evasion items are banned\n|rule|Evasion Moves Clause: Evasion moves are banned\n|rule|Species Clause: Limit one of each Pok\u00e9mon\n|rule|Sleep Clause Mod: Limit one foe put to sleep\n|clearpoke\n|poke|p1|Fearow, M|\n|poke|p1|Heracross, M|\n|poke|p1|Orthworm, F|\n|poke|p1|Empoleon, M|\n|poke|p1|Wigglytuff, M|\n|poke|p1|Boltund, M|\n|poke|p2|Chimecho, M|\n|teampreview\n|\n|t:|1699685139\n|start\n|switch|p1a: Boltund|Boltund, M, shiny|100\/100\n|switch|p2a: Chimecho|Chimecho, M|100\/100\n|turn|1\n|\n|t:|1699685145\n|move|p1a: Boltund|Crunch|p2a: Chimecho\n|-supereffective|p2a: Chimecho\n|-damage|p2a: Chimecho|47\/100\n|move|p2a: Chimecho|Cosmic Power|p2a: Chimecho\n|-boost|p2a: Chimecho|def|1\n|-boost|p2a: Chimecho|spd|1\n|\n|-heal|p2a: Chimecho|53\/100|[from] item: Leftovers\n|upkeep\n|turn|2\n|\n|t:|1699685152\n|move|p1a: Boltund|Crunch|p2a: Chimecho\n|-supereffective|p2a: Chimecho\n|-damage|p2a: Chimecho|18\/100\n|move|p2a: Chimecho|Recover|p2a: Chimecho\n|-heal|p2a: Chimecho|68\/100\n|\n|-heal|p2a: Chimecho|74\/100|[from] item: Leftovers\n|upkeep\n|turn|3\n|\n|t:|1699685159\n|move|p1a: Boltund|Crunch|p2a: Chimecho\n|-supereffective|p2a: Chimecho\n|-damage|p2a: Chimecho|41\/100\n|move|p2a: Chimecho|Cosmic Power|p2a: Chimecho\n|-boost|p2a: Chimecho|def|1\n|-boost|p2a: Chimecho|spd|1\n|\n|-heal|p2a: Chimecho|47\/100|[from] item: Leftovers\n|upkeep\n|turn|4\n|\n|t:|1699685167\n|move|p1a: Boltund|Crunch|p2a: Chimecho\n|-supereffective|p2a: Chimecho\n|-damage|p2a: Chimecho|23\/100\n|move|p2a: Chimecho|Recover|p2a: Chimecho\n|-heal|p2a: Chimecho|73\/100\n|\n|-heal|p2a: Chimecho|79\/100|[from] item: Leftovers\n|upkeep\n|turn|5\n|\n|t:|1699685177\n|move|p1a: Boltund|Crunch|p2a: Chimecho\n|-supereffective|p2a: Chimecho\n|-damage|p2a: Chimecho|54\/100\n|move|p2a: Chimecho|Cosmic Power|p2a: Chimecho\n|-boost|p2a: Chimecho|def|1\n|-boost|p2a: Chimecho|spd|1\n|\n|-heal|p2a: Chimecho|60\/100|[from] item: Leftovers\n|upkeep\n|turn|6\n|\n|t:|1699685186\n|switch|p1a: Heracross|Heracross, M, shiny|100\/100\n|move|p2a: Chimecho|Cosmic Power|p2a: Chimecho\n|-boost|p2a: Chimecho|def|1\n|-boost|p2a: Chimecho|spd|1\n|\n|-heal|p2a: Chimecho|66\/100|[from] item: Leftovers\n|upkeep\n|turn|7\n|\n|t:|1699685193\n|-terastallize|p2a: Chimecho|Psychic\n|move|p1a: Heracross|Swords Dance|p1a: Heracross\n|-boost|p1a: Heracross|atk|2\n|move|p2a: Chimecho|Stored Power|p1a: Heracross\n|-supereffective|p1a: Heracross\n|-damage|p1a: Heracross|0 fnt\n|faint|p1a: Heracross\n|\n|-heal|p2a: Chimecho|73\/100|[from] item: Leftovers\n|upkeep\n|\n|t:|1699685203\n|switch|p1a: Orthworm|Orthworm, F, shiny|100\/100\n|turn|8\n|\n|t:|1699685207\n|move|p1a: Orthworm|Dig||[still]\n|-prepare|p1a: Orthworm|Dig\n|move|p2a: Chimecho|Cosmic Power|p2a: Chimecho\n|-boost|p2a: Chimecho|def|1\n|-boost|p2a: Chimecho|spd|1\n|\n|-heal|p2a: Chimecho|79\/100|[from] item: Leftovers\n|upkeep\n|turn|9\n|\n|t:|1699685214\n|move|p1a: Orthworm|Dig|p2a: Chimecho|[from]lockedmove\n|-immune|p2a: Chimecho|[from] ability: Levitate\n|move|p2a: Chimecho|Cosmic Power|p2a: Chimecho\n|-boost|p2a: Chimecho|def|1\n|-boost|p2a: Chimecho|spd|1\n|\n|-heal|p2a: Chimecho|85\/100|[from] item: Leftovers\n|upkeep\n|turn|10\n|\n|t:|1699685222\n|move|p1a: Orthworm|Stealth Rock|p2a: Chimecho\n|-sidestart|p2: Batalha Comigo|move: Stealth Rock\n|move|p2a: Chimecho|Charge Beam|p1a: Orthworm\n|-damage|p1a: Orthworm|83\/100\n|-boost|p2a: Chimecho|spa|1\n|\n|-heal|p2a: Chimecho|91\/100|[from] item: Leftovers\n|upkeep\n|turn|11\n|\n|t:|1699685229\n|move|p1a: Orthworm|Body Press|p2a: Chimecho\n|-resisted|p2a: Chimecho\n|-damage|p2a: Chimecho|89\/100\n|move|p2a: Chimecho|Charge Beam|p1a: Orthworm\n|-damage|p1a: Orthworm|55\/100\n|\n|-heal|p2a: Chimecho|95\/100|[from] item: Leftovers\n|upkeep\n|turn|12\n|\n|t:|1699685240\n|switch|p1a: Wigglytuff|Wigglytuff, M, shiny|100\/100\n|move|p2a: Chimecho|Charge Beam|p1a: Wigglytuff\n|-damage|p1a: Wigglytuff|79\/100\n|\n|-heal|p2a: Chimecho|100\/100|[from] item: Leftovers\n|upkeep\n|turn|13\n|\n|t:|1699685250\n|move|p2a: Chimecho|Stored Power|p1a: Wigglytuff\n|-damage|p1a: Wigglytuff|0 fnt\n|faint|p1a: Wigglytuff\n|\n|upkeep\n|\n|t:|1699685257\n|switch|p1a: Empoleon|Empoleon, M, shiny|100\/100\n|turn|14\n|\n|t:|1699685269\n|move|p1a: Empoleon|Scald|p2a: Chimecho\n|-damage|p2a: Chimecho|93\/100\n|-status|p2a: Chimecho|brn\n|move|p2a: Chimecho|Stored Power|p1a: Empoleon\n|-resisted|p1a: Empoleon\n|-damage|p1a: Empoleon|7\/100\n|\n|-heal|p2a: Chimecho|99\/100 brn|[from] item: Leftovers\n|-damage|p2a: Chimecho|93\/100 brn|[from] brn\n|upkeep\n|turn|15\n|\n|t:|1699685279\n|move|p1a: Empoleon|Ice Beam|p2a: Chimecho\n|-damage|p2a: Chimecho|88\/100 brn\n|move|p2a: Chimecho|Charge Beam|p1a: Empoleon\n|-supereffective|p1a: Empoleon\n|-damage|p1a: Empoleon|0 fnt\n|-boost|p2a: Chimecho|spa|1\n|faint|p1a: Empoleon\n|\n|-heal|p2a: Chimecho|94\/100 brn|[from] item: Leftovers\n|-damage|p2a: Chimecho|88\/100 brn|[from] brn\n|upkeep\n|\n|t:|1699685289\n|switch|p1a: Fearow|Fearow, M, shiny|100\/100\n|turn|16\n|\n|t:|1699685296\n|-terastallize|p1a: Fearow|Bug\n|move|p1a: Fearow|Drill Peck|p2a: Chimecho\n|-damage|p2a: Chimecho|82\/100 brn\n|move|p2a: Chimecho|Stored Power|p1a: Fearow\n|-damage|p1a: Fearow|0 fnt\n|faint|p1a: Fearow\n|\n|-heal|p2a: Chimecho|88\/100 brn|[from] item: Leftovers\n|-damage|p2a: Chimecho|82\/100 brn|[from] brn\n|upkeep\n|\n|t:|1699685305\n|switch|p1a: Boltund|Boltund, M, shiny|100\/100\n|turn|17\n|\n|t:|1699685313\n|move|p1a: Boltund|Crunch|p2a: Chimecho\n|-supereffective|p2a: Chimecho\n|-damage|p2a: Chimecho|69\/100 brn\n|move|p2a: Chimecho|Stored Power|p1a: Boltund\n|-damage|p1a: Boltund|0 fnt\n|faint|p1a: Boltund\n|\n|-heal|p2a: Chimecho|75\/100 brn|[from] item: Leftovers\n|-damage|p2a: Chimecho|69\/100 brn|[from] brn\n|upkeep\n|\n|t:|1699685322\n|switch|p1a: Orthworm|Orthworm, F, shiny|55\/100\n|turn|18\n|\n|t:|1699685325\n|move|p1a: Orthworm|Body Press|p2a: Chimecho\n|-resisted|p2a: Chimecho\n|-damage|p2a: Chimecho|66\/100 brn\n|move|p2a: Chimecho|Stored Power|p1a: Orthworm\n|-resisted|p1a: Orthworm\n|-damage|p1a: Orthworm|0 fnt\n|faint|p1a: Orthworm\n|\n|win|Batalha Comigo\n|raw|Coolplaty's rating: 1025 &rarr; <strong>1010<\/strong><br \/>(-15 for losing)\n|raw|Batalha Comigo's rating: 1000 &rarr; <strong>1043<\/strong><br \/>(+43 for winning)\n|l|\u2606Coolplaty\n|c|\u2606Batalha Comigo|gg\n","uploadtime":1699685384,"views":9,"p1id":"coolplaty","p2id":"batalhacomigo","formatid":"gen9nationaldex","rating":1010,"private":0,"password":""}