{"id":"gen9nationaldex-1987435844","p1":"baigu","p2":"Leaf of Frost","format":"[Gen 9] National Dex","log":"|j|\u2606baigu\n|j|\u2606Leaf of Frost\n|t:|1699591213\n|gametype|singles\n|player|p1|baigu|dawn|1702\n|player|p2|Leaf of Frost|dawn|1597\n|teamsize|p1|6\n|teamsize|p2|6\n|gen|9\n|tier|[Gen 9] National Dex\n|rated|\n|rule|HP Percentage Mod: HP is shown in percentages\n|rule|Endless Battle Clause: Forcing endless battles is banned\n|rule|OHKO Clause: OHKO moves are banned\n|rule|Evasion Clause: Evasion abilities, items, and moves are banned\n|rule|Evasion Abilities Clause: Evasion abilities are banned\n|rule|Evasion Items Clause: Evasion items are banned\n|rule|Evasion Moves Clause: Evasion moves are banned\n|rule|Species Clause: Limit one of each Pok\u00e9mon\n|rule|Sleep Clause Mod: Limit one foe put to sleep\n|clearpoke\n|poke|p1|Ursaluna, M|\n|poke|p1|Dragonite, F|\n|poke|p1|Slowking, M|\n|poke|p1|Tapu Koko|\n|poke|p1|Banette, F|\n|poke|p1|Moltres|\n|poke|p2|Ninetales-Alola, F|\n|poke|p2|Meowscarada, F|\n|poke|p2|Gliscor, F|\n|poke|p2|Tapu Koko|\n|poke|p2|Nihilego|\n|poke|p2|Skeledirge, M|\n|teampreview\n|inactive|Battle timer is ON: inactive players will automatically lose when time's up. (requested by Leaf of Frost)\n|\n|t:|1699591223\n|start\n|switch|p1a: Tapu Koko|Tapu Koko|100\/100\n|switch|p2a: \u8389\u8389\u827e|Nihilego|100\/100\n|-fieldstart|move: Electric Terrain|[from] ability: Electric Surge|[of] p1a: Tapu Koko\n|turn|1\n|\n|t:|1699591230\n|move|p1a: Tapu Koko|Volt Switch|p2a: \u8389\u8389\u827e\n|-damage|p2a: \u8389\u8389\u827e|58\/100\n|\n|t:|1699591246\n|switch|p1a: Slowking|Slowking, M|100\/100|[from] Volt Switch\n|move|p2a: \u8389\u8389\u827e|Meteor Beam||[still]\n|-prepare|p2a: \u8389\u8389\u827e|Meteor Beam\n|-boost|p2a: \u8389\u8389\u827e|spa|1\n|-enditem|p2a: \u8389\u8389\u827e|Power Herb\n|-anim|p2a: \u8389\u8389\u827e|Meteor Beam|p1a: Slowking\n|-crit|p1a: Slowking\n|-damage|p1a: Slowking|26\/100\n|\n|upkeep\n|turn|2\n|\n|t:|1699591264\n|switch|p1a: Tapu Koko|Tapu Koko|100\/100\n|move|p2a: \u8389\u8389\u827e|Sludge Wave|p1a: Tapu Koko\n|-supereffective|p1a: Tapu Koko\n|-damage|p1a: Tapu Koko|0 fnt\n|faint|p1a: Tapu Koko\n|-ability|p2a: \u8389\u8389\u827e|Beast Boost|boost\n|-boost|p2a: \u8389\u8389\u827e|spe|1\n|\n|upkeep\n|\n|t:|1699591272\n|switch|p1a: Banette|Banette, F|100\/100\n|turn|3\n|\n|t:|1699591277\n|detailschange|p1a: Banette|Banette-Mega, F\n|-mega|p1a: Banette|Banette|Banettite\n|move|p1a: Banette|Destiny Bond|p1a: Banette\n|-singlemove|p1a: Banette|Destiny Bond\n|move|p2a: \u8389\u8389\u827e|Psyshock|p1a: Banette\n|-damage|p1a: Banette|49\/100\n|\n|upkeep\n|turn|4\n|\n|t:|1699591287\n|move|p2a: \u8389\u8389\u827e|Psyshock|p1a: Banette\n|-damage|p1a: Banette|0 fnt\n|faint|p1a: Banette\n|-activate|p1a: Banette|move: Destiny Bond\n|faint|p2a: \u8389\u8389\u827e\n|\n|upkeep\n|\n|t:|1699591297\n|switch|p2a: \u6bd2\u7597\u5e26\u6765\u5feb\u4e50|Gliscor, F|100\/100\n|switch|p1a: Dragonite|Dragonite, F|100\/100\n|turn|5\n|\n|t:|1699591317\n|switch|p1a: Ursaluna|Ursaluna, M|100\/100\n|move|p2a: \u6bd2\u7597\u5e26\u6765\u5feb\u4e50|Toxic|p1a: Ursaluna\n|-status|p1a: Ursaluna|tox\n|\n|-damage|p1a: Ursaluna|94\/100 tox|[from] psn\n|-fieldend|move: Electric Terrain\n|-status|p2a: \u6bd2\u7597\u5e26\u6765\u5feb\u4e50|tox|[from] item: Toxic Orb\n|upkeep\n|turn|6\n|\n|t:|1699591328\n|move|p2a: \u6bd2\u7597\u5e26\u6765\u5feb\u4e50|U-turn|p1a: Ursaluna\n|-damage|p1a: Ursaluna|83\/100 tox\n|\n|t:|1699591330\n|switch|p2a: \u6df3\u6734\u5e26\u6765\u5feb\u4e50|Skeledirge, M|100\/100|[from] U-turn\n|move|p1a: Ursaluna|Facade|p2a: \u6df3\u6734\u5e26\u6765\u5feb\u4e50\n|-immune|p2a: \u6df3\u6734\u5e26\u6765\u5feb\u4e50\n|\n|-damage|p1a: Ursaluna|70\/100 tox|[from] psn\n|upkeep\n|turn|7\n|\n|t:|1699591341\n|move|p2a: \u6df3\u6734\u5e26\u6765\u5feb\u4e50|Protect|p2a: \u6df3\u6734\u5e26\u6765\u5feb\u4e50\n|-singleturn|p2a: \u6df3\u6734\u5e26\u6765\u5feb\u4e50|Protect\n|move|p1a: Ursaluna|Headlong Rush|p2a: \u6df3\u6734\u5e26\u6765\u5feb\u4e50\n|-activate|p2a: \u6df3\u6734\u5e26\u6765\u5feb\u4e50|move: Protect\n|\n|-damage|p1a: Ursaluna|51\/100 tox|[from] psn\n|upkeep\n|turn|8\n|\n|t:|1699591356\n|switch|p2a: \u96ea\u5929\u961f\u957f|Ninetales-Alola, F|100\/100\n|-weather|Snow|[from] ability: Snow Warning|[of] p2a: \u96ea\u5929\u961f\u957f\n|move|p1a: Ursaluna|Facade|p2a: \u96ea\u5929\u961f\u957f\n|-damage|p2a: \u96ea\u5929\u961f\u957f|0 fnt\n|faint|p2a: \u96ea\u5929\u961f\u957f\n|\n|-weather|Snow|[upkeep]\n|-damage|p1a: Ursaluna|26\/100 tox|[from] psn\n|upkeep\n|\n|t:|1699591365\n|switch|p2a: \u732b\u732b|Meowscarada, F|100\/100\n|turn|9\n|\n|t:|1699591376\n|switch|p1a: Moltres|Moltres|100\/100\n|move|p2a: \u732b\u732b|Knock Off|p1a: Moltres\n|-start|p2a: \u732b\u732b|typechange|Dark|[from] ability: Protean\n|-damage|p1a: Moltres|67\/100\n|-status|p2a: \u732b\u732b|brn|[from] ability: Flame Body|[of] p1a: Moltres\n|-enditem|p1a: Moltres|Heavy-Duty Boots|[from] move: Knock Off|[of] p2a: \u732b\u732b\n|\n|-weather|Snow|[upkeep]\n|-damage|p2a: \u732b\u732b|94\/100 brn|[from] brn\n|upkeep\n|turn|10\n|\n|t:|1699591387\n|switch|p2a: \u6bd2\u7597\u5e26\u6765\u5feb\u4e50|Gliscor, F|100\/100 tox\n|move|p1a: Moltres|U-turn|p2a: \u6bd2\u7597\u5e26\u6765\u5feb\u4e50\n|-resisted|p2a: \u6bd2\u7597\u5e26\u6765\u5feb\u4e50\n|-damage|p2a: \u6bd2\u7597\u5e26\u6765\u5feb\u4e50|94\/100 tox\n|\n|t:|1699591390\n|switch|p1a: Slowking|Slowking, M|59\/100|[from] U-turn\n|\n|-weather|Snow|[upkeep]\n|-heal|p2a: \u6bd2\u7597\u5e26\u6765\u5feb\u4e50|100\/100 tox|[from] ability: Poison Heal\n|upkeep\n|turn|11\n|\n|t:|1699591394\n|move|p2a: \u6bd2\u7597\u5e26\u6765\u5feb\u4e50|Toxic|p1a: Slowking\n|-status|p1a: Slowking|tox\n|move|p1a: Slowking|Slack Off|p1a: Slowking\n|-heal|p1a: Slowking|100\/100 tox\n|\n|-weather|Snow|[upkeep]\n|-damage|p1a: Slowking|94\/100 tox|[from] psn\n|upkeep\n|turn|12\n|\n|t:|1699591397\n|move|p2a: \u6bd2\u7597\u5e26\u6765\u5feb\u4e50|U-turn|p1a: Slowking\n|-supereffective|p1a: Slowking\n|-damage|p1a: Slowking|62\/100 tox\n|\n|t:|1699591400\n|switch|p2a: \u732b\u732b|Meowscarada, F|94\/100 brn|[from] U-turn\n|move|p1a: Slowking|Trick Room|p1a: Slowking\n|-fieldstart|move: Trick Room|[of] p1a: Slowking\n|\n|-weather|none\n|-damage|p1a: Slowking|50\/100 tox|[from] psn\n|-damage|p2a: \u732b\u732b|88\/100 brn|[from] brn\n|upkeep\n|turn|13\n|\n|t:|1699591404\n|switch|p1a: Moltres|Moltres|67\/100\n|move|p2a: \u732b\u732b|Flower Trick|p1a: Moltres\n|-start|p2a: \u732b\u732b|typechange|Grass|[from] ability: Protean\n|-resisted|p1a: Moltres\n|-crit|p1a: Moltres\n|-damage|p1a: Moltres|63\/100\n|\n|-damage|p2a: \u732b\u732b|82\/100 brn|[from] brn\n|upkeep\n|turn|14\n|\n|t:|1699591410\n|switch|p2a: \u6bd2\u7597\u5e26\u6765\u5feb\u4e50|Gliscor, F|100\/100 tox\n|move|p1a: Moltres|U-turn|p2a: \u6bd2\u7597\u5e26\u6765\u5feb\u4e50\n|-resisted|p2a: \u6bd2\u7597\u5e26\u6765\u5feb\u4e50\n|-damage|p2a: \u6bd2\u7597\u5e26\u6765\u5feb\u4e50|94\/100 tox\n|\n|t:|1699591415\n|switch|p1a: Ursaluna|Ursaluna, M|26\/100 tox|[from] U-turn\n|\n|-damage|p1a: Ursaluna|20\/100 tox|[from] psn\n|-heal|p2a: \u6bd2\u7597\u5e26\u6765\u5feb\u4e50|100\/100 tox|[from] ability: Poison Heal\n|upkeep\n|turn|15\n|\n|t:|1699591422\n|switch|p2a: \u732b\u732b|Meowscarada, F|82\/100 brn\n|move|p1a: Ursaluna|Headlong Rush|p2a: \u732b\u732b\n|-resisted|p2a: \u732b\u732b\n|-damage|p2a: \u732b\u732b|0 fnt\n|-unboost|p1a: Ursaluna|def|1\n|-unboost|p1a: Ursaluna|spd|1\n|faint|p2a: \u732b\u732b\n|\n|-damage|p1a: Ursaluna|8\/100 tox|[from] psn\n|upkeep\n|\n|t:|1699591428\n|switch|p2a: \u6df3\u6734\u5e26\u6765\u5feb\u4e50|Skeledirge, M|100\/100\n|turn|16\n|\n|t:|1699591433\n|switch|p1a: Slowking|Slowking, M|83\/100 tox\n|move|p2a: \u6df3\u6734\u5e26\u6765\u5feb\u4e50|Protect||[still]\n|-fail|p2a: \u6df3\u6734\u5e26\u6765\u5feb\u4e50\n|\n|-damage|p1a: Slowking|77\/100 tox|[from] psn\n|-fieldend|move: Trick Room\n|upkeep\n|turn|17\n|\n|t:|1699591439\n|-terastallize|p1a: Slowking|Water\n|move|p2a: \u6df3\u6734\u5e26\u6765\u5feb\u4e50|Torch Song|p1a: Slowking\n|-resisted|p1a: Slowking\n|-damage|p1a: Slowking|69\/100 tox\n|-boost|p2a: \u6df3\u6734\u5e26\u6765\u5feb\u4e50|spa|1\n|move|p1a: Slowking|Scald|p2a: \u6df3\u6734\u5e26\u6765\u5feb\u4e50\n|-supereffective|p2a: \u6df3\u6734\u5e26\u6765\u5feb\u4e50\n|-damage|p2a: \u6df3\u6734\u5e26\u6765\u5feb\u4e50|34\/100\n|\n|-heal|p2a: \u6df3\u6734\u5e26\u6765\u5feb\u4e50|40\/100|[from] item: Leftovers\n|-damage|p1a: Slowking|56\/100 tox|[from] psn\n|upkeep\n|turn|18\n|\n|t:|1699591450\n|-terastallize|p2a: \u6df3\u6734\u5e26\u6765\u5feb\u4e50|Grass\n|move|p2a: \u6df3\u6734\u5e26\u6765\u5feb\u4e50|Slack Off|p2a: \u6df3\u6734\u5e26\u6765\u5feb\u4e50\n|-heal|p2a: \u6df3\u6734\u5e26\u6765\u5feb\u4e50|90\/100\n|move|p1a: Slowking|Teleport|p1a: Slowking\n|\n|t:|1699591454\n|switch|p1a: Dragonite|Dragonite, F|100\/100|[from] Teleport\n|\n|-heal|p2a: \u6df3\u6734\u5e26\u6765\u5feb\u4e50|96\/100|[from] item: Leftovers\n|upkeep\n|turn|19\n|\n|t:|1699591458\n|switch|p2a: \u6bd2\u7597\u5e26\u6765\u5feb\u4e50|Gliscor, F|100\/100 tox\n|move|p1a: Dragonite|Dual Wingbeat|p2a: \u6bd2\u7597\u5e26\u6765\u5feb\u4e50\n|-crit|p2a: \u6bd2\u7597\u5e26\u6765\u5feb\u4e50\n|-damage|p2a: \u6bd2\u7597\u5e26\u6765\u5feb\u4e50|56\/100 tox\n|-damage|p2a: \u6bd2\u7597\u5e26\u6765\u5feb\u4e50|27\/100 tox\n|-hitcount|p2a: \u6bd2\u7597\u5e26\u6765\u5feb\u4e50|2\n|\n|-heal|p2a: \u6bd2\u7597\u5e26\u6765\u5feb\u4e50|40\/100 tox|[from] ability: Poison Heal\n|upkeep\n|turn|20\n|\n|t:|1699591470\n|move|p2a: \u6bd2\u7597\u5e26\u6765\u5feb\u4e50|Toxic|p1a: Dragonite\n|-status|p1a: Dragonite|tox\n|move|p1a: Dragonite|Dual Wingbeat|p2a: \u6bd2\u7597\u5e26\u6765\u5feb\u4e50\n|-damage|p2a: \u6bd2\u7597\u5e26\u6765\u5feb\u4e50|12\/100 tox\n|-damage|p2a: \u6bd2\u7597\u5e26\u6765\u5feb\u4e50|0 fnt\n|faint|p2a: \u6bd2\u7597\u5e26\u6765\u5feb\u4e50\n|-hitcount|p2: \u6bd2\u7597\u5e26\u6765\u5feb\u4e50|2\n|\n|-damage|p1a: Dragonite|94\/100 tox|[from] psn\n|upkeep\n|\n|t:|1699591477\n|switch|p2a: \u963f\u7f57\u62c9|Tapu Koko|100\/100\n|-fieldstart|move: Electric Terrain|[from] ability: Electric Surge|[of] p2a: \u963f\u7f57\u62c9\n|turn|21\n|l|\u2606baigu\n|inactive|baigu disconnected and has a minute to reconnect!\n|player|p1|\n|j|\u2606baigu\n|inactive|baigu reconnected and has 125 seconds left.\n|player|p1|baigu|dawn\n|\n|t:|1699591506\n|switch|p1a: Moltres|Moltres|63\/100\n|move|p2a: \u963f\u7f57\u62c9|Hidden Power|p1a: Moltres\n|-damage|p1a: Moltres|46\/100\n|\n|upkeep\n|turn|22\n|\n|t:|1699591518\n|move|p2a: \u963f\u7f57\u62c9|Volt Switch|p1a: Moltres\n|-supereffective|p1a: Moltres\n|-damage|p1a: Moltres|0 fnt\n|faint|p1a: Moltres\n|\n|t:|1699591524\n|switch|p2a: \u6df3\u6734\u5e26\u6765\u5feb\u4e50|Skeledirge, M, tera:Grass|96\/100|[from] Volt Switch\n|\n|-heal|p2a: \u6df3\u6734\u5e26\u6765\u5feb\u4e50|100\/100|[from] item: Leftovers\n|upkeep\n|\n|t:|1699591526\n|switch|p1a: Dragonite|Dragonite, F|94\/100 tox\n|turn|23\n|\n|t:|1699591530\n|move|p2a: \u6df3\u6734\u5e26\u6765\u5feb\u4e50|Protect|p2a: \u6df3\u6734\u5e26\u6765\u5feb\u4e50\n|-singleturn|p2a: \u6df3\u6734\u5e26\u6765\u5feb\u4e50|Protect\n|move|p1a: Dragonite|Dual Wingbeat|p2a: \u6df3\u6734\u5e26\u6765\u5feb\u4e50\n|-activate|p2a: \u6df3\u6734\u5e26\u6765\u5feb\u4e50|move: Protect\n|\n|-damage|p1a: Dragonite|88\/100 tox|[from] psn\n|upkeep\n|turn|24\n|\n|t:|1699591536\n|move|p1a: Dragonite|Dual Wingbeat|p2a: \u6df3\u6734\u5e26\u6765\u5feb\u4e50\n|-supereffective|p2a: \u6df3\u6734\u5e26\u6765\u5feb\u4e50\n|-damage|p2a: \u6df3\u6734\u5e26\u6765\u5feb\u4e50|44\/100\n|-supereffective|p2a: \u6df3\u6734\u5e26\u6765\u5feb\u4e50\n|-damage|p2a: \u6df3\u6734\u5e26\u6765\u5feb\u4e50|0 fnt\n|faint|p2a: \u6df3\u6734\u5e26\u6765\u5feb\u4e50\n|-hitcount|p2: \u6df3\u6734\u5e26\u6765\u5feb\u4e50|2\n|\n|-damage|p1a: Dragonite|76\/100 tox|[from] psn\n|upkeep\n|\n|t:|1699591542\n|switch|p2a: \u963f\u7f57\u62c9|Tapu Koko|100\/100\n|turn|25\n|\n|t:|1699591548\n|move|p2a: \u963f\u7f57\u62c9|Hidden Power|p1a: Dragonite\n|-supereffective|p1a: Dragonite\n|-damage|p1a: Dragonite|11\/100 tox\n|move|p1a: Dragonite|Dual Wingbeat|p2a: \u963f\u7f57\u62c9\n|-resisted|p2a: \u963f\u7f57\u62c9\n|-damage|p2a: \u963f\u7f57\u62c9|75\/100\n|-resisted|p2a: \u963f\u7f57\u62c9\n|-damage|p2a: \u963f\u7f57\u62c9|49\/100\n|-hitcount|p2a: \u963f\u7f57\u62c9|2\n|\n|-damage|p1a: Dragonite|0 fnt|[from] psn\n|faint|p1a: Dragonite\n|-fieldend|move: Electric Terrain\n|upkeep\n|\n|t:|1699591555\n|switch|p1a: Slowking|Slowking, M, tera:Water|90\/100 tox\n|turn|26\n|\n|t:|1699591559\n|move|p2a: \u963f\u7f57\u62c9|Volt Switch|p1a: Slowking\n|-supereffective|p1a: Slowking\n|-damage|p1a: Slowking|53\/100 tox\n|move|p1a: Slowking|Trick Room|p1a: Slowking\n|-fieldstart|move: Trick Room|[of] p1a: Slowking\n|\n|-damage|p1a: Slowking|47\/100 tox|[from] psn\n|upkeep\n|turn|27\n|\n|t:|1699591563\n|move|p1a: Slowking|Scald|p2a: \u963f\u7f57\u62c9\n|-damage|p2a: \u963f\u7f57\u62c9|0 fnt\n|faint|p2a: \u963f\u7f57\u62c9\n|\n|win|baigu\n|raw|baigu's rating: 1702 &rarr; <strong>1716<\/strong><br \/>(+14 for winning)\n|raw|Leaf of Frost's rating: 1597 &rarr; <strong>1583<\/strong><br \/>(-14 for losing)\n|l|\u2606Leaf of Frost\n","uploadtime":1699591567,"views":11,"p1id":"baigu","p2id":"leafoffrost","formatid":"gen9nationaldex","rating":1583,"private":0,"password":""}