{"id":"gen9nationaldex-1989375983","p1":"Isalli","p2":"zkayani","format":"[Gen 9] National Dex","log":"|j|\u2606Isalli\n|j|\u2606zkayani\n|t:|1699842465\n|gametype|singles\n|player|p1|Isalli|265|\n|player|p2|zkayani|101|\n|teamsize|p1|6\n|teamsize|p2|6\n|gen|9\n|tier|[Gen 9] National Dex\n|rule|HP Percentage Mod: HP is shown in percentages\n|rule|Endless Battle Clause: Forcing endless battles is banned\n|rule|OHKO Clause: OHKO moves are banned\n|rule|Evasion Clause: Evasion abilities, items, and moves are banned\n|rule|Evasion Abilities Clause: Evasion abilities are banned\n|rule|Evasion Items Clause: Evasion items are banned\n|rule|Evasion Moves Clause: Evasion moves are banned\n|rule|Species Clause: Limit one of each Pok\u00e9mon\n|rule|Sleep Clause Mod: Limit one foe put to sleep\n|clearpoke\n|poke|p1|Slither Wing|\n|poke|p1|Charizard, M|\n|poke|p1|Scovillain, M|\n|poke|p1|Florges, F|\n|poke|p1|Dunsparce, M|\n|poke|p1|Murkrow, F|\n|poke|p2|Aerodactyl, F|\n|poke|p2|Mantine, M|\n|poke|p2|Donphan, M|\n|poke|p2|Kadabra, F|\n|poke|p2|Gallade, M|\n|poke|p2|Persian-Alola, M|\n|teampreview\n|\n|t:|1699842480\n|start\n|switch|p1a: Murkrow|Murkrow, F|100\/100\n|switch|p2a: Aerodactyl|Aerodactyl, F|100\/100\n|turn|1\n|c|\u2606Isalli|hf\n|\n|t:|1699842507\n|move|p1a: Murkrow|Thunder Wave|p2a: Aerodactyl\n|-status|p2a: Aerodactyl|par\n|move|p2a: Aerodactyl|Stone Edge|p1a: Murkrow\n|-supereffective|p1a: Murkrow\n|-damage|p1a: Murkrow|0 fnt\n|faint|p1a: Murkrow\n|\n|upkeep\n|\n|t:|1699842521\n|switch|p1a: Dunsparce|Dunsparce, M|100\/100\n|turn|2\n|\n|t:|1699842534\n|move|p2a: Aerodactyl|Dual Wingbeat|p1a: Dunsparce\n|-damage|p1a: Dunsparce|88\/100\n|-damage|p1a: Dunsparce|75\/100\n|-hitcount|p1a: Dunsparce|2\n|move|p1a: Dunsparce|Stealth Rock|p2a: Aerodactyl\n|-sidestart|p2: zkayani|move: Stealth Rock\n|\n|upkeep\n|turn|3\n|\n|t:|1699842543\n|detailschange|p2a: Aerodactyl|Aerodactyl-Mega, F\n|-mega|p2a: Aerodactyl|Aerodactyl|Aerodactylite\n|cant|p2a: Aerodactyl|par\n|move|p1a: Dunsparce|Body Slam|p2a: Aerodactyl\n|-resisted|p2a: Aerodactyl\n|-damage|p2a: Aerodactyl|87\/100 par\n|\n|upkeep\n|turn|4\n|\n|t:|1699842560\n|move|p2a: Aerodactyl|Dual Wingbeat|p1a: Dunsparce\n|-damage|p1a: Dunsparce|52\/100\n|-damage|p1a: Dunsparce|31\/100\n|-hitcount|p1a: Dunsparce|2\n|move|p1a: Dunsparce|Body Slam|p2a: Aerodactyl\n|-resisted|p2a: Aerodactyl\n|-damage|p2a: Aerodactyl|74\/100 par\n|\n|upkeep\n|turn|5\n|\n|t:|1699842568\n|move|p2a: Aerodactyl|Dual Wingbeat|p1a: Dunsparce\n|-damage|p1a: Dunsparce|12\/100\n|-damage|p1a: Dunsparce|0 fnt\n|faint|p1a: Dunsparce\n|-hitcount|p1: Dunsparce|2\n|\n|upkeep\n|\n|t:|1699842581\n|switch|p1a: Scovillain|Scovillain, M, shiny|100\/100\n|turn|6\n|\n|t:|1699842589\n|move|p1a: Scovillain|Leaf Storm|p2a: Aerodactyl\n|-damage|p2a: Aerodactyl|9\/100 par\n|-unboost|p1a: Scovillain|spa|2\n|move|p2a: Aerodactyl|Dual Wingbeat|p1a: Scovillain\n|-supereffective|p1a: Scovillain\n|-damage|p1a: Scovillain|0 fnt\n|faint|p1a: Scovillain\n|-hitcount|p1: Scovillain|1\n|\n|upkeep\n|\n|t:|1699842601\n|switch|p1a: Charizard|Charizard, M, shiny|100\/100\n|turn|7\n|\n|t:|1699842611\n|switch|p2a: Mantine|Mantine, M|100\/100\n|detailschange|p1a: Charizard|Charizard-Mega-Y, M, shiny\n|-mega|p1a: Charizard|Charizard|Charizardite Y\n|-weather|SunnyDay|[from] ability: Drought|[of] p1a: Charizard\n|move|p1a: Charizard|Flame Charge|p2a: Mantine\n|-resisted|p2a: Mantine\n|-damage|p2a: Mantine|89\/100\n|-boost|p1a: Charizard|spe|1\n|\n|-weather|SunnyDay|[upkeep]\n|upkeep\n|turn|8\n|\n|t:|1699842630\n|move|p1a: Charizard|Flamethrower|p2a: Mantine\n|-resisted|p2a: Mantine\n|-damage|p2a: Mantine|61\/100\n|move|p2a: Mantine|Haze|p2a: Mantine\n|-clearallboost\n|\n|-weather|SunnyDay|[upkeep]\n|upkeep\n|turn|9\n|\n|t:|1699842666\n|move|p1a: Charizard|Dragon Pulse|p2a: Mantine\n|-damage|p2a: Mantine|37\/100\n|move|p2a: Mantine|Roost|p2a: Mantine\n|-heal|p2a: Mantine|87\/100\n|-singleturn|p2a: Mantine|move: Roost\n|\n|-weather|SunnyDay|[upkeep]\n|upkeep\n|turn|10\n|\n|t:|1699842674\n|switch|p1a: Florges|Florges, F|100\/100\n|move|p2a: Mantine|Scald|p1a: Florges\n|-damage|p1a: Florges|95\/100\n|-status|p1a: Florges|brn\n|\n|-weather|SunnyDay|[upkeep]\n|-heal|p1a: Florges|100\/100 brn|[from] item: Leftovers\n|-damage|p1a: Florges|94\/100 brn|[from] brn\n|upkeep\n|turn|11\n|inactive|Battle timer is ON: inactive players will automatically lose when time's up. (requested by Isalli)\n|\n|t:|1699842732\n|switch|p2a: Gallade|Gallade, M|100\/100\n|-damage|p2a: Gallade|94\/100|[from] Stealth Rock\n|move|p1a: Florges|Toxic|p2a: Gallade\n|-status|p2a: Gallade|tox\n|\n|-weather|none\n|-heal|p1a: Florges|100\/100 brn|[from] item: Leftovers\n|-damage|p2a: Gallade|88\/100 tox|[from] psn\n|-damage|p1a: Florges|94\/100 brn|[from] brn\n|upkeep\n|turn|12\n|\n|t:|1699842755\n|move|p2a: Gallade|Psycho Cut|p1a: Florges\n|-crit|p1a: Florges\n|-damage|p1a: Florges|0 fnt\n|faint|p1a: Florges\n|\n|-damage|p2a: Gallade|76\/100 tox|[from] psn\n|upkeep\n|\n|t:|1699842776\n|switch|p1a: Charizard|Charizard-Mega-Y, M, shiny|100\/100\n|-weather|SunnyDay|[from] ability: Drought|[of] p1a: Charizard\n|turn|13\n|\n|t:|1699842781\n|move|p1a: Charizard|Flame Charge|p2a: Gallade\n|-damage|p2a: Gallade|28\/100 tox\n|-boost|p1a: Charizard|spe|1\n|move|p2a: Gallade|Psycho Cut|p1a: Charizard\n|-damage|p1a: Charizard|23\/100\n|\n|-weather|SunnyDay|[upkeep]\n|-damage|p2a: Gallade|10\/100 tox|[from] psn\n|upkeep\n|turn|14\n|\n|t:|1699842791\n|switch|p2a: Mantine|Mantine, M|87\/100\n|move|p1a: Charizard|Dragon Pulse|p2a: Mantine\n|-damage|p2a: Mantine|61\/100\n|\n|-weather|SunnyDay|[upkeep]\n|upkeep\n|turn|15\n|\n|t:|1699842819\n|move|p1a: Charizard|Dragon Pulse|p2a: Mantine\n|-damage|p2a: Mantine|38\/100\n|move|p2a: Mantine|Haze|p2a: Mantine\n|-clearallboost\n|\n|-weather|SunnyDay|[upkeep]\n|upkeep\n|turn|16\n|\n|t:|1699842831\n|switch|p1a: Slither Wing|Slither Wing|100\/100\n|-activate|p1a: Slither Wing|ability: Protosynthesis\n|-start|p1a: Slither Wing|protosynthesisatk\n|move|p2a: Mantine|Scald|p1a: Slither Wing\n|-damage|p1a: Slither Wing|90\/100\n|\n|-weather|SunnyDay|[upkeep]\n|upkeep\n|turn|17\n|\n|t:|1699842840\n|move|p1a: Slither Wing|First Impression|p2a: Mantine\n|-resisted|p2a: Mantine\n|-damage|p2a: Mantine|8\/100\n|move|p2a: Mantine|Haze|p2a: Mantine\n|-clearallboost\n|\n|-weather|none\n|-end|p1a: Slither Wing|Protosynthesis\n|upkeep\n|-enditem|p1a: Slither Wing|Booster Energy\n|-activate|p1a: Slither Wing|ability: Protosynthesis|[fromitem]\n|-start|p1a: Slither Wing|protosynthesisatk\n|turn|18\n|\n|t:|1699842860\n|move|p1a: Slither Wing|Trailblaze|p2a: Mantine\n|-damage|p2a: Mantine|0 fnt\n|-boost|p1a: Slither Wing|spe|1\n|faint|p2a: Mantine\n|\n|upkeep\n|\n|t:|1699842870\n|switch|p2a: Kadabra|Kadabra, F|100\/100\n|turn|19\n|\n|t:|1699842877\n|move|p1a: Slither Wing|Leech Life|p2a: Kadabra\n|-supereffective|p2a: Kadabra\n|-enditem|p2a: Kadabra|Focus Sash\n|-damage|p2a: Kadabra|1\/100\n|-heal|p1a: Slither Wing|100\/100|[from] drain|[of] p2a: Kadabra\n|move|p2a: Kadabra|Psychic|p1a: Slither Wing\n|-supereffective|p1a: Slither Wing\n|-damage|p1a: Slither Wing|8\/100\n|\n|upkeep\n|turn|20\n|\n|t:|1699842900\n|switch|p2a: Aerodactyl|Aerodactyl-Mega, F|9\/100 par\n|-damage|p2a: Aerodactyl|0 fnt|[from] Stealth Rock\n|faint|p2a: Aerodactyl\n|move|p1a: Slither Wing|Leech Life|p2: Aerodactyl|[notarget]\n|-fail|p1a: Slither Wing\n|\n|upkeep\n|\n|t:|1699842909\n|switch|p2a: Persian|Persian-Alola, M|100\/100\n|-damage|p2a: Persian|88\/100|[from] Stealth Rock\n|turn|21\n|\n|t:|1699842934\n|-end|p1a: Slither Wing|Protosynthesis|[silent]\n|switch|p1a: Charizard|Charizard-Mega-Y, M, shiny|23\/100\n|-weather|SunnyDay|[from] ability: Drought|[of] p1a: Charizard\n|move|p2a: Persian|U-turn|p1a: Charizard\n|-resisted|p1a: Charizard\n|-damage|p1a: Charizard|20\/100\n|inactive|zkayani has 270 seconds left.\n|\n|t:|1699842954\n|switch|p2a: Donphan|Donphan, M|100\/100|[from] U-turn\n|-damage|p2a: Donphan|94\/100|[from] Stealth Rock\n|\n|-weather|SunnyDay|[upkeep]\n|-heal|p2a: Donphan|100\/100|[from] item: Leftovers\n|upkeep\n|turn|22\n|inactive|zkayani has 270 seconds left.\n|\n|t:|1699842964\n|move|p1a: Charizard|Flamethrower|p2a: Donphan\n|-ability|p2a: Donphan|Sturdy\n|-damage|p2a: Donphan|1\/100\n|move|p2a: Donphan|Knock Off|p1a: Charizard\n|-damage|p1a: Charizard|0 fnt\n|faint|p1a: Charizard\n|\n|-weather|SunnyDay|[upkeep]\n|-heal|p2a: Donphan|7\/100|[from] item: Leftovers\n|upkeep\n|\n|t:|1699842970\n|switch|p1a: Slither Wing|Slither Wing|8\/100\n|-activate|p1a: Slither Wing|ability: Protosynthesis\n|-start|p1a: Slither Wing|protosynthesisatk\n|turn|23\n|\n|t:|1699842978\n|move|p1a: Slither Wing|Trailblaze|p2a: Donphan\n|-supereffective|p2a: Donphan\n|-damage|p2a: Donphan|0 fnt\n|-boost|p1a: Slither Wing|spe|1\n|faint|p2a: Donphan\n|\n|-weather|SunnyDay|[upkeep]\n|upkeep\n|\n|t:|1699842992\n|switch|p2a: Persian|Persian-Alola, M|88\/100\n|-damage|p2a: Persian|76\/100|[from] Stealth Rock\n|turn|24\n|\n|t:|1699842999\n|move|p2a: Persian|Dark Pulse|p1a: Slither Wing\n|-resisted|p1a: Slither Wing\n|-damage|p1a: Slither Wing|0 fnt\n|faint|p1a: Slither Wing\n|-end|p1a: Slither Wing|Protosynthesis|[silent]\n|\n|win|zkayani\n|c|\u2606Isalli|gg\n|c|\u2606Isalli|i made some changes but im ready\n","uploadtime":1699843017,"views":21,"p1id":"isalli","p2id":"zkayani","formatid":"gen9nationaldex","rating":0,"private":0,"password":""}