{"id":"gen9nationaldex-1991429899","p1":"Tank Tests","p2":"CustardCracker","format":"[Gen 9] National Dex","log":"|j|\u2606Tank Tests\n|j|\u2606CustardCracker\n|t:|1700076423\n|gametype|singles\n|player|p1|Tank Tests|2|1361\n|player|p2|CustardCracker|janitor|1353\n|teamsize|p1|6\n|teamsize|p2|6\n|gen|9\n|tier|[Gen 9] National Dex\n|rated|\n|rule|HP Percentage Mod: HP is shown in percentages\n|rule|Endless Battle Clause: Forcing endless battles is banned\n|rule|OHKO Clause: OHKO moves are banned\n|rule|Evasion Clause: Evasion abilities, items, and moves are banned\n|rule|Evasion Abilities Clause: Evasion abilities are banned\n|rule|Evasion Items Clause: Evasion items are banned\n|rule|Evasion Moves Clause: Evasion moves are banned\n|rule|Species Clause: Limit one of each Pok\u00e9mon\n|rule|Sleep Clause Mod: Limit one foe put to sleep\n|clearpoke\n|poke|p1|Pawmot, F|\n|poke|p1|Rabsca, F|\n|poke|p1|Banette, F|\n|poke|p1|Victini|\n|poke|p1|Dragonite, F|\n|poke|p1|Forretress, M|\n|poke|p2|Abomasnow, F|\n|poke|p2|Clodsire, M|\n|poke|p2|Audino, F|\n|poke|p2|Talonflame, M|\n|poke|p2|Frosmoth, M|\n|poke|p2|Drifblim, F|\n|teampreview\n|\n|t:|1700076428\n|start\n|switch|p1a: Forretress|Forretress, M|100\/100\n|switch|p2a: Drifblim|Drifblim, F|100\/100\n|turn|1\n|\n|t:|1700076430\n|move|p2a: Drifblim|Magic Coat|p2a: Drifblim\n|-singleturn|p2a: Drifblim|move: Magic Coat\n|move|p1a: Forretress|Thunder Wave|p2a: Drifblim\n|move|p2a: Drifblim|Thunder Wave|p1a: Forretress|[from]Magic Coat\n|-status|p1a: Forretress|par\n|\n|upkeep\n|turn|2\n|\n|t:|1700076438\n|switch|p2a: Clodsire|Clodsire, M|100\/100\n|move|p1a: Forretress|Thunder Wave|p2a: Clodsire\n|-immune|p2a: Clodsire\n|\n|upkeep\n|turn|3\n|\n|t:|1700076443\n|move|p2a: Clodsire|Stealth Rock|p1a: Forretress\n|-sidestart|p1: Tank Tests|move: Stealth Rock\n|move|p1a: Forretress|Stealth Rock|p2a: Clodsire\n|-sidestart|p2: CustardCracker|move: Stealth Rock\n|\n|upkeep\n|turn|4\n|\n|t:|1700076447\n|move|p2a: Clodsire|Toxic Spikes|p1a: Forretress\n|-sidestart|p1: Tank Tests|move: Toxic Spikes\n|cant|p1a: Forretress|par\n|\n|upkeep\n|turn|5\n|\n|t:|1700076451\n|switch|p2a: Drifblim|Drifblim, F|100\/100\n|move|p1a: Forretress|Rapid Spin|p2a: Drifblim\n|-immune|p2a: Drifblim\n|\n|upkeep\n|turn|6\n|\n|t:|1700076456\n|move|p2a: Drifblim|Magic Coat|p2a: Drifblim\n|-singleturn|p2a: Drifblim|move: Magic Coat\n|move|p1a: Forretress|Thunder Wave|p2a: Drifblim\n|move|p2a: Drifblim|Thunder Wave|p1a: Forretress|[from]Magic Coat|[miss]\n|-miss|p2a: Drifblim|p1a: Forretress\n|\n|upkeep\n|turn|7\n|\n|t:|1700076462\n|move|p2a: Drifblim|Magic Coat|p2a: Drifblim\n|-singleturn|p2a: Drifblim|move: Magic Coat\n|move|p1a: Forretress|Thunder Wave|p2a: Drifblim\n|move|p2a: Drifblim|Thunder Wave|p1a: Forretress|[from]Magic Coat\n|-fail|p1a: Forretress|par\n|\n|upkeep\n|turn|8\n|\n|t:|1700076468\n|switch|p2a: Clodsire|Clodsire, M|100\/100\n|-damage|p2a: Clodsire|94\/100|[from] Stealth Rock\n|move|p1a: Forretress|Thunder Wave|p2a: Clodsire\n|-immune|p2a: Clodsire\n|\n|upkeep\n|turn|9\n|\n|t:|1700076472\n|move|p2a: Clodsire|Stealth Rock||[still]\n|-fail|p2a: Clodsire\n|move|p1a: Forretress|Explosion|p2a: Clodsire\n|-damage|p2a: Clodsire|50\/100\n|faint|p1a: Forretress\n|\n|upkeep\n|\n|t:|1700076480\n|switch|p1a: Victini|Victini|100\/100\n|-damage|p1a: Victini|76\/100|[from] Stealth Rock\n|-status|p1a: Victini|psn\n|turn|10\n|\n|t:|1700076484\n|switch|p2a: Audino|Audino, F|100\/100\n|-damage|p2a: Audino|88\/100|[from] Stealth Rock\n|move|p1a: Victini|V-create|p2a: Audino\n|-damage|p2a: Audino|28\/100\n|-unboost|p1a: Victini|spe|1\n|-unboost|p1a: Victini|def|1\n|-unboost|p1a: Victini|spd|1\n|\n|-damage|p1a: Victini|63\/100 psn|[from] psn\n|upkeep\n|turn|11\n|\n|t:|1700076492\n|move|p1a: Victini|V-create|p2a: Audino\n|-damage|p2a: Audino|0 fnt\n|-unboost|p1a: Victini|spe|1\n|-unboost|p1a: Victini|def|1\n|-unboost|p1a: Victini|spd|1\n|faint|p2a: Audino\n|\n|-damage|p1a: Victini|51\/100 psn|[from] psn\n|upkeep\n|\n|t:|1700076498\n|switch|p2a: Talonflame|Talonflame, M|100\/100\n|-damage|p2a: Talonflame|51\/100|[from] Stealth Rock\n|turn|12\n|\n|t:|1700076502\n|move|p2a: Talonflame|U-turn|p1a: Victini\n|-damage|p1a: Victini|12\/100 psn\n|\n|t:|1700076504\n|switch|p2a: Clodsire|Clodsire, M|50\/100|[from] U-turn\n|-damage|p2a: Clodsire|44\/100|[from] Stealth Rock\n|move|p1a: Victini|V-create|p2a: Clodsire\n|-damage|p2a: Clodsire|0 fnt\n|-unboost|p1a: Victini|spe|1\n|-unboost|p1a: Victini|def|1\n|-unboost|p1a: Victini|spd|1\n|-damage|p1a: Victini|0 fnt|[from] item: Rocky Helmet|[of] p2a: Clodsire\n|faint|p2a: Clodsire\n|faint|p1a: Victini\n|\n|upkeep\n|\n|t:|1700076513\n|switch|p1a: Pawmot|Pawmot, F|100\/100\n|switch|p2a: Drifblim|Drifblim, F|100\/100\n|-damage|p1a: Pawmot|94\/100|[from] Stealth Rock\n|-status|p1a: Pawmot|psn\n|turn|13\n|\n|t:|1700076522\n|move|p1a: Pawmot|Revival Blessing|p1a: Pawmot\n|-enditem|p1a: Pawmot|Leppa Berry|[eat]\n|-activate|p1a: Pawmot|item: Leppa Berry|Revival Blessing|[consumed]\n|\n|t:|1700076525\n|-heal|p1: Victini|50\/100|[from] move: Revival Blessing\n|move|p2a: Drifblim|Defog|p1a: Pawmot\n|-unboost|p1a: Pawmot|evasion|1\n|-sideend|p1: Tank Tests|Toxic Spikes|[from] move: Defog|[of] p2a: Drifblim\n|-sideend|p1: Tank Tests|Stealth Rock|[from] move: Defog|[of] p2a: Drifblim\n|-sideend|p2: CustardCracker|Stealth Rock|[from] move: Defog|[of] p2a: Drifblim\n|\n|-damage|p1a: Pawmot|82\/100 psn|[from] psn\n|upkeep\n|turn|14\n|\n|t:|1700076533\n|switch|p1a: Victini|Victini|50\/100\n|switch|p2a: Abomasnow|Abomasnow, F|100\/100\n|-weather|Snow|[from] ability: Snow Warning|[of] p2a: Abomasnow\n|\n|-weather|Snow|[upkeep]\n|upkeep\n|turn|15\n|\n|t:|1700076539\n|-terastallize|p2a: Abomasnow|Fire\n|move|p1a: Victini|V-create|p2a: Abomasnow\n|-resisted|p2a: Abomasnow\n|-damage|p2a: Abomasnow|62\/100\n|-unboost|p1a: Victini|spe|1\n|-unboost|p1a: Victini|def|1\n|-unboost|p1a: Victini|spd|1\n|move|p2a: Abomasnow|Aurora Veil|p2a: Abomasnow\n|-sidestart|p2: CustardCracker|move: Aurora Veil\n|\n|-weather|Snow|[upkeep]\n|-heal|p2a: Abomasnow|69\/100|[from] item: Leftovers\n|upkeep\n|turn|16\n|\n|t:|1700076551\n|switch|p1a: Banette|Banette, F|100\/100\n|move|p2a: Abomasnow|Leech Seed|p1a: Banette\n|-start|p1a: Banette|move: Leech Seed\n|\n|-weather|Snow|[upkeep]\n|-heal|p2a: Abomasnow|75\/100|[from] item: Leftovers\n|-damage|p1a: Banette|88\/100|[from] Leech Seed|[of] p2a: Abomasnow\n|-heal|p2a: Abomasnow|84\/100|[silent]\n|upkeep\n|turn|17\n|\n|t:|1700076561\n|switch|p2a: Talonflame|Talonflame, M|51\/100\n|detailschange|p1a: Banette|Banette-Mega, F\n|-mega|p1a: Banette|Banette|Banettite\n|move|p1a: Banette|Taunt|p2a: Talonflame\n|-start|p2a: Talonflame|move: Taunt\n|\n|-weather|Snow|[upkeep]\n|-damage|p1a: Banette|76\/100|[from] Leech Seed|[of] p2a: Talonflame\n|-heal|p2a: Talonflame|62\/100|[silent]\n|upkeep\n|turn|18\n|\n|t:|1700076567\n|move|p1a: Banette|Destiny Bond|p1a: Banette\n|-singlemove|p1a: Banette|Destiny Bond\n|move|p2a: Talonflame|Flare Blitz|p1a: Banette\n|-damage|p1a: Banette|0 fnt\n|faint|p1a: Banette\n|-activate|p1a: Banette|move: Destiny Bond\n|faint|p2a: Talonflame\n|\n|-weather|none\n|upkeep\n|\n|t:|1700076581\n|switch|p2a: Frosmoth|Frosmoth, M|100\/100\n|switch|p1a: Pawmot|Pawmot, F|82\/100 psn\n|turn|19\n|\n|t:|1700076586\n|move|p1a: Pawmot|Revival Blessing|p1a: Pawmot\n|\n|t:|1700076589\n|-heal|p1: Banette|50\/100|[from] move: Revival Blessing\n|move|p2a: Frosmoth|Ice Beam|p1a: Pawmot\n|-damage|p1a: Pawmot|3\/100 psn\n|\n|-damage|p1a: Pawmot|0 fnt|[from] psn\n|faint|p1a: Pawmot\n|-sideend|p2: CustardCracker|move: Aurora Veil\n|upkeep\n|\n|t:|1700076597\n|switch|p1a: Victini|Victini|50\/100\n|turn|20\n|\n|t:|1700076599\n|switch|p2a: Abomasnow|Abomasnow, F, tera:Fire|84\/100\n|-weather|Snow|[from] ability: Snow Warning|[of] p2a: Abomasnow\n|move|p1a: Victini|V-create|p2a: Abomasnow\n|-resisted|p2a: Abomasnow\n|-damage|p2a: Abomasnow|51\/100\n|-unboost|p1a: Victini|spe|1\n|-unboost|p1a: Victini|def|1\n|-unboost|p1a: Victini|spd|1\n|\n|-weather|Snow|[upkeep]\n|-heal|p2a: Abomasnow|57\/100|[from] item: Leftovers\n|upkeep\n|turn|21\n|\n|t:|1700076605\n|switch|p1a: Rabsca|Rabsca, F|100\/100\n|move|p2a: Abomasnow|Aurora Veil|p2a: Abomasnow\n|-sidestart|p2: CustardCracker|move: Aurora Veil\n|\n|-weather|Snow|[upkeep]\n|-heal|p2a: Abomasnow|64\/100|[from] item: Leftovers\n|upkeep\n|turn|22\n|\n|t:|1700076612\n|switch|p2a: Frosmoth|Frosmoth, M|100\/100\n|move|p1a: Rabsca|Revival Blessing|p1a: Rabsca\n|-enditem|p1a: Rabsca|Leppa Berry|[eat]\n|-activate|p1a: Rabsca|item: Leppa Berry|Revival Blessing|[consumed]\n|\n|t:|1700076622\n|-heal|p1: Pawmot|50\/100|[from] move: Revival Blessing\n|\n|-weather|Snow|[upkeep]\n|upkeep\n|turn|23\n|\n|t:|1700076629\n|switch|p1a: Banette|Banette-Mega, F|50\/100\n|move|p2a: Frosmoth|Quiver Dance|p2a: Frosmoth\n|-boost|p2a: Frosmoth|spa|1\n|-boost|p2a: Frosmoth|spd|1\n|-boost|p2a: Frosmoth|spe|1\n|\n|-weather|Snow|[upkeep]\n|upkeep\n|turn|24\n|\n|t:|1700076635\n|move|p1a: Banette|Encore|p2a: Frosmoth\n|-start|p2a: Frosmoth|Encore\n|move|p2a: Frosmoth|Quiver Dance|p2a: Frosmoth\n|-boost|p2a: Frosmoth|spa|1\n|-boost|p2a: Frosmoth|spd|1\n|-boost|p2a: Frosmoth|spe|1\n|\n|-weather|none\n|upkeep\n|turn|25\n|\n|t:|1700076640\n|switch|p2a: Drifblim|Drifblim, F|100\/100\n|move|p1a: Banette|Taunt|p2a: Drifblim\n|-start|p2a: Drifblim|move: Taunt\n|\n|-sideend|p2: CustardCracker|move: Aurora Veil\n|upkeep\n|turn|26\n|\n|t:|1700076645\n|switch|p2a: Abomasnow|Abomasnow, F, tera:Fire|64\/100\n|-weather|Snow|[from] ability: Snow Warning|[of] p2a: Abomasnow\n|move|p1a: Banette|Destiny Bond|p1a: Banette\n|-singlemove|p1a: Banette|Destiny Bond\n|\n|-weather|Snow|[upkeep]\n|-heal|p2a: Abomasnow|70\/100|[from] item: Leftovers\n|upkeep\n|turn|27\n|\n|t:|1700076649\n|move|p1a: Banette|Poltergeist|p2a: Abomasnow\n|-activate|p2a: Abomasnow|move: Poltergeist|Leftovers\n|-damage|p2a: Abomasnow|0 fnt\n|faint|p2a: Abomasnow\n|\n|-weather|Snow|[upkeep]\n|upkeep\n|-message|CustardCracker forfeited.\n|\n|win|Tank Tests\n|raw|Tank Tests's rating: 1361 &rarr; <strong>1381<\/strong><br \/>(+20 for winning)\n|raw|CustardCracker's rating: 1353 &rarr; <strong>1333<\/strong><br \/>(-20 for losing)\n|l|\u2606CustardCracker\n","uploadtime":1700076659,"views":12,"p1id":"tanktests","p2id":"custardcracker","formatid":"gen9nationaldex","rating":1333,"private":0,"password":""}