{"id":"gen9nationaldex-1998103088","p1":"bu wei chen chen","p2":"wcyoubing\u8349\u55b5\u72c2\u70ed\u7c89","format":"[Gen 9] National Dex","log":"|html|<div class=\"broadcast-blue\"><strong>[Gen 9] National Dex is currently suspecting Sneasler! For information on how to participate check out the <a href=\"https:\/\/www.smogon.com\/forums\/threads\/sv-national-dex-suspect-8-just-dance.3731534\/\">suspect thread<\/a>.<\/strong><\/div>\n|j|\u2606bu wei chen chen\n|j|\u2606wcyoubing\u8349\u55b5\u72c2\u70ed\u7c89\n|t:|1700891796\n|gametype|singles\n|player|p1|bu wei chen chen|dawn|1479\n|player|p2|wcyoubing\u8349\u55b5\u72c2\u70ed\u7c89|alec-anime|1444\n|teamsize|p1|6\n|teamsize|p2|6\n|gen|9\n|tier|[Gen 9] National Dex\n|rated|\n|rule|HP Percentage Mod: HP is shown in percentages\n|rule|Endless Battle Clause: Forcing endless battles is banned\n|rule|OHKO Clause: OHKO moves are banned\n|rule|Evasion Clause: Evasion abilities, items, and moves are banned\n|rule|Evasion Abilities Clause: Evasion abilities are banned\n|rule|Evasion Items Clause: Evasion items are banned\n|rule|Evasion Moves Clause: Evasion moves are banned\n|rule|Species Clause: Limit one of each Pok\u00e9mon\n|rule|Sleep Clause Mod: Limit one foe put to sleep\n|clearpoke\n|poke|p1|Nihilego|\n|poke|p1|Mimikyu, F|\n|poke|p1|Greninja-*, M|\n|poke|p1|Dragonite, M|\n|poke|p1|Ting-Lu|\n|poke|p1|Moltres|\n|poke|p2|Sinistcha-Masterpiece|\n|poke|p2|Tapu Lele|\n|poke|p2|Urshifu-*, M|\n|poke|p2|Heatran, M|\n|poke|p2|Landorus-Therian, M|\n|poke|p2|Weavile, M|\n|teampreview\n|inactive|Battle timer is ON: inactive players will automatically lose when time's up. (requested by bu wei chen chen)\n|\n|t:|1700891817\n|start\n|switch|p1a: Nihilego|Nihilego, shiny|100\/100\n|switch|p2a: \u5730\u864e|Landorus-Therian, M|100\/100\n|-ability|p2a: \u5730\u864e|Intimidate|boost\n|-unboost|p1a: Nihilego|atk|1\n|turn|1\n|c|\u2606bu wei chen chen|\u54c8\u54c8\u54c8\u54c8\u54c8\u54c8\u00b7\n|c|\u2606bu wei chen chen|\u597d\u540d\u5b57\n|c|\u2606wcyoubing\u8349\u55b5\u72c2\u70ed\u7c89|awa\uff1f\n|\n|t:|1700891842\n|move|p1a: Nihilego|Meteor Beam||[still]\n|-prepare|p1a: Nihilego|Meteor Beam\n|-boost|p1a: Nihilego|spa|1\n|-enditem|p1a: Nihilego|Power Herb\n|-anim|p1a: Nihilego|Meteor Beam|p2a: \u5730\u864e\n|-damage|p2a: \u5730\u864e|13\/100\n|move|p2a: \u5730\u864e|U-turn|p1a: Nihilego\n|-resisted|p1a: Nihilego\n|-damage|p1a: Nihilego|83\/100\n|\n|t:|1700891853\n|switch|p2a: \u8776\u8776|Tapu Lele|100\/100|[from] U-turn\n|-fieldstart|move: Psychic Terrain|[from] ability: Psychic Surge|[of] p2a: \u8776\u8776\n|\n|upkeep\n|turn|2\n|\n|t:|1700891863\n|-terastallize|p1a: Nihilego|Fire\n|move|p2a: \u8776\u8776|Focus Blast|p1a: Nihilego\n|-damage|p1a: Nihilego|51\/100\n|-unboost|p1a: Nihilego|spd|1\n|move|p1a: Nihilego|Sludge Wave|p2a: \u8776\u8776\n|-supereffective|p2a: \u8776\u8776\n|-damage|p2a: \u8776\u8776|0 fnt\n|faint|p2a: \u8776\u8776\n|-ability|p1a: Nihilego|Beast Boost|boost\n|-boost|p1a: Nihilego|spe|1\n|\n|upkeep\n|\n|t:|1700891875\n|switch|p2a: \u5e2b\u5085|Urshifu-Rapid-Strike, M|100\/100\n|turn|3\n|c|\u2606wcyoubing\u8349\u55b5\u72c2\u70ed\u7c89|awa\uff1f\n|\n|t:|1700891891\n|-terastallize|p2a: \u5e2b\u5085|Water\n|move|p1a: Nihilego|Grass Knot|p2a: \u5e2b\u5085\n|-supereffective|p2a: \u5e2b\u5085\n|-damage|p2a: \u5e2b\u5085|0 fnt\n|faint|p2a: \u5e2b\u5085\n|-ability|p1a: Nihilego|Beast Boost|boost\n|-boost|p1a: Nihilego|spe|1\n|\n|upkeep\n|c|\u2606wcyoubing\u8349\u55b5\u72c2\u70ed\u7c89|\u6709\u70b9\u906d\u4e0d\u4f4f\u4e86\n|c|\u2606bu wei chen chen|az\n|\n|t:|1700891903\n|switch|p2a: \u7da0\u8336|Sinistcha-Masterpiece, shiny|100\/100\n|turn|4\n|\n|t:|1700891912\n|move|p1a: Nihilego|Hidden Power|p2a: \u7da0\u8336\n|-supereffective|p2a: \u7da0\u8336\n|-damage|p2a: \u7da0\u8336|43\/100\n|move|p2a: \u7da0\u8336|Shadow Ball|p1a: Nihilego\n|-damage|p1a: Nihilego|15\/100\n|\n|-heal|p2a: \u7da0\u8336|49\/100|[from] item: Leftovers\n|upkeep\n|turn|5\n|\n|t:|1700891919\n|move|p1a: Nihilego|Hidden Power|p2a: \u7da0\u8336\n|-supereffective|p2a: \u7da0\u8336\n|-crit|p2a: \u7da0\u8336\n|-damage|p2a: \u7da0\u8336|0 fnt\n|faint|p2a: \u7da0\u8336\n|-ability|p1a: Nihilego|Beast Boost|boost\n|-boost|p1a: Nihilego|spe|1\n|\n|-fieldend|move: Psychic Terrain\n|upkeep\n|\n|t:|1700891923\n|switch|p2a: \u9ed1\u8c79|Weavile, M|100\/100\n|-ability|p2a: \u9ed1\u8c79|Pressure\n|turn|6\n|c|\u2606bu wei chen chen|\u2026\u2026\n|c|\u2606bu wei chen chen|\u4f60\u600e\u4e48\u4e0d\u4e0a\u706b\u94a2\n|c|\u2606bu wei chen chen|\u53ef\u4ee5\u5b8c\u7f8e\u62b5\u6297\u7684\n|\n|t:|1700891948\n|switch|p2a: \u706b\u92fc|Heatran, M|100\/100\n|move|p1a: Nihilego|Hidden Power|p2a: \u706b\u92fc\n|-start|p2a: \u706b\u92fc|ability: Flash Fire\n|\n|upkeep\n|turn|7\n|c|\u2606wcyoubing\u8349\u55b5\u72c2\u70ed\u7c89|\u6211\u50bb\u5457\u4e86\n|inactive|bu wei chen chen has 120 seconds left.\n|\n|t:|1700891965\n|move|p1a: Nihilego|Grass Knot|p2a: \u706b\u92fc\n|-resisted|p2a: \u706b\u92fc\n|-damage|p2a: \u706b\u92fc|91\/100\n|move|p2a: \u706b\u92fc|Magma Storm|p1a: Nihilego\n|-resisted|p1a: Nihilego\n|-damage|p1a: Nihilego|0 fnt\n|faint|p1a: Nihilego\n|\n|-heal|p2a: \u706b\u92fc|97\/100|[from] item: Leftovers\n|upkeep\n|inactive|bu wei chen chen has 120 seconds left.\n|c|\u2606bu wei chen chen|\u54c8\u54c8\u54c8\u54c8\u54c8\u54c8\n|\n|t:|1700891981\n|switch|p1a: Moltres|Moltres|100\/100\n|turn|8\n|\n|t:|1700891992\n|-end|p2a: \u706b\u92fc|ability: Flash Fire|[silent]\n|switch|p2a: \u5730\u864e|Landorus-Therian, M|13\/100\n|-ability|p2a: \u5730\u864e|Intimidate|boost\n|-unboost|p1a: Moltres|atk|1\n|move|p1a: Moltres|Scorching Sands|p2a: \u5730\u864e\n|-immune|p2a: \u5730\u864e\n|\n|-heal|p2a: \u5730\u864e|19\/100|[from] item: Leftovers\n|upkeep\n|turn|9\n|inactive|bu wei chen chen has 120 seconds left.\n|\n|t:|1700892005\n|move|p2a: \u5730\u864e|U-turn|p1a: Moltres\n|-resisted|p1a: Moltres\n|-damage|p1a: Moltres|97\/100\n|\n|t:|1700892009\n|switch|p2a: \u9ed1\u8c79|Weavile, M|100\/100|[from] U-turn\n|-ability|p2a: \u9ed1\u8c79|Pressure\n|move|p1a: Moltres|Mystical Fire|p2a: \u9ed1\u8c79\n|-supereffective|p2a: \u9ed1\u8c79\n|-damage|p2a: \u9ed1\u8c79|17\/100\n|-unboost|p2a: \u9ed1\u8c79|spa|1\n|\n|upkeep\n|turn|10\n|\n|t:|1700892014\n|move|p2a: \u9ed1\u8c79|Triple Axel|p1a: Moltres\n|-damage|p1a: Moltres|86\/100\n|-damage|p1a: Moltres|65\/100\n|-damage|p1a: Moltres|32\/100\n|-hitcount|p1a: Moltres|3\n|move|p1a: Moltres|Scorching Sands|p2a: \u9ed1\u8c79\n|-damage|p2a: \u9ed1\u8c79|0 fnt\n|faint|p2a: \u9ed1\u8c79\n|\n|upkeep\n|c|\u2606bu wei chen chen|\u4f60\u662f\u4e0d\u662f\u6545\u610f\u6389\u5206\u554a\uff08\uff09\n|\n|t:|1700892028\n|switch|p2a: \u706b\u92fc|Heatran, M|97\/100\n|turn|11\n|c|\u2606wcyoubing\u8349\u55b5\u72c2\u70ed\u7c89|qwq\n|\n|t:|1700892035\n|move|p1a: Moltres|Roost|p1a: Moltres\n|-heal|p1a: Moltres|82\/100\n|-singleturn|p1a: Moltres|move: Roost\n|move|p2a: \u706b\u92fc|Magma Storm|p1a: Moltres|[miss]\n|-miss|p2a: \u706b\u92fc|p1a: Moltres\n|\n|-heal|p2a: \u706b\u92fc|100\/100|[from] item: Leftovers\n|upkeep\n|turn|12\n|c|\u2606wcyoubing\u8349\u55b5\u72c2\u70ed\u7c89|\u4ec0\u4e48\u50bb\u903c\u706b\u521a\uff01\uff01\uff01\n|c|\u2606bu wei chen chen|\u662f\u8fd9\u6837\u7684\uff08\uff09\n|inactive|wcyoubing\u8349\u55b5\u72c2\u70ed\u7c89 has 120 seconds left.\n|c|\u2606wcyoubing\u8349\u55b5\u72c2\u70ed\u7c89|\u5df2\u7ecf\u4e09\u628a\u6ca1\u547d\u4e2d\u4e86\uff01\uff01\uff01\n|c|\u2606bu wei chen chen|\u4e0a\u4e00\u5c40\u6211\u5267\u6bd2\u4e09\u8fdemiss\n|-message|wcyoubing\u8349\u55b5\u72c2\u70ed\u7c89 forfeited.\n|\n|win|bu wei chen chen\n|raw|bu wei chen chen's rating: 1479 &rarr; <strong>1497<\/strong><br \/>(+18 for winning)\n|raw|wcyoubing\u8349\u55b5\u72c2\u70ed\u7c89's rating: 1444 &rarr; <strong>1426<\/strong><br \/>(-18 for losing)\n|l|\u2606wcyoubing\u8349\u55b5\u72c2\u70ed\u7c89\n|c|\u2606bu wei chen chen|\u795d\u4f60\u597d\u8fd0\n","uploadtime":1700892081,"views":7,"p1id":"buweichenchen","p2id":"wcyoubing","formatid":"gen9nationaldex","rating":1426,"private":0,"password":""}