{"id":"gen9nationaldex-1996133280","p1":"koyi1992","p2":"Glass101","format":"[Gen 9] National Dex","log":"|html|<div class=\"broadcast-blue\"><strong>[Gen 9] National Dex is currently suspecting Sneasler! For information on how to participate check out the <a href=\"https:\/\/www.smogon.com\/forums\/threads\/sv-national-dex-suspect-8-just-dance.3731534\/\">suspect thread<\/a>.<\/strong><\/div>\n|j|\u2606koyi1992\n|j|\u2606Glass101\n|t:|1700649198\n|gametype|singles\n|player|p1|koyi1992|170|1350\n|player|p2|Glass101|1|1434\n|teamsize|p1|6\n|teamsize|p2|6\n|gen|9\n|tier|[Gen 9] National Dex\n|rated|\n|rule|HP Percentage Mod: HP is shown in percentages\n|rule|Endless Battle Clause: Forcing endless battles is banned\n|rule|OHKO Clause: OHKO moves are banned\n|rule|Evasion Clause: Evasion abilities, items, and moves are banned\n|rule|Evasion Abilities Clause: Evasion abilities are banned\n|rule|Evasion Items Clause: Evasion items are banned\n|rule|Evasion Moves Clause: Evasion moves are banned\n|rule|Species Clause: Limit one of each Pok\u00e9mon\n|rule|Sleep Clause Mod: Limit one foe put to sleep\n|clearpoke\n|poke|p1|Rillaboom, F|\n|poke|p1|Ogerpon-Cornerstone, F|\n|poke|p1|Alomomola, M|\n|poke|p1|Moltres|\n|poke|p1|Lopunny, M|\n|poke|p1|Heatran, M|\n|poke|p2|Sinistcha|\n|poke|p2|Ceruledge, M|\n|poke|p2|Clodsire, M|\n|poke|p2|Kyurem|\n|poke|p2|Cresselia, F|\n|poke|p2|Beedrill, F|\n|teampreview\n|\n|t:|1700649201\n|start\n|switch|p1a: Lopunny|Lopunny, M|100\/100\n|switch|p2a: Running|Beedrill, F, shiny|100\/100\n|turn|1\n|inactive|Battle timer is ON: inactive players will automatically lose when time's up. (requested by koyi1992)\n|\n|t:|1700649206\n|switch|p2a: Clodsire|Clodsire, M|100\/100\n|detailschange|p1a: Lopunny|Lopunny-Mega, M\n|-mega|p1a: Lopunny|Lopunny|Lopunnite\n|move|p1a: Lopunny|Fake Out|p2a: Clodsire\n|-damage|p2a: Clodsire|85\/100\n|\n|upkeep\n|turn|2\n|\n|t:|1700649216\n|switch|p1a: Alomomola|Alomomola, M|100\/100\n|move|p2a: Clodsire|Counter||[still]\n|-fail|p2a: Clodsire\n|\n|upkeep\n|turn|3\n|\n|t:|1700649223\n|move|p1a: Alomomola|Wish|p1a: Alomomola\n|move|p2a: Clodsire|Toxic|p1a: Alomomola\n|-status|p1a: Alomomola|tox\n|\n|-damage|p1a: Alomomola|94\/100 tox|[from] psn\n|upkeep\n|turn|4\n|\n|t:|1700649226\n|move|p1a: Alomomola|Flip Turn|p2a: Clodsire\n|-supereffective|p2a: Clodsire\n|-damage|p2a: Clodsire|60\/100\n|\n|t:|1700649230\n|switch|p1a: Heatran|Heatran, M|100\/100|[from] Flip Turn\n|move|p2a: Clodsire|Earthquake|p1a: Heatran\n|-supereffective|p1a: Heatran\n|-damage|p1a: Heatran|1\/100\n|\n|-heal|p1a: Heatran|70\/100|[from] move: Wish|[wisher] Alomomola\n|-heal|p1a: Heatran|76\/100|[from] item: Leftovers\n|upkeep\n|turn|5\n|\n|t:|1700649240\n|-terastallize|p1a: Heatran|Grass\n|move|p1a: Heatran|Taunt|p2a: Clodsire\n|-start|p2a: Clodsire|move: Taunt\n|move|p2a: Clodsire|Earthquake|p1a: Heatran\n|-resisted|p1a: Heatran\n|-damage|p1a: Heatran|65\/100\n|\n|-heal|p1a: Heatran|71\/100|[from] item: Leftovers\n|upkeep\n|turn|6\n|c|\u2606Glass101|99%\n|\n|t:|1700649247\n|switch|p2a: Running|Beedrill, F, shiny|100\/100\n|move|p1a: Heatran|Magma Storm|p2a: Running\n|-supereffective|p2a: Running\n|-damage|p2a: Running|0 fnt\n|faint|p2a: Running\n|\n|-heal|p1a: Heatran|77\/100|[from] item: Leftovers\n|upkeep\n|\n|t:|1700649249\n|switch|p2a: Kyurem|Kyurem|100\/100\n|-ability|p2a: Kyurem|Pressure\n|turn|7\n|\n|t:|1700649257\n|move|p2a: Kyurem|Substitute|p2a: Kyurem\n|-start|p2a: Kyurem|Substitute\n|-damage|p2a: Kyurem|76\/100\n|move|p1a: Heatran|Taunt|p2a: Kyurem\n|-start|p2a: Kyurem|move: Taunt\n|\n|-heal|p1a: Heatran|84\/100|[from] item: Leftovers\n|upkeep\n|turn|8\n|c|\u2606Glass101|Uff this game hurts lol\n|\n|t:|1700649268\n|switch|p1a: Alomomola|Alomomola, M|100\/100 tox\n|move|p2a: Kyurem|Freeze-Dry|p1a: Alomomola\n|-supereffective|p1a: Alomomola\n|-damage|p1a: Alomomola|0 fnt\n|faint|p1a: Alomomola\n|-damage|p2a: Kyurem|66\/100|[from] item: Life Orb\n|\n|upkeep\n|\n|t:|1700649275\n|switch|p1a: Lopunny|Lopunny-Mega, M|100\/100\n|turn|9\n|\n|t:|1700649277\n|move|p1a: Lopunny|Fake Out|p2a: Kyurem\n|-activate|p2a: Kyurem|move: Substitute|[damage]\n|move|p2a: Kyurem|Freeze-Dry|p1a: Lopunny\n|-damage|p1a: Lopunny|32\/100\n|-damage|p2a: Kyurem|56\/100|[from] item: Life Orb\n|\n|upkeep\n|turn|10\n|\n|t:|1700649284\n|move|p1a: Lopunny|Triple Axel|p2a: Kyurem\n|-end|p2a: Kyurem|Substitute\n|-damage|p2a: Kyurem|43\/100\n|-damage|p2a: Kyurem|24\/100\n|-hitcount|p2a: Kyurem|3\n|move|p2a: Kyurem|Freeze-Dry|p1a: Lopunny\n|-damage|p1a: Lopunny|0 fnt\n|faint|p1a: Lopunny\n|-damage|p2a: Kyurem|14\/100|[from] item: Life Orb\n|\n|-end|p2a: Kyurem|move: Taunt\n|upkeep\n|\n|t:|1700649295\n|switch|p1a: Ogerpon|Ogerpon-Cornerstone, F|100\/100\n|turn|11\n|\n|t:|1700649299\n|switch|p2a: Clodsire|Clodsire, M|60\/100\n|move|p1a: Ogerpon|Ivy Cudgel|p2a: Clodsire|[anim] Ivy Cudgel Rock\n|-resisted|p2a: Clodsire\n|-damage|p2a: Clodsire|37\/100\n|\n|upkeep\n|turn|12\n|\n|t:|1700649309\n|switch|p1a: Heatran|Heatran, M, tera:Grass|84\/100\n|move|p2a: Clodsire|Recover|p2a: Clodsire\n|-heal|p2a: Clodsire|87\/100\n|\n|-heal|p1a: Heatran|90\/100|[from] item: Leftovers\n|upkeep\n|turn|13\n|\n|t:|1700649317\n|switch|p2a: Kyurem|Kyurem|14\/100\n|-ability|p2a: Kyurem|Pressure\n|move|p1a: Heatran|Taunt|p2a: Kyurem\n|-start|p2a: Kyurem|move: Taunt\n|\n|-heal|p1a: Heatran|96\/100|[from] item: Leftovers\n|upkeep\n|turn|14\n|\n|t:|1700649326\n|move|p2a: Kyurem|Freeze-Dry|p1a: Heatran\n|-supereffective|p1a: Heatran\n|-damage|p1a: Heatran|25\/100\n|-damage|p2a: Kyurem|4\/100|[from] item: Life Orb\n|move|p1a: Heatran|Earth Power|p2a: Kyurem\n|-damage|p2a: Kyurem|0 fnt\n|faint|p2a: Kyurem\n|\n|-heal|p1a: Heatran|32\/100|[from] item: Leftovers\n|upkeep\n|\n|t:|1700649332\n|switch|p2a: Cresselia|Cresselia, F|100\/100\n|turn|15\n|\n|t:|1700649338\n|switch|p2a: Ceruledge|Ceruledge, M|100\/100\n|move|p1a: Heatran|Taunt|p2a: Ceruledge\n|-start|p2a: Ceruledge|move: Taunt\n|\n|-heal|p1a: Heatran|38\/100|[from] item: Leftovers\n|upkeep\n|turn|16\n|\n|t:|1700649348\n|switch|p1a: Moltres|Moltres|100\/100\n|move|p2a: Ceruledge|Poltergeist|p1a: Moltres\n|-activate|p1a: Moltres|move: Poltergeist|Heavy-Duty Boots\n|-damage|p1a: Moltres|45\/100\n|\n|upkeep\n|turn|17\n|inactive|Glass101 has 120 seconds left.\n|\n|t:|1700649395\n|move|p2a: Ceruledge|Poltergeist|p1a: Moltres|[miss]\n|-miss|p2a: Ceruledge|p1a: Moltres\n|move|p1a: Moltres|U-turn|p2a: Ceruledge\n|-resisted|p2a: Ceruledge\n|-damage|p2a: Ceruledge|96\/100\n|c|\u2606Glass101|This game '-'\n|\n|t:|1700649405\n|switch|p1a: Ogerpon|Ogerpon-Cornerstone, F|100\/100|[from] U-turn\n|\n|-end|p2a: Ceruledge|move: Taunt\n|upkeep\n|turn|18\n|\n|t:|1700649408\n|switch|p2a: Clodsire|Clodsire, M|87\/100\n|move|p1a: Ogerpon|Ivy Cudgel|p2a: Clodsire|[anim] Ivy Cudgel Rock\n|-resisted|p2a: Clodsire\n|-damage|p2a: Clodsire|65\/100\n|\n|upkeep\n|turn|19\n|\n|t:|1700649415\n|switch|p1a: Heatran|Heatran, M, tera:Grass|38\/100\n|move|p2a: Clodsire|Toxic|p1a: Heatran\n|-status|p1a: Heatran|tox\n|\n|-heal|p1a: Heatran|44\/100 tox|[from] item: Leftovers\n|-damage|p1a: Heatran|38\/100 tox|[from] psn\n|upkeep\n|turn|20\n|\n|t:|1700649421\n|switch|p2a: Cresselia|Cresselia, F|100\/100\n|move|p1a: Heatran|Magma Storm|p2a: Cresselia|[miss]\n|-miss|p1a: Heatran|p2a: Cresselia\n|\n|-heal|p1a: Heatran|44\/100 tox|[from] item: Leftovers\n|-damage|p1a: Heatran|32\/100 tox|[from] psn\n|upkeep\n|turn|21\n|\n|t:|1700649426\n|move|p2a: Cresselia|Calm Mind|p2a: Cresselia\n|-boost|p2a: Cresselia|spa|1\n|-boost|p2a: Cresselia|spd|1\n|move|p1a: Heatran|Taunt|p2a: Cresselia\n|-start|p2a: Cresselia|move: Taunt\n|\n|-heal|p1a: Heatran|38\/100 tox|[from] item: Leftovers\n|-damage|p1a: Heatran|19\/100 tox|[from] psn\n|upkeep\n|turn|22\n|\n|t:|1700649432\n|switch|p2a: Ceruledge|Ceruledge, M|96\/100\n|switch|p1a: Rillaboom|Rillaboom, F|100\/100\n|-fieldstart|move: Grassy Terrain|[from] ability: Grassy Surge|[of] p1a: Rillaboom\n|\n|-heal|p2a: Ceruledge|100\/100|[from] Grassy Terrain\n|upkeep\n|turn|23\n|\n|t:|1700649441\n|move|p2a: Ceruledge|Bitter Blade|p1a: Rillaboom\n|-supereffective|p1a: Rillaboom\n|-damage|p1a: Rillaboom|0 fnt\n|faint|p1a: Rillaboom\n|\n|upkeep\n|\n|t:|1700649444\n|switch|p1a: Ogerpon|Ogerpon-Cornerstone, F|100\/100\n|turn|24\n|inactive|Glass101 has 120 seconds left.\n|\n|t:|1700649497\n|move|p1a: Ogerpon|Swords Dance|p1a: Ogerpon\n|-boost|p1a: Ogerpon|atk|2\n|move|p2a: Ceruledge|Poltergeist|p1a: Ogerpon|[miss]\n|-miss|p2a: Ceruledge|p1a: Ogerpon\n|\n|upkeep\n|turn|25\n|c|\u2606Glass101|Dude '-'\n|\n|t:|1700649503\n|move|p1a: Ogerpon|Ivy Cudgel|p2a: Ceruledge|[anim] Ivy Cudgel Rock\n|-supereffective|p2a: Ceruledge\n|-damage|p2a: Ceruledge|0 fnt\n|faint|p2a: Ceruledge\n|\n|upkeep\n|\n|t:|1700649505\n|switch|p2a: Clodsire|Clodsire, M|65\/100\n|turn|26\n|\n|t:|1700649511\n|move|p1a: Ogerpon|Horn Leech|p2a: Clodsire\n|-damage|p2a: Clodsire|25\/100\n|move|p2a: Clodsire|Recover|p2a: Clodsire\n|-heal|p2a: Clodsire|75\/100\n|\n|-heal|p2a: Clodsire|82\/100|[from] Grassy Terrain\n|-fieldend|move: Grassy Terrain\n|upkeep\n|turn|27\n|\n|t:|1700649520\n|move|p1a: Ogerpon|Swords Dance|p1a: Ogerpon\n|-boost|p1a: Ogerpon|atk|2\n|move|p2a: Clodsire|Toxic|p1a: Ogerpon\n|-status|p1a: Ogerpon|tox\n|\n|-damage|p1a: Ogerpon|95\/100 tox|[from] psn\n|upkeep\n|turn|28\n|\n|t:|1700649527\n|move|p1a: Ogerpon|Horn Leech|p2a: Clodsire\n|-damage|p2a: Clodsire|51\/100\n|-heal|p1a: Ogerpon|100\/100 tox|[from] drain|[of] p2a: Clodsire\n|move|p2a: Clodsire|Counter|p1a: Ogerpon\n|-damage|p1a: Ogerpon|6\/100 tox\n|\n|-damage|p1a: Ogerpon|0 fnt|[from] psn\n|faint|p1a: Ogerpon\n|upkeep\n|\n|t:|1700649534\n|switch|p1a: Moltres|Moltres|45\/100\n|turn|29\n|\n|t:|1700649536\n|move|p1a: Moltres|Roost|p1a: Moltres\n|-heal|p1a: Moltres|95\/100\n|-singleturn|p1a: Moltres|move: Roost\n|move|p2a: Clodsire|Toxic|p1a: Moltres\n|-status|p1a: Moltres|tox\n|\n|-damage|p1a: Moltres|89\/100 tox|[from] psn\n|upkeep\n|turn|30\n|-message|koyi1992 forfeited.\n|\n|win|Glass101\n|raw|koyi1992's rating: 1350 &rarr; <strong>1335<\/strong><br \/>(-15 for losing)\n|raw|Glass101's rating: 1434 &rarr; <strong>1449<\/strong><br \/>(+15 for winning)\n|l|\u2606koyi1992\n","uploadtime":1700649543,"views":0,"p1id":"koyi1992","p2id":"glass101","formatid":"gen9nationaldex","rating":1335,"private":0,"password":""}