{"id":"gen9nationaldex-1995551526","p1":"elvisma","p2":"mariousHex","format":"[Gen 9] National Dex","log":"|html|<div class=\"broadcast-blue\"><strong>[Gen 9] National Dex is currently suspecting Sneasler! For information on how to participate check out the <a href=\"https:\/\/www.smogon.com\/forums\/threads\/sv-national-dex-suspect-8-just-dance.3731534\/\">suspect thread<\/a>.<\/strong><\/div>\n|j|\u2606elvisma\n|j|\u2606mariousHex\n|t:|1700582146\n|gametype|singles\n|player|p1|elvisma|red-masters|1704\n|player|p2|mariousHex|lillie-masters|1691\n|teamsize|p1|6\n|teamsize|p2|6\n|gen|9\n|tier|[Gen 9] National Dex\n|rated|\n|rule|HP Percentage Mod: HP is shown in percentages\n|rule|Endless Battle Clause: Forcing endless battles is banned\n|rule|OHKO Clause: OHKO moves are banned\n|rule|Evasion Clause: Evasion abilities, items, and moves are banned\n|rule|Evasion Abilities Clause: Evasion abilities are banned\n|rule|Evasion Items Clause: Evasion items are banned\n|rule|Evasion Moves Clause: Evasion moves are banned\n|rule|Species Clause: Limit one of each Pok\u00e9mon\n|rule|Sleep Clause Mod: Limit one foe put to sleep\n|clearpoke\n|poke|p1|Azelf|\n|poke|p1|Charizard, F|\n|poke|p1|Ribombee, F|\n|poke|p1|Great Tusk|\n|poke|p1|Ogerpon-Wellspring, F|\n|poke|p1|Victini|\n|poke|p2|Gliscor, M|\n|poke|p2|Great Tusk|\n|poke|p2|Scizor, M|\n|poke|p2|Greninja-*, M|\n|poke|p2|Zapdos|\n|poke|p2|Heatran, M|\n|teampreview\n|\n|t:|1700582160\n|start\n|switch|p1a: ampheros|Charizard, F|100\/100\n|switch|p2a: Heatran|Heatran, M|100\/100\n|turn|1\n|\n|t:|1700582183\n|move|p1a: ampheros|Dragon Dance|p1a: ampheros\n|-boost|p1a: ampheros|atk|1\n|-boost|p1a: ampheros|spe|1\n|move|p2a: Heatran|Stealth Rock|p1a: ampheros\n|-sidestart|p1: elvisma|move: Stealth Rock\n|\n|upkeep\n|turn|2\n|\n|t:|1700582201\n|switch|p2a: Zapdos|Zapdos|100\/100\n|move|p1a: ampheros|Earthquake|p2a: Zapdos\n|-immune|p2a: Zapdos\n|\n|upkeep\n|turn|3\n|\n|t:|1700582211\n|detailschange|p1a: ampheros|Charizard-Mega-X, F\n|-mega|p1a: ampheros|Charizard|Charizardite X\n|move|p1a: ampheros|Dragon Dance|p1a: ampheros\n|-boost|p1a: ampheros|atk|1\n|-boost|p1a: ampheros|spe|1\n|move|p2a: Zapdos|Volt Switch|p1a: ampheros\n|-resisted|p1a: ampheros\n|-damage|p1a: ampheros|82\/100\n|\n|t:|1700582224\n|switch|p2a: Great Tusk|Great Tusk|100\/100|[from] Volt Switch\n|-enditem|p2a: Great Tusk|Booster Energy\n|-activate|p2a: Great Tusk|ability: Protosynthesis|[fromitem]\n|-start|p2a: Great Tusk|protosynthesisdef\n|\n|upkeep\n|turn|4\n|c|\u2606elvisma|burn pls\n|\n|t:|1700582242\n|move|p1a: ampheros|Fire Punch|p2a: Great Tusk\n|-damage|p2a: Great Tusk|48\/100\n|move|p2a: Great Tusk|Headlong Rush|p1a: ampheros\n|-supereffective|p1a: ampheros\n|-damage|p1a: ampheros|0 fnt\n|-unboost|p2a: Great Tusk|def|1\n|-unboost|p2a: Great Tusk|spd|1\n|faint|p1a: ampheros\n|\n|upkeep\n|\n|t:|1700582247\n|switch|p1a: ZA BEE|Ribombee, F|100\/100\n|-damage|p1a: ZA BEE|76\/100|[from] Stealth Rock\n|turn|5\n|\n|t:|1700582261\n|move|p1a: ZA BEE|Moonblast|p2a: Great Tusk\n|-supereffective|p2a: Great Tusk\n|-damage|p2a: Great Tusk|0 fnt\n|faint|p2a: Great Tusk\n|-end|p2a: Great Tusk|Protosynthesis|[silent]\n|\n|upkeep\n|\n|t:|1700582265\n|switch|p2a: Gliscor|Gliscor, M|100\/100\n|turn|6\n|\n|t:|1700582270\n|move|p2a: Gliscor|Protect|p2a: Gliscor\n|-singleturn|p2a: Gliscor|Protect\n|move|p1a: ZA BEE|Sticky Web|p2a: Gliscor\n|-sidestart|p2: mariousHex|move: Sticky Web\n|\n|-status|p2a: Gliscor|tox|[from] item: Toxic Orb\n|upkeep\n|turn|7\n|\n|t:|1700582279\n|move|p1a: ZA BEE|Moonblast|p2a: Gliscor\n|-damage|p2a: Gliscor|65\/100 tox\n|move|p2a: Gliscor|Toxic|p1a: ZA BEE\n|-status|p1a: ZA BEE|tox\n|\n|-damage|p1a: ZA BEE|69\/100 tox|[from] psn\n|-heal|p2a: Gliscor|78\/100 tox|[from] ability: Poison Heal\n|upkeep\n|turn|8\n|\n|t:|1700582291\n|move|p1a: ZA BEE|Quiver Dance|p1a: ZA BEE\n|-boost|p1a: ZA BEE|spa|1\n|-boost|p1a: ZA BEE|spd|1\n|-boost|p1a: ZA BEE|spe|1\n|move|p2a: Gliscor|Spikes|p1a: ZA BEE\n|-sidestart|p1: elvisma|Spikes\n|\n|-damage|p1a: ZA BEE|57\/100 tox|[from] psn\n|-heal|p2a: Gliscor|90\/100 tox|[from] ability: Poison Heal\n|upkeep\n|turn|9\n|\n|t:|1700582297\n|move|p1a: ZA BEE|Moonblast|p2a: Gliscor\n|-damage|p2a: Gliscor|32\/100 tox\n|move|p2a: Gliscor|Spikes|p1a: ZA BEE\n|-sidestart|p1: elvisma|Spikes\n|\n|-damage|p1a: ZA BEE|39\/100 tox|[from] psn\n|-heal|p2a: Gliscor|45\/100 tox|[from] ability: Poison Heal\n|upkeep\n|turn|10\n|\n|t:|1700582302\n|move|p2a: Gliscor|Protect|p2a: Gliscor\n|-singleturn|p2a: Gliscor|Protect\n|move|p1a: ZA BEE|Quiver Dance|p1a: ZA BEE\n|-boost|p1a: ZA BEE|spa|1\n|-boost|p1a: ZA BEE|spd|1\n|-boost|p1a: ZA BEE|spe|1\n|\n|-damage|p1a: ZA BEE|14\/100 tox|[from] psn\n|-heal|p2a: Gliscor|57\/100 tox|[from] ability: Poison Heal\n|upkeep\n|turn|11\n|\n|t:|1700582311\n|switch|p2a: Scizor|Scizor, M|100\/100\n|-activate|p2a: Scizor|move: Sticky Web\n|-unboost|p2a: Scizor|spe|1\n|move|p1a: ZA BEE|Moonblast|p2a: Scizor\n|-resisted|p2a: Scizor\n|-damage|p2a: Scizor|62\/100\n|-unboost|p2a: Scizor|spa|1\n|\n|-damage|p1a: ZA BEE|0 fnt|[from] psn\n|faint|p1a: ZA BEE\n|upkeep\n|\n|t:|1700582317\n|switch|p1a: SPIN TO WIN|Great Tusk|100\/100\n|-damage|p1a: SPIN TO WIN|98\/100|[from] Stealth Rock\n|-damage|p1a: SPIN TO WIN|81\/100|[from] Spikes\n|-enditem|p1a: SPIN TO WIN|Booster Energy\n|-activate|p1a: SPIN TO WIN|ability: Protosynthesis|[fromitem]\n|-start|p1a: SPIN TO WIN|protosynthesisatk\n|turn|12\n|\n|t:|1700582326\n|detailschange|p2a: Scizor|Scizor-Mega, M\n|-mega|p2a: Scizor|Scizor|Scizorite\n|move|p1a: SPIN TO WIN|Rapid Spin|p2a: Scizor\n|-resisted|p2a: Scizor\n|-damage|p2a: Scizor|54\/100\n|-boost|p1a: SPIN TO WIN|spe|1\n|-sideend|p1: elvisma|Spikes|[from] move: Rapid Spin|[of] p1a: SPIN TO WIN\n|-sideend|p1: elvisma|Stealth Rock|[from] move: Rapid Spin|[of] p1a: SPIN TO WIN\n|move|p2a: Scizor|U-turn|p1a: SPIN TO WIN\n|-resisted|p1a: SPIN TO WIN\n|-crit|p1a: SPIN TO WIN\n|-damage|p1a: SPIN TO WIN|61\/100\n|\n|t:|1700582328\n|switch|p2a: Zapdos|Zapdos|100\/100|[from] U-turn\n|\n|upkeep\n|turn|13\n|\n|t:|1700582335\n|-terastallize|p1a: SPIN TO WIN|Ice\n|move|p1a: SPIN TO WIN|Ice Spinner|p2a: Zapdos\n|-supereffective|p2a: Zapdos\n|-damage|p2a: Zapdos|20\/100\n|-status|p1a: SPIN TO WIN|par|[from] ability: Static|[of] p2a: Zapdos\n|move|p2a: Zapdos|Hurricane|p1a: SPIN TO WIN\n|-damage|p1a: SPIN TO WIN|0 fnt\n|faint|p1a: SPIN TO WIN\n|-end|p1a: SPIN TO WIN|Protosynthesis|[silent]\n|\n|upkeep\n|\n|t:|1700582338\n|switch|p1a: pls dont u-turn|Azelf|100\/100\n|turn|14\n|\n|t:|1700582343\n|move|p1a: pls dont u-turn|Thunderbolt|p2a: Zapdos\n|-damage|p2a: Zapdos|0 fnt\n|faint|p2a: Zapdos\n|\n|upkeep\n|\n|t:|1700582355\n|switch|p2a: Heatran|Heatran, M|100\/100\n|-activate|p2a: Heatran|move: Sticky Web\n|-unboost|p2a: Heatran|spe|1\n|turn|15\n|\n|t:|1700582363\n|switch|p1a: touchgrassdrinkH2O|Ogerpon-Wellspring, F|100\/100\n|move|p2a: Heatran|Stealth Rock|p1a: touchgrassdrinkH2O\n|-sidestart|p1: elvisma|move: Stealth Rock\n|\n|upkeep\n|turn|16\n|\n|t:|1700582381\n|move|p1a: touchgrassdrinkH2O|Swords Dance|p1a: touchgrassdrinkH2O\n|-boost|p1a: touchgrassdrinkH2O|atk|2\n|move|p2a: Heatran|Magma Storm|p1a: touchgrassdrinkH2O\n|-damage|p1a: touchgrassdrinkH2O|51\/100\n|-activate|p1a: touchgrassdrinkH2O|move: Magma Storm|[of] p2a: Heatran\n|\n|-damage|p1a: touchgrassdrinkH2O|39\/100|[from] move: Magma Storm|[partiallytrapped]\n|upkeep\n|turn|17\n|\n|t:|1700582388\n|-terastallize|p2a: Heatran|Dragon\n|move|p1a: touchgrassdrinkH2O|Ivy Cudgel|p2a: Heatran|[anim] Ivy Cudgel Water\n|-resisted|p2a: Heatran\n|-crit|p2a: Heatran\n|-damage|p2a: Heatran|31\/100\n|move|p2a: Heatran|Magma Storm|p1a: touchgrassdrinkH2O\n|-damage|p1a: touchgrassdrinkH2O|0 fnt\n|faint|p1a: touchgrassdrinkH2O\n|\n|-heal|p2a: Heatran|38\/100|[from] item: Leftovers\n|upkeep\n|\n|t:|1700582393\n|switch|p1a: V create spam|Victini|100\/100\n|-damage|p1a: V create spam|76\/100|[from] Stealth Rock\n|turn|18\n|\n|t:|1700582406\n|-zpower|p1a: V create spam\n|move|p1a: V create spam|Z-Celebrate|p1a: V create spam|[anim]Celebrate\n|-boost|p1a: V create spam|atk|1|[zeffect]\n|-boost|p1a: V create spam|def|1|[zeffect]\n|-boost|p1a: V create spam|spa|1|[zeffect]\n|-boost|p1a: V create spam|spd|1|[zeffect]\n|-boost|p1a: V create spam|spe|1|[zeffect]\n|-activate|p1a: V create spam|move: Celebrate\n|move|p2a: Heatran|Earth Power|p1a: V create spam\n|-supereffective|p1a: V create spam\n|-damage|p1a: V create spam|43\/100\n|\n|-heal|p2a: Heatran|44\/100|[from] item: Leftovers\n|upkeep\n|turn|19\n|\n|t:|1700582411\n|move|p1a: V create spam|Stored Power|p2a: Heatran\n|-damage|p2a: Heatran|0 fnt\n|faint|p2a: Heatran\n|\n|upkeep\n|\n|t:|1700582418\n|switch|p2a: Greninja|Greninja, M|100\/100\n|-activate|p2a: Greninja|move: Sticky Web\n|-unboost|p2a: Greninja|spe|1\n|turn|20\n|\n|t:|1700582421\n|move|p1a: V create spam|Energy Ball|p2a: Greninja\n|-supereffective|p2a: Greninja\n|-damage|p2a: Greninja|0 fnt\n|faint|p2a: Greninja\n|\n|upkeep\n|\n|t:|1700582427\n|switch|p2a: Gliscor|Gliscor, M|57\/100 tox\n|turn|21\n|\n|t:|1700582430\n|move|p1a: V create spam|Stored Power|p2a: Gliscor\n|-damage|p2a: Gliscor|0 fnt\n|faint|p2a: Gliscor\n|\n|upkeep\n|-message|mariousHex forfeited.\n|\n|win|elvisma\n|raw|elvisma's rating: 1704 &rarr; <strong>1723<\/strong><br \/>(+19 for winning)\n|raw|mariousHex's rating: 1691 &rarr; <strong>1672<\/strong><br \/>(-19 for losing)\n|l|\u2606mariousHex\n","uploadtime":1700582438,"views":0,"p1id":"elvisma","p2id":"marioushex","formatid":"gen9nationaldex","rating":1672,"private":0,"password":""}