{"id":"gen9nationaldex-2000495073","p1":"DnDinnerTheatre","p2":"Bumpers362","format":"[Gen 9] National Dex","log":"|html|<div class=\"broadcast-blue\"><strong>[Gen 9] National Dex is currently suspecting Sneasler! For information on how to participate check out the <a href=\"https:\/\/www.smogon.com\/forums\/threads\/sv-national-dex-suspect-8-just-dance.3731534\/\">suspect thread<\/a>.<\/strong><\/div>\n|j|\u2606DnDinnerTheatre\n|j|\u2606Bumpers362\n|t:|1701199587\n|gametype|singles\n|player|p1|DnDinnerTheatre|psychic-gen4|1249\n|player|p2|Bumpers362|steven|1349\n|teamsize|p1|6\n|teamsize|p2|6\n|gen|9\n|tier|[Gen 9] National Dex\n|rated|\n|rule|HP Percentage Mod: HP is shown in percentages\n|rule|Endless Battle Clause: Forcing endless battles is banned\n|rule|OHKO Clause: OHKO moves are banned\n|rule|Evasion Clause: Evasion abilities, items, and moves are banned\n|rule|Evasion Abilities Clause: Evasion abilities are banned\n|rule|Evasion Items Clause: Evasion items are banned\n|rule|Evasion Moves Clause: Evasion moves are banned\n|rule|Species Clause: Limit one of each Pok\u00e9mon\n|rule|Sleep Clause Mod: Limit one foe put to sleep\n|clearpoke\n|poke|p1|Kommo-o, F|\n|poke|p1|Feraligatr, F|\n|poke|p1|Malamar, M|\n|poke|p1|Rotom-Mow|\n|poke|p1|Spiritomb, F|\n|poke|p1|Blacephalon|\n|poke|p2|Beedrill, M|\n|poke|p2|Umbreon, M|\n|poke|p2|Grimmsnarl, M|\n|poke|p2|Garganacl, F|\n|poke|p2|Iron Moth|\n|poke|p2|Gliscor, M|\n|teampreview\n|inactive|Battle timer is ON: inactive players will automatically lose when time's up. (requested by Bumpers362)\n|\n|t:|1701199598\n|start\n|switch|p1a: Rotom|Rotom-Mow|100\/100\n|switch|p2a: Grimmsnarl|Grimmsnarl, M|100\/100\n|turn|1\n|\n|t:|1701199610\n|move|p2a: Grimmsnarl|Light Screen|p2a: Grimmsnarl\n|-sidestart|p2: Bumpers362|move: Light Screen\n|move|p1a: Rotom|Volt Switch|p2a: Grimmsnarl\n|-damage|p2a: Grimmsnarl|89\/100\n|\n|t:|1701199615\n|switch|p1a: Spiritomb|Spiritomb, F|100\/100|[from] Volt Switch\n|\n|upkeep\n|turn|2\n|\n|t:|1701199626\n|move|p2a: Grimmsnarl|Spirit Break|p1a: Spiritomb\n|-supereffective|p1a: Spiritomb\n|-damage|p1a: Spiritomb|41\/100\n|-unboost|p1a: Spiritomb|spa|1\n|-damage|p2a: Grimmsnarl|73\/100|[from] item: Rocky Helmet|[of] p1a: Spiritomb\n|move|p1a: Spiritomb|Toxic|p2a: Grimmsnarl\n|-status|p2a: Grimmsnarl|tox\n|\n|-damage|p2a: Grimmsnarl|67\/100 tox|[from] psn\n|upkeep\n|turn|3\n|\n|t:|1701199635\n|move|p1a: Spiritomb|Protect|p1a: Spiritomb\n|-singleturn|p1a: Spiritomb|Protect\n|move|p2a: Grimmsnarl|Spirit Break|p1a: Spiritomb\n|-activate|p1a: Spiritomb|move: Protect\n|\n|-damage|p2a: Grimmsnarl|55\/100 tox|[from] psn\n|upkeep\n|turn|4\n|\n|t:|1701199650\n|switch|p1a: Rotom|Rotom-Mow|100\/100\n|move|p2a: Grimmsnarl|Spirit Break|p1a: Rotom\n|-damage|p1a: Rotom|63\/100\n|-unboost|p1a: Rotom|spa|1\n|\n|-damage|p2a: Grimmsnarl|36\/100 tox|[from] psn\n|upkeep\n|turn|5\n|\n|t:|1701199663\n|move|p2a: Grimmsnarl|Reflect|p2a: Grimmsnarl\n|-sidestart|p2: Bumpers362|Reflect\n|move|p1a: Rotom|Volt Switch|p2a: Grimmsnarl\n|-damage|p2a: Grimmsnarl|29\/100 tox\n|\n|t:|1701199669\n|switch|p1a: Spiritomb|Spiritomb, F|41\/100|[from] Volt Switch\n|\n|-damage|p2a: Grimmsnarl|4\/100 tox|[from] psn\n|upkeep\n|turn|6\n|\n|t:|1701199680\n|switch|p2a: Gliscor|Gliscor, M|100\/100\n|move|p1a: Spiritomb|Protect||[still]\n|-fail|p1a: Spiritomb\n|\n|-status|p2a: Gliscor|tox|[from] item: Toxic Orb\n|upkeep\n|turn|7\n|\n|t:|1701199691\n|switch|p1a: Feraligatr|Feraligatr, F|100\/100\n|move|p2a: Gliscor|Toxic|p1a: Feraligatr|[miss]\n|-miss|p2a: Gliscor|p1a: Feraligatr\n|\n|upkeep\n|turn|8\n|\n|t:|1701199703\n|move|p1a: Feraligatr|Ice Punch|p2a: Gliscor\n|-supereffective|p2a: Gliscor\n|-damage|p2a: Gliscor|42\/100 tox\n|move|p2a: Gliscor|Toxic|p1a: Feraligatr\n|-status|p1a: Feraligatr|tox\n|\n|-damage|p1a: Feraligatr|94\/100 tox|[from] psn\n|-heal|p2a: Gliscor|55\/100 tox|[from] ability: Poison Heal\n|-sideend|p2: Bumpers362|move: Light Screen\n|upkeep\n|turn|9\n|\n|t:|1701199713\n|move|p2a: Gliscor|Protect|p2a: Gliscor\n|-singleturn|p2a: Gliscor|Protect\n|move|p1a: Feraligatr|Agility|p1a: Feraligatr\n|-boost|p1a: Feraligatr|spe|2\n|\n|-damage|p1a: Feraligatr|82\/100 tox|[from] psn\n|-heal|p2a: Gliscor|67\/100 tox|[from] ability: Poison Heal\n|upkeep\n|turn|10\n|\n|t:|1701199722\n|-terastallize|p2a: Gliscor|Water\n|move|p1a: Feraligatr|Ice Punch|p2a: Gliscor\n|-resisted|p2a: Gliscor\n|-damage|p2a: Gliscor|60\/100 tox\n|move|p2a: Gliscor|Earthquake|p1a: Feraligatr\n|-damage|p1a: Feraligatr|44\/100 tox\n|\n|-damage|p1a: Feraligatr|25\/100 tox|[from] psn\n|-heal|p2a: Gliscor|72\/100 tox|[from] ability: Poison Heal\n|upkeep\n|turn|11\n|\n|t:|1701199732\n|move|p2a: Gliscor|Protect|p2a: Gliscor\n|-singleturn|p2a: Gliscor|Protect\n|move|p1a: Feraligatr|Crunch|p2a: Gliscor\n|-activate|p2a: Gliscor|move: Protect\n|\n|-damage|p1a: Feraligatr|1\/100 tox|[from] psn\n|-heal|p2a: Gliscor|85\/100 tox|[from] ability: Poison Heal\n|upkeep\n|turn|12\n|\n|t:|1701199762\n|switch|p2a: Garganacl|Garganacl, F|100\/100\n|move|p1a: Feraligatr|Crunch|p2a: Garganacl\n|-damage|p2a: Garganacl|90\/100\n|\n|-heal|p2a: Garganacl|96\/100|[from] item: Leftovers\n|-damage|p1a: Feraligatr|0 fnt|[from] psn\n|faint|p1a: Feraligatr\n|-sideend|p2: Bumpers362|Reflect\n|upkeep\n|\n|t:|1701199777\n|switch|p1a: Rotom|Rotom-Mow|63\/100\n|turn|13\n|\n|t:|1701199786\n|move|p1a: Rotom|Leaf Storm|p2a: Garganacl\n|-supereffective|p2a: Garganacl\n|-damage|p2a: Garganacl|0 fnt\n|-unboost|p1a: Rotom|spa|2\n|faint|p2a: Garganacl\n|\n|upkeep\n|\n|t:|1701199791\n|switch|p2a: Beedrill|Beedrill, M|100\/100\n|turn|14\n|\n|t:|1701199798\n|switch|p1a: Kommo-o|Kommo-o, F|100\/100\n|detailschange|p2a: Beedrill|Beedrill-Mega, M\n|-mega|p2a: Beedrill|Beedrill|Beedrillite\n|move|p2a: Beedrill|Fell Stinger|p1a: Kommo-o\n|-resisted|p1a: Kommo-o\n|-damage|p1a: Kommo-o|83\/100\n|\n|upkeep\n|turn|15\n|\n|t:|1701199807\n|move|p2a: Beedrill|U-turn|p1a: Kommo-o\n|-resisted|p1a: Kommo-o\n|-damage|p1a: Kommo-o|59\/100\n|\n|t:|1701199817\n|switch|p2a: Umbreon|Umbreon, M, shiny|100\/100|[from] U-turn\n|move|p1a: Kommo-o|Rock Polish|p1a: Kommo-o\n|-boost|p1a: Kommo-o|spe|2\n|\n|upkeep\n|turn|16\n|\n|t:|1701199824\n|-terastallize|p1a: Kommo-o|Steel\n|move|p1a: Kommo-o|Bulk Up|p1a: Kommo-o\n|-boost|p1a: Kommo-o|atk|1\n|-boost|p1a: Kommo-o|def|1\n|move|p2a: Umbreon|Toxic|p1a: Kommo-o\n|-immune|p1a: Kommo-o\n|\n|upkeep\n|turn|17\n|\n|t:|1701199835\n|move|p1a: Kommo-o|Drain Punch|p2a: Umbreon\n|-supereffective|p2a: Umbreon\n|-damage|p2a: Umbreon|20\/100\n|-heal|p1a: Kommo-o|100\/100|[from] drain|[of] p2a: Umbreon\n|move|p2a: Umbreon|Wish|p2a: Umbreon\n|\n|-heal|p2a: Umbreon|26\/100|[from] item: Leftovers\n|upkeep\n|turn|18\n|\n|t:|1701199843\n|move|p2a: Umbreon|Protect|p2a: Umbreon\n|-singleturn|p2a: Umbreon|Protect\n|move|p1a: Kommo-o|Bulk Up|p1a: Kommo-o\n|-boost|p1a: Kommo-o|atk|1\n|-boost|p1a: Kommo-o|def|1\n|\n|-heal|p2a: Umbreon|76\/100|[from] move: Wish|[wisher] Umbreon\n|-heal|p2a: Umbreon|82\/100|[from] item: Leftovers\n|upkeep\n|turn|19\n|\n|t:|1701199852\n|move|p1a: Kommo-o|Drain Punch|p2a: Umbreon\n|-supereffective|p2a: Umbreon\n|-damage|p2a: Umbreon|0 fnt\n|faint|p2a: Umbreon\n|\n|upkeep\n|\n|t:|1701199854\n|switch|p2a: Iron Moth|Iron Moth|100\/100\n|turn|20\n|\n|t:|1701199862\n|move|p1a: Kommo-o|Iron Head|p2a: Iron Moth\n|-resisted|p2a: Iron Moth\n|-damage|p2a: Iron Moth|35\/100\n|move|p2a: Iron Moth|Overheat|p1a: Kommo-o\n|-supereffective|p1a: Kommo-o\n|-damage|p1a: Kommo-o|0 fnt\n|-unboost|p2a: Iron Moth|spa|2\n|faint|p1a: Kommo-o\n|\n|upkeep\n|\n|t:|1701199879\n|switch|p1a: Blacephalon|Blacephalon|100\/100\n|turn|21\n|\n|t:|1701199884\n|-end|p2a: Iron Moth|Quark Drive|[silent]\n|switch|p2a: Gliscor|Gliscor, M, tera:Water|85\/100 tox\n|move|p1a: Blacephalon|Expanding Force|p2a: Gliscor\n|-damage|p2a: Gliscor|37\/100 tox\n|\n|-heal|p2a: Gliscor|49\/100 tox|[from] ability: Poison Heal\n|upkeep\n|turn|22\n|\n|t:|1701199897\n|switch|p1a: Rotom|Rotom-Mow|63\/100\n|move|p2a: Gliscor|Protect||[still]\n|-fail|p2a: Gliscor\n|\n|-heal|p2a: Gliscor|62\/100 tox|[from] ability: Poison Heal\n|upkeep\n|turn|23\n|\n|t:|1701199907\n|switch|p2a: Grimmsnarl|Grimmsnarl, M|4\/100 tox\n|move|p1a: Rotom|Discharge|p2a: Grimmsnarl\n|-damage|p2a: Grimmsnarl|0 fnt\n|faint|p2a: Grimmsnarl\n|\n|upkeep\n|\n|t:|1701199912\n|switch|p2a: Beedrill|Beedrill-Mega, M|100\/100\n|turn|24\n|\n|t:|1701199917\n|move|p1a: Rotom|Discharge|p2a: Beedrill\n|-damage|p2a: Beedrill|48\/100\n|move|p2a: Beedrill|Fell Stinger|p1a: Rotom\n|-supereffective|p1a: Rotom\n|-damage|p1a: Rotom|0 fnt\n|faint|p1a: Rotom\n|-boost|p2a: Beedrill|atk|3\n|\n|upkeep\n|\n|t:|1701199927\n|switch|p1a: Blacephalon|Blacephalon|100\/100\n|turn|25\n|\n|t:|1701199935\n|move|p2a: Beedrill|Knock Off|p1a: Blacephalon\n|-supereffective|p1a: Blacephalon\n|-damage|p1a: Blacephalon|0 fnt\n|-enditem|p1a: Blacephalon|Choice Specs|[from] move: Knock Off|[of] p2a: Beedrill\n|faint|p1a: Blacephalon\n|\n|upkeep\n|\n|t:|1701199941\n|switch|p1a: Spiritomb|Spiritomb, F|41\/100\n|turn|26\n|\n|t:|1701199946\n|move|p2a: Beedrill|Knock Off|p1a: Spiritomb\n|-damage|p1a: Spiritomb|0 fnt\n|-damage|p2a: Beedrill|32\/100|[from] item: Rocky Helmet|[of] p1a: Spiritomb\n|-enditem|p1a: Spiritomb|Rocky Helmet|[from] move: Knock Off|[of] p2a: Beedrill\n|faint|p1a: Spiritomb\n|\n|upkeep\n|\n|t:|1701199951\n|switch|p1a: Malamar|Malamar, M|100\/100\n|turn|27\n|\n|t:|1701199963\n|move|p2a: Beedrill|U-turn|p1a: Malamar\n|-supereffective|p1a: Malamar\n|-damage|p1a: Malamar|0 fnt\n|faint|p1a: Malamar\n|\n|win|Bumpers362\n|raw|DnDinnerTheatre's rating: 1267 &rarr; <strong>1248<\/strong><br \/>(-19 for losing)\n|raw|Bumpers362's rating: 1349 &rarr; <strong>1364<\/strong><br \/>(+15 for winning)\n","uploadtime":1701199970,"views":1,"p1id":"dndinnertheatre","p2id":"bumpers362","formatid":"gen9nationaldex","rating":1248,"private":0,"password":""}