{"id":"gen9nationaldex-1990406150","p1":"KarmaNightraide","p2":"GeneralNutzlos","format":"[Gen 9] National Dex","log":"|j|\u2606KarmaNightraide\n|j|\u2606GeneralNutzlos\n|t:|1699967665\n|gametype|singles\n|player|p1|KarmaNightraide|unknown|1195\n|player|p2|GeneralNutzlos|blue|1135\n|teamsize|p1|6\n|teamsize|p2|6\n|gen|9\n|tier|[Gen 9] National Dex\n|rated|\n|rule|HP Percentage Mod: HP is shown in percentages\n|rule|Endless Battle Clause: Forcing endless battles is banned\n|rule|OHKO Clause: OHKO moves are banned\n|rule|Evasion Clause: Evasion abilities, items, and moves are banned\n|rule|Evasion Abilities Clause: Evasion abilities are banned\n|rule|Evasion Items Clause: Evasion items are banned\n|rule|Evasion Moves Clause: Evasion moves are banned\n|rule|Species Clause: Limit one of each Pok\u00e9mon\n|rule|Sleep Clause Mod: Limit one foe put to sleep\n|clearpoke\n|poke|p1|Ceruledge, F|\n|poke|p1|Basculegion-F, F|\n|poke|p1|Mimikyu, M|\n|poke|p1|Gourgeist-*, F|\n|poke|p1|Banette, F|\n|poke|p1|Mismagius, F|\n|poke|p2|Great Tusk|\n|poke|p2|Medicham, F|\n|poke|p2|Hawlucha, M|\n|poke|p2|Conkeldurr, M|\n|poke|p2|Lucario, M|\n|poke|p2|Chesnaught, M|\n|teampreview\n|\n|t:|1699967682\n|start\n|switch|p1a: Go to sleep...|Banette, F|100\/100\n|switch|p2a: Hawlucha|Hawlucha, M|100\/100\n|turn|1\n|inactive|Battle timer is ON: inactive players will automatically lose when time's up. (requested by GeneralNutzlos)\n|c|\u2606GeneralNutzlos|k\n|\n|t:|1699967728\n|detailschange|p1a: Go to sleep...|Banette-Mega, F\n|-mega|p1a: Go to sleep...|Banette|Banettite\n|move|p1a: Go to sleep...|Taunt|p2a: Hawlucha\n|-start|p2a: Hawlucha|move: Taunt\n|cant|p2a: Hawlucha|move: Taunt|Tailwind\n|\n|upkeep\n|turn|2\n|\n|t:|1699967756\n|switch|p2a: Lucario|Lucario, M|100\/100\n|move|p1a: Go to sleep...|Poltergeist|p2a: Lucario\n|-activate|p2a: Lucario|move: Poltergeist|Expert Belt\n|-damage|p2a: Lucario|0 fnt\n|faint|p2a: Lucario\n|\n|upkeep\n|inactive|GeneralNutzlos has 120 seconds left.\n|\n|t:|1699967777\n|switch|p2a: Chesnaught|Chesnaught, M|100\/100\n|turn|3\n|\n|t:|1699967804\n|move|p2a: Chesnaught|Spiky Shield|p2a: Chesnaught\n|-singleturn|p2a: Chesnaught|move: Protect\n|move|p1a: Go to sleep...|Gunk Shot|p2a: Chesnaught\n|-activate|p2a: Chesnaught|move: Protect\n|\n|upkeep\n|turn|4\n|\n|t:|1699967813\n|move|p1a: Go to sleep...|Gunk Shot|p2a: Chesnaught|[miss]\n|-miss|p1a: Go to sleep...|p2a: Chesnaught\n|move|p2a: Chesnaught|Sunny Day|p2a: Chesnaught\n|-weather|SunnyDay\n|\n|-weather|SunnyDay|[upkeep]\n|upkeep\n|turn|5\n|\n|t:|1699967824\n|move|p1a: Go to sleep...|Gunk Shot|p2a: Chesnaught\n|-supereffective|p2a: Chesnaught\n|-damage|p2a: Chesnaught|41\/100\n|-status|p2a: Chesnaught|psn\n|move|p2a: Chesnaught|Seed Bomb|p1a: Go to sleep...\n|-damage|p1a: Go to sleep...|53\/100\n|\n|-weather|SunnyDay|[upkeep]\n|-damage|p2a: Chesnaught|29\/100 psn|[from] psn\n|upkeep\n|turn|6\n|\n|t:|1699967840\n|move|p1a: Go to sleep...|Gunk Shot|p2a: Chesnaught\n|-supereffective|p2a: Chesnaught\n|-damage|p2a: Chesnaught|0 fnt\n|faint|p2a: Chesnaught\n|\n|-weather|SunnyDay|[upkeep]\n|upkeep\n|\n|t:|1699967843\n|switch|p2a: Great Tusk|Great Tusk, shiny|100\/100\n|-activate|p2a: Great Tusk|ability: Protosynthesis\n|-start|p2a: Great Tusk|protosynthesisdef\n|turn|7\n|\n|t:|1699967853\n|-terastallize|p2a: Great Tusk|Ground\n|move|p1a: Go to sleep...|Destiny Bond|p1a: Go to sleep...\n|-singlemove|p1a: Go to sleep...|Destiny Bond\n|move|p2a: Great Tusk|Knock Off|p1a: Go to sleep...\n|-supereffective|p1a: Go to sleep...\n|-damage|p1a: Go to sleep...|0 fnt\n|faint|p1a: Go to sleep...\n|-activate|p1a: Go to sleep...|move: Destiny Bond\n|faint|p2a: Great Tusk\n|-end|p2a: Great Tusk|Protosynthesis|[silent]\n|\n|-weather|SunnyDay|[upkeep]\n|upkeep\n|\n|t:|1699967869\n|switch|p1a: Widowmaker|Ceruledge, F|100\/100\n|switch|p2a: Hawlucha|Hawlucha, M|100\/100\n|turn|8\n|\n|t:|1699967880\n|move|p2a: Hawlucha|Tailwind|p2a: Hawlucha\n|-sidestart|p2: GeneralNutzlos|move: Tailwind\n|move|p1a: Widowmaker|Swords Dance|p1a: Widowmaker\n|-boost|p1a: Widowmaker|atk|2\n|\n|-weather|none\n|upkeep\n|turn|9\n|\n|t:|1699967896\n|move|p2a: Hawlucha|Acrobatics|p1a: Widowmaker\n|-damage|p1a: Widowmaker|64\/100\n|-ability|p1a: Widowmaker|Weak Armor|boost\n|-unboost|p1a: Widowmaker|def|1\n|-boost|p1a: Widowmaker|spe|2\n|move|p1a: Widowmaker|Bitter Blade|p2a: Hawlucha\n|-enditem|p2a: Hawlucha|Focus Sash\n|-damage|p2a: Hawlucha|1\/100\n|-heal|p1a: Widowmaker|100\/100|[from] drain|[of] p2a: Hawlucha\n|\n|upkeep\n|turn|10\n|\n|t:|1699967908\n|move|p2a: Hawlucha|Acrobatics|p1a: Widowmaker\n|-enditem|p1a: Widowmaker|Focus Sash\n|-damage|p1a: Widowmaker|1\/100\n|-ability|p1a: Widowmaker|Weak Armor|boost\n|-unboost|p1a: Widowmaker|def|1\n|-boost|p1a: Widowmaker|spe|2\n|move|p1a: Widowmaker|Swords Dance|p1a: Widowmaker\n|-boost|p1a: Widowmaker|atk|2\n|\n|upkeep\n|turn|11\n|\n|t:|1699967922\n|move|p2a: Hawlucha|Acrobatics|p1a: Widowmaker\n|-damage|p1a: Widowmaker|0 fnt\n|faint|p1a: Widowmaker\n|\n|-sideend|p2: GeneralNutzlos|move: Tailwind\n|upkeep\n|\n|t:|1699967929\n|switch|p1a: Lil guy my man|Mimikyu, M|100\/100\n|turn|12\n|\n|t:|1699967936\n|move|p1a: Lil guy my man|Shadow Sneak|p2a: Hawlucha\n|-damage|p2a: Hawlucha|0 fnt\n|faint|p2a: Hawlucha\n|-damage|p1a: Lil guy my man|91\/100|[from] item: Life Orb\n|\n|upkeep\n|\n|t:|1699967942\n|switch|p2a: Conkeldurr|Conkeldurr, M|100\/100\n|turn|13\n|\n|t:|1699967955\n|move|p1a: Lil guy my man|Swords Dance|p1a: Lil guy my man\n|-boost|p1a: Lil guy my man|atk|2\n|move|p2a: Conkeldurr|Poison Jab|p1a: Lil guy my man\n|-activate|p1a: Lil guy my man|ability: Disguise\n|-damage|p1a: Lil guy my man|91\/100\n|detailschange|p1a: Lil guy my man|Mimikyu-Busted, M\n|-damage|p1a: Lil guy my man|78\/100|[from] pokemon: Mimikyu-Busted\n|\n|upkeep\n|turn|14\n|\n|t:|1699967965\n|move|p1a: Lil guy my man|Play Rough|p2a: Conkeldurr\n|-supereffective|p2a: Conkeldurr\n|-damage|p2a: Conkeldurr|0 fnt\n|faint|p2a: Conkeldurr\n|-damage|p1a: Lil guy my man|68\/100|[from] item: Life Orb\n|\n|upkeep\n|\n|t:|1699967970\n|switch|p2a: Medicham|Medicham, F|100\/100\n|turn|15\n|\n|t:|1699967989\n|detailschange|p2a: Medicham|Medicham-Mega, F\n|-mega|p2a: Medicham|Medicham|Medichamite\n|move|p2a: Medicham|Bullet Punch|p1a: Lil guy my man\n|-supereffective|p1a: Lil guy my man\n|-damage|p1a: Lil guy my man|0 fnt\n|faint|p1a: Lil guy my man\n|\n|upkeep\n|\n|t:|1699967996\n|switch|p1a: Pumpin|Gourgeist-Small, F|100\/100\n|-item|p2a: Medicham|Medichamite|[from] ability: Frisk|[of] p1a: Pumpin|[identify]\n|turn|16\n|\n|t:|1699968002\n|-zpower|p1a: Pumpin\n|move|p1a: Pumpin|Z-Trick-or-Treat|p2a: Medicham|[anim]Trick-or-Treat\n|-boost|p1a: Pumpin|atk|1|[zeffect]\n|-boost|p1a: Pumpin|def|1|[zeffect]\n|-boost|p1a: Pumpin|spa|1|[zeffect]\n|-boost|p1a: Pumpin|spd|1|[zeffect]\n|-boost|p1a: Pumpin|spe|1|[zeffect]\n|-start|p2a: Medicham|typeadd|Ghost|[from] move: Trick-or-Treat\n|move|p2a: Medicham|Ice Punch|p1a: Pumpin\n|-supereffective|p1a: Pumpin\n|-damage|p1a: Pumpin|31\/100\n|\n|upkeep\n|turn|17\n|\n|t:|1699968025\n|move|p1a: Pumpin|Poltergeist|p2a: Medicham\n|-activate|p2a: Medicham|move: Poltergeist|Medichamite\n|-supereffective|p2a: Medicham\n|-damage|p2a: Medicham|0 fnt\n|faint|p2a: Medicham\n|\n|win|KarmaNightraide\n|raw|KarmaNightraide's rating: 1195 &rarr; <strong>1216<\/strong><br \/>(+21 for winning)\n|raw|GeneralNutzlos's rating: 1135 &rarr; <strong>1114<\/strong><br \/>(-21 for losing)\n","uploadtime":1699968033,"views":5,"p1id":"karmanightraide","p2id":"generalnutzlos","formatid":"gen9nationaldex","rating":1114,"private":0,"password":""}