{"id":"gen9nationaldex-1993360930","p1":"sleeptaik","p2":"hhxhwin","format":"[Gen 9] National Dex","log":"|j|\u2606sleeptaik\n|j|\u2606hhxhwin\n|t:|1700305892\n|gametype|singles\n|player|p1|sleeptaik|hugh|1552\n|player|p2|hhxhwin|hiker-gen4|1492\n|teamsize|p1|6\n|teamsize|p2|6\n|gen|9\n|tier|[Gen 9] National Dex\n|rated|\n|rule|HP Percentage Mod: HP is shown in percentages\n|rule|Endless Battle Clause: Forcing endless battles is banned\n|rule|OHKO Clause: OHKO moves are banned\n|rule|Evasion Clause: Evasion abilities, items, and moves are banned\n|rule|Evasion Abilities Clause: Evasion abilities are banned\n|rule|Evasion Items Clause: Evasion items are banned\n|rule|Evasion Moves Clause: Evasion moves are banned\n|rule|Species Clause: Limit one of each Pok\u00e9mon\n|rule|Sleep Clause Mod: Limit one foe put to sleep\n|clearpoke\n|poke|p1|Pinsir, F|\n|poke|p1|Heatran, M|\n|poke|p1|Slowking-Galar, M|\n|poke|p1|Urshifu-*, M|\n|poke|p1|Volcarona, F|\n|poke|p1|Tyranitar, F|\n|poke|p2|Volcanion|\n|poke|p2|Slowbro, F|\n|poke|p2|Mawile, F|\n|poke|p2|Ursaluna, M|\n|poke|p2|Maushold|\n|poke|p2|Dragonite, M|\n|teampreview\n|inactive|Battle timer is ON: inactive players will automatically lose when time's up. (requested by sleeptaik)\n|\n|t:|1700305919\n|start\n|switch|p1a: Tyranitar|Tyranitar, F|100\/100\n|switch|p2a: Slowbro|Slowbro, F, shiny|100\/100\n|-weather|Sandstorm|[from] ability: Sand Stream|[of] p1a: Tyranitar\n|turn|1\n|\n|t:|1700305924\n|move|p1a: Tyranitar|Knock Off|p2a: Slowbro\n|-supereffective|p2a: Slowbro\n|-damage|p2a: Slowbro|40\/100\n|-enditem|p2a: Slowbro|Leftovers|[from] move: Knock Off|[of] p1a: Tyranitar\n|move|p2a: Slowbro|Trick Room|p2a: Slowbro\n|-fieldstart|move: Trick Room|[of] p2a: Slowbro\n|\n|-weather|Sandstorm|[upkeep]\n|-damage|p2a: Slowbro|33\/100|[from] Sandstorm\n|upkeep\n|turn|2\n|\n|t:|1700305936\n|switch|p2a: Mawile|Mawile, F, shiny|100\/100\n|-ability|p2a: Mawile|Intimidate|boost\n|-unboost|p1a: Tyranitar|atk|1\n|move|p1a: Tyranitar|Knock Off|p2a: Mawile\n|-resisted|p2a: Mawile\n|-crit|p2a: Mawile\n|-damage|p2a: Mawile|62\/100\n|\n|-weather|Sandstorm|[upkeep]\n|upkeep\n|turn|3\n|\n|t:|1700305947\n|switch|p1a: Volcarona|Volcarona, F|100\/100\n|detailschange|p2a: Mawile|Mawile-Mega, F, shiny\n|-mega|p2a: Mawile|Mawile|Mawilite\n|move|p2a: Mawile|Swords Dance|p2a: Mawile\n|-boost|p2a: Mawile|atk|2\n|\n|-weather|Sandstorm|[upkeep]\n|-damage|p1a: Volcarona|94\/100|[from] Sandstorm\n|upkeep\n|turn|4\n|j| bfeuir\n|\n|t:|1700305962\n|move|p2a: Mawile|Sucker Punch|p1a: Volcarona\n|-damage|p1a: Volcarona|9\/100\n|-status|p2a: Mawile|brn|[from] ability: Flame Body|[of] p1a: Volcarona\n|move|p1a: Volcarona|Fiery Dance|p2a: Mawile\n|-supereffective|p2a: Mawile\n|-damage|p2a: Mawile|0 fnt\n|faint|p2a: Mawile\n|\n|-weather|Sandstorm|[upkeep]\n|-damage|p1a: Volcarona|3\/100|[from] Sandstorm\n|upkeep\n|\n|t:|1700305972\n|switch|p2a: Volcanion|Volcanion|100\/100\n|turn|5\n|\n|t:|1700305975\n|move|p2a: Volcanion|Steam Eruption|p1a: Volcarona\n|-supereffective|p1a: Volcarona\n|-damage|p1a: Volcarona|0 fnt\n|faint|p1a: Volcarona\n|\n|-weather|none\n|-fieldend|move: Trick Room\n|upkeep\n|\n|t:|1700305979\n|switch|p1a: Tyranitar|Tyranitar, F|100\/100\n|-weather|Sandstorm|[from] ability: Sand Stream|[of] p1a: Tyranitar\n|turn|6\n|\n|t:|1700305988\n|move|p2a: Volcanion|Steam Eruption|p1a: Tyranitar\n|-supereffective|p1a: Tyranitar\n|-damage|p1a: Tyranitar|8\/100\n|-status|p1a: Tyranitar|brn\n|move|p1a: Tyranitar|Pursuit|p2a: Volcanion\n|-damage|p2a: Volcanion|89\/100\n|\n|-weather|Sandstorm|[upkeep]\n|-damage|p2a: Volcanion|83\/100|[from] Sandstorm\n|-heal|p1a: Tyranitar|14\/100 brn|[from] item: Leftovers\n|-damage|p1a: Tyranitar|8\/100 brn|[from] brn\n|upkeep\n|turn|7\n|\n|t:|1700305992\n|move|p2a: Volcanion|Steam Eruption|p1a: Tyranitar\n|-supereffective|p1a: Tyranitar\n|-damage|p1a: Tyranitar|0 fnt\n|faint|p1a: Tyranitar\n|\n|-weather|Sandstorm|[upkeep]\n|-damage|p2a: Volcanion|77\/100|[from] Sandstorm\n|upkeep\n|\n|t:|1700306002\n|switch|p1a: Heatran|Heatran, M|100\/100\n|turn|8\n|\n|t:|1700306006\n|-terastallize|p1a: Heatran|Grass\n|move|p2a: Volcanion|Steam Eruption|p1a: Heatran\n|-resisted|p1a: Heatran\n|-damage|p1a: Heatran|82\/100\n|-status|p1a: Heatran|brn\n|move|p1a: Heatran|Magma Storm|p2a: Volcanion\n|-resisted|p2a: Volcanion\n|-damage|p2a: Volcanion|64\/100\n|-activate|p2a: Volcanion|move: Magma Storm|[of] p1a: Heatran\n|\n|-weather|Sandstorm|[upkeep]\n|-damage|p2a: Volcanion|57\/100|[from] Sandstorm\n|-damage|p1a: Heatran|76\/100 brn|[from] Sandstorm\n|-heal|p1a: Heatran|82\/100 brn|[from] item: Leftovers\n|-damage|p1a: Heatran|76\/100 brn|[from] brn\n|-damage|p2a: Volcanion|45\/100|[from] move: Magma Storm|[partiallytrapped]\n|upkeep\n|turn|9\n|\n|t:|1700306015\n|move|p2a: Volcanion|Tera Blast|p1a: Heatran\n|-damage|p1a: Heatran|57\/100 brn\n|move|p1a: Heatran|Earth Power|p2a: Volcanion\n|-supereffective|p2a: Volcanion\n|-damage|p2a: Volcanion|0 fnt\n|faint|p2a: Volcanion\n|\n|-weather|Sandstorm|[upkeep]\n|-damage|p1a: Heatran|51\/100 brn|[from] Sandstorm\n|-heal|p1a: Heatran|57\/100 brn|[from] item: Leftovers\n|-damage|p1a: Heatran|51\/100 brn|[from] brn\n|upkeep\n|l| bfeuir\n|\n|t:|1700306032\n|switch|p2a: Slowbro|Slowbro, F, shiny|67\/100\n|turn|10\n|\n|t:|1700306041\n|move|p1a: Heatran|Magma Storm|p2a: Slowbro\n|-resisted|p2a: Slowbro\n|-damage|p2a: Slowbro|45\/100\n|-activate|p2a: Slowbro|move: Magma Storm|[of] p1a: Heatran\n|move|p2a: Slowbro|Trick Room|p2a: Slowbro\n|-fieldstart|move: Trick Room|[of] p2a: Slowbro\n|\n|-weather|none\n|-heal|p1a: Heatran|57\/100 brn|[from] item: Leftovers\n|-damage|p1a: Heatran|51\/100 brn|[from] brn\n|-damage|p2a: Slowbro|33\/100|[from] move: Magma Storm|[partiallytrapped]\n|upkeep\n|turn|11\n|\n|t:|1700306047\n|move|p1a: Heatran|Earth Power|p2a: Slowbro\n|-damage|p2a: Slowbro|6\/100\n|move|p2a: Slowbro|Teleport|p2a: Slowbro\n|j| hhxh\u955c\u82b1\u6c34\u6708\n|\n|t:|1700306055\n|switch|p2a: Ursaluna|Ursaluna, M, shiny|100\/100|[from] Teleport\n|\n|-heal|p1a: Heatran|57\/100 brn|[from] item: Leftovers\n|-damage|p1a: Heatran|51\/100 brn|[from] brn\n|-status|p2a: Ursaluna|brn|[from] item: Flame Orb\n|upkeep\n|turn|12\n|\n|t:|1700306065\n|move|p1a: Heatran|Protect|p1a: Heatran\n|-singleturn|p1a: Heatran|Protect\n|move|p2a: Ursaluna|Facade|p1a: Heatran\n|-activate|p1a: Heatran|move: Protect\n|\n|-heal|p1a: Heatran|57\/100 brn|[from] item: Leftovers\n|-damage|p2a: Ursaluna|94\/100 brn|[from] brn\n|-damage|p1a: Heatran|51\/100 brn|[from] brn\n|upkeep\n|turn|13\n|\n|t:|1700306076\n|switch|p1a: Slowking|Slowking-Galar, M|100\/100\n|move|p2a: Ursaluna|Facade|p1a: Slowking\n|-damage|p1a: Slowking|11\/100\n|\n|-damage|p2a: Ursaluna|88\/100 brn|[from] brn\n|upkeep\n|turn|14\n|\n|t:|1700306079\n|move|p2a: Ursaluna|Facade|p1a: Slowking\n|-damage|p1a: Slowking|0 fnt\n|faint|p1a: Slowking\n|\n|-damage|p2a: Ursaluna|82\/100 brn|[from] brn\n|-fieldend|move: Trick Room\n|upkeep\n|\n|t:|1700306083\n|switch|p1a: Urshifu|Urshifu-Rapid-Strike, M|100\/100\n|turn|15\n|\n|t:|1700306092\n|switch|p2a: Slowbro|Slowbro, F, shiny|39\/100\n|move|p1a: Urshifu|Close Combat|p2a: Slowbro\n|-resisted|p2a: Slowbro\n|-damage|p2a: Slowbro|20\/100\n|-unboost|p1a: Urshifu|def|1\n|-unboost|p1a: Urshifu|spd|1\n|\n|upkeep\n|turn|16\n|\n|t:|1700306098\n|move|p1a: Urshifu|Close Combat|p2a: Slowbro\n|-resisted|p2a: Slowbro\n|-crit|p2a: Slowbro\n|-damage|p2a: Slowbro|0 fnt\n|-unboost|p1a: Urshifu|def|1\n|-unboost|p1a: Urshifu|spd|1\n|faint|p2a: Slowbro\n|\n|upkeep\n|\n|t:|1700306105\n|switch|p2a: Dragonite|Dragonite, M, shiny|100\/100\n|turn|17\n|\n|t:|1700306111\n|switch|p1a: Heatran|Heatran, M, tera:Grass|51\/100 brn\n|move|p2a: Dragonite|Dragon Dance|p2a: Dragonite\n|-boost|p2a: Dragonite|atk|1\n|-boost|p2a: Dragonite|spe|1\n|\n|-heal|p1a: Heatran|57\/100 brn|[from] item: Leftovers\n|-damage|p1a: Heatran|51\/100 brn|[from] brn\n|upkeep\n|turn|18\n|\n|t:|1700306121\n|-zpower|p2a: Dragonite\n|move|p2a: Dragonite|Devastating Drake|p1a: Heatran|[zeffect]\n|-damage|p1a: Heatran|0 fnt\n|faint|p1a: Heatran\n|\n|upkeep\n|\n|t:|1700306124\n|switch|p1a: Urshifu|Urshifu-Rapid-Strike, M|100\/100\n|turn|19\n|\n|t:|1700306129\n|move|p1a: Urshifu|Ice Spinner|p2a: Dragonite\n|-supereffective|p2a: Dragonite\n|-damage|p2a: Dragonite|34\/100\n|move|p2a: Dragonite|Outrage|p1a: Urshifu\n|-damage|p1a: Urshifu|2\/100\n|\n|upkeep\n|turn|20\n|\n|t:|1700306135\n|move|p1a: Urshifu|Ice Spinner|p2a: Dragonite\n|-supereffective|p2a: Dragonite\n|-damage|p2a: Dragonite|0 fnt\n|faint|p2a: Dragonite\n|\n|upkeep\n|\n|t:|1700306137\n|switch|p2a: Maushold|Maushold, shiny|100\/100\n|turn|21\n|\n|t:|1700306141\n|switch|p1a: Pinsir|Pinsir, F|100\/100\n|move|p2a: Maushold|Tidy Up|p2a: Maushold\n|-boost|p2a: Maushold|atk|1\n|-boost|p2a: Maushold|spe|1\n|\n|upkeep\n|turn|22\n|\n|t:|1700306145\n|detailschange|p1a: Pinsir|Pinsir-Mega, F\n|-mega|p1a: Pinsir|Pinsir|Pinsirite\n|move|p1a: Pinsir|Quick Attack|p2a: Maushold\n|-damage|p2a: Maushold|56\/100\n|move|p2a: Maushold|Population Bomb|p1a: Pinsir\n|-damage|p1a: Pinsir|84\/100\n|-damage|p1a: Pinsir|65\/100\n|-damage|p1a: Pinsir|46\/100\n|-damage|p1a: Pinsir|27\/100\n|-damage|p1a: Pinsir|10\/100\n|-damage|p1a: Pinsir|0 fnt\n|faint|p1a: Pinsir\n|-hitcount|p1: Pinsir|6\n|\n|upkeep\n|\n|t:|1700306154\n|switch|p1a: Urshifu|Urshifu-Rapid-Strike, M|2\/100\n|turn|23\n|\n|t:|1700306157\n|move|p2a: Maushold|Bite|p1a: Urshifu\n|-resisted|p1a: Urshifu\n|-damage|p1a: Urshifu|0 fnt\n|faint|p1a: Urshifu\n|\n|win|hhxhwin\n|raw|sleeptaik's rating: 1552 &rarr; <strong>1529<\/strong><br \/>(-23 for losing)\n|raw|hhxhwin's rating: 1492 &rarr; <strong>1515<\/strong><br \/>(+23 for winning)\n|l|\u2606sleeptaik\n|l| hhxh\u955c\u82b1\u6c34\u6708\n","uploadtime":1700306175,"views":11,"p1id":"sleeptaik","p2id":"hhxhwin","formatid":"gen9nationaldex","rating":1515,"private":0,"password":""}