{"id":"gen9nationaldex-1992506265","p1":"NajimiStann","p2":"ShynIsADummy","format":"[Gen 9] National Dex","log":"|j|\u2606NajimiStann\n|j|\u2606ShynIsADummy\n|t:|1700196508\n|gametype|singles\n|player|p1|NajimiStann|vessa|1028\n|player|p2|ShynIsADummy|102|1052\n|teamsize|p1|6\n|teamsize|p2|6\n|gen|9\n|tier|[Gen 9] National Dex\n|rated|\n|rule|HP Percentage Mod: HP is shown in percentages\n|rule|Endless Battle Clause: Forcing endless battles is banned\n|rule|OHKO Clause: OHKO moves are banned\n|rule|Evasion Clause: Evasion abilities, items, and moves are banned\n|rule|Evasion Abilities Clause: Evasion abilities are banned\n|rule|Evasion Items Clause: Evasion items are banned\n|rule|Evasion Moves Clause: Evasion moves are banned\n|rule|Species Clause: Limit one of each Pok\u00e9mon\n|rule|Sleep Clause Mod: Limit one foe put to sleep\n|clearpoke\n|poke|p1|Tinkaton, F|\n|poke|p1|Banette, M|\n|poke|p1|Volcanion|\n|poke|p1|Dewgong, M|\n|poke|p1|Kartana|\n|poke|p1|Iron Valiant|\n|poke|p2|Blaziken, F|\n|poke|p2|Sobble, M|\n|poke|p2|Flareon, F|\n|poke|p2|Morpeko, M|\n|poke|p2|Sinistcha|\n|poke|p2|Gliscor, M|\n|teampreview\n|\n|t:|1700196526\n|start\n|switch|p1a: Fella|Tinkaton, F|100\/100\n|switch|p2a: Blaziken|Blaziken, F|100\/100\n|-ability|p1a: Fella|Mold Breaker\n|turn|1\n|\n|t:|1700196531\n|move|p1a: Fella|Fake Out|p2a: Blaziken\n|-damage|p2a: Blaziken|85\/100\n|cant|p2a: Blaziken|flinch\n|\n|-ability|p2a: Blaziken|Speed Boost|boost\n|-boost|p2a: Blaziken|spe|1\n|upkeep\n|turn|2\n|\n|t:|1700196534\n|move|p2a: Blaziken|Work Up|p2a: Blaziken\n|-boost|p2a: Blaziken|atk|1\n|-boost|p2a: Blaziken|spa|1\n|move|p1a: Fella|Skill Swap|p2a: Blaziken\n|-activate|p1a: Fella|move: Skill Swap|Speed Boost|Mold Breaker|[of] p2a: Blaziken\n|-ability|p2a: Blaziken|Mold Breaker\n|\n|-ability|p1a: Fella|Speed Boost|boost\n|-boost|p1a: Fella|spe|1\n|upkeep\n|turn|3\n|\n|t:|1700196546\n|move|p1a: Fella|Play Rough|p2a: Blaziken\n|-damage|p2a: Blaziken|36\/100\n|move|p2a: Blaziken|Fire Blast|p1a: Fella\n|-supereffective|p1a: Fella\n|-damage|p1a: Fella|0 fnt\n|faint|p1a: Fella\n|\n|upkeep\n|\n|t:|1700196556\n|switch|p1a: Mark|Volcanion|100\/100\n|turn|4\n|\n|t:|1700196559\n|move|p2a: Blaziken|Scorching Sands|p1a: Mark\n|-supereffective|p1a: Mark\n|-damage|p1a: Mark|32\/100\n|move|p1a: Mark|Weather Ball|p2a: Blaziken\n|-damage|p2a: Blaziken|6\/100\n|-enditem|p2a: Blaziken|Mago Berry|[eat]\n|-heal|p2a: Blaziken|39\/100|[from] item: Mago Berry\n|\n|upkeep\n|turn|5\n|\n|t:|1700196565\n|move|p2a: Blaziken|Scorching Sands|p1a: Mark\n|-supereffective|p1a: Mark\n|-damage|p1a: Mark|0 fnt\n|faint|p1a: Mark\n|\n|upkeep\n|\n|t:|1700196568\n|switch|p1a: Feesh|Dewgong, M|100\/100\n|turn|6\n|\n|t:|1700196571\n|move|p2a: Blaziken|Aura Sphere|p1a: Feesh\n|-supereffective|p1a: Feesh\n|-damage|p1a: Feesh|0 fnt\n|faint|p1a: Feesh\n|\n|upkeep\n|\n|t:|1700196574\n|switch|p1a: Pape|Kartana|100\/100\n|turn|7\n|\n|t:|1700196580\n|switch|p1a: Alear|Iron Valiant|100\/100\n|-enditem|p1a: Alear|Booster Energy\n|-activate|p1a: Alear|ability: Quark Drive|[fromitem]\n|-start|p1a: Alear|quarkdrivespe\n|move|p2a: Blaziken|Aura Sphere|p1a: Alear\n|-resisted|p1a: Alear\n|-damage|p1a: Alear|44\/100\n|\n|upkeep\n|turn|8\n|\n|t:|1700196588\n|move|p1a: Alear|Brick Break|p2a: Blaziken\n|-damage|p2a: Blaziken|0 fnt\n|faint|p2a: Blaziken\n|\n|upkeep\n|\n|t:|1700196599\n|switch|p2a: Morpeko|Morpeko, M|100\/100\n|turn|9\n|\n|t:|1700196602\n|move|p2a: Morpeko|Fake Out|p1a: Alear\n|-damage|p1a: Alear|30\/100\n|cant|p1a: Alear|flinch\n|\n|-formechange|p2a: Morpeko|Morpeko-Hangry||[from] ability: Hunger Switch\n|upkeep\n|turn|10\n|\n|t:|1700196606\n|move|p1a: Alear|Spirit Break|p2a: Morpeko\n|-supereffective|p2a: Morpeko\n|-enditem|p2a: Morpeko|Focus Sash\n|-damage|p2a: Morpeko|1\/100\n|-unboost|p2a: Morpeko|spa|1\n|move|p2a: Morpeko|Aura Wheel|p1a: Alear\n|-resisted|p1a: Alear\n|-damage|p1a: Alear|14\/100\n|-boost|p2a: Morpeko|spe|1\n|\n|-formechange|p2a: Morpeko|Morpeko||[from] ability: Hunger Switch\n|upkeep\n|turn|11\n|\n|t:|1700196618\n|move|p1a: Alear|Disable|p2a: Morpeko\n|-start|p2a: Morpeko|Disable|Aura Wheel\n|move|p2a: Morpeko|Reversal|p1a: Alear\n|-resisted|p1a: Alear\n|-damage|p1a: Alear|0 fnt\n|faint|p1a: Alear\n|-end|p1a: Alear|Quark Drive|[silent]\n|\n|-formechange|p2a: Morpeko|Morpeko-Hangry||[from] ability: Hunger Switch\n|upkeep\n|\n|t:|1700196622\n|switch|p1a: Pape|Kartana|100\/100\n|turn|12\n|\n|t:|1700196625\n|move|p2a: Morpeko|Reversal|p1a: Pape\n|-supereffective|p1a: Pape\n|-damage|p1a: Pape|0 fnt\n|faint|p1a: Pape\n|\n|-formechange|p2a: Morpeko|Morpeko||[from] ability: Hunger Switch\n|upkeep\n|-message|NajimiStann forfeited.\n|\n|win|ShynIsADummy\n|raw|NajimiStann's rating: 1028 &rarr; <strong>1015<\/strong><br \/>(-13 for losing)\n|raw|ShynIsADummy's rating: 1052 &rarr; <strong>1082<\/strong><br \/>(+30 for winning)\n|l|\u2606NajimiStann\n","uploadtime":1700196636,"views":16,"p1id":"najimistann","p2id":"shynisadummy","formatid":"gen9nationaldex","rating":1015,"private":0,"password":""}