{"id":"gen9nationaldex-1991616633","p1":"asoespresso","p2":"Amstan","format":"[Gen 9] National Dex","log":"|j|\u2606asoespresso\n|j|\u2606Amstan\n|inactive|Battle timer is ON: inactive players will automatically lose when time's up.\n|t:|1700094652\n|gametype|singles\n|player|p1|asoespresso|bede|\n|player|p2|Amstan|erika-masters|\n|teamsize|p1|6\n|teamsize|p2|6\n|gen|9\n|tier|[Gen 9] National Dex\n|rated|Tournament battle\n|rule|HP Percentage Mod: HP is shown in percentages\n|rule|Endless Battle Clause: Forcing endless battles is banned\n|rule|OHKO Clause: OHKO moves are banned\n|rule|Evasion Clause: Evasion abilities, items, and moves are banned\n|rule|Evasion Abilities Clause: Evasion abilities are banned\n|rule|Evasion Items Clause: Evasion items are banned\n|rule|Evasion Moves Clause: Evasion moves are banned\n|rule|Species Clause: Limit one of each Pok\u00e9mon\n|rule|Sleep Clause Mod: Limit one foe put to sleep\n|clearpoke\n|poke|p1|Iron Hands|\n|poke|p1|Alomomola, M|\n|poke|p1|Rillaboom, F|\n|poke|p1|Greninja-*, M|\n|poke|p1|Landorus-Therian, M|\n|poke|p1|Heatran, M|\n|poke|p2|Hydreigon, F|\n|poke|p2|Slowking, M|\n|poke|p2|Gliscor, F|\n|poke|p2|Clefable, M|\n|poke|p2|Mawile, M|\n|poke|p2|Kartana|\n|teampreview\n|c|\u2606asoespresso|hf again\n|c|\u2606Amstan|hf\n|\n|t:|1700094668\n|start\n|switch|p1a: Rillaboom|Rillaboom, F|100\/100\n|switch|p2a: Saltwater Scourge|Slowking, M|100\/100\n|-fieldstart|move: Grassy Terrain|[from] ability: Grassy Surge|[of] p1a: Rillaboom\n|turn|1\n|j| Hallowed Knights\n|j| OVOHunchoSeth\n|j| guapenheimer\n|c| guapenheimer|OVOHunchoSeth\n|\n|t:|1700094691\n|switch|p2a: Crimson Outbreak|Mawile, M, shiny|100\/100\n|move|p1a: Rillaboom|Wood Hammer|p2a: Crimson Outbreak\n|-resisted|p2a: Crimson Outbreak\n|-damage|p2a: Crimson Outbreak|0 fnt\n|faint|p2a: Crimson Outbreak\n|-damage|p1a: Rillaboom|77\/100|[from] Recoil\n|\n|-heal|p1a: Rillaboom|83\/100|[from] Grassy Terrain\n|upkeep\n|c| guapenheimer|impersonator\n|\n|t:|1700094696\n|switch|p2a: Astral Dissarray|Hydreigon, F|100\/100\n|turn|2\n|j|%hidin\n|c|%hidin|Peak\n|\n|t:|1700094707\n|switch|p1a: Amaterasu|Heatran, M|100\/100\n|move|p2a: Astral Dissarray|Dark Pulse|p1a: Amaterasu\n|-damage|p1a: Amaterasu|64\/100\n|\n|-heal|p1a: Amaterasu|70\/100|[from] Grassy Terrain\n|-heal|p1a: Amaterasu|76\/100|[from] item: Leftovers\n|upkeep\n|turn|3\n|c| OVOHunchoSeth|whos this broke joke?\n|\n|t:|1700094715\n|switch|p2a: Astral Ignition|Gliscor, F|100\/100\n|move|p1a: Amaterasu|Stealth Rock|p2a: Astral Ignition\n|-sidestart|p2: Amstan|move: Stealth Rock\n|\n|-heal|p1a: Amaterasu|82\/100|[from] Grassy Terrain\n|-heal|p1a: Amaterasu|89\/100|[from] item: Leftovers\n|-status|p2a: Astral Ignition|tox|[from] item: Toxic Orb\n|upkeep\n|turn|4\n|l|%hidin\n|inactive|asoespresso has 120 seconds left.\n|\n|t:|1700094755\n|switch|p1a: ALL I NEED|Alomomola, M|100\/100\n|move|p2a: Astral Ignition|Spikes|p1a: ALL I NEED\n|-sidestart|p1: asoespresso|Spikes\n|\n|upkeep\n|turn|5\n|inactive|asoespresso has 120 seconds left.\n|\n|t:|1700094763\n|move|p2a: Astral Ignition|Toxic|p1a: ALL I NEED\n|-status|p1a: ALL I NEED|tox\n|move|p1a: ALL I NEED|Flip Turn|p2a: Astral Ignition\n|-supereffective|p2a: Astral Ignition\n|-damage|p2a: Astral Ignition|75\/100 tox\n|inactive|asoespresso has 120 seconds left.\n|\n|t:|1700094768\n|switch|p1a: On that time|Greninja, M|100\/100|[from] Flip Turn\n|-damage|p1a: On that time|88\/100|[from] Spikes\n|\n|-heal|p1a: On that time|94\/100|[from] Grassy Terrain\n|-heal|p2a: Astral Ignition|87\/100 tox|[from] ability: Poison Heal\n|-fieldend|move: Grassy Terrain\n|upkeep\n|turn|6\n|\n|t:|1700094776\n|switch|p2a: Kiss of Death|Clefable, M, shiny|100\/100\n|move|p1a: On that time|U-turn|p2a: Kiss of Death\n|-start|p1a: On that time|typechange|Bug|[from] ability: Protean\n|-resisted|p2a: Kiss of Death\n|-damage|p2a: Kiss of Death|92\/100\n|j| Gholdie\n|\n|t:|1700094786\n|switch|p1a: Rillaboom|Rillaboom, F|83\/100|[from] U-turn\n|-damage|p1a: Rillaboom|71\/100|[from] Spikes\n|-fieldstart|move: Grassy Terrain|[from] ability: Grassy Surge|[of] p1a: Rillaboom\n|\n|-heal|p1a: Rillaboom|77\/100|[from] Grassy Terrain\n|-heal|p2a: Kiss of Death|98\/100|[from] Grassy Terrain\n|-heal|p2a: Kiss of Death|100\/100|[from] item: Leftovers\n|upkeep\n|turn|7\n|\n|t:|1700094792\n|switch|p2a: Sparkblossoms|Kartana, shiny|100\/100\n|-damage|p2a: Sparkblossoms|94\/100|[from] Stealth Rock\n|-terastallize|p1a: Rillaboom|Grass\n|move|p1a: Rillaboom|Wood Hammer|p2a: Sparkblossoms\n|-resisted|p2a: Sparkblossoms\n|-damage|p2a: Sparkblossoms|52\/100\n|-damage|p1a: Rillaboom|66\/100|[from] Recoil\n|\n|-heal|p2a: Sparkblossoms|58\/100|[from] Grassy Terrain\n|-heal|p1a: Rillaboom|73\/100|[from] Grassy Terrain\n|upkeep\n|turn|8\n|\n|t:|1700094806\n|switch|p1a: Amaterasu|Heatran, M|89\/100\n|-damage|p1a: Amaterasu|76\/100|[from] Spikes\n|move|p2a: Sparkblossoms|Knock Off|p1a: Amaterasu\n|-crit|p1a: Amaterasu\n|-damage|p1a: Amaterasu|22\/100\n|-enditem|p1a: Amaterasu|Leftovers|[from] move: Knock Off|[of] p2a: Sparkblossoms\n|\n|-heal|p2a: Sparkblossoms|65\/100|[from] Grassy Terrain\n|-heal|p1a: Amaterasu|28\/100|[from] Grassy Terrain\n|upkeep\n|turn|9\n|\n|t:|1700094819\n|switch|p2a: Astral Dissarray|Hydreigon, F|100\/100\n|-damage|p2a: Astral Dissarray|88\/100|[from] Stealth Rock\n|switch|p1a: Rillaboom|Rillaboom, F, tera:Grass|73\/100\n|-damage|p1a: Rillaboom|60\/100|[from] Spikes\n|\n|-heal|p1a: Rillaboom|66\/100|[from] Grassy Terrain\n|upkeep\n|turn|10\n|\n|t:|1700094831\n|switch|p1a: Amaterasu|Heatran, M|28\/100\n|-damage|p1a: Amaterasu|16\/100|[from] Spikes\n|move|p2a: Astral Dissarray|Dark Pulse|p1a: Amaterasu\n|-damage|p1a: Amaterasu|0 fnt\n|faint|p1a: Amaterasu\n|\n|-fieldend|move: Grassy Terrain\n|upkeep\n|\n|t:|1700094836\n|switch|p1a: Iron Hands|Iron Hands|100\/100\n|-damage|p1a: Iron Hands|88\/100|[from] Spikes\n|turn|11\n|\n|t:|1700094840\n|switch|p2a: Astral Ignition|Gliscor, F|87\/100 tox\n|-damage|p2a: Astral Ignition|75\/100 tox|[from] Stealth Rock\n|move|p1a: Iron Hands|Swords Dance|p1a: Iron Hands\n|-boost|p1a: Iron Hands|atk|2\n|\n|-heal|p2a: Astral Ignition|87\/100 tox|[from] ability: Poison Heal\n|upkeep\n|turn|12\n|\n|t:|1700094848\n|-terastallize|p2a: Astral Ignition|Fairy\n|move|p2a: Astral Ignition|Earthquake|p1a: Iron Hands\n|-supereffective|p1a: Iron Hands\n|-damage|p1a: Iron Hands|47\/100\n|move|p1a: Iron Hands|Ice Punch|p2a: Astral Ignition\n|-damage|p2a: Astral Ignition|44\/100 tox\n|\n|-heal|p2a: Astral Ignition|57\/100 tox|[from] ability: Poison Heal\n|upkeep\n|turn|13\n|\n|t:|1700094861\n|move|p2a: Astral Ignition|Roost|p2a: Astral Ignition\n|-heal|p2a: Astral Ignition|100\/100 tox\n|move|p1a: Iron Hands|Thunder Punch|p2a: Astral Ignition\n|-damage|p2a: Astral Ignition|27\/100 tox\n|\n|-heal|p2a: Astral Ignition|39\/100 tox|[from] ability: Poison Heal\n|upkeep\n|turn|14\n|\n|t:|1700094867\n|move|p2a: Astral Ignition|Earthquake|p1a: Iron Hands\n|-supereffective|p1a: Iron Hands\n|-damage|p1a: Iron Hands|2\/100\n|move|p1a: Iron Hands|Thunder Punch|p2a: Astral Ignition\n|-damage|p2a: Astral Ignition|0 fnt\n|faint|p2a: Astral Ignition\n|\n|upkeep\n|\n|t:|1700094872\n|switch|p2a: Sparkblossoms|Kartana, shiny|65\/100\n|-damage|p2a: Sparkblossoms|58\/100|[from] Stealth Rock\n|turn|15\n|\n|t:|1700094883\n|-end|p1a: Iron Hands|Quark Drive|[silent]\n|switch|p1a: THE WORLD|Landorus-Therian, M|100\/100\n|-ability|p1a: THE WORLD|Intimidate|boost\n|-unboost|p2a: Sparkblossoms|atk|1\n|move|p2a: Sparkblossoms|Leaf Blade|p1a: THE WORLD\n|-damage|p1a: THE WORLD|57\/100\n|\n|upkeep\n|turn|16\n|\n|t:|1700094887\n|switch|p2a: Kiss of Death|Clefable, M, shiny|100\/100\n|switch|p1a: Iron Hands|Iron Hands|2\/100\n|-damage|p1a: Iron Hands|0 fnt|[from] Spikes\n|faint|p1a: Iron Hands\n|-end|p1a: Iron Hands|Quark Drive|[silent]\n|\n|upkeep\n|\n|t:|1700094892\n|switch|p1a: Rillaboom|Rillaboom, F, tera:Grass|66\/100\n|-damage|p1a: Rillaboom|54\/100|[from] Spikes\n|-fieldstart|move: Grassy Terrain|[from] ability: Grassy Surge|[of] p1a: Rillaboom\n|turn|17\n|\n|t:|1700094899\n|switch|p2a: Sparkblossoms|Kartana, shiny|58\/100\n|-damage|p2a: Sparkblossoms|52\/100|[from] Stealth Rock\n|move|p1a: Rillaboom|Wood Hammer|p2a: Sparkblossoms\n|-resisted|p2a: Sparkblossoms\n|-damage|p2a: Sparkblossoms|4\/100\n|-damage|p1a: Rillaboom|42\/100|[from] Recoil\n|\n|-heal|p2a: Sparkblossoms|11\/100|[from] Grassy Terrain\n|-heal|p1a: Rillaboom|48\/100|[from] Grassy Terrain\n|upkeep\n|turn|18\n|\n|t:|1700094926\n|switch|p1a: ALL I NEED|Alomomola, M|100\/100 tox\n|move|p2a: Sparkblossoms|Leaf Blade|p1a: ALL I NEED\n|-supereffective|p1a: ALL I NEED\n|-damage|p1a: ALL I NEED|6\/100 tox\n|\n|-heal|p2a: Sparkblossoms|17\/100|[from] Grassy Terrain\n|-heal|p1a: ALL I NEED|13\/100 tox|[from] Grassy Terrain\n|-damage|p1a: ALL I NEED|6\/100 tox|[from] psn\n|upkeep\n|turn|19\n|\n|t:|1700094932\n|move|p2a: Sparkblossoms|Leaf Blade|p1a: ALL I NEED\n|-supereffective|p1a: ALL I NEED\n|-damage|p1a: ALL I NEED|0 fnt\n|faint|p1a: ALL I NEED\n|-ability|p2a: Sparkblossoms|Beast Boost|boost\n|-boost|p2a: Sparkblossoms|atk|1\n|\n|-heal|p2a: Sparkblossoms|23\/100|[from] Grassy Terrain\n|upkeep\n|inactive|asoespresso has 120 seconds left.\n|\n|t:|1700094947\n|switch|p1a: Rillaboom|Rillaboom, F, tera:Grass|48\/100\n|-damage|p1a: Rillaboom|36\/100|[from] Spikes\n|turn|20\n|\n|t:|1700094950\n|switch|p2a: Saltwater Scourge|Slowking, M|100\/100\n|move|p1a: Rillaboom|Grassy Glide|p2a: Saltwater Scourge\n|-supereffective|p2a: Saltwater Scourge\n|-damage|p2a: Saltwater Scourge|0 fnt\n|faint|p2a: Saltwater Scourge\n|\n|-heal|p1a: Rillaboom|42\/100|[from] Grassy Terrain\n|upkeep\n|\n|t:|1700094960\n|switch|p2a: Astral Dissarray|Hydreigon, F|88\/100\n|-damage|p2a: Astral Dissarray|76\/100|[from] Stealth Rock\n|turn|21\n|\n|t:|1700094969\n|switch|p1a: THE WORLD|Landorus-Therian, M|57\/100\n|-ability|p1a: THE WORLD|Intimidate|boost\n|-unboost|p2a: Astral Dissarray|atk|1\n|move|p2a: Astral Dissarray|Draco Meteor|p1a: THE WORLD\n|-damage|p1a: THE WORLD|0 fnt\n|-unboost|p2a: Astral Dissarray|spa|2\n|faint|p1a: THE WORLD\n|\n|-fieldend|move: Grassy Terrain\n|upkeep\n|\n|t:|1700094976\n|switch|p1a: On that time|Greninja, M|94\/100\n|-damage|p1a: On that time|82\/100|[from] Spikes\n|turn|22\n|\n|t:|1700095002\n|switch|p2a: Kiss of Death|Clefable, M, shiny|100\/100\n|-zpower|p1a: On that time\n|move|p1a: On that time|Bloom Doom|p2a: Kiss of Death|[zeffect]\n|-start|p1a: On that time|typechange|Grass|[from] ability: Protean\n|-damage|p2a: Kiss of Death|42\/100\n|\n|-heal|p2a: Kiss of Death|48\/100|[from] item: Leftovers\n|upkeep\n|turn|23\n|inactive|asoespresso has 120 seconds left.\n|\n|t:|1700095020\n|switch|p1a: Rillaboom|Rillaboom, F, tera:Grass|42\/100\n|-damage|p1a: Rillaboom|30\/100|[from] Spikes\n|-fieldstart|move: Grassy Terrain|[from] ability: Grassy Surge|[of] p1a: Rillaboom\n|move|p2a: Kiss of Death|Soft-Boiled|p2a: Kiss of Death\n|-heal|p2a: Kiss of Death|98\/100\n|\n|-heal|p1a: Rillaboom|36\/100|[from] Grassy Terrain\n|-heal|p2a: Kiss of Death|100\/100|[from] Grassy Terrain\n|upkeep\n|turn|24\n|\n|t:|1700095031\n|move|p1a: Rillaboom|Wood Hammer|p2a: Kiss of Death\n|-damage|p2a: Kiss of Death|0 fnt\n|faint|p2a: Kiss of Death\n|-damage|p1a: Rillaboom|0 fnt|[from] Recoil\n|faint|p1a: Rillaboom\n|\n|upkeep\n|\n|t:|1700095035\n|switch|p1a: On that time|Greninja, M|82\/100\n|switch|p2a: Sparkblossoms|Kartana, shiny|23\/100\n|-damage|p2a: Sparkblossoms|17\/100|[from] Stealth Rock\n|-damage|p1a: On that time|70\/100|[from] Spikes\n|turn|25\n|c|\u2606asoespresso|ggs\n|\n|t:|1700095043\n|move|p2a: Sparkblossoms|Leaf Blade|p1a: On that time\n|-supereffective|p1a: On that time\n|-damage|p1a: On that time|0 fnt\n|faint|p1a: On that time\n|\n|win|Amstan\n|n|\u2606asoespresso|asoespresso\n|n|\u2606Amstan|amstan\n|n| Hallowed Knights|hallowedknights\n|n| OVOHunchoSeth|ovohunchoseth\n|n| guapenheimer|guapenheimer\n|n| Gholdie|gholdie\n","uploadtime":1700095044,"views":3,"p1id":"asoespresso","p2id":"amstan","formatid":"gen9nationaldex","rating":0,"private":0,"password":""}