{"id":"gen9nationaldex-1988251399","p1":"Qotrun","p2":"Primetinboxi","format":"[Gen 9] National Dex","log":"|j|\u2606Qotrun\n|j|\u2606Primetinboxi\n|t:|1699694702\n|gametype|singles\n|player|p1|Qotrun|beauty-gen5bw2|1337\n|player|p2|Primetinboxi|170|1245\n|teamsize|p1|6\n|teamsize|p2|6\n|gen|9\n|tier|[Gen 9] National Dex\n|rated|\n|rule|HP Percentage Mod: HP is shown in percentages\n|rule|Endless Battle Clause: Forcing endless battles is banned\n|rule|OHKO Clause: OHKO moves are banned\n|rule|Evasion Clause: Evasion abilities, items, and moves are banned\n|rule|Evasion Abilities Clause: Evasion abilities are banned\n|rule|Evasion Items Clause: Evasion items are banned\n|rule|Evasion Moves Clause: Evasion moves are banned\n|rule|Species Clause: Limit one of each Pok\u00e9mon\n|rule|Sleep Clause Mod: Limit one foe put to sleep\n|clearpoke\n|poke|p1|Meowscarada, F|\n|poke|p1|Iron Valiant|\n|poke|p1|Landorus-Therian, M|\n|poke|p1|Primarina, M|\n|poke|p1|Jirachi|\n|poke|p1|Volcarona, M|\n|poke|p2|Muk-Alola, F|\n|poke|p2|Togekiss, M|\n|poke|p2|Forretress, F|\n|poke|p2|Hitmonlee, M|\n|poke|p2|Jolteon, F|\n|poke|p2|Gliscor, F|\n|teampreview\n|inactive|Battle timer is ON: inactive players will automatically lose when time's up. (requested by Qotrun)\n|\n|t:|1699694729\n|start\n|switch|p1a: Meowscarada|Meowscarada, F|100\/100\n|switch|p2a: Jolteon|Jolteon, F|100\/100\n|turn|1\n|\n|t:|1699694736\n|switch|p2a: Muk|Muk-Alola, F|100\/100\n|move|p1a: Meowscarada|Sucker Punch||[still]\n|-fail|p1a: Meowscarada\n|\n|upkeep\n|turn|2\n|\n|t:|1699694741\n|switch|p1a: Landorus|Landorus-Therian, M|100\/100\n|-ability|p1a: Landorus|Intimidate|boost\n|-unboost|p2a: Muk|atk|1\n|move|p2a: Muk|Knock Off|p1a: Landorus\n|-damage|p1a: Landorus|69\/100\n|-enditem|p1a: Landorus|Leftovers|[from] move: Knock Off|[of] p2a: Muk\n|\n|upkeep\n|turn|3\n|\n|t:|1699694749\n|switch|p2a: Gliscor|Gliscor, F|100\/100\n|move|p1a: Landorus|Stealth Rock|p2a: Gliscor\n|-sidestart|p2: Primetinboxi|move: Stealth Rock\n|\n|-status|p2a: Gliscor|tox|[from] item: Toxic Orb\n|upkeep\n|turn|4\n|\n|t:|1699694753\n|move|p2a: Gliscor|Dual Wingbeat|p1a: Landorus\n|-damage|p1a: Landorus|50\/100\n|-damage|p1a: Landorus|31\/100\n|-hitcount|p1a: Landorus|2\n|move|p1a: Landorus|U-turn|p2a: Gliscor\n|-resisted|p2a: Gliscor\n|-damage|p2a: Gliscor|91\/100 tox\n|\n|t:|1699694756\n|switch|p1a: Primarina|Primarina, M|100\/100|[from] U-turn\n|\n|-heal|p2a: Gliscor|100\/100 tox|[from] ability: Poison Heal\n|upkeep\n|turn|5\n|\n|t:|1699694759\n|switch|p2a: Forretress|Forretress, F|100\/100\n|-damage|p2a: Forretress|88\/100|[from] Stealth Rock\n|move|p1a: Primarina|Flip Turn|p2a: Forretress\n|-damage|p2a: Forretress|80\/100\n|\n|t:|1699694764\n|switch|p1a: Volcarona|Volcarona, M|100\/100|[from] Flip Turn\n|\n|-heal|p2a: Forretress|86\/100|[from] item: Leftovers\n|upkeep\n|turn|6\n|\n|t:|1699694773\n|switch|p2a: Muk|Muk-Alola, F|100\/100\n|-damage|p2a: Muk|88\/100|[from] Stealth Rock\n|move|p1a: Volcarona|Substitute|p1a: Volcarona\n|-start|p1a: Volcarona|Substitute\n|-damage|p1a: Volcarona|76\/100\n|\n|upkeep\n|turn|7\n|\n|t:|1699694789\n|move|p1a: Volcarona|Quiver Dance|p1a: Volcarona\n|-boost|p1a: Volcarona|spa|1\n|-boost|p1a: Volcarona|spd|1\n|-boost|p1a: Volcarona|spe|1\n|move|p2a: Muk|Poison Jab|p1a: Volcarona\n|-end|p1a: Volcarona|Substitute\n|\n|upkeep\n|turn|8\n|\n|t:|1699694796\n|switch|p1a: Jirachi|Jirachi|100\/100\n|move|p2a: Muk|Poison Jab|p1a: Jirachi\n|-immune|p1a: Jirachi\n|\n|upkeep\n|turn|9\n|\n|t:|1699694802\n|move|p1a: Jirachi|Iron Head|p2a: Muk\n|-damage|p2a: Muk|58\/100\n|move|p2a: Muk|Knock Off|p1a: Jirachi\n|-supereffective|p1a: Jirachi\n|-damage|p1a: Jirachi|43\/100\n|-enditem|p1a: Jirachi|Leftovers|[from] move: Knock Off|[of] p2a: Muk\n|\n|upkeep\n|turn|10\n|\n|t:|1699694807\n|move|p1a: Jirachi|Wish|p1a: Jirachi\n|move|p2a: Muk|Knock Off|p1a: Jirachi\n|-supereffective|p1a: Jirachi\n|-damage|p1a: Jirachi|0 fnt\n|faint|p1a: Jirachi\n|\n|upkeep\n|\n|t:|1699694812\n|switch|p1a: Landorus|Landorus-Therian, M|31\/100\n|-ability|p1a: Landorus|Intimidate|boost\n|-unboost|p2a: Muk|atk|1\n|turn|11\n|\n|t:|1699694818\n|switch|p2a: Gliscor|Gliscor, F|100\/100 tox\n|-damage|p2a: Gliscor|88\/100 tox|[from] Stealth Rock\n|move|p1a: Landorus|Gravity|p1a: Landorus\n|-fieldstart|move: Gravity\n|\n|-heal|p1a: Landorus|84\/100|[from] move: Wish|[wisher] Jirachi\n|-heal|p2a: Gliscor|100\/100 tox|[from] ability: Poison Heal\n|upkeep\n|turn|12\n|\n|t:|1699694826\n|move|p2a: Gliscor|Dual Wingbeat|p1a: Landorus\n|-damage|p1a: Landorus|67\/100\n|-damage|p1a: Landorus|48\/100\n|-hitcount|p1a: Landorus|2\n|move|p1a: Landorus|Earthquake|p2a: Gliscor\n|-damage|p2a: Gliscor|66\/100 tox\n|\n|-heal|p2a: Gliscor|78\/100 tox|[from] ability: Poison Heal\n|upkeep\n|turn|13\n|-message|Qotrun forfeited.\n|\n|win|Primetinboxi\n|raw|Qotrun's rating: 1337 &rarr; <strong>1312<\/strong><br \/>(-25 for losing)\n|raw|Primetinboxi's rating: 1245 &rarr; <strong>1276<\/strong><br \/>(+31 for winning)\n|l|\u2606Qotrun\n","uploadtime":1699694836,"views":4,"p1id":"qotrun","p2id":"primetinboxi","formatid":"gen9nationaldex","rating":1276,"private":0,"password":""}