{"id":"gen9nationaldex-1997608041","p1":"zzs20011011","p2":"cb der","format":"[Gen 9] National Dex","log":"|html|<div class=\"broadcast-blue\"><strong>[Gen 9] National Dex is currently suspecting Sneasler! For information on how to participate check out the <a href=\"https:\/\/www.smogon.com\/forums\/threads\/sv-national-dex-suspect-8-just-dance.3731534\/\">suspect thread<\/a>.<\/strong><\/div>\n|j|\u2606zzs20011011\n|j|\u2606cb der\n|t:|1700832341\n|gametype|singles\n|player|p1|zzs20011011|iris-gen5bw2|1202\n|player|p2|cb der|iono|1272\n|teamsize|p1|6\n|teamsize|p2|6\n|gen|9\n|tier|[Gen 9] National Dex\n|rated|\n|rule|HP Percentage Mod: HP is shown in percentages\n|rule|Endless Battle Clause: Forcing endless battles is banned\n|rule|OHKO Clause: OHKO moves are banned\n|rule|Evasion Clause: Evasion abilities, items, and moves are banned\n|rule|Evasion Abilities Clause: Evasion abilities are banned\n|rule|Evasion Items Clause: Evasion items are banned\n|rule|Evasion Moves Clause: Evasion moves are banned\n|rule|Species Clause: Limit one of each Pok\u00e9mon\n|rule|Sleep Clause Mod: Limit one foe put to sleep\n|clearpoke\n|poke|p1|Dondozo, M|\n|poke|p1|Blissey, F|\n|poke|p1|Toxapex, F|\n|poke|p1|Clodsire, M|\n|poke|p1|Corviknight, F|\n|poke|p1|Sableye, F|\n|poke|p2|Lopunny, F|\n|poke|p2|Shuckle, F|\n|poke|p2|Meowscarada, F|\n|poke|p2|Kartana|\n|poke|p2|Nidoking, M|\n|poke|p2|Sneasler, M|\n|teampreview\n|inactive|Battle timer is ON: inactive players will automatically lose when time's up. (requested by zzs20011011)\n|\n|t:|1700832357\n|start\n|switch|p1a: \u545c\u545c\u545c|Sableye, F|100\/100\n|switch|p2a: Shuckle|Shuckle, F|100\/100\n|turn|1\n|\n|t:|1700832367\n|detailschange|p1a: \u545c\u545c\u545c|Sableye-Mega, F\n|-mega|p1a: \u545c\u545c\u545c|Sableye|Sablenite\n|move|p1a: \u545c\u545c\u545c|Knock Off|p2a: Shuckle\n|-damage|p2a: Shuckle|82\/100\n|-enditem|p2a: Shuckle|Eject Pack|[from] move: Knock Off|[of] p1a: \u545c\u545c\u545c\n|move|p2a: Shuckle|Shell Smash|p2a: Shuckle\n|-unboost|p2a: Shuckle|def|1\n|-unboost|p2a: Shuckle|spd|1\n|-boost|p2a: Shuckle|atk|2\n|-boost|p2a: Shuckle|spa|2\n|-boost|p2a: Shuckle|spe|2\n|\n|upkeep\n|turn|2\n|\n|t:|1700832384\n|switch|p2a: Nidoking|Nidoking, M|100\/100\n|move|p1a: \u545c\u545c\u545c|Toxic|p2a: Nidoking\n|-immune|p2a: Nidoking\n|\n|upkeep\n|turn|3\n|\n|t:|1700832396\n|switch|p1a: \u9e1f|Corviknight, F|100\/100\n|-ability|p1a: \u9e1f|Pressure\n|move|p2a: Nidoking|Earth Power|p1a: \u9e1f\n|-immune|p1a: \u9e1f\n|\n|upkeep\n|turn|4\n|\n|t:|1700832412\n|switch|p1a: \u6211\u83dc\u5f97\u62a0\u811a|Clodsire, M|100\/100\n|move|p2a: Nidoking|Flamethrower|p1a: \u6211\u83dc\u5f97\u62a0\u811a\n|-damage|p1a: \u6211\u83dc\u5f97\u62a0\u811a|78\/100\n|\n|-heal|p1a: \u6211\u83dc\u5f97\u62a0\u811a|84\/100|[from] item: Leftovers\n|upkeep\n|turn|5\n|\n|t:|1700832441\n|switch|p2a: Meowscarada|Meowscarada, F|100\/100\n|-terastallize|p1a: \u6211\u83dc\u5f97\u62a0\u811a|Dark\n|move|p1a: \u6211\u83dc\u5f97\u62a0\u811a|Spikes|p2a: Meowscarada\n|-sidestart|p2: cb der|Spikes\n|\n|-heal|p1a: \u6211\u83dc\u5f97\u62a0\u811a|90\/100|[from] item: Leftovers\n|upkeep\n|turn|6\n|inactive|cb der has 120 seconds left.\n|inactive|zzs20011011 has 120 seconds left.\n|\n|t:|1700832474\n|move|p2a: Meowscarada|Copycat|p2a: Meowscarada\n|move|p2a: Meowscarada|Spikes|p1a: \u6211\u83dc\u5f97\u62a0\u811a|[from]move: Copycat\n|-sidestart|p1: zzs20011011|Spikes\n|move|p1a: \u6211\u83dc\u5f97\u62a0\u811a|Spikes|p2a: Meowscarada\n|-sidestart|p2: cb der|Spikes\n|\n|-heal|p1a: \u6211\u83dc\u5f97\u62a0\u811a|96\/100|[from] item: Leftovers\n|upkeep\n|turn|7\n|inactive|zzs20011011 has 120 seconds left.\n|inactive|cb der has 120 seconds left.\n|\n|t:|1700832484\n|switch|p1a: \u545c\u545c\u545c|Sableye-Mega, F|100\/100\n|-damage|p1a: \u545c\u545c\u545c|88\/100|[from] Spikes\n|move|p2a: Meowscarada|Copycat|p2a: Meowscarada\n|move|p2a: Meowscarada|Spikes|p1a: \u545c\u545c\u545c|[from]move: Copycat\n|move|p1a: \u545c\u545c\u545c|Spikes|p2a: Meowscarada|[from]ability: Magic Bounce\n|-sidestart|p2: cb der|Spikes\n|\n|upkeep\n|turn|8\n|inactive|cb der has 120 seconds left.\n|inactive|zzs20011011 has 120 seconds left.\n|\n|t:|1700832509\n|switch|p2a: Shuckle|Shuckle, F|82\/100\n|-damage|p2a: Shuckle|57\/100|[from] Spikes\n|switch|p1a: \u9e1f|Corviknight, F|100\/100\n|-ability|p1a: \u9e1f|Pressure\n|\n|upkeep\n|turn|9\n|\n|t:|1700832523\n|switch|p1a: \u545c\u545c\u545c|Sableye-Mega, F|88\/100\n|-damage|p1a: \u545c\u545c\u545c|75\/100|[from] Spikes\n|move|p2a: Shuckle|Infestation|p1a: \u545c\u545c\u545c\n|-damage|p1a: \u545c\u545c\u545c|74\/100\n|-activate|p1a: \u545c\u545c\u545c|move: Infestation|[of] p2a: Shuckle\n|\n|-damage|p1a: \u545c\u545c\u545c|62\/100|[from] move: Infestation|[partiallytrapped]\n|upkeep\n|turn|10\n|inactive|cb der has 120 seconds left.\n|\n|t:|1700832546\n|switch|p2a: Lopunny|Lopunny, F|100\/100\n|-damage|p2a: Lopunny|75\/100|[from] Spikes\n|move|p1a: \u545c\u545c\u545c|Toxic|p2a: Lopunny\n|-status|p2a: Lopunny|tox\n|\n|-damage|p2a: Lopunny|69\/100 tox|[from] psn\n|-end|p1a: \u545c\u545c\u545c|Infestation|[partiallytrapped]|[silent]\n|upkeep\n|turn|11\n|inactive|zzs20011011 has 120 seconds left.\n|inactive|cb der has 120 seconds left.\n|\n|t:|1700832560\n|switch|p1a: \u522b\u6253\u6211\u5440|Toxapex, F|100\/100\n|-damage|p1a: \u522b\u6253\u6211\u5440|88\/100|[from] Spikes\n|detailschange|p2a: Lopunny|Lopunny-Mega, F\n|-mega|p2a: Lopunny|Lopunny|Lopunnite\n|move|p2a: Lopunny|Close Combat|p1a: \u522b\u6253\u6211\u5440\n|-resisted|p1a: \u522b\u6253\u6211\u5440\n|-damage|p1a: \u522b\u6253\u6211\u5440|62\/100\n|-unboost|p2a: Lopunny|def|1\n|-unboost|p2a: Lopunny|spd|1\n|-damage|p2a: Lopunny|53\/100 tox|[from] item: Rocky Helmet|[of] p1a: \u522b\u6253\u6211\u5440\n|\n|-damage|p2a: Lopunny|40\/100 tox|[from] psn\n|upkeep\n|turn|12\n|inactive|zzs20011011 has 120 seconds left.\n|inactive|cb der has 120 seconds left.\n|\n|t:|1700832593\n|switch|p2a: Nidoking|Nidoking, M|100\/100\n|-damage|p2a: Nidoking|75\/100|[from] Spikes\n|move|p1a: \u522b\u6253\u6211\u5440|Recover|p1a: \u522b\u6253\u6211\u5440\n|-heal|p1a: \u522b\u6253\u6211\u5440|100\/100\n|\n|upkeep\n|turn|13\n|\n|t:|1700832604\n|switch|p1a: \u6211\u83dc\u5f97\u62a0\u811a|Clodsire, M, tera:Dark|96\/100\n|-damage|p1a: \u6211\u83dc\u5f97\u62a0\u811a|84\/100|[from] Spikes\n|move|p2a: Nidoking|Flamethrower|p1a: \u6211\u83dc\u5f97\u62a0\u811a\n|-damage|p1a: \u6211\u83dc\u5f97\u62a0\u811a|62\/100\n|\n|-heal|p1a: \u6211\u83dc\u5f97\u62a0\u811a|68\/100|[from] item: Leftovers\n|upkeep\n|turn|14\n|\n|t:|1700832618\n|-terastallize|p2a: Nidoking|Poison\n|move|p2a: Nidoking|Sludge Wave|p1a: \u6211\u83dc\u5f97\u62a0\u811a\n|-damage|p1a: \u6211\u83dc\u5f97\u62a0\u811a|23\/100\n|move|p1a: \u6211\u83dc\u5f97\u62a0\u811a|Recover|p1a: \u6211\u83dc\u5f97\u62a0\u811a\n|-heal|p1a: \u6211\u83dc\u5f97\u62a0\u811a|73\/100\n|\n|-heal|p1a: \u6211\u83dc\u5f97\u62a0\u811a|79\/100|[from] item: Leftovers\n|upkeep\n|turn|15\n|inactive|zzs20011011 has 90 seconds left.\n|\n|t:|1700832641\n|switch|p2a: Kartana|Kartana|100\/100\n|-damage|p2a: Kartana|76\/100|[from] Spikes\n|move|p1a: \u6211\u83dc\u5f97\u62a0\u811a|Recover|p1a: \u6211\u83dc\u5f97\u62a0\u811a\n|-heal|p1a: \u6211\u83dc\u5f97\u62a0\u811a|100\/100\n|\n|upkeep\n|turn|16\n|inactive|zzs20011011 has 90 seconds left.\n|inactive|zzs20011011 has 60 seconds left.\n|\n|t:|1700832696\n|switch|p1a: \u9e1f|Corviknight, F|100\/100\n|-ability|p1a: \u9e1f|Pressure\n|move|p2a: Kartana|Knock Off|p1a: \u9e1f\n|-damage|p1a: \u9e1f|74\/100\n|-enditem|p1a: \u9e1f|Leftovers|[from] move: Knock Off|[of] p2a: Kartana\n|\n|upkeep\n|turn|17\n|inactive|cb der has 90 seconds left.\n|\n|t:|1700832731\n|switch|p2a: Nidoking|Nidoking, M, tera:Poison|75\/100\n|-damage|p2a: Nidoking|50\/100|[from] Spikes\n|move|p1a: \u9e1f|Iron Defense|p1a: \u9e1f\n|-boost|p1a: \u9e1f|def|2\n|\n|upkeep\n|turn|18\n|inactive|cb der has 90 seconds left.\n|\n|t:|1700832765\n|move|p2a: Nidoking|Flamethrower|p1a: \u9e1f\n|-supereffective|p1a: \u9e1f\n|-damage|p1a: \u9e1f|0 fnt\n|faint|p1a: \u9e1f\n|\n|upkeep\n|\n|t:|1700832771\n|switch|p1a: \u60a8\u771f\u5389\u5bb3|Dondozo, M|100\/100\n|-damage|p1a: \u60a8\u771f\u5389\u5bb3|88\/100|[from] Spikes\n|turn|19\n|\n|t:|1700832782\n|switch|p2a: Meowscarada|Meowscarada, F|100\/100\n|-damage|p2a: Meowscarada|76\/100|[from] Spikes\n|move|p1a: \u60a8\u771f\u5389\u5bb3|Curse|p1a: \u60a8\u771f\u5389\u5bb3\n|-unboost|p1a: \u60a8\u771f\u5389\u5bb3|spe|1\n|-boost|p1a: \u60a8\u771f\u5389\u5bb3|atk|1\n|-boost|p1a: \u60a8\u771f\u5389\u5bb3|def|1\n|\n|-heal|p1a: \u60a8\u771f\u5389\u5bb3|94\/100|[from] item: Leftovers\n|upkeep\n|turn|20\n|\n|t:|1700832795\n|move|p2a: Meowscarada|Copycat|p2a: Meowscarada\n|move|p2a: Meowscarada|Curse|p2a: Meowscarada|[from]move: Copycat\n|-unboost|p2a: Meowscarada|spe|1\n|-boost|p2a: Meowscarada|atk|1\n|-boost|p2a: Meowscarada|def|1\n|move|p1a: \u60a8\u771f\u5389\u5bb3|Curse|p1a: \u60a8\u771f\u5389\u5bb3\n|-unboost|p1a: \u60a8\u771f\u5389\u5bb3|spe|1\n|-boost|p1a: \u60a8\u771f\u5389\u5bb3|atk|1\n|-boost|p1a: \u60a8\u771f\u5389\u5bb3|def|1\n|\n|-heal|p1a: \u60a8\u771f\u5389\u5bb3|100\/100|[from] item: Leftovers\n|upkeep\n|turn|21\n|\n|t:|1700832813\n|move|p2a: Meowscarada|Copycat|p2a: Meowscarada\n|move|p2a: Meowscarada|Curse|p2a: Meowscarada|[from]move: Copycat\n|-unboost|p2a: Meowscarada|spe|1\n|-boost|p2a: Meowscarada|atk|1\n|-boost|p2a: Meowscarada|def|1\n|move|p1a: \u60a8\u771f\u5389\u5bb3|Body Press|p2a: Meowscarada\n|-supereffective|p2a: Meowscarada\n|-damage|p2a: Meowscarada|0 fnt\n|faint|p2a: Meowscarada\n|\n|upkeep\n|\n|t:|1700832829\n|switch|p2a: Nidoking|Nidoking, M, tera:Poison|50\/100\n|-damage|p2a: Nidoking|25\/100|[from] Spikes\n|turn|22\n|\n|t:|1700832840\n|move|p2a: Nidoking|Sludge Wave|p1a: \u60a8\u771f\u5389\u5bb3\n|-damage|p1a: \u60a8\u771f\u5389\u5bb3|22\/100\n|move|p1a: \u60a8\u771f\u5389\u5bb3|Waterfall|p2a: Nidoking\n|-damage|p2a: Nidoking|0 fnt\n|faint|p2a: Nidoking\n|\n|-heal|p1a: \u60a8\u771f\u5389\u5bb3|29\/100|[from] item: Leftovers\n|upkeep\n|\n|t:|1700832847\n|switch|p2a: Kartana|Kartana|76\/100\n|-damage|p2a: Kartana|51\/100|[from] Spikes\n|turn|23\n|\n|t:|1700832865\n|switch|p1a: \u545c\u545c\u545c|Sableye-Mega, F|62\/100\n|-damage|p1a: \u545c\u545c\u545c|49\/100|[from] Spikes\n|move|p2a: Kartana|Leaf Blade|p1a: \u545c\u545c\u545c\n|-damage|p1a: \u545c\u545c\u545c|0 fnt\n|faint|p1a: \u545c\u545c\u545c\n|-ability|p2a: Kartana|Beast Boost|boost\n|-boost|p2a: Kartana|atk|1\n|\n|upkeep\n|\n|t:|1700832876\n|switch|p1a: \u6211\u662f\u4e2d\u8f6c\u5440|Blissey, F|100\/100\n|-damage|p1a: \u6211\u662f\u4e2d\u8f6c\u5440|88\/100|[from] Spikes\n|turn|24\n|\n|t:|1700832882\n|move|p1a: \u6211\u662f\u4e2d\u8f6c\u5440|Protect|p1a: \u6211\u662f\u4e2d\u8f6c\u5440\n|-singleturn|p1a: \u6211\u662f\u4e2d\u8f6c\u5440|Protect\n|move|p2a: Kartana|Leaf Blade|p1a: \u6211\u662f\u4e2d\u8f6c\u5440\n|-activate|p1a: \u6211\u662f\u4e2d\u8f6c\u5440|move: Protect\n|\n|-heal|p1a: \u6211\u662f\u4e2d\u8f6c\u5440|94\/100|[from] item: Leftovers\n|upkeep\n|turn|25\n|\n|t:|1700832895\n|move|p2a: Kartana|Leaf Blade|p1a: \u6211\u662f\u4e2d\u8f6c\u5440\n|-damage|p1a: \u6211\u662f\u4e2d\u8f6c\u5440|10\/100\n|move|p1a: \u6211\u662f\u4e2d\u8f6c\u5440|Counter|p2a: Kartana\n|-damage|p2a: Kartana|0 fnt\n|faint|p2a: Kartana\n|\n|-heal|p1a: \u6211\u662f\u4e2d\u8f6c\u5440|16\/100|[from] item: Leftovers\n|upkeep\n|\n|t:|1700832904\n|switch|p2a: Sneasler|Sneasler, M|100\/100\n|-damage|p2a: Sneasler|76\/100|[from] Spikes\n|turn|26\n|\n|t:|1700832910\n|move|p1a: \u6211\u662f\u4e2d\u8f6c\u5440|Protect|p1a: \u6211\u662f\u4e2d\u8f6c\u5440\n|-singleturn|p1a: \u6211\u662f\u4e2d\u8f6c\u5440|Protect\n|move|p2a: Sneasler|Swords Dance|p2a: Sneasler\n|-boost|p2a: Sneasler|atk|2\n|\n|-heal|p1a: \u6211\u662f\u4e2d\u8f6c\u5440|22\/100|[from] item: Leftovers\n|upkeep\n|turn|27\n|inactive|cb der has 120 seconds left.\n|\n|t:|1700832920\n|switch|p1a: \u6211\u83dc\u5f97\u62a0\u811a|Clodsire, M, tera:Dark|100\/100\n|-damage|p1a: \u6211\u83dc\u5f97\u62a0\u811a|88\/100|[from] Spikes\n|move|p2a: Sneasler|Close Combat|p1a: \u6211\u83dc\u5f97\u62a0\u811a\n|-supereffective|p1a: \u6211\u83dc\u5f97\u62a0\u811a\n|-damage|p1a: \u6211\u83dc\u5f97\u62a0\u811a|0 fnt\n|-unboost|p2a: Sneasler|def|1\n|-unboost|p2a: Sneasler|spd|1\n|-enditem|p2a: Sneasler|White Herb\n|-clearnegativeboost|p2a: Sneasler|[silent]\n|faint|p1a: \u6211\u83dc\u5f97\u62a0\u811a\n|\n|upkeep\n|\n|t:|1700832934\n|switch|p1a: \u60a8\u771f\u5389\u5bb3|Dondozo, M|29\/100\n|-damage|p1a: \u60a8\u771f\u5389\u5bb3|16\/100|[from] Spikes\n|turn|28\n|\n|t:|1700832940\n|move|p2a: Sneasler|Dire Claw|p1a: \u60a8\u771f\u5389\u5bb3\n|-damage|p1a: \u60a8\u771f\u5389\u5bb3|0 fnt\n|faint|p1a: \u60a8\u771f\u5389\u5bb3\n|\n|upkeep\n|\n|t:|1700832945\n|switch|p1a: \u522b\u6253\u6211\u5440|Toxapex, F|100\/100\n|-damage|p1a: \u522b\u6253\u6211\u5440|88\/100|[from] Spikes\n|turn|29\n|\n|t:|1700832953\n|move|p2a: Sneasler|Swords Dance|p2a: Sneasler\n|-boost|p2a: Sneasler|atk|2\n|move|p1a: \u522b\u6253\u6211\u5440|Recover|p1a: \u522b\u6253\u6211\u5440\n|-heal|p1a: \u522b\u6253\u6211\u5440|100\/100\n|\n|upkeep\n|turn|30\n|\n|t:|1700832959\n|move|p2a: Sneasler|Acrobatics|p1a: \u522b\u6253\u6211\u5440\n|-damage|p1a: \u522b\u6253\u6211\u5440|17\/100\n|-damage|p2a: Sneasler|59\/100|[from] item: Rocky Helmet|[of] p1a: \u522b\u6253\u6211\u5440\n|move|p1a: \u522b\u6253\u6211\u5440|Haze|p1a: \u522b\u6253\u6211\u5440\n|-clearallboost\n|\n|upkeep\n|turn|31\n|\n|t:|1700832968\n|move|p2a: Sneasler|Acrobatics|p1a: \u522b\u6253\u6211\u5440\n|-damage|p1a: \u522b\u6253\u6211\u5440|0 fnt\n|-damage|p2a: Sneasler|42\/100|[from] item: Rocky Helmet|[of] p1a: \u522b\u6253\u6211\u5440\n|faint|p1a: \u522b\u6253\u6211\u5440\n|\n|upkeep\n|\n|t:|1700832971\n|switch|p1a: \u6211\u662f\u4e2d\u8f6c\u5440|Blissey, F|22\/100\n|-damage|p1a: \u6211\u662f\u4e2d\u8f6c\u5440|9\/100|[from] Spikes\n|turn|32\n|-message|zzs20011011 forfeited.\n|\n|win|cb der\n|raw|zzs20011011's rating: 1202 &rarr; <strong>1182<\/strong><br \/>(-20 for losing)\n|raw|cb der's rating: 1272 &rarr; <strong>1292<\/strong><br \/>(+20 for winning)\n|l|\u2606zzs20011011\n","uploadtime":1700833005,"views":5,"p1id":"zzs20011011","p2id":"cbder","formatid":"gen9nationaldex","rating":1182,"private":0,"password":""}