{"id":"gen9nationaldex-1998924882","p1":"Koolwraith","p2":"NeverGP","format":"[Gen 9] National Dex","log":"|html|<div class=\"broadcast-blue\"><strong>[Gen 9] National Dex is currently suspecting Sneasler! For information on how to participate check out the <a href=\"https:\/\/www.smogon.com\/forums\/threads\/sv-national-dex-suspect-8-just-dance.3731534\/\">suspect thread<\/a>.<\/strong><\/div>\n|j|\u2606Koolwraith\n|j|\u2606NeverGP\n|t:|1701013761\n|gametype|singles\n|player|p1|Koolwraith|karen|1341\n|player|p2|NeverGP|102|1393\n|teamsize|p1|6\n|teamsize|p2|6\n|gen|9\n|tier|[Gen 9] National Dex\n|rated|\n|rule|HP Percentage Mod: HP is shown in percentages\n|rule|Endless Battle Clause: Forcing endless battles is banned\n|rule|OHKO Clause: OHKO moves are banned\n|rule|Evasion Clause: Evasion abilities, items, and moves are banned\n|rule|Evasion Abilities Clause: Evasion abilities are banned\n|rule|Evasion Items Clause: Evasion items are banned\n|rule|Evasion Moves Clause: Evasion moves are banned\n|rule|Species Clause: Limit one of each Pok\u00e9mon\n|rule|Sleep Clause Mod: Limit one foe put to sleep\n|clearpoke\n|poke|p1|Galvantula, F|\n|poke|p1|Porygon2|\n|poke|p1|Togekiss, M|\n|poke|p1|Breloom, F|\n|poke|p1|Gyarados, F|\n|poke|p1|Mew|\n|poke|p2|Banette, M|\n|poke|p2|Rillaboom, F|\n|poke|p2|Slowking-Galar, M|\n|poke|p2|Garganacl, M|\n|poke|p2|Great Tusk|\n|poke|p2|Moltres|\n|teampreview\n|inactive|Battle timer is ON: inactive players will automatically lose when time's up. (requested by NeverGP)\n|\n|t:|1701013773\n|start\n|switch|p1a: Joule|Galvantula, F|100\/100\n|switch|p2a: Great Tusk|Great Tusk|100\/100\n|turn|1\n|\n|t:|1701013781\n|move|p1a: Joule|Sticky Web|p2a: Great Tusk\n|-sidestart|p2: NeverGP|move: Sticky Web\n|move|p2a: Great Tusk|Rapid Spin|p1a: Joule\n|-damage|p1a: Joule|67\/100\n|-boost|p2a: Great Tusk|spe|1\n|-sideend|p2: NeverGP|Sticky Web|[from] move: Rapid Spin|[of] p2a: Great Tusk\n|\n|upkeep\n|turn|2\n|\n|t:|1701013795\n|-zpower|p2a: Great Tusk\n|move|p2a: Great Tusk|Continental Crush|p1a: Joule|[zeffect]\n|-supereffective|p1a: Joule\n|-damage|p1a: Joule|0 fnt\n|faint|p1a: Joule\n|\n|upkeep\n|\n|t:|1701013814\n|switch|p1a: Icarus|Togekiss, M|100\/100\n|turn|3\n|\n|t:|1701013823\n|move|p2a: Great Tusk|Head Smash|p1a: Icarus|[miss]\n|-miss|p2a: Great Tusk|p1a: Icarus\n|move|p1a: Icarus|Air Slash|p2a: Great Tusk\n|-supereffective|p2a: Great Tusk\n|-damage|p2a: Great Tusk|0 fnt\n|faint|p2a: Great Tusk\n|-end|p2a: Great Tusk|Protosynthesis|[silent]\n|\n|upkeep\n|\n|t:|1701013832\n|switch|p2a: Garganacl|Garganacl, M|100\/100\n|turn|4\n|\n|t:|1701013843\n|switch|p1a: ChatGPT|Porygon2|100\/100\n|move|p2a: Garganacl|Stealth Rock|p1a: ChatGPT\n|-sidestart|p1: Koolwraith|move: Stealth Rock\n|\n|upkeep\n|turn|5\n|\n|t:|1701013863\n|move|p1a: ChatGPT|Ice Beam|p2a: Garganacl\n|-damage|p2a: Garganacl|82\/100\n|move|p2a: Garganacl|Salt Cure|p1a: ChatGPT\n|-damage|p1a: ChatGPT|91\/100\n|-start|p1a: ChatGPT|Salt Cure\n|\n|-heal|p2a: Garganacl|88\/100|[from] item: Leftovers\n|-damage|p1a: ChatGPT|79\/100|[from] Salt Cure\n|upkeep\n|turn|6\n|\n|t:|1701013878\n|switch|p1a: Tiamat|Gyarados, F, shiny|100\/100\n|-damage|p1a: Tiamat|76\/100|[from] Stealth Rock\n|switch|p2a: Slowking|Slowking-Galar, M|100\/100\n|\n|upkeep\n|turn|7\n|\n|t:|1701013888\n|switch|p1a: Icarus|Togekiss, M|100\/100\n|-damage|p1a: Icarus|76\/100|[from] Stealth Rock\n|move|p2a: Slowking|Future Sight|p1a: Icarus\n|-start|p2a: Slowking|move: Future Sight\n|\n|-heal|p1a: Icarus|82\/100|[from] item: Leftovers\n|upkeep\n|turn|8\n|\n|t:|1701013896\n|-terastallize|p1a: Icarus|Steel\n|move|p1a: Icarus|Thunder Wave|p2a: Slowking\n|-status|p2a: Slowking|par\n|cant|p2a: Slowking|par\n|\n|-heal|p1a: Icarus|88\/100|[from] item: Leftovers\n|upkeep\n|turn|9\n|\n|t:|1701013903\n|move|p1a: Icarus|Ancient Power|p2a: Slowking\n|-damage|p2a: Slowking|87\/100 par\n|move|p2a: Slowking|Fire Blast|p1a: Icarus|[miss]\n|-miss|p2a: Slowking|p1a: Icarus\n|\n|-end|p1a: Icarus|move: Future Sight\n|-resisted|p1a: Icarus\n|-damage|p1a: Icarus|70\/100\n|-heal|p1a: Icarus|76\/100|[from] item: Leftovers\n|upkeep\n|turn|10\n|\n|t:|1701013912\n|move|p1a: Icarus|Air Slash|p2a: Slowking\n|-damage|p2a: Slowking|65\/100 par\n|cant|p2a: Slowking|flinch\n|\n|-heal|p1a: Icarus|83\/100|[from] item: Leftovers\n|upkeep\n|turn|11\n|\n|t:|1701013918\n|switch|p2a: Garganacl|Garganacl, M|88\/100\n|move|p1a: Icarus|Air Slash|p2a: Garganacl\n|-resisted|p2a: Garganacl\n|-damage|p2a: Garganacl|74\/100\n|\n|-heal|p1a: Icarus|89\/100|[from] item: Leftovers\n|-heal|p2a: Garganacl|80\/100|[from] item: Leftovers\n|upkeep\n|turn|12\n|\n|t:|1701013925\n|move|p1a: Icarus|Air Slash|p2a: Garganacl\n|-resisted|p2a: Garganacl\n|-damage|p2a: Garganacl|67\/100\n|move|p2a: Garganacl|Salt Cure|p1a: Icarus\n|-resisted|p1a: Icarus\n|-damage|p1a: Icarus|82\/100\n|-start|p1a: Icarus|Salt Cure\n|\n|-heal|p1a: Icarus|88\/100|[from] item: Leftovers\n|-heal|p2a: Garganacl|73\/100|[from] item: Leftovers\n|-damage|p1a: Icarus|63\/100|[from] Salt Cure\n|upkeep\n|turn|13\n|\n|t:|1701013937\n|switch|p1a: Parasol|Breloom, F|100\/100\n|-damage|p1a: Parasol|94\/100|[from] Stealth Rock\n|move|p2a: Garganacl|Salt Cure|p1a: Parasol\n|-resisted|p1a: Parasol\n|-damage|p1a: Parasol|83\/100\n|-start|p1a: Parasol|Salt Cure\n|\n|-heal|p2a: Garganacl|79\/100|[from] item: Leftovers\n|-damage|p1a: Parasol|71\/100|[from] Salt Cure\n|upkeep\n|turn|14\n|\n|t:|1701013948\n|move|p2a: Garganacl|Protect|p2a: Garganacl\n|-singleturn|p2a: Garganacl|Protect\n|move|p1a: Parasol|Bullet Seed|p2a: Garganacl\n|-activate|p2a: Garganacl|move: Protect\n|\n|-heal|p2a: Garganacl|86\/100|[from] item: Leftovers\n|-damage|p1a: Parasol|58\/100|[from] Salt Cure\n|upkeep\n|turn|15\n|\n|t:|1701013961\n|switch|p2a: Rillaboom|Rillaboom, F|100\/100\n|-fieldstart|move: Grassy Terrain|[from] ability: Grassy Surge|[of] p2a: Rillaboom\n|move|p1a: Parasol|Spore|p2a: Rillaboom\n|-immune|p2a: Rillaboom\n|\n|-heal|p1a: Parasol|64\/100|[from] Grassy Terrain\n|-damage|p1a: Parasol|52\/100|[from] Salt Cure\n|upkeep\n|turn|16\n|\n|t:|1701013970\n|switch|p1a: Icarus|Togekiss, M, tera:Steel|63\/100\n|-damage|p1a: Icarus|57\/100|[from] Stealth Rock\n|move|p2a: Rillaboom|U-turn|p1a: Icarus\n|-resisted|p1a: Icarus\n|-damage|p1a: Icarus|37\/100\n|\n|t:|1701013977\n|switch|p2a: Garganacl|Garganacl, M|86\/100|[from] U-turn\n|\n|-heal|p1a: Icarus|44\/100|[from] Grassy Terrain\n|-heal|p1a: Icarus|50\/100|[from] item: Leftovers\n|-heal|p2a: Garganacl|92\/100|[from] Grassy Terrain\n|-heal|p2a: Garganacl|98\/100|[from] item: Leftovers\n|upkeep\n|turn|17\n|\n|t:|1701013985\n|move|p1a: Icarus|Roost|p1a: Icarus\n|-heal|p1a: Icarus|99\/100\n|move|p2a: Garganacl|Salt Cure|p1a: Icarus\n|-resisted|p1a: Icarus\n|-damage|p1a: Icarus|93\/100\n|-start|p1a: Icarus|Salt Cure\n|\n|-heal|p1a: Icarus|99\/100|[from] Grassy Terrain\n|-heal|p1a: Icarus|100\/100|[from] item: Leftovers\n|-heal|p2a: Garganacl|100\/100|[from] Grassy Terrain\n|-damage|p1a: Icarus|76\/100|[from] Salt Cure\n|upkeep\n|turn|18\n|\n|t:|1701013998\n|switch|p1a: Parasol|Breloom, F|52\/100\n|-damage|p1a: Parasol|46\/100|[from] Stealth Rock\n|move|p2a: Garganacl|Protect||[still]\n|-fail|p2a: Garganacl\n|\n|-heal|p1a: Parasol|52\/100|[from] Grassy Terrain\n|upkeep\n|turn|19\n|\n|t:|1701014005\n|switch|p2a: Rillaboom|Rillaboom, F|100\/100\n|move|p1a: Parasol|Rock Tomb|p2a: Rillaboom\n|-damage|p2a: Rillaboom|55\/100\n|-unboost|p2a: Rillaboom|spe|1\n|-damage|p1a: Parasol|42\/100|[from] item: Life Orb\n|\n|-heal|p1a: Parasol|48\/100|[from] Grassy Terrain\n|-heal|p2a: Rillaboom|61\/100|[from] Grassy Terrain\n|-fieldend|move: Grassy Terrain\n|upkeep\n|turn|20\n|\n|t:|1701014020\n|move|p1a: Parasol|Mach Punch|p2a: Rillaboom\n|-damage|p2a: Rillaboom|21\/100\n|-damage|p1a: Parasol|38\/100|[from] item: Life Orb\n|move|p2a: Rillaboom|U-turn|p1a: Parasol\n|-damage|p1a: Parasol|0 fnt\n|faint|p1a: Parasol\n|\n|t:|1701014029\n|switch|p2a: Garganacl|Garganacl, M|100\/100|[from] U-turn\n|\n|upkeep\n|\n|t:|1701014032\n|switch|p1a: Tiamat|Gyarados, F, shiny|76\/100\n|-damage|p1a: Tiamat|51\/100|[from] Stealth Rock\n|turn|21\n|\n|t:|1701014041\n|detailschange|p1a: Tiamat|Gyarados-Mega, F, shiny\n|-mega|p1a: Tiamat|Gyarados|Gyaradosite\n|-ability|p1a: Tiamat|Mold Breaker\n|-terastallize|p2a: Garganacl|Water\n|move|p1a: Tiamat|Toxic|p2a: Garganacl\n|-status|p2a: Garganacl|tox\n|move|p2a: Garganacl|Salt Cure|p1a: Tiamat\n|-damage|p1a: Tiamat|37\/100\n|-start|p1a: Tiamat|Salt Cure\n|\n|-damage|p2a: Garganacl|94\/100 tox|[from] psn\n|-damage|p1a: Tiamat|13\/100|[from] Salt Cure\n|upkeep\n|turn|22\n|\n|t:|1701014054\n|move|p1a: Tiamat|Crunch|p2a: Garganacl\n|-damage|p2a: Garganacl|61\/100 tox\n|-unboost|p2a: Garganacl|def|1\n|move|p2a: Garganacl|Salt Cure|p1a: Tiamat\n|-damage|p1a: Tiamat|0 fnt\n|faint|p1a: Tiamat\n|\n|-heal|p2a: Garganacl|68\/100 tox|[from] item: Leftovers\n|-damage|p2a: Garganacl|55\/100 tox|[from] psn\n|upkeep\n|\n|t:|1701014068\n|switch|p1a: Icarus|Togekiss, M, tera:Steel|76\/100\n|-damage|p1a: Icarus|69\/100|[from] Stealth Rock\n|turn|23\n|\n|t:|1701014082\n|move|p1a: Icarus|Air Slash|p2a: Garganacl\n|-damage|p2a: Garganacl|27\/100 tox\n|cant|p2a: Garganacl|flinch\n|\n|-heal|p1a: Icarus|76\/100|[from] item: Leftovers\n|-heal|p2a: Garganacl|34\/100 tox|[from] item: Leftovers\n|-damage|p2a: Garganacl|15\/100 tox|[from] psn\n|upkeep\n|turn|24\n|\n|t:|1701014091\n|move|p1a: Icarus|Ancient Power|p2a: Garganacl\n|-damage|p2a: Garganacl|1\/100 tox\n|move|p2a: Garganacl|Salt Cure|p1a: Icarus\n|-resisted|p1a: Icarus\n|-damage|p1a: Icarus|69\/100\n|-start|p1a: Icarus|Salt Cure\n|\n|-heal|p1a: Icarus|76\/100|[from] item: Leftovers\n|-heal|p2a: Garganacl|7\/100 tox|[from] item: Leftovers\n|-damage|p2a: Garganacl|0 fnt|[from] psn\n|faint|p2a: Garganacl\n|-damage|p1a: Icarus|51\/100|[from] Salt Cure\n|upkeep\n|\n|t:|1701014101\n|switch|p2a: Banette|Banette, M|100\/100\n|-item|p1a: Icarus|Leftovers|[from] ability: Frisk|[of] p2a: Banette|[identify]\n|turn|25\n|\n|t:|1701014107\n|detailschange|p2a: Banette|Banette-Mega, M\n|-mega|p2a: Banette|Banette|Banettite\n|move|p2a: Banette|Pursuit|p1a: Icarus\n|-damage|p1a: Icarus|32\/100\n|move|p1a: Icarus|Thunder Wave|p2a: Banette\n|-status|p2a: Banette|par\n|\n|-heal|p1a: Icarus|38\/100|[from] item: Leftovers\n|-damage|p1a: Icarus|13\/100|[from] Salt Cure\n|upkeep\n|turn|26\n|\n|t:|1701014116\n|move|p1a: Icarus|Roost|p1a: Icarus\n|-heal|p1a: Icarus|63\/100\n|move|p2a: Banette|Pursuit|p1a: Icarus\n|-damage|p1a: Icarus|45\/100\n|\n|-heal|p1a: Icarus|51\/100|[from] item: Leftovers\n|-damage|p1a: Icarus|26\/100|[from] Salt Cure\n|upkeep\n|turn|27\n|\n|t:|1701014124\n|cant|p2a: Banette|par\n|move|p1a: Icarus|Roost|p1a: Icarus\n|-heal|p1a: Icarus|76\/100\n|\n|-heal|p1a: Icarus|82\/100|[from] item: Leftovers\n|-damage|p1a: Icarus|57\/100|[from] Salt Cure\n|upkeep\n|turn|28\n|\n|t:|1701014133\n|switch|p1a: ChatGPT|Porygon2|79\/100\n|-damage|p1a: ChatGPT|66\/100|[from] Stealth Rock\n|move|p2a: Banette|Encore||[still]\n|-fail|p2a: Banette\n|\n|upkeep\n|turn|29\n|\n|t:|1701014139\n|switch|p2a: Slowking|Slowking-Galar, M|98\/100 par\n|move|p1a: ChatGPT|Shadow Ball|p2a: Slowking\n|-supereffective|p2a: Slowking\n|-damage|p2a: Slowking|57\/100 par\n|\n|upkeep\n|turn|30\n|\n|t:|1701014154\n|switch|p2a: Moltres|Moltres|100\/100\n|move|p1a: ChatGPT|Recover|p1a: ChatGPT\n|-heal|p1a: ChatGPT|100\/100\n|\n|upkeep\n|turn|31\n|\n|t:|1701014161\n|move|p2a: Moltres|Fire Spin|p1a: ChatGPT\n|-crit|p1a: ChatGPT\n|-damage|p1a: ChatGPT|86\/100\n|-activate|p1a: ChatGPT|move: Fire Spin|[of] p2a: Moltres\n|move|p1a: ChatGPT|Tri Attack|p2a: Moltres\n|-damage|p2a: Moltres|50\/100\n|\n|-damage|p1a: ChatGPT|73\/100|[from] move: Fire Spin|[partiallytrapped]\n|upkeep\n|turn|32\n|\n|t:|1701014171\n|move|p2a: Moltres|Roost|p2a: Moltres\n|-heal|p2a: Moltres|99\/100\n|-singleturn|p2a: Moltres|move: Roost\n|move|p1a: ChatGPT|Shadow Ball|p2a: Moltres\n|-damage|p2a: Moltres|67\/100\n|\n|-damage|p1a: ChatGPT|61\/100|[from] move: Fire Spin|[partiallytrapped]\n|upkeep\n|turn|33\n|\n|t:|1701014178\n|move|p2a: Moltres|Toxic|p1a: ChatGPT\n|-status|p1a: ChatGPT|tox\n|move|p1a: ChatGPT|Tri Attack|p2a: Moltres\n|-damage|p2a: Moltres|16\/100\n|\n|-damage|p1a: ChatGPT|55\/100 tox|[from] psn\n|-damage|p1a: ChatGPT|43\/100 tox|[from] move: Fire Spin|[partiallytrapped]\n|upkeep\n|turn|34\n|\n|t:|1701014186\n|move|p2a: Moltres|Roost|p2a: Moltres\n|-heal|p2a: Moltres|66\/100\n|-singleturn|p2a: Moltres|move: Roost\n|move|p1a: ChatGPT|Recover|p1a: ChatGPT\n|-heal|p1a: ChatGPT|93\/100 tox\n|\n|-damage|p1a: ChatGPT|80\/100 tox|[from] psn\n|-damage|p1a: ChatGPT|68\/100 tox|[from] move: Fire Spin|[partiallytrapped]\n|upkeep\n|turn|35\n|\n|t:|1701014200\n|move|p2a: Moltres|Roost|p2a: Moltres\n|-heal|p2a: Moltres|100\/100\n|-singleturn|p2a: Moltres|move: Roost\n|move|p1a: ChatGPT|Tri Attack|p2a: Moltres\n|-damage|p2a: Moltres|47\/100\n|\n|-damage|p1a: ChatGPT|50\/100 tox|[from] psn\n|-damage|p1a: ChatGPT|37\/100 tox|[from] move: Fire Spin|[partiallytrapped]\n|upkeep\n|turn|36\n|\n|t:|1701014209\n|move|p2a: Moltres|Roost|p2a: Moltres\n|-heal|p2a: Moltres|97\/100\n|-singleturn|p2a: Moltres|move: Roost\n|move|p1a: ChatGPT|Tri Attack|p2a: Moltres\n|-damage|p2a: Moltres|46\/100\n|\n|-damage|p1a: ChatGPT|13\/100 tox|[from] psn\n|-end|p1a: ChatGPT|Fire Spin|[partiallytrapped]\n|upkeep\n|turn|37\n|\n|t:|1701014218\n|move|p2a: Moltres|Fire Spin|p1a: ChatGPT\n|-damage|p1a: ChatGPT|3\/100 tox\n|-activate|p1a: ChatGPT|move: Fire Spin|[of] p2a: Moltres\n|move|p1a: ChatGPT|Tri Attack|p2a: Moltres\n|-damage|p2a: Moltres|0 fnt\n|faint|p2a: Moltres\n|\n|-damage|p1a: ChatGPT|0 fnt|[from] psn\n|faint|p1a: ChatGPT\n|upkeep\n|\n|t:|1701014229\n|switch|p2a: Slowking|Slowking-Galar, M|90\/100 par\n|switch|p1a: Icarus|Togekiss, M, tera:Steel|57\/100\n|-damage|p1a: Icarus|51\/100|[from] Stealth Rock\n|turn|38\n|\n|t:|1701014234\n|move|p1a: Icarus|Roost|p1a: Icarus\n|-heal|p1a: Icarus|100\/100\n|move|p2a: Slowking|Fire Blast|p1a: Icarus\n|-supereffective|p1a: Icarus\n|-damage|p1a: Icarus|56\/100\n|-status|p1a: Icarus|brn\n|\n|-heal|p1a: Icarus|62\/100 brn|[from] item: Leftovers\n|-damage|p1a: Icarus|56\/100 brn|[from] brn\n|upkeep\n|turn|39\n|\n|t:|1701014244\n|move|p1a: Icarus|Air Slash|p2a: Slowking\n|-damage|p2a: Slowking|66\/100 par\n|cant|p2a: Slowking|flinch\n|\n|-heal|p1a: Icarus|62\/100 brn|[from] item: Leftovers\n|-damage|p1a: Icarus|56\/100 brn|[from] brn\n|upkeep\n|turn|40\n|\n|t:|1701014251\n|move|p1a: Icarus|Air Slash|p2a: Slowking\n|-damage|p2a: Slowking|40\/100 par\n|cant|p2a: Slowking|flinch\n|\n|-heal|p1a: Icarus|62\/100 brn|[from] item: Leftovers\n|-damage|p1a: Icarus|56\/100 brn|[from] brn\n|upkeep\n|turn|41\n|\n|t:|1701014259\n|move|p1a: Icarus|Air Slash|p2a: Slowking\n|-damage|p2a: Slowking|16\/100 par\n|cant|p2a: Slowking|flinch\n|\n|-heal|p1a: Icarus|62\/100 brn|[from] item: Leftovers\n|-damage|p1a: Icarus|56\/100 brn|[from] brn\n|upkeep\n|turn|42\n|\n|t:|1701014266\n|move|p1a: Icarus|Roost|p1a: Icarus\n|-heal|p1a: Icarus|100\/100 brn\n|move|p2a: Slowking|Fire Blast|p1a: Icarus\n|-supereffective|p1a: Icarus\n|-damage|p1a: Icarus|57\/100 brn\n|\n|-heal|p1a: Icarus|63\/100 brn|[from] item: Leftovers\n|-damage|p1a: Icarus|57\/100 brn|[from] brn\n|upkeep\n|turn|43\n|\n|t:|1701014276\n|move|p1a: Icarus|Ancient Power|p2a: Slowking\n|-damage|p2a: Slowking|3\/100 par\n|move|p2a: Slowking|Fire Blast|p1a: Icarus|[miss]\n|-miss|p2a: Slowking|p1a: Icarus\n|\n|-heal|p1a: Icarus|63\/100 brn|[from] item: Leftovers\n|-damage|p1a: Icarus|57\/100 brn|[from] brn\n|upkeep\n|turn|44\n|\n|t:|1701014284\n|move|p1a: Icarus|Ancient Power|p2a: Slowking\n|-damage|p2a: Slowking|0 fnt\n|faint|p2a: Slowking\n|\n|-heal|p1a: Icarus|63\/100 brn|[from] item: Leftovers\n|-damage|p1a: Icarus|57\/100 brn|[from] brn\n|upkeep\n|\n|t:|1701014293\n|switch|p2a: Banette|Banette-Mega, M|100\/100 par\n|turn|45\n|\n|t:|1701014297\n|move|p2a: Banette|Encore|p1a: Icarus\n|-start|p1a: Icarus|Encore\n|move|p1a: Icarus|Ancient Power|p2a: Banette\n|-damage|p2a: Banette|71\/100 par\n|\n|-heal|p1a: Icarus|63\/100 brn|[from] item: Leftovers\n|-damage|p1a: Icarus|57\/100 brn|[from] brn\n|upkeep\n|turn|46\n|\n|t:|1701014305\n|move|p1a: Icarus|Ancient Power|p2a: Banette\n|-damage|p2a: Banette|41\/100 par\n|cant|p2a: Banette|par\n|\n|-heal|p1a: Icarus|63\/100 brn|[from] item: Leftovers\n|-damage|p1a: Icarus|57\/100 brn|[from] brn\n|upkeep\n|turn|47\n|\n|t:|1701014316\n|move|p1a: Icarus|Ancient Power|p2a: Banette\n|-damage|p2a: Banette|8\/100 par\n|move|p2a: Banette|Poltergeist|p1a: Icarus\n|-activate|p1a: Icarus|move: Poltergeist|Leftovers\n|-damage|p1a: Icarus|0 fnt\n|faint|p1a: Icarus\n|\n|upkeep\n|\n|t:|1701014325\n|switch|p1a: UnderTruck|Mew|100\/100\n|-damage|p1a: UnderTruck|88\/100|[from] Stealth Rock\n|turn|48\n|\n|t:|1701014332\n|move|p2a: Banette|Destiny Bond|p2a: Banette\n|-singlemove|p2a: Banette|Destiny Bond\n|move|p1a: UnderTruck|Stored Power|p2a: Banette\n|-damage|p2a: Banette|0 fnt\n|faint|p2a: Banette\n|-activate|p2a: Banette|move: Destiny Bond\n|faint|p1a: UnderTruck\n|\n|win|NeverGP\n|raw|Koolwraith's rating: 1341 &rarr; <strong>1324<\/strong><br \/>(-17 for losing)\n|raw|NeverGP's rating: 1393 &rarr; <strong>1410<\/strong><br \/>(+17 for winning)\n|l|\u2606Koolwraith\n","uploadtime":1701014344,"views":6,"p1id":"koolwraith","p2id":"nevergp","formatid":"gen9nationaldex","rating":1324,"private":0,"password":""}