{"id":"gen9nationaldex-1993502010","p1":"RiouruK","p2":"SebasTrainer2461","format":"[Gen 9] National Dex","log":"|j|\u2606RiouruK\n|j|\u2606SebasTrainer2461\n|t:|1700325437\n|gametype|singles\n|player|p1|RiouruK|ghetsis|\n|player|p2|SebasTrainer2461|ethan|\n|teamsize|p1|6\n|teamsize|p2|6\n|gen|9\n|tier|[Gen 9] National Dex\n|rule|HP Percentage Mod: HP is shown in percentages\n|rule|Endless Battle Clause: Forcing endless battles is banned\n|rule|OHKO Clause: OHKO moves are banned\n|rule|Evasion Clause: Evasion abilities, items, and moves are banned\n|rule|Evasion Abilities Clause: Evasion abilities are banned\n|rule|Evasion Items Clause: Evasion items are banned\n|rule|Evasion Moves Clause: Evasion moves are banned\n|rule|Species Clause: Limit one of each Pok\u00e9mon\n|rule|Sleep Clause Mod: Limit one foe put to sleep\n|clearpoke\n|poke|p1|Kommo-o, F|\n|poke|p1|Iron Valiant|\n|poke|p1|Lopunny, F|\n|poke|p1|Blaziken, F|\n|poke|p1|Urshifu-*, M|\n|poke|p1|Great Tusk|\n|poke|p2|Metagross|\n|poke|p2|Lucario, M|\n|poke|p2|Heatran, M|\n|poke|p2|Kartana|\n|poke|p2|Aegislash, M|\n|poke|p2|Aggron, M|\n|teampreview\n|\n|t:|1700325470\n|start\n|switch|p1a: Blaziken|Blaziken, F|100\/100\n|switch|p2a: Heatran|Heatran, M|100\/100\n|turn|1\n|\n|t:|1700325481\n|move|p1a: Blaziken|Protect|p1a: Blaziken\n|-singleturn|p1a: Blaziken|Protect\n|move|p2a: Heatran|Earthquake|p1a: Blaziken\n|-activate|p1a: Blaziken|move: Protect\n|\n|-ability|p1a: Blaziken|Speed Boost|boost\n|-boost|p1a: Blaziken|spe|1\n|upkeep\n|turn|2\n|\n|t:|1700325501\n|switch|p2a: Aegislash|Aegislash, M|100\/100\n|move|p1a: Blaziken|Close Combat|p2a: Aegislash\n|-immune|p2a: Aegislash\n|\n|-ability|p1a: Blaziken|Speed Boost|boost\n|-boost|p1a: Blaziken|spe|1\n|upkeep\n|turn|3\n|\n|t:|1700325520\n|move|p1a: Blaziken|Swords Dance|p1a: Blaziken\n|-boost|p1a: Blaziken|atk|2\n|-formechange|p2a: Aegislash|Aegislash-Blade||[from] ability: Stance Change\n|move|p2a: Aegislash|Shadow Ball|p1a: Blaziken\n|-damage|p1a: Blaziken|43\/100\n|\n|-ability|p1a: Blaziken|Speed Boost|boost\n|-boost|p1a: Blaziken|spe|1\n|upkeep\n|turn|4\n|\n|t:|1700325554\n|switch|p2a: Aggron|Aggron, M|100\/100\n|move|p1a: Blaziken|Protect||[still]\n|-fail|p1a: Blaziken\n|\n|-ability|p1a: Blaziken|Speed Boost|boost\n|-boost|p1a: Blaziken|spe|1\n|upkeep\n|turn|5\n|inactive|Battle timer is ON: inactive players will automatically lose when time's up. (requested by RiouruK)\n|\n|t:|1700325565\n|move|p1a: Blaziken|Close Combat|p2a: Aggron\n|-supereffective|p2a: Aggron\n|-ability|p2a: Aggron|Sturdy\n|-damage|p2a: Aggron|1\/100\n|-unboost|p1a: Blaziken|def|1\n|-unboost|p1a: Blaziken|spd|1\n|move|p2a: Aggron|Surf|p1a: Blaziken\n|-supereffective|p1a: Blaziken\n|-damage|p1a: Blaziken|0 fnt\n|faint|p1a: Blaziken\n|\n|upkeep\n|\n|t:|1700325577\n|switch|p1a: Lopunny|Lopunny, F, shiny|100\/100\n|turn|6\n|\n|t:|1700325592\n|switch|p2a: Lucario|Lucario, M|100\/100\n|move|p1a: Lopunny|Quick Attack|p2a: Lucario\n|-resisted|p2a: Lucario\n|-damage|p2a: Lucario|91\/100\n|\n|upkeep\n|turn|7\n|\n|t:|1700325604\n|detailschange|p1a: Lopunny|Lopunny-Mega, F, shiny\n|-mega|p1a: Lopunny|Lopunny|Lopunnite\n|move|p1a: Lopunny|Close Combat|p2a: Lucario\n|-supereffective|p2a: Lucario\n|-damage|p2a: Lucario|0 fnt\n|-unboost|p1a: Lopunny|def|1\n|-unboost|p1a: Lopunny|spd|1\n|faint|p2a: Lucario\n|\n|upkeep\n|\n|t:|1700325626\n|switch|p2a: Metagross|Metagross|100\/100\n|turn|8\n|\n|t:|1700325649\n|move|p1a: Lopunny|Close Combat|p2a: Metagross\n|-damage|p2a: Metagross|54\/100\n|-unboost|p1a: Lopunny|def|1\n|-unboost|p1a: Lopunny|spd|1\n|move|p2a: Metagross|Meteor Mash|p1a: Lopunny\n|-damage|p1a: Lopunny|0 fnt\n|faint|p1a: Lopunny\n|\n|upkeep\n|\n|t:|1700325652\n|switch|p1a: Great Tusk|Great Tusk|100\/100\n|turn|9\n|inactive|SebasTrainer2461 has 270 seconds left.\n|\n|t:|1700325677\n|switch|p2a: Aegislash|Aegislash, M|100\/100\n|move|p1a: Great Tusk|Headlong Rush|p2a: Aegislash\n|-supereffective|p2a: Aegislash\n|-damage|p2a: Aegislash|19\/100\n|-unboost|p1a: Great Tusk|def|1\n|-unboost|p1a: Great Tusk|spd|1\n|-enditem|p2a: Aegislash|Aguav Berry|[eat]\n|-heal|p2a: Aegislash|52\/100|[from] item: Aguav Berry\n|\n|upkeep\n|turn|10\n|inactive|SebasTrainer2461 has 270 seconds left.\n|\n|t:|1700325701\n|move|p1a: Great Tusk|Headlong Rush|p2a: Aegislash\n|-supereffective|p2a: Aegislash\n|-damage|p2a: Aegislash|0 fnt\n|-unboost|p1a: Great Tusk|def|1\n|-unboost|p1a: Great Tusk|spd|1\n|faint|p2a: Aegislash\n|\n|upkeep\n|\n|t:|1700325716\n|switch|p2a: Heatran|Heatran, M|100\/100\n|turn|11\n|\n|t:|1700325730\n|move|p1a: Great Tusk|Headlong Rush|p2a: Heatran\n|-supereffective|p2a: Heatran\n|-damage|p2a: Heatran|0 fnt\n|-unboost|p1a: Great Tusk|def|1\n|-unboost|p1a: Great Tusk|spd|1\n|faint|p2a: Heatran\n|\n|upkeep\n|\n|t:|1700325750\n|switch|p2a: Aggron|Aggron, M|1\/100\n|turn|12\n|\n|t:|1700325760\n|detailschange|p2a: Aggron|Aggron-Mega, M\n|-mega|p2a: Aggron|Aggron|Aggronite\n|move|p1a: Great Tusk|Rapid Spin|p2a: Aggron\n|-resisted|p2a: Aggron\n|-damage|p2a: Aggron|0 fnt\n|-boost|p1a: Great Tusk|spe|1\n|faint|p2a: Aggron\n|\n|upkeep\n|inactive|SebasTrainer2461 has 240 seconds left.\n|\n|t:|1700325773\n|switch|p2a: Kartana|Kartana|100\/100\n|turn|13\n|\n|t:|1700325791\n|move|p1a: Great Tusk|Headlong Rush|p2a: Kartana\n|-damage|p2a: Kartana|49\/100\n|-unboost|p1a: Great Tusk|def|1\n|-unboost|p1a: Great Tusk|spd|1\n|move|p2a: Kartana|Giga Drain|p1a: Great Tusk\n|-supereffective|p1a: Great Tusk\n|-damage|p1a: Great Tusk|0 fnt\n|-heal|p2a: Kartana|100\/100|[from] drain|[of] p1a: Great Tusk\n|faint|p1a: Great Tusk\n|-end|p1a: Great Tusk|Protosynthesis|[silent]\n|-ability|p2a: Kartana|Beast Boost|boost\n|-boost|p2a: Kartana|atk|1\n|\n|upkeep\n|inactive|RiouruK has 270 seconds left.\n|\n|t:|1700325820\n|switch|p1a: We|Iron Valiant|100\/100\n|turn|14\n|inactive|RiouruK has 270 seconds left.\n|\n|t:|1700325840\n|switch|p2a: Metagross|Metagross|54\/100\n|move|p1a: We|Focus Blast|p2a: Metagross\n|-damage|p2a: Metagross|0 fnt\n|faint|p2a: Metagross\n|\n|upkeep\n|\n|t:|1700325848\n|switch|p2a: Kartana|Kartana|100\/100\n|turn|15\n|inactive|RiouruK has 270 seconds left.\n|inactive|RiouruK has 240 seconds left.\n|\n|t:|1700325888\n|move|p1a: We|Focus Blast|p2a: Kartana|[miss]\n|-miss|p1a: We|p2a: Kartana\n|move|p2a: Kartana|Giga Drain|p1a: We\n|-damage|p1a: We|66\/100\n|\n|upkeep\n|turn|16\n|inactive|RiouruK has 240 seconds left.\n|\n|t:|1700325902\n|-end|p1a: We|Quark Drive|[silent]\n|switch|p1a: Lucarion't|Kommo-o, F|100\/100\n|move|p2a: Kartana|Leaf Blade|p1a: Lucarion't\n|-resisted|p1a: Lucarion't\n|-damage|p1a: Lucarion't|75\/100\n|\n|upkeep\n|turn|17\n|\n|t:|1700325913\n|-zpower|p1a: Lucarion't\n|move|p1a: Lucarion't|Clangorous Soulblaze|p2a: Kartana|[zeffect]\n|-resisted|p2a: Kartana\n|-damage|p2a: Kartana|5\/100\n|-enditem|p2a: Kartana|Aguav Berry|[eat]\n|-heal|p2a: Kartana|38\/100|[from] item: Aguav Berry\n|-boost|p1a: Lucarion't|atk|1\n|-boost|p1a: Lucarion't|def|1\n|-boost|p1a: Lucarion't|spa|1\n|-boost|p1a: Lucarion't|spd|1\n|-boost|p1a: Lucarion't|spe|1\n|move|p2a: Kartana|Leaf Blade|p1a: Lucarion't\n|-resisted|p1a: Lucarion't\n|-damage|p1a: Lucarion't|57\/100\n|\n|upkeep\n|turn|18\n|\n|t:|1700325932\n|move|p1a: Lucarion't|Flamethrower|p2a: Kartana\n|-supereffective|p2a: Kartana\n|-damage|p2a: Kartana|0 fnt\n|faint|p2a: Kartana\n|\n|win|RiouruK\n","uploadtime":1700325945,"views":18,"p1id":"riouruk","p2id":"sebastrainer2461","formatid":"gen9nationaldex","rating":0,"private":0,"password":""}