{"id":"gen9nationaldex-1988340641","p1":"ido1234567890","p2":"RinVer","format":"[Gen 9] National Dex","log":"|j|\u2606ido1234567890\n|j|\u2606RinVer\n|t:|1699711064\n|gametype|singles\n|player|p1|ido1234567890|lucas|\n|player|p2|RinVer|2|\n|teamsize|p1|6\n|teamsize|p2|6\n|gen|9\n|tier|[Gen 9] National Dex\n|rule|HP Percentage Mod: HP is shown in percentages\n|rule|Endless Battle Clause: Forcing endless battles is banned\n|rule|OHKO Clause: OHKO moves are banned\n|rule|Evasion Clause: Evasion abilities, items, and moves are banned\n|rule|Evasion Abilities Clause: Evasion abilities are banned\n|rule|Evasion Items Clause: Evasion items are banned\n|rule|Evasion Moves Clause: Evasion moves are banned\n|rule|Species Clause: Limit one of each Pok\u00e9mon\n|rule|Sleep Clause Mod: Limit one foe put to sleep\n|clearpoke\n|poke|p1|Charizard, M|\n|poke|p1|Iron Valiant|\n|poke|p1|Excadrill, F|\n|poke|p1|Tapu Koko|\n|poke|p1|Aegislash, F|\n|poke|p1|Glimmora, F|\n|poke|p2|Ogerpon-Wellspring, F|\n|poke|p2|Greninja-*, M|\n|poke|p2|Toxapex, F|\n|poke|p2|Basculegion, M|\n|poke|p2|Pelipper, M|\n|poke|p2|Swampert, M|\n|teampreview\n|\n|t:|1699711086\n|start\n|switch|p1a: Iron Valiant|Iron Valiant|100\/100\n|switch|p2a: Raizo|Greninja, M|100\/100\n|turn|1\n|inactive|Battle timer is ON: inactive players will automatically lose when time's up. (requested by ido1234567890)\n|\n|t:|1699711096\n|switch|p2a: Riku|Toxapex, F|100\/100\n|move|p1a: Iron Valiant|Thunderbolt|p2a: Riku\n|-supereffective|p2a: Riku\n|-damage|p2a: Riku|39\/100\n|\n|-heal|p2a: Riku|45\/100|[from] item: Black Sludge\n|upkeep\n|turn|2\n|\n|t:|1699711105\n|move|p1a: Iron Valiant|Thunderbolt|p2a: Riku\n|-supereffective|p2a: Riku\n|-damage|p2a: Riku|0 fnt\n|faint|p2a: Riku\n|\n|upkeep\n|\n|t:|1699711108\n|switch|p2a: flappy bird|Pelipper, M|100\/100\n|-weather|RainDance|[from] ability: Drizzle|[of] p2a: flappy bird\n|turn|3\n|j| Itay80771\n|\n|t:|1699711121\n|-end|p1a: Iron Valiant|Quark Drive|[silent]\n|switch|p1a: Charizard|Charizard, M|100\/100\n|switch|p2a: Kazan|Swampert, M|100\/100\n|\n|-weather|RainDance|[upkeep]\n|upkeep\n|turn|4\n|inactive|RinVer has 270 seconds left.\n|\n|t:|1699711154\n|switch|p2a: flappy bird|Pelipper, M|100\/100\n|detailschange|p1a: Charizard|Charizard-Mega-Y, M\n|-mega|p1a: Charizard|Charizard|Charizardite Y\n|-weather|SunnyDay|[from] ability: Drought|[of] p1a: Charizard\n|move|p1a: Charizard|Air Slash|p2a: flappy bird\n|-damage|p2a: flappy bird|35\/100\n|\n|-weather|SunnyDay|[upkeep]\n|upkeep\n|turn|5\n|inactive|RinVer has 270 seconds left.\n|\n|t:|1699711173\n|switch|p2a: Raizo|Greninja, M|100\/100\n|move|p1a: Charizard|Solar Beam||[still]\n|-prepare|p1a: Charizard|Solar Beam\n|-anim|p1a: Charizard|Solar Beam|p2a: Raizo\n|-supereffective|p2a: Raizo\n|-damage|p2a: Raizo|0 fnt\n|faint|p2a: Raizo\n|\n|-weather|SunnyDay|[upkeep]\n|upkeep\n|\n|t:|1699711180\n|switch|p2a: flappy bird|Pelipper, M|35\/100\n|-weather|RainDance|[from] ability: Drizzle|[of] p2a: flappy bird\n|turn|6\n|\n|t:|1699711186\n|move|p1a: Charizard|Air Slash|p2a: flappy bird\n|-damage|p2a: flappy bird|0 fnt\n|faint|p2a: flappy bird\n|\n|-weather|RainDance|[upkeep]\n|upkeep\n|\n|t:|1699711188\n|switch|p2a: Kazan|Swampert, M|100\/100\n|turn|7\n|\n|t:|1699711194\n|switch|p1a: Glimmora|Glimmora, F|100\/100\n|detailschange|p2a: Kazan|Swampert-Mega, M\n|-mega|p2a: Kazan|Swampert|Swampertite\n|move|p2a: Kazan|Waterfall|p1a: Glimmora\n|-supereffective|p1a: Glimmora\n|-enditem|p1a: Glimmora|Focus Sash\n|-damage|p1a: Glimmora|1\/100\n|-activate|p1a: Glimmora|ability: Toxic Debris\n|-sidestart|p2: RinVer|move: Toxic Spikes\n|\n|-weather|RainDance|[upkeep]\n|upkeep\n|turn|8\n|\n|t:|1699711211\n|move|p2a: Kazan|Waterfall|p1a: Glimmora\n|-supereffective|p1a: Glimmora\n|-damage|p1a: Glimmora|0 fnt\n|-activate|p1a: Glimmora|ability: Toxic Debris\n|-sidestart|p2: RinVer|move: Toxic Spikes\n|faint|p1a: Glimmora\n|\n|-weather|RainDance|[upkeep]\n|upkeep\n|\n|t:|1699711214\n|switch|p1a: Charizard|Charizard-Mega-Y, M|100\/100\n|-weather|SunnyDay|[from] ability: Drought|[of] p1a: Charizard\n|turn|9\n|\n|t:|1699711221\n|move|p1a: Charizard|Solar Beam||[still]\n|-prepare|p1a: Charizard|Solar Beam\n|-anim|p1a: Charizard|Solar Beam|p2a: Kazan\n|-supereffective|p2a: Kazan\n|-damage|p2a: Kazan|0 fnt\n|faint|p2a: Kazan\n|\n|-weather|SunnyDay|[upkeep]\n|upkeep\n|\n|t:|1699711223\n|switch|p2a: Onion|Ogerpon-Wellspring, F|100\/100\n|-status|p2a: Onion|tox\n|turn|10\n|\n|t:|1699711233\n|-terastallize|p2a: Onion|Water\n|detailschange|p2a: Onion|Ogerpon-Wellspring-Tera, F, tera:Water\n|-ability|p2a: Onion|Embody Aspect (Wellspring)|boost\n|-boost|p2a: Onion|spd|1\n|move|p2a: Onion|Ivy Cudgel|p1a: Charizard\n|-supereffective|p1a: Charizard\n|-damage|p1a: Charizard|0 fnt\n|faint|p1a: Charizard\n|\n|-weather|SunnyDay|[upkeep]\n|-damage|p2a: Onion|95\/100 tox|[from] psn\n|upkeep\n|c| Itay80771|gg \u05dc\u05e2\u05d9\u05d3\u05d5\n|\n|t:|1699711245\n|switch|p1a: Excadrill|Excadrill, F|100\/100\n|-ability|p1a: Excadrill|Mold Breaker\n|turn|11\n|\n|t:|1699711249\n|-terastallize|p1a: Excadrill|Ground\n|move|p1a: Excadrill|Drill Run|p2a: Onion\n|-damage|p2a: Onion|25\/100 tox\n|move|p2a: Onion|Ivy Cudgel|p1a: Excadrill\n|-supereffective|p1a: Excadrill\n|-damage|p1a: Excadrill|0 fnt\n|faint|p1a: Excadrill\n|\n|-weather|SunnyDay|[upkeep]\n|-damage|p2a: Onion|13\/100 tox|[from] psn\n|upkeep\n|\n|t:|1699711255\n|switch|p1a: Aegislash|Aegislash, F|100\/100\n|turn|12\n|j| lightning emolga\n|\n|t:|1699711265\n|move|p2a: Onion|Ivy Cudgel|p1a: Aegislash\n|-crit|p1a: Aegislash\n|-damage|p1a: Aegislash|55\/100\n|-formechange|p1a: Aegislash|Aegislash-Blade||[from] ability: Stance Change\n|move|p1a: Aegislash|Iron Head|p2a: Onion\n|-resisted|p2a: Onion\n|-crit|p2a: Onion\n|-damage|p2a: Onion|0 fnt\n|faint|p2a: Onion\n|\n|-weather|SunnyDay|[upkeep]\n|upkeep\n|\n|t:|1699711270\n|switch|p2a: Mr. Fishy 2.0|Basculegion, M|100\/100\n|-status|p2a: Mr. Fishy 2.0|tox\n|turn|13\n|\n|t:|1699711277\n|-formechange|p1a: Aegislash|Aegislash||[from] ability: Stance Change\n|move|p1a: Aegislash|King's Shield|p1a: Aegislash\n|-singleturn|p1a: Aegislash|Protect\n|move|p2a: Mr. Fishy 2.0|Wave Crash|p1a: Aegislash\n|-activate|p1a: Aegislash|move: Protect\n|-unboost|p2a: Mr. Fishy 2.0|atk|1\n|\n|-weather|none\n|-damage|p2a: Mr. Fishy 2.0|94\/100 tox|[from] psn\n|upkeep\n|turn|14\n|\n|t:|1699711281\n|move|p2a: Mr. Fishy 2.0|Wave Crash|p1a: Aegislash\n|-damage|p1a: Aegislash|13\/100\n|-damage|p2a: Mr. Fishy 2.0|83\/100 tox|[from] Recoil\n|-formechange|p1a: Aegislash|Aegislash-Blade||[from] ability: Stance Change\n|move|p1a: Aegislash|Shadow Ball|p2a: Mr. Fishy 2.0\n|-supereffective|p2a: Mr. Fishy 2.0\n|-crit|p2a: Mr. Fishy 2.0\n|-damage|p2a: Mr. Fishy 2.0|0 fnt\n|faint|p2a: Mr. Fishy 2.0\n|\n|win|ido1234567890\n|l|\u2606RinVer\n","uploadtime":1699711287,"views":19,"p1id":"ido1234567890","p2id":"rinver","formatid":"gen9nationaldex","rating":0,"private":0,"password":""}