{"id":"gen9nationaldex-1996663638","p1":"lemmybro87","p2":"FlyingSudowoodo","format":"[Gen 9] National Dex","log":"|html|<div class=\"broadcast-blue\"><strong>[Gen 9] National Dex is currently suspecting Sneasler! For information on how to participate check out the <a href=\"https:\/\/www.smogon.com\/forums\/threads\/sv-national-dex-suspect-8-just-dance.3731534\/\">suspect thread<\/a>.<\/strong><\/div>\n|j|\u2606lemmybro87\n|j|\u2606FlyingSudowoodo\n|t:|1700706807\n|gametype|singles\n|player|p1|lemmybro87|liza|1206\n|player|p2|FlyingSudowoodo|brock|1297\n|teamsize|p1|6\n|teamsize|p2|6\n|gen|9\n|tier|[Gen 9] National Dex\n|rated|\n|rule|HP Percentage Mod: HP is shown in percentages\n|rule|Endless Battle Clause: Forcing endless battles is banned\n|rule|OHKO Clause: OHKO moves are banned\n|rule|Evasion Clause: Evasion abilities, items, and moves are banned\n|rule|Evasion Abilities Clause: Evasion abilities are banned\n|rule|Evasion Items Clause: Evasion items are banned\n|rule|Evasion Moves Clause: Evasion moves are banned\n|rule|Species Clause: Limit one of each Pok\u00e9mon\n|rule|Sleep Clause Mod: Limit one foe put to sleep\n|clearpoke\n|poke|p1|Feraligatr, M|\n|poke|p1|Victini|\n|poke|p1|Tapu Lele|\n|poke|p1|Excadrill, M|\n|poke|p1|Tsareena, F|\n|poke|p1|Venusaur, M|\n|poke|p2|Golem-Alola, M|\n|poke|p2|Glalie, F|\n|poke|p2|Victini|\n|poke|p2|Blissey, F|\n|poke|p2|Lucario, F|\n|poke|p2|Rillaboom, F|\n|teampreview\n|\n|t:|1700706814\n|start\n|switch|p1a: Excadrill|Excadrill, M, shiny|100\/100\n|switch|p2a: Lucario|Lucario, F|100\/100\n|-ability|p1a: Excadrill|Mold Breaker\n|turn|1\n|inactive|Battle timer is ON: inactive players will automatically lose when time's up. (requested by FlyingSudowoodo)\n|\n|t:|1700706821\n|move|p2a: Lucario|Final Gambit|p1a: Excadrill\n|-damage|p1a: Excadrill|5\/100\n|faint|p2a: Lucario\n|move|p1a: Excadrill|Stealth Rock|p2: Lucario\n|-sidestart|p2: FlyingSudowoodo|move: Stealth Rock\n|\n|upkeep\n|\n|t:|1700706836\n|switch|p2a: Rillaboom|Rillaboom, F|100\/100\n|-damage|p2a: Rillaboom|88\/100|[from] Stealth Rock\n|-fieldstart|move: Grassy Terrain|[from] ability: Grassy Surge|[of] p2a: Rillaboom\n|turn|2\n|j| shyguy and glaceon\n|\n|t:|1700706841\n|move|p2a: Rillaboom|Grassy Glide|p1a: Excadrill\n|-damage|p1a: Excadrill|0 fnt\n|faint|p1a: Excadrill\n|-damage|p2a: Rillaboom|78\/100|[from] item: Life Orb\n|\n|-heal|p2a: Rillaboom|84\/100|[from] Grassy Terrain\n|upkeep\n|\n|t:|1700706846\n|switch|p1a: Victory|Victini|100\/100\n|turn|3\n|\n|t:|1700706851\n|switch|p2a: Golem|Golem-Alola, M|100\/100\n|-damage|p2a: Golem|88\/100|[from] Stealth Rock\n|move|p1a: Victory|Flame Charge|p2a: Golem\n|-resisted|p2a: Golem\n|-damage|p2a: Golem|78\/100\n|-boost|p1a: Victory|spe|1\n|\n|-heal|p2a: Golem|84\/100|[from] Grassy Terrain\n|upkeep\n|turn|4\n|\n|t:|1700706865\n|move|p1a: Victory|Flame Charge|p2a: Golem\n|-resisted|p2a: Golem\n|-damage|p2a: Golem|73\/100\n|-boost|p1a: Victory|spe|1\n|move|p2a: Golem|Return|p1a: Victory\n|-damage|p1a: Victory|36\/100\n|\n|-heal|p1a: Victory|42\/100|[from] Grassy Terrain\n|-heal|p2a: Golem|79\/100|[from] Grassy Terrain\n|upkeep\n|turn|5\n|\n|t:|1700706875\n|move|p1a: Victory|V-create|p2a: Golem\n|-resisted|p2a: Golem\n|-damage|p2a: Golem|40\/100\n|-unboost|p1a: Victory|spe|1\n|-unboost|p1a: Victory|def|1\n|-unboost|p1a: Victory|spd|1\n|move|p2a: Golem|Return|p1a: Victory\n|-damage|p1a: Victory|0 fnt\n|faint|p1a: Victory\n|\n|-heal|p2a: Golem|46\/100|[from] Grassy Terrain\n|upkeep\n|\n|t:|1700706880\n|switch|p1a: Saber|Feraligatr, M|100\/100\n|turn|6\n|\n|t:|1700706889\n|move|p2a: Golem|Endure|p2a: Golem\n|-singleturn|p2a: Golem|move: Endure\n|move|p1a: Saber|Bulldoze|p2a: Golem\n|-supereffective|p2a: Golem\n|-activate|p2a: Golem|move: Endure\n|-damage|p2a: Golem|1\/100\n|\n|-heal|p2a: Golem|7\/100|[from] Grassy Terrain\n|-fieldend|move: Grassy Terrain\n|upkeep\n|turn|7\n|-enditem|p2a: Golem|Custap Berry|[eat]\n|-activate|p2a: Golem|item: Custap Berry|[consumed]\n|\n|t:|1700706898\n|move|p2a: Golem|Explosion|p1a: Saber\n|-supereffective|p1a: Saber\n|-damage|p1a: Saber|0 fnt\n|faint|p2a: Golem\n|faint|p1a: Saber\n|\n|upkeep\n|\n|t:|1700706922\n|switch|p1a: Tapu Lele|Tapu Lele|100\/100\n|switch|p2a: Victini|Victini|100\/100\n|-damage|p2a: Victini|75\/100|[from] Stealth Rock\n|-fieldstart|move: Psychic Terrain|[from] ability: Psychic Surge|[of] p1a: Tapu Lele\n|turn|8\n|\n|t:|1700706930\n|move|p2a: Victini|Final Gambit|p1a: Tapu Lele\n|-damage|p1a: Tapu Lele|0 fnt\n|faint|p2a: Victini\n|faint|p1a: Tapu Lele\n|\n|upkeep\n|\n|t:|1700706945\n|switch|p2a: Blissey|Blissey, F|100\/100\n|switch|p1a: Venusaur|Venusaur, M|100\/100\n|-damage|p2a: Blissey|88\/100|[from] Stealth Rock\n|turn|9\n|j| Stealth 25\n|\n|t:|1700706952\n|detailschange|p1a: Venusaur|Venusaur-Mega, M\n|-mega|p1a: Venusaur|Venusaur|Venusaurite\n|move|p2a: Blissey|Copycat|p2a: Blissey\n|move|p2a: Blissey|Final Gambit|p1a: Venusaur|[from]move: Copycat\n|-damage|p1a: Venusaur|0 fnt\n|faint|p2a: Blissey\n|faint|p1a: Venusaur\n|\n|upkeep\n|\n|t:|1700706959\n|switch|p1a: Tsareena|Tsareena, F, shiny|100\/100\n|switch|p2a: Glalie|Glalie, F|100\/100\n|-damage|p2a: Glalie|76\/100|[from] Stealth Rock\n|turn|10\n|\n|t:|1700706973\n|detailschange|p2a: Glalie|Glalie-Mega, F\n|-mega|p2a: Glalie|Glalie|Glalitite\n|-terastallize|p1a: Tsareena|Fire\n|move|p2a: Glalie|Explosion|p1a: Tsareena\n|-resisted|p1a: Tsareena\n|-damage|p1a: Tsareena|3\/100\n|faint|p2a: Glalie\n|move|p1a: Tsareena|Trailblaze|p2: Glalie|[notarget]\n|-fail|p1a: Tsareena\n|\n|upkeep\n|\n|t:|1700706982\n|switch|p2a: Rillaboom|Rillaboom, F|84\/100\n|-damage|p2a: Rillaboom|72\/100|[from] Stealth Rock\n|-fieldstart|move: Grassy Terrain|[from] ability: Grassy Surge|[of] p2a: Rillaboom\n|turn|11\n|\n|t:|1700706994\n|-terastallize|p2a: Rillaboom|Fire\n|move|p2a: Rillaboom|Wood Hammer|p1a: Tsareena\n|-resisted|p1a: Tsareena\n|-damage|p1a: Tsareena|0 fnt\n|faint|p1a: Tsareena\n|-damage|p2a: Rillaboom|71\/100|[from] Recoil\n|-damage|p2a: Rillaboom|61\/100|[from] item: Life Orb\n|\n|win|FlyingSudowoodo\n|raw|lemmybro87's rating: 1206 &rarr; <strong>1187<\/strong><br \/>(-19 for losing)\n|raw|FlyingSudowoodo's rating: 1297 &rarr; <strong>1316<\/strong><br \/>(+19 for winning)\n","uploadtime":1700707004,"views":1,"p1id":"lemmybro87","p2id":"flyingsudowoodo","formatid":"gen9nationaldex","rating":1187,"private":0,"password":""}