{"id":"gen9nationaldex-1997390901","p1":"kingsy12","p2":"MikazukiRex_","format":"[Gen 9] National Dex","log":"|html|<div class=\"broadcast-blue\"><strong>[Gen 9] National Dex is currently suspecting Sneasler! For information on how to participate check out the <a href=\"https:\/\/www.smogon.com\/forums\/threads\/sv-national-dex-suspect-8-just-dance.3731534\/\">suspect thread<\/a>.<\/strong><\/div>\n|j|\u2606kingsy12\n|j|\u2606MikazukiRex_\n|t:|1700798025\n|gametype|singles\n|player|p1|kingsy12|bugsy|1348\n|player|p2|MikazukiRex_|ltsurge|1285\n|teamsize|p1|6\n|teamsize|p2|6\n|gen|9\n|tier|[Gen 9] National Dex\n|rated|\n|rule|HP Percentage Mod: HP is shown in percentages\n|rule|Endless Battle Clause: Forcing endless battles is banned\n|rule|OHKO Clause: OHKO moves are banned\n|rule|Evasion Clause: Evasion abilities, items, and moves are banned\n|rule|Evasion Abilities Clause: Evasion abilities are banned\n|rule|Evasion Items Clause: Evasion items are banned\n|rule|Evasion Moves Clause: Evasion moves are banned\n|rule|Species Clause: Limit one of each Pok\u00e9mon\n|rule|Sleep Clause Mod: Limit one foe put to sleep\n|clearpoke\n|poke|p1|Corviknight, F|\n|poke|p1|Chansey, F|\n|poke|p1|Alomomola, F|\n|poke|p1|Amoonguss, F|\n|poke|p1|Rotom-Wash|\n|poke|p1|Ferrothorn, M|\n|poke|p2|Torkoal, F|\n|poke|p2|Iron Moth|\n|poke|p2|Iron Treads|\n|poke|p2|Goodra-Hisui, M|\n|poke|p2|Rillaboom, F|\n|poke|p2|Lilligant-Hisui, F|\n|teampreview\n|\n|t:|1700798048\n|start\n|switch|p1a: Rotom|Rotom-Wash|100\/100\n|switch|p2a: Rillaboom|Rillaboom, F|100\/100\n|-fieldstart|move: Grassy Terrain|[from] ability: Grassy Surge|[of] p2a: Rillaboom\n|turn|1\n|\n|t:|1700798060\n|move|p2a: Rillaboom|Grassy Glide|p1a: Rotom\n|-supereffective|p1a: Rotom\n|-damage|p1a: Rotom|41\/100\n|move|p1a: Rotom|Toxic|p2a: Rillaboom\n|-status|p2a: Rillaboom|tox\n|\n|-heal|p1a: Rotom|48\/100|[from] item: Leftovers\n|-damage|p2a: Rillaboom|94\/100 tox|[from] psn\n|upkeep\n|turn|2\n|\n|t:|1700798076\n|switch|p1a: Ferrothorn|Ferrothorn, M|100\/100\n|move|p2a: Rillaboom|Knock Off|p1a: Ferrothorn\n|-damage|p1a: Ferrothorn|78\/100\n|-damage|p2a: Rillaboom|82\/100 tox|[from] ability: Iron Barbs|[of] p1a: Ferrothorn\n|-damage|p2a: Rillaboom|65\/100 tox|[from] item: Rocky Helmet|[of] p1a: Ferrothorn\n|-enditem|p1a: Ferrothorn|Rocky Helmet|[from] move: Knock Off|[of] p2a: Rillaboom\n|\n|-heal|p2a: Rillaboom|72\/100 tox|[from] Grassy Terrain\n|-heal|p2a: Rillaboom|78\/100 tox|[from] item: Leftovers\n|-heal|p1a: Ferrothorn|85\/100|[from] Grassy Terrain\n|-damage|p2a: Rillaboom|65\/100 tox|[from] psn\n|upkeep\n|turn|3\n|\n|t:|1700798101\n|switch|p2a: Torkoal|Torkoal, F|100\/100\n|-weather|SunnyDay|[from] ability: Drought|[of] p2a: Torkoal\n|move|p1a: Ferrothorn|Leech Seed|p2a: Torkoal\n|-start|p2a: Torkoal|move: Leech Seed\n|\n|-weather|SunnyDay|[upkeep]\n|-heal|p1a: Ferrothorn|91\/100|[from] Grassy Terrain\n|-damage|p2a: Torkoal|88\/100|[from] Leech Seed|[of] p1a: Ferrothorn\n|-heal|p1a: Ferrothorn|100\/100|[silent]\n|upkeep\n|turn|4\n|\n|t:|1700798116\n|switch|p1a: Chansey|Chansey, F|100\/100\n|move|p2a: Torkoal|Stealth Rock|p1a: Chansey\n|-sidestart|p1: kingsy12|move: Stealth Rock\n|\n|-weather|SunnyDay|[upkeep]\n|-heal|p2a: Torkoal|94\/100|[from] Grassy Terrain\n|-damage|p2a: Torkoal|82\/100|[from] Leech Seed|[of] p1a: Chansey\n|upkeep\n|turn|5\n|\n|t:|1700798148\n|move|p1a: Chansey|Wish|p1a: Chansey\n|move|p2a: Torkoal|Body Press|p1a: Chansey\n|-supereffective|p1a: Chansey\n|-damage|p1a: Chansey|58\/100\n|\n|-weather|SunnyDay|[upkeep]\n|-heal|p1a: Chansey|64\/100|[from] Grassy Terrain\n|-heal|p2a: Torkoal|88\/100|[from] Grassy Terrain\n|-damage|p2a: Torkoal|75\/100|[from] Leech Seed|[of] p1a: Chansey\n|-heal|p1a: Chansey|70\/100|[silent]\n|-fieldend|move: Grassy Terrain\n|upkeep\n|turn|6\n|\n|t:|1700798166\n|switch|p1a: Rotom|Rotom-Wash|48\/100\n|-damage|p1a: Rotom|35\/100|[from] Stealth Rock\n|switch|p2a: Iron Treads|Iron Treads|100\/100\n|\n|-weather|SunnyDay|[upkeep]\n|-heal|p1a: Rotom|100\/100|[from] move: Wish|[wisher] Chansey\n|upkeep\n|turn|7\n|\n|t:|1700798183\n|-end|p2a: Iron Treads|Quark Drive|[silent]\n|switch|p2a: Lilligant|Lilligant-Hisui, F|100\/100\n|move|p1a: Rotom|Defog|p2a: Lilligant\n|-unboost|p2a: Lilligant|evasion|1\n|-sideend|p1: kingsy12|Stealth Rock|[from] move: Defog|[of] p1a: Rotom\n|\n|-weather|SunnyDay|[upkeep]\n|upkeep\n|turn|8\n|\n|t:|1700798197\n|-terastallize|p1a: Rotom|Electric\n|move|p2a: Lilligant|Swords Dance|p2a: Lilligant\n|-boost|p2a: Lilligant|atk|2\n|move|p1a: Rotom|Toxic|p2a: Lilligant\n|-status|p2a: Lilligant|tox\n|\n|-weather|SunnyDay|[upkeep]\n|-damage|p2a: Lilligant|94\/100 tox|[from] psn\n|upkeep\n|turn|9\n|\n|t:|1700798215\n|-terastallize|p2a: Lilligant|Fire\n|move|p2a: Lilligant|Tera Blast|p1a: Rotom|[anim] Tera Blast Fire\n|-damage|p1a: Rotom|0 fnt\n|faint|p1a: Rotom\n|-damage|p2a: Lilligant|84\/100 tox|[from] item: Life Orb\n|\n|-weather|SunnyDay|[upkeep]\n|-damage|p2a: Lilligant|72\/100 tox|[from] psn\n|upkeep\n|\n|t:|1700798227\n|switch|p1a: Alomomola|Alomomola, F|100\/100\n|turn|10\n|\n|t:|1700798236\n|move|p1a: Alomomola|Protect|p1a: Alomomola\n|-singleturn|p1a: Alomomola|Protect\n|move|p2a: Lilligant|Solar Blade||[still]\n|-prepare|p2a: Lilligant|Solar Blade\n|-anim|p2a: Lilligant|Solar Blade|p1a: Alomomola\n|-activate|p1a: Alomomola|move: Protect\n|\n|-weather|none\n|-damage|p2a: Lilligant|54\/100 tox|[from] psn\n|upkeep\n|turn|11\n|\n|t:|1700798247\n|switch|p2a: Rillaboom|Rillaboom, F|65\/100 tox\n|-fieldstart|move: Grassy Terrain|[from] ability: Grassy Surge|[of] p2a: Rillaboom\n|move|p1a: Alomomola|Toxic|p2a: Rillaboom\n|-fail|p2a: Rillaboom|tox\n|\n|-heal|p2a: Rillaboom|72\/100 tox|[from] Grassy Terrain\n|-heal|p2a: Rillaboom|78\/100 tox|[from] item: Leftovers\n|-damage|p2a: Rillaboom|72\/100 tox|[from] psn\n|upkeep\n|turn|12\n|\n|t:|1700798260\n|move|p1a: Alomomola|Protect|p1a: Alomomola\n|-singleturn|p1a: Alomomola|Protect\n|move|p2a: Rillaboom|Superpower|p1a: Alomomola\n|-activate|p1a: Alomomola|move: Protect\n|\n|-heal|p2a: Rillaboom|78\/100 tox|[from] Grassy Terrain\n|-heal|p2a: Rillaboom|84\/100 tox|[from] item: Leftovers\n|-damage|p2a: Rillaboom|72\/100 tox|[from] psn\n|upkeep\n|turn|13\n|\n|t:|1700798277\n|move|p2a: Rillaboom|Knock Off|p1a: Alomomola\n|-damage|p1a: Alomomola|83\/100\n|-damage|p2a: Rillaboom|55\/100 tox|[from] item: Rocky Helmet|[of] p1a: Alomomola\n|-enditem|p1a: Alomomola|Rocky Helmet|[from] move: Knock Off|[of] p2a: Rillaboom\n|move|p1a: Alomomola|Whirlpool|p2a: Rillaboom\n|-resisted|p2a: Rillaboom\n|-damage|p2a: Rillaboom|52\/100 tox\n|-activate|p2a: Rillaboom|move: Whirlpool|[of] p1a: Alomomola\n|\n|-heal|p2a: Rillaboom|58\/100 tox|[from] Grassy Terrain\n|-heal|p2a: Rillaboom|65\/100 tox|[from] item: Leftovers\n|-heal|p1a: Alomomola|89\/100|[from] Grassy Terrain\n|-damage|p2a: Rillaboom|46\/100 tox|[from] psn\n|-damage|p2a: Rillaboom|33\/100 tox|[from] move: Whirlpool|[partiallytrapped]\n|upkeep\n|turn|14\n|\n|t:|1700798294\n|move|p1a: Alomomola|Protect|p1a: Alomomola\n|-singleturn|p1a: Alomomola|Protect\n|move|p2a: Rillaboom|Swords Dance|p2a: Rillaboom\n|-boost|p2a: Rillaboom|atk|2\n|\n|-heal|p2a: Rillaboom|40\/100 tox|[from] Grassy Terrain\n|-heal|p2a: Rillaboom|46\/100 tox|[from] item: Leftovers\n|-heal|p1a: Alomomola|95\/100|[from] Grassy Terrain\n|-damage|p2a: Rillaboom|21\/100 tox|[from] psn\n|-damage|p2a: Rillaboom|8\/100 tox|[from] move: Whirlpool|[partiallytrapped]\n|upkeep\n|turn|15\n|\n|t:|1700798308\n|switch|p1a: Ferrothorn|Ferrothorn, M|100\/100\n|move|p2a: Rillaboom|Grassy Glide|p1a: Ferrothorn\n|-resisted|p1a: Ferrothorn\n|-damage|p1a: Ferrothorn|89\/100\n|-damage|p2a: Rillaboom|0 fnt|[from] ability: Iron Barbs|[of] p1a: Ferrothorn\n|faint|p2a: Rillaboom\n|\n|-heal|p1a: Ferrothorn|96\/100|[from] Grassy Terrain\n|-fieldend|move: Grassy Terrain\n|upkeep\n|\n|t:|1700798347\n|switch|p2a: Iron Treads|Iron Treads|100\/100\n|turn|16\n|\n|t:|1700798353\n|move|p2a: Iron Treads|Stealth Rock|p1a: Ferrothorn\n|-sidestart|p1: kingsy12|move: Stealth Rock\n|move|p1a: Ferrothorn|Leech Seed|p2a: Iron Treads|[miss]\n|-miss|p1a: Ferrothorn|p2a: Iron Treads\n|\n|upkeep\n|turn|17\n|\n|t:|1700798360\n|move|p2a: Iron Treads|Earthquake|p1a: Ferrothorn\n|-damage|p1a: Ferrothorn|67\/100\n|move|p1a: Ferrothorn|Leech Seed|p2a: Iron Treads\n|-start|p2a: Iron Treads|move: Leech Seed\n|\n|-damage|p2a: Iron Treads|88\/100|[from] Leech Seed|[of] p1a: Ferrothorn\n|-heal|p1a: Ferrothorn|78\/100|[silent]\n|upkeep\n|turn|18\n|\n|t:|1700798370\n|move|p2a: Iron Treads|Rapid Spin|p1a: Ferrothorn\n|-resisted|p1a: Ferrothorn\n|-damage|p1a: Ferrothorn|74\/100\n|-boost|p2a: Iron Treads|spe|1\n|-damage|p2a: Iron Treads|76\/100|[from] ability: Iron Barbs|[of] p1a: Ferrothorn\n|-end|p2a: Iron Treads|Leech Seed|[from] move: Rapid Spin|[of] p2a: Iron Treads\n|move|p1a: Ferrothorn|Body Press|p2a: Iron Treads\n|-supereffective|p2a: Iron Treads\n|-damage|p2a: Iron Treads|24\/100\n|\n|-heal|p2a: Iron Treads|30\/100|[from] item: Leftovers\n|upkeep\n|turn|19\n|\n|t:|1700798383\n|move|p2a: Iron Treads|Earthquake|p1a: Ferrothorn\n|-damage|p1a: Ferrothorn|48\/100\n|move|p1a: Ferrothorn|Leech Seed|p2a: Iron Treads\n|-start|p2a: Iron Treads|move: Leech Seed\n|\n|-heal|p2a: Iron Treads|36\/100|[from] item: Leftovers\n|-damage|p2a: Iron Treads|24\/100|[from] Leech Seed|[of] p1a: Ferrothorn\n|-heal|p1a: Ferrothorn|59\/100|[silent]\n|upkeep\n|turn|20\n|\n|t:|1700798394\n|switch|p1a: Corviknight|Corviknight, F|100\/100\n|-damage|p1a: Corviknight|88\/100|[from] Stealth Rock\n|-ability|p1a: Corviknight|Pressure\n|move|p2a: Iron Treads|Earthquake|p1a: Corviknight\n|-immune|p1a: Corviknight\n|\n|-heal|p2a: Iron Treads|30\/100|[from] item: Leftovers\n|-damage|p2a: Iron Treads|18\/100|[from] Leech Seed|[of] p1a: Corviknight\n|-heal|p1a: Corviknight|98\/100|[silent]\n|upkeep\n|turn|21\n|\n|t:|1700798414\n|switch|p1a: Alomomola|Alomomola, F|100\/100\n|-damage|p1a: Alomomola|88\/100|[from] Stealth Rock\n|move|p2a: Iron Treads|Iron Head|p1a: Alomomola\n|-resisted|p1a: Alomomola\n|-damage|p1a: Alomomola|79\/100\n|\n|-heal|p2a: Iron Treads|24\/100|[from] item: Leftovers\n|-damage|p2a: Iron Treads|11\/100|[from] Leech Seed|[of] p1a: Alomomola\n|-heal|p1a: Alomomola|86\/100|[silent]\n|upkeep\n|turn|22\n|\n|t:|1700798429\n|-end|p2a: Iron Treads|Quark Drive|[silent]\n|switch|p2a: Torkoal|Torkoal, F|75\/100\n|-weather|SunnyDay|[from] ability: Drought|[of] p2a: Torkoal\n|move|p1a: Alomomola|Wish|p1a: Alomomola\n|\n|-weather|SunnyDay|[upkeep]\n|upkeep\n|turn|23\n|\n|t:|1700798442\n|switch|p1a: Ferrothorn|Ferrothorn, M|59\/100\n|-damage|p1a: Ferrothorn|53\/100|[from] Stealth Rock\n|switch|p2a: Iron Moth|Iron Moth|100\/100\n|\n|-weather|SunnyDay|[upkeep]\n|-heal|p1a: Ferrothorn|100\/100|[from] move: Wish|[wisher] Alomomola\n|upkeep\n|turn|24\n|\n|t:|1700798456\n|switch|p1a: Amoonguss|Amoonguss, F|100\/100\n|-damage|p1a: Amoonguss|88\/100|[from] Stealth Rock\n|move|p2a: Iron Moth|Fire Blast|p1a: Amoonguss\n|-supereffective|p1a: Amoonguss\n|-damage|p1a: Amoonguss|0 fnt\n|faint|p1a: Amoonguss\n|\n|-weather|SunnyDay|[upkeep]\n|upkeep\n|\n|t:|1700798467\n|switch|p1a: Chansey|Chansey, F|70\/100\n|-damage|p1a: Chansey|58\/100|[from] Stealth Rock\n|turn|25\n|\n|t:|1700798474\n|move|p2a: Iron Moth|Fire Blast|p1a: Chansey\n|-damage|p1a: Chansey|22\/100\n|move|p1a: Chansey|Soft-Boiled|p1a: Chansey\n|-heal|p1a: Chansey|72\/100\n|\n|-weather|SunnyDay|[upkeep]\n|upkeep\n|turn|26\n|\n|t:|1700798482\n|-end|p2a: Iron Moth|Quark Drive|[silent]\n|switch|p2a: Lilligant|Lilligant-Hisui, F, tera:Fire|54\/100 tox\n|move|p1a: Chansey|Soft-Boiled|p1a: Chansey\n|-heal|p1a: Chansey|100\/100\n|\n|-weather|SunnyDay|[upkeep]\n|-damage|p2a: Lilligant|48\/100 tox|[from] psn\n|upkeep\n|turn|27\n|\n|t:|1700798492\n|switch|p1a: Alomomola|Alomomola, F|100\/100\n|-damage|p1a: Alomomola|88\/100|[from] Stealth Rock\n|move|p2a: Lilligant|Swords Dance|p2a: Lilligant\n|-boost|p2a: Lilligant|atk|2\n|\n|-weather|SunnyDay|[upkeep]\n|-damage|p2a: Lilligant|36\/100 tox|[from] psn\n|upkeep\n|turn|28\n|\n|t:|1700798506\n|move|p2a: Lilligant|Solar Blade||[still]\n|-prepare|p2a: Lilligant|Solar Blade\n|-anim|p2a: Lilligant|Solar Blade|p1a: Alomomola\n|-supereffective|p1a: Alomomola\n|-damage|p1a: Alomomola|0 fnt\n|faint|p1a: Alomomola\n|-damage|p2a: Lilligant|26\/100 tox|[from] item: Life Orb\n|\n|-weather|SunnyDay|[upkeep]\n|-damage|p2a: Lilligant|8\/100 tox|[from] psn\n|upkeep\n|-message|kingsy12 forfeited.\n|\n|win|MikazukiRex_\n|raw|kingsy12's rating: 1348 &rarr; <strong>1324<\/strong><br \/>(-24 for losing)\n|raw|MikazukiRex_'s rating: 1285 &rarr; <strong>1314<\/strong><br \/>(+29 for winning)\n|l|\u2606kingsy12\n","uploadtime":1700798530,"views":17,"p1id":"kingsy12","p2id":"mikazukirex","formatid":"gen9nationaldex","rating":1314,"private":0,"password":""}