{"id":"gen9nationaldex-1997113118","p1":"CryAndComplain23","p2":"Tiger yogurts","format":"[Gen 9] National Dex","log":"|html|<div class=\"broadcast-blue\"><strong>[Gen 9] National Dex is currently suspecting Sneasler! For information on how to participate check out the <a href=\"https:\/\/www.smogon.com\/forums\/threads\/sv-national-dex-suspect-8-just-dance.3731534\/\">suspect thread<\/a>.<\/strong><\/div>\n|j|\u2606CryAndComplain23\n|j|\u2606Tiger yogurts\n|t:|1700765806\n|gametype|singles\n|player|p1|CryAndComplain23|guzma|1290\n|player|p2|Tiger yogurts|cynthia-gen4|1317\n|teamsize|p1|6\n|teamsize|p2|6\n|gen|9\n|tier|[Gen 9] National Dex\n|rated|\n|rule|HP Percentage Mod: HP is shown in percentages\n|rule|Endless Battle Clause: Forcing endless battles is banned\n|rule|OHKO Clause: OHKO moves are banned\n|rule|Evasion Clause: Evasion abilities, items, and moves are banned\n|rule|Evasion Abilities Clause: Evasion abilities are banned\n|rule|Evasion Items Clause: Evasion items are banned\n|rule|Evasion Moves Clause: Evasion moves are banned\n|rule|Species Clause: Limit one of each Pok\u00e9mon\n|rule|Sleep Clause Mod: Limit one foe put to sleep\n|clearpoke\n|poke|p1|Garganacl, M|\n|poke|p1|Corviknight, M|\n|poke|p1|Toxapex, F|\n|poke|p1|Great Tusk|\n|poke|p1|Slowking-Galar, M|\n|poke|p1|Maushold-Four|\n|poke|p2|Gengar, F|\n|poke|p2|Galvantula, F|\n|poke|p2|Scizor, F|\n|poke|p2|Kartana|\n|poke|p2|Cryogonal|\n|poke|p2|Samurott-Hisui, F|\n|teampreview\n|\n|t:|1700765824\n|start\n|switch|p1a: Weird and Gilly|Slowking-Galar, M|100\/100\n|switch|p2a: Gengar|Gengar, F|100\/100\n|turn|1\n|\n|t:|1700765830\n|move|p2a: Gengar|Shadow Ball|p1a: Weird and Gilly\n|-supereffective|p1a: Weird and Gilly\n|-damage|p1a: Weird and Gilly|67\/100\n|-unboost|p1a: Weird and Gilly|spd|1\n|move|p1a: Weird and Gilly|Future Sight|p2a: Gengar\n|-start|p1a: Weird and Gilly|move: Future Sight\n|\n|upkeep\n|turn|2\n|\n|t:|1700765838\n|switch|p1a: Maushold|Maushold-Four|100\/100\n|move|p2a: Gengar|Shadow Ball|p1a: Maushold\n|-immune|p1a: Maushold\n|\n|upkeep\n|turn|3\n|\n|t:|1700765846\n|move|p1a: Maushold|Bite|p2a: Gengar\n|-supereffective|p2a: Gengar\n|-damage|p2a: Gengar|15\/100\n|cant|p2a: Gengar|flinch\n|\n|-end|p2a: Gengar|move: Future Sight\n|-supereffective|p2a: Gengar\n|-damage|p2a: Gengar|0 fnt\n|faint|p2a: Gengar\n|upkeep\n|\n|t:|1700765856\n|switch|p2a: Kartana|Kartana|100\/100\n|turn|4\n|\n|t:|1700765866\n|switch|p1a: Steals Your Socks|Toxapex, F|100\/100\n|move|p2a: Kartana|Sacred Sword|p1a: Steals Your Socks\n|-resisted|p1a: Steals Your Socks\n|-damage|p1a: Steals Your Socks|89\/100\n|\n|-heal|p1a: Steals Your Socks|95\/100|[from] item: Black Sludge\n|upkeep\n|turn|5\n|\n|t:|1700765872\n|switch|p2a: Galvantula|Galvantula, F|100\/100\n|move|p1a: Steals Your Socks|Knock Off|p2a: Galvantula\n|-damage|p2a: Galvantula|71\/100\n|-enditem|p2a: Galvantula|Focus Sash|[from] move: Knock Off|[of] p1a: Steals Your Socks\n|\n|-heal|p1a: Steals Your Socks|100\/100|[from] item: Black Sludge\n|upkeep\n|turn|6\n|\n|t:|1700765881\n|switch|p1a: Weird and Gilly|Slowking-Galar, M|99\/100\n|move|p2a: Galvantula|Sticky Web|p1a: Weird and Gilly\n|-sidestart|p1: CryAndComplain23|move: Sticky Web\n|\n|upkeep\n|turn|7\n|\n|t:|1700765884\n|move|p2a: Galvantula|Volt Switch|p1a: Weird and Gilly\n|-damage|p1a: Weird and Gilly|89\/100\n|\n|t:|1700765893\n|switch|p2a: Samurott|Samurott-Hisui, F|100\/100|[from] Volt Switch\n|move|p1a: Weird and Gilly|Flamethrower|p2a: Samurott\n|-resisted|p2a: Samurott\n|-damage|p2a: Samurott|90\/100\n|\n|upkeep\n|turn|8\n|\n|t:|1700765902\n|switch|p1a: Steals Your Socks|Toxapex, F|100\/100\n|-activate|p1a: Steals Your Socks|move: Sticky Web\n|-unboost|p1a: Steals Your Socks|spe|1\n|move|p2a: Samurott|Ceaseless Edge|p1a: Steals Your Socks\n|-damage|p1a: Steals Your Socks|73\/100\n|-sidestart|p1: CryAndComplain23|Spikes\n|\n|-heal|p1a: Steals Your Socks|79\/100|[from] item: Black Sludge\n|upkeep\n|turn|9\n|\n|t:|1700765911\n|move|p2a: Samurott|Flip Turn|p1a: Steals Your Socks\n|-resisted|p1a: Steals Your Socks\n|-damage|p1a: Steals Your Socks|71\/100\n|\n|t:|1700765916\n|switch|p2a: Galvantula|Galvantula, F|71\/100|[from] Flip Turn\n|move|p1a: Steals Your Socks|Toxic Spikes|p2a: Galvantula\n|-sidestart|p2: Tiger yogurts|move: Toxic Spikes\n|\n|-heal|p1a: Steals Your Socks|77\/100|[from] item: Black Sludge\n|upkeep\n|turn|10\n|\n|t:|1700765925\n|switch|p1a: Weird and Gilly|Slowking-Galar, M|100\/100\n|-activate|p1a: Weird and Gilly|move: Sticky Web\n|-unboost|p1a: Weird and Gilly|spe|1\n|-damage|p1a: Weird and Gilly|88\/100|[from] Spikes\n|move|p2a: Galvantula|Volt Switch|p1a: Weird and Gilly\n|-damage|p1a: Weird and Gilly|75\/100\n|\n|t:|1700765935\n|switch|p2a: Cryogonal|Cryogonal|100\/100|[from] Volt Switch\n|\n|upkeep\n|turn|11\n|\n|t:|1700765941\n|move|p2a: Cryogonal|Rapid Spin|p1a: Weird and Gilly\n|-damage|p1a: Weird and Gilly|69\/100\n|-boost|p2a: Cryogonal|spe|1\n|-sideend|p2: Tiger yogurts|Toxic Spikes|[from] move: Rapid Spin|[of] p2a: Cryogonal\n|move|p1a: Weird and Gilly|Sludge Wave|p2a: Cryogonal\n|-damage|p2a: Cryogonal|71\/100\n|\n|upkeep\n|turn|12\n|\n|t:|1700765954\n|switch|p2a: Samurott|Samurott-Hisui, F|90\/100\n|move|p1a: Weird and Gilly|Scald|p2a: Samurott\n|-resisted|p2a: Samurott\n|-damage|p2a: Samurott|79\/100\n|-status|p2a: Samurott|brn\n|\n|-damage|p2a: Samurott|73\/100 brn|[from] brn\n|upkeep\n|turn|13\n|\n|t:|1700765966\n|switch|p1a: Under Pressure|Corviknight, M, shiny|100\/100\n|-ability|p1a: Under Pressure|Unnerve\n|move|p2a: Samurott|Ceaseless Edge|p1a: Under Pressure\n|-damage|p1a: Under Pressure|87\/100\n|-sidestart|p1: CryAndComplain23|Spikes\n|\n|-damage|p2a: Samurott|67\/100 brn|[from] brn\n|upkeep\n|turn|14\n|\n|t:|1700765972\n|move|p1a: Under Pressure|Protect|p1a: Under Pressure\n|-singleturn|p1a: Under Pressure|Protect\n|move|p2a: Samurott|Flip Turn|p1a: Under Pressure\n|-activate|p1a: Under Pressure|move: Protect\n|\n|-damage|p2a: Samurott|61\/100 brn|[from] brn\n|upkeep\n|turn|15\n|\n|t:|1700765979\n|move|p2a: Samurott|Flip Turn|p1a: Under Pressure\n|-damage|p1a: Under Pressure|79\/100\n|\n|t:|1700765983\n|switch|p2a: Galvantula|Galvantula, F|71\/100|[from] Flip Turn\n|move|p1a: Under Pressure|U-turn|p2a: Galvantula\n|-damage|p2a: Galvantula|44\/100\n|\n|t:|1700765991\n|switch|p1a: Weird and Gilly|Slowking-Galar, M|100\/100|[from] U-turn\n|-activate|p1a: Weird and Gilly|move: Sticky Web\n|-unboost|p1a: Weird and Gilly|spe|1\n|-damage|p1a: Weird and Gilly|84\/100|[from] Spikes\n|\n|upkeep\n|turn|16\n|\n|t:|1700766003\n|move|p2a: Galvantula|Volt Switch|p1a: Weird and Gilly\n|-damage|p1a: Weird and Gilly|72\/100\n|\n|t:|1700766006\n|switch|p2a: Samurott|Samurott-Hisui, F|61\/100 brn|[from] Volt Switch\n|move|p1a: Weird and Gilly|Flamethrower|p2a: Samurott\n|-resisted|p2a: Samurott\n|-damage|p2a: Samurott|50\/100 brn\n|\n|-damage|p2a: Samurott|43\/100 brn|[from] brn\n|upkeep\n|turn|17\n|\n|t:|1700766017\n|switch|p1a: Scary Monsters\u2026|Great Tusk|100\/100\n|move|p2a: Samurott|Ceaseless Edge|p1a: Scary Monsters\u2026\n|-resisted|p1a: Scary Monsters\u2026\n|-damage|p1a: Scary Monsters\u2026|92\/100\n|-sidestart|p1: CryAndComplain23|Spikes\n|\n|-damage|p2a: Samurott|37\/100 brn|[from] brn\n|upkeep\n|turn|18\n|\n|t:|1700766026\n|move|p2a: Samurott|Flip Turn|p1a: Scary Monsters\u2026\n|-supereffective|p1a: Scary Monsters\u2026\n|-damage|p1a: Scary Monsters\u2026|71\/100\n|\n|t:|1700766030\n|switch|p2a: Kartana|Kartana|100\/100|[from] Flip Turn\n|move|p1a: Scary Monsters\u2026|Rapid Spin|p2a: Kartana\n|-resisted|p2a: Kartana\n|-damage|p2a: Kartana|91\/100\n|-boost|p1a: Scary Monsters\u2026|spe|1\n|-sideend|p1: CryAndComplain23|Spikes|[from] move: Rapid Spin|[of] p1a: Scary Monsters\u2026\n|-sideend|p1: CryAndComplain23|Sticky Web|[from] move: Rapid Spin|[of] p1a: Scary Monsters\u2026\n|\n|upkeep\n|turn|19\n|\n|t:|1700766035\n|move|p1a: Scary Monsters\u2026|Close Combat|p2a: Kartana\n|-supereffective|p2a: Kartana\n|-damage|p2a: Kartana|0 fnt\n|-unboost|p1a: Scary Monsters\u2026|def|1\n|-unboost|p1a: Scary Monsters\u2026|spd|1\n|faint|p2a: Kartana\n|\n|upkeep\n|-message|Tiger yogurts forfeited.\n|\n|win|CryAndComplain23\n|raw|CryAndComplain23's rating: 1290 &rarr; <strong>1317<\/strong><br \/>(+27 for winning)\n|raw|Tiger yogurts's rating: 1317 &rarr; <strong>1295<\/strong><br \/>(-22 for losing)\n|l|\u2606Tiger yogurts\n","uploadtime":1700766050,"views":33,"p1id":"cryandcomplain23","p2id":"tigeryogurts","formatid":"gen9nationaldex","rating":1295,"private":0,"password":""}