{"id":"gen9nationaldex-1989655007","p1":"nf4iufhnekjr","p2":"Ju143","format":"[Gen 9] National Dex","log":"|j|\u2606nf4iufhnekjr\n|j|\u2606Ju143\n|t:|1699883707\n|gametype|singles\n|player|p1|nf4iufhnekjr|169|1048\n|player|p2|Ju143|palmer|1114\n|teamsize|p1|6\n|teamsize|p2|6\n|gen|9\n|tier|[Gen 9] National Dex\n|rated|\n|rule|HP Percentage Mod: HP is shown in percentages\n|rule|Endless Battle Clause: Forcing endless battles is banned\n|rule|OHKO Clause: OHKO moves are banned\n|rule|Evasion Clause: Evasion abilities, items, and moves are banned\n|rule|Evasion Abilities Clause: Evasion abilities are banned\n|rule|Evasion Items Clause: Evasion items are banned\n|rule|Evasion Moves Clause: Evasion moves are banned\n|rule|Species Clause: Limit one of each Pok\u00e9mon\n|rule|Sleep Clause Mod: Limit one foe put to sleep\n|clearpoke\n|poke|p1|Charizard, F|\n|poke|p1|Toxapex, F|\n|poke|p1|Florges-Blue, F|\n|poke|p1|Zapdos|\n|poke|p1|Rillaboom, M|\n|poke|p1|Tyranitar, F|\n|poke|p2|Beedrill, F|\n|poke|p2|Kommo-o, M|\n|poke|p2|Deoxys-Defense|\n|poke|p2|Murkrow, F|\n|poke|p2|Enamorus, F|\n|poke|p2|Ribombee, F|\n|teampreview\n|inactive|Battle timer is ON: inactive players will automatically lose when time's up. (requested by nf4iufhnekjr)\n|\n|t:|1699883721\n|start\n|switch|p1a: Tyranitar|Tyranitar, F|100\/100\n|switch|p2a: Ribombee|Ribombee, F|100\/100\n|-weather|Sandstorm|[from] ability: Sand Stream|[of] p1a: Tyranitar\n|turn|1\n|j| failingfiat\n|\n|t:|1699883728\n|switch|p1a: Zapdos|Zapdos|100\/100\n|move|p2a: Ribombee|Sticky Web|p1a: Zapdos\n|-sidestart|p1: nf4iufhnekjr|move: Sticky Web\n|\n|-weather|Sandstorm|[upkeep]\n|-damage|p2a: Ribombee|94\/100|[from] Sandstorm\n|-damage|p1a: Zapdos|94\/100|[from] Sandstorm\n|upkeep\n|turn|2\n|\n|t:|1699883732\n|move|p2a: Ribombee|Light Screen|p2a: Ribombee\n|-sidestart|p2: Ju143|move: Light Screen\n|move|p1a: Zapdos|Heat Wave|p2a: Ribombee\n|-supereffective|p2a: Ribombee\n|-damage|p2a: Ribombee|35\/100\n|\n|-weather|Sandstorm|[upkeep]\n|-damage|p2a: Ribombee|29\/100|[from] Sandstorm\n|-damage|p1a: Zapdos|88\/100|[from] Sandstorm\n|upkeep\n|turn|3\n|c| failingfiat|ribombee win for me\n|\n|t:|1699883743\n|move|p2a: Ribombee|Reflect|p2a: Ribombee\n|-sidestart|p2: Ju143|Reflect\n|move|p1a: Zapdos|Defog|p2a: Ribombee\n|-unboost|p2a: Ribombee|evasion|1\n|-sideend|p2: Ju143|Reflect\n|-sideend|p2: Ju143|move: Light Screen\n|-sideend|p1: nf4iufhnekjr|Sticky Web|[from] move: Defog|[of] p1a: Zapdos\n|\n|-weather|Sandstorm|[upkeep]\n|-damage|p2a: Ribombee|23\/100|[from] Sandstorm\n|-damage|p1a: Zapdos|82\/100|[from] Sandstorm\n|upkeep\n|turn|4\n|\n|t:|1699883750\n|move|p2a: Ribombee|Sticky Web|p1a: Zapdos\n|-sidestart|p1: nf4iufhnekjr|move: Sticky Web\n|move|p1a: Zapdos|Heat Wave|p2a: Ribombee\n|-supereffective|p2a: Ribombee\n|-damage|p2a: Ribombee|0 fnt\n|faint|p2a: Ribombee\n|\n|-weather|Sandstorm|[upkeep]\n|-damage|p1a: Zapdos|76\/100|[from] Sandstorm\n|upkeep\n|\n|t:|1699883755\n|switch|p2a: Kommo-o|Kommo-o, M|100\/100\n|turn|5\n|c| failingfiat|oh crap\n|\n|t:|1699883760\n|-zpower|p2a: Kommo-o\n|move|p2a: Kommo-o|Clangorous Soulblaze|p1a: Zapdos|[zeffect]\n|-damage|p1a: Zapdos|1\/100\n|-boost|p2a: Kommo-o|atk|1\n|-boost|p2a: Kommo-o|def|1\n|-boost|p2a: Kommo-o|spa|1\n|-boost|p2a: Kommo-o|spd|1\n|-boost|p2a: Kommo-o|spe|1\n|move|p1a: Zapdos|Defog|p2a: Kommo-o\n|-unboost|p2a: Kommo-o|evasion|1\n|-sideend|p1: nf4iufhnekjr|Sticky Web|[from] move: Defog|[of] p1a: Zapdos\n|\n|-weather|none\n|upkeep\n|turn|6\n|c|\u2606Ju143|stop it\n|c|\u2606Ju143|k say less\n|c| failingfiat|looool\n|c|\u2606Ju143|die you dumb bird\n|\n|t:|1699883777\n|move|p2a: Kommo-o|Flamethrower|p1a: Zapdos\n|-damage|p1a: Zapdos|0 fnt\n|faint|p1a: Zapdos\n|\n|upkeep\n|\n|t:|1699883781\n|switch|p1a: Toxapex|Toxapex, F|100\/100\n|turn|7\n|c|\u2606Ju143|no...\n|c| failingfiat|rip ribombee\n|c|\u2606Ju143|bros immune\n|c| failingfiat|haze\n|c|\u2606Ju143|to everything\n|\n|t:|1699883809\n|move|p2a: Kommo-o|Clanging Scales|p1a: Toxapex\n|-damage|p1a: Toxapex|38\/100\n|-unboost|p2a: Kommo-o|def|1\n|move|p1a: Toxapex|Haze|p1a: Toxapex\n|-clearallboost\n|\n|-heal|p1a: Toxapex|44\/100|[from] item: Leftovers\n|upkeep\n|turn|8\n|l| failingfiat\n|c|\u2606Ju143|hahaha\n|c|\u2606Ju143|hahaha\n|c|\u2606Ju143|good joke\n|j| failingfiat\n|inactive|Ju143 has 120 seconds left.\n|c|\u2606Ju143|can i have my stats back?\n|\n|t:|1699883831\n|move|p2a: Kommo-o|Clanging Scales|p1a: Toxapex\n|-damage|p1a: Toxapex|3\/100\n|-unboost|p2a: Kommo-o|def|1\n|move|p1a: Toxapex|Toxic|p2a: Kommo-o\n|-status|p2a: Kommo-o|tox\n|\n|-heal|p1a: Toxapex|9\/100|[from] item: Leftovers\n|-damage|p2a: Kommo-o|94\/100 tox|[from] psn\n|upkeep\n|turn|9\n|c| failingfiat|read like a book omg\n|inactive|Ju143 has 120 seconds left.\n|\n|t:|1699883843\n|switch|p1a: Tyranitar|Tyranitar, F|100\/100\n|-weather|Sandstorm|[from] ability: Sand Stream|[of] p1a: Tyranitar\n|move|p2a: Kommo-o|Clanging Scales|p1a: Tyranitar\n|-damage|p1a: Tyranitar|81\/100\n|-unboost|p2a: Kommo-o|def|1\n|\n|-weather|Sandstorm|[upkeep]\n|-damage|p2a: Kommo-o|88\/100 tox|[from] Sandstorm\n|-damage|p2a: Kommo-o|76\/100 tox|[from] psn\n|upkeep\n|turn|10\n|c|\u2606Ju143|your gonna pay kid\n|\n|t:|1699883847\n|move|p2a: Kommo-o|Aura Sphere|p1a: Tyranitar\n|-supereffective|p1a: Tyranitar\n|-damage|p1a: Tyranitar|22\/100\n|move|p1a: Tyranitar|Earthquake|p2a: Kommo-o\n|-damage|p2a: Kommo-o|2\/100 tox\n|\n|-weather|Sandstorm|[upkeep]\n|-damage|p2a: Kommo-o|0 fnt|[from] Sandstorm\n|faint|p2a: Kommo-o\n|upkeep\n|c|\u2606Ju143|why is your team set up for this?\n|inactive|Ju143 has 120 seconds left.\n|c| failingfiat|contrary\n|c|\u2606Ju143|ad regenerator really?\n|\n|t:|1699883869\n|switch|p2a: Enamorus|Enamorus, F, shiny|100\/100\n|turn|11\n|c|\u2606Ju143|haze\n|\n|t:|1699883879\n|-terastallize|p2a: Enamorus|Fighting\n|move|p2a: Enamorus|Superpower|p1a: Tyranitar\n|-supereffective|p1a: Tyranitar\n|-damage|p1a: Tyranitar|0 fnt\n|-boost|p2a: Enamorus|atk|1\n|-boost|p2a: Enamorus|def|1\n|faint|p1a: Tyranitar\n|\n|-weather|Sandstorm|[upkeep]\n|-damage|p2a: Enamorus|94\/100|[from] Sandstorm\n|upkeep\n|c|\u2606Ju143|i have to go for it\n|\n|t:|1699883889\n|switch|p1a: Rillaboom|Rillaboom, M|100\/100\n|-fieldstart|move: Grassy Terrain|[from] ability: Grassy Surge|[of] p1a: Rillaboom\n|turn|12\n|c|\u2606Ju143|haz\n|c| failingfiat|uh o\n|c|\u2606Ju143|haze is two turns wasted and hes low\n|inactive|Ju143 has 120 seconds left.\n|c| failingfiat|mhm\n|l|\u2606Ju143\n|inactive|Ju143 disconnected and has a minute to reconnect!\n|player|p2|\n|j|\u2606Ju143\n|inactive|Ju143 reconnected and has 105 seconds left.\n|player|p2|Ju143|palmer\n|c| failingfiat|rilaboom u got this\n|n|\u2606nf4iufhnekjr|nf4iufhnekjr\n|\n|t:|1699883934\n|-terastallize|p1a: Rillaboom|Grass\n|move|p1a: Rillaboom|Grassy Glide|p2a: Enamorus\n|-damage|p2a: Enamorus|13\/100\n|move|p2a: Enamorus|Superpower|p1a: Rillaboom\n|-damage|p1a: Rillaboom|0 fnt\n|-boost|p2a: Enamorus|atk|1\n|-boost|p2a: Enamorus|def|1\n|faint|p1a: Rillaboom\n|\n|-weather|Sandstorm|[upkeep]\n|-damage|p2a: Enamorus|6\/100|[from] Sandstorm\n|-heal|p2a: Enamorus|13\/100|[from] Grassy Terrain\n|upkeep\n|c|\u2606Ju143|dont grassy glide me\n|c|\u2606Ju143|ouch\n|\n|t:|1699883944\n|switch|p1a: Charizard|Charizard, F|100\/100\n|turn|13\n|c|\u2606Ju143|i barely tanked that\n|c| failingfiat|it almost 1 tapped\n|c|\u2606Ju143|one shotted\n|\n|t:|1699883951\n|detailschange|p1a: Charizard|Charizard-Mega-Y, F\n|-mega|p1a: Charizard|Charizard|Charizardite Y\n|-weather|SunnyDay|[from] ability: Drought|[of] p1a: Charizard\n|move|p2a: Enamorus|Superpower|p1a: Charizard\n|-resisted|p1a: Charizard\n|-damage|p1a: Charizard|0 fnt\n|-boost|p2a: Enamorus|atk|1\n|-boost|p2a: Enamorus|def|1\n|faint|p1a: Charizard\n|\n|-weather|SunnyDay|[upkeep]\n|-heal|p2a: Enamorus|19\/100|[from] Grassy Terrain\n|upkeep\n|c| failingfiat|all he needs is speed\n|c|\u2606Ju143|ggs\n|c| failingfiat|:\/\n|c|\u2606Ju143|you let me get too much\n|\n|t:|1699883965\n|switch|p1a: Florges|Florges-Blue, F|100\/100\n|turn|14\n|c|\u2606Ju143|enamorus solos\n|inactive|Ju143 has 120 seconds left.\n|c|\u2606Ju143|right?\n|\n|t:|1699883975\n|move|p2a: Enamorus|Superpower|p1a: Florges\n|-resisted|p1a: Florges\n|-damage|p1a: Florges|0 fnt\n|-boost|p2a: Enamorus|atk|1\n|-boost|p2a: Enamorus|def|1\n|faint|p1a: Florges\n|\n|-weather|SunnyDay|[upkeep]\n|-heal|p2a: Enamorus|25\/100|[from] Grassy Terrain\n|upkeep\n|c|\u2606Ju143|yep\n|\n|t:|1699883979\n|switch|p1a: Toxapex|Toxapex, F|42\/100\n|turn|15\n|c| failingfiat|right :(\n|c|\u2606Ju143|dont even know why i was worried\n|\n|t:|1699883988\n|move|p1a: Toxapex|Baneful Bunker|p1a: Toxapex\n|-singleturn|p1a: Toxapex|move: Protect\n|move|p2a: Enamorus|Superpower|p1a: Toxapex\n|-activate|p1a: Toxapex|move: Protect\n|-status|p2a: Enamorus|psn\n|\n|-weather|SunnyDay|[upkeep]\n|-heal|p2a: Enamorus|31\/100 psn|[from] Grassy Terrain\n|-heal|p1a: Toxapex|48\/100|[from] Grassy Terrain\n|-heal|p1a: Toxapex|54\/100|[from] item: Leftovers\n|-damage|p2a: Enamorus|19\/100 psn|[from] psn\n|upkeep\n|turn|16\n|c|\u2606Ju143|really?\n|c|\u2606Ju143|hoping on a miracke\n|c|\u2606Ju143|*miracle\n|\n|t:|1699884007\n|move|p2a: Enamorus|Superpower|p1a: Toxapex\n|-resisted|p1a: Toxapex\n|-damage|p1a: Toxapex|0 fnt\n|-boost|p2a: Enamorus|atk|1\n|-boost|p2a: Enamorus|def|1\n|faint|p1a: Toxapex\n|\n|win|Ju143\n|raw|nf4iufhnekjr's rating: 1048 &rarr; <strong>1034<\/strong><br \/>(-14 for losing)\n|raw|Ju143's rating: 1114 &rarr; <strong>1134<\/strong><br \/>(+20 for winning)\n","uploadtime":1699883773,"views":4,"p1id":"nf4iufhnekjr","p2id":"ju143","formatid":"gen9nationaldex","rating":1034,"private":0,"password":""}