{"id":"gen9nationaldex-1995814055","p1":"Maxer59","p2":"2011ChevyS10Xtreme","format":"[Gen 9] National Dex","log":"|html|<div class=\"broadcast-blue\"><strong>[Gen 9] National Dex is currently suspecting Sneasler! For information on how to participate check out the <a href=\"https:\/\/www.smogon.com\/forums\/threads\/sv-national-dex-suspect-8-just-dance.3731534\/\">suspect thread<\/a>.<\/strong><\/div>\n|j|\u2606Maxer59\n|j|\u26062011ChevyS10Xtreme\n|t:|1700605725\n|gametype|singles\n|player|p1|Maxer59|lucas|1230\n|player|p2|2011ChevyS10Xtreme|ghetsis|1181\n|teamsize|p1|6\n|teamsize|p2|6\n|gen|9\n|tier|[Gen 9] National Dex\n|rated|\n|rule|HP Percentage Mod: HP is shown in percentages\n|rule|Endless Battle Clause: Forcing endless battles is banned\n|rule|OHKO Clause: OHKO moves are banned\n|rule|Evasion Clause: Evasion abilities, items, and moves are banned\n|rule|Evasion Abilities Clause: Evasion abilities are banned\n|rule|Evasion Items Clause: Evasion items are banned\n|rule|Evasion Moves Clause: Evasion moves are banned\n|rule|Species Clause: Limit one of each Pok\u00e9mon\n|rule|Sleep Clause Mod: Limit one foe put to sleep\n|clearpoke\n|poke|p1|Pikachu, F|\n|poke|p1|Gallade, M|\n|poke|p1|Crawdaunt, M|\n|poke|p1|Tornadus-Therian, M|\n|poke|p1|Keldeo-Resolute|\n|poke|p1|Ribombee, M|\n|poke|p2|Ribombee, M|\n|poke|p2|Great Tusk|\n|poke|p2|Braviary-Hisui, M|\n|poke|p2|Diancie|\n|poke|p2|Runerigus, F|\n|poke|p2|Metagross|\n|teampreview\n|inactive|Battle timer is ON: inactive players will automatically lose when time's up. (requested by 2011ChevyS10Xtreme)\n|inactive|Maxer59 also wants the timer to be on.\n|\n|t:|1700605732\n|start\n|switch|p1a: PikaGOD|Pikachu, F|100\/100\n|switch|p2a: Ribombee|Ribombee, M, shiny|100\/100\n|turn|1\n|\n|t:|1700605737\n|move|p1a: PikaGOD|Fake Out|p2a: Ribombee\n|-damage|p2a: Ribombee|68\/100\n|move|p2a: Ribombee|Switcheroo|p1a: PikaGOD\n|-activate|p2a: Ribombee|move: Trick|[of] p1a: PikaGOD\n|-item|p1a: PikaGOD|Choice Scarf|[from] move: Switcheroo\n|-item|p2a: Ribombee|Light Ball|[from] move: Switcheroo\n|\n|upkeep\n|turn|2\n|\n|t:|1700605766\n|move|p1a: PikaGOD|Volt Tackle|p2a: Ribombee\n|-damage|p2a: Ribombee|0 fnt\n|faint|p2a: Ribombee\n|-damage|p1a: PikaGOD|73\/100|[from] Recoil\n|\n|upkeep\n|\n|t:|1700605775\n|switch|p2a: Great Tusk|Great Tusk|100\/100\n|turn|3\n|\n|t:|1700605790\n|switch|p1a: Ribombee|Ribombee, M|100\/100\n|move|p2a: Great Tusk|Rapid Spin|p1a: Ribombee\n|-damage|p1a: Ribombee|64\/100\n|-boost|p2a: Great Tusk|spe|1\n|\n|upkeep\n|turn|4\n|\n|t:|1700605805\n|move|p2a: Great Tusk|Headlong Rush|p1a: Ribombee\n|-resisted|p1a: Ribombee\n|-damage|p1a: Ribombee|2\/100\n|-unboost|p2a: Great Tusk|def|1\n|-unboost|p2a: Great Tusk|spd|1\n|move|p1a: Ribombee|Moonblast|p2a: Great Tusk\n|-supereffective|p2a: Great Tusk\n|-damage|p2a: Great Tusk|0 fnt\n|faint|p2a: Great Tusk\n|-end|p2a: Great Tusk|Protosynthesis|[silent]\n|\n|upkeep\n|\n|t:|1700605814\n|switch|p2a: Diancie|Diancie|100\/100\n|turn|5\n|\n|t:|1700605818\n|detailschange|p2a: Diancie|Diancie-Mega\n|-mega|p2a: Diancie|Diancie|Diancite\n|move|p1a: Ribombee|Sticky Web|p2a: Diancie\n|move|p2a: Diancie|Sticky Web|p1a: Ribombee|[from]ability: Magic Bounce\n|-sidestart|p1: Maxer59|move: Sticky Web\n|move|p2a: Diancie|Diamond Storm|p1a: Ribombee\n|-supereffective|p1a: Ribombee\n|-damage|p1a: Ribombee|0 fnt\n|faint|p1a: Ribombee\n|\n|upkeep\n|\n|t:|1700605824\n|switch|p1a: Tornadus|Tornadus-Therian, M|100\/100\n|turn|6\n|\n|t:|1700605829\n|move|p1a: Tornadus|Defog|p2a: Diancie\n|move|p2a: Diancie|Defog|p1a: Tornadus|[from]ability: Magic Bounce\n|-unboost|p1a: Tornadus|evasion|1\n|-sideend|p1: Maxer59|Sticky Web|[from] move: Defog|[of] p2a: Diancie\n|move|p2a: Diancie|Diamond Storm|p1a: Tornadus\n|-supereffective|p1a: Tornadus\n|-damage|p1a: Tornadus|0 fnt\n|faint|p1a: Tornadus\n|\n|upkeep\n|\n|t:|1700605843\n|switch|p1a: Peak of evolution|Crawdaunt, M|100\/100\n|turn|7\n|\n|t:|1700605847\n|switch|p2a: Metagross|Metagross, shiny|100\/100\n|move|p1a: Peak of evolution|Crabhammer|p2a: Metagross\n|-damage|p2a: Metagross|47\/100\n|\n|upkeep\n|turn|8\n|\n|t:|1700605853\n|move|p1a: Peak of evolution|Crabhammer|p2a: Metagross\n|-damage|p2a: Metagross|0 fnt\n|faint|p2a: Metagross\n|\n|upkeep\n|\n|t:|1700605868\n|switch|p2a: Runerigus|Runerigus, F|100\/100\n|turn|9\n|\n|t:|1700605872\n|move|p1a: Peak of evolution|Crabhammer|p2a: Runerigus\n|-supereffective|p2a: Runerigus\n|-damage|p2a: Runerigus|0 fnt\n|-activate|p2a: Runerigus|ability: Wandering Spirit|Adaptability|Wandering Spirit|[of] p1a: Peak of evolution\n|faint|p2a: Runerigus\n|\n|upkeep\n|\n|t:|1700605891\n|switch|p2a: Braviary|Braviary-Hisui, M|100\/100\n|turn|10\n|\n|t:|1700605896\n|switch|p1a: PikaGOD|Pikachu, F|73\/100\n|move|p2a: Braviary|Air Slash|p1a: PikaGOD\n|-resisted|p1a: PikaGOD\n|-damage|p1a: PikaGOD|4\/100\n|\n|upkeep\n|turn|11\n|\n|t:|1700605903\n|move|p1a: PikaGOD|Volt Tackle|p2a: Braviary\n|-supereffective|p2a: Braviary\n|-damage|p2a: Braviary|3\/100\n|-damage|p1a: PikaGOD|0 fnt|[from] Recoil\n|faint|p1a: PikaGOD\n|move|p2a: Braviary|Air Slash|p1: PikaGOD|[notarget]\n|-fail|p2a: Braviary\n|\n|upkeep\n|\n|t:|1700605910\n|switch|p1a: Excalibur is ZZZ|Gallade, M|100\/100\n|turn|12\n|\n|t:|1700605915\n|move|p1a: Excalibur is ZZZ|Leaf Blade|p2a: Braviary\n|-resisted|p2a: Braviary\n|-damage|p2a: Braviary|0 fnt\n|faint|p2a: Braviary\n|\n|upkeep\n|\n|t:|1700605919\n|switch|p2a: Diancie|Diancie-Mega|100\/100\n|turn|13\n|\n|t:|1700605922\n|move|p1a: Excalibur is ZZZ|Leaf Blade|p2a: Diancie\n|-supereffective|p2a: Diancie\n|-crit|p2a: Diancie\n|-damage|p2a: Diancie|0 fnt\n|faint|p2a: Diancie\n|\n|win|Maxer59\n|raw|Maxer59's rating: 1230 &rarr; <strong>1251<\/strong><br \/>(+21 for winning)\n|raw|2011ChevyS10Xtreme's rating: 1181 &rarr; <strong>1160<\/strong><br \/>(-21 for losing)\n|l|\u26062011ChevyS10Xtreme\n","uploadtime":1700605927,"views":12,"p1id":"maxer59","p2id":"2011chevys10xtreme","formatid":"gen9nationaldex","rating":1160,"private":0,"password":""}