{"id":"gen9nationaldex-1987089786","p1":"DeathRayKPK","p2":"skalitz","format":"[Gen 9] National Dex","log":"|j|\u2606DeathRayKPK\n|j|\u2606skalitz\n|t:|1699555209\n|gametype|singles\n|player|p1|DeathRayKPK|102|1397\n|player|p2|skalitz|red|1337\n|teamsize|p1|6\n|teamsize|p2|6\n|gen|9\n|tier|[Gen 9] National Dex\n|rated|\n|rule|HP Percentage Mod: HP is shown in percentages\n|rule|Endless Battle Clause: Forcing endless battles is banned\n|rule|OHKO Clause: OHKO moves are banned\n|rule|Evasion Clause: Evasion abilities, items, and moves are banned\n|rule|Evasion Abilities Clause: Evasion abilities are banned\n|rule|Evasion Items Clause: Evasion items are banned\n|rule|Evasion Moves Clause: Evasion moves are banned\n|rule|Species Clause: Limit one of each Pok\u00e9mon\n|rule|Sleep Clause Mod: Limit one foe put to sleep\n|clearpoke\n|poke|p1|Alakazam, F|\n|poke|p1|Beedrill, M|\n|poke|p1|Dragonite, M|\n|poke|p1|Scizor, M|\n|poke|p1|Moltres|\n|poke|p1|Chansey, F|\n|poke|p2|Garchomp, M|\n|poke|p2|Lopunny, F|\n|poke|p2|Kyurem|\n|poke|p2|Tapu Koko|\n|poke|p2|Iron Moth|\n|poke|p2|Hawlucha, M|\n|teampreview\n|\n|t:|1699555223\n|start\n|switch|p1a: Beedrill|Beedrill, M|100\/100\n|switch|p2a: Tapu Koko|Tapu Koko|100\/100\n|-fieldstart|move: Electric Terrain|[from] ability: Electric Surge|[of] p2a: Tapu Koko\n|turn|1\n|j| Gypsum\n|\n|t:|1699555237\n|detailschange|p1a: Beedrill|Beedrill-Mega, M\n|-mega|p1a: Beedrill|Beedrill|Beedrillite\n|move|p1a: Beedrill|U-turn|p2a: Tapu Koko\n|-resisted|p2a: Tapu Koko\n|-damage|p2a: Tapu Koko|62\/100\n|\n|t:|1699555242\n|switch|p1a: Scizor|Scizor, M|100\/100|[from] U-turn\n|move|p2a: Tapu Koko|U-turn|p1a: Scizor\n|-resisted|p1a: Scizor\n|-damage|p1a: Scizor|95\/100\n|-damage|p2a: Tapu Koko|46\/100|[from] item: Rocky Helmet|[of] p1a: Scizor\n|\n|t:|1699555254\n|switch|p2a: Iron Moth|Iron Moth|100\/100|[from] U-turn\n|-activate|p2a: Iron Moth|ability: Quark Drive\n|-start|p2a: Iron Moth|quarkdrivespe\n|\n|upkeep\n|turn|2\n|\n|t:|1699555284\n|switch|p1a: Moltres|Moltres|100\/100\n|move|p2a: Iron Moth|Fiery Dance|p1a: Moltres\n|-resisted|p1a: Moltres\n|-damage|p1a: Moltres|85\/100\n|-boost|p2a: Iron Moth|spa|1\n|\n|upkeep\n|turn|3\n|\n|t:|1699555298\n|move|p2a: Iron Moth|Sludge Wave|p1a: Moltres\n|-damage|p1a: Moltres|26\/100\n|move|p1a: Moltres|Mystical Fire|p2a: Iron Moth\n|-resisted|p2a: Iron Moth\n|-damage|p2a: Iron Moth|88\/100\n|-unboost|p2a: Iron Moth|spa|1\n|\n|upkeep\n|turn|4\n|\n|t:|1699555308\n|switch|p1a: Dragonite|Dragonite, M|100\/100\n|move|p2a: Iron Moth|Fiery Dance|p1a: Dragonite\n|-resisted|p1a: Dragonite\n|-damage|p1a: Dragonite|91\/100\n|-boost|p2a: Iron Moth|spa|1\n|\n|-heal|p1a: Dragonite|97\/100|[from] item: Leftovers\n|upkeep\n|turn|5\n|\n|t:|1699555322\n|-end|p2a: Iron Moth|Quark Drive|[silent]\n|switch|p2a: Hawlucha|Hawlucha, M|100\/100\n|-enditem|p2a: Hawlucha|Electric Seed\n|-boost|p2a: Hawlucha|def|1|[from] item: Electric Seed\n|move|p1a: Dragonite|Earthquake|p2a: Hawlucha\n|-immune|p2a: Hawlucha\n|\n|-heal|p1a: Dragonite|100\/100|[from] item: Leftovers\n|upkeep\n|turn|6\n|\n|t:|1699555330\n|move|p2a: Hawlucha|Swords Dance|p2a: Hawlucha\n|-boost|p2a: Hawlucha|atk|2\n|move|p1a: Dragonite|Dragon Dance|p1a: Dragonite\n|-boost|p1a: Dragonite|atk|1\n|-boost|p1a: Dragonite|spe|1\n|\n|upkeep\n|turn|7\n|\n|t:|1699555353\n|move|p1a: Dragonite|Extreme Speed|p2a: Hawlucha\n|-damage|p2a: Hawlucha|67\/100\n|move|p2a: Hawlucha|Close Combat|p1a: Dragonite\n|-resisted|p1a: Dragonite\n|-damage|p1a: Dragonite|77\/100\n|-unboost|p2a: Hawlucha|def|1\n|-unboost|p2a: Hawlucha|spd|1\n|\n|-heal|p1a: Dragonite|83\/100|[from] item: Leftovers\n|upkeep\n|turn|8\n|\n|t:|1699555363\n|move|p1a: Dragonite|Extreme Speed|p2a: Hawlucha\n|-damage|p2a: Hawlucha|21\/100\n|move|p2a: Hawlucha|Acrobatics|p1a: Dragonite\n|-damage|p1a: Dragonite|0 fnt\n|faint|p1a: Dragonite\n|\n|-fieldend|move: Electric Terrain\n|upkeep\n|\n|t:|1699555390\n|switch|p1a: Scizor|Scizor, M|95\/100\n|turn|9\n|\n|t:|1699555402\n|switch|p2a: Iron Moth|Iron Moth|88\/100\n|move|p1a: Scizor|Bullet Punch|p2a: Iron Moth\n|-resisted|p2a: Iron Moth\n|-damage|p2a: Iron Moth|69\/100\n|\n|upkeep\n|turn|10\n|\n|t:|1699555417\n|-end|p2a: Iron Moth|Quark Drive|[silent]\n|switch|p2a: Tapu Koko|Tapu Koko|46\/100\n|-fieldstart|move: Electric Terrain|[from] ability: Electric Surge|[of] p2a: Tapu Koko\n|switch|p1a: Chansey|Chansey, F|100\/100\n|\n|upkeep\n|turn|11\n|\n|t:|1699555426\n|move|p2a: Tapu Koko|U-turn|p1a: Chansey\n|-damage|p1a: Chansey|90\/100\n|\n|t:|1699555430\n|switch|p2a: Lopunny|Lopunny, F|100\/100|[from] U-turn\n|move|p1a: Chansey|Stealth Rock|p2a: Lopunny\n|-sidestart|p2: skalitz|move: Stealth Rock\n|\n|upkeep\n|turn|12\n|\n|t:|1699555450\n|switch|p1a: Scizor|Scizor, M|95\/100\n|detailschange|p2a: Lopunny|Lopunny-Mega, F\n|-mega|p2a: Lopunny|Lopunny|Lopunnite\n|move|p2a: Lopunny|Fake Out|p1a: Scizor\n|-resisted|p1a: Scizor\n|-damage|p1a: Scizor|88\/100\n|-damage|p2a: Lopunny|84\/100|[from] item: Rocky Helmet|[of] p1a: Scizor\n|\n|upkeep\n|turn|13\n|\n|t:|1699555469\n|move|p2a: Lopunny|Close Combat|p1a: Scizor\n|-damage|p1a: Scizor|43\/100\n|-unboost|p2a: Lopunny|def|1\n|-unboost|p2a: Lopunny|spd|1\n|-damage|p2a: Lopunny|67\/100|[from] item: Rocky Helmet|[of] p1a: Scizor\n|move|p1a: Scizor|Swords Dance|p1a: Scizor\n|-boost|p1a: Scizor|atk|2\n|\n|upkeep\n|turn|14\n|\n|t:|1699555480\n|switch|p2a: Iron Moth|Iron Moth|69\/100\n|-activate|p2a: Iron Moth|ability: Quark Drive\n|-start|p2a: Iron Moth|quarkdrivespe\n|move|p1a: Scizor|Bullet Punch|p2a: Iron Moth\n|-resisted|p2a: Iron Moth\n|-damage|p2a: Iron Moth|28\/100\n|\n|upkeep\n|turn|15\n|\n|t:|1699555490\n|move|p1a: Scizor|Bullet Punch|p2a: Iron Moth\n|-resisted|p2a: Iron Moth\n|-damage|p2a: Iron Moth|0 fnt\n|faint|p2a: Iron Moth\n|-end|p2a: Iron Moth|Quark Drive|[silent]\n|\n|upkeep\n|\n|t:|1699555504\n|switch|p2a: Garchomp|Garchomp, M|100\/100\n|-damage|p2a: Garchomp|94\/100|[from] Stealth Rock\n|turn|16\n|\n|t:|1699555527\n|move|p2a: Garchomp|Swords Dance|p2a: Garchomp\n|-boost|p2a: Garchomp|atk|2\n|move|p1a: Scizor|Roost|p1a: Scizor\n|-heal|p1a: Scizor|93\/100\n|-singleturn|p1a: Scizor|move: Roost\n|\n|upkeep\n|turn|17\n|\n|t:|1699555546\n|move|p2a: Garchomp|Earthquake|p1a: Scizor\n|-damage|p1a: Scizor|12\/100\n|move|p1a: Scizor|Knock Off|p2a: Garchomp\n|-damage|p2a: Garchomp|37\/100\n|-damage|p1a: Scizor|0 fnt|[from] ability: Rough Skin|[of] p2a: Garchomp\n|faint|p1a: Scizor\n|\n|-fieldend|move: Electric Terrain\n|upkeep\n|\n|t:|1699555556\n|switch|p1a: Beedrill|Beedrill-Mega, M|100\/100\n|turn|18\n|\n|t:|1699555583\n|move|p1a: Beedrill|Drill Run|p2a: Garchomp\n|-damage|p2a: Garchomp|7\/100\n|-damage|p1a: Beedrill|88\/100|[from] ability: Rough Skin|[of] p2a: Garchomp\n|move|p2a: Garchomp|Earthquake|p1a: Beedrill\n|-damage|p1a: Beedrill|0 fnt\n|faint|p1a: Beedrill\n|\n|upkeep\n|\n|t:|1699555593\n|switch|p1a: Alakazam|Alakazam, F|100\/100\n|turn|19\n|\n|t:|1699555611\n|move|p1a: Alakazam|Dazzling Gleam|p2a: Garchomp\n|-supereffective|p2a: Garchomp\n|-crit|p2a: Garchomp\n|-damage|p2a: Garchomp|0 fnt\n|faint|p2a: Garchomp\n|\n|upkeep\n|\n|t:|1699555625\n|switch|p2a: Tapu Koko|Tapu Koko|46\/100\n|-damage|p2a: Tapu Koko|34\/100|[from] Stealth Rock\n|-fieldstart|move: Electric Terrain|[from] ability: Electric Surge|[of] p2a: Tapu Koko\n|turn|20\n|\n|t:|1699555642\n|switch|p1a: Moltres|Moltres|26\/100\n|move|p2a: Tapu Koko|U-turn|p1a: Moltres\n|-resisted|p1a: Moltres\n|-damage|p1a: Moltres|23\/100\n|\n|t:|1699555663\n|switch|p2a: Hawlucha|Hawlucha, M|21\/100|[from] U-turn\n|-damage|p2a: Hawlucha|9\/100|[from] Stealth Rock\n|\n|upkeep\n|turn|21\n|\n|t:|1699555673\n|move|p2a: Hawlucha|Acrobatics|p1a: Moltres\n|-damage|p1a: Moltres|0 fnt\n|faint|p1a: Moltres\n|\n|upkeep\n|\n|t:|1699555683\n|switch|p1a: Alakazam|Alakazam, F|100\/100\n|turn|22\n|\n|t:|1699555694\n|move|p1a: Alakazam|Dazzling Gleam|p2a: Hawlucha\n|-supereffective|p2a: Hawlucha\n|-damage|p2a: Hawlucha|0 fnt\n|faint|p2a: Hawlucha\n|\n|upkeep\n|\n|t:|1699555699\n|switch|p2a: Lopunny|Lopunny-Mega, F|67\/100\n|-damage|p2a: Lopunny|61\/100|[from] Stealth Rock\n|turn|23\n|inactive|Battle timer is ON: inactive players will automatically lose when time's up. (requested by skalitz)\n|\n|t:|1699555736\n|move|p2a: Lopunny|Fake Out|p1a: Alakazam\n|-damage|p1a: Alakazam|43\/100\n|cant|p1a: Alakazam|flinch\n|\n|upkeep\n|turn|24\n|\n|t:|1699555752\n|move|p2a: Lopunny|U-turn|p1a: Alakazam\n|-supereffective|p1a: Alakazam\n|-damage|p1a: Alakazam|0 fnt\n|faint|p1a: Alakazam\n|\n|t:|1699555760\n|switch|p2a: Kyurem|Kyurem|100\/100|[from] U-turn\n|-ability|p2a: Kyurem|Pressure\n|\n|upkeep\n|\n|t:|1699555765\n|switch|p1a: Chansey|Chansey, F|90\/100\n|turn|25\n|\n|t:|1699555770\n|move|p2a: Kyurem|Draco Meteor|p1a: Chansey\n|-damage|p1a: Chansey|67\/100\n|-unboost|p2a: Kyurem|spa|2\n|move|p1a: Chansey|Toxic|p2a: Kyurem\n|-status|p2a: Kyurem|tox\n|\n|-damage|p2a: Kyurem|94\/100 tox|[from] psn\n|upkeep\n|turn|26\n|\n|t:|1699555783\n|switch|p2a: Lopunny|Lopunny-Mega, F|61\/100\n|-damage|p2a: Lopunny|55\/100|[from] Stealth Rock\n|move|p1a: Chansey|Seismic Toss|p2a: Lopunny\n|-damage|p2a: Lopunny|19\/100\n|\n|upkeep\n|turn|27\n|\n|t:|1699555791\n|move|p2a: Lopunny|Fake Out|p1a: Chansey\n|-damage|p1a: Chansey|53\/100\n|cant|p1a: Chansey|flinch\n|\n|-fieldend|move: Electric Terrain\n|upkeep\n|turn|28\n|\n|t:|1699555796\n|move|p2a: Lopunny|Close Combat|p1a: Chansey\n|-supereffective|p1a: Chansey\n|-damage|p1a: Chansey|0 fnt\n|-unboost|p2a: Lopunny|def|1\n|-unboost|p2a: Lopunny|spd|1\n|faint|p1a: Chansey\n|\n|win|skalitz\n|raw|DeathRayKPK's rating: 1397 &rarr; <strong>1374<\/strong><br \/>(-23 for losing)\n|raw|skalitz's rating: 1337 &rarr; <strong>1360<\/strong><br \/>(+23 for winning)\n|l|\u2606skalitz\n|l| Gypsum\n","uploadtime":1699555821,"views":15,"p1id":"deathraykpk","p2id":"skalitz","formatid":"gen9nationaldex","rating":1360,"private":0,"password":""}