{"id":"gen9nationaldex-1992984586","p1":"kanotation","p2":"Codradin","format":"[Gen 9] National Dex","log":"|j|\u2606kanotation\n|j|\u2606Codradin\n|t:|1700252749\n|gametype|singles\n|player|p1|kanotation|dawn-gen4pt|\n|player|p2|Codradin|lucy|\n|teamsize|p1|6\n|teamsize|p2|6\n|gen|9\n|tier|[Gen 9] National Dex\n|rule|HP Percentage Mod: HP is shown in percentages\n|rule|Endless Battle Clause: Forcing endless battles is banned\n|rule|OHKO Clause: OHKO moves are banned\n|rule|Evasion Clause: Evasion abilities, items, and moves are banned\n|rule|Evasion Abilities Clause: Evasion abilities are banned\n|rule|Evasion Items Clause: Evasion items are banned\n|rule|Evasion Moves Clause: Evasion moves are banned\n|rule|Species Clause: Limit one of each Pok\u00e9mon\n|rule|Sleep Clause Mod: Limit one foe put to sleep\n|clearpoke\n|poke|p1|Torterra, F|\n|poke|p1|Bronzong|\n|poke|p1|Pachirisu, F|\n|poke|p1|Froslass, F|\n|poke|p1|Lopunny, M|\n|poke|p1|Togekiss, M|\n|poke|p2|Alakazam, M|\n|poke|p2|Machamp, M|\n|poke|p2|Scizor, M|\n|poke|p2|Rotom-Heat|\n|poke|p2|Umbreon, F|\n|poke|p2|Blastoise, M|\n|teampreview\n|\n|t:|1700252769\n|start\n|switch|p1a: Pachirisu|Pachirisu, F, shiny|100\/100\n|switch|p2a: Machamp|Machamp, M|100\/100\n|turn|1\n|\n|t:|1700252778\n|move|p2a: Machamp|Protect|p2a: Machamp\n|-singleturn|p2a: Machamp|Protect\n|move|p1a: Pachirisu|Encore|p2a: Machamp\n|-activate|p2a: Machamp|move: Protect\n|\n|-status|p2a: Machamp|brn|[from] item: Flame Orb\n|upkeep\n|turn|2\n|\n|t:|1700252785\n|move|p1a: Pachirisu|Encore|p2a: Machamp\n|-start|p2a: Machamp|Encore\n|move|p2a: Machamp|Protect||[still]\n|-fail|p2a: Machamp\n|\n|-damage|p2a: Machamp|94\/100 brn|[from] brn\n|upkeep\n|turn|3\n|\n|t:|1700252805\n|switch|p1a: Lopunny|Lopunny, M|100\/100\n|switch|p2a: Scizor|Scizor, M|100\/100\n|\n|upkeep\n|turn|4\n|\n|t:|1700252815\n|detailschange|p1a: Lopunny|Lopunny-Mega, M\n|-mega|p1a: Lopunny|Lopunny|Lopunnite\n|move|p1a: Lopunny|Close Combat|p2a: Scizor\n|-damage|p2a: Scizor|20\/100\n|-unboost|p1a: Lopunny|def|1\n|-unboost|p1a: Lopunny|spd|1\n|move|p2a: Scizor|Dual Wingbeat|p1a: Lopunny\n|-supereffective|p1a: Lopunny\n|-damage|p1a: Lopunny|15\/100\n|-supereffective|p1a: Lopunny\n|-damage|p1a: Lopunny|0 fnt\n|faint|p1a: Lopunny\n|-hitcount|p1: Lopunny|2\n|\n|upkeep\n|\n|t:|1700252830\n|switch|p1a: Pachirisu|Pachirisu, F, shiny|100\/100\n|turn|5\n|\n|t:|1700252849\n|move|p1a: Pachirisu|Volt Switch|p2a: Scizor\n|-damage|p2a: Scizor|8\/100\n|\n|t:|1700252864\n|switch|p1a: Bronzong|Bronzong|100\/100|[from] Volt Switch\n|move|p2a: Scizor|Trailblaze|p1a: Bronzong\n|-resisted|p1a: Bronzong\n|-damage|p1a: Bronzong|87\/100\n|-boost|p2a: Scizor|spe|1\n|\n|upkeep\n|turn|6\n|\n|t:|1700252876\n|move|p2a: Scizor|Knock Off|p1a: Bronzong\n|-supereffective|p1a: Bronzong\n|-damage|p1a: Bronzong|21\/100\n|-enditem|p1a: Bronzong|Assault Vest|[from] move: Knock Off|[of] p2a: Scizor\n|move|p1a: Bronzong|Shadow Ball|p2a: Scizor\n|-damage|p2a: Scizor|0 fnt\n|faint|p2a: Scizor\n|\n|upkeep\n|\n|t:|1700252888\n|switch|p2a: Umbreon|Umbreon, F, shiny|100\/100\n|turn|7\n|\n|t:|1700252900\n|move|p2a: Umbreon|Work Up|p2a: Umbreon\n|-boost|p2a: Umbreon|atk|1\n|-boost|p2a: Umbreon|spa|1\n|move|p1a: Bronzong|Flash Cannon|p2a: Umbreon\n|-damage|p2a: Umbreon|83\/100\n|\n|-heal|p2a: Umbreon|89\/100|[from] item: Leftovers\n|upkeep\n|turn|8\n|\n|t:|1700252910\n|switch|p1a: Pachirisu|Pachirisu, F, shiny|100\/100\n|move|p2a: Umbreon|Work Up|p2a: Umbreon\n|-boost|p2a: Umbreon|atk|1\n|-boost|p2a: Umbreon|spa|1\n|\n|-heal|p2a: Umbreon|95\/100|[from] item: Leftovers\n|upkeep\n|turn|9\n|\n|t:|1700252922\n|move|p1a: Pachirisu|Encore|p2a: Umbreon\n|-start|p2a: Umbreon|Encore\n|move|p2a: Umbreon|Work Up|p2a: Umbreon\n|-boost|p2a: Umbreon|atk|1\n|-boost|p2a: Umbreon|spa|1\n|\n|-heal|p2a: Umbreon|100\/100|[from] item: Leftovers\n|upkeep\n|turn|10\n|\n|t:|1700252936\n|switch|p2a: Machamp|Machamp, M|94\/100 brn\n|move|p1a: Pachirisu|Nuzzle|p2a: Machamp\n|-damage|p2a: Machamp|89\/100 brn\n|\n|-damage|p2a: Machamp|83\/100 brn|[from] brn\n|upkeep\n|turn|11\n|\n|t:|1700252947\n|move|p1a: Pachirisu|Volt Switch|p2a: Machamp\n|-damage|p2a: Machamp|69\/100 brn\n|\n|t:|1700252950\n|switch|p1a: Bronzong|Bronzong|21\/100|[from] Volt Switch\n|move|p2a: Machamp|Facade|p1a: Bronzong\n|-resisted|p1a: Bronzong\n|-damage|p1a: Bronzong|0 fnt\n|faint|p1a: Bronzong\n|\n|-damage|p2a: Machamp|63\/100 brn|[from] brn\n|upkeep\n|\n|t:|1700252959\n|switch|p1a: Togekiss|Togekiss, M|100\/100\n|turn|12\n|\n|t:|1700252967\n|move|p2a: Machamp|Facade|p1a: Togekiss\n|-damage|p1a: Togekiss|27\/100\n|move|p1a: Togekiss|Air Slash|p2a: Machamp\n|-supereffective|p2a: Machamp\n|-damage|p2a: Machamp|0 fnt\n|faint|p2a: Machamp\n|\n|-heal|p1a: Togekiss|33\/100|[from] item: Leftovers\n|upkeep\n|\n|t:|1700252976\n|switch|p2a: Rotom|Rotom-Heat|100\/100\n|turn|13\n|\n|t:|1700252983\n|switch|p1a: Torterra|Torterra, F|100\/100\n|move|p2a: Rotom|Thunderbolt|p1a: Torterra\n|-immune|p1a: Torterra\n|\n|upkeep\n|turn|14\n|\n|t:|1700252995\n|-terastallize|p2a: Rotom|Electric\n|move|p2a: Rotom|Overheat|p1a: Torterra\n|-supereffective|p1a: Torterra\n|-damage|p1a: Torterra|0 fnt\n|-unboost|p2a: Rotom|spa|2\n|faint|p1a: Torterra\n|\n|upkeep\n|\n|t:|1700253009\n|switch|p1a: Pachirisu|Pachirisu, F, shiny|100\/100\n|turn|15\n|\n|t:|1700253030\n|switch|p2a: Alakazam|Alakazam, M|100\/100\n|move|p1a: Pachirisu|Super Fang|p2a: Alakazam\n|-damage|p2a: Alakazam|50\/100\n|\n|upkeep\n|turn|16\n|\n|t:|1700253041\n|move|p2a: Alakazam|Psychic|p1a: Pachirisu\n|-damage|p1a: Pachirisu|40\/100\n|-enditem|p1a: Pachirisu|Sitrus Berry|[eat]\n|-heal|p1a: Pachirisu|65\/100|[from] item: Sitrus Berry\n|move|p1a: Pachirisu|Nuzzle|p2a: Alakazam\n|-damage|p2a: Alakazam|43\/100\n|-status|p2a: Alakazam|par\n|\n|upkeep\n|turn|17\n|\n|t:|1700253060\n|move|p1a: Pachirisu|Volt Switch|p2a: Alakazam\n|-damage|p2a: Alakazam|30\/100 par\n|\n|t:|1700253068\n|switch|p1a: Froslass|Froslass, F|100\/100|[from] Volt Switch\n|cant|p2a: Alakazam|par\n|\n|upkeep\n|turn|18\n|\n|t:|1700253085\n|move|p1a: Froslass|Shadow Ball|p2a: Alakazam\n|-supereffective|p2a: Alakazam\n|-damage|p2a: Alakazam|0 fnt\n|faint|p2a: Alakazam\n|\n|upkeep\n|\n|t:|1700253089\n|switch|p2a: Rotom|Rotom-Heat, tera:Electric|100\/100\n|turn|19\n|\n|t:|1700253095\n|move|p1a: Froslass|Sucker Punch|p2a: Rotom\n|-damage|p2a: Rotom|83\/100\n|move|p2a: Rotom|Overheat|p1a: Froslass\n|-supereffective|p1a: Froslass\n|-enditem|p1a: Froslass|Focus Sash\n|-damage|p1a: Froslass|1\/100\n|-unboost|p2a: Rotom|spa|2\n|\n|upkeep\n|turn|20\n|\n|t:|1700253109\n|move|p1a: Froslass|Sucker Punch|p2a: Rotom\n|-damage|p2a: Rotom|66\/100\n|move|p2a: Rotom|Volt Switch|p1a: Froslass\n|-damage|p1a: Froslass|0 fnt\n|-start|p2a: Rotom|Disable|Volt Switch|[from] ability: Cursed Body|[of] p1a: Froslass\n|faint|p1a: Froslass\n|\n|t:|1700253118\n|switch|p2a: Blastoise|Blastoise, M|100\/100|[from] Volt Switch\n|\n|upkeep\n|\n|t:|1700253125\n|switch|p1a: Pachirisu|Pachirisu, F, shiny|65\/100\n|turn|21\n|\n|t:|1700253131\n|move|p1a: Pachirisu|Nuzzle|p2a: Blastoise\n|-supereffective|p2a: Blastoise\n|-damage|p2a: Blastoise|90\/100\n|-status|p2a: Blastoise|par\n|cant|p2a: Blastoise|par\n|\n|upkeep\n|turn|22\n|\n|t:|1700253139\n|move|p1a: Pachirisu|Super Fang|p2a: Blastoise|[miss]\n|-miss|p1a: Pachirisu|p2a: Blastoise\n|cant|p2a: Blastoise|par\n|\n|upkeep\n|turn|23\n|\n|t:|1700253144\n|move|p1a: Pachirisu|Super Fang|p2a: Blastoise\n|-damage|p2a: Blastoise|46\/100 par\n|move|p2a: Blastoise|Surf|p1a: Pachirisu\n|-damage|p1a: Pachirisu|24\/100\n|\n|upkeep\n|turn|24\n|\n|t:|1700253151\n|move|p1a: Pachirisu|Volt Switch|p2a: Blastoise\n|-supereffective|p2a: Blastoise\n|-damage|p2a: Blastoise|19\/100 par\n|\n|t:|1700253155\n|switch|p1a: Togekiss|Togekiss, M|33\/100|[from] Volt Switch\n|move|p2a: Blastoise|Surf|p1a: Togekiss\n|-crit|p1a: Togekiss\n|-damage|p1a: Togekiss|0 fnt\n|faint|p1a: Togekiss\n|\n|upkeep\n|\n|t:|1700253157\n|switch|p1a: Pachirisu|Pachirisu, F, shiny|24\/100\n|turn|25\n|\n|t:|1700253182\n|move|p1a: Pachirisu|Volt Switch|p2a: Blastoise\n|-supereffective|p2a: Blastoise\n|-crit|p2a: Blastoise\n|-damage|p2a: Blastoise|0 fnt\n|faint|p2a: Blastoise\n|\n|upkeep\n|\n|t:|1700253187\n|switch|p2a: Rotom|Rotom-Heat, tera:Electric|66\/100\n|turn|26\n|\n|t:|1700253193\n|move|p1a: Pachirisu|Super Fang|p2a: Rotom\n|-damage|p2a: Rotom|33\/100\n|move|p2a: Rotom|Overheat|p1a: Pachirisu\n|-damage|p1a: Pachirisu|0 fnt\n|-unboost|p2a: Rotom|spa|2\n|faint|p1a: Pachirisu\n|\n|win|Codradin\n","uploadtime":1700253199,"views":7,"p1id":"kanotation","p2id":"codradin","formatid":"gen9nationaldex","rating":0,"private":0,"password":""}