{"id":"gen9nationaldex-1987309757","p1":"Sunnyano","p2":"dFUCK2GLISCORiMS","format":"[Gen 9] National Dex","log":"|j|\u2606Sunnyano\n|j|\u2606dFUCK2GLISCORiMS\n|t:|1699575946\n|gametype|singles\n|player|p1|Sunnyano|iris-gen5bw2|1058\n|player|p2|dFUCK2GLISCORiMS|ghetsis|1070\n|teamsize|p1|6\n|teamsize|p2|6\n|gen|9\n|tier|[Gen 9] National Dex\n|rated|\n|rule|HP Percentage Mod: HP is shown in percentages\n|rule|Endless Battle Clause: Forcing endless battles is banned\n|rule|OHKO Clause: OHKO moves are banned\n|rule|Evasion Clause: Evasion abilities, items, and moves are banned\n|rule|Evasion Abilities Clause: Evasion abilities are banned\n|rule|Evasion Items Clause: Evasion items are banned\n|rule|Evasion Moves Clause: Evasion moves are banned\n|rule|Species Clause: Limit one of each Pok\u00e9mon\n|rule|Sleep Clause Mod: Limit one foe put to sleep\n|clearpoke\n|poke|p1|Forretress, F|\n|poke|p1|Smeargle, M|\n|poke|p1|Zapdos|\n|poke|p1|Tapu Bulu|\n|poke|p1|Iron Hands|\n|poke|p1|Ting-Lu|\n|poke|p2|Salazzle, F|\n|poke|p2|Magnemite, L1|\n|poke|p2|Probopass, L2, M|\n|poke|p2|Mandibuzz, F|\n|poke|p2|Nosepass, L1, F|\n|poke|p2|Tentacruel, M|\n|teampreview\n|\n|t:|1699575967\n|start\n|switch|p1a: Forretress|Forretress, F|100\/100\n|switch|p2a: Literally Level 1|Magnemite, L1|100\/100\n|turn|1\n|\n|t:|1699575974\n|move|p2a: Literally Level 1|Magic Coat|p2a: Literally Level 1\n|-singleturn|p2a: Literally Level 1|move: Magic Coat\n|move|p1a: Forretress|Stealth Rock|p2a: Literally Level 1\n|move|p2a: Literally Level 1|Stealth Rock|p1a: Forretress|[from]Magic Coat\n|-sidestart|p1: Sunnyano|move: Stealth Rock\n|\n|upkeep\n|turn|2\n|\n|t:|1699575985\n|switch|p2a: Sh\ud83d\udca9tsquid|Tentacruel, M|100\/100\n|move|p1a: Forretress|Rapid Spin|p2a: Sh\ud83d\udca9tsquid\n|-damage|p2a: Sh\ud83d\udca9tsquid|84\/100\n|-boost|p1a: Forretress|spe|1\n|-sideend|p1: Sunnyano|Stealth Rock|[from] move: Rapid Spin|[of] p1a: Forretress\n|\n|-heal|p2a: Sh\ud83d\udca9tsquid|90\/100|[from] item: Leftovers\n|upkeep\n|turn|3\n|\n|t:|1699575998\n|move|p2a: Sh\ud83d\udca9tsquid|Knock Off|p1a: Forretress\n|-damage|p1a: Forretress|90\/100\n|-enditem|p1a: Forretress|Leftovers|[from] move: Knock Off|[of] p2a: Sh\ud83d\udca9tsquid\n|move|p1a: Forretress|Stealth Rock|p2a: Sh\ud83d\udca9tsquid\n|-sidestart|p2: dFUCK2GLISCORiMS|move: Stealth Rock\n|\n|-heal|p2a: Sh\ud83d\udca9tsquid|96\/100|[from] item: Leftovers\n|upkeep\n|turn|4\n|\n|t:|1699576008\n|move|p2a: Sh\ud83d\udca9tsquid|Rapid Spin|p1a: Forretress\n|-resisted|p1a: Forretress\n|-damage|p1a: Forretress|88\/100\n|-boost|p2a: Sh\ud83d\udca9tsquid|spe|1\n|-sideend|p2: dFUCK2GLISCORiMS|Stealth Rock|[from] move: Rapid Spin|[of] p2a: Sh\ud83d\udca9tsquid\n|move|p1a: Forretress|Spikes|p2a: Sh\ud83d\udca9tsquid\n|-sidestart|p2: dFUCK2GLISCORiMS|Spikes\n|\n|-heal|p2a: Sh\ud83d\udca9tsquid|100\/100|[from] item: Leftovers\n|upkeep\n|turn|5\n|\n|t:|1699576018\n|move|p2a: Sh\ud83d\udca9tsquid|Scald|p1a: Forretress\n|-damage|p1a: Forretress|50\/100\n|move|p1a: Forretress|Rapid Spin|p2a: Sh\ud83d\udca9tsquid\n|-damage|p2a: Sh\ud83d\udca9tsquid|85\/100\n|-boost|p1a: Forretress|spe|1\n|\n|-heal|p2a: Sh\ud83d\udca9tsquid|91\/100|[from] item: Leftovers\n|upkeep\n|turn|6\n|\n|t:|1699576029\n|switch|p1a: Zapdos|Zapdos|100\/100\n|-ability|p1a: Zapdos|Pressure\n|move|p2a: Sh\ud83d\udca9tsquid|Rapid Spin|p1a: Zapdos\n|-damage|p1a: Zapdos|93\/100\n|-boost|p2a: Sh\ud83d\udca9tsquid|spe|1\n|-sideend|p2: dFUCK2GLISCORiMS|Spikes|[from] move: Rapid Spin|[of] p2a: Sh\ud83d\udca9tsquid\n|\n|-heal|p2a: Sh\ud83d\udca9tsquid|97\/100|[from] item: Leftovers\n|upkeep\n|turn|7\n|\n|t:|1699576040\n|switch|p2a: Literally Level 1|Magnemite, L1|100\/100\n|move|p1a: Zapdos|Volt Switch|p2a: Literally Level 1\n|-resisted|p2a: Literally Level 1\n|-ability|p2a: Literally Level 1|Sturdy\n|-damage|p2a: Literally Level 1|10\/100\n|-enditem|p2a: Literally Level 1|Berry Juice\n|-heal|p2a: Literally Level 1|100\/100|[from] item: Berry Juice\n|\n|t:|1699576050\n|switch|p1a: Iron Hands|Iron Hands|100\/100|[from] Volt Switch\n|-enditem|p1a: Iron Hands|Booster Energy\n|-activate|p1a: Iron Hands|ability: Quark Drive|[fromitem]\n|-start|p1a: Iron Hands|quarkdriveatk\n|\n|upkeep\n|turn|8\n|\n|t:|1699576058\n|move|p1a: Iron Hands|Fake Out|p2a: Literally Level 1\n|-resisted|p2a: Literally Level 1\n|-ability|p2a: Literally Level 1|Sturdy\n|-damage|p2a: Literally Level 1|10\/100\n|cant|p2a: Literally Level 1|flinch\n|\n|upkeep\n|turn|9\n|\n|t:|1699576068\n|move|p1a: Iron Hands|Thunder Punch|p2a: Literally Level 1\n|-resisted|p2a: Literally Level 1\n|-damage|p2a: Literally Level 1|0 fnt\n|faint|p2a: Literally Level 1\n|\n|upkeep\n|\n|t:|1699576079\n|switch|p2a: Click the \u274c|Nosepass, L1, F, shiny|100\/100\n|turn|10\n|\n|t:|1699576088\n|move|p2a: Click the \u274c|Toxic|p1a: Iron Hands\n|-status|p1a: Iron Hands|tox\n|move|p1a: Iron Hands|Whirlwind|p2a: Click the \u274c\n|drag|p2a: No Fun Allowed|Salazzle, F|100\/100\n|\n|-damage|p1a: Iron Hands|94\/100 tox|[from] psn\n|upkeep\n|turn|11\n|\n|t:|1699576117\n|move|p2a: No Fun Allowed|Protect|p2a: No Fun Allowed\n|-singleturn|p2a: No Fun Allowed|Protect\n|move|p1a: Iron Hands|Close Combat|p2a: No Fun Allowed\n|-activate|p2a: No Fun Allowed|move: Protect\n|\n|-damage|p1a: Iron Hands|82\/100 tox|[from] psn\n|upkeep\n|turn|12\n|\n|t:|1699576128\n|-end|p1a: Iron Hands|Quark Drive|[silent]\n|switch|p1a: Smeargle|Smeargle, M|100\/100\n|move|p2a: No Fun Allowed|Substitute|p2a: No Fun Allowed\n|-start|p2a: No Fun Allowed|Substitute\n|-damage|p2a: No Fun Allowed|76\/100\n|\n|-heal|p2a: No Fun Allowed|82\/100|[from] item: Leftovers\n|upkeep\n|turn|13\n|\n|t:|1699576150\n|move|p2a: No Fun Allowed|Flamethrower|p1a: Smeargle\n|-damage|p1a: Smeargle|20\/100\n|move|p1a: Smeargle|Whirlwind|p2a: No Fun Allowed\n|drag|p2a: Level2\ufe0f\u20e3Level2\ufe0f\u20e3|Probopass, L2, M, shiny|100\/100\n|\n|upkeep\n|turn|14\n|\n|t:|1699576163\n|move|p2a: Level2\ufe0f\u20e3Level2\ufe0f\u20e3|Magic Coat|p2a: Level2\ufe0f\u20e3Level2\ufe0f\u20e3\n|-singleturn|p2a: Level2\ufe0f\u20e3Level2\ufe0f\u20e3|move: Magic Coat\n|move|p1a: Smeargle|Spore|p2a: Level2\ufe0f\u20e3Level2\ufe0f\u20e3\n|move|p2a: Level2\ufe0f\u20e3Level2\ufe0f\u20e3|Spore|p1a: Smeargle|[from]Magic Coat\n|-status|p1a: Smeargle|slp|[from] move: Spore\n|\n|upkeep\n|turn|15\n|\n|t:|1699576175\n|switch|p2a: No Fun Allowed|Salazzle, F|82\/100\n|cant|p1a: Smeargle|slp\n|\n|-heal|p2a: No Fun Allowed|88\/100|[from] item: Leftovers\n|upkeep\n|turn|16\n|inactive|Battle timer is ON: inactive players will automatically lose when time's up. (requested by dFUCK2GLISCORiMS)\n|\n|t:|1699576192\n|switch|p1a: Ting-Lu|Ting-Lu|100\/100\n|-ability|p1a: Ting-Lu|Vessel of Ruin\n|move|p2a: No Fun Allowed|Substitute|p2a: No Fun Allowed\n|-start|p2a: No Fun Allowed|Substitute\n|-damage|p2a: No Fun Allowed|63\/100\n|\n|-heal|p2a: No Fun Allowed|69\/100|[from] item: Leftovers\n|upkeep\n|turn|17\n|\n|t:|1699576205\n|move|p2a: No Fun Allowed|Toxic|p1a: Ting-Lu\n|-status|p1a: Ting-Lu|tox\n|move|p1a: Ting-Lu|Whirlwind|p2a: No Fun Allowed\n|drag|p2a: Sh\ud83d\udca9tsquid|Tentacruel, M|97\/100\n|\n|-heal|p2a: Sh\ud83d\udca9tsquid|100\/100|[from] item: Leftovers\n|-damage|p1a: Ting-Lu|94\/100 tox|[from] psn\n|upkeep\n|turn|18\n|\n|t:|1699576220\n|switch|p2a: Sh\ud83d\udca9tbird|Mandibuzz, F|100\/100\n|move|p1a: Ting-Lu|Ruination|p2a: Sh\ud83d\udca9tbird\n|-damage|p2a: Sh\ud83d\udca9tbird|51\/100\n|-damage|p1a: Ting-Lu|84\/100 tox|[from] item: Life Orb\n|\n|-damage|p1a: Ting-Lu|72\/100 tox|[from] psn\n|upkeep\n|turn|19\n|\n|t:|1699576249\n|move|p2a: Sh\ud83d\udca9tbird|Roost|p2a: Sh\ud83d\udca9tbird\n|-heal|p2a: Sh\ud83d\udca9tbird|100\/100\n|-singleturn|p2a: Sh\ud83d\udca9tbird|move: Roost\n|move|p1a: Ting-Lu|Throat Chop|p2a: Sh\ud83d\udca9tbird\n|-resisted|p2a: Sh\ud83d\udca9tbird\n|-damage|p2a: Sh\ud83d\udca9tbird|85\/100\n|-start|p2a: Sh\ud83d\udca9tbird|Throat Chop|[silent]\n|-damage|p1a: Ting-Lu|62\/100 tox|[from] item: Life Orb\n|\n|-damage|p1a: Ting-Lu|43\/100 tox|[from] psn\n|upkeep\n|turn|20\n|\n|t:|1699576262\n|switch|p1a: Iron Hands|Iron Hands|82\/100 tox\n|move|p2a: Sh\ud83d\udca9tbird|Foul Play|p1a: Iron Hands\n|-resisted|p1a: Iron Hands\n|-crit|p1a: Iron Hands\n|-damage|p1a: Iron Hands|53\/100 tox\n|\n|-damage|p1a: Iron Hands|47\/100 tox|[from] psn\n|-end|p2a: Sh\ud83d\udca9tbird|Throat Chop|[silent]\n|upkeep\n|turn|21\n|\n|t:|1699576273\n|move|p1a: Iron Hands|Fake Out|p2a: Sh\ud83d\udca9tbird\n|-damage|p2a: Sh\ud83d\udca9tbird|77\/100\n|cant|p2a: Sh\ud83d\udca9tbird|flinch\n|\n|-damage|p1a: Iron Hands|35\/100 tox|[from] psn\n|upkeep\n|turn|22\n|inactive|Sunnyano has 120 seconds left.\n|\n|t:|1699576289\n|move|p2a: Sh\ud83d\udca9tbird|Roost|p2a: Sh\ud83d\udca9tbird\n|-heal|p2a: Sh\ud83d\udca9tbird|100\/100\n|-singleturn|p2a: Sh\ud83d\udca9tbird|move: Roost\n|move|p1a: Iron Hands|Thunder Punch|p2a: Sh\ud83d\udca9tbird\n|-damage|p2a: Sh\ud83d\udca9tbird|73\/100\n|\n|-damage|p1a: Iron Hands|17\/100 tox|[from] psn\n|upkeep\n|turn|23\n|inactive|Sunnyano has 120 seconds left.\n|\n|t:|1699576304\n|move|p2a: Sh\ud83d\udca9tbird|Foul Play|p1a: Iron Hands\n|-resisted|p1a: Iron Hands\n|-crit|p1a: Iron Hands\n|-damage|p1a: Iron Hands|0 fnt\n|faint|p1a: Iron Hands\n|-end|p1a: Iron Hands|Quark Drive|[silent]\n|\n|upkeep\n|inactive|Sunnyano has 120 seconds left.\n|\n|t:|1699576312\n|switch|p1a: Zapdos|Zapdos|93\/100\n|-ability|p1a: Zapdos|Pressure\n|turn|24\n|\n|t:|1699576340\n|-terastallize|p2a: Sh\ud83d\udca9tbird|Ground\n|move|p1a: Zapdos|Volt Switch|p2a: Sh\ud83d\udca9tbird\n|-immune|p2a: Sh\ud83d\udca9tbird\n|move|p2a: Sh\ud83d\udca9tbird|Toxic|p1a: Zapdos\n|-status|p1a: Zapdos|tox\n|\n|-damage|p1a: Zapdos|87\/100 tox|[from] psn\n|upkeep\n|turn|25\n|\n|t:|1699576352\n|switch|p1a: Tapu Bulu|Tapu Bulu|100\/100\n|-fieldstart|move: Grassy Terrain|[from] ability: Grassy Surge|[of] p1a: Tapu Bulu\n|move|p2a: Sh\ud83d\udca9tbird|Toxic|p1a: Tapu Bulu\n|-status|p1a: Tapu Bulu|tox\n|\n|-heal|p2a: Sh\ud83d\udca9tbird|79\/100|[from] Grassy Terrain\n|-damage|p1a: Tapu Bulu|94\/100 tox|[from] psn\n|upkeep\n|turn|26\n|c|\u2606dFUCK2GLISCORiMS|gg\n|inactive|Sunnyano has 120 seconds left.\n|\n|t:|1699576372\n|switch|p2a: Click the \u274c|Nosepass, L1, F, shiny|100\/100\n|move|p1a: Tapu Bulu|Wood Hammer|p2a: Click the \u274c\n|-supereffective|p2a: Click the \u274c\n|-crit|p2a: Click the \u274c\n|-ability|p2a: Click the \u274c|Sturdy\n|-damage|p2a: Click the \u274c|10\/100\n|-enditem|p2a: Click the \u274c|Berry Juice\n|-heal|p2a: Click the \u274c|100\/100|[from] item: Berry Juice\n|-damage|p1a: Tapu Bulu|94\/100 tox|[from] Recoil\n|\n|-heal|p1a: Tapu Bulu|99\/100 tox|[from] Grassy Terrain\n|-damage|p1a: Tapu Bulu|87\/100 tox|[from] psn\n|upkeep\n|turn|27\n|inactive|Sunnyano has 120 seconds left.\n|\n|t:|1699576411\n|move|p1a: Tapu Bulu|Nature's Madness|p2a: Click the \u274c\n|-damage|p2a: Click the \u274c|55\/100\n|move|p2a: Click the \u274c|Pain Split|p1a: Tapu Bulu\n|-sethp|p1a: Tapu Bulu|45\/100 tox|[from] move: Pain Split|[silent]\n|-sethp|p2a: Click the \u274c|100\/100|[from] move: Pain Split\n|\n|-heal|p1a: Tapu Bulu|51\/100 tox|[from] Grassy Terrain\n|-damage|p1a: Tapu Bulu|33\/100 tox|[from] psn\n|upkeep\n|turn|28\n|\n|t:|1699576423\n|move|p1a: Tapu Bulu|Synthesis|p1a: Tapu Bulu\n|-heal|p1a: Tapu Bulu|82\/100 tox\n|move|p2a: Click the \u274c|Pain Split|p1a: Tapu Bulu\n|-sethp|p1a: Tapu Bulu|43\/100 tox|[from] move: Pain Split|[silent]\n|-sethp|p2a: Click the \u274c|100\/100|[from] move: Pain Split\n|\n|-heal|p1a: Tapu Bulu|49\/100 tox|[from] Grassy Terrain\n|-damage|p1a: Tapu Bulu|25\/100 tox|[from] psn\n|upkeep\n|turn|29\n|\n|t:|1699576435\n|-zpower|p1a: Tapu Bulu\n|move|p1a: Tapu Bulu|Guardian of Alola|p2a: Click the \u274c|[zeffect]\n|-damage|p2a: Click the \u274c|28\/100\n|move|p2a: Click the \u274c|Pain Split|p1a: Tapu Bulu\n|-sethp|p1a: Tapu Bulu|13\/100 tox|[from] move: Pain Split|[silent]\n|-sethp|p2a: Click the \u274c|100\/100|[from] move: Pain Split\n|\n|-heal|p1a: Tapu Bulu|19\/100 tox|[from] Grassy Terrain\n|-damage|p1a: Tapu Bulu|0 fnt|[from] psn\n|faint|p1a: Tapu Bulu\n|-fieldend|move: Grassy Terrain\n|upkeep\n|inactive|Sunnyano has 90 seconds left.\n|-message|Sunnyano forfeited.\n|\n|win|dFUCK2GLISCORiMS\n|raw|Sunnyano's rating: 1058 &rarr; <strong>1042<\/strong><br \/>(-16 for losing)\n|raw|dFUCK2GLISCORiMS's rating: 1107 &rarr; <strong>1128<\/strong><br \/>(+21 for winning)\n|l|\u2606Sunnyano\n","uploadtime":1699576462,"views":4,"p1id":"sunnyano","p2id":"dfuck2gliscorims","formatid":"gen9nationaldex","rating":1042,"private":0,"password":""}