{"id":"gen9nationaldex-1992904093","p1":"mengmengc","p2":"femurdeeznuts","format":"[Gen 9] National Dex","log":"|j|\u2606mengmengc\n|j|\u2606femurdeeznuts\n|t:|1700245494\n|gametype|singles\n|player|p1|mengmengc|hilda|1227\n|player|p2|femurdeeznuts|bianca|1192\n|teamsize|p1|6\n|teamsize|p2|6\n|gen|9\n|tier|[Gen 9] National Dex\n|rated|\n|rule|HP Percentage Mod: HP is shown in percentages\n|rule|Endless Battle Clause: Forcing endless battles is banned\n|rule|OHKO Clause: OHKO moves are banned\n|rule|Evasion Clause: Evasion abilities, items, and moves are banned\n|rule|Evasion Abilities Clause: Evasion abilities are banned\n|rule|Evasion Items Clause: Evasion items are banned\n|rule|Evasion Moves Clause: Evasion moves are banned\n|rule|Species Clause: Limit one of each Pok\u00e9mon\n|rule|Sleep Clause Mod: Limit one foe put to sleep\n|clearpoke\n|poke|p1|Heatran, F|\n|poke|p1|Cresselia, F|\n|poke|p1|Crawdaunt, F|\n|poke|p1|Beedrill, M|\n|poke|p1|Ursaluna, F|\n|poke|p1|Hatterene, F|\n|poke|p2|Clamperl, M|\n|poke|p2|Shuckle, M|\n|poke|p2|Abomasnow, F|\n|poke|p2|Clodsire, M|\n|poke|p2|Zoroark-Hisui, F|\n|poke|p2|Tsareena, F|\n|teampreview\n|inactive|Battle timer is ON: inactive players will automatically lose when time's up. (requested by femurdeeznuts)\n|inactive|mengmengc also wants the timer to be on.\n|\n|t:|1700245520\n|start\n|switch|p1a: Crawdaunt|Crawdaunt, F|100\/100\n|switch|p2a: Rizz|Shuckle, M|100\/100\n|turn|1\n|\n|t:|1700245534\n|move|p2a: Rizz|Hyper Voice|p1a: Crawdaunt\n|-damage|p1a: Crawdaunt|0 fnt\n|faint|p1a: Crawdaunt\n|\n|upkeep\n|inactive|mengmengc has 120 seconds left.\n|\n|t:|1700245569\n|switch|p1a: Beedrill|Beedrill, M|100\/100\n|turn|2\n|inactive|mengmengc has 120 seconds left.\n|\n|t:|1700245579\n|detailschange|p1a: Beedrill|Beedrill-Mega, M\n|-mega|p1a: Beedrill|Beedrill|Beedrillite\n|move|p1a: Beedrill|Drill Run|p2a: Rizz\n|-crit|p2a: Rizz\n|-damage|p2a: Rizz|0 fnt\n|replace|p2a: Angst|Zoroark-Hisui, F\n|-end|p2a: Angst|Illusion\n|faint|p2a: Angst\n|\n|upkeep\n|\n|t:|1700245588\n|switch|p2a: HereComesTheBoy|Clodsire, M|100\/100\n|turn|3\n|inactive|mengmengc has 120 seconds left.\n|\n|t:|1700245601\n|switch|p1a: Ursaluna|Ursaluna, F|100\/100\n|-terastallize|p2a: HereComesTheBoy|Dark\n|move|p2a: HereComesTheBoy|Toxic|p1a: Ursaluna\n|-status|p1a: Ursaluna|tox\n|\n|-damage|p1a: Ursaluna|94\/100 tox|[from] psn\n|upkeep\n|turn|4\n|inactive|mengmengc has 120 seconds left.\n|\n|t:|1700245622\n|move|p1a: Ursaluna|Swords Dance|p1a: Ursaluna\n|-boost|p1a: Ursaluna|atk|2\n|move|p2a: HereComesTheBoy|Spikes|p1a: Ursaluna\n|-sidestart|p1: mengmengc|Spikes\n|\n|-damage|p1a: Ursaluna|82\/100 tox|[from] psn\n|upkeep\n|turn|5\n|\n|t:|1700245633\n|move|p1a: Ursaluna|Facade|p2a: HereComesTheBoy\n|-damage|p2a: HereComesTheBoy|1\/100\n|move|p2a: HereComesTheBoy|Earthquake|p1a: Ursaluna\n|-damage|p1a: Ursaluna|62\/100 tox\n|\n|-heal|p2a: HereComesTheBoy|7\/100|[from] item: Leftovers\n|-damage|p1a: Ursaluna|44\/100 tox|[from] psn\n|upkeep\n|turn|6\n|inactive|mengmengc has 120 seconds left.\n|\n|t:|1700245644\n|move|p1a: Ursaluna|Facade|p2a: HereComesTheBoy\n|-damage|p2a: HereComesTheBoy|0 fnt\n|faint|p2a: HereComesTheBoy\n|\n|-damage|p1a: Ursaluna|19\/100 tox|[from] psn\n|upkeep\n|\n|t:|1700245648\n|switch|p2a: SODA!!!|Abomasnow, F|100\/100\n|-weather|Snow|[from] ability: Snow Warning|[of] p2a: SODA!!!\n|turn|7\n|inactive|mengmengc has 120 seconds left.\n|\n|t:|1700245667\n|switch|p1a: Cresselia|Cresselia, F|100\/100\n|move|p2a: SODA!!!|Ice Shard|p1a: Cresselia\n|-damage|p1a: Cresselia|90\/100\n|\n|-weather|Snow|[upkeep]\n|upkeep\n|turn|8\n|inactive|mengmengc has 120 seconds left.\n|\n|t:|1700245676\n|move|p2a: SODA!!!|Aurora Veil|p2a: SODA!!!\n|-sidestart|p2: femurdeeznuts|move: Aurora Veil\n|move|p1a: Cresselia|Trick Room|p1a: Cresselia\n|-fieldstart|move: Trick Room|[of] p1a: Cresselia\n|\n|-weather|Snow|[upkeep]\n|upkeep\n|turn|9\n|inactive|mengmengc has 120 seconds left.\n|\n|t:|1700245697\n|switch|p1a: Heatran|Heatran, F|100\/100\n|-damage|p1a: Heatran|88\/100|[from] Spikes\n|move|p2a: SODA!!!|Wood Hammer|p1a: Heatran\n|-resisted|p1a: Heatran\n|-damage|p1a: Heatran|76\/100\n|-damage|p2a: SODA!!!|97\/100|[from] Recoil\n|\n|-weather|Snow|[upkeep]\n|upkeep\n|turn|10\n|\n|t:|1700245708\n|switch|p2a: Goated|Clamperl, M|100\/100\n|move|p1a: Heatran|Heat Wave|p2a: Goated\n|-resisted|p2a: Goated\n|-damage|p2a: Goated|67\/100\n|\n|-weather|Snow|[upkeep]\n|upkeep\n|turn|11\n|\n|t:|1700245738\n|-terastallize|p1a: Heatran|Grass\n|move|p2a: Goated|Surf|p1a: Heatran\n|-resisted|p1a: Heatran\n|-damage|p1a: Heatran|56\/100\n|move|p1a: Heatran|Tera Blast|p2a: Goated|[anim] Tera Blast Grass\n|-supereffective|p2a: Goated\n|-damage|p2a: Goated|0 fnt\n|faint|p2a: Goated\n|\n|-weather|none\n|upkeep\n|\n|t:|1700245746\n|switch|p2a: SODA!!!|Abomasnow, F|97\/100\n|-weather|Snow|[from] ability: Snow Warning|[of] p2a: SODA!!!\n|turn|12\n|\n|t:|1700245754\n|move|p1a: Heatran|Heat Wave|p2a: SODA!!!|[miss]\n|-miss|p1a: Heatran|p2a: SODA!!!\n|move|p2a: SODA!!!|Avalanche|p1a: Heatran\n|-supereffective|p1a: Heatran\n|-damage|p1a: Heatran|11\/100\n|\n|-weather|Snow|[upkeep]\n|-fieldend|move: Trick Room\n|upkeep\n|turn|13\n|\n|t:|1700245768\n|switch|p1a: Cresselia|Cresselia, F|90\/100\n|move|p2a: SODA!!!|Ice Shard|p1a: Cresselia\n|-damage|p1a: Cresselia|79\/100\n|\n|-weather|Snow|[upkeep]\n|upkeep\n|turn|14\n|\n|t:|1700245780\n|switch|p2a: Tsareena|Tsareena, F|100\/100\n|move|p1a: Cresselia|Trick Room|p1a: Cresselia\n|-fieldstart|move: Trick Room|[of] p1a: Cresselia\n|\n|-weather|Snow|[upkeep]\n|upkeep\n|turn|15\n|-message|femurdeeznuts forfeited.\n|\n|win|mengmengc\n|raw|mengmengc's rating: 1227 &rarr; <strong>1249<\/strong><br \/>(+22 for winning)\n|raw|femurdeeznuts's rating: 1192 &rarr; <strong>1170<\/strong><br \/>(-22 for losing)\n|l|\u2606femurdeeznuts\n","uploadtime":1700245831,"views":6,"p1id":"mengmengc","p2id":"femurdeeznuts","formatid":"gen9nationaldex","rating":1170,"private":0,"password":""}