{"id":"gen9nationaldex-1995627078","p1":"ohcysp","p2":"bugmonobestmono","format":"[Gen 9] National Dex","log":"|html|<div class=\"broadcast-blue\"><strong>[Gen 9] National Dex is currently suspecting Sneasler! For information on how to participate check out the <a href=\"https:\/\/www.smogon.com\/forums\/threads\/sv-national-dex-suspect-8-just-dance.3731534\/\">suspect thread<\/a>.<\/strong><\/div>\n|j|\u2606ohcysp\n|j|\u2606bugmonobestmono\n|t:|1700588747\n|gametype|singles\n|player|p1|ohcysp|cynthia|1540\n|player|p2|bugmonobestmono|bugcatcher-gen4dp|1464\n|teamsize|p1|6\n|teamsize|p2|6\n|gen|9\n|tier|[Gen 9] National Dex\n|rated|\n|rule|HP Percentage Mod: HP is shown in percentages\n|rule|Endless Battle Clause: Forcing endless battles is banned\n|rule|OHKO Clause: OHKO moves are banned\n|rule|Evasion Clause: Evasion abilities, items, and moves are banned\n|rule|Evasion Abilities Clause: Evasion abilities are banned\n|rule|Evasion Items Clause: Evasion items are banned\n|rule|Evasion Moves Clause: Evasion moves are banned\n|rule|Species Clause: Limit one of each Pok\u00e9mon\n|rule|Sleep Clause Mod: Limit one foe put to sleep\n|clearpoke\n|poke|p1|Scizor, F|\n|poke|p1|Gastrodon-East, M|\n|poke|p1|Moltres|\n|poke|p1|Tapu Lele|\n|poke|p1|Weavile, F|\n|poke|p1|Garganacl, M|\n|poke|p2|Volcarona, M|\n|poke|p2|Scizor, M|\n|poke|p2|Araquanid, F|\n|poke|p2|Frosmoth, F|\n|poke|p2|Kleavor, M|\n|poke|p2|Buzzwole|\n|teampreview\n|inactive|Battle timer is ON: inactive players will automatically lose when time's up. (requested by bugmonobestmono)\n|c|\u2606bugmonobestmono|glhf\n|\n|t:|1700588759\n|start\n|switch|p1a: Salt Dwarf \ud83e\uddc2\ud83e\uddcc|Garganacl, M|100\/100\n|switch|p2a: Frosmoth|Frosmoth, F|100\/100\n|turn|1\n|\n|t:|1700588762\n|-terastallize|p2a: Frosmoth|Ground\n|move|p2a: Frosmoth|Substitute|p2a: Frosmoth\n|-start|p2a: Frosmoth|Substitute\n|-damage|p2a: Frosmoth|76\/100\n|move|p1a: Salt Dwarf \ud83e\uddc2\ud83e\uddcc|Salt Cure|p2a: Frosmoth\n|-resisted|p2a: Frosmoth\n|-activate|p2a: Frosmoth|move: Substitute|[damage]\n|\n|-heal|p2a: Frosmoth|82\/100|[from] item: Leftovers\n|upkeep\n|turn|2\n|\n|t:|1700588767\n|move|p2a: Frosmoth|Quiver Dance|p2a: Frosmoth\n|-boost|p2a: Frosmoth|spa|1\n|-boost|p2a: Frosmoth|spd|1\n|-boost|p2a: Frosmoth|spe|1\n|move|p1a: Salt Dwarf \ud83e\uddc2\ud83e\uddcc|Body Press|p2a: Frosmoth\n|-end|p2a: Frosmoth|Substitute\n|\n|-heal|p2a: Frosmoth|88\/100|[from] item: Leftovers\n|upkeep\n|turn|3\n|\n|t:|1700588773\n|move|p2a: Frosmoth|Tera Blast|p1a: Salt Dwarf \ud83e\uddc2\ud83e\uddcc|[anim] Tera Blast Ground\n|-supereffective|p1a: Salt Dwarf \ud83e\uddc2\ud83e\uddcc\n|-damage|p1a: Salt Dwarf \ud83e\uddc2\ud83e\uddcc|11\/100\n|move|p1a: Salt Dwarf \ud83e\uddc2\ud83e\uddcc|Body Press|p2a: Frosmoth\n|-damage|p2a: Frosmoth|51\/100\n|\n|-heal|p2a: Frosmoth|57\/100|[from] item: Leftovers\n|-heal|p1a: Salt Dwarf \ud83e\uddc2\ud83e\uddcc|17\/100|[from] item: Leftovers\n|upkeep\n|turn|4\n|\n|t:|1700588776\n|switch|p1a: Moltres|Moltres|100\/100\n|move|p2a: Frosmoth|Substitute|p2a: Frosmoth\n|-start|p2a: Frosmoth|Substitute\n|-damage|p2a: Frosmoth|33\/100\n|\n|-heal|p2a: Frosmoth|39\/100|[from] item: Leftovers\n|upkeep\n|turn|5\n|\n|t:|1700588779\n|move|p2a: Frosmoth|Quiver Dance|p2a: Frosmoth\n|-boost|p2a: Frosmoth|spa|1\n|-boost|p2a: Frosmoth|spd|1\n|-boost|p2a: Frosmoth|spe|1\n|move|p1a: Moltres|Flamethrower|p2a: Frosmoth\n|-activate|p2a: Frosmoth|move: Substitute|[damage]\n|\n|-heal|p2a: Frosmoth|45\/100|[from] item: Leftovers\n|upkeep\n|turn|6\n|\n|t:|1700588782\n|move|p2a: Frosmoth|Ice Beam|p1a: Moltres\n|-damage|p1a: Moltres|6\/100\n|move|p1a: Moltres|Flamethrower|p2a: Frosmoth\n|-activate|p2a: Frosmoth|move: Substitute|[damage]\n|\n|-heal|p2a: Frosmoth|51\/100|[from] item: Leftovers\n|upkeep\n|turn|7\n|\n|t:|1700588793\n|move|p2a: Frosmoth|Quiver Dance|p2a: Frosmoth\n|-boost|p2a: Frosmoth|spa|1\n|-boost|p2a: Frosmoth|spd|1\n|-boost|p2a: Frosmoth|spe|1\n|move|p1a: Moltres|Flamethrower|p2a: Frosmoth\n|-end|p2a: Frosmoth|Substitute\n|\n|-heal|p2a: Frosmoth|57\/100|[from] item: Leftovers\n|upkeep\n|turn|8\n|\n|t:|1700588814\n|switch|p1a: THE PROCESS\u2122\ufe0f|Weavile, F|100\/100\n|-ability|p1a: THE PROCESS\u2122\ufe0f|Pressure\n|move|p2a: Frosmoth|Substitute|p2a: Frosmoth\n|-start|p2a: Frosmoth|Substitute\n|-damage|p2a: Frosmoth|32\/100\n|\n|-heal|p2a: Frosmoth|38\/100|[from] item: Leftovers\n|upkeep\n|turn|9\n|\n|t:|1700588817\n|move|p2a: Frosmoth|Tera Blast|p1a: THE PROCESS\u2122\ufe0f|[anim] Tera Blast Ground\n|-damage|p1a: THE PROCESS\u2122\ufe0f|0 fnt\n|faint|p1a: THE PROCESS\u2122\ufe0f\n|\n|-heal|p2a: Frosmoth|44\/100|[from] item: Leftovers\n|upkeep\n|\n|t:|1700588821\n|switch|p1a: Scizor|Scizor, F|100\/100\n|turn|10\n|\n|t:|1700588823\n|detailschange|p1a: Scizor|Scizor-Mega, F\n|-mega|p1a: Scizor|Scizor|Scizorite\n|move|p1a: Scizor|Bullet Punch|p2a: Frosmoth\n|-end|p2a: Frosmoth|Substitute\n|move|p2a: Frosmoth|Tera Blast|p1a: Scizor|[anim] Tera Blast Ground\n|-damage|p1a: Scizor|0 fnt\n|faint|p1a: Scizor\n|\n|-heal|p2a: Frosmoth|50\/100|[from] item: Leftovers\n|upkeep\n|-message|ohcysp forfeited.\n|\n|win|bugmonobestmono\n|raw|ohcysp's rating: 1540 &rarr; <strong>1516<\/strong><br \/>(-24 for losing)\n|raw|bugmonobestmono's rating: 1464 &rarr; <strong>1488<\/strong><br \/>(+24 for winning)\n|l|\u2606ohcysp\n","uploadtime":1700588834,"views":8,"p1id":"ohcysp","p2id":"bugmonobestmono","formatid":"gen9nationaldex","rating":1488,"private":0,"password":""}