{"id":"gen9nationaldex-1995704032","p1":"Itami Dark","p2":"DeathRayKPK","format":"[Gen 9] National Dex","log":"|html|<div class=\"broadcast-blue\"><strong>[Gen 9] National Dex is currently suspecting Sneasler! For information on how to participate check out the <a href=\"https:\/\/www.smogon.com\/forums\/threads\/sv-national-dex-suspect-8-just-dance.3731534\/\">suspect thread<\/a>.<\/strong><\/div>\n|j|\u2606Itami Dark\n|j|\u2606DeathRayKPK\n|t:|1700595452\n|gametype|singles\n|player|p1|Itami Dark|palmer|1424\n|player|p2|DeathRayKPK|101|1389\n|teamsize|p1|6\n|teamsize|p2|6\n|gen|9\n|tier|[Gen 9] National Dex\n|rated|\n|rule|HP Percentage Mod: HP is shown in percentages\n|rule|Endless Battle Clause: Forcing endless battles is banned\n|rule|OHKO Clause: OHKO moves are banned\n|rule|Evasion Clause: Evasion abilities, items, and moves are banned\n|rule|Evasion Abilities Clause: Evasion abilities are banned\n|rule|Evasion Items Clause: Evasion items are banned\n|rule|Evasion Moves Clause: Evasion moves are banned\n|rule|Species Clause: Limit one of each Pok\u00e9mon\n|rule|Sleep Clause Mod: Limit one foe put to sleep\n|clearpoke\n|poke|p1|Latias, F|\n|poke|p1|Garganacl, M|\n|poke|p1|Toxapex, F|\n|poke|p1|Landorus-Therian, M|\n|poke|p1|Ferrothorn, M|\n|poke|p1|Alomomola, F|\n|poke|p2|Pelipper, M|\n|poke|p2|Ferrothorn, F|\n|poke|p2|Barraskewda, M|\n|poke|p2|Tapu Lele|\n|poke|p2|Zapdos|\n|poke|p2|Kommo-o, M|\n|teampreview\n|inactive|Battle timer is ON: inactive players will automatically lose when time's up. (requested by Itami Dark)\n|inactive|DeathRayKPK has 120 seconds left.\n|\n|t:|1700595486\n|start\n|switch|p1a: Ferrothorn|Ferrothorn, M|100\/100\n|switch|p2a: Pelipper|Pelipper, M|100\/100\n|-weather|RainDance|[from] ability: Drizzle|[of] p2a: Pelipper\n|turn|1\n|inactive|Itami Dark has 120 seconds left.\n|\n|t:|1700595544\n|switch|p2a: Zapdos|Zapdos|100\/100\n|move|p1a: Ferrothorn|Spikes|p2a: Zapdos\n|-sidestart|p2: DeathRayKPK|Spikes\n|\n|-weather|RainDance|[upkeep]\n|upkeep\n|turn|2\n|\n|t:|1700595553\n|move|p2a: Zapdos|Hurricane|p1a: Ferrothorn\n|-damage|p1a: Ferrothorn|66\/100\n|move|p1a: Ferrothorn|Leech Seed|p2a: Zapdos\n|-start|p2a: Zapdos|move: Leech Seed\n|\n|-weather|RainDance|[upkeep]\n|-heal|p1a: Ferrothorn|72\/100|[from] item: Leftovers\n|-damage|p2a: Zapdos|88\/100|[from] Leech Seed|[of] p1a: Ferrothorn\n|-heal|p1a: Ferrothorn|85\/100|[silent]\n|upkeep\n|turn|3\n|\n|t:|1700595562\n|switch|p2a: Kommo-o|Kommo-o, M|100\/100\n|-damage|p2a: Kommo-o|88\/100|[from] Spikes\n|move|p1a: Ferrothorn|Spikes|p2a: Kommo-o\n|-sidestart|p2: DeathRayKPK|Spikes\n|\n|-weather|RainDance|[upkeep]\n|-heal|p1a: Ferrothorn|92\/100|[from] item: Leftovers\n|upkeep\n|turn|4\n|\n|t:|1700595571\n|-terastallize|p1a: Ferrothorn|Ghost\n|-zpower|p2a: Kommo-o\n|move|p2a: Kommo-o|Clangorous Soulblaze|p1a: Ferrothorn|[zeffect]\n|-damage|p1a: Ferrothorn|32\/100\n|-boost|p2a: Kommo-o|atk|1\n|-boost|p2a: Kommo-o|def|1\n|-boost|p2a: Kommo-o|spa|1\n|-boost|p2a: Kommo-o|spd|1\n|-boost|p2a: Kommo-o|spe|1\n|move|p1a: Ferrothorn|Leech Seed|p2a: Kommo-o\n|-start|p2a: Kommo-o|move: Leech Seed\n|\n|-weather|RainDance|[upkeep]\n|-heal|p1a: Ferrothorn|38\/100|[from] item: Leftovers\n|-damage|p2a: Kommo-o|76\/100|[from] Leech Seed|[of] p1a: Ferrothorn\n|-heal|p1a: Ferrothorn|48\/100|[silent]\n|upkeep\n|turn|5\n|\n|t:|1700595594\n|move|p2a: Kommo-o|Clanging Scales|p1a: Ferrothorn\n|-damage|p1a: Ferrothorn|0 fnt\n|faint|p1a: Ferrothorn\n|-unboost|p2a: Kommo-o|def|1\n|\n|-weather|RainDance|[upkeep]\n|upkeep\n|\n|t:|1700595597\n|switch|p1a: Toxapex|Toxapex, F|100\/100\n|turn|6\n|\n|t:|1700595610\n|move|p2a: Kommo-o|Boomburst|p1a: Toxapex\n|-damage|p1a: Toxapex|61\/100\n|move|p1a: Toxapex|Haze|p1a: Toxapex\n|-clearallboost\n|\n|-weather|RainDance|[upkeep]\n|-damage|p2a: Kommo-o|63\/100|[from] Leech Seed|[of] p1a: Toxapex\n|-heal|p1a: Toxapex|73\/100|[silent]\n|upkeep\n|turn|7\n|\n|t:|1700595626\n|switch|p2a: Zapdos|Zapdos|88\/100\n|move|p1a: Toxapex|Toxic Spikes|p2a: Zapdos\n|-sidestart|p2: DeathRayKPK|move: Toxic Spikes\n|\n|-weather|RainDance|[upkeep]\n|upkeep\n|turn|8\n|\n|t:|1700595633\n|switch|p1a: Garganacl|Garganacl, M|100\/100\n|move|p2a: Zapdos|Defog|p1a: Garganacl\n|-unboost|p1a: Garganacl|evasion|1\n|-sideend|p2: DeathRayKPK|Spikes|[from] move: Defog|[of] p2a: Zapdos\n|-sideend|p2: DeathRayKPK|Toxic Spikes|[from] move: Defog|[of] p2a: Zapdos\n|\n|-weather|none\n|upkeep\n|turn|9\n|\n|t:|1700595645\n|switch|p2a: Pelipper|Pelipper, M|100\/100\n|-weather|RainDance|[from] ability: Drizzle|[of] p2a: Pelipper\n|move|p1a: Garganacl|Salt Cure|p2a: Pelipper\n|-supereffective|p2a: Pelipper\n|-damage|p2a: Pelipper|71\/100\n|-start|p2a: Pelipper|Salt Cure\n|\n|-weather|RainDance|[upkeep]\n|-damage|p2a: Pelipper|46\/100|[from] Salt Cure\n|upkeep\n|turn|10\n|\n|t:|1700595658\n|switch|p1a: Latias|Latias, F|100\/100\n|move|p2a: Pelipper|U-turn|p1a: Latias\n|-supereffective|p1a: Latias\n|-damage|p1a: Latias|84\/100\n|\n|t:|1700595668\n|switch|p2a: Tapu Lele|Tapu Lele|100\/100|[from] U-turn\n|-fieldstart|move: Psychic Terrain|[from] ability: Psychic Surge|[of] p2a: Tapu Lele\n|\n|-weather|RainDance|[upkeep]\n|upkeep\n|turn|11\n|\n|t:|1700595681\n|switch|p1a: Garganacl|Garganacl, M|100\/100\n|move|p2a: Tapu Lele|Shadow Ball|p1a: Garganacl\n|-damage|p1a: Garganacl|91\/100\n|\n|-weather|RainDance|[upkeep]\n|-heal|p1a: Garganacl|97\/100|[from] item: Leftovers\n|upkeep\n|turn|12\n|\n|t:|1700595703\n|switch|p2a: Barraskewda|Barraskewda, M|100\/100\n|move|p1a: Garganacl|Salt Cure|p2a: Barraskewda\n|-damage|p2a: Barraskewda|74\/100\n|-start|p2a: Barraskewda|Salt Cure\n|\n|-weather|RainDance|[upkeep]\n|-heal|p1a: Garganacl|100\/100|[from] item: Leftovers\n|-damage|p2a: Barraskewda|50\/100|[from] Salt Cure\n|upkeep\n|turn|13\n|\n|t:|1700595709\n|switch|p1a: Alomomola|Alomomola, F, shiny|100\/100\n|-terastallize|p2a: Barraskewda|Water\n|move|p2a: Barraskewda|Waterfall|p1a: Alomomola\n|-resisted|p1a: Alomomola\n|-damage|p1a: Alomomola|54\/100\n|\n|-weather|RainDance|[upkeep]\n|-damage|p2a: Barraskewda|25\/100|[from] Salt Cure\n|upkeep\n|turn|14\n|\n|t:|1700595717\n|switch|p2a: Ferrothorn|Ferrothorn, F|100\/100\n|switch|p1a: Toxapex|Toxapex, F|100\/100\n|\n|-weather|RainDance|[upkeep]\n|-fieldend|move: Psychic Terrain\n|upkeep\n|turn|15\n|\n|t:|1700595726\n|switch|p1a: Garganacl|Garganacl, M|100\/100\n|move|p2a: Ferrothorn|Thunder Wave|p1a: Garganacl\n|-immune|p1a: Garganacl|[from] ability: Purifying Salt\n|\n|-weather|RainDance|[upkeep]\n|upkeep\n|turn|16\n|\n|t:|1700595728\n|move|p1a: Garganacl|Salt Cure|p2a: Ferrothorn\n|-resisted|p2a: Ferrothorn\n|-damage|p2a: Ferrothorn|97\/100\n|-start|p2a: Ferrothorn|Salt Cure\n|move|p2a: Ferrothorn|Leech Seed|p1a: Garganacl\n|-start|p1a: Garganacl|move: Leech Seed\n|\n|-weather|none\n|-heal|p2a: Ferrothorn|100\/100|[from] item: Leftovers\n|-damage|p1a: Garganacl|88\/100|[from] Leech Seed|[of] p2a: Ferrothorn\n|-damage|p2a: Ferrothorn|75\/100|[from] Salt Cure\n|upkeep\n|turn|17\n|\n|t:|1700595732\n|move|p1a: Garganacl|Iron Defense|p1a: Garganacl\n|-boost|p1a: Garganacl|def|2\n|move|p2a: Ferrothorn|Gyro Ball|p1a: Garganacl\n|-supereffective|p1a: Garganacl\n|-damage|p1a: Garganacl|72\/100\n|\n|-heal|p1a: Garganacl|78\/100|[from] item: Leftovers\n|-heal|p2a: Ferrothorn|82\/100|[from] item: Leftovers\n|-damage|p1a: Garganacl|66\/100|[from] Leech Seed|[of] p2a: Ferrothorn\n|-heal|p2a: Ferrothorn|96\/100|[silent]\n|-damage|p2a: Ferrothorn|71\/100|[from] Salt Cure\n|upkeep\n|turn|18\n|\n|t:|1700595748\n|switch|p2a: Kommo-o|Kommo-o, M|63\/100\n|move|p1a: Garganacl|Recover|p1a: Garganacl\n|-heal|p1a: Garganacl|100\/100\n|\n|-damage|p1a: Garganacl|88\/100|[from] Leech Seed|[of] p2a: Kommo-o\n|-heal|p2a: Kommo-o|81\/100|[silent]\n|upkeep\n|turn|19\n|\n|t:|1700595758\n|move|p2a: Kommo-o|Aura Sphere|p1a: Garganacl\n|-supereffective|p1a: Garganacl\n|-damage|p1a: Garganacl|39\/100\n|move|p1a: Garganacl|Salt Cure|p2a: Kommo-o\n|-resisted|p2a: Kommo-o\n|-damage|p2a: Kommo-o|74\/100\n|-start|p2a: Kommo-o|Salt Cure\n|\n|-heal|p1a: Garganacl|45\/100|[from] item: Leftovers\n|-damage|p1a: Garganacl|33\/100|[from] Leech Seed|[of] p2a: Kommo-o\n|-heal|p2a: Kommo-o|91\/100|[silent]\n|-damage|p2a: Kommo-o|79\/100|[from] Salt Cure\n|upkeep\n|turn|20\n|\n|t:|1700595764\n|switch|p1a: Alomomola|Alomomola, F, shiny|88\/100\n|move|p2a: Kommo-o|Aura Sphere|p1a: Alomomola\n|-damage|p1a: Alomomola|60\/100\n|\n|-damage|p2a: Kommo-o|66\/100|[from] Salt Cure\n|upkeep\n|turn|21\n|\n|t:|1700595779\n|switch|p2a: Ferrothorn|Ferrothorn, F|71\/100\n|move|p1a: Alomomola|Wish|p1a: Alomomola\n|\n|-heal|p2a: Ferrothorn|77\/100|[from] item: Leftovers\n|upkeep\n|turn|22\n|\n|t:|1700595784\n|move|p1a: Alomomola|Flip Turn|p2a: Ferrothorn\n|-resisted|p2a: Ferrothorn\n|-crit|p2a: Ferrothorn\n|-damage|p2a: Ferrothorn|70\/100\n|-damage|p1a: Alomomola|48\/100|[from] ability: Iron Barbs|[of] p2a: Ferrothorn\n|\n|t:|1700595787\n|switch|p1a: Garganacl|Garganacl, M|33\/100|[from] Flip Turn\n|move|p2a: Ferrothorn|Stealth Rock|p1a: Garganacl\n|-sidestart|p1: Itami Dark|move: Stealth Rock\n|\n|-heal|p1a: Garganacl|91\/100|[from] move: Wish|[wisher] Alomomola\n|-heal|p1a: Garganacl|98\/100|[from] item: Leftovers\n|-heal|p2a: Ferrothorn|77\/100|[from] item: Leftovers\n|upkeep\n|turn|23\n|\n|t:|1700595795\n|move|p1a: Garganacl|Iron Defense|p1a: Garganacl\n|-boost|p1a: Garganacl|def|2\n|move|p2a: Ferrothorn|Leech Seed|p1a: Garganacl\n|-start|p1a: Garganacl|move: Leech Seed\n|\n|-heal|p1a: Garganacl|100\/100|[from] item: Leftovers\n|-heal|p2a: Ferrothorn|83\/100|[from] item: Leftovers\n|-damage|p1a: Garganacl|88\/100|[from] Leech Seed|[of] p2a: Ferrothorn\n|-heal|p2a: Ferrothorn|97\/100|[silent]\n|upkeep\n|turn|24\n|\n|t:|1700595799\n|switch|p2a: Kommo-o|Kommo-o, M|66\/100\n|move|p1a: Garganacl|Salt Cure|p2a: Kommo-o\n|-resisted|p2a: Kommo-o\n|-damage|p2a: Kommo-o|59\/100\n|-start|p2a: Kommo-o|Salt Cure\n|\n|-heal|p1a: Garganacl|94\/100|[from] item: Leftovers\n|-damage|p1a: Garganacl|82\/100|[from] Leech Seed|[of] p2a: Kommo-o\n|-heal|p2a: Kommo-o|76\/100|[silent]\n|-damage|p2a: Kommo-o|64\/100|[from] Salt Cure\n|upkeep\n|turn|25\n|\n|t:|1700595805\n|move|p2a: Kommo-o|Aura Sphere|p1a: Garganacl\n|-supereffective|p1a: Garganacl\n|-damage|p1a: Garganacl|34\/100\n|move|p1a: Garganacl|Iron Defense|p1a: Garganacl\n|-boost|p1a: Garganacl|def|2\n|\n|-heal|p1a: Garganacl|40\/100|[from] item: Leftovers\n|-damage|p1a: Garganacl|28\/100|[from] Leech Seed|[of] p2a: Kommo-o\n|-heal|p2a: Kommo-o|81\/100|[silent]\n|-damage|p2a: Kommo-o|69\/100|[from] Salt Cure\n|upkeep\n|turn|26\n|\n|t:|1700595816\n|switch|p1a: Toxapex|Toxapex, F|100\/100\n|move|p2a: Kommo-o|Boomburst|p1a: Toxapex\n|-damage|p1a: Toxapex|74\/100\n|\n|-damage|p2a: Kommo-o|57\/100|[from] Salt Cure\n|upkeep\n|turn|27\n|\n|t:|1700595827\n|switch|p2a: Ferrothorn|Ferrothorn, F|97\/100\n|move|p1a: Toxapex|Toxic Spikes|p2a: Ferrothorn\n|-sidestart|p2: DeathRayKPK|move: Toxic Spikes\n|\n|-heal|p2a: Ferrothorn|100\/100|[from] item: Leftovers\n|upkeep\n|turn|28\n|\n|t:|1700595844\n|switch|p2a: Pelipper|Pelipper, M|46\/100\n|-weather|RainDance|[from] ability: Drizzle|[of] p2a: Pelipper\n|move|p1a: Toxapex|Toxic Spikes|p2a: Pelipper\n|-sidestart|p2: DeathRayKPK|move: Toxic Spikes\n|\n|-weather|RainDance|[upkeep]\n|upkeep\n|turn|29\n|\n|t:|1700595852\n|switch|p1a: Alomomola|Alomomola, F, shiny|81\/100\n|move|p2a: Pelipper|Defog|p1a: Alomomola\n|-unboost|p1a: Alomomola|evasion|1\n|-sideend|p1: Itami Dark|Stealth Rock|[from] move: Defog|[of] p2a: Pelipper\n|-sideend|p2: DeathRayKPK|Toxic Spikes|[from] move: Defog|[of] p2a: Pelipper\n|\n|-weather|RainDance|[upkeep]\n|upkeep\n|turn|30\n|\n|t:|1700595870\n|move|p2a: Pelipper|Roost|p2a: Pelipper\n|-heal|p2a: Pelipper|96\/100\n|-singleturn|p2a: Pelipper|move: Roost\n|move|p1a: Alomomola|Knock Off|p2a: Pelipper\n|-damage|p2a: Pelipper|76\/100\n|-enditem|p2a: Pelipper|Damp Rock|[from] move: Knock Off|[of] p1a: Alomomola\n|\n|-weather|RainDance|[upkeep]\n|upkeep\n|turn|31\n|\n|t:|1700595878\n|move|p2a: Pelipper|Hurricane|p1a: Alomomola\n|-damage|p1a: Alomomola|50\/100\n|-start|p1a: Alomomola|confusion\n|-activate|p1a: Alomomola|confusion\n|move|p1a: Alomomola|Flip Turn|p2a: Pelipper\n|-resisted|p2a: Pelipper\n|-damage|p2a: Pelipper|62\/100\n|\n|t:|1700595885\n|switch|p1a: Garganacl|Garganacl, M|28\/100|[from] Flip Turn\n|\n|-weather|RainDance|[upkeep]\n|-heal|p1a: Garganacl|34\/100|[from] item: Leftovers\n|upkeep\n|turn|32\n|\n|t:|1700595899\n|move|p2a: Pelipper|Hurricane|p1a: Garganacl\n|-resisted|p1a: Garganacl\n|-damage|p1a: Garganacl|22\/100\n|move|p1a: Garganacl|Recover|p1a: Garganacl\n|-heal|p1a: Garganacl|72\/100\n|\n|-weather|RainDance|[upkeep]\n|-heal|p1a: Garganacl|78\/100|[from] item: Leftovers\n|upkeep\n|turn|33\n|\n|t:|1700595903\n|switch|p2a: Ferrothorn|Ferrothorn, F|100\/100\n|move|p1a: Garganacl|Salt Cure|p2a: Ferrothorn\n|-resisted|p2a: Ferrothorn\n|-damage|p2a: Ferrothorn|96\/100\n|-start|p2a: Ferrothorn|Salt Cure\n|\n|-weather|RainDance|[upkeep]\n|-heal|p1a: Garganacl|85\/100|[from] item: Leftovers\n|-heal|p2a: Ferrothorn|100\/100|[from] item: Leftovers\n|-damage|p2a: Ferrothorn|75\/100|[from] Salt Cure\n|upkeep\n|turn|34\n|\n|t:|1700595908\n|move|p1a: Garganacl|Iron Defense|p1a: Garganacl\n|-boost|p1a: Garganacl|def|2\n|move|p2a: Ferrothorn|Leech Seed|p1a: Garganacl\n|-start|p1a: Garganacl|move: Leech Seed\n|\n|-weather|RainDance|[upkeep]\n|-heal|p1a: Garganacl|91\/100|[from] item: Leftovers\n|-heal|p2a: Ferrothorn|82\/100|[from] item: Leftovers\n|-damage|p1a: Garganacl|78\/100|[from] Leech Seed|[of] p2a: Ferrothorn\n|-heal|p2a: Ferrothorn|96\/100|[silent]\n|-damage|p2a: Ferrothorn|71\/100|[from] Salt Cure\n|upkeep\n|turn|35\n|\n|t:|1700595925\n|switch|p2a: Zapdos|Zapdos|88\/100\n|move|p1a: Garganacl|Body Press|p2a: Zapdos\n|-resisted|p2a: Zapdos\n|-damage|p2a: Zapdos|63\/100\n|\n|-weather|none\n|-heal|p1a: Garganacl|85\/100|[from] item: Leftovers\n|-damage|p1a: Garganacl|72\/100|[from] Leech Seed|[of] p2a: Zapdos\n|-heal|p2a: Zapdos|76\/100|[silent]\n|upkeep\n|turn|36\n|\n|t:|1700595933\n|move|p2a: Zapdos|Thunder|p1a: Garganacl\n|-damage|p1a: Garganacl|40\/100\n|move|p1a: Garganacl|Salt Cure|p2a: Zapdos\n|-supereffective|p2a: Zapdos\n|-damage|p2a: Zapdos|48\/100\n|-start|p2a: Zapdos|Salt Cure\n|\n|-heal|p1a: Garganacl|46\/100|[from] item: Leftovers\n|-damage|p1a: Garganacl|34\/100|[from] Leech Seed|[of] p2a: Zapdos\n|-heal|p2a: Zapdos|61\/100|[silent]\n|-damage|p2a: Zapdos|49\/100|[from] Salt Cure\n|upkeep\n|turn|37\n|\n|t:|1700595938\n|move|p2a: Zapdos|Roost|p2a: Zapdos\n|-heal|p2a: Zapdos|99\/100\n|-singleturn|p2a: Zapdos|move: Roost\n|move|p1a: Garganacl|Recover|p1a: Garganacl\n|-heal|p1a: Garganacl|84\/100\n|\n|-heal|p1a: Garganacl|90\/100|[from] item: Leftovers\n|-damage|p1a: Garganacl|78\/100|[from] Leech Seed|[of] p2a: Zapdos\n|-heal|p2a: Zapdos|100\/100|[silent]\n|-damage|p2a: Zapdos|88\/100|[from] Salt Cure\n|upkeep\n|turn|38\n|\n|t:|1700595943\n|switch|p2a: Pelipper|Pelipper, M|62\/100\n|-weather|RainDance|[from] ability: Drizzle|[of] p2a: Pelipper\n|move|p1a: Garganacl|Salt Cure|p2a: Pelipper\n|-supereffective|p2a: Pelipper\n|-damage|p2a: Pelipper|34\/100\n|-start|p2a: Pelipper|Salt Cure\n|\n|-weather|RainDance|[upkeep]\n|-heal|p1a: Garganacl|84\/100|[from] item: Leftovers\n|-damage|p1a: Garganacl|71\/100|[from] Leech Seed|[of] p2a: Pelipper\n|-heal|p2a: Pelipper|50\/100|[silent]\n|-damage|p2a: Pelipper|25\/100|[from] Salt Cure\n|upkeep\n|turn|39\n|\n|t:|1700595951\n|move|p2a: Pelipper|Roost|p2a: Pelipper\n|-heal|p2a: Pelipper|75\/100\n|-singleturn|p2a: Pelipper|move: Roost\n|move|p1a: Garganacl|Recover|p1a: Garganacl\n|-heal|p1a: Garganacl|100\/100\n|\n|-weather|RainDance|[upkeep]\n|-damage|p1a: Garganacl|88\/100|[from] Leech Seed|[of] p2a: Pelipper\n|-heal|p2a: Pelipper|91\/100|[silent]\n|-damage|p2a: Pelipper|66\/100|[from] Salt Cure\n|upkeep\n|turn|40\n|\n|t:|1700595969\n|switch|p2a: Kommo-o|Kommo-o, M|57\/100\n|move|p1a: Garganacl|Salt Cure|p2a: Kommo-o\n|-resisted|p2a: Kommo-o\n|-damage|p2a: Kommo-o|49\/100\n|-start|p2a: Kommo-o|Salt Cure\n|\n|-weather|RainDance|[upkeep]\n|-heal|p1a: Garganacl|94\/100|[from] item: Leftovers\n|-damage|p1a: Garganacl|82\/100|[from] Leech Seed|[of] p2a: Kommo-o\n|-heal|p2a: Kommo-o|66\/100|[silent]\n|-damage|p2a: Kommo-o|54\/100|[from] Salt Cure\n|upkeep\n|turn|41\n|\n|t:|1700595986\n|move|p2a: Kommo-o|Aura Sphere|p1a: Garganacl\n|-supereffective|p1a: Garganacl\n|-crit|p1a: Garganacl\n|-damage|p1a: Garganacl|14\/100\n|move|p1a: Garganacl|Body Press|p2a: Kommo-o\n|-damage|p2a: Kommo-o|13\/100\n|\n|-weather|RainDance|[upkeep]\n|-heal|p1a: Garganacl|21\/100|[from] item: Leftovers\n|-damage|p1a: Garganacl|8\/100|[from] Leech Seed|[of] p2a: Kommo-o\n|-heal|p2a: Kommo-o|30\/100|[silent]\n|-damage|p2a: Kommo-o|18\/100|[from] Salt Cure\n|upkeep\n|turn|42\n|\n|t:|1700595996\n|switch|p1a: Alomomola|Alomomola, F, shiny|83\/100\n|move|p2a: Kommo-o|Aura Sphere|p1a: Alomomola\n|-damage|p1a: Alomomola|56\/100\n|\n|-weather|none\n|-damage|p2a: Kommo-o|6\/100|[from] Salt Cure\n|upkeep\n|turn|43\n|\n|t:|1700596004\n|switch|p2a: Pelipper|Pelipper, M|66\/100\n|-weather|RainDance|[from] ability: Drizzle|[of] p2a: Pelipper\n|move|p1a: Alomomola|Wish|p1a: Alomomola\n|\n|-weather|RainDance|[upkeep]\n|upkeep\n|turn|44\n|\n|t:|1700596017\n|switch|p2a: Barraskewda|Barraskewda, M, tera:Water|25\/100\n|move|p1a: Alomomola|Flip Turn|p2a: Barraskewda\n|-resisted|p2a: Barraskewda\n|-damage|p2a: Barraskewda|1\/100\n|\n|t:|1700596020\n|switch|p1a: Garganacl|Garganacl, M|8\/100|[from] Flip Turn\n|\n|-weather|RainDance|[upkeep]\n|-heal|p1a: Garganacl|67\/100|[from] move: Wish|[wisher] Alomomola\n|-heal|p1a: Garganacl|73\/100|[from] item: Leftovers\n|upkeep\n|turn|45\n|\n|t:|1700596032\n|switch|p1a: Landorus|Landorus-Therian, M|100\/100\n|-ability|p1a: Landorus|Intimidate|boost\n|-unboost|p2a: Barraskewda|atk|1\n|move|p2a: Barraskewda|Waterfall|p1a: Landorus\n|-supereffective|p1a: Landorus\n|-damage|p1a: Landorus|0 fnt\n|-damage|p2a: Barraskewda|0 fnt|[from] item: Rocky Helmet|[of] p1a: Landorus\n|faint|p1a: Landorus\n|faint|p2a: Barraskewda\n|\n|-weather|RainDance|[upkeep]\n|upkeep\n|\n|t:|1700596050\n|switch|p2a: Tapu Lele|Tapu Lele|100\/100\n|switch|p1a: Garganacl|Garganacl, M|73\/100\n|-fieldstart|move: Psychic Terrain|[from] ability: Psychic Surge|[of] p2a: Tapu Lele\n|turn|46\n|\n|t:|1700596056\n|move|p2a: Tapu Lele|Psyshock|p1a: Garganacl\n|-damage|p1a: Garganacl|35\/100\n|move|p1a: Garganacl|Salt Cure|p2a: Tapu Lele\n|-damage|p2a: Tapu Lele|80\/100\n|-start|p2a: Tapu Lele|Salt Cure\n|\n|-weather|RainDance|[upkeep]\n|-heal|p1a: Garganacl|42\/100|[from] item: Leftovers\n|-damage|p2a: Tapu Lele|67\/100|[from] Salt Cure\n|upkeep\n|turn|47\n|\n|t:|1700596061\n|switch|p1a: Alomomola|Alomomola, F, shiny|89\/100\n|move|p2a: Tapu Lele|Psyshock|p1a: Alomomola\n|-damage|p1a: Alomomola|55\/100\n|\n|-weather|none\n|-damage|p2a: Tapu Lele|55\/100|[from] Salt Cure\n|upkeep\n|turn|48\n|\n|t:|1700596066\n|switch|p2a: Zapdos|Zapdos|88\/100\n|move|p1a: Alomomola|Wish|p1a: Alomomola\n|\n|upkeep\n|turn|49\n|\n|t:|1700596072\n|move|p2a: Zapdos|Thunder|p1a: Alomomola|[miss]\n|-miss|p2a: Zapdos|p1a: Alomomola\n|move|p1a: Alomomola|Flip Turn|p2a: Zapdos\n|-damage|p2a: Zapdos|71\/100\n|\n|t:|1700596076\n|switch|p1a: Garganacl|Garganacl, M|42\/100|[from] Flip Turn\n|\n|-heal|p1a: Garganacl|99\/100|[from] move: Wish|[wisher] Alomomola\n|-heal|p1a: Garganacl|100\/100|[from] item: Leftovers\n|upkeep\n|turn|50\n|\n|t:|1700596079\n|switch|p2a: Pelipper|Pelipper, M|66\/100\n|-weather|RainDance|[from] ability: Drizzle|[of] p2a: Pelipper\n|move|p1a: Garganacl|Salt Cure|p2a: Pelipper\n|-supereffective|p2a: Pelipper\n|-damage|p2a: Pelipper|37\/100\n|-start|p2a: Pelipper|Salt Cure\n|\n|-weather|RainDance|[upkeep]\n|-damage|p2a: Pelipper|13\/100|[from] Salt Cure\n|-fieldend|move: Psychic Terrain\n|upkeep\n|turn|51\n|\n|t:|1700596083\n|move|p2a: Pelipper|Roost|p2a: Pelipper\n|-heal|p2a: Pelipper|63\/100\n|-singleturn|p2a: Pelipper|move: Roost\n|move|p1a: Garganacl|Iron Defense|p1a: Garganacl\n|-boost|p1a: Garganacl|def|2\n|\n|-weather|RainDance|[upkeep]\n|-damage|p2a: Pelipper|38\/100|[from] Salt Cure\n|upkeep\n|turn|52\n|\n|t:|1700596085\n|move|p2a: Pelipper|Roost|p2a: Pelipper\n|-heal|p2a: Pelipper|88\/100\n|-singleturn|p2a: Pelipper|move: Roost\n|move|p1a: Garganacl|Salt Cure|p2a: Pelipper\n|-damage|p2a: Pelipper|74\/100\n|\n|-weather|RainDance|[upkeep]\n|-damage|p2a: Pelipper|49\/100|[from] Salt Cure\n|upkeep\n|turn|53\n|\n|t:|1700596097\n|switch|p2a: Zapdos|Zapdos|71\/100\n|move|p1a: Garganacl|Salt Cure|p2a: Zapdos\n|-supereffective|p2a: Zapdos\n|-damage|p2a: Zapdos|44\/100\n|-start|p2a: Zapdos|Salt Cure\n|\n|-weather|RainDance|[upkeep]\n|-damage|p2a: Zapdos|31\/100|[from] Salt Cure\n|upkeep\n|turn|54\n|\n|t:|1700596101\n|move|p2a: Zapdos|Roost|p2a: Zapdos\n|-heal|p2a: Zapdos|81\/100\n|-singleturn|p2a: Zapdos|move: Roost\n|move|p1a: Garganacl|Salt Cure|p2a: Zapdos\n|-damage|p2a: Zapdos|67\/100\n|\n|-weather|none\n|-damage|p2a: Zapdos|54\/100|[from] Salt Cure\n|upkeep\n|turn|55\n|\n|t:|1700596103\n|move|p2a: Zapdos|Roost|p2a: Zapdos\n|-heal|p2a: Zapdos|100\/100\n|-singleturn|p2a: Zapdos|move: Roost\n|move|p1a: Garganacl|Salt Cure|p2a: Zapdos\n|-damage|p2a: Zapdos|85\/100\n|\n|-damage|p2a: Zapdos|73\/100|[from] Salt Cure\n|upkeep\n|turn|56\n|\n|t:|1700596107\n|move|p2a: Zapdos|Thunder|p1a: Garganacl\n|-crit|p1a: Garganacl\n|-damage|p1a: Garganacl|54\/100\n|move|p1a: Garganacl|Iron Defense|p1a: Garganacl\n|-boost|p1a: Garganacl|def|2\n|\n|-heal|p1a: Garganacl|60\/100|[from] item: Leftovers\n|-damage|p2a: Zapdos|60\/100|[from] Salt Cure\n|upkeep\n|turn|57\n|\n|t:|1700596115\n|move|p2a: Zapdos|Thunder|p1a: Garganacl|[miss]\n|-miss|p2a: Zapdos|p1a: Garganacl\n|move|p1a: Garganacl|Recover|p1a: Garganacl\n|-heal|p1a: Garganacl|100\/100\n|\n|-damage|p2a: Zapdos|48\/100|[from] Salt Cure\n|upkeep\n|turn|58\n|\n|t:|1700596117\n|move|p2a: Zapdos|Thunder|p1a: Garganacl\n|-damage|p1a: Garganacl|71\/100\n|move|p1a: Garganacl|Salt Cure|p2a: Zapdos\n|-supereffective|p2a: Zapdos\n|-damage|p2a: Zapdos|18\/100\n|\n|-heal|p1a: Garganacl|77\/100|[from] item: Leftovers\n|-damage|p2a: Zapdos|6\/100|[from] Salt Cure\n|upkeep\n|turn|59\n|\n|t:|1700596121\n|move|p2a: Zapdos|Roost|p2a: Zapdos\n|-heal|p2a: Zapdos|56\/100\n|-singleturn|p2a: Zapdos|move: Roost\n|move|p1a: Garganacl|Salt Cure|p2a: Zapdos\n|-damage|p2a: Zapdos|41\/100\n|\n|-heal|p1a: Garganacl|83\/100|[from] item: Leftovers\n|-damage|p2a: Zapdos|28\/100|[from] Salt Cure\n|upkeep\n|turn|60\n|\n|t:|1700596123\n|move|p2a: Zapdos|Roost|p2a: Zapdos\n|-heal|p2a: Zapdos|78\/100\n|-singleturn|p2a: Zapdos|move: Roost\n|move|p1a: Garganacl|Salt Cure|p2a: Zapdos\n|-damage|p2a: Zapdos|64\/100\n|\n|-heal|p1a: Garganacl|89\/100|[from] item: Leftovers\n|-damage|p2a: Zapdos|52\/100|[from] Salt Cure\n|upkeep\n|turn|61\n|\n|t:|1700596127\n|move|p2a: Zapdos|Thunder|p1a: Garganacl|[miss]\n|-miss|p2a: Zapdos|p1a: Garganacl\n|move|p1a: Garganacl|Salt Cure|p2a: Zapdos\n|-supereffective|p2a: Zapdos\n|-damage|p2a: Zapdos|20\/100\n|\n|-heal|p1a: Garganacl|96\/100|[from] item: Leftovers\n|-damage|p2a: Zapdos|8\/100|[from] Salt Cure\n|upkeep\n|turn|62\n|\n|t:|1700596129\n|move|p2a: Zapdos|Roost|p2a: Zapdos\n|-heal|p2a: Zapdos|58\/100\n|-singleturn|p2a: Zapdos|move: Roost\n|move|p1a: Garganacl|Salt Cure|p2a: Zapdos\n|-damage|p2a: Zapdos|44\/100\n|\n|-heal|p1a: Garganacl|100\/100|[from] item: Leftovers\n|-damage|p2a: Zapdos|31\/100|[from] Salt Cure\n|upkeep\n|turn|63\n|\n|t:|1700596134\n|switch|p2a: Pelipper|Pelipper, M|49\/100\n|-weather|RainDance|[from] ability: Drizzle|[of] p2a: Pelipper\n|move|p1a: Garganacl|Iron Defense|p1a: Garganacl\n|-boost|p1a: Garganacl|def|2\n|\n|-weather|RainDance|[upkeep]\n|upkeep\n|turn|64\n|\n|t:|1700596145\n|move|p2a: Pelipper|Roost|p2a: Pelipper\n|-heal|p2a: Pelipper|99\/100\n|-singleturn|p2a: Pelipper|move: Roost\n|move|p1a: Garganacl|Salt Cure|p2a: Pelipper\n|-damage|p2a: Pelipper|85\/100\n|-start|p2a: Pelipper|Salt Cure\n|\n|-weather|RainDance|[upkeep]\n|-damage|p2a: Pelipper|60\/100|[from] Salt Cure\n|upkeep\n|turn|65\n|\n|t:|1700596149\n|move|p2a: Pelipper|Roost|p2a: Pelipper\n|-heal|p2a: Pelipper|100\/100\n|-singleturn|p2a: Pelipper|move: Roost\n|move|p1a: Garganacl|Body Press|p2a: Pelipper\n|-damage|p2a: Pelipper|2\/100\n|\n|-weather|RainDance|[upkeep]\n|-damage|p2a: Pelipper|0 fnt|[from] Salt Cure\n|faint|p2a: Pelipper\n|upkeep\n|\n|t:|1700596167\n|switch|p2a: Tapu Lele|Tapu Lele|55\/100\n|-fieldstart|move: Psychic Terrain|[from] ability: Psychic Surge|[of] p2a: Tapu Lele\n|turn|66\n|\n|t:|1700596173\n|move|p2a: Tapu Lele|Moonblast|p1a: Garganacl\n|-damage|p1a: Garganacl|70\/100\n|-unboost|p1a: Garganacl|spa|1\n|move|p1a: Garganacl|Body Press|p2a: Tapu Lele\n|-resisted|p2a: Tapu Lele\n|-damage|p2a: Tapu Lele|21\/100\n|\n|-weather|RainDance|[upkeep]\n|-heal|p1a: Garganacl|76\/100|[from] item: Leftovers\n|upkeep\n|turn|67\n|\n|t:|1700596180\n|move|p2a: Tapu Lele|Moonblast|p1a: Garganacl\n|-damage|p1a: Garganacl|45\/100\n|-unboost|p1a: Garganacl|spa|1\n|move|p1a: Garganacl|Body Press|p2a: Tapu Lele\n|-resisted|p2a: Tapu Lele\n|-damage|p2a: Tapu Lele|0 fnt\n|faint|p2a: Tapu Lele\n|\n|-weather|none\n|-heal|p1a: Garganacl|52\/100|[from] item: Leftovers\n|upkeep\n|\n|t:|1700596186\n|switch|p2a: Kommo-o|Kommo-o, M|6\/100\n|turn|68\n|\n|t:|1700596189\n|move|p2a: Kommo-o|Aura Sphere|p1a: Garganacl\n|-supereffective|p1a: Garganacl\n|-damage|p1a: Garganacl|7\/100\n|move|p1a: Garganacl|Body Press|p2a: Kommo-o\n|-damage|p2a: Kommo-o|0 fnt\n|faint|p2a: Kommo-o\n|\n|-heal|p1a: Garganacl|13\/100|[from] item: Leftovers\n|upkeep\n|\n|t:|1700596197\n|switch|p2a: Zapdos|Zapdos|31\/100\n|turn|69\n|\n|t:|1700596202\n|move|p2a: Zapdos|Thunder|p1a: Garganacl|[miss]\n|-miss|p2a: Zapdos|p1a: Garganacl\n|move|p1a: Garganacl|Recover|p1a: Garganacl\n|-heal|p1a: Garganacl|63\/100\n|\n|-heal|p1a: Garganacl|69\/100|[from] item: Leftovers\n|upkeep\n|turn|70\n|\n|t:|1700596204\n|move|p2a: Zapdos|Thunder|p1a: Garganacl\n|-damage|p1a: Garganacl|37\/100\n|move|p1a: Garganacl|Salt Cure|p2a: Zapdos\n|-supereffective|p2a: Zapdos\n|-damage|p2a: Zapdos|1\/100\n|-start|p2a: Zapdos|Salt Cure\n|\n|-heal|p1a: Garganacl|43\/100|[from] item: Leftovers\n|-damage|p2a: Zapdos|0 fnt|[from] Salt Cure\n|faint|p2a: Zapdos\n|-fieldend|move: Psychic Terrain\n|upkeep\n|\n|t:|1700596206\n|switch|p2a: Ferrothorn|Ferrothorn, F|71\/100\n|turn|71\n|c|\u2606Itami Dark|gg\n|c|\u2606DeathRayKPK|gg\n|\n|t:|1700596221\n|move|p1a: Garganacl|Body Press|p2a: Ferrothorn\n|-supereffective|p2a: Ferrothorn\n|-damage|p2a: Ferrothorn|0 fnt\n|-damage|p1a: Garganacl|31\/100|[from] ability: Iron Barbs|[of] p2a: Ferrothorn\n|faint|p2a: Ferrothorn\n|\n|win|Itami Dark\n|raw|Itami Dark's rating: 1424 &rarr; <strong>1442<\/strong><br \/>(+18 for winning)\n|raw|DeathRayKPK's rating: 1389 &rarr; <strong>1371<\/strong><br \/>(-18 for losing)\n|l|\u2606Itami Dark\n","uploadtime":1700597062,"views":19,"p1id":"itamidark","p2id":"deathraykpk","formatid":"gen9nationaldex","rating":1371,"private":0,"password":""}