{"id":"gen9nationaldex-1993335971","p1":"ptabigail","p2":"XxsasoriGX","format":"[Gen 9] National Dex","log":"|j|\u2606ptabigail\n|j|\u2606XxsasoriGX\n|t:|1700300882\n|gametype|singles\n|player|p1|ptabigail|1|1193\n|player|p2|XxsasoriGX|n|1169\n|teamsize|p1|6\n|teamsize|p2|6\n|gen|9\n|tier|[Gen 9] National Dex\n|rated|\n|rule|HP Percentage Mod: HP is shown in percentages\n|rule|Endless Battle Clause: Forcing endless battles is banned\n|rule|OHKO Clause: OHKO moves are banned\n|rule|Evasion Clause: Evasion abilities, items, and moves are banned\n|rule|Evasion Abilities Clause: Evasion abilities are banned\n|rule|Evasion Items Clause: Evasion items are banned\n|rule|Evasion Moves Clause: Evasion moves are banned\n|rule|Species Clause: Limit one of each Pok\u00e9mon\n|rule|Sleep Clause Mod: Limit one foe put to sleep\n|clearpoke\n|poke|p1|Banette, F|\n|poke|p1|Ribombee, F|\n|poke|p1|Hoopa-Unbound|\n|poke|p1|Tapu Lele|\n|poke|p1|Garganacl, M|\n|poke|p1|Corviknight, F|\n|poke|p2|Garchomp, M|\n|poke|p2|Mienshao, M|\n|poke|p2|Thundurus-Therian, M|\n|poke|p2|Haxorus, M|\n|poke|p2|Gyarados, M|\n|poke|p2|Blaziken, F|\n|teampreview\n|inactive|Battle timer is ON: inactive players will automatically lose when time's up. (requested by XxsasoriGX)\n|\n|t:|1700300890\n|start\n|switch|p1a: Ribombee|Ribombee, F|100\/100\n|switch|p2a: Blaziken|Blaziken, F|100\/100\n|turn|1\n|\n|t:|1700300896\n|move|p1a: Ribombee|Stun Spore|p2a: Blaziken|[miss]\n|-miss|p1a: Ribombee|p2a: Blaziken\n|move|p2a: Blaziken|Swords Dance|p2a: Blaziken\n|-boost|p2a: Blaziken|atk|2\n|\n|-ability|p2a: Blaziken|Speed Boost|boost\n|-boost|p2a: Blaziken|spe|1\n|upkeep\n|turn|2\n|\n|t:|1700300901\n|move|p2a: Blaziken|Blaze Kick|p1a: Ribombee\n|-supereffective|p1a: Ribombee\n|-crit|p1a: Ribombee\n|-enditem|p1a: Ribombee|Focus Sash\n|-damage|p1a: Ribombee|1\/100\n|move|p1a: Ribombee|Stun Spore|p2a: Blaziken\n|-status|p2a: Blaziken|par\n|\n|-ability|p2a: Blaziken|Speed Boost|boost\n|-boost|p2a: Blaziken|spe|1\n|upkeep\n|turn|3\n|\n|t:|1700300910\n|move|p1a: Ribombee|Sticky Web|p2a: Blaziken\n|-sidestart|p2: XxsasoriGX|move: Sticky Web\n|move|p2a: Blaziken|Blaze Kick|p1a: Ribombee\n|-supereffective|p1a: Ribombee\n|-damage|p1a: Ribombee|0 fnt\n|faint|p1a: Ribombee\n|\n|-ability|p2a: Blaziken|Speed Boost|boost\n|-boost|p2a: Blaziken|spe|1\n|upkeep\n|\n|t:|1700300914\n|switch|p1a: Banette|Banette, F|100\/100\n|-item|p2a: Blaziken|Focus Sash|[from] ability: Frisk|[of] p1a: Banette|[identify]\n|turn|4\n|\n|t:|1700300923\n|detailschange|p1a: Banette|Banette-Mega, F\n|-mega|p1a: Banette|Banette|Banettite\n|cant|p2a: Blaziken|par\n|move|p1a: Banette|Poltergeist|p2a: Blaziken|[miss]\n|-miss|p1a: Banette|p2a: Blaziken\n|\n|-ability|p2a: Blaziken|Speed Boost|boost\n|-boost|p2a: Blaziken|spe|1\n|upkeep\n|turn|5\n|\n|t:|1700300940\n|move|p1a: Banette|Destiny Bond|p1a: Banette\n|-singlemove|p1a: Banette|Destiny Bond\n|cant|p2a: Blaziken|par\n|\n|-ability|p2a: Blaziken|Speed Boost|boost\n|-boost|p2a: Blaziken|spe|1\n|upkeep\n|turn|6\n|\n|t:|1700300946\n|move|p2a: Blaziken|Swords Dance|p2a: Blaziken\n|-boost|p2a: Blaziken|atk|2\n|move|p1a: Banette|Poltergeist|p2a: Blaziken\n|-activate|p2a: Blaziken|move: Poltergeist|Focus Sash\n|-enditem|p2a: Blaziken|Focus Sash\n|-damage|p2a: Blaziken|1\/100 par\n|\n|-ability|p2a: Blaziken|Speed Boost|boost\n|-boost|p2a: Blaziken|spe|1\n|upkeep\n|turn|7\n|\n|t:|1700300953\n|move|p1a: Banette|Shadow Sneak|p2a: Blaziken\n|-crit|p2a: Blaziken\n|-damage|p2a: Blaziken|0 fnt\n|faint|p2a: Blaziken\n|\n|upkeep\n|\n|t:|1700300958\n|switch|p2a: Thundurus|Thundurus-Therian, M|100\/100\n|turn|8\n|\n|t:|1700300964\n|move|p1a: Banette|Taunt|p2a: Thundurus\n|-start|p2a: Thundurus|move: Taunt\n|cant|p2a: Thundurus|move: Taunt|Defog\n|\n|upkeep\n|turn|9\n|\n|t:|1700300970\n|move|p2a: Thundurus|Thunderbolt|p1a: Banette\n|-damage|p1a: Banette|35\/100\n|move|p1a: Banette|Poltergeist|p2a: Thundurus\n|-activate|p2a: Thundurus|move: Poltergeist|Focus Sash\n|-enditem|p2a: Thundurus|Focus Sash\n|-damage|p2a: Thundurus|1\/100\n|\n|upkeep\n|turn|10\n|\n|t:|1700300978\n|move|p1a: Banette|Shadow Sneak|p2a: Thundurus\n|-damage|p2a: Thundurus|0 fnt\n|faint|p2a: Thundurus\n|\n|upkeep\n|\n|t:|1700300983\n|switch|p2a: Mienshao|Mienshao, M|100\/100\n|-activate|p2a: Mienshao|move: Sticky Web\n|-unboost|p2a: Mienshao|spe|1\n|turn|11\n|\n|t:|1700300990\n|move|p1a: Banette|Destiny Bond|p1a: Banette\n|-singlemove|p1a: Banette|Destiny Bond\n|move|p2a: Mienshao|Swords Dance|p2a: Mienshao\n|-boost|p2a: Mienshao|atk|2\n|\n|upkeep\n|turn|12\n|\n|t:|1700300997\n|move|p2a: Mienshao|Swords Dance|p2a: Mienshao\n|-boost|p2a: Mienshao|atk|2\n|move|p1a: Banette|Poltergeist|p2a: Mienshao\n|-activate|p2a: Mienshao|move: Poltergeist|Muscle Band\n|-damage|p2a: Mienshao|0 fnt\n|faint|p2a: Mienshao\n|\n|upkeep\n|\n|t:|1700301003\n|switch|p2a: Haxorus|Haxorus, M, shiny|100\/100\n|-activate|p2a: Haxorus|move: Sticky Web\n|-unboost|p2a: Haxorus|spe|1\n|-ability|p2a: Haxorus|Mold Breaker\n|turn|13\n|\n|t:|1700301006\n|move|p1a: Banette|Taunt|p2a: Haxorus\n|-start|p2a: Haxorus|move: Taunt\n|cant|p2a: Haxorus|move: Taunt|Dragon Dance\n|\n|upkeep\n|turn|14\n|\n|t:|1700301012\n|move|p1a: Banette|Destiny Bond|p1a: Banette\n|-singlemove|p1a: Banette|Destiny Bond\n|move|p2a: Haxorus|Dragon Claw|p1a: Banette\n|-damage|p1a: Banette|0 fnt\n|faint|p1a: Banette\n|-activate|p1a: Banette|move: Destiny Bond\n|faint|p2a: Haxorus\n|\n|upkeep\n|-message|XxsasoriGX forfeited.\n|\n|win|ptabigail\n|raw|ptabigail's rating: 1193 &rarr; <strong>1216<\/strong><br \/>(+23 for winning)\n|raw|XxsasoriGX's rating: 1169 &rarr; <strong>1146<\/strong><br \/>(-23 for losing)\n|l|\u2606XxsasoriGX\n","uploadtime":1700301026,"views":13,"p1id":"ptabigail","p2id":"xxsasorigx","formatid":"gen9nationaldex","rating":1146,"private":0,"password":""}