{"id":"gen9nationaldex-1997658367","p1":"Ten minute rain","p2":"hepe","format":"[Gen 9] National Dex","log":"|html|<div class=\"broadcast-blue\"><strong>[Gen 9] National Dex is currently suspecting Sneasler! For information on how to participate check out the <a href=\"https:\/\/www.smogon.com\/forums\/threads\/sv-national-dex-suspect-8-just-dance.3731534\/\">suspect thread<\/a>.<\/strong><\/div>\n|j|\u2606Ten minute rain\n|j|\u2606hepe\n|t:|1700838529\n|gametype|singles\n|player|p1|Ten minute rain|hilbert|1070\n|player|p2|hepe|102|1072\n|teamsize|p1|6\n|teamsize|p2|6\n|gen|9\n|tier|[Gen 9] National Dex\n|rated|\n|rule|HP Percentage Mod: HP is shown in percentages\n|rule|Endless Battle Clause: Forcing endless battles is banned\n|rule|OHKO Clause: OHKO moves are banned\n|rule|Evasion Clause: Evasion abilities, items, and moves are banned\n|rule|Evasion Abilities Clause: Evasion abilities are banned\n|rule|Evasion Items Clause: Evasion items are banned\n|rule|Evasion Moves Clause: Evasion moves are banned\n|rule|Species Clause: Limit one of each Pok\u00e9mon\n|rule|Sleep Clause Mod: Limit one foe put to sleep\n|clearpoke\n|poke|p1|Pelipper, F|\n|poke|p1|Xurkitree|\n|poke|p1|Swampert, F|\n|poke|p1|Rotom-Wash|\n|poke|p1|Landorus-Therian, M|\n|poke|p1|Sneasler, F|\n|poke|p2|Crawdaunt, M|\n|poke|p2|Charizard, F|\n|poke|p2|Blaziken, F|\n|poke|p2|Ludicolo, M|\n|poke|p2|Beedrill, F|\n|poke|p2|Greninja-*, M|\n|teampreview\n|inactive|Battle timer is ON: inactive players will automatically lose when time's up. (requested by Ten minute rain)\n|\n|t:|1700838535\n|start\n|switch|p1a: Pelipper|Pelipper, F|100\/100\n|switch|p2a: Ludicolo|Ludicolo, M|100\/100\n|-weather|RainDance|[from] ability: Drizzle|[of] p1a: Pelipper\n|turn|1\n|\n|t:|1700838545\n|move|p2a: Ludicolo|Giga Drain|p1a: Pelipper\n|-damage|p1a: Pelipper|57\/100\n|move|p1a: Pelipper|Hurricane|p2a: Ludicolo\n|-supereffective|p2a: Ludicolo\n|-damage|p2a: Ludicolo|35\/100\n|\n|-weather|RainDance|[upkeep]\n|upkeep\n|turn|2\n|\n|t:|1700838556\n|move|p2a: Ludicolo|Giga Drain|p1a: Pelipper\n|-damage|p1a: Pelipper|12\/100\n|-heal|p2a: Ludicolo|59\/100|[from] drain|[of] p1a: Pelipper\n|move|p1a: Pelipper|Hurricane|p2a: Ludicolo\n|-supereffective|p2a: Ludicolo\n|-damage|p2a: Ludicolo|0 fnt\n|faint|p2a: Ludicolo\n|\n|-weather|RainDance|[upkeep]\n|upkeep\n|\n|t:|1700838567\n|switch|p2a: Beedrill|Beedrill, F|100\/100\n|turn|3\n|\n|t:|1700838571\n|switch|p1a: Sneasler|Sneasler, F|100\/100\n|detailschange|p2a: Beedrill|Beedrill-Mega, F\n|-mega|p2a: Beedrill|Beedrill|Beedrillite\n|move|p2a: Beedrill|Fell Stinger|p1a: Sneasler\n|-resisted|p1a: Sneasler\n|-damage|p1a: Sneasler|83\/100\n|\n|-weather|RainDance|[upkeep]\n|upkeep\n|turn|4\n|\n|t:|1700838578\n|move|p1a: Sneasler|Fake Out|p2a: Beedrill\n|-enditem|p1a: Sneasler|Normal Gem|[from] gem\n|-damage|p2a: Beedrill|55\/100\n|cant|p2a: Beedrill|flinch\n|\n|-weather|RainDance|[upkeep]\n|upkeep\n|turn|5\n|\n|t:|1700838583\n|move|p1a: Sneasler|Acrobatics|p2a: Beedrill\n|-supereffective|p2a: Beedrill\n|-damage|p2a: Beedrill|0 fnt\n|faint|p2a: Beedrill\n|\n|-weather|RainDance|[upkeep]\n|upkeep\n|\n|t:|1700838596\n|switch|p2a: Crawdaunt|Crawdaunt, M, shiny|100\/100\n|turn|6\n|\n|t:|1700838599\n|move|p1a: Sneasler|Close Combat|p2a: Crawdaunt\n|-supereffective|p2a: Crawdaunt\n|-enditem|p2a: Crawdaunt|Focus Sash\n|-damage|p2a: Crawdaunt|1\/100\n|-unboost|p1a: Sneasler|def|1\n|-unboost|p1a: Sneasler|spd|1\n|move|p2a: Crawdaunt|Crabhammer|p1a: Sneasler\n|-crit|p1a: Sneasler\n|-damage|p1a: Sneasler|0 fnt\n|faint|p1a: Sneasler\n|\n|-weather|RainDance|[upkeep]\n|upkeep\n|\n|t:|1700838605\n|switch|p1a: Swampert|Swampert, F|100\/100\n|turn|7\n|\n|t:|1700838619\n|detailschange|p1a: Swampert|Swampert-Mega, F\n|-mega|p1a: Swampert|Swampert|Swampertite\n|move|p1a: Swampert|Flip Turn|p2a: Crawdaunt\n|-resisted|p2a: Crawdaunt\n|-damage|p2a: Crawdaunt|0 fnt\n|faint|p2a: Crawdaunt\n|\n|t:|1700838626\n|switch|p1a: Xurkitree|Xurkitree|100\/100|[from] Flip Turn\n|\n|-weather|RainDance|[upkeep]\n|upkeep\n|\n|t:|1700838632\n|switch|p2a: Blaziken|Blaziken, F|100\/100\n|turn|8\n|\n|t:|1700838642\n|move|p1a: Xurkitree|Thunder|p2a: Blaziken\n|-enditem|p2a: Blaziken|Focus Sash\n|-damage|p2a: Blaziken|1\/100\n|move|p2a: Blaziken|Swords Dance|p2a: Blaziken\n|-boost|p2a: Blaziken|atk|2\n|\n|-weather|none\n|-ability|p2a: Blaziken|Speed Boost|boost\n|-boost|p2a: Blaziken|spe|1\n|upkeep\n|turn|9\n|\n|t:|1700838652\n|move|p1a: Xurkitree|Thunder|p2a: Blaziken\n|-damage|p2a: Blaziken|0 fnt\n|faint|p2a: Blaziken\n|-ability|p1a: Xurkitree|Beast Boost|boost\n|-boost|p1a: Xurkitree|spa|1\n|\n|upkeep\n|\n|t:|1700838662\n|switch|p2a: Charizard|Charizard, F, shiny|100\/100\n|turn|10\n|\n|t:|1700838665\n|switch|p1a: Landorus|Landorus-Therian, M|100\/100\n|-ability|p1a: Landorus|Intimidate|boost\n|-unboost|p2a: Charizard|atk|1\n|move|p2a: Charizard|Earthquake|p1a: Landorus\n|-immune|p1a: Landorus\n|\n|upkeep\n|turn|11\n|n|!hepe|hepe\n|-message|hepe forfeited.\n|\n|win|Ten minute rain\n|raw|Ten minute rain's rating: 1070 &rarr; <strong>1100<\/strong><br \/>(+30 for winning)\n|raw|hepe's rating: 1072 &rarr; <strong>1051<\/strong><br \/>(-21 for losing)\n|l|!hepe\n","uploadtime":1700838683,"views":0,"p1id":"tenminuterain","p2id":"hepe","formatid":"gen9nationaldex","rating":1051,"private":0,"password":""}