{"id":"gen9nationaldex-1997323117","p1":"UUbers Vesp","p2":"CappyPulpy","format":"[Gen 9] National Dex","log":"|html|<div class=\"broadcast-blue\"><strong>[Gen 9] National Dex is currently suspecting Sneasler! For information on how to participate check out the <a href=\"https:\/\/www.smogon.com\/forums\/threads\/sv-national-dex-suspect-8-just-dance.3731534\/\">suspect thread<\/a>.<\/strong><\/div>\n|j|\u2606UUbers Vesp\n|j|\u2606CappyPulpy\n|t:|1700789359\n|gametype|singles\n|player|p1|UUbers Vesp|juggler|1680\n|player|p2|CappyPulpy|170|1629\n|teamsize|p1|6\n|teamsize|p2|6\n|gen|9\n|tier|[Gen 9] National Dex\n|rated|\n|rule|HP Percentage Mod: HP is shown in percentages\n|rule|Endless Battle Clause: Forcing endless battles is banned\n|rule|OHKO Clause: OHKO moves are banned\n|rule|Evasion Clause: Evasion abilities, items, and moves are banned\n|rule|Evasion Abilities Clause: Evasion abilities are banned\n|rule|Evasion Items Clause: Evasion items are banned\n|rule|Evasion Moves Clause: Evasion moves are banned\n|rule|Species Clause: Limit one of each Pok\u00e9mon\n|rule|Sleep Clause Mod: Limit one foe put to sleep\n|clearpoke\n|poke|p1|Ursaluna, M|\n|poke|p1|Alomomola, M|\n|poke|p1|Iron Valiant|\n|poke|p1|Scizor, F|\n|poke|p1|Zapdos|\n|poke|p1|Garchomp, F|\n|poke|p2|Tyranitar, M|\n|poke|p2|Alomomola, F|\n|poke|p2|Zamazenta-*|\n|poke|p2|Landorus-Therian, M|\n|poke|p2|Kommo-o, M|\n|poke|p2|Aegislash, F|\n|teampreview\n|inactive|Battle timer is ON: inactive players will automatically lose when time's up. (requested by CappyPulpy)\n|\n|t:|1700789380\n|start\n|switch|p1a: 21ST CENTURY|Iron Valiant|100\/100\n|switch|p2a: Zamazenta|Zamazenta|100\/100\n|-ability|p2a: Zamazenta|Dauntless Shield|boost\n|-boost|p2a: Zamazenta|def|1\n|turn|1\n|\n|t:|1700789386\n|switch|p2a: Aegislash|Aegislash, F|100\/100\n|-end|p1a: 21ST CENTURY|Quark Drive|[silent]\n|switch|p1a: CHASING CLOUDS YEA|Zapdos|100\/100\n|\n|upkeep\n|turn|2\n|\n|t:|1700789389\n|move|p1a: CHASING CLOUDS YEA|Volt Switch|p2a: Aegislash\n|-damage|p2a: Aegislash|73\/100\n|\n|t:|1700789391\n|switch|p1a: COMPARE COMBUST|Ursaluna, M|100\/100|[from] Volt Switch\n|-formechange|p2a: Aegislash|Aegislash-Blade||[from] ability: Stance Change\n|move|p2a: Aegislash|Shadow Ball|p1a: COMPARE COMBUST\n|-immune|p1a: COMPARE COMBUST\n|\n|-status|p1a: COMPARE COMBUST|brn|[from] item: Flame Orb\n|upkeep\n|turn|3\n|\n|t:|1700789395\n|switch|p2a: Landorus|Landorus-Therian, M|100\/100\n|-ability|p2a: Landorus|Intimidate|boost\n|-unboost|p1a: COMPARE COMBUST|atk|1\n|move|p1a: COMPARE COMBUST|Earthquake|p2a: Landorus\n|-immune|p2a: Landorus\n|\n|-damage|p1a: COMPARE COMBUST|94\/100 brn|[from] brn\n|upkeep\n|turn|4\n|\n|t:|1700789398\n|switch|p1a: I WISH I KNEW YOU|Alomomola, M|100\/100\n|move|p2a: Landorus|Earthquake|p1a: I WISH I KNEW YOU\n|-damage|p1a: I WISH I KNEW YOU|65\/100\n|\n|upkeep\n|turn|5\n|\n|t:|1700789403\n|switch|p2a: Alomomola|Alomomola, F|100\/100\n|move|p1a: I WISH I KNEW YOU|Flip Turn|p2a: Alomomola\n|-resisted|p2a: Alomomola\n|-damage|p2a: Alomomola|96\/100\n|\n|t:|1700789405\n|switch|p1a: COMPARE COMBUST|Ursaluna, M|94\/100 brn|[from] Flip Turn\n|\n|-heal|p2a: Alomomola|100\/100|[from] item: Leftovers\n|-damage|p1a: COMPARE COMBUST|88\/100 brn|[from] brn\n|upkeep\n|turn|6\n|\n|t:|1700789409\n|move|p1a: COMPARE COMBUST|Swords Dance|p1a: COMPARE COMBUST\n|-boost|p1a: COMPARE COMBUST|atk|2\n|move|p2a: Alomomola|Flip Turn|p1a: COMPARE COMBUST\n|-supereffective|p1a: COMPARE COMBUST\n|-damage|p1a: COMPARE COMBUST|65\/100 brn\n|\n|t:|1700789411\n|switch|p2a: Zamazenta|Zamazenta|100\/100|[from] Flip Turn\n|\n|-damage|p1a: COMPARE COMBUST|59\/100 brn|[from] brn\n|upkeep\n|turn|7\n|\n|t:|1700789417\n|switch|p1a: CHASING CLOUDS YEA|Zapdos|100\/100\n|move|p2a: Zamazenta|Close Combat|p1a: CHASING CLOUDS YEA\n|-resisted|p1a: CHASING CLOUDS YEA\n|-damage|p1a: CHASING CLOUDS YEA|67\/100\n|-unboost|p2a: Zamazenta|def|1\n|-unboost|p2a: Zamazenta|spd|1\n|\n|upkeep\n|turn|8\n|\n|t:|1700789422\n|switch|p2a: Landorus|Landorus-Therian, M|100\/100\n|-ability|p2a: Landorus|Intimidate|boost\n|-unboost|p1a: CHASING CLOUDS YEA|atk|1\n|move|p1a: CHASING CLOUDS YEA|Roost|p1a: CHASING CLOUDS YEA\n|-heal|p1a: CHASING CLOUDS YEA|100\/100\n|-singleturn|p1a: CHASING CLOUDS YEA|move: Roost\n|\n|upkeep\n|turn|9\n|\n|t:|1700789425\n|move|p2a: Landorus|Stone Edge|p1a: CHASING CLOUDS YEA|[miss]\n|-miss|p2a: Landorus|p1a: CHASING CLOUDS YEA\n|move|p1a: CHASING CLOUDS YEA|Hurricane|p2a: Landorus\n|-damage|p2a: Landorus|38\/100\n|\n|upkeep\n|turn|10\n|\n|t:|1700789430\n|switch|p2a: Tyranitar|Tyranitar, M|100\/100\n|-weather|Sandstorm|[from] ability: Sand Stream|[of] p2a: Tyranitar\n|switch|p1a: I WISH I KNEW YOU|Alomomola, M|98\/100\n|\n|-weather|Sandstorm|[upkeep]\n|-damage|p1a: I WISH I KNEW YOU|92\/100|[from] Sandstorm\n|upkeep\n|turn|11\n|\n|t:|1700789434\n|detailschange|p2a: Tyranitar|Tyranitar-Mega, M\n|-mega|p2a: Tyranitar|Tyranitar|Tyranitarite\n|move|p2a: Tyranitar|Stealth Rock|p1a: I WISH I KNEW YOU\n|-sidestart|p1: UUbers Vesp|move: Stealth Rock\n|move|p1a: I WISH I KNEW YOU|Flip Turn|p2a: Tyranitar\n|-supereffective|p2a: Tyranitar\n|-damage|p2a: Tyranitar|81\/100\n|\n|t:|1700789442\n|switch|p1a: LIBERATE ME|Scizor, F|100\/100|[from] Flip Turn\n|-damage|p1a: LIBERATE ME|88\/100|[from] Stealth Rock\n|\n|-weather|Sandstorm|[upkeep]\n|upkeep\n|turn|12\n|\n|t:|1700789446\n|switch|p2a: Alomomola|Alomomola, F|100\/100\n|detailschange|p1a: LIBERATE ME|Scizor-Mega, F\n|-mega|p1a: LIBERATE ME|Scizor|Scizorite\n|move|p1a: LIBERATE ME|Bullet Punch|p2a: Alomomola\n|-resisted|p2a: Alomomola\n|-damage|p2a: Alomomola|93\/100\n|\n|-weather|Sandstorm|[upkeep]\n|-damage|p2a: Alomomola|87\/100|[from] Sandstorm\n|-heal|p2a: Alomomola|93\/100|[from] item: Leftovers\n|upkeep\n|turn|13\n|\n|t:|1700789449\n|move|p1a: LIBERATE ME|U-turn|p2a: Alomomola\n|-damage|p2a: Alomomola|76\/100\n|\n|t:|1700789452\n|switch|p1a: COMPARE COMBUST|Ursaluna, M|59\/100 brn|[from] U-turn\n|-damage|p1a: COMPARE COMBUST|53\/100 brn|[from] Stealth Rock\n|move|p2a: Alomomola|Wish|p2a: Alomomola\n|\n|-weather|Sandstorm|[upkeep]\n|-damage|p2a: Alomomola|70\/100|[from] Sandstorm\n|-heal|p2a: Alomomola|76\/100|[from] item: Leftovers\n|-damage|p1a: COMPARE COMBUST|47\/100 brn|[from] brn\n|upkeep\n|turn|14\n|\n|t:|1700789456\n|move|p1a: COMPARE COMBUST|Facade|p2a: Alomomola\n|-damage|p2a: Alomomola|20\/100\n|move|p2a: Alomomola|Flip Turn|p1a: COMPARE COMBUST\n|-supereffective|p1a: COMPARE COMBUST\n|-damage|p1a: COMPARE COMBUST|21\/100 brn\n|\n|t:|1700789462\n|switch|p2a: Landorus|Landorus-Therian, M|38\/100|[from] Flip Turn\n|-ability|p2a: Landorus|Intimidate|boost\n|-unboost|p1a: COMPARE COMBUST|atk|1\n|\n|-weather|none\n|-heal|p2a: Landorus|100\/100|[from] move: Wish|[wisher] Alomomola\n|-damage|p1a: COMPARE COMBUST|15\/100 brn|[from] brn\n|upkeep\n|turn|15\n|\n|t:|1700789467\n|switch|p1a: I WISH I KNEW YOU|Alomomola, M|100\/100\n|move|p2a: Landorus|Stone Edge|p1a: I WISH I KNEW YOU\n|-damage|p1a: I WISH I KNEW YOU|77\/100\n|\n|upkeep\n|turn|16\n|\n|t:|1700789473\n|switch|p2a: Alomomola|Alomomola, F|53\/100\n|move|p1a: I WISH I KNEW YOU|Wish|p1a: I WISH I KNEW YOU\n|\n|-heal|p2a: Alomomola|59\/100|[from] item: Leftovers\n|upkeep\n|turn|17\n|\n|t:|1700789474\n|move|p1a: I WISH I KNEW YOU|Flip Turn|p2a: Alomomola\n|-resisted|p2a: Alomomola\n|-damage|p2a: Alomomola|55\/100\n|\n|t:|1700789483\n|switch|p1a: LIBERATE ME|Scizor-Mega, F|88\/100|[from] Flip Turn\n|-damage|p1a: LIBERATE ME|76\/100|[from] Stealth Rock\n|move|p2a: Alomomola|Wish|p2a: Alomomola\n|\n|-heal|p1a: LIBERATE ME|100\/100|[from] move: Wish|[wisher] I WISH I KNEW YOU\n|-heal|p2a: Alomomola|61\/100|[from] item: Leftovers\n|upkeep\n|turn|18\n|\n|t:|1700789487\n|move|p1a: LIBERATE ME|Swords Dance|p1a: LIBERATE ME\n|-boost|p1a: LIBERATE ME|atk|2\n|move|p2a: Alomomola|Flip Turn|p1a: LIBERATE ME\n|-damage|p1a: LIBERATE ME|91\/100\n|\n|t:|1700789490\n|switch|p2a: Aegislash|Aegislash, F|73\/100|[from] Flip Turn\n|\n|-heal|p2a: Aegislash|100\/100|[from] move: Wish|[wisher] Alomomola\n|upkeep\n|turn|19\n|\n|t:|1700789498\n|switch|p1a: BOLT TO THE HEAD|Garchomp, F|100\/100\n|-damage|p1a: BOLT TO THE HEAD|94\/100|[from] Stealth Rock\n|-formechange|p2a: Aegislash|Aegislash-Blade||[from] ability: Stance Change\n|move|p2a: Aegislash|Shadow Ball|p1a: BOLT TO THE HEAD\n|-damage|p1a: BOLT TO THE HEAD|34\/100\n|-unboost|p1a: BOLT TO THE HEAD|spd|1\n|\n|upkeep\n|turn|20\n|\n|t:|1700789503\n|switch|p2a: Landorus|Landorus-Therian, M|100\/100\n|-ability|p2a: Landorus|Intimidate|boost\n|-unboost|p1a: BOLT TO THE HEAD|atk|1\n|move|p1a: BOLT TO THE HEAD|Earthquake|p2a: Landorus\n|-immune|p2a: Landorus\n|\n|upkeep\n|turn|21\n|\n|t:|1700789509\n|switch|p1a: I WISH I KNEW YOU|Alomomola, M|100\/100\n|move|p2a: Landorus|Earthquake|p1a: I WISH I KNEW YOU\n|-damage|p1a: I WISH I KNEW YOU|67\/100\n|\n|upkeep\n|turn|22\n|\n|t:|1700789514\n|switch|p2a: Aegislash|Aegislash, F|100\/100\n|move|p1a: I WISH I KNEW YOU|Wish|p1a: I WISH I KNEW YOU\n|\n|upkeep\n|turn|23\n|\n|t:|1700789518\n|-formechange|p2a: Aegislash|Aegislash-Blade||[from] ability: Stance Change\n|move|p2a: Aegislash|Shadow Ball|p1a: I WISH I KNEW YOU\n|-damage|p1a: I WISH I KNEW YOU|19\/100\n|move|p1a: I WISH I KNEW YOU|Flip Turn|p2a: Aegislash\n|-damage|p2a: Aegislash|62\/100\n|\n|t:|1700789524\n|switch|p1a: COMPARE COMBUST|Ursaluna, M|15\/100 brn|[from] Flip Turn\n|-damage|p1a: COMPARE COMBUST|9\/100 brn|[from] Stealth Rock\n|\n|-heal|p1a: COMPARE COMBUST|60\/100 brn|[from] move: Wish|[wisher] I WISH I KNEW YOU\n|-damage|p1a: COMPARE COMBUST|54\/100 brn|[from] brn\n|upkeep\n|turn|24\n|\n|t:|1700789533\n|switch|p2a: Landorus|Landorus-Therian, M|100\/100\n|-ability|p2a: Landorus|Intimidate|boost\n|-unboost|p1a: COMPARE COMBUST|atk|1\n|move|p1a: COMPARE COMBUST|Earthquake|p2a: Landorus\n|-immune|p2a: Landorus\n|\n|-damage|p1a: COMPARE COMBUST|48\/100 brn|[from] brn\n|upkeep\n|turn|25\n|\n|t:|1700789544\n|switch|p1a: I WISH I KNEW YOU|Alomomola, M|52\/100\n|move|p2a: Landorus|Earthquake|p1a: I WISH I KNEW YOU\n|-damage|p1a: I WISH I KNEW YOU|16\/100\n|\n|upkeep\n|turn|26\n|\n|t:|1700789551\n|switch|p1a: CHASING CLOUDS YEA|Zapdos|100\/100\n|move|p2a: Landorus|Earthquake|p1a: CHASING CLOUDS YEA\n|-immune|p1a: CHASING CLOUDS YEA\n|\n|upkeep\n|turn|27\n|\n|t:|1700789554\n|switch|p2a: Tyranitar|Tyranitar-Mega, M|81\/100\n|-weather|Sandstorm|[from] ability: Sand Stream|[of] p2a: Tyranitar\n|move|p1a: CHASING CLOUDS YEA|Hurricane|p2a: Tyranitar|[miss]\n|-miss|p1a: CHASING CLOUDS YEA|p2a: Tyranitar\n|\n|-weather|Sandstorm|[upkeep]\n|-damage|p1a: CHASING CLOUDS YEA|94\/100|[from] Sandstorm\n|upkeep\n|turn|28\n|\n|t:|1700789572\n|move|p1a: CHASING CLOUDS YEA|Volt Switch|p2a: Tyranitar\n|-damage|p2a: Tyranitar|65\/100\n|\n|t:|1700789578\n|switch|p1a: LIBERATE ME|Scizor-Mega, F|91\/100|[from] Volt Switch\n|-damage|p1a: LIBERATE ME|79\/100|[from] Stealth Rock\n|move|p2a: Tyranitar|Knock Off|p1a: LIBERATE ME\n|-damage|p1a: LIBERATE ME|51\/100\n|\n|-weather|Sandstorm|[upkeep]\n|upkeep\n|turn|29\n|\n|t:|1700789585\n|switch|p2a: Alomomola|Alomomola, F|95\/100\n|move|p1a: LIBERATE ME|Roost|p1a: LIBERATE ME\n|-heal|p1a: LIBERATE ME|100\/100\n|-singleturn|p1a: LIBERATE ME|move: Roost\n|\n|-weather|Sandstorm|[upkeep]\n|-damage|p2a: Alomomola|89\/100|[from] Sandstorm\n|-heal|p2a: Alomomola|95\/100|[from] item: Leftovers\n|upkeep\n|turn|30\n|\n|t:|1700789587\n|move|p1a: LIBERATE ME|Swords Dance|p1a: LIBERATE ME\n|-boost|p1a: LIBERATE ME|atk|2\n|move|p2a: Alomomola|Wish|p2a: Alomomola\n|\n|-weather|Sandstorm|[upkeep]\n|-damage|p2a: Alomomola|89\/100|[from] Sandstorm\n|-heal|p2a: Alomomola|95\/100|[from] item: Leftovers\n|upkeep\n|turn|31\n|\n|t:|1700789589\n|move|p1a: LIBERATE ME|Swords Dance|p1a: LIBERATE ME\n|-boost|p1a: LIBERATE ME|atk|2\n|move|p2a: Alomomola|Flip Turn|p1a: LIBERATE ME\n|-damage|p1a: LIBERATE ME|89\/100\n|\n|t:|1700789592\n|switch|p2a: Aegislash|Aegislash, F|62\/100|[from] Flip Turn\n|\n|-weather|none\n|-heal|p2a: Aegislash|100\/100|[from] move: Wish|[wisher] Alomomola\n|upkeep\n|turn|32\n|\n|t:|1700789594\n|-formechange|p2a: Aegislash|Aegislash-Blade||[from] ability: Stance Change\n|move|p2a: Aegislash|Shadow Ball|p1a: LIBERATE ME\n|-damage|p1a: LIBERATE ME|40\/100\n|move|p1a: LIBERATE ME|Swords Dance|p1a: LIBERATE ME\n|-boost|p1a: LIBERATE ME|atk|2\n|\n|upkeep\n|turn|33\n|\n|t:|1700789601\n|move|p1a: LIBERATE ME|Bullet Punch|p2a: Aegislash\n|-resisted|p2a: Aegislash\n|-damage|p2a: Aegislash|0 fnt\n|faint|p2a: Aegislash\n|\n|upkeep\n|\n|t:|1700789604\n|switch|p2a: Zamazenta|Zamazenta|100\/100\n|turn|34\n|\n|t:|1700789609\n|move|p1a: LIBERATE ME|Bullet Punch|p2a: Zamazenta\n|-damage|p2a: Zamazenta|0 fnt\n|faint|p2a: Zamazenta\n|\n|upkeep\n|\n|t:|1700789612\n|switch|p2a: Landorus|Landorus-Therian, M|100\/100\n|-ability|p2a: Landorus|Intimidate|boost\n|-unboost|p1a: LIBERATE ME|atk|1\n|turn|35\n|\n|t:|1700789615\n|move|p1a: LIBERATE ME|Bullet Punch|p2a: Landorus\n|-damage|p2a: Landorus|0 fnt\n|faint|p2a: Landorus\n|\n|upkeep\n|-message|CappyPulpy forfeited.\n|\n|win|UUbers Vesp\n|raw|UUbers Vesp's rating: 1680 &rarr; <strong>1697<\/strong><br \/>(+17 for winning)\n|raw|CappyPulpy's rating: 1629 &rarr; <strong>1612<\/strong><br \/>(-17 for losing)\n|l|\u2606CappyPulpy\n|c|\u2606UUbers Vesp|What happened u played so welll\n","uploadtime":1700789628,"views":21,"p1id":"uubersvesp","p2id":"cappypulpy","formatid":"gen9nationaldex","rating":1612,"private":0,"password":""}