{"id":"gen9nationaldex-1990915492","p1":"Mareoo","p2":"runeatest","format":"[Gen 9] National Dex","log":"|j|\u2606Mareoo\n|j|\u2606runeatest\n|t:|1700014704\n|gametype|singles\n|player|p1|Mareoo|gambler|1235\n|player|p2|runeatest|fisherman-gen4|1275\n|teamsize|p1|6\n|teamsize|p2|6\n|gen|9\n|tier|[Gen 9] National Dex\n|rated|\n|rule|HP Percentage Mod: HP is shown in percentages\n|rule|Endless Battle Clause: Forcing endless battles is banned\n|rule|OHKO Clause: OHKO moves are banned\n|rule|Evasion Clause: Evasion abilities, items, and moves are banned\n|rule|Evasion Abilities Clause: Evasion abilities are banned\n|rule|Evasion Items Clause: Evasion items are banned\n|rule|Evasion Moves Clause: Evasion moves are banned\n|rule|Species Clause: Limit one of each Pok\u00e9mon\n|rule|Sleep Clause Mod: Limit one foe put to sleep\n|clearpoke\n|poke|p1|Blaziken, M|\n|poke|p1|Shiftry, F|\n|poke|p1|Gardevoir, M|\n|poke|p1|Slaking, F|\n|poke|p1|Ninjask, M|\n|poke|p1|Exploud, M|\n|poke|p2|Vaporeon, M|\n|poke|p2|Salamence, M|\n|poke|p2|Hitmontop, M|\n|poke|p2|Electivire, M|\n|poke|p2|Togekiss, M|\n|poke|p2|Houndoom, M|\n|teampreview\n|inactive|Battle timer is ON: inactive players will automatically lose when time's up. (requested by runeatest)\n|\n|t:|1700014712\n|start\n|switch|p1a: Ninjask|Ninjask, M|100\/100\n|switch|p2a: Salamence|Salamence, M|100\/100\n|-ability|p2a: Salamence|Intimidate|boost\n|-unboost|p1a: Ninjask|atk|1\n|turn|1\n|\n|t:|1700014727\n|move|p1a: Ninjask|U-turn|p2a: Salamence\n|-resisted|p2a: Salamence\n|-damage|p2a: Salamence|87\/100\n|\n|t:|1700014728\n|switch|p1a: Gardevoir|Gardevoir, M|100\/100|[from] U-turn\n|-ability|p1a: Gardevoir|Intimidate|boost\n|-unboost|p2a: Salamence|atk|1\n|-ability|p1a: Gardevoir|Intimidate|[from] ability: Trace|[of] p2a: Salamence\n|move|p2a: Salamence|Air Slash|p1a: Gardevoir\n|-crit|p1a: Gardevoir\n|-damage|p1a: Gardevoir|22\/100\n|\n|upkeep\n|turn|2\n|\n|t:|1700014741\n|switch|p2a: Togekiss|Togekiss, M, shiny|100\/100\n|detailschange|p1a: Gardevoir|Gardevoir-Mega, M\n|-mega|p1a: Gardevoir|Gardevoir|Gardevoirite\n|move|p1a: Gardevoir|Hyper Voice|p2a: Togekiss\n|-damage|p2a: Togekiss|37\/100\n|\n|upkeep\n|turn|3\n|\n|t:|1700014749\n|move|p1a: Gardevoir|Hyper Voice|p2a: Togekiss\n|-damage|p2a: Togekiss|0 fnt\n|faint|p2a: Togekiss\n|\n|upkeep\n|\n|t:|1700014753\n|switch|p2a: Hitmontop|Hitmontop, M|100\/100\n|turn|4\n|inactive|Mareoo has 120 seconds left.\n|\n|t:|1700014785\n|switch|p1a: Ninjask|Ninjask, M|100\/100\n|move|p2a: Hitmontop|Fake Out|p1a: Ninjask\n|-damage|p1a: Ninjask|56\/100\n|\n|upkeep\n|turn|5\n|\n|t:|1700014792\n|switch|p2a: Salamence|Salamence, M|87\/100\n|-ability|p2a: Salamence|Intimidate|boost\n|-unboost|p1a: Ninjask|atk|1\n|move|p1a: Ninjask|Dual Wingbeat|p2a: Salamence\n|-damage|p2a: Salamence|73\/100\n|-damage|p2a: Salamence|57\/100\n|-hitcount|p2a: Salamence|2\n|\n|-ability|p1a: Ninjask|Speed Boost|boost\n|-boost|p1a: Ninjask|spe|1\n|upkeep\n|turn|6\n|\n|t:|1700014803\n|move|p1a: Ninjask|U-turn|p2a: Salamence\n|-resisted|p2a: Salamence\n|-damage|p2a: Salamence|44\/100\n|\n|t:|1700014807\n|switch|p1a: Exploud|Exploud, M|100\/100|[from] U-turn\n|move|p2a: Salamence|Air Slash|p1a: Exploud\n|-damage|p1a: Exploud|66\/100\n|\n|upkeep\n|turn|7\n|\n|t:|1700014816\n|move|p2a: Salamence|Air Slash|p1a: Exploud\n|-damage|p1a: Exploud|31\/100\n|cant|p1a: Exploud|flinch\n|\n|upkeep\n|turn|8\n|\n|t:|1700014820\n|move|p2a: Salamence|Air Slash|p1a: Exploud\n|-damage|p1a: Exploud|0 fnt\n|faint|p1a: Exploud\n|\n|upkeep\n|\n|t:|1700014826\n|switch|p1a: Shiftry|Shiftry, F|100\/100\n|turn|9\n|\n|t:|1700014835\n|move|p2a: Salamence|Air Slash|p1a: Shiftry\n|-supereffective|p1a: Shiftry\n|-damage|p1a: Shiftry|0 fnt\n|faint|p1a: Shiftry\n|\n|upkeep\n|\n|t:|1700014837\n|switch|p1a: Gardevoir|Gardevoir-Mega, M|22\/100\n|turn|10\n|\n|t:|1700014841\n|-terastallize|p2a: Salamence|Fire\n|move|p2a: Salamence|Air Slash|p1a: Gardevoir\n|-damage|p1a: Gardevoir|0 fnt\n|faint|p1a: Gardevoir\n|\n|upkeep\n|\n|t:|1700014848\n|switch|p1a: Ninjask|Ninjask, M|56\/100\n|turn|11\n|\n|t:|1700014854\n|-terastallize|p1a: Ninjask|Steel\n|move|p1a: Ninjask|Swords Dance|p1a: Ninjask\n|-boost|p1a: Ninjask|atk|2\n|move|p2a: Salamence|Air Slash|p1a: Ninjask\n|-resisted|p1a: Ninjask\n|-damage|p1a: Ninjask|1\/100\n|\n|-ability|p1a: Ninjask|Speed Boost|boost\n|-boost|p1a: Ninjask|spe|1\n|upkeep\n|turn|12\n|\n|t:|1700014865\n|move|p1a: Ninjask|Dual Wingbeat|p2a: Salamence\n|-damage|p2a: Salamence|0 fnt\n|faint|p2a: Salamence\n|-hitcount|p2: Salamence|1\n|\n|-ability|p1a: Ninjask|Speed Boost|boost\n|-boost|p1a: Ninjask|spe|1\n|upkeep\n|\n|t:|1700014871\n|switch|p2a: Hitmontop|Hitmontop, M|100\/100\n|turn|13\n|\n|t:|1700014876\n|switch|p1a: Blaziken|Blaziken, M|100\/100\n|move|p2a: Hitmontop|Fake Out|p1a: Blaziken\n|-damage|p1a: Blaziken|73\/100\n|\n|upkeep\n|turn|14\n|\n|t:|1700014883\n|move|p1a: Blaziken|Swords Dance|p1a: Blaziken\n|-boost|p1a: Blaziken|atk|2\n|move|p2a: Hitmontop|High Jump Kick|p1a: Blaziken\n|-damage|p1a: Blaziken|0 fnt\n|faint|p1a: Blaziken\n|\n|upkeep\n|\n|t:|1700014886\n|switch|p1a: Ninjask|Ninjask, M, tera:Steel|1\/100\n|turn|15\n|\n|t:|1700014891\n|move|p2a: Hitmontop|Sucker Punch|p1a: Ninjask\n|-damage|p1a: Ninjask|0 fnt\n|faint|p1a: Ninjask\n|\n|upkeep\n|\n|t:|1700014893\n|switch|p1a: Slaking|Slaking, F|100\/100\n|turn|16\n|\n|t:|1700014896\n|move|p1a: Slaking|Retaliate|p2a: Hitmontop\n|-enditem|p2a: Hitmontop|Focus Sash\n|-damage|p2a: Hitmontop|1\/100\n|move|p2a: Hitmontop|High Jump Kick|p1a: Slaking\n|-supereffective|p1a: Slaking\n|-crit|p1a: Slaking\n|-damage|p1a: Slaking|0 fnt\n|faint|p1a: Slaking\n|\n|win|runeatest\n|raw|Mareoo's rating: 1235 &rarr; <strong>1213<\/strong><br \/>(-22 for losing)\n|raw|runeatest's rating: 1275 &rarr; <strong>1297<\/strong><br \/>(+22 for winning)\n|l|\u2606Mareoo\n","uploadtime":1700014909,"views":4,"p1id":"mareoo","p2id":"runeatest","formatid":"gen9nationaldex","rating":1213,"private":0,"password":""}