{"id":"gen9nationaldex-1992834177","p1":"Dropyx","p2":"Eduzin17_YT","format":"[Gen 9] National Dex","log":"|j|\u2606Dropyx\n|j|\u2606Eduzin17_YT\n|t:|1700239454\n|gametype|singles\n|player|p1|Dropyx|bugcatcher-gen4dp|1029\n|player|p2|Eduzin17_YT|wallace|1115\n|teamsize|p1|6\n|teamsize|p2|6\n|gen|9\n|tier|[Gen 9] National Dex\n|rated|\n|rule|HP Percentage Mod: HP is shown in percentages\n|rule|Endless Battle Clause: Forcing endless battles is banned\n|rule|OHKO Clause: OHKO moves are banned\n|rule|Evasion Clause: Evasion abilities, items, and moves are banned\n|rule|Evasion Abilities Clause: Evasion abilities are banned\n|rule|Evasion Items Clause: Evasion items are banned\n|rule|Evasion Moves Clause: Evasion moves are banned\n|rule|Species Clause: Limit one of each Pok\u00e9mon\n|rule|Sleep Clause Mod: Limit one foe put to sleep\n|clearpoke\n|poke|p1|Garchomp, M|\n|poke|p1|Spiritomb, M|\n|poke|p1|Lucario, M|\n|poke|p1|Milotic, F|\n|poke|p1|Roserade, F|\n|poke|p1|Togekiss, M|\n|poke|p2|Feraligatr, M|\n|poke|p2|Grimmsnarl, M|\n|poke|p2|Tornadus-Therian, M|\n|poke|p2|Toxapex, F|\n|poke|p2|Aegislash, M|\n|poke|p2|Mimikyu, F|\n|teampreview\n|inactive|Battle timer is ON: inactive players will automatically lose when time's up. (requested by Eduzin17_YT)\n|\n|t:|1700239461\n|start\n|switch|p1a: Roserade|Roserade, F, shiny|100\/100\n|switch|p2a: Grimmsnarl|Grimmsnarl, M|100\/100\n|turn|1\n|\n|t:|1700239470\n|move|p2a: Grimmsnarl|Taunt|p1a: Roserade\n|-start|p1a: Roserade|move: Taunt\n|move|p1a: Roserade|Sludge Bomb|p2a: Grimmsnarl\n|-supereffective|p2a: Grimmsnarl\n|-damage|p2a: Grimmsnarl|6\/100\n|\n|upkeep\n|turn|2\n|\n|t:|1700239478\n|move|p2a: Grimmsnarl|Light Screen|p2a: Grimmsnarl\n|-sidestart|p2: Eduzin17_YT|move: Light Screen\n|move|p1a: Roserade|Sludge Bomb|p2a: Grimmsnarl\n|-supereffective|p2a: Grimmsnarl\n|-damage|p2a: Grimmsnarl|0 fnt\n|faint|p2a: Grimmsnarl\n|\n|upkeep\n|\n|t:|1700239490\n|switch|p2a: Feraligatr|Feraligatr, M|100\/100\n|turn|3\n|\n|t:|1700239497\n|-terastallize|p2a: Feraligatr|Dark\n|move|p2a: Feraligatr|Dragon Dance|p2a: Feraligatr\n|-boost|p2a: Feraligatr|atk|1\n|-boost|p2a: Feraligatr|spe|1\n|move|p1a: Roserade|Giga Drain|p2a: Feraligatr\n|-damage|p2a: Feraligatr|77\/100\n|\n|-end|p1a: Roserade|move: Taunt\n|upkeep\n|turn|4\n|\n|t:|1700239508\n|move|p2a: Feraligatr|Ice Punch|p1a: Roserade\n|-supereffective|p1a: Roserade\n|-damage|p1a: Roserade|0 fnt\n|faint|p1a: Roserade\n|\n|upkeep\n|\n|t:|1700239517\n|switch|p1a: Togekiss|Togekiss, M, shiny|100\/100\n|turn|5\n|\n|t:|1700239521\n|move|p2a: Feraligatr|Ice Punch|p1a: Togekiss\n|-supereffective|p1a: Togekiss\n|-damage|p1a: Togekiss|0 fnt\n|faint|p1a: Togekiss\n|\n|upkeep\n|\n|t:|1700239536\n|switch|p1a: Milotic|Milotic, F|100\/100\n|turn|6\n|\n|t:|1700239540\n|move|p2a: Feraligatr|Crunch|p1a: Milotic\n|-damage|p1a: Milotic|0 fnt\n|faint|p1a: Milotic\n|\n|upkeep\n|\n|t:|1700239551\n|switch|p1a: Garchomp|Garchomp, M|100\/100\n|turn|7\n|\n|t:|1700239556\n|detailschange|p1a: Garchomp|Garchomp-Mega, M\n|-mega|p1a: Garchomp|Garchomp|Garchompite\n|move|p2a: Feraligatr|Crunch|p1a: Garchomp\n|-damage|p1a: Garchomp|32\/100\n|move|p1a: Garchomp|Sandstorm|p1a: Garchomp\n|-weather|Sandstorm\n|\n|-weather|Sandstorm|[upkeep]\n|-damage|p2a: Feraligatr|71\/100|[from] Sandstorm\n|upkeep\n|turn|8\n|\n|t:|1700239564\n|switch|p1a: Spiritomb|Spiritomb, M|100\/100\n|move|p2a: Feraligatr|Ice Punch|p1a: Spiritomb\n|-damage|p1a: Spiritomb|41\/100\n|\n|-weather|Sandstorm|[upkeep]\n|-damage|p2a: Feraligatr|64\/100|[from] Sandstorm\n|-damage|p1a: Spiritomb|35\/100|[from] Sandstorm\n|upkeep\n|turn|9\n|\n|t:|1700239574\n|move|p2a: Feraligatr|Ice Punch|p1a: Spiritomb\n|-damage|p1a: Spiritomb|0 fnt\n|faint|p1a: Spiritomb\n|\n|-weather|Sandstorm|[upkeep]\n|-damage|p2a: Feraligatr|58\/100|[from] Sandstorm\n|-sideend|p2: Eduzin17_YT|move: Light Screen\n|upkeep\n|\n|t:|1700239580\n|switch|p1a: Lucario|Lucario, M|100\/100\n|turn|10\n|\n|t:|1700239591\n|move|p2a: Feraligatr|Liquidation|p1a: Lucario\n|-damage|p1a: Lucario|0 fnt\n|faint|p1a: Lucario\n|\n|-weather|Sandstorm|[upkeep]\n|-damage|p2a: Feraligatr|52\/100|[from] Sandstorm\n|upkeep\n|\n|t:|1700239597\n|switch|p1a: Garchomp|Garchomp-Mega, M|32\/100\n|turn|11\n|\n|t:|1700239601\n|move|p2a: Feraligatr|Ice Punch|p1a: Garchomp\n|-supereffective|p1a: Garchomp\n|-damage|p1a: Garchomp|0 fnt\n|faint|p1a: Garchomp\n|\n|win|Eduzin17_YT\n|raw|Dropyx's rating: 1029 &rarr; <strong>1018<\/strong><br \/>(-11 for losing)\n|raw|Eduzin17_YT's rating: 1115 &rarr; <strong>1134<\/strong><br \/>(+19 for winning)\n|l|\u2606Dropyx\n","uploadtime":1700239608,"views":6,"p1id":"dropyx","p2id":"eduzin17yt","formatid":"gen9nationaldex","rating":1018,"private":0,"password":""}