{"id":"gen9nationaldex-1993134937","p1":"nature25","p2":"wcyoubing\u8349\u55b5\u72c2\u70ed\u7c89","format":"[Gen 9] National Dex","log":"|j|\u203dnature25\n|j|\u2606wcyoubing\u8349\u55b5\u72c2\u70ed\u7c89\n|t:|1700268894\n|gametype|singles\n|player|p1|nature25|102|1570\n|player|p2|wcyoubing\u8349\u55b5\u72c2\u70ed\u7c89|acerola-masters|1571\n|teamsize|p1|6\n|teamsize|p2|6\n|gen|9\n|tier|[Gen 9] National Dex\n|rated|\n|rule|HP Percentage Mod: HP is shown in percentages\n|rule|Endless Battle Clause: Forcing endless battles is banned\n|rule|OHKO Clause: OHKO moves are banned\n|rule|Evasion Clause: Evasion abilities, items, and moves are banned\n|rule|Evasion Abilities Clause: Evasion abilities are banned\n|rule|Evasion Items Clause: Evasion items are banned\n|rule|Evasion Moves Clause: Evasion moves are banned\n|rule|Species Clause: Limit one of each Pok\u00e9mon\n|rule|Sleep Clause Mod: Limit one foe put to sleep\n|clearpoke\n|poke|p1|Grimmsnarl, M|\n|poke|p1|Volcarona, F|\n|poke|p1|Gyarados, F|\n|poke|p1|Ogerpon-Cornerstone, F|\n|poke|p1|Diancie|\n|poke|p1|Gliscor, M|\n|poke|p2|Banette, F|\n|poke|p2|Zamazenta-*|\n|poke|p2|Alomomola, M|\n|poke|p2|Thundurus-Therian, M|\n|poke|p2|Aegislash, F|\n|poke|p2|Hoopa-Unbound|\n|teampreview\n|inactive|Battle timer is ON: inactive players will automatically lose when time's up. (requested by wcyoubing\u8349\u55b5\u72c2\u70ed\u7c89)\n|\n|t:|1700268904\n|start\n|switch|p1a: Grimmsnarl|Grimmsnarl, M|100\/100\n|switch|p2a: \u9b3c\u9b3c\u559c\u6b22\u6076\u4f5c\u5267|Banette, F|100\/100\n|-item|p1a: Grimmsnarl|Light Clay|[from] ability: Frisk|[of] p2a: \u9b3c\u9b3c\u559c\u6b22\u6076\u4f5c\u5267|[identify]\n|turn|1\n|\n|t:|1700268914\n|detailschange|p2a: \u9b3c\u9b3c\u559c\u6b22\u6076\u4f5c\u5267|Banette-Mega, F\n|-mega|p2a: \u9b3c\u9b3c\u559c\u6b22\u6076\u4f5c\u5267|Banette|Banettite\n|move|p2a: \u9b3c\u9b3c\u559c\u6b22\u6076\u4f5c\u5267|Taunt|p1a: Grimmsnarl\n|-hint|Since gen 7, Dark is immune to Prankster moves.\n|-immune|p1a: Grimmsnarl\n|move|p1a: Grimmsnarl|Taunt|p2a: \u9b3c\u9b3c\u559c\u6b22\u6076\u4f5c\u5267\n|-start|p2a: \u9b3c\u9b3c\u559c\u6b22\u6076\u4f5c\u5267|move: Taunt\n|\n|upkeep\n|turn|2\n|\n|t:|1700268933\n|switch|p2a: \u76fe\u4e4b\u738b\u6015\u75bc\uff0c\u5e26\u5f31\u70b9\u4fdd\u9669\u5408\u7406\u5427|Zamazenta|100\/100\n|-ability|p2a: \u76fe\u4e4b\u738b\u6015\u75bc\uff0c\u5e26\u5f31\u70b9\u4fdd\u9669\u5408\u7406\u5427|Dauntless Shield|boost\n|-boost|p2a: \u76fe\u4e4b\u738b\u6015\u75bc\uff0c\u5e26\u5f31\u70b9\u4fdd\u9669\u5408\u7406\u5427|def|1\n|move|p1a: Grimmsnarl|Reflect|p1a: Grimmsnarl\n|-sidestart|p1: nature25|Reflect\n|\n|upkeep\n|turn|3\n|\n|t:|1700268942\n|move|p1a: Grimmsnarl|Taunt|p2a: \u76fe\u4e4b\u738b\u6015\u75bc\uff0c\u5e26\u5f31\u70b9\u4fdd\u9669\u5408\u7406\u5427\n|-start|p2a: \u76fe\u4e4b\u738b\u6015\u75bc\uff0c\u5e26\u5f31\u70b9\u4fdd\u9669\u5408\u7406\u5427|move: Taunt\n|cant|p2a: \u76fe\u4e4b\u738b\u6015\u75bc\uff0c\u5e26\u5f31\u70b9\u4fdd\u9669\u5408\u7406\u5427|move: Taunt|Substitute\n|\n|upkeep\n|turn|4\n|\n|t:|1700268959\n|switch|p2a: Thundurus|Thundurus-Therian, M|100\/100\n|move|p1a: Grimmsnarl|Parting Shot|p2a: Thundurus\n|-unboost|p2a: Thundurus|atk|1\n|-unboost|p2a: Thundurus|spa|1\n|\n|t:|1700268975\n|switch|p1a: Ogerpon|Ogerpon-Cornerstone, F|100\/100|[from] Parting Shot\n|\n|upkeep\n|turn|5\n|\n|t:|1700268987\n|move|p1a: Ogerpon|Swords Dance|p1a: Ogerpon\n|-boost|p1a: Ogerpon|atk|2\n|move|p2a: Thundurus|Volt Switch|p1a: Ogerpon\n|-resisted|p1a: Ogerpon\n|-damage|p1a: Ogerpon|76\/100\n|\n|t:|1700268995\n|switch|p2a: \u9b3c\u9b3c\u559c\u6b22\u6076\u4f5c\u5267|Banette-Mega, F|100\/100|[from] Volt Switch\n|\n|upkeep\n|turn|6\n|\n|t:|1700269007\n|move|p2a: \u9b3c\u9b3c\u559c\u6b22\u6076\u4f5c\u5267|Encore|p1a: Ogerpon\n|-start|p1a: Ogerpon|Encore\n|move|p1a: Ogerpon|Swords Dance|p1a: Ogerpon\n|-boost|p1a: Ogerpon|atk|2\n|\n|upkeep\n|turn|7\n|\n|t:|1700269011\n|move|p1a: Ogerpon|Swords Dance|p1a: Ogerpon\n|-boost|p1a: Ogerpon|atk|2\n|move|p2a: \u9b3c\u9b3c\u559c\u6b22\u6076\u4f5c\u5267|Poltergeist|p1a: Ogerpon\n|-activate|p1a: Ogerpon|move: Poltergeist|Cornerstone Mask\n|-damage|p1a: Ogerpon|28\/100\n|\n|upkeep\n|turn|8\n|\n|t:|1700269019\n|switch|p1a: Grimmsnarl|Grimmsnarl, M|100\/100\n|move|p2a: \u9b3c\u9b3c\u559c\u6b22\u6076\u4f5c\u5267|Poltergeist|p1a: Grimmsnarl\n|-activate|p1a: Grimmsnarl|move: Poltergeist|Light Clay\n|-resisted|p1a: Grimmsnarl\n|-crit|p1a: Grimmsnarl\n|-damage|p1a: Grimmsnarl|58\/100\n|\n|upkeep\n|turn|9\n|\n|t:|1700269036\n|switch|p2a: I'm a Guanyin|Hoopa-Unbound|100\/100\n|move|p1a: Grimmsnarl|Light Screen|p1a: Grimmsnarl\n|-sidestart|p1: nature25|move: Light Screen\n|\n|-sideend|p1: nature25|Reflect\n|upkeep\n|turn|10\n|\n|t:|1700269048\n|move|p1a: Grimmsnarl|Reflect|p1a: Grimmsnarl\n|-sidestart|p1: nature25|Reflect\n|move|p2a: I'm a Guanyin|Gunk Shot|p1a: Grimmsnarl\n|-supereffective|p1a: Grimmsnarl\n|-damage|p1a: Grimmsnarl|0 fnt\n|faint|p1a: Grimmsnarl\n|\n|upkeep\n|\n|t:|1700269059\n|switch|p1a: Gyarados|Gyarados, F|100\/100\n|-ability|p1a: Gyarados|Intimidate|boost\n|-unboost|p2a: I'm a Guanyin|atk|1\n|turn|11\n|\n|t:|1700269070\n|switch|p2a: \u4fdd\u59c6\u66fc\u6ce2\u8868\u793a\u6211\u4e5f\u60f3c|Alomomola, M, shiny|100\/100\n|move|p1a: Gyarados|Crunch|p2a: \u4fdd\u59c6\u66fc\u6ce2\u8868\u793a\u6211\u4e5f\u60f3c\n|-damage|p2a: \u4fdd\u59c6\u66fc\u6ce2\u8868\u793a\u6211\u4e5f\u60f3c|84\/100\n|-damage|p1a: Gyarados|84\/100|[from] item: Rocky Helmet|[of] p2a: \u4fdd\u59c6\u66fc\u6ce2\u8868\u793a\u6211\u4e5f\u60f3c\n|\n|upkeep\n|turn|12\n|\n|t:|1700269076\n|move|p1a: Gyarados|Taunt|p2a: \u4fdd\u59c6\u66fc\u6ce2\u8868\u793a\u6211\u4e5f\u60f3c\n|-start|p2a: \u4fdd\u59c6\u66fc\u6ce2\u8868\u793a\u6211\u4e5f\u60f3c|move: Taunt\n|cant|p2a: \u4fdd\u59c6\u66fc\u6ce2\u8868\u793a\u6211\u4e5f\u60f3c|move: Taunt|Toxic\n|\n|upkeep\n|turn|13\n|\n|t:|1700269081\n|move|p1a: Gyarados|Dragon Dance|p1a: Gyarados\n|-boost|p1a: Gyarados|atk|1\n|-boost|p1a: Gyarados|spe|1\n|move|p2a: \u4fdd\u59c6\u66fc\u6ce2\u8868\u793a\u6211\u4e5f\u60f3c|Flip Turn|p1a: Gyarados\n|-resisted|p1a: Gyarados\n|-damage|p1a: Gyarados|79\/100\n|\n|t:|1700269087\n|switch|p2a: \u9b3c\u9b3c\u559c\u6b22\u6076\u4f5c\u5267|Banette-Mega, F|100\/100|[from] Flip Turn\n|\n|upkeep\n|turn|14\n|\n|t:|1700269102\n|switch|p1a: Ogerpon|Ogerpon-Cornerstone, F|28\/100\n|move|p2a: \u9b3c\u9b3c\u559c\u6b22\u6076\u4f5c\u5267|Encore||[still]\n|-fail|p2a: \u9b3c\u9b3c\u559c\u6b22\u6076\u4f5c\u5267\n|\n|upkeep\n|turn|15\n|\n|t:|1700269113\n|move|p2a: \u9b3c\u9b3c\u559c\u6b22\u6076\u4f5c\u5267|Destiny Bond|p2a: \u9b3c\u9b3c\u559c\u6b22\u6076\u4f5c\u5267\n|-singlemove|p2a: \u9b3c\u9b3c\u559c\u6b22\u6076\u4f5c\u5267|Destiny Bond\n|move|p1a: Ogerpon|Horn Leech|p2a: \u9b3c\u9b3c\u559c\u6b22\u6076\u4f5c\u5267\n|-damage|p2a: \u9b3c\u9b3c\u559c\u6b22\u6076\u4f5c\u5267|36\/100\n|-heal|p1a: Ogerpon|59\/100|[from] drain|[of] p2a: \u9b3c\u9b3c\u559c\u6b22\u6076\u4f5c\u5267\n|\n|upkeep\n|turn|16\n|\n|t:|1700269120\n|move|p1a: Ogerpon|Encore|p2a: \u9b3c\u9b3c\u559c\u6b22\u6076\u4f5c\u5267\n|-start|p2a: \u9b3c\u9b3c\u559c\u6b22\u6076\u4f5c\u5267|Encore\n|move|p2a: \u9b3c\u9b3c\u559c\u6b22\u6076\u4f5c\u5267|Destiny Bond||[still]\n|-fail|p2a: \u9b3c\u9b3c\u559c\u6b22\u6076\u4f5c\u5267\n|\n|-sideend|p1: nature25|move: Light Screen\n|upkeep\n|turn|17\n|\n|t:|1700269127\n|move|p2a: \u9b3c\u9b3c\u559c\u6b22\u6076\u4f5c\u5267|Destiny Bond|p2a: \u9b3c\u9b3c\u559c\u6b22\u6076\u4f5c\u5267\n|-singlemove|p2a: \u9b3c\u9b3c\u559c\u6b22\u6076\u4f5c\u5267|Destiny Bond\n|move|p1a: Ogerpon|Ivy Cudgel|p2a: \u9b3c\u9b3c\u559c\u6b22\u6076\u4f5c\u5267|[anim] Ivy Cudgel Rock\n|-damage|p2a: \u9b3c\u9b3c\u559c\u6b22\u6076\u4f5c\u5267|0 fnt\n|faint|p2a: \u9b3c\u9b3c\u559c\u6b22\u6076\u4f5c\u5267\n|-activate|p2a: \u9b3c\u9b3c\u559c\u6b22\u6076\u4f5c\u5267|move: Destiny Bond\n|faint|p1a: Ogerpon\n|\n|-sideend|p1: nature25|Reflect\n|upkeep\n|\n|t:|1700269150\n|switch|p1a: Gyarados|Gyarados, F|79\/100\n|switch|p2a: \u76fe\u4e4b\u738b\u6015\u75bc\uff0c\u5e26\u5f31\u70b9\u4fdd\u9669\u5408\u7406\u5427|Zamazenta|100\/100\n|-ability|p1a: Gyarados|Intimidate|boost\n|-unboost|p2a: \u76fe\u4e4b\u738b\u6015\u75bc\uff0c\u5e26\u5f31\u70b9\u4fdd\u9669\u5408\u7406\u5427|atk|1\n|turn|18\n|\n|t:|1700269156\n|detailschange|p1a: Gyarados|Gyarados-Mega, F\n|-mega|p1a: Gyarados|Gyarados|Gyaradosite\n|-ability|p1a: Gyarados|Mold Breaker\n|move|p2a: \u76fe\u4e4b\u738b\u6015\u75bc\uff0c\u5e26\u5f31\u70b9\u4fdd\u9669\u5408\u7406\u5427|Substitute|p2a: \u76fe\u4e4b\u738b\u6015\u75bc\uff0c\u5e26\u5f31\u70b9\u4fdd\u9669\u5408\u7406\u5427\n|-start|p2a: \u76fe\u4e4b\u738b\u6015\u75bc\uff0c\u5e26\u5f31\u70b9\u4fdd\u9669\u5408\u7406\u5427|Substitute\n|-damage|p2a: \u76fe\u4e4b\u738b\u6015\u75bc\uff0c\u5e26\u5f31\u70b9\u4fdd\u9669\u5408\u7406\u5427|75\/100\n|move|p1a: Gyarados|Taunt|p2a: \u76fe\u4e4b\u738b\u6015\u75bc\uff0c\u5e26\u5f31\u70b9\u4fdd\u9669\u5408\u7406\u5427\n|-start|p2a: \u76fe\u4e4b\u738b\u6015\u75bc\uff0c\u5e26\u5f31\u70b9\u4fdd\u9669\u5408\u7406\u5427|move: Taunt\n|\n|-heal|p2a: \u76fe\u4e4b\u738b\u6015\u75bc\uff0c\u5e26\u5f31\u70b9\u4fdd\u9669\u5408\u7406\u5427|82\/100|[from] item: Leftovers\n|upkeep\n|turn|19\n|\n|t:|1700269166\n|move|p2a: \u76fe\u4e4b\u738b\u6015\u75bc\uff0c\u5e26\u5f31\u70b9\u4fdd\u9669\u5408\u7406\u5427|Body Press|p1a: Gyarados\n|-supereffective|p1a: Gyarados\n|-crit|p1a: Gyarados\n|-damage|p1a: Gyarados|0 fnt\n|faint|p1a: Gyarados\n|\n|-heal|p2a: \u76fe\u4e4b\u738b\u6015\u75bc\uff0c\u5e26\u5f31\u70b9\u4fdd\u9669\u5408\u7406\u5427|88\/100|[from] item: Leftovers\n|upkeep\n|\n|t:|1700269170\n|switch|p1a: Volcarona|Volcarona, F|100\/100\n|turn|20\n|\n|t:|1700269194\n|switch|p2a: \u4fdd\u59c6\u66fc\u6ce2\u8868\u793a\u6211\u4e5f\u60f3c|Alomomola, M, shiny|100\/100\n|move|p1a: Volcarona|Quiver Dance|p1a: Volcarona\n|-boost|p1a: Volcarona|spa|1\n|-boost|p1a: Volcarona|spd|1\n|-boost|p1a: Volcarona|spe|1\n|\n|upkeep\n|turn|21\n|\n|t:|1700269210\n|switch|p1a: Gliscor|Gliscor, M|100\/100\n|move|p2a: \u4fdd\u59c6\u66fc\u6ce2\u8868\u793a\u6211\u4e5f\u60f3c|Toxic|p1a: Gliscor\n|-status|p1a: Gliscor|tox\n|\n|upkeep\n|turn|22\n|\n|t:|1700269222\n|move|p1a: Gliscor|Curse|p1a: Gliscor\n|-unboost|p1a: Gliscor|spe|1\n|-boost|p1a: Gliscor|atk|1\n|-boost|p1a: Gliscor|def|1\n|move|p2a: \u4fdd\u59c6\u66fc\u6ce2\u8868\u793a\u6211\u4e5f\u60f3c|Flip Turn|p1a: Gliscor\n|-supereffective|p1a: Gliscor\n|-damage|p1a: Gliscor|83\/100 tox\n|\n|t:|1700269230\n|switch|p2a: Thundurus|Thundurus-Therian, M|100\/100|[from] Flip Turn\n|\n|-heal|p1a: Gliscor|95\/100 tox|[from] ability: Poison Heal\n|upkeep\n|turn|23\n|\n|t:|1700269240\n|move|p2a: Thundurus|Hidden Power|p1a: Gliscor\n|-supereffective|p1a: Gliscor\n|-damage|p1a: Gliscor|0 fnt\n|faint|p1a: Gliscor\n|\n|upkeep\n|\n|t:|1700269247\n|switch|p1a: Diancie|Diancie|100\/100\n|turn|24\n|\n|t:|1700269256\n|switch|p2a: \u89c1\u8fc7\u65e0\u9632\u5b88\u7684\u9b3c\u5251\u5417|Aegislash, F, shiny|100\/100\n|move|p1a: Diancie|Calm Mind|p1a: Diancie\n|-boost|p1a: Diancie|spa|1\n|-boost|p1a: Diancie|spd|1\n|\n|upkeep\n|turn|25\n|\n|t:|1700269263\n|-terastallize|p1a: Diancie|Poison\n|move|p2a: \u89c1\u8fc7\u65e0\u9632\u5b88\u7684\u9b3c\u5251\u5417|Swords Dance|p2a: \u89c1\u8fc7\u65e0\u9632\u5b88\u7684\u9b3c\u5251\u5417\n|-boost|p2a: \u89c1\u8fc7\u65e0\u9632\u5b88\u7684\u9b3c\u5251\u5417|atk|2\n|move|p1a: Diancie|Diamond Storm|p2a: \u89c1\u8fc7\u65e0\u9632\u5b88\u7684\u9b3c\u5251\u5417|[miss]\n|-miss|p1a: Diancie|p2a: \u89c1\u8fc7\u65e0\u9632\u5b88\u7684\u9b3c\u5251\u5417\n|\n|upkeep\n|turn|26\n|\n|t:|1700269270\n|-zpower|p2a: \u89c1\u8fc7\u65e0\u9632\u5b88\u7684\u9b3c\u5251\u5417\n|-formechange|p2a: \u89c1\u8fc7\u65e0\u9632\u5b88\u7684\u9b3c\u5251\u5417|Aegislash-Blade||[from] ability: Stance Change\n|move|p2a: \u89c1\u8fc7\u65e0\u9632\u5b88\u7684\u9b3c\u5251\u5417|Never-Ending Nightmare|p1a: Diancie|[zeffect]\n|-damage|p1a: Diancie|0 fnt\n|faint|p1a: Diancie\n|\n|upkeep\n|\n|t:|1700269280\n|switch|p1a: Volcarona|Volcarona, F|100\/100\n|turn|27\n|\n|t:|1700269285\n|move|p1a: Volcarona|Quiver Dance|p1a: Volcarona\n|-boost|p1a: Volcarona|spa|1\n|-boost|p1a: Volcarona|spd|1\n|-boost|p1a: Volcarona|spe|1\n|move|p2a: \u89c1\u8fc7\u65e0\u9632\u5b88\u7684\u9b3c\u5251\u5417|Shadow Claw|p1a: Volcarona\n|-damage|p1a: Volcarona|0 fnt\n|faint|p1a: Volcarona\n|\n|win|wcyoubing\u8349\u55b5\u72c2\u70ed\u7c89\n|raw|nature25's rating: 1570 &rarr; <strong>1550<\/strong><br \/>(-20 for losing)\n|raw|wcyoubing\u8349\u55b5\u72c2\u70ed\u7c89's rating: 1571 &rarr; <strong>1591<\/strong><br \/>(+20 for winning)\n","uploadtime":1700269306,"views":6,"p1id":"nature25","p2id":"wcyoubing","formatid":"gen9nationaldex","rating":1550,"private":0,"password":""}