{"id":"gen9nationaldex-1997525676","p1":"Chris6497","p2":"ldsadsadcsf","format":"[Gen 9] National Dex","log":"|html|<div class=\"broadcast-blue\"><strong>[Gen 9] National Dex is currently suspecting Sneasler! For information on how to participate check out the <a href=\"https:\/\/www.smogon.com\/forums\/threads\/sv-national-dex-suspect-8-just-dance.3731534\/\">suspect thread<\/a>.<\/strong><\/div>\n|j|\u2606Chris6497\n|j|\u2606ldsadsadcsf\n|t:|1700820222\n|gametype|singles\n|player|p1|Chris6497|scientist-gen4dp|1466\n|player|p2|ldsadsadcsf|unknown|1479\n|teamsize|p1|6\n|teamsize|p2|6\n|gen|9\n|tier|[Gen 9] National Dex\n|rated|\n|rule|HP Percentage Mod: HP is shown in percentages\n|rule|Endless Battle Clause: Forcing endless battles is banned\n|rule|OHKO Clause: OHKO moves are banned\n|rule|Evasion Clause: Evasion abilities, items, and moves are banned\n|rule|Evasion Abilities Clause: Evasion abilities are banned\n|rule|Evasion Items Clause: Evasion items are banned\n|rule|Evasion Moves Clause: Evasion moves are banned\n|rule|Species Clause: Limit one of each Pok\u00e9mon\n|rule|Sleep Clause Mod: Limit one foe put to sleep\n|clearpoke\n|poke|p1|Hariyama, M|\n|poke|p1|Parasect, M|\n|poke|p1|Hatterene, F|\n|poke|p1|Cresselia, F|\n|poke|p1|Marowak-Alola, M|\n|poke|p1|Porygon2|\n|poke|p2|Iron Valiant|\n|poke|p2|Glimmora, M|\n|poke|p2|Dragonite, M|\n|poke|p2|Hatterene, F|\n|poke|p2|Urshifu-*, M|\n|poke|p2|Banette, F|\n|teampreview\n|inactive|Battle timer is ON: inactive players will automatically lose when time's up. (requested by Chris6497)\n|inactive|ldsadsadcsf also wants the timer to be on.\n|\n|t:|1700820229\n|start\n|switch|p1a: Hatterene|Hatterene, F|100\/100\n|switch|p2a: \u7b2c\u4e8c\u4e2a\u9053\u5177|Glimmora, M|100\/100\n|turn|1\n|\n|t:|1700820233\n|move|p2a: \u7b2c\u4e8c\u4e2a\u9053\u5177|Sludge Wave|p1a: Hatterene\n|-supereffective|p1a: Hatterene\n|-enditem|p1a: Hatterene|Focus Sash\n|-damage|p1a: Hatterene|1\/100\n|move|p1a: Hatterene|Trick Room|p1a: Hatterene\n|-fieldstart|move: Trick Room|[of] p1a: Hatterene\n|\n|upkeep\n|turn|2\n|\n|t:|1700820240\n|move|p1a: Hatterene|Misty Explosion|p2a: \u7b2c\u4e8c\u4e2a\u9053\u5177\n|-resisted|p2a: \u7b2c\u4e8c\u4e2a\u9053\u5177\n|-damage|p2a: \u7b2c\u4e8c\u4e2a\u9053\u5177|59\/100\n|faint|p1a: Hatterene\n|move|p2a: \u7b2c\u4e8c\u4e2a\u9053\u5177|Mortal Spin|p1: Hatterene|[notarget]\n|-fail|p2a: \u7b2c\u4e8c\u4e2a\u9053\u5177\n|\n|upkeep\n|\n|t:|1700820244\n|switch|p1a: Cresselia|Cresselia, F|100\/100\n|turn|3\n|\n|t:|1700820254\n|move|p1a: Cresselia|Psychic|p2a: \u7b2c\u4e8c\u4e2a\u9053\u5177\n|-supereffective|p2a: \u7b2c\u4e8c\u4e2a\u9053\u5177\n|-damage|p2a: \u7b2c\u4e8c\u4e2a\u9053\u5177|0 fnt\n|faint|p2a: \u7b2c\u4e8c\u4e2a\u9053\u5177\n|\n|upkeep\n|\n|t:|1700820258\n|switch|p2a: \u624b\u529e|Banette, F, shiny|100\/100\n|-item|p1a: Cresselia|Leftovers|[from] ability: Frisk|[of] p2a: \u624b\u529e|[identify]\n|turn|4\n|\n|t:|1700820267\n|switch|p1a: Porygon2|Porygon2|100\/100\n|-item|p2a: \u624b\u529e|Banettite|[from] ability: Frisk|[of] p1a: Porygon2|[identify]\n|-ability|p1a: Porygon2|Frisk|[from] ability: Trace|[of] p2a: \u624b\u529e\n|detailschange|p2a: \u624b\u529e|Banette-Mega, F, shiny\n|-mega|p2a: \u624b\u529e|Banette|Banettite\n|move|p2a: \u624b\u529e|Taunt|p1a: Porygon2\n|-start|p1a: Porygon2|move: Taunt\n|\n|upkeep\n|turn|5\n|\n|t:|1700820274\n|switch|p1a: Cresselia|Cresselia, F|100\/100\n|switch|p2a: \u6c34\u718a|Urshifu-Rapid-Strike, M|100\/100\n|\n|-fieldend|move: Trick Room\n|upkeep\n|turn|6\n|\n|t:|1700820279\n|move|p2a: \u6c34\u718a|Surging Strikes|p1a: Cresselia\n|-crit|p1a: Cresselia\n|-damage|p1a: Cresselia|87\/100\n|-crit|p1a: Cresselia\n|-damage|p1a: Cresselia|73\/100\n|-crit|p1a: Cresselia\n|-damage|p1a: Cresselia|60\/100\n|-hitcount|p1a: Cresselia|3\n|move|p1a: Cresselia|Trick Room|p1a: Cresselia\n|-fieldstart|move: Trick Room|[of] p1a: Cresselia\n|\n|-heal|p1a: Cresselia|66\/100|[from] item: Leftovers\n|upkeep\n|turn|7\n|\n|t:|1700820292\n|switch|p2a: \u5e3d\u5b50|Hatterene, F, shiny|100\/100\n|move|p1a: Cresselia|Psychic|p2a: \u5e3d\u5b50\n|-resisted|p2a: \u5e3d\u5b50\n|-damage|p2a: \u5e3d\u5b50|88\/100\n|-unboost|p2a: \u5e3d\u5b50|spd|1\n|\n|-heal|p2a: \u5e3d\u5b50|94\/100|[from] item: Leftovers\n|-heal|p1a: Cresselia|72\/100|[from] item: Leftovers\n|upkeep\n|turn|8\n|\n|t:|1700820300\n|switch|p1a: Marowak|Marowak-Alola, M|100\/100\n|move|p2a: \u5e3d\u5b50|Nuzzle|p1a: Marowak\n|-damage|p1a: Marowak|96\/100\n|-status|p1a: Marowak|par\n|\n|-heal|p2a: \u5e3d\u5b50|99\/100|[from] item: Leftovers\n|upkeep\n|turn|9\n|\n|t:|1700820318\n|cant|p1a: Marowak|par\n|move|p2a: \u5e3d\u5b50|Psyshock|p1a: Marowak\n|-damage|p1a: Marowak|47\/100 par\n|\n|-heal|p2a: \u5e3d\u5b50|100\/100|[from] item: Leftovers\n|upkeep\n|turn|10\n|\n|t:|1700820328\n|switch|p2a: \u80a5\u5927|Dragonite, M|100\/100\n|move|p1a: Marowak|Shadow Bone|p2a: \u80a5\u5927\n|-damage|p2a: \u80a5\u5927|69\/100\n|\n|-fieldend|move: Trick Room\n|upkeep\n|turn|11\n|\n|t:|1700820335\n|switch|p1a: Porygon2|Porygon2|100\/100\n|-ability|p1a: Porygon2|Multiscale|[from] ability: Trace|[of] p2a: \u80a5\u5927\n|move|p2a: \u80a5\u5927|Earthquake|p1a: Porygon2\n|-damage|p1a: Porygon2|90\/100\n|\n|upkeep\n|turn|12\n|\n|t:|1700820340\n|move|p2a: \u80a5\u5927|Curse|p2a: \u80a5\u5927\n|-unboost|p2a: \u80a5\u5927|spe|1\n|-boost|p2a: \u80a5\u5927|atk|1\n|-boost|p2a: \u80a5\u5927|def|1\n|move|p1a: Porygon2|Trick Room|p1a: Porygon2\n|-fieldstart|move: Trick Room|[of] p1a: Porygon2\n|\n|upkeep\n|turn|13\n|\n|t:|1700820345\n|-terastallize|p2a: \u80a5\u5927|Normal\n|move|p2a: \u80a5\u5927|Extreme Speed|p1a: Porygon2\n|-damage|p1a: Porygon2|53\/100\n|move|p1a: Porygon2|Ice Beam|p2a: \u80a5\u5927\n|-damage|p2a: \u80a5\u5927|54\/100\n|\n|upkeep\n|turn|14\n|\n|t:|1700820352\n|switch|p1a: Marowak|Marowak-Alola, M|47\/100 par\n|move|p2a: \u80a5\u5927|Roost|p2a: \u80a5\u5927\n|-heal|p2a: \u80a5\u5927|100\/100\n|\n|upkeep\n|turn|15\n|\n|t:|1700820356\n|move|p1a: Marowak|Knock Off|p2a: \u80a5\u5927\n|-damage|p2a: \u80a5\u5927|84\/100\n|-enditem|p2a: \u80a5\u5927|Heavy-Duty Boots|[from] move: Knock Off|[of] p1a: Marowak\n|move|p2a: \u80a5\u5927|Curse|p2a: \u80a5\u5927\n|-unboost|p2a: \u80a5\u5927|spe|1\n|-boost|p2a: \u80a5\u5927|atk|1\n|-boost|p2a: \u80a5\u5927|def|1\n|\n|upkeep\n|turn|16\n|\n|t:|1700820361\n|switch|p1a: Cresselia|Cresselia, F|72\/100\n|move|p2a: \u80a5\u5927|Earthquake|p1a: Cresselia\n|-immune|p1a: Cresselia|[from] ability: Levitate\n|\n|-heal|p1a: Cresselia|78\/100|[from] item: Leftovers\n|-fieldend|move: Trick Room\n|upkeep\n|turn|17\n|\n|t:|1700820364\n|move|p2a: \u80a5\u5927|Extreme Speed|p1a: Cresselia\n|-crit|p1a: Cresselia\n|-damage|p1a: Cresselia|10\/100\n|move|p1a: Cresselia|Trick Room|p1a: Cresselia\n|-fieldstart|move: Trick Room|[of] p1a: Cresselia\n|\n|-heal|p1a: Cresselia|16\/100|[from] item: Leftovers\n|upkeep\n|turn|18\n|\n|t:|1700820368\n|move|p2a: \u80a5\u5927|Earthquake|p1a: Cresselia\n|-immune|p1a: Cresselia|[from] ability: Levitate\n|move|p1a: Cresselia|Lunar Dance|p1a: Cresselia\n|faint|p1a: Cresselia\n|\n|upkeep\n|\n|t:|1700820377\n|switch|p1a: Marowak|Marowak-Alola, M|47\/100 par\n|-heal|p1a: Marowak|100\/100|[from] move: Lunar Dance\n|turn|19\n|\n|t:|1700820386\n|move|p2a: \u80a5\u5927|Curse|p2a: \u80a5\u5927\n|-unboost|p2a: \u80a5\u5927|spe|1\n|-boost|p2a: \u80a5\u5927|atk|1\n|-boost|p2a: \u80a5\u5927|def|1\n|move|p1a: Marowak|Flare Blitz|p2a: \u80a5\u5927\n|-damage|p2a: \u80a5\u5927|46\/100\n|\n|upkeep\n|turn|20\n|\n|t:|1700820392\n|move|p2a: \u80a5\u5927|Roost|p2a: \u80a5\u5927\n|-heal|p2a: \u80a5\u5927|96\/100\n|move|p1a: Marowak|Flare Blitz|p2a: \u80a5\u5927\n|-damage|p2a: \u80a5\u5927|60\/100\n|\n|upkeep\n|turn|21\n|\n|t:|1700820401\n|switch|p1a: Parasect|Parasect, M|100\/100\n|move|p2a: \u80a5\u5927|Roost|p2a: \u80a5\u5927\n|-heal|p2a: \u80a5\u5927|100\/100\n|\n|-fieldend|move: Trick Room\n|upkeep\n|turn|22\n|\n|t:|1700820404\n|move|p2a: \u80a5\u5927|Extreme Speed|p1a: Parasect\n|-damage|p1a: Parasect|0 fnt\n|faint|p1a: Parasect\n|\n|upkeep\n|\n|t:|1700820408\n|switch|p1a: Hariyama|Hariyama, M, shiny|100\/100\n|turn|23\n|\n|t:|1700820414\n|move|p2a: \u80a5\u5927|Extreme Speed|p1a: Hariyama\n|-damage|p1a: Hariyama|2\/100\n|move|p1a: Hariyama|Close Combat|p2a: \u80a5\u5927\n|-supereffective|p2a: \u80a5\u5927\n|-damage|p2a: \u80a5\u5927|75\/100\n|-unboost|p1a: Hariyama|def|1\n|-unboost|p1a: Hariyama|spd|1\n|\n|upkeep\n|turn|24\n|\n|t:|1700820419\n|move|p1a: Hariyama|Close Combat|p2a: \u80a5\u5927\n|-supereffective|p2a: \u80a5\u5927\n|-damage|p2a: \u80a5\u5927|23\/100\n|-unboost|p1a: Hariyama|def|1\n|-unboost|p1a: Hariyama|spd|1\n|move|p2a: \u80a5\u5927|Curse|p2a: \u80a5\u5927\n|-unboost|p2a: \u80a5\u5927|spe|1\n|-boost|p2a: \u80a5\u5927|atk|1\n|-boost|p2a: \u80a5\u5927|def|1\n|\n|upkeep\n|turn|25\n|\n|t:|1700820423\n|move|p2a: \u80a5\u5927|Extreme Speed|p1a: Hariyama\n|-damage|p1a: Hariyama|0 fnt\n|faint|p1a: Hariyama\n|\n|upkeep\n|\n|t:|1700820426\n|switch|p1a: Marowak|Marowak-Alola, M|100\/100\n|turn|26\n|\n|t:|1700820429\n|move|p1a: Marowak|Flare Blitz|p2a: \u80a5\u5927\n|-damage|p2a: \u80a5\u5927|0 fnt\n|faint|p2a: \u80a5\u5927\n|\n|upkeep\n|\n|t:|1700820434\n|switch|p2a: \u624b\u529e|Banette-Mega, F, shiny|100\/100\n|turn|27\n|\n|t:|1700820440\n|move|p2a: \u624b\u529e|Poltergeist|p1a: Marowak\n|-activate|p1a: Marowak|move: Poltergeist|Thick Club\n|-supereffective|p1a: Marowak\n|-damage|p1a: Marowak|0 fnt\n|faint|p1a: Marowak\n|\n|upkeep\n|\n|t:|1700820443\n|switch|p1a: Porygon2|Porygon2|53\/100\n|-ability|p1a: Porygon2|Prankster|[from] ability: Trace|[of] p2a: \u624b\u529e\n|turn|28\n|\n|t:|1700820446\n|move|p2a: \u624b\u529e|Taunt|p1a: Porygon2\n|-start|p1a: Porygon2|move: Taunt\n|cant|p1a: Porygon2|move: Taunt|Trick Room\n|\n|upkeep\n|turn|29\n|\n|t:|1700820452\n|move|p2a: \u624b\u529e|Sucker Punch|p1a: Porygon2\n|-damage|p1a: Porygon2|32\/100\n|move|p1a: Porygon2|Ice Beam|p2a: \u624b\u529e\n|-damage|p2a: \u624b\u529e|73\/100\n|\n|upkeep\n|turn|30\n|\n|t:|1700820457\n|switch|p2a: \u6c34\u718a|Urshifu-Rapid-Strike, M|100\/100\n|move|p1a: Porygon2|Ice Beam|p2a: \u6c34\u718a\n|-resisted|p2a: \u6c34\u718a\n|-damage|p2a: \u6c34\u718a|83\/100\n|-status|p2a: \u6c34\u718a|frz\n|\n|-end|p1a: Porygon2|move: Taunt\n|upkeep\n|turn|31\n|\n|t:|1700820461\n|move|p1a: Porygon2|Recover|p1a: Porygon2\n|-heal|p1a: Porygon2|83\/100\n|cant|p2a: \u6c34\u718a|frz\n|\n|upkeep\n|turn|32\n|\n|t:|1700820465\n|switch|p2a: \u7231\u5983|Iron Valiant|100\/100\n|-enditem|p2a: \u7231\u5983|Booster Energy\n|-activate|p2a: \u7231\u5983|ability: Quark Drive|[fromitem]\n|-start|p2a: \u7231\u5983|quarkdrivespe\n|move|p1a: Porygon2|Trick Room|p1a: Porygon2\n|-fieldstart|move: Trick Room|[of] p1a: Porygon2\n|\n|upkeep\n|turn|33\n|\n|t:|1700820472\n|-terastallize|p1a: Porygon2|Normal\n|move|p1a: Porygon2|Tri Attack|p2a: \u7231\u5983\n|-damage|p2a: \u7231\u5983|36\/100\n|move|p2a: \u7231\u5983|Focus Blast|p1a: Porygon2|[miss]\n|-miss|p2a: \u7231\u5983|p1a: Porygon2\n|\n|upkeep\n|turn|34\n|\n|t:|1700820481\n|move|p1a: Porygon2|Tri Attack|p2a: \u7231\u5983\n|-damage|p2a: \u7231\u5983|0 fnt\n|faint|p2a: \u7231\u5983\n|-end|p2a: \u7231\u5983|Quark Drive|[silent]\n|\n|upkeep\n|\n|t:|1700820484\n|switch|p2a: \u624b\u529e|Banette-Mega, F, shiny|73\/100\n|turn|35\n|\n|t:|1700820495\n|move|p2a: \u624b\u529e|Sucker Punch|p1a: Porygon2\n|-damage|p1a: Porygon2|61\/100\n|move|p1a: Porygon2|Ice Beam|p2a: \u624b\u529e\n|-damage|p2a: \u624b\u529e|47\/100\n|\n|upkeep\n|turn|36\n|\n|t:|1700820502\n|move|p2a: \u624b\u529e|Sucker Punch|p1a: Porygon2\n|-damage|p1a: Porygon2|40\/100\n|move|p1a: Porygon2|Ice Beam|p2a: \u624b\u529e\n|-damage|p2a: \u624b\u529e|19\/100\n|\n|-fieldend|move: Trick Room\n|upkeep\n|turn|37\n|\n|t:|1700820513\n|move|p2a: \u624b\u529e|Destiny Bond|p2a: \u624b\u529e\n|-singlemove|p2a: \u624b\u529e|Destiny Bond\n|move|p1a: Porygon2|Recover|p1a: Porygon2\n|-heal|p1a: Porygon2|91\/100\n|\n|upkeep\n|turn|38\n|\n|t:|1700820523\n|switch|p2a: \u5e3d\u5b50|Hatterene, F, shiny|100\/100\n|move|p1a: Porygon2|Ice Beam|p2a: \u5e3d\u5b50\n|-damage|p2a: \u5e3d\u5b50|79\/100\n|\n|-heal|p2a: \u5e3d\u5b50|85\/100|[from] item: Leftovers\n|upkeep\n|turn|39\n|\n|t:|1700820530\n|move|p2a: \u5e3d\u5b50|Mystical Fire|p1a: Porygon2\n|-damage|p1a: Porygon2|78\/100\n|-unboost|p1a: Porygon2|spa|1\n|move|p1a: Porygon2|Trick Room|p1a: Porygon2\n|-fieldstart|move: Trick Room|[of] p1a: Porygon2\n|\n|-heal|p2a: \u5e3d\u5b50|91\/100|[from] item: Leftovers\n|upkeep\n|turn|40\n|\n|t:|1700820532\n|move|p2a: \u5e3d\u5b50|Mystical Fire|p1a: Porygon2\n|-damage|p1a: Porygon2|65\/100\n|-unboost|p1a: Porygon2|spa|1\n|move|p1a: Porygon2|Tri Attack|p2a: \u5e3d\u5b50\n|-damage|p2a: \u5e3d\u5b50|72\/100\n|\n|-heal|p2a: \u5e3d\u5b50|78\/100|[from] item: Leftovers\n|upkeep\n|turn|41\n|\n|t:|1700820534\n|move|p2a: \u5e3d\u5b50|Mystical Fire|p1a: Porygon2\n|-damage|p1a: Porygon2|52\/100\n|-unboost|p1a: Porygon2|spa|1\n|move|p1a: Porygon2|Tri Attack|p2a: \u5e3d\u5b50\n|-damage|p2a: \u5e3d\u5b50|61\/100\n|\n|-heal|p2a: \u5e3d\u5b50|67\/100|[from] item: Leftovers\n|upkeep\n|turn|42\n|\n|t:|1700820537\n|move|p2a: \u5e3d\u5b50|Mystical Fire|p1a: Porygon2\n|-damage|p1a: Porygon2|38\/100\n|-unboost|p1a: Porygon2|spa|1\n|move|p1a: Porygon2|Tri Attack|p2a: \u5e3d\u5b50\n|-damage|p2a: \u5e3d\u5b50|52\/100\n|\n|-heal|p2a: \u5e3d\u5b50|58\/100|[from] item: Leftovers\n|upkeep\n|turn|43\n|\n|t:|1700820540\n|move|p1a: Porygon2|Recover|p1a: Porygon2\n|-heal|p1a: Porygon2|88\/100\n|move|p2a: \u5e3d\u5b50|Mystical Fire|p1a: Porygon2\n|-damage|p1a: Porygon2|75\/100\n|-unboost|p1a: Porygon2|spa|1\n|\n|-heal|p2a: \u5e3d\u5b50|64\/100|[from] item: Leftovers\n|-fieldend|move: Trick Room\n|upkeep\n|turn|44\n|\n|t:|1700820543\n|move|p1a: Porygon2|Tri Attack|p2a: \u5e3d\u5b50\n|-damage|p2a: \u5e3d\u5b50|51\/100\n|-status|p2a: \u5e3d\u5b50|par\n|cant|p2a: \u5e3d\u5b50|par\n|\n|-heal|p2a: \u5e3d\u5b50|57\/100 par|[from] item: Leftovers\n|upkeep\n|turn|45\n|\n|t:|1700820547\n|move|p1a: Porygon2|Tri Attack|p2a: \u5e3d\u5b50\n|-damage|p2a: \u5e3d\u5b50|46\/100 par\n|move|p2a: \u5e3d\u5b50|Draining Kiss|p1a: Porygon2\n|-damage|p1a: Porygon2|62\/100\n|-heal|p2a: \u5e3d\u5b50|57\/100 par|[from] drain|[of] p1a: Porygon2\n|\n|-heal|p2a: \u5e3d\u5b50|63\/100 par|[from] item: Leftovers\n|upkeep\n|turn|46\n|\n|t:|1700820550\n|move|p1a: Porygon2|Tri Attack|p2a: \u5e3d\u5b50\n|-damage|p2a: \u5e3d\u5b50|51\/100 par\n|move|p2a: \u5e3d\u5b50|Draining Kiss|p1a: Porygon2\n|-crit|p1a: Porygon2\n|-damage|p1a: Porygon2|42\/100\n|-heal|p2a: \u5e3d\u5b50|69\/100 par|[from] drain|[of] p1a: Porygon2\n|\n|-heal|p2a: \u5e3d\u5b50|75\/100 par|[from] item: Leftovers\n|upkeep\n|turn|47\n|\n|t:|1700820552\n|move|p1a: Porygon2|Tri Attack|p2a: \u5e3d\u5b50\n|-crit|p2a: \u5e3d\u5b50\n|-damage|p2a: \u5e3d\u5b50|11\/100 par\n|cant|p2a: \u5e3d\u5b50|par\n|\n|-heal|p2a: \u5e3d\u5b50|17\/100 par|[from] item: Leftovers\n|upkeep\n|turn|48\n|\n|t:|1700820558\n|move|p1a: Porygon2|Tri Attack|p2a: \u5e3d\u5b50\n|-damage|p2a: \u5e3d\u5b50|5\/100 par\n|move|p2a: \u5e3d\u5b50|Draining Kiss|p1a: Porygon2\n|-damage|p1a: Porygon2|28\/100\n|-heal|p2a: \u5e3d\u5b50|17\/100 par|[from] drain|[of] p1a: Porygon2\n|\n|-heal|p2a: \u5e3d\u5b50|23\/100 par|[from] item: Leftovers\n|upkeep\n|turn|49\n|\n|t:|1700820561\n|move|p1a: Porygon2|Tri Attack|p2a: \u5e3d\u5b50\n|-damage|p2a: \u5e3d\u5b50|10\/100 par\n|cant|p2a: \u5e3d\u5b50|par\n|\n|-heal|p2a: \u5e3d\u5b50|16\/100 par|[from] item: Leftovers\n|upkeep\n|turn|50\n|\n|t:|1700820564\n|move|p1a: Porygon2|Tri Attack|p2a: \u5e3d\u5b50\n|-damage|p2a: \u5e3d\u5b50|5\/100 par\n|move|p2a: \u5e3d\u5b50|Draining Kiss|p1a: Porygon2\n|-damage|p1a: Porygon2|14\/100\n|-heal|p2a: \u5e3d\u5b50|17\/100 par|[from] drain|[of] p1a: Porygon2\n|\n|-heal|p2a: \u5e3d\u5b50|23\/100 par|[from] item: Leftovers\n|upkeep\n|turn|51\n|\n|t:|1700820571\n|move|p1a: Porygon2|Tri Attack|p2a: \u5e3d\u5b50\n|-crit|p2a: \u5e3d\u5b50\n|-damage|p2a: \u5e3d\u5b50|0 fnt\n|faint|p2a: \u5e3d\u5b50\n|\n|upkeep\n|\n|t:|1700820574\n|switch|p2a: \u624b\u529e|Banette-Mega, F, shiny|19\/100\n|turn|52\n|\n|t:|1700820577\n|move|p2a: \u624b\u529e|Sucker Punch||[still]\n|-fail|p2a: \u624b\u529e\n|move|p1a: Porygon2|Recover|p1a: Porygon2\n|-heal|p1a: Porygon2|64\/100\n|\n|upkeep\n|turn|53\n|\n|t:|1700820582\n|move|p2a: \u624b\u529e|Destiny Bond|p2a: \u624b\u529e\n|-singlemove|p2a: \u624b\u529e|Destiny Bond\n|move|p1a: Porygon2|Trick Room|p1a: Porygon2\n|-fieldstart|move: Trick Room|[of] p1a: Porygon2\n|\n|upkeep\n|turn|54\n|\n|t:|1700820590\n|switch|p2a: \u6c34\u718a|Urshifu-Rapid-Strike, M|83\/100 frz\n|move|p1a: Porygon2|Recover|p1a: Porygon2\n|-heal|p1a: Porygon2|100\/100\n|\n|upkeep\n|turn|55\n|\n|t:|1700820594\n|move|p1a: Porygon2|Tri Attack|p2a: \u6c34\u718a\n|-damage|p2a: \u6c34\u718a|68\/100 frz\n|cant|p2a: \u6c34\u718a|frz\n|\n|upkeep\n|turn|56\n|\n|t:|1700820597\n|move|p1a: Porygon2|Tri Attack|p2a: \u6c34\u718a\n|-damage|p2a: \u6c34\u718a|49\/100 frz\n|-curestatus|p2a: \u6c34\u718a|frz|[msg]\n|move|p2a: \u6c34\u718a|Surging Strikes|p1a: Porygon2\n|-crit|p1a: Porygon2\n|-damage|p1a: Porygon2|87\/100\n|-crit|p1a: Porygon2\n|-damage|p1a: Porygon2|74\/100\n|-crit|p1a: Porygon2\n|-damage|p1a: Porygon2|61\/100\n|-hitcount|p1a: Porygon2|3\n|\n|upkeep\n|turn|57\n|\n|t:|1700820601\n|move|p1a: Porygon2|Tri Attack|p2a: \u6c34\u718a\n|-damage|p2a: \u6c34\u718a|34\/100\n|-status|p2a: \u6c34\u718a|frz\n|cant|p2a: \u6c34\u718a|frz\n|\n|-fieldend|move: Trick Room\n|upkeep\n|turn|58\n|\n|t:|1700820605\n|cant|p2a: \u6c34\u718a|frz\n|move|p1a: Porygon2|Trick Room|p1a: Porygon2\n|-fieldstart|move: Trick Room|[of] p1a: Porygon2\n|\n|upkeep\n|turn|59\n|\n|t:|1700820607\n|move|p1a: Porygon2|Ice Beam|p2a: \u6c34\u718a\n|-resisted|p2a: \u6c34\u718a\n|-damage|p2a: \u6c34\u718a|29\/100 frz\n|cant|p2a: \u6c34\u718a|frz\n|\n|upkeep\n|turn|60\n|\n|t:|1700820609\n|move|p1a: Porygon2|Ice Beam|p2a: \u6c34\u718a\n|-resisted|p2a: \u6c34\u718a\n|-damage|p2a: \u6c34\u718a|24\/100 frz\n|-curestatus|p2a: \u6c34\u718a|frz|[msg]\n|move|p2a: \u6c34\u718a|Close Combat|p1a: Porygon2\n|-supereffective|p1a: Porygon2\n|-damage|p1a: Porygon2|0 fnt\n|-unboost|p2a: \u6c34\u718a|def|1\n|-unboost|p2a: \u6c34\u718a|spd|1\n|faint|p1a: Porygon2\n|\n|win|ldsadsadcsf\n|raw|Chris6497's rating: 1466 &rarr; <strong>1447<\/strong><br \/>(-19 for losing)\n|raw|ldsadsadcsf's rating: 1479 &rarr; <strong>1498<\/strong><br \/>(+19 for winning)\n","uploadtime":1700820617,"views":6,"p1id":"chris6497","p2id":"ldsadsadcsf","formatid":"gen9nationaldex","rating":1447,"private":0,"password":""}