{"id":"gen9nationaldex-1989892640","p1":"endmy","p2":"RiouruK","format":"[Gen 9] National Dex","log":"|j|\u2606endmy\n|j|\u2606RiouruK\n|t:|1699904457\n|gametype|singles\n|player|p1|endmy|unknown|\n|player|p2|RiouruK|ghetsis|\n|teamsize|p1|6\n|teamsize|p2|6\n|gen|9\n|tier|[Gen 9] National Dex\n|rule|HP Percentage Mod: HP is shown in percentages\n|rule|Endless Battle Clause: Forcing endless battles is banned\n|rule|OHKO Clause: OHKO moves are banned\n|rule|Evasion Clause: Evasion abilities, items, and moves are banned\n|rule|Evasion Abilities Clause: Evasion abilities are banned\n|rule|Evasion Items Clause: Evasion items are banned\n|rule|Evasion Moves Clause: Evasion moves are banned\n|rule|Species Clause: Limit one of each Pok\u00e9mon\n|rule|Sleep Clause Mod: Limit one foe put to sleep\n|clearpoke\n|poke|p1|Whimsicott, M|\n|poke|p1|Gardevoir, F|\n|poke|p1|Iron Valiant|\n|poke|p1|Klefki, F|\n|poke|p1|Mawile, M|\n|poke|p1|Clefable, F|\n|poke|p2|Lucario, M|\n|poke|p2|Iron Valiant|\n|poke|p2|Lopunny, F|\n|poke|p2|Blaziken, M|\n|poke|p2|Urshifu-*, M|\n|poke|p2|Great Tusk|\n|teampreview\n|\n|t:|1699904486\n|start\n|switch|p1a: Klefki|Klefki, F, shiny|100\/100\n|switch|p2a: Blaziken|Blaziken, M|100\/100\n|turn|1\n|\n|t:|1699904494\n|move|p2a: Blaziken|Protect|p2a: Blaziken\n|-singleturn|p2a: Blaziken|Protect\n|move|p1a: Klefki|Thunder Wave|p2a: Blaziken\n|-activate|p2a: Blaziken|move: Protect\n|\n|-ability|p2a: Blaziken|Speed Boost|boost\n|-boost|p2a: Blaziken|spe|1\n|upkeep\n|turn|2\n|\n|t:|1699904498\n|move|p1a: Klefki|Thunder Wave|p2a: Blaziken\n|-status|p2a: Blaziken|par\n|cant|p2a: Blaziken|par\n|\n|-ability|p2a: Blaziken|Speed Boost|boost\n|-boost|p2a: Blaziken|spe|1\n|upkeep\n|turn|3\n|\n|t:|1699904506\n|move|p1a: Klefki|Reflect|p1a: Klefki\n|-sidestart|p1: endmy|Reflect\n|move|p2a: Blaziken|Flare Blitz|p1a: Klefki\n|-supereffective|p1a: Klefki\n|-damage|p1a: Klefki|40\/100\n|-damage|p2a: Blaziken|84\/100 par|[from] Recoil\n|\n|-ability|p2a: Blaziken|Speed Boost|boost\n|-boost|p2a: Blaziken|spe|1\n|upkeep\n|turn|4\n|\n|t:|1699904514\n|move|p1a: Klefki|Spikes|p2a: Blaziken\n|-sidestart|p2: RiouruK|Spikes\n|move|p2a: Blaziken|Flare Blitz|p1a: Klefki\n|-supereffective|p1a: Klefki\n|-damage|p1a: Klefki|0 fnt\n|faint|p1a: Klefki\n|-damage|p2a: Blaziken|73\/100 par|[from] Recoil\n|\n|-ability|p2a: Blaziken|Speed Boost|boost\n|-boost|p2a: Blaziken|spe|1\n|upkeep\n|\n|t:|1699904532\n|switch|p1a: Gardevoir|Gardevoir, F|100\/100\n|-ability|p1a: Gardevoir|Speed Boost|[from] ability: Trace|[of] p2a: Blaziken\n|turn|5\n|\n|t:|1699904549\n|-zpower|p2a: Blaziken\n|move|p2a: Blaziken|Inferno Overdrive|p1a: Gardevoir|[zeffect]\n|-damage|p1a: Gardevoir|26\/100\n|move|p1a: Gardevoir|Psychic|p2a: Blaziken\n|-supereffective|p2a: Blaziken\n|-damage|p2a: Blaziken|0 fnt\n|faint|p2a: Blaziken\n|\n|-ability|p1a: Gardevoir|Speed Boost|boost\n|-boost|p1a: Gardevoir|spe|1\n|upkeep\n|\n|t:|1699904560\n|switch|p2a: Lopunny|Lopunny, F|100\/100\n|-damage|p2a: Lopunny|88\/100|[from] Spikes\n|turn|6\n|\n|t:|1699904564\n|move|p2a: Lopunny|Fake Out|p1a: Gardevoir\n|-damage|p1a: Gardevoir|13\/100\n|cant|p1a: Gardevoir|flinch\n|\n|-ability|p1a: Gardevoir|Speed Boost|boost\n|-boost|p1a: Gardevoir|spe|1\n|upkeep\n|turn|7\n|\n|t:|1699904573\n|move|p2a: Lopunny|Quick Attack|p1a: Gardevoir\n|-damage|p1a: Gardevoir|0 fnt\n|faint|p1a: Gardevoir\n|\n|upkeep\n|\n|t:|1699904582\n|switch|p1a: Whimsicott|Whimsicott, M|100\/100\n|turn|8\n|\n|t:|1699904588\n|move|p1a: Whimsicott|Encore|p2a: Lopunny\n|-start|p2a: Lopunny|Encore\n|move|p2a: Lopunny|Quick Attack|p1a: Whimsicott\n|-damage|p1a: Whimsicott|94\/100\n|\n|-heal|p1a: Whimsicott|99\/100|[from] item: Leftovers\n|upkeep\n|turn|9\n|\n|t:|1699904595\n|move|p2a: Lopunny|Quick Attack|p1a: Whimsicott\n|-damage|p1a: Whimsicott|94\/100\n|move|p1a: Whimsicott|Stun Spore|p2a: Lopunny\n|-status|p2a: Lopunny|par\n|\n|-heal|p1a: Whimsicott|99\/100|[from] item: Leftovers\n|upkeep\n|turn|10\n|\n|t:|1699904603\n|cant|p2a: Lopunny|par\n|move|p1a: Whimsicott|Giga Drain|p2a: Lopunny\n|-damage|p2a: Lopunny|63\/100 par\n|-heal|p1a: Whimsicott|100\/100|[from] drain|[of] p2a: Lopunny\n|\n|-end|p2a: Lopunny|Encore\n|-sideend|p1: endmy|Reflect\n|upkeep\n|turn|11\n|\n|t:|1699904611\n|move|p1a: Whimsicott|Encore|p2a: Lopunny\n|-start|p2a: Lopunny|Encore\n|move|p2a: Lopunny|Quick Attack|p1a: Whimsicott\n|-damage|p1a: Whimsicott|87\/100\n|\n|-heal|p1a: Whimsicott|94\/100|[from] item: Leftovers\n|upkeep\n|turn|12\n|\n|t:|1699904617\n|switch|p1a: Clefable|Clefable, F|100\/100\n|move|p2a: Lopunny|Quick Attack|p1a: Clefable\n|-damage|p1a: Clefable|79\/100\n|\n|upkeep\n|turn|13\n|\n|t:|1699904623\n|move|p2a: Lopunny|Quick Attack|p1a: Clefable\n|-damage|p1a: Clefable|59\/100\n|move|p1a: Clefable|Belly Drum|p1a: Clefable\n|-damage|p1a: Clefable|9\/100\n|-setboost|p1a: Clefable|atk|6|[from] move: Belly Drum\n|\n|-end|p2a: Lopunny|Encore\n|upkeep\n|turn|14\n|\n|t:|1699904632\n|cant|p2a: Lopunny|par\n|move|p1a: Clefable|Double-Edge|p2a: Lopunny\n|-damage|p2a: Lopunny|0 fnt\n|faint|p2a: Lopunny\n|\n|upkeep\n|\n|t:|1699904636\n|switch|p2a: Lucario|Lucario, M, shiny|100\/100\n|-damage|p2a: Lucario|88\/100|[from] Spikes\n|turn|15\n|\n|t:|1699904651\n|move|p2a: Lucario|Bullet Punch|p1a: Clefable\n|-supereffective|p1a: Clefable\n|-damage|p1a: Clefable|0 fnt\n|faint|p1a: Clefable\n|-damage|p2a: Lucario|78\/100|[from] item: Life Orb\n|\n|upkeep\n|\n|t:|1699904658\n|switch|p1a: Whimsicott|Whimsicott, M|94\/100\n|turn|16\n|\n|t:|1699904666\n|-terastallize|p2a: Lucario|Steel\n|move|p1a: Whimsicott|Stun Spore|p2a: Lucario\n|-status|p2a: Lucario|par\n|move|p2a: Lucario|Swords Dance|p2a: Lucario\n|-boost|p2a: Lucario|atk|2\n|\n|-heal|p1a: Whimsicott|99\/100|[from] item: Leftovers\n|upkeep\n|turn|17\n|\n|t:|1699904676\n|move|p1a: Whimsicott|Encore|p2a: Lucario\n|-start|p2a: Lucario|Encore\n|move|p2a: Lucario|Swords Dance|p2a: Lucario\n|-boost|p2a: Lucario|atk|2\n|\n|-heal|p1a: Whimsicott|100\/100|[from] item: Leftovers\n|upkeep\n|turn|18\n|\n|t:|1699904687\n|move|p1a: Whimsicott|Giga Drain|p2a: Lucario\n|-resisted|p2a: Lucario\n|-damage|p2a: Lucario|60\/100 par\n|move|p2a: Lucario|Swords Dance|p2a: Lucario\n|-boost|p2a: Lucario|atk|2\n|\n|upkeep\n|turn|19\n|\n|t:|1699904694\n|move|p1a: Whimsicott|Giga Drain|p2a: Lucario\n|-resisted|p2a: Lucario\n|-damage|p2a: Lucario|43\/100 par\n|move|p2a: Lucario|Swords Dance|p2a: Lucario\n|-boost|p2a: Lucario|atk|0\n|\n|-end|p2a: Lucario|Encore\n|upkeep\n|turn|20\n|\n|t:|1699904703\n|move|p1a: Whimsicott|Encore|p2a: Lucario\n|-start|p2a: Lucario|Encore\n|cant|p2a: Lucario|par\n|\n|upkeep\n|turn|21\n|\n|t:|1699904712\n|switch|p2a: We|Iron Valiant|100\/100\n|-damage|p2a: We|88\/100|[from] Spikes\n|move|p1a: Whimsicott|Giga Drain|p2a: We\n|-damage|p2a: We|51\/100\n|\n|upkeep\n|turn|22\n|\n|t:|1699904721\n|move|p1a: Whimsicott|Stun Spore|p2a: We\n|-status|p2a: We|par\n|move|p2a: We|Knock Off|p1a: Whimsicott\n|-resisted|p1a: Whimsicott\n|-damage|p1a: Whimsicott|89\/100\n|-enditem|p1a: Whimsicott|Leftovers|[from] move: Knock Off|[of] p2a: We\n|\n|upkeep\n|turn|23\n|\n|t:|1699904742\n|-end|p2a: We|Quark Drive|[silent]\n|switch|p2a: Urshifu|Urshifu-Rapid-Strike, M|100\/100\n|-damage|p2a: Urshifu|88\/100|[from] Spikes\n|move|p1a: Whimsicott|Giga Drain|p2a: Urshifu\n|-supereffective|p2a: Urshifu\n|-damage|p2a: Urshifu|21\/100\n|-heal|p1a: Whimsicott|100\/100|[from] drain|[of] p2a: Urshifu\n|\n|upkeep\n|turn|24\n|\n|t:|1699904751\n|move|p1a: Whimsicott|Stun Spore|p2a: Urshifu\n|-status|p2a: Urshifu|par\n|cant|p2a: Urshifu|par\n|\n|upkeep\n|turn|25\n|\n|t:|1699904760\n|move|p1a: Whimsicott|Giga Drain|p2a: Urshifu\n|-supereffective|p2a: Urshifu\n|-damage|p2a: Urshifu|0 fnt\n|faint|p2a: Urshifu\n|\n|upkeep\n|\n|t:|1699904773\n|switch|p2a: Lucario|Lucario, M, shiny, tera:Steel|43\/100 par\n|-damage|p2a: Lucario|30\/100 par|[from] Spikes\n|turn|26\n|\n|t:|1699904811\n|move|p2a: Lucario|Bullet Punch|p1a: Whimsicott\n|-supereffective|p1a: Whimsicott\n|-damage|p1a: Whimsicott|38\/100\n|-damage|p2a: Lucario|20\/100 par|[from] item: Life Orb\n|move|p1a: Whimsicott|Giga Drain|p2a: Lucario\n|-resisted|p2a: Lucario\n|-damage|p2a: Lucario|3\/100 par\n|-heal|p1a: Whimsicott|45\/100|[from] drain|[of] p2a: Lucario\n|\n|upkeep\n|turn|27\n|\n|t:|1699904820\n|move|p2a: Lucario|Bullet Punch|p1a: Whimsicott\n|-supereffective|p1a: Whimsicott\n|-damage|p1a: Whimsicott|0 fnt\n|faint|p1a: Whimsicott\n|-damage|p2a: Lucario|0 fnt|[from] item: Life Orb\n|faint|p2a: Lucario\n|\n|upkeep\n|\n|t:|1699904832\n|switch|p2a: Great Tusk|Great Tusk|100\/100\n|switch|p1a: Iron Valiant|Iron Valiant|100\/100\n|-damage|p2a: Great Tusk|88\/100|[from] Spikes\n|-enditem|p1a: Iron Valiant|Booster Energy\n|-activate|p1a: Iron Valiant|ability: Quark Drive|[fromitem]\n|-start|p1a: Iron Valiant|quarkdrivespa\n|turn|28\n|\n|t:|1699904850\n|-terastallize|p1a: Iron Valiant|Fairy\n|move|p1a: Iron Valiant|Psyshock|p2a: Great Tusk\n|-supereffective|p2a: Great Tusk\n|-damage|p2a: Great Tusk|44\/100\n|move|p2a: Great Tusk|Headlong Rush|p1a: Iron Valiant\n|-crit|p1a: Iron Valiant\n|-damage|p1a: Iron Valiant|0 fnt\n|-unboost|p2a: Great Tusk|def|1\n|-unboost|p2a: Great Tusk|spd|1\n|faint|p1a: Iron Valiant\n|-end|p1a: Iron Valiant|Quark Drive|[silent]\n|\n|-heal|p2a: Great Tusk|50\/100|[from] item: Leftovers\n|upkeep\n|\n|t:|1699904861\n|switch|p1a: Mawile|Mawile, M|100\/100\n|turn|29\n|\n|t:|1699904889\n|detailschange|p1a: Mawile|Mawile-Mega, M\n|-mega|p1a: Mawile|Mawile|Mawilite\n|move|p1a: Mawile|Sucker Punch|p2a: Great Tusk\n|-resisted|p2a: Great Tusk\n|-damage|p2a: Great Tusk|29\/100\n|move|p2a: Great Tusk|Close Combat|p1a: Mawile\n|-damage|p1a: Mawile|52\/100\n|-unboost|p2a: Great Tusk|def|1\n|-unboost|p2a: Great Tusk|spd|1\n|\n|-heal|p2a: Great Tusk|35\/100|[from] item: Leftovers\n|upkeep\n|turn|30\n|\n|t:|1699904932\n|move|p1a: Mawile|Sucker Punch|p2a: Great Tusk\n|-resisted|p2a: Great Tusk\n|-damage|p2a: Great Tusk|5\/100\n|move|p2a: Great Tusk|Headlong Rush|p1a: Mawile\n|-supereffective|p1a: Mawile\n|-damage|p1a: Mawile|0 fnt\n|-unboost|p2a: Great Tusk|def|1\n|-unboost|p2a: Great Tusk|spd|1\n|faint|p1a: Mawile\n|\n|win|RiouruK\n","uploadtime":1699904946,"views":13,"p1id":"endmy","p2id":"riouruk","formatid":"gen9nationaldex","rating":0,"private":0,"password":""}