{"id":"gen9nationaldex-1991683868","p1":"KillerZodiac03","p2":"Arlo Ghost","format":"[Gen 9] National Dex","log":"|j|\u2606KillerZodiac03\n|j|\u2606Arlo Ghost\n|t:|1700102317\n|gametype|singles\n|player|p1|KillerZodiac03|ghetsis-gen5bw|\n|player|p2|Arlo Ghost|mars|\n|teamsize|p1|6\n|teamsize|p2|6\n|gen|9\n|tier|[Gen 9] National Dex\n|rule|HP Percentage Mod: HP is shown in percentages\n|rule|Endless Battle Clause: Forcing endless battles is banned\n|rule|OHKO Clause: OHKO moves are banned\n|rule|Evasion Clause: Evasion abilities, items, and moves are banned\n|rule|Evasion Abilities Clause: Evasion abilities are banned\n|rule|Evasion Items Clause: Evasion items are banned\n|rule|Evasion Moves Clause: Evasion moves are banned\n|rule|Species Clause: Limit one of each Pok\u00e9mon\n|rule|Sleep Clause Mod: Limit one foe put to sleep\n|clearpoke\n|poke|p1|Garganacl, M|\n|poke|p1|Urshifu-*, M|\n|poke|p1|Kartana|\n|poke|p1|Grimmsnarl, M|\n|poke|p1|Serperior, M|\n|poke|p1|Toxapex, M|\n|poke|p2|Mandibuzz, F|\n|poke|p2|Greninja-*, M|\n|poke|p2|Tyranitar, M|\n|poke|p2|Muk-Alola, M|\n|poke|p2|Grimmsnarl, M|\n|poke|p2|Hydreigon, M|\n|teampreview\n|j| Sylveon(404)\n|j| Void280\n|\n|t:|1700102356\n|start\n|switch|p1a: Garganacl|Garganacl, M|100\/100\n|switch|p2a: El Cumbia Ninja|Greninja, M|100\/100\n|turn|1\n|j| PeppsiAsiEs\n|c| PeppsiAsiEs|Suerte a ambos\n|\n|t:|1700102374\n|move|p2a: El Cumbia Ninja|Gunk Shot|p1a: Garganacl|[miss]\n|-start|p2a: El Cumbia Ninja|typechange|Poison|[from] ability: Protean\n|-miss|p2a: El Cumbia Ninja|p1a: Garganacl\n|move|p1a: Garganacl|Body Press|p2a: El Cumbia Ninja\n|-resisted|p2a: El Cumbia Ninja\n|-damage|p2a: El Cumbia Ninja|73\/100\n|\n|upkeep\n|turn|2\n|\n|t:|1700102385\n|switch|p2a: Sherkemo|Grimmsnarl, M|100\/100\n|move|p1a: Garganacl|Salt Cure|p2a: Sherkemo\n|-damage|p2a: Sherkemo|85\/100\n|-start|p2a: Sherkemo|Salt Cure\n|\n|-damage|p2a: Sherkemo|73\/100|[from] Salt Cure\n|upkeep\n|turn|3\n|\n|t:|1700102393\n|switch|p2a: El Cumbia Ninja|Greninja, M|73\/100\n|move|p1a: Garganacl|Iron Defense|p1a: Garganacl\n|-boost|p1a: Garganacl|def|2\n|\n|upkeep\n|turn|4\n|\n|t:|1700102399\n|move|p2a: El Cumbia Ninja|Hydro Pump|p1a: Garganacl|[miss]\n|-start|p2a: El Cumbia Ninja|typechange|Water|[from] ability: Protean\n|-miss|p2a: El Cumbia Ninja|p1a: Garganacl\n|move|p1a: Garganacl|Body Press|p2a: El Cumbia Ninja\n|-damage|p2a: El Cumbia Ninja|0 fnt\n|faint|p2a: El Cumbia Ninja\n|\n|upkeep\n|\n|t:|1700102404\n|switch|p2a: Hydrarlo|Hydreigon, M|100\/100\n|turn|5\n|c| Sylveon(404)|XD\n|\n|t:|1700102411\n|-terastallize|p2a: Hydrarlo|Steel\n|move|p2a: Hydrarlo|Flash Cannon|p1a: Garganacl\n|-supereffective|p1a: Garganacl\n|-damage|p1a: Garganacl|44\/100\n|move|p1a: Garganacl|Body Press|p2a: Hydrarlo\n|-supereffective|p2a: Hydrarlo\n|-damage|p2a: Hydrarlo|0 fnt\n|faint|p2a: Hydrarlo\n|\n|-heal|p1a: Garganacl|50\/100|[from] item: Leftovers\n|upkeep\n|\n|t:|1700102420\n|switch|p2a: Sherkemo|Grimmsnarl, M|73\/100\n|turn|6\n|\n|t:|1700102424\n|move|p2a: Sherkemo|Reflect|p2a: Sherkemo\n|-sidestart|p2: Arlo Ghost|Reflect\n|move|p1a: Garganacl|Recover|p1a: Garganacl\n|-heal|p1a: Garganacl|99\/100\n|\n|-heal|p1a: Garganacl|100\/100|[from] item: Leftovers\n|upkeep\n|turn|7\n|\n|t:|1700102430\n|move|p2a: Sherkemo|Light Screen|p2a: Sherkemo\n|-sidestart|p2: Arlo Ghost|move: Light Screen\n|move|p1a: Garganacl|Iron Defense|p1a: Garganacl\n|-boost|p1a: Garganacl|def|2\n|\n|upkeep\n|turn|8\n|\n|t:|1700102436\n|switch|p2a: Marijuano|Muk-Alola, M|100\/100\n|move|p1a: Garganacl|Iron Defense|p1a: Garganacl\n|-boost|p1a: Garganacl|def|2\n|\n|upkeep\n|turn|9\n|\n|t:|1700102442\n|move|p2a: Marijuano|Knock Off|p1a: Garganacl\n|-damage|p1a: Garganacl|95\/100\n|-enditem|p1a: Garganacl|Leftovers|[from] move: Knock Off|[of] p2a: Marijuano\n|move|p1a: Garganacl|Salt Cure|p2a: Marijuano\n|-damage|p2a: Marijuano|94\/100\n|-start|p2a: Marijuano|Salt Cure\n|\n|-damage|p2a: Marijuano|82\/100|[from] Salt Cure\n|upkeep\n|turn|10\n|c|\u2606Arlo Ghost|gg\n|-message|Arlo Ghost forfeited.\n|\n|win|KillerZodiac03\n|l|\u2606Arlo Ghost\n|c| Sylveon(404)|EH\n|l| Sylveon(404)\n|c| Void280|Este\n","uploadtime":1700102473,"views":5,"p1id":"killerzodiac03","p2id":"arloghost","formatid":"gen9nationaldex","rating":0,"private":0,"password":""}