{"id":"gen9nationaldex-1991775770","p1":"misternp","p2":"Prtbl_Trash","format":"[Gen 9] National Dex","log":"|j|\u2606misternp\n|j|\u2606Prtbl_Trash\n|t:|1700115147\n|gametype|singles\n|player|p1|misternp|koga|1242\n|player|p2|Prtbl_Trash|rosa|1386\n|teamsize|p1|6\n|teamsize|p2|6\n|gen|9\n|tier|[Gen 9] National Dex\n|rated|\n|rule|HP Percentage Mod: HP is shown in percentages\n|rule|Endless Battle Clause: Forcing endless battles is banned\n|rule|OHKO Clause: OHKO moves are banned\n|rule|Evasion Clause: Evasion abilities, items, and moves are banned\n|rule|Evasion Abilities Clause: Evasion abilities are banned\n|rule|Evasion Items Clause: Evasion items are banned\n|rule|Evasion Moves Clause: Evasion moves are banned\n|rule|Species Clause: Limit one of each Pok\u00e9mon\n|rule|Sleep Clause Mod: Limit one foe put to sleep\n|clearpoke\n|poke|p1|Goodra, F|\n|poke|p1|Corviknight, M|\n|poke|p1|Feraligatr, M|\n|poke|p1|Alakazam, M|\n|poke|p1|Muk-Alola, M|\n|poke|p1|Lopunny, F|\n|poke|p2|Blastoise, M|\n|poke|p2|Slowking-Galar, M|\n|poke|p2|Gliscor, F|\n|poke|p2|Ferrothorn, M|\n|poke|p2|Skeledirge, F|\n|poke|p2|Haxorus, M|\n|teampreview\n|inactive|Battle timer is ON: inactive players will automatically lose when time's up. (requested by Prtbl_Trash)\n|\n|t:|1700115154\n|start\n|switch|p1a: Ooze|Goodra, F|100\/100\n|switch|p2a: Haxorus|Haxorus, M|100\/100\n|-ability|p2a: Haxorus|Mold Breaker\n|turn|1\n|\n|t:|1700115161\n|switch|p1a: Jericho|Corviknight, M|100\/100\n|-ability|p1a: Jericho|Pressure\n|move|p2a: Haxorus|Outrage|p1a: Jericho\n|-resisted|p1a: Jericho\n|-damage|p1a: Jericho|79\/100\n|-damage|p2a: Haxorus|84\/100|[from] item: Rocky Helmet|[of] p1a: Jericho\n|\n|upkeep\n|turn|2\n|\n|t:|1700115170\n|move|p2a: Haxorus|Outrage|p1a: Jericho|[from]lockedmove\n|-resisted|p1a: Jericho\n|-damage|p1a: Jericho|56\/100\n|-damage|p2a: Haxorus|68\/100|[from] item: Rocky Helmet|[of] p1a: Jericho\n|move|p1a: Jericho|Roost|p1a: Jericho\n|-heal|p1a: Jericho|100\/100\n|-singleturn|p1a: Jericho|move: Roost\n|\n|upkeep\n|turn|3\n|\n|t:|1700115181\n|move|p2a: Haxorus|Outrage|p1a: Jericho|[from]lockedmove\n|-resisted|p1a: Jericho\n|-damage|p1a: Jericho|79\/100\n|-damage|p2a: Haxorus|51\/100|[from] item: Rocky Helmet|[of] p1a: Jericho\n|-start|p2a: Haxorus|confusion|[fatigue]\n|move|p1a: Jericho|Brave Bird|p2a: Haxorus\n|-damage|p2a: Haxorus|2\/100\n|-damage|p1a: Jericho|67\/100|[from] Recoil\n|\n|upkeep\n|turn|4\n|\n|t:|1700115190\n|switch|p2a: Slowking|Slowking-Galar, M|100\/100\n|move|p1a: Jericho|Roost|p1a: Jericho\n|-heal|p1a: Jericho|100\/100\n|-singleturn|p1a: Jericho|move: Roost\n|\n|upkeep\n|turn|5\n|\n|t:|1700115198\n|move|p1a: Jericho|U-turn|p2a: Slowking\n|-damage|p2a: Slowking|86\/100\n|\n|t:|1700115200\n|switch|p1a: Yeast|Muk-Alola, M, shiny|100\/100|[from] U-turn\n|move|p2a: Slowking|Thunder Wave|p1a: Yeast\n|-status|p1a: Yeast|par\n|\n|upkeep\n|turn|6\n|\n|t:|1700115206\n|move|p1a: Yeast|Knock Off|p2a: Slowking\n|-supereffective|p2a: Slowking\n|-damage|p2a: Slowking|17\/100\n|-enditem|p2a: Slowking|Heavy-Duty Boots|[from] move: Knock Off|[of] p1a: Yeast\n|move|p2a: Slowking|Chilly Reception|p2a: Slowking\n|-weather|Snow\n|\n|t:|1700115211\n|switch|p2a: Gliscor|Gliscor, F|100\/100|[from] Chilly Reception\n|\n|-weather|Snow|[upkeep]\n|-status|p2a: Gliscor|tox|[from] item: Toxic Orb\n|upkeep\n|turn|7\n|\n|t:|1700115225\n|switch|p1a: Sobi|Feraligatr, M|100\/100\n|move|p2a: Gliscor|Earthquake|p1a: Sobi\n|-damage|p1a: Sobi|66\/100\n|\n|-weather|Snow|[upkeep]\n|upkeep\n|turn|8\n|\n|t:|1700115231\n|move|p1a: Sobi|Ice Punch|p2a: Gliscor\n|-supereffective|p2a: Gliscor\n|-damage|p2a: Gliscor|0 fnt\n|faint|p2a: Gliscor\n|\n|-weather|Snow|[upkeep]\n|upkeep\n|\n|t:|1700115234\n|switch|p2a: Blastoise|Blastoise, M|100\/100\n|turn|9\n|\n|t:|1700115243\n|switch|p1a: Jericho|Corviknight, M|100\/100\n|-ability|p1a: Jericho|Pressure\n|move|p2a: Blastoise|Shell Smash|p2a: Blastoise\n|-unboost|p2a: Blastoise|def|1\n|-unboost|p2a: Blastoise|spd|1\n|-boost|p2a: Blastoise|atk|2\n|-boost|p2a: Blastoise|spa|2\n|-boost|p2a: Blastoise|spe|2\n|-enditem|p2a: Blastoise|White Herb\n|-clearnegativeboost|p2a: Blastoise|[silent]\n|\n|-weather|Snow|[upkeep]\n|upkeep\n|turn|10\n|\n|t:|1700115257\n|move|p2a: Blastoise|Scald|p1a: Jericho\n|-damage|p1a: Jericho|39\/100\n|move|p1a: Jericho|Brave Bird|p2a: Blastoise\n|-damage|p2a: Blastoise|60\/100\n|-damage|p1a: Jericho|29\/100|[from] Recoil\n|\n|-weather|none\n|upkeep\n|turn|11\n|\n|t:|1700115273\n|move|p2a: Blastoise|Scald|p1a: Jericho\n|-damage|p1a: Jericho|0 fnt\n|faint|p1a: Jericho\n|\n|upkeep\n|\n|t:|1700115284\n|switch|p1a: Spoons|Alakazam, M|100\/100\n|turn|12\n|\n|t:|1700115288\n|move|p2a: Blastoise|Scald|p1a: Spoons\n|-enditem|p1a: Spoons|Focus Sash\n|-damage|p1a: Spoons|1\/100\n|move|p1a: Spoons|Psychic|p2a: Blastoise\n|-damage|p2a: Blastoise|9\/100\n|-unboost|p2a: Blastoise|spd|1\n|\n|upkeep\n|turn|13\n|\n|t:|1700115299\n|switch|p1a: Yeast|Muk-Alola, M, shiny|100\/100 par\n|move|p2a: Blastoise|Scald|p1a: Yeast\n|-damage|p1a: Yeast|42\/100 par\n|\n|-heal|p1a: Yeast|48\/100 par|[from] item: Black Sludge\n|upkeep\n|turn|14\n|\n|t:|1700115308\n|move|p1a: Yeast|Protect|p1a: Yeast\n|-singleturn|p1a: Yeast|Protect\n|move|p2a: Blastoise|Scald|p1a: Yeast\n|-activate|p1a: Yeast|move: Protect\n|\n|-heal|p1a: Yeast|54\/100 par|[from] item: Black Sludge\n|upkeep\n|turn|15\n|\n|t:|1700115312\n|move|p2a: Blastoise|Scald|p1a: Yeast\n|-damage|p1a: Yeast|0 fnt\n|faint|p1a: Yeast\n|\n|upkeep\n|\n|t:|1700115317\n|switch|p1a: Ooze|Goodra, F|100\/100\n|turn|16\n|\n|t:|1700115326\n|move|p2a: Blastoise|Dragon Pulse|p1a: Ooze\n|-supereffective|p1a: Ooze\n|-damage|p1a: Ooze|55\/100\n|move|p1a: Ooze|Draco Meteor|p2a: Blastoise\n|-damage|p2a: Blastoise|0 fnt\n|-unboost|p1a: Ooze|spa|2\n|faint|p2a: Blastoise\n|\n|upkeep\n|\n|t:|1700115334\n|switch|p2a: Haxorus|Haxorus, M|2\/100\n|-ability|p2a: Haxorus|Mold Breaker\n|turn|17\n|\n|t:|1700115349\n|switch|p1a: Spoons|Alakazam, M|1\/100\n|move|p2a: Haxorus|Outrage|p1a: Spoons\n|-damage|p1a: Spoons|0 fnt\n|faint|p1a: Spoons\n|\n|upkeep\n|\n|t:|1700115352\n|switch|p1a: Lola|Lopunny, F|100\/100\n|turn|18\n|\n|t:|1700115356\n|move|p2a: Haxorus|Outrage|p1a: Lola|[from]lockedmove\n|-damage|p1a: Lola|0 fnt\n|faint|p1a: Lola\n|-start|p2a: Haxorus|confusion|[fatigue]\n|\n|upkeep\n|\n|t:|1700115360\n|switch|p1a: Sobi|Feraligatr, M|66\/100\n|turn|19\n|\n|t:|1700115365\n|switch|p2a: Ferrothorn|Ferrothorn, M|100\/100\n|move|p1a: Sobi|Dragon Dance|p1a: Sobi\n|-boost|p1a: Sobi|atk|1\n|-boost|p1a: Sobi|spe|1\n|\n|upkeep\n|turn|20\n|\n|t:|1700115374\n|move|p1a: Sobi|Dragon Dance|p1a: Sobi\n|-boost|p1a: Sobi|atk|1\n|-boost|p1a: Sobi|spe|1\n|move|p2a: Ferrothorn|Power Whip|p1a: Sobi\n|-supereffective|p1a: Sobi\n|-damage|p1a: Sobi|0 fnt\n|faint|p1a: Sobi\n|\n|upkeep\n|\n|t:|1700115376\n|switch|p1a: Ooze|Goodra, F|55\/100\n|turn|21\n|\n|t:|1700115379\n|-terastallize|p2a: Ferrothorn|Ghost\n|move|p1a: Ooze|Flamethrower|p2a: Ferrothorn\n|-damage|p2a: Ferrothorn|82\/100\n|move|p2a: Ferrothorn|Leech Seed|p1a: Ooze\n|-ability|p1a: Ooze|Sap Sipper|boost\n|-boost|p1a: Ooze|atk|1\n|\n|-heal|p2a: Ferrothorn|88\/100|[from] item: Leftovers\n|upkeep\n|turn|22\n|\n|t:|1700115383\n|switch|p2a: Skeledirge|Skeledirge, F|100\/100\n|move|p1a: Ooze|Knock Off|p2a: Skeledirge\n|-supereffective|p2a: Skeledirge\n|-damage|p2a: Skeledirge|68\/100\n|-enditem|p2a: Skeledirge|Heavy-Duty Boots|[from] move: Knock Off|[of] p1a: Ooze\n|\n|upkeep\n|turn|23\n|\n|t:|1700115392\n|-terastallize|p1a: Ooze|Dragon\n|move|p1a: Ooze|Draco Meteor|p2a: Skeledirge\n|-damage|p2a: Skeledirge|6\/100\n|-unboost|p1a: Ooze|spa|2\n|move|p2a: Skeledirge|Will-O-Wisp|p1a: Ooze\n|-status|p1a: Ooze|brn\n|\n|-damage|p1a: Ooze|49\/100 brn|[from] brn\n|upkeep\n|turn|24\n|\n|t:|1700115406\n|switch|p2a: Ferrothorn|Ferrothorn, M, tera:Ghost|88\/100\n|move|p1a: Ooze|Draco Meteor|p2a: Ferrothorn\n|-damage|p2a: Ferrothorn|60\/100\n|-unboost|p1a: Ooze|spa|2\n|\n|-heal|p2a: Ferrothorn|66\/100|[from] item: Leftovers\n|-damage|p1a: Ooze|43\/100 brn|[from] brn\n|upkeep\n|turn|25\n|\n|t:|1700115410\n|move|p2a: Ferrothorn|Protect|p2a: Ferrothorn\n|-singleturn|p2a: Ferrothorn|Protect\n|move|p1a: Ooze|Flamethrower|p2a: Ferrothorn\n|-activate|p2a: Ferrothorn|move: Protect\n|\n|-heal|p2a: Ferrothorn|72\/100|[from] item: Leftovers\n|-damage|p1a: Ooze|37\/100 brn|[from] brn\n|upkeep\n|turn|26\n|\n|t:|1700115419\n|move|p1a: Ooze|Knock Off|p2a: Ferrothorn\n|-supereffective|p2a: Ferrothorn\n|-crit|p2a: Ferrothorn\n|-damage|p2a: Ferrothorn|42\/100\n|-damage|p1a: Ooze|25\/100 brn|[from] ability: Iron Barbs|[of] p2a: Ferrothorn\n|-enditem|p2a: Ferrothorn|Leftovers|[from] move: Knock Off|[of] p1a: Ooze\n|move|p2a: Ferrothorn|Stealth Rock|p1a: Ooze\n|-sidestart|p1: misternp|move: Stealth Rock\n|\n|-damage|p1a: Ooze|19\/100 brn|[from] brn\n|upkeep\n|turn|27\n|\n|t:|1700115429\n|move|p2a: Ferrothorn|Protect|p2a: Ferrothorn\n|-singleturn|p2a: Ferrothorn|Protect\n|move|p1a: Ooze|Draco Meteor|p2a: Ferrothorn\n|-activate|p2a: Ferrothorn|move: Protect\n|\n|-damage|p1a: Ooze|13\/100 brn|[from] brn\n|upkeep\n|turn|28\n|\n|t:|1700115431\n|move|p1a: Ooze|Draco Meteor|p2a: Ferrothorn\n|-damage|p2a: Ferrothorn|23\/100\n|-unboost|p1a: Ooze|spa|2\n|move|p2a: Ferrothorn|Power Whip|p1a: Ooze\n|-ability|p1a: Ooze|Sap Sipper|boost\n|-boost|p1a: Ooze|atk|1\n|\n|-damage|p1a: Ooze|7\/100 brn|[from] brn\n|upkeep\n|turn|29\n|-message|misternp forfeited.\n|\n|win|Prtbl_Trash\n|raw|misternp's rating: 1242 &rarr; <strong>1227<\/strong><br \/>(-15 for losing)\n|raw|Prtbl_Trash's rating: 1386 &rarr; <strong>1398<\/strong><br \/>(+12 for winning)\n|l|\u2606misternp\n","uploadtime":1700115462,"views":8,"p1id":"misternp","p2id":"prtbltrash","formatid":"gen9nationaldex","rating":1227,"private":0,"password":""}