{"id":"gen9nationaldex-1990855161","p1":"Shabooya1","p2":"Kuzwa","format":"[Gen 9] National Dex","log":"|j|\u2606Shabooya1\n|j|\u2606Kuzwa\n|t:|1700007980\n|gametype|singles\n|player|p1|Shabooya1|2|1260\n|player|p2|Kuzwa|parasollady|1321\n|teamsize|p1|6\n|teamsize|p2|6\n|gen|9\n|tier|[Gen 9] National Dex\n|rated|\n|rule|HP Percentage Mod: HP is shown in percentages\n|rule|Endless Battle Clause: Forcing endless battles is banned\n|rule|OHKO Clause: OHKO moves are banned\n|rule|Evasion Clause: Evasion abilities, items, and moves are banned\n|rule|Evasion Abilities Clause: Evasion abilities are banned\n|rule|Evasion Items Clause: Evasion items are banned\n|rule|Evasion Moves Clause: Evasion moves are banned\n|rule|Species Clause: Limit one of each Pok\u00e9mon\n|rule|Sleep Clause Mod: Limit one foe put to sleep\n|clearpoke\n|poke|p1|Regidrago|\n|poke|p1|Swellow, M|\n|poke|p1|Sandy Shocks|\n|poke|p1|Grimmsnarl, M|\n|poke|p1|Diancie|\n|poke|p1|Arctozolt|\n|poke|p2|Gallade, M|\n|poke|p2|Kartana|\n|poke|p2|Weavile, M|\n|poke|p2|Ogerpon-Wellspring, F|\n|poke|p2|Zeraora|\n|poke|p2|Glimmora, M|\n|teampreview\n|\n|t:|1700007985\n|start\n|switch|p1a: Grimmsnarl|Grimmsnarl, M, shiny|100\/100\n|switch|p2a: thing|Glimmora, M|100\/100\n|-item|p2a: thing|Air Balloon\n|turn|1\n|\n|t:|1700007987\n|move|p1a: Grimmsnarl|Taunt|p2a: thing\n|-start|p2a: thing|move: Taunt\n|move|p2a: thing|Sludge Wave|p1a: Grimmsnarl\n|-supereffective|p1a: Grimmsnarl\n|-damage|p1a: Grimmsnarl|24\/100\n|\n|upkeep\n|turn|2\n|\n|t:|1700007990\n|move|p1a: Grimmsnarl|Light Screen|p1a: Grimmsnarl\n|-sidestart|p1: Shabooya1|move: Light Screen\n|move|p2a: thing|Sludge Wave|p1a: Grimmsnarl\n|-supereffective|p1a: Grimmsnarl\n|-damage|p1a: Grimmsnarl|0 fnt\n|faint|p1a: Grimmsnarl\n|\n|upkeep\n|\n|t:|1700007994\n|switch|p1a: Diancie|Diancie|100\/100\n|turn|3\n|\n|t:|1700008004\n|detailschange|p1a: Diancie|Diancie-Mega\n|-mega|p1a: Diancie|Diancie|Diancite\n|move|p1a: Diancie|Moonblast|p2a: thing\n|-resisted|p2a: thing\n|-damage|p2a: thing|60\/100\n|-enditem|p2a: thing|Air Balloon\n|move|p2a: thing|Sludge Wave|p1a: Diancie\n|-damage|p1a: Diancie|67\/100\n|\n|-end|p2a: thing|move: Taunt\n|upkeep\n|turn|4\n|\n|t:|1700008022\n|switch|p2a: Makoto Yuki|Kartana, shiny|100\/100\n|move|p1a: Diancie|Diamond Storm|p2a: Makoto Yuki\n|-resisted|p2a: Makoto Yuki\n|-damage|p2a: Makoto Yuki|75\/100\n|\n|upkeep\n|turn|5\n|\n|t:|1700008025\n|move|p1a: Diancie|Mystical Fire|p2a: Makoto Yuki\n|-supereffective|p2a: Makoto Yuki\n|-damage|p2a: Makoto Yuki|0 fnt\n|faint|p2a: Makoto Yuki\n|\n|upkeep\n|\n|t:|1700008031\n|switch|p2a: Ken Amada|Zeraora|100\/100\n|turn|6\n|\n|t:|1700008036\n|move|p2a: Ken Amada|Fake Out|p1a: Diancie\n|-resisted|p1a: Diancie\n|-damage|p1a: Diancie|58\/100\n|cant|p1a: Diancie|flinch\n|\n|upkeep\n|turn|7\n|\n|t:|1700008047\n|switch|p2a: Junpei Iori|Weavile, M, shiny|100\/100\n|move|p1a: Diancie|Diamond Storm|p2a: Junpei Iori\n|-supereffective|p2a: Junpei Iori\n|-enditem|p2a: Junpei Iori|Focus Sash\n|-damage|p2a: Junpei Iori|1\/100\n|\n|upkeep\n|turn|8\n|\n|t:|1700008060\n|switch|p1a: Arctozolt|Arctozolt|100\/100\n|move|p2a: Junpei Iori|Ice Spinner|p1a: Arctozolt\n|-resisted|p1a: Arctozolt\n|-damage|p1a: Arctozolt|80\/100\n|\n|upkeep\n|turn|9\n|\n|t:|1700008066\n|move|p2a: Junpei Iori|Throat Chop|p1a: Arctozolt\n|-damage|p1a: Arctozolt|35\/100\n|-start|p1a: Arctozolt|Throat Chop|[silent]\n|move|p1a: Arctozolt|Bolt Beak|p2a: Junpei Iori\n|-damage|p2a: Junpei Iori|0 fnt\n|faint|p2a: Junpei Iori\n|\n|-sideend|p1: Shabooya1|move: Light Screen\n|upkeep\n|\n|t:|1700008072\n|switch|p2a: thing|Glimmora, M|60\/100\n|turn|10\n|\n|t:|1700008076\n|move|p1a: Arctozolt|Bolt Beak|p2a: thing\n|-damage|p2a: thing|0 fnt\n|-activate|p2a: thing|ability: Toxic Debris\n|-sidestart|p1: Shabooya1|move: Toxic Spikes\n|faint|p2a: thing\n|\n|-end|p1a: Arctozolt|Throat Chop|[silent]\n|upkeep\n|\n|t:|1700008080\n|switch|p2a: Ken Amada|Zeraora|100\/100\n|turn|11\n|\n|t:|1700008088\n|switch|p1a: Swellow|Swellow, M, shiny|100\/100\n|move|p2a: Ken Amada|Bulk Up|p2a: Ken Amada\n|-boost|p2a: Ken Amada|atk|1\n|-boost|p2a: Ken Amada|def|1\n|\n|upkeep\n|turn|12\n|\n|t:|1700008092\n|-terastallize|p1a: Swellow|Normal\n|move|p2a: Ken Amada|Plasma Fists|p1a: Swellow\n|-damage|p1a: Swellow|0 fnt\n|-fieldactivate|move: Ion Deluge\n|-hint|Normal-type moves become Electric-type after using Plasma Fists.\n|faint|p1a: Swellow\n|\n|upkeep\n|\n|t:|1700008099\n|switch|p1a: Sandy Shocks|Sandy Shocks|100\/100\n|-status|p1a: Sandy Shocks|psn\n|-enditem|p1a: Sandy Shocks|Booster Energy\n|-activate|p1a: Sandy Shocks|ability: Protosynthesis|[fromitem]\n|-start|p1a: Sandy Shocks|protosynthesisspa\n|turn|13\n|\n|t:|1700008107\n|-terastallize|p2a: Ken Amada|Flying\n|move|p2a: Ken Amada|Bulk Up|p2a: Ken Amada\n|-boost|p2a: Ken Amada|atk|1\n|-boost|p2a: Ken Amada|def|1\n|move|p1a: Sandy Shocks|Earth Power|p2a: Ken Amada\n|-immune|p2a: Ken Amada\n|\n|-damage|p1a: Sandy Shocks|88\/100 psn|[from] psn\n|upkeep\n|turn|14\n|\n|t:|1700008112\n|move|p2a: Ken Amada|Drain Punch|p1a: Sandy Shocks\n|-damage|p1a: Sandy Shocks|40\/100 psn\n|move|p1a: Sandy Shocks|Thunderbolt|p2a: Ken Amada\n|-immune|p2a: Ken Amada|[from] ability: Volt Absorb\n|\n|-damage|p1a: Sandy Shocks|28\/100 psn|[from] psn\n|upkeep\n|turn|15\n|\n|t:|1700008119\n|move|p2a: Ken Amada|Drain Punch|p1a: Sandy Shocks\n|-damage|p1a: Sandy Shocks|0 fnt\n|faint|p1a: Sandy Shocks\n|-end|p1a: Sandy Shocks|Protosynthesis|[silent]\n|\n|upkeep\n|\n|t:|1700008124\n|switch|p1a: Diancie|Diancie-Mega|58\/100\n|-status|p1a: Diancie|psn\n|turn|16\n|\n|t:|1700008128\n|move|p2a: Ken Amada|Plasma Fists|p1a: Diancie\n|-damage|p1a: Diancie|0 fnt\n|-fieldactivate|move: Ion Deluge\n|-hint|Normal-type moves become Electric-type after using Plasma Fists.\n|faint|p1a: Diancie\n|\n|upkeep\n|\n|t:|1700008138\n|switch|p1a: Arctozolt|Arctozolt|35\/100\n|-status|p1a: Arctozolt|psn\n|turn|17\n|\n|t:|1700008140\n|move|p2a: Ken Amada|Drain Punch|p1a: Arctozolt\n|-supereffective|p1a: Arctozolt\n|-damage|p1a: Arctozolt|0 fnt\n|faint|p1a: Arctozolt\n|\n|upkeep\n|\n|t:|1700008142\n|switch|p1a: Regidrago|Regidrago, shiny|100\/100\n|-status|p1a: Regidrago|psn\n|turn|18\n|\n|t:|1700008151\n|move|p2a: Ken Amada|Plasma Fists|p1a: Regidrago\n|-resisted|p1a: Regidrago\n|-damage|p1a: Regidrago|41\/100 psn\n|-fieldactivate|move: Ion Deluge\n|-hint|Normal-type moves become Electric-type after using Plasma Fists.\n|move|p1a: Regidrago|Dragon Dance|p1a: Regidrago\n|-boost|p1a: Regidrago|atk|1\n|-boost|p1a: Regidrago|spe|1\n|\n|-damage|p1a: Regidrago|28\/100 psn|[from] psn\n|upkeep\n|turn|19\n|\n|t:|1700008163\n|move|p2a: Ken Amada|Plasma Fists|p1a: Regidrago\n|-resisted|p1a: Regidrago\n|-damage|p1a: Regidrago|0 fnt\n|-fieldactivate|move: Ion Deluge\n|-hint|Normal-type moves become Electric-type after using Plasma Fists.\n|faint|p1a: Regidrago\n|\n|win|Kuzwa\n|raw|Shabooya1's rating: 1260 &rarr; <strong>1239<\/strong><br \/>(-21 for losing)\n|raw|Kuzwa's rating: 1321 &rarr; <strong>1338<\/strong><br \/>(+17 for winning)\n|l|\u2606Shabooya1\n","uploadtime":1700008169,"views":5,"p1id":"shabooya1","p2id":"kuzwa","formatid":"gen9nationaldex","rating":1239,"private":0,"password":""}