{"id":"gen9nationaldex-1995027613","p1":"SrPorquet","p2":"Monkedog","format":"[Gen 9] National Dex","log":"|html|<div class=\"broadcast-blue\"><strong>[Gen 9] National Dex is currently suspecting Sneasler! For information on how to participate check out the <a href=\"https:\/\/www.smogon.com\/forums\/threads\/sv-national-dex-suspect-8-just-dance.3731534\/\">suspect thread<\/a>.<\/strong><\/div>\n|j|\u203dSrPorquet\n|j|\u2606Monkedog\n|t:|1700514831\n|gametype|singles\n|player|p1|SrPorquet|falkner|1165\n|player|p2|Monkedog|teamrocket|1121\n|teamsize|p1|6\n|teamsize|p2|6\n|gen|9\n|tier|[Gen 9] National Dex\n|rated|\n|rule|HP Percentage Mod: HP is shown in percentages\n|rule|Endless Battle Clause: Forcing endless battles is banned\n|rule|OHKO Clause: OHKO moves are banned\n|rule|Evasion Clause: Evasion abilities, items, and moves are banned\n|rule|Evasion Abilities Clause: Evasion abilities are banned\n|rule|Evasion Items Clause: Evasion items are banned\n|rule|Evasion Moves Clause: Evasion moves are banned\n|rule|Species Clause: Limit one of each Pok\u00e9mon\n|rule|Sleep Clause Mod: Limit one foe put to sleep\n|clearpoke\n|poke|p1|Pidgeot, M|\n|poke|p1|Magmortar, M|\n|poke|p1|Raichu, F|\n|poke|p1|Clefable, M|\n|poke|p1|Vileplume, M|\n|poke|p1|Politoed, M|\n|poke|p2|Pelipper, M|\n|poke|p2|Swampert, F|\n|poke|p2|Barraskewda, F|\n|poke|p2|Ferrothorn, M|\n|poke|p2|Urshifu-*, F|\n|poke|p2|Zapdos|\n|teampreview\n|\n|t:|1700514849\n|start\n|switch|p1a: Magmortar|Magmortar, M|100\/100\n|switch|p2a: Ferrothorn|Ferrothorn, M|100\/100\n|turn|1\n|\n|t:|1700514859\n|switch|p2a: Pelipper|Pelipper, M|100\/100\n|-weather|RainDance|[from] ability: Drizzle|[of] p2a: Pelipper\n|move|p1a: Magmortar|Flamethrower|p2a: Pelipper\n|-resisted|p2a: Pelipper\n|-damage|p2a: Pelipper|89\/100\n|\n|-weather|RainDance|[upkeep]\n|upkeep\n|turn|2\n|\n|t:|1700514863\n|move|p1a: Magmortar|Thunderbolt|p2a: Pelipper\n|-supereffective|p2a: Pelipper\n|-crit|p2a: Pelipper\n|-damage|p2a: Pelipper|0 fnt\n|faint|p2a: Pelipper\n|\n|-weather|RainDance|[upkeep]\n|upkeep\n|c|\u2606Monkedog|lol crits it's okay\n|\n|t:|1700514883\n|switch|p2a: Barraskewda|Barraskewda, F|100\/100\n|turn|3\n|\n|t:|1700514888\n|move|p2a: Barraskewda|Liquidation|p1a: Magmortar\n|-supereffective|p1a: Magmortar\n|-damage|p1a: Magmortar|0 fnt\n|faint|p1a: Magmortar\n|\n|-weather|RainDance|[upkeep]\n|upkeep\n|\n|t:|1700514896\n|switch|p1a: Vileplume|Vileplume, M|100\/100\n|turn|4\n|\n|t:|1700514901\n|switch|p2a: Zapdos|Zapdos|100\/100\n|move|p1a: Vileplume|Strength Sap|p2a: Zapdos\n|-unboost|p2a: Zapdos|atk|1\n|\n|-weather|RainDance|[upkeep]\n|upkeep\n|turn|5\n|\n|t:|1700514908\n|switch|p1a: Raichu|Raichu, F|100\/100\n|move|p2a: Zapdos|Hurricane|p1a: Raichu\n|-resisted|p1a: Raichu\n|-damage|p1a: Raichu|38\/100\n|\n|-weather|RainDance|[upkeep]\n|upkeep\n|turn|6\n|\n|t:|1700514915\n|move|p1a: Raichu|Volt Tackle|p2a: Zapdos\n|-damage|p2a: Zapdos|30\/100\n|-damage|p1a: Raichu|9\/100|[from] Recoil\n|-damage|p1a: Raichu|0 fnt|[from] item: Life Orb\n|faint|p1a: Raichu\n|move|p2a: Zapdos|Hurricane|p1: Raichu|[notarget]\n|-fail|p2a: Zapdos\n|\n|-weather|RainDance|[upkeep]\n|upkeep\n|\n|t:|1700514924\n|switch|p1a: Clefable|Clefable, M|100\/100\n|turn|7\n|\n|t:|1700514931\n|move|p2a: Zapdos|Hurricane|p1a: Clefable\n|-damage|p1a: Clefable|26\/100\n|move|p1a: Clefable|Moonblast|p2a: Zapdos\n|-damage|p2a: Zapdos|0 fnt\n|faint|p2a: Zapdos\n|\n|-weather|RainDance|[upkeep]\n|upkeep\n|\n|t:|1700514939\n|switch|p2a: Barraskewda|Barraskewda, F|100\/100\n|turn|8\n|\n|t:|1700514951\n|switch|p1a: Vileplume|Vileplume, M|100\/100\n|move|p2a: Barraskewda|Psychic Fangs|p1a: Vileplume\n|-supereffective|p1a: Vileplume\n|-damage|p1a: Vileplume|2\/100\n|\n|-weather|none\n|-heal|p1a: Vileplume|8\/100|[from] item: Leftovers\n|upkeep\n|turn|9\n|\n|t:|1700514960\n|switch|p1a: Clefable|Clefable, M|26\/100\n|move|p2a: Barraskewda|Psychic Fangs|p1a: Clefable\n|-damage|p1a: Clefable|0 fnt\n|faint|p1a: Clefable\n|\n|upkeep\n|\n|t:|1700514965\n|switch|p1a: Pidgeot|Pidgeot, M|100\/100\n|turn|10\n|\n|t:|1700514970\n|switch|p2a: Ferrothorn|Ferrothorn, M|100\/100\n|detailschange|p1a: Pidgeot|Pidgeot-Mega, M\n|-mega|p1a: Pidgeot|Pidgeot|Pidgeotite\n|move|p1a: Pidgeot|Hurricane|p2a: Ferrothorn\n|-damage|p2a: Ferrothorn|50\/100\n|\n|-heal|p2a: Ferrothorn|56\/100|[from] item: Leftovers\n|upkeep\n|turn|11\n|\n|t:|1700514977\n|move|p1a: Pidgeot|Heat Wave|p2a: Ferrothorn\n|-supereffective|p2a: Ferrothorn\n|-damage|p2a: Ferrothorn|0 fnt\n|faint|p2a: Ferrothorn\n|\n|upkeep\n|\n|t:|1700514995\n|switch|p2a: Swampert|Swampert, F|100\/100\n|turn|12\n|\n|t:|1700515001\n|detailschange|p2a: Swampert|Swampert-Mega, F\n|-mega|p2a: Swampert|Swampert|Swampertite\n|move|p1a: Pidgeot|Hurricane|p2a: Swampert\n|-damage|p2a: Swampert|46\/100\n|move|p2a: Swampert|Ice Punch|p1a: Pidgeot\n|-supereffective|p1a: Pidgeot\n|-damage|p1a: Pidgeot|15\/100\n|\n|upkeep\n|turn|13\n|\n|t:|1700515010\n|move|p1a: Pidgeot|Hurricane|p2a: Swampert\n|-damage|p2a: Swampert|0 fnt\n|faint|p2a: Swampert\n|\n|upkeep\n|\n|t:|1700515015\n|switch|p2a: Urshifu|Urshifu-Rapid-Strike, F|100\/100\n|turn|14\n|\n|t:|1700515025\n|move|p2a: Urshifu|Aqua Jet|p1a: Pidgeot\n|-damage|p1a: Pidgeot|0 fnt\n|faint|p1a: Pidgeot\n|\n|upkeep\n|\n|t:|1700515033\n|switch|p1a: Vileplume|Vileplume, M|8\/100\n|turn|15\n|\n|t:|1700515041\n|move|p2a: Urshifu|Aqua Jet|p1a: Vileplume\n|-resisted|p1a: Vileplume\n|-damage|p1a: Vileplume|0 fnt\n|faint|p1a: Vileplume\n|\n|upkeep\n|\n|t:|1700515047\n|switch|p1a: Politoed|Politoed, M|100\/100\n|turn|16\n|\n|t:|1700515053\n|switch|p2a: Barraskewda|Barraskewda, F|100\/100\n|move|p1a: Politoed|Psychic|p2a: Barraskewda\n|-damage|p2a: Barraskewda|48\/100\n|\n|upkeep\n|turn|17\n|\n|t:|1700515065\n|-terastallize|p1a: Politoed|Ground\n|move|p2a: Barraskewda|Close Combat|p1a: Politoed\n|-damage|p1a: Politoed|32\/100\n|-unboost|p2a: Barraskewda|def|1\n|-unboost|p2a: Barraskewda|spd|1\n|move|p1a: Politoed|Earth Power|p2a: Barraskewda\n|-damage|p2a: Barraskewda|0 fnt\n|faint|p2a: Barraskewda\n|\n|-heal|p1a: Politoed|38\/100|[from] item: Leftovers\n|upkeep\n|\n|t:|1700515070\n|switch|p2a: Urshifu|Urshifu-Rapid-Strike, F|100\/100\n|turn|18\n|\n|t:|1700515075\n|-terastallize|p2a: Urshifu|Water\n|move|p2a: Urshifu|Aqua Jet|p1a: Politoed\n|-heal|p1a: Politoed|63\/100|[from] ability: Water Absorb|[of] p2a: Urshifu\n|move|p1a: Politoed|Psychic|p2a: Urshifu\n|-damage|p2a: Urshifu|66\/100\n|\n|-heal|p1a: Politoed|69\/100|[from] item: Leftovers\n|upkeep\n|turn|19\n|-message|Monkedog forfeited.\n|\n|win|SrPorquet\n|raw|SrPorquet's rating: 1165 &rarr; <strong>1187<\/strong><br \/>(+22 for winning)\n|raw|Monkedog's rating: 1121 &rarr; <strong>1099<\/strong><br \/>(-22 for losing)\n|l|\u2606Monkedog\n","uploadtime":1700515089,"views":15,"p1id":"srporquet","p2id":"monkedog","formatid":"gen9nationaldex","rating":1099,"private":0,"password":""}