{"id":"gen9nationaldex-1995833177","p1":"JuzOzuj","p2":"PikachuXD317878","format":"[Gen 9] National Dex","log":"|html|<div class=\"broadcast-blue\"><strong>[Gen 9] National Dex is currently suspecting Sneasler! For information on how to participate check out the <a href=\"https:\/\/www.smogon.com\/forums\/threads\/sv-national-dex-suspect-8-just-dance.3731534\/\">suspect thread<\/a>.<\/strong><\/div>\n|j|\u2606JuzOzuj\n|j|\u2606PikachuXD317878\n|t:|1700607686\n|gametype|singles\n|player|p1|JuzOzuj|169|\n|player|p2|PikachuXD317878|pokemonranger-gen4|\n|teamsize|p1|6\n|teamsize|p2|6\n|gen|9\n|tier|[Gen 9] National Dex\n|rule|HP Percentage Mod: HP is shown in percentages\n|rule|Endless Battle Clause: Forcing endless battles is banned\n|rule|OHKO Clause: OHKO moves are banned\n|rule|Evasion Clause: Evasion abilities, items, and moves are banned\n|rule|Evasion Abilities Clause: Evasion abilities are banned\n|rule|Evasion Items Clause: Evasion items are banned\n|rule|Evasion Moves Clause: Evasion moves are banned\n|rule|Species Clause: Limit one of each Pok\u00e9mon\n|rule|Sleep Clause Mod: Limit one foe put to sleep\n|clearpoke\n|poke|p1|Gengar, M|\n|poke|p1|Cacturne, M|\n|poke|p1|Heracross, M|\n|poke|p1|Crobat, M|\n|poke|p1|Umbreon, M|\n|poke|p1|Steelix, M|\n|poke|p2|Empoleon, M|\n|poke|p2|Ninetales-Alola, F|\n|poke|p2|Kommo-o, F|\n|poke|p2|Cinderace, F|\n|poke|p2|Gliscor, F|\n|poke|p2|Hydreigon, F|\n|teampreview\n|inactive|Battle timer is ON: inactive players will automatically lose when time's up. (requested by PikachuXD317878)\n|c|\u2606JuzOzuj|Suerte\n|c|\u2606JuzOzuj|Oye pika\n|c|\u2606PikachuXD317878|suerte\n|c|\u2606PikachuXD317878|???\n|c|\u2606JuzOzuj|esto es bo3?\n|c|\u2606PikachuXD317878|ns\n|c|\u2606JuzOzuj|XD\n|inactive|JuzOzuj has 270 seconds left.\n|inactive|PikachuXD317878 has 270 seconds left.\n|\n|t:|1700607736\n|start\n|switch|p1a: Juggernaut|Steelix, M|100\/100\n|switch|p2a: Ninetales|Ninetales-Alola, F|100\/100\n|-weather|Snow|[from] ability: Snow Warning|[of] p2a: Ninetales\n|turn|1\n|\n|t:|1700607744\n|move|p2a: Ninetales|Aurora Veil|p2a: Ninetales\n|-sidestart|p2: PikachuXD317878|move: Aurora Veil\n|move|p1a: Juggernaut|Stealth Rock|p2a: Ninetales\n|-sidestart|p2: PikachuXD317878|move: Stealth Rock\n|\n|-weather|Snow|[upkeep]\n|upkeep\n|turn|2\n|\n|t:|1700607751\n|move|p2a: Ninetales|Encore|p1a: Juggernaut\n|-start|p1a: Juggernaut|Encore\n|move|p1a: Juggernaut|Stealth Rock||[still]\n|-fail|p1a: Juggernaut\n|\n|-weather|Snow|[upkeep]\n|upkeep\n|turn|3\n|inactive|JuzOzuj has 270 seconds left.\n|\n|t:|1700607804\n|switch|p2a: Hydreigon|Hydreigon, F|100\/100\n|-damage|p2a: Hydreigon|88\/100|[from] Stealth Rock\n|switch|p1a: Hunter|Gengar, M|100\/100\n|\n|-weather|Snow|[upkeep]\n|upkeep\n|turn|4\n|\n|t:|1700607815\n|switch|p1a: Noah|Umbreon, M, shiny|100\/100\n|-terastallize|p2a: Hydreigon|Poison\n|move|p2a: Hydreigon|Substitute|p2a: Hydreigon\n|-start|p2a: Hydreigon|Substitute\n|-damage|p2a: Hydreigon|63\/100\n|\n|-weather|Snow|[upkeep]\n|upkeep\n|turn|5\n|\n|t:|1700607823\n|move|p2a: Hydreigon|Nasty Plot|p2a: Hydreigon\n|-boost|p2a: Hydreigon|spa|2\n|move|p1a: Noah|Wish|p1a: Noah\n|\n|-weather|none\n|upkeep\n|turn|6\n|\n|t:|1700607829\n|move|p2a: Hydreigon|Nasty Plot|p2a: Hydreigon\n|-boost|p2a: Hydreigon|spa|2\n|move|p1a: Noah|Foul Play|p2a: Hydreigon\n|-activate|p2a: Hydreigon|move: Substitute|[damage]\n|\n|upkeep\n|turn|7\n|\n|t:|1700607833\n|move|p2a: Hydreigon|Nasty Plot|p2a: Hydreigon\n|-boost|p2a: Hydreigon|spa|2\n|move|p1a: Noah|Foul Play|p2a: Hydreigon\n|-crit|p2a: Hydreigon\n|-end|p2a: Hydreigon|Substitute\n|\n|upkeep\n|turn|8\n|\n|t:|1700607838\n|move|p1a: Noah|Protect|p1a: Noah\n|-singleturn|p1a: Noah|Protect\n|move|p2a: Hydreigon|Substitute|p2a: Hydreigon\n|-start|p2a: Hydreigon|Substitute\n|-damage|p2a: Hydreigon|38\/100\n|\n|-sideend|p2: PikachuXD317878|move: Aurora Veil\n|upkeep\n|turn|9\n|j| mixco\n|\n|t:|1700607846\n|move|p2a: Hydreigon|Dark Pulse|p1a: Noah\n|-resisted|p1a: Noah\n|-damage|p1a: Noah|60\/100\n|move|p1a: Noah|Foul Play|p2a: Hydreigon\n|-end|p2a: Hydreigon|Substitute\n|\n|-heal|p1a: Noah|66\/100|[from] item: Leftovers\n|upkeep\n|turn|10\n|c|\u2606PikachuXD317878|mixco\n|\n|t:|1700607856\n|move|p2a: Hydreigon|Substitute|p2a: Hydreigon\n|-start|p2a: Hydreigon|Substitute\n|-damage|p2a: Hydreigon|13\/100\n|-enditem|p2a: Hydreigon|Salac Berry|[eat]\n|-boost|p2a: Hydreigon|spe|1|[from] item: Salac Berry\n|move|p1a: Noah|Wish|p1a: Noah\n|\n|-heal|p1a: Noah|73\/100|[from] item: Leftovers\n|upkeep\n|turn|11\n|c|\u2606PikachuXD317878|tu pesadilla\n|\n|t:|1700607861\n|move|p2a: Hydreigon|Belch|p1a: Noah\n|-damage|p1a: Noah|0 fnt\n|faint|p1a: Noah\n|\n|upkeep\n|\n|t:|1700607869\n|switch|p1a: Juggernaut|Steelix, M|100\/100\n|turn|12\n|\n|t:|1700607874\n|move|p2a: Hydreigon|Dark Pulse|p1a: Juggernaut\n|-ability|p1a: Juggernaut|Sturdy\n|-damage|p1a: Juggernaut|1\/100\n|cant|p1a: Juggernaut|flinch\n|\n|upkeep\n|turn|13\n|c| mixco|Te voy a matar pika\n|c|\u2606JuzOzuj|dios\n|c|\u2606PikachuXD317878|.-.\n|c|\u2606JuzOzuj|no puede ser\n|-enditem|p1a: Juggernaut|Custap Berry|[eat]\n|-activate|p1a: Juggernaut|item: Custap Berry|[consumed]\n|\n|t:|1700607895\n|move|p1a: Juggernaut|Earthquake|p2a: Hydreigon\n|-immune|p2a: Hydreigon|[from] ability: Levitate\n|move|p2a: Hydreigon|Dark Pulse|p1a: Juggernaut\n|-damage|p1a: Juggernaut|0 fnt\n|faint|p1a: Juggernaut\n|\n|upkeep\n|c|\u2606PikachuXD317878|eso si no me lo esperaba\n|inactive|JuzOzuj has 270 seconds left.\n|\n|t:|1700607918\n|switch|p1a: Whistler|Cacturne, M|100\/100\n|turn|14\n|inactive|JuzOzuj has 270 seconds left.\n|\n|t:|1700607933\n|move|p2a: Hydreigon|Belch|p1a: Whistler|[miss]\n|-miss|p2a: Hydreigon|p1a: Whistler\n|move|p1a: Whistler|Knock Off|p2a: Hydreigon\n|-end|p2a: Hydreigon|Substitute\n|\n|upkeep\n|turn|15\n|c|\u2606PikachuXD317878|estamos a mano creo\n|\n|t:|1700607943\n|move|p1a: Whistler|Sucker Punch|p2a: Hydreigon\n|-damage|p2a: Hydreigon|0 fnt\n|faint|p2a: Hydreigon\n|\n|upkeep\n|\n|t:|1700607947\n|switch|p2a: Cinderace|Cinderace, F|100\/100\n|turn|16\n|\n|t:|1700607952\n|move|p2a: Cinderace|U-turn|p1a: Whistler\n|-start|p2a: Cinderace|typechange|Bug|[from] ability: Libero\n|-supereffective|p1a: Whistler\n|-enditem|p1a: Whistler|Focus Sash\n|-damage|p1a: Whistler|1\/100\n|\n|t:|1700607957\n|switch|p2a: Ninetales|Ninetales-Alola, F|100\/100|[from] U-turn\n|-damage|p2a: Ninetales|76\/100|[from] Stealth Rock\n|-weather|Snow|[from] ability: Snow Warning|[of] p2a: Ninetales\n|move|p1a: Whistler|Swords Dance|p1a: Whistler\n|-boost|p1a: Whistler|atk|2\n|\n|-weather|Snow|[upkeep]\n|upkeep\n|turn|17\n|\n|t:|1700607969\n|-terastallize|p1a: Whistler|Dark\n|move|p2a: Ninetales|Aurora Veil|p2a: Ninetales\n|-sidestart|p2: PikachuXD317878|move: Aurora Veil\n|move|p1a: Whistler|Knock Off|p2a: Ninetales\n|-resisted|p2a: Ninetales\n|-damage|p2a: Ninetales|43\/100\n|-enditem|p2a: Ninetales|Light Clay|[from] move: Knock Off|[of] p1a: Whistler\n|\n|-weather|Snow|[upkeep]\n|upkeep\n|turn|18\n|\n|t:|1700607978\n|move|p1a: Whistler|Sucker Punch||[still]\n|-fail|p1a: Whistler\n|move|p2a: Ninetales|Encore|p1a: Whistler\n|-start|p1a: Whistler|Encore\n|\n|-weather|Snow|[upkeep]\n|upkeep\n|turn|19\n|\n|t:|1700607983\n|switch|p2a: Kommo-o|Kommo-o, F|100\/100\n|-damage|p2a: Kommo-o|94\/100|[from] Stealth Rock\n|move|p1a: Whistler|Sucker Punch||[still]\n|-fail|p1a: Whistler\n|\n|-weather|Snow|[upkeep]\n|upkeep\n|turn|20\n|\n|t:|1700607997\n|move|p1a: Whistler|Sucker Punch|p2a: Kommo-o\n|-resisted|p2a: Kommo-o\n|-damage|p2a: Kommo-o|69\/100\n|-zpower|p2a: Kommo-o\n|move|p2a: Kommo-o|Clangorous Soulblaze|p1a: Whistler|[zeffect]\n|-damage|p1a: Whistler|0 fnt\n|faint|p1a: Whistler\n|-boost|p2a: Kommo-o|atk|1\n|-boost|p2a: Kommo-o|def|1\n|-boost|p2a: Kommo-o|spa|1\n|-boost|p2a: Kommo-o|spd|1\n|-boost|p2a: Kommo-o|spe|1\n|\n|-weather|none\n|upkeep\n|\n|t:|1700608015\n|switch|p1a: Hunter|Gengar, M|100\/100\n|turn|21\n|inactive|JuzOzuj has 270 seconds left.\n|\n|t:|1700608041\n|move|p1a: Hunter|Sludge Bomb|p2a: Kommo-o\n|-immune|p2a: Kommo-o|[from] ability: Bulletproof\n|move|p2a: Kommo-o|Clanging Scales|p1a: Hunter\n|-damage|p1a: Hunter|0 fnt\n|faint|p1a: Hunter\n|-unboost|p2a: Kommo-o|def|1\n|\n|upkeep\n|inactive|JuzOzuj has 270 seconds left.\n|c|\u2606JuzOzuj|gg\n|-message|JuzOzuj forfeited.\n|\n|win|PikachuXD317878\n|l|\u2606JuzOzuj\n|c|\u2606PikachuXD317878|gg\n","uploadtime":1700608060,"views":10,"p1id":"juzozuj","p2id":"pikachuxd317878","formatid":"gen9nationaldex","rating":0,"private":0,"password":""}