{"id":"gen9nationaldex-1989627246","p1":"XvoameucaroX","p2":"ZachPlay","format":"[Gen 9] National Dex","log":"|j|\u2606XvoameucaroX\n|j|\u2606ZachPlay\n|t:|1699880598\n|gametype|singles\n|player|p1|XvoameucaroX|hiker-gen4|1088\n|player|p2|ZachPlay|ginchiyo-conquest|1048\n|teamsize|p1|6\n|teamsize|p2|6\n|gen|9\n|tier|[Gen 9] National Dex\n|rated|\n|rule|HP Percentage Mod: HP is shown in percentages\n|rule|Endless Battle Clause: Forcing endless battles is banned\n|rule|OHKO Clause: OHKO moves are banned\n|rule|Evasion Clause: Evasion abilities, items, and moves are banned\n|rule|Evasion Abilities Clause: Evasion abilities are banned\n|rule|Evasion Items Clause: Evasion items are banned\n|rule|Evasion Moves Clause: Evasion moves are banned\n|rule|Species Clause: Limit one of each Pok\u00e9mon\n|rule|Sleep Clause Mod: Limit one foe put to sleep\n|clearpoke\n|poke|p1|Hitmonchan, M|\n|poke|p1|Hitmontop, M|\n|poke|p1|Conkeldurr, M|\n|poke|p1|Machamp, F|\n|poke|p1|Hariyama, F|\n|poke|p1|Sawk, M|\n|poke|p2|Ribombee, M|\n|poke|p2|Glastrier|\n|poke|p2|Silvally-*|\n|poke|p2|Diancie|\n|poke|p2|Samurott-Hisui, F|\n|poke|p2|Hydreigon, F|\n|teampreview\n|inactive|Battle timer is ON: inactive players will automatically lose when time's up. (requested by XvoameucaroX)\n|\n|t:|1699880606\n|start\n|switch|p1a: Hitmonchan|Hitmonchan, M|100\/100\n|switch|p2a: Ribombee|Ribombee, M|100\/100\n|turn|1\n|\n|t:|1699880623\n|move|p2a: Ribombee|Sticky Web|p1a: Hitmonchan\n|-sidestart|p1: XvoameucaroX|move: Sticky Web\n|move|p1a: Hitmonchan|Thunder Punch|p2a: Ribombee\n|-damage|p2a: Ribombee|38\/100\n|-damage|p1a: Hitmonchan|91\/100|[from] item: Life Orb\n|\n|upkeep\n|turn|2\n|\n|t:|1699880629\n|move|p1a: Hitmonchan|Mach Punch|p2a: Ribombee\n|-resisted|p2a: Ribombee\n|-damage|p2a: Ribombee|26\/100\n|-damage|p1a: Hitmonchan|81\/100|[from] item: Life Orb\n|move|p2a: Ribombee|Moonblast|p1a: Hitmonchan\n|-supereffective|p1a: Hitmonchan\n|-damage|p1a: Hitmonchan|9\/100\n|\n|upkeep\n|turn|3\n|\n|t:|1699880633\n|move|p1a: Hitmonchan|Mach Punch|p2a: Ribombee\n|-resisted|p2a: Ribombee\n|-damage|p2a: Ribombee|13\/100\n|-damage|p1a: Hitmonchan|0 fnt|[from] item: Life Orb\n|faint|p1a: Hitmonchan\n|move|p2a: Ribombee|Moonblast|p1: Hitmonchan|[notarget]\n|-fail|p2a: Ribombee\n|\n|upkeep\n|\n|t:|1699880637\n|switch|p1a: Conkeldurr|Conkeldurr, M|100\/100\n|-activate|p1a: Conkeldurr|move: Sticky Web\n|-unboost|p1a: Conkeldurr|spe|1\n|turn|4\n|\n|t:|1699880640\n|move|p1a: Conkeldurr|Mach Punch|p2a: Ribombee\n|-resisted|p2a: Ribombee\n|-damage|p2a: Ribombee|0 fnt\n|faint|p2a: Ribombee\n|\n|upkeep\n|\n|t:|1699880646\n|switch|p2a: Samurott|Samurott-Hisui, F|100\/100\n|turn|5\n|\n|t:|1699880654\n|switch|p1a: Machamp|Machamp, F|100\/100\n|-activate|p1a: Machamp|move: Sticky Web\n|-unboost|p1a: Machamp|spe|1\n|-terastallize|p2a: Samurott|Fairy\n|move|p2a: Samurott|Ceaseless Edge|p1a: Machamp\n|-resisted|p1a: Machamp\n|-damage|p1a: Machamp|81\/100\n|-sidestart|p1: XvoameucaroX|Spikes\n|\n|-status|p1a: Machamp|brn|[from] item: Flame Orb\n|upkeep\n|turn|6\n|\n|t:|1699880669\n|move|p2a: Samurott|Ceaseless Edge|p1a: Machamp|[miss]\n|-miss|p2a: Samurott|p1a: Machamp\n|move|p1a: Machamp|Toxic|p2a: Samurott\n|-status|p2a: Samurott|tox\n|\n|-damage|p2a: Samurott|94\/100 tox|[from] psn\n|-damage|p1a: Machamp|74\/100 brn|[from] brn\n|upkeep\n|turn|7\n|\n|t:|1699880678\n|move|p2a: Samurott|Ceaseless Edge|p1a: Machamp\n|-resisted|p1a: Machamp\n|-damage|p1a: Machamp|57\/100 brn\n|-sidestart|p1: XvoameucaroX|Spikes\n|move|p1a: Machamp|Encore|p2a: Samurott\n|-start|p2a: Samurott|Encore\n|\n|-damage|p2a: Samurott|82\/100 tox|[from] psn\n|-damage|p1a: Machamp|51\/100 brn|[from] brn\n|upkeep\n|turn|8\n|\n|t:|1699880700\n|move|p2a: Samurott|Ceaseless Edge|p1a: Machamp\n|-resisted|p1a: Machamp\n|-damage|p1a: Machamp|31\/100 brn\n|-sidestart|p1: XvoameucaroX|Spikes\n|move|p1a: Machamp|Close Combat|p2a: Samurott\n|-resisted|p2a: Samurott\n|-damage|p2a: Samurott|24\/100 tox\n|-unboost|p1a: Machamp|def|1\n|-unboost|p1a: Machamp|spd|1\n|\n|-damage|p2a: Samurott|5\/100 tox|[from] psn\n|-damage|p1a: Machamp|25\/100 brn|[from] brn\n|upkeep\n|turn|9\n|\n|t:|1699880705\n|move|p2a: Samurott|Ceaseless Edge|p1a: Machamp\n|-resisted|p1a: Machamp\n|-damage|p1a: Machamp|0 fnt\n|faint|p1a: Machamp\n|\n|-damage|p2a: Samurott|0 fnt|[from] psn\n|faint|p2a: Samurott\n|upkeep\n|\n|t:|1699880718\n|switch|p2a: Silvally|Silvally-Ghost|100\/100\n|switch|p1a: Hitmontop|Hitmontop, M|100\/100\n|-activate|p1a: Hitmontop|move: Sticky Web\n|-unboost|p1a: Hitmontop|spe|1\n|-damage|p1a: Hitmontop|76\/100|[from] Spikes\n|turn|10\n|\n|t:|1699880729\n|switch|p1a: Hariyama|Hariyama, F|100\/100\n|-activate|p1a: Hariyama|move: Sticky Web\n|-unboost|p1a: Hariyama|spe|1\n|-damage|p1a: Hariyama|76\/100|[from] Spikes\n|move|p2a: Silvally|Zen Headbutt|p1a: Hariyama\n|-supereffective|p1a: Hariyama\n|-crit|p1a: Hariyama\n|-damage|p1a: Hariyama|5\/100\n|\n|upkeep\n|turn|11\n|\n|t:|1699880738\n|move|p2a: Silvally|Swords Dance|p2a: Silvally\n|-boost|p2a: Silvally|atk|2\n|move|p1a: Hariyama|Knock Off|p2a: Silvally\n|-supereffective|p2a: Silvally\n|-damage|p2a: Silvally|58\/100\n|\n|upkeep\n|turn|12\n|\n|t:|1699880766\n|move|p2a: Silvally|Multi-Attack|p1a: Hariyama\n|-damage|p1a: Hariyama|0 fnt\n|faint|p1a: Hariyama\n|\n|upkeep\n|\n|t:|1699880772\n|switch|p1a: Conkeldurr|Conkeldurr, M|100\/100\n|-activate|p1a: Conkeldurr|move: Sticky Web\n|-unboost|p1a: Conkeldurr|spe|1\n|-damage|p1a: Conkeldurr|76\/100|[from] Spikes\n|turn|13\n|\n|t:|1699880774\n|move|p2a: Silvally|Zen Headbutt|p1a: Conkeldurr\n|-supereffective|p1a: Conkeldurr\n|-damage|p1a: Conkeldurr|0 fnt\n|faint|p1a: Conkeldurr\n|\n|upkeep\n|-message|XvoameucaroX forfeited.\n|\n|win|ZachPlay\n|raw|XvoameucaroX's rating: 1088 &rarr; <strong>1062<\/strong><br \/>(-26 for losing)\n|raw|ZachPlay's rating: 1048 &rarr; <strong>1085<\/strong><br \/>(+37 for winning)\n|l|\u2606XvoameucaroX\n","uploadtime":1699880784,"views":5,"p1id":"xvoameucarox","p2id":"zachplay","formatid":"gen9nationaldex","rating":1062,"private":0,"password":""}