{"id":"gen9nationaldex-1994302939","p1":"Lu Lu Zhu","p2":"JogadorCaro","format":"[Gen 9] National Dex","log":"|j|\u2606Lu Lu Zhu\n|j|\u2606JogadorCaro\n|t:|1700428909\n|gametype|singles\n|player|p1|Lu Lu Zhu|elesa|1774\n|player|p2|JogadorCaro|tate|1757\n|teamsize|p1|6\n|teamsize|p2|6\n|gen|9\n|tier|[Gen 9] National Dex\n|rated|\n|rule|HP Percentage Mod: HP is shown in percentages\n|rule|Endless Battle Clause: Forcing endless battles is banned\n|rule|OHKO Clause: OHKO moves are banned\n|rule|Evasion Clause: Evasion abilities, items, and moves are banned\n|rule|Evasion Abilities Clause: Evasion abilities are banned\n|rule|Evasion Items Clause: Evasion items are banned\n|rule|Evasion Moves Clause: Evasion moves are banned\n|rule|Species Clause: Limit one of each Pok\u00e9mon\n|rule|Sleep Clause Mod: Limit one foe put to sleep\n|clearpoke\n|poke|p1|Scizor, F|\n|poke|p1|Iron Valiant|\n|poke|p1|Sneasler, F|\n|poke|p1|Ceruledge, M|\n|poke|p1|Gliscor, F|\n|poke|p1|Tapu Koko|\n|poke|p2|Garganacl, F|\n|poke|p2|Zamazenta-*|\n|poke|p2|Volcarona, F|\n|poke|p2|Hoopa-Unbound|\n|poke|p2|Dondozo, M|\n|poke|p2|Rotom-Wash|\n|teampreview\n|inactive|Battle timer is ON: inactive players will automatically lose when time's up. (requested by Lu Lu Zhu)\n|\n|t:|1700428917\n|start\n|switch|p1a: Tapu Koko|Tapu Koko|100\/100\n|switch|p2a: mulher|Rotom-Wash|100\/100\n|-fieldstart|move: Electric Terrain|[from] ability: Electric Surge|[of] p1a: Tapu Koko\n|turn|1\n|\n|t:|1700428924\n|move|p1a: Tapu Koko|Thunderbolt|p2a: mulher\n|-damage|p2a: mulher|46\/100\n|move|p2a: mulher|Hydro Pump|p1a: Tapu Koko\n|-damage|p1a: Tapu Koko|39\/100\n|\n|-heal|p2a: mulher|52\/100|[from] item: Leftovers\n|upkeep\n|turn|2\n|\n|t:|1700428934\n|move|p1a: Tapu Koko|Thunderbolt|p2a: mulher\n|-damage|p2a: mulher|0 fnt\n|faint|p2a: mulher\n|\n|upkeep\n|\n|t:|1700428939\n|switch|p2a: Toji|Zamazenta|100\/100\n|-ability|p2a: Toji|Dauntless Shield|boost\n|-boost|p2a: Toji|def|1\n|turn|3\n|j| done dreaming\n|\n|t:|1700428954\n|move|p2a: Toji|Close Combat|p1a: Tapu Koko\n|-resisted|p1a: Tapu Koko\n|-damage|p1a: Tapu Koko|0 fnt\n|-unboost|p2a: Toji|def|1\n|-unboost|p2a: Toji|spd|1\n|faint|p1a: Tapu Koko\n|\n|upkeep\n|\n|t:|1700428960\n|switch|p1a: Iron Valiant|Iron Valiant|100\/100\n|-activate|p1a: Iron Valiant|ability: Quark Drive\n|-start|p1a: Iron Valiant|quarkdrivespe\n|turn|4\n|l| done dreaming\n|\n|t:|1700428970\n|switch|p2a: Endeavor|Volcarona, F|100\/100\n|move|p1a: Iron Valiant|Psyshock|p2a: Endeavor\n|-damage|p2a: Endeavor|38\/100\n|\n|upkeep\n|turn|5\n|\n|t:|1700428978\n|-end|p1a: Iron Valiant|Quark Drive|[silent]\n|switch|p1a: Sneasler|Sneasler, F|100\/100\n|-enditem|p1a: Sneasler|Electric Seed\n|-boost|p1a: Sneasler|def|1|[from] item: Electric Seed\n|move|p2a: Endeavor|Fiery Dance|p1a: Sneasler\n|-damage|p1a: Sneasler|46\/100\n|-boost|p2a: Endeavor|spa|1\n|\n|-fieldend|move: Electric Terrain\n|upkeep\n|turn|6\n|\n|t:|1700428986\n|move|p1a: Sneasler|Dire Claw|p2a: Endeavor\n|-damage|p2a: Endeavor|0 fnt\n|faint|p2a: Endeavor\n|\n|upkeep\n|\n|t:|1700428990\n|switch|p2a: Bale\u00e3o|Dondozo, M|100\/100\n|turn|7\n|\n|t:|1700428998\n|move|p1a: Sneasler|Dire Claw|p2a: Bale\u00e3o\n|-damage|p2a: Bale\u00e3o|73\/100\n|move|p2a: Bale\u00e3o|Wave Crash|p1a: Sneasler\n|-damage|p1a: Sneasler|0 fnt\n|faint|p1a: Sneasler\n|-damage|p2a: Bale\u00e3o|64\/100|[from] Recoil\n|\n|-heal|p2a: Bale\u00e3o|70\/100|[from] item: Leftovers\n|upkeep\n|c|\u2606JogadorCaro|miss click\n|\n|t:|1700429005\n|switch|p1a: Iron Valiant|Iron Valiant|100\/100\n|turn|8\n|c|\u2606JogadorCaro|but okworks\n|\n|t:|1700429012\n|move|p1a: Iron Valiant|Moonblast|p2a: Bale\u00e3o\n|-damage|p2a: Bale\u00e3o|24\/100\n|move|p2a: Bale\u00e3o|Wave Crash|p1a: Iron Valiant\n|-damage|p1a: Iron Valiant|43\/100\n|-damage|p2a: Bale\u00e3o|13\/100|[from] Recoil\n|\n|-heal|p2a: Bale\u00e3o|19\/100|[from] item: Leftovers\n|upkeep\n|turn|9\n|\n|t:|1700429025\n|move|p1a: Iron Valiant|Moonblast|p2a: Bale\u00e3o\n|-damage|p2a: Bale\u00e3o|0 fnt\n|faint|p2a: Bale\u00e3o\n|\n|upkeep\n|\n|t:|1700429029\n|switch|p2a: Toji|Zamazenta|100\/100\n|turn|10\n|\n|t:|1700429033\n|-end|p1a: Iron Valiant|Quark Drive|[silent]\n|switch|p1a: Gliscor|Gliscor, F|100\/100\n|move|p2a: Toji|Wild Charge|p1a: Gliscor\n|-immune|p1a: Gliscor\n|\n|-status|p1a: Gliscor|tox|[from] item: Toxic Orb\n|upkeep\n|turn|11\n|\n|t:|1700429048\n|switch|p2a: Agito|Hoopa-Unbound|100\/100\n|switch|p1a: Scizor|Scizor, F|100\/100\n|\n|upkeep\n|turn|12\n|\n|t:|1700429054\n|switch|p2a: Mahoraga|Garganacl, F|100\/100\n|detailschange|p1a: Scizor|Scizor-Mega, F\n|-mega|p1a: Scizor|Scizor|Scizorite\n|move|p1a: Scizor|U-turn|p2a: Mahoraga\n|-damage|p2a: Mahoraga|82\/100\n|\n|t:|1700429059\n|switch|p1a: Iron Valiant|Iron Valiant|43\/100|[from] U-turn\n|\n|-heal|p2a: Mahoraga|89\/100|[from] item: Leftovers\n|upkeep\n|turn|13\n|\n|t:|1700429069\n|-terastallize|p1a: Iron Valiant|Fairy\n|move|p1a: Iron Valiant|Moonblast|p2a: Mahoraga\n|-damage|p2a: Mahoraga|3\/100\n|move|p2a: Mahoraga|Salt Cure|p1a: Iron Valiant\n|-damage|p1a: Iron Valiant|26\/100\n|-start|p1a: Iron Valiant|Salt Cure\n|\n|-heal|p2a: Mahoraga|9\/100|[from] item: Leftovers\n|-damage|p1a: Iron Valiant|13\/100|[from] Salt Cure\n|upkeep\n|turn|14\n|\n|t:|1700429075\n|move|p1a: Iron Valiant|Moonblast|p2a: Mahoraga\n|-damage|p2a: Mahoraga|0 fnt\n|faint|p2a: Mahoraga\n|\n|-damage|p1a: Iron Valiant|1\/100|[from] Salt Cure\n|upkeep\n|\n|t:|1700429078\n|switch|p2a: Toji|Zamazenta|100\/100\n|turn|15\n|\n|t:|1700429087\n|move|p2a: Toji|Ice Fang|p1a: Iron Valiant\n|-damage|p1a: Iron Valiant|0 fnt\n|faint|p1a: Iron Valiant\n|-end|p1a: Iron Valiant|Quark Drive|[silent]\n|\n|upkeep\n|\n|t:|1700429109\n|switch|p1a: Gliscor|Gliscor, F|100\/100 tox\n|turn|16\n|j| RakzoTR\n|inactive|JogadorCaro has 120 seconds left.\n|\n|t:|1700429165\n|switch|p1a: Scizor|Scizor-Mega, F|100\/100\n|move|p2a: Toji|Ice Fang|p1a: Scizor\n|-resisted|p1a: Scizor\n|-damage|p1a: Scizor|90\/100\n|\n|upkeep\n|turn|17\n|\n|t:|1700429173\n|move|p2a: Toji|Ice Fang|p1a: Scizor\n|-resisted|p1a: Scizor\n|-damage|p1a: Scizor|80\/100\n|-status|p1a: Scizor|frz\n|cant|p1a: Scizor|frz\n|\n|upkeep\n|turn|18\n|\n|t:|1700429179\n|switch|p2a: Agito|Hoopa-Unbound|100\/100\n|-curestatus|p1a: Scizor|frz|[msg]\n|move|p1a: Scizor|Bullet Punch|p2a: Agito\n|-damage|p2a: Agito|49\/100\n|\n|upkeep\n|turn|19\n|\n|t:|1700429186\n|move|p1a: Scizor|Bullet Punch|p2a: Agito\n|-damage|p2a: Agito|0 fnt\n|faint|p2a: Agito\n|\n|upkeep\n|\n|t:|1700429190\n|switch|p2a: Toji|Zamazenta|100\/100\n|turn|20\n|\n|t:|1700429192\n|move|p2a: Toji|Crunch|p1a: Scizor\n|-damage|p1a: Scizor|56\/100\n|-unboost|p1a: Scizor|def|1\n|move|p1a: Scizor|Roost|p1a: Scizor\n|-heal|p1a: Scizor|100\/100\n|-singleturn|p1a: Scizor|move: Roost\n|\n|upkeep\n|turn|21\n|\n|t:|1700429199\n|switch|p1a: Gliscor|Gliscor, F|100\/100 tox\n|move|p2a: Toji|Crunch|p1a: Gliscor\n|-damage|p1a: Gliscor|74\/100 tox\n|\n|-heal|p1a: Gliscor|86\/100 tox|[from] ability: Poison Heal\n|upkeep\n|turn|22\n|\n|t:|1700429205\n|move|p2a: Toji|Crunch|p1a: Gliscor\n|-damage|p1a: Gliscor|57\/100 tox\n|move|p1a: Gliscor|Earthquake|p2a: Toji\n|-damage|p2a: Toji|68\/100\n|\n|-heal|p1a: Gliscor|70\/100 tox|[from] ability: Poison Heal\n|upkeep\n|turn|23\n|\n|t:|1700429208\n|move|p2a: Toji|Crunch|p1a: Gliscor\n|-damage|p1a: Gliscor|45\/100 tox\n|move|p1a: Gliscor|Earthquake|p2a: Toji\n|-damage|p2a: Toji|38\/100\n|\n|-heal|p1a: Gliscor|58\/100 tox|[from] ability: Poison Heal\n|upkeep\n|turn|24\n|\n|t:|1700429211\n|move|p2a: Toji|Crunch|p1a: Gliscor\n|-damage|p1a: Gliscor|29\/100 tox\n|move|p1a: Gliscor|Roost|p1a: Gliscor\n|-heal|p1a: Gliscor|79\/100 tox\n|-singleturn|p1a: Gliscor|move: Roost\n|\n|-heal|p1a: Gliscor|92\/100 tox|[from] ability: Poison Heal\n|upkeep\n|turn|25\n|\n|t:|1700429214\n|move|p2a: Toji|Crunch|p1a: Gliscor\n|-damage|p1a: Gliscor|63\/100 tox\n|move|p1a: Gliscor|Earthquake|p2a: Toji\n|-crit|p2a: Toji\n|-damage|p2a: Toji|0 fnt\n|faint|p2a: Toji\n|\n|win|Lu Lu Zhu\n|raw|Lu Lu Zhu's rating: 1774 &rarr; <strong>1793<\/strong><br \/>(+19 for winning)\n|raw|JogadorCaro's rating: 1757 &rarr; <strong>1738<\/strong><br \/>(-19 for losing)\n|l|\u2606Lu Lu Zhu\n","uploadtime":1700429220,"views":5,"p1id":"luluzhu","p2id":"jogadorcaro","formatid":"gen9nationaldex","rating":1738,"private":0,"password":""}