{"id":"gen9nationaldex-1992906505","p1":"chillimillio","p2":"Glass101","format":"[Gen 9] National Dex","log":"|j|\u2606chillimillio\n|j|\u2606Glass101\n|t:|1700245702\n|gametype|singles\n|player|p1|chillimillio|265|1426\n|player|p2|Glass101|101|1466\n|teamsize|p1|6\n|teamsize|p2|6\n|gen|9\n|tier|[Gen 9] National Dex\n|rated|\n|rule|HP Percentage Mod: HP is shown in percentages\n|rule|Endless Battle Clause: Forcing endless battles is banned\n|rule|OHKO Clause: OHKO moves are banned\n|rule|Evasion Clause: Evasion abilities, items, and moves are banned\n|rule|Evasion Abilities Clause: Evasion abilities are banned\n|rule|Evasion Items Clause: Evasion items are banned\n|rule|Evasion Moves Clause: Evasion moves are banned\n|rule|Species Clause: Limit one of each Pok\u00e9mon\n|rule|Sleep Clause Mod: Limit one foe put to sleep\n|clearpoke\n|poke|p1|Dragonite, M|\n|poke|p1|Torkoal, F|\n|poke|p1|Venusaur, F|\n|poke|p1|Ferrothorn, M|\n|poke|p1|Great Tusk|\n|poke|p1|Lilligant-Hisui, F|\n|poke|p2|Scolipede, M|\n|poke|p2|Ceruledge, F|\n|poke|p2|Toxapex, M|\n|poke|p2|Cresselia, F|\n|poke|p2|Garchomp, M|\n|poke|p2|Clodsire, F|\n|teampreview\n|inactive|Battle timer is ON: inactive players will automatically lose when time's up. (requested by Glass101)\n|\n|t:|1700245709\n|start\n|switch|p1a: Dragonite|Dragonite, M|100\/100\n|switch|p2a: Ceruledge|Ceruledge, F|100\/100\n|turn|1\n|\n|t:|1700245717\n|switch|p2a: Toxapex|Toxapex, M|100\/100\n|move|p1a: Dragonite|Dragon Dance|p1a: Dragonite\n|-boost|p1a: Dragonite|atk|1\n|-boost|p1a: Dragonite|spe|1\n|\n|upkeep\n|turn|2\n|\n|t:|1700245729\n|move|p1a: Dragonite|Substitute|p1a: Dragonite\n|-start|p1a: Dragonite|Substitute\n|-damage|p1a: Dragonite|76\/100\n|move|p2a: Toxapex|Toxic||[still]\n|-fail|p2a: Toxapex\n|\n|-heal|p1a: Dragonite|82\/100|[from] item: Leftovers\n|upkeep\n|turn|3\n|\n|t:|1700245739\n|move|p1a: Dragonite|Extreme Speed|p2a: Toxapex\n|-damage|p2a: Toxapex|68\/100\n|-damage|p1a: Dragonite|65\/100|[from] item: Rocky Helmet|[of] p2a: Toxapex\n|move|p2a: Toxapex|Haze|p2a: Toxapex\n|-clearallboost\n|\n|-heal|p1a: Dragonite|71\/100|[from] item: Leftovers\n|upkeep\n|turn|4\n|\n|t:|1700245762\n|switch|p2a: Mr Blue sky|Cresselia, F, shiny|100\/100\n|move|p1a: Dragonite|Dragon Dance|p1a: Dragonite\n|-boost|p1a: Dragonite|atk|1\n|-boost|p1a: Dragonite|spe|1\n|\n|-heal|p1a: Dragonite|78\/100|[from] item: Leftovers\n|upkeep\n|turn|5\n|inactive|chillimillio has 120 seconds left.\n|\n|t:|1700245795\n|-terastallize|p1a: Dragonite|Normal\n|move|p1a: Dragonite|Dragon Dance|p1a: Dragonite\n|-boost|p1a: Dragonite|atk|1\n|-boost|p1a: Dragonite|spe|1\n|move|p2a: Mr Blue sky|Moonblast|p1a: Dragonite\n|-activate|p1a: Dragonite|move: Substitute|[damage]\n|\n|-heal|p1a: Dragonite|84\/100|[from] item: Leftovers\n|upkeep\n|turn|6\n|j| CaroOui\n|\n|t:|1700245807\n|switch|p2a: Ceruledge|Ceruledge, F|100\/100\n|move|p1a: Dragonite|Extreme Speed|p2a: Ceruledge\n|-immune|p2a: Ceruledge\n|\n|-heal|p1a: Dragonite|90\/100|[from] item: Leftovers\n|upkeep\n|turn|7\n|l| CaroOui\n|\n|t:|1700245817\n|switch|p2a: Mr Blue sky|Cresselia, F, shiny|100\/100\n|move|p1a: Dragonite|Fire Punch|p2a: Mr Blue sky\n|-damage|p2a: Mr Blue sky|71\/100\n|\n|-heal|p1a: Dragonite|96\/100|[from] item: Leftovers\n|upkeep\n|turn|8\n|\n|t:|1700245827\n|switch|p2a: Ceruledge|Ceruledge, F|100\/100\n|move|p1a: Dragonite|Fire Punch|p2a: Ceruledge\n|-start|p2a: Ceruledge|ability: Flash Fire\n|\n|-heal|p1a: Dragonite|100\/100|[from] item: Leftovers\n|upkeep\n|turn|9\n|c|\u2606Glass101|Ohhh\n|inactive|chillimillio has 120 seconds left.\n|\n|t:|1700245850\n|switch|p1a: Great Tusk|Great Tusk|100\/100\n|move|p2a: Ceruledge|Substitute|p2a: Ceruledge\n|-start|p2a: Ceruledge|Substitute\n|-damage|p2a: Ceruledge|76\/100\n|\n|upkeep\n|turn|10\n|\n|t:|1700245861\n|-end|p1a: Great Tusk|Protosynthesis|[silent]\n|switch|p1a: Torkoal|Torkoal, F|100\/100\n|-weather|SunnyDay|[from] ability: Drought|[of] p1a: Torkoal\n|move|p2a: Ceruledge|Swords Dance|p2a: Ceruledge\n|-boost|p2a: Ceruledge|atk|2\n|\n|-weather|SunnyDay|[upkeep]\n|upkeep\n|turn|11\n|\n|t:|1700245874\n|move|p2a: Ceruledge|Swords Dance|p2a: Ceruledge\n|-boost|p2a: Ceruledge|atk|2\n|move|p1a: Torkoal|Stealth Rock|p2a: Ceruledge\n|-sidestart|p2: Glass101|move: Stealth Rock\n|\n|-weather|SunnyDay|[upkeep]\n|upkeep\n|turn|12\n|inactive|chillimillio has 90 seconds left.\n|\n|t:|1700245910\n|move|p2a: Ceruledge|Bitter Blade|p1a: Torkoal\n|-resisted|p1a: Torkoal\n|-damage|p1a: Torkoal|0 fnt\n|-heal|p2a: Ceruledge|100\/100|[from] drain|[of] p1a: Torkoal\n|faint|p1a: Torkoal\n|\n|-weather|SunnyDay|[upkeep]\n|upkeep\n|\n|t:|1700245921\n|switch|p1a: Great Tusk|Great Tusk|100\/100\n|-activate|p1a: Great Tusk|ability: Protosynthesis\n|-start|p1a: Great Tusk|protosynthesisdef\n|turn|13\n|\n|t:|1700245933\n|move|p2a: Ceruledge|Bitter Blade|p1a: Great Tusk\n|-damage|p1a: Great Tusk|0 fnt\n|faint|p1a: Great Tusk\n|-end|p1a: Great Tusk|Protosynthesis|[silent]\n|\n|-weather|SunnyDay|[upkeep]\n|upkeep\n|-message|chillimillio forfeited.\n|\n|win|Glass101\n|raw|chillimillio's rating: 1426 &rarr; <strong>1408<\/strong><br \/>(-18 for losing)\n|raw|Glass101's rating: 1466 &rarr; <strong>1484<\/strong><br \/>(+18 for winning)\n|l|\u2606chillimillio\n","uploadtime":1700245943,"views":29,"p1id":"chillimillio","p2id":"glass101","formatid":"gen9nationaldex","rating":1408,"private":0,"password":""}