{"id":"gen9nationaldex-1991398442","p1":"RedstoneTwitch","p2":"hackilla15","format":"[Gen 9] National Dex","log":"|j|\u2606RedstoneTwitch\n|j|\u2606hackilla15\n|t:|1700073773\n|gametype|singles\n|player|p1|RedstoneTwitch|supernerd|1182\n|player|p2|hackilla15|ethan|1251\n|teamsize|p1|6\n|teamsize|p2|6\n|gen|9\n|tier|[Gen 9] National Dex\n|rated|\n|rule|HP Percentage Mod: HP is shown in percentages\n|rule|Endless Battle Clause: Forcing endless battles is banned\n|rule|OHKO Clause: OHKO moves are banned\n|rule|Evasion Clause: Evasion abilities, items, and moves are banned\n|rule|Evasion Abilities Clause: Evasion abilities are banned\n|rule|Evasion Items Clause: Evasion items are banned\n|rule|Evasion Moves Clause: Evasion moves are banned\n|rule|Species Clause: Limit one of each Pok\u00e9mon\n|rule|Sleep Clause Mod: Limit one foe put to sleep\n|clearpoke\n|poke|p1|Haxorus, M|\n|poke|p1|Primarina, F|\n|poke|p1|Orthworm, M|\n|poke|p1|Butterfree, M|\n|poke|p1|Dunsparce, M|\n|poke|p1|Absol, F|\n|poke|p2|Clodsire, F|\n|poke|p2|Poliwrath, M|\n|poke|p2|Volcarona, F|\n|poke|p2|Ribombee, F|\n|poke|p2|Venusaur, M|\n|poke|p2|Krookodile, M|\n|teampreview\n|inactive|Battle timer is ON: inactive players will automatically lose when time's up. (requested by hackilla15)\n|\n|t:|1700073787\n|start\n|switch|p1a: Butterfree|Butterfree, M|100\/100\n|switch|p2a: Ribombee|Ribombee, F, shiny|100\/100\n|turn|1\n|\n|t:|1700073804\n|move|p2a: Ribombee|Sticky Web|p1a: Butterfree\n|-sidestart|p1: RedstoneTwitch|move: Sticky Web\n|move|p1a: Butterfree|Quiver Dance|p1a: Butterfree\n|-boost|p1a: Butterfree|spa|1\n|-boost|p1a: Butterfree|spd|1\n|-boost|p1a: Butterfree|spe|1\n|\n|upkeep\n|turn|2\n|\n|t:|1700073810\n|move|p1a: Butterfree|Quiver Dance|p1a: Butterfree\n|-boost|p1a: Butterfree|spa|1\n|-boost|p1a: Butterfree|spd|1\n|-boost|p1a: Butterfree|spe|1\n|move|p2a: Ribombee|Stun Spore|p1a: Butterfree\n|-status|p1a: Butterfree|par\n|\n|upkeep\n|turn|3\n|\n|t:|1700073818\n|move|p2a: Ribombee|Quiver Dance|p2a: Ribombee\n|-boost|p2a: Ribombee|spa|1\n|-boost|p2a: Ribombee|spd|1\n|-boost|p2a: Ribombee|spe|1\n|cant|p1a: Butterfree|par\n|\n|upkeep\n|turn|4\n|\n|t:|1700073827\n|move|p2a: Ribombee|Quiver Dance|p2a: Ribombee\n|-boost|p2a: Ribombee|spa|1\n|-boost|p2a: Ribombee|spd|1\n|-boost|p2a: Ribombee|spe|1\n|move|p1a: Butterfree|Giga Drain|p2a: Ribombee\n|-resisted|p2a: Ribombee\n|-damage|p2a: Ribombee|73\/100\n|\n|upkeep\n|turn|5\n|\n|t:|1700073835\n|move|p2a: Ribombee|Moonblast|p1a: Butterfree\n|-damage|p1a: Butterfree|38\/100 par\n|move|p1a: Butterfree|Bug Buzz|p2a: Ribombee\n|-resisted|p2a: Ribombee\n|-damage|p2a: Ribombee|21\/100\n|\n|upkeep\n|turn|6\n|\n|t:|1700073843\n|move|p1a: Butterfree|Protect|p1a: Butterfree\n|-singleturn|p1a: Butterfree|Protect\n|move|p2a: Ribombee|Moonblast|p1a: Butterfree\n|-activate|p1a: Butterfree|move: Protect\n|\n|upkeep\n|turn|7\n|\n|t:|1700073849\n|move|p2a: Ribombee|Moonblast|p1a: Butterfree\n|-damage|p1a: Butterfree|0 fnt\n|faint|p1a: Butterfree\n|\n|upkeep\n|\n|t:|1700073856\n|switch|p1a: Absol|Absol, F|100\/100\n|-activate|p1a: Absol|move: Sticky Web\n|-unboost|p1a: Absol|spe|1\n|-ability|p1a: Absol|Pressure\n|turn|8\n|\n|t:|1700073865\n|detailschange|p1a: Absol|Absol-Mega, F\n|-mega|p1a: Absol|Absol|Absolite\n|move|p1a: Absol|Sucker Punch||[still]\n|-fail|p1a: Absol\n|move|p2a: Ribombee|Stun Spore|p1a: Absol\n|move|p1a: Absol|Stun Spore|p2a: Ribombee|[from]ability: Magic Bounce|[miss]\n|-miss|p1a: Absol|p2a: Ribombee\n|\n|upkeep\n|turn|9\n|\n|t:|1700073876\n|move|p1a: Absol|Sucker Punch|p2a: Ribombee\n|-resisted|p2a: Ribombee\n|-damage|p2a: Ribombee|0 fnt\n|faint|p2a: Ribombee\n|\n|upkeep\n|\n|t:|1700073881\n|switch|p2a: Poliwrath|Poliwrath, M, shiny|100\/100\n|turn|10\n|\n|t:|1700073888\n|move|p1a: Absol|Sucker Punch|p2a: Poliwrath\n|-resisted|p2a: Poliwrath\n|-damage|p2a: Poliwrath|81\/100\n|move|p2a: Poliwrath|Power-Up Punch|p1a: Absol\n|-supereffective|p1a: Absol\n|-damage|p1a: Absol|31\/100\n|-boost|p2a: Poliwrath|atk|1\n|\n|upkeep\n|turn|11\n|\n|t:|1700073900\n|move|p1a: Absol|Knock Off|p2a: Poliwrath\n|-resisted|p2a: Poliwrath\n|-damage|p2a: Poliwrath|56\/100\n|-enditem|p2a: Poliwrath|Assault Vest|[from] move: Knock Off|[of] p1a: Absol\n|move|p2a: Poliwrath|Power-Up Punch|p1a: Absol\n|-supereffective|p1a: Absol\n|-damage|p1a: Absol|0 fnt\n|-boost|p2a: Poliwrath|atk|1\n|faint|p1a: Absol\n|\n|upkeep\n|\n|t:|1700073911\n|switch|p1a: Primarina|Primarina, F|100\/100\n|-activate|p1a: Primarina|move: Sticky Web\n|-unboost|p1a: Primarina|spe|1\n|turn|12\n|\n|t:|1700073917\n|move|p2a: Poliwrath|Poison Jab|p1a: Primarina\n|-supereffective|p1a: Primarina\n|-damage|p1a: Primarina|3\/100\n|move|p1a: Primarina|Draining Kiss|p2a: Poliwrath\n|-supereffective|p2a: Poliwrath\n|-damage|p2a: Poliwrath|12\/100\n|-heal|p1a: Primarina|43\/100|[from] drain|[of] p2a: Poliwrath\n|\n|-heal|p1a: Primarina|49\/100|[from] item: Leftovers\n|upkeep\n|turn|13\n|\n|t:|1700073926\n|switch|p1a: Orthworm|Orthworm, M|100\/100\n|-activate|p1a: Orthworm|move: Sticky Web\n|-unboost|p1a: Orthworm|spe|1\n|move|p2a: Poliwrath|Poison Jab|p1a: Orthworm\n|-immune|p1a: Orthworm\n|\n|upkeep\n|turn|14\n|\n|t:|1700073935\n|move|p2a: Poliwrath|Drain Punch|p1a: Orthworm\n|-supereffective|p1a: Orthworm\n|-damage|p1a: Orthworm|20\/100\n|-heal|p2a: Poliwrath|50\/100|[from] drain|[of] p1a: Orthworm\n|move|p1a: Orthworm|Body Press|p2a: Poliwrath\n|-damage|p2a: Poliwrath|23\/100\n|\n|-heal|p1a: Orthworm|26\/100|[from] item: Leftovers\n|upkeep\n|turn|15\n|\n|t:|1700073946\n|move|p1a: Orthworm|Protect|p1a: Orthworm\n|-singleturn|p1a: Orthworm|Protect\n|move|p2a: Poliwrath|Drain Punch|p1a: Orthworm\n|-activate|p1a: Orthworm|move: Protect\n|\n|-heal|p1a: Orthworm|32\/100|[from] item: Leftovers\n|upkeep\n|turn|16\n|\n|t:|1700073953\n|move|p2a: Poliwrath|Drain Punch|p1a: Orthworm\n|-supereffective|p1a: Orthworm\n|-damage|p1a: Orthworm|0 fnt\n|-heal|p2a: Poliwrath|39\/100|[from] drain|[of] p1a: Orthworm\n|faint|p1a: Orthworm\n|\n|upkeep\n|\n|t:|1700073959\n|switch|p1a: Haxorus|Haxorus, M|100\/100\n|-activate|p1a: Haxorus|move: Sticky Web\n|-unboost|p1a: Haxorus|spe|1\n|-ability|p1a: Haxorus|Mold Breaker\n|turn|17\n|\n|t:|1700073973\n|move|p1a: Haxorus|Dragon Claw|p2a: Poliwrath\n|-damage|p2a: Poliwrath|1\/100\n|move|p2a: Poliwrath|Drain Punch|p1a: Haxorus\n|-damage|p1a: Haxorus|20\/100\n|-heal|p2a: Poliwrath|34\/100|[from] drain|[of] p1a: Haxorus\n|\n|upkeep\n|turn|18\n|\n|t:|1700073982\n|move|p1a: Haxorus|Dragon Claw|p2a: Poliwrath\n|-damage|p2a: Poliwrath|0 fnt\n|faint|p2a: Poliwrath\n|\n|upkeep\n|\n|t:|1700073990\n|switch|p2a: Volcarona|Volcarona, F, shiny|100\/100\n|turn|19\n|\n|t:|1700073999\n|move|p2a: Volcarona|Quiver Dance|p2a: Volcarona\n|-boost|p2a: Volcarona|spa|1\n|-boost|p2a: Volcarona|spd|1\n|-boost|p2a: Volcarona|spe|1\n|move|p1a: Haxorus|Earthquake|p2a: Volcarona\n|-damage|p2a: Volcarona|58\/100\n|\n|upkeep\n|turn|20\n|\n|t:|1700074009\n|move|p2a: Volcarona|Bug Buzz|p1a: Haxorus\n|-damage|p1a: Haxorus|0 fnt\n|faint|p1a: Haxorus\n|\n|upkeep\n|\n|t:|1700074013\n|switch|p1a: Primarina|Primarina, F|49\/100\n|-activate|p1a: Primarina|move: Sticky Web\n|-unboost|p1a: Primarina|spe|1\n|turn|21\n|\n|t:|1700074019\n|-terastallize|p1a: Primarina|Water\n|move|p2a: Volcarona|Giga Drain|p1a: Primarina\n|-supereffective|p1a: Primarina\n|-damage|p1a: Primarina|0 fnt\n|-heal|p2a: Volcarona|80\/100|[from] drain|[of] p1a: Primarina\n|faint|p1a: Primarina\n|\n|upkeep\n|\n|t:|1700074025\n|switch|p1a: Dunsparce|Dunsparce, M|100\/100\n|-activate|p1a: Dunsparce|move: Sticky Web\n|-unboost|p1a: Dunsparce|spe|1\n|turn|22\n|\n|t:|1700074031\n|-terastallize|p2a: Volcarona|Grass\n|move|p2a: Volcarona|Giga Drain|p1a: Dunsparce\n|-damage|p1a: Dunsparce|61\/100\n|-heal|p2a: Volcarona|100\/100|[from] drain|[of] p1a: Dunsparce\n|move|p1a: Dunsparce|Body Slam|p2a: Volcarona\n|-damage|p2a: Volcarona|79\/100\n|-status|p1a: Dunsparce|brn|[from] ability: Flame Body|[of] p2a: Volcarona\n|\n|-damage|p1a: Dunsparce|55\/100 brn|[from] brn\n|upkeep\n|turn|23\n|\n|t:|1700074042\n|move|p2a: Volcarona|Giga Drain|p1a: Dunsparce\n|-crit|p1a: Dunsparce\n|-damage|p1a: Dunsparce|0 fnt\n|-heal|p2a: Volcarona|100\/100|[from] drain|[of] p1a: Dunsparce\n|faint|p1a: Dunsparce\n|\n|win|hackilla15\n|raw|RedstoneTwitch's rating: 1182 &rarr; <strong>1162<\/strong><br \/>(-20 for losing)\n|raw|hackilla15's rating: 1251 &rarr; <strong>1271<\/strong><br \/>(+20 for winning)\n|l|\u2606RedstoneTwitch\n","uploadtime":1700074083,"views":10,"p1id":"redstonetwitch","p2id":"hackilla15","formatid":"gen9nationaldex","rating":1162,"private":0,"password":""}