{"id":"gen9nationaldex-1991624008","p1":"spylentgoat","p2":"DJRRRR","format":"[Gen 9] National Dex","log":"|j|\u2606spylentgoat\n|j|\u2606DJRRRR\n|t:|1700095471\n|gametype|singles\n|player|p1|spylentgoat|palmer|1394\n|player|p2|DJRRRR|roxie|1318\n|teamsize|p1|6\n|teamsize|p2|6\n|gen|9\n|tier|[Gen 9] National Dex\n|rated|\n|rule|HP Percentage Mod: HP is shown in percentages\n|rule|Endless Battle Clause: Forcing endless battles is banned\n|rule|OHKO Clause: OHKO moves are banned\n|rule|Evasion Clause: Evasion abilities, items, and moves are banned\n|rule|Evasion Abilities Clause: Evasion abilities are banned\n|rule|Evasion Items Clause: Evasion items are banned\n|rule|Evasion Moves Clause: Evasion moves are banned\n|rule|Species Clause: Limit one of each Pok\u00e9mon\n|rule|Sleep Clause Mod: Limit one foe put to sleep\n|clearpoke\n|poke|p1|Tapu Koko|\n|poke|p1|Barraskewda, F|\n|poke|p1|Pelipper, F|\n|poke|p1|Sneasler, F|\n|poke|p1|Gliscor, M|\n|poke|p1|Ferrothorn, M|\n|poke|p2|Banette, M|\n|poke|p2|Greninja-*, M|\n|poke|p2|Dragonite, F|\n|poke|p2|Iron Valiant|\n|poke|p2|Tapu Koko|\n|poke|p2|Rillaboom, F|\n|teampreview\n|inactive|Battle timer is ON: inactive players will automatically lose when time's up. (requested by spylentgoat)\n|\n|t:|1700095482\n|start\n|switch|p1a: Gliscor|Gliscor, M|100\/100\n|switch|p2a: Tapu Koko|Tapu Koko|100\/100\n|-fieldstart|move: Electric Terrain|[from] ability: Electric Surge|[of] p2a: Tapu Koko\n|turn|1\n|\n|t:|1700095486\n|move|p2a: Tapu Koko|U-turn|p1a: Gliscor\n|-resisted|p1a: Gliscor\n|-damage|p1a: Gliscor|95\/100\n|\n|t:|1700095491\n|switch|p2a: Iron Valiant|Iron Valiant|100\/100|[from] U-turn\n|-activate|p2a: Iron Valiant|ability: Quark Drive\n|-start|p2a: Iron Valiant|quarkdrivespe\n|move|p1a: Gliscor|Stealth Rock|p2a: Iron Valiant\n|-sidestart|p2: DJRRRR|move: Stealth Rock\n|\n|-status|p1a: Gliscor|tox|[from] item: Toxic Orb\n|upkeep\n|turn|2\n|\n|t:|1700095507\n|move|p2a: Iron Valiant|Encore|p1a: Gliscor\n|-start|p1a: Gliscor|Encore\n|move|p1a: Gliscor|Stealth Rock||[still]\n|-fail|p1a: Gliscor\n|\n|-heal|p1a: Gliscor|100\/100 tox|[from] ability: Poison Heal\n|upkeep\n|turn|3\n|\n|t:|1700095511\n|switch|p1a: Ferrothorn|Ferrothorn, M|100\/100\n|move|p2a: Iron Valiant|Swords Dance|p2a: Iron Valiant\n|-boost|p2a: Iron Valiant|atk|2\n|\n|upkeep\n|turn|4\n|\n|t:|1700095524\n|move|p2a: Iron Valiant|Close Combat|p1a: Ferrothorn\n|-supereffective|p1a: Ferrothorn\n|-damage|p1a: Ferrothorn|0 fnt\n|-unboost|p2a: Iron Valiant|def|1\n|-unboost|p2a: Iron Valiant|spd|1\n|-damage|p2a: Iron Valiant|88\/100|[from] ability: Iron Barbs|[of] p1a: Ferrothorn\n|faint|p1a: Ferrothorn\n|-damage|p2a: Iron Valiant|78\/100|[from] item: Life Orb\n|\n|upkeep\n|\n|t:|1700095531\n|switch|p1a: Sneasler|Sneasler, F|100\/100\n|-enditem|p1a: Sneasler|Electric Seed\n|-boost|p1a: Sneasler|def|1|[from] item: Electric Seed\n|turn|5\n|\n|t:|1700095542\n|-terastallize|p2a: Iron Valiant|Steel\n|move|p1a: Sneasler|Acrobatics|p2a: Iron Valiant\n|-resisted|p2a: Iron Valiant\n|-damage|p2a: Iron Valiant|41\/100\n|move|p2a: Iron Valiant|Encore|p1a: Sneasler\n|-start|p1a: Sneasler|Encore\n|\n|-fieldend|move: Electric Terrain\n|-end|p2a: Iron Valiant|Quark Drive\n|upkeep\n|turn|6\n|\n|t:|1700095553\n|move|p1a: Sneasler|Acrobatics|p2a: Iron Valiant\n|-resisted|p2a: Iron Valiant\n|-damage|p2a: Iron Valiant|6\/100\n|move|p2a: Iron Valiant|Close Combat|p1a: Sneasler\n|-resisted|p1a: Sneasler\n|-damage|p1a: Sneasler|15\/100\n|-unboost|p2a: Iron Valiant|def|1\n|-unboost|p2a: Iron Valiant|spd|1\n|-damage|p2a: Iron Valiant|0 fnt|[from] item: Life Orb\n|faint|p2a: Iron Valiant\n|-end|p2a: Iron Valiant|Quark Drive|[silent]\n|\n|upkeep\n|\n|t:|1700095566\n|switch|p2a: Greninja|Greninja, M|100\/100\n|-damage|p2a: Greninja|88\/100|[from] Stealth Rock\n|turn|7\n|\n|t:|1700095571\n|switch|p1a: Pelipper|Pelipper, F|100\/100\n|-weather|RainDance|[from] ability: Drizzle|[of] p1a: Pelipper\n|move|p2a: Greninja|Water Shuriken|p1a: Pelipper\n|-resisted|p1a: Pelipper\n|-damage|p1a: Pelipper|94\/100\n|-resisted|p1a: Pelipper\n|-damage|p1a: Pelipper|87\/100\n|-resisted|p1a: Pelipper\n|-damage|p1a: Pelipper|81\/100\n|-resisted|p1a: Pelipper\n|-damage|p1a: Pelipper|74\/100\n|-hitcount|p1a: Pelipper|4\n|-damage|p2a: Greninja|78\/100|[from] item: Life Orb\n|\n|-weather|RainDance|[upkeep]\n|upkeep\n|turn|8\n|\n|t:|1700095584\n|move|p2a: Greninja|Protect|p2a: Greninja\n|-singleturn|p2a: Greninja|Protect\n|move|p1a: Pelipper|U-turn|p2a: Greninja\n|-activate|p2a: Greninja|move: Protect\n|\n|-weather|RainDance|[upkeep]\n|upkeep\n|turn|9\n|\n|t:|1700095599\n|switch|p2a: Banette|Banette, M|100\/100\n|-damage|p2a: Banette|88\/100|[from] Stealth Rock\n|move|p1a: Pelipper|U-turn|p2a: Banette\n|-resisted|p2a: Banette\n|-damage|p2a: Banette|81\/100\n|\n|t:|1700095604\n|switch|p1a: Sneasler|Sneasler, F|15\/100|[from] U-turn\n|\n|-weather|RainDance|[upkeep]\n|upkeep\n|turn|10\n|\n|t:|1700095616\n|detailschange|p2a: Banette|Banette-Mega, M\n|-mega|p2a: Banette|Banette|Banettite\n|move|p2a: Banette|Sucker Punch||[still]\n|-fail|p2a: Banette\n|move|p1a: Sneasler|Swords Dance|p1a: Sneasler\n|-boost|p1a: Sneasler|atk|2\n|\n|-weather|RainDance|[upkeep]\n|upkeep\n|turn|11\n|\n|t:|1700095624\n|move|p2a: Banette|Sucker Punch||[still]\n|-fail|p2a: Banette\n|move|p1a: Sneasler|Swords Dance|p1a: Sneasler\n|-boost|p1a: Sneasler|atk|2\n|\n|-weather|RainDance|[upkeep]\n|upkeep\n|turn|12\n|\n|t:|1700095629\n|move|p2a: Banette|Sucker Punch|p1a: Sneasler\n|-resisted|p1a: Sneasler\n|-damage|p1a: Sneasler|0 fnt\n|faint|p1a: Sneasler\n|\n|-weather|RainDance|[upkeep]\n|upkeep\n|\n|t:|1700095634\n|switch|p1a: Barraskewda|Barraskewda, F|100\/100\n|turn|13\n|\n|t:|1700095643\n|switch|p1a: Tapu Koko|Tapu Koko|100\/100\n|-fieldstart|move: Electric Terrain|[from] ability: Electric Surge|[of] p1a: Tapu Koko\n|move|p2a: Banette|Destiny Bond|p2a: Banette\n|-singlemove|p2a: Banette|Destiny Bond\n|\n|-weather|RainDance|[upkeep]\n|upkeep\n|turn|14\n|\n|t:|1700095650\n|switch|p2a: Rillaboom|Rillaboom, F|100\/100\n|-damage|p2a: Rillaboom|88\/100|[from] Stealth Rock\n|-fieldstart|move: Grassy Terrain|[from] ability: Grassy Surge|[of] p2a: Rillaboom\n|move|p1a: Tapu Koko|Volt Switch|p2a: Rillaboom\n|-resisted|p2a: Rillaboom\n|-damage|p2a: Rillaboom|68\/100\n|\n|t:|1700095658\n|switch|p1a: Pelipper|Pelipper, F|74\/100|[from] Volt Switch\n|\n|-weather|none\n|-heal|p2a: Rillaboom|74\/100|[from] Grassy Terrain\n|upkeep\n|turn|15\n|\n|t:|1700095668\n|switch|p1a: Tapu Koko|Tapu Koko|100\/100\n|-fieldstart|move: Electric Terrain|[from] ability: Electric Surge|[of] p1a: Tapu Koko\n|move|p2a: Rillaboom|Wood Hammer|p1a: Tapu Koko\n|-damage|p1a: Tapu Koko|0 fnt\n|faint|p1a: Tapu Koko\n|-damage|p2a: Rillaboom|47\/100|[from] Recoil\n|\n|upkeep\n|\n|t:|1700095674\n|switch|p1a: Pelipper|Pelipper, F|74\/100\n|-weather|RainDance|[from] ability: Drizzle|[of] p1a: Pelipper\n|turn|16\n|\n|t:|1700095679\n|move|p2a: Rillaboom|Wood Hammer|p1a: Pelipper\n|-damage|p1a: Pelipper|0 fnt\n|faint|p1a: Pelipper\n|-damage|p2a: Rillaboom|24\/100|[from] Recoil\n|\n|-weather|RainDance|[upkeep]\n|upkeep\n|\n|t:|1700095684\n|switch|p1a: Barraskewda|Barraskewda, F|100\/100\n|turn|17\n|\n|t:|1700095689\n|switch|p2a: Dragonite|Dragonite, F|100\/100\n|-terastallize|p1a: Barraskewda|Water\n|move|p1a: Barraskewda|Liquidation|p2a: Dragonite\n|-resisted|p2a: Dragonite\n|-damage|p2a: Dragonite|67\/100\n|-unboost|p2a: Dragonite|def|1\n|\n|-weather|RainDance|[upkeep]\n|upkeep\n|turn|18\n|\n|t:|1700095700\n|switch|p2a: Tapu Koko|Tapu Koko|100\/100\n|-damage|p2a: Tapu Koko|88\/100|[from] Stealth Rock\n|move|p1a: Barraskewda|Liquidation|p2a: Tapu Koko\n|-damage|p2a: Tapu Koko|0 fnt\n|faint|p2a: Tapu Koko\n|\n|-weather|RainDance|[upkeep]\n|upkeep\n|\n|t:|1700095711\n|switch|p2a: Banette|Banette-Mega, M|81\/100\n|-damage|p2a: Banette|69\/100|[from] Stealth Rock\n|turn|19\n|\n|t:|1700095718\n|switch|p1a: Gliscor|Gliscor, M|100\/100 tox\n|move|p2a: Banette|Poltergeist|p1a: Gliscor\n|-activate|p1a: Gliscor|move: Poltergeist|Toxic Orb\n|-damage|p1a: Gliscor|48\/100 tox\n|\n|-weather|RainDance|[upkeep]\n|-heal|p1a: Gliscor|60\/100 tox|[from] ability: Poison Heal\n|-fieldend|move: Electric Terrain\n|upkeep\n|turn|20\n|\n|t:|1700095729\n|move|p2a: Banette|Taunt|p1a: Gliscor\n|-start|p1a: Gliscor|move: Taunt\n|move|p1a: Gliscor|U-turn|p2a: Banette\n|-resisted|p2a: Banette\n|-damage|p2a: Banette|56\/100\n|l|\u2606spylentgoat\n|inactive|spylentgoat disconnected and has a minute to reconnect!\n|player|p1|\n|j|\u2606spylentgoat\n|inactive|spylentgoat reconnected and has 130 seconds left.\n|player|p1|spylentgoat|palmer\n|\n|t:|1700095751\n|switch|p1a: Barraskewda|Barraskewda, F, tera:Water|100\/100|[from] U-turn\n|\n|-weather|RainDance|[upkeep]\n|upkeep\n|turn|21\n|\n|t:|1700095759\n|switch|p2a: Dragonite|Dragonite, F|67\/100\n|move|p1a: Barraskewda|Flip Turn|p2a: Dragonite\n|-resisted|p2a: Dragonite\n|-damage|p2a: Dragonite|24\/100\n|\n|t:|1700095762\n|switch|p1a: Gliscor|Gliscor, M|60\/100 tox|[from] Flip Turn\n|\n|-weather|RainDance|[upkeep]\n|-heal|p1a: Gliscor|73\/100 tox|[from] ability: Poison Heal\n|upkeep\n|turn|22\n|\n|t:|1700095768\n|move|p1a: Gliscor|U-turn|p2a: Dragonite\n|-resisted|p2a: Dragonite\n|-damage|p2a: Dragonite|17\/100\n|\n|t:|1700095771\n|switch|p1a: Barraskewda|Barraskewda, F, tera:Water|100\/100|[from] U-turn\n|move|p2a: Dragonite|Roost|p2a: Dragonite\n|-heal|p2a: Dragonite|67\/100\n|-singleturn|p2a: Dragonite|move: Roost\n|\n|-weather|RainDance|[upkeep]\n|upkeep\n|turn|23\n|inactive|DJRRRR has 120 seconds left.\n|\n|t:|1700095802\n|move|p2a: Dragonite|Extreme Speed|p1a: Barraskewda\n|-damage|p1a: Barraskewda|45\/100\n|move|p1a: Barraskewda|Liquidation|p2a: Dragonite\n|-resisted|p2a: Dragonite\n|-damage|p2a: Dragonite|2\/100\n|\n|-weather|none\n|upkeep\n|turn|24\n|\n|t:|1700095805\n|move|p2a: Dragonite|Extreme Speed|p1a: Barraskewda\n|-damage|p1a: Barraskewda|0 fnt\n|faint|p1a: Barraskewda\n|\n|upkeep\n|\n|t:|1700095808\n|switch|p1a: Gliscor|Gliscor, M|73\/100 tox\n|turn|25\n|\n|t:|1700095813\n|move|p2a: Dragonite|Extreme Speed|p1a: Gliscor\n|-damage|p1a: Gliscor|51\/100 tox\n|move|p1a: Gliscor|U-turn|p2a: Dragonite\n|-resisted|p2a: Dragonite\n|-damage|p2a: Dragonite|0 fnt\n|faint|p2a: Dragonite\n|\n|-heal|p1a: Gliscor|64\/100 tox|[from] ability: Poison Heal\n|upkeep\n|\n|t:|1700095820\n|switch|p2a: Banette|Banette-Mega, M|56\/100\n|-damage|p2a: Banette|44\/100|[from] Stealth Rock\n|turn|26\n|\n|t:|1700095848\n|move|p2a: Banette|Taunt|p1a: Gliscor\n|-start|p1a: Gliscor|move: Taunt\n|cant|p1a: Gliscor|move: Taunt|Roost\n|\n|-heal|p1a: Gliscor|76\/100 tox|[from] ability: Poison Heal\n|upkeep\n|turn|27\n|\n|t:|1700095859\n|move|p2a: Banette|Poltergeist|p1a: Gliscor\n|-activate|p1a: Gliscor|move: Poltergeist|Toxic Orb\n|-damage|p1a: Gliscor|27\/100 tox\n|move|p1a: Gliscor|U-turn|p2a: Banette\n|-resisted|p2a: Banette\n|-damage|p2a: Banette|31\/100\n|\n|-heal|p1a: Gliscor|39\/100 tox|[from] ability: Poison Heal\n|upkeep\n|turn|28\n|inactive|spylentgoat has 120 seconds left.\n|\n|t:|1700095892\n|move|p2a: Banette|Poltergeist|p1a: Gliscor\n|-activate|p1a: Gliscor|move: Poltergeist|Toxic Orb\n|-damage|p1a: Gliscor|0 fnt\n|faint|p1a: Gliscor\n|\n|win|DJRRRR\n|raw|spylentgoat's rating: 1394 &rarr; <strong>1370<\/strong><br \/>(-24 for losing)\n|raw|DJRRRR's rating: 1318 &rarr; <strong>1342<\/strong><br \/>(+24 for winning)\n|l|\u2606spylentgoat\n","uploadtime":1700095901,"views":4,"p1id":"spylentgoat","p2id":"djrrrr","formatid":"gen9nationaldex","rating":1342,"private":0,"password":""}