{"id":"gen9nationaldex-1991407473","p1":"Scelvus","p2":"Starscream is yum","format":"[Gen 9] National Dex","log":"|j|\u2606Scelvus\n|j|\u2606Starscream is yum\n|t:|1700074527\n|gametype|singles\n|player|p1|Scelvus|red|1045\n|player|p2|Starscream is yum|101|1000\n|teamsize|p1|6\n|teamsize|p2|6\n|gen|9\n|tier|[Gen 9] National Dex\n|rated|\n|rule|HP Percentage Mod: HP is shown in percentages\n|rule|Endless Battle Clause: Forcing endless battles is banned\n|rule|OHKO Clause: OHKO moves are banned\n|rule|Evasion Clause: Evasion abilities, items, and moves are banned\n|rule|Evasion Abilities Clause: Evasion abilities are banned\n|rule|Evasion Items Clause: Evasion items are banned\n|rule|Evasion Moves Clause: Evasion moves are banned\n|rule|Species Clause: Limit one of each Pok\u00e9mon\n|rule|Sleep Clause Mod: Limit one foe put to sleep\n|clearpoke\n|poke|p1|Gengar, F|\n|poke|p1|Minior|\n|poke|p1|Kingdra, F|\n|poke|p1|Xurkitree|\n|poke|p1|Manaphy|\n|poke|p1|Cloyster, F|\n|poke|p2|Lopunny, M|\n|poke|p2|Kangaskhan, F|\n|poke|p2|Houndstone, F|\n|poke|p2|Raticate, M|\n|poke|p2|Mimikyu, M|\n|poke|p2|Iron Valiant|\n|teampreview\n|\n|t:|1700074553\n|start\n|switch|p1a: Minors|Minior|100\/100\n|switch|p2a: Fluffy|Lopunny, M, shiny|100\/100\n|-formechange|p1a: Minors|Minior-Meteor||[from] ability: Shields Down\n|turn|1\n|\n|t:|1700074568\n|detailschange|p2a: Fluffy|Lopunny-Mega, M, shiny\n|-mega|p2a: Fluffy|Lopunny|Lopunnite\n|move|p2a: Fluffy|Triple Axel|p1a: Minors\n|-supereffective|p1a: Minors\n|-damage|p1a: Minors|81\/100\n|-supereffective|p1a: Minors\n|-damage|p1a: Minors|42\/100\n|-supereffective|p1a: Minors\n|-damage|p1a: Minors|0 fnt\n|faint|p1a: Minors\n|-hitcount|p1: Minors|3\n|\n|upkeep\n|c|\u2606Scelvus|dang\n|c|\u2606Scelvus|uh\n|c|\u2606Scelvus|welp\n|\n|t:|1700074589\n|switch|p1a: Jerkmywee|Xurkitree, shiny|100\/100\n|turn|2\n|\n|t:|1700074598\n|move|p2a: Fluffy|Return|p1a: Jerkmywee\n|-damage|p1a: Jerkmywee|21\/100\n|move|p1a: Jerkmywee|Electric Terrain|p1a: Jerkmywee\n|-fieldstart|move: Electric Terrain\n|\n|-heal|p1a: Jerkmywee|27\/100|[from] item: Leftovers\n|upkeep\n|turn|3\n|\n|t:|1700074605\n|move|p2a: Fluffy|Drain Punch|p1a: Jerkmywee\n|-damage|p1a: Jerkmywee|0 fnt\n|faint|p1a: Jerkmywee\n|\n|upkeep\n|\n|t:|1700074619\n|switch|p1a: Substance|Manaphy|100\/100\n|turn|4\n|\n|t:|1700074628\n|move|p2a: Fluffy|Return|p1a: Substance\n|-damage|p1a: Substance|42\/100\n|move|p1a: Substance|Hail|p1a: Substance\n|-weather|Hail\n|\n|-weather|Hail|[upkeep]\n|-damage|p2a: Fluffy|95\/100|[from] Hail\n|-damage|p1a: Substance|36\/100|[from] Hail\n|upkeep\n|turn|5\n|\n|t:|1700074636\n|move|p2a: Fluffy|Return|p1a: Substance\n|-damage|p1a: Substance|0 fnt\n|faint|p1a: Substance\n|\n|-weather|Hail|[upkeep]\n|-damage|p2a: Fluffy|89\/100|[from] Hail\n|upkeep\n|\n|t:|1700074642\n|switch|p1a: Geg|Gengar, F|100\/100\n|turn|6\n|\n|t:|1700074651\n|move|p2a: Fluffy|Return|p1a: Geg\n|-damage|p1a: Geg|0 fnt\n|faint|p1a: Geg\n|\n|-weather|Hail|[upkeep]\n|-damage|p2a: Fluffy|83\/100|[from] Hail\n|-fieldend|move: Electric Terrain\n|upkeep\n|\n|t:|1700074658\n|switch|p1a: Squirt Master|Cloyster, F, shiny|100\/100\n|turn|7\n|\n|t:|1700074663\n|move|p2a: Fluffy|Drain Punch|p1a: Squirt Master\n|-supereffective|p1a: Squirt Master\n|-damage|p1a: Squirt Master|30\/100\n|-heal|p2a: Fluffy|100\/100|[from] drain|[of] p1a: Squirt Master\n|move|p1a: Squirt Master|Icicle Spear|p2a: Fluffy\n|-damage|p2a: Fluffy|85\/100\n|-damage|p2a: Fluffy|70\/100\n|-damage|p2a: Fluffy|54\/100\n|-damage|p2a: Fluffy|38\/100\n|-damage|p2a: Fluffy|22\/100\n|-hitcount|p2a: Fluffy|5\n|\n|-weather|Hail|[upkeep]\n|-damage|p2a: Fluffy|16\/100|[from] Hail\n|upkeep\n|turn|8\n|\n|t:|1700074690\n|move|p2a: Fluffy|Drain Punch|p1a: Squirt Master\n|-supereffective|p1a: Squirt Master\n|-damage|p1a: Squirt Master|0 fnt\n|-heal|p2a: Fluffy|29\/100|[from] drain|[of] p1a: Squirt Master\n|faint|p1a: Squirt Master\n|\n|-weather|Hail|[upkeep]\n|-damage|p2a: Fluffy|23\/100|[from] Hail\n|upkeep\n|\n|t:|1700074698\n|switch|p1a: Kinger|Kingdra, F|100\/100\n|turn|9\n|\n|t:|1700074700\n|move|p2a: Fluffy|Return|p1a: Kinger\n|-damage|p1a: Kinger|27\/100\n|move|p1a: Kinger|Draco Meteor|p2a: Fluffy\n|-damage|p2a: Fluffy|0 fnt\n|-unboost|p1a: Kinger|spa|2\n|faint|p2a: Fluffy\n|\n|-weather|Hail|[upkeep]\n|-damage|p1a: Kinger|21\/100|[from] Hail\n|upkeep\n|\n|t:|1700074707\n|switch|p2a: Chip|Raticate, M, shiny|100\/100\n|turn|10\n|\n|t:|1700074717\n|move|p2a: Chip|Facade|p1a: Kinger\n|-damage|p1a: Kinger|0 fnt\n|faint|p1a: Kinger\n|\n|win|Starscream is yum\n|raw|Scelvus's rating: 1045 &rarr; <strong>1026<\/strong><br \/>(-19 for losing)\n|raw|Starscream is yum's rating: 1000 &rarr; <strong>1045<\/strong><br \/>(+45 for winning)\n|c|\u2606Scelvus|gg\n|c|\u2606Starscream is yum|Ggwp\n|l|\u2606Scelvus\n","uploadtime":1700074738,"views":15,"p1id":"scelvus","p2id":"starscreamisyum","formatid":"gen9nationaldex","rating":1026,"private":0,"password":""}