{"id":"gen9nationaldex-1989089088","p1":"loch2009","p2":"Misterio980","format":"[Gen 9] National Dex","log":"|j|\u2606loch2009\n|j|\u2606Misterio980\n|t:|1699810951\n|gametype|singles\n|player|p1|loch2009|lance|1101\n|player|p2|Misterio980|ethan|1131\n|teamsize|p1|6\n|teamsize|p2|6\n|gen|9\n|tier|[Gen 9] National Dex\n|rated|\n|rule|HP Percentage Mod: HP is shown in percentages\n|rule|Endless Battle Clause: Forcing endless battles is banned\n|rule|OHKO Clause: OHKO moves are banned\n|rule|Evasion Clause: Evasion abilities, items, and moves are banned\n|rule|Evasion Abilities Clause: Evasion abilities are banned\n|rule|Evasion Items Clause: Evasion items are banned\n|rule|Evasion Moves Clause: Evasion moves are banned\n|rule|Species Clause: Limit one of each Pok\u00e9mon\n|rule|Sleep Clause Mod: Limit one foe put to sleep\n|clearpoke\n|poke|p1|Alomomola, F|\n|poke|p1|Tapu Koko|\n|poke|p1|Sneasler, M|\n|poke|p1|Ferrothorn, M|\n|poke|p1|Swampert, F|\n|poke|p1|Pelipper, M|\n|poke|p2|Leavanny, F|\n|poke|p2|Kommo-o, M|\n|poke|p2|Skeledirge, M|\n|poke|p2|Quagsire, M|\n|poke|p2|Corviknight, M|\n|poke|p2|Grimmsnarl, M|\n|teampreview\n|c|\u2606loch2009|have fun\n|\n|t:|1699810972\n|start\n|switch|p1a: Tapu Koko|Tapu Koko|100\/100\n|switch|p2a: Leavanny|Leavanny, F|100\/100\n|-fieldstart|move: Electric Terrain|[from] ability: Electric Surge|[of] p1a: Tapu Koko\n|turn|1\n|\n|t:|1699810988\n|switch|p1a: Sneasler|Sneasler, M|100\/100\n|-enditem|p1a: Sneasler|Electric Seed\n|-boost|p1a: Sneasler|def|1|[from] item: Electric Seed\n|move|p2a: Leavanny|Sticky Web|p1a: Sneasler\n|-sidestart|p1: loch2009|move: Sticky Web\n|\n|upkeep\n|turn|2\n|\n|t:|1699811006\n|switch|p2a: Corviknight|Corviknight, M|100\/100\n|move|p1a: Sneasler|Dire Claw|p2a: Corviknight\n|-immune|p2a: Corviknight\n|\n|upkeep\n|turn|3\n|\n|t:|1699811021\n|switch|p1a: Tapu Koko|Tapu Koko|100\/100\n|-activate|p1a: Tapu Koko|move: Sticky Web\n|-unboost|p1a: Tapu Koko|spe|1\n|move|p2a: Corviknight|U-turn|p1a: Tapu Koko\n|-resisted|p1a: Tapu Koko\n|-damage|p1a: Tapu Koko|91\/100\n|\n|t:|1699811031\n|switch|p2a: Quagsire|Quagsire, M|100\/100|[from] U-turn\n|\n|upkeep\n|turn|4\n|\n|t:|1699811038\n|move|p1a: Tapu Koko|Reflect|p1a: Tapu Koko\n|-sidestart|p1: loch2009|Reflect\n|move|p2a: Quagsire|Yawn|p1a: Tapu Koko\n|-activate|p1a: Tapu Koko|move: Electric Terrain\n|\n|upkeep\n|turn|5\n|\n|t:|1699811044\n|move|p1a: Tapu Koko|Light Screen|p1a: Tapu Koko\n|-sidestart|p1: loch2009|move: Light Screen\n|move|p2a: Quagsire|Recover||[still]\n|-fail|p2a: Quagsire|heal\n|\n|-fieldend|move: Electric Terrain\n|upkeep\n|turn|6\n|\n|t:|1699811058\n|switch|p1a: Pelipper|Pelipper, M|100\/100\n|-weather|RainDance|[from] ability: Drizzle|[of] p1a: Pelipper\n|switch|p2a: Kommo-o|Kommo-o, M|100\/100\n|\n|-weather|RainDance|[upkeep]\n|upkeep\n|turn|7\n|\n|t:|1699811072\n|move|p2a: Kommo-o|Clangorous Soul|p2a: Kommo-o\n|-boost|p2a: Kommo-o|atk|1\n|-boost|p2a: Kommo-o|def|1\n|-boost|p2a: Kommo-o|spa|1\n|-boost|p2a: Kommo-o|spd|1\n|-boost|p2a: Kommo-o|spe|1\n|-damage|p2a: Kommo-o|68\/100\n|move|p1a: Pelipper|Hurricane|p2a: Kommo-o\n|-supereffective|p2a: Kommo-o\n|-damage|p2a: Kommo-o|0 fnt\n|faint|p2a: Kommo-o\n|\n|-weather|RainDance|[upkeep]\n|upkeep\n|\n|t:|1699811092\n|switch|p2a: Quagsire|Quagsire, M|100\/100\n|turn|8\n|c|\u2606loch2009|im not gonna u turn on a free hurricane\n|\n|t:|1699811099\n|move|p1a: Pelipper|Weather Ball|p2a: Quagsire\n|-damage|p2a: Quagsire|30\/100\n|move|p2a: Quagsire|Yawn|p1a: Pelipper\n|-start|p1a: Pelipper|move: Yawn|[of] p2a: Quagsire\n|\n|-weather|RainDance|[upkeep]\n|-heal|p2a: Quagsire|36\/100|[from] item: Leftovers\n|upkeep\n|turn|9\n|\n|t:|1699811116\n|switch|p2a: Corviknight|Corviknight, M|100\/100\n|move|p1a: Pelipper|U-turn|p2a: Corviknight\n|-resisted|p2a: Corviknight\n|-damage|p2a: Corviknight|99\/100\n|\n|t:|1699811123\n|switch|p1a: Tapu Koko|Tapu Koko|91\/100|[from] U-turn\n|-activate|p1a: Tapu Koko|move: Sticky Web\n|-unboost|p1a: Tapu Koko|spe|1\n|-fieldstart|move: Electric Terrain|[from] ability: Electric Surge|[of] p1a: Tapu Koko\n|\n|-weather|RainDance|[upkeep]\n|upkeep\n|turn|10\n|\n|t:|1699811136\n|switch|p1a: Ferrothorn|Ferrothorn, M|100\/100\n|-activate|p1a: Ferrothorn|move: Sticky Web\n|-unboost|p1a: Ferrothorn|spe|1\n|-terastallize|p2a: Corviknight|Ground\n|move|p2a: Corviknight|Body Slam|p1a: Ferrothorn\n|-resisted|p1a: Ferrothorn\n|-damage|p1a: Ferrothorn|97\/100\n|-damage|p2a: Corviknight|87\/100|[from] ability: Iron Barbs|[of] p1a: Ferrothorn\n|\n|-weather|RainDance|[upkeep]\n|-heal|p1a: Ferrothorn|100\/100|[from] item: Leftovers\n|upkeep\n|turn|11\n|\n|t:|1699811168\n|move|p2a: Corviknight|U-turn|p1a: Ferrothorn\n|-damage|p1a: Ferrothorn|96\/100\n|-damage|p2a: Corviknight|74\/100|[from] ability: Iron Barbs|[of] p1a: Ferrothorn\n|\n|t:|1699811178\n|switch|p2a: Grimmsnarl|Grimmsnarl, M|100\/100|[from] U-turn\n|move|p1a: Ferrothorn|Leech Seed|p2a: Grimmsnarl\n|-start|p2a: Grimmsnarl|move: Leech Seed\n|\n|-weather|RainDance|[upkeep]\n|-heal|p1a: Ferrothorn|100\/100|[from] item: Leftovers\n|-damage|p2a: Grimmsnarl|88\/100|[from] Leech Seed|[of] p1a: Ferrothorn\n|-sideend|p1: loch2009|Reflect\n|upkeep\n|turn|12\n|\n|t:|1699811189\n|move|p2a: Grimmsnarl|Trick|p1a: Ferrothorn\n|-activate|p2a: Grimmsnarl|move: Trick|[of] p1a: Ferrothorn\n|-item|p1a: Ferrothorn|Choice Specs|[from] move: Trick\n|-item|p2a: Grimmsnarl|Leftovers|[from] move: Trick\n|move|p1a: Ferrothorn|Gyro Ball|p2a: Grimmsnarl\n|-supereffective|p2a: Grimmsnarl\n|-damage|p2a: Grimmsnarl|0 fnt\n|faint|p2a: Grimmsnarl\n|\n|-weather|RainDance|[upkeep]\n|-sideend|p1: loch2009|move: Light Screen\n|upkeep\n|\n|t:|1699811203\n|switch|p2a: Skeledirge|Skeledirge, M|100\/100\n|turn|13\n|c|\u2606loch2009|specs grimsnarl\n|\n|t:|1699811210\n|switch|p1a: Tapu Koko|Tapu Koko|91\/100\n|-activate|p1a: Tapu Koko|move: Sticky Web\n|-unboost|p1a: Tapu Koko|spe|1\n|move|p2a: Skeledirge|Torch Song|p1a: Tapu Koko\n|-damage|p1a: Tapu Koko|66\/100\n|-boost|p2a: Skeledirge|spa|1\n|-enditem|p2a: Skeledirge|Throat Spray\n|-boost|p2a: Skeledirge|spa|1|[from] item: Throat Spray\n|\n|-weather|none\n|-fieldend|move: Electric Terrain\n|upkeep\n|turn|14\n|\n|t:|1699811223\n|move|p1a: Tapu Koko|Light Screen|p1a: Tapu Koko\n|-sidestart|p1: loch2009|move: Light Screen\n|move|p2a: Skeledirge|Shadow Ball|p1a: Tapu Koko\n|-damage|p1a: Tapu Koko|18\/100\n|\n|upkeep\n|turn|15\n|\n|t:|1699811231\n|move|p1a: Tapu Koko|Reflect|p1a: Tapu Koko\n|-sidestart|p1: loch2009|Reflect\n|move|p2a: Skeledirge|Torch Song|p1a: Tapu Koko\n|-damage|p1a: Tapu Koko|0 fnt\n|-boost|p2a: Skeledirge|spa|1\n|faint|p1a: Tapu Koko\n|\n|upkeep\n|\n|t:|1699811236\n|switch|p1a: Pelipper|Pelipper, M|100\/100\n|-weather|RainDance|[from] ability: Drizzle|[of] p1a: Pelipper\n|turn|16\n|\n|t:|1699811244\n|move|p2a: Skeledirge|Shadow Ball|p1a: Pelipper\n|-damage|p1a: Pelipper|48\/100\n|move|p1a: Pelipper|Weather Ball|p2a: Skeledirge\n|-supereffective|p2a: Skeledirge\n|-damage|p2a: Skeledirge|0 fnt\n|faint|p2a: Skeledirge\n|\n|-weather|RainDance|[upkeep]\n|upkeep\n|c|\u2606loch2009|ok\n|\n|t:|1699811256\n|switch|p2a: Leavanny|Leavanny, F|100\/100\n|turn|17\n|\n|t:|1699811266\n|move|p2a: Leavanny|Leaf Blade|p1a: Pelipper\n|-damage|p1a: Pelipper|29\/100\n|move|p1a: Pelipper|Hurricane|p2a: Leavanny\n|-supereffective|p2a: Leavanny\n|-enditem|p2a: Leavanny|Focus Sash\n|-damage|p2a: Leavanny|1\/100\n|\n|-weather|RainDance|[upkeep]\n|upkeep\n|turn|18\n|\n|t:|1699811277\n|move|p2a: Leavanny|Knock Off|p1a: Pelipper\n|-damage|p1a: Pelipper|14\/100\n|-enditem|p1a: Pelipper|Damp Rock|[from] move: Knock Off|[of] p2a: Leavanny\n|move|p1a: Pelipper|U-turn|p2a: Leavanny\n|-supereffective|p2a: Leavanny\n|-damage|p2a: Leavanny|0 fnt\n|faint|p2a: Leavanny\n|\n|t:|1699811300\n|switch|p1a: Swampert|Swampert, F|100\/100|[from] U-turn\n|-activate|p1a: Swampert|move: Sticky Web\n|-unboost|p1a: Swampert|spe|1\n|\n|-weather|RainDance|[upkeep]\n|upkeep\n|\n|t:|1699811308\n|switch|p2a: Corviknight|Corviknight, M, tera:Ground|74\/100\n|turn|19\n|\n|t:|1699811315\n|detailschange|p1a: Swampert|Swampert-Mega, F\n|-mega|p1a: Swampert|Swampert|Swampertite\n|move|p1a: Swampert|Power-Up Punch|p2a: Corviknight\n|-damage|p2a: Corviknight|62\/100\n|-boost|p1a: Swampert|atk|1\n|move|p2a: Corviknight|Iron Head|p1a: Swampert\n|-resisted|p1a: Swampert\n|-damage|p1a: Swampert|95\/100\n|\n|-weather|RainDance|[upkeep]\n|upkeep\n|turn|20\n|\n|t:|1699811325\n|move|p1a: Swampert|Power-Up Punch|p2a: Corviknight\n|-damage|p2a: Corviknight|41\/100\n|-boost|p1a: Swampert|atk|1\n|move|p2a: Corviknight|Body Slam|p1a: Swampert\n|-damage|p1a: Swampert|87\/100\n|\n|-weather|RainDance|[upkeep]\n|upkeep\n|turn|21\n|\n|t:|1699811334\n|move|p1a: Swampert|Power-Up Punch|p2a: Corviknight\n|-damage|p2a: Corviknight|15\/100\n|-boost|p1a: Swampert|atk|1\n|move|p2a: Corviknight|Body Slam|p1a: Swampert\n|-damage|p1a: Swampert|79\/100\n|-status|p1a: Swampert|par\n|\n|-weather|RainDance|[upkeep]\n|-sideend|p1: loch2009|move: Light Screen\n|upkeep\n|turn|22\n|c|\u2606loch2009|gg\n|\n|t:|1699811345\n|move|p2a: Corviknight|Iron Head|p1a: Swampert\n|-resisted|p1a: Swampert\n|-damage|p1a: Swampert|73\/100 par\n|move|p1a: Swampert|Power-Up Punch|p2a: Corviknight\n|-crit|p2a: Corviknight\n|-damage|p2a: Corviknight|0 fnt\n|-boost|p1a: Swampert|atk|1\n|faint|p2a: Corviknight\n|\n|-weather|RainDance|[upkeep]\n|-sideend|p1: loch2009|Reflect\n|upkeep\n|\n|t:|1699811355\n|switch|p2a: Quagsire|Quagsire, M|36\/100\n|turn|23\n|\n|t:|1699811370\n|move|p1a: Swampert|Liquidation|p2a: Quagsire\n|-damage|p2a: Quagsire|0 fnt\n|faint|p2a: Quagsire\n|\n|win|loch2009\n|raw|loch2009's rating: 1101 &rarr; <strong>1128<\/strong><br \/>(+27 for winning)\n|raw|Misterio980's rating: 1131 &rarr; <strong>1104<\/strong><br \/>(-27 for losing)\n|l|\u2606Misterio980\n","uploadtime":1699811375,"views":14,"p1id":"loch2009","p2id":"misterio980","formatid":"gen9nationaldex","rating":1104,"private":0,"password":""}