{"id":"gen9nationaldex-1993867151","p1":"stroung tiger","p2":"lemmybro87","format":"[Gen 9] National Dex","log":"|j|\u2606stroung tiger\n|j|\u2606lemmybro87\n|t:|1700367406\n|gametype|singles\n|player|p1|stroung tiger|hilda-wonderlauncher|1120\n|player|p2|lemmybro87|liza|1217\n|teamsize|p1|6\n|teamsize|p2|6\n|gen|9\n|tier|[Gen 9] National Dex\n|rated|\n|rule|HP Percentage Mod: HP is shown in percentages\n|rule|Endless Battle Clause: Forcing endless battles is banned\n|rule|OHKO Clause: OHKO moves are banned\n|rule|Evasion Clause: Evasion abilities, items, and moves are banned\n|rule|Evasion Abilities Clause: Evasion abilities are banned\n|rule|Evasion Items Clause: Evasion items are banned\n|rule|Evasion Moves Clause: Evasion moves are banned\n|rule|Species Clause: Limit one of each Pok\u00e9mon\n|rule|Sleep Clause Mod: Limit one foe put to sleep\n|clearpoke\n|poke|p1|Beedrill, M|\n|poke|p1|Ribombee, F|\n|poke|p1|Tapu Lele|\n|poke|p1|Alomomola, F|\n|poke|p1|Zapdos|\n|poke|p1|Cyclizar, F|\n|poke|p2|Feraligatr, M|\n|poke|p2|Victini|\n|poke|p2|Rhyperior, M|\n|poke|p2|Tinkaton, F|\n|poke|p2|Serperior, M|\n|poke|p2|Tapu Lele|\n|teampreview\n|inactive|Battle timer is ON: inactive players will automatically lose when time's up. (requested by stroung tiger)\n|\n|t:|1700367416\n|start\n|switch|p1a: Ribombee|Ribombee, F|100\/100\n|switch|p2a: Miss Piggy|Tinkaton, F|100\/100\n|-ability|p2a: Miss Piggy|Mold Breaker\n|turn|1\n|\n|t:|1700367425\n|move|p1a: Ribombee|Sticky Web|p2a: Miss Piggy\n|-sidestart|p2: lemmybro87|move: Sticky Web\n|move|p2a: Miss Piggy|Stealth Rock|p1a: Ribombee\n|-sidestart|p1: stroung tiger|move: Stealth Rock\n|\n|upkeep\n|turn|2\n|\n|t:|1700367440\n|move|p1a: Ribombee|Stun Spore|p2a: Miss Piggy\n|-status|p2a: Miss Piggy|par\n|move|p2a: Miss Piggy|Encore|p1a: Ribombee\n|-start|p1a: Ribombee|Encore\n|\n|upkeep\n|turn|3\n|\n|t:|1700367450\n|switch|p1a: Alomomola|Alomomola, F|100\/100\n|-damage|p1a: Alomomola|88\/100|[from] Stealth Rock\n|cant|p2a: Miss Piggy|par\n|\n|-heal|p1a: Alomomola|94\/100|[from] item: Leftovers\n|upkeep\n|turn|4\n|\n|t:|1700367460\n|move|p2a: Miss Piggy|Knock Off|p1a: Alomomola\n|-damage|p1a: Alomomola|76\/100\n|-enditem|p1a: Alomomola|Leftovers|[from] move: Knock Off|[of] p2a: Miss Piggy\n|move|p1a: Alomomola|Flip Turn|p2a: Miss Piggy\n|-damage|p2a: Miss Piggy|78\/100 par\n|\n|t:|1700367469\n|switch|p1a: Cyclizar|Cyclizar, F|100\/100|[from] Flip Turn\n|-damage|p1a: Cyclizar|88\/100|[from] Stealth Rock\n|\n|upkeep\n|turn|5\n|\n|t:|1700367476\n|-terastallize|p1a: Cyclizar|Fairy\n|move|p1a: Cyclizar|Rapid Spin|p2a: Miss Piggy\n|-resisted|p2a: Miss Piggy\n|-damage|p2a: Miss Piggy|66\/100 par\n|-boost|p1a: Cyclizar|spe|1\n|-sideend|p1: stroung tiger|Stealth Rock|[from] move: Rapid Spin|[of] p1a: Cyclizar\n|move|p2a: Miss Piggy|Gigaton Hammer|p1a: Cyclizar\n|-supereffective|p1a: Cyclizar\n|-damage|p1a: Cyclizar|0 fnt\n|faint|p1a: Cyclizar\n|\n|upkeep\n|\n|t:|1700367495\n|switch|p1a: Beedrill|Beedrill, M|100\/100\n|turn|6\n|\n|t:|1700367500\n|detailschange|p1a: Beedrill|Beedrill-Mega, M\n|-mega|p1a: Beedrill|Beedrill|Beedrillite\n|move|p1a: Beedrill|U-turn|p2a: Miss Piggy\n|-resisted|p2a: Miss Piggy\n|-damage|p2a: Miss Piggy|48\/100 par\n|\n|t:|1700367510\n|switch|p1a: Tapu Lele|Tapu Lele|100\/100|[from] U-turn\n|-fieldstart|move: Psychic Terrain|[from] ability: Psychic Surge|[of] p1a: Tapu Lele\n|move|p2a: Miss Piggy|Stealth Rock|p1a: Tapu Lele\n|-sidestart|p1: stroung tiger|move: Stealth Rock\n|\n|upkeep\n|turn|7\n|\n|t:|1700367520\n|move|p1a: Tapu Lele|Psychic|p2a: Miss Piggy\n|-resisted|p2a: Miss Piggy\n|-damage|p2a: Miss Piggy|0 fnt\n|faint|p2a: Miss Piggy\n|\n|upkeep\n|\n|t:|1700367524\n|switch|p2a: ka|Serperior, M, shiny|100\/100\n|-activate|p2a: ka|move: Sticky Web\n|-boost|p2a: ka|spe|1\n|turn|8\n|\n|t:|1700367531\n|move|p2a: ka|Glare|p1a: Tapu Lele\n|-status|p1a: Tapu Lele|par\n|move|p1a: Tapu Lele|Psychic|p2a: ka\n|-damage|p2a: ka|0 fnt\n|faint|p2a: ka\n|\n|upkeep\n|\n|t:|1700367535\n|switch|p2a: Victory|Victini|100\/100\n|-activate|p2a: Victory|move: Sticky Web\n|-unboost|p2a: Victory|spe|1\n|turn|9\n|\n|t:|1700367543\n|move|p2a: Victory|Flame Charge|p1a: Tapu Lele\n|-damage|p1a: Tapu Lele|64\/100 par\n|-boost|p2a: Victory|spe|1\n|move|p1a: Tapu Lele|Psychic|p2a: Victory\n|-resisted|p2a: Victory\n|-damage|p2a: Victory|48\/100\n|\n|upkeep\n|turn|10\n|\n|t:|1700367551\n|move|p2a: Victory|Flame Charge|p1a: Tapu Lele\n|-damage|p1a: Tapu Lele|29\/100 par\n|-boost|p2a: Victory|spe|1\n|cant|p1a: Tapu Lele|par\n|\n|-fieldend|move: Psychic Terrain\n|upkeep\n|turn|11\n|\n|t:|1700367564\n|switch|p1a: Alomomola|Alomomola, F|100\/100\n|-damage|p1a: Alomomola|88\/100|[from] Stealth Rock\n|move|p2a: Victory|Flame Charge|p1a: Alomomola\n|-resisted|p1a: Alomomola\n|-damage|p1a: Alomomola|79\/100\n|-boost|p2a: Victory|spe|1\n|\n|upkeep\n|turn|12\n|\n|t:|1700367575\n|move|p2a: Victory|Fusion Bolt|p1a: Alomomola\n|-supereffective|p1a: Alomomola\n|-damage|p1a: Alomomola|17\/100\n|move|p1a: Alomomola|Toxic|p2a: Victory\n|-status|p2a: Victory|tox\n|\n|-damage|p2a: Victory|42\/100 tox|[from] psn\n|upkeep\n|turn|13\n|\n|t:|1700367585\n|move|p1a: Alomomola|Protect|p1a: Alomomola\n|-singleturn|p1a: Alomomola|Protect\n|move|p2a: Victory|Fusion Bolt|p1a: Alomomola\n|-activate|p1a: Alomomola|move: Protect\n|\n|-damage|p2a: Victory|30\/100 tox|[from] psn\n|upkeep\n|turn|14\n|\n|t:|1700367597\n|switch|p1a: Ribombee|Ribombee, F|100\/100\n|-damage|p1a: Ribombee|76\/100|[from] Stealth Rock\n|move|p2a: Victory|Fusion Bolt|p1a: Ribombee\n|-damage|p1a: Ribombee|10\/100\n|\n|-damage|p2a: Victory|11\/100 tox|[from] psn\n|upkeep\n|turn|15\n|\n|t:|1700367608\n|move|p2a: Victory|Flame Charge|p1a: Ribombee\n|-supereffective|p1a: Ribombee\n|-damage|p1a: Ribombee|0 fnt\n|-boost|p2a: Victory|spe|1\n|faint|p1a: Ribombee\n|\n|-damage|p2a: Victory|0 fnt|[from] psn\n|faint|p2a: Victory\n|upkeep\n|\n|t:|1700367621\n|switch|p1a: Beedrill|Beedrill-Mega, M|100\/100\n|switch|p2a: Tapu Lele|Tapu Lele|100\/100\n|-damage|p1a: Beedrill|75\/100|[from] Stealth Rock\n|-activate|p2a: Tapu Lele|move: Sticky Web\n|-unboost|p2a: Tapu Lele|spe|1\n|-fieldstart|move: Psychic Terrain|[from] ability: Psychic Surge|[of] p2a: Tapu Lele\n|turn|16\n|\n|t:|1700367633\n|-terastallize|p2a: Tapu Lele|Psychic\n|move|p1a: Beedrill|Poison Jab|p2a: Tapu Lele\n|-damage|p2a: Tapu Lele|4\/100\n|move|p2a: Tapu Lele|Psychic|p1a: Beedrill\n|-supereffective|p1a: Beedrill\n|-damage|p1a: Beedrill|0 fnt\n|faint|p1a: Beedrill\n|\n|upkeep\n|\n|t:|1700367644\n|switch|p1a: Zapdos|Zapdos|100\/100\n|-damage|p1a: Zapdos|75\/100|[from] Stealth Rock\n|turn|17\n|\n|t:|1700367649\n|move|p1a: Zapdos|Volt Switch|p2a: Tapu Lele\n|-damage|p2a: Tapu Lele|0 fnt\n|faint|p2a: Tapu Lele\n|\n|t:|1700367654\n|switch|p1a: Alomomola|Alomomola, F|50\/100|[from] Volt Switch\n|-damage|p1a: Alomomola|38\/100|[from] Stealth Rock\n|\n|upkeep\n|\n|t:|1700367659\n|switch|p2a: Saber|Feraligatr, M|100\/100\n|-activate|p2a: Saber|move: Sticky Web\n|-unboost|p2a: Saber|spe|1\n|turn|18\n|\n|t:|1700367667\n|move|p2a: Saber|Dragon Dance|p2a: Saber\n|-boost|p2a: Saber|atk|1\n|-boost|p2a: Saber|spe|1\n|move|p1a: Alomomola|Toxic|p2a: Saber\n|-status|p2a: Saber|tox\n|\n|-damage|p2a: Saber|94\/100 tox|[from] psn\n|upkeep\n|turn|19\n|\n|t:|1700367675\n|move|p2a: Saber|Dragon Dance|p2a: Saber\n|-boost|p2a: Saber|atk|1\n|-boost|p2a: Saber|spe|1\n|move|p1a: Alomomola|Wish|p1a: Alomomola\n|\n|-damage|p2a: Saber|82\/100 tox|[from] psn\n|upkeep\n|turn|20\n|\n|t:|1700367688\n|move|p1a: Alomomola|Protect|p1a: Alomomola\n|-singleturn|p1a: Alomomola|Protect\n|move|p2a: Saber|Dragon Dance|p2a: Saber\n|-boost|p2a: Saber|atk|1\n|-boost|p2a: Saber|spe|1\n|\n|-heal|p1a: Alomomola|88\/100|[from] move: Wish|[wisher] Alomomola\n|-damage|p2a: Saber|64\/100 tox|[from] psn\n|-fieldend|move: Psychic Terrain\n|upkeep\n|turn|21\n|\n|t:|1700367700\n|move|p2a: Saber|Crunch|p1a: Alomomola\n|-damage|p1a: Alomomola|9\/100\n|move|p1a: Alomomola|Flip Turn|p2a: Saber\n|-resisted|p2a: Saber\n|-damage|p2a: Saber|55\/100 tox\n|\n|t:|1700367706\n|switch|p1a: Zapdos|Zapdos|75\/100|[from] Flip Turn\n|-damage|p1a: Zapdos|50\/100|[from] Stealth Rock\n|\n|-damage|p2a: Saber|31\/100 tox|[from] psn\n|upkeep\n|turn|22\n|\n|t:|1700367718\n|move|p2a: Saber|Crunch|p1a: Zapdos\n|-damage|p1a: Zapdos|0 fnt\n|-damage|p2a: Saber|14\/100 tox|[from] item: Rocky Helmet|[of] p1a: Zapdos\n|faint|p1a: Zapdos\n|\n|-damage|p2a: Saber|0 fnt|[from] psn\n|faint|p2a: Saber\n|upkeep\n|\n|t:|1700367728\n|switch|p2a: Bismark|Rhyperior, M|100\/100\n|switch|p1a: Alomomola|Alomomola, F|42\/100\n|-damage|p1a: Alomomola|30\/100|[from] Stealth Rock\n|-activate|p2a: Bismark|move: Sticky Web\n|-unboost|p2a: Bismark|spe|1\n|turn|23\n|\n|t:|1700367738\n|move|p1a: Alomomola|Toxic|p2a: Bismark\n|-status|p2a: Bismark|tox\n|move|p2a: Bismark|Earthquake|p1a: Alomomola\n|-damage|p1a: Alomomola|0 fnt\n|faint|p1a: Alomomola\n|\n|-damage|p2a: Bismark|94\/100 tox|[from] psn\n|upkeep\n|\n|t:|1700367748\n|switch|p1a: Tapu Lele|Tapu Lele|29\/100 par\n|-damage|p1a: Tapu Lele|16\/100 par|[from] Stealth Rock\n|-fieldstart|move: Psychic Terrain|[from] ability: Psychic Surge|[of] p1a: Tapu Lele\n|turn|24\n|\n|t:|1700367754\n|move|p1a: Tapu Lele|Psychic|p2a: Bismark\n|-damage|p2a: Bismark|5\/100 tox\n|move|p2a: Bismark|Smack Down|p1a: Tapu Lele\n|-damage|p1a: Tapu Lele|0 fnt\n|faint|p1a: Tapu Lele\n|\n|win|lemmybro87\n|raw|stroung tiger's rating: 1120 &rarr; <strong>1102<\/strong><br \/>(-18 for losing)\n|raw|lemmybro87's rating: 1217 &rarr; <strong>1235<\/strong><br \/>(+18 for winning)\n|c|\u2606lemmybro87|gg\n|l|\u2606stroung tiger\n","uploadtime":1700367766,"views":9,"p1id":"stroungtiger","p2id":"lemmybro87","formatid":"gen9nationaldex","rating":1102,"private":0,"password":""}