{"id":"gen9nationaldex-1993375209","p1":"wengzi","p2":"guess 19","format":"[Gen 9] National Dex","log":"|j|\u2606wengzi\n|j|\u2606guess 19\n|t:|1700308437\n|gametype|singles\n|player|p1|wengzi|170|1453\n|player|p2|guess 19|brock|1465\n|teamsize|p1|6\n|teamsize|p2|6\n|gen|9\n|tier|[Gen 9] National Dex\n|rated|\n|rule|HP Percentage Mod: HP is shown in percentages\n|rule|Endless Battle Clause: Forcing endless battles is banned\n|rule|OHKO Clause: OHKO moves are banned\n|rule|Evasion Clause: Evasion abilities, items, and moves are banned\n|rule|Evasion Abilities Clause: Evasion abilities are banned\n|rule|Evasion Items Clause: Evasion items are banned\n|rule|Evasion Moves Clause: Evasion moves are banned\n|rule|Species Clause: Limit one of each Pok\u00e9mon\n|rule|Sleep Clause Mod: Limit one foe put to sleep\n|clearpoke\n|poke|p1|Pelipper, F|\n|poke|p1|Ferrothorn, F|\n|poke|p1|Zapdos|\n|poke|p1|Swampert, M|\n|poke|p1|Greninja-*, M|\n|poke|p1|Urshifu-*, M|\n|poke|p2|Steelix, F|\n|poke|p2|Yanmega, F|\n|poke|p2|Spiritomb, M|\n|poke|p2|Infernape, M|\n|poke|p2|Cloyster, F|\n|poke|p2|Thundurus-Therian, M|\n|teampreview\n|inactive|Battle timer is ON: inactive players will automatically lose when time's up. (requested by wengzi)\n|\n|t:|1700308449\n|start\n|switch|p1a: Ferrothorn|Ferrothorn, F|100\/100\n|switch|p2a: Thundurus|Thundurus-Therian, M|100\/100\n|turn|1\n|\n|t:|1700308459\n|move|p2a: Thundurus|Nasty Plot|p2a: Thundurus\n|-boost|p2a: Thundurus|spa|2\n|move|p1a: Ferrothorn|Knock Off|p2a: Thundurus\n|-damage|p2a: Thundurus|70\/100\n|-enditem|p2a: Thundurus|Heavy-Duty Boots|[from] move: Knock Off|[of] p1a: Ferrothorn\n|\n|upkeep\n|turn|2\n|\n|t:|1700308473\n|switch|p1a: Swampert|Swampert, M|100\/100\n|move|p2a: Thundurus|Focus Blast|p1a: Swampert\n|-damage|p1a: Swampert|5\/100\n|\n|upkeep\n|turn|3\n|\n|t:|1700308486\n|switch|p1a: Zapdos|Zapdos|100\/100\n|move|p2a: Thundurus|Grass Knot|p1a: Zapdos\n|-resisted|p1a: Zapdos\n|-damage|p1a: Zapdos|71\/100\n|\n|upkeep\n|turn|4\n|\n|t:|1700308498\n|move|p2a: Thundurus|Thunderbolt|p1a: Zapdos\n|-damage|p1a: Zapdos|0 fnt\n|faint|p1a: Zapdos\n|\n|upkeep\n|\n|t:|1700308505\n|switch|p1a: Ferrothorn|Ferrothorn, F|100\/100\n|turn|5\n|\n|t:|1700308511\n|move|p2a: Thundurus|Focus Blast|p1a: Ferrothorn\n|-supereffective|p1a: Ferrothorn\n|-damage|p1a: Ferrothorn|0 fnt\n|faint|p1a: Ferrothorn\n|\n|upkeep\n|\n|t:|1700308515\n|switch|p1a: Urshifu|Urshifu-Rapid-Strike, M|100\/100\n|turn|6\n|\n|t:|1700308524\n|-terastallize|p1a: Urshifu|Water\n|move|p1a: Urshifu|Aqua Jet|p2a: Thundurus\n|-damage|p2a: Thundurus|25\/100\n|move|p2a: Thundurus|Thunderbolt|p1a: Urshifu\n|-supereffective|p1a: Urshifu\n|-damage|p1a: Urshifu|0 fnt\n|faint|p1a: Urshifu\n|\n|upkeep\n|\n|t:|1700308527\n|switch|p1a: Greninja|Greninja, M|100\/100\n|turn|7\n|\n|t:|1700308547\n|switch|p2a: Spiritomb|Spiritomb, M|100\/100\n|move|p1a: Greninja|Dark Pulse|p2a: Spiritomb\n|-damage|p2a: Spiritomb|64\/100\n|\n|-heal|p2a: Spiritomb|70\/100|[from] item: Leftovers\n|upkeep\n|turn|8\n|\n|t:|1700308556\n|-zpower|p1a: Greninja\n|move|p1a: Greninja|Hydro Vortex|p2a: Spiritomb|[zeffect]\n|-damage|p2a: Spiritomb|0 fnt\n|faint|p2a: Spiritomb\n|-ability|p1a: Greninja|Battle Bond|boost\n|-boost|p1a: Greninja|atk|1\n|-boost|p1a: Greninja|spa|1\n|-boost|p1a: Greninja|spe|1\n|-activate|p1a: Greninja|ability: Battle Bond\n|\n|upkeep\n|\n|t:|1700308576\n|switch|p2a: Cloyster|Cloyster, F|100\/100\n|turn|9\n|\n|t:|1700308583\n|move|p1a: Greninja|Dark Pulse|p2a: Cloyster\n|-damage|p2a: Cloyster|0 fnt\n|faint|p2a: Cloyster\n|\n|upkeep\n|\n|t:|1700308596\n|switch|p2a: Steelix|Steelix, F|100\/100\n|turn|10\n|\n|t:|1700308602\n|move|p1a: Greninja|Water Shuriken|p2a: Steelix\n|-supereffective|p2a: Steelix\n|-damage|p2a: Steelix|82\/100\n|-supereffective|p2a: Steelix\n|-damage|p2a: Steelix|63\/100\n|-hitcount|p2a: Steelix|2\n|move|p2a: Steelix|Body Press|p1a: Greninja\n|-supereffective|p1a: Greninja\n|-damage|p1a: Greninja|0 fnt\n|faint|p1a: Greninja\n|\n|upkeep\n|\n|t:|1700308609\n|switch|p1a: Pelipper|Pelipper, F|100\/100\n|-weather|RainDance|[from] ability: Drizzle|[of] p1a: Pelipper\n|turn|11\n|\n|t:|1700308622\n|move|p1a: Pelipper|Scald|p2a: Steelix\n|-supereffective|p2a: Steelix\n|-damage|p2a: Steelix|0 fnt\n|faint|p2a: Steelix\n|\n|-weather|RainDance|[upkeep]\n|upkeep\n|\n|t:|1700308627\n|switch|p2a: Thundurus|Thundurus-Therian, M|25\/100\n|turn|12\n|\n|t:|1700308633\n|move|p2a: Thundurus|Grass Knot|p1a: Pelipper\n|-damage|p1a: Pelipper|63\/100\n|move|p1a: Pelipper|Scald|p2a: Thundurus\n|-damage|p2a: Thundurus|0 fnt\n|faint|p2a: Thundurus\n|\n|-weather|RainDance|[upkeep]\n|upkeep\n|\n|t:|1700308641\n|switch|p2a: Infernape|Infernape, M|100\/100\n|turn|13\n|\n|t:|1700308645\n|move|p2a: Infernape|Thunder Punch|p1a: Pelipper\n|-supereffective|p1a: Pelipper\n|-damage|p1a: Pelipper|0 fnt\n|faint|p1a: Pelipper\n|-damage|p2a: Infernape|91\/100|[from] item: Life Orb\n|\n|-weather|RainDance|[upkeep]\n|upkeep\n|\n|t:|1700308649\n|switch|p1a: Swampert|Swampert, M|5\/100\n|turn|14\n|\n|t:|1700308654\n|detailschange|p1a: Swampert|Swampert-Mega, M\n|-mega|p1a: Swampert|Swampert|Swampertite\n|move|p2a: Infernape|Mach Punch|p1a: Swampert\n|-damage|p1a: Swampert|0 fnt\n|faint|p1a: Swampert\n|-damage|p2a: Infernape|81\/100|[from] item: Life Orb\n|\n|win|guess 19\n|raw|wengzi's rating: 1453 &rarr; <strong>1434<\/strong><br \/>(-19 for losing)\n|raw|guess 19's rating: 1465 &rarr; <strong>1484<\/strong><br \/>(+19 for winning)\n|l|\u2606wengzi\n","uploadtime":1700308683,"views":15,"p1id":"wengzi","p2id":"guess19","formatid":"gen9nationaldex","rating":1434,"private":0,"password":""}