{"id":"gen9nationaldex-1990664438","p1":"asoespresso","p2":"Ced20061","format":"[Gen 9] National Dex","log":"|j|\u2606asoespresso\n|j|\u2606Ced20061\n|inactive|Battle timer is ON: inactive players will automatically lose when time's up.\n|t:|1699989912\n|gametype|singles\n|player|p1|asoespresso|bede|\n|player|p2|Ced20061|baker|\n|teamsize|p1|6\n|teamsize|p2|6\n|gen|9\n|tier|[Gen 9] National Dex\n|rated|Tournament battle\n|rule|HP Percentage Mod: HP is shown in percentages\n|rule|Endless Battle Clause: Forcing endless battles is banned\n|rule|OHKO Clause: OHKO moves are banned\n|rule|Evasion Clause: Evasion abilities, items, and moves are banned\n|rule|Evasion Abilities Clause: Evasion abilities are banned\n|rule|Evasion Items Clause: Evasion items are banned\n|rule|Evasion Moves Clause: Evasion moves are banned\n|rule|Species Clause: Limit one of each Pok\u00e9mon\n|rule|Sleep Clause Mod: Limit one foe put to sleep\n|clearpoke\n|poke|p1|Heatran, M|\n|poke|p1|Rotom-Wash|\n|poke|p1|Tangrowth, M|\n|poke|p1|Landorus-Therian, M|\n|poke|p1|Mawile, M|\n|poke|p1|Ogerpon-Wellspring, F|\n|poke|p2|Excadrill, M|\n|poke|p2|Iron Valiant|\n|poke|p2|Chandelure, M|\n|poke|p2|Corsola-Galar, F|\n|poke|p2|Breloom, M|\n|poke|p2|Staraptor, F|\n|teampreview\n|inactive|Ced20061 also wants the timer to be on.\n|c|\u2606Ced20061|Good luck\n|j| Dabman1069\n|c|\u2606asoespresso|hf\n|inactive|asoespresso has 120 seconds left.\n|\n|t:|1699989949\n|start\n|switch|p1a: Landorus|Landorus-Therian, M|100\/100\n|switch|p2a: Corsola|Corsola-Galar, F|100\/100\n|-ability|p1a: Landorus|Intimidate|boost\n|-unboost|p2a: Corsola|atk|1\n|turn|1\n|\n|t:|1699989959\n|move|p1a: Landorus|U-turn|p2a: Corsola\n|-resisted|p2a: Corsola\n|-damage|p2a: Corsola|94\/100\n|\n|t:|1699989965\n|switch|p1a: Heatran|Heatran, M|100\/100|[from] U-turn\n|move|p2a: Corsola|Will-O-Wisp|p1a: Heatran\n|-start|p1a: Heatran|ability: Flash Fire\n|\n|upkeep\n|turn|2\n|\n|t:|1699989974\n|move|p1a: Heatran|Stealth Rock|p2a: Corsola\n|-sidestart|p2: Ced20061|move: Stealth Rock\n|move|p2a: Corsola|Stealth Rock|p1a: Heatran\n|-sidestart|p1: asoespresso|move: Stealth Rock\n|\n|upkeep\n|turn|3\n|\n|t:|1699989980\n|switch|p2a: Staraptor|Staraptor, F|100\/100\n|-damage|p2a: Staraptor|76\/100|[from] Stealth Rock\n|move|p1a: Heatran|Magma Storm|p2a: Staraptor\n|-damage|p2a: Staraptor|0 fnt\n|faint|p2a: Staraptor\n|\n|upkeep\n|\n|t:|1699989990\n|switch|p2a: Excadrill|Excadrill, M|100\/100\n|-damage|p2a: Excadrill|97\/100|[from] Stealth Rock\n|turn|4\n|j| SandySubway\n|\n|t:|1699990010\n|-end|p1a: Heatran|ability: Flash Fire|[silent]\n|switch|p1a: Tangrowth|Tangrowth, M|100\/100\n|-damage|p1a: Tangrowth|88\/100|[from] Stealth Rock\n|move|p2a: Excadrill|Rapid Spin|p1a: Tangrowth\n|-damage|p1a: Tangrowth|78\/100\n|-boost|p2a: Excadrill|spe|1\n|-damage|p2a: Excadrill|81\/100|[from] item: Rocky Helmet|[of] p1a: Tangrowth\n|-sideend|p2: Ced20061|Stealth Rock|[from] move: Rapid Spin|[of] p2a: Excadrill\n|\n|upkeep\n|turn|5\n|\n|t:|1699990020\n|switch|p2a: Chandelure|Chandelure, M|100\/100\n|move|p1a: Tangrowth|Knock Off|p2a: Chandelure\n|-supereffective|p2a: Chandelure\n|-damage|p2a: Chandelure|32\/100\n|-enditem|p2a: Chandelure|Choice Specs|[from] move: Knock Off|[of] p1a: Tangrowth\n|\n|upkeep\n|turn|6\n|j| leona misa\n|inactive|asoespresso has 120 seconds left.\n|\n|t:|1699990058\n|switch|p2a: Excadrill|Excadrill, M|81\/100\n|switch|p1a: Rotom|Rotom-Wash|100\/100\n|-damage|p1a: Rotom|88\/100|[from] Stealth Rock\n|\n|-heal|p1a: Rotom|94\/100|[from] item: Leftovers\n|upkeep\n|turn|7\n|inactive|asoespresso has 120 seconds left.\n|\n|t:|1699990074\n|switch|p2a: Breloom|Breloom, M, shiny|100\/100\n|switch|p1a: Tangrowth|Tangrowth, M|100\/100\n|-damage|p1a: Tangrowth|88\/100|[from] Stealth Rock\n|\n|upkeep\n|turn|8\n|\n|t:|1699990086\n|switch|p2a: Chandelure|Chandelure, M|32\/100\n|move|p1a: Tangrowth|Knock Off|p2a: Chandelure\n|-supereffective|p2a: Chandelure\n|-damage|p2a: Chandelure|0 fnt\n|faint|p2a: Chandelure\n|\n|upkeep\n|j| Kuhrrohsion\n|inactive|Ced20061 has 120 seconds left.\n|\n|t:|1699990103\n|switch|p2a: Corsola|Corsola-Galar, F|94\/100\n|turn|9\n|inactive|Ced20061 has 120 seconds left.\n|\n|t:|1699990120\n|switch|p1a: Heatran|Heatran, M|100\/100\n|-damage|p1a: Heatran|88\/100|[from] Stealth Rock\n|move|p2a: Corsola|Will-O-Wisp|p1a: Heatran\n|-start|p1a: Heatran|ability: Flash Fire\n|\n|upkeep\n|turn|10\n|\n|t:|1699990130\n|move|p1a: Heatran|Magma Storm|p2a: Corsola\n|-damage|p2a: Corsola|35\/100\n|-activate|p2a: Corsola|move: Magma Storm|[of] p1a: Heatran\n|move|p2a: Corsola|Strength Sap|p1a: Heatran\n|-unboost|p1a: Heatran|atk|1\n|-heal|p2a: Corsola|86\/100\n|\n|-damage|p2a: Corsola|74\/100|[from] move: Magma Storm|[partiallytrapped]\n|upkeep\n|turn|11\n|inactive|Ced20061 has 120 seconds left.\n|\n|t:|1699990144\n|switch|p2a: Excadrill|Excadrill, M|81\/100\n|move|p1a: Heatran|Stealth Rock|p2a: Excadrill\n|-sidestart|p2: Ced20061|move: Stealth Rock\n|\n|upkeep\n|turn|12\n|inactive|Ced20061 has 120 seconds left.\n|l| leona misa\n|\n|t:|1699990166\n|-end|p1a: Heatran|ability: Flash Fire|[silent]\n|switch|p1a: Tangrowth|Tangrowth, M|100\/100\n|-damage|p1a: Tangrowth|88\/100|[from] Stealth Rock\n|move|p2a: Excadrill|Swords Dance|p2a: Excadrill\n|-boost|p2a: Excadrill|atk|2\n|\n|upkeep\n|turn|13\n|\n|t:|1699990175\n|-zpower|p2a: Excadrill\n|move|p2a: Excadrill|Corkscrew Crash|p1a: Tangrowth|[zeffect]\n|-damage|p1a: Tangrowth|1\/100\n|move|p1a: Tangrowth|Earthquake|p2a: Excadrill\n|-supereffective|p2a: Excadrill\n|-damage|p2a: Excadrill|11\/100\n|\n|upkeep\n|turn|14\n|inactive|Ced20061 has 120 seconds left.\n|\n|t:|1699990192\n|switch|p1a: Landorus|Landorus-Therian, M|100\/100\n|-damage|p1a: Landorus|88\/100|[from] Stealth Rock\n|-ability|p1a: Landorus|Intimidate|boost\n|-unboost|p2a: Excadrill|atk|1\n|move|p2a: Excadrill|Rapid Spin|p1a: Landorus\n|-damage|p1a: Landorus|60\/100\n|-boost|p2a: Excadrill|spe|1\n|-sideend|p2: Ced20061|Stealth Rock|[from] move: Rapid Spin|[of] p2a: Excadrill\n|\n|upkeep\n|turn|15\n|\n|t:|1699990202\n|switch|p1a: Tangrowth|Tangrowth, M|34\/100\n|-damage|p1a: Tangrowth|22\/100|[from] Stealth Rock\n|move|p2a: Excadrill|Iron Head|p1a: Tangrowth\n|-damage|p1a: Tangrowth|0 fnt\n|-damage|p2a: Excadrill|0 fnt|[from] item: Rocky Helmet|[of] p1a: Tangrowth\n|faint|p1a: Tangrowth\n|faint|p2a: Excadrill\n|\n|upkeep\n|inactive|Ced20061 has 120 seconds left.\n|\n|t:|1699990217\n|switch|p2a: Corsola|Corsola-Galar, F|74\/100\n|switch|p1a: Landorus|Landorus-Therian, M|60\/100\n|-damage|p1a: Landorus|48\/100|[from] Stealth Rock\n|-ability|p1a: Landorus|Intimidate|boost\n|-unboost|p2a: Corsola|atk|1\n|turn|16\n|\n|t:|1699990223\n|switch|p2a: Iron Valiant|Iron Valiant, shiny|100\/100\n|-enditem|p2a: Iron Valiant|Booster Energy\n|-activate|p2a: Iron Valiant|ability: Quark Drive|[fromitem]\n|-start|p2a: Iron Valiant|quarkdrivespe\n|move|p1a: Landorus|U-turn|p2a: Iron Valiant\n|-resisted|p2a: Iron Valiant\n|-damage|p2a: Iron Valiant|92\/100\n|\n|t:|1699990231\n|switch|p1a: Ogerpon|Ogerpon-Wellspring, F|100\/100|[from] U-turn\n|-damage|p1a: Ogerpon|88\/100|[from] Stealth Rock\n|\n|upkeep\n|turn|17\n|\n|t:|1699990242\n|-terastallize|p1a: Ogerpon|Water\n|detailschange|p1a: Ogerpon|Ogerpon-Wellspring-Tera, F, tera:Water\n|-ability|p1a: Ogerpon|Embody Aspect (Wellspring)|boost\n|-boost|p1a: Ogerpon|spd|1\n|move|p2a: Iron Valiant|Thunderbolt|p1a: Ogerpon\n|-supereffective|p1a: Ogerpon\n|-damage|p1a: Ogerpon|38\/100\n|move|p1a: Ogerpon|Ivy Cudgel|p2a: Iron Valiant|[anim] Ivy Cudgel Water\n|-damage|p2a: Iron Valiant|0 fnt\n|faint|p2a: Iron Valiant\n|-end|p2a: Iron Valiant|Quark Drive|[silent]\n|\n|upkeep\n|\n|t:|1699990251\n|switch|p2a: Breloom|Breloom, M, shiny|100\/100\n|turn|18\n|j| Potatofromsinnoh\n|\n|t:|1699990261\n|move|p1a: Ogerpon|Ivy Cudgel|p2a: Breloom|[anim] Ivy Cudgel Water\n|-resisted|p2a: Breloom\n|-damage|p2a: Breloom|41\/100\n|move|p2a: Breloom|Spore|p1a: Ogerpon\n|-status|p1a: Ogerpon|slp|[from] move: Spore\n|\n|upkeep\n|turn|19\n|\n|t:|1699990269\n|switch|p1a: Landorus|Landorus-Therian, M|48\/100\n|-damage|p1a: Landorus|36\/100|[from] Stealth Rock\n|-ability|p1a: Landorus|Intimidate|boost\n|-unboost|p2a: Breloom|atk|1\n|move|p2a: Breloom|Bullet Seed|p1a: Landorus\n|-damage|p1a: Landorus|21\/100\n|-damage|p1a: Landorus|6\/100\n|-damage|p1a: Landorus|0 fnt\n|faint|p1a: Landorus\n|-hitcount|p1: Landorus|3\n|\n|upkeep\n|\n|t:|1699990274\n|switch|p1a: Mawile|Mawile, M|100\/100\n|-damage|p1a: Mawile|94\/100|[from] Stealth Rock\n|-ability|p1a: Mawile|Intimidate|boost\n|-unboost|p2a: Breloom|atk|1\n|turn|20\n|\n|t:|1699990292\n|switch|p2a: Corsola|Corsola-Galar, F|74\/100\n|detailschange|p1a: Mawile|Mawile-Mega, M\n|-mega|p1a: Mawile|Mawile|Mawilite\n|move|p1a: Mawile|Knock Off|p2a: Corsola\n|-supereffective|p2a: Corsola\n|-damage|p2a: Corsola|8\/100\n|-enditem|p2a: Corsola|Eviolite|[from] move: Knock Off|[of] p1a: Mawile\n|\n|upkeep\n|turn|21\n|\n|t:|1699990306\n|move|p1a: Mawile|Knock Off|p2a: Corsola\n|-supereffective|p2a: Corsola\n|-damage|p2a: Corsola|0 fnt\n|faint|p2a: Corsola\n|\n|upkeep\n|\n|t:|1699990322\n|switch|p2a: Breloom|Breloom, M, shiny|41\/100\n|turn|22\n|\n|t:|1699990329\n|-terastallize|p2a: Breloom|Grass\n|move|p2a: Breloom|Mach Punch|p1a: Mawile\n|-crit|p1a: Mawile\n|-damage|p1a: Mawile|42\/100\n|move|p1a: Mawile|Knock Off|p2a: Breloom\n|-damage|p2a: Breloom|0 fnt\n|-enditem|p2a: Breloom|Loaded Dice|[from] move: Knock Off|[of] p1a: Mawile\n|faint|p2a: Breloom\n|\n|win|asoespresso\n|n|\u2606asoespresso|asoespresso\n|n|\u2606Ced20061|ced20061\n|n| Dabman1069|dabman1069\n|n| SandySubway|sandysubway\n|n| Kuhrrohsion|kuhrrohsion\n|n| Potatofromsinnoh|potatofromsinnoh\n|c|\u2606asoespresso|ggs\n|c|\u2606Ced20061|gg\n","uploadtime":1699990342,"views":11,"p1id":"asoespresso","p2id":"ced20061","formatid":"gen9nationaldex","rating":0,"private":0,"password":""}