{"id":"gen9nationaldex-1997452947","p1":"daniel241595","p2":"BiuJJ","format":"[Gen 9] National Dex","log":"|html|<div class=\"broadcast-blue\"><strong>[Gen 9] National Dex is currently suspecting Sneasler! For information on how to participate check out the <a href=\"https:\/\/www.smogon.com\/forums\/threads\/sv-national-dex-suspect-8-just-dance.3731534\/\">suspect thread<\/a>.<\/strong><\/div>\n|j|\u2606daniel241595\n|j|\u2606BiuJJ\n|t:|1700807849\n|gametype|singles\n|player|p1|daniel241595|gambler|1603\n|player|p2|BiuJJ|170|1596\n|teamsize|p1|6\n|teamsize|p2|6\n|gen|9\n|tier|[Gen 9] National Dex\n|rated|\n|rule|HP Percentage Mod: HP is shown in percentages\n|rule|Endless Battle Clause: Forcing endless battles is banned\n|rule|OHKO Clause: OHKO moves are banned\n|rule|Evasion Clause: Evasion abilities, items, and moves are banned\n|rule|Evasion Abilities Clause: Evasion abilities are banned\n|rule|Evasion Items Clause: Evasion items are banned\n|rule|Evasion Moves Clause: Evasion moves are banned\n|rule|Species Clause: Limit one of each Pok\u00e9mon\n|rule|Sleep Clause Mod: Limit one foe put to sleep\n|clearpoke\n|poke|p1|Arcanine, M|\n|poke|p1|Flygon, F|\n|poke|p1|Empoleon, M|\n|poke|p1|Eelektross, F|\n|poke|p1|Florges, F|\n|poke|p1|Kleavor, M|\n|poke|p2|Hoopa-Unbound|\n|poke|p2|Serperior, F|\n|poke|p2|Shuckle, M|\n|poke|p2|Great Tusk|\n|poke|p2|Tapu Lele|\n|poke|p2|Medicham, F|\n|teampreview\n|inactive|Battle timer is ON: inactive players will automatically lose when time's up. (requested by BiuJJ)\n|\n|t:|1700807862\n|start\n|switch|p1a: Kleavor|Kleavor, M|100\/100\n|switch|p2a: Shuckle|Shuckle, M|100\/100\n|turn|1\n|\n|t:|1700807866\n|move|p1a: Kleavor|Stone Axe|p2a: Shuckle\n|-supereffective|p2a: Shuckle\n|-damage|p2a: Shuckle|41\/100\n|-sidestart|p2: BiuJJ|move: Stealth Rock\n|move|p2a: Shuckle|Sticky Web|p1a: Kleavor\n|-sidestart|p1: daniel241595|move: Sticky Web\n|\n|upkeep\n|turn|2\n|j| azurecoralsea\n|\n|t:|1700807889\n|switch|p2a: Medicham|Medicham, F|100\/100\n|-damage|p2a: Medicham|94\/100|[from] Stealth Rock\n|move|p1a: Kleavor|Stone Axe|p2a: Medicham\n|-resisted|p2a: Medicham\n|-damage|p2a: Medicham|55\/100\n|\n|upkeep\n|turn|3\n|\n|t:|1700807917\n|switch|p1a: Florges|Florges, F|100\/100\n|-activate|p1a: Florges|move: Sticky Web\n|-unboost|p1a: Florges|spe|1\n|detailschange|p2a: Medicham|Medicham-Mega, F\n|-mega|p2a: Medicham|Medicham|Medichamite\n|move|p2a: Medicham|Power-Up Punch|p1a: Florges\n|-resisted|p1a: Florges\n|-damage|p1a: Florges|86\/100\n|-boost|p2a: Medicham|atk|1\n|\n|-heal|p1a: Florges|92\/100|[from] item: Leftovers\n|upkeep\n|turn|4\n|\n|t:|1700807923\n|move|p2a: Medicham|Poison Jab|p1a: Florges\n|-supereffective|p1a: Florges\n|-damage|p1a: Florges|0 fnt\n|faint|p1a: Florges\n|\n|upkeep\n|\n|t:|1700807927\n|switch|p1a: Arcanine|Arcanine, M, shiny|100\/100\n|-activate|p1a: Arcanine|move: Sticky Web\n|-unboost|p1a: Arcanine|spe|1\n|-ability|p1a: Arcanine|Intimidate|boost\n|-unboost|p2a: Medicham|atk|1\n|turn|5\n|\n|t:|1700807937\n|switch|p2a: Great Tusk|Great Tusk|100\/100\n|-damage|p2a: Great Tusk|98\/100|[from] Stealth Rock\n|-enditem|p2a: Great Tusk|Booster Energy\n|-activate|p2a: Great Tusk|ability: Protosynthesis|[fromitem]\n|-start|p2a: Great Tusk|protosynthesisspe\n|move|p1a: Arcanine|Extreme Speed|p2a: Great Tusk\n|-damage|p2a: Great Tusk|73\/100\n|\n|upkeep\n|turn|6\n|\n|t:|1700807941\n|switch|p1a: Eelektross|Eelektross, F|100\/100\n|move|p2a: Great Tusk|Bulk Up|p2a: Great Tusk\n|-boost|p2a: Great Tusk|atk|1\n|-boost|p2a: Great Tusk|def|1\n|\n|upkeep\n|turn|7\n|\n|t:|1700807947\n|move|p2a: Great Tusk|Close Combat|p1a: Eelektross\n|-damage|p1a: Eelektross|13\/100\n|-unboost|p2a: Great Tusk|def|1\n|-unboost|p2a: Great Tusk|spd|1\n|move|p1a: Eelektross|Giga Drain|p2a: Great Tusk\n|-supereffective|p2a: Great Tusk\n|-damage|p2a: Great Tusk|0 fnt\n|-heal|p1a: Eelektross|55\/100|[from] drain|[of] p2a: Great Tusk\n|faint|p2a: Great Tusk\n|-end|p2a: Great Tusk|Protosynthesis|[silent]\n|\n|upkeep\n|\n|t:|1700807957\n|switch|p2a: Serperior|Serperior, F|100\/100\n|-damage|p2a: Serperior|88\/100|[from] Stealth Rock\n|turn|8\n|\n|t:|1700807960\n|move|p2a: Serperior|Leaf Storm|p1a: Eelektross\n|-damage|p1a: Eelektross|21\/100\n|-boost|p2a: Serperior|spa|2\n|move|p1a: Eelektross|Flamethrower|p2a: Serperior\n|-supereffective|p2a: Serperior\n|-damage|p2a: Serperior|19\/100\n|\n|-heal|p2a: Serperior|25\/100|[from] item: Leftovers\n|upkeep\n|turn|9\n|\n|t:|1700807971\n|move|p2a: Serperior|Leaf Storm|p1a: Eelektross|[miss]\n|-miss|p2a: Serperior|p1a: Eelektross\n|move|p1a: Eelektross|Flamethrower|p2a: Serperior\n|-supereffective|p2a: Serperior\n|-damage|p2a: Serperior|0 fnt\n|faint|p2a: Serperior\n|\n|upkeep\n|\n|t:|1700807978\n|switch|p2a: Tapu Lele|Tapu Lele|100\/100\n|-damage|p2a: Tapu Lele|88\/100|[from] Stealth Rock\n|-fieldstart|move: Psychic Terrain|[from] ability: Psychic Surge|[of] p2a: Tapu Lele\n|turn|10\n|\n|t:|1700807982\n|move|p2a: Tapu Lele|Psychic|p1a: Eelektross\n|-damage|p1a: Eelektross|0 fnt\n|faint|p1a: Eelektross\n|\n|upkeep\n|\n|t:|1700807984\n|switch|p1a: Empoleon|Empoleon, M|100\/100\n|-activate|p1a: Empoleon|move: Sticky Web\n|-unboost|p1a: Empoleon|spe|1\n|-ability|p1a: Empoleon|Competitive|boost\n|-boost|p1a: Empoleon|spa|2\n|turn|11\n|\n|t:|1700807989\n|switch|p2a: Shuckle|Shuckle, M|41\/100\n|-damage|p2a: Shuckle|16\/100|[from] Stealth Rock\n|move|p1a: Empoleon|Defog|p2a: Shuckle\n|-unboost|p2a: Shuckle|evasion|1\n|-sideend|p2: BiuJJ|Stealth Rock|[from] move: Defog|[of] p1a: Empoleon\n|-sideend|p1: daniel241595|Sticky Web|[from] move: Defog|[of] p1a: Empoleon\n|-fieldend|move: Psychic Terrain\n|\n|upkeep\n|turn|12\n|\n|t:|1700807996\n|move|p1a: Empoleon|Scald|p2a: Shuckle\n|-supereffective|p2a: Shuckle\n|-damage|p2a: Shuckle|0 fnt\n|faint|p2a: Shuckle\n|\n|upkeep\n|\n|t:|1700808000\n|switch|p2a: Medicham|Medicham-Mega, F|55\/100\n|turn|13\n|inactive|daniel241595 has 120 seconds left.\n|\n|t:|1700808040\n|-terastallize|p1a: Empoleon|Ghost\n|move|p2a: Medicham|Close Combat|p1a: Empoleon\n|-immune|p1a: Empoleon\n|move|p1a: Empoleon|Scald|p2a: Medicham\n|-damage|p2a: Medicham|0 fnt\n|faint|p2a: Medicham\n|\n|upkeep\n|\n|t:|1700808053\n|switch|p2a: Hoopa|Hoopa-Unbound|100\/100\n|turn|14\n|inactive|daniel241595 has 120 seconds left.\n|l|\u2606BiuJJ\n|inactive|BiuJJ disconnected and has a minute to reconnect!\n|player|p2|\n|\n|t:|1700808085\n|switch|p1a: Arcanine|Arcanine, M, shiny|100\/100\n|-ability|p1a: Arcanine|Intimidate|boost\n|-unboost|p2a: Hoopa|atk|1\n|move|p2a: Hoopa|Hyperspace Fury|p1a: Arcanine\n|-damage|p1a: Arcanine|57\/100\n|-unboost|p2a: Hoopa|def|1\n|\n|upkeep\n|turn|15\n|j|\u2606BiuJJ\n|inactive|BiuJJ reconnected and has 145 seconds left.\n|player|p2|BiuJJ|170\n|inactive|daniel241595 has 90 seconds left.\n|\n|t:|1700808112\n|switch|p2a: Tapu Lele|Tapu Lele|88\/100\n|-fieldstart|move: Psychic Terrain|[from] ability: Psychic Surge|[of] p2a: Tapu Lele\n|move|p1a: Arcanine|Iron Head|p2a: Tapu Lele\n|-supereffective|p2a: Tapu Lele\n|-damage|p2a: Tapu Lele|0 fnt\n|faint|p2a: Tapu Lele\n|\n|upkeep\n|\n|t:|1700808119\n|switch|p2a: Hoopa|Hoopa-Unbound|100\/100\n|turn|16\n|inactive|daniel241595 has 90 seconds left.\n|\n|t:|1700808139\n|switch|p1a: Empoleon|Empoleon, M, tera:Ghost|100\/100\n|-terastallize|p2a: Hoopa|Dark\n|move|p2a: Hoopa|Hyperspace Fury|p1a: Empoleon\n|-supereffective|p1a: Empoleon\n|-damage|p1a: Empoleon|0 fnt\n|-unboost|p2a: Hoopa|def|1\n|faint|p1a: Empoleon\n|\n|upkeep\n|\n|t:|1700808150\n|switch|p1a: Arcanine|Arcanine, M, shiny|57\/100\n|-ability|p1a: Arcanine|Intimidate|boost\n|-unboost|p2a: Hoopa|atk|1\n|turn|17\n|\n|t:|1700808155\n|move|p2a: Hoopa|Hyperspace Fury|p1a: Arcanine\n|-damage|p1a: Arcanine|0 fnt\n|-unboost|p2a: Hoopa|def|1\n|faint|p1a: Arcanine\n|\n|upkeep\n|inactive|daniel241595 has 90 seconds left.\n|\n|t:|1700808163\n|switch|p1a: Kleavor|Kleavor, M|100\/100\n|turn|18\n|\n|t:|1700808172\n|move|p1a: Kleavor|U-turn|p2a: Hoopa\n|-supereffective|p2a: Hoopa\n|-damage|p2a: Hoopa|0 fnt\n|faint|p2a: Hoopa\n|\n|win|daniel241595\n|raw|daniel241595's rating: 1603 &rarr; <strong>1623<\/strong><br \/>(+20 for winning)\n|raw|BiuJJ's rating: 1596 &rarr; <strong>1576<\/strong><br \/>(-20 for losing)\n|l|\u2606BiuJJ\n","uploadtime":1700808176,"views":11,"p1id":"daniel241595","p2id":"biujj","formatid":"gen9nationaldex","rating":1576,"private":0,"password":""}