{"id":"gen9nationaldex-1999487374","p1":"starlitbox","p2":"RealMobileGamer","format":"[Gen 9] National Dex","log":"|html|<div class=\"broadcast-blue\"><strong>[Gen 9] National Dex is currently suspecting Sneasler! For information on how to participate check out the <a href=\"https:\/\/www.smogon.com\/forums\/threads\/sv-national-dex-suspect-8-just-dance.3731534\/\">suspect thread<\/a>.<\/strong><\/div>\n|j|\u2606starlitbox\n|j|\u2606RealMobileGamer\n|t:|1701087896\n|gametype|singles\n|player|p1|starlitbox|silver|1348\n|player|p2|RealMobileGamer|riley|1318\n|teamsize|p1|6\n|teamsize|p2|6\n|gen|9\n|tier|[Gen 9] National Dex\n|rated|\n|rule|HP Percentage Mod: HP is shown in percentages\n|rule|Endless Battle Clause: Forcing endless battles is banned\n|rule|OHKO Clause: OHKO moves are banned\n|rule|Evasion Clause: Evasion abilities, items, and moves are banned\n|rule|Evasion Abilities Clause: Evasion abilities are banned\n|rule|Evasion Items Clause: Evasion items are banned\n|rule|Evasion Moves Clause: Evasion moves are banned\n|rule|Species Clause: Limit one of each Pok\u00e9mon\n|rule|Sleep Clause Mod: Limit one foe put to sleep\n|clearpoke\n|poke|p1|Landorus-Therian, M|\n|poke|p1|Greninja-*, M|\n|poke|p1|Volcarona, F|\n|poke|p1|Iron Valiant|\n|poke|p1|Ogerpon-Wellspring, F|\n|poke|p1|Tapu Koko|\n|poke|p2|Banette, F|\n|poke|p2|Toxapex, F|\n|poke|p2|Volcarona, F|\n|poke|p2|Ting-Lu|\n|poke|p2|Garchomp, F|\n|poke|p2|Corviknight, F|\n|teampreview\n|inactive|Battle timer is ON: inactive players will automatically lose when time's up. (requested by RealMobileGamer)\n|\n|t:|1701087908\n|start\n|switch|p1a: Tapu Koko|Tapu Koko|100\/100\n|switch|p2a: Banette|Banette, F|100\/100\n|-fieldstart|move: Electric Terrain|[from] ability: Electric Surge|[of] p1a: Tapu Koko\n|-item|p1a: Tapu Koko|Light Clay|[from] ability: Frisk|[of] p2a: Banette|[identify]\n|turn|1\n|\n|t:|1701087922\n|detailschange|p2a: Banette|Banette-Mega, F\n|-mega|p2a: Banette|Banette|Banettite\n|move|p1a: Tapu Koko|Dazzling Gleam|p2a: Banette\n|-crit|p2a: Banette\n|-damage|p2a: Banette|42\/100\n|move|p2a: Banette|Poltergeist|p1a: Tapu Koko\n|-activate|p1a: Tapu Koko|move: Poltergeist|Light Clay\n|-damage|p1a: Tapu Koko|4\/100\n|\n|upkeep\n|turn|2\n|\n|t:|1701087932\n|move|p2a: Banette|Shadow Sneak|p1a: Tapu Koko\n|-damage|p1a: Tapu Koko|0 fnt\n|faint|p1a: Tapu Koko\n|\n|upkeep\n|\n|t:|1701087939\n|switch|p1a: Greninja|Greninja, M|100\/100\n|turn|3\n|\n|t:|1701087945\n|switch|p2a: Toxapex|Toxapex, F|100\/100\n|-zpower|p1a: Greninja\n|move|p1a: Greninja|Hydro Vortex|p2a: Toxapex|[zeffect]\n|-resisted|p2a: Toxapex\n|-damage|p2a: Toxapex|68\/100\n|\n|-heal|p2a: Toxapex|75\/100|[from] item: Leftovers\n|upkeep\n|turn|4\n|\n|t:|1701087956\n|switch|p1a: Landorus|Landorus-Therian, M|100\/100\n|-ability|p1a: Landorus|Intimidate|boost\n|-unboost|p2a: Toxapex|atk|1\n|move|p2a: Toxapex|Toxic|p1a: Landorus\n|-status|p1a: Landorus|tox\n|\n|-heal|p2a: Toxapex|81\/100|[from] item: Leftovers\n|-damage|p1a: Landorus|94\/100 tox|[from] psn\n|upkeep\n|turn|5\n|\n|t:|1701087966\n|switch|p2a: Corviknight|Corviknight, F|100\/100\n|move|p1a: Landorus|Knock Off|p2a: Corviknight\n|-damage|p2a: Corviknight|77\/100\n|-damage|p1a: Landorus|78\/100 tox|[from] item: Rocky Helmet|[of] p2a: Corviknight\n|-enditem|p2a: Corviknight|Rocky Helmet|[from] move: Knock Off|[of] p1a: Landorus\n|\n|-heal|p1a: Landorus|84\/100 tox|[from] item: Leftovers\n|-damage|p1a: Landorus|72\/100 tox|[from] psn\n|-fieldend|move: Electric Terrain\n|upkeep\n|turn|6\n|\n|t:|1701087978\n|move|p1a: Landorus|U-turn|p2a: Corviknight\n|-resisted|p2a: Corviknight\n|-damage|p2a: Corviknight|73\/100\n|\n|t:|1701087991\n|switch|p1a: Volcarona|Volcarona, F|100\/100|[from] U-turn\n|move|p2a: Corviknight|Body Press|p1a: Volcarona\n|-resisted|p1a: Volcarona\n|-damage|p1a: Volcarona|79\/100\n|\n|upkeep\n|turn|7\n|\n|t:|1701088001\n|move|p1a: Volcarona|Quiver Dance|p1a: Volcarona\n|-boost|p1a: Volcarona|spa|1\n|-boost|p1a: Volcarona|spd|1\n|-boost|p1a: Volcarona|spe|1\n|move|p2a: Corviknight|U-turn|p1a: Volcarona\n|-resisted|p1a: Volcarona\n|-damage|p1a: Volcarona|69\/100\n|\n|t:|1701088004\n|switch|p2a: Toxapex|Toxapex, F|100\/100|[from] U-turn\n|\n|upkeep\n|turn|8\n|\n|t:|1701088012\n|move|p1a: Volcarona|Hidden Power|p2a: Toxapex\n|-supereffective|p2a: Toxapex\n|-damage|p2a: Toxapex|44\/100\n|move|p2a: Toxapex|Toxic|p1a: Volcarona\n|-status|p1a: Volcarona|tox\n|\n|-heal|p2a: Toxapex|50\/100|[from] item: Leftovers\n|-damage|p1a: Volcarona|63\/100 tox|[from] psn\n|upkeep\n|turn|9\n|\n|t:|1701088024\n|-terastallize|p1a: Volcarona|Grass\n|move|p1a: Volcarona|Giga Drain|p2a: Toxapex\n|-damage|p2a: Toxapex|0 fnt\n|-heal|p1a: Volcarona|87\/100 tox|[from] drain|[of] p2a: Toxapex\n|faint|p2a: Toxapex\n|\n|-damage|p1a: Volcarona|75\/100 tox|[from] psn\n|upkeep\n|\n|t:|1701088049\n|switch|p2a: Banette|Banette-Mega, F|42\/100\n|turn|10\n|\n|t:|1701088055\n|move|p2a: Banette|Destiny Bond|p2a: Banette\n|-singlemove|p2a: Banette|Destiny Bond\n|move|p1a: Volcarona|Giga Drain|p2a: Banette\n|-damage|p2a: Banette|0 fnt\n|-heal|p1a: Volcarona|97\/100 tox|[from] drain|[of] p2a: Banette\n|faint|p2a: Banette\n|-activate|p2a: Banette|move: Destiny Bond\n|faint|p1a: Volcarona\n|\n|upkeep\n|\n|t:|1701088068\n|switch|p1a: Ogerpon|Ogerpon-Wellspring, F|100\/100\n|switch|p2a: Ting-Lu|Ting-Lu|100\/100\n|-ability|p2a: Ting-Lu|Vessel of Ruin\n|turn|11\n|\n|t:|1701088078\n|move|p1a: Ogerpon|Swords Dance|p1a: Ogerpon\n|-boost|p1a: Ogerpon|atk|2\n|move|p2a: Ting-Lu|Memento|p1a: Ogerpon\n|-unboost|p1a: Ogerpon|atk|2\n|-unboost|p1a: Ogerpon|spa|2\n|faint|p2a: Ting-Lu\n|\n|upkeep\n|\n|t:|1701088081\n|switch|p2a: Garchomp|Garchomp, F|100\/100\n|turn|12\n|\n|t:|1701088096\n|switch|p1a: Iron Valiant|Iron Valiant|100\/100\n|move|p2a: Garchomp|Scale Shot|p1a: Iron Valiant\n|-immune|p1a: Iron Valiant\n|\n|upkeep\n|turn|13\n|\n|t:|1701088106\n|switch|p2a: Volcarona|Volcarona, F|100\/100\n|move|p1a: Iron Valiant|Moonblast|p2a: Volcarona\n|-resisted|p2a: Volcarona\n|-damage|p2a: Volcarona|66\/100\n|\n|-heal|p2a: Volcarona|72\/100|[from] item: Leftovers\n|upkeep\n|turn|14\n|\n|t:|1701088129\n|-end|p1a: Iron Valiant|Quark Drive|[silent]\n|switch|p1a: Landorus|Landorus-Therian, M|72\/100 tox\n|-ability|p1a: Landorus|Intimidate|boost\n|-unboost|p2a: Volcarona|atk|1\n|move|p2a: Volcarona|Quiver Dance|p2a: Volcarona\n|-boost|p2a: Volcarona|spa|1\n|-boost|p2a: Volcarona|spd|1\n|-boost|p2a: Volcarona|spe|1\n|\n|-heal|p2a: Volcarona|78\/100|[from] item: Leftovers\n|-heal|p1a: Landorus|78\/100 tox|[from] item: Leftovers\n|-damage|p1a: Landorus|72\/100 tox|[from] psn\n|upkeep\n|turn|15\n|\n|t:|1701088137\n|move|p2a: Volcarona|Fiery Dance|p1a: Landorus\n|-damage|p1a: Landorus|0 fnt\n|faint|p1a: Landorus\n|\n|-heal|p2a: Volcarona|84\/100|[from] item: Leftovers\n|upkeep\n|\n|t:|1701088147\n|switch|p1a: Greninja|Greninja, M|100\/100\n|turn|16\n|\n|t:|1701088152\n|move|p2a: Volcarona|Bug Buzz|p1a: Greninja\n|-supereffective|p1a: Greninja\n|-damage|p1a: Greninja|0 fnt\n|faint|p1a: Greninja\n|\n|-heal|p2a: Volcarona|90\/100|[from] item: Leftovers\n|upkeep\n|\n|t:|1701088156\n|switch|p1a: Ogerpon|Ogerpon-Wellspring, F|100\/100\n|turn|17\n|\n|t:|1701088171\n|-terastallize|p2a: Volcarona|Electric\n|move|p2a: Volcarona|Tera Blast|p1a: Ogerpon|[anim] Tera Blast Electric\n|-damage|p1a: Ogerpon|22\/100\n|move|p1a: Ogerpon|Ivy Cudgel|p2a: Volcarona|[anim] Ivy Cudgel Water\n|-damage|p2a: Volcarona|0 fnt\n|faint|p2a: Volcarona\n|\n|upkeep\n|\n|t:|1701088185\n|switch|p2a: Garchomp|Garchomp, F|100\/100\n|turn|18\n|\n|t:|1701088189\n|move|p1a: Ogerpon|Ivy Cudgel|p2a: Garchomp|[anim] Ivy Cudgel Water\n|-damage|p2a: Garchomp|42\/100\n|move|p2a: Garchomp|Earthquake|p1a: Ogerpon\n|-resisted|p1a: Ogerpon\n|-damage|p1a: Ogerpon|0 fnt\n|faint|p1a: Ogerpon\n|\n|upkeep\n|\n|t:|1701088196\n|switch|p1a: Iron Valiant|Iron Valiant|100\/100\n|turn|19\n|\n|t:|1701088205\n|move|p1a: Iron Valiant|Aura Sphere|p2a: Garchomp\n|-damage|p2a: Garchomp|0 fnt\n|faint|p2a: Garchomp\n|\n|upkeep\n|\n|t:|1701088208\n|switch|p2a: Corviknight|Corviknight, F|73\/100\n|turn|20\n|\n|t:|1701088214\n|move|p1a: Iron Valiant|Aura Sphere|p2a: Corviknight\n|-damage|p2a: Corviknight|18\/100\n|move|p2a: Corviknight|Roost|p2a: Corviknight\n|-heal|p2a: Corviknight|68\/100\n|-singleturn|p2a: Corviknight|move: Roost\n|\n|upkeep\n|turn|21\n|\n|t:|1701088222\n|move|p1a: Iron Valiant|Aura Sphere|p2a: Corviknight\n|-damage|p2a: Corviknight|6\/100\n|move|p2a: Corviknight|U-turn|p1a: Iron Valiant\n|-resisted|p1a: Iron Valiant\n|-damage|p1a: Iron Valiant|96\/100\n|\n|upkeep\n|turn|22\n|\n|t:|1701088229\n|move|p1a: Iron Valiant|Aura Sphere|p2a: Corviknight\n|-damage|p2a: Corviknight|0 fnt\n|faint|p2a: Corviknight\n|\n|win|starlitbox\n|raw|starlitbox's rating: 1348 &rarr; <strong>1366<\/strong><br \/>(+18 for winning)\n|raw|RealMobileGamer's rating: 1318 &rarr; <strong>1300<\/strong><br \/>(-18 for losing)\n|l|\u2606RealMobileGamer\n","uploadtime":1701088236,"views":5,"p1id":"starlitbox","p2id":"realmobilegamer","formatid":"gen9nationaldex","rating":1300,"private":0,"password":""}