{"id":"gen9nationaldex-1993080652","p1":"Papamurph512","p2":"Fealieya","format":"[Gen 9] National Dex","log":"|j|\u2606Papamurph512\n|j|\u2606Fealieya\n|t:|1700262515\n|gametype|singles\n|player|p1|Papamurph512|2|1072\n|player|p2|Fealieya|266|1151\n|teamsize|p1|6\n|teamsize|p2|6\n|gen|9\n|tier|[Gen 9] National Dex\n|rated|\n|rule|HP Percentage Mod: HP is shown in percentages\n|rule|Endless Battle Clause: Forcing endless battles is banned\n|rule|OHKO Clause: OHKO moves are banned\n|rule|Evasion Clause: Evasion abilities, items, and moves are banned\n|rule|Evasion Abilities Clause: Evasion abilities are banned\n|rule|Evasion Items Clause: Evasion items are banned\n|rule|Evasion Moves Clause: Evasion moves are banned\n|rule|Species Clause: Limit one of each Pok\u00e9mon\n|rule|Sleep Clause Mod: Limit one foe put to sleep\n|clearpoke\n|poke|p1|Ursaluna, F|\n|poke|p1|Dragonite, F|\n|poke|p1|Corviknight, M|\n|poke|p1|Glimmora, F|\n|poke|p1|Iron Valiant|\n|poke|p1|Sneasler, F|\n|poke|p2|Alomomola, M|\n|poke|p2|Toxapex, M|\n|poke|p2|Moltres|\n|poke|p2|Pikachu, F|\n|poke|p2|Mawile, F|\n|poke|p2|Corviknight, M|\n|teampreview\n|\n|t:|1700262525\n|start\n|switch|p1a: Glimmora|Glimmora, F|100\/100\n|switch|p2a: Toxapex|Toxapex, M|100\/100\n|turn|1\n|inactive|Battle timer is ON: inactive players will automatically lose when time's up. (requested by Fealieya)\n|\n|t:|1700262533\n|move|p2a: Toxapex|Baneful Bunker|p2a: Toxapex\n|-singleturn|p2a: Toxapex|move: Protect\n|move|p1a: Glimmora|Stealth Rock|p2a: Toxapex\n|-sidestart|p2: Fealieya|move: Stealth Rock\n|\n|upkeep\n|turn|2\n|\n|t:|1700262542\n|switch|p2a: Moltres|Moltres|100\/100\n|move|p1a: Glimmora|Earth Power|p2a: Moltres\n|-immune|p2a: Moltres\n|\n|upkeep\n|turn|3\n|\n|t:|1700262548\n|move|p1a: Glimmora|Toxic|p2a: Moltres\n|-status|p2a: Moltres|tox\n|move|p2a: Moltres|Defog|p1a: Glimmora\n|-unboost|p1a: Glimmora|evasion|1\n|-sideend|p2: Fealieya|Stealth Rock|[from] move: Defog|[of] p2a: Moltres\n|\n|-damage|p2a: Moltres|94\/100 tox|[from] psn\n|upkeep\n|turn|4\n|\n|t:|1700262557\n|move|p1a: Glimmora|Stealth Rock|p2a: Moltres\n|-sidestart|p2: Fealieya|move: Stealth Rock\n|move|p2a: Moltres|Scorching Sands|p1a: Glimmora\n|-supereffective|p1a: Glimmora\n|-enditem|p1a: Glimmora|Focus Sash\n|-damage|p1a: Glimmora|1\/100\n|\n|-damage|p2a: Moltres|82\/100 tox|[from] psn\n|upkeep\n|turn|5\n|\n|t:|1700262567\n|move|p1a: Glimmora|Gunk Shot|p2a: Moltres|[miss]\n|-miss|p1a: Glimmora|p2a: Moltres\n|move|p2a: Moltres|Scorching Sands|p1a: Glimmora\n|-supereffective|p1a: Glimmora\n|-damage|p1a: Glimmora|0 fnt\n|faint|p1a: Glimmora\n|\n|-damage|p2a: Moltres|63\/100 tox|[from] psn\n|upkeep\n|\n|t:|1700262581\n|switch|p1a: Dragonite|Dragonite, F|100\/100\n|turn|6\n|\n|t:|1700262588\n|move|p2a: Moltres|Defog|p1a: Dragonite\n|-unboost|p1a: Dragonite|evasion|1\n|-sideend|p2: Fealieya|Stealth Rock|[from] move: Defog|[of] p2a: Moltres\n|move|p1a: Dragonite|Dragon Dance|p1a: Dragonite\n|-boost|p1a: Dragonite|atk|1\n|-boost|p1a: Dragonite|spe|1\n|\n|-damage|p2a: Moltres|38\/100 tox|[from] psn\n|upkeep\n|turn|7\n|\n|t:|1700262597\n|switch|p2a: Toxapex|Toxapex, M|100\/100\n|move|p1a: Dragonite|Dragon Dance|p1a: Dragonite\n|-boost|p1a: Dragonite|atk|1\n|-boost|p1a: Dragonite|spe|1\n|\n|upkeep\n|turn|8\n|\n|t:|1700262604\n|-terastallize|p2a: Toxapex|Dragon\n|move|p1a: Dragonite|Dragon Dance|p1a: Dragonite\n|-boost|p1a: Dragonite|atk|1\n|-boost|p1a: Dragonite|spe|1\n|move|p2a: Toxapex|Haze|p2a: Toxapex\n|-clearallboost\n|\n|upkeep\n|turn|9\n|\n|t:|1700262615\n|move|p1a: Dragonite|Dragon Dance|p1a: Dragonite\n|-boost|p1a: Dragonite|atk|1\n|-boost|p1a: Dragonite|spe|1\n|move|p2a: Toxapex|Toxic|p1a: Dragonite\n|-status|p1a: Dragonite|tox\n|\n|-damage|p1a: Dragonite|94\/100 tox|[from] psn\n|upkeep\n|turn|10\n|\n|t:|1700262623\n|move|p1a: Dragonite|Dragon Dance|p1a: Dragonite\n|-boost|p1a: Dragonite|atk|1\n|-boost|p1a: Dragonite|spe|1\n|move|p2a: Toxapex|Haze|p2a: Toxapex\n|-clearallboost\n|\n|-damage|p1a: Dragonite|82\/100 tox|[from] psn\n|upkeep\n|turn|11\n|\n|t:|1700262631\n|move|p2a: Toxapex|Baneful Bunker|p2a: Toxapex\n|-singleturn|p2a: Toxapex|move: Protect\n|move|p1a: Dragonite|Dragon Dance|p1a: Dragonite\n|-boost|p1a: Dragonite|atk|1\n|-boost|p1a: Dragonite|spe|1\n|\n|-damage|p1a: Dragonite|63\/100 tox|[from] psn\n|upkeep\n|turn|12\n|\n|t:|1700262640\n|move|p1a: Dragonite|Outrage|p2a: Toxapex\n|-supereffective|p2a: Toxapex\n|-damage|p2a: Toxapex|0 fnt\n|faint|p2a: Toxapex\n|\n|-damage|p1a: Dragonite|38\/100 tox|[from] psn\n|upkeep\n|\n|t:|1700262649\n|switch|p2a: Alomomola|Alomomola, M|100\/100\n|turn|13\n|\n|t:|1700262653\n|move|p1a: Dragonite|Outrage|p2a: Alomomola|[from]lockedmove\n|-damage|p2a: Alomomola|49\/100\n|move|p2a: Alomomola|Wish|p2a: Alomomola\n|\n|-heal|p2a: Alomomola|55\/100|[from] item: Leftovers\n|-damage|p1a: Dragonite|7\/100 tox|[from] psn\n|upkeep\n|-enditem|p1a: Dragonite|Aguav Berry|[eat]\n|-heal|p1a: Dragonite|40\/100 tox|[from] item: Aguav Berry\n|turn|14\n|\n|t:|1700262664\n|switch|p2a: Corviknight|Corviknight, M|100\/100\n|move|p1a: Dragonite|Outrage|p2a: Corviknight|[from]lockedmove\n|-resisted|p2a: Corviknight\n|-damage|p2a: Corviknight|68\/100\n|-damage|p1a: Dragonite|24\/100 tox|[from] item: Rocky Helmet|[of] p2a: Corviknight\n|-start|p1a: Dragonite|confusion|[fatigue]\n|\n|-heal|p2a: Corviknight|100\/100|[from] move: Wish|[wisher] Alomomola\n|-damage|p1a: Dragonite|0 fnt|[from] psn\n|faint|p1a: Dragonite\n|upkeep\n|inactive|Papamurph512 has 120 seconds left.\n|\n|t:|1700262693\n|switch|p1a: Iron Valiant|Iron Valiant|100\/100\n|-enditem|p1a: Iron Valiant|Booster Energy\n|-activate|p1a: Iron Valiant|ability: Quark Drive|[fromitem]\n|-start|p1a: Iron Valiant|quarkdrivespe\n|turn|15\n|\n|t:|1700262700\n|move|p1a: Iron Valiant|Swords Dance|p1a: Iron Valiant\n|-boost|p1a: Iron Valiant|atk|2\n|move|p2a: Corviknight|Iron Defense|p2a: Corviknight\n|-boost|p2a: Corviknight|def|2\n|\n|upkeep\n|turn|16\n|\n|t:|1700262709\n|move|p1a: Iron Valiant|Drain Punch|p2a: Corviknight\n|-damage|p2a: Corviknight|78\/100\n|-damage|p1a: Iron Valiant|84\/100|[from] item: Rocky Helmet|[of] p2a: Corviknight\n|move|p2a: Corviknight|Iron Defense|p2a: Corviknight\n|-boost|p2a: Corviknight|def|2\n|\n|upkeep\n|turn|17\n|l|\u2606Papamurph512\n|inactive|Papamurph512 disconnected and has a minute to reconnect!\n|player|p1|\n|inactive|Papamurph512 has 30 seconds to reconnect!\n|inactive|Papamurph512 has 20 seconds to reconnect!\n|inactive|Papamurph512 has 15 seconds to reconnect!\n|inactive|Papamurph512 has 10 seconds to reconnect!\n|inactive|Papamurph512 has 5 seconds to reconnect!\n|-message|Papamurph512 lost due to inactivity.\n|\n|win|Fealieya\n|raw|Papamurph512's rating: 1072 &rarr; <strong>1056<\/strong><br \/>(-16 for losing)\n|raw|Fealieya's rating: 1151 &rarr; <strong>1170<\/strong><br \/>(+19 for winning)\n","uploadtime":1700262780,"views":7,"p1id":"papamurph512","p2id":"fealieya","formatid":"gen9nationaldex","rating":1056,"private":0,"password":""}