{"id":"gen9nationaldex-1997856777","p1":"JoyBoy37","p2":"rotcivfontes","format":"[Gen 9] National Dex","log":"|html|<div class=\"broadcast-blue\"><strong>[Gen 9] National Dex is currently suspecting Sneasler! For information on how to participate check out the <a href=\"https:\/\/www.smogon.com\/forums\/threads\/sv-national-dex-suspect-8-just-dance.3731534\/\">suspect thread<\/a>.<\/strong><\/div>\n|j|\u2606JoyBoy37\n|j|\u2606rotcivfontes\n|t:|1700860329\n|gametype|singles\n|player|p1|JoyBoy37|nate|1048\n|player|p2|rotcivfontes|ethan|1092\n|teamsize|p1|6\n|teamsize|p2|6\n|gen|9\n|tier|[Gen 9] National Dex\n|rated|\n|rule|HP Percentage Mod: HP is shown in percentages\n|rule|Endless Battle Clause: Forcing endless battles is banned\n|rule|OHKO Clause: OHKO moves are banned\n|rule|Evasion Clause: Evasion abilities, items, and moves are banned\n|rule|Evasion Abilities Clause: Evasion abilities are banned\n|rule|Evasion Items Clause: Evasion items are banned\n|rule|Evasion Moves Clause: Evasion moves are banned\n|rule|Species Clause: Limit one of each Pok\u00e9mon\n|rule|Sleep Clause Mod: Limit one foe put to sleep\n|clearpoke\n|poke|p1|Corviknight, F|\n|poke|p1|Salazzle, F|\n|poke|p1|Primeape, M|\n|poke|p1|Politoed, F|\n|poke|p1|Heracross, F|\n|poke|p1|Meowscarada, F|\n|poke|p2|Dragonair, M|\n|poke|p2|Ditto|\n|poke|p2|Flygon, F|\n|poke|p2|Dragonite, M|\n|poke|p2|Marowak-Alola, M|\n|poke|p2|Farigiraf, F|\n|teampreview\n|\n|t:|1700860335\n|start\n|switch|p1a: Metallica|Corviknight, F|100\/100\n|switch|p2a: Ditto|Ditto|100\/100\n|-transform|p2a: Ditto|p1a: Metallica|[from] ability: Imposter\n|turn|1\n|\n|t:|1700860350\n|-terastallize|p2a: Ditto|Normal\n|move|p2a: Ditto|Brave Bird|p1a: Metallica\n|-resisted|p1a: Metallica\n|-damage|p1a: Metallica|78\/100\n|-damage|p2a: Ditto|90\/100|[from] Recoil\n|move|p1a: Metallica|Light Screen|p1a: Metallica\n|-sidestart|p1: JoyBoy37|move: Light Screen\n|\n|upkeep\n|turn|2\n|\n|t:|1700860366\n|switch|p2a: Flygon|Flygon, F|100\/100\n|move|p1a: Metallica|Reflect|p1a: Metallica\n|-sidestart|p1: JoyBoy37|Reflect\n|\n|upkeep\n|turn|3\n|\n|t:|1700860383\n|move|p2a: Flygon|Earthquake|p1a: Metallica\n|-immune|p1a: Metallica\n|move|p1a: Metallica|Iron Head|p2a: Flygon\n|-damage|p2a: Flygon|54\/100\n|\n|upkeep\n|turn|4\n|\n|t:|1700860390\n|switch|p2a: Ditto|Ditto, tera:Normal|90\/100\n|-transform|p2a: Ditto|p1a: Metallica|[from] ability: Imposter\n|move|p1a: Metallica|Iron Head|p2a: Ditto\n|-damage|p2a: Ditto|54\/100\n|\n|upkeep\n|turn|5\n|\n|t:|1700860399\n|move|p2a: Ditto|Reflect|p2a: Ditto\n|-sidestart|p2: rotcivfontes|Reflect\n|move|p1a: Metallica|Iron Head|p2a: Ditto\n|-damage|p2a: Ditto|33\/100\n|\n|upkeep\n|turn|6\n|\n|t:|1700860408\n|switch|p2a: Dragonair|Dragonair, M|100\/100\n|switch|p1a: Khaji-Da|Heracross, F|100\/100\n|\n|upkeep\n|turn|7\n|\n|t:|1700860423\n|move|p1a: Khaji-Da|Brick Break|p2a: Dragonair\n|-sideend|p2: rotcivfontes|Reflect\n|-damage|p2a: Dragonair|31\/100\n|move|p2a: Dragonair|Blizzard|p1a: Khaji-Da\n|-damage|p1a: Khaji-Da|88\/100\n|-damage|p2a: Dragonair|21\/100|[from] item: Life Orb\n|\n|upkeep\n|turn|8\n|\n|t:|1700860432\n|move|p1a: Khaji-Da|Brick Break|p2a: Dragonair\n|-damage|p2a: Dragonair|0 fnt\n|faint|p2a: Dragonair\n|-ability|p1a: Khaji-Da|Moxie|boost\n|-boost|p1a: Khaji-Da|atk|1\n|\n|-sideend|p1: JoyBoy37|move: Light Screen\n|upkeep\n|\n|t:|1700860441\n|switch|p2a: Ditto|Ditto, tera:Normal|33\/100\n|-transform|p2a: Ditto|p1a: Khaji-Da|[from] ability: Imposter\n|turn|9\n|\n|t:|1700860446\n|move|p2a: Ditto|Brick Break|p1a: Khaji-Da\n|-sideend|p1: JoyBoy37|Reflect\n|-resisted|p1a: Khaji-Da\n|-damage|p1a: Khaji-Da|49\/100\n|move|p1a: Khaji-Da|Brick Break|p2a: Ditto\n|-supereffective|p2a: Ditto\n|-damage|p2a: Ditto|0 fnt\n|faint|p2a: Ditto\n|-ability|p1a: Khaji-Da|Moxie|boost\n|-boost|p1a: Khaji-Da|atk|1\n|\n|upkeep\n|\n|t:|1700860456\n|switch|p2a: Marowak|Marowak-Alola, M|100\/100\n|turn|10\n|\n|t:|1700860462\n|-terastallize|p1a: Khaji-Da|Rock\n|move|p1a: Khaji-Da|Rock Slide|p2a: Marowak\n|-supereffective|p2a: Marowak\n|-damage|p2a: Marowak|0 fnt\n|faint|p2a: Marowak\n|-ability|p1a: Khaji-Da|Moxie|boost\n|-boost|p1a: Khaji-Da|atk|1\n|\n|upkeep\n|\n|t:|1700860472\n|switch|p2a: Flygon|Flygon, F|54\/100\n|turn|11\n|\n|t:|1700860485\n|move|p2a: Flygon|Earthquake|p1a: Khaji-Da\n|-supereffective|p1a: Khaji-Da\n|-damage|p1a: Khaji-Da|0 fnt\n|faint|p1a: Khaji-Da\n|\n|upkeep\n|\n|t:|1700860496\n|switch|p1a: Eve|Meowscarada, F|100\/100\n|turn|12\n|\n|t:|1700860500\n|move|p2a: Flygon|Earthquake|p1a: Eve\n|-resisted|p1a: Eve\n|-damage|p1a: Eve|67\/100\n|move|p1a: Eve|Play Rough|p2a: Flygon\n|-start|p1a: Eve|typechange|Fairy|[from] ability: Protean\n|-supereffective|p2a: Flygon\n|-damage|p2a: Flygon|0 fnt\n|faint|p2a: Flygon\n|\n|upkeep\n|\n|t:|1700860511\n|switch|p2a: Dragonite|Dragonite, M|100\/100\n|turn|13\n|\n|t:|1700860515\n|move|p1a: Eve|Play Rough|p2a: Dragonite\n|-supereffective|p2a: Dragonite\n|-damage|p2a: Dragonite|54\/100\n|-unboost|p2a: Dragonite|atk|1\n|-zpower|p2a: Dragonite\n|move|p2a: Dragonite|Supersonic Skystrike|p1a: Eve|[zeffect]\n|-damage|p1a: Eve|0 fnt\n|faint|p1a: Eve\n|\n|upkeep\n|\n|t:|1700860545\n|switch|p1a: Sala|Salazzle, F|100\/100\n|turn|14\n|\n|t:|1700860558\n|move|p1a: Sala|Dragon Rage|p2a: Dragonite\n|-damage|p2a: Dragonite|41\/100\n|move|p2a: Dragonite|Draco Meteor|p1a: Sala\n|-damage|p1a: Sala|47\/100\n|-unboost|p2a: Dragonite|spa|2\n|\n|upkeep\n|turn|15\n|\n|t:|1700860569\n|move|p1a: Sala|Fire Blast|p2a: Dragonite|[miss]\n|-miss|p1a: Sala|p2a: Dragonite\n|move|p2a: Dragonite|Draco Meteor|p1a: Sala\n|-damage|p1a: Sala|21\/100\n|-unboost|p2a: Dragonite|spa|2\n|\n|upkeep\n|turn|16\n|\n|t:|1700860578\n|move|p1a: Sala|Sludge Bomb|p2a: Dragonite\n|-damage|p2a: Dragonite|0 fnt\n|faint|p2a: Dragonite\n|\n|upkeep\n|\n|t:|1700860583\n|switch|p2a: Farigiraf|Farigiraf, F|100\/100\n|turn|17\n|\n|t:|1700860589\n|move|p1a: Sala|Knock Off|p2a: Farigiraf\n|-supereffective|p2a: Farigiraf\n|-damage|p2a: Farigiraf|63\/100\n|-enditem|p2a: Farigiraf|Sitrus Berry|[from] move: Knock Off|[of] p1a: Sala\n|move|p2a: Farigiraf|Dazzling Gleam|p1a: Sala\n|-resisted|p1a: Sala\n|-damage|p1a: Sala|14\/100\n|\n|upkeep\n|turn|18\n|\n|t:|1700860598\n|move|p1a: Sala|Fire Blast|p2a: Farigiraf\n|-damage|p2a: Farigiraf|0 fnt\n|faint|p2a: Farigiraf\n|\n|win|JoyBoy37\n|raw|JoyBoy37's rating: 1048 &rarr; <strong>1085<\/strong><br \/>(+37 for winning)\n|raw|rotcivfontes's rating: 1092 &rarr; <strong>1065<\/strong><br \/>(-27 for losing)\n|l|\u2606rotcivfontes\n|c|\u2606JoyBoy37|GG\n|c|\u2606JoyBoy37|oop\n|c|\u2606JoyBoy37|salty\n","uploadtime":1700860620,"views":2,"p1id":"joyboy37","p2id":"rotcivfontes","formatid":"gen9nationaldex","rating":1065,"private":0,"password":""}