{"id":"gen9nationaldex-1987126622","p1":"Lameflame","p2":"Chino TTT","format":"[Gen 9] National Dex","log":"|j|\u2606Lameflame\n|j|\u2606Chino TTT\n|inactive|Battle timer is ON: inactive players will automatically lose when time's up.\n|t:|1699558247\n|gametype|singles\n|player|p1|Lameflame|#ndpliiigalarianphoenix|\n|player|p2|Chino TTT|wulfric|\n|teamsize|p1|6\n|teamsize|p2|6\n|gen|9\n|tier|[Gen 9] National Dex\n|rated|Tournament battle\n|rule|HP Percentage Mod: HP is shown in percentages\n|rule|Endless Battle Clause: Forcing endless battles is banned\n|rule|OHKO Clause: OHKO moves are banned\n|rule|Evasion Clause: Evasion abilities, items, and moves are banned\n|rule|Evasion Abilities Clause: Evasion abilities are banned\n|rule|Evasion Items Clause: Evasion items are banned\n|rule|Evasion Moves Clause: Evasion moves are banned\n|rule|Species Clause: Limit one of each Pok\u00e9mon\n|rule|Sleep Clause Mod: Limit one foe put to sleep\n|clearpoke\n|poke|p1|Tornadus-Therian, M|\n|poke|p1|Aegislash, M|\n|poke|p1|Latias, F|\n|poke|p1|Ditto|\n|poke|p1|Alomomola, M|\n|poke|p1|Ting-Lu|\n|poke|p2|Clodsire, F|\n|poke|p2|Baxcalibur, F|\n|poke|p2|Doublade, M|\n|poke|p2|Dondozo, M|\n|poke|p2|Gliscor, M|\n|poke|p2|Slowking, F|\n|teampreview\n|j| asoespresso\n|j| Sarim_m\n|c|\u2606Chino TTT|My phone on 1 percent so I\u2019ll disconnect midway\n|c|\u2606Chino TTT|glhf\n|inactive|Chino TTT has 120 seconds left.\n|c|\u2606Lameflame|all good\n|c|\u2606Chino TTT|Sorry\n|\n|t:|1699558287\n|start\n|switch|p1a: Tornadus|Tornadus-Therian, M, shiny|100\/100\n|switch|p2a: Baxcalibur|Baxcalibur, F|100\/100\n|turn|1\n|\n|t:|1699558293\n|switch|p1a: Alomomola|Alomomola, M, shiny|100\/100\n|move|p2a: Baxcalibur|Swords Dance|p2a: Baxcalibur\n|-boost|p2a: Baxcalibur|atk|2\n|\n|upkeep\n|turn|2\n|\n|t:|1699558298\n|move|p1a: Alomomola|Protect|p1a: Alomomola\n|-singleturn|p1a: Alomomola|Protect\n|move|p2a: Baxcalibur|Glaive Rush|p1a: Alomomola\n|-activate|p1a: Alomomola|move: Protect\n|\n|upkeep\n|turn|3\n|j| Guave\n|j| hatsir\n|inactive|Lameflame has 120 seconds left.\n|\n|t:|1699558331\n|move|p2a: Baxcalibur|Glaive Rush|p1a: Alomomola\n|-damage|p1a: Alomomola|11\/100\n|-singlemove|p2a: Baxcalibur|Glaive Rush|[silent]\n|move|p1a: Alomomola|Flip Turn|p2a: Baxcalibur\n|-resisted|p2a: Baxcalibur\n|-damage|p2a: Baxcalibur|85\/100\n|\n|t:|1699558335\n|switch|p1a: Tornadus|Tornadus-Therian, M, shiny|100\/100|[from] Flip Turn\n|\n|upkeep\n|turn|4\n|j| Toxic Ariados\n|\n|t:|1699558342\n|move|p2a: Baxcalibur|Ice Shard|p1a: Tornadus\n|-supereffective|p1a: Tornadus\n|-crit|p1a: Tornadus\n|-damage|p1a: Tornadus|0 fnt\n|faint|p1a: Tornadus\n|\n|upkeep\n|c| Toxic Ariados|oh boy\n|\n|t:|1699558347\n|switch|p1a: Ditto|Ditto|100\/100\n|-transform|p1a: Ditto|p2a: Baxcalibur|[from] ability: Imposter\n|turn|5\n|c| Toxic Ariados|its doublade v aegislash\n|\n|t:|1699558353\n|switch|p2a: Doublade|Doublade, M, shiny|100\/100\n|move|p1a: Ditto|Glaive Rush|p2a: Doublade\n|-resisted|p2a: Doublade\n|-damage|p2a: Doublade|62\/100\n|-singlemove|p1a: Ditto|Glaive Rush|[silent]\n|\n|upkeep\n|turn|6\n|\n|t:|1699558360\n|switch|p1a: Alomomola|Alomomola, M, shiny|44\/100\n|switch|p2a: Baxcalibur|Baxcalibur, F|85\/100\n|\n|upkeep\n|turn|7\n|\n|t:|1699558372\n|move|p2a: Baxcalibur|Glaive Rush|p1a: Alomomola\n|-damage|p1a: Alomomola|0 fnt\n|-singlemove|p2a: Baxcalibur|Glaive Rush|[silent]\n|faint|p1a: Alomomola\n|\n|upkeep\n|\n|t:|1699558376\n|switch|p1a: Ditto|Ditto|100\/100\n|-transform|p1a: Ditto|p2a: Baxcalibur|[from] ability: Imposter\n|turn|8\n|\n|t:|1699558381\n|switch|p2a: Doublade|Doublade, M, shiny|62\/100\n|move|p1a: Ditto|Glaive Rush|p2a: Doublade\n|-resisted|p2a: Doublade\n|-damage|p2a: Doublade|44\/100\n|-singlemove|p1a: Ditto|Glaive Rush|[silent]\n|\n|upkeep\n|turn|9\n|c|\u2606Lameflame|made this team for when bax is gone, don't have anything for it really\n|\n|t:|1699558394\n|switch|p1a: Ting-Lu|Ting-Lu|100\/100\n|-ability|p1a: Ting-Lu|Vessel of Ruin\n|move|p2a: Doublade|Gyro Ball|p1a: Ting-Lu\n|-damage|p1a: Ting-Lu|87\/100\n|\n|-heal|p1a: Ting-Lu|93\/100|[from] item: Leftovers\n|upkeep\n|turn|10\n|c|\u2606Chino TTT|Sorry\n|c|\u2606Chino TTT|It\u2019s the only team I have on my phone\n|j|+sealoo\n|\n|t:|1699558416\n|switch|p2a: Gliscor|Gliscor, M, shiny|100\/100\n|move|p1a: Ting-Lu|Stealth Rock|p2a: Gliscor\n|-sidestart|p2: Chino TTT|move: Stealth Rock\n|\n|-heal|p1a: Ting-Lu|99\/100|[from] item: Leftovers\n|-status|p2a: Gliscor|tox|[from] item: Toxic Orb\n|upkeep\n|turn|11\n|\n|t:|1699558419\n|move|p2a: Gliscor|Toxic|p1a: Ting-Lu\n|-status|p1a: Ting-Lu|tox\n|move|p1a: Ting-Lu|Spikes|p2a: Gliscor\n|-sidestart|p2: Chino TTT|Spikes\n|\n|-heal|p1a: Ting-Lu|100\/100 tox|[from] item: Leftovers\n|-damage|p1a: Ting-Lu|94\/100 tox|[from] psn\n|upkeep\n|turn|12\n|\n|t:|1699558421\n|move|p2a: Gliscor|Toxic|p1a: Ting-Lu\n|-fail|p1a: Ting-Lu|tox\n|move|p1a: Ting-Lu|Spikes|p2a: Gliscor\n|-sidestart|p2: Chino TTT|Spikes\n|\n|-heal|p1a: Ting-Lu|100\/100 tox|[from] item: Leftovers\n|-damage|p1a: Ting-Lu|88\/100 tox|[from] psn\n|upkeep\n|turn|13\n|\n|t:|1699558422\n|move|p2a: Gliscor|Stealth Rock|p1a: Ting-Lu\n|-sidestart|p1: Lameflame|move: Stealth Rock\n|move|p1a: Ting-Lu|Whirlwind|p2a: Gliscor\n|drag|p2a: Dondozo|Dondozo, M|100\/100\n|\n|-heal|p1a: Ting-Lu|94\/100 tox|[from] item: Leftovers\n|-damage|p1a: Ting-Lu|76\/100 tox|[from] psn\n|upkeep\n|turn|14\n|l| hatsir\n|\n|t:|1699558425\n|switch|p2a: Gliscor|Gliscor, M, shiny|100\/100 tox\n|-damage|p2a: Gliscor|88\/100 tox|[from] Stealth Rock\n|move|p1a: Ting-Lu|Spikes|p2a: Gliscor\n|-sidestart|p2: Chino TTT|Spikes\n|\n|-heal|p1a: Ting-Lu|82\/100 tox|[from] item: Leftovers\n|-heal|p2a: Gliscor|100\/100 tox|[from] ability: Poison Heal\n|-damage|p1a: Ting-Lu|57\/100 tox|[from] psn\n|upkeep\n|turn|15\n|\n|t:|1699558428\n|move|p2a: Gliscor|Earthquake|p1a: Ting-Lu\n|-damage|p1a: Ting-Lu|39\/100 tox\n|move|p1a: Ting-Lu|Whirlwind|p2a: Gliscor\n|drag|p2a: Slowking|Slowking, F|100\/100\n|\n|-heal|p1a: Ting-Lu|45\/100 tox|[from] item: Leftovers\n|-damage|p1a: Ting-Lu|14\/100 tox|[from] psn\n|upkeep\n|turn|16\n|\n|t:|1699558432\n|move|p1a: Ting-Lu|Earthquake|p2a: Slowking\n|-damage|p2a: Slowking|64\/100\n|move|p2a: Slowking|Future Sight|p1a: Ting-Lu\n|-start|p2a: Slowking|move: Future Sight\n|\n|-heal|p1a: Ting-Lu|20\/100 tox|[from] item: Leftovers\n|-damage|p1a: Ting-Lu|0 fnt|[from] psn\n|faint|p1a: Ting-Lu\n|upkeep\n|\n|t:|1699558434\n|switch|p1a: Latias|Latias, F|100\/100\n|-damage|p1a: Latias|88\/100|[from] Stealth Rock\n|turn|17\n|\n|t:|1699558438\n|detailschange|p1a: Latias|Latias-Mega, F\n|-mega|p1a: Latias|Latias|Latiasite\n|move|p1a: Latias|Substitute|p1a: Latias\n|-start|p1a: Latias|Substitute\n|-damage|p1a: Latias|63\/100\n|move|p2a: Slowking|Chilly Reception|p2a: Slowking\n|-weather|Snow\n|\n|t:|1699558440\n|switch|p2a: Baxcalibur|Baxcalibur, F|85\/100|[from] Chilly Reception\n|\n|-weather|Snow|[upkeep]\n|-heal|p2a: Baxcalibur|92\/100|[from] ability: Ice Body\n|upkeep\n|turn|18\n|\n|t:|1699558448\n|move|p2a: Baxcalibur|Ice Shard|p1a: Latias\n|-supereffective|p1a: Latias\n|-end|p1a: Latias|Substitute\n|move|p1a: Latias|Recover|p1a: Latias\n|-heal|p1a: Latias|100\/100\n|\n|-weather|Snow|[upkeep]\n|-heal|p2a: Baxcalibur|98\/100|[from] ability: Ice Body\n|-end|p1a: Latias|move: Future Sight\n|-resisted|p1a: Latias\n|-damage|p1a: Latias|88\/100\n|upkeep\n|turn|19\n|\n|t:|1699558451\n|switch|p1a: Aegislash|Aegislash, M|100\/100\n|-damage|p1a: Aegislash|94\/100|[from] Stealth Rock\n|move|p2a: Baxcalibur|Glaive Rush|p1a: Aegislash\n|-resisted|p1a: Aegislash\n|-damage|p1a: Aegislash|67\/100\n|-singlemove|p2a: Baxcalibur|Glaive Rush|[silent]\n|\n|-weather|Snow|[upkeep]\n|-heal|p2a: Baxcalibur|100\/100|[from] ability: Ice Body\n|-heal|p1a: Aegislash|73\/100|[from] item: Leftovers\n|upkeep\n|turn|20\n|\n|t:|1699558456\n|-terastallize|p2a: Baxcalibur|Fire\n|move|p2a: Baxcalibur|Tera Blast|p1a: Aegislash|[anim] Tera Blast Fire\n|-supereffective|p1a: Aegislash\n|-damage|p1a: Aegislash|0 fnt\n|faint|p1a: Aegislash\n|\n|-weather|Snow|[upkeep]\n|upkeep\n|\n|t:|1699558459\n|switch|p1a: Ditto|Ditto|100\/100\n|-damage|p1a: Ditto|88\/100|[from] Stealth Rock\n|-transform|p1a: Ditto|p2a: Baxcalibur|[from] ability: Imposter\n|-start|p1a: Ditto|typechange|Dragon\/Ice|[silent]\n|turn|21\n|\n|t:|1699558462\n|move|p1a: Ditto|Glaive Rush|p2a: Baxcalibur\n|-damage|p2a: Baxcalibur|25\/100\n|-singlemove|p1a: Ditto|Glaive Rush|[silent]\n|move|p2a: Baxcalibur|Glaive Rush|p1a: Ditto\n|-supereffective|p1a: Ditto\n|-damage|p1a: Ditto|0 fnt\n|-singlemove|p2a: Baxcalibur|Glaive Rush|[silent]\n|faint|p1a: Ditto\n|\n|-weather|none\n|upkeep\n|\n|t:|1699558465\n|switch|p1a: Latias|Latias-Mega, F|88\/100\n|-damage|p1a: Latias|75\/100|[from] Stealth Rock\n|turn|22\n|\n|t:|1699558467\n|move|p2a: Baxcalibur|Ice Shard|p1a: Latias\n|-supereffective|p1a: Latias\n|-damage|p1a: Latias|38\/100\n|move|p1a: Latias|Stored Power|p2a: Baxcalibur\n|-damage|p2a: Baxcalibur|15\/100\n|\n|upkeep\n|turn|23\n|\n|t:|1699558470\n|move|p2a: Baxcalibur|Ice Shard|p1a: Latias\n|-supereffective|p1a: Latias\n|-damage|p1a: Latias|0 fnt\n|faint|p1a: Latias\n|\n|win|Chino TTT\n|n|\u2606Lameflame|lameflame\n|n|\u2606Chino TTT|chinottt\n|n| asoespresso|asoespresso\n|n| Sarim_m|sarimm\n|n| Guave|guave\n|n| Toxic Ariados|toxicariados\n|n| sealoo|sealoo\n","uploadtime":1699558471,"views":16,"p1id":"lameflame","p2id":"chinottt","formatid":"gen9nationaldex","rating":0,"private":0,"password":""}