{"id":"gen9nationaldex-1989348774","p1":"schoolteen","p2":"GunGalione","format":"[Gen 9] National Dex","log":"|j|\u2606schoolteen\n|j|\u2606GunGalione\n|t:|1699839270\n|gametype|singles\n|player|p1|schoolteen|clerk|1139\n|player|p2|GunGalione|pokemonranger-gen4|1069\n|teamsize|p1|6\n|teamsize|p2|6\n|gen|9\n|tier|[Gen 9] National Dex\n|rated|\n|rule|HP Percentage Mod: HP is shown in percentages\n|rule|Endless Battle Clause: Forcing endless battles is banned\n|rule|OHKO Clause: OHKO moves are banned\n|rule|Evasion Clause: Evasion abilities, items, and moves are banned\n|rule|Evasion Abilities Clause: Evasion abilities are banned\n|rule|Evasion Items Clause: Evasion items are banned\n|rule|Evasion Moves Clause: Evasion moves are banned\n|rule|Species Clause: Limit one of each Pok\u00e9mon\n|rule|Sleep Clause Mod: Limit one foe put to sleep\n|clearpoke\n|poke|p1|Marowak-Alola, F|\n|poke|p1|Keldeo-Resolute|\n|poke|p1|Latias, F|\n|poke|p1|Celesteela|\n|poke|p1|Iron Leaves|\n|poke|p1|Barraskewda, F|\n|poke|p2|Ninetales-Alola, F|\n|poke|p2|Ribombee, F|\n|poke|p2|Grimmsnarl, M|\n|poke|p2|Tapu Fini|\n|poke|p2|Sylveon, F|\n|poke|p2|Rapidash-Galar, F|\n|teampreview\n|\n|t:|1699839284\n|start\n|switch|p1a: Barraskewda|Barraskewda, F|100\/100\n|switch|p2a: Grimmsnarl|Grimmsnarl, M|100\/100\n|turn|1\n|\n|t:|1699839291\n|-terastallize|p1a: Barraskewda|Water\n|move|p2a: Grimmsnarl|Trick|p1a: Barraskewda\n|-activate|p2a: Grimmsnarl|move: Trick|[of] p1a: Barraskewda\n|-item|p1a: Barraskewda|Choice Band|[from] move: Trick\n|-item|p2a: Grimmsnarl|Choice Band|[from] move: Trick\n|move|p1a: Barraskewda|Liquidation|p2a: Grimmsnarl\n|-damage|p2a: Grimmsnarl|34\/100\n|-unboost|p2a: Grimmsnarl|def|1\n|\n|upkeep\n|turn|2\n|\n|t:|1699839305\n|move|p2a: Grimmsnarl|Parting Shot|p1a: Barraskewda\n|-unboost|p1a: Barraskewda|atk|1\n|-unboost|p1a: Barraskewda|spa|1\n|\n|t:|1699839309\n|switch|p2a: Tapu Fini|Tapu Fini|100\/100|[from] Parting Shot\n|-fieldstart|move: Misty Terrain|[from] ability: Misty Surge|[of] p2a: Tapu Fini\n|move|p1a: Barraskewda|Liquidation|p2a: Tapu Fini\n|-resisted|p2a: Tapu Fini\n|-damage|p2a: Tapu Fini|81\/100\n|\n|upkeep\n|turn|3\n|\n|t:|1699839322\n|switch|p1a: Celesteela|Celesteela|100\/100\n|switch|p2a: Ninetales|Ninetales-Alola, F|100\/100\n|-weather|Snow|[from] ability: Snow Warning|[of] p2a: Ninetales\n|-enditem|p2a: Ninetales|Misty Seed\n|-boost|p2a: Ninetales|spd|1|[from] item: Misty Seed\n|\n|-weather|Snow|[upkeep]\n|upkeep\n|turn|4\n|\n|t:|1699839333\n|-terastallize|p2a: Ninetales|Water\n|move|p2a: Ninetales|Nasty Plot|p2a: Ninetales\n|-boost|p2a: Ninetales|spa|2\n|move|p1a: Celesteela|Flame Charge|p2a: Ninetales\n|-resisted|p2a: Ninetales\n|-damage|p2a: Ninetales|91\/100\n|-boost|p1a: Celesteela|spe|1\n|\n|-weather|Snow|[upkeep]\n|upkeep\n|turn|5\n|\n|t:|1699839344\n|move|p2a: Ninetales|Blizzard|p1a: Celesteela\n|-damage|p1a: Celesteela|38\/100\n|move|p1a: Celesteela|Flame Charge|p2a: Ninetales\n|-resisted|p2a: Ninetales\n|-crit|p2a: Ninetales\n|-damage|p2a: Ninetales|77\/100\n|-boost|p1a: Celesteela|spe|1\n|\n|-weather|Snow|[upkeep]\n|upkeep\n|turn|6\n|l|\u2606schoolteen\n|player|p1|\n|inactive|Battle timer is ON: inactive players will automatically lose when time's up. (requested by GunGalione)\n|j|\u2606schoolteen\n|inactive|schoolteen reconnected and has 145 seconds left.\n|player|p1|schoolteen|clerk\n|\n|t:|1699839393\n|move|p1a: Celesteela|Earthquake|p2a: Ninetales\n|-damage|p2a: Ninetales|40\/100\n|move|p2a: Ninetales|Blizzard|p1a: Celesteela\n|-damage|p1a: Celesteela|0 fnt\n|faint|p1a: Celesteela\n|\n|-weather|Snow|[upkeep]\n|upkeep\n|\n|t:|1699839400\n|switch|p1a: Iron Leaves|Iron Leaves|100\/100\n|-enditem|p1a: Iron Leaves|Booster Energy\n|-activate|p1a: Iron Leaves|ability: Quark Drive|[fromitem]\n|-start|p1a: Iron Leaves|quarkdriveatk\n|turn|7\n|\n|t:|1699839417\n|move|p2a: Ninetales|Blizzard|p1a: Iron Leaves\n|-supereffective|p1a: Iron Leaves\n|-damage|p1a: Iron Leaves|0 fnt\n|faint|p1a: Iron Leaves\n|-end|p1a: Iron Leaves|Quark Drive|[silent]\n|\n|-weather|none\n|upkeep\n|\n|t:|1699839426\n|switch|p1a: Barraskewda|Barraskewda, F, tera:Water|100\/100\n|turn|8\n|\n|t:|1699839436\n|switch|p2a: Tapu Fini|Tapu Fini|81\/100\n|move|p1a: Barraskewda|Liquidation|p2a: Tapu Fini\n|-resisted|p2a: Tapu Fini\n|-crit|p2a: Tapu Fini\n|-damage|p2a: Tapu Fini|31\/100\n|\n|upkeep\n|turn|9\n|\n|t:|1699839453\n|move|p1a: Barraskewda|Liquidation|p2a: Tapu Fini\n|-resisted|p2a: Tapu Fini\n|-damage|p2a: Tapu Fini|0 fnt\n|faint|p2a: Tapu Fini\n|\n|-fieldend|Misty Terrain\n|upkeep\n|\n|t:|1699839454\n|switch|p2a: Ribombee|Ribombee, F|100\/100\n|turn|10\n|\n|t:|1699839467\n|move|p1a: Barraskewda|Liquidation|p2a: Ribombee\n|-enditem|p2a: Ribombee|Focus Sash\n|-damage|p2a: Ribombee|1\/100\n|move|p2a: Ribombee|Sticky Web|p1a: Barraskewda\n|-sidestart|p1: schoolteen|move: Sticky Web\n|\n|upkeep\n|turn|11\n|\n|t:|1699839476\n|move|p1a: Barraskewda|Liquidation|p2a: Ribombee\n|-damage|p2a: Ribombee|0 fnt\n|faint|p2a: Ribombee\n|\n|upkeep\n|\n|t:|1699839487\n|switch|p2a: Grimmsnarl|Grimmsnarl, M|34\/100\n|turn|12\n|\n|t:|1699839492\n|move|p2a: Grimmsnarl|Parting Shot|p1a: Barraskewda\n|-unboost|p1a: Barraskewda|atk|1\n|-unboost|p1a: Barraskewda|spa|1\n|\n|t:|1699839500\n|switch|p2a: Sylveon|Sylveon, F|100\/100|[from] Parting Shot\n|move|p1a: Barraskewda|Liquidation|p2a: Sylveon\n|-damage|p2a: Sylveon|29\/100\n|\n|upkeep\n|turn|13\n|\n|t:|1699839505\n|move|p1a: Barraskewda|Liquidation|p2a: Sylveon\n|-damage|p2a: Sylveon|0 fnt\n|faint|p2a: Sylveon\n|\n|upkeep\n|\n|t:|1699839507\n|switch|p2a: Rapidash|Rapidash-Galar, F|100\/100\n|turn|14\n|\n|t:|1699839511\n|move|p1a: Barraskewda|Liquidation|p2a: Rapidash\n|-damage|p2a: Rapidash|0 fnt\n|faint|p2a: Rapidash\n|\n|upkeep\n|c|\u2606schoolteen|hmm\n|inactive|GunGalione has 120 seconds left.\n|inactive|GunGalione has 90 seconds left.\n|c|\u2606schoolteen|press bottom bro\n|-message|GunGalione forfeited.\n|\n|win|schoolteen\n|raw|schoolteen's rating: 1139 &rarr; <strong>1159<\/strong><br \/>(+20 for winning)\n|raw|GunGalione's rating: 1069 &rarr; <strong>1053<\/strong><br \/>(-16 for losing)\n|l|\u2606GunGalione\n","uploadtime":1699839588,"views":8,"p1id":"schoolteen","p2id":"gungalione","formatid":"gen9nationaldex","rating":1053,"private":0,"password":""}