{"id":"gen9nationaldex-2000665058","p1":"ajk333","p2":"Aglio.4x","format":"[Gen 9] National Dex","log":"|html|<div class=\"broadcast-blue\"><strong>[Gen 9] National Dex is currently suspecting Sneasler! For information on how to participate check out the <a href=\"https:\/\/www.smogon.com\/forums\/threads\/sv-national-dex-suspect-8-just-dance.3731534\/\">suspect thread<\/a>.<\/strong><\/div>\n|j|\u2606ajk333\n|j|\u2606Aglio.4x\n|t:|1701216264\n|gametype|singles\n|player|p1|ajk333|policeman|1638\n|player|p2|Aglio.4x|clair|1589\n|teamsize|p1|6\n|teamsize|p2|6\n|gen|9\n|tier|[Gen 9] National Dex\n|rated|\n|rule|HP Percentage Mod: HP is shown in percentages\n|rule|Endless Battle Clause: Forcing endless battles is banned\n|rule|OHKO Clause: OHKO moves are banned\n|rule|Evasion Clause: Evasion abilities, items, and moves are banned\n|rule|Evasion Abilities Clause: Evasion abilities are banned\n|rule|Evasion Items Clause: Evasion items are banned\n|rule|Evasion Moves Clause: Evasion moves are banned\n|rule|Species Clause: Limit one of each Pok\u00e9mon\n|rule|Sleep Clause Mod: Limit one foe put to sleep\n|clearpoke\n|poke|p1|Mawile, F|\n|poke|p1|Iron Valiant|\n|poke|p1|Rotom-Wash|\n|poke|p1|Tapu Koko|\n|poke|p1|Heatran, F|\n|poke|p1|Landorus-Therian, M|\n|poke|p2|Aggron, M|\n|poke|p2|Blacephalon|\n|poke|p2|Kleavor, F|\n|poke|p2|Ribombee, M|\n|poke|p2|Meowscarada, F|\n|poke|p2|Thundurus, M|\n|teampreview\n|inactive|Battle timer is ON: inactive players will automatically lose when time's up. (requested by Aglio.4x)\n|\n|t:|1701216275\n|start\n|switch|p1a: Tapu Koko|Tapu Koko|100\/100\n|switch|p2a: Kleavor|Kleavor, F|100\/100\n|-fieldstart|move: Electric Terrain|[from] ability: Electric Surge|[of] p1a: Tapu Koko\n|turn|1\n|\n|t:|1701216284\n|-zpower|p1a: Tapu Koko\n|move|p1a: Tapu Koko|Gigavolt Havoc|p2a: Kleavor|[zeffect]\n|-damage|p2a: Kleavor|0 fnt\n|faint|p2a: Kleavor\n|\n|upkeep\n|\n|t:|1701216292\n|switch|p2a: Meowscarada|Meowscarada, F|100\/100\n|turn|2\n|\n|t:|1701216305\n|-terastallize|p2a: Meowscarada|Grass\n|move|p1a: Tapu Koko|Brave Bird|p2a: Meowscarada\n|-supereffective|p2a: Meowscarada\n|-damage|p2a: Meowscarada|0 fnt\n|faint|p2a: Meowscarada\n|-damage|p1a: Tapu Koko|66\/100|[from] Recoil\n|\n|upkeep\n|\n|t:|1701216310\n|switch|p2a: Thundurus|Thundurus, M|100\/100\n|turn|3\n|\n|t:|1701216317\n|move|p1a: Tapu Koko|Wild Charge|p2a: Thundurus\n|-damage|p2a: Thundurus|26\/100\n|-damage|p1a: Tapu Koko|42\/100|[from] Recoil\n|move|p2a: Thundurus|Thunderbolt|p1a: Tapu Koko\n|-resisted|p1a: Tapu Koko\n|-damage|p1a: Tapu Koko|7\/100\n|\n|upkeep\n|turn|4\n|\n|t:|1701216333\n|switch|p2a: Blacephalon|Blacephalon|100\/100\n|move|p1a: Tapu Koko|Hidden Power|p2a: Blacephalon\n|-resisted|p2a: Blacephalon\n|-damage|p2a: Blacephalon|90\/100\n|\n|upkeep\n|turn|5\n|inactive|ajk333 has 120 seconds left.\n|\n|t:|1701216377\n|move|p1a: Tapu Koko|Wild Charge|p2a: Blacephalon\n|-damage|p2a: Blacephalon|0 fnt\n|faint|p2a: Blacephalon\n|-damage|p1a: Tapu Koko|0 fnt|[from] Recoil\n|faint|p1a: Tapu Koko\n|\n|-fieldend|move: Electric Terrain\n|upkeep\n|\n|t:|1701216389\n|switch|p1a: Rotom|Rotom-Wash|100\/100\n|switch|p2a: Thundurus|Thundurus, M|26\/100\n|turn|6\n|\n|t:|1701216408\n|move|p2a: Thundurus|Taunt|p1a: Rotom\n|-start|p1a: Rotom|move: Taunt\n|move|p1a: Rotom|Volt Switch|p2a: Thundurus\n|-damage|p2a: Thundurus|5\/100\n|\n|t:|1701216418\n|switch|p1a: Landorus|Landorus-Therian, M|100\/100|[from] Volt Switch\n|-ability|p1a: Landorus|Intimidate|boost\n|-unboost|p2a: Thundurus|atk|1\n|\n|upkeep\n|turn|7\n|\n|t:|1701216429\n|-terastallize|p1a: Landorus|Ground\n|move|p2a: Thundurus|Taunt|p1a: Landorus\n|-start|p1a: Landorus|move: Taunt\n|move|p1a: Landorus|U-turn|p2a: Thundurus\n|-resisted|p2a: Thundurus\n|-damage|p2a: Thundurus|0 fnt\n|faint|p2a: Thundurus\n|\n|t:|1701216437\n|switch|p1a: Heatran|Heatran, F|100\/100|[from] U-turn\n|\n|upkeep\n|\n|t:|1701216441\n|switch|p2a: Aggron|Aggron, M|100\/100\n|turn|8\n|\n|t:|1701216450\n|detailschange|p2a: Aggron|Aggron-Mega, M\n|-mega|p2a: Aggron|Aggron|Aggronite\n|move|p2a: Aggron|Body Press|p1a: Heatran\n|-supereffective|p1a: Heatran\n|-damage|p1a: Heatran|31\/100\n|move|p1a: Heatran|Earth Power|p2a: Aggron\n|-supereffective|p2a: Aggron\n|-damage|p2a: Aggron|48\/100\n|\n|-heal|p1a: Heatran|37\/100|[from] item: Leftovers\n|upkeep\n|turn|9\n|inactive|ajk333 has 120 seconds left.\n|\n|t:|1701216465\n|switch|p1a: Landorus|Landorus-Therian, M, tera:Ground|100\/100\n|-ability|p1a: Landorus|Intimidate|boost\n|-unboost|p2a: Aggron|atk|1\n|move|p2a: Aggron|Rock Polish|p2a: Aggron\n|-boost|p2a: Aggron|spe|2\n|\n|upkeep\n|turn|10\n|\n|t:|1701216472\n|move|p2a: Aggron|Iron Defense|p2a: Aggron\n|-boost|p2a: Aggron|def|2\n|move|p1a: Landorus|Earthquake|p2a: Aggron\n|-supereffective|p2a: Aggron\n|-damage|p2a: Aggron|18\/100\n|\n|upkeep\n|turn|11\n|\n|t:|1701216478\n|move|p2a: Aggron|Body Press|p1a: Landorus\n|-damage|p1a: Landorus|18\/100\n|move|p1a: Landorus|Earthquake|p2a: Aggron\n|-supereffective|p2a: Aggron\n|-damage|p2a: Aggron|0 fnt\n|faint|p2a: Aggron\n|\n|upkeep\n|\n|t:|1701216484\n|switch|p2a: Ribombee|Ribombee, M|100\/100\n|turn|12\n|\n|t:|1701216488\n|move|p2a: Ribombee|Quiver Dance|p2a: Ribombee\n|-boost|p2a: Ribombee|spa|1\n|-boost|p2a: Ribombee|spd|1\n|-boost|p2a: Ribombee|spe|1\n|move|p1a: Landorus|Smack Down|p2a: Ribombee\n|-supereffective|p2a: Ribombee\n|-damage|p2a: Ribombee|28\/100\n|\n|upkeep\n|turn|13\n|-message|Aglio.4x forfeited.\n|\n|win|ajk333\n|raw|ajk333's rating: 1638 &rarr; <strong>1655<\/strong><br \/>(+17 for winning)\n|raw|Aglio.4x's rating: 1589 &rarr; <strong>1572<\/strong><br \/>(-17 for losing)\n|l|\u2606Aglio.4x\n","uploadtime":1701216508,"views":0,"p1id":"ajk333","p2id":"aglio4x","formatid":"gen9nationaldex","rating":1572,"private":0,"password":""}