{"id":"gen9nationaldex-1996240003","p1":"Ineros","p2":"sealoo","format":"[Gen 9] National Dex","log":"|html|<div class=\"broadcast-blue\"><strong>[Gen 9] National Dex is currently suspecting Sneasler! For information on how to participate check out the <a href=\"https:\/\/www.smogon.com\/forums\/threads\/sv-national-dex-suspect-8-just-dance.3731534\/\">suspect thread<\/a>.<\/strong><\/div>\n|j|\u2606Ineros\n|j|\u2606sealoo\n|inactive|Battle timer is ON: inactive players will automatically lose when time's up.\n|t:|1700662909\n|gametype|singles\n|player|p1|Ineros|camper|\n|player|p2|sealoo|lyra|\n|teamsize|p1|6\n|teamsize|p2|6\n|gen|9\n|tier|[Gen 9] National Dex\n|rated|Tournament battle\n|rule|HP Percentage Mod: HP is shown in percentages\n|rule|Endless Battle Clause: Forcing endless battles is banned\n|rule|OHKO Clause: OHKO moves are banned\n|rule|Evasion Clause: Evasion abilities, items, and moves are banned\n|rule|Evasion Abilities Clause: Evasion abilities are banned\n|rule|Evasion Items Clause: Evasion items are banned\n|rule|Evasion Moves Clause: Evasion moves are banned\n|rule|Species Clause: Limit one of each Pok\u00e9mon\n|rule|Sleep Clause Mod: Limit one foe put to sleep\n|clearpoke\n|poke|p1|Jirachi|\n|poke|p1|Toxapex, M|\n|poke|p1|Gliscor, F|\n|poke|p1|Tornadus-Therian, M|\n|poke|p1|Kyurem|\n|poke|p1|Garganacl, M|\n|poke|p2|Heatran, M|\n|poke|p2|Lopunny, M|\n|poke|p2|Landorus-Therian, M|\n|poke|p2|Tapu Koko|\n|poke|p2|Ferrothorn, F|\n|poke|p2|Slowking-Galar, M|\n|teampreview\n|inactive|sealoo also wants the timer to be on.\n|inactive|Ineros also wants the timer to be on.\n|j|+adem\n|c|\u2606Ineros|Glhf\n|j| primataNoCompuiter\n|j|%ChrisPBacon\n|inactive|Ineros has 120 seconds left.\n|inactive|sealoo has 120 seconds left.\n|\n|t:|1700662953\n|start\n|switch|p1a: Kyurem|Kyurem|100\/100\n|switch|p2a: pool dock|Lopunny, M|100\/100\n|-ability|p1a: Kyurem|Pressure\n|turn|1\n|l|%ChrisPBacon\n|j| Water656\n|inactive|Ineros has 120 seconds left.\n|c| Water656|Now this is a team I might have been able to beat\n|\n|t:|1700662994\n|switch|p2a: VENT..|Heatran, M|100\/100\n|switch|p1a: Toxapex|Toxapex, M|100\/100\n|\n|upkeep\n|turn|2\n|c|+adem|i agree Water656\n|c|\u2606Ineros|Which one lmao\n|\n|t:|1700663020\n|switch|p1a: Gliscor|Gliscor, F|100\/100\n|move|p2a: VENT..|Magma Storm|p1a: Gliscor\n|-damage|p1a: Gliscor|62\/100\n|-activate|p1a: Gliscor|move: Magma Storm|[of] p2a: VENT..\n|\n|-damage|p1a: Gliscor|50\/100|[from] move: Magma Storm|[partiallytrapped]\n|-status|p1a: Gliscor|tox|[from] item: Toxic Orb\n|upkeep\n|turn|3\n|\n|t:|1700663026\n|move|p2a: VENT..|Hidden Power|p1a: Gliscor\n|-supereffective|p1a: Gliscor\n|-damage|p1a: Gliscor|0 fnt\n|faint|p1a: Gliscor\n|\n|upkeep\n|c|\u2606Ineros|:(\n|c|+adem|Gliscor Tech.\n|\n|t:|1700663040\n|switch|p1a: Kyurem|Kyurem|100\/100\n|-ability|p1a: Kyurem|Pressure\n|turn|4\n|\n|t:|1700663044\n|move|p1a: Kyurem|Substitute|p1a: Kyurem\n|-start|p1a: Kyurem|Substitute\n|-damage|p1a: Kyurem|76\/100\n|move|p2a: VENT..|Taunt|p1a: Kyurem\n|-start|p1a: Kyurem|move: Taunt\n|\n|upkeep\n|turn|5\n|c|\u2606Ineros|I am very sad\n|\n|t:|1700663053\n|switch|p2a: Goonking|Slowking-Galar, M|100\/100\n|move|p1a: Kyurem|Freeze-Dry|p2a: Goonking\n|-damage|p2a: Goonking|79\/100\n|\n|upkeep\n|turn|6\n|\n|t:|1700663058\n|switch|p1a: Jirachi|Jirachi|100\/100\n|move|p2a: Goonking|Sludge Bomb|p1a: Jirachi\n|-immune|p1a: Jirachi\n|\n|upkeep\n|turn|7\n|c|+adem|Hm\n|inactive|Ineros has 120 seconds left.\n|\n|t:|1700663066\n|switch|p2a: Uncle M|Ferrothorn, F|100\/100\n|move|p1a: Jirachi|U-turn|p2a: Uncle M\n|-damage|p2a: Uncle M|88\/100\n|-damage|p1a: Jirachi|88\/100|[from] ability: Iron Barbs|[of] p2a: Uncle M\n|inactive|Ineros has 120 seconds left.\n|\n|t:|1700663071\n|switch|p1a: Tornadus|Tornadus-Therian, M|100\/100|[from] U-turn\n|\n|-heal|p2a: Uncle M|94\/100|[from] item: Leftovers\n|upkeep\n|turn|8\n|\n|t:|1700663075\n|switch|p2a: dove ads \ud83e\udd86\ud83e\uddfc|Tapu Koko, shiny|100\/100\n|-fieldstart|move: Electric Terrain|[from] ability: Electric Surge|[of] p2a: dove ads \ud83e\udd86\ud83e\uddfc\n|move|p1a: Tornadus|Knock Off|p2a: dove ads \ud83e\udd86\ud83e\uddfc\n|-resisted|p2a: dove ads \ud83e\udd86\ud83e\uddfc\n|-damage|p2a: dove ads \ud83e\udd86\ud83e\uddfc|86\/100\n|-enditem|p2a: dove ads \ud83e\udd86\ud83e\uddfc|Heavy-Duty Boots|[from] move: Knock Off|[of] p1a: Tornadus\n|\n|upkeep\n|turn|9\n|c|\u2606Ineros|Good to know\n|inactive|Ineros has 120 seconds left.\n|\n|t:|1700663097\n|switch|p1a: Garganacl|Garganacl, M|100\/100\n|move|p2a: dove ads \ud83e\udd86\ud83e\uddfc|Volt Switch|p1a: Garganacl\n|-damage|p1a: Garganacl|77\/100\n|\n|t:|1700663101\n|switch|p2a: PAID MY DUES|Landorus-Therian, M|100\/100|[from] Volt Switch\n|-ability|p2a: PAID MY DUES|Intimidate|boost\n|-unboost|p1a: Garganacl|atk|1\n|\n|-heal|p1a: Garganacl|83\/100|[from] item: Leftovers\n|upkeep\n|turn|10\n|\n|t:|1700663108\n|switch|p1a: Tornadus|Tornadus-Therian, M|100\/100\n|move|p2a: PAID MY DUES|Stealth Rock|p1a: Tornadus\n|-sidestart|p1: Ineros|move: Stealth Rock\n|\n|upkeep\n|turn|11\n|\n|t:|1700663116\n|switch|p2a: dove ads \ud83e\udd86\ud83e\uddfc|Tapu Koko, shiny|86\/100\n|move|p1a: Tornadus|Knock Off|p2a: dove ads \ud83e\udd86\ud83e\uddfc\n|-resisted|p2a: dove ads \ud83e\udd86\ud83e\uddfc\n|-damage|p2a: dove ads \ud83e\udd86\ud83e\uddfc|77\/100\n|\n|upkeep\n|turn|12\n|\n|t:|1700663125\n|switch|p1a: Kyurem|Kyurem|76\/100\n|-ability|p1a: Kyurem|Pressure\n|-terastallize|p2a: dove ads \ud83e\udd86\ud83e\uddfc|Electric\n|move|p2a: dove ads \ud83e\udd86\ud83e\uddfc|Volt Switch|p1a: Kyurem\n|-resisted|p1a: Kyurem\n|-damage|p1a: Kyurem|53\/100\n|\n|t:|1700663127\n|switch|p2a: pool dock|Lopunny, M|100\/100|[from] Volt Switch\n|\n|-fieldend|move: Electric Terrain\n|upkeep\n|turn|13\n|\n|t:|1700663131\n|switch|p1a: Toxapex|Toxapex, M|100\/100\n|-damage|p1a: Toxapex|88\/100|[from] Stealth Rock\n|detailschange|p2a: pool dock|Lopunny-Mega, M\n|-mega|p2a: pool dock|Lopunny|Lopunnite\n|move|p2a: pool dock|Fake Out|p1a: Toxapex\n|-damage|p1a: Toxapex|74\/100\n|\n|-heal|p1a: Toxapex|80\/100|[from] item: Leftovers\n|upkeep\n|turn|14\n|\n|t:|1700663135\n|switch|p2a: Goonking|Slowking-Galar, M|100\/100\n|move|p1a: Toxapex|Scald|p2a: Goonking\n|-damage|p2a: Goonking|91\/100\n|\n|-heal|p1a: Toxapex|87\/100|[from] item: Leftovers\n|upkeep\n|turn|15\n|j| dragonPIMPNITE\n|\n|t:|1700663140\n|switch|p1a: Jirachi|Jirachi|88\/100\n|-damage|p1a: Jirachi|82\/100|[from] Stealth Rock\n|move|p2a: Goonking|Thunder Wave|p1a: Jirachi\n|-status|p1a: Jirachi|par\n|\n|upkeep\n|turn|16\n|\n|t:|1700663143\n|move|p1a: Jirachi|Trick|p2a: Goonking\n|-activate|p1a: Jirachi|move: Trick|[of] p2a: Goonking\n|-item|p2a: Goonking|Choice Scarf|[from] move: Trick\n|-item|p1a: Jirachi|Heavy-Duty Boots|[from] move: Trick\n|move|p2a: Goonking|Chilly Reception|p2a: Goonking\n|-weather|Snow\n|\n|t:|1700663146\n|switch|p2a: dove ads \ud83e\udd86\ud83e\uddfc|Tapu Koko, shiny, tera:Electric|77\/100|[from] Chilly Reception\n|-fieldstart|move: Electric Terrain|[from] ability: Electric Surge|[of] p2a: dove ads \ud83e\udd86\ud83e\uddfc\n|\n|-weather|Snow|[upkeep]\n|upkeep\n|turn|17\n|j| test account dl\n|j| Mollymiltoast\n|l| test account dl\n|\n|t:|1700663158\n|move|p2a: dove ads \ud83e\udd86\ud83e\uddfc|Volt Switch|p1a: Jirachi\n|-damage|p1a: Jirachi|29\/100 par\n|\n|t:|1700663160\n|switch|p2a: Uncle M|Ferrothorn, F|94\/100|[from] Volt Switch\n|move|p1a: Jirachi|U-turn|p2a: Uncle M\n|-damage|p2a: Uncle M|82\/100\n|-damage|p1a: Jirachi|16\/100 par|[from] ability: Iron Barbs|[of] p2a: Uncle M\n|\n|t:|1700663167\n|switch|p1a: Tornadus|Tornadus-Therian, M|100\/100|[from] U-turn\n|\n|-weather|Snow|[upkeep]\n|-heal|p2a: Uncle M|88\/100|[from] item: Leftovers\n|upkeep\n|turn|18\n|\n|t:|1700663172\n|switch|p2a: dove ads \ud83e\udd86\ud83e\uddfc|Tapu Koko, shiny, tera:Electric|77\/100\n|move|p1a: Tornadus|U-turn|p2a: dove ads \ud83e\udd86\ud83e\uddfc\n|-crit|p2a: dove ads \ud83e\udd86\ud83e\uddfc\n|-damage|p2a: dove ads \ud83e\udd86\ud83e\uddfc|47\/100\n|\n|t:|1700663178\n|switch|p1a: Garganacl|Garganacl, M|83\/100|[from] U-turn\n|-damage|p1a: Garganacl|71\/100|[from] Stealth Rock\n|\n|-weather|Snow|[upkeep]\n|-heal|p1a: Garganacl|77\/100|[from] item: Leftovers\n|upkeep\n|turn|19\n|\n|t:|1700663180\n|move|p2a: dove ads \ud83e\udd86\ud83e\uddfc|Volt Switch|p1a: Garganacl\n|-damage|p1a: Garganacl|44\/100\n|\n|t:|1700663183\n|switch|p2a: Goonking|Slowking-Galar, M|100\/100|[from] Volt Switch\n|move|p1a: Garganacl|Stealth Rock|p2a: Goonking\n|-sidestart|p2: sealoo|move: Stealth Rock\n|\n|-weather|Snow|[upkeep]\n|-heal|p1a: Garganacl|50\/100|[from] item: Leftovers\n|upkeep\n|turn|20\n|\n|t:|1700663188\n|move|p2a: Goonking|Chilly Reception|p2a: Goonking\n|\n|t:|1700663192\n|switch|p2a: PAID MY DUES|Landorus-Therian, M|100\/100|[from] Chilly Reception\n|-damage|p2a: PAID MY DUES|88\/100|[from] Stealth Rock\n|-ability|p2a: PAID MY DUES|Intimidate|boost\n|-unboost|p1a: Garganacl|atk|1\n|move|p1a: Garganacl|Recover|p1a: Garganacl\n|-heal|p1a: Garganacl|99\/100\n|\n|-weather|none\n|-heal|p1a: Garganacl|100\/100|[from] item: Leftovers\n|-fieldend|move: Electric Terrain\n|upkeep\n|turn|21\n|\n|t:|1700663201\n|switch|p1a: Tornadus|Tornadus-Therian, M|100\/100\n|move|p2a: PAID MY DUES|Earthquake|p1a: Tornadus\n|-immune|p1a: Tornadus\n|\n|upkeep\n|turn|22\n|\n|t:|1700663205\n|move|p1a: Tornadus|Hurricane|p2a: PAID MY DUES|[miss]\n|-miss|p1a: Tornadus|p2a: PAID MY DUES\n|move|p2a: PAID MY DUES|U-turn|p1a: Tornadus\n|-resisted|p1a: Tornadus\n|-damage|p1a: Tornadus|88\/100\n|\n|t:|1700663207\n|switch|p2a: dove ads \ud83e\udd86\ud83e\uddfc|Tapu Koko, shiny, tera:Electric|47\/100|[from] U-turn\n|-damage|p2a: dove ads \ud83e\udd86\ud83e\uddfc|34\/100|[from] Stealth Rock\n|-fieldstart|move: Electric Terrain|[from] ability: Electric Surge|[of] p2a: dove ads \ud83e\udd86\ud83e\uddfc\n|\n|upkeep\n|turn|23\n|\n|t:|1700663226\n|switch|p1a: Jirachi|Jirachi|16\/100 par\n|move|p2a: dove ads \ud83e\udd86\ud83e\uddfc|Roost|p2a: dove ads \ud83e\udd86\ud83e\uddfc\n|-heal|p2a: dove ads \ud83e\udd86\ud83e\uddfc|84\/100\n|\n|upkeep\n|turn|24\n|\n|t:|1700663231\n|move|p2a: dove ads \ud83e\udd86\ud83e\uddfc|Volt Switch|p1a: Jirachi\n|-damage|p1a: Jirachi|0 fnt\n|faint|p1a: Jirachi\n|\n|t:|1700663234\n|switch|p2a: pool dock|Lopunny-Mega, M|100\/100|[from] Volt Switch\n|-damage|p2a: pool dock|95\/100|[from] Stealth Rock\n|\n|upkeep\n|l| dragonPIMPNITE\n|\n|t:|1700663245\n|switch|p1a: Toxapex|Toxapex, M|100\/100\n|-damage|p1a: Toxapex|88\/100|[from] Stealth Rock\n|turn|25\n|\n|t:|1700663253\n|switch|p2a: Uncle M|Ferrothorn, F|88\/100\n|-damage|p2a: Uncle M|82\/100|[from] Stealth Rock\n|move|p1a: Toxapex|Scald|p2a: Uncle M\n|-resisted|p2a: Uncle M\n|-damage|p2a: Uncle M|75\/100\n|\n|-heal|p1a: Toxapex|94\/100|[from] item: Leftovers\n|-heal|p2a: Uncle M|81\/100|[from] item: Leftovers\n|upkeep\n|turn|26\n|\n|t:|1700663257\n|move|p1a: Toxapex|Scald|p2a: Uncle M\n|-resisted|p2a: Uncle M\n|-damage|p2a: Uncle M|74\/100\n|-status|p2a: Uncle M|brn\n|move|p2a: Uncle M|Knock Off|p1a: Toxapex\n|-damage|p1a: Toxapex|88\/100\n|-enditem|p1a: Toxapex|Leftovers|[from] move: Knock Off|[of] p2a: Uncle M\n|\n|-heal|p2a: Uncle M|80\/100 brn|[from] item: Leftovers\n|-damage|p2a: Uncle M|74\/100 brn|[from] brn\n|-fieldend|move: Electric Terrain\n|upkeep\n|turn|27\n|\n|t:|1700663265\n|move|p1a: Toxapex|Scald|p2a: Uncle M\n|-resisted|p2a: Uncle M\n|-crit|p2a: Uncle M\n|-damage|p2a: Uncle M|62\/100 brn\n|move|p2a: Uncle M|Leech Seed|p1a: Toxapex\n|-start|p1a: Toxapex|move: Leech Seed\n|\n|-heal|p2a: Uncle M|68\/100 brn|[from] item: Leftovers\n|-damage|p1a: Toxapex|75\/100|[from] Leech Seed|[of] p2a: Uncle M\n|-heal|p2a: Uncle M|79\/100 brn|[silent]\n|-damage|p2a: Uncle M|73\/100 brn|[from] brn\n|upkeep\n|turn|28\n|\n|t:|1700663272\n|switch|p1a: Tornadus|Tornadus-Therian, M|100\/100\n|move|p2a: Uncle M|Knock Off|p1a: Tornadus\n|-damage|p1a: Tornadus|89\/100\n|-enditem|p1a: Tornadus|Heavy-Duty Boots|[from] move: Knock Off|[of] p2a: Uncle M\n|\n|-heal|p2a: Uncle M|79\/100 brn|[from] item: Leftovers\n|-damage|p2a: Uncle M|73\/100 brn|[from] brn\n|upkeep\n|turn|29\n|\n|t:|1700663282\n|switch|p2a: Goonking|Slowking-Galar, M|100\/100\n|-damage|p2a: Goonking|88\/100|[from] Stealth Rock\n|move|p1a: Tornadus|U-turn|p2a: Goonking\n|-damage|p2a: Goonking|72\/100\n|\n|t:|1700663287\n|switch|p1a: Kyurem|Kyurem|53\/100|[from] U-turn\n|-ability|p1a: Kyurem|Pressure\n|\n|upkeep\n|turn|30\n|\n|t:|1700663294\n|move|p1a: Kyurem|Substitute|p1a: Kyurem\n|-start|p1a: Kyurem|Substitute\n|-damage|p1a: Kyurem|28\/100\n|move|p2a: Goonking|Sludge Bomb|p1a: Kyurem\n|-end|p1a: Kyurem|Substitute\n|\n|upkeep\n|turn|31\n|\n|t:|1700663318\n|-terastallize|p1a: Kyurem|Steel\n|move|p1a: Kyurem|Roost|p1a: Kyurem\n|-heal|p1a: Kyurem|78\/100\n|move|p2a: Goonking|Sludge Bomb|p1a: Kyurem\n|-immune|p1a: Kyurem\n|\n|upkeep\n|turn|32\n|\n|t:|1700663325\n|switch|p2a: pool dock|Lopunny-Mega, M|95\/100\n|-damage|p2a: pool dock|89\/100|[from] Stealth Rock\n|move|p1a: Kyurem|Substitute|p1a: Kyurem\n|-start|p1a: Kyurem|Substitute\n|-damage|p1a: Kyurem|53\/100\n|\n|upkeep\n|turn|33\n|j| dragonPIMPNITE\n|inactive|sealoo has 120 seconds left.\n|\n|t:|1700663357\n|move|p2a: pool dock|Frustration|p1a: Kyurem\n|-resisted|p1a: Kyurem\n|-end|p1a: Kyurem|Substitute\n|move|p1a: Kyurem|Freeze-Dry|p2a: pool dock\n|-damage|p2a: pool dock|40\/100\n|\n|upkeep\n|turn|34\n|inactive|sealoo has 120 seconds left.\n|\n|t:|1700663367\n|switch|p2a: dove ads \ud83e\udd86\ud83e\uddfc|Tapu Koko, shiny, tera:Electric|84\/100\n|-damage|p2a: dove ads \ud83e\udd86\ud83e\uddfc|72\/100|[from] Stealth Rock\n|-fieldstart|move: Electric Terrain|[from] ability: Electric Surge|[of] p2a: dove ads \ud83e\udd86\ud83e\uddfc\n|switch|p1a: Toxapex|Toxapex, M|100\/100\n|-damage|p1a: Toxapex|88\/100|[from] Stealth Rock\n|\n|upkeep\n|turn|35\n|\n|t:|1700663371\n|move|p2a: dove ads \ud83e\udd86\ud83e\uddfc|Thunderbolt|p1a: Toxapex\n|-supereffective|p1a: Toxapex\n|-damage|p1a: Toxapex|0 fnt\n|faint|p1a: Toxapex\n|\n|upkeep\n|\n|t:|1700663375\n|switch|p1a: Garganacl|Garganacl, M|100\/100\n|-damage|p1a: Garganacl|88\/100|[from] Stealth Rock\n|turn|36\n|\n|t:|1700663380\n|move|p2a: dove ads \ud83e\udd86\ud83e\uddfc|Thunderbolt|p1a: Garganacl\n|-damage|p1a: Garganacl|45\/100\n|move|p1a: Garganacl|Salt Cure|p2a: dove ads \ud83e\udd86\ud83e\uddfc\n|-damage|p2a: dove ads \ud83e\udd86\ud83e\uddfc|54\/100\n|-start|p2a: dove ads \ud83e\udd86\ud83e\uddfc|Salt Cure\n|\n|-heal|p1a: Garganacl|51\/100|[from] item: Leftovers\n|-damage|p2a: dove ads \ud83e\udd86\ud83e\uddfc|41\/100|[from] Salt Cure\n|upkeep\n|turn|37\n|\n|t:|1700663385\n|switch|p2a: PAID MY DUES|Landorus-Therian, M|88\/100\n|-damage|p2a: PAID MY DUES|76\/100|[from] Stealth Rock\n|-ability|p2a: PAID MY DUES|Intimidate|boost\n|-unboost|p1a: Garganacl|atk|1\n|move|p1a: Garganacl|Recover|p1a: Garganacl\n|-heal|p1a: Garganacl|100\/100\n|\n|upkeep\n|turn|38\n|\n|t:|1700663391\n|switch|p1a: Tornadus|Tornadus-Therian, M|100\/100\n|-damage|p1a: Tornadus|76\/100|[from] Stealth Rock\n|move|p2a: PAID MY DUES|Earthquake|p1a: Tornadus\n|-immune|p1a: Tornadus\n|\n|-fieldend|move: Electric Terrain\n|upkeep\n|turn|39\n|\n|t:|1700663394\n|move|p1a: Tornadus|Hurricane|p2a: PAID MY DUES\n|-damage|p2a: PAID MY DUES|31\/100\n|move|p2a: PAID MY DUES|U-turn|p1a: Tornadus\n|-resisted|p1a: Tornadus\n|-damage|p1a: Tornadus|64\/100\n|\n|t:|1700663396\n|switch|p2a: dove ads \ud83e\udd86\ud83e\uddfc|Tapu Koko, shiny, tera:Electric|41\/100|[from] U-turn\n|-damage|p2a: dove ads \ud83e\udd86\ud83e\uddfc|29\/100|[from] Stealth Rock\n|-fieldstart|move: Electric Terrain|[from] ability: Electric Surge|[of] p2a: dove ads \ud83e\udd86\ud83e\uddfc\n|\n|upkeep\n|turn|40\n|\n|t:|1700663401\n|move|p2a: dove ads \ud83e\udd86\ud83e\uddfc|Volt Switch|p1a: Tornadus\n|-supereffective|p1a: Tornadus\n|-crit|p1a: Tornadus\n|-damage|p1a: Tornadus|0 fnt\n|faint|p1a: Tornadus\n|\n|t:|1700663403\n|switch|p2a: pool dock|Lopunny-Mega, M|40\/100|[from] Volt Switch\n|-damage|p2a: pool dock|34\/100|[from] Stealth Rock\n|\n|upkeep\n|\n|t:|1700663406\n|switch|p1a: Garganacl|Garganacl, M|100\/100\n|-damage|p1a: Garganacl|88\/100|[from] Stealth Rock\n|turn|41\n|c|\u2606Ineros|Gg\n|\n|t:|1700663423\n|switch|p2a: VENT..|Heatran, M|100\/100\n|-damage|p2a: VENT..|88\/100|[from] Stealth Rock\n|move|p1a: Garganacl|Salt Cure|p2a: VENT..\n|-damage|p2a: VENT..|77\/100\n|-start|p2a: VENT..|Salt Cure\n|\n|-heal|p2a: VENT..|83\/100|[from] item: Leftovers\n|-heal|p1a: Garganacl|94\/100|[from] item: Leftovers\n|-damage|p2a: VENT..|58\/100|[from] Salt Cure\n|upkeep\n|turn|42\n|\n|t:|1700663433\n|move|p2a: VENT..|Taunt|p1a: Garganacl\n|-start|p1a: Garganacl|move: Taunt\n|cant|p1a: Garganacl|move: Taunt|Iron Defense\n|\n|-heal|p2a: VENT..|64\/100|[from] item: Leftovers\n|-heal|p1a: Garganacl|100\/100|[from] item: Leftovers\n|-damage|p2a: VENT..|39\/100|[from] Salt Cure\n|upkeep\n|turn|43\n|\n|t:|1700663436\n|move|p2a: VENT..|Earth Power|p1a: Garganacl\n|-supereffective|p1a: Garganacl\n|-damage|p1a: Garganacl|60\/100\n|-unboost|p1a: Garganacl|spd|1\n|move|p1a: Garganacl|Salt Cure|p2a: VENT..\n|-damage|p2a: VENT..|27\/100\n|\n|-heal|p2a: VENT..|33\/100|[from] item: Leftovers\n|-heal|p1a: Garganacl|67\/100|[from] item: Leftovers\n|-damage|p2a: VENT..|8\/100|[from] Salt Cure\n|-fieldend|move: Electric Terrain\n|upkeep\n|turn|44\n|\n|t:|1700663447\n|move|p2a: VENT..|Earth Power|p1a: Garganacl\n|-supereffective|p1a: Garganacl\n|-damage|p1a: Garganacl|6\/100\n|move|p1a: Garganacl|Salt Cure|p2a: VENT..\n|-damage|p2a: VENT..|0 fnt\n|faint|p2a: VENT..\n|\n|-heal|p1a: Garganacl|12\/100|[from] item: Leftovers\n|-end|p1a: Garganacl|move: Taunt\n|upkeep\n|\n|t:|1700663449\n|switch|p2a: pool dock|Lopunny-Mega, M|34\/100\n|-damage|p2a: pool dock|28\/100|[from] Stealth Rock\n|turn|45\n|\n|t:|1700663452\n|move|p2a: pool dock|Frustration|p1a: Garganacl\n|-resisted|p1a: Garganacl\n|-damage|p1a: Garganacl|0 fnt\n|faint|p1a: Garganacl\n|\n|upkeep\n|\n|t:|1700663454\n|switch|p1a: Kyurem|Kyurem, tera:Steel|53\/100\n|-ability|p1a: Kyurem|Pressure\n|turn|46\n|\n|t:|1700663455\n|move|p2a: pool dock|Close Combat|p1a: Kyurem\n|-supereffective|p1a: Kyurem\n|-damage|p1a: Kyurem|0 fnt\n|-unboost|p2a: pool dock|def|1\n|-unboost|p2a: pool dock|spd|1\n|faint|p1a: Kyurem\n|\n|win|sealoo\n|n|\u2606Ineros|ineros\n|n|\u2606sealoo|sealoo\n|n|+adem|adem\n|n| primataNoCompuiter|primatanocompuiter\n|n| Water656|water656\n|n| Mollymiltoast|mollymiltoast\n|n| dragonPIMPNITE|dragonpimpnite\n","uploadtime":1700663469,"views":10,"p1id":"ineros","p2id":"sealoo","formatid":"gen9nationaldex","rating":0,"private":0,"password":""}