{"id":"gen9nationaldex-1990897079","p1":"Matoto_OG","p2":"elPyro","format":"[Gen 9] National Dex","log":"|j|\u2606Matoto_OG\n|j|\u2606elPyro\n|t:|1700012633\n|gametype|singles\n|player|p1|Matoto_OG|waiter-gen4dp|1443\n|player|p2|elPyro|ingo|1483\n|teamsize|p1|6\n|teamsize|p2|6\n|gen|9\n|tier|[Gen 9] National Dex\n|rated|\n|rule|HP Percentage Mod: HP is shown in percentages\n|rule|Endless Battle Clause: Forcing endless battles is banned\n|rule|OHKO Clause: OHKO moves are banned\n|rule|Evasion Clause: Evasion abilities, items, and moves are banned\n|rule|Evasion Abilities Clause: Evasion abilities are banned\n|rule|Evasion Items Clause: Evasion items are banned\n|rule|Evasion Moves Clause: Evasion moves are banned\n|rule|Species Clause: Limit one of each Pok\u00e9mon\n|rule|Sleep Clause Mod: Limit one foe put to sleep\n|clearpoke\n|poke|p1|Ogerpon-Wellspring, F|\n|poke|p1|Moltres|\n|poke|p1|Ferrothorn, F|\n|poke|p1|Hoopa-Unbound|\n|poke|p1|Medicham, F|\n|poke|p1|Slowking-Galar, F|\n|poke|p2|Garchomp, M|\n|poke|p2|Empoleon, M|\n|poke|p2|Gliscor, M|\n|poke|p2|Serperior, F|\n|poke|p2|Diancie|\n|poke|p2|Bisharp, F|\n|teampreview\n|inactive|Battle timer is ON: inactive players will automatically lose when time's up. (requested by Matoto_OG)\n|\n|t:|1700012647\n|start\n|switch|p1a: Ferrothorn|Ferrothorn, F|100\/100\n|switch|p2a: Diancie|Diancie|100\/100\n|turn|1\n|\n|t:|1700012651\n|detailschange|p2a: Diancie|Diancie-Mega\n|-mega|p2a: Diancie|Diancie|Diancite\n|move|p2a: Diancie|Mystical Fire|p1a: Ferrothorn\n|-supereffective|p1a: Ferrothorn\n|-damage|p1a: Ferrothorn|0 fnt\n|faint|p1a: Ferrothorn\n|\n|upkeep\n|\n|t:|1700012658\n|switch|p1a: Medicham|Medicham, F|100\/100\n|turn|2\n|\n|t:|1700012667\n|switch|p2a: Empoleon|Empoleon, M|100\/100\n|detailschange|p1a: Medicham|Medicham-Mega, F\n|-mega|p1a: Medicham|Medicham|Medichamite\n|move|p1a: Medicham|Fake Out|p2a: Empoleon\n|-resisted|p2a: Empoleon\n|-damage|p2a: Empoleon|89\/100\n|\n|upkeep\n|turn|3\n|\n|t:|1700012673\n|switch|p2a: Gliscor|Gliscor, M|100\/100\n|move|p1a: Medicham|Close Combat|p2a: Gliscor\n|-resisted|p2a: Gliscor\n|-damage|p2a: Gliscor|69\/100\n|-unboost|p1a: Medicham|def|1\n|-unboost|p1a: Medicham|spd|1\n|\n|-status|p2a: Gliscor|tox|[from] item: Toxic Orb\n|upkeep\n|turn|4\n|\n|t:|1700012681\n|move|p1a: Medicham|Ice Punch|p2a: Gliscor\n|-supereffective|p2a: Gliscor\n|-damage|p2a: Gliscor|0 fnt\n|faint|p2a: Gliscor\n|\n|upkeep\n|\n|t:|1700012695\n|switch|p2a: Garchomp|Garchomp, M|100\/100\n|turn|5\n|\n|t:|1700012699\n|switch|p1a: Moltres|Moltres|100\/100\n|-terastallize|p2a: Garchomp|Steel\n|move|p2a: Garchomp|Swords Dance|p2a: Garchomp\n|-boost|p2a: Garchomp|atk|2\n|\n|upkeep\n|turn|6\n|\n|t:|1700012702\n|move|p2a: Garchomp|Scale Shot|p1a: Moltres\n|-damage|p1a: Moltres|74\/100\n|-damage|p1a: Moltres|50\/100\n|-damage|p1a: Moltres|25\/100\n|-damage|p1a: Moltres|0 fnt\n|faint|p1a: Moltres\n|-hitcount|p1: Moltres|4\n|-unboost|p2a: Garchomp|def|1\n|-boost|p2a: Garchomp|spe|1\n|\n|upkeep\n|\n|t:|1700012710\n|switch|p1a: Medicham|Medicham-Mega, F|100\/100\n|turn|7\n|\n|t:|1700012715\n|move|p2a: Garchomp|Earthquake|p1a: Medicham\n|-damage|p1a: Medicham|0 fnt\n|faint|p1a: Medicham\n|\n|upkeep\n|\n|t:|1700012718\n|switch|p1a: Hoopa|Hoopa-Unbound|100\/100\n|turn|8\n|\n|t:|1700012724\n|move|p2a: Garchomp|Scale Shot|p1a: Hoopa\n|-damage|p1a: Hoopa|52\/100\n|-damage|p1a: Hoopa|7\/100\n|-damage|p1a: Hoopa|0 fnt\n|faint|p1a: Hoopa\n|-hitcount|p1: Hoopa|3\n|-unboost|p2a: Garchomp|def|1\n|-boost|p2a: Garchomp|spe|1\n|\n|upkeep\n|\n|t:|1700012727\n|switch|p1a: Ogerpon|Ogerpon-Wellspring, F|100\/100\n|turn|9\n|\n|t:|1700012731\n|move|p2a: Garchomp|Scale Shot|p1a: Ogerpon\n|-damage|p1a: Ogerpon|66\/100\n|-damage|p1a: Ogerpon|34\/100\n|-damage|p1a: Ogerpon|0 fnt\n|faint|p1a: Ogerpon\n|-hitcount|p1: Ogerpon|3\n|-unboost|p2a: Garchomp|def|1\n|-boost|p2a: Garchomp|spe|1\n|\n|upkeep\n|\n|t:|1700012734\n|switch|p1a: Slowking|Slowking-Galar, F|100\/100\n|turn|10\n|\n|t:|1700012736\n|move|p2a: Garchomp|Earthquake|p1a: Slowking\n|-supereffective|p1a: Slowking\n|-damage|p1a: Slowking|0 fnt\n|faint|p1a: Slowking\n|\n|win|elPyro\n|raw|Matoto_OG's rating: 1443 &rarr; <strong>1425<\/strong><br \/>(-18 for losing)\n|raw|elPyro's rating: 1483 &rarr; <strong>1501<\/strong><br \/>(+18 for winning)\n|l|\u2606Matoto_OG\n","uploadtime":1700012749,"views":12,"p1id":"matotoog","p2id":"elpyro","formatid":"gen9nationaldex","rating":1425,"private":0,"password":""}