{"id":"gen9nationaldex-1996264249","p1":"eteleks","p2":"Eliteia","format":"[Gen 9] National Dex","log":"|html|<div class=\"broadcast-blue\"><strong>[Gen 9] National Dex is currently suspecting Sneasler! For information on how to participate check out the <a href=\"https:\/\/www.smogon.com\/forums\/threads\/sv-national-dex-suspect-8-just-dance.3731534\/\">suspect thread<\/a>.<\/strong><\/div>\n|j|\u2606eteleks\n|j|\u2606Eliteia\n|t:|1700665408\n|gametype|singles\n|player|p1|eteleks|veteran|1079\n|player|p2|Eliteia|elesa|1000\n|teamsize|p1|6\n|teamsize|p2|6\n|gen|9\n|tier|[Gen 9] National Dex\n|rated|\n|rule|HP Percentage Mod: HP is shown in percentages\n|rule|Endless Battle Clause: Forcing endless battles is banned\n|rule|OHKO Clause: OHKO moves are banned\n|rule|Evasion Clause: Evasion abilities, items, and moves are banned\n|rule|Evasion Abilities Clause: Evasion abilities are banned\n|rule|Evasion Items Clause: Evasion items are banned\n|rule|Evasion Moves Clause: Evasion moves are banned\n|rule|Species Clause: Limit one of each Pok\u00e9mon\n|rule|Sleep Clause Mod: Limit one foe put to sleep\n|clearpoke\n|poke|p1|Gardevoir, M|\n|poke|p1|Volcarona, M|\n|poke|p1|Lilligant-Hisui, F|\n|poke|p1|Corviknight, F|\n|poke|p1|Umbreon, F|\n|poke|p1|Swampert, F|\n|poke|p2|Charizard, M|\n|poke|p2|Leafeon, F|\n|poke|p2|Lilligant-Hisui, F|\n|poke|p2|Tapu Koko|\n|poke|p2|Dragonite, M|\n|poke|p2|Great Tusk|\n|teampreview\n|\n|t:|1700665425\n|start\n|switch|p1a: Swampert|Swampert, F|100\/100\n|switch|p2a: Charizard|Charizard, M, shiny|100\/100\n|turn|1\n|\n|t:|1700665446\n|detailschange|p2a: Charizard|Charizard-Mega-Y, M, shiny\n|-mega|p2a: Charizard|Charizard|Charizardite Y\n|-weather|SunnyDay|[from] ability: Drought|[of] p2a: Charizard\n|detailschange|p1a: Swampert|Swampert-Mega, F\n|-mega|p1a: Swampert|Swampert|Swampertite\n|move|p2a: Charizard|Solar Beam||[still]\n|-prepare|p2a: Charizard|Solar Beam\n|-anim|p2a: Charizard|Solar Beam|p1a: Swampert\n|-supereffective|p1a: Swampert\n|-damage|p1a: Swampert|0 fnt\n|faint|p1a: Swampert\n|\n|-weather|SunnyDay|[upkeep]\n|upkeep\n|\n|t:|1700665458\n|switch|p1a: Volcarona|Volcarona, M|100\/100\n|turn|2\n|\n|t:|1700665463\n|move|p1a: Volcarona|Quiver Dance|p1a: Volcarona\n|-boost|p1a: Volcarona|spa|1\n|-boost|p1a: Volcarona|spd|1\n|-boost|p1a: Volcarona|spe|1\n|move|p2a: Charizard|Air Slash|p1a: Volcarona\n|-supereffective|p1a: Volcarona\n|-damage|p1a: Volcarona|39\/100\n|\n|-weather|SunnyDay|[upkeep]\n|upkeep\n|turn|3\n|\n|t:|1700665473\n|move|p1a: Volcarona|Flamethrower|p2a: Charizard\n|-resisted|p2a: Charizard\n|-damage|p2a: Charizard|41\/100\n|move|p2a: Charizard|Air Slash|p1a: Volcarona\n|-supereffective|p1a: Volcarona\n|-damage|p1a: Volcarona|0 fnt\n|faint|p1a: Volcarona\n|\n|-weather|SunnyDay|[upkeep]\n|upkeep\n|\n|t:|1700665484\n|switch|p1a: Gardevoir|Gardevoir, M|100\/100\n|-ability|p1a: Gardevoir|Drought|[from] ability: Trace|[of] p2a: Charizard\n|turn|4\n|\n|t:|1700665497\n|move|p1a: Gardevoir|Psyshock|p2a: Charizard\n|-damage|p2a: Charizard|0 fnt\n|faint|p2a: Charizard\n|\n|-weather|SunnyDay|[upkeep]\n|upkeep\n|\n|t:|1700665507\n|switch|p2a: Leafeon|Leafeon, F, shiny|100\/100\n|turn|5\n|\n|t:|1700665516\n|switch|p1a: Lilligant|Lilligant-Hisui, F|100\/100\n|-terastallize|p2a: Leafeon|Fire\n|move|p2a: Leafeon|Tera Blast|p1a: Lilligant|[anim] Tera Blast Fire\n|-supereffective|p1a: Lilligant\n|-damage|p1a: Lilligant|0 fnt\n|faint|p1a: Lilligant\n|\n|-weather|none\n|upkeep\n|\n|t:|1700665523\n|switch|p1a: Gardevoir|Gardevoir, M|100\/100\n|-ability|p1a: Gardevoir|Chlorophyll|[from] ability: Trace|[of] p2a: Leafeon\n|turn|6\n|\n|t:|1700665541\n|move|p1a: Gardevoir|Psyshock|p2a: Leafeon\n|-damage|p2a: Leafeon|59\/100\n|move|p2a: Leafeon|Dig||[still]\n|-prepare|p2a: Leafeon|Dig\n|\n|upkeep\n|turn|7\n|\n|t:|1700665550\n|switch|p1a: Corviknight|Corviknight, F|100\/100\n|-ability|p1a: Corviknight|Pressure\n|move|p2a: Leafeon|Dig|p1a: Corviknight|[from]lockedmove\n|-immune|p1a: Corviknight\n|\n|upkeep\n|turn|8\n|\n|t:|1700665566\n|-terastallize|p1a: Corviknight|Dragon\n|move|p2a: Leafeon|Tera Blast|p1a: Corviknight|[anim] Tera Blast Fire\n|-resisted|p1a: Corviknight\n|-damage|p1a: Corviknight|89\/100\n|move|p1a: Corviknight|Brave Bird|p2a: Leafeon\n|-damage|p2a: Leafeon|22\/100\n|-damage|p1a: Corviknight|80\/100|[from] Recoil\n|\n|upkeep\n|turn|9\n|\n|t:|1700665573\n|switch|p2a: Tapu Koko|Tapu Koko, shiny|100\/100\n|-fieldstart|move: Electric Terrain|[from] ability: Electric Surge|[of] p2a: Tapu Koko\n|move|p1a: Corviknight|Brave Bird|p2a: Tapu Koko\n|-resisted|p2a: Tapu Koko\n|-damage|p2a: Tapu Koko|74\/100\n|-damage|p1a: Corviknight|74\/100|[from] Recoil\n|\n|upkeep\n|turn|10\n|\n|t:|1700665581\n|switch|p1a: Gardevoir|Gardevoir, M|100\/100\n|-ability|p1a: Gardevoir|Electric Surge|[from] ability: Trace|[of] p2a: Tapu Koko\n|move|p2a: Tapu Koko|Hidden Power|p1a: Gardevoir\n|-damage|p1a: Gardevoir|72\/100\n|\n|upkeep\n|turn|11\n|\n|t:|1700665592\n|switch|p2a: Dragonite|Dragonite, M|100\/100\n|move|p1a: Gardevoir|Trick|p2a: Dragonite\n|-activate|p1a: Gardevoir|move: Trick|[of] p2a: Dragonite\n|-item|p2a: Dragonite|Choice Scarf|[from] move: Trick\n|-item|p1a: Gardevoir|Choice Band|[from] move: Trick\n|\n|upkeep\n|turn|12\n|\n|t:|1700665602\n|move|p2a: Dragonite|Fire Punch|p1a: Gardevoir\n|-damage|p1a: Gardevoir|23\/100\n|move|p1a: Gardevoir|Moonblast|p2a: Dragonite\n|-supereffective|p2a: Dragonite\n|-damage|p2a: Dragonite|45\/100\n|\n|upkeep\n|turn|13\n|\n|t:|1700665612\n|switch|p1a: Umbreon|Umbreon, F|100\/100\n|move|p2a: Dragonite|Fire Punch|p1a: Umbreon\n|-damage|p1a: Umbreon|76\/100\n|\n|-heal|p1a: Umbreon|82\/100|[from] item: Leftovers\n|-fieldend|move: Electric Terrain\n|upkeep\n|turn|14\n|\n|t:|1700665617\n|switch|p2a: Great Tusk|Great Tusk, shiny|100\/100\n|move|p1a: Umbreon|Wish|p1a: Umbreon\n|\n|-heal|p1a: Umbreon|88\/100|[from] item: Leftovers\n|upkeep\n|turn|15\n|\n|t:|1700665627\n|switch|p1a: Corviknight|Corviknight, F, tera:Dragon|74\/100\n|-ability|p1a: Corviknight|Pressure\n|move|p2a: Great Tusk|Close Combat|p1a: Corviknight\n|-damage|p1a: Corviknight|31\/100\n|-unboost|p2a: Great Tusk|def|1\n|-unboost|p2a: Great Tusk|spd|1\n|-damage|p2a: Great Tusk|84\/100|[from] item: Rocky Helmet|[of] p1a: Corviknight\n|\n|-heal|p1a: Corviknight|80\/100|[from] move: Wish|[wisher] Umbreon\n|upkeep\n|turn|16\n|\n|t:|1700665645\n|-end|p2a: Great Tusk|Protosynthesis|[silent]\n|switch|p2a: Tapu Koko|Tapu Koko, shiny|74\/100\n|-fieldstart|move: Electric Terrain|[from] ability: Electric Surge|[of] p2a: Tapu Koko\n|move|p1a: Corviknight|Brave Bird|p2a: Tapu Koko\n|-resisted|p2a: Tapu Koko\n|-damage|p2a: Tapu Koko|49\/100\n|-damage|p1a: Corviknight|75\/100|[from] Recoil\n|\n|upkeep\n|turn|17\n|\n|t:|1700665653\n|switch|p1a: Umbreon|Umbreon, F|88\/100\n|move|p2a: Tapu Koko|Dazzling Gleam|p1a: Umbreon\n|-supereffective|p1a: Umbreon\n|-damage|p1a: Umbreon|36\/100\n|\n|-heal|p1a: Umbreon|42\/100|[from] item: Leftovers\n|upkeep\n|turn|18\n|\n|t:|1700665663\n|switch|p2a: Great Tusk|Great Tusk, shiny|84\/100\n|move|p1a: Umbreon|Protect||[still]\n|-fail|p1a: Umbreon\n|\n|-heal|p1a: Umbreon|48\/100|[from] item: Leftovers\n|upkeep\n|turn|19\n|\n|t:|1700665668\n|switch|p1a: Gardevoir|Gardevoir, M|23\/100\n|-zpower|p2a: Great Tusk\n|move|p2a: Great Tusk|Subzero Slammer|p1a: Gardevoir|[zeffect]\n|-damage|p1a: Gardevoir|0 fnt\n|faint|p1a: Gardevoir\n|\n|upkeep\n|\n|t:|1700665675\n|switch|p1a: Umbreon|Umbreon, F|48\/100\n|turn|20\n|\n|t:|1700665679\n|move|p2a: Great Tusk|Close Combat|p1a: Umbreon\n|-supereffective|p1a: Umbreon\n|-damage|p1a: Umbreon|0 fnt\n|-unboost|p2a: Great Tusk|def|1\n|-unboost|p2a: Great Tusk|spd|1\n|faint|p1a: Umbreon\n|\n|-fieldend|move: Electric Terrain\n|upkeep\n|\n|t:|1700665682\n|switch|p1a: Corviknight|Corviknight, F, tera:Dragon|75\/100\n|-ability|p1a: Corviknight|Pressure\n|turn|21\n|\n|t:|1700665689\n|-end|p2a: Great Tusk|Protosynthesis|[silent]\n|switch|p2a: Leafeon|Leafeon, F, shiny, tera:Fire|22\/100\n|move|p1a: Corviknight|Brave Bird|p2a: Leafeon\n|-damage|p2a: Leafeon|0 fnt\n|faint|p2a: Leafeon\n|-damage|p1a: Corviknight|70\/100|[from] Recoil\n|\n|upkeep\n|\n|t:|1700665692\n|switch|p2a: Tapu Koko|Tapu Koko, shiny|49\/100\n|-fieldstart|move: Electric Terrain|[from] ability: Electric Surge|[of] p2a: Tapu Koko\n|turn|22\n|\n|t:|1700665697\n|move|p2a: Tapu Koko|Dazzling Gleam|p1a: Corviknight\n|-supereffective|p1a: Corviknight\n|-damage|p1a: Corviknight|0 fnt\n|faint|p1a: Corviknight\n|\n|win|Eliteia\n|raw|eteleks's rating: 1079 &rarr; <strong>1052<\/strong><br \/>(-27 for losing)\n|raw|Eliteia's rating: 1000 &rarr; <strong>1049<\/strong><br \/>(+49 for winning)\n|l|\u2606eteleks\n","uploadtime":1700665706,"views":7,"p1id":"eteleks","p2id":"eliteia","formatid":"gen9nationaldex","rating":1049,"private":0,"password":""}