{"id":"gen9nationaldex-1998875075","p1":"Kaegun","p2":"Schneider123","format":"[Gen 9] National Dex","log":"|html|<div class=\"broadcast-blue\"><strong>[Gen 9] National Dex is currently suspecting Sneasler! For information on how to participate check out the <a href=\"https:\/\/www.smogon.com\/forums\/threads\/sv-national-dex-suspect-8-just-dance.3731534\/\">suspect thread<\/a>.<\/strong><\/div>\n|j|\u2606Kaegun\n|j|\u2606Schneider123\n|t:|1701006957\n|gametype|singles\n|player|p1|Kaegun|266|1274\n|player|p2|Schneider123|volkner|1331\n|teamsize|p1|6\n|teamsize|p2|6\n|gen|9\n|tier|[Gen 9] National Dex\n|rated|\n|rule|HP Percentage Mod: HP is shown in percentages\n|rule|Endless Battle Clause: Forcing endless battles is banned\n|rule|OHKO Clause: OHKO moves are banned\n|rule|Evasion Clause: Evasion abilities, items, and moves are banned\n|rule|Evasion Abilities Clause: Evasion abilities are banned\n|rule|Evasion Items Clause: Evasion items are banned\n|rule|Evasion Moves Clause: Evasion moves are banned\n|rule|Species Clause: Limit one of each Pok\u00e9mon\n|rule|Sleep Clause Mod: Limit one foe put to sleep\n|clearpoke\n|poke|p1|Tapu Koko|\n|poke|p1|Urshifu-*, F|\n|poke|p1|Iron Valiant|\n|poke|p1|Iron Moth|\n|poke|p1|Sneasler, F|\n|poke|p1|Ting-Lu|\n|poke|p2|Morpeko, M|\n|poke|p2|Ribombee, M|\n|poke|p2|Ditto|\n|poke|p2|Garchomp, F|\n|poke|p2|Kartana|\n|poke|p2|Nihilego|\n|teampreview\n|inactive|Battle timer is ON: inactive players will automatically lose when time's up. (requested by Schneider123)\n|\n|t:|1701006967\n|start\n|switch|p1a: Tapu Koko|Tapu Koko|100\/100\n|switch|p2a: Ribombee|Ribombee, M|100\/100\n|-fieldstart|move: Electric Terrain|[from] ability: Electric Surge|[of] p1a: Tapu Koko\n|turn|1\n|\n|t:|1701006973\n|move|p1a: Tapu Koko|Dazzling Gleam|p2a: Ribombee\n|-damage|p2a: Ribombee|54\/100\n|move|p2a: Ribombee|Sticky Web|p1a: Tapu Koko\n|-sidestart|p1: Kaegun|move: Sticky Web\n|\n|upkeep\n|turn|2\n|\n|t:|1701006981\n|move|p1a: Tapu Koko|Dazzling Gleam|p2a: Ribombee\n|-damage|p2a: Ribombee|5\/100\n|move|p2a: Ribombee|Moonblast|p1a: Tapu Koko\n|-damage|p1a: Tapu Koko|50\/100\n|\n|upkeep\n|turn|3\n|\n|t:|1701006988\n|move|p1a: Tapu Koko|Defog|p2a: Ribombee\n|-unboost|p2a: Ribombee|evasion|1\n|-sideend|p1: Kaegun|Sticky Web|[from] move: Defog|[of] p1a: Tapu Koko\n|-fieldend|move: Electric Terrain\n|move|p2a: Ribombee|Bug Buzz|p1a: Tapu Koko\n|-resisted|p1a: Tapu Koko\n|-damage|p1a: Tapu Koko|25\/100\n|\n|upkeep\n|turn|4\n|\n|t:|1701006995\n|move|p1a: Tapu Koko|Volt Switch|p2a: Ribombee\n|-damage|p2a: Ribombee|0 fnt\n|faint|p2a: Ribombee\n|\n|t:|1701006999\n|switch|p1a: Ting-Lu|Ting-Lu|100\/100|[from] Volt Switch\n|-ability|p1a: Ting-Lu|Vessel of Ruin\n|\n|upkeep\n|\n|t:|1701007007\n|switch|p2a: Kartana|Kartana|100\/100\n|turn|5\n|\n|t:|1701007017\n|move|p2a: Kartana|Leaf Blade|p1a: Ting-Lu\n|-supereffective|p1a: Ting-Lu\n|-damage|p1a: Ting-Lu|47\/100\n|-enditem|p1a: Ting-Lu|Red Card|[of] p2a: Kartana\n|drag|p2a: Morpeko|Morpeko, M|100\/100\n|move|p1a: Ting-Lu|Stealth Rock|p2a: Morpeko\n|-sidestart|p2: Schneider123|move: Stealth Rock\n|\n|-formechange|p2a: Morpeko|Morpeko-Hangry||[from] ability: Hunger Switch\n|upkeep\n|turn|6\n|\n|t:|1701007027\n|move|p2a: Morpeko|Rapid Spin|p1a: Ting-Lu\n|-damage|p1a: Ting-Lu|40\/100\n|-boost|p2a: Morpeko|spe|1\n|-sideend|p2: Schneider123|Stealth Rock|[from] move: Rapid Spin|[of] p2a: Morpeko\n|move|p1a: Ting-Lu|Earthquake|p2a: Morpeko\n|-supereffective|p2a: Morpeko\n|-damage|p2a: Morpeko|0 fnt\n|faint|p2a: Morpeko\n|\n|upkeep\n|\n|t:|1701007039\n|switch|p2a: Garchomp|Garchomp, F|100\/100\n|turn|7\n|\n|t:|1701007045\n|move|p2a: Garchomp|Swords Dance|p2a: Garchomp\n|-boost|p2a: Garchomp|atk|2\n|move|p1a: Ting-Lu|Spikes|p2a: Garchomp\n|-sidestart|p2: Schneider123|Spikes\n|\n|upkeep\n|turn|8\n|\n|t:|1701007051\n|detailschange|p2a: Garchomp|Garchomp-Mega, F\n|-mega|p2a: Garchomp|Garchomp|Garchompite\n|move|p2a: Garchomp|Scale Shot|p1a: Ting-Lu\n|-crit|p1a: Ting-Lu\n|-damage|p1a: Ting-Lu|15\/100\n|-damage|p1a: Ting-Lu|1\/100\n|-hitcount|p1a: Ting-Lu|2\n|-unboost|p2a: Garchomp|def|1\n|-boost|p2a: Garchomp|spe|1\n|move|p1a: Ting-Lu|Whirlwind|p2a: Garchomp\n|drag|p2a: Nihilego|Nihilego|100\/100\n|-damage|p2a: Nihilego|88\/100|[from] Spikes\n|\n|upkeep\n|turn|9\n|\n|t:|1701007075\n|switch|p1a: Urshifu|Urshifu-Rapid-Strike, F|100\/100\n|move|p2a: Nihilego|Grass Knot|p1a: Urshifu\n|-supereffective|p1a: Urshifu\n|-damage|p1a: Urshifu|10\/100\n|\n|upkeep\n|turn|10\n|\n|t:|1701007082\n|move|p1a: Urshifu|Surging Strikes|p2a: Nihilego\n|-supereffective|p2a: Nihilego\n|-crit|p2a: Nihilego\n|-damage|p2a: Nihilego|31\/100\n|-supereffective|p2a: Nihilego\n|-crit|p2a: Nihilego\n|-damage|p2a: Nihilego|0 fnt\n|faint|p2a: Nihilego\n|-hitcount|p2: Nihilego|2\n|\n|upkeep\n|\n|t:|1701007090\n|switch|p2a: Ditto|Ditto|100\/100\n|-damage|p2a: Ditto|88\/100|[from] Spikes\n|-transform|p2a: Ditto|p1a: Urshifu|[from] ability: Imposter\n|turn|11\n|\n|t:|1701007097\n|switch|p1a: Ting-Lu|Ting-Lu|1\/100\n|-ability|p1a: Ting-Lu|Vessel of Ruin\n|move|p2a: Ditto|Surging Strikes|p1a: Ting-Lu\n|-supereffective|p1a: Ting-Lu\n|-crit|p1a: Ting-Lu\n|-damage|p1a: Ting-Lu|0 fnt\n|faint|p1a: Ting-Lu\n|-hitcount|p1: Ting-Lu|1\n|\n|upkeep\n|\n|t:|1701007104\n|switch|p1a: Tapu Koko|Tapu Koko|25\/100\n|-fieldstart|move: Electric Terrain|[from] ability: Electric Surge|[of] p1a: Tapu Koko\n|turn|12\n|\n|t:|1701007110\n|switch|p1a: Urshifu|Urshifu-Rapid-Strike, F|10\/100\n|move|p2a: Ditto|Surging Strikes|p1a: Urshifu\n|-resisted|p1a: Urshifu\n|-crit|p1a: Urshifu\n|-damage|p1a: Urshifu|1\/100\n|-resisted|p1a: Urshifu\n|-crit|p1a: Urshifu\n|-damage|p1a: Urshifu|0 fnt\n|faint|p1a: Urshifu\n|-hitcount|p1: Urshifu|2\n|\n|upkeep\n|\n|t:|1701007116\n|switch|p1a: Sneasler|Sneasler, F, shiny|100\/100\n|-enditem|p1a: Sneasler|Electric Seed\n|-boost|p1a: Sneasler|def|1|[from] item: Electric Seed\n|turn|13\n|\n|t:|1701007128\n|move|p1a: Sneasler|Close Combat|p2a: Ditto\n|-damage|p2a: Ditto|16\/100\n|-unboost|p1a: Sneasler|def|1\n|-unboost|p1a: Sneasler|spd|1\n|move|p2a: Ditto|Surging Strikes|p1a: Sneasler\n|-crit|p1a: Sneasler\n|-damage|p1a: Sneasler|65\/100\n|-crit|p1a: Sneasler\n|-damage|p1a: Sneasler|27\/100\n|-crit|p1a: Sneasler\n|-damage|p1a: Sneasler|0 fnt\n|faint|p1a: Sneasler\n|-hitcount|p1: Sneasler|3\n|\n|upkeep\n|\n|t:|1701007133\n|switch|p1a: Iron Valiant|Iron Valiant|100\/100\n|-activate|p1a: Iron Valiant|ability: Quark Drive\n|-start|p1a: Iron Valiant|quarkdrivespe\n|turn|14\n|\n|t:|1701007143\n|move|p1a: Iron Valiant|Moonblast|p2a: Ditto\n|-supereffective|p2a: Ditto\n|-damage|p2a: Ditto|0 fnt\n|faint|p2a: Ditto\n|\n|upkeep\n|\n|t:|1701007148\n|switch|p2a: Kartana|Kartana|100\/100\n|-damage|p2a: Kartana|88\/100|[from] Spikes\n|turn|15\n|\n|t:|1701007159\n|move|p1a: Iron Valiant|Moonblast|p2a: Kartana\n|-resisted|p2a: Kartana\n|-damage|p2a: Kartana|0 fnt\n|faint|p2a: Kartana\n|\n|upkeep\n|\n|t:|1701007164\n|switch|p2a: Garchomp|Garchomp-Mega, F|100\/100\n|-damage|p2a: Garchomp|88\/100|[from] Spikes\n|turn|16\n|\n|t:|1701007170\n|move|p1a: Iron Valiant|Moonblast|p2a: Garchomp\n|-supereffective|p2a: Garchomp\n|-damage|p2a: Garchomp|0 fnt\n|faint|p2a: Garchomp\n|\n|win|Kaegun\n|raw|Kaegun's rating: 1274 &rarr; <strong>1303<\/strong><br \/>(+29 for winning)\n|raw|Schneider123's rating: 1331 &rarr; <strong>1308<\/strong><br \/>(-23 for losing)\n|l|\u2606Schneider123\n","uploadtime":1701007175,"views":2,"p1id":"kaegun","p2id":"schneider123","formatid":"gen9nationaldex","rating":1303,"private":0,"password":""}