{"id":"gen9nationaldex-1990947747","p1":"TrivagoGuy","p2":"Zabanya-Z","format":"[Gen 9] National Dex","log":"|j|\u2606TrivagoGuy\n|j|\u203dZabanya-Z\n|t:|1700018464\n|gametype|singles\n|player|p1|TrivagoGuy|ruinmaniac|1528\n|player|p2|Zabanya-Z|proton|1571\n|teamsize|p1|6\n|teamsize|p2|6\n|gen|9\n|tier|[Gen 9] National Dex\n|rated|\n|rule|HP Percentage Mod: HP is shown in percentages\n|rule|Endless Battle Clause: Forcing endless battles is banned\n|rule|OHKO Clause: OHKO moves are banned\n|rule|Evasion Clause: Evasion abilities, items, and moves are banned\n|rule|Evasion Abilities Clause: Evasion abilities are banned\n|rule|Evasion Items Clause: Evasion items are banned\n|rule|Evasion Moves Clause: Evasion moves are banned\n|rule|Species Clause: Limit one of each Pok\u00e9mon\n|rule|Sleep Clause Mod: Limit one foe put to sleep\n|clearpoke\n|poke|p1|Golisopod, M|\n|poke|p1|Skarmory, M|\n|poke|p1|Seismitoad, M|\n|poke|p1|Pelipper, F|\n|poke|p1|Volcanion|\n|poke|p1|Diancie|\n|poke|p2|Rillaboom, F|\n|poke|p2|Heatran, F|\n|poke|p2|Urshifu-*, M|\n|poke|p2|Slowking-Galar, F|\n|poke|p2|Thundurus-Therian, M|\n|poke|p2|Weezing-Galar, M|\n|teampreview\n|inactive|Battle timer is ON: inactive players will automatically lose when time's up. (requested by Zabanya-Z)\n|\n|t:|1700018475\n|start\n|switch|p1a: Volcanion|Volcanion|100\/100\n|switch|p2a: Thundurus|Thundurus-Therian, M|100\/100\n|turn|1\n|\n|t:|1700018481\n|switch|p2a: Rillaboom|Rillaboom, F|100\/100\n|-fieldstart|move: Grassy Terrain|[from] ability: Grassy Surge|[of] p2a: Rillaboom\n|-terastallize|p1a: Volcanion|Ground\n|move|p1a: Volcanion|Steam Eruption|p2a: Rillaboom\n|-resisted|p2a: Rillaboom\n|-damage|p2a: Rillaboom|33\/100\n|-status|p2a: Rillaboom|brn\n|\n|-heal|p2a: Rillaboom|40\/100 brn|[from] Grassy Terrain\n|-damage|p2a: Rillaboom|33\/100 brn|[from] brn\n|upkeep\n|turn|2\n|\n|t:|1700018491\n|switch|p1a: Skarmory|Skarmory, M|100\/100\n|move|p2a: Rillaboom|Wood Hammer|p1a: Skarmory\n|-resisted|p1a: Skarmory\n|-damage|p1a: Skarmory|88\/100\n|-ability|p1a: Skarmory|Weak Armor|boost\n|-unboost|p1a: Skarmory|def|1\n|-boost|p1a: Skarmory|spe|2\n|-damage|p2a: Rillaboom|29\/100 brn|[from] Recoil\n|\n|-heal|p2a: Rillaboom|35\/100 brn|[from] Grassy Terrain\n|-damage|p2a: Rillaboom|29\/100 brn|[from] brn\n|upkeep\n|turn|3\n|\n|t:|1700018494\n|switch|p2a: Thundurus|Thundurus-Therian, M|100\/100\n|move|p1a: Skarmory|Swords Dance|p1a: Skarmory\n|-boost|p1a: Skarmory|atk|2\n|\n|upkeep\n|turn|4\n|\n|t:|1700018497\n|move|p2a: Thundurus|Thunderbolt|p1a: Skarmory\n|-supereffective|p1a: Skarmory\n|-damage|p1a: Skarmory|0 fnt\n|faint|p1a: Skarmory\n|\n|upkeep\n|\n|t:|1700018507\n|switch|p1a: Volcanion|Volcanion, tera:Ground|100\/100\n|turn|5\n|\n|t:|1700018516\n|switch|p2a: Slowking|Slowking-Galar, F|100\/100\n|move|p1a: Volcanion|Earth Power|p2a: Slowking\n|-supereffective|p2a: Slowking\n|-damage|p2a: Slowking|0 fnt\n|faint|p2a: Slowking\n|\n|-fieldend|move: Grassy Terrain\n|upkeep\n|\n|t:|1700018518\n|switch|p2a: Urshifu|Urshifu-Rapid-Strike, M|100\/100\n|turn|6\n|\n|t:|1700018526\n|switch|p1a: Golisopod|Golisopod, M|100\/100\n|move|p2a: Urshifu|Close Combat|p1a: Golisopod\n|-resisted|p1a: Golisopod\n|-damage|p1a: Golisopod|65\/100\n|-unboost|p2a: Urshifu|def|1\n|-unboost|p2a: Urshifu|spd|1\n|\n|upkeep\n|turn|7\n|\n|t:|1700018530\n|switch|p2a: Weezing|Weezing-Galar, M|100\/100\n|-ability|p2a: Weezing|Neutralizing Gas\n|move|p1a: Golisopod|First Impression|p2a: Weezing\n|-resisted|p2a: Weezing\n|-damage|p2a: Weezing|92\/100\n|\n|-heal|p2a: Weezing|98\/100|[from] item: Leftovers\n|upkeep\n|turn|8\n|\n|t:|1700018537\n|move|p2a: Weezing|Toxic Spikes|p1a: Golisopod\n|-sidestart|p1: TrivagoGuy|move: Toxic Spikes\n|move|p1a: Golisopod|Liquidation|p2a: Weezing\n|-damage|p2a: Weezing|67\/100\n|\n|-heal|p2a: Weezing|73\/100|[from] item: Leftovers\n|upkeep\n|turn|9\n|\n|t:|1700018543\n|switch|p1a: Volcanion|Volcanion, tera:Ground|100\/100\n|-status|p1a: Volcanion|psn\n|move|p2a: Weezing|Will-O-Wisp||[still]\n|-fail|p2a: Weezing\n|\n|-heal|p2a: Weezing|79\/100|[from] item: Leftovers\n|-damage|p1a: Volcanion|88\/100 psn|[from] psn\n|upkeep\n|turn|10\n|\n|t:|1700018547\n|move|p1a: Volcanion|Steam Eruption|p2a: Weezing\n|-damage|p2a: Weezing|0 fnt\n|faint|p2a: Weezing\n|-end|p2a: Weezing|ability: Neutralizing Gas\n|\n|-damage|p1a: Volcanion|76\/100 psn|[from] psn\n|upkeep\n|\n|t:|1700018554\n|switch|p2a: Rillaboom|Rillaboom, F|29\/100 brn\n|-fieldstart|move: Grassy Terrain|[from] ability: Grassy Surge|[of] p2a: Rillaboom\n|turn|11\n|\n|t:|1700018557\n|switch|p1a: Golisopod|Golisopod, M|65\/100\n|-status|p1a: Golisopod|psn\n|move|p2a: Rillaboom|Wood Hammer|p1a: Golisopod\n|-damage|p1a: Golisopod|22\/100 psn\n|-damage|p2a: Rillaboom|14\/100 brn|[from] Recoil\n|-activate|p1a: Golisopod|ability: Emergency Exit\n|\n|t:|1700018572\n|switch|p1a: Pelipper|Pelipper, F|100\/100\n|-weather|RainDance|[from] ability: Drizzle|[of] p1a: Pelipper\n|\n|-weather|RainDance|[upkeep]\n|-heal|p2a: Rillaboom|20\/100 brn|[from] Grassy Terrain\n|-damage|p2a: Rillaboom|14\/100 brn|[from] brn\n|upkeep\n|turn|12\n|\n|t:|1700018587\n|switch|p2a: Thundurus|Thundurus-Therian, M|100\/100\n|move|p1a: Pelipper|Weather Ball|p2a: Thundurus\n|-damage|p2a: Thundurus|12\/100\n|\n|-weather|RainDance|[upkeep]\n|upkeep\n|turn|13\n|\n|t:|1700018594\n|switch|p1a: Volcanion|Volcanion, tera:Ground|76\/100 psn\n|move|p2a: Thundurus|Hidden Power|p1a: Volcanion\n|-supereffective|p1a: Volcanion\n|-damage|p1a: Volcanion|32\/100 psn\n|\n|-weather|RainDance|[upkeep]\n|-heal|p1a: Volcanion|38\/100 psn|[from] Grassy Terrain\n|-damage|p1a: Volcanion|25\/100 psn|[from] psn\n|upkeep\n|turn|14\n|\n|t:|1700018602\n|switch|p1a: Golisopod|Golisopod, M|22\/100 psn\n|move|p2a: Thundurus|Hidden Power|p1a: Golisopod\n|-resisted|p1a: Golisopod\n|-damage|p1a: Golisopod|13\/100 psn\n|\n|-weather|RainDance|[upkeep]\n|-heal|p1a: Golisopod|20\/100 psn|[from] Grassy Terrain\n|-damage|p1a: Golisopod|7\/100 psn|[from] psn\n|upkeep\n|turn|15\n|\n|t:|1700018606\n|switch|p2a: Heatran|Heatran, F|100\/100\n|move|p1a: Golisopod|First Impression|p2a: Heatran\n|-resisted|p2a: Heatran\n|-damage|p2a: Heatran|90\/100\n|\n|-weather|none\n|-heal|p2a: Heatran|96\/100|[from] Grassy Terrain\n|-heal|p2a: Heatran|100\/100|[from] item: Leftovers\n|-heal|p1a: Golisopod|13\/100 psn|[from] Grassy Terrain\n|-damage|p1a: Golisopod|1\/100 psn|[from] psn\n|-fieldend|move: Grassy Terrain\n|upkeep\n|turn|16\n|\n|t:|1700018608\n|move|p2a: Heatran|Stealth Rock|p1a: Golisopod\n|-sidestart|p1: TrivagoGuy|move: Stealth Rock\n|move|p1a: Golisopod|Close Combat|p2a: Heatran\n|-supereffective|p2a: Heatran\n|-damage|p2a: Heatran|27\/100\n|-unboost|p1a: Golisopod|def|1\n|-unboost|p1a: Golisopod|spd|1\n|\n|-heal|p2a: Heatran|34\/100|[from] item: Leftovers\n|-damage|p1a: Golisopod|0 fnt|[from] psn\n|faint|p1a: Golisopod\n|upkeep\n|\n|t:|1700018611\n|switch|p1a: Pelipper|Pelipper, F|100\/100\n|-weather|RainDance|[from] ability: Drizzle|[of] p1a: Pelipper\n|turn|17\n|\n|t:|1700018616\n|move|p2a: Heatran|Magma Storm|p1a: Pelipper|[miss]\n|-miss|p2a: Heatran|p1a: Pelipper\n|move|p1a: Pelipper|Defog|p2a: Heatran\n|-unboost|p2a: Heatran|evasion|1\n|-sideend|p1: TrivagoGuy|Toxic Spikes|[from] move: Defog|[of] p1a: Pelipper\n|-sideend|p1: TrivagoGuy|Stealth Rock|[from] move: Defog|[of] p1a: Pelipper\n|\n|-weather|RainDance|[upkeep]\n|-heal|p2a: Heatran|40\/100|[from] item: Leftovers\n|upkeep\n|turn|18\n|\n|t:|1700018619\n|move|p2a: Heatran|Magma Storm|p1a: Pelipper\n|-resisted|p1a: Pelipper\n|-damage|p1a: Pelipper|86\/100\n|-activate|p1a: Pelipper|move: Magma Storm|[of] p2a: Heatran\n|move|p1a: Pelipper|Weather Ball|p2a: Heatran\n|-supereffective|p2a: Heatran\n|-damage|p2a: Heatran|0 fnt\n|faint|p2a: Heatran\n|\n|-weather|RainDance|[upkeep]\n|-end|p1a: Pelipper|Magma Storm|[partiallytrapped]|[silent]\n|upkeep\n|\n|t:|1700018622\n|switch|p2a: Thundurus|Thundurus-Therian, M|12\/100\n|turn|19\n|\n|t:|1700018628\n|switch|p1a: Volcanion|Volcanion, tera:Ground|25\/100 psn\n|move|p2a: Thundurus|Thunderbolt|p1a: Volcanion\n|-immune|p1a: Volcanion\n|\n|-weather|RainDance|[upkeep]\n|-damage|p1a: Volcanion|13\/100 psn|[from] psn\n|upkeep\n|turn|20\n|\n|t:|1700018632\n|switch|p2a: Rillaboom|Rillaboom, F|14\/100 brn\n|-fieldstart|move: Grassy Terrain|[from] ability: Grassy Surge|[of] p2a: Rillaboom\n|move|p1a: Volcanion|Steam Eruption|p2a: Rillaboom\n|-resisted|p2a: Rillaboom\n|-damage|p2a: Rillaboom|0 fnt\n|faint|p2a: Rillaboom\n|\n|-weather|RainDance|[upkeep]\n|-heal|p1a: Volcanion|19\/100 psn|[from] Grassy Terrain\n|-damage|p1a: Volcanion|7\/100 psn|[from] psn\n|upkeep\n|\n|t:|1700018635\n|switch|p2a: Urshifu|Urshifu-Rapid-Strike, M|100\/100\n|turn|21\n|\n|t:|1700018641\n|move|p2a: Urshifu|U-turn|p1a: Volcanion\n|-damage|p1a: Volcanion|0 fnt\n|faint|p1a: Volcanion\n|\n|t:|1700018644\n|switch|p2a: Thundurus|Thundurus-Therian, M|12\/100|[from] U-turn\n|\n|-weather|none\n|upkeep\n|\n|t:|1700018646\n|switch|p1a: Diancie|Diancie|100\/100\n|turn|22\n|\n|t:|1700018651\n|move|p2a: Thundurus|Volt Switch|p1a: Diancie\n|-damage|p1a: Diancie|68\/100\n|\n|t:|1700018654\n|switch|p2a: Urshifu|Urshifu-Rapid-Strike, M|100\/100|[from] Volt Switch\n|move|p1a: Diancie|Trick Room|p1a: Diancie\n|-fieldstart|move: Trick Room|[of] p1a: Diancie\n|\n|-heal|p1a: Diancie|74\/100|[from] Grassy Terrain\n|upkeep\n|turn|23\n|\n|t:|1700018663\n|-terastallize|p2a: Urshifu|Water\n|move|p2a: Urshifu|Aqua Jet|p1a: Diancie\n|-supereffective|p1a: Diancie\n|-damage|p1a: Diancie|5\/100\n|move|p1a: Diancie|Explosion|p2a: Urshifu\n|-damage|p2a: Urshifu|0 fnt\n|faint|p1a: Diancie\n|faint|p2a: Urshifu\n|\n|upkeep\n|\n|t:|1700018671\n|switch|p1a: Pelipper|Pelipper, F|86\/100\n|switch|p2a: Thundurus|Thundurus-Therian, M|12\/100\n|-weather|RainDance|[from] ability: Drizzle|[of] p1a: Pelipper\n|turn|24\n|\n|t:|1700018674\n|move|p1a: Pelipper|Ice Beam|p2a: Thundurus\n|-supereffective|p2a: Thundurus\n|-damage|p2a: Thundurus|0 fnt\n|faint|p2a: Thundurus\n|\n|win|TrivagoGuy\n|raw|TrivagoGuy's rating: 1528 &rarr; <strong>1550<\/strong><br \/>(+22 for winning)\n|raw|Zabanya-Z's rating: 1571 &rarr; <strong>1549<\/strong><br \/>(-22 for losing)\n|l|\u203dZabanya-Z\n","uploadtime":1700018688,"views":4,"p1id":"trivagoguy","p2id":"zabanyaz","formatid":"gen9nationaldex","rating":1549,"private":0,"password":""}