{"id":"gen9nationaldex-1998996919","p1":"Gellygreen","p2":"BuccaneerTPDPurge","format":"[Gen 9] National Dex","log":"|html|<div class=\"broadcast-blue\"><strong>[Gen 9] National Dex is currently suspecting Sneasler! For information on how to participate check out the <a href=\"https:\/\/www.smogon.com\/forums\/threads\/sv-national-dex-suspect-8-just-dance.3731534\/\">suspect thread<\/a>.<\/strong><\/div>\n|j|\u2606Gellygreen\n|j|\u2606BuccaneerTPDPurge\n|t:|1701022117\n|gametype|singles\n|player|p1|Gellygreen|cynthia-gen4|1218\n|player|p2|BuccaneerTPDPurge|artist|1327\n|teamsize|p1|6\n|teamsize|p2|6\n|gen|9\n|tier|[Gen 9] National Dex\n|rated|\n|rule|HP Percentage Mod: HP is shown in percentages\n|rule|Endless Battle Clause: Forcing endless battles is banned\n|rule|OHKO Clause: OHKO moves are banned\n|rule|Evasion Clause: Evasion abilities, items, and moves are banned\n|rule|Evasion Abilities Clause: Evasion abilities are banned\n|rule|Evasion Items Clause: Evasion items are banned\n|rule|Evasion Moves Clause: Evasion moves are banned\n|rule|Species Clause: Limit one of each Pok\u00e9mon\n|rule|Sleep Clause Mod: Limit one foe put to sleep\n|clearpoke\n|poke|p1|Lopunny, F|\n|poke|p1|Toxapex, F|\n|poke|p1|Corsola-Galar, F|\n|poke|p1|Volcarona, F|\n|poke|p1|Tapu Lele|\n|poke|p1|Great Tusk|\n|poke|p2|Beedrill, M|\n|poke|p2|Sneasler, M|\n|poke|p2|Munkidori, M|\n|poke|p2|Nidoking, M|\n|poke|p2|Glimmora, M|\n|poke|p2|Drapion, M|\n|teampreview\n|\n|t:|1701022147\n|start\n|switch|p1a: Speed king|Volcarona, F|100\/100\n|switch|p2a: GlimaticoPurge|Glimmora, M|100\/100\n|-item|p2a: GlimaticoPurge|Air Balloon\n|turn|1\n|\n|t:|1701022155\n|switch|p1a: Purple haze|Toxapex, F|100\/100\n|move|p2a: GlimaticoPurge|Mortal Spin|p1a: Purple haze\n|-resisted|p1a: Purple haze\n|-damage|p1a: Purple haze|98\/100\n|\n|-heal|p1a: Purple haze|100\/100|[from] item: Black Sludge\n|upkeep\n|turn|2\n|\n|t:|1701022161\n|move|p2a: GlimaticoPurge|Stealth Rock|p1a: Purple haze\n|-sidestart|p1: Gellygreen|move: Stealth Rock\n|move|p1a: Purple haze|Chilling Water|p2a: GlimaticoPurge\n|-supereffective|p2a: GlimaticoPurge\n|-damage|p2a: GlimaticoPurge|80\/100\n|-unboost|p2a: GlimaticoPurge|atk|1\n|-enditem|p2a: GlimaticoPurge|Air Balloon\n|\n|upkeep\n|turn|3\n|\n|t:|1701022170\n|switch|p2a: DrapGangPurger|Drapion, M, shiny|100\/100\n|move|p1a: Purple haze|Chilling Water|p2a: DrapGangPurger\n|-damage|p2a: DrapGangPurger|87\/100\n|-unboost|p2a: DrapGangPurger|atk|1\n|\n|upkeep\n|turn|4\n|\n|t:|1701022177\n|move|p1a: Purple haze|Baneful Bunker|p1a: Purple haze\n|-singleturn|p1a: Purple haze|move: Protect\n|move|p2a: DrapGangPurger|Taunt|p1a: Purple haze\n|-activate|p1a: Purple haze|move: Protect\n|\n|upkeep\n|turn|5\n|c|\u2606BuccaneerTPDPurge|is this jojo team?\n|\n|t:|1701022191\n|-activate|p1a: Purple haze|move: Pursuit\n|move|p2a: DrapGangPurger|Pursuit|p1a: Purple haze|[from]Pursuit\n|-damage|p1a: Purple haze|84\/100\n|switch|p1a: Stone free|Lopunny, F, shiny|100\/100\n|-damage|p1a: Stone free|88\/100|[from] Stealth Rock\n|\n|upkeep\n|turn|6\n|c|\u2606Gellygreen|Yes yes yes\n|c|\u2606BuccaneerTPDPurge|hohoo\n|\n|t:|1701022204\n|switch|p2a: GlimaticoPurge|Glimmora, M|80\/100\n|detailschange|p1a: Stone free|Lopunny-Mega, F, shiny\n|-mega|p1a: Stone free|Lopunny|Lopunnite\n|move|p1a: Stone free|Return|p2a: GlimaticoPurge\n|-resisted|p2a: GlimaticoPurge\n|-damage|p2a: GlimaticoPurge|53\/100\n|-activate|p2a: GlimaticoPurge|ability: Toxic Debris\n|-sidestart|p1: Gellygreen|move: Toxic Spikes\n|\n|upkeep\n|turn|7\n|\n|t:|1701022211\n|move|p1a: Stone free|Drain Punch|p2a: GlimaticoPurge\n|-damage|p2a: GlimaticoPurge|7\/100\n|-heal|p1a: Stone free|100\/100|[from] drain|[of] p2a: GlimaticoPurge\n|-activate|p2a: GlimaticoPurge|ability: Toxic Debris\n|-sidestart|p1: Gellygreen|move: Toxic Spikes\n|move|p2a: GlimaticoPurge|Mortal Spin|p1a: Stone free\n|-damage|p1a: Stone free|93\/100\n|-status|p1a: Stone free|psn\n|\n|-damage|p1a: Stone free|81\/100 psn|[from] psn\n|upkeep\n|turn|8\n|\n|t:|1701022215\n|move|p2a: GlimaticoPurge|Spiky Shield|p2a: GlimaticoPurge\n|-singleturn|p2a: GlimaticoPurge|move: Protect\n|move|p1a: Stone free|Drain Punch|p2a: GlimaticoPurge\n|-activate|p2a: GlimaticoPurge|move: Protect\n|-damage|p1a: Stone free|69\/100 psn|[from] Spiky Shield|[of] p2a: GlimaticoPurge\n|\n|-damage|p1a: Stone free|57\/100 psn|[from] psn\n|upkeep\n|turn|9\n|\n|t:|1701022221\n|move|p1a: Stone free|Drain Punch|p2a: GlimaticoPurge\n|-damage|p2a: GlimaticoPurge|0 fnt\n|-heal|p1a: Stone free|61\/100 psn|[from] drain|[of] p2a: GlimaticoPurge\n|faint|p2a: GlimaticoPurge\n|\n|-damage|p1a: Stone free|49\/100 psn|[from] psn\n|upkeep\n|\n|t:|1701022229\n|switch|p2a: BeePurging|Beedrill, M|100\/100\n|turn|10\n|\n|t:|1701022234\n|switch|p1a: Purple haze|Toxapex, F|100\/100\n|-damage|p1a: Purple haze|88\/100|[from] Stealth Rock\n|-sideend|p1: Gellygreen|move: Toxic Spikes|[of] p1a: Purple haze\n|detailschange|p2a: BeePurging|Beedrill-Mega, M\n|-mega|p2a: BeePurging|Beedrill|Beedrillite\n|move|p2a: BeePurging|U-turn|p1a: Purple haze\n|-resisted|p1a: Purple haze\n|-damage|p1a: Purple haze|66\/100\n|\n|t:|1701022240\n|switch|p2a: SimpVonPurge|Munkidori, M|100\/100|[from] U-turn\n|-item|p1a: Purple haze|Black Sludge|[from] ability: Frisk|[of] p2a: SimpVonPurge|[identify]\n|\n|-heal|p1a: Purple haze|73\/100|[from] item: Black Sludge\n|upkeep\n|turn|11\n|\n|t:|1701022244\n|move|p1a: Purple haze|Baneful Bunker|p1a: Purple haze\n|-singleturn|p1a: Purple haze|move: Protect\n|move|p2a: SimpVonPurge|Psychic|p1a: Purple haze\n|-activate|p1a: Purple haze|move: Protect\n|\n|-heal|p1a: Purple haze|79\/100|[from] item: Black Sludge\n|upkeep\n|turn|12\n|\n|t:|1701022250\n|switch|p1a: Love train|Tapu Lele, shiny|100\/100\n|-damage|p1a: Love train|88\/100|[from] Stealth Rock\n|-fieldstart|move: Psychic Terrain|[from] ability: Psychic Surge|[of] p1a: Love train\n|move|p2a: SimpVonPurge|Psychic|p1a: Love train\n|-resisted|p1a: Love train\n|-damage|p1a: Love train|56\/100\n|\n|upkeep\n|turn|13\n|c|\u2606BuccaneerTPDPurge|omg its d4c love train\n|\n|t:|1701022268\n|move|p2a: SimpVonPurge|Psychic|p1a: Love train\n|-resisted|p1a: Love train\n|-damage|p1a: Love train|24\/100\n|move|p1a: Love train|Psychic|p2a: SimpVonPurge\n|-damage|p2a: SimpVonPurge|25\/100\n|\n|upkeep\n|turn|14\n|\n|t:|1701022276\n|move|p2a: SimpVonPurge|Psychic|p1a: Love train\n|-resisted|p1a: Love train\n|-damage|p1a: Love train|0 fnt\n|faint|p1a: Love train\n|\n|upkeep\n|\n|t:|1701022279\n|switch|p1a: limp bizkit|Corsola-Galar, F, shiny|100\/100\n|-damage|p1a: limp bizkit|88\/100|[from] Stealth Rock\n|turn|15\n|\n|t:|1701022283\n|move|p2a: SimpVonPurge|Psychic|p1a: limp bizkit\n|-damage|p1a: limp bizkit|52\/100\n|move|p1a: limp bizkit|Night Shade|p2a: SimpVonPurge\n|-damage|p2a: SimpVonPurge|0 fnt\n|faint|p2a: SimpVonPurge\n|\n|upkeep\n|\n|t:|1701022288\n|switch|p2a: DrapGangPurger|Drapion, M, shiny|87\/100\n|turn|16\n|\n|t:|1701022294\n|-activate|p1a: limp bizkit|move: Pursuit\n|move|p2a: DrapGangPurger|Pursuit|p1a: limp bizkit|[from]Pursuit\n|-supereffective|p1a: limp bizkit\n|-damage|p1a: limp bizkit|16\/100\n|switch|p1a: Tusk|Great Tusk|100\/100\n|-damage|p1a: Tusk|98\/100|[from] Stealth Rock\n|-enditem|p1a: Tusk|Booster Energy\n|-activate|p1a: Tusk|ability: Protosynthesis|[fromitem]\n|-start|p1a: Tusk|protosynthesisatk\n|\n|-fieldend|move: Psychic Terrain\n|upkeep\n|turn|17\n|\n|t:|1701022303\n|move|p1a: Tusk|Rapid Spin|p2a: DrapGangPurger\n|-damage|p2a: DrapGangPurger|68\/100\n|-boost|p1a: Tusk|spe|1\n|-damage|p1a: Tusk|81\/100|[from] item: Rocky Helmet|[of] p2a: DrapGangPurger\n|-sideend|p1: Gellygreen|Stealth Rock|[from] move: Rapid Spin|[of] p1a: Tusk\n|move|p2a: DrapGangPurger|Taunt|p1a: Tusk\n|-start|p1a: Tusk|move: Taunt\n|\n|upkeep\n|turn|18\n|\n|t:|1701022307\n|move|p1a: Tusk|Rapid Spin|p2a: DrapGangPurger\n|-damage|p2a: DrapGangPurger|50\/100\n|-boost|p1a: Tusk|spe|1\n|-damage|p1a: Tusk|65\/100|[from] item: Rocky Helmet|[of] p2a: DrapGangPurger\n|move|p2a: DrapGangPurger|Knock Off|p1a: Tusk\n|-resisted|p1a: Tusk\n|-damage|p1a: Tusk|56\/100\n|\n|upkeep\n|turn|19\n|\n|t:|1701022319\n|move|p1a: Tusk|Headlong Rush|p2a: DrapGangPurger\n|-supereffective|p2a: DrapGangPurger\n|-damage|p2a: DrapGangPurger|0 fnt\n|-unboost|p1a: Tusk|def|1\n|-unboost|p1a: Tusk|spd|1\n|-damage|p1a: Tusk|40\/100|[from] item: Rocky Helmet|[of] p2a: DrapGangPurger\n|faint|p2a: DrapGangPurger\n|\n|upkeep\n|\n|t:|1701022324\n|switch|p2a: Neko Von Purger|Nidoking, M, shiny|100\/100\n|turn|20\n|\n|t:|1701022328\n|-terastallize|p2a: Neko Von Purger|Flying\n|move|p1a: Tusk|Headlong Rush|p2a: Neko Von Purger\n|-immune|p2a: Neko Von Purger\n|move|p2a: Neko Von Purger|Ice Beam|p1a: Tusk\n|-supereffective|p1a: Tusk\n|-damage|p1a: Tusk|0 fnt\n|faint|p1a: Tusk\n|-end|p1a: Tusk|Protosynthesis|[silent]\n|\n|upkeep\n|\n|t:|1701022333\n|switch|p1a: Purple haze|Toxapex, F|100\/100\n|turn|21\n|c|\u2606BuccaneerTPDPurge|tusk act 4\n|c|\u2606Gellygreen|Yes\n|\n|t:|1701022345\n|move|p1a: Purple haze|Baneful Bunker|p1a: Purple haze\n|-singleturn|p1a: Purple haze|move: Protect\n|move|p2a: Neko Von Purger|Earth Power|p1a: Purple haze\n|-activate|p1a: Purple haze|move: Protect\n|\n|upkeep\n|turn|22\n|c|\u2606BuccaneerTPDPurge|but what is limp bizkit?\n|\n|t:|1701022356\n|move|p2a: Neko Von Purger|Thunderbolt|p1a: Purple haze\n|-supereffective|p1a: Purple haze\n|-damage|p1a: Purple haze|46\/100\n|move|p1a: Purple haze|Toxic|p2a: Neko Von Purger\n|-status|p2a: Neko Von Purger|tox\n|\n|-heal|p1a: Purple haze|52\/100|[from] item: Black Sludge\n|-damage|p2a: Neko Von Purger|94\/100 tox|[from] psn\n|upkeep\n|turn|23\n|c|\u2606Gellygreen|Stone free, Sports Maxx\n|c|\u2606BuccaneerTPDPurge|oh yeah\n|c|\u2606BuccaneerTPDPurge|i forgot about that stand\n|\n|t:|1701022403\n|move|p1a: Purple haze|Baneful Bunker|p1a: Purple haze\n|-singleturn|p1a: Purple haze|move: Protect\n|move|p2a: Neko Von Purger|Earth Power|p1a: Purple haze\n|-activate|p1a: Purple haze|move: Protect\n|\n|-heal|p1a: Purple haze|58\/100|[from] item: Black Sludge\n|-damage|p2a: Neko Von Purger|82\/100 tox|[from] psn\n|upkeep\n|turn|24\n|\n|t:|1701022412\n|switch|p1a: limp bizkit|Corsola-Galar, F, shiny|16\/100\n|move|p2a: Neko Von Purger|Earth Power|p1a: limp bizkit\n|-damage|p1a: limp bizkit|0 fnt\n|-start|p2a: Neko Von Purger|Disable|Earth Power|[from] ability: Cursed Body|[of] p1a: limp bizkit\n|faint|p1a: limp bizkit\n|\n|-damage|p2a: Neko Von Purger|64\/100 tox|[from] psn\n|upkeep\n|\n|t:|1701022420\n|switch|p1a: Purple haze|Toxapex, F|92\/100\n|turn|25\n|\n|t:|1701022423\n|move|p1a: Purple haze|Baneful Bunker|p1a: Purple haze\n|-singleturn|p1a: Purple haze|move: Protect\n|move|p2a: Neko Von Purger|Thunderbolt|p1a: Purple haze\n|-activate|p1a: Purple haze|move: Protect\n|\n|-heal|p1a: Purple haze|98\/100|[from] item: Black Sludge\n|-damage|p2a: Neko Von Purger|39\/100 tox|[from] psn\n|upkeep\n|turn|26\n|\n|t:|1701022430\n|move|p2a: Neko Von Purger|Thunderbolt|p1a: Purple haze\n|-supereffective|p1a: Purple haze\n|-damage|p1a: Purple haze|46\/100\n|move|p1a: Purple haze|Recover|p1a: Purple haze\n|-heal|p1a: Purple haze|96\/100\n|\n|-heal|p1a: Purple haze|100\/100|[from] item: Black Sludge\n|-damage|p2a: Neko Von Purger|8\/100 tox|[from] psn\n|upkeep\n|turn|27\n|\n|t:|1701022439\n|move|p1a: Purple haze|Baneful Bunker|p1a: Purple haze\n|-singleturn|p1a: Purple haze|move: Protect\n|move|p2a: Neko Von Purger|Thunderbolt|p1a: Purple haze\n|-activate|p1a: Purple haze|move: Protect\n|\n|-damage|p2a: Neko Von Purger|0 fnt|[from] psn\n|faint|p2a: Neko Von Purger\n|upkeep\n|c|\u2606BuccaneerTPDPurge|well it has an honour to battle a man\/woman of culture\n|\n|t:|1701022463\n|switch|p2a: PurgeCarrier|Sneasler, M, shiny|100\/100\n|turn|28\n|\n|t:|1701022468\n|move|p1a: Purple haze|Baneful Bunker||[still]\n|-fail|p1a: Purple haze\n|move|p2a: PurgeCarrier|Close Combat|p1a: Purple haze\n|-resisted|p1a: Purple haze\n|-damage|p1a: Purple haze|75\/100\n|-unboost|p2a: PurgeCarrier|def|1\n|-unboost|p2a: PurgeCarrier|spd|1\n|-enditem|p2a: PurgeCarrier|White Herb\n|-clearnegativeboost|p2a: PurgeCarrier|[silent]\n|\n|-heal|p1a: Purple haze|81\/100|[from] item: Black Sludge\n|upkeep\n|turn|29\n|\n|t:|1701022474\n|move|p2a: PurgeCarrier|Acrobatics|p1a: Purple haze\n|-damage|p1a: Purple haze|51\/100\n|move|p1a: Purple haze|Chilling Water|p2a: PurgeCarrier\n|-damage|p2a: PurgeCarrier|86\/100\n|-unboost|p2a: PurgeCarrier|atk|1\n|\n|-heal|p1a: Purple haze|58\/100|[from] item: Black Sludge\n|upkeep\n|turn|30\n|\n|t:|1701022482\n|switch|p2a: BeePurging|Beedrill-Mega, M|100\/100\n|move|p1a: Purple haze|Chilling Water|p2a: BeePurging\n|-damage|p2a: BeePurging|86\/100\n|-unboost|p2a: BeePurging|atk|1\n|\n|-heal|p1a: Purple haze|64\/100|[from] item: Black Sludge\n|upkeep\n|turn|31\n|\n|t:|1701022489\n|move|p1a: Purple haze|Baneful Bunker|p1a: Purple haze\n|-singleturn|p1a: Purple haze|move: Protect\n|move|p2a: BeePurging|Knock Off|p1a: Purple haze\n|-activate|p1a: Purple haze|move: Protect\n|\n|-heal|p1a: Purple haze|70\/100|[from] item: Black Sludge\n|upkeep\n|turn|32\n|\n|t:|1701022496\n|move|p2a: BeePurging|Knock Off|p1a: Purple haze\n|-damage|p1a: Purple haze|51\/100\n|-enditem|p1a: Purple haze|Black Sludge|[from] move: Knock Off|[of] p2a: BeePurging\n|move|p1a: Purple haze|Recover|p1a: Purple haze\n|-heal|p1a: Purple haze|100\/100\n|\n|upkeep\n|turn|33\n|\n|t:|1701022501\n|move|p2a: BeePurging|Drill Run|p1a: Purple haze\n|-supereffective|p1a: Purple haze\n|-damage|p1a: Purple haze|68\/100\n|move|p1a: Purple haze|Chilling Water|p2a: BeePurging\n|-damage|p2a: BeePurging|69\/100\n|-unboost|p2a: BeePurging|atk|1\n|\n|upkeep\n|turn|34\n|\n|t:|1701022508\n|move|p2a: BeePurging|Drill Run|p1a: Purple haze\n|-supereffective|p1a: Purple haze\n|-damage|p1a: Purple haze|44\/100\n|move|p1a: Purple haze|Chilling Water|p2a: BeePurging\n|-damage|p2a: BeePurging|54\/100\n|-unboost|p2a: BeePurging|atk|1\n|\n|upkeep\n|turn|35\n|\n|t:|1701022514\n|move|p2a: BeePurging|Drill Run|p1a: Purple haze\n|-supereffective|p1a: Purple haze\n|-damage|p1a: Purple haze|24\/100\n|move|p1a: Purple haze|Recover|p1a: Purple haze\n|-heal|p1a: Purple haze|74\/100\n|\n|upkeep\n|turn|36\n|\n|t:|1701022520\n|move|p2a: BeePurging|Drill Run|p1a: Purple haze\n|-supereffective|p1a: Purple haze\n|-crit|p1a: Purple haze\n|-damage|p1a: Purple haze|6\/100\n|move|p1a: Purple haze|Chilling Water|p2a: BeePurging\n|-damage|p2a: BeePurging|36\/100\n|-unboost|p2a: BeePurging|atk|1\n|\n|upkeep\n|turn|37\n|\n|t:|1701022527\n|move|p1a: Purple haze|Baneful Bunker|p1a: Purple haze\n|-singleturn|p1a: Purple haze|move: Protect\n|move|p2a: BeePurging|Drill Run|p1a: Purple haze\n|-activate|p1a: Purple haze|move: Protect\n|\n|upkeep\n|turn|38\n|c|\u2606BuccaneerTPDPurge|hmmm\n|\n|t:|1701022537\n|switch|p1a: Stone free|Lopunny-Mega, F, shiny|49\/100 psn\n|move|p2a: BeePurging|U-turn|p1a: Stone free\n|-resisted|p1a: Stone free\n|-damage|p1a: Stone free|37\/100 psn\n|\n|t:|1701022540\n|switch|p2a: PurgeCarrier|Sneasler, M, shiny|86\/100|[from] U-turn\n|\n|-damage|p1a: Stone free|25\/100 psn|[from] psn\n|upkeep\n|turn|39\n|\n|t:|1701022549\n|move|p1a: Stone free|Return|p2a: PurgeCarrier\n|-damage|p2a: PurgeCarrier|0 fnt\n|faint|p2a: PurgeCarrier\n|\n|-damage|p1a: Stone free|13\/100 psn|[from] psn\n|upkeep\n|\n|t:|1701022552\n|switch|p2a: BeePurging|Beedrill-Mega, M|36\/100\n|turn|40\n|\n|t:|1701022557\n|move|p2a: BeePurging|Drill Run|p1a: Stone free\n|-damage|p1a: Stone free|0 fnt\n|faint|p1a: Stone free\n|\n|upkeep\n|\n|t:|1701022560\n|switch|p1a: Purple haze|Toxapex, F|39\/100\n|turn|41\n|\n|t:|1701022563\n|switch|p1a: Speed king|Volcarona, F|100\/100\n|move|p2a: BeePurging|Drill Run|p1a: Speed king\n|-damage|p1a: Speed king|55\/100\n|-status|p2a: BeePurging|brn|[from] ability: Flame Body|[of] p1a: Speed king\n|\n|-damage|p2a: BeePurging|30\/100 brn|[from] brn\n|upkeep\n|turn|42\n|c|\u2606BuccaneerTPDPurge|dammm\n|c|\u2606Gellygreen|gg\n|\n|t:|1701022571\n|move|p2a: BeePurging|Poison Jab|p1a: Speed king\n|-damage|p1a: Speed king|3\/100\n|-status|p1a: Speed king|psn\n|move|p1a: Speed king|Quiver Dance|p1a: Speed king\n|-boost|p1a: Speed king|spa|1\n|-boost|p1a: Speed king|spd|1\n|-boost|p1a: Speed king|spe|1\n|\n|-damage|p1a: Speed king|0 fnt|[from] psn\n|faint|p1a: Speed king\n|-damage|p2a: BeePurging|24\/100 brn|[from] brn\n|upkeep\n|c|\u2606BuccaneerTPDPurge|gg\n|\n|t:|1701022576\n|switch|p1a: Purple haze|Toxapex, F|72\/100\n|turn|43\n|\n|t:|1701022579\n|move|p2a: BeePurging|Drill Run|p1a: Purple haze\n|-supereffective|p1a: Purple haze\n|-crit|p1a: Purple haze\n|-damage|p1a: Purple haze|34\/100\n|move|p1a: Purple haze|Recover|p1a: Purple haze\n|-heal|p1a: Purple haze|84\/100\n|\n|-damage|p2a: BeePurging|18\/100 brn|[from] brn\n|upkeep\n|turn|44\n|\n|t:|1701022586\n|move|p1a: Purple haze|Baneful Bunker|p1a: Purple haze\n|-singleturn|p1a: Purple haze|move: Protect\n|move|p2a: BeePurging|Drill Run|p1a: Purple haze\n|-activate|p1a: Purple haze|move: Protect\n|\n|-damage|p2a: BeePurging|12\/100 brn|[from] brn\n|upkeep\n|turn|45\n|\n|t:|1701022591\n|move|p2a: BeePurging|Drill Run|p1a: Purple haze\n|-supereffective|p1a: Purple haze\n|-damage|p1a: Purple haze|61\/100\n|move|p1a: Purple haze|Chilling Water|p2a: BeePurging\n|-damage|p2a: BeePurging|0 fnt\n|faint|p2a: BeePurging\n|\n|win|Gellygreen\n|raw|Gellygreen's rating: 1218 &rarr; <strong>1251<\/strong><br \/>(+33 for winning)\n|raw|BuccaneerTPDPurge's rating: 1327 &rarr; <strong>1301<\/strong><br \/>(-26 for losing)\n","uploadtime":1701022605,"views":3,"p1id":"gellygreen","p2id":"buccaneertpdpurge","formatid":"gen9nationaldex","rating":1251,"private":0,"password":""}