{"id":"gen9nationaldex-1987863923","p1":"PWA Wright","p2":"TKODATRUTH","format":"[Gen 9] National Dex","log":"|j|\u2606PWA Wright\n|j|\u2606TKODATRUTH\n|t:|1699643853\n|gametype|singles\n|player|p1|PWA Wright|cynthia|1756\n|player|p2|TKODATRUTH|unknown|1636\n|teamsize|p1|6\n|teamsize|p2|6\n|gen|9\n|tier|[Gen 9] National Dex\n|rated|\n|rule|HP Percentage Mod: HP is shown in percentages\n|rule|Endless Battle Clause: Forcing endless battles is banned\n|rule|OHKO Clause: OHKO moves are banned\n|rule|Evasion Clause: Evasion abilities, items, and moves are banned\n|rule|Evasion Abilities Clause: Evasion abilities are banned\n|rule|Evasion Items Clause: Evasion items are banned\n|rule|Evasion Moves Clause: Evasion moves are banned\n|rule|Species Clause: Limit one of each Pok\u00e9mon\n|rule|Sleep Clause Mod: Limit one foe put to sleep\n|clearpoke\n|poke|p1|Garchomp, M|\n|poke|p1|Dondozo, M|\n|poke|p1|Tyranitar, F|\n|poke|p1|Charizard, F|\n|poke|p1|Clodsire, F|\n|poke|p1|Corviknight, M|\n|poke|p2|Charizard, M|\n|poke|p2|Mew|\n|poke|p2|Greninja-*, M|\n|poke|p2|Zamazenta-*|\n|poke|p2|Rillaboom, M|\n|poke|p2|Ninetales-Alola, M|\n|teampreview\n|\n|t:|1699643873\n|start\n|switch|p1a: Charizard|Charizard, F|100\/100\n|switch|p2a: Jetfire|Charizard, M, shiny|100\/100\n|turn|1\n|\n|t:|1699643883\n|detailschange|p1a: Charizard|Charizard-Mega-Y, F\n|-mega|p1a: Charizard|Charizard|Charizardite Y\n|-weather|SunnyDay|[from] ability: Drought|[of] p1a: Charizard\n|detailschange|p2a: Jetfire|Charizard-Mega-X, M, shiny\n|-mega|p2a: Jetfire|Charizard|Charizardite X\n|move|p1a: Charizard|Weather Ball|p2a: Jetfire\n|-resisted|p2a: Jetfire\n|-damage|p2a: Jetfire|69\/100\n|move|p2a: Jetfire|Dragon Dance|p2a: Jetfire\n|-boost|p2a: Jetfire|atk|1\n|-boost|p2a: Jetfire|spe|1\n|\n|-weather|SunnyDay|[upkeep]\n|upkeep\n|turn|2\n|\n|t:|1699643897\n|switch|p1a: Dondozo|Dondozo, M|100\/100\n|move|p2a: Jetfire|Thunder Punch|p1a: Dondozo\n|-supereffective|p1a: Dondozo\n|-damage|p1a: Dondozo|65\/100\n|-damage|p2a: Jetfire|52\/100|[from] item: Rocky Helmet|[of] p1a: Dondozo\n|\n|-weather|SunnyDay|[upkeep]\n|upkeep\n|turn|3\n|\n|t:|1699643924\n|move|p2a: Jetfire|Thunder Punch|p1a: Dondozo\n|-supereffective|p1a: Dondozo\n|-damage|p1a: Dondozo|33\/100\n|-damage|p2a: Jetfire|36\/100|[from] item: Rocky Helmet|[of] p1a: Dondozo\n|move|p1a: Dondozo|Curse|p1a: Dondozo\n|-unboost|p1a: Dondozo|spe|1\n|-boost|p1a: Dondozo|atk|1\n|-boost|p1a: Dondozo|def|1\n|\n|-weather|SunnyDay|[upkeep]\n|upkeep\n|turn|4\n|\n|t:|1699643935\n|move|p2a: Jetfire|Outrage|p1a: Dondozo\n|-damage|p1a: Dondozo|5\/100\n|-damage|p2a: Jetfire|19\/100|[from] item: Rocky Helmet|[of] p1a: Dondozo\n|move|p1a: Dondozo|Rest|p1a: Dondozo\n|-status|p1a: Dondozo|slp|[from] move: Rest\n|-heal|p1a: Dondozo|100\/100 slp|[silent]\n|\n|-weather|SunnyDay|[upkeep]\n|upkeep\n|turn|5\n|\n|t:|1699643950\n|move|p2a: Jetfire|Outrage|p1a: Dondozo|[from]lockedmove\n|-crit|p1a: Dondozo\n|-damage|p1a: Dondozo|46\/100 slp\n|-damage|p2a: Jetfire|3\/100|[from] item: Rocky Helmet|[of] p1a: Dondozo\n|-start|p2a: Jetfire|confusion|[fatigue]\n|cant|p1a: Dondozo|slp\n|\n|-weather|none\n|upkeep\n|turn|6\n|\n|t:|1699643968\n|switch|p2a: Silverbolt|Ninetales-Alola, M, shiny|100\/100\n|-weather|Snow|[from] ability: Snow Warning|[of] p2a: Silverbolt\n|cant|p1a: Dondozo|slp\n|\n|-weather|Snow|[upkeep]\n|upkeep\n|turn|7\n|\n|t:|1699643976\n|switch|p1a: Charizard|Charizard-Mega-Y, F|100\/100\n|-weather|SunnyDay|[from] ability: Drought|[of] p1a: Charizard\n|move|p2a: Silverbolt|Freeze-Dry|p1a: Charizard\n|-damage|p1a: Charizard|81\/100\n|\n|-weather|SunnyDay|[upkeep]\n|upkeep\n|turn|8\n|\n|t:|1699643991\n|switch|p2a: Jetfire|Charizard-Mega-X, M, shiny|3\/100\n|move|p1a: Charizard|Weather Ball|p2a: Jetfire\n|-resisted|p2a: Jetfire\n|-damage|p2a: Jetfire|0 fnt\n|faint|p2a: Jetfire\n|\n|-weather|SunnyDay|[upkeep]\n|upkeep\n|\n|t:|1699644012\n|switch|p2a: Optimus|Greninja, M|100\/100\n|turn|9\n|\n|t:|1699644021\n|switch|p1a: Clodsire|Clodsire, F|100\/100\n|-terastallize|p2a: Optimus|Water\n|move|p2a: Optimus|Hydro Pump|p1a: Clodsire\n|-immune|p1a: Clodsire|[from] ability: Water Absorb\n|\n|-weather|SunnyDay|[upkeep]\n|upkeep\n|turn|10\n|\n|t:|1699644043\n|switch|p2a: Kong|Rillaboom, M, shiny|100\/100\n|-fieldstart|move: Grassy Terrain|[from] ability: Grassy Surge|[of] p2a: Kong\n|move|p1a: Clodsire|Toxic|p2a: Kong\n|-status|p2a: Kong|tox\n|\n|-weather|SunnyDay|[upkeep]\n|-damage|p2a: Kong|94\/100 tox|[from] psn\n|upkeep\n|turn|11\n|\n|t:|1699644056\n|switch|p1a: Corviknight|Corviknight, M|100\/100\n|-ability|p1a: Corviknight|Pressure\n|move|p2a: Kong|U-turn|p1a: Corviknight\n|-resisted|p1a: Corviknight\n|-damage|p1a: Corviknight|95\/100\n|-damage|p2a: Kong|78\/100 tox|[from] item: Rocky Helmet|[of] p1a: Corviknight\n|\n|t:|1699644087\n|switch|p2a: Prince|Mew, shiny|100\/100|[from] U-turn\n|\n|-weather|none\n|upkeep\n|turn|12\n|\n|t:|1699644093\n|move|p2a: Prince|Cosmic Power|p2a: Prince\n|-boost|p2a: Prince|def|1\n|-boost|p2a: Prince|spd|1\n|move|p1a: Corviknight|U-turn|p2a: Prince\n|-supereffective|p2a: Prince\n|-damage|p2a: Prince|82\/100\n|-enditem|p2a: Prince|Weakness Policy\n|-boost|p2a: Prince|atk|2|[from] item: Weakness Policy\n|-boost|p2a: Prince|spa|2|[from] item: Weakness Policy\n|\n|t:|1699644096\n|switch|p1a: Clodsire|Clodsire, F|100\/100|[from] U-turn\n|\n|-heal|p2a: Prince|88\/100|[from] Grassy Terrain\n|upkeep\n|turn|13\n|\n|t:|1699644106\n|-terastallize|p1a: Clodsire|Dark\n|move|p2a: Prince|Stored Power|p1a: Clodsire\n|-immune|p1a: Clodsire\n|move|p1a: Clodsire|Toxic|p2a: Prince\n|-status|p2a: Prince|tox\n|-activate|p2a: Prince|ability: Synchronize\n|-status|p1a: Clodsire|tox\n|\n|-heal|p2a: Prince|94\/100 tox|[from] Grassy Terrain\n|-damage|p2a: Prince|88\/100 tox|[from] psn\n|-damage|p1a: Clodsire|94\/100 tox|[from] psn\n|upkeep\n|turn|14\n|\n|t:|1699644123\n|move|p2a: Prince|Draining Kiss|p1a: Clodsire\n|-supereffective|p1a: Clodsire\n|-damage|p1a: Clodsire|63\/100 tox\n|-heal|p2a: Prince|100\/100 tox|[from] drain|[of] p1a: Clodsire\n|move|p1a: Clodsire|Recover|p1a: Clodsire\n|-heal|p1a: Clodsire|100\/100 tox\n|\n|-damage|p2a: Prince|88\/100 tox|[from] psn\n|-damage|p1a: Clodsire|88\/100 tox|[from] psn\n|-fieldend|move: Grassy Terrain\n|upkeep\n|turn|15\n|\n|t:|1699644143\n|switch|p1a: Charizard|Charizard-Mega-Y, F|81\/100\n|-weather|SunnyDay|[from] ability: Drought|[of] p1a: Charizard\n|move|p2a: Prince|Cosmic Power|p2a: Prince\n|-boost|p2a: Prince|def|1\n|-boost|p2a: Prince|spd|1\n|\n|-weather|SunnyDay|[upkeep]\n|-damage|p2a: Prince|70\/100 tox|[from] psn\n|upkeep\n|turn|16\n|\n|t:|1699644159\n|switch|p1a: Clodsire|Clodsire, F, tera:Dark|88\/100 tox\n|move|p2a: Prince|Stored Power|p1a: Clodsire\n|-immune|p1a: Clodsire\n|\n|-weather|SunnyDay|[upkeep]\n|-heal|p1a: Clodsire|94\/100 tox|[from] item: Leftovers\n|-damage|p2a: Prince|45\/100 tox|[from] psn\n|-damage|p1a: Clodsire|88\/100 tox|[from] psn\n|upkeep\n|turn|17\n|\n|t:|1699644169\n|move|p2a: Prince|Draining Kiss|p1a: Clodsire\n|-supereffective|p1a: Clodsire\n|-damage|p1a: Clodsire|53\/100 tox\n|-heal|p2a: Prince|80\/100 tox|[from] drain|[of] p1a: Clodsire\n|move|p1a: Clodsire|Stealth Rock|p2a: Prince\n|-sidestart|p2: TKODATRUTH|move: Stealth Rock\n|\n|-weather|SunnyDay|[upkeep]\n|-heal|p1a: Clodsire|59\/100 tox|[from] item: Leftovers\n|-damage|p2a: Prince|50\/100 tox|[from] psn\n|-damage|p1a: Clodsire|47\/100 tox|[from] psn\n|upkeep\n|turn|18\n|\n|t:|1699644181\n|move|p2a: Prince|Draining Kiss|p1a: Clodsire\n|-supereffective|p1a: Clodsire\n|-damage|p1a: Clodsire|10\/100 tox\n|-heal|p2a: Prince|85\/100 tox|[from] drain|[of] p1a: Clodsire\n|move|p1a: Clodsire|Recover|p1a: Clodsire\n|-heal|p1a: Clodsire|60\/100 tox\n|\n|-weather|SunnyDay|[upkeep]\n|-heal|p1a: Clodsire|66\/100 tox|[from] item: Leftovers\n|-damage|p2a: Prince|49\/100 tox|[from] psn\n|-damage|p1a: Clodsire|48\/100 tox|[from] psn\n|upkeep\n|turn|19\n|\n|t:|1699644192\n|switch|p1a: Corviknight|Corviknight, M|95\/100\n|-ability|p1a: Corviknight|Pressure\n|move|p2a: Prince|Draining Kiss|p1a: Corviknight\n|-resisted|p1a: Corviknight\n|-damage|p1a: Corviknight|81\/100\n|-heal|p2a: Prince|61\/100 tox|[from] drain|[of] p1a: Corviknight\n|-damage|p2a: Prince|44\/100 tox|[from] item: Rocky Helmet|[of] p1a: Corviknight\n|\n|-weather|none\n|-damage|p2a: Prince|1\/100 tox|[from] psn\n|upkeep\n|turn|20\n|j| Deedezs\n|\n|t:|1699644215\n|switch|p1a: Tyranitar|Tyranitar, F|100\/100\n|-weather|Sandstorm|[from] ability: Sand Stream|[of] p1a: Tyranitar\n|move|p2a: Prince|Draining Kiss|p1a: Tyranitar\n|-supereffective|p1a: Tyranitar\n|-damage|p1a: Tyranitar|83\/100\n|-heal|p2a: Prince|16\/100 tox|[from] drain|[of] p1a: Tyranitar\n|\n|-weather|Sandstorm|[upkeep]\n|-damage|p2a: Prince|10\/100 tox|[from] Sandstorm\n|-damage|p2a: Prince|0 fnt|[from] psn\n|faint|p2a: Prince\n|upkeep\n|l| Deedezs\n|\n|t:|1699644250\n|switch|p2a: Kong|Rillaboom, M, shiny|78\/100 tox\n|-damage|p2a: Kong|66\/100 tox|[from] Stealth Rock\n|-fieldstart|move: Grassy Terrain|[from] ability: Grassy Surge|[of] p2a: Kong\n|turn|21\n|\n|t:|1699644263\n|switch|p1a: Corviknight|Corviknight, M|81\/100\n|-ability|p1a: Corviknight|Pressure\n|move|p2a: Kong|Superpower|p1a: Corviknight\n|-crit|p1a: Corviknight\n|-damage|p1a: Corviknight|30\/100\n|-unboost|p2a: Kong|atk|1\n|-unboost|p2a: Kong|def|1\n|-damage|p2a: Kong|49\/100 tox|[from] item: Rocky Helmet|[of] p1a: Corviknight\n|\n|-weather|Sandstorm|[upkeep]\n|-damage|p2a: Kong|43\/100 tox|[from] Sandstorm\n|-heal|p2a: Kong|49\/100 tox|[from] Grassy Terrain\n|-damage|p2a: Kong|43\/100 tox|[from] psn\n|upkeep\n|turn|22\n|\n|t:|1699644302\n|move|p2a: Kong|Superpower|p1a: Corviknight\n|-damage|p1a: Corviknight|7\/100\n|-unboost|p2a: Kong|atk|1\n|-unboost|p2a: Kong|def|1\n|-damage|p2a: Kong|27\/100 tox|[from] item: Rocky Helmet|[of] p1a: Corviknight\n|move|p1a: Corviknight|Roost|p1a: Corviknight\n|-heal|p1a: Corviknight|57\/100\n|-singleturn|p1a: Corviknight|move: Roost\n|\n|-weather|Sandstorm|[upkeep]\n|-damage|p2a: Kong|20\/100 tox|[from] Sandstorm\n|-heal|p2a: Kong|27\/100 tox|[from] Grassy Terrain\n|-heal|p1a: Corviknight|63\/100|[from] Grassy Terrain\n|-damage|p2a: Kong|14\/100 tox|[from] psn\n|upkeep\n|turn|23\n|\n|t:|1699644320\n|switch|p2a: Silverbolt|Ninetales-Alola, M, shiny|100\/100\n|-damage|p2a: Silverbolt|76\/100|[from] Stealth Rock\n|-weather|Snow|[from] ability: Snow Warning|[of] p2a: Silverbolt\n|move|p1a: Corviknight|Roost|p1a: Corviknight\n|-heal|p1a: Corviknight|100\/100\n|-singleturn|p1a: Corviknight|move: Roost\n|\n|-weather|Snow|[upkeep]\n|-heal|p2a: Silverbolt|82\/100|[from] Grassy Terrain\n|upkeep\n|turn|24\n|\n|t:|1699644338\n|switch|p2a: Optimus|Greninja, M, tera:Water|100\/100\n|-damage|p2a: Optimus|88\/100|[from] Stealth Rock\n|switch|p1a: Charizard|Charizard-Mega-Y, F|81\/100\n|-weather|SunnyDay|[from] ability: Drought|[of] p1a: Charizard\n|\n|-weather|SunnyDay|[upkeep]\n|-heal|p2a: Optimus|94\/100|[from] Grassy Terrain\n|upkeep\n|turn|25\n|\n|t:|1699644349\n|switch|p1a: Clodsire|Clodsire, F, tera:Dark|48\/100 tox\n|move|p2a: Optimus|Hydro Pump|p1a: Clodsire\n|-heal|p1a: Clodsire|73\/100 tox|[from] ability: Water Absorb|[of] p2a: Optimus\n|\n|-weather|SunnyDay|[upkeep]\n|-heal|p2a: Optimus|99\/100|[from] Grassy Terrain\n|-heal|p1a: Clodsire|79\/100 tox|[from] Grassy Terrain\n|-heal|p1a: Clodsire|85\/100 tox|[from] item: Leftovers\n|-damage|p1a: Clodsire|79\/100 tox|[from] psn\n|-fieldend|move: Grassy Terrain\n|upkeep\n|turn|26\n|\n|t:|1699644362\n|switch|p2a: Kong|Rillaboom, M, shiny|14\/100 tox\n|-damage|p2a: Kong|2\/100 tox|[from] Stealth Rock\n|-fieldstart|move: Grassy Terrain|[from] ability: Grassy Surge|[of] p2a: Kong\n|move|p1a: Clodsire|Toxic|p2a: Kong\n|-fail|p2a: Kong|tox\n|\n|-weather|SunnyDay|[upkeep]\n|-heal|p2a: Kong|8\/100 tox|[from] Grassy Terrain\n|-heal|p1a: Clodsire|85\/100 tox|[from] Grassy Terrain\n|-heal|p1a: Clodsire|91\/100 tox|[from] item: Leftovers\n|-damage|p2a: Kong|2\/100 tox|[from] psn\n|-damage|p1a: Clodsire|79\/100 tox|[from] psn\n|upkeep\n|turn|27\n|j| Tguutt\n|\n|t:|1699644378\n|switch|p1a: Corviknight|Corviknight, M|100\/100\n|-ability|p1a: Corviknight|Pressure\n|move|p2a: Kong|U-turn|p1a: Corviknight\n|-resisted|p1a: Corviknight\n|-damage|p1a: Corviknight|95\/100\n|-damage|p2a: Kong|0 fnt|[from] item: Rocky Helmet|[of] p1a: Corviknight\n|faint|p2a: Kong\n|\n|-weather|SunnyDay|[upkeep]\n|upkeep\n|\n|t:|1699644395\n|switch|p2a: Maximus|Zamazenta, shiny|100\/100\n|-damage|p2a: Maximus|94\/100|[from] Stealth Rock\n|-ability|p2a: Maximus|Dauntless Shield|boost\n|-boost|p2a: Maximus|def|1\n|turn|28\n|\n|t:|1699644401\n|move|p2a: Maximus|Iron Defense|p2a: Maximus\n|-boost|p2a: Maximus|def|2\n|move|p1a: Corviknight|U-turn|p2a: Maximus\n|-resisted|p2a: Maximus\n|-damage|p2a: Maximus|92\/100\n|\n|t:|1699644403\n|switch|p1a: Dondozo|Dondozo, M|46\/100 slp|[from] U-turn\n|\n|-weather|none\n|-heal|p2a: Maximus|98\/100|[from] Grassy Terrain\n|-heal|p2a: Maximus|100\/100|[from] item: Leftovers\n|-heal|p1a: Dondozo|52\/100 slp|[from] Grassy Terrain\n|upkeep\n|turn|29\n|j| Aziz Le Bledart\n|l| Aziz Le Bledart\n|\n|t:|1699644414\n|switch|p2a: Silverbolt|Ninetales-Alola, M, shiny|82\/100\n|-damage|p2a: Silverbolt|57\/100|[from] Stealth Rock\n|-weather|Snow|[from] ability: Snow Warning|[of] p2a: Silverbolt\n|-curestatus|p1a: Dondozo|slp|[msg]\n|move|p1a: Dondozo|Curse|p1a: Dondozo\n|-unboost|p1a: Dondozo|spe|1\n|-boost|p1a: Dondozo|atk|1\n|-boost|p1a: Dondozo|def|1\n|\n|-weather|Snow|[upkeep]\n|-heal|p2a: Silverbolt|63\/100|[from] Grassy Terrain\n|-heal|p1a: Dondozo|58\/100|[from] Grassy Terrain\n|upkeep\n|turn|30\n|\n|t:|1699644429\n|switch|p1a: Tyranitar|Tyranitar, F|83\/100\n|-weather|Sandstorm|[from] ability: Sand Stream|[of] p1a: Tyranitar\n|move|p2a: Silverbolt|Freeze-Dry|p1a: Tyranitar\n|-damage|p1a: Tyranitar|78\/100\n|-status|p1a: Tyranitar|frz\n|\n|-weather|Sandstorm|[upkeep]\n|-damage|p2a: Silverbolt|57\/100|[from] Sandstorm\n|-heal|p2a: Silverbolt|63\/100|[from] Grassy Terrain\n|-heal|p1a: Tyranitar|84\/100 frz|[from] Grassy Terrain\n|-fieldend|move: Grassy Terrain\n|upkeep\n|turn|31\n|\n|t:|1699644445\n|-activate|p2a: Silverbolt|move: Pursuit\n|cant|p1a: Tyranitar|frz\n|switch|p2a: Optimus|Greninja, M, tera:Water|99\/100\n|-damage|p2a: Optimus|88\/100|[from] Stealth Rock\n|\n|-weather|Sandstorm|[upkeep]\n|-damage|p2a: Optimus|82\/100|[from] Sandstorm\n|upkeep\n|turn|32\n|\n|t:|1699644454\n|switch|p1a: Clodsire|Clodsire, F, tera:Dark|79\/100 tox\n|move|p2a: Optimus|Toxic Spikes|p1a: Clodsire\n|-sidestart|p1: PWA Wright|move: Toxic Spikes\n|\n|-weather|Sandstorm|[upkeep]\n|-damage|p2a: Optimus|76\/100|[from] Sandstorm\n|-damage|p1a: Clodsire|73\/100 tox|[from] Sandstorm\n|-heal|p1a: Clodsire|79\/100 tox|[from] item: Leftovers\n|-damage|p1a: Clodsire|73\/100 tox|[from] psn\n|upkeep\n|turn|33\n|\n|t:|1699644477\n|switch|p2a: Silverbolt|Ninetales-Alola, M, shiny|63\/100\n|-damage|p2a: Silverbolt|38\/100|[from] Stealth Rock\n|-weather|Snow|[from] ability: Snow Warning|[of] p2a: Silverbolt\n|move|p1a: Clodsire|Toxic|p2a: Silverbolt|[miss]\n|-miss|p1a: Clodsire|p2a: Silverbolt\n|\n|-weather|Snow|[upkeep]\n|-heal|p1a: Clodsire|79\/100 tox|[from] item: Leftovers\n|-damage|p1a: Clodsire|67\/100 tox|[from] psn\n|upkeep\n|turn|34\n|\n|t:|1699644490\n|switch|p1a: Charizard|Charizard-Mega-Y, F|81\/100\n|-weather|SunnyDay|[from] ability: Drought|[of] p1a: Charizard\n|move|p2a: Silverbolt|Moonblast|p1a: Charizard\n|-resisted|p1a: Charizard\n|-damage|p1a: Charizard|66\/100\n|\n|-weather|SunnyDay|[upkeep]\n|upkeep\n|turn|35\n|\n|t:|1699644502\n|move|p2a: Silverbolt|Freeze-Dry|p1a: Charizard\n|-damage|p1a: Charizard|46\/100\n|move|p1a: Charizard|Weather Ball|p2a: Silverbolt\n|-supereffective|p2a: Silverbolt\n|-damage|p2a: Silverbolt|0 fnt\n|faint|p2a: Silverbolt\n|\n|-weather|SunnyDay|[upkeep]\n|upkeep\n|\n|t:|1699644512\n|switch|p2a: Optimus|Greninja, M, tera:Water|76\/100\n|-damage|p2a: Optimus|64\/100|[from] Stealth Rock\n|turn|36\n|l| Tguutt\n|\n|t:|1699644524\n|switch|p1a: Clodsire|Clodsire, F, tera:Dark|67\/100 tox\n|move|p2a: Optimus|Dark Pulse|p1a: Clodsire\n|-resisted|p1a: Clodsire\n|-damage|p1a: Clodsire|52\/100 tox\n|\n|-weather|SunnyDay|[upkeep]\n|-heal|p1a: Clodsire|58\/100 tox|[from] item: Leftovers\n|-damage|p1a: Clodsire|52\/100 tox|[from] psn\n|upkeep\n|turn|37\n|\n|t:|1699644543\n|switch|p2a: Maximus|Zamazenta, shiny|100\/100\n|-damage|p2a: Maximus|94\/100|[from] Stealth Rock\n|move|p1a: Clodsire|Toxic|p2a: Maximus\n|-status|p2a: Maximus|tox\n|\n|-weather|SunnyDay|[upkeep]\n|-heal|p2a: Maximus|100\/100 tox|[from] item: Leftovers\n|-heal|p1a: Clodsire|58\/100 tox|[from] item: Leftovers\n|-damage|p2a: Maximus|94\/100 tox|[from] psn\n|-damage|p1a: Clodsire|46\/100 tox|[from] psn\n|upkeep\n|turn|38\n|\n|t:|1699644558\n|switch|p1a: Corviknight|Corviknight, M|95\/100\n|-ability|p1a: Corviknight|Pressure\n|move|p2a: Maximus|Iron Defense|p2a: Maximus\n|-boost|p2a: Maximus|def|2\n|\n|-weather|none\n|-heal|p2a: Maximus|100\/100 tox|[from] item: Leftovers\n|-damage|p2a: Maximus|88\/100 tox|[from] psn\n|upkeep\n|turn|39\n|\n|t:|1699644571\n|move|p2a: Maximus|Body Press|p1a: Corviknight\n|-damage|p1a: Corviknight|54\/100\n|-damage|p2a: Maximus|72\/100 tox|[from] item: Rocky Helmet|[of] p1a: Corviknight\n|move|p1a: Corviknight|Defog|p2a: Maximus\n|-unboost|p2a: Maximus|evasion|1\n|-sideend|p2: TKODATRUTH|Stealth Rock|[from] move: Defog|[of] p1a: Corviknight\n|-sideend|p1: PWA Wright|Toxic Spikes|[from] move: Defog|[of] p1a: Corviknight\n|\n|-heal|p2a: Maximus|78\/100 tox|[from] item: Leftovers\n|-damage|p2a: Maximus|59\/100 tox|[from] psn\n|upkeep\n|turn|40\n|\n|t:|1699644584\n|switch|p2a: Optimus|Greninja, M, tera:Water|64\/100\n|move|p1a: Corviknight|Roost|p1a: Corviknight\n|-heal|p1a: Corviknight|100\/100\n|-singleturn|p1a: Corviknight|move: Roost\n|\n|upkeep\n|turn|41\n|\n|t:|1699644601\n|move|p2a: Optimus|Toxic Spikes|p1a: Corviknight\n|-sidestart|p1: PWA Wright|move: Toxic Spikes\n|move|p1a: Corviknight|U-turn|p2a: Optimus\n|-damage|p2a: Optimus|41\/100\n|\n|t:|1699644607\n|switch|p1a: Clodsire|Clodsire, F, tera:Dark|46\/100 tox|[from] U-turn\n|\n|-heal|p1a: Clodsire|52\/100 tox|[from] item: Leftovers\n|-damage|p1a: Clodsire|46\/100 tox|[from] psn\n|upkeep\n|turn|42\n|\n|t:|1699644618\n|switch|p2a: Maximus|Zamazenta, shiny|59\/100 tox\n|move|p1a: Clodsire|Recover|p1a: Clodsire\n|-heal|p1a: Clodsire|96\/100 tox\n|\n|-heal|p2a: Maximus|65\/100 tox|[from] item: Leftovers\n|-heal|p1a: Clodsire|100\/100 tox|[from] item: Leftovers\n|-damage|p2a: Maximus|59\/100 tox|[from] psn\n|-damage|p1a: Clodsire|88\/100 tox|[from] psn\n|upkeep\n|turn|43\n|\n|t:|1699644636\n|switch|p2a: Optimus|Greninja, M, tera:Water|41\/100\n|switch|p1a: Corviknight|Corviknight, M|100\/100\n|-ability|p1a: Corviknight|Pressure\n|\n|upkeep\n|turn|44\n|\n|t:|1699644652\n|move|p2a: Optimus|Hydro Pump|p1a: Corviknight|[miss]\n|-miss|p2a: Optimus|p1a: Corviknight\n|move|p1a: Corviknight|Body Press|p2a: Optimus\n|-damage|p2a: Optimus|1\/100\n|\n|upkeep\n|turn|45\n|\n|t:|1699644667\n|switch|p1a: Tyranitar|Tyranitar, F|84\/100 frz\n|-weather|Sandstorm|[from] ability: Sand Stream|[of] p1a: Tyranitar\n|move|p2a: Optimus|Hydro Pump|p1a: Tyranitar|[miss]\n|-miss|p2a: Optimus|p1a: Tyranitar\n|\n|-weather|Sandstorm|[upkeep]\n|-damage|p2a: Optimus|0 fnt|[from] Sandstorm\n|faint|p2a: Optimus\n|upkeep\n|\n|t:|1699644676\n|switch|p2a: Maximus|Zamazenta, shiny|59\/100 tox\n|turn|46\n|c|\u2606PWA Wright|gg\n|c|\u2606TKODATRUTH|too much misses and hax\n|c|\u2606TKODATRUTH|not really\n|\n|t:|1699644698\n|switch|p1a: Corviknight|Corviknight, M|100\/100\n|-ability|p1a: Corviknight|Pressure\n|move|p2a: Maximus|Body Press|p1a: Corviknight\n|-damage|p1a: Corviknight|79\/100\n|-damage|p2a: Maximus|43\/100 tox|[from] item: Rocky Helmet|[of] p1a: Corviknight\n|\n|-weather|Sandstorm|[upkeep]\n|-damage|p2a: Maximus|37\/100 tox|[from] Sandstorm\n|-heal|p2a: Maximus|43\/100 tox|[from] item: Leftovers\n|-damage|p2a: Maximus|37\/100 tox|[from] psn\n|upkeep\n|turn|47\n|j| Xceptr\n|\n|t:|1699644716\n|move|p2a: Maximus|Body Press|p1a: Corviknight\n|-damage|p1a: Corviknight|57\/100\n|-damage|p2a: Maximus|20\/100 tox|[from] item: Rocky Helmet|[of] p1a: Corviknight\n|move|p1a: Corviknight|Roost|p1a: Corviknight\n|-heal|p1a: Corviknight|100\/100\n|-singleturn|p1a: Corviknight|move: Roost\n|\n|-weather|Sandstorm|[upkeep]\n|-damage|p2a: Maximus|14\/100 tox|[from] Sandstorm\n|-heal|p2a: Maximus|20\/100 tox|[from] item: Leftovers\n|-damage|p2a: Maximus|8\/100 tox|[from] psn\n|upkeep\n|turn|48\n|c|\u2606PWA Wright|Misses are a part of the game\n|c|\u2606PWA Wright|And you got the freeze on me too\n|c|\u2606PWA Wright|You fucked up when you tera'd greninja, not knowing clod was WA\n|c|\u2606TKODATRUTH|thats a hax\n|c|\u2606TKODATRUTH|yea i misplayed\n|c|\u2606PWA Wright|Cause if you tera Steel or Pois mew, I wouldn't have anything to deal with it\n|c|\u2606PWA Wright|Though, I'm a strong proponent of \"Stored power is broken and should be banned\"\n|\n|t:|1699644784\n|move|p2a: Maximus|Body Press|p1a: Corviknight\n|-damage|p1a: Corviknight|79\/100\n|-damage|p2a: Maximus|0 fnt|[from] item: Rocky Helmet|[of] p1a: Corviknight\n|faint|p2a: Maximus\n|\n|win|PWA Wright\n|raw|PWA Wright's rating: 1756 &rarr; <strong>1769<\/strong><br \/>(+13 for winning)\n|raw|TKODATRUTH's rating: 1636 &rarr; <strong>1623<\/strong><br \/>(-13 for losing)\n","uploadtime":1699644791,"views":14,"p1id":"pwawright","p2id":"tkodatruth","formatid":"gen9nationaldex","rating":1623,"private":0,"password":""}