{"id":"gen9nationaldex-1992349154","p1":"mtyqjltz5","p2":"Avinobellissimo","format":"[Gen 9] National Dex","log":"|j|\u2606mtyqjltz5\n|j|\u2606Avinobellissimo\n|t:|1700177387\n|gametype|singles\n|player|p1|mtyqjltz5|elesa|1416\n|player|p2|Avinobellissimo|volkner|1490\n|teamsize|p1|6\n|teamsize|p2|6\n|gen|9\n|tier|[Gen 9] National Dex\n|rated|\n|rule|HP Percentage Mod: HP is shown in percentages\n|rule|Endless Battle Clause: Forcing endless battles is banned\n|rule|OHKO Clause: OHKO moves are banned\n|rule|Evasion Clause: Evasion abilities, items, and moves are banned\n|rule|Evasion Abilities Clause: Evasion abilities are banned\n|rule|Evasion Items Clause: Evasion items are banned\n|rule|Evasion Moves Clause: Evasion moves are banned\n|rule|Species Clause: Limit one of each Pok\u00e9mon\n|rule|Sleep Clause Mod: Limit one foe put to sleep\n|clearpoke\n|poke|p1|Pidgeot, M|\n|poke|p1|Heatran, M|\n|poke|p1|Tapu Bulu|\n|poke|p1|Slowking-Galar, M|\n|poke|p1|Xurkitree|\n|poke|p1|Great Tusk|\n|poke|p2|Kleavor, M|\n|poke|p2|Rotom-Wash|\n|poke|p2|Goodra-Hisui, F|\n|poke|p2|Landorus-Therian, M|\n|poke|p2|Greninja-*, M|\n|poke|p2|Urshifu-*, M|\n|teampreview\n|inactive|Battle timer is ON: inactive players will automatically lose when time's up. (requested by Avinobellissimo)\n|\n|t:|1700177398\n|start\n|switch|p1a: Tapu Bulu|Tapu Bulu|100\/100\n|switch|p2a: Landorus|Landorus-Therian, M|100\/100\n|-ability|p2a: Landorus|Intimidate|boost\n|-unboost|p1a: Tapu Bulu|atk|1\n|-fieldstart|move: Grassy Terrain|[from] ability: Grassy Surge|[of] p1a: Tapu Bulu\n|turn|1\n|\n|t:|1700177403\n|move|p2a: Landorus|U-turn|p1a: Tapu Bulu\n|-damage|p1a: Tapu Bulu|80\/100\n|\n|t:|1700177408\n|switch|p2a: Goodra|Goodra-Hisui, F|100\/100|[from] U-turn\n|move|p1a: Tapu Bulu|Leech Seed|p2a: Goodra\n|-ability|p2a: Goodra|Sap Sipper|boost\n|-boost|p2a: Goodra|atk|1\n|\n|-heal|p1a: Tapu Bulu|86\/100|[from] Grassy Terrain\n|-heal|p1a: Tapu Bulu|92\/100|[from] item: Leftovers\n|upkeep\n|turn|2\n|\n|t:|1700177418\n|switch|p1a: Slowking|Slowking-Galar, M, shiny|100\/100\n|move|p2a: Goodra|Flash Cannon|p1a: Slowking\n|-damage|p1a: Slowking|77\/100\n|\n|-heal|p1a: Slowking|83\/100|[from] Grassy Terrain\n|upkeep\n|turn|3\n|\n|t:|1700177427\n|move|p2a: Goodra|Draco Meteor|p1a: Slowking\n|-damage|p1a: Slowking|42\/100\n|-unboost|p2a: Goodra|spa|2\n|move|p1a: Slowking|Thunder Wave|p2a: Goodra\n|-status|p2a: Goodra|par\n|\n|-heal|p1a: Slowking|48\/100|[from] Grassy Terrain\n|upkeep\n|turn|4\n|\n|t:|1700177435\n|move|p1a: Slowking|Future Sight|p2a: Goodra\n|-start|p1a: Slowking|move: Future Sight\n|move|p2a: Goodra|Draco Meteor|p1a: Slowking\n|-damage|p1a: Slowking|29\/100\n|-unboost|p2a: Goodra|spa|2\n|\n|-heal|p1a: Slowking|35\/100|[from] Grassy Terrain\n|upkeep\n|turn|5\n|\n|t:|1700177443\n|switch|p1a: Heatran|Heatran, M|100\/100\n|switch|p2a: Greninja|Greninja, M|100\/100\n|\n|-fieldend|move: Grassy Terrain\n|upkeep\n|turn|6\n|\n|t:|1700177454\n|switch|p1a: Slowking|Slowking-Galar, M, shiny|68\/100\n|move|p2a: Greninja|Surf|p1a: Slowking\n|-damage|p1a: Slowking|41\/100\n|-damage|p2a: Greninja|91\/100|[from] item: Life Orb\n|\n|-end|p2a: Greninja|move: Future Sight\n|-immune|p2a: Greninja\n|upkeep\n|turn|7\n|\n|t:|1700177464\n|move|p2a: Greninja|Dark Pulse|p1a: Slowking\n|-supereffective|p1a: Slowking\n|-damage|p1a: Slowking|0 fnt\n|faint|p1a: Slowking\n|-ability|p2a: Greninja|Battle Bond|boost\n|-boost|p2a: Greninja|atk|1\n|-boost|p2a: Greninja|spa|1\n|-boost|p2a: Greninja|spe|1\n|-activate|p2a: Greninja|ability: Battle Bond\n|-damage|p2a: Greninja|81\/100|[from] item: Life Orb\n|\n|upkeep\n|\n|t:|1700177476\n|switch|p1a: Great Tusk|Great Tusk|100\/100\n|turn|8\n|\n|t:|1700177486\n|-terastallize|p1a: Great Tusk|Water\n|move|p2a: Greninja|Water Shuriken|p1a: Great Tusk\n|-resisted|p1a: Great Tusk\n|-damage|p1a: Great Tusk|91\/100\n|-resisted|p1a: Great Tusk\n|-damage|p1a: Great Tusk|81\/100\n|-resisted|p1a: Great Tusk\n|-damage|p1a: Great Tusk|70\/100\n|-hitcount|p1a: Great Tusk|3\n|-damage|p2a: Greninja|71\/100|[from] item: Life Orb\n|move|p1a: Great Tusk|Close Combat|p2a: Greninja\n|-supereffective|p2a: Greninja\n|-damage|p2a: Greninja|0 fnt\n|-unboost|p1a: Great Tusk|def|1\n|-unboost|p1a: Great Tusk|spd|1\n|faint|p2a: Greninja\n|\n|upkeep\n|\n|t:|1700177493\n|switch|p2a: Rotom|Rotom-Wash|100\/100\n|turn|9\n|\n|t:|1700177497\n|-end|p1a: Great Tusk|Protosynthesis|[silent]\n|switch|p1a: Tapu Bulu|Tapu Bulu|92\/100\n|-fieldstart|move: Grassy Terrain|[from] ability: Grassy Surge|[of] p1a: Tapu Bulu\n|move|p2a: Rotom|Volt Switch|p1a: Tapu Bulu\n|-resisted|p1a: Tapu Bulu\n|-damage|p1a: Tapu Bulu|80\/100\n|\n|t:|1700177502\n|switch|p2a: Goodra|Goodra-Hisui, F|100\/100 par|[from] Volt Switch\n|\n|-heal|p1a: Tapu Bulu|86\/100|[from] Grassy Terrain\n|-heal|p1a: Tapu Bulu|92\/100|[from] item: Leftovers\n|upkeep\n|turn|10\n|\n|t:|1700177512\n|switch|p1a: Heatran|Heatran, M|100\/100\n|switch|p2a: Landorus|Landorus-Therian, M|100\/100\n|-ability|p2a: Landorus|Intimidate|boost\n|-unboost|p1a: Heatran|atk|1\n|\n|upkeep\n|turn|11\n|\n|t:|1700177523\n|switch|p1a: Xurkitree|Xurkitree, shiny|100\/100\n|move|p2a: Landorus|U-turn|p1a: Xurkitree\n|-damage|p1a: Xurkitree|54\/100\n|\n|t:|1700177530\n|switch|p2a: Kleavor|Kleavor, M|100\/100|[from] U-turn\n|\n|-heal|p1a: Xurkitree|60\/100|[from] Grassy Terrain\n|upkeep\n|turn|12\n|\n|t:|1700177535\n|switch|p1a: Tapu Bulu|Tapu Bulu|92\/100\n|move|p2a: Kleavor|Stone Axe|p1a: Tapu Bulu\n|-damage|p1a: Tapu Bulu|53\/100\n|-sidestart|p1: mtyqjltz5|move: Stealth Rock\n|\n|-heal|p1a: Tapu Bulu|59\/100|[from] Grassy Terrain\n|-heal|p1a: Tapu Bulu|65\/100|[from] item: Leftovers\n|upkeep\n|turn|13\n|\n|t:|1700177545\n|switch|p2a: Landorus|Landorus-Therian, M|100\/100\n|-ability|p2a: Landorus|Intimidate|boost\n|-unboost|p1a: Tapu Bulu|atk|1\n|move|p1a: Tapu Bulu|Leech Seed|p2a: Landorus|[miss]\n|-miss|p1a: Tapu Bulu|p2a: Landorus\n|\n|-heal|p1a: Tapu Bulu|71\/100|[from] Grassy Terrain\n|-heal|p1a: Tapu Bulu|77\/100|[from] item: Leftovers\n|-fieldend|move: Grassy Terrain\n|upkeep\n|turn|14\n|\n|t:|1700177554\n|move|p2a: Landorus|U-turn|p1a: Tapu Bulu\n|-damage|p1a: Tapu Bulu|55\/100\n|\n|t:|1700177560\n|switch|p2a: Goodra|Goodra-Hisui, F|100\/100 par|[from] U-turn\n|move|p1a: Tapu Bulu|Leech Seed|p2a: Goodra\n|-ability|p2a: Goodra|Sap Sipper|boost\n|-boost|p2a: Goodra|atk|1\n|\n|-heal|p1a: Tapu Bulu|61\/100|[from] item: Leftovers\n|upkeep\n|turn|15\n|\n|t:|1700177569\n|switch|p1a: Heatran|Heatran, M|100\/100\n|-damage|p1a: Heatran|88\/100|[from] Stealth Rock\n|switch|p2a: Landorus|Landorus-Therian, M|100\/100\n|-ability|p2a: Landorus|Intimidate|boost\n|-unboost|p1a: Heatran|atk|1\n|\n|-heal|p1a: Heatran|94\/100|[from] item: Leftovers\n|upkeep\n|turn|16\n|\n|t:|1700177582\n|move|p2a: Landorus|Earthquake|p1a: Heatran\n|-supereffective|p1a: Heatran\n|-damage|p1a: Heatran|0 fnt\n|faint|p1a: Heatran\n|\n|upkeep\n|\n|t:|1700177587\n|switch|p1a: Tapu Bulu|Tapu Bulu|61\/100\n|-damage|p1a: Tapu Bulu|49\/100|[from] Stealth Rock\n|-fieldstart|move: Grassy Terrain|[from] ability: Grassy Surge|[of] p1a: Tapu Bulu\n|turn|17\n|\n|t:|1700177598\n|switch|p2a: Rotom|Rotom-Wash|100\/100\n|switch|p1a: Pidgeot|Pidgeot, M, shiny|100\/100\n|-damage|p1a: Pidgeot|76\/100|[from] Stealth Rock\n|\n|upkeep\n|turn|18\n|\n|t:|1700177608\n|switch|p1a: Great Tusk|Great Tusk, tera:Water|70\/100\n|-damage|p1a: Great Tusk|58\/100|[from] Stealth Rock\n|move|p2a: Rotom|Volt Switch|p1a: Great Tusk\n|-supereffective|p1a: Great Tusk\n|-damage|p1a: Great Tusk|0 fnt\n|faint|p1a: Great Tusk\n|-end|p1a: Great Tusk|Protosynthesis|[silent]\n|\n|t:|1700177613\n|switch|p2a: Landorus|Landorus-Therian, M|100\/100|[from] Volt Switch\n|\n|upkeep\n|-message|mtyqjltz5 forfeited.\n|\n|win|Avinobellissimo\n|raw|mtyqjltz5's rating: 1416 &rarr; <strong>1400<\/strong><br \/>(-16 for losing)\n|raw|Avinobellissimo's rating: 1490 &rarr; <strong>1506<\/strong><br \/>(+16 for winning)\n|l|\u2606mtyqjltz5\n","uploadtime":1700177623,"views":14,"p1id":"mtyqjltz5","p2id":"avinobellissimo","formatid":"gen9nationaldex","rating":1400,"private":0,"password":""}