{"id":"gen9nationaldex-2000126720","p1":"Ganjafin","p2":"SamJo","format":"[Gen 9] National Dex","log":"|html|<div class=\"broadcast-blue\"><strong>[Gen 9] National Dex is currently suspecting Sneasler! For information on how to participate check out the <a href=\"https:\/\/www.smogon.com\/forums\/threads\/sv-national-dex-suspect-8-just-dance.3731534\/\">suspect thread<\/a>.<\/strong><\/div>\n|j|\u2606Ganjafin\n|j|\u2606SamJo\n|inactive|Battle timer is ON: inactive players will automatically lose when time's up.\n|t:|1701159629\n|gametype|singles\n|player|p1|Ganjafin|steven-masters2|\n|player|p2|SamJo|lance-gen3|\n|teamsize|p1|6\n|teamsize|p2|6\n|gen|9\n|tier|[Gen 9] National Dex\n|rated|Tournament battle\n|rule|HP Percentage Mod: HP is shown in percentages\n|rule|Endless Battle Clause: Forcing endless battles is banned\n|rule|OHKO Clause: OHKO moves are banned\n|rule|Evasion Clause: Evasion abilities, items, and moves are banned\n|rule|Evasion Abilities Clause: Evasion abilities are banned\n|rule|Evasion Items Clause: Evasion items are banned\n|rule|Evasion Moves Clause: Evasion moves are banned\n|rule|Species Clause: Limit one of each Pok\u00e9mon\n|rule|Sleep Clause Mod: Limit one foe put to sleep\n|clearpoke\n|poke|p1|Ursaluna, F|\n|poke|p1|Alomomola, F|\n|poke|p1|Ferrothorn, M|\n|poke|p1|Landorus-Therian, M|\n|poke|p1|Tapu Koko|\n|poke|p1|Diancie|\n|poke|p2|Diancie|\n|poke|p2|Great Tusk|\n|poke|p2|Aegislash, M|\n|poke|p2|Moltres|\n|poke|p2|Toxapex, F|\n|poke|p2|Tapu Bulu|\n|teampreview\n|j| Koromos Rugmaarh\n|inactive|SamJo has 120 seconds left.\n|j| hatsir\n|\n|t:|1701159662\n|start\n|switch|p1a: Alomomola|Alomomola, F|100\/100\n|switch|p2a: Tapu Bulu|Tapu Bulu|100\/100\n|-fieldstart|move: Grassy Terrain|[from] ability: Grassy Surge|[of] p2a: Tapu Bulu\n|turn|1\n|\n|t:|1701159671\n|move|p1a: Alomomola|Protect|p1a: Alomomola\n|-singleturn|p1a: Alomomola|Protect\n|move|p2a: Tapu Bulu|Swords Dance|p2a: Tapu Bulu\n|-boost|p2a: Tapu Bulu|atk|2\n|\n|upkeep\n|turn|2\n|\n|t:|1701159679\n|switch|p1a: Landorus|Landorus-Therian, M|100\/100\n|-ability|p1a: Landorus|Intimidate|boost\n|-unboost|p2a: Tapu Bulu|atk|1\n|move|p2a: Tapu Bulu|Close Combat|p1a: Landorus\n|-resisted|p1a: Landorus\n|-damage|p1a: Landorus|62\/100\n|-unboost|p2a: Tapu Bulu|def|1\n|-unboost|p2a: Tapu Bulu|spd|1\n|\n|upkeep\n|turn|3\n|j| prince5\n|\n|t:|1701159703\n|switch|p2a: Diancie|Diancie|100\/100\n|move|p1a: Landorus|Explosion|p2a: Diancie\n|-resisted|p2a: Diancie\n|-damage|p2a: Diancie|52\/100\n|faint|p1a: Landorus\n|\n|-heal|p2a: Diancie|58\/100|[from] Grassy Terrain\n|upkeep\n|\n|t:|1701159708\n|switch|p1a: Alomomola|Alomomola, F|100\/100\n|turn|4\n|\n|t:|1701159725\n|move|p2a: Diancie|Stealth Rock|p1a: Alomomola\n|-sidestart|p1: Ganjafin|move: Stealth Rock\n|move|p1a: Alomomola|Flip Turn|p2a: Diancie\n|-supereffective|p2a: Diancie\n|-damage|p2a: Diancie|20\/100\n|\n|t:|1701159733\n|switch|p1a: Tapu Koko|Tapu Koko|100\/100|[from] Flip Turn\n|-fieldstart|move: Electric Terrain|[from] ability: Electric Surge|[of] p1a: Tapu Koko\n|\n|upkeep\n|turn|5\n|\n|t:|1701159743\n|switch|p2a: Tapu Bulu|Tapu Bulu|100\/100\n|-fieldstart|move: Grassy Terrain|[from] ability: Grassy Surge|[of] p2a: Tapu Bulu\n|move|p1a: Tapu Koko|Hidden Power|p2a: Tapu Bulu\n|-supereffective|p2a: Tapu Bulu\n|-damage|p2a: Tapu Bulu|59\/100\n|\n|-heal|p2a: Tapu Bulu|66\/100|[from] Grassy Terrain\n|upkeep\n|turn|6\n|\n|t:|1701159762\n|move|p1a: Tapu Koko|U-turn|p2a: Tapu Bulu\n|-damage|p2a: Tapu Bulu|50\/100\n|\n|t:|1701159765\n|switch|p1a: Ferrothorn|Ferrothorn, M|100\/100|[from] U-turn\n|-damage|p1a: Ferrothorn|94\/100|[from] Stealth Rock\n|move|p2a: Tapu Bulu|Swords Dance|p2a: Tapu Bulu\n|-boost|p2a: Tapu Bulu|atk|2\n|\n|-heal|p2a: Tapu Bulu|56\/100|[from] Grassy Terrain\n|-heal|p1a: Ferrothorn|100\/100|[from] Grassy Terrain\n|upkeep\n|turn|7\n|\n|t:|1701159774\n|-terastallize|p1a: Ferrothorn|Dragon\n|-zpower|p2a: Tapu Bulu\n|move|p2a: Tapu Bulu|All-Out Pummeling|p1a: Ferrothorn|[zeffect]\n|-damage|p1a: Ferrothorn|9\/100\n|move|p1a: Ferrothorn|Gyro Ball|p2a: Tapu Bulu\n|-supereffective|p2a: Tapu Bulu\n|-damage|p2a: Tapu Bulu|0 fnt\n|faint|p2a: Tapu Bulu\n|\n|-heal|p1a: Ferrothorn|15\/100|[from] Grassy Terrain\n|-heal|p1a: Ferrothorn|21\/100|[from] item: Leftovers\n|upkeep\n|\n|t:|1701159781\n|switch|p2a: Diancie|Diancie|20\/100\n|turn|8\n|\n|t:|1701159785\n|switch|p1a: Alomomola|Alomomola, F|100\/100\n|-damage|p1a: Alomomola|88\/100|[from] Stealth Rock\n|detailschange|p2a: Diancie|Diancie-Mega\n|-mega|p2a: Diancie|Diancie|Diancite\n|move|p2a: Diancie|Moonblast|p1a: Alomomola\n|-damage|p1a: Alomomola|44\/100\n|-unboost|p1a: Alomomola|spa|1\n|\n|-heal|p2a: Diancie|26\/100|[from] Grassy Terrain\n|-heal|p1a: Alomomola|51\/100|[from] Grassy Terrain\n|upkeep\n|turn|9\n|\n|t:|1701159800\n|switch|p2a: Toxapex|Toxapex, F|100\/100\n|move|p1a: Alomomola|Flip Turn|p2a: Toxapex\n|-resisted|p2a: Toxapex\n|-damage|p2a: Toxapex|95\/100\n|\n|t:|1701159803\n|switch|p1a: Ursaluna|Ursaluna, F|100\/100|[from] Flip Turn\n|-damage|p1a: Ursaluna|94\/100|[from] Stealth Rock\n|\n|-heal|p1a: Ursaluna|100\/100|[from] Grassy Terrain\n|-heal|p2a: Toxapex|100\/100|[from] Grassy Terrain\n|-fieldend|move: Grassy Terrain\n|-status|p1a: Ursaluna|brn|[from] item: Flame Orb\n|upkeep\n|turn|10\n|\n|t:|1701159821\n|switch|p2a: Moltres|Moltres|100\/100\n|move|p1a: Ursaluna|Facade|p2a: Moltres\n|-damage|p2a: Moltres|0 fnt\n|faint|p2a: Moltres\n|\n|-damage|p1a: Ursaluna|94\/100 brn|[from] brn\n|upkeep\n|\n|t:|1701159827\n|switch|p2a: Great Tusk|Great Tusk|100\/100\n|turn|11\n|\n|t:|1701159841\n|move|p2a: Great Tusk|Close Combat|p1a: Ursaluna\n|-supereffective|p1a: Ursaluna\n|-damage|p1a: Ursaluna|4\/100 brn\n|-unboost|p2a: Great Tusk|def|1\n|-unboost|p2a: Great Tusk|spd|1\n|move|p1a: Ursaluna|Facade|p2a: Great Tusk\n|-damage|p2a: Great Tusk|0 fnt\n|faint|p2a: Great Tusk\n|-end|p2a: Great Tusk|Protosynthesis|[silent]\n|\n|-damage|p1a: Ursaluna|0 fnt|[from] brn\n|faint|p1a: Ursaluna\n|upkeep\n|\n|t:|1701159853\n|switch|p2a: Aegislash|Aegislash, M|100\/100\n|switch|p1a: Tapu Koko|Tapu Koko|100\/100\n|-fieldstart|move: Electric Terrain|[from] ability: Electric Surge|[of] p1a: Tapu Koko\n|turn|12\n|\n|t:|1701159867\n|-terastallize|p2a: Aegislash|Ghost\n|move|p1a: Tapu Koko|Thunderbolt|p2a: Aegislash\n|-damage|p2a: Aegislash|56\/100\n|-formechange|p2a: Aegislash|Aegislash-Blade||[from] ability: Stance Change\n|move|p2a: Aegislash|Shadow Ball|p1a: Tapu Koko\n|-damage|p1a: Tapu Koko|0 fnt\n|faint|p1a: Tapu Koko\n|\n|upkeep\n|\n|t:|1701159875\n|switch|p1a: Diancie|Diancie|100\/100\n|-damage|p1a: Diancie|88\/100|[from] Stealth Rock\n|turn|13\n|\n|t:|1701159893\n|switch|p2a: Toxapex|Toxapex, F|100\/100\n|detailschange|p1a: Diancie|Diancie-Mega\n|-mega|p1a: Diancie|Diancie|Diancite\n|move|p1a: Diancie|Moonblast|p2a: Toxapex\n|-resisted|p2a: Toxapex\n|-damage|p2a: Toxapex|79\/100\n|-unboost|p2a: Toxapex|spa|1\n|\n|upkeep\n|turn|14\n|\n|t:|1701159906\n|move|p1a: Diancie|Stealth Rock|p2a: Toxapex\n|-sidestart|p2: SamJo|move: Stealth Rock\n|move|p2a: Toxapex|Scald|p1a: Diancie\n|-supereffective|p1a: Diancie\n|-damage|p1a: Diancie|60\/100\n|-status|p1a: Diancie|brn\n|\n|-damage|p1a: Diancie|54\/100 brn|[from] brn\n|upkeep\n|turn|15\n|\n|t:|1701159913\n|switch|p1a: Alomomola|Alomomola, F|84\/100\n|-damage|p1a: Alomomola|71\/100|[from] Stealth Rock\n|move|p2a: Toxapex|Scald|p1a: Alomomola\n|-resisted|p1a: Alomomola\n|-damage|p1a: Alomomola|67\/100\n|\n|upkeep\n|turn|16\n|\n|t:|1701159916\n|move|p1a: Alomomola|Wish|p1a: Alomomola\n|move|p2a: Toxapex|Toxic|p1a: Alomomola\n|-status|p1a: Alomomola|tox\n|\n|-damage|p1a: Alomomola|61\/100 tox|[from] psn\n|-fieldend|move: Electric Terrain\n|upkeep\n|turn|17\n|\n|t:|1701159930\n|move|p1a: Alomomola|Flip Turn|p2a: Toxapex\n|-resisted|p2a: Toxapex\n|-damage|p2a: Toxapex|73\/100\n|\n|t:|1701159932\n|switch|p1a: Ferrothorn|Ferrothorn, M, tera:Dragon|21\/100|[from] Flip Turn\n|-damage|p1a: Ferrothorn|9\/100|[from] Stealth Rock\n|move|p2a: Toxapex|Scald|p1a: Ferrothorn\n|-resisted|p1a: Ferrothorn\n|-damage|p1a: Ferrothorn|5\/100\n|-status|p1a: Ferrothorn|brn\n|\n|-heal|p1a: Ferrothorn|73\/100 brn|[from] move: Wish|[wisher] Alomomola\n|-heal|p1a: Ferrothorn|79\/100 brn|[from] item: Leftovers\n|-damage|p1a: Ferrothorn|73\/100 brn|[from] brn\n|upkeep\n|turn|18\n|\n|t:|1701159940\n|switch|p2a: Aegislash|Aegislash, M, tera:Ghost|56\/100\n|-damage|p2a: Aegislash|44\/100|[from] Stealth Rock\n|move|p1a: Ferrothorn|Spikes|p2a: Aegislash\n|-sidestart|p2: SamJo|Spikes\n|\n|-heal|p1a: Ferrothorn|79\/100 brn|[from] item: Leftovers\n|-damage|p1a: Ferrothorn|73\/100 brn|[from] brn\n|upkeep\n|turn|19\n|\n|t:|1701159951\n|-formechange|p2a: Aegislash|Aegislash-Blade||[from] ability: Stance Change\n|move|p2a: Aegislash|Shadow Ball|p1a: Ferrothorn\n|-damage|p1a: Ferrothorn|0 fnt\n|faint|p1a: Ferrothorn\n|\n|upkeep\n|\n|t:|1701159960\n|switch|p1a: Diancie|Diancie-Mega|54\/100 brn\n|-damage|p1a: Diancie|41\/100 brn|[from] Stealth Rock\n|turn|20\n|\n|t:|1701159975\n|switch|p2a: Toxapex|Toxapex, F|100\/100\n|move|p1a: Diancie|Diamond Storm|p2a: Toxapex\n|-damage|p2a: Toxapex|85\/100\n|\n|-damage|p1a: Diancie|35\/100 brn|[from] brn\n|upkeep\n|turn|21\n|\n|t:|1701159982\n|switch|p1a: Alomomola|Alomomola, F|94\/100 tox\n|-damage|p1a: Alomomola|82\/100 tox|[from] Stealth Rock\n|move|p2a: Toxapex|Scald|p1a: Alomomola\n|-resisted|p1a: Alomomola\n|-damage|p1a: Alomomola|75\/100 tox\n|\n|-damage|p1a: Alomomola|68\/100 tox|[from] psn\n|upkeep\n|turn|22\n|l| hatsir\n|\n|t:|1701159984\n|move|p1a: Alomomola|Wish|p1a: Alomomola\n|move|p2a: Toxapex|Scald|p1a: Alomomola\n|-resisted|p1a: Alomomola\n|-damage|p1a: Alomomola|62\/100 tox\n|\n|-damage|p1a: Alomomola|50\/100 tox|[from] psn\n|upkeep\n|turn|23\n|\n|t:|1701159989\n|switch|p1a: Diancie|Diancie-Mega|35\/100 brn\n|-damage|p1a: Diancie|22\/100 brn|[from] Stealth Rock\n|move|p2a: Toxapex|Scald|p1a: Diancie\n|-supereffective|p1a: Diancie\n|-damage|p1a: Diancie|0 fnt\n|faint|p1a: Diancie\n|\n|upkeep\n|c|\u2606Ganjafin|Gg\n|c|\u2606SamJo|gg\n|-message|Ganjafin forfeited.\n|\n|win|SamJo\n|n|\u2606Ganjafin|ganjafin\n|n|\u2606SamJo|samjo\n|n| Koromos Rugmaarh|koromosrugmaarh\n|n| prince5|prince5\n","uploadtime":1701159998,"views":1,"p1id":"ganjafin","p2id":"samjo","formatid":"gen9nationaldex","rating":0,"private":0,"password":""}