{"id":"gen9nationaldex-1987451230","p1":"pokestella","p2":"Ash 26th","format":"[Gen 9] National Dex","log":"|j|\u2606pokestella\n|j|\u2606Ash 26th\n|t:|1699593561\n|gametype|singles\n|player|p1|pokestella|170|1672\n|player|p2|Ash 26th|serena-masters3|1684\n|teamsize|p1|6\n|teamsize|p2|6\n|gen|9\n|tier|[Gen 9] National Dex\n|rated|\n|rule|HP Percentage Mod: HP is shown in percentages\n|rule|Endless Battle Clause: Forcing endless battles is banned\n|rule|OHKO Clause: OHKO moves are banned\n|rule|Evasion Clause: Evasion abilities, items, and moves are banned\n|rule|Evasion Abilities Clause: Evasion abilities are banned\n|rule|Evasion Items Clause: Evasion items are banned\n|rule|Evasion Moves Clause: Evasion moves are banned\n|rule|Species Clause: Limit one of each Pok\u00e9mon\n|rule|Sleep Clause Mod: Limit one foe put to sleep\n|clearpoke\n|poke|p1|Tapu Bulu|\n|poke|p1|Tornadus-Therian, M|\n|poke|p1|Blaziken, F|\n|poke|p1|Aegislash, F|\n|poke|p1|Ting-Lu|\n|poke|p1|Slowbro, M|\n|poke|p2|Diancie|\n|poke|p2|Tapu Lele|\n|poke|p2|Sneasler, M|\n|poke|p2|Samurott-Hisui, M|\n|poke|p2|Iron Valiant|\n|poke|p2|Ursaluna, M|\n|teampreview\n|inactive|Battle timer is ON: inactive players will automatically lose when time's up. (requested by Ash 26th)\n|\n|t:|1699593579\n|start\n|switch|p1a: Aegislash|Aegislash, F|100\/100\n|switch|p2a: Samurott|Samurott-Hisui, M, shiny|100\/100\n|turn|1\n|inactive|Ash 26th has 120 seconds left.\n|\n|t:|1699593609\n|move|p1a: Aegislash|King's Shield|p1a: Aegislash\n|-singleturn|p1a: Aegislash|Protect\n|move|p2a: Samurott|Ceaseless Edge|p1a: Aegislash\n|-activate|p1a: Aegislash|move: Protect\n|-unboost|p2a: Samurott|atk|1\n|\n|upkeep\n|turn|2\n|\n|t:|1699593622\n|switch|p1a: Tapu Bulu|Tapu Bulu|100\/100\n|-fieldstart|move: Grassy Terrain|[from] ability: Grassy Surge|[of] p1a: Tapu Bulu\n|move|p2a: Samurott|Ceaseless Edge|p1a: Tapu Bulu\n|-resisted|p1a: Tapu Bulu\n|-damage|p1a: Tapu Bulu|87\/100\n|-sidestart|p1: pokestella|Spikes\n|\n|-heal|p1a: Tapu Bulu|93\/100|[from] Grassy Terrain\n|-heal|p1a: Tapu Bulu|99\/100|[from] item: Leftovers\n|upkeep\n|turn|3\n|\n|t:|1699593638\n|move|p2a: Samurott|Ceaseless Edge|p1a: Tapu Bulu|[miss]\n|-miss|p2a: Samurott|p1a: Tapu Bulu\n|move|p1a: Tapu Bulu|Horn Leech|p2a: Samurott\n|-supereffective|p2a: Samurott\n|-enditem|p2a: Samurott|Focus Sash\n|-damage|p2a: Samurott|1\/100\n|-heal|p1a: Tapu Bulu|100\/100|[from] drain|[of] p2a: Samurott\n|\n|-heal|p2a: Samurott|7\/100|[from] Grassy Terrain\n|upkeep\n|turn|4\n|\n|t:|1699593645\n|move|p2a: Samurott|Ceaseless Edge|p1a: Tapu Bulu\n|-resisted|p1a: Tapu Bulu\n|-damage|p1a: Tapu Bulu|88\/100\n|-sidestart|p1: pokestella|Spikes\n|move|p1a: Tapu Bulu|Horn Leech|p2a: Samurott\n|-supereffective|p2a: Samurott\n|-damage|p2a: Samurott|0 fnt\n|-heal|p1a: Tapu Bulu|91\/100|[from] drain|[of] p2a: Samurott\n|faint|p2a: Samurott\n|\n|-heal|p1a: Tapu Bulu|98\/100|[from] Grassy Terrain\n|-heal|p1a: Tapu Bulu|100\/100|[from] item: Leftovers\n|upkeep\n|inactive|Ash 26th has 120 seconds left.\n|\n|t:|1699593671\n|switch|p2a: Sneasler|Sneasler, M|100\/100\n|turn|5\n|\n|t:|1699593675\n|switch|p1a: Slowbro|Slowbro, M|100\/100\n|-damage|p1a: Slowbro|84\/100|[from] Spikes\n|move|p2a: Sneasler|Dire Claw|p1a: Slowbro\n|-damage|p1a: Slowbro|55\/100\n|-status|p1a: Slowbro|slp\n|-damage|p2a: Sneasler|84\/100|[from] item: Rocky Helmet|[of] p1a: Slowbro\n|\n|-heal|p2a: Sneasler|90\/100|[from] Grassy Terrain\n|-heal|p1a: Slowbro|61\/100 slp|[from] Grassy Terrain\n|upkeep\n|turn|6\n|\n|t:|1699593685\n|switch|p2a: Ursaluna|Ursaluna, M|100\/100\n|switch|p1a: Aegislash|Aegislash, F|100\/100\n|-damage|p1a: Aegislash|84\/100|[from] Spikes\n|\n|-heal|p1a: Aegislash|90\/100|[from] Grassy Terrain\n|-heal|p1a: Aegislash|96\/100|[from] item: Leftovers\n|-fieldend|move: Grassy Terrain\n|-status|p2a: Ursaluna|brn|[from] item: Flame Orb\n|upkeep\n|turn|7\n|\n|t:|1699593694\n|move|p1a: Aegislash|King's Shield|p1a: Aegislash\n|-singleturn|p1a: Aegislash|Protect\n|move|p2a: Ursaluna|Swords Dance|p2a: Ursaluna\n|-boost|p2a: Ursaluna|atk|2\n|\n|-heal|p1a: Aegislash|100\/100|[from] item: Leftovers\n|-damage|p2a: Ursaluna|94\/100 brn|[from] brn\n|upkeep\n|turn|8\n|\n|t:|1699593700\n|switch|p1a: Tornadus|Tornadus-Therian, M|100\/100\n|move|p2a: Ursaluna|Earthquake|p1a: Tornadus\n|-immune|p1a: Tornadus\n|\n|-damage|p2a: Ursaluna|88\/100 brn|[from] brn\n|upkeep\n|turn|9\n|\n|t:|1699593710\n|move|p1a: Tornadus|Defog|p2a: Ursaluna\n|-unboost|p2a: Ursaluna|evasion|1\n|-sideend|p1: pokestella|Spikes|[from] move: Defog|[of] p1a: Tornadus\n|move|p2a: Ursaluna|Facade|p1a: Tornadus\n|-damage|p1a: Tornadus|0 fnt\n|faint|p1a: Tornadus\n|\n|-damage|p2a: Ursaluna|82\/100 brn|[from] brn\n|upkeep\n|\n|t:|1699593718\n|switch|p1a: Blaziken|Blaziken, F|100\/100\n|turn|10\n|\n|t:|1699593747\n|move|p1a: Blaziken|Close Combat|p2a: Ursaluna\n|-supereffective|p2a: Ursaluna\n|-damage|p2a: Ursaluna|0 fnt\n|-unboost|p1a: Blaziken|def|1\n|-unboost|p1a: Blaziken|spd|1\n|faint|p2a: Ursaluna\n|\n|-ability|p1a: Blaziken|Speed Boost|boost\n|-boost|p1a: Blaziken|spe|1\n|upkeep\n|\n|t:|1699593756\n|switch|p2a: Tapu Lele|Tapu Lele, shiny|100\/100\n|-fieldstart|move: Psychic Terrain|[from] ability: Psychic Surge|[of] p2a: Tapu Lele\n|turn|11\n|\n|t:|1699593761\n|switch|p2a: Sneasler|Sneasler, M|90\/100\n|-enditem|p2a: Sneasler|Psychic Seed\n|-boost|p2a: Sneasler|spd|1|[from] item: Psychic Seed\n|move|p1a: Blaziken|Protect||[still]\n|-fail|p1a: Blaziken\n|\n|-ability|p1a: Blaziken|Speed Boost|boost\n|-boost|p1a: Blaziken|spe|1\n|upkeep\n|turn|12\n|\n|t:|1699593773\n|move|p2a: Sneasler|Acrobatics|p1a: Blaziken\n|-supereffective|p1a: Blaziken\n|-damage|p1a: Blaziken|0 fnt\n|faint|p1a: Blaziken\n|\n|upkeep\n|\n|t:|1699593788\n|switch|p1a: Aegislash|Aegislash, F|100\/100\n|turn|13\n|\n|t:|1699593797\n|switch|p2a: Diancie|Diancie|100\/100\n|-formechange|p1a: Aegislash|Aegislash-Blade||[from] ability: Stance Change\n|move|p1a: Aegislash|Shadow Ball|p2a: Diancie\n|-damage|p2a: Diancie|65\/100\n|\n|upkeep\n|turn|14\n|\n|t:|1699593804\n|detailschange|p2a: Diancie|Diancie-Mega\n|-mega|p2a: Diancie|Diancie|Diancite\n|-formechange|p1a: Aegislash|Aegislash||[from] ability: Stance Change\n|move|p1a: Aegislash|King's Shield|p1a: Aegislash\n|-singleturn|p1a: Aegislash|Protect\n|move|p2a: Diancie|Earth Power|p1a: Aegislash\n|-activate|p1a: Aegislash|move: Protect\n|\n|upkeep\n|turn|15\n|\n|t:|1699593813\n|switch|p1a: Tapu Bulu|Tapu Bulu|100\/100\n|-fieldstart|move: Grassy Terrain|[from] ability: Grassy Surge|[of] p1a: Tapu Bulu\n|move|p2a: Diancie|Moonblast|p1a: Tapu Bulu\n|-damage|p1a: Tapu Bulu|45\/100\n|-unboost|p1a: Tapu Bulu|spa|1\n|\n|-heal|p2a: Diancie|71\/100|[from] Grassy Terrain\n|-heal|p1a: Tapu Bulu|51\/100|[from] Grassy Terrain\n|-heal|p1a: Tapu Bulu|57\/100|[from] item: Leftovers\n|upkeep\n|turn|16\n|\n|t:|1699593831\n|switch|p2a: Iron Valiant|Iron Valiant, shiny|100\/100\n|-enditem|p2a: Iron Valiant|Booster Energy\n|-activate|p2a: Iron Valiant|ability: Quark Drive|[fromitem]\n|-start|p2a: Iron Valiant|quarkdrivespe\n|move|p1a: Tapu Bulu|Protect||[still]\n|-fail|p1a: Tapu Bulu\n|\n|-heal|p1a: Tapu Bulu|63\/100|[from] Grassy Terrain\n|-heal|p1a: Tapu Bulu|69\/100|[from] item: Leftovers\n|upkeep\n|turn|17\n|\n|t:|1699593839\n|switch|p1a: Aegislash|Aegislash, F|100\/100\n|move|p2a: Iron Valiant|Calm Mind|p2a: Iron Valiant\n|-boost|p2a: Iron Valiant|spa|1\n|-boost|p2a: Iron Valiant|spd|1\n|\n|upkeep\n|turn|18\n|\n|t:|1699593846\n|move|p2a: Iron Valiant|Moonblast|p1a: Aegislash\n|-resisted|p1a: Aegislash\n|-damage|p1a: Aegislash|78\/100\n|move|p1a: Aegislash|Toxic|p2a: Iron Valiant\n|-status|p2a: Iron Valiant|tox\n|\n|-heal|p1a: Aegislash|84\/100|[from] Grassy Terrain\n|-heal|p1a: Aegislash|91\/100|[from] item: Leftovers\n|-damage|p2a: Iron Valiant|94\/100 tox|[from] psn\n|upkeep\n|turn|19\n|\n|t:|1699593852\n|move|p2a: Iron Valiant|Moonblast|p1a: Aegislash\n|-resisted|p1a: Aegislash\n|-damage|p1a: Aegislash|70\/100\n|-formechange|p1a: Aegislash|Aegislash-Blade||[from] ability: Stance Change\n|move|p1a: Aegislash|Shadow Ball|p2a: Iron Valiant\n|-damage|p2a: Iron Valiant|49\/100 tox\n|-unboost|p2a: Iron Valiant|spd|1\n|\n|-heal|p2a: Iron Valiant|56\/100 tox|[from] Grassy Terrain\n|-heal|p1a: Aegislash|76\/100|[from] Grassy Terrain\n|-heal|p1a: Aegislash|82\/100|[from] item: Leftovers\n|-damage|p2a: Iron Valiant|43\/100 tox|[from] psn\n|-fieldend|move: Grassy Terrain\n|upkeep\n|turn|20\n|\n|t:|1699593857\n|-formechange|p1a: Aegislash|Aegislash||[from] ability: Stance Change\n|move|p1a: Aegislash|King's Shield|p1a: Aegislash\n|-singleturn|p1a: Aegislash|Protect\n|move|p2a: Iron Valiant|Moonblast|p1a: Aegislash\n|-activate|p1a: Aegislash|move: Protect\n|\n|-heal|p1a: Aegislash|88\/100|[from] item: Leftovers\n|-damage|p2a: Iron Valiant|24\/100 tox|[from] psn\n|upkeep\n|turn|21\n|\n|t:|1699593863\n|move|p2a: Iron Valiant|Moonblast|p1a: Aegislash\n|-resisted|p1a: Aegislash\n|-damage|p1a: Aegislash|68\/100\n|-formechange|p1a: Aegislash|Aegislash-Blade||[from] ability: Stance Change\n|move|p1a: Aegislash|Shadow Ball|p2a: Iron Valiant\n|-crit|p2a: Iron Valiant\n|-damage|p2a: Iron Valiant|0 fnt\n|faint|p2a: Iron Valiant\n|-end|p2a: Iron Valiant|Quark Drive|[silent]\n|\n|-heal|p1a: Aegislash|74\/100|[from] item: Leftovers\n|upkeep\n|\n|t:|1699593868\n|switch|p2a: Diancie|Diancie-Mega|71\/100\n|turn|22\n|\n|t:|1699593871\n|-formechange|p1a: Aegislash|Aegislash||[from] ability: Stance Change\n|move|p1a: Aegislash|King's Shield|p1a: Aegislash\n|-singleturn|p1a: Aegislash|Protect\n|move|p2a: Diancie|Moonblast|p1a: Aegislash\n|-activate|p1a: Aegislash|move: Protect\n|\n|-heal|p1a: Aegislash|80\/100|[from] item: Leftovers\n|upkeep\n|turn|23\n|\n|t:|1699593879\n|switch|p1a: Ting-Lu|Ting-Lu|100\/100\n|-ability|p1a: Ting-Lu|Vessel of Ruin\n|move|p2a: Diancie|Stealth Rock|p1a: Ting-Lu\n|-sidestart|p1: pokestella|move: Stealth Rock\n|\n|upkeep\n|turn|24\n|\n|t:|1699593885\n|move|p2a: Diancie|Moonblast|p1a: Ting-Lu\n|-supereffective|p1a: Ting-Lu\n|-damage|p1a: Ting-Lu|49\/100\n|move|p1a: Ting-Lu|Earthquake|p2a: Diancie\n|-supereffective|p2a: Diancie\n|-damage|p2a: Diancie|0 fnt\n|faint|p2a: Diancie\n|\n|-heal|p1a: Ting-Lu|55\/100|[from] item: Leftovers\n|upkeep\n|\n|t:|1699593906\n|switch|p2a: Sneasler|Sneasler, M|90\/100\n|turn|25\n|\n|t:|1699593913\n|switch|p2a: Tapu Lele|Tapu Lele, shiny|100\/100\n|-fieldstart|move: Psychic Terrain|[from] ability: Psychic Surge|[of] p2a: Tapu Lele\n|move|p1a: Ting-Lu|Earthquake|p2a: Tapu Lele\n|-damage|p2a: Tapu Lele|32\/100\n|\n|-heal|p1a: Ting-Lu|62\/100|[from] item: Leftovers\n|upkeep\n|turn|26\n|\n|t:|1699593928\n|switch|p1a: Aegislash|Aegislash, F|80\/100\n|-damage|p1a: Aegislash|74\/100|[from] Stealth Rock\n|-terastallize|p2a: Tapu Lele|Psychic\n|move|p2a: Tapu Lele|Psychic|p1a: Aegislash\n|-resisted|p1a: Aegislash\n|-damage|p1a: Aegislash|47\/100\n|\n|-heal|p1a: Aegislash|53\/100|[from] item: Leftovers\n|upkeep\n|turn|27\n|\n|t:|1699593938\n|-activate|p2a: Tapu Lele|move: Pursuit\n|-formechange|p1a: Aegislash|Aegislash-Blade||[from] ability: Stance Change\n|move|p1a: Aegislash|Pursuit|p2a: Tapu Lele|[from]Pursuit\n|-supereffective|p2a: Tapu Lele\n|-damage|p2a: Tapu Lele|0 fnt\n|faint|p2a: Tapu Lele\n|-hint|A Pokemon can't switch between when it runs out of HP and when it faints\n|\n|-heal|p1a: Aegislash|59\/100|[from] item: Leftovers\n|upkeep\n|-message|Ash 26th forfeited.\n|\n|win|pokestella\n|raw|pokestella's rating: 1672 &rarr; <strong>1693<\/strong><br \/>(+21 for winning)\n|raw|Ash 26th's rating: 1684 &rarr; <strong>1663<\/strong><br \/>(-21 for losing)\n|l|\u2606Ash 26th\n|j|\u2606Ash 26th\n|player|p2|Ash 26th|serena-masters3\n|l|\u2606Ash 26th\n|player|p2|\n","uploadtime":1699593969,"views":5,"p1id":"pokestella","p2id":"ash26th","formatid":"gen9nationaldex","rating":1663,"private":0,"password":""}