{"id":"gen9nationaldex-1991565470","p1":"abigolname","p2":"gglao3","format":"[Gen 9] National Dex","log":"|j|\u2606abigolname\n|j|\u2606gglao3\n|t:|1700088962\n|gametype|singles\n|player|p1|abigolname|102|1508\n|player|p2|gglao3|fisherman-gen4|1514\n|teamsize|p1|6\n|teamsize|p2|6\n|gen|9\n|tier|[Gen 9] National Dex\n|rated|\n|rule|HP Percentage Mod: HP is shown in percentages\n|rule|Endless Battle Clause: Forcing endless battles is banned\n|rule|OHKO Clause: OHKO moves are banned\n|rule|Evasion Clause: Evasion abilities, items, and moves are banned\n|rule|Evasion Abilities Clause: Evasion abilities are banned\n|rule|Evasion Items Clause: Evasion items are banned\n|rule|Evasion Moves Clause: Evasion moves are banned\n|rule|Species Clause: Limit one of each Pok\u00e9mon\n|rule|Sleep Clause Mod: Limit one foe put to sleep\n|clearpoke\n|poke|p1|Zapdos|\n|poke|p1|Toxapex, M|\n|poke|p1|Urshifu-*, M|\n|poke|p1|Breloom, F|\n|poke|p1|Ninetales-Alola, M|\n|poke|p1|Garganacl, M|\n|poke|p2|Alomomola, F|\n|poke|p2|Ditto|\n|poke|p2|Zamazenta-*|\n|poke|p2|Gliscor, F|\n|poke|p2|Victini|\n|poke|p2|Goodra-Hisui, M|\n|teampreview\n|inactive|Battle timer is ON: inactive players will automatically lose when time's up. (requested by gglao3)\n|\n|t:|1700088976\n|start\n|switch|p1a: Toxapex|Toxapex, M|100\/100\n|switch|p2a: Victini|Victini|100\/100\n|turn|1\n|j| GracieVGC\n|\n|t:|1700088987\n|move|p2a: Victini|U-turn|p1a: Toxapex\n|-resisted|p1a: Toxapex\n|-damage|p1a: Toxapex|94\/100\n|-enditem|p1a: Toxapex|Eject Button\n|\n|t:|1700088994\n|switch|p1a: Urshifu|Urshifu-Rapid-Strike, M|100\/100\n|\n|upkeep\n|turn|2\n|\n|t:|1700089004\n|move|p2a: Victini|U-turn|p1a: Urshifu\n|-resisted|p1a: Urshifu\n|-damage|p1a: Urshifu|90\/100\n|\n|t:|1700089006\n|switch|p2a: Alomomola|Alomomola, F|100\/100|[from] U-turn\n|move|p1a: Urshifu|Surging Strikes|p2a: Alomomola\n|-resisted|p2a: Alomomola\n|-crit|p2a: Alomomola\n|-damage|p2a: Alomomola|95\/100\n|-resisted|p2a: Alomomola\n|-crit|p2a: Alomomola\n|-damage|p2a: Alomomola|90\/100\n|-resisted|p2a: Alomomola\n|-crit|p2a: Alomomola\n|-damage|p2a: Alomomola|85\/100\n|-hitcount|p2a: Alomomola|3\n|\n|upkeep\n|turn|3\n|\n|t:|1700089013\n|move|p1a: Urshifu|Swords Dance|p1a: Urshifu\n|-boost|p1a: Urshifu|atk|2\n|move|p2a: Alomomola|Knock Off|p1a: Urshifu\n|-resisted|p1a: Urshifu\n|-crit|p1a: Urshifu\n|-damage|p1a: Urshifu|77\/100\n|-enditem|p1a: Urshifu|Protective Pads|[from] move: Knock Off|[of] p2a: Alomomola\n|\n|upkeep\n|turn|4\n|\n|t:|1700089019\n|move|p1a: Urshifu|Close Combat|p2a: Alomomola\n|-damage|p2a: Alomomola|20\/100\n|-unboost|p1a: Urshifu|def|1\n|-unboost|p1a: Urshifu|spd|1\n|-damage|p1a: Urshifu|61\/100|[from] item: Rocky Helmet|[of] p2a: Alomomola\n|move|p2a: Alomomola|Flip Turn|p1a: Urshifu\n|-resisted|p1a: Urshifu\n|-damage|p1a: Urshifu|49\/100\n|\n|t:|1700089035\n|switch|p2a: Ditto|Ditto|100\/100|[from] Flip Turn\n|-transform|p2a: Ditto|p1a: Urshifu|[from] ability: Imposter\n|\n|upkeep\n|turn|5\n|\n|t:|1700089042\n|switch|p1a: Toxapex|Toxapex, M|100\/100\n|move|p2a: Ditto|Surging Strikes|p1a: Toxapex\n|-resisted|p1a: Toxapex\n|-crit|p1a: Toxapex\n|-damage|p1a: Toxapex|88\/100\n|-resisted|p1a: Toxapex\n|-crit|p1a: Toxapex\n|-damage|p1a: Toxapex|76\/100\n|-resisted|p1a: Toxapex\n|-crit|p1a: Toxapex\n|-damage|p1a: Toxapex|64\/100\n|-hitcount|p1a: Toxapex|3\n|\n|upkeep\n|turn|6\n|\n|t:|1700089055\n|switch|p2a: Alomomola|Alomomola, F|53\/100\n|move|p1a: Toxapex|Scald|p2a: Alomomola\n|-resisted|p2a: Alomomola\n|-damage|p2a: Alomomola|43\/100\n|-status|p2a: Alomomola|brn\n|\n|-damage|p2a: Alomomola|37\/100 brn|[from] brn\n|upkeep\n|turn|7\n|\n|t:|1700089066\n|switch|p2a: Gliscor|Gliscor, F|100\/100\n|move|p1a: Toxapex|Scald|p2a: Gliscor\n|-supereffective|p2a: Gliscor\n|-damage|p2a: Gliscor|72\/100\n|-status|p2a: Gliscor|brn\n|\n|-damage|p2a: Gliscor|65\/100 brn|[from] brn\n|upkeep\n|turn|8\n|c|\u2606gglao3|\u54c7\n|c|\u2606abigolname|i deserved that\n|c|\u2606gglao3|\u72d7\u8fd0\u4e4b\u738b\n|\n|t:|1700089094\n|move|p2a: Gliscor|Earthquake|p1a: Toxapex\n|-supereffective|p1a: Toxapex\n|-damage|p1a: Toxapex|42\/100\n|move|p1a: Toxapex|Recover|p1a: Toxapex\n|-heal|p1a: Toxapex|92\/100\n|\n|-damage|p2a: Gliscor|59\/100 brn|[from] brn\n|upkeep\n|turn|9\n|\n|t:|1700089121\n|move|p2a: Gliscor|U-turn|p1a: Toxapex\n|-resisted|p1a: Toxapex\n|-damage|p1a: Toxapex|90\/100\n|\n|t:|1700089124\n|switch|p2a: Goodra|Goodra-Hisui, M|100\/100|[from] U-turn\n|move|p1a: Toxapex|Scald|p2a: Goodra\n|-resisted|p2a: Goodra\n|-damage|p2a: Goodra|97\/100\n|\n|upkeep\n|turn|10\n|\n|t:|1700089135\n|move|p2a: Goodra|Thunderbolt|p1a: Toxapex\n|-supereffective|p1a: Toxapex\n|-damage|p1a: Toxapex|43\/100\n|move|p1a: Toxapex|Scald|p2a: Goodra\n|-resisted|p2a: Goodra\n|-damage|p2a: Goodra|93\/100\n|\n|upkeep\n|turn|11\n|\n|t:|1700089144\n|switch|p1a: Garganacl|Garganacl, M|100\/100\n|move|p2a: Goodra|Flash Cannon|p1a: Garganacl\n|-supereffective|p1a: Garganacl\n|-damage|p1a: Garganacl|47\/100\n|\n|-heal|p1a: Garganacl|53\/100|[from] item: Leftovers\n|upkeep\n|turn|12\n|\n|t:|1700089153\n|move|p2a: Goodra|Flash Cannon|p1a: Garganacl\n|-supereffective|p1a: Garganacl\n|-damage|p1a: Garganacl|4\/100\n|move|p1a: Garganacl|Recover|p1a: Garganacl\n|-heal|p1a: Garganacl|54\/100\n|\n|-heal|p1a: Garganacl|60\/100|[from] item: Leftovers\n|upkeep\n|turn|13\n|\n|t:|1700089163\n|-terastallize|p1a: Garganacl|Ghost\n|move|p2a: Goodra|Flash Cannon|p1a: Garganacl\n|-damage|p1a: Garganacl|34\/100\n|move|p1a: Garganacl|Salt Cure|p2a: Goodra\n|-resisted|p2a: Goodra\n|-damage|p2a: Goodra|87\/100\n|-start|p2a: Goodra|Salt Cure\n|\n|-heal|p1a: Garganacl|40\/100|[from] item: Leftovers\n|-damage|p2a: Goodra|62\/100|[from] Salt Cure\n|upkeep\n|turn|14\n|\n|t:|1700089175\n|switch|p2a: Ditto|Ditto|100\/100\n|-transform|p2a: Ditto|p1a: Garganacl|[from] ability: Imposter\n|move|p1a: Garganacl|Recover|p1a: Garganacl\n|-heal|p1a: Garganacl|90\/100\n|\n|-heal|p1a: Garganacl|96\/100|[from] item: Leftovers\n|upkeep\n|-start|p2a: Ditto|typechange|Rock|[silent]\n|turn|15\n|\n|t:|1700089183\n|move|p2a: Ditto|Salt Cure|p1a: Garganacl\n|-damage|p1a: Garganacl|86\/100\n|-start|p1a: Garganacl|Salt Cure\n|move|p1a: Garganacl|Salt Cure|p2a: Ditto\n|-damage|p2a: Ditto|87\/100\n|-start|p2a: Ditto|Salt Cure\n|\n|-heal|p1a: Garganacl|92\/100|[from] item: Leftovers\n|-damage|p2a: Ditto|75\/100|[from] Salt Cure\n|-damage|p1a: Garganacl|80\/100|[from] Salt Cure\n|upkeep\n|turn|16\n|\n|t:|1700089204\n|switch|p2a: Alomomola|Alomomola, F|70\/100 brn\n|move|p1a: Garganacl|Body Press|p2a: Alomomola\n|-damage|p2a: Alomomola|58\/100 brn\n|-damage|p1a: Garganacl|63\/100|[from] item: Rocky Helmet|[of] p2a: Alomomola\n|\n|-heal|p1a: Garganacl|69\/100|[from] item: Leftovers\n|-damage|p2a: Alomomola|52\/100 brn|[from] brn\n|-damage|p1a: Garganacl|57\/100|[from] Salt Cure\n|upkeep\n|turn|17\n|\n|t:|1700089210\n|switch|p1a: Toxapex|Toxapex, M|76\/100\n|move|p2a: Alomomola|Wish|p2a: Alomomola\n|\n|-damage|p2a: Alomomola|46\/100 brn|[from] brn\n|upkeep\n|turn|18\n|\n|t:|1700089217\n|switch|p2a: Goodra|Goodra-Hisui, M|62\/100\n|move|p1a: Toxapex|Toxic|p2a: Goodra\n|-immune|p2a: Goodra\n|\n|-heal|p2a: Goodra|100\/100|[from] move: Wish|[wisher] Alomomola\n|upkeep\n|turn|19\n|\n|t:|1700089230\n|switch|p1a: Breloom|Breloom, F|100\/100\n|move|p2a: Goodra|Thunderbolt|p1a: Breloom\n|-resisted|p1a: Breloom\n|-damage|p1a: Breloom|77\/100\n|\n|-status|p1a: Breloom|tox|[from] item: Toxic Orb\n|upkeep\n|turn|20\n|\n|t:|1700089248\n|switch|p2a: Gliscor|Gliscor, F|59\/100 brn\n|move|p1a: Breloom|Substitute|p1a: Breloom\n|-start|p1a: Breloom|Substitute\n|-damage|p1a: Breloom|52\/100 tox\n|\n|-heal|p1a: Breloom|64\/100 tox|[from] ability: Poison Heal\n|-damage|p2a: Gliscor|53\/100 brn|[from] brn\n|upkeep\n|turn|21\n|\n|t:|1700089257\n|-singleturn|p1a: Breloom|move: Focus Punch\n|move|p2a: Gliscor|Earthquake|p1a: Breloom\n|-resisted|p1a: Breloom\n|-activate|p1a: Breloom|move: Substitute|[damage]\n|move|p1a: Breloom|Focus Punch|p2a: Gliscor\n|-resisted|p2a: Gliscor\n|-damage|p2a: Gliscor|21\/100 brn\n|\n|-heal|p1a: Breloom|76\/100 tox|[from] ability: Poison Heal\n|-damage|p2a: Gliscor|14\/100 brn|[from] brn\n|upkeep\n|turn|22\n|\n|t:|1700089263\n|-singleturn|p1a: Breloom|move: Focus Punch\n|move|p2a: Gliscor|Earthquake|p1a: Breloom\n|-resisted|p1a: Breloom\n|-activate|p1a: Breloom|move: Substitute|[damage]\n|move|p1a: Breloom|Focus Punch|p2a: Gliscor\n|-resisted|p2a: Gliscor\n|-damage|p2a: Gliscor|0 fnt\n|faint|p2a: Gliscor\n|\n|-heal|p1a: Breloom|89\/100 tox|[from] ability: Poison Heal\n|upkeep\n|\n|t:|1700089286\n|switch|p2a: Victini|Victini|100\/100\n|turn|23\n|\n|t:|1700089291\n|move|p2a: Victini|U-turn|p1a: Breloom\n|-end|p1a: Breloom|Substitute\n|\n|t:|1700089295\n|switch|p2a: Zamazenta|Zamazenta|100\/100|[from] U-turn\n|-ability|p2a: Zamazenta|Dauntless Shield|boost\n|-boost|p2a: Zamazenta|def|1\n|move|p1a: Breloom|Spore|p2a: Zamazenta\n|-status|p2a: Zamazenta|slp|[from] move: Spore\n|\n|-heal|p1a: Breloom|100\/100 tox|[from] ability: Poison Heal\n|upkeep\n|turn|24\n|c|\u2606gglao3|\u795d\u4f60\u5783\u573e\n|c|\u2606gglao3|\u597d\u8fd0\n|c|\u2606gglao3|\u5e9f\u7269\n|-message|gglao3 forfeited.\n|\n|win|abigolname\n|raw|abigolname's rating: 1508 &rarr; <strong>1528<\/strong><br \/>(+20 for winning)\n|raw|gglao3's rating: 1514 &rarr; <strong>1494<\/strong><br \/>(-20 for losing)\n|l|\u2606gglao3\n|j|\u2606gglao3\n|player|p2|gglao3|fisherman-gen4\n|l|\u2606gglao3\n|player|p2|\n","uploadtime":1700089336,"views":7,"p1id":"abigolname","p2id":"gglao3","formatid":"gen9nationaldex","rating":1494,"private":0,"password":""}