{"id":"gen9nationaldex-1993642737","p1":"Yahir5536G","p2":"Flurpnburp","format":"[Gen 9] National Dex","log":"|j|\u2606Yahir5536G\n|j|\u2606Flurpnburp\n|t:|1700340733\n|gametype|singles\n|player|p1|Yahir5536G|giovanni|1184\n|player|p2|Flurpnburp|burglar|1131\n|teamsize|p1|6\n|teamsize|p2|6\n|gen|9\n|tier|[Gen 9] National Dex\n|rated|\n|rule|HP Percentage Mod: HP is shown in percentages\n|rule|Endless Battle Clause: Forcing endless battles is banned\n|rule|OHKO Clause: OHKO moves are banned\n|rule|Evasion Clause: Evasion abilities, items, and moves are banned\n|rule|Evasion Abilities Clause: Evasion abilities are banned\n|rule|Evasion Items Clause: Evasion items are banned\n|rule|Evasion Moves Clause: Evasion moves are banned\n|rule|Species Clause: Limit one of each Pok\u00e9mon\n|rule|Sleep Clause Mod: Limit one foe put to sleep\n|clearpoke\n|poke|p1|Meowscarada, F|\n|poke|p1|Vaporeon, F|\n|poke|p1|Tapu Fini|\n|poke|p1|Cinderace, F|\n|poke|p1|Mawile, F|\n|poke|p1|Delphox, F|\n|poke|p2|Cloyster, F|\n|poke|p2|Grafaiai, M|\n|poke|p2|Sandy Shocks|\n|poke|p2|Sableye, M|\n|poke|p2|Torkoal, M|\n|poke|p2|Scovillain, F|\n|teampreview\n|c|\u2606Flurpnburp|nice team\n|\n|t:|1700340743\n|start\n|switch|p1a: Meowscarada|Meowscarada, F|100\/100\n|switch|p2a: hole goal|Cloyster, F|100\/100\n|turn|1\n|\n|t:|1700340754\n|move|p1a: Meowscarada|Knock Off|p2a: hole goal\n|-start|p1a: Meowscarada|typechange|Dark|[from] ability: Protean\n|-damage|p2a: hole goal|63\/100\n|-enditem|p2a: hole goal|Leftovers|[from] move: Knock Off|[of] p1a: Meowscarada\n|move|p2a: hole goal|Toxic Spikes|p1a: Meowscarada\n|-sidestart|p1: Yahir5536G|move: Toxic Spikes\n|\n|upkeep\n|turn|2\n|\n|t:|1700340763\n|switch|p1a: Tapu Fini|Tapu Fini|100\/100\n|-status|p1a: Tapu Fini|psn\n|-fieldstart|move: Misty Terrain|[from] ability: Misty Surge|[of] p1a: Tapu Fini\n|move|p2a: hole goal|Spikes|p1a: Tapu Fini\n|-sidestart|p1: Yahir5536G|Spikes\n|\n|-damage|p1a: Tapu Fini|88\/100 psn|[from] psn\n|upkeep\n|turn|3\n|\n|t:|1700340787\n|switch|p2a: Laxatives|Sableye, M|100\/100\n|move|p1a: Tapu Fini|Trick||[still]\n|-fail|p1a: Tapu Fini\n|\n|-damage|p1a: Tapu Fini|75\/100 psn|[from] psn\n|upkeep\n|turn|4\n|\n|t:|1700340801\n|switch|p1a: Mawile|Mawile, F|100\/100\n|-damage|p1a: Mawile|88\/100|[from] Spikes\n|-ability|p1a: Mawile|Intimidate|boost\n|-unboost|p2a: Laxatives|atk|1\n|detailschange|p2a: Laxatives|Sableye-Mega, M\n|-mega|p2a: Laxatives|Sableye|Sablenite\n|move|p2a: Laxatives|Calm Mind|p2a: Laxatives\n|-boost|p2a: Laxatives|spa|1\n|-boost|p2a: Laxatives|spd|1\n|\n|upkeep\n|turn|5\n|\n|t:|1700340816\n|switch|p2a: summer|Torkoal, M|100\/100\n|-weather|SunnyDay|[from] ability: Drought|[of] p2a: summer\n|detailschange|p1a: Mawile|Mawile-Mega, F\n|-mega|p1a: Mawile|Mawile|Mawilite\n|move|p1a: Mawile|Play Rough|p2a: summer\n|-resisted|p2a: summer\n|-damage|p2a: summer|70\/100\n|-damage|p1a: Mawile|72\/100|[from] item: Rocky Helmet|[of] p2a: summer\n|\n|-weather|SunnyDay|[upkeep]\n|upkeep\n|turn|6\n|\n|t:|1700340836\n|switch|p1a: Tapu Fini|Tapu Fini|75\/100 psn\n|-damage|p1a: Tapu Fini|63\/100 psn|[from] Spikes\n|move|p2a: summer|Body Press|p1a: Tapu Fini\n|-resisted|p1a: Tapu Fini\n|-damage|p1a: Tapu Fini|49\/100 psn\n|\n|-weather|SunnyDay|[upkeep]\n|-damage|p1a: Tapu Fini|36\/100 psn|[from] psn\n|-fieldend|Misty Terrain\n|upkeep\n|turn|7\n|\n|t:|1700340847\n|switch|p2a: Laxatives|Sableye-Mega, M|100\/100\n|move|p1a: Tapu Fini|Defog|p2a: Laxatives\n|move|p2a: Laxatives|Defog|p1a: Tapu Fini|[from]ability: Magic Bounce\n|-unboost|p1a: Tapu Fini|evasion|1\n|-sideend|p1: Yahir5536G|Spikes|[from] move: Defog|[of] p2a: Laxatives\n|-sideend|p1: Yahir5536G|Toxic Spikes|[from] move: Defog|[of] p2a: Laxatives\n|\n|-weather|SunnyDay|[upkeep]\n|-damage|p1a: Tapu Fini|24\/100 psn|[from] psn\n|upkeep\n|turn|8\n|\n|t:|1700340862\n|switch|p1a: Vaporeon|Vaporeon, F|100\/100\n|move|p2a: Laxatives|Will-O-Wisp|p1a: Vaporeon\n|-status|p1a: Vaporeon|brn\n|\n|-weather|SunnyDay|[upkeep]\n|-damage|p1a: Vaporeon|94\/100 brn|[from] brn\n|upkeep\n|turn|9\n|-message|Yahir5536G forfeited.\n|\n|win|Flurpnburp\n|raw|Yahir5536G's rating: 1184 &rarr; <strong>1155<\/strong><br \/>(-29 for losing)\n|raw|Flurpnburp's rating: 1131 &rarr; <strong>1160<\/strong><br \/>(+29 for winning)\n|l|\u2606Yahir5536G\n|c|\u2606Flurpnburp|dawg\n","uploadtime":1700340882,"views":12,"p1id":"yahir5536g","p2id":"flurpnburp","formatid":"gen9nationaldex","rating":1155,"private":0,"password":""}