{"id":"gen9nationaldex-1987258624","p1":"The Critical God","p2":"DTHEYDONTLIKEUiMS","format":"[Gen 9] National Dex","log":"|j|\u2606The Critical God\n|j|\u2606DTHEYDONTLIKEUiMS\n|t:|1699570307\n|gametype|singles\n|player|p1|The Critical God|102|\n|player|p2|DTHEYDONTLIKEUiMS|ghetsis|\n|teamsize|p1|6\n|teamsize|p2|6\n|gen|9\n|tier|[Gen 9] National Dex\n|rule|HP Percentage Mod: HP is shown in percentages\n|rule|Endless Battle Clause: Forcing endless battles is banned\n|rule|OHKO Clause: OHKO moves are banned\n|rule|Evasion Clause: Evasion abilities, items, and moves are banned\n|rule|Evasion Abilities Clause: Evasion abilities are banned\n|rule|Evasion Items Clause: Evasion items are banned\n|rule|Evasion Moves Clause: Evasion moves are banned\n|rule|Species Clause: Limit one of each Pok\u00e9mon\n|rule|Sleep Clause Mod: Limit one foe put to sleep\n|clearpoke\n|poke|p1|Grimmsnarl, M|\n|poke|p1|Gliscor, M|\n|poke|p1|Volcarona, M|\n|poke|p1|Feraligatr, F|\n|poke|p1|Breloom, F|\n|poke|p1|Conkeldurr, F|\n|poke|p2|Salazzle, F|\n|poke|p2|Magnemite, L1|\n|poke|p2|Probopass, L2, F|\n|poke|p2|Mandibuzz, F|\n|poke|p2|Nosepass, L1, M|\n|poke|p2|Tentacruel, M|\n|teampreview\n|\n|t:|1699570322\n|start\n|switch|p1a: Grimmsnarl|Grimmsnarl, M|100\/100\n|switch|p2a: Sh\ud83d\udca9tsquid|Tentacruel, M|100\/100\n|turn|1\n|\n|t:|1699570328\n|move|p1a: Grimmsnarl|Parting Shot|p2a: Sh\ud83d\udca9tsquid\n|-fail|p2a: Sh\ud83d\udca9tsquid|unboost|[from] ability: Clear Body|[of] p2a: Sh\ud83d\udca9tsquid\n|move|p2a: Sh\ud83d\udca9tsquid|Toxic|p1a: Grimmsnarl\n|-status|p1a: Grimmsnarl|tox\n|\n|-damage|p1a: Grimmsnarl|94\/100 tox|[from] psn\n|upkeep\n|turn|2\n|c|\u2606DTHEYDONTLIKEUiMS|lol\n|\n|t:|1699570334\n|switch|p1a: Gliscor|Gliscor, M|100\/100\n|move|p2a: Sh\ud83d\udca9tsquid|Knock Off|p1a: Gliscor\n|-damage|p1a: Gliscor|86\/100\n|-enditem|p1a: Gliscor|Toxic Orb|[from] move: Knock Off|[of] p2a: Sh\ud83d\udca9tsquid\n|\n|upkeep\n|turn|3\n|inactive|Battle timer is ON: inactive players will automatically lose when time's up. (requested by The Critical God)\n|c|\u2606DTHEYDONTLIKEUiMS|lol\n|c|\u2606DTHEYDONTLIKEUiMS|disastrous first two turns\n|\n|t:|1699570348\n|-terastallize|p2a: Sh\ud83d\udca9tsquid|Flying\n|move|p2a: Sh\ud83d\udca9tsquid|Scald|p1a: Gliscor\n|-supereffective|p1a: Gliscor\n|-damage|p1a: Gliscor|20\/100\n|move|p1a: Gliscor|Swords Dance|p1a: Gliscor\n|-boost|p1a: Gliscor|atk|2\n|\n|upkeep\n|turn|4\n|\n|t:|1699570363\n|move|p2a: Sh\ud83d\udca9tsquid|Scald|p1a: Gliscor\n|-supereffective|p1a: Gliscor\n|-damage|p1a: Gliscor|0 fnt\n|faint|p1a: Gliscor\n|\n|upkeep\n|inactive|The Critical God has 270 seconds left.\n|c|\u2606The Critical God|I know\n|inactive|The Critical God has 240 seconds left.\n|\n|t:|1699570418\n|switch|p1a: Breloom|Breloom, F|100\/100\n|turn|5\n|\n|t:|1699570431\n|move|p2a: Sh\ud83d\udca9tsquid|Scald|p1a: Breloom\n|-resisted|p1a: Breloom\n|-damage|p1a: Breloom|84\/100\n|move|p1a: Breloom|Rock Slide|p2a: Sh\ud83d\udca9tsquid\n|-supereffective|p2a: Sh\ud83d\udca9tsquid\n|-damage|p2a: Sh\ud83d\udca9tsquid|22\/100\n|\n|-heal|p2a: Sh\ud83d\udca9tsquid|28\/100|[from] item: Leftovers\n|-status|p1a: Breloom|tox|[from] item: Toxic Orb\n|upkeep\n|turn|6\n|inactive|The Critical God has 240 seconds left.\n|\n|t:|1699570463\n|switch|p2a: Sh\ud83d\udca9tbird|Mandibuzz, F|100\/100\n|move|p1a: Breloom|Rock Slide|p2a: Sh\ud83d\udca9tbird\n|-supereffective|p2a: Sh\ud83d\udca9tbird\n|-damage|p2a: Sh\ud83d\udca9tbird|68\/100\n|\n|-heal|p1a: Breloom|96\/100 tox|[from] ability: Poison Heal\n|upkeep\n|turn|7\n|\n|t:|1699570472\n|move|p2a: Sh\ud83d\udca9tbird|Roost|p2a: Sh\ud83d\udca9tbird\n|-heal|p2a: Sh\ud83d\udca9tbird|100\/100\n|-singleturn|p2a: Sh\ud83d\udca9tbird|move: Roost\n|move|p1a: Breloom|Rock Slide|p2a: Sh\ud83d\udca9tbird\n|-damage|p2a: Sh\ud83d\udca9tbird|83\/100\n|\n|-heal|p1a: Breloom|100\/100 tox|[from] ability: Poison Heal\n|upkeep\n|turn|8\n|inactive|The Critical God has 240 seconds left.\n|\n|t:|1699570506\n|switch|p2a: Sh\ud83d\udca9tsquid|Tentacruel, M, tera:Flying|28\/100\n|move|p1a: Breloom|Rock Slide|p2a: Sh\ud83d\udca9tsquid\n|-supereffective|p2a: Sh\ud83d\udca9tsquid\n|-damage|p2a: Sh\ud83d\udca9tsquid|0 fnt\n|faint|p2a: Sh\ud83d\udca9tsquid\n|\n|upkeep\n|\n|t:|1699570511\n|switch|p2a: No Fun Allowed|Salazzle, F|100\/100\n|turn|9\n|\n|t:|1699570518\n|move|p2a: No Fun Allowed|Substitute|p2a: No Fun Allowed\n|-start|p2a: No Fun Allowed|Substitute\n|-damage|p2a: No Fun Allowed|76\/100\n|move|p1a: Breloom|Rock Slide|p2a: No Fun Allowed\n|-supereffective|p2a: No Fun Allowed\n|-end|p2a: No Fun Allowed|Substitute\n|\n|-heal|p2a: No Fun Allowed|82\/100|[from] item: Leftovers\n|upkeep\n|turn|10\n|\n|t:|1699570522\n|-terastallize|p1a: Breloom|Rock\n|move|p2a: No Fun Allowed|Protect|p2a: No Fun Allowed\n|-singleturn|p2a: No Fun Allowed|Protect\n|move|p1a: Breloom|Rock Slide|p2a: No Fun Allowed\n|-activate|p2a: No Fun Allowed|move: Protect\n|\n|-heal|p2a: No Fun Allowed|88\/100|[from] item: Leftovers\n|upkeep\n|turn|11\n|\n|t:|1699570525\n|move|p2a: No Fun Allowed|Substitute|p2a: No Fun Allowed\n|-start|p2a: No Fun Allowed|Substitute\n|-damage|p2a: No Fun Allowed|63\/100\n|move|p1a: Breloom|Rock Slide|p2a: No Fun Allowed\n|-supereffective|p2a: No Fun Allowed\n|-crit|p2a: No Fun Allowed\n|-end|p2a: No Fun Allowed|Substitute\n|\n|-heal|p2a: No Fun Allowed|69\/100|[from] item: Leftovers\n|upkeep\n|turn|12\n|\n|t:|1699570528\n|move|p2a: No Fun Allowed|Protect|p2a: No Fun Allowed\n|-singleturn|p2a: No Fun Allowed|Protect\n|move|p1a: Breloom|Rock Slide|p2a: No Fun Allowed\n|-activate|p2a: No Fun Allowed|move: Protect\n|\n|-heal|p2a: No Fun Allowed|75\/100|[from] item: Leftovers\n|upkeep\n|turn|13\n|inactive|The Critical God has 240 seconds left.\n|\n|t:|1699570577\n|move|p2a: No Fun Allowed|Substitute|p2a: No Fun Allowed\n|-start|p2a: No Fun Allowed|Substitute\n|-damage|p2a: No Fun Allowed|50\/100\n|move|p1a: Breloom|Rock Slide|p2a: No Fun Allowed\n|-supereffective|p2a: No Fun Allowed\n|-end|p2a: No Fun Allowed|Substitute\n|\n|-heal|p2a: No Fun Allowed|56\/100|[from] item: Leftovers\n|upkeep\n|turn|14\n|\n|t:|1699570596\n|move|p2a: No Fun Allowed|Protect|p2a: No Fun Allowed\n|-singleturn|p2a: No Fun Allowed|Protect\n|move|p1a: Breloom|Rock Slide|p2a: No Fun Allowed\n|-activate|p2a: No Fun Allowed|move: Protect\n|\n|-heal|p2a: No Fun Allowed|63\/100|[from] item: Leftovers\n|upkeep\n|turn|15\n|inactive|The Critical God has 240 seconds left.\n|\n|t:|1699570607\n|move|p2a: No Fun Allowed|Substitute|p2a: No Fun Allowed\n|-start|p2a: No Fun Allowed|Substitute\n|-damage|p2a: No Fun Allowed|38\/100\n|move|p1a: Breloom|Rock Slide|p2a: No Fun Allowed\n|-supereffective|p2a: No Fun Allowed\n|-crit|p2a: No Fun Allowed\n|-end|p2a: No Fun Allowed|Substitute\n|\n|-heal|p2a: No Fun Allowed|44\/100|[from] item: Leftovers\n|upkeep\n|turn|16\n|\n|t:|1699570620\n|move|p2a: No Fun Allowed|Protect|p2a: No Fun Allowed\n|-singleturn|p2a: No Fun Allowed|Protect\n|move|p1a: Breloom|Spore|p2a: No Fun Allowed\n|-activate|p2a: No Fun Allowed|move: Protect\n|\n|-heal|p2a: No Fun Allowed|50\/100|[from] item: Leftovers\n|upkeep\n|turn|17\n|inactive|The Critical God has 240 seconds left.\n|inactive|The Critical God has 210 seconds left.\n|c|\u2606DTHEYDONTLIKEUiMS|bro\n|c|\u2606DTHEYDONTLIKEUiMS|ur thinking too hard\n|c|\u2606DTHEYDONTLIKEUiMS|lol\n|\n|t:|1699570692\n|move|p2a: No Fun Allowed|Substitute|p2a: No Fun Allowed\n|-start|p2a: No Fun Allowed|Substitute\n|-damage|p2a: No Fun Allowed|25\/100\n|move|p1a: Breloom|Spore||[still]\n|-fail|p1a: Breloom\n|\n|-heal|p2a: No Fun Allowed|31\/100|[from] item: Leftovers\n|upkeep\n|turn|18\n|\n|t:|1699570697\n|move|p2a: No Fun Allowed|Protect|p2a: No Fun Allowed\n|-singleturn|p2a: No Fun Allowed|Protect\n|move|p1a: Breloom|Rock Slide|p2a: No Fun Allowed\n|-activate|p2a: No Fun Allowed|move: Protect\n|\n|-heal|p2a: No Fun Allowed|37\/100|[from] item: Leftovers\n|upkeep\n|turn|19\n|\n|t:|1699570703\n|move|p2a: No Fun Allowed|Flamethrower|p1a: Breloom\n|-resisted|p1a: Breloom\n|-damage|p1a: Breloom|70\/100 tox\n|move|p1a: Breloom|Rock Slide|p2a: No Fun Allowed\n|-supereffective|p2a: No Fun Allowed\n|-end|p2a: No Fun Allowed|Substitute\n|\n|-heal|p2a: No Fun Allowed|43\/100|[from] item: Leftovers\n|-heal|p1a: Breloom|82\/100 tox|[from] ability: Poison Heal\n|upkeep\n|turn|20\n|\n|t:|1699570718\n|move|p2a: No Fun Allowed|Protect|p2a: No Fun Allowed\n|-singleturn|p2a: No Fun Allowed|Protect\n|move|p1a: Breloom|Rock Slide|p2a: No Fun Allowed\n|-activate|p2a: No Fun Allowed|move: Protect\n|\n|-heal|p2a: No Fun Allowed|50\/100|[from] item: Leftovers\n|-heal|p1a: Breloom|94\/100 tox|[from] ability: Poison Heal\n|upkeep\n|turn|21\n|inactive|The Critical God has 180 seconds left.\n|\n|t:|1699570755\n|switch|p1a: Feraligatr|Feraligatr, F|100\/100\n|move|p2a: No Fun Allowed|Substitute|p2a: No Fun Allowed\n|-start|p2a: No Fun Allowed|Substitute\n|-damage|p2a: No Fun Allowed|25\/100\n|\n|-heal|p2a: No Fun Allowed|31\/100|[from] item: Leftovers\n|upkeep\n|turn|22\n|\n|t:|1699570760\n|move|p2a: No Fun Allowed|Toxic|p1a: Feraligatr\n|-status|p1a: Feraligatr|tox\n|move|p1a: Feraligatr|Earthquake|p2a: No Fun Allowed\n|-supereffective|p2a: No Fun Allowed\n|-end|p2a: No Fun Allowed|Substitute\n|-damage|p1a: Feraligatr|91\/100 tox|[from] item: Life Orb\n|\n|-heal|p2a: No Fun Allowed|37\/100|[from] item: Leftovers\n|-damage|p1a: Feraligatr|84\/100 tox|[from] psn\n|upkeep\n|turn|23\n|inactive|The Critical God has 180 seconds left.\n|inactive|The Critical God has 150 seconds left.\n|\n|t:|1699570834\n|move|p2a: No Fun Allowed|Protect|p2a: No Fun Allowed\n|-singleturn|p2a: No Fun Allowed|Protect\n|move|p1a: Feraligatr|Liquidation|p2a: No Fun Allowed\n|-activate|p2a: No Fun Allowed|move: Protect\n|\n|-heal|p2a: No Fun Allowed|43\/100|[from] item: Leftovers\n|-damage|p1a: Feraligatr|72\/100 tox|[from] psn\n|upkeep\n|turn|24\n|inactive|The Critical God has 120 seconds left.\n|\n|t:|1699570866\n|move|p2a: No Fun Allowed|Substitute|p2a: No Fun Allowed\n|-start|p2a: No Fun Allowed|Substitute\n|-damage|p2a: No Fun Allowed|18\/100\n|move|p1a: Feraligatr|Earthquake|p2a: No Fun Allowed\n|-supereffective|p2a: No Fun Allowed\n|-end|p2a: No Fun Allowed|Substitute\n|-damage|p1a: Feraligatr|62\/100 tox|[from] item: Life Orb\n|\n|-heal|p2a: No Fun Allowed|24\/100|[from] item: Leftovers\n|-damage|p1a: Feraligatr|44\/100 tox|[from] psn\n|upkeep\n|turn|25\n|c|\u2606DTHEYDONTLIKEUiMS|ngl bro\n|inactive|The Critical God has 90 seconds left.\n|c|\u2606DTHEYDONTLIKEUiMS|This was over after turn 2\n|-message|The Critical God forfeited.\n|\n|win|DTHEYDONTLIKEUiMS\n|c|\u2606DTHEYDONTLIKEUiMS|lmao\n","uploadtime":1699570930,"views":5,"p1id":"thecriticalgod","p2id":"dtheydontlikeuims","formatid":"gen9nationaldex","rating":0,"private":0,"password":""}