{"id":"gen9nationaldex-1989248911","p1":"CYalo","p2":"DogBoiYTOnline","format":"[Gen 9] National Dex","log":"|j|\u2606CYalo\n|j|\u2606DogBoiYTOnline\n|t:|1699827872\n|gametype|singles\n|player|p1|CYalo|170|\n|player|p2|DogBoiYTOnline|shadowtriad|\n|teamsize|p1|6\n|teamsize|p2|6\n|gen|9\n|tier|[Gen 9] National Dex\n|rule|HP Percentage Mod: HP is shown in percentages\n|rule|Endless Battle Clause: Forcing endless battles is banned\n|rule|OHKO Clause: OHKO moves are banned\n|rule|Evasion Clause: Evasion abilities, items, and moves are banned\n|rule|Evasion Abilities Clause: Evasion abilities are banned\n|rule|Evasion Items Clause: Evasion items are banned\n|rule|Evasion Moves Clause: Evasion moves are banned\n|rule|Species Clause: Limit one of each Pok\u00e9mon\n|rule|Sleep Clause Mod: Limit one foe put to sleep\n|clearpoke\n|poke|p1|Gloom, M|\n|poke|p1|Venonat, M|\n|poke|p1|Persian-Alola, F|\n|poke|p1|Bonsly, M|\n|poke|p1|Machamp, F|\n|poke|p1|Cradily, F|\n|poke|p2|Swampert, F|\n|poke|p2|Zapdos|\n|poke|p2|Floatzel, F|\n|poke|p2|Pelipper, F|\n|poke|p2|Basculegion-F, F|\n|poke|p2|Cloyster, M|\n|teampreview\n|inactive|Battle timer is ON: inactive players will automatically lose when time's up. (requested by DogBoiYTOnline)\n|\n|t:|1699827890\n|start\n|switch|p1a: Persian|Persian-Alola, F|100\/100\n|switch|p2a: Cloyster|Cloyster, M|100\/100\n|turn|1\n|\n|t:|1699827898\n|move|p1a: Persian|Power Gem|p2a: Cloyster\n|-supereffective|p2a: Cloyster\n|-damage|p2a: Cloyster|0 fnt\n|faint|p2a: Cloyster\n|-damage|p1a: Persian|91\/100|[from] item: Life Orb\n|\n|upkeep\n|\n|t:|1699827916\n|switch|p2a: Pelipper|Pelipper, F, shiny|100\/100\n|-weather|RainDance|[from] ability: Drizzle|[of] p2a: Pelipper\n|turn|2\n|\n|t:|1699827934\n|move|p1a: Persian|Thunderbolt|p2a: Pelipper\n|-supereffective|p2a: Pelipper\n|-damage|p2a: Pelipper|0 fnt\n|faint|p2a: Pelipper\n|-damage|p1a: Persian|81\/100|[from] item: Life Orb\n|\n|-weather|RainDance|[upkeep]\n|upkeep\n|\n|t:|1699827937\n|switch|p2a: Swampert|Swampert, F, shiny|100\/100\n|turn|3\n|\n|t:|1699827941\n|switch|p1a: Gloom|Gloom, M|100\/100\n|detailschange|p2a: Swampert|Swampert-Mega, F, shiny\n|-mega|p2a: Swampert|Swampert|Swampertite\n|move|p2a: Swampert|Earthquake|p1a: Gloom\n|-damage|p1a: Gloom|44\/100\n|\n|-weather|RainDance|[upkeep]\n|upkeep\n|turn|4\n|\n|t:|1699827946\n|move|p2a: Swampert|Earthquake|p1a: Gloom\n|-damage|p1a: Gloom|0 fnt\n|faint|p1a: Gloom\n|\n|-weather|RainDance|[upkeep]\n|upkeep\n|\n|t:|1699827950\n|switch|p1a: Bonsly|Bonsly, M|100\/100\n|turn|5\n|\n|t:|1699827963\n|move|p2a: Swampert|Earthquake|p1a: Bonsly\n|-supereffective|p1a: Bonsly\n|-ability|p1a: Bonsly|Sturdy\n|-damage|p1a: Bonsly|1\/100\n|move|p1a: Bonsly|Counter|p2a: Swampert\n|-damage|p2a: Swampert|0 fnt\n|faint|p2a: Swampert\n|\n|-weather|RainDance|[upkeep]\n|upkeep\n|\n|t:|1699827970\n|switch|p2a: Basculegion|Basculegion-F, F|100\/100\n|turn|6\n|-enditem|p1a: Bonsly|Custap Berry|[eat]\n|-activate|p1a: Bonsly|item: Custap Berry|[consumed]\n|\n|t:|1699827984\n|move|p1a: Bonsly|Stealth Rock|p2a: Basculegion\n|-sidestart|p2: DogBoiYTOnline|move: Stealth Rock\n|move|p2a: Basculegion|Ice Beam|p1a: Bonsly\n|-damage|p1a: Bonsly|0 fnt\n|faint|p1a: Bonsly\n|\n|-weather|RainDance|[upkeep]\n|upkeep\n|\n|t:|1699827989\n|switch|p1a: Machamp|Machamp, F|100\/100\n|turn|7\n|c|\u2606CYalo|nice 1070 rating\n|inactive|DogBoiYTOnline has 270 seconds left.\n|c|\u2606DogBoiYTOnline|bri this is my akt\n|\n|t:|1699828027\n|move|p2a: Basculegion|Ice Beam|p1a: Machamp\n|-damage|p1a: Machamp|73\/100\n|move|p1a: Machamp|Stone Edge|p2a: Basculegion\n|-damage|p2a: Basculegion|53\/100\n|\n|-weather|RainDance|[upkeep]\n|upkeep\n|turn|8\n|c|\u2606CYalo|this is my rating alt'\n|\n|t:|1699828036\n|switch|p2a: Zapdos|Zapdos, shiny|100\/100\n|move|p1a: Machamp|Knock Off|p2a: Zapdos\n|-damage|p2a: Zapdos|58\/100\n|-enditem|p2a: Zapdos|Heavy-Duty Boots|[from] move: Knock Off|[of] p1a: Machamp\n|\n|-weather|RainDance|[upkeep]\n|upkeep\n|turn|9\n|c|\u2606CYalo|and im still 1421\n|\n|t:|1699828045\n|move|p2a: Zapdos|Thunder|p1a: Machamp\n|-damage|p1a: Machamp|33\/100\n|-status|p1a: Machamp|par\n|move|p1a: Machamp|Stone Edge|p2a: Zapdos\n|-supereffective|p2a: Zapdos\n|-damage|p2a: Zapdos|0 fnt\n|faint|p2a: Zapdos\n|\n|-weather|none\n|upkeep\n|c|\u2606DogBoiYTOnline|ok\n|\n|t:|1699828049\n|switch|p2a: Basculegion|Basculegion-F, F|53\/100\n|-damage|p2a: Basculegion|41\/100|[from] Stealth Rock\n|turn|10\n|c|\u2606CYalo|you thought that would kill?\n|c|\u2606DogBoiYTOnline|ur cradily is causing me problems\n|\n|t:|1699828061\n|move|p2a: Basculegion|Shadow Ball|p1a: Machamp\n|-damage|p1a: Machamp|0 fnt\n|faint|p1a: Machamp\n|\n|upkeep\n|\n|t:|1699828063\n|switch|p1a: Persian|Persian-Alola, F|81\/100\n|turn|11\n|\n|t:|1699828072\n|move|p1a: Persian|Nasty Plot|p1a: Persian\n|-boost|p1a: Persian|spa|2\n|move|p2a: Basculegion|Shadow Ball|p1a: Persian\n|-resisted|p1a: Persian\n|-damage|p1a: Persian|30\/100\n|\n|upkeep\n|turn|12\n|\n|t:|1699828076\n|move|p1a: Persian|Thunderbolt|p2a: Basculegion\n|-supereffective|p2a: Basculegion\n|-damage|p2a: Basculegion|0 fnt\n|faint|p2a: Basculegion\n|-damage|p1a: Persian|20\/100|[from] item: Life Orb\n|\n|upkeep\n|\n|t:|1699828079\n|switch|p2a: Floatzel|Floatzel, F, shiny|100\/100\n|-damage|p2a: Floatzel|88\/100|[from] Stealth Rock\n|turn|13\n|c|\u2606CYalo|i think this is causing you problems\n|c|\u2606DogBoiYTOnline|ohh shooy\n|c|\u2606DogBoiYTOnline|ohh shooy\n|c|\u2606DogBoiYTOnline|shoot\n|\n|t:|1699828091\n|move|p1a: Persian|Thunderbolt|p2a: Floatzel\n|-supereffective|p2a: Floatzel\n|-damage|p2a: Floatzel|0 fnt\n|faint|p2a: Floatzel\n|-damage|p1a: Persian|10\/100|[from] item: Life Orb\n|\n|win|CYalo\n|c|\u2606DogBoiYTOnline|gsg\n","uploadtime":1699828096,"views":4,"p1id":"cyalo","p2id":"dogboiytonline","formatid":"gen9nationaldex","rating":0,"private":0,"password":""}