{"id":"gen9nationaldex-1994457610","p1":"FirstStageofGrief","p2":"UncannyHavok","format":"[Gen 9] National Dex","log":"|j|\u2606FirstStageofGrief\n|j|\u2606UncannyHavok\n|t:|1700446138\n|gametype|singles\n|player|p1|FirstStageofGrief|shelly|1091\n|player|p2|UncannyHavok|1|1172\n|teamsize|p1|6\n|teamsize|p2|6\n|gen|9\n|tier|[Gen 9] National Dex\n|rated|\n|rule|HP Percentage Mod: HP is shown in percentages\n|rule|Endless Battle Clause: Forcing endless battles is banned\n|rule|OHKO Clause: OHKO moves are banned\n|rule|Evasion Clause: Evasion abilities, items, and moves are banned\n|rule|Evasion Abilities Clause: Evasion abilities are banned\n|rule|Evasion Items Clause: Evasion items are banned\n|rule|Evasion Moves Clause: Evasion moves are banned\n|rule|Species Clause: Limit one of each Pok\u00e9mon\n|rule|Sleep Clause Mod: Limit one foe put to sleep\n|clearpoke\n|poke|p1|Torterra, M|\n|poke|p1|Infernape, M|\n|poke|p1|Empoleon, F|\n|poke|p1|Mamoswine, M|\n|poke|p1|Rampardos, M|\n|poke|p1|Gallade, M|\n|poke|p2|Heliolisk, F|\n|poke|p2|Espeon, M|\n|poke|p2|Swampert, M|\n|poke|p2|Togekiss, M|\n|poke|p2|Typhlosion-Hisui, F|\n|poke|p2|Bewear, F|\n|teampreview\n|\n|t:|1700446145\n|start\n|switch|p1a: Rampardos|Rampardos, M|100\/100\n|switch|p2a: Heliolisk|Heliolisk, F|100\/100\n|turn|1\n|inactive|Battle timer is ON: inactive players will automatically lose when time's up. (requested by UncannyHavok)\n|\n|t:|1700446151\n|move|p2a: Heliolisk|Grass Knot|p1a: Rampardos\n|-supereffective|p1a: Rampardos\n|-damage|p1a: Rampardos|0 fnt\n|faint|p1a: Rampardos\n|\n|upkeep\n|\n|t:|1700446164\n|switch|p1a: Empoleon|Empoleon, F|100\/100\n|turn|2\n|\n|t:|1700446169\n|move|p2a: Heliolisk|Thunderbolt|p1a: Empoleon\n|-supereffective|p1a: Empoleon\n|-damage|p1a: Empoleon|21\/100\n|-enditem|p1a: Empoleon|Weakness Policy\n|-boost|p1a: Empoleon|atk|2|[from] item: Weakness Policy\n|-boost|p1a: Empoleon|spa|2|[from] item: Weakness Policy\n|move|p1a: Empoleon|Iron Defense|p1a: Empoleon\n|-boost|p1a: Empoleon|def|2\n|\n|upkeep\n|turn|3\n|\n|t:|1700446176\n|move|p2a: Heliolisk|Thunderbolt|p1a: Empoleon\n|-supereffective|p1a: Empoleon\n|-damage|p1a: Empoleon|0 fnt\n|faint|p1a: Empoleon\n|\n|upkeep\n|\n|t:|1700446178\n|switch|p1a: Gallade|Gallade, M|100\/100\n|turn|4\n|\n|t:|1700446182\n|move|p2a: Heliolisk|Thunderbolt|p1a: Gallade\n|-damage|p1a: Gallade|59\/100\n|move|p1a: Gallade|Sacred Sword|p2a: Heliolisk\n|-supereffective|p2a: Heliolisk\n|-enditem|p2a: Heliolisk|Focus Sash\n|-damage|p2a: Heliolisk|1\/100\n|\n|upkeep\n|turn|5\n|\n|t:|1700446191\n|move|p2a: Heliolisk|Thunderbolt|p1a: Gallade\n|-damage|p1a: Gallade|11\/100\n|move|p1a: Gallade|Psycho Cut|p2a: Heliolisk\n|-damage|p2a: Heliolisk|0 fnt\n|faint|p2a: Heliolisk\n|\n|upkeep\n|\n|t:|1700446197\n|switch|p2a: Espeon|Espeon, M|100\/100\n|turn|6\n|\n|t:|1700446206\n|move|p2a: Espeon|Psychic|p1a: Gallade\n|-damage|p1a: Gallade|0 fnt\n|faint|p1a: Gallade\n|\n|upkeep\n|\n|t:|1700446214\n|switch|p1a: Mamoswine|Mamoswine, M|100\/100\n|turn|7\n|\n|t:|1700446234\n|move|p2a: Espeon|Psychic|p1a: Mamoswine\n|-damage|p1a: Mamoswine|35\/100\n|move|p1a: Mamoswine|Trailblaze|p2a: Espeon\n|-damage|p2a: Espeon|68\/100\n|-boost|p1a: Mamoswine|spe|1\n|\n|upkeep\n|turn|8\n|\n|t:|1700446251\n|move|p2a: Espeon|Psychic|p1a: Mamoswine\n|-damage|p1a: Mamoswine|0 fnt\n|faint|p1a: Mamoswine\n|\n|upkeep\n|\n|t:|1700446258\n|switch|p1a: Torterra|Torterra, M|100\/100\n|turn|9\n|\n|t:|1700446260\n|move|p2a: Espeon|Psychic|p1a: Torterra\n|-damage|p1a: Torterra|46\/100\n|move|p1a: Torterra|Shell Smash|p1a: Torterra\n|-unboost|p1a: Torterra|def|1\n|-unboost|p1a: Torterra|spd|1\n|-boost|p1a: Torterra|atk|2\n|-boost|p1a: Torterra|spa|2\n|-boost|p1a: Torterra|spe|2\n|-enditem|p1a: Torterra|White Herb\n|-clearnegativeboost|p1a: Torterra|[silent]\n|\n|upkeep\n|turn|10\n|\n|t:|1700446272\n|move|p2a: Espeon|Psychic|p1a: Torterra\n|-damage|p1a: Torterra|0 fnt\n|faint|p1a: Torterra\n|\n|upkeep\n|c|\u2606FirstStageofGrief|damn\n|\n|t:|1700446276\n|switch|p1a: Infernape|Infernape, M|100\/100\n|turn|11\n|c|\u2606UncannyHavok|Haha sorry\n|\n|t:|1700446282\n|-terastallize|p1a: Infernape|Fire\n|move|p2a: Espeon|Psychic|p1a: Infernape\n|-damage|p1a: Infernape|51\/100\n|-unboost|p1a: Infernape|spd|1\n|move|p1a: Infernape|Knock Off|p2a: Espeon\n|-supereffective|p2a: Espeon\n|-damage|p2a: Espeon|0 fnt\n|-enditem|p2a: Espeon|Choice Scarf|[from] move: Knock Off|[of] p1a: Infernape\n|faint|p2a: Espeon\n|\n|upkeep\n|\n|t:|1700446297\n|switch|p2a: Swampert|Swampert, M|100\/100\n|turn|12\n|\n|t:|1700446304\n|move|p1a: Infernape|Drain Punch|p2a: Swampert\n|-damage|p2a: Swampert|60\/100\n|-heal|p1a: Infernape|79\/100|[from] drain|[of] p2a: Swampert\n|move|p2a: Swampert|Earthquake|p1a: Infernape\n|-supereffective|p1a: Infernape\n|-damage|p1a: Infernape|0 fnt\n|faint|p1a: Infernape\n|\n|win|UncannyHavok\n|raw|FirstStageofGrief's rating: 1091 &rarr; <strong>1073<\/strong><br \/>(-18 for losing)\n|raw|UncannyHavok's rating: 1172 &rarr; <strong>1191<\/strong><br \/>(+19 for winning)\n|c|\u2606FirstStageofGrief|gg\n|c|\u2606UncannyHavok|gg\n|l|\u2606FirstStageofGrief\n","uploadtime":1700446317,"views":7,"p1id":"firststageofgrief","p2id":"uncannyhavok","formatid":"gen9nationaldex","rating":1073,"private":0,"password":""}