{"id":"gen9nationaldex-1996125133","p1":"stall","p2":"Charliezard7","format":"[Gen 9] National Dex","log":"|html|<div class=\"broadcast-blue\"><strong>[Gen 9] National Dex is currently suspecting Sneasler! For information on how to participate check out the <a href=\"https:\/\/www.smogon.com\/forums\/threads\/sv-national-dex-suspect-8-just-dance.3731534\/\">suspect thread<\/a>.<\/strong><\/div>\n|j|\u2606stall\n|j|\u2606Charliezard7\n|t:|1700647970\n|gametype|singles\n|player|p1|stall|2|\n|player|p2|Charliezard7|colress|\n|teamsize|p1|6\n|teamsize|p2|6\n|gen|9\n|tier|[Gen 9] National Dex\n|rule|HP Percentage Mod: HP is shown in percentages\n|rule|Endless Battle Clause: Forcing endless battles is banned\n|rule|OHKO Clause: OHKO moves are banned\n|rule|Evasion Clause: Evasion abilities, items, and moves are banned\n|rule|Evasion Abilities Clause: Evasion abilities are banned\n|rule|Evasion Items Clause: Evasion items are banned\n|rule|Evasion Moves Clause: Evasion moves are banned\n|rule|Species Clause: Limit one of each Pok\u00e9mon\n|rule|Sleep Clause Mod: Limit one foe put to sleep\n|clearpoke\n|poke|p1|Rolycoly, M|\n|poke|p1|Togepi, F|\n|poke|p1|Luvdisc, M|\n|poke|p1|Makuhita, F|\n|poke|p1|Wooper-Paldea, F|\n|poke|p1|Zubat, M|\n|poke|p2|Pichu, F|\n|poke|p2|Lotad, F|\n|poke|p2|Wimpod, M|\n|poke|p2|Rolycoly, F|\n|poke|p2|Zubat, M|\n|poke|p2|Togepi, F|\n|teampreview\n|inactive|Battle timer is ON: inactive players will automatically lose when time's up. (requested by stall)\n|inactive|Charliezard7 also wants the timer to be on.\n|c|\u2606stall|gl hf\n|c|\u2606Charliezard7|u2\n|inactive|Charliezard7 has 270 seconds left.\n|\n|t:|1700648006\n|start\n|switch|p1a: Zubat|Zubat, M|100\/100\n|switch|p2a: Lotad|Lotad, F, shiny|100\/100\n|turn|1\n|\n|t:|1700648020\n|switch|p2a: Rolycoly|Rolycoly, F|100\/100\n|move|p1a: Zubat|Sludge Bomb|p2a: Rolycoly\n|-resisted|p2a: Rolycoly\n|-damage|p2a: Rolycoly|86\/100\n|\n|upkeep\n|turn|2\n|\n|t:|1700648035\n|switch|p1a: Makuhita|Makuhita, F|100\/100\n|move|p2a: Rolycoly|Stealth Rock|p1a: Makuhita\n|-sidestart|p1: stall|move: Stealth Rock\n|\n|upkeep\n|turn|3\n|\n|t:|1700648048\n|switch|p2a: Zubat|Zubat, M|100\/100\n|move|p1a: Makuhita|Knock Off|p2a: Zubat\n|-damage|p2a: Zubat|58\/100\n|-enditem|p2a: Zubat|Eviolite|[from] move: Knock Off|[of] p1a: Makuhita\n|\n|upkeep\n|turn|4\n|\n|t:|1700648068\n|move|p2a: Zubat|Nasty Plot|p2a: Zubat\n|-boost|p2a: Zubat|spa|2\n|move|p1a: Makuhita|Ice Punch|p2a: Zubat\n|-supereffective|p2a: Zubat\n|-damage|p2a: Zubat|0 fnt\n|faint|p2a: Zubat\n|\n|upkeep\n|inactive|Charliezard7 has 270 seconds left.\n|\n|t:|1700648094\n|switch|p2a: Pichu|Pichu, F|100\/100\n|turn|5\n|inactive|Charliezard7 has 270 seconds left.\n|\n|t:|1700648113\n|move|p2a: Pichu|Double-Edge|p1a: Makuhita\n|-damage|p1a: Makuhita|59\/100\n|-damage|p2a: Pichu|77\/100|[from] Recoil\n|move|p1a: Makuhita|Knock Off|p2a: Pichu\n|-damage|p2a: Pichu|0 fnt\n|-enditem|p2a: Pichu|Choice Band|[from] move: Knock Off|[of] p1a: Makuhita\n|faint|p2a: Pichu\n|\n|upkeep\n|inactive|Charliezard7 has 270 seconds left.\n|c|\u2606stall|o woa choice band\n|\n|t:|1700648131\n|switch|p2a: Wimpod|Wimpod, M|100\/100\n|turn|6\n|\n|t:|1700648153\n|move|p2a: Wimpod|Waterfall|p1a: Makuhita\n|-damage|p1a: Makuhita|21\/100\n|-damage|p2a: Wimpod|91\/100|[from] item: Life Orb\n|move|p1a: Makuhita|Knock Off|p2a: Wimpod\n|-damage|p2a: Wimpod|13\/100\n|-enditem|p2a: Wimpod|Life Orb|[from] move: Knock Off|[of] p1a: Makuhita\n|-activate|p2a: Wimpod|ability: Wimp Out\n|\n|t:|1700648174\n|switch|p2a: Lotad|Lotad, F, shiny|100\/100\n|\n|upkeep\n|turn|7\n|inactive|stall has 270 seconds left.\n|\n|t:|1700648199\n|move|p1a: Makuhita|Poison Jab|p2a: Lotad\n|-supereffective|p2a: Lotad\n|-damage|p2a: Lotad|30\/100\n|move|p2a: Lotad|Scald|p1a: Makuhita\n|-damage|p1a: Makuhita|0 fnt\n|faint|p1a: Makuhita\n|\n|upkeep\n|inactive|stall has 270 seconds left.\n|\n|t:|1700648208\n|switch|p1a: Zubat|Zubat, M|100\/100\n|-damage|p1a: Zubat|75\/100|[from] Stealth Rock\n|turn|8\n|\n|t:|1700648214\n|switch|p2a: Rolycoly|Rolycoly, F|86\/100\n|move|p1a: Zubat|Sludge Bomb|p2a: Rolycoly\n|-resisted|p2a: Rolycoly\n|-damage|p2a: Rolycoly|70\/100\n|\n|upkeep\n|turn|9\n|inactive|Charliezard7 has 270 seconds left.\n|\n|t:|1700648230\n|switch|p1a: Rolycoly|Rolycoly, M|100\/100\n|-damage|p1a: Rolycoly|88\/100|[from] Stealth Rock\n|move|p2a: Rolycoly|Rock Blast|p1a: Rolycoly\n|-damage|p1a: Rolycoly|83\/100\n|-damage|p1a: Rolycoly|78\/100\n|-hitcount|p1a: Rolycoly|2\n|\n|upkeep\n|turn|10\n|\n|t:|1700648248\n|move|p1a: Rolycoly|Rapid Spin|p2a: Rolycoly\n|-resisted|p2a: Rolycoly\n|-damage|p2a: Rolycoly|67\/100\n|-boost|p1a: Rolycoly|spe|1\n|-sideend|p1: stall|Stealth Rock|[from] move: Rapid Spin|[of] p1a: Rolycoly\n|move|p2a: Rolycoly|Rock Blast|p1a: Rolycoly\n|-damage|p1a: Rolycoly|73\/100\n|-damage|p1a: Rolycoly|68\/100\n|-damage|p1a: Rolycoly|63\/100\n|-damage|p1a: Rolycoly|59\/100\n|-damage|p1a: Rolycoly|54\/100\n|-hitcount|p1a: Rolycoly|5\n|\n|upkeep\n|turn|11\n|\n|t:|1700648260\n|move|p1a: Rolycoly|Spikes|p2a: Rolycoly\n|-sidestart|p2: Charliezard7|Spikes\n|move|p2a: Rolycoly|Stealth Rock|p1a: Rolycoly\n|-sidestart|p1: stall|move: Stealth Rock\n|\n|upkeep\n|turn|12\n|\n|t:|1700648264\n|move|p1a: Rolycoly|Rapid Spin|p2a: Rolycoly\n|-resisted|p2a: Rolycoly\n|-damage|p2a: Rolycoly|65\/100\n|-boost|p1a: Rolycoly|spe|1\n|-sideend|p1: stall|Stealth Rock|[from] move: Rapid Spin|[of] p1a: Rolycoly\n|move|p2a: Rolycoly|Rapid Spin|p1a: Rolycoly\n|-resisted|p1a: Rolycoly\n|-damage|p1a: Rolycoly|51\/100\n|-boost|p2a: Rolycoly|spe|1\n|-sideend|p2: Charliezard7|Spikes|[from] move: Rapid Spin|[of] p2a: Rolycoly\n|\n|upkeep\n|turn|13\n|inactive|Charliezard7 has 270 seconds left.\n|\n|t:|1700648285\n|switch|p2a: Wimpod|Wimpod, M|13\/100\n|move|p1a: Rolycoly|Power Gem|p2a: Wimpod\n|-supereffective|p2a: Wimpod\n|-damage|p2a: Wimpod|0 fnt\n|faint|p2a: Wimpod\n|\n|upkeep\n|\n|t:|1700648293\n|switch|p2a: Lotad|Lotad, F, shiny|30\/100\n|turn|14\n|inactive|stall has 270 seconds left.\n|\n|t:|1700648324\n|switch|p1a: Zubat|Zubat, M|75\/100\n|move|p2a: Lotad|Scald|p1a: Zubat\n|-damage|p1a: Zubat|38\/100\n|\n|upkeep\n|turn|15\n|\n|t:|1700648330\n|switch|p2a: Rolycoly|Rolycoly, F|65\/100\n|move|p1a: Zubat|Sludge Bomb|p2a: Rolycoly\n|-resisted|p2a: Rolycoly\n|-damage|p2a: Rolycoly|50\/100\n|\n|upkeep\n|turn|16\n|\n|t:|1700648343\n|move|p1a: Zubat|Roost|p1a: Zubat\n|-heal|p1a: Zubat|88\/100\n|-singleturn|p1a: Zubat|move: Roost\n|move|p2a: Rolycoly|Rest|p2a: Rolycoly\n|-status|p2a: Rolycoly|slp|[from] move: Rest\n|-heal|p2a: Rolycoly|100\/100 slp|[silent]\n|\n|upkeep\n|turn|17\n|inactive|Charliezard7 has 270 seconds left.\n|\n|t:|1700648373\n|switch|p1a: Wooper|Wooper-Paldea, F|100\/100\n|cant|p2a: Rolycoly|slp\n|\n|upkeep\n|turn|18\n|\n|t:|1700648381\n|switch|p2a: Togepi|Togepi, F|100\/100\n|move|p1a: Wooper|Stealth Rock|p2a: Togepi\n|-sidestart|p2: Charliezard7|move: Stealth Rock\n|\n|upkeep\n|turn|19\n|\n|t:|1700648385\n|move|p2a: Togepi|Heal Bell|p2a: Togepi\n|-activate|p2a: Togepi|move: Heal Bell\n|-curestatus|p2: Rolycoly|slp|[msg]\n|move|p1a: Wooper|Yawn|p2a: Togepi\n|-start|p2a: Togepi|move: Yawn|[of] p1a: Wooper\n|\n|upkeep\n|turn|20\n|\n|t:|1700648395\n|switch|p2a: Lotad|Lotad, F, shiny|30\/100\n|-damage|p2a: Lotad|17\/100|[from] Stealth Rock\n|move|p1a: Wooper|Yawn|p2a: Lotad\n|-start|p2a: Lotad|move: Yawn|[of] p1a: Wooper\n|\n|upkeep\n|turn|21\n|\n|t:|1700648403\n|switch|p1a: Zubat|Zubat, M|88\/100\n|move|p2a: Lotad|Synthesis|p2a: Lotad\n|-heal|p2a: Lotad|67\/100\n|\n|-end|p2a: Lotad|move: Yawn|[silent]\n|-status|p2a: Lotad|slp\n|upkeep\n|turn|22\n|\n|t:|1700648414\n|switch|p1a: Togepi|Togepi, F|100\/100\n|switch|p2a: Rolycoly|Rolycoly, F|100\/100\n|-damage|p2a: Rolycoly|88\/100|[from] Stealth Rock\n|\n|upkeep\n|turn|23\n|\n|t:|1700648420\n|move|p2a: Rolycoly|Rapid Spin|p1a: Togepi\n|-damage|p1a: Togepi|95\/100\n|-boost|p2a: Rolycoly|spe|1\n|-sideend|p2: Charliezard7|Stealth Rock|[from] move: Rapid Spin|[of] p2a: Rolycoly\n|move|p1a: Togepi|Seismic Toss|p2a: Rolycoly\n|-damage|p2a: Rolycoly|50\/100\n|\n|upkeep\n|turn|24\n|\n|t:|1700648433\n|move|p2a: Rolycoly|Stealth Rock|p1a: Togepi\n|-sidestart|p1: stall|move: Stealth Rock\n|move|p1a: Togepi|Seismic Toss|p2a: Rolycoly\n|-damage|p2a: Rolycoly|12\/100\n|\n|upkeep\n|turn|25\n|\n|t:|1700648437\n|move|p2a: Rolycoly|Rest|p2a: Rolycoly\n|-status|p2a: Rolycoly|slp|[from] move: Rest\n|-heal|p2a: Rolycoly|100\/100 slp|[silent]\n|move|p1a: Togepi|Seismic Toss|p2a: Rolycoly\n|-damage|p2a: Rolycoly|62\/100 slp\n|\n|upkeep\n|turn|26\n|\n|t:|1700648443\n|switch|p2a: Togepi|Togepi, F|100\/100\n|move|p1a: Togepi|Seismic Toss|p2a: Togepi\n|-damage|p2a: Togepi|64\/100\n|\n|upkeep\n|turn|27\n|\n|t:|1700648446\n|move|p2a: Togepi|Wish|p2a: Togepi\n|move|p1a: Togepi|Thunder Wave|p2a: Togepi\n|-status|p2a: Togepi|par\n|\n|upkeep\n|turn|28\n|\n|t:|1700648452\n|move|p1a: Togepi|Wish|p1a: Togepi\n|move|p2a: Togepi|Heal Bell|p2a: Togepi\n|-activate|p2a: Togepi|move: Heal Bell\n|-curestatus|p2a: Togepi|par|[msg]\n|-curestatus|p2: Rolycoly|slp|[msg]\n|-curestatus|p2: Lotad|slp|[msg]\n|\n|-heal|p2a: Togepi|100\/100|[from] move: Wish|[wisher] Togepi\n|upkeep\n|turn|29\n|\n|t:|1700648457\n|move|p1a: Togepi|Thunder Wave|p2a: Togepi\n|-status|p2a: Togepi|par\n|move|p2a: Togepi|Wish|p2a: Togepi\n|\n|-heal|p1a: Togepi|100\/100|[from] move: Wish|[wisher] Togepi\n|upkeep\n|turn|30\n|\n|t:|1700648469\n|switch|p2a: Rolycoly|Rolycoly, F|62\/100\n|move|p1a: Togepi|Seismic Toss|p2a: Rolycoly\n|-damage|p2a: Rolycoly|24\/100\n|\n|-heal|p2a: Rolycoly|76\/100|[from] move: Wish|[wisher] Togepi\n|upkeep\n|turn|31\n|c|\u2606Charliezard7|i can't break that lol\n|c|\u2606Charliezard7|gg\n|-message|Charliezard7 forfeited.\n|\n|win|stall\n|c|\u2606stall|gg\n|c|\u2606stall|yea losing your zubat was rough for togepi\n","uploadtime":1700648508,"views":2,"p1id":"stall","p2id":"charliezard7","formatid":"gen9nationaldex","rating":0,"private":0,"password":""}