{"id":"gen9nationaldex-1999480840","p1":"JordanPGSL","p2":"lawrenceyu","format":"[Gen 9] National Dex","log":"|html|<div class=\"broadcast-blue\"><strong>[Gen 9] National Dex is currently suspecting Sneasler! For information on how to participate check out the <a href=\"https:\/\/www.smogon.com\/forums\/threads\/sv-national-dex-suspect-8-just-dance.3731534\/\">suspect thread<\/a>.<\/strong><\/div>\n|j|\u2606JordanPGSL\n|j|\u2606lawrenceyu\n|t:|1701086998\n|gametype|singles\n|player|p1|JordanPGSL|allister|1472\n|player|p2|lawrenceyu|266|1697\n|teamsize|p1|6\n|teamsize|p2|6\n|gen|9\n|tier|[Gen 9] National Dex\n|rated|\n|rule|HP Percentage Mod: HP is shown in percentages\n|rule|Endless Battle Clause: Forcing endless battles is banned\n|rule|OHKO Clause: OHKO moves are banned\n|rule|Evasion Clause: Evasion abilities, items, and moves are banned\n|rule|Evasion Abilities Clause: Evasion abilities are banned\n|rule|Evasion Items Clause: Evasion items are banned\n|rule|Evasion Moves Clause: Evasion moves are banned\n|rule|Species Clause: Limit one of each Pok\u00e9mon\n|rule|Sleep Clause Mod: Limit one foe put to sleep\n|clearpoke\n|poke|p1|Medicham, M|\n|poke|p1|Clodsire, F|\n|poke|p1|Corviknight, M|\n|poke|p1|Garganacl, F|\n|poke|p1|Volcarona, F|\n|poke|p1|Toxapex, F|\n|poke|p2|Toxapex, F|\n|poke|p2|Sirfetch\u2019d, F|\n|poke|p2|Tapu Lele|\n|poke|p2|Ferrothorn, F|\n|poke|p2|Landorus-Therian, M|\n|poke|p2|Diancie|\n|teampreview\n|\n|t:|1701087010\n|start\n|switch|p1a: Medicham|Medicham, M|100\/100\n|switch|p2a: Sirfetch\u2019d|Sirfetch\u2019d, F|100\/100\n|turn|1\n|inactive|Battle timer is ON: inactive players will automatically lose when time's up. (requested by lawrenceyu)\n|\n|t:|1701087015\n|switch|p2a: Toxapex|Toxapex, F|100\/100\n|detailschange|p1a: Medicham|Medicham-Mega, M\n|-mega|p1a: Medicham|Medicham|Medichamite\n|move|p1a: Medicham|Zen Headbutt|p2a: Toxapex\n|-supereffective|p2a: Toxapex\n|-crit|p2a: Toxapex\n|-damage|p2a: Toxapex|0 fnt\n|-damage|p1a: Medicham|84\/100|[from] item: Rocky Helmet|[of] p2a: Toxapex\n|faint|p2a: Toxapex\n|\n|upkeep\n|\n|t:|1701087027\n|switch|p2a: Diancie|Diancie|100\/100\n|turn|2\n|\n|t:|1701087033\n|switch|p1a: Clodsire|Clodsire, F|100\/100\n|detailschange|p2a: Diancie|Diancie-Mega\n|-mega|p2a: Diancie|Diancie|Diancite\n|move|p2a: Diancie|Earth Power|p1a: Clodsire\n|-supereffective|p1a: Clodsire\n|-damage|p1a: Clodsire|62\/100\n|\n|-heal|p1a: Clodsire|68\/100|[from] item: Black Sludge\n|upkeep\n|turn|3\n|\n|t:|1701087043\n|move|p2a: Diancie|Stealth Rock|p1a: Clodsire\n|-sidestart|p1: JordanPGSL|move: Stealth Rock\n|move|p1a: Clodsire|Earthquake|p2a: Diancie\n|-supereffective|p2a: Diancie\n|-damage|p2a: Diancie|23\/100\n|\n|-heal|p1a: Clodsire|74\/100|[from] item: Black Sludge\n|upkeep\n|turn|4\n|\n|t:|1701087049\n|switch|p2a: Landorus|Landorus-Therian, M|100\/100\n|-ability|p2a: Landorus|Intimidate|boost\n|-unboost|p1a: Clodsire|atk|1\n|move|p1a: Clodsire|Gunk Shot|p2a: Landorus\n|-resisted|p2a: Landorus\n|-damage|p2a: Landorus|89\/100\n|-status|p2a: Landorus|psn\n|\n|-heal|p1a: Clodsire|80\/100|[from] item: Black Sludge\n|-damage|p2a: Landorus|77\/100 psn|[from] psn\n|upkeep\n|turn|5\n|\n|t:|1701087061\n|switch|p2a: Diancie|Diancie-Mega|23\/100\n|move|p1a: Clodsire|Toxic Spikes|p2a: Diancie\n|move|p2a: Diancie|Toxic Spikes|p1a: Clodsire|[from]ability: Magic Bounce\n|-sidestart|p1: JordanPGSL|move: Toxic Spikes\n|\n|-heal|p1a: Clodsire|87\/100|[from] item: Black Sludge\n|upkeep\n|turn|6\n|\n|t:|1701087069\n|switch|p2a: Landorus|Landorus-Therian, M|77\/100 psn\n|-ability|p2a: Landorus|Intimidate|boost\n|-unboost|p1a: Clodsire|atk|1\n|move|p1a: Clodsire|Gunk Shot|p2a: Landorus\n|-resisted|p2a: Landorus\n|-damage|p2a: Landorus|68\/100 psn\n|\n|-heal|p1a: Clodsire|93\/100|[from] item: Black Sludge\n|-damage|p2a: Landorus|56\/100 psn|[from] psn\n|upkeep\n|turn|7\n|\n|t:|1701087078\n|move|p2a: Landorus|Earthquake|p1a: Clodsire\n|-supereffective|p1a: Clodsire\n|-damage|p1a: Clodsire|0 fnt\n|faint|p1a: Clodsire\n|\n|-damage|p2a: Landorus|44\/100 psn|[from] psn\n|upkeep\n|\n|t:|1701087103\n|switch|p1a: Corviknight|Corviknight, M|100\/100\n|-damage|p1a: Corviknight|88\/100|[from] Stealth Rock\n|-ability|p1a: Corviknight|Pressure\n|turn|8\n|\n|t:|1701087114\n|switch|p2a: Diancie|Diancie-Mega|23\/100\n|move|p1a: Corviknight|Defog|p2a: Diancie\n|move|p2a: Diancie|Defog|p1a: Corviknight|[from]ability: Magic Bounce\n|-unboost|p1a: Corviknight|evasion|1\n|-sideend|p1: JordanPGSL|Toxic Spikes|[from] move: Defog|[of] p2a: Diancie\n|-sideend|p1: JordanPGSL|Stealth Rock|[from] move: Defog|[of] p2a: Diancie\n|\n|-heal|p1a: Corviknight|94\/100|[from] item: Leftovers\n|upkeep\n|turn|9\n|\n|t:|1701087124\n|move|p2a: Diancie|Mystical Fire|p1a: Corviknight\n|-supereffective|p1a: Corviknight\n|-damage|p1a: Corviknight|38\/100\n|-unboost|p1a: Corviknight|spa|1\n|move|p1a: Corviknight|Body Press|p2a: Diancie\n|-damage|p2a: Diancie|0 fnt\n|faint|p2a: Diancie\n|\n|-heal|p1a: Corviknight|44\/100|[from] item: Leftovers\n|upkeep\n|\n|t:|1701087139\n|switch|p2a: Sirfetch\u2019d|Sirfetch\u2019d, F|100\/100\n|turn|10\n|\n|t:|1701087159\n|move|p2a: Sirfetch\u2019d|Close Combat|p1a: Corviknight\n|-damage|p1a: Corviknight|0 fnt\n|-unboost|p2a: Sirfetch\u2019d|def|1\n|-unboost|p2a: Sirfetch\u2019d|spd|1\n|faint|p1a: Corviknight\n|\n|upkeep\n|\n|t:|1701087164\n|switch|p1a: Medicham|Medicham-Mega, M|84\/100\n|turn|11\n|\n|t:|1701087171\n|switch|p2a: Ferrothorn|Ferrothorn, F|100\/100\n|move|p1a: Medicham|Zen Headbutt|p2a: Ferrothorn\n|-resisted|p2a: Ferrothorn\n|-damage|p2a: Ferrothorn|72\/100\n|-damage|p1a: Medicham|72\/100|[from] ability: Iron Barbs|[of] p2a: Ferrothorn\n|\n|-heal|p2a: Ferrothorn|78\/100|[from] item: Leftovers\n|upkeep\n|turn|12\n|\n|t:|1701087179\n|move|p2a: Ferrothorn|Protect|p2a: Ferrothorn\n|-singleturn|p2a: Ferrothorn|Protect\n|move|p1a: Medicham|Close Combat|p2a: Ferrothorn\n|-activate|p2a: Ferrothorn|move: Protect\n|\n|-heal|p2a: Ferrothorn|84\/100|[from] item: Leftovers\n|upkeep\n|turn|13\n|\n|t:|1701087208\n|move|p1a: Medicham|Close Combat|p2a: Ferrothorn\n|-supereffective|p2a: Ferrothorn\n|-damage|p2a: Ferrothorn|0 fnt\n|-unboost|p1a: Medicham|def|1\n|-unboost|p1a: Medicham|spd|1\n|-damage|p1a: Medicham|60\/100|[from] ability: Iron Barbs|[of] p2a: Ferrothorn\n|faint|p2a: Ferrothorn\n|\n|upkeep\n|\n|t:|1701087220\n|switch|p2a: Sirfetch\u2019d|Sirfetch\u2019d, F|100\/100\n|turn|14\n|\n|t:|1701087226\n|switch|p1a: Toxapex|Toxapex, F|100\/100\n|move|p2a: Sirfetch\u2019d|First Impression|p1a: Toxapex\n|-resisted|p1a: Toxapex\n|-damage|p1a: Toxapex|87\/100\n|\n|-heal|p1a: Toxapex|94\/100|[from] item: Black Sludge\n|upkeep\n|turn|15\n|\n|t:|1701087234\n|switch|p2a: Tapu Lele|Tapu Lele|100\/100\n|-fieldstart|move: Psychic Terrain|[from] ability: Psychic Surge|[of] p2a: Tapu Lele\n|move|p1a: Toxapex|Scald|p2a: Tapu Lele\n|-damage|p2a: Tapu Lele|84\/100\n|\n|-heal|p1a: Toxapex|99\/100|[from] item: Black Sludge\n|upkeep\n|turn|16\n|\n|t:|1701087245\n|-terastallize|p2a: Tapu Lele|Psychic\n|move|p2a: Tapu Lele|Psyshock|p1a: Toxapex\n|-supereffective|p1a: Toxapex\n|-damage|p1a: Toxapex|0 fnt\n|faint|p1a: Toxapex\n|\n|upkeep\n|\n|t:|1701087252\n|switch|p1a: Volcarona|Volcarona, F|100\/100\n|turn|17\n|\n|t:|1701087261\n|move|p2a: Tapu Lele|Psyshock|p1a: Volcarona\n|-damage|p1a: Volcarona|0 fnt\n|faint|p1a: Volcarona\n|\n|upkeep\n|\n|t:|1701087268\n|switch|p1a: Garganacl|Garganacl, F|100\/100\n|turn|18\n|\n|t:|1701087271\n|switch|p2a: Sirfetch\u2019d|Sirfetch\u2019d, F|100\/100\n|move|p1a: Garganacl|Iron Defense|p1a: Garganacl\n|-boost|p1a: Garganacl|def|2\n|\n|upkeep\n|turn|19\n|\n|t:|1701087277\n|-terastallize|p1a: Garganacl|Flying\n|move|p2a: Sirfetch\u2019d|Knock Off|p1a: Garganacl\n|-crit|p1a: Garganacl\n|-damage|p1a: Garganacl|61\/100\n|-enditem|p1a: Garganacl|Leftovers|[from] move: Knock Off|[of] p2a: Sirfetch\u2019d\n|move|p1a: Garganacl|Iron Defense|p1a: Garganacl\n|-boost|p1a: Garganacl|def|2\n|\n|-fieldend|move: Psychic Terrain\n|upkeep\n|turn|20\n|\n|t:|1701087291\n|switch|p2a: Tapu Lele|Tapu Lele, tera:Psychic|84\/100\n|-fieldstart|move: Psychic Terrain|[from] ability: Psychic Surge|[of] p2a: Tapu Lele\n|move|p1a: Garganacl|Recover|p1a: Garganacl\n|-heal|p1a: Garganacl|100\/100\n|\n|upkeep\n|turn|21\n|\n|t:|1701087299\n|move|p2a: Tapu Lele|Thunderbolt|p1a: Garganacl\n|-supereffective|p1a: Garganacl\n|-damage|p1a: Garganacl|56\/100\n|move|p1a: Garganacl|Salt Cure|p2a: Tapu Lele\n|-damage|p2a: Tapu Lele|61\/100\n|-start|p2a: Tapu Lele|Salt Cure\n|\n|-damage|p2a: Tapu Lele|49\/100|[from] Salt Cure\n|upkeep\n|turn|22\n|\n|t:|1701087307\n|switch|p2a: Landorus|Landorus-Therian, M|44\/100 psn\n|-ability|p2a: Landorus|Intimidate|boost\n|-unboost|p1a: Garganacl|atk|1\n|move|p1a: Garganacl|Recover|p1a: Garganacl\n|-heal|p1a: Garganacl|100\/100\n|\n|-damage|p2a: Landorus|31\/100 psn|[from] psn\n|upkeep\n|turn|23\n|\n|t:|1701087317\n|-zpower|p2a: Landorus\n|move|p2a: Landorus|Continental Crush|p1a: Garganacl|[zeffect]\n|-supereffective|p1a: Garganacl\n|-damage|p1a: Garganacl|66\/100\n|move|p1a: Garganacl|Body Press|p2a: Landorus\n|-resisted|p2a: Landorus\n|-damage|p2a: Landorus|0 fnt\n|faint|p2a: Landorus\n|\n|upkeep\n|\n|t:|1701087328\n|switch|p2a: Tapu Lele|Tapu Lele, tera:Psychic|49\/100\n|turn|24\n|\n|t:|1701087335\n|move|p2a: Tapu Lele|Thunderbolt|p1a: Garganacl\n|-supereffective|p1a: Garganacl\n|-damage|p1a: Garganacl|25\/100\n|move|p1a: Garganacl|Recover|p1a: Garganacl\n|-heal|p1a: Garganacl|75\/100\n|\n|-fieldend|move: Psychic Terrain\n|upkeep\n|turn|25\n|\n|t:|1701087346\n|move|p2a: Tapu Lele|Thunderbolt|p1a: Garganacl\n|-supereffective|p1a: Garganacl\n|-damage|p1a: Garganacl|31\/100\n|move|p1a: Garganacl|Recover|p1a: Garganacl\n|-heal|p1a: Garganacl|81\/100\n|\n|upkeep\n|turn|26\n|\n|t:|1701087354\n|move|p2a: Tapu Lele|Thunderbolt|p1a: Garganacl\n|-supereffective|p1a: Garganacl\n|-damage|p1a: Garganacl|40\/100\n|move|p1a: Garganacl|Recover|p1a: Garganacl\n|-heal|p1a: Garganacl|90\/100\n|\n|upkeep\n|turn|27\n|\n|t:|1701087360\n|move|p2a: Tapu Lele|Thunderbolt|p1a: Garganacl\n|-supereffective|p1a: Garganacl\n|-crit|p1a: Garganacl\n|-damage|p1a: Garganacl|26\/100\n|move|p1a: Garganacl|Salt Cure|p2a: Tapu Lele\n|-damage|p2a: Tapu Lele|35\/100\n|-start|p2a: Tapu Lele|Salt Cure\n|\n|-damage|p2a: Tapu Lele|23\/100|[from] Salt Cure\n|upkeep\n|turn|28\n|\n|t:|1701087375\n|move|p2a: Tapu Lele|Thunderbolt|p1a: Garganacl\n|-supereffective|p1a: Garganacl\n|-damage|p1a: Garganacl|0 fnt\n|faint|p1a: Garganacl\n|\n|-damage|p2a: Tapu Lele|10\/100|[from] Salt Cure\n|upkeep\n|\n|t:|1701087377\n|switch|p1a: Medicham|Medicham-Mega, M|60\/100\n|turn|29\n|\n|t:|1701087382\n|move|p2a: Tapu Lele|Thunderbolt|p1a: Medicham\n|-damage|p1a: Medicham|10\/100\n|move|p1a: Medicham|Trailblaze|p2a: Tapu Lele\n|-damage|p2a: Tapu Lele|0 fnt\n|-boost|p1a: Medicham|spe|1\n|faint|p2a: Tapu Lele\n|\n|upkeep\n|\n|t:|1701087390\n|switch|p2a: Sirfetch\u2019d|Sirfetch\u2019d, F|100\/100\n|turn|30\n|c|\u2606JordanPGSL|Nice lucl\n|\n|t:|1701087394\n|move|p2a: Sirfetch\u2019d|First Impression|p1a: Medicham\n|-damage|p1a: Medicham|0 fnt\n|faint|p1a: Medicham\n|\n|win|lawrenceyu\n|raw|JordanPGSL's rating: 1472 &rarr; <strong>1463<\/strong><br \/>(-9 for losing)\n|raw|lawrenceyu's rating: 1697 &rarr; <strong>1706<\/strong><br \/>(+9 for winning)\n","uploadtime":1701087400,"views":1,"p1id":"jordanpgsl","p2id":"lawrenceyu","formatid":"gen9nationaldex","rating":1463,"private":0,"password":""}