{"id":"gen9nationaldex-1988036613","p1":"Kuzwa","p2":"Rujwdf","format":"[Gen 9] National Dex","log":"|j|\u2606Kuzwa\n|j|\u2606Rujwdf\n|t:|1699661838\n|gametype|singles\n|player|p1|Kuzwa|parasollady|1109\n|player|p2|Rujwdf|102|1000\n|teamsize|p1|6\n|teamsize|p2|6\n|gen|9\n|tier|[Gen 9] National Dex\n|rated|\n|rule|HP Percentage Mod: HP is shown in percentages\n|rule|Endless Battle Clause: Forcing endless battles is banned\n|rule|OHKO Clause: OHKO moves are banned\n|rule|Evasion Clause: Evasion abilities, items, and moves are banned\n|rule|Evasion Abilities Clause: Evasion abilities are banned\n|rule|Evasion Items Clause: Evasion items are banned\n|rule|Evasion Moves Clause: Evasion moves are banned\n|rule|Species Clause: Limit one of each Pok\u00e9mon\n|rule|Sleep Clause Mod: Limit one foe put to sleep\n|clearpoke\n|poke|p1|Gallade, M|\n|poke|p1|Garchomp, M|\n|poke|p1|Blaziken, M|\n|poke|p1|Kartana|\n|poke|p1|Scizor, M|\n|poke|p1|Weavile, M|\n|poke|p2|Krookodile, M|\n|poke|p2|Thundurus-Therian, M|\n|poke|p2|Latios, M|\n|poke|p2|Kommo-o, F|\n|poke|p2|Diancie|\n|poke|p2|Manaphy|\n|teampreview\n|\n|t:|1699661850\n|start\n|switch|p1a: Koromaru|Blaziken, M, shiny|100\/100\n|switch|p2a: Latios|Latios, M, shiny|100\/100\n|turn|1\n|\n|t:|1699661862\n|-terastallize|p2a: Latios|Dragon\n|move|p2a: Latios|Future Sight|p1a: Koromaru\n|-start|p2a: Latios|move: Future Sight\n|move|p1a: Koromaru|Poison Jab|p2a: Latios\n|-damage|p2a: Latios|66\/100\n|\n|-ability|p1a: Koromaru|Speed Boost|boost\n|-boost|p1a: Koromaru|spe|1\n|upkeep\n|turn|2\n|\n|t:|1699661875\n|move|p1a: Koromaru|Protect|p1a: Koromaru\n|-singleturn|p1a: Koromaru|Protect\n|move|p2a: Latios|Draco Meteor|p1a: Koromaru\n|-activate|p1a: Koromaru|move: Protect\n|\n|-ability|p1a: Koromaru|Speed Boost|boost\n|-boost|p1a: Koromaru|spe|1\n|upkeep\n|turn|3\n|j| AnOddWizardd\n|\n|t:|1699661887\n|move|p1a: Koromaru|Poison Jab|p2a: Latios\n|-damage|p2a: Latios|33\/100\n|-status|p2a: Latios|psn\n|move|p2a: Latios|Draco Meteor|p1a: Koromaru\n|-damage|p1a: Koromaru|0 fnt\n|-unboost|p2a: Latios|spa|2\n|faint|p1a: Koromaru\n|\n|-hint|Future Sight did not hit because the target is fainted.\n|-damage|p2a: Latios|21\/100 psn|[from] psn\n|upkeep\n|\n|t:|1699661903\n|switch|p1a: Ken Amada|Scizor, M|100\/100\n|turn|4\n|\n|t:|1699661909\n|move|p2a: Latios|Mystical Fire|p1a: Ken Amada\n|-supereffective|p1a: Ken Amada\n|-damage|p1a: Ken Amada|49\/100\n|-unboost|p1a: Ken Amada|spa|1\n|move|p1a: Ken Amada|Swords Dance|p1a: Ken Amada\n|-boost|p1a: Ken Amada|atk|2\n|\n|-damage|p2a: Latios|9\/100 psn|[from] psn\n|upkeep\n|turn|5\n|\n|t:|1699661917\n|move|p1a: Ken Amada|Bullet Punch|p2a: Latios\n|-damage|p2a: Latios|0 fnt\n|faint|p2a: Latios\n|\n|upkeep\n|\n|t:|1699661926\n|switch|p2a: Krookodile|Krookodile, M|100\/100\n|turn|6\n|\n|t:|1699661933\n|move|p2a: Krookodile|Gunk Shot|p1a: Ken Amada\n|-immune|p1a: Ken Amada\n|move|p1a: Ken Amada|Fury Cutter|p2a: Krookodile\n|-supereffective|p2a: Krookodile\n|-damage|p2a: Krookodile|0 fnt\n|faint|p2a: Krookodile\n|\n|upkeep\n|-message|Rujwdf forfeited.\n|\n|win|Kuzwa\n|raw|Kuzwa's rating: 1109 &rarr; <strong>1126<\/strong><br \/>(+17 for winning)\n|raw|Rujwdf's rating: 1000 &rarr; <strong>1000<\/strong><br \/>(+0 for losing)\n|l|\u2606Rujwdf\n","uploadtime":1699661942,"views":4,"p1id":"kuzwa","p2id":"rujwdf","formatid":"gen9nationaldex","rating":1000,"private":0,"password":""}