{"id":"gen9nationaldex-1989478824","p1":"sruai1","p2":"mtyqjltz4","format":"[Gen 9] National Dex","log":"|j|\u2606sruai1\n|j|\u2606mtyqjltz4\n|t:|1699857216\n|gametype|singles\n|player|p1|sruai1|2|1508\n|player|p2|mtyqjltz4|elesa|1425\n|teamsize|p1|6\n|teamsize|p2|6\n|gen|9\n|tier|[Gen 9] National Dex\n|rated|\n|rule|HP Percentage Mod: HP is shown in percentages\n|rule|Endless Battle Clause: Forcing endless battles is banned\n|rule|OHKO Clause: OHKO moves are banned\n|rule|Evasion Clause: Evasion abilities, items, and moves are banned\n|rule|Evasion Abilities Clause: Evasion abilities are banned\n|rule|Evasion Items Clause: Evasion items are banned\n|rule|Evasion Moves Clause: Evasion moves are banned\n|rule|Species Clause: Limit one of each Pok\u00e9mon\n|rule|Sleep Clause Mod: Limit one foe put to sleep\n|clearpoke\n|poke|p1|Ribombee, F|\n|poke|p1|Empoleon, M|\n|poke|p1|Sneasler, F|\n|poke|p1|Mew|\n|poke|p1|Tapu Lele|\n|poke|p1|Gallade, M|\n|poke|p2|Beedrill, M|\n|poke|p2|Celesteela|\n|poke|p2|Alomomola, M|\n|poke|p2|Ting-Lu|\n|poke|p2|Tapu Koko|\n|poke|p2|Iron Moth|\n|teampreview\n|inactive|Battle timer is ON: inactive players will automatically lose when time's up. (requested by mtyqjltz4)\n|inactive|sruai1 has 120 seconds left.\n|\n|t:|1699857265\n|start\n|switch|p1a: Ribombee|Ribombee, F|100\/100\n|switch|p2a: Beedrill|Beedrill, M|100\/100\n|turn|1\n|\n|t:|1699857274\n|detailschange|p2a: Beedrill|Beedrill-Mega, M\n|-mega|p2a: Beedrill|Beedrill|Beedrillite\n|move|p2a: Beedrill|Poison Jab|p1a: Ribombee\n|-supereffective|p1a: Ribombee\n|-enditem|p1a: Ribombee|Focus Sash\n|-damage|p1a: Ribombee|1\/100\n|move|p1a: Ribombee|Sticky Web|p2a: Beedrill\n|-sidestart|p2: mtyqjltz4|move: Sticky Web\n|\n|upkeep\n|turn|2\n|\n|t:|1699857282\n|move|p2a: Beedrill|Fell Stinger|p1a: Ribombee\n|-resisted|p1a: Ribombee\n|-damage|p1a: Ribombee|0 fnt\n|faint|p1a: Ribombee\n|-boost|p2a: Beedrill|atk|3\n|\n|upkeep\n|\n|t:|1699857293\n|switch|p1a: Empoleon|Empoleon, M|100\/100\n|turn|3\n|\n|t:|1699857299\n|move|p2a: Beedrill|Drill Run|p1a: Empoleon\n|-supereffective|p1a: Empoleon\n|-damage|p1a: Empoleon|0 fnt\n|faint|p1a: Empoleon\n|\n|upkeep\n|\n|t:|1699857308\n|switch|p1a: Tapu Lele|Tapu Lele|100\/100\n|-fieldstart|move: Psychic Terrain|[from] ability: Psychic Surge|[of] p1a: Tapu Lele\n|turn|4\n|inactive|mtyqjltz4 has 120 seconds left.\n|\n|t:|1699857365\n|move|p2a: Beedrill|Poison Jab|p1a: Tapu Lele\n|-supereffective|p1a: Tapu Lele\n|-damage|p1a: Tapu Lele|0 fnt\n|faint|p1a: Tapu Lele\n|\n|upkeep\n|\n|t:|1699857368\n|switch|p1a: Sneasler|Sneasler, F|100\/100\n|-enditem|p1a: Sneasler|Psychic Seed\n|-boost|p1a: Sneasler|spd|1|[from] item: Psychic Seed\n|turn|5\n|\n|t:|1699857378\n|move|p1a: Sneasler|Acrobatics|p2a: Beedrill\n|-supereffective|p2a: Beedrill\n|-damage|p2a: Beedrill|0 fnt\n|faint|p2a: Beedrill\n|\n|upkeep\n|\n|t:|1699857394\n|switch|p2a: Celesteela|Celesteela|100\/100\n|turn|6\n|\n|t:|1699857402\n|move|p1a: Sneasler|Swords Dance|p1a: Sneasler\n|-boost|p1a: Sneasler|atk|2\n|move|p2a: Celesteela|Meteor Beam||[still]\n|-prepare|p2a: Celesteela|Meteor Beam\n|-boost|p2a: Celesteela|spa|1\n|-enditem|p2a: Celesteela|Power Herb\n|-anim|p2a: Celesteela|Meteor Beam|p1a: Sneasler\n|-resisted|p1a: Sneasler\n|-damage|p1a: Sneasler|80\/100\n|\n|upkeep\n|turn|7\n|\n|t:|1699857412\n|-terastallize|p2a: Celesteela|Flying\n|move|p1a: Sneasler|Close Combat|p2a: Celesteela\n|-resisted|p2a: Celesteela\n|-damage|p2a: Celesteela|31\/100\n|-unboost|p1a: Sneasler|def|1\n|-unboost|p1a: Sneasler|spd|1\n|move|p2a: Celesteela|Air Slash|p1a: Sneasler\n|-supereffective|p1a: Sneasler\n|-damage|p1a: Sneasler|0 fnt\n|faint|p1a: Sneasler\n|-ability|p2a: Celesteela|Beast Boost|boost\n|-boost|p2a: Celesteela|spa|1\n|\n|upkeep\n|\n|t:|1699857423\n|switch|p1a: Gallade|Gallade, M|100\/100\n|turn|8\n|\n|t:|1699857439\n|detailschange|p1a: Gallade|Gallade-Mega, M\n|-mega|p1a: Gallade|Gallade|Galladite\n|move|p1a: Gallade|Triple Axel|p2a: Celesteela\n|-supereffective|p2a: Celesteela\n|-damage|p2a: Celesteela|15\/100\n|-supereffective|p2a: Celesteela\n|-damage|p2a: Celesteela|0 fnt\n|faint|p2a: Celesteela\n|-hitcount|p2: Celesteela|2\n|\n|-fieldend|move: Psychic Terrain\n|upkeep\n|\n|t:|1699857444\n|switch|p2a: Alomomola|Alomomola, M|100\/100\n|turn|9\n|\n|t:|1699857448\n|switch|p1a: Mew|Mew|100\/100\n|move|p2a: Alomomola|Toxic|p1a: Mew\n|-status|p1a: Mew|tox\n|-activate|p1a: Mew|ability: Synchronize\n|-status|p2a: Alomomola|tox\n|\n|-damage|p1a: Mew|94\/100 tox|[from] psn\n|-damage|p2a: Alomomola|94\/100 tox|[from] psn\n|upkeep\n|turn|10\n|inactive|mtyqjltz4 has 120 seconds left.\n|\n|t:|1699857454\n|-zpower|p1a: Mew\n|move|p1a: Mew|Genesis Supernova|p2a: Alomomola|[zeffect]\n|-damage|p2a: Alomomola|20\/100 tox\n|-fieldstart|move: Psychic Terrain\n|move|p2a: Alomomola|Flip Turn|p1a: Mew\n|-damage|p1a: Mew|79\/100 tox\n|inactive|mtyqjltz4 has 120 seconds left.\n|\n|t:|1699857462\n|switch|p2a: Tapu Koko|Tapu Koko, shiny|100\/100|[from] Flip Turn\n|-activate|p2a: Tapu Koko|move: Sticky Web\n|-unboost|p2a: Tapu Koko|spe|1\n|-fieldstart|move: Electric Terrain|[from] ability: Electric Surge|[of] p2a: Tapu Koko\n|\n|-damage|p1a: Mew|67\/100 tox|[from] psn\n|upkeep\n|turn|11\n|\n|t:|1699857473\n|move|p1a: Mew|Volt Switch|p2a: Tapu Koko\n|-resisted|p2a: Tapu Koko\n|-damage|p2a: Tapu Koko|80\/100\n|\n|t:|1699857476\n|switch|p1a: Gallade|Gallade-Mega, M|100\/100|[from] Volt Switch\n|-zpower|p2a: Tapu Koko\n|move|p2a: Tapu Koko|Gigavolt Havoc|p1a: Gallade|[zeffect]\n|-damage|p1a: Gallade|0 fnt\n|faint|p1a: Gallade\n|\n|upkeep\n|-message|sruai1 forfeited.\n|\n|win|mtyqjltz4\n|raw|sruai1's rating: 1508 &rarr; <strong>1483<\/strong><br \/>(-25 for losing)\n|raw|mtyqjltz4's rating: 1425 &rarr; <strong>1450<\/strong><br \/>(+25 for winning)\n|l|\u2606sruai1\n","uploadtime":1699857489,"views":5,"p1id":"sruai1","p2id":"mtyqjltz4","formatid":"gen9nationaldex","rating":1450,"private":0,"password":""}