{"id":"gen9nationaldex-1994135461","p1":"dragon Mastee","p2":"Saltator","format":"[Gen 9] National Dex","log":"|j|\u2606dragon Mastee\n|j|\u2606Saltator\n|t:|1700411063\n|gametype|singles\n|player|p1|dragon Mastee|iris|1262\n|player|p2|Saltator|ghetsis|1320\n|teamsize|p1|6\n|teamsize|p2|6\n|gen|9\n|tier|[Gen 9] National Dex\n|rated|\n|rule|HP Percentage Mod: HP is shown in percentages\n|rule|Endless Battle Clause: Forcing endless battles is banned\n|rule|OHKO Clause: OHKO moves are banned\n|rule|Evasion Clause: Evasion abilities, items, and moves are banned\n|rule|Evasion Abilities Clause: Evasion abilities are banned\n|rule|Evasion Items Clause: Evasion items are banned\n|rule|Evasion Moves Clause: Evasion moves are banned\n|rule|Species Clause: Limit one of each Pok\u00e9mon\n|rule|Sleep Clause Mod: Limit one foe put to sleep\n|clearpoke\n|poke|p1|Grimmsnarl, M|\n|poke|p1|Malamar, M|\n|poke|p1|Nidoking, M|\n|poke|p1|Victini|\n|poke|p1|Zapdos-Galar|\n|poke|p1|Aegislash, F|\n|poke|p2|Salazzle, F|\n|poke|p2|Magnemite, L1|\n|poke|p2|Probopass, L2, F|\n|poke|p2|Mandibuzz, F|\n|poke|p2|Nosepass, L1, F|\n|poke|p2|Tentacruel, F|\n|teampreview\n|inactive|Battle timer is ON: inactive players will automatically lose when time's up. (requested by dragon Mastee)\n|\n|t:|1700411070\n|start\n|switch|p1a: \u0413\u0440\u0435\u043c\u043b\u0456\u043d|Grimmsnarl, M|100\/100\n|switch|p2a: Sh\ud83d\udca9tbird|Mandibuzz, F|100\/100\n|turn|1\n|c|\u2606dragon Mastee|Endeavor team?\n|c|\u2606Saltator|no\n|c|\u2606dragon Mastee|Ok\n|\n|t:|1700411091\n|move|p1a: \u0413\u0440\u0435\u043c\u043b\u0456\u043d|Light Screen|p1a: \u0413\u0440\u0435\u043c\u043b\u0456\u043d\n|-sidestart|p1: dragon Mastee|move: Light Screen\n|move|p2a: Sh\ud83d\udca9tbird|Toxic|p1a: \u0413\u0440\u0435\u043c\u043b\u0456\u043d\n|-status|p1a: \u0413\u0440\u0435\u043c\u043b\u0456\u043d|tox\n|\n|-damage|p1a: \u0413\u0440\u0435\u043c\u043b\u0456\u043d|94\/100 tox|[from] psn\n|upkeep\n|turn|2\n|\n|t:|1700411096\n|move|p1a: \u0413\u0440\u0435\u043c\u043b\u0456\u043d|Reflect|p1a: \u0413\u0440\u0435\u043c\u043b\u0456\u043d\n|-sidestart|p1: dragon Mastee|Reflect\n|move|p2a: Sh\ud83d\udca9tbird|Defog|p1a: \u0413\u0440\u0435\u043c\u043b\u0456\u043d\n|-unboost|p1a: \u0413\u0440\u0435\u043c\u043b\u0456\u043d|evasion|1\n|-sideend|p1: dragon Mastee|Reflect\n|-sideend|p1: dragon Mastee|move: Light Screen\n|\n|-damage|p1a: \u0413\u0440\u0435\u043c\u043b\u0456\u043d|82\/100 tox|[from] psn\n|upkeep\n|turn|3\n|\n|t:|1700411100\n|move|p2a: Sh\ud83d\udca9tbird|Toxic|p1a: \u0413\u0440\u0435\u043c\u043b\u0456\u043d\n|-fail|p1a: \u0413\u0440\u0435\u043c\u043b\u0456\u043d|tox\n|move|p1a: \u0413\u0440\u0435\u043c\u043b\u0456\u043d|Spirit Break|p2a: Sh\ud83d\udca9tbird\n|-supereffective|p2a: Sh\ud83d\udca9tbird\n|-damage|p2a: Sh\ud83d\udca9tbird|69\/100\n|\n|-damage|p1a: \u0413\u0440\u0435\u043c\u043b\u0456\u043d|64\/100 tox|[from] psn\n|upkeep\n|turn|4\n|\n|t:|1700411105\n|switch|p1a: \u041c\u0435\u0447 \u0442\u0430 \u0449\u0438\u0442|Aegislash, F, shiny|100\/100\n|move|p2a: Sh\ud83d\udca9tbird|Roost|p2a: Sh\ud83d\udca9tbird\n|-heal|p2a: Sh\ud83d\udca9tbird|100\/100\n|-singleturn|p2a: Sh\ud83d\udca9tbird|move: Roost\n|\n|upkeep\n|turn|5\n|\n|t:|1700411108\n|switch|p2a: Sh\ud83d\udca9tsquid|Tentacruel, F|100\/100\n|move|p1a: \u041c\u0435\u0447 \u0442\u0430 \u0449\u0438\u0442|Swords Dance|p1a: \u041c\u0435\u0447 \u0442\u0430 \u0449\u0438\u0442\n|-boost|p1a: \u041c\u0435\u0447 \u0442\u0430 \u0449\u0438\u0442|atk|2\n|\n|upkeep\n|turn|6\n|\n|t:|1700411111\n|move|p1a: \u041c\u0435\u0447 \u0442\u0430 \u0449\u0438\u0442|King's Shield|p1a: \u041c\u0435\u0447 \u0442\u0430 \u0449\u0438\u0442\n|-singleturn|p1a: \u041c\u0435\u0447 \u0442\u0430 \u0449\u0438\u0442|Protect\n|move|p2a: Sh\ud83d\udca9tsquid|Knock Off|p1a: \u041c\u0435\u0447 \u0442\u0430 \u0449\u0438\u0442\n|-activate|p1a: \u041c\u0435\u0447 \u0442\u0430 \u0449\u0438\u0442|move: Protect\n|-fail|p2a: Sh\ud83d\udca9tsquid|unboost|[from] ability: Clear Body|[of] p2a: Sh\ud83d\udca9tsquid\n|\n|upkeep\n|turn|7\n|\n|t:|1700411119\n|-formechange|p1a: \u041c\u0435\u0447 \u0442\u0430 \u0449\u0438\u0442|Aegislash-Blade||[from] ability: Stance Change\n|move|p1a: \u041c\u0435\u0447 \u0442\u0430 \u0449\u0438\u0442|Shadow Sneak|p2a: Sh\ud83d\udca9tsquid\n|-damage|p2a: Sh\ud83d\udca9tsquid|26\/100\n|move|p2a: Sh\ud83d\udca9tsquid|Knock Off|p1a: \u041c\u0435\u0447 \u0442\u0430 \u0449\u0438\u0442\n|-supereffective|p1a: \u041c\u0435\u0447 \u0442\u0430 \u0449\u0438\u0442\n|-damage|p1a: \u041c\u0435\u0447 \u0442\u0430 \u0449\u0438\u0442|32\/100\n|-enditem|p1a: \u041c\u0435\u0447 \u0442\u0430 \u0449\u0438\u0442|Spell Tag|[from] move: Knock Off|[of] p2a: Sh\ud83d\udca9tsquid\n|\n|-heal|p2a: Sh\ud83d\udca9tsquid|32\/100|[from] item: Leftovers\n|upkeep\n|turn|8\n|\n|t:|1700411127\n|switch|p2a: Sh\ud83d\udca9tbird|Mandibuzz, F|100\/100\n|move|p1a: \u041c\u0435\u0447 \u0442\u0430 \u0449\u0438\u0442|Shadow Sneak|p2a: Sh\ud83d\udca9tbird\n|-resisted|p2a: Sh\ud83d\udca9tbird\n|-damage|p2a: Sh\ud83d\udca9tbird|88\/100\n|\n|upkeep\n|turn|9\n|\n|t:|1700411133\n|-formechange|p1a: \u041c\u0435\u0447 \u0442\u0430 \u0449\u0438\u0442|Aegislash||[from] ability: Stance Change\n|move|p1a: \u041c\u0435\u0447 \u0442\u0430 \u0449\u0438\u0442|King's Shield|p1a: \u041c\u0435\u0447 \u0442\u0430 \u0449\u0438\u0442\n|-singleturn|p1a: \u041c\u0435\u0447 \u0442\u0430 \u0449\u0438\u0442|Protect\n|move|p2a: Sh\ud83d\udca9tbird|Foul Play|p1a: \u041c\u0435\u0447 \u0442\u0430 \u0449\u0438\u0442\n|-activate|p1a: \u041c\u0435\u0447 \u0442\u0430 \u0449\u0438\u0442|move: Protect\n|-unboost|p2a: Sh\ud83d\udca9tbird|atk|1\n|\n|upkeep\n|turn|10\n|\n|t:|1700411144\n|switch|p1a: \u041d\u0435\u043e\u0441|Nidoking, M|100\/100\n|move|p2a: Sh\ud83d\udca9tbird|Foul Play|p1a: \u041d\u0435\u043e\u0441\n|-damage|p1a: \u041d\u0435\u043e\u0441|67\/100\n|\n|upkeep\n|turn|11\n|\n|t:|1700411148\n|switch|p2a: Sh\ud83d\udca9tsquid|Tentacruel, F|32\/100\n|move|p1a: \u041d\u0435\u043e\u0441|Ice Beam|p2a: Sh\ud83d\udca9tsquid\n|-resisted|p2a: Sh\ud83d\udca9tsquid\n|-damage|p2a: Sh\ud83d\udca9tsquid|15\/100\n|\n|-heal|p2a: Sh\ud83d\udca9tsquid|21\/100|[from] item: Leftovers\n|upkeep\n|turn|12\n|\n|t:|1700411153\n|move|p2a: Sh\ud83d\udca9tsquid|Scald|p1a: \u041d\u0435\u043e\u0441\n|-supereffective|p1a: \u041d\u0435\u043e\u0441\n|-damage|p1a: \u041d\u0435\u043e\u0441|0 fnt\n|faint|p1a: \u041d\u0435\u043e\u0441\n|\n|-heal|p2a: Sh\ud83d\udca9tsquid|27\/100|[from] item: Leftovers\n|upkeep\n|\n|t:|1700411168\n|switch|p1a: Vikisevere|Victini|100\/100\n|turn|13\n|\n|t:|1700411179\n|move|p2a: Sh\ud83d\udca9tsquid|Toxic|p1a: Vikisevere\n|-status|p1a: Vikisevere|tox\n|move|p1a: Vikisevere|Thunder|p2a: Sh\ud83d\udca9tsquid\n|-supereffective|p2a: Sh\ud83d\udca9tsquid\n|-damage|p2a: Sh\ud83d\udca9tsquid|0 fnt\n|faint|p2a: Sh\ud83d\udca9tsquid\n|\n|-damage|p1a: Vikisevere|94\/100 tox|[from] psn\n|upkeep\n|\n|t:|1700411185\n|switch|p2a: No Fun Allowed|Salazzle, F|100\/100\n|turn|14\n|\n|t:|1700411189\n|move|p2a: No Fun Allowed|Protect|p2a: No Fun Allowed\n|-singleturn|p2a: No Fun Allowed|Protect\n|move|p1a: Vikisevere|Thunder|p2a: No Fun Allowed\n|-activate|p2a: No Fun Allowed|move: Protect\n|\n|-damage|p1a: Vikisevere|82\/100 tox|[from] psn\n|upkeep\n|turn|15\n|\n|t:|1700411192\n|move|p2a: No Fun Allowed|Substitute|p2a: No Fun Allowed\n|-start|p2a: No Fun Allowed|Substitute\n|-damage|p2a: No Fun Allowed|76\/100\n|move|p1a: Vikisevere|Thunder|p2a: No Fun Allowed\n|-end|p2a: No Fun Allowed|Substitute\n|\n|-heal|p2a: No Fun Allowed|82\/100|[from] item: Leftovers\n|-damage|p1a: Vikisevere|64\/100 tox|[from] psn\n|upkeep\n|turn|16\n|\n|t:|1700411199\n|switch|p1a: \u0413\u0440\u0435\u043c\u043b\u0456\u043d|Grimmsnarl, M|64\/100 tox\n|move|p2a: No Fun Allowed|Protect||[still]\n|-fail|p2a: No Fun Allowed\n|\n|-heal|p2a: No Fun Allowed|88\/100|[from] item: Leftovers\n|-damage|p1a: \u0413\u0440\u0435\u043c\u043b\u0456\u043d|58\/100 tox|[from] psn\n|upkeep\n|turn|17\n|\n|t:|1700411204\n|move|p1a: \u0413\u0440\u0435\u043c\u043b\u0456\u043d|Thunder Wave|p2a: No Fun Allowed\n|-status|p2a: No Fun Allowed|par\n|cant|p2a: No Fun Allowed|par\n|\n|-heal|p2a: No Fun Allowed|94\/100 par|[from] item: Leftovers\n|-damage|p1a: \u0413\u0440\u0435\u043c\u043b\u0456\u043d|46\/100 tox|[from] psn\n|upkeep\n|turn|18\n|\n|t:|1700411210\n|move|p1a: \u0413\u0440\u0435\u043c\u043b\u0456\u043d|Reflect|p1a: \u0413\u0440\u0435\u043c\u043b\u0456\u043d\n|-sidestart|p1: dragon Mastee|Reflect\n|cant|p2a: No Fun Allowed|par\n|\n|-heal|p2a: No Fun Allowed|99\/100 par|[from] item: Leftovers\n|-damage|p1a: \u0413\u0440\u0435\u043c\u043b\u0456\u043d|27\/100 tox|[from] psn\n|upkeep\n|turn|19\n|\n|t:|1700411215\n|switch|p1a: \u0407\u0431\u043e\u0431\u043e\u0441\u044f|Malamar, M, shiny|100\/100\n|cant|p2a: No Fun Allowed|par\n|\n|-heal|p2a: No Fun Allowed|100\/100 par|[from] item: Leftovers\n|upkeep\n|turn|20\n|\n|t:|1700411219\n|move|p2a: No Fun Allowed|Toxic|p1a: \u0407\u0431\u043e\u0431\u043e\u0441\u044f\n|-status|p1a: \u0407\u0431\u043e\u0431\u043e\u0441\u044f|tox\n|move|p1a: \u0407\u0431\u043e\u0431\u043e\u0441\u044f|Psycho Cut|p2a: No Fun Allowed\n|-supereffective|p2a: No Fun Allowed\n|-damage|p2a: No Fun Allowed|15\/100 par\n|\n|-heal|p2a: No Fun Allowed|21\/100 par|[from] item: Leftovers\n|-damage|p1a: \u0407\u0431\u043e\u0431\u043e\u0441\u044f|94\/100 tox|[from] psn\n|upkeep\n|turn|21\n|\n|t:|1700411224\n|move|p2a: No Fun Allowed|Protect|p2a: No Fun Allowed\n|-singleturn|p2a: No Fun Allowed|Protect\n|move|p1a: \u0407\u0431\u043e\u0431\u043e\u0441\u044f|Psycho Cut|p2a: No Fun Allowed\n|-activate|p2a: No Fun Allowed|move: Protect\n|\n|-heal|p2a: No Fun Allowed|28\/100 par|[from] item: Leftovers\n|-heal|p1a: \u0407\u0431\u043e\u0431\u043e\u0441\u044f|100\/100 tox|[from] item: Leftovers\n|-damage|p1a: \u0407\u0431\u043e\u0431\u043e\u0441\u044f|88\/100 tox|[from] psn\n|upkeep\n|turn|22\n|\n|t:|1700411237\n|switch|p2a: Literally Level 1|Magnemite, L1|100\/100\n|move|p1a: \u0407\u0431\u043e\u0431\u043e\u0441\u044f|Psycho Cut|p2a: Literally Level 1\n|-resisted|p2a: Literally Level 1\n|-ability|p2a: Literally Level 1|Sturdy\n|-damage|p2a: Literally Level 1|10\/100\n|-enditem|p2a: Literally Level 1|Berry Juice\n|-heal|p2a: Literally Level 1|100\/100|[from] item: Berry Juice\n|\n|-heal|p1a: \u0407\u0431\u043e\u0431\u043e\u0441\u044f|94\/100 tox|[from] item: Leftovers\n|-damage|p1a: \u0407\u0431\u043e\u0431\u043e\u0441\u044f|76\/100 tox|[from] psn\n|upkeep\n|turn|23\n|\n|t:|1700411241\n|move|p1a: \u0407\u0431\u043e\u0431\u043e\u0441\u044f|Knock Off|p2a: Literally Level 1\n|-crit|p2a: Literally Level 1\n|-ability|p2a: Literally Level 1|Sturdy\n|-damage|p2a: Literally Level 1|10\/100\n|move|p2a: Literally Level 1|Recycle|p2a: Literally Level 1\n|-item|p2a: Literally Level 1|Berry Juice|[from] move: Recycle\n|-enditem|p2a: Literally Level 1|Berry Juice\n|-heal|p2a: Literally Level 1|100\/100|[from] item: Berry Juice\n|\n|-heal|p1a: \u0407\u0431\u043e\u0431\u043e\u0441\u044f|82\/100 tox|[from] item: Leftovers\n|-damage|p1a: \u0407\u0431\u043e\u0431\u043e\u0441\u044f|58\/100 tox|[from] psn\n|upkeep\n|turn|24\n|c|\u2606dragon Mastee|Haha, i knew this strat!\n|c|\u2606Saltator|cool\n|c|\u2606dragon Mastee|I will lost here\n|c|\u2606Saltator|correct\n|\n|t:|1700411270\n|switch|p1a: \u041c\u0435\u0447 \u0442\u0430 \u0449\u0438\u0442|Aegislash, F, shiny|32\/100\n|move|p2a: Literally Level 1|Recycle|p2a: Literally Level 1\n|-item|p2a: Literally Level 1|Berry Juice|[from] move: Recycle\n|\n|upkeep\n|turn|25\n|\n|t:|1700411274\n|switch|p2a: Sh\ud83d\udca9tbird|Mandibuzz, F|88\/100\n|move|p1a: \u041c\u0435\u0447 \u0442\u0430 \u0449\u0438\u0442|Swords Dance|p1a: \u041c\u0435\u0447 \u0442\u0430 \u0449\u0438\u0442\n|-boost|p1a: \u041c\u0435\u0447 \u0442\u0430 \u0449\u0438\u0442|atk|2\n|\n|-sideend|p1: dragon Mastee|Reflect\n|upkeep\n|turn|26\n|\n|t:|1700411281\n|-terastallize|p1a: \u041c\u0435\u0447 \u0442\u0430 \u0449\u0438\u0442|Flying\n|-formechange|p1a: \u041c\u0435\u0447 \u0442\u0430 \u0449\u0438\u0442|Aegislash-Blade||[from] ability: Stance Change\n|move|p1a: \u041c\u0435\u0447 \u0442\u0430 \u0449\u0438\u0442|Iron Head|p2a: Sh\ud83d\udca9tbird\n|-damage|p2a: Sh\ud83d\udca9tbird|38\/100\n|move|p2a: Sh\ud83d\udca9tbird|Foul Play|p1a: \u041c\u0435\u0447 \u0442\u0430 \u0449\u0438\u0442\n|-damage|p1a: \u041c\u0435\u0447 \u0442\u0430 \u0449\u0438\u0442|0 fnt\n|faint|p1a: \u041c\u0435\u0447 \u0442\u0430 \u0449\u0438\u0442\n|\n|upkeep\n|\n|t:|1700411289\n|switch|p1a: \u0417\u0430\u043f\u0430\u0434\u043b\u043e\u0441|Zapdos-Galar|100\/100\n|turn|27\n|\n|t:|1700411297\n|switch|p2a: No Fun Allowed|Salazzle, F|28\/100 par\n|move|p1a: \u0417\u0430\u043f\u0430\u0434\u043b\u043e\u0441|U-turn|p2a: No Fun Allowed\n|-resisted|p2a: No Fun Allowed\n|-damage|p2a: No Fun Allowed|16\/100 par\n|\n|t:|1700411303\n|switch|p1a: \u0413\u0440\u0435\u043c\u043b\u0456\u043d|Grimmsnarl, M|27\/100 tox|[from] U-turn\n|\n|-heal|p2a: No Fun Allowed|22\/100 par|[from] item: Leftovers\n|-damage|p1a: \u0413\u0440\u0435\u043c\u043b\u0456\u043d|21\/100 tox|[from] psn\n|upkeep\n|turn|28\n|\n|t:|1700411312\n|cant|p2a: No Fun Allowed|par\n|move|p1a: \u0413\u0440\u0435\u043c\u043b\u0456\u043d|Spirit Break|p2a: No Fun Allowed\n|-resisted|p2a: No Fun Allowed\n|-damage|p2a: No Fun Allowed|7\/100 par\n|-unboost|p2a: No Fun Allowed|spa|1\n|\n|-heal|p2a: No Fun Allowed|13\/100 par|[from] item: Leftovers\n|-damage|p1a: \u0413\u0440\u0435\u043c\u043b\u0456\u043d|9\/100 tox|[from] psn\n|upkeep\n|turn|29\n|\n|t:|1700411336\n|move|p2a: No Fun Allowed|Flamethrower|p1a: \u0413\u0440\u0435\u043c\u043b\u0456\u043d\n|-damage|p1a: \u0413\u0440\u0435\u043c\u043b\u0456\u043d|0 fnt\n|faint|p1a: \u0413\u0440\u0435\u043c\u043b\u0456\u043d\n|\n|-heal|p2a: No Fun Allowed|19\/100 par|[from] item: Leftovers\n|upkeep\n|\n|t:|1700411339\n|switch|p1a: \u0417\u0430\u043f\u0430\u0434\u043b\u043e\u0441|Zapdos-Galar|100\/100\n|turn|30\n|\n|t:|1700411354\n|move|p2a: No Fun Allowed|Protect|p2a: No Fun Allowed\n|-singleturn|p2a: No Fun Allowed|Protect\n|move|p1a: \u0417\u0430\u043f\u0430\u0434\u043b\u043e\u0441|Throat Chop|p2a: No Fun Allowed\n|-activate|p2a: No Fun Allowed|move: Protect\n|\n|-heal|p2a: No Fun Allowed|25\/100 par|[from] item: Leftovers\n|upkeep\n|turn|31\n|\n|t:|1700411359\n|move|p1a: \u0417\u0430\u043f\u0430\u0434\u043b\u043e\u0441|Throat Chop|p2a: No Fun Allowed\n|-damage|p2a: No Fun Allowed|0 fnt\n|faint|p2a: No Fun Allowed\n|\n|upkeep\n|\n|t:|1700411361\n|switch|p2a: Sh\ud83d\udca9tbird|Mandibuzz, F|38\/100\n|turn|32\n|\n|t:|1700411367\n|switch|p1a: \u0407\u0431\u043e\u0431\u043e\u0441\u044f|Malamar, M, shiny|58\/100 tox\n|move|p2a: Sh\ud83d\udca9tbird|Roost|p2a: Sh\ud83d\udca9tbird\n|-heal|p2a: Sh\ud83d\udca9tbird|88\/100\n|-singleturn|p2a: Sh\ud83d\udca9tbird|move: Roost\n|\n|-heal|p1a: \u0407\u0431\u043e\u0431\u043e\u0441\u044f|64\/100 tox|[from] item: Leftovers\n|-damage|p1a: \u0407\u0431\u043e\u0431\u043e\u0441\u044f|58\/100 tox|[from] psn\n|upkeep\n|turn|33\n|\n|t:|1700411371\n|move|p2a: Sh\ud83d\udca9tbird|Foul Play|p1a: \u0407\u0431\u043e\u0431\u043e\u0441\u044f\n|-damage|p1a: \u0407\u0431\u043e\u0431\u043e\u0441\u044f|35\/100 tox\n|move|p1a: \u0407\u0431\u043e\u0431\u043e\u0441\u044f|Superpower|p2a: Sh\ud83d\udca9tbird\n|-damage|p2a: Sh\ud83d\udca9tbird|73\/100\n|-boost|p1a: \u0407\u0431\u043e\u0431\u043e\u0441\u044f|atk|1\n|-boost|p1a: \u0407\u0431\u043e\u0431\u043e\u0441\u044f|def|1\n|\n|-heal|p1a: \u0407\u0431\u043e\u0431\u043e\u0441\u044f|41\/100 tox|[from] item: Leftovers\n|-damage|p1a: \u0407\u0431\u043e\u0431\u043e\u0441\u044f|29\/100 tox|[from] psn\n|upkeep\n|turn|34\n|\n|t:|1700411380\n|move|p2a: Sh\ud83d\udca9tbird|Foul Play|p1a: \u0407\u0431\u043e\u0431\u043e\u0441\u044f\n|-damage|p1a: \u0407\u0431\u043e\u0431\u043e\u0441\u044f|8\/100 tox\n|move|p1a: \u0407\u0431\u043e\u0431\u043e\u0441\u044f|Knock Off|p2a: Sh\ud83d\udca9tbird\n|-resisted|p2a: Sh\ud83d\udca9tbird\n|-damage|p2a: Sh\ud83d\udca9tbird|60\/100\n|-enditem|p2a: Sh\ud83d\udca9tbird|Covert Cloak|[from] move: Knock Off|[of] p1a: \u0407\u0431\u043e\u0431\u043e\u0441\u044f\n|\n|-heal|p1a: \u0407\u0431\u043e\u0431\u043e\u0441\u044f|14\/100 tox|[from] item: Leftovers\n|-damage|p1a: \u0407\u0431\u043e\u0431\u043e\u0441\u044f|0 fnt|[from] psn\n|faint|p1a: \u0407\u0431\u043e\u0431\u043e\u0441\u044f\n|upkeep\n|\n|t:|1700411394\n|switch|p1a: \u0417\u0430\u043f\u0430\u0434\u043b\u043e\u0441|Zapdos-Galar|100\/100\n|turn|35\n|\n|t:|1700411397\n|move|p1a: \u0417\u0430\u043f\u0430\u0434\u043b\u043e\u0441|Brave Bird|p2a: Sh\ud83d\udca9tbird\n|-damage|p2a: Sh\ud83d\udca9tbird|23\/100\n|-damage|p1a: \u0417\u0430\u043f\u0430\u0434\u043b\u043e\u0441|85\/100|[from] Recoil\n|move|p2a: Sh\ud83d\udca9tbird|Toxic|p1a: \u0417\u0430\u043f\u0430\u0434\u043b\u043e\u0441\n|-status|p1a: \u0417\u0430\u043f\u0430\u0434\u043b\u043e\u0441|tox\n|\n|-damage|p1a: \u0417\u0430\u043f\u0430\u0434\u043b\u043e\u0441|78\/100 tox|[from] psn\n|upkeep\n|turn|36\n|\n|t:|1700411405\n|switch|p2a: Click the \u274c|Nosepass, L1, F, shiny|100\/100\n|move|p1a: \u0417\u0430\u043f\u0430\u0434\u043b\u043e\u0441|Brave Bird|p2a: Click the \u274c\n|-resisted|p2a: Click the \u274c\n|-ability|p2a: Click the \u274c|Sturdy\n|-damage|p2a: Click the \u274c|10\/100\n|-enditem|p2a: Click the \u274c|Berry Juice\n|-heal|p2a: Click the \u274c|100\/100|[from] item: Berry Juice\n|-damage|p1a: \u0417\u0430\u043f\u0430\u0434\u043b\u043e\u0441|77\/100 tox|[from] Recoil\n|\n|-damage|p1a: \u0417\u0430\u043f\u0430\u0434\u043b\u043e\u0441|65\/100 tox|[from] psn\n|upkeep\n|turn|37\n|\n|t:|1700411415\n|switch|p1a: Vikisevere|Victini|64\/100 tox\n|move|p2a: Click the \u274c|Pain Split|p1a: Vikisevere\n|-sethp|p1a: Vikisevere|34\/100 tox|[from] move: Pain Split|[silent]\n|-sethp|p2a: Click the \u274c|100\/100|[from] move: Pain Split\n|\n|-damage|p1a: Vikisevere|27\/100 tox|[from] psn\n|upkeep\n|turn|38\n|\n|t:|1700411426\n|move|p2a: Click the \u274c|Protect|p2a: Click the \u274c\n|-singleturn|p2a: Click the \u274c|Protect\n|move|p1a: Vikisevere|Blue Flare|p2a: Click the \u274c\n|-activate|p2a: Click the \u274c|move: Protect\n|\n|-damage|p1a: Vikisevere|15\/100 tox|[from] psn\n|upkeep\n|turn|39\n|\n|t:|1700411431\n|move|p1a: Vikisevere|Blue Flare|p2a: Click the \u274c\n|-resisted|p2a: Click the \u274c\n|-crit|p2a: Click the \u274c\n|-ability|p2a: Click the \u274c|Sturdy\n|-damage|p2a: Click the \u274c|10\/100\n|move|p2a: Click the \u274c|Pain Split|p1a: Vikisevere\n|-sethp|p1a: Vikisevere|8\/100 tox|[from] move: Pain Split|[silent]\n|-sethp|p2a: Click the \u274c|100\/100|[from] move: Pain Split\n|\n|-damage|p1a: Vikisevere|0 fnt|[from] psn\n|faint|p1a: Vikisevere\n|upkeep\n|\n|t:|1700411439\n|switch|p1a: \u0417\u0430\u043f\u0430\u0434\u043b\u043e\u0441|Zapdos-Galar|65\/100 tox\n|turn|40\n|\n|t:|1700411443\n|move|p1a: \u0417\u0430\u043f\u0430\u0434\u043b\u043e\u0441|Throat Chop|p2a: Click the \u274c\n|-ability|p2a: Click the \u274c|Sturdy\n|-damage|p2a: Click the \u274c|10\/100\n|-start|p2a: Click the \u274c|Throat Chop|[silent]\n|move|p2a: Click the \u274c|Pain Split|p1a: \u0417\u0430\u043f\u0430\u0434\u043b\u043e\u0441\n|-sethp|p1a: \u0417\u0430\u043f\u0430\u0434\u043b\u043e\u0441|33\/100 tox|[from] move: Pain Split|[silent]\n|-sethp|p2a: Click the \u274c|100\/100|[from] move: Pain Split\n|\n|-damage|p1a: \u0417\u0430\u043f\u0430\u0434\u043b\u043e\u0441|27\/100 tox|[from] psn\n|upkeep\n|turn|41\n|\n|t:|1700411449\n|move|p1a: \u0417\u0430\u043f\u0430\u0434\u043b\u043e\u0441|Throat Chop|p2a: Click the \u274c\n|-ability|p2a: Click the \u274c|Sturdy\n|-damage|p2a: Click the \u274c|10\/100\n|move|p2a: Click the \u274c|Pain Split|p1a: \u0417\u0430\u043f\u0430\u0434\u043b\u043e\u0441\n|-sethp|p1a: \u0417\u0430\u043f\u0430\u0434\u043b\u043e\u0441|14\/100 tox|[from] move: Pain Split|[silent]\n|-sethp|p2a: Click the \u274c|100\/100|[from] move: Pain Split\n|\n|-damage|p1a: \u0417\u0430\u043f\u0430\u0434\u043b\u043e\u0441|1\/100 tox|[from] psn\n|-end|p2a: Click the \u274c|Throat Chop|[silent]\n|upkeep\n|turn|42\n|\n|t:|1700411455\n|switch|p2a: Literally Level 1|Magnemite, L1|100\/100\n|move|p1a: \u0417\u0430\u043f\u0430\u0434\u043b\u043e\u0441|Throat Chop|p2a: Literally Level 1\n|-ability|p2a: Literally Level 1|Sturdy\n|-damage|p2a: Literally Level 1|10\/100\n|-start|p2a: Literally Level 1|Throat Chop|[silent]\n|-enditem|p2a: Literally Level 1|Berry Juice\n|-heal|p2a: Literally Level 1|100\/100|[from] item: Berry Juice\n|\n|-damage|p1a: \u0417\u0430\u043f\u0430\u0434\u043b\u043e\u0441|0 fnt|[from] psn\n|faint|p1a: \u0417\u0430\u043f\u0430\u0434\u043b\u043e\u0441\n|\n|win|Saltator\n|upkeep\n|raw|dragon Mastee's rating: 1262 &rarr; <strong>1239<\/strong><br \/>(-23 for losing)\n|raw|Saltator's rating: 1295 &rarr; <strong>1318<\/strong><br \/>(+23 for winning)\n|c|\u2606dragon Mastee|Gg\n|c|\u2606Saltator|gg\n","uploadtime":1700411462,"views":6,"p1id":"dragonmastee","p2id":"saltator","formatid":"gen9nationaldex","rating":1239,"private":0,"password":""}