{"id":"gen9nationaldex-1987429756","p1":"xxyyzlu","p2":"biezouhaoma","format":"[Gen 9] National Dex","log":"|j|\u2606xxyyzlu\n|j|\u203dbiezouhaoma\n|t:|1699590343\n|gametype|singles\n|player|p1|xxyyzlu|170|1729\n|player|p2|biezouhaoma|bugcatcher-gen4dp|1750\n|teamsize|p1|6\n|teamsize|p2|6\n|gen|9\n|tier|[Gen 9] National Dex\n|rated|\n|rule|HP Percentage Mod: HP is shown in percentages\n|rule|Endless Battle Clause: Forcing endless battles is banned\n|rule|OHKO Clause: OHKO moves are banned\n|rule|Evasion Clause: Evasion abilities, items, and moves are banned\n|rule|Evasion Abilities Clause: Evasion abilities are banned\n|rule|Evasion Items Clause: Evasion items are banned\n|rule|Evasion Moves Clause: Evasion moves are banned\n|rule|Species Clause: Limit one of each Pok\u00e9mon\n|rule|Sleep Clause Mod: Limit one foe put to sleep\n|clearpoke\n|poke|p1|Kingdra, M|\n|poke|p1|Ninetales-Alola, F|\n|poke|p1|Scizor, F|\n|poke|p1|Heatran, F|\n|poke|p1|Blaziken, F|\n|poke|p1|Salamence, M|\n|poke|p2|Pelipper, F|\n|poke|p2|Barraskewda, F|\n|poke|p2|Garganacl, F|\n|poke|p2|Scizor, M|\n|poke|p2|Volcanion|\n|poke|p2|Iron Treads|\n|teampreview\n|inactive|Battle timer is ON: inactive players will automatically lose when time's up. (requested by biezouhaoma)\n|\n|t:|1699590352\n|start\n|switch|p1a: Scizor|Scizor, F|100\/100\n|switch|p2a: Iron Treads|Iron Treads|100\/100\n|turn|1\n|\n|t:|1699590359\n|move|p2a: Iron Treads|Stealth Rock|p1a: Scizor\n|-sidestart|p1: xxyyzlu|move: Stealth Rock\n|move|p1a: Scizor|Focus Energy|p1a: Scizor\n|-start|p1a: Scizor|move: Focus Energy\n|\n|upkeep\n|turn|2\n|\n|t:|1699590367\n|-end|p2a: Iron Treads|Quark Drive|[silent]\n|switch|p2a: Pelipper|Pelipper, F|100\/100\n|-weather|RainDance|[from] ability: Drizzle|[of] p2a: Pelipper\n|move|p1a: Scizor|Dual Wingbeat|p2a: Pelipper\n|-crit|p2a: Pelipper\n|-damage|p2a: Pelipper|76\/100\n|-crit|p2a: Pelipper\n|-damage|p2a: Pelipper|48\/100\n|-hitcount|p2a: Pelipper|2\n|\n|-weather|RainDance|[upkeep]\n|upkeep\n|turn|3\n|\n|t:|1699590375\n|-activate|p2a: Pelipper|move: Pursuit\n|move|p1a: Scizor|Pursuit|p2a: Pelipper|[from]Pursuit\n|-crit|p2a: Pelipper\n|-damage|p2a: Pelipper|12\/100\n|switch|p2a: Iron Treads|Iron Treads|100\/100\n|\n|-weather|RainDance|[upkeep]\n|upkeep\n|turn|4\n|\n|t:|1699590383\n|move|p2a: Iron Treads|Earthquake|p1a: Scizor\n|-damage|p1a: Scizor|63\/100\n|move|p1a: Scizor|Dual Wingbeat|p2a: Iron Treads\n|-resisted|p2a: Iron Treads\n|-crit|p2a: Iron Treads\n|-damage|p2a: Iron Treads|86\/100\n|-resisted|p2a: Iron Treads\n|-crit|p2a: Iron Treads\n|-damage|p2a: Iron Treads|70\/100\n|-hitcount|p2a: Iron Treads|2\n|\n|-weather|RainDance|[upkeep]\n|upkeep\n|turn|5\n|j| Duragonite\n|\n|t:|1699590390\n|move|p1a: Scizor|Bullet Punch|p2a: Iron Treads\n|-resisted|p2a: Iron Treads\n|-crit|p2a: Iron Treads\n|-damage|p2a: Iron Treads|49\/100\n|move|p2a: Iron Treads|Earthquake|p1a: Scizor\n|-damage|p1a: Scizor|20\/100\n|\n|-weather|RainDance|[upkeep]\n|upkeep\n|turn|6\n|\n|t:|1699590393\n|move|p1a: Scizor|Bullet Punch|p2a: Iron Treads\n|-resisted|p2a: Iron Treads\n|-crit|p2a: Iron Treads\n|-damage|p2a: Iron Treads|27\/100\n|move|p2a: Iron Treads|Earthquake|p1a: Scizor\n|-damage|p1a: Scizor|0 fnt\n|faint|p1a: Scizor\n|\n|-weather|RainDance|[upkeep]\n|upkeep\n|\n|t:|1699590404\n|switch|p1a: Kingdra|Kingdra, M|100\/100\n|-damage|p1a: Kingdra|88\/100|[from] Stealth Rock\n|turn|7\n|\n|t:|1699590412\n|-end|p2a: Iron Treads|Quark Drive|[silent]\n|switch|p2a: Volcanion|Volcanion|100\/100\n|move|p1a: Kingdra|Agility|p1a: Kingdra\n|-boost|p1a: Kingdra|spe|2\n|\n|-weather|RainDance|[upkeep]\n|upkeep\n|turn|8\n|\n|t:|1699590418\n|switch|p2a: Scizor|Scizor, M|100\/100\n|move|p1a: Kingdra|Focus Energy|p1a: Kingdra\n|-start|p1a: Kingdra|move: Focus Energy\n|\n|-weather|RainDance|[upkeep]\n|upkeep\n|turn|9\n|\n|t:|1699590425\n|detailschange|p2a: Scizor|Scizor-Mega, M\n|-mega|p2a: Scizor|Scizor|Scizorite\n|move|p1a: Kingdra|Surf|p2a: Scizor\n|-crit|p2a: Scizor\n|-damage|p2a: Scizor|1\/100\n|move|p2a: Scizor|U-turn|p1a: Kingdra\n|-damage|p1a: Kingdra|49\/100\n|\n|t:|1699590441\n|switch|p2a: Volcanion|Volcanion|100\/100|[from] U-turn\n|\n|-weather|none\n|upkeep\n|turn|10\n|\n|t:|1699590445\n|switch|p2a: Scizor|Scizor-Mega, M|1\/100\n|move|p1a: Kingdra|Agility|p1a: Kingdra\n|-boost|p1a: Kingdra|spe|2\n|\n|upkeep\n|turn|11\n|\n|t:|1699590450\n|move|p2a: Scizor|Bullet Punch|p1a: Kingdra\n|-resisted|p1a: Kingdra\n|-damage|p1a: Kingdra|32\/100\n|move|p1a: Kingdra|Surf|p2a: Scizor\n|-crit|p2a: Scizor\n|-damage|p2a: Scizor|0 fnt\n|faint|p2a: Scizor\n|\n|upkeep\n|\n|t:|1699590460\n|switch|p2a: Volcanion|Volcanion|100\/100\n|turn|12\n|\n|t:|1699590463\n|move|p1a: Kingdra|Draco Meteor|p2a: Volcanion\n|-crit|p2a: Volcanion\n|-damage|p2a: Volcanion|0 fnt\n|-unboost|p1a: Kingdra|spa|2\n|faint|p2a: Volcanion\n|\n|upkeep\n|\n|t:|1699590468\n|switch|p2a: Pelipper|Pelipper, F|12\/100\n|-weather|RainDance|[from] ability: Drizzle|[of] p2a: Pelipper\n|turn|13\n|\n|t:|1699590470\n|move|p1a: Kingdra|Surf|p2a: Pelipper\n|-resisted|p2a: Pelipper\n|-crit|p2a: Pelipper\n|-damage|p2a: Pelipper|0 fnt\n|faint|p2a: Pelipper\n|\n|-weather|RainDance|[upkeep]\n|upkeep\n|\n|t:|1699590472\n|switch|p2a: Barraskewda|Barraskewda, F|100\/100\n|turn|14\n|\n|t:|1699590478\n|-terastallize|p2a: Barraskewda|Water\n|-terastallize|p1a: Kingdra|Water\n|move|p2a: Barraskewda|Aqua Jet|p1a: Kingdra\n|-resisted|p1a: Kingdra\n|-damage|p1a: Kingdra|0 fnt\n|faint|p1a: Kingdra\n|\n|-weather|RainDance|[upkeep]\n|upkeep\n|\n|t:|1699590488\n|switch|p1a: Ninetales|Ninetales-Alola, F|100\/100\n|-damage|p1a: Ninetales|76\/100|[from] Stealth Rock\n|-weather|Snow|[from] ability: Snow Warning|[of] p1a: Ninetales\n|turn|15\n|\n|t:|1699590491\n|switch|p2a: Garganacl|Garganacl, F|100\/100\n|move|p1a: Ninetales|Aurora Veil|p1a: Ninetales\n|-sidestart|p1: xxyyzlu|move: Aurora Veil\n|\n|-weather|Snow|[upkeep]\n|upkeep\n|turn|16\n|\n|t:|1699590501\n|move|p1a: Ninetales|Blizzard|p2a: Garganacl\n|-damage|p2a: Garganacl|72\/100\n|move|p2a: Garganacl|Iron Defense|p2a: Garganacl\n|-boost|p2a: Garganacl|def|2\n|\n|-weather|Snow|[upkeep]\n|-heal|p2a: Garganacl|78\/100|[from] item: Leftovers\n|upkeep\n|turn|17\n|\n|t:|1699590516\n|move|p1a: Ninetales|Moonblast|p2a: Garganacl\n|-damage|p2a: Garganacl|52\/100\n|move|p2a: Garganacl|Iron Defense|p2a: Garganacl\n|-boost|p2a: Garganacl|def|2\n|\n|-weather|Snow|[upkeep]\n|-heal|p2a: Garganacl|59\/100|[from] item: Leftovers\n|upkeep\n|turn|18\n|\n|t:|1699590527\n|switch|p1a: Blaziken|Blaziken, F|100\/100\n|-damage|p1a: Blaziken|88\/100|[from] Stealth Rock\n|move|p2a: Garganacl|Recover|p2a: Garganacl\n|-heal|p2a: Garganacl|100\/100\n|\n|-weather|Snow|[upkeep]\n|upkeep\n|turn|19\n|\n|t:|1699590529\n|move|p1a: Blaziken|Focus Energy|p1a: Blaziken\n|-start|p1a: Blaziken|move: Focus Energy\n|move|p2a: Garganacl|Salt Cure|p1a: Blaziken\n|-damage|p1a: Blaziken|79\/100\n|-start|p1a: Blaziken|Salt Cure\n|\n|-weather|none\n|-damage|p1a: Blaziken|66\/100|[from] Salt Cure\n|-ability|p1a: Blaziken|Speed Boost|boost\n|-boost|p1a: Blaziken|spe|1\n|upkeep\n|turn|20\n|\n|t:|1699590534\n|move|p2a: Garganacl|Protect|p2a: Garganacl\n|-singleturn|p2a: Garganacl|Protect\n|move|p1a: Blaziken|Close Combat|p2a: Garganacl\n|-activate|p2a: Garganacl|move: Protect\n|\n|-damage|p1a: Blaziken|54\/100|[from] Salt Cure\n|-ability|p1a: Blaziken|Speed Boost|boost\n|-boost|p1a: Blaziken|spe|1\n|upkeep\n|turn|21\n|\n|t:|1699590543\n|switch|p2a: Iron Treads|Iron Treads|27\/100\n|move|p1a: Blaziken|Close Combat|p2a: Iron Treads\n|-supereffective|p2a: Iron Treads\n|-crit|p2a: Iron Treads\n|-damage|p2a: Iron Treads|0 fnt\n|-unboost|p1a: Blaziken|def|1\n|-unboost|p1a: Blaziken|spd|1\n|faint|p2a: Iron Treads\n|-end|p2a: Iron Treads|Quark Drive|[silent]\n|\n|-damage|p1a: Blaziken|42\/100|[from] Salt Cure\n|-ability|p1a: Blaziken|Speed Boost|boost\n|-boost|p1a: Blaziken|spe|1\n|upkeep\n|\n|t:|1699590546\n|switch|p2a: Barraskewda|Barraskewda, F, tera:Water|100\/100\n|turn|22\n|\n|t:|1699590551\n|move|p2a: Barraskewda|Aqua Jet|p1a: Blaziken\n|-supereffective|p1a: Blaziken\n|-damage|p1a: Blaziken|0 fnt\n|faint|p1a: Blaziken\n|\n|-sideend|p1: xxyyzlu|move: Aurora Veil\n|upkeep\n|\n|t:|1699590559\n|switch|p1a: Ninetales|Ninetales-Alola, F|76\/100\n|-damage|p1a: Ninetales|51\/100|[from] Stealth Rock\n|-weather|Snow|[from] ability: Snow Warning|[of] p1a: Ninetales\n|turn|23\n|\n|t:|1699590562\n|switch|p2a: Garganacl|Garganacl, F|100\/100\n|move|p1a: Ninetales|Aurora Veil|p1a: Ninetales\n|-sidestart|p1: xxyyzlu|move: Aurora Veil\n|\n|-weather|Snow|[upkeep]\n|upkeep\n|turn|24\n|\n|t:|1699590564\n|switch|p1a: Salamence|Salamence, M|100\/100\n|-damage|p1a: Salamence|76\/100|[from] Stealth Rock\n|-ability|p1a: Salamence|Intimidate|boost\n|-unboost|p2a: Garganacl|atk|1\n|move|p2a: Garganacl|Iron Defense|p2a: Garganacl\n|-boost|p2a: Garganacl|def|2\n|\n|-weather|Snow|[upkeep]\n|upkeep\n|turn|25\n|\n|t:|1699590568\n|move|p1a: Salamence|Focus Energy|p1a: Salamence\n|-start|p1a: Salamence|move: Focus Energy\n|move|p2a: Garganacl|Salt Cure|p1a: Salamence\n|-supereffective|p1a: Salamence\n|-damage|p1a: Salamence|64\/100\n|-start|p1a: Salamence|Salt Cure\n|\n|-weather|Snow|[upkeep]\n|-damage|p1a: Salamence|51\/100|[from] Salt Cure\n|upkeep\n|turn|26\n|\n|t:|1699590571\n|move|p2a: Garganacl|Protect|p2a: Garganacl\n|-singleturn|p2a: Garganacl|Protect\n|move|p1a: Salamence|Draco Meteor|p2a: Garganacl\n|-activate|p2a: Garganacl|move: Protect\n|\n|-weather|Snow|[upkeep]\n|-damage|p1a: Salamence|39\/100|[from] Salt Cure\n|upkeep\n|turn|27\n|\n|t:|1699590577\n|move|p1a: Salamence|Draco Meteor|p2a: Garganacl\n|-crit|p2a: Garganacl\n|-damage|p2a: Garganacl|38\/100\n|-unboost|p1a: Salamence|spa|2\n|move|p2a: Garganacl|Recover|p2a: Garganacl\n|-heal|p2a: Garganacl|88\/100\n|\n|-weather|none\n|-heal|p2a: Garganacl|94\/100|[from] item: Leftovers\n|-damage|p1a: Salamence|26\/100|[from] Salt Cure\n|upkeep\n|turn|28\n|\n|t:|1699590581\n|move|p1a: Salamence|Draco Meteor|p2a: Garganacl\n|-crit|p2a: Garganacl\n|-damage|p2a: Garganacl|38\/100\n|-unboost|p1a: Salamence|spa|2\n|move|p2a: Garganacl|Recover|p2a: Garganacl\n|-heal|p2a: Garganacl|88\/100\n|\n|-heal|p2a: Garganacl|94\/100|[from] item: Leftovers\n|-damage|p1a: Salamence|14\/100|[from] Salt Cure\n|upkeep\n|turn|29\n|\n|t:|1699590585\n|move|p2a: Garganacl|Protect|p2a: Garganacl\n|-singleturn|p2a: Garganacl|Protect\n|move|p1a: Salamence|Draco Meteor|p2a: Garganacl\n|-activate|p2a: Garganacl|move: Protect\n|\n|-heal|p2a: Garganacl|99\/100|[from] item: Leftovers\n|-damage|p1a: Salamence|2\/100|[from] Salt Cure\n|upkeep\n|turn|30\n|\n|t:|1699590588\n|move|p2a: Garganacl|Protect|p2a: Garganacl\n|-singleturn|p2a: Garganacl|Protect\n|move|p1a: Salamence|Draco Meteor|p2a: Garganacl\n|-activate|p2a: Garganacl|move: Protect\n|\n|-heal|p2a: Garganacl|100\/100|[from] item: Leftovers\n|-damage|p1a: Salamence|0 fnt|[from] Salt Cure\n|faint|p1a: Salamence\n|-sideend|p1: xxyyzlu|move: Aurora Veil\n|upkeep\n|\n|t:|1699590591\n|switch|p1a: Heatran|Heatran, F|100\/100\n|-damage|p1a: Heatran|88\/100|[from] Stealth Rock\n|turn|31\n|-message|xxyyzlu forfeited.\n|\n|win|biezouhaoma\n|raw|xxyyzlu's rating: 1729 &rarr; <strong>1710<\/strong><br \/>(-19 for losing)\n|raw|biezouhaoma's rating: 1750 &rarr; <strong>1769<\/strong><br \/>(+19 for winning)\n|l|\u2606xxyyzlu\n","uploadtime":1699590614,"views":12,"p1id":"xxyyzlu","p2id":"biezouhaoma","formatid":"gen9nationaldex","rating":1710,"private":0,"password":""}