{"id":"gen9nationaldex-1991720848","p1":"hdhebdbrndnmd","p2":"AerBlaziken","format":"[Gen 9] National Dex","log":"|j|\u2606hdhebdbrndnmd\n|j|\u2606AerBlaziken\n|t:|1700106806\n|gametype|singles\n|player|p1|hdhebdbrndnmd|dawn|1181\n|player|p2|AerBlaziken|hexmaniac-gen6|1251\n|teamsize|p1|6\n|teamsize|p2|6\n|gen|9\n|tier|[Gen 9] National Dex\n|rated|\n|rule|HP Percentage Mod: HP is shown in percentages\n|rule|Endless Battle Clause: Forcing endless battles is banned\n|rule|OHKO Clause: OHKO moves are banned\n|rule|Evasion Clause: Evasion abilities, items, and moves are banned\n|rule|Evasion Abilities Clause: Evasion abilities are banned\n|rule|Evasion Items Clause: Evasion items are banned\n|rule|Evasion Moves Clause: Evasion moves are banned\n|rule|Species Clause: Limit one of each Pok\u00e9mon\n|rule|Sleep Clause Mod: Limit one foe put to sleep\n|clearpoke\n|poke|p1|Charizard, M|\n|poke|p1|Blaziken, M|\n|poke|p1|Skeledirge, F|\n|poke|p1|Darmanitan, M|\n|poke|p1|Cinderace, F|\n|poke|p1|Ceruledge, M|\n|poke|p2|Ogerpon-Wellspring, F|\n|poke|p2|Hatterene, F|\n|poke|p2|Cinderace, F|\n|poke|p2|Tyranitar, M|\n|poke|p2|Noivern, F|\n|poke|p2|Thundurus-Therian, M|\n|teampreview\n|inactive|Battle timer is ON: inactive players will automatically lose when time's up. (requested by hdhebdbrndnmd)\n|\n|t:|1700106831\n|start\n|switch|p1a: Charizard|Charizard, M|100\/100\n|switch|p2a: zeus\u2026ZEUS!|Thundurus-Therian, M|100\/100\n|turn|1\n|\n|t:|1700106847\n|switch|p1a: Cinderace|Cinderace, F|100\/100\n|move|p2a: zeus\u2026ZEUS!|Volt Switch|p1a: Cinderace\n|-damage|p1a: Cinderace|34\/100\n|\n|t:|1700106870\n|switch|p2a: Dragula|Noivern, F|100\/100|[from] Volt Switch\n|-item|p1a: Cinderace|Heavy-Duty Boots|[from] ability: Frisk|[of] p2a: Dragula|[identify]\n|\n|upkeep\n|turn|2\n|\n|t:|1700106876\n|move|p2a: Dragula|Boomburst|p1a: Cinderace\n|-damage|p1a: Cinderace|0 fnt\n|faint|p1a: Cinderace\n|-enditem|p2a: Dragula|Throat Spray\n|-boost|p2a: Dragula|spa|1|[from] item: Throat Spray\n|\n|upkeep\n|\n|t:|1700106887\n|switch|p1a: Darmanitan|Darmanitan, M|100\/100\n|turn|3\n|\n|t:|1700106903\n|move|p1a: Darmanitan|Rock Slide|p2a: Dragula|[miss]\n|-miss|p1a: Darmanitan|p2a: Dragula\n|move|p2a: Dragula|Boomburst|p1a: Darmanitan\n|-damage|p1a: Darmanitan|13\/100\n|\n|upkeep\n|turn|4\n|\n|t:|1700106911\n|move|p1a: Darmanitan|Rock Slide|p2a: Dragula\n|-supereffective|p2a: Dragula\n|-damage|p2a: Dragula|9\/100\n|move|p2a: Dragula|Boomburst|p1a: Darmanitan\n|-damage|p1a: Darmanitan|0 fnt\n|faint|p1a: Darmanitan\n|\n|upkeep\n|\n|t:|1700106914\n|switch|p1a: Ceruledge|Ceruledge, M|100\/100\n|turn|5\n|\n|t:|1700106922\n|move|p1a: Ceruledge|Shadow Sneak|p2a: Dragula\n|-damage|p2a: Dragula|0 fnt\n|faint|p2a: Dragula\n|\n|upkeep\n|\n|t:|1700106927\n|switch|p2a: zeus\u2026ZEUS!|Thundurus-Therian, M|100\/100\n|turn|6\n|\n|t:|1700106933\n|move|p2a: zeus\u2026ZEUS!|Thunderbolt|p1a: Ceruledge\n|-damage|p1a: Ceruledge|35\/100\n|move|p1a: Ceruledge|Swords Dance|p1a: Ceruledge\n|-boost|p1a: Ceruledge|atk|2\n|\n|upkeep\n|turn|7\n|\n|t:|1700106938\n|move|p1a: Ceruledge|Shadow Sneak|p2a: zeus\u2026ZEUS!\n|-damage|p2a: zeus\u2026ZEUS!|34\/100\n|move|p2a: zeus\u2026ZEUS!|Thunderbolt|p1a: Ceruledge\n|-damage|p1a: Ceruledge|0 fnt\n|faint|p1a: Ceruledge\n|\n|upkeep\n|\n|t:|1700106941\n|switch|p1a: Blaziken|Blaziken, M|100\/100\n|turn|8\n|\n|t:|1700106944\n|move|p2a: zeus\u2026ZEUS!|Thunderbolt|p1a: Blaziken\n|-damage|p1a: Blaziken|13\/100\n|move|p1a: Blaziken|Swords Dance|p1a: Blaziken\n|-boost|p1a: Blaziken|atk|2\n|\n|-ability|p1a: Blaziken|Speed Boost|boost\n|-boost|p1a: Blaziken|spe|1\n|upkeep\n|turn|9\n|\n|t:|1700106948\n|move|p2a: zeus\u2026ZEUS!|Thunderbolt|p1a: Blaziken\n|-damage|p1a: Blaziken|0 fnt\n|faint|p1a: Blaziken\n|\n|upkeep\n|-message|hdhebdbrndnmd forfeited.\n|\n|win|AerBlaziken\n|raw|hdhebdbrndnmd's rating: 1157 &rarr; <strong>1139<\/strong><br \/>(-18 for losing)\n|raw|AerBlaziken's rating: 1251 &rarr; <strong>1269<\/strong><br \/>(+18 for winning)\n|l|\u2606hdhebdbrndnmd\n","uploadtime":1700106955,"views":5,"p1id":"hdhebdbrndnmd","p2id":"aerblaziken","formatid":"gen9nationaldex","rating":1139,"private":0,"password":""}