{"id":"gen9nationaldex-1986968344","p1":"PointedRanger11","p2":"KangWS","format":"[Gen 9] National Dex","log":"|j|\u2606PointedRanger11\n|j|\u2606KangWS\n|t:|1699545285\n|gametype|singles\n|player|p1|PointedRanger11|n|1445\n|player|p2|KangWS|iono|1554\n|teamsize|p1|6\n|teamsize|p2|6\n|gen|9\n|tier|[Gen 9] National Dex\n|rated|\n|rule|HP Percentage Mod: HP is shown in percentages\n|rule|Endless Battle Clause: Forcing endless battles is banned\n|rule|OHKO Clause: OHKO moves are banned\n|rule|Evasion Clause: Evasion abilities, items, and moves are banned\n|rule|Evasion Abilities Clause: Evasion abilities are banned\n|rule|Evasion Items Clause: Evasion items are banned\n|rule|Evasion Moves Clause: Evasion moves are banned\n|rule|Species Clause: Limit one of each Pok\u00e9mon\n|rule|Sleep Clause Mod: Limit one foe put to sleep\n|clearpoke\n|poke|p1|Aerodactyl, M|\n|poke|p1|Zoroark-Hisui, F|\n|poke|p1|Kyurem|\n|poke|p1|Ogerpon-Wellspring, F|\n|poke|p1|Skeledirge, M|\n|poke|p1|Hawlucha, F|\n|poke|p2|Banette, M|\n|poke|p2|Hoopa-Unbound|\n|poke|p2|Urshifu-*, M|\n|poke|p2|Alomomola, F|\n|poke|p2|Slowking-Galar, M|\n|poke|p2|Moltres|\n|teampreview\n|inactive|Battle timer is ON: inactive players will automatically lose when time's up. (requested by PointedRanger11)\n|\n|t:|1699545308\n|start\n|switch|p1a: DEPRESSION|Ogerpon-Wellspring, F|100\/100\n|switch|p2a: Alomomola|Alomomola, F, shiny|100\/100\n|turn|1\n|\n|t:|1699545322\n|switch|p2a: Slowking|Slowking-Galar, M, shiny|100\/100\n|move|p1a: DEPRESSION|Swords Dance|p1a: DEPRESSION\n|-boost|p1a: DEPRESSION|atk|2\n|\n|upkeep\n|turn|2\n|\n|t:|1699545331\n|-terastallize|p1a: DEPRESSION|Water\n|detailschange|p1a: DEPRESSION|Ogerpon-Wellspring-Tera, F, tera:Water\n|-ability|p1a: DEPRESSION|Embody Aspect (Wellspring)|boost\n|-boost|p1a: DEPRESSION|spd|1\n|move|p1a: DEPRESSION|Ivy Cudgel|p2a: Slowking\n|-damage|p2a: Slowking|0 fnt\n|faint|p2a: Slowking\n|\n|upkeep\n|\n|t:|1699545355\n|switch|p2a: Urshifu|Urshifu-Rapid-Strike, M|100\/100\n|turn|3\n|\n|t:|1699545365\n|-terastallize|p2a: Urshifu|Steel\n|move|p2a: Urshifu|Thunder Punch|p1a: DEPRESSION\n|-supereffective|p1a: DEPRESSION\n|-damage|p1a: DEPRESSION|31\/100\n|-status|p1a: DEPRESSION|par\n|move|p1a: DEPRESSION|Horn Leech|p2a: Urshifu\n|-resisted|p2a: Urshifu\n|-damage|p2a: Urshifu|53\/100\n|-heal|p1a: DEPRESSION|58\/100 par|[from] drain|[of] p2a: Urshifu\n|\n|upkeep\n|turn|4\n|inactive|PointedRanger11 has 120 seconds left.\n|\n|t:|1699545417\n|switch|p1a: WHAT KILLED DINO?|Kyurem|100\/100\n|-ability|p1a: WHAT KILLED DINO?|Pressure\n|move|p2a: Urshifu|Thunder Punch|p1a: WHAT KILLED DINO?\n|-resisted|p1a: WHAT KILLED DINO?\n|-damage|p1a: WHAT KILLED DINO?|90\/100\n|\n|-heal|p1a: WHAT KILLED DINO?|96\/100|[from] item: Leftovers\n|upkeep\n|turn|5\n|inactive|KangWS has 120 seconds left.\n|\n|t:|1699545445\n|switch|p2a: Hoopa|Hoopa-Unbound|100\/100\n|move|p1a: WHAT KILLED DINO?|Substitute|p1a: WHAT KILLED DINO?\n|-start|p1a: WHAT KILLED DINO?|Substitute\n|-damage|p1a: WHAT KILLED DINO?|71\/100\n|\n|-heal|p1a: WHAT KILLED DINO?|77\/100|[from] item: Leftovers\n|upkeep\n|turn|6\n|inactive|KangWS has 120 seconds left.\n|\n|t:|1699545455\n|move|p1a: WHAT KILLED DINO?|Freeze-Dry|p2a: Hoopa\n|-damage|p2a: Hoopa|66\/100\n|move|p2a: Hoopa|Dark Pulse|p1a: WHAT KILLED DINO?\n|-end|p1a: WHAT KILLED DINO?|Substitute\n|\n|-heal|p1a: WHAT KILLED DINO?|83\/100|[from] item: Leftovers\n|upkeep\n|turn|7\n|inactive|KangWS has 120 seconds left.\n|\n|t:|1699545466\n|switch|p1a: BIRD UP|Hawlucha, F|100\/100\n|-ability|p1a: BIRD UP|Mold Breaker\n|move|p2a: Hoopa|Dark Pulse|p1a: BIRD UP\n|-resisted|p1a: BIRD UP\n|-damage|p1a: BIRD UP|53\/100\n|\n|upkeep\n|turn|8\n|inactive|KangWS has 120 seconds left.\n|\n|t:|1699545477\n|switch|p2a: Alomomola|Alomomola, F, shiny|100\/100\n|move|p1a: BIRD UP|U-turn|p2a: Alomomola\n|-damage|p2a: Alomomola|90\/100\n|-damage|p1a: BIRD UP|36\/100|[from] item: Rocky Helmet|[of] p2a: Alomomola\n|\n|t:|1699545485\n|switch|p1a: DEPRESSION|Ogerpon-Wellspring-Tera, F, tera:Water|58\/100 par|[from] U-turn\n|-ability|p1a: DEPRESSION|Embody Aspect (Wellspring)|boost\n|-boost|p1a: DEPRESSION|spd|1\n|\n|upkeep\n|turn|9\n|inactive|PointedRanger11 has 120 seconds left.\n|inactive|KangWS has 120 seconds left.\n|\n|t:|1699545505\n|move|p1a: DEPRESSION|Brick Break|p2a: Alomomola\n|-damage|p2a: Alomomola|74\/100\n|-damage|p1a: DEPRESSION|41\/100 par|[from] item: Rocky Helmet|[of] p2a: Alomomola\n|move|p2a: Alomomola|Flip Turn|p1a: DEPRESSION\n|-resisted|p1a: DEPRESSION\n|-damage|p1a: DEPRESSION|30\/100 par\n|\n|t:|1699545514\n|switch|p2a: Banette|Banette, M|100\/100|[from] Flip Turn\n|-item|p1a: DEPRESSION|Wellspring Mask|[from] ability: Frisk|[of] p2a: Banette|[identify]\n|\n|upkeep\n|turn|10\n|inactive|KangWS has 120 seconds left.\n|\n|t:|1699545522\n|detailschange|p2a: Banette|Banette-Mega, M\n|-mega|p2a: Banette|Banette|Banettite\n|move|p2a: Banette|Encore|p1a: DEPRESSION\n|-start|p1a: DEPRESSION|Encore\n|cant|p1a: DEPRESSION|par\n|\n|upkeep\n|turn|11\n|\n|t:|1699545535\n|switch|p1a: KING K ROOL|Skeledirge, M|100\/100\n|move|p2a: Banette|Poltergeist|p1a: KING K ROOL\n|-activate|p1a: KING K ROOL|move: Poltergeist|Leftovers\n|-supereffective|p1a: KING K ROOL\n|-damage|p1a: KING K ROOL|0 fnt\n|faint|p1a: KING K ROOL\n|\n|upkeep\n|\n|t:|1699545543\n|switch|p1a: AAAAAAAAAAAAAA|Aerodactyl, M|100\/100\n|turn|12\n|\n|t:|1699545549\n|switch|p2a: Alomomola|Alomomola, F, shiny|100\/100\n|move|p1a: AAAAAAAAAAAAAA|Bitter Malice|p2a: Alomomola\n|-damage|p2a: Alomomola|54\/100\n|-unboost|p2a: Alomomola|atk|1\n|\n|upkeep\n|turn|13\n|\n|t:|1699545566\n|switch|p1a: WHAT KILLED DINO?|Kyurem|83\/100\n|-ability|p1a: WHAT KILLED DINO?|Pressure\n|switch|p2a: Moltres|Moltres|100\/100\n|\n|-heal|p1a: WHAT KILLED DINO?|89\/100|[from] item: Leftovers\n|upkeep\n|turn|14\n|\n|t:|1699545579\n|switch|p1a: DEPRESSION|Ogerpon-Wellspring-Tera, F, tera:Water|30\/100 par\n|-ability|p1a: DEPRESSION|Embody Aspect (Wellspring)|boost\n|-boost|p1a: DEPRESSION|spd|1\n|move|p2a: Moltres|U-turn|p1a: DEPRESSION\n|-damage|p1a: DEPRESSION|6\/100 par\n|\n|t:|1699545588\n|switch|p2a: Urshifu|Urshifu-Rapid-Strike, M, tera:Steel|53\/100|[from] U-turn\n|\n|upkeep\n|turn|15\n|\n|t:|1699545599\n|move|p2a: Urshifu|Surging Strikes|p1a: DEPRESSION\n|-resisted|p1a: DEPRESSION\n|-crit|p1a: DEPRESSION\n|-damage|p1a: DEPRESSION|0 fnt\n|faint|p1a: DEPRESSION\n|-hitcount|p1: DEPRESSION|1\n|\n|upkeep\n|\n|t:|1699545608\n|switch|p1a: WHAT KILLED DINO?|Kyurem|89\/100\n|-ability|p1a: WHAT KILLED DINO?|Pressure\n|turn|16\n|\n|t:|1699545623\n|switch|p2a: Moltres|Moltres|100\/100\n|move|p1a: WHAT KILLED DINO?|Earth Power|p2a: Moltres\n|-immune|p2a: Moltres\n|\n|-heal|p1a: WHAT KILLED DINO?|96\/100|[from] item: Leftovers\n|upkeep\n|turn|17\n|\n|t:|1699545632\n|move|p1a: WHAT KILLED DINO?|Substitute|p1a: WHAT KILLED DINO?\n|-start|p1a: WHAT KILLED DINO?|Substitute\n|-damage|p1a: WHAT KILLED DINO?|71\/100\n|move|p2a: Moltres|Mystical Fire|p1a: WHAT KILLED DINO?\n|-end|p1a: WHAT KILLED DINO?|Substitute\n|\n|-heal|p1a: WHAT KILLED DINO?|77\/100|[from] item: Leftovers\n|upkeep\n|turn|18\n|\n|t:|1699545651\n|switch|p1a: AAAAAAAAAAAAAA|Aerodactyl, M|100\/100\n|move|p2a: Moltres|Mystical Fire|p1a: AAAAAAAAAAAAAA\n|-resisted|p1a: AAAAAAAAAAAAAA\n|-damage|p1a: AAAAAAAAAAAAAA|77\/100\n|-unboost|p1a: AAAAAAAAAAAAAA|spa|1\n|\n|upkeep\n|turn|19\n|\n|t:|1699545662\n|switch|p2a: Alomomola|Alomomola, F, shiny|87\/100\n|detailschange|p1a: AAAAAAAAAAAAAA|Aerodactyl-Mega, M\n|-mega|p1a: AAAAAAAAAAAAAA|Aerodactyl|Aerodactylite\n|move|p1a: AAAAAAAAAAAAAA|Dual Wingbeat|p2a: Alomomola\n|-damage|p2a: Alomomola|72\/100\n|-damage|p1a: AAAAAAAAAAAAAA|61\/100|[from] item: Rocky Helmet|[of] p2a: Alomomola\n|-damage|p2a: Alomomola|57\/100\n|-damage|p1a: AAAAAAAAAAAAAA|44\/100|[from] item: Rocky Helmet|[of] p2a: Alomomola\n|-hitcount|p2a: Alomomola|2\n|\n|upkeep\n|turn|20\n|-message|PointedRanger11 forfeited.\n|\n|win|KangWS\n|raw|PointedRanger11's rating: 1445 &rarr; <strong>1431<\/strong><br \/>(-14 for losing)\n|raw|KangWS's rating: 1554 &rarr; <strong>1568<\/strong><br \/>(+14 for winning)\n|l|\u2606PointedRanger11\n","uploadtime":1699545684,"views":5,"p1id":"pointedranger11","p2id":"kangws","formatid":"gen9nationaldex","rating":1431,"private":0,"password":""}