{"id":"gen9nationaldex-1994169580","p1":"Pentelilin","p2":"IceBerryCoffee","format":"[Gen 9] National Dex","log":"|j|\u2606Pentelilin\n|j|\u2606IceBerryCoffee\n|t:|1700414885\n|gametype|singles\n|player|p1|Pentelilin|hugh|1163\n|player|p2|IceBerryCoffee|2|1257\n|teamsize|p1|6\n|teamsize|p2|6\n|gen|9\n|tier|[Gen 9] National Dex\n|rated|\n|rule|HP Percentage Mod: HP is shown in percentages\n|rule|Endless Battle Clause: Forcing endless battles is banned\n|rule|OHKO Clause: OHKO moves are banned\n|rule|Evasion Clause: Evasion abilities, items, and moves are banned\n|rule|Evasion Abilities Clause: Evasion abilities are banned\n|rule|Evasion Items Clause: Evasion items are banned\n|rule|Evasion Moves Clause: Evasion moves are banned\n|rule|Species Clause: Limit one of each Pok\u00e9mon\n|rule|Sleep Clause Mod: Limit one foe put to sleep\n|clearpoke\n|poke|p1|Garchomp, M|\n|poke|p1|Gardevoir, F|\n|poke|p1|Nihilego|\n|poke|p1|Espeon, F|\n|poke|p1|Goodra-Hisui, F|\n|poke|p1|Serperior, M|\n|poke|p2|Torkoal, F|\n|poke|p2|Buzzwole|\n|poke|p2|Kartana|\n|poke|p2|Blacephalon|\n|poke|p2|Lopunny, M|\n|poke|p2|Krookodile, F|\n|teampreview\n|inactive|Battle timer is ON: inactive players will automatically lose when time's up. (requested by IceBerryCoffee)\n|\n|t:|1700414896\n|start\n|switch|p1a: Goodra|Goodra-Hisui, F|100\/100\n|switch|p2a: Torkoal|Torkoal, F|100\/100\n|-weather|SunnyDay|[from] ability: Drought|[of] p2a: Torkoal\n|turn|1\n|\n|t:|1700414910\n|move|p1a: Goodra|Hydro Pump|p2a: Torkoal\n|-supereffective|p2a: Torkoal\n|-damage|p2a: Torkoal|67\/100\n|move|p2a: Torkoal|Shell Smash|p2a: Torkoal\n|-unboost|p2a: Torkoal|def|1\n|-unboost|p2a: Torkoal|spd|1\n|-boost|p2a: Torkoal|atk|2\n|-boost|p2a: Torkoal|spa|2\n|-boost|p2a: Torkoal|spe|2\n|-enditem|p2a: Torkoal|Eject Pack\n|\n|t:|1700414919\n|switch|p2a: Lopunny|Lopunny, M|100\/100\n|\n|-weather|SunnyDay|[upkeep]\n|upkeep\n|turn|2\n|\n|t:|1700414924\n|detailschange|p2a: Lopunny|Lopunny-Mega, M\n|-mega|p2a: Lopunny|Lopunny|Lopunnite\n|move|p2a: Lopunny|Copycat|p2a: Lopunny\n|move|p2a: Lopunny|Shell Smash|p2a: Lopunny|[from]move: Copycat\n|-unboost|p2a: Lopunny|def|1\n|-unboost|p2a: Lopunny|spd|1\n|-boost|p2a: Lopunny|atk|2\n|-boost|p2a: Lopunny|spa|2\n|-boost|p2a: Lopunny|spe|2\n|move|p1a: Goodra|Toxic|p2a: Lopunny\n|-status|p2a: Lopunny|tox\n|\n|-weather|SunnyDay|[upkeep]\n|-damage|p2a: Lopunny|94\/100 tox|[from] psn\n|upkeep\n|turn|3\n|\n|t:|1700414939\n|move|p2a: Lopunny|Close Combat|p1a: Goodra\n|-supereffective|p1a: Goodra\n|-damage|p1a: Goodra|0 fnt\n|-unboost|p2a: Lopunny|def|1\n|-unboost|p2a: Lopunny|spd|1\n|-ability|p1a: Goodra|Gooey\n|-unboost|p2a: Lopunny|spe|1\n|faint|p1a: Goodra\n|\n|-weather|SunnyDay|[upkeep]\n|-damage|p2a: Lopunny|82\/100 tox|[from] psn\n|upkeep\n|\n|t:|1700414951\n|switch|p1a: Espeon|Espeon, F|100\/100\n|turn|4\n|\n|t:|1700414956\n|move|p2a: Lopunny|Triple Axel|p1a: Espeon\n|-damage|p1a: Espeon|71\/100\n|-hitcount|p1a: Espeon|1\n|move|p1a: Espeon|Psychic|p2a: Lopunny\n|-supereffective|p2a: Lopunny\n|-damage|p2a: Lopunny|0 fnt\n|faint|p2a: Lopunny\n|\n|-weather|SunnyDay|[upkeep]\n|upkeep\n|\n|t:|1700414972\n|switch|p2a: Krookodile|Krookodile, F|100\/100\n|turn|5\n|\n|t:|1700414977\n|move|p2a: Krookodile|Knock Off|p1a: Espeon\n|-supereffective|p1a: Espeon\n|-damage|p1a: Espeon|0 fnt\n|-enditem|p1a: Espeon|Focus Sash|[from] move: Knock Off|[of] p2a: Krookodile\n|faint|p1a: Espeon\n|-ability|p2a: Krookodile|Moxie|boost\n|-boost|p2a: Krookodile|atk|1\n|\n|-weather|none\n|upkeep\n|\n|t:|1700414985\n|switch|p1a: Serperior|Serperior, M|100\/100\n|turn|6\n|\n|t:|1700414989\n|switch|p2a: Torkoal|Torkoal, F|67\/100\n|-weather|SunnyDay|[from] ability: Drought|[of] p2a: Torkoal\n|move|p1a: Serperior|Leaf Storm|p2a: Torkoal\n|-resisted|p2a: Torkoal\n|-damage|p2a: Torkoal|41\/100\n|-boost|p1a: Serperior|spa|2\n|\n|-weather|SunnyDay|[upkeep]\n|upkeep\n|turn|7\n|\n|t:|1700415002\n|move|p1a: Serperior|Hidden Power|p2a: Torkoal\n|-supereffective|p2a: Torkoal\n|-damage|p2a: Torkoal|13\/100\n|move|p2a: Torkoal|Explosion|p1a: Serperior\n|-damage|p1a: Serperior|36\/100\n|faint|p2a: Torkoal\n|\n|-weather|SunnyDay|[upkeep]\n|upkeep\n|\n|t:|1700415012\n|switch|p2a: Blacephalon|Blacephalon|100\/100\n|turn|8\n|\n|t:|1700415017\n|move|p2a: Blacephalon|Flamethrower|p1a: Serperior\n|-supereffective|p1a: Serperior\n|-damage|p1a: Serperior|0 fnt\n|faint|p1a: Serperior\n|-ability|p2a: Blacephalon|Beast Boost|boost\n|-boost|p2a: Blacephalon|spa|1\n|\n|-weather|SunnyDay|[upkeep]\n|upkeep\n|\n|t:|1700415024\n|switch|p1a: Nihilego|Nihilego|100\/100\n|turn|9\n|\n|t:|1700415027\n|move|p2a: Blacephalon|Flamethrower|p1a: Nihilego\n|-resisted|p1a: Nihilego\n|-damage|p1a: Nihilego|55\/100\n|move|p1a: Nihilego|Meteor Beam||[still]\n|-prepare|p1a: Nihilego|Meteor Beam\n|-boost|p1a: Nihilego|spa|1\n|-enditem|p1a: Nihilego|Power Herb\n|-anim|p1a: Nihilego|Meteor Beam|p2a: Blacephalon\n|-supereffective|p2a: Blacephalon\n|-damage|p2a: Blacephalon|0 fnt\n|faint|p2a: Blacephalon\n|-ability|p1a: Nihilego|Beast Boost|boost\n|-boost|p1a: Nihilego|spa|1\n|\n|-weather|SunnyDay|[upkeep]\n|upkeep\n|\n|t:|1700415040\n|switch|p2a: Buzzwole|Buzzwole|100\/100\n|turn|10\n|\n|t:|1700415047\n|move|p2a: Buzzwole|Earthquake|p1a: Nihilego\n|-supereffective|p1a: Nihilego\n|-damage|p1a: Nihilego|0 fnt\n|faint|p1a: Nihilego\n|-ability|p2a: Buzzwole|Beast Boost|boost\n|-boost|p2a: Buzzwole|atk|1\n|\n|-weather|none\n|upkeep\n|\n|t:|1700415060\n|switch|p1a: Gardevoir|Gardevoir, F, shiny|100\/100\n|turn|11\n|\n|t:|1700415071\n|detailschange|p1a: Gardevoir|Gardevoir-Mega, F, shiny\n|-mega|p1a: Gardevoir|Gardevoir|Gardevoirite\n|move|p2a: Buzzwole|Earthquake|p1a: Gardevoir\n|-damage|p1a: Gardevoir|0 fnt\n|faint|p1a: Gardevoir\n|-ability|p2a: Buzzwole|Beast Boost|boost\n|-boost|p2a: Buzzwole|atk|1\n|\n|upkeep\n|-message|Pentelilin forfeited.\n|\n|win|IceBerryCoffee\n|raw|Pentelilin's rating: 1163 &rarr; <strong>1145<\/strong><br \/>(-18 for losing)\n|raw|IceBerryCoffee's rating: 1257 &rarr; <strong>1275<\/strong><br \/>(+18 for winning)\n|l|\u2606Pentelilin\n","uploadtime":1700415085,"views":5,"p1id":"pentelilin","p2id":"iceberrycoffee","formatid":"gen9nationaldex","rating":1145,"private":0,"password":""}