{"id":"gen9nationaldex-2000510890","p1":"Tsar Edelgard","p2":"lighteater24","format":"[Gen 9] National Dex","log":"|html|<div class=\"broadcast-blue\"><strong>[Gen 9] National Dex is currently suspecting Sneasler! For information on how to participate check out the <a href=\"https:\/\/www.smogon.com\/forums\/threads\/sv-national-dex-suspect-8-just-dance.3731534\/\">suspect thread<\/a>.<\/strong><\/div>\n|j|\u2606Tsar Edelgard\n|j|\u2606lighteater24\n|t:|1701200916\n|gametype|singles\n|player|p1|Tsar Edelgard|cynthia-gen4|1190\n|player|p2|lighteater24|grimsley|1239\n|teamsize|p1|6\n|teamsize|p2|6\n|gen|9\n|tier|[Gen 9] National Dex\n|rated|\n|rule|HP Percentage Mod: HP is shown in percentages\n|rule|Endless Battle Clause: Forcing endless battles is banned\n|rule|OHKO Clause: OHKO moves are banned\n|rule|Evasion Clause: Evasion abilities, items, and moves are banned\n|rule|Evasion Abilities Clause: Evasion abilities are banned\n|rule|Evasion Items Clause: Evasion items are banned\n|rule|Evasion Moves Clause: Evasion moves are banned\n|rule|Species Clause: Limit one of each Pok\u00e9mon\n|rule|Sleep Clause Mod: Limit one foe put to sleep\n|clearpoke\n|poke|p1|Sceptile, M|\n|poke|p1|Ninetales-Alola, F|\n|poke|p1|Seviper, M|\n|poke|p1|Espeon, F|\n|poke|p1|Dragonite, F|\n|poke|p1|Heatran, M|\n|poke|p2|Mimikyu, M|\n|poke|p2|Decidueye, M|\n|poke|p2|Ceruledge, F|\n|poke|p2|Runerigus, F|\n|poke|p2|Chandelure, M|\n|poke|p2|Froslass, F|\n|teampreview\n|inactive|Battle timer is ON: inactive players will automatically lose when time's up. (requested by lighteater24)\n|\n|t:|1701200924\n|start\n|switch|p1a: Seviper|Seviper, M|100\/100\n|switch|p2a: Runerigus|Runerigus, F|100\/100\n|turn|1\n|\n|t:|1701200932\n|switch|p1a: Espeon|Espeon, F|100\/100\n|move|p2a: Runerigus|Earthquake|p1a: Espeon\n|-damage|p1a: Espeon|39\/100\n|\n|upkeep\n|turn|2\n|\n|t:|1701200939\n|switch|p1a: Heatran|Heatran, M|100\/100\n|-item|p1a: Heatran|Air Balloon\n|move|p2a: Runerigus|Earthquake|p1a: Heatran\n|-immune|p1a: Heatran\n|\n|upkeep\n|turn|3\n|\n|t:|1701200948\n|switch|p2a: Ceruledge|Ceruledge, F|100\/100\n|move|p1a: Heatran|Stealth Rock|p2a: Ceruledge\n|-sidestart|p2: lighteater24|move: Stealth Rock\n|\n|upkeep\n|turn|4\n|\n|t:|1701200957\n|move|p2a: Ceruledge|Poltergeist|p1a: Heatran\n|-activate|p1a: Heatran|move: Poltergeist|Air Balloon\n|-damage|p1a: Heatran|56\/100\n|-enditem|p1a: Heatran|Air Balloon\n|move|p1a: Heatran|Earth Power|p2a: Ceruledge\n|-supereffective|p2a: Ceruledge\n|-damage|p2a: Ceruledge|25\/100\n|-enditem|p2a: Ceruledge|Salac Berry|[eat]\n|-boost|p2a: Ceruledge|spe|1|[from] item: Salac Berry\n|\n|upkeep\n|turn|5\n|\n|t:|1701200968\n|move|p2a: Ceruledge|Shadow Sneak|p1a: Heatran\n|-damage|p1a: Heatran|40\/100\n|move|p1a: Heatran|Earth Power|p2a: Ceruledge\n|-supereffective|p2a: Ceruledge\n|-crit|p2a: Ceruledge\n|-damage|p2a: Ceruledge|0 fnt\n|faint|p2a: Ceruledge\n|\n|upkeep\n|\n|t:|1701200977\n|switch|p2a: Runerigus|Runerigus, F|100\/100\n|-damage|p2a: Runerigus|95\/100|[from] Stealth Rock\n|turn|6\n|\n|t:|1701200984\n|move|p1a: Heatran|Flash Cannon|p2a: Runerigus\n|-damage|p2a: Runerigus|60\/100\n|move|p2a: Runerigus|Earthquake|p1a: Heatran\n|-supereffective|p1a: Heatran\n|-damage|p1a: Heatran|0 fnt\n|faint|p1a: Heatran\n|\n|upkeep\n|c|\u2606lighteater24|You had a very good change\n|c|\u2606lighteater24|Had being the key word\n|inactive|Tsar Edelgard has 120 seconds left.\n|\n|t:|1701201041\n|switch|p1a: Espeon|Espeon, F|39\/100\n|turn|7\n|\n|t:|1701201046\n|move|p1a: Espeon|Psychic|p2a: Runerigus\n|-damage|p2a: Runerigus|22\/100\n|-enditem|p2a: Runerigus|Wiki Berry|[eat]\n|-heal|p2a: Runerigus|55\/100|[from] item: Wiki Berry\n|-start|p2a: Runerigus|confusion\n|-activate|p2a: Runerigus|confusion\n|move|p2a: Runerigus|Earthquake|p1a: Espeon\n|-damage|p1a: Espeon|0 fnt\n|faint|p1a: Espeon\n|\n|upkeep\n|\n|t:|1701201062\n|switch|p1a: Seviper|Seviper, M|100\/100\n|turn|8\n|\n|t:|1701201065\n|move|p1a: Seviper|Glare|p2a: Runerigus\n|-status|p2a: Runerigus|par\n|-end|p2a: Runerigus|confusion\n|cant|p2a: Runerigus|par\n|\n|upkeep\n|turn|9\n|\n|t:|1701201073\n|cant|p2a: Runerigus|par\n|move|p1a: Seviper|Dragon Tail|p2a: Runerigus\n|-damage|p2a: Runerigus|40\/100 par\n|-activate|p2a: Runerigus|ability: Wandering Spirit|Infiltrator|Wandering Spirit|[of] p1a: Seviper\n|drag|p2a: Chandelure|Chandelure, M|100\/100\n|-damage|p2a: Chandelure|76\/100|[from] Stealth Rock\n|\n|upkeep\n|turn|10\n|\n|t:|1701201082\n|move|p2a: Chandelure|Flamethrower|p1a: Seviper\n|-damage|p1a: Seviper|22\/100\n|move|p1a: Seviper|Glare|p2a: Chandelure\n|-status|p2a: Chandelure|par\n|\n|upkeep\n|turn|11\n|inactive|Tsar Edelgard has 120 seconds left.\n|\n|t:|1701201102\n|move|p2a: Chandelure|Flamethrower|p1a: Seviper\n|-damage|p1a: Seviper|0 fnt\n|faint|p1a: Seviper\n|\n|upkeep\n|\n|t:|1701201104\n|switch|p1a: Dragonite|Dragonite, F|100\/100\n|turn|12\n|\n|t:|1701201109\n|move|p1a: Dragonite|Dragon Dance|p1a: Dragonite\n|-boost|p1a: Dragonite|atk|1\n|-boost|p1a: Dragonite|spe|1\n|move|p2a: Chandelure|Flamethrower|p1a: Dragonite\n|-resisted|p1a: Dragonite\n|-damage|p1a: Dragonite|87\/100\n|\n|upkeep\n|turn|13\n|\n|t:|1701201119\n|move|p1a: Dragonite|Dragon Dance|p1a: Dragonite\n|-boost|p1a: Dragonite|atk|1\n|-boost|p1a: Dragonite|spe|1\n|cant|p2a: Chandelure|par\n|\n|upkeep\n|turn|14\n|\n|t:|1701201126\n|move|p1a: Dragonite|Dragon Claw|p2a: Chandelure\n|-damage|p2a: Chandelure|0 fnt\n|faint|p2a: Chandelure\n|\n|upkeep\n|\n|t:|1701201131\n|switch|p2a: Mimikyu|Mimikyu, M|100\/100\n|-damage|p2a: Mimikyu|88\/100|[from] Stealth Rock\n|turn|15\n|\n|t:|1701201136\n|switch|p1a: Sceptile|Sceptile, M|100\/100\n|move|p2a: Mimikyu|Play Rough|p1a: Sceptile\n|-damage|p1a: Sceptile|21\/100\n|-damage|p2a: Mimikyu|78\/100|[from] item: Life Orb\n|\n|upkeep\n|turn|16\n|\n|t:|1701201144\n|move|p1a: Sceptile|Leaf Blade|p2a: Mimikyu\n|-activate|p2a: Mimikyu|ability: Disguise\n|-damage|p2a: Mimikyu|78\/100\n|detailschange|p2a: Mimikyu|Mimikyu-Busted, M\n|-damage|p2a: Mimikyu|66\/100|[from] pokemon: Mimikyu-Busted\n|move|p2a: Mimikyu|Drain Punch|p1a: Sceptile\n|-damage|p1a: Sceptile|0 fnt\n|-heal|p2a: Mimikyu|78\/100|[from] drain|[of] p1a: Sceptile\n|faint|p1a: Sceptile\n|-damage|p2a: Mimikyu|68\/100|[from] item: Life Orb\n|\n|upkeep\n|\n|t:|1701201154\n|switch|p1a: Ninetales|Ninetales-Alola, F|100\/100\n|-weather|Snow|[from] ability: Snow Warning|[of] p1a: Ninetales\n|turn|17\n|\n|t:|1701201164\n|-zpower|p1a: Ninetales\n|move|p1a: Ninetales|Subzero Slammer|p2a: Mimikyu|[zeffect]\n|-damage|p2a: Mimikyu|0 fnt\n|faint|p2a: Mimikyu\n|\n|-weather|Snow|[upkeep]\n|upkeep\n|\n|t:|1701201173\n|switch|p2a: Decidueye|Decidueye, M|100\/100\n|-damage|p2a: Decidueye|88\/100|[from] Stealth Rock\n|turn|18\n|\n|t:|1701201181\n|move|p1a: Ninetales|Blizzard|p2a: Decidueye\n|-supereffective|p2a: Decidueye\n|-damage|p2a: Decidueye|9\/100\n|move|p2a: Decidueye|Leaf Blade|p1a: Ninetales\n|-damage|p1a: Ninetales|32\/100\n|\n|-weather|Snow|[upkeep]\n|upkeep\n|turn|19\n|\n|t:|1701201191\n|move|p1a: Ninetales|Moonblast|p2a: Decidueye\n|-damage|p2a: Decidueye|0 fnt\n|faint|p2a: Decidueye\n|\n|-weather|Snow|[upkeep]\n|upkeep\n|\n|t:|1701201198\n|switch|p2a: Froslass|Froslass, F|100\/100\n|-damage|p2a: Froslass|76\/100|[from] Stealth Rock\n|turn|20\n|\n|t:|1701201203\n|move|p2a: Froslass|Hex|p1a: Ninetales\n|-damage|p1a: Ninetales|4\/100\n|move|p1a: Ninetales|Moonblast|p2a: Froslass\n|-damage|p2a: Froslass|13\/100\n|\n|-weather|Snow|[upkeep]\n|upkeep\n|turn|21\n|\n|t:|1701201210\n|move|p2a: Froslass|Hex|p1a: Ninetales\n|-damage|p1a: Ninetales|0 fnt\n|faint|p1a: Ninetales\n|\n|-weather|none\n|upkeep\n|\n|t:|1701201213\n|switch|p1a: Dragonite|Dragonite, F|87\/100\n|turn|22\n|\n|t:|1701201219\n|-terastallize|p1a: Dragonite|Normal\n|move|p2a: Froslass|Ice Beam|p1a: Dragonite\n|-damage|p1a: Dragonite|47\/100\n|move|p1a: Dragonite|Dragon Claw|p2a: Froslass\n|-damage|p2a: Froslass|0 fnt\n|faint|p2a: Froslass\n|\n|upkeep\n|\n|t:|1701201229\n|switch|p2a: Runerigus|Runerigus, F|40\/100 par\n|-damage|p2a: Runerigus|34\/100 par|[from] Stealth Rock\n|turn|23\n|\n|t:|1701201233\n|move|p1a: Dragonite|Dragon Claw|p2a: Runerigus\n|-damage|p2a: Runerigus|0 fnt\n|-activate|p2a: Runerigus|ability: Wandering Spirit|Multiscale|Wandering Spirit|[of] p1a: Dragonite\n|faint|p2a: Runerigus\n|\n|win|Tsar Edelgard\n|raw|Tsar Edelgard's rating: 1190 &rarr; <strong>1219<\/strong><br \/>(+29 for winning)\n|raw|lighteater24's rating: 1239 &rarr; <strong>1210<\/strong><br \/>(-29 for losing)\n|l|\u2606lighteater24\n|c|\u2606Tsar Edelgard|You saidv\n|c|\u2606Tsar Edelgard|lol\n|l|\u2606Tsar Edelgard\n|j|\u2606Tsar Edelgard\n|player|p1|Tsar Edelgard|cynthia-gen4\n","uploadtime":1701201296,"views":0,"p1id":"tsaredelgard","p2id":"lighteater24","formatid":"gen9nationaldex","rating":1210,"private":0,"password":""}