{"id":"gen9nationaldex-1997014425","p1":"xiaoxianzuishuaile","p2":"0xyt0c1njunk1e","format":"[Gen 9] National Dex","log":"|html|<div class=\"broadcast-blue\"><strong>[Gen 9] National Dex is currently suspecting Sneasler! For information on how to participate check out the <a href=\"https:\/\/www.smogon.com\/forums\/threads\/sv-national-dex-suspect-8-just-dance.3731534\/\">suspect thread<\/a>.<\/strong><\/div>\n|j|\u2606xiaoxianzuishuaile\n|j|\u26060xyt0c1njunk1e\n|t:|1700755788\n|gametype|singles\n|player|p1|xiaoxianzuishuaile|phoebe-gen6|1582\n|player|p2|0xyt0c1njunk1e|iris|1509\n|teamsize|p1|6\n|teamsize|p2|6\n|gen|9\n|tier|[Gen 9] National Dex\n|rated|\n|rule|HP Percentage Mod: HP is shown in percentages\n|rule|Endless Battle Clause: Forcing endless battles is banned\n|rule|OHKO Clause: OHKO moves are banned\n|rule|Evasion Clause: Evasion abilities, items, and moves are banned\n|rule|Evasion Abilities Clause: Evasion abilities are banned\n|rule|Evasion Items Clause: Evasion items are banned\n|rule|Evasion Moves Clause: Evasion moves are banned\n|rule|Species Clause: Limit one of each Pok\u00e9mon\n|rule|Sleep Clause Mod: Limit one foe put to sleep\n|clearpoke\n|poke|p1|Blissey, F|\n|poke|p1|Sableye, M|\n|poke|p1|Toxapex, F|\n|poke|p1|Corviknight, F|\n|poke|p1|Garganacl, M|\n|poke|p1|Clodsire, M|\n|poke|p2|Vaporeon, F|\n|poke|p2|Lopunny, F|\n|poke|p2|Gardevoir, F|\n|poke|p2|Tsareena, F|\n|poke|p2|Heatran, M|\n|poke|p2|Toxapex, F|\n|teampreview\n|inactive|Battle timer is ON: inactive players will automatically lose when time's up. (requested by xiaoxianzuishuaile)\n|inactive|0xyt0c1njunk1e also wants the timer to be on.\n|\n|t:|1700755792\n|start\n|switch|p1a: \u600e\u4e48\u4f1a\u6709\u8fd9\u4e48\u810f\u7684\u5b9d\u53ef\u68a6|Sableye, M|100\/100\n|switch|p2a: Lopunny|Lopunny, F|100\/100\n|turn|1\n|\n|t:|1700755795\n|detailschange|p2a: Lopunny|Lopunny-Mega, F\n|-mega|p2a: Lopunny|Lopunny|Lopunnite\n|move|p2a: Lopunny|Fake Out|p1a: \u600e\u4e48\u4f1a\u6709\u8fd9\u4e48\u810f\u7684\u5b9d\u53ef\u68a6\n|-damage|p1a: \u600e\u4e48\u4f1a\u6709\u8fd9\u4e48\u810f\u7684\u5b9d\u53ef\u68a6|70\/100\n|cant|p1a: \u600e\u4e48\u4f1a\u6709\u8fd9\u4e48\u810f\u7684\u5b9d\u53ef\u68a6|flinch\n|\n|upkeep\n|turn|2\n|\n|t:|1700755803\n|switch|p2a: Tsareena|Tsareena, F|100\/100\n|detailschange|p1a: \u600e\u4e48\u4f1a\u6709\u8fd9\u4e48\u810f\u7684\u5b9d\u53ef\u68a6|Sableye-Mega, M\n|-mega|p1a: \u600e\u4e48\u4f1a\u6709\u8fd9\u4e48\u810f\u7684\u5b9d\u53ef\u68a6|Sableye|Sablenite\n|move|p1a: \u600e\u4e48\u4f1a\u6709\u8fd9\u4e48\u810f\u7684\u5b9d\u53ef\u68a6|Knock Off|p2a: Tsareena\n|-damage|p2a: Tsareena|70\/100\n|-enditem|p2a: Tsareena|Assault Vest|[from] move: Knock Off|[of] p1a: \u600e\u4e48\u4f1a\u6709\u8fd9\u4e48\u810f\u7684\u5b9d\u53ef\u68a6\n|\n|upkeep\n|turn|3\n|\n|t:|1700755814\n|switch|p1a: \u600e\u4e48\u4f1a\u6709\u8fd9\u4e48\u80fd\u56de\u8840\u7684\u5b9d\u53ef\u68a6|Toxapex, F|100\/100\n|move|p2a: Tsareena|U-turn|p1a: \u600e\u4e48\u4f1a\u6709\u8fd9\u4e48\u80fd\u56de\u8840\u7684\u5b9d\u53ef\u68a6\n|-resisted|p1a: \u600e\u4e48\u4f1a\u6709\u8fd9\u4e48\u80fd\u56de\u8840\u7684\u5b9d\u53ef\u68a6\n|-crit|p1a: \u600e\u4e48\u4f1a\u6709\u8fd9\u4e48\u80fd\u56de\u8840\u7684\u5b9d\u53ef\u68a6\n|-damage|p1a: \u600e\u4e48\u4f1a\u6709\u8fd9\u4e48\u80fd\u56de\u8840\u7684\u5b9d\u53ef\u68a6|90\/100\n|-damage|p2a: Tsareena|53\/100|[from] item: Rocky Helmet|[of] p1a: \u600e\u4e48\u4f1a\u6709\u8fd9\u4e48\u80fd\u56de\u8840\u7684\u5b9d\u53ef\u68a6\n|\n|t:|1700755826\n|switch|p2a: Heatran|Heatran, M|100\/100|[from] U-turn\n|\n|upkeep\n|turn|4\n|\n|t:|1700755829\n|switch|p1a: \u600e\u4e48\u4f1a\u6709\u8fd9\u4e48\u597d\u7528\u7684\u5b9d\u53ef\u68a6|Garganacl, M|100\/100\n|move|p2a: Heatran|Magma Storm|p1a: \u600e\u4e48\u4f1a\u6709\u8fd9\u4e48\u597d\u7528\u7684\u5b9d\u53ef\u68a6\n|-resisted|p1a: \u600e\u4e48\u4f1a\u6709\u8fd9\u4e48\u597d\u7528\u7684\u5b9d\u53ef\u68a6\n|-damage|p1a: \u600e\u4e48\u4f1a\u6709\u8fd9\u4e48\u597d\u7528\u7684\u5b9d\u53ef\u68a6|86\/100\n|-activate|p1a: \u600e\u4e48\u4f1a\u6709\u8fd9\u4e48\u597d\u7528\u7684\u5b9d\u53ef\u68a6|move: Magma Storm|[of] p2a: Heatran\n|\n|-heal|p1a: \u600e\u4e48\u4f1a\u6709\u8fd9\u4e48\u597d\u7528\u7684\u5b9d\u53ef\u68a6|92\/100|[from] item: Leftovers\n|-damage|p1a: \u600e\u4e48\u4f1a\u6709\u8fd9\u4e48\u597d\u7528\u7684\u5b9d\u53ef\u68a6|79\/100|[from] move: Magma Storm|[partiallytrapped]\n|upkeep\n|turn|5\n|\n|t:|1700755840\n|move|p2a: Heatran|Earth Power|p1a: \u600e\u4e48\u4f1a\u6709\u8fd9\u4e48\u597d\u7528\u7684\u5b9d\u53ef\u68a6\n|-supereffective|p1a: \u600e\u4e48\u4f1a\u6709\u8fd9\u4e48\u597d\u7528\u7684\u5b9d\u53ef\u68a6\n|-crit|p1a: \u600e\u4e48\u4f1a\u6709\u8fd9\u4e48\u597d\u7528\u7684\u5b9d\u53ef\u68a6\n|-damage|p1a: \u600e\u4e48\u4f1a\u6709\u8fd9\u4e48\u597d\u7528\u7684\u5b9d\u53ef\u68a6|26\/100\n|move|p1a: \u600e\u4e48\u4f1a\u6709\u8fd9\u4e48\u597d\u7528\u7684\u5b9d\u53ef\u68a6|Salt Cure|p2a: Heatran\n|-damage|p2a: Heatran|91\/100\n|-start|p2a: Heatran|Salt Cure\n|\n|-heal|p2a: Heatran|97\/100|[from] item: Leftovers\n|-heal|p1a: \u600e\u4e48\u4f1a\u6709\u8fd9\u4e48\u597d\u7528\u7684\u5b9d\u53ef\u68a6|32\/100|[from] item: Leftovers\n|-damage|p2a: Heatran|73\/100|[from] Salt Cure\n|-damage|p1a: \u600e\u4e48\u4f1a\u6709\u8fd9\u4e48\u597d\u7528\u7684\u5b9d\u53ef\u68a6|20\/100|[from] move: Magma Storm|[partiallytrapped]\n|upkeep\n|turn|6\n|\n|t:|1700755849\n|move|p2a: Heatran|Earth Power|p1a: \u600e\u4e48\u4f1a\u6709\u8fd9\u4e48\u597d\u7528\u7684\u5b9d\u53ef\u68a6\n|-supereffective|p1a: \u600e\u4e48\u4f1a\u6709\u8fd9\u4e48\u597d\u7528\u7684\u5b9d\u53ef\u68a6\n|-damage|p1a: \u600e\u4e48\u4f1a\u6709\u8fd9\u4e48\u597d\u7528\u7684\u5b9d\u53ef\u68a6|0 fnt\n|faint|p1a: \u600e\u4e48\u4f1a\u6709\u8fd9\u4e48\u597d\u7528\u7684\u5b9d\u53ef\u68a6\n|\n|-heal|p2a: Heatran|79\/100|[from] item: Leftovers\n|-damage|p2a: Heatran|54\/100|[from] Salt Cure\n|upkeep\n|\n|t:|1700755852\n|switch|p1a: Clodsire|Clodsire, M|100\/100\n|turn|7\n|\n|t:|1700755859\n|switch|p2a: Vaporeon|Vaporeon, F|100\/100\n|move|p1a: Clodsire|Curse|p1a: Clodsire\n|-unboost|p1a: Clodsire|spe|1\n|-boost|p1a: Clodsire|atk|1\n|-boost|p1a: Clodsire|def|1\n|\n|upkeep\n|turn|8\n|\n|t:|1700755864\n|move|p2a: Vaporeon|Wish|p2a: Vaporeon\n|move|p1a: Clodsire|Toxic|p2a: Vaporeon\n|-status|p2a: Vaporeon|tox\n|\n|-damage|p2a: Vaporeon|94\/100 tox|[from] psn\n|upkeep\n|turn|9\n|\n|t:|1700755869\n|move|p2a: Vaporeon|Flip Turn|p1a: Clodsire\n|-supereffective|p1a: Clodsire\n|-damage|p1a: Clodsire|81\/100\n|\n|t:|1700755873\n|switch|p2a: Toxapex|Toxapex, F|100\/100|[from] Flip Turn\n|move|p1a: Clodsire|Earthquake|p2a: Toxapex\n|-supereffective|p2a: Toxapex\n|-damage|p2a: Toxapex|43\/100\n|\n|-heal|p2a: Toxapex|100\/100|[from] move: Wish|[wisher] Vaporeon\n|-heal|p1a: Clodsire|87\/100|[from] item: Leftovers\n|upkeep\n|turn|10\n|\n|t:|1700755881\n|move|p2a: Toxapex|Haze|p2a: Toxapex\n|-clearallboost\n|move|p1a: Clodsire|Earthquake|p2a: Toxapex\n|-supereffective|p2a: Toxapex\n|-damage|p2a: Toxapex|58\/100\n|\n|-heal|p2a: Toxapex|65\/100|[from] item: Leftovers\n|-heal|p1a: Clodsire|93\/100|[from] item: Leftovers\n|upkeep\n|turn|11\n|\n|t:|1700755887\n|switch|p1a: \u600e\u4e48\u4f1a\u6709\u8fd9\u4e48\u810f\u7684\u5b9d\u53ef\u68a6|Sableye-Mega, M|70\/100\n|move|p2a: Toxapex|Scald|p1a: \u600e\u4e48\u4f1a\u6709\u8fd9\u4e48\u810f\u7684\u5b9d\u53ef\u68a6\n|-damage|p1a: \u600e\u4e48\u4f1a\u6709\u8fd9\u4e48\u810f\u7684\u5b9d\u53ef\u68a6|59\/100\n|-status|p1a: \u600e\u4e48\u4f1a\u6709\u8fd9\u4e48\u810f\u7684\u5b9d\u53ef\u68a6|brn\n|\n|-heal|p2a: Toxapex|71\/100|[from] item: Leftovers\n|-damage|p1a: \u600e\u4e48\u4f1a\u6709\u8fd9\u4e48\u810f\u7684\u5b9d\u53ef\u68a6|53\/100 brn|[from] brn\n|upkeep\n|turn|12\n|\n|t:|1700755892\n|switch|p2a: Tsareena|Tsareena, F|53\/100\n|move|p1a: \u600e\u4e48\u4f1a\u6709\u8fd9\u4e48\u810f\u7684\u5b9d\u53ef\u68a6|Knock Off|p2a: Tsareena\n|-damage|p2a: Tsareena|43\/100\n|\n|-damage|p1a: \u600e\u4e48\u4f1a\u6709\u8fd9\u4e48\u810f\u7684\u5b9d\u53ef\u68a6|47\/100 brn|[from] brn\n|upkeep\n|turn|13\n|\n|t:|1700755899\n|move|p2a: Tsareena|Knock Off|p1a: \u600e\u4e48\u4f1a\u6709\u8fd9\u4e48\u810f\u7684\u5b9d\u53ef\u68a6\n|-damage|p1a: \u600e\u4e48\u4f1a\u6709\u8fd9\u4e48\u810f\u7684\u5b9d\u53ef\u68a6|28\/100 brn\n|move|p1a: \u600e\u4e48\u4f1a\u6709\u8fd9\u4e48\u810f\u7684\u5b9d\u53ef\u68a6|Pain Split|p2a: Tsareena\n|-sethp|p2a: Tsareena|33\/100|[from] move: Pain Split|[silent]\n|-sethp|p1a: \u600e\u4e48\u4f1a\u6709\u8fd9\u4e48\u810f\u7684\u5b9d\u53ef\u68a6|38\/100 brn|[from] move: Pain Split\n|\n|-damage|p1a: \u600e\u4e48\u4f1a\u6709\u8fd9\u4e48\u810f\u7684\u5b9d\u53ef\u68a6|32\/100 brn|[from] brn\n|upkeep\n|turn|14\n|\n|t:|1700755908\n|switch|p1a: \u600e\u4e48\u4f1a\u6709\u8fd9\u4e48\u53ef\u7231\u7684\u5b9d\u53ef\u68a6|Blissey, F|100\/100\n|move|p2a: Tsareena|Power Whip|p1a: \u600e\u4e48\u4f1a\u6709\u8fd9\u4e48\u53ef\u7231\u7684\u5b9d\u53ef\u68a6\n|-damage|p1a: \u600e\u4e48\u4f1a\u6709\u8fd9\u4e48\u53ef\u7231\u7684\u5b9d\u53ef\u68a6|47\/100\n|\n|-heal|p1a: \u600e\u4e48\u4f1a\u6709\u8fd9\u4e48\u53ef\u7231\u7684\u5b9d\u53ef\u68a6|53\/100|[from] item: Leftovers\n|upkeep\n|turn|15\n|\n|t:|1700755917\n|move|p2a: Tsareena|Power Whip|p1a: \u600e\u4e48\u4f1a\u6709\u8fd9\u4e48\u53ef\u7231\u7684\u5b9d\u53ef\u68a6\n|-damage|p1a: \u600e\u4e48\u4f1a\u6709\u8fd9\u4e48\u53ef\u7231\u7684\u5b9d\u53ef\u68a6|2\/100\n|move|p1a: \u600e\u4e48\u4f1a\u6709\u8fd9\u4e48\u53ef\u7231\u7684\u5b9d\u53ef\u68a6|Wish|p1a: \u600e\u4e48\u4f1a\u6709\u8fd9\u4e48\u53ef\u7231\u7684\u5b9d\u53ef\u68a6\n|\n|-heal|p1a: \u600e\u4e48\u4f1a\u6709\u8fd9\u4e48\u53ef\u7231\u7684\u5b9d\u53ef\u68a6|8\/100|[from] item: Leftovers\n|upkeep\n|turn|16\n|\n|t:|1700755924\n|move|p1a: \u600e\u4e48\u4f1a\u6709\u8fd9\u4e48\u53ef\u7231\u7684\u5b9d\u53ef\u68a6|Protect|p1a: \u600e\u4e48\u4f1a\u6709\u8fd9\u4e48\u53ef\u7231\u7684\u5b9d\u53ef\u68a6\n|-singleturn|p1a: \u600e\u4e48\u4f1a\u6709\u8fd9\u4e48\u53ef\u7231\u7684\u5b9d\u53ef\u68a6|Protect\n|move|p2a: Tsareena|Knock Off|p1a: \u600e\u4e48\u4f1a\u6709\u8fd9\u4e48\u53ef\u7231\u7684\u5b9d\u53ef\u68a6\n|-activate|p1a: \u600e\u4e48\u4f1a\u6709\u8fd9\u4e48\u53ef\u7231\u7684\u5b9d\u53ef\u68a6|move: Protect\n|\n|-heal|p1a: \u600e\u4e48\u4f1a\u6709\u8fd9\u4e48\u53ef\u7231\u7684\u5b9d\u53ef\u68a6|58\/100|[from] move: Wish|[wisher] \u600e\u4e48\u4f1a\u6709\u8fd9\u4e48\u53ef\u7231\u7684\u5b9d\u53ef\u68a6\n|-heal|p1a: \u600e\u4e48\u4f1a\u6709\u8fd9\u4e48\u53ef\u7231\u7684\u5b9d\u53ef\u68a6|64\/100|[from] item: Leftovers\n|upkeep\n|turn|17\n|\n|t:|1700755930\n|move|p2a: Tsareena|Knock Off|p1a: \u600e\u4e48\u4f1a\u6709\u8fd9\u4e48\u53ef\u7231\u7684\u5b9d\u53ef\u68a6\n|-damage|p1a: \u600e\u4e48\u4f1a\u6709\u8fd9\u4e48\u53ef\u7231\u7684\u5b9d\u53ef\u68a6|36\/100\n|-enditem|p1a: \u600e\u4e48\u4f1a\u6709\u8fd9\u4e48\u53ef\u7231\u7684\u5b9d\u53ef\u68a6|Leftovers|[from] move: Knock Off|[of] p2a: Tsareena\n|move|p1a: \u600e\u4e48\u4f1a\u6709\u8fd9\u4e48\u53ef\u7231\u7684\u5b9d\u53ef\u68a6|Wish|p1a: \u600e\u4e48\u4f1a\u6709\u8fd9\u4e48\u53ef\u7231\u7684\u5b9d\u53ef\u68a6\n|\n|upkeep\n|turn|18\n|\n|t:|1700755942\n|switch|p2a: Vaporeon|Vaporeon, F|94\/100 tox\n|move|p1a: \u600e\u4e48\u4f1a\u6709\u8fd9\u4e48\u53ef\u7231\u7684\u5b9d\u53ef\u68a6|Protect||[still]\n|-fail|p1a: \u600e\u4e48\u4f1a\u6709\u8fd9\u4e48\u53ef\u7231\u7684\u5b9d\u53ef\u68a6\n|\n|-heal|p1a: \u600e\u4e48\u4f1a\u6709\u8fd9\u4e48\u53ef\u7231\u7684\u5b9d\u53ef\u68a6|86\/100|[from] move: Wish|[wisher] \u600e\u4e48\u4f1a\u6709\u8fd9\u4e48\u53ef\u7231\u7684\u5b9d\u53ef\u68a6\n|-heal|p2a: Vaporeon|100\/100 tox|[from] item: Leftovers\n|-damage|p2a: Vaporeon|94\/100 tox|[from] psn\n|upkeep\n|turn|19\n|\n|t:|1700755947\n|move|p2a: Vaporeon|Wish|p2a: Vaporeon\n|move|p1a: \u600e\u4e48\u4f1a\u6709\u8fd9\u4e48\u53ef\u7231\u7684\u5b9d\u53ef\u68a6|Wish|p1a: \u600e\u4e48\u4f1a\u6709\u8fd9\u4e48\u53ef\u7231\u7684\u5b9d\u53ef\u68a6\n|\n|-heal|p2a: Vaporeon|100\/100 tox|[from] item: Leftovers\n|-damage|p2a: Vaporeon|88\/100 tox|[from] psn\n|upkeep\n|turn|20\n|\n|t:|1700755951\n|switch|p2a: Tsareena|Tsareena, F|33\/100\n|switch|p1a: \u600e\u4e48\u4f1a\u6709\u8fd9\u4e48\u810f\u7684\u5b9d\u53ef\u68a6|Sableye-Mega, M|32\/100 brn\n|\n|-heal|p2a: Tsareena|98\/100|[from] move: Wish|[wisher] Vaporeon\n|-heal|p1a: \u600e\u4e48\u4f1a\u6709\u8fd9\u4e48\u810f\u7684\u5b9d\u53ef\u68a6|100\/100 brn|[from] move: Wish|[wisher] \u600e\u4e48\u4f1a\u6709\u8fd9\u4e48\u53ef\u7231\u7684\u5b9d\u53ef\u68a6\n|-damage|p1a: \u600e\u4e48\u4f1a\u6709\u8fd9\u4e48\u810f\u7684\u5b9d\u53ef\u68a6|95\/100 brn|[from] brn\n|upkeep\n|turn|21\n|\n|t:|1700755959\n|move|p2a: Tsareena|Power Whip|p1a: \u600e\u4e48\u4f1a\u6709\u8fd9\u4e48\u810f\u7684\u5b9d\u53ef\u68a6|[miss]\n|-miss|p2a: Tsareena|p1a: \u600e\u4e48\u4f1a\u6709\u8fd9\u4e48\u810f\u7684\u5b9d\u53ef\u68a6\n|move|p1a: \u600e\u4e48\u4f1a\u6709\u8fd9\u4e48\u810f\u7684\u5b9d\u53ef\u68a6|Will-O-Wisp|p2a: Tsareena\n|-status|p2a: Tsareena|brn\n|\n|-damage|p2a: Tsareena|92\/100 brn|[from] brn\n|-damage|p1a: \u600e\u4e48\u4f1a\u6709\u8fd9\u4e48\u810f\u7684\u5b9d\u53ef\u68a6|89\/100 brn|[from] brn\n|upkeep\n|turn|22\n|\n|t:|1700755969\n|switch|p1a: \u600e\u4e48\u4f1a\u6709\u8fd9\u4e48\u80fd\u56de\u8840\u7684\u5b9d\u53ef\u68a6|Toxapex, F|100\/100\n|move|p2a: Tsareena|U-turn|p1a: \u600e\u4e48\u4f1a\u6709\u8fd9\u4e48\u80fd\u56de\u8840\u7684\u5b9d\u53ef\u68a6\n|-resisted|p1a: \u600e\u4e48\u4f1a\u6709\u8fd9\u4e48\u80fd\u56de\u8840\u7684\u5b9d\u53ef\u68a6\n|-damage|p1a: \u600e\u4e48\u4f1a\u6709\u8fd9\u4e48\u80fd\u56de\u8840\u7684\u5b9d\u53ef\u68a6|97\/100\n|-damage|p2a: Tsareena|76\/100 brn|[from] item: Rocky Helmet|[of] p1a: \u600e\u4e48\u4f1a\u6709\u8fd9\u4e48\u80fd\u56de\u8840\u7684\u5b9d\u53ef\u68a6\n|\n|t:|1700755977\n|switch|p2a: Vaporeon|Vaporeon, F|88\/100 tox|[from] U-turn\n|\n|-heal|p2a: Vaporeon|94\/100 tox|[from] item: Leftovers\n|-damage|p2a: Vaporeon|88\/100 tox|[from] psn\n|upkeep\n|turn|23\n|\n|t:|1700755982\n|move|p2a: Vaporeon|Wish|p2a: Vaporeon\n|move|p1a: \u600e\u4e48\u4f1a\u6709\u8fd9\u4e48\u80fd\u56de\u8840\u7684\u5b9d\u53ef\u68a6|Knock Off|p2a: Vaporeon\n|-damage|p2a: Vaporeon|78\/100 tox\n|-enditem|p2a: Vaporeon|Leftovers|[from] move: Knock Off|[of] p1a: \u600e\u4e48\u4f1a\u6709\u8fd9\u4e48\u80fd\u56de\u8840\u7684\u5b9d\u53ef\u68a6\n|\n|-damage|p2a: Vaporeon|66\/100 tox|[from] psn\n|upkeep\n|turn|24\n|\n|t:|1700755987\n|move|p2a: Vaporeon|Flip Turn|p1a: \u600e\u4e48\u4f1a\u6709\u8fd9\u4e48\u80fd\u56de\u8840\u7684\u5b9d\u53ef\u68a6\n|-resisted|p1a: \u600e\u4e48\u4f1a\u6709\u8fd9\u4e48\u80fd\u56de\u8840\u7684\u5b9d\u53ef\u68a6\n|-damage|p1a: \u600e\u4e48\u4f1a\u6709\u8fd9\u4e48\u80fd\u56de\u8840\u7684\u5b9d\u53ef\u68a6|93\/100\n|-damage|p2a: Vaporeon|49\/100 tox|[from] item: Rocky Helmet|[of] p1a: \u600e\u4e48\u4f1a\u6709\u8fd9\u4e48\u80fd\u56de\u8840\u7684\u5b9d\u53ef\u68a6\n|\n|t:|1700755992\n|switch|p2a: Heatran|Heatran, M|54\/100|[from] Flip Turn\n|move|p1a: \u600e\u4e48\u4f1a\u6709\u8fd9\u4e48\u80fd\u56de\u8840\u7684\u5b9d\u53ef\u68a6|Scald|p2a: Heatran\n|-supereffective|p2a: Heatran\n|-damage|p2a: Heatran|27\/100\n|\n|-heal|p2a: Heatran|86\/100|[from] move: Wish|[wisher] Vaporeon\n|-heal|p2a: Heatran|92\/100|[from] item: Leftovers\n|upkeep\n|turn|25\n|\n|t:|1700756003\n|move|p2a: Heatran|Magma Storm|p1a: \u600e\u4e48\u4f1a\u6709\u8fd9\u4e48\u80fd\u56de\u8840\u7684\u5b9d\u53ef\u68a6\n|-resisted|p1a: \u600e\u4e48\u4f1a\u6709\u8fd9\u4e48\u80fd\u56de\u8840\u7684\u5b9d\u53ef\u68a6\n|-damage|p1a: \u600e\u4e48\u4f1a\u6709\u8fd9\u4e48\u80fd\u56de\u8840\u7684\u5b9d\u53ef\u68a6|74\/100\n|-activate|p1a: \u600e\u4e48\u4f1a\u6709\u8fd9\u4e48\u80fd\u56de\u8840\u7684\u5b9d\u53ef\u68a6|move: Magma Storm|[of] p2a: Heatran\n|move|p1a: \u600e\u4e48\u4f1a\u6709\u8fd9\u4e48\u80fd\u56de\u8840\u7684\u5b9d\u53ef\u68a6|Knock Off|p2a: Heatran\n|-damage|p2a: Heatran|84\/100\n|-status|p1a: \u600e\u4e48\u4f1a\u6709\u8fd9\u4e48\u80fd\u56de\u8840\u7684\u5b9d\u53ef\u68a6|brn|[from] ability: Flame Body|[of] p2a: Heatran\n|-enditem|p2a: Heatran|Leftovers|[from] move: Knock Off|[of] p1a: \u600e\u4e48\u4f1a\u6709\u8fd9\u4e48\u80fd\u56de\u8840\u7684\u5b9d\u53ef\u68a6\n|\n|-damage|p1a: \u600e\u4e48\u4f1a\u6709\u8fd9\u4e48\u80fd\u56de\u8840\u7684\u5b9d\u53ef\u68a6|68\/100 brn|[from] brn\n|-damage|p1a: \u600e\u4e48\u4f1a\u6709\u8fd9\u4e48\u80fd\u56de\u8840\u7684\u5b9d\u53ef\u68a6|56\/100 brn|[from] move: Magma Storm|[partiallytrapped]\n|upkeep\n|turn|26\n|\n|t:|1700756010\n|move|p2a: Heatran|Earth Power|p1a: \u600e\u4e48\u4f1a\u6709\u8fd9\u4e48\u80fd\u56de\u8840\u7684\u5b9d\u53ef\u68a6\n|-supereffective|p1a: \u600e\u4e48\u4f1a\u6709\u8fd9\u4e48\u80fd\u56de\u8840\u7684\u5b9d\u53ef\u68a6\n|-damage|p1a: \u600e\u4e48\u4f1a\u6709\u8fd9\u4e48\u80fd\u56de\u8840\u7684\u5b9d\u53ef\u68a6|12\/100 brn\n|-unboost|p1a: \u600e\u4e48\u4f1a\u6709\u8fd9\u4e48\u80fd\u56de\u8840\u7684\u5b9d\u53ef\u68a6|spd|1\n|move|p1a: \u600e\u4e48\u4f1a\u6709\u8fd9\u4e48\u80fd\u56de\u8840\u7684\u5b9d\u53ef\u68a6|Recover|p1a: \u600e\u4e48\u4f1a\u6709\u8fd9\u4e48\u80fd\u56de\u8840\u7684\u5b9d\u53ef\u68a6\n|-heal|p1a: \u600e\u4e48\u4f1a\u6709\u8fd9\u4e48\u80fd\u56de\u8840\u7684\u5b9d\u53ef\u68a6|63\/100 brn\n|\n|-damage|p1a: \u600e\u4e48\u4f1a\u6709\u8fd9\u4e48\u80fd\u56de\u8840\u7684\u5b9d\u53ef\u68a6|57\/100 brn|[from] brn\n|-damage|p1a: \u600e\u4e48\u4f1a\u6709\u8fd9\u4e48\u80fd\u56de\u8840\u7684\u5b9d\u53ef\u68a6|44\/100 brn|[from] move: Magma Storm|[partiallytrapped]\n|upkeep\n|turn|27\n|\n|t:|1700756017\n|move|p2a: Heatran|Earth Power|p1a: \u600e\u4e48\u4f1a\u6709\u8fd9\u4e48\u80fd\u56de\u8840\u7684\u5b9d\u53ef\u68a6\n|-supereffective|p1a: \u600e\u4e48\u4f1a\u6709\u8fd9\u4e48\u80fd\u56de\u8840\u7684\u5b9d\u53ef\u68a6\n|-damage|p1a: \u600e\u4e48\u4f1a\u6709\u8fd9\u4e48\u80fd\u56de\u8840\u7684\u5b9d\u53ef\u68a6|0 fnt\n|faint|p1a: \u600e\u4e48\u4f1a\u6709\u8fd9\u4e48\u80fd\u56de\u8840\u7684\u5b9d\u53ef\u68a6\n|\n|upkeep\n|-message|xiaoxianzuishuaile forfeited.\n|\n|win|0xyt0c1njunk1e\n|raw|xiaoxianzuishuaile's rating: 1582 &rarr; <strong>1558<\/strong><br \/>(-24 for losing)\n|raw|0xyt0c1njunk1e's rating: 1509 &rarr; <strong>1533<\/strong><br \/>(+24 for winning)\n|l|\u2606xiaoxianzuishuaile\n|l|\u26060xyt0c1njunk1e\n|j|\u26060xyt0c1njunk1e\n|player|p2|0xyt0c1njunk1e|iris\n","uploadtime":1700756247,"views":1,"p1id":"xiaoxianzuishuaile","p2id":"0xyt0c1njunk1e","formatid":"gen9nationaldex","rating":1533,"private":0,"password":""}