{"id":"gen9nationaldex-1998716357","p1":"skrow siht","p2":"xaviersobased","format":"[Gen 9] National Dex","log":"|html|<div class=\"broadcast-blue\"><strong>[Gen 9] National Dex is currently suspecting Sneasler! For information on how to participate check out the <a href=\"https:\/\/www.smogon.com\/forums\/threads\/sv-national-dex-suspect-8-just-dance.3731534\/\">suspect thread<\/a>.<\/strong><\/div>\n|j|\u2606skrow siht\n|j|\u2606xaviersobased\n|t:|1700976974\n|gametype|singles\n|player|p1|skrow siht|nate|1316\n|player|p2|xaviersobased|caitlin|1371\n|teamsize|p1|6\n|teamsize|p2|6\n|gen|9\n|tier|[Gen 9] National Dex\n|rated|\n|rule|HP Percentage Mod: HP is shown in percentages\n|rule|Endless Battle Clause: Forcing endless battles is banned\n|rule|OHKO Clause: OHKO moves are banned\n|rule|Evasion Clause: Evasion abilities, items, and moves are banned\n|rule|Evasion Abilities Clause: Evasion abilities are banned\n|rule|Evasion Items Clause: Evasion items are banned\n|rule|Evasion Moves Clause: Evasion moves are banned\n|rule|Species Clause: Limit one of each Pok\u00e9mon\n|rule|Sleep Clause Mod: Limit one foe put to sleep\n|clearpoke\n|poke|p1|Iron Moth|\n|poke|p1|Tapu Koko|\n|poke|p1|Great Tusk|\n|poke|p1|Slowbro, M|\n|poke|p1|Bisharp, F|\n|poke|p1|Clodsire, F|\n|poke|p2|Porygon-Z|\n|poke|p2|Slowking-Galar, F|\n|poke|p2|Iron Valiant|\n|poke|p2|Dragonite, F|\n|poke|p2|Tornadus-Therian, M|\n|poke|p2|Heatran, F|\n|teampreview\n|inactive|Battle timer is ON: inactive players will automatically lose when time's up. (requested by skrow siht)\n|inactive|xaviersobased has 120 seconds left.\n|\n|t:|1700977009\n|start\n|switch|p1a: Clodsire|Clodsire, F|100\/100\n|switch|p2a: Porygon-Z|Porygon-Z|100\/100\n|turn|1\n|\n|t:|1700977016\n|move|p2a: Porygon-Z|Ice Beam|p1a: Clodsire\n|-supereffective|p1a: Clodsire\n|-damage|p1a: Clodsire|66\/100\n|move|p1a: Clodsire|Spikes|p2a: Porygon-Z\n|-sidestart|p2: xaviersobased|Spikes\n|\n|-heal|p1a: Clodsire|72\/100|[from] item: Leftovers\n|upkeep\n|turn|2\n|\n|t:|1700977023\n|switch|p2a: Tornadus|Tornadus-Therian, M|100\/100\n|move|p1a: Clodsire|Recover|p1a: Clodsire\n|-heal|p1a: Clodsire|100\/100\n|\n|upkeep\n|turn|3\n|\n|t:|1700977026\n|move|p2a: Tornadus|Defog|p1a: Clodsire\n|-unboost|p1a: Clodsire|evasion|1\n|-sideend|p2: xaviersobased|Spikes|[from] move: Defog|[of] p2a: Tornadus\n|move|p1a: Clodsire|Poison Jab|p2a: Tornadus\n|-damage|p2a: Tornadus|77\/100\n|-status|p2a: Tornadus|psn\n|\n|-damage|p2a: Tornadus|65\/100 psn|[from] psn\n|upkeep\n|turn|4\n|\n|t:|1700977032\n|move|p2a: Tornadus|U-turn|p1a: Clodsire\n|-resisted|p1a: Clodsire\n|-damage|p1a: Clodsire|93\/100\n|\n|t:|1700977042\n|switch|p2a: Slowking|Slowking-Galar, F|100\/100|[from] U-turn\n|move|p1a: Clodsire|Spikes|p2a: Slowking\n|-sidestart|p2: xaviersobased|Spikes\n|\n|-heal|p1a: Clodsire|99\/100|[from] item: Leftovers\n|upkeep\n|turn|5\n|\n|t:|1700977049\n|move|p2a: Slowking|Iron Defense|p2a: Slowking\n|-boost|p2a: Slowking|def|2\n|move|p1a: Clodsire|Spikes|p2a: Slowking\n|-sidestart|p2: xaviersobased|Spikes\n|\n|-heal|p1a: Clodsire|100\/100|[from] item: Leftovers\n|upkeep\n|turn|6\n|\n|t:|1700977061\n|switch|p1a: Bisharp|Bisharp, F|100\/100\n|move|p2a: Slowking|Calm Mind|p2a: Slowking\n|-boost|p2a: Slowking|spa|1\n|-boost|p2a: Slowking|spd|1\n|\n|upkeep\n|turn|7\n|\n|t:|1700977084\n|move|p1a: Bisharp|Knock Off|p2a: Slowking\n|-supereffective|p2a: Slowking\n|-damage|p2a: Slowking|59\/100\n|-enditem|p2a: Slowking|Black Sludge|[from] move: Knock Off|[of] p1a: Bisharp\n|move|p2a: Slowking|Iron Defense|p2a: Slowking\n|-boost|p2a: Slowking|def|2\n|\n|upkeep\n|turn|8\n|\n|t:|1700977089\n|move|p1a: Bisharp|Knock Off|p2a: Slowking\n|-supereffective|p2a: Slowking\n|-damage|p2a: Slowking|39\/100\n|move|p2a: Slowking|Slack Off|p2a: Slowking\n|-heal|p2a: Slowking|89\/100\n|\n|upkeep\n|turn|9\n|\n|t:|1700977091\n|move|p1a: Bisharp|Knock Off|p2a: Slowking\n|-supereffective|p2a: Slowking\n|-damage|p2a: Slowking|69\/100\n|move|p2a: Slowking|Iron Defense|p2a: Slowking\n|-boost|p2a: Slowking|def|2\n|\n|upkeep\n|turn|10\n|\n|t:|1700977095\n|move|p1a: Bisharp|Knock Off|p2a: Slowking\n|-supereffective|p2a: Slowking\n|-damage|p2a: Slowking|54\/100\n|move|p2a: Slowking|Slack Off|p2a: Slowking\n|-heal|p2a: Slowking|100\/100\n|\n|upkeep\n|turn|11\n|\n|t:|1700977101\n|move|p1a: Bisharp|Knock Off|p2a: Slowking\n|-supereffective|p2a: Slowking\n|-damage|p2a: Slowking|86\/100\n|move|p2a: Slowking|Calm Mind|p2a: Slowking\n|-boost|p2a: Slowking|spa|1\n|-boost|p2a: Slowking|spd|1\n|\n|upkeep\n|turn|12\n|\n|t:|1700977104\n|move|p1a: Bisharp|Knock Off|p2a: Slowking\n|-supereffective|p2a: Slowking\n|-damage|p2a: Slowking|71\/100\n|move|p2a: Slowking|Calm Mind|p2a: Slowking\n|-boost|p2a: Slowking|spa|1\n|-boost|p2a: Slowking|spd|1\n|\n|upkeep\n|turn|13\n|\n|t:|1700977106\n|move|p1a: Bisharp|Knock Off|p2a: Slowking\n|-supereffective|p2a: Slowking\n|-damage|p2a: Slowking|55\/100\n|move|p2a: Slowking|Calm Mind|p2a: Slowking\n|-boost|p2a: Slowking|spa|1\n|-boost|p2a: Slowking|spd|1\n|\n|upkeep\n|turn|14\n|\n|t:|1700977108\n|move|p1a: Bisharp|Knock Off|p2a: Slowking\n|-supereffective|p2a: Slowking\n|-damage|p2a: Slowking|40\/100\n|move|p2a: Slowking|Calm Mind|p2a: Slowking\n|-boost|p2a: Slowking|spa|1\n|-boost|p2a: Slowking|spd|1\n|\n|upkeep\n|turn|15\n|\n|t:|1700977114\n|move|p1a: Bisharp|Knock Off|p2a: Slowking\n|-supereffective|p2a: Slowking\n|-damage|p2a: Slowking|24\/100\n|move|p2a: Slowking|Calm Mind|p2a: Slowking\n|-boost|p2a: Slowking|spa|1\n|-boost|p2a: Slowking|spd|1\n|\n|upkeep\n|turn|16\n|\n|t:|1700977116\n|move|p1a: Bisharp|Knock Off|p2a: Slowking\n|-supereffective|p2a: Slowking\n|-damage|p2a: Slowking|9\/100\n|move|p2a: Slowking|Slack Off|p2a: Slowking\n|-heal|p2a: Slowking|59\/100\n|\n|upkeep\n|turn|17\n|\n|t:|1700977126\n|-terastallize|p2a: Slowking|Water\n|move|p1a: Bisharp|Knock Off|p2a: Slowking\n|-damage|p2a: Slowking|51\/100\n|move|p2a: Slowking|Iron Defense|p2a: Slowking\n|-boost|p2a: Slowking|def|0\n|\n|upkeep\n|turn|18\n|\n|t:|1700977133\n|move|p1a: Bisharp|Pursuit|p2a: Slowking\n|-damage|p2a: Slowking|46\/100\n|move|p2a: Slowking|Iron Defense|p2a: Slowking\n|-boost|p2a: Slowking|def|0\n|\n|upkeep\n|turn|19\n|\n|t:|1700977137\n|move|p1a: Bisharp|Pursuit|p2a: Slowking\n|-damage|p2a: Slowking|42\/100\n|move|p2a: Slowking|Calm Mind|p2a: Slowking\n|-boost|p2a: Slowking|spa|0\n|-boost|p2a: Slowking|spd|0\n|\n|upkeep\n|turn|20\n|\n|t:|1700977139\n|move|p1a: Bisharp|Pursuit|p2a: Slowking\n|-damage|p2a: Slowking|37\/100\n|move|p2a: Slowking|Calm Mind|p2a: Slowking\n|-boost|p2a: Slowking|spa|0\n|-boost|p2a: Slowking|spd|0\n|\n|upkeep\n|turn|21\n|\n|t:|1700977141\n|move|p1a: Bisharp|Pursuit|p2a: Slowking\n|-damage|p2a: Slowking|32\/100\n|move|p2a: Slowking|Iron Defense|p2a: Slowking\n|-boost|p2a: Slowking|def|0\n|\n|upkeep\n|turn|22\n|\n|t:|1700977144\n|move|p1a: Bisharp|Pursuit|p2a: Slowking\n|-damage|p2a: Slowking|28\/100\n|move|p2a: Slowking|Calm Mind|p2a: Slowking\n|-boost|p2a: Slowking|spa|0\n|-boost|p2a: Slowking|spd|0\n|\n|upkeep\n|turn|23\n|\n|t:|1700977150\n|move|p1a: Bisharp|Pursuit|p2a: Slowking\n|-damage|p2a: Slowking|22\/100\n|move|p2a: Slowking|Calm Mind|p2a: Slowking\n|-boost|p2a: Slowking|spa|0\n|-boost|p2a: Slowking|spd|0\n|\n|upkeep\n|turn|24\n|\n|t:|1700977166\n|move|p1a: Bisharp|Pursuit|p2a: Slowking\n|-damage|p2a: Slowking|18\/100\n|move|p2a: Slowking|Slack Off|p2a: Slowking\n|-heal|p2a: Slowking|68\/100\n|\n|upkeep\n|turn|25\n|\n|t:|1700977169\n|move|p1a: Bisharp|Pursuit|p2a: Slowking\n|-damage|p2a: Slowking|63\/100\n|move|p2a: Slowking|Slack Off|p2a: Slowking\n|-heal|p2a: Slowking|100\/100\n|\n|upkeep\n|turn|26\n|\n|t:|1700977172\n|-activate|p2a: Slowking|move: Pursuit\n|move|p1a: Bisharp|Pursuit|p2a: Slowking|[from]Pursuit\n|-crit|p2a: Slowking\n|-damage|p2a: Slowking|46\/100\n|switch|p2a: Iron Valiant|Iron Valiant|100\/100\n|-damage|p2a: Iron Valiant|84\/100|[from] Spikes\n|-enditem|p2a: Iron Valiant|Booster Energy\n|-activate|p2a: Iron Valiant|ability: Quark Drive|[fromitem]\n|-start|p2a: Iron Valiant|quarkdrivespe\n|\n|upkeep\n|turn|27\n|\n|t:|1700977195\n|switch|p1a: Slowbro|Slowbro, M|100\/100\n|move|p2a: Iron Valiant|Close Combat|p1a: Slowbro\n|-resisted|p1a: Slowbro\n|-damage|p1a: Slowbro|80\/100\n|-unboost|p2a: Iron Valiant|def|1\n|-unboost|p2a: Iron Valiant|spd|1\n|\n|upkeep\n|turn|28\n|\n|t:|1700977213\n|-end|p2a: Iron Valiant|Quark Drive|[silent]\n|switch|p2a: Tornadus|Tornadus-Therian, M|98\/100 psn\n|move|p1a: Slowbro|Future Sight|p2a: Tornadus\n|-start|p1a: Slowbro|move: Future Sight\n|\n|-damage|p2a: Tornadus|85\/100 psn|[from] psn\n|upkeep\n|turn|29\n|\n|t:|1700977217\n|move|p2a: Tornadus|U-turn|p1a: Slowbro\n|-supereffective|p1a: Slowbro\n|-damage|p1a: Slowbro|57\/100\n|\n|t:|1700977227\n|switch|p2a: Heatran|Heatran, F|100\/100|[from] U-turn\n|-damage|p2a: Heatran|84\/100|[from] Spikes\n|move|p1a: Slowbro|Ice Beam|p2a: Heatran\n|-resisted|p2a: Heatran\n|-damage|p2a: Heatran|78\/100\n|-status|p2a: Heatran|frz\n|\n|-heal|p2a: Heatran|84\/100 frz|[from] item: Leftovers\n|upkeep\n|turn|30\n|-message|xaviersobased forfeited.\n|\n|win|skrow siht\n|raw|skrow siht's rating: 1316 &rarr; <strong>1339<\/strong><br \/>(+23 for winning)\n|raw|xaviersobased's rating: 1371 &rarr; <strong>1348<\/strong><br \/>(-23 for losing)\n|l|\u2606skrow siht\n","uploadtime":1700978134,"views":1,"p1id":"skrowsiht","p2id":"xaviersobased","formatid":"gen9nationaldex","rating":1339,"private":0,"password":""}