{"id":"gen9nationaldex-1994459539","p1":"RunningPoet","p2":"FirstStageofGrief","format":"[Gen 9] National Dex","log":"|j|\u2606RunningPoet\n|j|\u2606FirstStageofGrief\n|t:|1700446364\n|gametype|singles\n|player|p1|RunningPoet|265|1160\n|player|p2|FirstStageofGrief|shelly|1073\n|teamsize|p1|6\n|teamsize|p2|6\n|gen|9\n|tier|[Gen 9] National Dex\n|rated|\n|rule|HP Percentage Mod: HP is shown in percentages\n|rule|Endless Battle Clause: Forcing endless battles is banned\n|rule|OHKO Clause: OHKO moves are banned\n|rule|Evasion Clause: Evasion abilities, items, and moves are banned\n|rule|Evasion Abilities Clause: Evasion abilities are banned\n|rule|Evasion Items Clause: Evasion items are banned\n|rule|Evasion Moves Clause: Evasion moves are banned\n|rule|Species Clause: Limit one of each Pok\u00e9mon\n|rule|Sleep Clause Mod: Limit one foe put to sleep\n|clearpoke\n|poke|p1|Garchomp, F|\n|poke|p1|Banette, M|\n|poke|p1|Chesnaught, M|\n|poke|p1|Latios, M|\n|poke|p1|Great Tusk|\n|poke|p1|Urshifu-*, M|\n|poke|p2|Torterra, M|\n|poke|p2|Infernape, M|\n|poke|p2|Empoleon, F|\n|poke|p2|Mamoswine, M|\n|poke|p2|Rampardos, M|\n|poke|p2|Gallade, M|\n|teampreview\n|inactive|Battle timer is ON: inactive players will automatically lose when time's up. (requested by RunningPoet)\n|\n|t:|1700446373\n|start\n|switch|p1a: Banette|Banette, M|100\/100\n|switch|p2a: Rampardos|Rampardos, M|100\/100\n|-item|p2a: Rampardos|Life Orb|[from] ability: Frisk|[of] p1a: Banette|[identify]\n|turn|1\n|\n|t:|1700446380\n|detailschange|p1a: Banette|Banette-Mega, M\n|-mega|p1a: Banette|Banette|Banettite\n|move|p1a: Banette|Taunt|p2a: Rampardos\n|-start|p2a: Rampardos|move: Taunt\n|cant|p2a: Rampardos|move: Taunt|Rock Polish\n|\n|upkeep\n|turn|2\n|\n|t:|1700446392\n|move|p2a: Rampardos|Rock Slide|p1a: Banette\n|-damage|p1a: Banette|0 fnt\n|faint|p1a: Banette\n|\n|upkeep\n|\n|t:|1700446403\n|switch|p1a: Garchomp|Garchomp, F|100\/100\n|turn|3\n|\n|t:|1700446407\n|move|p1a: Garchomp|Swords Dance|p1a: Garchomp\n|-boost|p1a: Garchomp|atk|2\n|move|p2a: Rampardos|Zen Headbutt|p1a: Garchomp|[miss]\n|-miss|p2a: Rampardos|p1a: Garchomp\n|\n|-end|p2a: Rampardos|move: Taunt\n|upkeep\n|turn|4\n|\n|t:|1700446420\n|move|p1a: Garchomp|Earthquake|p2a: Rampardos\n|-supereffective|p2a: Rampardos\n|-damage|p2a: Rampardos|0 fnt\n|faint|p2a: Rampardos\n|\n|upkeep\n|\n|t:|1700446428\n|switch|p2a: Mamoswine|Mamoswine, M|100\/100\n|turn|5\n|\n|t:|1700446433\n|-terastallize|p1a: Garchomp|Steel\n|move|p1a: Garchomp|Iron Head|p2a: Mamoswine\n|-supereffective|p2a: Mamoswine\n|-damage|p2a: Mamoswine|0 fnt\n|faint|p2a: Mamoswine\n|\n|upkeep\n|\n|t:|1700446439\n|switch|p2a: Infernape|Infernape, M|100\/100\n|turn|6\n|\n|t:|1700446456\n|move|p2a: Infernape|Drain Punch|p1a: Garchomp\n|-supereffective|p1a: Garchomp\n|-damage|p1a: Garchomp|18\/100\n|-damage|p2a: Infernape|88\/100|[from] ability: Rough Skin|[of] p1a: Garchomp\n|move|p1a: Garchomp|Earthquake|p2a: Infernape\n|-supereffective|p2a: Infernape\n|-damage|p2a: Infernape|0 fnt\n|faint|p2a: Infernape\n|\n|upkeep\n|\n|t:|1700446459\n|switch|p2a: Empoleon|Empoleon, F|100\/100\n|turn|7\n|\n|t:|1700446467\n|move|p1a: Garchomp|Earthquake|p2a: Empoleon\n|-supereffective|p2a: Empoleon\n|-damage|p2a: Empoleon|0 fnt\n|faint|p2a: Empoleon\n|\n|upkeep\n|\n|t:|1700446472\n|switch|p2a: Torterra|Torterra, M|100\/100\n|turn|8\n|\n|t:|1700446479\n|move|p1a: Garchomp|Iron Head|p2a: Torterra\n|-damage|p2a: Torterra|11\/100\n|cant|p2a: Torterra|flinch\n|\n|upkeep\n|turn|9\n|c|\u2606FirstStageofGrief|OH COME ON\n|\n|t:|1700446489\n|move|p1a: Garchomp|Iron Head|p2a: Torterra\n|-damage|p2a: Torterra|0 fnt\n|faint|p2a: Torterra\n|\n|upkeep\n|\n|t:|1700446492\n|switch|p2a: Gallade|Gallade, M|100\/100\n|turn|10\n|\n|t:|1700446497\n|move|p1a: Garchomp|Earthquake|p2a: Gallade\n|-damage|p2a: Gallade|0 fnt\n|faint|p2a: Gallade\n|\n|win|RunningPoet\n|raw|RunningPoet's rating: 1160 &rarr; <strong>1179<\/strong><br \/>(+19 for winning)\n|raw|FirstStageofGrief's rating: 1073 &rarr; <strong>1057<\/strong><br \/>(-16 for losing)\n|c|\u2606FirstStageofGrief|gg\n|c|\u2606RunningPoet|gg\n|l|\u2606FirstStageofGrief\n","uploadtime":1700446512,"views":5,"p1id":"runningpoet","p2id":"firststageofgrief","formatid":"gen9nationaldex","rating":1057,"private":0,"password":""}