{"id":"gen9nationaldex-1990199767","p1":"kitmash","p2":"bazhuyu","format":"[Gen 9] National Dex","log":"|j|\u2606kitmash\n|j|\u2606bazhuyu\n|t:|1699936328\n|gametype|singles\n|player|p1|kitmash|170|1487\n|player|p2|bazhuyu|266|1494\n|teamsize|p1|6\n|teamsize|p2|6\n|gen|9\n|tier|[Gen 9] National Dex\n|rated|\n|rule|HP Percentage Mod: HP is shown in percentages\n|rule|Endless Battle Clause: Forcing endless battles is banned\n|rule|OHKO Clause: OHKO moves are banned\n|rule|Evasion Clause: Evasion abilities, items, and moves are banned\n|rule|Evasion Abilities Clause: Evasion abilities are banned\n|rule|Evasion Items Clause: Evasion items are banned\n|rule|Evasion Moves Clause: Evasion moves are banned\n|rule|Species Clause: Limit one of each Pok\u00e9mon\n|rule|Sleep Clause Mod: Limit one foe put to sleep\n|clearpoke\n|poke|p1|Wo-Chien|\n|poke|p1|Weezing-Galar, F|\n|poke|p1|Alomomola, F|\n|poke|p1|Bellibolt, M|\n|poke|p1|Kleavor, M|\n|poke|p1|Tapu Koko|\n|poke|p2|Gliscor, M|\n|poke|p2|Sableye, M|\n|poke|p2|Celesteela|\n|poke|p2|Dondozo, M|\n|poke|p2|Clodsire, F|\n|poke|p2|Blissey, F|\n|teampreview\n|inactive|Battle timer is ON: inactive players will automatically lose when time's up. (requested by bazhuyu)\n|\n|t:|1699936348\n|start\n|switch|p1a: Tapu Koko|Tapu Koko|100\/100\n|switch|p2a: Sableye|Sableye, M|100\/100\n|-fieldstart|move: Electric Terrain|[from] ability: Electric Surge|[of] p1a: Tapu Koko\n|turn|1\n|\n|t:|1699936356\n|detailschange|p2a: Sableye|Sableye-Mega, M\n|-mega|p2a: Sableye|Sableye|Sablenite\n|move|p2a: Sableye|Protect|p2a: Sableye\n|-singleturn|p2a: Sableye|Protect\n|move|p1a: Tapu Koko|Dazzling Gleam|p2a: Sableye\n|-activate|p2a: Sableye|move: Protect\n|\n|upkeep\n|turn|2\n|\n|t:|1699936366\n|switch|p1a: Kleavor|Kleavor, M|100\/100\n|switch|p2a: Clodsire|Clodsire, F|100\/100\n|\n|upkeep\n|turn|3\n|\n|t:|1699936376\n|move|p2a: Clodsire|Protect|p2a: Clodsire\n|-singleturn|p2a: Clodsire|Protect\n|move|p1a: Kleavor|Psycho Cut|p2a: Clodsire\n|-activate|p2a: Clodsire|move: Protect\n|\n|upkeep\n|turn|4\n|\n|t:|1699936384\n|switch|p1a: Weezing|Weezing-Galar, F|100\/100\n|switch|p2a: Gliscor|Gliscor, M|100\/100\n|\n|-status|p2a: Gliscor|tox|[from] item: Toxic Orb\n|upkeep\n|turn|5\n|\n|t:|1699936394\n|move|p2a: Gliscor|Knock Off|p1a: Weezing\n|-resisted|p1a: Weezing\n|-damage|p1a: Weezing|93\/100\n|-enditem|p1a: Weezing|Leftovers|[from] move: Knock Off|[of] p2a: Gliscor\n|move|p1a: Weezing|Toxic Spikes|p2a: Gliscor\n|-sidestart|p2: bazhuyu|move: Toxic Spikes\n|\n|-fieldend|move: Electric Terrain\n|upkeep\n|turn|6\n|\n|t:|1699936404\n|move|p2a: Gliscor|Spikes|p1a: Weezing\n|-sidestart|p1: kitmash|Spikes\n|move|p1a: Weezing|Strange Steam|p2a: Gliscor\n|-damage|p2a: Gliscor|67\/100 tox\n|\n|-heal|p2a: Gliscor|79\/100 tox|[from] ability: Poison Heal\n|upkeep\n|turn|7\n|\n|t:|1699936411\n|move|p2a: Gliscor|Spikes|p1a: Weezing\n|-sidestart|p1: kitmash|Spikes\n|move|p1a: Weezing|Defog|p2a: Gliscor\n|-unboost|p2a: Gliscor|evasion|1\n|-sideend|p2: bazhuyu|Toxic Spikes|[from] move: Defog|[of] p1a: Weezing\n|-sideend|p1: kitmash|Spikes|[from] move: Defog|[of] p1a: Weezing\n|\n|-heal|p2a: Gliscor|91\/100 tox|[from] ability: Poison Heal\n|upkeep\n|turn|8\n|\n|t:|1699936428\n|switch|p2a: Sableye|Sableye-Mega, M|100\/100\n|switch|p1a: Kleavor|Kleavor, M|100\/100\n|\n|upkeep\n|turn|9\n|inactive|kitmash has 120 seconds left.\n|\n|t:|1699936460\n|switch|p1a: Tapu Koko|Tapu Koko|100\/100\n|-fieldstart|move: Electric Terrain|[from] ability: Electric Surge|[of] p1a: Tapu Koko\n|move|p2a: Sableye|Protect||[still]\n|-fail|p2a: Sableye\n|\n|upkeep\n|turn|10\n|\n|t:|1699936474\n|switch|p2a: Clodsire|Clodsire, F|100\/100\n|move|p1a: Tapu Koko|Nature's Madness|p2a: Clodsire\n|-damage|p2a: Clodsire|50\/100\n|\n|-heal|p2a: Clodsire|57\/100|[from] item: Leftovers\n|upkeep\n|turn|11\n|\n|t:|1699936484\n|switch|p1a: Wo-Chien|Wo-Chien|100\/100\n|-ability|p1a: Wo-Chien|Tablets of Ruin\n|move|p2a: Clodsire|Recover|p2a: Clodsire\n|-heal|p2a: Clodsire|100\/100\n|\n|upkeep\n|turn|12\n|\n|t:|1699936494\n|switch|p2a: Sableye|Sableye-Mega, M|100\/100\n|move|p1a: Wo-Chien|Ruination|p2a: Sableye\n|-damage|p2a: Sableye|50\/100\n|\n|upkeep\n|turn|13\n|\n|t:|1699936511\n|switch|p1a: Tapu Koko|Tapu Koko|100\/100\n|move|p2a: Sableye|Recover|p2a: Sableye\n|-heal|p2a: Sableye|100\/100\n|\n|-fieldend|move: Electric Terrain\n|upkeep\n|turn|14\n|\n|t:|1699936517\n|move|p2a: Sableye|Protect|p2a: Sableye\n|-singleturn|p2a: Sableye|Protect\n|move|p1a: Tapu Koko|Dazzling Gleam|p2a: Sableye\n|-activate|p2a: Sableye|move: Protect\n|\n|upkeep\n|turn|15\n|\n|t:|1699936523\n|move|p1a: Tapu Koko|Dazzling Gleam|p2a: Sableye\n|-supereffective|p2a: Sableye\n|-damage|p2a: Sableye|0 fnt\n|faint|p2a: Sableye\n|\n|upkeep\n|-message|bazhuyu forfeited.\n|\n|win|kitmash\n|raw|kitmash's rating: 1487 &rarr; <strong>1507<\/strong><br \/>(+20 for winning)\n|raw|bazhuyu's rating: 1494 &rarr; <strong>1474<\/strong><br \/>(-20 for losing)\n|l|\u2606bazhuyu\n","uploadtime":1699936536,"views":6,"p1id":"kitmash","p2id":"bazhuyu","formatid":"gen9nationaldex","rating":1474,"private":0,"password":""}