{"id":"gen9nationaldex-2000383181","p1":"MrLukis","p2":"Torrente777","format":"[Gen 9] National Dex","log":"|html|<div class=\"broadcast-blue\"><strong>[Gen 9] National Dex is currently suspecting Sneasler! For information on how to participate check out the <a href=\"https:\/\/www.smogon.com\/forums\/threads\/sv-national-dex-suspect-8-just-dance.3731534\/\">suspect thread<\/a>.<\/strong><\/div>\n|j|\u2606MrLukis\n|j|\u2606Torrente777\n|t:|1701190193\n|gametype|singles\n|player|p1|MrLukis|hugh|\n|player|p2|Torrente777|biker-gen4|\n|teamsize|p1|6\n|teamsize|p2|6\n|gen|9\n|tier|[Gen 9] National Dex\n|rule|HP Percentage Mod: HP is shown in percentages\n|rule|Endless Battle Clause: Forcing endless battles is banned\n|rule|OHKO Clause: OHKO moves are banned\n|rule|Evasion Clause: Evasion abilities, items, and moves are banned\n|rule|Evasion Abilities Clause: Evasion abilities are banned\n|rule|Evasion Items Clause: Evasion items are banned\n|rule|Evasion Moves Clause: Evasion moves are banned\n|rule|Species Clause: Limit one of each Pok\u00e9mon\n|rule|Sleep Clause Mod: Limit one foe put to sleep\n|clearpoke\n|poke|p1|Raichu, M|\n|poke|p1|Luxray, M|\n|poke|p1|Raikou|\n|poke|p1|Ampharos, M|\n|poke|p1|Electivire, M|\n|poke|p1|Jolteon, M|\n|poke|p2|Entei|\n|poke|p2|Torkoal, F|\n|poke|p2|Magmortar, F|\n|poke|p2|Darmanitan, F|\n|poke|p2|Flareon, M|\n|poke|p2|Arcanine, F|\n|teampreview\n|inactive|Battle timer is ON: inactive players will automatically lose when time's up. (requested by MrLukis)\n|\n|t:|1701190202\n|start\n|switch|p1a: Nosoytiposiniestro|Luxray, M, shiny|100\/100\n|switch|p2a: Flareon|Flareon, M|100\/100\n|turn|1\n|\n|t:|1701190212\n|move|p2a: Flareon|Protect|p2a: Flareon\n|-singleturn|p2a: Flareon|Protect\n|move|p1a: Nosoytiposiniestro|Wild Charge|p2a: Flareon\n|-activate|p2a: Flareon|move: Protect\n|\n|-status|p1a: Nosoytiposiniestro|brn|[from] item: Flame Orb\n|-status|p2a: Flareon|tox|[from] item: Toxic Orb\n|upkeep\n|turn|2\n|c|\u2606MrLukis|sea serio jh\n|\n|t:|1701190227\n|move|p1a: Nosoytiposiniestro|Wild Charge|p2a: Flareon\n|-damage|p2a: Flareon|0 fnt\n|faint|p2a: Flareon\n|-damage|p1a: Nosoytiposiniestro|78\/100 brn|[from] Recoil\n|\n|-damage|p1a: Nosoytiposiniestro|72\/100 brn|[from] brn\n|upkeep\n|c|\u2606Torrente777|como as\u00ed\n|\n|t:|1701190239\n|switch|p2a: Magmortar|Magmortar, F|100\/100\n|turn|3\n|\n|t:|1701190244\n|move|p2a: Magmortar|Scorching Sands|p1a: Nosoytiposiniestro\n|-supereffective|p1a: Nosoytiposiniestro\n|-damage|p1a: Nosoytiposiniestro|0 fnt\n|faint|p1a: Nosoytiposiniestro\n|\n|upkeep\n|\n|t:|1701190251\n|switch|p1a: Wilson|Raichu, M, shiny|100\/100\n|turn|4\n|\n|t:|1701190260\n|-terastallize|p1a: Wilson|Water\n|move|p1a: Wilson|Surf|p2a: Magmortar\n|-supereffective|p2a: Magmortar\n|-damage|p2a: Magmortar|0 fnt\n|faint|p2a: Magmortar\n|\n|upkeep\n|\n|t:|1701190279\n|switch|p2a: Torkoal|Torkoal, F|100\/100\n|-weather|SunnyDay|[from] ability: Drought|[of] p2a: Torkoal\n|turn|5\n|\n|t:|1701190299\n|switch|p1a: Pies r\u00e1pidos|Jolteon, M|100\/100\n|move|p2a: Torkoal|Yawn|p1a: Pies r\u00e1pidos\n|-start|p1a: Pies r\u00e1pidos|move: Yawn|[of] p2a: Torkoal\n|\n|-weather|SunnyDay|[upkeep]\n|-status|p1a: Pies r\u00e1pidos|brn|[from] item: Flame Orb\n|upkeep\n|turn|6\n|\n|t:|1701190312\n|switch|p1a: Barriga enchufera|Electivire, M, shiny|100\/100\n|move|p2a: Torkoal|Stealth Rock|p1a: Barriga enchufera\n|-sidestart|p1: MrLukis|move: Stealth Rock\n|\n|-weather|SunnyDay|[upkeep]\n|upkeep\n|turn|7\n|\n|t:|1701190319\n|move|p1a: Barriga enchufera|Earthquake|p2a: Torkoal\n|-supereffective|p2a: Torkoal\n|-damage|p2a: Torkoal|49\/100\n|move|p2a: Torkoal|Lava Plume|p1a: Barriga enchufera\n|-damage|p1a: Barriga enchufera|49\/100\n|-status|p1a: Barriga enchufera|brn\n|\n|-weather|SunnyDay|[upkeep]\n|-heal|p2a: Torkoal|55\/100|[from] item: Leftovers\n|-damage|p1a: Barriga enchufera|43\/100 brn|[from] brn\n|upkeep\n|turn|8\n|c|\u2606MrLukis|real\n|\n|t:|1701190334\n|move|p1a: Barriga enchufera|Earthquake|p2a: Torkoal\n|-supereffective|p2a: Torkoal\n|-damage|p2a: Torkoal|30\/100\n|move|p2a: Torkoal|Yawn||[still]\n|-fail|p2a: Torkoal\n|\n|-weather|SunnyDay|[upkeep]\n|-heal|p2a: Torkoal|36\/100|[from] item: Leftovers\n|-damage|p1a: Barriga enchufera|37\/100 brn|[from] brn\n|upkeep\n|turn|9\n|c|\u2606Torrente777|chat is this real?\n|\n|t:|1701190353\n|move|p1a: Barriga enchufera|Earthquake|p2a: Torkoal\n|-supereffective|p2a: Torkoal\n|-damage|p2a: Torkoal|11\/100\n|move|p2a: Torkoal|Lava Plume|p1a: Barriga enchufera\n|-damage|p1a: Barriga enchufera|0 fnt\n|faint|p1a: Barriga enchufera\n|\n|-weather|none\n|-heal|p2a: Torkoal|17\/100|[from] item: Leftovers\n|upkeep\n|c|\u2606MrLukis|no pues bostezo me habr\u00eda venido bien\n|\n|t:|1701190372\n|switch|p1a: Wilson|Raichu, M, shiny, tera:Water|100\/100\n|-damage|p1a: Wilson|88\/100|[from] Stealth Rock\n|turn|10\n|\n|t:|1701190382\n|move|p1a: Wilson|Volt Switch|p2a: Torkoal\n|-damage|p2a: Torkoal|0 fnt\n|faint|p2a: Torkoal\n|\n|t:|1701190390\n|switch|p1a: OvejaMallorquina|Ampharos, M, shiny|100\/100|[from] Volt Switch\n|-damage|p1a: OvejaMallorquina|88\/100|[from] Stealth Rock\n|\n|upkeep\n|c|\u2606Torrente777|mala decisi\u00f3n all\u00ed\n|c|\u2606MrLukis|que\n|\n|t:|1701190416\n|switch|p2a: Darmanitan|Darmanitan, F|100\/100\n|turn|11\n|\n|t:|1701190430\n|move|p2a: Darmanitan|Earthquake|p1a: OvejaMallorquina\n|-supereffective|p1a: OvejaMallorquina\n|-enditem|p1a: OvejaMallorquina|Shuca Berry|[eat]\n|-enditem|p1a: OvejaMallorquina|Shuca Berry|[weaken]\n|-damage|p1a: OvejaMallorquina|39\/100\n|-damage|p2a: Darmanitan|91\/100|[from] item: Life Orb\n|move|p1a: OvejaMallorquina|Power Gem|p2a: Darmanitan\n|-supereffective|p2a: Darmanitan\n|-damage|p2a: Darmanitan|9\/100\n|\n|upkeep\n|turn|12\n|\n|t:|1701190439\n|move|p2a: Darmanitan|Earthquake|p1a: OvejaMallorquina\n|-supereffective|p1a: OvejaMallorquina\n|-damage|p1a: OvejaMallorquina|0 fnt\n|faint|p1a: OvejaMallorquina\n|-damage|p2a: Darmanitan|0 fnt|[from] item: Life Orb\n|faint|p2a: Darmanitan\n|\n|upkeep\n|\n|t:|1701190465\n|switch|p2a: MeCuroConFuego|Arcanine, F|100\/100\n|switch|p1a: Abascal|Raikou, shiny|100\/100\n|-damage|p1a: Abascal|88\/100|[from] Stealth Rock\n|-item|p1a: Abascal|Air Balloon\n|-ability|p2a: MeCuroConFuego|Intimidate|boost\n|-fail|p1a: Abascal|unboost|Attack|[from] ability: Inner Focus|[of] p1a: Abascal\n|turn|13\n|inactive|Torrente777 has 270 seconds left.\n|\n|t:|1701190494\n|move|p1a: Abascal|Volt Switch|p2a: MeCuroConFuego\n|-damage|p2a: MeCuroConFuego|68\/100\n|\n|t:|1701190502\n|switch|p1a: Pies r\u00e1pidos|Jolteon, M|100\/100 brn|[from] Volt Switch\n|-damage|p1a: Pies r\u00e1pidos|88\/100 brn|[from] Stealth Rock\n|move|p2a: MeCuroConFuego|Flare Blitz|p1a: Pies r\u00e1pidos\n|-damage|p1a: Pies r\u00e1pidos|0 fnt\n|faint|p1a: Pies r\u00e1pidos\n|-damage|p2a: MeCuroConFuego|43\/100|[from] Recoil\n|-damage|p2a: MeCuroConFuego|33\/100|[from] item: Life Orb\n|\n|upkeep\n|\n|t:|1701190509\n|switch|p1a: Abascal|Raikou, shiny|88\/100\n|-damage|p1a: Abascal|76\/100|[from] Stealth Rock\n|-item|p1a: Abascal|Air Balloon\n|turn|14\n|\n|t:|1701190516\n|move|p2a: MeCuroConFuego|Extreme Speed|p1a: Abascal\n|-damage|p1a: Abascal|25\/100\n|-enditem|p1a: Abascal|Air Balloon\n|-damage|p2a: MeCuroConFuego|23\/100|[from] item: Life Orb\n|move|p1a: Abascal|Volt Switch|p2a: MeCuroConFuego\n|-damage|p2a: MeCuroConFuego|0 fnt\n|faint|p2a: MeCuroConFuego\n|\n|t:|1701190524\n|switch|p1a: Wilson|Raichu, M, shiny, tera:Water|88\/100|[from] Volt Switch\n|-damage|p1a: Wilson|76\/100|[from] Stealth Rock\n|\n|upkeep\n|\n|t:|1701190529\n|switch|p2a: Entei|Entei|100\/100\n|turn|15\n|\n|t:|1701190536\n|move|p2a: Entei|Extreme Speed|p1a: Wilson\n|-damage|p1a: Wilson|0 fnt\n|faint|p1a: Wilson\n|\n|upkeep\n|\n|t:|1701190539\n|switch|p1a: Abascal|Raikou, shiny|25\/100\n|-damage|p1a: Abascal|13\/100|[from] Stealth Rock\n|turn|16\n|c|\u2606Torrente777|en fin\n|c|\u2606Torrente777|que dec\u00edas del tupo fuego?\n|c|\u2606MrLukis|siempre el pokemon de franco\n|\n|t:|1701190550\n|move|p1a: Abascal|Extreme Speed|p2a: Entei\n|-damage|p2a: Entei|84\/100\n|move|p2a: Entei|Extreme Speed|p1a: Abascal\n|-damage|p1a: Abascal|0 fnt\n|faint|p1a: Abascal\n|\n|win|Torrente777\n","uploadtime":1701190559,"views":2,"p1id":"mrlukis","p2id":"torrente777","formatid":"gen9nationaldex","rating":0,"private":0,"password":""}