{"id":"gen9nationaldex-1998758475","p1":"RandoTestAccount","p2":"Prtbl_Trash","format":"[Gen 9] National Dex","log":"|html|<div class=\"broadcast-blue\"><strong>[Gen 9] National Dex is currently suspecting Sneasler! For information on how to participate check out the <a href=\"https:\/\/www.smogon.com\/forums\/threads\/sv-national-dex-suspect-8-just-dance.3731534\/\">suspect thread<\/a>.<\/strong><\/div>\n|j|\u2606RandoTestAccount\n|j|\u2606Prtbl_Trash\n|t:|1700984748\n|gametype|singles\n|player|p1|RandoTestAccount|pokemonrangerf|1202\n|player|p2|Prtbl_Trash|rosa|1211\n|teamsize|p1|6\n|teamsize|p2|6\n|gen|9\n|tier|[Gen 9] National Dex\n|rated|\n|rule|HP Percentage Mod: HP is shown in percentages\n|rule|Endless Battle Clause: Forcing endless battles is banned\n|rule|OHKO Clause: OHKO moves are banned\n|rule|Evasion Clause: Evasion abilities, items, and moves are banned\n|rule|Evasion Abilities Clause: Evasion abilities are banned\n|rule|Evasion Items Clause: Evasion items are banned\n|rule|Evasion Moves Clause: Evasion moves are banned\n|rule|Species Clause: Limit one of each Pok\u00e9mon\n|rule|Sleep Clause Mod: Limit one foe put to sleep\n|clearpoke\n|poke|p1|Umbreon, F|\n|poke|p1|Excadrill, F|\n|poke|p1|Corviknight, F|\n|poke|p1|Sableye, F|\n|poke|p1|Tapu Fini|\n|poke|p1|Dragalge, F|\n|poke|p2|Dewgong, M|\n|poke|p2|Slowking-Galar, F|\n|poke|p2|Landorus-Therian, M|\n|poke|p2|Volcarona, M|\n|poke|p2|Meowscarada, F|\n|poke|p2|Aegislash, F|\n|teampreview\n|inactive|Battle timer is ON: inactive players will automatically lose when time's up. (requested by Prtbl_Trash)\n|\n|t:|1700984759\n|start\n|switch|p1a: Spectre of Emerald|Sableye, F, shiny|100\/100\n|switch|p2a: Dewgong|Dewgong, M|100\/100\n|turn|1\n|\n|t:|1700984775\n|detailschange|p1a: Spectre of Emerald|Sableye-Mega, F, shiny\n|-mega|p1a: Spectre of Emerald|Sableye|Sablenite\n|move|p2a: Dewgong|Protect|p2a: Dewgong\n|-singleturn|p2a: Dewgong|Protect\n|move|p1a: Spectre of Emerald|Calm Mind|p1a: Spectre of Emerald\n|-boost|p1a: Spectre of Emerald|spa|1\n|-boost|p1a: Spectre of Emerald|spd|1\n|\n|upkeep\n|turn|2\n|\n|t:|1700984782\n|move|p2a: Dewgong|Whirlpool|p1a: Spectre of Emerald\n|-damage|p1a: Spectre of Emerald|94\/100\n|-activate|p1a: Spectre of Emerald|move: Whirlpool|[of] p2a: Dewgong\n|move|p1a: Spectre of Emerald|Calm Mind|p1a: Spectre of Emerald\n|-boost|p1a: Spectre of Emerald|spa|1\n|-boost|p1a: Spectre of Emerald|spd|1\n|\n|-damage|p1a: Spectre of Emerald|81\/100|[from] move: Whirlpool|[partiallytrapped]\n|upkeep\n|turn|3\n|\n|t:|1700984789\n|switch|p1a: Ephialtes Keeper|Corviknight, F, shiny|100\/100\n|-ability|p1a: Ephialtes Keeper|Pressure\n|move|p2a: Dewgong|Brine|p1a: Ephialtes Keeper\n|-damage|p1a: Ephialtes Keeper|86\/100\n|\n|upkeep\n|turn|4\n|\n|t:|1700984796\n|move|p2a: Dewgong|Whirlpool|p1a: Ephialtes Keeper\n|-damage|p1a: Ephialtes Keeper|79\/100\n|-activate|p1a: Ephialtes Keeper|move: Whirlpool|[of] p2a: Dewgong\n|move|p1a: Ephialtes Keeper|U-turn|p2a: Dewgong\n|-damage|p2a: Dewgong|87\/100\n|\n|t:|1700984808\n|switch|p1a: Agony Steelheart|Dragalge, F, shiny|100\/100|[from] U-turn\n|\n|-heal|p2a: Dewgong|93\/100|[from] item: Leftovers\n|upkeep\n|turn|5\n|\n|t:|1700984814\n|move|p2a: Dewgong|Protect|p2a: Dewgong\n|-singleturn|p2a: Dewgong|Protect\n|move|p1a: Agony Steelheart|Toxic|p2a: Dewgong\n|-activate|p2a: Dewgong|move: Protect\n|\n|-heal|p2a: Dewgong|99\/100|[from] item: Leftovers\n|upkeep\n|turn|6\n|\n|t:|1700984837\n|-terastallize|p2a: Dewgong|Poison\n|move|p2a: Dewgong|Whirlpool|p1a: Agony Steelheart\n|-resisted|p1a: Agony Steelheart\n|-damage|p1a: Agony Steelheart|98\/100\n|-activate|p1a: Agony Steelheart|move: Whirlpool|[of] p2a: Dewgong\n|move|p1a: Agony Steelheart|Toxic|p2a: Dewgong\n|-immune|p2a: Dewgong\n|\n|-heal|p2a: Dewgong|100\/100|[from] item: Leftovers\n|-heal|p1a: Agony Steelheart|100\/100|[from] item: Black Sludge\n|-damage|p1a: Agony Steelheart|88\/100|[from] move: Whirlpool|[partiallytrapped]\n|upkeep\n|turn|7\n|\n|t:|1700984844\n|move|p2a: Dewgong|Stockpile|p2a: Dewgong\n|-start|p2a: Dewgong|stockpile1\n|-boost|p2a: Dewgong|def|1\n|-boost|p2a: Dewgong|spd|1\n|move|p1a: Agony Steelheart|Acid Spray|p2a: Dewgong\n|-resisted|p2a: Dewgong\n|-damage|p2a: Dewgong|96\/100\n|-unboost|p2a: Dewgong|spd|2\n|\n|-heal|p2a: Dewgong|100\/100|[from] item: Leftovers\n|-heal|p1a: Agony Steelheart|94\/100|[from] item: Black Sludge\n|-damage|p1a: Agony Steelheart|82\/100|[from] move: Whirlpool|[partiallytrapped]\n|upkeep\n|turn|8\n|\n|t:|1700984850\n|move|p2a: Dewgong|Protect|p2a: Dewgong\n|-singleturn|p2a: Dewgong|Protect\n|move|p1a: Agony Steelheart|Acid Spray|p2a: Dewgong\n|-activate|p2a: Dewgong|move: Protect\n|\n|-heal|p1a: Agony Steelheart|88\/100|[from] item: Black Sludge\n|-damage|p1a: Agony Steelheart|76\/100|[from] move: Whirlpool|[partiallytrapped]\n|upkeep\n|turn|9\n|\n|t:|1700984860\n|switch|p2a: Aegislash|Aegislash, F|100\/100\n|move|p1a: Agony Steelheart|Acid Spray|p2a: Aegislash\n|-immune|p2a: Aegislash\n|\n|-heal|p1a: Agony Steelheart|82\/100|[from] item: Black Sludge\n|-end|p1a: Agony Steelheart|Whirlpool|[partiallytrapped]|[silent]\n|upkeep\n|turn|10\n|\n|t:|1700984871\n|switch|p1a: The Lonesome One|Excadrill, F, shiny|100\/100\n|-ability|p1a: The Lonesome One|Mold Breaker\n|-formechange|p2a: Aegislash|Aegislash-Blade||[from] ability: Stance Change\n|move|p2a: Aegislash|Iron Head|p1a: The Lonesome One\n|-resisted|p1a: The Lonesome One\n|-damage|p1a: The Lonesome One|75\/100\n|\n|-heal|p1a: The Lonesome One|81\/100|[from] item: Leftovers\n|upkeep\n|turn|11\n|\n|t:|1700984880\n|switch|p1a: Spectre of Emerald|Sableye-Mega, F, shiny|81\/100\n|switch|p2a: Landorus|Landorus-Therian, M|100\/100\n|-ability|p2a: Landorus|Intimidate|boost\n|-unboost|p1a: Spectre of Emerald|atk|1\n|\n|upkeep\n|turn|12\n|\n|t:|1700984909\n|move|p2a: Landorus|U-turn|p1a: Spectre of Emerald\n|-damage|p1a: Spectre of Emerald|61\/100\n|\n|t:|1700984911\n|switch|p2a: Volcarona|Volcarona, M|100\/100|[from] U-turn\n|move|p1a: Spectre of Emerald|Will-O-Wisp|p2a: Volcarona\n|-immune|p2a: Volcarona\n|\n|upkeep\n|turn|13\n|\n|t:|1700984917\n|switch|p1a: Agony Steelheart|Dragalge, F, shiny|82\/100\n|move|p2a: Volcarona|Quiver Dance|p2a: Volcarona\n|-boost|p2a: Volcarona|spa|1\n|-boost|p2a: Volcarona|spd|1\n|-boost|p2a: Volcarona|spe|1\n|\n|-heal|p1a: Agony Steelheart|88\/100|[from] item: Black Sludge\n|upkeep\n|turn|14\n|\n|t:|1700984924\n|move|p2a: Volcarona|Quiver Dance|p2a: Volcarona\n|-boost|p2a: Volcarona|spa|1\n|-boost|p2a: Volcarona|spd|1\n|-boost|p2a: Volcarona|spe|1\n|move|p1a: Agony Steelheart|Toxic|p2a: Volcarona\n|-status|p2a: Volcarona|tox\n|\n|-heal|p1a: Agony Steelheart|94\/100|[from] item: Black Sludge\n|-damage|p2a: Volcarona|94\/100 tox|[from] psn\n|upkeep\n|turn|15\n|\n|t:|1700984929\n|move|p2a: Volcarona|Bug Buzz|p1a: Agony Steelheart\n|-resisted|p1a: Agony Steelheart\n|-damage|p1a: Agony Steelheart|61\/100\n|move|p1a: Agony Steelheart|Acid Spray|p2a: Volcarona\n|-damage|p2a: Volcarona|85\/100 tox\n|-unboost|p2a: Volcarona|spd|2\n|\n|-heal|p1a: Agony Steelheart|67\/100|[from] item: Black Sludge\n|-damage|p2a: Volcarona|73\/100 tox|[from] psn\n|upkeep\n|turn|16\n|\n|t:|1700984935\n|move|p2a: Volcarona|Quiver Dance|p2a: Volcarona\n|-boost|p2a: Volcarona|spa|1\n|-boost|p2a: Volcarona|spd|1\n|-boost|p2a: Volcarona|spe|1\n|move|p1a: Agony Steelheart|Acid Spray|p2a: Volcarona\n|-damage|p2a: Volcarona|60\/100 tox\n|-unboost|p2a: Volcarona|spd|2\n|\n|-heal|p1a: Agony Steelheart|73\/100|[from] item: Black Sludge\n|-damage|p2a: Volcarona|41\/100 tox|[from] psn\n|upkeep\n|turn|17\n|\n|t:|1700984941\n|move|p2a: Volcarona|Bug Buzz|p1a: Agony Steelheart\n|-resisted|p1a: Agony Steelheart\n|-damage|p1a: Agony Steelheart|38\/100\n|move|p1a: Agony Steelheart|Dragon Pulse|p2a: Volcarona\n|-damage|p2a: Volcarona|0 fnt\n|faint|p2a: Volcarona\n|\n|-heal|p1a: Agony Steelheart|44\/100|[from] item: Black Sludge\n|upkeep\n|\n|t:|1700984951\n|switch|p2a: Landorus|Landorus-Therian, M|100\/100\n|-ability|p2a: Landorus|Intimidate|boost\n|-unboost|p1a: Agony Steelheart|atk|1\n|turn|18\n|\n|t:|1700984956\n|switch|p1a: Ephialtes Keeper|Corviknight, F, shiny|79\/100\n|-ability|p1a: Ephialtes Keeper|Pressure\n|move|p2a: Landorus|U-turn|p1a: Ephialtes Keeper\n|-resisted|p1a: Ephialtes Keeper\n|-crit|p1a: Ephialtes Keeper\n|-damage|p1a: Ephialtes Keeper|71\/100\n|-damage|p2a: Landorus|84\/100|[from] item: Rocky Helmet|[of] p1a: Ephialtes Keeper\n|\n|t:|1700984962\n|switch|p2a: Slowking|Slowking-Galar, F|100\/100|[from] U-turn\n|\n|upkeep\n|turn|19\n|\n|t:|1700984975\n|move|p1a: Ephialtes Keeper|U-turn|p2a: Slowking\n|-damage|p2a: Slowking|87\/100\n|\n|t:|1700984977\n|switch|p1a: Nika Reanukko|Umbreon, F, shiny|100\/100|[from] U-turn\n|move|p2a: Slowking|Future Sight|p1a: Nika Reanukko\n|-start|p2a: Slowking|move: Future Sight\n|\n|upkeep\n|turn|20\n|\n|t:|1700984985\n|move|p1a: Nika Reanukko|Wish|p1a: Nika Reanukko\n|move|p2a: Slowking|Chilly Reception|p2a: Slowking\n|-weather|Snow\n|\n|t:|1700984992\n|switch|p2a: Dewgong|Dewgong, M, tera:Poison|100\/100|[from] Chilly Reception\n|\n|-weather|Snow|[upkeep]\n|upkeep\n|turn|21\n|\n|t:|1700985014\n|switch|p1a: Spectre of Emerald|Sableye-Mega, F, shiny|61\/100\n|move|p2a: Dewgong|Whirlpool|p1a: Spectre of Emerald\n|-damage|p1a: Spectre of Emerald|52\/100\n|-activate|p1a: Spectre of Emerald|move: Whirlpool|[of] p2a: Dewgong\n|\n|-weather|Snow|[upkeep]\n|-end|p1a: Spectre of Emerald|move: Future Sight\n|-immune|p1a: Spectre of Emerald\n|-heal|p1a: Spectre of Emerald|100\/100|[from] move: Wish|[wisher] Nika Reanukko\n|-damage|p1a: Spectre of Emerald|88\/100|[from] move: Whirlpool|[partiallytrapped]\n|upkeep\n|turn|22\n|-message|Prtbl_Trash forfeited.\n|\n|win|RandoTestAccount\n|raw|RandoTestAccount's rating: 1202 &rarr; <strong>1228<\/strong><br \/>(+26 for winning)\n|raw|Prtbl_Trash's rating: 1211 &rarr; <strong>1185<\/strong><br \/>(-26 for losing)\n|l|\u2606Prtbl_Trash\n","uploadtime":1700985087,"views":6,"p1id":"randotestaccount","p2id":"prtbltrash","formatid":"gen9nationaldex","rating":1185,"private":0,"password":""}