{"id":"gen9nationaldex-1996205692","p1":"Yuanshen61\u6211\u8981\u73a9\u539f\u795e","p2":"chl158981215","format":"[Gen 9] National Dex","log":"|html|<div class=\"broadcast-blue\"><strong>[Gen 9] National Dex is currently suspecting Sneasler! For information on how to participate check out the <a href=\"https:\/\/www.smogon.com\/forums\/threads\/sv-national-dex-suspect-8-just-dance.3731534\/\">suspect thread<\/a>.<\/strong><\/div>\n|j|\u2606Yuanshen61\u6211\u8981\u73a9\u539f\u795e\n|j|\u2606chl158981215\n|t:|1700658983\n|gametype|singles\n|player|p1|Yuanshen61\u6211\u8981\u73a9\u539f\u795e|dawn-contest|1428\n|player|p2|chl158981215|brycen|1407\n|teamsize|p1|6\n|teamsize|p2|6\n|gen|9\n|tier|[Gen 9] National Dex\n|rated|\n|rule|HP Percentage Mod: HP is shown in percentages\n|rule|Endless Battle Clause: Forcing endless battles is banned\n|rule|OHKO Clause: OHKO moves are banned\n|rule|Evasion Clause: Evasion abilities, items, and moves are banned\n|rule|Evasion Abilities Clause: Evasion abilities are banned\n|rule|Evasion Items Clause: Evasion items are banned\n|rule|Evasion Moves Clause: Evasion moves are banned\n|rule|Species Clause: Limit one of each Pok\u00e9mon\n|rule|Sleep Clause Mod: Limit one foe put to sleep\n|clearpoke\n|poke|p1|Blacephalon|\n|poke|p1|Lopunny, M|\n|poke|p1|Ting-Lu|\n|poke|p1|Zapdos|\n|poke|p1|Hatterene, F|\n|poke|p1|Greninja-*, M|\n|poke|p2|Landorus-Therian, M|\n|poke|p2|Moltres|\n|poke|p2|Tapu Lele|\n|poke|p2|Scizor, F|\n|poke|p2|Greninja-*, M|\n|poke|p2|Rillaboom, F|\n|teampreview\n|inactive|Battle timer is ON: inactive players will automatically lose when time's up. (requested by Yuanshen61\u6211\u8981\u73a9\u539f\u795e)\n|inactive|chl158981215 also wants the timer to be on.\n|\n|t:|1700658998\n|start\n|switch|p1a: Ting-Lu|Ting-Lu|100\/100\n|switch|p2a: Rillaboom|Rillaboom, F|100\/100\n|-fieldstart|move: Grassy Terrain|[from] ability: Grassy Surge|[of] p2a: Rillaboom\n|-ability|p1a: Ting-Lu|Vessel of Ruin\n|turn|1\n|\n|t:|1700659010\n|switch|p1a: Zapdos|Zapdos|100\/100\n|move|p2a: Rillaboom|Knock Off|p1a: Zapdos\n|-damage|p1a: Zapdos|62\/100\n|-enditem|p1a: Zapdos|Heavy-Duty Boots|[from] move: Knock Off|[of] p2a: Rillaboom\n|\n|upkeep\n|turn|2\n|\n|t:|1700659022\n|switch|p2a: Landorus|Landorus-Therian, M|100\/100\n|-ability|p2a: Landorus|Intimidate|boost\n|-unboost|p1a: Zapdos|atk|1\n|move|p1a: Zapdos|Roost|p1a: Zapdos\n|-heal|p1a: Zapdos|100\/100\n|-singleturn|p1a: Zapdos|move: Roost\n|\n|upkeep\n|turn|3\n|\n|t:|1700659034\n|switch|p1a: Hatterene|Hatterene, F|100\/100\n|move|p2a: Landorus|Rock Slide|p1a: Hatterene\n|-damage|p1a: Hatterene|82\/100\n|\n|-heal|p1a: Hatterene|88\/100|[from] Grassy Terrain\n|-heal|p1a: Hatterene|94\/100|[from] item: Leftovers\n|upkeep\n|turn|4\n|l|\u2606Yuanshen61\u6211\u8981\u73a9\u539f\u795e\n|inactive|Yuanshen61\u6211\u8981\u73a9\u539f\u795e disconnected and has a minute to reconnect!\n|player|p1|\n|j|\u2606Yuanshen61\u6211\u8981\u73a9\u539f\u795e\n|inactive|Yuanshen61\u6211\u8981\u73a9\u539f\u795e reconnected.\n|player|p1|Yuanshen61\u6211\u8981\u73a9\u539f\u795e|dawn-contest\n|\n|t:|1700659058\n|switch|p2a: Rillaboom|Rillaboom, F|100\/100\n|move|p1a: Hatterene|Nuzzle|p2a: Rillaboom\n|-resisted|p2a: Rillaboom\n|-damage|p2a: Rillaboom|99\/100\n|-status|p2a: Rillaboom|par\n|\n|-heal|p2a: Rillaboom|100\/100 par|[from] Grassy Terrain\n|-heal|p1a: Hatterene|99\/100|[from] Grassy Terrain\n|-heal|p1a: Hatterene|100\/100|[from] item: Leftovers\n|upkeep\n|turn|5\n|\n|t:|1700659074\n|switch|p1a: Zapdos|Zapdos|100\/100\n|move|p2a: Rillaboom|Knock Off|p1a: Zapdos\n|-damage|p1a: Zapdos|74\/100\n|\n|-fieldend|move: Grassy Terrain\n|upkeep\n|turn|6\n|inactive|chl158981215 has 120 seconds left.\n|\n|t:|1700659093\n|switch|p2a: Landorus|Landorus-Therian, M|100\/100\n|-ability|p2a: Landorus|Intimidate|boost\n|-unboost|p1a: Zapdos|atk|1\n|move|p1a: Zapdos|Hurricane|p2a: Landorus\n|-damage|p2a: Landorus|53\/100\n|\n|upkeep\n|turn|7\n|inactive|chl158981215 has 120 seconds left.\n|\n|t:|1700659107\n|switch|p1a: Greninja|Greninja, M|100\/100\n|move|p2a: Landorus|Rock Slide|p1a: Greninja\n|-damage|p1a: Greninja|61\/100\n|\n|upkeep\n|turn|8\n|inactive|chl158981215 has 120 seconds left.\n|\n|t:|1700659118\n|switch|p2a: Rillaboom|Rillaboom, F|100\/100 par\n|-fieldstart|move: Grassy Terrain|[from] ability: Grassy Surge|[of] p2a: Rillaboom\n|move|p1a: Greninja|Ice Beam|p2a: Rillaboom\n|-supereffective|p2a: Rillaboom\n|-damage|p2a: Rillaboom|19\/100 par\n|-enditem|p2a: Rillaboom|Aguav Berry|[eat]\n|-heal|p2a: Rillaboom|52\/100 par|[from] item: Aguav Berry\n|-damage|p1a: Greninja|51\/100|[from] item: Life Orb\n|\n|-heal|p1a: Greninja|57\/100|[from] Grassy Terrain\n|-heal|p2a: Rillaboom|59\/100 par|[from] Grassy Terrain\n|upkeep\n|turn|9\n|inactive|chl158981215 has 120 seconds left.\n|\n|t:|1700659133\n|switch|p1a: Zapdos|Zapdos|74\/100\n|move|p2a: Rillaboom|Grassy Glide|p1a: Zapdos\n|-resisted|p1a: Zapdos\n|-damage|p1a: Zapdos|53\/100\n|\n|-heal|p2a: Rillaboom|65\/100 par|[from] Grassy Terrain\n|upkeep\n|turn|10\n|\n|t:|1700659142\n|switch|p2a: Moltres|Moltres, shiny|100\/100\n|move|p1a: Zapdos|Roost|p1a: Zapdos\n|-heal|p1a: Zapdos|100\/100\n|-singleturn|p1a: Zapdos|move: Roost\n|\n|upkeep\n|turn|11\n|inactive|chl158981215 has 120 seconds left.\n|\n|t:|1700659158\n|move|p1a: Zapdos|Volt Switch|p2a: Moltres\n|-supereffective|p2a: Moltres\n|-damage|p2a: Moltres|26\/100\n|\n|t:|1700659160\n|switch|p1a: Ting-Lu|Ting-Lu|100\/100|[from] Volt Switch\n|-ability|p1a: Ting-Lu|Vessel of Ruin\n|move|p2a: Moltres|Flamethrower|p1a: Ting-Lu\n|-damage|p1a: Ting-Lu|80\/100\n|\n|-heal|p1a: Ting-Lu|86\/100|[from] Grassy Terrain\n|-heal|p1a: Ting-Lu|92\/100|[from] item: Leftovers\n|upkeep\n|turn|12\n|\n|t:|1700659172\n|move|p2a: Moltres|Roost|p2a: Moltres\n|-heal|p2a: Moltres|76\/100\n|-singleturn|p2a: Moltres|move: Roost\n|move|p1a: Ting-Lu|Stealth Rock|p2a: Moltres\n|-sidestart|p2: chl158981215|move: Stealth Rock\n|\n|-heal|p2a: Moltres|82\/100|[from] Grassy Terrain\n|-heal|p1a: Ting-Lu|99\/100|[from] Grassy Terrain\n|-heal|p1a: Ting-Lu|100\/100|[from] item: Leftovers\n|-fieldend|move: Grassy Terrain\n|upkeep\n|turn|13\n|\n|t:|1700659187\n|move|p2a: Moltres|U-turn|p1a: Ting-Lu\n|-supereffective|p1a: Ting-Lu\n|-damage|p1a: Ting-Lu|88\/100\n|\n|t:|1700659190\n|switch|p2a: Landorus|Landorus-Therian, M|53\/100|[from] U-turn\n|-damage|p2a: Landorus|40\/100|[from] Stealth Rock\n|-ability|p2a: Landorus|Intimidate|boost\n|-unboost|p1a: Ting-Lu|atk|1\n|move|p1a: Ting-Lu|Ruination|p2a: Landorus\n|-damage|p2a: Landorus|20\/100\n|\n|-heal|p1a: Ting-Lu|94\/100|[from] item: Leftovers\n|upkeep\n|turn|14\n|\n|t:|1700659203\n|switch|p1a: Greninja|Greninja, M|57\/100\n|move|p2a: Landorus|Defog|p1a: Greninja\n|-unboost|p1a: Greninja|evasion|1\n|-sideend|p2: chl158981215|Stealth Rock|[from] move: Defog|[of] p2a: Landorus\n|\n|upkeep\n|turn|15\n|\n|t:|1700659219\n|switch|p2a: Scizor|Scizor, F|100\/100\n|move|p1a: Greninja|Ice Beam|p2a: Scizor\n|-resisted|p2a: Scizor\n|-damage|p2a: Scizor|79\/100\n|-damage|p1a: Greninja|48\/100|[from] item: Life Orb\n|\n|upkeep\n|turn|16\n|\n|t:|1700659233\n|switch|p1a: Zapdos|Zapdos|100\/100\n|detailschange|p2a: Scizor|Scizor-Mega, F\n|-mega|p2a: Scizor|Scizor|Scizorite\n|move|p2a: Scizor|U-turn|p1a: Zapdos\n|-resisted|p1a: Zapdos\n|-damage|p1a: Zapdos|76\/100\n|\n|t:|1700659240\n|switch|p2a: Greninja|Greninja, M|100\/100|[from] U-turn\n|\n|upkeep\n|turn|17\n|\n|t:|1700659256\n|move|p2a: Greninja|Ice Beam|p1a: Zapdos\n|-supereffective|p1a: Zapdos\n|-crit|p1a: Zapdos\n|-damage|p1a: Zapdos|0 fnt\n|faint|p1a: Zapdos\n|-ability|p2a: Greninja|Battle Bond|boost\n|-boost|p2a: Greninja|atk|1\n|-boost|p2a: Greninja|spa|1\n|-boost|p2a: Greninja|spe|1\n|-activate|p2a: Greninja|ability: Battle Bond\n|\n|upkeep\n|\n|t:|1700659259\n|switch|p1a: Ting-Lu|Ting-Lu|94\/100\n|-ability|p1a: Ting-Lu|Vessel of Ruin\n|turn|18\n|\n|t:|1700659270\n|-terastallize|p1a: Ting-Lu|Poison\n|move|p2a: Greninja|Ice Beam|p1a: Ting-Lu\n|-damage|p1a: Ting-Lu|67\/100\n|move|p1a: Ting-Lu|Whirlwind|p2a: Greninja\n|drag|p2a: Moltres|Moltres, shiny|82\/100\n|\n|-heal|p1a: Ting-Lu|73\/100|[from] item: Leftovers\n|upkeep\n|turn|19\n|\n|t:|1700659283\n|move|p2a: Moltres|Tailwind|p2a: Moltres\n|-sidestart|p2: chl158981215|move: Tailwind\n|move|p1a: Ting-Lu|Stealth Rock|p2a: Moltres\n|-sidestart|p2: chl158981215|move: Stealth Rock\n|\n|-heal|p1a: Ting-Lu|79\/100|[from] item: Leftovers\n|upkeep\n|turn|20\n|\n|t:|1700659290\n|move|p2a: Moltres|U-turn|p1a: Ting-Lu\n|-resisted|p1a: Ting-Lu\n|-damage|p1a: Ting-Lu|77\/100\n|\n|t:|1700659294\n|switch|p2a: Tapu Lele|Tapu Lele|100\/100|[from] U-turn\n|-damage|p2a: Tapu Lele|88\/100|[from] Stealth Rock\n|-fieldstart|move: Psychic Terrain|[from] ability: Psychic Surge|[of] p2a: Tapu Lele\n|move|p1a: Ting-Lu|Spikes|p2a: Tapu Lele\n|-sidestart|p2: chl158981215|Spikes\n|\n|-heal|p1a: Ting-Lu|83\/100|[from] item: Leftovers\n|upkeep\n|turn|21\n|\n|t:|1700659304\n|move|p2a: Tapu Lele|Moonblast|p1a: Ting-Lu\n|-resisted|p1a: Ting-Lu\n|-damage|p1a: Ting-Lu|65\/100\n|move|p1a: Ting-Lu|Whirlwind|p2a: Tapu Lele\n|drag|p2a: Rillaboom|Rillaboom, F|65\/100 par\n|-damage|p2a: Rillaboom|52\/100 par|[from] Stealth Rock\n|-damage|p2a: Rillaboom|40\/100 par|[from] Spikes\n|-fieldstart|move: Grassy Terrain|[from] ability: Grassy Surge|[of] p2a: Rillaboom\n|\n|-heal|p2a: Rillaboom|46\/100 par|[from] Grassy Terrain\n|-heal|p1a: Ting-Lu|71\/100|[from] Grassy Terrain\n|-heal|p1a: Ting-Lu|78\/100|[from] item: Leftovers\n|upkeep\n|turn|22\n|\n|t:|1700659321\n|move|p2a: Rillaboom|Knock Off|p1a: Ting-Lu\n|-damage|p1a: Ting-Lu|61\/100\n|-enditem|p1a: Ting-Lu|Leftovers|[from] move: Knock Off|[of] p2a: Rillaboom\n|move|p1a: Ting-Lu|Spikes|p2a: Rillaboom\n|-sidestart|p2: chl158981215|Spikes\n|\n|-heal|p2a: Rillaboom|52\/100 par|[from] Grassy Terrain\n|-heal|p1a: Ting-Lu|68\/100|[from] Grassy Terrain\n|-sideend|p2: chl158981215|move: Tailwind\n|upkeep\n|turn|23\n|\n|t:|1700659331\n|switch|p1a: Lopunny|Lopunny, M|100\/100\n|move|p2a: Rillaboom|Grassy Glide|p1a: Lopunny\n|-damage|p1a: Lopunny|43\/100\n|\n|-heal|p1a: Lopunny|48\/100|[from] Grassy Terrain\n|-heal|p2a: Rillaboom|59\/100 par|[from] Grassy Terrain\n|upkeep\n|turn|24\n|\n|t:|1700659343\n|switch|p2a: Moltres|Moltres, shiny|82\/100\n|detailschange|p1a: Lopunny|Lopunny-Mega, M\n|-mega|p1a: Lopunny|Lopunny|Lopunnite\n|move|p1a: Lopunny|Fake Out|p2a: Moltres\n|-damage|p2a: Moltres|66\/100\n|\n|-heal|p1a: Lopunny|54\/100|[from] Grassy Terrain\n|upkeep\n|turn|25\n|\n|t:|1700659355\n|move|p1a: Lopunny|U-turn|p2a: Moltres\n|-resisted|p2a: Moltres\n|-damage|p2a: Moltres|62\/100\n|inactive|Yuanshen61\u6211\u8981\u73a9\u539f\u795e has 120 seconds left.\n|\n|t:|1700659393\n|switch|p1a: Greninja|Greninja, M|48\/100|[from] U-turn\n|move|p2a: Moltres|U-turn|p1a: Greninja\n|-supereffective|p1a: Greninja\n|-damage|p1a: Greninja|0 fnt\n|faint|p1a: Greninja\n|\n|t:|1700659403\n|switch|p2a: Tapu Lele|Tapu Lele|88\/100|[from] U-turn\n|-damage|p2a: Tapu Lele|76\/100|[from] Stealth Rock\n|-damage|p2a: Tapu Lele|59\/100|[from] Spikes\n|-fieldstart|move: Psychic Terrain|[from] ability: Psychic Surge|[of] p2a: Tapu Lele\n|\n|upkeep\n|\n|t:|1700659406\n|switch|p1a: Blacephalon|Blacephalon|100\/100\n|turn|26\n|\n|t:|1700659436\n|switch|p2a: Landorus|Landorus-Therian, M|20\/100\n|-damage|p2a: Landorus|8\/100|[from] Stealth Rock\n|-ability|p2a: Landorus|Intimidate|boost\n|-unboost|p1a: Blacephalon|atk|1\n|move|p1a: Blacephalon|Shadow Ball|p2a: Landorus\n|-damage|p2a: Landorus|0 fnt\n|faint|p2a: Landorus\n|-ability|p1a: Blacephalon|Beast Boost|boost\n|-boost|p1a: Blacephalon|spa|1\n|\n|upkeep\n|inactive|chl158981215 has 120 seconds left.\n|\n|t:|1700659454\n|switch|p2a: Rillaboom|Rillaboom, F|59\/100 par\n|-damage|p2a: Rillaboom|46\/100 par|[from] Stealth Rock\n|-damage|p2a: Rillaboom|30\/100 par|[from] Spikes\n|-fieldstart|move: Grassy Terrain|[from] ability: Grassy Surge|[of] p2a: Rillaboom\n|turn|27\n|inactive|chl158981215 has 120 seconds left.\n|\n|t:|1700659462\n|move|p2a: Rillaboom|Grassy Glide|p1a: Blacephalon\n|-resisted|p1a: Blacephalon\n|-damage|p1a: Blacephalon|52\/100\n|move|p1a: Blacephalon|Shadow Ball|p2a: Rillaboom\n|-damage|p2a: Rillaboom|0 fnt\n|faint|p2a: Rillaboom\n|-ability|p1a: Blacephalon|Beast Boost|boost\n|-boost|p1a: Blacephalon|spa|1\n|\n|-heal|p1a: Blacephalon|58\/100|[from] Grassy Terrain\n|upkeep\n|inactive|chl158981215 has 120 seconds left.\n|\n|t:|1700659473\n|switch|p2a: Greninja|Greninja, M|100\/100\n|-damage|p2a: Greninja|88\/100|[from] Stealth Rock\n|-damage|p2a: Greninja|72\/100|[from] Spikes\n|turn|28\n|inactive|chl158981215 has 120 seconds left.\n|\n|t:|1700659484\n|switch|p1a: Hatterene|Hatterene, F|100\/100\n|-terastallize|p2a: Greninja|Water\n|move|p2a: Greninja|Water Shuriken|p1a: Hatterene\n|-damage|p1a: Hatterene|90\/100\n|-damage|p1a: Hatterene|79\/100\n|-damage|p1a: Hatterene|68\/100\n|-hitcount|p1a: Hatterene|3\n|\n|-heal|p2a: Greninja|78\/100|[from] Grassy Terrain\n|-heal|p1a: Hatterene|74\/100|[from] Grassy Terrain\n|-heal|p1a: Hatterene|80\/100|[from] item: Leftovers\n|upkeep\n|turn|29\n|inactive|chl158981215 has 120 seconds left.\n|\n|t:|1700659503\n|switch|p2a: Moltres|Moltres, shiny|62\/100\n|move|p1a: Hatterene|Nuzzle|p2a: Moltres\n|-supereffective|p2a: Moltres\n|-damage|p2a: Moltres|56\/100\n|-status|p2a: Moltres|par\n|\n|-heal|p1a: Hatterene|86\/100|[from] Grassy Terrain\n|-heal|p1a: Hatterene|92\/100|[from] item: Leftovers\n|upkeep\n|turn|30\n|\n|t:|1700659513\n|switch|p1a: Ting-Lu|Ting-Lu, tera:Poison|68\/100\n|-ability|p1a: Ting-Lu|Vessel of Ruin\n|move|p2a: Moltres|Tailwind|p2a: Moltres\n|-sidestart|p2: chl158981215|move: Tailwind\n|\n|-heal|p1a: Ting-Lu|74\/100|[from] Grassy Terrain\n|upkeep\n|turn|31\n|\n|t:|1700659522\n|move|p2a: Moltres|Flamethrower|p1a: Ting-Lu\n|-damage|p1a: Ting-Lu|50\/100\n|move|p1a: Ting-Lu|Ruination|p2a: Moltres\n|-damage|p2a: Moltres|29\/100 par\n|\n|-heal|p1a: Ting-Lu|56\/100|[from] Grassy Terrain\n|-fieldend|move: Grassy Terrain\n|upkeep\n|turn|32\n|inactive|chl158981215 has 120 seconds left.\n|\n|t:|1700659536\n|cant|p2a: Moltres|par\n|move|p1a: Ting-Lu|Whirlwind|p2a: Moltres\n|drag|p2a: Scizor|Scizor-Mega, F|79\/100\n|-damage|p2a: Scizor|67\/100|[from] Stealth Rock\n|-damage|p2a: Scizor|50\/100|[from] Spikes\n|\n|upkeep\n|turn|33\n|inactive|chl158981215 has 120 seconds left.\n|\n|t:|1700659545\n|move|p2a: Scizor|Roost|p2a: Scizor\n|-heal|p2a: Scizor|100\/100\n|-singleturn|p2a: Scizor|move: Roost\n|move|p1a: Ting-Lu|Spikes|p2a: Scizor\n|-sidestart|p2: chl158981215|Spikes\n|\n|-sideend|p2: chl158981215|move: Tailwind\n|upkeep\n|turn|34\n|\n|t:|1700659553\n|move|p2a: Scizor|Bullet Punch|p1a: Ting-Lu\n|-crit|p1a: Ting-Lu\n|-damage|p1a: Ting-Lu|31\/100\n|move|p1a: Ting-Lu|Ruination|p2a: Scizor\n|-damage|p2a: Scizor|50\/100\n|\n|upkeep\n|turn|35\n|\n|t:|1700659560\n|move|p2a: Scizor|Bullet Punch|p1a: Ting-Lu\n|-damage|p1a: Ting-Lu|16\/100\n|move|p1a: Ting-Lu|Whirlwind|p2a: Scizor\n|drag|p2a: Greninja|Greninja, M, tera:Water|78\/100\n|-damage|p2a: Greninja|66\/100|[from] Stealth Rock\n|-damage|p2a: Greninja|41\/100|[from] Spikes\n|\n|upkeep\n|turn|36\n|inactive|chl158981215 has 120 seconds left.\n|\n|t:|1700659582\n|move|p2a: Greninja|Ice Beam|p1a: Ting-Lu\n|-damage|p1a: Ting-Lu|0 fnt\n|faint|p1a: Ting-Lu\n|\n|upkeep\n|\n|t:|1700659584\n|switch|p1a: Lopunny|Lopunny-Mega, M|54\/100\n|turn|37\n|\n|t:|1700659590\n|switch|p2a: Tapu Lele|Tapu Lele|59\/100\n|-damage|p2a: Tapu Lele|47\/100|[from] Stealth Rock\n|-damage|p2a: Tapu Lele|22\/100|[from] Spikes\n|-fieldstart|move: Psychic Terrain|[from] ability: Psychic Surge|[of] p2a: Tapu Lele\n|move|p1a: Lopunny|Fake Out|p2a: Tapu Lele\n|-activate|p2a: Tapu Lele|move: Psychic Terrain\n|\n|upkeep\n|turn|38\n|\n|t:|1700659606\n|switch|p1a: Hatterene|Hatterene, F|92\/100\n|move|p2a: Tapu Lele|Psychic|p1a: Hatterene\n|-resisted|p1a: Hatterene\n|-damage|p1a: Hatterene|57\/100\n|\n|-heal|p1a: Hatterene|63\/100|[from] item: Leftovers\n|upkeep\n|turn|39\n|\n|t:|1700659614\n|move|p2a: Tapu Lele|Psychic|p1a: Hatterene\n|-resisted|p1a: Hatterene\n|-damage|p1a: Hatterene|29\/100\n|move|p1a: Hatterene|Draining Kiss|p2a: Tapu Lele\n|-damage|p2a: Tapu Lele|0 fnt\n|-heal|p1a: Hatterene|43\/100|[from] drain|[of] p2a: Tapu Lele\n|faint|p2a: Tapu Lele\n|\n|-heal|p1a: Hatterene|49\/100|[from] item: Leftovers\n|upkeep\n|\n|t:|1700659623\n|switch|p2a: Scizor|Scizor-Mega, F|50\/100\n|-damage|p2a: Scizor|38\/100|[from] Stealth Rock\n|-damage|p2a: Scizor|13\/100|[from] Spikes\n|turn|40\n|\n|t:|1700659631\n|move|p2a: Scizor|Roost|p2a: Scizor\n|-heal|p2a: Scizor|63\/100\n|-singleturn|p2a: Scizor|move: Roost\n|move|p1a: Hatterene|Mystical Fire|p2a: Scizor\n|-supereffective|p2a: Scizor\n|-damage|p2a: Scizor|0 fnt\n|faint|p2a: Scizor\n|\n|-heal|p1a: Hatterene|55\/100|[from] item: Leftovers\n|upkeep\n|\n|t:|1700659640\n|switch|p2a: Moltres|Moltres, shiny|29\/100 par\n|turn|41\n|\n|t:|1700659646\n|move|p2a: Moltres|Roost|p2a: Moltres\n|-heal|p2a: Moltres|79\/100 par\n|-singleturn|p2a: Moltres|move: Roost\n|move|p1a: Hatterene|Calm Mind|p1a: Hatterene\n|-boost|p1a: Hatterene|spa|1\n|-boost|p1a: Hatterene|spd|1\n|\n|-heal|p1a: Hatterene|61\/100|[from] item: Leftovers\n|-fieldend|move: Psychic Terrain\n|upkeep\n|turn|42\n|\n|t:|1700659656\n|move|p2a: Moltres|U-turn|p1a: Hatterene\n|-damage|p1a: Hatterene|50\/100\n|\n|t:|1700659658\n|switch|p2a: Greninja|Greninja, M, tera:Water|41\/100|[from] U-turn\n|-damage|p2a: Greninja|28\/100|[from] Stealth Rock\n|-damage|p2a: Greninja|4\/100|[from] Spikes\n|move|p1a: Hatterene|Calm Mind|p1a: Hatterene\n|-boost|p1a: Hatterene|spa|1\n|-boost|p1a: Hatterene|spd|1\n|\n|-heal|p1a: Hatterene|56\/100|[from] item: Leftovers\n|upkeep\n|turn|43\n|-message|chl158981215 forfeited.\n|\n|win|Yuanshen61\u6211\u8981\u73a9\u539f\u795e\n|raw|Yuanshen61\u6211\u8981\u73a9\u539f\u795e's rating: 1451 &rarr; <strong>1468<\/strong><br \/>(+17 for winning)\n|raw|chl158981215's rating: 1407 &rarr; <strong>1390<\/strong><br \/>(-17 for losing)\n|l|\u2606chl158981215\n","uploadtime":1700659669,"views":0,"p1id":"yuanshen61","p2id":"chl158981215","formatid":"gen9nationaldex","rating":1390,"private":0,"password":""}