{"id":"gen9nationaldex-1992528452","p1":"Goeasyplzz","p2":"mtyqjltz5","format":"[Gen 9] National Dex","log":"|j|\u2606Goeasyplzz\n|j|\u2606mtyqjltz5\n|t:|1700200088\n|gametype|singles\n|player|p1|Goeasyplzz|caitlin|1375\n|player|p2|mtyqjltz5|elesa|1462\n|teamsize|p1|6\n|teamsize|p2|6\n|gen|9\n|tier|[Gen 9] National Dex\n|rated|\n|rule|HP Percentage Mod: HP is shown in percentages\n|rule|Endless Battle Clause: Forcing endless battles is banned\n|rule|OHKO Clause: OHKO moves are banned\n|rule|Evasion Clause: Evasion abilities, items, and moves are banned\n|rule|Evasion Abilities Clause: Evasion abilities are banned\n|rule|Evasion Items Clause: Evasion items are banned\n|rule|Evasion Moves Clause: Evasion moves are banned\n|rule|Species Clause: Limit one of each Pok\u00e9mon\n|rule|Sleep Clause Mod: Limit one foe put to sleep\n|clearpoke\n|poke|p1|Jirachi|\n|poke|p1|Togekiss, F|\n|poke|p1|Scizor, M|\n|poke|p1|Porygon2|\n|poke|p1|Ogerpon-Wellspring, F|\n|poke|p1|Zapdos|\n|poke|p2|Pidgeot, M|\n|poke|p2|Rotom-Wash|\n|poke|p2|Slowking-Galar, M|\n|poke|p2|Rillaboom, M|\n|poke|p2|Ceruledge, M|\n|poke|p2|Great Tusk|\n|teampreview\n|inactive|Battle timer is ON: inactive players will automatically lose when time's up. (requested by mtyqjltz5)\n|\n|t:|1700200101\n|start\n|switch|p1a: Zapdos|Zapdos|100\/100\n|switch|p2a: Pidgeot|Pidgeot, M, shiny|100\/100\n|turn|1\n|\n|t:|1700200109\n|switch|p2a: Slowking|Slowking-Galar, M, shiny|100\/100\n|move|p1a: Zapdos|Discharge|p2a: Slowking\n|-damage|p2a: Slowking|76\/100\n|-status|p2a: Slowking|par\n|\n|upkeep\n|turn|2\n|\n|t:|1700200121\n|switch|p1a: Jirachi|Jirachi, shiny|100\/100\n|cant|p2a: Slowking|par\n|\n|upkeep\n|turn|3\n|\n|t:|1700200126\n|move|p1a: Jirachi|Iron Head|p2a: Slowking\n|-damage|p2a: Slowking|43\/100 par\n|cant|p2a: Slowking|flinch\n|\n|upkeep\n|turn|4\n|\n|t:|1700200133\n|move|p1a: Jirachi|Iron Head|p2a: Slowking\n|-damage|p2a: Slowking|10\/100 par\n|cant|p2a: Slowking|flinch\n|\n|upkeep\n|turn|5\n|\n|t:|1700200137\n|switch|p2a: Rotom|Rotom-Wash, shiny|100\/100\n|move|p1a: Jirachi|Iron Head|p2a: Rotom\n|-resisted|p2a: Rotom\n|-damage|p2a: Rotom|94\/100\n|\n|-heal|p2a: Rotom|99\/100|[from] item: Leftovers\n|upkeep\n|turn|6\n|\n|t:|1700200144\n|move|p1a: Jirachi|Toxic|p2a: Rotom\n|-status|p2a: Rotom|tox\n|move|p2a: Rotom|Will-O-Wisp|p1a: Jirachi|[miss]\n|-miss|p2a: Rotom|p1a: Jirachi\n|\n|-heal|p2a: Rotom|100\/100 tox|[from] item: Leftovers\n|-damage|p2a: Rotom|94\/100 tox|[from] psn\n|upkeep\n|turn|7\n|\n|t:|1700200155\n|switch|p1a: Porygon2|Porygon2, shiny|100\/100\n|-ability|p1a: Porygon2|Levitate|[from] ability: Trace|[of] p2a: Rotom\n|move|p2a: Rotom|Will-O-Wisp|p1a: Porygon2\n|-status|p1a: Porygon2|brn\n|\n|-heal|p2a: Rotom|100\/100 tox|[from] item: Leftovers\n|-damage|p2a: Rotom|88\/100 tox|[from] psn\n|-damage|p1a: Porygon2|94\/100 brn|[from] brn\n|upkeep\n|turn|8\n|\n|t:|1700200162\n|switch|p2a: Slowking|Slowking-Galar, M, shiny|44\/100 par\n|move|p1a: Porygon2|Tri Attack|p2a: Slowking\n|-damage|p2a: Slowking|26\/100 par\n|\n|-damage|p1a: Porygon2|88\/100 brn|[from] brn\n|upkeep\n|turn|9\n|\n|t:|1700200183\n|switch|p2a: Ceruledge|Ceruledge, M|100\/100\n|move|p1a: Porygon2|Tri Attack|p2a: Ceruledge\n|-immune|p2a: Ceruledge\n|\n|-damage|p1a: Porygon2|82\/100 brn|[from] brn\n|upkeep\n|turn|10\n|\n|t:|1700200195\n|move|p2a: Ceruledge|Swords Dance|p2a: Ceruledge\n|-boost|p2a: Ceruledge|atk|2\n|move|p1a: Porygon2|Thunder Wave|p2a: Ceruledge\n|-status|p2a: Ceruledge|par\n|\n|-damage|p1a: Porygon2|76\/100 brn|[from] brn\n|upkeep\n|turn|11\n|\n|t:|1700200203\n|switch|p1a: Togekiss|Togekiss, F|100\/100\n|move|p2a: Ceruledge|Bitter Blade|p1a: Togekiss\n|-damage|p1a: Togekiss|0 fnt\n|faint|p1a: Togekiss\n|\n|upkeep\n|\n|t:|1700200208\n|switch|p1a: Ogerpon|Ogerpon-Wellspring, F|100\/100\n|turn|12\n|\n|t:|1700200215\n|-terastallize|p1a: Ogerpon|Water\n|detailschange|p1a: Ogerpon|Ogerpon-Wellspring-Tera, F, tera:Water\n|-ability|p1a: Ogerpon|Embody Aspect (Wellspring)|boost\n|-boost|p1a: Ogerpon|spd|1\n|move|p1a: Ogerpon|Ivy Cudgel|p2a: Ceruledge|[anim] Ivy Cudgel Water\n|-supereffective|p2a: Ceruledge\n|-enditem|p2a: Ceruledge|Focus Sash\n|-damage|p2a: Ceruledge|1\/100 par\n|-ability|p2a: Ceruledge|Weak Armor|boost\n|-unboost|p2a: Ceruledge|def|1\n|-boost|p2a: Ceruledge|spe|2\n|move|p2a: Ceruledge|Poltergeist|p1a: Ogerpon\n|-activate|p1a: Ogerpon|move: Poltergeist|Wellspring Mask\n|-damage|p1a: Ogerpon|0 fnt\n|faint|p1a: Ogerpon\n|\n|upkeep\n|\n|t:|1700200222\n|switch|p1a: Jirachi|Jirachi, shiny|100\/100\n|turn|13\n|\n|t:|1700200237\n|move|p2a: Ceruledge|Shadow Sneak|p1a: Jirachi\n|-supereffective|p1a: Jirachi\n|-damage|p1a: Jirachi|12\/100\n|-damage|p2a: Ceruledge|0 fnt|[from] item: Rocky Helmet|[of] p1a: Jirachi\n|faint|p2a: Ceruledge\n|move|p1a: Jirachi|Ice Punch|p2: Ceruledge|[notarget]\n|-fail|p1a: Jirachi\n|\n|upkeep\n|inactive|mtyqjltz5 has 120 seconds left.\n|\n|t:|1700200262\n|switch|p2a: Pidgeot|Pidgeot, M, shiny|100\/100\n|turn|14\n|\n|t:|1700200267\n|switch|p1a: Porygon2|Porygon2, shiny|76\/100 brn\n|-ability|p1a: Porygon2|Big Pecks|[from] ability: Trace|[of] p2a: Pidgeot\n|detailschange|p2a: Pidgeot|Pidgeot-Mega, M, shiny\n|-mega|p2a: Pidgeot|Pidgeot|Pidgeotite\n|move|p2a: Pidgeot|Heat Wave|p1a: Porygon2\n|-damage|p1a: Porygon2|60\/100 brn\n|\n|-damage|p1a: Porygon2|54\/100 brn|[from] brn\n|upkeep\n|turn|15\n|\n|t:|1700200276\n|move|p2a: Pidgeot|U-turn|p1a: Porygon2\n|-damage|p1a: Porygon2|46\/100 brn\n|\n|t:|1700200280\n|switch|p2a: Slowking|Slowking-Galar, M, shiny|59\/100 par|[from] U-turn\n|move|p1a: Porygon2|Ice Beam|p2a: Slowking\n|-damage|p2a: Slowking|47\/100 par\n|\n|-damage|p1a: Porygon2|40\/100 brn|[from] brn\n|upkeep\n|turn|16\n|\n|t:|1700200288\n|move|p1a: Porygon2|Recover|p1a: Porygon2\n|-heal|p1a: Porygon2|90\/100 brn\n|cant|p2a: Slowking|par\n|\n|-damage|p1a: Porygon2|84\/100 brn|[from] brn\n|upkeep\n|turn|17\n|\n|t:|1700200296\n|move|p1a: Porygon2|Tri Attack|p2a: Slowking\n|-damage|p2a: Slowking|29\/100 par\n|move|p2a: Slowking|Future Sight|p1a: Porygon2\n|-start|p2a: Slowking|move: Future Sight\n|\n|-damage|p1a: Porygon2|78\/100 brn|[from] brn\n|upkeep\n|turn|18\n|\n|t:|1700200304\n|switch|p2a: Rotom|Rotom-Wash, shiny|88\/100 tox\n|move|p1a: Porygon2|Tri Attack|p2a: Rotom\n|-damage|p2a: Rotom|57\/100 tox\n|\n|-heal|p2a: Rotom|63\/100 tox|[from] item: Leftovers\n|-damage|p2a: Rotom|57\/100 tox|[from] psn\n|-damage|p1a: Porygon2|71\/100 brn|[from] brn\n|upkeep\n|turn|19\n|\n|t:|1700200315\n|move|p2a: Rotom|Volt Switch|p1a: Porygon2\n|-damage|p1a: Porygon2|60\/100 brn\n|\n|t:|1700200319\n|switch|p2a: Rillaboom|Rillaboom, M|100\/100|[from] Volt Switch\n|-fieldstart|move: Grassy Terrain|[from] ability: Grassy Surge|[of] p2a: Rillaboom\n|move|p1a: Porygon2|Recover|p1a: Porygon2\n|-heal|p1a: Porygon2|100\/100 brn\n|\n|-end|p1a: Porygon2|move: Future Sight\n|-damage|p1a: Porygon2|79\/100 brn\n|-heal|p1a: Porygon2|85\/100 brn|[from] Grassy Terrain\n|-damage|p1a: Porygon2|79\/100 brn|[from] brn\n|upkeep\n|turn|20\n|\n|t:|1700200328\n|move|p2a: Rillaboom|Knock Off|p1a: Porygon2\n|-damage|p1a: Porygon2|42\/100 brn\n|-enditem|p1a: Porygon2|Eviolite|[from] move: Knock Off|[of] p2a: Rillaboom\n|move|p1a: Porygon2|Ice Beam|p2a: Rillaboom\n|-supereffective|p2a: Rillaboom\n|-damage|p2a: Rillaboom|44\/100\n|\n|-heal|p2a: Rillaboom|50\/100|[from] Grassy Terrain\n|-heal|p1a: Porygon2|48\/100 brn|[from] Grassy Terrain\n|-damage|p1a: Porygon2|42\/100 brn|[from] brn\n|upkeep\n|turn|21\n|\n|t:|1700200338\n|switch|p2a: Slowking|Slowking-Galar, M, shiny|62\/100 par\n|move|p1a: Porygon2|Thunder Wave|p2a: Slowking\n|-fail|p2a: Slowking|par\n|\n|-heal|p1a: Porygon2|48\/100 brn|[from] Grassy Terrain\n|-heal|p2a: Slowking|68\/100 par|[from] Grassy Terrain\n|-damage|p1a: Porygon2|42\/100 brn|[from] brn\n|upkeep\n|turn|22\n|\n|t:|1700200345\n|move|p1a: Porygon2|Recover|p1a: Porygon2\n|-heal|p1a: Porygon2|92\/100 brn\n|move|p2a: Slowking|Future Sight|p1a: Porygon2\n|-start|p2a: Slowking|move: Future Sight\n|\n|-heal|p1a: Porygon2|98\/100 brn|[from] Grassy Terrain\n|-heal|p2a: Slowking|74\/100 par|[from] Grassy Terrain\n|-damage|p1a: Porygon2|92\/100 brn|[from] brn\n|upkeep\n|turn|23\n|\n|t:|1700200354\n|switch|p1a: Zapdos|Zapdos|100\/100\n|move|p2a: Slowking|Sludge Bomb|p1a: Zapdos\n|-damage|p1a: Zapdos|64\/100\n|-status|p1a: Zapdos|psn\n|\n|-heal|p1a: Zapdos|70\/100 psn|[from] item: Leftovers\n|-heal|p2a: Slowking|80\/100 par|[from] Grassy Terrain\n|-damage|p1a: Zapdos|58\/100 psn|[from] psn\n|-fieldend|move: Grassy Terrain\n|upkeep\n|turn|24\n|\n|t:|1700200367\n|switch|p1a: Scizor|Scizor, M|100\/100\n|move|p2a: Slowking|Sludge Bomb|p1a: Scizor\n|-immune|p1a: Scizor\n|\n|-end|p1a: Scizor|move: Future Sight\n|-resisted|p1a: Scizor\n|-damage|p1a: Scizor|73\/100\n|upkeep\n|turn|25\n|inactive|mtyqjltz5 has 120 seconds left.\n|inactive|mtyqjltz5 has 90 seconds left.\n|\n|t:|1700200440\n|switch|p2a: Pidgeot|Pidgeot-Mega, M, shiny|100\/100\n|detailschange|p1a: Scizor|Scizor-Mega, M\n|-mega|p1a: Scizor|Scizor|Scizorite\n|move|p1a: Scizor|Swords Dance|p1a: Scizor\n|-boost|p1a: Scizor|atk|2\n|\n|upkeep\n|turn|26\n|\n|t:|1700200447\n|move|p1a: Scizor|Bullet Punch|p2a: Pidgeot\n|-damage|p2a: Pidgeot|1\/100\n|move|p2a: Pidgeot|Heat Wave|p1a: Scizor\n|-supereffective|p1a: Scizor\n|-damage|p1a: Scizor|0 fnt\n|faint|p1a: Scizor\n|\n|upkeep\n|-message|Goeasyplzz forfeited.\n|\n|win|mtyqjltz5\n|raw|Goeasyplzz's rating: 1375 &rarr; <strong>1360<\/strong><br \/>(-15 for losing)\n|raw|mtyqjltz5's rating: 1462 &rarr; <strong>1477<\/strong><br \/>(+15 for winning)\n|l|\u2606Goeasyplzz\n","uploadtime":1700200461,"views":4,"p1id":"goeasyplzz","p2id":"mtyqjltz5","formatid":"gen9nationaldex","rating":1360,"private":0,"password":""}