{"id":"gen9nationaldex-1989847772","p1":"testing a funni3","p2":"lyx114","format":"[Gen 9] National Dex","log":"|j|\u2606testing a funni3\n|j|\u2606lyx114\n|t:|1699900733\n|gametype|singles\n|player|p1|testing a funni3|unknownf|1380\n|player|p2|lyx114|backersf|1287\n|teamsize|p1|6\n|teamsize|p2|6\n|gen|9\n|tier|[Gen 9] National Dex\n|rated|\n|rule|HP Percentage Mod: HP is shown in percentages\n|rule|Endless Battle Clause: Forcing endless battles is banned\n|rule|OHKO Clause: OHKO moves are banned\n|rule|Evasion Clause: Evasion abilities, items, and moves are banned\n|rule|Evasion Abilities Clause: Evasion abilities are banned\n|rule|Evasion Items Clause: Evasion items are banned\n|rule|Evasion Moves Clause: Evasion moves are banned\n|rule|Species Clause: Limit one of each Pok\u00e9mon\n|rule|Sleep Clause Mod: Limit one foe put to sleep\n|clearpoke\n|poke|p1|Hoopa-Unbound|\n|poke|p1|Tapu Bulu|\n|poke|p1|Volcanion|\n|poke|p1|Scizor, F|\n|poke|p1|Umbreon, F|\n|poke|p1|Zapdos|\n|poke|p2|Alomomola, F|\n|poke|p2|Medicham, M|\n|poke|p2|Talonflame, F|\n|poke|p2|Great Tusk|\n|poke|p2|Slowking-Galar, M|\n|poke|p2|Tapu Lele|\n|teampreview\n|\n|t:|1699900745\n|start\n|switch|p1a: Volcanion|Volcanion|100\/100\n|switch|p2a: Medicham|Medicham, M|100\/100\n|turn|1\n|\n|t:|1699900751\n|switch|p1a: Zapdos|Zapdos|100\/100\n|detailschange|p2a: Medicham|Medicham-Mega, M\n|-mega|p2a: Medicham|Medicham|Medichamite\n|move|p2a: Medicham|Close Combat|p1a: Zapdos\n|-resisted|p1a: Zapdos\n|-damage|p1a: Zapdos|44\/100\n|-unboost|p2a: Medicham|def|1\n|-unboost|p2a: Medicham|spd|1\n|-damage|p2a: Medicham|84\/100|[from] item: Rocky Helmet|[of] p1a: Zapdos\n|-status|p2a: Medicham|par|[from] ability: Static|[of] p1a: Zapdos\n|\n|upkeep\n|turn|2\n|\n|t:|1699900764\n|move|p1a: Zapdos|Roost|p1a: Zapdos\n|-heal|p1a: Zapdos|94\/100\n|-singleturn|p1a: Zapdos|move: Roost\n|move|p2a: Medicham|Close Combat|p1a: Zapdos\n|-damage|p1a: Zapdos|0 fnt\n|-unboost|p2a: Medicham|def|1\n|-unboost|p2a: Medicham|spd|1\n|-damage|p2a: Medicham|68\/100 par|[from] item: Rocky Helmet|[of] p1a: Zapdos\n|faint|p1a: Zapdos\n|\n|upkeep\n|\n|t:|1699900773\n|switch|p1a: Scizor|Scizor, F|100\/100\n|turn|3\n|\n|t:|1699900778\n|detailschange|p1a: Scizor|Scizor-Mega, F\n|-mega|p1a: Scizor|Scizor|Scizorite\n|move|p2a: Medicham|Close Combat|p1a: Scizor\n|-damage|p1a: Scizor|42\/100\n|-unboost|p2a: Medicham|def|1\n|-unboost|p2a: Medicham|spd|1\n|move|p1a: Scizor|U-turn|p2a: Medicham\n|-damage|p2a: Medicham|0 fnt\n|faint|p2a: Medicham\n|\n|t:|1699900792\n|switch|p1a: Volcanion|Volcanion|100\/100|[from] U-turn\n|\n|upkeep\n|\n|t:|1699900796\n|switch|p2a: Tapu Lele|Tapu Lele|100\/100\n|-fieldstart|move: Psychic Terrain|[from] ability: Psychic Surge|[of] p2a: Tapu Lele\n|turn|4\n|\n|t:|1699900804\n|-terastallize|p2a: Tapu Lele|Psychic\n|move|p2a: Tapu Lele|Psychic|p1a: Volcanion\n|-damage|p1a: Volcanion|24\/100\n|move|p1a: Volcanion|Sludge Bomb|p2a: Tapu Lele\n|-damage|p2a: Tapu Lele|63\/100\n|-status|p2a: Tapu Lele|psn\n|\n|-damage|p2a: Tapu Lele|51\/100 psn|[from] psn\n|upkeep\n|turn|5\n|\n|t:|1699900816\n|switch|p2a: Great Tusk|Great Tusk|100\/100\n|switch|p1a: Umbreon|Umbreon, F|100\/100\n|\n|upkeep\n|turn|6\n|\n|t:|1699900821\n|switch|p1a: Tapu Bulu|Tapu Bulu|100\/100\n|-fieldstart|move: Grassy Terrain|[from] ability: Grassy Surge|[of] p1a: Tapu Bulu\n|move|p2a: Great Tusk|Close Combat|p1a: Tapu Bulu\n|-resisted|p1a: Tapu Bulu\n|-damage|p1a: Tapu Bulu|78\/100\n|-unboost|p2a: Great Tusk|def|1\n|-unboost|p2a: Great Tusk|spd|1\n|\n|-heal|p1a: Tapu Bulu|84\/100|[from] Grassy Terrain\n|upkeep\n|turn|7\n|\n|t:|1699900830\n|-end|p2a: Great Tusk|Protosynthesis|[silent]\n|switch|p2a: Slowking|Slowking-Galar, M|100\/100\n|move|p1a: Tapu Bulu|Leech Seed|p2a: Slowking\n|-start|p2a: Slowking|move: Leech Seed\n|\n|-heal|p1a: Tapu Bulu|91\/100|[from] Grassy Terrain\n|-damage|p2a: Slowking|88\/100|[from] Leech Seed|[of] p1a: Tapu Bulu\n|-heal|p1a: Tapu Bulu|100\/100|[silent]\n|upkeep\n|turn|8\n|\n|t:|1699900834\n|move|p1a: Tapu Bulu|High Horsepower|p2a: Slowking|[miss]\n|-miss|p1a: Tapu Bulu|p2a: Slowking\n|move|p2a: Slowking|Chilly Reception|p2a: Slowking\n|-weather|Snow\n|\n|t:|1699900838\n|switch|p2a: Talonflame|Talonflame, F|100\/100|[from] Chilly Reception\n|\n|-weather|Snow|[upkeep]\n|upkeep\n|turn|9\n|\n|t:|1699900846\n|move|p2a: Talonflame|Brave Bird|p1a: Tapu Bulu\n|-supereffective|p1a: Tapu Bulu\n|-damage|p1a: Tapu Bulu|1\/100\n|-damage|p2a: Talonflame|62\/100|[from] Recoil\n|move|p1a: Tapu Bulu|Toxic|p2a: Talonflame\n|-status|p2a: Talonflame|tox\n|\n|-weather|Snow|[upkeep]\n|-heal|p1a: Tapu Bulu|7\/100|[from] Grassy Terrain\n|-damage|p2a: Talonflame|56\/100 tox|[from] psn\n|upkeep\n|turn|10\n|\n|t:|1699900854\n|switch|p1a: Umbreon|Umbreon, F|100\/100\n|move|p2a: Talonflame|Brave Bird|p1a: Umbreon\n|-damage|p1a: Umbreon|50\/100\n|-damage|p2a: Talonflame|35\/100 tox|[from] Recoil\n|\n|-weather|Snow|[upkeep]\n|-heal|p1a: Umbreon|56\/100|[from] Grassy Terrain\n|-heal|p1a: Umbreon|62\/100|[from] item: Leftovers\n|-damage|p2a: Talonflame|22\/100 tox|[from] psn\n|upkeep\n|turn|11\n|\n|t:|1699900859\n|switch|p2a: Slowking|Slowking-Galar, M|100\/100\n|move|p1a: Umbreon|Wish|p1a: Umbreon\n|\n|-weather|Snow|[upkeep]\n|-heal|p1a: Umbreon|69\/100|[from] Grassy Terrain\n|-heal|p1a: Umbreon|75\/100|[from] item: Leftovers\n|upkeep\n|turn|12\n|\n|t:|1699900868\n|switch|p1a: Volcanion|Volcanion|24\/100\n|move|p2a: Slowking|Chilly Reception|p2a: Slowking\n|\n|t:|1699900875\n|switch|p2a: Great Tusk|Great Tusk|100\/100|[from] Chilly Reception\n|\n|-weather|none\n|-heal|p1a: Volcanion|79\/100|[from] move: Wish|[wisher] Umbreon\n|-heal|p1a: Volcanion|85\/100|[from] Grassy Terrain\n|upkeep\n|turn|13\n|\n|t:|1699900883\n|-end|p2a: Great Tusk|Protosynthesis|[silent]\n|switch|p2a: Slowking|Slowking-Galar, M|100\/100\n|-terastallize|p1a: Volcanion|Ground\n|move|p1a: Volcanion|Steam Eruption|p2a: Slowking\n|-damage|p2a: Slowking|66\/100\n|-status|p2a: Slowking|brn\n|\n|-heal|p1a: Volcanion|91\/100|[from] Grassy Terrain\n|-heal|p2a: Slowking|72\/100 brn|[from] Grassy Terrain\n|-damage|p2a: Slowking|66\/100 brn|[from] brn\n|-fieldend|move: Grassy Terrain\n|upkeep\n|turn|14\n|\n|t:|1699900893\n|move|p1a: Volcanion|Earth Power|p2a: Slowking\n|-supereffective|p2a: Slowking\n|-damage|p2a: Slowking|9\/100 brn\n|move|p2a: Slowking|Chilly Reception|p2a: Slowking\n|-weather|Snow\n|\n|t:|1699900902\n|switch|p2a: Talonflame|Talonflame, F|22\/100 tox|[from] Chilly Reception\n|\n|-weather|Snow|[upkeep]\n|-damage|p2a: Talonflame|16\/100 tox|[from] psn\n|upkeep\n|turn|15\n|\n|t:|1699900910\n|switch|p1a: Umbreon|Umbreon, F|75\/100\n|move|p2a: Talonflame|Brave Bird|p1a: Umbreon\n|-damage|p1a: Umbreon|26\/100\n|-damage|p2a: Talonflame|0 fnt|[from] Recoil\n|faint|p2a: Talonflame\n|\n|-weather|Snow|[upkeep]\n|-heal|p1a: Umbreon|32\/100|[from] item: Leftovers\n|upkeep\n|\n|t:|1699900915\n|switch|p2a: Great Tusk|Great Tusk|100\/100\n|turn|16\n|\n|t:|1699900920\n|move|p1a: Umbreon|Protect|p1a: Umbreon\n|-singleturn|p1a: Umbreon|Protect\n|move|p2a: Great Tusk|Close Combat|p1a: Umbreon\n|-activate|p1a: Umbreon|move: Protect\n|\n|-weather|Snow|[upkeep]\n|-heal|p1a: Umbreon|38\/100|[from] item: Leftovers\n|upkeep\n|turn|17\n|\n|t:|1699900938\n|move|p2a: Great Tusk|Close Combat|p1a: Umbreon\n|-supereffective|p1a: Umbreon\n|-damage|p1a: Umbreon|0 fnt\n|-unboost|p2a: Great Tusk|def|1\n|-unboost|p2a: Great Tusk|spd|1\n|faint|p1a: Umbreon\n|\n|-weather|Snow|[upkeep]\n|upkeep\n|\n|t:|1699900941\n|switch|p1a: Volcanion|Volcanion, tera:Ground|91\/100\n|turn|18\n|\n|t:|1699900945\n|-end|p2a: Great Tusk|Protosynthesis|[silent]\n|switch|p2a: Alomomola|Alomomola, F|100\/100\n|move|p1a: Volcanion|Steam Eruption|p2a: Alomomola\n|-resisted|p2a: Alomomola\n|-damage|p2a: Alomomola|61\/100\n|\n|-weather|none\n|upkeep\n|turn|19\n|\n|t:|1699900953\n|move|p1a: Volcanion|Earth Power|p2a: Alomomola\n|-damage|p2a: Alomomola|0 fnt\n|faint|p2a: Alomomola\n|\n|upkeep\n|\n|t:|1699900956\n|switch|p2a: Tapu Lele|Tapu Lele, tera:Psychic|51\/100 psn\n|-fieldstart|move: Psychic Terrain|[from] ability: Psychic Surge|[of] p2a: Tapu Lele\n|turn|20\n|\n|t:|1699900961\n|move|p2a: Tapu Lele|Psychic|p1a: Volcanion\n|-damage|p1a: Volcanion|6\/100\n|move|p1a: Volcanion|Sludge Bomb|p2a: Tapu Lele\n|-damage|p2a: Tapu Lele|13\/100 psn\n|\n|-damage|p2a: Tapu Lele|0 fnt|[from] psn\n|faint|p2a: Tapu Lele\n|upkeep\n|-message|lyx114 forfeited.\n|\n|win|testing a funni3\n|raw|testing a funni3's rating: 1380 &rarr; <strong>1395<\/strong><br \/>(+15 for winning)\n|raw|lyx114's rating: 1287 &rarr; <strong>1269<\/strong><br \/>(-18 for losing)\n|l|\u2606lyx114\n","uploadtime":1699900968,"views":16,"p1id":"testingafunni3","p2id":"lyx114","formatid":"gen9nationaldex","rating":1269,"private":0,"password":""}