{"id":"gen9nationaldex-1997467631","p1":"violetevera","p2":"ksksjsnsbaba","format":"[Gen 9] National Dex","log":"|html|<div class=\"broadcast-blue\"><strong>[Gen 9] National Dex is currently suspecting Sneasler! For information on how to participate check out the <a href=\"https:\/\/www.smogon.com\/forums\/threads\/sv-national-dex-suspect-8-just-dance.3731534\/\">suspect thread<\/a>.<\/strong><\/div>\n|j|\u203dvioletevera\n|j|\u2606ksksjsnsbaba\n|t:|1700810534\n|gametype|singles\n|player|p1|violetevera|dawn|1294\n|player|p2|ksksjsnsbaba|plasmagrunt|1378\n|teamsize|p1|6\n|teamsize|p2|6\n|gen|9\n|tier|[Gen 9] National Dex\n|rated|\n|rule|HP Percentage Mod: HP is shown in percentages\n|rule|Endless Battle Clause: Forcing endless battles is banned\n|rule|OHKO Clause: OHKO moves are banned\n|rule|Evasion Clause: Evasion abilities, items, and moves are banned\n|rule|Evasion Abilities Clause: Evasion abilities are banned\n|rule|Evasion Items Clause: Evasion items are banned\n|rule|Evasion Moves Clause: Evasion moves are banned\n|rule|Species Clause: Limit one of each Pok\u00e9mon\n|rule|Sleep Clause Mod: Limit one foe put to sleep\n|clearpoke\n|poke|p1|Landorus-Therian, M|\n|poke|p1|Ampharos, M|\n|poke|p1|Heatran, M|\n|poke|p1|Sylveon, M|\n|poke|p1|Banette, F|\n|poke|p1|Tapu Fini|\n|poke|p2|Rillaboom, M|\n|poke|p2|Ogerpon-Wellspring, F|\n|poke|p2|Hydreigon, F|\n|poke|p2|Skeledirge, M|\n|poke|p2|Clodsire, M|\n|poke|p2|Corviknight, M|\n|teampreview\n|inactive|Battle timer is ON: inactive players will automatically lose when time's up. (requested by violetevera)\n|\n|t:|1700810556\n|start\n|switch|p1a: Tapu Fini|Tapu Fini|100\/100\n|switch|p2a: Bugcatcher|Rillaboom, M|100\/100\n|-fieldstart|move: Misty Terrain|[from] ability: Misty Surge|[of] p1a: Tapu Fini\n|-fieldstart|move: Grassy Terrain|[from] ability: Grassy Surge|[of] p2a: Bugcatcher\n|turn|1\n|\n|t:|1700810584\n|switch|p1a: Heatran|Heatran, M|100\/100\n|move|p2a: Bugcatcher|Superpower|p1a: Heatran\n|-supereffective|p1a: Heatran\n|-damage|p1a: Heatran|0 fnt\n|-unboost|p2a: Bugcatcher|atk|1\n|-unboost|p2a: Bugcatcher|def|1\n|faint|p1a: Heatran\n|\n|upkeep\n|inactive|violetevera has 120 seconds left.\n|\n|t:|1700810598\n|switch|p1a: Banette|Banette, F|100\/100\n|turn|2\n|\n|t:|1700810604\n|switch|p2a: Medusa|Hydreigon, F|100\/100\n|detailschange|p1a: Banette|Banette-Mega, F\n|-mega|p1a: Banette|Banette|Banettite\n|move|p1a: Banette|Encore|p2a: Medusa\n|-hint|Since gen 7, Dark is immune to Prankster moves.\n|-immune|p2a: Medusa\n|\n|upkeep\n|turn|3\n|\n|t:|1700810609\n|move|p1a: Banette|Destiny Bond|p1a: Banette\n|-singlemove|p1a: Banette|Destiny Bond\n|move|p2a: Medusa|Nasty Plot|p2a: Medusa\n|-boost|p2a: Medusa|spa|2\n|\n|upkeep\n|turn|4\n|\n|t:|1700810614\n|move|p2a: Medusa|Nasty Plot|p2a: Medusa\n|-boost|p2a: Medusa|spa|2\n|move|p1a: Banette|Poltergeist|p2a: Medusa\n|-activate|p2a: Medusa|move: Poltergeist|Leftovers\n|-resisted|p2a: Medusa\n|-damage|p2a: Medusa|64\/100\n|\n|-heal|p2a: Medusa|70\/100|[from] item: Leftovers\n|upkeep\n|turn|5\n|\n|t:|1700810618\n|move|p1a: Banette|Destiny Bond|p1a: Banette\n|-singlemove|p1a: Banette|Destiny Bond\n|move|p2a: Medusa|Roost|p2a: Medusa\n|-heal|p2a: Medusa|100\/100\n|-singleturn|p2a: Medusa|move: Roost\n|\n|-fieldend|move: Grassy Terrain\n|upkeep\n|turn|6\n|\n|t:|1700810629\n|move|p1a: Banette|Encore|p2a: Medusa\n|-hint|Since gen 7, Dark is immune to Prankster moves.\n|-immune|p2a: Medusa\n|move|p2a: Medusa|Nasty Plot|p2a: Medusa\n|-boost|p2a: Medusa|spa|2\n|\n|upkeep\n|turn|7\n|\n|t:|1700810633\n|move|p1a: Banette|Destiny Bond|p1a: Banette\n|-singlemove|p1a: Banette|Destiny Bond\n|move|p2a: Medusa|Nasty Plot|p2a: Medusa\n|-boost|p2a: Medusa|spa|0\n|\n|upkeep\n|turn|8\n|\n|t:|1700810639\n|move|p2a: Medusa|Nasty Plot|p2a: Medusa\n|-boost|p2a: Medusa|spa|0\n|move|p1a: Banette|Poltergeist|p2a: Medusa\n|-activate|p2a: Medusa|move: Poltergeist|Leftovers\n|-resisted|p2a: Medusa\n|-damage|p2a: Medusa|64\/100\n|\n|-heal|p2a: Medusa|70\/100|[from] item: Leftovers\n|upkeep\n|turn|9\n|\n|t:|1700810645\n|move|p1a: Banette|Destiny Bond|p1a: Banette\n|-singlemove|p1a: Banette|Destiny Bond\n|move|p2a: Medusa|Nasty Plot|p2a: Medusa\n|-boost|p2a: Medusa|spa|0\n|\n|-heal|p2a: Medusa|77\/100|[from] item: Leftovers\n|upkeep\n|turn|10\n|\n|t:|1700810648\n|move|p2a: Medusa|Roost|p2a: Medusa\n|-heal|p2a: Medusa|100\/100\n|-singleturn|p2a: Medusa|move: Roost\n|move|p1a: Banette|Poltergeist|p2a: Medusa\n|-activate|p2a: Medusa|move: Poltergeist|Leftovers\n|-resisted|p2a: Medusa\n|-damage|p2a: Medusa|65\/100\n|\n|-heal|p2a: Medusa|71\/100|[from] item: Leftovers\n|upkeep\n|turn|11\n|\n|t:|1700810652\n|move|p1a: Banette|Destiny Bond|p1a: Banette\n|-singlemove|p1a: Banette|Destiny Bond\n|move|p2a: Medusa|Nasty Plot|p2a: Medusa\n|-boost|p2a: Medusa|spa|0\n|\n|-heal|p2a: Medusa|78\/100|[from] item: Leftovers\n|upkeep\n|turn|12\n|\n|t:|1700810656\n|move|p2a: Medusa|Roost|p2a: Medusa\n|-heal|p2a: Medusa|100\/100\n|-singleturn|p2a: Medusa|move: Roost\n|move|p1a: Banette|Poltergeist|p2a: Medusa\n|-activate|p2a: Medusa|move: Poltergeist|Leftovers\n|-resisted|p2a: Medusa\n|-damage|p2a: Medusa|62\/100\n|\n|-heal|p2a: Medusa|68\/100|[from] item: Leftovers\n|upkeep\n|turn|13\n|\n|t:|1700810663\n|move|p1a: Banette|Destiny Bond|p1a: Banette\n|-singlemove|p1a: Banette|Destiny Bond\n|move|p2a: Medusa|Nasty Plot|p2a: Medusa\n|-boost|p2a: Medusa|spa|0\n|\n|-heal|p2a: Medusa|74\/100|[from] item: Leftovers\n|upkeep\n|turn|14\n|\n|t:|1700810667\n|move|p2a: Medusa|Nasty Plot|p2a: Medusa\n|-boost|p2a: Medusa|spa|0\n|move|p1a: Banette|Poltergeist|p2a: Medusa|[miss]\n|-miss|p1a: Banette|p2a: Medusa\n|\n|-heal|p2a: Medusa|81\/100|[from] item: Leftovers\n|upkeep\n|turn|15\n|\n|t:|1700810672\n|move|p1a: Banette|Destiny Bond|p1a: Banette\n|-singlemove|p1a: Banette|Destiny Bond\n|move|p2a: Medusa|Nasty Plot|p2a: Medusa\n|-boost|p2a: Medusa|spa|0\n|\n|-heal|p2a: Medusa|87\/100|[from] item: Leftovers\n|upkeep\n|turn|16\n|\n|t:|1700810677\n|move|p2a: Medusa|Nasty Plot|p2a: Medusa\n|-boost|p2a: Medusa|spa|0\n|move|p1a: Banette|Poltergeist|p2a: Medusa\n|-activate|p2a: Medusa|move: Poltergeist|Leftovers\n|-resisted|p2a: Medusa\n|-damage|p2a: Medusa|54\/100\n|\n|-heal|p2a: Medusa|60\/100|[from] item: Leftovers\n|upkeep\n|turn|17\n|\n|t:|1700810683\n|move|p1a: Banette|Destiny Bond|p1a: Banette\n|-singlemove|p1a: Banette|Destiny Bond\n|move|p2a: Medusa|Roost|p2a: Medusa\n|-heal|p2a: Medusa|100\/100\n|-singleturn|p2a: Medusa|move: Roost\n|\n|upkeep\n|turn|18\n|\n|t:|1700810689\n|move|p2a: Medusa|Nasty Plot|p2a: Medusa\n|-boost|p2a: Medusa|spa|0\n|move|p1a: Banette|Poltergeist|p2a: Medusa\n|-activate|p2a: Medusa|move: Poltergeist|Leftovers\n|-resisted|p2a: Medusa\n|-damage|p2a: Medusa|67\/100\n|\n|-heal|p2a: Medusa|73\/100|[from] item: Leftovers\n|upkeep\n|turn|19\n|\n|t:|1700810699\n|move|p1a: Banette|Will-O-Wisp|p2a: Medusa\n|-hint|Since gen 7, Dark is immune to Prankster moves.\n|-immune|p2a: Medusa\n|move|p2a: Medusa|Dark Pulse|p1a: Banette\n|-supereffective|p1a: Banette\n|-damage|p1a: Banette|0 fnt\n|faint|p1a: Banette\n|\n|-heal|p2a: Medusa|79\/100|[from] item: Leftovers\n|upkeep\n|\n|t:|1700810723\n|switch|p1a: Landorus|Landorus-Therian, M|100\/100\n|-ability|p1a: Landorus|Intimidate|boost\n|-unboost|p2a: Medusa|atk|1\n|turn|20\n|\n|t:|1700810727\n|-terastallize|p2a: Medusa|Poison\n|move|p1a: Landorus|Stone Edge|p2a: Medusa\n|-damage|p2a: Medusa|40\/100\n|move|p2a: Medusa|Dark Pulse|p1a: Landorus\n|-damage|p1a: Landorus|0 fnt\n|faint|p1a: Landorus\n|\n|-heal|p2a: Medusa|47\/100|[from] item: Leftovers\n|upkeep\n|\n|t:|1700810741\n|switch|p1a: Sylveon|Sylveon, M|100\/100\n|turn|21\n|\n|t:|1700810746\n|-terastallize|p1a: Sylveon|Steel\n|move|p1a: Sylveon|Quick Attack|p2a: Medusa\n|-resisted|p2a: Medusa\n|-damage|p2a: Medusa|41\/100\n|move|p2a: Medusa|Flash Cannon|p1a: Sylveon\n|-resisted|p1a: Sylveon\n|-damage|p1a: Sylveon|68\/100\n|\n|-heal|p2a: Medusa|47\/100|[from] item: Leftovers\n|-heal|p1a: Sylveon|74\/100|[from] item: Leftovers\n|upkeep\n|turn|22\n|-message|violetevera forfeited.\n|\n|win|ksksjsnsbaba\n|raw|violetevera's rating: 1294 &rarr; <strong>1275<\/strong><br \/>(-19 for losing)\n|raw|ksksjsnsbaba's rating: 1378 &rarr; <strong>1393<\/strong><br \/>(+15 for winning)\n|l|\u203dvioletevera\n","uploadtime":1700810925,"views":9,"p1id":"violetevera","p2id":"ksksjsnsbaba","formatid":"gen9nationaldex","rating":1275,"private":0,"password":""}