{"id":"gen9nationaldex-1988165744","p1":"innerlake520","p2":"zhaona","format":"[Gen 9] National Dex","log":"|j|\u2606innerlake520\n|j|\u2606zhaona\n|t:|1699678244\n|gametype|singles\n|player|p1|innerlake520|steven|1311\n|player|p2|zhaona|wattson|1343\n|teamsize|p1|6\n|teamsize|p2|6\n|gen|9\n|tier|[Gen 9] National Dex\n|rated|\n|rule|HP Percentage Mod: HP is shown in percentages\n|rule|Endless Battle Clause: Forcing endless battles is banned\n|rule|OHKO Clause: OHKO moves are banned\n|rule|Evasion Clause: Evasion abilities, items, and moves are banned\n|rule|Evasion Abilities Clause: Evasion abilities are banned\n|rule|Evasion Items Clause: Evasion items are banned\n|rule|Evasion Moves Clause: Evasion moves are banned\n|rule|Species Clause: Limit one of each Pok\u00e9mon\n|rule|Sleep Clause Mod: Limit one foe put to sleep\n|clearpoke\n|poke|p1|Dragonite, M|\n|poke|p1|Charizard, M|\n|poke|p1|Kommo-o, F|\n|poke|p1|Salamence, F|\n|poke|p1|Goodra-Hisui, M|\n|poke|p1|Duraludon, M|\n|poke|p2|Cottonee, L1, F|\n|poke|p2|Garganacl, M|\n|poke|p2|Charizard, F|\n|poke|p2|Hoopa-Unbound|\n|poke|p2|Iron Treads|\n|poke|p2|Sneasler, M|\n|teampreview\n|inactive|Battle timer is ON: inactive players will automatically lose when time's up. (requested by zhaona)\n|\n|t:|1699678258\n|start\n|switch|p1a: Duraludon|Duraludon, M|100\/100\n|switch|p2a: Cottonee|Cottonee, L1, F, shiny|100\/100\n|turn|1\n|\n|t:|1699678277\n|-terastallize|p1a: Duraludon|Steel\n|move|p2a: Cottonee|Leech Seed|p1a: Duraludon\n|-start|p1a: Duraludon|move: Leech Seed\n|move|p1a: Duraludon|Stealth Rock|p2a: Cottonee\n|-sidestart|p2: zhaona|move: Stealth Rock\n|\n|-damage|p1a: Duraludon|88\/100|[from] Leech Seed|[of] p2a: Cottonee\n|upkeep\n|turn|2\n|\n|t:|1699678289\n|move|p2a: Cottonee|Substitute|p2a: Cottonee\n|-start|p2a: Cottonee|Substitute\n|-damage|p2a: Cottonee|75\/100\n|move|p1a: Duraludon|Body Press|p2a: Cottonee\n|-resisted|p2a: Cottonee\n|-end|p2a: Cottonee|Substitute\n|\n|-heal|p1a: Duraludon|94\/100|[from] item: Leftovers\n|-damage|p1a: Duraludon|82\/100|[from] Leech Seed|[of] p2a: Cottonee\n|-heal|p2a: Cottonee|100\/100|[silent]\n|upkeep\n|turn|3\n|\n|t:|1699678301\n|switch|p1a: Salamence|Salamence, F|100\/100\n|move|p2a: Cottonee|Protect||[still]\n|-fail|p2a: Cottonee\n|\n|upkeep\n|turn|4\n|\n|t:|1699678313\n|switch|p2a: Garganacl|Garganacl, M|100\/100\n|-damage|p2a: Garganacl|88\/100|[from] Stealth Rock\n|move|p1a: Salamence|Dual Wingbeat|p2a: Garganacl\n|-resisted|p2a: Garganacl\n|-damage|p2a: Garganacl|81\/100\n|-resisted|p2a: Garganacl\n|-damage|p2a: Garganacl|74\/100\n|-hitcount|p2a: Garganacl|2\n|\n|-heal|p2a: Garganacl|80\/100|[from] item: Leftovers\n|upkeep\n|turn|5\n|\n|t:|1699678328\n|switch|p1a: Kommo-o|Kommo-o, F|100\/100\n|move|p2a: Garganacl|Iron Defense|p2a: Garganacl\n|-boost|p2a: Garganacl|def|2\n|\n|-heal|p2a: Garganacl|86\/100|[from] item: Leftovers\n|upkeep\n|turn|6\n|\n|t:|1699678334\n|move|p1a: Kommo-o|Clangorous Soul|p1a: Kommo-o\n|-boost|p1a: Kommo-o|atk|1\n|-boost|p1a: Kommo-o|def|1\n|-boost|p1a: Kommo-o|spa|1\n|-boost|p1a: Kommo-o|spd|1\n|-boost|p1a: Kommo-o|spe|1\n|-damage|p1a: Kommo-o|68\/100\n|move|p2a: Garganacl|Salt Cure|p1a: Kommo-o\n|-resisted|p1a: Kommo-o\n|-damage|p1a: Kommo-o|63\/100\n|-start|p1a: Kommo-o|Salt Cure\n|\n|-heal|p2a: Garganacl|92\/100|[from] item: Leftovers\n|-damage|p1a: Kommo-o|51\/100|[from] Salt Cure\n|upkeep\n|turn|7\n|\n|t:|1699678344\n|move|p1a: Kommo-o|Drain Punch|p2a: Garganacl\n|-supereffective|p2a: Garganacl\n|-damage|p2a: Garganacl|56\/100\n|-heal|p1a: Kommo-o|76\/100|[from] drain|[of] p2a: Garganacl\n|move|p2a: Garganacl|Body Press|p1a: Kommo-o\n|-damage|p1a: Kommo-o|48\/100\n|\n|-heal|p2a: Garganacl|62\/100|[from] item: Leftovers\n|-damage|p1a: Kommo-o|35\/100|[from] Salt Cure\n|upkeep\n|turn|8\n|\n|t:|1699678349\n|move|p1a: Kommo-o|Drain Punch|p2a: Garganacl\n|-supereffective|p2a: Garganacl\n|-damage|p2a: Garganacl|25\/100\n|-heal|p1a: Kommo-o|61\/100|[from] drain|[of] p2a: Garganacl\n|move|p2a: Garganacl|Recover|p2a: Garganacl\n|-heal|p2a: Garganacl|75\/100\n|\n|-heal|p2a: Garganacl|81\/100|[from] item: Leftovers\n|-damage|p1a: Kommo-o|49\/100|[from] Salt Cure\n|upkeep\n|turn|9\n|\n|t:|1699678354\n|-terastallize|p2a: Garganacl|Water\n|move|p1a: Kommo-o|Drain Punch|p2a: Garganacl\n|-damage|p2a: Garganacl|64\/100\n|-heal|p1a: Kommo-o|61\/100|[from] drain|[of] p2a: Garganacl\n|move|p2a: Garganacl|Iron Defense|p2a: Garganacl\n|-boost|p2a: Garganacl|def|2\n|\n|-heal|p2a: Garganacl|71\/100|[from] item: Leftovers\n|-damage|p1a: Kommo-o|48\/100|[from] Salt Cure\n|upkeep\n|turn|10\n|\n|t:|1699678365\n|switch|p1a: Duraludon|Duraludon, M, tera:Steel|82\/100\n|move|p2a: Garganacl|Body Press|p1a: Duraludon\n|-supereffective|p1a: Duraludon\n|-damage|p1a: Duraludon|0 fnt\n|faint|p1a: Duraludon\n|\n|-heal|p2a: Garganacl|77\/100|[from] item: Leftovers\n|upkeep\n|\n|t:|1699678378\n|switch|p1a: Goodra|Goodra-Hisui, M|100\/100\n|turn|11\n|\n|t:|1699678381\n|move|p1a: Goodra|Thunderbolt|p2a: Garganacl\n|-supereffective|p2a: Garganacl\n|-damage|p2a: Garganacl|51\/100\n|move|p2a: Garganacl|Body Press|p1a: Goodra\n|-supereffective|p1a: Goodra\n|-damage|p1a: Goodra|14\/100\n|-ability|p1a: Goodra|Gooey\n|-unboost|p2a: Garganacl|spe|1\n|\n|-heal|p2a: Garganacl|58\/100|[from] item: Leftovers\n|upkeep\n|turn|12\n|\n|t:|1699678387\n|move|p1a: Goodra|Thunderbolt|p2a: Garganacl\n|-supereffective|p2a: Garganacl\n|-damage|p2a: Garganacl|32\/100\n|move|p2a: Garganacl|Recover|p2a: Garganacl\n|-heal|p2a: Garganacl|82\/100\n|\n|-heal|p2a: Garganacl|89\/100|[from] item: Leftovers\n|upkeep\n|turn|13\n|\n|t:|1699678393\n|move|p1a: Goodra|Sludge Bomb|p2a: Garganacl\n|-damage|p2a: Garganacl|75\/100\n|move|p2a: Garganacl|Salt Cure|p1a: Goodra\n|-resisted|p1a: Goodra\n|-damage|p1a: Goodra|9\/100\n|-start|p1a: Goodra|Salt Cure\n|\n|-heal|p2a: Garganacl|81\/100|[from] item: Leftovers\n|-damage|p1a: Goodra|0 fnt|[from] Salt Cure\n|faint|p1a: Goodra\n|upkeep\n|\n|t:|1699678399\n|switch|p1a: Kommo-o|Kommo-o, F|48\/100\n|turn|14\n|-message|innerlake520 forfeited.\n|\n|win|zhaona\n|raw|innerlake520's rating: 1311 &rarr; <strong>1293<\/strong><br \/>(-18 for losing)\n|raw|zhaona's rating: 1343 &rarr; <strong>1361<\/strong><br \/>(+18 for winning)\n|l|\u2606innerlake520\n","uploadtime":1699678413,"views":4,"p1id":"innerlake520","p2id":"zhaona","formatid":"gen9nationaldex","rating":1293,"private":0,"password":""}