{"id":"gen9nationaldex-1999469831","p1":"pacmaster000","p2":"3vfg7ujn3vfg7ujn","format":"[Gen 9] National Dex","log":"|html|<div class=\"broadcast-blue\"><strong>[Gen 9] National Dex is currently suspecting Sneasler! For information on how to participate check out the <a href=\"https:\/\/www.smogon.com\/forums\/threads\/sv-national-dex-suspect-8-just-dance.3731534\/\">suspect thread<\/a>.<\/strong><\/div>\n|j|\u2606pacmaster000\n|j|\u26063vfg7ujn3vfg7ujn\n|t:|1701085400\n|gametype|singles\n|player|p1|pacmaster000|acetrainer-gen4dp|1016\n|player|p2|3vfg7ujn3vfg7ujn|waiter-gen4dp|1051\n|teamsize|p1|6\n|teamsize|p2|6\n|gen|9\n|tier|[Gen 9] National Dex\n|rated|\n|rule|HP Percentage Mod: HP is shown in percentages\n|rule|Endless Battle Clause: Forcing endless battles is banned\n|rule|OHKO Clause: OHKO moves are banned\n|rule|Evasion Clause: Evasion abilities, items, and moves are banned\n|rule|Evasion Abilities Clause: Evasion abilities are banned\n|rule|Evasion Items Clause: Evasion items are banned\n|rule|Evasion Moves Clause: Evasion moves are banned\n|rule|Species Clause: Limit one of each Pok\u00e9mon\n|rule|Sleep Clause Mod: Limit one foe put to sleep\n|clearpoke\n|poke|p1|Roserade, F|\n|poke|p1|Delphox, F|\n|poke|p1|Mismagius, M|\n|poke|p1|Magnezone|\n|poke|p1|Altaria, F|\n|poke|p1|Honchkrow, M|\n|poke|p2|Serperior, F|\n|poke|p2|Charizard, M|\n|poke|p2|Swampert, F|\n|poke|p2|Beedrill, M|\n|poke|p2|Mawile, M|\n|poke|p2|Xurkitree|\n|teampreview\n|\n|t:|1701085410\n|start\n|switch|p1a: Roserade|Roserade, F|100\/100\n|switch|p2a: Xurkitree|Xurkitree, shiny|100\/100\n|turn|1\n|\n|t:|1701085414\n|move|p1a: Roserade|Spikes|p2a: Xurkitree\n|-sidestart|p2: 3vfg7ujn3vfg7ujn|Spikes\n|move|p2a: Xurkitree|Tail Glow|p2a: Xurkitree\n|-boost|p2a: Xurkitree|spa|3\n|\n|upkeep\n|turn|2\n|\n|t:|1701085418\n|move|p1a: Roserade|Spikes|p2a: Xurkitree\n|-sidestart|p2: 3vfg7ujn3vfg7ujn|Spikes\n|move|p2a: Xurkitree|Tail Glow|p2a: Xurkitree\n|-boost|p2a: Xurkitree|spa|3\n|\n|upkeep\n|turn|3\n|\n|t:|1701085423\n|move|p1a: Roserade|Spikes|p2a: Xurkitree\n|-sidestart|p2: 3vfg7ujn3vfg7ujn|Spikes\n|move|p2a: Xurkitree|Hidden Power|p1a: Roserade\n|-supereffective|p1a: Roserade\n|-damage|p1a: Roserade|0 fnt\n|faint|p1a: Roserade\n|\n|upkeep\n|\n|t:|1701085432\n|switch|p1a: Delphox|Delphox, F|100\/100\n|turn|4\n|\n|t:|1701085439\n|move|p1a: Delphox|Flamethrower|p2a: Xurkitree\n|-damage|p2a: Xurkitree|32\/100\n|move|p2a: Xurkitree|Thunderbolt|p1a: Delphox\n|-damage|p1a: Delphox|0 fnt\n|faint|p1a: Delphox\n|\n|upkeep\n|\n|t:|1701085449\n|switch|p1a: Mismagius|Mismagius, M|100\/100\n|turn|5\n|\n|t:|1701085458\n|move|p1a: Mismagius|Mystical Fire|p2a: Xurkitree\n|-damage|p2a: Xurkitree|0 fnt\n|faint|p2a: Xurkitree\n|\n|upkeep\n|\n|t:|1701085467\n|switch|p2a: Charizard|Charizard, M, shiny|100\/100\n|turn|6\n|\n|t:|1701085476\n|switch|p1a: Altaria|Altaria, F|100\/100\n|move|p2a: Charizard|Fire Blast|p1a: Altaria\n|-resisted|p1a: Altaria\n|-damage|p1a: Altaria|72\/100\n|\n|upkeep\n|turn|7\n|\n|t:|1701085487\n|detailschange|p1a: Altaria|Altaria-Mega, F\n|-mega|p1a: Altaria|Altaria|Altarianite\n|move|p1a: Altaria|Dragon Dance|p1a: Altaria\n|-boost|p1a: Altaria|atk|1\n|-boost|p1a: Altaria|spe|1\n|move|p2a: Charizard|Fire Blast|p1a: Altaria\n|-resisted|p1a: Altaria\n|-damage|p1a: Altaria|38\/100\n|\n|upkeep\n|turn|8\n|\n|t:|1701085501\n|move|p1a: Altaria|Roost|p1a: Altaria\n|-heal|p1a: Altaria|88\/100\n|-singleturn|p1a: Altaria|move: Roost\n|move|p2a: Charizard|Fire Blast|p1a: Altaria|[miss]\n|-miss|p2a: Charizard|p1a: Altaria\n|\n|upkeep\n|turn|9\n|\n|t:|1701085512\n|switch|p2a: Beedrill|Beedrill, M, shiny|100\/100\n|-damage|p2a: Beedrill|76\/100|[from] Spikes\n|move|p1a: Altaria|Dragon Dance|p1a: Altaria\n|-boost|p1a: Altaria|atk|1\n|-boost|p1a: Altaria|spe|1\n|\n|upkeep\n|turn|10\n|\n|t:|1701085520\n|detailschange|p2a: Beedrill|Beedrill-Mega, M, shiny\n|-mega|p2a: Beedrill|Beedrill|Beedrillite\n|move|p1a: Altaria|Earthquake|p2a: Beedrill\n|-damage|p2a: Beedrill|0 fnt\n|faint|p2a: Beedrill\n|\n|upkeep\n|\n|t:|1701085538\n|switch|p2a: Swampert|Swampert, F|100\/100\n|-damage|p2a: Swampert|76\/100|[from] Spikes\n|turn|11\n|\n|t:|1701085559\n|move|p1a: Altaria|Dragon Dance|p1a: Altaria\n|-boost|p1a: Altaria|atk|1\n|-boost|p1a: Altaria|spe|1\n|move|p2a: Swampert|Earthquake|p1a: Altaria\n|-damage|p1a: Altaria|28\/100\n|\n|upkeep\n|turn|12\n|\n|t:|1701085567\n|move|p1a: Altaria|Facade|p2a: Swampert\n|-damage|p2a: Swampert|0 fnt\n|faint|p2a: Swampert\n|\n|upkeep\n|\n|t:|1701085572\n|switch|p2a: Mawile|Mawile, M|100\/100\n|-damage|p2a: Mawile|76\/100|[from] Spikes\n|turn|13\n|\n|t:|1701085576\n|move|p2a: Mawile|Sucker Punch||[still]\n|-fail|p2a: Mawile\n|move|p1a: Altaria|Roost|p1a: Altaria\n|-heal|p1a: Altaria|78\/100\n|-singleturn|p1a: Altaria|move: Roost\n|\n|upkeep\n|turn|14\n|\n|t:|1701085579\n|move|p1a: Altaria|Earthquake|p2a: Mawile\n|-supereffective|p2a: Mawile\n|-damage|p2a: Mawile|0 fnt\n|faint|p2a: Mawile\n|\n|upkeep\n|\n|t:|1701085588\n|switch|p2a: Serperior|Serperior, F, shiny|100\/100\n|-damage|p2a: Serperior|76\/100|[from] Spikes\n|turn|15\n|\n|t:|1701085591\n|move|p1a: Altaria|Facade|p2a: Serperior\n|-damage|p2a: Serperior|0 fnt\n|faint|p2a: Serperior\n|\n|upkeep\n|\n|t:|1701085593\n|switch|p2a: Charizard|Charizard, M, shiny|100\/100\n|turn|16\n|\n|t:|1701085597\n|move|p1a: Altaria|Facade|p2a: Charizard\n|-resisted|p2a: Charizard\n|-damage|p2a: Charizard|30\/100\n|move|p2a: Charizard|Fire Blast|p1a: Altaria\n|-resisted|p1a: Altaria\n|-damage|p1a: Altaria|46\/100\n|\n|upkeep\n|turn|17\n|-message|3vfg7ujn3vfg7ujn forfeited.\n|\n|win|pacmaster000\n|raw|pacmaster000's rating: 1016 &rarr; <strong>1057<\/strong><br \/>(+41 for winning)\n|raw|3vfg7ujn3vfg7ujn's rating: 1051 &rarr; <strong>1032<\/strong><br \/>(-19 for losing)\n|l|\u26063vfg7ujn3vfg7ujn\n","uploadtime":1701085611,"views":2,"p1id":"pacmaster000","p2id":"3vfg7ujn3vfg7ujn","formatid":"gen9nationaldex","rating":1032,"private":0,"password":""}