{"id":"gen9nationaldex-1999619138","p1":"Treeckoguy1","p2":"cyleox","format":"[Gen 9] National Dex","log":"|html|<div class=\"broadcast-blue\"><strong>[Gen 9] National Dex is currently suspecting Sneasler! For information on how to participate check out the <a href=\"https:\/\/www.smogon.com\/forums\/threads\/sv-national-dex-suspect-8-just-dance.3731534\/\">suspect thread<\/a>.<\/strong><\/div>\n|j|\u2606Treeckoguy1\n|j|\u2606cyleox\n|t:|1701101773\n|gametype|singles\n|player|p1|Treeckoguy1|266|1461\n|player|p2|cyleox|akari|1372\n|teamsize|p1|6\n|teamsize|p2|6\n|gen|9\n|tier|[Gen 9] National Dex\n|rated|\n|rule|HP Percentage Mod: HP is shown in percentages\n|rule|Endless Battle Clause: Forcing endless battles is banned\n|rule|OHKO Clause: OHKO moves are banned\n|rule|Evasion Clause: Evasion abilities, items, and moves are banned\n|rule|Evasion Abilities Clause: Evasion abilities are banned\n|rule|Evasion Items Clause: Evasion items are banned\n|rule|Evasion Moves Clause: Evasion moves are banned\n|rule|Species Clause: Limit one of each Pok\u00e9mon\n|rule|Sleep Clause Mod: Limit one foe put to sleep\n|clearpoke\n|poke|p1|Sceptile, F|\n|poke|p1|Zeraora|\n|poke|p1|Regidrago|\n|poke|p1|Bewear, M|\n|poke|p1|Weezing-Galar, F|\n|poke|p1|Houndoom, M|\n|poke|p2|Hatterene, F|\n|poke|p2|Mawile, M|\n|poke|p2|Cresselia, F|\n|poke|p2|Porygon2|\n|poke|p2|Marowak-Alola, F|\n|poke|p2|Crawdaunt, M|\n|teampreview\n|\n|t:|1701101788\n|start\n|switch|p1a: Bewear|Bewear, M|100\/100\n|switch|p2a: Porygon2|Porygon2|100\/100\n|-ability|p2a: Porygon2|Fluffy|[from] ability: Trace|[of] p1a: Bewear\n|turn|1\n|\n|t:|1701101796\n|-terastallize|p2a: Porygon2|Ghost\n|move|p1a: Bewear|Bind|p2a: Porygon2\n|-immune|p2a: Porygon2\n|move|p2a: Porygon2|Trick Room|p2a: Porygon2\n|-fieldstart|move: Trick Room|[of] p2a: Porygon2\n|\n|upkeep\n|turn|2\n|\n|t:|1701101802\n|move|p1a: Bewear|Shadow Claw|p2a: Porygon2\n|-supereffective|p2a: Porygon2\n|-damage|p2a: Porygon2|91\/100\n|move|p2a: Porygon2|Teleport|p2a: Porygon2\n|\n|t:|1701101814\n|switch|p2a: Mawile|Mawile, M|100\/100|[from] Teleport\n|-ability|p2a: Mawile|Intimidate|boost\n|-unboost|p1a: Bewear|atk|1\n|\n|upkeep\n|turn|3\n|\n|t:|1701101819\n|detailschange|p2a: Mawile|Mawile-Mega, M\n|-mega|p2a: Mawile|Mawile|Mawilite\n|move|p2a: Mawile|Swords Dance|p2a: Mawile\n|-boost|p2a: Mawile|atk|2\n|move|p1a: Bewear|Bind|p2a: Mawile|[miss]\n|-miss|p1a: Bewear|p2a: Mawile\n|\n|upkeep\n|turn|4\n|\n|t:|1701101830\n|move|p1a: Bewear|Protect|p1a: Bewear\n|-singleturn|p1a: Bewear|Protect\n|move|p2a: Mawile|Play Rough|p1a: Bewear\n|-activate|p1a: Bewear|move: Protect\n|\n|upkeep\n|turn|5\n|\n|t:|1701101836\n|move|p2a: Mawile|Play Rough|p1a: Bewear\n|-supereffective|p1a: Bewear\n|-damage|p1a: Bewear|0 fnt\n|faint|p1a: Bewear\n|\n|-fieldend|move: Trick Room\n|upkeep\n|\n|t:|1701101840\n|switch|p1a: Weezing|Weezing-Galar, F|100\/100\n|turn|6\n|\n|t:|1701101848\n|move|p1a: Weezing|Will-O-Wisp|p2a: Mawile\n|-status|p2a: Mawile|brn\n|move|p2a: Mawile|Iron Head|p1a: Weezing\n|-supereffective|p1a: Weezing\n|-damage|p1a: Weezing|0 fnt\n|faint|p1a: Weezing\n|\n|-damage|p2a: Mawile|95\/100 brn|[from] brn\n|upkeep\n|\n|t:|1701101863\n|switch|p1a: Houndoom|Houndoom, M|100\/100\n|turn|7\n|\n|t:|1701101866\n|move|p2a: Mawile|Sucker Punch|p1a: Houndoom\n|-resisted|p1a: Houndoom\n|-damage|p1a: Houndoom|63\/100\n|move|p1a: Houndoom|Fire Blast|p2a: Mawile|[miss]\n|-miss|p1a: Houndoom|p2a: Mawile\n|\n|-damage|p2a: Mawile|89\/100 brn|[from] brn\n|upkeep\n|turn|8\n|\n|t:|1701101872\n|move|p2a: Mawile|Sucker Punch|p1a: Houndoom\n|-resisted|p1a: Houndoom\n|-damage|p1a: Houndoom|22\/100\n|move|p1a: Houndoom|Fire Blast|p2a: Mawile\n|-supereffective|p2a: Mawile\n|-damage|p2a: Mawile|0 fnt\n|faint|p2a: Mawile\n|\n|upkeep\n|\n|t:|1701101891\n|switch|p2a: Hatterene|Hatterene, F|100\/100\n|turn|9\n|\n|t:|1701101897\n|move|p1a: Houndoom|Sludge Bomb|p2a: Hatterene\n|-supereffective|p2a: Hatterene\n|-damage|p2a: Hatterene|62\/100\n|move|p2a: Hatterene|Trick Room|p2a: Hatterene\n|-fieldstart|move: Trick Room|[of] p2a: Hatterene\n|\n|upkeep\n|turn|10\n|\n|t:|1701101905\n|move|p2a: Hatterene|Healing Wish|p2a: Hatterene\n|faint|p2a: Hatterene\n|move|p1a: Houndoom|Dark Pulse|p2: Hatterene|[notarget]\n|-fail|p1a: Houndoom\n|\n|upkeep\n|\n|t:|1701101910\n|switch|p2a: Crawdaunt|Crawdaunt, M|100\/100\n|turn|11\n|\n|t:|1701101918\n|move|p2a: Crawdaunt|Aqua Jet|p1a: Houndoom\n|-supereffective|p1a: Houndoom\n|-damage|p1a: Houndoom|0 fnt\n|faint|p1a: Houndoom\n|\n|upkeep\n|\n|t:|1701101928\n|switch|p1a: Regidrago|Regidrago|100\/100\n|turn|12\n|\n|t:|1701101944\n|switch|p2a: Cresselia|Cresselia, F|100\/100\n|move|p1a: Regidrago|Scale Shot|p2a: Cresselia\n|-damage|p2a: Cresselia|88\/100\n|-damage|p2a: Cresselia|75\/100\n|-hitcount|p2a: Cresselia|2\n|-unboost|p1a: Regidrago|def|1\n|-boost|p1a: Regidrago|spe|1\n|\n|upkeep\n|turn|13\n|\n|t:|1701101966\n|move|p2a: Cresselia|Thunderbolt|p1a: Regidrago\n|-resisted|p1a: Regidrago\n|-damage|p1a: Regidrago|93\/100\n|move|p1a: Regidrago|Focus Energy|p1a: Regidrago\n|-start|p1a: Regidrago|move: Focus Energy\n|\n|-fieldend|move: Trick Room\n|upkeep\n|turn|14\n|\n|t:|1701101971\n|move|p1a: Regidrago|Scale Shot|p2a: Cresselia|[miss]\n|-miss|p1a: Regidrago|p2a: Cresselia\n|move|p2a: Cresselia|Trick Room|p2a: Cresselia\n|-fieldstart|move: Trick Room|[of] p2a: Cresselia\n|\n|upkeep\n|turn|15\n|\n|t:|1701101977\n|move|p2a: Cresselia|Lunar Dance|p2a: Cresselia\n|faint|p2a: Cresselia\n|move|p1a: Regidrago|Scale Shot|p2: Cresselia|[notarget]\n|-fail|p1a: Regidrago\n|\n|upkeep\n|\n|t:|1701101985\n|switch|p2a: Marowak|Marowak-Alola, F|100\/100\n|turn|16\n|\n|t:|1701101995\n|switch|p1a: Zeraora|Zeraora|100\/100\n|move|p2a: Marowak|Poltergeist|p1a: Zeraora\n|-activate|p1a: Zeraora|move: Poltergeist|Life Orb\n|-damage|p1a: Zeraora|0 fnt\n|faint|p1a: Zeraora\n|\n|upkeep\n|\n|t:|1701102000\n|switch|p1a: Regidrago|Regidrago|93\/100\n|turn|17\n|\n|t:|1701102003\n|move|p2a: Marowak|Poltergeist|p1a: Regidrago\n|-activate|p1a: Regidrago|move: Poltergeist|Razor Claw\n|-damage|p1a: Regidrago|15\/100\n|move|p1a: Regidrago|Earthquake|p2a: Marowak\n|-supereffective|p2a: Marowak\n|-damage|p2a: Marowak|46\/100\n|\n|upkeep\n|turn|18\n|\n|t:|1701102011\n|move|p2a: Marowak|Earthquake|p1a: Regidrago\n|-damage|p1a: Regidrago|0 fnt\n|faint|p1a: Regidrago\n|\n|-fieldend|move: Trick Room\n|upkeep\n|\n|t:|1701102014\n|switch|p1a: Sceptile|Sceptile, F|100\/100\n|turn|19\n|\n|t:|1701102021\n|switch|p2a: Crawdaunt|Crawdaunt, M|100\/100\n|-heal|p2a: Crawdaunt|100\/100|[from] move: Lunar Dance\n|-terastallize|p1a: Sceptile|Flying\n|move|p1a: Sceptile|Leaf Storm|p2a: Crawdaunt\n|-supereffective|p2a: Crawdaunt\n|-damage|p2a: Crawdaunt|0 fnt\n|-unboost|p1a: Sceptile|spa|2\n|-enditem|p1a: Sceptile|White Herb\n|-clearnegativeboost|p1a: Sceptile|[silent]\n|faint|p2a: Crawdaunt\n|\n|upkeep\n|\n|t:|1701102031\n|switch|p2a: Porygon2|Porygon2, tera:Ghost|91\/100\n|-heal|p2a: Porygon2|100\/100|[from] move: Healing Wish\n|-ability|p2a: Porygon2|Unburden|[from] ability: Trace|[of] p1a: Sceptile\n|turn|20\n|\n|t:|1701102036\n|move|p1a: Sceptile|Energy Ball|p2a: Porygon2\n|-damage|p2a: Porygon2|76\/100\n|move|p2a: Porygon2|Trick Room|p2a: Porygon2\n|-fieldstart|move: Trick Room|[of] p2a: Porygon2\n|\n|upkeep\n|turn|21\n|\n|t:|1701102042\n|move|p1a: Sceptile|Acrobatics|p2a: Porygon2\n|-damage|p2a: Porygon2|60\/100\n|move|p2a: Porygon2|Teleport|p2a: Porygon2\n|\n|t:|1701102044\n|switch|p2a: Marowak|Marowak-Alola, F|46\/100|[from] Teleport\n|\n|upkeep\n|turn|22\n|\n|t:|1701102049\n|move|p2a: Marowak|Flare Blitz|p1a: Sceptile\n|-damage|p1a: Sceptile|0 fnt\n|faint|p1a: Sceptile\n|\n|win|cyleox\n|raw|Treeckoguy1's rating: 1461 &rarr; <strong>1436<\/strong><br \/>(-25 for losing)\n|raw|cyleox's rating: 1372 &rarr; <strong>1397<\/strong><br \/>(+25 for winning)\n","uploadtime":1701102063,"views":1,"p1id":"treeckoguy1","p2id":"cyleox","formatid":"gen9nationaldex","rating":1397,"private":0,"password":""}