{"id":"gen9nationaldex-1989420131","p1":"mengxingzhu","p2":"Somnus9862","format":"[Gen 9] National Dex","log":"|j|\u203dmengxingzhu\n|j|\u2606Somnus9862\n|t:|1699847953\n|gametype|singles\n|player|p1|mengxingzhu|wallace|1480\n|player|p2|Somnus9862|aaron|1439\n|teamsize|p1|6\n|teamsize|p2|6\n|gen|9\n|tier|[Gen 9] National Dex\n|rated|\n|rule|HP Percentage Mod: HP is shown in percentages\n|rule|Endless Battle Clause: Forcing endless battles is banned\n|rule|OHKO Clause: OHKO moves are banned\n|rule|Evasion Clause: Evasion abilities, items, and moves are banned\n|rule|Evasion Abilities Clause: Evasion abilities are banned\n|rule|Evasion Items Clause: Evasion items are banned\n|rule|Evasion Moves Clause: Evasion moves are banned\n|rule|Species Clause: Limit one of each Pok\u00e9mon\n|rule|Sleep Clause Mod: Limit one foe put to sleep\n|clearpoke\n|poke|p1|Serperior, F|\n|poke|p1|Cloyster, F|\n|poke|p1|Alakazam, F|\n|poke|p1|Araquanid, M|\n|poke|p1|Latios, M|\n|poke|p1|Arcanine-Hisui, F|\n|poke|p2|Charizard, M|\n|poke|p2|Victini|\n|poke|p2|Great Tusk|\n|poke|p2|Volcarona, F|\n|poke|p2|Slowking-Galar, M|\n|poke|p2|Gliscor, M|\n|teampreview\n|inactive|Battle timer is ON: inactive players will automatically lose when time's up. (requested by Somnus9862)\n|inactive|mengxingzhu also wants the timer to be on.\n|\n|t:|1699847966\n|start\n|switch|p1a: Araquanid|Araquanid, M|100\/100\n|switch|p2a: Slowking|Slowking-Galar, M|100\/100\n|turn|1\n|\n|t:|1699847973\n|move|p1a: Araquanid|Sticky Web|p2a: Slowking\n|-sidestart|p2: Somnus9862|move: Sticky Web\n|move|p2a: Slowking|Future Sight|p1a: Araquanid\n|-start|p2a: Slowking|move: Future Sight\n|\n|upkeep\n|turn|2\n|\n|t:|1699847978\n|move|p1a: Araquanid|Lunge|p2a: Slowking\n|-damage|p2a: Slowking|69\/100\n|-unboost|p2a: Slowking|atk|1\n|move|p2a: Slowking|Sludge Wave|p1a: Araquanid\n|-damage|p1a: Araquanid|67\/100\n|\n|upkeep\n|turn|3\n|\n|t:|1699847992\n|switch|p2a: Great Tusk|Great Tusk|100\/100\n|-activate|p2a: Great Tusk|move: Sticky Web\n|-unboost|p2a: Great Tusk|spe|1\n|-zpower|p1a: Araquanid\n|move|p1a: Araquanid|Hydro Vortex|p2a: Great Tusk|[zeffect]\n|-supereffective|p2a: Great Tusk\n|-damage|p2a: Great Tusk|0 fnt\n|faint|p2a: Great Tusk\n|-end|p2a: Great Tusk|Protosynthesis|[silent]\n|\n|-end|p1a: Araquanid|move: Future Sight\n|-damage|p1a: Araquanid|20\/100\n|upkeep\n|\n|t:|1699848006\n|switch|p2a: Gliscor|Gliscor, M|100\/100\n|turn|4\n|\n|t:|1699848010\n|move|p2a: Gliscor|Dual Wingbeat|p1a: Araquanid\n|-supereffective|p1a: Araquanid\n|-damage|p1a: Araquanid|0 fnt\n|faint|p1a: Araquanid\n|-hitcount|p1: Araquanid|1\n|\n|-status|p2a: Gliscor|tox|[from] item: Toxic Orb\n|upkeep\n|\n|t:|1699848013\n|switch|p1a: Cloyster|Cloyster, F|100\/100\n|turn|5\n|\n|t:|1699848020\n|move|p2a: Gliscor|Toxic|p1a: Cloyster\n|-status|p1a: Cloyster|tox\n|move|p1a: Cloyster|Shell Smash|p1a: Cloyster\n|-unboost|p1a: Cloyster|def|1\n|-unboost|p1a: Cloyster|spd|1\n|-boost|p1a: Cloyster|atk|2\n|-boost|p1a: Cloyster|spa|2\n|-boost|p1a: Cloyster|spe|2\n|\n|-damage|p1a: Cloyster|94\/100 tox|[from] psn\n|upkeep\n|turn|6\n|\n|t:|1699848031\n|switch|p2a: Victini|Victini|100\/100\n|-activate|p2a: Victini|move: Sticky Web\n|-unboost|p2a: Victini|spe|1\n|move|p1a: Cloyster|Icicle Spear|p2a: Victini\n|-resisted|p2a: Victini\n|-damage|p2a: Victini|88\/100\n|-resisted|p2a: Victini\n|-damage|p2a: Victini|78\/100\n|-resisted|p2a: Victini\n|-damage|p2a: Victini|66\/100\n|-resisted|p2a: Victini\n|-damage|p2a: Victini|55\/100\n|-resisted|p2a: Victini\n|-damage|p2a: Victini|44\/100\n|-hitcount|p2a: Victini|5\n|\n|-damage|p1a: Cloyster|82\/100 tox|[from] psn\n|upkeep\n|turn|7\n|\n|t:|1699848050\n|move|p1a: Cloyster|Rock Blast|p2a: Victini\n|-supereffective|p2a: Victini\n|-damage|p2a: Victini|14\/100\n|-supereffective|p2a: Victini\n|-damage|p2a: Victini|0 fnt\n|faint|p2a: Victini\n|-hitcount|p2: Victini|2\n|\n|-damage|p1a: Cloyster|63\/100 tox|[from] psn\n|upkeep\n|inactive|Somnus9862 has 120 seconds left.\n|\n|t:|1699848070\n|switch|p2a: Charizard|Charizard, M|100\/100\n|turn|8\n|l|\u203dmengxingzhu\n|inactive|mengxingzhu disconnected and has a minute to reconnect!\n|player|p1|\n|inactive|mengxingzhu has 30 seconds to reconnect!\n|j|\u203dmengxingzhu\n|inactive|mengxingzhu reconnected and has 120 seconds left.\n|player|p1|mengxingzhu|wallace\n|n|\u203dmengxingzhu|mengxingzhu\n|\n|t:|1699848118\n|switch|p2a: Gliscor|Gliscor, M|100\/100 tox\n|move|p1a: Cloyster|Rock Blast|p2a: Gliscor\n|-damage|p2a: Gliscor|91\/100 tox\n|-damage|p2a: Gliscor|82\/100 tox\n|-damage|p2a: Gliscor|72\/100 tox\n|-damage|p2a: Gliscor|62\/100 tox\n|-damage|p2a: Gliscor|52\/100 tox\n|-hitcount|p2a: Gliscor|5\n|\n|-damage|p1a: Cloyster|39\/100 tox|[from] psn\n|-heal|p2a: Gliscor|64\/100 tox|[from] ability: Poison Heal\n|upkeep\n|turn|9\n|\n|t:|1699848133\n|switch|p2a: Slowking|Slowking-Galar, M|100\/100\n|move|p1a: Cloyster|Icicle Spear|p2a: Slowking\n|-damage|p2a: Slowking|78\/100\n|-damage|p2a: Slowking|55\/100\n|-damage|p2a: Slowking|30\/100\n|-crit|p2a: Slowking\n|-damage|p2a: Slowking|0 fnt\n|faint|p2a: Slowking\n|-hitcount|p2: Slowking|4\n|\n|-damage|p1a: Cloyster|8\/100 tox|[from] psn\n|upkeep\n|inactive|Somnus9862 has 120 seconds left.\n|\n|t:|1699848149\n|switch|p2a: Charizard|Charizard, M|100\/100\n|turn|10\n|\n|t:|1699848154\n|switch|p2a: Gliscor|Gliscor, M|64\/100 tox\n|move|p1a: Cloyster|Explosion|p2a: Gliscor\n|-damage|p2a: Gliscor|0 fnt\n|faint|p1a: Cloyster\n|faint|p2a: Gliscor\n|\n|upkeep\n|\n|t:|1699848171\n|switch|p2a: Volcarona|Volcarona, F|100\/100\n|switch|p1a: Latios|Latios, M|100\/100\n|turn|11\n|\n|t:|1699848178\n|detailschange|p1a: Latios|Latios-Mega, M\n|-mega|p1a: Latios|Latios|Latiosite\n|move|p2a: Volcarona|Quiver Dance|p2a: Volcarona\n|-boost|p2a: Volcarona|spa|1\n|-boost|p2a: Volcarona|spd|1\n|-boost|p2a: Volcarona|spe|1\n|move|p1a: Latios|Draco Meteor|p2a: Volcarona\n|-damage|p2a: Volcarona|48\/100\n|-unboost|p1a: Latios|spa|2\n|\n|upkeep\n|turn|12\n|\n|t:|1699848191\n|switch|p1a: Arcanine|Arcanine-Hisui, F|100\/100\n|move|p2a: Volcarona|Quiver Dance|p2a: Volcarona\n|-boost|p2a: Volcarona|spa|1\n|-boost|p2a: Volcarona|spd|1\n|-boost|p2a: Volcarona|spe|1\n|\n|upkeep\n|turn|13\n|\n|t:|1699848201\n|-terastallize|p2a: Volcarona|Grass\n|move|p1a: Arcanine|Extreme Speed|p2a: Volcarona\n|-damage|p2a: Volcarona|8\/100\n|move|p2a: Volcarona|Giga Drain|p1a: Arcanine\n|-damage|p1a: Arcanine|0 fnt\n|-heal|p2a: Volcarona|61\/100|[from] drain|[of] p1a: Arcanine\n|faint|p1a: Arcanine\n|\n|upkeep\n|\n|t:|1699848213\n|switch|p1a: Serperior|Serperior, F|100\/100\n|turn|14\n|\n|t:|1699848217\n|move|p2a: Volcarona|Bug Buzz|p1a: Serperior\n|-supereffective|p1a: Serperior\n|-damage|p1a: Serperior|0 fnt\n|faint|p1a: Serperior\n|\n|upkeep\n|\n|t:|1699848220\n|switch|p1a: Alakazam|Alakazam, F|100\/100\n|turn|15\n|\n|t:|1699848235\n|-terastallize|p1a: Alakazam|Psychic\n|move|p2a: Volcarona|Giga Drain|p1a: Alakazam\n|-enditem|p1a: Alakazam|Focus Sash\n|-damage|p1a: Alakazam|1\/100\n|-heal|p2a: Volcarona|100\/100|[from] drain|[of] p1a: Alakazam\n|move|p1a: Alakazam|Psychic|p2a: Volcarona\n|-damage|p2a: Volcarona|68\/100\n|\n|upkeep\n|turn|16\n|-message|mengxingzhu forfeited.\n|\n|win|Somnus9862\n|raw|mengxingzhu's rating: 1480 &rarr; <strong>1458<\/strong><br \/>(-22 for losing)\n|raw|Somnus9862's rating: 1439 &rarr; <strong>1461<\/strong><br \/>(+22 for winning)\n|l|\u203dmengxingzhu\n","uploadtime":1699848255,"views":6,"p1id":"mengxingzhu","p2id":"somnus9862","formatid":"gen9nationaldex","rating":1458,"private":0,"password":""}