{"id":"gen9nationaldex-1994406378","p1":"Pipeso","p2":"Onlymanever","format":"[Gen 9] National Dex","log":"|j|\u2606Pipeso\n|j|\u203dOnlymanever\n|t:|1700440327\n|gametype|singles\n|player|p1|Pipeso|hilbert|1055\n|player|p2|Onlymanever|lyra|1082\n|teamsize|p1|6\n|teamsize|p2|6\n|gen|9\n|tier|[Gen 9] National Dex\n|rated|\n|rule|HP Percentage Mod: HP is shown in percentages\n|rule|Endless Battle Clause: Forcing endless battles is banned\n|rule|OHKO Clause: OHKO moves are banned\n|rule|Evasion Clause: Evasion abilities, items, and moves are banned\n|rule|Evasion Abilities Clause: Evasion abilities are banned\n|rule|Evasion Items Clause: Evasion items are banned\n|rule|Evasion Moves Clause: Evasion moves are banned\n|rule|Species Clause: Limit one of each Pok\u00e9mon\n|rule|Sleep Clause Mod: Limit one foe put to sleep\n|clearpoke\n|poke|p1|Lycanroc-Midnight, M|\n|poke|p1|Toucannon, M|\n|poke|p1|Samurott-Hisui, M|\n|poke|p1|Centiskorch, M|\n|poke|p1|Gogoat, M|\n|poke|p1|Ursaluna, M|\n|poke|p2|Inteleon, M|\n|poke|p2|Leafeon, F|\n|poke|p2|Medicham, F|\n|poke|p2|Staraptor, M|\n|poke|p2|Ceruledge, M|\n|poke|p2|Electivire, M|\n|teampreview\n|inactive|Battle timer is ON: inactive players will automatically lose when time's up. (requested by Onlymanever)\n|\n|t:|1700440334\n|start\n|switch|p1a: Toucannon|Toucannon, M|100\/100\n|switch|p2a: Inteleon|Inteleon, M|100\/100\n|turn|1\n|\n|t:|1700440341\n|move|p2a: Inteleon|Ice Beam|p1a: Toucannon\n|-supereffective|p1a: Toucannon\n|-damage|p1a: Toucannon|31\/100\n|move|p1a: Toucannon|Bullet Seed|p2a: Inteleon\n|-supereffective|p2a: Inteleon\n|-damage|p2a: Inteleon|68\/100\n|-supereffective|p2a: Inteleon\n|-damage|p2a: Inteleon|40\/100\n|-supereffective|p2a: Inteleon\n|-damage|p2a: Inteleon|9\/100\n|-supereffective|p2a: Inteleon\n|-damage|p2a: Inteleon|0 fnt\n|faint|p2a: Inteleon\n|-hitcount|p2: Inteleon|4\n|\n|upkeep\n|inactive|Onlymanever has 120 seconds left.\n|\n|t:|1700440378\n|switch|p2a: Electivire|Electivire, M|100\/100\n|turn|2\n|\n|t:|1700440382\n|-singleturn|p1a: Toucannon|move: Beak Blast\n|move|p2a: Electivire|Meditate|p2a: Electivire\n|-boost|p2a: Electivire|atk|1\n|move|p1a: Toucannon|Beak Blast|p2a: Electivire\n|-resisted|p2a: Electivire\n|-damage|p2a: Electivire|69\/100\n|\n|-heal|p2a: Electivire|75\/100|[from] item: Leftovers\n|upkeep\n|turn|3\n|\n|t:|1700440395\n|-singleturn|p1a: Toucannon|move: Beak Blast\n|move|p2a: Electivire|Thunderbolt|p1a: Toucannon\n|-supereffective|p1a: Toucannon\n|-crit|p1a: Toucannon\n|-damage|p1a: Toucannon|0 fnt\n|faint|p1a: Toucannon\n|\n|-heal|p2a: Electivire|81\/100|[from] item: Leftovers\n|upkeep\n|\n|t:|1700440406\n|switch|p1a: Lycanroc|Lycanroc-Midnight, M|100\/100\n|turn|4\n|\n|t:|1700440412\n|move|p1a: Lycanroc|Stone Edge|p2a: Electivire\n|-damage|p2a: Electivire|8\/100\n|-damage|p1a: Lycanroc|91\/100|[from] item: Life Orb\n|move|p2a: Electivire|Hammer Arm|p1a: Lycanroc\n|-supereffective|p1a: Lycanroc\n|-damage|p1a: Lycanroc|0 fnt\n|-unboost|p2a: Electivire|spe|1\n|faint|p1a: Lycanroc\n|\n|-heal|p2a: Electivire|14\/100|[from] item: Leftovers\n|upkeep\n|\n|t:|1700440426\n|switch|p1a: Centiskorch|Centiskorch, M|100\/100\n|turn|5\n|\n|t:|1700440431\n|move|p1a: Centiskorch|Leech Life|p2a: Electivire\n|-damage|p2a: Electivire|0 fnt\n|faint|p2a: Electivire\n|\n|upkeep\n|\n|t:|1700440436\n|switch|p2a: Ceruledge|Ceruledge, M|100\/100\n|turn|6\n|\n|t:|1700440443\n|move|p2a: Ceruledge|Bulk Up|p2a: Ceruledge\n|-boost|p2a: Ceruledge|atk|1\n|-boost|p2a: Ceruledge|def|1\n|move|p1a: Centiskorch|Crunch|p2a: Ceruledge\n|-supereffective|p2a: Ceruledge\n|-damage|p2a: Ceruledge|57\/100\n|-unboost|p2a: Ceruledge|def|1\n|\n|-heal|p2a: Ceruledge|63\/100|[from] item: Leftovers\n|upkeep\n|turn|7\n|\n|t:|1700440460\n|-terastallize|p2a: Ceruledge|Fighting\n|move|p2a: Ceruledge|Bulk Up|p2a: Ceruledge\n|-boost|p2a: Ceruledge|atk|1\n|-boost|p2a: Ceruledge|def|1\n|move|p1a: Centiskorch|Crunch|p2a: Ceruledge\n|-resisted|p2a: Ceruledge\n|-damage|p2a: Ceruledge|52\/100\n|\n|-heal|p2a: Ceruledge|58\/100|[from] item: Leftovers\n|upkeep\n|turn|8\n|\n|t:|1700440474\n|move|p2a: Ceruledge|Bitter Blade|p1a: Centiskorch\n|-damage|p1a: Centiskorch|0 fnt\n|-heal|p2a: Ceruledge|100\/100|[from] drain|[of] p1a: Centiskorch\n|faint|p1a: Centiskorch\n|\n|upkeep\n|\n|t:|1700440481\n|switch|p1a: Samurott|Samurott-Hisui, M|100\/100\n|turn|9\n|\n|t:|1700440491\n|-terastallize|p1a: Samurott|Bug\n|move|p1a: Samurott|Razor Shell|p2a: Ceruledge\n|-damage|p2a: Ceruledge|48\/100\n|-damage|p1a: Samurott|91\/100|[from] item: Life Orb\n|move|p2a: Ceruledge|Close Combat|p1a: Samurott\n|-resisted|p1a: Samurott\n|-damage|p1a: Samurott|19\/100\n|-unboost|p2a: Ceruledge|def|1\n|-unboost|p2a: Ceruledge|spd|1\n|\n|-heal|p2a: Ceruledge|54\/100|[from] item: Leftovers\n|upkeep\n|turn|10\n|\n|t:|1700440505\n|move|p1a: Samurott|Sacred Sword|p2a: Ceruledge\n|-crit|p2a: Ceruledge\n|-damage|p2a: Ceruledge|0 fnt\n|faint|p2a: Ceruledge\n|-damage|p1a: Samurott|9\/100|[from] item: Life Orb\n|\n|upkeep\n|\n|t:|1700440514\n|switch|p2a: Medicham|Medicham, F|100\/100\n|turn|11\n|\n|t:|1700440522\n|move|p1a: Samurott|Razor Shell|p2a: Medicham\n|-damage|p2a: Medicham|11\/100\n|-damage|p1a: Samurott|0 fnt|[from] item: Life Orb\n|faint|p1a: Samurott\n|move|p2a: Medicham|Bulk Up|p2a: Medicham\n|-boost|p2a: Medicham|atk|1\n|-boost|p2a: Medicham|def|1\n|\n|-heal|p2a: Medicham|17\/100|[from] item: Leftovers\n|upkeep\n|\n|t:|1700440532\n|switch|p1a: Gogoat|Gogoat, M|100\/100\n|turn|12\n|\n|t:|1700440537\n|move|p2a: Medicham|Recover|p2a: Medicham\n|-heal|p2a: Medicham|67\/100\n|move|p1a: Gogoat|Horn Leech|p2a: Medicham\n|-damage|p2a: Medicham|24\/100\n|-damage|p1a: Gogoat|90\/100|[from] item: Life Orb\n|\n|-heal|p2a: Medicham|30\/100|[from] item: Leftovers\n|upkeep\n|turn|13\n|\n|t:|1700440547\n|move|p2a: Medicham|Recover|p2a: Medicham\n|-heal|p2a: Medicham|80\/100\n|move|p1a: Gogoat|Horn Leech|p2a: Medicham\n|-damage|p2a: Medicham|41\/100\n|-heal|p1a: Gogoat|100\/100|[from] drain|[of] p2a: Medicham\n|-damage|p1a: Gogoat|90\/100|[from] item: Life Orb\n|\n|-heal|p2a: Medicham|47\/100|[from] item: Leftovers\n|upkeep\n|turn|14\n|\n|t:|1700440558\n|move|p2a: Medicham|Bulk Up|p2a: Medicham\n|-boost|p2a: Medicham|atk|1\n|-boost|p2a: Medicham|def|1\n|move|p1a: Gogoat|Horn Leech|p2a: Medicham\n|-damage|p2a: Medicham|15\/100\n|-heal|p1a: Gogoat|100\/100|[from] drain|[of] p2a: Medicham\n|-damage|p1a: Gogoat|90\/100|[from] item: Life Orb\n|\n|-heal|p2a: Medicham|21\/100|[from] item: Leftovers\n|upkeep\n|turn|15\n|\n|t:|1700440570\n|move|p2a: Medicham|Recover|p2a: Medicham\n|-heal|p2a: Medicham|71\/100\n|move|p1a: Gogoat|Horn Leech|p2a: Medicham\n|-damage|p2a: Medicham|41\/100\n|-heal|p1a: Gogoat|100\/100|[from] drain|[of] p2a: Medicham\n|-damage|p1a: Gogoat|90\/100|[from] item: Life Orb\n|\n|-heal|p2a: Medicham|47\/100|[from] item: Leftovers\n|upkeep\n|turn|16\n|\n|t:|1700440581\n|move|p2a: Medicham|Recover|p2a: Medicham\n|-heal|p2a: Medicham|97\/100\n|move|p1a: Gogoat|Horn Leech|p2a: Medicham\n|-damage|p2a: Medicham|67\/100\n|-heal|p1a: Gogoat|100\/100|[from] drain|[of] p2a: Medicham\n|-damage|p1a: Gogoat|90\/100|[from] item: Life Orb\n|\n|-heal|p2a: Medicham|74\/100|[from] item: Leftovers\n|upkeep\n|turn|17\n|\n|t:|1700440594\n|move|p2a: Medicham|Bulk Up|p2a: Medicham\n|-boost|p2a: Medicham|atk|1\n|-boost|p2a: Medicham|def|1\n|move|p1a: Gogoat|Horn Leech|p2a: Medicham\n|-damage|p2a: Medicham|46\/100\n|-heal|p1a: Gogoat|100\/100|[from] drain|[of] p2a: Medicham\n|-damage|p1a: Gogoat|90\/100|[from] item: Life Orb\n|\n|-heal|p2a: Medicham|52\/100|[from] item: Leftovers\n|upkeep\n|turn|18\n|\n|t:|1700440605\n|move|p2a: Medicham|Bulk Up|p2a: Medicham\n|-boost|p2a: Medicham|atk|1\n|-boost|p2a: Medicham|def|1\n|move|p1a: Gogoat|Horn Leech|p2a: Medicham\n|-damage|p2a: Medicham|30\/100\n|-heal|p1a: Gogoat|98\/100|[from] drain|[of] p2a: Medicham\n|-damage|p1a: Gogoat|88\/100|[from] item: Life Orb\n|\n|-heal|p2a: Medicham|37\/100|[from] item: Leftovers\n|upkeep\n|turn|19\n|\n|t:|1700440617\n|move|p2a: Medicham|Recover|p2a: Medicham\n|-heal|p2a: Medicham|87\/100\n|move|p1a: Gogoat|Horn Leech|p2a: Medicham\n|-damage|p2a: Medicham|67\/100\n|-heal|p1a: Gogoat|95\/100|[from] drain|[of] p2a: Medicham\n|-damage|p1a: Gogoat|85\/100|[from] item: Life Orb\n|\n|-heal|p2a: Medicham|73\/100|[from] item: Leftovers\n|upkeep\n|turn|20\n|-message|Pipeso forfeited.\n|\n|win|Onlymanever\n|raw|Pipeso's rating: 1055 &rarr; <strong>1038<\/strong><br \/>(-17 for losing)\n|raw|Onlymanever's rating: 1082 &rarr; <strong>1108<\/strong><br \/>(+26 for winning)\n|l|\u2606Pipeso\n","uploadtime":1700440631,"views":4,"p1id":"pipeso","p2id":"onlymanever","formatid":"gen9nationaldex","rating":1038,"private":0,"password":""}