{"id":"gen9nationaldex-1990031292","p1":"JoaKingDex(IN)","p2":"NOAHXKENSHIN","format":"[Gen 9] National Dex","log":"|j|\u2606JoaKingDex(IN)\n|j|\u2606NOAHXKENSHIN\n|t:|1699917199\n|gametype|singles\n|player|p1|JoaKingDex(IN)|red-masters|1209\n|player|p2|NOAHXKENSHIN|102|1241\n|teamsize|p1|6\n|teamsize|p2|6\n|gen|9\n|tier|[Gen 9] National Dex\n|rated|\n|rule|HP Percentage Mod: HP is shown in percentages\n|rule|Endless Battle Clause: Forcing endless battles is banned\n|rule|OHKO Clause: OHKO moves are banned\n|rule|Evasion Clause: Evasion abilities, items, and moves are banned\n|rule|Evasion Abilities Clause: Evasion abilities are banned\n|rule|Evasion Items Clause: Evasion items are banned\n|rule|Evasion Moves Clause: Evasion moves are banned\n|rule|Species Clause: Limit one of each Pok\u00e9mon\n|rule|Sleep Clause Mod: Limit one foe put to sleep\n|clearpoke\n|poke|p1|Incineroar, M|\n|poke|p1|Gliscor, M|\n|poke|p1|Vaporeon, M|\n|poke|p1|Goodra-Hisui, F|\n|poke|p1|Gardevoir, F|\n|poke|p1|Klefki, F|\n|poke|p2|Pelipper, M|\n|poke|p2|Floatzel, F|\n|poke|p2|Zapdos|\n|poke|p2|Iron Valiant|\n|poke|p2|Garchomp, F|\n|poke|p2|Ferrothorn, F|\n|teampreview\n|inactive|Battle timer is ON: inactive players will automatically lose when time's up. (requested by NOAHXKENSHIN)\n|\n|t:|1699917217\n|start\n|switch|p1a: Klefki|Klefki, F|100\/100\n|switch|p2a: Pelipper|Pelipper, M, shiny|100\/100\n|-weather|RainDance|[from] ability: Drizzle|[of] p2a: Pelipper\n|turn|1\n|\n|t:|1699917221\n|move|p1a: Klefki|Light Screen|p1a: Klefki\n|-sidestart|p1: JoaKingDex(IN)|move: Light Screen\n|move|p2a: Pelipper|U-turn|p1a: Klefki\n|-resisted|p1a: Klefki\n|-damage|p1a: Klefki|99\/100\n|\n|t:|1699917226\n|switch|p2a: Zapdos|Zapdos, shiny|100\/100|[from] U-turn\n|\n|-weather|RainDance|[upkeep]\n|upkeep\n|turn|2\n|\n|t:|1699917230\n|move|p1a: Klefki|Reflect|p1a: Klefki\n|-sidestart|p1: JoaKingDex(IN)|Reflect\n|move|p2a: Zapdos|Defog|p1a: Klefki\n|-unboost|p1a: Klefki|evasion|1\n|-sideend|p1: JoaKingDex(IN)|Reflect\n|-sideend|p1: JoaKingDex(IN)|move: Light Screen\n|\n|-weather|RainDance|[upkeep]\n|upkeep\n|turn|3\n|\n|t:|1699917236\n|switch|p1a: Goodra|Goodra-Hisui, F|100\/100\n|move|p2a: Zapdos|Thunder|p1a: Goodra\n|-resisted|p1a: Goodra\n|-damage|p1a: Goodra|90\/100\n|\n|-weather|RainDance|[upkeep]\n|upkeep\n|turn|4\n|\n|t:|1699917243\n|move|p2a: Zapdos|Volt Switch|p1a: Goodra\n|-resisted|p1a: Goodra\n|-damage|p1a: Goodra|83\/100\n|\n|t:|1699917248\n|switch|p2a: Garchomp|Garchomp, F, shiny|100\/100|[from] Volt Switch\n|move|p1a: Goodra|Draco Meteor|p2a: Garchomp\n|-supereffective|p2a: Garchomp\n|-damage|p2a: Garchomp|0 fnt\n|-unboost|p1a: Goodra|spa|2\n|faint|p2a: Garchomp\n|\n|-weather|RainDance|[upkeep]\n|upkeep\n|\n|t:|1699917255\n|switch|p2a: Floatzel|Floatzel, F|100\/100\n|turn|5\n|\n|t:|1699917261\n|-terastallize|p2a: Floatzel|Water\n|move|p2a: Floatzel|Wave Crash|p1a: Goodra\n|-resisted|p1a: Goodra\n|-damage|p1a: Goodra|0 fnt\n|-ability|p1a: Goodra|Gooey\n|-unboost|p2a: Floatzel|spe|1\n|faint|p1a: Goodra\n|-damage|p2a: Floatzel|70\/100|[from] Recoil\n|\n|-weather|RainDance|[upkeep]\n|upkeep\n|\n|t:|1699917272\n|switch|p1a: Klefki|Klefki, F|99\/100\n|turn|6\n|\n|t:|1699917275\n|move|p1a: Klefki|Reflect|p1a: Klefki\n|-sidestart|p1: JoaKingDex(IN)|Reflect\n|move|p2a: Floatzel|Wave Crash|p1a: Klefki\n|-damage|p1a: Klefki|28\/100\n|-damage|p2a: Floatzel|46\/100|[from] Recoil\n|\n|-weather|RainDance|[upkeep]\n|upkeep\n|turn|7\n|\n|t:|1699917281\n|move|p1a: Klefki|Thunder Wave|p2a: Floatzel\n|-status|p2a: Floatzel|par\n|move|p2a: Floatzel|Wave Crash|p1a: Klefki\n|-damage|p1a: Klefki|0 fnt\n|faint|p1a: Klefki\n|-damage|p2a: Floatzel|37\/100 par|[from] Recoil\n|\n|-weather|RainDance|[upkeep]\n|upkeep\n|\n|t:|1699917287\n|switch|p1a: Incineroar|Incineroar, M|100\/100\n|-ability|p1a: Incineroar|Intimidate|boost\n|-unboost|p2a: Floatzel|atk|1\n|turn|8\n|\n|t:|1699917297\n|switch|p2a: Zapdos|Zapdos, shiny|100\/100\n|-terastallize|p1a: Incineroar|Grass\n|move|p1a: Incineroar|Bulk Up|p1a: Incineroar\n|-boost|p1a: Incineroar|atk|1\n|-boost|p1a: Incineroar|def|1\n|\n|-weather|none\n|upkeep\n|turn|9\n|\n|t:|1699917303\n|move|p2a: Zapdos|Volt Switch|p1a: Incineroar\n|-resisted|p1a: Incineroar\n|-damage|p1a: Incineroar|85\/100\n|\n|t:|1699917309\n|switch|p2a: Pelipper|Pelipper, M, shiny|100\/100|[from] Volt Switch\n|-weather|RainDance|[from] ability: Drizzle|[of] p2a: Pelipper\n|move|p1a: Incineroar|Flame Charge|p2a: Pelipper\n|-resisted|p2a: Pelipper\n|-damage|p2a: Pelipper|94\/100\n|-boost|p1a: Incineroar|spe|1\n|\n|-weather|RainDance|[upkeep]\n|upkeep\n|turn|10\n|\n|t:|1699917321\n|move|p1a: Incineroar|Bulk Up|p1a: Incineroar\n|-boost|p1a: Incineroar|atk|1\n|-boost|p1a: Incineroar|def|1\n|move|p2a: Pelipper|Hurricane|p1a: Incineroar\n|-supereffective|p1a: Incineroar\n|-damage|p1a: Incineroar|16\/100\n|-enditem|p1a: Incineroar|Weakness Policy\n|-boost|p1a: Incineroar|atk|2|[from] item: Weakness Policy\n|-boost|p1a: Incineroar|spa|2|[from] item: Weakness Policy\n|\n|-weather|RainDance|[upkeep]\n|upkeep\n|turn|11\n|\n|t:|1699917330\n|move|p1a: Incineroar|Power Trip|p2a: Pelipper\n|-damage|p2a: Pelipper|0 fnt\n|faint|p2a: Pelipper\n|\n|-weather|RainDance|[upkeep]\n|upkeep\n|\n|t:|1699917341\n|switch|p2a: Floatzel|Floatzel, F, tera:Water|37\/100 par\n|turn|12\n|\n|t:|1699917347\n|move|p2a: Floatzel|Aqua Jet|p1a: Incineroar\n|-resisted|p1a: Incineroar\n|-damage|p1a: Incineroar|9\/100\n|move|p1a: Incineroar|Drain Punch|p2a: Floatzel\n|-damage|p2a: Floatzel|0 fnt\n|-heal|p1a: Incineroar|23\/100|[from] drain|[of] p2a: Floatzel\n|faint|p2a: Floatzel\n|\n|-weather|RainDance|[upkeep]\n|upkeep\n|\n|t:|1699917353\n|switch|p2a: Iron Valiant|Iron Valiant, shiny|100\/100\n|-enditem|p2a: Iron Valiant|Booster Energy\n|-activate|p2a: Iron Valiant|ability: Quark Drive|[fromitem]\n|-start|p2a: Iron Valiant|quarkdrivespe\n|turn|13\n|\n|t:|1699917358\n|move|p2a: Iron Valiant|Moonblast|p1a: Incineroar\n|-damage|p1a: Incineroar|0 fnt\n|faint|p1a: Incineroar\n|\n|-weather|RainDance|[upkeep]\n|-sideend|p1: JoaKingDex(IN)|Reflect\n|upkeep\n|\n|t:|1699917363\n|switch|p1a: Gardevoir|Gardevoir, F|100\/100\n|turn|14\n|\n|t:|1699917372\n|detailschange|p1a: Gardevoir|Gardevoir-Mega, F\n|-mega|p1a: Gardevoir|Gardevoir|Gardevoirite\n|move|p2a: Iron Valiant|Moonblast|p1a: Gardevoir\n|-damage|p1a: Gardevoir|53\/100\n|-unboost|p1a: Gardevoir|spa|1\n|move|p1a: Gardevoir|Hyper Voice|p2a: Iron Valiant\n|-supereffective|p2a: Iron Valiant\n|-damage|p2a: Iron Valiant|0 fnt\n|faint|p2a: Iron Valiant\n|-end|p2a: Iron Valiant|Quark Drive|[silent]\n|\n|-weather|RainDance|[upkeep]\n|upkeep\n|\n|t:|1699917378\n|switch|p2a: Ferrothorn|Ferrothorn, F, shiny|100\/100\n|turn|15\n|\n|t:|1699917385\n|switch|p1a: Gliscor|Gliscor, M|100\/100\n|move|p2a: Ferrothorn|Gyro Ball|p1a: Gliscor\n|-damage|p1a: Gliscor|75\/100\n|\n|-weather|RainDance|[upkeep]\n|-status|p1a: Gliscor|tox|[from] item: Toxic Orb\n|upkeep\n|turn|16\n|\n|t:|1699917390\n|move|p1a: Gliscor|Knock Off|p2a: Ferrothorn\n|-damage|p2a: Ferrothorn|89\/100\n|-damage|p1a: Gliscor|62\/100 tox|[from] ability: Iron Barbs|[of] p2a: Ferrothorn\n|-enditem|p2a: Ferrothorn|Leftovers|[from] move: Knock Off|[of] p1a: Gliscor\n|move|p2a: Ferrothorn|Leech Seed|p1a: Gliscor\n|-start|p1a: Gliscor|move: Leech Seed\n|\n|-weather|none\n|-damage|p1a: Gliscor|50\/100 tox|[from] Leech Seed|[of] p2a: Ferrothorn\n|-heal|p2a: Ferrothorn|100\/100|[silent]\n|-heal|p1a: Gliscor|62\/100 tox|[from] ability: Poison Heal\n|upkeep\n|turn|17\n|\n|t:|1699917403\n|switch|p1a: Gardevoir|Gardevoir-Mega, F|53\/100\n|move|p2a: Ferrothorn|Gyro Ball|p1a: Gardevoir\n|-supereffective|p1a: Gardevoir\n|-damage|p1a: Gardevoir|0 fnt\n|faint|p1a: Gardevoir\n|\n|upkeep\n|\n|t:|1699917407\n|switch|p1a: Gliscor|Gliscor, M|62\/100 tox\n|turn|18\n|\n|t:|1699917411\n|move|p1a: Gliscor|Protect|p1a: Gliscor\n|-singleturn|p1a: Gliscor|Protect\n|move|p2a: Ferrothorn|Leech Seed|p1a: Gliscor\n|-activate|p1a: Gliscor|move: Protect\n|\n|-heal|p1a: Gliscor|75\/100 tox|[from] ability: Poison Heal\n|upkeep\n|turn|19\n|\n|t:|1699917419\n|move|p1a: Gliscor|Earthquake|p2a: Ferrothorn\n|-damage|p2a: Ferrothorn|80\/100\n|move|p2a: Ferrothorn|Leech Seed|p1a: Gliscor\n|-start|p1a: Gliscor|move: Leech Seed\n|\n|-damage|p1a: Gliscor|62\/100 tox|[from] Leech Seed|[of] p2a: Ferrothorn\n|-heal|p2a: Ferrothorn|93\/100|[silent]\n|-heal|p1a: Gliscor|75\/100 tox|[from] ability: Poison Heal\n|upkeep\n|turn|20\n|\n|t:|1699917425\n|switch|p1a: Vaporeon|Vaporeon, M|100\/100\n|move|p2a: Ferrothorn|Gyro Ball|p1a: Vaporeon\n|-resisted|p1a: Vaporeon\n|-damage|p1a: Vaporeon|80\/100\n|\n|-heal|p1a: Vaporeon|87\/100|[from] item: Leftovers\n|upkeep\n|turn|21\n|\n|t:|1699917430\n|move|p1a: Vaporeon|Scald|p2a: Ferrothorn\n|-resisted|p2a: Ferrothorn\n|-damage|p2a: Ferrothorn|79\/100\n|move|p2a: Ferrothorn|Leech Seed|p1a: Vaporeon\n|-start|p1a: Vaporeon|move: Leech Seed\n|\n|-heal|p1a: Vaporeon|93\/100|[from] item: Leftovers\n|-damage|p1a: Vaporeon|80\/100|[from] Leech Seed|[of] p2a: Ferrothorn\n|-heal|p2a: Ferrothorn|95\/100|[silent]\n|upkeep\n|turn|22\n|\n|t:|1699917439\n|move|p1a: Vaporeon|Scald|p2a: Ferrothorn\n|-resisted|p2a: Ferrothorn\n|-damage|p2a: Ferrothorn|82\/100\n|-status|p2a: Ferrothorn|brn\n|move|p2a: Ferrothorn|Knock Off|p1a: Vaporeon\n|-damage|p1a: Vaporeon|69\/100\n|-enditem|p1a: Vaporeon|Leftovers|[from] move: Knock Off|[of] p2a: Ferrothorn\n|\n|-damage|p1a: Vaporeon|56\/100|[from] Leech Seed|[of] p2a: Ferrothorn\n|-heal|p2a: Ferrothorn|99\/100 brn|[silent]\n|-damage|p2a: Ferrothorn|93\/100 brn|[from] brn\n|upkeep\n|turn|23\n|\n|t:|1699917448\n|switch|p1a: Gliscor|Gliscor, M|75\/100 tox\n|move|p2a: Ferrothorn|Gyro Ball|p1a: Gliscor\n|-damage|p1a: Gliscor|61\/100 tox\n|\n|-heal|p1a: Gliscor|73\/100 tox|[from] ability: Poison Heal\n|-damage|p2a: Ferrothorn|86\/100 brn|[from] brn\n|upkeep\n|turn|24\n|\n|t:|1699917453\n|move|p1a: Gliscor|Protect|p1a: Gliscor\n|-singleturn|p1a: Gliscor|Protect\n|move|p2a: Ferrothorn|Knock Off|p1a: Gliscor\n|-activate|p1a: Gliscor|move: Protect\n|\n|-heal|p1a: Gliscor|86\/100 tox|[from] ability: Poison Heal\n|-damage|p2a: Ferrothorn|80\/100 brn|[from] brn\n|upkeep\n|turn|25\n|\n|t:|1699917461\n|move|p1a: Gliscor|Earthquake|p2a: Ferrothorn\n|-damage|p2a: Ferrothorn|60\/100 brn\n|move|p2a: Ferrothorn|Leech Seed|p1a: Gliscor\n|-start|p1a: Gliscor|move: Leech Seed\n|\n|-damage|p1a: Gliscor|73\/100 tox|[from] Leech Seed|[of] p2a: Ferrothorn\n|-heal|p2a: Ferrothorn|72\/100 brn|[silent]\n|-heal|p1a: Gliscor|86\/100 tox|[from] ability: Poison Heal\n|-damage|p2a: Ferrothorn|66\/100 brn|[from] brn\n|upkeep\n|turn|26\n|\n|t:|1699917468\n|move|p2a: Ferrothorn|Protect|p2a: Ferrothorn\n|-singleturn|p2a: Ferrothorn|Protect\n|move|p1a: Gliscor|Earthquake|p2a: Ferrothorn\n|-activate|p2a: Ferrothorn|move: Protect\n|\n|-damage|p1a: Gliscor|73\/100 tox|[from] Leech Seed|[of] p2a: Ferrothorn\n|-heal|p2a: Ferrothorn|78\/100 brn|[silent]\n|-heal|p1a: Gliscor|86\/100 tox|[from] ability: Poison Heal\n|-damage|p2a: Ferrothorn|72\/100 brn|[from] brn\n|upkeep\n|turn|27\n|\n|t:|1699917474\n|switch|p1a: Vaporeon|Vaporeon, M|56\/100\n|move|p2a: Ferrothorn|Gyro Ball|p1a: Vaporeon\n|-resisted|p1a: Vaporeon\n|-damage|p1a: Vaporeon|47\/100\n|\n|-damage|p2a: Ferrothorn|66\/100 brn|[from] brn\n|upkeep\n|turn|28\n|\n|t:|1699917481\n|move|p1a: Vaporeon|Protect|p1a: Vaporeon\n|-singleturn|p1a: Vaporeon|Protect\n|move|p2a: Ferrothorn|Leech Seed|p1a: Vaporeon\n|-activate|p1a: Vaporeon|move: Protect\n|\n|-damage|p2a: Ferrothorn|60\/100 brn|[from] brn\n|upkeep\n|turn|29\n|\n|t:|1699917492\n|move|p1a: Vaporeon|Wish|p1a: Vaporeon\n|move|p2a: Ferrothorn|Leech Seed|p1a: Vaporeon\n|-start|p1a: Vaporeon|move: Leech Seed\n|\n|-damage|p1a: Vaporeon|34\/100|[from] Leech Seed|[of] p2a: Ferrothorn\n|-heal|p2a: Ferrothorn|76\/100 brn|[silent]\n|-damage|p2a: Ferrothorn|70\/100 brn|[from] brn\n|upkeep\n|turn|30\n|\n|t:|1699917498\n|move|p1a: Vaporeon|Protect|p1a: Vaporeon\n|-singleturn|p1a: Vaporeon|Protect\n|move|p2a: Ferrothorn|Gyro Ball|p1a: Vaporeon\n|-activate|p1a: Vaporeon|move: Protect\n|\n|-heal|p1a: Vaporeon|84\/100|[from] move: Wish|[wisher] Vaporeon\n|-damage|p1a: Vaporeon|72\/100|[from] Leech Seed|[of] p2a: Ferrothorn\n|-heal|p2a: Ferrothorn|86\/100 brn|[silent]\n|-damage|p2a: Ferrothorn|80\/100 brn|[from] brn\n|upkeep\n|turn|31\n|\n|t:|1699917504\n|move|p1a: Vaporeon|Wish|p1a: Vaporeon\n|move|p2a: Ferrothorn|Gyro Ball|p1a: Vaporeon\n|-resisted|p1a: Vaporeon\n|-damage|p1a: Vaporeon|63\/100\n|\n|-damage|p1a: Vaporeon|50\/100|[from] Leech Seed|[of] p2a: Ferrothorn\n|-heal|p2a: Ferrothorn|97\/100 brn|[silent]\n|-damage|p2a: Ferrothorn|90\/100 brn|[from] brn\n|upkeep\n|turn|32\n|\n|t:|1699917510\n|move|p2a: Ferrothorn|Protect|p2a: Ferrothorn\n|-singleturn|p2a: Ferrothorn|Protect\n|move|p1a: Vaporeon|Scald|p2a: Ferrothorn\n|-activate|p2a: Ferrothorn|move: Protect\n|\n|-heal|p1a: Vaporeon|99\/100|[from] move: Wish|[wisher] Vaporeon\n|-damage|p1a: Vaporeon|88\/100|[from] Leech Seed|[of] p2a: Ferrothorn\n|-heal|p2a: Ferrothorn|100\/100 brn|[silent]\n|-damage|p2a: Ferrothorn|94\/100 brn|[from] brn\n|upkeep\n|turn|33\n|\n|t:|1699917518\n|switch|p1a: Gliscor|Gliscor, M|86\/100 tox\n|move|p2a: Ferrothorn|Gyro Ball|p1a: Gliscor\n|-damage|p1a: Gliscor|73\/100 tox\n|\n|-heal|p1a: Gliscor|85\/100 tox|[from] ability: Poison Heal\n|-damage|p2a: Ferrothorn|88\/100 brn|[from] brn\n|upkeep\n|turn|34\n|\n|t:|1699917525\n|move|p2a: Ferrothorn|Protect|p2a: Ferrothorn\n|-singleturn|p2a: Ferrothorn|Protect\n|move|p1a: Gliscor|Earthquake|p2a: Ferrothorn\n|-activate|p2a: Ferrothorn|move: Protect\n|\n|-heal|p1a: Gliscor|97\/100 tox|[from] ability: Poison Heal\n|-damage|p2a: Ferrothorn|82\/100 brn|[from] brn\n|upkeep\n|turn|35\n|\n|t:|1699917530\n|move|p1a: Gliscor|Protect|p1a: Gliscor\n|-singleturn|p1a: Gliscor|Protect\n|move|p2a: Ferrothorn|Leech Seed|p1a: Gliscor\n|-activate|p1a: Gliscor|move: Protect\n|\n|-heal|p1a: Gliscor|100\/100 tox|[from] ability: Poison Heal\n|-damage|p2a: Ferrothorn|75\/100 brn|[from] brn\n|upkeep\n|turn|36\n|\n|t:|1699917539\n|move|p1a: Gliscor|Earthquake|p2a: Ferrothorn\n|-damage|p2a: Ferrothorn|57\/100 brn\n|move|p2a: Ferrothorn|Leech Seed|p1a: Gliscor\n|-start|p1a: Gliscor|move: Leech Seed\n|\n|-damage|p1a: Gliscor|88\/100 tox|[from] Leech Seed|[of] p2a: Ferrothorn\n|-heal|p2a: Ferrothorn|70\/100 brn|[silent]\n|-heal|p1a: Gliscor|100\/100 tox|[from] ability: Poison Heal\n|-damage|p2a: Ferrothorn|64\/100 brn|[from] brn\n|upkeep\n|turn|37\n|\n|t:|1699917547\n|switch|p1a: Vaporeon|Vaporeon, M|88\/100\n|switch|p2a: Zapdos|Zapdos, shiny|100\/100\n|\n|upkeep\n|turn|38\n|\n|t:|1699917553\n|move|p2a: Zapdos|Weather Ball|p1a: Vaporeon\n|-damage|p1a: Vaporeon|77\/100\n|move|p1a: Vaporeon|Scald|p2a: Zapdos\n|-damage|p2a: Zapdos|63\/100\n|-status|p2a: Zapdos|brn\n|\n|-damage|p2a: Zapdos|57\/100 brn|[from] brn\n|upkeep\n|turn|39\n|\n|t:|1699917557\n|move|p2a: Zapdos|Volt Switch|p1a: Vaporeon\n|-supereffective|p1a: Vaporeon\n|-damage|p1a: Vaporeon|36\/100\n|\n|t:|1699917561\n|switch|p2a: Ferrothorn|Ferrothorn, F, shiny|64\/100 brn|[from] Volt Switch\n|move|p1a: Vaporeon|Scald|p2a: Ferrothorn\n|-resisted|p2a: Ferrothorn\n|-crit|p2a: Ferrothorn\n|-damage|p2a: Ferrothorn|45\/100 brn\n|\n|-damage|p2a: Ferrothorn|38\/100 brn|[from] brn\n|upkeep\n|turn|40\n|\n|t:|1699917566\n|move|p1a: Vaporeon|Protect|p1a: Vaporeon\n|-singleturn|p1a: Vaporeon|Protect\n|move|p2a: Ferrothorn|Leech Seed|p1a: Vaporeon\n|-activate|p1a: Vaporeon|move: Protect\n|\n|-damage|p2a: Ferrothorn|32\/100 brn|[from] brn\n|upkeep\n|turn|41\n|\n|t:|1699917573\n|move|p1a: Vaporeon|Wish|p1a: Vaporeon\n|move|p2a: Ferrothorn|Leech Seed|p1a: Vaporeon\n|-start|p1a: Vaporeon|move: Leech Seed\n|\n|-damage|p1a: Vaporeon|24\/100|[from] Leech Seed|[of] p2a: Ferrothorn\n|-heal|p2a: Ferrothorn|49\/100 brn|[silent]\n|-damage|p2a: Ferrothorn|42\/100 brn|[from] brn\n|upkeep\n|turn|42\n|\n|t:|1699917581\n|move|p2a: Ferrothorn|Protect|p2a: Ferrothorn\n|-singleturn|p2a: Ferrothorn|Protect\n|move|p1a: Vaporeon|Scald|p2a: Ferrothorn\n|-activate|p2a: Ferrothorn|move: Protect\n|\n|-heal|p1a: Vaporeon|74\/100|[from] move: Wish|[wisher] Vaporeon\n|-damage|p1a: Vaporeon|61\/100|[from] Leech Seed|[of] p2a: Ferrothorn\n|-heal|p2a: Ferrothorn|59\/100 brn|[silent]\n|-damage|p2a: Ferrothorn|52\/100 brn|[from] brn\n|upkeep\n|turn|43\n|\n|t:|1699917589\n|move|p1a: Vaporeon|Scald|p2a: Ferrothorn\n|-resisted|p2a: Ferrothorn\n|-damage|p2a: Ferrothorn|40\/100 brn\n|move|p2a: Ferrothorn|Knock Off|p1a: Vaporeon\n|-damage|p1a: Vaporeon|54\/100\n|\n|-damage|p1a: Vaporeon|41\/100|[from] Leech Seed|[of] p2a: Ferrothorn\n|-heal|p2a: Ferrothorn|56\/100 brn|[silent]\n|-damage|p2a: Ferrothorn|50\/100 brn|[from] brn\n|upkeep\n|turn|44\n|\n|t:|1699917602\n|move|p2a: Ferrothorn|Protect|p2a: Ferrothorn\n|-singleturn|p2a: Ferrothorn|Protect\n|move|p1a: Vaporeon|Wish|p1a: Vaporeon\n|\n|-damage|p1a: Vaporeon|29\/100|[from] Leech Seed|[of] p2a: Ferrothorn\n|-heal|p2a: Ferrothorn|66\/100 brn|[silent]\n|-damage|p2a: Ferrothorn|60\/100 brn|[from] brn\n|upkeep\n|turn|45\n|\n|t:|1699917610\n|switch|p1a: Gliscor|Gliscor, M|100\/100 tox\n|switch|p2a: Zapdos|Zapdos, shiny|57\/100 brn\n|\n|-damage|p2a: Zapdos|51\/100 brn|[from] brn\n|upkeep\n|turn|46\n|\n|t:|1699917617\n|switch|p2a: Ferrothorn|Ferrothorn, F, shiny|60\/100 brn\n|move|p1a: Gliscor|Knock Off|p2a: Ferrothorn\n|-damage|p2a: Ferrothorn|52\/100 brn\n|-damage|p1a: Gliscor|88\/100 tox|[from] ability: Iron Barbs|[of] p2a: Ferrothorn\n|\n|-heal|p1a: Gliscor|100\/100 tox|[from] ability: Poison Heal\n|-damage|p2a: Ferrothorn|45\/100 brn|[from] brn\n|upkeep\n|turn|47\n|\n|t:|1699917620\n|move|p1a: Gliscor|Earthquake|p2a: Ferrothorn\n|-damage|p2a: Ferrothorn|25\/100 brn\n|move|p2a: Ferrothorn|Leech Seed|p1a: Gliscor\n|-start|p1a: Gliscor|move: Leech Seed\n|\n|-damage|p1a: Gliscor|88\/100 tox|[from] Leech Seed|[of] p2a: Ferrothorn\n|-heal|p2a: Ferrothorn|37\/100 brn|[silent]\n|-heal|p1a: Gliscor|100\/100 tox|[from] ability: Poison Heal\n|-damage|p2a: Ferrothorn|31\/100 brn|[from] brn\n|upkeep\n|turn|48\n|\n|t:|1699917630\n|switch|p1a: Vaporeon|Vaporeon, M|29\/100\n|move|p2a: Ferrothorn|Protect||[still]\n|-fail|p2a: Ferrothorn\n|\n|-damage|p2a: Ferrothorn|25\/100 brn|[from] brn\n|upkeep\n|turn|49\n|\n|t:|1699917639\n|move|p1a: Vaporeon|Protect|p1a: Vaporeon\n|-singleturn|p1a: Vaporeon|Protect\n|move|p2a: Ferrothorn|Leech Seed|p1a: Vaporeon\n|-activate|p1a: Vaporeon|move: Protect\n|\n|-damage|p2a: Ferrothorn|19\/100 brn|[from] brn\n|upkeep\n|turn|50\n|\n|t:|1699917646\n|move|p1a: Vaporeon|Wish|p1a: Vaporeon\n|move|p2a: Ferrothorn|Leech Seed|p1a: Vaporeon\n|-start|p1a: Vaporeon|move: Leech Seed\n|\n|-damage|p1a: Vaporeon|16\/100|[from] Leech Seed|[of] p2a: Ferrothorn\n|-heal|p2a: Ferrothorn|35\/100 brn|[silent]\n|-damage|p2a: Ferrothorn|29\/100 brn|[from] brn\n|upkeep\n|turn|51\n|\n|t:|1699917651\n|move|p1a: Vaporeon|Protect|p1a: Vaporeon\n|-singleturn|p1a: Vaporeon|Protect\n|move|p2a: Ferrothorn|Protect||[still]\n|-fail|p2a: Ferrothorn\n|\n|-heal|p1a: Vaporeon|66\/100|[from] move: Wish|[wisher] Vaporeon\n|-damage|p1a: Vaporeon|54\/100|[from] Leech Seed|[of] p2a: Ferrothorn\n|-heal|p2a: Ferrothorn|45\/100 brn|[silent]\n|-damage|p2a: Ferrothorn|39\/100 brn|[from] brn\n|upkeep\n|turn|52\n|\n|t:|1699917662\n|switch|p1a: Gliscor|Gliscor, M|100\/100 tox\n|move|p2a: Ferrothorn|Knock Off|p1a: Gliscor\n|-damage|p1a: Gliscor|94\/100 tox\n|-enditem|p1a: Gliscor|Toxic Orb|[from] move: Knock Off|[of] p2a: Ferrothorn\n|\n|-heal|p1a: Gliscor|100\/100 tox|[from] ability: Poison Heal\n|-damage|p2a: Ferrothorn|33\/100 brn|[from] brn\n|upkeep\n|turn|53\n|\n|t:|1699917684\n|move|p1a: Gliscor|Protect|p1a: Gliscor\n|-singleturn|p1a: Gliscor|Protect\n|move|p2a: Ferrothorn|Leech Seed|p1a: Gliscor\n|-activate|p1a: Gliscor|move: Protect\n|\n|-damage|p2a: Ferrothorn|27\/100 brn|[from] brn\n|upkeep\n|turn|54\n|\n|t:|1699917689\n|move|p1a: Gliscor|Earthquake|p2a: Ferrothorn\n|-damage|p2a: Ferrothorn|8\/100 brn\n|move|p2a: Ferrothorn|Leech Seed|p1a: Gliscor\n|-start|p1a: Gliscor|move: Leech Seed\n|\n|-damage|p1a: Gliscor|88\/100 tox|[from] Leech Seed|[of] p2a: Ferrothorn\n|-heal|p2a: Ferrothorn|20\/100 brn|[silent]\n|-heal|p1a: Gliscor|100\/100 tox|[from] ability: Poison Heal\n|-damage|p2a: Ferrothorn|14\/100 brn|[from] brn\n|upkeep\n|turn|55\n|\n|t:|1699917695\n|move|p2a: Ferrothorn|Protect|p2a: Ferrothorn\n|-singleturn|p2a: Ferrothorn|Protect\n|move|p1a: Gliscor|Earthquake|p2a: Ferrothorn\n|-activate|p2a: Ferrothorn|move: Protect\n|\n|-damage|p1a: Gliscor|88\/100 tox|[from] Leech Seed|[of] p2a: Ferrothorn\n|-heal|p2a: Ferrothorn|27\/100 brn|[silent]\n|-heal|p1a: Gliscor|100\/100 tox|[from] ability: Poison Heal\n|-damage|p2a: Ferrothorn|20\/100 brn|[from] brn\n|upkeep\n|turn|56\n|\n|t:|1699917702\n|switch|p1a: Vaporeon|Vaporeon, M|54\/100\n|move|p2a: Ferrothorn|Knock Off|p1a: Vaporeon\n|-damage|p1a: Vaporeon|46\/100\n|\n|-damage|p2a: Ferrothorn|14\/100 brn|[from] brn\n|upkeep\n|turn|57\n|\n|t:|1699917709\n|move|p1a: Vaporeon|Wish|p1a: Vaporeon\n|move|p2a: Ferrothorn|Knock Off|p1a: Vaporeon\n|-damage|p1a: Vaporeon|38\/100\n|\n|-damage|p2a: Ferrothorn|8\/100 brn|[from] brn\n|upkeep\n|turn|58\n|\n|t:|1699917714\n|move|p1a: Vaporeon|Scald|p2a: Ferrothorn\n|-resisted|p2a: Ferrothorn\n|-damage|p2a: Ferrothorn|0 fnt\n|faint|p2a: Ferrothorn\n|\n|-heal|p1a: Vaporeon|88\/100|[from] move: Wish|[wisher] Vaporeon\n|upkeep\n|\n|t:|1699917717\n|switch|p2a: Zapdos|Zapdos, shiny|51\/100 brn\n|turn|59\n|\n|t:|1699917720\n|move|p2a: Zapdos|Thunder|p1a: Vaporeon\n|-supereffective|p1a: Vaporeon\n|-damage|p1a: Vaporeon|31\/100\n|move|p1a: Vaporeon|Scald|p2a: Zapdos\n|-damage|p2a: Zapdos|18\/100 brn\n|\n|-damage|p2a: Zapdos|12\/100 brn|[from] brn\n|upkeep\n|turn|60\n|\n|t:|1699917728\n|move|p1a: Vaporeon|Protect|p1a: Vaporeon\n|-singleturn|p1a: Vaporeon|Protect\n|move|p2a: Zapdos|Thunder|p1a: Vaporeon\n|-activate|p1a: Vaporeon|move: Protect\n|\n|-damage|p2a: Zapdos|5\/100 brn|[from] brn\n|upkeep\n|turn|61\n|\n|t:|1699917733\n|switch|p1a: Gliscor|Gliscor, M|100\/100 tox\n|move|p2a: Zapdos|Thunder|p1a: Gliscor\n|-immune|p1a: Gliscor\n|\n|-damage|p2a: Zapdos|0 fnt|[from] brn\n|faint|p2a: Zapdos\n|\n|win|JoaKingDex(IN)\n|upkeep\n|raw|JoaKingDex(IN)'s rating: 1209 &rarr; <strong>1236<\/strong><br \/>(+27 for winning)\n|raw|NOAHXKENSHIN's rating: 1241 &rarr; <strong>1214<\/strong><br \/>(-27 for losing)\n|l|\u2606NOAHXKENSHIN\n","uploadtime":1699917749,"views":13,"p1id":"joakingdexin","p2id":"noahxkenshin","formatid":"gen9nationaldex","rating":1214,"private":0,"password":""}