{"id":"gen9nationaldex-1992006944","p1":"Morax_233","p2":"billy_billyboy","format":"[Gen 9] National Dex","log":"|j|\u2606Morax_233\n|j|\u2606billy_billyboy\n|t:|1700147169\n|gametype|singles\n|player|p1|Morax_233|steven|1403\n|player|p2|billy_billyboy|cyrus|1392\n|teamsize|p1|6\n|teamsize|p2|6\n|gen|9\n|tier|[Gen 9] National Dex\n|rated|\n|rule|HP Percentage Mod: HP is shown in percentages\n|rule|Endless Battle Clause: Forcing endless battles is banned\n|rule|OHKO Clause: OHKO moves are banned\n|rule|Evasion Clause: Evasion abilities, items, and moves are banned\n|rule|Evasion Abilities Clause: Evasion abilities are banned\n|rule|Evasion Items Clause: Evasion items are banned\n|rule|Evasion Moves Clause: Evasion moves are banned\n|rule|Species Clause: Limit one of each Pok\u00e9mon\n|rule|Sleep Clause Mod: Limit one foe put to sleep\n|clearpoke\n|poke|p1|Metagross|\n|poke|p1|Ninetales-Alola, F|\n|poke|p1|Urshifu-*, F|\n|poke|p1|Pelipper, M|\n|poke|p1|Moltres|\n|poke|p1|Tapu Lele|\n|poke|p2|Alomomola, F|\n|poke|p2|Houndoom, F|\n|poke|p2|Torkoal, M|\n|poke|p2|Ribombee, M|\n|poke|p2|Great Tusk|\n|poke|p2|Rillaboom, M|\n|teampreview\n|\n|t:|1700147181\n|start\n|switch|p1a: Ninetales|Ninetales-Alola, F|100\/100\n|switch|p2a: Ribombee|Ribombee, M|100\/100\n|-weather|Snow|[from] ability: Snow Warning|[of] p1a: Ninetales\n|turn|1\n|\n|t:|1700147192\n|switch|p2a: Torkoal|Torkoal, M|100\/100\n|-weather|SunnyDay|[from] ability: Drought|[of] p2a: Torkoal\n|move|p1a: Ninetales|Aurora Veil||[still]\n|-fail|p1a: Ninetales\n|\n|-weather|SunnyDay|[upkeep]\n|upkeep\n|turn|2\n|\n|t:|1700147199\n|switch|p1a: Pelipper|Pelipper, M|100\/100\n|-weather|RainDance|[from] ability: Drizzle|[of] p1a: Pelipper\n|move|p2a: Torkoal|Stealth Rock|p1a: Pelipper\n|-sidestart|p1: Morax_233|move: Stealth Rock\n|\n|-weather|RainDance|[upkeep]\n|upkeep\n|turn|3\n|\n|t:|1700147212\n|switch|p2a: Alomomola|Alomomola, F|100\/100\n|move|p1a: Pelipper|Toxic|p2a: Alomomola\n|-status|p2a: Alomomola|tox\n|\n|-weather|RainDance|[upkeep]\n|-damage|p2a: Alomomola|94\/100 tox|[from] psn\n|upkeep\n|turn|4\n|\n|t:|1700147220\n|move|p2a: Alomomola|Flip Turn|p1a: Pelipper\n|-resisted|p1a: Pelipper\n|-damage|p1a: Pelipper|92\/100\n|-damage|p2a: Alomomola|78\/100 tox|[from] item: Rocky Helmet|[of] p1a: Pelipper\n|\n|t:|1700147229\n|switch|p2a: Torkoal|Torkoal, M|100\/100|[from] Flip Turn\n|-weather|SunnyDay|[from] ability: Drought|[of] p2a: Torkoal\n|move|p1a: Pelipper|U-turn|p2a: Torkoal\n|-resisted|p2a: Torkoal\n|-damage|p2a: Torkoal|97\/100\n|\n|t:|1700147253\n|switch|p1a: Ninetales|Ninetales-Alola, F|100\/100|[from] U-turn\n|-damage|p1a: Ninetales|76\/100|[from] Stealth Rock\n|-weather|Snow|[from] ability: Snow Warning|[of] p1a: Ninetales\n|\n|-weather|Snow|[upkeep]\n|upkeep\n|turn|5\n|\n|t:|1700147264\n|move|p1a: Ninetales|Aurora Veil|p1a: Ninetales\n|-sidestart|p1: Morax_233|move: Aurora Veil\n|move|p2a: Torkoal|Lava Plume|p1a: Ninetales\n|-supereffective|p1a: Ninetales\n|-damage|p1a: Ninetales|53\/100\n|\n|-weather|Snow|[upkeep]\n|upkeep\n|turn|6\n|\n|t:|1700147287\n|switch|p1a: Metagross|Metagross, shiny|100\/100\n|-damage|p1a: Metagross|95\/100|[from] Stealth Rock\n|move|p2a: Torkoal|Will-O-Wisp|p1a: Metagross\n|-status|p1a: Metagross|brn\n|\n|-weather|Snow|[upkeep]\n|-damage|p1a: Metagross|89\/100 brn|[from] brn\n|upkeep\n|turn|7\n|\n|t:|1700147297\n|switch|p2a: Houndoom|Houndoom, F|100\/100\n|move|p1a: Metagross|Earthquake|p2a: Houndoom\n|-supereffective|p2a: Houndoom\n|-damage|p2a: Houndoom|25\/100\n|\n|-weather|Snow|[upkeep]\n|-damage|p1a: Metagross|83\/100 brn|[from] brn\n|upkeep\n|turn|8\n|\n|t:|1700147305\n|detailschange|p2a: Houndoom|Houndoom-Mega, F\n|-mega|p2a: Houndoom|Houndoom|Houndoominite\n|move|p2a: Houndoom|Fire Blast|p1a: Metagross\n|-supereffective|p1a: Metagross\n|-crit|p1a: Metagross\n|-damage|p1a: Metagross|0 fnt\n|faint|p1a: Metagross\n|\n|-weather|none\n|upkeep\n|\n|t:|1700147327\n|switch|p1a: Tapu Lele|Tapu Lele|100\/100\n|-damage|p1a: Tapu Lele|88\/100|[from] Stealth Rock\n|-fieldstart|move: Psychic Terrain|[from] ability: Psychic Surge|[of] p1a: Tapu Lele\n|turn|9\n|\n|t:|1700147340\n|switch|p2a: Torkoal|Torkoal, M|97\/100\n|-weather|SunnyDay|[from] ability: Drought|[of] p2a: Torkoal\n|move|p1a: Tapu Lele|Moonblast|p2a: Torkoal\n|-resisted|p2a: Torkoal\n|-damage|p2a: Torkoal|77\/100\n|\n|-weather|SunnyDay|[upkeep]\n|upkeep\n|turn|10\n|\n|t:|1700147352\n|switch|p1a: Pelipper|Pelipper, M|92\/100\n|-damage|p1a: Pelipper|68\/100|[from] Stealth Rock\n|-weather|RainDance|[from] ability: Drizzle|[of] p1a: Pelipper\n|switch|p2a: Houndoom|Houndoom-Mega, F|25\/100\n|\n|-weather|RainDance|[upkeep]\n|upkeep\n|turn|11\n|\n|t:|1700147365\n|move|p2a: Houndoom|Dark Pulse|p1a: Pelipper\n|-damage|p1a: Pelipper|37\/100\n|cant|p1a: Pelipper|flinch\n|\n|-weather|RainDance|[upkeep]\n|upkeep\n|turn|12\n|\n|t:|1700147371\n|move|p2a: Houndoom|Dark Pulse|p1a: Pelipper\n|-damage|p1a: Pelipper|8\/100\n|move|p1a: Pelipper|Roost|p1a: Pelipper\n|-heal|p1a: Pelipper|58\/100\n|-singleturn|p1a: Pelipper|move: Roost\n|\n|-weather|RainDance|[upkeep]\n|-sideend|p1: Morax_233|move: Aurora Veil\n|upkeep\n|turn|13\n|\n|t:|1700147381\n|switch|p2a: Alomomola|Alomomola, F|100\/100 tox\n|move|p1a: Pelipper|Roost|p1a: Pelipper\n|-heal|p1a: Pelipper|100\/100\n|-singleturn|p1a: Pelipper|move: Roost\n|\n|-weather|RainDance|[upkeep]\n|-damage|p2a: Alomomola|94\/100 tox|[from] psn\n|-fieldend|move: Psychic Terrain\n|upkeep\n|turn|14\n|\n|t:|1700147405\n|switch|p1a: Moltres|Moltres|100\/100\n|move|p2a: Alomomola|Wish|p2a: Alomomola\n|\n|-weather|none\n|-heal|p2a: Alomomola|100\/100 tox|[from] item: Leftovers\n|-damage|p2a: Alomomola|88\/100 tox|[from] psn\n|upkeep\n|turn|15\n|\n|t:|1700147415\n|move|p1a: Moltres|Defog|p2a: Alomomola\n|-unboost|p2a: Alomomola|evasion|1\n|-sideend|p1: Morax_233|Stealth Rock|[from] move: Defog|[of] p1a: Moltres\n|move|p2a: Alomomola|Scald|p1a: Moltres\n|-supereffective|p1a: Moltres\n|-damage|p1a: Moltres|74\/100\n|\n|-heal|p2a: Alomomola|100\/100 tox|[from] move: Wish|[wisher] Alomomola\n|-damage|p2a: Alomomola|82\/100 tox|[from] psn\n|upkeep\n|turn|16\n|\n|t:|1700147440\n|move|p1a: Moltres|Hurricane|p2a: Alomomola\n|-damage|p2a: Alomomola|27\/100 tox\n|move|p2a: Alomomola|Wish|p2a: Alomomola\n|\n|-heal|p2a: Alomomola|33\/100 tox|[from] item: Leftovers\n|-damage|p2a: Alomomola|8\/100 tox|[from] psn\n|upkeep\n|turn|17\n|\n|t:|1700147448\n|switch|p2a: Torkoal|Torkoal, M|77\/100\n|-weather|SunnyDay|[from] ability: Drought|[of] p2a: Torkoal\n|move|p1a: Moltres|Hurricane|p2a: Torkoal|[miss]\n|-miss|p1a: Moltres|p2a: Torkoal\n|\n|-weather|SunnyDay|[upkeep]\n|-heal|p2a: Torkoal|100\/100|[from] move: Wish|[wisher] Alomomola\n|upkeep\n|turn|18\n|\n|t:|1700147459\n|switch|p2a: Alomomola|Alomomola, F|42\/100 tox\n|move|p1a: Moltres|Hurricane|p2a: Alomomola|[miss]\n|-miss|p1a: Moltres|p2a: Alomomola\n|\n|-weather|SunnyDay|[upkeep]\n|-heal|p2a: Alomomola|48\/100 tox|[from] item: Leftovers\n|-damage|p2a: Alomomola|42\/100 tox|[from] psn\n|upkeep\n|turn|19\n|\n|t:|1700147468\n|switch|p2a: Torkoal|Torkoal, M|100\/100\n|move|p1a: Moltres|Hurricane|p2a: Torkoal|[miss]\n|-miss|p1a: Moltres|p2a: Torkoal\n|\n|-weather|SunnyDay|[upkeep]\n|upkeep\n|turn|20\n|\n|t:|1700147477\n|switch|p1a: Pelipper|Pelipper, M|100\/100\n|-weather|RainDance|[from] ability: Drizzle|[of] p1a: Pelipper\n|switch|p2a: Ribombee|Ribombee, M|100\/100\n|\n|-weather|RainDance|[upkeep]\n|upkeep\n|turn|21\n|\n|t:|1700147489\n|move|p2a: Ribombee|Stun Spore|p1a: Pelipper\n|-status|p1a: Pelipper|par\n|move|p1a: Pelipper|Toxic|p2a: Ribombee\n|-status|p2a: Ribombee|tox\n|\n|-weather|RainDance|[upkeep]\n|-damage|p2a: Ribombee|94\/100 tox|[from] psn\n|upkeep\n|turn|22\n|\n|t:|1700147497\n|switch|p2a: Alomomola|Alomomola, F|75\/100 tox\n|move|p1a: Pelipper|U-turn|p2a: Alomomola\n|-damage|p2a: Alomomola|70\/100 tox\n|\n|t:|1700147512\n|switch|p1a: Tapu Lele|Tapu Lele|88\/100|[from] U-turn\n|-fieldstart|move: Psychic Terrain|[from] ability: Psychic Surge|[of] p1a: Tapu Lele\n|\n|-weather|RainDance|[upkeep]\n|-heal|p2a: Alomomola|77\/100 tox|[from] item: Leftovers\n|-damage|p2a: Alomomola|70\/100 tox|[from] psn\n|upkeep\n|turn|23\n|\n|t:|1700147524\n|switch|p2a: Houndoom|Houndoom-Mega, F|25\/100\n|move|p1a: Tapu Lele|Psychic|p2a: Houndoom\n|-immune|p2a: Houndoom\n|\n|-weather|RainDance|[upkeep]\n|upkeep\n|turn|24\n|\n|t:|1700147536\n|switch|p1a: Moltres|Moltres|74\/100\n|move|p2a: Houndoom|Dark Pulse|p1a: Moltres\n|-damage|p1a: Moltres|34\/100\n|\n|-weather|none\n|upkeep\n|turn|25\n|\n|t:|1700147542\n|move|p2a: Houndoom|Dark Pulse|p1a: Moltres\n|-damage|p1a: Moltres|0 fnt\n|faint|p1a: Moltres\n|\n|upkeep\n|\n|t:|1700147550\n|switch|p1a: Pelipper|Pelipper, M|100\/100 par\n|-weather|RainDance|[from] ability: Drizzle|[of] p1a: Pelipper\n|turn|26\n|\n|t:|1700147555\n|switch|p2a: Alomomola|Alomomola, F|100\/100 tox\n|move|p1a: Pelipper|Hurricane|p2a: Alomomola\n|-damage|p2a: Alomomola|54\/100 tox\n|\n|-weather|RainDance|[upkeep]\n|-heal|p2a: Alomomola|60\/100 tox|[from] item: Leftovers\n|-damage|p2a: Alomomola|54\/100 tox|[from] psn\n|-fieldend|move: Psychic Terrain\n|upkeep\n|turn|27\n|\n|t:|1700147566\n|switch|p1a: Tapu Lele|Tapu Lele|88\/100\n|-fieldstart|move: Psychic Terrain|[from] ability: Psychic Surge|[of] p1a: Tapu Lele\n|move|p2a: Alomomola|Wish|p2a: Alomomola\n|\n|-weather|RainDance|[upkeep]\n|-heal|p2a: Alomomola|60\/100 tox|[from] item: Leftovers\n|-damage|p2a: Alomomola|48\/100 tox|[from] psn\n|upkeep\n|turn|28\n|\n|t:|1700147577\n|switch|p2a: Torkoal|Torkoal, M|100\/100\n|-weather|SunnyDay|[from] ability: Drought|[of] p2a: Torkoal\n|move|p1a: Tapu Lele|Focus Blast|p2a: Torkoal\n|-damage|p2a: Torkoal|65\/100\n|\n|-weather|SunnyDay|[upkeep]\n|-heal|p2a: Torkoal|100\/100|[from] move: Wish|[wisher] Alomomola\n|upkeep\n|turn|29\n|\n|t:|1700147587\n|switch|p1a: Ninetales|Ninetales-Alola, F|53\/100\n|-weather|Snow|[from] ability: Snow Warning|[of] p1a: Ninetales\n|move|p2a: Torkoal|Stealth Rock|p1a: Ninetales\n|-sidestart|p1: Morax_233|move: Stealth Rock\n|\n|-weather|Snow|[upkeep]\n|upkeep\n|turn|30\n|\n|t:|1700147595\n|move|p1a: Ninetales|Encore|p2a: Torkoal\n|-start|p2a: Torkoal|Encore\n|move|p2a: Torkoal|Stealth Rock||[still]\n|-fail|p2a: Torkoal\n|\n|-weather|Snow|[upkeep]\n|upkeep\n|turn|31\n|\n|t:|1700147607\n|switch|p2a: Ribombee|Ribombee, M|94\/100 tox\n|move|p1a: Ninetales|Aurora Veil|p1a: Ninetales\n|-sidestart|p1: Morax_233|move: Aurora Veil\n|\n|-weather|Snow|[upkeep]\n|-damage|p2a: Ribombee|88\/100 tox|[from] psn\n|-fieldend|move: Psychic Terrain\n|upkeep\n|turn|32\n|\n|t:|1700147618\n|switch|p1a: Pelipper|Pelipper, M|100\/100 par\n|-damage|p1a: Pelipper|76\/100 par|[from] Stealth Rock\n|-weather|RainDance|[from] ability: Drizzle|[of] p1a: Pelipper\n|move|p2a: Ribombee|Sticky Web|p1a: Pelipper\n|-sidestart|p1: Morax_233|move: Sticky Web\n|\n|-weather|RainDance|[upkeep]\n|-damage|p2a: Ribombee|76\/100 tox|[from] psn\n|upkeep\n|turn|33\n|\n|t:|1700147639\n|move|p2a: Ribombee|U-turn|p1a: Pelipper\n|-resisted|p1a: Pelipper\n|-damage|p1a: Pelipper|73\/100 par\n|-damage|p2a: Ribombee|59\/100 tox|[from] item: Rocky Helmet|[of] p1a: Pelipper\n|\n|t:|1700147641\n|switch|p2a: Alomomola|Alomomola, F|81\/100 tox|[from] U-turn\n|cant|p1a: Pelipper|par\n|\n|-weather|RainDance|[upkeep]\n|-heal|p2a: Alomomola|88\/100 tox|[from] item: Leftovers\n|-damage|p2a: Alomomola|81\/100 tox|[from] psn\n|upkeep\n|turn|34\n|\n|t:|1700147654\n|switch|p1a: Urshifu|Urshifu-Rapid-Strike, F|100\/100\n|-damage|p1a: Urshifu|94\/100|[from] Stealth Rock\n|-activate|p1a: Urshifu|move: Sticky Web\n|-unboost|p1a: Urshifu|spe|1\n|move|p2a: Alomomola|Wish|p2a: Alomomola\n|\n|-weather|RainDance|[upkeep]\n|-heal|p2a: Alomomola|88\/100 tox|[from] item: Leftovers\n|-damage|p2a: Alomomola|75\/100 tox|[from] psn\n|upkeep\n|turn|35\n|\n|t:|1700147670\n|move|p1a: Urshifu|Thunder Punch|p2a: Alomomola\n|-supereffective|p2a: Alomomola\n|-damage|p2a: Alomomola|48\/100 tox\n|move|p2a: Alomomola|Scald|p1a: Urshifu\n|-resisted|p1a: Urshifu\n|-damage|p1a: Urshifu|87\/100\n|\n|-weather|RainDance|[upkeep]\n|-heal|p2a: Alomomola|98\/100 tox|[from] move: Wish|[wisher] Alomomola\n|-heal|p2a: Alomomola|100\/100 tox|[from] item: Leftovers\n|-damage|p2a: Alomomola|82\/100 tox|[from] psn\n|upkeep\n|turn|36\n|\n|t:|1700147681\n|move|p1a: Urshifu|Thunder Punch|p2a: Alomomola\n|-supereffective|p2a: Alomomola\n|-damage|p2a: Alomomola|53\/100 tox\n|move|p2a: Alomomola|Scald|p1a: Urshifu\n|-resisted|p1a: Urshifu\n|-damage|p1a: Urshifu|80\/100\n|-status|p1a: Urshifu|brn\n|\n|-weather|none\n|-heal|p2a: Alomomola|59\/100 tox|[from] item: Leftovers\n|-damage|p2a: Alomomola|35\/100 tox|[from] psn\n|-damage|p1a: Urshifu|74\/100 brn|[from] brn\n|upkeep\n|turn|37\n|-message|Morax_233 forfeited.\n|\n|win|billy_billyboy\n|raw|Morax_233's rating: 1403 &rarr; <strong>1382<\/strong><br \/>(-21 for losing)\n|raw|billy_billyboy's rating: 1392 &rarr; <strong>1413<\/strong><br \/>(+21 for winning)\n|l|\u2606Morax_233\n","uploadtime":1700147696,"views":5,"p1id":"morax233","p2id":"billybillyboy","formatid":"gen9nationaldex","rating":1382,"private":0,"password":""}