{"id":"gen9nationaldex-1992251030","p1":"Onda 3001","p2":"HighSchoolHeroine","format":"[Gen 9] National Dex","log":"|j|\u2606Onda 3001\n|j|\u2606HighSchoolHeroine\n|t:|1700167766\n|gametype|singles\n|player|p1|Onda 3001|idol|1077\n|player|p2|HighSchoolHeroine|magmagruntf|1079\n|teamsize|p1|6\n|teamsize|p2|6\n|gen|9\n|tier|[Gen 9] National Dex\n|rated|\n|rule|HP Percentage Mod: HP is shown in percentages\n|rule|Endless Battle Clause: Forcing endless battles is banned\n|rule|OHKO Clause: OHKO moves are banned\n|rule|Evasion Clause: Evasion abilities, items, and moves are banned\n|rule|Evasion Abilities Clause: Evasion abilities are banned\n|rule|Evasion Items Clause: Evasion items are banned\n|rule|Evasion Moves Clause: Evasion moves are banned\n|rule|Species Clause: Limit one of each Pok\u00e9mon\n|rule|Sleep Clause Mod: Limit one foe put to sleep\n|clearpoke\n|poke|p1|Honchkrow, F|\n|poke|p1|Unfezant, F|\n|poke|p1|Dudunsparce-*, M|\n|poke|p1|Absol, M|\n|poke|p1|Togekiss, M|\n|poke|p1|Jirachi|\n|poke|p2|Blacephalon|\n|poke|p2|Tapu Lele|\n|poke|p2|Ribombee, F|\n|poke|p2|Great Tusk|\n|poke|p2|Beedrill, M|\n|poke|p2|Porygon-Z|\n|teampreview\n|\n|t:|1700167772\n|start\n|switch|p1a: Honchkrow|Honchkrow, F|100\/100\n|switch|p2a: i love ribee!!!|Ribombee, F, shiny|100\/100\n|turn|1\n|\n|t:|1700167781\n|move|p2a: i love ribee!!!|Pollen Puff|p1a: Honchkrow\n|-damage|p1a: Honchkrow|48\/100\n|move|p1a: Honchkrow|Dual Wingbeat|p2a: i love ribee!!!\n|-supereffective|p2a: i love ribee!!!\n|-crit|p2a: i love ribee!!!\n|-enditem|p2a: i love ribee!!!|Focus Sash\n|-damage|p2a: i love ribee!!!|1\/100\n|-supereffective|p2a: i love ribee!!!\n|-crit|p2a: i love ribee!!!\n|-damage|p2a: i love ribee!!!|0 fnt\n|faint|p2a: i love ribee!!!\n|-hitcount|p2: i love ribee!!!|2\n|\n|upkeep\n|\n|t:|1700167792\n|switch|p2a: everybody know-|Beedrill, M|100\/100\n|turn|2\n|\n|t:|1700167812\n|detailschange|p2a: everybody know-|Beedrill-Mega, M\n|-mega|p2a: everybody know-|Beedrill|Beedrillite\n|move|p2a: everybody know-|U-turn|p1a: Honchkrow\n|-damage|p1a: Honchkrow|0 fnt\n|faint|p1a: Honchkrow\n|\n|t:|1700167819\n|switch|p2a: conversion therapy|Porygon-Z|100\/100|[from] U-turn\n|\n|upkeep\n|\n|t:|1700167836\n|switch|p1a: Unfezant|Unfezant, F|100\/100\n|turn|3\n|\n|t:|1700167841\n|-zpower|p2a: conversion therapy\n|move|p2a: conversion therapy|Z-Conversion|p2a: conversion therapy|[anim]Conversion\n|-boost|p2a: conversion therapy|atk|1|[zeffect]\n|-boost|p2a: conversion therapy|def|1|[zeffect]\n|-boost|p2a: conversion therapy|spa|1|[zeffect]\n|-boost|p2a: conversion therapy|spd|1|[zeffect]\n|-boost|p2a: conversion therapy|spe|1|[zeffect]\n|-start|p2a: conversion therapy|typechange|Electric\n|move|p1a: Unfezant|Agility|p1a: Unfezant\n|-boost|p1a: Unfezant|spe|2\n|\n|upkeep\n|turn|4\n|\n|t:|1700167856\n|move|p1a: Unfezant|Work Up|p1a: Unfezant\n|-boost|p1a: Unfezant|atk|1\n|-boost|p1a: Unfezant|spa|1\n|move|p2a: conversion therapy|Thunderbolt|p1a: Unfezant\n|-supereffective|p1a: Unfezant\n|-crit|p1a: Unfezant\n|-damage|p1a: Unfezant|0 fnt\n|faint|p1a: Unfezant\n|\n|upkeep\n|\n|t:|1700167873\n|switch|p1a: Dudunsparce|Dudunsparce-Three-Segment, M|100\/100\n|turn|5\n|\n|t:|1700167879\n|move|p2a: conversion therapy|Thunderbolt|p1a: Dudunsparce\n|-damage|p1a: Dudunsparce|10\/100\n|move|p1a: Dudunsparce|Glare|p2a: conversion therapy\n|-immune|p2a: conversion therapy\n|\n|-heal|p1a: Dudunsparce|16\/100|[from] item: Leftovers\n|upkeep\n|turn|6\n|-message|Onda 3001 forfeited.\n|\n|win|HighSchoolHeroine\n|raw|Onda 3001's rating: 1077 &rarr; <strong>1056<\/strong><br \/>(-21 for losing)\n|raw|HighSchoolHeroine's rating: 1079 &rarr; <strong>1107<\/strong><br \/>(+28 for winning)\n|l|\u2606Onda 3001\n","uploadtime":1700167891,"views":7,"p1id":"onda3001","p2id":"highschoolheroine","formatid":"gen9nationaldex","rating":1056,"private":0,"password":""}