{"id":"gen9nationaldex-1995873522","p1":"Garry97","p2":"Elsquidwardo","format":"[Gen 9] National Dex","log":"|html|<div class=\"broadcast-blue\"><strong>[Gen 9] National Dex is currently suspecting Sneasler! For information on how to participate check out the <a href=\"https:\/\/www.smogon.com\/forums\/threads\/sv-national-dex-suspect-8-just-dance.3731534\/\">suspect thread<\/a>.<\/strong><\/div>\n|j|\u2606Garry97\n|j|\u2606Elsquidwardo\n|t:|1700612151\n|gametype|singles\n|player|p1|Garry97|eri|1539\n|player|p2|Elsquidwardo|plasmagrunt|1535\n|teamsize|p1|6\n|teamsize|p2|6\n|gen|9\n|tier|[Gen 9] National Dex\n|rated|\n|rule|HP Percentage Mod: HP is shown in percentages\n|rule|Endless Battle Clause: Forcing endless battles is banned\n|rule|OHKO Clause: OHKO moves are banned\n|rule|Evasion Clause: Evasion abilities, items, and moves are banned\n|rule|Evasion Abilities Clause: Evasion abilities are banned\n|rule|Evasion Items Clause: Evasion items are banned\n|rule|Evasion Moves Clause: Evasion moves are banned\n|rule|Species Clause: Limit one of each Pok\u00e9mon\n|rule|Sleep Clause Mod: Limit one foe put to sleep\n|clearpoke\n|poke|p1|Lucario, M|\n|poke|p1|Blaziken, M|\n|poke|p1|Aggron, M|\n|poke|p1|Gardevoir, F|\n|poke|p1|Milotic, F|\n|poke|p1|Salamence, M|\n|poke|p2|Lopunny, M|\n|poke|p2|Tornadus-Therian, M|\n|poke|p2|Great Tusk|\n|poke|p2|Aegislash, M|\n|poke|p2|Hydreigon, M|\n|poke|p2|Dragonite, M|\n|teampreview\n|l|\u2606Garry97\n|player|p1|\n|j|\u2606Garry97\n|player|p1|Garry97|eri\n|\n|t:|1700612170\n|start\n|switch|p1a: Pollo Hermano|Blaziken, M|100\/100\n|switch|p2a: Hydreigon|Hydreigon, M|100\/100\n|turn|1\n|inactive|Battle timer is ON: inactive players will automatically lose when time's up. (requested by Garry97)\n|\n|t:|1700612176\n|move|p1a: Pollo Hermano|Protect|p1a: Pollo Hermano\n|-singleturn|p1a: Pollo Hermano|Protect\n|move|p2a: Hydreigon|U-turn|p1a: Pollo Hermano\n|-activate|p1a: Pollo Hermano|move: Protect\n|\n|-ability|p1a: Pollo Hermano|Speed Boost|boost\n|-boost|p1a: Pollo Hermano|spe|1\n|upkeep\n|turn|2\n|\n|t:|1700612187\n|switch|p2a: Great Tusk|Great Tusk|100\/100\n|move|p1a: Pollo Hermano|Fire Blast|p2a: Great Tusk\n|-damage|p2a: Great Tusk|7\/100\n|-damage|p1a: Pollo Hermano|91\/100|[from] item: Life Orb\n|\n|-ability|p1a: Pollo Hermano|Speed Boost|boost\n|-boost|p1a: Pollo Hermano|spe|1\n|upkeep\n|turn|3\n|\n|t:|1700612196\n|move|p1a: Pollo Hermano|Aura Sphere|p2a: Great Tusk\n|-damage|p2a: Great Tusk|0 fnt\n|faint|p2a: Great Tusk\n|-end|p2a: Great Tusk|Protosynthesis|[silent]\n|-damage|p1a: Pollo Hermano|81\/100|[from] item: Life Orb\n|\n|-ability|p1a: Pollo Hermano|Speed Boost|boost\n|-boost|p1a: Pollo Hermano|spe|1\n|upkeep\n|\n|t:|1700612199\n|switch|p2a: Dragonite|Dragonite, M|100\/100\n|turn|4\n|\n|t:|1700612207\n|switch|p1a: Dracule Mihawk|Salamence, M|100\/100\n|-ability|p1a: Dracule Mihawk|Intimidate|boost\n|-unboost|p2a: Dragonite|atk|1\n|move|p2a: Dragonite|Dragon Dance|p2a: Dragonite\n|-boost|p2a: Dragonite|atk|1\n|-boost|p2a: Dragonite|spe|1\n|\n|upkeep\n|turn|5\n|\n|t:|1700612215\n|switch|p1a: Reinhardt|Aggron, M|100\/100\n|move|p2a: Dragonite|Dragon Dance|p2a: Dragonite\n|-boost|p2a: Dragonite|atk|1\n|-boost|p2a: Dragonite|spe|1\n|\n|upkeep\n|turn|6\n|\n|t:|1700612223\n|detailschange|p1a: Reinhardt|Aggron-Mega, M\n|-mega|p1a: Reinhardt|Aggron|Aggronite\n|move|p2a: Dragonite|Earthquake|p1a: Reinhardt\n|-supereffective|p1a: Reinhardt\n|-damage|p1a: Reinhardt|66\/100\n|move|p1a: Reinhardt|Avalanche|p2a: Dragonite\n|-supereffective|p2a: Dragonite\n|-damage|p2a: Dragonite|19\/100\n|\n|upkeep\n|turn|7\n|\n|t:|1700612233\n|move|p2a: Dragonite|Roost|p2a: Dragonite\n|-heal|p2a: Dragonite|69\/100\n|-singleturn|p2a: Dragonite|move: Roost\n|move|p1a: Reinhardt|Avalanche|p2a: Dragonite\n|-supereffective|p2a: Dragonite\n|-damage|p2a: Dragonite|31\/100\n|\n|upkeep\n|turn|8\n|j| kenshiro33\n|\n|t:|1700612241\n|move|p2a: Dragonite|Roost|p2a: Dragonite\n|-heal|p2a: Dragonite|81\/100\n|-singleturn|p2a: Dragonite|move: Roost\n|move|p1a: Reinhardt|Avalanche|p2a: Dragonite\n|-supereffective|p2a: Dragonite\n|-damage|p2a: Dragonite|43\/100\n|\n|upkeep\n|turn|9\n|\n|t:|1700612250\n|move|p2a: Dragonite|Roost|p2a: Dragonite\n|-heal|p2a: Dragonite|93\/100\n|-singleturn|p2a: Dragonite|move: Roost\n|move|p1a: Reinhardt|Avalanche|p2a: Dragonite\n|-supereffective|p2a: Dragonite\n|-damage|p2a: Dragonite|53\/100\n|\n|upkeep\n|turn|10\n|\n|t:|1700612257\n|move|p2a: Dragonite|Roost|p2a: Dragonite\n|-heal|p2a: Dragonite|100\/100\n|-singleturn|p2a: Dragonite|move: Roost\n|move|p1a: Reinhardt|Body Press|p2a: Dragonite\n|-damage|p2a: Dragonite|76\/100\n|\n|upkeep\n|turn|11\n|\n|t:|1700612265\n|switch|p2a: Aegislash|Aegislash, M|100\/100\n|move|p1a: Reinhardt|Avalanche|p2a: Aegislash\n|-resisted|p2a: Aegislash\n|-damage|p2a: Aegislash|93\/100\n|\n|upkeep\n|turn|12\n|\n|t:|1700612273\n|switch|p1a: Ogopogo|Milotic, F|100\/100\n|move|p2a: Aegislash|Swords Dance|p2a: Aegislash\n|-boost|p2a: Aegislash|atk|2\n|\n|upkeep\n|turn|13\n|\n|t:|1700612282\n|switch|p1a: Dracule Mihawk|Salamence, M|100\/100\n|-ability|p1a: Dracule Mihawk|Intimidate|boost\n|-unboost|p2a: Aegislash|atk|1\n|-terastallize|p2a: Aegislash|Fighting\n|-formechange|p2a: Aegislash|Aegislash-Blade||[from] ability: Stance Change\n|move|p2a: Aegislash|Close Combat|p1a: Dracule Mihawk\n|-resisted|p1a: Dracule Mihawk\n|-damage|p1a: Dracule Mihawk|18\/100\n|-unboost|p2a: Aegislash|def|1\n|-unboost|p2a: Aegislash|spd|1\n|-damage|p2a: Aegislash|83\/100|[from] item: Life Orb\n|\n|upkeep\n|turn|14\n|\n|t:|1700612296\n|move|p2a: Aegislash|Shadow Sneak|p1a: Dracule Mihawk\n|-damage|p1a: Dracule Mihawk|0 fnt\n|faint|p1a: Dracule Mihawk\n|-damage|p2a: Aegislash|73\/100|[from] item: Life Orb\n|\n|upkeep\n|\n|t:|1700612304\n|switch|p1a: Lord Beerus|Lucario, M|100\/100\n|turn|15\n|\n|t:|1700612309\n|switch|p2a: Tornadus|Tornadus-Therian, M|100\/100\n|move|p1a: Lord Beerus|Swords Dance|p1a: Lord Beerus\n|-boost|p1a: Lord Beerus|atk|2\n|\n|upkeep\n|turn|16\n|\n|t:|1700612319\n|-terastallize|p1a: Lord Beerus|Normal\n|move|p1a: Lord Beerus|Extreme Speed|p2a: Tornadus\n|-damage|p2a: Tornadus|0 fnt\n|faint|p2a: Tornadus\n|\n|upkeep\n|\n|t:|1700612325\n|switch|p2a: Lopunny|Lopunny, M|100\/100\n|turn|17\n|\n|t:|1700612329\n|detailschange|p2a: Lopunny|Lopunny-Mega, M\n|-mega|p2a: Lopunny|Lopunny|Lopunnite\n|move|p2a: Lopunny|Fake Out|p1a: Lord Beerus\n|-damage|p1a: Lord Beerus|68\/100\n|move|p1a: Lord Beerus|Extreme Speed|p2a: Lopunny\n|-damage|p2a: Lopunny|0 fnt\n|faint|p2a: Lopunny\n|\n|upkeep\n|\n|t:|1700612335\n|switch|p2a: Dragonite|Dragonite, M|76\/100\n|turn|18\n|\n|t:|1700612341\n|move|p1a: Lord Beerus|Extreme Speed|p2a: Dragonite\n|-damage|p2a: Dragonite|0 fnt\n|faint|p2a: Dragonite\n|\n|upkeep\n|\n|t:|1700612343\n|switch|p2a: Aegislash|Aegislash, M, tera:Fighting|73\/100\n|turn|19\n|\n|t:|1700612349\n|move|p1a: Lord Beerus|Extreme Speed|p2a: Aegislash\n|-damage|p2a: Aegislash|2\/100\n|-formechange|p2a: Aegislash|Aegislash-Blade||[from] ability: Stance Change\n|move|p2a: Aegislash|Close Combat|p1a: Lord Beerus\n|-supereffective|p1a: Lord Beerus\n|-damage|p1a: Lord Beerus|0 fnt\n|-unboost|p2a: Aegislash|def|1\n|-unboost|p2a: Aegislash|spd|1\n|faint|p1a: Lord Beerus\n|-damage|p2a: Aegislash|0 fnt|[from] item: Life Orb\n|faint|p2a: Aegislash\n|\n|upkeep\n|\n|t:|1700612362\n|switch|p1a: Elena FDEZ|Gardevoir, F|100\/100\n|switch|p2a: Hydreigon|Hydreigon, M|100\/100\n|-ability|p1a: Elena FDEZ|Levitate|[from] ability: Trace|[of] p2a: Hydreigon\n|turn|20\n|c|\u2606Garry97|gg\n|\n|t:|1700612370\n|move|p1a: Elena FDEZ|Moonblast|p2a: Hydreigon\n|-supereffective|p2a: Hydreigon\n|-damage|p2a: Hydreigon|0 fnt\n|faint|p2a: Hydreigon\n|\n|win|Garry97\n|raw|Garry97's rating: 1539 &rarr; <strong>1559<\/strong><br \/>(+20 for winning)\n|raw|Elsquidwardo's rating: 1535 &rarr; <strong>1515<\/strong><br \/>(-20 for losing)\n|l|\u2606Elsquidwardo\n|c| kenshiro33|what a great team\n|c| kenshiro33|congratz\n","uploadtime":1700612395,"views":1,"p1id":"garry97","p2id":"elsquidwardo","formatid":"gen9nationaldex","rating":1515,"private":0,"password":""}