{"id":"gen9nationaldex-1993293936","p1":"LVGLO","p2":"nonyar","format":"[Gen 9] National Dex","log":"|j|\u2606LVGLO\n|j|\u2606nonyar\n|t:|1700292119\n|gametype|singles\n|player|p1|LVGLO|169|1524\n|player|p2|nonyar|1|1466\n|teamsize|p1|6\n|teamsize|p2|6\n|gen|9\n|tier|[Gen 9] National Dex\n|rated|\n|rule|HP Percentage Mod: HP is shown in percentages\n|rule|Endless Battle Clause: Forcing endless battles is banned\n|rule|OHKO Clause: OHKO moves are banned\n|rule|Evasion Clause: Evasion abilities, items, and moves are banned\n|rule|Evasion Abilities Clause: Evasion abilities are banned\n|rule|Evasion Items Clause: Evasion items are banned\n|rule|Evasion Moves Clause: Evasion moves are banned\n|rule|Species Clause: Limit one of each Pok\u00e9mon\n|rule|Sleep Clause Mod: Limit one foe put to sleep\n|clearpoke\n|poke|p1|Mew|\n|poke|p1|Victini|\n|poke|p1|Xatu, M|\n|poke|p1|Togekiss, M|\n|poke|p1|Tapu Fini|\n|poke|p1|Grimmsnarl, M|\n|poke|p2|Tapu Lele|\n|poke|p2|Sneasler, M|\n|poke|p2|Banette, M|\n|poke|p2|Moltres|\n|poke|p2|Rotom-Wash|\n|poke|p2|Heatran, M|\n|teampreview\n|\n|t:|1700292136\n|start\n|switch|p1a: Grimmsnarl|Grimmsnarl, M|100\/100\n|switch|p2a: Banette|Banette, M|100\/100\n|turn|1\n|\n|t:|1700292141\n|detailschange|p2a: Banette|Banette-Mega, M\n|-mega|p2a: Banette|Banette|Banettite\n|move|p2a: Banette|Swords Dance|p2a: Banette\n|-boost|p2a: Banette|atk|2\n|move|p1a: Grimmsnarl|Reflect|p1a: Grimmsnarl\n|-sidestart|p1: LVGLO|Reflect\n|\n|upkeep\n|turn|2\n|\n|t:|1700292150\n|move|p1a: Grimmsnarl|Light Screen|p1a: Grimmsnarl\n|-sidestart|p1: LVGLO|move: Light Screen\n|move|p2a: Banette|Poltergeist|p1a: Grimmsnarl\n|-activate|p1a: Grimmsnarl|move: Poltergeist|Light Clay\n|-resisted|p1a: Grimmsnarl\n|-damage|p1a: Grimmsnarl|67\/100\n|\n|upkeep\n|turn|3\n|\n|t:|1700292155\n|switch|p1a: Togekiss|Togekiss, M|100\/100\n|move|p2a: Banette|Swords Dance|p2a: Banette\n|-boost|p2a: Banette|atk|2\n|\n|upkeep\n|turn|4\n|\n|t:|1700292159\n|move|p2a: Banette|Destiny Bond|p2a: Banette\n|-singlemove|p2a: Banette|Destiny Bond\n|move|p1a: Togekiss|Thunder Wave|p2a: Banette\n|-status|p2a: Banette|par\n|\n|upkeep\n|turn|5\n|\n|t:|1700292166\n|switch|p1a: Grimmsnarl|Grimmsnarl, M|67\/100\n|move|p2a: Banette|Poltergeist|p1a: Grimmsnarl\n|-activate|p1a: Grimmsnarl|move: Poltergeist|Light Clay\n|-resisted|p1a: Grimmsnarl\n|-damage|p1a: Grimmsnarl|20\/100\n|\n|upkeep\n|turn|6\n|\n|t:|1700292173\n|move|p1a: Grimmsnarl|Parting Shot|p2a: Banette\n|-unboost|p2a: Banette|atk|1\n|-unboost|p2a: Banette|spa|1\n|\n|t:|1700292177\n|switch|p1a: Togekiss|Togekiss, M|100\/100|[from] Parting Shot\n|move|p2a: Banette|Poltergeist|p1a: Togekiss\n|-activate|p1a: Togekiss|move: Poltergeist|Choice Scarf\n|-damage|p1a: Togekiss|0 fnt\n|faint|p1a: Togekiss\n|\n|upkeep\n|\n|t:|1700292183\n|switch|p1a: Mew|Mew|100\/100\n|turn|7\n|\n|t:|1700292188\n|move|p1a: Mew|Imprison|p1a: Mew\n|-start|p1a: Mew|move: Imprison\n|move|p2a: Banette|Poltergeist|p1a: Mew\n|-activate|p1a: Mew|move: Poltergeist|Leftovers\n|-supereffective|p1a: Mew\n|-damage|p1a: Mew|0 fnt\n|faint|p1a: Mew\n|\n|upkeep\n|\n|t:|1700292191\n|switch|p1a: Tapu Fini|Tapu Fini|100\/100\n|-fieldstart|move: Misty Terrain|[from] ability: Misty Surge|[of] p1a: Tapu Fini\n|turn|8\n|\n|t:|1700292199\n|move|p1a: Tapu Fini|Iron Defense|p1a: Tapu Fini\n|-boost|p1a: Tapu Fini|def|2\n|move|p2a: Banette|Poltergeist|p1a: Tapu Fini\n|-activate|p1a: Tapu Fini|move: Poltergeist|Leftovers\n|-damage|p1a: Tapu Fini|64\/100\n|\n|-heal|p1a: Tapu Fini|70\/100|[from] item: Leftovers\n|-sideend|p1: LVGLO|Reflect\n|upkeep\n|turn|9\n|\n|t:|1700292205\n|move|p1a: Tapu Fini|Iron Defense|p1a: Tapu Fini\n|-boost|p1a: Tapu Fini|def|2\n|move|p2a: Banette|Poltergeist|p1a: Tapu Fini\n|-activate|p1a: Tapu Fini|move: Poltergeist|Leftovers\n|-damage|p1a: Tapu Fini|24\/100\n|\n|-heal|p1a: Tapu Fini|30\/100|[from] item: Leftovers\n|-sideend|p1: LVGLO|move: Light Screen\n|upkeep\n|turn|10\n|\n|t:|1700292210\n|move|p1a: Tapu Fini|Draining Kiss|p2a: Banette\n|-damage|p2a: Banette|73\/100 par\n|-heal|p1a: Tapu Fini|46\/100|[from] drain|[of] p2a: Banette\n|move|p2a: Banette|Poltergeist|p1a: Tapu Fini\n|-activate|p1a: Tapu Fini|move: Poltergeist|Leftovers\n|-damage|p1a: Tapu Fini|2\/100\n|\n|-heal|p1a: Tapu Fini|8\/100|[from] item: Leftovers\n|upkeep\n|turn|11\n|\n|t:|1700292214\n|move|p1a: Tapu Fini|Draining Kiss|p2a: Banette\n|-damage|p2a: Banette|45\/100 par\n|-heal|p1a: Tapu Fini|24\/100|[from] drain|[of] p2a: Banette\n|move|p2a: Banette|Poltergeist|p1a: Tapu Fini\n|-activate|p1a: Tapu Fini|move: Poltergeist|Leftovers\n|-damage|p1a: Tapu Fini|0 fnt\n|faint|p1a: Tapu Fini\n|\n|upkeep\n|-message|LVGLO forfeited.\n|\n|win|nonyar\n|raw|LVGLO's rating: 1524 &rarr; <strong>1501<\/strong><br \/>(-23 for losing)\n|raw|nonyar's rating: 1466 &rarr; <strong>1489<\/strong><br \/>(+23 for winning)\n|l|\u2606LVGLO\n","uploadtime":1700292225,"views":12,"p1id":"lvglo","p2id":"nonyar","formatid":"gen9nationaldex","rating":1489,"private":0,"password":""}