{"id":"gen9nationaldex-1998551553","p1":"ronaldpetemanesq","p2":"stevethebees","format":"[Gen 9] National Dex","log":"|html|<div class=\"broadcast-blue\"><strong>[Gen 9] National Dex is currently suspecting Sneasler! For information on how to participate check out the <a href=\"https:\/\/www.smogon.com\/forums\/threads\/sv-national-dex-suspect-8-just-dance.3731534\/\">suspect thread<\/a>.<\/strong><\/div>\n|j|\u2606ronaldpetemanesq\n|j|\u2606stevethebees\n|t:|1700955348\n|gametype|singles\n|player|p1|ronaldpetemanesq|101|\n|player|p2|stevethebees|101|\n|teamsize|p1|6\n|teamsize|p2|6\n|gen|9\n|tier|[Gen 9] National Dex\n|rule|HP Percentage Mod: HP is shown in percentages\n|rule|Endless Battle Clause: Forcing endless battles is banned\n|rule|OHKO Clause: OHKO moves are banned\n|rule|Evasion Clause: Evasion abilities, items, and moves are banned\n|rule|Evasion Abilities Clause: Evasion abilities are banned\n|rule|Evasion Items Clause: Evasion items are banned\n|rule|Evasion Moves Clause: Evasion moves are banned\n|rule|Species Clause: Limit one of each Pok\u00e9mon\n|rule|Sleep Clause Mod: Limit one foe put to sleep\n|clearpoke\n|poke|p1|Venusaur, M|\n|poke|p1|Tyranitar, M|\n|poke|p1|Gliscor, F|\n|poke|p1|Latios, M|\n|poke|p1|Gastrodon, M|\n|poke|p1|Magnezone|\n|poke|p2|Espeon, M|\n|poke|p2|Tyranitar, M|\n|poke|p2|Skarmory, F|\n|poke|p2|Mesprit|\n|poke|p2|Garchomp, F|\n|poke|p2|Clefable, M|\n|teampreview\n|j| vuvu42\n|c| vuvu42|FINALLY\n|c| vuvu42|IM FIRST\n|c|\u2606stevethebees|hell yeah dude\n|j| ScronglesCronkite\n|n| ScronglesCronkite|scronglescronkite\n|c| ScronglesCronkite|First\n|l| ScronglesCronkite\n|\n|t:|1700955612\n|start\n|switch|p1a: Magnezone|Magnezone|100\/100\n|switch|p2a: Espeon|Espeon, M|100\/100\n|turn|1\n|\n|t:|1700955663\n|switch|p2a: Oatchi|Garchomp, F|100\/100\n|move|p1a: Magnezone|Volt Switch|p2a: Oatchi\n|-immune|p2a: Oatchi\n|\n|upkeep\n|turn|2\n|\n|t:|1700955675\n|switch|p1a: Gastrodon|Gastrodon, M|100\/100\n|move|p2a: Oatchi|Swords Dance|p2a: Oatchi\n|-boost|p2a: Oatchi|atk|2\n|\n|upkeep\n|turn|3\n|j| jhkehbajkgfrb\n|\n|t:|1700955701\n|move|p2a: Oatchi|Scale Shot|p1a: Gastrodon\n|-damage|p1a: Gastrodon|69\/100\n|-damage|p1a: Gastrodon|39\/100\n|-damage|p1a: Gastrodon|8\/100\n|-damage|p1a: Gastrodon|0 fnt\n|faint|p1a: Gastrodon\n|-hitcount|p1: Gastrodon|4\n|-unboost|p2a: Oatchi|def|1\n|-boost|p2a: Oatchi|spe|1\n|\n|upkeep\n|\n|t:|1700955715\n|switch|p1a: Latios|Latios, M|100\/100\n|turn|4\n|\n|t:|1700955720\n|move|p1a: Latios|Draco Meteor|p2a: Oatchi|[miss]\n|-miss|p1a: Latios|p2a: Oatchi\n|move|p2a: Oatchi|Scale Shot|p1a: Latios\n|-supereffective|p1a: Latios\n|-damage|p1a: Latios|21\/100\n|-supereffective|p1a: Latios\n|-damage|p1a: Latios|0 fnt\n|faint|p1a: Latios\n|-hitcount|p1: Latios|2\n|-unboost|p2a: Oatchi|def|1\n|-boost|p2a: Oatchi|spe|1\n|\n|upkeep\n|\n|t:|1700955741\n|switch|p1a: Magnezone|Magnezone|100\/100\n|turn|5\n|\n|t:|1700955749\n|-terastallize|p1a: Magnezone|Electric\n|move|p2a: Oatchi|Earthquake|p1a: Magnezone\n|-supereffective|p1a: Magnezone\n|-damage|p1a: Magnezone|0 fnt\n|faint|p1a: Magnezone\n|\n|upkeep\n|\n|t:|1700955755\n|switch|p1a: Gliscor|Gliscor, F|100\/100\n|turn|6\n|\n|t:|1700955777\n|move|p2a: Oatchi|Scale Shot|p1a: Gliscor\n|-damage|p1a: Gliscor|72\/100\n|-damage|p1a: Gliscor|47\/100\n|-damage|p1a: Gliscor|21\/100\n|-damage|p1a: Gliscor|0 fnt\n|faint|p1a: Gliscor\n|-hitcount|p1: Gliscor|4\n|-unboost|p2a: Oatchi|def|1\n|-boost|p2a: Oatchi|spe|1\n|\n|upkeep\n|\n|t:|1700955790\n|switch|p1a: Tyranitar|Tyranitar, M|100\/100\n|-weather|Sandstorm|[from] ability: Sand Stream|[of] p1a: Tyranitar\n|turn|7\n|\n|t:|1700955796\n|move|p2a: Oatchi|Scale Shot|p1a: Tyranitar\n|-crit|p1a: Tyranitar\n|-damage|p1a: Tyranitar|69\/100\n|-damage|p1a: Tyranitar|47\/100\n|-damage|p1a: Tyranitar|25\/100\n|-damage|p1a: Tyranitar|1\/100\n|-hitcount|p1a: Tyranitar|4\n|-unboost|p2a: Oatchi|def|1\n|-boost|p2a: Oatchi|spe|1\n|move|p1a: Tyranitar|Earthquake|p2a: Oatchi\n|-damage|p2a: Oatchi|0 fnt\n|faint|p2a: Oatchi\n|\n|-weather|Sandstorm|[upkeep]\n|upkeep\n|\n|t:|1700955846\n|switch|p2a: Olimar|Tyranitar, M|100\/100\n|turn|8\n|\n|t:|1700955855\n|detailschange|p2a: Olimar|Tyranitar-Mega, M\n|-mega|p2a: Olimar|Tyranitar|Tyranitarite\n|move|p2a: Olimar|Dragon Dance|p2a: Olimar\n|-boost|p2a: Olimar|atk|1\n|-boost|p2a: Olimar|spe|1\n|move|p1a: Tyranitar|Earthquake|p2a: Olimar\n|-supereffective|p2a: Olimar\n|-damage|p2a: Olimar|43\/100\n|\n|-weather|Sandstorm|[upkeep]\n|upkeep\n|turn|9\n|\n|t:|1700955864\n|move|p2a: Olimar|Crunch|p1a: Tyranitar\n|-resisted|p1a: Tyranitar\n|-damage|p1a: Tyranitar|0 fnt\n|faint|p1a: Tyranitar\n|\n|-weather|Sandstorm|[upkeep]\n|upkeep\n|\n|t:|1700955870\n|switch|p1a: Venusaur|Venusaur, M|100\/100\n|turn|10\n|\n|t:|1700955883\n|detailschange|p1a: Venusaur|Venusaur-Mega, M\n|-mega|p1a: Venusaur|Venusaur|Venusaurite\n|move|p2a: Olimar|Stone Edge|p1a: Venusaur\n|-damage|p1a: Venusaur|9\/100\n|move|p1a: Venusaur|Giga Drain|p2a: Olimar\n|-supereffective|p2a: Olimar\n|-damage|p2a: Olimar|0 fnt\n|-heal|p1a: Venusaur|33\/100|[from] drain|[of] p2a: Olimar\n|faint|p2a: Olimar\n|\n|-weather|Sandstorm|[upkeep]\n|-damage|p1a: Venusaur|27\/100|[from] Sandstorm\n|upkeep\n|\n|t:|1700955895\n|switch|p2a: Espeon|Espeon, M|100\/100\n|turn|11\n|\n|t:|1700955899\n|move|p2a: Espeon|Psyshock|p1a: Venusaur\n|-supereffective|p1a: Venusaur\n|-damage|p1a: Venusaur|0 fnt\n|faint|p1a: Venusaur\n|\n|win|stevethebees\n|l|\u2606ronaldpetemanesq\n","uploadtime":1700956175,"views":9,"p1id":"ronaldpetemanesq","p2id":"stevethebees","formatid":"gen9nationaldex","rating":0,"private":0,"password":""}