{"id":"gen9nationaldex-1993736876","p1":"Simbadd","p2":"Garry97","format":"[Gen 9] National Dex","log":"|j|\u2606Simbadd\n|j|\u2606Garry97\n|t:|1700351224\n|gametype|singles\n|player|p1|Simbadd|2|1607\n|player|p2|Garry97|eri|1554\n|teamsize|p1|6\n|teamsize|p2|6\n|gen|9\n|tier|[Gen 9] National Dex\n|rated|\n|rule|HP Percentage Mod: HP is shown in percentages\n|rule|Endless Battle Clause: Forcing endless battles is banned\n|rule|OHKO Clause: OHKO moves are banned\n|rule|Evasion Clause: Evasion abilities, items, and moves are banned\n|rule|Evasion Abilities Clause: Evasion abilities are banned\n|rule|Evasion Items Clause: Evasion items are banned\n|rule|Evasion Moves Clause: Evasion moves are banned\n|rule|Species Clause: Limit one of each Pok\u00e9mon\n|rule|Sleep Clause Mod: Limit one foe put to sleep\n|clearpoke\n|poke|p1|Heatran, F|\n|poke|p1|Hydreigon, M|\n|poke|p1|Iron Valiant|\n|poke|p1|Scizor, F|\n|poke|p1|Meowscarada, F|\n|poke|p1|Blastoise, F|\n|poke|p2|Houndstone, M|\n|poke|p2|Whiscash, M|\n|poke|p2|Gardevoir, F|\n|poke|p2|Volcarona, F|\n|poke|p2|Lucario, M|\n|poke|p2|Zapdos-Galar|\n|teampreview\n|inactive|Battle timer is ON: inactive players will automatically lose when time's up. (requested by Garry97)\n|\n|t:|1700351242\n|start\n|switch|p1a: Meowscarada|Meowscarada, F|100\/100\n|switch|p2a: Lucario|Lucario, M|100\/100\n|turn|1\n|\n|t:|1700351252\n|-terastallize|p2a: Lucario|Normal\n|move|p2a: Lucario|Extreme Speed|p1a: Meowscarada\n|-damage|p1a: Meowscarada|0 fnt\n|faint|p1a: Meowscarada\n|\n|upkeep\n|j| slobadd\n|\n|t:|1700351274\n|switch|p1a: Heatran|Heatran, F|100\/100\n|-item|p1a: Heatran|Air Balloon\n|turn|2\n|\n|t:|1700351284\n|switch|p2a: Whiscash|Whiscash, M|100\/100\n|move|p1a: Heatran|Magma Storm|p2a: Whiscash\n|-resisted|p2a: Whiscash\n|-damage|p2a: Whiscash|83\/100\n|-activate|p2a: Whiscash|move: Magma Storm|[of] p1a: Heatran\n|\n|-heal|p2a: Whiscash|89\/100|[from] item: Leftovers\n|-damage|p2a: Whiscash|76\/100|[from] move: Magma Storm|[partiallytrapped]\n|upkeep\n|turn|3\n|\n|t:|1700351303\n|switch|p1a: Hydreigon|Hydreigon, M|100\/100\n|move|p2a: Whiscash|Stealth Rock|p1a: Hydreigon\n|-sidestart|p1: Simbadd|move: Stealth Rock\n|\n|-heal|p2a: Whiscash|83\/100|[from] item: Leftovers\n|-end|p2a: Whiscash|Magma Storm|[partiallytrapped]|[silent]\n|upkeep\n|turn|4\n|\n|t:|1700351316\n|move|p1a: Hydreigon|Dark Pulse|p2a: Whiscash\n|-damage|p2a: Whiscash|37\/100\n|move|p2a: Whiscash|Spikes|p1a: Hydreigon\n|-sidestart|p1: Simbadd|Spikes\n|\n|-heal|p2a: Whiscash|43\/100|[from] item: Leftovers\n|upkeep\n|turn|5\n|\n|t:|1700351323\n|move|p1a: Hydreigon|Dark Pulse|p2a: Whiscash\n|-damage|p2a: Whiscash|0 fnt\n|faint|p2a: Whiscash\n|\n|upkeep\n|\n|t:|1700351329\n|switch|p2a: Gardevoir|Gardevoir, F|100\/100\n|-ability|p2a: Gardevoir|Levitate|[from] ability: Trace|[of] p1a: Hydreigon\n|turn|6\n|\n|t:|1700351336\n|switch|p1a: Heatran|Heatran, F|100\/100\n|-damage|p1a: Heatran|88\/100|[from] Stealth Rock\n|-item|p1a: Heatran|Air Balloon\n|switch|p2a: Zapdos|Zapdos-Galar|100\/100\n|\n|upkeep\n|turn|7\n|inactive|Simbadd has 120 seconds left.\n|\n|t:|1700351375\n|switch|p1a: Iron Valiant|Iron Valiant|100\/100\n|-damage|p1a: Iron Valiant|94\/100|[from] Stealth Rock\n|-damage|p1a: Iron Valiant|82\/100|[from] Spikes\n|-enditem|p1a: Iron Valiant|Booster Energy\n|-activate|p1a: Iron Valiant|ability: Quark Drive|[fromitem]\n|-start|p1a: Iron Valiant|quarkdrivespe\n|move|p2a: Zapdos|Close Combat|p1a: Iron Valiant\n|-resisted|p1a: Iron Valiant\n|-damage|p1a: Iron Valiant|42\/100\n|-unboost|p2a: Zapdos|def|1\n|-unboost|p2a: Zapdos|spd|1\n|\n|upkeep\n|turn|8\n|inactive|Simbadd has 120 seconds left.\n|\n|t:|1700351389\n|switch|p2a: Volcarona|Volcarona, F|100\/100\n|move|p1a: Iron Valiant|Spirit Break|p2a: Volcarona\n|-resisted|p2a: Volcarona\n|-damage|p2a: Volcarona|70\/100\n|-unboost|p2a: Volcarona|spa|1\n|\n|upkeep\n|turn|9\n|inactive|Simbadd has 120 seconds left.\n|\n|t:|1700351407\n|move|p1a: Iron Valiant|Close Combat|p2a: Volcarona\n|-resisted|p2a: Volcarona\n|-damage|p2a: Volcarona|18\/100\n|-unboost|p1a: Iron Valiant|def|1\n|-unboost|p1a: Iron Valiant|spd|1\n|move|p2a: Volcarona|Giga Drain|p1a: Iron Valiant\n|-damage|p1a: Iron Valiant|0 fnt\n|-heal|p2a: Volcarona|37\/100|[from] drain|[of] p1a: Iron Valiant\n|faint|p1a: Iron Valiant\n|-end|p1a: Iron Valiant|Quark Drive|[silent]\n|\n|upkeep\n|inactive|Simbadd has 90 seconds left.\n|\n|t:|1700351432\n|switch|p1a: Heatran|Heatran, F|88\/100\n|-damage|p1a: Heatran|76\/100|[from] Stealth Rock\n|-item|p1a: Heatran|Air Balloon\n|turn|10\n|\n|t:|1700351442\n|move|p2a: Volcarona|Bug Buzz|p1a: Heatran\n|-resisted|p1a: Heatran\n|-damage|p1a: Heatran|67\/100\n|-enditem|p1a: Heatran|Air Balloon\n|move|p1a: Heatran|Magma Storm|p2a: Volcarona|[miss]\n|-miss|p1a: Heatran|p2a: Volcarona\n|\n|upkeep\n|turn|11\n|\n|t:|1700351453\n|switch|p2a: Gardevoir|Gardevoir, F|100\/100\n|-ability|p2a: Gardevoir|Flash Fire|[from] ability: Trace|[of] p1a: Heatran\n|move|p1a: Heatran|Magma Storm|p2a: Gardevoir\n|-start|p2a: Gardevoir|ability: Flash Fire\n|\n|upkeep\n|turn|12\n|inactive|Simbadd has 90 seconds left.\n|\n|t:|1700351477\n|switch|p1a: Scizor|Scizor, F|100\/100\n|-damage|p1a: Scizor|88\/100|[from] Stealth Rock\n|-damage|p1a: Scizor|76\/100|[from] Spikes\n|move|p2a: Gardevoir|Psychic|p1a: Scizor\n|-resisted|p1a: Scizor\n|-damage|p1a: Scizor|54\/100\n|\n|upkeep\n|turn|13\n|inactive|Simbadd has 90 seconds left.\n|\n|t:|1700351492\n|-end|p2a: Gardevoir|ability: Flash Fire|[silent]\n|switch|p2a: Houndstone|Houndstone, M|100\/100\n|detailschange|p1a: Scizor|Scizor-Mega, F\n|-mega|p1a: Scizor|Scizor|Scizorite\n|move|p1a: Scizor|Swords Dance|p1a: Scizor\n|-boost|p1a: Scizor|atk|2\n|\n|upkeep\n|turn|14\n|inactive|Simbadd has 90 seconds left.\n|\n|t:|1700351514\n|move|p1a: Scizor|Roost|p1a: Scizor\n|-heal|p1a: Scizor|100\/100\n|-singleturn|p1a: Scizor|move: Roost\n|move|p2a: Houndstone|Body Press|p1a: Scizor\n|-damage|p1a: Scizor|84\/100\n|\n|upkeep\n|turn|15\n|\n|t:|1700351521\n|move|p1a: Scizor|Swords Dance|p1a: Scizor\n|-boost|p1a: Scizor|atk|2\n|move|p2a: Houndstone|Will-O-Wisp|p1a: Scizor\n|-status|p1a: Scizor|brn\n|\n|-damage|p1a: Scizor|77\/100 brn|[from] brn\n|upkeep\n|turn|16\n|\n|t:|1700351530\n|move|p1a: Scizor|Swords Dance|p1a: Scizor\n|-boost|p1a: Scizor|atk|2\n|move|p2a: Houndstone|Night Shade|p1a: Scizor\n|-damage|p1a: Scizor|48\/100 brn\n|\n|-damage|p1a: Scizor|42\/100 brn|[from] brn\n|upkeep\n|turn|17\n|\n|t:|1700351538\n|move|p1a: Scizor|Roost|p1a: Scizor\n|-heal|p1a: Scizor|92\/100 brn\n|-singleturn|p1a: Scizor|move: Roost\n|move|p2a: Houndstone|Night Shade|p1a: Scizor\n|-damage|p1a: Scizor|63\/100 brn\n|\n|-damage|p1a: Scizor|57\/100 brn|[from] brn\n|upkeep\n|turn|18\n|\n|t:|1700351545\n|move|p1a: Scizor|Roost|p1a: Scizor\n|-heal|p1a: Scizor|100\/100 brn\n|-singleturn|p1a: Scizor|move: Roost\n|move|p2a: Houndstone|Night Shade|p1a: Scizor\n|-damage|p1a: Scizor|71\/100 brn\n|\n|-damage|p1a: Scizor|65\/100 brn|[from] brn\n|upkeep\n|turn|19\n|\n|t:|1700351554\n|move|p1a: Scizor|Bullet Punch|p2a: Houndstone\n|-damage|p2a: Houndstone|80\/100\n|-damage|p1a: Scizor|49\/100 brn|[from] item: Rocky Helmet|[of] p2a: Houndstone\n|move|p2a: Houndstone|Night Shade|p1a: Scizor\n|-damage|p1a: Scizor|19\/100 brn\n|\n|-damage|p1a: Scizor|13\/100 brn|[from] brn\n|upkeep\n|turn|20\n|\n|t:|1700351563\n|move|p2a: Houndstone|Shadow Sneak|p1a: Scizor\n|-damage|p1a: Scizor|4\/100 brn\n|move|p1a: Scizor|Roost|p1a: Scizor\n|-heal|p1a: Scizor|54\/100 brn\n|-singleturn|p1a: Scizor|move: Roost\n|\n|-damage|p1a: Scizor|48\/100 brn|[from] brn\n|upkeep\n|turn|21\n|\n|t:|1700351571\n|move|p1a: Scizor|Roost|p1a: Scizor\n|-heal|p1a: Scizor|98\/100 brn\n|-singleturn|p1a: Scizor|move: Roost\n|move|p2a: Houndstone|Night Shade|p1a: Scizor\n|-damage|p1a: Scizor|69\/100 brn\n|\n|-damage|p1a: Scizor|63\/100 brn|[from] brn\n|upkeep\n|turn|22\n|\n|t:|1700351580\n|move|p1a: Scizor|Bullet Punch|p2a: Houndstone\n|-damage|p2a: Houndstone|59\/100\n|-damage|p1a: Scizor|46\/100 brn|[from] item: Rocky Helmet|[of] p2a: Houndstone\n|move|p2a: Houndstone|Night Shade|p1a: Scizor\n|-damage|p1a: Scizor|17\/100 brn\n|\n|-damage|p1a: Scizor|11\/100 brn|[from] brn\n|upkeep\n|turn|23\n|\n|t:|1700351589\n|move|p1a: Scizor|Roost|p1a: Scizor\n|-heal|p1a: Scizor|61\/100 brn\n|-singleturn|p1a: Scizor|move: Roost\n|move|p2a: Houndstone|Night Shade|p1a: Scizor\n|-damage|p1a: Scizor|32\/100 brn\n|\n|-damage|p1a: Scizor|26\/100 brn|[from] brn\n|upkeep\n|turn|24\n|\n|t:|1700351599\n|move|p1a: Scizor|Roost|p1a: Scizor\n|-heal|p1a: Scizor|76\/100 brn\n|-singleturn|p1a: Scizor|move: Roost\n|move|p2a: Houndstone|Night Shade|p1a: Scizor\n|-damage|p1a: Scizor|47\/100 brn\n|\n|-damage|p1a: Scizor|40\/100 brn|[from] brn\n|upkeep\n|turn|25\n|\n|t:|1700351608\n|move|p1a: Scizor|Roost|p1a: Scizor\n|-heal|p1a: Scizor|91\/100 brn\n|-singleturn|p1a: Scizor|move: Roost\n|move|p2a: Houndstone|Night Shade|p1a: Scizor\n|-damage|p1a: Scizor|61\/100 brn\n|\n|-damage|p1a: Scizor|55\/100 brn|[from] brn\n|upkeep\n|turn|26\n|\n|t:|1700351619\n|move|p1a: Scizor|Bullet Punch|p2a: Houndstone\n|-damage|p2a: Houndstone|40\/100\n|-damage|p1a: Scizor|39\/100 brn|[from] item: Rocky Helmet|[of] p2a: Houndstone\n|move|p2a: Houndstone|Body Press|p1a: Scizor\n|-damage|p1a: Scizor|23\/100 brn\n|\n|-damage|p1a: Scizor|17\/100 brn|[from] brn\n|upkeep\n|turn|27\n|\n|t:|1700351637\n|move|p1a: Scizor|Bullet Punch|p2a: Houndstone\n|-damage|p2a: Houndstone|19\/100\n|-damage|p1a: Scizor|0 fnt|[from] item: Rocky Helmet|[of] p2a: Houndstone\n|faint|p1a: Scizor\n|move|p2a: Houndstone|Night Shade|p1: Scizor|[notarget]\n|-fail|p2a: Houndstone\n|\n|upkeep\n|\n|t:|1700351647\n|switch|p1a: Blastoise|Blastoise, F|100\/100\n|-damage|p1a: Blastoise|88\/100|[from] Stealth Rock\n|-damage|p1a: Blastoise|76\/100|[from] Spikes\n|turn|28\n|\n|t:|1700351654\n|move|p1a: Blastoise|Shell Smash|p1a: Blastoise\n|-unboost|p1a: Blastoise|def|1\n|-unboost|p1a: Blastoise|spd|1\n|-boost|p1a: Blastoise|atk|2\n|-boost|p1a: Blastoise|spa|2\n|-boost|p1a: Blastoise|spe|2\n|-enditem|p1a: Blastoise|White Herb\n|-clearnegativeboost|p1a: Blastoise|[silent]\n|move|p2a: Houndstone|Night Shade|p1a: Blastoise\n|-damage|p1a: Blastoise|45\/100\n|\n|upkeep\n|turn|29\n|\n|t:|1700351668\n|move|p2a: Houndstone|Shadow Sneak|p1a: Blastoise\n|-damage|p1a: Blastoise|32\/100\n|move|p1a: Blastoise|Water Spout|p2a: Houndstone\n|-damage|p2a: Houndstone|0 fnt\n|faint|p2a: Houndstone\n|\n|upkeep\n|\n|t:|1700351676\n|switch|p2a: Lucario|Lucario, M, tera:Normal|100\/100\n|turn|30\n|\n|t:|1700351683\n|move|p2a: Lucario|Extreme Speed|p1a: Blastoise\n|-damage|p1a: Blastoise|0 fnt\n|faint|p1a: Blastoise\n|\n|upkeep\n|\n|t:|1700351699\n|switch|p1a: Heatran|Heatran, F|67\/100\n|-damage|p1a: Heatran|54\/100|[from] Stealth Rock\n|-damage|p1a: Heatran|42\/100|[from] Spikes\n|turn|31\n|\n|t:|1700351705\n|switch|p2a: Gardevoir|Gardevoir, F|100\/100\n|-ability|p2a: Gardevoir|Flash Fire|[from] ability: Trace|[of] p1a: Heatran\n|switch|p1a: Hydreigon|Hydreigon, M|100\/100\n|-damage|p1a: Hydreigon|88\/100|[from] Stealth Rock\n|\n|upkeep\n|turn|32\n|\n|t:|1700351716\n|detailschange|p2a: Gardevoir|Gardevoir-Mega, F\n|-mega|p2a: Gardevoir|Gardevoir|Gardevoirite\n|-terastallize|p1a: Hydreigon|Poison\n|move|p2a: Gardevoir|Hyper Voice|p1a: Hydreigon\n|-resisted|p1a: Hydreigon\n|-damage|p1a: Hydreigon|52\/100\n|move|p1a: Hydreigon|Tera Blast|p2a: Gardevoir|[anim] Tera Blast Poison\n|-supereffective|p2a: Gardevoir\n|-damage|p2a: Gardevoir|0 fnt\n|faint|p2a: Gardevoir\n|\n|upkeep\n|\n|t:|1700351731\n|switch|p2a: Lucario|Lucario, M, tera:Normal|100\/100\n|turn|33\n|\n|t:|1700351736\n|switch|p1a: Heatran|Heatran, F|42\/100\n|-damage|p1a: Heatran|30\/100|[from] Stealth Rock\n|-damage|p1a: Heatran|17\/100|[from] Spikes\n|move|p2a: Lucario|Extreme Speed|p1a: Heatran\n|-resisted|p1a: Heatran\n|-damage|p1a: Heatran|0 fnt\n|faint|p1a: Heatran\n|\n|upkeep\n|\n|t:|1700351743\n|switch|p1a: Hydreigon|Hydreigon, M, tera:Poison|52\/100\n|-damage|p1a: Hydreigon|39\/100|[from] Stealth Rock\n|turn|34\n|-message|Simbadd forfeited.\n|\n|win|Garry97\n|raw|Simbadd's rating: 1607 &rarr; <strong>1584<\/strong><br \/>(-23 for losing)\n|raw|Garry97's rating: 1554 &rarr; <strong>1577<\/strong><br \/>(+23 for winning)\n|l|\u2606Simbadd\n|c|\u2606Garry97|gg\n|l| slobadd\n","uploadtime":1700351758,"views":19,"p1id":"simbadd","p2id":"garry97","formatid":"gen9nationaldex","rating":1577,"private":0,"password":""}