{"id":"gen9nationaldex-1993732696","p1":"FirstStageofGrief","p2":"firez24610","format":"[Gen 9] National Dex","log":"|j|\u2606FirstStageofGrief\n|j|\u2606firez24610\n|t:|1700350739\n|gametype|singles\n|player|p1|FirstStageofGrief|shelly|1101\n|player|p2|firez24610|ghetsis|1121\n|teamsize|p1|6\n|teamsize|p2|6\n|gen|9\n|tier|[Gen 9] National Dex\n|rated|\n|rule|HP Percentage Mod: HP is shown in percentages\n|rule|Endless Battle Clause: Forcing endless battles is banned\n|rule|OHKO Clause: OHKO moves are banned\n|rule|Evasion Clause: Evasion abilities, items, and moves are banned\n|rule|Evasion Abilities Clause: Evasion abilities are banned\n|rule|Evasion Items Clause: Evasion items are banned\n|rule|Evasion Moves Clause: Evasion moves are banned\n|rule|Species Clause: Limit one of each Pok\u00e9mon\n|rule|Sleep Clause Mod: Limit one foe put to sleep\n|clearpoke\n|poke|p1|Mismagius, F|\n|poke|p1|Mawile, F|\n|poke|p1|Gengar, M|\n|poke|p1|Jirachi|\n|poke|p1|Lilligant-Hisui, F|\n|poke|p1|Mimikyu, M|\n|poke|p2|Rabsca, M|\n|poke|p2|Victini|\n|poke|p2|Glalie, M|\n|poke|p2|Zangoose, F|\n|poke|p2|Breloom, F|\n|poke|p2|Mudsdale, M|\n|teampreview\n|\n|t:|1700350751\n|start\n|switch|p1a: Mismagius|Mismagius, F|100\/100\n|switch|p2a: Victini|Victini|100\/100\n|turn|1\n|\n|t:|1700350775\n|move|p2a: Victini|V-create|p1a: Mismagius\n|-damage|p1a: Mismagius|0 fnt\n|-unboost|p2a: Victini|spe|1\n|-unboost|p2a: Victini|def|1\n|-unboost|p2a: Victini|spd|1\n|faint|p1a: Mismagius\n|\n|upkeep\n|\n|t:|1700350817\n|switch|p1a: Gengar|Gengar, M|100\/100\n|turn|2\n|\n|t:|1700350824\n|switch|p2a: Zangoose|Zangoose, F|100\/100\n|move|p1a: Gengar|Shadow Ball|p2a: Zangoose\n|-immune|p2a: Zangoose\n|\n|-status|p2a: Zangoose|tox|[from] item: Toxic Orb\n|upkeep\n|turn|3\n|\n|t:|1700350828\n|switch|p1a: Mawile|Mawile, F|100\/100\n|move|p2a: Zangoose|Knock Off|p1a: Mawile\n|-resisted|p1a: Mawile\n|-damage|p1a: Mawile|80\/100\n|\n|-damage|p2a: Zangoose|95\/100 tox|[from] psn\n|upkeep\n|turn|4\n|\n|t:|1700350834\n|switch|p2a: Mudsdale|Mudsdale, M|100\/100\n|detailschange|p1a: Mawile|Mawile-Mega, F\n|-mega|p1a: Mawile|Mawile|Mawilite\n|move|p1a: Mawile|Crunch|p2a: Mudsdale\n|-damage|p2a: Mudsdale|60\/100\n|-ability|p2a: Mudsdale|Stamina|boost\n|-boost|p2a: Mudsdale|def|1\n|\n|-heal|p2a: Mudsdale|66\/100|[from] item: Leftovers\n|upkeep\n|turn|5\n|\n|t:|1700350841\n|move|p1a: Mawile|Crunch|p2a: Mudsdale\n|-crit|p2a: Mudsdale\n|-damage|p2a: Mudsdale|0 fnt\n|faint|p2a: Mudsdale\n|\n|upkeep\n|\n|t:|1700350854\n|switch|p2a: Victini|Victini|100\/100\n|turn|6\n|\n|t:|1700350874\n|move|p2a: Victini|V-create|p1a: Mawile\n|-supereffective|p1a: Mawile\n|-damage|p1a: Mawile|0 fnt\n|-unboost|p2a: Victini|spe|1\n|-unboost|p2a: Victini|def|1\n|-unboost|p2a: Victini|spd|1\n|faint|p1a: Mawile\n|\n|upkeep\n|\n|t:|1700350886\n|switch|p1a: Mimikyu|Mimikyu, M|100\/100\n|turn|7\n|\n|t:|1700350896\n|switch|p2a: Breloom|Breloom, F|100\/100\n|move|p1a: Mimikyu|Drain Punch|p2a: Breloom\n|-damage|p2a: Breloom|76\/100\n|\n|-heal|p2a: Breloom|82\/100|[from] item: Leftovers\n|upkeep\n|turn|8\n|\n|t:|1700350900\n|move|p1a: Mimikyu|Play Rough|p2a: Breloom\n|-supereffective|p2a: Breloom\n|-damage|p2a: Breloom|0 fnt\n|faint|p2a: Breloom\n|\n|upkeep\n|\n|t:|1700350904\n|switch|p2a: Glalie|Glalie, M|100\/100\n|turn|9\n|\n|t:|1700350910\n|move|p1a: Mimikyu|Drain Punch|p2a: Glalie\n|-supereffective|p2a: Glalie\n|-damage|p2a: Glalie|48\/100\n|move|p2a: Glalie|Foul Play|p1a: Mimikyu\n|-activate|p1a: Mimikyu|ability: Disguise\n|-damage|p1a: Mimikyu|100\/100\n|detailschange|p1a: Mimikyu|Mimikyu-Busted, M\n|-damage|p1a: Mimikyu|88\/100|[from] pokemon: Mimikyu-Busted\n|\n|upkeep\n|turn|10\n|\n|t:|1700350914\n|detailschange|p2a: Glalie|Glalie-Mega, M\n|-mega|p2a: Glalie|Glalie|Glalitite\n|move|p2a: Glalie|Foul Play|p1a: Mimikyu\n|-damage|p1a: Mimikyu|46\/100\n|move|p1a: Mimikyu|Drain Punch|p2a: Glalie\n|-supereffective|p2a: Glalie\n|-damage|p2a: Glalie|0 fnt\n|-heal|p1a: Mimikyu|75\/100|[from] drain|[of] p2a: Glalie\n|faint|p2a: Glalie\n|\n|upkeep\n|\n|t:|1700350920\n|switch|p2a: Victini|Victini|100\/100\n|turn|11\n|\n|t:|1700350926\n|move|p1a: Mimikyu|Shadow Sneak|p2a: Victini\n|-supereffective|p2a: Victini\n|-damage|p2a: Victini|65\/100\n|move|p2a: Victini|V-create|p1a: Mimikyu\n|-damage|p1a: Mimikyu|0 fnt\n|-unboost|p2a: Victini|spe|1\n|-unboost|p2a: Victini|def|1\n|-unboost|p2a: Victini|spd|1\n|faint|p1a: Mimikyu\n|\n|upkeep\n|\n|t:|1700350944\n|switch|p1a: Gengar|Gengar, M|100\/100\n|turn|12\n|\n|t:|1700350949\n|switch|p2a: Zangoose|Zangoose, F|95\/100 tox\n|move|p1a: Gengar|Dazzling Gleam|p2a: Zangoose\n|-damage|p2a: Zangoose|45\/100 tox\n|\n|-damage|p2a: Zangoose|40\/100 tox|[from] psn\n|upkeep\n|turn|13\n|\n|t:|1700350954\n|move|p1a: Gengar|Psychic|p2a: Zangoose\n|-damage|p2a: Zangoose|0 fnt\n|faint|p2a: Zangoose\n|\n|upkeep\n|\n|t:|1700350956\n|switch|p2a: Rabsca|Rabsca, M|100\/100\n|turn|14\n|\n|t:|1700350979\n|-terastallize|p2a: Rabsca|Steel\n|move|p1a: Gengar|Shadow Ball|p2a: Rabsca\n|-damage|p2a: Rabsca|70\/100\n|move|p2a: Rabsca|Revival Blessing|p2a: Rabsca\n|\n|t:|1700350982\n|-heal|p2: Glalie|50\/100|[from] move: Revival Blessing\n|\n|-heal|p2a: Rabsca|76\/100|[from] item: Leftovers\n|upkeep\n|turn|15\n|\n|t:|1700351027\n|move|p1a: Gengar|Shadow Ball|p2a: Rabsca\n|-damage|p2a: Rabsca|46\/100\n|move|p2a: Rabsca|Rest|p2a: Rabsca\n|-status|p2a: Rabsca|slp|[from] move: Rest\n|-heal|p2a: Rabsca|100\/100 slp|[silent]\n|\n|upkeep\n|turn|16\n|\n|t:|1700351059\n|switch|p1a: Lilligant|Lilligant-Hisui, F|100\/100\n|cant|p2a: Rabsca|slp\n|move|p2a: Rabsca|Sleep Talk|p2a: Rabsca\n|move|p2a: Rabsca|Revival Blessing|p2a: Rabsca|[from]move: Sleep Talk\n|\n|t:|1700351073\n|-heal|p2: Zangoose|50\/100|[from] move: Revival Blessing\n|\n|upkeep\n|turn|17\n|\n|t:|1700351089\n|move|p1a: Lilligant|Victory Dance|p1a: Lilligant\n|-boost|p1a: Lilligant|atk|1\n|-boost|p1a: Lilligant|def|1\n|-boost|p1a: Lilligant|spe|1\n|cant|p2a: Rabsca|slp\n|move|p2a: Rabsca|Sleep Talk|p2a: Rabsca\n|move|p2a: Rabsca|Rest||[from]move: Sleep Talk|[still]\n|-fail|p2a: Rabsca\n|\n|upkeep\n|turn|18\n|\n|t:|1700351096\n|move|p1a: Lilligant|Axe Kick|p2a: Rabsca\n|-supereffective|p2a: Rabsca\n|-damage|p2a: Rabsca|0 fnt\n|faint|p2a: Rabsca\n|\n|upkeep\n|\n|t:|1700351100\n|switch|p2a: Victini|Victini|65\/100\n|turn|19\n|\n|t:|1700351118\n|move|p1a: Lilligant|Acrobatics|p2a: Victini\n|-damage|p2a: Victini|17\/100\n|move|p2a: Victini|V-create|p1a: Lilligant\n|-supereffective|p1a: Lilligant\n|-damage|p1a: Lilligant|0 fnt\n|-unboost|p2a: Victini|spe|1\n|-unboost|p2a: Victini|def|1\n|-unboost|p2a: Victini|spd|1\n|faint|p1a: Lilligant\n|\n|upkeep\n|\n|t:|1700351122\n|switch|p1a: Gengar|Gengar, M|100\/100\n|turn|20\n|\n|t:|1700351126\n|switch|p2a: Zangoose|Zangoose, F|50\/100\n|move|p1a: Gengar|Dazzling Gleam|p2a: Zangoose\n|-damage|p2a: Zangoose|0 fnt\n|faint|p2a: Zangoose\n|\n|upkeep\n|\n|t:|1700351129\n|switch|p2a: Victini|Victini|17\/100\n|turn|21\n|\n|t:|1700351144\n|move|p2a: Victini|V-create|p1a: Gengar\n|-damage|p1a: Gengar|0 fnt\n|-unboost|p2a: Victini|spe|1\n|-unboost|p2a: Victini|def|1\n|-unboost|p2a: Victini|spd|1\n|-start|p2a: Victini|Disable|V-create|[from] ability: Cursed Body|[of] p1a: Gengar\n|faint|p1a: Gengar\n|\n|upkeep\n|\n|t:|1700351148\n|switch|p1a: Jirachi|Jirachi, shiny|100\/100\n|turn|22\n|\n|t:|1700351153\n|switch|p2a: Glalie|Glalie-Mega, M|50\/100\n|-terastallize|p1a: Jirachi|Dark\n|move|p1a: Jirachi|Flash Cannon|p2a: Glalie\n|-supereffective|p2a: Glalie\n|-damage|p2a: Glalie|0 fnt\n|faint|p2a: Glalie\n|\n|upkeep\n|\n|t:|1700351155\n|switch|p2a: Victini|Victini|17\/100\n|turn|23\n|\n|t:|1700351160\n|move|p2a: Victini|V-create|p1a: Jirachi\n|-damage|p1a: Jirachi|28\/100\n|-unboost|p2a: Victini|spe|1\n|-unboost|p2a: Victini|def|1\n|-unboost|p2a: Victini|spd|1\n|move|p1a: Jirachi|Flash Cannon|p2a: Victini\n|-resisted|p2a: Victini\n|-damage|p2a: Victini|0 fnt\n|faint|p2a: Victini\n|\n|win|FirstStageofGrief\n|raw|FirstStageofGrief's rating: 1101 &rarr; <strong>1127<\/strong><br \/>(+26 for winning)\n|raw|firez24610's rating: 1121 &rarr; <strong>1095<\/strong><br \/>(-26 for losing)\n|c|\u2606FirstStageofGrief|gg\n|c|\u2606firez24610|Gg\n|l|\u2606firez24610\n","uploadtime":1700351169,"views":14,"p1id":"firststageofgrief","p2id":"firez24610","formatid":"gen9nationaldex","rating":1095,"private":0,"password":""}