{"id":"gen9nationaldex-1992325061","p1":"tempuraboiz","p2":"Nofeck","format":"[Gen 9] National Dex","log":"|j|\u2606tempuraboiz\n|j|\u2606Nofeck\n|t:|1700174846\n|gametype|singles\n|player|p1|tempuraboiz|2|1064\n|player|p2|Nofeck|brycenman|1067\n|teamsize|p1|6\n|teamsize|p2|6\n|gen|9\n|tier|[Gen 9] National Dex\n|rated|\n|rule|HP Percentage Mod: HP is shown in percentages\n|rule|Endless Battle Clause: Forcing endless battles is banned\n|rule|OHKO Clause: OHKO moves are banned\n|rule|Evasion Clause: Evasion abilities, items, and moves are banned\n|rule|Evasion Abilities Clause: Evasion abilities are banned\n|rule|Evasion Items Clause: Evasion items are banned\n|rule|Evasion Moves Clause: Evasion moves are banned\n|rule|Species Clause: Limit one of each Pok\u00e9mon\n|rule|Sleep Clause Mod: Limit one foe put to sleep\n|clearpoke\n|poke|p1|Muk-Alola, F|\n|poke|p1|Swampert, F|\n|poke|p1|Armarouge, F|\n|poke|p1|Shuckle, F|\n|poke|p1|Iron Treads|\n|poke|p1|Pelipper, F|\n|poke|p2|Solrock|\n|poke|p2|Kartana|\n|poke|p2|Virizion|\n|poke|p2|Mew|\n|poke|p2|Armaldo, F|\n|poke|p2|Gastrodon, M|\n|teampreview\n|c|\u2606Nofeck|Trick room?\n|\n|t:|1700174866\n|start\n|switch|p1a: Shuckle|Shuckle, F|100\/100\n|switch|p2a: Solrock|Solrock|100\/100\n|turn|1\n|\n|t:|1700174886\n|move|p2a: Solrock|Stealth Rock|p1a: Shuckle\n|-sidestart|p1: tempuraboiz|move: Stealth Rock\n|move|p1a: Shuckle|Sticky Web|p2a: Solrock\n|-sidestart|p2: Nofeck|move: Sticky Web\n|\n|upkeep\n|turn|2\n|\n|t:|1700174939\n|move|p2a: Solrock|Pain Split|p1a: Shuckle\n|-sethp|p1a: Shuckle|100\/100|[from] move: Pain Split|[silent]\n|-sethp|p2a: Solrock|88\/100|[from] move: Pain Split\n|move|p1a: Shuckle|Stealth Rock|p2a: Solrock\n|-sidestart|p2: Nofeck|move: Stealth Rock\n|\n|upkeep\n|turn|3\n|\n|t:|1700174952\n|switch|p1a: Pelipper|Pelipper, F, shiny|100\/100\n|-damage|p1a: Pelipper|76\/100|[from] Stealth Rock\n|-weather|RainDance|[from] ability: Drizzle|[of] p1a: Pelipper\n|move|p2a: Solrock|Pain Split|p1a: Pelipper\n|-sethp|p1a: Pelipper|82\/100|[from] move: Pain Split|[silent]\n|-sethp|p2a: Solrock|82\/100|[from] move: Pain Split\n|\n|-weather|RainDance|[upkeep]\n|upkeep\n|turn|4\n|\n|t:|1700174972\n|move|p2a: Solrock|Protect|p2a: Solrock\n|-singleturn|p2a: Solrock|Protect\n|move|p1a: Pelipper|U-turn|p2a: Solrock\n|-activate|p2a: Solrock|move: Protect\n|\n|-weather|RainDance|[upkeep]\n|upkeep\n|turn|5\n|\n|t:|1700174983\n|switch|p2a: Armaldo|Armaldo, F|100\/100\n|-activate|p2a: Armaldo|move: Sticky Web\n|-unboost|p2a: Armaldo|spe|1\n|-damage|p2a: Armaldo|76\/100|[from] Stealth Rock\n|move|p1a: Pelipper|U-turn|p2a: Armaldo\n|-damage|p2a: Armaldo|67\/100\n|\n|t:|1700174999\n|switch|p1a: Swampert|Swampert, F, shiny|100\/100|[from] U-turn\n|-damage|p1a: Swampert|94\/100|[from] Stealth Rock\n|\n|-weather|RainDance|[upkeep]\n|upkeep\n|turn|6\n|c|\u2606Nofeck|Ohhh\n|c|\u2606Nofeck|Swift swim mega swampert\n|\n|t:|1700175032\n|detailschange|p1a: Swampert|Swampert-Mega, F, shiny\n|-mega|p1a: Swampert|Swampert|Swampertite\n|move|p2a: Armaldo|Aqua Jet|p1a: Swampert\n|-damage|p1a: Swampert|66\/100\n|-damage|p2a: Armaldo|57\/100|[from] item: Life Orb\n|move|p1a: Swampert|Earthquake|p2a: Armaldo\n|-damage|p2a: Armaldo|3\/100\n|\n|-weather|RainDance|[upkeep]\n|upkeep\n|turn|7\n|\n|t:|1700175090\n|move|p2a: Armaldo|Aqua Jet|p1a: Swampert\n|-damage|p1a: Swampert|37\/100\n|-damage|p2a: Armaldo|0 fnt|[from] item: Life Orb\n|faint|p2a: Armaldo\n|move|p1a: Swampert|Ice Punch|p2: Armaldo|[notarget]\n|-fail|p1a: Swampert\n|\n|-weather|RainDance|[upkeep]\n|upkeep\n|\n|t:|1700175105\n|switch|p2a: Mew|Mew|100\/100\n|-activate|p2a: Mew|move: Sticky Web\n|-unboost|p2a: Mew|spe|1\n|-damage|p2a: Mew|88\/100|[from] Stealth Rock\n|turn|8\n|\n|t:|1700175114\n|move|p2a: Mew|Fake Out|p1a: Swampert\n|-damage|p1a: Swampert|25\/100\n|cant|p1a: Swampert|flinch\n|\n|-weather|RainDance|[upkeep]\n|upkeep\n|turn|9\n|\n|t:|1700175125\n|move|p1a: Swampert|Earthquake|p2a: Mew\n|-damage|p2a: Mew|40\/100\n|move|p2a: Mew|Gunk Shot|p1a: Swampert\n|-resisted|p1a: Swampert\n|-damage|p1a: Swampert|7\/100\n|\n|-weather|RainDance|[upkeep]\n|upkeep\n|turn|10\n|\n|t:|1700175133\n|move|p1a: Swampert|Flip Turn|p2a: Mew\n|-damage|p2a: Mew|0 fnt\n|faint|p2a: Mew\n|\n|t:|1700175138\n|switch|p1a: Iron Treads|Iron Treads|100\/100|[from] Flip Turn\n|-damage|p1a: Iron Treads|97\/100|[from] Stealth Rock\n|\n|-weather|none\n|-heal|p1a: Iron Treads|100\/100|[from] item: Leftovers\n|upkeep\n|\n|t:|1700175157\n|switch|p2a: Gastrodon|Gastrodon, M|100\/100\n|-activate|p2a: Gastrodon|move: Sticky Web\n|-unboost|p2a: Gastrodon|spe|1\n|-damage|p2a: Gastrodon|94\/100|[from] Stealth Rock\n|turn|11\n|\n|t:|1700175169\n|move|p1a: Iron Treads|Rapid Spin|p2a: Gastrodon\n|-damage|p2a: Gastrodon|74\/100\n|-boost|p1a: Iron Treads|spe|1\n|-sideend|p1: tempuraboiz|Stealth Rock|[from] move: Rapid Spin|[of] p1a: Iron Treads\n|move|p2a: Gastrodon|Yawn|p1a: Iron Treads\n|-start|p1a: Iron Treads|move: Yawn|[of] p2a: Gastrodon\n|\n|-heal|p2a: Gastrodon|80\/100|[from] item: Leftovers\n|upkeep\n|turn|12\n|\n|t:|1700175197\n|-end|p1a: Iron Treads|Quark Drive|[silent]\n|switch|p1a: Shuckle|Shuckle, F|100\/100\n|move|p2a: Gastrodon|Recover|p2a: Gastrodon\n|-heal|p2a: Gastrodon|100\/100\n|\n|upkeep\n|turn|13\n|\n|t:|1700175228\n|move|p2a: Gastrodon|Pain Split|p1a: Shuckle\n|-sethp|p1a: Shuckle|100\/100|[from] move: Pain Split|[silent]\n|-sethp|p2a: Gastrodon|79\/100|[from] move: Pain Split\n|move|p1a: Shuckle|Toxic|p2a: Gastrodon\n|-status|p2a: Gastrodon|tox\n|\n|-heal|p2a: Gastrodon|85\/100 tox|[from] item: Leftovers\n|-damage|p2a: Gastrodon|79\/100 tox|[from] psn\n|upkeep\n|turn|14\n|\n|t:|1700175244\n|switch|p1a: Swampert|Swampert-Mega, F, shiny|7\/100\n|move|p2a: Gastrodon|Pain Split|p1a: Swampert\n|-sethp|p1a: Swampert|53\/100|[from] move: Pain Split|[silent]\n|-sethp|p2a: Gastrodon|42\/100 tox|[from] move: Pain Split\n|\n|-heal|p2a: Gastrodon|48\/100 tox|[from] item: Leftovers\n|-damage|p2a: Gastrodon|36\/100 tox|[from] psn\n|upkeep\n|turn|15\n|\n|t:|1700175261\n|move|p1a: Swampert|Ice Punch|p2a: Gastrodon\n|-damage|p2a: Gastrodon|4\/100 tox\n|move|p2a: Gastrodon|Yawn|p1a: Swampert\n|-start|p1a: Swampert|move: Yawn|[of] p2a: Gastrodon\n|\n|-heal|p2a: Gastrodon|10\/100 tox|[from] item: Leftovers\n|-damage|p2a: Gastrodon|0 fnt|[from] psn\n|faint|p2a: Gastrodon\n|upkeep\n|c|\u2606tempuraboiz|Nice\n|\n|t:|1700175277\n|switch|p2a: Kartana|Kartana|100\/100\n|-activate|p2a: Kartana|move: Sticky Web\n|-unboost|p2a: Kartana|spe|1\n|-damage|p2a: Kartana|94\/100|[from] Stealth Rock\n|turn|16\n|\n|t:|1700175286\n|move|p2a: Kartana|Protect|p2a: Kartana\n|-singleturn|p2a: Kartana|Protect\n|move|p1a: Swampert|Flip Turn|p2a: Kartana\n|-activate|p2a: Kartana|move: Protect\n|\n|-end|p1a: Swampert|move: Yawn|[silent]\n|-status|p1a: Swampert|slp\n|upkeep\n|turn|17\n|\n|t:|1700175297\n|switch|p1a: Shuckle|Shuckle, F|100\/100\n|move|p2a: Kartana|X-Scissor|p1a: Shuckle\n|-damage|p1a: Shuckle|75\/100\n|\n|upkeep\n|turn|18\n|\n|t:|1700175309\n|switch|p2a: Solrock|Solrock|82\/100\n|-damage|p2a: Solrock|70\/100|[from] Stealth Rock\n|move|p1a: Shuckle|Encore||[still]\n|-fail|p1a: Shuckle\n|\n|upkeep\n|turn|19\n|\n|t:|1700175321\n|move|p2a: Solrock|Stealth Rock|p1a: Shuckle\n|-sidestart|p1: tempuraboiz|move: Stealth Rock\n|move|p1a: Shuckle|Toxic|p2a: Solrock\n|-status|p2a: Solrock|tox\n|\n|-damage|p2a: Solrock|63\/100 tox|[from] psn\n|upkeep\n|turn|20\n|inactive|Battle timer is ON: inactive players will automatically lose when time's up. (requested by tempuraboiz)\n|\n|t:|1700175380\n|switch|p2a: Virizion|Virizion|100\/100\n|-activate|p2a: Virizion|move: Sticky Web\n|-unboost|p2a: Virizion|spe|1\n|-damage|p2a: Virizion|94\/100|[from] Stealth Rock\n|switch|p1a: Iron Treads|Iron Treads|100\/100\n|-damage|p1a: Iron Treads|97\/100|[from] Stealth Rock\n|\n|-heal|p1a: Iron Treads|100\/100|[from] item: Leftovers\n|-heal|p2a: Virizion|100\/100|[from] item: Leftovers\n|upkeep\n|turn|21\n|\n|t:|1700175395\n|move|p2a: Virizion|Protect|p2a: Virizion\n|-singleturn|p2a: Virizion|Protect\n|move|p1a: Iron Treads|Megahorn|p2a: Virizion\n|-activate|p2a: Virizion|move: Protect\n|\n|upkeep\n|turn|22\n|\n|t:|1700175404\n|-terastallize|p2a: Virizion|Fighting\n|move|p1a: Iron Treads|Megahorn|p2a: Virizion\n|-resisted|p2a: Virizion\n|-crit|p2a: Virizion\n|-damage|p2a: Virizion|55\/100\n|move|p2a: Virizion|Sacred Sword|p1a: Iron Treads\n|-supereffective|p1a: Iron Treads\n|-damage|p1a: Iron Treads|37\/100\n|\n|-heal|p1a: Iron Treads|43\/100|[from] item: Leftovers\n|-heal|p2a: Virizion|61\/100|[from] item: Leftovers\n|upkeep\n|turn|23\n|\n|t:|1700175422\n|-end|p1a: Iron Treads|Quark Drive|[silent]\n|switch|p1a: Armarouge|Armarouge, F, shiny|100\/100\n|-damage|p1a: Armarouge|76\/100|[from] Stealth Rock\n|move|p2a: Virizion|Sacred Sword|p1a: Armarouge\n|-resisted|p1a: Armarouge\n|-damage|p1a: Armarouge|58\/100\n|-ability|p1a: Armarouge|Weak Armor|boost\n|-unboost|p1a: Armarouge|def|1\n|-boost|p1a: Armarouge|spe|2\n|\n|-heal|p2a: Virizion|68\/100|[from] item: Leftovers\n|upkeep\n|turn|24\n|\n|t:|1700175435\n|move|p1a: Armarouge|Calm Mind|p1a: Armarouge\n|-boost|p1a: Armarouge|spa|1\n|-boost|p1a: Armarouge|spd|1\n|move|p2a: Virizion|Air Slash|p1a: Armarouge\n|-crit|p1a: Armarouge\n|-damage|p1a: Armarouge|25\/100\n|\n|-heal|p2a: Virizion|74\/100|[from] item: Leftovers\n|upkeep\n|turn|25\n|\n|t:|1700175444\n|move|p1a: Armarouge|Calm Mind|p1a: Armarouge\n|-boost|p1a: Armarouge|spa|1\n|-boost|p1a: Armarouge|spd|1\n|move|p2a: Virizion|Air Slash|p1a: Armarouge\n|-damage|p1a: Armarouge|14\/100\n|\n|-heal|p2a: Virizion|80\/100|[from] item: Leftovers\n|upkeep\n|turn|26\n|\n|t:|1700175462\n|move|p1a: Armarouge|Calm Mind|p1a: Armarouge\n|-boost|p1a: Armarouge|spa|1\n|-boost|p1a: Armarouge|spd|1\n|move|p2a: Virizion|Air Slash|p1a: Armarouge\n|-damage|p1a: Armarouge|6\/100\n|\n|-heal|p2a: Virizion|86\/100|[from] item: Leftovers\n|upkeep\n|turn|27\n|\n|t:|1700175476\n|move|p1a: Armarouge|Expanding Force|p2a: Virizion\n|-supereffective|p2a: Virizion\n|-damage|p2a: Virizion|0 fnt\n|faint|p2a: Virizion\n|\n|upkeep\n|\n|t:|1700175483\n|switch|p2a: Kartana|Kartana|94\/100\n|-activate|p2a: Kartana|move: Sticky Web\n|-unboost|p2a: Kartana|spe|1\n|-damage|p2a: Kartana|88\/100|[from] Stealth Rock\n|turn|28\n|\n|t:|1700175491\n|move|p1a: Armarouge|Armor Cannon|p2a: Kartana\n|-supereffective|p2a: Kartana\n|-damage|p2a: Kartana|0 fnt\n|-unboost|p1a: Armarouge|def|1\n|-unboost|p1a: Armarouge|spd|1\n|faint|p2a: Kartana\n|\n|upkeep\n|\n|t:|1700175500\n|switch|p2a: Solrock|Solrock|63\/100 tox\n|-damage|p2a: Solrock|51\/100 tox|[from] Stealth Rock\n|turn|29\n|\n|t:|1700175519\n|move|p1a: Armarouge|Expanding Force|p2a: Solrock\n|-resisted|p2a: Solrock\n|-damage|p2a: Solrock|0 fnt\n|faint|p2a: Solrock\n|\n|win|tempuraboiz\n|raw|tempuraboiz's rating: 1064 &rarr; <strong>1095<\/strong><br \/>(+31 for winning)\n|raw|Nofeck's rating: 1067 &rarr; <strong>1047<\/strong><br \/>(-20 for losing)\n|c|\u2606tempuraboiz|Gg\n","uploadtime":1700175569,"views":5,"p1id":"tempuraboiz","p2id":"nofeck","formatid":"gen9nationaldex","rating":1047,"private":0,"password":""}