{"id":"gen9nationaldex-1999607298","p1":"VicoSenpai","p2":"Francoise Fat","format":"[Gen 9] National Dex","log":"|html|<div class=\"broadcast-blue\"><strong>[Gen 9] National Dex is currently suspecting Sneasler! For information on how to participate check out the <a href=\"https:\/\/www.smogon.com\/forums\/threads\/sv-national-dex-suspect-8-just-dance.3731534\/\">suspect thread<\/a>.<\/strong><\/div>\n|j|\u2606VicoSenpai\n|j|\u2606Francoise Fat\n|t:|1701100674\n|gametype|singles\n|player|p1|VicoSenpai|lana|1305\n|player|p2|Francoise Fat|170|1234\n|teamsize|p1|6\n|teamsize|p2|6\n|gen|9\n|tier|[Gen 9] National Dex\n|rated|\n|rule|HP Percentage Mod: HP is shown in percentages\n|rule|Endless Battle Clause: Forcing endless battles is banned\n|rule|OHKO Clause: OHKO moves are banned\n|rule|Evasion Clause: Evasion abilities, items, and moves are banned\n|rule|Evasion Abilities Clause: Evasion abilities are banned\n|rule|Evasion Items Clause: Evasion items are banned\n|rule|Evasion Moves Clause: Evasion moves are banned\n|rule|Species Clause: Limit one of each Pok\u00e9mon\n|rule|Sleep Clause Mod: Limit one foe put to sleep\n|clearpoke\n|poke|p1|Pelipper, M|\n|poke|p1|Swampert, F|\n|poke|p1|Ferrothorn, F|\n|poke|p1|Zapdos|\n|poke|p1|Urshifu-*, F|\n|poke|p1|Serperior, F|\n|poke|p2|Tyranitar, M|\n|poke|p2|Aggron, F|\n|poke|p2|Garchomp, F|\n|poke|p2|Dracozolt|\n|poke|p2|Houndstone, M|\n|poke|p2|Excadrill, F|\n|teampreview\n|inactive|Battle timer is ON: inactive players will automatically lose when time's up. (requested by VicoSenpai)\n|l|\u2606VicoSenpai\n|inactive|VicoSenpai disconnected and has a minute to reconnect!\n|player|p1|\n|j|\u2606VicoSenpai\n|inactive|VicoSenpai reconnected.\n|player|p1|VicoSenpai|lana\n|inactive|Francoise Fat has 120 seconds left.\n|inactive|Francoise Fat has 90 seconds left.\n|\n|t:|1701100742\n|start\n|switch|p1a: Pelipper|Pelipper, M|100\/100\n|switch|p2a: Houndstone|Houndstone, M|100\/100\n|-weather|RainDance|[from] ability: Drizzle|[of] p1a: Pelipper\n|turn|1\n|\n|t:|1701100749\n|move|p2a: Houndstone|Sandstorm|p2a: Houndstone\n|-weather|Sandstorm\n|move|p1a: Pelipper|Hurricane|p2a: Houndstone\n|-damage|p2a: Houndstone|49\/100\n|-start|p2a: Houndstone|confusion\n|-enditem|p2a: Houndstone|Eject Button\n|\n|t:|1701100773\n|switch|p2a: Dracozolt|Dracozolt|100\/100\n|\n|-weather|Sandstorm|[upkeep]\n|-damage|p1a: Pelipper|94\/100|[from] Sandstorm\n|upkeep\n|turn|2\n|\n|t:|1701100789\n|switch|p2a: Houndstone|Houndstone, M|49\/100\n|switch|p1a: Ferrothorn|Ferrothorn, F|100\/100\n|\n|-weather|Sandstorm|[upkeep]\n|upkeep\n|turn|3\n|\n|t:|1701100800\n|move|p2a: Houndstone|Trick|p1a: Ferrothorn\n|-activate|p2a: Houndstone|move: Trick|[of] p1a: Ferrothorn\n|-enditem|p1a: Ferrothorn|Leftovers|[silent]|[from] move: Trick\n|-item|p2a: Houndstone|Leftovers|[from] move: Trick\n|move|p1a: Ferrothorn|Leech Seed|p2a: Houndstone\n|-start|p2a: Houndstone|move: Leech Seed\n|\n|-weather|Sandstorm|[upkeep]\n|-heal|p2a: Houndstone|55\/100|[from] item: Leftovers\n|-damage|p2a: Houndstone|43\/100|[from] Leech Seed|[of] p1a: Ferrothorn\n|upkeep\n|turn|4\n|\n|t:|1701100806\n|move|p2a: Houndstone|Will-O-Wisp|p1a: Ferrothorn\n|-status|p1a: Ferrothorn|brn\n|move|p1a: Ferrothorn|Stealth Rock|p2a: Houndstone\n|-sidestart|p2: Francoise Fat|move: Stealth Rock\n|\n|-weather|Sandstorm|[upkeep]\n|-heal|p2a: Houndstone|49\/100|[from] item: Leftovers\n|-damage|p2a: Houndstone|37\/100|[from] Leech Seed|[of] p1a: Ferrothorn\n|-damage|p1a: Ferrothorn|94\/100 brn|[from] brn\n|upkeep\n|turn|5\n|\n|t:|1701100814\n|switch|p2a: Dracozolt|Dracozolt|100\/100\n|-damage|p2a: Dracozolt|88\/100|[from] Stealth Rock\n|move|p1a: Ferrothorn|Protect||[still]\n|-fail|p1a: Ferrothorn\n|\n|-weather|none\n|-damage|p1a: Ferrothorn|88\/100 brn|[from] brn\n|upkeep\n|turn|6\n|\n|t:|1701100817\n|move|p2a: Dracozolt|Fire Blast|p1a: Ferrothorn|[miss]\n|-miss|p2a: Dracozolt|p1a: Ferrothorn\n|move|p1a: Ferrothorn|Leech Seed|p2a: Dracozolt\n|-start|p2a: Dracozolt|move: Leech Seed\n|\n|-damage|p2a: Dracozolt|76\/100|[from] Leech Seed|[of] p1a: Ferrothorn\n|-heal|p1a: Ferrothorn|99\/100 brn|[silent]\n|-damage|p1a: Ferrothorn|93\/100 brn|[from] brn\n|upkeep\n|turn|7\n|\n|t:|1701100822\n|move|p1a: Ferrothorn|Protect|p1a: Ferrothorn\n|-singleturn|p1a: Ferrothorn|Protect\n|move|p2a: Dracozolt|Bolt Beak|p1a: Ferrothorn\n|-activate|p1a: Ferrothorn|move: Protect\n|\n|-damage|p2a: Dracozolt|63\/100|[from] Leech Seed|[of] p1a: Ferrothorn\n|-heal|p1a: Ferrothorn|100\/100 brn|[silent]\n|-damage|p1a: Ferrothorn|94\/100 brn|[from] brn\n|upkeep\n|turn|8\n|\n|t:|1701100828\n|switch|p1a: Swampert|Swampert, F|100\/100\n|move|p2a: Dracozolt|Bolt Beak|p1a: Swampert\n|-immune|p1a: Swampert\n|\n|-damage|p2a: Dracozolt|51\/100|[from] Leech Seed|[of] p1a: Swampert\n|upkeep\n|turn|9\n|-message|Francoise Fat forfeited.\n|\n|win|VicoSenpai\n|raw|VicoSenpai's rating: 1305 &rarr; <strong>1321<\/strong><br \/>(+16 for winning)\n|raw|Francoise Fat's rating: 1234 &rarr; <strong>1214<\/strong><br \/>(-20 for losing)\n|l|\u2606Francoise Fat\n|c|\u2606VicoSenpai|ez\n","uploadtime":1701100835,"views":1,"p1id":"vicosenpai","p2id":"francoisefat","formatid":"gen9nationaldex","rating":1214,"private":0,"password":""}