{"id":"gen9nationaldex-1995704981","p1":"Siien","p2":"GibleGamingYT","format":"[Gen 9] National Dex","log":"|html|<div class=\"broadcast-blue\"><strong>[Gen 9] National Dex is currently suspecting Sneasler! For information on how to participate check out the <a href=\"https:\/\/www.smogon.com\/forums\/threads\/sv-national-dex-suspect-8-just-dance.3731534\/\">suspect thread<\/a>.<\/strong><\/div>\n|j|\u2606Siien\n|j|\u2606GibleGamingYT\n|t:|1700595531\n|gametype|singles\n|player|p1|Siien|gentleman-gen4|1040\n|player|p2|GibleGamingYT|lance|1000\n|teamsize|p1|6\n|teamsize|p2|6\n|gen|9\n|tier|[Gen 9] National Dex\n|rated|\n|rule|HP Percentage Mod: HP is shown in percentages\n|rule|Endless Battle Clause: Forcing endless battles is banned\n|rule|OHKO Clause: OHKO moves are banned\n|rule|Evasion Clause: Evasion abilities, items, and moves are banned\n|rule|Evasion Abilities Clause: Evasion abilities are banned\n|rule|Evasion Items Clause: Evasion items are banned\n|rule|Evasion Moves Clause: Evasion moves are banned\n|rule|Species Clause: Limit one of each Pok\u00e9mon\n|rule|Sleep Clause Mod: Limit one foe put to sleep\n|clearpoke\n|poke|p1|Typhlosion, M|\n|poke|p1|Porygon-Z|\n|poke|p1|Sableye, M|\n|poke|p1|Rotom-Frost|\n|poke|p1|Kabutops, M|\n|poke|p1|Sylveon, F|\n|poke|p2|Gible, M|\n|poke|p2|Grookey, M|\n|poke|p2|Tinkatink, F|\n|poke|p2|Monferno, M|\n|poke|p2|Zapdos-Galar|\n|poke|p2|Dratini, F|\n|teampreview\n|c|\u2606GibleGamingYT|Just practicing this team for a vid\n|\n|t:|1700595555\n|start\n|switch|p1a: Sableye|Sableye, M|100\/100\n|switch|p2a: Dratini|Dratini, F|100\/100\n|turn|1\n|\n|t:|1700595564\n|detailschange|p1a: Sableye|Sableye-Mega, M\n|-mega|p1a: Sableye|Sableye|Sablenite\n|move|p2a: Dratini|Ice Beam|p1a: Sableye\n|-damage|p1a: Sableye|86\/100\n|move|p1a: Sableye|Ice Punch|p2a: Dratini\n|-supereffective|p2a: Dratini\n|-damage|p2a: Dratini|38\/100\n|\n|upkeep\n|turn|2\n|\n|t:|1700595573\n|move|p2a: Dratini|Ice Beam|p1a: Sableye\n|-damage|p1a: Sableye|71\/100\n|-status|p1a: Sableye|frz\n|cant|p1a: Sableye|frz\n|\n|upkeep\n|turn|3\n|\n|t:|1700595585\n|move|p2a: Dratini|Dragon Pulse|p1a: Sableye\n|-damage|p1a: Sableye|49\/100 frz\n|-curestatus|p1a: Sableye|frz|[msg]\n|move|p1a: Sableye|Ice Punch|p2a: Dratini\n|-supereffective|p2a: Dratini\n|-damage|p2a: Dratini|0 fnt\n|faint|p2a: Dratini\n|\n|upkeep\n|\n|t:|1700595592\n|switch|p2a: Monke|Monferno, M|100\/100\n|turn|4\n|\n|t:|1700595599\n|move|p2a: Monke|Thunder Punch|p1a: Sableye\n|-damage|p1a: Sableye|22\/100\n|move|p1a: Sableye|Drain Punch|p2a: Monke\n|-damage|p2a: Monke|56\/100\n|-heal|p1a: Sableye|47\/100|[from] drain|[of] p2a: Monke\n|\n|upkeep\n|turn|5\n|\n|t:|1700595610\n|move|p2a: Monke|Acrobatics|p1a: Sableye\n|-damage|p1a: Sableye|31\/100\n|move|p1a: Sableye|Dark Pulse|p2a: Monke\n|-resisted|p2a: Monke\n|-damage|p2a: Monke|34\/100\n|\n|upkeep\n|turn|6\n|\n|t:|1700595619\n|move|p2a: Monke|Acrobatics|p1a: Sableye\n|-damage|p1a: Sableye|16\/100\n|move|p1a: Sableye|Drain Punch|p2a: Monke\n|-crit|p2a: Monke\n|-damage|p2a: Monke|0 fnt\n|-heal|p1a: Sableye|35\/100|[from] drain|[of] p2a: Monke\n|faint|p2a: Monke\n|\n|upkeep\n|\n|t:|1700595628\n|switch|p2a: Tinkatink|Tinkatink, F|100\/100\n|-ability|p2a: Tinkatink|Mold Breaker\n|turn|7\n|\n|t:|1700595633\n|move|p2a: Tinkatink|Play Rough|p1a: Sableye\n|-supereffective|p1a: Sableye\n|-damage|p1a: Sableye|0 fnt\n|faint|p1a: Sableye\n|\n|upkeep\n|\n|t:|1700595647\n|switch|p1a: Kabutops|Kabutops, M|100\/100\n|turn|8\n|\n|t:|1700595651\n|move|p1a: Kabutops|Swords Dance|p1a: Kabutops\n|-boost|p1a: Kabutops|atk|2\n|move|p2a: Tinkatink|Foul Play|p1a: Kabutops\n|-damage|p1a: Kabutops|38\/100\n|\n|upkeep\n|turn|9\n|\n|t:|1700595658\n|move|p1a: Kabutops|X-Scissor|p2a: Tinkatink\n|-resisted|p2a: Tinkatink\n|-damage|p2a: Tinkatink|65\/100\n|-damage|p1a: Kabutops|28\/100|[from] item: Life Orb\n|move|p2a: Tinkatink|Foul Play|p1a: Kabutops\n|-damage|p1a: Kabutops|0 fnt\n|faint|p1a: Kabutops\n|\n|upkeep\n|\n|t:|1700595668\n|switch|p1a: Sylveon|Sylveon, F|100\/100\n|turn|10\n|\n|t:|1700595675\n|move|p1a: Sylveon|Double-Edge|p2a: Tinkatink\n|-resisted|p2a: Tinkatink\n|-damage|p2a: Tinkatink|8\/100\n|-damage|p1a: Sylveon|84\/100|[from] Recoil\n|move|p2a: Tinkatink|Ice Hammer|p1a: Sylveon\n|-damage|p1a: Sylveon|54\/100\n|-unboost|p2a: Tinkatink|spe|1\n|\n|upkeep\n|turn|11\n|\n|t:|1700595684\n|move|p1a: Sylveon|Mystical Fire|p2a: Tinkatink\n|-supereffective|p2a: Tinkatink\n|-enditem|p2a: Tinkatink|Occa Berry|[eat]\n|-enditem|p2a: Tinkatink|Occa Berry|[weaken]\n|-damage|p2a: Tinkatink|0 fnt\n|faint|p2a: Tinkatink\n|\n|upkeep\n|\n|t:|1700595689\n|switch|p2a: @GrookeyGamer|Grookey, M|100\/100\n|-fieldstart|move: Grassy Terrain|[from] ability: Grassy Surge|[of] p2a: @GrookeyGamer\n|turn|12\n|\n|t:|1700595694\n|move|p2a: @GrookeyGamer|Wood Hammer|p1a: Sylveon\n|-damage|p1a: Sylveon|0 fnt\n|faint|p1a: Sylveon\n|-damage|p2a: @GrookeyGamer|76\/100|[from] Recoil\n|\n|-heal|p2a: @GrookeyGamer|82\/100|[from] Grassy Terrain\n|upkeep\n|\n|t:|1700595703\n|switch|p1a: Rotom|Rotom-Frost, shiny|100\/100\n|turn|13\n|\n|t:|1700595706\n|move|p2a: @GrookeyGamer|Wood Hammer|p1a: Rotom\n|-damage|p1a: Rotom|28\/100\n|-damage|p2a: @GrookeyGamer|58\/100|[from] Recoil\n|move|p1a: Rotom|Blizzard|p2a: @GrookeyGamer\n|-supereffective|p2a: @GrookeyGamer\n|-damage|p2a: @GrookeyGamer|0 fnt\n|faint|p2a: @GrookeyGamer\n|\n|upkeep\n|\n|t:|1700595710\n|switch|p2a: Biggest Bird|Zapdos-Galar|100\/100\n|turn|14\n|\n|t:|1700595721\n|move|p2a: Biggest Bird|Fly||[still]\n|-prepare|p2a: Biggest Bird|Fly\n|move|p1a: Rotom|Blizzard|p2a: Biggest Bird|[miss]\n|-miss|p1a: Rotom|p2a: Biggest Bird\n|\n|upkeep\n|turn|15\n|\n|t:|1700595736\n|switch|p1a: Typhlosion|Typhlosion, M|100\/100\n|move|p2a: Biggest Bird|Fly|p1a: Typhlosion|[from]lockedmove\n|-damage|p1a: Typhlosion|26\/100\n|\n|-heal|p1a: Typhlosion|32\/100|[from] Grassy Terrain\n|upkeep\n|turn|16\n|\n|t:|1700595747\n|move|p2a: Biggest Bird|Close Combat|p1a: Typhlosion\n|-damage|p1a: Typhlosion|0 fnt\n|-unboost|p2a: Biggest Bird|def|1\n|-unboost|p2a: Biggest Bird|spd|1\n|faint|p1a: Typhlosion\n|\n|-fieldend|move: Grassy Terrain\n|upkeep\n|\n|t:|1700595755\n|switch|p1a: Porygon-Z|Porygon-Z|100\/100\n|turn|17\n|\n|t:|1700595759\n|move|p2a: Biggest Bird|Close Combat|p1a: Porygon-Z\n|-supereffective|p1a: Porygon-Z\n|-damage|p1a: Porygon-Z|0 fnt\n|-unboost|p2a: Biggest Bird|def|1\n|-unboost|p2a: Biggest Bird|spd|1\n|faint|p1a: Porygon-Z\n|\n|upkeep\n|\n|t:|1700595766\n|switch|p1a: Rotom|Rotom-Frost, shiny|28\/100\n|turn|18\n|\n|t:|1700595772\n|move|p2a: Biggest Bird|Brave Bird|p1a: Rotom\n|-resisted|p1a: Rotom\n|-damage|p1a: Rotom|0 fnt\n|faint|p1a: Rotom\n|-damage|p2a: Biggest Bird|94\/100|[from] Recoil\n|\n|win|GibleGamingYT\n|raw|Siien's rating: 1040 &rarr; <strong>1022<\/strong><br \/>(-18 for losing)\n|raw|GibleGamingYT's rating: 1000 &rarr; <strong>1045<\/strong><br \/>(+45 for winning)\n|l|\u2606GibleGamingYT\n|c|\u2606Siien|Gg\n|j|\u2606GibleGamingYT\n|player|p2|GibleGamingYT|lance\n|l|\u2606GibleGamingYT\n|player|p2|\n|l|\u2606Siien\n|j|\u2606Siien\n|player|p1|Siien|gentleman-gen4\n|l|\u2606Siien\n|player|p1|\n|j|\u2606GibleGamingYT\n|player|p2|GibleGamingYT|lance\n|l|\u2606GibleGamingYT\n|player|p2|\n|j|\u2606GibleGamingYT\n|player|p2|GibleGamingYT|lance\n","uploadtime":1700595974,"views":13,"p1id":"siien","p2id":"giblegamingyt","formatid":"gen9nationaldex","rating":1022,"private":0,"password":""}