{"id":"gen9nationaldex-1988372154","p1":"Rayan","p2":"Elgino","format":"[Gen 9] National Dex","log":"|j|\u2606Rayan\n|j|\u2606Elgino\n|t:|1699715340\n|gametype|singles\n|player|p1|Rayan|1|\n|player|p2|Elgino|#rbtt6teammewtwof|\n|teamsize|p1|6\n|teamsize|p2|6\n|gen|9\n|tier|[Gen 9] National Dex\n|rule|HP Percentage Mod: HP is shown in percentages\n|rule|Endless Battle Clause: Forcing endless battles is banned\n|rule|OHKO Clause: OHKO moves are banned\n|rule|Evasion Clause: Evasion abilities, items, and moves are banned\n|rule|Evasion Abilities Clause: Evasion abilities are banned\n|rule|Evasion Items Clause: Evasion items are banned\n|rule|Evasion Moves Clause: Evasion moves are banned\n|rule|Species Clause: Limit one of each Pok\u00e9mon\n|rule|Sleep Clause Mod: Limit one foe put to sleep\n|clearpoke\n|poke|p1|Tapu Lele|\n|poke|p1|Charizard, F|\n|poke|p1|Rotom-Wash|\n|poke|p1|Gliscor, M|\n|poke|p1|Sneasler, F|\n|poke|p1|Iron Valiant|\n|poke|p2|Tyranitar, M|\n|poke|p2|Excadrill, M|\n|poke|p2|Sandslash, M|\n|poke|p2|Hatterene, F|\n|poke|p2|Latios, M|\n|poke|p2|Clodsire, F|\n|teampreview\n|j| Frank1997\n|c|\u2606Rayan|hf\n|j|+Chains of Markov\n|c|\u2606Elgino|u2\n|\n|t:|1699715367\n|start\n|switch|p1a: Sneasler|Sneasler, F|100\/100\n|switch|p2a: Tyranitar|Tyranitar, M, shiny|100\/100\n|-weather|Sandstorm|[from] ability: Sand Stream|[of] p2a: Tyranitar\n|turn|1\n|\n|t:|1699715384\n|switch|p2a: Hatterene|Hatterene, F, shiny|100\/100\n|move|p1a: Sneasler|U-turn|p2a: Hatterene\n|-damage|p2a: Hatterene|74\/100\n|\n|t:|1699715414\n|switch|p1a: Charizard|Charizard, F|100\/100|[from] U-turn\n|\n|-weather|Sandstorm|[upkeep]\n|-damage|p1a: Charizard|94\/100|[from] Sandstorm\n|-damage|p2a: Hatterene|68\/100|[from] Sandstorm\n|-heal|p2a: Hatterene|74\/100|[from] item: Leftovers\n|upkeep\n|turn|2\n|j| nemoauditur\n|c| nemoauditur|haip\n|\n|t:|1699715445\n|switch|p2a: Sandslash|Sandslash, M, shiny|100\/100\n|detailschange|p1a: Charizard|Charizard-Mega-Y, F\n|-mega|p1a: Charizard|Charizard|Charizardite Y\n|-weather|SunnyDay|[from] ability: Drought|[of] p1a: Charizard\n|move|p1a: Charizard|Flamethrower|p2a: Sandslash\n|-damage|p2a: Sandslash|0 fnt\n|faint|p2a: Sandslash\n|\n|-weather|SunnyDay|[upkeep]\n|upkeep\n|\n|t:|1699715449\n|switch|p2a: Tyranitar|Tyranitar, M, shiny|100\/100\n|-weather|Sandstorm|[from] ability: Sand Stream|[of] p2a: Tyranitar\n|turn|3\n|\n|t:|1699715463\n|switch|p1a: Gliscor|Gliscor, M|100\/100\n|move|p2a: Tyranitar|Knock Off|p1a: Gliscor\n|-damage|p1a: Gliscor|63\/100\n|-enditem|p1a: Gliscor|Toxic Orb|[from] move: Knock Off|[of] p2a: Tyranitar\n|\n|-weather|Sandstorm|[upkeep]\n|upkeep\n|turn|4\n|\n|t:|1699715471\n|move|p1a: Gliscor|Roost|p1a: Gliscor\n|-heal|p1a: Gliscor|100\/100\n|-singleturn|p1a: Gliscor|move: Roost\n|move|p2a: Tyranitar|Stealth Rock|p1a: Gliscor\n|-sidestart|p1: Rayan|move: Stealth Rock\n|\n|-weather|Sandstorm|[upkeep]\n|upkeep\n|turn|5\n|\n|t:|1699715476\n|move|p1a: Gliscor|Earthquake|p2a: Tyranitar\n|-supereffective|p2a: Tyranitar\n|-damage|p2a: Tyranitar|50\/100\n|move|p2a: Tyranitar|Ice Beam|p1a: Gliscor\n|-supereffective|p1a: Gliscor\n|-damage|p1a: Gliscor|38\/100\n|\n|-weather|Sandstorm|[upkeep]\n|upkeep\n|turn|6\n|c| Frank1997|Wat was hier de gimmick?\n|c|\u2606Elgino|niets\n|\n|t:|1699715496\n|switch|p2a: Latios|Latios, M|100\/100\n|move|p1a: Gliscor|U-turn|p2a: Latios\n|-supereffective|p2a: Latios\n|-crit|p2a: Latios\n|-damage|p2a: Latios|35\/100\n|c|\u2606Rayan|tapu lele kunnen gebruiken\n|\n|t:|1699715547\n|switch|p1a: Tapu Lele|Tapu Lele|100\/100|[from] U-turn\n|-damage|p1a: Tapu Lele|88\/100|[from] Stealth Rock\n|-fieldstart|move: Psychic Terrain|[from] ability: Psychic Surge|[of] p1a: Tapu Lele\n|\n|-weather|Sandstorm|[upkeep]\n|-damage|p1a: Tapu Lele|82\/100|[from] Sandstorm\n|-damage|p2a: Latios|29\/100|[from] Sandstorm\n|upkeep\n|turn|7\n|\n|t:|1699715552\n|move|p1a: Tapu Lele|Psychic|p2a: Latios\n|-resisted|p2a: Latios\n|-damage|p2a: Latios|0 fnt\n|faint|p2a: Latios\n|\n|-weather|Sandstorm|[upkeep]\n|-damage|p1a: Tapu Lele|76\/100|[from] Sandstorm\n|upkeep\n|\n|t:|1699715557\n|switch|p2a: Excadrill|Excadrill, M, shiny|100\/100\n|turn|8\n|\n|t:|1699715563\n|switch|p1a: Rotom|Rotom-Wash|100\/100\n|-damage|p1a: Rotom|88\/100|[from] Stealth Rock\n|move|p2a: Excadrill|Rock Slide|p1a: Rotom\n|-crit|p1a: Rotom\n|-damage|p1a: Rotom|56\/100\n|\n|-weather|Sandstorm|[upkeep]\n|-damage|p1a: Rotom|50\/100|[from] Sandstorm\n|-heal|p1a: Rotom|56\/100|[from] item: Leftovers\n|upkeep\n|turn|9\n|\n|t:|1699715570\n|switch|p2a: Clodsire|Clodsire, F, shiny|100\/100\n|move|p1a: Rotom|Will-O-Wisp|p2a: Clodsire\n|-status|p2a: Clodsire|brn\n|\n|-weather|Sandstorm|[upkeep]\n|-damage|p1a: Rotom|50\/100|[from] Sandstorm\n|-heal|p1a: Rotom|56\/100|[from] item: Leftovers\n|-damage|p2a: Clodsire|94\/100 brn|[from] brn\n|upkeep\n|turn|10\n|\n|t:|1699715574\n|move|p1a: Rotom|Defog|p2a: Clodsire\n|-unboost|p2a: Clodsire|evasion|1\n|-sideend|p1: Rayan|Stealth Rock|[from] move: Defog|[of] p1a: Rotom\n|-fieldend|move: Psychic Terrain\n|move|p2a: Clodsire|Spikes|p1a: Rotom\n|-sidestart|p1: Rayan|Spikes\n|\n|-weather|none\n|-heal|p1a: Rotom|62\/100|[from] item: Leftovers\n|-heal|p2a: Clodsire|100\/100 brn|[from] item: Leftovers\n|-damage|p2a: Clodsire|94\/100 brn|[from] brn\n|upkeep\n|turn|11\n|\n|t:|1699715595\n|switch|p1a: Charizard|Charizard-Mega-Y, F|94\/100\n|-weather|SunnyDay|[from] ability: Drought|[of] p1a: Charizard\n|move|p2a: Clodsire|Gunk Shot|p1a: Charizard\n|-damage|p1a: Charizard|73\/100\n|\n|-weather|SunnyDay|[upkeep]\n|-heal|p2a: Clodsire|100\/100 brn|[from] item: Leftovers\n|-damage|p2a: Clodsire|94\/100 brn|[from] brn\n|upkeep\n|turn|12\n|\n|t:|1699715601\n|move|p1a: Charizard|Scorching Sands|p2a: Clodsire\n|-supereffective|p2a: Clodsire\n|-crit|p2a: Clodsire\n|-damage|p2a: Clodsire|53\/100 brn\n|move|p2a: Clodsire|Recover|p2a: Clodsire\n|-heal|p2a: Clodsire|100\/100 brn\n|\n|-weather|SunnyDay|[upkeep]\n|-damage|p2a: Clodsire|94\/100 brn|[from] brn\n|upkeep\n|turn|13\n|\n|t:|1699715606\n|move|p1a: Charizard|Flamethrower|p2a: Clodsire\n|-damage|p2a: Clodsire|54\/100 brn\n|move|p2a: Clodsire|Gunk Shot|p1a: Charizard\n|-damage|p1a: Charizard|51\/100\n|\n|-weather|SunnyDay|[upkeep]\n|-heal|p2a: Clodsire|60\/100 brn|[from] item: Leftovers\n|-damage|p2a: Clodsire|54\/100 brn|[from] brn\n|upkeep\n|turn|14\n|\n|t:|1699715626\n|move|p1a: Charizard|Roost|p1a: Charizard\n|-heal|p1a: Charizard|100\/100\n|-singleturn|p1a: Charizard|move: Roost\n|move|p2a: Clodsire|Recover|p2a: Clodsire\n|-heal|p2a: Clodsire|100\/100 brn\n|\n|-weather|SunnyDay|[upkeep]\n|-damage|p2a: Clodsire|94\/100 brn|[from] brn\n|upkeep\n|turn|15\n|\n|t:|1699715653\n|move|p1a: Charizard|Flamethrower|p2a: Clodsire\n|-damage|p2a: Clodsire|51\/100 brn\n|move|p2a: Clodsire|Gunk Shot|p1a: Charizard|[miss]\n|-miss|p2a: Clodsire|p1a: Charizard\n|\n|-weather|none\n|-heal|p2a: Clodsire|57\/100 brn|[from] item: Leftovers\n|-damage|p2a: Clodsire|51\/100 brn|[from] brn\n|upkeep\n|turn|16\n|\n|t:|1699715658\n|move|p1a: Charizard|Flamethrower|p2a: Clodsire\n|-damage|p2a: Clodsire|19\/100 brn\n|move|p2a: Clodsire|Recover|p2a: Clodsire\n|-heal|p2a: Clodsire|69\/100 brn\n|\n|-heal|p2a: Clodsire|75\/100 brn|[from] item: Leftovers\n|-damage|p2a: Clodsire|69\/100 brn|[from] brn\n|upkeep\n|turn|17\n|\n|t:|1699715663\n|switch|p1a: Gliscor|Gliscor, M|38\/100\n|switch|p2a: Tyranitar|Tyranitar, M, shiny|50\/100\n|-weather|Sandstorm|[from] ability: Sand Stream|[of] p2a: Tyranitar\n|\n|-weather|Sandstorm|[upkeep]\n|upkeep\n|turn|18\n|\n|t:|1699715671\n|move|p1a: Gliscor|Earthquake|p2a: Tyranitar\n|-supereffective|p2a: Tyranitar\n|-damage|p2a: Tyranitar|0 fnt\n|faint|p2a: Tyranitar\n|\n|-weather|Sandstorm|[upkeep]\n|upkeep\n|\n|t:|1699715675\n|switch|p2a: Excadrill|Excadrill, M, shiny|100\/100\n|turn|19\n|\n|t:|1699715681\n|move|p2a: Excadrill|Iron Head|p1a: Gliscor\n|-damage|p1a: Gliscor|2\/100\n|move|p1a: Gliscor|Roost|p1a: Gliscor\n|-heal|p1a: Gliscor|52\/100\n|-singleturn|p1a: Gliscor|move: Roost\n|\n|-weather|Sandstorm|[upkeep]\n|upkeep\n|turn|20\n|\n|t:|1699715686\n|move|p2a: Excadrill|Swords Dance|p2a: Excadrill\n|-boost|p2a: Excadrill|atk|2\n|move|p1a: Gliscor|Earthquake|p2a: Excadrill\n|-supereffective|p2a: Excadrill\n|-damage|p2a: Excadrill|2\/100\n|\n|-weather|Sandstorm|[upkeep]\n|upkeep\n|turn|21\n|\n|t:|1699715706\n|switch|p1a: Rotom|Rotom-Wash|62\/100\n|move|p2a: Excadrill|Iron Head|p1a: Rotom\n|-resisted|p1a: Rotom\n|-damage|p1a: Rotom|45\/100\n|\n|-weather|Sandstorm|[upkeep]\n|-damage|p1a: Rotom|39\/100|[from] Sandstorm\n|-heal|p1a: Rotom|45\/100|[from] item: Leftovers\n|upkeep\n|turn|22\n|\n|t:|1699715712\n|move|p2a: Excadrill|Rock Slide|p1a: Rotom\n|-damage|p1a: Rotom|2\/100\n|move|p1a: Rotom|Hydro Pump|p2a: Excadrill|[miss]\n|-miss|p1a: Rotom|p2a: Excadrill\n|\n|-weather|Sandstorm|[upkeep]\n|-damage|p1a: Rotom|0 fnt|[from] Sandstorm\n|faint|p1a: Rotom\n|upkeep\n|\n|t:|1699715720\n|switch|p1a: Charizard|Charizard-Mega-Y, F|100\/100\n|-weather|SunnyDay|[from] ability: Drought|[of] p1a: Charizard\n|turn|23\n|\n|t:|1699715726\n|move|p1a: Charizard|Flamethrower|p2a: Excadrill\n|-supereffective|p2a: Excadrill\n|-damage|p2a: Excadrill|0 fnt\n|faint|p2a: Excadrill\n|\n|-weather|SunnyDay|[upkeep]\n|upkeep\n|\n|t:|1699715729\n|switch|p2a: Clodsire|Clodsire, F, shiny|69\/100 brn\n|turn|24\n|\n|t:|1699715732\n|move|p1a: Charizard|Flamethrower|p2a: Clodsire\n|-damage|p2a: Clodsire|22\/100 brn\n|move|p2a: Clodsire|Recover|p2a: Clodsire\n|-heal|p2a: Clodsire|72\/100 brn\n|\n|-weather|SunnyDay|[upkeep]\n|-heal|p2a: Clodsire|79\/100 brn|[from] item: Leftovers\n|-damage|p2a: Clodsire|72\/100 brn|[from] brn\n|upkeep\n|turn|25\n|\n|t:|1699715738\n|move|p1a: Charizard|Flamethrower|p2a: Clodsire\n|-damage|p2a: Clodsire|29\/100 brn\n|move|p2a: Clodsire|Recover|p2a: Clodsire\n|-heal|p2a: Clodsire|79\/100 brn\n|\n|-weather|SunnyDay|[upkeep]\n|-heal|p2a: Clodsire|86\/100 brn|[from] item: Leftovers\n|-damage|p2a: Clodsire|79\/100 brn|[from] brn\n|upkeep\n|turn|26\n|\n|t:|1699715742\n|move|p1a: Charizard|Flamethrower|p2a: Clodsire\n|-damage|p2a: Clodsire|33\/100 brn\n|move|p2a: Clodsire|Recover|p2a: Clodsire\n|-heal|p2a: Clodsire|83\/100 brn\n|\n|-weather|SunnyDay|[upkeep]\n|-heal|p2a: Clodsire|89\/100 brn|[from] item: Leftovers\n|-damage|p2a: Clodsire|83\/100 brn|[from] brn\n|upkeep\n|turn|27\n|\n|t:|1699715746\n|move|p1a: Charizard|Flamethrower|p2a: Clodsire\n|-damage|p2a: Clodsire|36\/100 brn\n|move|p2a: Clodsire|Recover|p2a: Clodsire\n|-heal|p2a: Clodsire|86\/100 brn\n|\n|-weather|none\n|-heal|p2a: Clodsire|92\/100 brn|[from] item: Leftovers\n|-damage|p2a: Clodsire|86\/100 brn|[from] brn\n|upkeep\n|turn|28\n|\n|t:|1699715749\n|switch|p1a: Gliscor|Gliscor, M|52\/100\n|move|p2a: Clodsire|Gunk Shot|p1a: Gliscor\n|-resisted|p1a: Gliscor\n|-damage|p1a: Gliscor|45\/100\n|\n|-heal|p2a: Clodsire|92\/100 brn|[from] item: Leftovers\n|-damage|p2a: Clodsire|86\/100 brn|[from] brn\n|upkeep\n|turn|29\n|\n|t:|1699715755\n|switch|p2a: Hatterene|Hatterene, F, shiny|74\/100\n|move|p1a: Gliscor|Roost|p1a: Gliscor\n|-heal|p1a: Gliscor|95\/100\n|-singleturn|p1a: Gliscor|move: Roost\n|\n|-heal|p2a: Hatterene|80\/100|[from] item: Leftovers\n|upkeep\n|turn|30\n|\n|t:|1699715759\n|move|p1a: Gliscor|Earthquake|p2a: Hatterene\n|-damage|p2a: Hatterene|51\/100\n|move|p2a: Hatterene|Calm Mind|p2a: Hatterene\n|-boost|p2a: Hatterene|spa|1\n|-boost|p2a: Hatterene|spd|1\n|\n|-heal|p2a: Hatterene|57\/100|[from] item: Leftovers\n|upkeep\n|turn|31\n|\n|t:|1699715771\n|move|p1a: Gliscor|U-turn|p2a: Hatterene\n|-damage|p2a: Hatterene|46\/100\n|\n|t:|1699715772\n|switch|p1a: Sneasler|Sneasler, F|100\/100|[from] U-turn\n|-damage|p1a: Sneasler|88\/100|[from] Spikes\n|move|p2a: Hatterene|Draining Kiss|p1a: Sneasler\n|-damage|p1a: Sneasler|41\/100\n|-heal|p2a: Hatterene|80\/100|[from] drain|[of] p1a: Sneasler\n|\n|-heal|p2a: Hatterene|86\/100|[from] item: Leftovers\n|upkeep\n|turn|32\n|\n|t:|1699715789\n|move|p1a: Sneasler|Dire Claw|p2a: Hatterene\n|-supereffective|p2a: Hatterene\n|-damage|p2a: Hatterene|0 fnt\n|faint|p2a: Hatterene\n|\n|upkeep\n|\n|t:|1699715793\n|switch|p2a: Clodsire|Clodsire, F, shiny|86\/100 brn\n|turn|33\n|-message|Elgino forfeited.\n|\n|win|Rayan\n|c|\u2606Rayan|gg\n|c|\u2606Elgino|gg\n|l|\u2606Elgino\n|l|\u2606Rayan\n|j|\u2606Rayan\n|player|p1|Rayan|1\n|l|+Chains of Markov\n","uploadtime":1699715841,"views":21,"p1id":"rayan","p2id":"elgino","formatid":"gen9nationaldex","rating":0,"private":0,"password":""}