{"id":"gen9nationaldex-1987389807","p1":"WSoldat","p2":"Gamer00ooO","format":"[Gen 9] National Dex","log":"|j|\u2606WSoldat\n|j|\u2606Gamer00ooO\n|t:|1699585170\n|gametype|singles\n|player|p1|WSoldat|n|\n|player|p2|Gamer00ooO|hilbert|\n|teamsize|p1|6\n|teamsize|p2|6\n|gen|9\n|tier|[Gen 9] National Dex\n|rule|HP Percentage Mod: HP is shown in percentages\n|rule|Endless Battle Clause: Forcing endless battles is banned\n|rule|OHKO Clause: OHKO moves are banned\n|rule|Evasion Clause: Evasion abilities, items, and moves are banned\n|rule|Evasion Abilities Clause: Evasion abilities are banned\n|rule|Evasion Items Clause: Evasion items are banned\n|rule|Evasion Moves Clause: Evasion moves are banned\n|rule|Species Clause: Limit one of each Pok\u00e9mon\n|rule|Sleep Clause Mod: Limit one foe put to sleep\n|clearpoke\n|poke|p1|Corviknight, M|\n|poke|p1|Clodsire, M|\n|poke|p1|Goodra-Hisui, M|\n|poke|p1|Kommo-o, M|\n|poke|p1|Zapdos-Galar|\n|poke|p1|Scizor, F|\n|poke|p2|Iron Valiant|\n|poke|p2|Weezing-Galar, F|\n|poke|p2|Diancie|\n|poke|p2|Gliscor, F|\n|poke|p2|Gardevoir, M|\n|poke|p2|Klefki, F|\n|teampreview\n|inactive|Battle timer is ON: inactive players will automatically lose when time's up. (requested by WSoldat)\n|\n|t:|1699585194\n|start\n|switch|p1a: Ricardo|Clodsire, M|100\/100\n|switch|p2a: Llaveros|Klefki, F|100\/100\n|turn|1\n|j| Dios Typhlosion\n|\n|t:|1699585203\n|move|p2a: Llaveros|Reflect|p2a: Llaveros\n|-sidestart|p2: Gamer00ooO|Reflect\n|move|p1a: Ricardo|Stealth Rock|p2a: Llaveros\n|-sidestart|p2: Gamer00ooO|move: Stealth Rock\n|\n|upkeep\n|turn|2\n|\n|t:|1699585210\n|switch|p2a: Scorp corp|Gliscor, F|100\/100\n|-damage|p2a: Scorp corp|88\/100|[from] Stealth Rock\n|move|p1a: Ricardo|Earthquake|p2a: Scorp corp\n|-immune|p2a: Scorp corp\n|\n|-status|p2a: Scorp corp|tox|[from] item: Toxic Orb\n|upkeep\n|turn|3\n|\n|t:|1699585224\n|switch|p1a: Corvos|Corviknight, M|100\/100\n|-ability|p1a: Corvos|Pressure\n|move|p2a: Scorp corp|Swords Dance|p2a: Scorp corp\n|-boost|p2a: Scorp corp|atk|2\n|\n|-heal|p2a: Scorp corp|100\/100 tox|[from] ability: Poison Heal\n|upkeep\n|turn|4\n|inactiveoff|Battle timer is now OFF.\n|c| Dios Typhlosion|No pongan tiempo che\n|c|\u2606Gamer00ooO|No tiene\n|j| Sylveon(404)\n|\n|t:|1699585279\n|move|p2a: Scorp corp|Facade|p1a: Corvos\n|-resisted|p1a: Corvos\n|-damage|p1a: Corvos|76\/100\n|-damage|p2a: Scorp corp|84\/100 tox|[from] item: Rocky Helmet|[of] p1a: Corvos\n|move|p1a: Corvos|Roost|p1a: Corvos\n|-heal|p1a: Corvos|100\/100\n|-singleturn|p1a: Corvos|move: Roost\n|\n|-heal|p2a: Scorp corp|96\/100 tox|[from] ability: Poison Heal\n|upkeep\n|turn|5\n|c| Dios Typhlosion|Wenas Sylveon\n|c| Sylveon(404)|otiaaaaaaaaaaaaaaaaaaaaaaaaaaaa\n|c| Sylveon(404)|wenas typ\n|\n|t:|1699585303\n|switch|p1a: Koomodo|Kommo-o, M|100\/100\n|move|p2a: Scorp corp|Swords Dance|p2a: Scorp corp\n|-boost|p2a: Scorp corp|atk|2\n|\n|-heal|p2a: Scorp corp|100\/100 tox|[from] ability: Poison Heal\n|upkeep\n|turn|6\n|\n|t:|1699585313\n|move|p1a: Koomodo|Clanging Scales|p2a: Scorp corp\n|-damage|p2a: Scorp corp|52\/100 tox\n|-unboost|p1a: Koomodo|def|1\n|move|p2a: Scorp corp|Facade|p1a: Koomodo\n|-damage|p1a: Koomodo|0 fnt\n|faint|p1a: Koomodo\n|\n|-heal|p2a: Scorp corp|64\/100 tox|[from] ability: Poison Heal\n|upkeep\n|\n|t:|1699585325\n|switch|p1a: Babo SA .Inc|Goodra-Hisui, M|100\/100\n|turn|7\n|c| Sylveon(404)|hay si le gana gamer\n|\n|t:|1699585330\n|move|p2a: Scorp corp|Earthquake|p1a: Babo SA .Inc\n|-supereffective|p1a: Babo SA .Inc\n|-damage|p1a: Babo SA .Inc|0 fnt\n|faint|p1a: Babo SA .Inc\n|\n|-heal|p2a: Scorp corp|77\/100 tox|[from] ability: Poison Heal\n|upkeep\n|c| Dios Typhlosion|Dios\n|c| Dios Typhlosion|Buen gimmick\n|c|\u2606WSoldat|Na ya perdi\n|c| Sylveon(404)|fe\n|c| Sylveon(404)|ten fe\n|c| Sylveon(404)|con eso se gana\n|c| Sylveon(404)|segundo jun\n|\n|t:|1699585371\n|switch|p1a: Corvos|Corviknight, M|100\/100\n|-ability|p1a: Corvos|Pressure\n|turn|8\n|c| Dios Typhlosion|Pierde con dignidad\n|c| Sylveon(404)|*segun\n|\n|t:|1699585377\n|move|p2a: Scorp corp|Swords Dance|p2a: Scorp corp\n|-boost|p2a: Scorp corp|atk|2\n|move|p1a: Corvos|Body Press|p2a: Scorp corp\n|-resisted|p2a: Scorp corp\n|-damage|p2a: Scorp corp|71\/100 tox\n|\n|-heal|p2a: Scorp corp|83\/100 tox|[from] ability: Poison Heal\n|-sideend|p2: Gamer00ooO|Reflect\n|upkeep\n|turn|9\n|c|\u2606WSoldat|Con fe no cro que me vaya a bajar a ese gliscor\n|\n|t:|1699585415\n|move|p2a: Scorp corp|Facade|p1a: Corvos\n|-resisted|p1a: Corvos\n|-damage|p1a: Corvos|52\/100\n|-damage|p2a: Scorp corp|66\/100 tox|[from] item: Rocky Helmet|[of] p1a: Corvos\n|move|p1a: Corvos|Roost|p1a: Corvos\n|-heal|p1a: Corvos|100\/100\n|-singleturn|p1a: Corvos|move: Roost\n|\n|-heal|p2a: Scorp corp|79\/100 tox|[from] ability: Poison Heal\n|upkeep\n|turn|10\n|c| Sylveon(404)|la fe puede\n|\n|t:|1699585434\n|move|p2a: Scorp corp|Facade|p1a: Corvos\n|-resisted|p1a: Corvos\n|-damage|p1a: Corvos|57\/100\n|-damage|p2a: Scorp corp|62\/100 tox|[from] item: Rocky Helmet|[of] p1a: Corvos\n|move|p1a: Corvos|Body Press|p2a: Scorp corp\n|-resisted|p2a: Scorp corp\n|-damage|p2a: Scorp corp|49\/100 tox\n|\n|-heal|p2a: Scorp corp|61\/100 tox|[from] ability: Poison Heal\n|upkeep\n|turn|11\n|c| Dios Typhlosion|No tienes t\u00f3xico?\n|\n|t:|1699585446\n|move|p2a: Scorp corp|Facade|p1a: Corvos\n|-resisted|p1a: Corvos\n|-damage|p1a: Corvos|7\/100\n|-damage|p2a: Scorp corp|45\/100 tox|[from] item: Rocky Helmet|[of] p1a: Corvos\n|move|p1a: Corvos|Roost|p1a: Corvos\n|-heal|p1a: Corvos|57\/100\n|-singleturn|p1a: Corvos|move: Roost\n|\n|-heal|p2a: Scorp corp|57\/100 tox|[from] ability: Poison Heal\n|upkeep\n|turn|12\n|c|\u2606Gamer00ooO|Es acero\n|c| Dios Typhlosion|Mano casi nadie\n|\n|t:|1699585461\n|move|p2a: Scorp corp|Facade|p1a: Corvos\n|-resisted|p1a: Corvos\n|-damage|p1a: Corvos|8\/100\n|-damage|p2a: Scorp corp|41\/100 tox|[from] item: Rocky Helmet|[of] p1a: Corvos\n|move|p1a: Corvos|Roost|p1a: Corvos\n|-heal|p1a: Corvos|58\/100\n|-singleturn|p1a: Corvos|move: Roost\n|\n|-heal|p2a: Scorp corp|53\/100 tox|[from] ability: Poison Heal\n|upkeep\n|turn|13\n|c| Dios Typhlosion|Usa a Gliscor f\u00edsico\n|c| Dios Typhlosion|Que grande\n|c| Dios Typhlosion|Jajaja\n|\n|t:|1699585486\n|move|p2a: Scorp corp|Facade|p1a: Corvos\n|-resisted|p1a: Corvos\n|-damage|p1a: Corvos|13\/100\n|-damage|p2a: Scorp corp|37\/100 tox|[from] item: Rocky Helmet|[of] p1a: Corvos\n|move|p1a: Corvos|Roost|p1a: Corvos\n|-heal|p1a: Corvos|63\/100\n|-singleturn|p1a: Corvos|move: Roost\n|\n|-heal|p2a: Scorp corp|49\/100 tox|[from] ability: Poison Heal\n|upkeep\n|turn|14\n|c| Sylveon(404)|si gliscor\n|c| Sylveon(404)|se usa fisico\n|\n|t:|1699585503\n|switch|p2a: Patriota de hierro|Iron Valiant|100\/100\n|-damage|p2a: Patriota de hierro|94\/100|[from] Stealth Rock\n|move|p1a: Corvos|Roost|p1a: Corvos\n|-heal|p1a: Corvos|100\/100\n|-singleturn|p1a: Corvos|move: Roost\n|\n|upkeep\n|turn|15\n|c| Sylveon(404)|con imagen y tera normal\n|c| Sylveon(404)|mono\n|c| Sylveon(404)|:V\n|\n|t:|1699585513\n|switch|p1a: Ricardo|Clodsire, M|100\/100\n|move|p2a: Patriota de hierro|Thunderbolt|p1a: Ricardo\n|-immune|p1a: Ricardo\n|\n|upkeep\n|turn|16\n|c| Dios Typhlosion|Me refer\u00eda a que no es Tank\n|c| Dios Typhlosion|Pero si mala m\u00eda sjsj\n|c| Sylveon(404)|por eso\n|\n|t:|1699585531\n|-end|p2a: Patriota de hierro|Quark Drive|[silent]\n|switch|p2a: Scorp corp|Gliscor, F|49\/100 tox\n|-damage|p2a: Scorp corp|37\/100 tox|[from] Stealth Rock\n|move|p1a: Ricardo|Earthquake|p2a: Scorp corp\n|-immune|p2a: Scorp corp\n|\n|-heal|p2a: Scorp corp|49\/100 tox|[from] ability: Poison Heal\n|upkeep\n|turn|17\n|c| Sylveon(404)|se usa actual mente mas atacante\n|c| Sylveon(404)|q tanke\n|c| Sylveon(404)|o stall\n|\n|t:|1699585547\n|switch|p1a: Elver Galarga|Zapdos-Galar|100\/100\n|move|p2a: Scorp corp|Swords Dance|p2a: Scorp corp\n|-boost|p2a: Scorp corp|atk|2\n|\n|-heal|p2a: Scorp corp|61\/100 tox|[from] ability: Poison Heal\n|upkeep\n|turn|18\n|c| Dios Typhlosion|No sab\u00eda lol\n|\n|t:|1699585559\n|move|p1a: Elver Galarga|Brave Bird|p2a: Scorp corp\n|-damage|p2a: Scorp corp|5\/100 tox\n|-damage|p1a: Elver Galarga|84\/100|[from] Recoil\n|move|p2a: Scorp corp|Toxic|p1a: Elver Galarga\n|-status|p1a: Elver Galarga|tox\n|\n|-damage|p1a: Elver Galarga|77\/100 tox|[from] psn\n|-heal|p2a: Scorp corp|17\/100 tox|[from] ability: Poison Heal\n|upkeep\n|turn|19\n|\n|t:|1699585571\n|move|p1a: Elver Galarga|Brave Bird|p2a: Scorp corp\n|-damage|p2a: Scorp corp|0 fnt\n|faint|p2a: Scorp corp\n|-damage|p1a: Elver Galarga|72\/100 tox|[from] Recoil\n|\n|-damage|p1a: Elver Galarga|60\/100 tox|[from] psn\n|upkeep\n|\n|t:|1699585574\n|switch|p2a: Patriota de hierro|Iron Valiant|94\/100\n|-damage|p2a: Patriota de hierro|88\/100|[from] Stealth Rock\n|turn|20\n|\n|t:|1699585583\n|move|p1a: Elver Galarga|Brave Bird|p2a: Patriota de hierro\n|-supereffective|p2a: Patriota de hierro\n|-damage|p2a: Patriota de hierro|0 fnt\n|faint|p2a: Patriota de hierro\n|-end|p2a: Patriota de hierro|Quark Drive|[silent]\n|-damage|p1a: Elver Galarga|34\/100 tox|[from] Recoil\n|\n|-damage|p1a: Elver Galarga|15\/100 tox|[from] psn\n|upkeep\n|\n|t:|1699585593\n|switch|p2a: Llaveros|Klefki, F|100\/100\n|-damage|p2a: Llaveros|95\/100|[from] Stealth Rock\n|turn|21\n|\n|t:|1699585599\n|move|p2a: Llaveros|Reflect|p2a: Llaveros\n|-sidestart|p2: Gamer00ooO|Reflect\n|move|p1a: Elver Galarga|Brave Bird|p2a: Llaveros\n|-resisted|p2a: Llaveros\n|-damage|p2a: Llaveros|80\/100\n|-damage|p1a: Elver Galarga|10\/100 tox|[from] Recoil\n|\n|-damage|p1a: Elver Galarga|0 fnt|[from] psn\n|faint|p1a: Elver Galarga\n|upkeep\n|c| Dios Typhlosion|Como detesto los Annoyers\n|\n|t:|1699585618\n|switch|p1a: Ricardo|Clodsire, M|100\/100\n|turn|22\n|\n|t:|1699585628\n|move|p2a: Llaveros|Defog|p1a: Ricardo\n|-unboost|p1a: Ricardo|evasion|1\n|-sideend|p2: Gamer00ooO|Stealth Rock|[from] move: Defog|[of] p2a: Llaveros\n|move|p1a: Ricardo|Earthquake|p2a: Llaveros\n|-supereffective|p2a: Llaveros\n|-damage|p2a: Llaveros|53\/100\n|\n|upkeep\n|turn|23\n|\n|t:|1699585637\n|switch|p2a: Eco Eco|Gardevoir, M|100\/100\n|-ability|p2a: Eco Eco|Unaware|[from] ability: Trace|[of] p1a: Ricardo\n|move|p1a: Ricardo|Stealth Rock|p2a: Eco Eco\n|-sidestart|p2: Gamer00ooO|move: Stealth Rock\n|\n|upkeep\n|turn|24\n|\n|t:|1699585648\n|detailschange|p2a: Eco Eco|Gardevoir-Mega, M\n|-mega|p2a: Eco Eco|Gardevoir|Gardevoirite\n|move|p2a: Eco Eco|Psyshock|p1a: Ricardo\n|-supereffective|p1a: Ricardo\n|-damage|p1a: Ricardo|10\/100\n|move|p1a: Ricardo|Earthquake|p2a: Eco Eco\n|-damage|p2a: Eco Eco|84\/100\n|\n|-heal|p1a: Ricardo|16\/100|[from] item: Leftovers\n|upkeep\n|turn|25\n|\n|t:|1699585663\n|move|p2a: Eco Eco|Psyshock|p1a: Ricardo\n|-supereffective|p1a: Ricardo\n|-damage|p1a: Ricardo|0 fnt\n|faint|p1a: Ricardo\n|\n|upkeep\n|\n|t:|1699585692\n|switch|p1a: Corvos|Corviknight, M|100\/100\n|-ability|p1a: Corvos|Pressure\n|turn|26\n|\n|t:|1699585706\n|move|p2a: Eco Eco|Will-O-Wisp|p1a: Corvos\n|-status|p1a: Corvos|brn\n|move|p1a: Corvos|Brave Bird|p2a: Eco Eco\n|-damage|p2a: Eco Eco|72\/100\n|-damage|p1a: Corvos|98\/100 brn|[from] Recoil\n|\n|-damage|p1a: Corvos|92\/100 brn|[from] brn\n|upkeep\n|turn|27\n|\n|t:|1699585739\n|move|p2a: Eco Eco|Hyper Voice|p1a: Corvos\n|-resisted|p1a: Corvos\n|-damage|p1a: Corvos|61\/100 brn\n|move|p1a: Corvos|Roost|p1a: Corvos\n|-heal|p1a: Corvos|100\/100 brn\n|-singleturn|p1a: Corvos|move: Roost\n|\n|-damage|p1a: Corvos|94\/100 brn|[from] brn\n|upkeep\n|turn|28\n|\n|t:|1699585752\n|switch|p2a: Llaveros|Klefki, F|53\/100\n|-damage|p2a: Llaveros|47\/100|[from] Stealth Rock\n|switch|p1a: Ernesto Tijeras|Scizor, F|100\/100\n|\n|-sideend|p2: Gamer00ooO|Reflect\n|upkeep\n|turn|29\n|\n|t:|1699585763\n|detailschange|p1a: Ernesto Tijeras|Scizor-Mega, F\n|-mega|p1a: Ernesto Tijeras|Scizor|Scizorite\n|move|p1a: Ernesto Tijeras|Bullet Punch|p2a: Llaveros\n|-damage|p2a: Llaveros|7\/100\n|move|p2a: Llaveros|Reflect|p2a: Llaveros\n|-sidestart|p2: Gamer00ooO|Reflect\n|\n|upkeep\n|turn|30\n|\n|t:|1699585772\n|move|p1a: Ernesto Tijeras|Bullet Punch|p2a: Llaveros\n|-damage|p2a: Llaveros|0 fnt\n|faint|p2a: Llaveros\n|\n|upkeep\n|\n|t:|1699585779\n|switch|p2a: Steven|Diancie|100\/100\n|-damage|p2a: Steven|88\/100|[from] Stealth Rock\n|turn|31\n|\n|t:|1699585786\n|switch|p1a: Corvos|Corviknight, M|94\/100 brn\n|-ability|p1a: Corvos|Pressure\n|-terastallize|p2a: Steven|Electric\n|move|p2a: Steven|Iron Defense|p2a: Steven\n|-boost|p2a: Steven|def|2\n|\n|-heal|p2a: Steven|94\/100|[from] item: Leftovers\n|-damage|p1a: Corvos|88\/100 brn|[from] brn\n|upkeep\n|turn|32\n|\n|t:|1699585800\n|move|p1a: Corvos|Body Press|p2a: Steven\n|-damage|p2a: Steven|92\/100\n|move|p2a: Steven|Diamond Storm|p1a: Corvos\n|-damage|p1a: Corvos|69\/100 brn\n|-boost|p2a: Steven|def|2\n|\n|-heal|p2a: Steven|98\/100|[from] item: Leftovers\n|-damage|p1a: Corvos|63\/100 brn|[from] brn\n|upkeep\n|turn|33\n|\n|t:|1699585814\n|move|p1a: Corvos|Body Press|p2a: Steven\n|-damage|p2a: Steven|97\/100\n|move|p2a: Steven|Diamond Storm|p1a: Corvos\n|-damage|p1a: Corvos|41\/100 brn\n|-boost|p2a: Steven|def|2\n|\n|-heal|p2a: Steven|100\/100|[from] item: Leftovers\n|-damage|p1a: Corvos|35\/100 brn|[from] brn\n|upkeep\n|turn|34\n|\n|t:|1699585825\n|move|p1a: Corvos|Body Press|p2a: Steven\n|-damage|p2a: Steven|99\/100\n|move|p2a: Steven|Body Press|p1a: Corvos\n|-damage|p1a: Corvos|0 fnt\n|-damage|p2a: Steven|83\/100|[from] item: Rocky Helmet|[of] p1a: Corvos\n|faint|p1a: Corvos\n|\n|-heal|p2a: Steven|89\/100|[from] item: Leftovers\n|upkeep\n|\n|t:|1699585837\n|switch|p1a: Ernesto Tijeras|Scizor-Mega, F|100\/100\n|turn|35\n|c| Sylveon(404)|ggs\n|\n|t:|1699585844\n|move|p1a: Ernesto Tijeras|Bullet Punch|p2a: Steven\n|-resisted|p2a: Steven\n|-damage|p2a: Steven|87\/100\n|move|p2a: Steven|Body Press|p1a: Ernesto Tijeras\n|-damage|p1a: Ernesto Tijeras|4\/100\n|\n|-heal|p2a: Steven|93\/100|[from] item: Leftovers\n|upkeep\n|turn|36\n|\n|t:|1699585855\n|move|p1a: Ernesto Tijeras|Close Combat|p2a: Steven\n|-damage|p2a: Steven|89\/100\n|-unboost|p1a: Ernesto Tijeras|def|1\n|-unboost|p1a: Ernesto Tijeras|spd|1\n|move|p2a: Steven|Body Press|p1a: Ernesto Tijeras\n|-damage|p1a: Ernesto Tijeras|0 fnt\n|faint|p1a: Ernesto Tijeras\n|\n|win|Gamer00ooO\n|l| Sylveon(404)\n|c|\u2606Gamer00ooO|Gg\n","uploadtime":1699585868,"views":17,"p1id":"wsoldat","p2id":"gamer00ooo","formatid":"gen9nationaldex","rating":0,"private":0,"password":""}