{"id":"gen9nationaldex-1996173097","p1":"KillerCube","p2":"allez334","format":"[Gen 9] National Dex","log":"|html|<div class=\"broadcast-blue\"><strong>[Gen 9] National Dex is currently suspecting Sneasler! For information on how to participate check out the <a href=\"https:\/\/www.smogon.com\/forums\/threads\/sv-national-dex-suspect-8-just-dance.3731534\/\">suspect thread<\/a>.<\/strong><\/div>\n|j|\u2606KillerCube\n|j|\u2606allez334\n|t:|1700654872\n|gametype|singles\n|player|p1|KillerCube|giovanni|\n|player|p2|allez334|2|\n|teamsize|p1|6\n|teamsize|p2|6\n|gen|9\n|tier|[Gen 9] National Dex\n|rule|HP Percentage Mod: HP is shown in percentages\n|rule|Endless Battle Clause: Forcing endless battles is banned\n|rule|OHKO Clause: OHKO moves are banned\n|rule|Evasion Clause: Evasion abilities, items, and moves are banned\n|rule|Evasion Abilities Clause: Evasion abilities are banned\n|rule|Evasion Items Clause: Evasion items are banned\n|rule|Evasion Moves Clause: Evasion moves are banned\n|rule|Species Clause: Limit one of each Pok\u00e9mon\n|rule|Sleep Clause Mod: Limit one foe put to sleep\n|clearpoke\n|poke|p1|Clodsire, M|\n|poke|p1|Aegislash, M|\n|poke|p1|Centiskorch, M|\n|poke|p1|Toxtricity-Low-Key, F|\n|poke|p1|Arboliva, M|\n|poke|p1|Veluza, M|\n|poke|p2|Clefable, F|\n|poke|p2|Cetitan, F|\n|poke|p2|Aurorus, M|\n|poke|p2|Arctozolt|\n|poke|p2|Garganacl, F|\n|poke|p2|Medicham, M|\n|teampreview\n|\n|t:|1700654886\n|start\n|switch|p1a: Clodsire|Clodsire, M|100\/100\n|switch|p2a: Garganacl|Garganacl, F|100\/100\n|turn|1\n|\n|t:|1700654893\n|switch|p1a: Centiskorch|Centiskorch, M, shiny|100\/100\n|move|p2a: Garganacl|Curse|p2a: Garganacl\n|-unboost|p2a: Garganacl|spe|1\n|-boost|p2a: Garganacl|atk|1\n|-boost|p2a: Garganacl|def|1\n|\n|upkeep\n|turn|2\n|\n|t:|1700654900\n|move|p1a: Centiskorch|Knock Off|p2a: Garganacl\n|-damage|p2a: Garganacl|88\/100\n|-enditem|p2a: Garganacl|Leftovers|[from] move: Knock Off|[of] p1a: Centiskorch\n|move|p2a: Garganacl|Curse|p2a: Garganacl\n|-unboost|p2a: Garganacl|spe|1\n|-boost|p2a: Garganacl|atk|1\n|-boost|p2a: Garganacl|def|1\n|\n|upkeep\n|turn|3\n|\n|t:|1700654913\n|move|p1a: Centiskorch|Power Whip|p2a: Garganacl\n|-supereffective|p2a: Garganacl\n|-damage|p2a: Garganacl|60\/100\n|move|p2a: Garganacl|Curse|p2a: Garganacl\n|-unboost|p2a: Garganacl|spe|1\n|-boost|p2a: Garganacl|atk|1\n|-boost|p2a: Garganacl|def|1\n|\n|upkeep\n|turn|4\n|\n|t:|1700654918\n|move|p2a: Garganacl|Protect|p2a: Garganacl\n|-singleturn|p2a: Garganacl|Protect\n|move|p1a: Centiskorch|Power Whip|p2a: Garganacl\n|-activate|p2a: Garganacl|move: Protect\n|\n|upkeep\n|turn|5\n|\n|t:|1700654925\n|move|p1a: Centiskorch|Power Whip|p2a: Garganacl\n|-supereffective|p2a: Garganacl\n|-damage|p2a: Garganacl|38\/100\n|move|p2a: Garganacl|Recover|p2a: Garganacl\n|-heal|p2a: Garganacl|88\/100\n|\n|upkeep\n|turn|6\n|\n|t:|1700654930\n|move|p1a: Centiskorch|Power Whip|p2a: Garganacl\n|-supereffective|p2a: Garganacl\n|-damage|p2a: Garganacl|67\/100\n|move|p2a: Garganacl|Salt Cure|p1a: Centiskorch\n|-supereffective|p1a: Centiskorch\n|-damage|p1a: Centiskorch|0 fnt\n|faint|p1a: Centiskorch\n|\n|upkeep\n|\n|t:|1700654935\n|switch|p1a: Veluza|Veluza, M|100\/100\n|turn|7\n|\n|t:|1700654941\n|move|p1a: Veluza|Aqua Cutter|p2a: Garganacl\n|-supereffective|p2a: Garganacl\n|-damage|p2a: Garganacl|41\/100\n|move|p2a: Garganacl|Salt Cure|p1a: Veluza\n|-damage|p1a: Veluza|51\/100\n|-start|p1a: Veluza|Salt Cure\n|\n|-damage|p1a: Veluza|26\/100|[from] Salt Cure\n|upkeep\n|-enditem|p1a: Veluza|Sitrus Berry|[eat]\n|-heal|p1a: Veluza|51\/100|[from] item: Sitrus Berry\n|turn|8\n|\n|t:|1700654957\n|move|p1a: Veluza|Aqua Cutter|p2a: Garganacl\n|-supereffective|p2a: Garganacl\n|-damage|p2a: Garganacl|19\/100\n|move|p2a: Garganacl|Recover|p2a: Garganacl\n|-heal|p2a: Garganacl|69\/100\n|\n|-damage|p1a: Veluza|26\/100|[from] Salt Cure\n|upkeep\n|turn|9\n|\n|t:|1700654969\n|switch|p1a: Arboliva|Arboliva, M|100\/100\n|move|p2a: Garganacl|Recover|p2a: Garganacl\n|-heal|p2a: Garganacl|100\/100\n|\n|upkeep\n|turn|10\n|\n|t:|1700654975\n|move|p1a: Arboliva|Leech Seed|p2a: Garganacl\n|-start|p2a: Garganacl|move: Leech Seed\n|move|p2a: Garganacl|Salt Cure|p1a: Arboliva\n|-damage|p1a: Arboliva|75\/100\n|-start|p1a: Arboliva|Salt Cure\n|\n|-damage|p2a: Garganacl|88\/100|[from] Leech Seed|[of] p1a: Arboliva\n|-heal|p1a: Arboliva|87\/100|[silent]\n|-damage|p1a: Arboliva|74\/100|[from] Salt Cure\n|upkeep\n|turn|11\n|\n|t:|1700654982\n|move|p1a: Arboliva|Earth Power|p2a: Garganacl\n|-supereffective|p2a: Garganacl\n|-damage|p2a: Garganacl|48\/100\n|move|p2a: Garganacl|Curse|p2a: Garganacl\n|-unboost|p2a: Garganacl|spe|1\n|-boost|p2a: Garganacl|atk|1\n|-boost|p2a: Garganacl|def|1\n|\n|-damage|p2a: Garganacl|36\/100|[from] Leech Seed|[of] p1a: Arboliva\n|-heal|p1a: Arboliva|86\/100|[silent]\n|-damage|p1a: Arboliva|74\/100|[from] Salt Cure\n|upkeep\n|turn|12\n|\n|t:|1700654994\n|move|p1a: Arboliva|Giga Drain|p2a: Garganacl\n|-supereffective|p2a: Garganacl\n|-damage|p2a: Garganacl|0 fnt\n|-heal|p1a: Arboliva|90\/100|[from] drain|[of] p2a: Garganacl\n|faint|p2a: Garganacl\n|\n|-damage|p1a: Arboliva|78\/100|[from] Salt Cure\n|upkeep\n|\n|t:|1700654998\n|switch|p2a: Aurorus|Aurorus, M|100\/100\n|-weather|Snow|[from] ability: Snow Warning|[of] p2a: Aurorus\n|turn|13\n|\n|t:|1700655002\n|move|p2a: Aurorus|Blizzard|p1a: Arboliva\n|-supereffective|p1a: Arboliva\n|-damage|p1a: Arboliva|0 fnt\n|faint|p1a: Arboliva\n|\n|-weather|Snow|[upkeep]\n|upkeep\n|\n|t:|1700655006\n|switch|p1a: Toxtricity|Toxtricity-Low-Key, F|100\/100\n|turn|14\n|\n|t:|1700655011\n|move|p1a: Toxtricity|Sludge Bomb|p2a: Aurorus\n|-resisted|p2a: Aurorus\n|-damage|p2a: Aurorus|69\/100\n|move|p2a: Aurorus|Earth Power|p1a: Toxtricity\n|-supereffective|p1a: Toxtricity\n|-damage|p1a: Toxtricity|0 fnt\n|faint|p1a: Toxtricity\n|\n|-weather|Snow|[upkeep]\n|upkeep\n|\n|t:|1700655022\n|switch|p1a: Veluza|Veluza, M|26\/100\n|turn|15\n|\n|t:|1700655028\n|move|p1a: Veluza|Aqua Cutter|p2a: Aurorus\n|-supereffective|p2a: Aurorus\n|-damage|p2a: Aurorus|0 fnt\n|faint|p2a: Aurorus\n|\n|-weather|Snow|[upkeep]\n|upkeep\n|\n|t:|1700655032\n|switch|p2a: Cetitan|Cetitan, F|100\/100\n|turn|16\n|\n|t:|1700655044\n|switch|p1a: Clodsire|Clodsire, M|100\/100\n|-terastallize|p2a: Cetitan|Ghost\n|move|p2a: Cetitan|Belly Drum|p2a: Cetitan\n|-damage|p2a: Cetitan|50\/100\n|-setboost|p2a: Cetitan|atk|6|[from] move: Belly Drum\n|-enditem|p2a: Cetitan|Sitrus Berry|[eat]\n|-heal|p2a: Cetitan|75\/100|[from] item: Sitrus Berry\n|\n|-weather|Snow|[upkeep]\n|upkeep\n|turn|17\n|\n|t:|1700655050\n|move|p2a: Cetitan|Earthquake|p1a: Clodsire\n|-supereffective|p1a: Clodsire\n|-damage|p1a: Clodsire|21\/100\n|move|p1a: Clodsire|Toxic Spikes|p2a: Cetitan\n|-sidestart|p2: allez334|move: Toxic Spikes\n|\n|-weather|Snow|[upkeep]\n|-heal|p1a: Clodsire|27\/100|[from] item: Leftovers\n|upkeep\n|turn|18\n|\n|t:|1700655057\n|move|p2a: Cetitan|Earthquake|p1a: Clodsire\n|-supereffective|p1a: Clodsire\n|-damage|p1a: Clodsire|0 fnt\n|faint|p1a: Clodsire\n|\n|-weather|Snow|[upkeep]\n|upkeep\n|\n|t:|1700655059\n|switch|p1a: Aegislash|Aegislash, M, shiny|100\/100\n|turn|19\n|\n|t:|1700655065\n|move|p1a: Aegislash|King's Shield|p1a: Aegislash\n|-singleturn|p1a: Aegislash|Protect\n|move|p2a: Cetitan|Earthquake|p1a: Aegislash\n|-activate|p1a: Aegislash|move: Protect\n|\n|-weather|Snow|[upkeep]\n|upkeep\n|turn|20\n|\n|t:|1700655076\n|-terastallize|p1a: Aegislash|Steel\n|move|p2a: Cetitan|Earthquake|p1a: Aegislash\n|-supereffective|p1a: Aegislash\n|-damage|p1a: Aegislash|0 fnt\n|faint|p1a: Aegislash\n|\n|-weather|none\n|upkeep\n|\n|t:|1700655078\n|switch|p1a: Veluza|Veluza, M|26\/100\n|turn|21\n|c|\u2606KillerCube|!weakness ghost\n|c| KillerCube|\/raw <div class=\"infobox\">Ghost:<br \/><span class=\"message-effect-weak\">Weaknesses<\/span>: Dark, Ghost<br \/><span class=\"message-effect-resist\">Resistances<\/span>: Bug, Poison<br \/><span class=\"message-effect-immune\">Immunities<\/span>: Fighting, Normal, Trapping<\/div>\n|\n|t:|1700655105\n|move|p1a: Veluza|Aqua Cutter|p2a: Cetitan\n|-damage|p2a: Cetitan|33\/100\n|move|p2a: Cetitan|Belly Drum||[still]\n|-fail|p2a: Cetitan\n|\n|upkeep\n|turn|22\n|\n|t:|1700655112\n|move|p2a: Cetitan|Ice Shard|p1a: Veluza\n|-resisted|p1a: Veluza\n|-damage|p1a: Veluza|0 fnt\n|faint|p1a: Veluza\n|\n|win|allez334\n|l|\u2606KillerCube\n","uploadtime":1700655124,"views":12,"p1id":"killercube","p2id":"allez334","formatid":"gen9nationaldex","rating":0,"private":0,"password":""}