{"id":"gen9nationaldex-1998399995","p1":"rhrr","p2":"teem rocketZ","format":"[Gen 9] National Dex","log":"|html|<div class=\"broadcast-blue\"><strong>[Gen 9] National Dex is currently suspecting Sneasler! For information on how to participate check out the <a href=\"https:\/\/www.smogon.com\/forums\/threads\/sv-national-dex-suspect-8-just-dance.3731534\/\">suspect thread<\/a>.<\/strong><\/div>\n|j|\u2606rhrr\n|j|\u2606teem rocketZ\n|t:|1700938059\n|gametype|singles\n|player|p1|rhrr|medium-gen2jp|1000\n|player|p2|teem rocketZ|hiker-gen4|1079\n|teamsize|p1|6\n|teamsize|p2|6\n|gen|9\n|tier|[Gen 9] National Dex\n|rated|\n|rule|HP Percentage Mod: HP is shown in percentages\n|rule|Endless Battle Clause: Forcing endless battles is banned\n|rule|OHKO Clause: OHKO moves are banned\n|rule|Evasion Clause: Evasion abilities, items, and moves are banned\n|rule|Evasion Abilities Clause: Evasion abilities are banned\n|rule|Evasion Items Clause: Evasion items are banned\n|rule|Evasion Moves Clause: Evasion moves are banned\n|rule|Species Clause: Limit one of each Pok\u00e9mon\n|rule|Sleep Clause Mod: Limit one foe put to sleep\n|clearpoke\n|poke|p1|Starmie|\n|poke|p1|Barbaracle, F|\n|poke|p1|Camerupt, M|\n|poke|p1|Dhelmise|\n|poke|p1|Sinistea|\n|poke|p1|Exeggutor-Alola, F|\n|poke|p2|Kartana|\n|poke|p2|Diancie|\n|poke|p2|Toxapex, F|\n|poke|p2|Celesteela|\n|poke|p2|Malamar, F|\n|poke|p2|Blacephalon|\n|teampreview\n|inactive|Battle timer is ON: inactive players will automatically lose when time's up. (requested by teem rocketZ)\n|c|\u2606teem rocketZ|hi\n|\n|t:|1700938078\n|start\n|switch|p1a: AmSch\u00e4delklebndaHN|Starmie|100\/100\n|switch|p2a: Malamar|Malamar, F, shiny|100\/100\n|turn|1\n|\n|t:|1700938088\n|move|p1a: AmSch\u00e4delklebndaHN|Scald|p2a: Malamar\n|-damage|p2a: Malamar|67\/100\n|-status|p2a: Malamar|brn\n|move|p2a: Malamar|Taunt|p1a: AmSch\u00e4delklebndaHN\n|-start|p1a: AmSch\u00e4delklebndaHN|move: Taunt\n|\n|-damage|p2a: Malamar|61\/100 brn|[from] brn\n|upkeep\n|turn|2\n|\n|t:|1700938097\n|move|p1a: AmSch\u00e4delklebndaHN|Scald|p2a: Malamar\n|-damage|p2a: Malamar|23\/100 brn\n|move|p2a: Malamar|Hypnosis|p1a: AmSch\u00e4delklebndaHN|[miss]\n|-miss|p2a: Malamar|p1a: AmSch\u00e4delklebndaHN\n|\n|-damage|p2a: Malamar|17\/100 brn|[from] brn\n|upkeep\n|turn|3\n|\n|t:|1700938107\n|move|p1a: AmSch\u00e4delklebndaHN|Scald|p2a: Malamar\n|-damage|p2a: Malamar|0 fnt\n|faint|p2a: Malamar\n|\n|upkeep\n|\n|t:|1700938115\n|switch|p2a: Kartana|Kartana, shiny|100\/100\n|turn|4\n|\n|t:|1700938120\n|move|p2a: Kartana|Substitute|p2a: Kartana\n|-start|p2a: Kartana|Substitute\n|-damage|p2a: Kartana|75\/100\n|move|p1a: AmSch\u00e4delklebndaHN|Ice Beam|p2a: Kartana\n|-end|p2a: Kartana|Substitute\n|\n|-end|p1a: AmSch\u00e4delklebndaHN|move: Taunt\n|upkeep\n|turn|5\n|\n|t:|1700938130\n|move|p2a: Kartana|Leaf Blade|p1a: AmSch\u00e4delklebndaHN\n|-supereffective|p1a: AmSch\u00e4delklebndaHN\n|-enditem|p1a: AmSch\u00e4delklebndaHN|Focus Sash\n|-damage|p1a: AmSch\u00e4delklebndaHN|1\/100\n|move|p1a: AmSch\u00e4delklebndaHN|Trick Room|p1a: AmSch\u00e4delklebndaHN\n|-fieldstart|move: Trick Room|[of] p1a: AmSch\u00e4delklebndaHN\n|\n|upkeep\n|turn|6\n|\n|t:|1700938140\n|switch|p2a: Diancie|Diancie, shiny|100\/100\n|move|p1a: AmSch\u00e4delklebndaHN|Ice Beam|p2a: Diancie\n|-damage|p2a: Diancie|74\/100\n|\n|upkeep\n|turn|7\n|\n|t:|1700938147\n|detailschange|p2a: Diancie|Diancie-Mega, shiny\n|-mega|p2a: Diancie|Diancie|Diancite\n|move|p1a: AmSch\u00e4delklebndaHN|Scald|p2a: Diancie\n|-supereffective|p2a: Diancie\n|-damage|p2a: Diancie|0 fnt\n|faint|p2a: Diancie\n|\n|upkeep\n|\n|t:|1700938158\n|switch|p2a: Blacephalon|Blacephalon, shiny|100\/100\n|turn|8\n|\n|t:|1700938166\n|move|p1a: AmSch\u00e4delklebndaHN|Scald|p2a: Blacephalon\n|-supereffective|p2a: Blacephalon\n|-damage|p2a: Blacephalon|0 fnt\n|faint|p2a: Blacephalon\n|\n|upkeep\n|\n|t:|1700938173\n|switch|p2a: Celesteela|Celesteela, shiny|100\/100\n|turn|9\n|\n|t:|1700938177\n|move|p2a: Celesteela|Leech Seed|p1a: AmSch\u00e4delklebndaHN\n|-start|p1a: AmSch\u00e4delklebndaHN|move: Leech Seed\n|move|p1a: AmSch\u00e4delklebndaHN|Scald|p2a: Celesteela\n|-damage|p2a: Celesteela|75\/100\n|\n|-damage|p1a: AmSch\u00e4delklebndaHN|0 fnt|[from] Leech Seed|[of] p2a: Celesteela\n|-heal|p2a: Celesteela|76\/100|[silent]\n|faint|p1a: AmSch\u00e4delklebndaHN\n|-fieldend|move: Trick Room\n|upkeep\n|\n|t:|1700938186\n|switch|p1a: AufInselnwaxndaHN|Exeggutor-Alola, F|100\/100\n|-item|p2a: Celesteela|Enigma Berry|[from] ability: Frisk|[of] p1a: AufInselnwaxndaHN|[identify]\n|turn|10\n|\n|t:|1700938207\n|switch|p2a: Toxapex|Toxapex, F, shiny|100\/100\n|move|p1a: AufInselnwaxndaHN|Trick Room|p1a: AufInselnwaxndaHN\n|-fieldstart|move: Trick Room|[of] p1a: AufInselnwaxndaHN\n|\n|upkeep\n|turn|11\n|\n|t:|1700938212\n|move|p2a: Toxapex|Toxic Spikes|p1a: AufInselnwaxndaHN\n|-sidestart|p1: rhrr|move: Toxic Spikes\n|move|p1a: AufInselnwaxndaHN|Explosion|p2a: Toxapex\n|-damage|p2a: Toxapex|47\/100\n|faint|p1a: AufInselnwaxndaHN\n|\n|-heal|p2a: Toxapex|53\/100|[from] item: Black Sludge\n|upkeep\n|\n|t:|1700938214\n|switch|p1a: Ausbrechnder HN|Camerupt, M|100\/100\n|-status|p1a: Ausbrechnder HN|psn\n|turn|12\n|\n|t:|1700938223\n|detailschange|p1a: Ausbrechnder HN|Camerupt-Mega, M\n|-mega|p1a: Ausbrechnder HN|Camerupt|Cameruptite\n|move|p1a: Ausbrechnder HN|Earth Power|p2a: Toxapex\n|-supereffective|p2a: Toxapex\n|-damage|p2a: Toxapex|0 fnt\n|faint|p2a: Toxapex\n|\n|-damage|p1a: Ausbrechnder HN|88\/100 psn|[from] psn\n|upkeep\n|\n|t:|1700938232\n|switch|p2a: Kartana|Kartana, shiny|75\/100\n|turn|13\n|\n|t:|1700938238\n|switch|p2a: Celesteela|Celesteela, shiny|76\/100\n|move|p1a: Ausbrechnder HN|Eruption|p2a: Celesteela\n|-supereffective|p2a: Celesteela\n|-damage|p2a: Celesteela|0 fnt\n|faint|p2a: Celesteela\n|\n|-damage|p1a: Ausbrechnder HN|75\/100 psn|[from] psn\n|upkeep\n|\n|t:|1700938246\n|switch|p2a: Kartana|Kartana, shiny|75\/100\n|turn|14\n|inactive|rhrr has 120 seconds left.\n|\n|t:|1700938302\n|move|p1a: Ausbrechnder HN|Flamethrower|p2a: Kartana\n|-supereffective|p2a: Kartana\n|-damage|p2a: Kartana|0 fnt\n|faint|p2a: Kartana\n|\n|win|rhrr\n|raw|rhrr's rating: 1000 &rarr; <strong>1049<\/strong><br \/>(+49 for winning)\n|raw|teem rocketZ's rating: 1079 &rarr; <strong>1052<\/strong><br \/>(-27 for losing)\n","uploadtime":1700938307,"views":5,"p1id":"rhrr","p2id":"teemrocketz","formatid":"gen9nationaldex","rating":1049,"private":0,"password":""}