{"id":"gen9nationaldex-1993778180","p1":"wzzma","p2":"ND9T2 tutiop","format":"[Gen 9] National Dex","log":"|j|\u2606wzzma\n|j|\u2606ND9T2 tutiop\n|t:|1700356124\n|gametype|singles\n|player|p1|wzzma|archer|1755\n|player|p2|ND9T2 tutiop|ingo|1722\n|teamsize|p1|6\n|teamsize|p2|6\n|gen|9\n|tier|[Gen 9] National Dex\n|rated|\n|rule|HP Percentage Mod: HP is shown in percentages\n|rule|Endless Battle Clause: Forcing endless battles is banned\n|rule|OHKO Clause: OHKO moves are banned\n|rule|Evasion Clause: Evasion abilities, items, and moves are banned\n|rule|Evasion Abilities Clause: Evasion abilities are banned\n|rule|Evasion Items Clause: Evasion items are banned\n|rule|Evasion Moves Clause: Evasion moves are banned\n|rule|Species Clause: Limit one of each Pok\u00e9mon\n|rule|Sleep Clause Mod: Limit one foe put to sleep\n|clearpoke\n|poke|p1|Landorus-Therian, M|\n|poke|p1|Hoopa-Unbound|\n|poke|p1|Medicham, F|\n|poke|p1|Urshifu-*, F|\n|poke|p1|Dondozo, M|\n|poke|p1|Zapdos|\n|poke|p2|Ursaluna, F|\n|poke|p2|Slowbro, F|\n|poke|p2|Bronzong|\n|poke|p2|Mawile, F|\n|poke|p2|Iron Hands|\n|poke|p2|Cresselia, F|\n|teampreview\n|\n|t:|1700356134\n|start\n|switch|p1a: Hoopa|Hoopa-Unbound|100\/100\n|switch|p2a: Cresselia|Cresselia, F|100\/100\n|turn|1\n|\n|t:|1700356165\n|move|p1a: Hoopa|Dark Pulse|p2a: Cresselia\n|-supereffective|p2a: Cresselia\n|-enditem|p2a: Cresselia|Colbur Berry|[eat]\n|-enditem|p2a: Cresselia|Colbur Berry|[weaken]\n|-damage|p2a: Cresselia|60\/100\n|move|p2a: Cresselia|Trick Room|p2a: Cresselia\n|-fieldstart|move: Trick Room|[of] p2a: Cresselia\n|\n|upkeep\n|turn|2\n|\n|t:|1700356180\n|switch|p2a: Mawile|Mawile, F|100\/100\n|-ability|p2a: Mawile|Intimidate|boost\n|-unboost|p1a: Hoopa|atk|1\n|switch|p1a: Dondozo|Dondozo, M|100\/100\n|\n|upkeep\n|turn|3\n|j| YJLF\n|\n|t:|1700356237\n|switch|p2a: Ursaluna|Ursaluna, F|100\/100\n|move|p1a: Dondozo|Curse|p1a: Dondozo\n|-unboost|p1a: Dondozo|spe|1\n|-boost|p1a: Dondozo|atk|1\n|-boost|p1a: Dondozo|def|1\n|\n|-status|p2a: Ursaluna|brn|[from] item: Flame Orb\n|upkeep\n|turn|4\n|\n|t:|1700356252\n|-terastallize|p2a: Ursaluna|Normal\n|move|p1a: Dondozo|Curse|p1a: Dondozo\n|-unboost|p1a: Dondozo|spe|1\n|-boost|p1a: Dondozo|atk|1\n|-boost|p1a: Dondozo|def|1\n|move|p2a: Ursaluna|Facade|p1a: Dondozo\n|-damage|p1a: Dondozo|57\/100\n|\n|-damage|p2a: Ursaluna|94\/100 brn|[from] brn\n|upkeep\n|turn|5\n|\n|t:|1700356264\n|switch|p2a: Slowbro|Slowbro, F|100\/100\n|move|p1a: Dondozo|Rest|p1a: Dondozo\n|-status|p1a: Dondozo|slp|[from] move: Rest\n|-heal|p1a: Dondozo|100\/100 slp|[silent]\n|\n|-fieldend|move: Trick Room\n|upkeep\n|turn|6\n|\n|t:|1700356266\n|move|p2a: Slowbro|Future Sight|p1a: Dondozo\n|-start|p2a: Slowbro|move: Future Sight\n|cant|p1a: Dondozo|slp\n|move|p1a: Dondozo|Sleep Talk|p1a: Dondozo\n|move|p1a: Dondozo|Rest||[from]move: Sleep Talk|[still]\n|-fail|p1a: Dondozo\n|\n|upkeep\n|turn|7\n|\n|t:|1700356272\n|switch|p2a: Iron Hands|Iron Hands|100\/100\n|cant|p1a: Dondozo|slp\n|move|p1a: Dondozo|Sleep Talk|p1a: Dondozo\n|move|p1a: Dondozo|Wave Crash|p2a: Iron Hands|[from]move: Sleep Talk\n|-damage|p2a: Iron Hands|48\/100\n|-damage|p1a: Dondozo|84\/100 slp|[from] Recoil\n|\n|upkeep\n|turn|8\n|\n|t:|1700356275\n|-zpower|p2a: Iron Hands\n|move|p2a: Iron Hands|Gigavolt Havoc|p1a: Dondozo|[zeffect]\n|-supereffective|p1a: Dondozo\n|-damage|p1a: Dondozo|28\/100 slp\n|-curestatus|p1a: Dondozo|slp|[msg]\n|move|p1a: Dondozo|Wave Crash|p2a: Iron Hands\n|-damage|p2a: Iron Hands|0 fnt\n|faint|p2a: Iron Hands\n|-end|p2a: Iron Hands|Quark Drive|[silent]\n|-damage|p1a: Dondozo|12\/100|[from] Recoil\n|\n|-end|p1a: Dondozo|move: Future Sight\n|-damage|p1a: Dondozo|0 fnt\n|faint|p1a: Dondozo\n|upkeep\n|\n|t:|1700356285\n|switch|p1a: Hoopa|Hoopa-Unbound|100\/100\n|switch|p2a: Mawile|Mawile, F|100\/100\n|-ability|p2a: Mawile|Intimidate|boost\n|-unboost|p1a: Hoopa|atk|1\n|turn|9\n|\n|t:|1700356301\n|switch|p1a: Landorus|Landorus-Therian, M|100\/100\n|-ability|p1a: Landorus|Intimidate|boost\n|-unboost|p2a: Mawile|atk|1\n|detailschange|p2a: Mawile|Mawile-Mega, F\n|-mega|p2a: Mawile|Mawile|Mawilite\n|move|p2a: Mawile|Play Rough|p1a: Landorus\n|-damage|p1a: Landorus|42\/100\n|\n|upkeep\n|turn|10\n|\n|t:|1700356320\n|switch|p2a: Slowbro|Slowbro, F|100\/100\n|move|p1a: Landorus|U-turn|p2a: Slowbro\n|-supereffective|p2a: Slowbro\n|-damage|p2a: Slowbro|74\/100\n|\n|t:|1700356324\n|switch|p1a: Hoopa|Hoopa-Unbound|100\/100|[from] U-turn\n|\n|upkeep\n|turn|11\n|\n|t:|1700356327\n|move|p1a: Hoopa|Dark Pulse|p2a: Slowbro\n|-supereffective|p2a: Slowbro\n|-damage|p2a: Slowbro|0 fnt\n|faint|p2a: Slowbro\n|\n|upkeep\n|\n|t:|1700356330\n|switch|p2a: Mawile|Mawile-Mega, F|100\/100\n|turn|12\n|\n|t:|1700356340\n|switch|p1a: Zapdos|Zapdos|100\/100\n|move|p2a: Mawile|Play Rough|p1a: Zapdos\n|-damage|p1a: Zapdos|33\/100\n|\n|upkeep\n|turn|13\n|\n|t:|1700356393\n|move|p1a: Zapdos|Volt Switch|p2a: Mawile\n|-damage|p2a: Mawile|67\/100\n|\n|t:|1700356396\n|switch|p1a: Landorus|Landorus-Therian, M|42\/100|[from] Volt Switch\n|-ability|p1a: Landorus|Intimidate|boost\n|-unboost|p2a: Mawile|atk|1\n|move|p2a: Mawile|Play Rough|p1a: Landorus\n|-damage|p1a: Landorus|0 fnt\n|faint|p1a: Landorus\n|\n|upkeep\n|\n|t:|1700356398\n|switch|p1a: Hoopa|Hoopa-Unbound|100\/100\n|turn|14\n|\n|t:|1700356406\n|move|p1a: Hoopa|Hidden Power|p2a: Mawile\n|-supereffective|p2a: Mawile\n|-crit|p2a: Mawile\n|-damage|p2a: Mawile|0 fnt\n|faint|p2a: Mawile\n|\n|upkeep\n|\n|t:|1700356411\n|switch|p2a: Bronzong|Bronzong|100\/100\n|turn|15\n|\n|t:|1700356417\n|switch|p1a: Zapdos|Zapdos|33\/100\n|move|p2a: Bronzong|Trick Room|p2a: Bronzong\n|-fieldstart|move: Trick Room|[of] p2a: Bronzong\n|\n|upkeep\n|turn|16\n|\n|t:|1700356459\n|move|p2a: Bronzong|Stealth Rock|p1a: Zapdos\n|-sidestart|p1: wzzma|move: Stealth Rock\n|move|p1a: Zapdos|Roost|p1a: Zapdos\n|-heal|p1a: Zapdos|83\/100\n|-singleturn|p1a: Zapdos|move: Roost\n|\n|upkeep\n|turn|17\n|\n|t:|1700356464\n|move|p2a: Bronzong|Toxic|p1a: Zapdos\n|-status|p1a: Zapdos|tox\n|move|p1a: Zapdos|Roost|p1a: Zapdos\n|-heal|p1a: Zapdos|100\/100 tox\n|-singleturn|p1a: Zapdos|move: Roost\n|\n|-damage|p1a: Zapdos|94\/100 tox|[from] psn\n|upkeep\n|turn|18\n|j| might dragon\n|\n|t:|1700356474\n|switch|p2a: Ursaluna|Ursaluna, F, tera:Normal|94\/100 brn\n|move|p1a: Zapdos|Defog|p2a: Ursaluna\n|-unboost|p2a: Ursaluna|evasion|1\n|-sideend|p1: wzzma|Stealth Rock|[from] move: Defog|[of] p1a: Zapdos\n|\n|-damage|p1a: Zapdos|82\/100 tox|[from] psn\n|-damage|p2a: Ursaluna|88\/100 brn|[from] brn\n|upkeep\n|turn|19\n|\n|t:|1700356478\n|move|p2a: Ursaluna|Facade|p1a: Zapdos\n|-damage|p1a: Zapdos|0 fnt\n|faint|p1a: Zapdos\n|\n|-damage|p2a: Ursaluna|82\/100 brn|[from] brn\n|-fieldend|move: Trick Room\n|upkeep\n|\n|t:|1700356489\n|switch|p1a: Hoopa|Hoopa-Unbound|100\/100\n|turn|20\n|\n|t:|1700356525\n|switch|p2a: Bronzong|Bronzong|100\/100\n|move|p1a: Hoopa|Dark Pulse|p2a: Bronzong\n|-supereffective|p2a: Bronzong\n|-damage|p2a: Bronzong|0 fnt\n|faint|p2a: Bronzong\n|\n|upkeep\n|\n|t:|1700356526\n|switch|p2a: Cresselia|Cresselia, F|60\/100\n|turn|21\n|\n|t:|1700356528\n|move|p1a: Hoopa|Dark Pulse|p2a: Cresselia\n|-supereffective|p2a: Cresselia\n|-damage|p2a: Cresselia|0 fnt\n|faint|p2a: Cresselia\n|\n|upkeep\n|c|\u2606ND9T2 tutiop|gg\n|-message|ND9T2 tutiop forfeited.\n|\n|win|wzzma\n|raw|wzzma's rating: 1755 &rarr; <strong>1773<\/strong><br \/>(+18 for winning)\n|raw|ND9T2 tutiop's rating: 1722 &rarr; <strong>1704<\/strong><br \/>(-18 for losing)\n|l|\u2606ND9T2 tutiop\n|c|\u2606wzzma|gg\n","uploadtime":1700356539,"views":9,"p1id":"wzzma","p2id":"nd9t2tutiop","formatid":"gen9nationaldex","rating":1704,"private":0,"password":""}