{"id":"gen9nationaldex-1991244172","p1":"Naiyaya","p2":"steannm","format":"[Gen 9] National Dex","log":"|j|\u2606Naiyaya\n|j|\u2606steannm\n|t:|1700060711\n|gametype|singles\n|player|p1|Naiyaya|169|\n|player|p2|steannm|bugcatcher-gen4dp|\n|teamsize|p1|6\n|teamsize|p2|6\n|gen|9\n|tier|[Gen 9] National Dex\n|rule|HP Percentage Mod: HP is shown in percentages\n|rule|Endless Battle Clause: Forcing endless battles is banned\n|rule|OHKO Clause: OHKO moves are banned\n|rule|Evasion Clause: Evasion abilities, items, and moves are banned\n|rule|Evasion Abilities Clause: Evasion abilities are banned\n|rule|Evasion Items Clause: Evasion items are banned\n|rule|Evasion Moves Clause: Evasion moves are banned\n|rule|Species Clause: Limit one of each Pok\u00e9mon\n|rule|Sleep Clause Mod: Limit one foe put to sleep\n|clearpoke\n|poke|p1|Charizard, M|\n|poke|p1|Serperior, F|\n|poke|p1|Tyranitar, M|\n|poke|p1|Great Tusk|\n|poke|p1|Doublade, F|\n|poke|p1|Alomomola, M|\n|poke|p2|Tapu Lele|\n|poke|p2|Nidoking, M|\n|poke|p2|Blacephalon|\n|poke|p2|Magnezone|\n|poke|p2|Garchomp, F|\n|poke|p2|Lopunny, F|\n|teampreview\n|\n|t:|1700060719\n|start\n|switch|p1a: Tyranitar|Tyranitar, M|100\/100\n|switch|p2a: Garchomp|Garchomp, F|100\/100\n|-weather|Sandstorm|[from] ability: Sand Stream|[of] p1a: Tyranitar\n|turn|1\n|\n|t:|1700060764\n|switch|p2a: Tapu Lele|Tapu Lele|100\/100\n|-fieldstart|move: Psychic Terrain|[from] ability: Psychic Surge|[of] p2a: Tapu Lele\n|move|p1a: Tyranitar|Stealth Rock|p2a: Tapu Lele\n|-sidestart|p2: steannm|move: Stealth Rock\n|\n|-weather|Sandstorm|[upkeep]\n|-damage|p2a: Tapu Lele|94\/100|[from] Sandstorm\n|upkeep\n|turn|2\n|j| cocakk\n|\n|t:|1700060801\n|switch|p2a: Magnezone|Magnezone|100\/100\n|-damage|p2a: Magnezone|94\/100|[from] Stealth Rock\n|move|p1a: Tyranitar|Knock Off|p2a: Magnezone\n|-damage|p2a: Magnezone|46\/100\n|-enditem|p2a: Magnezone|Assault Vest|[from] move: Knock Off|[of] p1a: Tyranitar\n|\n|-weather|Sandstorm|[upkeep]\n|upkeep\n|turn|3\n|\n|t:|1700060816\n|switch|p2a: Garchomp|Garchomp, F|100\/100\n|-damage|p2a: Garchomp|94\/100|[from] Stealth Rock\n|move|p1a: Tyranitar|Fire Blast|p2a: Garchomp\n|-resisted|p2a: Garchomp\n|-damage|p2a: Garchomp|77\/100\n|\n|-weather|Sandstorm|[upkeep]\n|upkeep\n|turn|4\n|\n|t:|1700060834\n|move|p2a: Garchomp|Swords Dance|p2a: Garchomp\n|-boost|p2a: Garchomp|atk|2\n|move|p1a: Tyranitar|Ice Beam|p2a: Garchomp\n|-supereffective|p2a: Garchomp\n|-damage|p2a: Garchomp|0 fnt\n|faint|p2a: Garchomp\n|\n|-weather|Sandstorm|[upkeep]\n|upkeep\n|\n|t:|1700060841\n|switch|p2a: Lopunny|Lopunny, F|100\/100\n|-damage|p2a: Lopunny|88\/100|[from] Stealth Rock\n|turn|5\n|\n|t:|1700060849\n|switch|p1a: Doublade|Doublade, F|100\/100\n|detailschange|p2a: Lopunny|Lopunny-Mega, F\n|-mega|p2a: Lopunny|Lopunny|Lopunnite\n|move|p2a: Lopunny|Close Combat|p1a: Doublade\n|-supereffective|p1a: Doublade\n|-damage|p1a: Doublade|32\/100\n|-unboost|p2a: Lopunny|def|1\n|-unboost|p2a: Lopunny|spd|1\n|\n|-weather|none\n|upkeep\n|turn|6\n|\n|t:|1700060908\n|move|p2a: Lopunny|Close Combat|p1a: Doublade\n|-supereffective|p1a: Doublade\n|-damage|p1a: Doublade|0 fnt\n|-unboost|p2a: Lopunny|def|1\n|-unboost|p2a: Lopunny|spd|1\n|faint|p1a: Doublade\n|\n|upkeep\n|\n|t:|1700060914\n|switch|p1a: Alomomola|Alomomola, M, shiny|100\/100\n|turn|7\n|\n|t:|1700060932\n|switch|p2a: Magnezone|Magnezone|46\/100\n|-damage|p2a: Magnezone|40\/100|[from] Stealth Rock\n|move|p1a: Alomomola|Toxic|p2a: Magnezone\n|-immune|p2a: Magnezone\n|\n|upkeep\n|turn|8\n|\n|t:|1700060946\n|switch|p1a: Great Tusk|Great Tusk|100\/100\n|move|p2a: Magnezone|Steel Beam|p1a: Great Tusk\n|-damage|p1a: Great Tusk|0 fnt\n|-damage|p2a: Magnezone|0 fnt|[from] steelbeam\n|faint|p2a: Magnezone\n|faint|p1a: Great Tusk\n|-end|p1a: Great Tusk|Protosynthesis|[silent]\n|\n|-fieldend|move: Psychic Terrain\n|upkeep\n|\n|t:|1700060961\n|switch|p1a: Tyranitar|Tyranitar, M|100\/100\n|switch|p2a: Tapu Lele|Tapu Lele|94\/100\n|-damage|p2a: Tapu Lele|82\/100|[from] Stealth Rock\n|-fieldstart|move: Psychic Terrain|[from] ability: Psychic Surge|[of] p2a: Tapu Lele\n|-weather|Sandstorm|[from] ability: Sand Stream|[of] p1a: Tyranitar\n|turn|9\n|\n|t:|1700060968\n|move|p2a: Tapu Lele|Moonblast|p1a: Tyranitar\n|-supereffective|p1a: Tyranitar\n|-damage|p1a: Tyranitar|45\/100\n|move|p1a: Tyranitar|Knock Off|p2a: Tapu Lele\n|-damage|p2a: Tapu Lele|17\/100\n|-enditem|p2a: Tapu Lele|Terrain Extender|[from] move: Knock Off|[of] p1a: Tyranitar\n|\n|-weather|Sandstorm|[upkeep]\n|-damage|p2a: Tapu Lele|11\/100|[from] Sandstorm\n|upkeep\n|turn|10\n|\n|t:|1700060975\n|switch|p1a: Alomomola|Alomomola, M, shiny|100\/100\n|move|p2a: Tapu Lele|Moonblast|p1a: Alomomola\n|-damage|p1a: Alomomola|50\/100\n|\n|-weather|Sandstorm|[upkeep]\n|-damage|p2a: Tapu Lele|5\/100|[from] Sandstorm\n|-damage|p1a: Alomomola|44\/100|[from] Sandstorm\n|upkeep\n|turn|11\n|\n|t:|1700060983\n|move|p1a: Alomomola|Protect|p1a: Alomomola\n|-singleturn|p1a: Alomomola|Protect\n|move|p2a: Tapu Lele|Moonblast|p1a: Alomomola\n|-activate|p1a: Alomomola|move: Protect\n|\n|-weather|Sandstorm|[upkeep]\n|-damage|p2a: Tapu Lele|0 fnt|[from] Sandstorm\n|-damage|p1a: Alomomola|38\/100|[from] Sandstorm\n|faint|p2a: Tapu Lele\n|upkeep\n|\n|t:|1700060988\n|switch|p2a: Blacephalon|Blacephalon|100\/100\n|-damage|p2a: Blacephalon|75\/100|[from] Stealth Rock\n|turn|12\n|\n|t:|1700061013\n|switch|p1a: Tyranitar|Tyranitar, M|45\/100\n|move|p2a: Blacephalon|Trick|p1a: Tyranitar\n|-activate|p2a: Blacephalon|move: Trick|[of] p1a: Tyranitar\n|-item|p1a: Tyranitar|Choice Scarf|[from] move: Trick\n|-item|p2a: Blacephalon|Shuca Berry|[from] move: Trick\n|\n|-weather|Sandstorm|[upkeep]\n|-damage|p2a: Blacephalon|69\/100|[from] Sandstorm\n|upkeep\n|turn|13\n|\n|t:|1700061048\n|switch|p2a: Lopunny|Lopunny-Mega, F|88\/100\n|-damage|p2a: Lopunny|82\/100|[from] Stealth Rock\n|move|p1a: Tyranitar|Knock Off|p2a: Lopunny\n|-resisted|p2a: Lopunny\n|-crit|p2a: Lopunny\n|-damage|p2a: Lopunny|50\/100\n|\n|-weather|none\n|upkeep\n|turn|14\n|\n|t:|1700061061\n|move|p2a: Lopunny|Close Combat|p1a: Tyranitar\n|-supereffective|p1a: Tyranitar\n|-damage|p1a: Tyranitar|0 fnt\n|-unboost|p2a: Lopunny|def|1\n|-unboost|p2a: Lopunny|spd|1\n|faint|p1a: Tyranitar\n|\n|upkeep\n|\n|t:|1700061063\n|switch|p1a: Charizard|Charizard, M|100\/100\n|turn|15\n|\n|t:|1700061079\n|detailschange|p1a: Charizard|Charizard-Mega-Y, M\n|-mega|p1a: Charizard|Charizard|Charizardite Y\n|-weather|SunnyDay|[from] ability: Drought|[of] p1a: Charizard\n|move|p2a: Lopunny|Close Combat|p1a: Charizard\n|-resisted|p1a: Charizard\n|-damage|p1a: Charizard|51\/100\n|-unboost|p2a: Lopunny|def|1\n|-unboost|p2a: Lopunny|spd|1\n|move|p1a: Charizard|Scorching Sands|p2a: Lopunny\n|-damage|p2a: Lopunny|0 fnt\n|faint|p2a: Lopunny\n|\n|-weather|SunnyDay|[upkeep]\n|upkeep\n|\n|t:|1700061087\n|switch|p2a: Blacephalon|Blacephalon|69\/100\n|-damage|p2a: Blacephalon|44\/100|[from] Stealth Rock\n|turn|16\n|\n|t:|1700061093\n|-terastallize|p2a: Blacephalon|Psychic\n|move|p1a: Charizard|Scorching Sands|p2a: Blacephalon\n|-damage|p2a: Blacephalon|1\/100\n|move|p2a: Blacephalon|Expanding Force|p1a: Charizard\n|-crit|p1a: Charizard\n|-damage|p1a: Charizard|0 fnt\n|faint|p1a: Charizard\n|-ability|p2a: Blacephalon|Beast Boost|boost\n|-boost|p2a: Blacephalon|spa|1\n|\n|-weather|SunnyDay|[upkeep]\n|-fieldend|move: Psychic Terrain\n|upkeep\n|\n|t:|1700061103\n|switch|p1a: Alomomola|Alomomola, M, shiny|71\/100\n|turn|17\n|\n|t:|1700061109\n|move|p2a: Blacephalon|Expanding Force|p1a: Alomomola\n|-damage|p1a: Alomomola|0 fnt\n|faint|p1a: Alomomola\n|-ability|p2a: Blacephalon|Beast Boost|boost\n|-boost|p2a: Blacephalon|spa|1\n|\n|-weather|SunnyDay|[upkeep]\n|upkeep\n|\n|t:|1700061112\n|switch|p1a: Serperior|Serperior, F|100\/100\n|turn|18\n|\n|t:|1700061126\n|-terastallize|p1a: Serperior|Fire\n|move|p1a: Serperior|Leaf Storm|p2a: Blacephalon\n|-damage|p2a: Blacephalon|0 fnt\n|-boost|p1a: Serperior|spa|2\n|faint|p2a: Blacephalon\n|\n|-weather|SunnyDay|[upkeep]\n|upkeep\n|\n|t:|1700061130\n|switch|p2a: Nidoking|Nidoking, M|100\/100\n|-damage|p2a: Nidoking|94\/100|[from] Stealth Rock\n|turn|19\n|\n|t:|1700061133\n|move|p1a: Serperior|Leaf Storm|p2a: Nidoking\n|-damage|p2a: Nidoking|0 fnt\n|-boost|p1a: Serperior|spa|2\n|faint|p2a: Nidoking\n|\n|win|Naiyaya\n|l| cocakk\n","uploadtime":1700061141,"views":20,"p1id":"naiyaya","p2id":"steannm","formatid":"gen9nationaldex","rating":0,"private":0,"password":""}