{"id":"gen9nationaldex-1988402241","p1":"Dezjaws","p2":"Pekkapekka","format":"[Gen 9] National Dex","log":"|j|\u2606Dezjaws\n|j|\u2606Pekkapekka\n|t:|1699718955\n|gametype|singles\n|player|p1|Dezjaws|ghetsis|\n|player|p2|Pekkapekka|galacticgrunt|\n|teamsize|p1|6\n|teamsize|p2|6\n|gen|9\n|tier|[Gen 9] National Dex\n|rule|HP Percentage Mod: HP is shown in percentages\n|rule|Endless Battle Clause: Forcing endless battles is banned\n|rule|OHKO Clause: OHKO moves are banned\n|rule|Evasion Clause: Evasion abilities, items, and moves are banned\n|rule|Evasion Abilities Clause: Evasion abilities are banned\n|rule|Evasion Items Clause: Evasion items are banned\n|rule|Evasion Moves Clause: Evasion moves are banned\n|rule|Species Clause: Limit one of each Pok\u00e9mon\n|rule|Sleep Clause Mod: Limit one foe put to sleep\n|clearpoke\n|poke|p1|Ninetales-Alola, F|\n|poke|p1|Scizor, F|\n|poke|p1|Greninja-*, M|\n|poke|p1|Zapdos|\n|poke|p1|Clodsire, F|\n|poke|p1|Ditto|\n|poke|p2|Alomomola, F|\n|poke|p2|Blissey, F|\n|poke|p2|Gliscor, M|\n|poke|p2|Medicham, F|\n|poke|p2|Blacephalon|\n|poke|p2|Iron Valiant|\n|teampreview\n|j| PyrobutLeGoat\n|j| MaitreDescartes\n|\n|t:|1699719010\n|start\n|switch|p1a: Cizayox|Scizor, F|100\/100\n|switch|p2a: Blissey|Blissey, F, shiny|100\/100\n|turn|1\n|\n|t:|1699719023\n|switch|p2a: Blacephalon|Blacephalon, shiny|100\/100\n|detailschange|p1a: Cizayox|Scizor-Mega, F\n|-mega|p1a: Cizayox|Scizor|Scizorite\n|move|p1a: Cizayox|U-turn|p2a: Blacephalon\n|-resisted|p2a: Blacephalon\n|-damage|p2a: Blacephalon|75\/100\n|\n|t:|1699719031\n|switch|p1a: Amphinobie|Greninja, M|100\/100|[from] U-turn\n|\n|upkeep\n|turn|2\n|\n|t:|1699719039\n|switch|p2a: Blissey|Blissey, F, shiny|100\/100\n|move|p1a: Amphinobie|Water Shuriken|p2a: Blissey\n|-start|p1a: Amphinobie|typechange|Water|[from] ability: Protean\n|-damage|p2a: Blissey|98\/100\n|-damage|p2a: Blissey|95\/100\n|-hitcount|p2a: Blissey|2\n|\n|upkeep\n|turn|3\n|\n|t:|1699719055\n|switch|p1a: \u00c9lecthor|Zapdos|100\/100\n|move|p2a: Blissey|Teleport|p2a: Blissey\n|\n|t:|1699719066\n|switch|p2a: Gliscor|Gliscor, M, shiny|100\/100|[from] Teleport\n|\n|-status|p2a: Gliscor|tox|[from] item: Toxic Orb\n|upkeep\n|turn|4\n|\n|t:|1699719074\n|switch|p1a: Feunard|Ninetales-Alola, F|100\/100\n|-weather|Snow|[from] ability: Snow Warning|[of] p1a: Feunard\n|move|p2a: Gliscor|Toxic|p1a: Feunard\n|-status|p1a: Feunard|tox\n|\n|-weather|Snow|[upkeep]\n|-damage|p1a: Feunard|94\/100 tox|[from] psn\n|upkeep\n|turn|5\n|\n|t:|1699719088\n|switch|p2a: Blissey|Blissey, F, shiny|95\/100\n|move|p1a: Feunard|Aurora Veil|p1a: Feunard\n|-sidestart|p1: Dezjaws|move: Aurora Veil\n|\n|-weather|Snow|[upkeep]\n|-damage|p1a: Feunard|82\/100 tox|[from] psn\n|upkeep\n|turn|6\n|\n|t:|1699719103\n|switch|p1a: \u00c9lecthor|Zapdos|100\/100\n|move|p2a: Blissey|Teleport|p2a: Blissey\n|\n|t:|1699719107\n|switch|p2a: Gliscor|Gliscor, M, shiny|100\/100 tox|[from] Teleport\n|\n|-weather|Snow|[upkeep]\n|upkeep\n|turn|7\n|\n|t:|1699719116\n|switch|p1a: Feunard|Ninetales-Alola, F|82\/100 tox\n|move|p2a: Gliscor|Defog|p1a: Feunard\n|-unboost|p1a: Feunard|evasion|1\n|-sideend|p1: Dezjaws|move: Aurora Veil\n|\n|-weather|Snow|[upkeep]\n|-damage|p1a: Feunard|76\/100 tox|[from] psn\n|upkeep\n|turn|8\n|\n|t:|1699719129\n|switch|p1a: Cizayox|Scizor-Mega, F|100\/100\n|switch|p2a: Blissey|Blissey, F, shiny|95\/100\n|\n|-weather|none\n|upkeep\n|turn|9\n|\n|t:|1699719143\n|switch|p2a: Alomomola|Alomomola, F, shiny|100\/100\n|move|p1a: Cizayox|U-turn|p2a: Alomomola\n|-damage|p2a: Alomomola|75\/100\n|\n|t:|1699719149\n|switch|p1a: Amphinobie|Greninja, M|100\/100|[from] U-turn\n|\n|-heal|p2a: Alomomola|81\/100|[from] item: Leftovers\n|upkeep\n|turn|10\n|\n|t:|1699719157\n|move|p2a: Alomomola|Protect|p2a: Alomomola\n|-singleturn|p2a: Alomomola|Protect\n|move|p1a: Amphinobie|Dark Pulse|p2a: Alomomola\n|-start|p1a: Amphinobie|typechange|Dark|[from] ability: Protean\n|-activate|p2a: Alomomola|move: Protect\n|\n|-heal|p2a: Alomomola|87\/100|[from] item: Leftovers\n|upkeep\n|turn|11\n|\n|t:|1699719176\n|switch|p1a: Cizayox|Scizor-Mega, F|100\/100\n|switch|p2a: Gliscor|Gliscor, M, shiny|100\/100 tox\n|\n|upkeep\n|turn|12\n|\n|t:|1699719187\n|move|p1a: Cizayox|U-turn|p2a: Gliscor\n|-resisted|p2a: Gliscor\n|-damage|p2a: Gliscor|87\/100 tox\n|\n|t:|1699719192\n|switch|p1a: Feunard|Ninetales-Alola, F|76\/100 tox|[from] U-turn\n|-weather|Snow|[from] ability: Snow Warning|[of] p1a: Feunard\n|move|p2a: Gliscor|Earthquake|p1a: Feunard\n|-damage|p1a: Feunard|51\/100 tox\n|\n|-weather|Snow|[upkeep]\n|-damage|p1a: Feunard|45\/100 tox|[from] psn\n|-heal|p2a: Gliscor|99\/100 tox|[from] ability: Poison Heal\n|upkeep\n|turn|13\n|\n|t:|1699719206\n|switch|p2a: Blissey|Blissey, F, shiny|95\/100\n|move|p1a: Feunard|Aurora Veil|p1a: Feunard\n|-sidestart|p1: Dezjaws|move: Aurora Veil\n|\n|-weather|Snow|[upkeep]\n|-damage|p1a: Feunard|33\/100 tox|[from] psn\n|upkeep\n|turn|14\n|\n|t:|1699719217\n|switch|p1a: \u00c9lecthor|Zapdos|100\/100\n|move|p2a: Blissey|Teleport|p2a: Blissey\n|\n|t:|1699719224\n|switch|p2a: Gliscor|Gliscor, M, shiny|99\/100 tox|[from] Teleport\n|\n|-weather|Snow|[upkeep]\n|-heal|p2a: Gliscor|100\/100 tox|[from] ability: Poison Heal\n|upkeep\n|turn|15\n|\n|t:|1699719234\n|move|p1a: \u00c9lecthor|Heat Wave|p2a: Gliscor\n|-damage|p2a: Gliscor|66\/100 tox\n|move|p2a: Gliscor|Defog|p1a: \u00c9lecthor\n|-unboost|p1a: \u00c9lecthor|evasion|1\n|-sideend|p1: Dezjaws|move: Aurora Veil\n|\n|-weather|Snow|[upkeep]\n|-heal|p2a: Gliscor|79\/100 tox|[from] ability: Poison Heal\n|upkeep\n|turn|16\n|\n|t:|1699719244\n|switch|p2a: Blissey|Blissey, F, shiny|95\/100\n|move|p1a: \u00c9lecthor|Heat Wave|p2a: Blissey\n|-damage|p2a: Blissey|87\/100\n|\n|-weather|none\n|upkeep\n|turn|17\n|\n|t:|1699719253\n|move|p1a: \u00c9lecthor|Heat Wave|p2a: Blissey\n|-damage|p2a: Blissey|79\/100\n|-status|p2a: Blissey|brn\n|move|p2a: Blissey|Seismic Toss|p1a: \u00c9lecthor\n|-damage|p1a: \u00c9lecthor|74\/100\n|\n|-damage|p2a: Blissey|73\/100 brn|[from] brn\n|upkeep\n|turn|18\n|\n|t:|1699719265\n|move|p1a: \u00c9lecthor|Heat Wave|p2a: Blissey\n|-damage|p2a: Blissey|65\/100 brn\n|move|p2a: Blissey|Teleport|p2a: Blissey\n|\n|t:|1699719291\n|-curestatus|p2a: Blissey|brn|[from] ability: Natural Cure\n|switch|p2a: Medicham|Medicham, F, shiny|100\/100|[from] Teleport\n|\n|upkeep\n|turn|19\n|\n|t:|1699719299\n|detailschange|p2a: Medicham|Medicham-Mega, F, shiny\n|-mega|p2a: Medicham|Medicham|Medichamite\n|move|p2a: Medicham|Fake Out|p1a: \u00c9lecthor\n|-damage|p1a: \u00c9lecthor|59\/100\n|cant|p1a: \u00c9lecthor|flinch\n|\n|upkeep\n|turn|20\n|\n|t:|1699719308\n|switch|p2a: Blissey|Blissey, F, shiny|65\/100\n|move|p1a: \u00c9lecthor|Roost|p1a: \u00c9lecthor\n|-heal|p1a: \u00c9lecthor|100\/100\n|-singleturn|p1a: \u00c9lecthor|move: Roost\n|\n|upkeep\n|turn|21\n|\n|t:|1699719322\n|switch|p1a: Terraiste|Clodsire, F|100\/100\n|move|p2a: Blissey|Soft-Boiled|p2a: Blissey\n|-heal|p2a: Blissey|100\/100\n|\n|upkeep\n|turn|22\n|\n|t:|1699719332\n|switch|p2a: Gliscor|Gliscor, M, shiny|79\/100 tox\n|move|p1a: Terraiste|Stealth Rock|p2a: Gliscor\n|-sidestart|p2: Pekkapekka|move: Stealth Rock\n|\n|-heal|p2a: Gliscor|91\/100 tox|[from] ability: Poison Heal\n|upkeep\n|turn|23\n|\n|t:|1699719346\n|switch|p1a: Amphinobie|Greninja, M|100\/100\n|move|p2a: Gliscor|Earthquake|p1a: Amphinobie\n|-damage|p1a: Amphinobie|43\/100\n|\n|-heal|p2a: Gliscor|100\/100 tox|[from] ability: Poison Heal\n|upkeep\n|turn|24\n|\n|t:|1699719358\n|switch|p2a: Blissey|Blissey, F, shiny|100\/100\n|move|p1a: Amphinobie|Dark Pulse|p2a: Blissey\n|-start|p1a: Amphinobie|typechange|Dark|[from] ability: Protean\n|-damage|p2a: Blissey|87\/100\n|\n|upkeep\n|turn|25\n|\n|t:|1699719370\n|switch|p1a: \u00c9lecthor|Zapdos|100\/100\n|move|p2a: Blissey|Teleport|p2a: Blissey\n|\n|t:|1699719376\n|switch|p2a: Gliscor|Gliscor, M, shiny|100\/100 tox|[from] Teleport\n|-damage|p2a: Gliscor|88\/100 tox|[from] Stealth Rock\n|\n|-heal|p2a: Gliscor|100\/100 tox|[from] ability: Poison Heal\n|upkeep\n|turn|26\n|\n|t:|1699719386\n|move|p1a: \u00c9lecthor|Heat Wave|p2a: Gliscor\n|-damage|p2a: Gliscor|68\/100 tox\n|move|p2a: Gliscor|Toxic|p1a: \u00c9lecthor\n|-status|p1a: \u00c9lecthor|tox\n|\n|-damage|p1a: \u00c9lecthor|94\/100 tox|[from] psn\n|-heal|p2a: Gliscor|80\/100 tox|[from] ability: Poison Heal\n|upkeep\n|turn|27\n|\n|t:|1699719400\n|switch|p1a: Cizayox|Scizor-Mega, F|100\/100\n|move|p2a: Gliscor|Defog|p1a: Cizayox\n|-unboost|p1a: Cizayox|evasion|1\n|-sideend|p2: Pekkapekka|Stealth Rock|[from] move: Defog|[of] p2a: Gliscor\n|\n|-heal|p2a: Gliscor|93\/100 tox|[from] ability: Poison Heal\n|upkeep\n|turn|28\n|\n|t:|1699719413\n|switch|p2a: Blacephalon|Blacephalon, shiny|75\/100\n|move|p1a: Cizayox|Swords Dance|p1a: Cizayox\n|-boost|p1a: Cizayox|atk|2\n|\n|upkeep\n|turn|29\n|\n|t:|1699719423\n|move|p1a: Cizayox|Bullet Punch|p2a: Blacephalon\n|-resisted|p2a: Blacephalon\n|-damage|p2a: Blacephalon|0 fnt\n|faint|p2a: Blacephalon\n|\n|upkeep\n|\n|t:|1699719433\n|switch|p2a: Medicham|Medicham-Mega, F, shiny|100\/100\n|turn|30\n|\n|t:|1699719443\n|move|p1a: Cizayox|Bullet Punch|p2a: Medicham\n|-damage|p2a: Medicham|0 fnt\n|faint|p2a: Medicham\n|\n|upkeep\n|\n|t:|1699719452\n|switch|p2a: Gliscor|Gliscor, M, shiny|93\/100 tox\n|turn|31\n|\n|t:|1699719457\n|move|p1a: Cizayox|Swords Dance|p1a: Cizayox\n|-boost|p1a: Cizayox|atk|2\n|move|p2a: Gliscor|Earthquake|p1a: Cizayox\n|-damage|p1a: Cizayox|72\/100\n|\n|-heal|p2a: Gliscor|100\/100 tox|[from] ability: Poison Heal\n|upkeep\n|turn|32\n|j| TheWhitebrim\n|\n|t:|1699719466\n|move|p1a: Cizayox|Bullet Punch|p2a: Gliscor\n|-damage|p2a: Gliscor|31\/100 tox\n|move|p2a: Gliscor|Earthquake|p1a: Cizayox\n|-damage|p1a: Cizayox|40\/100\n|\n|-heal|p2a: Gliscor|44\/100 tox|[from] ability: Poison Heal\n|upkeep\n|turn|33\n|\n|t:|1699719477\n|switch|p2a: Alomomola|Alomomola, F, shiny|100\/100\n|move|p1a: Cizayox|Bullet Punch|p2a: Alomomola\n|-resisted|p2a: Alomomola\n|-damage|p2a: Alomomola|71\/100\n|\n|-heal|p2a: Alomomola|77\/100|[from] item: Leftovers\n|upkeep\n|turn|34\n|\n|t:|1699719487\n|move|p1a: Cizayox|Close Combat|p2a: Alomomola\n|-damage|p2a: Alomomola|0 fnt\n|-unboost|p1a: Cizayox|def|1\n|-unboost|p1a: Cizayox|spd|1\n|faint|p2a: Alomomola\n|\n|upkeep\n|\n|t:|1699719496\n|switch|p2a: Iron Valiant|Iron Valiant, shiny|100\/100\n|-enditem|p2a: Iron Valiant|Booster Energy\n|-activate|p2a: Iron Valiant|ability: Quark Drive|[fromitem]\n|-start|p2a: Iron Valiant|quarkdrivespe\n|turn|35\n|\n|t:|1699719504\n|-terastallize|p2a: Iron Valiant|Electric\n|move|p1a: Cizayox|Bullet Punch|p2a: Iron Valiant\n|-resisted|p2a: Iron Valiant\n|-damage|p2a: Iron Valiant|25\/100\n|move|p2a: Iron Valiant|Thunderbolt|p1a: Cizayox\n|-damage|p1a: Cizayox|0 fnt\n|faint|p1a: Cizayox\n|\n|upkeep\n|c| TheWhitebrim|mitochondria is the powerhouse of the cell\n|\n|t:|1699719515\n|switch|p1a: M\u00e9tamorph|Ditto|100\/100\n|-transform|p1a: M\u00e9tamorph|p2a: Iron Valiant|[from] ability: Imposter\n|-start|p1a: M\u00e9tamorph|typechange|Fairy\/Fighting|[silent]\n|turn|36\n|\n|t:|1699719526\n|-end|p2a: Iron Valiant|Quark Drive|[silent]\n|switch|p2a: Gliscor|Gliscor, M, shiny|44\/100 tox\n|move|p1a: M\u00e9tamorph|Close Combat|p2a: Gliscor\n|-resisted|p2a: Gliscor\n|-damage|p2a: Gliscor|27\/100 tox\n|-unboost|p1a: M\u00e9tamorph|def|1\n|-unboost|p1a: M\u00e9tamorph|spd|1\n|\n|-heal|p2a: Gliscor|39\/100 tox|[from] ability: Poison Heal\n|upkeep\n|turn|37\n|\n|t:|1699719541\n|-end|p1a: M\u00e9tamorph|Quark Drive|[silent]\n|switch|p1a: Terraiste|Clodsire, F|100\/100\n|move|p2a: Gliscor|Roost|p2a: Gliscor\n|-heal|p2a: Gliscor|89\/100 tox\n|-singleturn|p2a: Gliscor|move: Roost\n|\n|-heal|p2a: Gliscor|100\/100 tox|[from] ability: Poison Heal\n|upkeep\n|turn|38\n|\n|t:|1699719560\n|switch|p1a: \u00c9lecthor|Zapdos|94\/100 tox\n|move|p2a: Gliscor|Earthquake|p1a: \u00c9lecthor\n|-immune|p1a: \u00c9lecthor\n|\n|-damage|p1a: \u00c9lecthor|88\/100 tox|[from] psn\n|upkeep\n|turn|39\n|\n|t:|1699719571\n|switch|p2a: Blissey|Blissey, F, shiny|87\/100\n|move|p1a: \u00c9lecthor|Heat Wave|p2a: Blissey\n|-damage|p2a: Blissey|79\/100\n|\n|-damage|p1a: \u00c9lecthor|75\/100 tox|[from] psn\n|upkeep\n|turn|40\n|\n|t:|1699719584\n|switch|p1a: Terraiste|Clodsire, F|100\/100\n|move|p2a: Blissey|Teleport|p2a: Blissey\n|\n|t:|1699719589\n|switch|p2a: Gliscor|Gliscor, M, shiny|100\/100 tox|[from] Teleport\n|\n|upkeep\n|turn|41\n|\n|t:|1699719599\n|switch|p1a: M\u00e9tamorph|Ditto|100\/100\n|-transform|p1a: M\u00e9tamorph|p2a: Gliscor|[from] ability: Imposter\n|move|p2a: Gliscor|Earthquake|p1a: M\u00e9tamorph\n|-immune|p1a: M\u00e9tamorph\n|\n|upkeep\n|turn|42\n|\n|t:|1699719614\n|move|p1a: M\u00e9tamorph|Earthquake|p2a: Gliscor\n|-immune|p2a: Gliscor\n|move|p2a: Gliscor|Earthquake|p1a: M\u00e9tamorph\n|-immune|p1a: M\u00e9tamorph\n|\n|upkeep\n|turn|43\n|\n|t:|1699719626\n|move|p1a: M\u00e9tamorph|Earthquake|p2a: Gliscor\n|-immune|p2a: Gliscor\n|move|p2a: Gliscor|Defog|p1a: M\u00e9tamorph\n|-unboost|p1a: M\u00e9tamorph|evasion|1\n|\n|upkeep\n|turn|44\n|\n|t:|1699719634\n|move|p1a: M\u00e9tamorph|Earthquake|p2a: Gliscor\n|-immune|p2a: Gliscor\n|move|p2a: Gliscor|Toxic|p1a: M\u00e9tamorph\n|-status|p1a: M\u00e9tamorph|tox\n|\n|upkeep\n|turn|45\n|\n|t:|1699719645\n|move|p1a: M\u00e9tamorph|Earthquake|p2a: Gliscor\n|-immune|p2a: Gliscor\n|move|p2a: Gliscor|Earthquake|p1a: M\u00e9tamorph\n|-immune|p1a: M\u00e9tamorph\n|\n|upkeep\n|turn|46\n|\n|t:|1699719658\n|move|p1a: M\u00e9tamorph|Earthquake|p2a: Gliscor\n|-immune|p2a: Gliscor\n|move|p2a: Gliscor|Earthquake|p1a: M\u00e9tamorph\n|-immune|p1a: M\u00e9tamorph\n|\n|upkeep\n|turn|47\n|\n|t:|1699719666\n|switch|p1a: \u00c9lecthor|Zapdos|75\/100 tox\n|switch|p2a: Iron Valiant|Iron Valiant, shiny, tera:Electric|25\/100\n|\n|-damage|p1a: \u00c9lecthor|69\/100 tox|[from] psn\n|upkeep\n|turn|48\n|\n|t:|1699719676\n|switch|p1a: Terraiste|Clodsire, F|100\/100\n|move|p2a: Iron Valiant|Moonblast|p1a: Terraiste\n|-resisted|p1a: Terraiste\n|-damage|p1a: Terraiste|87\/100\n|-unboost|p1a: Terraiste|spa|1\n|\n|-heal|p1a: Terraiste|93\/100|[from] item: Leftovers\n|upkeep\n|turn|49\n|\n|t:|1699719689\n|move|p2a: Iron Valiant|Knock Off|p1a: Terraiste\n|-damage|p1a: Terraiste|63\/100\n|-enditem|p1a: Terraiste|Leftovers|[from] move: Knock Off|[of] p2a: Iron Valiant\n|move|p1a: Terraiste|Stealth Rock|p2a: Iron Valiant\n|-sidestart|p2: Pekkapekka|move: Stealth Rock\n|\n|upkeep\n|turn|50\n|\n|t:|1699719700\n|-end|p2a: Iron Valiant|Quark Drive|[silent]\n|switch|p2a: Blissey|Blissey, F, shiny|79\/100\n|move|p1a: Terraiste|Recover|p1a: Terraiste\n|-heal|p1a: Terraiste|100\/100\n|\n|upkeep\n|turn|51\n|\n|t:|1699719711\n|move|p1a: Terraiste|Toxic|p2a: Blissey\n|-status|p2a: Blissey|tox\n|move|p2a: Blissey|Teleport|p2a: Blissey\n|\n|t:|1699719716\n|-curestatus|p2a: Blissey|tox|[from] ability: Natural Cure\n|switch|p2a: Gliscor|Gliscor, M, shiny|100\/100 tox|[from] Teleport\n|-damage|p2a: Gliscor|88\/100 tox|[from] Stealth Rock\n|\n|-heal|p2a: Gliscor|100\/100 tox|[from] ability: Poison Heal\n|upkeep\n|turn|52\n|\n|t:|1699719726\n|switch|p2a: Blissey|Blissey, F, shiny|79\/100\n|switch|p1a: M\u00e9tamorph|Ditto|100\/100 tox\n|-transform|p1a: M\u00e9tamorph|p2a: Blissey|[from] ability: Imposter\n|\n|-damage|p1a: M\u00e9tamorph|94\/100 tox|[from] psn\n|upkeep\n|turn|53\n|\n|t:|1699719741\n|move|p2a: Blissey|Seismic Toss|p1a: M\u00e9tamorph\n|-damage|p1a: M\u00e9tamorph|61\/100 tox\n|move|p1a: M\u00e9tamorph|Teleport|p1a: M\u00e9tamorph\n|\n|t:|1699719747\n|-curestatus|p1a: M\u00e9tamorph|tox|[from] ability: Natural Cure\n|switch|p1a: Terraiste|Clodsire, F|100\/100|[from] Teleport\n|\n|upkeep\n|turn|54\n|\n|t:|1699719759\n|move|p1a: Terraiste|Toxic|p2a: Blissey\n|-status|p2a: Blissey|tox\n|move|p2a: Blissey|Teleport|p2a: Blissey\n|\n|t:|1699719765\n|-curestatus|p2a: Blissey|tox|[from] ability: Natural Cure\n|switch|p2a: Gliscor|Gliscor, M, shiny|100\/100 tox|[from] Teleport\n|-damage|p2a: Gliscor|88\/100 tox|[from] Stealth Rock\n|\n|-heal|p2a: Gliscor|100\/100 tox|[from] ability: Poison Heal\n|upkeep\n|turn|55\n|\n|t:|1699719774\n|switch|p1a: M\u00e9tamorph|Ditto|61\/100\n|-transform|p1a: M\u00e9tamorph|p2a: Gliscor|[from] ability: Imposter\n|move|p2a: Gliscor|Earthquake|p1a: M\u00e9tamorph\n|-immune|p1a: M\u00e9tamorph\n|\n|upkeep\n|turn|56\n|\n|t:|1699719784\n|move|p1a: M\u00e9tamorph|Earthquake|p2a: Gliscor\n|-immune|p2a: Gliscor\n|move|p2a: Gliscor|Defog|p1a: M\u00e9tamorph\n|-unboost|p1a: M\u00e9tamorph|evasion|1\n|-sideend|p2: Pekkapekka|Stealth Rock|[from] move: Defog|[of] p2a: Gliscor\n|\n|upkeep\n|turn|57\n|-message|Pekkapekka forfeited.\n|\n|win|Dezjaws\n|l|\u2606Pekkapekka\n","uploadtime":1699719806,"views":14,"p1id":"dezjaws","p2id":"pekkapekka","formatid":"gen9nationaldex","rating":0,"private":0,"password":""}