{"id":"gen9nationaldex-1998906278","p1":"Xero Dracohart","p2":"crowreo","format":"[Gen 9] National Dex","log":"|html|<div class=\"broadcast-blue\"><strong>[Gen 9] National Dex is currently suspecting Sneasler! For information on how to participate check out the <a href=\"https:\/\/www.smogon.com\/forums\/threads\/sv-national-dex-suspect-8-just-dance.3731534\/\">suspect thread<\/a>.<\/strong><\/div>\n|j|\u2606Xero Dracohart\n|j|\u2606crowreo\n|t:|1701011412\n|gametype|singles\n|player|p1|Xero Dracohart|burgh|1048\n|player|p2|crowreo|lady|1000\n|teamsize|p1|6\n|teamsize|p2|6\n|gen|9\n|tier|[Gen 9] National Dex\n|rated|\n|rule|HP Percentage Mod: HP is shown in percentages\n|rule|Endless Battle Clause: Forcing endless battles is banned\n|rule|OHKO Clause: OHKO moves are banned\n|rule|Evasion Clause: Evasion abilities, items, and moves are banned\n|rule|Evasion Abilities Clause: Evasion abilities are banned\n|rule|Evasion Items Clause: Evasion items are banned\n|rule|Evasion Moves Clause: Evasion moves are banned\n|rule|Species Clause: Limit one of each Pok\u00e9mon\n|rule|Sleep Clause Mod: Limit one foe put to sleep\n|clearpoke\n|poke|p1|Golisopod, M|\n|poke|p1|Volcarona, M|\n|poke|p1|Pinsir, M|\n|poke|p1|Scolipede, F|\n|poke|p1|Kleavor, M|\n|poke|p1|Galvantula, M|\n|poke|p2|Kartana|\n|poke|p2|Beedrill, M|\n|poke|p2|Rotom-Wash|\n|poke|p2|Skeledirge, M|\n|poke|p2|Pawmot, F|\n|poke|p2|Sneasler, M|\n|teampreview\n|inactive|Battle timer is ON: inactive players will automatically lose when time's up. (requested by crowreo)\n|\n|t:|1701011434\n|start\n|switch|p1a: Galvantula|Galvantula, M|100\/100\n|switch|p2a: Skeledirge|Skeledirge, M|100\/100\n|turn|1\n|\n|t:|1701011439\n|move|p1a: Galvantula|Sticky Web|p2a: Skeledirge\n|-sidestart|p2: crowreo|move: Sticky Web\n|move|p2a: Skeledirge|Torch Song|p1a: Galvantula\n|-supereffective|p1a: Galvantula\n|-enditem|p1a: Galvantula|Focus Sash\n|-damage|p1a: Galvantula|1\/100\n|-boost|p2a: Skeledirge|spa|1\n|\n|upkeep\n|turn|2\n|\n|t:|1701011444\n|move|p1a: Galvantula|Thunder|p2a: Skeledirge\n|-damage|p2a: Skeledirge|68\/100\n|move|p2a: Skeledirge|Torch Song|p1a: Galvantula\n|-supereffective|p1a: Galvantula\n|-damage|p1a: Galvantula|0 fnt\n|-boost|p2a: Skeledirge|spa|1\n|faint|p1a: Galvantula\n|\n|-heal|p2a: Skeledirge|74\/100|[from] item: Leftovers\n|upkeep\n|\n|t:|1701011455\n|switch|p1a: Kleavor|Kleavor, M|100\/100\n|turn|3\n|\n|t:|1701011459\n|-terastallize|p2a: Skeledirge|Water\n|move|p1a: Kleavor|Stone Axe|p2a: Skeledirge\n|-damage|p2a: Skeledirge|28\/100\n|-sidestart|p2: crowreo|move: Stealth Rock\n|move|p2a: Skeledirge|Will-O-Wisp|p1a: Kleavor\n|-status|p1a: Kleavor|brn\n|\n|-heal|p2a: Skeledirge|34\/100|[from] item: Leftovers\n|-damage|p1a: Kleavor|94\/100 brn|[from] brn\n|upkeep\n|turn|4\n|\n|t:|1701011466\n|move|p1a: Kleavor|Trailblaze|p2a: Skeledirge\n|-supereffective|p2a: Skeledirge\n|-damage|p2a: Skeledirge|17\/100\n|-boost|p1a: Kleavor|spe|1\n|move|p2a: Skeledirge|Slack Off|p2a: Skeledirge\n|-heal|p2a: Skeledirge|67\/100\n|\n|-heal|p2a: Skeledirge|73\/100|[from] item: Leftovers\n|-damage|p1a: Kleavor|88\/100 brn|[from] brn\n|upkeep\n|turn|5\n|\n|t:|1701011477\n|move|p1a: Kleavor|Psycho Cut|p2a: Skeledirge\n|-damage|p2a: Skeledirge|57\/100\n|move|p2a: Skeledirge|Slack Off|p2a: Skeledirge\n|-heal|p2a: Skeledirge|100\/100\n|\n|-damage|p1a: Kleavor|82\/100 brn|[from] brn\n|upkeep\n|turn|6\n|\n|t:|1701011483\n|move|p1a: Kleavor|Psycho Cut|p2a: Skeledirge\n|-damage|p2a: Skeledirge|82\/100\n|move|p2a: Skeledirge|Torch Song|p1a: Kleavor\n|-damage|p1a: Kleavor|0 fnt\n|-boost|p2a: Skeledirge|spa|1\n|faint|p1a: Kleavor\n|\n|-heal|p2a: Skeledirge|89\/100|[from] item: Leftovers\n|upkeep\n|\n|t:|1701011493\n|switch|p1a: Golisopod|Golisopod, M|100\/100\n|turn|7\n|\n|t:|1701011498\n|move|p2a: Skeledirge|Will-O-Wisp|p1a: Golisopod\n|-status|p1a: Golisopod|brn\n|move|p1a: Golisopod|Poison Jab|p2a: Skeledirge\n|-damage|p2a: Skeledirge|78\/100\n|\n|-heal|p2a: Skeledirge|84\/100|[from] item: Leftovers\n|-damage|p1a: Golisopod|94\/100 brn|[from] brn\n|upkeep\n|turn|8\n|\n|t:|1701011502\n|move|p2a: Skeledirge|Torch Song|p1a: Golisopod\n|-damage|p1a: Golisopod|28\/100 brn\n|-boost|p2a: Skeledirge|spa|1\n|-enditem|p1a: Golisopod|Red Card|[of] p2a: Skeledirge\n|-activate|p1a: Golisopod|ability: Emergency Exit\n|drag|p2a: Sneasler|Sneasler, M|100\/100\n|-activate|p2a: Sneasler|move: Sticky Web\n|-unboost|p2a: Sneasler|spe|1\n|-damage|p2a: Sneasler|95\/100|[from] Stealth Rock\n|\n|t:|1701011512\n|switch|p1a: Pinsir|Pinsir, M|100\/100\n|\n|upkeep\n|turn|9\n|\n|t:|1701011520\n|detailschange|p1a: Pinsir|Pinsir-Mega, M\n|-mega|p1a: Pinsir|Pinsir|Pinsirite\n|move|p1a: Pinsir|Return|p2a: Sneasler\n|-supereffective|p2a: Sneasler\n|-damage|p2a: Sneasler|0 fnt\n|faint|p2a: Sneasler\n|\n|upkeep\n|\n|t:|1701011523\n|switch|p2a: Rotom|Rotom-Wash|100\/100\n|-damage|p2a: Rotom|88\/100|[from] Stealth Rock\n|turn|10\n|\n|t:|1701011527\n|switch|p1a: Golisopod|Golisopod, M|28\/100 brn\n|move|p2a: Rotom|Will-O-Wisp|p1a: Golisopod\n|-fail|p1a: Golisopod|brn\n|\n|-heal|p2a: Rotom|94\/100|[from] item: Leftovers\n|-damage|p1a: Golisopod|22\/100 brn|[from] brn\n|upkeep\n|turn|11\n|\n|t:|1701011531\n|move|p2a: Rotom|Defog|p1a: Golisopod\n|-unboost|p1a: Golisopod|evasion|1\n|-sideend|p2: crowreo|Stealth Rock|[from] move: Defog|[of] p2a: Rotom\n|-sideend|p2: crowreo|Sticky Web|[from] move: Defog|[of] p2a: Rotom\n|move|p1a: Golisopod|Poison Jab|p2a: Rotom\n|-damage|p2a: Rotom|84\/100\n|\n|-heal|p2a: Rotom|91\/100|[from] item: Leftovers\n|-damage|p1a: Golisopod|16\/100 brn|[from] brn\n|upkeep\n|turn|12\n|\n|t:|1701011536\n|move|p2a: Rotom|Volt Switch|p1a: Golisopod\n|-supereffective|p1a: Golisopod\n|-damage|p1a: Golisopod|0 fnt\n|faint|p1a: Golisopod\n|\n|t:|1701011539\n|switch|p2a: Pawmot|Pawmot, F|100\/100|[from] Volt Switch\n|\n|upkeep\n|\n|t:|1701011547\n|switch|p1a: Pinsir|Pinsir-Mega, M|100\/100\n|turn|13\n|\n|t:|1701011551\n|move|p2a: Pawmot|Volt Switch|p1a: Pinsir\n|-supereffective|p1a: Pinsir\n|-damage|p1a: Pinsir|56\/100\n|\n|t:|1701011555\n|switch|p2a: Kartana|Kartana|100\/100|[from] Volt Switch\n|move|p1a: Pinsir|Return|p2a: Kartana\n|-damage|p2a: Kartana|27\/100\n|\n|upkeep\n|turn|14\n|inactive|Xero Dracohart has 120 seconds left.\n|inactive|Xero Dracohart has 90 seconds left.\n|\n|t:|1701011639\n|move|p1a: Pinsir|Quick Attack|p2a: Kartana\n|-damage|p2a: Kartana|0 fnt\n|faint|p2a: Kartana\n|\n|upkeep\n|\n|t:|1701011655\n|switch|p2a: Rotom|Rotom-Wash|91\/100\n|turn|15\n|\n|t:|1701011660\n|switch|p1a: Volcarona|Volcarona, M|100\/100\n|move|p2a: Rotom|Will-O-Wisp|p1a: Volcarona\n|-immune|p1a: Volcarona\n|\n|-heal|p2a: Rotom|97\/100|[from] item: Leftovers\n|upkeep\n|turn|16\n|\n|t:|1701011664\n|move|p1a: Volcarona|Quiver Dance|p1a: Volcarona\n|-boost|p1a: Volcarona|spa|1\n|-boost|p1a: Volcarona|spd|1\n|-boost|p1a: Volcarona|spe|1\n|move|p2a: Rotom|Hydro Pump|p1a: Volcarona|[miss]\n|-miss|p2a: Rotom|p1a: Volcarona\n|\n|-heal|p2a: Rotom|100\/100|[from] item: Leftovers\n|upkeep\n|turn|17\n|inactive|Xero Dracohart has 90 seconds left.\n|inactive|Xero Dracohart has 60 seconds left.\n|\n|t:|1701011711\n|move|p1a: Volcarona|Bug Buzz|p2a: Rotom\n|-damage|p2a: Rotom|26\/100\n|move|p2a: Rotom|Volt Switch|p1a: Volcarona\n|-damage|p1a: Volcarona|81\/100\n|\n|t:|1701011713\n|switch|p2a: Skeledirge|Skeledirge, M, tera:Water|84\/100|[from] Volt Switch\n|\n|-heal|p2a: Skeledirge|90\/100|[from] item: Leftovers\n|upkeep\n|turn|18\n|\n|t:|1701011718\n|move|p1a: Volcarona|Hurricane|p2a: Skeledirge\n|-damage|p2a: Skeledirge|64\/100\n|move|p2a: Skeledirge|Torch Song|p1a: Volcarona\n|-damage|p1a: Volcarona|50\/100\n|-boost|p2a: Skeledirge|spa|1\n|\n|-heal|p2a: Skeledirge|70\/100|[from] item: Leftovers\n|upkeep\n|turn|19\n|\n|t:|1701011723\n|move|p1a: Volcarona|Hurricane|p2a: Skeledirge\n|-damage|p2a: Skeledirge|42\/100\n|move|p2a: Skeledirge|Torch Song|p1a: Volcarona\n|-damage|p1a: Volcarona|5\/100\n|-boost|p2a: Skeledirge|spa|1\n|\n|-heal|p2a: Skeledirge|48\/100|[from] item: Leftovers\n|upkeep\n|turn|20\n|\n|t:|1701011727\n|move|p1a: Volcarona|Hurricane|p2a: Skeledirge\n|-damage|p2a: Skeledirge|19\/100\n|move|p2a: Skeledirge|Slack Off|p2a: Skeledirge\n|-heal|p2a: Skeledirge|69\/100\n|\n|-heal|p2a: Skeledirge|75\/100|[from] item: Leftovers\n|upkeep\n|turn|21\n|\n|t:|1701011732\n|move|p1a: Volcarona|Hurricane|p2a: Skeledirge\n|-damage|p2a: Skeledirge|49\/100\n|move|p2a: Skeledirge|Slack Off|p2a: Skeledirge\n|-heal|p2a: Skeledirge|99\/100\n|\n|-heal|p2a: Skeledirge|100\/100|[from] item: Leftovers\n|upkeep\n|turn|22\n|\n|t:|1701011739\n|move|p1a: Volcarona|Hurricane|p2a: Skeledirge\n|-damage|p2a: Skeledirge|72\/100\n|move|p2a: Skeledirge|Torch Song|p1a: Volcarona\n|-damage|p1a: Volcarona|0 fnt\n|-boost|p2a: Skeledirge|spa|1\n|faint|p1a: Volcarona\n|\n|-heal|p2a: Skeledirge|78\/100|[from] item: Leftovers\n|upkeep\n|c|\u2606Xero Dracohart|No confusing is crazy\n|c|\u2606crowreo|fr lol\n|\n|t:|1701011751\n|switch|p1a: Scolipede|Scolipede, F|100\/100\n|turn|23\n|\n|t:|1701011755\n|move|p1a: Scolipede|Poison Jab|p2a: Skeledirge\n|-damage|p2a: Skeledirge|44\/100\n|move|p2a: Skeledirge|Will-O-Wisp|p1a: Scolipede\n|-status|p1a: Scolipede|brn\n|\n|-heal|p2a: Skeledirge|50\/100|[from] item: Leftovers\n|-damage|p1a: Scolipede|94\/100 brn|[from] brn\n|-ability|p1a: Scolipede|Speed Boost|boost\n|-boost|p1a: Scolipede|spe|1\n|upkeep\n|turn|24\n|\n|t:|1701011759\n|move|p1a: Scolipede|Poison Jab|p2a: Skeledirge\n|-damage|p2a: Skeledirge|36\/100\n|move|p2a: Skeledirge|Slack Off|p2a: Skeledirge\n|-heal|p2a: Skeledirge|86\/100\n|\n|-heal|p2a: Skeledirge|92\/100|[from] item: Leftovers\n|-damage|p1a: Scolipede|88\/100 brn|[from] brn\n|-ability|p1a: Scolipede|Speed Boost|boost\n|-boost|p1a: Scolipede|spe|1\n|upkeep\n|turn|25\n|\n|t:|1701011764\n|move|p1a: Scolipede|Poison Jab|p2a: Skeledirge\n|-damage|p2a: Skeledirge|76\/100\n|move|p2a: Skeledirge|Torch Song|p1a: Scolipede\n|-supereffective|p1a: Scolipede\n|-damage|p1a: Scolipede|0 fnt\n|-boost|p2a: Skeledirge|spa|1\n|faint|p1a: Scolipede\n|\n|-heal|p2a: Skeledirge|82\/100|[from] item: Leftovers\n|upkeep\n|c|\u2606Xero Dracohart|And no poison\n|inactive|Xero Dracohart has 120 seconds left.\n|c|\u2606Xero Dracohart|Man ggs, rng failed me so badly\n|c|\u2606crowreo|skeledirge is just built different\n|\n|t:|1701011786\n|switch|p1a: Pinsir|Pinsir-Mega, M|56\/100\n|turn|26\n|c|\u2606Xero Dracohart|Fr\n|inactive|Xero Dracohart has 120 seconds left.\n|\n|t:|1701011792\n|move|p1a: Pinsir|Return|p2a: Skeledirge\n|-damage|p2a: Skeledirge|25\/100\n|move|p2a: Skeledirge|Will-O-Wisp|p1a: Pinsir\n|-status|p1a: Pinsir|brn\n|\n|-heal|p2a: Skeledirge|31\/100|[from] item: Leftovers\n|-damage|p1a: Pinsir|50\/100 brn|[from] brn\n|upkeep\n|turn|27\n|\n|t:|1701011797\n|move|p1a: Pinsir|Return|p2a: Skeledirge\n|-damage|p2a: Skeledirge|3\/100\n|move|p2a: Skeledirge|Slack Off|p2a: Skeledirge\n|-heal|p2a: Skeledirge|53\/100\n|\n|-heal|p2a: Skeledirge|59\/100|[from] item: Leftovers\n|-damage|p1a: Pinsir|44\/100 brn|[from] brn\n|upkeep\n|turn|28\n|\n|t:|1701011801\n|move|p1a: Pinsir|Return|p2a: Skeledirge\n|-damage|p2a: Skeledirge|27\/100\n|move|p2a: Skeledirge|Torch Song|p1a: Pinsir\n|-supereffective|p1a: Pinsir\n|-damage|p1a: Pinsir|0 fnt\n|-boost|p2a: Skeledirge|spa|1\n|faint|p1a: Pinsir\n|\n|win|crowreo\n|raw|Xero Dracohart's rating: 1048 &rarr; <strong>1028<\/strong><br \/>(-20 for losing)\n|raw|crowreo's rating: 1000 &rarr; <strong>1045<\/strong><br \/>(+45 for winning)\n|c|\u2606crowreo|gg!\n|c|\u2606Xero Dracohart|Gg!\n|l|\u2606Xero Dracohart\n","uploadtime":1701011817,"views":1,"p1id":"xerodracohart","p2id":"crowreo","formatid":"gen9nationaldex","rating":1028,"private":0,"password":""}