{"id":"gen9nationaldex-1995943319","p1":"aceman2798","p2":"theduck898","format":"[Gen 9] National Dex","log":"|html|<div class=\"broadcast-blue\"><strong>[Gen 9] National Dex is currently suspecting Sneasler! For information on how to participate check out the <a href=\"https:\/\/www.smogon.com\/forums\/threads\/sv-national-dex-suspect-8-just-dance.3731534\/\">suspect thread<\/a>.<\/strong><\/div>\n|j|\u2606aceman2798\n|j|\u2606theduck898\n|t:|1700620219\n|gametype|singles\n|player|p1|aceman2798|byron|\n|player|p2|theduck898|caitlin|\n|teamsize|p1|6\n|teamsize|p2|6\n|gen|9\n|tier|[Gen 9] National Dex\n|rule|HP Percentage Mod: HP is shown in percentages\n|rule|Endless Battle Clause: Forcing endless battles is banned\n|rule|OHKO Clause: OHKO moves are banned\n|rule|Evasion Clause: Evasion abilities, items, and moves are banned\n|rule|Evasion Abilities Clause: Evasion abilities are banned\n|rule|Evasion Items Clause: Evasion items are banned\n|rule|Evasion Moves Clause: Evasion moves are banned\n|rule|Species Clause: Limit one of each Pok\u00e9mon\n|rule|Sleep Clause Mod: Limit one foe put to sleep\n|clearpoke\n|poke|p1|Metagross|\n|poke|p1|Cobalion|\n|poke|p1|Empoleon, F|\n|poke|p1|Corviknight, F|\n|poke|p1|Heatran, M|\n|poke|p1|Aegislash, M|\n|poke|p2|Infernape, M|\n|poke|p2|Umbreon, F|\n|poke|p2|Iron Moth|\n|poke|p2|Rotom-Wash|\n|poke|p2|Rillaboom, F|\n|poke|p2|Salamence, M|\n|teampreview\n|c|\u2606theduck898|is tera allowed\n|c|\u2606aceman2798|yeah\n|c|\u2606theduck898|also glhf\n|c|\u2606aceman2798|likewise\n|\n|t:|1700620302\n|start\n|switch|p1a: Metagross|Metagross|100\/100\n|switch|p2a: Salamence|Salamence, M|100\/100\n|turn|1\n|\n|t:|1700620324\n|move|p2a: Salamence|Dragon Dance|p2a: Salamence\n|-boost|p2a: Salamence|atk|1\n|-boost|p2a: Salamence|spe|1\n|move|p1a: Metagross|Stealth Rock|p2a: Salamence\n|-sidestart|p2: theduck898|move: Stealth Rock\n|\n|upkeep\n|turn|2\n|\n|t:|1700620358\n|switch|p1a: Corviknight|Corviknight, F|100\/100\n|-ability|p1a: Corviknight|Pressure\n|-terastallize|p2a: Salamence|Ground\n|move|p2a: Salamence|Earthquake|p1a: Corviknight\n|-immune|p1a: Corviknight\n|\n|upkeep\n|turn|3\n|\n|t:|1700620366\n|move|p2a: Salamence|Dragon Claw|p1a: Corviknight\n|-resisted|p1a: Corviknight\n|-damage|p1a: Corviknight|63\/100\n|-damage|p2a: Salamence|91\/100|[from] item: Life Orb\n|move|p1a: Corviknight|Bulk Up|p1a: Corviknight\n|-boost|p1a: Corviknight|atk|1\n|-boost|p1a: Corviknight|def|1\n|\n|upkeep\n|turn|4\n|\n|t:|1700620377\n|switch|p2a: Rotom|Rotom-Wash|100\/100\n|-damage|p2a: Rotom|88\/100|[from] Stealth Rock\n|move|p1a: Corviknight|Bulk Up|p1a: Corviknight\n|-boost|p1a: Corviknight|atk|1\n|-boost|p1a: Corviknight|def|1\n|\n|upkeep\n|turn|5\n|\n|t:|1700620386\n|move|p2a: Rotom|Will-O-Wisp|p1a: Corviknight\n|-status|p1a: Corviknight|brn\n|move|p1a: Corviknight|Roost|p1a: Corviknight\n|-heal|p1a: Corviknight|100\/100 brn\n|-singleturn|p1a: Corviknight|move: Roost\n|\n|-damage|p1a: Corviknight|94\/100 brn|[from] brn\n|upkeep\n|turn|6\n|\n|t:|1700620404\n|switch|p1a: Cobalion|Cobalion|100\/100\n|move|p2a: Rotom|Volt Switch|p1a: Cobalion\n|-damage|p1a: Cobalion|61\/100\n|\n|t:|1700620412\n|switch|p2a: Infernape|Infernape, M|100\/100|[from] Volt Switch\n|-damage|p2a: Infernape|88\/100|[from] Stealth Rock\n|\n|upkeep\n|turn|7\n|\n|t:|1700620416\n|move|p1a: Cobalion|Air Slash|p2a: Infernape\n|-supereffective|p2a: Infernape\n|-damage|p2a: Infernape|27\/100\n|cant|p2a: Infernape|flinch\n|\n|upkeep\n|turn|8\n|\n|t:|1700620427\n|switch|p2a: Rotom|Rotom-Wash|88\/100\n|-damage|p2a: Rotom|76\/100|[from] Stealth Rock\n|move|p1a: Cobalion|Air Slash|p2a: Rotom\n|-resisted|p2a: Rotom\n|-damage|p2a: Rotom|67\/100\n|\n|upkeep\n|turn|9\n|\n|t:|1700620444\n|move|p1a: Cobalion|Air Slash|p2a: Rotom\n|-resisted|p2a: Rotom\n|-damage|p2a: Rotom|59\/100\n|move|p2a: Rotom|Hydro Pump|p1a: Cobalion\n|-damage|p1a: Cobalion|5\/100\n|\n|upkeep\n|turn|10\n|\n|t:|1700620451\n|switch|p1a: Metagross|Metagross|100\/100\n|move|p2a: Rotom|Volt Switch|p1a: Metagross\n|-damage|p1a: Metagross|80\/100\n|\n|t:|1700620453\n|switch|p2a: Infernape|Infernape, M|27\/100|[from] Volt Switch\n|-damage|p2a: Infernape|14\/100|[from] Stealth Rock\n|\n|-heal|p1a: Metagross|86\/100|[from] item: Leftovers\n|upkeep\n|turn|11\n|\n|t:|1700620459\n|move|p1a: Metagross|Protect|p1a: Metagross\n|-singleturn|p1a: Metagross|Protect\n|move|p2a: Infernape|Flare Blitz|p1a: Metagross\n|-activate|p1a: Metagross|move: Protect\n|\n|-heal|p1a: Metagross|92\/100|[from] item: Leftovers\n|upkeep\n|turn|12\n|\n|t:|1700620468\n|switch|p1a: Aegislash|Aegislash, M|100\/100\n|move|p2a: Infernape|Flare Blitz|p1a: Aegislash\n|-supereffective|p1a: Aegislash\n|-damage|p1a: Aegislash|0 fnt\n|faint|p1a: Aegislash\n|-damage|p2a: Infernape|0 fnt|[from] Recoil\n|faint|p2a: Infernape\n|\n|upkeep\n|\n|t:|1700620479\n|switch|p2a: Rillaboom|Rillaboom, F|100\/100\n|switch|p1a: Cobalion|Cobalion|5\/100\n|-damage|p2a: Rillaboom|88\/100|[from] Stealth Rock\n|-fieldstart|move: Grassy Terrain|[from] ability: Grassy Surge|[of] p2a: Rillaboom\n|turn|13\n|\n|t:|1700620483\n|switch|p1a: Corviknight|Corviknight, F|94\/100 brn\n|-ability|p1a: Corviknight|Pressure\n|move|p2a: Rillaboom|Fake Out|p1a: Corviknight\n|-resisted|p1a: Corviknight\n|-damage|p1a: Corviknight|88\/100 brn\n|\n|-heal|p2a: Rillaboom|94\/100|[from] Grassy Terrain\n|-damage|p1a: Corviknight|82\/100 brn|[from] brn\n|upkeep\n|turn|14\n|\n|t:|1700620505\n|move|p2a: Rillaboom|Superpower|p1a: Corviknight\n|-damage|p1a: Corviknight|46\/100 brn\n|-unboost|p2a: Rillaboom|atk|1\n|-unboost|p2a: Rillaboom|def|1\n|move|p1a: Corviknight|Agility|p1a: Corviknight\n|-boost|p1a: Corviknight|spe|2\n|\n|-heal|p2a: Rillaboom|100\/100|[from] Grassy Terrain\n|-damage|p1a: Corviknight|40\/100 brn|[from] brn\n|upkeep\n|turn|15\n|\n|t:|1700620512\n|switch|p2a: Umbreon|Umbreon, F|100\/100\n|-damage|p2a: Umbreon|88\/100|[from] Stealth Rock\n|move|p1a: Corviknight|Roost|p1a: Corviknight\n|-heal|p1a: Corviknight|90\/100 brn\n|-singleturn|p1a: Corviknight|move: Roost\n|\n|-heal|p1a: Corviknight|96\/100 brn|[from] Grassy Terrain\n|-heal|p2a: Umbreon|94\/100|[from] Grassy Terrain\n|-heal|p2a: Umbreon|99\/100|[from] item: Leftovers\n|-damage|p1a: Corviknight|90\/100 brn|[from] brn\n|upkeep\n|turn|16\n|\n|t:|1700620521\n|move|p1a: Corviknight|Bulk Up|p1a: Corviknight\n|-boost|p1a: Corviknight|atk|1\n|-boost|p1a: Corviknight|def|1\n|move|p2a: Umbreon|Foul Play|p1a: Corviknight\n|-damage|p1a: Corviknight|66\/100 brn\n|\n|-heal|p2a: Umbreon|100\/100|[from] Grassy Terrain\n|-damage|p1a: Corviknight|60\/100 brn|[from] brn\n|upkeep\n|turn|17\n|\n|t:|1700620557\n|switch|p1a: Heatran|Heatran, M|100\/100\n|move|p2a: Umbreon|Foul Play|p1a: Heatran\n|-damage|p1a: Heatran|77\/100\n|\n|-heal|p1a: Heatran|83\/100|[from] Grassy Terrain\n|-fieldend|move: Grassy Terrain\n|upkeep\n|turn|18\n|\n|t:|1700620571\n|switch|p2a: Rotom|Rotom-Wash|59\/100\n|-damage|p2a: Rotom|47\/100|[from] Stealth Rock\n|move|p1a: Heatran|Eruption|p2a: Rotom\n|-resisted|p2a: Rotom\n|-crit|p2a: Rotom\n|-damage|p2a: Rotom|4\/100\n|\n|upkeep\n|turn|19\n|\n|t:|1700620586\n|switch|p1a: Corviknight|Corviknight, F|60\/100 brn\n|-ability|p1a: Corviknight|Pressure\n|move|p2a: Rotom|Hydro Pump|p1a: Corviknight|[miss]\n|-miss|p2a: Rotom|p1a: Corviknight\n|\n|-damage|p1a: Corviknight|53\/100 brn|[from] brn\n|upkeep\n|turn|20\n|\n|t:|1700620595\n|move|p2a: Rotom|Volt Switch|p1a: Corviknight\n|-supereffective|p1a: Corviknight\n|-damage|p1a: Corviknight|17\/100 brn\n|\n|t:|1700620600\n|switch|p2a: Rillaboom|Rillaboom, F|100\/100|[from] Volt Switch\n|-damage|p2a: Rillaboom|88\/100|[from] Stealth Rock\n|-fieldstart|move: Grassy Terrain|[from] ability: Grassy Surge|[of] p2a: Rillaboom\n|move|p1a: Corviknight|Agility|p1a: Corviknight\n|-boost|p1a: Corviknight|spe|2\n|\n|-heal|p2a: Rillaboom|94\/100|[from] Grassy Terrain\n|-damage|p1a: Corviknight|11\/100 brn|[from] brn\n|upkeep\n|turn|21\n|\n|t:|1700620603\n|move|p2a: Rillaboom|Grassy Glide|p1a: Corviknight\n|-resisted|p1a: Corviknight\n|-damage|p1a: Corviknight|4\/100 brn\n|move|p1a: Corviknight|Roost|p1a: Corviknight\n|-heal|p1a: Corviknight|54\/100 brn\n|-singleturn|p1a: Corviknight|move: Roost\n|\n|-heal|p1a: Corviknight|61\/100 brn|[from] Grassy Terrain\n|-heal|p2a: Rillaboom|100\/100|[from] Grassy Terrain\n|-damage|p1a: Corviknight|54\/100 brn|[from] brn\n|upkeep\n|turn|22\n|\n|t:|1700620612\n|move|p1a: Corviknight|Roost|p1a: Corviknight\n|-heal|p1a: Corviknight|100\/100 brn\n|-singleturn|p1a: Corviknight|move: Roost\n|move|p2a: Rillaboom|Knock Off|p1a: Corviknight\n|-damage|p1a: Corviknight|73\/100 brn\n|-enditem|p1a: Corviknight|Shed Shell|[from] move: Knock Off|[of] p2a: Rillaboom\n|\n|-heal|p1a: Corviknight|80\/100 brn|[from] Grassy Terrain\n|-damage|p1a: Corviknight|73\/100 brn|[from] brn\n|upkeep\n|turn|23\n|\n|t:|1700620620\n|switch|p2a: Rotom|Rotom-Wash|4\/100\n|-damage|p2a: Rotom|0 fnt|[from] Stealth Rock\n|faint|p2a: Rotom\n|move|p1a: Corviknight|Bulk Up|p1a: Corviknight\n|-boost|p1a: Corviknight|atk|1\n|-boost|p1a: Corviknight|def|1\n|\n|-damage|p1a: Corviknight|67\/100 brn|[from] brn\n|upkeep\n|\n|t:|1700620623\n|switch|p2a: Iron Moth|Iron Moth|100\/100\n|-damage|p2a: Iron Moth|76\/100|[from] Stealth Rock\n|-enditem|p2a: Iron Moth|Booster Energy\n|-activate|p2a: Iron Moth|ability: Quark Drive|[fromitem]\n|-start|p2a: Iron Moth|quarkdrivespa\n|turn|24\n|\n|t:|1700620632\n|switch|p1a: Heatran|Heatran, M|83\/100\n|move|p2a: Iron Moth|Fiery Dance|p1a: Heatran\n|-start|p1a: Heatran|ability: Flash Fire\n|\n|-heal|p1a: Heatran|89\/100|[from] Grassy Terrain\n|-heal|p2a: Iron Moth|82\/100|[from] Grassy Terrain\n|-fieldend|move: Grassy Terrain\n|upkeep\n|turn|25\n|\n|t:|1700620645\n|move|p1a: Heatran|Earth Power|p2a: Iron Moth\n|-supereffective|p2a: Iron Moth\n|-damage|p2a: Iron Moth|0 fnt\n|faint|p2a: Iron Moth\n|-end|p2a: Iron Moth|Quark Drive|[silent]\n|\n|upkeep\n|\n|t:|1700620647\n|switch|p2a: Rillaboom|Rillaboom, F|100\/100\n|-damage|p2a: Rillaboom|88\/100|[from] Stealth Rock\n|-fieldstart|move: Grassy Terrain|[from] ability: Grassy Surge|[of] p2a: Rillaboom\n|turn|26\n|\n|t:|1700620676\n|-end|p1a: Heatran|ability: Flash Fire|[silent]\n|switch|p1a: Cobalion|Cobalion|5\/100\n|move|p2a: Rillaboom|Superpower|p1a: Cobalion\n|-supereffective|p1a: Cobalion\n|-damage|p1a: Cobalion|0 fnt\n|-unboost|p2a: Rillaboom|atk|1\n|-unboost|p2a: Rillaboom|def|1\n|faint|p1a: Cobalion\n|\n|-heal|p2a: Rillaboom|94\/100|[from] Grassy Terrain\n|upkeep\n|\n|t:|1700620698\n|switch|p1a: Corviknight|Corviknight, F|67\/100 brn\n|-ability|p1a: Corviknight|Pressure\n|turn|27\n|\n|t:|1700620705\n|switch|p2a: Umbreon|Umbreon, F|100\/100\n|-damage|p2a: Umbreon|88\/100|[from] Stealth Rock\n|switch|p1a: Heatran|Heatran, M|89\/100\n|\n|-heal|p1a: Heatran|96\/100|[from] Grassy Terrain\n|-heal|p2a: Umbreon|94\/100|[from] Grassy Terrain\n|-heal|p2a: Umbreon|99\/100|[from] item: Leftovers\n|upkeep\n|turn|28\n|\n|t:|1700620738\n|-terastallize|p1a: Heatran|Fire\n|move|p1a: Heatran|Eruption|p2a: Umbreon\n|-damage|p2a: Umbreon|42\/100\n|move|p2a: Umbreon|Foul Play|p1a: Heatran\n|-damage|p1a: Heatran|72\/100\n|\n|-heal|p1a: Heatran|79\/100|[from] Grassy Terrain\n|-heal|p2a: Umbreon|48\/100|[from] Grassy Terrain\n|-heal|p2a: Umbreon|55\/100|[from] item: Leftovers\n|upkeep\n|turn|29\n|\n|t:|1700620755\n|move|p1a: Heatran|Eruption|p2a: Umbreon\n|-damage|p2a: Umbreon|5\/100\n|move|p2a: Umbreon|Toxic|p1a: Heatran\n|-status|p1a: Heatran|tox\n|\n|-heal|p1a: Heatran|85\/100 tox|[from] Grassy Terrain\n|-heal|p2a: Umbreon|11\/100|[from] Grassy Terrain\n|-heal|p2a: Umbreon|17\/100|[from] item: Leftovers\n|-damage|p1a: Heatran|79\/100 tox|[from] psn\n|upkeep\n|turn|30\n|\n|t:|1700620760\n|move|p2a: Umbreon|Protect|p2a: Umbreon\n|-singleturn|p2a: Umbreon|Protect\n|move|p1a: Heatran|Eruption|p2a: Umbreon\n|-activate|p2a: Umbreon|move: Protect\n|\n|-heal|p1a: Heatran|85\/100 tox|[from] Grassy Terrain\n|-heal|p2a: Umbreon|23\/100|[from] Grassy Terrain\n|-heal|p2a: Umbreon|29\/100|[from] item: Leftovers\n|-damage|p1a: Heatran|72\/100 tox|[from] psn\n|-fieldend|move: Grassy Terrain\n|upkeep\n|turn|31\n|\n|t:|1700620765\n|switch|p2a: Salamence|Salamence, M, tera:Ground|91\/100\n|-damage|p2a: Salamence|84\/100|[from] Stealth Rock\n|move|p1a: Heatran|Eruption|p2a: Salamence\n|-damage|p2a: Salamence|0 fnt\n|faint|p2a: Salamence\n|\n|-damage|p1a: Heatran|54\/100 tox|[from] psn\n|upkeep\n|\n|t:|1700620772\n|switch|p2a: Rillaboom|Rillaboom, F|94\/100\n|-damage|p2a: Rillaboom|82\/100|[from] Stealth Rock\n|-fieldstart|move: Grassy Terrain|[from] ability: Grassy Surge|[of] p2a: Rillaboom\n|turn|32\n|\n|t:|1700620776\n|move|p2a: Rillaboom|Fake Out|p1a: Heatran\n|-damage|p1a: Heatran|39\/100 tox\n|cant|p1a: Heatran|flinch\n|\n|-heal|p1a: Heatran|45\/100 tox|[from] Grassy Terrain\n|-heal|p2a: Rillaboom|88\/100|[from] Grassy Terrain\n|-damage|p1a: Heatran|20\/100 tox|[from] psn\n|upkeep\n|turn|33\n|\n|t:|1700620786\n|switch|p1a: Corviknight|Corviknight, F|67\/100 brn\n|-ability|p1a: Corviknight|Pressure\n|move|p2a: Rillaboom|Grassy Glide|p1a: Corviknight\n|-resisted|p1a: Corviknight\n|-damage|p1a: Corviknight|59\/100 brn\n|\n|-heal|p2a: Rillaboom|94\/100|[from] Grassy Terrain\n|-damage|p1a: Corviknight|53\/100 brn|[from] brn\n|upkeep\n|turn|34\n|\n|t:|1700620792\n|move|p2a: Rillaboom|Knock Off|p1a: Corviknight\n|-damage|p1a: Corviknight|34\/100 brn\n|move|p1a: Corviknight|Roost|p1a: Corviknight\n|-heal|p1a: Corviknight|84\/100 brn\n|-singleturn|p1a: Corviknight|move: Roost\n|\n|-heal|p2a: Rillaboom|100\/100|[from] Grassy Terrain\n|-heal|p1a: Corviknight|91\/100 brn|[from] Grassy Terrain\n|-damage|p1a: Corviknight|84\/100 brn|[from] brn\n|upkeep\n|turn|35\n|\n|t:|1700620798\n|move|p2a: Rillaboom|Knock Off|p1a: Corviknight\n|-damage|p1a: Corviknight|65\/100 brn\n|move|p1a: Corviknight|Bulk Up|p1a: Corviknight\n|-boost|p1a: Corviknight|atk|1\n|-boost|p1a: Corviknight|def|1\n|\n|-damage|p1a: Corviknight|59\/100 brn|[from] brn\n|upkeep\n|turn|36\n|\n|t:|1700620804\n|switch|p2a: Umbreon|Umbreon, F|29\/100\n|-damage|p2a: Umbreon|17\/100|[from] Stealth Rock\n|move|p1a: Corviknight|Bulk Up|p1a: Corviknight\n|-boost|p1a: Corviknight|atk|1\n|-boost|p1a: Corviknight|def|1\n|\n|-heal|p2a: Umbreon|23\/100|[from] Grassy Terrain\n|-heal|p2a: Umbreon|29\/100|[from] item: Leftovers\n|-damage|p1a: Corviknight|53\/100 brn|[from] brn\n|-fieldend|move: Grassy Terrain\n|upkeep\n|turn|37\n|\n|t:|1700620807\n|move|p2a: Umbreon|Protect|p2a: Umbreon\n|-singleturn|p2a: Umbreon|Protect\n|move|p1a: Corviknight|Roost|p1a: Corviknight\n|-heal|p1a: Corviknight|100\/100 brn\n|-singleturn|p1a: Corviknight|move: Roost\n|\n|-heal|p2a: Umbreon|35\/100|[from] item: Leftovers\n|-damage|p1a: Corviknight|94\/100 brn|[from] brn\n|upkeep\n|turn|38\n|\n|t:|1700620811\n|move|p1a: Corviknight|Agility|p1a: Corviknight\n|-boost|p1a: Corviknight|spe|2\n|move|p2a: Umbreon|Moonlight|p2a: Umbreon\n|-heal|p2a: Umbreon|85\/100\n|\n|-heal|p2a: Umbreon|91\/100|[from] item: Leftovers\n|-damage|p1a: Corviknight|88\/100 brn|[from] brn\n|upkeep\n|turn|39\n|\n|t:|1700620826\n|move|p1a: Corviknight|Bulk Up|p1a: Corviknight\n|-boost|p1a: Corviknight|atk|1\n|-boost|p1a: Corviknight|def|1\n|move|p2a: Umbreon|Foul Play|p1a: Corviknight\n|-damage|p1a: Corviknight|64\/100 brn\n|\n|-heal|p2a: Umbreon|97\/100|[from] item: Leftovers\n|-damage|p1a: Corviknight|58\/100 brn|[from] brn\n|upkeep\n|turn|40\n|\n|t:|1700620834\n|move|p1a: Corviknight|Bulk Up|p1a: Corviknight\n|-boost|p1a: Corviknight|atk|1\n|-boost|p1a: Corviknight|def|1\n|move|p2a: Umbreon|Foul Play|p1a: Corviknight\n|-damage|p1a: Corviknight|36\/100 brn\n|\n|-heal|p2a: Umbreon|100\/100|[from] item: Leftovers\n|-damage|p1a: Corviknight|30\/100 brn|[from] brn\n|upkeep\n|turn|41\n|\n|t:|1700620837\n|move|p1a: Corviknight|Roost|p1a: Corviknight\n|-heal|p1a: Corviknight|80\/100 brn\n|-singleturn|p1a: Corviknight|move: Roost\n|move|p2a: Umbreon|Foul Play|p1a: Corviknight\n|-damage|p1a: Corviknight|57\/100 brn\n|\n|-damage|p1a: Corviknight|51\/100 brn|[from] brn\n|upkeep\n|turn|42\n|\n|t:|1700620849\n|move|p1a: Corviknight|Roost|p1a: Corviknight\n|-heal|p1a: Corviknight|100\/100 brn\n|-singleturn|p1a: Corviknight|move: Roost\n|move|p2a: Umbreon|Foul Play|p1a: Corviknight\n|-damage|p1a: Corviknight|78\/100 brn\n|\n|-damage|p1a: Corviknight|72\/100 brn|[from] brn\n|upkeep\n|turn|43\n|\n|t:|1700620872\n|move|p1a: Corviknight|Agility|p1a: Corviknight\n|-boost|p1a: Corviknight|spe|2\n|move|p2a: Umbreon|Foul Play|p1a: Corviknight\n|-damage|p1a: Corviknight|50\/100 brn\n|\n|-damage|p1a: Corviknight|43\/100 brn|[from] brn\n|upkeep\n|turn|44\n|\n|t:|1700620878\n|move|p1a: Corviknight|Power Trip|p2a: Umbreon\n|-resisted|p2a: Umbreon\n|-damage|p2a: Umbreon|71\/100\n|move|p2a: Umbreon|Foul Play|p1a: Corviknight\n|-damage|p1a: Corviknight|21\/100 brn\n|\n|-heal|p2a: Umbreon|77\/100|[from] item: Leftovers\n|-damage|p1a: Corviknight|15\/100 brn|[from] brn\n|upkeep\n|turn|45\n|\n|t:|1700620886\n|move|p1a: Corviknight|Power Trip|p2a: Umbreon\n|-resisted|p2a: Umbreon\n|-damage|p2a: Umbreon|45\/100\n|move|p2a: Umbreon|Foul Play|p1a: Corviknight\n|-damage|p1a: Corviknight|0 fnt\n|faint|p1a: Corviknight\n|\n|-heal|p2a: Umbreon|51\/100|[from] item: Leftovers\n|upkeep\n|\n|t:|1700620894\n|switch|p1a: Heatran|Heatran, M, tera:Fire|20\/100 tox\n|turn|46\n|\n|t:|1700620897\n|move|p2a: Umbreon|Protect|p2a: Umbreon\n|-singleturn|p2a: Umbreon|Protect\n|move|p1a: Heatran|Magma Storm|p2a: Umbreon\n|-activate|p2a: Umbreon|move: Protect\n|\n|-heal|p2a: Umbreon|57\/100|[from] item: Leftovers\n|-damage|p1a: Heatran|14\/100 tox|[from] psn\n|upkeep\n|turn|47\n|\n|t:|1700620904\n|move|p1a: Heatran|Magma Storm|p2a: Umbreon\n|-damage|p2a: Umbreon|20\/100\n|-activate|p2a: Umbreon|move: Magma Storm|[of] p1a: Heatran\n|move|p2a: Umbreon|Moonlight|p2a: Umbreon\n|-heal|p2a: Umbreon|70\/100\n|\n|-heal|p2a: Umbreon|76\/100|[from] item: Leftovers\n|-damage|p1a: Heatran|2\/100 tox|[from] psn\n|-damage|p2a: Umbreon|64\/100|[from] move: Magma Storm|[partiallytrapped]\n|upkeep\n|turn|48\n|\n|t:|1700620910\n|move|p2a: Umbreon|Protect|p2a: Umbreon\n|-singleturn|p2a: Umbreon|Protect\n|move|p1a: Heatran|Magma Storm|p2a: Umbreon\n|-activate|p2a: Umbreon|move: Protect\n|\n|-heal|p2a: Umbreon|70\/100|[from] item: Leftovers\n|-damage|p1a: Heatran|0 fnt|[from] psn\n|faint|p1a: Heatran\n|-end|p2a: Umbreon|Magma Storm|[partiallytrapped]|[silent]\n|upkeep\n|\n|t:|1700620917\n|switch|p1a: Metagross|Metagross|92\/100\n|turn|49\n|\n|t:|1700620921\n|move|p1a: Metagross|Protect|p1a: Metagross\n|-singleturn|p1a: Metagross|Protect\n|move|p2a: Umbreon|Foul Play|p1a: Metagross\n|-activate|p1a: Metagross|move: Protect\n|\n|-heal|p1a: Metagross|98\/100|[from] item: Leftovers\n|-heal|p2a: Umbreon|76\/100|[from] item: Leftovers\n|upkeep\n|turn|50\n|\n|t:|1700620928\n|move|p2a: Umbreon|Protect|p2a: Umbreon\n|-singleturn|p2a: Umbreon|Protect\n|move|p1a: Metagross|Body Press|p2a: Umbreon\n|-activate|p2a: Umbreon|move: Protect\n|\n|-heal|p1a: Metagross|100\/100|[from] item: Leftovers\n|-heal|p2a: Umbreon|82\/100|[from] item: Leftovers\n|upkeep\n|turn|51\n|\n|t:|1700620934\n|move|p1a: Metagross|Protect|p1a: Metagross\n|-singleturn|p1a: Metagross|Protect\n|move|p2a: Umbreon|Foul Play|p1a: Metagross\n|-activate|p1a: Metagross|move: Protect\n|\n|-heal|p2a: Umbreon|88\/100|[from] item: Leftovers\n|upkeep\n|turn|52\n|\n|t:|1700620939\n|move|p1a: Metagross|Body Press|p2a: Umbreon\n|-supereffective|p2a: Umbreon\n|-damage|p2a: Umbreon|52\/100\n|move|p2a: Umbreon|Foul Play|p1a: Metagross\n|-supereffective|p1a: Metagross\n|-damage|p1a: Metagross|31\/100\n|\n|-heal|p1a: Metagross|37\/100|[from] item: Leftovers\n|-heal|p2a: Umbreon|58\/100|[from] item: Leftovers\n|upkeep\n|turn|53\n|\n|t:|1700620947\n|move|p2a: Umbreon|Protect|p2a: Umbreon\n|-singleturn|p2a: Umbreon|Protect\n|move|p1a: Metagross|Body Press|p2a: Umbreon\n|-activate|p2a: Umbreon|move: Protect\n|\n|-heal|p1a: Metagross|43\/100|[from] item: Leftovers\n|-heal|p2a: Umbreon|64\/100|[from] item: Leftovers\n|upkeep\n|turn|54\n|\n|t:|1700620953\n|move|p1a: Metagross|Protect|p1a: Metagross\n|-singleturn|p1a: Metagross|Protect\n|move|p2a: Umbreon|Foul Play|p1a: Metagross\n|-activate|p1a: Metagross|move: Protect\n|\n|-heal|p1a: Metagross|49\/100|[from] item: Leftovers\n|-heal|p2a: Umbreon|70\/100|[from] item: Leftovers\n|upkeep\n|turn|55\n|\n|t:|1700620959\n|move|p1a: Metagross|Body Press|p2a: Umbreon\n|-supereffective|p2a: Umbreon\n|-damage|p2a: Umbreon|33\/100\n|move|p2a: Umbreon|Foul Play|p1a: Metagross\n|-supereffective|p1a: Metagross\n|-damage|p1a: Metagross|0 fnt\n|faint|p1a: Metagross\n|\n|-heal|p2a: Umbreon|39\/100|[from] item: Leftovers\n|upkeep\n|\n|t:|1700620965\n|switch|p1a: Empoleon|Empoleon, F|100\/100\n|turn|56\n|\n|t:|1700620975\n|move|p1a: Empoleon|Air Slash|p2a: Umbreon\n|-damage|p2a: Umbreon|26\/100\n|cant|p2a: Umbreon|flinch\n|\n|-heal|p2a: Umbreon|32\/100|[from] item: Leftovers\n|upkeep\n|turn|57\n|\n|t:|1700620993\n|move|p2a: Umbreon|Protect|p2a: Umbreon\n|-singleturn|p2a: Umbreon|Protect\n|move|p1a: Empoleon|Air Slash|p2a: Umbreon\n|-activate|p2a: Umbreon|move: Protect\n|\n|-heal|p2a: Umbreon|38\/100|[from] item: Leftovers\n|upkeep\n|turn|58\n|\n|t:|1700621000\n|move|p1a: Empoleon|Agility|p1a: Empoleon\n|-boost|p1a: Empoleon|spe|2\n|move|p2a: Umbreon|Moonlight|p2a: Umbreon\n|-heal|p2a: Umbreon|88\/100\n|\n|-heal|p2a: Umbreon|94\/100|[from] item: Leftovers\n|upkeep\n|turn|59\n|\n|t:|1700621007\n|move|p1a: Empoleon|Agility|p1a: Empoleon\n|-boost|p1a: Empoleon|spe|2\n|move|p2a: Umbreon|Foul Play|p1a: Empoleon\n|-damage|p1a: Empoleon|73\/100\n|\n|-heal|p2a: Umbreon|99\/100|[from] item: Leftovers\n|upkeep\n|turn|60\n|\n|t:|1700621011\n|switch|p2a: Rillaboom|Rillaboom, F|100\/100\n|-damage|p2a: Rillaboom|88\/100|[from] Stealth Rock\n|-fieldstart|move: Grassy Terrain|[from] ability: Grassy Surge|[of] p2a: Rillaboom\n|move|p1a: Empoleon|Roost|p1a: Empoleon\n|-heal|p1a: Empoleon|100\/100\n|-singleturn|p1a: Empoleon|move: Roost\n|\n|-heal|p2a: Rillaboom|94\/100|[from] Grassy Terrain\n|upkeep\n|turn|61\n|\n|t:|1700621013\n|move|p1a: Empoleon|Air Slash|p2a: Rillaboom\n|-supereffective|p2a: Rillaboom\n|-damage|p2a: Rillaboom|28\/100\n|move|p2a: Rillaboom|Superpower|p1a: Empoleon\n|-supereffective|p1a: Empoleon\n|-enditem|p1a: Empoleon|Focus Sash\n|-damage|p1a: Empoleon|1\/100\n|-unboost|p2a: Rillaboom|atk|1\n|-unboost|p2a: Rillaboom|def|1\n|\n|-heal|p1a: Empoleon|7\/100|[from] Grassy Terrain\n|-heal|p2a: Rillaboom|34\/100|[from] Grassy Terrain\n|upkeep\n|turn|62\n|\n|t:|1700621020\n|move|p2a: Rillaboom|Grassy Glide|p1a: Empoleon\n|-damage|p1a: Empoleon|0 fnt\n|faint|p1a: Empoleon\n|\n|win|theduck898\n|c|\u2606theduck898|gg\n|c|\u2606aceman2798|gg\n|c|\u2606theduck898|sorry for stalling\n","uploadtime":1700621042,"views":7,"p1id":"aceman2798","p2id":"theduck898","formatid":"gen9nationaldex","rating":0,"private":0,"password":""}