{"id":"gen9nationaldex-1990283260","p1":"Mikirae1218","p2":"kitmash","format":"[Gen 9] National Dex","log":"|j|\u2606Mikirae1218\n|j|\u2606kitmash\n|t:|1699950390\n|gametype|singles\n|player|p1|Mikirae1218|102|1726\n|player|p2|kitmash|2|1662\n|teamsize|p1|6\n|teamsize|p2|6\n|gen|9\n|tier|[Gen 9] National Dex\n|rated|\n|rule|HP Percentage Mod: HP is shown in percentages\n|rule|Endless Battle Clause: Forcing endless battles is banned\n|rule|OHKO Clause: OHKO moves are banned\n|rule|Evasion Clause: Evasion abilities, items, and moves are banned\n|rule|Evasion Abilities Clause: Evasion abilities are banned\n|rule|Evasion Items Clause: Evasion items are banned\n|rule|Evasion Moves Clause: Evasion moves are banned\n|rule|Species Clause: Limit one of each Pok\u00e9mon\n|rule|Sleep Clause Mod: Limit one foe put to sleep\n|clearpoke\n|poke|p1|Alomomola, M|\n|poke|p1|Clodsire, F|\n|poke|p1|Zapdos|\n|poke|p1|Tapu Lele|\n|poke|p1|Gliscor, F|\n|poke|p1|Iron Valiant|\n|poke|p2|Wo-Chien|\n|poke|p2|Weezing-Galar, F|\n|poke|p2|Alomomola, M|\n|poke|p2|Reuniclus, M|\n|poke|p2|Kleavor, M|\n|poke|p2|Tapu Koko|\n|teampreview\n|\n|t:|1699950400\n|start\n|switch|p1a: Clodsire|Clodsire, F|100\/100\n|switch|p2a: Kleavor|Kleavor, M|100\/100\n|turn|1\n|\n|t:|1699950405\n|move|p2a: Kleavor|Psycho Cut|p1a: Clodsire\n|-supereffective|p1a: Clodsire\n|-damage|p1a: Clodsire|0 fnt\n|faint|p1a: Clodsire\n|\n|upkeep\n|\n|t:|1699950409\n|switch|p1a: Tapu Lele|Tapu Lele|100\/100\n|-fieldstart|move: Psychic Terrain|[from] ability: Psychic Surge|[of] p1a: Tapu Lele\n|turn|2\n|\n|t:|1699950414\n|switch|p2a: Reuniclus|Reuniclus, M|100\/100\n|move|p1a: Tapu Lele|Psychic|p2a: Reuniclus\n|-resisted|p2a: Reuniclus\n|-damage|p2a: Reuniclus|81\/100\n|\n|upkeep\n|turn|3\n|\n|t:|1699950421\n|switch|p1a: Gliscor|Gliscor, F|100\/100\n|move|p2a: Reuniclus|Psychic|p1a: Gliscor\n|-damage|p1a: Gliscor|27\/100\n|\n|-status|p1a: Gliscor|tox|[from] item: Toxic Orb\n|upkeep\n|turn|4\n|\n|t:|1699950430\n|move|p1a: Gliscor|Facade|p2a: Reuniclus\n|-damage|p2a: Reuniclus|35\/100\n|move|p2a: Reuniclus|Psychic|p1a: Gliscor\n|-damage|p1a: Gliscor|0 fnt\n|faint|p1a: Gliscor\n|\n|upkeep\n|\n|t:|1699950434\n|switch|p1a: Tapu Lele|Tapu Lele|100\/100\n|turn|5\n|\n|t:|1699950446\n|switch|p2a: Weezing|Weezing-Galar, F|100\/100\n|move|p1a: Tapu Lele|Moonblast|p2a: Weezing\n|-resisted|p2a: Weezing\n|-damage|p2a: Weezing|53\/100\n|\n|-heal|p2a: Weezing|59\/100|[from] item: Leftovers\n|upkeep\n|turn|6\n|\n|t:|1699950456\n|switch|p1a: Alomomola|Alomomola, M|100\/100\n|move|p2a: Weezing|Toxic Spikes|p1a: Alomomola\n|-sidestart|p1: Mikirae1218|move: Toxic Spikes\n|\n|-heal|p2a: Weezing|65\/100|[from] item: Leftovers\n|-fieldend|move: Psychic Terrain\n|upkeep\n|turn|7\n|j| Ghha\n|\n|t:|1699950463\n|move|p2a: Weezing|Toxic Spikes|p1a: Alomomola\n|-sidestart|p1: Mikirae1218|move: Toxic Spikes\n|move|p1a: Alomomola|Flip Turn|p2a: Weezing\n|-crit|p2a: Weezing\n|-damage|p2a: Weezing|48\/100\n|\n|t:|1699950465\n|switch|p1a: Zapdos|Zapdos|100\/100|[from] Flip Turn\n|\n|-heal|p2a: Weezing|53\/100|[from] item: Leftovers\n|upkeep\n|turn|8\n|\n|t:|1699950474\n|switch|p2a: Reuniclus|Reuniclus, M|68\/100\n|move|p1a: Zapdos|Defog|p2a: Reuniclus\n|-unboost|p2a: Reuniclus|evasion|1\n|-sideend|p1: Mikirae1218|Toxic Spikes|[from] move: Defog|[of] p1a: Zapdos\n|\n|upkeep\n|turn|9\n|\n|t:|1699950480\n|move|p1a: Zapdos|Volt Switch|p2a: Reuniclus\n|-damage|p2a: Reuniclus|55\/100\n|\n|t:|1699950483\n|switch|p1a: Tapu Lele|Tapu Lele|100\/100|[from] Volt Switch\n|-fieldstart|move: Psychic Terrain|[from] ability: Psychic Surge|[of] p1a: Tapu Lele\n|move|p2a: Reuniclus|Psychic|p1a: Tapu Lele\n|-resisted|p1a: Tapu Lele\n|-damage|p1a: Tapu Lele|74\/100\n|\n|upkeep\n|turn|10\n|\n|t:|1699950499\n|move|p1a: Tapu Lele|Psyshock|p2a: Reuniclus\n|-resisted|p2a: Reuniclus\n|-damage|p2a: Reuniclus|12\/100\n|move|p2a: Reuniclus|Shadow Ball|p1a: Tapu Lele\n|-supereffective|p1a: Tapu Lele\n|-damage|p1a: Tapu Lele|25\/100\n|\n|upkeep\n|turn|11\n|\n|t:|1699950508\n|switch|p2a: Wo-Chien|Wo-Chien|100\/100\n|-ability|p2a: Wo-Chien|Tablets of Ruin\n|move|p1a: Tapu Lele|Psyshock|p2a: Wo-Chien\n|-immune|p2a: Wo-Chien\n|\n|upkeep\n|turn|12\n|\n|t:|1699950517\n|switch|p1a: Iron Valiant|Iron Valiant|100\/100\n|move|p2a: Wo-Chien|Ruination|p1a: Iron Valiant|[miss]\n|-miss|p2a: Wo-Chien|p1a: Iron Valiant\n|\n|upkeep\n|turn|13\n|\n|t:|1699950539\n|move|p1a: Iron Valiant|Close Combat|p2a: Wo-Chien\n|-supereffective|p2a: Wo-Chien\n|-damage|p2a: Wo-Chien|41\/100\n|-unboost|p1a: Iron Valiant|def|1\n|-unboost|p1a: Iron Valiant|spd|1\n|move|p2a: Wo-Chien|Leech Seed|p1a: Iron Valiant\n|-start|p1a: Iron Valiant|move: Leech Seed\n|\n|-heal|p2a: Wo-Chien|47\/100|[from] item: Leftovers\n|-damage|p1a: Iron Valiant|88\/100|[from] Leech Seed|[of] p2a: Wo-Chien\n|-heal|p2a: Wo-Chien|57\/100|[silent]\n|-fieldend|move: Psychic Terrain\n|upkeep\n|turn|14\n|\n|t:|1699950556\n|-end|p1a: Iron Valiant|Quark Drive|[silent]\n|switch|p1a: Zapdos|Zapdos|100\/100\n|switch|p2a: Alomomola|Alomomola, M|100\/100\n|\n|upkeep\n|turn|15\n|\n|t:|1699950561\n|switch|p2a: Reuniclus|Reuniclus, M|45\/100\n|move|p1a: Zapdos|Volt Switch|p2a: Reuniclus\n|-damage|p2a: Reuniclus|33\/100\n|\n|t:|1699950566\n|switch|p1a: Tapu Lele|Tapu Lele|25\/100|[from] Volt Switch\n|-fieldstart|move: Psychic Terrain|[from] ability: Psychic Surge|[of] p1a: Tapu Lele\n|\n|upkeep\n|turn|16\n|\n|t:|1699950582\n|switch|p2a: Wo-Chien|Wo-Chien|57\/100\n|-ability|p2a: Wo-Chien|Tablets of Ruin\n|move|p1a: Tapu Lele|Moonblast|p2a: Wo-Chien\n|-supereffective|p2a: Wo-Chien\n|-damage|p2a: Wo-Chien|0 fnt\n|faint|p2a: Wo-Chien\n|\n|upkeep\n|\n|t:|1699950592\n|switch|p2a: Tapu Koko|Tapu Koko|100\/100\n|-fieldstart|move: Electric Terrain|[from] ability: Electric Surge|[of] p2a: Tapu Koko\n|turn|17\n|\n|t:|1699950596\n|switch|p1a: Zapdos|Zapdos|100\/100\n|move|p2a: Tapu Koko|Thunderbolt|p1a: Zapdos\n|-damage|p1a: Zapdos|23\/100\n|\n|upkeep\n|turn|18\n|\n|t:|1699950601\n|move|p2a: Tapu Koko|Thunderbolt|p1a: Zapdos\n|-damage|p1a: Zapdos|0 fnt\n|faint|p1a: Zapdos\n|\n|upkeep\n|\n|t:|1699950613\n|switch|p1a: Alomomola|Alomomola, M|100\/100\n|turn|19\n|\n|t:|1699950617\n|-terastallize|p1a: Alomomola|Dragon\n|move|p2a: Tapu Koko|Thunderbolt|p1a: Alomomola\n|-resisted|p1a: Alomomola\n|-damage|p1a: Alomomola|67\/100\n|move|p1a: Alomomola|Toxic|p2a: Tapu Koko\n|-status|p2a: Tapu Koko|tox\n|\n|-damage|p2a: Tapu Koko|94\/100 tox|[from] psn\n|upkeep\n|turn|20\n|\n|t:|1699950628\n|switch|p2a: Kleavor|Kleavor, M|100\/100\n|move|p1a: Alomomola|Wish|p1a: Alomomola\n|\n|upkeep\n|turn|21\n|\n|t:|1699950660\n|move|p2a: Kleavor|X-Scissor|p1a: Alomomola\n|-damage|p1a: Alomomola|2\/100\n|-damage|p2a: Kleavor|84\/100|[from] item: Rocky Helmet|[of] p1a: Alomomola\n|move|p1a: Alomomola|Flip Turn|p2a: Kleavor\n|-supereffective|p2a: Kleavor\n|-damage|p2a: Kleavor|39\/100\n|\n|t:|1699950663\n|switch|p1a: Tapu Lele|Tapu Lele|25\/100|[from] Flip Turn\n|-fieldstart|move: Psychic Terrain|[from] ability: Psychic Surge|[of] p1a: Tapu Lele\n|\n|-heal|p1a: Tapu Lele|100\/100|[from] move: Wish|[wisher] Alomomola\n|upkeep\n|turn|22\n|\n|t:|1699950678\n|move|p1a: Tapu Lele|Psyshock|p2a: Kleavor\n|-damage|p2a: Kleavor|0 fnt\n|faint|p2a: Kleavor\n|\n|upkeep\n|\n|t:|1699950684\n|switch|p2a: Reuniclus|Reuniclus, M|66\/100\n|turn|23\n|\n|t:|1699950691\n|switch|p1a: Iron Valiant|Iron Valiant|88\/100\n|move|p2a: Reuniclus|Shadow Ball|p1a: Iron Valiant\n|-damage|p1a: Iron Valiant|47\/100\n|\n|upkeep\n|turn|24\n|\n|t:|1699950699\n|switch|p2a: Weezing|Weezing-Galar, F|53\/100\n|move|p1a: Iron Valiant|Knock Off|p2a: Weezing\n|-resisted|p2a: Weezing\n|-damage|p2a: Weezing|44\/100\n|-enditem|p2a: Weezing|Leftovers|[from] move: Knock Off|[of] p1a: Iron Valiant\n|\n|upkeep\n|turn|25\n|\n|t:|1699950711\n|-end|p1a: Iron Valiant|Quark Drive|[silent]\n|switch|p1a: Tapu Lele|Tapu Lele|100\/100\n|move|p2a: Weezing|Strange Steam|p1a: Tapu Lele\n|-damage|p1a: Tapu Lele|73\/100\n|\n|-fieldend|move: Psychic Terrain\n|upkeep\n|turn|26\n|\n|t:|1699950727\n|switch|p1a: Iron Valiant|Iron Valiant|47\/100\n|switch|p2a: Reuniclus|Reuniclus, M|99\/100\n|\n|upkeep\n|turn|27\n|\n|t:|1699950737\n|-end|p1a: Iron Valiant|Quark Drive|[silent]\n|switch|p1a: Tapu Lele|Tapu Lele|73\/100\n|-fieldstart|move: Psychic Terrain|[from] ability: Psychic Surge|[of] p1a: Tapu Lele\n|switch|p2a: Alomomola|Alomomola, M|100\/100\n|\n|upkeep\n|turn|28\n|\n|t:|1699950745\n|move|p2a: Alomomola|Protect|p2a: Alomomola\n|-singleturn|p2a: Alomomola|Protect\n|move|p1a: Tapu Lele|Moonblast|p2a: Alomomola\n|-activate|p2a: Alomomola|move: Protect\n|\n|upkeep\n|turn|29\n|\n|t:|1699950754\n|switch|p1a: Iron Valiant|Iron Valiant|47\/100\n|switch|p2a: Reuniclus|Reuniclus, M|100\/100\n|\n|upkeep\n|turn|30\n|\n|t:|1699950760\n|switch|p2a: Alomomola|Alomomola, M|100\/100\n|move|p1a: Iron Valiant|Knock Off|p2a: Alomomola\n|-damage|p2a: Alomomola|84\/100\n|-enditem|p2a: Alomomola|Heavy-Duty Boots|[from] move: Knock Off|[of] p1a: Iron Valiant\n|\n|upkeep\n|turn|31\n|\n|t:|1699950767\n|-end|p1a: Iron Valiant|Quark Drive|[silent]\n|switch|p1a: Alomomola|Alomomola, M, tera:Dragon|36\/100\n|move|p2a: Alomomola|Flip Turn|p1a: Alomomola\n|-resisted|p1a: Alomomola\n|-crit|p1a: Alomomola\n|-damage|p1a: Alomomola|28\/100\n|-damage|p2a: Alomomola|67\/100|[from] item: Rocky Helmet|[of] p1a: Alomomola\n|\n|t:|1699950774\n|switch|p2a: Tapu Koko|Tapu Koko|94\/100 tox|[from] Flip Turn\n|-fieldstart|move: Electric Terrain|[from] ability: Electric Surge|[of] p2a: Tapu Koko\n|\n|-damage|p2a: Tapu Koko|88\/100 tox|[from] psn\n|upkeep\n|turn|32\n|\n|t:|1699950782\n|switch|p1a: Tapu Lele|Tapu Lele|73\/100\n|-fieldstart|move: Psychic Terrain|[from] ability: Psychic Surge|[of] p1a: Tapu Lele\n|move|p2a: Tapu Koko|Dazzling Gleam|p1a: Tapu Lele\n|-damage|p1a: Tapu Lele|14\/100\n|\n|-damage|p2a: Tapu Koko|76\/100 tox|[from] psn\n|upkeep\n|turn|33\n|\n|t:|1699950792\n|switch|p2a: Reuniclus|Reuniclus, M|100\/100\n|move|p1a: Tapu Lele|Psychic|p2a: Reuniclus\n|-resisted|p2a: Reuniclus\n|-damage|p2a: Reuniclus|80\/100\n|-unboost|p2a: Reuniclus|spd|1\n|\n|upkeep\n|turn|34\n|\n|t:|1699950798\n|switch|p1a: Alomomola|Alomomola, M, tera:Dragon|61\/100\n|move|p2a: Reuniclus|Psychic|p1a: Alomomola\n|-damage|p1a: Alomomola|19\/100\n|\n|upkeep\n|turn|35\n|\n|t:|1699950808\n|move|p1a: Alomomola|Toxic|p2a: Reuniclus|[miss]\n|-miss|p1a: Alomomola|p2a: Reuniclus\n|move|p2a: Reuniclus|Psychic|p1a: Alomomola\n|-damage|p1a: Alomomola|0 fnt\n|faint|p1a: Alomomola\n|\n|upkeep\n|c|\u2606Mikirae1218|gg\n|-message|Mikirae1218 forfeited.\n|\n|win|kitmash\n|raw|Mikirae1218's rating: 1726 &rarr; <strong>1702<\/strong><br \/>(-24 for losing)\n|raw|kitmash's rating: 1662 &rarr; <strong>1686<\/strong><br \/>(+24 for winning)\n|l|\u2606Mikirae1218\n|c|\u2606kitmash|gg\n","uploadtime":1699950829,"views":7,"p1id":"mikirae1218","p2id":"kitmash","formatid":"gen9nationaldex","rating":1686,"private":0,"password":""}