{"id":"gen9nationaldex-1998894389","p1":"bikiki","p2":"qrerawa","format":"[Gen 9] National Dex","log":"|html|<div class=\"broadcast-blue\"><strong>[Gen 9] National Dex is currently suspecting Sneasler! For information on how to participate check out the <a href=\"https:\/\/www.smogon.com\/forums\/threads\/sv-national-dex-suspect-8-just-dance.3731534\/\">suspect thread<\/a>.<\/strong><\/div>\n|j|\u2606bikiki\n|j|\u2606qrerawa\n|t:|1701009801\n|gametype|singles\n|player|p1|bikiki|riley|1070\n|player|p2|qrerawa|102|1115\n|teamsize|p1|6\n|teamsize|p2|6\n|gen|9\n|tier|[Gen 9] National Dex\n|rated|\n|rule|HP Percentage Mod: HP is shown in percentages\n|rule|Endless Battle Clause: Forcing endless battles is banned\n|rule|OHKO Clause: OHKO moves are banned\n|rule|Evasion Clause: Evasion abilities, items, and moves are banned\n|rule|Evasion Abilities Clause: Evasion abilities are banned\n|rule|Evasion Items Clause: Evasion items are banned\n|rule|Evasion Moves Clause: Evasion moves are banned\n|rule|Species Clause: Limit one of each Pok\u00e9mon\n|rule|Sleep Clause Mod: Limit one foe put to sleep\n|clearpoke\n|poke|p1|Iron Moth|\n|poke|p1|Blastoise, F|\n|poke|p1|Scizor, F|\n|poke|p1|Empoleon, M|\n|poke|p1|Corviknight, M|\n|poke|p1|Quaquaval, F|\n|poke|p2|Mawile, M|\n|poke|p2|Marowak-Alola, M|\n|poke|p2|Hatterene, F|\n|poke|p2|Cresselia, F|\n|poke|p2|Porygon2|\n|poke|p2|Ursaluna, M|\n|teampreview\n|\n|t:|1701009811\n|start\n|switch|p1a: Empoleon|Empoleon, M|100\/100\n|switch|p2a: Porygon2|Porygon2|100\/100\n|-ability|p2a: Porygon2|Competitive|[from] ability: Trace|[of] p1a: Empoleon\n|turn|1\n|\n|t:|1701009823\n|move|p1a: Empoleon|Swords Dance|p1a: Empoleon\n|-boost|p1a: Empoleon|atk|2\n|move|p2a: Porygon2|Trick Room|p2a: Porygon2\n|-fieldstart|move: Trick Room|[of] p2a: Porygon2\n|\n|upkeep\n|turn|2\n|\n|t:|1701009829\n|move|p2a: Porygon2|Thunderbolt|p1a: Empoleon\n|-supereffective|p1a: Empoleon\n|-damage|p1a: Empoleon|54\/100\n|-enditem|p1a: Empoleon|Weakness Policy\n|-boost|p1a: Empoleon|atk|2|[from] item: Weakness Policy\n|-boost|p1a: Empoleon|spa|2|[from] item: Weakness Policy\n|move|p1a: Empoleon|Swords Dance|p1a: Empoleon\n|-boost|p1a: Empoleon|atk|2\n|\n|upkeep\n|turn|3\n|\n|t:|1701009839\n|move|p1a: Empoleon|Aqua Jet|p2a: Porygon2\n|-damage|p2a: Porygon2|71\/100\n|move|p2a: Porygon2|Thunderbolt|p1a: Empoleon\n|-supereffective|p1a: Empoleon\n|-damage|p1a: Empoleon|7\/100\n|\n|upkeep\n|turn|4\n|\n|t:|1701009845\n|move|p2a: Porygon2|Thunderbolt|p1a: Empoleon\n|-supereffective|p1a: Empoleon\n|-damage|p1a: Empoleon|0 fnt\n|faint|p1a: Empoleon\n|\n|upkeep\n|\n|t:|1701009849\n|switch|p1a: Quaquaval|Quaquaval, F|100\/100\n|turn|5\n|\n|t:|1701009852\n|move|p2a: Porygon2|Thunderbolt|p1a: Quaquaval\n|-supereffective|p1a: Quaquaval\n|-damage|p1a: Quaquaval|46\/100\n|-enditem|p1a: Quaquaval|Weakness Policy\n|-boost|p1a: Quaquaval|atk|2|[from] item: Weakness Policy\n|-boost|p1a: Quaquaval|spa|2|[from] item: Weakness Policy\n|move|p1a: Quaquaval|Close Combat|p2a: Porygon2\n|-supereffective|p2a: Porygon2\n|-damage|p2a: Porygon2|0 fnt\n|-unboost|p1a: Quaquaval|def|1\n|-unboost|p1a: Quaquaval|spd|1\n|faint|p2a: Porygon2\n|-ability|p1a: Quaquaval|Moxie|boost\n|-boost|p1a: Quaquaval|atk|1\n|\n|-fieldend|move: Trick Room\n|upkeep\n|\n|t:|1701009867\n|switch|p2a: Mawile|Mawile, M|100\/100\n|-ability|p2a: Mawile|Intimidate|boost\n|-unboost|p1a: Quaquaval|atk|1\n|turn|6\n|\n|t:|1701009873\n|detailschange|p2a: Mawile|Mawile-Mega, M\n|-mega|p2a: Mawile|Mawile|Mawilite\n|move|p2a: Mawile|Sucker Punch|p1a: Quaquaval\n|-resisted|p1a: Quaquaval\n|-damage|p1a: Quaquaval|0 fnt\n|faint|p1a: Quaquaval\n|\n|upkeep\n|\n|t:|1701009878\n|switch|p1a: Blastoise|Blastoise, F|100\/100\n|turn|7\n|inactive|Battle timer is ON: inactive players will automatically lose when time's up. (requested by qrerawa)\n|\n|t:|1701009883\n|switch|p2a: Cresselia|Cresselia, F|100\/100\n|move|p1a: Blastoise|Shell Smash|p1a: Blastoise\n|-unboost|p1a: Blastoise|def|1\n|-unboost|p1a: Blastoise|spd|1\n|-boost|p1a: Blastoise|atk|2\n|-boost|p1a: Blastoise|spa|2\n|-boost|p1a: Blastoise|spe|2\n|\n|upkeep\n|turn|8\n|\n|t:|1701009899\n|-terastallize|p2a: Cresselia|Water\n|move|p1a: Blastoise|Surf|p2a: Cresselia\n|-resisted|p2a: Cresselia\n|-damage|p2a: Cresselia|73\/100\n|-damage|p1a: Blastoise|91\/100|[from] item: Life Orb\n|move|p2a: Cresselia|Trick Room|p2a: Cresselia\n|-fieldstart|move: Trick Room|[of] p2a: Cresselia\n|\n|upkeep\n|turn|9\n|\n|t:|1701009907\n|move|p2a: Cresselia|Psychic|p1a: Blastoise\n|-damage|p1a: Blastoise|54\/100\n|move|p1a: Blastoise|Aura Sphere|p2a: Cresselia\n|-damage|p2a: Cresselia|37\/100\n|-damage|p1a: Blastoise|44\/100|[from] item: Life Orb\n|\n|upkeep\n|turn|10\n|\n|t:|1701009914\n|move|p2a: Cresselia|Psychic|p1a: Blastoise\n|-damage|p1a: Blastoise|5\/100\n|move|p1a: Blastoise|Aura Sphere|p2a: Cresselia\n|-damage|p2a: Cresselia|3\/100\n|-damage|p1a: Blastoise|0 fnt|[from] item: Life Orb\n|faint|p1a: Blastoise\n|\n|upkeep\n|\n|t:|1701009923\n|switch|p1a: Corviknight|Corviknight, M|100\/100\n|turn|11\n|\n|t:|1701009926\n|move|p2a: Cresselia|Lunar Dance|p2a: Cresselia\n|faint|p2a: Cresselia\n|move|p1a: Corviknight|Brave Bird|p2: Cresselia|[notarget]\n|-fail|p1a: Corviknight\n|\n|upkeep\n|\n|t:|1701009931\n|switch|p2a: Marowak|Marowak-Alola, M|100\/100\n|turn|12\n|\n|t:|1701009936\n|move|p2a: Marowak|Flare Blitz|p1a: Corviknight\n|-supereffective|p1a: Corviknight\n|-damage|p1a: Corviknight|0 fnt\n|-damage|p2a: Marowak|84\/100|[from] item: Rocky Helmet|[of] p1a: Corviknight\n|faint|p1a: Corviknight\n|\n|-fieldend|move: Trick Room\n|upkeep\n|\n|t:|1701009941\n|switch|p1a: Iron Moth|Iron Moth|100\/100\n|turn|13\n|\n|t:|1701009947\n|switch|p2a: Hatterene|Hatterene, F|100\/100\n|move|p1a: Iron Moth|Sludge Wave|p2a: Hatterene\n|-supereffective|p2a: Hatterene\n|-enditem|p2a: Hatterene|Focus Sash\n|-damage|p2a: Hatterene|1\/100\n|\n|upkeep\n|turn|14\n|\n|t:|1701009957\n|-end|p1a: Iron Moth|Quark Drive|[silent]\n|switch|p1a: Scizor|Scizor, F|100\/100\n|move|p2a: Hatterene|Trick Room|p2a: Hatterene\n|-fieldstart|move: Trick Room|[of] p2a: Hatterene\n|\n|upkeep\n|turn|15\n|\n|t:|1701009963\n|detailschange|p1a: Scizor|Scizor-Mega, F\n|-mega|p1a: Scizor|Scizor|Scizorite\n|move|p2a: Hatterene|Misty Explosion|p1a: Scizor\n|-resisted|p1a: Scizor\n|-damage|p1a: Scizor|63\/100\n|faint|p2a: Hatterene\n|move|p1a: Scizor|Swords Dance|p1a: Scizor\n|-boost|p1a: Scizor|atk|2\n|\n|upkeep\n|\n|t:|1701009971\n|switch|p2a: Ursaluna|Ursaluna, M|100\/100\n|turn|16\n|\n|t:|1701009977\n|move|p2a: Ursaluna|Earthquake|p1a: Scizor\n|-damage|p1a: Scizor|10\/100\n|move|p1a: Scizor|Close Combat|p2a: Ursaluna\n|-supereffective|p2a: Ursaluna\n|-damage|p2a: Ursaluna|0 fnt\n|-unboost|p1a: Scizor|def|1\n|-unboost|p1a: Scizor|spd|1\n|faint|p2a: Ursaluna\n|\n|upkeep\n|\n|t:|1701009987\n|switch|p2a: Mawile|Mawile-Mega, M|100\/100\n|-heal|p2a: Mawile|100\/100|[from] move: Lunar Dance\n|turn|17\n|\n|t:|1701009996\n|move|p1a: Scizor|Bullet Punch|p2a: Mawile\n|-damage|p2a: Mawile|42\/100\n|move|p2a: Mawile|Fire Fang|p1a: Scizor\n|-supereffective|p1a: Scizor\n|-damage|p1a: Scizor|0 fnt\n|faint|p1a: Scizor\n|\n|upkeep\n|\n|t:|1701009999\n|switch|p1a: Iron Moth|Iron Moth|100\/100\n|turn|18\n|\n|t:|1701010007\n|move|p2a: Mawile|Fire Fang|p1a: Iron Moth\n|-resisted|p1a: Iron Moth\n|-damage|p1a: Iron Moth|66\/100\n|move|p1a: Iron Moth|Heat Wave|p2a: Mawile\n|-supereffective|p2a: Mawile\n|-damage|p2a: Mawile|0 fnt\n|faint|p2a: Mawile\n|\n|-fieldend|move: Trick Room\n|upkeep\n|\n|t:|1701010015\n|switch|p2a: Marowak|Marowak-Alola, M|84\/100\n|turn|19\n|\n|t:|1701010018\n|move|p1a: Iron Moth|Heat Wave|p2a: Marowak\n|-resisted|p2a: Marowak\n|-damage|p2a: Marowak|38\/100\n|move|p2a: Marowak|Poltergeist|p1a: Iron Moth\n|-activate|p1a: Iron Moth|move: Poltergeist|Choice Specs\n|-damage|p1a: Iron Moth|0 fnt\n|faint|p1a: Iron Moth\n|-end|p1a: Iron Moth|Quark Drive|[silent]\n|\n|win|qrerawa\n|raw|bikiki's rating: 1070 &rarr; <strong>1052<\/strong><br \/>(-18 for losing)\n|raw|qrerawa's rating: 1115 &rarr; <strong>1137<\/strong><br \/>(+22 for winning)\n","uploadtime":1701010029,"views":12,"p1id":"bikiki","p2id":"qrerawa","formatid":"gen9nationaldex","rating":1052,"private":0,"password":""}