{"id":"gen9nationaldex-1998491548","p1":"gojo2223","p2":"imbwc","format":"[Gen 9] National Dex","log":"|html|<div class=\"broadcast-blue\"><strong>[Gen 9] National Dex is currently suspecting Sneasler! For information on how to participate check out the <a href=\"https:\/\/www.smogon.com\/forums\/threads\/sv-national-dex-suspect-8-just-dance.3731534\/\">suspect thread<\/a>.<\/strong><\/div>\n|j|\u2606gojo2223\n|j|\u2606imbwc\n|t:|1700948357\n|gametype|singles\n|player|p1|gojo2223|265|1093\n|player|p2|imbwc|poppy|1000\n|teamsize|p1|6\n|teamsize|p2|6\n|gen|9\n|tier|[Gen 9] National Dex\n|rated|\n|rule|HP Percentage Mod: HP is shown in percentages\n|rule|Endless Battle Clause: Forcing endless battles is banned\n|rule|OHKO Clause: OHKO moves are banned\n|rule|Evasion Clause: Evasion abilities, items, and moves are banned\n|rule|Evasion Abilities Clause: Evasion abilities are banned\n|rule|Evasion Items Clause: Evasion items are banned\n|rule|Evasion Moves Clause: Evasion moves are banned\n|rule|Species Clause: Limit one of each Pok\u00e9mon\n|rule|Sleep Clause Mod: Limit one foe put to sleep\n|clearpoke\n|poke|p1|Sneasler, F|\n|poke|p1|Brute Bonnet|\n|poke|p1|Mawile, M|\n|poke|p1|Greninja-*, M|\n|poke|p1|Great Tusk|\n|poke|p1|Blaziken, F|\n|poke|p2|Banette, F|\n|poke|p2|Oinkologne-F, F|\n|poke|p2|Darmanitan, M|\n|poke|p2|Hoopa-Unbound|\n|poke|p2|Stakataka|\n|poke|p2|Tornadus-Therian, M|\n|teampreview\n|j| Lonsol\n|j| mistahmerrikuu\n|j| kung fu pokechu\n|\n|t:|1700948381\n|start\n|switch|p1a: Great Tusk|Great Tusk|100\/100\n|switch|p2a: morpheo at home|Tornadus-Therian, M|100\/100\n|turn|1\n|j| old baby\n|j| TheStroker\n|c| old baby|\/me dabs\n|inactive|Battle timer is ON: inactive players will automatically lose when time's up. (requested by imbwc)\n|\n|t:|1700948432\n|move|p2a: morpheo at home|Hurricane|p1a: Great Tusk\n|-supereffective|p1a: Great Tusk\n|-damage|p1a: Great Tusk|0 fnt\n|faint|p1a: Great Tusk\n|-end|p1a: Great Tusk|Protosynthesis|[silent]\n|\n|upkeep\n|\n|t:|1700948457\n|switch|p1a: Greninja|Greninja, M|100\/100\n|turn|2\n|\n|t:|1700948475\n|switch|p2a: 7 dix in hand|Hoopa-Unbound|100\/100\n|move|p1a: Greninja|Ice Beam|p2a: 7 dix in hand\n|-start|p1a: Greninja|typechange|Ice|[from] ability: Protean\n|-damage|p2a: 7 dix in hand|73\/100\n|\n|upkeep\n|turn|3\n|\n|t:|1700948491\n|switch|p1a: Mawile|Mawile, M|100\/100\n|-ability|p1a: Mawile|Intimidate|boost\n|-unboost|p2a: 7 dix in hand|atk|1\n|move|p2a: 7 dix in hand|Trick Room|p2a: 7 dix in hand\n|-fieldstart|move: Trick Room|[of] p2a: 7 dix in hand\n|-enditem|p2a: 7 dix in hand|Room Service\n|-unboost|p2a: 7 dix in hand|spe|1|[from] item: Room Service\n|\n|upkeep\n|turn|4\n|inactive|gojo2223 has 120 seconds left.\n|\n|t:|1700948524\n|switch|p2a: morpheus|Stakataka|100\/100\n|-item|p2a: morpheus|Air Balloon\n|detailschange|p1a: Mawile|Mawile-Mega, M\n|-mega|p1a: Mawile|Mawile|Mawilite\n|move|p1a: Mawile|Knock Off|p2a: morpheus\n|-damage|p2a: morpheus|61\/100\n|-enditem|p2a: morpheus|Air Balloon\n|\n|upkeep\n|turn|5\n|\n|t:|1700948539\n|switch|p1a: Sneasler|Sneasler, F|100\/100\n|move|p2a: morpheus|Heat Crash|p1a: Sneasler\n|-damage|p1a: Sneasler|19\/100\n|\n|upkeep\n|turn|6\n|\n|t:|1700948562\n|switch|p1a: Greninja|Greninja, M|100\/100\n|move|p2a: morpheus|Gyro Ball|p1a: Greninja\n|-resisted|p1a: Greninja\n|-damage|p1a: Greninja|22\/100\n|\n|upkeep\n|turn|7\n|\n|t:|1700948574\n|move|p2a: morpheus|Gyro Ball|p1a: Greninja\n|-resisted|p1a: Greninja\n|-damage|p1a: Greninja|0 fnt\n|faint|p1a: Greninja\n|-ability|p2a: morpheus|Beast Boost|boost\n|-boost|p2a: morpheus|atk|1\n|\n|-fieldend|move: Trick Room\n|upkeep\n|\n|t:|1700948582\n|switch|p1a: Mawile|Mawile-Mega, M|100\/100\n|turn|8\n|\n|t:|1700948593\n|move|p1a: Mawile|Iron Head|p2a: morpheus\n|-damage|p2a: morpheus|12\/100\n|move|p2a: morpheus|Gyro Ball|p1a: Mawile\n|-damage|p1a: Mawile|8\/100\n|\n|upkeep\n|turn|9\n|\n|t:|1700948599\n|move|p1a: Mawile|Iron Head|p2a: morpheus\n|-damage|p2a: morpheus|0 fnt\n|faint|p2a: morpheus\n|\n|upkeep\n|\n|t:|1700948610\n|switch|p2a: morpheo at home|Tornadus-Therian, M|100\/100\n|turn|10\n|inactive|gojo2223 has 120 seconds left.\n|\n|t:|1700948620\n|move|p2a: morpheo at home|Knock Off|p1a: Mawile\n|-resisted|p1a: Mawile\n|-damage|p1a: Mawile|1\/100\n|move|p1a: Mawile|Play Rough|p2a: morpheo at home\n|-damage|p2a: morpheo at home|4\/100\n|\n|upkeep\n|turn|11\n|inactive|gojo2223 has 120 seconds left.\n|\n|t:|1700948628\n|switch|p2a: fartpig|Oinkologne-F, F|100\/100\n|switch|p1a: Brute Bonnet|Brute Bonnet|100\/100\n|\n|upkeep\n|turn|12\n|\n|t:|1700948638\n|switch|p2a: morpheo at home|Tornadus-Therian, M|38\/100\n|move|p1a: Brute Bonnet|Spore|p2a: morpheo at home\n|-status|p2a: morpheo at home|slp|[from] move: Spore\n|\n|upkeep\n|turn|13\n|\n|t:|1700948649\n|switch|p2a: morbius|Darmanitan, M|100\/100\n|move|p1a: Brute Bonnet|Crunch|p2a: morbius\n|-damage|p2a: morbius|25\/100\n|-unboost|p2a: morbius|def|1\n|\n|-formechange|p2a: morbius|Darmanitan-Zen|\n|upkeep\n|turn|14\n|\n|t:|1700948657\n|move|p1a: Brute Bonnet|Sucker Punch|p2a: morbius\n|-supereffective|p2a: morbius\n|-damage|p2a: morbius|0 fnt\n|faint|p2a: morbius\n|\n|upkeep\n|\n|t:|1700948668\n|switch|p2a: fartpig|Oinkologne-F, F|100\/100\n|turn|15\n|\n|t:|1700948673\n|move|p2a: fartpig|Stuff Cheeks|p2a: fartpig\n|-boost|p2a: fartpig|def|2\n|-enditem|p2a: fartpig|Lansat Berry|[eat]\n|-start|p2a: fartpig|move: Focus Energy\n|move|p1a: Brute Bonnet|Spore|p2a: fartpig\n|-message|Sleep Clause Mod activated.\n|-hint|Sleep Clause Mod prevents players from putting more than one of their opponent's Pok\u00e9mon to sleep at a time\n|\n|upkeep\n|turn|16\n|\n|t:|1700948686\n|-terastallize|p2a: fartpig|Poison\n|move|p1a: Brute Bonnet|Sucker Punch|p2a: fartpig\n|-damage|p2a: fartpig|78\/100\n|move|p2a: fartpig|Belch|p1a: Brute Bonnet\n|-supereffective|p1a: Brute Bonnet\n|-damage|p1a: Brute Bonnet|31\/100\n|\n|-heal|p1a: Brute Bonnet|37\/100|[from] item: Leftovers\n|upkeep\n|turn|17\n|\n|t:|1700948697\n|-end|p1a: Brute Bonnet|Protosynthesis|[silent]\n|switch|p1a: Blaziken|Blaziken, F|100\/100\n|move|p2a: fartpig|Belch|p1a: Blaziken\n|-crit|p1a: Blaziken\n|-damage|p1a: Blaziken|0 fnt\n|faint|p1a: Blaziken\n|\n|upkeep\n|\n|t:|1700948719\n|switch|p1a: Sneasler|Sneasler, F|19\/100\n|turn|18\n|\n|t:|1700948726\n|move|p1a: Sneasler|Fire Punch|p2a: fartpig\n|-damage|p2a: fartpig|65\/100\n|move|p2a: fartpig|Hyper Voice|p1a: Sneasler\n|-damage|p1a: Sneasler|0 fnt\n|faint|p1a: Sneasler\n|\n|upkeep\n|inactive|gojo2223 has 120 seconds left.\n|\n|t:|1700948752\n|switch|p1a: Mawile|Mawile-Mega, M|1\/100\n|turn|19\n|\n|t:|1700948775\n|move|p2a: fartpig|Hyper Voice|p1a: Mawile\n|-resisted|p1a: Mawile\n|-damage|p1a: Mawile|0 fnt\n|faint|p1a: Mawile\n|\n|upkeep\n|\n|t:|1700948779\n|switch|p1a: Brute Bonnet|Brute Bonnet|37\/100\n|turn|20\n|\n|t:|1700948790\n|move|p1a: Brute Bonnet|Sucker Punch|p2a: fartpig\n|-damage|p2a: fartpig|45\/100\n|move|p2a: fartpig|Belch|p1a: Brute Bonnet\n|-supereffective|p1a: Brute Bonnet\n|-crit|p1a: Brute Bonnet\n|-damage|p1a: Brute Bonnet|0 fnt\n|faint|p1a: Brute Bonnet\n|-end|p1a: Brute Bonnet|Protosynthesis|[silent]\n|\n|win|imbwc\n|raw|gojo2223's rating: 1093 &rarr; <strong>1063<\/strong><br \/>(-30 for losing)\n|raw|imbwc's rating: 1000 &rarr; <strong>1050<\/strong><br \/>(+50 for winning)\n|c|\u2606gojo2223|gg\n|l|\u2606gojo2223\n|n|\u2606imbwc|imbwc\n|l| mistahmerrikuu\n|l| old baby\n|l| TheStroker\n","uploadtime":1700948840,"views":1,"p1id":"gojo2223","p2id":"imbwc","formatid":"gen9nationaldex","rating":1050,"private":0,"password":""}