{"id":"gen9nationaldex-1988276589","p1":"fkmyluck","p2":"qewt","format":"[Gen 9] National Dex","log":"|j|\u2606fkmyluck\n|j|\u2606qewt\n|t:|1699699973\n|gametype|singles\n|player|p1|fkmyluck|alder|1622\n|player|p2|qewt|cynthia-masters|1581\n|teamsize|p1|6\n|teamsize|p2|6\n|gen|9\n|tier|[Gen 9] National Dex\n|rated|\n|rule|HP Percentage Mod: HP is shown in percentages\n|rule|Endless Battle Clause: Forcing endless battles is banned\n|rule|OHKO Clause: OHKO moves are banned\n|rule|Evasion Clause: Evasion abilities, items, and moves are banned\n|rule|Evasion Abilities Clause: Evasion abilities are banned\n|rule|Evasion Items Clause: Evasion items are banned\n|rule|Evasion Moves Clause: Evasion moves are banned\n|rule|Species Clause: Limit one of each Pok\u00e9mon\n|rule|Sleep Clause Mod: Limit one foe put to sleep\n|clearpoke\n|poke|p1|Ogerpon, F|\n|poke|p1|Alomomola, F|\n|poke|p1|Munkidori, M|\n|poke|p1|Medicham, F|\n|poke|p1|Iron Moth|\n|poke|p1|Landorus-Therian, M|\n|poke|p2|Latias, F|\n|poke|p2|Urshifu-*, M|\n|poke|p2|Landorus-Therian, M|\n|poke|p2|Ferrothorn, M|\n|poke|p2|Weezing-Galar, F|\n|poke|p2|Aegislash, M|\n|teampreview\n|c|\u2606qewt|LMAO\n|c|\u2606qewt|SWAY\n|c|\u2606fkmyluck|uh\n|c|\u2606fkmyluck|im zooted\n|c|\u2606fkmyluck|and bored\n|c|\u2606fkmyluck|uh\n|c|\u2606qewt|forfeit pls\n|c|\u2606qewt|m on a loss treak\n|c|\u2606fkmyluck|no\n|inactive|Battle timer is ON: inactive players will automatically lose when time's up. (requested by qewt)\n|c|\u2606fkmyluck|im a lil low ive been trollin\n|c|\u2606qewt|same..\n|\n|t:|1699700013\n|start\n|switch|p1a: Medicham|Medicham, F|100\/100\n|switch|p2a: Landorus|Landorus-Therian, M|100\/100\n|-ability|p2a: Landorus|Intimidate|boost\n|-unboost|p1a: Medicham|atk|1\n|turn|1\n|\n|t:|1699700019\n|switch|p2a: Weezing|Weezing-Galar, F|100\/100\n|-ability|p2a: Weezing|Neutralizing Gas\n|detailschange|p1a: Medicham|Medicham-Mega, F\n|-mega|p1a: Medicham|Medicham|Medichamite\n|move|p1a: Medicham|Fake Out|p2a: Weezing\n|-damage|p2a: Weezing|96\/100\n|-damage|p1a: Medicham|84\/100|[from] item: Rocky Helmet|[of] p2a: Weezing\n|\n|upkeep\n|turn|2\n|\n|t:|1699700031\n|switch|p1a: Alomomola|Alomomola, F|100\/100\n|-end|p2a: Weezing|ability: Neutralizing Gas\n|switch|p2a: Landorus|Landorus-Therian, M|100\/100\n|-ability|p2a: Landorus|Intimidate|boost\n|-unboost|p1a: Alomomola|atk|1\n|\n|upkeep\n|turn|3\n|\n|t:|1699700036\n|move|p2a: Landorus|U-turn|p1a: Alomomola\n|-damage|p1a: Alomomola|87\/100\n|\n|t:|1699700041\n|switch|p2a: Ferrothorn|Ferrothorn, M|100\/100|[from] U-turn\n|move|p1a: Alomomola|Toxic|p2a: Ferrothorn\n|-immune|p2a: Ferrothorn\n|\n|upkeep\n|turn|4\n|\n|t:|1699700047\n|move|p1a: Alomomola|Flip Turn|p2a: Ferrothorn\n|-resisted|p2a: Ferrothorn\n|-damage|p2a: Ferrothorn|97\/100\n|-damage|p1a: Alomomola|75\/100|[from] ability: Iron Barbs|[of] p2a: Ferrothorn\n|\n|t:|1699700048\n|switch|p1a: Landorus|Landorus-Therian, M|100\/100|[from] Flip Turn\n|-ability|p1a: Landorus|Intimidate|boost\n|-unboost|p2a: Ferrothorn|atk|1\n|move|p2a: Ferrothorn|Knock Off|p1a: Landorus\n|-damage|p1a: Landorus|86\/100\n|-enditem|p1a: Landorus|Leftovers|[from] move: Knock Off|[of] p2a: Ferrothorn\n|\n|-heal|p2a: Ferrothorn|100\/100|[from] item: Leftovers\n|upkeep\n|turn|5\n|\n|t:|1699700053\n|move|p1a: Landorus|U-turn|p2a: Ferrothorn\n|-damage|p2a: Ferrothorn|85\/100\n|-damage|p1a: Landorus|74\/100|[from] ability: Iron Barbs|[of] p2a: Ferrothorn\n|\n|t:|1699700056\n|switch|p1a: Medicham|Medicham-Mega, F|84\/100|[from] U-turn\n|move|p2a: Ferrothorn|Leech Seed|p1a: Medicham\n|-start|p1a: Medicham|move: Leech Seed\n|\n|-heal|p2a: Ferrothorn|91\/100|[from] item: Leftovers\n|-damage|p1a: Medicham|72\/100|[from] Leech Seed|[of] p2a: Ferrothorn\n|-heal|p2a: Ferrothorn|99\/100|[silent]\n|upkeep\n|turn|6\n|\n|t:|1699700059\n|switch|p2a: Weezing|Weezing-Galar, F|96\/100\n|-ability|p2a: Weezing|Neutralizing Gas\n|move|p1a: Medicham|Close Combat|p2a: Weezing\n|-resisted|p2a: Weezing\n|-damage|p2a: Weezing|87\/100\n|-unboost|p1a: Medicham|def|1\n|-unboost|p1a: Medicham|spd|1\n|-damage|p1a: Medicham|55\/100|[from] item: Rocky Helmet|[of] p2a: Weezing\n|\n|-damage|p1a: Medicham|43\/100|[from] Leech Seed|[of] p2a: Weezing\n|-heal|p2a: Weezing|97\/100|[silent]\n|upkeep\n|turn|7\n|\n|t:|1699700066\n|switch|p1a: Alomomola|Alomomola, F|100\/100\n|move|p2a: Weezing|Will-O-Wisp|p1a: Alomomola\n|-status|p1a: Alomomola|brn\n|\n|-damage|p1a: Alomomola|94\/100 brn|[from] brn\n|upkeep\n|turn|8\n|\n|t:|1699700069\n|-end|p2a: Weezing|ability: Neutralizing Gas\n|switch|p2a: Ferrothorn|Ferrothorn, M|99\/100\n|move|p1a: Alomomola|Wish|p1a: Alomomola\n|\n|-heal|p2a: Ferrothorn|100\/100|[from] item: Leftovers\n|-damage|p1a: Alomomola|88\/100 brn|[from] brn\n|upkeep\n|turn|9\n|\n|t:|1699700074\n|switch|p1a: Medicham|Medicham-Mega, F|43\/100\n|move|p2a: Ferrothorn|Spikes|p1a: Medicham\n|-sidestart|p1: fkmyluck|Spikes\n|\n|-heal|p1a: Medicham|100\/100|[from] move: Wish|[wisher] Alomomola\n|upkeep\n|turn|10\n|\n|t:|1699700080\n|switch|p1a: Landorus|Landorus-Therian, M|74\/100\n|-ability|p1a: Landorus|Intimidate|boost\n|-unboost|p2a: Ferrothorn|atk|1\n|switch|p2a: Weezing|Weezing-Galar, F|97\/100\n|-ability|p2a: Weezing|Neutralizing Gas\n|\n|upkeep\n|turn|11\n|\n|t:|1699700084\n|-end|p2a: Weezing|ability: Neutralizing Gas\n|-ability|p1a: Landorus|Intimidate|boost\n|-unboost|p2a: Weezing|atk|1\n|switch|p2a: Ferrothorn|Ferrothorn, M|100\/100\n|move|p1a: Landorus|Earthquake|p2a: Ferrothorn\n|-damage|p2a: Ferrothorn|67\/100\n|\n|-heal|p2a: Ferrothorn|74\/100|[from] item: Leftovers\n|upkeep\n|turn|12\n|\n|t:|1699700088\n|move|p1a: Landorus|Defog|p2a: Ferrothorn\n|-unboost|p2a: Ferrothorn|evasion|1\n|-sideend|p1: fkmyluck|Spikes|[from] move: Defog|[of] p1a: Landorus\n|move|p2a: Ferrothorn|Leech Seed|p1a: Landorus\n|-start|p1a: Landorus|move: Leech Seed\n|\n|-heal|p2a: Ferrothorn|80\/100|[from] item: Leftovers\n|-damage|p1a: Landorus|62\/100|[from] Leech Seed|[of] p2a: Ferrothorn\n|-heal|p2a: Ferrothorn|93\/100|[silent]\n|upkeep\n|turn|13\n|\n|t:|1699700093\n|switch|p1a: Medicham|Medicham-Mega, F|100\/100\n|move|p2a: Ferrothorn|Spikes|p1a: Medicham\n|-sidestart|p1: fkmyluck|Spikes\n|\n|-heal|p2a: Ferrothorn|99\/100|[from] item: Leftovers\n|upkeep\n|turn|14\n|\n|t:|1699700095\n|switch|p1a: Munkidori|Munkidori, M|100\/100\n|-damage|p1a: Munkidori|88\/100|[from] Spikes\n|switch|p2a: Weezing|Weezing-Galar, F|97\/100\n|-ability|p2a: Weezing|Neutralizing Gas\n|\n|upkeep\n|turn|15\n|\n|t:|1699700099\n|-end|p2a: Weezing|ability: Neutralizing Gas\n|switch|p2a: Ferrothorn|Ferrothorn, M|99\/100\n|move|p1a: Munkidori|Trick|p2a: Ferrothorn\n|-activate|p1a: Munkidori|move: Trick|[of] p2a: Ferrothorn\n|-item|p2a: Ferrothorn|Choice Scarf|[from] move: Trick\n|-item|p1a: Munkidori|Leftovers|[from] move: Trick\n|\n|-heal|p1a: Munkidori|94\/100|[from] item: Leftovers\n|upkeep\n|turn|16\n|c|\u2606qewt|u actually like men\n|c|\u2606qewt|omfg\n|\n|t:|1699700113\n|switch|p1a: Landorus|Landorus-Therian, M|62\/100\n|-ability|p1a: Landorus|Intimidate|boost\n|-unboost|p2a: Ferrothorn|atk|1\n|move|p2a: Ferrothorn|Leech Seed|p1a: Landorus\n|-start|p1a: Landorus|move: Leech Seed\n|\n|-damage|p1a: Landorus|50\/100|[from] Leech Seed|[of] p2a: Ferrothorn\n|-heal|p2a: Ferrothorn|100\/100|[silent]\n|upkeep\n|turn|17\n|c|\u2606fkmyluck|yh\n|\n|t:|1699700118\n|switch|p2a: Latias|Latias, F|100\/100\n|move|p1a: Landorus|Defog|p2a: Latias\n|-unboost|p2a: Latias|evasion|1\n|-sideend|p1: fkmyluck|Spikes|[from] move: Defog|[of] p1a: Landorus\n|\n|-damage|p1a: Landorus|37\/100|[from] Leech Seed|[of] p2a: Latias\n|upkeep\n|turn|18\n|\n|t:|1699700121\n|detailschange|p2a: Latias|Latias-Mega, F\n|-mega|p2a: Latias|Latias|Latiasite\n|move|p2a: Latias|Substitute|p2a: Latias\n|-start|p2a: Latias|Substitute\n|-damage|p2a: Latias|76\/100\n|move|p1a: Landorus|U-turn|p2a: Latias\n|-supereffective|p2a: Latias\n|-end|p2a: Latias|Substitute\n|\n|t:|1699700125\n|switch|p1a: Ogerpon|Ogerpon, F|100\/100|[from] U-turn\n|\n|upkeep\n|turn|19\n|\n|t:|1699700130\n|switch|p2a: Ferrothorn|Ferrothorn, M|100\/100\n|move|p1a: Ogerpon|U-turn|p2a: Ferrothorn\n|-damage|p2a: Ferrothorn|76\/100\n|-damage|p1a: Ogerpon|88\/100|[from] ability: Iron Barbs|[of] p2a: Ferrothorn\n|\n|t:|1699700132\n|switch|p1a: Medicham|Medicham-Mega, F|100\/100|[from] U-turn\n|\n|upkeep\n|turn|20\n|\n|t:|1699700138\n|switch|p1a: Alomomola|Alomomola, F|100\/100 brn\n|switch|p2a: Weezing|Weezing-Galar, F|97\/100\n|-ability|p2a: Weezing|Neutralizing Gas\n|\n|-damage|p1a: Alomomola|94\/100 brn|[from] brn\n|upkeep\n|turn|21\n|\n|t:|1699700148\n|move|p2a: Weezing|Will-O-Wisp|p1a: Alomomola\n|-fail|p1a: Alomomola|brn\n|move|p1a: Alomomola|Wish|p1a: Alomomola\n|\n|-damage|p1a: Alomomola|88\/100 brn|[from] brn\n|upkeep\n|turn|22\n|j| 1 em trach thu\n|\n|t:|1699700158\n|-end|p2a: Weezing|ability: Neutralizing Gas\n|switch|p2a: Latias|Latias-Mega, F|76\/100\n|move|p1a: Alomomola|Flip Turn|p2a: Latias\n|-resisted|p2a: Latias\n|-damage|p2a: Latias|72\/100\n|\n|t:|1699700161\n|switch|p1a: Landorus|Landorus-Therian, M|37\/100|[from] Flip Turn\n|-ability|p1a: Landorus|Intimidate|boost\n|-unboost|p2a: Latias|atk|1\n|\n|-heal|p1a: Landorus|100\/100|[from] move: Wish|[wisher] Alomomola\n|upkeep\n|turn|23\n|\n|t:|1699700164\n|move|p2a: Latias|Psychic|p1a: Landorus\n|-damage|p1a: Landorus|60\/100\n|move|p1a: Landorus|U-turn|p2a: Latias\n|-supereffective|p2a: Latias\n|-damage|p2a: Latias|25\/100\n|\n|t:|1699700166\n|switch|p1a: Munkidori|Munkidori, M|94\/100|[from] U-turn\n|\n|-heal|p1a: Munkidori|99\/100|[from] item: Leftovers\n|upkeep\n|turn|24\n|\n|t:|1699700171\n|move|p2a: Latias|Recover|p2a: Latias\n|-heal|p2a: Latias|75\/100\n|move|p1a: Munkidori|U-turn|p2a: Latias\n|-supereffective|p2a: Latias\n|-damage|p2a: Latias|50\/100\n|\n|t:|1699700174\n|switch|p1a: Ogerpon|Ogerpon, F|88\/100|[from] U-turn\n|\n|upkeep\n|turn|25\n|\n|t:|1699700179\n|switch|p2a: Ferrothorn|Ferrothorn, M|76\/100\n|move|p1a: Ogerpon|U-turn|p2a: Ferrothorn\n|-damage|p2a: Ferrothorn|54\/100\n|-damage|p1a: Ogerpon|76\/100|[from] ability: Iron Barbs|[of] p2a: Ferrothorn\n|\n|t:|1699700181\n|switch|p1a: Iron Moth|Iron Moth|100\/100|[from] U-turn\n|-enditem|p1a: Iron Moth|Booster Energy\n|-activate|p1a: Iron Moth|ability: Quark Drive|[fromitem]\n|-start|p1a: Iron Moth|quarkdrivespe\n|\n|upkeep\n|turn|26\n|\n|t:|1699700191\n|switch|p2a: Latias|Latias-Mega, F|50\/100\n|move|p1a: Iron Moth|Fiery Dance|p2a: Latias\n|-resisted|p2a: Latias\n|-damage|p2a: Latias|33\/100\n|\n|upkeep\n|turn|27\n|\n|t:|1699700193\n|move|p1a: Iron Moth|Sludge Wave|p2a: Latias\n|-damage|p2a: Latias|0 fnt\n|faint|p2a: Latias\n|\n|upkeep\n|\n|t:|1699700198\n|switch|p2a: Urshifu|Urshifu-Rapid-Strike, M|100\/100\n|turn|28\n|\n|t:|1699700206\n|-end|p1a: Iron Moth|Quark Drive|[silent]\n|switch|p1a: Alomomola|Alomomola, F|100\/100 brn\n|-terastallize|p2a: Urshifu|Steel\n|move|p2a: Urshifu|Surging Strikes|p1a: Alomomola\n|-resisted|p1a: Alomomola\n|-crit|p1a: Alomomola\n|-damage|p1a: Alomomola|95\/100 brn\n|-resisted|p1a: Alomomola\n|-crit|p1a: Alomomola\n|-damage|p1a: Alomomola|89\/100 brn\n|-resisted|p1a: Alomomola\n|-crit|p1a: Alomomola\n|-damage|p1a: Alomomola|83\/100 brn\n|-hitcount|p1a: Alomomola|3\n|\n|-damage|p1a: Alomomola|77\/100 brn|[from] brn\n|upkeep\n|turn|29\n|\n|t:|1699700210\n|move|p2a: Urshifu|Swords Dance|p2a: Urshifu\n|-boost|p2a: Urshifu|atk|2\n|move|p1a: Alomomola|Flip Turn|p2a: Urshifu\n|-damage|p2a: Urshifu|92\/100\n|\n|t:|1699700213\n|switch|p1a: Medicham|Medicham-Mega, F|100\/100|[from] Flip Turn\n|\n|upkeep\n|turn|30\n|\n|t:|1699700221\n|switch|p2a: Weezing|Weezing-Galar, F|97\/100\n|-ability|p2a: Weezing|Neutralizing Gas\n|move|p1a: Medicham|Close Combat|p2a: Weezing\n|-resisted|p2a: Weezing\n|-damage|p2a: Weezing|89\/100\n|-unboost|p1a: Medicham|def|1\n|-unboost|p1a: Medicham|spd|1\n|-damage|p1a: Medicham|84\/100|[from] item: Rocky Helmet|[of] p2a: Weezing\n|\n|upkeep\n|turn|31\n|\n|t:|1699700229\n|switch|p1a: Alomomola|Alomomola, F|100\/100 brn\n|move|p2a: Weezing|Will-O-Wisp|p1a: Alomomola\n|-fail|p1a: Alomomola|brn\n|\n|-damage|p1a: Alomomola|94\/100 brn|[from] brn\n|upkeep\n|turn|32\n|\n|t:|1699700232\n|-end|p2a: Weezing|ability: Neutralizing Gas\n|switch|p2a: Ferrothorn|Ferrothorn, M|54\/100\n|move|p1a: Alomomola|Flip Turn|p2a: Ferrothorn\n|-resisted|p2a: Ferrothorn\n|-damage|p2a: Ferrothorn|52\/100\n|-damage|p1a: Alomomola|82\/100 brn|[from] ability: Iron Barbs|[of] p2a: Ferrothorn\n|\n|t:|1699700236\n|switch|p1a: Iron Moth|Iron Moth|100\/100|[from] Flip Turn\n|\n|upkeep\n|turn|33\n|\n|t:|1699700239\n|move|p1a: Iron Moth|Fiery Dance|p2a: Ferrothorn\n|-supereffective|p2a: Ferrothorn\n|-damage|p2a: Ferrothorn|0 fnt\n|faint|p2a: Ferrothorn\n|\n|upkeep\n|\n|t:|1699700242\n|switch|p2a: Landorus|Landorus-Therian, M|100\/100\n|-ability|p2a: Landorus|Intimidate|boost\n|-unboost|p1a: Iron Moth|atk|1\n|turn|34\n|\n|t:|1699700245\n|-end|p1a: Iron Moth|Quark Drive|[silent]\n|switch|p1a: Alomomola|Alomomola, F|100\/100 brn\n|move|p2a: Landorus|Earthquake|p1a: Alomomola\n|-damage|p1a: Alomomola|71\/100 brn\n|\n|-damage|p1a: Alomomola|65\/100 brn|[from] brn\n|upkeep\n|turn|35\n|\n|t:|1699700251\n|switch|p2a: Weezing|Weezing-Galar, F|89\/100\n|-ability|p2a: Weezing|Neutralizing Gas\n|move|p1a: Alomomola|Flip Turn|p2a: Weezing\n|-damage|p2a: Weezing|83\/100\n|-damage|p1a: Alomomola|48\/100 brn|[from] item: Rocky Helmet|[of] p2a: Weezing\n|\n|t:|1699700254\n|switch|p1a: Munkidori|Munkidori, M|99\/100|[from] Flip Turn\n|\n|-heal|p1a: Munkidori|100\/100|[from] item: Leftovers\n|upkeep\n|turn|36\n|\n|t:|1699700257\n|-end|p2a: Weezing|ability: Neutralizing Gas\n|switch|p2a: Aegislash|Aegislash, M|100\/100\n|move|p1a: Munkidori|Psychic|p2a: Aegislash\n|-resisted|p2a: Aegislash\n|-damage|p2a: Aegislash|79\/100\n|\n|upkeep\n|turn|37\n|\n|t:|1699700260\n|switch|p1a: Alomomola|Alomomola, F|48\/100 brn\n|-formechange|p2a: Aegislash|Aegislash-Blade||[from] ability: Stance Change\n|move|p2a: Aegislash|Shadow Ball|p1a: Alomomola\n|-damage|p1a: Alomomola|0 fnt\n|faint|p1a: Alomomola\n|\n|upkeep\n|\n|t:|1699700262\n|switch|p1a: Iron Moth|Iron Moth|100\/100\n|turn|38\n|c|\u2606qewt|FINALLY\n|\n|t:|1699700266\n|-formechange|p2a: Aegislash|Aegislash||[from] ability: Stance Change\n|move|p2a: Aegislash|King's Shield|p2a: Aegislash\n|-singleturn|p2a: Aegislash|Protect\n|move|p1a: Iron Moth|Fiery Dance|p2a: Aegislash\n|-activate|p2a: Aegislash|move: Protect\n|\n|upkeep\n|turn|39\n|\n|t:|1699700268\n|switch|p2a: Landorus|Landorus-Therian, M|100\/100\n|-ability|p2a: Landorus|Intimidate|boost\n|-unboost|p1a: Iron Moth|atk|1\n|move|p1a: Iron Moth|Fiery Dance|p2a: Landorus\n|-damage|p2a: Landorus|52\/100\n|\n|upkeep\n|turn|40\n|c|\u2606fkmyluck|dont need it\n|c|\u2606fkmyluck|ggs\n|c|\u2606fkmyluck|i win\n|c|\u2606fkmyluck|:)\n|\n|t:|1699700278\n|-terastallize|p1a: Iron Moth|Flying\n|move|p2a: Landorus|Earthquake|p1a: Iron Moth\n|-immune|p1a: Iron Moth\n|move|p1a: Iron Moth|Substitute|p1a: Iron Moth\n|-start|p1a: Iron Moth|Substitute\n|-damage|p1a: Iron Moth|75\/100\n|\n|upkeep\n|turn|41\n|\n|t:|1699700286\n|switch|p2a: Aegislash|Aegislash, M|79\/100\n|move|p1a: Iron Moth|Fiery Dance|p2a: Aegislash\n|-supereffective|p2a: Aegislash\n|-damage|p2a: Aegislash|4\/100\n|-boost|p1a: Iron Moth|spa|1\n|\n|upkeep\n|turn|42\n|\n|t:|1699700288\n|-formechange|p2a: Aegislash|Aegislash-Blade||[from] ability: Stance Change\n|move|p2a: Aegislash|Shadow Sneak|p1a: Iron Moth\n|-end|p1a: Iron Moth|Substitute\n|move|p1a: Iron Moth|Fiery Dance|p2a: Aegislash\n|-supereffective|p2a: Aegislash\n|-damage|p2a: Aegislash|0 fnt\n|faint|p2a: Aegislash\n|\n|upkeep\n|\n|t:|1699700293\n|switch|p2a: Landorus|Landorus-Therian, M|52\/100\n|-ability|p2a: Landorus|Intimidate|boost\n|-unboost|p1a: Iron Moth|atk|1\n|turn|43\n|\n|t:|1699700295\n|move|p2a: Landorus|Stone Edge|p1a: Iron Moth\n|-supereffective|p1a: Iron Moth\n|-crit|p1a: Iron Moth\n|-damage|p1a: Iron Moth|0 fnt\n|faint|p1a: Iron Moth\n|-end|p1a: Iron Moth|Quark Drive|[silent]\n|\n|upkeep\n|\n|t:|1699700300\n|switch|p1a: Munkidori|Munkidori, M|100\/100\n|turn|44\n|\n|t:|1699700306\n|switch|p2a: Urshifu|Urshifu-Rapid-Strike, M, tera:Steel|92\/100\n|move|p1a: Munkidori|Psychic|p2a: Urshifu\n|-resisted|p2a: Urshifu\n|-damage|p2a: Urshifu|57\/100\n|\n|upkeep\n|turn|45\n|\n|t:|1699700309\n|move|p1a: Munkidori|U-turn|p2a: Urshifu\n|-resisted|p2a: Urshifu\n|-damage|p2a: Urshifu|51\/100\n|\n|t:|1699700310\n|switch|p1a: Ogerpon|Ogerpon, F|76\/100|[from] U-turn\n|move|p2a: Urshifu|Trailblaze|p1a: Ogerpon\n|-resisted|p1a: Ogerpon\n|-damage|p1a: Ogerpon|65\/100\n|-boost|p2a: Urshifu|spe|1\n|\n|upkeep\n|turn|46\n|\n|t:|1699700318\n|switch|p1a: Landorus|Landorus-Therian, M|60\/100\n|-ability|p1a: Landorus|Intimidate|boost\n|-unboost|p2a: Urshifu|atk|1\n|move|p2a: Urshifu|Close Combat|p1a: Landorus\n|-resisted|p1a: Landorus\n|-damage|p1a: Landorus|40\/100\n|-unboost|p2a: Urshifu|def|1\n|-unboost|p2a: Urshifu|spd|1\n|\n|upkeep\n|turn|47\n|c|\u2606fkmyluck|or did i throw\n|c|\u2606fkmyluck|hmmm\n|c|\u2606qewt|think u mightve\n|\n|t:|1699700347\n|move|p2a: Urshifu|Surging Strikes|p1a: Landorus\n|-supereffective|p1a: Landorus\n|-crit|p1a: Landorus\n|-damage|p1a: Landorus|0 fnt\n|faint|p1a: Landorus\n|-hitcount|p1: Landorus|1\n|\n|upkeep\n|inactive|fkmyluck has 120 seconds left.\n|\n|t:|1699700357\n|switch|p1a: Ogerpon|Ogerpon, F|65\/100\n|turn|48\n|\n|t:|1699700364\n|switch|p2a: Weezing|Weezing-Galar, F|83\/100\n|-ability|p2a: Weezing|Neutralizing Gas\n|switch|p1a: Munkidori|Munkidori, M|100\/100\n|\n|upkeep\n|turn|49\n|c|\u2606fkmyluck|think i did\n|c|\u2606fkmyluck|nvm\n|c|\u2606fkmyluck|ty\n|inactive|qewt has 120 seconds left.\n|\n|t:|1699700414\n|move|p1a: Munkidori|Psychic|p2a: Weezing\n|-supereffective|p2a: Weezing\n|-damage|p2a: Weezing|0 fnt\n|faint|p2a: Weezing\n|-end|p2a: Weezing|ability: Neutralizing Gas\n|\n|upkeep\n|\n|t:|1699700416\n|switch|p2a: Landorus|Landorus-Therian, M|52\/100\n|-ability|p2a: Landorus|Intimidate|boost\n|-unboost|p1a: Munkidori|atk|1\n|turn|50\n|\n|t:|1699700426\n|move|p2a: Landorus|Earthquake|p1a: Munkidori\n|-supereffective|p1a: Munkidori\n|-damage|p1a: Munkidori|0 fnt\n|faint|p1a: Munkidori\n|\n|upkeep\n|\n|t:|1699700435\n|switch|p1a: Ogerpon|Ogerpon, F|65\/100\n|turn|51\n|inactive|qewt has 120 seconds left.\n|\n|t:|1699700442\n|switch|p2a: Urshifu|Urshifu-Rapid-Strike, M, tera:Steel|51\/100\n|move|p1a: Ogerpon|Knock Off|p2a: Urshifu\n|-damage|p2a: Urshifu|3\/100\n|-enditem|p2a: Urshifu|Punching Glove|[from] move: Knock Off|[of] p1a: Ogerpon\n|\n|upkeep\n|turn|52\n|\n|t:|1699700445\n|switch|p2a: Landorus|Landorus-Therian, M|52\/100\n|-ability|p2a: Landorus|Intimidate|boost\n|-unboost|p1a: Ogerpon|atk|1\n|-ability|p1a: Ogerpon|Defiant|boost\n|-boost|p1a: Ogerpon|atk|2\n|move|p1a: Ogerpon|Knock Off|p2a: Landorus\n|-damage|p2a: Landorus|0 fnt\n|-enditem|p2a: Landorus|Choice Scarf|[from] move: Knock Off|[of] p1a: Ogerpon\n|faint|p2a: Landorus\n|\n|upkeep\n|\n|t:|1699700448\n|switch|p2a: Urshifu|Urshifu-Rapid-Strike, M, tera:Steel|3\/100\n|turn|53\n|c|\u2606fkmyluck|gg\n|c|\u2606qewt|oh\n|c|\u2606fkmyluck|nerd\n|c|\u2606qewt|lemme win\n|c|\u2606fkmyluck|no\n|c|\u2606qewt|pls\n|c|\u2606qewt|pretty pelase\n|c|\u2606fkmyluck|i need to get back to top 10\n|c|\u2606qewt|lemem\n|inactive|qewt has 120 seconds left.\n|c|\u2606qewt|just 1 game\n|c|\u2606fkmyluck|freelo\n|\n|t:|1699700488\n|move|p1a: Ogerpon|Knock Off|p2a: Urshifu\n|-damage|p2a: Urshifu|0 fnt\n|faint|p2a: Urshifu\n|\n|win|fkmyluck\n|raw|fkmyluck's rating: 1622 &rarr; <strong>1638<\/strong><br \/>(+16 for winning)\n|raw|qewt's rating: 1560 &rarr; <strong>1544<\/strong><br \/>(-16 for losing)\n|c|\u2606qewt|ur gay\n|c|\u2606fkmyluck|yes\n","uploadtime":1699700493,"views":25,"p1id":"fkmyluck","p2id":"qewt","formatid":"gen9nationaldex","rating":1544,"private":0,"password":""}