{"id":"gen9nationaldex-1989827557","p1":"Shelmuxe","p2":"Baxter77A","format":"[Gen 9] National Dex","log":"|j|\u2606Shelmuxe\n|j|\u2606Baxter77A\n|t:|1699899080\n|gametype|singles\n|player|p1|Shelmuxe|101|1294\n|player|p2|Baxter77A|steven|1203\n|teamsize|p1|6\n|teamsize|p2|6\n|gen|9\n|tier|[Gen 9] National Dex\n|rated|\n|rule|HP Percentage Mod: HP is shown in percentages\n|rule|Endless Battle Clause: Forcing endless battles is banned\n|rule|OHKO Clause: OHKO moves are banned\n|rule|Evasion Clause: Evasion abilities, items, and moves are banned\n|rule|Evasion Abilities Clause: Evasion abilities are banned\n|rule|Evasion Items Clause: Evasion items are banned\n|rule|Evasion Moves Clause: Evasion moves are banned\n|rule|Species Clause: Limit one of each Pok\u00e9mon\n|rule|Sleep Clause Mod: Limit one foe put to sleep\n|clearpoke\n|poke|p1|Overqwil, F|\n|poke|p1|Moltres|\n|poke|p1|Excadrill, M|\n|poke|p1|Alomomola, F|\n|poke|p1|Ferrothorn, M|\n|poke|p1|Diancie|\n|poke|p2|Incineroar, M|\n|poke|p2|Lycanroc-Dusk, M|\n|poke|p2|Pelipper, F|\n|poke|p2|Floatzel, M|\n|poke|p2|Beedrill, F|\n|poke|p2|Quaquaval, M|\n|teampreview\n|inactive|Battle timer is ON: inactive players will automatically lose when time's up. (requested by Baxter77A)\n|\n|t:|1699899100\n|start\n|switch|p1a: Excadrill|Excadrill, M|100\/100\n|switch|p2a: Pelipper|Pelipper, F|100\/100\n|-ability|p1a: Excadrill|Mold Breaker\n|-weather|RainDance|[from] ability: Drizzle|[of] p2a: Pelipper\n|turn|1\n|\n|t:|1699899120\n|-zpower|p1a: Excadrill\n|move|p1a: Excadrill|Breakneck Blitz|p2a: Pelipper|[zeffect]\n|-damage|p2a: Pelipper|25\/100\n|move|p2a: Pelipper|U-turn|p1a: Excadrill\n|-resisted|p1a: Excadrill\n|-damage|p1a: Excadrill|95\/100\n|\n|t:|1699899126\n|switch|p2a: Floatzel|Floatzel, M|100\/100|[from] U-turn\n|\n|-weather|RainDance|[upkeep]\n|upkeep\n|turn|2\n|\n|t:|1699899134\n|switch|p1a: Ferrothorn|Ferrothorn, M|100\/100\n|move|p2a: Floatzel|Wave Crash|p1a: Ferrothorn\n|-resisted|p1a: Ferrothorn\n|-damage|p1a: Ferrothorn|52\/100\n|-damage|p2a: Floatzel|88\/100|[from] ability: Iron Barbs|[of] p1a: Ferrothorn\n|-damage|p2a: Floatzel|73\/100|[from] Recoil\n|\n|-weather|RainDance|[upkeep]\n|-heal|p1a: Ferrothorn|58\/100|[from] item: Leftovers\n|upkeep\n|turn|3\n|n|!Baxter77A|baxter77a\n|\n|t:|1699899147\n|-terastallize|p2a: Floatzel|Water\n|move|p2a: Floatzel|Wave Crash|p1a: Ferrothorn\n|-resisted|p1a: Ferrothorn\n|-damage|p1a: Ferrothorn|0 fnt\n|-damage|p2a: Floatzel|61\/100|[from] ability: Iron Barbs|[of] p1a: Ferrothorn\n|faint|p1a: Ferrothorn\n|-damage|p2a: Floatzel|43\/100|[from] Recoil\n|\n|-weather|RainDance|[upkeep]\n|upkeep\n|\n|t:|1699899165\n|switch|p1a: AmoeboX|Overqwil, F|100\/100\n|-ability|p1a: AmoeboX|Intimidate|boost\n|-unboost|p2a: Floatzel|atk|1\n|turn|4\n|\n|t:|1699899180\n|move|p2a: Floatzel|Wave Crash|p1a: AmoeboX\n|-damage|p1a: AmoeboX|0 fnt\n|faint|p1a: AmoeboX\n|-damage|p2a: Floatzel|15\/100|[from] Recoil\n|\n|-weather|RainDance|[upkeep]\n|upkeep\n|\n|t:|1699899189\n|switch|p1a: Alomomola|Alomomola, F|100\/100\n|turn|5\n|inactive|Shelmuxe has 120 seconds left.\n|\n|t:|1699899227\n|move|p2a: Floatzel|Wave Crash|p1a: Alomomola\n|-resisted|p1a: Alomomola\n|-damage|p1a: Alomomola|68\/100\n|-damage|p2a: Floatzel|2\/100|[from] Recoil\n|move|p1a: Alomomola|Flip Turn|p2a: Floatzel\n|-resisted|p2a: Floatzel\n|-damage|p2a: Floatzel|0 fnt\n|faint|p2a: Floatzel\n|\n|t:|1699899238\n|switch|p1a: Excadrill|Excadrill, M|95\/100|[from] Flip Turn\n|-ability|p1a: Excadrill|Mold Breaker\n|\n|-weather|RainDance|[upkeep]\n|upkeep\n|inactive|Baxter77A has 120 seconds left.\n|\n|t:|1699899264\n|switch|p2a: Lycanroc|Lycanroc-Dusk, M|100\/100\n|turn|6\n|\n|t:|1699899270\n|switch|p1a: Alomomola|Alomomola, F|100\/100\n|move|p2a: Lycanroc|Counter||[still]\n|-fail|p2a: Lycanroc\n|\n|-weather|RainDance|[upkeep]\n|upkeep\n|turn|7\n|inactive|Shelmuxe has 120 seconds left.\n|\n|t:|1699899286\n|switch|p2a: Pelipper|Pelipper, F|25\/100\n|move|p1a: Alomomola|Flip Turn|p2a: Pelipper\n|-resisted|p2a: Pelipper\n|-damage|p2a: Pelipper|13\/100\n|inactive|Shelmuxe has 120 seconds left.\n|\n|t:|1699899301\n|switch|p1a: Diancie|Diancie|100\/100|[from] Flip Turn\n|\n|-weather|RainDance|[upkeep]\n|upkeep\n|turn|8\n|\n|t:|1699899322\n|detailschange|p1a: Diancie|Diancie-Mega\n|-mega|p1a: Diancie|Diancie|Diancite\n|move|p1a: Diancie|Diamond Storm|p2a: Pelipper\n|-supereffective|p2a: Pelipper\n|-damage|p2a: Pelipper|0 fnt\n|-boost|p1a: Diancie|def|2\n|faint|p2a: Pelipper\n|\n|-weather|none\n|upkeep\n|inactive|Baxter77A has 120 seconds left.\n|\n|t:|1699899336\n|switch|p2a: Lycanroc|Lycanroc-Dusk, M|100\/100\n|turn|9\n|\n|t:|1699899340\n|move|p1a: Diancie|Earth Power|p2a: Lycanroc\n|-supereffective|p2a: Lycanroc\n|-enditem|p2a: Lycanroc|Focus Sash\n|-damage|p2a: Lycanroc|1\/100\n|-unboost|p2a: Lycanroc|spd|1\n|move|p2a: Lycanroc|Counter||[still]\n|-fail|p2a: Lycanroc\n|\n|upkeep\n|turn|10\n|\n|t:|1699899347\n|move|p1a: Diancie|Moonblast|p2a: Lycanroc\n|-damage|p2a: Lycanroc|0 fnt\n|faint|p2a: Lycanroc\n|\n|upkeep\n|\n|t:|1699899354\n|switch|p2a: Quaquaval|Quaquaval, M|100\/100\n|turn|11\n|\n|t:|1699899362\n|move|p1a: Diancie|Moonblast|p2a: Quaquaval\n|-supereffective|p2a: Quaquaval\n|-damage|p2a: Quaquaval|0 fnt\n|faint|p2a: Quaquaval\n|\n|upkeep\n|\n|t:|1699899365\n|switch|p2a: Beedrill|Beedrill, F|100\/100\n|turn|12\n|\n|t:|1699899369\n|detailschange|p2a: Beedrill|Beedrill-Mega, F\n|-mega|p2a: Beedrill|Beedrill|Beedrillite\n|move|p2a: Beedrill|Drill Run|p1a: Diancie\n|-supereffective|p1a: Diancie\n|-damage|p1a: Diancie|52\/100\n|move|p1a: Diancie|Diamond Storm|p2a: Beedrill\n|-supereffective|p2a: Beedrill\n|-damage|p2a: Beedrill|0 fnt\n|-boost|p1a: Diancie|def|2\n|faint|p2a: Beedrill\n|\n|upkeep\n|\n|t:|1699899374\n|switch|p2a: Incineroar|Incineroar, M|100\/100\n|-ability|p2a: Incineroar|Intimidate|boost\n|-unboost|p1a: Diancie|atk|1\n|turn|13\n|c|\u2606Shelmuxe|gg\n|\n|t:|1699899379\n|move|p1a: Diancie|Earth Power|p2a: Incineroar\n|-supereffective|p2a: Incineroar\n|-damage|p2a: Incineroar|44\/100\n|-enditem|p2a: Incineroar|Weakness Policy\n|-boost|p2a: Incineroar|atk|2|[from] item: Weakness Policy\n|-boost|p2a: Incineroar|spa|2|[from] item: Weakness Policy\n|move|p2a: Incineroar|Bulk Up|p2a: Incineroar\n|-boost|p2a: Incineroar|atk|1\n|-boost|p2a: Incineroar|def|1\n|\n|upkeep\n|turn|14\n|\n|t:|1699899383\n|move|p1a: Diancie|Earth Power|p2a: Incineroar\n|-supereffective|p2a: Incineroar\n|-damage|p2a: Incineroar|0 fnt\n|faint|p2a: Incineroar\n|\n|win|Shelmuxe\n|raw|Shelmuxe's rating: 1294 &rarr; <strong>1313<\/strong><br \/>(+19 for winning)\n|raw|Baxter77A's rating: 1203 &rarr; <strong>1184<\/strong><br \/>(-19 for losing)\n","uploadtime":1699899148,"views":4,"p1id":"shelmuxe","p2id":"baxter77a","formatid":"gen9nationaldex","rating":1184,"private":0,"password":""}