{"id":"gen9nationaldex-1996318793","p1":"Lufano5","p2":"Emre_Rekt","format":"[Gen 9] National Dex","log":"|html|<div class=\"broadcast-blue\"><strong>[Gen 9] National Dex is currently suspecting Sneasler! For information on how to participate check out the <a href=\"https:\/\/www.smogon.com\/forums\/threads\/sv-national-dex-suspect-8-just-dance.3731534\/\">suspect thread<\/a>.<\/strong><\/div>\n|j|\u2606Lufano5\n|j|\u2606Emre_Rekt\n|t:|1700670703\n|gametype|singles\n|player|p1|Lufano5|pokemaniac|1090\n|player|p2|Emre_Rekt|red|1141\n|teamsize|p1|6\n|teamsize|p2|5\n|gen|9\n|tier|[Gen 9] National Dex\n|rated|\n|rule|HP Percentage Mod: HP is shown in percentages\n|rule|Endless Battle Clause: Forcing endless battles is banned\n|rule|OHKO Clause: OHKO moves are banned\n|rule|Evasion Clause: Evasion abilities, items, and moves are banned\n|rule|Evasion Abilities Clause: Evasion abilities are banned\n|rule|Evasion Items Clause: Evasion items are banned\n|rule|Evasion Moves Clause: Evasion moves are banned\n|rule|Species Clause: Limit one of each Pok\u00e9mon\n|rule|Sleep Clause Mod: Limit one foe put to sleep\n|clearpoke\n|poke|p1|Weezing-Galar, M|\n|poke|p1|Hatterene, F|\n|poke|p1|Mimikyu, M|\n|poke|p1|Ambipom, M|\n|poke|p1|Slurpuff, M|\n|poke|p1|Ninetales-Alola, F|\n|poke|p2|Garchomp, F|\n|poke|p2|Ninjask, F|\n|poke|p2|Ferrothorn, F|\n|poke|p2|Ribombee, F|\n|poke|p2|Suicune|\n|teampreview\n|\n|t:|1700670791\n|start\n|switch|p1a: Ninetales|Ninetales-Alola, F|100\/100\n|switch|p2a: Ribombee|Ribombee, F|100\/100\n|-weather|Snow|[from] ability: Snow Warning|[of] p1a: Ninetales\n|turn|1\n|inactive|Battle timer is ON: inactive players will automatically lose when time's up. (requested by Emre_Rekt)\n|\n|t:|1700670802\n|switch|p1a: Hatterene|Hatterene, F|100\/100\n|move|p2a: Ribombee|Sticky Web|p1a: Hatterene\n|move|p1a: Hatterene|Sticky Web|p2a: Ribombee|[from]ability: Magic Bounce\n|-sidestart|p2: Emre_Rekt|move: Sticky Web\n|\n|-weather|Snow|[upkeep]\n|upkeep\n|turn|2\n|\n|t:|1700670819\n|move|p2a: Ribombee|Infestation|p1a: Hatterene\n|-damage|p1a: Hatterene|94\/100\n|-activate|p1a: Hatterene|move: Infestation|[of] p2a: Ribombee\n|move|p1a: Hatterene|Mystical Fire|p2a: Ribombee\n|-supereffective|p2a: Ribombee\n|-damage|p2a: Ribombee|18\/100\n|\n|-weather|Snow|[upkeep]\n|-heal|p1a: Hatterene|99\/100|[from] item: Leftovers\n|-damage|p1a: Hatterene|88\/100|[from] move: Infestation|[partiallytrapped]\n|upkeep\n|turn|3\n|\n|t:|1700670836\n|switch|p2a: Ninjask|Ninjask, F|100\/100\n|move|p1a: Hatterene|Mystical Fire|p2a: Ninjask\n|-supereffective|p2a: Ninjask\n|-enditem|p2a: Ninjask|Focus Sash\n|-damage|p2a: Ninjask|1\/100\n|-unboost|p2a: Ninjask|spa|1\n|\n|-weather|Snow|[upkeep]\n|-heal|p1a: Hatterene|94\/100|[from] item: Leftovers\n|-end|p1a: Hatterene|Infestation|[partiallytrapped]|[silent]\n|upkeep\n|turn|4\n|\n|t:|1700670853\n|switch|p1a: Ninetales|Ninetales-Alola, F|100\/100\n|move|p2a: Ninjask|Acrobatics|p1a: Ninetales\n|-damage|p1a: Ninetales|53\/100\n|\n|-weather|Snow|[upkeep]\n|-ability|p2a: Ninjask|Speed Boost|boost\n|-boost|p2a: Ninjask|spe|1\n|upkeep\n|turn|5\n|\n|t:|1700670864\n|switch|p2a: Ferrothorn|Ferrothorn, F|100\/100\n|-activate|p2a: Ferrothorn|move: Sticky Web\n|-unboost|p2a: Ferrothorn|spe|1\n|move|p1a: Ninetales|Aurora Veil|p1a: Ninetales\n|-sidestart|p1: Lufano5|move: Aurora Veil\n|\n|-weather|none\n|upkeep\n|turn|6\n|\n|t:|1700670877\n|switch|p1a: Hatterene|Hatterene, F|94\/100\n|move|p2a: Ferrothorn|Substitute|p2a: Ferrothorn\n|-start|p2a: Ferrothorn|Substitute\n|-damage|p2a: Ferrothorn|75\/100\n|\n|-heal|p1a: Hatterene|99\/100|[from] item: Leftovers\n|upkeep\n|turn|7\n|\n|t:|1700670886\n|move|p2a: Ferrothorn|Protect|p2a: Ferrothorn\n|-singleturn|p2a: Ferrothorn|Protect\n|move|p1a: Hatterene|Mystical Fire|p2a: Ferrothorn\n|-activate|p2a: Ferrothorn|move: Protect\n|\n|-heal|p1a: Hatterene|100\/100|[from] item: Leftovers\n|upkeep\n|turn|8\n|\n|t:|1700670895\n|move|p1a: Hatterene|Mystical Fire|p2a: Ferrothorn\n|-supereffective|p2a: Ferrothorn\n|-end|p2a: Ferrothorn|Substitute\n|move|p2a: Ferrothorn|Leech Seed|p1a: Hatterene\n|move|p1a: Hatterene|Leech Seed|p2a: Ferrothorn|[from]ability: Magic Bounce\n|-immune|p2a: Ferrothorn\n|\n|upkeep\n|turn|9\n|\n|t:|1700670905\n|switch|p2a: Suicune|Suicune|100\/100\n|-activate|p2a: Suicune|move: Sticky Web\n|-unboost|p2a: Suicune|spe|1\n|-ability|p2a: Suicune|Pressure\n|move|p1a: Hatterene|Mystical Fire|p2a: Suicune\n|-resisted|p2a: Suicune\n|-damage|p2a: Suicune|90\/100\n|-unboost|p2a: Suicune|spa|1\n|\n|-heal|p2a: Suicune|96\/100|[from] item: Leftovers\n|upkeep\n|turn|10\n|\n|t:|1700670927\n|move|p2a: Suicune|Scald|p1a: Hatterene\n|-damage|p1a: Hatterene|91\/100\n|move|p1a: Hatterene|Calm Mind|p1a: Hatterene\n|-boost|p1a: Hatterene|spa|1\n|-boost|p1a: Hatterene|spd|1\n|\n|-heal|p2a: Suicune|100\/100|[from] item: Leftovers\n|-heal|p1a: Hatterene|97\/100|[from] item: Leftovers\n|upkeep\n|turn|11\n|\n|t:|1700670942\n|switch|p2a: Garchomp|Garchomp, F|100\/100\n|-activate|p2a: Garchomp|move: Sticky Web\n|-unboost|p2a: Garchomp|spe|1\n|move|p1a: Hatterene|Trick Room|p1a: Hatterene\n|-fieldstart|move: Trick Room|[of] p1a: Hatterene\n|\n|-heal|p1a: Hatterene|100\/100|[from] item: Leftovers\n|upkeep\n|turn|12\n|\n|t:|1700670954\n|-terastallize|p2a: Garchomp|Steel\n|move|p1a: Hatterene|Draining Kiss|p2a: Garchomp\n|-resisted|p2a: Garchomp\n|-damage|p2a: Garchomp|77\/100\n|-damage|p1a: Hatterene|88\/100|[from] ability: Rough Skin|[of] p2a: Garchomp\n|move|p2a: Garchomp|Substitute|p2a: Garchomp\n|-start|p2a: Garchomp|Substitute\n|-damage|p2a: Garchomp|52\/100\n|\n|-heal|p1a: Hatterene|94\/100|[from] item: Leftovers\n|-sideend|p1: Lufano5|move: Aurora Veil\n|upkeep\n|turn|13\n|\n|t:|1700670967\n|move|p1a: Hatterene|Mystical Fire|p2a: Garchomp\n|-supereffective|p2a: Garchomp\n|-end|p2a: Garchomp|Substitute\n|move|p2a: Garchomp|Earthquake|p1a: Hatterene\n|-damage|p1a: Hatterene|25\/100\n|\n|-heal|p1a: Hatterene|31\/100|[from] item: Leftovers\n|upkeep\n|turn|14\n|\n|t:|1700670976\n|switch|p2a: Suicune|Suicune|100\/100\n|-activate|p2a: Suicune|move: Sticky Web\n|-unboost|p2a: Suicune|spe|1\n|-ability|p2a: Suicune|Pressure\n|move|p1a: Hatterene|Mystical Fire|p2a: Suicune\n|-resisted|p2a: Suicune\n|-damage|p2a: Suicune|83\/100\n|-unboost|p2a: Suicune|spa|1\n|\n|-heal|p1a: Hatterene|37\/100|[from] item: Leftovers\n|-heal|p2a: Suicune|89\/100|[from] item: Leftovers\n|upkeep\n|turn|15\n|\n|t:|1700670996\n|move|p1a: Hatterene|Mystical Fire|p2a: Suicune\n|-resisted|p2a: Suicune\n|-damage|p2a: Suicune|71\/100\n|-unboost|p2a: Suicune|spa|1\n|move|p2a: Suicune|Scald|p1a: Hatterene\n|-damage|p1a: Hatterene|28\/100\n|-status|p1a: Hatterene|brn\n|\n|-heal|p1a: Hatterene|34\/100 brn|[from] item: Leftovers\n|-heal|p2a: Suicune|77\/100|[from] item: Leftovers\n|-damage|p1a: Hatterene|28\/100 brn|[from] brn\n|-fieldend|move: Trick Room\n|upkeep\n|turn|16\n|\n|t:|1700671013\n|move|p2a: Suicune|Calm Mind|p2a: Suicune\n|-boost|p2a: Suicune|spa|1\n|-boost|p2a: Suicune|spd|1\n|move|p1a: Hatterene|Draining Kiss|p2a: Suicune\n|-crit|p2a: Suicune\n|-damage|p2a: Suicune|30\/100\n|-heal|p1a: Hatterene|78\/100 brn|[from] drain|[of] p2a: Suicune\n|\n|-heal|p2a: Suicune|37\/100|[from] item: Leftovers\n|-heal|p1a: Hatterene|84\/100 brn|[from] item: Leftovers\n|-damage|p1a: Hatterene|78\/100 brn|[from] brn\n|upkeep\n|turn|17\n|inactive|Emre_Rekt has 120 seconds left.\n|\n|t:|1700671044\n|move|p2a: Suicune|Calm Mind|p2a: Suicune\n|-boost|p2a: Suicune|spa|1\n|-boost|p2a: Suicune|spd|1\n|move|p1a: Hatterene|Draining Kiss|p2a: Suicune\n|-damage|p2a: Suicune|20\/100\n|-heal|p1a: Hatterene|96\/100 brn|[from] drain|[of] p2a: Suicune\n|\n|-heal|p2a: Suicune|26\/100|[from] item: Leftovers\n|-heal|p1a: Hatterene|100\/100 brn|[from] item: Leftovers\n|-damage|p1a: Hatterene|95\/100 brn|[from] brn\n|upkeep\n|turn|18\n|inactive|Lufano5 has 120 seconds left.\n|\n|t:|1700671061\n|move|p2a: Suicune|Calm Mind|p2a: Suicune\n|-boost|p2a: Suicune|spa|1\n|-boost|p2a: Suicune|spd|1\n|move|p1a: Hatterene|Trick Room|p1a: Hatterene\n|-fieldstart|move: Trick Room|[of] p1a: Hatterene\n|\n|-heal|p1a: Hatterene|100\/100 brn|[from] item: Leftovers\n|-heal|p2a: Suicune|32\/100|[from] item: Leftovers\n|-damage|p1a: Hatterene|95\/100 brn|[from] brn\n|upkeep\n|turn|19\n|inactive|Lufano5 has 120 seconds left.\n|\n|t:|1700671074\n|switch|p1a: Ambipom|Ambipom, M|100\/100\n|move|p2a: Suicune|Calm Mind|p2a: Suicune\n|-boost|p2a: Suicune|spa|1\n|-boost|p2a: Suicune|spd|1\n|\n|-heal|p2a: Suicune|39\/100|[from] item: Leftovers\n|upkeep\n|turn|20\n|inactive|Emre_Rekt has 120 seconds left.\n|\n|t:|1700671116\n|move|p1a: Ambipom|Fake Out|p2a: Suicune\n|-damage|p2a: Suicune|20\/100\n|-damage|p1a: Ambipom|91\/100|[from] item: Life Orb\n|cant|p2a: Suicune|flinch\n|\n|-heal|p2a: Suicune|26\/100|[from] item: Leftovers\n|upkeep\n|turn|21\n|inactive|Lufano5 has 120 seconds left.\n|\n|t:|1700671138\n|move|p2a: Suicune|Rest|p2a: Suicune\n|-status|p2a: Suicune|slp|[from] move: Rest\n|-heal|p2a: Suicune|100\/100 slp|[silent]\n|move|p1a: Ambipom|U-turn|p2a: Suicune\n|-damage|p2a: Suicune|85\/100 slp\n|-damage|p1a: Ambipom|81\/100|[from] item: Life Orb\n|\n|t:|1700671148\n|switch|p1a: Slurpuff|Slurpuff, M|100\/100|[from] U-turn\n|\n|-heal|p2a: Suicune|91\/100 slp|[from] item: Leftovers\n|upkeep\n|turn|22\n|inactive|Lufano5 has 120 seconds left.\n|\n|t:|1700671155\n|cant|p2a: Suicune|slp\n|move|p1a: Slurpuff|Substitute|p1a: Slurpuff\n|-start|p1a: Slurpuff|Substitute\n|-damage|p1a: Slurpuff|76\/100\n|\n|-heal|p2a: Suicune|98\/100 slp|[from] item: Leftovers\n|-fieldend|move: Trick Room\n|upkeep\n|turn|23\n|\n|t:|1700671174\n|move|p1a: Slurpuff|Belly Drum|p1a: Slurpuff\n|-damage|p1a: Slurpuff|26\/100\n|-setboost|p1a: Slurpuff|atk|6|[from] move: Belly Drum\n|-enditem|p1a: Slurpuff|Sitrus Berry|[eat]\n|-heal|p1a: Slurpuff|51\/100|[from] item: Sitrus Berry\n|cant|p2a: Suicune|slp\n|\n|-heal|p2a: Suicune|100\/100 slp|[from] item: Leftovers\n|upkeep\n|turn|24\n|\n|t:|1700671187\n|move|p1a: Slurpuff|Drain Punch|p2a: Suicune\n|-damage|p2a: Suicune|59\/100 slp\n|-heal|p1a: Slurpuff|79\/100|[from] drain|[of] p2a: Suicune\n|-curestatus|p2a: Suicune|slp|[msg]\n|move|p2a: Suicune|Scald|p1a: Slurpuff\n|-end|p1a: Slurpuff|Substitute\n|\n|-heal|p2a: Suicune|65\/100|[from] item: Leftovers\n|upkeep\n|turn|25\n|\n|t:|1700671200\n|move|p1a: Slurpuff|Play Rough|p2a: Suicune\n|-damage|p2a: Suicune|0 fnt\n|faint|p2a: Suicune\n|\n|upkeep\n|\n|t:|1700671220\n|switch|p2a: Ferrothorn|Ferrothorn, F|75\/100\n|-activate|p2a: Ferrothorn|move: Sticky Web\n|-unboost|p2a: Ferrothorn|spe|1\n|turn|26\n|\n|t:|1700671226\n|move|p1a: Slurpuff|Drain Punch|p2a: Ferrothorn\n|-supereffective|p2a: Ferrothorn\n|-damage|p2a: Ferrothorn|0 fnt\n|-heal|p1a: Slurpuff|100\/100|[from] drain|[of] p2a: Ferrothorn\n|-damage|p1a: Slurpuff|88\/100|[from] ability: Iron Barbs|[of] p2a: Ferrothorn\n|-damage|p1a: Slurpuff|72\/100|[from] item: Rocky Helmet|[of] p2a: Ferrothorn\n|faint|p2a: Ferrothorn\n|\n|upkeep\n|\n|t:|1700671233\n|switch|p2a: Ribombee|Ribombee, F|18\/100\n|-activate|p2a: Ribombee|move: Sticky Web\n|-unboost|p2a: Ribombee|spe|1\n|turn|27\n|\n|t:|1700671240\n|move|p1a: Slurpuff|Drain Punch|p2a: Ribombee\n|-resisted|p2a: Ribombee\n|-damage|p2a: Ribombee|0 fnt\n|-heal|p1a: Slurpuff|81\/100|[from] drain|[of] p2a: Ribombee\n|faint|p2a: Ribombee\n|\n|upkeep\n|\n|t:|1700671243\n|switch|p2a: Ninjask|Ninjask, F|1\/100\n|turn|28\n|\n|t:|1700671254\n|move|p2a: Ninjask|Protect|p2a: Ninjask\n|-singleturn|p2a: Ninjask|Protect\n|move|p1a: Slurpuff|Drain Punch|p2a: Ninjask\n|-activate|p2a: Ninjask|move: Protect\n|\n|-ability|p2a: Ninjask|Speed Boost|boost\n|-boost|p2a: Ninjask|spe|1\n|upkeep\n|turn|29\n|j| Ammarkillomar\n|\n|t:|1700671263\n|move|p2a: Ninjask|Acrobatics|p1a: Slurpuff\n|-damage|p1a: Slurpuff|21\/100\n|move|p1a: Slurpuff|Drain Punch|p2a: Ninjask\n|-resisted|p2a: Ninjask\n|-damage|p2a: Ninjask|0 fnt\n|-heal|p1a: Slurpuff|22\/100|[from] drain|[of] p2a: Ninjask\n|faint|p2a: Ninjask\n|\n|upkeep\n|\n|t:|1700671272\n|switch|p2a: Garchomp|Garchomp, F, tera:Steel|52\/100\n|-activate|p2a: Garchomp|move: Sticky Web\n|-unboost|p2a: Garchomp|spe|1\n|turn|30\n|\n|t:|1700671277\n|move|p1a: Slurpuff|Drain Punch|p2a: Garchomp\n|-supereffective|p2a: Garchomp\n|-damage|p2a: Garchomp|0 fnt\n|-heal|p1a: Slurpuff|52\/100|[from] drain|[of] p2a: Garchomp\n|-damage|p1a: Slurpuff|40\/100|[from] ability: Rough Skin|[of] p2a: Garchomp\n|faint|p2a: Garchomp\n|\n|win|Lufano5\n|raw|Lufano5's rating: 1090 &rarr; <strong>1120<\/strong><br \/>(+30 for winning)\n|raw|Emre_Rekt's rating: 1141 &rarr; <strong>1112<\/strong><br \/>(-29 for losing)\n|c|\u2606Emre_Rekt|F\n|c|\u2606Emre_Rekt|Critical hit\n|c|\u2606Lufano5|Gg\n|c|\u2606Lufano5|:)\n|l|\u2606Emre_Rekt\n","uploadtime":1700671299,"views":0,"p1id":"lufano5","p2id":"emrerekt","formatid":"gen9nationaldex","rating":1112,"private":0,"password":""}