{"id":"gen9nationaldex-1993315460","p1":"heitaok","p2":"weiwoduzun\u696a\u7948","format":"[Gen 9] National Dex","log":"|j|\u2606heitaok\n|j|\u2606weiwoduzun\u696a\u7948\n|t:|1700296606\n|gametype|singles\n|player|p1|heitaok|gentleman|1411\n|player|p2|weiwoduzun\u696a\u7948|266|1520\n|teamsize|p1|6\n|teamsize|p2|6\n|gen|9\n|tier|[Gen 9] National Dex\n|rated|\n|rule|HP Percentage Mod: HP is shown in percentages\n|rule|Endless Battle Clause: Forcing endless battles is banned\n|rule|OHKO Clause: OHKO moves are banned\n|rule|Evasion Clause: Evasion abilities, items, and moves are banned\n|rule|Evasion Abilities Clause: Evasion abilities are banned\n|rule|Evasion Items Clause: Evasion items are banned\n|rule|Evasion Moves Clause: Evasion moves are banned\n|rule|Species Clause: Limit one of each Pok\u00e9mon\n|rule|Sleep Clause Mod: Limit one foe put to sleep\n|clearpoke\n|poke|p1|Rotom-Wash|\n|poke|p1|Greninja-*, F|\n|poke|p1|Hoopa-Unbound|\n|poke|p1|Scizor, M|\n|poke|p1|Landorus-Therian, M|\n|poke|p1|Tapu Koko|\n|poke|p2|Tapu Lele|\n|poke|p2|Armarouge, M|\n|poke|p2|Ceruledge, F|\n|poke|p2|Zapdos|\n|poke|p2|Hatterene, F|\n|poke|p2|Polteageist-Antique|\n|teampreview\n|inactive|Battle timer is ON: inactive players will automatically lose when time's up. (requested by heitaok)\n|\n|t:|1700296611\n|start\n|switch|p1a: Tapu Koko|Tapu Koko|100\/100\n|switch|p2a: Tapu Lele|Tapu Lele|100\/100\n|-fieldstart|move: Electric Terrain|[from] ability: Electric Surge|[of] p1a: Tapu Koko\n|-fieldstart|move: Psychic Terrain|[from] ability: Psychic Surge|[of] p2a: Tapu Lele\n|turn|1\n|\n|t:|1700296618\n|switch|p2a: Hatterene|Hatterene, F|100\/100\n|move|p1a: Tapu Koko|Volt Switch|p2a: Hatterene\n|-damage|p2a: Hatterene|77\/100\n|\n|t:|1700296624\n|switch|p1a: Scizor|Scizor, M|100\/100|[from] Volt Switch\n|\n|upkeep\n|turn|2\n|\n|t:|1700296627\n|detailschange|p1a: Scizor|Scizor-Mega, M\n|-mega|p1a: Scizor|Scizor|Scizorite\n|move|p1a: Scizor|U-turn|p2a: Hatterene\n|-damage|p2a: Hatterene|36\/100\n|\n|t:|1700296630\n|switch|p1a: Tapu Koko|Tapu Koko|100\/100|[from] U-turn\n|-fieldstart|move: Electric Terrain|[from] ability: Electric Surge|[of] p1a: Tapu Koko\n|move|p2a: Hatterene|Mystical Fire|p1a: Tapu Koko\n|-damage|p1a: Tapu Koko|65\/100\n|-unboost|p1a: Tapu Koko|spa|1\n|\n|upkeep\n|turn|3\n|\n|t:|1700296634\n|move|p1a: Tapu Koko|Volt Switch|p2a: Hatterene\n|-damage|p2a: Hatterene|16\/100\n|\n|t:|1700296640\n|switch|p1a: Rotom|Rotom-Wash|100\/100|[from] Volt Switch\n|move|p2a: Hatterene|Draining Kiss|p1a: Rotom\n|-damage|p1a: Rotom|75\/100\n|-heal|p2a: Hatterene|34\/100|[from] drain|[of] p1a: Rotom\n|\n|-heal|p1a: Rotom|81\/100|[from] item: Leftovers\n|upkeep\n|turn|4\n|\n|t:|1700296647\n|move|p1a: Rotom|Hydro Pump|p2a: Hatterene\n|-damage|p2a: Hatterene|12\/100\n|move|p2a: Hatterene|Draining Kiss|p1a: Rotom\n|-crit|p1a: Rotom\n|-damage|p1a: Rotom|48\/100\n|-heal|p2a: Hatterene|37\/100|[from] drain|[of] p1a: Rotom\n|\n|-heal|p1a: Rotom|54\/100|[from] item: Leftovers\n|upkeep\n|turn|5\n|\n|t:|1700296653\n|move|p1a: Rotom|Volt Switch|p2a: Hatterene\n|-damage|p2a: Hatterene|23\/100\n|\n|t:|1700296658\n|switch|p1a: Scizor|Scizor-Mega, M|100\/100|[from] Volt Switch\n|move|p2a: Hatterene|Draining Kiss|p1a: Scizor\n|-resisted|p1a: Scizor\n|-damage|p1a: Scizor|92\/100\n|-heal|p2a: Hatterene|31\/100|[from] drain|[of] p1a: Scizor\n|\n|upkeep\n|turn|6\n|\n|t:|1700296664\n|switch|p2a: Tapu Lele|Tapu Lele|100\/100\n|-fieldstart|move: Psychic Terrain|[from] ability: Psychic Surge|[of] p2a: Tapu Lele\n|move|p1a: Scizor|U-turn|p2a: Tapu Lele\n|-damage|p2a: Tapu Lele|50\/100\n|\n|t:|1700296668\n|switch|p1a: Tapu Koko|Tapu Koko|65\/100|[from] U-turn\n|-fieldstart|move: Electric Terrain|[from] ability: Electric Surge|[of] p1a: Tapu Koko\n|\n|upkeep\n|turn|7\n|\n|t:|1700296670\n|switch|p2a: Hatterene|Hatterene, F|31\/100\n|move|p1a: Tapu Koko|Volt Switch|p2a: Hatterene\n|-damage|p2a: Hatterene|0 fnt\n|faint|p2a: Hatterene\n|\n|t:|1700296676\n|switch|p1a: Scizor|Scizor-Mega, M|92\/100|[from] Volt Switch\n|\n|upkeep\n|\n|t:|1700296679\n|switch|p2a: Tapu Lele|Tapu Lele|50\/100\n|-fieldstart|move: Psychic Terrain|[from] ability: Psychic Surge|[of] p2a: Tapu Lele\n|turn|8\n|\n|t:|1700296681\n|switch|p2a: Zapdos|Zapdos|100\/100\n|move|p1a: Scizor|U-turn|p2a: Zapdos\n|-resisted|p2a: Zapdos\n|-damage|p2a: Zapdos|88\/100\n|\n|t:|1700296686\n|switch|p1a: Hoopa|Hoopa-Unbound|100\/100|[from] U-turn\n|\n|upkeep\n|turn|9\n|\n|t:|1700296690\n|-terastallize|p1a: Hoopa|Dark\n|move|p1a: Hoopa|Hyperspace Fury|p2a: Zapdos\n|-damage|p2a: Zapdos|0 fnt\n|-unboost|p1a: Hoopa|def|1\n|faint|p2a: Zapdos\n|\n|upkeep\n|\n|t:|1700296700\n|switch|p2a: Ceruledge|Ceruledge, F|100\/100\n|turn|10\n|\n|t:|1700296704\n|switch|p1a: Landorus|Landorus-Therian, M|100\/100\n|-ability|p1a: Landorus|Intimidate|boost\n|-unboost|p2a: Ceruledge|atk|1\n|move|p2a: Ceruledge|Swords Dance|p2a: Ceruledge\n|-boost|p2a: Ceruledge|atk|2\n|\n|upkeep\n|turn|11\n|\n|t:|1700296711\n|move|p2a: Ceruledge|Swords Dance|p2a: Ceruledge\n|-boost|p2a: Ceruledge|atk|2\n|move|p1a: Landorus|Toxic|p2a: Ceruledge|[miss]\n|-miss|p1a: Landorus|p2a: Ceruledge\n|\n|upkeep\n|turn|12\n|\n|t:|1700296716\n|move|p2a: Ceruledge|Poltergeist|p1a: Landorus\n|-activate|p1a: Landorus|move: Poltergeist|Rocky Helmet\n|-damage|p1a: Landorus|10\/100\n|move|p1a: Landorus|Toxic|p2a: Ceruledge\n|-status|p2a: Ceruledge|tox\n|\n|-damage|p2a: Ceruledge|94\/100 tox|[from] psn\n|upkeep\n|turn|13\n|\n|t:|1700296723\n|move|p2a: Ceruledge|Bitter Blade|p1a: Landorus\n|-damage|p1a: Landorus|0 fnt\n|-heal|p2a: Ceruledge|100\/100 tox|[from] drain|[of] p1a: Landorus\n|-damage|p2a: Ceruledge|84\/100 tox|[from] item: Rocky Helmet|[of] p1a: Landorus\n|faint|p1a: Landorus\n|\n|-damage|p2a: Ceruledge|72\/100 tox|[from] psn\n|upkeep\n|\n|t:|1700296726\n|switch|p1a: Tapu Koko|Tapu Koko|65\/100\n|-fieldstart|move: Electric Terrain|[from] ability: Electric Surge|[of] p1a: Tapu Koko\n|turn|14\n|\n|t:|1700296729\n|move|p1a: Tapu Koko|Thunderbolt|p2a: Ceruledge\n|-damage|p2a: Ceruledge|0 fnt\n|faint|p2a: Ceruledge\n|\n|upkeep\n|\n|t:|1700296731\n|switch|p2a: Tapu Lele|Tapu Lele|50\/100\n|-fieldstart|move: Psychic Terrain|[from] ability: Psychic Surge|[of] p2a: Tapu Lele\n|turn|15\n|\n|t:|1700296736\n|move|p1a: Tapu Koko|Thunderbolt|p2a: Tapu Lele\n|-damage|p2a: Tapu Lele|0 fnt\n|faint|p2a: Tapu Lele\n|\n|upkeep\n|\n|t:|1700296741\n|switch|p2a: Polteageist|Polteageist-Antique|100\/100\n|turn|16\n|\n|t:|1700296746\n|switch|p1a: Hoopa|Hoopa-Unbound, tera:Dark|100\/100\n|move|p2a: Polteageist|Shell Smash|p2a: Polteageist\n|-unboost|p2a: Polteageist|def|1\n|-unboost|p2a: Polteageist|spd|1\n|-boost|p2a: Polteageist|atk|2\n|-boost|p2a: Polteageist|spa|2\n|-boost|p2a: Polteageist|spe|2\n|\n|upkeep\n|turn|17\n|\n|t:|1700296755\n|-terastallize|p2a: Polteageist|Fighting\n|move|p2a: Polteageist|Tera Blast|p1a: Hoopa|[anim] Tera Blast Fighting\n|-supereffective|p1a: Hoopa\n|-damage|p1a: Hoopa|0 fnt\n|faint|p1a: Hoopa\n|\n|upkeep\n|\n|t:|1700296770\n|switch|p1a: Tapu Koko|Tapu Koko|65\/100\n|-fieldstart|move: Electric Terrain|[from] ability: Electric Surge|[of] p1a: Tapu Koko\n|turn|18\n|\n|t:|1700296777\n|move|p2a: Polteageist|Stored Power|p1a: Tapu Koko\n|-damage|p1a: Tapu Koko|0 fnt\n|faint|p1a: Tapu Koko\n|\n|upkeep\n|\n|t:|1700296784\n|switch|p1a: Greninja|Greninja, F|100\/100\n|turn|19\n|\n|t:|1700296787\n|move|p1a: Greninja|Rock Slide|p2a: Polteageist\n|-start|p1a: Greninja|typechange|Rock|[from] ability: Protean\n|-resisted|p2a: Polteageist\n|-damage|p2a: Polteageist|57\/100\n|-ability|p2a: Polteageist|Weak Armor|boost\n|-unboost|p2a: Polteageist|def|1\n|-boost|p2a: Polteageist|spe|2\n|move|p2a: Polteageist|Tera Blast|p1a: Greninja|[anim] Tera Blast Fighting\n|-supereffective|p1a: Greninja\n|-damage|p1a: Greninja|0 fnt\n|faint|p1a: Greninja\n|\n|upkeep\n|\n|t:|1700296794\n|switch|p1a: Scizor|Scizor-Mega, M|92\/100\n|turn|20\n|\n|t:|1700296797\n|move|p1a: Scizor|Bullet Punch|p2a: Polteageist\n|-damage|p2a: Polteageist|0 fnt\n|faint|p2a: Polteageist\n|\n|upkeep\n|\n|t:|1700296799\n|switch|p2a: Armarouge|Armarouge, M|100\/100\n|turn|21\n|\n|t:|1700296806\n|move|p1a: Scizor|Bullet Punch|p2a: Armarouge\n|-resisted|p2a: Armarouge\n|-damage|p2a: Armarouge|85\/100\n|-ability|p2a: Armarouge|Weak Armor|boost\n|-unboost|p2a: Armarouge|def|1\n|-boost|p2a: Armarouge|spe|2\n|move|p2a: Armarouge|Expanding Force|p1a: Scizor\n|-resisted|p1a: Scizor\n|-damage|p1a: Scizor|78\/100\n|\n|upkeep\n|turn|22\n|\n|t:|1700296810\n|move|p1a: Scizor|Bullet Punch|p2a: Armarouge\n|-resisted|p2a: Armarouge\n|-damage|p2a: Armarouge|62\/100\n|-ability|p2a: Armarouge|Weak Armor|boost\n|-unboost|p2a: Armarouge|def|1\n|-boost|p2a: Armarouge|spe|2\n|move|p2a: Armarouge|Armor Cannon|p1a: Scizor\n|-supereffective|p1a: Scizor\n|-damage|p1a: Scizor|0 fnt\n|-unboost|p2a: Armarouge|def|1\n|-unboost|p2a: Armarouge|spd|1\n|faint|p1a: Scizor\n|\n|-fieldend|move: Electric Terrain\n|upkeep\n|\n|t:|1700296814\n|switch|p1a: Rotom|Rotom-Wash|54\/100\n|turn|23\n|\n|t:|1700296817\n|move|p2a: Armarouge|Endure|p2a: Armarouge\n|-singleturn|p2a: Armarouge|move: Endure\n|move|p1a: Rotom|Hydro Pump|p2a: Armarouge\n|-supereffective|p2a: Armarouge\n|-activate|p2a: Armarouge|move: Endure\n|-damage|p2a: Armarouge|1\/100\n|-enditem|p2a: Armarouge|Weakness Policy\n|-boost|p2a: Armarouge|atk|2|[from] item: Weakness Policy\n|-boost|p2a: Armarouge|spa|2|[from] item: Weakness Policy\n|\n|-heal|p1a: Rotom|60\/100|[from] item: Leftovers\n|upkeep\n|turn|24\n|\n|t:|1700296823\n|move|p2a: Armarouge|Expanding Force|p1a: Rotom\n|-damage|p1a: Rotom|0 fnt\n|faint|p1a: Rotom\n|\n|win|weiwoduzun\u696a\u7948\n|raw|heitaok's rating: 1411 &rarr; <strong>1397<\/strong><br \/>(-14 for losing)\n|raw|weiwoduzun\u696a\u7948's rating: 1520 &rarr; <strong>1534<\/strong><br \/>(+14 for winning)\n|l|\u2606heitaok\n|c|\u2606weiwoduzun\u696a\u7948|Gg\n","uploadtime":1700296838,"views":7,"p1id":"heitaok","p2id":"weiwoduzun","formatid":"gen9nationaldex","rating":1397,"private":0,"password":""}