{"id":"gen9nationaldex-1999250916","p1":"sensei akt","p2":"Ymerej_X","format":"[Gen 9] National Dex","log":"|html|<div class=\"broadcast-blue\"><strong>[Gen 9] National Dex is currently suspecting Sneasler! For information on how to participate check out the <a href=\"https:\/\/www.smogon.com\/forums\/threads\/sv-national-dex-suspect-8-just-dance.3731534\/\">suspect thread<\/a>.<\/strong><\/div>\n|j|\u2606sensei akt\n|j|\u2606Ymerej_X\n|t:|1701050800\n|gametype|singles\n|player|p1|sensei akt|265|1139\n|player|p2|Ymerej_X|grimsley|1205\n|teamsize|p1|6\n|teamsize|p2|6\n|gen|9\n|tier|[Gen 9] National Dex\n|rated|\n|rule|HP Percentage Mod: HP is shown in percentages\n|rule|Endless Battle Clause: Forcing endless battles is banned\n|rule|OHKO Clause: OHKO moves are banned\n|rule|Evasion Clause: Evasion abilities, items, and moves are banned\n|rule|Evasion Abilities Clause: Evasion abilities are banned\n|rule|Evasion Items Clause: Evasion items are banned\n|rule|Evasion Moves Clause: Evasion moves are banned\n|rule|Species Clause: Limit one of each Pok\u00e9mon\n|rule|Sleep Clause Mod: Limit one foe put to sleep\n|clearpoke\n|poke|p1|Steelix, F|\n|poke|p1|Tyranitar, M|\n|poke|p1|Rillaboom, M|\n|poke|p1|Sneasler, F|\n|poke|p1|Rotom-Wash|\n|poke|p1|Kartana|\n|poke|p2|Mandibuzz, F|\n|poke|p2|Mienshao, M|\n|poke|p2|Ferrothorn, M|\n|poke|p2|Haxorus, F|\n|poke|p2|Volcarona, F|\n|poke|p2|Reuniclus, M|\n|teampreview\n|l|\u2606Ymerej_X\n|player|p2|\n|inactive|Battle timer is ON: inactive players will automatically lose when time's up. (requested by sensei akt)\n|j|\u2606Ymerej_X\n|inactive|Ymerej_X reconnected.\n|player|p2|Ymerej_X|grimsley\n|\n|t:|1701050827\n|start\n|switch|p1a: yink|Steelix, F|100\/100\n|switch|p2a: Mienshao|Mienshao, M|100\/100\n|turn|1\n|\n|t:|1701050842\n|switch|p1a: Rotom|Rotom-Wash|100\/100\n|move|p2a: Mienshao|Fake Out|p1a: Rotom\n|-damage|p1a: Rotom|90\/100\n|\n|upkeep\n|turn|2\n|\n|t:|1701050850\n|move|p2a: Mienshao|Taunt|p1a: Rotom\n|-start|p1a: Rotom|move: Taunt\n|cant|p1a: Rotom|move: Taunt|Thunder Wave\n|\n|upkeep\n|turn|3\n|\n|t:|1701050859\n|move|p2a: Mienshao|Close Combat|p1a: Rotom\n|-damage|p1a: Rotom|39\/100\n|-unboost|p2a: Mienshao|def|1\n|-unboost|p2a: Mienshao|spd|1\n|move|p1a: Rotom|Hydro Pump|p2a: Mienshao\n|-damage|p2a: Mienshao|0 fnt\n|faint|p2a: Mienshao\n|\n|upkeep\n|\n|t:|1701050880\n|switch|p2a: Reuniclus|Reuniclus, M|100\/100\n|turn|4\n|\n|t:|1701050886\n|move|p1a: Rotom|Volt Switch|p2a: Reuniclus\n|-damage|p2a: Reuniclus|81\/100\n|\n|t:|1701050889\n|switch|p1a: yink|Steelix, F|100\/100|[from] Volt Switch\n|move|p2a: Reuniclus|Calm Mind|p2a: Reuniclus\n|-boost|p2a: Reuniclus|spa|1\n|-boost|p2a: Reuniclus|spd|1\n|\n|-heal|p2a: Reuniclus|88\/100|[from] item: Leftovers\n|upkeep\n|turn|5\n|\n|t:|1701050897\n|detailschange|p1a: yink|Steelix-Mega, F\n|-mega|p1a: yink|Steelix|Steelixite\n|move|p1a: yink|Rock Polish|p1a: yink\n|-boost|p1a: yink|spe|2\n|move|p2a: Reuniclus|Acid Armor|p2a: Reuniclus\n|-boost|p2a: Reuniclus|def|2\n|\n|-heal|p2a: Reuniclus|94\/100|[from] item: Leftovers\n|upkeep\n|turn|6\n|\n|t:|1701050907\n|move|p1a: yink|Heavy Slam|p2a: Reuniclus\n|-damage|p2a: Reuniclus|68\/100\n|move|p2a: Reuniclus|Acid Armor|p2a: Reuniclus\n|-boost|p2a: Reuniclus|def|2\n|\n|-heal|p2a: Reuniclus|75\/100|[from] item: Leftovers\n|upkeep\n|turn|7\n|\n|t:|1701050911\n|move|p1a: yink|Heavy Slam|p2a: Reuniclus\n|-damage|p2a: Reuniclus|59\/100\n|move|p2a: Reuniclus|Calm Mind|p2a: Reuniclus\n|-boost|p2a: Reuniclus|spa|1\n|-boost|p2a: Reuniclus|spd|1\n|\n|-heal|p2a: Reuniclus|65\/100|[from] item: Leftovers\n|upkeep\n|turn|8\n|\n|t:|1701050917\n|move|p1a: yink|Iron Defense|p1a: yink\n|-boost|p1a: yink|def|2\n|move|p2a: Reuniclus|Stored Power|p1a: yink\n|-resisted|p1a: yink\n|-damage|p1a: yink|15\/100\n|\n|-heal|p2a: Reuniclus|71\/100|[from] item: Leftovers\n|upkeep\n|turn|9\n|\n|t:|1701050928\n|move|p1a: yink|Body Press|p2a: Reuniclus\n|-resisted|p2a: Reuniclus\n|-damage|p2a: Reuniclus|59\/100\n|move|p2a: Reuniclus|Stored Power|p1a: yink\n|-resisted|p1a: yink\n|-damage|p1a: yink|0 fnt\n|faint|p1a: yink\n|\n|-heal|p2a: Reuniclus|65\/100|[from] item: Leftovers\n|upkeep\n|\n|t:|1701050935\n|switch|p1a: Rotom|Rotom-Wash|39\/100\n|turn|10\n|\n|t:|1701050947\n|-zpower|p1a: Rotom\n|move|p1a: Rotom|Hydro Vortex|p2a: Reuniclus|[zeffect]\n|-damage|p2a: Reuniclus|36\/100\n|move|p2a: Reuniclus|Calm Mind|p2a: Reuniclus\n|-boost|p2a: Reuniclus|spa|1\n|-boost|p2a: Reuniclus|spd|1\n|\n|-heal|p2a: Reuniclus|42\/100|[from] item: Leftovers\n|upkeep\n|turn|11\n|\n|t:|1701050961\n|move|p1a: Rotom|Hydro Pump|p2a: Reuniclus|[miss]\n|-miss|p1a: Rotom|p2a: Reuniclus\n|move|p2a: Reuniclus|Stored Power|p1a: Rotom\n|-damage|p1a: Rotom|0 fnt\n|faint|p1a: Rotom\n|\n|-heal|p2a: Reuniclus|48\/100|[from] item: Leftovers\n|upkeep\n|\n|t:|1701050968\n|switch|p1a: Kartana|Kartana|100\/100\n|turn|12\n|\n|t:|1701050973\n|move|p1a: Kartana|Knock Off|p2a: Reuniclus\n|-supereffective|p2a: Reuniclus\n|-damage|p2a: Reuniclus|23\/100\n|-enditem|p2a: Reuniclus|Leftovers|[from] move: Knock Off|[of] p1a: Kartana\n|move|p2a: Reuniclus|Signal Beam|p1a: Kartana\n|-damage|p1a: Kartana|0 fnt\n|faint|p1a: Kartana\n|\n|upkeep\n|\n|t:|1701050985\n|switch|p1a: Rillaboom|Rillaboom, M|100\/100\n|-fieldstart|move: Grassy Terrain|[from] ability: Grassy Surge|[of] p1a: Rillaboom\n|turn|13\n|\n|t:|1701050989\n|move|p1a: Rillaboom|U-turn|p2a: Reuniclus\n|-supereffective|p2a: Reuniclus\n|-damage|p2a: Reuniclus|0 fnt\n|faint|p2a: Reuniclus\n|\n|t:|1701050992\n|switch|p1a: Tyranitar|Tyranitar, M|100\/100|[from] U-turn\n|-weather|Sandstorm|[from] ability: Sand Stream|[of] p1a: Tyranitar\n|\n|-weather|Sandstorm|[upkeep]\n|upkeep\n|\n|t:|1701051015\n|switch|p2a: Volcarona|Volcarona, F|100\/100\n|turn|14\n|\n|t:|1701051021\n|move|p2a: Volcarona|Quiver Dance|p2a: Volcarona\n|-boost|p2a: Volcarona|spa|1\n|-boost|p2a: Volcarona|spd|1\n|-boost|p2a: Volcarona|spe|1\n|move|p1a: Tyranitar|Rock Blast|p2a: Volcarona\n|-supereffective|p2a: Volcarona\n|-damage|p2a: Volcarona|16\/100\n|-supereffective|p2a: Volcarona\n|-damage|p2a: Volcarona|0 fnt\n|faint|p2a: Volcarona\n|-hitcount|p2: Volcarona|2\n|\n|-weather|Sandstorm|[upkeep]\n|upkeep\n|\n|t:|1701051026\n|switch|p2a: Haxorus|Haxorus, F|100\/100\n|-ability|p2a: Haxorus|Mold Breaker\n|turn|15\n|\n|t:|1701051035\n|-terastallize|p2a: Haxorus|Steel\n|move|p2a: Haxorus|Dragon Dance|p2a: Haxorus\n|-boost|p2a: Haxorus|atk|1\n|-boost|p2a: Haxorus|spe|1\n|move|p1a: Tyranitar|Dragon Tail|p2a: Haxorus\n|-resisted|p2a: Haxorus\n|-damage|p2a: Haxorus|87\/100\n|drag|p2a: Mandibuzz|Mandibuzz, F|100\/100\n|\n|-weather|Sandstorm|[upkeep]\n|upkeep\n|turn|16\n|\n|t:|1701051051\n|switch|p1a: Rillaboom|Rillaboom, M|100\/100\n|move|p2a: Mandibuzz|Knock Off|p1a: Rillaboom\n|-damage|p1a: Rillaboom|71\/100\n|-enditem|p1a: Rillaboom|Choice Band|[from] move: Knock Off|[of] p2a: Mandibuzz\n|\n|-weather|Sandstorm|[upkeep]\n|-damage|p1a: Rillaboom|65\/100|[from] Sandstorm\n|-heal|p1a: Rillaboom|71\/100|[from] Grassy Terrain\n|upkeep\n|turn|17\n|\n|t:|1701051061\n|move|p1a: Rillaboom|U-turn|p2a: Mandibuzz\n|-damage|p2a: Mandibuzz|81\/100\n|-damage|p1a: Rillaboom|55\/100|[from] item: Rocky Helmet|[of] p2a: Mandibuzz\n|\n|t:|1701051065\n|switch|p1a: Tyranitar|Tyranitar, M|100\/100|[from] U-turn\n|move|p2a: Mandibuzz|U-turn|p1a: Tyranitar\n|-supereffective|p1a: Tyranitar\n|-damage|p1a: Tyranitar|81\/100\n|\n|t:|1701051075\n|switch|p2a: Haxorus|Haxorus, F, tera:Steel|87\/100|[from] U-turn\n|-ability|p2a: Haxorus|Mold Breaker\n|\n|-weather|none\n|-heal|p2a: Haxorus|93\/100|[from] Grassy Terrain\n|-heal|p1a: Tyranitar|87\/100|[from] Grassy Terrain\n|-fieldend|move: Grassy Terrain\n|upkeep\n|turn|18\n|\n|t:|1701051085\n|move|p2a: Haxorus|Iron Head|p1a: Tyranitar\n|-supereffective|p1a: Tyranitar\n|-damage|p1a: Tyranitar|19\/100\n|cant|p1a: Tyranitar|flinch\n|\n|upkeep\n|turn|19\n|\n|t:|1701051091\n|move|p2a: Haxorus|Iron Head|p1a: Tyranitar\n|-supereffective|p1a: Tyranitar\n|-damage|p1a: Tyranitar|0 fnt\n|faint|p1a: Tyranitar\n|\n|upkeep\n|\n|t:|1701051097\n|switch|p1a: Rillaboom|Rillaboom, M|55\/100\n|-fieldstart|move: Grassy Terrain|[from] ability: Grassy Surge|[of] p1a: Rillaboom\n|turn|20\n|\n|t:|1701051102\n|move|p2a: Haxorus|Dragon Dance|p2a: Haxorus\n|-boost|p2a: Haxorus|atk|1\n|-boost|p2a: Haxorus|spe|1\n|move|p1a: Rillaboom|Superpower|p2a: Haxorus\n|-supereffective|p2a: Haxorus\n|-damage|p2a: Haxorus|0 fnt\n|-unboost|p1a: Rillaboom|atk|1\n|-unboost|p1a: Rillaboom|def|1\n|faint|p2a: Haxorus\n|\n|-heal|p1a: Rillaboom|61\/100|[from] Grassy Terrain\n|upkeep\n|\n|t:|1701051117\n|switch|p2a: Ferrothorn|Ferrothorn, M|100\/100\n|turn|21\n|\n|t:|1701051121\n|move|p1a: Rillaboom|Superpower|p2a: Ferrothorn\n|-supereffective|p2a: Ferrothorn\n|-damage|p2a: Ferrothorn|55\/100\n|-unboost|p1a: Rillaboom|atk|1\n|-unboost|p1a: Rillaboom|def|1\n|-damage|p1a: Rillaboom|49\/100|[from] ability: Iron Barbs|[of] p2a: Ferrothorn\n|move|p2a: Ferrothorn|Thunder Wave|p1a: Rillaboom\n|-status|p1a: Rillaboom|par\n|\n|-heal|p1a: Rillaboom|55\/100 par|[from] Grassy Terrain\n|-heal|p2a: Ferrothorn|61\/100|[from] Grassy Terrain\n|-heal|p2a: Ferrothorn|68\/100|[from] item: Leftovers\n|upkeep\n|turn|22\n|\n|t:|1701051134\n|move|p1a: Rillaboom|Superpower|p2a: Ferrothorn\n|-supereffective|p2a: Ferrothorn\n|-damage|p2a: Ferrothorn|33\/100\n|-unboost|p1a: Rillaboom|atk|1\n|-unboost|p1a: Rillaboom|def|1\n|-damage|p1a: Rillaboom|43\/100 par|[from] ability: Iron Barbs|[of] p2a: Ferrothorn\n|move|p2a: Ferrothorn|Gyro Ball|p1a: Rillaboom\n|-damage|p1a: Rillaboom|0 fnt\n|faint|p1a: Rillaboom\n|\n|-heal|p2a: Ferrothorn|40\/100|[from] Grassy Terrain\n|-heal|p2a: Ferrothorn|46\/100|[from] item: Leftovers\n|upkeep\n|\n|t:|1701051142\n|switch|p1a: Sneasler|Sneasler, F|100\/100\n|-enditem|p1a: Sneasler|Grassy Seed\n|-boost|p1a: Sneasler|def|1|[from] item: Grassy Seed\n|turn|23\n|\n|t:|1701051148\n|-terastallize|p1a: Sneasler|Electric\n|move|p1a: Sneasler|Swords Dance|p1a: Sneasler\n|-boost|p1a: Sneasler|atk|2\n|move|p2a: Ferrothorn|Thunder Wave|p1a: Sneasler\n|-immune|p1a: Sneasler\n|\n|-heal|p2a: Ferrothorn|52\/100|[from] Grassy Terrain\n|-heal|p2a: Ferrothorn|58\/100|[from] item: Leftovers\n|upkeep\n|turn|24\n|\n|t:|1701051161\n|move|p1a: Sneasler|Close Combat|p2a: Ferrothorn\n|-supereffective|p2a: Ferrothorn\n|-damage|p2a: Ferrothorn|0 fnt\n|-unboost|p1a: Sneasler|def|1\n|-unboost|p1a: Sneasler|spd|1\n|-damage|p1a: Sneasler|88\/100|[from] ability: Iron Barbs|[of] p2a: Ferrothorn\n|faint|p2a: Ferrothorn\n|\n|-heal|p1a: Sneasler|94\/100|[from] Grassy Terrain\n|-fieldend|move: Grassy Terrain\n|upkeep\n|\n|t:|1701051163\n|switch|p2a: Mandibuzz|Mandibuzz, F|81\/100\n|turn|25\n|-message|Ymerej_X forfeited.\n|\n|win|sensei akt\n|raw|sensei akt's rating: 1139 &rarr; <strong>1170<\/strong><br \/>(+31 for winning)\n|raw|Ymerej_X's rating: 1227 &rarr; <strong>1196<\/strong><br \/>(-31 for losing)\n|l|\u2606Ymerej_X\n","uploadtime":1701051180,"views":3,"p1id":"senseiakt","p2id":"ymerejx","formatid":"gen9nationaldex","rating":1170,"private":0,"password":""}