{"id":"gen9nationaldex-1995103462","p1":"mr Deuzp","p2":"Ahardlakarnis","format":"[Gen 9] National Dex","log":"|html|<div class=\"broadcast-blue\"><strong>[Gen 9] National Dex is currently suspecting Sneasler! For information on how to participate check out the <a href=\"https:\/\/www.smogon.com\/forums\/threads\/sv-national-dex-suspect-8-just-dance.3731534\/\">suspect thread<\/a>.<\/strong><\/div>\n|j|\u2606mr Deuzp\n|j|\u2606Ahardlakarnis\n|t:|1700522912\n|gametype|singles\n|player|p1|mr Deuzp|shadowtriad|1104\n|player|p2|Ahardlakarnis|skyla|1150\n|teamsize|p1|6\n|teamsize|p2|6\n|gen|9\n|tier|[Gen 9] National Dex\n|rated|\n|rule|HP Percentage Mod: HP is shown in percentages\n|rule|Endless Battle Clause: Forcing endless battles is banned\n|rule|OHKO Clause: OHKO moves are banned\n|rule|Evasion Clause: Evasion abilities, items, and moves are banned\n|rule|Evasion Abilities Clause: Evasion abilities are banned\n|rule|Evasion Items Clause: Evasion items are banned\n|rule|Evasion Moves Clause: Evasion moves are banned\n|rule|Species Clause: Limit one of each Pok\u00e9mon\n|rule|Sleep Clause Mod: Limit one foe put to sleep\n|clearpoke\n|poke|p1|Scrafty, M|\n|poke|p1|Lopunny, F|\n|poke|p1|Incineroar, M|\n|poke|p1|Garganacl, M|\n|poke|p1|Tapu Koko|\n|poke|p1|Grimmsnarl, M|\n|poke|p2|Alakazam, M|\n|poke|p2|Ferrothorn, F|\n|poke|p2|Incineroar, M|\n|poke|p2|Milotic, F|\n|poke|p2|Greninja-*, F|\n|poke|p2|Lopunny, M|\n|teampreview\n|inactive|Battle timer is ON: inactive players will automatically lose when time's up. (requested by Ahardlakarnis)\n|\n|t:|1700522926\n|start\n|switch|p1a: Incineroar|Incineroar, M, shiny|100\/100\n|switch|p2a: Greninja|Greninja, F|100\/100\n|-ability|p1a: Incineroar|Intimidate|boost\n|-unboost|p2a: Greninja|atk|1\n|turn|1\n|\n|t:|1700522934\n|move|p1a: Incineroar|Fake Out|p2a: Greninja\n|-damage|p2a: Greninja|78\/100\n|cant|p2a: Greninja|flinch\n|\n|upkeep\n|turn|2\n|\n|t:|1700522939\n|move|p2a: Greninja|Spikes|p1a: Incineroar\n|-sidestart|p1: mr Deuzp|Spikes\n|move|p1a: Incineroar|U-turn|p2a: Greninja\n|-supereffective|p2a: Greninja\n|-damage|p2a: Greninja|0 fnt\n|faint|p2a: Greninja\n|\n|t:|1700522945\n|switch|p1a: Grimmsnarl|Grimmsnarl, M, shiny|100\/100|[from] U-turn\n|-damage|p1a: Grimmsnarl|88\/100|[from] Spikes\n|\n|upkeep\n|\n|t:|1700522951\n|switch|p2a: Incineroar|Incineroar, M|100\/100\n|-ability|p2a: Incineroar|Intimidate|boost\n|-unboost|p1a: Grimmsnarl|atk|1\n|turn|3\n|\n|t:|1700522954\n|move|p2a: Incineroar|Fake Out|p1a: Grimmsnarl\n|-crit|p1a: Grimmsnarl\n|-damage|p1a: Grimmsnarl|70\/100\n|cant|p1a: Grimmsnarl|flinch\n|\n|upkeep\n|turn|4\n|\n|t:|1700522957\n|move|p1a: Grimmsnarl|Reflect|p1a: Grimmsnarl\n|-sidestart|p1: mr Deuzp|Reflect\n|move|p2a: Incineroar|Knock Off|p1a: Grimmsnarl\n|-resisted|p1a: Grimmsnarl\n|-damage|p1a: Grimmsnarl|63\/100\n|-enditem|p1a: Grimmsnarl|Light Clay|[from] move: Knock Off|[of] p2a: Incineroar\n|\n|upkeep\n|turn|5\n|\n|t:|1700522964\n|move|p1a: Grimmsnarl|Thunder Wave|p2a: Incineroar\n|-hint|Since gen 7, Dark is immune to Prankster moves.\n|-immune|p2a: Incineroar\n|move|p2a: Incineroar|Parting Shot|p1a: Grimmsnarl\n|-unboost|p1a: Grimmsnarl|atk|1\n|-unboost|p1a: Grimmsnarl|spa|1\n|\n|t:|1700522982\n|switch|p2a: Lopunny|Lopunny, M|100\/100|[from] Parting Shot\n|\n|upkeep\n|turn|6\n|\n|t:|1700522992\n|detailschange|p2a: Lopunny|Lopunny-Mega, M\n|-mega|p2a: Lopunny|Lopunny|Lopunnite\n|move|p2a: Lopunny|Fake Out|p1a: Grimmsnarl\n|-crit|p1a: Grimmsnarl\n|-damage|p1a: Grimmsnarl|22\/100\n|cant|p1a: Grimmsnarl|flinch\n|\n|upkeep\n|turn|7\n|\n|t:|1700522999\n|switch|p2a: Incineroar|Incineroar, M|100\/100\n|-ability|p2a: Incineroar|Intimidate|boost\n|-unboost|p1a: Grimmsnarl|atk|1\n|move|p1a: Grimmsnarl|Thunder Wave|p2a: Incineroar\n|-hint|Since gen 7, Dark is immune to Prankster moves.\n|-immune|p2a: Incineroar\n|\n|upkeep\n|turn|8\n|\n|t:|1700523003\n|move|p2a: Incineroar|Fake Out|p1a: Grimmsnarl\n|-damage|p1a: Grimmsnarl|15\/100\n|cant|p1a: Grimmsnarl|flinch\n|\n|upkeep\n|turn|9\n|\n|t:|1700523011\n|move|p1a: Grimmsnarl|Light Screen|p1a: Grimmsnarl\n|-sidestart|p1: mr Deuzp|move: Light Screen\n|move|p2a: Incineroar|Knock Off|p1a: Grimmsnarl\n|-resisted|p1a: Grimmsnarl\n|-damage|p1a: Grimmsnarl|11\/100\n|\n|upkeep\n|turn|10\n|\n|t:|1700523025\n|switch|p1a: Lopunny|Lopunny, F, shiny|100\/100\n|-damage|p1a: Lopunny|88\/100|[from] Spikes\n|move|p2a: Incineroar|Knock Off|p1a: Lopunny\n|-damage|p1a: Lopunny|70\/100\n|\n|upkeep\n|turn|11\n|\n|t:|1700523032\n|switch|p2a: Ferrothorn|Ferrothorn, F|100\/100\n|detailschange|p1a: Lopunny|Lopunny-Mega, F, shiny\n|-mega|p1a: Lopunny|Lopunny|Lopunnite\n|move|p1a: Lopunny|Fake Out|p2a: Ferrothorn\n|-resisted|p2a: Ferrothorn\n|-damage|p2a: Ferrothorn|94\/100\n|-damage|p1a: Lopunny|58\/100|[from] ability: Iron Barbs|[of] p2a: Ferrothorn\n|-damage|p1a: Lopunny|41\/100|[from] item: Rocky Helmet|[of] p2a: Ferrothorn\n|\n|-sideend|p1: mr Deuzp|Reflect\n|upkeep\n|turn|12\n|\n|t:|1700523051\n|move|p1a: Lopunny|Close Combat|p2a: Ferrothorn\n|-supereffective|p2a: Ferrothorn\n|-damage|p2a: Ferrothorn|18\/100\n|-unboost|p1a: Lopunny|def|1\n|-unboost|p1a: Lopunny|spd|1\n|-damage|p1a: Lopunny|29\/100|[from] ability: Iron Barbs|[of] p2a: Ferrothorn\n|-damage|p1a: Lopunny|13\/100|[from] item: Rocky Helmet|[of] p2a: Ferrothorn\n|move|p2a: Ferrothorn|Thunder Wave|p1a: Lopunny\n|-status|p1a: Lopunny|par\n|\n|upkeep\n|turn|13\n|\n|t:|1700523057\n|move|p1a: Lopunny|Close Combat|p2a: Ferrothorn\n|-supereffective|p2a: Ferrothorn\n|-damage|p2a: Ferrothorn|0 fnt\n|-unboost|p1a: Lopunny|def|1\n|-unboost|p1a: Lopunny|spd|1\n|-damage|p1a: Lopunny|0 fnt|[from] ability: Iron Barbs|[of] p2a: Ferrothorn\n|faint|p2a: Ferrothorn\n|faint|p1a: Lopunny\n|\n|-sideend|p1: mr Deuzp|move: Light Screen\n|upkeep\n|\n|t:|1700523064\n|switch|p1a: Incineroar|Incineroar, M, shiny|100\/100\n|switch|p2a: Lopunny|Lopunny-Mega, M|100\/100\n|-damage|p1a: Incineroar|88\/100|[from] Spikes\n|-ability|p1a: Incineroar|Intimidate|boost\n|-fail|p2a: Lopunny|unboost|Attack|[from] ability: Scrappy|[of] p2a: Lopunny\n|turn|14\n|\n|t:|1700523072\n|move|p2a: Lopunny|Fake Out|p1a: Incineroar\n|-damage|p1a: Incineroar|68\/100\n|cant|p1a: Incineroar|flinch\n|\n|upkeep\n|turn|15\n|\n|t:|1700523075\n|move|p2a: Lopunny|Close Combat|p1a: Incineroar\n|-supereffective|p1a: Incineroar\n|-damage|p1a: Incineroar|0 fnt\n|-unboost|p2a: Lopunny|def|1\n|-unboost|p2a: Lopunny|spd|1\n|faint|p1a: Incineroar\n|\n|upkeep\n|\n|t:|1700523080\n|switch|p1a: Scrafty|Scrafty, M, shiny|100\/100\n|-damage|p1a: Scrafty|88\/100|[from] Spikes\n|-ability|p1a: Scrafty|Intimidate|boost\n|-fail|p2a: Lopunny|unboost|Attack|[from] ability: Scrappy|[of] p2a: Lopunny\n|turn|16\n|\n|t:|1700523085\n|switch|p1a: Tapu Koko|Tapu Koko, shiny|100\/100\n|-damage|p1a: Tapu Koko|88\/100|[from] Spikes\n|-fieldstart|move: Electric Terrain|[from] ability: Electric Surge|[of] p1a: Tapu Koko\n|move|p2a: Lopunny|Close Combat|p1a: Tapu Koko\n|-resisted|p1a: Tapu Koko\n|-damage|p1a: Tapu Koko|45\/100\n|-unboost|p2a: Lopunny|def|1\n|-unboost|p2a: Lopunny|spd|1\n|\n|upkeep\n|turn|17\n|\n|t:|1700523090\n|move|p2a: Lopunny|Return|p1a: Tapu Koko\n|-damage|p1a: Tapu Koko|0 fnt\n|faint|p1a: Tapu Koko\n|\n|upkeep\n|\n|t:|1700523093\n|switch|p1a: Garganacl|Garganacl, M, shiny|100\/100\n|-damage|p1a: Garganacl|88\/100|[from] Spikes\n|turn|18\n|\n|t:|1700523098\n|-terastallize|p1a: Garganacl|Ghost\n|move|p2a: Lopunny|Close Combat|p1a: Garganacl\n|-damage|p1a: Garganacl|35\/100\n|-unboost|p2a: Lopunny|def|1\n|-unboost|p2a: Lopunny|spd|1\n|move|p1a: Garganacl|Salt Cure|p2a: Lopunny\n|-resisted|p2a: Lopunny\n|-damage|p2a: Lopunny|70\/100\n|-start|p2a: Lopunny|Salt Cure\n|\n|-heal|p1a: Garganacl|41\/100|[from] item: Leftovers\n|-damage|p2a: Lopunny|58\/100|[from] Salt Cure\n|upkeep\n|turn|19\n|\n|t:|1700523103\n|move|p2a: Lopunny|Close Combat|p1a: Garganacl\n|-damage|p1a: Garganacl|0 fnt\n|-unboost|p2a: Lopunny|def|1\n|-unboost|p2a: Lopunny|spd|1\n|faint|p1a: Garganacl\n|\n|-damage|p2a: Lopunny|46\/100|[from] Salt Cure\n|upkeep\n|\n|t:|1700523107\n|switch|p1a: Grimmsnarl|Grimmsnarl, M, shiny|11\/100\n|-damage|p1a: Grimmsnarl|0 fnt|[from] Spikes\n|faint|p1a: Grimmsnarl\n|\n|t:|1700523108\n|switch|p1a: Scrafty|Scrafty, M, shiny|88\/100\n|-damage|p1a: Scrafty|76\/100|[from] Spikes\n|-ability|p1a: Scrafty|Intimidate|boost\n|-fail|p2a: Lopunny|unboost|Attack|[from] ability: Scrappy|[of] p2a: Lopunny\n|turn|20\n|\n|t:|1700523112\n|move|p2a: Lopunny|Close Combat|p1a: Scrafty\n|-supereffective|p1a: Scrafty\n|-damage|p1a: Scrafty|0 fnt\n|-unboost|p2a: Lopunny|def|1\n|-unboost|p2a: Lopunny|spd|1\n|faint|p1a: Scrafty\n|\n|win|Ahardlakarnis\n|raw|mr Deuzp's rating: 1104 &rarr; <strong>1082<\/strong><br \/>(-22 for losing)\n|raw|Ahardlakarnis's rating: 1150 &rarr; <strong>1172<\/strong><br \/>(+22 for winning)\n|l|\u2606mr Deuzp\n","uploadtime":1700523129,"views":2,"p1id":"mrdeuzp","p2id":"ahardlakarnis","formatid":"gen9nationaldex","rating":1082,"private":0,"password":""}