{"id":"gen9nationaldex-1988734262","p1":"59647996ttn","p2":"goblinnovember468","format":"[Gen 9] National Dex","log":"|j|\u260659647996ttn\n|j|\u2606goblinnovember468\n|t:|1699756355\n|gametype|singles\n|player|p1|59647996ttn|lucas|1072\n|player|p2|goblinnovember468|steven-masters|1152\n|teamsize|p1|6\n|teamsize|p2|6\n|gen|9\n|tier|[Gen 9] National Dex\n|rated|\n|rule|HP Percentage Mod: HP is shown in percentages\n|rule|Endless Battle Clause: Forcing endless battles is banned\n|rule|OHKO Clause: OHKO moves are banned\n|rule|Evasion Clause: Evasion abilities, items, and moves are banned\n|rule|Evasion Abilities Clause: Evasion abilities are banned\n|rule|Evasion Items Clause: Evasion items are banned\n|rule|Evasion Moves Clause: Evasion moves are banned\n|rule|Species Clause: Limit one of each Pok\u00e9mon\n|rule|Sleep Clause Mod: Limit one foe put to sleep\n|clearpoke\n|poke|p1|Sneasler, M|\n|poke|p1|Tapu Lele|\n|poke|p1|Chansey, F|\n|poke|p1|Alakazam, M|\n|poke|p1|Cinderace, F|\n|poke|p1|Latias, F|\n|poke|p2|Medicham, M|\n|poke|p2|Indeedee, M|\n|poke|p2|Dedenne, M|\n|poke|p2|Bombirdier, M|\n|poke|p2|Quaxwell, M|\n|poke|p2|Perrserker, F|\n|teampreview\n|\n|t:|1699756377\n|start\n|switch|p1a: Latias|Latias, F|100\/100\n|switch|p2a: Bombirdier|Bombirdier, M|100\/100\n|turn|1\n|\n|t:|1699756386\n|switch|p1a: Chansey|Chansey, F|100\/100\n|move|p2a: Bombirdier|Knock Off|p1a: Chansey\n|-crit|p1a: Chansey\n|-damage|p1a: Chansey|56\/100\n|-enditem|p1a: Chansey|Eviolite|[from] move: Knock Off|[of] p2a: Bombirdier\n|\n|upkeep\n|turn|2\n|\n|t:|1699756391\n|switch|p2a: Medicham|Medicham, M|100\/100\n|move|p1a: Chansey|Thunder Wave|p2a: Medicham|[miss]\n|-miss|p1a: Chansey|p2a: Medicham\n|\n|upkeep\n|turn|3\n|\n|t:|1699756400\n|switch|p2a: Perrserker|Perrserker, F|100\/100\n|switch|p1a: Tapu Lele|Tapu Lele|100\/100\n|-fieldstart|move: Psychic Terrain|[from] ability: Psychic Surge|[of] p1a: Tapu Lele\n|\n|upkeep\n|turn|4\n|\n|t:|1699756406\n|switch|p1a: Chansey|Chansey, F|56\/100\n|move|p2a: Perrserker|U-turn|p1a: Chansey\n|-damage|p1a: Chansey|33\/100\n|\n|t:|1699756410\n|switch|p2a: Medicham|Medicham, M|100\/100|[from] U-turn\n|\n|upkeep\n|turn|5\n|\n|t:|1699756420\n|move|p2a: Medicham|Trailblaze|p1a: Chansey\n|-damage|p1a: Chansey|3\/100\n|-boost|p2a: Medicham|spe|1\n|-damage|p2a: Medicham|91\/100|[from] item: Life Orb\n|move|p1a: Chansey|Soft-Boiled|p1a: Chansey\n|-heal|p1a: Chansey|54\/100\n|\n|upkeep\n|turn|6\n|\n|t:|1699756429\n|move|p2a: Medicham|Zen Headbutt|p1a: Chansey\n|-damage|p1a: Chansey|0 fnt\n|faint|p1a: Chansey\n|-damage|p2a: Medicham|81\/100|[from] item: Life Orb\n|\n|upkeep\n|\n|t:|1699756432\n|switch|p1a: Tapu Lele|Tapu Lele|100\/100\n|turn|7\n|\n|t:|1699756439\n|switch|p2a: Perrserker|Perrserker, F|100\/100\n|move|p1a: Tapu Lele|Focus Blast|p2a: Perrserker\n|-supereffective|p2a: Perrserker\n|-damage|p2a: Perrserker|0 fnt\n|faint|p2a: Perrserker\n|\n|upkeep\n|\n|t:|1699756444\n|switch|p2a: Dedenne|Dedenne, M|100\/100\n|turn|8\n|\n|t:|1699756452\n|switch|p1a: Latias|Latias, F|100\/100\n|move|p2a: Dedenne|Nuzzle|p1a: Latias\n|-resisted|p1a: Latias\n|-damage|p1a: Latias|99\/100\n|-status|p1a: Latias|par\n|\n|upkeep\n|turn|9\n|\n|t:|1699756455\n|detailschange|p1a: Latias|Latias-Mega, F\n|-mega|p1a: Latias|Latias|Latiasite\n|move|p2a: Dedenne|U-turn|p1a: Latias\n|-supereffective|p1a: Latias\n|-damage|p1a: Latias|85\/100 par\n|\n|t:|1699756457\n|switch|p2a: Bombirdier|Bombirdier, M|100\/100|[from] U-turn\n|cant|p1a: Latias|par\n|\n|upkeep\n|turn|10\n|\n|t:|1699756461\n|move|p2a: Bombirdier|U-turn|p1a: Latias\n|-supereffective|p1a: Latias\n|-damage|p1a: Latias|56\/100 par\n|\n|t:|1699756464\n|switch|p2a: Indeedee|Indeedee, M|100\/100|[from] U-turn\n|cant|p1a: Latias|par\n|\n|-fieldend|move: Psychic Terrain\n|upkeep\n|turn|11\n|\n|t:|1699756470\n|move|p2a: Indeedee|Dazzling Gleam|p1a: Latias\n|-supereffective|p1a: Latias\n|-crit|p1a: Latias\n|-damage|p1a: Latias|0 fnt\n|faint|p1a: Latias\n|\n|upkeep\n|\n|t:|1699756481\n|switch|p1a: Cinderace|Cinderace, F|100\/100\n|turn|12\n|\n|t:|1699756488\n|switch|p2a: Quaxwell|Quaxwell, M|100\/100\n|move|p1a: Cinderace|Pyro Ball|p2a: Quaxwell\n|-resisted|p2a: Quaxwell\n|-damage|p2a: Quaxwell|82\/100\n|\n|upkeep\n|turn|13\n|\n|t:|1699756495\n|switch|p1a: Tapu Lele|Tapu Lele|100\/100\n|-fieldstart|move: Psychic Terrain|[from] ability: Psychic Surge|[of] p1a: Tapu Lele\n|move|p2a: Quaxwell|Rapid Spin|p1a: Tapu Lele\n|-damage|p1a: Tapu Lele|88\/100\n|-boost|p2a: Quaxwell|spe|1\n|\n|upkeep\n|turn|14\n|\n|t:|1699756502\n|move|p2a: Quaxwell|Rapid Spin|p1a: Tapu Lele\n|-damage|p1a: Tapu Lele|73\/100\n|-boost|p2a: Quaxwell|spe|1\n|move|p1a: Tapu Lele|Psychic|p2a: Quaxwell\n|-damage|p2a: Quaxwell|11\/100\n|\n|upkeep\n|turn|15\n|\n|t:|1699756506\n|switch|p2a: Bombirdier|Bombirdier, M|100\/100\n|move|p1a: Tapu Lele|Psychic|p2a: Bombirdier\n|-immune|p2a: Bombirdier\n|\n|upkeep\n|turn|16\n|\n|t:|1699756509\n|move|p2a: Bombirdier|Brave Bird|p1a: Tapu Lele\n|-damage|p1a: Tapu Lele|0 fnt\n|faint|p1a: Tapu Lele\n|-damage|p2a: Bombirdier|73\/100|[from] Recoil\n|\n|upkeep\n|\n|t:|1699756512\n|switch|p1a: Sneasler|Sneasler, M|100\/100\n|-enditem|p1a: Sneasler|Psychic Seed\n|-boost|p1a: Sneasler|spd|1|[from] item: Psychic Seed\n|turn|17\n|\n|t:|1699756525\n|switch|p2a: Quaxwell|Quaxwell, M|11\/100\n|move|p1a: Sneasler|Close Combat|p2a: Quaxwell\n|-damage|p2a: Quaxwell|0 fnt\n|-unboost|p1a: Sneasler|def|1\n|-unboost|p1a: Sneasler|spd|1\n|faint|p2a: Quaxwell\n|\n|upkeep\n|\n|t:|1699756537\n|switch|p2a: Dedenne|Dedenne, M|100\/100\n|turn|18\n|\n|t:|1699756545\n|-terastallize|p2a: Dedenne|Water\n|move|p1a: Sneasler|Swords Dance|p1a: Sneasler\n|-boost|p1a: Sneasler|atk|2\n|move|p2a: Dedenne|Nuzzle|p1a: Sneasler\n|-damage|p1a: Sneasler|91\/100\n|-status|p1a: Sneasler|par\n|\n|upkeep\n|turn|19\n|\n|t:|1699756554\n|move|p1a: Sneasler|Dire Claw|p2a: Dedenne\n|-crit|p2a: Dedenne\n|-damage|p2a: Dedenne|0 fnt\n|faint|p2a: Dedenne\n|\n|upkeep\n|\n|t:|1699756563\n|switch|p2a: Bombirdier|Bombirdier, M|73\/100\n|turn|20\n|\n|t:|1699756570\n|move|p2a: Bombirdier|Brave Bird|p1a: Sneasler\n|-supereffective|p1a: Sneasler\n|-damage|p1a: Sneasler|0 fnt\n|faint|p1a: Sneasler\n|-damage|p2a: Bombirdier|41\/100|[from] Recoil\n|\n|-fieldend|move: Psychic Terrain\n|upkeep\n|\n|t:|1699756579\n|switch|p1a: Cinderace|Cinderace, F|100\/100\n|turn|21\n|\n|t:|1699756587\n|switch|p2a: Medicham|Medicham, M|81\/100\n|move|p1a: Cinderace|Sucker Punch||[still]\n|-fail|p1a: Cinderace\n|\n|upkeep\n|turn|22\n|\n|t:|1699756594\n|move|p1a: Cinderace|Low Kick|p2a: Medicham\n|-start|p1a: Cinderace|typechange|Fighting|[from] ability: Libero\n|-resisted|p2a: Medicham\n|-damage|p2a: Medicham|60\/100\n|move|p2a: Medicham|Trailblaze|p1a: Cinderace\n|-crit|p1a: Cinderace\n|-damage|p1a: Cinderace|40\/100\n|-boost|p2a: Medicham|spe|1\n|-damage|p2a: Medicham|50\/100|[from] item: Life Orb\n|\n|upkeep\n|turn|23\n|\n|t:|1699756600\n|move|p1a: Cinderace|Sucker Punch|p2a: Medicham\n|-damage|p2a: Medicham|17\/100\n|move|p2a: Medicham|Zen Headbutt|p1a: Cinderace\n|-supereffective|p1a: Cinderace\n|-damage|p1a: Cinderace|0 fnt\n|faint|p1a: Cinderace\n|-damage|p2a: Medicham|8\/100|[from] item: Life Orb\n|\n|upkeep\n|\n|t:|1699756603\n|switch|p1a: Alakazam|Alakazam, M|100\/100\n|turn|24\n|\n|t:|1699756612\n|-terastallize|p1a: Alakazam|Psychic\n|move|p1a: Alakazam|Shadow Ball|p2a: Medicham\n|-supereffective|p2a: Medicham\n|-damage|p2a: Medicham|0 fnt\n|faint|p2a: Medicham\n|\n|upkeep\n|\n|t:|1699756622\n|switch|p2a: Indeedee|Indeedee, M|100\/100\n|-fieldstart|move: Psychic Terrain|[from] ability: Psychic Surge|[of] p2a: Indeedee\n|turn|25\n|\n|t:|1699756626\n|move|p1a: Alakazam|Expanding Force|p2a: Indeedee\n|-resisted|p2a: Indeedee\n|-damage|p2a: Indeedee|0 fnt\n|faint|p2a: Indeedee\n|\n|upkeep\n|\n|t:|1699756628\n|switch|p2a: Bombirdier|Bombirdier, M|41\/100\n|turn|26\n|\n|t:|1699756630\n|move|p2a: Bombirdier|Knock Off|p1a: Alakazam\n|-supereffective|p1a: Alakazam\n|-damage|p1a: Alakazam|0 fnt\n|-enditem|p1a: Alakazam|Life Orb|[from] move: Knock Off|[of] p2a: Bombirdier\n|faint|p1a: Alakazam\n|\n|win|goblinnovember468\n|raw|59647996ttn's rating: 1072 &rarr; <strong>1057<\/strong><br \/>(-15 for losing)\n|raw|goblinnovember468's rating: 1176 &rarr; <strong>1194<\/strong><br \/>(+18 for winning)\n|l|\u260659647996ttn\n|c|\u2606goblinnovember468|L\n|l|\u2606goblinnovember468\n|j|\u2606goblinnovember468\n|player|p2|goblinnovember468|steven-masters\n","uploadtime":1699756678,"views":9,"p1id":"59647996ttn","p2id":"goblinnovember468","formatid":"gen9nationaldex","rating":1057,"private":0,"password":""}