{"id":"gen9nationaldex-1990264961","p1":"hoxikuzu","p2":"Z-owc","format":"[Gen 9] National Dex","log":"|j|\u2606hoxikuzu\n|j|\u2606Z-owc\n|t:|1699947266\n|gametype|singles\n|player|p1|hoxikuzu|170|1442\n|player|p2|Z-owc|265|1301\n|teamsize|p1|6\n|teamsize|p2|6\n|gen|9\n|tier|[Gen 9] National Dex\n|rated|\n|rule|HP Percentage Mod: HP is shown in percentages\n|rule|Endless Battle Clause: Forcing endless battles is banned\n|rule|OHKO Clause: OHKO moves are banned\n|rule|Evasion Clause: Evasion abilities, items, and moves are banned\n|rule|Evasion Abilities Clause: Evasion abilities are banned\n|rule|Evasion Items Clause: Evasion items are banned\n|rule|Evasion Moves Clause: Evasion moves are banned\n|rule|Species Clause: Limit one of each Pok\u00e9mon\n|rule|Sleep Clause Mod: Limit one foe put to sleep\n|clearpoke\n|poke|p1|Pelipper, F|\n|poke|p1|Tapu Koko|\n|poke|p1|Sneasler, F|\n|poke|p1|Iron Valiant|\n|poke|p1|Swampert, M|\n|poke|p1|Zapdos|\n|poke|p2|Swampert, M|\n|poke|p2|Gardevoir, M|\n|poke|p2|Delcatty, M|\n|poke|p2|Diancie|\n|poke|p2|Milotic, F|\n|poke|p2|Mightyena, F|\n|teampreview\n|\n|t:|1699947277\n|start\n|switch|p1a: Tapu Koko|Tapu Koko|100\/100\n|switch|p2a: Swampert|Swampert, M|100\/100\n|-fieldstart|move: Electric Terrain|[from] ability: Electric Surge|[of] p1a: Tapu Koko\n|turn|1\n|\n|t:|1699947292\n|switch|p1a: Zapdos|Zapdos|100\/100\n|-ability|p1a: Zapdos|Pressure\n|move|p2a: Swampert|Stealth Rock|p1a: Zapdos\n|-sidestart|p1: hoxikuzu|move: Stealth Rock\n|\n|upkeep\n|turn|2\n|\n|t:|1699947301\n|move|p1a: Zapdos|Toxic|p2a: Swampert\n|-status|p2a: Swampert|tox\n|move|p2a: Swampert|Toxic|p1a: Zapdos\n|-status|p1a: Zapdos|tox\n|\n|-damage|p1a: Zapdos|94\/100 tox|[from] psn\n|-damage|p2a: Swampert|94\/100 tox|[from] psn\n|upkeep\n|turn|3\n|\n|t:|1699947308\n|switch|p1a: Pelipper|Pelipper, F|100\/100\n|-damage|p1a: Pelipper|75\/100|[from] Stealth Rock\n|-weather|RainDance|[from] ability: Drizzle|[of] p1a: Pelipper\n|move|p2a: Swampert|Flip Turn|p1a: Pelipper\n|-resisted|p1a: Pelipper\n|-damage|p1a: Pelipper|63\/100\n|\n|t:|1699947329\n|switch|p2a: Delcatty|Delcatty, M|100\/100|[from] Flip Turn\n|\n|-weather|RainDance|[upkeep]\n|upkeep\n|turn|4\n|\n|t:|1699947333\n|move|p2a: Delcatty|Fake Out|p1a: Pelipper\n|-damage|p1a: Pelipper|56\/100\n|cant|p1a: Pelipper|flinch\n|\n|-weather|RainDance|[upkeep]\n|upkeep\n|turn|5\n|\n|t:|1699947338\n|move|p2a: Delcatty|Thunder Wave|p1a: Pelipper\n|-status|p1a: Pelipper|par\n|move|p1a: Pelipper|Defog|p2a: Delcatty\n|-unboost|p2a: Delcatty|evasion|1\n|-sideend|p1: hoxikuzu|Stealth Rock|[from] move: Defog|[of] p1a: Pelipper\n|-fieldend|move: Electric Terrain\n|\n|-weather|RainDance|[upkeep]\n|upkeep\n|turn|6\n|\n|t:|1699947355\n|switch|p2a: Swampert|Swampert, M|94\/100 tox\n|switch|p1a: Tapu Koko|Tapu Koko|100\/100\n|-fieldstart|move: Electric Terrain|[from] ability: Electric Surge|[of] p1a: Tapu Koko\n|\n|-weather|RainDance|[upkeep]\n|-heal|p2a: Swampert|100\/100 tox|[from] item: Leftovers\n|-damage|p2a: Swampert|94\/100 tox|[from] psn\n|upkeep\n|turn|7\n|\n|t:|1699947364\n|switch|p1a: Sneasler|Sneasler, F|100\/100\n|-enditem|p1a: Sneasler|Electric Seed\n|-boost|p1a: Sneasler|def|1|[from] item: Electric Seed\n|move|p2a: Swampert|Stealth Rock|p1a: Sneasler\n|-sidestart|p1: hoxikuzu|move: Stealth Rock\n|\n|-weather|RainDance|[upkeep]\n|-heal|p2a: Swampert|100\/100 tox|[from] item: Leftovers\n|-damage|p2a: Swampert|88\/100 tox|[from] psn\n|upkeep\n|turn|8\n|\n|t:|1699947381\n|move|p1a: Sneasler|Swords Dance|p1a: Sneasler\n|-boost|p1a: Sneasler|atk|2\n|move|p2a: Swampert|Flip Turn|p1a: Sneasler\n|-damage|p1a: Sneasler|63\/100\n|\n|t:|1699947388\n|switch|p2a: Mightyena|Mightyena, F|100\/100|[from] Flip Turn\n|-ability|p2a: Mightyena|Intimidate|boost\n|-unboost|p1a: Sneasler|atk|1\n|\n|-weather|RainDance|[upkeep]\n|upkeep\n|turn|9\n|\n|t:|1699947398\n|-terastallize|p1a: Sneasler|Flying\n|move|p1a: Sneasler|Acrobatics|p2a: Mightyena\n|-damage|p2a: Mightyena|10\/100\n|move|p2a: Mightyena|Foul Play|p1a: Sneasler\n|-damage|p1a: Sneasler|0 fnt\n|faint|p1a: Sneasler\n|\n|-weather|RainDance|[upkeep]\n|upkeep\n|\n|t:|1699947410\n|switch|p1a: Iron Valiant|Iron Valiant|100\/100\n|-damage|p1a: Iron Valiant|94\/100|[from] Stealth Rock\n|-activate|p1a: Iron Valiant|ability: Quark Drive\n|-start|p1a: Iron Valiant|quarkdrivespe\n|turn|10\n|\n|t:|1699947421\n|move|p1a: Iron Valiant|Moonblast|p2a: Mightyena\n|-supereffective|p2a: Mightyena\n|-damage|p2a: Mightyena|0 fnt\n|faint|p2a: Mightyena\n|\n|-weather|none\n|-fieldend|move: Electric Terrain\n|-end|p1a: Iron Valiant|Quark Drive\n|upkeep\n|\n|t:|1699947429\n|switch|p2a: Milotic|Milotic, F|100\/100\n|turn|11\n|\n|t:|1699947435\n|-end|p1a: Iron Valiant|Quark Drive|[silent]\n|switch|p1a: Pelipper|Pelipper, F|56\/100 par\n|-damage|p1a: Pelipper|31\/100 par|[from] Stealth Rock\n|-weather|RainDance|[from] ability: Drizzle|[of] p1a: Pelipper\n|move|p2a: Milotic|Mirror Coat||[still]\n|-fail|p2a: Milotic\n|\n|-weather|RainDance|[upkeep]\n|upkeep\n|turn|12\n|\n|t:|1699947444\n|move|p2a: Milotic|Scald|p1a: Pelipper\n|-resisted|p1a: Pelipper\n|-damage|p1a: Pelipper|3\/100 par\n|move|p1a: Pelipper|U-turn|p2a: Milotic\n|-damage|p2a: Milotic|92\/100\n|\n|t:|1699947452\n|switch|p1a: Swampert|Swampert, M|100\/100|[from] U-turn\n|-damage|p1a: Swampert|94\/100|[from] Stealth Rock\n|\n|-weather|RainDance|[upkeep]\n|upkeep\n|turn|13\n|\n|t:|1699947464\n|detailschange|p1a: Swampert|Swampert-Mega, M\n|-mega|p1a: Swampert|Swampert|Swampertite\n|-terastallize|p2a: Milotic|Dragon\n|move|p1a: Swampert|Earthquake|p2a: Milotic\n|-damage|p2a: Milotic|24\/100\n|move|p2a: Milotic|Recover|p2a: Milotic\n|-heal|p2a: Milotic|74\/100\n|\n|-weather|RainDance|[upkeep]\n|upkeep\n|turn|14\n|\n|t:|1699947478\n|move|p1a: Swampert|Earthquake|p2a: Milotic\n|-damage|p2a: Milotic|3\/100\n|move|p2a: Milotic|Recover|p2a: Milotic\n|-heal|p2a: Milotic|53\/100\n|\n|-weather|RainDance|[upkeep]\n|upkeep\n|turn|15\n|\n|t:|1699947486\n|switch|p2a: Delcatty|Delcatty, M|100\/100\n|move|p1a: Swampert|Earthquake|p2a: Delcatty\n|-damage|p2a: Delcatty|10\/100\n|\n|-weather|RainDance|[upkeep]\n|upkeep\n|turn|16\n|\n|t:|1699947496\n|switch|p1a: Tapu Koko|Tapu Koko|100\/100\n|-damage|p1a: Tapu Koko|88\/100|[from] Stealth Rock\n|-fieldstart|move: Electric Terrain|[from] ability: Electric Surge|[of] p1a: Tapu Koko\n|move|p2a: Delcatty|Fake Out|p1a: Tapu Koko\n|-damage|p1a: Tapu Koko|74\/100\n|\n|-weather|RainDance|[upkeep]\n|upkeep\n|turn|17\n|\n|t:|1699947506\n|switch|p2a: Swampert|Swampert, M|88\/100 tox\n|move|p1a: Tapu Koko|Volt Switch|p2a: Swampert\n|-immune|p2a: Swampert\n|\n|-weather|RainDance|[upkeep]\n|-heal|p2a: Swampert|94\/100 tox|[from] item: Leftovers\n|-damage|p2a: Swampert|88\/100 tox|[from] psn\n|upkeep\n|turn|18\n|\n|t:|1699947524\n|switch|p1a: Iron Valiant|Iron Valiant|94\/100\n|-damage|p1a: Iron Valiant|88\/100|[from] Stealth Rock\n|-activate|p1a: Iron Valiant|ability: Quark Drive\n|-start|p1a: Iron Valiant|quarkdrivespe\n|move|p2a: Swampert|Flip Turn|p1a: Iron Valiant\n|-damage|p1a: Iron Valiant|41\/100\n|\n|t:|1699947533\n|switch|p2a: Milotic|Milotic, F, tera:Dragon|53\/100|[from] Flip Turn\n|\n|-weather|none\n|upkeep\n|turn|19\n|\n|t:|1699947541\n|move|p1a: Iron Valiant|Trick|p2a: Milotic\n|-activate|p1a: Iron Valiant|move: Trick|[of] p2a: Milotic\n|-item|p2a: Milotic|Choice Specs|[from] move: Trick\n|-item|p1a: Iron Valiant|Heavy-Duty Boots|[from] move: Trick\n|move|p2a: Milotic|Recover|p2a: Milotic\n|-heal|p2a: Milotic|100\/100\n|\n|upkeep\n|turn|20\n|\n|t:|1699947548\n|switch|p2a: Delcatty|Delcatty, M|10\/100\n|move|p1a: Iron Valiant|Moonblast|p2a: Delcatty\n|-damage|p2a: Delcatty|0 fnt\n|faint|p2a: Delcatty\n|\n|-fieldend|move: Electric Terrain\n|-end|p1a: Iron Valiant|Quark Drive\n|upkeep\n|\n|t:|1699947556\n|switch|p2a: Milotic|Milotic, F, tera:Dragon|100\/100\n|turn|21\n|\n|t:|1699947559\n|move|p1a: Iron Valiant|Moonblast|p2a: Milotic\n|-supereffective|p2a: Milotic\n|-damage|p2a: Milotic|46\/100\n|move|p2a: Milotic|Scald|p1a: Iron Valiant\n|-crit|p1a: Iron Valiant\n|-damage|p1a: Iron Valiant|0 fnt\n|faint|p1a: Iron Valiant\n|-end|p1a: Iron Valiant|Quark Drive|[silent]\n|\n|upkeep\n|\n|t:|1699947578\n|switch|p1a: Pelipper|Pelipper, F|3\/100 par\n|-damage|p1a: Pelipper|0 fnt|[from] Stealth Rock\n|faint|p1a: Pelipper\n|\n|t:|1699947581\n|switch|p1a: Zapdos|Zapdos|94\/100 tox\n|-ability|p1a: Zapdos|Pressure\n|turn|22\n|\n|t:|1699947593\n|switch|p2a: Swampert|Swampert, M|88\/100 tox\n|move|p1a: Zapdos|Toxic|p2a: Swampert\n|-fail|p2a: Swampert|tox\n|\n|-heal|p2a: Swampert|94\/100 tox|[from] item: Leftovers\n|-damage|p1a: Zapdos|88\/100 tox|[from] psn\n|-damage|p2a: Swampert|88\/100 tox|[from] psn\n|upkeep\n|turn|23\n|\n|t:|1699947604\n|move|p1a: Zapdos|Hurricane|p2a: Swampert\n|-damage|p2a: Swampert|43\/100 tox\n|move|p2a: Swampert|Flip Turn|p1a: Zapdos\n|-damage|p1a: Zapdos|71\/100 tox\n|\n|t:|1699947616\n|switch|p2a: Diancie|Diancie|100\/100|[from] Flip Turn\n|\n|-damage|p1a: Zapdos|59\/100 tox|[from] psn\n|upkeep\n|turn|24\n|\n|t:|1699947623\n|detailschange|p2a: Diancie|Diancie-Mega\n|-mega|p2a: Diancie|Diancie|Diancite\n|move|p2a: Diancie|Diamond Storm|p1a: Zapdos\n|-supereffective|p1a: Zapdos\n|-damage|p1a: Zapdos|0 fnt\n|-boost|p2a: Diancie|def|2\n|faint|p1a: Zapdos\n|\n|upkeep\n|\n|t:|1699947628\n|switch|p1a: Swampert|Swampert-Mega, M|94\/100\n|-damage|p1a: Swampert|88\/100|[from] Stealth Rock\n|turn|25\n|\n|t:|1699947638\n|move|p2a: Diancie|Diamond Storm|p1a: Swampert\n|-resisted|p1a: Swampert\n|-damage|p1a: Swampert|63\/100\n|move|p1a: Swampert|Earthquake|p2a: Diancie\n|-supereffective|p2a: Diancie\n|-damage|p2a: Diancie|23\/100\n|\n|upkeep\n|turn|26\n|\n|t:|1699947655\n|move|p2a: Diancie|Moonblast|p1a: Swampert\n|-damage|p1a: Swampert|11\/100\n|-unboost|p1a: Swampert|spa|1\n|move|p1a: Swampert|Earthquake|p2a: Diancie\n|-supereffective|p2a: Diancie\n|-damage|p2a: Diancie|0 fnt\n|faint|p2a: Diancie\n|\n|upkeep\n|\n|t:|1699947677\n|switch|p2a: Gardevoir|Gardevoir, M|100\/100\n|-ability|p2a: Gardevoir|Swift Swim|[from] ability: Trace|[of] p1a: Swampert\n|turn|27\n|\n|t:|1699947686\n|move|p1a: Swampert|Earthquake|p2a: Gardevoir\n|-damage|p2a: Gardevoir|32\/100\n|-enditem|p2a: Gardevoir|Kee Berry|[eat]\n|-boost|p2a: Gardevoir|def|1|[from] item: Kee Berry\n|move|p2a: Gardevoir|Draining Kiss|p1a: Swampert\n|-damage|p1a: Swampert|0 fnt\n|-heal|p2a: Gardevoir|40\/100|[from] drain|[of] p1a: Swampert\n|faint|p1a: Swampert\n|\n|upkeep\n|\n|t:|1699947698\n|switch|p1a: Tapu Koko|Tapu Koko|74\/100\n|-damage|p1a: Tapu Koko|61\/100|[from] Stealth Rock\n|-fieldstart|move: Electric Terrain|[from] ability: Electric Surge|[of] p1a: Tapu Koko\n|turn|28\n|l|\u2606hoxikuzu\n|player|p1|\n|inactive|Battle timer is ON: inactive players will automatically lose when time's up. (requested by Z-owc)\n|j|\u2606hoxikuzu\n|inactive|hoxikuzu reconnected and has 150 seconds left.\n|player|p1|hoxikuzu|170\n|l|\u2606Z-owc\n|inactive|Z-owc disconnected and has a minute to reconnect!\n|player|p2|\n|\n|t:|1699947766\n|switch|p2a: Swampert|Swampert, M|43\/100 tox\n|move|p1a: Tapu Koko|Dazzling Gleam|p2a: Swampert\n|-damage|p2a: Swampert|10\/100 tox\n|\n|-heal|p2a: Swampert|16\/100 tox|[from] item: Leftovers\n|-damage|p2a: Swampert|10\/100 tox|[from] psn\n|upkeep\n|turn|29\n|j|\u2606Z-owc\n|inactive|Z-owc reconnected and has 140 seconds left.\n|player|p2|Z-owc|265\n|l|\u2606hoxikuzu\n|inactive|hoxikuzu disconnected and has a minute to reconnect!\n|player|p1|\n|\n|t:|1699947793\n|move|p1a: Tapu Koko|Dazzling Gleam|p2a: Swampert\n|-damage|p2a: Swampert|0 fnt\n|faint|p2a: Swampert\n|\n|upkeep\n|\n|t:|1699947798\n|switch|p2a: Milotic|Milotic, F, tera:Dragon|46\/100\n|turn|30\n|j|\u2606hoxikuzu\n|inactive|hoxikuzu reconnected and has 135 seconds left.\n|player|p1|hoxikuzu|170\n|\n|t:|1699947817\n|move|p1a: Tapu Koko|Dazzling Gleam|p2a: Milotic\n|-supereffective|p2a: Milotic\n|-damage|p2a: Milotic|3\/100\n|move|p2a: Milotic|Mirror Coat|p1a: Tapu Koko\n|-damage|p1a: Tapu Koko|0 fnt\n|faint|p1a: Tapu Koko\n|\n|win|Z-owc\n|raw|hoxikuzu's rating: 1442 &rarr; <strong>1414<\/strong><br \/>(-28 for losing)\n|raw|Z-owc's rating: 1301 &rarr; <strong>1329<\/strong><br \/>(+28 for winning)\n","uploadtime":1699947826,"views":4,"p1id":"hoxikuzu","p2id":"zowc","formatid":"gen9nationaldex","rating":1329,"private":0,"password":""}