{"id":"gen9nationaldex-1988700687","p1":"py123456","p2":"Luizindograu69","format":"[Gen 9] National Dex","log":"|j|\u2606py123456\n|j|\u2606Luizindograu69\n|t:|1699752326\n|gametype|singles\n|player|p1|py123456|steven|1111\n|player|p2|Luizindograu69|policeman-gen4|1065\n|teamsize|p1|6\n|teamsize|p2|6\n|gen|9\n|tier|[Gen 9] National Dex\n|rated|\n|rule|HP Percentage Mod: HP is shown in percentages\n|rule|Endless Battle Clause: Forcing endless battles is banned\n|rule|OHKO Clause: OHKO moves are banned\n|rule|Evasion Clause: Evasion abilities, items, and moves are banned\n|rule|Evasion Abilities Clause: Evasion abilities are banned\n|rule|Evasion Items Clause: Evasion items are banned\n|rule|Evasion Moves Clause: Evasion moves are banned\n|rule|Species Clause: Limit one of each Pok\u00e9mon\n|rule|Sleep Clause Mod: Limit one foe put to sleep\n|clearpoke\n|poke|p1|Ceruledge, M|\n|poke|p1|Ferrothorn, F|\n|poke|p1|Kleavor, M|\n|poke|p1|Serperior, M|\n|poke|p1|Breloom, F|\n|poke|p1|Beedrill, M|\n|poke|p2|Swampert, M|\n|poke|p2|Blaziken, M|\n|poke|p2|Blastoise, M|\n|poke|p2|Sceptile, M|\n|poke|p2|Dragonite, M|\n|poke|p2|Magnezone|\n|teampreview\n|inactive|Battle timer is ON: inactive players will automatically lose when time's up. (requested by py123456)\n|\n|t:|1699752353\n|start\n|switch|p1a: Kleavor|Kleavor, M|100\/100\n|switch|p2a: Blastoise|Blastoise, M|100\/100\n|turn|1\n|\n|t:|1699752361\n|-terastallize|p2a: Blastoise|Water\n|move|p1a: Kleavor|Stone Axe|p2a: Blastoise\n|-damage|p2a: Blastoise|44\/100\n|-sidestart|p2: Luizindograu69|move: Stealth Rock\n|move|p2a: Blastoise|Aqua Tail|p1a: Kleavor|[miss]\n|-miss|p2a: Blastoise|p1a: Kleavor\n|\n|upkeep\n|turn|2\n|\n|t:|1699752371\n|switch|p2a: Swampert|Swampert, M|100\/100\n|-damage|p2a: Swampert|94\/100|[from] Stealth Rock\n|move|p1a: Kleavor|Stone Axe|p2a: Swampert\n|-resisted|p2a: Swampert\n|-damage|p2a: Swampert|66\/100\n|\n|upkeep\n|turn|3\n|\n|t:|1699752379\n|detailschange|p2a: Swampert|Swampert-Mega, M\n|-mega|p2a: Swampert|Swampert|Swampertite\n|move|p1a: Kleavor|Stone Axe|p2a: Swampert\n|-resisted|p2a: Swampert\n|-damage|p2a: Swampert|44\/100\n|move|p2a: Swampert|Waterfall|p1a: Kleavor\n|-supereffective|p1a: Kleavor\n|-damage|p1a: Kleavor|0 fnt\n|faint|p1a: Kleavor\n|\n|upkeep\n|\n|t:|1699752389\n|switch|p1a: Serperior|Serperior, M|100\/100\n|turn|4\n|\n|t:|1699752397\n|switch|p2a: Blaziken|Blaziken, M|100\/100\n|-damage|p2a: Blaziken|88\/100|[from] Stealth Rock\n|move|p1a: Serperior|Leaf Storm|p2a: Blaziken\n|-resisted|p2a: Blaziken\n|-damage|p2a: Blaziken|61\/100\n|-boost|p1a: Serperior|spa|2\n|\n|upkeep\n|turn|5\n|\n|t:|1699752402\n|move|p1a: Serperior|Leaf Storm|p2a: Blaziken\n|-resisted|p2a: Blaziken\n|-damage|p2a: Blaziken|8\/100\n|-boost|p1a: Serperior|spa|2\n|move|p2a: Blaziken|Flare Blitz|p1a: Serperior\n|-supereffective|p1a: Serperior\n|-damage|p1a: Serperior|0 fnt\n|faint|p1a: Serperior\n|-damage|p2a: Blaziken|0 fnt|[from] Recoil\n|faint|p2a: Blaziken\n|\n|upkeep\n|\n|t:|1699752416\n|switch|p1a: Beedrill|Beedrill, M|100\/100\n|switch|p2a: Dragonite|Dragonite, M|100\/100\n|-damage|p2a: Dragonite|76\/100|[from] Stealth Rock\n|turn|6\n|\n|t:|1699752431\n|detailschange|p1a: Beedrill|Beedrill-Mega, M\n|-mega|p1a: Beedrill|Beedrill|Beedrillite\n|move|p1a: Beedrill|Poison Jab|p2a: Dragonite\n|-damage|p2a: Dragonite|3\/100\n|-status|p2a: Dragonite|psn\n|-zpower|p2a: Dragonite\n|move|p2a: Dragonite|Supersonic Skystrike|p1a: Beedrill|[zeffect]\n|-supereffective|p1a: Beedrill\n|-damage|p1a: Beedrill|0 fnt\n|faint|p1a: Beedrill\n|\n|-damage|p2a: Dragonite|0 fnt|[from] psn\n|faint|p2a: Dragonite\n|upkeep\n|\n|t:|1699752440\n|switch|p1a: Ferrothorn|Ferrothorn, F|100\/100\n|switch|p2a: Swampert|Swampert-Mega, M|44\/100\n|-damage|p2a: Swampert|37\/100|[from] Stealth Rock\n|turn|7\n|\n|t:|1699752445\n|switch|p2a: Blastoise|Blastoise, M, tera:Water|44\/100\n|-damage|p2a: Blastoise|32\/100|[from] Stealth Rock\n|move|p1a: Ferrothorn|Leech Seed|p2a: Blastoise|[miss]\n|-miss|p1a: Ferrothorn|p2a: Blastoise\n|\n|upkeep\n|turn|8\n|\n|t:|1699752451\n|move|p2a: Blastoise|Aqua Tail|p1a: Ferrothorn\n|-resisted|p1a: Ferrothorn\n|-damage|p1a: Ferrothorn|90\/100\n|-damage|p2a: Blastoise|20\/100|[from] ability: Iron Barbs|[of] p1a: Ferrothorn\n|-damage|p2a: Blastoise|3\/100|[from] item: Rocky Helmet|[of] p1a: Ferrothorn\n|move|p1a: Ferrothorn|Leech Seed|p2a: Blastoise\n|-start|p2a: Blastoise|move: Leech Seed\n|\n|-damage|p2a: Blastoise|0 fnt|[from] Leech Seed|[of] p1a: Ferrothorn\n|-heal|p1a: Ferrothorn|93\/100|[silent]\n|faint|p2a: Blastoise\n|upkeep\n|\n|t:|1699752454\n|switch|p2a: Sceptile|Sceptile, M|100\/100\n|-damage|p2a: Sceptile|88\/100|[from] Stealth Rock\n|turn|9\n|\n|t:|1699752465\n|move|p2a: Sceptile|Dragon Pulse|p1a: Ferrothorn\n|-resisted|p1a: Ferrothorn\n|-damage|p1a: Ferrothorn|81\/100\n|move|p1a: Ferrothorn|Gyro Ball|p2a: Sceptile\n|-crit|p2a: Sceptile\n|-damage|p2a: Sceptile|0 fnt\n|faint|p2a: Sceptile\n|\n|upkeep\n|\n|t:|1699752479\n|switch|p2a: Magnezone|Magnezone|100\/100\n|-damage|p2a: Magnezone|94\/100|[from] Stealth Rock\n|turn|10\n|\n|t:|1699752482\n|move|p2a: Magnezone|Hidden Power|p1a: Ferrothorn\n|-supereffective|p1a: Ferrothorn\n|-damage|p1a: Ferrothorn|10\/100\n|move|p1a: Ferrothorn|Leech Seed|p2a: Magnezone\n|-start|p2a: Magnezone|move: Leech Seed\n|\n|-damage|p2a: Magnezone|82\/100|[from] Leech Seed|[of] p1a: Ferrothorn\n|-heal|p1a: Ferrothorn|20\/100|[silent]\n|upkeep\n|turn|11\n|\n|t:|1699752490\n|move|p1a: Ferrothorn|Protect|p1a: Ferrothorn\n|-singleturn|p1a: Ferrothorn|Protect\n|move|p2a: Magnezone|Hidden Power|p1a: Ferrothorn\n|-activate|p1a: Ferrothorn|move: Protect\n|\n|-damage|p2a: Magnezone|70\/100|[from] Leech Seed|[of] p1a: Ferrothorn\n|-heal|p1a: Ferrothorn|30\/100|[silent]\n|upkeep\n|turn|12\n|\n|t:|1699752503\n|move|p2a: Magnezone|Hidden Power|p1a: Ferrothorn\n|-supereffective|p1a: Ferrothorn\n|-damage|p1a: Ferrothorn|0 fnt\n|faint|p1a: Ferrothorn\n|\n|upkeep\n|\n|t:|1699752512\n|switch|p1a: Breloom|Breloom, F|100\/100\n|turn|13\n|\n|t:|1699752517\n|move|p2a: Magnezone|Hidden Power|p1a: Breloom\n|-supereffective|p1a: Breloom\n|-damage|p1a: Breloom|12\/100\n|move|p1a: Breloom|Spore|p2a: Magnezone\n|-status|p2a: Magnezone|slp|[from] move: Spore\n|\n|-damage|p2a: Magnezone|57\/100 slp|[from] Leech Seed|[of] p1a: Breloom\n|-heal|p1a: Breloom|25\/100|[silent]\n|-status|p1a: Breloom|tox|[from] item: Toxic Orb\n|upkeep\n|turn|14\n|\n|t:|1699752526\n|cant|p2a: Magnezone|slp\n|move|p1a: Breloom|Drain Punch|p2a: Magnezone\n|-supereffective|p2a: Magnezone\n|-damage|p2a: Magnezone|0 fnt\n|-heal|p1a: Breloom|56\/100 tox|[from] drain|[of] p2a: Magnezone\n|faint|p2a: Magnezone\n|\n|-heal|p1a: Breloom|68\/100 tox|[from] ability: Poison Heal\n|upkeep\n|\n|t:|1699752528\n|switch|p2a: Swampert|Swampert-Mega, M|37\/100\n|-damage|p2a: Swampert|31\/100|[from] Stealth Rock\n|turn|15\n|\n|t:|1699752540\n|move|p1a: Breloom|Seed Bomb|p2a: Swampert\n|-supereffective|p2a: Swampert\n|-damage|p2a: Swampert|0 fnt\n|faint|p2a: Swampert\n|\n|win|py123456\n|raw|py123456's rating: 1111 &rarr; <strong>1133<\/strong><br \/>(+22 for winning)\n|raw|Luizindograu69's rating: 1065 &rarr; <strong>1048<\/strong><br \/>(-17 for losing)\n","uploadtime":1699752546,"views":6,"p1id":"py123456","p2id":"luizindograu69","formatid":"gen9nationaldex","rating":1048,"private":0,"password":""}