{"id":"gen9nationaldex-1990236516","p1":"Llwarm","p2":"BanZui","format":"[Gen 9] National Dex","log":"|j|\u2606Llwarm\n|j|\u2606BanZui\n|t:|1699942120\n|gametype|singles\n|player|p1|Llwarm|2|1350\n|player|p2|BanZui|may-contest|1267\n|teamsize|p1|6\n|teamsize|p2|6\n|gen|9\n|tier|[Gen 9] National Dex\n|rated|\n|rule|HP Percentage Mod: HP is shown in percentages\n|rule|Endless Battle Clause: Forcing endless battles is banned\n|rule|OHKO Clause: OHKO moves are banned\n|rule|Evasion Clause: Evasion abilities, items, and moves are banned\n|rule|Evasion Abilities Clause: Evasion abilities are banned\n|rule|Evasion Items Clause: Evasion items are banned\n|rule|Evasion Moves Clause: Evasion moves are banned\n|rule|Species Clause: Limit one of each Pok\u00e9mon\n|rule|Sleep Clause Mod: Limit one foe put to sleep\n|clearpoke\n|poke|p1|Pelipper, M|\n|poke|p1|Crawdaunt, F|\n|poke|p1|Great Tusk|\n|poke|p1|Gliscor, F|\n|poke|p1|Basculegion-F, F|\n|poke|p1|Clodsire, M|\n|poke|p2|Venusaur, F|\n|poke|p2|Infernape, M|\n|poke|p2|Vikavolt, M|\n|poke|p2|Blastoise, M|\n|poke|p2|Clodsire, M|\n|poke|p2|Sneasler, F|\n|teampreview\n|inactive|Battle timer is ON: inactive players will automatically lose when time's up. (requested by BanZui)\n|\n|t:|1699942135\n|start\n|switch|p1a: Gliscor|Gliscor, F|100\/100\n|switch|p2a: \u94f6\u8272\u6218\u8f66|Vikavolt, M, shiny|100\/100\n|turn|1\n|\n|t:|1699942144\n|move|p1a: Gliscor|Stealth Rock|p2a: \u94f6\u8272\u6218\u8f66\n|-sidestart|p2: BanZui|move: Stealth Rock\n|move|p2a: \u94f6\u8272\u6218\u8f66|Sticky Web|p1a: Gliscor\n|-sidestart|p1: Llwarm|move: Sticky Web\n|\n|-status|p1a: Gliscor|tox|[from] item: Toxic Orb\n|upkeep\n|turn|2\n|\n|t:|1699942166\n|move|p1a: Gliscor|U-turn|p2a: \u94f6\u8272\u6218\u8f66\n|-damage|p2a: \u94f6\u8272\u6218\u8f66|82\/100\n|\n|t:|1699942173\n|switch|p1a: Great Tusk|Great Tusk|100\/100|[from] U-turn\n|-activate|p1a: Great Tusk|move: Sticky Web\n|-unboost|p1a: Great Tusk|spe|1\n|move|p2a: \u94f6\u8272\u6218\u8f66|Bug Buzz|p1a: Great Tusk\n|-resisted|p1a: Great Tusk\n|-damage|p1a: Great Tusk|78\/100\n|\n|upkeep\n|turn|3\n|\n|t:|1699942183\n|switch|p2a: \u7d2b\u8272\u9690\u8005|Blastoise, M, shiny|100\/100\n|-damage|p2a: \u7d2b\u8272\u9690\u8005|88\/100|[from] Stealth Rock\n|move|p1a: Great Tusk|Rapid Spin|p2a: \u7d2b\u8272\u9690\u8005\n|-damage|p2a: \u7d2b\u8272\u9690\u8005|76\/100\n|-boost|p1a: Great Tusk|spe|1\n|-damage|p1a: Great Tusk|62\/100|[from] item: Rocky Helmet|[of] p2a: \u7d2b\u8272\u9690\u8005\n|-sideend|p1: Llwarm|Sticky Web|[from] move: Rapid Spin|[of] p1a: Great Tusk\n|\n|upkeep\n|turn|4\n|\n|t:|1699942209\n|move|p1a: Great Tusk|Close Combat|p2a: \u7d2b\u8272\u9690\u8005\n|-damage|p2a: \u7d2b\u8272\u9690\u8005|29\/100\n|-unboost|p1a: Great Tusk|def|1\n|-unboost|p1a: Great Tusk|spd|1\n|-damage|p1a: Great Tusk|45\/100|[from] item: Rocky Helmet|[of] p2a: \u7d2b\u8272\u9690\u8005\n|move|p2a: \u7d2b\u8272\u9690\u8005|Rapid Spin|p1a: Great Tusk\n|-damage|p1a: Great Tusk|36\/100\n|-boost|p2a: \u7d2b\u8272\u9690\u8005|spe|1\n|-sideend|p2: BanZui|Stealth Rock|[from] move: Rapid Spin|[of] p2a: \u7d2b\u8272\u9690\u8005\n|\n|upkeep\n|turn|5\n|\n|t:|1699942223\n|move|p2a: \u7d2b\u8272\u9690\u8005|Toxic|p1a: Great Tusk\n|-status|p1a: Great Tusk|tox\n|move|p1a: Great Tusk|Rapid Spin|p2a: \u7d2b\u8272\u9690\u8005\n|-damage|p2a: \u7d2b\u8272\u9690\u8005|16\/100\n|-boost|p1a: Great Tusk|spe|1\n|-damage|p1a: Great Tusk|20\/100 tox|[from] item: Rocky Helmet|[of] p2a: \u7d2b\u8272\u9690\u8005\n|\n|-damage|p1a: Great Tusk|13\/100 tox|[from] psn\n|upkeep\n|turn|6\n|\n|t:|1699942233\n|move|p1a: Great Tusk|Close Combat|p2a: \u7d2b\u8272\u9690\u8005\n|-damage|p2a: \u7d2b\u8272\u9690\u8005|0 fnt\n|-unboost|p1a: Great Tusk|def|1\n|-unboost|p1a: Great Tusk|spd|1\n|-damage|p1a: Great Tusk|0 fnt|[from] item: Rocky Helmet|[of] p2a: \u7d2b\u8272\u9690\u8005\n|faint|p2a: \u7d2b\u8272\u9690\u8005\n|faint|p1a: Great Tusk\n|-end|p1a: Great Tusk|Protosynthesis|[silent]\n|\n|upkeep\n|\n|t:|1699942247\n|switch|p1a: Gliscor|Gliscor, F|100\/100 tox\n|switch|p2a: \u94f6\u8272\u6218\u8f66|Vikavolt, M, shiny|82\/100\n|turn|7\n|\n|t:|1699942262\n|switch|p2a: \u767d\u91d1\u4e4b\u661f|Sneasler, F, shiny|100\/100\n|move|p1a: Gliscor|Stealth Rock|p2a: \u767d\u91d1\u4e4b\u661f\n|-sidestart|p2: BanZui|move: Stealth Rock\n|\n|upkeep\n|turn|8\n|\n|t:|1699942271\n|move|p2a: \u767d\u91d1\u4e4b\u661f|Endure|p2a: \u767d\u91d1\u4e4b\u661f\n|-singleturn|p2a: \u767d\u91d1\u4e4b\u661f|move: Endure\n|move|p1a: Gliscor|Earthquake|p2a: \u767d\u91d1\u4e4b\u661f\n|-supereffective|p2a: \u767d\u91d1\u4e4b\u661f\n|-activate|p2a: \u767d\u91d1\u4e4b\u661f|move: Endure\n|-damage|p2a: \u767d\u91d1\u4e4b\u661f|1\/100\n|-enditem|p2a: \u767d\u91d1\u4e4b\u661f|Liechi Berry|[eat]\n|-boost|p2a: \u767d\u91d1\u4e4b\u661f|atk|1|[from] item: Liechi Berry\n|\n|upkeep\n|turn|9\n|\n|t:|1699942297\n|-terastallize|p2a: \u767d\u91d1\u4e4b\u661f|Flying\n|move|p2a: \u767d\u91d1\u4e4b\u661f|Acrobatics|p1a: Gliscor\n|-damage|p1a: Gliscor|40\/100 tox\n|move|p1a: Gliscor|U-turn|p2a: \u767d\u91d1\u4e4b\u661f\n|-resisted|p2a: \u767d\u91d1\u4e4b\u661f\n|-damage|p2a: \u767d\u91d1\u4e4b\u661f|0 fnt\n|faint|p2a: \u767d\u91d1\u4e4b\u661f\n|\n|t:|1699942305\n|switch|p1a: Pelipper|Pelipper, M|100\/100|[from] U-turn\n|-weather|RainDance|[from] ability: Drizzle|[of] p1a: Pelipper\n|\n|-weather|RainDance|[upkeep]\n|upkeep\n|\n|t:|1699942314\n|switch|p2a: \u94f6\u8272\u6218\u8f66|Vikavolt, M, shiny|82\/100\n|-damage|p2a: \u94f6\u8272\u6218\u8f66|57\/100|[from] Stealth Rock\n|turn|10\n|\n|t:|1699942336\n|switch|p1a: Clodsire|Clodsire, M|100\/100\n|move|p2a: \u94f6\u8272\u6218\u8f66|Sticky Web|p1a: Clodsire\n|-sidestart|p1: Llwarm|move: Sticky Web\n|\n|-weather|RainDance|[upkeep]\n|upkeep\n|turn|11\n|\n|t:|1699942346\n|move|p2a: \u94f6\u8272\u6218\u8f66|Bug Buzz|p1a: Clodsire\n|-resisted|p1a: Clodsire\n|-damage|p1a: Clodsire|88\/100\n|move|p1a: Clodsire|Toxic|p2a: \u94f6\u8272\u6218\u8f66\n|-status|p2a: \u94f6\u8272\u6218\u8f66|tox\n|\n|-weather|RainDance|[upkeep]\n|-heal|p1a: Clodsire|94\/100|[from] item: Leftovers\n|-damage|p2a: \u94f6\u8272\u6218\u8f66|51\/100 tox|[from] psn\n|upkeep\n|turn|12\n|\n|t:|1699942361\n|switch|p2a: \u7eff\u4e4b\u6cd5\u7687|Venusaur, F, shiny|100\/100\n|-damage|p2a: \u7eff\u4e4b\u6cd5\u7687|88\/100|[from] Stealth Rock\n|move|p1a: Clodsire|Earthquake|p2a: \u7eff\u4e4b\u6cd5\u7687\n|-damage|p2a: \u7eff\u4e4b\u6cd5\u7687|59\/100\n|\n|-weather|RainDance|[upkeep]\n|-heal|p1a: Clodsire|99\/100|[from] item: Leftovers\n|upkeep\n|turn|13\n|\n|t:|1699942374\n|detailschange|p2a: \u7eff\u4e4b\u6cd5\u7687|Venusaur-Mega, F, shiny\n|-mega|p2a: \u7eff\u4e4b\u6cd5\u7687|Venusaur|Venusaurite\n|move|p2a: \u7eff\u4e4b\u6cd5\u7687|Giga Drain|p1a: Clodsire\n|-damage|p1a: Clodsire|79\/100\n|-heal|p2a: \u7eff\u4e4b\u6cd5\u7687|73\/100|[from] drain|[of] p1a: Clodsire\n|move|p1a: Clodsire|Recover|p1a: Clodsire\n|-heal|p1a: Clodsire|100\/100\n|\n|-weather|RainDance|[upkeep]\n|upkeep\n|turn|14\n|\n|t:|1699942387\n|move|p2a: \u7eff\u4e4b\u6cd5\u7687|Hidden Power|p1a: Clodsire\n|-supereffective|p1a: Clodsire\n|-damage|p1a: Clodsire|78\/100\n|move|p1a: Clodsire|Earthquake|p2a: \u7eff\u4e4b\u6cd5\u7687\n|-damage|p2a: \u7eff\u4e4b\u6cd5\u7687|52\/100\n|\n|-weather|RainDance|[upkeep]\n|-heal|p1a: Clodsire|84\/100|[from] item: Leftovers\n|upkeep\n|turn|15\n|\n|t:|1699942395\n|move|p2a: \u7eff\u4e4b\u6cd5\u7687|Giga Drain|p1a: Clodsire\n|-damage|p1a: Clodsire|62\/100\n|-heal|p2a: \u7eff\u4e4b\u6cd5\u7687|67\/100|[from] drain|[of] p1a: Clodsire\n|move|p1a: Clodsire|Earthquake|p2a: \u7eff\u4e4b\u6cd5\u7687\n|-damage|p2a: \u7eff\u4e4b\u6cd5\u7687|44\/100\n|\n|-weather|RainDance|[upkeep]\n|-heal|p1a: Clodsire|68\/100|[from] item: Leftovers\n|upkeep\n|turn|16\n|\n|t:|1699942403\n|move|p2a: \u7eff\u4e4b\u6cd5\u7687|Giga Drain|p1a: Clodsire\n|-damage|p1a: Clodsire|48\/100\n|-heal|p2a: \u7eff\u4e4b\u6cd5\u7687|57\/100|[from] drain|[of] p1a: Clodsire\n|move|p1a: Clodsire|Earthquake|p2a: \u7eff\u4e4b\u6cd5\u7687\n|-damage|p2a: \u7eff\u4e4b\u6cd5\u7687|37\/100\n|\n|-weather|none\n|-heal|p1a: Clodsire|54\/100|[from] item: Leftovers\n|upkeep\n|turn|17\n|\n|t:|1699942413\n|move|p2a: \u7eff\u4e4b\u6cd5\u7687|Synthesis|p2a: \u7eff\u4e4b\u6cd5\u7687\n|-heal|p2a: \u7eff\u4e4b\u6cd5\u7687|87\/100\n|move|p1a: Clodsire|Earthquake|p2a: \u7eff\u4e4b\u6cd5\u7687\n|-damage|p2a: \u7eff\u4e4b\u6cd5\u7687|66\/100\n|\n|-heal|p1a: Clodsire|60\/100|[from] item: Leftovers\n|upkeep\n|turn|18\n|\n|t:|1699942420\n|move|p2a: \u7eff\u4e4b\u6cd5\u7687|Giga Drain|p1a: Clodsire\n|-crit|p1a: Clodsire\n|-damage|p1a: Clodsire|28\/100\n|-heal|p2a: \u7eff\u4e4b\u6cd5\u7687|86\/100|[from] drain|[of] p1a: Clodsire\n|move|p1a: Clodsire|Earthquake|p2a: \u7eff\u4e4b\u6cd5\u7687\n|-damage|p2a: \u7eff\u4e4b\u6cd5\u7687|64\/100\n|\n|-heal|p1a: Clodsire|34\/100|[from] item: Leftovers\n|upkeep\n|turn|19\n|\n|t:|1699942428\n|move|p2a: \u7eff\u4e4b\u6cd5\u7687|Giga Drain|p1a: Clodsire\n|-damage|p1a: Clodsire|14\/100\n|-heal|p2a: \u7eff\u4e4b\u6cd5\u7687|77\/100|[from] drain|[of] p1a: Clodsire\n|move|p1a: Clodsire|Recover|p1a: Clodsire\n|-heal|p1a: Clodsire|64\/100\n|\n|-heal|p1a: Clodsire|71\/100|[from] item: Leftovers\n|upkeep\n|turn|20\n|\n|t:|1699942436\n|move|p2a: \u7eff\u4e4b\u6cd5\u7687|Giga Drain|p1a: Clodsire\n|-damage|p1a: Clodsire|49\/100\n|-heal|p2a: \u7eff\u4e4b\u6cd5\u7687|90\/100|[from] drain|[of] p1a: Clodsire\n|move|p1a: Clodsire|Recover|p1a: Clodsire\n|-heal|p1a: Clodsire|99\/100\n|\n|-heal|p1a: Clodsire|100\/100|[from] item: Leftovers\n|upkeep\n|turn|21\n|\n|t:|1699942451\n|switch|p1a: Pelipper|Pelipper, M|100\/100\n|-weather|RainDance|[from] ability: Drizzle|[of] p1a: Pelipper\n|move|p2a: \u7eff\u4e4b\u6cd5\u7687|Hidden Power|p1a: Pelipper\n|-damage|p1a: Pelipper|70\/100\n|\n|-weather|RainDance|[upkeep]\n|upkeep\n|turn|22\n|\n|t:|1699942460\n|switch|p2a: \u611a\u8005|Clodsire, M, shiny|100\/100\n|-damage|p2a: \u611a\u8005|94\/100|[from] Stealth Rock\n|move|p1a: Pelipper|Hurricane|p2a: \u611a\u8005\n|-damage|p2a: \u611a\u8005|75\/100\n|\n|-weather|RainDance|[upkeep]\n|-heal|p2a: \u611a\u8005|81\/100|[from] item: Leftovers\n|upkeep\n|turn|23\n|\n|t:|1699942469\n|switch|p1a: Gliscor|Gliscor, F|40\/100 tox\n|move|p2a: \u611a\u8005|Stealth Rock|p1a: Gliscor\n|-sidestart|p1: Llwarm|move: Stealth Rock\n|\n|-weather|RainDance|[upkeep]\n|-heal|p2a: \u611a\u8005|87\/100|[from] item: Leftovers\n|-heal|p1a: Gliscor|53\/100 tox|[from] ability: Poison Heal\n|upkeep\n|turn|24\n|\n|t:|1699942479\n|switch|p2a: \u94f6\u8272\u6218\u8f66|Vikavolt, M, shiny|51\/100 tox\n|-damage|p2a: \u94f6\u8272\u6218\u8f66|27\/100 tox|[from] Stealth Rock\n|move|p1a: Gliscor|Earthquake|p2a: \u94f6\u8272\u6218\u8f66\n|-immune|p2a: \u94f6\u8272\u6218\u8f66|[from] ability: Levitate\n|\n|-weather|RainDance|[upkeep]\n|-heal|p1a: Gliscor|65\/100 tox|[from] ability: Poison Heal\n|-damage|p2a: \u94f6\u8272\u6218\u8f66|20\/100 tox|[from] psn\n|upkeep\n|turn|25\n|\n|t:|1699942491\n|move|p1a: Gliscor|Protect|p1a: Gliscor\n|-singleturn|p1a: Gliscor|Protect\n|move|p2a: \u94f6\u8272\u6218\u8f66|Bug Buzz|p1a: Gliscor\n|-activate|p1a: Gliscor|move: Protect\n|\n|-weather|RainDance|[upkeep]\n|-heal|p1a: Gliscor|78\/100 tox|[from] ability: Poison Heal\n|-damage|p2a: \u94f6\u8272\u6218\u8f66|8\/100 tox|[from] psn\n|upkeep\n|turn|26\n|\n|t:|1699942505\n|move|p1a: Gliscor|U-turn|p2a: \u94f6\u8272\u6218\u8f66\n|-damage|p2a: \u94f6\u8272\u6218\u8f66|0 fnt\n|faint|p2a: \u94f6\u8272\u6218\u8f66\n|\n|t:|1699942512\n|switch|p1a: Clodsire|Clodsire, M|100\/100|[from] U-turn\n|-activate|p1a: Clodsire|move: Sticky Web\n|-unboost|p1a: Clodsire|spe|1\n|-damage|p1a: Clodsire|94\/100|[from] Stealth Rock\n|\n|-weather|RainDance|[upkeep]\n|-heal|p1a: Clodsire|100\/100|[from] item: Leftovers\n|upkeep\n|\n|t:|1699942534\n|switch|p2a: \u7eff\u4e4b\u6cd5\u7687|Venusaur-Mega, F, shiny|90\/100\n|-damage|p2a: \u7eff\u4e4b\u6cd5\u7687|78\/100|[from] Stealth Rock\n|turn|27\n|\n|t:|1699942561\n|move|p2a: \u7eff\u4e4b\u6cd5\u7687|Giga Drain|p1a: Clodsire\n|-damage|p1a: Clodsire|77\/100\n|-heal|p2a: \u7eff\u4e4b\u6cd5\u7687|93\/100|[from] drain|[of] p1a: Clodsire\n|move|p1a: Clodsire|Earthquake|p2a: \u7eff\u4e4b\u6cd5\u7687\n|-damage|p2a: \u7eff\u4e4b\u6cd5\u7687|71\/100\n|\n|-weather|RainDance|[upkeep]\n|-heal|p1a: Clodsire|83\/100|[from] item: Leftovers\n|upkeep\n|turn|28\n|\n|t:|1699942575\n|move|p2a: \u7eff\u4e4b\u6cd5\u7687|Giga Drain|p1a: Clodsire\n|-damage|p1a: Clodsire|63\/100\n|-heal|p2a: \u7eff\u4e4b\u6cd5\u7687|85\/100|[from] drain|[of] p1a: Clodsire\n|move|p1a: Clodsire|Earthquake|p2a: \u7eff\u4e4b\u6cd5\u7687\n|-damage|p2a: \u7eff\u4e4b\u6cd5\u7687|64\/100\n|\n|-weather|none\n|-heal|p1a: Clodsire|69\/100|[from] item: Leftovers\n|upkeep\n|turn|29\n|\n|t:|1699942588\n|switch|p1a: Pelipper|Pelipper, M|70\/100\n|-damage|p1a: Pelipper|46\/100|[from] Stealth Rock\n|-weather|RainDance|[from] ability: Drizzle|[of] p1a: Pelipper\n|move|p2a: \u7eff\u4e4b\u6cd5\u7687|Hidden Power|p1a: Pelipper\n|-damage|p1a: Pelipper|14\/100\n|\n|-weather|RainDance|[upkeep]\n|upkeep\n|turn|30\n|\n|t:|1699942599\n|move|p2a: \u7eff\u4e4b\u6cd5\u7687|Giga Drain|p1a: Pelipper\n|-damage|p1a: Pelipper|0 fnt\n|-heal|p2a: \u7eff\u4e4b\u6cd5\u7687|70\/100|[from] drain|[of] p1a: Pelipper\n|faint|p1a: Pelipper\n|\n|-weather|RainDance|[upkeep]\n|upkeep\n|\n|t:|1699942605\n|switch|p1a: Basculegion|Basculegion-F, F|100\/100\n|-activate|p1a: Basculegion|move: Sticky Web\n|-unboost|p1a: Basculegion|spe|1\n|-damage|p1a: Basculegion|88\/100|[from] Stealth Rock\n|turn|31\n|\n|t:|1699942612\n|move|p1a: Basculegion|Ice Beam|p2a: \u7eff\u4e4b\u6cd5\u7687\n|-supereffective|p2a: \u7eff\u4e4b\u6cd5\u7687\n|-damage|p2a: \u7eff\u4e4b\u6cd5\u7687|41\/100\n|move|p2a: \u7eff\u4e4b\u6cd5\u7687|Giga Drain|p1a: Basculegion\n|-supereffective|p1a: Basculegion\n|-damage|p1a: Basculegion|0 fnt\n|-heal|p2a: \u7eff\u4e4b\u6cd5\u7687|86\/100|[from] drain|[of] p1a: Basculegion\n|faint|p1a: Basculegion\n|\n|-weather|RainDance|[upkeep]\n|upkeep\n|\n|t:|1699942624\n|switch|p1a: Clodsire|Clodsire, M|69\/100\n|-activate|p1a: Clodsire|move: Sticky Web\n|-unboost|p1a: Clodsire|spe|1\n|-damage|p1a: Clodsire|63\/100|[from] Stealth Rock\n|turn|32\n|\n|t:|1699942631\n|move|p2a: \u7eff\u4e4b\u6cd5\u7687|Hidden Power|p1a: Clodsire\n|-supereffective|p1a: Clodsire\n|-damage|p1a: Clodsire|39\/100\n|move|p1a: Clodsire|Earthquake|p2a: \u7eff\u4e4b\u6cd5\u7687\n|-damage|p2a: \u7eff\u4e4b\u6cd5\u7687|66\/100\n|\n|-weather|RainDance|[upkeep]\n|-heal|p1a: Clodsire|46\/100|[from] item: Leftovers\n|upkeep\n|turn|33\n|\n|t:|1699942640\n|move|p2a: \u7eff\u4e4b\u6cd5\u7687|Hidden Power|p1a: Clodsire\n|-supereffective|p1a: Clodsire\n|-damage|p1a: Clodsire|21\/100\n|move|p1a: Clodsire|Recover|p1a: Clodsire\n|-heal|p1a: Clodsire|71\/100\n|\n|-weather|RainDance|[upkeep]\n|-heal|p1a: Clodsire|77\/100|[from] item: Leftovers\n|upkeep\n|turn|34\n|\n|t:|1699942650\n|-terastallize|p1a: Clodsire|Dark\n|move|p2a: \u7eff\u4e4b\u6cd5\u7687|Hidden Power|p1a: Clodsire\n|-damage|p1a: Clodsire|65\/100\n|move|p1a: Clodsire|Earthquake|p2a: \u7eff\u4e4b\u6cd5\u7687\n|-damage|p2a: \u7eff\u4e4b\u6cd5\u7687|46\/100\n|\n|-weather|RainDance|[upkeep]\n|-heal|p1a: Clodsire|71\/100|[from] item: Leftovers\n|upkeep\n|turn|35\n|\n|t:|1699942659\n|move|p2a: \u7eff\u4e4b\u6cd5\u7687|Synthesis|p2a: \u7eff\u4e4b\u6cd5\u7687\n|-heal|p2a: \u7eff\u4e4b\u6cd5\u7687|71\/100\n|move|p1a: Clodsire|Earthquake|p2a: \u7eff\u4e4b\u6cd5\u7687\n|-damage|p2a: \u7eff\u4e4b\u6cd5\u7687|48\/100\n|\n|-weather|RainDance|[upkeep]\n|-heal|p1a: Clodsire|78\/100|[from] item: Leftovers\n|upkeep\n|turn|36\n|\n|t:|1699942666\n|move|p2a: \u7eff\u4e4b\u6cd5\u7687|Synthesis|p2a: \u7eff\u4e4b\u6cd5\u7687\n|-heal|p2a: \u7eff\u4e4b\u6cd5\u7687|73\/100\n|move|p1a: Clodsire|Earthquake|p2a: \u7eff\u4e4b\u6cd5\u7687\n|-damage|p2a: \u7eff\u4e4b\u6cd5\u7687|50\/100\n|\n|-weather|none\n|-heal|p1a: Clodsire|84\/100|[from] item: Leftovers\n|upkeep\n|turn|37\n|\n|t:|1699942678\n|move|p2a: \u7eff\u4e4b\u6cd5\u7687|Synthesis|p2a: \u7eff\u4e4b\u6cd5\u7687\n|-heal|p2a: \u7eff\u4e4b\u6cd5\u7687|99\/100\n|move|p1a: Clodsire|Earthquake|p2a: \u7eff\u4e4b\u6cd5\u7687\n|-damage|p2a: \u7eff\u4e4b\u6cd5\u7687|80\/100\n|\n|-heal|p1a: Clodsire|90\/100|[from] item: Leftovers\n|upkeep\n|turn|38\n|\n|t:|1699942686\n|move|p2a: \u7eff\u4e4b\u6cd5\u7687|Sludge Bomb|p1a: Clodsire\n|-damage|p1a: Clodsire|64\/100\n|move|p1a: Clodsire|Earthquake|p2a: \u7eff\u4e4b\u6cd5\u7687\n|-damage|p2a: \u7eff\u4e4b\u6cd5\u7687|59\/100\n|\n|-heal|p1a: Clodsire|70\/100|[from] item: Leftovers\n|upkeep\n|turn|39\n|\n|t:|1699942698\n|move|p2a: \u7eff\u4e4b\u6cd5\u7687|Synthesis|p2a: \u7eff\u4e4b\u6cd5\u7687\n|-heal|p2a: \u7eff\u4e4b\u6cd5\u7687|100\/100\n|move|p1a: Clodsire|Earthquake|p2a: \u7eff\u4e4b\u6cd5\u7687\n|-damage|p2a: \u7eff\u4e4b\u6cd5\u7687|80\/100\n|\n|-heal|p1a: Clodsire|76\/100|[from] item: Leftovers\n|upkeep\n|turn|40\n|\n|t:|1699942713\n|move|p2a: \u7eff\u4e4b\u6cd5\u7687|Sludge Bomb|p1a: Clodsire\n|-damage|p1a: Clodsire|51\/100\n|move|p1a: Clodsire|Earthquake|p2a: \u7eff\u4e4b\u6cd5\u7687\n|-damage|p2a: \u7eff\u4e4b\u6cd5\u7687|57\/100\n|\n|-heal|p1a: Clodsire|57\/100|[from] item: Leftovers\n|upkeep\n|turn|41\n|\n|t:|1699942721\n|move|p2a: \u7eff\u4e4b\u6cd5\u7687|Giga Drain|p1a: Clodsire\n|-damage|p1a: Clodsire|35\/100\n|-heal|p2a: \u7eff\u4e4b\u6cd5\u7687|71\/100|[from] drain|[of] p1a: Clodsire\n|move|p1a: Clodsire|Recover|p1a: Clodsire\n|-heal|p1a: Clodsire|85\/100\n|\n|-heal|p1a: Clodsire|91\/100|[from] item: Leftovers\n|upkeep\n|turn|42\n|\n|t:|1699942730\n|move|p2a: \u7eff\u4e4b\u6cd5\u7687|Sludge Bomb|p1a: Clodsire\n|-damage|p1a: Clodsire|64\/100\n|move|p1a: Clodsire|Stealth Rock||[still]\n|-fail|p1a: Clodsire\n|\n|-heal|p1a: Clodsire|70\/100|[from] item: Leftovers\n|upkeep\n|turn|43\n|\n|t:|1699942745\n|move|p2a: \u7eff\u4e4b\u6cd5\u7687|Sludge Bomb|p1a: Clodsire\n|-damage|p1a: Clodsire|44\/100\n|move|p1a: Clodsire|Stealth Rock||[still]\n|-fail|p1a: Clodsire\n|\n|-heal|p1a: Clodsire|51\/100|[from] item: Leftovers\n|upkeep\n|turn|44\n|\n|t:|1699942751\n|move|p2a: \u7eff\u4e4b\u6cd5\u7687|Sludge Bomb|p1a: Clodsire\n|-damage|p1a: Clodsire|25\/100\n|move|p1a: Clodsire|Recover|p1a: Clodsire\n|-heal|p1a: Clodsire|75\/100\n|\n|-heal|p1a: Clodsire|81\/100|[from] item: Leftovers\n|upkeep\n|turn|45\n|c|\u2606BanZui|\u8fd9\u4e0d\u70b9\u554a\n|\n|t:|1699942759\n|move|p2a: \u7eff\u4e4b\u6cd5\u7687|Sludge Bomb|p1a: Clodsire\n|-damage|p1a: Clodsire|54\/100\n|move|p1a: Clodsire|Stealth Rock||[still]\n|-fail|p1a: Clodsire\n|\n|-heal|p1a: Clodsire|60\/100|[from] item: Leftovers\n|upkeep\n|turn|46\n|\n|t:|1699942766\n|move|p2a: \u7eff\u4e4b\u6cd5\u7687|Sludge Bomb|p1a: Clodsire\n|-damage|p1a: Clodsire|36\/100\n|move|p1a: Clodsire|Stealth Rock||[still]\n|-fail|p1a: Clodsire\n|\n|-heal|p1a: Clodsire|42\/100|[from] item: Leftovers\n|upkeep\n|turn|47\n|\n|t:|1699942773\n|move|p2a: \u7eff\u4e4b\u6cd5\u7687|Synthesis|p2a: \u7eff\u4e4b\u6cd5\u7687\n|-heal|p2a: \u7eff\u4e4b\u6cd5\u7687|100\/100\n|move|p1a: Clodsire|Recover|p1a: Clodsire\n|-heal|p1a: Clodsire|92\/100\n|\n|-heal|p1a: Clodsire|98\/100|[from] item: Leftovers\n|upkeep\n|turn|48\n|\n|t:|1699942780\n|move|p2a: \u7eff\u4e4b\u6cd5\u7687|Sludge Bomb|p1a: Clodsire\n|-damage|p1a: Clodsire|74\/100\n|move|p1a: Clodsire|Stealth Rock||[still]\n|-fail|p1a: Clodsire\n|\n|-heal|p1a: Clodsire|80\/100|[from] item: Leftovers\n|upkeep\n|turn|49\n|\n|t:|1699942786\n|move|p2a: \u7eff\u4e4b\u6cd5\u7687|Sludge Bomb|p1a: Clodsire\n|-damage|p1a: Clodsire|55\/100\n|move|p1a: Clodsire|Stealth Rock||[still]\n|-fail|p1a: Clodsire\n|\n|-heal|p1a: Clodsire|61\/100|[from] item: Leftovers\n|upkeep\n|turn|50\n|\n|t:|1699942792\n|move|p2a: \u7eff\u4e4b\u6cd5\u7687|Sludge Bomb|p1a: Clodsire\n|-damage|p1a: Clodsire|37\/100\n|move|p1a: Clodsire|Stealth Rock||[still]\n|-fail|p1a: Clodsire\n|\n|-heal|p1a: Clodsire|43\/100|[from] item: Leftovers\n|upkeep\n|turn|51\n|\n|t:|1699942799\n|move|p2a: \u7eff\u4e4b\u6cd5\u7687|Sludge Bomb|p1a: Clodsire\n|-damage|p1a: Clodsire|16\/100\n|-status|p1a: Clodsire|psn\n|move|p1a: Clodsire|Recover|p1a: Clodsire\n|-heal|p1a: Clodsire|66\/100 psn\n|\n|-heal|p1a: Clodsire|72\/100 psn|[from] item: Leftovers\n|-damage|p1a: Clodsire|60\/100 psn|[from] psn\n|upkeep\n|turn|52\n|\n|t:|1699942809\n|move|p2a: \u7eff\u4e4b\u6cd5\u7687|Sludge Bomb|p1a: Clodsire\n|-damage|p1a: Clodsire|34\/100 psn\n|move|p1a: Clodsire|Stealth Rock||[still]\n|-fail|p1a: Clodsire\n|\n|-heal|p1a: Clodsire|40\/100 psn|[from] item: Leftovers\n|-damage|p1a: Clodsire|27\/100 psn|[from] psn\n|upkeep\n|turn|53\n|\n|t:|1699942817\n|move|p2a: \u7eff\u4e4b\u6cd5\u7687|Sludge Bomb|p1a: Clodsire\n|-damage|p1a: Clodsire|0 fnt\n|faint|p1a: Clodsire\n|\n|upkeep\n|\n|t:|1699942821\n|switch|p1a: Crawdaunt|Crawdaunt, F|100\/100\n|-activate|p1a: Crawdaunt|move: Sticky Web\n|-unboost|p1a: Crawdaunt|spe|1\n|-damage|p1a: Crawdaunt|88\/100|[from] Stealth Rock\n|turn|54\n|\n|t:|1699942829\n|move|p2a: \u7eff\u4e4b\u6cd5\u7687|Giga Drain|p1a: Crawdaunt\n|-supereffective|p1a: Crawdaunt\n|-crit|p1a: Crawdaunt\n|-damage|p1a: Crawdaunt|0 fnt\n|faint|p1a: Crawdaunt\n|\n|upkeep\n|\n|t:|1699942834\n|switch|p1a: Gliscor|Gliscor, F|78\/100 tox\n|-damage|p1a: Gliscor|65\/100 tox|[from] Stealth Rock\n|turn|55\n|c|\u2606BanZui|gg\n|\n|t:|1699942841\n|move|p1a: Gliscor|Earthquake|p2a: \u7eff\u4e4b\u6cd5\u7687\n|-damage|p2a: \u7eff\u4e4b\u6cd5\u7687|74\/100\n|move|p2a: \u7eff\u4e4b\u6cd5\u7687|Hidden Power|p1a: Gliscor\n|-supereffective|p1a: Gliscor\n|-damage|p1a: Gliscor|0 fnt\n|faint|p1a: Gliscor\n|\n|win|BanZui\n|raw|Llwarm's rating: 1350 &rarr; <strong>1325<\/strong><br \/>(-25 for losing)\n|raw|BanZui's rating: 1267 &rarr; <strong>1298<\/strong><br \/>(+31 for winning)\n","uploadtime":1699942846,"views":7,"p1id":"llwarm","p2id":"banzui","formatid":"gen9nationaldex","rating":1298,"private":0,"password":""}