{"id":"gen9nationaldex-1995120745","p1":"TheMuj","p2":"Maeby Mitenaut","format":"[Gen 9] National Dex","log":"|html|<div class=\"broadcast-blue\"><strong>[Gen 9] National Dex is currently suspecting Sneasler! For information on how to participate check out the <a href=\"https:\/\/www.smogon.com\/forums\/threads\/sv-national-dex-suspect-8-just-dance.3731534\/\">suspect thread<\/a>.<\/strong><\/div>\n|j|\u2606TheMuj\n|j|\u2606Maeby Mitenaut\n|t:|1700524841\n|gametype|singles\n|player|p1|TheMuj|ghetsis|1121\n|player|p2|Maeby Mitenaut|dahlia|1171\n|teamsize|p1|6\n|teamsize|p2|6\n|gen|9\n|tier|[Gen 9] National Dex\n|rated|\n|rule|HP Percentage Mod: HP is shown in percentages\n|rule|Endless Battle Clause: Forcing endless battles is banned\n|rule|OHKO Clause: OHKO moves are banned\n|rule|Evasion Clause: Evasion abilities, items, and moves are banned\n|rule|Evasion Abilities Clause: Evasion abilities are banned\n|rule|Evasion Items Clause: Evasion items are banned\n|rule|Evasion Moves Clause: Evasion moves are banned\n|rule|Species Clause: Limit one of each Pok\u00e9mon\n|rule|Sleep Clause Mod: Limit one foe put to sleep\n|clearpoke\n|poke|p1|Pinsir, M|\n|poke|p1|Butterfree, M|\n|poke|p1|Vivillon-Pokeball, F|\n|poke|p1|Shuckle, F|\n|poke|p1|Scolipede, M|\n|poke|p1|Kleavor, F|\n|poke|p2|Raichu-Alola, F|\n|poke|p2|Clodsire, F|\n|poke|p2|Tapu Koko|\n|poke|p2|Arctozolt|\n|poke|p2|Iron Hands|\n|poke|p2|Ninetales-Alola, F|\n|teampreview\n|inactive|Battle timer is ON: inactive players will automatically lose when time's up. (requested by TheMuj)\n|inactive|Maeby Mitenaut has 120 seconds left.\n|\n|t:|1700524898\n|start\n|switch|p1a: Kleavor|Kleavor, F|100\/100\n|switch|p2a: 9er|Ninetales-Alola, F, shiny|100\/100\n|-weather|Snow|[from] ability: Snow Warning|[of] p2a: 9er\n|turn|1\n|\n|t:|1700524916\n|move|p2a: 9er|Aurora Veil|p2a: 9er\n|-sidestart|p2: Maeby Mitenaut|move: Aurora Veil\n|move|p1a: Kleavor|Stone Axe|p2a: 9er|[miss]\n|-miss|p1a: Kleavor|p2a: 9er\n|\n|-weather|Snow|[upkeep]\n|upkeep\n|turn|2\n|\n|t:|1700524939\n|switch|p2a: Bluck Buck|Tapu Koko, shiny|100\/100\n|-fieldstart|move: Electric Terrain|[from] ability: Electric Surge|[of] p2a: Bluck Buck\n|move|p1a: Kleavor|Stone Axe|p2a: Bluck Buck|[miss]\n|-miss|p1a: Kleavor|p2a: Bluck Buck\n|\n|-weather|Snow|[upkeep]\n|upkeep\n|turn|3\n|\n|t:|1700524948\n|move|p2a: Bluck Buck|Iron Head|p1a: Kleavor\n|-supereffective|p1a: Kleavor\n|-damage|p1a: Kleavor|44\/100\n|cant|p1a: Kleavor|flinch\n|\n|-weather|Snow|[upkeep]\n|-heal|p1a: Kleavor|50\/100|[from] item: Leftovers\n|upkeep\n|turn|4\n|c|\u2606TheMuj|brooooooo\n|\n|t:|1700524968\n|move|p2a: Bluck Buck|U-turn|p1a: Kleavor\n|-damage|p1a: Kleavor|27\/100\n|c|\u2606Maeby Mitenaut|lol i know right\n|c|\u2606Maeby Mitenaut|super unluck, those two misses\n|inactive|Maeby Mitenaut has 120 seconds left.\n|\n|t:|1700524993\n|switch|p2a: Gritty|Arctozolt, shiny|100\/100|[from] U-turn\n|move|p1a: Kleavor|Stone Axe|p2a: Gritty|[miss]\n|-miss|p1a: Kleavor|p2a: Gritty\n|\n|-weather|Snow|[upkeep]\n|-heal|p1a: Kleavor|33\/100|[from] item: Leftovers\n|upkeep\n|turn|5\n|\n|t:|1700525003\n|move|p2a: Gritty|Blizzard|p1a: Kleavor\n|-damage|p1a: Kleavor|0 fnt\n|faint|p1a: Kleavor\n|\n|-weather|Snow|[upkeep]\n|-sideend|p2: Maeby Mitenaut|move: Aurora Veil\n|upkeep\n|c|\u2606TheMuj|againnnnnn\n|c|\u2606TheMuj|howwwwwwwwwwwwww\n|\n|t:|1700525013\n|switch|p1a: Shuckle|Shuckle, F|100\/100\n|turn|6\n|c|\u2606Maeby Mitenaut|the showdown gods can be cruel...im sorry brother\n|inactive|Maeby Mitenaut has 120 seconds left.\n|\n|t:|1700525039\n|move|p2a: Gritty|Bolt Beak|p1a: Shuckle\n|-damage|p1a: Shuckle|40\/100\n|move|p1a: Shuckle|Sticky Web|p2a: Gritty\n|-sidestart|p2: Maeby Mitenaut|move: Sticky Web\n|\n|-weather|Snow|[upkeep]\n|-heal|p1a: Shuckle|46\/100|[from] item: Leftovers\n|upkeep\n|turn|7\n|inactive|Maeby Mitenaut has 120 seconds left.\n|inactive|TheMuj has 120 seconds left.\n|\n|t:|1700525079\n|move|p2a: Gritty|Bolt Beak|p1a: Shuckle\n|-damage|p1a: Shuckle|0 fnt\n|faint|p1a: Shuckle\n|\n|-weather|Snow|[upkeep]\n|upkeep\n|\n|t:|1700525095\n|switch|p1a: Butterfree|Butterfree, M|100\/100\n|turn|8\n|\n|t:|1700525102\n|move|p2a: Gritty|Blizzard|p1a: Butterfree\n|-supereffective|p1a: Butterfree\n|-damage|p1a: Butterfree|0 fnt\n|faint|p1a: Butterfree\n|\n|-weather|none\n|upkeep\n|\n|t:|1700525108\n|switch|p1a: Vivillon|Vivillon-Pokeball, F|100\/100\n|turn|9\n|\n|t:|1700525122\n|switch|p2a: 9er|Ninetales-Alola, F, shiny|100\/100\n|-activate|p2a: 9er|move: Sticky Web\n|-unboost|p2a: 9er|spe|1\n|-weather|Snow|[from] ability: Snow Warning|[of] p2a: 9er\n|move|p1a: Vivillon|Sleep Powder|p2a: 9er\n|-activate|p2a: 9er|move: Electric Terrain\n|\n|-weather|Snow|[upkeep]\n|-fieldend|move: Electric Terrain\n|upkeep\n|turn|10\n|inactive|TheMuj has 120 seconds left.\n|\n|t:|1700525136\n|switch|p2a: Bluck Buck|Tapu Koko, shiny|100\/100\n|-activate|p2a: Bluck Buck|move: Sticky Web\n|-unboost|p2a: Bluck Buck|spe|1\n|-fieldstart|move: Electric Terrain|[from] ability: Electric Surge|[of] p2a: Bluck Buck\n|move|p1a: Vivillon|Sleep Powder|p2a: Bluck Buck\n|-activate|p2a: Bluck Buck|move: Electric Terrain\n|\n|-weather|Snow|[upkeep]\n|upkeep\n|turn|11\n|inactive|TheMuj has 120 seconds left.\n|\n|t:|1700525153\n|switch|p2a: Big Pap\u00ed|Iron Hands|100\/100\n|-activate|p2a: Big Pap\u00ed|move: Sticky Web\n|-unboost|p2a: Big Pap\u00ed|spe|1\n|-activate|p2a: Big Pap\u00ed|ability: Quark Drive\n|-start|p2a: Big Pap\u00ed|quarkdriveatk\n|move|p1a: Vivillon|Hurricane|p2a: Big Pap\u00ed\n|-damage|p2a: Big Pap\u00ed|75\/100\n|\n|-weather|Snow|[upkeep]\n|upkeep\n|turn|12\n|inactive|TheMuj has 120 seconds left.\n|\n|t:|1700525165\n|move|p1a: Vivillon|Hurricane|p2a: Big Pap\u00ed\n|-damage|p2a: Big Pap\u00ed|46\/100\n|move|p2a: Big Pap\u00ed|Thunder Punch|p1a: Vivillon\n|-supereffective|p1a: Vivillon\n|-damage|p1a: Vivillon|0 fnt\n|faint|p1a: Vivillon\n|\n|-weather|Snow|[upkeep]\n|upkeep\n|inactive|TheMuj has 120 seconds left.\n|\n|t:|1700525177\n|switch|p1a: Scolipede|Scolipede, M|100\/100\n|turn|13\n|inactive|TheMuj has 120 seconds left.\n|c|\u2606Maeby Mitenaut|i do say - i love your all bug team\n|c|\u2606Maeby Mitenaut|i think thats rad as hell\n|\n|t:|1700525193\n|move|p1a: Scolipede|Swords Dance|p1a: Scolipede\n|-boost|p1a: Scolipede|atk|2\n|move|p2a: Big Pap\u00ed|Fire Punch|p1a: Scolipede\n|-supereffective|p1a: Scolipede\n|-enditem|p1a: Scolipede|Focus Sash\n|-damage|p1a: Scolipede|1\/100\n|-status|p1a: Scolipede|brn\n|\n|-weather|Snow|[upkeep]\n|-damage|p1a: Scolipede|0 fnt|[from] brn\n|faint|p1a: Scolipede\n|upkeep\n|c|\u2606TheMuj|yea\n|c|\u2606TheMuj|im testing it out rn\n|\n|t:|1700525206\n|switch|p1a: Pinsir|Pinsir, M|100\/100\n|turn|14\n|inactive|Maeby Mitenaut has 120 seconds left.\n|c|\u2606Maeby Mitenaut|vikavolt is a crazy mon if you can work him em\n|\n|t:|1700525249\n|detailschange|p1a: Pinsir|Pinsir-Mega, M\n|-mega|p1a: Pinsir|Pinsir|Pinsirite\n|move|p1a: Pinsir|Quick Attack|p2a: Big Pap\u00ed\n|-damage|p2a: Big Pap\u00ed|27\/100\n|move|p2a: Big Pap\u00ed|Fire Punch|p1a: Pinsir\n|-supereffective|p1a: Pinsir\n|-damage|p1a: Pinsir|15\/100\n|\n|-weather|Snow|[upkeep]\n|upkeep\n|turn|15\n|inactive|TheMuj has 120 seconds left.\n|\n|t:|1700525258\n|move|p1a: Pinsir|Quick Attack|p2a: Big Pap\u00ed\n|-damage|p2a: Big Pap\u00ed|9\/100\n|move|p2a: Big Pap\u00ed|Fire Punch|p1a: Pinsir\n|-supereffective|p1a: Pinsir\n|-damage|p1a: Pinsir|0 fnt\n|faint|p1a: Pinsir\n|\n|win|Maeby Mitenaut\n|raw|TheMuj's rating: 1121 &rarr; <strong>1100<\/strong><br \/>(-21 for losing)\n|raw|Maeby Mitenaut's rating: 1171 &rarr; <strong>1192<\/strong><br \/>(+21 for winning)\n|c|\u2606Maeby Mitenaut|ggz friend\n|c|\u2606TheMuj|gg\n|c|\u2606Maeby Mitenaut|good luck with the team hope to battle again!\n","uploadtime":1700525280,"views":2,"p1id":"themuj","p2id":"maebymitenaut","formatid":"gen9nationaldex","rating":1100,"private":0,"password":""}