{"id":"gen9nationaldex-1998136975","p1":"dhhdgdbdb2","p2":"dingf","format":"[Gen 9] National Dex","log":"|html|<div class=\"broadcast-blue\"><strong>[Gen 9] National Dex is currently suspecting Sneasler! For information on how to participate check out the <a href=\"https:\/\/www.smogon.com\/forums\/threads\/sv-national-dex-suspect-8-just-dance.3731534\/\">suspect thread<\/a>.<\/strong><\/div>\n|j|\u2606dhhdgdbdb2\n|j|\u2606dingf\n|t:|1700898306\n|gametype|singles\n|player|p1|dhhdgdbdb2|265|1350\n|player|p2|dingf|acerola|1474\n|teamsize|p1|6\n|teamsize|p2|6\n|gen|9\n|tier|[Gen 9] National Dex\n|rated|\n|rule|HP Percentage Mod: HP is shown in percentages\n|rule|Endless Battle Clause: Forcing endless battles is banned\n|rule|OHKO Clause: OHKO moves are banned\n|rule|Evasion Clause: Evasion abilities, items, and moves are banned\n|rule|Evasion Abilities Clause: Evasion abilities are banned\n|rule|Evasion Items Clause: Evasion items are banned\n|rule|Evasion Moves Clause: Evasion moves are banned\n|rule|Species Clause: Limit one of each Pok\u00e9mon\n|rule|Sleep Clause Mod: Limit one foe put to sleep\n|clearpoke\n|poke|p1|Ogerpon-Cornerstone, F|\n|poke|p1|Lopunny, M|\n|poke|p1|Rillaboom, M|\n|poke|p1|Clodsire, F|\n|poke|p1|Hoopa-Unbound|\n|poke|p1|Great Tusk|\n|poke|p2|Banette, F|\n|poke|p2|Mimikyu, M|\n|poke|p2|Froslass, F|\n|poke|p2|Chandelure, M|\n|poke|p2|Sinistcha-Masterpiece|\n|poke|p2|Aegislash, M|\n|teampreview\n|inactive|Battle timer is ON: inactive players will automatically lose when time's up. (requested by dhhdgdbdb2)\n|\n|t:|1700898321\n|start\n|switch|p1a: Lopunny|Lopunny, M|100\/100\n|switch|p2a: Mimikyu|Mimikyu, M, shiny|100\/100\n|turn|1\n|\n|t:|1700898326\n|detailschange|p1a: Lopunny|Lopunny-Mega, M\n|-mega|p1a: Lopunny|Lopunny|Lopunnite\n|move|p1a: Lopunny|Fake Out|p2a: Mimikyu\n|-activate|p2a: Mimikyu|ability: Disguise\n|-damage|p2a: Mimikyu|100\/100\n|detailschange|p2a: Mimikyu|Mimikyu-Busted, M, shiny\n|-damage|p2a: Mimikyu|88\/100|[from] pokemon: Mimikyu-Busted\n|cant|p2a: Mimikyu|flinch\n|\n|upkeep\n|turn|2\n|\n|t:|1700898336\n|move|p2a: Mimikyu|Endure|p2a: Mimikyu\n|-singleturn|p2a: Mimikyu|move: Endure\n|move|p1a: Lopunny|Frustration|p2a: Mimikyu\n|-activate|p2a: Mimikyu|move: Endure\n|-damage|p2a: Mimikyu|1\/100\n|\n|upkeep\n|turn|3\n|-enditem|p2a: Mimikyu|Custap Berry|[eat]\n|-activate|p2a: Mimikyu|item: Custap Berry|[consumed]\n|\n|t:|1700898345\n|move|p2a: Mimikyu|Destiny Bond|p2a: Mimikyu\n|-singlemove|p2a: Mimikyu|Destiny Bond\n|move|p1a: Lopunny|U-turn|p2a: Mimikyu\n|-resisted|p2a: Mimikyu\n|-damage|p2a: Mimikyu|0 fnt\n|faint|p2a: Mimikyu\n|-activate|p2a: Mimikyu|move: Destiny Bond\n|faint|p1a: Lopunny\n|\n|upkeep\n|\n|t:|1700898360\n|switch|p1a: Hoopa|Hoopa-Unbound|100\/100\n|switch|p2a: Froslass|Froslass, F, shiny|100\/100\n|turn|4\n|\n|t:|1700898364\n|move|p2a: Froslass|Spikes|p1a: Hoopa\n|-sidestart|p1: dhhdgdbdb2|Spikes\n|move|p1a: Hoopa|Hyperspace Fury|p2a: Froslass\n|-supereffective|p2a: Froslass\n|-enditem|p2a: Froslass|Focus Sash\n|-damage|p2a: Froslass|1\/100\n|-unboost|p1a: Hoopa|def|1\n|\n|upkeep\n|turn|5\n|\n|t:|1700898371\n|switch|p1a: Rillaboom|Rillaboom, M|100\/100\n|-damage|p1a: Rillaboom|88\/100|[from] Spikes\n|-fieldstart|move: Grassy Terrain|[from] ability: Grassy Surge|[of] p1a: Rillaboom\n|move|p2a: Froslass|Destiny Bond|p2a: Froslass\n|-singlemove|p2a: Froslass|Destiny Bond\n|\n|-heal|p2a: Froslass|7\/100|[from] Grassy Terrain\n|-heal|p1a: Rillaboom|94\/100|[from] Grassy Terrain\n|upkeep\n|turn|6\n|\n|t:|1700898381\n|switch|p1a: Clodsire|Clodsire, F|100\/100\n|-damage|p1a: Clodsire|88\/100|[from] Spikes\n|move|p2a: Froslass|Triple Axel|p1a: Clodsire|[miss]\n|-miss|p2a: Froslass|p1a: Clodsire\n|\n|-heal|p2a: Froslass|13\/100|[from] Grassy Terrain\n|-heal|p1a: Clodsire|94\/100|[from] Grassy Terrain\n|-heal|p1a: Clodsire|100\/100|[from] item: Leftovers\n|upkeep\n|turn|7\n|\n|t:|1700898395\n|switch|p1a: Ogerpon|Ogerpon-Cornerstone, F|100\/100\n|-damage|p1a: Ogerpon|88\/100|[from] Spikes\n|move|p2a: Froslass|Spikes|p1a: Ogerpon\n|-sidestart|p1: dhhdgdbdb2|Spikes\n|\n|-heal|p2a: Froslass|19\/100|[from] Grassy Terrain\n|-heal|p1a: Ogerpon|94\/100|[from] Grassy Terrain\n|upkeep\n|turn|8\n|\n|t:|1700898408\n|move|p2a: Froslass|Destiny Bond|p2a: Froslass\n|-singlemove|p2a: Froslass|Destiny Bond\n|move|p1a: Ogerpon|Swords Dance|p1a: Ogerpon\n|-boost|p1a: Ogerpon|atk|2\n|\n|-heal|p1a: Ogerpon|99\/100|[from] Grassy Terrain\n|-heal|p2a: Froslass|25\/100|[from] Grassy Terrain\n|upkeep\n|turn|9\n|\n|t:|1700898419\n|move|p2a: Froslass|Triple Axel|p1a: Ogerpon\n|-supereffective|p1a: Ogerpon\n|-damage|p1a: Ogerpon|82\/100\n|-supereffective|p1a: Ogerpon\n|-damage|p1a: Ogerpon|38\/100\n|-supereffective|p1a: Ogerpon\n|-damage|p1a: Ogerpon|0 fnt\n|faint|p1a: Ogerpon\n|-hitcount|p1: Ogerpon|3\n|\n|-heal|p2a: Froslass|31\/100|[from] Grassy Terrain\n|-fieldend|move: Grassy Terrain\n|upkeep\n|\n|t:|1700898428\n|switch|p1a: Rillaboom|Rillaboom, M|94\/100\n|-damage|p1a: Rillaboom|78\/100|[from] Spikes\n|-fieldstart|move: Grassy Terrain|[from] ability: Grassy Surge|[of] p1a: Rillaboom\n|turn|10\n|\n|t:|1700898439\n|switch|p2a: Sinistcha|Sinistcha-Masterpiece|100\/100\n|-terastallize|p1a: Rillaboom|Grass\n|move|p1a: Rillaboom|Grassy Glide|p2a: Sinistcha\n|-resisted|p2a: Sinistcha\n|-damage|p2a: Sinistcha|72\/100\n|\n|-heal|p1a: Rillaboom|84\/100|[from] Grassy Terrain\n|-heal|p2a: Sinistcha|79\/100|[from] Grassy Terrain\n|-heal|p2a: Sinistcha|85\/100|[from] item: Leftovers\n|upkeep\n|turn|11\n|\n|t:|1700898449\n|-terastallize|p2a: Sinistcha|Poison\n|move|p1a: Rillaboom|U-turn|p2a: Sinistcha\n|-resisted|p2a: Sinistcha\n|-damage|p2a: Sinistcha|73\/100\n|\n|t:|1700898454\n|switch|p1a: Clodsire|Clodsire, F|100\/100|[from] U-turn\n|-damage|p1a: Clodsire|84\/100|[from] Spikes\n|move|p2a: Sinistcha|Iron Defense|p2a: Sinistcha\n|-boost|p2a: Sinistcha|def|2\n|\n|-heal|p2a: Sinistcha|79\/100|[from] Grassy Terrain\n|-heal|p2a: Sinistcha|85\/100|[from] item: Leftovers\n|-heal|p1a: Clodsire|90\/100|[from] Grassy Terrain\n|-heal|p1a: Clodsire|96\/100|[from] item: Leftovers\n|upkeep\n|turn|12\n|\n|t:|1700898460\n|move|p2a: Sinistcha|Iron Defense|p2a: Sinistcha\n|-boost|p2a: Sinistcha|def|2\n|move|p1a: Clodsire|Stealth Rock|p2a: Sinistcha\n|-sidestart|p2: dingf|move: Stealth Rock\n|\n|-heal|p2a: Sinistcha|92\/100|[from] Grassy Terrain\n|-heal|p2a: Sinistcha|98\/100|[from] item: Leftovers\n|-heal|p1a: Clodsire|100\/100|[from] Grassy Terrain\n|upkeep\n|turn|13\n|\n|t:|1700898466\n|move|p2a: Sinistcha|Calm Mind|p2a: Sinistcha\n|-boost|p2a: Sinistcha|spa|1\n|-boost|p2a: Sinistcha|spd|1\n|move|p1a: Clodsire|Earth Power|p2a: Sinistcha\n|-supereffective|p2a: Sinistcha\n|-damage|p2a: Sinistcha|71\/100\n|\n|-heal|p2a: Sinistcha|77\/100|[from] Grassy Terrain\n|-heal|p2a: Sinistcha|83\/100|[from] item: Leftovers\n|upkeep\n|turn|14\n|\n|t:|1700898469\n|move|p2a: Sinistcha|Calm Mind|p2a: Sinistcha\n|-boost|p2a: Sinistcha|spa|1\n|-boost|p2a: Sinistcha|spd|1\n|move|p1a: Clodsire|Earth Power|p2a: Sinistcha\n|-supereffective|p2a: Sinistcha\n|-damage|p2a: Sinistcha|57\/100\n|\n|-heal|p2a: Sinistcha|63\/100|[from] Grassy Terrain\n|-heal|p2a: Sinistcha|69\/100|[from] item: Leftovers\n|-fieldend|move: Grassy Terrain\n|upkeep\n|turn|15\n|\n|t:|1700898478\n|move|p2a: Sinistcha|Matcha Gotcha|p1a: Clodsire\n|-damage|p1a: Clodsire|82\/100\n|-heal|p2a: Sinistcha|81\/100|[from] drain|[of] p1a: Clodsire\n|move|p1a: Clodsire|Earth Power|p2a: Sinistcha\n|-supereffective|p2a: Sinistcha\n|-damage|p2a: Sinistcha|53\/100\n|\n|-heal|p2a: Sinistcha|59\/100|[from] item: Leftovers\n|-heal|p1a: Clodsire|89\/100|[from] item: Leftovers\n|upkeep\n|turn|16\n|\n|t:|1700898488\n|move|p2a: Sinistcha|Matcha Gotcha|p1a: Clodsire|[miss]\n|-miss|p2a: Sinistcha|p1a: Clodsire\n|move|p1a: Clodsire|Earth Power|p2a: Sinistcha\n|-supereffective|p2a: Sinistcha\n|-damage|p2a: Sinistcha|32\/100\n|\n|-heal|p2a: Sinistcha|38\/100|[from] item: Leftovers\n|-heal|p1a: Clodsire|95\/100|[from] item: Leftovers\n|upkeep\n|turn|17\n|\n|t:|1700898501\n|switch|p2a: Chandelure|Chandelure, M|100\/100\n|-damage|p2a: Chandelure|76\/100|[from] Stealth Rock\n|-item|p2a: Chandelure|Air Balloon\n|move|p1a: Clodsire|Earth Power|p2a: Chandelure\n|-immune|p2a: Chandelure\n|\n|-heal|p1a: Clodsire|100\/100|[from] item: Leftovers\n|upkeep\n|turn|18\n|\n|t:|1700898512\n|move|p2a: Chandelure|Fire Blast|p1a: Clodsire\n|-damage|p1a: Clodsire|63\/100\n|move|p1a: Clodsire|Toxic|p2a: Chandelure\n|-status|p2a: Chandelure|tox\n|\n|-heal|p1a: Clodsire|69\/100|[from] item: Leftovers\n|-damage|p2a: Chandelure|70\/100 tox|[from] psn\n|upkeep\n|turn|19\n|\n|t:|1700898521\n|switch|p1a: Great Tusk|Great Tusk|100\/100\n|-damage|p1a: Great Tusk|84\/100|[from] Spikes\n|move|p2a: Chandelure|Fire Blast|p1a: Great Tusk\n|-damage|p1a: Great Tusk|0 fnt\n|faint|p1a: Great Tusk\n|-end|p1a: Great Tusk|Protosynthesis|[silent]\n|\n|-damage|p2a: Chandelure|57\/100 tox|[from] psn\n|upkeep\n|\n|t:|1700898529\n|switch|p1a: Rillaboom|Rillaboom, M, tera:Grass|84\/100\n|-damage|p1a: Rillaboom|67\/100|[from] Spikes\n|-fieldstart|move: Grassy Terrain|[from] ability: Grassy Surge|[of] p1a: Rillaboom\n|turn|20\n|\n|t:|1700898538\n|move|p1a: Rillaboom|Grassy Glide|p2a: Chandelure\n|-resisted|p2a: Chandelure\n|-damage|p2a: Chandelure|14\/100 tox\n|-enditem|p2a: Chandelure|Air Balloon\n|move|p2a: Chandelure|Fire Blast|p1a: Rillaboom\n|-supereffective|p1a: Rillaboom\n|-damage|p1a: Rillaboom|0 fnt\n|faint|p1a: Rillaboom\n|\n|-heal|p2a: Chandelure|20\/100 tox|[from] Grassy Terrain\n|-damage|p2a: Chandelure|2\/100 tox|[from] psn\n|upkeep\n|\n|t:|1700898546\n|switch|p1a: Clodsire|Clodsire, F|69\/100\n|-damage|p1a: Clodsire|52\/100|[from] Spikes\n|turn|21\n|\n|t:|1700898552\n|move|p2a: Chandelure|Fire Blast|p1a: Clodsire\n|-damage|p1a: Clodsire|13\/100\n|move|p1a: Clodsire|Recover|p1a: Clodsire\n|-heal|p1a: Clodsire|63\/100\n|\n|-heal|p2a: Chandelure|8\/100 tox|[from] Grassy Terrain\n|-heal|p1a: Clodsire|69\/100|[from] Grassy Terrain\n|-heal|p1a: Clodsire|75\/100|[from] item: Leftovers\n|-damage|p2a: Chandelure|0 fnt|[from] psn\n|faint|p2a: Chandelure\n|upkeep\n|\n|t:|1700898559\n|switch|p2a: Froslass|Froslass, F, shiny|31\/100\n|-damage|p2a: Froslass|6\/100|[from] Stealth Rock\n|turn|22\n|\n|t:|1700898563\n|move|p2a: Froslass|Triple Axel|p1a: Clodsire\n|-supereffective|p1a: Clodsire\n|-crit|p1a: Clodsire\n|-damage|p1a: Clodsire|56\/100\n|-supereffective|p1a: Clodsire\n|-damage|p1a: Clodsire|26\/100\n|-supereffective|p1a: Clodsire\n|-damage|p1a: Clodsire|0 fnt\n|faint|p1a: Clodsire\n|-hitcount|p1: Clodsire|3\n|\n|-heal|p2a: Froslass|12\/100|[from] Grassy Terrain\n|upkeep\n|-message|dhhdgdbdb2 forfeited.\n|\n|win|dingf\n|raw|dhhdgdbdb2's rating: 1350 &rarr; <strong>1337<\/strong><br \/>(-13 for losing)\n|raw|dingf's rating: 1474 &rarr; <strong>1487<\/strong><br \/>(+13 for winning)\n|l|\u2606dhhdgdbdb2\n","uploadtime":1700898573,"views":10,"p1id":"dhhdgdbdb2","p2id":"dingf","formatid":"gen9nationaldex","rating":1337,"private":0,"password":""}