{"id":"gen9nationaldex-1989497397","p1":"Autistic_Rabbit","p2":"quagsy","format":"[Gen 9] National Dex","log":"|j|\u2606Autistic_Rabbit\n|j|\u2606quagsy\n|t:|1699860722\n|gametype|singles\n|player|p1|Autistic_Rabbit|1|1447\n|player|p2|quagsy|266|1557\n|teamsize|p1|6\n|teamsize|p2|6\n|gen|9\n|tier|[Gen 9] National Dex\n|rated|\n|rule|HP Percentage Mod: HP is shown in percentages\n|rule|Endless Battle Clause: Forcing endless battles is banned\n|rule|OHKO Clause: OHKO moves are banned\n|rule|Evasion Clause: Evasion abilities, items, and moves are banned\n|rule|Evasion Abilities Clause: Evasion abilities are banned\n|rule|Evasion Items Clause: Evasion items are banned\n|rule|Evasion Moves Clause: Evasion moves are banned\n|rule|Species Clause: Limit one of each Pok\u00e9mon\n|rule|Sleep Clause Mod: Limit one foe put to sleep\n|clearpoke\n|poke|p1|Tapu Koko|\n|poke|p1|Barraskewda, F|\n|poke|p1|Pelipper, F|\n|poke|p1|Sneasler, F|\n|poke|p1|Gliscor, F|\n|poke|p1|Ferrothorn, M|\n|poke|p2|Banette, M|\n|poke|p2|Ursaluna, F|\n|poke|p2|Marowak-Alola, F|\n|poke|p2|Porygon2|\n|poke|p2|Hatterene, F|\n|poke|p2|Cofagrigus, F|\n|teampreview\n|\n|t:|1699860750\n|start\n|switch|p1a: Gliscor|Gliscor, F|100\/100\n|switch|p2a: Hatterene|Hatterene, F|100\/100\n|turn|1\n|\n|t:|1699860755\n|switch|p1a: Pelipper|Pelipper, F|100\/100\n|-weather|RainDance|[from] ability: Drizzle|[of] p1a: Pelipper\n|move|p2a: Hatterene|Trick Room|p2a: Hatterene\n|-fieldstart|move: Trick Room|[of] p2a: Hatterene\n|\n|-weather|RainDance|[upkeep]\n|upkeep\n|turn|2\n|\n|t:|1699860767\n|switch|p2a: Banette|Banette, M|100\/100\n|switch|p1a: Ferrothorn|Ferrothorn, M|100\/100\n|\n|-weather|RainDance|[upkeep]\n|upkeep\n|turn|3\n|\n|t:|1699860778\n|detailschange|p2a: Banette|Banette-Mega, M\n|-mega|p2a: Banette|Banette|Banettite\n|move|p2a: Banette|Swords Dance|p2a: Banette\n|-boost|p2a: Banette|atk|2\n|move|p1a: Ferrothorn|Gyro Ball|p2a: Banette\n|-damage|p2a: Banette|66\/100\n|\n|-weather|RainDance|[upkeep]\n|upkeep\n|turn|4\n|inactive|Battle timer is ON: inactive players will automatically lose when time's up. (requested by Autistic_Rabbit)\n|\n|t:|1699860790\n|move|p1a: Ferrothorn|Gyro Ball|p2a: Banette\n|-damage|p2a: Banette|29\/100\n|move|p2a: Banette|Poltergeist|p1a: Ferrothorn|[miss]\n|-miss|p2a: Banette|p1a: Ferrothorn\n|\n|-weather|RainDance|[upkeep]\n|upkeep\n|turn|5\n|\n|t:|1699860802\n|move|p2a: Banette|Destiny Bond|p2a: Banette\n|-singlemove|p2a: Banette|Destiny Bond\n|move|p1a: Ferrothorn|Gyro Ball|p2a: Banette\n|-damage|p2a: Banette|0 fnt\n|faint|p2a: Banette\n|-activate|p2a: Banette|move: Destiny Bond\n|faint|p1a: Ferrothorn\n|\n|-weather|RainDance|[upkeep]\n|-fieldend|move: Trick Room\n|upkeep\n|\n|t:|1699860809\n|switch|p2a: Hatterene|Hatterene, F|100\/100\n|switch|p1a: Barraskewda|Barraskewda, F|100\/100\n|turn|6\n|\n|t:|1699860814\n|-terastallize|p1a: Barraskewda|Water\n|move|p1a: Barraskewda|Liquidation|p2a: Hatterene\n|-enditem|p2a: Hatterene|Focus Sash\n|-damage|p2a: Hatterene|1\/100\n|move|p2a: Hatterene|Trick Room|p2a: Hatterene\n|-fieldstart|move: Trick Room|[of] p2a: Hatterene\n|\n|-weather|RainDance|[upkeep]\n|upkeep\n|turn|7\n|\n|t:|1699860823\n|switch|p1a: Gliscor|Gliscor, F|100\/100\n|move|p2a: Hatterene|Healing Wish|p2a: Hatterene\n|faint|p2a: Hatterene\n|\n|-weather|RainDance|[upkeep]\n|-status|p1a: Gliscor|tox|[from] item: Toxic Orb\n|upkeep\n|\n|t:|1699860830\n|switch|p2a: Ursaluna|Ursaluna, F|100\/100\n|turn|8\n|\n|t:|1699860840\n|move|p2a: Ursaluna|Facade|p1a: Gliscor\n|-damage|p1a: Gliscor|74\/100 tox\n|move|p1a: Gliscor|Stealth Rock|p2a: Ursaluna\n|-sidestart|p2: quagsy|move: Stealth Rock\n|\n|-weather|none\n|-heal|p1a: Gliscor|87\/100 tox|[from] ability: Poison Heal\n|-status|p2a: Ursaluna|brn|[from] item: Flame Orb\n|upkeep\n|turn|9\n|\n|t:|1699860847\n|move|p2a: Ursaluna|Facade|p1a: Gliscor\n|-damage|p1a: Gliscor|0 fnt\n|faint|p1a: Gliscor\n|\n|-damage|p2a: Ursaluna|94\/100 brn|[from] brn\n|upkeep\n|\n|t:|1699860855\n|switch|p1a: Pelipper|Pelipper, F|100\/100\n|-weather|RainDance|[from] ability: Drizzle|[of] p1a: Pelipper\n|turn|10\n|\n|t:|1699860860\n|switch|p1a: Sneasler|Sneasler, F|100\/100\n|move|p2a: Ursaluna|Facade|p1a: Sneasler\n|-damage|p1a: Sneasler|0 fnt\n|faint|p1a: Sneasler\n|\n|-weather|RainDance|[upkeep]\n|-damage|p2a: Ursaluna|88\/100 brn|[from] brn\n|-fieldend|move: Trick Room\n|upkeep\n|\n|t:|1699860862\n|switch|p1a: Barraskewda|Barraskewda, F, tera:Water|100\/100\n|turn|11\n|\n|t:|1699860870\n|switch|p2a: Marowak|Marowak-Alola, F|100\/100\n|-damage|p2a: Marowak|76\/100|[from] Stealth Rock\n|move|p1a: Barraskewda|Liquidation|p2a: Marowak\n|-supereffective|p2a: Marowak\n|-damage|p2a: Marowak|0 fnt\n|faint|p2a: Marowak\n|\n|-weather|RainDance|[upkeep]\n|upkeep\n|\n|t:|1699860874\n|switch|p2a: Porygon2|Porygon2|100\/100\n|-damage|p2a: Porygon2|88\/100|[from] Stealth Rock\n|-ability|p2a: Porygon2|Swift Swim|[from] ability: Trace|[of] p1a: Barraskewda\n|turn|12\n|\n|t:|1699860876\n|move|p1a: Barraskewda|Liquidation|p2a: Porygon2\n|-damage|p2a: Porygon2|0 fnt\n|faint|p2a: Porygon2\n|\n|-weather|RainDance|[upkeep]\n|upkeep\n|\n|t:|1699860881\n|switch|p2a: Cofagrigus|Cofagrigus, F|100\/100\n|-damage|p2a: Cofagrigus|88\/100|[from] Stealth Rock\n|turn|13\n|\n|t:|1699860884\n|move|p1a: Barraskewda|Liquidation|p2a: Cofagrigus\n|-damage|p2a: Cofagrigus|0 fnt\n|-activate|p2a: Cofagrigus|ability: Mummy|Swift Swim|[of] p1a: Barraskewda\n|faint|p2a: Cofagrigus\n|\n|-weather|RainDance|[upkeep]\n|upkeep\n|-message|quagsy forfeited.\n|\n|win|Autistic_Rabbit\n|raw|Autistic_Rabbit's rating: 1447 &rarr; <strong>1473<\/strong><br \/>(+26 for winning)\n|raw|quagsy's rating: 1557 &rarr; <strong>1531<\/strong><br \/>(-26 for losing)\n|l|\u2606quagsy\n","uploadtime":1699860901,"views":9,"p1id":"autisticrabbit","p2id":"quagsy","formatid":"gen9nationaldex","rating":1473,"private":0,"password":""}