{"id":"gen9nationaldex-1998859867","p1":"Aure_freeks","p2":"5Hoopa","format":"[Gen 9] National Dex","log":"|html|<div class=\"broadcast-blue\"><strong>[Gen 9] National Dex is currently suspecting Sneasler! For information on how to participate check out the <a href=\"https:\/\/www.smogon.com\/forums\/threads\/sv-national-dex-suspect-8-just-dance.3731534\/\">suspect thread<\/a>.<\/strong><\/div>\n|j|\u2606Aure_freeks\n|j|\u26065Hoopa\n|t:|1701004550\n|gametype|singles\n|player|p1|Aure_freeks|shadowtriad|1190\n|player|p2|5Hoopa|cynthia-gen4|1257\n|teamsize|p1|6\n|teamsize|p2|6\n|gen|9\n|tier|[Gen 9] National Dex\n|rated|\n|rule|HP Percentage Mod: HP is shown in percentages\n|rule|Endless Battle Clause: Forcing endless battles is banned\n|rule|OHKO Clause: OHKO moves are banned\n|rule|Evasion Clause: Evasion abilities, items, and moves are banned\n|rule|Evasion Abilities Clause: Evasion abilities are banned\n|rule|Evasion Items Clause: Evasion items are banned\n|rule|Evasion Moves Clause: Evasion moves are banned\n|rule|Species Clause: Limit one of each Pok\u00e9mon\n|rule|Sleep Clause Mod: Limit one foe put to sleep\n|clearpoke\n|poke|p1|Aerodactyl, M|\n|poke|p1|Zamazenta-*|\n|poke|p1|Iron Moth|\n|poke|p1|Starmie|\n|poke|p1|Ting-Lu|\n|poke|p1|Grimmsnarl, M|\n|poke|p2|Spiritomb, M|\n|poke|p2|Garchomp, M|\n|poke|p2|Roserade, F|\n|poke|p2|Togekiss, M|\n|poke|p2|Lucario, F|\n|poke|p2|Milotic, M|\n|teampreview\n|inactive|Battle timer is ON: inactive players will automatically lose when time's up. (requested by 5Hoopa)\n|\n|t:|1701004580\n|start\n|switch|p1a: niahahah|Grimmsnarl, M|100\/100\n|switch|p2a: Togekiss|Togekiss, M, shiny|100\/100\n|turn|1\n|\n|t:|1701004590\n|move|p1a: niahahah|Parting Shot|p2a: Togekiss\n|-unboost|p2a: Togekiss|atk|1\n|-unboost|p2a: Togekiss|spa|1\n|\n|t:|1701004593\n|switch|p1a: Sunlight|Iron Moth|100\/100|[from] Parting Shot\n|-enditem|p1a: Sunlight|Booster Energy\n|-activate|p1a: Sunlight|ability: Quark Drive|[fromitem]\n|-start|p1a: Sunlight|quarkdrivespe\n|move|p2a: Togekiss|Dazzling Gleam|p1a: Sunlight\n|-resisted|p1a: Sunlight\n|-damage|p1a: Sunlight|94\/100\n|\n|upkeep\n|turn|2\n|\n|t:|1701004601\n|switch|p2a: Milotic|Milotic, M|100\/100\n|move|p1a: Sunlight|Sludge Wave|p2a: Milotic\n|-damage|p2a: Milotic|76\/100\n|\n|upkeep\n|turn|3\n|\n|t:|1701004611\n|-end|p1a: Sunlight|Quark Drive|[silent]\n|switch|p1a: niahahah|Grimmsnarl, M|100\/100\n|move|p2a: Milotic|Scald|p1a: niahahah\n|-damage|p1a: niahahah|79\/100\n|\n|upkeep\n|turn|4\n|\n|t:|1701004618\n|move|p1a: niahahah|Light Screen|p1a: niahahah\n|-sidestart|p1: Aure_freeks|move: Light Screen\n|move|p2a: Milotic|Toxic|p1a: niahahah|[miss]\n|-miss|p2a: Milotic|p1a: niahahah\n|\n|upkeep\n|turn|5\n|\n|t:|1701004624\n|move|p1a: niahahah|Reflect|p1a: niahahah\n|-sidestart|p1: Aure_freeks|Reflect\n|move|p2a: Milotic|Toxic|p1a: niahahah\n|-status|p1a: niahahah|tox\n|\n|-damage|p1a: niahahah|73\/100 tox|[from] psn\n|upkeep\n|turn|6\n|\n|t:|1701004631\n|move|p1a: niahahah|Parting Shot|p2a: Milotic\n|-unboost|p2a: Milotic|atk|1\n|-ability|p2a: Milotic|Competitive|boost\n|-boost|p2a: Milotic|spa|2\n|-unboost|p2a: Milotic|spa|1\n|-ability|p2a: Milotic|Competitive|boost\n|-boost|p2a: Milotic|spa|2\n|c|\u2606Aure_freeks|oh... TvT\n|\n|t:|1701004652\n|switch|p1a: Sch\u00fcssel|Ting-Lu|100\/100|[from] Parting Shot\n|-ability|p1a: Sch\u00fcssel|Vessel of Ruin\n|move|p2a: Milotic|Toxic|p1a: Sch\u00fcssel\n|-status|p1a: Sch\u00fcssel|tox\n|\n|-damage|p1a: Sch\u00fcssel|94\/100 tox|[from] psn\n|upkeep\n|turn|7\n|c|\u2606Aure_freeks|i'm stupid\n|\n|t:|1701004663\n|move|p2a: Milotic|Recover|p2a: Milotic\n|-heal|p2a: Milotic|100\/100\n|move|p1a: Sch\u00fcssel|Whirlwind|p2a: Milotic\n|drag|p2a: Lucario|Lucario, F|100\/100\n|\n|-heal|p1a: Sch\u00fcssel|100\/100 tox|[from] item: Leftovers\n|-damage|p1a: Sch\u00fcssel|88\/100 tox|[from] psn\n|upkeep\n|turn|8\n|\n|t:|1701004674\n|switch|p2a: Milotic|Milotic, M|100\/100\n|move|p1a: Sch\u00fcssel|Stealth Rock|p2a: Milotic\n|-sidestart|p2: 5Hoopa|move: Stealth Rock\n|\n|-heal|p1a: Sch\u00fcssel|94\/100 tox|[from] item: Leftovers\n|-damage|p1a: Sch\u00fcssel|76\/100 tox|[from] psn\n|upkeep\n|turn|9\n|\n|t:|1701004686\n|switch|p1a: atlantis|Starmie, shiny|100\/100\n|move|p2a: Milotic|Scald|p1a: atlantis\n|-resisted|p1a: atlantis\n|-damage|p1a: atlantis|90\/100\n|-status|p1a: atlantis|brn\n|\n|-damage|p1a: atlantis|84\/100 brn|[from] brn\n|upkeep\n|turn|10\n|\n|t:|1701004696\n|switch|p2a: Roserade|Roserade, F|100\/100\n|-damage|p2a: Roserade|88\/100|[from] Stealth Rock\n|move|p1a: atlantis|Psychic|p2a: Roserade\n|-supereffective|p2a: Roserade\n|-damage|p2a: Roserade|0 fnt\n|faint|p2a: Roserade\n|\n|-damage|p1a: atlantis|78\/100 brn|[from] brn\n|upkeep\n|\n|t:|1701004711\n|switch|p2a: Spiritomb|Spiritomb, M|100\/100\n|-ability|p2a: Spiritomb|Pressure\n|turn|11\n|\n|t:|1701004716\n|move|p1a: atlantis|Flip Turn|p2a: Spiritomb\n|-crit|p2a: Spiritomb\n|-damage|p2a: Spiritomb|92\/100\n|\n|t:|1701004721\n|-curestatus|p1a: atlantis|brn|[from] ability: Natural Cure\n|switch|p1a: niahahah|Grimmsnarl, M|73\/100 tox|[from] Flip Turn\n|move|p2a: Spiritomb|Hex|p1a: niahahah\n|-resisted|p1a: niahahah\n|-damage|p1a: niahahah|65\/100 tox\n|\n|-damage|p1a: niahahah|59\/100 tox|[from] psn\n|-sideend|p1: Aure_freeks|move: Light Screen\n|upkeep\n|turn|12\n|\n|t:|1701004734\n|switch|p2a: Milotic|Milotic, M|100\/100\n|move|p1a: niahahah|Light Screen|p1a: niahahah\n|-sidestart|p1: Aure_freeks|move: Light Screen\n|\n|-damage|p1a: niahahah|47\/100 tox|[from] psn\n|-sideend|p1: Aure_freeks|Reflect\n|upkeep\n|turn|13\n|\n|t:|1701004743\n|move|p1a: niahahah|Reflect|p1a: niahahah\n|-sidestart|p1: Aure_freeks|Reflect\n|move|p2a: Milotic|Scald|p1a: niahahah\n|-damage|p1a: niahahah|37\/100 tox\n|\n|-damage|p1a: niahahah|19\/100 tox|[from] psn\n|upkeep\n|turn|14\n|\n|t:|1701004754\n|switch|p1a: atlantis|Starmie, shiny|78\/100\n|move|p2a: Milotic|Scald|p1a: atlantis\n|-resisted|p1a: atlantis\n|-damage|p1a: atlantis|68\/100\n|-status|p1a: atlantis|brn\n|\n|-damage|p1a: atlantis|62\/100 brn|[from] brn\n|upkeep\n|turn|15\n|\n|t:|1701004764\n|move|p1a: atlantis|Psychic|p2a: Milotic\n|-crit|p2a: Milotic\n|-damage|p2a: Milotic|68\/100\n|move|p2a: Milotic|Recover|p2a: Milotic\n|-heal|p2a: Milotic|100\/100\n|\n|-damage|p1a: atlantis|56\/100 brn|[from] brn\n|upkeep\n|turn|16\n|\n|t:|1701004771\n|move|p1a: atlantis|Flip Turn|p2a: Milotic\n|-resisted|p2a: Milotic\n|-damage|p2a: Milotic|96\/100\n|\n|t:|1701004790\n|-curestatus|p1a: atlantis|brn|[from] ability: Natural Cure\n|switch|p1a: Le Z|Zamazenta|100\/100|[from] Flip Turn\n|-ability|p1a: Le Z|Dauntless Shield|boost\n|-boost|p1a: Le Z|def|1\n|move|p2a: Milotic|Toxic|p1a: Le Z\n|-status|p1a: Le Z|tox\n|\n|-damage|p1a: Le Z|94\/100 tox|[from] psn\n|upkeep\n|turn|17\n|\n|t:|1701004800\n|switch|p2a: Togekiss|Togekiss, M, shiny|100\/100\n|-damage|p2a: Togekiss|75\/100|[from] Stealth Rock\n|move|p1a: Le Z|Iron Defense|p1a: Le Z\n|-boost|p1a: Le Z|def|2\n|\n|-heal|p1a: Le Z|100\/100 tox|[from] item: Leftovers\n|-damage|p1a: Le Z|88\/100 tox|[from] psn\n|upkeep\n|turn|18\n|\n|t:|1701004809\n|switch|p1a: Sunlight|Iron Moth|94\/100\n|move|p2a: Togekiss|Air Slash|p1a: Sunlight\n|-damage|p1a: Sunlight|76\/100\n|\n|upkeep\n|turn|19\n|\n|t:|1701004814\n|switch|p2a: Milotic|Milotic, M|96\/100\n|move|p1a: Sunlight|Fiery Dance|p2a: Milotic\n|-resisted|p2a: Milotic\n|-damage|p2a: Milotic|85\/100\n|-boost|p1a: Sunlight|spa|1\n|\n|-sideend|p1: Aure_freeks|move: Light Screen\n|upkeep\n|turn|20\n|\n|t:|1701004823\n|-terastallize|p1a: Sunlight|Flying\n|move|p1a: Sunlight|Energy Ball|p2a: Milotic\n|-supereffective|p2a: Milotic\n|-damage|p2a: Milotic|38\/100\n|move|p2a: Milotic|Scald|p1a: Sunlight\n|-damage|p1a: Sunlight|52\/100\n|\n|-sideend|p1: Aure_freeks|Reflect\n|upkeep\n|turn|21\n|\n|t:|1701004833\n|-terastallize|p2a: Milotic|Dragon\n|move|p1a: Sunlight|Energy Ball|p2a: Milotic\n|-resisted|p2a: Milotic\n|-damage|p2a: Milotic|26\/100\n|move|p2a: Milotic|Recover|p2a: Milotic\n|-heal|p2a: Milotic|76\/100\n|\n|upkeep\n|turn|22\n|\n|t:|1701004841\n|move|p1a: Sunlight|Sludge Wave|p2a: Milotic\n|-damage|p2a: Milotic|40\/100\n|move|p2a: Milotic|Ice Beam|p1a: Sunlight\n|-supereffective|p1a: Sunlight\n|-damage|p1a: Sunlight|13\/100\n|\n|upkeep\n|turn|23\n|\n|t:|1701004846\n|move|p1a: Sunlight|Sludge Wave|p2a: Milotic\n|-damage|p2a: Milotic|4\/100\n|move|p2a: Milotic|Recover|p2a: Milotic\n|-heal|p2a: Milotic|54\/100\n|\n|upkeep\n|turn|24\n|\n|t:|1701004852\n|move|p1a: Sunlight|Sludge Wave|p2a: Milotic\n|-damage|p2a: Milotic|18\/100\n|move|p2a: Milotic|Recover|p2a: Milotic\n|-heal|p2a: Milotic|68\/100\n|\n|upkeep\n|turn|25\n|\n|t:|1701004858\n|move|p1a: Sunlight|Sludge Wave|p2a: Milotic\n|-damage|p2a: Milotic|28\/100\n|move|p2a: Milotic|Scald|p1a: Sunlight\n|-damage|p1a: Sunlight|0 fnt\n|faint|p1a: Sunlight\n|-end|p1a: Sunlight|Quark Drive|[silent]\n|\n|upkeep\n|\n|t:|1701004867\n|switch|p1a: niahahah|Grimmsnarl, M|19\/100 tox\n|turn|26\n|\n|t:|1701004872\n|move|p1a: niahahah|Light Screen|p1a: niahahah\n|-sidestart|p1: Aure_freeks|move: Light Screen\n|move|p2a: Milotic|Recover|p2a: Milotic\n|-heal|p2a: Milotic|78\/100\n|\n|-damage|p1a: niahahah|12\/100 tox|[from] psn\n|upkeep\n|turn|27\n|\n|t:|1701004878\n|move|p1a: niahahah|Reflect|p1a: niahahah\n|-sidestart|p1: Aure_freeks|Reflect\n|move|p2a: Milotic|Recover|p2a: Milotic\n|-heal|p2a: Milotic|100\/100\n|\n|-damage|p1a: niahahah|0 fnt|[from] psn\n|faint|p1a: niahahah\n|upkeep\n|\n|t:|1701004886\n|switch|p1a: Sch\u00fcssel|Ting-Lu|76\/100 tox\n|-ability|p1a: Sch\u00fcssel|Vessel of Ruin\n|turn|28\n|\n|t:|1701004891\n|move|p2a: Milotic|Scald|p1a: Sch\u00fcssel\n|-supereffective|p1a: Sch\u00fcssel\n|-damage|p1a: Sch\u00fcssel|60\/100 tox\n|move|p1a: Sch\u00fcssel|Whirlwind|p2a: Milotic\n|drag|p2a: Garchomp|Garchomp, M|100\/100\n|-damage|p2a: Garchomp|94\/100|[from] Stealth Rock\n|\n|-heal|p1a: Sch\u00fcssel|66\/100 tox|[from] item: Leftovers\n|-damage|p1a: Sch\u00fcssel|60\/100 tox|[from] psn\n|upkeep\n|turn|29\n|\n|t:|1701004911\n|detailschange|p2a: Garchomp|Garchomp-Mega, M\n|-mega|p2a: Garchomp|Garchomp|Garchompite\n|move|p2a: Garchomp|Stealth Rock|p1a: Sch\u00fcssel\n|-sidestart|p1: Aure_freeks|move: Stealth Rock\n|move|p1a: Sch\u00fcssel|Spikes|p2a: Garchomp\n|-sidestart|p2: 5Hoopa|Spikes\n|\n|-heal|p1a: Sch\u00fcssel|66\/100 tox|[from] item: Leftovers\n|-damage|p1a: Sch\u00fcssel|53\/100 tox|[from] psn\n|upkeep\n|turn|30\n|\n|t:|1701004918\n|move|p2a: Garchomp|Scale Shot|p1a: Sch\u00fcssel\n|-damage|p1a: Sch\u00fcssel|50\/100 tox\n|-crit|p1a: Sch\u00fcssel\n|-damage|p1a: Sch\u00fcssel|38\/100 tox\n|-damage|p1a: Sch\u00fcssel|35\/100 tox\n|-hitcount|p1a: Sch\u00fcssel|3\n|-unboost|p2a: Garchomp|def|1\n|-boost|p2a: Garchomp|spe|1\n|move|p1a: Sch\u00fcssel|Whirlwind|p2a: Garchomp\n|drag|p2a: Spiritomb|Spiritomb, M|92\/100\n|-ability|p2a: Spiritomb|Pressure\n|\n|-heal|p1a: Sch\u00fcssel|41\/100 tox|[from] item: Leftovers\n|-damage|p1a: Sch\u00fcssel|22\/100 tox|[from] psn\n|upkeep\n|turn|31\n|\n|t:|1701004933\n|move|p1a: Sch\u00fcssel|Spikes|p2a: Spiritomb\n|-sidestart|p2: 5Hoopa|Spikes\n|move|p2a: Spiritomb|Hex|p1a: Sch\u00fcssel\n|-resisted|p1a: Sch\u00fcssel\n|-damage|p1a: Sch\u00fcssel|16\/100 tox\n|\n|-heal|p1a: Sch\u00fcssel|22\/100 tox|[from] item: Leftovers\n|-damage|p1a: Sch\u00fcssel|0 fnt|[from] psn\n|faint|p1a: Sch\u00fcssel\n|upkeep\n|\n|t:|1701004943\n|switch|p1a: Petrie|Aerodactyl, M, shiny|100\/100\n|-damage|p1a: Petrie|76\/100|[from] Stealth Rock\n|turn|32\n|\n|t:|1701004948\n|detailschange|p1a: Petrie|Aerodactyl-Mega, M, shiny\n|-mega|p1a: Petrie|Aerodactyl|Aerodactylite\n|move|p1a: Petrie|Dragon Dance|p1a: Petrie\n|-boost|p1a: Petrie|atk|1\n|-boost|p1a: Petrie|spe|1\n|move|p2a: Spiritomb|Will-O-Wisp|p1a: Petrie\n|-status|p1a: Petrie|brn\n|\n|-damage|p1a: Petrie|70\/100 brn|[from] brn\n|upkeep\n|turn|33\n|c|\u26065Hoopa|GG bro\n|\n|t:|1701004961\n|move|p1a: Petrie|Dual Wingbeat|p2a: Spiritomb\n|-damage|p2a: Spiritomb|75\/100\n|-damage|p2a: Spiritomb|60\/100\n|-hitcount|p2a: Spiritomb|2\n|move|p2a: Spiritomb|Hex|p1a: Petrie\n|-damage|p1a: Petrie|43\/100 brn\n|\n|-damage|p1a: Petrie|37\/100 brn|[from] brn\n|-sideend|p1: Aure_freeks|move: Light Screen\n|upkeep\n|turn|34\n|c|\u2606Aure_freeks|gg\n|\n|t:|1701004972\n|move|p1a: Petrie|Dual Wingbeat|p2a: Spiritomb\n|-damage|p2a: Spiritomb|45\/100\n|-damage|p2a: Spiritomb|28\/100\n|-hitcount|p2a: Spiritomb|2\n|move|p2a: Spiritomb|Hex|p1a: Petrie\n|-damage|p1a: Petrie|0 fnt\n|faint|p1a: Petrie\n|\n|-sideend|p1: Aure_freeks|Reflect\n|upkeep\n|\n|t:|1701004981\n|switch|p1a: atlantis|Starmie, shiny|56\/100\n|turn|35\n|\n|t:|1701004985\n|move|p1a: atlantis|Scald|p2a: Spiritomb\n|-damage|p2a: Spiritomb|0 fnt\n|faint|p2a: Spiritomb\n|\n|upkeep\n|\n|t:|1701004995\n|switch|p2a: Milotic|Milotic, M, tera:Dragon|100\/100\n|turn|36\n|\n|t:|1701005000\n|move|p1a: atlantis|Rapid Spin|p2a: Milotic\n|-damage|p2a: Milotic|91\/100\n|-boost|p1a: atlantis|spe|1\n|-sideend|p1: Aure_freeks|Stealth Rock|[from] move: Rapid Spin|[of] p1a: atlantis\n|move|p2a: Milotic|Toxic|p1a: atlantis\n|-status|p1a: atlantis|tox\n|\n|-damage|p1a: atlantis|50\/100 tox|[from] psn\n|upkeep\n|turn|37\n|\n|t:|1701005009\n|move|p1a: atlantis|Flip Turn|p2a: Milotic\n|-resisted|p2a: Milotic\n|-damage|p2a: Milotic|82\/100\n|\n|t:|1701005012\n|-curestatus|p1a: atlantis|tox|[from] ability: Natural Cure\n|switch|p1a: Le Z|Zamazenta|88\/100 tox|[from] Flip Turn\n|move|p2a: Milotic|Scald|p1a: Le Z\n|-damage|p1a: Le Z|66\/100 tox\n|\n|-heal|p1a: Le Z|72\/100 tox|[from] item: Leftovers\n|-damage|p1a: Le Z|66\/100 tox|[from] psn\n|upkeep\n|turn|38\n|\n|t:|1701005022\n|move|p1a: Le Z|Body Press|p2a: Milotic\n|-damage|p2a: Milotic|45\/100\n|move|p2a: Milotic|Ice Beam|p1a: Le Z\n|-damage|p1a: Le Z|48\/100 tox\n|\n|-heal|p1a: Le Z|55\/100 tox|[from] item: Leftovers\n|-damage|p1a: Le Z|42\/100 tox|[from] psn\n|upkeep\n|turn|39\n|\n|t:|1701005030\n|move|p1a: Le Z|Body Press|p2a: Milotic\n|-damage|p2a: Milotic|3\/100\n|move|p2a: Milotic|Recover|p2a: Milotic\n|-heal|p2a: Milotic|53\/100\n|\n|-heal|p1a: Le Z|48\/100 tox|[from] item: Leftovers\n|-damage|p1a: Le Z|30\/100 tox|[from] psn\n|upkeep\n|turn|40\n|\n|t:|1701005038\n|move|p1a: Le Z|Body Press|p2a: Milotic\n|-damage|p2a: Milotic|16\/100\n|move|p2a: Milotic|Scald|p1a: Le Z\n|-damage|p1a: Le Z|9\/100 tox\n|\n|-heal|p1a: Le Z|15\/100 tox|[from] item: Leftovers\n|-damage|p1a: Le Z|0 fnt|[from] psn\n|faint|p1a: Le Z\n|upkeep\n|\n|t:|1701005047\n|switch|p1a: atlantis|Starmie, shiny|50\/100\n|turn|41\n|\n|t:|1701005050\n|move|p1a: atlantis|Psychic|p2a: Milotic\n|-damage|p2a: Milotic|0 fnt\n|faint|p2a: Milotic\n|\n|upkeep\n|\n|t:|1701005058\n|switch|p2a: Lucario|Lucario, F|100\/100\n|-damage|p2a: Lucario|98\/100|[from] Stealth Rock\n|-damage|p2a: Lucario|81\/100|[from] Spikes\n|turn|42\n|\n|t:|1701005062\n|move|p2a: Lucario|Extreme Speed|p1a: atlantis\n|-damage|p1a: atlantis|0 fnt\n|faint|p1a: atlantis\n|\n|win|5Hoopa\n|raw|Aure_freeks's rating: 1190 &rarr; <strong>1170<\/strong><br \/>(-20 for losing)\n|raw|5Hoopa's rating: 1257 &rarr; <strong>1277<\/strong><br \/>(+20 for winning)\n|l|\u2606Aure_freeks\n","uploadtime":1701005080,"views":2,"p1id":"aurefreeks","p2id":"5hoopa","formatid":"gen9nationaldex","rating":1170,"private":0,"password":""}