{"id":"gen9nationaldex-1987246633","p1":"leona misa","p2":"JogadorCaro","format":"[Gen 9] National Dex","log":"|j|\u2606leona misa\n|j|\u2606JogadorCaro\n|t:|1699569089\n|gametype|singles\n|player|p1|leona misa|lucas|1756\n|player|p2|JogadorCaro|tate|1791\n|teamsize|p1|6\n|teamsize|p2|6\n|gen|9\n|tier|[Gen 9] National Dex\n|rated|\n|rule|HP Percentage Mod: HP is shown in percentages\n|rule|Endless Battle Clause: Forcing endless battles is banned\n|rule|OHKO Clause: OHKO moves are banned\n|rule|Evasion Clause: Evasion abilities, items, and moves are banned\n|rule|Evasion Abilities Clause: Evasion abilities are banned\n|rule|Evasion Items Clause: Evasion items are banned\n|rule|Evasion Moves Clause: Evasion moves are banned\n|rule|Species Clause: Limit one of each Pok\u00e9mon\n|rule|Sleep Clause Mod: Limit one foe put to sleep\n|clearpoke\n|poke|p1|Tyranitar, M|\n|poke|p1|Excadrill, M|\n|poke|p1|Zamazenta-*|\n|poke|p1|Tapu Lele|\n|poke|p1|Ogerpon-Wellspring, F|\n|poke|p1|Skarmory, F|\n|poke|p2|Garganacl, M|\n|poke|p2|Zamazenta-*|\n|poke|p2|Volcarona, M|\n|poke|p2|Hoopa-Unbound|\n|poke|p2|Dondozo, F|\n|poke|p2|Rotom-Wash|\n|teampreview\n|inactive|Battle timer is ON: inactive players will automatically lose when time's up. (requested by leona misa)\n|\n|t:|1699569101\n|start\n|switch|p1a: Tapu Lele|Tapu Lele|100\/100\n|switch|p2a: mulher|Rotom-Wash|100\/100\n|-fieldstart|move: Psychic Terrain|[from] ability: Psychic Surge|[of] p1a: Tapu Lele\n|turn|1\n|\n|t:|1699569111\n|move|p1a: Tapu Lele|Future Sight|p2a: mulher\n|-start|p1a: Tapu Lele|move: Future Sight\n|move|p2a: mulher|Volt Switch|p1a: Tapu Lele\n|-damage|p1a: Tapu Lele|72\/100\n|\n|t:|1699569116\n|switch|p2a: Agito|Hoopa-Unbound|100\/100|[from] Volt Switch\n|\n|upkeep\n|turn|2\n|\n|t:|1699569131\n|switch|p1a: Tyranitar|Tyranitar, M|100\/100\n|-weather|Sandstorm|[from] ability: Sand Stream|[of] p1a: Tyranitar\n|move|p2a: Agito|Focus Blast|p1a: Tyranitar|[miss]\n|-miss|p2a: Agito|p1a: Tyranitar\n|\n|-weather|Sandstorm|[upkeep]\n|-damage|p2a: Agito|95\/100|[from] Sandstorm\n|upkeep\n|turn|3\n|c|\u2606JogadorCaro|voc\u00ea pode jogar bem\n|c|\u2606JogadorCaro|vai l\u00e1\n|c|\u2606JogadorCaro|da o predict certinhio\n|c|\u2606JogadorCaro|so nao te garanto que tu vai acertar\n|\n|t:|1699569151\n|switch|p1a: Tapu Lele|Tapu Lele|72\/100\n|move|p2a: Agito|Focus Blast|p1a: Tapu Lele\n|-resisted|p1a: Tapu Lele\n|-damage|p1a: Tapu Lele|53\/100\n|\n|-weather|Sandstorm|[upkeep]\n|-damage|p1a: Tapu Lele|47\/100|[from] Sandstorm\n|-damage|p2a: Agito|89\/100|[from] Sandstorm\n|-end|p2a: Agito|move: Future Sight\n|-immune|p2a: Agito\n|upkeep\n|turn|4\n|\n|t:|1699569163\n|switch|p2a: Endeavor|Volcarona, M|100\/100\n|move|p1a: Tapu Lele|Future Sight|p2a: Endeavor\n|-start|p1a: Tapu Lele|move: Future Sight\n|\n|-weather|Sandstorm|[upkeep]\n|-damage|p2a: Endeavor|94\/100|[from] Sandstorm\n|-damage|p1a: Tapu Lele|41\/100|[from] Sandstorm\n|upkeep\n|turn|5\n|\n|t:|1699569168\n|move|p2a: Endeavor|Bug Buzz|p1a: Tapu Lele\n|-damage|p1a: Tapu Lele|0 fnt\n|faint|p1a: Tapu Lele\n|\n|-weather|Sandstorm|[upkeep]\n|-damage|p2a: Endeavor|88\/100|[from] Sandstorm\n|-fieldend|move: Psychic Terrain\n|upkeep\n|\n|t:|1699569178\n|switch|p1a: Excadrill|Excadrill, M|100\/100\n|turn|6\n|\n|t:|1699569181\n|move|p1a: Excadrill|Swords Dance|p1a: Excadrill\n|-boost|p1a: Excadrill|atk|2\n|move|p2a: Endeavor|Fiery Dance|p1a: Excadrill\n|-supereffective|p1a: Excadrill\n|-damage|p1a: Excadrill|0 fnt\n|-boost|p2a: Endeavor|spa|1\n|faint|p1a: Excadrill\n|\n|-weather|none\n|-end|p2a: Endeavor|move: Future Sight\n|-damage|p2a: Endeavor|13\/100\n|upkeep\n|\n|t:|1699569185\n|switch|p1a: Ogerpon|Ogerpon-Wellspring, F|100\/100\n|turn|7\n|\n|t:|1699569192\n|move|p1a: Ogerpon|Ivy Cudgel|p2a: Endeavor\n|-supereffective|p2a: Endeavor\n|-damage|p2a: Endeavor|0 fnt\n|faint|p2a: Endeavor\n|\n|upkeep\n|\n|t:|1699569197\n|switch|p2a: Toji|Zamazenta|100\/100\n|-ability|p2a: Toji|Dauntless Shield|boost\n|-boost|p2a: Toji|def|1\n|turn|8\n|\n|t:|1699569201\n|switch|p1a: Skarmory|Skarmory, F|100\/100\n|move|p2a: Toji|Close Combat|p1a: Skarmory\n|-damage|p1a: Skarmory|47\/100\n|-unboost|p2a: Toji|def|1\n|-unboost|p2a: Toji|spd|1\n|-damage|p2a: Toji|84\/100|[from] item: Rocky Helmet|[of] p1a: Skarmory\n|\n|upkeep\n|turn|9\n|\n|t:|1699569207\n|move|p2a: Toji|Close Combat|p1a: Skarmory\n|-damage|p1a: Skarmory|0 fnt\n|-unboost|p2a: Toji|def|1\n|-unboost|p2a: Toji|spd|1\n|-damage|p2a: Toji|67\/100|[from] item: Rocky Helmet|[of] p1a: Skarmory\n|faint|p1a: Skarmory\n|\n|upkeep\n|\n|t:|1699569213\n|switch|p1a: Zamazenta|Zamazenta|100\/100\n|-ability|p1a: Zamazenta|Dauntless Shield|boost\n|-boost|p1a: Zamazenta|def|1\n|turn|10\n|\n|t:|1699569223\n|switch|p2a: mulher|Rotom-Wash|100\/100\n|-terastallize|p1a: Zamazenta|Fighting\n|move|p1a: Zamazenta|Close Combat|p2a: mulher\n|-damage|p2a: mulher|0 fnt\n|-unboost|p1a: Zamazenta|def|1\n|-unboost|p1a: Zamazenta|spd|1\n|faint|p2a: mulher\n|\n|upkeep\n|\n|t:|1699569229\n|switch|p2a: Mahoraga|Garganacl, M|100\/100\n|turn|11\n|\n|t:|1699569237\n|switch|p1a: Tyranitar|Tyranitar, M|100\/100\n|-weather|Sandstorm|[from] ability: Sand Stream|[of] p1a: Tyranitar\n|-terastallize|p2a: Mahoraga|Ghost\n|move|p2a: Mahoraga|Iron Defense|p2a: Mahoraga\n|-boost|p2a: Mahoraga|def|2\n|\n|-weather|Sandstorm|[upkeep]\n|-damage|p2a: Mahoraga|94\/100|[from] Sandstorm\n|-heal|p2a: Mahoraga|100\/100|[from] item: Leftovers\n|upkeep\n|turn|12\n|\n|t:|1699569245\n|detailschange|p1a: Tyranitar|Tyranitar-Mega, M\n|-mega|p1a: Tyranitar|Tyranitar|Tyranitarite\n|move|p1a: Tyranitar|Knock Off|p2a: Mahoraga\n|-supereffective|p2a: Mahoraga\n|-damage|p2a: Mahoraga|66\/100\n|-enditem|p2a: Mahoraga|Leftovers|[from] move: Knock Off|[of] p1a: Tyranitar\n|move|p2a: Mahoraga|Iron Defense|p2a: Mahoraga\n|-boost|p2a: Mahoraga|def|2\n|\n|-weather|Sandstorm|[upkeep]\n|-damage|p2a: Mahoraga|60\/100|[from] Sandstorm\n|upkeep\n|turn|13\n|\n|t:|1699569250\n|move|p1a: Tyranitar|Knock Off|p2a: Mahoraga\n|-supereffective|p2a: Mahoraga\n|-damage|p2a: Mahoraga|45\/100\n|move|p2a: Mahoraga|Iron Defense|p2a: Mahoraga\n|-boost|p2a: Mahoraga|def|2\n|\n|-weather|Sandstorm|[upkeep]\n|-damage|p2a: Mahoraga|39\/100|[from] Sandstorm\n|upkeep\n|turn|14\n|\n|t:|1699569256\n|move|p1a: Tyranitar|Knock Off|p2a: Mahoraga\n|-supereffective|p2a: Mahoraga\n|-damage|p2a: Mahoraga|26\/100\n|move|p2a: Mahoraga|Recover|p2a: Mahoraga\n|-heal|p2a: Mahoraga|76\/100\n|\n|-weather|Sandstorm|[upkeep]\n|-damage|p2a: Mahoraga|70\/100|[from] Sandstorm\n|upkeep\n|turn|15\n|\n|t:|1699569260\n|move|p1a: Tyranitar|Knock Off|p2a: Mahoraga\n|-supereffective|p2a: Mahoraga\n|-damage|p2a: Mahoraga|58\/100\n|move|p2a: Mahoraga|Recover|p2a: Mahoraga\n|-heal|p2a: Mahoraga|100\/100\n|\n|-weather|none\n|upkeep\n|turn|16\n|\n|t:|1699569262\n|move|p1a: Tyranitar|Knock Off|p2a: Mahoraga\n|-supereffective|p2a: Mahoraga\n|-damage|p2a: Mahoraga|88\/100\n|move|p2a: Mahoraga|Body Press|p1a: Tyranitar\n|-supereffective|p1a: Tyranitar\n|-damage|p1a: Tyranitar|0 fnt\n|faint|p1a: Tyranitar\n|\n|upkeep\n|\n|t:|1699569270\n|switch|p1a: Ogerpon|Ogerpon-Wellspring, F|100\/100\n|turn|17\n|\n|t:|1699569272\n|move|p1a: Ogerpon|Ivy Cudgel|p2a: Mahoraga\n|-damage|p2a: Mahoraga|81\/100\n|move|p2a: Mahoraga|Body Press|p1a: Ogerpon\n|-damage|p1a: Ogerpon|0 fnt\n|faint|p1a: Ogerpon\n|\n|upkeep\n|\n|t:|1699569274\n|switch|p1a: Zamazenta|Zamazenta, tera:Fighting|100\/100\n|turn|18\n|-message|leona misa forfeited.\n|\n|win|JogadorCaro\n|raw|leona misa's rating: 1756 &rarr; <strong>1738<\/strong><br \/>(-18 for losing)\n|raw|JogadorCaro's rating: 1791 &rarr; <strong>1809<\/strong><br \/>(+18 for winning)\n|l|\u2606leona misa\n","uploadtime":1699570159,"views":6,"p1id":"leonamisa","p2id":"jogadorcaro","formatid":"gen9nationaldex","rating":1738,"private":0,"password":""}