{"id":"gen9nationaldex-1998292940","p1":"KodIdel","p2":"1nfuseddd","format":"[Gen 9] National Dex","log":"|html|<div class=\"broadcast-blue\"><strong>[Gen 9] National Dex is currently suspecting Sneasler! For information on how to participate check out the <a href=\"https:\/\/www.smogon.com\/forums\/threads\/sv-national-dex-suspect-8-just-dance.3731534\/\">suspect thread<\/a>.<\/strong><\/div>\n|j|\u2606KodIdel\n|j|\u26061nfuseddd\n|t:|1700925692\n|gametype|singles\n|player|p1|KodIdel|wallace|\n|player|p2|1nfuseddd|hilda-wonderlauncher|\n|teamsize|p1|6\n|teamsize|p2|6\n|gen|9\n|tier|[Gen 9] National Dex\n|rule|HP Percentage Mod: HP is shown in percentages\n|rule|Endless Battle Clause: Forcing endless battles is banned\n|rule|OHKO Clause: OHKO moves are banned\n|rule|Evasion Clause: Evasion abilities, items, and moves are banned\n|rule|Evasion Abilities Clause: Evasion abilities are banned\n|rule|Evasion Items Clause: Evasion items are banned\n|rule|Evasion Moves Clause: Evasion moves are banned\n|rule|Species Clause: Limit one of each Pok\u00e9mon\n|rule|Sleep Clause Mod: Limit one foe put to sleep\n|clearpoke\n|poke|p1|Ampharos, M|\n|poke|p1|Golem-Alola, F|\n|poke|p1|Lanturn, M|\n|poke|p1|Toxtricity, M|\n|poke|p1|Dracozolt|\n|poke|p1|Iron Thorns|\n|poke|p2|Delphox, F|\n|poke|p2|Blaziken, M|\n|poke|p2|Charizard, M|\n|poke|p2|Ceruledge, M|\n|poke|p2|Talonflame, F|\n|poke|p2|Iron Moth|\n|teampreview\n|\n|t:|1700925705\n|start\n|switch|p1a: Dilda|Iron Thorns, shiny|100\/100\n|switch|p2a: Blaziken|Blaziken, M|100\/100\n|-enditem|p1a: Dilda|Booster Energy\n|-activate|p1a: Dilda|ability: Quark Drive|[fromitem]\n|-start|p1a: Dilda|quarkdriveatk\n|turn|1\n|\n|t:|1700925719\n|move|p2a: Blaziken|Swords Dance|p2a: Blaziken\n|-boost|p2a: Blaziken|atk|2\n|move|p1a: Dilda|Spikes|p2a: Blaziken\n|-sidestart|p2: 1nfuseddd|Spikes\n|\n|-ability|p2a: Blaziken|Speed Boost|boost\n|-boost|p2a: Blaziken|spe|1\n|upkeep\n|turn|2\n|\n|t:|1700925729\n|move|p2a: Blaziken|Low Kick|p1a: Dilda\n|-supereffective|p1a: Dilda\n|-damage|p1a: Dilda|0 fnt\n|faint|p1a: Dilda\n|-end|p1a: Dilda|Quark Drive|[silent]\n|\n|-ability|p2a: Blaziken|Speed Boost|boost\n|-boost|p2a: Blaziken|spe|1\n|upkeep\n|\n|t:|1700925754\n|switch|p1a: GoodAss|Dracozolt, shiny|100\/100\n|turn|3\n|\n|t:|1700925763\n|move|p2a: Blaziken|Low Kick|p1a: GoodAss\n|-damage|p1a: GoodAss|0 fnt\n|faint|p1a: GoodAss\n|\n|-ability|p2a: Blaziken|Speed Boost|boost\n|-boost|p2a: Blaziken|spe|1\n|upkeep\n|\n|t:|1700925771\n|switch|p1a: Bidlo|Toxtricity, M, shiny|100\/100\n|turn|4\n|\n|t:|1700925777\n|move|p2a: Blaziken|Low Kick|p1a: Bidlo\n|-resisted|p1a: Bidlo\n|-damage|p1a: Bidlo|51\/100\n|move|p1a: Bidlo|Boomburst|p2a: Blaziken\n|-damage|p2a: Blaziken|0 fnt\n|faint|p2a: Blaziken\n|\n|upkeep\n|\n|t:|1700925786\n|switch|p2a: Charizard|Charizard, M|100\/100\n|turn|5\n|\n|t:|1700925794\n|detailschange|p2a: Charizard|Charizard-Mega-X, M\n|-mega|p2a: Charizard|Charizard|Charizardite X\n|move|p2a: Charizard|Dragon Claw|p1a: Bidlo\n|-damage|p1a: Bidlo|0 fnt\n|faint|p1a: Bidlo\n|\n|upkeep\n|\n|t:|1700925802\n|switch|p1a: Ampharos|Ampharos, M|100\/100\n|turn|6\n|\n|t:|1700925806\n|detailschange|p1a: Ampharos|Ampharos-Mega, M\n|-mega|p1a: Ampharos|Ampharos|Ampharosite\n|-ability|p1a: Ampharos|Mold Breaker\n|move|p2a: Charizard|Dragon Claw|p1a: Ampharos\n|-supereffective|p1a: Ampharos\n|-damage|p1a: Ampharos|0 fnt\n|faint|p1a: Ampharos\n|\n|upkeep\n|\n|t:|1700925817\n|switch|p1a: Lsmpochka|Lanturn, M, shiny|100\/100\n|turn|7\n|\n|t:|1700925822\n|-terastallize|p1a: Lsmpochka|Water\n|move|p2a: Charizard|Dragon Claw|p1a: Lsmpochka\n|-damage|p1a: Lsmpochka|29\/100\n|move|p1a: Lsmpochka|Scald|p2a: Charizard\n|-damage|p2a: Charizard|48\/100\n|\n|upkeep\n|turn|8\n|\n|t:|1700925832\n|move|p2a: Charizard|Dragon Claw|p1a: Lsmpochka\n|-damage|p1a: Lsmpochka|0 fnt\n|faint|p1a: Lsmpochka\n|\n|upkeep\n|\n|t:|1700925837\n|switch|p1a: Sharik|Golem-Alola, F|100\/100\n|turn|9\n|\n|t:|1700925846\n|move|p2a: Charizard|Dragon Claw|p1a: Sharik\n|-damage|p1a: Sharik|56\/100\n|move|p1a: Sharik|Stone Edge|p2a: Charizard\n|-supereffective|p2a: Charizard\n|-damage|p2a: Charizard|0 fnt\n|faint|p2a: Charizard\n|\n|upkeep\n|\n|t:|1700925857\n|switch|p2a: Delphox|Delphox, F|100\/100\n|-damage|p2a: Delphox|88\/100|[from] Spikes\n|turn|10\n|\n|t:|1700925863\n|move|p2a: Delphox|Psychic|p1a: Sharik\n|-damage|p1a: Sharik|0 fnt\n|faint|p1a: Sharik\n|\n|win|1nfuseddd\n|l|\u2606KodIdel\n|j|\u2606KodIdel\n|player|p1|KodIdel|wallace\n|l|\u2606KodIdel\n|player|p1|\n","uploadtime":1700926047,"views":11,"p1id":"kodidel","p2id":"1nfuseddd","formatid":"gen9nationaldex","rating":0,"private":0,"password":""}