{"id":"gen9nationaldex-1993615804","p1":"Rookiedoce","p2":"Alexander90281","format":"[Gen 9] National Dex","log":"|j|\u2606Rookiedoce\n|j|\u2606Alexander90281\n|inactive|Battle timer is ON: inactive players will automatically lose when time's up.\n|t:|1700337829\n|gametype|singles\n|player|p1|Rookiedoce|cheren|\n|player|p2|Alexander90281|tateandliza-gen6|\n|teamsize|p1|6\n|teamsize|p2|6\n|gen|9\n|tier|[Gen 9] National Dex\n|rated|Tournament battle\n|rule|HP Percentage Mod: HP is shown in percentages\n|rule|Endless Battle Clause: Forcing endless battles is banned\n|rule|OHKO Clause: OHKO moves are banned\n|rule|Evasion Clause: Evasion abilities, items, and moves are banned\n|rule|Evasion Abilities Clause: Evasion abilities are banned\n|rule|Evasion Items Clause: Evasion items are banned\n|rule|Evasion Moves Clause: Evasion moves are banned\n|rule|Species Clause: Limit one of each Pok\u00e9mon\n|rule|Sleep Clause Mod: Limit one foe put to sleep\n|clearpoke\n|poke|p1|Lopunny, F|\n|poke|p1|Scream Tail|\n|poke|p1|Dondozo, F|\n|poke|p1|Gliscor, M|\n|poke|p1|Victini|\n|poke|p1|Great Tusk|\n|poke|p2|Mimikyu, M|\n|poke|p2|Hatterene, F|\n|poke|p2|Mawile, M|\n|poke|p2|Victini|\n|poke|p2|Jirachi|\n|poke|p2|Ceruledge, F|\n|teampreview\n|j| nodogsaleystay\n|\n|t:|1700337851\n|start\n|switch|p1a: Great Tusk|Great Tusk|100\/100\n|switch|p2a: Victini|Victini|100\/100\n|turn|1\n|\n|t:|1700337860\n|move|p2a: Victini|Final Gambit|p1a: Great Tusk\n|-damage|p1a: Great Tusk|7\/100\n|faint|p2a: Victini\n|move|p1a: Great Tusk|Earthquake|p2: Victini|[notarget]\n|-fail|p1a: Great Tusk\n|\n|-heal|p1a: Great Tusk|13\/100|[from] item: Leftovers\n|upkeep\n|\n|t:|1700337865\n|switch|p2a: Hatterene|Hatterene, F|100\/100\n|turn|2\n|inactive|Rookiedoce has 120 seconds left.\n|inactive|Rookiedoce has 90 seconds left.\n|\n|t:|1700337929\n|move|p1a: Great Tusk|Knock Off|p2a: Hatterene\n|-damage|p2a: Hatterene|69\/100\n|-enditem|p2a: Hatterene|Focus Sash|[from] move: Knock Off|[of] p1a: Great Tusk\n|move|p2a: Hatterene|Trick Room|p2a: Hatterene\n|-fieldstart|move: Trick Room|[of] p2a: Hatterene\n|\n|-heal|p1a: Great Tusk|20\/100|[from] item: Leftovers\n|upkeep\n|turn|3\n|inactive|Rookiedoce has 90 seconds left.\n|\n|t:|1700337969\n|-end|p1a: Great Tusk|Protosynthesis|[silent]\n|switch|p1a: Gliscor|Gliscor, M|100\/100\n|move|p2a: Hatterene|Psychic|p1a: Gliscor\n|-damage|p1a: Gliscor|53\/100\n|\n|-status|p1a: Gliscor|tox|[from] item: Toxic Orb\n|upkeep\n|turn|4\n|\n|t:|1700337977\n|move|p2a: Hatterene|Psychic|p1a: Gliscor\n|-damage|p1a: Gliscor|5\/100 tox\n|move|p1a: Gliscor|Roost|p1a: Gliscor\n|-heal|p1a: Gliscor|55\/100 tox\n|-singleturn|p1a: Gliscor|move: Roost\n|\n|-heal|p1a: Gliscor|68\/100 tox|[from] ability: Poison Heal\n|upkeep\n|turn|5\n|\n|t:|1700337986\n|move|p2a: Hatterene|Psychic|p1a: Gliscor\n|-damage|p1a: Gliscor|25\/100 tox\n|move|p1a: Gliscor|Roost|p1a: Gliscor\n|-heal|p1a: Gliscor|75\/100 tox\n|-singleturn|p1a: Gliscor|move: Roost\n|\n|-heal|p1a: Gliscor|87\/100 tox|[from] ability: Poison Heal\n|upkeep\n|turn|6\n|\n|t:|1700338000\n|move|p2a: Hatterene|Psychic|p1a: Gliscor\n|-damage|p1a: Gliscor|41\/100 tox\n|-unboost|p1a: Gliscor|spd|1\n|move|p1a: Gliscor|Facade|p2a: Hatterene\n|-damage|p2a: Hatterene|36\/100\n|\n|-heal|p1a: Gliscor|53\/100 tox|[from] ability: Poison Heal\n|-fieldend|move: Trick Room\n|upkeep\n|turn|7\n|\n|t:|1700338014\n|move|p1a: Gliscor|Facade|p2a: Hatterene\n|-damage|p2a: Hatterene|1\/100\n|move|p2a: Hatterene|Trick Room|p2a: Hatterene\n|-fieldstart|move: Trick Room|[of] p2a: Hatterene\n|\n|-heal|p1a: Gliscor|66\/100 tox|[from] ability: Poison Heal\n|upkeep\n|turn|8\n|\n|t:|1700338025\n|switch|p1a: Scream Tail|Scream Tail|100\/100\n|move|p2a: Hatterene|Psychic|p1a: Scream Tail\n|-resisted|p1a: Scream Tail\n|-damage|p1a: Scream Tail|83\/100\n|\n|-heal|p1a: Scream Tail|90\/100|[from] item: Leftovers\n|upkeep\n|turn|9\n|\n|t:|1700338034\n|move|p2a: Hatterene|Healing Wish|p2a: Hatterene\n|faint|p2a: Hatterene\n|move|p1a: Scream Tail|Dazzling Gleam|p2: Hatterene|[notarget]\n|-fail|p1a: Scream Tail\n|\n|-heal|p1a: Scream Tail|96\/100|[from] item: Leftovers\n|upkeep\n|\n|t:|1700338038\n|switch|p2a: Mawile|Mawile, M|100\/100\n|-ability|p2a: Mawile|Intimidate|boost\n|-unboost|p1a: Scream Tail|atk|1\n|turn|10\n|inactive|Rookiedoce has 90 seconds left.\n|\n|t:|1700338053\n|detailschange|p2a: Mawile|Mawile-Mega, M\n|-mega|p2a: Mawile|Mawile|Mawilite\n|move|p2a: Mawile|Play Rough|p1a: Scream Tail\n|-damage|p1a: Scream Tail|24\/100\n|move|p1a: Scream Tail|Encore|p2a: Mawile\n|-start|p2a: Mawile|Encore\n|\n|-heal|p1a: Scream Tail|31\/100|[from] item: Leftovers\n|upkeep\n|turn|11\n|inactive|Rookiedoce has 90 seconds left.\n|\n|t:|1700338070\n|move|p2a: Mawile|Play Rough|p1a: Scream Tail\n|-damage|p1a: Scream Tail|0 fnt\n|faint|p1a: Scream Tail\n|-end|p1a: Scream Tail|Protosynthesis|[silent]\n|\n|-fieldend|move: Trick Room\n|upkeep\n|\n|t:|1700338079\n|switch|p1a: Dondozo|Dondozo, F|100\/100\n|turn|12\n|\n|t:|1700338083\n|move|p1a: Dondozo|Liquidation|p2a: Mawile\n|-damage|p2a: Mawile|73\/100\n|move|p2a: Mawile|Play Rough|p1a: Dondozo\n|-damage|p1a: Dondozo|48\/100\n|\n|-heal|p1a: Dondozo|54\/100|[from] item: Leftovers\n|upkeep\n|turn|13\n|\n|t:|1700338088\n|move|p1a: Dondozo|Liquidation|p2a: Mawile\n|-damage|p2a: Mawile|44\/100\n|-unboost|p2a: Mawile|def|1\n|move|p2a: Mawile|Play Rough|p1a: Dondozo\n|-damage|p1a: Dondozo|5\/100\n|\n|-heal|p1a: Dondozo|11\/100|[from] item: Leftovers\n|-end|p2a: Mawile|Encore\n|upkeep\n|turn|14\n|\n|t:|1700338098\n|switch|p2a: Jirachi|Jirachi, shiny|100\/100\n|move|p1a: Dondozo|Liquidation|p2a: Jirachi\n|-damage|p2a: Jirachi|71\/100\n|\n|-heal|p1a: Dondozo|18\/100|[from] item: Leftovers\n|upkeep\n|turn|15\n|\n|t:|1700338114\n|switch|p1a: Victini|Victini|100\/100\n|move|p2a: Jirachi|Charge Beam|p1a: Victini\n|-damage|p1a: Victini|86\/100\n|-boost|p2a: Jirachi|spa|1\n|\n|upkeep\n|turn|16\n|\n|t:|1700338123\n|switch|p2a: Ceruledge|Ceruledge, F|100\/100\n|move|p1a: Victini|V-create|p2a: Ceruledge\n|-start|p2a: Ceruledge|ability: Flash Fire\n|\n|upkeep\n|turn|17\n|\n|t:|1700338139\n|switch|p1a: Dondozo|Dondozo, F|18\/100\n|move|p2a: Ceruledge|Bitter Blade|p1a: Dondozo\n|-resisted|p1a: Dondozo\n|-damage|p1a: Dondozo|0 fnt\n|faint|p1a: Dondozo\n|\n|upkeep\n|\n|t:|1700338141\n|switch|p1a: Great Tusk|Great Tusk|20\/100\n|turn|18\n|\n|t:|1700338144\n|-terastallize|p2a: Ceruledge|Grass\n|move|p1a: Great Tusk|Earthquake|p2a: Ceruledge\n|-resisted|p2a: Ceruledge\n|-damage|p2a: Ceruledge|73\/100\n|move|p2a: Ceruledge|Bitter Blade|p1a: Great Tusk\n|-damage|p1a: Great Tusk|0 fnt\n|-heal|p2a: Ceruledge|87\/100|[from] drain|[of] p1a: Great Tusk\n|faint|p1a: Great Tusk\n|-end|p1a: Great Tusk|Protosynthesis|[silent]\n|\n|upkeep\n|\n|t:|1700338149\n|switch|p1a: Victini|Victini|86\/100\n|turn|19\n|\n|t:|1700338152\n|move|p1a: Victini|U-turn|p2a: Ceruledge\n|-supereffective|p2a: Ceruledge\n|-damage|p2a: Ceruledge|37\/100\n|-enditem|p2a: Ceruledge|Weakness Policy\n|-boost|p2a: Ceruledge|atk|2|[from] item: Weakness Policy\n|-boost|p2a: Ceruledge|spa|2|[from] item: Weakness Policy\n|\n|t:|1700338156\n|switch|p1a: Lopunny|Lopunny, F|100\/100|[from] U-turn\n|move|p2a: Ceruledge|Poltergeist|p1a: Lopunny\n|-immune|p1a: Lopunny\n|\n|upkeep\n|turn|20\n|\n|t:|1700338173\n|-end|p2a: Ceruledge|ability: Flash Fire|[silent]\n|switch|p2a: Mimikyu|Mimikyu, M|100\/100\n|detailschange|p1a: Lopunny|Lopunny-Mega, F\n|-mega|p1a: Lopunny|Lopunny|Lopunnite\n|move|p1a: Lopunny|Fake Out|p2a: Mimikyu\n|-activate|p2a: Mimikyu|ability: Disguise\n|-damage|p2a: Mimikyu|100\/100\n|detailschange|p2a: Mimikyu|Mimikyu-Busted, M\n|-damage|p2a: Mimikyu|88\/100|[from] pokemon: Mimikyu-Busted\n|\n|upkeep\n|turn|21\n|inactive|Rookiedoce has 120 seconds left.\n|\n|t:|1700338203\n|move|p1a: Lopunny|Return|p2a: Mimikyu\n|-damage|p2a: Mimikyu|40\/100\n|-enditem|p2a: Mimikyu|Sitrus Berry|[eat]\n|-heal|p2a: Mimikyu|65\/100|[from] item: Sitrus Berry\n|move|p2a: Mimikyu|Trick Room|p2a: Mimikyu\n|-fieldstart|move: Trick Room|[of] p2a: Mimikyu\n|\n|upkeep\n|turn|22\n|inactive|Rookiedoce has 120 seconds left.\n|\n|t:|1700338221\n|move|p2a: Mimikyu|Curse|p1a: Lopunny\n|-start|p1a: Lopunny|Curse|[of] p2a: Mimikyu\n|-damage|p2a: Mimikyu|15\/100\n|move|p1a: Lopunny|Return|p2a: Mimikyu\n|-damage|p2a: Mimikyu|0 fnt\n|faint|p2a: Mimikyu\n|\n|-damage|p1a: Lopunny|76\/100|[from] Curse\n|upkeep\n|\n|t:|1700338225\n|switch|p2a: Ceruledge|Ceruledge, F, tera:Grass|37\/100\n|-heal|p2a: Ceruledge|100\/100|[from] move: Healing Wish\n|turn|23\n|inactive|Rookiedoce has 120 seconds left.\n|\n|t:|1700338248\n|switch|p1a: Gliscor|Gliscor, M|66\/100 tox\n|move|p2a: Ceruledge|Swords Dance|p2a: Ceruledge\n|-boost|p2a: Ceruledge|atk|2\n|\n|-heal|p1a: Gliscor|78\/100 tox|[from] ability: Poison Heal\n|upkeep\n|turn|24\n|\n|t:|1700338261\n|move|p2a: Ceruledge|Bitter Blade|p1a: Gliscor\n|-crit|p1a: Gliscor\n|-damage|p1a: Gliscor|0 fnt\n|faint|p1a: Gliscor\n|\n|upkeep\n|\n|t:|1700338269\n|switch|p1a: Lopunny|Lopunny-Mega, F|76\/100\n|turn|25\n|j| jaarce\n|\n|t:|1700338276\n|move|p2a: Ceruledge|Tera Blast|p1a: Lopunny|[anim] Tera Blast Grass\n|-damage|p1a: Lopunny|0 fnt\n|faint|p1a: Lopunny\n|\n|-fieldend|move: Trick Room\n|upkeep\n|\n|t:|1700338278\n|switch|p1a: Victini|Victini|86\/100\n|turn|26\n|\n|t:|1700338283\n|move|p1a: Victini|Bolt Strike|p2a: Ceruledge\n|-resisted|p2a: Ceruledge\n|-damage|p2a: Ceruledge|77\/100\n|move|p2a: Ceruledge|Bitter Blade|p1a: Victini\n|-resisted|p1a: Victini\n|-damage|p1a: Victini|40\/100\n|-heal|p2a: Ceruledge|100\/100|[from] drain|[of] p1a: Victini\n|\n|upkeep\n|turn|27\n|\n|t:|1700338285\n|move|p1a: Victini|Bolt Strike|p2a: Ceruledge\n|-resisted|p2a: Ceruledge\n|-damage|p2a: Ceruledge|77\/100\n|move|p2a: Ceruledge|Bitter Blade|p1a: Victini\n|-resisted|p1a: Victini\n|-damage|p1a: Victini|0 fnt\n|-heal|p2a: Ceruledge|99\/100|[from] drain|[of] p1a: Victini\n|faint|p1a: Victini\n|\n|win|Alexander90281\n|n|\u2606Rookiedoce|rookiedoce\n|n|\u2606Alexander90281|alexander90281\n|n| nodogsaleystay|nodogsaleystay\n|n| jaarce|jaarce\n|c|\u2606Rookiedoce|gg\n|l|\u2606Alexander90281\n|l|\u2606Rookiedoce\n","uploadtime":1700338304,"views":6,"p1id":"rookiedoce","p2id":"alexander90281","formatid":"gen9nationaldex","rating":0,"private":0,"password":""}