{"id":"gen9nationaldex-1991012512","p1":"lux2821","p2":"burpsicles","format":"[Gen 9] National Dex","log":"|j|\u2606lux2821\n|j|\u2606burpsicles\n|t:|1700027826\n|gametype|singles\n|player|p1|lux2821|lusamine-nihilego|\n|player|p2|burpsicles|steven-masters3|\n|teamsize|p1|6\n|teamsize|p2|6\n|gen|9\n|tier|[Gen 9] National Dex\n|rule|HP Percentage Mod: HP is shown in percentages\n|rule|Endless Battle Clause: Forcing endless battles is banned\n|rule|OHKO Clause: OHKO moves are banned\n|rule|Evasion Clause: Evasion abilities, items, and moves are banned\n|rule|Evasion Abilities Clause: Evasion abilities are banned\n|rule|Evasion Items Clause: Evasion items are banned\n|rule|Evasion Moves Clause: Evasion moves are banned\n|rule|Species Clause: Limit one of each Pok\u00e9mon\n|rule|Sleep Clause Mod: Limit one foe put to sleep\n|clearpoke\n|poke|p1|Celesteela|\n|poke|p1|Swampert, M|\n|poke|p1|Necrozma|\n|poke|p1|Sharpedo, M|\n|poke|p1|Salamence, M|\n|poke|p1|Breloom, M|\n|poke|p2|Weavile, F|\n|poke|p2|Tapu Lele|\n|poke|p2|Ferrothorn, M|\n|poke|p2|Zapdos|\n|poke|p2|Gliscor, M|\n|poke|p2|Ogerpon-Wellspring, F|\n|teampreview\n|inactive|Battle timer is ON: inactive players will automatically lose when time's up. (requested by lux2821)\n|inactive|burpsicles also wants the timer to be on.\n|c|\u2606lux2821|glhf!\n|c|\u2606burpsicles|hf\n|\n|t:|1700027843\n|start\n|switch|p1a: Prizm|Necrozma, shiny|100\/100\n|switch|p2a: Weavile|Weavile, F|100\/100\n|-ability|p2a: Weavile|Pressure\n|turn|1\n|\n|t:|1700027848\n|-terastallize|p1a: Prizm|Fairy\n|move|p2a: Weavile|Knock Off|p1a: Prizm\n|-resisted|p1a: Prizm\n|-damage|p1a: Prizm|62\/100\n|-enditem|p1a: Prizm|Power Herb|[from] move: Knock Off|[of] p2a: Weavile\n|move|p1a: Prizm|Autotomize|p1a: Prizm\n|-boost|p1a: Prizm|spe|2\n|-start|p1a: Prizm|Autotomize\n|\n|upkeep\n|turn|2\n|\n|t:|1700027876\n|switch|p2a: Ferrothorn|Ferrothorn, M|100\/100\n|move|p1a: Prizm|Heat Wave|p2a: Ferrothorn\n|-supereffective|p2a: Ferrothorn\n|-damage|p2a: Ferrothorn|0 fnt\n|faint|p2a: Ferrothorn\n|\n|upkeep\n|\n|t:|1700027881\n|switch|p2a: Ogerpon|Ogerpon-Wellspring, F|100\/100\n|turn|3\n|\n|t:|1700027886\n|move|p1a: Prizm|Photon Geyser|p2a: Ogerpon\n|-damage|p2a: Ogerpon|31\/100\n|move|p2a: Ogerpon|Horn Leech|p1a: Prizm\n|-damage|p1a: Prizm|20\/100\n|-heal|p2a: Ogerpon|55\/100|[from] drain|[of] p1a: Prizm\n|\n|upkeep\n|turn|4\n|\n|t:|1700027903\n|-terastallize|p2a: Ogerpon|Water\n|detailschange|p2a: Ogerpon|Ogerpon-Wellspring-Tera, F, tera:Water\n|-ability|p2a: Ogerpon|Embody Aspect (Wellspring)|boost\n|-boost|p2a: Ogerpon|spd|1\n|move|p1a: Prizm|Photon Geyser|p2a: Ogerpon\n|-damage|p2a: Ogerpon|13\/100\n|move|p2a: Ogerpon|Horn Leech|p1a: Prizm\n|-damage|p1a: Prizm|0 fnt\n|-heal|p2a: Ogerpon|24\/100|[from] drain|[of] p1a: Prizm\n|faint|p1a: Prizm\n|\n|upkeep\n|\n|t:|1700027931\n|switch|p1a: Fungaroo|Breloom, M, shiny|100\/100\n|turn|5\n|\n|t:|1700027935\n|switch|p2a: Zapdos|Zapdos|100\/100\n|move|p1a: Fungaroo|Mach Punch|p2a: Zapdos\n|-resisted|p2a: Zapdos\n|-damage|p2a: Zapdos|89\/100\n|-status|p1a: Fungaroo|par|[from] ability: Static|[of] p2a: Zapdos\n|\n|upkeep\n|turn|6\n|\n|t:|1700027942\n|move|p2a: Zapdos|Hurricane|p1a: Fungaroo|[miss]\n|-miss|p2a: Zapdos|p1a: Fungaroo\n|move|p1a: Fungaroo|Spore|p2a: Zapdos\n|-status|p2a: Zapdos|slp|[from] move: Spore\n|\n|upkeep\n|turn|7\n|\n|t:|1700027946\n|switch|p2a: Gliscor|Gliscor, M|100\/100\n|cant|p1a: Fungaroo|par\n|\n|-status|p2a: Gliscor|tox|[from] item: Toxic Orb\n|upkeep\n|turn|8\n|\n|t:|1700027951\n|move|p2a: Gliscor|Spikes|p1a: Fungaroo\n|-sidestart|p1: lux2821|Spikes\n|move|p1a: Fungaroo|Swords Dance|p1a: Fungaroo\n|-boost|p1a: Fungaroo|atk|2\n|\n|upkeep\n|turn|9\n|\n|t:|1700027956\n|move|p2a: Gliscor|Spikes|p1a: Fungaroo\n|-sidestart|p1: lux2821|Spikes\n|move|p1a: Fungaroo|Bullet Seed|p2a: Gliscor\n|-damage|p2a: Gliscor|68\/100 tox\n|-damage|p2a: Gliscor|39\/100 tox\n|-damage|p2a: Gliscor|10\/100 tox\n|-damage|p2a: Gliscor|0 fnt\n|faint|p2a: Gliscor\n|-hitcount|p2: Gliscor|4\n|\n|upkeep\n|\n|t:|1700027960\n|switch|p2a: Tapu Lele|Tapu Lele|100\/100\n|-fieldstart|move: Psychic Terrain|[from] ability: Psychic Surge|[of] p2a: Tapu Lele\n|turn|10\n|\n|t:|1700027969\n|move|p2a: Tapu Lele|Moonblast|p1a: Fungaroo\n|-supereffective|p1a: Fungaroo\n|-damage|p1a: Fungaroo|0 fnt\n|faint|p1a: Fungaroo\n|\n|upkeep\n|\n|t:|1700027974\n|switch|p1a: Not an Uber?!?!?|Celesteela, shiny|100\/100\n|turn|11\n|\n|t:|1700027981\n|switch|p2a: Ogerpon|Ogerpon-Wellspring-Tera, F, tera:Water|24\/100\n|-ability|p2a: Ogerpon|Embody Aspect (Wellspring)|boost\n|-boost|p2a: Ogerpon|spd|1\n|move|p1a: Not an Uber?!?!?|Meteor Beam||[still]\n|-prepare|p1a: Not an Uber?!?!?|Meteor Beam\n|-boost|p1a: Not an Uber?!?!?|spa|1\n|-enditem|p1a: Not an Uber?!?!?|Power Herb\n|-anim|p1a: Not an Uber?!?!?|Meteor Beam|p2a: Ogerpon\n|-damage|p2a: Ogerpon|0 fnt\n|faint|p2a: Ogerpon\n|-ability|p1a: Not an Uber?!?!?|Beast Boost|boost\n|-boost|p1a: Not an Uber?!?!?|spa|1\n|\n|upkeep\n|\n|t:|1700027986\n|switch|p2a: Weavile|Weavile, F|100\/100\n|-ability|p2a: Weavile|Pressure\n|turn|12\n|\n|t:|1700027997\n|move|p2a: Weavile|Triple Axel|p1a: Not an Uber?!?!?\n|-damage|p1a: Not an Uber?!?!?|85\/100\n|-damage|p1a: Not an Uber?!?!?|53\/100\n|-damage|p1a: Not an Uber?!?!?|7\/100\n|-hitcount|p1a: Not an Uber?!?!?|3\n|move|p1a: Not an Uber?!?!?|Flamethrower|p2a: Weavile\n|-supereffective|p2a: Weavile\n|-damage|p2a: Weavile|0 fnt\n|faint|p2a: Weavile\n|-ability|p1a: Not an Uber?!?!?|Beast Boost|boost\n|-boost|p1a: Not an Uber?!?!?|spa|1\n|\n|upkeep\n|\n|t:|1700028001\n|switch|p2a: Tapu Lele|Tapu Lele|100\/100\n|turn|13\n|\n|t:|1700028005\n|move|p2a: Tapu Lele|Moonblast|p1a: Not an Uber?!?!?\n|-resisted|p1a: Not an Uber?!?!?\n|-crit|p1a: Not an Uber?!?!?\n|-damage|p1a: Not an Uber?!?!?|0 fnt\n|faint|p1a: Not an Uber?!?!?\n|\n|upkeep\n|\n|t:|1700028017\n|switch|p1a: Mudkip Moment?|Swampert, M|100\/100\n|-damage|p1a: Mudkip Moment?|84\/100|[from] Spikes\n|turn|14\n|\n|t:|1700028020\n|switch|p2a: Zapdos|Zapdos|89\/100 slp\n|move|p1a: Mudkip Moment?|Earthquake|p2a: Zapdos\n|-immune|p2a: Zapdos\n|\n|-fieldend|move: Psychic Terrain\n|upkeep\n|turn|15\n|\n|t:|1700028025\n|cant|p2a: Zapdos|slp\n|move|p1a: Mudkip Moment?|Stealth Rock|p2a: Zapdos\n|-sidestart|p2: burpsicles|move: Stealth Rock\n|\n|upkeep\n|turn|16\n|\n|t:|1700028030\n|cant|p2a: Zapdos|slp\n|move|p1a: Mudkip Moment?|Yawn||[still]\n|-fail|p1a: Mudkip Moment?\n|\n|upkeep\n|turn|17\n|\n|t:|1700028037\n|-curestatus|p2a: Zapdos|slp|[msg]\n|move|p2a: Zapdos|Hurricane|p1a: Mudkip Moment?\n|-crit|p1a: Mudkip Moment?\n|-damage|p1a: Mudkip Moment?|22\/100\n|move|p1a: Mudkip Moment?|Yawn|p2a: Zapdos\n|-start|p2a: Zapdos|move: Yawn|[of] p1a: Mudkip Moment?\n|\n|upkeep\n|turn|18\n|\n|t:|1700028045\n|switch|p2a: Tapu Lele|Tapu Lele|100\/100\n|-damage|p2a: Tapu Lele|88\/100|[from] Stealth Rock\n|-fieldstart|move: Psychic Terrain|[from] ability: Psychic Surge|[of] p2a: Tapu Lele\n|move|p1a: Mudkip Moment?|Earthquake|p2a: Tapu Lele\n|-damage|p2a: Tapu Lele|31\/100\n|\n|upkeep\n|turn|19\n|\n|t:|1700028050\n|move|p2a: Tapu Lele|Moonblast|p1a: Mudkip Moment?\n|-damage|p1a: Mudkip Moment?|0 fnt\n|faint|p1a: Mudkip Moment?\n|\n|upkeep\n|\n|t:|1700028056\n|switch|p1a: Jaws|Sharpedo, M|100\/100\n|-damage|p1a: Jaws|84\/100|[from] Spikes\n|turn|20\n|\n|t:|1700028061\n|move|p1a: Jaws|Protect|p1a: Jaws\n|-singleturn|p1a: Jaws|Protect\n|move|p2a: Tapu Lele|Moonblast|p1a: Jaws\n|-activate|p1a: Jaws|move: Protect\n|\n|-ability|p1a: Jaws|Speed Boost|boost\n|-boost|p1a: Jaws|spe|1\n|upkeep\n|turn|21\n|inactive|lux2821 has 270 seconds left.\n|\n|t:|1700028106\n|detailschange|p1a: Jaws|Sharpedo-Mega, M\n|-mega|p1a: Jaws|Sharpedo|Sharpedonite\n|move|p2a: Tapu Lele|Moonblast|p1a: Jaws\n|-supereffective|p1a: Jaws\n|-damage|p1a: Jaws|0 fnt\n|faint|p1a: Jaws\n|\n|upkeep\n|c|\u2606lux2821|I'm slower???????\n|\n|t:|1700028125\n|switch|p1a: Watermelon Felon|Salamence, M, shiny|100\/100\n|-ability|p1a: Watermelon Felon|Intimidate|boost\n|-unboost|p2a: Tapu Lele|atk|1\n|turn|22\n|c|\u2606burpsicles|adamant?\n|\n|t:|1700028131\n|move|p2a: Tapu Lele|Moonblast|p1a: Watermelon Felon\n|-supereffective|p1a: Watermelon Felon\n|-damage|p1a: Watermelon Felon|0 fnt\n|faint|p1a: Watermelon Felon\n|\n|win|burpsicles\n|c|\u2606lux2821|yeah\n|c|\u2606lux2821|gg\n|l|\u2606lux2821\n|c|\u2606burpsicles|gg\n","uploadtime":1700028146,"views":17,"p1id":"lux2821","p2id":"burpsicles","formatid":"gen9nationaldex","rating":0,"private":0,"password":""}