{"id":"gen9nationaldex-1992457400","p1":"hhbh","p2":"littleht6666","format":"[Gen 9] National Dex","log":"|j|\u2606hhbh\n|j|\u2606littleht6666\n|t:|1700189912\n|gametype|singles\n|player|p1|hhbh|169|1539\n|player|p2|littleht6666|elesa|1633\n|teamsize|p1|6\n|teamsize|p2|6\n|gen|9\n|tier|[Gen 9] National Dex\n|rated|\n|rule|HP Percentage Mod: HP is shown in percentages\n|rule|Endless Battle Clause: Forcing endless battles is banned\n|rule|OHKO Clause: OHKO moves are banned\n|rule|Evasion Clause: Evasion abilities, items, and moves are banned\n|rule|Evasion Abilities Clause: Evasion abilities are banned\n|rule|Evasion Items Clause: Evasion items are banned\n|rule|Evasion Moves Clause: Evasion moves are banned\n|rule|Species Clause: Limit one of each Pok\u00e9mon\n|rule|Sleep Clause Mod: Limit one foe put to sleep\n|clearpoke\n|poke|p1|Volcanion|\n|poke|p1|Ursaluna, M|\n|poke|p1|Slowbro, F|\n|poke|p1|Dragonite, M|\n|poke|p1|Mawile, F|\n|poke|p1|Maushold-Four|\n|poke|p2|Weavile, F|\n|poke|p2|Landorus-Therian, M|\n|poke|p2|Zapdos|\n|poke|p2|Volcanion|\n|poke|p2|Ursaluna, F|\n|poke|p2|Kartana|\n|teampreview\n|inactive|Battle timer is ON: inactive players will automatically lose when time's up. (requested by littleht6666)\n|\n|t:|1700189935\n|start\n|switch|p1a: Mawile|Mawile, F, shiny|100\/100\n|switch|p2a: Weavile|Weavile, F|100\/100\n|-ability|p2a: Weavile|Pressure\n|-ability|p1a: Mawile|Intimidate|boost\n|-unboost|p2a: Weavile|atk|1\n|turn|1\n|\n|t:|1700189945\n|switch|p2a: Landorus|Landorus-Therian, M|100\/100\n|-ability|p2a: Landorus|Intimidate|boost\n|-unboost|p1a: Mawile|atk|1\n|detailschange|p1a: Mawile|Mawile-Mega, F, shiny\n|-mega|p1a: Mawile|Mawile|Mawilite\n|move|p1a: Mawile|Play Rough|p2a: Landorus\n|-damage|p2a: Landorus|44\/100\n|\n|-heal|p2a: Landorus|50\/100|[from] item: Leftovers\n|upkeep\n|turn|2\n|\n|t:|1700189954\n|switch|p1a: Maushold|Maushold-Four, shiny|100\/100\n|move|p2a: Landorus|Stealth Rock|p1a: Maushold\n|-sidestart|p1: hhbh|move: Stealth Rock\n|\n|-heal|p2a: Landorus|56\/100|[from] item: Leftovers\n|upkeep\n|turn|3\n|\n|t:|1700189960\n|move|p1a: Maushold|Encore|p2a: Landorus\n|-start|p2a: Landorus|Encore\n|move|p2a: Landorus|Stealth Rock||[still]\n|-fail|p2a: Landorus\n|\n|-heal|p2a: Landorus|62\/100|[from] item: Leftovers\n|upkeep\n|turn|4\n|\n|t:|1700189970\n|switch|p2a: Zapdos|Zapdos|100\/100\n|move|p1a: Maushold|Tidy Up|p1a: Maushold\n|-sideend|p1: hhbh|Stealth Rock\n|-activate|p1a: Maushold|move: Tidy Up\n|-boost|p1a: Maushold|atk|1\n|-boost|p1a: Maushold|spe|1\n|\n|upkeep\n|turn|5\n|\n|t:|1700189983\n|move|p1a: Maushold|Population Bomb|p2a: Zapdos\n|-crit|p2a: Zapdos\n|-damage|p2a: Zapdos|83\/100\n|-damage|p2a: Zapdos|71\/100\n|-damage|p2a: Zapdos|58\/100\n|-damage|p2a: Zapdos|46\/100\n|-damage|p2a: Zapdos|34\/100\n|-crit|p2a: Zapdos\n|-damage|p2a: Zapdos|16\/100\n|-crit|p2a: Zapdos\n|-damage|p2a: Zapdos|0 fnt\n|faint|p2a: Zapdos\n|-hitcount|p2: Zapdos|7\n|\n|upkeep\n|c|\u2606hhbh|sry\n|inactive|littleht6666 has 120 seconds left.\n|c|\u2606littleht6666|where is static\n|c|\u2606littleht6666|\uff08\uff09\n|c|\u2606hhbh|sry lol\n|\n|t:|1700190032\n|switch|p2a: Kartana|Kartana|100\/100\n|turn|6\n|\n|t:|1700190040\n|move|p1a: Maushold|Population Bomb|p2a: Kartana\n|-resisted|p2a: Kartana\n|-damage|p2a: Kartana|92\/100\n|-resisted|p2a: Kartana\n|-damage|p2a: Kartana|83\/100\n|-resisted|p2a: Kartana\n|-damage|p2a: Kartana|75\/100\n|-resisted|p2a: Kartana\n|-crit|p2a: Kartana\n|-damage|p2a: Kartana|63\/100\n|-resisted|p2a: Kartana\n|-damage|p2a: Kartana|55\/100\n|-resisted|p2a: Kartana\n|-damage|p2a: Kartana|46\/100\n|-hitcount|p2a: Kartana|6\n|move|p2a: Kartana|Sacred Sword|p1a: Maushold\n|-supereffective|p1a: Maushold\n|-damage|p1a: Maushold|0 fnt\n|faint|p1a: Maushold\n|-ability|p2a: Kartana|Beast Boost|boost\n|-boost|p2a: Kartana|atk|1\n|\n|upkeep\n|\n|t:|1700190055\n|switch|p1a: Dragonite|Dragonite, M|100\/100\n|turn|7\n|\n|t:|1700190059\n|switch|p2a: Landorus|Landorus-Therian, M|62\/100\n|-ability|p2a: Landorus|Intimidate|boost\n|-unboost|p1a: Dragonite|atk|1\n|move|p1a: Dragonite|Dragon Dance|p1a: Dragonite\n|-boost|p1a: Dragonite|atk|1\n|-boost|p1a: Dragonite|spe|1\n|\n|-heal|p2a: Landorus|68\/100|[from] item: Leftovers\n|upkeep\n|turn|8\n|\n|t:|1700190062\n|move|p1a: Dragonite|Dragon Dance|p1a: Dragonite\n|-boost|p1a: Dragonite|atk|1\n|-boost|p1a: Dragonite|spe|1\n|move|p2a: Landorus|U-turn|p1a: Dragonite\n|-resisted|p1a: Dragonite\n|-damage|p1a: Dragonite|95\/100\n|\n|t:|1700190069\n|switch|p2a: Ursaluna|Ursaluna, F|100\/100|[from] U-turn\n|\n|-status|p2a: Ursaluna|brn|[from] item: Flame Orb\n|upkeep\n|turn|9\n|\n|t:|1700190072\n|-zpower|p1a: Dragonite\n|move|p1a: Dragonite|Devastating Drake|p2a: Ursaluna|[zeffect]\n|-damage|p2a: Ursaluna|0 fnt\n|faint|p2a: Ursaluna\n|\n|upkeep\n|\n|t:|1700190077\n|switch|p2a: Weavile|Weavile, F|100\/100\n|-ability|p2a: Weavile|Pressure\n|turn|10\n|\n|t:|1700190084\n|move|p1a: Dragonite|Extreme Speed|p2a: Weavile\n|-crit|p2a: Weavile\n|-damage|p2a: Weavile|0 fnt\n|faint|p2a: Weavile\n|\n|upkeep\n|c|\u2606hhbh|omg\n|c|\u2606hhbh|im so sry bro\n|c|\u2606littleht6666|gg\n|c|\u2606hhbh|gg\n|-message|littleht6666 forfeited.\n|\n|win|hhbh\n|raw|hhbh's rating: 1539 &rarr; <strong>1564<\/strong><br \/>(+25 for winning)\n|raw|littleht6666's rating: 1633 &rarr; <strong>1608<\/strong><br \/>(-25 for losing)\n|l|\u2606littleht6666\n","uploadtime":1700190108,"views":11,"p1id":"hhbh","p2id":"littleht6666","formatid":"gen9nationaldex","rating":1564,"private":0,"password":""}