{"id":"gen9nationaldex-1996414106","p1":"Ricardo2221","p2":"GonzaloRV10","format":"[Gen 9] National Dex","log":"|html|<div class=\"broadcast-blue\"><strong>[Gen 9] National Dex is currently suspecting Sneasler! For information on how to participate check out the <a href=\"https:\/\/www.smogon.com\/forums\/threads\/sv-national-dex-suspect-8-just-dance.3731534\/\">suspect thread<\/a>.<\/strong><\/div>\n|j|\u2606Ricardo2221\n|j|\u2606GonzaloRV10\n|t:|1700679707\n|gametype|singles\n|player|p1|Ricardo2221|benga|\n|player|p2|GonzaloRV10|marshal|\n|teamsize|p1|6\n|teamsize|p2|6\n|gen|9\n|tier|[Gen 9] National Dex\n|rule|HP Percentage Mod: HP is shown in percentages\n|rule|Endless Battle Clause: Forcing endless battles is banned\n|rule|OHKO Clause: OHKO moves are banned\n|rule|Evasion Clause: Evasion abilities, items, and moves are banned\n|rule|Evasion Abilities Clause: Evasion abilities are banned\n|rule|Evasion Items Clause: Evasion items are banned\n|rule|Evasion Moves Clause: Evasion moves are banned\n|rule|Species Clause: Limit one of each Pok\u00e9mon\n|rule|Sleep Clause Mod: Limit one foe put to sleep\n|clearpoke\n|poke|p1|Pinsir, F|\n|poke|p1|Golisopod, F|\n|poke|p1|Scizor, F|\n|poke|p1|Masquerain, M|\n|poke|p1|Araquanid, M|\n|poke|p1|Vikavolt, M|\n|poke|p2|Flygon, F|\n|poke|p2|Torkoal, F|\n|poke|p2|Houndoom, F|\n|poke|p2|Camerupt, M|\n|poke|p2|Weezing, F|\n|poke|p2|Blaziken, M|\n|teampreview\n|inactive|Battle timer is ON: inactive players will automatically lose when time's up. (requested by Ricardo2221)\n|\n|t:|1700679731\n|start\n|switch|p1a: Araquanid|Araquanid, M|100\/100\n|switch|p2a: Torkoal|Torkoal, F, shiny|100\/100\n|-weather|SunnyDay|[from] ability: Drought|[of] p2a: Torkoal\n|turn|1\n|inactive|GonzaloRV10 has 270 seconds left.\n|\n|t:|1700679770\n|switch|p2a: Wisin y Yandel|Weezing, F, shiny|100\/100\n|move|p1a: Araquanid|Sticky Web|p2a: Wisin y Yandel\n|-sidestart|p2: GonzaloRV10|move: Sticky Web\n|\n|-weather|SunnyDay|[upkeep]\n|upkeep\n|turn|2\n|inactive|GonzaloRV10 has 270 seconds left.\n|\n|t:|1700679780\n|switch|p1a: Scizor|Scizor, F|100\/100\n|move|p2a: Wisin y Yandel|Sludge Bomb|p1a: Scizor\n|-immune|p1a: Scizor\n|\n|-weather|SunnyDay|[upkeep]\n|upkeep\n|turn|3\n|inactive|GonzaloRV10 has 270 seconds left.\n|\n|t:|1700679791\n|move|p1a: Scizor|Pursuit|p2a: Wisin y Yandel\n|-damage|p2a: Wisin y Yandel|82\/100\n|-damage|p1a: Scizor|84\/100|[from] item: Rocky Helmet|[of] p2a: Wisin y Yandel\n|-damage|p1a: Scizor|74\/100|[from] item: Life Orb\n|move|p2a: Wisin y Yandel|Will-O-Wisp|p1a: Scizor|[miss]\n|-miss|p2a: Wisin y Yandel|p1a: Scizor\n|\n|-weather|SunnyDay|[upkeep]\n|upkeep\n|turn|4\n|inactive|GonzaloRV10 has 270 seconds left.\n|\n|t:|1700679814\n|switch|p1a: Masquerain|Masquerain, M|100\/100\n|-ability|p1a: Masquerain|Intimidate|boost\n|-unboost|p2a: Wisin y Yandel|atk|1\n|switch|p2a: Blaziken|Blaziken, M, shiny|100\/100\n|-activate|p2a: Blaziken|move: Sticky Web\n|-unboost|p2a: Blaziken|spe|1\n|\n|-weather|SunnyDay|[upkeep]\n|upkeep\n|turn|5\n|\n|t:|1700679830\n|move|p2a: Blaziken|Protect|p2a: Blaziken\n|-singleturn|p2a: Blaziken|Protect\n|move|p1a: Masquerain|Air Slash|p2a: Blaziken\n|-activate|p2a: Blaziken|move: Protect\n|\n|-weather|SunnyDay|[upkeep]\n|-ability|p2a: Blaziken|Speed Boost|boost\n|-boost|p2a: Blaziken|spe|1\n|upkeep\n|turn|6\n|\n|t:|1700679851\n|move|p1a: Masquerain|Air Slash|p2a: Blaziken\n|-supereffective|p2a: Blaziken\n|-damage|p2a: Blaziken|10\/100\n|cant|p2a: Blaziken|flinch\n|\n|-weather|SunnyDay|[upkeep]\n|-ability|p2a: Blaziken|Speed Boost|boost\n|-boost|p2a: Blaziken|spe|1\n|upkeep\n|turn|7\n|\n|t:|1700679862\n|move|p2a: Blaziken|Protect|p2a: Blaziken\n|-singleturn|p2a: Blaziken|Protect\n|move|p1a: Masquerain|Bug Buzz|p2a: Blaziken\n|-activate|p2a: Blaziken|move: Protect\n|\n|-weather|SunnyDay|[upkeep]\n|-ability|p2a: Blaziken|Speed Boost|boost\n|-boost|p2a: Blaziken|spe|1\n|upkeep\n|turn|8\n|inactive|GonzaloRV10 has 240 seconds left.\n|\n|t:|1700679894\n|move|p2a: Blaziken|Flare Blitz|p1a: Masquerain\n|-supereffective|p1a: Masquerain\n|-damage|p1a: Masquerain|0 fnt\n|faint|p1a: Masquerain\n|-damage|p2a: Blaziken|0 fnt|[from] Recoil\n|faint|p2a: Blaziken\n|\n|-weather|none\n|upkeep\n|\n|t:|1700679910\n|switch|p1a: Vikavolt|Vikavolt, M|100\/100\n|switch|p2a: Torkoal|Torkoal, F, shiny|100\/100\n|-activate|p2a: Torkoal|move: Sticky Web\n|-unboost|p2a: Torkoal|spe|1\n|-weather|SunnyDay|[from] ability: Drought|[of] p2a: Torkoal\n|turn|9\n|j| Fedepoketrainer\n|\n|t:|1700679927\n|move|p1a: Vikavolt|Zap Cannon|p2a: Torkoal\n|-damage|p2a: Torkoal|3\/100\n|-status|p2a: Torkoal|par\n|move|p2a: Torkoal|Rapid Spin|p1a: Vikavolt\n|-damage|p1a: Vikavolt|90\/100\n|-boost|p2a: Torkoal|spe|1\n|-sideend|p2: GonzaloRV10|Sticky Web|[from] move: Rapid Spin|[of] p2a: Torkoal\n|\n|-weather|SunnyDay|[upkeep]\n|upkeep\n|turn|10\n|inactive|GonzaloRV10 has 210 seconds left.\n|\n|t:|1700679947\n|move|p1a: Vikavolt|Zap Cannon|p2a: Torkoal|[miss]\n|-miss|p1a: Vikavolt|p2a: Torkoal\n|-enditem|p1a: Vikavolt|Blunder Policy\n|-boost|p1a: Vikavolt|spe|2\n|move|p2a: Torkoal|Lava Plume|p1a: Vikavolt\n|-supereffective|p1a: Vikavolt\n|-damage|p1a: Vikavolt|0 fnt\n|faint|p1a: Vikavolt\n|\n|-weather|SunnyDay|[upkeep]\n|upkeep\n|\n|t:|1700679954\n|switch|p1a: Pinsir|Pinsir, F|100\/100\n|turn|11\n|\n|t:|1700679964\n|detailschange|p1a: Pinsir|Pinsir-Mega, F\n|-mega|p1a: Pinsir|Pinsir|Pinsirite\n|move|p1a: Pinsir|Swords Dance|p1a: Pinsir\n|-boost|p1a: Pinsir|atk|2\n|move|p2a: Torkoal|Lava Plume|p1a: Pinsir\n|-supereffective|p1a: Pinsir\n|-damage|p1a: Pinsir|9\/100\n|\n|-weather|SunnyDay|[upkeep]\n|upkeep\n|turn|12\n|inactive|GonzaloRV10 has 210 seconds left.\n|\n|t:|1700679982\n|move|p1a: Pinsir|Quick Attack|p2a: Torkoal\n|-damage|p2a: Torkoal|0 fnt\n|faint|p2a: Torkoal\n|\n|-weather|SunnyDay|[upkeep]\n|upkeep\n|inactive|GonzaloRV10 has 210 seconds left.\n|\n|t:|1700680000\n|switch|p2a: Camerupt|Camerupt, M|100\/100\n|turn|13\n|\n|t:|1700680025\n|-terastallize|p2a: Camerupt|Grass\n|move|p1a: Pinsir|Earthquake|p2a: Camerupt\n|-resisted|p2a: Camerupt\n|-damage|p2a: Camerupt|50\/100\n|move|p2a: Camerupt|Lava Plume|p1a: Pinsir\n|-supereffective|p1a: Pinsir\n|-damage|p1a: Pinsir|0 fnt\n|faint|p1a: Pinsir\n|\n|-weather|SunnyDay|[upkeep]\n|upkeep\n|\n|t:|1700680034\n|switch|p1a: Golisopod|Golisopod, F|100\/100\n|turn|14\n|\n|t:|1700680054\n|move|p1a: Golisopod|First Impression|p2a: Camerupt\n|-supereffective|p2a: Camerupt\n|-damage|p2a: Camerupt|0 fnt\n|faint|p2a: Camerupt\n|\n|-weather|SunnyDay|[upkeep]\n|upkeep\n|\n|t:|1700680065\n|switch|p2a: Wisin y Yandel|Weezing, F, shiny|82\/100\n|turn|15\n|inactive|GonzaloRV10 has 180 seconds left.\n|\n|t:|1700680098\n|switch|p1a: Scizor|Scizor, F|74\/100\n|move|p2a: Wisin y Yandel|Will-O-Wisp|p1a: Scizor\n|-status|p1a: Scizor|brn\n|\n|-weather|SunnyDay|[upkeep]\n|-damage|p1a: Scizor|68\/100 brn|[from] brn\n|upkeep\n|turn|16\n|\n|t:|1700680117\n|switch|p2a: Houndoom|Houndoom, F, shiny|100\/100\n|move|p1a: Scizor|Swords Dance|p1a: Scizor\n|-boost|p1a: Scizor|atk|2\n|\n|-weather|none\n|-damage|p1a: Scizor|62\/100 brn|[from] brn\n|upkeep\n|turn|17\n|\n|t:|1700680133\n|detailschange|p2a: Houndoom|Houndoom-Mega, F, shiny\n|-mega|p2a: Houndoom|Houndoom|Houndoominite\n|move|p1a: Scizor|Bullet Punch|p2a: Houndoom\n|-resisted|p2a: Houndoom\n|-damage|p2a: Houndoom|73\/100\n|-damage|p1a: Scizor|52\/100 brn|[from] item: Life Orb\n|move|p2a: Houndoom|Flamethrower|p1a: Scizor\n|-supereffective|p1a: Scizor\n|-damage|p1a: Scizor|0 fnt\n|faint|p1a: Scizor\n|\n|upkeep\n|\n|t:|1700680138\n|switch|p1a: Golisopod|Golisopod, F|100\/100\n|turn|18\n|inactive|GonzaloRV10 has 150 seconds left.\n|\n|t:|1700680185\n|-terastallize|p1a: Golisopod|Bug\n|move|p1a: Golisopod|First Impression|p2a: Houndoom\n|-damage|p2a: Houndoom|0 fnt\n|faint|p2a: Houndoom\n|\n|upkeep\n|inactive|GonzaloRV10 has 120 seconds left.\n|\n|t:|1700680198\n|switch|p2a: Wisin y Yandel|Weezing, F, shiny|82\/100\n|turn|19\n|inactive|GonzaloRV10 has 120 seconds left.\n|\n|t:|1700680221\n|switch|p1a: Araquanid|Araquanid, M|100\/100\n|move|p2a: Wisin y Yandel|Will-O-Wisp|p1a: Araquanid\n|-immune|p1a: Araquanid|[from] ability: Water Bubble\n|\n|upkeep\n|turn|20\n|\n|t:|1700680244\n|move|p2a: Wisin y Yandel|Taunt|p1a: Araquanid\n|-start|p1a: Araquanid|move: Taunt\n|cant|p1a: Araquanid|move: Taunt|Stockpile\n|\n|upkeep\n|turn|21\n|\n|t:|1700680258\n|move|p2a: Wisin y Yandel|Sludge Bomb|p1a: Araquanid\n|-damage|p1a: Araquanid|85\/100\n|-status|p1a: Araquanid|psn\n|move|p1a: Araquanid|Liquidation|p2a: Wisin y Yandel\n|-damage|p2a: Wisin y Yandel|53\/100\n|-unboost|p2a: Wisin y Yandel|def|1\n|-damage|p1a: Araquanid|68\/100 psn|[from] item: Rocky Helmet|[of] p2a: Wisin y Yandel\n|\n|-heal|p1a: Araquanid|74\/100 psn|[from] item: Leftovers\n|-damage|p1a: Araquanid|62\/100 psn|[from] psn\n|upkeep\n|turn|22\n|inactive|GonzaloRV10 has 90 seconds left.\n|\n|t:|1700680280\n|switch|p2a: Flygon|Flygon, F, shiny|100\/100\n|move|p1a: Araquanid|Liquidation|p2a: Flygon\n|-damage|p2a: Flygon|39\/100\n|-unboost|p2a: Flygon|def|1\n|\n|-heal|p1a: Araquanid|68\/100 psn|[from] item: Leftovers\n|-damage|p1a: Araquanid|56\/100 psn|[from] psn\n|-end|p1a: Araquanid|move: Taunt\n|upkeep\n|turn|23\n|inactive|GonzaloRV10 has 90 seconds left.\n|\n|t:|1700680297\n|move|p2a: Flygon|Outrage|p1a: Araquanid\n|-damage|p1a: Araquanid|0 fnt\n|faint|p1a: Araquanid\n|-damage|p2a: Flygon|29\/100|[from] item: Life Orb\n|\n|upkeep\n|\n|t:|1700680300\n|switch|p1a: Golisopod|Golisopod, F, tera:Bug|100\/100\n|turn|24\n|inactive|GonzaloRV10 has 90 seconds left.\n|\n|t:|1700680318\n|move|p1a: Golisopod|First Impression|p2a: Flygon\n|-damage|p2a: Flygon|0 fnt\n|faint|p2a: Flygon\n|\n|upkeep\n|\n|t:|1700680324\n|switch|p2a: Wisin y Yandel|Weezing, F, shiny|53\/100\n|turn|25\n|inactive|GonzaloRV10 has 90 seconds left.\n|\n|t:|1700680329\n|move|p2a: Wisin y Yandel|Will-O-Wisp|p1a: Golisopod\n|-status|p1a: Golisopod|brn\n|move|p1a: Golisopod|Leech Life|p2a: Wisin y Yandel\n|-resisted|p2a: Wisin y Yandel\n|-damage|p2a: Wisin y Yandel|42\/100\n|-damage|p1a: Golisopod|84\/100 brn|[from] item: Rocky Helmet|[of] p2a: Wisin y Yandel\n|\n|-damage|p1a: Golisopod|78\/100 brn|[from] brn\n|upkeep\n|turn|26\n|inactive|GonzaloRV10 has 90 seconds left.\n|\n|t:|1700680347\n|move|p2a: Wisin y Yandel|Pain Split|p1a: Golisopod\n|-sethp|p1a: Golisopod|58\/100 brn|[from] move: Pain Split|[silent]\n|-sethp|p2a: Wisin y Yandel|62\/100|[from] move: Pain Split\n|move|p1a: Golisopod|Liquidation|p2a: Wisin y Yandel\n|-damage|p2a: Wisin y Yandel|45\/100\n|-unboost|p2a: Wisin y Yandel|def|1\n|-damage|p1a: Golisopod|42\/100 brn|[from] item: Rocky Helmet|[of] p2a: Wisin y Yandel\n|\n|-damage|p1a: Golisopod|36\/100 brn|[from] brn\n|upkeep\n|turn|27\n|inactive|GonzaloRV10 has 90 seconds left.\n|inactive|GonzaloRV10 has 60 seconds left.\n|\n|t:|1700680390\n|move|p2a: Wisin y Yandel|Sludge Bomb|p1a: Golisopod\n|-damage|p1a: Golisopod|8\/100 brn\n|move|p1a: Golisopod|Liquidation|p2a: Wisin y Yandel\n|-damage|p2a: Wisin y Yandel|24\/100\n|-damage|p1a: Golisopod|0 fnt|[from] item: Rocky Helmet|[of] p2a: Wisin y Yandel\n|faint|p1a: Golisopod\n|\n|win|GonzaloRV10\n|l|\u2606Ricardo2221\n","uploadtime":1700680404,"views":7,"p1id":"ricardo2221","p2id":"gonzalorv10","formatid":"gen9nationaldex","rating":0,"private":0,"password":""}