{"id":"gen9nationaldex-1991009306","p1":"Kuzwa","p2":"PeculiarPossum","format":"[Gen 9] National Dex","log":"|j|\u2606Kuzwa\n|j|\u2606PeculiarPossum\n|t:|1700027267\n|gametype|singles\n|player|p1|Kuzwa|parasollady|1320\n|player|p2|PeculiarPossum|harlequin|1232\n|teamsize|p1|6\n|teamsize|p2|6\n|gen|9\n|tier|[Gen 9] National Dex\n|rated|\n|rule|HP Percentage Mod: HP is shown in percentages\n|rule|Endless Battle Clause: Forcing endless battles is banned\n|rule|OHKO Clause: OHKO moves are banned\n|rule|Evasion Clause: Evasion abilities, items, and moves are banned\n|rule|Evasion Abilities Clause: Evasion abilities are banned\n|rule|Evasion Items Clause: Evasion items are banned\n|rule|Evasion Moves Clause: Evasion moves are banned\n|rule|Species Clause: Limit one of each Pok\u00e9mon\n|rule|Sleep Clause Mod: Limit one foe put to sleep\n|clearpoke\n|poke|p1|Kartana|\n|poke|p1|Weavile, M|\n|poke|p1|Ogerpon-Wellspring, F|\n|poke|p1|Zeraora|\n|poke|p1|Glimmora, M|\n|poke|p1|Blaziken, M|\n|poke|p2|Mawile, F|\n|poke|p2|Blacephalon|\n|poke|p2|Venusaur, F|\n|poke|p2|Cramorant, M|\n|poke|p2|Gliscor, F|\n|poke|p2|Garganacl, M|\n|teampreview\n|inactive|Battle timer is ON: inactive players will automatically lose when time's up. (requested by PeculiarPossum)\n|\n|t:|1700027275\n|start\n|switch|p1a: thing|Glimmora, M|100\/100\n|switch|p2a: Discordance|Mawile, F, shiny|100\/100\n|-item|p1a: thing|Air Balloon\n|turn|1\n|\n|t:|1700027278\n|detailschange|p2a: Discordance|Mawile-Mega, F, shiny\n|-mega|p2a: Discordance|Mawile|Mawilite\n|move|p1a: thing|Earth Power|p2a: Discordance\n|-supereffective|p2a: Discordance\n|-damage|p2a: Discordance|19\/100\n|move|p2a: Discordance|Iron Head|p1a: thing\n|-supereffective|p1a: thing\n|-damage|p1a: thing|0 fnt\n|-activate|p1a: thing|ability: Toxic Debris\n|-sidestart|p2: PeculiarPossum|move: Toxic Spikes\n|-enditem|p1a: thing|Air Balloon\n|faint|p1a: thing\n|\n|upkeep\n|\n|t:|1700027283\n|switch|p1a: Makoto Yuki|Kartana, shiny|100\/100\n|turn|2\n|\n|t:|1700027287\n|move|p2a: Discordance|Sucker Punch|p1a: Makoto Yuki\n|-damage|p1a: Makoto Yuki|55\/100\n|move|p1a: Makoto Yuki|Smart Strike|p2a: Discordance\n|-damage|p2a: Discordance|0 fnt\n|faint|p2a: Discordance\n|-ability|p1a: Makoto Yuki|Beast Boost|boost\n|-boost|p1a: Makoto Yuki|atk|1\n|\n|upkeep\n|\n|t:|1700027303\n|switch|p2a: Cacophony|Blacephalon|100\/100\n|-status|p2a: Cacophony|psn\n|turn|3\n|\n|t:|1700027306\n|move|p1a: Makoto Yuki|Smart Strike|p2a: Cacophony\n|-resisted|p2a: Cacophony\n|-damage|p2a: Cacophony|13\/100 psn\n|move|p2a: Cacophony|Flamethrower|p1a: Makoto Yuki\n|-supereffective|p1a: Makoto Yuki\n|-damage|p1a: Makoto Yuki|0 fnt\n|faint|p1a: Makoto Yuki\n|-ability|p2a: Cacophony|Beast Boost|boost\n|-boost|p2a: Cacophony|spa|1\n|\n|-damage|p2a: Cacophony|1\/100 psn|[from] psn\n|upkeep\n|\n|t:|1700027313\n|switch|p1a: Akihiko Sanada|Blaziken, M, shiny|100\/100\n|turn|4\n|\n|t:|1700027321\n|-zpower|p2a: Cacophony\n|move|p2a: Cacophony|Never-Ending Nightmare|p1a: Akihiko Sanada|[zeffect]\n|-enditem|p1a: Akihiko Sanada|Focus Sash\n|-damage|p1a: Akihiko Sanada|1\/100\n|move|p1a: Akihiko Sanada|Swords Dance|p1a: Akihiko Sanada\n|-boost|p1a: Akihiko Sanada|atk|2\n|\n|-damage|p2a: Cacophony|0 fnt|[from] psn\n|faint|p2a: Cacophony\n|-ability|p1a: Akihiko Sanada|Speed Boost|boost\n|-boost|p1a: Akihiko Sanada|spe|1\n|upkeep\n|\n|t:|1700027334\n|switch|p2a: AHHH STAIRS|Garganacl, M|100\/100\n|turn|5\n|\n|t:|1700027345\n|move|p1a: Akihiko Sanada|Protect|p1a: Akihiko Sanada\n|-singleturn|p1a: Akihiko Sanada|Protect\n|move|p2a: AHHH STAIRS|Salt Cure|p1a: Akihiko Sanada\n|-activate|p1a: Akihiko Sanada|move: Protect\n|\n|-ability|p1a: Akihiko Sanada|Speed Boost|boost\n|-boost|p1a: Akihiko Sanada|spe|1\n|upkeep\n|turn|6\n|\n|t:|1700027348\n|move|p1a: Akihiko Sanada|Close Combat|p2a: AHHH STAIRS\n|-supereffective|p2a: AHHH STAIRS\n|-damage|p2a: AHHH STAIRS|0 fnt\n|-unboost|p1a: Akihiko Sanada|def|1\n|-unboost|p1a: Akihiko Sanada|spd|1\n|faint|p2a: AHHH STAIRS\n|\n|-ability|p1a: Akihiko Sanada|Speed Boost|boost\n|-boost|p1a: Akihiko Sanada|spe|1\n|upkeep\n|\n|t:|1700027353\n|switch|p2a: Meaty Claws|Gliscor, F|100\/100\n|turn|7\n|\n|t:|1700027376\n|move|p1a: Akihiko Sanada|Close Combat|p2a: Meaty Claws\n|-resisted|p2a: Meaty Claws\n|-damage|p2a: Meaty Claws|52\/100\n|-unboost|p1a: Akihiko Sanada|def|1\n|-unboost|p1a: Akihiko Sanada|spd|1\n|move|p2a: Meaty Claws|Earthquake|p1a: Akihiko Sanada\n|-supereffective|p1a: Akihiko Sanada\n|-damage|p1a: Akihiko Sanada|0 fnt\n|faint|p1a: Akihiko Sanada\n|\n|-status|p2a: Meaty Claws|tox|[from] item: Toxic Orb\n|upkeep\n|\n|t:|1700027381\n|switch|p1a: Junpei Iori|Weavile, M, shiny|100\/100\n|turn|8\n|\n|t:|1700027393\n|switch|p2a: Gulpy|Cramorant, M|100\/100\n|move|p1a: Junpei Iori|Swords Dance|p1a: Junpei Iori\n|-boost|p1a: Junpei Iori|atk|2\n|\n|upkeep\n|turn|9\n|\n|t:|1700027398\n|move|p1a: Junpei Iori|Knock Off|p2a: Gulpy\n|-damage|p2a: Gulpy|0 fnt\n|-enditem|p2a: Gulpy|Heavy-Duty Boots|[from] move: Knock Off|[of] p1a: Junpei Iori\n|faint|p2a: Gulpy\n|\n|upkeep\n|\n|t:|1700027410\n|switch|p2a: The plug|Venusaur, F|100\/100\n|-sideend|p2: PeculiarPossum|move: Toxic Spikes|[of] p2a: The plug\n|turn|10\n|\n|t:|1700027414\n|move|p1a: Junpei Iori|Psycho Cut|p2a: The plug\n|-supereffective|p2a: The plug\n|-crit|p2a: The plug\n|-damage|p2a: The plug|0 fnt\n|faint|p2a: The plug\n|\n|upkeep\n|\n|t:|1700027416\n|switch|p2a: Meaty Claws|Gliscor, F|52\/100 tox\n|turn|11\n|\n|t:|1700027419\n|-terastallize|p2a: Meaty Claws|Ground\n|move|p1a: Junpei Iori|Ice Spinner|p2a: Meaty Claws\n|-supereffective|p2a: Meaty Claws\n|-damage|p2a: Meaty Claws|0 fnt\n|faint|p2a: Meaty Claws\n|\n|win|Kuzwa\n|raw|Kuzwa's rating: 1320 &rarr; <strong>1335<\/strong><br \/>(+15 for winning)\n|raw|PeculiarPossum's rating: 1232 &rarr; <strong>1213<\/strong><br \/>(-19 for losing)\n","uploadtime":1700027425,"views":4,"p1id":"kuzwa","p2id":"peculiarpossum","formatid":"gen9nationaldex","rating":1213,"private":0,"password":""}