{"id":"gen9nationaldex-1996529366","p1":"Andrews Finn2","p2":"Glass101","format":"[Gen 9] National Dex","log":"|html|<div class=\"broadcast-blue\"><strong>[Gen 9] National Dex is currently suspecting Sneasler! For information on how to participate check out the <a href=\"https:\/\/www.smogon.com\/forums\/threads\/sv-national-dex-suspect-8-just-dance.3731534\/\">suspect thread<\/a>.<\/strong><\/div>\n|j|\u2606Andrews Finn2\n|j|\u2606Glass101\n|t:|1700691030\n|gametype|singles\n|player|p1|Andrews Finn2|steven|1297\n|player|p2|Glass101|rocketgruntf|1324\n|teamsize|p1|6\n|teamsize|p2|6\n|gen|9\n|tier|[Gen 9] National Dex\n|rated|\n|rule|HP Percentage Mod: HP is shown in percentages\n|rule|Endless Battle Clause: Forcing endless battles is banned\n|rule|OHKO Clause: OHKO moves are banned\n|rule|Evasion Clause: Evasion abilities, items, and moves are banned\n|rule|Evasion Abilities Clause: Evasion abilities are banned\n|rule|Evasion Items Clause: Evasion items are banned\n|rule|Evasion Moves Clause: Evasion moves are banned\n|rule|Species Clause: Limit one of each Pok\u00e9mon\n|rule|Sleep Clause Mod: Limit one foe put to sleep\n|clearpoke\n|poke|p1|Kartana|\n|poke|p1|Volcarona, F|\n|poke|p1|Samurott-Hisui, M|\n|poke|p1|Iron Valiant|\n|poke|p1|Tapu Lele|\n|poke|p1|Landorus-Therian, M|\n|poke|p2|Kyurem|\n|poke|p2|Galvantula, M|\n|poke|p2|Cresselia, F|\n|poke|p2|Ceruledge, F|\n|poke|p2|Gardevoir, F|\n|poke|p2|Clodsire, F|\n|teampreview\n|inactive|Battle timer is ON: inactive players will automatically lose when time's up. (requested by Glass101)\n|\n|t:|1700691046\n|start\n|switch|p1a: Samurott|Samurott-Hisui, M|100\/100\n|switch|p2a: Gardevoir|Gardevoir, F|100\/100\n|turn|1\n|\n|t:|1700691052\n|detailschange|p2a: Gardevoir|Gardevoir-Mega, F\n|-mega|p2a: Gardevoir|Gardevoir|Gardevoirite\n|move|p2a: Gardevoir|Hyper Voice|p1a: Samurott\n|-supereffective|p1a: Samurott\n|-enditem|p1a: Samurott|Focus Sash\n|-damage|p1a: Samurott|1\/100\n|move|p1a: Samurott|Ceaseless Edge|p2a: Gardevoir\n|-damage|p2a: Gardevoir|25\/100\n|-sidestart|p2: Glass101|Spikes\n|\n|upkeep\n|turn|2\n|\n|t:|1700691061\n|move|p1a: Samurott|Sucker Punch|p2a: Gardevoir\n|-damage|p2a: Gardevoir|0 fnt\n|faint|p2a: Gardevoir\n|\n|upkeep\n|\n|t:|1700691066\n|switch|p2a: Galvantula|Galvantula, M|100\/100\n|-damage|p2a: Galvantula|88\/100|[from] Spikes\n|turn|3\n|\n|t:|1700691071\n|move|p2a: Galvantula|Hidden Power|p1a: Samurott\n|-resisted|p1a: Samurott\n|-damage|p1a: Samurott|0 fnt\n|faint|p1a: Samurott\n|\n|upkeep\n|\n|t:|1700691079\n|switch|p1a: Kartana|Kartana|100\/100\n|turn|4\n|\n|t:|1700691085\n|move|p1a: Kartana|Swords Dance|p1a: Kartana\n|-boost|p1a: Kartana|atk|2\n|move|p2a: Galvantula|Thunder Wave|p1a: Kartana\n|-status|p1a: Kartana|par\n|\n|upkeep\n|turn|5\n|\n|t:|1700691091\n|move|p2a: Galvantula|Sticky Web|p1a: Kartana\n|-sidestart|p1: Andrews Finn2|move: Sticky Web\n|move|p1a: Kartana|Knock Off|p2a: Galvantula\n|-damage|p2a: Galvantula|0 fnt\n|-enditem|p2a: Galvantula|Focus Sash|[from] move: Knock Off|[of] p1a: Kartana\n|faint|p2a: Galvantula\n|-ability|p1a: Kartana|Beast Boost|boost\n|-boost|p1a: Kartana|spe|1\n|-damage|p1a: Kartana|91\/100 par|[from] item: Life Orb\n|\n|upkeep\n|\n|t:|1700691095\n|switch|p2a: Ceruledge|Ceruledge, F|100\/100\n|turn|6\n|\n|t:|1700691104\n|switch|p1a: Landorus|Landorus-Therian, M|100\/100\n|-ability|p1a: Landorus|Intimidate|boost\n|-unboost|p2a: Ceruledge|atk|1\n|move|p2a: Ceruledge|Substitute|p2a: Ceruledge\n|-start|p2a: Ceruledge|Substitute\n|-damage|p2a: Ceruledge|76\/100\n|\n|upkeep\n|turn|7\n|\n|t:|1700691111\n|move|p1a: Landorus|Earthquake|p2a: Ceruledge\n|-supereffective|p2a: Ceruledge\n|-end|p2a: Ceruledge|Substitute\n|move|p2a: Ceruledge|Swords Dance|p2a: Ceruledge\n|-boost|p2a: Ceruledge|atk|2\n|\n|upkeep\n|turn|8\n|\n|t:|1700691116\n|-terastallize|p2a: Ceruledge|Grass\n|move|p1a: Landorus|Earthquake|p2a: Ceruledge\n|-resisted|p2a: Ceruledge\n|-damage|p2a: Ceruledge|35\/100\n|move|p2a: Ceruledge|Swords Dance|p2a: Ceruledge\n|-boost|p2a: Ceruledge|atk|2\n|\n|upkeep\n|turn|9\n|\n|t:|1700691124\n|switch|p2a: Cresselia|Cresselia, F|100\/100\n|move|p1a: Landorus|Earthquake|p2a: Cresselia\n|-immune|p2a: Cresselia|[from] ability: Levitate\n|\n|upkeep\n|turn|10\n|\n|t:|1700691129\n|switch|p2a: Kyurem|Kyurem|100\/100\n|-damage|p2a: Kyurem|88\/100|[from] Spikes\n|-ability|p2a: Kyurem|Pressure\n|move|p1a: Landorus|Swords Dance|p1a: Landorus\n|-boost|p1a: Landorus|atk|2\n|\n|upkeep\n|turn|11\n|\n|t:|1700691137\n|-terastallize|p1a: Landorus|Rock\n|move|p1a: Landorus|Stone Edge|p2a: Kyurem\n|-supereffective|p2a: Kyurem\n|-damage|p2a: Kyurem|0 fnt\n|faint|p2a: Kyurem\n|\n|upkeep\n|\n|t:|1700691142\n|switch|p2a: Clodsire|Clodsire, F|100\/100\n|-damage|p2a: Clodsire|88\/100|[from] Spikes\n|turn|12\n|\n|t:|1700691147\n|move|p1a: Landorus|Earthquake|p2a: Clodsire\n|-supereffective|p2a: Clodsire\n|-damage|p2a: Clodsire|0 fnt\n|faint|p2a: Clodsire\n|\n|upkeep\n|-message|Glass101 forfeited.\n|\n|win|Andrews Finn2\n|raw|Andrews Finn2's rating: 1297 &rarr; <strong>1324<\/strong><br \/>(+27 for winning)\n|raw|Glass101's rating: 1324 &rarr; <strong>1302<\/strong><br \/>(-22 for losing)\n|l|\u2606Glass101\n","uploadtime":1700691157,"views":1,"p1id":"andrewsfinn2","p2id":"glass101","formatid":"gen9nationaldex","rating":1302,"private":0,"password":""}