{"id":"gen9nationaldex-1996476117","p1":"Arlo Ghost","p2":"Sai4rr","format":"[Gen 9] National Dex","log":"|html|<div class=\"broadcast-blue\"><strong>[Gen 9] National Dex is currently suspecting Sneasler! For information on how to participate check out the <a href=\"https:\/\/www.smogon.com\/forums\/threads\/sv-national-dex-suspect-8-just-dance.3731534\/\">suspect thread<\/a>.<\/strong><\/div>\n|j|\u2606Arlo Ghost\n|j|\u2606Sai4rr\n|t:|1700685704\n|gametype|singles\n|player|p1|Arlo Ghost|mars|\n|player|p2|Sai4rr|elesa|\n|teamsize|p1|6\n|teamsize|p2|6\n|gen|9\n|tier|[Gen 9] National Dex\n|rule|HP Percentage Mod: HP is shown in percentages\n|rule|Endless Battle Clause: Forcing endless battles is banned\n|rule|OHKO Clause: OHKO moves are banned\n|rule|Evasion Clause: Evasion abilities, items, and moves are banned\n|rule|Evasion Abilities Clause: Evasion abilities are banned\n|rule|Evasion Items Clause: Evasion items are banned\n|rule|Evasion Moves Clause: Evasion moves are banned\n|rule|Species Clause: Limit one of each Pok\u00e9mon\n|rule|Sleep Clause Mod: Limit one foe put to sleep\n|clearpoke\n|poke|p1|Sableye, M|\n|poke|p1|Muk-Alola, M|\n|poke|p1|Mandibuzz, F|\n|poke|p1|Ting-Lu|\n|poke|p1|Grimmsnarl, M|\n|poke|p1|Hydreigon, M|\n|poke|p2|Sneasler, F|\n|poke|p2|Rillaboom, M|\n|poke|p2|Garganacl, F|\n|poke|p2|Iron Valiant|\n|poke|p2|Goodra-Hisui, F|\n|poke|p2|Mawile, F|\n|teampreview\n|j| Void280\n|\n|t:|1700685745\n|start\n|switch|p1a: rangollum|Sableye, M|100\/100\n|switch|p2a: Macaco|Rillaboom, M|100\/100\n|-fieldstart|move: Grassy Terrain|[from] ability: Grassy Surge|[of] p2a: Macaco\n|turn|1\n|\n|t:|1700685754\n|move|p1a: rangollum|Will-O-Wisp|p2a: Macaco\n|-status|p2a: Macaco|brn\n|move|p2a: Macaco|U-turn|p1a: rangollum\n|-damage|p1a: rangollum|78\/100\n|\n|t:|1700685768\n|switch|p2a: La veneno|Sneasler, F, shiny|100\/100|[from] U-turn\n|-enditem|p2a: La veneno|Grassy Seed\n|-boost|p2a: La veneno|def|1|[from] item: Grassy Seed\n|\n|-heal|p1a: rangollum|84\/100|[from] Grassy Terrain\n|upkeep\n|turn|2\n|\n|t:|1700685778\n|move|p1a: rangollum|Will-O-Wisp|p2a: La veneno\n|-status|p2a: La veneno|brn\n|move|p2a: La veneno|Taunt|p1a: rangollum\n|-start|p1a: rangollum|move: Taunt\n|\n|-heal|p1a: rangollum|90\/100|[from] Grassy Terrain\n|-damage|p2a: La veneno|95\/100 brn|[from] brn\n|upkeep\n|turn|3\n|\n|t:|1700685799\n|switch|p2a: Pilar|Garganacl, F|100\/100\n|switch|p1a: Winona|Mandibuzz, F|100\/100\n|\n|upkeep\n|turn|4\n|\n|t:|1700685806\n|switch|p1a: Ti-lin|Ting-Lu|100\/100\n|-ability|p1a: Ti-lin|Vessel of Ruin\n|move|p2a: Pilar|Salt Cure|p1a: Ti-lin\n|-resisted|p1a: Ti-lin\n|-damage|p1a: Ti-lin|97\/100\n|-start|p1a: Ti-lin|Salt Cure\n|\n|-heal|p1a: Ti-lin|100\/100|[from] Grassy Terrain\n|-damage|p1a: Ti-lin|88\/100|[from] Salt Cure\n|upkeep\n|turn|5\n|\n|t:|1700685820\n|switch|p2a: Macaco|Rillaboom, M|100\/100 brn\n|move|p1a: Ti-lin|Stealth Rock|p2a: Macaco\n|-sidestart|p2: Sai4rr|move: Stealth Rock\n|\n|-heal|p1a: Ti-lin|94\/100|[from] Grassy Terrain\n|-heal|p1a: Ti-lin|100\/100|[from] item: Leftovers\n|-damage|p2a: Macaco|94\/100 brn|[from] brn\n|-damage|p1a: Ti-lin|88\/100|[from] Salt Cure\n|-fieldend|move: Grassy Terrain\n|upkeep\n|turn|6\n|\n|t:|1700685831\n|move|p2a: Macaco|U-turn|p1a: Ti-lin\n|-supereffective|p1a: Ti-lin\n|-damage|p1a: Ti-lin|72\/100\n|\n|t:|1700685849\n|switch|p2a: Paola|Goodra-Hisui, F|100\/100|[from] U-turn\n|-damage|p2a: Paola|94\/100|[from] Stealth Rock\n|move|p1a: Ti-lin|Spikes|p2a: Paola\n|-sidestart|p2: Sai4rr|Spikes\n|\n|-heal|p2a: Paola|100\/100|[from] item: Leftovers\n|-heal|p1a: Ti-lin|78\/100|[from] item: Leftovers\n|-damage|p1a: Ti-lin|66\/100|[from] Salt Cure\n|upkeep\n|turn|7\n|j| WSoldat\n|\n|t:|1700685868\n|move|p2a: Paola|Acid Armor|p2a: Paola\n|-boost|p2a: Paola|def|2\n|move|p1a: Ti-lin|Whirlwind|p2a: Paola\n|drag|p2a: La veneno|Sneasler, F, shiny|95\/100 brn\n|-damage|p2a: La veneno|89\/100 brn|[from] Stealth Rock\n|-damage|p2a: La veneno|76\/100 brn|[from] Spikes\n|\n|-heal|p1a: Ti-lin|72\/100|[from] item: Leftovers\n|-damage|p2a: La veneno|70\/100 brn|[from] brn\n|-damage|p1a: Ti-lin|59\/100|[from] Salt Cure\n|upkeep\n|turn|8\n|\n|t:|1700685884\n|move|p2a: La veneno|Close Combat|p1a: Ti-lin\n|-supereffective|p1a: Ti-lin\n|-damage|p1a: Ti-lin|28\/100\n|-unboost|p2a: La veneno|def|1\n|-unboost|p2a: La veneno|spd|1\n|move|p1a: Ti-lin|Spikes|p2a: La veneno\n|-sidestart|p2: Sai4rr|Spikes\n|\n|-heal|p1a: Ti-lin|34\/100|[from] item: Leftovers\n|-damage|p2a: La veneno|64\/100 brn|[from] brn\n|-damage|p1a: Ti-lin|21\/100|[from] Salt Cure\n|upkeep\n|turn|9\n|\n|t:|1700685899\n|switch|p1a: Winona|Mandibuzz, F|100\/100\n|move|p2a: La veneno|Swords Dance|p2a: La veneno\n|-boost|p2a: La veneno|atk|2\n|\n|-damage|p2a: La veneno|58\/100 brn|[from] brn\n|upkeep\n|turn|10\n|\n|t:|1700685909\n|move|p2a: La veneno|Close Combat|p1a: Winona\n|-damage|p1a: Winona|61\/100\n|-unboost|p2a: La veneno|def|1\n|-unboost|p2a: La veneno|spd|1\n|-damage|p2a: La veneno|42\/100 brn|[from] item: Rocky Helmet|[of] p1a: Winona\n|move|p1a: Winona|Foul Play|p2a: La veneno\n|-resisted|p2a: La veneno\n|-damage|p2a: La veneno|0 fnt\n|faint|p2a: La veneno\n|\n|upkeep\n|\n|t:|1700685921\n|switch|p2a: Pilar|Garganacl, F|100\/100\n|-damage|p2a: Pilar|88\/100|[from] Stealth Rock\n|-damage|p2a: Pilar|72\/100|[from] Spikes\n|turn|11\n|\n|t:|1700685927\n|switch|p1a: Sherkemo|Grimmsnarl, M|100\/100\n|move|p2a: Pilar|Recover|p2a: Pilar\n|-heal|p2a: Pilar|100\/100\n|\n|upkeep\n|turn|12\n|\n|t:|1700685935\n|move|p1a: Sherkemo|Reflect|p1a: Sherkemo\n|-sidestart|p1: Arlo Ghost|Reflect\n|move|p2a: Pilar|Body Press|p1a: Sherkemo\n|-damage|p1a: Sherkemo|89\/100\n|\n|upkeep\n|turn|13\n|\n|t:|1700685941\n|move|p1a: Sherkemo|Light Screen|p1a: Sherkemo\n|-sidestart|p1: Arlo Ghost|move: Light Screen\n|move|p2a: Pilar|Salt Cure|p1a: Sherkemo\n|-damage|p1a: Sherkemo|82\/100\n|-start|p1a: Sherkemo|Salt Cure\n|\n|-damage|p1a: Sherkemo|70\/100|[from] Salt Cure\n|upkeep\n|turn|14\n|\n|t:|1700685949\n|move|p1a: Sherkemo|Parting Shot|p2a: Pilar\n|-unboost|p2a: Pilar|atk|1\n|-unboost|p2a: Pilar|spa|1\n|\n|t:|1700685952\n|switch|p1a: Ti-lin|Ting-Lu|21\/100|[from] Parting Shot\n|-ability|p1a: Ti-lin|Vessel of Ruin\n|move|p2a: Pilar|Iron Defense|p2a: Pilar\n|-boost|p2a: Pilar|def|2\n|\n|-heal|p1a: Ti-lin|28\/100|[from] item: Leftovers\n|upkeep\n|turn|15\n|\n|t:|1700685965\n|move|p2a: Pilar|Salt Cure|p1a: Ti-lin\n|-resisted|p1a: Ti-lin\n|-damage|p1a: Ti-lin|27\/100\n|-start|p1a: Ti-lin|Salt Cure\n|move|p1a: Ti-lin|Whirlwind|p2a: Pilar\n|drag|p2a: Yu|Iron Valiant, shiny|100\/100\n|-damage|p2a: Yu|94\/100|[from] Stealth Rock\n|-damage|p2a: Yu|78\/100|[from] Spikes\n|-enditem|p2a: Yu|Booster Energy\n|-activate|p2a: Yu|ability: Quark Drive|[fromitem]\n|-start|p2a: Yu|quarkdrivespe\n|\n|-heal|p1a: Ti-lin|33\/100|[from] item: Leftovers\n|-damage|p1a: Ti-lin|20\/100|[from] Salt Cure\n|upkeep\n|turn|16\n|\n|t:|1700685985\n|move|p2a: Yu|Moonblast|p1a: Ti-lin\n|-supereffective|p1a: Ti-lin\n|-damage|p1a: Ti-lin|4\/100\n|move|p1a: Ti-lin|Spikes|p2a: Yu\n|-sidestart|p2: Sai4rr|Spikes\n|\n|-heal|p1a: Ti-lin|10\/100|[from] item: Leftovers\n|-damage|p1a: Ti-lin|0 fnt|[from] Salt Cure\n|faint|p1a: Ti-lin\n|upkeep\n|\n|t:|1700685991\n|switch|p1a: Marijuano|Muk-Alola, M|100\/100\n|turn|17\n|\n|t:|1700686009\n|-end|p2a: Yu|Quark Drive|[silent]\n|switch|p2a: Pilar|Garganacl, F|100\/100\n|-damage|p2a: Pilar|88\/100|[from] Stealth Rock\n|-damage|p2a: Pilar|63\/100|[from] Spikes\n|move|p1a: Marijuano|Poison Jab|p2a: Pilar\n|-resisted|p2a: Pilar\n|-damage|p2a: Pilar|53\/100\n|\n|-heal|p2a: Pilar|60\/100|[from] item: Leftovers\n|upkeep\n|turn|18\n|\n|t:|1700686021\n|move|p1a: Marijuano|Knock Off|p2a: Pilar\n|-damage|p2a: Pilar|36\/100\n|-enditem|p2a: Pilar|Leftovers|[from] move: Knock Off|[of] p1a: Marijuano\n|move|p2a: Pilar|Salt Cure|p1a: Marijuano\n|-damage|p1a: Marijuano|94\/100\n|-start|p1a: Marijuano|Salt Cure\n|\n|-damage|p1a: Marijuano|82\/100|[from] Salt Cure\n|upkeep\n|turn|19\n|\n|t:|1700686031\n|switch|p1a: Hydrarlo|Hydreigon, M|100\/100\n|move|p2a: Pilar|Recover|p2a: Pilar\n|-heal|p2a: Pilar|86\/100\n|\n|-sideend|p1: Arlo Ghost|Reflect\n|upkeep\n|turn|20\n|\n|t:|1700686041\n|move|p1a: Hydrarlo|Substitute|p1a: Hydrarlo\n|-start|p1a: Hydrarlo|Substitute\n|-damage|p1a: Hydrarlo|76\/100\n|move|p2a: Pilar|Salt Cure|p1a: Hydrarlo\n|-activate|p1a: Hydrarlo|move: Substitute|[damage]\n|\n|-heal|p1a: Hydrarlo|82\/100|[from] item: Leftovers\n|-sideend|p1: Arlo Ghost|move: Light Screen\n|upkeep\n|turn|21\n|\n|t:|1700686051\n|move|p1a: Hydrarlo|Nasty Plot|p1a: Hydrarlo\n|-boost|p1a: Hydrarlo|spa|2\n|move|p2a: Pilar|Iron Defense|p2a: Pilar\n|-boost|p2a: Pilar|def|2\n|\n|-heal|p1a: Hydrarlo|88\/100|[from] item: Leftovers\n|upkeep\n|turn|22\n|\n|t:|1700686060\n|-terastallize|p1a: Hydrarlo|Steel\n|move|p1a: Hydrarlo|Flash Cannon|p2a: Pilar\n|-supereffective|p2a: Pilar\n|-damage|p2a: Pilar|0 fnt\n|faint|p2a: Pilar\n|\n|-heal|p1a: Hydrarlo|94\/100|[from] item: Leftovers\n|upkeep\n|j| Danwine\n|\n|t:|1700686072\n|switch|p2a: Macaco|Rillaboom, M|94\/100 brn\n|-damage|p2a: Macaco|82\/100 brn|[from] Stealth Rock\n|-damage|p2a: Macaco|57\/100 brn|[from] Spikes\n|-fieldstart|move: Grassy Terrain|[from] ability: Grassy Surge|[of] p2a: Macaco\n|turn|23\n|\n|t:|1700686079\n|move|p2a: Macaco|Grassy Glide|p1a: Hydrarlo\n|-resisted|p1a: Hydrarlo\n|-end|p1a: Hydrarlo|Substitute\n|move|p1a: Hydrarlo|Flash Cannon|p2a: Macaco\n|-damage|p2a: Macaco|0 fnt\n|faint|p2a: Macaco\n|\n|-heal|p1a: Hydrarlo|99\/100|[from] item: Leftovers\n|upkeep\n|\n|t:|1700686101\n|switch|p2a: Yu|Iron Valiant, shiny|78\/100\n|-damage|p2a: Yu|71\/100|[from] Stealth Rock\n|-damage|p2a: Yu|47\/100|[from] Spikes\n|turn|24\n|\n|t:|1700686108\n|switch|p1a: Marijuano|Muk-Alola, M|82\/100\n|move|p2a: Yu|Close Combat|p1a: Marijuano\n|-damage|p1a: Marijuano|23\/100\n|-unboost|p2a: Yu|def|1\n|-unboost|p2a: Yu|spd|1\n|\n|-heal|p2a: Yu|53\/100|[from] Grassy Terrain\n|-heal|p1a: Marijuano|29\/100|[from] Grassy Terrain\n|upkeep\n|turn|25\n|\n|t:|1700686126\n|-end|p2a: Yu|Quark Drive|[silent]\n|switch|p2a: Paola|Goodra-Hisui, F|100\/100\n|-damage|p2a: Paola|94\/100|[from] Stealth Rock\n|-damage|p2a: Paola|69\/100|[from] Spikes\n|move|p1a: Marijuano|Shadow Sneak|p2a: Paola\n|-damage|p2a: Paola|61\/100\n|\n|-heal|p2a: Paola|67\/100|[from] Grassy Terrain\n|-heal|p2a: Paola|73\/100|[from] item: Leftovers\n|-heal|p1a: Marijuano|35\/100|[from] Grassy Terrain\n|upkeep\n|turn|26\n|\n|t:|1700686138\n|switch|p1a: rangollum|Sableye, M|90\/100\n|move|p2a: Paola|Acid Armor|p2a: Paola\n|-boost|p2a: Paola|def|2\n|\n|-heal|p2a: Paola|79\/100|[from] Grassy Terrain\n|-heal|p2a: Paola|85\/100|[from] item: Leftovers\n|-heal|p1a: rangollum|96\/100|[from] Grassy Terrain\n|upkeep\n|turn|27\n|l| Danwine\n|\n|t:|1700686151\n|detailschange|p1a: rangollum|Sableye-Mega, M\n|-mega|p1a: rangollum|Sableye|Sablenite\n|move|p2a: Paola|Flash Cannon|p1a: rangollum\n|-damage|p1a: rangollum|74\/100\n|move|p1a: rangollum|Will-O-Wisp|p2a: Paola\n|-status|p2a: Paola|brn\n|\n|-heal|p2a: Paola|91\/100 brn|[from] Grassy Terrain\n|-heal|p2a: Paola|97\/100 brn|[from] item: Leftovers\n|-heal|p1a: rangollum|80\/100|[from] Grassy Terrain\n|-damage|p2a: Paola|91\/100 brn|[from] brn\n|-fieldend|move: Grassy Terrain\n|upkeep\n|turn|28\n|\n|t:|1700686166\n|move|p2a: Paola|Toxic|p1a: rangollum\n|move|p1a: rangollum|Toxic||[from]ability: Magic Bounce|[still]\n|-fail|p1a: rangollum\n|move|p1a: rangollum|Calm Mind|p1a: rangollum\n|-boost|p1a: rangollum|spa|1\n|-boost|p1a: rangollum|spd|1\n|\n|-heal|p2a: Paola|97\/100 brn|[from] item: Leftovers\n|-damage|p2a: Paola|91\/100 brn|[from] brn\n|upkeep\n|turn|29\n|\n|t:|1700686182\n|switch|p2a: Yu|Iron Valiant, shiny|53\/100\n|-damage|p2a: Yu|47\/100|[from] Stealth Rock\n|-damage|p2a: Yu|22\/100|[from] Spikes\n|move|p1a: rangollum|Calm Mind|p1a: rangollum\n|-boost|p1a: rangollum|spa|1\n|-boost|p1a: rangollum|spd|1\n|\n|upkeep\n|turn|30\n|\n|t:|1700686194\n|move|p2a: Yu|Spirit Break|p1a: rangollum\n|-supereffective|p1a: rangollum\n|-damage|p1a: rangollum|8\/100\n|-unboost|p1a: rangollum|spa|1\n|move|p1a: rangollum|Shadow Ball|p2a: Yu\n|-damage|p2a: Yu|0 fnt\n|faint|p2a: Yu\n|-end|p2a: Yu|Quark Drive|[silent]\n|\n|upkeep\n|\n|t:|1700686205\n|switch|p2a: Paquita|Mawile, F, shiny|100\/100\n|-damage|p2a: Paquita|94\/100|[from] Stealth Rock\n|-damage|p2a: Paquita|69\/100|[from] Spikes\n|-ability|p2a: Paquita|Intimidate|boost\n|-unboost|p1a: rangollum|atk|1\n|turn|31\n|\n|t:|1700686216\n|detailschange|p2a: Paquita|Mawile-Mega, F, shiny\n|-mega|p2a: Paquita|Mawile|Mawilite\n|move|p2a: Paquita|Swords Dance|p2a: Paquita\n|-boost|p2a: Paquita|atk|2\n|move|p1a: rangollum|Will-O-Wisp|p2a: Paquita|[miss]\n|-miss|p1a: rangollum|p2a: Paquita\n|\n|upkeep\n|turn|32\n|\n|t:|1700686227\n|move|p2a: Paquita|Knock Off|p1a: rangollum\n|-damage|p1a: rangollum|0 fnt\n|faint|p1a: rangollum\n|\n|upkeep\n|\n|t:|1700686229\n|switch|p1a: Sherkemo|Grimmsnarl, M|70\/100\n|turn|33\n|\n|t:|1700686244\n|move|p1a: Sherkemo|Reflect|p1a: Sherkemo\n|-sidestart|p1: Arlo Ghost|Reflect\n|move|p2a: Paquita|Play Rough|p1a: Sherkemo\n|-supereffective|p1a: Sherkemo\n|-crit|p1a: Sherkemo\n|-damage|p1a: Sherkemo|0 fnt\n|faint|p1a: Sherkemo\n|\n|upkeep\n|\n|t:|1700686248\n|switch|p1a: Winona|Mandibuzz, F|61\/100\n|turn|34\n|\n|t:|1700686262\n|move|p2a: Paquita|Sucker Punch|p1a: Winona\n|-resisted|p1a: Winona\n|-damage|p1a: Winona|48\/100\n|-damage|p2a: Paquita|53\/100|[from] item: Rocky Helmet|[of] p1a: Winona\n|move|p1a: Winona|Foul Play|p2a: Paquita\n|-resisted|p2a: Paquita\n|-crit|p2a: Paquita\n|-damage|p2a: Paquita|0 fnt\n|faint|p2a: Paquita\n|\n|upkeep\n|c|\u2606Sai4rr|Gg\n|\n|t:|1700686274\n|switch|p2a: Paola|Goodra-Hisui, F|91\/100 brn\n|-damage|p2a: Paola|85\/100 brn|[from] Stealth Rock\n|-damage|p2a: Paola|60\/100 brn|[from] Spikes\n|turn|35\n|\n|t:|1700686280\n|switch|p1a: Marijuano|Muk-Alola, M|35\/100\n|move|p2a: Paola|Draco Meteor|p1a: Marijuano\n|-crit|p1a: Marijuano\n|-damage|p1a: Marijuano|7\/100\n|-unboost|p2a: Paola|spa|2\n|\n|-heal|p2a: Paola|66\/100 brn|[from] item: Leftovers\n|-damage|p2a: Paola|60\/100 brn|[from] brn\n|upkeep\n|turn|36\n|c|\u2606Arlo Ghost|gg\n|\n|t:|1700686292\n|move|p2a: Paola|Flash Cannon|p1a: Marijuano\n|-damage|p1a: Marijuano|0 fnt\n|faint|p1a: Marijuano\n|\n|-heal|p2a: Paola|66\/100 brn|[from] item: Leftovers\n|-damage|p2a: Paola|60\/100 brn|[from] brn\n|upkeep\n|\n|t:|1700686296\n|switch|p1a: Hydrarlo|Hydreigon, M, tera:Steel|99\/100\n|turn|37\n|\n|t:|1700686304\n|move|p1a: Hydrarlo|Nasty Plot|p1a: Hydrarlo\n|-boost|p1a: Hydrarlo|spa|2\n|move|p2a: Paola|Draco Meteor|p1a: Hydrarlo\n|-resisted|p1a: Hydrarlo\n|-damage|p1a: Hydrarlo|86\/100\n|-unboost|p2a: Paola|spa|2\n|\n|-heal|p1a: Hydrarlo|92\/100|[from] item: Leftovers\n|-heal|p2a: Paola|66\/100 brn|[from] item: Leftovers\n|-damage|p2a: Paola|60\/100 brn|[from] brn\n|upkeep\n|turn|38\n|\n|t:|1700686326\n|move|p1a: Hydrarlo|Dark Pulse|p2a: Paola\n|-damage|p2a: Paola|21\/100 brn\n|move|p2a: Paola|Flash Cannon|p1a: Hydrarlo\n|-resisted|p1a: Hydrarlo\n|-damage|p1a: Hydrarlo|88\/100\n|\n|-heal|p1a: Hydrarlo|94\/100|[from] item: Leftovers\n|-heal|p2a: Paola|27\/100 brn|[from] item: Leftovers\n|-damage|p2a: Paola|21\/100 brn|[from] brn\n|upkeep\n|turn|39\n|\n|t:|1700686337\n|move|p1a: Hydrarlo|Dark Pulse|p2a: Paola\n|-damage|p2a: Paola|0 fnt\n|faint|p2a: Paola\n|\n|win|Arlo Ghost\n|l| Void280\n|l|\u2606Sai4rr\n","uploadtime":1700686344,"views":3,"p1id":"arloghost","p2id":"sai4rr","formatid":"gen9nationaldex","rating":0,"private":0,"password":""}