{"id":"gen9nationaldex-1990938829","p1":"Jofrooooooooooo","p2":"SegaSunnyD","format":"[Gen 9] National Dex","log":"|j|\u2606Jofrooooooooooo\n|j|\u2606SegaSunnyD\n|t:|1700017383\n|gametype|singles\n|player|p1|Jofrooooooooooo|marlon|1308\n|player|p2|SegaSunnyD|caitlin|1329\n|teamsize|p1|6\n|teamsize|p2|6\n|gen|9\n|tier|[Gen 9] National Dex\n|rated|\n|rule|HP Percentage Mod: HP is shown in percentages\n|rule|Endless Battle Clause: Forcing endless battles is banned\n|rule|OHKO Clause: OHKO moves are banned\n|rule|Evasion Clause: Evasion abilities, items, and moves are banned\n|rule|Evasion Abilities Clause: Evasion abilities are banned\n|rule|Evasion Items Clause: Evasion items are banned\n|rule|Evasion Moves Clause: Evasion moves are banned\n|rule|Species Clause: Limit one of each Pok\u00e9mon\n|rule|Sleep Clause Mod: Limit one foe put to sleep\n|clearpoke\n|poke|p1|Florges, F|\n|poke|p1|Great Tusk|\n|poke|p1|Empoleon, F|\n|poke|p1|Celesteela|\n|poke|p1|Zapdos|\n|poke|p1|Sneasler, F|\n|poke|p2|Gardevoir, M|\n|poke|p2|Venomoth, M|\n|poke|p2|Gengar, M|\n|poke|p2|Araquanid, F|\n|poke|p2|Lucario, M|\n|poke|p2|Greninja-*, M|\n|teampreview\n|\n|t:|1700017440\n|start\n|switch|p1a: Celesteela|Celesteela, shiny|100\/100\n|switch|p2a: Araquanid|Araquanid, F, shiny|100\/100\n|turn|1\n|\n|t:|1700017449\n|switch|p1a: Zapdos|Zapdos|100\/100\n|move|p2a: Araquanid|Magic Coat|p2a: Araquanid\n|-singleturn|p2a: Araquanid|move: Magic Coat\n|\n|upkeep\n|turn|2\n|\n|t:|1700017455\n|-terastallize|p2a: Araquanid|Ground\n|move|p1a: Zapdos|Discharge|p2a: Araquanid\n|-immune|p2a: Araquanid\n|move|p2a: Araquanid|Sticky Web|p1a: Zapdos\n|-sidestart|p1: Jofrooooooooooo|move: Sticky Web\n|\n|upkeep\n|turn|3\n|\n|t:|1700017461\n|move|p1a: Zapdos|Heat Wave|p2a: Araquanid\n|-damage|p2a: Araquanid|86\/100\n|move|p2a: Araquanid|Liquidation|p1a: Zapdos\n|-damage|p1a: Zapdos|31\/100\n|\n|upkeep\n|turn|4\n|\n|t:|1700017468\n|move|p1a: Zapdos|Defog|p2a: Araquanid\n|-unboost|p2a: Araquanid|evasion|1\n|-sideend|p1: Jofrooooooooooo|Sticky Web|[from] move: Defog|[of] p1a: Zapdos\n|move|p2a: Araquanid|Liquidation|p1a: Zapdos\n|-damage|p1a: Zapdos|0 fnt\n|faint|p1a: Zapdos\n|\n|upkeep\n|\n|t:|1700017474\n|switch|p1a: Empoleon|Empoleon, F|100\/100\n|turn|5\n|\n|t:|1700017492\n|move|p1a: Empoleon|Surf|p2a: Araquanid\n|-supereffective|p2a: Araquanid\n|-damage|p2a: Araquanid|13\/100\n|move|p2a: Araquanid|Sticky Web|p1a: Empoleon\n|-sidestart|p1: Jofrooooooooooo|move: Sticky Web\n|\n|upkeep\n|turn|6\n|\n|t:|1700017497\n|move|p1a: Empoleon|Surf|p2a: Araquanid\n|-supereffective|p2a: Araquanid\n|-crit|p2a: Araquanid\n|-damage|p2a: Araquanid|0 fnt\n|faint|p2a: Araquanid\n|\n|upkeep\n|\n|t:|1700017501\n|switch|p2a: Lucario|Lucario, M, shiny|100\/100\n|turn|7\n|\n|t:|1700017507\n|move|p1a: Empoleon|Surf|p2a: Lucario\n|-damage|p2a: Lucario|25\/100\n|move|p2a: Lucario|Close Combat|p1a: Empoleon\n|-supereffective|p1a: Empoleon\n|-damage|p1a: Empoleon|0 fnt\n|-unboost|p2a: Lucario|def|1\n|-unboost|p2a: Lucario|spd|1\n|faint|p1a: Empoleon\n|-damage|p2a: Lucario|15\/100|[from] item: Life Orb\n|\n|upkeep\n|\n|t:|1700017517\n|switch|p1a: Celesteela|Celesteela, shiny|100\/100\n|turn|8\n|inactive|Battle timer is ON: inactive players will automatically lose when time's up. (requested by Jofrooooooooooo)\n|\n|t:|1700017544\n|move|p2a: Lucario|Close Combat|p1a: Celesteela\n|-damage|p1a: Celesteela|55\/100\n|-unboost|p2a: Lucario|def|1\n|-unboost|p2a: Lucario|spd|1\n|-damage|p2a: Lucario|0 fnt|[from] item: Rocky Helmet|[of] p1a: Celesteela\n|faint|p2a: Lucario\n|move|p1a: Celesteela|Air Slash|p2: Lucario|[notarget]\n|-fail|p1a: Celesteela\n|\n|upkeep\n|\n|t:|1700017550\n|switch|p2a: Gengar|Gengar, M|100\/100\n|turn|9\n|\n|t:|1700017555\n|move|p2a: Gengar|Nasty Plot|p2a: Gengar\n|-boost|p2a: Gengar|spa|2\n|move|p1a: Celesteela|Leech Seed|p2a: Gengar\n|-start|p2a: Gengar|move: Leech Seed\n|\n|-damage|p2a: Gengar|88\/100|[from] Leech Seed|[of] p1a: Celesteela\n|-heal|p1a: Celesteela|63\/100|[silent]\n|upkeep\n|turn|10\n|\n|t:|1700017564\n|move|p1a: Celesteela|Protect|p1a: Celesteela\n|-singleturn|p1a: Celesteela|Protect\n|move|p2a: Gengar|Shadow Ball|p1a: Celesteela\n|-activate|p1a: Celesteela|move: Protect\n|\n|-damage|p2a: Gengar|76\/100|[from] Leech Seed|[of] p1a: Celesteela\n|-heal|p1a: Celesteela|71\/100|[silent]\n|upkeep\n|turn|11\n|\n|t:|1700017573\n|move|p2a: Gengar|Shadow Ball|p1a: Celesteela\n|-damage|p1a: Celesteela|0 fnt\n|faint|p1a: Celesteela\n|-damage|p2a: Gengar|66\/100|[from] item: Life Orb\n|\n|upkeep\n|\n|t:|1700017579\n|switch|p1a: Florges|Florges, F, shiny|100\/100\n|-activate|p1a: Florges|move: Sticky Web\n|-unboost|p1a: Florges|spe|1\n|turn|12\n|\n|t:|1700017588\n|move|p2a: Gengar|Sludge Wave|p1a: Florges\n|-supereffective|p1a: Florges\n|-damage|p1a: Florges|0 fnt\n|faint|p1a: Florges\n|-damage|p2a: Gengar|56\/100|[from] item: Life Orb\n|\n|upkeep\n|\n|t:|1700017595\n|switch|p1a: Sneasler|Sneasler, F|100\/100\n|-activate|p1a: Sneasler|move: Sticky Web\n|-unboost|p1a: Sneasler|spe|1\n|turn|13\n|\n|t:|1700017599\n|move|p1a: Sneasler|Endure|p1a: Sneasler\n|-singleturn|p1a: Sneasler|move: Endure\n|move|p2a: Gengar|Shadow Ball|p1a: Sneasler\n|-activate|p1a: Sneasler|move: Endure\n|-damage|p1a: Sneasler|1\/100\n|-enditem|p1a: Sneasler|Liechi Berry|[eat]\n|-boost|p1a: Sneasler|atk|1|[from] item: Liechi Berry\n|-damage|p2a: Gengar|46\/100|[from] item: Life Orb\n|\n|-damage|p2a: Gengar|34\/100|[from] Leech Seed|[of] p1a: Sneasler\n|-heal|p1a: Sneasler|11\/100|[silent]\n|upkeep\n|turn|14\n|\n|t:|1700017612\n|move|p1a: Sneasler|Dire Claw|p2a: Gengar\n|-resisted|p2a: Gengar\n|-damage|p2a: Gengar|1\/100\n|move|p2a: Gengar|Shadow Ball|p1a: Sneasler\n|-damage|p1a: Sneasler|0 fnt\n|faint|p1a: Sneasler\n|-damage|p2a: Gengar|0 fnt|[from] item: Life Orb\n|faint|p2a: Gengar\n|\n|upkeep\n|\n|t:|1700017625\n|switch|p1a: Great Tusk|Great Tusk|100\/100\n|switch|p2a: Greninja|Greninja, M|100\/100\n|-activate|p1a: Great Tusk|move: Sticky Web\n|-unboost|p1a: Great Tusk|spe|1\n|turn|15\n|inactive|Jofrooooooooooo has 120 seconds left.\n|\n|t:|1700017658\n|move|p2a: Greninja|Hydro Pump|p1a: Great Tusk|[miss]\n|-miss|p2a: Greninja|p1a: Great Tusk\n|move|p1a: Great Tusk|Earthquake|p2a: Greninja\n|-damage|p2a: Greninja|0 fnt\n|faint|p2a: Greninja\n|\n|upkeep\n|inactive|SegaSunnyD has 120 seconds left.\n|\n|t:|1700017692\n|switch|p2a: Gardevoir|Gardevoir, M, shiny|100\/100\n|turn|16\n|\n|t:|1700017700\n|detailschange|p2a: Gardevoir|Gardevoir-Mega, M, shiny\n|-mega|p2a: Gardevoir|Gardevoir|Gardevoirite\n|-terastallize|p1a: Great Tusk|Ground\n|move|p2a: Gardevoir|Hyper Voice|p1a: Great Tusk\n|-damage|p1a: Great Tusk|44\/100\n|move|p1a: Great Tusk|Earthquake|p2a: Gardevoir\n|-damage|p2a: Gardevoir|0 fnt\n|faint|p2a: Gardevoir\n|\n|upkeep\n|\n|t:|1700017713\n|switch|p2a: Venomoth|Venomoth, M, shiny|100\/100\n|turn|17\n|\n|t:|1700017717\n|move|p2a: Venomoth|Bug Buzz|p1a: Great Tusk\n|-damage|p1a: Great Tusk|8\/100\n|move|p1a: Great Tusk|Earthquake|p2a: Venomoth\n|-enditem|p2a: Venomoth|Focus Sash\n|-damage|p2a: Venomoth|1\/100\n|\n|upkeep\n|turn|18\n|\n|t:|1700017728\n|move|p2a: Venomoth|Bug Buzz|p1a: Great Tusk\n|-crit|p1a: Great Tusk\n|-damage|p1a: Great Tusk|0 fnt\n|faint|p1a: Great Tusk\n|-end|p1a: Great Tusk|Protosynthesis|[silent]\n|\n|win|SegaSunnyD\n|raw|Jofrooooooooooo's rating: 1308 &rarr; <strong>1289<\/strong><br \/>(-19 for losing)\n|raw|SegaSunnyD's rating: 1329 &rarr; <strong>1348<\/strong><br \/>(+19 for winning)\n|l|\u2606Jofrooooooooooo\n","uploadtime":1700017772,"views":5,"p1id":"jofrooooooooooo","p2id":"segasunnyd","formatid":"gen9nationaldex","rating":1289,"private":0,"password":""}