{"id":"gen9nationaldex-1986985350","p1":"AkRAA22555","p2":"o0Naver0o","format":"[Gen 9] National Dex","log":"|j|\u2606AkRAA22555\n|j|\u2606o0Naver0o\n|t:|1699546717\n|gametype|singles\n|player|p1|AkRAA22555|gambler|1054\n|player|p2|o0Naver0o|102|1049\n|teamsize|p1|6\n|teamsize|p2|6\n|gen|9\n|tier|[Gen 9] National Dex\n|rated|\n|rule|HP Percentage Mod: HP is shown in percentages\n|rule|Endless Battle Clause: Forcing endless battles is banned\n|rule|OHKO Clause: OHKO moves are banned\n|rule|Evasion Clause: Evasion abilities, items, and moves are banned\n|rule|Evasion Abilities Clause: Evasion abilities are banned\n|rule|Evasion Items Clause: Evasion items are banned\n|rule|Evasion Moves Clause: Evasion moves are banned\n|rule|Species Clause: Limit one of each Pok\u00e9mon\n|rule|Sleep Clause Mod: Limit one foe put to sleep\n|clearpoke\n|poke|p1|Sneasler, M|\n|poke|p1|Tapu Lele|\n|poke|p1|Charizard, M|\n|poke|p1|Samurott-Hisui, M|\n|poke|p1|Sinistcha|\n|poke|p1|Ribombee, M|\n|poke|p2|Magmortar, M|\n|poke|p2|Electivire, M|\n|poke|p2|Lickilicky, M|\n|poke|p2|Magnezone|\n|poke|p2|Tangrowth, M|\n|poke|p2|Sharpedo, M|\n|teampreview\n|inactive|Battle timer is ON: inactive players will automatically lose when time's up. (requested by AkRAA22555)\n|\n|t:|1699546728\n|start\n|switch|p1a: Samurott|Samurott-Hisui, M|100\/100\n|switch|p2a: Magmortar|Magmortar, M|100\/100\n|turn|1\n|\n|t:|1699546745\n|switch|p2a: Electivire|Electivire, M, shiny|100\/100\n|move|p1a: Samurott|Ceaseless Edge|p2a: Electivire\n|-damage|p2a: Electivire|53\/100\n|-sidestart|p2: o0Naver0o|Spikes\n|\n|upkeep\n|turn|2\n|\n|t:|1699546756\n|move|p1a: Samurott|Ceaseless Edge|p2a: Electivire\n|-damage|p2a: Electivire|5\/100\n|-sidestart|p2: o0Naver0o|Spikes\n|move|p2a: Electivire|Electric Terrain|p2a: Electivire\n|-fieldstart|move: Electric Terrain\n|\n|upkeep\n|turn|3\n|\n|t:|1699546770\n|move|p1a: Samurott|Ceaseless Edge|p2a: Electivire\n|-damage|p2a: Electivire|0 fnt\n|-sidestart|p2: o0Naver0o|Spikes\n|faint|p2a: Electivire\n|\n|upkeep\n|\n|t:|1699546772\n|switch|p2a: Magnezone|Magnezone, shiny|100\/100\n|-damage|p2a: Magnezone|75\/100|[from] Spikes\n|turn|4\n|\n|t:|1699546782\n|move|p1a: Samurott|Brick Break|p2a: Magnezone\n|-supereffective|p2a: Magnezone\n|-damage|p2a: Magnezone|37\/100\n|move|p2a: Magnezone|Thunderbolt|p1a: Samurott\n|-supereffective|p1a: Samurott\n|-damage|p1a: Samurott|0 fnt\n|faint|p1a: Samurott\n|\n|-heal|p2a: Magnezone|43\/100|[from] item: Leftovers\n|upkeep\n|\n|t:|1699546793\n|switch|p1a: Tapu Lele|Tapu Lele|100\/100\n|-fieldstart|move: Psychic Terrain|[from] ability: Psychic Surge|[of] p1a: Tapu Lele\n|turn|5\n|\n|t:|1699546799\n|switch|p1a: Sneasler|Sneasler, M, shiny|100\/100\n|-enditem|p1a: Sneasler|Psychic Seed\n|-boost|p1a: Sneasler|spd|1|[from] item: Psychic Seed\n|move|p2a: Magnezone|Gyro Ball|p1a: Sneasler\n|-damage|p1a: Sneasler|13\/100\n|\n|-heal|p2a: Magnezone|49\/100|[from] item: Leftovers\n|upkeep\n|turn|6\n|\n|t:|1699546813\n|move|p2a: Magnezone|Protect|p2a: Magnezone\n|-singleturn|p2a: Magnezone|Protect\n|move|p1a: Sneasler|Brick Break|p2a: Magnezone\n|-activate|p2a: Magnezone|move: Protect\n|\n|-heal|p2a: Magnezone|55\/100|[from] item: Leftovers\n|upkeep\n|turn|7\n|\n|t:|1699546823\n|move|p1a: Sneasler|Brick Break|p2a: Magnezone\n|-supereffective|p2a: Magnezone\n|-damage|p2a: Magnezone|0 fnt\n|faint|p2a: Magnezone\n|\n|upkeep\n|\n|t:|1699546829\n|switch|p2a: Sharpedo|Sharpedo, M, shiny|100\/100\n|-damage|p2a: Sharpedo|76\/100|[from] Spikes\n|turn|8\n|\n|t:|1699546836\n|move|p2a: Sharpedo|Protect|p2a: Sharpedo\n|-singleturn|p2a: Sharpedo|Protect\n|move|p1a: Sneasler|Brick Break|p2a: Sharpedo\n|-activate|p2a: Sharpedo|move: Protect\n|\n|-ability|p2a: Sharpedo|Speed Boost|boost\n|-boost|p2a: Sharpedo|spe|1\n|upkeep\n|turn|9\n|\n|t:|1699546846\n|detailschange|p2a: Sharpedo|Sharpedo-Mega, M, shiny\n|-mega|p2a: Sharpedo|Sharpedo|Sharpedonite\n|move|p1a: Sneasler|Brick Break|p2a: Sharpedo\n|-supereffective|p2a: Sharpedo\n|-damage|p2a: Sharpedo|0 fnt\n|faint|p2a: Sharpedo\n|\n|-fieldend|move: Psychic Terrain\n|upkeep\n|\n|t:|1699546856\n|switch|p2a: Magmortar|Magmortar, M|100\/100\n|-damage|p2a: Magmortar|76\/100|[from] Spikes\n|turn|10\n|\n|t:|1699546863\n|-terastallize|p1a: Sneasler|Flying\n|move|p1a: Sneasler|Acrobatics|p2a: Magmortar\n|-damage|p2a: Magmortar|0 fnt\n|faint|p2a: Magmortar\n|\n|upkeep\n|-message|o0Naver0o forfeited.\n|\n|win|AkRAA22555\n|raw|AkRAA22555's rating: 1054 &rarr; <strong>1085<\/strong><br \/>(+31 for winning)\n|raw|o0Naver0o's rating: 1049 &rarr; <strong>1032<\/strong><br \/>(-17 for losing)\n|l|\u2606o0Naver0o\n","uploadtime":1699546875,"views":10,"p1id":"akraa22555","p2id":"o0naver0o","formatid":"gen9nationaldex","rating":1032,"private":0,"password":""}