{"id":"gen9nationaldex-1993966916","p1":"qiyuanxing oc","p2":"baigu","format":"[Gen 9] National Dex","log":"|j|\u2606qiyuanxing oc\n|j|\u2606baigu\n|t:|1700384608\n|gametype|singles\n|player|p1|qiyuanxing oc|lillie-masters|1577\n|player|p2|baigu|dawn-gen4pt|1817\n|teamsize|p1|6\n|teamsize|p2|6\n|gen|9\n|tier|[Gen 9] National Dex\n|rated|\n|rule|HP Percentage Mod: HP is shown in percentages\n|rule|Endless Battle Clause: Forcing endless battles is banned\n|rule|OHKO Clause: OHKO moves are banned\n|rule|Evasion Clause: Evasion abilities, items, and moves are banned\n|rule|Evasion Abilities Clause: Evasion abilities are banned\n|rule|Evasion Items Clause: Evasion items are banned\n|rule|Evasion Moves Clause: Evasion moves are banned\n|rule|Species Clause: Limit one of each Pok\u00e9mon\n|rule|Sleep Clause Mod: Limit one foe put to sleep\n|clearpoke\n|poke|p1|Cloyster, F|\n|poke|p1|Ceruledge, M|\n|poke|p1|Keldeo-Resolute|\n|poke|p1|Diancie|\n|poke|p1|Alomomola, M|\n|poke|p1|Grimmsnarl, M|\n|poke|p2|Ursaluna, M|\n|poke|p2|Dragonite, F|\n|poke|p2|Slowking, F|\n|poke|p2|Tapu Koko|\n|poke|p2|Hoopa-Unbound|\n|poke|p2|Great Tusk|\n|teampreview\n|\n|t:|1700384630\n|start\n|switch|p1a: Grimmsnarl|Grimmsnarl, M|100\/100\n|switch|p2a: Tapu Koko|Tapu Koko|100\/100\n|-fieldstart|move: Electric Terrain|[from] ability: Electric Surge|[of] p2a: Tapu Koko\n|turn|1\n|\n|t:|1700384658\n|move|p1a: Grimmsnarl|Light Screen|p1a: Grimmsnarl\n|-sidestart|p1: qiyuanxing oc|move: Light Screen\n|move|p2a: Tapu Koko|Dazzling Gleam|p1a: Grimmsnarl\n|-supereffective|p1a: Grimmsnarl\n|-damage|p1a: Grimmsnarl|60\/100\n|\n|upkeep\n|turn|2\n|\n|t:|1700384662\n|move|p1a: Grimmsnarl|Parting Shot|p2a: Tapu Koko\n|-unboost|p2a: Tapu Koko|atk|1\n|-unboost|p2a: Tapu Koko|spa|1\n|\n|t:|1700384669\n|switch|p1a: Ceruledge|Ceruledge, M|100\/100|[from] Parting Shot\n|move|p2a: Tapu Koko|Dazzling Gleam|p1a: Ceruledge\n|-resisted|p1a: Ceruledge\n|-damage|p1a: Ceruledge|91\/100\n|\n|upkeep\n|turn|3\n|\n|t:|1700384676\n|switch|p2a: Dragonite|Dragonite, F|100\/100\n|move|p1a: Ceruledge|Swords Dance|p1a: Ceruledge\n|-boost|p1a: Ceruledge|atk|2\n|\n|upkeep\n|turn|4\n|inactive|Battle timer is ON: inactive players will automatically lose when time's up. (requested by baigu)\n|\n|t:|1700384709\n|-terastallize|p2a: Dragonite|Normal\n|move|p1a: Ceruledge|Poltergeist|p2a: Dragonite\n|-immune|p2a: Dragonite\n|move|p2a: Dragonite|Dual Wingbeat|p1a: Ceruledge\n|-damage|p1a: Ceruledge|43\/100\n|-damage|p1a: Ceruledge|0 fnt\n|faint|p1a: Ceruledge\n|-hitcount|p1: Ceruledge|2\n|\n|upkeep\n|\n|t:|1700384713\n|switch|p1a: Cloyster|Cloyster, F|100\/100\n|turn|5\n|\n|t:|1700384724\n|move|p1a: Cloyster|Shell Smash|p1a: Cloyster\n|-unboost|p1a: Cloyster|def|1\n|-unboost|p1a: Cloyster|spd|1\n|-boost|p1a: Cloyster|atk|2\n|-boost|p1a: Cloyster|spa|2\n|-boost|p1a: Cloyster|spe|2\n|-enditem|p1a: Cloyster|White Herb\n|-clearnegativeboost|p1a: Cloyster|[silent]\n|move|p2a: Dragonite|Dual Wingbeat|p1a: Cloyster\n|-damage|p1a: Cloyster|71\/100\n|-damage|p1a: Cloyster|42\/100\n|-hitcount|p1a: Cloyster|2\n|\n|-fieldend|move: Electric Terrain\n|upkeep\n|turn|6\n|inactive|baigu has 120 seconds left.\n|\n|t:|1700384756\n|switch|p2a: Hoopa|Hoopa-Unbound|100\/100\n|move|p1a: Cloyster|Icicle Spear|p2a: Hoopa\n|-damage|p2a: Hoopa|56\/100\n|-damage|p2a: Hoopa|12\/100\n|-damage|p2a: Hoopa|0 fnt\n|faint|p2a: Hoopa\n|-hitcount|p2: Hoopa|3\n|\n|upkeep\n|\n|t:|1700384760\n|switch|p2a: Dragonite|Dragonite, F, tera:Normal|100\/100\n|turn|7\n|\n|t:|1700384764\n|move|p2a: Dragonite|Extreme Speed|p1a: Cloyster\n|-damage|p1a: Cloyster|0 fnt\n|faint|p1a: Cloyster\n|\n|upkeep\n|\n|t:|1700384768\n|switch|p1a: Alomomola|Alomomola, M|100\/100\n|turn|8\n|\n|t:|1700384771\n|switch|p2a: Great Tusk|Great Tusk|100\/100\n|move|p1a: Alomomola|Toxic|p2a: Great Tusk\n|-status|p2a: Great Tusk|tox\n|\n|-damage|p2a: Great Tusk|94\/100 tox|[from] psn\n|-sideend|p1: qiyuanxing oc|move: Light Screen\n|upkeep\n|turn|9\n|j| 1 em trach thu\n|\n|t:|1700384778\n|move|p2a: Great Tusk|Stealth Rock|p1a: Alomomola\n|-sidestart|p1: qiyuanxing oc|move: Stealth Rock\n|move|p1a: Alomomola|Flip Turn|p2a: Great Tusk\n|-supereffective|p2a: Great Tusk\n|-damage|p2a: Great Tusk|74\/100 tox\n|\n|t:|1700384782\n|switch|p1a: Grimmsnarl|Grimmsnarl, M|60\/100|[from] Flip Turn\n|-damage|p1a: Grimmsnarl|48\/100|[from] Stealth Rock\n|\n|-damage|p2a: Great Tusk|62\/100 tox|[from] psn\n|upkeep\n|turn|10\n|\n|t:|1700384787\n|move|p1a: Grimmsnarl|Reflect|p1a: Grimmsnarl\n|-sidestart|p1: qiyuanxing oc|Reflect\n|move|p2a: Great Tusk|Headlong Rush|p1a: Grimmsnarl\n|-damage|p1a: Grimmsnarl|9\/100\n|-unboost|p2a: Great Tusk|def|1\n|-unboost|p2a: Great Tusk|spd|1\n|\n|-damage|p2a: Great Tusk|43\/100 tox|[from] psn\n|upkeep\n|turn|11\n|\n|t:|1700384799\n|-end|p2a: Great Tusk|Protosynthesis|[silent]\n|switch|p2a: Slowking|Slowking, F|100\/100\n|move|p1a: Grimmsnarl|Parting Shot|p2a: Slowking\n|-unboost|p2a: Slowking|atk|1\n|-unboost|p2a: Slowking|spa|1\n|\n|t:|1700384804\n|switch|p1a: Keldeo|Keldeo-Resolute|100\/100|[from] Parting Shot\n|-damage|p1a: Keldeo|94\/100|[from] Stealth Rock\n|\n|upkeep\n|turn|12\n|\n|t:|1700384810\n|move|p1a: Keldeo|Taunt|p2a: Slowking\n|-start|p2a: Slowking|move: Taunt\n|cant|p2a: Slowking|move: Taunt|Trick Room\n|\n|upkeep\n|turn|13\n|\n|t:|1700384816\n|switch|p2a: Tapu Koko|Tapu Koko|100\/100\n|-fieldstart|move: Electric Terrain|[from] ability: Electric Surge|[of] p2a: Tapu Koko\n|move|p1a: Keldeo|Calm Mind|p1a: Keldeo\n|-boost|p1a: Keldeo|spa|1\n|-boost|p1a: Keldeo|spd|1\n|\n|upkeep\n|turn|14\n|\n|t:|1700384821\n|move|p2a: Tapu Koko|Thunderbolt|p1a: Keldeo\n|-supereffective|p1a: Keldeo\n|-crit|p1a: Keldeo\n|-damage|p1a: Keldeo|0 fnt\n|faint|p1a: Keldeo\n|\n|upkeep\n|-message|qiyuanxing oc forfeited.\n|\n|win|baigu\n|raw|qiyuanxing oc's rating: 1577 &rarr; <strong>1569<\/strong><br \/>(-8 for losing)\n|raw|baigu's rating: 1817 &rarr; <strong>1825<\/strong><br \/>(+8 for winning)\n","uploadtime":1700384827,"views":6,"p1id":"qiyuanxingoc","p2id":"baigu","formatid":"gen9nationaldex","rating":1569,"private":0,"password":""}