{"id":"gen9nationaldex-1988255872","p1":"The Ice Age Master","p2":"Mlxx_baiye","format":"[Gen 9] National Dex","log":"|j|\u2606The Ice Age Master\n|j|\u2606Mlxx_baiye\n|t:|1699695689\n|gametype|singles\n|player|p1|The Ice Age Master|silver|1108\n|player|p2|Mlxx_baiye|preschooler|1072\n|teamsize|p1|6\n|teamsize|p2|6\n|gen|9\n|tier|[Gen 9] National Dex\n|rated|\n|rule|HP Percentage Mod: HP is shown in percentages\n|rule|Endless Battle Clause: Forcing endless battles is banned\n|rule|OHKO Clause: OHKO moves are banned\n|rule|Evasion Clause: Evasion abilities, items, and moves are banned\n|rule|Evasion Abilities Clause: Evasion abilities are banned\n|rule|Evasion Items Clause: Evasion items are banned\n|rule|Evasion Moves Clause: Evasion moves are banned\n|rule|Species Clause: Limit one of each Pok\u00e9mon\n|rule|Sleep Clause Mod: Limit one foe put to sleep\n|clearpoke\n|poke|p1|Gliscor, F|\n|poke|p1|Greninja-*, M|\n|poke|p1|Heatran, F|\n|poke|p1|Corviknight, F|\n|poke|p1|Ferrothorn, F|\n|poke|p1|Banette, F|\n|poke|p2|Pelipper, F|\n|poke|p2|Swampert, M|\n|poke|p2|Ferrothorn, M|\n|poke|p2|Floatzel, M|\n|poke|p2|Greninja-*, M|\n|poke|p2|Inteleon, F|\n|teampreview\n|\n|t:|1699695695\n|start\n|switch|p1a: Banette|Banette, F|100\/100\n|switch|p2a: Pelipper|Pelipper, F|100\/100\n|-weather|RainDance|[from] ability: Drizzle|[of] p2a: Pelipper\n|-item|p2a: Pelipper|Damp Rock|[from] ability: Frisk|[of] p1a: Banette|[identify]\n|turn|1\n|\n|t:|1699695707\n|detailschange|p1a: Banette|Banette-Mega, F\n|-mega|p1a: Banette|Banette|Banettite\n|move|p1a: Banette|Taunt|p2a: Pelipper\n|-start|p2a: Pelipper|move: Taunt\n|move|p2a: Pelipper|Scald|p1a: Banette\n|-damage|p1a: Banette|54\/100\n|-status|p1a: Banette|brn\n|\n|-weather|RainDance|[upkeep]\n|-damage|p1a: Banette|48\/100 brn|[from] brn\n|upkeep\n|turn|2\n|\n|t:|1699695729\n|switch|p1a: Ferrothorn|Ferrothorn, F|100\/100\n|move|p2a: Pelipper|Scald|p1a: Ferrothorn\n|-resisted|p1a: Ferrothorn\n|-damage|p1a: Ferrothorn|86\/100\n|-status|p1a: Ferrothorn|brn\n|\n|-weather|RainDance|[upkeep]\n|-heal|p1a: Ferrothorn|92\/100 brn|[from] item: Leftovers\n|-damage|p1a: Ferrothorn|86\/100 brn|[from] brn\n|upkeep\n|turn|3\n|\n|t:|1699695745\n|move|p2a: Pelipper|U-turn|p1a: Ferrothorn\n|-damage|p1a: Ferrothorn|79\/100 brn\n|-damage|p2a: Pelipper|88\/100|[from] ability: Iron Barbs|[of] p1a: Ferrothorn\n|\n|t:|1699695750\n|switch|p2a: Ferrothorn|Ferrothorn, M|100\/100|[from] U-turn\n|move|p1a: Ferrothorn|Leech Seed|p2a: Ferrothorn\n|-immune|p2a: Ferrothorn\n|\n|-weather|RainDance|[upkeep]\n|-heal|p1a: Ferrothorn|85\/100 brn|[from] item: Leftovers\n|-damage|p1a: Ferrothorn|79\/100 brn|[from] brn\n|upkeep\n|turn|4\n|\n|t:|1699695760\n|move|p1a: Ferrothorn|Spikes|p2a: Ferrothorn\n|-sidestart|p2: Mlxx_baiye|Spikes\n|move|p2a: Ferrothorn|Thunder Wave||[still]\n|-fail|p2a: Ferrothorn\n|\n|-weather|RainDance|[upkeep]\n|-heal|p1a: Ferrothorn|85\/100 brn|[from] item: Leftovers\n|-damage|p1a: Ferrothorn|79\/100 brn|[from] brn\n|upkeep\n|turn|5\n|\n|t:|1699695785\n|switch|p1a: Gliscor|Gliscor, F|100\/100\n|move|p2a: Ferrothorn|Protect||[still]\n|-fail|p2a: Ferrothorn\n|\n|-weather|RainDance|[upkeep]\n|-status|p1a: Gliscor|tox|[from] item: Toxic Orb\n|upkeep\n|turn|6\n|\n|t:|1699695801\n|move|p1a: Gliscor|Acrobatics|p2a: Ferrothorn\n|-damage|p2a: Ferrothorn|87\/100\n|-damage|p1a: Gliscor|88\/100 tox|[from] ability: Iron Barbs|[of] p2a: Ferrothorn\n|-enditem|p2a: Ferrothorn|Eject Button\n|\n|t:|1699695810\n|switch|p2a: Floatzel|Floatzel, M|100\/100\n|-damage|p2a: Floatzel|88\/100|[from] Spikes\n|\n|-weather|RainDance|[upkeep]\n|-heal|p1a: Gliscor|100\/100 tox|[from] ability: Poison Heal\n|upkeep\n|turn|7\n|\n|t:|1699695817\n|move|p2a: Floatzel|Ice Spinner|p1a: Gliscor\n|-supereffective|p1a: Gliscor\n|-damage|p1a: Gliscor|0 fnt\n|faint|p1a: Gliscor\n|\n|-weather|RainDance|[upkeep]\n|upkeep\n|\n|t:|1699695830\n|switch|p1a: Banette|Banette-Mega, F|48\/100 brn\n|turn|8\n|\n|t:|1699695838\n|move|p1a: Banette|Encore|p2a: Floatzel\n|-start|p2a: Floatzel|Encore\n|move|p2a: Floatzel|Ice Spinner|p1a: Banette\n|-damage|p1a: Banette|6\/100 brn\n|\n|-weather|none\n|-damage|p1a: Banette|0 fnt|[from] brn\n|faint|p1a: Banette\n|upkeep\n|\n|t:|1699695843\n|switch|p1a: Heatran|Heatran, F|100\/100\n|-item|p1a: Heatran|Air Balloon\n|turn|9\n|\n|t:|1699695849\n|switch|p2a: Pelipper|Pelipper, F|88\/100\n|-weather|RainDance|[from] ability: Drizzle|[of] p2a: Pelipper\n|move|p1a: Heatran|Stealth Rock|p2a: Pelipper\n|-sidestart|p2: Mlxx_baiye|move: Stealth Rock\n|\n|-weather|RainDance|[upkeep]\n|upkeep\n|turn|10\n|\n|t:|1699695869\n|switch|p1a: Greninja|Greninja, M|100\/100\n|move|p2a: Pelipper|Defog|p1a: Greninja\n|-unboost|p1a: Greninja|evasion|1\n|-sideend|p2: Mlxx_baiye|Spikes|[from] move: Defog|[of] p2a: Pelipper\n|-sideend|p2: Mlxx_baiye|Stealth Rock|[from] move: Defog|[of] p2a: Pelipper\n|\n|-weather|RainDance|[upkeep]\n|upkeep\n|turn|11\n|l|\u2606Mlxx_baiye\n|player|p2|\n|j|\u2606Mlxx_baiye\n|player|p2|Mlxx_baiye|preschooler\n|\n|t:|1699695930\n|switch|p2a: Ferrothorn|Ferrothorn, M|87\/100\n|-terastallize|p1a: Greninja|Water\n|move|p1a: Greninja|Work Up|p1a: Greninja\n|-boost|p1a: Greninja|atk|1\n|-boost|p1a: Greninja|spa|1\n|\n|-weather|RainDance|[upkeep]\n|upkeep\n|turn|12\n|inactive|Battle timer is ON: inactive players will automatically lose when time's up. (requested by The Ice Age Master)\n|\n|t:|1699695952\n|move|p1a: Greninja|Work Up|p1a: Greninja\n|-boost|p1a: Greninja|atk|1\n|-boost|p1a: Greninja|spa|1\n|move|p2a: Ferrothorn|Power Whip|p1a: Greninja\n|-supereffective|p1a: Greninja\n|-enditem|p1a: Greninja|Focus Sash\n|-damage|p1a: Greninja|1\/100\n|\n|-weather|RainDance|[upkeep]\n|upkeep\n|turn|13\n|\n|t:|1699695966\n|move|p2a: Ferrothorn|Protect|p2a: Ferrothorn\n|-singleturn|p2a: Ferrothorn|Protect\n|move|p1a: Greninja|Water Shuriken|p2a: Ferrothorn\n|-activate|p2a: Ferrothorn|move: Protect\n|\n|-weather|RainDance|[upkeep]\n|upkeep\n|turn|14\n|\n|t:|1699695977\n|move|p1a: Greninja|Water Shuriken|p2a: Ferrothorn\n|-resisted|p2a: Ferrothorn\n|-damage|p2a: Ferrothorn|80\/100\n|-resisted|p2a: Ferrothorn\n|-damage|p2a: Ferrothorn|73\/100\n|-hitcount|p2a: Ferrothorn|2\n|move|p2a: Ferrothorn|Leech Seed|p1a: Greninja\n|-start|p1a: Greninja|move: Leech Seed\n|\n|-weather|RainDance|[upkeep]\n|-damage|p1a: Greninja|0 fnt|[from] Leech Seed|[of] p2a: Ferrothorn\n|-heal|p2a: Ferrothorn|73\/100|[silent]\n|faint|p1a: Greninja\n|upkeep\n|\n|t:|1699695983\n|switch|p1a: Corviknight|Corviknight, F|100\/100\n|turn|15\n|\n|t:|1699695990\n|move|p1a: Corviknight|Iron Defense|p1a: Corviknight\n|-boost|p1a: Corviknight|def|2\n|move|p2a: Ferrothorn|Thunder Wave|p1a: Corviknight|[miss]\n|-miss|p2a: Ferrothorn|p1a: Corviknight\n|\n|-weather|RainDance|[upkeep]\n|upkeep\n|turn|16\n|\n|t:|1699695998\n|move|p1a: Corviknight|Body Press|p2a: Ferrothorn\n|-supereffective|p2a: Ferrothorn\n|-damage|p2a: Ferrothorn|0 fnt\n|-damage|p1a: Corviknight|88\/100|[from] ability: Iron Barbs|[of] p2a: Ferrothorn\n|faint|p2a: Ferrothorn\n|\n|-weather|none\n|-heal|p1a: Corviknight|94\/100|[from] item: Leftovers\n|upkeep\n|\n|t:|1699696006\n|switch|p2a: Pelipper|Pelipper, F|88\/100\n|-weather|RainDance|[from] ability: Drizzle|[of] p2a: Pelipper\n|turn|17\n|\n|t:|1699696014\n|move|p1a: Corviknight|Iron Defense|p1a: Corviknight\n|-boost|p1a: Corviknight|def|2\n|move|p2a: Pelipper|Scald|p1a: Corviknight\n|-damage|p1a: Corviknight|56\/100\n|-status|p1a: Corviknight|brn\n|\n|-weather|RainDance|[upkeep]\n|-heal|p1a: Corviknight|62\/100 brn|[from] item: Leftovers\n|-damage|p1a: Corviknight|56\/100 brn|[from] brn\n|upkeep\n|turn|18\n|\n|t:|1699696024\n|move|p1a: Corviknight|Roost|p1a: Corviknight\n|-heal|p1a: Corviknight|100\/100 brn\n|-singleturn|p1a: Corviknight|move: Roost\n|move|p2a: Pelipper|U-turn|p1a: Corviknight\n|-resisted|p1a: Corviknight\n|-damage|p1a: Corviknight|99\/100 brn\n|\n|t:|1699696031\n|switch|p2a: Inteleon|Inteleon, F|100\/100|[from] U-turn\n|\n|-weather|RainDance|[upkeep]\n|-heal|p1a: Corviknight|100\/100 brn|[from] item: Leftovers\n|-damage|p1a: Corviknight|94\/100 brn|[from] brn\n|upkeep\n|turn|19\n|\n|t:|1699696041\n|move|p2a: Inteleon|Dark Pulse|p1a: Corviknight\n|-damage|p1a: Corviknight|71\/100 brn\n|move|p1a: Corviknight|Body Press|p2a: Inteleon\n|-damage|p2a: Inteleon|34\/100\n|\n|-weather|RainDance|[upkeep]\n|-heal|p1a: Corviknight|77\/100 brn|[from] item: Leftovers\n|-damage|p1a: Corviknight|71\/100 brn|[from] brn\n|upkeep\n|turn|20\n|\n|t:|1699696055\n|switch|p2a: Swampert|Swampert, M|100\/100\n|move|p1a: Corviknight|Roost|p1a: Corviknight\n|-heal|p1a: Corviknight|100\/100 brn\n|-singleturn|p1a: Corviknight|move: Roost\n|\n|-weather|RainDance|[upkeep]\n|-damage|p1a: Corviknight|94\/100 brn|[from] brn\n|upkeep\n|turn|21\n|\n|t:|1699696066\n|detailschange|p2a: Swampert|Swampert-Mega, M\n|-mega|p2a: Swampert|Swampert|Swampertite\n|move|p2a: Swampert|Waterfall|p1a: Corviknight\n|-damage|p1a: Corviknight|77\/100 brn\n|move|p1a: Corviknight|Body Press|p2a: Swampert\n|-damage|p2a: Swampert|68\/100\n|\n|-weather|RainDance|[upkeep]\n|-heal|p1a: Corviknight|83\/100 brn|[from] item: Leftovers\n|-damage|p1a: Corviknight|77\/100 brn|[from] brn\n|upkeep\n|turn|22\n|\n|t:|1699696080\n|move|p2a: Swampert|Ice Punch|p1a: Corviknight\n|-damage|p1a: Corviknight|69\/100 brn\n|move|p1a: Corviknight|Iron Defense|p1a: Corviknight\n|-boost|p1a: Corviknight|def|2\n|\n|-weather|RainDance|[upkeep]\n|-heal|p1a: Corviknight|75\/100 brn|[from] item: Leftovers\n|-damage|p1a: Corviknight|69\/100 brn|[from] brn\n|upkeep\n|turn|23\n|\n|t:|1699696090\n|move|p2a: Swampert|Flip Turn|p1a: Corviknight\n|-damage|p1a: Corviknight|58\/100 brn\n|\n|t:|1699696095\n|switch|p2a: Greninja|Greninja, M|100\/100|[from] Flip Turn\n|move|p1a: Corviknight|Body Press|p2a: Greninja\n|-supereffective|p2a: Greninja\n|-damage|p2a: Greninja|0 fnt\n|faint|p2a: Greninja\n|\n|-weather|RainDance|[upkeep]\n|-heal|p1a: Corviknight|64\/100 brn|[from] item: Leftovers\n|-damage|p1a: Corviknight|58\/100 brn|[from] brn\n|upkeep\n|\n|t:|1699696107\n|switch|p2a: Floatzel|Floatzel, M|88\/100\n|turn|24\n|\n|t:|1699696112\n|move|p2a: Floatzel|Wave Crash|p1a: Corviknight\n|-damage|p1a: Corviknight|35\/100 brn\n|-damage|p2a: Floatzel|80\/100|[from] Recoil\n|move|p1a: Corviknight|Roost|p1a: Corviknight\n|-heal|p1a: Corviknight|85\/100 brn\n|-singleturn|p1a: Corviknight|move: Roost\n|\n|-weather|none\n|-heal|p1a: Corviknight|92\/100 brn|[from] item: Leftovers\n|-damage|p1a: Corviknight|85\/100 brn|[from] brn\n|upkeep\n|turn|25\n|-message|Mlxx_baiye forfeited.\n|\n|win|The Ice Age Master\n|raw|The Ice Age Master's rating: 1108 &rarr; <strong>1130<\/strong><br \/>(+22 for winning)\n|raw|Mlxx_baiye's rating: 1072 &rarr; <strong>1053<\/strong><br \/>(-19 for losing)\n|l|\u2606Mlxx_baiye\n","uploadtime":1699696126,"views":21,"p1id":"theiceagemaster","p2id":"mlxxbaiye","formatid":"gen9nationaldex","rating":1053,"private":0,"password":""}