{"id":"gen9nationaldex-1995367866","p1":"xczy","p2":"nianling","format":"[Gen 9] National Dex","log":"|html|<div class=\"broadcast-blue\"><strong>[Gen 9] National Dex is currently suspecting Sneasler! For information on how to participate check out the <a href=\"https:\/\/www.smogon.com\/forums\/threads\/sv-national-dex-suspect-8-just-dance.3731534\/\">suspect thread<\/a>.<\/strong><\/div>\n|j|\u2606xczy\n|j|\u2606nianling\n|t:|1700560928\n|gametype|singles\n|player|p1|xczy|265|1670\n|player|p2|nianling|2|1651\n|teamsize|p1|6\n|teamsize|p2|6\n|gen|9\n|tier|[Gen 9] National Dex\n|rated|\n|rule|HP Percentage Mod: HP is shown in percentages\n|rule|Endless Battle Clause: Forcing endless battles is banned\n|rule|OHKO Clause: OHKO moves are banned\n|rule|Evasion Clause: Evasion abilities, items, and moves are banned\n|rule|Evasion Abilities Clause: Evasion abilities are banned\n|rule|Evasion Items Clause: Evasion items are banned\n|rule|Evasion Moves Clause: Evasion moves are banned\n|rule|Species Clause: Limit one of each Pok\u00e9mon\n|rule|Sleep Clause Mod: Limit one foe put to sleep\n|clearpoke\n|poke|p1|Dragonite, M|\n|poke|p1|Ursaluna, F|\n|poke|p1|Tapu Koko|\n|poke|p1|Garchomp, M|\n|poke|p1|Hoopa-Unbound|\n|poke|p1|Moltres|\n|poke|p2|Hatterene, F|\n|poke|p2|Hoopa-Unbound|\n|poke|p2|Banette, M|\n|poke|p2|Tapu Koko|\n|poke|p2|Serperior, F|\n|poke|p2|Slowbro, M|\n|teampreview\n|l|\u2606xczy\n|player|p1|\n|j|\u2606xczy\n|player|p1|xczy|265\n|inactive|Battle timer is ON: inactive players will automatically lose when time's up. (requested by xczy)\n|\n|t:|1700560968\n|start\n|switch|p1a: Garchomp|Garchomp, M|100\/100\n|switch|p2a: Tapu Koko|Tapu Koko|100\/100\n|-fieldstart|move: Electric Terrain|[from] ability: Electric Surge|[of] p2a: Tapu Koko\n|turn|1\n|\n|t:|1700560977\n|switch|p2a: Slowbro|Slowbro, M|100\/100\n|move|p1a: Garchomp|Earthquake|p2a: Slowbro\n|-damage|p2a: Slowbro|70\/100\n|\n|upkeep\n|turn|2\n|\n|t:|1700560989\n|switch|p1a: Tapu Koko|Tapu Koko|100\/100\n|move|p2a: Slowbro|Teleport|p2a: Slowbro\n|\n|t:|1700561005\n|switch|p2a: Hatterene|Hatterene, F|100\/100|[from] Teleport\n|\n|upkeep\n|turn|3\n|\n|t:|1700561031\n|move|p1a: Tapu Koko|Thunderbolt|p2a: Hatterene\n|-damage|p2a: Hatterene|53\/100\n|move|p2a: Hatterene|Psyshock|p1a: Tapu Koko\n|-damage|p1a: Tapu Koko|34\/100\n|\n|upkeep\n|turn|4\n|\n|t:|1700561041\n|-terastallize|p1a: Tapu Koko|Electric\n|move|p1a: Tapu Koko|Thunderbolt|p2a: Hatterene\n|-damage|p2a: Hatterene|0 fnt\n|faint|p2a: Hatterene\n|\n|upkeep\n|\n|t:|1700561049\n|switch|p2a: Serperior|Serperior, F, shiny|100\/100\n|turn|5\n|\n|t:|1700561066\n|switch|p1a: Moltres|Moltres|100\/100\n|move|p2a: Serperior|Leaf Storm|p1a: Moltres\n|-resisted|p1a: Moltres\n|-damage|p1a: Moltres|90\/100\n|-boost|p2a: Serperior|spa|2\n|\n|-fieldend|move: Electric Terrain\n|upkeep\n|turn|6\n|\n|t:|1700561082\n|-terastallize|p2a: Serperior|Ghost\n|move|p2a: Serperior|Substitute|p2a: Serperior\n|-start|p2a: Serperior|Substitute\n|-damage|p2a: Serperior|76\/100\n|move|p1a: Moltres|U-turn|p2a: Serperior\n|-resisted|p2a: Serperior\n|-activate|p2a: Serperior|move: Substitute|[damage]\n|\n|t:|1700561093\n|switch|p1a: Garchomp|Garchomp, M|100\/100|[from] U-turn\n|\n|-heal|p2a: Serperior|82\/100|[from] item: Leftovers\n|upkeep\n|turn|7\n|\n|t:|1700561102\n|move|p1a: Garchomp|Earthquake|p2a: Serperior\n|-end|p2a: Serperior|Substitute\n|move|p2a: Serperior|Glare|p1a: Garchomp\n|-status|p1a: Garchomp|par\n|\n|-heal|p2a: Serperior|88\/100|[from] item: Leftovers\n|upkeep\n|turn|8\n|\n|t:|1700561108\n|switch|p2a: Slowbro|Slowbro, M|100\/100\n|move|p1a: Garchomp|Earthquake|p2a: Slowbro\n|-damage|p2a: Slowbro|70\/100\n|\n|upkeep\n|turn|9\n|\n|t:|1700561121\n|switch|p1a: Hoopa|Hoopa-Unbound|100\/100\n|move|p2a: Slowbro|Scald|p1a: Hoopa\n|-damage|p1a: Hoopa|77\/100\n|\n|upkeep\n|turn|10\n|\n|t:|1700561128\n|switch|p2a: Tapu Koko|Tapu Koko|100\/100\n|-fieldstart|move: Electric Terrain|[from] ability: Electric Surge|[of] p2a: Tapu Koko\n|move|p1a: Hoopa|Dark Pulse|p2a: Tapu Koko\n|-resisted|p2a: Tapu Koko\n|-damage|p2a: Tapu Koko|59\/100\n|\n|upkeep\n|turn|11\n|\n|t:|1700561135\n|switch|p1a: Ursaluna|Ursaluna, F|100\/100\n|move|p2a: Tapu Koko|Dazzling Gleam|p1a: Ursaluna\n|-damage|p1a: Ursaluna|73\/100\n|\n|upkeep\n|turn|12\n|\n|t:|1700561139\n|switch|p2a: Slowbro|Slowbro, M|100\/100\n|move|p1a: Ursaluna|Headlong Rush|p2a: Slowbro\n|-damage|p2a: Slowbro|60\/100\n|-unboost|p1a: Ursaluna|def|1\n|-unboost|p1a: Ursaluna|spd|1\n|-damage|p1a: Ursaluna|56\/100|[from] item: Rocky Helmet|[of] p2a: Slowbro\n|\n|upkeep\n|turn|13\n|\n|t:|1700561145\n|switch|p1a: Hoopa|Hoopa-Unbound|77\/100\n|move|p2a: Slowbro|Teleport|p2a: Slowbro\n|\n|t:|1700561148\n|switch|p2a: Tapu Koko|Tapu Koko|59\/100|[from] Teleport\n|\n|upkeep\n|turn|14\n|\n|t:|1700561154\n|switch|p1a: Ursaluna|Ursaluna, F|56\/100\n|move|p2a: Tapu Koko|Dazzling Gleam|p1a: Ursaluna\n|-damage|p1a: Ursaluna|26\/100\n|\n|-fieldend|move: Electric Terrain\n|upkeep\n|turn|15\n|\n|t:|1700561160\n|move|p2a: Tapu Koko|Dazzling Gleam|p1a: Ursaluna\n|-damage|p1a: Ursaluna|0 fnt\n|faint|p1a: Ursaluna\n|\n|upkeep\n|\n|t:|1700561168\n|switch|p1a: Dragonite|Dragonite, M|100\/100\n|turn|16\n|\n|t:|1700561178\n|switch|p2a: Slowbro|Slowbro, M|93\/100\n|switch|p1a: Hoopa|Hoopa-Unbound|77\/100\n|\n|upkeep\n|turn|17\n|\n|t:|1700561191\n|switch|p2a: Hoopa|Hoopa-Unbound|100\/100\n|move|p1a: Hoopa|Dark Pulse|p2a: Hoopa\n|-damage|p2a: Hoopa|52\/100\n|\n|upkeep\n|turn|18\n|\n|t:|1700561207\n|move|p2a: Hoopa|Hyperspace Fury|p1a: Hoopa\n|-damage|p1a: Hoopa|0 fnt\n|-unboost|p2a: Hoopa|def|1\n|faint|p1a: Hoopa\n|\n|upkeep\n|\n|t:|1700561215\n|switch|p1a: Dragonite|Dragonite, M|100\/100\n|turn|19\n|\n|t:|1700561219\n|switch|p2a: Slowbro|Slowbro, M|100\/100\n|switch|p1a: Tapu Koko|Tapu Koko, tera:Electric|34\/100\n|-fieldstart|move: Electric Terrain|[from] ability: Electric Surge|[of] p1a: Tapu Koko\n|\n|upkeep\n|turn|20\n|inactive|nianling has 120 seconds left.\n|\n|t:|1700561258\n|switch|p2a: Hoopa|Hoopa-Unbound|52\/100\n|move|p1a: Tapu Koko|Volt Switch|p2a: Hoopa\n|-damage|p2a: Hoopa|0 fnt\n|faint|p2a: Hoopa\n|inactive|xczy has 120 seconds left.\n|\n|t:|1700561306\n|switch|p1a: Dragonite|Dragonite, M|100\/100|[from] Volt Switch\n|\n|upkeep\n|inactive|nianling has 120 seconds left.\n|\n|t:|1700561321\n|switch|p2a: Slowbro|Slowbro, M|100\/100\n|turn|21\n|j| p74\n|inactive|xczy has 90 seconds left.\n|l| p74\n|\n|t:|1700561361\n|switch|p1a: Garchomp|Garchomp, M|100\/100 par\n|move|p2a: Slowbro|Scald|p1a: Garchomp\n|-damage|p1a: Garchomp|72\/100 par\n|\n|upkeep\n|turn|22\n|\n|t:|1700561373\n|cant|p1a: Garchomp|par\n|move|p2a: Slowbro|Teleport|p2a: Slowbro\n|\n|t:|1700561386\n|switch|p2a: Tapu Koko|Tapu Koko|59\/100|[from] Teleport\n|\n|upkeep\n|turn|23\n|inactive|xczy has 90 seconds left.\n|\n|t:|1700561416\n|switch|p1a: Dragonite|Dragonite, M|100\/100\n|move|p2a: Tapu Koko|Dazzling Gleam|p1a: Dragonite\n|-supereffective|p1a: Dragonite\n|-damage|p1a: Dragonite|51\/100\n|\n|-fieldend|move: Electric Terrain\n|upkeep\n|turn|24\n|\n|t:|1700561426\n|switch|p2a: Serperior|Serperior, F, shiny, tera:Ghost|88\/100\n|switch|p1a: Tapu Koko|Tapu Koko, tera:Electric|34\/100\n|-fieldstart|move: Electric Terrain|[from] ability: Electric Surge|[of] p1a: Tapu Koko\n|\n|-heal|p2a: Serperior|94\/100|[from] item: Leftovers\n|upkeep\n|turn|25\n|\n|t:|1700561436\n|move|p1a: Tapu Koko|Thunderbolt|p2a: Serperior\n|-damage|p2a: Serperior|0 fnt\n|faint|p2a: Serperior\n|\n|upkeep\n|\n|t:|1700561450\n|switch|p2a: Banette|Banette, M|100\/100\n|-item|p1a: Tapu Koko|Choice Specs|[from] ability: Frisk|[of] p2a: Banette|[identify]\n|turn|26\n|\n|t:|1700561460\n|switch|p1a: Garchomp|Garchomp, M|72\/100 par\n|detailschange|p2a: Banette|Banette-Mega, M\n|-mega|p2a: Banette|Banette|Banettite\n|move|p2a: Banette|Poltergeist|p1a: Garchomp\n|-activate|p1a: Garchomp|move: Poltergeist|Choice Scarf\n|-damage|p1a: Garchomp|0 fnt\n|faint|p1a: Garchomp\n|\n|upkeep\n|\n|t:|1700561466\n|switch|p1a: Moltres|Moltres|90\/100\n|turn|27\n|\n|t:|1700561469\n|switch|p2a: Tapu Koko|Tapu Koko|59\/100\n|move|p1a: Moltres|Flamethrower|p2a: Tapu Koko\n|-damage|p2a: Tapu Koko|4\/100\n|\n|upkeep\n|turn|28\n|\n|t:|1700561476\n|move|p2a: Tapu Koko|Thunderbolt|p1a: Moltres\n|-supereffective|p1a: Moltres\n|-damage|p1a: Moltres|0 fnt\n|faint|p1a: Moltres\n|\n|-fieldend|move: Electric Terrain\n|upkeep\n|\n|t:|1700561482\n|switch|p1a: Tapu Koko|Tapu Koko, tera:Electric|34\/100\n|-fieldstart|move: Electric Terrain|[from] ability: Electric Surge|[of] p1a: Tapu Koko\n|turn|29\n|\n|t:|1700561487\n|move|p1a: Tapu Koko|U-turn|p2a: Tapu Koko\n|-resisted|p2a: Tapu Koko\n|-damage|p2a: Tapu Koko|0 fnt\n|faint|p2a: Tapu Koko\n|\n|t:|1700561491\n|switch|p1a: Dragonite|Dragonite, M|51\/100|[from] U-turn\n|\n|upkeep\n|\n|t:|1700561493\n|switch|p2a: Banette|Banette-Mega, M|100\/100\n|turn|30\n|inactive|xczy has 120 seconds left.\n|\n|t:|1700561499\n|switch|p2a: Slowbro|Slowbro, M|100\/100\n|move|p1a: Dragonite|Dual Wingbeat|p2a: Slowbro\n|-damage|p2a: Slowbro|80\/100\n|-damage|p1a: Dragonite|35\/100|[from] item: Rocky Helmet|[of] p2a: Slowbro\n|-damage|p2a: Slowbro|60\/100\n|-damage|p1a: Dragonite|18\/100|[from] item: Rocky Helmet|[of] p2a: Slowbro\n|-hitcount|p2a: Slowbro|2\n|\n|upkeep\n|turn|31\n|\n|t:|1700561506\n|move|p1a: Dragonite|Dual Wingbeat|p2a: Slowbro\n|-damage|p2a: Slowbro|40\/100\n|-damage|p1a: Dragonite|2\/100|[from] item: Rocky Helmet|[of] p2a: Slowbro\n|-damage|p2a: Slowbro|18\/100\n|-damage|p1a: Dragonite|0 fnt|[from] item: Rocky Helmet|[of] p2a: Slowbro\n|faint|p1a: Dragonite\n|-hitcount|p2a: Slowbro|2\n|move|p2a: Slowbro|Teleport|p2a: Slowbro\n|\n|t:|1700561509\n|switch|p2a: Banette|Banette-Mega, M|100\/100|[from] Teleport\n|\n|upkeep\n|\n|t:|1700561516\n|switch|p1a: Tapu Koko|Tapu Koko, tera:Electric|34\/100\n|turn|32\n|\n|t:|1700561519\n|move|p2a: Banette|Destiny Bond|p2a: Banette\n|-singlemove|p2a: Banette|Destiny Bond\n|move|p1a: Tapu Koko|Thunderbolt|p2a: Banette\n|-damage|p2a: Banette|0 fnt\n|faint|p2a: Banette\n|-activate|p2a: Banette|move: Destiny Bond\n|faint|p1a: Tapu Koko\n|\n|win|nianling\n|raw|xczy's rating: 1670 &rarr; <strong>1649<\/strong><br \/>(-21 for losing)\n|raw|nianling's rating: 1651 &rarr; <strong>1672<\/strong><br \/>(+21 for winning)\n|c|\u2606xczy|gg\n|c|\u2606nianling|gg\n","uploadtime":1700561537,"views":5,"p1id":"xczy","p2id":"nianling","formatid":"gen9nationaldex","rating":1649,"private":0,"password":""}