{"id":"gen9nationaldex-1997102928","p1":"are eusine this?","p2":"LukeJW05","format":"[Gen 9] National Dex","log":"|html|<div class=\"broadcast-blue\"><strong>[Gen 9] National Dex is currently suspecting Sneasler! For information on how to participate check out the <a href=\"https:\/\/www.smogon.com\/forums\/threads\/sv-national-dex-suspect-8-just-dance.3731534\/\">suspect thread<\/a>.<\/strong><\/div>\n|j|\u2606are eusine this?\n|j|\u2606LukeJW05\n|t:|1700764787\n|gametype|singles\n|player|p1|are eusine this?|eusine-gen2|1166\n|player|p2|LukeJW05|lucas-gen4pt|1075\n|teamsize|p1|6\n|teamsize|p2|4\n|gen|9\n|tier|[Gen 9] National Dex\n|rated|\n|rule|HP Percentage Mod: HP is shown in percentages\n|rule|Endless Battle Clause: Forcing endless battles is banned\n|rule|OHKO Clause: OHKO moves are banned\n|rule|Evasion Clause: Evasion abilities, items, and moves are banned\n|rule|Evasion Abilities Clause: Evasion abilities are banned\n|rule|Evasion Items Clause: Evasion items are banned\n|rule|Evasion Moves Clause: Evasion moves are banned\n|rule|Species Clause: Limit one of each Pok\u00e9mon\n|rule|Sleep Clause Mod: Limit one foe put to sleep\n|clearpoke\n|poke|p1|Pikachu, F|\n|poke|p1|Charizard, M|\n|poke|p1|Beedrill, F|\n|poke|p1|Vileplume, F|\n|poke|p1|Vaporeon, F|\n|poke|p1|Zoroark-Hisui, M|\n|poke|p2|Incineroar, M|\n|poke|p2|Lucario, M|\n|poke|p2|Dhelmise|\n|poke|p2|Aerodactyl, M|\n|teampreview\n|inactive|Battle timer is ON: inactive players will automatically lose when time's up. (requested by LukeJW05)\n|inactive|are eusine this? has 120 seconds left.\n|\n|t:|1700764834\n|start\n|switch|p1a: Pikachu|Pikachu, F, shiny|100\/100\n|switch|p2a: Aerodactyl|Aerodactyl, M|100\/100\n|turn|1\n|\n|t:|1700764852\n|detailschange|p2a: Aerodactyl|Aerodactyl-Mega, M\n|-mega|p2a: Aerodactyl|Aerodactyl|Aerodactylite\n|-terastallize|p1a: Pikachu|Flying\n|move|p2a: Aerodactyl|Substitute|p2a: Aerodactyl\n|-start|p2a: Aerodactyl|Substitute\n|-damage|p2a: Aerodactyl|76\/100\n|move|p1a: Pikachu|Volt Tackle|p2a: Aerodactyl\n|-supereffective|p2a: Aerodactyl\n|-end|p2a: Aerodactyl|Substitute\n|-damage|p1a: Pikachu|89\/100|[from] Recoil|[of] p2a: Aerodactyl\n|\n|upkeep\n|turn|2\n|\n|t:|1700764866\n|switch|p1a: Vaporeon|Vaporeon, F|100\/100\n|move|p2a: Aerodactyl|Stone Edge|p1a: Vaporeon\n|-crit|p1a: Vaporeon\n|-damage|p1a: Vaporeon|0 fnt\n|faint|p1a: Vaporeon\n|\n|upkeep\n|\n|t:|1700764880\n|switch|p1a: Vileplume|Vileplume, F|100\/100\n|turn|3\n|\n|t:|1700764882\n|move|p2a: Aerodactyl|Dual Wingbeat|p1a: Vileplume\n|-supereffective|p1a: Vileplume\n|-damage|p1a: Vileplume|53\/100\n|-supereffective|p1a: Vileplume\n|-damage|p1a: Vileplume|4\/100\n|-hitcount|p1a: Vileplume|2\n|move|p1a: Vileplume|Strength Sap|p2a: Aerodactyl\n|-unboost|p2a: Aerodactyl|atk|1\n|-heal|p1a: Vileplume|100\/100\n|\n|upkeep\n|turn|4\n|\n|t:|1700764896\n|move|p2a: Aerodactyl|Stealth Rock|p1a: Vileplume\n|-sidestart|p1: are eusine this?|move: Stealth Rock\n|move|p1a: Vileplume|Strength Sap|p2a: Aerodactyl\n|-unboost|p2a: Aerodactyl|atk|1\n|\n|upkeep\n|turn|5\n|\n|t:|1700764900\n|move|p2a: Aerodactyl|Dual Wingbeat|p1a: Vileplume|[miss]\n|-miss|p2a: Aerodactyl|p1a: Vileplume\n|move|p1a: Vileplume|Giga Drain|p2a: Aerodactyl\n|-damage|p2a: Aerodactyl|39\/100\n|\n|upkeep\n|turn|6\n|\n|t:|1700764905\n|switch|p2a: Incineroar|Incineroar, M|100\/100\n|-ability|p2a: Incineroar|Intimidate|boost\n|-unboost|p1a: Vileplume|atk|1\n|move|p1a: Vileplume|Giga Drain|p2a: Incineroar\n|-resisted|p2a: Incineroar\n|-damage|p2a: Incineroar|87\/100\n|\n|upkeep\n|turn|7\n|\n|t:|1700764912\n|switch|p1a: Charizard|Charizard, M|100\/100\n|-damage|p1a: Charizard|51\/100|[from] Stealth Rock\n|move|p2a: Incineroar|Flare Blitz|p1a: Charizard\n|-resisted|p1a: Charizard\n|-damage|p1a: Charizard|11\/100\n|-damage|p2a: Incineroar|75\/100|[from] Recoil\n|\n|upkeep\n|turn|8\n|\n|t:|1700764925\n|move|p1a: Charizard|Focus Blast|p2a: Incineroar\n|-supereffective|p2a: Incineroar\n|-damage|p2a: Incineroar|7\/100\n|-unboost|p2a: Incineroar|spd|1\n|move|p2a: Incineroar|Knock Off|p1a: Charizard\n|-damage|p1a: Charizard|0 fnt\n|faint|p1a: Charizard\n|\n|upkeep\n|\n|t:|1700764934\n|switch|p1a: Beedrill|Beedrill, F|100\/100\n|-damage|p1a: Beedrill|76\/100|[from] Stealth Rock\n|turn|9\n|\n|t:|1700764946\n|detailschange|p1a: Beedrill|Beedrill-Mega, F\n|-mega|p1a: Beedrill|Beedrill|Beedrillite\n|move|p1a: Beedrill|Fell Stinger|p2a: Incineroar\n|-damage|p2a: Incineroar|0 fnt\n|faint|p2a: Incineroar\n|-boost|p1a: Beedrill|atk|3\n|\n|upkeep\n|\n|t:|1700764963\n|switch|p2a: Lucario|Lucario, M|100\/100\n|turn|10\n|\n|t:|1700764967\n|move|p1a: Beedrill|Drill Run|p2a: Lucario\n|-supereffective|p2a: Lucario\n|-crit|p2a: Lucario\n|-enditem|p2a: Lucario|Focus Sash\n|-damage|p2a: Lucario|1\/100\n|move|p2a: Lucario|Stone Edge|p1a: Beedrill\n|-supereffective|p1a: Beedrill\n|-damage|p1a: Beedrill|0 fnt\n|faint|p1a: Beedrill\n|\n|upkeep\n|\n|t:|1700764984\n|switch|p1a: Pikachu|Pikachu, F, shiny|100\/100\n|-start|p1a: Pikachu|typechange|Flying|[silent]\n|turn|11\n|\n|t:|1700764997\n|move|p1a: Pikachu|Nasty Plot|p1a: Pikachu\n|-boost|p1a: Pikachu|spa|2\n|move|p2a: Lucario|Stone Edge|p1a: Pikachu\n|-crit|p1a: Pikachu\n|-damage|p1a: Pikachu|2\/100\n|replace|p1a: Zoroark|Zoroark-Hisui, M\n|-end|p1a: Zoroark|Illusion\n|\n|upkeep\n|turn|12\n|\n|t:|1700765003\n|move|p2a: Lucario|Bullet Punch|p1a: Zoroark\n|-damage|p1a: Zoroark|0 fnt\n|faint|p1a: Zoroark\n|\n|upkeep\n|\n|t:|1700765008\n|switch|p1a: Pikachu|Pikachu, F, shiny, tera:Flying|89\/100\n|-damage|p1a: Pikachu|64\/100|[from] Stealth Rock\n|turn|13\n|\n|t:|1700765012\n|move|p2a: Lucario|Stone Edge|p1a: Pikachu\n|-supereffective|p1a: Pikachu\n|-damage|p1a: Pikachu|0 fnt\n|faint|p1a: Pikachu\n|\n|upkeep\n|\n|t:|1700765013\n|switch|p1a: Vileplume|Vileplume, F|100\/100\n|-damage|p1a: Vileplume|88\/100|[from] Stealth Rock\n|turn|14\n|\n|t:|1700765021\n|move|p2a: Lucario|Bullet Punch|p1a: Vileplume\n|-damage|p1a: Vileplume|73\/100\n|move|p1a: Vileplume|Giga Drain|p2a: Lucario\n|-resisted|p2a: Lucario\n|-damage|p2a: Lucario|0 fnt\n|-heal|p1a: Vileplume|73\/100|[from] drain|[of] p2a: Lucario\n|faint|p2a: Lucario\n|\n|-heal|p1a: Vileplume|79\/100|[from] item: Black Sludge\n|upkeep\n|\n|t:|1700765025\n|switch|p2a: Aerodactyl|Aerodactyl-Mega, M|39\/100\n|turn|15\n|\n|t:|1700765029\n|move|p2a: Aerodactyl|Dual Wingbeat|p1a: Vileplume\n|-supereffective|p1a: Vileplume\n|-damage|p1a: Vileplume|32\/100\n|-supereffective|p1a: Vileplume\n|-damage|p1a: Vileplume|0 fnt\n|faint|p1a: Vileplume\n|-hitcount|p1: Vileplume|2\n|\n|win|LukeJW05\n|raw|are eusine this?'s rating: 1166 &rarr; <strong>1135<\/strong><br \/>(-31 for losing)\n|raw|LukeJW05's rating: 1075 &rarr; <strong>1111<\/strong><br \/>(+36 for winning)\n","uploadtime":1700765034,"views":3,"p1id":"areeusinethis","p2id":"lukejw05","formatid":"gen9nationaldex","rating":1111,"private":0,"password":""}