{"id":"gen9nationaldex-1996147498","p1":"IceBerryCoffee","p2":"ProblyArijit._","format":"[Gen 9] National Dex","log":"|html|<div class=\"broadcast-blue\"><strong>[Gen 9] National Dex is currently suspecting Sneasler! For information on how to participate check out the <a href=\"https:\/\/www.smogon.com\/forums\/threads\/sv-national-dex-suspect-8-just-dance.3731534\/\">suspect thread<\/a>.<\/strong><\/div>\n|j|\u2606IceBerryCoffee\n|j|\u2606ProblyArijit._\n|t:|1700651258\n|gametype|singles\n|player|p1|IceBerryCoffee|266|1327\n|player|p2|ProblyArijit._|steven|1259\n|teamsize|p1|6\n|teamsize|p2|6\n|gen|9\n|tier|[Gen 9] National Dex\n|rated|\n|rule|HP Percentage Mod: HP is shown in percentages\n|rule|Endless Battle Clause: Forcing endless battles is banned\n|rule|OHKO Clause: OHKO moves are banned\n|rule|Evasion Clause: Evasion abilities, items, and moves are banned\n|rule|Evasion Abilities Clause: Evasion abilities are banned\n|rule|Evasion Items Clause: Evasion items are banned\n|rule|Evasion Moves Clause: Evasion moves are banned\n|rule|Species Clause: Limit one of each Pok\u00e9mon\n|rule|Sleep Clause Mod: Limit one foe put to sleep\n|clearpoke\n|poke|p1|Maushold-Four|\n|poke|p1|Empoleon, M|\n|poke|p1|Conkeldurr, M|\n|poke|p1|Typhlosion-Hisui, M|\n|poke|p1|Gyarados, F|\n|poke|p1|Hydreigon, M|\n|poke|p2|Shuckle, F|\n|poke|p2|Dragonite, M|\n|poke|p2|Sneasler, M|\n|poke|p2|Great Tusk|\n|poke|p2|Gliscor, F|\n|poke|p2|Scizor, F|\n|teampreview\n|inactive|Battle timer is ON: inactive players will automatically lose when time's up. (requested by ProblyArijit._)\n|c|\u2606ProblyArijit._|Yo\n|\n|t:|1700651270\n|start\n|switch|p1a: Gyarados|Gyarados, F|100\/100\n|switch|p2a: Shuckle|Shuckle, F|100\/100\n|-ability|p1a: Gyarados|Intimidate|boost\n|-unboost|p2a: Shuckle|atk|1\n|turn|1\n|c|\u2606ProblyArijit._|Glhf!\n|\n|t:|1700651276\n|move|p1a: Gyarados|Substitute|p1a: Gyarados\n|-start|p1a: Gyarados|Substitute\n|-damage|p1a: Gyarados|76\/100\n|move|p2a: Shuckle|Toxic||[still]\n|-fail|p2a: Shuckle\n|\n|upkeep\n|turn|2\n|\n|t:|1700651285\n|move|p1a: Gyarados|Dragon Dance|p1a: Gyarados\n|-boost|p1a: Gyarados|atk|1\n|-boost|p1a: Gyarados|spe|1\n|move|p2a: Shuckle|Toxic||[still]\n|-fail|p2a: Shuckle\n|\n|upkeep\n|turn|3\n|\n|t:|1700651291\n|move|p1a: Gyarados|Dragon Dance|p1a: Gyarados\n|-boost|p1a: Gyarados|atk|1\n|-boost|p1a: Gyarados|spe|1\n|move|p2a: Shuckle|Knock Off|p1a: Gyarados\n|-activate|p1a: Gyarados|move: Substitute|[damage]\n|\n|upkeep\n|turn|4\n|\n|t:|1700651300\n|detailschange|p1a: Gyarados|Gyarados-Mega, F\n|-mega|p1a: Gyarados|Gyarados|Gyaradosite\n|-ability|p1a: Gyarados|Mold Breaker\n|move|p1a: Gyarados|Waterfall|p2a: Shuckle\n|-supereffective|p2a: Shuckle\n|-damage|p2a: Shuckle|0 fnt\n|faint|p2a: Shuckle\n|\n|upkeep\n|\n|t:|1700651309\n|switch|p2a: Dragonite|Dragonite, M|100\/100\n|turn|5\n|\n|t:|1700651312\n|move|p2a: Dragonite|Extreme Speed|p1a: Gyarados\n|-end|p1a: Gyarados|Substitute\n|move|p1a: Gyarados|Crunch|p2a: Dragonite\n|-damage|p2a: Dragonite|5\/100\n|-unboost|p2a: Dragonite|def|1\n|\n|-heal|p2a: Dragonite|12\/100|[from] item: Leftovers\n|upkeep\n|turn|6\n|\n|t:|1700651320\n|move|p2a: Dragonite|Extreme Speed|p1a: Gyarados\n|-damage|p1a: Gyarados|52\/100\n|move|p1a: Gyarados|Crunch|p2a: Dragonite\n|-damage|p2a: Dragonite|0 fnt\n|faint|p2a: Dragonite\n|\n|upkeep\n|\n|t:|1700651327\n|switch|p2a: Scizor|Scizor, F|100\/100\n|turn|7\n|\n|t:|1700651330\n|detailschange|p2a: Scizor|Scizor-Mega, F\n|-mega|p2a: Scizor|Scizor|Scizorite\n|move|p1a: Gyarados|Waterfall|p2a: Scizor\n|-damage|p2a: Scizor|9\/100\n|move|p2a: Scizor|U-turn|p1a: Gyarados\n|-supereffective|p1a: Gyarados\n|-damage|p1a: Gyarados|0 fnt\n|faint|p1a: Gyarados\n|\n|t:|1700651335\n|switch|p2a: Sneasler|Sneasler, M|100\/100|[from] U-turn\n|\n|upkeep\n|\n|t:|1700651346\n|switch|p1a: Hydreigon|Hydreigon, M|100\/100\n|turn|8\n|\n|t:|1700651355\n|switch|p2a: Scizor|Scizor-Mega, F|9\/100\n|move|p1a: Hydreigon|Draco Meteor|p2a: Scizor\n|-resisted|p2a: Scizor\n|-damage|p2a: Scizor|0 fnt\n|-unboost|p1a: Hydreigon|spa|2\n|faint|p2a: Scizor\n|\n|upkeep\n|inactive|ProblyArijit._ has 120 seconds left.\n|\n|t:|1700651390\n|switch|p2a: Sneasler|Sneasler, M|100\/100\n|turn|9\n|\n|t:|1700651394\n|switch|p1a: Empoleon|Empoleon, M|100\/100\n|move|p2a: Sneasler|Close Combat|p1a: Empoleon\n|-supereffective|p1a: Empoleon\n|-damage|p1a: Empoleon|0 fnt\n|-unboost|p2a: Sneasler|def|1\n|-unboost|p2a: Sneasler|spd|1\n|-enditem|p2a: Sneasler|White Herb\n|-clearnegativeboost|p2a: Sneasler|[silent]\n|faint|p1a: Empoleon\n|\n|upkeep\n|\n|t:|1700651419\n|switch|p1a: Conkeldurr|Conkeldurr, M|100\/100\n|turn|10\n|\n|t:|1700651425\n|move|p2a: Sneasler|U-turn|p1a: Conkeldurr\n|-resisted|p1a: Conkeldurr\n|-damage|p1a: Conkeldurr|87\/100\n|\n|t:|1700651428\n|switch|p2a: Gliscor|Gliscor, F|100\/100|[from] U-turn\n|move|p1a: Conkeldurr|Facade|p2a: Gliscor\n|-damage|p2a: Gliscor|76\/100\n|\n|-status|p2a: Gliscor|tox|[from] item: Toxic Orb\n|-status|p1a: Conkeldurr|brn|[from] item: Flame Orb\n|upkeep\n|turn|11\n|\n|t:|1700651441\n|move|p2a: Gliscor|Substitute|p2a: Gliscor\n|-start|p2a: Gliscor|Substitute\n|-damage|p2a: Gliscor|51\/100 tox\n|move|p1a: Conkeldurr|Facade|p2a: Gliscor\n|-end|p2a: Gliscor|Substitute\n|\n|-heal|p2a: Gliscor|64\/100 tox|[from] ability: Poison Heal\n|-damage|p1a: Conkeldurr|81\/100 brn|[from] brn\n|upkeep\n|turn|12\n|\n|t:|1700651453\n|move|p2a: Gliscor|Protect|p2a: Gliscor\n|-singleturn|p2a: Gliscor|Protect\n|move|p1a: Conkeldurr|Facade|p2a: Gliscor\n|-activate|p2a: Gliscor|move: Protect\n|\n|-heal|p2a: Gliscor|76\/100 tox|[from] ability: Poison Heal\n|-damage|p1a: Conkeldurr|75\/100 brn|[from] brn\n|upkeep\n|turn|13\n|\n|t:|1700651461\n|move|p2a: Gliscor|Substitute|p2a: Gliscor\n|-start|p2a: Gliscor|Substitute\n|-damage|p2a: Gliscor|51\/100 tox\n|move|p1a: Conkeldurr|Facade|p2a: Gliscor\n|-end|p2a: Gliscor|Substitute\n|\n|-heal|p2a: Gliscor|64\/100 tox|[from] ability: Poison Heal\n|-damage|p1a: Conkeldurr|69\/100 brn|[from] brn\n|upkeep\n|turn|14\n|\n|t:|1700651471\n|switch|p1a: Typhlosion|Typhlosion-Hisui, M|100\/100\n|-item|p2a: Gliscor|Toxic Orb|[from] ability: Frisk|[of] p1a: Typhlosion|[identify]\n|move|p2a: Gliscor|Protect||[still]\n|-fail|p2a: Gliscor\n|\n|-heal|p2a: Gliscor|76\/100 tox|[from] ability: Poison Heal\n|upkeep\n|turn|15\n|\n|t:|1700651489\n|move|p1a: Typhlosion|Eruption|p2a: Gliscor\n|-damage|p2a: Gliscor|0 fnt\n|faint|p2a: Gliscor\n|\n|upkeep\n|\n|t:|1700651501\n|switch|p2a: Sneasler|Sneasler, M|100\/100\n|turn|16\n|\n|t:|1700651510\n|move|p1a: Typhlosion|Eruption|p2a: Sneasler\n|-crit|p2a: Sneasler\n|-damage|p2a: Sneasler|0 fnt\n|faint|p2a: Sneasler\n|\n|upkeep\n|l|\u2606ProblyArijit._\n|inactive|ProblyArijit._ disconnected and has a minute to reconnect!\n|player|p2|\n|j|\u2606ProblyArijit._\n|inactive|ProblyArijit._ reconnected and has 115 seconds left.\n|player|p2|ProblyArijit._|steven\n|\n|t:|1700651557\n|switch|p2a: Great Tusk|Great Tusk|100\/100\n|turn|17\n|\n|t:|1700651564\n|-terastallize|p1a: Typhlosion|Fire\n|-terastallize|p2a: Great Tusk|Dragon\n|move|p1a: Typhlosion|Eruption|p2a: Great Tusk\n|-resisted|p2a: Great Tusk\n|-damage|p2a: Great Tusk|39\/100\n|move|p2a: Great Tusk|Knock Off|p1a: Typhlosion\n|-damage|p1a: Typhlosion|41\/100\n|-enditem|p1a: Typhlosion|Choice Scarf|[from] move: Knock Off|[of] p2a: Great Tusk\n|\n|-heal|p2a: Great Tusk|45\/100|[from] item: Leftovers\n|upkeep\n|turn|18\n|inactive|ProblyArijit._ has 120 seconds left.\n|\n|t:|1700651576\n|move|p1a: Typhlosion|Shadow Ball|p2a: Great Tusk\n|-damage|p2a: Great Tusk|0 fnt\n|faint|p2a: Great Tusk\n|-end|p2a: Great Tusk|Protosynthesis|[silent]\n|\n|win|IceBerryCoffee\n|raw|IceBerryCoffee's rating: 1327 &rarr; <strong>1343<\/strong><br \/>(+16 for winning)\n|raw|ProblyArijit._'s rating: 1259 &rarr; <strong>1239<\/strong><br \/>(-20 for losing)\n","uploadtime":1700651582,"views":0,"p1id":"iceberrycoffee","p2id":"problyarijit","formatid":"gen9nationaldex","rating":1239,"private":0,"password":""}