{"id":"gen9nationaldex-2000255353","p1":"Vanillafour95","p2":"RodeG","format":"[Gen 9] National Dex","log":"|html|<div class=\"broadcast-blue\"><strong>[Gen 9] National Dex is currently suspecting Sneasler! For information on how to participate check out the <a href=\"https:\/\/www.smogon.com\/forums\/threads\/sv-national-dex-suspect-8-just-dance.3731534\/\">suspect thread<\/a>.<\/strong><\/div>\n|j|\u2606Vanillafour95\n|j|\u2606RodeG\n|t:|1701178132\n|gametype|singles\n|player|p1|Vanillafour95|169|\n|player|p2|RodeG|hilbert-wonderlauncher|\n|teamsize|p1|6\n|teamsize|p2|6\n|gen|9\n|tier|[Gen 9] National Dex\n|rule|HP Percentage Mod: HP is shown in percentages\n|rule|Endless Battle Clause: Forcing endless battles is banned\n|rule|OHKO Clause: OHKO moves are banned\n|rule|Evasion Clause: Evasion abilities, items, and moves are banned\n|rule|Evasion Abilities Clause: Evasion abilities are banned\n|rule|Evasion Items Clause: Evasion items are banned\n|rule|Evasion Moves Clause: Evasion moves are banned\n|rule|Species Clause: Limit one of each Pok\u00e9mon\n|rule|Sleep Clause Mod: Limit one foe put to sleep\n|clearpoke\n|poke|p1|Umbreon, F|\n|poke|p1|Charizard, M|\n|poke|p1|Iron Valiant|\n|poke|p1|Ogerpon-Wellspring, F|\n|poke|p1|Ferrothorn, M|\n|poke|p1|Tapu Koko|\n|poke|p2|Volcarona, F|\n|poke|p2|Greninja-*, M|\n|poke|p2|Scizor, F|\n|poke|p2|Tyranitar, M|\n|poke|p2|Guzzlord|\n|poke|p2|Skarmory, M|\n|teampreview\n|\n|t:|1701178144\n|start\n|switch|p1a: Tapu Koko|Tapu Koko|100\/100\n|switch|p2a: Tyranitar|Tyranitar, M|100\/100\n|-fieldstart|move: Electric Terrain|[from] ability: Electric Surge|[of] p1a: Tapu Koko\n|-weather|Sandstorm|[from] ability: Sand Stream|[of] p2a: Tyranitar\n|turn|1\n|\n|t:|1701178155\n|move|p1a: Tapu Koko|U-turn|p2a: Tyranitar\n|-supereffective|p2a: Tyranitar\n|-damage|p2a: Tyranitar|74\/100\n|-damage|p1a: Tapu Koko|84\/100|[from] item: Rocky Helmet|[of] p2a: Tyranitar\n|\n|t:|1701178166\n|switch|p1a: Ferrothorn|Ferrothorn, M|100\/100|[from] U-turn\n|move|p2a: Tyranitar|Earthquake|p1a: Ferrothorn\n|-damage|p1a: Ferrothorn|77\/100\n|\n|-weather|Sandstorm|[upkeep]\n|-heal|p1a: Ferrothorn|84\/100|[from] item: Leftovers\n|upkeep\n|turn|2\n|\n|t:|1701178180\n|switch|p2a: Skarmory|Skarmory, M|100\/100\n|move|p1a: Ferrothorn|Stealth Rock|p2a: Skarmory\n|-sidestart|p2: RodeG|move: Stealth Rock\n|\n|-weather|Sandstorm|[upkeep]\n|-heal|p1a: Ferrothorn|90\/100|[from] item: Leftovers\n|upkeep\n|turn|3\n|\n|t:|1701178192\n|move|p2a: Skarmory|Air Slash|p1a: Ferrothorn\n|-damage|p1a: Ferrothorn|78\/100\n|move|p1a: Ferrothorn|Power Whip|p2a: Skarmory\n|-resisted|p2a: Skarmory\n|-damage|p2a: Skarmory|93\/100\n|-damage|p1a: Ferrothorn|62\/100|[from] item: Rocky Helmet|[of] p2a: Skarmory\n|\n|-weather|Sandstorm|[upkeep]\n|-heal|p1a: Ferrothorn|68\/100|[from] item: Leftovers\n|upkeep\n|turn|4\n|\n|t:|1701178204\n|move|p2a: Skarmory|Brave Bird|p1a: Ferrothorn\n|-damage|p1a: Ferrothorn|39\/100\n|-damage|p2a: Skarmory|80\/100|[from] ability: Iron Barbs|[of] p1a: Ferrothorn\n|-damage|p2a: Skarmory|69\/100|[from] Recoil\n|move|p1a: Ferrothorn|Gyro Ball|p2a: Skarmory\n|-resisted|p2a: Skarmory\n|-damage|p2a: Skarmory|52\/100\n|-damage|p1a: Ferrothorn|22\/100|[from] item: Rocky Helmet|[of] p2a: Skarmory\n|\n|-weather|Sandstorm|[upkeep]\n|-heal|p1a: Ferrothorn|29\/100|[from] item: Leftovers\n|upkeep\n|turn|5\n|\n|t:|1701178219\n|move|p2a: Skarmory|Night Slash|p1a: Ferrothorn\n|-damage|p1a: Ferrothorn|18\/100\n|-damage|p2a: Skarmory|40\/100|[from] ability: Iron Barbs|[of] p1a: Ferrothorn\n|move|p1a: Ferrothorn|Leech Seed|p2a: Skarmory\n|-start|p2a: Skarmory|move: Leech Seed\n|\n|-weather|none\n|-heal|p1a: Ferrothorn|24\/100|[from] item: Leftovers\n|-damage|p2a: Skarmory|27\/100|[from] Leech Seed|[of] p1a: Ferrothorn\n|-heal|p1a: Ferrothorn|35\/100|[silent]\n|-fieldend|move: Electric Terrain\n|upkeep\n|turn|6\n|\n|t:|1701178234\n|move|p2a: Skarmory|Brave Bird|p1a: Ferrothorn\n|-damage|p1a: Ferrothorn|6\/100\n|-damage|p2a: Skarmory|15\/100|[from] ability: Iron Barbs|[of] p1a: Ferrothorn\n|-damage|p2a: Skarmory|4\/100|[from] Recoil\n|move|p1a: Ferrothorn|Gyro Ball|p2a: Skarmory\n|-resisted|p2a: Skarmory\n|-crit|p2a: Skarmory\n|-damage|p2a: Skarmory|0 fnt\n|-damage|p1a: Ferrothorn|0 fnt|[from] item: Rocky Helmet|[of] p2a: Skarmory\n|faint|p2a: Skarmory\n|faint|p1a: Ferrothorn\n|\n|upkeep\n|c|\u2606Vanillafour95|X D\n|\n|t:|1701178267\n|switch|p2a: Scizor|Scizor, F|100\/100\n|switch|p1a: Ogerpon|Ogerpon-Wellspring, F|100\/100\n|-damage|p2a: Scizor|88\/100|[from] Stealth Rock\n|turn|7\n|c|\u2606RodeG|Tambien murio?\n|\n|t:|1701178280\n|move|p2a: Scizor|Detect|p2a: Scizor\n|-singleturn|p2a: Scizor|Protect\n|move|p1a: Ogerpon|Superpower|p2a: Scizor\n|-activate|p2a: Scizor|move: Protect\n|\n|upkeep\n|turn|8\n|\n|t:|1701178290\n|move|p1a: Ogerpon|Swords Dance|p1a: Ogerpon\n|-boost|p1a: Ogerpon|atk|2\n|move|p2a: Scizor|Psycho Cut|p1a: Ogerpon\n|-damage|p1a: Ogerpon|69\/100\n|\n|upkeep\n|turn|9\n|\n|t:|1701178297\n|move|p1a: Ogerpon|Ivy Cudgel|p2a: Scizor|[anim] Ivy Cudgel Water\n|-damage|p2a: Scizor|0 fnt\n|faint|p2a: Scizor\n|\n|upkeep\n|\n|t:|1701178306\n|switch|p2a: Greninja|Greninja, M|100\/100\n|-damage|p2a: Greninja|88\/100|[from] Stealth Rock\n|turn|10\n|\n|t:|1701178313\n|move|p1a: Ogerpon|Power Whip|p2a: Greninja\n|-supereffective|p2a: Greninja\n|-damage|p2a: Greninja|0 fnt\n|faint|p2a: Greninja\n|\n|upkeep\n|\n|t:|1701178320\n|switch|p2a: Tyranitar|Tyranitar, M|74\/100\n|-damage|p2a: Tyranitar|61\/100|[from] Stealth Rock\n|-weather|Sandstorm|[from] ability: Sand Stream|[of] p2a: Tyranitar\n|turn|11\n|\n|t:|1701178328\n|move|p1a: Ogerpon|Ivy Cudgel|p2a: Tyranitar|[anim] Ivy Cudgel Water\n|-supereffective|p2a: Tyranitar\n|-damage|p2a: Tyranitar|0 fnt\n|faint|p2a: Tyranitar\n|\n|-weather|Sandstorm|[upkeep]\n|-damage|p1a: Ogerpon|63\/100|[from] Sandstorm\n|upkeep\n|\n|t:|1701178337\n|switch|p2a: Guzzlord|Guzzlord|100\/100\n|-damage|p2a: Guzzlord|88\/100|[from] Stealth Rock\n|turn|12\n|\n|t:|1701178341\n|move|p1a: Ogerpon|Superpower|p2a: Guzzlord\n|-supereffective|p2a: Guzzlord\n|-damage|p2a: Guzzlord|0 fnt\n|-unboost|p1a: Ogerpon|atk|1\n|-unboost|p1a: Ogerpon|def|1\n|faint|p2a: Guzzlord\n|\n|-weather|Sandstorm|[upkeep]\n|-damage|p1a: Ogerpon|57\/100|[from] Sandstorm\n|upkeep\n|\n|t:|1701178349\n|switch|p2a: Volcarona|Volcarona, F|100\/100\n|-damage|p2a: Volcarona|51\/100|[from] Stealth Rock\n|turn|13\n|\n|t:|1701178355\n|switch|p1a: Umbreon|Umbreon, F|100\/100\n|move|p2a: Volcarona|Giga Drain|p1a: Umbreon\n|-damage|p1a: Umbreon|85\/100\n|-heal|p2a: Volcarona|59\/100|[from] drain|[of] p1a: Umbreon\n|\n|-weather|Sandstorm|[upkeep]\n|-damage|p1a: Umbreon|79\/100|[from] Sandstorm\n|-damage|p2a: Volcarona|53\/100|[from] Sandstorm\n|-heal|p2a: Volcarona|59\/100|[from] item: Leftovers\n|upkeep\n|turn|14\n|\n|t:|1701178367\n|move|p1a: Umbreon|Wish|p1a: Umbreon\n|move|p2a: Volcarona|Flare Blitz|p1a: Umbreon\n|-damage|p1a: Umbreon|54\/100\n|-damage|p2a: Volcarona|50\/100|[from] Recoil\n|\n|-weather|Sandstorm|[upkeep]\n|-damage|p1a: Umbreon|48\/100|[from] Sandstorm\n|-damage|p2a: Volcarona|44\/100|[from] Sandstorm\n|-enditem|p1a: Umbreon|Sitrus Berry|[eat]\n|-heal|p1a: Umbreon|73\/100|[from] item: Sitrus Berry\n|-heal|p2a: Volcarona|50\/100|[from] item: Leftovers\n|upkeep\n|turn|15\n|\n|t:|1701178378\n|move|p1a: Umbreon|Wish||[still]\n|-fail|p1a: Umbreon\n|move|p2a: Volcarona|Quiver Dance|p2a: Volcarona\n|-boost|p2a: Volcarona|spa|1\n|-boost|p2a: Volcarona|spd|1\n|-boost|p2a: Volcarona|spe|1\n|\n|-weather|none\n|-heal|p1a: Umbreon|100\/100|[from] move: Wish|[wisher] Umbreon\n|-heal|p2a: Volcarona|56\/100|[from] item: Leftovers\n|upkeep\n|turn|16\n|\n|t:|1701178393\n|move|p2a: Volcarona|Fiery Dance|p1a: Umbreon\n|-damage|p1a: Umbreon|64\/100\n|move|p1a: Umbreon|Yawn|p2a: Volcarona\n|-start|p2a: Volcarona|move: Yawn|[of] p1a: Umbreon\n|\n|-heal|p2a: Volcarona|62\/100|[from] item: Leftovers\n|upkeep\n|turn|17\n|\n|t:|1701178405\n|-terastallize|p2a: Volcarona|Bug\n|move|p2a: Volcarona|Fiery Dance|p1a: Umbreon\n|-damage|p1a: Umbreon|25\/100\n|-boost|p2a: Volcarona|spa|1\n|move|p1a: Umbreon|Foul Play|p2a: Volcarona\n|-damage|p2a: Volcarona|37\/100\n|-status|p1a: Umbreon|brn|[from] ability: Flame Body|[of] p2a: Volcarona\n|-activate|p1a: Umbreon|ability: Synchronize\n|-status|p2a: Volcarona|brn\n|\n|-heal|p2a: Volcarona|43\/100 brn|[from] item: Leftovers\n|-damage|p2a: Volcarona|37\/100 brn|[from] brn\n|-damage|p1a: Umbreon|19\/100 brn|[from] brn\n|-end|p2a: Volcarona|move: Yawn|[silent]\n|upkeep\n|turn|18\n|\n|t:|1701178435\n|move|p2a: Volcarona|Giga Drain|p1a: Umbreon\n|-damage|p1a: Umbreon|0 fnt\n|-heal|p2a: Volcarona|47\/100 brn|[from] drain|[of] p1a: Umbreon\n|faint|p1a: Umbreon\n|\n|-heal|p2a: Volcarona|53\/100 brn|[from] item: Leftovers\n|-damage|p2a: Volcarona|47\/100 brn|[from] brn\n|upkeep\n|\n|t:|1701178441\n|switch|p1a: Charizard|Charizard, M|100\/100\n|turn|19\n|\n|t:|1701178453\n|detailschange|p1a: Charizard|Charizard-Mega-X, M\n|-mega|p1a: Charizard|Charizard|Charizardite X\n|move|p2a: Volcarona|Flare Blitz|p1a: Charizard\n|-resisted|p1a: Charizard\n|-damage|p1a: Charizard|97\/100\n|-damage|p2a: Volcarona|46\/100 brn|[from] Recoil\n|move|p1a: Charizard|Dragon Dance|p1a: Charizard\n|-boost|p1a: Charizard|atk|1\n|-boost|p1a: Charizard|spe|1\n|\n|-heal|p2a: Volcarona|52\/100 brn|[from] item: Leftovers\n|-damage|p2a: Volcarona|46\/100 brn|[from] brn\n|upkeep\n|turn|20\n|\n|t:|1701178465\n|move|p1a: Charizard|Earthquake|p2a: Volcarona\n|-resisted|p2a: Volcarona\n|-damage|p2a: Volcarona|16\/100 brn\n|move|p2a: Volcarona|Quiver Dance|p2a: Volcarona\n|-boost|p2a: Volcarona|spa|1\n|-boost|p2a: Volcarona|spd|1\n|-boost|p2a: Volcarona|spe|1\n|\n|-heal|p2a: Volcarona|22\/100 brn|[from] item: Leftovers\n|-damage|p2a: Volcarona|16\/100 brn|[from] brn\n|upkeep\n|turn|21\n|\n|t:|1701178476\n|move|p1a: Charizard|Flare Blitz|p2a: Volcarona\n|-supereffective|p2a: Volcarona\n|-damage|p2a: Volcarona|0 fnt\n|faint|p2a: Volcarona\n|-damage|p1a: Charizard|91\/100|[from] Recoil\n|\n|win|Vanillafour95\n|c|\u2606Vanillafour95|XD\n|c|\u2606RodeG|Almeos fueron 2 xD\n","uploadtime":1701178497,"views":4,"p1id":"vanillafour95","p2id":"rodeg","formatid":"gen9nationaldex","rating":0,"private":0,"password":""}