{"id":"gen9nationaldex-1994307172","p1":"galajan8989","p2":"Nofeck","format":"[Gen 9] National Dex","log":"|j|\u2606galajan8989\n|j|\u2606Nofeck\n|t:|1700429355\n|gametype|singles\n|player|p1|galajan8989|giovanni|\n|player|p2|Nofeck|brycenman|\n|teamsize|p1|6\n|teamsize|p2|6\n|gen|9\n|tier|[Gen 9] National Dex\n|rule|HP Percentage Mod: HP is shown in percentages\n|rule|Endless Battle Clause: Forcing endless battles is banned\n|rule|OHKO Clause: OHKO moves are banned\n|rule|Evasion Clause: Evasion abilities, items, and moves are banned\n|rule|Evasion Abilities Clause: Evasion abilities are banned\n|rule|Evasion Items Clause: Evasion items are banned\n|rule|Evasion Moves Clause: Evasion moves are banned\n|rule|Species Clause: Limit one of each Pok\u00e9mon\n|rule|Sleep Clause Mod: Limit one foe put to sleep\n|clearpoke\n|poke|p1|Talonflame, M|\n|poke|p1|Umbreon, F|\n|poke|p1|Crawdaunt, M|\n|poke|p1|Iron Valiant|\n|poke|p1|Gardevoir, M|\n|poke|p1|Quagsire, M|\n|poke|p2|Solrock|\n|poke|p2|Kartana|\n|poke|p2|Virizion|\n|poke|p2|Mew|\n|poke|p2|Armaldo, M|\n|poke|p2|Gastrodon, M|\n|teampreview\n|c|\u2606galajan8989|Glhf\n|\n|t:|1700429368\n|start\n|switch|p1a: Quagsire|Quagsire, M|100\/100\n|switch|p2a: Solrock|Solrock|100\/100\n|turn|1\n|\n|t:|1700429375\n|move|p2a: Solrock|Stealth Rock|p1a: Quagsire\n|-sidestart|p1: galajan8989|move: Stealth Rock\n|move|p1a: Quagsire|Toxic|p2a: Solrock\n|-status|p2a: Solrock|tox\n|\n|-damage|p2a: Solrock|94\/100 tox|[from] psn\n|upkeep\n|turn|2\n|\n|t:|1700429390\n|move|p2a: Solrock|Pain Split|p1a: Quagsire\n|-sethp|p1a: Quagsire|89\/100|[from] move: Pain Split|[silent]\n|-sethp|p2a: Solrock|100\/100 tox|[from] move: Pain Split\n|move|p1a: Quagsire|Spikes|p2a: Solrock\n|-sidestart|p2: Nofeck|Spikes\n|\n|-heal|p1a: Quagsire|95\/100|[from] item: Leftovers\n|-damage|p2a: Solrock|88\/100 tox|[from] psn\n|upkeep\n|turn|3\n|\n|t:|1700429403\n|move|p2a: Solrock|Pain Split|p1a: Quagsire\n|-sethp|p1a: Quagsire|83\/100|[from] move: Pain Split|[silent]\n|-sethp|p2a: Solrock|100\/100 tox|[from] move: Pain Split\n|move|p1a: Quagsire|Spikes|p2a: Solrock\n|-sidestart|p2: Nofeck|Spikes\n|\n|-heal|p1a: Quagsire|89\/100|[from] item: Leftovers\n|-damage|p2a: Solrock|82\/100 tox|[from] psn\n|upkeep\n|turn|4\n|\n|t:|1700429413\n|move|p2a: Solrock|Pain Split|p1a: Quagsire\n|-sethp|p1a: Quagsire|78\/100|[from] move: Pain Split|[silent]\n|-sethp|p2a: Solrock|96\/100 tox|[from] move: Pain Split\n|move|p1a: Quagsire|Spikes|p2a: Solrock\n|-sidestart|p2: Nofeck|Spikes\n|\n|-heal|p1a: Quagsire|84\/100|[from] item: Leftovers\n|-damage|p2a: Solrock|71\/100 tox|[from] psn\n|upkeep\n|turn|5\n|\n|t:|1700429435\n|move|p2a: Solrock|Pain Split|p1a: Quagsire\n|-sethp|p1a: Quagsire|71\/100|[from] move: Pain Split|[silent]\n|-sethp|p2a: Solrock|87\/100 tox|[from] move: Pain Split\n|move|p1a: Quagsire|Recover|p1a: Quagsire\n|-heal|p1a: Quagsire|100\/100\n|\n|-damage|p2a: Solrock|56\/100 tox|[from] psn\n|upkeep\n|turn|6\n|\n|t:|1700429445\n|move|p2a: Solrock|Pain Split|p1a: Quagsire\n|-sethp|p1a: Quagsire|73\/100|[from] move: Pain Split|[silent]\n|-sethp|p2a: Solrock|89\/100 tox|[from] move: Pain Split\n|move|p1a: Quagsire|Recover|p1a: Quagsire\n|-heal|p1a: Quagsire|100\/100\n|\n|-damage|p2a: Solrock|52\/100 tox|[from] psn\n|upkeep\n|turn|7\n|\n|t:|1700429455\n|move|p2a: Solrock|Pain Split|p1a: Quagsire\n|-sethp|p1a: Quagsire|71\/100|[from] move: Pain Split|[silent]\n|-sethp|p2a: Solrock|87\/100 tox|[from] move: Pain Split\n|move|p1a: Quagsire|Earthquake|p2a: Solrock\n|-immune|p2a: Solrock|[from] ability: Levitate\n|\n|-heal|p1a: Quagsire|77\/100|[from] item: Leftovers\n|-damage|p2a: Solrock|44\/100 tox|[from] psn\n|upkeep\n|turn|8\n|\n|t:|1700429466\n|move|p2a: Solrock|Pain Split|p1a: Quagsire\n|-sethp|p1a: Quagsire|57\/100|[from] move: Pain Split|[silent]\n|-sethp|p2a: Solrock|69\/100 tox|[from] move: Pain Split\n|move|p1a: Quagsire|Earthquake|p2a: Solrock\n|-immune|p2a: Solrock|[from] ability: Levitate\n|\n|-heal|p1a: Quagsire|63\/100|[from] item: Leftovers\n|-damage|p2a: Solrock|20\/100 tox|[from] psn\n|upkeep\n|turn|9\n|\n|t:|1700429477\n|move|p2a: Solrock|Pain Split|p1a: Quagsire\n|-sethp|p1a: Quagsire|39\/100|[from] move: Pain Split|[silent]\n|-sethp|p2a: Solrock|48\/100 tox|[from] move: Pain Split\n|move|p1a: Quagsire|Recover|p1a: Quagsire\n|-heal|p1a: Quagsire|89\/100\n|\n|-heal|p1a: Quagsire|95\/100|[from] item: Leftovers\n|-damage|p2a: Solrock|0 fnt|[from] psn\n|faint|p2a: Solrock\n|upkeep\n|\n|t:|1700429494\n|switch|p2a: Virizion|Virizion|100\/100\n|-damage|p2a: Virizion|76\/100|[from] Spikes\n|turn|10\n|\n|t:|1700429505\n|switch|p1a: Talonflame|Talonflame, M|100\/100\n|move|p2a: Virizion|Calm Mind|p2a: Virizion\n|-boost|p2a: Virizion|spa|1\n|-boost|p2a: Virizion|spd|1\n|\n|-heal|p2a: Virizion|82\/100|[from] item: Leftovers\n|upkeep\n|turn|11\n|\n|t:|1700429515\n|move|p1a: Talonflame|Brave Bird|p2a: Virizion\n|-supereffective|p2a: Virizion\n|-crit|p2a: Virizion\n|-damage|p2a: Virizion|0 fnt\n|faint|p2a: Virizion\n|-damage|p1a: Talonflame|72\/100|[from] Recoil\n|\n|upkeep\n|\n|t:|1700429526\n|switch|p2a: Gastrodon|Gastrodon, M|100\/100\n|-damage|p2a: Gastrodon|76\/100|[from] Spikes\n|turn|12\n|\n|t:|1700429532\n|move|p1a: Talonflame|Will-O-Wisp|p2a: Gastrodon\n|-status|p2a: Gastrodon|brn\n|move|p2a: Gastrodon|Yawn|p1a: Talonflame\n|-start|p1a: Talonflame|move: Yawn|[of] p2a: Gastrodon\n|\n|-heal|p2a: Gastrodon|82\/100 brn|[from] item: Leftovers\n|-damage|p2a: Gastrodon|76\/100 brn|[from] brn\n|upkeep\n|turn|13\n|\n|t:|1700429544\n|switch|p1a: Quagsire|Quagsire, M|95\/100\n|-damage|p1a: Quagsire|89\/100|[from] Stealth Rock\n|move|p2a: Gastrodon|Scald|p1a: Quagsire\n|-damage|p1a: Quagsire|56\/100\n|\n|-heal|p2a: Gastrodon|82\/100 brn|[from] item: Leftovers\n|-heal|p1a: Quagsire|62\/100|[from] item: Leftovers\n|-damage|p2a: Gastrodon|76\/100 brn|[from] brn\n|upkeep\n|turn|14\n|\n|t:|1700429569\n|move|p2a: Gastrodon|Earth Power|p1a: Quagsire\n|-damage|p1a: Quagsire|27\/100\n|move|p1a: Quagsire|Recover|p1a: Quagsire\n|-heal|p1a: Quagsire|77\/100\n|\n|-heal|p2a: Gastrodon|82\/100 brn|[from] item: Leftovers\n|-heal|p1a: Quagsire|83\/100|[from] item: Leftovers\n|-damage|p2a: Gastrodon|76\/100 brn|[from] brn\n|upkeep\n|turn|15\n|\n|t:|1700429584\n|move|p2a: Gastrodon|Earth Power|p1a: Quagsire\n|-damage|p1a: Quagsire|50\/100\n|move|p1a: Quagsire|Earthquake|p2a: Gastrodon\n|-damage|p2a: Gastrodon|52\/100 brn\n|\n|-heal|p2a: Gastrodon|58\/100 brn|[from] item: Leftovers\n|-heal|p1a: Quagsire|56\/100|[from] item: Leftovers\n|-damage|p2a: Gastrodon|52\/100 brn|[from] brn\n|upkeep\n|turn|16\n|\n|t:|1700429598\n|move|p2a: Gastrodon|Recover|p2a: Gastrodon\n|-heal|p2a: Gastrodon|100\/100 brn\n|move|p1a: Quagsire|Earthquake|p2a: Gastrodon\n|-damage|p2a: Gastrodon|77\/100 brn\n|\n|-heal|p2a: Gastrodon|83\/100 brn|[from] item: Leftovers\n|-heal|p1a: Quagsire|62\/100|[from] item: Leftovers\n|-damage|p2a: Gastrodon|77\/100 brn|[from] brn\n|upkeep\n|turn|17\n|\n|t:|1700429613\n|switch|p1a: Iron Valiant|Iron Valiant|100\/100\n|-damage|p1a: Iron Valiant|94\/100|[from] Stealth Rock\n|-enditem|p1a: Iron Valiant|Booster Energy\n|-activate|p1a: Iron Valiant|ability: Quark Drive|[fromitem]\n|-start|p1a: Iron Valiant|quarkdrivespe\n|move|p2a: Gastrodon|Earth Power|p1a: Iron Valiant\n|-damage|p1a: Iron Valiant|44\/100\n|\n|-heal|p2a: Gastrodon|83\/100 brn|[from] item: Leftovers\n|-damage|p2a: Gastrodon|77\/100 brn|[from] brn\n|upkeep\n|turn|18\n|\n|t:|1700429629\n|move|p1a: Iron Valiant|Drain Punch|p2a: Gastrodon\n|-damage|p2a: Gastrodon|51\/100 brn\n|-heal|p1a: Iron Valiant|63\/100|[from] drain|[of] p2a: Gastrodon\n|move|p2a: Gastrodon|Scald|p1a: Iron Valiant\n|-damage|p1a: Iron Valiant|15\/100\n|-status|p1a: Iron Valiant|brn\n|\n|-heal|p2a: Gastrodon|57\/100 brn|[from] item: Leftovers\n|-damage|p1a: Iron Valiant|9\/100 brn|[from] brn\n|-damage|p2a: Gastrodon|51\/100 brn|[from] brn\n|upkeep\n|turn|19\n|\n|t:|1700429646\n|move|p1a: Iron Valiant|Close Combat|p2a: Gastrodon\n|-crit|p2a: Gastrodon\n|-damage|p2a: Gastrodon|18\/100 brn\n|-unboost|p1a: Iron Valiant|def|1\n|-unboost|p1a: Iron Valiant|spd|1\n|move|p2a: Gastrodon|Recover|p2a: Gastrodon\n|-heal|p2a: Gastrodon|68\/100 brn\n|\n|-heal|p2a: Gastrodon|74\/100 brn|[from] item: Leftovers\n|-damage|p1a: Iron Valiant|3\/100 brn|[from] brn\n|-damage|p2a: Gastrodon|68\/100 brn|[from] brn\n|upkeep\n|turn|20\n|\n|t:|1700429660\n|move|p1a: Iron Valiant|Close Combat|p2a: Gastrodon\n|-damage|p2a: Gastrodon|46\/100 brn\n|-unboost|p1a: Iron Valiant|def|1\n|-unboost|p1a: Iron Valiant|spd|1\n|move|p2a: Gastrodon|Recover|p2a: Gastrodon\n|-heal|p2a: Gastrodon|96\/100 brn\n|\n|-heal|p2a: Gastrodon|100\/100 brn|[from] item: Leftovers\n|-damage|p1a: Iron Valiant|0 fnt|[from] brn\n|faint|p1a: Iron Valiant\n|-end|p1a: Iron Valiant|Quark Drive|[silent]\n|-damage|p2a: Gastrodon|94\/100 brn|[from] brn\n|upkeep\n|\n|t:|1700429677\n|switch|p1a: Gardevoir|Gardevoir, M|100\/100\n|-damage|p1a: Gardevoir|88\/100|[from] Stealth Rock\n|-ability|p1a: Gardevoir|Storm Drain|[from] ability: Trace|[of] p2a: Gastrodon\n|turn|21\n|\n|t:|1700429684\n|detailschange|p1a: Gardevoir|Gardevoir-Mega, M\n|-mega|p1a: Gardevoir|Gardevoir|Gardevoirite\n|move|p1a: Gardevoir|Hyper Voice|p2a: Gastrodon\n|-damage|p2a: Gastrodon|27\/100 brn\n|move|p2a: Gastrodon|Earth Power|p1a: Gardevoir\n|-damage|p1a: Gardevoir|63\/100\n|-unboost|p1a: Gardevoir|spd|1\n|\n|-heal|p2a: Gastrodon|33\/100 brn|[from] item: Leftovers\n|-damage|p2a: Gastrodon|27\/100 brn|[from] brn\n|upkeep\n|turn|22\n|\n|t:|1700429702\n|move|p1a: Gardevoir|Hyper Voice|p2a: Gastrodon\n|-damage|p2a: Gastrodon|0 fnt\n|faint|p2a: Gastrodon\n|\n|upkeep\n|\n|t:|1700429719\n|switch|p2a: Mew|Mew|100\/100\n|-damage|p2a: Mew|75\/100|[from] Spikes\n|turn|23\n|\n|t:|1700429729\n|move|p2a: Mew|Fake Out|p1a: Gardevoir\n|-damage|p1a: Gardevoir|42\/100\n|cant|p1a: Gardevoir|flinch\n|\n|upkeep\n|turn|24\n|\n|t:|1700429739\n|move|p1a: Gardevoir|Hyper Voice|p2a: Mew\n|-damage|p2a: Mew|18\/100\n|move|p2a: Mew|Gunk Shot|p1a: Gardevoir|[miss]\n|-miss|p2a: Mew|p1a: Gardevoir\n|\n|upkeep\n|turn|25\n|\n|t:|1700429748\n|move|p1a: Gardevoir|Hyper Voice|p2a: Mew\n|-damage|p2a: Mew|0 fnt\n|faint|p2a: Mew\n|\n|upkeep\n|\n|t:|1700429754\n|switch|p2a: Armaldo|Armaldo, M|100\/100\n|-damage|p2a: Armaldo|76\/100|[from] Spikes\n|turn|26\n|\n|t:|1700429760\n|move|p1a: Gardevoir|Hyper Voice|p2a: Armaldo\n|-damage|p2a: Armaldo|3\/100\n|move|p2a: Armaldo|X-Scissor|p1a: Gardevoir\n|-damage|p1a: Gardevoir|0 fnt\n|faint|p1a: Gardevoir\n|-damage|p2a: Armaldo|0 fnt|[from] item: Life Orb\n|faint|p2a: Armaldo\n|\n|upkeep\n|\n|t:|1700429771\n|switch|p1a: Crawdaunt|Crawdaunt, M|100\/100\n|switch|p2a: Kartana|Kartana|100\/100\n|-damage|p2a: Kartana|76\/100|[from] Spikes\n|-damage|p1a: Crawdaunt|88\/100|[from] Stealth Rock\n|turn|27\n|\n|t:|1700429785\n|move|p2a: Kartana|Leaf Blade|p1a: Crawdaunt\n|-supereffective|p1a: Crawdaunt\n|-damage|p1a: Crawdaunt|0 fnt\n|faint|p1a: Crawdaunt\n|-ability|p2a: Kartana|Beast Boost|boost\n|-boost|p2a: Kartana|atk|1\n|\n|upkeep\n|\n|t:|1700429789\n|switch|p1a: Talonflame|Talonflame, M|72\/100\n|turn|28\n|\n|t:|1700429795\n|move|p2a: Kartana|Leaf Blade|p1a: Talonflame\n|-resisted|p1a: Talonflame\n|-damage|p1a: Talonflame|46\/100\n|-status|p2a: Kartana|brn|[from] ability: Flame Body|[of] p1a: Talonflame\n|move|p1a: Talonflame|Flare Blitz|p2a: Kartana\n|-supereffective|p2a: Kartana\n|-damage|p2a: Kartana|0 fnt\n|faint|p2a: Kartana\n|-damage|p1a: Talonflame|28\/100|[from] Recoil\n|\n|win|galajan8989\n|c|\u2606Nofeck|gg\n","uploadtime":1700429810,"views":14,"p1id":"galajan8989","p2id":"nofeck","formatid":"gen9nationaldex","rating":0,"private":0,"password":""}