{"id":"gen9nationaldex-1996655073","p1":"Oumo","p2":"Onlymanever","format":"[Gen 9] National Dex","log":"|html|<div class=\"broadcast-blue\"><strong>[Gen 9] National Dex is currently suspecting Sneasler! For information on how to participate check out the <a href=\"https:\/\/www.smogon.com\/forums\/threads\/sv-national-dex-suspect-8-just-dance.3731534\/\">suspect thread<\/a>.<\/strong><\/div>\n|j|\u2606Oumo\n|j|\u203dOnlymanever\n|t:|1700705769\n|gametype|singles\n|player|p1|Oumo|marshal|1096\n|player|p2|Onlymanever|lyra|1000\n|teamsize|p1|6\n|teamsize|p2|6\n|gen|9\n|tier|[Gen 9] National Dex\n|rated|\n|rule|HP Percentage Mod: HP is shown in percentages\n|rule|Endless Battle Clause: Forcing endless battles is banned\n|rule|OHKO Clause: OHKO moves are banned\n|rule|Evasion Clause: Evasion abilities, items, and moves are banned\n|rule|Evasion Abilities Clause: Evasion abilities are banned\n|rule|Evasion Items Clause: Evasion items are banned\n|rule|Evasion Moves Clause: Evasion moves are banned\n|rule|Species Clause: Limit one of each Pok\u00e9mon\n|rule|Sleep Clause Mod: Limit one foe put to sleep\n|clearpoke\n|poke|p1|Corviknight, F|\n|poke|p1|Zoroark, F|\n|poke|p1|Jolteon, F|\n|poke|p1|Toxicroak, F|\n|poke|p1|Orbeetle, F|\n|poke|p1|Cinccino, F|\n|poke|p2|Inteleon, M|\n|poke|p2|Gallade, M|\n|poke|p2|Arcanine, M|\n|poke|p2|Staraptor, M|\n|poke|p2|Mr. Mime, F|\n|poke|p2|Electivire, F|\n|teampreview\n|inactive|Battle timer is ON: inactive players will automatically lose when time's up. (requested by Oumo)\n|c|\u2606Oumo|gl hf\n|\n|t:|1700705781\n|start\n|switch|p1a: Putellas|Orbeetle, F|100\/100\n|switch|p2a: Inteleon|Inteleon, M|100\/100\n|-item|p2a: Inteleon|Leftovers|[from] ability: Frisk|[of] p1a: Putellas|[identify]\n|turn|1\n|\n|t:|1700705789\n|move|p1a: Putellas|Sticky Web|p2a: Inteleon\n|-sidestart|p2: Onlymanever|move: Sticky Web\n|move|p2a: Inteleon|Snipe Shot|p1a: Putellas\n|-damage|p1a: Putellas|61\/100\n|\n|upkeep\n|turn|2\n|\n|t:|1700705800\n|switch|p2a: Staraptor|Staraptor, M|100\/100\n|move|p1a: Putellas|Light Screen|p1a: Putellas\n|-sidestart|p1: Oumo|move: Light Screen\n|\n|upkeep\n|turn|3\n|\n|t:|1700705806\n|move|p1a: Putellas|Reflect|p1a: Putellas\n|-sidestart|p1: Oumo|Reflect\n|move|p2a: Staraptor|Brave Bird|p1a: Putellas\n|-supereffective|p1a: Putellas\n|-damage|p1a: Putellas|0 fnt\n|faint|p1a: Putellas\n|-damage|p2a: Staraptor|80\/100|[from] Recoil\n|\n|-heal|p2a: Staraptor|86\/100|[from] item: Leftovers\n|upkeep\n|\n|t:|1700705821\n|switch|p1a: Queen|Cinccino, F|100\/100\n|turn|4\n|\n|t:|1700705837\n|-terastallize|p2a: Staraptor|Fighting\n|move|p1a: Queen|Rock Blast|p2a: Staraptor\n|-resisted|p2a: Staraptor\n|-damage|p2a: Staraptor|81\/100\n|-resisted|p2a: Staraptor\n|-damage|p2a: Staraptor|76\/100\n|-resisted|p2a: Staraptor\n|-damage|p2a: Staraptor|70\/100\n|-resisted|p2a: Staraptor\n|-damage|p2a: Staraptor|64\/100\n|-resisted|p2a: Staraptor\n|-damage|p2a: Staraptor|59\/100\n|-hitcount|p2a: Staraptor|5\n|move|p2a: Staraptor|Close Combat|p1a: Queen\n|-supereffective|p1a: Queen\n|-damage|p1a: Queen|0 fnt\n|-unboost|p2a: Staraptor|def|1\n|-unboost|p2a: Staraptor|spd|1\n|faint|p1a: Queen\n|\n|-heal|p2a: Staraptor|65\/100|[from] item: Leftovers\n|upkeep\n|inactive|Oumo has 120 seconds left.\n|\n|t:|1700705865\n|switch|p1a: Do Not Feed Bird|Corviknight, F, shiny|100\/100\n|turn|5\n|\n|t:|1700705872\n|switch|p2a: Inteleon|Inteleon, M|100\/100\n|-activate|p2a: Inteleon|move: Sticky Web\n|-unboost|p2a: Inteleon|spe|1\n|move|p1a: Do Not Feed Bird|Bulk Up|p1a: Do Not Feed Bird\n|-boost|p1a: Do Not Feed Bird|atk|1\n|-boost|p1a: Do Not Feed Bird|def|1\n|\n|upkeep\n|turn|6\n|\n|t:|1700705884\n|move|p2a: Inteleon|Haze|p2a: Inteleon\n|-clearallboost\n|move|p1a: Do Not Feed Bird|Bulk Up|p1a: Do Not Feed Bird\n|-boost|p1a: Do Not Feed Bird|atk|1\n|-boost|p1a: Do Not Feed Bird|def|1\n|\n|upkeep\n|turn|7\n|\n|t:|1700705896\n|move|p2a: Inteleon|Haze|p2a: Inteleon\n|-clearallboost\n|move|p1a: Do Not Feed Bird|Bulk Up|p1a: Do Not Feed Bird\n|-boost|p1a: Do Not Feed Bird|atk|1\n|-boost|p1a: Do Not Feed Bird|def|1\n|\n|upkeep\n|turn|8\n|\n|t:|1700705911\n|move|p2a: Inteleon|Haze|p2a: Inteleon\n|-clearallboost\n|move|p1a: Do Not Feed Bird|Body Press|p2a: Inteleon\n|-damage|p2a: Inteleon|70\/100\n|\n|-heal|p2a: Inteleon|76\/100|[from] item: Leftovers\n|upkeep\n|turn|9\n|\n|t:|1700705920\n|move|p2a: Inteleon|Snipe Shot|p1a: Do Not Feed Bird\n|-damage|p1a: Do Not Feed Bird|86\/100\n|move|p1a: Do Not Feed Bird|Bulk Up|p1a: Do Not Feed Bird\n|-boost|p1a: Do Not Feed Bird|atk|1\n|-boost|p1a: Do Not Feed Bird|def|1\n|\n|-heal|p2a: Inteleon|82\/100|[from] item: Leftovers\n|-sideend|p1: Oumo|move: Light Screen\n|upkeep\n|turn|10\n|\n|t:|1700705929\n|move|p2a: Inteleon|Haze|p2a: Inteleon\n|-clearallboost\n|move|p1a: Do Not Feed Bird|Bulk Up|p1a: Do Not Feed Bird\n|-boost|p1a: Do Not Feed Bird|atk|1\n|-boost|p1a: Do Not Feed Bird|def|1\n|\n|-heal|p2a: Inteleon|88\/100|[from] item: Leftovers\n|-sideend|p1: Oumo|Reflect\n|upkeep\n|turn|11\n|\n|t:|1700705938\n|move|p2a: Inteleon|Haze|p2a: Inteleon\n|-clearallboost\n|move|p1a: Do Not Feed Bird|Bulk Up|p1a: Do Not Feed Bird\n|-boost|p1a: Do Not Feed Bird|atk|1\n|-boost|p1a: Do Not Feed Bird|def|1\n|\n|-heal|p2a: Inteleon|94\/100|[from] item: Leftovers\n|upkeep\n|turn|12\n|\n|t:|1700705956\n|switch|p1a: Pointy Dog|Jolteon, F|100\/100\n|move|p2a: Inteleon|Haze|p2a: Inteleon\n|-clearallboost\n|\n|-heal|p2a: Inteleon|99\/100|[from] item: Leftovers\n|upkeep\n|turn|13\n|\n|t:|1700705966\n|switch|p2a: Electivire|Electivire, F|100\/100\n|-activate|p2a: Electivire|move: Sticky Web\n|-unboost|p2a: Electivire|spe|1\n|move|p1a: Pointy Dog|Focus Energy|p1a: Pointy Dog\n|-start|p1a: Pointy Dog|move: Focus Energy\n|\n|upkeep\n|turn|14\n|\n|t:|1700705980\n|move|p1a: Pointy Dog|Dig||[still]\n|-prepare|p1a: Pointy Dog|Dig\n|move|p2a: Electivire|Hammer Arm|p1a: Pointy Dog|[miss]\n|-miss|p2a: Electivire|p1a: Pointy Dog\n|\n|upkeep\n|turn|15\n|\n|t:|1700705989\n|switch|p2a: Staraptor|Staraptor, M, tera:Fighting|65\/100\n|-activate|p2a: Staraptor|move: Sticky Web\n|-unboost|p2a: Staraptor|spe|1\n|move|p1a: Pointy Dog|Dig|p2a: Staraptor|[from]lockedmove\n|-crit|p2a: Staraptor\n|-damage|p2a: Staraptor|25\/100\n|-damage|p1a: Pointy Dog|91\/100|[from] item: Life Orb\n|\n|-heal|p2a: Staraptor|31\/100|[from] item: Leftovers\n|upkeep\n|turn|16\n|c|\u2606Oumo|?\n|\n|t:|1700706006\n|switch|p2a: Electivire|Electivire, F|100\/100\n|-activate|p2a: Electivire|move: Sticky Web\n|-unboost|p2a: Electivire|spe|1\n|move|p1a: Pointy Dog|Dig||[still]\n|-prepare|p1a: Pointy Dog|Dig\n|\n|upkeep\n|turn|17\n|\n|t:|1700706026\n|switch|p2a: Staraptor|Staraptor, M, tera:Fighting|31\/100\n|-activate|p2a: Staraptor|move: Sticky Web\n|-unboost|p2a: Staraptor|spe|1\n|move|p1a: Pointy Dog|Dig|p2a: Staraptor|[from]lockedmove\n|-damage|p2a: Staraptor|6\/100\n|-damage|p1a: Pointy Dog|81\/100|[from] item: Life Orb\n|\n|-heal|p2a: Staraptor|12\/100|[from] item: Leftovers\n|upkeep\n|turn|18\n|\n|t:|1700706037\n|move|p1a: Pointy Dog|Dig||[still]\n|-prepare|p1a: Pointy Dog|Dig\n|move|p2a: Staraptor|Roost|p2a: Staraptor\n|-heal|p2a: Staraptor|62\/100\n|\n|-heal|p2a: Staraptor|68\/100|[from] item: Leftovers\n|upkeep\n|turn|19\n|inactive|Oumo has 120 seconds left.\n|\n|t:|1700706072\n|move|p1a: Pointy Dog|Dig|p2a: Staraptor|[from]lockedmove\n|-crit|p2a: Staraptor\n|-damage|p2a: Staraptor|33\/100\n|-damage|p1a: Pointy Dog|71\/100|[from] item: Life Orb\n|move|p2a: Staraptor|Close Combat|p1a: Pointy Dog\n|-damage|p1a: Pointy Dog|0 fnt\n|-unboost|p2a: Staraptor|def|1\n|-unboost|p2a: Staraptor|spd|1\n|faint|p1a: Pointy Dog\n|\n|-heal|p2a: Staraptor|39\/100|[from] item: Leftovers\n|upkeep\n|inactive|Oumo has 120 seconds left.\n|\n|t:|1700706087\n|switch|p1a: Do Not Feed Bird|Corviknight, F, shiny|86\/100\n|turn|20\n|\n|t:|1700706092\n|switch|p2a: Inteleon|Inteleon, M|99\/100\n|-activate|p2a: Inteleon|move: Sticky Web\n|-unboost|p2a: Inteleon|spe|1\n|move|p1a: Do Not Feed Bird|Bulk Up|p1a: Do Not Feed Bird\n|-boost|p1a: Do Not Feed Bird|atk|1\n|-boost|p1a: Do Not Feed Bird|def|1\n|\n|-heal|p2a: Inteleon|100\/100|[from] item: Leftovers\n|upkeep\n|turn|21\n|inactive|Oumo has 120 seconds left.\n|\n|t:|1700706125\n|switch|p1a: Reason|Toxicroak, F|100\/100\n|move|p2a: Inteleon|Haze|p2a: Inteleon\n|-clearallboost\n|\n|upkeep\n|turn|22\n|\n|t:|1700706149\n|switch|p2a: Staraptor|Staraptor, M, tera:Fighting|39\/100\n|-activate|p2a: Staraptor|move: Sticky Web\n|-unboost|p2a: Staraptor|spe|1\n|move|p1a: Reason|Swords Dance|p1a: Reason\n|-boost|p1a: Reason|atk|2\n|\n|-heal|p2a: Staraptor|45\/100|[from] item: Leftovers\n|upkeep\n|turn|23\n|\n|t:|1700706160\n|move|p1a: Reason|Sucker Punch|p2a: Staraptor\n|-resisted|p2a: Staraptor\n|-damage|p2a: Staraptor|0 fnt\n|faint|p2a: Staraptor\n|\n|upkeep\n|\n|t:|1700706166\n|switch|p2a: Gallade|Gallade, M|100\/100\n|-activate|p2a: Gallade|move: Sticky Web\n|-unboost|p2a: Gallade|spe|1\n|turn|24\n|\n|t:|1700706171\n|move|p1a: Reason|Swords Dance|p1a: Reason\n|-boost|p1a: Reason|atk|2\n|move|p2a: Gallade|Psycho Cut|p1a: Reason\n|-immune|p1a: Reason\n|\n|upkeep\n|turn|25\n|inactive|Oumo has 120 seconds left.\n|\n|t:|1700706189\n|move|p1a: Reason|Pursuit|p2a: Gallade\n|-damage|p2a: Gallade|30\/100\n|-ability|p2a: Gallade|Justified|boost\n|-boost|p2a: Gallade|atk|1\n|move|p2a: Gallade|Close Combat|p1a: Reason\n|-supereffective|p1a: Reason\n|-enditem|p1a: Reason|Focus Sash\n|-damage|p1a: Reason|1\/100\n|-unboost|p2a: Gallade|def|1\n|-unboost|p2a: Gallade|spd|1\n|replace|p1a: Myth|Zoroark, F\n|-end|p1a: Myth|Illusion\n|\n|-heal|p2a: Gallade|36\/100|[from] item: Leftovers\n|upkeep\n|turn|26\n|inactive|Oumo has 120 seconds left.\n|\n|t:|1700706204\n|move|p2a: Gallade|Shadow Sneak|p1a: Myth\n|-resisted|p1a: Myth\n|-damage|p1a: Myth|0 fnt\n|faint|p1a: Myth\n|\n|-heal|p2a: Gallade|42\/100|[from] item: Leftovers\n|upkeep\n|c|\u2606Oumo|wait what\n|c|\u2606Oumo|i used sucker punch\n|inactive|Oumo has 90 seconds left.\n|\n|t:|1700706237\n|switch|p1a: Do Not Feed Bird|Corviknight, F, shiny|86\/100\n|turn|27\n|\n|t:|1700706246\n|switch|p2a: Inteleon|Inteleon, M|100\/100\n|-activate|p2a: Inteleon|move: Sticky Web\n|-unboost|p2a: Inteleon|spe|1\n|move|p1a: Do Not Feed Bird|Bulk Up|p1a: Do Not Feed Bird\n|-boost|p1a: Do Not Feed Bird|atk|1\n|-boost|p1a: Do Not Feed Bird|def|1\n|\n|upkeep\n|turn|28\n|inactive|Oumo has 90 seconds left.\n|\n|t:|1700706264\n|-terastallize|p1a: Do Not Feed Bird|Dark\n|move|p2a: Inteleon|Haze|p2a: Inteleon\n|-clearallboost\n|move|p1a: Do Not Feed Bird|Power Trip|p2a: Inteleon\n|-damage|p2a: Inteleon|70\/100\n|\n|-heal|p2a: Inteleon|76\/100|[from] item: Leftovers\n|upkeep\n|turn|29\n|inactive|Oumo has 90 seconds left.\n|\n|t:|1700706276\n|move|p2a: Inteleon|Snipe Shot|p1a: Do Not Feed Bird\n|-damage|p1a: Do Not Feed Bird|60\/100\n|move|p1a: Do Not Feed Bird|Power Trip|p2a: Inteleon\n|-damage|p2a: Inteleon|45\/100\n|\n|-heal|p2a: Inteleon|51\/100|[from] item: Leftovers\n|upkeep\n|turn|30\n|\n|t:|1700706285\n|move|p2a: Inteleon|Snipe Shot|p1a: Do Not Feed Bird\n|-damage|p1a: Do Not Feed Bird|30\/100\n|move|p1a: Do Not Feed Bird|Roost|p1a: Do Not Feed Bird\n|-heal|p1a: Do Not Feed Bird|80\/100\n|\n|-heal|p2a: Inteleon|57\/100|[from] item: Leftovers\n|upkeep\n|turn|31\n|\n|t:|1700706294\n|move|p2a: Inteleon|Snipe Shot|p1a: Do Not Feed Bird\n|-damage|p1a: Do Not Feed Bird|54\/100\n|move|p1a: Do Not Feed Bird|Power Trip|p2a: Inteleon\n|-damage|p2a: Inteleon|24\/100\n|\n|-heal|p2a: Inteleon|30\/100|[from] item: Leftovers\n|upkeep\n|turn|32\n|\n|t:|1700706306\n|switch|p2a: Gallade|Gallade, M|42\/100\n|-activate|p2a: Gallade|move: Sticky Web\n|-unboost|p2a: Gallade|spe|1\n|move|p1a: Do Not Feed Bird|Roost|p1a: Do Not Feed Bird\n|-heal|p1a: Do Not Feed Bird|100\/100\n|\n|-heal|p2a: Gallade|48\/100|[from] item: Leftovers\n|upkeep\n|turn|33\n|\n|t:|1700706324\n|move|p1a: Do Not Feed Bird|Bulk Up|p1a: Do Not Feed Bird\n|-boost|p1a: Do Not Feed Bird|atk|1\n|-boost|p1a: Do Not Feed Bird|def|1\n|move|p2a: Gallade|Close Combat|p1a: Do Not Feed Bird\n|-supereffective|p1a: Do Not Feed Bird\n|-damage|p1a: Do Not Feed Bird|36\/100\n|-unboost|p2a: Gallade|def|1\n|-unboost|p2a: Gallade|spd|1\n|-enditem|p1a: Do Not Feed Bird|Weakness Policy\n|-boost|p1a: Do Not Feed Bird|atk|2|[from] item: Weakness Policy\n|-boost|p1a: Do Not Feed Bird|spa|2|[from] item: Weakness Policy\n|\n|-heal|p2a: Gallade|54\/100|[from] item: Leftovers\n|upkeep\n|turn|34\n|\n|t:|1700706339\n|move|p1a: Do Not Feed Bird|Power Trip|p2a: Gallade\n|-damage|p2a: Gallade|0 fnt\n|faint|p2a: Gallade\n|\n|upkeep\n|\n|t:|1700706345\n|switch|p2a: Inteleon|Inteleon, M|30\/100\n|-activate|p2a: Inteleon|move: Sticky Web\n|-unboost|p2a: Inteleon|spe|1\n|turn|35\n|\n|t:|1700706350\n|move|p2a: Inteleon|Haze|p2a: Inteleon\n|-clearallboost\n|move|p1a: Do Not Feed Bird|Power Trip|p2a: Inteleon\n|-damage|p2a: Inteleon|0 fnt\n|faint|p2a: Inteleon\n|\n|upkeep\n|\n|t:|1700706360\n|switch|p2a: Arcanine|Arcanine, M|100\/100\n|-activate|p2a: Arcanine|move: Sticky Web\n|-unboost|p2a: Arcanine|spe|1\n|turn|36\n|inactive|Oumo has 120 seconds left.\n|\n|t:|1700706367\n|move|p2a: Arcanine|Flare Blitz|p1a: Do Not Feed Bird\n|-damage|p1a: Do Not Feed Bird|0 fnt\n|faint|p1a: Do Not Feed Bird\n|-damage|p2a: Arcanine|86\/100|[from] Recoil\n|\n|-heal|p2a: Arcanine|92\/100|[from] item: Leftovers\n|upkeep\n|inactive|Oumo has 120 seconds left.\n|\n|t:|1700706373\n|switch|p1a: Reason|Toxicroak, F|100\/100\n|turn|37\n|\n|t:|1700706380\n|move|p1a: Reason|Swords Dance|p1a: Reason\n|-boost|p1a: Reason|atk|2\n|move|p2a: Arcanine|Flare Blitz|p1a: Reason\n|-enditem|p1a: Reason|Focus Sash\n|-damage|p1a: Reason|1\/100\n|-damage|p2a: Arcanine|61\/100|[from] Recoil\n|\n|-heal|p2a: Arcanine|67\/100|[from] item: Leftovers\n|upkeep\n|turn|38\n|\n|t:|1700706391\n|move|p1a: Reason|Sucker Punch|p2a: Arcanine\n|-damage|p2a: Arcanine|10\/100\n|move|p2a: Arcanine|Flare Blitz|p1a: Reason\n|-damage|p1a: Reason|0 fnt\n|faint|p1a: Reason\n|-damage|p2a: Arcanine|10\/100|[from] Recoil\n|\n|win|Onlymanever\n|raw|Oumo's rating: 1096 &rarr; <strong>1065<\/strong><br \/>(-31 for losing)\n|raw|Onlymanever's rating: 1000 &rarr; <strong>1051<\/strong><br \/>(+51 for winning)\n|c|\u2606Oumo|gg\n","uploadtime":1700706401,"views":10,"p1id":"oumo","p2id":"onlymanever","formatid":"gen9nationaldex","rating":1051,"private":0,"password":""}