{"id":"gen9nationaldex-1997933171","p1":"timmyturnerisgod11","p2":"Reivya","format":"[Gen 9] National Dex","log":"|html|<div class=\"broadcast-blue\"><strong>[Gen 9] National Dex is currently suspecting Sneasler! For information on how to participate check out the <a href=\"https:\/\/www.smogon.com\/forums\/threads\/sv-national-dex-suspect-8-just-dance.3731534\/\">suspect thread<\/a>.<\/strong><\/div>\n|j|\u2606timmyturnerisgod11\n|j|\u2606Reivya\n|t:|1700869096\n|gametype|singles\n|player|p1|timmyturnerisgod11|169|1006\n|player|p2|Reivya|gardenia|1044\n|teamsize|p1|6\n|teamsize|p2|6\n|gen|9\n|tier|[Gen 9] National Dex\n|rated|\n|rule|HP Percentage Mod: HP is shown in percentages\n|rule|Endless Battle Clause: Forcing endless battles is banned\n|rule|OHKO Clause: OHKO moves are banned\n|rule|Evasion Clause: Evasion abilities, items, and moves are banned\n|rule|Evasion Abilities Clause: Evasion abilities are banned\n|rule|Evasion Items Clause: Evasion items are banned\n|rule|Evasion Moves Clause: Evasion moves are banned\n|rule|Species Clause: Limit one of each Pok\u00e9mon\n|rule|Sleep Clause Mod: Limit one foe put to sleep\n|clearpoke\n|poke|p1|Torkoal, M|\n|poke|p1|Venusaur, M|\n|poke|p1|Kartana|\n|poke|p1|Meowscarada, M|\n|poke|p1|Lilligant, F|\n|poke|p1|Cradily, M|\n|poke|p2|Gardevoir, F|\n|poke|p2|Lopunny, F|\n|poke|p2|Tsareena, F|\n|poke|p2|Gothitelle, F|\n|poke|p2|Ribombee, M|\n|poke|p2|Vaporeon, F|\n|teampreview\n|c|\u2606Reivya|good luck, have fun\n|\n|t:|1700869107\n|start\n|switch|p1a: Torkoal|Torkoal, M|100\/100\n|switch|p2a: Vaporeon|Vaporeon, F|100\/100\n|-weather|SunnyDay|[from] ability: Drought|[of] p1a: Torkoal\n|turn|1\n|\n|t:|1700869116\n|switch|p1a: Kartana|Kartana|100\/100\n|move|p2a: Vaporeon|Flip Turn|p1a: Kartana\n|-resisted|p1a: Kartana\n|-damage|p1a: Kartana|97\/100\n|\n|t:|1700869123\n|switch|p2a: Lopunny|Lopunny, F|100\/100|[from] Flip Turn\n|\n|-weather|SunnyDay|[upkeep]\n|upkeep\n|turn|2\n|\n|t:|1700869130\n|detailschange|p2a: Lopunny|Lopunny-Mega, F\n|-mega|p2a: Lopunny|Lopunny|Lopunnite\n|move|p2a: Lopunny|Drain Punch|p1a: Kartana\n|-supereffective|p1a: Kartana\n|-damage|p1a: Kartana|17\/100\n|move|p1a: Kartana|Psycho Cut|p2a: Lopunny\n|-supereffective|p2a: Lopunny\n|-damage|p2a: Lopunny|19\/100\n|\n|-weather|SunnyDay|[upkeep]\n|upkeep\n|turn|3\n|\n|t:|1700869142\n|move|p2a: Lopunny|Power-Up Punch|p1a: Kartana\n|-supereffective|p1a: Kartana\n|-damage|p1a: Kartana|0 fnt\n|-boost|p2a: Lopunny|atk|1\n|faint|p1a: Kartana\n|\n|-weather|SunnyDay|[upkeep]\n|upkeep\n|\n|t:|1700869150\n|switch|p1a: Venusaur|Venusaur, M|100\/100\n|turn|4\n|\n|t:|1700869162\n|switch|p2a: Gothitelle|Gothitelle, F|100\/100\n|move|p1a: Venusaur|Growth|p1a: Venusaur\n|-boost|p1a: Venusaur|atk|2\n|-boost|p1a: Venusaur|spa|2\n|\n|-weather|SunnyDay|[upkeep]\n|upkeep\n|turn|5\n|\n|t:|1700869173\n|detailschange|p1a: Venusaur|Venusaur-Mega, M\n|-mega|p1a: Venusaur|Venusaur|Venusaurite\n|move|p1a: Venusaur|Giga Drain|p2a: Gothitelle\n|-damage|p2a: Gothitelle|35\/100\n|move|p2a: Gothitelle|Thunder Wave|p1a: Venusaur\n|-status|p1a: Venusaur|par\n|\n|-weather|SunnyDay|[upkeep]\n|-heal|p2a: Gothitelle|41\/100|[from] item: Leftovers\n|upkeep\n|turn|6\n|\n|t:|1700869184\n|move|p2a: Gothitelle|Calm Mind|p2a: Gothitelle\n|-boost|p2a: Gothitelle|spa|1\n|-boost|p2a: Gothitelle|spd|1\n|move|p1a: Venusaur|Growth|p1a: Venusaur\n|-boost|p1a: Venusaur|atk|2\n|-boost|p1a: Venusaur|spa|2\n|\n|-weather|SunnyDay|[upkeep]\n|-heal|p2a: Gothitelle|47\/100|[from] item: Leftovers\n|upkeep\n|turn|7\n|\n|t:|1700869195\n|move|p2a: Gothitelle|Stored Power|p1a: Venusaur\n|-supereffective|p1a: Venusaur\n|-damage|p1a: Venusaur|26\/100 par\n|move|p1a: Venusaur|Giga Drain|p2a: Gothitelle\n|-damage|p2a: Gothitelle|0 fnt\n|-heal|p1a: Venusaur|53\/100 par|[from] drain|[of] p2a: Gothitelle\n|faint|p2a: Gothitelle\n|\n|-weather|SunnyDay|[upkeep]\n|upkeep\n|\n|t:|1700869215\n|switch|p2a: Lopunny|Lopunny-Mega, F|19\/100\n|turn|8\n|\n|t:|1700869222\n|move|p2a: Lopunny|Return|p1a: Venusaur\n|-damage|p1a: Venusaur|2\/100 par\n|move|p1a: Venusaur|Weather Ball|p2a: Lopunny\n|-damage|p2a: Lopunny|0 fnt\n|faint|p2a: Lopunny\n|\n|-weather|none\n|upkeep\n|\n|t:|1700869234\n|switch|p2a: Tsareena|Tsareena, F|100\/100\n|turn|9\n|\n|t:|1700869238\n|move|p2a: Tsareena|Knock Off|p1a: Venusaur\n|-damage|p1a: Venusaur|0 fnt\n|faint|p1a: Venusaur\n|\n|upkeep\n|\n|t:|1700869243\n|switch|p1a: Meowscarada|Meowscarada, M|100\/100\n|turn|10\n|\n|t:|1700869252\n|move|p1a: Meowscarada|Foul Play|p2a: Tsareena\n|-start|p1a: Meowscarada|typechange|Dark|[from] ability: Protean\n|-damage|p2a: Tsareena|27\/100\n|move|p2a: Tsareena|Knock Off|p1a: Meowscarada\n|-resisted|p1a: Meowscarada\n|-damage|p1a: Meowscarada|72\/100\n|-enditem|p1a: Meowscarada|Choice Band|[from] move: Knock Off|[of] p2a: Tsareena\n|\n|upkeep\n|turn|11\n|\n|t:|1700869263\n|move|p1a: Meowscarada|Foul Play|p2a: Tsareena\n|-damage|p2a: Tsareena|0 fnt\n|faint|p2a: Tsareena\n|\n|upkeep\n|\n|t:|1700869268\n|switch|p2a: Gardevoir|Gardevoir, F|100\/100\n|turn|12\n|\n|t:|1700869274\n|move|p1a: Meowscarada|Shadow Claw|p2a: Gardevoir\n|-supereffective|p2a: Gardevoir\n|-damage|p2a: Gardevoir|30\/100\n|move|p2a: Gardevoir|Calm Mind|p2a: Gardevoir\n|-boost|p2a: Gardevoir|spa|1\n|-boost|p2a: Gardevoir|spd|1\n|\n|upkeep\n|turn|13\n|\n|t:|1700869281\n|move|p2a: Gardevoir|Endure|p2a: Gardevoir\n|-singleturn|p2a: Gardevoir|move: Endure\n|move|p1a: Meowscarada|Shadow Claw|p2a: Gardevoir\n|-supereffective|p2a: Gardevoir\n|-activate|p2a: Gardevoir|move: Endure\n|-damage|p2a: Gardevoir|1\/100\n|-enditem|p2a: Gardevoir|Salac Berry|[eat]\n|-boost|p2a: Gardevoir|spe|1|[from] item: Salac Berry\n|\n|upkeep\n|turn|14\n|\n|t:|1700869292\n|move|p2a: Gardevoir|Draining Kiss|p1a: Meowscarada\n|-supereffective|p1a: Meowscarada\n|-damage|p1a: Meowscarada|0 fnt\n|-heal|p2a: Gardevoir|58\/100|[from] drain|[of] p1a: Meowscarada\n|faint|p1a: Meowscarada\n|\n|upkeep\n|\n|t:|1700869299\n|switch|p1a: Lilligant|Lilligant, F|100\/100\n|turn|15\n|\n|t:|1700869307\n|switch|p1a: Torkoal|Torkoal, M|100\/100\n|-weather|SunnyDay|[from] ability: Drought|[of] p1a: Torkoal\n|-terastallize|p2a: Gardevoir|Electric\n|move|p2a: Gardevoir|Thunderbolt|p1a: Torkoal\n|-damage|p1a: Torkoal|7\/100\n|\n|-weather|SunnyDay|[upkeep]\n|upkeep\n|turn|16\n|\n|t:|1700869318\n|switch|p1a: Lilligant|Lilligant, F|100\/100\n|move|p2a: Gardevoir|Draining Kiss|p1a: Lilligant\n|-damage|p1a: Lilligant|39\/100\n|-heal|p2a: Gardevoir|100\/100|[from] drain|[of] p1a: Lilligant\n|\n|-weather|SunnyDay|[upkeep]\n|upkeep\n|turn|17\n|\n|t:|1700869328\n|move|p1a: Lilligant|Giga Drain|p2a: Gardevoir\n|-damage|p2a: Gardevoir|69\/100\n|-heal|p1a: Lilligant|55\/100|[from] drain|[of] p2a: Gardevoir\n|-damage|p1a: Lilligant|45\/100|[from] item: Life Orb\n|move|p2a: Gardevoir|Thunderbolt|p1a: Lilligant\n|-resisted|p1a: Lilligant\n|-damage|p1a: Lilligant|0 fnt\n|faint|p1a: Lilligant\n|\n|-weather|SunnyDay|[upkeep]\n|upkeep\n|\n|t:|1700869338\n|switch|p1a: Cradily|Cradily, M|100\/100\n|turn|18\n|\n|t:|1700869343\n|move|p2a: Gardevoir|Draining Kiss|p1a: Cradily\n|-damage|p1a: Cradily|75\/100\n|-heal|p2a: Gardevoir|95\/100|[from] drain|[of] p1a: Cradily\n|move|p1a: Cradily|Earth Power|p2a: Gardevoir\n|-supereffective|p2a: Gardevoir\n|-damage|p2a: Gardevoir|63\/100\n|\n|-weather|SunnyDay|[upkeep]\n|-heal|p1a: Cradily|82\/100|[from] item: Leftovers\n|upkeep\n|turn|19\n|\n|t:|1700869355\n|move|p2a: Gardevoir|Calm Mind|p2a: Gardevoir\n|-boost|p2a: Gardevoir|spa|1\n|-boost|p2a: Gardevoir|spd|1\n|move|p1a: Cradily|Infestation|p2a: Gardevoir\n|-damage|p2a: Gardevoir|60\/100\n|-activate|p2a: Gardevoir|move: Infestation|[of] p1a: Cradily\n|\n|-weather|SunnyDay|[upkeep]\n|-heal|p1a: Cradily|88\/100|[from] item: Leftovers\n|-damage|p2a: Gardevoir|48\/100|[from] move: Infestation|[partiallytrapped]\n|upkeep\n|turn|20\n|\n|t:|1700869367\n|move|p2a: Gardevoir|Calm Mind|p2a: Gardevoir\n|-boost|p2a: Gardevoir|spa|1\n|-boost|p2a: Gardevoir|spd|1\n|move|p1a: Cradily|Earth Power|p2a: Gardevoir\n|-supereffective|p2a: Gardevoir\n|-damage|p2a: Gardevoir|28\/100\n|\n|-weather|SunnyDay|[upkeep]\n|-heal|p1a: Cradily|94\/100|[from] item: Leftovers\n|-damage|p2a: Gardevoir|15\/100|[from] move: Infestation|[partiallytrapped]\n|upkeep\n|turn|21\n|\n|t:|1700869378\n|move|p2a: Gardevoir|Draining Kiss|p1a: Cradily\n|-damage|p1a: Cradily|50\/100\n|-heal|p2a: Gardevoir|60\/100|[from] drain|[of] p1a: Cradily\n|move|p1a: Cradily|Earth Power|p2a: Gardevoir\n|-supereffective|p2a: Gardevoir\n|-damage|p2a: Gardevoir|41\/100\n|\n|-weather|SunnyDay|[upkeep]\n|-heal|p1a: Cradily|56\/100|[from] item: Leftovers\n|-damage|p2a: Gardevoir|29\/100|[from] move: Infestation|[partiallytrapped]\n|upkeep\n|turn|22\n|\n|t:|1700869389\n|move|p2a: Gardevoir|Draining Kiss|p1a: Cradily\n|-damage|p1a: Cradily|9\/100\n|-heal|p2a: Gardevoir|77\/100|[from] drain|[of] p1a: Cradily\n|move|p1a: Cradily|Recover|p1a: Cradily\n|-heal|p1a: Cradily|59\/100\n|\n|-weather|none\n|-heal|p1a: Cradily|65\/100|[from] item: Leftovers\n|-damage|p2a: Gardevoir|64\/100|[from] move: Infestation|[partiallytrapped]\n|upkeep\n|turn|23\n|\n|t:|1700869401\n|move|p2a: Gardevoir|Draining Kiss|p1a: Cradily\n|-damage|p1a: Cradily|19\/100\n|-heal|p2a: Gardevoir|100\/100|[from] drain|[of] p1a: Cradily\n|move|p1a: Cradily|Infestation|p2a: Gardevoir\n|-damage|p2a: Gardevoir|98\/100\n|\n|-heal|p1a: Cradily|25\/100|[from] item: Leftovers\n|-end|p2a: Gardevoir|Infestation|[partiallytrapped]\n|upkeep\n|turn|24\n|\n|t:|1700869412\n|move|p2a: Gardevoir|Thunderbolt|p1a: Cradily\n|-resisted|p1a: Cradily\n|-damage|p1a: Cradily|0 fnt\n|faint|p1a: Cradily\n|\n|upkeep\n|\n|t:|1700869422\n|switch|p1a: Torkoal|Torkoal, M|7\/100\n|-weather|SunnyDay|[from] ability: Drought|[of] p1a: Torkoal\n|turn|25\n|\n|t:|1700869428\n|move|p2a: Gardevoir|Draining Kiss|p1a: Torkoal\n|-resisted|p1a: Torkoal\n|-damage|p1a: Torkoal|0 fnt\n|-heal|p2a: Gardevoir|100\/100|[from] drain|[of] p1a: Torkoal\n|faint|p1a: Torkoal\n|\n|win|Reivya\n|raw|timmyturnerisgod11's rating: 1006 &rarr; <strong>1000<\/strong><br \/>(-6 for losing)\n|raw|Reivya's rating: 1044 &rarr; <strong>1074<\/strong><br \/>(+30 for winning)\n|c|\u2606Reivya|ggwp\n|l|\u2606timmyturnerisgod11\n","uploadtime":1700869508,"views":3,"p1id":"timmyturnerisgod11","p2id":"reivya","formatid":"gen9nationaldex","rating":1000,"private":0,"password":""}