{"id":"gen9nationaldex-1999976842","p1":"Vvbttij","p2":"EvaroTheFox","format":"[Gen 9] National Dex","log":"|html|<div class=\"broadcast-blue\"><strong>[Gen 9] National Dex is currently suspecting Sneasler! For information on how to participate check out the <a href=\"https:\/\/www.smogon.com\/forums\/threads\/sv-national-dex-suspect-8-just-dance.3731534\/\">suspect thread<\/a>.<\/strong><\/div>\n|j|\u2606Vvbttij\n|j|\u2606EvaroTheFox\n|t:|1701136774\n|gametype|singles\n|player|p1|Vvbttij|red|1096\n|player|p2|EvaroTheFox|artist-gen4|1058\n|teamsize|p1|6\n|teamsize|p2|6\n|gen|9\n|tier|[Gen 9] National Dex\n|rated|\n|rule|HP Percentage Mod: HP is shown in percentages\n|rule|Endless Battle Clause: Forcing endless battles is banned\n|rule|OHKO Clause: OHKO moves are banned\n|rule|Evasion Clause: Evasion abilities, items, and moves are banned\n|rule|Evasion Abilities Clause: Evasion abilities are banned\n|rule|Evasion Items Clause: Evasion items are banned\n|rule|Evasion Moves Clause: Evasion moves are banned\n|rule|Species Clause: Limit one of each Pok\u00e9mon\n|rule|Sleep Clause Mod: Limit one foe put to sleep\n|clearpoke\n|poke|p1|Charizard, M|\n|poke|p1|Blastoise, F|\n|poke|p1|Venusaur, F|\n|poke|p1|Snorlax, M|\n|poke|p1|Lapras, M|\n|poke|p1|Pikachu, F|\n|poke|p2|Smeargle, M|\n|poke|p2|Azumarill, M|\n|poke|p2|Leafeon, M|\n|poke|p2|Ninetales, F|\n|poke|p2|Reuniclus, M|\n|poke|p2|Honchkrow, M|\n|teampreview\n|\n|t:|1701136780\n|start\n|switch|p1a: Charizard|Charizard, M|100\/100\n|switch|p2a: Honchkrow|Honchkrow, M|100\/100\n|turn|1\n|\n|t:|1701136790\n|move|p1a: Charizard|Belly Drum|p1a: Charizard\n|-damage|p1a: Charizard|50\/100\n|-setboost|p1a: Charizard|atk|6|[from] move: Belly Drum\n|-zpower|p2a: Honchkrow\n|move|p2a: Honchkrow|Z-Tailwind|p2a: Honchkrow|[anim]Tailwind\n|-start|p2a: Honchkrow|move: Focus Energy|[zeffect]\n|-sidestart|p2: EvaroTheFox|move: Tailwind\n|\n|upkeep\n|turn|2\n|\n|t:|1701136801\n|move|p2a: Honchkrow|Acrobatics|p1a: Charizard\n|-damage|p1a: Charizard|17\/100\n|-enditem|p1a: Charizard|Salac Berry|[eat]\n|-boost|p1a: Charizard|spe|1|[from] item: Salac Berry\n|move|p1a: Charizard|Dual Wingbeat|p2a: Honchkrow\n|-damage|p2a: Honchkrow|14\/100\n|-damage|p2a: Honchkrow|0 fnt\n|faint|p2a: Honchkrow\n|-hitcount|p2: Honchkrow|2\n|\n|upkeep\n|\n|t:|1701136814\n|switch|p2a: Azumarill|Azumarill, M, shiny|100\/100\n|turn|3\n|\n|t:|1701136822\n|move|p2a: Azumarill|Aqua Jet|p1a: Charizard\n|-supereffective|p1a: Charizard\n|-damage|p1a: Charizard|0 fnt\n|faint|p1a: Charizard\n|\n|upkeep\n|\n|t:|1701136826\n|switch|p1a: Lapras|Lapras, M|100\/100\n|turn|4\n|\n|t:|1701136830\n|move|p2a: Azumarill|Belly Drum|p2a: Azumarill\n|-damage|p2a: Azumarill|50\/100\n|-setboost|p2a: Azumarill|atk|6|[from] move: Belly Drum\n|-enditem|p2a: Azumarill|Sitrus Berry|[eat]\n|-heal|p2a: Azumarill|75\/100|[from] item: Sitrus Berry\n|move|p1a: Lapras|Dragon Dance|p1a: Lapras\n|-boost|p1a: Lapras|atk|1\n|-boost|p1a: Lapras|spe|1\n|\n|-sideend|p2: EvaroTheFox|move: Tailwind\n|upkeep\n|turn|5\n|\n|t:|1701136842\n|-terastallize|p1a: Lapras|Ground\n|move|p1a: Lapras|Waterfall|p2a: Azumarill\n|-resisted|p2a: Azumarill\n|-damage|p2a: Azumarill|47\/100\n|move|p2a: Azumarill|Play Rough|p1a: Lapras\n|-damage|p1a: Lapras|0 fnt\n|faint|p1a: Lapras\n|\n|upkeep\n|\n|t:|1701136851\n|switch|p1a: Venusaur|Venusaur, F|100\/100\n|turn|6\n|\n|t:|1701136856\n|detailschange|p1a: Venusaur|Venusaur-Mega, F\n|-mega|p1a: Venusaur|Venusaur|Venusaurite\n|move|p1a: Venusaur|Toxic|p2a: Azumarill\n|-status|p2a: Azumarill|tox\n|move|p2a: Azumarill|Knock Off|p1a: Venusaur\n|-damage|p1a: Venusaur|64\/100\n|\n|-damage|p2a: Azumarill|41\/100 tox|[from] psn\n|upkeep\n|turn|7\n|\n|t:|1701136866\n|move|p2a: Azumarill|Aqua Jet|p1a: Venusaur\n|-resisted|p1a: Venusaur\n|-damage|p1a: Venusaur|45\/100\n|move|p1a: Venusaur|Synthesis|p1a: Venusaur\n|-heal|p1a: Venusaur|95\/100\n|\n|-damage|p2a: Azumarill|29\/100 tox|[from] psn\n|upkeep\n|turn|8\n|\n|t:|1701136875\n|move|p1a: Venusaur|Curse|p1a: Venusaur\n|-unboost|p1a: Venusaur|spe|1\n|-boost|p1a: Venusaur|atk|1\n|-boost|p1a: Venusaur|def|1\n|move|p2a: Azumarill|Play Rough|p1a: Venusaur\n|-resisted|p1a: Venusaur\n|-damage|p1a: Venusaur|65\/100\n|\n|-damage|p2a: Azumarill|10\/100 tox|[from] psn\n|upkeep\n|turn|9\n|\n|t:|1701136885\n|move|p2a: Azumarill|Play Rough|p1a: Venusaur|[miss]\n|-miss|p2a: Azumarill|p1a: Venusaur\n|move|p1a: Venusaur|Synthesis|p1a: Venusaur\n|-heal|p1a: Venusaur|100\/100\n|\n|-damage|p2a: Azumarill|0 fnt|[from] psn\n|faint|p2a: Azumarill\n|upkeep\n|\n|t:|1701136898\n|switch|p2a: Reuniclus|Reuniclus, M|100\/100\n|turn|10\n|\n|t:|1701136902\n|move|p1a: Venusaur|Toxic|p2a: Reuniclus\n|-status|p2a: Reuniclus|tox\n|move|p2a: Reuniclus|Calm Mind|p2a: Reuniclus\n|-boost|p2a: Reuniclus|spa|1\n|-boost|p2a: Reuniclus|spd|1\n|\n|upkeep\n|turn|11\n|\n|t:|1701136909\n|move|p1a: Venusaur|Leech Seed|p2a: Reuniclus\n|-start|p2a: Reuniclus|move: Leech Seed\n|move|p2a: Reuniclus|Calm Mind|p2a: Reuniclus\n|-boost|p2a: Reuniclus|spa|1\n|-boost|p2a: Reuniclus|spd|1\n|\n|upkeep\n|turn|12\n|\n|t:|1701136918\n|move|p1a: Venusaur|Curse|p1a: Venusaur\n|-unboost|p1a: Venusaur|spe|1\n|-boost|p1a: Venusaur|atk|1\n|-boost|p1a: Venusaur|def|1\n|move|p2a: Reuniclus|Calm Mind|p2a: Reuniclus\n|-boost|p2a: Reuniclus|spa|1\n|-boost|p2a: Reuniclus|spd|1\n|\n|upkeep\n|turn|13\n|\n|t:|1701136932\n|switch|p1a: Pikachu|Pikachu, F|100\/100\n|move|p2a: Reuniclus|Calm Mind|p2a: Reuniclus\n|-boost|p2a: Reuniclus|spa|1\n|-boost|p2a: Reuniclus|spd|1\n|\n|upkeep\n|turn|14\n|\n|t:|1701136940\n|move|p1a: Pikachu|Thunderbolt|p2a: Reuniclus\n|-damage|p2a: Reuniclus|93\/100 tox\n|move|p2a: Reuniclus|Psychic|p1a: Pikachu\n|-damage|p1a: Pikachu|0 fnt\n|faint|p1a: Pikachu\n|\n|-heal|p2a: Reuniclus|99\/100 tox|[from] item: Leftovers\n|upkeep\n|\n|t:|1701136943\n|switch|p1a: Snorlax|Snorlax, M, shiny|100\/100\n|turn|15\n|\n|t:|1701136952\n|move|p2a: Reuniclus|Focus Blast|p1a: Snorlax|[miss]\n|-miss|p2a: Reuniclus|p1a: Snorlax\n|move|p1a: Snorlax|Crunch|p2a: Reuniclus\n|-supereffective|p2a: Reuniclus\n|-damage|p2a: Reuniclus|46\/100 tox\n|-damage|p1a: Snorlax|91\/100|[from] item: Life Orb\n|\n|-heal|p2a: Reuniclus|52\/100 tox|[from] item: Leftovers\n|upkeep\n|turn|16\n|\n|t:|1701136962\n|move|p1a: Snorlax|Crunch|p2a: Reuniclus\n|-supereffective|p2a: Reuniclus\n|-damage|p2a: Reuniclus|1\/100 tox\n|-damage|p1a: Snorlax|81\/100|[from] item: Life Orb\n|move|p2a: Reuniclus|Focus Blast|p1a: Snorlax\n|-supereffective|p1a: Snorlax\n|-damage|p1a: Snorlax|0 fnt\n|faint|p1a: Snorlax\n|\n|-heal|p2a: Reuniclus|7\/100 tox|[from] item: Leftovers\n|upkeep\n|\n|t:|1701136966\n|switch|p1a: Blastoise|Blastoise, F|100\/100\n|turn|17\n|\n|t:|1701136978\n|move|p1a: Blastoise|Scald|p2a: Reuniclus\n|-damage|p2a: Reuniclus|0 fnt\n|faint|p2a: Reuniclus\n|\n|upkeep\n|\n|t:|1701136985\n|switch|p2a: Ninetales|Ninetales, F|100\/100\n|-weather|SunnyDay|[from] ability: Drought|[of] p2a: Ninetales\n|turn|18\n|\n|t:|1701136993\n|switch|p2a: Leafeon|Leafeon, M|100\/100\n|-zpower|p1a: Blastoise\n|move|p1a: Blastoise|Hydro Vortex|p2a: Leafeon|[zeffect]\n|-resisted|p2a: Leafeon\n|-damage|p2a: Leafeon|70\/100\n|\n|-weather|SunnyDay|[upkeep]\n|-heal|p2a: Leafeon|76\/100|[from] item: Leftovers\n|upkeep\n|turn|19\n|\n|t:|1701137004\n|move|p2a: Leafeon|Swords Dance|p2a: Leafeon\n|-boost|p2a: Leafeon|atk|2\n|move|p1a: Blastoise|Shell Smash|p1a: Blastoise\n|-unboost|p1a: Blastoise|def|1\n|-unboost|p1a: Blastoise|spd|1\n|-boost|p1a: Blastoise|atk|2\n|-boost|p1a: Blastoise|spa|2\n|-boost|p1a: Blastoise|spe|2\n|\n|-weather|SunnyDay|[upkeep]\n|-heal|p2a: Leafeon|82\/100|[from] item: Leftovers\n|upkeep\n|turn|20\n|\n|t:|1701137015\n|move|p2a: Leafeon|Leaf Blade|p1a: Blastoise\n|-supereffective|p1a: Blastoise\n|-damage|p1a: Blastoise|0 fnt\n|faint|p1a: Blastoise\n|\n|-weather|SunnyDay|[upkeep]\n|-heal|p2a: Leafeon|88\/100|[from] item: Leftovers\n|upkeep\n|\n|t:|1701137019\n|switch|p1a: Venusaur|Venusaur-Mega, F|100\/100\n|turn|21\n|\n|t:|1701137025\n|move|p2a: Leafeon|X-Scissor|p1a: Venusaur\n|-damage|p1a: Venusaur|69\/100\n|move|p1a: Venusaur|Curse|p1a: Venusaur\n|-unboost|p1a: Venusaur|spe|1\n|-boost|p1a: Venusaur|atk|1\n|-boost|p1a: Venusaur|def|1\n|\n|-weather|SunnyDay|[upkeep]\n|-heal|p2a: Leafeon|93\/100|[from] item: Leftovers\n|upkeep\n|turn|22\n|\n|t:|1701137036\n|move|p2a: Leafeon|Swords Dance|p2a: Leafeon\n|-boost|p2a: Leafeon|atk|2\n|move|p1a: Venusaur|Synthesis|p1a: Venusaur\n|-heal|p1a: Venusaur|100\/100\n|\n|-weather|none\n|-heal|p2a: Leafeon|99\/100|[from] item: Leftovers\n|upkeep\n|turn|23\n|\n|t:|1701137046\n|move|p2a: Leafeon|Swords Dance|p2a: Leafeon\n|-boost|p2a: Leafeon|atk|2\n|move|p1a: Venusaur|Toxic|p2a: Leafeon\n|-status|p2a: Leafeon|tox\n|\n|-heal|p2a: Leafeon|100\/100 tox|[from] item: Leftovers\n|-damage|p2a: Leafeon|95\/100 tox|[from] psn\n|upkeep\n|turn|24\n|\n|t:|1701137055\n|move|p2a: Leafeon|X-Scissor|p1a: Venusaur\n|-damage|p1a: Venusaur|56\/100\n|move|p1a: Venusaur|Curse|p1a: Venusaur\n|-unboost|p1a: Venusaur|spe|1\n|-boost|p1a: Venusaur|atk|1\n|-boost|p1a: Venusaur|def|1\n|\n|-heal|p2a: Leafeon|100\/100 tox|[from] item: Leftovers\n|-damage|p2a: Leafeon|89\/100 tox|[from] psn\n|upkeep\n|turn|25\n|\n|t:|1701137068\n|switch|p2a: Ninetales|Ninetales, F|100\/100\n|-weather|SunnyDay|[from] ability: Drought|[of] p2a: Ninetales\n|move|p1a: Venusaur|Synthesis|p1a: Venusaur\n|-heal|p1a: Venusaur|100\/100\n|\n|-weather|SunnyDay|[upkeep]\n|upkeep\n|turn|26\n|\n|t:|1701137078\n|move|p2a: Ninetales|Flamethrower|p1a: Venusaur\n|-supereffective|p1a: Venusaur\n|-damage|p1a: Venusaur|61\/100\n|move|p1a: Venusaur|Leech Seed|p2a: Ninetales\n|-start|p2a: Ninetales|move: Leech Seed\n|\n|-weather|SunnyDay|[upkeep]\n|-damage|p2a: Ninetales|88\/100|[from] Leech Seed|[of] p1a: Venusaur\n|-heal|p1a: Venusaur|71\/100|[silent]\n|upkeep\n|turn|27\n|\n|t:|1701137087\n|move|p2a: Ninetales|Flamethrower|p1a: Venusaur\n|-supereffective|p1a: Venusaur\n|-damage|p1a: Venusaur|29\/100\n|move|p1a: Venusaur|Synthesis|p1a: Venusaur\n|-heal|p1a: Venusaur|96\/100\n|\n|-weather|SunnyDay|[upkeep]\n|-damage|p2a: Ninetales|76\/100|[from] Leech Seed|[of] p1a: Venusaur\n|-heal|p1a: Venusaur|100\/100|[silent]\n|upkeep\n|turn|28\n|\n|t:|1701137097\n|move|p2a: Ninetales|Calm Mind|p2a: Ninetales\n|-boost|p2a: Ninetales|spa|1\n|-boost|p2a: Ninetales|spd|1\n|move|p1a: Venusaur|Toxic|p2a: Ninetales\n|-status|p2a: Ninetales|tox\n|\n|-weather|SunnyDay|[upkeep]\n|-damage|p2a: Ninetales|63\/100 tox|[from] Leech Seed|[of] p1a: Venusaur\n|-damage|p2a: Ninetales|57\/100 tox|[from] psn\n|upkeep\n|turn|29\n|\n|t:|1701137107\n|move|p2a: Ninetales|Calm Mind|p2a: Ninetales\n|-boost|p2a: Ninetales|spa|1\n|-boost|p2a: Ninetales|spd|1\n|move|p1a: Venusaur|Synthesis|p1a: Venusaur\n|-fail|p1a: Venusaur|heal\n|\n|-weather|none\n|-damage|p2a: Ninetales|45\/100 tox|[from] Leech Seed|[of] p1a: Venusaur\n|-damage|p2a: Ninetales|33\/100 tox|[from] psn\n|upkeep\n|turn|30\n|\n|t:|1701137118\n|move|p2a: Ninetales|Flamethrower|p1a: Venusaur\n|-supereffective|p1a: Venusaur\n|-damage|p1a: Venusaur|46\/100\n|move|p1a: Venusaur|Synthesis|p1a: Venusaur\n|-heal|p1a: Venusaur|96\/100\n|\n|-damage|p2a: Ninetales|21\/100 tox|[from] Leech Seed|[of] p1a: Venusaur\n|-heal|p1a: Venusaur|100\/100|[silent]\n|-damage|p2a: Ninetales|3\/100 tox|[from] psn\n|upkeep\n|-enditem|p2a: Ninetales|Aguav Berry|[eat]\n|-heal|p2a: Ninetales|36\/100 tox|[from] item: Aguav Berry\n|turn|31\n|\n|t:|1701137133\n|-terastallize|p2a: Ninetales|Fire\n|move|p2a: Ninetales|Flamethrower|p1a: Venusaur\n|-supereffective|p1a: Venusaur\n|-damage|p1a: Venusaur|36\/100\n|move|p1a: Venusaur|Curse|p1a: Venusaur\n|-unboost|p1a: Venusaur|spe|1\n|-boost|p1a: Venusaur|atk|1\n|-boost|p1a: Venusaur|def|1\n|\n|-damage|p2a: Ninetales|24\/100 tox|[from] Leech Seed|[of] p1a: Venusaur\n|-heal|p1a: Venusaur|46\/100|[silent]\n|-damage|p2a: Ninetales|0 fnt|[from] psn\n|faint|p2a: Ninetales\n|upkeep\n|\n|t:|1701137154\n|switch|p2a: Smeargle|Smeargle, M|100\/100\n|turn|32\n|\n|t:|1701137159\n|move|p2a: Smeargle|Substitute|p2a: Smeargle\n|-start|p2a: Smeargle|Substitute\n|-damage|p2a: Smeargle|76\/100\n|move|p1a: Venusaur|Toxic||[still]\n|-fail|p1a: Venusaur\n|\n|-heal|p2a: Smeargle|82\/100|[from] item: Leftovers\n|upkeep\n|turn|33\n|\n|t:|1701137167\n|move|p2a: Smeargle|Victory Dance|p2a: Smeargle\n|-boost|p2a: Smeargle|atk|1\n|-boost|p2a: Smeargle|def|1\n|-boost|p2a: Smeargle|spe|1\n|move|p1a: Venusaur|Leech Seed||[still]\n|-fail|p1a: Venusaur\n|\n|-heal|p2a: Smeargle|88\/100|[from] item: Leftovers\n|upkeep\n|turn|34\n|-message|Vvbttij forfeited.\n|\n|win|EvaroTheFox\n|raw|Vvbttij's rating: 1096 &rarr; <strong>1069<\/strong><br \/>(-27 for losing)\n|raw|EvaroTheFox's rating: 1058 &rarr; <strong>1093<\/strong><br \/>(+35 for winning)\n|l|\u2606Vvbttij\n","uploadtime":1701137180,"views":4,"p1id":"vvbttij","p2id":"evarothefox","formatid":"gen9nationaldex","rating":1069,"private":0,"password":""}