{"id":"gen9nationaldex-1999305248","p1":"psng","p2":"howtoplay11","format":"[Gen 9] National Dex","log":"|html|<div class=\"broadcast-blue\"><strong>[Gen 9] National Dex is currently suspecting Sneasler! For information on how to participate check out the <a href=\"https:\/\/www.smogon.com\/forums\/threads\/sv-national-dex-suspect-8-just-dance.3731534\/\">suspect thread<\/a>.<\/strong><\/div>\n|j|\u2606psng\n|j|\u2606howtoplay11\n|t:|1701057681\n|gametype|singles\n|player|p1|psng|wallace|1478\n|player|p2|howtoplay11|elesa|1350\n|teamsize|p1|6\n|teamsize|p2|6\n|gen|9\n|tier|[Gen 9] National Dex\n|rated|\n|rule|HP Percentage Mod: HP is shown in percentages\n|rule|Endless Battle Clause: Forcing endless battles is banned\n|rule|OHKO Clause: OHKO moves are banned\n|rule|Evasion Clause: Evasion abilities, items, and moves are banned\n|rule|Evasion Abilities Clause: Evasion abilities are banned\n|rule|Evasion Items Clause: Evasion items are banned\n|rule|Evasion Moves Clause: Evasion moves are banned\n|rule|Species Clause: Limit one of each Pok\u00e9mon\n|rule|Sleep Clause Mod: Limit one foe put to sleep\n|clearpoke\n|poke|p1|Pelipper, M|\n|poke|p1|Tapu Lele|\n|poke|p1|Swampert, F|\n|poke|p1|Greninja-*, M|\n|poke|p1|Zapdos|\n|poke|p1|Ferrothorn, M|\n|poke|p2|Rotom-Wash|\n|poke|p2|Tapu Koko|\n|poke|p2|Urshifu-*, M|\n|poke|p2|Ditto|\n|poke|p2|Scizor, M|\n|poke|p2|Heatran, M|\n|teampreview\n|inactive|Battle timer is ON: inactive players will automatically lose when time's up. (requested by psng)\n|\n|t:|1701057706\n|start\n|switch|p1a: Pelipper|Pelipper, M, shiny|100\/100\n|switch|p2a: Rotom|Rotom-Wash|100\/100\n|-weather|RainDance|[from] ability: Drizzle|[of] p1a: Pelipper\n|turn|1\n|\n|t:|1701057719\n|-terastallize|p1a: Pelipper|Steel\n|move|p2a: Rotom|Volt Switch|p1a: Pelipper\n|-damage|p1a: Pelipper|68\/100\n|\n|t:|1701057736\n|switch|p2a: Heatran|Heatran, M|100\/100|[from] Volt Switch\n|move|p1a: Pelipper|Knock Off|p2a: Heatran\n|-damage|p2a: Heatran|90\/100\n|-enditem|p2a: Heatran|Leftovers|[from] move: Knock Off|[of] p1a: Pelipper\n|\n|-weather|RainDance|[upkeep]\n|upkeep\n|turn|2\n|\n|t:|1701057744\n|move|p2a: Heatran|Stealth Rock|p1a: Pelipper\n|-sidestart|p1: psng|move: Stealth Rock\n|move|p1a: Pelipper|U-turn|p2a: Heatran\n|-resisted|p2a: Heatran\n|-damage|p2a: Heatran|88\/100\n|\n|t:|1701057748\n|switch|p1a: Swampert|Swampert, F, shiny|100\/100|[from] U-turn\n|-damage|p1a: Swampert|94\/100|[from] Stealth Rock\n|\n|-weather|RainDance|[upkeep]\n|upkeep\n|turn|3\n|\n|t:|1701057753\n|switch|p2a: Rotom|Rotom-Wash|100\/100\n|detailschange|p1a: Swampert|Swampert-Mega, F, shiny\n|-mega|p1a: Swampert|Swampert|Swampertite\n|move|p1a: Swampert|Flip Turn|p2a: Rotom\n|-resisted|p2a: Rotom\n|-damage|p2a: Rotom|77\/100\n|\n|t:|1701057759\n|switch|p1a: Ferrothorn|Ferrothorn, M, shiny|100\/100|[from] Flip Turn\n|-damage|p1a: Ferrothorn|95\/100|[from] Stealth Rock\n|\n|-weather|RainDance|[upkeep]\n|-heal|p2a: Rotom|83\/100|[from] item: Leftovers\n|-heal|p1a: Ferrothorn|100\/100|[from] item: Leftovers\n|upkeep\n|turn|4\n|\n|t:|1701057766\n|move|p2a: Rotom|Will-O-Wisp|p1a: Ferrothorn\n|-status|p1a: Ferrothorn|brn\n|move|p1a: Ferrothorn|Stealth Rock|p2a: Rotom\n|-sidestart|p2: howtoplay11|move: Stealth Rock\n|\n|-weather|RainDance|[upkeep]\n|-heal|p2a: Rotom|89\/100|[from] item: Leftovers\n|-damage|p1a: Ferrothorn|95\/100 brn|[from] brn\n|upkeep\n|turn|5\n|\n|t:|1701057775\n|move|p2a: Rotom|Volt Switch|p1a: Ferrothorn\n|-resisted|p1a: Ferrothorn\n|-damage|p1a: Ferrothorn|86\/100 brn\n|\n|t:|1701057779\n|switch|p2a: Heatran|Heatran, M|88\/100|[from] Volt Switch\n|-damage|p2a: Heatran|75\/100|[from] Stealth Rock\n|move|p1a: Ferrothorn|Leech Seed|p2a: Heatran\n|-start|p2a: Heatran|move: Leech Seed\n|\n|-weather|RainDance|[upkeep]\n|-heal|p1a: Ferrothorn|92\/100 brn|[from] item: Leftovers\n|-damage|p2a: Heatran|63\/100|[from] Leech Seed|[of] p1a: Ferrothorn\n|-heal|p1a: Ferrothorn|100\/100 brn|[silent]\n|-damage|p1a: Ferrothorn|95\/100 brn|[from] brn\n|upkeep\n|turn|6\n|inactive|howtoplay11 has 120 seconds left.\n|\n|t:|1701057809\n|switch|p2a: Scizor|Scizor, M|100\/100\n|-damage|p2a: Scizor|88\/100|[from] Stealth Rock\n|switch|p1a: Swampert|Swampert-Mega, F, shiny|94\/100\n|-damage|p1a: Swampert|88\/100|[from] Stealth Rock\n|\n|-weather|RainDance|[upkeep]\n|upkeep\n|turn|7\n|\n|t:|1701057818\n|detailschange|p2a: Scizor|Scizor-Mega, M\n|-mega|p2a: Scizor|Scizor|Scizorite\n|move|p1a: Swampert|Liquidation|p2a: Scizor\n|-damage|p2a: Scizor|35\/100\n|-unboost|p2a: Scizor|def|1\n|move|p2a: Scizor|U-turn|p1a: Swampert\n|-damage|p1a: Swampert|56\/100\n|\n|t:|1701057825\n|switch|p2a: Rotom|Rotom-Wash|89\/100|[from] U-turn\n|-damage|p2a: Rotom|77\/100|[from] Stealth Rock\n|\n|-weather|RainDance|[upkeep]\n|-heal|p2a: Rotom|83\/100|[from] item: Leftovers\n|upkeep\n|turn|8\n|\n|t:|1701057835\n|move|p1a: Swampert|Flip Turn|p2a: Rotom\n|-resisted|p2a: Rotom\n|-damage|p2a: Rotom|60\/100\n|\n|t:|1701057842\n|switch|p1a: Ferrothorn|Ferrothorn, M, shiny|95\/100 brn|[from] Flip Turn\n|-damage|p1a: Ferrothorn|89\/100 brn|[from] Stealth Rock\n|move|p2a: Rotom|Volt Switch|p1a: Ferrothorn\n|-resisted|p1a: Ferrothorn\n|-damage|p1a: Ferrothorn|81\/100 brn\n|\n|t:|1701057850\n|switch|p2a: Heatran|Heatran, M|63\/100|[from] Volt Switch\n|-damage|p2a: Heatran|50\/100|[from] Stealth Rock\n|\n|-weather|none\n|-heal|p1a: Ferrothorn|87\/100 brn|[from] item: Leftovers\n|-damage|p1a: Ferrothorn|81\/100 brn|[from] brn\n|upkeep\n|turn|9\n|\n|t:|1701057872\n|move|p1a: Ferrothorn|Protect|p1a: Ferrothorn\n|-singleturn|p1a: Ferrothorn|Protect\n|move|p2a: Heatran|Magma Storm|p1a: Ferrothorn\n|-activate|p1a: Ferrothorn|move: Protect\n|\n|-heal|p1a: Ferrothorn|87\/100 brn|[from] item: Leftovers\n|-damage|p1a: Ferrothorn|81\/100 brn|[from] brn\n|upkeep\n|turn|10\n|\n|t:|1701057882\n|switch|p1a: Pelipper|Pelipper, M, shiny, tera:Steel|68\/100\n|-damage|p1a: Pelipper|61\/100|[from] Stealth Rock\n|-weather|RainDance|[from] ability: Drizzle|[of] p1a: Pelipper\n|move|p2a: Heatran|Toxic|p1a: Pelipper\n|-immune|p1a: Pelipper\n|\n|-weather|RainDance|[upkeep]\n|upkeep\n|turn|11\n|inactive|howtoplay11 has 120 seconds left.\n|\n|t:|1701057903\n|move|p2a: Heatran|Magma Storm|p1a: Pelipper|[miss]\n|-miss|p2a: Heatran|p1a: Pelipper\n|move|p1a: Pelipper|U-turn|p2a: Heatran\n|-resisted|p2a: Heatran\n|-damage|p2a: Heatran|49\/100\n|\n|t:|1701057914\n|switch|p1a: Swampert|Swampert-Mega, F, shiny|56\/100|[from] U-turn\n|-damage|p1a: Swampert|49\/100|[from] Stealth Rock\n|\n|-weather|RainDance|[upkeep]\n|upkeep\n|turn|12\n|inactive|howtoplay11 has 120 seconds left.\n|\n|t:|1701057947\n|switch|p2a: Scizor|Scizor-Mega, M|35\/100\n|-damage|p2a: Scizor|23\/100|[from] Stealth Rock\n|move|p1a: Swampert|Liquidation|p2a: Scizor\n|-damage|p2a: Scizor|0 fnt\n|faint|p2a: Scizor\n|\n|-weather|RainDance|[upkeep]\n|upkeep\n|\n|t:|1701057962\n|switch|p2a: Ditto|Ditto|100\/100\n|-damage|p2a: Ditto|88\/100|[from] Stealth Rock\n|-transform|p2a: Ditto|p1a: Swampert|[from] ability: Imposter\n|turn|13\n|\n|t:|1701057972\n|move|p2a: Ditto|Flip Turn|p1a: Swampert\n|-damage|p1a: Swampert|0 fnt\n|faint|p1a: Swampert\n|\n|t:|1701057978\n|switch|p2a: Rotom|Rotom-Wash|60\/100|[from] Flip Turn\n|-damage|p2a: Rotom|48\/100|[from] Stealth Rock\n|\n|-weather|RainDance|[upkeep]\n|-heal|p2a: Rotom|54\/100|[from] item: Leftovers\n|upkeep\n|\n|t:|1701057985\n|switch|p1a: Tapu Lele|Tapu Lele, shiny|100\/100\n|-damage|p1a: Tapu Lele|88\/100|[from] Stealth Rock\n|-fieldstart|move: Psychic Terrain|[from] ability: Psychic Surge|[of] p1a: Tapu Lele\n|turn|14\n|inactive|howtoplay11 has 90 seconds left.\n|inactive|howtoplay11 has 60 seconds left.\n|\n|t:|1701058036\n|switch|p2a: Heatran|Heatran, M|49\/100\n|-damage|p2a: Heatran|36\/100|[from] Stealth Rock\n|move|p1a: Tapu Lele|Psychic|p2a: Heatran\n|-resisted|p2a: Heatran\n|-damage|p2a: Heatran|17\/100\n|\n|-weather|RainDance|[upkeep]\n|upkeep\n|turn|15\n|\n|t:|1701058045\n|move|p1a: Tapu Lele|Psychic|p2a: Heatran\n|-resisted|p2a: Heatran\n|-damage|p2a: Heatran|0 fnt\n|faint|p2a: Heatran\n|\n|-weather|RainDance|[upkeep]\n|upkeep\n|inactive|howtoplay11 has 60 seconds left.\n|\n|t:|1701058069\n|switch|p2a: Tapu Koko|Tapu Koko|100\/100\n|-fieldstart|move: Electric Terrain|[from] ability: Electric Surge|[of] p2a: Tapu Koko\n|turn|16\n|\n|t:|1701058083\n|switch|p1a: Ferrothorn|Ferrothorn, M, shiny|81\/100 brn\n|-damage|p1a: Ferrothorn|75\/100 brn|[from] Stealth Rock\n|move|p2a: Tapu Koko|Thunderbolt|p1a: Ferrothorn\n|-resisted|p1a: Ferrothorn\n|-damage|p1a: Ferrothorn|61\/100 brn\n|\n|-weather|RainDance|[upkeep]\n|-heal|p1a: Ferrothorn|67\/100 brn|[from] item: Leftovers\n|-damage|p1a: Ferrothorn|61\/100 brn|[from] brn\n|upkeep\n|turn|17\n|inactive|howtoplay11 has 60 seconds left.\n|\n|t:|1701058102\n|move|p2a: Tapu Koko|Thunderbolt|p1a: Ferrothorn\n|-resisted|p1a: Ferrothorn\n|-damage|p1a: Ferrothorn|45\/100 brn\n|move|p1a: Ferrothorn|Leech Seed|p2a: Tapu Koko\n|-start|p2a: Tapu Koko|move: Leech Seed\n|\n|-weather|none\n|-heal|p1a: Ferrothorn|51\/100 brn|[from] item: Leftovers\n|-damage|p2a: Tapu Koko|88\/100|[from] Leech Seed|[of] p1a: Ferrothorn\n|-heal|p1a: Ferrothorn|61\/100 brn|[silent]\n|-damage|p1a: Ferrothorn|55\/100 brn|[from] brn\n|upkeep\n|turn|18\n|inactive|howtoplay11 has 60 seconds left.\n|\n|t:|1701058124\n|switch|p2a: Urshifu|Urshifu-Rapid-Strike, M|100\/100\n|-damage|p2a: Urshifu|94\/100|[from] Stealth Rock\n|switch|p1a: Pelipper|Pelipper, M, shiny, tera:Steel|61\/100\n|-damage|p1a: Pelipper|55\/100|[from] Stealth Rock\n|-weather|RainDance|[from] ability: Drizzle|[of] p1a: Pelipper\n|\n|-weather|RainDance|[upkeep]\n|upkeep\n|turn|19\n|inactive|howtoplay11 has 60 seconds left.\n|\n|t:|1701058145\n|move|p2a: Urshifu|Surging Strikes|p1a: Pelipper\n|-crit|p1a: Pelipper\n|-damage|p1a: Pelipper|19\/100\n|-crit|p1a: Pelipper\n|-damage|p1a: Pelipper|0 fnt\n|faint|p1a: Pelipper\n|-hitcount|p1: Pelipper|2\n|\n|-weather|RainDance|[upkeep]\n|upkeep\n|\n|t:|1701058151\n|switch|p1a: Zapdos|Zapdos, shiny|100\/100\n|turn|20\n|inactive|howtoplay11 has 60 seconds left.\n|\n|t:|1701058175\n|switch|p2a: Tapu Koko|Tapu Koko|88\/100\n|move|p1a: Zapdos|Thunder|p2a: Tapu Koko\n|-resisted|p2a: Tapu Koko\n|-damage|p2a: Tapu Koko|53\/100\n|\n|-weather|RainDance|[upkeep]\n|-fieldend|move: Electric Terrain\n|upkeep\n|turn|21\n|inactive|howtoplay11 has 30 seconds left.\n|\n|t:|1701058203\n|move|p2a: Tapu Koko|Thunderbolt|p1a: Zapdos\n|-damage|p1a: Zapdos|64\/100\n|move|p1a: Zapdos|U-turn|p2a: Tapu Koko\n|-resisted|p2a: Tapu Koko\n|-damage|p2a: Tapu Koko|43\/100\n|\n|t:|1701058210\n|switch|p1a: Tapu Lele|Tapu Lele, shiny|88\/100|[from] U-turn\n|-damage|p1a: Tapu Lele|76\/100|[from] Stealth Rock\n|-fieldstart|move: Psychic Terrain|[from] ability: Psychic Surge|[of] p1a: Tapu Lele\n|\n|-weather|RainDance|[upkeep]\n|upkeep\n|turn|22\n|inactive|howtoplay11 has 30 seconds left.\n|\n|t:|1701058227\n|switch|p2a: Rotom|Rotom-Wash|54\/100\n|-damage|p2a: Rotom|42\/100|[from] Stealth Rock\n|move|p1a: Tapu Lele|Psychic|p2a: Rotom\n|-damage|p2a: Rotom|0 fnt\n|faint|p2a: Rotom\n|\n|-weather|RainDance|[upkeep]\n|upkeep\n|inactive|howtoplay11 has 30 seconds left.\n|\n|t:|1701058237\n|switch|p2a: Ditto|Ditto|88\/100\n|-damage|p2a: Ditto|76\/100|[from] Stealth Rock\n|-transform|p2a: Ditto|p1a: Tapu Lele|[from] ability: Imposter\n|turn|23\n|inactive|howtoplay11 has 30 seconds left.\n|inactive|howtoplay11 has 20 seconds left.\n|inactive|howtoplay11 has 15 seconds left.\n|\n|t:|1701058258\n|switch|p1a: Ferrothorn|Ferrothorn, M, shiny|55\/100 brn\n|-damage|p1a: Ferrothorn|49\/100 brn|[from] Stealth Rock\n|move|p2a: Ditto|Psychic|p1a: Ferrothorn\n|-resisted|p1a: Ferrothorn\n|-damage|p1a: Ferrothorn|31\/100 brn\n|\n|-weather|RainDance|[upkeep]\n|-heal|p1a: Ferrothorn|37\/100 brn|[from] item: Leftovers\n|-damage|p1a: Ferrothorn|31\/100 brn|[from] brn\n|upkeep\n|turn|24\n|inactive|howtoplay11 has 25 seconds left this turn.\n|inactive|howtoplay11 has 20 seconds left.\n|inactive|howtoplay11 has 15 seconds left.\n|inactive|howtoplay11 has 10 seconds left.\n|\n|t:|1701058276\n|switch|p2a: Tapu Koko|Tapu Koko|43\/100\n|-fieldstart|move: Electric Terrain|[from] ability: Electric Surge|[of] p2a: Tapu Koko\n|move|p1a: Ferrothorn|Leech Seed|p2a: Tapu Koko\n|-start|p2a: Tapu Koko|move: Leech Seed\n|\n|-weather|RainDance|[upkeep]\n|-heal|p1a: Ferrothorn|37\/100 brn|[from] item: Leftovers\n|-damage|p2a: Tapu Koko|31\/100|[from] Leech Seed|[of] p1a: Ferrothorn\n|-heal|p1a: Ferrothorn|47\/100 brn|[silent]\n|-damage|p1a: Ferrothorn|41\/100 brn|[from] brn\n|upkeep\n|turn|25\n|inactive|howtoplay11 has 20 seconds left this turn.\n|inactive|howtoplay11 has 15 seconds left.\n|\n|t:|1701058286\n|switch|p2a: Urshifu|Urshifu-Rapid-Strike, M|94\/100\n|-damage|p2a: Urshifu|88\/100|[from] Stealth Rock\n|move|p1a: Ferrothorn|Leech Seed|p2a: Urshifu\n|-start|p2a: Urshifu|move: Leech Seed\n|\n|-weather|none\n|-heal|p1a: Ferrothorn|47\/100 brn|[from] item: Leftovers\n|-damage|p2a: Urshifu|76\/100|[from] Leech Seed|[of] p1a: Ferrothorn\n|-heal|p1a: Ferrothorn|59\/100 brn|[silent]\n|-damage|p1a: Ferrothorn|53\/100 brn|[from] brn\n|upkeep\n|turn|26\n|inactive|howtoplay11 has 25 seconds left this turn.\n|inactive|howtoplay11 has 20 seconds left.\n|inactive|howtoplay11 has 15 seconds left.\n|\n|t:|1701058297\n|switch|p1a: Tapu Lele|Tapu Lele, shiny|76\/100\n|-damage|p1a: Tapu Lele|63\/100|[from] Stealth Rock\n|-fieldstart|move: Psychic Terrain|[from] ability: Psychic Surge|[of] p1a: Tapu Lele\n|move|p2a: Urshifu|Close Combat|p1a: Tapu Lele\n|-resisted|p1a: Tapu Lele\n|-damage|p1a: Tapu Lele|26\/100\n|-unboost|p2a: Urshifu|def|1\n|-unboost|p2a: Urshifu|spd|1\n|\n|-damage|p2a: Urshifu|64\/100|[from] Leech Seed|[of] p1a: Tapu Lele\n|-heal|p1a: Tapu Lele|41\/100|[silent]\n|upkeep\n|turn|27\n|inactive|howtoplay11 has 25 seconds left this turn.\n|inactive|howtoplay11 has 20 seconds left.\n|inactive|howtoplay11 has 15 seconds left.\n|inactive|howtoplay11 has 10 seconds left.\n|\n|t:|1701058315\n|switch|p2a: Tapu Koko|Tapu Koko|31\/100\n|-fieldstart|move: Electric Terrain|[from] ability: Electric Surge|[of] p2a: Tapu Koko\n|move|p1a: Tapu Lele|Psychic|p2a: Tapu Koko\n|-damage|p2a: Tapu Koko|0 fnt\n|faint|p2a: Tapu Koko\n|\n|upkeep\n|inactive|howtoplay11 has 15 seconds left this turn.\n|inactive|howtoplay11 has 10 seconds left.\n|\n|t:|1701058323\n|switch|p2a: Ditto|Ditto|76\/100\n|-damage|p2a: Ditto|63\/100|[from] Stealth Rock\n|-transform|p2a: Ditto|p1a: Tapu Lele|[from] ability: Imposter\n|-fieldstart|move: Psychic Terrain|[from] ability: Psychic Surge|[of] p2a: Ditto\n|turn|28\n|inactive|howtoplay11 has 20 seconds left this turn.\n|inactive|howtoplay11 has 15 seconds left.\n|\n|t:|1701058341\n|switch|p1a: Ferrothorn|Ferrothorn, M, shiny|53\/100 brn\n|-damage|p1a: Ferrothorn|47\/100 brn|[from] Stealth Rock\n|move|p2a: Ditto|Psychic|p1a: Ferrothorn\n|-resisted|p1a: Ferrothorn\n|-damage|p1a: Ferrothorn|26\/100 brn\n|\n|-heal|p1a: Ferrothorn|32\/100 brn|[from] item: Leftovers\n|-damage|p1a: Ferrothorn|26\/100 brn|[from] brn\n|upkeep\n|turn|29\n|inactive|howtoplay11 has 25 seconds left this turn.\n|inactive|howtoplay11 has 20 seconds left.\n|\n|t:|1701058349\n|move|p2a: Ditto|Psychic|p1a: Ferrothorn\n|-resisted|p1a: Ferrothorn\n|-damage|p1a: Ferrothorn|5\/100 brn\n|move|p1a: Ferrothorn|Leech Seed|p2a: Ditto\n|-start|p2a: Ditto|move: Leech Seed\n|\n|-heal|p1a: Ferrothorn|11\/100 brn|[from] item: Leftovers\n|-damage|p2a: Ditto|51\/100|[from] Leech Seed|[of] p1a: Ferrothorn\n|-heal|p1a: Ferrothorn|22\/100 brn|[silent]\n|-damage|p1a: Ferrothorn|16\/100 brn|[from] brn\n|upkeep\n|turn|30\n|inactive|howtoplay11 has 30 seconds left this turn.\n|\n|t:|1701058363\n|move|p1a: Ferrothorn|Protect|p1a: Ferrothorn\n|-singleturn|p1a: Ferrothorn|Protect\n|move|p2a: Ditto|Psychic|p1a: Ferrothorn\n|-activate|p1a: Ferrothorn|move: Protect\n|\n|-heal|p1a: Ferrothorn|22\/100 brn|[from] item: Leftovers\n|-damage|p2a: Ditto|39\/100|[from] Leech Seed|[of] p1a: Ferrothorn\n|-heal|p1a: Ferrothorn|32\/100 brn|[silent]\n|-damage|p1a: Ferrothorn|26\/100 brn|[from] brn\n|upkeep\n|turn|31\n|inactive|howtoplay11 has 30 seconds left.\n|\n|t:|1701058372\n|move|p2a: Ditto|Psychic|p1a: Ferrothorn\n|-resisted|p1a: Ferrothorn\n|-damage|p1a: Ferrothorn|6\/100 brn\n|move|p1a: Ferrothorn|Leech Seed||[still]\n|-fail|p1a: Ferrothorn\n|\n|-heal|p1a: Ferrothorn|12\/100 brn|[from] item: Leftovers\n|-damage|p2a: Ditto|26\/100|[from] Leech Seed|[of] p1a: Ferrothorn\n|-heal|p1a: Ferrothorn|22\/100 brn|[silent]\n|-damage|p1a: Ferrothorn|16\/100 brn|[from] brn\n|upkeep\n|turn|32\n|\n|t:|1701058381\n|switch|p2a: Urshifu|Urshifu-Rapid-Strike, M|64\/100\n|-damage|p2a: Urshifu|57\/100|[from] Stealth Rock\n|move|p1a: Ferrothorn|Leech Seed|p2a: Urshifu|[miss]\n|-miss|p1a: Ferrothorn|p2a: Urshifu\n|\n|-heal|p1a: Ferrothorn|22\/100 brn|[from] item: Leftovers\n|-damage|p1a: Ferrothorn|16\/100 brn|[from] brn\n|-fieldend|move: Psychic Terrain\n|upkeep\n|turn|33\n|\n|t:|1701058393\n|move|p2a: Urshifu|Close Combat|p1a: Ferrothorn\n|-supereffective|p1a: Ferrothorn\n|-damage|p1a: Ferrothorn|0 fnt\n|-unboost|p2a: Urshifu|def|1\n|-unboost|p2a: Urshifu|spd|1\n|-damage|p2a: Urshifu|45\/100|[from] ability: Iron Barbs|[of] p1a: Ferrothorn\n|faint|p1a: Ferrothorn\n|\n|upkeep\n|\n|t:|1701058399\n|switch|p1a: Zapdos|Zapdos, shiny|64\/100\n|turn|34\n|\n|t:|1701058407\n|move|p2a: Urshifu|Close Combat|p1a: Zapdos\n|-resisted|p1a: Zapdos\n|-damage|p1a: Zapdos|32\/100\n|-unboost|p2a: Urshifu|def|1\n|-unboost|p2a: Urshifu|spd|1\n|move|p1a: Zapdos|Rain Dance|p1a: Zapdos\n|-weather|RainDance\n|\n|-weather|RainDance|[upkeep]\n|upkeep\n|turn|35\n|\n|t:|1701058416\n|move|p2a: Urshifu|Close Combat|p1a: Zapdos\n|-resisted|p1a: Zapdos\n|-damage|p1a: Zapdos|2\/100\n|-unboost|p2a: Urshifu|def|1\n|-unboost|p2a: Urshifu|spd|1\n|-status|p2a: Urshifu|par|[from] ability: Static|[of] p1a: Zapdos\n|move|p1a: Zapdos|Thunder|p2a: Urshifu\n|-supereffective|p2a: Urshifu\n|-damage|p2a: Urshifu|0 fnt\n|faint|p2a: Urshifu\n|\n|-weather|RainDance|[upkeep]\n|upkeep\n|\n|t:|1701058427\n|switch|p2a: Ditto|Ditto|26\/100\n|-damage|p2a: Ditto|14\/100|[from] Stealth Rock\n|-transform|p2a: Ditto|p1a: Zapdos|[from] ability: Imposter\n|turn|36\n|\n|t:|1701058435\n|move|p2a: Ditto|Thunder|p1a: Zapdos\n|-damage|p1a: Zapdos|0 fnt\n|faint|p1a: Zapdos\n|\n|-weather|RainDance|[upkeep]\n|upkeep\n|\n|t:|1701058445\n|switch|p1a: Greninja|Greninja, M|100\/100\n|-damage|p1a: Greninja|88\/100|[from] Stealth Rock\n|turn|37\n|\n|t:|1701058449\n|move|p1a: Greninja|Water Shuriken|p2a: Ditto\n|-damage|p2a: Ditto|0 fnt\n|faint|p2a: Ditto\n|-hitcount|p2: Ditto|1\n|-damage|p1a: Greninja|78\/100|[from] item: Life Orb\n|\n|win|psng\n|raw|psng's rating: 1478 &rarr; <strong>1491<\/strong><br \/>(+13 for winning)\n|raw|howtoplay11's rating: 1350 &rarr; <strong>1337<\/strong><br \/>(-13 for losing)\n","uploadtime":1701058453,"views":15,"p1id":"psng","p2id":"howtoplay11","formatid":"gen9nationaldex","rating":1337,"private":0,"password":""}