{"id":"gen9nationaldex-1988549062","p1":"wobens613","p2":"goopypiggys","format":"[Gen 9] National Dex","log":"|j|\u2606wobens613\n|j|\u2606goopypiggys\n|t:|1699734916\n|gametype|singles\n|player|p1|wobens613|hilda-masters|1521\n|player|p2|goopypiggys|ghetsis|1519\n|teamsize|p1|6\n|teamsize|p2|6\n|gen|9\n|tier|[Gen 9] National Dex\n|rated|\n|rule|HP Percentage Mod: HP is shown in percentages\n|rule|Endless Battle Clause: Forcing endless battles is banned\n|rule|OHKO Clause: OHKO moves are banned\n|rule|Evasion Clause: Evasion abilities, items, and moves are banned\n|rule|Evasion Abilities Clause: Evasion abilities are banned\n|rule|Evasion Items Clause: Evasion items are banned\n|rule|Evasion Moves Clause: Evasion moves are banned\n|rule|Species Clause: Limit one of each Pok\u00e9mon\n|rule|Sleep Clause Mod: Limit one foe put to sleep\n|clearpoke\n|poke|p1|Volcanion|\n|poke|p1|Tapu Bulu|\n|poke|p1|Great Tusk|\n|poke|p1|Scizor, F|\n|poke|p1|Heatran, M|\n|poke|p1|Greninja-*, M|\n|poke|p2|Alomomola, F|\n|poke|p2|Slowking-Galar, M|\n|poke|p2|Heatran, M|\n|poke|p2|Kyurem|\n|poke|p2|Urshifu-*, M|\n|poke|p2|Gliscor, F|\n|teampreview\n|inactive|Battle timer is ON: inactive players will automatically lose when time's up. (requested by wobens613)\n|\n|t:|1699734932\n|start\n|switch|p1a: Heatran|Heatran, M|100\/100\n|switch|p2a: Urshifu|Urshifu-Rapid-Strike, M|100\/100\n|turn|1\n|inactive|goopypiggys has 120 seconds left.\n|\n|t:|1699734969\n|switch|p1a: Tapu Bulu|Tapu Bulu|100\/100\n|-fieldstart|move: Grassy Terrain|[from] ability: Grassy Surge|[of] p1a: Tapu Bulu\n|move|p2a: Urshifu|Close Combat|p1a: Tapu Bulu\n|-resisted|p1a: Tapu Bulu\n|-damage|p1a: Tapu Bulu|71\/100\n|-unboost|p2a: Urshifu|def|1\n|-unboost|p2a: Urshifu|spd|1\n|\n|-heal|p1a: Tapu Bulu|78\/100|[from] Grassy Terrain\n|upkeep\n|turn|2\n|inactive|goopypiggys has 120 seconds left.\n|\n|t:|1699734980\n|switch|p2a: Gliscor|Gliscor, F|100\/100\n|move|p1a: Tapu Bulu|High Horsepower|p2a: Gliscor\n|-immune|p2a: Gliscor\n|\n|-heal|p1a: Tapu Bulu|84\/100|[from] Grassy Terrain\n|-status|p2a: Gliscor|tox|[from] item: Toxic Orb\n|upkeep\n|turn|3\n|inactive|goopypiggys has 120 seconds left.\n|\n|t:|1699734995\n|switch|p1a: Great Tusk|Great Tusk|100\/100\n|move|p2a: Gliscor|U-turn|p1a: Great Tusk\n|-resisted|p1a: Great Tusk\n|-damage|p1a: Great Tusk|95\/100\n|inactive|goopypiggys has 120 seconds left.\n|\n|t:|1699735000\n|switch|p2a: Kyurem|Kyurem|100\/100|[from] U-turn\n|-ability|p2a: Kyurem|Pressure\n|\n|-heal|p1a: Great Tusk|100\/100|[from] Grassy Terrain\n|upkeep\n|turn|4\n|\n|t:|1699735011\n|switch|p2a: Gliscor|Gliscor, F|100\/100 tox\n|-end|p1a: Great Tusk|Protosynthesis|[silent]\n|switch|p1a: Heatran|Heatran, M|100\/100\n|\n|upkeep\n|turn|5\n|\n|t:|1699735022\n|switch|p1a: Scizor|Scizor, F|100\/100\n|move|p2a: Gliscor|Earthquake|p1a: Scizor\n|-damage|p1a: Scizor|87\/100\n|\n|-heal|p1a: Scizor|93\/100|[from] Grassy Terrain\n|-fieldend|move: Grassy Terrain\n|upkeep\n|turn|6\n|\n|t:|1699735029\n|detailschange|p1a: Scizor|Scizor-Mega, F\n|-mega|p1a: Scizor|Scizor|Scizorite\n|move|p2a: Gliscor|U-turn|p1a: Scizor\n|-resisted|p1a: Scizor\n|-damage|p1a: Scizor|89\/100\n|\n|t:|1699735035\n|switch|p2a: Heatran|Heatran, M|100\/100|[from] U-turn\n|move|p1a: Scizor|Swords Dance|p1a: Scizor\n|-boost|p1a: Scizor|atk|2\n|\n|upkeep\n|turn|7\n|\n|t:|1699735046\n|switch|p1a: Heatran|Heatran, M|100\/100\n|move|p2a: Heatran|Magma Storm|p1a: Heatran\n|-start|p1a: Heatran|ability: Flash Fire\n|\n|upkeep\n|turn|8\n|\n|t:|1699735053\n|-terastallize|p1a: Heatran|Grass\n|move|p1a: Heatran|Stealth Rock|p2a: Heatran\n|-sidestart|p2: goopypiggys|move: Stealth Rock\n|move|p2a: Heatran|Earth Power|p1a: Heatran\n|-resisted|p1a: Heatran\n|-damage|p1a: Heatran|92\/100\n|\n|-heal|p1a: Heatran|98\/100|[from] item: Leftovers\n|upkeep\n|turn|9\n|\n|t:|1699735060\n|move|p1a: Heatran|Earth Power|p2a: Heatran\n|-supereffective|p2a: Heatran\n|-damage|p2a: Heatran|39\/100\n|move|p2a: Heatran|Toxic|p1a: Heatran\n|-status|p1a: Heatran|tox\n|\n|-heal|p1a: Heatran|100\/100 tox|[from] item: Leftovers\n|-heal|p2a: Heatran|46\/100|[from] item: Leftovers\n|-damage|p1a: Heatran|94\/100 tox|[from] psn\n|upkeep\n|turn|10\n|\n|t:|1699735067\n|move|p1a: Heatran|Earth Power|p2a: Heatran\n|-supereffective|p2a: Heatran\n|-damage|p2a: Heatran|0 fnt\n|faint|p2a: Heatran\n|\n|-heal|p1a: Heatran|100\/100 tox|[from] item: Leftovers\n|-damage|p1a: Heatran|88\/100 tox|[from] psn\n|upkeep\n|\n|t:|1699735072\n|switch|p2a: Kyurem|Kyurem|100\/100\n|-damage|p2a: Kyurem|76\/100|[from] Stealth Rock\n|-ability|p2a: Kyurem|Pressure\n|turn|11\n|\n|t:|1699735083\n|-end|p1a: Heatran|ability: Flash Fire|[silent]\n|switch|p1a: Scizor|Scizor-Mega, F|89\/100\n|move|p2a: Kyurem|Freeze-Dry|p1a: Scizor\n|-resisted|p1a: Scizor\n|-damage|p1a: Scizor|65\/100\n|\n|upkeep\n|turn|12\n|\n|t:|1699735090\n|switch|p2a: Alomomola|Alomomola, F|100\/100\n|-damage|p2a: Alomomola|88\/100|[from] Stealth Rock\n|move|p1a: Scizor|Roost|p1a: Scizor\n|-heal|p1a: Scizor|100\/100\n|-singleturn|p1a: Scizor|move: Roost\n|\n|upkeep\n|turn|13\n|\n|t:|1699735095\n|move|p1a: Scizor|Swords Dance|p1a: Scizor\n|-boost|p1a: Scizor|atk|2\n|move|p2a: Alomomola|Flip Turn|p1a: Scizor\n|-damage|p1a: Scizor|90\/100\n|\n|t:|1699735098\n|switch|p2a: Urshifu|Urshifu-Rapid-Strike, M|100\/100|[from] Flip Turn\n|-damage|p2a: Urshifu|94\/100|[from] Stealth Rock\n|\n|upkeep\n|turn|14\n|\n|t:|1699735101\n|move|p2a: Urshifu|U-turn|p1a: Scizor\n|-resisted|p1a: Scizor\n|-damage|p1a: Scizor|82\/100\n|\n|t:|1699735104\n|switch|p2a: Alomomola|Alomomola, F|100\/100|[from] U-turn\n|-damage|p2a: Alomomola|88\/100|[from] Stealth Rock\n|move|p1a: Scizor|U-turn|p2a: Alomomola\n|-damage|p2a: Alomomola|51\/100\n|-damage|p1a: Scizor|66\/100|[from] item: Rocky Helmet|[of] p2a: Alomomola\n|\n|t:|1699735115\n|switch|p1a: Tapu Bulu|Tapu Bulu|84\/100|[from] U-turn\n|-fieldstart|move: Grassy Terrain|[from] ability: Grassy Surge|[of] p1a: Tapu Bulu\n|\n|-heal|p1a: Tapu Bulu|90\/100|[from] Grassy Terrain\n|-heal|p2a: Alomomola|57\/100|[from] Grassy Terrain\n|upkeep\n|turn|15\n|\n|t:|1699735144\n|switch|p2a: Slowking|Slowking-Galar, M|100\/100\n|move|p1a: Tapu Bulu|Horn Leech|p2a: Slowking\n|-resisted|p2a: Slowking\n|-damage|p2a: Slowking|72\/100\n|-heal|p1a: Tapu Bulu|100\/100|[from] drain|[of] p2a: Slowking\n|\n|-heal|p2a: Slowking|78\/100|[from] Grassy Terrain\n|upkeep\n|turn|16\n|\n|t:|1699735149\n|move|p1a: Tapu Bulu|High Horsepower|p2a: Slowking\n|-supereffective|p2a: Slowking\n|-damage|p2a: Slowking|4\/100\n|move|p2a: Slowking|Future Sight|p1a: Tapu Bulu\n|-start|p2a: Slowking|move: Future Sight\n|\n|-heal|p2a: Slowking|10\/100|[from] Grassy Terrain\n|upkeep\n|turn|17\n|\n|t:|1699735155\n|switch|p2a: Gliscor|Gliscor, F|100\/100 tox\n|-damage|p2a: Gliscor|88\/100 tox|[from] Stealth Rock\n|move|p1a: Tapu Bulu|Horn Leech|p2a: Gliscor\n|-damage|p2a: Gliscor|43\/100 tox\n|\n|-heal|p2a: Gliscor|55\/100 tox|[from] ability: Poison Heal\n|upkeep\n|turn|18\n|\n|t:|1699735168\n|move|p2a: Gliscor|Defog|p1a: Tapu Bulu\n|-unboost|p1a: Tapu Bulu|evasion|1\n|-sideend|p2: goopypiggys|Stealth Rock|[from] move: Defog|[of] p2a: Gliscor\n|-fieldend|move: Grassy Terrain\n|move|p1a: Tapu Bulu|Horn Leech|p2a: Gliscor\n|-damage|p2a: Gliscor|18\/100 tox\n|\n|-end|p1a: Tapu Bulu|move: Future Sight\n|-damage|p1a: Tapu Bulu|69\/100\n|-heal|p2a: Gliscor|31\/100 tox|[from] ability: Poison Heal\n|upkeep\n|turn|19\n|\n|t:|1699735172\n|move|p2a: Gliscor|U-turn|p1a: Tapu Bulu\n|-damage|p1a: Tapu Bulu|55\/100\n|\n|t:|1699735177\n|switch|p2a: Kyurem|Kyurem|76\/100|[from] U-turn\n|-ability|p2a: Kyurem|Pressure\n|move|p1a: Tapu Bulu|Horn Leech|p2a: Kyurem\n|-resisted|p2a: Kyurem\n|-damage|p2a: Kyurem|54\/100\n|-heal|p1a: Tapu Bulu|67\/100|[from] drain|[of] p2a: Kyurem\n|\n|upkeep\n|turn|20\n|\n|t:|1699735184\n|switch|p1a: Scizor|Scizor-Mega, F|66\/100\n|move|p2a: Kyurem|Ice Beam|p1a: Scizor\n|-resisted|p1a: Scizor\n|-damage|p1a: Scizor|38\/100\n|\n|upkeep\n|turn|21\n|\n|t:|1699735189\n|switch|p2a: Slowking|Slowking-Galar, M|44\/100\n|move|p1a: Scizor|Roost|p1a: Scizor\n|-heal|p1a: Scizor|88\/100\n|-singleturn|p1a: Scizor|move: Roost\n|\n|upkeep\n|turn|22\n|\n|t:|1699735193\n|switch|p2a: Alomomola|Alomomola, F|90\/100\n|move|p1a: Scizor|U-turn|p2a: Alomomola\n|-damage|p2a: Alomomola|71\/100\n|-damage|p1a: Scizor|71\/100|[from] item: Rocky Helmet|[of] p2a: Alomomola\n|\n|t:|1699735197\n|switch|p1a: Tapu Bulu|Tapu Bulu|67\/100|[from] U-turn\n|-fieldstart|move: Grassy Terrain|[from] ability: Grassy Surge|[of] p1a: Tapu Bulu\n|\n|-heal|p1a: Tapu Bulu|73\/100|[from] Grassy Terrain\n|-heal|p2a: Alomomola|78\/100|[from] Grassy Terrain\n|upkeep\n|turn|23\n|\n|t:|1699735204\n|move|p1a: Tapu Bulu|Horn Leech|p2a: Alomomola\n|-supereffective|p2a: Alomomola\n|-damage|p2a: Alomomola|12\/100\n|-heal|p1a: Tapu Bulu|100\/100|[from] drain|[of] p2a: Alomomola\n|-damage|p1a: Tapu Bulu|84\/100|[from] item: Rocky Helmet|[of] p2a: Alomomola\n|move|p2a: Alomomola|Flip Turn|p1a: Tapu Bulu\n|-resisted|p1a: Tapu Bulu\n|-damage|p1a: Tapu Bulu|77\/100\n|\n|t:|1699735206\n|switch|p2a: Slowking|Slowking-Galar, M|77\/100|[from] Flip Turn\n|\n|-heal|p1a: Tapu Bulu|83\/100|[from] Grassy Terrain\n|-heal|p2a: Slowking|83\/100|[from] Grassy Terrain\n|upkeep\n|turn|24\n|\n|t:|1699735212\n|move|p1a: Tapu Bulu|High Horsepower|p2a: Slowking\n|-supereffective|p2a: Slowking\n|-damage|p2a: Slowking|9\/100\n|move|p2a: Slowking|Sludge Bomb|p1a: Tapu Bulu\n|-supereffective|p1a: Tapu Bulu\n|-damage|p1a: Tapu Bulu|0 fnt\n|faint|p1a: Tapu Bulu\n|\n|-heal|p2a: Slowking|15\/100|[from] Grassy Terrain\n|upkeep\n|\n|t:|1699735225\n|switch|p1a: Great Tusk|Great Tusk|100\/100\n|turn|25\n|\n|t:|1699735231\n|switch|p2a: Gliscor|Gliscor, F|31\/100 tox\n|move|p1a: Great Tusk|Knock Off|p2a: Gliscor\n|-damage|p2a: Gliscor|5\/100 tox\n|-enditem|p2a: Gliscor|Toxic Orb|[from] move: Knock Off|[of] p1a: Great Tusk\n|\n|-heal|p2a: Gliscor|18\/100 tox|[from] ability: Poison Heal\n|upkeep\n|turn|26\n|\n|t:|1699735243\n|switch|p2a: Alomomola|Alomomola, F|46\/100\n|move|p1a: Great Tusk|Close Combat|p2a: Alomomola\n|-damage|p2a: Alomomola|13\/100\n|-unboost|p1a: Great Tusk|def|1\n|-unboost|p1a: Great Tusk|spd|1\n|-damage|p1a: Great Tusk|84\/100|[from] item: Rocky Helmet|[of] p2a: Alomomola\n|\n|-heal|p1a: Great Tusk|90\/100|[from] Grassy Terrain\n|-heal|p2a: Alomomola|19\/100|[from] Grassy Terrain\n|-fieldend|move: Grassy Terrain\n|upkeep\n|turn|27\n|\n|t:|1699735254\n|move|p2a: Alomomola|Protect|p2a: Alomomola\n|-singleturn|p2a: Alomomola|Protect\n|move|p1a: Great Tusk|Headlong Rush|p2a: Alomomola\n|-activate|p2a: Alomomola|move: Protect\n|\n|upkeep\n|turn|28\n|\n|t:|1699735261\n|switch|p2a: Gliscor|Gliscor, F|18\/100 tox\n|move|p1a: Great Tusk|Close Combat|p2a: Gliscor\n|-resisted|p2a: Gliscor\n|-damage|p2a: Gliscor|0 fnt\n|-unboost|p1a: Great Tusk|def|1\n|-unboost|p1a: Great Tusk|spd|1\n|faint|p2a: Gliscor\n|\n|upkeep\n|\n|t:|1699735263\n|switch|p2a: Kyurem|Kyurem|54\/100\n|-ability|p2a: Kyurem|Pressure\n|turn|29\n|\n|t:|1699735266\n|-end|p1a: Great Tusk|Protosynthesis|[silent]\n|switch|p1a: Scizor|Scizor-Mega, F|71\/100\n|move|p2a: Kyurem|Ice Beam|p1a: Scizor\n|-resisted|p1a: Scizor\n|-damage|p1a: Scizor|43\/100\n|\n|upkeep\n|turn|30\n|\n|t:|1699735271\n|switch|p2a: Alomomola|Alomomola, F|53\/100\n|move|p1a: Scizor|Swords Dance|p1a: Scizor\n|-boost|p1a: Scizor|atk|2\n|\n|upkeep\n|turn|31\n|\n|t:|1699735273\n|move|p1a: Scizor|U-turn|p2a: Alomomola\n|-damage|p2a: Alomomola|18\/100\n|-damage|p1a: Scizor|27\/100|[from] item: Rocky Helmet|[of] p2a: Alomomola\n|\n|t:|1699735277\n|switch|p1a: Volcanion|Volcanion|100\/100|[from] U-turn\n|move|p2a: Alomomola|Wish|p2a: Alomomola\n|\n|upkeep\n|turn|32\n|\n|t:|1699735283\n|move|p2a: Alomomola|Protect|p2a: Alomomola\n|-singleturn|p2a: Alomomola|Protect\n|move|p1a: Volcanion|Steam Eruption|p2a: Alomomola\n|-activate|p2a: Alomomola|move: Protect\n|\n|-heal|p2a: Alomomola|67\/100|[from] move: Wish|[wisher] Alomomola\n|upkeep\n|turn|33\n|\n|t:|1699735291\n|move|p1a: Volcanion|Earth Power|p2a: Alomomola\n|-damage|p2a: Alomomola|31\/100\n|move|p2a: Alomomola|Toxic|p1a: Volcanion\n|-status|p1a: Volcanion|tox\n|\n|-damage|p1a: Volcanion|95\/100 tox|[from] psn\n|upkeep\n|turn|34\n|\n|t:|1699735300\n|switch|p2a: Kyurem|Kyurem|54\/100\n|-ability|p2a: Kyurem|Pressure\n|move|p1a: Volcanion|Earth Power|p2a: Kyurem\n|-damage|p2a: Kyurem|26\/100\n|\n|-damage|p1a: Volcanion|83\/100 tox|[from] psn\n|upkeep\n|turn|35\n|\n|t:|1699735309\n|switch|p1a: Heatran|Heatran, M, tera:Grass|88\/100 tox\n|move|p2a: Kyurem|Draco Meteor|p1a: Heatran\n|-damage|p1a: Heatran|21\/100 tox\n|-unboost|p2a: Kyurem|spa|2\n|\n|-heal|p1a: Heatran|27\/100 tox|[from] item: Leftovers\n|-damage|p1a: Heatran|21\/100 tox|[from] psn\n|upkeep\n|turn|36\n|\n|t:|1699735315\n|move|p2a: Kyurem|Draco Meteor|p1a: Heatran\n|-damage|p1a: Heatran|0 fnt\n|-unboost|p2a: Kyurem|spa|2\n|faint|p1a: Heatran\n|\n|upkeep\n|\n|t:|1699735317\n|switch|p1a: Greninja|Greninja, M|100\/100\n|turn|37\n|\n|t:|1699735322\n|switch|p2a: Urshifu|Urshifu-Rapid-Strike, M|94\/100\n|-zpower|p1a: Greninja\n|move|p1a: Greninja|Hydro Vortex|p2a: Urshifu|[zeffect]\n|-resisted|p2a: Urshifu\n|-crit|p2a: Urshifu\n|-damage|p2a: Urshifu|0 fnt\n|faint|p2a: Urshifu\n|-ability|p1a: Greninja|Battle Bond|boost\n|-boost|p1a: Greninja|atk|1\n|-boost|p1a: Greninja|spa|1\n|-boost|p1a: Greninja|spe|1\n|-activate|p1a: Greninja|ability: Battle Bond\n|\n|upkeep\n|-message|goopypiggys forfeited.\n|\n|win|wobens613\n|raw|wobens613's rating: 1521 &rarr; <strong>1541<\/strong><br \/>(+20 for winning)\n|raw|goopypiggys's rating: 1519 &rarr; <strong>1499<\/strong><br \/>(-20 for losing)\n|l|\u2606goopypiggys\n","uploadtime":1699735335,"views":4,"p1id":"wobens613","p2id":"goopypiggys","formatid":"gen9nationaldex","rating":1499,"private":0,"password":""}