{"id":"gen9nationaldex-1995494728","p1":"IAmHooman","p2":"Amber-acid","format":"[Gen 9] National Dex","log":"|html|<div class=\"broadcast-blue\"><strong>[Gen 9] National Dex is currently suspecting Sneasler! For information on how to participate check out the <a href=\"https:\/\/www.smogon.com\/forums\/threads\/sv-national-dex-suspect-8-just-dance.3731534\/\">suspect thread<\/a>.<\/strong><\/div>\n|j|\u2606IAmHooman\n|j|\u2606Amber-acid\n|t:|1700576937\n|gametype|singles\n|player|p1|IAmHooman|nate|1284\n|player|p2|Amber-acid|101|1354\n|teamsize|p1|6\n|teamsize|p2|6\n|gen|9\n|tier|[Gen 9] National Dex\n|rated|\n|rule|HP Percentage Mod: HP is shown in percentages\n|rule|Endless Battle Clause: Forcing endless battles is banned\n|rule|OHKO Clause: OHKO moves are banned\n|rule|Evasion Clause: Evasion abilities, items, and moves are banned\n|rule|Evasion Abilities Clause: Evasion abilities are banned\n|rule|Evasion Items Clause: Evasion items are banned\n|rule|Evasion Moves Clause: Evasion moves are banned\n|rule|Species Clause: Limit one of each Pok\u00e9mon\n|rule|Sleep Clause Mod: Limit one foe put to sleep\n|clearpoke\n|poke|p1|Haxorus, F|\n|poke|p1|Milotic, F|\n|poke|p1|Banette, M|\n|poke|p1|Pikachu, F|\n|poke|p1|Porygon-Z|\n|poke|p1|Gigalith, F|\n|poke|p2|Pelipper, F|\n|poke|p2|Barraskewda, M|\n|poke|p2|Swampert, F|\n|poke|p2|Kingdra, M|\n|poke|p2|Zapdos|\n|poke|p2|Ferrothorn, F|\n|teampreview\n|\n|t:|1700576946\n|start\n|switch|p1a: Gigalith|Gigalith, F|100\/100\n|switch|p2a: Pelipper|Pelipper, F|100\/100\n|-weather|RainDance|[from] ability: Drizzle|[of] p2a: Pelipper\n|turn|1\n|\n|t:|1700576954\n|move|p2a: Pelipper|U-turn|p1a: Gigalith\n|-damage|p1a: Gigalith|95\/100\n|\n|t:|1700576959\n|switch|p2a: Swampert|Swampert, F|100\/100|[from] U-turn\n|move|p1a: Gigalith|Stealth Rock|p2a: Swampert\n|-sidestart|p2: Amber-acid|move: Stealth Rock\n|\n|-weather|RainDance|[upkeep]\n|upkeep\n|turn|2\n|\n|t:|1700576971\n|detailschange|p2a: Swampert|Swampert-Mega, F\n|-mega|p2a: Swampert|Swampert|Swampertite\n|move|p2a: Swampert|Earthquake|p1a: Gigalith\n|-supereffective|p1a: Gigalith\n|-damage|p1a: Gigalith|31\/100\n|move|p1a: Gigalith|Explosion|p2a: Swampert\n|-damage|p2a: Swampert|37\/100\n|faint|p1a: Gigalith\n|\n|-weather|RainDance|[upkeep]\n|upkeep\n|\n|t:|1700576995\n|switch|p1a: Banette|Banette, M|100\/100\n|-item|p2a: Swampert|Swampertite|[from] ability: Frisk|[of] p1a: Banette|[identify]\n|turn|3\n|l|\u2606IAmHooman\n|player|p1|\n|inactive|Battle timer is ON: inactive players will automatically lose when time's up. (requested by Amber-acid)\n|j|\u2606IAmHooman\n|inactive|IAmHooman reconnected and has 125 seconds left.\n|player|p1|IAmHooman|nate\n|inactive|IAmHooman has 120 seconds left.\n|\n|t:|1700577089\n|detailschange|p1a: Banette|Banette-Mega, M\n|-mega|p1a: Banette|Banette|Banettite\n|move|p1a: Banette|Will-O-Wisp|p2a: Swampert\n|-status|p2a: Swampert|brn\n|move|p2a: Swampert|Earthquake|p1a: Banette\n|-damage|p1a: Banette|65\/100\n|\n|-weather|RainDance|[upkeep]\n|-damage|p2a: Swampert|31\/100 brn|[from] brn\n|upkeep\n|turn|4\n|\n|t:|1700577103\n|move|p2a: Swampert|Liquidation|p1a: Banette\n|-damage|p1a: Banette|20\/100\n|move|p1a: Banette|Poltergeist|p2a: Swampert\n|-activate|p2a: Swampert|move: Poltergeist|Swampertite\n|-damage|p2a: Swampert|0 fnt\n|faint|p2a: Swampert\n|\n|-weather|RainDance|[upkeep]\n|upkeep\n|\n|t:|1700577112\n|switch|p2a: Ferrothorn|Ferrothorn, F|100\/100\n|-damage|p2a: Ferrothorn|94\/100|[from] Stealth Rock\n|turn|5\n|\n|t:|1700577124\n|move|p1a: Banette|Poltergeist|p2a: Ferrothorn\n|-activate|p2a: Ferrothorn|move: Poltergeist|Rocky Helmet\n|-damage|p2a: Ferrothorn|43\/100\n|move|p2a: Ferrothorn|Stealth Rock|p1a: Banette\n|-sidestart|p1: IAmHooman|move: Stealth Rock\n|\n|-weather|RainDance|[upkeep]\n|upkeep\n|turn|6\n|\n|t:|1700577133\n|move|p1a: Banette|Poltergeist|p2a: Ferrothorn\n|-activate|p2a: Ferrothorn|move: Poltergeist|Rocky Helmet\n|-damage|p2a: Ferrothorn|0 fnt\n|faint|p2a: Ferrothorn\n|\n|-weather|RainDance|[upkeep]\n|upkeep\n|\n|t:|1700577139\n|switch|p2a: Barraskewda|Barraskewda, M, shiny|100\/100\n|-damage|p2a: Barraskewda|88\/100|[from] Stealth Rock\n|turn|7\n|\n|t:|1700577146\n|-terastallize|p2a: Barraskewda|Water\n|move|p2a: Barraskewda|Aqua Jet|p1a: Banette\n|-damage|p1a: Banette|0 fnt\n|faint|p1a: Banette\n|\n|-weather|RainDance|[upkeep]\n|upkeep\n|\n|t:|1700577154\n|switch|p1a: Pikachu|Pikachu, F|100\/100\n|-damage|p1a: Pikachu|88\/100|[from] Stealth Rock\n|turn|8\n|\n|t:|1700577163\n|move|p1a: Pikachu|Fake Out|p2a: Barraskewda\n|-crit|p2a: Barraskewda\n|-damage|p2a: Barraskewda|55\/100\n|cant|p2a: Barraskewda|flinch\n|\n|-weather|none\n|upkeep\n|turn|9\n|\n|t:|1700577171\n|switch|p2a: Pelipper|Pelipper, F|100\/100\n|-damage|p2a: Pelipper|76\/100|[from] Stealth Rock\n|-weather|RainDance|[from] ability: Drizzle|[of] p2a: Pelipper\n|move|p1a: Pikachu|Thunderbolt|p2a: Pelipper\n|-supereffective|p2a: Pelipper\n|-damage|p2a: Pelipper|0 fnt\n|faint|p2a: Pelipper\n|\n|-weather|RainDance|[upkeep]\n|upkeep\n|\n|t:|1700577180\n|switch|p2a: Barraskewda|Barraskewda, M, shiny, tera:Water|55\/100\n|-damage|p2a: Barraskewda|43\/100|[from] Stealth Rock\n|turn|10\n|\n|t:|1700577186\n|switch|p1a: Milotic|Milotic, F, shiny|100\/100\n|-damage|p1a: Milotic|88\/100|[from] Stealth Rock\n|move|p2a: Barraskewda|Liquidation|p1a: Milotic\n|-resisted|p1a: Milotic\n|-damage|p1a: Milotic|24\/100\n|\n|-weather|RainDance|[upkeep]\n|-status|p1a: Milotic|brn|[from] item: Flame Orb\n|upkeep\n|turn|11\n|\n|t:|1700577198\n|move|p2a: Barraskewda|Liquidation|p1a: Milotic\n|-resisted|p1a: Milotic\n|-damage|p1a: Milotic|0 fnt\n|faint|p1a: Milotic\n|\n|-weather|RainDance|[upkeep]\n|upkeep\n|\n|t:|1700577205\n|switch|p1a: Pikachu|Pikachu, F|88\/100\n|-damage|p1a: Pikachu|76\/100|[from] Stealth Rock\n|turn|12\n|\n|t:|1700577211\n|switch|p2a: Kingdra|Kingdra, M|100\/100\n|-damage|p2a: Kingdra|88\/100|[from] Stealth Rock\n|move|p1a: Pikachu|Fake Out|p2a: Kingdra\n|-damage|p2a: Kingdra|76\/100\n|\n|-weather|RainDance|[upkeep]\n|upkeep\n|turn|13\n|\n|t:|1700577226\n|move|p2a: Kingdra|Ice Beam|p1a: Pikachu\n|-damage|p1a: Pikachu|0 fnt\n|faint|p1a: Pikachu\n|\n|-weather|RainDance|[upkeep]\n|upkeep\n|\n|t:|1700577233\n|switch|p1a: Haxorus|Haxorus, F, shiny|100\/100\n|-damage|p1a: Haxorus|88\/100|[from] Stealth Rock\n|-ability|p1a: Haxorus|Mold Breaker\n|turn|14\n|\n|t:|1700577240\n|-terastallize|p1a: Haxorus|Steel\n|move|p2a: Kingdra|Ice Beam|p1a: Haxorus\n|-resisted|p1a: Haxorus\n|-damage|p1a: Haxorus|61\/100\n|-status|p1a: Haxorus|frz\n|cant|p1a: Haxorus|frz\n|\n|-weather|RainDance|[upkeep]\n|upkeep\n|turn|15\n|\n|t:|1700577251\n|switch|p2a: Barraskewda|Barraskewda, M, shiny, tera:Water|43\/100\n|-damage|p2a: Barraskewda|30\/100|[from] Stealth Rock\n|cant|p1a: Haxorus|frz\n|\n|-weather|RainDance|[upkeep]\n|upkeep\n|turn|16\n|\n|t:|1700577258\n|move|p2a: Barraskewda|Liquidation|p1a: Haxorus\n|-damage|p1a: Haxorus|0 fnt\n|faint|p1a: Haxorus\n|\n|-weather|none\n|upkeep\n|\n|t:|1700577264\n|switch|p1a: Porygon-Z|Porygon-Z|100\/100\n|-damage|p1a: Porygon-Z|88\/100|[from] Stealth Rock\n|turn|17\n|\n|t:|1700577273\n|move|p2a: Barraskewda|Liquidation|p1a: Porygon-Z\n|-damage|p1a: Porygon-Z|0 fnt\n|faint|p1a: Porygon-Z\n|\n|win|Amber-acid\n|raw|IAmHooman's rating: 1284 &rarr; <strong>1264<\/strong><br \/>(-20 for losing)\n|raw|Amber-acid's rating: 1354 &rarr; <strong>1370<\/strong><br \/>(+16 for winning)\n","uploadtime":1700577280,"views":5,"p1id":"iamhooman","p2id":"amberacid","formatid":"gen9nationaldex","rating":1264,"private":0,"password":""}