{"id":"gen9nationaldex-1988865122","p1":"zhuandayoudou","p2":"dadi02","format":"[Gen 9] National Dex","log":"|j|\u2606zhuandayoudou\n|j|\u2606dadi02\n|t:|1699776669\n|gametype|singles\n|player|p1|zhuandayoudou|266|1489\n|player|p2|dadi02|guitarist|1374\n|teamsize|p1|6\n|teamsize|p2|6\n|gen|9\n|tier|[Gen 9] National Dex\n|rated|\n|rule|HP Percentage Mod: HP is shown in percentages\n|rule|Endless Battle Clause: Forcing endless battles is banned\n|rule|OHKO Clause: OHKO moves are banned\n|rule|Evasion Clause: Evasion abilities, items, and moves are banned\n|rule|Evasion Abilities Clause: Evasion abilities are banned\n|rule|Evasion Items Clause: Evasion items are banned\n|rule|Evasion Moves Clause: Evasion moves are banned\n|rule|Species Clause: Limit one of each Pok\u00e9mon\n|rule|Sleep Clause Mod: Limit one foe put to sleep\n|clearpoke\n|poke|p1|Banette, F|\n|poke|p1|Alomomola, F|\n|poke|p1|Landorus-Therian, M|\n|poke|p1|Heatran, M|\n|poke|p1|Garchomp, F|\n|poke|p1|Urshifu-*, F|\n|poke|p2|Pelipper, M|\n|poke|p2|Barraskewda, M|\n|poke|p2|Tapu Lele|\n|poke|p2|Swampert, M|\n|poke|p2|Moltres|\n|poke|p2|Urshifu-*, F|\n|teampreview\n|\n|t:|1699776679\n|start\n|switch|p1a: Alomomola|Alomomola, F, shiny|100\/100\n|switch|p2a: Tapu Lele|Tapu Lele|100\/100\n|-fieldstart|move: Psychic Terrain|[from] ability: Psychic Surge|[of] p2a: Tapu Lele\n|turn|1\n|\n|t:|1699776687\n|-terastallize|p2a: Tapu Lele|Psychic\n|move|p1a: Alomomola|Protect|p1a: Alomomola\n|-singleturn|p1a: Alomomola|Protect\n|move|p2a: Tapu Lele|Psychic|p1a: Alomomola\n|-activate|p1a: Alomomola|move: Protect\n|\n|upkeep\n|turn|2\n|\n|t:|1699776694\n|switch|p1a: Heatran|Heatran, M|100\/100\n|move|p2a: Tapu Lele|Psychic|p1a: Heatran\n|-resisted|p1a: Heatran\n|-damage|p1a: Heatran|60\/100\n|\n|-heal|p1a: Heatran|66\/100|[from] item: Leftovers\n|upkeep\n|turn|3\n|\n|t:|1699776704\n|switch|p2a: Pelipper|Pelipper, M|100\/100\n|-weather|RainDance|[from] ability: Drizzle|[of] p2a: Pelipper\n|move|p1a: Heatran|Toxic|p2a: Pelipper\n|-status|p2a: Pelipper|tox\n|\n|-weather|RainDance|[upkeep]\n|-heal|p1a: Heatran|73\/100|[from] item: Leftovers\n|-damage|p2a: Pelipper|94\/100 tox|[from] psn\n|upkeep\n|turn|4\n|\n|t:|1699776715\n|move|p1a: Heatran|Protect|p1a: Heatran\n|-singleturn|p1a: Heatran|Protect\n|move|p2a: Pelipper|Hurricane|p1a: Heatran\n|-activate|p1a: Heatran|move: Protect\n|\n|-weather|RainDance|[upkeep]\n|-heal|p1a: Heatran|79\/100|[from] item: Leftovers\n|-damage|p2a: Pelipper|82\/100 tox|[from] psn\n|upkeep\n|turn|5\n|\n|t:|1699776724\n|move|p1a: Heatran|Magma Storm|p2a: Pelipper\n|-resisted|p2a: Pelipper\n|-damage|p2a: Pelipper|68\/100 tox\n|-activate|p2a: Pelipper|move: Magma Storm|[of] p1a: Heatran\n|move|p2a: Pelipper|Hurricane|p1a: Heatran\n|-resisted|p1a: Heatran\n|-damage|p1a: Heatran|67\/100\n|-start|p1a: Heatran|confusion\n|\n|-weather|RainDance|[upkeep]\n|-heal|p1a: Heatran|73\/100|[from] item: Leftovers\n|-damage|p2a: Pelipper|49\/100 tox|[from] psn\n|-damage|p2a: Pelipper|37\/100 tox|[from] move: Magma Storm|[partiallytrapped]\n|-fieldend|move: Psychic Terrain\n|upkeep\n|turn|6\n|\n|t:|1699776738\n|-activate|p1a: Heatran|confusion\n|-damage|p1a: Heatran|68\/100|[from] confusion\n|move|p2a: Pelipper|U-turn|p1a: Heatran\n|-resisted|p1a: Heatran\n|-damage|p1a: Heatran|66\/100\n|\n|t:|1699776744\n|switch|p2a: Swampert|Swampert, M|100\/100|[from] U-turn\n|\n|-weather|RainDance|[upkeep]\n|-heal|p1a: Heatran|72\/100|[from] item: Leftovers\n|upkeep\n|turn|7\n|\n|t:|1699776751\n|switch|p1a: Alomomola|Alomomola, F, shiny|100\/100\n|detailschange|p2a: Swampert|Swampert-Mega, M\n|-mega|p2a: Swampert|Swampert|Swampertite\n|move|p2a: Swampert|Substitute|p2a: Swampert\n|-start|p2a: Swampert|Substitute\n|-damage|p2a: Swampert|76\/100\n|\n|-weather|RainDance|[upkeep]\n|upkeep\n|turn|8\n|\n|t:|1699776759\n|move|p2a: Swampert|Bulk Up|p2a: Swampert\n|-boost|p2a: Swampert|atk|1\n|-boost|p2a: Swampert|def|1\n|move|p1a: Alomomola|Flip Turn|p2a: Swampert\n|-crit|p2a: Swampert\n|-end|p2a: Swampert|Substitute\n|\n|t:|1699776770\n|switch|p1a: Banette|Banette, F|100\/100|[from] Flip Turn\n|-item|p2a: Swampert|Swampertite|[from] ability: Frisk|[of] p1a: Banette|[identify]\n|\n|-weather|RainDance|[upkeep]\n|upkeep\n|turn|9\n|\n|t:|1699776780\n|detailschange|p1a: Banette|Banette-Mega, F\n|-mega|p1a: Banette|Banette|Banettite\n|move|p1a: Banette|Encore|p2a: Swampert\n|-start|p2a: Swampert|Encore\n|move|p2a: Swampert|Bulk Up|p2a: Swampert\n|-boost|p2a: Swampert|atk|1\n|-boost|p2a: Swampert|def|1\n|\n|-weather|RainDance|[upkeep]\n|upkeep\n|turn|10\n|\n|t:|1699776799\n|switch|p2a: Urshifu|Urshifu-Rapid-Strike, F|100\/100\n|move|p1a: Banette|Infestation|p2a: Urshifu\n|-resisted|p2a: Urshifu\n|-damage|p2a: Urshifu|98\/100\n|-activate|p2a: Urshifu|move: Infestation|[of] p1a: Banette\n|\n|-weather|none\n|-damage|p2a: Urshifu|85\/100|[from] move: Infestation|[partiallytrapped]\n|upkeep\n|turn|11\n|\n|t:|1699776811\n|switch|p1a: Alomomola|Alomomola, F, shiny|100\/100\n|move|p2a: Urshifu|Surging Strikes|p1a: Alomomola\n|-resisted|p1a: Alomomola\n|-crit|p1a: Alomomola\n|-damage|p1a: Alomomola|95\/100\n|-resisted|p1a: Alomomola\n|-crit|p1a: Alomomola\n|-damage|p1a: Alomomola|90\/100\n|-resisted|p1a: Alomomola\n|-crit|p1a: Alomomola\n|-damage|p1a: Alomomola|84\/100\n|-hitcount|p1a: Alomomola|3\n|\n|-end|p2a: Urshifu|Infestation|[partiallytrapped]|[silent]\n|upkeep\n|turn|12\n|\n|t:|1699776823\n|switch|p2a: Tapu Lele|Tapu Lele, tera:Psychic|100\/100\n|-fieldstart|move: Psychic Terrain|[from] ability: Psychic Surge|[of] p2a: Tapu Lele\n|move|p1a: Alomomola|Flip Turn|p2a: Tapu Lele\n|-damage|p2a: Tapu Lele|76\/100\n|\n|t:|1699776834\n|switch|p1a: Urshifu|Urshifu-Rapid-Strike, F|100\/100|[from] Flip Turn\n|\n|upkeep\n|turn|13\n|\n|t:|1699776843\n|-terastallize|p1a: Urshifu|Water\n|move|p1a: Urshifu|Surging Strikes|p2a: Tapu Lele\n|-crit|p2a: Tapu Lele\n|-damage|p2a: Tapu Lele|33\/100\n|-crit|p2a: Tapu Lele\n|-damage|p2a: Tapu Lele|0 fnt\n|faint|p2a: Tapu Lele\n|-hitcount|p2: Tapu Lele|2\n|\n|upkeep\n|\n|t:|1699776856\n|switch|p2a: Swampert|Swampert-Mega, M|76\/100\n|turn|14\n|\n|t:|1699776872\n|switch|p1a: Landorus|Landorus-Therian, M|100\/100\n|-ability|p1a: Landorus|Intimidate|boost\n|-unboost|p2a: Swampert|atk|1\n|move|p2a: Swampert|Liquidation|p1a: Landorus\n|-supereffective|p1a: Landorus\n|-damage|p1a: Landorus|13\/100\n|\n|upkeep\n|turn|15\n|inactive|Battle timer is ON: inactive players will automatically lose when time's up. (requested by zhuandayoudou)\n|\n|t:|1699776880\n|-zpower|p1a: Landorus\n|move|p1a: Landorus|Supersonic Skystrike|p2a: Swampert|[zeffect]\n|-damage|p2a: Swampert|0 fnt\n|faint|p2a: Swampert\n|\n|upkeep\n|\n|t:|1699776891\n|switch|p2a: Urshifu|Urshifu-Rapid-Strike, F|85\/100\n|turn|16\n|\n|t:|1699776900\n|move|p2a: Urshifu|Close Combat|p1a: Landorus\n|-resisted|p1a: Landorus\n|-damage|p1a: Landorus|0 fnt\n|-unboost|p2a: Urshifu|def|1\n|-unboost|p2a: Urshifu|spd|1\n|faint|p1a: Landorus\n|\n|-fieldend|move: Psychic Terrain\n|upkeep\n|\n|t:|1699776916\n|switch|p1a: Alomomola|Alomomola, F, shiny|100\/100\n|turn|17\n|\n|t:|1699776923\n|move|p2a: Urshifu|Close Combat|p1a: Alomomola\n|-damage|p1a: Alomomola|67\/100\n|-unboost|p2a: Urshifu|def|1\n|-unboost|p2a: Urshifu|spd|1\n|move|p1a: Alomomola|Toxic|p2a: Urshifu\n|-status|p2a: Urshifu|tox\n|\n|-damage|p2a: Urshifu|79\/100 tox|[from] psn\n|upkeep\n|turn|18\n|inactive|dadi02 has 120 seconds left.\n|\n|t:|1699776964\n|switch|p2a: Barraskewda|Barraskewda, M, shiny|100\/100\n|move|p1a: Alomomola|Wish|p1a: Alomomola\n|\n|upkeep\n|turn|19\n|\n|t:|1699776973\n|move|p2a: Barraskewda|Close Combat|p1a: Alomomola\n|-damage|p1a: Alomomola|33\/100\n|-unboost|p2a: Barraskewda|def|1\n|-unboost|p2a: Barraskewda|spd|1\n|move|p1a: Alomomola|Toxic|p2a: Barraskewda\n|-status|p2a: Barraskewda|tox\n|\n|-heal|p1a: Alomomola|83\/100|[from] move: Wish|[wisher] Alomomola\n|-damage|p2a: Barraskewda|94\/100 tox|[from] psn\n|upkeep\n|turn|20\n|inactive|dadi02 has 120 seconds left.\n|\n|t:|1699776998\n|move|p2a: Barraskewda|Close Combat|p1a: Alomomola\n|-damage|p1a: Alomomola|47\/100\n|-unboost|p2a: Barraskewda|def|1\n|-unboost|p2a: Barraskewda|spd|1\n|move|p1a: Alomomola|Wish|p1a: Alomomola\n|\n|-damage|p2a: Barraskewda|82\/100 tox|[from] psn\n|upkeep\n|turn|21\n|inactive|dadi02 has 90 seconds left.\n|inactive|dadi02 has 60 seconds left.\n|inactive|dadi02 has 30 seconds left.\n|inactive|dadi02 has 20 seconds left.\n|inactive|dadi02 has 15 seconds left.\n|inactive|dadi02 has 10 seconds left.\n|inactive|dadi02 has 5 seconds left.\n|-message|dadi02 lost due to inactivity.\n|\n|win|zhuandayoudou\n|raw|zhuandayoudou's rating: 1489 &rarr; <strong>1503<\/strong><br \/>(+14 for winning)\n|raw|dadi02's rating: 1374 &rarr; <strong>1360<\/strong><br \/>(-14 for losing)\n|l|\u2606zhuandayoudou\n","uploadtime":1699777115,"views":4,"p1id":"zhuandayoudou","p2id":"dadi02","formatid":"gen9nationaldex","rating":1360,"private":0,"password":""}