{"id":"gen9nationaldex-1995556974","p1":"SNAK30PRA","p2":"NWAlfie","format":"[Gen 9] National Dex","log":"|j|\u2606SNAK30PRA\n|j|\u2606NWAlfie\n|inactive|Battle timer is ON: inactive players will automatically lose when time's up.\n|t:|1700582634\n|gametype|singles\n|player|p1|SNAK30PRA|proton|\n|player|p2|NWAlfie|silver-masters|\n|teamsize|p1|6\n|teamsize|p2|6\n|gen|9\n|tier|[Gen 9] National Dex\n|rated|Tournament battle\n|rule|HP Percentage Mod: HP is shown in percentages\n|rule|Endless Battle Clause: Forcing endless battles is banned\n|rule|OHKO Clause: OHKO moves are banned\n|rule|Evasion Clause: Evasion abilities, items, and moves are banned\n|rule|Evasion Abilities Clause: Evasion abilities are banned\n|rule|Evasion Items Clause: Evasion items are banned\n|rule|Evasion Moves Clause: Evasion moves are banned\n|rule|Species Clause: Limit one of each Pok\u00e9mon\n|rule|Sleep Clause Mod: Limit one foe put to sleep\n|rule|Terastal Clause: You cannot Terastallize\n|clearpoke\n|poke|p1|Shuckle, M|\n|poke|p1|Samurott-Hisui, F|\n|poke|p1|Serperior, M|\n|poke|p1|Manaphy|\n|poke|p1|Charizard, F|\n|poke|p1|Thundurus, M|\n|poke|p2|Diancie|\n|poke|p2|Aggron, M|\n|poke|p2|Hawlucha, F|\n|poke|p2|Bisharp, M|\n|poke|p2|Victini|\n|poke|p2|Zamazenta-*|\n|teampreview\n|inactive|NWAlfie also wants the timer to be on.\n|j| Kybushi+\n|\n|t:|1700582644\n|start\n|switch|p1a: Grass Shuckle|Serperior, M, shiny|100\/100\n|switch|p2a: Aggron|Aggron, M|100\/100\n|turn|1\n|c| Kybushi+|Would you lose?\n|\n|t:|1700582650\n|move|p1a: Grass Shuckle|Substitute|p1a: Grass Shuckle\n|-start|p1a: Grass Shuckle|Substitute\n|-damage|p1a: Grass Shuckle|76\/100\n|move|p2a: Aggron|Metal Burst||[still]\n|-fail|p2a: Aggron\n|\n|-heal|p1a: Grass Shuckle|82\/100|[from] item: Leftovers\n|upkeep\n|turn|2\n|\n|t:|1700582656\n|switch|p2a: Hawlucha|Hawlucha, F|100\/100\n|move|p1a: Grass Shuckle|Leaf Storm|p2a: Hawlucha|[miss]\n|-miss|p1a: Grass Shuckle|p2a: Hawlucha\n|\n|-heal|p1a: Grass Shuckle|88\/100|[from] item: Leftovers\n|upkeep\n|turn|3\n|c|\u2606SNAK30PRA|:shrug:\n|\n|t:|1700582663\n|move|p2a: Hawlucha|Substitute|p2a: Hawlucha\n|-start|p2a: Hawlucha|Substitute\n|-damage|p2a: Hawlucha|76\/100\n|move|p1a: Grass Shuckle|Glare||[still]\n|-fail|p1a: Grass Shuckle\n|\n|-heal|p1a: Grass Shuckle|94\/100|[from] item: Leftovers\n|upkeep\n|turn|4\n|\n|t:|1700582668\n|move|p2a: Hawlucha|Acrobatics|p1a: Grass Shuckle\n|-supereffective|p1a: Grass Shuckle\n|-end|p1a: Grass Shuckle|Substitute\n|move|p1a: Grass Shuckle|Leaf Storm|p2a: Hawlucha|[miss]\n|-miss|p1a: Grass Shuckle|p2a: Hawlucha\n|\n|-heal|p1a: Grass Shuckle|100\/100|[from] item: Leftovers\n|upkeep\n|turn|5\n|c| Kybushi+|metal burst\n|c| Kybushi+|wth\n|\n|t:|1700582680\n|switch|p1a: Shuckle|Shuckle, M|100\/100\n|move|p2a: Hawlucha|Acrobatics|p1a: Shuckle\n|-damage|p1a: Shuckle|88\/100\n|\n|upkeep\n|turn|6\n|\n|t:|1700582690\n|switch|p2a: Victini|Victini|100\/100\n|move|p1a: Shuckle|Sticky Web|p2a: Victini\n|-sidestart|p2: NWAlfie|move: Sticky Web\n|\n|upkeep\n|turn|7\n|c|\u2606SNAK30PRA|wth i missed all my leaf storms\n|\n|t:|1700582699\n|move|p2a: Victini|Trick|p1a: Shuckle\n|-activate|p2a: Victini|move: Trick|[of] p1a: Shuckle\n|-item|p1a: Shuckle|Choice Scarf|[from] move: Trick\n|-item|p2a: Victini|Mental Herb|[from] move: Trick\n|move|p1a: Shuckle|Stealth Rock|p2a: Victini\n|-sidestart|p2: NWAlfie|move: Stealth Rock\n|\n|upkeep\n|turn|8\n|c| Kybushi+|its kind of like a hybrid mirror coat and counter\n|c| Kybushi+|but worst\n|c| Kybushi+|whoaww\n|\n|t:|1700582710\n|switch|p1a: Water Shuckle|Manaphy|100\/100\n|move|p2a: Victini|Final Gambit|p1a: Water Shuckle\n|-damage|p1a: Water Shuckle|0 fnt\n|faint|p2a: Victini\n|faint|p1a: Water Shuckle\n|\n|upkeep\n|\n|t:|1700582730\n|switch|p2a: Hawlucha|Hawlucha, F|76\/100\n|switch|p1a: Electric Shuckle|Thundurus, M|100\/100\n|-damage|p2a: Hawlucha|63\/100|[from] Stealth Rock\n|turn|9\n|c| Kybushi+|holy crap\n|\n|t:|1700582743\n|switch|p2a: Diancie|Diancie|100\/100\n|-activate|p2a: Diancie|move: Sticky Web\n|-fail|p2a: Diancie|unboost|[from] ability: Clear Body|[of] p2a: Diancie\n|-damage|p2a: Diancie|88\/100|[from] Stealth Rock\n|move|p1a: Electric Shuckle|Thunderbolt|p2a: Diancie\n|-damage|p2a: Diancie|43\/100\n|\n|upkeep\n|turn|10\n|c| Kybushi+|is that sneasler lite\n|\n|t:|1700582752\n|detailschange|p2a: Diancie|Diancie-Mega\n|-mega|p2a: Diancie|Diancie|Diancite\n|move|p1a: Electric Shuckle|Thunderbolt|p2a: Diancie\n|-damage|p2a: Diancie|0 fnt\n|faint|p2a: Diancie\n|\n|upkeep\n|\n|t:|1700582756\n|switch|p2a: Aggron|Aggron, M|100\/100\n|-activate|p2a: Aggron|move: Sticky Web\n|-unboost|p2a: Aggron|spe|1\n|-damage|p2a: Aggron|94\/100|[from] Stealth Rock\n|turn|11\n|\n|t:|1700582760\n|-zpower|p1a: Electric Shuckle\n|move|p1a: Electric Shuckle|All-Out Pummeling|p2a: Aggron|[zeffect]\n|-supereffective|p2a: Aggron\n|-damage|p2a: Aggron|0 fnt\n|faint|p2a: Aggron\n|\n|upkeep\n|\n|t:|1700582772\n|switch|p2a: Bisharp|Bisharp, M|100\/100\n|-activate|p2a: Bisharp|move: Sticky Web\n|-unboost|p2a: Bisharp|spe|1\n|-ability|p2a: Bisharp|Defiant|boost\n|-boost|p2a: Bisharp|atk|2\n|-damage|p2a: Bisharp|94\/100|[from] Stealth Rock\n|turn|12\n|\n|t:|1700582783\n|move|p1a: Electric Shuckle|Focus Blast|p2a: Bisharp\n|-supereffective|p2a: Bisharp\n|-damage|p2a: Bisharp|0 fnt\n|faint|p2a: Bisharp\n|\n|upkeep\n|\n|t:|1700582789\n|switch|p2a: Hawlucha|Hawlucha, F|63\/100\n|-damage|p2a: Hawlucha|51\/100|[from] Stealth Rock\n|turn|13\n|\n|t:|1700582793\n|move|p2a: Hawlucha|Substitute|p2a: Hawlucha\n|-start|p2a: Hawlucha|Substitute\n|-damage|p2a: Hawlucha|26\/100\n|move|p1a: Electric Shuckle|Thunderbolt|p2a: Hawlucha\n|-supereffective|p2a: Hawlucha\n|-end|p2a: Hawlucha|Substitute\n|\n|upkeep\n|turn|14\n|\n|t:|1700582799\n|move|p2a: Hawlucha|Substitute|p2a: Hawlucha\n|-start|p2a: Hawlucha|Substitute\n|-damage|p2a: Hawlucha|1\/100\n|-enditem|p2a: Hawlucha|Liechi Berry|[eat]\n|-boost|p2a: Hawlucha|atk|1|[from] item: Liechi Berry\n|move|p1a: Electric Shuckle|Thunderbolt|p2a: Hawlucha\n|-supereffective|p2a: Hawlucha\n|-end|p2a: Hawlucha|Substitute\n|\n|upkeep\n|turn|15\n|\n|t:|1700582804\n|move|p2a: Hawlucha|Endeavor|p1a: Electric Shuckle\n|-damage|p1a: Electric Shuckle|1\/100\n|move|p1a: Electric Shuckle|Thunderbolt|p2a: Hawlucha\n|-supereffective|p2a: Hawlucha\n|-damage|p2a: Hawlucha|0 fnt\n|faint|p2a: Hawlucha\n|\n|upkeep\n|\n|t:|1700582808\n|switch|p2a: Zamazenta|Zamazenta|100\/100\n|-activate|p2a: Zamazenta|move: Sticky Web\n|-unboost|p2a: Zamazenta|spe|1\n|-damage|p2a: Zamazenta|94\/100|[from] Stealth Rock\n|-ability|p2a: Zamazenta|Dauntless Shield|boost\n|-boost|p2a: Zamazenta|def|1\n|turn|16\n|\n|t:|1700582813\n|move|p1a: Electric Shuckle|Thunderbolt|p2a: Zamazenta\n|-damage|p2a: Zamazenta|51\/100\n|move|p2a: Zamazenta|Body Press|p1a: Electric Shuckle\n|-resisted|p1a: Electric Shuckle\n|-damage|p1a: Electric Shuckle|0 fnt\n|faint|p1a: Electric Shuckle\n|\n|upkeep\n|\n|t:|1700582819\n|switch|p1a: Shuckle|Shuckle, M|88\/100\n|turn|17\n|\n|t:|1700582822\n|move|p2a: Zamazenta|Iron Defense|p2a: Zamazenta\n|-boost|p2a: Zamazenta|def|2\n|move|p1a: Shuckle|Final Gambit|p2a: Zamazenta\n|-damage|p2a: Zamazenta|0 fnt\n|faint|p1a: Shuckle\n|faint|p2a: Zamazenta\n|\n|win|SNAK30PRA\n|n|\u2606SNAK30PRA|snak30pra\n|n|\u2606NWAlfie|nwalfie\n|n| Kybushi+|kybushi\n","uploadtime":1700582823,"views":0,"p1id":"snak30pra","p2id":"nwalfie","formatid":"gen9nationaldex","rating":0,"private":0,"password":""}