{"id":"gen9nationaldex-1989306486","p1":"I am Useless Meta","p2":"devious fearvg","format":"[Gen 9] National Dex","log":"|j|\u2606I am Useless Meta\n|j|\u2606devious fearvg\n|t:|1699834376\n|gametype|singles\n|player|p1|I am Useless Meta|kieran-festival|\n|player|p2|devious fearvg|alec-anime|\n|teamsize|p1|6\n|teamsize|p2|6\n|gen|9\n|tier|[Gen 9] National Dex\n|rule|HP Percentage Mod: HP is shown in percentages\n|rule|Endless Battle Clause: Forcing endless battles is banned\n|rule|OHKO Clause: OHKO moves are banned\n|rule|Evasion Clause: Evasion abilities, items, and moves are banned\n|rule|Evasion Abilities Clause: Evasion abilities are banned\n|rule|Evasion Items Clause: Evasion items are banned\n|rule|Evasion Moves Clause: Evasion moves are banned\n|rule|Species Clause: Limit one of each Pok\u00e9mon\n|rule|Sleep Clause Mod: Limit one foe put to sleep\n|clearpoke\n|poke|p1|Celesteela|\n|poke|p1|Hariyama, F|\n|poke|p1|Altaria, M|\n|poke|p1|Toxtricity, F|\n|poke|p1|Crawdaunt, M|\n|poke|p1|Jynx, F|\n|poke|p2|Manaphy|\n|poke|p2|Skeledirge, M|\n|poke|p2|Iron Treads|\n|poke|p2|Pidgeot, F|\n|poke|p2|Gallade, M|\n|poke|p2|Sableye, F|\n|teampreview\n|inactive|Battle timer is ON: inactive players will automatically lose when time's up. (requested by I am Useless Meta)\n|c|\u2606I am Useless Meta|glhf\n|c|\u2606I am Useless Meta|1-1\n|c|\u2606devious fearvg|last round\n|c|\u2606I am Useless Meta|yup\n|c|\u2606devious fearvg|have fun\n|c|\u2606I am Useless Meta|give it your all\n|c|\u2606devious fearvg|will try\n|inactive|I am Useless Meta has 270 seconds left.\n|inactive|devious fearvg has 270 seconds left.\n|\n|t:|1699834425\n|start\n|switch|p1a: Toxtricity|Toxtricity, F|100\/100\n|switch|p2a: Iron Treads|Iron Treads|100\/100\n|turn|1\n|\n|t:|1699834433\n|switch|p1a: Celesteela|Celesteela|100\/100\n|move|p2a: Iron Treads|Knock Off|p1a: Celesteela\n|-damage|p1a: Celesteela|82\/100\n|-enditem|p1a: Celesteela|Leftovers|[from] move: Knock Off|[of] p2a: Iron Treads\n|\n|upkeep\n|turn|2\n|c|\u2606devious fearvg|well uh\n|c|\u2606devious fearvg|I forgot to add a thing..\n|c|\u2606devious fearvg|oops\n|c|\u2606I am Useless Meta|o\n|\n|t:|1699834458\n|move|p2a: Iron Treads|Stealth Rock|p1a: Celesteela\n|-sidestart|p1: I am Useless Meta|move: Stealth Rock\n|move|p1a: Celesteela|Leech Seed|p2a: Iron Treads\n|-start|p2a: Iron Treads|move: Leech Seed\n|\n|-damage|p2a: Iron Treads|88\/100|[from] Leech Seed|[of] p1a: Celesteela\n|-heal|p1a: Celesteela|92\/100|[silent]\n|upkeep\n|turn|3\n|c|\u2606devious fearvg|its oke\n|c|\u2606devious fearvg|I hope\n|inactive|devious fearvg has 270 seconds left.\n|\n|t:|1699834480\n|-end|p2a: Iron Treads|Quark Drive|[silent]\n|switch|p2a: Pidgeot|Pidgeot, F|100\/100\n|move|p1a: Celesteela|Air Slash|p2a: Pidgeot\n|-damage|p2a: Pidgeot|69\/100\n|\n|-heal|p2a: Pidgeot|76\/100|[from] item: Leftovers\n|upkeep\n|turn|4\n|inactive|devious fearvg has 270 seconds left.\n|\n|t:|1699834490\n|move|p2a: Pidgeot|U-turn|p1a: Celesteela\n|-resisted|p1a: Celesteela\n|-damage|p1a: Celesteela|90\/100\n|inactive|devious fearvg has 270 seconds left.\n|\n|t:|1699834502\n|switch|p2a: Skeledirge|Skeledirge, M|100\/100|[from] U-turn\n|move|p1a: Celesteela|Air Slash|p2a: Skeledirge\n|-damage|p2a: Skeledirge|79\/100\n|\n|-heal|p2a: Skeledirge|85\/100|[from] item: Leftovers\n|upkeep\n|turn|5\n|inactive|devious fearvg has 270 seconds left.\n|\n|t:|1699834520\n|switch|p1a: Altaria|Altaria, M|100\/100\n|-damage|p1a: Altaria|76\/100|[from] Stealth Rock\n|move|p2a: Skeledirge|Torch Song|p1a: Altaria\n|-resisted|p1a: Altaria\n|-damage|p1a: Altaria|58\/100\n|-boost|p2a: Skeledirge|spa|1\n|\n|-heal|p2a: Skeledirge|91\/100|[from] item: Leftovers\n|upkeep\n|turn|6\n|inactive|devious fearvg has 270 seconds left.\n|inactive|devious fearvg has 240 seconds left.\n|\n|t:|1699834561\n|detailschange|p1a: Altaria|Altaria-Mega, M\n|-mega|p1a: Altaria|Altaria|Altarianite\n|move|p1a: Altaria|Earthquake|p2a: Skeledirge\n|-supereffective|p2a: Skeledirge\n|-damage|p2a: Skeledirge|43\/100\n|move|p2a: Skeledirge|Will-O-Wisp|p1a: Altaria|[miss]\n|-miss|p2a: Skeledirge|p1a: Altaria\n|\n|-heal|p2a: Skeledirge|49\/100|[from] item: Leftovers\n|upkeep\n|turn|7\n|inactive|devious fearvg has 240 seconds left.\n|c|\u2606devious fearvg|and ofc\n|c|\u2606I am Useless Meta|unfort\n|\n|t:|1699834574\n|-terastallize|p2a: Skeledirge|Water\n|move|p1a: Altaria|Toxic|p2a: Skeledirge\n|-status|p2a: Skeledirge|tox\n|move|p2a: Skeledirge|Slack Off|p2a: Skeledirge\n|-heal|p2a: Skeledirge|99\/100 tox\n|\n|-heal|p2a: Skeledirge|100\/100 tox|[from] item: Leftovers\n|-damage|p2a: Skeledirge|94\/100 tox|[from] psn\n|upkeep\n|turn|8\n|inactive|devious fearvg has 240 seconds left.\n|\n|t:|1699834590\n|switch|p1a: Toxtricity|Toxtricity, F|100\/100\n|-damage|p1a: Toxtricity|88\/100|[from] Stealth Rock\n|move|p2a: Skeledirge|Will-O-Wisp|p1a: Toxtricity|[miss]\n|-miss|p2a: Skeledirge|p1a: Toxtricity\n|\n|-heal|p2a: Skeledirge|100\/100 tox|[from] item: Leftovers\n|-damage|p2a: Skeledirge|88\/100 tox|[from] psn\n|upkeep\n|turn|9\n|\n|t:|1699834601\n|switch|p2a: Iron Treads|Iron Treads|88\/100\n|move|p1a: Toxtricity|Overdrive|p2a: Iron Treads\n|-immune|p2a: Iron Treads\n|\n|-heal|p2a: Iron Treads|94\/100|[from] item: Leftovers\n|upkeep\n|turn|10\n|c|\u2606devious fearvg|bro\n|c|\u2606I am Useless Meta|sorry man\n|\n|t:|1699834608\n|switch|p1a: Celesteela|Celesteela|90\/100\n|-damage|p1a: Celesteela|78\/100|[from] Stealth Rock\n|move|p2a: Iron Treads|Volt Switch|p1a: Celesteela\n|-supereffective|p1a: Celesteela\n|-damage|p1a: Celesteela|60\/100\n|inactive|devious fearvg has 240 seconds left.\n|\n|t:|1699834651\n|-end|p2a: Iron Treads|Quark Drive|[silent]\n|switch|p2a: Manaphy|Manaphy|100\/100|[from] Volt Switch\n|\n|upkeep\n|turn|11\n|c|\u2606devious fearvg|I hate it when everything had toxic\n|c|\u2606devious fearvg|now I understand why I prefer gen 9 over gen 8\n|inactive|I am Useless Meta has 270 seconds left.\n|inactive|I am Useless Meta has 240 seconds left.\n|\n|t:|1699834718\n|move|p2a: Manaphy|Heal Bell|p2a: Manaphy\n|-activate|p2a: Manaphy|move: Heal Bell\n|-curestatus|p2: Skeledirge|tox|[msg]\n|move|p1a: Celesteela|Leech Seed|p2a: Manaphy\n|-start|p2a: Manaphy|move: Leech Seed\n|\n|-damage|p2a: Manaphy|88\/100|[from] Leech Seed|[of] p1a: Celesteela\n|-heal|p1a: Celesteela|71\/100|[silent]\n|upkeep\n|turn|12\n|inactive|I am Useless Meta has 240 seconds left.\n|c|\u2606devious fearvg|ha\n|\n|t:|1699834729\n|switch|p2a: Iron Treads|Iron Treads|94\/100\n|switch|p1a: Toxtricity|Toxtricity, F|88\/100\n|-damage|p1a: Toxtricity|76\/100|[from] Stealth Rock\n|\n|-heal|p2a: Iron Treads|100\/100|[from] item: Leftovers\n|upkeep\n|turn|13\n|c|\u2606I am Useless Meta|sob\n|inactive|I am Useless Meta has 240 seconds left.\n|inactive|I am Useless Meta has 210 seconds left.\n|\n|t:|1699834786\n|-terastallize|p1a: Toxtricity|Water\n|move|p1a: Toxtricity|Tera Blast|p2a: Iron Treads|[anim] Tera Blast Water\n|-supereffective|p2a: Iron Treads\n|-damage|p2a: Iron Treads|20\/100\n|move|p2a: Iron Treads|Volt Switch|p1a: Toxtricity\n|-supereffective|p1a: Toxtricity\n|-damage|p1a: Toxtricity|36\/100\n|c|\u2606devious fearvg|surprise tera\n|\n|t:|1699834803\n|-end|p2a: Iron Treads|Quark Drive|[silent]\n|switch|p2a: Gallade|Gallade, M|100\/100|[from] Volt Switch\n|\n|upkeep\n|turn|14\n|inactive|devious fearvg has 210 seconds left.\n|\n|t:|1699834822\n|switch|p1a: Celesteela|Celesteela|71\/100\n|-damage|p1a: Celesteela|59\/100|[from] Stealth Rock\n|move|p2a: Gallade|Sacred Sword|p1a: Celesteela\n|-damage|p1a: Celesteela|1\/100\n|\n|upkeep\n|turn|15\n|\n|t:|1699834829\n|move|p2a: Gallade|Sacred Sword|p1a: Celesteela\n|-crit|p1a: Celesteela\n|-damage|p1a: Celesteela|0 fnt\n|faint|p1a: Celesteela\n|\n|upkeep\n|\n|t:|1699834845\n|switch|p1a: Toxtricity|Toxtricity, F, tera:Water|36\/100\n|-damage|p1a: Toxtricity|23\/100|[from] Stealth Rock\n|turn|16\n|\n|t:|1699834857\n|switch|p2a: Iron Treads|Iron Treads|20\/100\n|move|p1a: Toxtricity|Boomburst|p2a: Iron Treads\n|-resisted|p2a: Iron Treads\n|-damage|p2a: Iron Treads|0 fnt\n|faint|p2a: Iron Treads\n|-end|p2a: Iron Treads|Quark Drive|[silent]\n|\n|upkeep\n|\n|t:|1699834869\n|switch|p2a: Sableye|Sableye, F|100\/100\n|turn|17\n|\n|t:|1699834884\n|switch|p1a: Altaria|Altaria-Mega, M|58\/100\n|-damage|p1a: Altaria|46\/100|[from] Stealth Rock\n|move|p2a: Sableye|Fake Out|p1a: Altaria\n|-damage|p1a: Altaria|35\/100\n|\n|upkeep\n|turn|18\n|\n|t:|1699834898\n|move|p1a: Altaria|Dragon Dance|p1a: Altaria\n|-boost|p1a: Altaria|atk|1\n|-boost|p1a: Altaria|spe|1\n|move|p2a: Sableye|Metal Burst||[still]\n|-fail|p2a: Sableye\n|\n|upkeep\n|turn|19\n|\n|t:|1699834907\n|move|p1a: Altaria|Dragon Dance|p1a: Altaria\n|-boost|p1a: Altaria|atk|1\n|-boost|p1a: Altaria|spe|1\n|move|p2a: Sableye|Metal Burst||[still]\n|-fail|p2a: Sableye\n|\n|upkeep\n|turn|20\n|\n|t:|1699834912\n|move|p2a: Sableye|Shadow Sneak|p1a: Altaria\n|-damage|p1a: Altaria|18\/100\n|move|p1a: Altaria|Toxic|p2a: Sableye\n|-status|p2a: Sableye|tox\n|\n|-damage|p2a: Sableye|94\/100 tox|[from] psn\n|upkeep\n|turn|21\n|inactive|devious fearvg has 210 seconds left.\n|\n|t:|1699834949\n|switch|p2a: Manaphy|Manaphy|88\/100\n|move|p1a: Altaria|Return|p2a: Manaphy\n|-damage|p2a: Manaphy|0 fnt\n|faint|p2a: Manaphy\n|\n|upkeep\n|\n|t:|1699834955\n|switch|p2a: Sableye|Sableye, F|94\/100 tox\n|turn|22\n|\n|t:|1699834971\n|switch|p1a: Crawdaunt|Crawdaunt, M|100\/100\n|-damage|p1a: Crawdaunt|88\/100|[from] Stealth Rock\n|move|p2a: Sableye|Fake Out|p1a: Crawdaunt\n|-damage|p1a: Crawdaunt|73\/100\n|\n|-damage|p2a: Sableye|88\/100 tox|[from] psn\n|upkeep\n|turn|23\n|inactive|devious fearvg has 210 seconds left.\n|inactive|I am Useless Meta has 210 seconds left.\n|\n|t:|1699835000\n|switch|p2a: Skeledirge|Skeledirge, M, tera:Water|88\/100\n|move|p1a: Crawdaunt|Crabhammer|p2a: Skeledirge\n|-resisted|p2a: Skeledirge\n|-damage|p2a: Skeledirge|62\/100\n|\n|-heal|p2a: Skeledirge|68\/100|[from] item: Leftovers\n|upkeep\n|turn|24\n|inactive|devious fearvg has 180 seconds left.\n|\n|t:|1699835032\n|move|p1a: Crawdaunt|Natural Gift|p2a: Skeledirge\n|-supereffective|p2a: Skeledirge\n|-damage|p2a: Skeledirge|20\/100\n|move|p2a: Skeledirge|Earth Power|p1a: Crawdaunt\n|-damage|p1a: Crawdaunt|27\/100\n|\n|-heal|p2a: Skeledirge|26\/100|[from] item: Leftovers\n|upkeep\n|turn|25\n|inactive|I am Useless Meta has 210 seconds left.\n|inactive|devious fearvg has 180 seconds left.\n|c|\u2606devious fearvg|very gimiky sets\n|c|\u2606devious fearvg|wth\n|inactive|devious fearvg has 150 seconds left.\n|\n|t:|1699835078\n|move|p1a: Crawdaunt|Crabhammer|p2a: Skeledirge\n|-resisted|p2a: Skeledirge\n|-damage|p2a: Skeledirge|3\/100\n|move|p2a: Skeledirge|Slack Off|p2a: Skeledirge\n|-heal|p2a: Skeledirge|53\/100\n|\n|-heal|p2a: Skeledirge|59\/100|[from] item: Leftovers\n|upkeep\n|turn|26\n|c|\u2606devious fearvg|oof\n|inactive|devious fearvg has 150 seconds left.\n|inactive|I am Useless Meta has 180 seconds left.\n|\n|t:|1699835098\n|move|p1a: Crawdaunt|Crabhammer|p2a: Skeledirge\n|-resisted|p2a: Skeledirge\n|-damage|p2a: Skeledirge|33\/100\n|move|p2a: Skeledirge|Slack Off|p2a: Skeledirge\n|-heal|p2a: Skeledirge|83\/100\n|\n|-heal|p2a: Skeledirge|89\/100|[from] item: Leftovers\n|upkeep\n|turn|27\n|inactive|I am Useless Meta has 180 seconds left.\n|\n|t:|1699835112\n|switch|p1a: Hariyama|Hariyama, F|100\/100\n|-damage|p1a: Hariyama|94\/100|[from] Stealth Rock\n|move|p2a: Skeledirge|Earth Power|p1a: Hariyama\n|-damage|p1a: Hariyama|73\/100\n|\n|-heal|p2a: Skeledirge|95\/100|[from] item: Leftovers\n|upkeep\n|turn|28\n|c|\u2606devious fearvg|what were u hoping for?\n|inactive|I am Useless Meta has 180 seconds left.\n|c|\u2606I am Useless Meta|wym?\n|\n|t:|1699835140\n|switch|p2a: Pidgeot|Pidgeot, F|76\/100\n|move|p1a: Hariyama|Earthquake|p2a: Pidgeot\n|-immune|p2a: Pidgeot\n|\n|-heal|p2a: Pidgeot|82\/100|[from] item: Leftovers\n|upkeep\n|turn|29\n|c|\u2606devious fearvg|why didn't u keep clicking natural gift?\n|c|\u2606I am Useless Meta|natural gift only works once\n|c|\u2606I am Useless Meta|which I didn't know\n|inactive|devious fearvg has 150 seconds left.\n|c|\u2606I am Useless Meta|but oh well\n|c|\u2606devious fearvg|oooooh\n|inactive|I am Useless Meta has 150 seconds left.\n|inactive|I am Useless Meta has 120 seconds left.\n|\n|t:|1699835205\n|switch|p1a: Crawdaunt|Crawdaunt, M|27\/100\n|-damage|p1a: Crawdaunt|15\/100|[from] Stealth Rock\n|move|p2a: Pidgeot|Hurricane|p1a: Crawdaunt\n|-damage|p1a: Crawdaunt|0 fnt\n|faint|p1a: Crawdaunt\n|\n|-heal|p2a: Pidgeot|88\/100|[from] item: Leftovers\n|upkeep\n|\n|t:|1699835211\n|switch|p1a: Toxtricity|Toxtricity, F, tera:Water|23\/100\n|-damage|p1a: Toxtricity|11\/100|[from] Stealth Rock\n|turn|30\n|\n|t:|1699835223\n|move|p1a: Toxtricity|Overdrive|p2a: Pidgeot\n|-supereffective|p2a: Pidgeot\n|-damage|p2a: Pidgeot|0 fnt\n|faint|p2a: Pidgeot\n|\n|upkeep\n|c|\u2606I am Useless Meta|everything so low\n|inactive|devious fearvg has 150 seconds left.\n|\n|t:|1699835252\n|switch|p2a: Sableye|Sableye, F|88\/100 tox\n|turn|31\n|inactive|I am Useless Meta has 120 seconds left.\n|\n|t:|1699835285\n|switch|p1a: Hariyama|Hariyama, F|73\/100\n|-damage|p1a: Hariyama|67\/100|[from] Stealth Rock\n|move|p2a: Sableye|Fake Out|p1a: Hariyama\n|-damage|p1a: Hariyama|53\/100\n|\n|-damage|p2a: Sableye|82\/100 tox|[from] psn\n|upkeep\n|turn|32\n|\n|t:|1699835294\n|switch|p2a: Gallade|Gallade, M|100\/100\n|move|p1a: Hariyama|Earthquake|p2a: Gallade\n|-damage|p2a: Gallade|46\/100\n|\n|upkeep\n|turn|33\n|inactive|I am Useless Meta has 120 seconds left.\n|\n|t:|1699835317\n|move|p2a: Gallade|Sacred Sword|p1a: Hariyama\n|-damage|p1a: Hariyama|0 fnt\n|faint|p1a: Hariyama\n|\n|upkeep\n|\n|t:|1699835323\n|switch|p1a: Jynx|Jynx, F|100\/100\n|-damage|p1a: Jynx|76\/100|[from] Stealth Rock\n|turn|34\n|\n|t:|1699835328\n|move|p2a: Gallade|Sacred Sword|p1a: Jynx\n|-damage|p1a: Jynx|0 fnt\n|faint|p1a: Jynx\n|\n|upkeep\n|\n|t:|1699835332\n|switch|p1a: Altaria|Altaria-Mega, M|18\/100\n|-damage|p1a: Altaria|6\/100|[from] Stealth Rock\n|turn|35\n|inactive|devious fearvg has 150 seconds left.\n|c|\u2606devious fearvg|gallade clean\n|\n|t:|1699835339\n|move|p2a: Gallade|Sacred Sword|p1a: Altaria\n|-resisted|p1a: Altaria\n|-damage|p1a: Altaria|0 fnt\n|faint|p1a: Altaria\n|\n|upkeep\n|c|\u2606I am Useless Meta|gg\n|\n|t:|1699835342\n|switch|p1a: Toxtricity|Toxtricity, F, tera:Water|11\/100\n|-damage|p1a: Toxtricity|0 fnt|[from] Stealth Rock\n|faint|p1a: Toxtricity\n|\n|win|devious fearvg\n|c|\u2606devious fearvg|ggs\n|c|\u2606devious fearvg|very tight game\n|c|\u2606I am Useless Meta|yes\n","uploadtime":1699835357,"views":11,"p1id":"iamuselessmeta","p2id":"deviousfearvg","formatid":"gen9nationaldex","rating":0,"private":0,"password":""}