{"id":"gen9nationaldex-1994587050","p1":"steals many wives","p2":"D.wolf94","format":"[Gen 9] National Dex","log":"|html|<div class=\"broadcast-blue\"><strong>[Gen 9] National Dex is currently suspecting Sneasler! For information on how to participate check out the <a href=\"https:\/\/www.smogon.com\/forums\/threads\/sv-national-dex-suspect-8-just-dance.3731534\/\">suspect thread<\/a>.<\/strong><\/div>\n|j|\u2606steals many wives\n|j|\u2606D.wolf94\n|t:|1700464800\n|gametype|singles\n|player|p1|steals many wives|waitress|1132\n|player|p2|D.wolf94|266|1178\n|teamsize|p1|6\n|teamsize|p2|6\n|gen|9\n|tier|[Gen 9] National Dex\n|rated|\n|rule|HP Percentage Mod: HP is shown in percentages\n|rule|Endless Battle Clause: Forcing endless battles is banned\n|rule|OHKO Clause: OHKO moves are banned\n|rule|Evasion Clause: Evasion abilities, items, and moves are banned\n|rule|Evasion Abilities Clause: Evasion abilities are banned\n|rule|Evasion Items Clause: Evasion items are banned\n|rule|Evasion Moves Clause: Evasion moves are banned\n|rule|Species Clause: Limit one of each Pok\u00e9mon\n|rule|Sleep Clause Mod: Limit one foe put to sleep\n|clearpoke\n|poke|p1|Aggron, M|\n|poke|p1|Ferrothorn, M|\n|poke|p1|Goodra-Hisui, F|\n|poke|p1|Celesteela|\n|poke|p1|Heatran, M|\n|poke|p1|Excadrill, M|\n|poke|p2|Azumarill, M|\n|poke|p2|Tentacruel, M|\n|poke|p2|Alomomola, M|\n|poke|p2|Ditto|\n|poke|p2|Ludicolo, M|\n|poke|p2|Galvantula, F|\n|teampreview\n|\n|t:|1700464825\n|start\n|switch|p1a: Lego|Ferrothorn, M|100\/100\n|switch|p2a: Ludicolo|Ludicolo, M|100\/100\n|turn|1\n|\n|t:|1700464836\n|move|p2a: Ludicolo|Rain Dance|p2a: Ludicolo\n|-weather|RainDance\n|move|p1a: Lego|Stealth Rock|p2a: Ludicolo\n|-sidestart|p2: D.wolf94|move: Stealth Rock\n|\n|-weather|RainDance|[upkeep]\n|upkeep\n|turn|2\n|\n|t:|1700464844\n|move|p2a: Ludicolo|Ice Beam|p1a: Lego\n|-damage|p1a: Lego|71\/100\n|-damage|p2a: Ludicolo|91\/100|[from] item: Life Orb\n|move|p1a: Lego|Seed Bomb|p2a: Ludicolo\n|-damage|p2a: Ludicolo|50\/100\n|\n|-weather|RainDance|[upkeep]\n|upkeep\n|turn|3\n|inactive|Battle timer is ON: inactive players will automatically lose when time's up. (requested by steals many wives)\n|\n|t:|1700464877\n|switch|p2a: Tentacruel|Tentacruel, M|100\/100\n|-damage|p2a: Tentacruel|88\/100|[from] Stealth Rock\n|move|p1a: Lego|Seed Bomb|p2a: Tentacruel\n|-damage|p2a: Tentacruel|60\/100\n|\n|-weather|RainDance|[upkeep]\n|-heal|p2a: Tentacruel|66\/100|[from] ability: Rain Dish\n|-heal|p2a: Tentacruel|72\/100|[from] item: Black Sludge\n|upkeep\n|turn|4\n|\n|t:|1700464891\n|move|p2a: Tentacruel|Rapid Spin|p1a: Lego\n|-resisted|p1a: Lego\n|-damage|p1a: Lego|68\/100\n|-boost|p2a: Tentacruel|spe|1\n|-damage|p2a: Tentacruel|60\/100|[from] ability: Iron Barbs|[of] p1a: Lego\n|-damage|p2a: Tentacruel|43\/100|[from] item: Rocky Helmet|[of] p1a: Lego\n|-sideend|p2: D.wolf94|Stealth Rock|[from] move: Rapid Spin|[of] p2a: Tentacruel\n|move|p1a: Lego|Seed Bomb|p2a: Tentacruel\n|-damage|p2a: Tentacruel|17\/100\n|\n|-weather|RainDance|[upkeep]\n|-heal|p2a: Tentacruel|23\/100|[from] ability: Rain Dish\n|-heal|p2a: Tentacruel|29\/100|[from] item: Black Sludge\n|upkeep\n|turn|5\n|\n|t:|1700464915\n|move|p2a: Tentacruel|Protect|p2a: Tentacruel\n|-singleturn|p2a: Tentacruel|Protect\n|move|p1a: Lego|Stealth Rock|p2a: Tentacruel\n|-sidestart|p2: D.wolf94|move: Stealth Rock\n|\n|-weather|none\n|-heal|p2a: Tentacruel|35\/100|[from] item: Black Sludge\n|upkeep\n|turn|6\n|\n|t:|1700464922\n|move|p2a: Tentacruel|Toxic Spikes|p1a: Lego\n|-sidestart|p1: steals many wives|move: Toxic Spikes\n|move|p1a: Lego|Leech Seed|p2a: Tentacruel\n|-start|p2a: Tentacruel|move: Leech Seed\n|\n|-heal|p2a: Tentacruel|41\/100|[from] item: Black Sludge\n|-damage|p2a: Tentacruel|29\/100|[from] Leech Seed|[of] p1a: Lego\n|-heal|p1a: Lego|81\/100|[silent]\n|upkeep\n|turn|7\n|\n|t:|1700464937\n|switch|p2a: Ditto|Ditto|100\/100\n|-damage|p2a: Ditto|88\/100|[from] Stealth Rock\n|-transform|p2a: Ditto|p1a: Lego|[from] ability: Imposter\n|move|p1a: Lego|Seed Bomb|p2a: Ditto\n|-resisted|p2a: Ditto\n|-damage|p2a: Ditto|83\/100\n|\n|upkeep\n|turn|8\n|\n|t:|1700464948\n|switch|p1a: Slag Heap|Heatran, M|100\/100\n|move|p2a: Ditto|Stealth Rock|p1a: Slag Heap\n|-sidestart|p1: steals many wives|move: Stealth Rock\n|\n|upkeep\n|turn|9\n|\n|t:|1700464959\n|switch|p2a: Alomomola|Alomomola, M|100\/100\n|-damage|p2a: Alomomola|88\/100|[from] Stealth Rock\n|move|p1a: Slag Heap|Eruption|p2a: Alomomola\n|-resisted|p2a: Alomomola\n|-damage|p2a: Alomomola|52\/100\n|\n|-heal|p2a: Alomomola|58\/100|[from] item: Leftovers\n|upkeep\n|turn|10\n|\n|t:|1700464971\n|switch|p1a: Team Rocket|Celesteela|100\/100\n|-damage|p1a: Team Rocket|88\/100|[from] Stealth Rock\n|move|p2a: Alomomola|Wish|p2a: Alomomola\n|\n|-heal|p2a: Alomomola|64\/100|[from] item: Leftovers\n|-heal|p1a: Team Rocket|94\/100|[from] item: Leftovers\n|upkeep\n|turn|11\n|inactive|D.wolf94 has 120 seconds left.\n|\n|t:|1700465001\n|switch|p2a: Ludicolo|Ludicolo, M|50\/100\n|-damage|p2a: Ludicolo|38\/100|[from] Stealth Rock\n|move|p1a: Team Rocket|Leech Seed|p2a: Ludicolo\n|-immune|p2a: Ludicolo\n|\n|-heal|p2a: Ludicolo|100\/100|[from] move: Wish|[wisher] Alomomola\n|-heal|p1a: Team Rocket|100\/100|[from] item: Leftovers\n|upkeep\n|turn|12\n|inactive|D.wolf94 has 120 seconds left.\n|\n|t:|1700465029\n|move|p2a: Ludicolo|Ice Beam|p1a: Team Rocket\n|-crit|p1a: Team Rocket\n|-damage|p1a: Team Rocket|61\/100\n|-damage|p2a: Ludicolo|91\/100|[from] item: Life Orb\n|move|p1a: Team Rocket|Fly||[still]\n|-prepare|p1a: Team Rocket|Fly\n|\n|-heal|p1a: Team Rocket|67\/100|[from] item: Leftovers\n|upkeep\n|turn|13\n|\n|t:|1700465053\n|switch|p2a: Alomomola|Alomomola, M|98\/100\n|-damage|p2a: Alomomola|85\/100|[from] Stealth Rock\n|move|p1a: Team Rocket|Fly|p2a: Alomomola|[from]lockedmove|[miss]\n|-miss|p1a: Team Rocket|p2a: Alomomola\n|\n|-heal|p2a: Alomomola|91\/100|[from] item: Leftovers\n|-heal|p1a: Team Rocket|73\/100|[from] item: Leftovers\n|upkeep\n|turn|14\n|\n|t:|1700465064\n|move|p2a: Alomomola|Wish|p2a: Alomomola\n|move|p1a: Team Rocket|Leech Seed|p2a: Alomomola\n|-start|p2a: Alomomola|move: Leech Seed\n|\n|-heal|p2a: Alomomola|98\/100|[from] item: Leftovers\n|-heal|p1a: Team Rocket|79\/100|[from] item: Leftovers\n|-damage|p2a: Alomomola|85\/100|[from] Leech Seed|[of] p1a: Team Rocket\n|-heal|p1a: Team Rocket|95\/100|[silent]\n|upkeep\n|turn|15\n|\n|t:|1700465073\n|switch|p2a: Tentacruel|Tentacruel, M|29\/100\n|-damage|p2a: Tentacruel|16\/100|[from] Stealth Rock\n|move|p1a: Team Rocket|Iron Head|p2a: Tentacruel\n|-resisted|p2a: Tentacruel\n|-damage|p2a: Tentacruel|5\/100\n|\n|-heal|p2a: Tentacruel|71\/100|[from] move: Wish|[wisher] Alomomola\n|-heal|p2a: Tentacruel|77\/100|[from] item: Black Sludge\n|-heal|p1a: Team Rocket|100\/100|[from] item: Leftovers\n|upkeep\n|turn|16\n|\n|t:|1700465089\n|move|p2a: Tentacruel|Protect|p2a: Tentacruel\n|-singleturn|p2a: Tentacruel|Protect\n|move|p1a: Team Rocket|Leech Seed|p2a: Tentacruel\n|-activate|p2a: Tentacruel|move: Protect\n|\n|-heal|p2a: Tentacruel|83\/100|[from] item: Black Sludge\n|upkeep\n|turn|17\n|inactive|D.wolf94 has 90 seconds left.\n|\n|t:|1700465109\n|switch|p2a: Ditto|Ditto|83\/100\n|-damage|p2a: Ditto|71\/100|[from] Stealth Rock\n|-transform|p2a: Ditto|p1a: Team Rocket|[from] ability: Imposter\n|move|p1a: Team Rocket|Leech Seed|p2a: Ditto\n|-start|p2a: Ditto|move: Leech Seed\n|\n|-damage|p2a: Ditto|58\/100|[from] Leech Seed|[of] p1a: Team Rocket\n|upkeep\n|turn|18\n|inactive|D.wolf94 has 90 seconds left.\n|c|\u2606D.wolf94|Honestly don't know what to do\n|c|\u2606steals many wives|perish\n|\n|t:|1700465132\n|switch|p1a: Lego|Ferrothorn, M|81\/100\n|-damage|p1a: Lego|75\/100|[from] Stealth Rock\n|move|p2a: Ditto|Leech Seed|p1a: Lego\n|-immune|p1a: Lego\n|\n|-damage|p2a: Ditto|46\/100|[from] Leech Seed|[of] p1a: Lego\n|-heal|p1a: Lego|85\/100|[silent]\n|upkeep\n|turn|19\n|\n|t:|1700465150\n|switch|p2a: Galvantula|Galvantula, F|100\/100\n|-damage|p2a: Galvantula|76\/100|[from] Stealth Rock\n|move|p1a: Lego|Seed Bomb|p2a: Galvantula\n|-resisted|p2a: Galvantula\n|-damage|p2a: Galvantula|48\/100\n|\n|upkeep\n|turn|20\n|c|\u2606D.wolf94|\ud83d\ude29 spare me\n|c|\u2606steals many wives|Ok\n|\n|t:|1700465169\n|move|p2a: Galvantula|Sticky Web|p1a: Lego\n|-sidestart|p1: steals many wives|move: Sticky Web\n|move|p1a: Lego|Gyro Ball|p2a: Galvantula\n|-resisted|p2a: Galvantula\n|-damage|p2a: Galvantula|0 fnt\n|faint|p2a: Galvantula\n|\n|upkeep\n|inactive|D.wolf94 has 60 seconds left.\n|\n|t:|1700465205\n|switch|p2a: Alomomola|Alomomola, M|100\/100\n|-damage|p2a: Alomomola|88\/100|[from] Stealth Rock\n|turn|21\n|c|\u2606D.wolf94|Wrong pick fuq\n|\n|t:|1700465223\n|move|p2a: Alomomola|Protect|p2a: Alomomola\n|-singleturn|p2a: Alomomola|Protect\n|move|p1a: Lego|Seed Bomb|p2a: Alomomola\n|-activate|p2a: Alomomola|move: Protect\n|\n|-heal|p2a: Alomomola|94\/100|[from] item: Leftovers\n|upkeep\n|turn|22\n|\n|t:|1700465235\n|switch|p2a: Ludicolo|Ludicolo, M|91\/100\n|-damage|p2a: Ludicolo|78\/100|[from] Stealth Rock\n|move|p1a: Lego|Seed Bomb|p2a: Ludicolo\n|-damage|p2a: Ludicolo|34\/100\n|\n|upkeep\n|turn|23\n|\n|t:|1700465245\n|move|p2a: Ludicolo|Rain Dance|p2a: Ludicolo\n|-weather|RainDance\n|move|p1a: Lego|Seed Bomb|p2a: Ludicolo\n|-damage|p2a: Ludicolo|0 fnt\n|faint|p2a: Ludicolo\n|\n|-weather|RainDance|[upkeep]\n|upkeep\n|inactive|D.wolf94 has 30 seconds left.\n|\n|t:|1700465265\n|switch|p2a: Alomomola|Alomomola, M|100\/100\n|-damage|p2a: Alomomola|88\/100|[from] Stealth Rock\n|turn|24\n|\n|t:|1700465269\n|move|p2a: Alomomola|Wish|p2a: Alomomola\n|move|p1a: Lego|Seed Bomb|p2a: Alomomola\n|-supereffective|p2a: Alomomola\n|-damage|p2a: Alomomola|56\/100\n|\n|-weather|RainDance|[upkeep]\n|-heal|p2a: Alomomola|63\/100|[from] item: Leftovers\n|upkeep\n|turn|25\n|c|\u2606steals many wives|god that things bulky\n|\n|t:|1700465282\n|move|p2a: Alomomola|Wish||[still]\n|-fail|p2a: Alomomola\n|move|p1a: Lego|Leech Seed|p2a: Alomomola\n|-start|p2a: Alomomola|move: Leech Seed\n|\n|-weather|RainDance|[upkeep]\n|-heal|p2a: Alomomola|100\/100|[from] move: Wish|[wisher] Alomomola\n|-damage|p2a: Alomomola|88\/100|[from] Leech Seed|[of] p1a: Lego\n|-heal|p1a: Lego|100\/100|[silent]\n|upkeep\n|turn|26\n|\n|t:|1700465297\n|switch|p1a: Slime Shady|Goodra-Hisui, F|100\/100\n|-damage|p1a: Slime Shady|94\/100|[from] Stealth Rock\n|-activate|p1a: Slime Shady|move: Sticky Web\n|-unboost|p1a: Slime Shady|spe|1\n|move|p2a: Alomomola|Wish|p2a: Alomomola\n|\n|-weather|RainDance|[upkeep]\n|-heal|p2a: Alomomola|94\/100|[from] item: Leftovers\n|-damage|p2a: Alomomola|82\/100|[from] Leech Seed|[of] p1a: Slime Shady\n|-heal|p1a: Slime Shady|100\/100|[silent]\n|upkeep\n|turn|27\n|\n|t:|1700465311\n|move|p2a: Alomomola|Scald|p1a: Slime Shady\n|-resisted|p1a: Slime Shady\n|-damage|p1a: Slime Shady|94\/100\n|-status|p1a: Slime Shady|brn\n|move|p1a: Slime Shady|Substitute|p1a: Slime Shady\n|-start|p1a: Slime Shady|Substitute\n|-damage|p1a: Slime Shady|69\/100 brn\n|\n|-weather|none\n|-heal|p2a: Alomomola|100\/100|[from] move: Wish|[wisher] Alomomola\n|-damage|p2a: Alomomola|88\/100|[from] Leech Seed|[of] p1a: Slime Shady\n|-heal|p1a: Slime Shady|85\/100 brn|[silent]\n|-damage|p1a: Slime Shady|79\/100 brn|[from] brn\n|upkeep\n|turn|28\n|c|\u2606steals many wives|oh come on\n|inactive|D.wolf94 has 30 seconds left.\n|\n|t:|1700465332\n|move|p2a: Alomomola|Protect|p2a: Alomomola\n|-singleturn|p2a: Alomomola|Protect\n|move|p1a: Slime Shady|Dragon Pulse|p2a: Alomomola\n|-activate|p2a: Alomomola|move: Protect\n|\n|-heal|p2a: Alomomola|94\/100|[from] item: Leftovers\n|-damage|p2a: Alomomola|82\/100|[from] Leech Seed|[of] p1a: Slime Shady\n|-heal|p1a: Slime Shady|96\/100 brn|[silent]\n|-damage|p1a: Slime Shady|90\/100 brn|[from] brn\n|upkeep\n|turn|29\n|inactive|D.wolf94 has 30 seconds left.\n|\n|t:|1700465347\n|move|p2a: Alomomola|Wish|p2a: Alomomola\n|move|p1a: Slime Shady|Dragon Pulse|p2a: Alomomola\n|-damage|p2a: Alomomola|52\/100\n|\n|-heal|p2a: Alomomola|58\/100|[from] item: Leftovers\n|-damage|p2a: Alomomola|45\/100|[from] Leech Seed|[of] p1a: Slime Shady\n|-heal|p1a: Slime Shady|100\/100 brn|[silent]\n|-damage|p1a: Slime Shady|94\/100 brn|[from] brn\n|upkeep\n|turn|30\n|inactive|D.wolf94 has 30 seconds left.\n|\n|t:|1700465366\n|move|p2a: Alomomola|Scald|p1a: Slime Shady\n|-resisted|p1a: Slime Shady\n|-activate|p1a: Slime Shady|move: Substitute|[damage]\n|move|p1a: Slime Shady|Dragon Pulse|p2a: Alomomola\n|-damage|p2a: Alomomola|17\/100\n|\n|-heal|p2a: Alomomola|67\/100|[from] move: Wish|[wisher] Alomomola\n|-heal|p2a: Alomomola|73\/100|[from] item: Leftovers\n|-damage|p2a: Alomomola|61\/100|[from] Leech Seed|[of] p1a: Slime Shady\n|-heal|p1a: Slime Shady|100\/100 brn|[silent]\n|-damage|p1a: Slime Shady|94\/100 brn|[from] brn\n|upkeep\n|turn|31\n|inactive|D.wolf94 has 30 seconds left.\n|c|\u2606D.wolf94|Trying to time this properly\n|\n|t:|1700465385\n|move|p2a: Alomomola|Scald|p1a: Slime Shady\n|-resisted|p1a: Slime Shady\n|-activate|p1a: Slime Shady|move: Substitute|[damage]\n|move|p1a: Slime Shady|Dragon Pulse|p2a: Alomomola\n|-damage|p2a: Alomomola|30\/100\n|\n|-heal|p2a: Alomomola|36\/100|[from] item: Leftovers\n|-damage|p2a: Alomomola|24\/100|[from] Leech Seed|[of] p1a: Slime Shady\n|-heal|p1a: Slime Shady|100\/100 brn|[silent]\n|-damage|p1a: Slime Shady|94\/100 brn|[from] brn\n|upkeep\n|turn|32\n|inactive|D.wolf94 has 30 seconds left.\n|\n|t:|1700465398\n|move|p2a: Alomomola|Wish|p2a: Alomomola\n|move|p1a: Slime Shady|Dragon Pulse|p2a: Alomomola\n|-damage|p2a: Alomomola|0 fnt\n|faint|p2a: Alomomola\n|\n|-damage|p1a: Slime Shady|88\/100 brn|[from] brn\n|upkeep\n|inactive|D.wolf94 has 30 seconds left this turn.\n|c|\u2606steals many wives|finally\n|inactive|D.wolf94 has 20 seconds left.\n|\n|t:|1700465409\n|switch|p2a: Azumarill|Azumarill, M|100\/100\n|-damage|p2a: Azumarill|88\/100|[from] Stealth Rock\n|turn|33\n|inactive|D.wolf94 has 30 seconds left this turn.\n|c|\u2606steals many wives|no more healing\n|\n|t:|1700465414\n|-zpower|p2a: Azumarill\n|move|p2a: Azumarill|Z-Belly Drum|p2a: Azumarill|[anim]Belly Drum\n|-heal|p2a: Azumarill|100\/100|[zeffect]\n|-damage|p2a: Azumarill|50\/100\n|-setboost|p2a: Azumarill|atk|6|[from] move: Belly Drum\n|move|p1a: Slime Shady|Flash Cannon|p2a: Azumarill\n|-damage|p2a: Azumarill|17\/100\n|-unboost|p2a: Azumarill|spd|1\n|\n|-heal|p2a: Azumarill|87\/100|[from] move: Wish|[wisher] Alomomola\n|-damage|p1a: Slime Shady|82\/100 brn|[from] brn\n|upkeep\n|turn|34\n|inactive|D.wolf94 has 30 seconds left.\n|inactive|D.wolf94 has 20 seconds left.\n|\n|t:|1700465431\n|move|p2a: Azumarill|Knock Off|p1a: Slime Shady\n|-crit|p1a: Slime Shady\n|-end|p1a: Slime Shady|Substitute\n|move|p1a: Slime Shady|Flash Cannon|p2a: Azumarill\n|-damage|p2a: Azumarill|32\/100\n|\n|-damage|p1a: Slime Shady|76\/100 brn|[from] brn\n|upkeep\n|turn|35\n|inactive|D.wolf94 has 30 seconds left this turn.\n|\n|t:|1700465439\n|move|p2a: Azumarill|Aqua Jet|p1a: Slime Shady\n|-resisted|p1a: Slime Shady\n|-damage|p1a: Slime Shady|34\/100 brn\n|-damage|p2a: Azumarill|16\/100|[from] item: Rocky Helmet|[of] p1a: Slime Shady\n|-ability|p1a: Slime Shady|Gooey\n|-unboost|p2a: Azumarill|spe|1\n|move|p1a: Slime Shady|Flash Cannon|p2a: Azumarill\n|-damage|p2a: Azumarill|0 fnt\n|faint|p2a: Azumarill\n|\n|-damage|p1a: Slime Shady|28\/100 brn|[from] brn\n|upkeep\n|inactive|D.wolf94 has 30 seconds left this turn.\n|c|\u2606steals many wives|Gott'em\n|inactive|D.wolf94 has 20 seconds left.\n|inactive|D.wolf94 has 15 seconds left.\n|c|\u2606D.wolf94|No I lost my chance\n|c|\u2606D.wolf94|Gg\n|inactive|D.wolf94 has 10 seconds left.\n|\n|t:|1700465460\n|switch|p2a: Tentacruel|Tentacruel, M|83\/100\n|-damage|p2a: Tentacruel|70\/100|[from] Stealth Rock\n|turn|36\n|inactive|D.wolf94 has 20 seconds left this turn.\n|c|\u2606steals many wives|gg\n|inactive|D.wolf94 has 15 seconds left.\n|\n|t:|1700465466\n|move|p2a: Tentacruel|Scald|p1a: Slime Shady\n|-resisted|p1a: Slime Shady\n|-damage|p1a: Slime Shady|21\/100 brn\n|move|p1a: Slime Shady|Dragon Pulse|p2a: Tentacruel\n|-damage|p2a: Tentacruel|47\/100\n|\n|-heal|p2a: Tentacruel|53\/100|[from] item: Black Sludge\n|-damage|p1a: Slime Shady|15\/100 brn|[from] brn\n|upkeep\n|turn|37\n|inactive|D.wolf94 has 25 seconds left this turn.\n|inactive|D.wolf94 has 20 seconds left.\n|c|\u2606steals many wives|Merry Christmas to Goodra\n|inactive|D.wolf94 has 15 seconds left.\n|\n|t:|1700465477\n|move|p2a: Tentacruel|Scald|p1a: Slime Shady\n|-resisted|p1a: Slime Shady\n|-damage|p1a: Slime Shady|8\/100 brn\n|move|p1a: Slime Shady|Dragon Pulse|p2a: Tentacruel\n|-damage|p2a: Tentacruel|26\/100\n|\n|-heal|p2a: Tentacruel|32\/100|[from] item: Black Sludge\n|-damage|p1a: Slime Shady|2\/100 brn|[from] brn\n|upkeep\n|turn|38\n|inactive|D.wolf94 has 25 seconds left this turn.\n|inactive|D.wolf94 has 20 seconds left.\n|inactive|D.wolf94 has 15 seconds left.\n|\n|t:|1700465487\n|move|p2a: Tentacruel|Scald|p1a: Slime Shady\n|-resisted|p1a: Slime Shady\n|-damage|p1a: Slime Shady|0 fnt\n|faint|p1a: Slime Shady\n|\n|-heal|p2a: Tentacruel|38\/100|[from] item: Black Sludge\n|upkeep\n|inactive|D.wolf94 has 20 seconds left this turn.\n|\n|t:|1700465494\n|switch|p1a: Slag Heap|Heatran, M|100\/100\n|-damage|p1a: Slag Heap|88\/100|[from] Stealth Rock\n|-activate|p1a: Slag Heap|move: Sticky Web\n|-unboost|p1a: Slag Heap|spe|1\n|turn|39\n|inactive|D.wolf94 has 30 seconds left this turn.\n|\n|t:|1700465500\n|move|p1a: Slag Heap|Earth Power|p2a: Tentacruel\n|-supereffective|p2a: Tentacruel\n|-damage|p2a: Tentacruel|0 fnt\n|faint|p2a: Tentacruel\n|\n|upkeep\n|inactive|D.wolf94 has 30 seconds left this turn.\n|\n|t:|1700465506\n|switch|p2a: Ditto|Ditto|46\/100\n|-damage|p2a: Ditto|34\/100|[from] Stealth Rock\n|-transform|p2a: Ditto|p1a: Slag Heap|[from] ability: Imposter\n|turn|40\n|inactive|D.wolf94 has 30 seconds left.\n|\n|t:|1700465514\n|switch|p1a: Lego|Ferrothorn, M|100\/100\n|-damage|p1a: Lego|94\/100|[from] Stealth Rock\n|-activate|p1a: Lego|move: Sticky Web\n|-unboost|p1a: Lego|spe|1\n|move|p2a: Ditto|Earth Power|p1a: Lego\n|-damage|p1a: Lego|66\/100\n|\n|upkeep\n|turn|41\n|\n|t:|1700465522\n|move|p2a: Ditto|Earth Power|p1a: Lego\n|-damage|p1a: Lego|41\/100\n|move|p1a: Lego|Leech Seed|p2a: Ditto\n|-start|p2a: Ditto|move: Leech Seed\n|\n|-damage|p2a: Ditto|21\/100|[from] Leech Seed|[of] p1a: Lego\n|-heal|p1a: Lego|51\/100|[silent]\n|upkeep\n|turn|42\n|c|\u2606steals many wives|you're scarfed\n|\n|t:|1700465532\n|switch|p1a: Team Rocket|Celesteela|100\/100\n|-damage|p1a: Team Rocket|88\/100|[from] Stealth Rock\n|move|p2a: Ditto|Earth Power|p1a: Team Rocket\n|-immune|p1a: Team Rocket\n|\n|-heal|p1a: Team Rocket|94\/100|[from] item: Leftovers\n|-damage|p2a: Ditto|9\/100|[from] Leech Seed|[of] p1a: Team Rocket\n|-heal|p1a: Team Rocket|100\/100|[silent]\n|upkeep\n|turn|43\n|c|\u2606steals many wives|and I can fly\n|c|\u2606D.wolf94|Lol\n|\n|t:|1700465543\n|move|p2a: Ditto|Earth Power|p1a: Team Rocket\n|-immune|p1a: Team Rocket\n|move|p1a: Team Rocket|Fly||[still]\n|-prepare|p1a: Team Rocket|Fly\n|\n|-damage|p2a: Ditto|0 fnt|[from] Leech Seed|[of] p1a: Team Rocket\n|faint|p2a: Ditto\n|\n|win|steals many wives\n|upkeep\n|raw|steals many wives's rating: 1132 &rarr; <strong>1160<\/strong><br \/>(+28 for winning)\n|raw|D.wolf94's rating: 1178 &rarr; <strong>1150<\/strong><br \/>(-28 for losing)\n|c|\u2606steals many wives|gg\n|c|\u2606D.wolf94|Gg\n|l|\u2606D.wolf94\n","uploadtime":1700465574,"views":4,"p1id":"stealsmanywives","p2id":"dwolf94","formatid":"gen9nationaldex","rating":1150,"private":0,"password":""}