{"id":"gen9nationaldex-1996542003","p1":"PikaTheRat","p2":"JackPotatoGuy","format":"[Gen 9] National Dex","log":"|html|<div class=\"broadcast-blue\"><strong>[Gen 9] National Dex is currently suspecting Sneasler! For information on how to participate check out the <a href=\"https:\/\/www.smogon.com\/forums\/threads\/sv-national-dex-suspect-8-just-dance.3731534\/\">suspect thread<\/a>.<\/strong><\/div>\n|j|\u2606PikaTheRat\n|j|\u2606JackPotatoGuy\n|t:|1700692357\n|gametype|singles\n|player|p1|PikaTheRat|lucas|\n|player|p2|JackPotatoGuy|psychicf-gen4|\n|teamsize|p1|6\n|teamsize|p2|6\n|gen|9\n|tier|[Gen 9] National Dex\n|rule|HP Percentage Mod: HP is shown in percentages\n|rule|Endless Battle Clause: Forcing endless battles is banned\n|rule|OHKO Clause: OHKO moves are banned\n|rule|Evasion Clause: Evasion abilities, items, and moves are banned\n|rule|Evasion Abilities Clause: Evasion abilities are banned\n|rule|Evasion Items Clause: Evasion items are banned\n|rule|Evasion Moves Clause: Evasion moves are banned\n|rule|Species Clause: Limit one of each Pok\u00e9mon\n|rule|Sleep Clause Mod: Limit one foe put to sleep\n|clearpoke\n|poke|p1|Shelgon, L45, M|\n|poke|p1|Lycanroc-Midnight, L45, M|\n|poke|p1|Ludicolo, L45, M|\n|poke|p1|Typhlosion-Hisui, L45, F|\n|poke|p1|Orbeetle, L45, F|\n|poke|p1|Toxtricity, L45, M|\n|poke|p2|Alakazam, L45, F|\n|poke|p2|Nidoqueen, L45, F|\n|poke|p2|Tsareena, L45, F|\n|poke|p2|Orbeetle, L45, M|\n|poke|p2|Munna, L45, F|\n|poke|p2|Malamar, L45, F|\n|teampreview\n|c|\u2606JackPotatoGuy|Full 45 vs Full 45 here we go\n|\n|t:|1700692385\n|start\n|switch|p1a: Lycanroc|Lycanroc-Midnight, L45, M|100\/100\n|switch|p2a: Luna|Munna, L45, F|100\/100\n|-activate|p2a: Luna|ability: Forewarn|Crunch|[of] p1a: Lycanroc\n|turn|1\n|\n|t:|1700692402\n|move|p1a: Lycanroc|Crunch|p2a: Luna\n|-supereffective|p2a: Luna\n|-damage|p2a: Luna|6\/100\n|move|p2a: Luna|Hypnosis|p1a: Lycanroc\n|-status|p1a: Lycanroc|slp|[from] move: Hypnosis\n|\n|upkeep\n|turn|2\n|\n|t:|1700692421\n|cant|p1a: Lycanroc|slp\n|move|p2a: Luna|Dream Eater|p1a: Lycanroc\n|-damage|p1a: Lycanroc|48\/100 slp\n|-heal|p2a: Luna|29\/100|[from] drain|[of] p1a: Lycanroc\n|\n|upkeep\n|turn|3\n|\n|t:|1700692429\n|cant|p1a: Lycanroc|slp\n|move|p2a: Luna|Dream Eater|p1a: Lycanroc\n|-damage|p1a: Lycanroc|0 fnt\n|-heal|p2a: Luna|50\/100|[from] drain|[of] p1a: Lycanroc\n|faint|p1a: Lycanroc\n|\n|upkeep\n|\n|t:|1700692439\n|switch|p1a: Ludicolo|Ludicolo, L45, M|100\/100\n|turn|4\n|\n|t:|1700692451\n|move|p1a: Ludicolo|Giga Drain|p2a: Luna\n|-damage|p2a: Luna|0 fnt\n|faint|p2a: Luna\n|\n|upkeep\n|\n|t:|1700692481\n|switch|p2a: Blue|Nidoqueen, L45, F|100\/100\n|turn|5\n|\n|t:|1700692489\n|move|p1a: Ludicolo|Bubble Beam|p2a: Blue\n|-supereffective|p2a: Blue\n|-damage|p2a: Blue|36\/100\n|move|p2a: Blue|Sludge Wave|p1a: Ludicolo\n|-supereffective|p1a: Ludicolo\n|-damage|p1a: Ludicolo|36\/100\n|-status|p1a: Ludicolo|psn\n|\n|-damage|p1a: Ludicolo|24\/100 psn|[from] psn\n|upkeep\n|turn|6\n|\n|t:|1700692508\n|switch|p2a: Cinnabon|Tsareena, L45, F|100\/100\n|move|p1a: Ludicolo|Bubble Beam|p2a: Cinnabon\n|-resisted|p2a: Cinnabon\n|-damage|p2a: Cinnabon|86\/100\n|\n|-damage|p1a: Ludicolo|12\/100 psn|[from] psn\n|upkeep\n|turn|7\n|\n|t:|1700692519\n|move|p1a: Ludicolo|Giga Drain|p2a: Cinnabon\n|-resisted|p2a: Cinnabon\n|-damage|p2a: Cinnabon|67\/100\n|-heal|p1a: Ludicolo|23\/100 psn|[from] drain|[of] p2a: Cinnabon\n|move|p2a: Cinnabon|Power Whip|p1a: Ludicolo\n|-damage|p1a: Ludicolo|0 fnt\n|faint|p1a: Ludicolo\n|\n|upkeep\n|\n|t:|1700692529\n|switch|p1a: Typhlosion|Typhlosion-Hisui, L45, F|100\/100\n|turn|8\n|\n|t:|1700692542\n|switch|p2a: Mara|Malamar, L45, F|100\/100\n|move|p1a: Typhlosion|Flamethrower|p2a: Mara\n|-damage|p2a: Mara|41\/100\n|\n|upkeep\n|turn|9\n|\n|t:|1700692554\n|move|p1a: Typhlosion|Shadow Ball|p2a: Mara\n|-damage|p2a: Mara|0 fnt\n|faint|p2a: Mara\n|\n|upkeep\n|\n|t:|1700692606\n|switch|p2a: Beetle|Orbeetle, L45, M|100\/100\n|turn|10\n|\n|t:|1700692621\n|move|p1a: Typhlosion|Shadow Ball|p2a: Beetle\n|-supereffective|p2a: Beetle\n|-damage|p2a: Beetle|7\/100\n|move|p2a: Beetle|Hypnosis|p1a: Typhlosion|[miss]\n|-miss|p2a: Beetle|p1a: Typhlosion\n|\n|upkeep\n|turn|11\n|\n|t:|1700692641\n|move|p1a: Typhlosion|Shadow Ball|p2a: Beetle\n|-supereffective|p2a: Beetle\n|-damage|p2a: Beetle|0 fnt\n|faint|p2a: Beetle\n|\n|upkeep\n|\n|t:|1700692646\n|switch|p2a: Alakazam|Alakazam, L45, F|100\/100\n|turn|12\n|\n|t:|1700692650\n|move|p2a: Alakazam|Disable|p1a: Typhlosion\n|-start|p1a: Typhlosion|Disable|Shadow Ball\n|cant|p1a: Typhlosion|Disable|Shadow Ball\n|\n|upkeep\n|turn|13\n|\n|t:|1700692660\n|move|p2a: Alakazam|Psychic|p1a: Typhlosion\n|-damage|p1a: Typhlosion|33\/100\n|move|p1a: Typhlosion|Flamethrower|p2a: Alakazam\n|-damage|p2a: Alakazam|0 fnt\n|faint|p2a: Alakazam\n|\n|upkeep\n|c|\u2606JackPotatoGuy|H o w\n|\n|t:|1700692688\n|switch|p2a: Blue|Nidoqueen, L45, F|36\/100\n|turn|14\n|\n|t:|1700692698\n|move|p1a: Typhlosion|Flamethrower|p2a: Blue\n|-damage|p2a: Blue|0 fnt\n|faint|p2a: Blue\n|\n|upkeep\n|\n|t:|1700692702\n|switch|p2a: Cinnabon|Tsareena, L45, F|67\/100\n|turn|15\n|\n|t:|1700692707\n|move|p1a: Typhlosion|Flamethrower|p2a: Cinnabon\n|-supereffective|p2a: Cinnabon\n|-damage|p2a: Cinnabon|0 fnt\n|faint|p2a: Cinnabon\n|\n|win|PikaTheRat\n","uploadtime":1700692728,"views":1,"p1id":"pikatherat","p2id":"jackpotatoguy","formatid":"gen9nationaldex","rating":0,"private":0,"password":""}