{"id":"gen9nationaldex-1999670399","p1":"ProjectAster","p2":"PikaPlayer1001000","format":"[Gen 9] National Dex","log":"|html|<div class=\"broadcast-blue\"><strong>[Gen 9] National Dex is currently suspecting Sneasler! For information on how to participate check out the <a href=\"https:\/\/www.smogon.com\/forums\/threads\/sv-national-dex-suspect-8-just-dance.3731534\/\">suspect thread<\/a>.<\/strong><\/div>\n|j|\u2606ProjectAster\n|j|\u2606PikaPlayer1001000\n|t:|1701106373\n|gametype|singles\n|player|p1|ProjectAster|lusamine-masters|1202\n|player|p2|PikaPlayer1001000|101|1165\n|teamsize|p1|6\n|teamsize|p2|6\n|gen|9\n|tier|[Gen 9] National Dex\n|rated|\n|rule|HP Percentage Mod: HP is shown in percentages\n|rule|Endless Battle Clause: Forcing endless battles is banned\n|rule|OHKO Clause: OHKO moves are banned\n|rule|Evasion Clause: Evasion abilities, items, and moves are banned\n|rule|Evasion Abilities Clause: Evasion abilities are banned\n|rule|Evasion Items Clause: Evasion items are banned\n|rule|Evasion Moves Clause: Evasion moves are banned\n|rule|Species Clause: Limit one of each Pok\u00e9mon\n|rule|Sleep Clause Mod: Limit one foe put to sleep\n|clearpoke\n|poke|p1|Veluza, M|\n|poke|p1|Sandy Shocks|\n|poke|p1|Klefki, M|\n|poke|p1|Dipplin, F|\n|poke|p1|Swellow, F|\n|poke|p1|Lopunny, F|\n|poke|p2|Chatot, M|\n|poke|p2|Mawile, M|\n|poke|p2|Ninetales-Alola, M|\n|poke|p2|Ribombee, M|\n|poke|p2|Pawmot, M|\n|poke|p2|Excadrill, F|\n|teampreview\n|inactive|Battle timer is ON: inactive players will automatically lose when time's up. (requested by ProjectAster)\n|inactive|PikaPlayer1001000 has 120 seconds left.\n|inactive|PikaPlayer1001000 has 90 seconds left.\n|\n|t:|1701106494\n|start\n|switch|p1a: Klefki|Klefki, M|100\/100\n|switch|p2a: Excadrill|Excadrill, F|100\/100\n|-ability|p2a: Excadrill|Mold Breaker\n|turn|1\n|\n|t:|1701106500\n|move|p2a: Excadrill|Stealth Rock|p1a: Klefki\n|-sidestart|p1: ProjectAster|move: Stealth Rock\n|move|p1a: Klefki|Foul Play|p2a: Excadrill\n|-damage|p2a: Excadrill|49\/100\n|\n|upkeep\n|turn|2\n|\n|t:|1701106510\n|move|p2a: Excadrill|Earthquake|p1a: Klefki\n|-supereffective|p1a: Klefki\n|-damage|p1a: Klefki|19\/100\n|move|p1a: Klefki|Foul Play|p2a: Excadrill\n|-damage|p2a: Excadrill|0 fnt\n|faint|p2a: Excadrill\n|\n|upkeep\n|\n|t:|1701106514\n|switch|p2a: Chatot|Chatot, M|100\/100\n|turn|3\n|\n|t:|1701106518\n|move|p1a: Klefki|Switcheroo|p2a: Chatot\n|-activate|p1a: Klefki|move: Trick|[of] p2a: Chatot\n|-item|p2a: Chatot|Toxic Orb|[from] move: Switcheroo\n|-item|p1a: Klefki|Throat Spray|[from] move: Switcheroo\n|move|p2a: Chatot|Boomburst|p1a: Klefki\n|-resisted|p1a: Klefki\n|-damage|p1a: Klefki|0 fnt\n|faint|p1a: Klefki\n|\n|-status|p2a: Chatot|tox|[from] item: Toxic Orb\n|upkeep\n|\n|t:|1701106528\n|switch|p1a: Sandy Shocks|Sandy Shocks|100\/100\n|turn|4\n|\n|t:|1701106533\n|move|p1a: Sandy Shocks|Volt Switch|p2a: Chatot\n|-supereffective|p2a: Chatot\n|-damage|p2a: Chatot|0 fnt\n|faint|p2a: Chatot\n|\n|t:|1701106538\n|-end|p1a: Sandy Shocks|Protosynthesis|[silent]\n|switch|p1a: Lopunny|Lopunny, F|100\/100|[from] Volt Switch\n|-damage|p1a: Lopunny|88\/100|[from] Stealth Rock\n|\n|upkeep\n|\n|t:|1701106550\n|switch|p2a: Ribombee|Ribombee, M|100\/100\n|turn|5\n|\n|t:|1701106555\n|detailschange|p1a: Lopunny|Lopunny-Mega, F\n|-mega|p1a: Lopunny|Lopunny|Lopunnite\n|move|p1a: Lopunny|Fake Out|p2a: Ribombee\n|-damage|p2a: Ribombee|67\/100\n|move|p2a: Ribombee|Sticky Web|p1a: Lopunny\n|-sidestart|p1: ProjectAster|move: Sticky Web\n|\n|upkeep\n|turn|6\n|\n|t:|1701106557\n|move|p1a: Lopunny|Frustration|p2a: Ribombee\n|-damage|p2a: Ribombee|0 fnt\n|faint|p2a: Ribombee\n|\n|upkeep\n|\n|t:|1701106560\n|switch|p2a: Ninetales|Ninetales-Alola, M|100\/100\n|-weather|Snow|[from] ability: Snow Warning|[of] p2a: Ninetales\n|turn|7\n|\n|t:|1701106569\n|move|p1a: Lopunny|Close Combat|p2a: Ninetales\n|-damage|p2a: Ninetales|41\/100\n|-unboost|p1a: Lopunny|def|1\n|-unboost|p1a: Lopunny|spd|1\n|move|p2a: Ninetales|Aurora Veil|p2a: Ninetales\n|-sidestart|p2: PikaPlayer1001000|move: Aurora Veil\n|\n|-weather|Snow|[upkeep]\n|upkeep\n|turn|8\n|\n|t:|1701106571\n|move|p1a: Lopunny|Close Combat|p2a: Ninetales\n|-damage|p2a: Ninetales|9\/100\n|-unboost|p1a: Lopunny|def|1\n|-unboost|p1a: Lopunny|spd|1\n|move|p2a: Ninetales|Blizzard|p1a: Lopunny\n|-damage|p1a: Lopunny|0 fnt\n|faint|p1a: Lopunny\n|\n|-weather|Snow|[upkeep]\n|upkeep\n|\n|t:|1701106576\n|switch|p1a: Swellow|Swellow, F, shiny|100\/100\n|-damage|p1a: Swellow|76\/100|[from] Stealth Rock\n|turn|9\n|\n|t:|1701106581\n|move|p1a: Swellow|Heat Wave|p2a: Ninetales\n|-supereffective|p2a: Ninetales\n|-damage|p2a: Ninetales|0 fnt\n|faint|p2a: Ninetales\n|\n|-weather|Snow|[upkeep]\n|upkeep\n|\n|t:|1701106582\n|switch|p2a: Mawile|Mawile, M|100\/100\n|turn|10\n|\n|t:|1701106586\n|detailschange|p2a: Mawile|Mawile-Mega, M\n|-mega|p2a: Mawile|Mawile|Mawilite\n|move|p1a: Swellow|Heat Wave|p2a: Mawile\n|-supereffective|p2a: Mawile\n|-damage|p2a: Mawile|58\/100\n|move|p2a: Mawile|Swords Dance|p2a: Mawile\n|-boost|p2a: Mawile|atk|2\n|\n|-weather|Snow|[upkeep]\n|upkeep\n|turn|11\n|\n|t:|1701106589\n|move|p2a: Mawile|Sucker Punch|p1a: Swellow\n|-damage|p1a: Swellow|0 fnt\n|faint|p1a: Swellow\n|\n|-weather|none\n|upkeep\n|\n|t:|1701106593\n|switch|p1a: Dipplin|Dipplin, F|100\/100\n|-damage|p1a: Dipplin|88\/100|[from] Stealth Rock\n|-activate|p1a: Dipplin|move: Sticky Web\n|-unboost|p1a: Dipplin|spe|1\n|-ability|p1a: Dipplin|Supersweet Syrup\n|-ability|p1a: Dipplin|Supersweet Syrup|boost\n|-unboost|p2a: Mawile|evasion|1\n|turn|12\n|\n|t:|1701106599\n|move|p2a: Mawile|Swords Dance|p2a: Mawile\n|-boost|p2a: Mawile|atk|2\n|move|p1a: Dipplin|Syrup Bomb|p2a: Mawile\n|-resisted|p2a: Mawile\n|-damage|p2a: Mawile|53\/100\n|-start|p2a: Mawile|Syrup Bomb\n|\n|-unboost|p2a: Mawile|spe|1\n|upkeep\n|turn|13\n|\n|t:|1701106608\n|move|p2a: Mawile|Iron Head|p1a: Dipplin\n|-damage|p1a: Dipplin|0 fnt\n|faint|p1a: Dipplin\n|\n|-unboost|p2a: Mawile|spe|1\n|upkeep\n|\n|t:|1701106617\n|switch|p1a: Veluza|Veluza, M|100\/100\n|-damage|p1a: Veluza|88\/100|[from] Stealth Rock\n|-activate|p1a: Veluza|move: Sticky Web\n|-unboost|p1a: Veluza|spe|1\n|turn|14\n|\n|t:|1701106619\n|move|p1a: Veluza|Substitute|p1a: Veluza\n|-start|p1a: Veluza|Substitute\n|-damage|p1a: Veluza|63\/100\n|move|p2a: Mawile|Iron Head|p1a: Veluza\n|-resisted|p1a: Veluza\n|-end|p1a: Veluza|Substitute\n|\n|-unboost|p2a: Mawile|spe|1\n|-sideend|p2: PikaPlayer1001000|move: Aurora Veil\n|upkeep\n|turn|15\n|\n|t:|1701106626\n|-terastallize|p1a: Veluza|Water\n|move|p1a: Veluza|Aqua Cutter|p2a: Mawile\n|-damage|p2a: Mawile|0 fnt\n|faint|p2a: Mawile\n|\n|upkeep\n|\n|t:|1701106630\n|switch|p2a: Pawmot|Pawmot, M|100\/100\n|turn|16\n|\n|t:|1701106636\n|move|p2a: Pawmot|Double Shock|p1a: Veluza\n|-supereffective|p1a: Veluza\n|-damage|p1a: Veluza|0 fnt\n|-start|p2a: Pawmot|typechange|???\/Fighting|[from] move: Double Shock\n|faint|p1a: Veluza\n|\n|upkeep\n|\n|t:|1701106641\n|switch|p1a: Sandy Shocks|Sandy Shocks|100\/100\n|turn|17\n|\n|t:|1701106646\n|move|p2a: Pawmot|Revival Blessing|p2a: Pawmot\n|-enditem|p2a: Pawmot|Leppa Berry|[eat]\n|-activate|p2a: Pawmot|item: Leppa Berry|Revival Blessing|[consumed]\n|\n|t:|1701106648\n|-heal|p2: Mawile|50\/100|[from] move: Revival Blessing\n|move|p1a: Sandy Shocks|Earth Power|p2a: Pawmot\n|-damage|p2a: Pawmot|25\/100\n|\n|upkeep\n|turn|18\n|\n|t:|1701106651\n|move|p2a: Pawmot|Close Combat|p1a: Sandy Shocks\n|-damage|p1a: Sandy Shocks|39\/100\n|-unboost|p2a: Pawmot|def|1\n|-unboost|p2a: Pawmot|spd|1\n|move|p1a: Sandy Shocks|Earth Power|p2a: Pawmot\n|-damage|p2a: Pawmot|0 fnt\n|faint|p2a: Pawmot\n|\n|upkeep\n|\n|t:|1701106653\n|switch|p2a: Mawile|Mawile-Mega, M|50\/100\n|turn|19\n|\n|t:|1701106655\n|move|p2a: Mawile|Sucker Punch|p1a: Sandy Shocks\n|-damage|p1a: Sandy Shocks|0 fnt\n|faint|p1a: Sandy Shocks\n|-end|p1a: Sandy Shocks|Protosynthesis|[silent]\n|\n|win|PikaPlayer1001000\n|raw|ProjectAster's rating: 1202 &rarr; <strong>1176<\/strong><br \/>(-26 for losing)\n|raw|PikaPlayer1001000's rating: 1184 &rarr; <strong>1210<\/strong><br \/>(+26 for winning)\n|l|\u2606ProjectAster\n","uploadtime":1701106712,"views":6,"p1id":"projectaster","p2id":"pikaplayer1001000","formatid":"gen9nationaldex","rating":1176,"private":0,"password":""}