{"id":"gen9nationaldex-1991760784","p1":"Richie2016","p2":"saigomm","format":"[Gen 9] National Dex","log":"|j|\u2606Richie2016\n|j|\u2606saigomm\n|t:|1700112556\n|gametype|singles\n|player|p1|Richie2016|cynthia|1228\n|player|p2|saigomm|erika-masters|1267\n|teamsize|p1|6\n|teamsize|p2|6\n|gen|9\n|tier|[Gen 9] National Dex\n|rated|\n|rule|HP Percentage Mod: HP is shown in percentages\n|rule|Endless Battle Clause: Forcing endless battles is banned\n|rule|OHKO Clause: OHKO moves are banned\n|rule|Evasion Clause: Evasion abilities, items, and moves are banned\n|rule|Evasion Abilities Clause: Evasion abilities are banned\n|rule|Evasion Items Clause: Evasion items are banned\n|rule|Evasion Moves Clause: Evasion moves are banned\n|rule|Species Clause: Limit one of each Pok\u00e9mon\n|rule|Sleep Clause Mod: Limit one foe put to sleep\n|clearpoke\n|poke|p1|Medicham, F|\n|poke|p1|Alomomola, F|\n|poke|p1|Moltres|\n|poke|p1|Ogerpon-Wellspring, F|\n|poke|p1|Gliscor, F|\n|poke|p1|Hydreigon, F|\n|poke|p2|Pawmot, M|\n|poke|p2|Banette, F|\n|poke|p2|Rabsca, M|\n|poke|p2|Hatterene, F|\n|poke|p2|Victini|\n|poke|p2|Crawdaunt, M|\n|teampreview\n|inactive|Battle timer is ON: inactive players will automatically lose when time's up. (requested by saigomm)\n|\n|t:|1700112565\n|start\n|switch|p1a: Gliscor|Gliscor, F, shiny|100\/100\n|switch|p2a: \u6253\u6211\u8bd5\u8bd5\uff1f|Banette, F|100\/100\n|-item|p1a: Gliscor|Toxic Orb|[from] ability: Frisk|[of] p2a: \u6253\u6211\u8bd5\u8bd5\uff1f|[identify]\n|turn|1\n|\n|t:|1700112570\n|switch|p2a: \u5e03\u59d0|Hatterene, F|100\/100\n|move|p1a: Gliscor|Stealth Rock|p2a: \u5e03\u59d0\n|move|p2a: \u5e03\u59d0|Stealth Rock|p1a: Gliscor|[from]ability: Magic Bounce\n|-sidestart|p1: Richie2016|move: Stealth Rock\n|\n|-status|p1a: Gliscor|tox|[from] item: Toxic Orb\n|upkeep\n|turn|2\n|\n|t:|1700112578\n|move|p1a: Gliscor|Earthquake|p2a: \u5e03\u59d0\n|-damage|p2a: \u5e03\u59d0|60\/100\n|move|p2a: \u5e03\u59d0|Trick Room|p2a: \u5e03\u59d0\n|-fieldstart|move: Trick Room|[of] p2a: \u5e03\u59d0\n|\n|upkeep\n|turn|3\n|\n|t:|1700112589\n|move|p2a: \u5e03\u59d0|Psychic|p1a: Gliscor\n|-damage|p1a: Gliscor|54\/100 tox\n|move|p1a: Gliscor|Earthquake|p2a: \u5e03\u59d0\n|-damage|p2a: \u5e03\u59d0|24\/100\n|\n|-heal|p1a: Gliscor|67\/100 tox|[from] ability: Poison Heal\n|upkeep\n|turn|4\n|\n|t:|1700112598\n|move|p2a: \u5e03\u59d0|Healing Wish|p2a: \u5e03\u59d0\n|faint|p2a: \u5e03\u59d0\n|move|p1a: Gliscor|Roost|p1a: Gliscor\n|-heal|p1a: Gliscor|100\/100 tox\n|-singleturn|p1a: Gliscor|move: Roost\n|\n|upkeep\n|\n|t:|1700112604\n|switch|p2a: \u6253\u6211\u8bd5\u8bd5\uff1f|Banette, F|100\/100\n|-item|p1a: Gliscor|Toxic Orb|[from] ability: Frisk|[of] p2a: \u6253\u6211\u8bd5\u8bd5\uff1f|[identify]\n|turn|5\n|\n|t:|1700112608\n|detailschange|p2a: \u6253\u6211\u8bd5\u8bd5\uff1f|Banette-Mega, F\n|-mega|p2a: \u6253\u6211\u8bd5\u8bd5\uff1f|Banette|Banettite\n|move|p2a: \u6253\u6211\u8bd5\u8bd5\uff1f|Encore|p1a: Gliscor\n|-start|p1a: Gliscor|Encore\n|move|p1a: Gliscor|Roost||[still]\n|-fail|p1a: Gliscor|heal\n|\n|upkeep\n|turn|6\n|\n|t:|1700112617\n|switch|p2a: \u5148\u950b|Victini|100\/100\n|switch|p1a: Alomomola|Alomomola, F|100\/100\n|\n|-fieldend|move: Trick Room\n|upkeep\n|turn|7\n|\n|t:|1700112629\n|move|p1a: Alomomola|Protect|p1a: Alomomola\n|-singleturn|p1a: Alomomola|Protect\n|move|p2a: \u5148\u950b|Final Gambit|p1a: Alomomola\n|-activate|p1a: Alomomola|move: Protect\n|\n|upkeep\n|turn|8\n|\n|t:|1700112643\n|move|p2a: \u5148\u950b|Final Gambit|p1a: Alomomola\n|-damage|p1a: Alomomola|15\/100\n|faint|p2a: \u5148\u950b\n|move|p1a: Alomomola|Wish|p1a: Alomomola\n|\n|upkeep\n|\n|t:|1700112655\n|switch|p2a: \u7267\u5e08|Pawmot, M|100\/100\n|turn|9\n|\n|t:|1700112660\n|move|p1a: Alomomola|Protect|p1a: Alomomola\n|-singleturn|p1a: Alomomola|Protect\n|move|p2a: \u7267\u5e08|Double Shock|p1a: Alomomola\n|-activate|p1a: Alomomola|move: Protect\n|\n|-heal|p1a: Alomomola|65\/100|[from] move: Wish|[wisher] Alomomola\n|upkeep\n|turn|10\n|\n|t:|1700112667\n|switch|p1a: Gliscor|Gliscor, F, shiny|100\/100 tox\n|-damage|p1a: Gliscor|88\/100 tox|[from] Stealth Rock\n|move|p2a: \u7267\u5e08|Ice Punch|p1a: Gliscor\n|-supereffective|p1a: Gliscor\n|-damage|p1a: Gliscor|16\/100 tox\n|\n|-heal|p1a: Gliscor|29\/100 tox|[from] ability: Poison Heal\n|upkeep\n|turn|11\n|\n|t:|1700112676\n|switch|p1a: Moltres|Moltres|100\/100\n|move|p2a: \u7267\u5e08|Close Combat|p1a: Moltres\n|-resisted|p1a: Moltres\n|-damage|p1a: Moltres|80\/100\n|-unboost|p2a: \u7267\u5e08|def|1\n|-unboost|p2a: \u7267\u5e08|spd|1\n|-status|p2a: \u7267\u5e08|brn|[from] ability: Flame Body|[of] p1a: Moltres\n|\n|-damage|p2a: \u7267\u5e08|94\/100 brn|[from] brn\n|upkeep\n|turn|12\n|\n|t:|1700112691\n|switch|p2a: \u6253\u6211\u8bd5\u8bd5\uff1f|Banette-Mega, F|100\/100\n|switch|p1a: Hydreigon|Hydreigon, F|100\/100\n|-damage|p1a: Hydreigon|88\/100|[from] Stealth Rock\n|\n|-heal|p1a: Hydreigon|94\/100|[from] item: Leftovers\n|upkeep\n|turn|13\n|\n|t:|1700112706\n|move|p1a: Hydreigon|Fire Spin|p2a: \u6253\u6211\u8bd5\u8bd5\uff1f\n|-damage|p2a: \u6253\u6211\u8bd5\u8bd5\uff1f|90\/100\n|-activate|p2a: \u6253\u6211\u8bd5\u8bd5\uff1f|move: Fire Spin|[of] p1a: Hydreigon\n|move|p2a: \u6253\u6211\u8bd5\u8bd5\uff1f|Poltergeist|p1a: Hydreigon\n|-activate|p1a: Hydreigon|move: Poltergeist|Leftovers\n|-resisted|p1a: Hydreigon\n|-damage|p1a: Hydreigon|58\/100\n|\n|-heal|p1a: Hydreigon|64\/100|[from] item: Leftovers\n|-damage|p2a: \u6253\u6211\u8bd5\u8bd5\uff1f|77\/100|[from] move: Fire Spin|[partiallytrapped]\n|upkeep\n|turn|14\n|\n|t:|1700112717\n|move|p1a: Hydreigon|Taunt|p2a: \u6253\u6211\u8bd5\u8bd5\uff1f\n|-start|p2a: \u6253\u6211\u8bd5\u8bd5\uff1f|move: Taunt\n|move|p2a: \u6253\u6211\u8bd5\u8bd5\uff1f|Poltergeist|p1a: Hydreigon\n|-activate|p1a: Hydreigon|move: Poltergeist|Leftovers\n|-resisted|p1a: Hydreigon\n|-damage|p1a: Hydreigon|30\/100\n|\n|-heal|p1a: Hydreigon|36\/100|[from] item: Leftovers\n|-damage|p2a: \u6253\u6211\u8bd5\u8bd5\uff1f|65\/100|[from] move: Fire Spin|[partiallytrapped]\n|upkeep\n|turn|15\n|\n|t:|1700112724\n|move|p1a: Hydreigon|Earth Power|p2a: \u6253\u6211\u8bd5\u8bd5\uff1f\n|-damage|p2a: \u6253\u6211\u8bd5\u8bd5\uff1f|38\/100\n|move|p2a: \u6253\u6211\u8bd5\u8bd5\uff1f|Knock Off|p1a: Hydreigon\n|-resisted|p1a: Hydreigon\n|-damage|p1a: Hydreigon|16\/100\n|-enditem|p1a: Hydreigon|Leftovers|[from] move: Knock Off|[of] p2a: \u6253\u6211\u8bd5\u8bd5\uff1f\n|\n|-damage|p2a: \u6253\u6211\u8bd5\u8bd5\uff1f|25\/100|[from] move: Fire Spin|[partiallytrapped]\n|upkeep\n|turn|16\n|\n|t:|1700112731\n|move|p1a: Hydreigon|Roost|p1a: Hydreigon\n|-heal|p1a: Hydreigon|66\/100\n|-singleturn|p1a: Hydreigon|move: Roost\n|move|p2a: \u6253\u6211\u8bd5\u8bd5\uff1f|Knock Off|p1a: Hydreigon\n|-resisted|p1a: Hydreigon\n|-damage|p1a: Hydreigon|52\/100\n|\n|-damage|p2a: \u6253\u6211\u8bd5\u8bd5\uff1f|13\/100|[from] move: Fire Spin|[partiallytrapped]\n|-end|p2a: \u6253\u6211\u8bd5\u8bd5\uff1f|move: Taunt\n|upkeep\n|turn|17\n|\n|t:|1700112744\n|switch|p2a: \u7267\u5e08|Pawmot, M|94\/100 brn\n|-heal|p2a: \u7267\u5e08|100\/100|[from] move: Healing Wish\n|move|p1a: Hydreigon|Roost|p1a: Hydreigon\n|-heal|p1a: Hydreigon|100\/100\n|-singleturn|p1a: Hydreigon|move: Roost\n|\n|upkeep\n|turn|18\n|c|\u2606Richie2016|\u600e\u4e48\u4e0d\u6765\u73a9\u5427\u6c0f\u5fc3\u7406\u5b66\n|\n|t:|1700112772\n|move|p2a: \u7267\u5e08|Double Shock|p1a: Hydreigon\n|-resisted|p1a: Hydreigon\n|-damage|p1a: Hydreigon|72\/100\n|-start|p2a: \u7267\u5e08|typechange|???\/Fighting|[from] move: Double Shock\n|move|p1a: Hydreigon|Fire Spin|p2a: \u7267\u5e08\n|-damage|p2a: \u7267\u5e08|82\/100\n|-activate|p2a: \u7267\u5e08|move: Fire Spin|[of] p1a: Hydreigon\n|\n|-damage|p2a: \u7267\u5e08|70\/100|[from] move: Fire Spin|[partiallytrapped]\n|upkeep\n|turn|19\n|\n|t:|1700112781\n|move|p2a: \u7267\u5e08|Revival Blessing|p2a: \u7267\u5e08\n|\n|t:|1700112783\n|-heal|p2: \u5148\u950b|50\/100|[from] move: Revival Blessing\n|move|p1a: Hydreigon|Taunt|p2a: \u7267\u5e08\n|-start|p2a: \u7267\u5e08|move: Taunt\n|\n|-damage|p2a: \u7267\u5e08|58\/100|[from] move: Fire Spin|[partiallytrapped]\n|upkeep\n|turn|20\n|\n|t:|1700112789\n|move|p2a: \u7267\u5e08|Close Combat|p1a: Hydreigon\n|-supereffective|p1a: Hydreigon\n|-damage|p1a: Hydreigon|0 fnt\n|-unboost|p2a: \u7267\u5e08|def|1\n|-unboost|p2a: \u7267\u5e08|spd|1\n|faint|p1a: Hydreigon\n|\n|-end|p2a: \u7267\u5e08|Fire Spin|[partiallytrapped]|[silent]\n|upkeep\n|c|\u2606saigomm|\u73a9\u5c31\u73a9\u5457\n|\n|t:|1700112801\n|switch|p1a: Medicham|Medicham, F, shiny|100\/100\n|-damage|p1a: Medicham|94\/100|[from] Stealth Rock\n|turn|21\n|\n|t:|1700112804\n|switch|p2a: \u533b\u751f|Rabsca, M|100\/100\n|detailschange|p1a: Medicham|Medicham-Mega, F, shiny\n|-mega|p1a: Medicham|Medicham|Medichamite\n|move|p1a: Medicham|Fake Out|p2a: \u533b\u751f\n|-damage|p2a: \u533b\u751f|83\/100\n|\n|upkeep\n|turn|22\n|\n|t:|1700112815\n|switch|p1a: Alomomola|Alomomola, F|98\/100\n|move|p2a: \u533b\u751f|Trick Room|p2a: \u533b\u751f\n|-fieldstart|move: Trick Room|[of] p2a: \u533b\u751f\n|\n|upkeep\n|turn|23\n|\n|t:|1700112822\n|switch|p2a: \u5c0f\u9f99\u867e|Crawdaunt, M|100\/100\n|move|p1a: Alomomola|Toxic|p2a: \u5c0f\u9f99\u867e\n|-status|p2a: \u5c0f\u9f99\u867e|tox\n|\n|-damage|p2a: \u5c0f\u9f99\u867e|94\/100 tox|[from] psn\n|upkeep\n|turn|24\n|\n|t:|1700112835\n|move|p2a: \u5c0f\u9f99\u867e|Swords Dance|p2a: \u5c0f\u9f99\u867e\n|-boost|p2a: \u5c0f\u9f99\u867e|atk|2\n|move|p1a: Alomomola|Wish|p1a: Alomomola\n|\n|-damage|p2a: \u5c0f\u9f99\u867e|82\/100 tox|[from] psn\n|upkeep\n|turn|25\n|\n|t:|1700112843\n|move|p2a: \u5c0f\u9f99\u867e|Swords Dance|p2a: \u5c0f\u9f99\u867e\n|-boost|p2a: \u5c0f\u9f99\u867e|atk|2\n|move|p1a: Alomomola|Flip Turn|p2a: \u5c0f\u9f99\u867e\n|-resisted|p2a: \u5c0f\u9f99\u867e\n|-damage|p2a: \u5c0f\u9f99\u867e|73\/100 tox\n|\n|t:|1700112850\n|switch|p1a: Medicham|Medicham-Mega, F, shiny|94\/100|[from] Flip Turn\n|-damage|p1a: Medicham|88\/100|[from] Stealth Rock\n|\n|-heal|p1a: Medicham|100\/100|[from] move: Wish|[wisher] Alomomola\n|-damage|p2a: \u5c0f\u9f99\u867e|55\/100 tox|[from] psn\n|upkeep\n|turn|26\n|\n|t:|1700112855\n|move|p1a: Medicham|Fake Out|p2a: \u5c0f\u9f99\u867e\n|-damage|p2a: \u5c0f\u9f99\u867e|25\/100 tox\n|cant|p2a: \u5c0f\u9f99\u867e|flinch\n|\n|-damage|p2a: \u5c0f\u9f99\u867e|1\/100 tox|[from] psn\n|-fieldend|move: Trick Room\n|upkeep\n|turn|27\n|\n|t:|1700112866\n|switch|p1a: Gliscor|Gliscor, F, shiny|29\/100 tox\n|-damage|p1a: Gliscor|16\/100 tox|[from] Stealth Rock\n|move|p2a: \u5c0f\u9f99\u867e|Knock Off|p1a: Gliscor\n|-damage|p1a: Gliscor|0 fnt\n|-enditem|p1a: Gliscor|Toxic Orb|[from] move: Knock Off|[of] p2a: \u5c0f\u9f99\u867e\n|faint|p1a: Gliscor\n|-damage|p2a: \u5c0f\u9f99\u867e|0 fnt|[from] item: Life Orb\n|faint|p2a: \u5c0f\u9f99\u867e\n|\n|upkeep\n|\n|t:|1700112875\n|switch|p1a: Moltres|Moltres|80\/100\n|switch|p2a: \u5148\u950b|Victini|50\/100\n|turn|28\n|\n|t:|1700112880\n|move|p2a: \u5148\u950b|Bolt Strike|p1a: Moltres\n|-supereffective|p1a: Moltres\n|-damage|p1a: Moltres|34\/100\n|-status|p1a: Moltres|par\n|move|p1a: Moltres|Defog|p2a: \u5148\u950b\n|-unboost|p2a: \u5148\u950b|evasion|1\n|-sideend|p1: Richie2016|Stealth Rock|[from] move: Defog|[of] p1a: Moltres\n|\n|upkeep\n|turn|29\n|\n|t:|1700112896\n|move|p2a: \u5148\u950b|Bolt Strike|p1a: Moltres\n|-supereffective|p1a: Moltres\n|-damage|p1a: Moltres|0 fnt\n|faint|p1a: Moltres\n|\n|upkeep\n|\n|t:|1700112900\n|switch|p1a: Ogerpon|Ogerpon-Wellspring, F|100\/100\n|turn|30\n|\n|t:|1700112912\n|move|p2a: \u5148\u950b|Bolt Strike|p1a: Ogerpon\n|-damage|p1a: Ogerpon|58\/100\n|move|p1a: Ogerpon|Ivy Cudgel|p2a: \u5148\u950b|[anim] Ivy Cudgel Water\n|-supereffective|p2a: \u5148\u950b\n|-damage|p2a: \u5148\u950b|0 fnt\n|faint|p2a: \u5148\u950b\n|\n|upkeep\n|\n|t:|1700112915\n|switch|p2a: \u6253\u6211\u8bd5\u8bd5\uff1f|Banette-Mega, F|13\/100\n|turn|31\n|\n|t:|1700112923\n|switch|p2a: \u7267\u5e08|Pawmot, M|58\/100\n|move|p1a: Ogerpon|Encore||[still]\n|-fail|p1a: Ogerpon\n|\n|upkeep\n|turn|32\n|\n|t:|1700112933\n|move|p1a: Ogerpon|Horn Leech|p2a: \u7267\u5e08\n|-damage|p2a: \u7267\u5e08|0 fnt\n|-heal|p1a: Ogerpon|85\/100|[from] drain|[of] p2a: \u7267\u5e08\n|faint|p2a: \u7267\u5e08\n|\n|upkeep\n|\n|t:|1700112936\n|switch|p2a: \u6253\u6211\u8bd5\u8bd5\uff1f|Banette-Mega, F|13\/100\n|turn|33\n|\n|t:|1700112944\n|move|p1a: Ogerpon|Encore||[still]\n|-fail|p1a: Ogerpon\n|move|p2a: \u6253\u6211\u8bd5\u8bd5\uff1f|Poltergeist|p1a: Ogerpon\n|-activate|p1a: Ogerpon|move: Poltergeist|Wellspring Mask\n|-damage|p1a: Ogerpon|0 fnt\n|faint|p1a: Ogerpon\n|\n|upkeep\n|\n|t:|1700112952\n|switch|p1a: Alomomola|Alomomola, F|100\/100\n|turn|34\n|\n|t:|1700112956\n|switch|p2a: \u533b\u751f|Rabsca, M|83\/100\n|move|p1a: Alomomola|Toxic|p2a: \u533b\u751f\n|-status|p2a: \u533b\u751f|tox\n|-activate|p2a: \u533b\u751f|ability: Synchronize\n|-status|p1a: Alomomola|tox\n|\n|-damage|p1a: Alomomola|94\/100 tox|[from] psn\n|-damage|p2a: \u533b\u751f|76\/100 tox|[from] psn\n|upkeep\n|turn|35\n|\n|t:|1700112964\n|move|p1a: Alomomola|Flip Turn|p2a: \u533b\u751f\n|-damage|p2a: \u533b\u751f|63\/100 tox\n|\n|t:|1700112967\n|switch|p1a: Medicham|Medicham-Mega, F, shiny|100\/100|[from] Flip Turn\n|move|p2a: \u533b\u751f|Revival Blessing|p2a: \u533b\u751f\n|\n|t:|1700112976\n|-heal|p2: \u5c0f\u9f99\u867e|50\/100|[from] move: Revival Blessing\n|\n|-damage|p2a: \u533b\u751f|50\/100 tox|[from] psn\n|upkeep\n|turn|36\n|\n|t:|1700112982\n|move|p1a: Medicham|Fake Out|p2a: \u533b\u751f\n|-damage|p2a: \u533b\u751f|32\/100 tox\n|cant|p2a: \u533b\u751f|flinch\n|\n|-damage|p2a: \u533b\u751f|13\/100 tox|[from] psn\n|upkeep\n|turn|37\n|\n|t:|1700112989\n|move|p1a: Medicham|Ice Punch|p2a: \u533b\u751f\n|-damage|p2a: \u533b\u751f|0 fnt\n|faint|p2a: \u533b\u751f\n|\n|upkeep\n|\n|t:|1700112991\n|switch|p2a: \u5c0f\u9f99\u867e|Crawdaunt, M|50\/100\n|turn|38\n|\n|t:|1700112997\n|move|p1a: Medicham|Close Combat|p2a: \u5c0f\u9f99\u867e\n|-supereffective|p2a: \u5c0f\u9f99\u867e\n|-damage|p2a: \u5c0f\u9f99\u867e|0 fnt\n|-unboost|p1a: Medicham|def|1\n|-unboost|p1a: Medicham|spd|1\n|faint|p2a: \u5c0f\u9f99\u867e\n|\n|upkeep\n|\n|t:|1700112999\n|switch|p2a: \u6253\u6211\u8bd5\u8bd5\uff1f|Banette-Mega, F|13\/100\n|turn|39\n|\n|t:|1700113003\n|move|p1a: Medicham|Ice Punch|p2a: \u6253\u6211\u8bd5\u8bd5\uff1f\n|-damage|p2a: \u6253\u6211\u8bd5\u8bd5\uff1f|0 fnt\n|faint|p2a: \u6253\u6211\u8bd5\u8bd5\uff1f\n|\n|win|Richie2016\n|raw|Richie2016's rating: 1228 &rarr; <strong>1256<\/strong><br \/>(+28 for winning)\n|raw|saigomm's rating: 1267 &rarr; <strong>1239<\/strong><br \/>(-28 for losing)\n|l|\u2606saigomm\n","uploadtime":1700113010,"views":4,"p1id":"richie2016","p2id":"saigomm","formatid":"gen9nationaldex","rating":1239,"private":0,"password":""}