{"id":"gen9nationaldex-1987514868","p1":"h8for3v","p2":"kehantor","format":"[Gen 9] National Dex","log":"|j|\u2606h8for3v\n|j|\u2606kehantor\n|t:|1699604806\n|gametype|singles\n|player|p1|h8for3v|alec-anime|1170\n|player|p2|kehantor|169|1226\n|teamsize|p1|6\n|teamsize|p2|6\n|gen|9\n|tier|[Gen 9] National Dex\n|rated|\n|rule|HP Percentage Mod: HP is shown in percentages\n|rule|Endless Battle Clause: Forcing endless battles is banned\n|rule|OHKO Clause: OHKO moves are banned\n|rule|Evasion Clause: Evasion abilities, items, and moves are banned\n|rule|Evasion Abilities Clause: Evasion abilities are banned\n|rule|Evasion Items Clause: Evasion items are banned\n|rule|Evasion Moves Clause: Evasion moves are banned\n|rule|Species Clause: Limit one of each Pok\u00e9mon\n|rule|Sleep Clause Mod: Limit one foe put to sleep\n|clearpoke\n|poke|p1|Miltank, F|\n|poke|p1|Dragonite, M|\n|poke|p1|Tyrantrum, M|\n|poke|p1|Gengar, M|\n|poke|p1|Runerigus, M|\n|poke|p1|Ampharos, M|\n|poke|p2|Pelipper, M|\n|poke|p2|Zapdos|\n|poke|p2|Iron Valiant|\n|poke|p2|Kartana|\n|poke|p2|Basculegion, M|\n|poke|p2|Swampert, F|\n|teampreview\n|\n|t:|1699604816\n|start\n|switch|p1a: Gengar|Gengar, M, shiny|100\/100\n|switch|p2a: Pelipper|Pelipper, M|100\/100\n|-weather|RainDance|[from] ability: Drizzle|[of] p2a: Pelipper\n|turn|1\n|\n|t:|1699604827\n|switch|p2a: Swampert|Swampert, F|100\/100\n|-terastallize|p1a: Gengar|Ghost\n|move|p1a: Gengar|Shadow Ball|p2a: Swampert\n|-damage|p2a: Swampert|2\/100\n|\n|-weather|RainDance|[upkeep]\n|upkeep\n|turn|2\n|\n|t:|1699604847\n|detailschange|p2a: Swampert|Swampert-Mega, F\n|-mega|p2a: Swampert|Swampert|Swampertite\n|move|p2a: Swampert|Earthquake|p1a: Gengar\n|-damage|p1a: Gengar|0 fnt\n|faint|p1a: Gengar\n|\n|-weather|RainDance|[upkeep]\n|upkeep\n|\n|t:|1699604855\n|switch|p1a: Runerigus|Runerigus, M, shiny|100\/100\n|turn|3\n|\n|t:|1699604861\n|move|p2a: Swampert|Waterfall|p1a: Runerigus\n|-supereffective|p1a: Runerigus\n|-damage|p1a: Runerigus|6\/100\n|-activate|p1a: Runerigus|ability: Wandering Spirit|Swift Swim|Wandering Spirit|[of] p2a: Swampert\n|move|p1a: Runerigus|Toxic Spikes|p2a: Swampert\n|-sidestart|p2: kehantor|move: Toxic Spikes\n|\n|-weather|RainDance|[upkeep]\n|-heal|p1a: Runerigus|12\/100|[from] item: Leftovers\n|upkeep\n|turn|4\n|\n|t:|1699604881\n|switch|p1a: BLUEBERRYMILKSHAKE|Miltank, F, shiny|100\/100\n|move|p2a: Swampert|Earthquake|p1a: BLUEBERRYMILKSHAKE\n|-damage|p1a: BLUEBERRYMILKSHAKE|52\/100\n|\n|-weather|RainDance|[upkeep]\n|-heal|p1a: BLUEBERRYMILKSHAKE|58\/100|[from] item: Leftovers\n|upkeep\n|turn|5\n|\n|t:|1699604889\n|move|p1a: BLUEBERRYMILKSHAKE|Body Slam|p2a: Swampert\n|-damage|p2a: Swampert|0 fnt\n|-activate|p2a: Swampert|ability: Wandering Spirit|Scrappy|Wandering Spirit|[of] p1a: BLUEBERRYMILKSHAKE\n|faint|p2a: Swampert\n|\n|-weather|RainDance|[upkeep]\n|-heal|p1a: BLUEBERRYMILKSHAKE|64\/100|[from] item: Leftovers\n|upkeep\n|\n|t:|1699604898\n|switch|p2a: Kartana|Kartana|100\/100\n|turn|6\n|\n|t:|1699604904\n|-zpower|p2a: Kartana\n|move|p2a: Kartana|Bloom Doom|p1a: BLUEBERRYMILKSHAKE|[zeffect]\n|-damage|p1a: BLUEBERRYMILKSHAKE|0 fnt\n|faint|p1a: BLUEBERRYMILKSHAKE\n|-ability|p2a: Kartana|Beast Boost|boost\n|-boost|p2a: Kartana|atk|1\n|\n|-weather|RainDance|[upkeep]\n|upkeep\n|\n|t:|1699604916\n|switch|p1a: Ampharos|Ampharos, M, shiny|100\/100\n|turn|7\n|\n|t:|1699604923\n|detailschange|p1a: Ampharos|Ampharos-Mega, M, shiny\n|-mega|p1a: Ampharos|Ampharos|Ampharosite\n|-ability|p1a: Ampharos|Mold Breaker\n|move|p2a: Kartana|Leaf Blade|p1a: Ampharos\n|-resisted|p1a: Ampharos\n|-damage|p1a: Ampharos|60\/100\n|move|p1a: Ampharos|Focus Blast|p2a: Kartana\n|-supereffective|p2a: Kartana\n|-damage|p2a: Kartana|0 fnt\n|faint|p2a: Kartana\n|\n|-weather|RainDance|[upkeep]\n|upkeep\n|\n|t:|1699604938\n|switch|p2a: Iron Valiant|Iron Valiant|100\/100\n|-status|p2a: Iron Valiant|psn\n|-enditem|p2a: Iron Valiant|Booster Energy\n|-activate|p2a: Iron Valiant|ability: Quark Drive|[fromitem]\n|-start|p2a: Iron Valiant|quarkdrivespe\n|turn|8\n|\n|t:|1699604949\n|switch|p1a: Runerigus|Runerigus, M, shiny|12\/100\n|move|p2a: Iron Valiant|Moonblast|p1a: Runerigus\n|-damage|p1a: Runerigus|0 fnt\n|faint|p1a: Runerigus\n|\n|-weather|none\n|-damage|p2a: Iron Valiant|88\/100 psn|[from] psn\n|upkeep\n|\n|t:|1699604958\n|switch|p1a: Ampharos|Ampharos-Mega, M, shiny|60\/100\n|-ability|p1a: Ampharos|Mold Breaker\n|turn|9\n|\n|t:|1699604969\n|move|p2a: Iron Valiant|Moonblast|p1a: Ampharos\n|-supereffective|p1a: Ampharos\n|-damage|p1a: Ampharos|0 fnt\n|faint|p1a: Ampharos\n|\n|-damage|p2a: Iron Valiant|76\/100 psn|[from] psn\n|upkeep\n|\n|t:|1699604975\n|switch|p1a: George|Dragonite, M|100\/100\n|turn|10\n|\n|t:|1699604984\n|move|p2a: Iron Valiant|Moonblast|p1a: George\n|-supereffective|p1a: George\n|-damage|p1a: George|53\/100\n|-unboost|p1a: George|spa|1\n|move|p1a: George|Dragon Dance|p1a: George\n|-boost|p1a: George|atk|1\n|-boost|p1a: George|spe|1\n|\n|-damage|p2a: Iron Valiant|63\/100 psn|[from] psn\n|upkeep\n|turn|11\n|\n|t:|1699604997\n|move|p1a: George|Extreme Speed|p2a: Iron Valiant\n|-damage|p2a: Iron Valiant|0 fnt\n|faint|p2a: Iron Valiant\n|-end|p2a: Iron Valiant|Quark Drive|[silent]\n|\n|upkeep\n|\n|t:|1699605002\n|switch|p2a: Pelipper|Pelipper, M|100\/100\n|-weather|RainDance|[from] ability: Drizzle|[of] p2a: Pelipper\n|turn|12\n|\n|t:|1699605011\n|switch|p2a: Basculegion|Basculegion, M|100\/100\n|-status|p2a: Basculegion|psn\n|move|p1a: George|Thunder Punch|p2a: Basculegion\n|-supereffective|p2a: Basculegion\n|-crit|p2a: Basculegion\n|-damage|p2a: Basculegion|0 fnt\n|faint|p2a: Basculegion\n|\n|-weather|RainDance|[upkeep]\n|upkeep\n|\n|t:|1699605021\n|switch|p2a: Zapdos|Zapdos|100\/100\n|turn|13\n|\n|t:|1699605027\n|move|p1a: George|Extreme Speed|p2a: Zapdos\n|-damage|p2a: Zapdos|46\/100\n|move|p2a: Zapdos|Hurricane|p1a: George\n|-damage|p1a: George|0 fnt\n|faint|p1a: George\n|\n|-weather|RainDance|[upkeep]\n|upkeep\n|\n|t:|1699605034\n|switch|p1a: Big boye|Tyrantrum, M, shiny|100\/100\n|turn|14\n|\n|t:|1699605062\n|-terastallize|p2a: Zapdos|Water\n|move|p2a: Zapdos|Hurricane|p1a: Big boye\n|-resisted|p1a: Big boye\n|-damage|p1a: Big boye|60\/100\n|move|p1a: Big boye|Rock Slide|p2a: Zapdos\n|-damage|p2a: Zapdos|0 fnt\n|faint|p2a: Zapdos\n|\n|-weather|RainDance|[upkeep]\n|upkeep\n|\n|t:|1699605073\n|switch|p2a: Pelipper|Pelipper, M|100\/100\n|turn|15\n|\n|t:|1699605084\n|move|p1a: Big boye|Outrage|p2a: Pelipper\n|-damage|p2a: Pelipper|53\/100\n|move|p2a: Pelipper|Hydro Pump|p1a: Big boye\n|-damage|p1a: Big boye|0 fnt\n|faint|p1a: Big boye\n|\n|win|kehantor\n|raw|h8for3v's rating: 1170 &rarr; <strong>1149<\/strong><br \/>(-21 for losing)\n|raw|kehantor's rating: 1226 &rarr; <strong>1247<\/strong><br \/>(+21 for winning)\n|l|\u2606h8for3v\n","uploadtime":1699605091,"views":4,"p1id":"h8for3v","p2id":"kehantor","formatid":"gen9nationaldex","rating":1149,"private":0,"password":""}