{"id":"gen9nationaldex-1989799175","p1":"HannibalKanter","p2":"danchodon","format":"[Gen 9] National Dex","log":"|j|\u203dHannibalKanter\n|j|\u2606danchodon\n|t:|1699896715\n|gametype|singles\n|player|p1|HannibalKanter|blaine|1249\n|player|p2|danchodon|brycenman|1166\n|teamsize|p1|6\n|teamsize|p2|6\n|gen|9\n|tier|[Gen 9] National Dex\n|rated|\n|rule|HP Percentage Mod: HP is shown in percentages\n|rule|Endless Battle Clause: Forcing endless battles is banned\n|rule|OHKO Clause: OHKO moves are banned\n|rule|Evasion Clause: Evasion abilities, items, and moves are banned\n|rule|Evasion Abilities Clause: Evasion abilities are banned\n|rule|Evasion Items Clause: Evasion items are banned\n|rule|Evasion Moves Clause: Evasion moves are banned\n|rule|Species Clause: Limit one of each Pok\u00e9mon\n|rule|Sleep Clause Mod: Limit one foe put to sleep\n|clearpoke\n|poke|p1|Slaking, M|\n|poke|p1|Pawmot, F|\n|poke|p1|Clodsire, F|\n|poke|p1|Alomomola, F|\n|poke|p1|Runerigus, F|\n|poke|p1|Scizor, F|\n|poke|p2|Hydreigon, M|\n|poke|p2|Kartana|\n|poke|p2|Gallade, M|\n|poke|p2|Ceruledge, F|\n|poke|p2|Dragalge, M|\n|poke|p2|Aggron, F|\n|teampreview\n|inactive|Battle timer is ON: inactive players will automatically lose when time's up. (requested by danchodon)\n|inactive|HannibalKanter also wants the timer to be on.\n|\n|t:|1699896722\n|start\n|switch|p1a: Scizor|Scizor, F|100\/100\n|switch|p2a: Dragalge|Dragalge, M|100\/100\n|turn|1\n|\n|t:|1699896730\n|switch|p2a: Hydreigon|Hydreigon, M|100\/100\n|detailschange|p1a: Scizor|Scizor-Mega, F\n|-mega|p1a: Scizor|Scizor|Scizorite\n|move|p1a: Scizor|Bullet Punch|p2a: Hydreigon\n|-damage|p2a: Hydreigon|52\/100\n|\n|-heal|p2a: Hydreigon|59\/100|[from] item: Leftovers\n|upkeep\n|turn|2\n|\n|t:|1699896741\n|switch|p1a: Clodsire|Clodsire, F|100\/100\n|move|p2a: Hydreigon|Flamethrower|p1a: Clodsire\n|-damage|p1a: Clodsire|83\/100\n|\n|-heal|p2a: Hydreigon|65\/100|[from] item: Leftovers\n|-heal|p1a: Clodsire|89\/100|[from] item: Leftovers\n|upkeep\n|turn|3\n|\n|t:|1699896752\n|move|p2a: Hydreigon|Dark Pulse|p1a: Clodsire\n|-damage|p1a: Clodsire|67\/100\n|move|p1a: Clodsire|Toxic|p2a: Hydreigon\n|-status|p2a: Hydreigon|tox\n|\n|-heal|p2a: Hydreigon|71\/100 tox|[from] item: Leftovers\n|-heal|p1a: Clodsire|73\/100|[from] item: Leftovers\n|-damage|p2a: Hydreigon|65\/100 tox|[from] psn\n|upkeep\n|turn|4\n|\n|t:|1699896763\n|switch|p2a: Kartana|Kartana|100\/100\n|switch|p1a: Alomomola|Alomomola, F|100\/100\n|\n|upkeep\n|turn|5\n|\n|t:|1699896770\n|move|p2a: Kartana|Leaf Blade|p1a: Alomomola\n|-supereffective|p1a: Alomomola\n|-damage|p1a: Alomomola|39\/100\n|-damage|p2a: Kartana|84\/100|[from] item: Rocky Helmet|[of] p1a: Alomomola\n|move|p1a: Alomomola|Flip Turn|p2a: Kartana\n|-resisted|p2a: Kartana\n|-damage|p2a: Kartana|75\/100\n|\n|t:|1699896786\n|switch|p1a: Runerigus|Runerigus, F|100\/100|[from] Flip Turn\n|\n|upkeep\n|turn|6\n|\n|t:|1699896790\n|move|p2a: Kartana|Leaf Blade|p1a: Runerigus\n|-supereffective|p1a: Runerigus\n|-damage|p1a: Runerigus|27\/100\n|-damage|p2a: Kartana|59\/100|[from] item: Rocky Helmet|[of] p1a: Runerigus\n|-activate|p1a: Runerigus|ability: Wandering Spirit|Beast Boost|Wandering Spirit|[of] p2a: Kartana\n|move|p1a: Runerigus|Will-O-Wisp|p2a: Kartana\n|-status|p2a: Kartana|brn\n|\n|-damage|p2a: Kartana|53\/100 brn|[from] brn\n|upkeep\n|turn|7\n|\n|t:|1699896804\n|switch|p1a: Scizor|Scizor-Mega, F|100\/100\n|move|p2a: Kartana|Leaf Blade|p1a: Scizor\n|-resisted|p1a: Scizor\n|-damage|p1a: Scizor|95\/100\n|\n|-damage|p2a: Kartana|46\/100 brn|[from] brn\n|upkeep\n|turn|8\n|\n|t:|1699896820\n|switch|p2a: Aggron|Aggron, F|100\/100\n|move|p1a: Scizor|U-turn|p2a: Aggron\n|-resisted|p2a: Aggron\n|-damage|p2a: Aggron|86\/100\n|\n|t:|1699896826\n|switch|p1a: Alomomola|Alomomola, F|73\/100|[from] U-turn\n|\n|upkeep\n|turn|9\n|\n|t:|1699896832\n|detailschange|p2a: Aggron|Aggron-Mega, F\n|-mega|p2a: Aggron|Aggron|Aggronite\n|move|p1a: Alomomola|Wish|p1a: Alomomola\n|move|p2a: Aggron|Iron Defense|p2a: Aggron\n|-boost|p2a: Aggron|def|2\n|\n|upkeep\n|turn|10\n|\n|t:|1699896840\n|move|p1a: Alomomola|Flip Turn|p2a: Aggron\n|-damage|p2a: Aggron|81\/100\n|\n|t:|1699896843\n|switch|p1a: Runerigus|Runerigus, F|27\/100|[from] Flip Turn\n|move|p2a: Aggron|Iron Defense|p2a: Aggron\n|-boost|p2a: Aggron|def|2\n|\n|-heal|p1a: Runerigus|100\/100|[from] move: Wish|[wisher] Alomomola\n|upkeep\n|turn|11\n|\n|t:|1699896855\n|move|p2a: Aggron|Heavy Slam|p1a: Runerigus\n|-damage|p1a: Runerigus|64\/100\n|-damage|p2a: Aggron|65\/100|[from] item: Rocky Helmet|[of] p1a: Runerigus\n|-activate|p1a: Runerigus|ability: Wandering Spirit|Filter|Wandering Spirit|[of] p2a: Aggron\n|move|p1a: Runerigus|Will-O-Wisp|p2a: Aggron\n|-status|p2a: Aggron|brn\n|\n|-damage|p2a: Aggron|59\/100 brn|[from] brn\n|upkeep\n|turn|12\n|l|\u2606danchodon\n|inactive|danchodon disconnected and has a minute to reconnect!\n|player|p2|\n|inactive|danchodon has 30 seconds to reconnect!\n|j|\u2606danchodon\n|inactive|danchodon reconnected and has 100 seconds left.\n|player|p2|danchodon|brycenman\n|\n|t:|1699896914\n|move|p2a: Aggron|Heavy Slam|p1a: Runerigus\n|-damage|p1a: Runerigus|46\/100\n|-damage|p2a: Aggron|42\/100 brn|[from] item: Rocky Helmet|[of] p1a: Runerigus\n|move|p1a: Runerigus|Stealth Rock|p2a: Aggron\n|-sidestart|p2: danchodon|move: Stealth Rock\n|\n|-damage|p2a: Aggron|36\/100 brn|[from] brn\n|upkeep\n|turn|13\n|\n|t:|1699896923\n|switch|p1a: Alomomola|Alomomola, F|100\/100\n|move|p2a: Aggron|High Horsepower|p1a: Alomomola\n|-damage|p1a: Alomomola|92\/100\n|-damage|p2a: Aggron|20\/100 brn|[from] item: Rocky Helmet|[of] p1a: Alomomola\n|\n|-damage|p2a: Aggron|14\/100 brn|[from] brn\n|upkeep\n|turn|14\n|\n|t:|1699896939\n|switch|p2a: Kartana|Kartana|46\/100 brn\n|-damage|p2a: Kartana|40\/100 brn|[from] Stealth Rock\n|move|p1a: Alomomola|Wish|p1a: Alomomola\n|\n|-damage|p2a: Kartana|34\/100 brn|[from] brn\n|upkeep\n|turn|15\n|\n|t:|1699896949\n|move|p2a: Kartana|Defog|p1a: Alomomola\n|-unboost|p1a: Alomomola|evasion|1\n|-sideend|p2: danchodon|Stealth Rock|[from] move: Defog|[of] p2a: Kartana\n|move|p1a: Alomomola|Flip Turn|p2a: Kartana\n|-resisted|p2a: Kartana\n|-damage|p2a: Kartana|26\/100 brn\n|\n|t:|1699896955\n|switch|p1a: Runerigus|Runerigus, F|46\/100|[from] Flip Turn\n|\n|-heal|p1a: Runerigus|100\/100|[from] move: Wish|[wisher] Alomomola\n|-damage|p2a: Kartana|19\/100 brn|[from] brn\n|upkeep\n|turn|16\n|\n|t:|1699896966\n|switch|p2a: Hydreigon|Hydreigon, M|65\/100 tox\n|move|p1a: Runerigus|Body Press|p2a: Hydreigon\n|-supereffective|p2a: Hydreigon\n|-damage|p2a: Hydreigon|0 fnt\n|faint|p2a: Hydreigon\n|\n|upkeep\n|\n|t:|1699896976\n|switch|p2a: Dragalge|Dragalge, M|100\/100\n|turn|17\n|\n|t:|1699896985\n|move|p2a: Dragalge|Draco Meteor|p1a: Runerigus\n|-damage|p1a: Runerigus|25\/100\n|-unboost|p2a: Dragalge|spa|2\n|move|p1a: Runerigus|Stealth Rock|p2a: Dragalge\n|-sidestart|p2: danchodon|move: Stealth Rock\n|\n|upkeep\n|turn|18\n|inactive|danchodon has 120 seconds left.\n|\n|t:|1699896994\n|switch|p1a: Scizor|Scizor-Mega, F|95\/100\n|move|p2a: Dragalge|Haze|p2a: Dragalge\n|-clearallboost\n|\n|upkeep\n|turn|19\n|\n|t:|1699897001\n|move|p1a: Scizor|Bullet Punch|p2a: Dragalge\n|-crit|p2a: Dragalge\n|-damage|p2a: Dragalge|23\/100\n|move|p2a: Dragalge|Draco Meteor|p1a: Scizor\n|-resisted|p1a: Scizor\n|-damage|p1a: Scizor|56\/100\n|-unboost|p2a: Dragalge|spa|2\n|\n|-heal|p2a: Dragalge|29\/100|[from] item: Black Sludge\n|upkeep\n|turn|20\n|\n|t:|1699897016\n|switch|p2a: Aggron|Aggron-Mega, F|14\/100 brn\n|-damage|p2a: Aggron|8\/100 brn|[from] Stealth Rock\n|move|p1a: Scizor|Bullet Punch|p2a: Aggron\n|-resisted|p2a: Aggron\n|-damage|p2a: Aggron|0 fnt\n|faint|p2a: Aggron\n|\n|upkeep\n|inactive|danchodon has 120 seconds left.\n|\n|t:|1699897028\n|switch|p2a: Gallade|Gallade, M|100\/100\n|-damage|p2a: Gallade|94\/100|[from] Stealth Rock\n|turn|21\n|\n|t:|1699897037\n|switch|p1a: Alomomola|Alomomola, F|100\/100\n|move|p2a: Gallade|Sacred Sword|p1a: Alomomola\n|-damage|p1a: Alomomola|50\/100\n|-damage|p2a: Gallade|78\/100|[from] item: Rocky Helmet|[of] p1a: Alomomola\n|-damage|p2a: Gallade|68\/100|[from] item: Life Orb\n|\n|upkeep\n|turn|22\n|\n|t:|1699897047\n|switch|p1a: Runerigus|Runerigus, F|25\/100\n|move|p2a: Gallade|Night Slash|p1a: Runerigus\n|-supereffective|p1a: Runerigus\n|-damage|p1a: Runerigus|0 fnt\n|-damage|p2a: Gallade|51\/100|[from] item: Rocky Helmet|[of] p1a: Runerigus\n|-activate|p1a: Runerigus|ability: Wandering Spirit|Sharpness|Wandering Spirit|[of] p2a: Gallade\n|faint|p1a: Runerigus\n|-damage|p2a: Gallade|42\/100|[from] item: Life Orb\n|\n|upkeep\n|\n|t:|1699897056\n|switch|p1a: Slaking|Slaking, M|100\/100\n|turn|23\n|\n|t:|1699897066\n|move|p1a: Slaking|Facade|p2a: Gallade\n|-damage|p2a: Gallade|0 fnt\n|-activate|p2a: Gallade|ability: Wandering Spirit|Truant|Wandering Spirit|[of] p1a: Slaking\n|faint|p2a: Gallade\n|\n|upkeep\n|inactive|danchodon has 120 seconds left.\n|\n|t:|1699897098\n|switch|p2a: Ceruledge|Ceruledge, F|100\/100\n|turn|24\n|\n|t:|1699897104\n|move|p1a: Slaking|Earthquake|p2a: Ceruledge\n|-supereffective|p2a: Ceruledge\n|-damage|p2a: Ceruledge|0 fnt\n|faint|p2a: Ceruledge\n|\n|upkeep\n|\n|t:|1699897109\n|switch|p2a: Kartana|Kartana|19\/100 brn\n|-damage|p2a: Kartana|13\/100 brn|[from] Stealth Rock\n|turn|25\n|\n|t:|1699897114\n|move|p2a: Kartana|Sacred Sword|p1a: Slaking\n|-supereffective|p1a: Slaking\n|-damage|p1a: Slaking|69\/100\n|-activate|p1a: Slaking|ability: Wandering Spirit|Beast Boost|Wandering Spirit|[of] p2a: Kartana\n|move|p1a: Slaking|Drain Punch|p2a: Kartana\n|-supereffective|p2a: Kartana\n|-damage|p2a: Kartana|0 fnt\n|-heal|p1a: Slaking|72\/100|[from] drain|[of] p2a: Kartana\n|-activate|p2a: Kartana|ability: Wandering Spirit|Beast Boost|Wandering Spirit|[of] p1a: Slaking\n|faint|p2a: Kartana\n|\n|upkeep\n|inactive|danchodon has 120 seconds left.\n|\n|t:|1699897128\n|switch|p2a: Dragalge|Dragalge, M|29\/100\n|-damage|p2a: Dragalge|17\/100|[from] Stealth Rock\n|turn|26\n|inactive|danchodon has 120 seconds left.\n|l|\u2606danchodon\n|inactive|danchodon disconnected and has a minute to reconnect!\n|player|p2|\n|inactive|danchodon has 30 seconds to reconnect!\n|inactive|danchodon has 20 seconds to reconnect!\n|inactive|danchodon has 15 seconds to reconnect!\n|inactive|danchodon has 10 seconds to reconnect!\n|inactive|danchodon has 5 seconds to reconnect!\n|-message|danchodon lost due to inactivity.\n|\n|win|HannibalKanter\n|raw|HannibalKanter's rating: 1249 &rarr; <strong>1268<\/strong><br \/>(+19 for winning)\n|raw|danchodon's rating: 1166 &rarr; <strong>1147<\/strong><br \/>(-19 for losing)\n","uploadtime":1699897204,"views":5,"p1id":"hannibalkanter","p2id":"danchodon","formatid":"gen9nationaldex","rating":1147,"private":0,"password":""}