{"id":"gen9nationaldex-1992397286","p1":"DerpyVaporeon","p2":"PaleSwordsman_666","format":"[Gen 9] National Dex","log":"|j|\u2606DerpyVaporeon\n|j|\u2606PaleSwordsman_666\n|t:|1700182824\n|gametype|singles\n|player|p1|DerpyVaporeon|misty|1178\n|player|p2|PaleSwordsman_666|cynthia-gen4|1182\n|teamsize|p1|6\n|teamsize|p2|6\n|gen|9\n|tier|[Gen 9] National Dex\n|rated|\n|rule|HP Percentage Mod: HP is shown in percentages\n|rule|Endless Battle Clause: Forcing endless battles is banned\n|rule|OHKO Clause: OHKO moves are banned\n|rule|Evasion Clause: Evasion abilities, items, and moves are banned\n|rule|Evasion Abilities Clause: Evasion abilities are banned\n|rule|Evasion Items Clause: Evasion items are banned\n|rule|Evasion Moves Clause: Evasion moves are banned\n|rule|Species Clause: Limit one of each Pok\u00e9mon\n|rule|Sleep Clause Mod: Limit one foe put to sleep\n|clearpoke\n|poke|p1|Toxapex, M|\n|poke|p1|Reuniclus, F|\n|poke|p1|Lopunny, M|\n|poke|p1|Ferrothorn, M|\n|poke|p1|Garchomp, M|\n|poke|p1|Zapdos|\n|poke|p2|Mamoswine, F|\n|poke|p2|Feraligatr, M|\n|poke|p2|Florges-White, F|\n|poke|p2|Landorus-Therian, M|\n|poke|p2|Blaziken, M|\n|poke|p2|Xurkitree|\n|teampreview\n|inactive|Battle timer is ON: inactive players will automatically lose when time's up. (requested by DerpyVaporeon)\n|\n|t:|1700182845\n|start\n|switch|p1a: Ferrothorn|Ferrothorn, M, shiny|100\/100\n|switch|p2a: Mamoswine|Mamoswine, F|100\/100\n|turn|1\n|inactive|DerpyVaporeon has 120 seconds left.\n|\n|t:|1700182879\n|move|p2a: Mamoswine|Knock Off|p1a: Ferrothorn\n|-damage|p1a: Ferrothorn|63\/100\n|-damage|p2a: Mamoswine|88\/100|[from] ability: Iron Barbs|[of] p1a: Ferrothorn\n|-enditem|p1a: Ferrothorn|Leftovers|[from] move: Knock Off|[of] p2a: Mamoswine\n|-damage|p2a: Mamoswine|78\/100|[from] item: Life Orb\n|move|p1a: Ferrothorn|Leech Seed|p2a: Mamoswine\n|-start|p2a: Mamoswine|move: Leech Seed\n|\n|-damage|p2a: Mamoswine|66\/100|[from] Leech Seed|[of] p1a: Ferrothorn\n|-heal|p1a: Ferrothorn|75\/100|[silent]\n|upkeep\n|turn|2\n|\n|t:|1700182891\n|switch|p1a: Zapdos|Zapdos, shiny|100\/100\n|move|p2a: Mamoswine|Earthquake|p1a: Zapdos\n|-immune|p1a: Zapdos\n|\n|-damage|p2a: Mamoswine|53\/100|[from] Leech Seed|[of] p1a: Zapdos\n|upkeep\n|turn|3\n|\n|t:|1700182896\n|move|p1a: Zapdos|Heat Wave|p2a: Mamoswine\n|-supereffective|p2a: Mamoswine\n|-damage|p2a: Mamoswine|0 fnt\n|faint|p2a: Mamoswine\n|\n|upkeep\n|\n|t:|1700182906\n|switch|p2a: Landorus|Landorus-Therian, M|100\/100\n|-ability|p2a: Landorus|Intimidate|boost\n|-unboost|p1a: Zapdos|atk|1\n|turn|4\n|\n|t:|1700182912\n|switch|p1a: Toxapex|Toxapex, M, shiny|100\/100\n|move|p2a: Landorus|Knock Off|p1a: Toxapex\n|-damage|p1a: Toxapex|78\/100\n|-enditem|p1a: Toxapex|Black Sludge|[from] move: Knock Off|[of] p2a: Landorus\n|\n|upkeep\n|turn|5\n|\n|t:|1700182927\n|switch|p2a: Blaziken|Blaziken, M, shiny|100\/100\n|move|p1a: Toxapex|Toxic Spikes|p2a: Blaziken\n|-sidestart|p2: PaleSwordsman_666|move: Toxic Spikes\n|\n|upkeep\n|turn|6\n|\n|t:|1700182932\n|move|p2a: Blaziken|Swords Dance|p2a: Blaziken\n|-boost|p2a: Blaziken|atk|2\n|move|p1a: Toxapex|Haze|p1a: Toxapex\n|-clearallboost\n|\n|-ability|p2a: Blaziken|Speed Boost|boost\n|-boost|p2a: Blaziken|spe|1\n|upkeep\n|turn|7\n|\n|t:|1700182936\n|move|p2a: Blaziken|Swords Dance|p2a: Blaziken\n|-boost|p2a: Blaziken|atk|2\n|move|p1a: Toxapex|Scald|p2a: Blaziken\n|-supereffective|p2a: Blaziken\n|-damage|p2a: Blaziken|48\/100\n|\n|-ability|p2a: Blaziken|Speed Boost|boost\n|-boost|p2a: Blaziken|spe|1\n|upkeep\n|turn|8\n|\n|t:|1700182941\n|move|p2a: Blaziken|High Jump Kick|p1a: Toxapex\n|-resisted|p1a: Toxapex\n|-damage|p1a: Toxapex|41\/100\n|move|p1a: Toxapex|Toxic Spikes|p2a: Blaziken\n|-sidestart|p2: PaleSwordsman_666|move: Toxic Spikes\n|\n|-ability|p2a: Blaziken|Speed Boost|boost\n|-boost|p2a: Blaziken|spe|1\n|upkeep\n|turn|9\n|\n|t:|1700182948\n|-terastallize|p2a: Blaziken|Fire\n|move|p2a: Blaziken|Flare Blitz|p1a: Toxapex\n|-resisted|p1a: Toxapex\n|-damage|p1a: Toxapex|0 fnt\n|faint|p1a: Toxapex\n|-damage|p2a: Blaziken|35\/100|[from] Recoil\n|\n|-ability|p2a: Blaziken|Speed Boost|boost\n|-boost|p2a: Blaziken|spe|1\n|upkeep\n|\n|t:|1700182955\n|switch|p1a: Lopunny|Lopunny, M, shiny|100\/100\n|turn|10\n|\n|t:|1700182959\n|detailschange|p1a: Lopunny|Lopunny-Mega, M, shiny\n|-mega|p1a: Lopunny|Lopunny|Lopunnite\n|move|p2a: Blaziken|Protect|p2a: Blaziken\n|-singleturn|p2a: Blaziken|Protect\n|move|p1a: Lopunny|Fake Out|p2a: Blaziken\n|-activate|p2a: Blaziken|move: Protect\n|\n|-ability|p2a: Blaziken|Speed Boost|boost\n|-boost|p2a: Blaziken|spe|1\n|upkeep\n|turn|11\n|\n|t:|1700182967\n|move|p1a: Lopunny|Quick Attack|p2a: Blaziken\n|-damage|p2a: Blaziken|2\/100\n|move|p2a: Blaziken|High Jump Kick|p1a: Lopunny\n|-supereffective|p1a: Lopunny\n|-damage|p1a: Lopunny|0 fnt\n|faint|p1a: Lopunny\n|\n|-ability|p2a: Blaziken|Speed Boost|boost\n|-boost|p2a: Blaziken|spe|1\n|upkeep\n|\n|t:|1700182971\n|switch|p1a: Ferrothorn|Ferrothorn, M, shiny|75\/100\n|turn|12\n|\n|t:|1700182975\n|move|p2a: Blaziken|High Jump Kick|p1a: Ferrothorn\n|-supereffective|p1a: Ferrothorn\n|-damage|p1a: Ferrothorn|0 fnt\n|-damage|p2a: Blaziken|0 fnt|[from] ability: Iron Barbs|[of] p1a: Ferrothorn\n|faint|p1a: Ferrothorn\n|faint|p2a: Blaziken\n|\n|upkeep\n|\n|t:|1700182995\n|switch|p2a: Florges|Florges-White, F, shiny|100\/100\n|switch|p1a: Reuniclus|Reuniclus, F, shiny|100\/100\n|-status|p2a: Florges|tox\n|turn|13\n|\n|t:|1700183001\n|move|p2a: Florges|Defog|p1a: Reuniclus\n|-unboost|p1a: Reuniclus|evasion|1\n|-sideend|p2: PaleSwordsman_666|Toxic Spikes|[from] move: Defog|[of] p2a: Florges\n|move|p1a: Reuniclus|Calm Mind|p1a: Reuniclus\n|-boost|p1a: Reuniclus|spa|1\n|-boost|p1a: Reuniclus|spd|1\n|\n|-damage|p2a: Florges|94\/100 tox|[from] psn\n|upkeep\n|turn|14\n|\n|t:|1700183010\n|switch|p2a: Xurkitree|Xurkitree|100\/100\n|move|p1a: Reuniclus|Calm Mind|p1a: Reuniclus\n|-boost|p1a: Reuniclus|spa|1\n|-boost|p1a: Reuniclus|spd|1\n|\n|upkeep\n|turn|15\n|\n|t:|1700183016\n|-zpower|p2a: Xurkitree\n|move|p2a: Xurkitree|Z-Hypnosis|p1a: Reuniclus|[anim]Hypnosis\n|-boost|p2a: Xurkitree|spe|1|[zeffect]\n|-status|p1a: Reuniclus|slp|[from] move: Hypnosis\n|cant|p1a: Reuniclus|slp\n|\n|upkeep\n|turn|16\n|\n|t:|1700183021\n|move|p2a: Xurkitree|Tail Glow|p2a: Xurkitree\n|-boost|p2a: Xurkitree|spa|3\n|cant|p1a: Reuniclus|slp\n|\n|upkeep\n|turn|17\n|\n|t:|1700183025\n|move|p2a: Xurkitree|Tail Glow|p2a: Xurkitree\n|-boost|p2a: Xurkitree|spa|3\n|-curestatus|p1a: Reuniclus|slp|[msg]\n|move|p1a: Reuniclus|Calm Mind|p1a: Reuniclus\n|-boost|p1a: Reuniclus|spa|1\n|-boost|p1a: Reuniclus|spd|1\n|\n|upkeep\n|turn|18\n|\n|t:|1700183031\n|move|p2a: Xurkitree|Hypnosis|p1a: Reuniclus\n|-status|p1a: Reuniclus|slp|[from] move: Hypnosis\n|cant|p1a: Reuniclus|slp\n|\n|upkeep\n|turn|19\n|\n|t:|1700183034\n|move|p2a: Xurkitree|Thunderbolt|p1a: Reuniclus\n|-damage|p1a: Reuniclus|38\/100 slp\n|-curestatus|p1a: Reuniclus|slp|[msg]\n|move|p1a: Reuniclus|Calm Mind|p1a: Reuniclus\n|-boost|p1a: Reuniclus|spa|1\n|-boost|p1a: Reuniclus|spd|1\n|\n|-heal|p1a: Reuniclus|44\/100|[from] item: Leftovers\n|upkeep\n|turn|20\n|\n|t:|1700183041\n|move|p2a: Xurkitree|Thunderbolt|p1a: Reuniclus\n|-damage|p1a: Reuniclus|0 fnt\n|faint|p1a: Reuniclus\n|\n|upkeep\n|c|\u2606DerpyVaporeon|gang u suck\n|\n|t:|1700183055\n|switch|p1a: Garchomp|Garchomp, M, shiny|100\/100\n|turn|21\n|c|\u2606PaleSwordsman_666|Lol\n|c|\u2606PaleSwordsman_666|GG\n|\n|t:|1700183063\n|-terastallize|p1a: Garchomp|Steel\n|move|p1a: Garchomp|Earthquake|p2a: Xurkitree\n|-supereffective|p2a: Xurkitree\n|-damage|p2a: Xurkitree|0 fnt\n|faint|p2a: Xurkitree\n|\n|upkeep\n|c|\u2606DerpyVaporeon|stupid\n|\n|t:|1700183068\n|switch|p2a: Landorus|Landorus-Therian, M|100\/100\n|-ability|p2a: Landorus|Intimidate|boost\n|-unboost|p1a: Garchomp|atk|1\n|turn|22\n|\n|t:|1700183072\n|switch|p1a: Zapdos|Zapdos, shiny|100\/100\n|move|p2a: Landorus|Stone Edge|p1a: Zapdos\n|-supereffective|p1a: Zapdos\n|-damage|p1a: Zapdos|4\/100\n|\n|upkeep\n|turn|23\n|\n|t:|1700183077\n|move|p2a: Landorus|Stone Edge|p1a: Zapdos|[miss]\n|-miss|p2a: Landorus|p1a: Zapdos\n|move|p1a: Zapdos|Heat Wave|p2a: Landorus\n|-damage|p2a: Landorus|63\/100\n|\n|upkeep\n|turn|24\n|\n|t:|1700183083\n|move|p2a: Landorus|Stone Edge|p1a: Zapdos\n|-supereffective|p1a: Zapdos\n|-damage|p1a: Zapdos|0 fnt\n|faint|p1a: Zapdos\n|\n|upkeep\n|c|\u2606PaleSwordsman_666|Easy\n|\n|t:|1700183086\n|switch|p1a: Garchomp|Garchomp, M, shiny, tera:Steel|100\/100\n|turn|25\n|\n|t:|1700183090\n|switch|p2a: Florges|Florges-White, F, shiny|94\/100 tox\n|move|p1a: Garchomp|Iron Head|p2a: Florges\n|-supereffective|p2a: Florges\n|-damage|p2a: Florges|7\/100 tox\n|\n|-heal|p2a: Florges|13\/100 tox|[from] item: Leftovers\n|-damage|p2a: Florges|7\/100 tox|[from] psn\n|upkeep\n|turn|26\n|\n|t:|1700183096\n|move|p1a: Garchomp|Iron Head|p2a: Florges\n|-supereffective|p2a: Florges\n|-damage|p2a: Florges|0 fnt\n|faint|p2a: Florges\n|\n|upkeep\n|\n|t:|1700183099\n|switch|p2a: Landorus|Landorus-Therian, M|63\/100\n|-ability|p2a: Landorus|Intimidate|boost\n|-unboost|p1a: Garchomp|atk|1\n|turn|27\n|c|\u2606DerpyVaporeon|since it so ez\n|c|\u2606DerpyVaporeon|fight me wit my real team\n|c|\u2606PaleSwordsman_666|Ez\n|\n|t:|1700183115\n|switch|p2a: Feraligatr|Feraligatr, M|100\/100\n|move|p1a: Garchomp|Iron Head|p2a: Feraligatr\n|-resisted|p2a: Feraligatr\n|-damage|p2a: Feraligatr|86\/100\n|\n|upkeep\n|turn|28\n|c|\u2606PaleSwordsman_666|Ez\n|\n|t:|1700183121\n|move|p1a: Garchomp|Iron Head|p2a: Feraligatr\n|-resisted|p2a: Feraligatr\n|-damage|p2a: Feraligatr|70\/100\n|move|p2a: Feraligatr|Liquidation|p1a: Garchomp\n|-damage|p1a: Garchomp|34\/100\n|-damage|p2a: Feraligatr|58\/100|[from] ability: Rough Skin|[of] p1a: Garchomp\n|\n|upkeep\n|turn|29\n|\n|t:|1700183125\n|move|p1a: Garchomp|Iron Head|p2a: Feraligatr\n|-resisted|p2a: Feraligatr\n|-damage|p2a: Feraligatr|41\/100\n|move|p2a: Feraligatr|Dragon Dance|p2a: Feraligatr\n|-boost|p2a: Feraligatr|atk|1\n|-boost|p2a: Feraligatr|spe|1\n|\n|upkeep\n|turn|30\n|\n|t:|1700183129\n|move|p1a: Garchomp|Iron Head|p2a: Feraligatr\n|-resisted|p2a: Feraligatr\n|-damage|p2a: Feraligatr|25\/100\n|cant|p2a: Feraligatr|flinch\n|\n|upkeep\n|turn|31\n|\n|t:|1700183131\n|move|p1a: Garchomp|Iron Head|p2a: Feraligatr\n|-resisted|p2a: Feraligatr\n|-crit|p2a: Feraligatr\n|-damage|p2a: Feraligatr|0 fnt\n|faint|p2a: Feraligatr\n|\n|upkeep\n|\n|t:|1700183134\n|switch|p2a: Landorus|Landorus-Therian, M|63\/100\n|-ability|p2a: Landorus|Intimidate|boost\n|-unboost|p1a: Garchomp|atk|1\n|turn|32\n|\n|t:|1700183137\n|move|p1a: Garchomp|Iron Head|p2a: Landorus\n|-damage|p2a: Landorus|36\/100\n|move|p2a: Landorus|Earthquake|p1a: Garchomp\n|-supereffective|p1a: Garchomp\n|-damage|p1a: Garchomp|0 fnt\n|faint|p1a: Garchomp\n|\n|win|PaleSwordsman_666\n|raw|DerpyVaporeon's rating: 1178 &rarr; <strong>1153<\/strong><br \/>(-25 for losing)\n|raw|PaleSwordsman_666's rating: 1182 &rarr; <strong>1207<\/strong><br \/>(+25 for winning)\n|c|\u2606PaleSwordsman_666|easy\n|l|\u2606DerpyVaporeon\n|c|\u2606PaleSwordsman_666|Noob\n","uploadtime":1700183148,"views":9,"p1id":"derpyvaporeon","p2id":"paleswordsman666","formatid":"gen9nationaldex","rating":1153,"private":0,"password":""}