{"id":"gen9nationaldex-1990154221","p1":"Nish the Great","p2":"minipokeneuron","format":"[Gen 9] National Dex","log":"|j|\u2606Nish the Great\n|j|\u2606minipokeneuron\n|t:|1699930519\n|gametype|singles\n|player|p1|Nish the Great|2|1577\n|player|p2|minipokeneuron|265|1584\n|teamsize|p1|6\n|teamsize|p2|6\n|gen|9\n|tier|[Gen 9] National Dex\n|rated|\n|rule|HP Percentage Mod: HP is shown in percentages\n|rule|Endless Battle Clause: Forcing endless battles is banned\n|rule|OHKO Clause: OHKO moves are banned\n|rule|Evasion Clause: Evasion abilities, items, and moves are banned\n|rule|Evasion Abilities Clause: Evasion abilities are banned\n|rule|Evasion Items Clause: Evasion items are banned\n|rule|Evasion Moves Clause: Evasion moves are banned\n|rule|Species Clause: Limit one of each Pok\u00e9mon\n|rule|Sleep Clause Mod: Limit one foe put to sleep\n|clearpoke\n|poke|p1|Meowscarada, F|\n|poke|p1|Dragonite, F|\n|poke|p1|Iron Valiant|\n|poke|p1|Urshifu-*, M|\n|poke|p1|Iron Moth|\n|poke|p1|Kartana|\n|poke|p2|Weezing-Galar, M|\n|poke|p2|Medicham, M|\n|poke|p2|Samurott-Hisui, F|\n|poke|p2|Torterra, M|\n|poke|p2|Alomomola, F|\n|poke|p2|Moltres|\n|teampreview\n|\n|t:|1699930528\n|start\n|switch|p1a: Meowscarada|Meowscarada, F|100\/100\n|switch|p2a: Weezing|Weezing-Galar, M|100\/100\n|-ability|p2a: Weezing|Neutralizing Gas\n|turn|1\n|\n|t:|1699930535\n|move|p1a: Meowscarada|Spikes|p2a: Weezing\n|-sidestart|p2: minipokeneuron|Spikes\n|move|p2a: Weezing|Will-O-Wisp|p1a: Meowscarada\n|-status|p1a: Meowscarada|brn\n|\n|-damage|p1a: Meowscarada|94\/100 brn|[from] brn\n|upkeep\n|turn|2\n|\n|t:|1699930541\n|move|p1a: Meowscarada|Taunt|p2a: Weezing\n|-start|p2a: Weezing|move: Taunt\n|move|p2a: Weezing|Sludge Bomb|p1a: Meowscarada\n|-supereffective|p1a: Meowscarada\n|-damage|p1a: Meowscarada|17\/100 brn\n|\n|-damage|p1a: Meowscarada|10\/100 brn|[from] brn\n|upkeep\n|turn|3\n|\n|t:|1699930552\n|move|p1a: Meowscarada|Spikes|p2a: Weezing\n|-sidestart|p2: minipokeneuron|Spikes\n|move|p2a: Weezing|Sludge Bomb|p1a: Meowscarada\n|-supereffective|p1a: Meowscarada\n|-damage|p1a: Meowscarada|0 fnt\n|faint|p1a: Meowscarada\n|\n|upkeep\n|\n|t:|1699930556\n|switch|p1a: Dragonite|Dragonite, F|100\/100\n|turn|4\n|\n|t:|1699930559\n|move|p1a: Dragonite|Earthquake|p2a: Weezing\n|-supereffective|p2a: Weezing\n|-damage|p2a: Weezing|53\/100\n|move|p2a: Weezing|Sludge Bomb|p1a: Dragonite\n|-damage|p1a: Dragonite|70\/100\n|\n|-end|p2a: Weezing|move: Taunt\n|upkeep\n|turn|5\n|\n|t:|1699930571\n|-end|p2a: Weezing|ability: Neutralizing Gas\n|switch|p2a: Moltres|Moltres|100\/100\n|move|p1a: Dragonite|Dragon Dance|p1a: Dragonite\n|-boost|p1a: Dragonite|atk|1\n|-boost|p1a: Dragonite|spe|1\n|\n|upkeep\n|turn|6\n|\n|t:|1699930579\n|move|p1a: Dragonite|Dragon Dance|p1a: Dragonite\n|-boost|p1a: Dragonite|atk|1\n|-boost|p1a: Dragonite|spe|1\n|move|p2a: Moltres|Defog|p1a: Dragonite\n|-unboost|p1a: Dragonite|evasion|1\n|-sideend|p2: minipokeneuron|Spikes|[from] move: Defog|[of] p2a: Moltres\n|\n|upkeep\n|turn|7\n|\n|t:|1699930583\n|move|p1a: Dragonite|Extreme Speed|p2a: Moltres\n|-damage|p2a: Moltres|58\/100\n|move|p2a: Moltres|U-turn|p1a: Dragonite\n|-resisted|p1a: Dragonite\n|-damage|p1a: Dragonite|63\/100\n|\n|t:|1699930589\n|switch|p2a: Weezing|Weezing-Galar, M|53\/100|[from] U-turn\n|-ability|p2a: Weezing|Neutralizing Gas\n|\n|upkeep\n|turn|8\n|\n|t:|1699930596\n|-end|p2a: Weezing|ability: Neutralizing Gas\n|switch|p2a: Moltres|Moltres|58\/100\n|move|p1a: Dragonite|Earthquake|p2a: Moltres\n|-immune|p2a: Moltres\n|\n|upkeep\n|turn|9\n|\n|t:|1699930602\n|-terastallize|p1a: Dragonite|Normal\n|move|p1a: Dragonite|Extreme Speed|p2a: Moltres\n|-damage|p2a: Moltres|0 fnt\n|faint|p2a: Moltres\n|\n|upkeep\n|\n|t:|1699930630\n|switch|p2a: Samurott|Samurott-Hisui, F, shiny|100\/100\n|turn|10\n|\n|t:|1699930646\n|-terastallize|p2a: Samurott|Ghost\n|move|p1a: Dragonite|Extreme Speed|p2a: Samurott\n|-immune|p2a: Samurott\n|move|p2a: Samurott|Ceaseless Edge|p1a: Dragonite\n|-damage|p1a: Dragonite|14\/100\n|-sidestart|p1: Nish the Great|Spikes\n|\n|upkeep\n|turn|11\n|\n|t:|1699930655\n|move|p2a: Samurott|Aqua Jet|p1a: Dragonite\n|-damage|p1a: Dragonite|0 fnt\n|faint|p1a: Dragonite\n|\n|upkeep\n|\n|t:|1699930659\n|switch|p1a: Urshifu|Urshifu-Rapid-Strike, M|100\/100\n|-damage|p1a: Urshifu|88\/100|[from] Spikes\n|turn|12\n|\n|t:|1699930665\n|switch|p2a: Weezing|Weezing-Galar, M|53\/100\n|-ability|p2a: Weezing|Neutralizing Gas\n|move|p1a: Urshifu|Swords Dance|p1a: Urshifu\n|-boost|p1a: Urshifu|atk|2\n|\n|upkeep\n|turn|13\n|\n|t:|1699930672\n|move|p1a: Urshifu|Surging Strikes|p2a: Weezing\n|-crit|p2a: Weezing\n|-damage|p2a: Weezing|25\/100\n|-crit|p2a: Weezing\n|-damage|p2a: Weezing|0 fnt\n|faint|p2a: Weezing\n|-end|p2a: Weezing|ability: Neutralizing Gas\n|-hitcount|p2: Weezing|2\n|\n|upkeep\n|\n|t:|1699930685\n|switch|p2a: Medicham|Medicham, M|100\/100\n|turn|14\n|\n|t:|1699930687\n|detailschange|p2a: Medicham|Medicham-Mega, M\n|-mega|p2a: Medicham|Medicham|Medichamite\n|move|p2a: Medicham|Fake Out|p1a: Urshifu\n|-damage|p1a: Urshifu|66\/100\n|cant|p1a: Urshifu|flinch\n|\n|upkeep\n|turn|15\n|\n|t:|1699930696\n|move|p2a: Medicham|Close Combat|p1a: Urshifu\n|-damage|p1a: Urshifu|0 fnt\n|-unboost|p2a: Medicham|def|1\n|-unboost|p2a: Medicham|spd|1\n|faint|p1a: Urshifu\n|\n|upkeep\n|\n|t:|1699930699\n|switch|p1a: Kartana|Kartana|100\/100\n|-damage|p1a: Kartana|88\/100|[from] Spikes\n|turn|16\n|\n|t:|1699930706\n|move|p1a: Kartana|Leaf Blade|p2a: Medicham\n|-damage|p2a: Medicham|0 fnt\n|faint|p2a: Medicham\n|-ability|p1a: Kartana|Beast Boost|boost\n|-boost|p1a: Kartana|atk|1\n|\n|upkeep\n|\n|t:|1699930710\n|switch|p2a: Samurott|Samurott-Hisui, F, shiny, tera:Ghost|100\/100\n|turn|17\n|\n|t:|1699930723\n|move|p1a: Kartana|Leaf Blade|p2a: Samurott\n|-crit|p2a: Samurott\n|-enditem|p2a: Samurott|Focus Sash\n|-damage|p2a: Samurott|1\/100\n|move|p2a: Samurott|Sacred Sword|p1a: Kartana\n|-supereffective|p1a: Kartana\n|-damage|p1a: Kartana|0 fnt\n|faint|p1a: Kartana\n|\n|upkeep\n|\n|t:|1699930729\n|switch|p1a: Iron Valiant|Iron Valiant|100\/100\n|-damage|p1a: Iron Valiant|88\/100|[from] Spikes\n|-enditem|p1a: Iron Valiant|Booster Energy\n|-activate|p1a: Iron Valiant|ability: Quark Drive|[fromitem]\n|-start|p1a: Iron Valiant|quarkdrivespe\n|turn|18\n|\n|t:|1699930756\n|switch|p2a: Alomomola|Alomomola, F|100\/100\n|move|p1a: Iron Valiant|Moonblast|p2a: Alomomola\n|-damage|p2a: Alomomola|66\/100\n|-enditem|p2a: Alomomola|Red Card|[of] p1a: Iron Valiant\n|-end|p1a: Iron Valiant|Quark Drive|[silent]\n|drag|p1a: Iron Moth|Iron Moth|100\/100\n|-damage|p1a: Iron Moth|88\/100|[from] Spikes\n|-enditem|p1a: Iron Moth|Booster Energy\n|-activate|p1a: Iron Moth|ability: Quark Drive|[fromitem]\n|-start|p1a: Iron Moth|quarkdrivespe\n|\n|upkeep\n|turn|19\n|\n|t:|1699930766\n|move|p1a: Iron Moth|Fiery Dance|p2a: Alomomola\n|-resisted|p2a: Alomomola\n|-damage|p2a: Alomomola|50\/100\n|-boost|p1a: Iron Moth|spa|1\n|move|p2a: Alomomola|Wish|p2a: Alomomola\n|\n|upkeep\n|turn|20\n|\n|t:|1699930770\n|move|p1a: Iron Moth|Sludge Wave|p2a: Alomomola\n|-damage|p2a: Alomomola|1\/100\n|-status|p2a: Alomomola|psn\n|move|p2a: Alomomola|Flip Turn|p1a: Iron Moth\n|-supereffective|p1a: Iron Moth\n|-damage|p1a: Iron Moth|44\/100\n|\n|t:|1699930782\n|switch|p2a: Samurott|Samurott-Hisui, F, shiny, tera:Ghost|1\/100|[from] Flip Turn\n|\n|-heal|p2a: Samurott|84\/100|[from] move: Wish|[wisher] Alomomola\n|upkeep\n|turn|21\n|\n|t:|1699930790\n|move|p2a: Samurott|Aqua Jet|p1a: Iron Moth\n|-supereffective|p1a: Iron Moth\n|-damage|p1a: Iron Moth|0 fnt\n|faint|p1a: Iron Moth\n|-end|p1a: Iron Moth|Quark Drive|[silent]\n|\n|upkeep\n|\n|t:|1699930792\n|switch|p1a: Iron Valiant|Iron Valiant|88\/100\n|-damage|p1a: Iron Valiant|76\/100|[from] Spikes\n|turn|22\n|\n|t:|1699930801\n|move|p1a: Iron Valiant|Moonblast|p2a: Samurott\n|-damage|p2a: Samurott|19\/100\n|move|p2a: Samurott|Razor Shell|p1a: Iron Valiant\n|-damage|p1a: Iron Valiant|13\/100\n|-unboost|p1a: Iron Valiant|def|1\n|\n|upkeep\n|turn|23\n|c|\u2606Nish the Great|Gg\n|\n|t:|1699930807\n|move|p2a: Samurott|Aqua Jet|p1a: Iron Valiant\n|-damage|p1a: Iron Valiant|0 fnt\n|faint|p1a: Iron Valiant\n|-end|p1a: Iron Valiant|Quark Drive|[silent]\n|\n|win|minipokeneuron\n|raw|Nish the Great's rating: 1577 &rarr; <strong>1557<\/strong><br \/>(-20 for losing)\n|raw|minipokeneuron's rating: 1584 &rarr; <strong>1604<\/strong><br \/>(+20 for winning)\n|l|\u2606Nish the Great\n","uploadtime":1699930823,"views":11,"p1id":"nishthegreat","p2id":"minipokeneuron","formatid":"gen9nationaldex","rating":1557,"private":0,"password":""}