{"id":"gen9nationaldex-1998151547","p1":"ddddirector","p2":"PikaBoy01","format":"[Gen 9] National Dex","log":"|html|<div class=\"broadcast-blue\"><strong>[Gen 9] National Dex is currently suspecting Sneasler! For information on how to participate check out the <a href=\"https:\/\/www.smogon.com\/forums\/threads\/sv-national-dex-suspect-8-just-dance.3731534\/\">suspect thread<\/a>.<\/strong><\/div>\n|j|\u2606ddddirector\n|j|\u2606PikaBoy01\n|t:|1700901406\n|gametype|singles\n|player|p1|ddddirector|darach-caitlin|1208\n|player|p2|PikaBoy01|red|1310\n|teamsize|p1|6\n|teamsize|p2|6\n|gen|9\n|tier|[Gen 9] National Dex\n|rated|\n|rule|HP Percentage Mod: HP is shown in percentages\n|rule|Endless Battle Clause: Forcing endless battles is banned\n|rule|OHKO Clause: OHKO moves are banned\n|rule|Evasion Clause: Evasion abilities, items, and moves are banned\n|rule|Evasion Abilities Clause: Evasion abilities are banned\n|rule|Evasion Items Clause: Evasion items are banned\n|rule|Evasion Moves Clause: Evasion moves are banned\n|rule|Species Clause: Limit one of each Pok\u00e9mon\n|rule|Sleep Clause Mod: Limit one foe put to sleep\n|clearpoke\n|poke|p1|Hatterene, F|\n|poke|p1|Scizor, F|\n|poke|p1|Ceruledge, M|\n|poke|p1|Victini|\n|poke|p1|Tapu Fini|\n|poke|p1|Greninja-*, M|\n|poke|p2|Charizard, M|\n|poke|p2|Scizor, M|\n|poke|p2|Garchomp, M|\n|poke|p2|Kommo-o, M|\n|poke|p2|Gyarados, F|\n|poke|p2|Gardevoir, F|\n|teampreview\n|\n|t:|1700901422\n|start\n|switch|p1a: Tapu Fini|Tapu Fini|100\/100\n|switch|p2a: Garchomp|Garchomp, M|100\/100\n|-fieldstart|move: Misty Terrain|[from] ability: Misty Surge|[of] p1a: Tapu Fini\n|turn|1\n|\n|t:|1700901442\n|move|p2a: Garchomp|Poison Jab|p1a: Tapu Fini\n|-supereffective|p1a: Tapu Fini\n|-damage|p1a: Tapu Fini|48\/100\n|move|p1a: Tapu Fini|Knock Off|p2a: Garchomp\n|-damage|p2a: Garchomp|85\/100\n|-damage|p1a: Tapu Fini|35\/100|[from] ability: Rough Skin|[of] p2a: Garchomp\n|-enditem|p2a: Garchomp|Weakness Policy|[from] move: Knock Off|[of] p1a: Tapu Fini\n|\n|-heal|p1a: Tapu Fini|41\/100|[from] item: Leftovers\n|upkeep\n|turn|2\n|\n|t:|1700901465\n|switch|p1a: Scizor|Scizor, F|100\/100\n|move|p2a: Garchomp|Poison Jab|p1a: Scizor\n|-immune|p1a: Scizor\n|\n|upkeep\n|turn|3\n|inactive|Battle timer is ON: inactive players will automatically lose when time's up. (requested by PikaBoy01)\n|\n|t:|1700901490\n|detailschange|p1a: Scizor|Scizor-Mega, F\n|-mega|p1a: Scizor|Scizor|Scizorite\n|move|p2a: Garchomp|Swords Dance|p2a: Garchomp\n|-boost|p2a: Garchomp|atk|2\n|move|p1a: Scizor|Curse|p1a: Scizor\n|-unboost|p1a: Scizor|spe|1\n|-boost|p1a: Scizor|atk|1\n|-boost|p1a: Scizor|def|1\n|\n|upkeep\n|turn|4\n|\n|t:|1700901500\n|move|p2a: Garchomp|Outrage|p1a: Scizor\n|-resisted|p1a: Scizor\n|-damage|p1a: Scizor|84\/100\n|move|p1a: Scizor|Curse|p1a: Scizor\n|-unboost|p1a: Scizor|spe|1\n|-boost|p1a: Scizor|atk|1\n|-boost|p1a: Scizor|def|1\n|\n|upkeep\n|turn|5\n|\n|t:|1700901505\n|move|p2a: Garchomp|Outrage|p1a: Scizor|[from]lockedmove\n|-resisted|p1a: Scizor\n|-damage|p1a: Scizor|73\/100\n|move|p1a: Scizor|Curse|p1a: Scizor\n|-unboost|p1a: Scizor|spe|1\n|-boost|p1a: Scizor|atk|1\n|-boost|p1a: Scizor|def|1\n|\n|-fieldend|Misty Terrain\n|upkeep\n|turn|6\n|\n|t:|1700901511\n|move|p2a: Garchomp|Earthquake|p1a: Scizor\n|-damage|p1a: Scizor|44\/100\n|move|p1a: Scizor|Curse|p1a: Scizor\n|-unboost|p1a: Scizor|spe|1\n|-boost|p1a: Scizor|atk|1\n|-boost|p1a: Scizor|def|1\n|\n|upkeep\n|turn|7\n|\n|t:|1700901521\n|move|p2a: Garchomp|Earthquake|p1a: Scizor\n|-damage|p1a: Scizor|18\/100\n|move|p1a: Scizor|Roost|p1a: Scizor\n|-heal|p1a: Scizor|68\/100\n|-singleturn|p1a: Scizor|move: Roost\n|\n|upkeep\n|turn|8\n|c|\u2606PikaBoy01|Sir..\n|\n|t:|1700901548\n|switch|p2a: Gardevoir|Gardevoir, F|100\/100\n|move|p1a: Scizor|Roost|p1a: Scizor\n|-heal|p1a: Scizor|100\/100\n|-singleturn|p1a: Scizor|move: Roost\n|\n|-damage|p2a: Gardevoir|88\/100|[from] item: Black Sludge\n|upkeep\n|turn|9\n|\n|t:|1700901561\n|move|p1a: Scizor|Bullet Punch|p2a: Gardevoir\n|-supereffective|p2a: Gardevoir\n|-damage|p2a: Gardevoir|0 fnt\n|faint|p2a: Gardevoir\n|\n|upkeep\n|inactive|PikaBoy01 has 120 seconds left.\n|\n|t:|1700901575\n|switch|p2a: Kommo-o|Kommo-o, M|100\/100\n|turn|10\n|\n|t:|1700901592\n|switch|p1a: Tapu Fini|Tapu Fini|41\/100\n|-fieldstart|move: Misty Terrain|[from] ability: Misty Surge|[of] p1a: Tapu Fini\n|move|p2a: Kommo-o|Flamethrower|p1a: Tapu Fini\n|-resisted|p1a: Tapu Fini\n|-damage|p1a: Tapu Fini|31\/100\n|\n|-heal|p1a: Tapu Fini|37\/100|[from] item: Leftovers\n|upkeep\n|turn|11\n|\n|t:|1700901605\n|switch|p2a: Scizor|Scizor, M|100\/100\n|move|p1a: Tapu Fini|Nature's Madness|p2a: Scizor\n|-damage|p2a: Scizor|51\/100\n|\n|-heal|p1a: Tapu Fini|43\/100|[from] item: Leftovers\n|upkeep\n|turn|12\n|\n|t:|1700901629\n|switch|p1a: Victini|Victini|100\/100\n|move|p2a: Scizor|Bullet Punch|p1a: Victini\n|-resisted|p1a: Victini\n|-damage|p1a: Victini|83\/100\n|\n|upkeep\n|turn|13\n|inactive|ddddirector has 120 seconds left.\n|\n|t:|1700901646\n|move|p1a: Victini|Dazzling Gleam|p2a: Scizor\n|-resisted|p2a: Scizor\n|-damage|p2a: Scizor|28\/100\n|move|p2a: Scizor|U-turn|p1a: Victini\n|-damage|p1a: Victini|41\/100\n|\n|t:|1700901656\n|switch|p2a: Garchomp|Garchomp, M|85\/100|[from] U-turn\n|\n|upkeep\n|turn|14\n|inactive|ddddirector has 120 seconds left.\n|\n|t:|1700901689\n|switch|p1a: Greninja|Greninja, M|100\/100\n|move|p2a: Garchomp|Earthquake|p1a: Greninja\n|-damage|p1a: Greninja|16\/100\n|\n|-fieldend|Misty Terrain\n|upkeep\n|turn|15\n|\n|t:|1700901702\n|-zpower|p1a: Greninja\n|move|p1a: Greninja|Subzero Slammer|p2a: Garchomp|[zeffect]\n|-supereffective|p2a: Garchomp\n|-damage|p2a: Garchomp|0 fnt\n|faint|p2a: Garchomp\n|-ability|p1a: Greninja|Battle Bond|boost\n|-boost|p1a: Greninja|atk|1\n|-boost|p1a: Greninja|spa|1\n|-boost|p1a: Greninja|spe|1\n|-activate|p1a: Greninja|ability: Battle Bond\n|\n|upkeep\n|\n|t:|1700901716\n|switch|p2a: Scizor|Scizor, M|28\/100\n|turn|16\n|\n|t:|1700901726\n|move|p1a: Greninja|Water Shuriken|p2a: Scizor\n|-damage|p2a: Scizor|16\/100\n|-damage|p2a: Scizor|3\/100\n|-damage|p2a: Scizor|0 fnt\n|faint|p2a: Scizor\n|-hitcount|p2: Scizor|3\n|\n|upkeep\n|\n|t:|1700901734\n|switch|p2a: Gyarados|Gyarados, F, shiny|100\/100\n|-ability|p2a: Gyarados|Intimidate|boost\n|-unboost|p1a: Greninja|atk|1\n|turn|17\n|inactive|ddddirector has 120 seconds left.\n|\n|t:|1700901754\n|move|p1a: Greninja|Blizzard|p2a: Gyarados\n|-damage|p2a: Gyarados|46\/100\n|move|p2a: Gyarados|Earthquake|p1a: Greninja\n|-damage|p1a: Greninja|0 fnt\n|faint|p1a: Greninja\n|\n|-heal|p2a: Gyarados|52\/100|[from] item: Leftovers\n|upkeep\n|\n|t:|1700901773\n|switch|p1a: Hatterene|Hatterene, F|100\/100\n|turn|18\n|\n|t:|1700901782\n|move|p2a: Gyarados|Waterfall|p1a: Hatterene\n|-damage|p1a: Hatterene|70\/100\n|-damage|p2a: Gyarados|36\/100|[from] item: Rocky Helmet|[of] p1a: Hatterene\n|move|p1a: Hatterene|Nuzzle|p2a: Gyarados\n|-supereffective|p2a: Gyarados\n|-damage|p2a: Gyarados|17\/100\n|-status|p2a: Gyarados|par\n|\n|-heal|p2a: Gyarados|23\/100 par|[from] item: Leftovers\n|upkeep\n|turn|19\n|\n|t:|1700901794\n|move|p1a: Hatterene|Nuzzle|p2a: Gyarados\n|-supereffective|p2a: Gyarados\n|-damage|p2a: Gyarados|5\/100 par\n|cant|p2a: Gyarados|par\n|\n|-heal|p2a: Gyarados|11\/100 par|[from] item: Leftovers\n|upkeep\n|turn|20\n|\n|t:|1700901805\n|move|p2a: Gyarados|Earthquake|p1a: Hatterene\n|-damage|p1a: Hatterene|42\/100\n|move|p1a: Hatterene|Nuzzle|p2a: Gyarados\n|-supereffective|p2a: Gyarados\n|-damage|p2a: Gyarados|0 fnt\n|faint|p2a: Gyarados\n|\n|upkeep\n|\n|t:|1700901813\n|switch|p2a: Charizard|Charizard, M|100\/100\n|turn|21\n|inactive|ddddirector has 120 seconds left.\n|\n|t:|1700901840\n|detailschange|p2a: Charizard|Charizard-Mega-Y, M\n|-mega|p2a: Charizard|Charizard|Charizardite Y\n|-weather|SunnyDay|[from] ability: Drought|[of] p2a: Charizard\n|move|p2a: Charizard|Flamethrower|p1a: Hatterene\n|-damage|p1a: Hatterene|0 fnt\n|faint|p1a: Hatterene\n|\n|-weather|SunnyDay|[upkeep]\n|upkeep\n|inactive|ddddirector has 90 seconds left.\n|\n|t:|1700901867\n|switch|p1a: Ceruledge|Ceruledge, M|100\/100\n|turn|22\n|\n|t:|1700901886\n|-terastallize|p1a: Ceruledge|Water\n|move|p2a: Charizard|Scorching Sands|p1a: Ceruledge\n|-damage|p1a: Ceruledge|67\/100\n|-status|p1a: Ceruledge|brn\n|move|p1a: Ceruledge|Swords Dance|p1a: Ceruledge\n|-boost|p1a: Ceruledge|atk|2\n|\n|-weather|SunnyDay|[upkeep]\n|-damage|p1a: Ceruledge|61\/100 brn|[from] brn\n|upkeep\n|turn|23\n|\n|t:|1700901898\n|move|p2a: Charizard|Solar Beam||[still]\n|-prepare|p2a: Charizard|Solar Beam\n|-anim|p2a: Charizard|Solar Beam|p1a: Ceruledge\n|-supereffective|p1a: Ceruledge\n|-damage|p1a: Ceruledge|0 fnt\n|faint|p1a: Ceruledge\n|\n|-weather|SunnyDay|[upkeep]\n|upkeep\n|\n|t:|1700901911\n|switch|p1a: Tapu Fini|Tapu Fini|43\/100\n|-fieldstart|move: Misty Terrain|[from] ability: Misty Surge|[of] p1a: Tapu Fini\n|turn|24\n|\n|t:|1700901918\n|move|p2a: Charizard|Solar Beam||[still]\n|-prepare|p2a: Charizard|Solar Beam\n|-anim|p2a: Charizard|Solar Beam|p1a: Tapu Fini\n|-supereffective|p1a: Tapu Fini\n|-damage|p1a: Tapu Fini|0 fnt\n|faint|p1a: Tapu Fini\n|\n|-weather|SunnyDay|[upkeep]\n|upkeep\n|\n|t:|1700901930\n|switch|p1a: Scizor|Scizor-Mega, F|100\/100\n|turn|25\n|\n|t:|1700901935\n|switch|p1a: Victini|Victini|41\/100\n|move|p2a: Charizard|Flamethrower|p1a: Victini\n|-resisted|p1a: Victini\n|-damage|p1a: Victini|0 fnt\n|faint|p1a: Victini\n|\n|-weather|none\n|upkeep\n|\n|t:|1700901940\n|switch|p1a: Scizor|Scizor-Mega, F|100\/100\n|turn|26\n|\n|t:|1700901944\n|switch|p2a: Kommo-o|Kommo-o, M|100\/100\n|move|p1a: Scizor|Bullet Punch|p2a: Kommo-o\n|-damage|p2a: Kommo-o|61\/100\n|\n|upkeep\n|turn|27\n|\n|t:|1700901952\n|-zpower|p2a: Kommo-o\n|move|p2a: Kommo-o|Clangorous Soulblaze|p1a: Scizor|[zeffect]\n|-resisted|p1a: Scizor\n|-damage|p1a: Scizor|78\/100\n|-boost|p2a: Kommo-o|atk|1\n|-boost|p2a: Kommo-o|def|1\n|-boost|p2a: Kommo-o|spa|1\n|-boost|p2a: Kommo-o|spd|1\n|-boost|p2a: Kommo-o|spe|1\n|move|p1a: Scizor|Curse|p1a: Scizor\n|-unboost|p1a: Scizor|spe|1\n|-boost|p1a: Scizor|atk|1\n|-boost|p1a: Scizor|def|1\n|\n|upkeep\n|turn|28\n|inactive|ddddirector has 90 seconds left.\n|\n|t:|1700901971\n|move|p2a: Kommo-o|Flamethrower|p1a: Scizor\n|-supereffective|p1a: Scizor\n|-damage|p1a: Scizor|0 fnt\n|faint|p1a: Scizor\n|\n|win|PikaBoy01\n|raw|ddddirector's rating: 1208 &rarr; <strong>1190<\/strong><br \/>(-18 for losing)\n|raw|PikaBoy01's rating: 1310 &rarr; <strong>1324<\/strong><br \/>(+14 for winning)\n|c|\u2606PikaBoy01|Gg\n|l|\u2606ddddirector\n","uploadtime":1700901983,"views":6,"p1id":"ddddirector","p2id":"pikaboy01","formatid":"gen9nationaldex","rating":1190,"private":0,"password":""}