{"id":"gen9nationaldex-2000664108","p1":"insipido","p2":"Cristian7gg","format":"[Gen 9] National Dex","log":"|html|<div class=\"broadcast-blue\"><strong>[Gen 9] National Dex is currently suspecting Sneasler! For information on how to participate check out the <a href=\"https:\/\/www.smogon.com\/forums\/threads\/sv-national-dex-suspect-8-just-dance.3731534\/\">suspect thread<\/a>.<\/strong><\/div>\n|j|\u2606insipido\n|j|\u2606Cristian7gg\n|t:|1701216145\n|gametype|singles\n|player|p1|insipido|n|\n|player|p2|Cristian7gg|lucas-gen4pt|\n|teamsize|p1|6\n|teamsize|p2|6\n|gen|9\n|tier|[Gen 9] National Dex\n|rule|HP Percentage Mod: HP is shown in percentages\n|rule|Endless Battle Clause: Forcing endless battles is banned\n|rule|OHKO Clause: OHKO moves are banned\n|rule|Evasion Clause: Evasion abilities, items, and moves are banned\n|rule|Evasion Abilities Clause: Evasion abilities are banned\n|rule|Evasion Items Clause: Evasion items are banned\n|rule|Evasion Moves Clause: Evasion moves are banned\n|rule|Species Clause: Limit one of each Pok\u00e9mon\n|rule|Sleep Clause Mod: Limit one foe put to sleep\n|clearpoke\n|poke|p1|Pelipper, M|\n|poke|p1|Zapdos|\n|poke|p1|Barraskewda, F|\n|poke|p1|Thundurus-Therian, M|\n|poke|p1|Aerodactyl, F|\n|poke|p1|Hawlucha, F|\n|poke|p2|Tapu Koko|\n|poke|p2|Raichu-Alola, M|\n|poke|p2|Charizard, M|\n|poke|p2|Gliscor, F|\n|poke|p2|Aegislash, F|\n|poke|p2|Dragonite, M|\n|teampreview\n|j| WSoldat\n|c|\u2606Cristian7gg|When\n|c| WSoldat|Dale vos podes Ty\n|c|\u2606Cristian7gg|Mi peor pesadilla despu\u00e9s de mega swampert\n|\n|t:|1701216171\n|start\n|switch|p1a: Pelipper|Pelipper, M|100\/100\n|switch|p2a: Papu :vvvvxdddd|Tapu Koko, shiny|100\/100\n|-fieldstart|move: Electric Terrain|[from] ability: Electric Surge|[of] p2a: Papu :vvvvxdddd\n|-weather|RainDance|[from] ability: Drizzle|[of] p1a: Pelipper\n|turn|1\n|\n|t:|1701216178\n|switch|p1a: Thundurus|Thundurus-Therian, M|100\/100\n|move|p2a: Papu :vvvvxdddd|U-turn|p1a: Thundurus\n|-resisted|p1a: Thundurus\n|-damage|p1a: Thundurus|89\/100\n|c| WSoldat|Te lo juro por dieguito maradona\n|j| HATE=sylveon\n|c| HATE=sylveon|xd\n|c|\u2606insipido|Jsjjs\n|\n|t:|1701216199\n|switch|p2a: Raichu|Raichu-Alola, M|100\/100|[from] U-turn\n|\n|-weather|RainDance|[upkeep]\n|upkeep\n|turn|2\n|\n|t:|1701216207\n|move|p2a: Raichu|Nasty Plot|p2a: Raichu\n|-boost|p2a: Raichu|spa|2\n|move|p1a: Thundurus|Volt Switch|p2a: Raichu\n|-resisted|p2a: Raichu\n|-damage|p2a: Raichu|73\/100\n|\n|t:|1701216214\n|switch|p1a: Barraskewda|Barraskewda, F|100\/100|[from] Volt Switch\n|\n|-weather|RainDance|[upkeep]\n|upkeep\n|turn|3\n|c|\u2606Cristian7gg|Grrr\n|\n|t:|1701216223\n|switch|p2a: Daniel|Dragonite, M|100\/100\n|-terastallize|p1a: Barraskewda|Water\n|move|p1a: Barraskewda|Flip Turn|p2a: Daniel\n|-resisted|p2a: Daniel\n|-damage|p2a: Daniel|78\/100\n|\n|t:|1701216229\n|switch|p1a: Zapdos|Zapdos|100\/100|[from] Flip Turn\n|\n|-weather|RainDance|[upkeep]\n|upkeep\n|turn|4\n|c|\u2606Cristian7gg|Bueno almenos ya no tiene tera\n|\n|t:|1701216237\n|switch|p2a: Pedro|Gliscor, F|100\/100\n|move|p1a: Zapdos|Hurricane|p2a: Pedro\n|-damage|p2a: Pedro|12\/100\n|-start|p2a: Pedro|confusion\n|\n|-weather|RainDance|[upkeep]\n|-status|p2a: Pedro|tox|[from] item: Toxic Orb\n|upkeep\n|turn|5\n|\n|t:|1701216247\n|switch|p2a: Alexis|Aegislash, F, shiny|100\/100\n|move|p1a: Zapdos|Hurricane|p2a: Alexis\n|-resisted|p2a: Alexis\n|-damage|p2a: Alexis|66\/100\n|\n|-weather|RainDance|[upkeep]\n|-heal|p2a: Alexis|72\/100|[from] item: Leftovers\n|upkeep\n|turn|6\n|\n|t:|1701216253\n|switch|p1a: Pelipper|Pelipper, M|100\/100\n|move|p2a: Alexis|King's Shield||[still]\n|-fail|p2a: Alexis\n|\n|-weather|RainDance|[upkeep]\n|-heal|p2a: Alexis|78\/100|[from] item: Leftovers\n|upkeep\n|turn|7\n|c|\u2606Cristian7gg|Hapens\n|\n|t:|1701216267\n|move|p1a: Pelipper|Scald|p2a: Alexis\n|-damage|p2a: Alexis|50\/100\n|-formechange|p2a: Alexis|Aegislash-Blade||[from] ability: Stance Change\n|move|p2a: Alexis|Sacred Sword|p1a: Pelipper\n|-resisted|p1a: Pelipper\n|-damage|p1a: Pelipper|87\/100\n|\n|-weather|RainDance|[upkeep]\n|-heal|p2a: Alexis|56\/100|[from] item: Leftovers\n|upkeep\n|turn|8\n|\n|t:|1701216275\n|move|p1a: Pelipper|Scald|p2a: Alexis\n|-damage|p2a: Alexis|0 fnt\n|faint|p2a: Alexis\n|\n|-weather|none\n|-fieldend|move: Electric Terrain\n|upkeep\n|\n|t:|1701216278\n|switch|p2a: Papu :vvvvxdddd|Tapu Koko, shiny|100\/100\n|-fieldstart|move: Electric Terrain|[from] ability: Electric Surge|[of] p2a: Papu :vvvvxdddd\n|turn|9\n|c| HATE=sylveon|el q pierde es perma baneado\n|c| HATE=sylveon|xd\n|\n|t:|1701216284\n|switch|p1a: Zapdos|Zapdos|100\/100\n|move|p2a: Papu :vvvvxdddd|Thunderbolt|p1a: Zapdos\n|-damage|p1a: Zapdos|40\/100\n|\n|upkeep\n|turn|10\n|\n|t:|1701216291\n|switch|p1a: Thundurus|Thundurus-Therian, M|89\/100\n|move|p2a: Papu :vvvvxdddd|Dazzling Gleam|p1a: Thundurus\n|-damage|p1a: Thundurus|43\/100\n|\n|upkeep\n|turn|11\n|\n|t:|1701216301\n|move|p2a: Papu :vvvvxdddd|Dazzling Gleam|p1a: Thundurus\n|-damage|p1a: Thundurus|0 fnt\n|faint|p1a: Thundurus\n|\n|upkeep\n|\n|t:|1701216304\n|switch|p1a: Pelipper|Pelipper, M|87\/100\n|-weather|RainDance|[from] ability: Drizzle|[of] p1a: Pelipper\n|turn|12\n|\n|t:|1701216312\n|move|p2a: Papu :vvvvxdddd|Thunderbolt|p1a: Pelipper\n|-supereffective|p1a: Pelipper\n|-damage|p1a: Pelipper|0 fnt\n|faint|p1a: Pelipper\n|\n|-weather|RainDance|[upkeep]\n|upkeep\n|\n|t:|1701216313\n|switch|p1a: Barraskewda|Barraskewda, F, tera:Water|100\/100\n|turn|13\n|\n|t:|1701216316\n|switch|p2a: Pedro|Gliscor, F|12\/100 tox\n|move|p1a: Barraskewda|Liquidation|p2a: Pedro\n|-supereffective|p2a: Pedro\n|-damage|p2a: Pedro|0 fnt\n|faint|p2a: Pedro\n|\n|-weather|RainDance|[upkeep]\n|upkeep\n|\n|t:|1701216320\n|switch|p2a: Daniel|Dragonite, M|78\/100\n|turn|14\n|\n|t:|1701216324\n|move|p1a: Barraskewda|Liquidation|p2a: Daniel\n|-resisted|p2a: Daniel\n|-damage|p2a: Daniel|17\/100\n|move|p2a: Daniel|Dragon Claw|p1a: Barraskewda\n|-damage|p1a: Barraskewda|26\/100\n|\n|-weather|RainDance|[upkeep]\n|upkeep\n|turn|15\n|\n|t:|1701216330\n|switch|p1a: Aerodactyl|Aerodactyl, F|100\/100\n|move|p2a: Daniel|Extreme Speed|p1a: Aerodactyl\n|-resisted|p1a: Aerodactyl\n|-damage|p1a: Aerodactyl|79\/100\n|\n|-weather|RainDance|[upkeep]\n|upkeep\n|turn|16\n|\n|t:|1701216334\n|detailschange|p1a: Aerodactyl|Aerodactyl-Mega, F\n|-mega|p1a: Aerodactyl|Aerodactyl|Aerodactylite\n|move|p1a: Aerodactyl|Dual Wingbeat|p2a: Daniel\n|-damage|p2a: Daniel|0 fnt\n|faint|p2a: Daniel\n|-hitcount|p2: Daniel|1\n|\n|-weather|RainDance|[upkeep]\n|-fieldend|move: Electric Terrain\n|upkeep\n|\n|t:|1701216337\n|switch|p2a: Papu :vvvvxdddd|Tapu Koko, shiny|100\/100\n|-fieldstart|move: Electric Terrain|[from] ability: Electric Surge|[of] p2a: Papu :vvvvxdddd\n|turn|17\n|\n|t:|1701216339\n|switch|p2a: Salamander|Charizard, M|100\/100\n|move|p1a: Aerodactyl|Earthquake|p2a: Salamander\n|-immune|p2a: Salamander\n|\n|-weather|RainDance|[upkeep]\n|upkeep\n|turn|18\n|\n|t:|1701216345\n|detailschange|p2a: Salamander|Charizard-Mega-Y, M\n|-mega|p2a: Salamander|Charizard|Charizardite Y\n|-weather|SunnyDay|[from] ability: Drought|[of] p2a: Salamander\n|move|p1a: Aerodactyl|Rock Slide|p2a: Salamander\n|-supereffective|p2a: Salamander\n|-damage|p2a: Salamander|0 fnt\n|faint|p2a: Salamander\n|\n|-weather|SunnyDay|[upkeep]\n|upkeep\n|c| HATE=sylveon|doble ala\n|\n|t:|1701216347\n|switch|p2a: Raichu|Raichu-Alola, M|73\/100\n|turn|19\n|c| HATE=sylveon|wtf\n|\n|t:|1701216351\n|move|p2a: Raichu|Rising Voltage|p1a: Aerodactyl\n|-supereffective|p1a: Aerodactyl\n|-damage|p1a: Aerodactyl|0 fnt\n|faint|p1a: Aerodactyl\n|\n|-weather|SunnyDay|[upkeep]\n|upkeep\n|\n|t:|1701216361\n|switch|p1a: Barraskewda|Barraskewda, F, tera:Water|26\/100\n|turn|20\n|c|\u2606Cristian7gg|Nao Nao\n|\n|t:|1701216368\n|move|p1a: Barraskewda|Aqua Jet|p2a: Raichu\n|-crit|p2a: Raichu\n|-damage|p2a: Raichu|9\/100\n|move|p2a: Raichu|Psychic|p1a: Barraskewda\n|-damage|p1a: Barraskewda|0 fnt\n|faint|p1a: Barraskewda\n|\n|-weather|SunnyDay|[upkeep]\n|upkeep\n|\n|t:|1701216372\n|switch|p1a: Zapdos|Zapdos|40\/100\n|turn|21\n|\n|t:|1701216378\n|move|p2a: Raichu|Rising Voltage|p1a: Zapdos\n|-damage|p1a: Zapdos|0 fnt\n|faint|p1a: Zapdos\n|\n|-weather|SunnyDay|[upkeep]\n|upkeep\n|c|\u2606insipido|GG\n|\n|t:|1701216388\n|switch|p1a: Hawlucha|Hawlucha, F, shiny|100\/100\n|turn|22\n|c|\u2606Cristian7gg|Gg\n|\n|t:|1701216392\n|move|p2a: Raichu|Rising Voltage|p1a: Hawlucha\n|-supereffective|p1a: Hawlucha\n|-damage|p1a: Hawlucha|0 fnt\n|faint|p1a: Hawlucha\n|\n|win|Cristian7gg\n|l| HATE=sylveon\n|l|\u2606Cristian7gg\n","uploadtime":1701216401,"views":5,"p1id":"insipido","p2id":"cristian7gg","formatid":"gen9nationaldex","rating":0,"private":0,"password":""}