{"id":"gen9nationaldex-1996895107","p1":"Risk_Helsing","p2":"Ciaodaniii","format":"[Gen 9] National Dex","log":"|html|<div class=\"broadcast-blue\"><strong>[Gen 9] National Dex is currently suspecting Sneasler! For information on how to participate check out the <a href=\"https:\/\/www.smogon.com\/forums\/threads\/sv-national-dex-suspect-8-just-dance.3731534\/\">suspect thread<\/a>.<\/strong><\/div>\n|j|\u2606Risk_Helsing\n|j|\u2606Ciaodaniii\n|t:|1700741605\n|gametype|singles\n|player|p1|Risk_Helsing|burglar|1161\n|player|p2|Ciaodaniii|skier|1064\n|teamsize|p1|6\n|teamsize|p2|6\n|gen|9\n|tier|[Gen 9] National Dex\n|rated|\n|rule|HP Percentage Mod: HP is shown in percentages\n|rule|Endless Battle Clause: Forcing endless battles is banned\n|rule|OHKO Clause: OHKO moves are banned\n|rule|Evasion Clause: Evasion abilities, items, and moves are banned\n|rule|Evasion Abilities Clause: Evasion abilities are banned\n|rule|Evasion Items Clause: Evasion items are banned\n|rule|Evasion Moves Clause: Evasion moves are banned\n|rule|Species Clause: Limit one of each Pok\u00e9mon\n|rule|Sleep Clause Mod: Limit one foe put to sleep\n|clearpoke\n|poke|p1|Centiskorch, F|\n|poke|p1|Hatterene, F|\n|poke|p1|Banette, F|\n|poke|p1|Xurkitree|\n|poke|p1|Landorus-Therian, M|\n|poke|p1|Alomomola, F|\n|poke|p2|Butterfree, M|\n|poke|p2|Garchomp, M|\n|poke|p2|Glimmora, F|\n|poke|p2|Charizard, F|\n|poke|p2|Leafeon, F|\n|poke|p2|Corviknight, M|\n|teampreview\n|inactive|Battle timer is ON: inactive players will automatically lose when time's up. (requested by Risk_Helsing)\n|\n|t:|1700741611\n|start\n|switch|p1a: Hatterene|Hatterene, F|100\/100\n|switch|p2a: Charizard|Charizard, F|100\/100\n|turn|1\n|\n|t:|1700741625\n|detailschange|p2a: Charizard|Charizard-Mega-Y, F\n|-mega|p2a: Charizard|Charizard|Charizardite Y\n|-weather|SunnyDay|[from] ability: Drought|[of] p2a: Charizard\n|move|p2a: Charizard|Dragon Dance|p2a: Charizard\n|-boost|p2a: Charizard|atk|1\n|-boost|p2a: Charizard|spe|1\n|move|p1a: Hatterene|Trick Room|p1a: Hatterene\n|-fieldstart|move: Trick Room|[of] p1a: Hatterene\n|\n|-weather|SunnyDay|[upkeep]\n|upkeep\n|turn|2\n|\n|t:|1700741636\n|move|p1a: Hatterene|Future Sight|p2a: Charizard\n|-start|p1a: Hatterene|move: Future Sight\n|move|p2a: Charizard|Dragon Dance|p2a: Charizard\n|-boost|p2a: Charizard|atk|1\n|-boost|p2a: Charizard|spe|1\n|\n|-weather|SunnyDay|[upkeep]\n|upkeep\n|turn|3\n|\n|t:|1700741644\n|switch|p1a: Xurkitree|Xurkitree|100\/100\n|move|p2a: Charizard|Dragon Dance|p2a: Charizard\n|-boost|p2a: Charizard|atk|1\n|-boost|p2a: Charizard|spe|1\n|\n|-weather|SunnyDay|[upkeep]\n|upkeep\n|turn|4\n|\n|t:|1700741652\n|move|p1a: Xurkitree|Thunderbolt|p2a: Charizard\n|-supereffective|p2a: Charizard\n|-damage|p2a: Charizard|0 fnt\n|faint|p2a: Charizard\n|-ability|p1a: Xurkitree|Beast Boost|boost\n|-boost|p1a: Xurkitree|spa|1\n|\n|-weather|SunnyDay|[upkeep]\n|-hint|Future Sight did not hit because the target is fainted.\n|upkeep\n|\n|t:|1700741657\n|switch|p2a: Garchomp|Garchomp, M|100\/100\n|turn|5\n|\n|t:|1700741660\n|move|p1a: Xurkitree|Dazzling Gleam|p2a: Garchomp\n|-supereffective|p2a: Garchomp\n|-damage|p2a: Garchomp|0 fnt\n|faint|p2a: Garchomp\n|-ability|p1a: Xurkitree|Beast Boost|boost\n|-boost|p1a: Xurkitree|spa|1\n|\n|-weather|none\n|-fieldend|move: Trick Room\n|upkeep\n|\n|t:|1700741664\n|switch|p2a: Glimmora|Glimmora, F|100\/100\n|turn|6\n|\n|t:|1700741668\n|switch|p1a: Hatterene|Hatterene, F|100\/100\n|move|p2a: Glimmora|Mortal Spin|p1a: Hatterene\n|-supereffective|p1a: Hatterene\n|-damage|p1a: Hatterene|84\/100\n|-status|p1a: Hatterene|psn\n|\n|-damage|p1a: Hatterene|71\/100 psn|[from] psn\n|upkeep\n|turn|7\n|\n|t:|1700741674\n|switch|p2a: Corviknight|Corviknight, M|100\/100\n|move|p1a: Hatterene|Trick Room|p1a: Hatterene\n|-fieldstart|move: Trick Room|[of] p1a: Hatterene\n|\n|-damage|p1a: Hatterene|59\/100 psn|[from] psn\n|upkeep\n|turn|8\n|\n|t:|1700741680\n|switch|p1a: Centiskorch|Centiskorch, F|100\/100\n|move|p2a: Corviknight|Iron Defense|p2a: Corviknight\n|-boost|p2a: Corviknight|def|2\n|\n|upkeep\n|turn|9\n|\n|t:|1700741688\n|-terastallize|p1a: Centiskorch|Fire\n|-terastallize|p2a: Corviknight|Flying\n|move|p1a: Centiskorch|Fire Lash|p2a: Corviknight\n|-damage|p2a: Corviknight|81\/100\n|-ability|p2a: Corviknight|Mirror Armor\n|-unboost|p1a: Centiskorch|def|1\n|-damage|p1a: Centiskorch|84\/100|[from] item: Rocky Helmet|[of] p2a: Corviknight\n|move|p2a: Corviknight|Body Press|p1a: Centiskorch\n|-damage|p1a: Centiskorch|6\/100\n|\n|upkeep\n|turn|10\n|\n|t:|1700741703\n|switch|p1a: Alomomola|Alomomola, F|100\/100\n|move|p2a: Corviknight|Iron Defense|p2a: Corviknight\n|-boost|p2a: Corviknight|def|2\n|\n|upkeep\n|turn|11\n|\n|t:|1700741710\n|move|p1a: Alomomola|Scald|p2a: Corviknight\n|-damage|p2a: Corviknight|66\/100\n|-status|p2a: Corviknight|brn\n|move|p2a: Corviknight|Iron Defense|p2a: Corviknight\n|-boost|p2a: Corviknight|def|2\n|\n|-damage|p2a: Corviknight|60\/100 brn|[from] brn\n|-fieldend|move: Trick Room\n|upkeep\n|turn|12\n|\n|t:|1700741717\n|move|p2a: Corviknight|Body Press|p1a: Alomomola\n|-damage|p1a: Alomomola|77\/100\n|move|p1a: Alomomola|Flip Turn|p2a: Corviknight\n|-damage|p2a: Corviknight|56\/100 brn\n|-damage|p1a: Alomomola|61\/100|[from] item: Rocky Helmet|[of] p2a: Corviknight\n|\n|t:|1700741721\n|switch|p1a: Hatterene|Hatterene, F|59\/100 psn|[from] Flip Turn\n|\n|-damage|p1a: Hatterene|47\/100 psn|[from] psn\n|-damage|p2a: Corviknight|50\/100 brn|[from] brn\n|upkeep\n|turn|13\n|\n|t:|1700741724\n|move|p2a: Corviknight|Body Press|p1a: Hatterene\n|-resisted|p1a: Hatterene\n|-damage|p1a: Hatterene|35\/100 psn\n|move|p1a: Hatterene|Trick Room|p1a: Hatterene\n|-fieldstart|move: Trick Room|[of] p1a: Hatterene\n|\n|-damage|p1a: Hatterene|23\/100 psn|[from] psn\n|-damage|p2a: Corviknight|44\/100 brn|[from] brn\n|upkeep\n|turn|14\n|\n|t:|1700741732\n|move|p1a: Hatterene|Future Sight|p2a: Corviknight\n|-start|p1a: Hatterene|move: Future Sight\n|move|p2a: Corviknight|Roost|p2a: Corviknight\n|-heal|p2a: Corviknight|94\/100 brn\n|-hint|If a Flying Terastallized Pokemon uses Roost, it remains Flying-type.\n|\n|-damage|p1a: Hatterene|10\/100 psn|[from] psn\n|-damage|p2a: Corviknight|88\/100 brn|[from] brn\n|upkeep\n|turn|15\n|\n|t:|1700741742\n|move|p1a: Hatterene|Draining Kiss|p2a: Corviknight\n|-damage|p2a: Corviknight|58\/100 brn\n|-heal|p1a: Hatterene|36\/100 psn|[from] drain|[of] p2a: Corviknight\n|-damage|p1a: Hatterene|20\/100 psn|[from] item: Rocky Helmet|[of] p2a: Corviknight\n|move|p2a: Corviknight|Pluck|p1a: Hatterene\n|-damage|p1a: Hatterene|6\/100 psn\n|-enditem|p1a: Hatterene|Babiri Berry|[from] stealeat|[move] Pluck|[of] p2a: Corviknight\n|\n|-damage|p1a: Hatterene|0 fnt|[from] psn\n|faint|p1a: Hatterene\n|-damage|p2a: Corviknight|52\/100 brn|[from] brn\n|upkeep\n|\n|t:|1700741750\n|switch|p1a: Xurkitree|Xurkitree|100\/100\n|turn|16\n|\n|t:|1700741757\n|move|p1a: Xurkitree|Thunderbolt|p2a: Corviknight\n|-supereffective|p2a: Corviknight\n|-crit|p2a: Corviknight\n|-damage|p2a: Corviknight|0 fnt\n|faint|p2a: Corviknight\n|-ability|p1a: Xurkitree|Beast Boost|boost\n|-boost|p1a: Xurkitree|spa|1\n|\n|-hint|Future Sight did not hit because the target is fainted.\n|upkeep\n|\n|t:|1700741760\n|switch|p2a: Glimmora|Glimmora, F|100\/100\n|turn|17\n|\n|t:|1700741763\n|-zpower|p1a: Xurkitree\n|move|p1a: Xurkitree|Z-Hypnosis|p2a: Glimmora|[anim]Hypnosis\n|-boost|p1a: Xurkitree|spe|1|[zeffect]\n|-status|p2a: Glimmora|slp|[from] move: Hypnosis\n|cant|p2a: Glimmora|slp\n|\n|-fieldend|move: Trick Room\n|upkeep\n|turn|18\n|\n|t:|1700741773\n|switch|p2a: Butterfree|Butterfree, M|100\/100\n|move|p1a: Xurkitree|Thunderbolt|p2a: Butterfree\n|-supereffective|p2a: Butterfree\n|-damage|p2a: Butterfree|0 fnt\n|faint|p2a: Butterfree\n|-ability|p1a: Xurkitree|Beast Boost|boost\n|-boost|p1a: Xurkitree|spa|1\n|\n|upkeep\n|\n|t:|1700741781\n|switch|p2a: Leafeon|Leafeon, F|100\/100\n|turn|19\n|\n|t:|1700741785\n|move|p2a: Leafeon|Knock Off|p1a: Xurkitree\n|-damage|p1a: Xurkitree|81\/100\n|move|p1a: Xurkitree|Dazzling Gleam|p2a: Leafeon\n|-damage|p2a: Leafeon|0 fnt\n|faint|p2a: Leafeon\n|-ability|p1a: Xurkitree|Beast Boost|boost\n|-boost|p1a: Xurkitree|spa|1\n|\n|upkeep\n|\n|t:|1700741790\n|switch|p2a: Glimmora|Glimmora, F|100\/100 slp\n|turn|20\n|-message|Ciaodaniii forfeited.\n|\n|win|Risk_Helsing\n|raw|Risk_Helsing's rating: 1161 &rarr; <strong>1179<\/strong><br \/>(+18 for winning)\n|raw|Ciaodaniii's rating: 1064 &rarr; <strong>1050<\/strong><br \/>(-14 for losing)\n|l|\u2606Ciaodaniii\n","uploadtime":1700741801,"views":3,"p1id":"riskhelsing","p2id":"ciaodaniii","formatid":"gen9nationaldex","rating":1050,"private":0,"password":""}