{"id":"gen9nationaldex-1998037051","p1":"RoboDriveisthebest","p2":"mtyqjltz6","format":"[Gen 9] National Dex","log":"|html|<div class=\"broadcast-blue\"><strong>[Gen 9] National Dex is currently suspecting Sneasler! For information on how to participate check out the <a href=\"https:\/\/www.smogon.com\/forums\/threads\/sv-national-dex-suspect-8-just-dance.3731534\/\">suspect thread<\/a>.<\/strong><\/div>\n|j|\u2606RoboDriveisthebest\n|j|\u2606mtyqjltz6\n|t:|1700882022\n|gametype|singles\n|player|p1|RoboDriveisthebest|cilan|1409\n|player|p2|mtyqjltz6|elesa|1390\n|teamsize|p1|6\n|teamsize|p2|6\n|gen|9\n|tier|[Gen 9] National Dex\n|rated|\n|rule|HP Percentage Mod: HP is shown in percentages\n|rule|Endless Battle Clause: Forcing endless battles is banned\n|rule|OHKO Clause: OHKO moves are banned\n|rule|Evasion Clause: Evasion abilities, items, and moves are banned\n|rule|Evasion Abilities Clause: Evasion abilities are banned\n|rule|Evasion Items Clause: Evasion items are banned\n|rule|Evasion Moves Clause: Evasion moves are banned\n|rule|Species Clause: Limit one of each Pok\u00e9mon\n|rule|Sleep Clause Mod: Limit one foe put to sleep\n|clearpoke\n|poke|p1|Banette, F|\n|poke|p1|Thundurus-Therian, M|\n|poke|p1|Drednaw, F|\n|poke|p1|Dragonite, M|\n|poke|p1|Roserade, M|\n|poke|p1|Breloom, M|\n|poke|p2|Raticate, M|\n|poke|p2|Rillaboom, M|\n|poke|p2|Slowking-Galar, M|\n|poke|p2|Moltres|\n|poke|p2|Aggron, M|\n|poke|p2|Thundurus-Therian, M|\n|teampreview\n|inactive|Battle timer is ON: inactive players will automatically lose when time's up. (requested by mtyqjltz6)\n|c|\u2606RoboDriveisthebest|what is my team based on?\n|\n|t:|1700882042\n|start\n|switch|p1a: Mallow|Thundurus-Therian, M|100\/100\n|switch|p2a: Aggron|Aggron, M, shiny|100\/100\n|turn|1\n|\n|t:|1700882050\n|detailschange|p2a: Aggron|Aggron-Mega, M, shiny\n|-mega|p2a: Aggron|Aggron|Aggronite\n|move|p1a: Mallow|Volt Switch|p2a: Aggron\n|-damage|p2a: Aggron|65\/100\n|\n|t:|1700882060\n|switch|p1a: Geno|Banette, F, shiny|100\/100|[from] Volt Switch\n|move|p2a: Aggron|Stealth Rock|p1a: Geno\n|-sidestart|p1: RoboDriveisthebest|move: Stealth Rock\n|\n|upkeep\n|turn|2\n|\n|t:|1700882077\n|switch|p2a: Raticate|Raticate, M|100\/100\n|detailschange|p1a: Geno|Banette-Mega, F, shiny\n|-mega|p1a: Geno|Banette|Banettite\n|move|p1a: Geno|Poltergeist|p2a: Raticate\n|-immune|p2a: Raticate\n|\n|-status|p2a: Raticate|brn|[from] item: Flame Orb\n|upkeep\n|turn|3\n|\n|t:|1700882092\n|move|p2a: Raticate|U-turn|p1a: Geno\n|-resisted|p1a: Geno\n|-damage|p1a: Geno|84\/100\n|\n|t:|1700882099\n|switch|p2a: Aggron|Aggron-Mega, M, shiny|65\/100|[from] U-turn\n|move|p1a: Geno|Knock Off|p2a: Aggron\n|-damage|p2a: Aggron|53\/100\n|\n|upkeep\n|turn|4\n|inactive|mtyqjltz6 has 120 seconds left.\n|\n|t:|1700882135\n|switch|p2a: Raticate|Raticate, M|100\/100 brn\n|move|p1a: Geno|Will-O-Wisp|p2a: Raticate\n|-fail|p2a: Raticate|brn\n|\n|-damage|p2a: Raticate|95\/100 brn|[from] brn\n|upkeep\n|turn|5\n|inactive|RoboDriveisthebest has 120 seconds left.\n|inactive|RoboDriveisthebest has 90 seconds left.\n|\n|t:|1700882199\n|move|p2a: Raticate|Sucker Punch||[still]\n|-fail|p2a: Raticate\n|move|p1a: Geno|Destiny Bond|p1a: Geno\n|-singlemove|p1a: Geno|Destiny Bond\n|\n|-damage|p2a: Raticate|89\/100 brn|[from] brn\n|upkeep\n|turn|6\n|\n|t:|1700882209\n|move|p2a: Raticate|Stomping Tantrum|p1a: Geno\n|-damage|p1a: Geno|4\/100\n|move|p1a: Geno|Knock Off|p2a: Raticate\n|-damage|p2a: Raticate|12\/100 brn\n|-enditem|p2a: Raticate|Flame Orb|[from] move: Knock Off|[of] p1a: Geno\n|\n|-damage|p2a: Raticate|6\/100 brn|[from] brn\n|upkeep\n|turn|7\n|\n|t:|1700882227\n|move|p1a: Geno|Destiny Bond|p1a: Geno\n|-singlemove|p1a: Geno|Destiny Bond\n|move|p2a: Raticate|U-turn|p1a: Geno\n|-resisted|p1a: Geno\n|-damage|p1a: Geno|0 fnt\n|faint|p1a: Geno\n|-activate|p1a: Geno|move: Destiny Bond\n|faint|p2a: Raticate\n|\n|upkeep\n|inactive|mtyqjltz6 has 120 seconds left.\n|\n|t:|1700882237\n|switch|p2a: Thundurus|Thundurus-Therian, M|100\/100\n|switch|p1a: Yoshi|Dragonite, M, shiny|100\/100\n|-damage|p1a: Yoshi|76\/100|[from] Stealth Rock\n|turn|8\n|inactive|mtyqjltz6 has 120 seconds left.\n|\n|t:|1700882259\n|-terastallize|p1a: Yoshi|Normal\n|move|p2a: Thundurus|Hidden Power|p1a: Yoshi\n|-damage|p1a: Yoshi|61\/100\n|move|p1a: Yoshi|Dragon Dance|p1a: Yoshi\n|-boost|p1a: Yoshi|atk|1\n|-boost|p1a: Yoshi|spe|1\n|\n|upkeep\n|turn|9\n|\n|t:|1700882273\n|switch|p2a: Moltres|Moltres|100\/100\n|move|p1a: Yoshi|Defog|p2a: Moltres\n|-unboost|p2a: Moltres|evasion|1\n|-sideend|p1: RoboDriveisthebest|Stealth Rock|[from] move: Defog|[of] p1a: Yoshi\n|\n|upkeep\n|turn|10\n|\n|t:|1700882285\n|move|p1a: Yoshi|Extreme Speed|p2a: Moltres\n|-damage|p2a: Moltres|66\/100\n|move|p2a: Moltres|Flamethrower|p1a: Yoshi\n|-damage|p1a: Yoshi|36\/100\n|\n|upkeep\n|turn|11\n|\n|t:|1700882297\n|move|p1a: Yoshi|Extreme Speed|p2a: Moltres\n|-crit|p2a: Moltres\n|-damage|p2a: Moltres|8\/100\n|move|p2a: Moltres|Roost|p2a: Moltres\n|-heal|p2a: Moltres|58\/100\n|-singleturn|p2a: Moltres|move: Roost\n|\n|upkeep\n|turn|12\n|inactive|mtyqjltz6 has 120 seconds left.\n|\n|t:|1700882309\n|move|p1a: Yoshi|Extreme Speed|p2a: Moltres\n|-damage|p2a: Moltres|24\/100\n|move|p2a: Moltres|Roost|p2a: Moltres\n|-heal|p2a: Moltres|74\/100\n|-singleturn|p2a: Moltres|move: Roost\n|\n|upkeep\n|turn|13\n|inactive|mtyqjltz6 has 120 seconds left.\n|\n|t:|1700882322\n|move|p1a: Yoshi|Dragon Dance|p1a: Yoshi\n|-boost|p1a: Yoshi|atk|1\n|-boost|p1a: Yoshi|spe|1\n|move|p2a: Moltres|Flamethrower|p1a: Yoshi\n|-damage|p1a: Yoshi|11\/100\n|\n|upkeep\n|turn|14\n|inactive|mtyqjltz6 has 120 seconds left.\n|\n|t:|1700882356\n|switch|p2a: Aggron|Aggron-Mega, M, shiny|53\/100\n|move|p1a: Yoshi|Extreme Speed|p2a: Aggron\n|-resisted|p2a: Aggron\n|-damage|p2a: Aggron|37\/100\n|\n|upkeep\n|turn|15\n|\n|t:|1700882365\n|move|p1a: Yoshi|Earthquake|p2a: Aggron\n|-supereffective|p2a: Aggron\n|-damage|p2a: Aggron|0 fnt\n|faint|p2a: Aggron\n|\n|upkeep\n|\n|t:|1700882369\n|switch|p2a: Rillaboom|Rillaboom, M|100\/100\n|-fieldstart|move: Grassy Terrain|[from] ability: Grassy Surge|[of] p2a: Rillaboom\n|turn|16\n|\n|t:|1700882383\n|move|p1a: Yoshi|Extreme Speed|p2a: Rillaboom\n|-damage|p2a: Rillaboom|24\/100\n|move|p2a: Rillaboom|Grassy Glide|p1a: Yoshi\n|-damage|p1a: Yoshi|0 fnt\n|faint|p1a: Yoshi\n|\n|-heal|p2a: Rillaboom|30\/100|[from] Grassy Terrain\n|upkeep\n|\n|t:|1700882391\n|switch|p1a: Mallow|Thundurus-Therian, M|100\/100\n|turn|17\n|\n|t:|1700882400\n|switch|p2a: Slowking|Slowking-Galar, M, shiny|100\/100\n|move|p1a: Mallow|Hidden Power|p2a: Slowking\n|-damage|p2a: Slowking|88\/100\n|\n|-heal|p2a: Slowking|94\/100|[from] Grassy Terrain\n|upkeep\n|turn|18\n|inactive|mtyqjltz6 has 120 seconds left.\n|\n|t:|1700882409\n|move|p1a: Mallow|Volt Switch|p2a: Slowking\n|-damage|p2a: Slowking|72\/100\n|\n|t:|1700882417\n|switch|p1a: Mario Mario|Breloom, M, shiny|100\/100|[from] Volt Switch\n|move|p2a: Slowking|Future Sight|p1a: Mario Mario\n|-start|p2a: Slowking|move: Future Sight\n|\n|-heal|p2a: Slowking|78\/100|[from] Grassy Terrain\n|upkeep\n|turn|19\n|inactive|mtyqjltz6 has 120 seconds left.\n|\n|t:|1700882445\n|move|p1a: Mario Mario|Spore|p2a: Slowking\n|-status|p2a: Slowking|slp|[from] move: Spore\n|cant|p2a: Slowking|slp\n|\n|-heal|p2a: Slowking|84\/100 slp|[from] Grassy Terrain\n|upkeep\n|turn|20\n|\n|t:|1700882474\n|switch|p2a: Moltres|Moltres|74\/100\n|move|p1a: Mario Mario|Bullet Seed|p2a: Moltres\n|-resisted|p2a: Moltres\n|-damage|p2a: Moltres|70\/100\n|-resisted|p2a: Moltres\n|-damage|p2a: Moltres|66\/100\n|-resisted|p2a: Moltres\n|-damage|p2a: Moltres|62\/100\n|-resisted|p2a: Moltres\n|-damage|p2a: Moltres|58\/100\n|-resisted|p2a: Moltres\n|-damage|p2a: Moltres|54\/100\n|-hitcount|p2a: Moltres|5\n|\n|-end|p1a: Mario Mario|move: Future Sight\n|-supereffective|p1a: Mario Mario\n|-enditem|p1a: Mario Mario|Focus Sash\n|-damage|p1a: Mario Mario|1\/100\n|-heal|p1a: Mario Mario|7\/100|[from] Grassy Terrain\n|-fieldend|move: Grassy Terrain\n|upkeep\n|turn|21\n|inactive|RoboDriveisthebest has 120 seconds left.\n|\n|t:|1700882494\n|switch|p1a: Mallow|Thundurus-Therian, M|100\/100\n|-terastallize|p2a: Moltres|Dragon\n|move|p2a: Moltres|Roost|p2a: Moltres\n|-heal|p2a: Moltres|100\/100\n|\n|upkeep\n|turn|22\n|\n|t:|1700882503\n|switch|p2a: Slowking|Slowking-Galar, M, shiny|100\/100 slp\n|move|p1a: Mallow|Hidden Power|p2a: Slowking\n|-damage|p2a: Slowking|86\/100 slp\n|\n|upkeep\n|turn|23\n|\n|t:|1700882513\n|move|p1a: Mallow|Volt Switch|p2a: Slowking\n|-damage|p2a: Slowking|64\/100 slp\n|\n|t:|1700882520\n|switch|p1a: Bowser|Drednaw, F, shiny|100\/100|[from] Volt Switch\n|cant|p2a: Slowking|slp\n|\n|upkeep\n|turn|24\n|inactive|mtyqjltz6 has 120 seconds left.\n|\n|t:|1700882532\n|switch|p2a: Moltres|Moltres, tera:Dragon|100\/100\n|move|p1a: Bowser|Crunch|p2a: Moltres\n|-damage|p2a: Moltres|82\/100\n|-unboost|p2a: Moltres|def|1\n|\n|upkeep\n|turn|25\n|inactive|mtyqjltz6 has 120 seconds left.\n|\n|t:|1700882543\n|move|p1a: Bowser|Stone Edge|p2a: Moltres\n|-crit|p2a: Moltres\n|-damage|p2a: Moltres|12\/100\n|move|p2a: Moltres|Flamethrower|p1a: Bowser\n|-resisted|p1a: Bowser\n|-damage|p1a: Bowser|87\/100\n|\n|upkeep\n|turn|26\n|inactive|mtyqjltz6 has 120 seconds left.\n|inactive|mtyqjltz6 has 90 seconds left.\n|\n|t:|1700882602\n|move|p1a: Bowser|Crunch|p2a: Moltres\n|-damage|p2a: Moltres|0 fnt\n|-status|p1a: Bowser|brn|[from] ability: Flame Body|[of] p2a: Moltres\n|faint|p2a: Moltres\n|\n|-damage|p1a: Bowser|81\/100 brn|[from] brn\n|upkeep\n|\n|t:|1700882617\n|switch|p2a: Rillaboom|Rillaboom, M|30\/100\n|-fieldstart|move: Grassy Terrain|[from] ability: Grassy Surge|[of] p2a: Rillaboom\n|turn|27\n|\n|t:|1700882622\n|move|p2a: Rillaboom|Grassy Glide|p1a: Bowser\n|-supereffective|p1a: Bowser\n|-damage|p1a: Bowser|0 fnt\n|faint|p1a: Bowser\n|\n|-heal|p2a: Rillaboom|36\/100|[from] Grassy Terrain\n|upkeep\n|\n|t:|1700882630\n|switch|p1a: Mallow|Thundurus-Therian, M|100\/100\n|turn|28\n|inactive|mtyqjltz6 has 90 seconds left.\n|\n|t:|1700882645\n|switch|p2a: Slowking|Slowking-Galar, M, shiny|97\/100 slp\n|move|p1a: Mallow|Volt Switch|p2a: Slowking\n|-damage|p2a: Slowking|75\/100 slp\n|\n|t:|1700882651\n|switch|p1a: Mario Mario|Breloom, M, shiny|7\/100|[from] Volt Switch\n|\n|-heal|p1a: Mario Mario|13\/100|[from] Grassy Terrain\n|-heal|p2a: Slowking|81\/100 slp|[from] Grassy Terrain\n|upkeep\n|turn|29\n|inactive|mtyqjltz6 has 90 seconds left.\n|\n|t:|1700882661\n|move|p1a: Mario Mario|Bullet Seed|p2a: Slowking\n|-resisted|p2a: Slowking\n|-damage|p2a: Slowking|68\/100 slp\n|-resisted|p2a: Slowking\n|-damage|p2a: Slowking|54\/100 slp\n|-resisted|p2a: Slowking\n|-damage|p2a: Slowking|41\/100 slp\n|-hitcount|p2a: Slowking|3\n|cant|p2a: Slowking|slp\n|\n|-heal|p1a: Mario Mario|19\/100|[from] Grassy Terrain\n|-heal|p2a: Slowking|47\/100 slp|[from] Grassy Terrain\n|upkeep\n|turn|30\n|inactive|mtyqjltz6 has 90 seconds left.\n|\n|t:|1700882693\n|move|p1a: Mario Mario|Bullet Seed|p2a: Slowking\n|-resisted|p2a: Slowking\n|-crit|p2a: Slowking\n|-damage|p2a: Slowking|26\/100 slp\n|-resisted|p2a: Slowking\n|-damage|p2a: Slowking|13\/100 slp\n|-resisted|p2a: Slowking\n|-damage|p2a: Slowking|0 fnt\n|faint|p2a: Slowking\n|-hitcount|p2: Slowking|3\n|\n|-heal|p1a: Mario Mario|25\/100|[from] Grassy Terrain\n|upkeep\n|\n|t:|1700882702\n|switch|p2a: Rillaboom|Rillaboom, M|36\/100\n|turn|31\n|\n|t:|1700882721\n|move|p1a: Mario Mario|Mach Punch|p2a: Rillaboom\n|-damage|p2a: Rillaboom|4\/100\n|move|p2a: Rillaboom|U-turn|p1a: Mario Mario\n|-damage|p1a: Mario Mario|0 fnt\n|faint|p1a: Mario Mario\n|\n|t:|1700882727\n|switch|p2a: Thundurus|Thundurus-Therian, M|100\/100|[from] U-turn\n|\n|-fieldend|move: Grassy Terrain\n|upkeep\n|\n|t:|1700882730\n|switch|p1a: Princess Peach|Roserade, M|100\/100\n|turn|32\n|\n|t:|1700882744\n|move|p2a: Thundurus|Hidden Power|p1a: Princess Peach\n|-supereffective|p1a: Princess Peach\n|-damage|p1a: Princess Peach|42\/100\n|move|p1a: Princess Peach|Sludge Bomb|p2a: Thundurus\n|-damage|p2a: Thundurus|42\/100\n|\n|upkeep\n|turn|33\n|\n|t:|1700882751\n|move|p2a: Thundurus|Hidden Power|p1a: Princess Peach\n|-supereffective|p1a: Princess Peach\n|-damage|p1a: Princess Peach|0 fnt\n|faint|p1a: Princess Peach\n|\n|upkeep\n|\n|t:|1700882753\n|switch|p1a: Mallow|Thundurus-Therian, M|100\/100\n|turn|34\n|inactive|mtyqjltz6 has 90 seconds left.\n|l|\u2606mtyqjltz6\n|inactive|mtyqjltz6 disconnected and has a minute to reconnect!\n|player|p2|\n|inactive|mtyqjltz6 has 30 seconds to reconnect!\n|j|\u2606mtyqjltz6\n|inactive|mtyqjltz6 reconnected and has 60 seconds left.\n|player|p2|mtyqjltz6|elesa\n|\n|t:|1700882798\n|move|p2a: Thundurus|Hidden Power|p1a: Mallow\n|-supereffective|p1a: Mallow\n|-damage|p1a: Mallow|33\/100\n|move|p1a: Mallow|Hidden Power|p2a: Thundurus\n|-supereffective|p2a: Thundurus\n|-damage|p2a: Thundurus|0 fnt\n|faint|p2a: Thundurus\n|\n|-heal|p1a: Mallow|39\/100|[from] item: Leftovers\n|upkeep\n|\n|t:|1700882803\n|switch|p2a: Rillaboom|Rillaboom, M|4\/100\n|-fieldstart|move: Grassy Terrain|[from] ability: Grassy Surge|[of] p2a: Rillaboom\n|turn|35\n|\n|t:|1700882811\n|move|p2a: Rillaboom|Grassy Glide|p1a: Mallow\n|-resisted|p1a: Mallow\n|-damage|p1a: Mallow|0 fnt\n|faint|p1a: Mallow\n|\n|win|mtyqjltz6\n|raw|RoboDriveisthebest's rating: 1409 &rarr; <strong>1388<\/strong><br \/>(-21 for losing)\n|raw|mtyqjltz6's rating: 1390 &rarr; <strong>1411<\/strong><br \/>(+21 for winning)\n|c|\u2606mtyqjltz6|gg\n|l|\u2606RoboDriveisthebest\n","uploadtime":1700882816,"views":2,"p1id":"robodriveisthebest","p2id":"mtyqjltz6","formatid":"gen9nationaldex","rating":1388,"private":0,"password":""}