{"id":"gen9nationaldex-1995824633","p1":"Darling.Cupid","p2":"2011ChevyS10Xtreme","format":"[Gen 9] National Dex","log":"|html|<div class=\"broadcast-blue\"><strong>[Gen 9] National Dex is currently suspecting Sneasler! For information on how to participate check out the <a href=\"https:\/\/www.smogon.com\/forums\/threads\/sv-national-dex-suspect-8-just-dance.3731534\/\">suspect thread<\/a>.<\/strong><\/div>\n|j|\u2606Darling.Cupid\n|j|\u26062011ChevyS10Xtreme\n|t:|1700606794\n|gametype|singles\n|player|p1|Darling.Cupid|waiter-gen4|1104\n|player|p2|2011ChevyS10Xtreme|ghetsis|1142\n|teamsize|p1|6\n|teamsize|p2|6\n|gen|9\n|tier|[Gen 9] National Dex\n|rated|\n|rule|HP Percentage Mod: HP is shown in percentages\n|rule|Endless Battle Clause: Forcing endless battles is banned\n|rule|OHKO Clause: OHKO moves are banned\n|rule|Evasion Clause: Evasion abilities, items, and moves are banned\n|rule|Evasion Abilities Clause: Evasion abilities are banned\n|rule|Evasion Items Clause: Evasion items are banned\n|rule|Evasion Moves Clause: Evasion moves are banned\n|rule|Species Clause: Limit one of each Pok\u00e9mon\n|rule|Sleep Clause Mod: Limit one foe put to sleep\n|clearpoke\n|poke|p1|Cinderace, M|\n|poke|p1|Gallade, M|\n|poke|p1|Gengar, M|\n|poke|p1|Ditto|\n|poke|p1|Blissey, F|\n|poke|p1|Snorlax, M|\n|poke|p2|Ribombee, F|\n|poke|p2|Great Tusk|\n|poke|p2|Zapdos-Galar|\n|poke|p2|Diancie|\n|poke|p2|Runerigus, M|\n|poke|p2|Metagross|\n|teampreview\n|inactive|Battle timer is ON: inactive players will automatically lose when time's up. (requested by 2011ChevyS10Xtreme)\n|\n|t:|1700606826\n|start\n|switch|p1a: Ditto|Ditto|100\/100\n|switch|p2a: Ribombee|Ribombee, F, shiny|100\/100\n|-transform|p1a: Ditto|p2a: Ribombee|[from] ability: Imposter\n|turn|1\n|\n|t:|1700606846\n|move|p1a: Ditto|Sticky Web|p2a: Ribombee\n|-sidestart|p2: 2011ChevyS10Xtreme|move: Sticky Web\n|move|p2a: Ribombee|Switcheroo|p1a: Ditto\n|-activate|p2a: Ribombee|move: Trick|[of] p1a: Ditto\n|-item|p1a: Ditto|Choice Scarf|[from] move: Switcheroo\n|-item|p2a: Ribombee|Choice Scarf|[from] move: Switcheroo\n|\n|upkeep\n|turn|2\n|\n|t:|1700606863\n|move|p1a: Ditto|Sticky Web||[still]\n|-fail|p1a: Ditto\n|move|p2a: Ribombee|Switcheroo|p1a: Ditto\n|-activate|p2a: Ribombee|move: Trick|[of] p1a: Ditto\n|-item|p1a: Ditto|Choice Scarf|[from] move: Switcheroo\n|-item|p2a: Ribombee|Choice Scarf|[from] move: Switcheroo\n|\n|upkeep\n|turn|3\n|\n|t:|1700606883\n|switch|p1a: Cinderace|Cinderace, M|100\/100\n|move|p2a: Ribombee|Sticky Web|p1a: Cinderace\n|-sidestart|p1: Darling.Cupid|move: Sticky Web\n|\n|upkeep\n|turn|4\n|\n|t:|1700606898\n|switch|p2a: Runerigus|Runerigus, M|100\/100\n|-activate|p2a: Runerigus|move: Sticky Web\n|-unboost|p2a: Runerigus|spe|1\n|move|p1a: Cinderace|Pyro Ball|p2a: Runerigus\n|-damage|p2a: Runerigus|55\/100\n|\n|-heal|p2a: Runerigus|61\/100|[from] item: Leftovers\n|upkeep\n|turn|5\n|inactive|Darling.Cupid has 120 seconds left.\n|\n|t:|1700606913\n|switch|p2a: Ribombee|Ribombee, F, shiny|100\/100\n|-activate|p2a: Ribombee|move: Sticky Web\n|-unboost|p2a: Ribombee|spe|1\n|move|p1a: Cinderace|Pyro Ball|p2a: Ribombee\n|-supereffective|p2a: Ribombee\n|-damage|p2a: Ribombee|0 fnt\n|faint|p2a: Ribombee\n|\n|upkeep\n|\n|t:|1700606925\n|switch|p2a: Diancie|Diancie|100\/100\n|-activate|p2a: Diancie|move: Sticky Web\n|-fail|p2a: Diancie|unboost|[from] ability: Clear Body|[of] p2a: Diancie\n|turn|6\n|\n|t:|1700606933\n|detailschange|p2a: Diancie|Diancie-Mega\n|-mega|p2a: Diancie|Diancie|Diancite\n|move|p1a: Cinderace|High Jump Kick|p2a: Diancie\n|-start|p1a: Cinderace|typechange|Fighting|[from] ability: Libero\n|-damage|p2a: Diancie|22\/100\n|move|p2a: Diancie|Diamond Storm|p1a: Cinderace\n|-resisted|p1a: Cinderace\n|-damage|p1a: Cinderace|54\/100\n|\n|upkeep\n|turn|7\n|\n|t:|1700606944\n|switch|p2a: Runerigus|Runerigus, M|61\/100\n|-activate|p2a: Runerigus|move: Sticky Web\n|-unboost|p2a: Runerigus|spe|1\n|move|p1a: Cinderace|High Jump Kick|p2a: Runerigus\n|-immune|p2a: Runerigus\n|-damage|p1a: Cinderace|4\/100|[from] highjumpkick\n|\n|-heal|p2a: Runerigus|67\/100|[from] item: Leftovers\n|upkeep\n|turn|8\n|\n|t:|1700606954\n|move|p1a: Cinderace|Pyro Ball|p2a: Runerigus\n|-damage|p2a: Runerigus|35\/100\n|move|p2a: Runerigus|Shadow Claw|p1a: Cinderace\n|-damage|p1a: Cinderace|0 fnt\n|faint|p1a: Cinderace\n|\n|-heal|p2a: Runerigus|41\/100|[from] item: Leftovers\n|upkeep\n|\n|t:|1700606971\n|switch|p1a: Gallade|Gallade, M|100\/100\n|-activate|p1a: Gallade|move: Sticky Web\n|-unboost|p1a: Gallade|spe|1\n|turn|9\n|\n|t:|1700606979\n|detailschange|p1a: Gallade|Gallade-Mega, M\n|-mega|p1a: Gallade|Gallade|Galladite\n|move|p1a: Gallade|Leaf Blade|p2a: Runerigus\n|-supereffective|p2a: Runerigus\n|-damage|p2a: Runerigus|0 fnt\n|-activate|p2a: Runerigus|ability: Wandering Spirit|Inner Focus|Wandering Spirit|[of] p1a: Gallade\n|faint|p2a: Runerigus\n|\n|upkeep\n|\n|t:|1700606985\n|switch|p2a: Metagross|Metagross, shiny|100\/100\n|-activate|p2a: Metagross|move: Sticky Web\n|-fail|p2a: Metagross|unboost|[from] ability: Clear Body|[of] p2a: Metagross\n|turn|10\n|inactive|Darling.Cupid has 120 seconds left.\n|\n|t:|1700607015\n|switch|p1a: Gengar|Gengar, M|100\/100\n|-activate|p1a: Gengar|move: Sticky Web\n|-unboost|p1a: Gengar|spe|1\n|move|p2a: Metagross|Agility|p2a: Metagross\n|-boost|p2a: Metagross|spe|2\n|\n|upkeep\n|turn|11\n|inactive|Darling.Cupid has 120 seconds left.\n|\n|t:|1700607026\n|move|p2a: Metagross|Earthquake|p1a: Gengar\n|-supereffective|p1a: Gengar\n|-damage|p1a: Gengar|0 fnt\n|-start|p2a: Metagross|Disable|Earthquake|[from] ability: Cursed Body|[of] p1a: Gengar\n|faint|p1a: Gengar\n|\n|upkeep\n|\n|t:|1700607036\n|switch|p1a: Ditto|Ditto|100\/100\n|-activate|p1a: Ditto|move: Sticky Web\n|-unboost|p1a: Ditto|spe|1\n|-transform|p1a: Ditto|p2a: Metagross|[from] ability: Imposter\n|turn|12\n|inactive|Darling.Cupid has 120 seconds left.\n|\n|t:|1700607053\n|switch|p2a: Zapdos|Zapdos-Galar|100\/100\n|move|p1a: Ditto|Earthquake|p2a: Zapdos\n|-immune|p2a: Zapdos\n|\n|upkeep\n|turn|13\n|inactive|Darling.Cupid has 120 seconds left.\n|\n|t:|1700607068\n|switch|p1a: Snorlax|Snorlax, M, shiny|100\/100\n|-activate|p1a: Snorlax|move: Sticky Web\n|-unboost|p1a: Snorlax|spe|1\n|move|p2a: Zapdos|Substitute|p2a: Zapdos\n|-start|p2a: Zapdos|Substitute\n|-damage|p2a: Zapdos|76\/100\n|\n|upkeep\n|turn|14\n|inactive|Darling.Cupid has 120 seconds left.\n|\n|t:|1700607083\n|move|p2a: Zapdos|Thunderous Kick|p1a: Snorlax\n|-supereffective|p1a: Snorlax\n|-damage|p1a: Snorlax|31\/100\n|-unboost|p1a: Snorlax|def|1\n|move|p1a: Snorlax|Crunch|p2a: Zapdos\n|-resisted|p2a: Zapdos\n|-crit|p2a: Zapdos\n|-end|p2a: Zapdos|Substitute\n|-damage|p1a: Snorlax|21\/100|[from] item: Life Orb\n|\n|upkeep\n|turn|15\n|\n|t:|1700607106\n|move|p2a: Zapdos|Substitute|p2a: Zapdos\n|-start|p2a: Zapdos|Substitute\n|-damage|p2a: Zapdos|51\/100\n|move|p1a: Snorlax|Double-Edge|p2a: Zapdos\n|-end|p2a: Zapdos|Substitute\n|-damage|p1a: Snorlax|16\/100|[from] Recoil|[of] p2a: Zapdos\n|-damage|p1a: Snorlax|6\/100|[from] item: Life Orb\n|\n|upkeep\n|turn|16\n|\n|t:|1700607118\n|move|p2a: Zapdos|Substitute|p2a: Zapdos\n|-start|p2a: Zapdos|Substitute\n|-damage|p2a: Zapdos|26\/100\n|move|p1a: Snorlax|Double-Edge|p2a: Zapdos\n|-end|p2a: Zapdos|Substitute\n|-damage|p1a: Snorlax|0 fnt|[from] Recoil|[of] p2a: Zapdos\n|faint|p1a: Snorlax\n|\n|upkeep\n|inactive|Darling.Cupid has 90 seconds left.\n|\n|t:|1700607134\n|switch|p1a: Ditto|Ditto|100\/100\n|-activate|p1a: Ditto|move: Sticky Web\n|-unboost|p1a: Ditto|spe|1\n|-transform|p1a: Ditto|p2a: Zapdos|[from] ability: Imposter\n|turn|17\n|inactive|Darling.Cupid has 90 seconds left.\n|\n|t:|1700607150\n|switch|p2a: Great Tusk|Great Tusk|100\/100\n|-activate|p2a: Great Tusk|move: Sticky Web\n|-unboost|p2a: Great Tusk|spe|1\n|move|p1a: Ditto|Thunderous Kick|p2a: Great Tusk\n|-damage|p2a: Great Tusk|66\/100\n|-unboost|p2a: Great Tusk|def|1\n|\n|-heal|p2a: Great Tusk|72\/100|[from] item: Leftovers\n|upkeep\n|turn|18\n|inactive|Darling.Cupid has 90 seconds left.\n|\n|t:|1700607165\n|move|p1a: Ditto|Thunderous Kick|p2a: Great Tusk\n|-damage|p2a: Great Tusk|19\/100\n|-unboost|p2a: Great Tusk|def|1\n|move|p2a: Great Tusk|Rapid Spin|p1a: Ditto\n|-damage|p1a: Ditto|77\/100\n|-boost|p2a: Great Tusk|spe|1\n|-sideend|p2: 2011ChevyS10Xtreme|Sticky Web|[from] move: Rapid Spin|[of] p2a: Great Tusk\n|\n|-heal|p2a: Great Tusk|25\/100|[from] item: Leftovers\n|upkeep\n|turn|19\n|inactive|Darling.Cupid has 90 seconds left.\n|\n|t:|1700607176\n|move|p1a: Ditto|Thunderous Kick|p2a: Great Tusk\n|-damage|p2a: Great Tusk|0 fnt\n|faint|p2a: Great Tusk\n|-end|p2a: Great Tusk|Protosynthesis|[silent]\n|\n|upkeep\n|\n|t:|1700607187\n|switch|p2a: Diancie|Diancie-Mega|22\/100\n|turn|20\n|\n|t:|1700607196\n|move|p1a: Ditto|Thunderous Kick|p2a: Diancie\n|-damage|p2a: Diancie|0 fnt\n|faint|p2a: Diancie\n|\n|upkeep\n|\n|t:|1700607200\n|switch|p2a: Metagross|Metagross, shiny|100\/100\n|turn|21\n|\n|t:|1700607208\n|-terastallize|p1a: Ditto|Normal\n|move|p1a: Ditto|Thunderous Kick|p2a: Metagross\n|-damage|p2a: Metagross|66\/100\n|move|p2a: Metagross|Agility|p2a: Metagross\n|-boost|p2a: Metagross|spe|2\n|\n|upkeep\n|turn|22\n|\n|t:|1700607224\n|switch|p1a: Bulussy|Blissey, F|100\/100\n|-activate|p1a: Bulussy|move: Sticky Web\n|-unboost|p1a: Bulussy|spe|1\n|move|p2a: Metagross|Meteor Mash|p1a: Bulussy\n|-damage|p1a: Bulussy|49\/100\n|\n|upkeep\n|turn|23\n|\n|t:|1700607238\n|move|p2a: Metagross|Meteor Mash|p1a: Bulussy\n|-crit|p1a: Bulussy\n|-damage|p1a: Bulussy|0 fnt\n|-boost|p2a: Metagross|atk|1\n|faint|p1a: Bulussy\n|\n|upkeep\n|\n|t:|1700607252\n|switch|p1a: Ditto|Ditto, tera:Normal|77\/100\n|-activate|p1a: Ditto|move: Sticky Web\n|-unboost|p1a: Ditto|spe|1\n|-transform|p1a: Ditto|p2a: Metagross|[from] ability: Imposter\n|turn|24\n|\n|t:|1700607259\n|-terastallize|p2a: Metagross|Flying\n|move|p1a: Ditto|Ice Punch|p2a: Metagross\n|-supereffective|p2a: Metagross\n|-damage|p2a: Metagross|0 fnt\n|faint|p2a: Metagross\n|\n|upkeep\n|\n|t:|1700607265\n|switch|p2a: Zapdos|Zapdos-Galar|26\/100\n|turn|25\n|\n|t:|1700607269\n|move|p1a: Ditto|Ice Punch|p2a: Zapdos\n|-supereffective|p2a: Zapdos\n|-crit|p2a: Zapdos\n|-damage|p2a: Zapdos|0 fnt\n|faint|p2a: Zapdos\n|\n|win|Darling.Cupid\n|raw|Darling.Cupid's rating: 1104 &rarr; <strong>1132<\/strong><br \/>(+28 for winning)\n|raw|2011ChevyS10Xtreme's rating: 1142 &rarr; <strong>1114<\/strong><br \/>(-28 for losing)\n|l|\u26062011ChevyS10Xtreme\n","uploadtime":1700607276,"views":1,"p1id":"darlingcupid","p2id":"2011chevys10xtreme","formatid":"gen9nationaldex","rating":1114,"private":0,"password":""}