{"id":"gen9nationaldex-1987983754","p1":"Aldair \u201cthe bomb\u201d","p2":"Blake-Mamba","format":"[Gen 9] National Dex","log":"|j|\u2606Aldair \u201cthe bomb\u201d\n|j|\u2606Blake-Mamba\n|t:|1699655885\n|gametype|singles\n|player|p1|Aldair \u201cthe bomb\u201d|101|1272\n|player|p2|Blake-Mamba|juan|1352\n|teamsize|p1|6\n|teamsize|p2|6\n|gen|9\n|tier|[Gen 9] National Dex\n|rated|\n|rule|HP Percentage Mod: HP is shown in percentages\n|rule|Endless Battle Clause: Forcing endless battles is banned\n|rule|OHKO Clause: OHKO moves are banned\n|rule|Evasion Clause: Evasion abilities, items, and moves are banned\n|rule|Evasion Abilities Clause: Evasion abilities are banned\n|rule|Evasion Items Clause: Evasion items are banned\n|rule|Evasion Moves Clause: Evasion moves are banned\n|rule|Species Clause: Limit one of each Pok\u00e9mon\n|rule|Sleep Clause Mod: Limit one foe put to sleep\n|clearpoke\n|poke|p1|Charizard, M|\n|poke|p1|Venusaur, F|\n|poke|p1|Gengar, M|\n|poke|p1|Espeon, F|\n|poke|p1|Garchomp, M|\n|poke|p1|Crawdaunt, F|\n|poke|p2|Cinccino, F|\n|poke|p2|Zebstrika, F|\n|poke|p2|Ferrothorn, M|\n|poke|p2|Seismitoad, F|\n|poke|p2|Krookodile, M|\n|poke|p2|Emboar, F|\n|teampreview\n|\n|t:|1699655895\n|start\n|switch|p1a: Chompchomp|Garchomp, M|100\/100\n|switch|p2a: Cinccino|Cinccino, F|100\/100\n|turn|1\n|c|\u2606Blake-Mamba|Glhf\n|\n|t:|1699655905\n|move|p1a: Chompchomp|Earthquake|p2a: Cinccino\n|-damage|p2a: Cinccino|5\/100\n|move|p2a: Cinccino|Triple Axel|p1a: Chompchomp\n|-supereffective|p1a: Chompchomp\n|-damage|p1a: Chompchomp|51\/100\n|-damage|p2a: Cinccino|0 fnt|[from] ability: Rough Skin|[of] p1a: Chompchomp\n|faint|p2a: Cinccino\n|-hitcount|p1a: Chompchomp|1\n|\n|upkeep\n|\n|t:|1699655919\n|switch|p2a: Seismitoad|Seismitoad, F|100\/100\n|turn|2\n|\n|t:|1699655926\n|move|p1a: Chompchomp|Earthquake|p2a: Seismitoad\n|-damage|p2a: Seismitoad|50\/100\n|move|p2a: Seismitoad|Earth Power|p1a: Chompchomp\n|-damage|p1a: Chompchomp|0 fnt\n|faint|p1a: Chompchomp\n|\n|upkeep\n|\n|t:|1699655936\n|switch|p1a: Chazam|Charizard, M|100\/100\n|turn|3\n|\n|t:|1699655944\n|switch|p2a: Emboar|Emboar, F, shiny|100\/100\n|detailschange|p1a: Chazam|Charizard-Mega-Y, M\n|-mega|p1a: Chazam|Charizard|Charizardite Y\n|-weather|SunnyDay|[from] ability: Drought|[of] p1a: Chazam\n|move|p1a: Chazam|Solar Beam||[still]\n|-prepare|p1a: Chazam|Solar Beam\n|-anim|p1a: Chazam|Solar Beam|p2a: Emboar\n|-resisted|p2a: Emboar\n|-crit|p2a: Emboar\n|-damage|p2a: Emboar|53\/100\n|\n|-weather|SunnyDay|[upkeep]\n|upkeep\n|turn|4\n|\n|t:|1699655956\n|move|p2a: Emboar|Head Smash|p1a: Chazam\n|-supereffective|p1a: Chazam\n|-damage|p1a: Chazam|0 fnt\n|faint|p1a: Chazam\n|-damage|p2a: Emboar|12\/100|[from] Recoil\n|\n|-weather|SunnyDay|[upkeep]\n|upkeep\n|\n|t:|1699655964\n|switch|p1a: Venenosaurio|Venusaur, F|100\/100\n|turn|5\n|\n|t:|1699655973\n|switch|p2a: Ferrothorn|Ferrothorn, M|100\/100\n|move|p1a: Venenosaurio|Earth Power|p2a: Ferrothorn\n|-damage|p2a: Ferrothorn|68\/100\n|-damage|p1a: Venenosaurio|91\/100|[from] item: Life Orb\n|\n|-weather|SunnyDay|[upkeep]\n|upkeep\n|turn|6\n|\n|t:|1699655982\n|switch|p2a: Seismitoad|Seismitoad, F|50\/100\n|move|p1a: Venenosaurio|Hidden Power|p2a: Seismitoad\n|-resisted|p2a: Seismitoad\n|-damage|p2a: Seismitoad|29\/100\n|-damage|p1a: Venenosaurio|81\/100|[from] item: Life Orb\n|\n|-weather|SunnyDay|[upkeep]\n|upkeep\n|turn|7\n|\n|t:|1699655991\n|switch|p2a: Zebstrika|Zebstrika, F, shiny|100\/100\n|move|p1a: Venenosaurio|Earth Power|p2a: Zebstrika\n|-supereffective|p2a: Zebstrika\n|-damage|p2a: Zebstrika|0 fnt\n|faint|p2a: Zebstrika\n|-damage|p1a: Venenosaurio|71\/100|[from] item: Life Orb\n|\n|-weather|none\n|upkeep\n|\n|t:|1699656003\n|switch|p2a: Krookodile|Krookodile, M|100\/100\n|turn|8\n|\n|t:|1699656007\n|-terastallize|p2a: Krookodile|Dragon\n|move|p2a: Krookodile|Scale Shot|p1a: Venenosaurio\n|-damage|p1a: Venenosaurio|53\/100\n|-damage|p1a: Venenosaurio|35\/100\n|-damage|p1a: Venenosaurio|17\/100\n|-damage|p1a: Venenosaurio|0 fnt\n|faint|p1a: Venenosaurio\n|-ability|p2a: Krookodile|Moxie|boost\n|-boost|p2a: Krookodile|atk|1\n|-hitcount|p1: Venenosaurio|4\n|-unboost|p2a: Krookodile|def|1\n|-boost|p2a: Krookodile|spe|1\n|\n|upkeep\n|\n|t:|1699656030\n|switch|p1a: Shadow|Gengar, M|100\/100\n|turn|9\n|\n|t:|1699656035\n|-terastallize|p1a: Shadow|Flying\n|move|p2a: Krookodile|Scale Shot|p1a: Shadow\n|-damage|p1a: Shadow|63\/100\n|-damage|p1a: Shadow|22\/100\n|-damage|p1a: Shadow|0 fnt\n|faint|p1a: Shadow\n|-ability|p2a: Krookodile|Moxie|boost\n|-boost|p2a: Krookodile|atk|1\n|-hitcount|p1: Shadow|3\n|-unboost|p2a: Krookodile|def|1\n|-boost|p2a: Krookodile|spe|1\n|\n|upkeep\n|-message|Aldair \u201cthe bomb\u201d forfeited.\n|\n|win|Blake-Mamba\n|raw|Aldair \u201cthe bomb\u201d's rating: 1272 &rarr; <strong>1253<\/strong><br \/>(-19 for losing)\n|raw|Blake-Mamba's rating: 1352 &rarr; <strong>1367<\/strong><br \/>(+15 for winning)\n|l|\u2606Aldair \u201cthe bomb\u201d\n","uploadtime":1699656076,"views":10,"p1id":"aldairthebomb","p2id":"blakemamba","formatid":"gen9nationaldex","rating":1253,"private":0,"password":""}