{"id":"gen9nationaldex-1992520767","p1":"Marcus901","p2":"White ZOA","format":"[Gen 9] National Dex","log":"|j|\u2606Marcus901\n|j|\u2606White ZOA\n|t:|1700198787\n|gametype|singles\n|player|p1|Marcus901|169|1079\n|player|p2|White ZOA|wallace|1019\n|teamsize|p1|6\n|teamsize|p2|6\n|gen|9\n|tier|[Gen 9] National Dex\n|rated|\n|rule|HP Percentage Mod: HP is shown in percentages\n|rule|Endless Battle Clause: Forcing endless battles is banned\n|rule|OHKO Clause: OHKO moves are banned\n|rule|Evasion Clause: Evasion abilities, items, and moves are banned\n|rule|Evasion Abilities Clause: Evasion abilities are banned\n|rule|Evasion Items Clause: Evasion items are banned\n|rule|Evasion Moves Clause: Evasion moves are banned\n|rule|Species Clause: Limit one of each Pok\u00e9mon\n|rule|Sleep Clause Mod: Limit one foe put to sleep\n|clearpoke\n|poke|p1|Lucario, F|\n|poke|p1|Scizor, F|\n|poke|p1|Pawmot, F|\n|poke|p1|Ribombee, F|\n|poke|p1|Glimmora, F|\n|poke|p1|Sableye, M|\n|poke|p2|Pelipper, M|\n|poke|p2|Urshifu-*, F|\n|poke|p2|Swampert, M|\n|poke|p2|Barraskewda, M|\n|poke|p2|Tapu Koko|\n|poke|p2|Moltres|\n|teampreview\n|\n|t:|1700198802\n|start\n|switch|p1a: Ribombee|Ribombee, F|100\/100\n|switch|p2a: Pelipper|Pelipper, M, shiny|100\/100\n|-weather|RainDance|[from] ability: Drizzle|[of] p2a: Pelipper\n|turn|1\n|\n|t:|1700198811\n|move|p1a: Ribombee|Sticky Web|p2a: Pelipper\n|-sidestart|p2: White ZOA|move: Sticky Web\n|move|p2a: Pelipper|Hurricane|p1a: Ribombee\n|-supereffective|p1a: Ribombee\n|-damage|p1a: Ribombee|4\/100\n|\n|-weather|RainDance|[upkeep]\n|upkeep\n|turn|2\n|\n|t:|1700198818\n|move|p1a: Ribombee|Draining Kiss|p2a: Pelipper\n|-damage|p2a: Pelipper|68\/100\n|-heal|p1a: Ribombee|28\/100|[from] drain|[of] p2a: Pelipper\n|move|p2a: Pelipper|U-turn|p1a: Ribombee\n|-resisted|p1a: Ribombee\n|-damage|p1a: Ribombee|21\/100\n|\n|t:|1700198828\n|switch|p2a: Swampert|Swampert, M|100\/100|[from] U-turn\n|-activate|p2a: Swampert|move: Sticky Web\n|-unboost|p2a: Swampert|spe|1\n|\n|-weather|RainDance|[upkeep]\n|upkeep\n|turn|3\n|\n|t:|1700198837\n|switch|p1a: Glimmora|Glimmora, F|100\/100\n|detailschange|p2a: Swampert|Swampert-Mega, M\n|-mega|p2a: Swampert|Swampert|Swampertite\n|move|p2a: Swampert|Earthquake|p1a: Glimmora\n|-supereffective|p1a: Glimmora\n|-damage|p1a: Glimmora|0 fnt\n|-activate|p1a: Glimmora|ability: Toxic Debris\n|-sidestart|p2: White ZOA|move: Toxic Spikes\n|faint|p1a: Glimmora\n|\n|-weather|RainDance|[upkeep]\n|upkeep\n|\n|t:|1700198857\n|switch|p1a: Pawmot|Pawmot, F|100\/100\n|turn|4\n|\n|t:|1700198867\n|-terastallize|p1a: Pawmot|Water\n|move|p2a: Swampert|Earthquake|p1a: Pawmot\n|-damage|p1a: Pawmot|0 fnt\n|faint|p1a: Pawmot\n|\n|-weather|RainDance|[upkeep]\n|upkeep\n|\n|t:|1700198874\n|switch|p1a: Lucario|Lucario, F|100\/100\n|turn|5\n|\n|t:|1700198878\n|move|p2a: Swampert|Earthquake|p1a: Lucario\n|-supereffective|p1a: Lucario\n|-damage|p1a: Lucario|0 fnt\n|faint|p1a: Lucario\n|\n|-weather|RainDance|[upkeep]\n|upkeep\n|-message|Marcus901 forfeited.\n|\n|win|White ZOA\n|raw|Marcus901's rating: 1079 &rarr; <strong>1053<\/strong><br \/>(-26 for losing)\n|raw|White ZOA's rating: 1019 &rarr; <strong>1063<\/strong><br \/>(+44 for winning)\n|l|\u2606Marcus901\n","uploadtime":1700198906,"views":4,"p1id":"marcus901","p2id":"whitezoa","formatid":"gen9nationaldex","rating":1053,"private":0,"password":""}