{"id":"gen9nationaldex-1988189691","p1":"dabdo","p2":"paudurin","format":"[Gen 9] National Dex","log":"|j|\u2606dabdo\n|j|\u2606paudurin\n|t:|1699682075\n|gametype|singles\n|player|p1|dabdo|colress|1215\n|player|p2|paudurin|266|1113\n|teamsize|p1|6\n|teamsize|p2|6\n|gen|9\n|tier|[Gen 9] National Dex\n|rated|\n|rule|HP Percentage Mod: HP is shown in percentages\n|rule|Endless Battle Clause: Forcing endless battles is banned\n|rule|OHKO Clause: OHKO moves are banned\n|rule|Evasion Clause: Evasion abilities, items, and moves are banned\n|rule|Evasion Abilities Clause: Evasion abilities are banned\n|rule|Evasion Items Clause: Evasion items are banned\n|rule|Evasion Moves Clause: Evasion moves are banned\n|rule|Species Clause: Limit one of each Pok\u00e9mon\n|rule|Sleep Clause Mod: Limit one foe put to sleep\n|clearpoke\n|poke|p1|Iron Hands|\n|poke|p1|Hatterene, F|\n|poke|p1|Glimmora, M|\n|poke|p1|Blaziken, M|\n|poke|p1|Banette, M|\n|poke|p1|Ninetales-Alola, M|\n|poke|p2|Banette, F|\n|poke|p2|Victini|\n|poke|p2|Ting-Lu|\n|poke|p2|Corviknight, F|\n|poke|p2|Aegislash, M|\n|poke|p2|Ogerpon-Wellspring, F|\n|teampreview\n|\n|t:|1699682083\n|start\n|switch|p1a: Ninetales|Ninetales-Alola, M|100\/100\n|switch|p2a: Victini|Victini|100\/100\n|-weather|Snow|[from] ability: Snow Warning|[of] p1a: Ninetales\n|turn|1\n|\n|t:|1699682097\n|-terastallize|p2a: Victini|Fire\n|move|p1a: Ninetales|Aurora Veil|p1a: Ninetales\n|-sidestart|p1: dabdo|move: Aurora Veil\n|move|p2a: Victini|V-create|p1a: Ninetales\n|-supereffective|p1a: Ninetales\n|-damage|p1a: Ninetales|0 fnt\n|-unboost|p2a: Victini|spe|1\n|-unboost|p2a: Victini|def|1\n|-unboost|p2a: Victini|spd|1\n|faint|p1a: Ninetales\n|\n|-weather|Snow|[upkeep]\n|upkeep\n|\n|t:|1699682109\n|switch|p1a: Blaziken|Blaziken, M|100\/100\n|turn|2\n|\n|t:|1699682115\n|switch|p2a: Ogerpon|Ogerpon-Wellspring, F|100\/100\n|move|p1a: Blaziken|Swords Dance|p1a: Blaziken\n|-boost|p1a: Blaziken|atk|2\n|\n|-weather|Snow|[upkeep]\n|-ability|p1a: Blaziken|Speed Boost|boost\n|-boost|p1a: Blaziken|spe|1\n|upkeep\n|turn|3\n|\n|t:|1699682121\n|move|p1a: Blaziken|Protect|p1a: Blaziken\n|-singleturn|p1a: Blaziken|Protect\n|move|p2a: Ogerpon|Ivy Cudgel|p1a: Blaziken\n|-activate|p1a: Blaziken|move: Protect\n|\n|-weather|Snow|[upkeep]\n|-ability|p1a: Blaziken|Speed Boost|boost\n|-boost|p1a: Blaziken|spe|1\n|upkeep\n|turn|4\n|\n|t:|1699682128\n|-zpower|p1a: Blaziken\n|move|p1a: Blaziken|Inferno Overdrive|p2a: Ogerpon|[zeffect]\n|-damage|p2a: Ogerpon|0 fnt\n|faint|p2a: Ogerpon\n|\n|-weather|Snow|[upkeep]\n|-ability|p1a: Blaziken|Speed Boost|boost\n|-boost|p1a: Blaziken|spe|1\n|upkeep\n|\n|t:|1699682143\n|switch|p2a: Ting-Lu|Ting-Lu|100\/100\n|-ability|p2a: Ting-Lu|Vessel of Ruin\n|turn|5\n|inactive|Battle timer is ON: inactive players will automatically lose when time's up. (requested by dabdo)\n|\n|t:|1699682151\n|move|p1a: Blaziken|Close Combat|p2a: Ting-Lu\n|-supereffective|p2a: Ting-Lu\n|-damage|p2a: Ting-Lu|0 fnt\n|-unboost|p1a: Blaziken|def|1\n|-unboost|p1a: Blaziken|spd|1\n|faint|p2a: Ting-Lu\n|\n|-weather|none\n|-ability|p1a: Blaziken|Speed Boost|boost\n|-boost|p1a: Blaziken|spe|1\n|upkeep\n|\n|t:|1699682171\n|switch|p2a: Corviknight|Corviknight, F|100\/100\n|-ability|p2a: Corviknight|Pressure\n|turn|6\n|\n|t:|1699682173\n|move|p1a: Blaziken|Flare Blitz|p2a: Corviknight\n|-supereffective|p2a: Corviknight\n|-damage|p2a: Corviknight|0 fnt\n|-damage|p1a: Blaziken|84\/100|[from] item: Rocky Helmet|[of] p2a: Corviknight\n|faint|p2a: Corviknight\n|-damage|p1a: Blaziken|40\/100|[from] Recoil\n|\n|-ability|p1a: Blaziken|Speed Boost|boost\n|-boost|p1a: Blaziken|spe|1\n|upkeep\n|\n|t:|1699682176\n|switch|p2a: Aegislash|Aegislash, M|100\/100\n|turn|7\n|\n|t:|1699682180\n|move|p1a: Blaziken|Protect|p1a: Blaziken\n|-singleturn|p1a: Blaziken|Protect\n|-formechange|p2a: Aegislash|Aegislash-Blade||[from] ability: Stance Change\n|move|p2a: Aegislash|Shadow Sneak|p1a: Blaziken\n|-activate|p1a: Blaziken|move: Protect\n|\n|-ability|p1a: Blaziken|Speed Boost|boost\n|-boost|p1a: Blaziken|spe|1\n|upkeep\n|turn|8\n|\n|t:|1699682189\n|move|p2a: Aegislash|Shadow Sneak|p1a: Blaziken\n|-damage|p1a: Blaziken|15\/100\n|move|p1a: Blaziken|Flare Blitz|p2a: Aegislash\n|-supereffective|p2a: Aegislash\n|-damage|p2a: Aegislash|0 fnt\n|faint|p2a: Aegislash\n|-damage|p1a: Blaziken|0 fnt|[from] Recoil\n|faint|p1a: Blaziken\n|\n|-sideend|p1: dabdo|move: Aurora Veil\n|upkeep\n|\n|t:|1699682193\n|switch|p1a: Banette|Banette, M|100\/100\n|switch|p2a: Victini|Victini, tera:Fire|100\/100\n|turn|9\n|\n|t:|1699682196\n|detailschange|p1a: Banette|Banette-Mega, M\n|-mega|p1a: Banette|Banette|Banettite\n|move|p2a: Victini|V-create|p1a: Banette\n|-damage|p1a: Banette|0 fnt\n|-unboost|p2a: Victini|spe|1\n|-unboost|p2a: Victini|def|1\n|-unboost|p2a: Victini|spd|1\n|faint|p1a: Banette\n|\n|upkeep\n|\n|t:|1699682202\n|switch|p1a: Iron Hands|Iron Hands, shiny|100\/100\n|turn|10\n|\n|t:|1699682207\n|switch|p2a: Banette|Banette, F|100\/100\n|-terastallize|p1a: Iron Hands|Water\n|move|p1a: Iron Hands|Earthquake|p2a: Banette\n|-damage|p2a: Banette|45\/100\n|\n|upkeep\n|turn|11\n|\n|t:|1699682217\n|detailschange|p2a: Banette|Banette-Mega, F\n|-mega|p2a: Banette|Banette|Banettite\n|move|p2a: Banette|Will-O-Wisp|p1a: Iron Hands\n|-status|p1a: Iron Hands|brn\n|move|p1a: Iron Hands|Earthquake|p2a: Banette\n|-damage|p2a: Banette|19\/100\n|\n|-damage|p1a: Iron Hands|94\/100 brn|[from] brn\n|upkeep\n|turn|12\n|\n|t:|1699682225\n|move|p2a: Banette|Poltergeist|p1a: Iron Hands\n|-activate|p1a: Iron Hands|move: Poltergeist|Assault Vest\n|-damage|p1a: Iron Hands|45\/100 brn\n|move|p1a: Iron Hands|Earthquake|p2a: Banette\n|-damage|p2a: Banette|0 fnt\n|faint|p2a: Banette\n|\n|-damage|p1a: Iron Hands|39\/100 brn|[from] brn\n|upkeep\n|\n|t:|1699682231\n|switch|p2a: Victini|Victini, tera:Fire|100\/100\n|turn|13\n|\n|t:|1699682235\n|move|p2a: Victini|Bolt Strike|p1a: Iron Hands\n|-supereffective|p1a: Iron Hands\n|-damage|p1a: Iron Hands|0 fnt\n|faint|p1a: Iron Hands\n|-end|p1a: Iron Hands|Quark Drive|[silent]\n|\n|upkeep\n|\n|t:|1699682238\n|switch|p1a: Glimmora|Glimmora, M|100\/100\n|turn|14\n|\n|t:|1699682243\n|move|p2a: Victini|Bolt Strike|p1a: Glimmora\n|-damage|p1a: Glimmora|33\/100\n|-activate|p1a: Glimmora|ability: Toxic Debris\n|-sidestart|p2: paudurin|move: Toxic Spikes\n|move|p1a: Glimmora|Earth Power|p2a: Victini\n|-supereffective|p2a: Victini\n|-damage|p2a: Victini|40\/100\n|-unboost|p2a: Victini|spd|1\n|\n|upkeep\n|turn|15\n|\n|t:|1699682252\n|move|p2a: Victini|Bolt Strike|p1a: Glimmora\n|-damage|p1a: Glimmora|0 fnt\n|-activate|p1a: Glimmora|ability: Toxic Debris\n|-sidestart|p2: paudurin|move: Toxic Spikes\n|faint|p1a: Glimmora\n|\n|upkeep\n|\n|t:|1699682253\n|switch|p1a: Hatterene|Hatterene, F, shiny|100\/100\n|turn|16\n|\n|t:|1699682261\n|move|p2a: Victini|Bolt Strike|p1a: Hatterene\n|-damage|p1a: Hatterene|50\/100\n|move|p1a: Hatterene|Psyshock|p2a: Victini\n|-damage|p2a: Victini|2\/100\n|\n|-heal|p1a: Hatterene|56\/100|[from] item: Leftovers\n|upkeep\n|turn|17\n|\n|t:|1699682277\n|move|p2a: Victini|Bolt Strike|p1a: Hatterene\n|-damage|p1a: Hatterene|6\/100\n|move|p1a: Hatterene|Psyshock|p2a: Victini\n|-damage|p2a: Victini|0 fnt\n|faint|p2a: Victini\n|\n|win|dabdo\n|raw|dabdo's rating: 1215 &rarr; <strong>1233<\/strong><br \/>(+18 for winning)\n|raw|paudurin's rating: 1113 &rarr; <strong>1095<\/strong><br \/>(-18 for losing)\n|l|\u2606dabdo\n","uploadtime":1699682327,"views":6,"p1id":"dabdo","p2id":"paudurin","formatid":"gen9nationaldex","rating":1095,"private":0,"password":""}