{"id":"gen9nationaldex-1992219289","p1":"MMQZA7","p2":"221savage","format":"[Gen 9] National Dex","log":"|j|\u2606MMQZA7\n|j|\u2606221savage\n|t:|1700164932\n|gametype|singles\n|player|p1|MMQZA7|170|1416\n|player|p2|221savage|170|1435\n|teamsize|p1|6\n|teamsize|p2|6\n|gen|9\n|tier|[Gen 9] National Dex\n|rated|\n|rule|HP Percentage Mod: HP is shown in percentages\n|rule|Endless Battle Clause: Forcing endless battles is banned\n|rule|OHKO Clause: OHKO moves are banned\n|rule|Evasion Clause: Evasion abilities, items, and moves are banned\n|rule|Evasion Abilities Clause: Evasion abilities are banned\n|rule|Evasion Items Clause: Evasion items are banned\n|rule|Evasion Moves Clause: Evasion moves are banned\n|rule|Species Clause: Limit one of each Pok\u00e9mon\n|rule|Sleep Clause Mod: Limit one foe put to sleep\n|clearpoke\n|poke|p1|Swellow, M|\n|poke|p1|Lopunny, F|\n|poke|p1|Garchomp, M|\n|poke|p1|Corviknight, M|\n|poke|p1|Clodsire, M|\n|poke|p1|Ogerpon-Cornerstone, F|\n|poke|p2|Blastoise, F|\n|poke|p2|Banette, F|\n|poke|p2|Machamp, M|\n|poke|p2|Darmanitan, M|\n|poke|p2|Tsareena, F|\n|poke|p2|Toxtricity, M|\n|teampreview\n|\n|t:|1700164942\n|start\n|switch|p1a: Lopunny|Lopunny, F|100\/100\n|switch|p2a: Blastoise|Blastoise, F|100\/100\n|turn|1\n|\n|t:|1700164948\n|detailschange|p1a: Lopunny|Lopunny-Mega, F\n|-mega|p1a: Lopunny|Lopunny|Lopunnite\n|move|p1a: Lopunny|Fake Out|p2a: Blastoise\n|-damage|p2a: Blastoise|76\/100\n|cant|p2a: Blastoise|flinch\n|\n|upkeep\n|turn|2\n|\n|t:|1700164953\n|move|p1a: Lopunny|U-turn|p2a: Blastoise\n|-damage|p2a: Blastoise|51\/100\n|\n|t:|1700164956\n|switch|p1a: Clodsire|Clodsire, M|100\/100|[from] U-turn\n|move|p2a: Blastoise|Shell Smash|p2a: Blastoise\n|-unboost|p2a: Blastoise|def|1\n|-unboost|p2a: Blastoise|spd|1\n|-boost|p2a: Blastoise|atk|2\n|-boost|p2a: Blastoise|spa|2\n|-boost|p2a: Blastoise|spe|2\n|\n|upkeep\n|turn|3\n|\n|t:|1700164964\n|-zpower|p2a: Blastoise\n|move|p2a: Blastoise|Hydro Vortex|p1a: Clodsire|[zeffect]\n|-supereffective|p1a: Clodsire\n|-damage|p1a: Clodsire|8\/100\n|move|p1a: Clodsire|Toxic|p2a: Blastoise\n|-status|p2a: Blastoise|tox\n|\n|-heal|p1a: Clodsire|15\/100|[from] item: Leftovers\n|-damage|p2a: Blastoise|45\/100 tox|[from] psn\n|upkeep\n|turn|4\n|\n|t:|1700164974\n|move|p2a: Blastoise|Ice Beam|p1a: Clodsire\n|-supereffective|p1a: Clodsire\n|-damage|p1a: Clodsire|0 fnt\n|faint|p1a: Clodsire\n|\n|-damage|p2a: Blastoise|32\/100 tox|[from] psn\n|upkeep\n|\n|t:|1700164977\n|switch|p1a: Lopunny|Lopunny-Mega, F|100\/100\n|turn|5\n|\n|t:|1700164981\n|switch|p2a: Machamp|Machamp, M|100\/100\n|move|p1a: Lopunny|Fake Out|p2a: Machamp\n|-damage|p2a: Machamp|79\/100\n|\n|upkeep\n|turn|6\n|\n|t:|1700164987\n|move|p1a: Lopunny|U-turn|p2a: Machamp\n|-resisted|p2a: Machamp\n|-damage|p2a: Machamp|65\/100\n|\n|t:|1700164989\n|switch|p1a: Corviknight|Corviknight, M|100\/100|[from] U-turn\n|-ability|p1a: Corviknight|Pressure\n|move|p2a: Machamp|Dynamic Punch|p1a: Corviknight\n|-damage|p1a: Corviknight|58\/100\n|-start|p1a: Corviknight|confusion\n|-damage|p2a: Machamp|48\/100|[from] item: Rocky Helmet|[of] p1a: Corviknight\n|-damage|p2a: Machamp|38\/100|[from] item: Life Orb\n|\n|upkeep\n|turn|7\n|\n|t:|1700164996\n|switch|p2a: Blastoise|Blastoise, F|32\/100 tox\n|-activate|p1a: Corviknight|confusion\n|move|p1a: Corviknight|Roost|p1a: Corviknight\n|-heal|p1a: Corviknight|100\/100\n|-singleturn|p1a: Corviknight|move: Roost\n|\n|-damage|p2a: Blastoise|26\/100 tox|[from] psn\n|upkeep\n|turn|8\n|\n|t:|1700165012\n|move|p2a: Blastoise|Hydro Cannon|p1a: Corviknight\n|-damage|p1a: Corviknight|7\/100\n|-mustrecharge|p2a: Blastoise\n|-end|p1a: Corviknight|confusion\n|move|p1a: Corviknight|Roost|p1a: Corviknight\n|-heal|p1a: Corviknight|57\/100\n|-singleturn|p1a: Corviknight|move: Roost\n|\n|-damage|p2a: Blastoise|14\/100 tox|[from] psn\n|upkeep\n|turn|9\n|\n|t:|1700165017\n|cant|p2a: Blastoise|recharge\n|move|p1a: Corviknight|Roost|p1a: Corviknight\n|-heal|p1a: Corviknight|100\/100\n|-singleturn|p1a: Corviknight|move: Roost\n|\n|-damage|p2a: Blastoise|0 fnt|[from] psn\n|faint|p2a: Blastoise\n|upkeep\n|\n|t:|1700165021\n|switch|p2a: Toxtricity|Toxtricity, M|100\/100\n|turn|10\n|\n|t:|1700165027\n|switch|p1a: Garchomp|Garchomp, M|100\/100\n|move|p2a: Toxtricity|Boomburst|p1a: Garchomp\n|-damage|p1a: Garchomp|20\/100\n|\n|upkeep\n|turn|11\n|\n|t:|1700165034\n|move|p1a: Garchomp|Earthquake|p2a: Toxtricity\n|-supereffective|p2a: Toxtricity\n|-damage|p2a: Toxtricity|0 fnt\n|faint|p2a: Toxtricity\n|\n|upkeep\n|\n|t:|1700165038\n|switch|p2a: Tsareena|Tsareena, F|100\/100\n|turn|12\n|\n|t:|1700165050\n|switch|p1a: Corviknight|Corviknight, M|100\/100\n|-ability|p1a: Corviknight|Pressure\n|switch|p2a: Darmanitan|Darmanitan, M|100\/100\n|\n|upkeep\n|turn|13\n|l|\u2606MMQZA7\n|player|p1|\n|inactive|Battle timer is ON: inactive players will automatically lose when time's up. (requested by 221savage)\n|j|\u2606MMQZA7\n|inactive|MMQZA7 reconnected and has 150 seconds left.\n|player|p1|MMQZA7|170\n|\n|t:|1700165084\n|switch|p1a: Garchomp|Garchomp, M|20\/100\n|-terastallize|p2a: Darmanitan|Fire\n|move|p2a: Darmanitan|Flare Blitz|p1a: Garchomp\n|-resisted|p1a: Garchomp\n|-damage|p1a: Garchomp|0 fnt\n|-damage|p2a: Darmanitan|88\/100|[from] ability: Rough Skin|[of] p1a: Garchomp\n|faint|p1a: Garchomp\n|-damage|p2a: Darmanitan|82\/100|[from] Recoil\n|\n|upkeep\n|\n|t:|1700165091\n|switch|p1a: Ogerpon|Ogerpon-Cornerstone, F|100\/100\n|turn|14\n|\n|t:|1700165098\n|switch|p2a: Machamp|Machamp, M|38\/100\n|move|p1a: Ogerpon|Ivy Cudgel|p2a: Machamp|[anim] Ivy Cudgel Rock\n|-resisted|p2a: Machamp\n|-damage|p2a: Machamp|8\/100\n|\n|upkeep\n|turn|15\n|inactive|221savage has 120 seconds left.\n|inactive|MMQZA7 has 120 seconds left.\n|\n|t:|1700165148\n|move|p2a: Machamp|Bullet Punch|p1a: Ogerpon\n|-supereffective|p1a: Ogerpon\n|-damage|p1a: Ogerpon|43\/100\n|-damage|p2a: Machamp|0 fnt|[from] item: Life Orb\n|faint|p2a: Machamp\n|move|p1a: Ogerpon|Ivy Cudgel|p2: Machamp|[notarget]\n|-fail|p1a: Ogerpon\n|\n|upkeep\n|\n|t:|1700165157\n|switch|p2a: Tsareena|Tsareena, F|100\/100\n|turn|16\n|\n|t:|1700165165\n|move|p1a: Ogerpon|U-turn|p2a: Tsareena\n|-supereffective|p2a: Tsareena\n|-damage|p2a: Tsareena|40\/100\n|\n|t:|1700165167\n|switch|p1a: Corviknight|Corviknight, M|100\/100|[from] U-turn\n|-ability|p1a: Corviknight|Pressure\n|move|p2a: Tsareena|Triple Axel|p1a: Corviknight\n|-damage|p1a: Corviknight|96\/100\n|-damage|p2a: Tsareena|24\/100|[from] item: Rocky Helmet|[of] p1a: Corviknight\n|-damage|p1a: Corviknight|86\/100\n|-damage|p2a: Tsareena|7\/100|[from] item: Rocky Helmet|[of] p1a: Corviknight\n|-damage|p1a: Corviknight|73\/100\n|-damage|p2a: Tsareena|0 fnt|[from] item: Rocky Helmet|[of] p1a: Corviknight\n|faint|p2a: Tsareena\n|-hitcount|p1a: Corviknight|3\n|\n|upkeep\n|\n|t:|1700165172\n|switch|p2a: Darmanitan|Darmanitan, M, tera:Fire|82\/100\n|turn|17\n|\n|t:|1700165184\n|-terastallize|p1a: Corviknight|Dragon\n|move|p2a: Darmanitan|Flare Blitz|p1a: Corviknight\n|-resisted|p1a: Corviknight\n|-damage|p1a: Corviknight|34\/100\n|-damage|p2a: Darmanitan|65\/100|[from] item: Rocky Helmet|[of] p1a: Corviknight\n|-damage|p2a: Darmanitan|50\/100|[from] Recoil\n|move|p1a: Corviknight|Roost|p1a: Corviknight\n|-heal|p1a: Corviknight|84\/100\n|\n|upkeep\n|turn|18\n|\n|t:|1700165196\n|switch|p2a: Banette|Banette, F|100\/100\n|move|p1a: Corviknight|Roost|p1a: Corviknight\n|-heal|p1a: Corviknight|100\/100\n|\n|upkeep\n|turn|19\n|\n|t:|1700165202\n|detailschange|p2a: Banette|Banette-Mega, F\n|-mega|p2a: Banette|Banette|Banettite\n|move|p2a: Banette|Taunt|p1a: Corviknight\n|-start|p1a: Corviknight|move: Taunt\n|move|p1a: Corviknight|U-turn|p2a: Banette\n|-resisted|p2a: Banette\n|-crit|p2a: Banette\n|-damage|p2a: Banette|87\/100\n|\n|t:|1700165210\n|switch|p1a: Swellow|Swellow, M|100\/100|[from] U-turn\n|\n|upkeep\n|turn|20\n|c|\u2606221savage|nice team\n|\n|t:|1700165216\n|move|p2a: Banette|Destiny Bond|p2a: Banette\n|-singlemove|p2a: Banette|Destiny Bond\n|move|p1a: Swellow|Boomburst|p2a: Banette\n|-crit|p2a: Banette\n|-damage|p2a: Banette|0 fnt\n|faint|p2a: Banette\n|-activate|p2a: Banette|move: Destiny Bond\n|faint|p1a: Swellow\n|\n|upkeep\n|\n|t:|1700165221\n|switch|p1a: Lopunny|Lopunny-Mega, F|100\/100\n|switch|p2a: Darmanitan|Darmanitan, M, tera:Fire|50\/100\n|turn|21\n|\n|t:|1700165223\n|move|p1a: Lopunny|Fake Out|p2a: Darmanitan\n|-damage|p2a: Darmanitan|18\/100\n|cant|p2a: Darmanitan|flinch\n|\n|upkeep\n|turn|22\n|\n|t:|1700165226\n|switch|p1a: Ogerpon|Ogerpon-Cornerstone, F|43\/100\n|move|p2a: Darmanitan|Superpower|p1a: Ogerpon\n|-supereffective|p1a: Ogerpon\n|-damage|p1a: Ogerpon|0 fnt\n|-unboost|p2a: Darmanitan|atk|1\n|-unboost|p2a: Darmanitan|def|1\n|faint|p1a: Ogerpon\n|\n|upkeep\n|\n|t:|1700165231\n|switch|p1a: Corviknight|Corviknight, M, tera:Dragon|100\/100\n|-ability|p1a: Corviknight|Pressure\n|turn|23\n|\n|t:|1700165233\n|move|p2a: Darmanitan|Superpower|p1a: Corviknight\n|-damage|p1a: Corviknight|80\/100\n|-unboost|p2a: Darmanitan|atk|1\n|-unboost|p2a: Darmanitan|def|1\n|-damage|p2a: Darmanitan|2\/100|[from] item: Rocky Helmet|[of] p1a: Corviknight\n|move|p1a: Corviknight|Body Press|p2a: Darmanitan\n|-damage|p2a: Darmanitan|0 fnt\n|faint|p2a: Darmanitan\n|\n|win|MMQZA7\n|raw|MMQZA7's rating: 1416 &rarr; <strong>1437<\/strong><br \/>(+21 for winning)\n|raw|221savage's rating: 1435 &rarr; <strong>1414<\/strong><br \/>(-21 for losing)\n","uploadtime":1700165243,"views":4,"p1id":"mmqza7","p2id":"221savage","formatid":"gen9nationaldex","rating":1414,"private":0,"password":""}