{"id":"gen9nationaldex-1993709128","p1":"Keykard","p2":"troubadour9","format":"[Gen 9] National Dex","log":"|j|\u2606Keykard\n|j|\u2606troubadour9\n|t:|1700348024\n|gametype|singles\n|player|p1|Keykard|depotagent|\n|player|p2|troubadour9|sage|\n|teamsize|p1|6\n|teamsize|p2|6\n|gen|9\n|tier|[Gen 9] National Dex\n|rule|HP Percentage Mod: HP is shown in percentages\n|rule|Endless Battle Clause: Forcing endless battles is banned\n|rule|OHKO Clause: OHKO moves are banned\n|rule|Evasion Clause: Evasion abilities, items, and moves are banned\n|rule|Evasion Abilities Clause: Evasion abilities are banned\n|rule|Evasion Items Clause: Evasion items are banned\n|rule|Evasion Moves Clause: Evasion moves are banned\n|rule|Species Clause: Limit one of each Pok\u00e9mon\n|rule|Sleep Clause Mod: Limit one foe put to sleep\n|clearpoke\n|poke|p1|Charizard, F|\n|poke|p1|Zapdos|\n|poke|p1|Greninja-*, M|\n|poke|p1|Slowking, M|\n|poke|p1|Cetitan, M|\n|poke|p1|Porygon2|\n|poke|p2|Banette, M|\n|poke|p2|Bisharp, F|\n|poke|p2|Urshifu-*, F|\n|poke|p2|Amoonguss, M|\n|poke|p2|Thundurus-Therian, M|\n|poke|p2|Pawmot, F|\n|teampreview\n|j| homixide poopoo\n|j| atraino3\n|j| jonglobobe\n|\n|t:|1700348067\n|start\n|switch|p1a: Quack Dilly Oso|Porygon2|100\/100\n|switch|p2a: Urshifu|Urshifu-Rapid-Strike, F|100\/100\n|-ability|p1a: Quack Dilly Oso|Download|boost\n|-boost|p1a: Quack Dilly Oso|spa|1\n|turn|1\n|\n|t:|1700348089\n|switch|p2a: Thundurus|Thundurus-Therian, M|100\/100\n|move|p1a: Quack Dilly Oso|Discharge|p2a: Thundurus\n|-immune|p2a: Thundurus|[from] ability: Volt Absorb\n|\n|upkeep\n|turn|2\n|j| Megakid20\n|\n|t:|1700348106\n|move|p2a: Thundurus|Volt Switch|p1a: Quack Dilly Oso\n|-damage|p1a: Quack Dilly Oso|64\/100\n|c| Megakid20|cough\n|c| jonglobobe|Real trap Shit\n|\n|t:|1700348118\n|switch|p2a: Urshifu|Urshifu-Rapid-Strike, F|100\/100|[from] Volt Switch\n|move|p1a: Quack Dilly Oso|Substitute|p1a: Quack Dilly Oso\n|-start|p1a: Quack Dilly Oso|Substitute\n|-damage|p1a: Quack Dilly Oso|39\/100\n|\n|upkeep\n|turn|3\n|\n|t:|1700348126\n|move|p2a: Urshifu|Surging Strikes|p1a: Quack Dilly Oso\n|-crit|p1a: Quack Dilly Oso\n|-activate|p1a: Quack Dilly Oso|move: Substitute|[damage]\n|-crit|p1a: Quack Dilly Oso\n|-end|p1a: Quack Dilly Oso|Substitute\n|-crit|p1a: Quack Dilly Oso\n|-damage|p1a: Quack Dilly Oso|25\/100\n|-hitcount|p1a: Quack Dilly Oso|3\n|move|p1a: Quack Dilly Oso|Discharge|p2a: Urshifu\n|-supereffective|p2a: Urshifu\n|-damage|p2a: Urshifu|0 fnt\n|faint|p2a: Urshifu\n|\n|upkeep\n|j| Plague070\n|c| Plague070|Wow\n|\n|t:|1700348142\n|switch|p2a: Pawmot|Pawmot, F|100\/100\n|turn|4\n|\n|t:|1700348165\n|move|p2a: Pawmot|Double Shock|p1a: Quack Dilly Oso\n|-damage|p1a: Quack Dilly Oso|0 fnt\n|-start|p2a: Pawmot|typechange|???\/Fighting|[from] move: Double Shock\n|faint|p1a: Quack Dilly Oso\n|\n|upkeep\n|c|\u2606Keykard|!dt double shock\n|raw|<ul class=\"utilichart\"><li class=\"result\"><span class=\"col movenamecol\"><a href=\"https:\/\/dex.pokemonshowdown.com\/moves\/doubleshock\">Double Shock<\/a><\/span> <span class=\"col typecol\"><img src=\"\/\/play.pokemonshowdown.com\/sprites\/types\/Electric.png\" alt=\"Electric\" width=\"32\" height=\"14\"><img src=\"\/\/play.pokemonshowdown.com\/sprites\/categories\/Physical.png\" alt=\"Physical\" width=\"32\" height=\"14\"><\/span> <span class=\"col labelcol\"><em>Power<\/em><br>120<\/span> <span class=\"col widelabelcol\"><em>Accuracy<\/em><br>100%<\/span> <span class=\"col pplabelcol\"><em>PP<\/em><br>8<\/span> <span class=\"col movedesccol\">User's Electric type: typeless; must be Electric.<\/span> <\/li><li style=\"clear:both\"><\/li><\/ul>\n|raw|<font size=\"1\"><font color=\"#686868\">Priority:<\/font> 0&nbsp;|&ThickSpace;<font color=\"#686868\">Gen:<\/font> 9&nbsp;|&ThickSpace;&#10003; Contact&nbsp;|&ThickSpace;<font color=\"#686868\">Z-Power:<\/font> 190&nbsp;|&ThickSpace;<font color=\"#686868\">Dynamax Power:<\/font> 140&nbsp;|&ThickSpace;<font color=\"#686868\">Target:<\/font> One Adjacent Pok\u00e9mon<\/font>\n\n|c| Megakid20|first time\n|\n|t:|1700348191\n|switch|p1a: It's mad brick|Slowking, M|100\/100\n|turn|5\n|c| Megakid20|key brings zard\n|l| Plague070\n|c|\u2606Keykard|i broughtr it vs bobs\n|\n|t:|1700348208\n|switch|p2a: Bisharp|Bisharp, F|100\/100\n|move|p1a: It's mad brick|Chilly Reception|p1a: It's mad brick\n|-weather|Snow\n|c| jonglobobe|What does quack dilly oso mean\n|c|\u2606Keykard|iykyk\n|c|\u2606troubadour9|i forgot nicknames man\n|c|\u2606troubadour9|next week\n|c| jonglobobe|Can you let me know\n|\n|t:|1700348236\n|switch|p1a: Xardviersobased|Charizard, F|100\/100|[from] Chilly Reception\n|\n|-weather|Snow|[upkeep]\n|upkeep\n|turn|6\n|c| homixide poopoo|its mad brick outside\n|c|\u2606Keykard|you cant know if you dont alr know\n|c| Megakid20|wow\n|c| Megakid20|good nick\n|c| jonglobobe|no i do know i just need a refresh\n|c| jonglobobe|cuz i think i knpw\n|c| jonglobobe|you know\n|\n|t:|1700348267\n|detailschange|p1a: Xardviersobased|Charizard-Mega-X, F\n|-mega|p1a: Xardviersobased|Charizard|Charizardite X\n|move|p1a: Xardviersobased|Flare Blitz|p2a: Bisharp\n|-supereffective|p2a: Bisharp\n|-damage|p2a: Bisharp|0 fnt\n|faint|p2a: Bisharp\n|-damage|p1a: Xardviersobased|69\/100|[from] Recoil\n|\n|-weather|Snow|[upkeep]\n|upkeep\n|\n|t:|1700348285\n|switch|p2a: Banette|Banette, M|100\/100\n|-item|p1a: Xardviersobased|Charizardite X|[from] ability: Frisk|[of] p2a: Banette|[identify]\n|turn|7\n|\n|t:|1700348290\n|detailschange|p2a: Banette|Banette-Mega, M\n|-mega|p2a: Banette|Banette|Banettite\n|move|p2a: Banette|Destiny Bond|p2a: Banette\n|-singlemove|p2a: Banette|Destiny Bond\n|move|p1a: Xardviersobased|Dragon Tail|p2a: Banette\n|-damage|p2a: Banette|38\/100\n|drag|p2a: Thundurus|Thundurus-Therian, M|100\/100\n|\n|-weather|Snow|[upkeep]\n|upkeep\n|turn|8\n|j| xaviersobased\n|c| xaviersobased|holy shit\n|c|\u2606Keykard|yeet\n|c| homixide poopoo|LMFAO\n|\n|t:|1700348308\n|move|p2a: Thundurus|Focus Blast|p1a: Xardviersobased\n|-crit|p1a: Xardviersobased\n|-damage|p1a: Xardviersobased|0 fnt\n|faint|p1a: Xardviersobased\n|\n|-weather|Snow|[upkeep]\n|upkeep\n|c| jonglobobe|Bro said yeet\n|c| jonglobobe|LMFAO\n|c|\u2606Keykard|mattered afff\n|c| Megakid20|LMAO\n|\n|t:|1700348323\n|switch|p1a: Froggygohaha|Greninja, M|100\/100\n|turn|9\n|c|\u2606troubadour9|yeet lmfaoooo\n|c| xaviersobased|rip  Xardsobased\n|\n|t:|1700348330\n|move|p1a: Froggygohaha|Blizzard|p2a: Thundurus\n|-supereffective|p2a: Thundurus\n|-damage|p2a: Thundurus|0 fnt\n|faint|p2a: Thundurus\n|-ability|p1a: Froggygohaha|Battle Bond|boost\n|-boost|p1a: Froggygohaha|atk|1\n|-boost|p1a: Froggygohaha|spa|1\n|-boost|p1a: Froggygohaha|spe|1\n|-activate|p1a: Froggygohaha|ability: Battle Bond\n|-damage|p1a: Froggygohaha|91\/100|[from] item: Life Orb\n|\n|-weather|Snow|[upkeep]\n|upkeep\n|\n|t:|1700348339\n|switch|p2a: Banette|Banette-Mega, M|38\/100\n|turn|10\n|c| jonglobobe|Froggy go haha\n|\n|t:|1700348342\n|move|p1a: Froggygohaha|Water Shuriken|p2a: Banette\n|-damage|p2a: Banette|21\/100\n|-damage|p2a: Banette|4\/100\n|-damage|p2a: Banette|0 fnt\n|faint|p2a: Banette\n|-hitcount|p2: Banette|3\n|-damage|p1a: Froggygohaha|81\/100|[from] item: Life Orb\n|\n|-weather|Snow|[upkeep]\n|upkeep\n|\n|t:|1700348351\n|switch|p2a: Amoonguss|Amoonguss, M, shiny|100\/100\n|turn|11\n|\n|t:|1700348355\n|move|p1a: Froggygohaha|Blizzard|p2a: Amoonguss\n|-supereffective|p2a: Amoonguss\n|-damage|p2a: Amoonguss|0 fnt\n|faint|p2a: Amoonguss\n|-damage|p1a: Froggygohaha|71\/100|[from] item: Life Orb\n|\n|-weather|Snow|[upkeep]\n|upkeep\n|\n|t:|1700348361\n|switch|p2a: Pawmot|Pawmot, F|100\/100\n|turn|12\n|\n|t:|1700348364\n|move|p1a: Froggygohaha|Extrasensory|p2a: Pawmot\n|-supereffective|p2a: Pawmot\n|-damage|p2a: Pawmot|0 fnt\n|faint|p2a: Pawmot\n|-damage|p1a: Froggygohaha|61\/100|[from] item: Life Orb\n|\n|win|Keykard\n|l|\u2606troubadour9\n|c|\u2606Keykard|gg\n|c| jonglobobe|Route 3 ass mover\n|c| jonglobobe|Move\n","uploadtime":1700348381,"views":12,"p1id":"keykard","p2id":"troubadour9","formatid":"gen9nationaldex","rating":0,"private":0,"password":""}