{"id":"gen9nationaldex-1987701217","p1":"yumizuozhou","p2":"IC Oshawott","format":"[Gen 9] National Dex","log":"|j|\u2606yumizuozhou\n|j|\u203dIC Oshawott\n|t:|1699629026\n|gametype|singles\n|player|p1|yumizuozhou|101|1288\n|player|p2|IC Oshawott|marnie|1314\n|teamsize|p1|6\n|teamsize|p2|6\n|gen|9\n|tier|[Gen 9] National Dex\n|rated|\n|rule|HP Percentage Mod: HP is shown in percentages\n|rule|Endless Battle Clause: Forcing endless battles is banned\n|rule|OHKO Clause: OHKO moves are banned\n|rule|Evasion Clause: Evasion abilities, items, and moves are banned\n|rule|Evasion Abilities Clause: Evasion abilities are banned\n|rule|Evasion Items Clause: Evasion items are banned\n|rule|Evasion Moves Clause: Evasion moves are banned\n|rule|Species Clause: Limit one of each Pok\u00e9mon\n|rule|Sleep Clause Mod: Limit one foe put to sleep\n|clearpoke\n|poke|p1|Lopunny, M|\n|poke|p1|Chansey, F|\n|poke|p1|Tapu Lele|\n|poke|p1|Aegislash, M|\n|poke|p1|Rotom-Wash|\n|poke|p1|Victini|\n|poke|p2|Iron Jugulis|\n|poke|p2|Tapu Koko|\n|poke|p2|Iron Treads|\n|poke|p2|Iron Moth|\n|poke|p2|Clawitzer, M|\n|poke|p2|Alomomola, F|\n|teampreview\n|inactive|Battle timer is ON: inactive players will automatically lose when time's up. (requested by IC Oshawott)\n|\n|t:|1699629052\n|start\n|switch|p1a: Rotom|Rotom-Wash|100\/100\n|switch|p2a: Iron Jugulis|Iron Jugulis|100\/100\n|turn|1\n|\n|t:|1699629059\n|move|p2a: Iron Jugulis|U-turn|p1a: Rotom\n|-damage|p1a: Rotom|88\/100\n|\n|t:|1699629064\n|-end|p2a: Iron Jugulis|Quark Drive|[silent]\n|switch|p2a: Iron Moth|Iron Moth|100\/100|[from] U-turn\n|move|p1a: Rotom|Volt Switch|p2a: Iron Moth\n|-damage|p2a: Iron Moth|77\/100\n|\n|t:|1699629073\n|switch|p1a: Tapu Lele|Tapu Lele|100\/100|[from] Volt Switch\n|-fieldstart|move: Psychic Terrain|[from] ability: Psychic Surge|[of] p1a: Tapu Lele\n|\n|upkeep\n|turn|2\n|\n|t:|1699629079\n|-end|p2a: Iron Moth|Quark Drive|[silent]\n|switch|p2a: Iron Treads|Iron Treads|100\/100\n|move|p1a: Tapu Lele|Moonblast|p2a: Iron Treads\n|-resisted|p2a: Iron Treads\n|-damage|p2a: Iron Treads|62\/100\n|-unboost|p2a: Iron Treads|spa|1\n|\n|upkeep\n|turn|3\n|\n|t:|1699629091\n|switch|p1a: Rotom|Rotom-Wash|88\/100\n|move|p2a: Iron Treads|Ice Spinner|p1a: Rotom\n|-resisted|p1a: Rotom\n|-damage|p1a: Rotom|76\/100\n|-fieldend|move: Psychic Terrain\n|\n|-heal|p1a: Rotom|82\/100|[from] item: Leftovers\n|upkeep\n|turn|4\n|\n|t:|1699629100\n|move|p2a: Iron Treads|Volt Switch|p1a: Rotom\n|-damage|p1a: Rotom|75\/100\n|\n|t:|1699629104\n|-end|p2a: Iron Treads|Quark Drive|[silent]\n|switch|p2a: Tapu Koko|Tapu Koko|100\/100|[from] Volt Switch\n|-fieldstart|move: Electric Terrain|[from] ability: Electric Surge|[of] p2a: Tapu Koko\n|move|p1a: Rotom|Hydro Pump|p2a: Tapu Koko\n|-damage|p2a: Tapu Koko|14\/100\n|\n|-heal|p1a: Rotom|81\/100|[from] item: Leftovers\n|upkeep\n|turn|5\n|\n|t:|1699629113\n|switch|p1a: Chansey|Chansey, F|100\/100\n|move|p2a: Tapu Koko|Volt Switch|p1a: Chansey\n|-damage|p1a: Chansey|92\/100\n|\n|t:|1699629118\n|switch|p2a: Iron Treads|Iron Treads|62\/100|[from] Volt Switch\n|-activate|p2a: Iron Treads|ability: Quark Drive\n|-start|p2a: Iron Treads|quarkdrivespe\n|\n|upkeep\n|turn|6\n|\n|t:|1699629130\n|switch|p1a: Rotom|Rotom-Wash|81\/100\n|move|p2a: Iron Treads|Earthquake|p1a: Rotom\n|-immune|p1a: Rotom|[from] ability: Levitate\n|\n|-heal|p1a: Rotom|87\/100|[from] item: Leftovers\n|upkeep\n|turn|7\n|\n|t:|1699629138\n|move|p2a: Iron Treads|Volt Switch|p1a: Rotom\n|-damage|p1a: Rotom|71\/100\n|\n|t:|1699629143\n|-end|p2a: Iron Treads|Quark Drive|[silent]\n|switch|p2a: Alomomola|Alomomola, F|100\/100|[from] Volt Switch\n|move|p1a: Rotom|Hydro Pump|p2a: Alomomola\n|-resisted|p2a: Alomomola\n|-crit|p2a: Alomomola\n|-damage|p2a: Alomomola|55\/100\n|\n|-heal|p1a: Rotom|77\/100|[from] item: Leftovers\n|upkeep\n|turn|8\n|\n|t:|1699629150\n|move|p2a: Alomomola|Protect|p2a: Alomomola\n|-singleturn|p2a: Alomomola|Protect\n|move|p1a: Rotom|Volt Switch|p2a: Alomomola\n|-activate|p2a: Alomomola|move: Protect\n|\n|-heal|p1a: Rotom|84\/100|[from] item: Leftovers\n|upkeep\n|turn|9\n|\n|t:|1699629159\n|-terastallize|p2a: Alomomola|Dragon\n|move|p1a: Rotom|Hydro Pump|p2a: Alomomola\n|-resisted|p2a: Alomomola\n|-damage|p2a: Alomomola|22\/100\n|move|p2a: Alomomola|Wish|p2a: Alomomola\n|\n|-heal|p1a: Rotom|90\/100|[from] item: Leftovers\n|upkeep\n|turn|10\n|\n|t:|1699629172\n|switch|p1a: Aegislash|Aegislash, M|100\/100\n|move|p2a: Alomomola|Protect||[still]\n|-fail|p2a: Alomomola\n|\n|-heal|p2a: Alomomola|72\/100|[from] move: Wish|[wisher] Alomomola\n|upkeep\n|turn|11\n|\n|t:|1699629182\n|-formechange|p1a: Aegislash|Aegislash-Blade||[from] ability: Stance Change\n|move|p1a: Aegislash|Iron Head|p2a: Alomomola\n|-damage|p2a: Alomomola|45\/100\n|move|p2a: Alomomola|Wish|p2a: Alomomola\n|\n|-fieldend|move: Electric Terrain\n|upkeep\n|turn|12\n|inactive|IC Oshawott has 120 seconds left.\n|\n|t:|1699629213\n|move|p1a: Aegislash|Shadow Claw|p2a: Alomomola\n|-damage|p2a: Alomomola|22\/100\n|move|p2a: Alomomola|Flip Turn|p1a: Aegislash\n|-damage|p1a: Aegislash|70\/100\n|\n|t:|1699629216\n|switch|p2a: Tapu Koko|Tapu Koko|14\/100|[from] Flip Turn\n|-fieldstart|move: Electric Terrain|[from] ability: Electric Surge|[of] p2a: Tapu Koko\n|\n|-heal|p2a: Tapu Koko|100\/100|[from] move: Wish|[wisher] Alomomola\n|upkeep\n|turn|13\n|\n|t:|1699629222\n|-formechange|p1a: Aegislash|Aegislash||[from] ability: Stance Change\n|move|p1a: Aegislash|King's Shield|p1a: Aegislash\n|-singleturn|p1a: Aegislash|Protect\n|move|p2a: Tapu Koko|Volt Switch|p1a: Aegislash\n|-activate|p1a: Aegislash|move: Protect\n|\n|upkeep\n|turn|14\n|\n|t:|1699629229\n|move|p2a: Tapu Koko|Volt Switch|p1a: Aegislash\n|-damage|p1a: Aegislash|38\/100\n|inactive|IC Oshawott has 120 seconds left.\n|\n|t:|1699629269\n|switch|p2a: Iron Jugulis|Iron Jugulis|100\/100|[from] Volt Switch\n|-activate|p2a: Iron Jugulis|ability: Quark Drive\n|-start|p2a: Iron Jugulis|quarkdrivespe\n|-zpower|p1a: Aegislash\n|-formechange|p1a: Aegislash|Aegislash-Blade||[from] ability: Stance Change\n|move|p1a: Aegislash|Bloom Doom|p2a: Iron Jugulis|[zeffect]\n|-resisted|p2a: Iron Jugulis\n|-damage|p2a: Iron Jugulis|54\/100\n|\n|upkeep\n|turn|15\n|\n|t:|1699629284\n|switch|p1a: Rotom|Rotom-Wash|90\/100\n|move|p2a: Iron Jugulis|Dark Pulse|p1a: Rotom\n|-damage|p1a: Rotom|48\/100\n|\n|-heal|p1a: Rotom|54\/100|[from] item: Leftovers\n|upkeep\n|turn|16\n|\n|t:|1699629304\n|move|p2a: Iron Jugulis|Dark Pulse|p1a: Rotom\n|-damage|p1a: Rotom|11\/100\n|move|p1a: Rotom|Pain Split|p2a: Iron Jugulis\n|-sethp|p2a: Iron Jugulis|32\/100|[from] move: Pain Split|[silent]\n|-sethp|p1a: Rotom|35\/100|[from] move: Pain Split\n|\n|-heal|p1a: Rotom|41\/100|[from] item: Leftovers\n|upkeep\n|turn|17\n|\n|t:|1699629315\n|switch|p1a: Chansey|Chansey, F|92\/100\n|move|p2a: Iron Jugulis|U-turn|p1a: Chansey\n|-damage|p1a: Chansey|73\/100\n|\n|t:|1699629331\n|-end|p2a: Iron Jugulis|Quark Drive|[silent]\n|switch|p2a: Iron Treads|Iron Treads|62\/100|[from] U-turn\n|-activate|p2a: Iron Treads|ability: Quark Drive\n|-start|p2a: Iron Treads|quarkdrivespe\n|\n|upkeep\n|turn|18\n|\n|t:|1699629347\n|switch|p1a: Rotom|Rotom-Wash|41\/100\n|move|p2a: Iron Treads|Volt Switch|p1a: Rotom\n|-damage|p1a: Rotom|27\/100\n|\n|t:|1699629362\n|-end|p2a: Iron Treads|Quark Drive|[silent]\n|switch|p2a: Iron Jugulis|Iron Jugulis|32\/100|[from] Volt Switch\n|-activate|p2a: Iron Jugulis|ability: Quark Drive\n|-start|p2a: Iron Jugulis|quarkdrivespe\n|\n|-heal|p1a: Rotom|33\/100|[from] item: Leftovers\n|upkeep\n|turn|19\n|\n|t:|1699629369\n|move|p2a: Iron Jugulis|Dark Pulse|p1a: Rotom\n|-damage|p1a: Rotom|0 fnt\n|faint|p1a: Rotom\n|\n|-fieldend|move: Electric Terrain\n|-end|p2a: Iron Jugulis|Quark Drive\n|upkeep\n|\n|t:|1699629374\n|switch|p1a: Lopunny|Lopunny, M|100\/100\n|turn|20\n|\n|t:|1699629383\n|-end|p2a: Iron Jugulis|Quark Drive|[silent]\n|switch|p2a: Tapu Koko|Tapu Koko|100\/100\n|-fieldstart|move: Electric Terrain|[from] ability: Electric Surge|[of] p2a: Tapu Koko\n|detailschange|p1a: Lopunny|Lopunny-Mega, M\n|-mega|p1a: Lopunny|Lopunny|Lopunnite\n|move|p1a: Lopunny|Fake Out|p2a: Tapu Koko\n|-damage|p2a: Tapu Koko|72\/100\n|\n|upkeep\n|turn|21\n|\n|t:|1699629394\n|switch|p2a: Iron Treads|Iron Treads|62\/100\n|-activate|p2a: Iron Treads|ability: Quark Drive\n|-start|p2a: Iron Treads|quarkdrivespe\n|move|p1a: Lopunny|Return|p2a: Iron Treads\n|-resisted|p2a: Iron Treads\n|-damage|p2a: Iron Treads|39\/100\n|\n|upkeep\n|turn|22\n|\n|t:|1699629405\n|switch|p1a: Aegislash|Aegislash, M|38\/100\n|move|p2a: Iron Treads|Volt Switch|p1a: Aegislash\n|-damage|p1a: Aegislash|26\/100\n|\n|t:|1699629409\n|-end|p2a: Iron Treads|Quark Drive|[silent]\n|switch|p2a: Iron Moth|Iron Moth|77\/100|[from] Volt Switch\n|-activate|p2a: Iron Moth|ability: Quark Drive\n|-start|p2a: Iron Moth|quarkdrivespe\n|\n|upkeep\n|turn|23\n|\n|t:|1699629418\n|move|p2a: Iron Moth|Fiery Dance|p1a: Aegislash\n|-supereffective|p1a: Aegislash\n|-damage|p1a: Aegislash|0 fnt\n|-boost|p2a: Iron Moth|spa|1\n|faint|p1a: Aegislash\n|\n|upkeep\n|\n|t:|1699629433\n|switch|p1a: Tapu Lele|Tapu Lele|100\/100\n|-fieldstart|move: Psychic Terrain|[from] ability: Psychic Surge|[of] p1a: Tapu Lele\n|-end|p2a: Iron Moth|Quark Drive\n|turn|24\n|\n|t:|1699629443\n|-end|p2a: Iron Moth|Quark Drive|[silent]\n|switch|p2a: Iron Jugulis|Iron Jugulis|32\/100\n|move|p1a: Tapu Lele|Psychic|p2a: Iron Jugulis\n|-immune|p2a: Iron Jugulis\n|\n|upkeep\n|turn|25\n|\n|t:|1699629448\n|switch|p1a: Chansey|Chansey, F|73\/100\n|move|p2a: Iron Jugulis|Air Slash|p1a: Chansey\n|-damage|p1a: Chansey|64\/100\n|\n|upkeep\n|turn|26\n|\n|t:|1699629455\n|move|p2a: Iron Jugulis|U-turn|p1a: Chansey\n|-damage|p1a: Chansey|44\/100\n|\n|t:|1699629472\n|-end|p2a: Iron Jugulis|Quark Drive|[silent]\n|switch|p2a: Iron Moth|Iron Moth|77\/100|[from] U-turn\n|move|p1a: Chansey|Stealth Rock|p2a: Iron Moth\n|-sidestart|p2: IC Oshawott|move: Stealth Rock\n|\n|upkeep\n|turn|27\n|\n|t:|1699629480\n|move|p2a: Iron Moth|Fiery Dance|p1a: Chansey\n|-damage|p1a: Chansey|35\/100\n|move|p1a: Chansey|Soft-Boiled|p1a: Chansey\n|-heal|p1a: Chansey|85\/100\n|\n|upkeep\n|turn|28\n|\n|t:|1699629486\n|move|p2a: Iron Moth|U-turn|p1a: Chansey\n|-damage|p1a: Chansey|65\/100\n|\n|t:|1699629487\n|-end|p2a: Iron Moth|Quark Drive|[silent]\n|switch|p2a: Iron Treads|Iron Treads|39\/100|[from] U-turn\n|move|p1a: Chansey|Seismic Toss|p2a: Iron Treads\n|-damage|p2a: Iron Treads|8\/100\n|\n|-fieldend|move: Psychic Terrain\n|upkeep\n|turn|29\n|\n|t:|1699629504\n|switch|p1a: Tapu Lele|Tapu Lele|100\/100\n|-fieldstart|move: Psychic Terrain|[from] ability: Psychic Surge|[of] p1a: Tapu Lele\n|move|p2a: Iron Treads|Earthquake|p1a: Tapu Lele\n|-damage|p1a: Tapu Lele|32\/100\n|\n|upkeep\n|turn|30\n|\n|t:|1699629514\n|move|p1a: Tapu Lele|Moonblast|p2a: Iron Treads\n|-resisted|p2a: Iron Treads\n|-damage|p2a: Iron Treads|0 fnt\n|faint|p2a: Iron Treads\n|-end|p2a: Iron Treads|Quark Drive|[silent]\n|\n|upkeep\n|\n|t:|1699629516\n|switch|p2a: Iron Moth|Iron Moth|77\/100\n|-damage|p2a: Iron Moth|52\/100|[from] Stealth Rock\n|turn|31\n|\n|t:|1699629524\n|move|p1a: Tapu Lele|Moonblast|p2a: Iron Moth\n|-resisted|p2a: Iron Moth\n|-damage|p2a: Iron Moth|43\/100\n|move|p2a: Iron Moth|Fiery Dance|p1a: Tapu Lele\n|-damage|p1a: Tapu Lele|0 fnt\n|faint|p1a: Tapu Lele\n|\n|upkeep\n|\n|t:|1699629534\n|switch|p1a: Chansey|Chansey, F|65\/100\n|turn|32\n|\n|t:|1699629539\n|move|p2a: Iron Moth|U-turn|p1a: Chansey\n|-crit|p1a: Chansey\n|-damage|p1a: Chansey|39\/100\n|\n|t:|1699629541\n|-end|p2a: Iron Moth|Quark Drive|[silent]\n|switch|p2a: Alomomola|Alomomola, F, tera:Dragon|56\/100|[from] U-turn\n|move|p1a: Chansey|Soft-Boiled|p1a: Chansey\n|-heal|p1a: Chansey|89\/100\n|\n|upkeep\n|turn|33\n|\n|t:|1699629547\n|move|p1a: Chansey|Seismic Toss|p2a: Alomomola\n|-damage|p2a: Alomomola|37\/100\n|move|p2a: Alomomola|Toxic|p1a: Chansey\n|-status|p1a: Chansey|tox\n|\n|-damage|p1a: Chansey|83\/100 tox|[from] psn\n|-fieldend|move: Psychic Terrain\n|upkeep\n|turn|34\n|\n|t:|1699629552\n|move|p1a: Chansey|Seismic Toss|p2a: Alomomola\n|-damage|p2a: Alomomola|18\/100\n|move|p2a: Alomomola|Wish|p2a: Alomomola\n|\n|-damage|p1a: Chansey|71\/100 tox|[from] psn\n|upkeep\n|turn|35\n|\n|t:|1699629557\n|-curestatus|p1a: Chansey|tox|[from] ability: Natural Cure\n|switch|p1a: Victini|Victini|100\/100\n|move|p2a: Alomomola|Protect||[still]\n|-fail|p2a: Alomomola\n|\n|-heal|p2a: Alomomola|68\/100|[from] move: Wish|[wisher] Alomomola\n|upkeep\n|turn|36\n|\n|t:|1699629570\n|move|p1a: Victini|Final Gambit|p2a: Alomomola\n|-damage|p2a: Alomomola|4\/100\n|faint|p1a: Victini\n|move|p2a: Alomomola|Toxic|p1: Victini|[notarget]\n|-fail|p2a: Alomomola\n|\n|upkeep\n|\n|t:|1699629576\n|switch|p1a: Lopunny|Lopunny-Mega, M|100\/100\n|turn|37\n|\n|t:|1699629579\n|switch|p2a: Tapu Koko|Tapu Koko|72\/100\n|-damage|p2a: Tapu Koko|59\/100|[from] Stealth Rock\n|-fieldstart|move: Electric Terrain|[from] ability: Electric Surge|[of] p2a: Tapu Koko\n|move|p1a: Lopunny|Return|p2a: Tapu Koko\n|-damage|p2a: Tapu Koko|0 fnt\n|faint|p2a: Tapu Koko\n|\n|upkeep\n|\n|t:|1699629585\n|switch|p2a: Iron Jugulis|Iron Jugulis|32\/100\n|-activate|p2a: Iron Jugulis|ability: Quark Drive\n|-start|p2a: Iron Jugulis|quarkdrivespe\n|turn|38\n|\n|t:|1699629592\n|switch|p1a: Chansey|Chansey, F|71\/100\n|move|p2a: Iron Jugulis|Air Slash|p1a: Chansey\n|-damage|p1a: Chansey|61\/100\n|\n|upkeep\n|turn|39\n|\n|t:|1699629596\n|move|p2a: Iron Jugulis|Charge Beam|p1a: Chansey\n|-damage|p1a: Chansey|57\/100\n|move|p1a: Chansey|Soft-Boiled|p1a: Chansey\n|-heal|p1a: Chansey|100\/100\n|\n|upkeep\n|turn|40\n|\n|t:|1699629601\n|move|p2a: Iron Jugulis|Charge Beam|p1a: Chansey\n|-damage|p1a: Chansey|96\/100\n|move|p1a: Chansey|Seismic Toss|p2a: Iron Jugulis\n|-damage|p2a: Iron Jugulis|2\/100\n|\n|upkeep\n|turn|41\n|\n|t:|1699629606\n|move|p2a: Iron Jugulis|Dark Pulse|p1a: Chansey\n|-damage|p1a: Chansey|87\/100\n|move|p1a: Chansey|Seismic Toss|p2a: Iron Jugulis\n|-damage|p2a: Iron Jugulis|0 fnt\n|faint|p2a: Iron Jugulis\n|-end|p2a: Iron Jugulis|Quark Drive|[silent]\n|\n|upkeep\n|\n|t:|1699629608\n|switch|p2a: Alomomola|Alomomola, F, tera:Dragon|38\/100\n|turn|42\n|\n|t:|1699629618\n|move|p1a: Chansey|Seismic Toss|p2a: Alomomola\n|-damage|p2a: Alomomola|19\/100\n|move|p2a: Alomomola|Wish|p2a: Alomomola\n|\n|upkeep\n|turn|43\n|\n|t:|1699629626\n|move|p2a: Alomomola|Protect|p2a: Alomomola\n|-singleturn|p2a: Alomomola|Protect\n|move|p1a: Chansey|Teleport|p1a: Chansey\n|\n|t:|1699629631\n|switch|p1a: Lopunny|Lopunny-Mega, M|100\/100|[from] Teleport\n|\n|-heal|p2a: Alomomola|69\/100|[from] move: Wish|[wisher] Alomomola\n|upkeep\n|turn|44\n|\n|t:|1699629639\n|move|p1a: Lopunny|Fake Out|p2a: Alomomola\n|-crit|p2a: Alomomola\n|-damage|p2a: Alomomola|51\/100\n|cant|p2a: Alomomola|flinch\n|\n|-fieldend|move: Electric Terrain\n|upkeep\n|turn|45\n|\n|t:|1699629645\n|move|p1a: Lopunny|Ice Punch|p2a: Alomomola\n|-supereffective|p2a: Alomomola\n|-damage|p2a: Alomomola|21\/100\n|move|p2a: Alomomola|Wish|p2a: Alomomola\n|\n|upkeep\n|turn|46\n|\n|t:|1699629651\n|move|p2a: Alomomola|Protect|p2a: Alomomola\n|-singleturn|p2a: Alomomola|Protect\n|move|p1a: Lopunny|Return|p2a: Alomomola\n|-activate|p2a: Alomomola|move: Protect\n|\n|-heal|p2a: Alomomola|71\/100|[from] move: Wish|[wisher] Alomomola\n|upkeep\n|turn|47\n|\n|t:|1699629656\n|move|p1a: Lopunny|Ice Punch|p2a: Alomomola\n|-supereffective|p2a: Alomomola\n|-damage|p2a: Alomomola|42\/100\n|move|p2a: Alomomola|Toxic|p1a: Lopunny\n|-status|p1a: Lopunny|tox\n|\n|-damage|p1a: Lopunny|95\/100 tox|[from] psn\n|upkeep\n|turn|48\n|\n|t:|1699629665\n|move|p2a: Alomomola|Protect|p2a: Alomomola\n|-singleturn|p2a: Alomomola|Protect\n|move|p1a: Lopunny|Close Combat|p2a: Alomomola\n|-activate|p2a: Alomomola|move: Protect\n|\n|-damage|p1a: Lopunny|83\/100 tox|[from] psn\n|upkeep\n|turn|49\n|\n|t:|1699629669\n|move|p1a: Lopunny|Close Combat|p2a: Alomomola\n|-damage|p2a: Alomomola|9\/100\n|-unboost|p1a: Lopunny|def|1\n|-unboost|p1a: Lopunny|spd|1\n|move|p2a: Alomomola|Wish|p2a: Alomomola\n|\n|-damage|p1a: Lopunny|65\/100 tox|[from] psn\n|upkeep\n|turn|50\n|\n|t:|1699629675\n|switch|p1a: Chansey|Chansey, F|87\/100\n|move|p2a: Alomomola|Protect||[still]\n|-fail|p2a: Alomomola\n|\n|-heal|p2a: Alomomola|59\/100|[from] move: Wish|[wisher] Alomomola\n|upkeep\n|turn|51\n|\n|t:|1699629680\n|move|p1a: Chansey|Seismic Toss|p2a: Alomomola\n|-damage|p2a: Alomomola|40\/100\n|move|p2a: Alomomola|Toxic|p1a: Chansey\n|-status|p1a: Chansey|tox\n|\n|-damage|p1a: Chansey|81\/100 tox|[from] psn\n|upkeep\n|turn|52\n|\n|t:|1699629684\n|move|p1a: Chansey|Seismic Toss|p2a: Alomomola\n|-damage|p2a: Alomomola|21\/100\n|move|p2a: Alomomola|Wish|p2a: Alomomola\n|\n|-damage|p1a: Chansey|68\/100 tox|[from] psn\n|upkeep\n|turn|53\n|\n|t:|1699629689\n|move|p2a: Alomomola|Flip Turn|p1a: Chansey\n|-damage|p1a: Chansey|42\/100 tox\n|\n|t:|1699629693\n|switch|p2a: Iron Moth|Iron Moth|43\/100|[from] Flip Turn\n|-damage|p2a: Iron Moth|18\/100|[from] Stealth Rock\n|move|p1a: Chansey|Teleport|p1a: Chansey\n|\n|t:|1699629697\n|-curestatus|p1a: Chansey|tox|[from] ability: Natural Cure\n|switch|p1a: Lopunny|Lopunny-Mega, M|65\/100 tox|[from] Teleport\n|\n|-heal|p2a: Iron Moth|100\/100|[from] move: Wish|[wisher] Alomomola\n|-damage|p1a: Lopunny|59\/100 tox|[from] psn\n|upkeep\n|turn|54\n|\n|t:|1699629702\n|move|p1a: Lopunny|Return|p2a: Iron Moth\n|-damage|p2a: Iron Moth|18\/100\n|move|p2a: Iron Moth|Fiery Dance|p1a: Lopunny\n|-damage|p1a: Lopunny|10\/100 tox\n|\n|-damage|p1a: Lopunny|0 fnt|[from] psn\n|faint|p1a: Lopunny\n|upkeep\n|\n|t:|1699629710\n|switch|p1a: Chansey|Chansey, F|42\/100\n|turn|55\n|\n|t:|1699629715\n|move|p2a: Iron Moth|U-turn|p1a: Chansey\n|-damage|p1a: Chansey|23\/100\n|\n|t:|1699629716\n|-end|p2a: Iron Moth|Quark Drive|[silent]\n|switch|p2a: Alomomola|Alomomola, F, tera:Dragon|55\/100|[from] U-turn\n|move|p1a: Chansey|Soft-Boiled|p1a: Chansey\n|-heal|p1a: Chansey|73\/100\n|\n|upkeep\n|turn|56\n|-message|yumizuozhou forfeited.\n|\n|win|IC Oshawott\n|raw|yumizuozhou's rating: 1258 &rarr; <strong>1238<\/strong><br \/>(-20 for losing)\n|raw|IC Oshawott's rating: 1331 &rarr; <strong>1347<\/strong><br \/>(+16 for winning)\n|l|\u2606yumizuozhou\n","uploadtime":1699629728,"views":5,"p1id":"yumizuozhou","p2id":"icoshawott","formatid":"gen9nationaldex","rating":1238,"private":0,"password":""}