{"id":"gen9nationaldex-1999055757","p1":"covidfromthevoid","p2":"VicoSenpai","format":"[Gen 9] National Dex","log":"|html|<div class=\"broadcast-blue\"><strong>[Gen 9] National Dex is currently suspecting Sneasler! For information on how to participate check out the <a href=\"https:\/\/www.smogon.com\/forums\/threads\/sv-national-dex-suspect-8-just-dance.3731534\/\">suspect thread<\/a>.<\/strong><\/div>\n|j|\u2606covidfromthevoid\n|j|\u2606VicoSenpai\n|t:|1701028401\n|gametype|singles\n|player|p1|covidfromthevoid|1|1323\n|player|p2|VicoSenpai|lana|1327\n|teamsize|p1|6\n|teamsize|p2|6\n|gen|9\n|tier|[Gen 9] National Dex\n|rated|\n|rule|HP Percentage Mod: HP is shown in percentages\n|rule|Endless Battle Clause: Forcing endless battles is banned\n|rule|OHKO Clause: OHKO moves are banned\n|rule|Evasion Clause: Evasion abilities, items, and moves are banned\n|rule|Evasion Abilities Clause: Evasion abilities are banned\n|rule|Evasion Items Clause: Evasion items are banned\n|rule|Evasion Moves Clause: Evasion moves are banned\n|rule|Species Clause: Limit one of each Pok\u00e9mon\n|rule|Sleep Clause Mod: Limit one foe put to sleep\n|clearpoke\n|poke|p1|Regidrago|\n|poke|p1|Cramorant, M|\n|poke|p1|Diggersby, F|\n|poke|p1|Ninjask, M|\n|poke|p1|Ceruledge, F|\n|poke|p1|Maushold-Four|\n|poke|p2|Gliscor, F|\n|poke|p2|Dondozo, M|\n|poke|p2|Aegislash, M|\n|poke|p2|Ampharos, F|\n|poke|p2|Chansey, F|\n|poke|p2|Tornadus-Therian, M|\n|teampreview\n|inactive|Battle timer is ON: inactive players will automatically lose when time's up. (requested by covidfromthevoid)\n|inactive|VicoSenpai also wants the timer to be on.\n|\n|t:|1701028414\n|start\n|switch|p1a: Cramorant|Cramorant, M|100\/100\n|switch|p2a: Ampharos|Ampharos, F|100\/100\n|turn|1\n|\n|t:|1701028423\n|detailschange|p2a: Ampharos|Ampharos-Mega, F\n|-mega|p2a: Ampharos|Ampharos|Ampharosite\n|-ability|p2a: Ampharos|Mold Breaker\n|move|p1a: Cramorant|Surf|p2a: Ampharos\n|-formechange|p1a: Cramorant|Cramorant-Gulping|\n|-resisted|p2a: Ampharos\n|-damage|p2a: Ampharos|85\/100\n|move|p2a: Ampharos|Focus Blast|p1a: Cramorant|[miss]\n|-miss|p2a: Ampharos|p1a: Cramorant\n|\n|upkeep\n|turn|2\n|\n|t:|1701028433\n|move|p1a: Cramorant|Ice Beam|p2a: Ampharos\n|-supereffective|p2a: Ampharos\n|-damage|p2a: Ampharos|45\/100\n|-status|p2a: Ampharos|frz\n|cant|p2a: Ampharos|frz\n|\n|upkeep\n|turn|3\n|c|\u2606VicoSenpai|fck\n|\n|t:|1701028439\n|move|p1a: Cramorant|Agility|p1a: Cramorant\n|-boost|p1a: Cramorant|spe|2\n|cant|p2a: Ampharos|frz\n|\n|upkeep\n|turn|4\n|c|\u2606VicoSenpai|first turn freeze is crazt\n|\n|t:|1701028447\n|move|p1a: Cramorant|Ice Beam|p2a: Ampharos\n|-supereffective|p2a: Ampharos\n|-damage|p2a: Ampharos|7\/100 frz\n|-curestatus|p2a: Ampharos|frz|[msg]\n|move|p2a: Ampharos|Volt Switch|p1a: Cramorant\n|-supereffective|p1a: Cramorant\n|-damage|p1a: Cramorant|0 fnt\n|-damage|p2a: Ampharos|0 fnt|[from] ability: Gulp Missile|[of] p1a: Cramorant\n|-formechange|p1a: Cramorant|Cramorant|\n|faint|p1a: Cramorant\n|faint|p2a: Ampharos\n|\n|upkeep\n|\n|t:|1701028469\n|switch|p1a: Diggersby|Diggersby, F|100\/100\n|switch|p2a: Tornadus|Tornadus-Therian, M|100\/100\n|turn|5\n|\n|t:|1701028474\n|move|p2a: Tornadus|Knock Off|p1a: Diggersby\n|-damage|p1a: Diggersby|78\/100\n|-enditem|p1a: Diggersby|Focus Sash|[from] move: Knock Off|[of] p2a: Tornadus\n|move|p1a: Diggersby|Thunder Punch|p2a: Tornadus\n|-supereffective|p2a: Tornadus\n|-damage|p2a: Tornadus|24\/100\n|\n|upkeep\n|turn|6\n|\n|t:|1701028481\n|move|p1a: Diggersby|Quick Attack|p2a: Tornadus\n|-damage|p2a: Tornadus|0 fnt\n|faint|p2a: Tornadus\n|\n|upkeep\n|\n|t:|1701028486\n|switch|p2a: Dondozo|Dondozo, M|100\/100\n|turn|7\n|\n|t:|1701028490\n|move|p1a: Diggersby|Earthquake|p2a: Dondozo\n|-damage|p2a: Dondozo|70\/100\n|move|p2a: Dondozo|Curse|p2a: Dondozo\n|-unboost|p2a: Dondozo|spe|1\n|-boost|p2a: Dondozo|atk|1\n|-boost|p2a: Dondozo|def|1\n|\n|-heal|p2a: Dondozo|76\/100|[from] item: Leftovers\n|upkeep\n|turn|8\n|\n|t:|1701028496\n|switch|p1a: Maushold|Maushold-Four|100\/100\n|move|p2a: Dondozo|Curse|p2a: Dondozo\n|-unboost|p2a: Dondozo|spe|1\n|-boost|p2a: Dondozo|atk|1\n|-boost|p2a: Dondozo|def|1\n|\n|-heal|p2a: Dondozo|82\/100|[from] item: Leftovers\n|upkeep\n|turn|9\n|\n|t:|1701028500\n|move|p1a: Maushold|Switcheroo|p2a: Dondozo\n|-activate|p1a: Maushold|move: Trick|[of] p2a: Dondozo\n|-item|p2a: Dondozo|Choice Scarf|[from] move: Switcheroo\n|-item|p1a: Maushold|Leftovers|[from] move: Switcheroo\n|move|p2a: Dondozo|Liquidation|p1a: Maushold\n|-damage|p1a: Maushold|3\/100\n|\n|-heal|p1a: Maushold|9\/100|[from] item: Leftovers\n|upkeep\n|turn|10\n|\n|t:|1701028509\n|move|p1a: Maushold|Thunder Wave|p2a: Dondozo\n|-status|p2a: Dondozo|par\n|move|p2a: Dondozo|Liquidation|p1a: Maushold\n|-damage|p1a: Maushold|0 fnt\n|faint|p1a: Maushold\n|\n|upkeep\n|\n|t:|1701028517\n|switch|p1a: Diggersby|Diggersby, F|78\/100\n|turn|11\n|\n|t:|1701028520\n|move|p1a: Diggersby|Thunder Punch|p2a: Dondozo\n|-supereffective|p2a: Dondozo\n|-damage|p2a: Dondozo|67\/100 par\n|move|p2a: Dondozo|Liquidation|p1a: Diggersby\n|-supereffective|p1a: Diggersby\n|-damage|p1a: Diggersby|0 fnt\n|faint|p1a: Diggersby\n|\n|upkeep\n|\n|t:|1701028529\n|switch|p1a: Ninjask|Ninjask, M|100\/100\n|turn|12\n|c|\u2606VicoSenpai|nice switcheroo bro\n|\n|t:|1701028532\n|move|p1a: Ninjask|Final Gambit|p2a: Dondozo\n|-damage|p2a: Dondozo|2\/100 par\n|faint|p1a: Ninjask\n|cant|p2a: Dondozo|par\n|\n|upkeep\n|\n|t:|1701028535\n|switch|p1a: Ceruledge|Ceruledge, F|100\/100\n|turn|13\n|\n|t:|1701028541\n|move|p1a: Ceruledge|Swords Dance|p1a: Ceruledge\n|-boost|p1a: Ceruledge|atk|2\n|move|p2a: Dondozo|Liquidation|p1a: Ceruledge\n|-supereffective|p1a: Ceruledge\n|-enditem|p1a: Ceruledge|Focus Sash\n|-damage|p1a: Ceruledge|1\/100\n|-ability|p1a: Ceruledge|Weak Armor|boost\n|-unboost|p1a: Ceruledge|def|1\n|-boost|p1a: Ceruledge|spe|2\n|\n|upkeep\n|turn|14\n|\n|t:|1701028549\n|move|p1a: Ceruledge|Bitter Blade|p2a: Dondozo\n|-resisted|p2a: Dondozo\n|-damage|p2a: Dondozo|0 fnt\n|-heal|p1a: Ceruledge|3\/100|[from] drain|[of] p2a: Dondozo\n|faint|p2a: Dondozo\n|\n|upkeep\n|\n|t:|1701028564\n|switch|p2a: Gliscor|Gliscor, F|100\/100\n|turn|15\n|\n|t:|1701028571\n|move|p1a: Ceruledge|Bitter Blade|p2a: Gliscor\n|-damage|p2a: Gliscor|29\/100\n|-heal|p1a: Ceruledge|46\/100|[from] drain|[of] p2a: Gliscor\n|move|p2a: Gliscor|Earthquake|p1a: Ceruledge\n|-supereffective|p1a: Ceruledge\n|-damage|p1a: Ceruledge|0 fnt\n|faint|p1a: Ceruledge\n|\n|-status|p2a: Gliscor|tox|[from] item: Toxic Orb\n|upkeep\n|\n|t:|1701028577\n|switch|p1a: Regidrago|Regidrago|100\/100\n|turn|16\n|\n|t:|1701028581\n|-terastallize|p2a: Gliscor|Fairy\n|move|p1a: Regidrago|Dragon Energy|p2a: Gliscor\n|-immune|p2a: Gliscor\n|move|p2a: Gliscor|Roost|p2a: Gliscor\n|-heal|p2a: Gliscor|79\/100 tox\n|\n|-heal|p2a: Gliscor|91\/100 tox|[from] ability: Poison Heal\n|upkeep\n|turn|17\n|c|\u2606VicoSenpai|cheers\n|l|\u2606covidfromthevoid\n|inactive|covidfromthevoid disconnected and has a minute to reconnect!\n|player|p1|\n|c|\u2606VicoSenpai|LMAO\n|inactive|covidfromthevoid has 30 seconds to reconnect!\n|inactive|covidfromthevoid has 20 seconds to reconnect!\n|inactive|covidfromthevoid has 15 seconds to reconnect!\n|inactive|covidfromthevoid has 10 seconds to reconnect!\n|inactive|covidfromthevoid has 5 seconds to reconnect!\n|-message|covidfromthevoid lost due to inactivity.\n|\n|win|VicoSenpai\n|raw|covidfromthevoid's rating: 1323 &rarr; <strong>1303<\/strong><br \/>(-20 for losing)\n|raw|VicoSenpai's rating: 1327 &rarr; <strong>1347<\/strong><br \/>(+20 for winning)\n","uploadtime":1701028649,"views":1,"p1id":"covidfromthevoid","p2id":"vicosenpai","formatid":"gen9nationaldex","rating":1303,"private":0,"password":""}