{"id":"gen9nationaldex-1990113345","p1":"Yuh_392","p2":"SanFranfan4ever","format":"[Gen 9] National Dex","log":"|j|\u2606Yuh_392\n|j|\u2606SanFranfan4ever\n|t:|1699925963\n|gametype|singles\n|player|p1|Yuh_392|veteranf|1035\n|player|p2|SanFranfan4ever|lance|1000\n|teamsize|p1|6\n|teamsize|p2|6\n|gen|9\n|tier|[Gen 9] National Dex\n|rated|\n|rule|HP Percentage Mod: HP is shown in percentages\n|rule|Endless Battle Clause: Forcing endless battles is banned\n|rule|OHKO Clause: OHKO moves are banned\n|rule|Evasion Clause: Evasion abilities, items, and moves are banned\n|rule|Evasion Abilities Clause: Evasion abilities are banned\n|rule|Evasion Items Clause: Evasion items are banned\n|rule|Evasion Moves Clause: Evasion moves are banned\n|rule|Species Clause: Limit one of each Pok\u00e9mon\n|rule|Sleep Clause Mod: Limit one foe put to sleep\n|clearpoke\n|poke|p1|Beedrill, M|\n|poke|p1|Ninjask, F|\n|poke|p1|Spiritomb, F|\n|poke|p1|Iron Valiant|\n|poke|p1|Empoleon, M|\n|poke|p1|Dragonite, F|\n|poke|p2|Tyranitar, M|\n|poke|p2|Garchomp, M|\n|poke|p2|Scizor, M|\n|poke|p2|Venusaur, F|\n|poke|p2|Moltres|\n|poke|p2|Grimmsnarl, M|\n|teampreview\n|\n|t:|1699925972\n|start\n|switch|p1a: Spiritomb|Spiritomb, F|100\/100\n|switch|p2a: Moltthree|Moltres|100\/100\n|-ability|p1a: Spiritomb|Pressure\n|turn|1\n|\n|t:|1699925980\n|move|p2a: Moltthree|Tailwind|p2a: Moltthree\n|-sidestart|p2: SanFranfan4ever|move: Tailwind\n|move|p1a: Spiritomb|Foul Play|p2a: Moltthree\n|-damage|p2a: Moltthree|65\/100\n|\n|upkeep\n|turn|2\n|\n|t:|1699925988\n|switch|p2a: Belphorgor|Grimmsnarl, M|100\/100\n|move|p1a: Spiritomb|Foul Play|p2a: Belphorgor\n|-resisted|p2a: Belphorgor\n|-damage|p2a: Belphorgor|89\/100\n|\n|upkeep\n|turn|3\n|\n|t:|1699925997\n|move|p2a: Belphorgor|Taunt|p1a: Spiritomb\n|-hint|Since gen 7, Dark is immune to Prankster moves.\n|-immune|p1a: Spiritomb\n|move|p1a: Spiritomb|Will-O-Wisp|p2a: Belphorgor\n|-status|p2a: Belphorgor|brn\n|\n|-damage|p2a: Belphorgor|83\/100 brn|[from] brn\n|upkeep\n|turn|4\n|\n|t:|1699926015\n|move|p2a: Belphorgor|Play Rough|p1a: Spiritomb|[miss]\n|-miss|p2a: Belphorgor|p1a: Spiritomb\n|move|p1a: Spiritomb|Foul Play|p2a: Belphorgor\n|-resisted|p2a: Belphorgor\n|-damage|p2a: Belphorgor|72\/100 brn\n|\n|-damage|p2a: Belphorgor|66\/100 brn|[from] brn\n|-sideend|p2: SanFranfan4ever|move: Tailwind\n|upkeep\n|turn|5\n|\n|t:|1699926024\n|move|p2a: Belphorgor|Play Rough|p1a: Spiritomb\n|-supereffective|p1a: Spiritomb\n|-damage|p1a: Spiritomb|67\/100\n|move|p1a: Spiritomb|Foul Play|p2a: Belphorgor\n|-resisted|p2a: Belphorgor\n|-damage|p2a: Belphorgor|56\/100 brn\n|\n|-heal|p1a: Spiritomb|73\/100|[from] item: Leftovers\n|-damage|p2a: Belphorgor|50\/100 brn|[from] brn\n|upkeep\n|turn|6\n|\n|t:|1699926043\n|switch|p2a: Tony|Scizor, M|100\/100\n|move|p1a: Spiritomb|Foul Play|p2a: Tony\n|-damage|p2a: Tony|43\/100\n|\n|-heal|p1a: Spiritomb|79\/100|[from] item: Leftovers\n|upkeep\n|turn|7\n|\n|t:|1699926071\n|detailschange|p2a: Tony|Scizor-Mega, M\n|-mega|p2a: Tony|Scizor|Scizorite\n|move|p2a: Tony|Bug Bite|p1a: Spiritomb\n|-damage|p1a: Spiritomb|37\/100\n|move|p1a: Spiritomb|Foul Play|p2a: Tony\n|-damage|p2a: Tony|0 fnt\n|faint|p2a: Tony\n|\n|-heal|p1a: Spiritomb|43\/100|[from] item: Leftovers\n|upkeep\n|\n|t:|1699926084\n|switch|p2a: Sahara|Garchomp, M|100\/100\n|turn|8\n|\n|t:|1699926088\n|move|p2a: Sahara|Earthquake|p1a: Spiritomb\n|-damage|p1a: Spiritomb|1\/100\n|move|p1a: Spiritomb|Pain Split|p2a: Sahara\n|-sethp|p2a: Sahara|51\/100|[from] move: Pain Split|[silent]\n|-sethp|p1a: Spiritomb|60\/100|[from] move: Pain Split\n|\n|-heal|p1a: Spiritomb|66\/100|[from] item: Leftovers\n|upkeep\n|turn|9\n|-message|SanFranfan4ever forfeited.\n|\n|win|Yuh_392\n|raw|Yuh_392's rating: 1035 &rarr; <strong>1066<\/strong><br \/>(+31 for winning)\n|raw|SanFranfan4ever's rating: 1000 &rarr; <strong>1000<\/strong><br \/>(+0 for losing)\n|l|\u2606SanFranfan4ever\n","uploadtime":1699926113,"views":19,"p1id":"yuh392","p2id":"sanfranfan4ever","formatid":"gen9nationaldex","rating":1000,"private":0,"password":""}