{"id":"gen9nationaldex-1999853863","p1":"watermelon2806","p2":"KluddHellme","format":"[Gen 9] National Dex","log":"|html|<div class=\"broadcast-blue\"><strong>[Gen 9] National Dex is currently suspecting Sneasler! For information on how to participate check out the <a href=\"https:\/\/www.smogon.com\/forums\/threads\/sv-national-dex-suspect-8-just-dance.3731534\/\">suspect thread<\/a>.<\/strong><\/div>\n|j|\u2606watermelon2806\n|j|\u2606KluddHellme\n|t:|1701123006\n|gametype|singles\n|player|p1|watermelon2806|2|1231\n|player|p2|KluddHellme|maid|1268\n|teamsize|p1|6\n|teamsize|p2|6\n|gen|9\n|tier|[Gen 9] National Dex\n|rated|\n|rule|HP Percentage Mod: HP is shown in percentages\n|rule|Endless Battle Clause: Forcing endless battles is banned\n|rule|OHKO Clause: OHKO moves are banned\n|rule|Evasion Clause: Evasion abilities, items, and moves are banned\n|rule|Evasion Abilities Clause: Evasion abilities are banned\n|rule|Evasion Items Clause: Evasion items are banned\n|rule|Evasion Moves Clause: Evasion moves are banned\n|rule|Species Clause: Limit one of each Pok\u00e9mon\n|rule|Sleep Clause Mod: Limit one foe put to sleep\n|clearpoke\n|poke|p1|Rillaboom, F|\n|poke|p1|Incineroar, F|\n|poke|p1|Blastoise, M|\n|poke|p1|Kleavor, F|\n|poke|p1|Charizard, M|\n|poke|p1|Shiftry, F|\n|poke|p2|Zapdos|\n|poke|p2|Excadrill, F|\n|poke|p2|Tyranitar, M|\n|poke|p2|Alomomola, M|\n|poke|p2|Rotom-Heat|\n|poke|p2|Hoopa-Unbound|\n|teampreview\n|\n|t:|1701123026\n|start\n|switch|p1a: Kleavor|Kleavor, F|100\/100\n|switch|p2a: Alomomola|Alomomola, M|100\/100\n|turn|1\n|\n|t:|1701123041\n|switch|p1a: Rillaboom|Rillaboom, F|100\/100\n|-fieldstart|move: Grassy Terrain|[from] ability: Grassy Surge|[of] p1a: Rillaboom\n|move|p2a: Alomomola|Toxic|p1a: Rillaboom\n|-status|p1a: Rillaboom|tox\n|\n|-damage|p1a: Rillaboom|94\/100 tox|[from] psn\n|upkeep\n|turn|2\n|\n|t:|1701123050\n|move|p2a: Alomomola|Protect|p2a: Alomomola\n|-singleturn|p2a: Alomomola|Protect\n|move|p1a: Rillaboom|Drum Beating|p2a: Alomomola\n|-activate|p2a: Alomomola|move: Protect\n|\n|-heal|p1a: Rillaboom|100\/100 tox|[from] Grassy Terrain\n|-damage|p1a: Rillaboom|88\/100 tox|[from] psn\n|upkeep\n|turn|3\n|\n|t:|1701123060\n|switch|p1a: Charizard|Charizard, M|100\/100\n|switch|p2a: Rotom|Rotom-Heat|100\/100\n|\n|upkeep\n|turn|4\n|\n|t:|1701123086\n|detailschange|p1a: Charizard|Charizard-Mega-Y, M\n|-mega|p1a: Charizard|Charizard|Charizardite Y\n|-weather|SunnyDay|[from] ability: Drought|[of] p1a: Charizard\n|move|p1a: Charizard|Weather Ball|p2a: Rotom\n|-resisted|p2a: Rotom\n|-damage|p2a: Rotom|60\/100\n|move|p2a: Rotom|Volt Switch|p1a: Charizard\n|-supereffective|p1a: Charizard\n|-damage|p1a: Charizard|57\/100\n|\n|t:|1701123099\n|switch|p2a: Zapdos|Zapdos|100\/100|[from] Volt Switch\n|\n|-weather|SunnyDay|[upkeep]\n|upkeep\n|turn|5\n|\n|t:|1701123108\n|move|p2a: Zapdos|Volt Switch|p1a: Charizard\n|-supereffective|p1a: Charizard\n|-damage|p1a: Charizard|10\/100\n|\n|t:|1701123117\n|switch|p2a: Hoopa|Hoopa-Unbound|100\/100|[from] Volt Switch\n|move|p1a: Charizard|Roost|p1a: Charizard\n|-heal|p1a: Charizard|60\/100\n|-singleturn|p1a: Charizard|move: Roost\n|\n|-weather|SunnyDay|[upkeep]\n|-heal|p1a: Charizard|66\/100|[from] Grassy Terrain\n|-fieldend|move: Grassy Terrain\n|upkeep\n|turn|6\n|\n|t:|1701123129\n|move|p2a: Hoopa|Knock Off|p1a: Charizard\n|-damage|p1a: Charizard|11\/100\n|move|p1a: Charizard|Weather Ball|p2a: Hoopa\n|-damage|p2a: Hoopa|26\/100\n|\n|-weather|SunnyDay|[upkeep]\n|upkeep\n|turn|7\n|\n|t:|1701123137\n|move|p2a: Hoopa|Knock Off|p1a: Charizard\n|-damage|p1a: Charizard|0 fnt\n|faint|p1a: Charizard\n|\n|-weather|SunnyDay|[upkeep]\n|upkeep\n|\n|t:|1701123138\n|switch|p1a: Shiftry|Shiftry, F|100\/100\n|turn|8\n|\n|t:|1701123145\n|move|p2a: Hoopa|Knock Off|p1a: Shiftry\n|-resisted|p1a: Shiftry\n|-damage|p1a: Shiftry|50\/100\n|-enditem|p1a: Shiftry|Life Orb|[from] move: Knock Off|[of] p2a: Hoopa\n|move|p1a: Shiftry|Tailwind|p1a: Shiftry\n|-sidestart|p1: watermelon2806|move: Tailwind\n|-ability|p1a: Shiftry|Wind Rider|boost\n|-boost|p1a: Shiftry|atk|1\n|\n|-weather|none\n|upkeep\n|turn|9\n|\n|t:|1701123162\n|switch|p2a: Rotom|Rotom-Heat|60\/100\n|move|p1a: Shiftry|Knock Off|p2a: Rotom\n|-damage|p2a: Rotom|0 fnt\n|-enditem|p2a: Rotom|Leftovers|[from] move: Knock Off|[of] p1a: Shiftry\n|faint|p2a: Rotom\n|\n|upkeep\n|\n|t:|1701123180\n|switch|p2a: Zapdos|Zapdos|100\/100\n|turn|10\n|\n|t:|1701123184\n|move|p1a: Shiftry|Knock Off|p2a: Zapdos\n|-damage|p2a: Zapdos|49\/100\n|-status|p1a: Shiftry|par|[from] ability: Static|[of] p2a: Zapdos\n|-enditem|p2a: Zapdos|Heavy-Duty Boots|[from] move: Knock Off|[of] p1a: Shiftry\n|move|p2a: Zapdos|Hurricane|p1a: Shiftry\n|-ability|p1a: Shiftry|Wind Rider|boost\n|-boost|p1a: Shiftry|atk|1\n|\n|upkeep\n|turn|11\n|\n|t:|1701123195\n|move|p1a: Shiftry|Throat Chop|p2a: Zapdos\n|-damage|p2a: Zapdos|0 fnt\n|faint|p2a: Zapdos\n|\n|-sideend|p1: watermelon2806|move: Tailwind\n|upkeep\n|\n|t:|1701123203\n|switch|p2a: Hoopa|Hoopa-Unbound|26\/100\n|turn|12\n|\n|t:|1701123210\n|move|p2a: Hoopa|Drain Punch|p1a: Shiftry\n|-supereffective|p1a: Shiftry\n|-damage|p1a: Shiftry|0 fnt\n|-heal|p2a: Hoopa|48\/100|[from] drain|[of] p1a: Shiftry\n|faint|p1a: Shiftry\n|\n|upkeep\n|\n|t:|1701123216\n|switch|p1a: Kleavor|Kleavor, F|100\/100\n|turn|13\n|\n|t:|1701123220\n|switch|p2a: Alomomola|Alomomola, M|100\/100\n|move|p1a: Kleavor|Stone Axe|p2a: Alomomola|[miss]\n|-miss|p1a: Kleavor|p2a: Alomomola\n|\n|upkeep\n|turn|14\n|\n|t:|1701123227\n|switch|p1a: Rillaboom|Rillaboom, F|88\/100 tox\n|-fieldstart|move: Grassy Terrain|[from] ability: Grassy Surge|[of] p1a: Rillaboom\n|move|p2a: Alomomola|Toxic|p1a: Rillaboom\n|-fail|p1a: Rillaboom|tox\n|\n|-heal|p1a: Rillaboom|94\/100 tox|[from] Grassy Terrain\n|-damage|p1a: Rillaboom|88\/100 tox|[from] psn\n|upkeep\n|turn|15\n|\n|t:|1701123239\n|move|p2a: Alomomola|Protect|p2a: Alomomola\n|-singleturn|p2a: Alomomola|Protect\n|move|p1a: Rillaboom|Drum Beating|p2a: Alomomola\n|-activate|p2a: Alomomola|move: Protect\n|\n|-heal|p1a: Rillaboom|94\/100 tox|[from] Grassy Terrain\n|-damage|p1a: Rillaboom|82\/100 tox|[from] psn\n|upkeep\n|turn|16\n|\n|t:|1701123250\n|switch|p2a: Hoopa|Hoopa-Unbound|48\/100\n|move|p1a: Rillaboom|Drum Beating|p2a: Hoopa\n|-damage|p2a: Hoopa|0 fnt\n|faint|p2a: Hoopa\n|\n|-heal|p1a: Rillaboom|88\/100 tox|[from] Grassy Terrain\n|-damage|p1a: Rillaboom|70\/100 tox|[from] psn\n|upkeep\n|\n|t:|1701123261\n|switch|p2a: Tyranitar|Tyranitar, M|100\/100\n|-weather|Sandstorm|[from] ability: Sand Stream|[of] p2a: Tyranitar\n|turn|17\n|\n|t:|1701123270\n|switch|p1a: Incineroar|Incineroar, F|100\/100\n|-ability|p1a: Incineroar|Intimidate|boost\n|-unboost|p2a: Tyranitar|atk|1\n|move|p2a: Tyranitar|Crunch|p1a: Incineroar\n|-resisted|p1a: Incineroar\n|-damage|p1a: Incineroar|78\/100\n|\n|-weather|Sandstorm|[upkeep]\n|-damage|p1a: Incineroar|72\/100|[from] Sandstorm\n|-heal|p1a: Incineroar|78\/100|[from] Grassy Terrain\n|-heal|p1a: Incineroar|84\/100|[from] item: Leftovers\n|upkeep\n|turn|18\n|\n|t:|1701123282\n|switch|p2a: Alomomola|Alomomola, M|100\/100\n|-terastallize|p1a: Incineroar|Fighting\n|move|p1a: Incineroar|Drain Punch|p2a: Alomomola\n|-damage|p2a: Alomomola|81\/100\n|-heal|p1a: Incineroar|99\/100|[from] drain|[of] p2a: Alomomola\n|-damage|p1a: Incineroar|83\/100|[from] item: Rocky Helmet|[of] p2a: Alomomola\n|\n|-weather|Sandstorm|[upkeep]\n|-damage|p1a: Incineroar|77\/100|[from] Sandstorm\n|-damage|p2a: Alomomola|74\/100|[from] Sandstorm\n|-heal|p1a: Incineroar|83\/100|[from] Grassy Terrain\n|-heal|p1a: Incineroar|89\/100|[from] item: Leftovers\n|-heal|p2a: Alomomola|81\/100|[from] Grassy Terrain\n|-fieldend|move: Grassy Terrain\n|upkeep\n|turn|19\n|\n|t:|1701123299\n|move|p1a: Incineroar|U-turn|p2a: Alomomola\n|-damage|p2a: Alomomola|68\/100\n|-damage|p1a: Incineroar|72\/100|[from] item: Rocky Helmet|[of] p2a: Alomomola\n|\n|t:|1701123305\n|switch|p1a: Kleavor|Kleavor, F|100\/100|[from] U-turn\n|move|p2a: Alomomola|Wish|p2a: Alomomola\n|\n|-weather|Sandstorm|[upkeep]\n|-damage|p2a: Alomomola|62\/100|[from] Sandstorm\n|upkeep\n|turn|20\n|\n|t:|1701123313\n|move|p1a: Kleavor|X-Scissor|p2a: Alomomola\n|-damage|p2a: Alomomola|27\/100\n|-damage|p1a: Kleavor|84\/100|[from] item: Rocky Helmet|[of] p2a: Alomomola\n|move|p2a: Alomomola|Toxic|p1a: Kleavor\n|-status|p1a: Kleavor|tox\n|\n|-weather|Sandstorm|[upkeep]\n|-damage|p2a: Alomomola|21\/100|[from] Sandstorm\n|-heal|p2a: Alomomola|71\/100|[from] move: Wish|[wisher] Alomomola\n|-damage|p1a: Kleavor|78\/100 tox|[from] psn\n|upkeep\n|turn|21\n|\n|t:|1701123327\n|switch|p1a: Rillaboom|Rillaboom, F|70\/100 tox\n|-fieldstart|move: Grassy Terrain|[from] ability: Grassy Surge|[of] p1a: Rillaboom\n|move|p2a: Alomomola|Protect||[still]\n|-fail|p2a: Alomomola\n|\n|-weather|none\n|-heal|p1a: Rillaboom|76\/100 tox|[from] Grassy Terrain\n|-heal|p2a: Alomomola|77\/100|[from] Grassy Terrain\n|-damage|p1a: Rillaboom|70\/100 tox|[from] psn\n|upkeep\n|turn|22\n|\n|t:|1701123338\n|move|p2a: Alomomola|Protect|p2a: Alomomola\n|-singleturn|p2a: Alomomola|Protect\n|move|p1a: Rillaboom|Grassy Glide|p2a: Alomomola\n|-activate|p2a: Alomomola|move: Protect\n|\n|-heal|p1a: Rillaboom|76\/100 tox|[from] Grassy Terrain\n|-heal|p2a: Alomomola|84\/100|[from] Grassy Terrain\n|-damage|p1a: Rillaboom|64\/100 tox|[from] psn\n|upkeep\n|turn|23\n|\n|t:|1701123349\n|switch|p1a: Blastoise|Blastoise, M|100\/100\n|move|p2a: Alomomola|Wish|p2a: Alomomola\n|\n|-heal|p2a: Alomomola|90\/100|[from] Grassy Terrain\n|upkeep\n|turn|24\n|\n|t:|1701123356\n|move|p1a: Blastoise|Shell Smash|p1a: Blastoise\n|-unboost|p1a: Blastoise|def|1\n|-unboost|p1a: Blastoise|spd|1\n|-boost|p1a: Blastoise|atk|2\n|-boost|p1a: Blastoise|spa|2\n|-boost|p1a: Blastoise|spe|2\n|-enditem|p1a: Blastoise|White Herb\n|-clearnegativeboost|p1a: Blastoise|[silent]\n|move|p2a: Alomomola|Toxic|p1a: Blastoise\n|-status|p1a: Blastoise|tox\n|\n|-heal|p2a: Alomomola|100\/100|[from] move: Wish|[wisher] Alomomola\n|-damage|p1a: Blastoise|94\/100 tox|[from] psn\n|upkeep\n|turn|25\n|\n|t:|1701123370\n|move|p1a: Blastoise|Dragon Pulse|p2a: Alomomola\n|-damage|p2a: Alomomola|44\/100\n|move|p2a: Alomomola|Wish|p2a: Alomomola\n|\n|-heal|p1a: Blastoise|100\/100 tox|[from] Grassy Terrain\n|-heal|p2a: Alomomola|50\/100|[from] Grassy Terrain\n|-damage|p1a: Blastoise|88\/100 tox|[from] psn\n|-fieldend|move: Grassy Terrain\n|upkeep\n|turn|26\n|\n|t:|1701123379\n|move|p2a: Alomomola|Protect|p2a: Alomomola\n|-singleturn|p2a: Alomomola|Protect\n|move|p1a: Blastoise|Dragon Pulse|p2a: Alomomola\n|-activate|p2a: Alomomola|move: Protect\n|\n|-heal|p2a: Alomomola|99\/100|[from] move: Wish|[wisher] Alomomola\n|-damage|p1a: Blastoise|70\/100 tox|[from] psn\n|upkeep\n|turn|27\n|\n|t:|1701123393\n|move|p1a: Blastoise|Dragon Pulse|p2a: Alomomola\n|-damage|p2a: Alomomola|40\/100\n|move|p2a: Alomomola|Wish|p2a: Alomomola\n|\n|-damage|p1a: Blastoise|46\/100 tox|[from] psn\n|upkeep\n|turn|28\n|\n|t:|1701123401\n|move|p1a: Blastoise|Shell Smash|p1a: Blastoise\n|-unboost|p1a: Blastoise|def|1\n|-unboost|p1a: Blastoise|spd|1\n|-boost|p1a: Blastoise|atk|2\n|-boost|p1a: Blastoise|spa|2\n|-boost|p1a: Blastoise|spe|2\n|move|p2a: Alomomola|Flip Turn|p1a: Blastoise\n|-resisted|p1a: Blastoise\n|-damage|p1a: Blastoise|33\/100 tox\n|\n|t:|1701123419\n|switch|p2a: Tyranitar|Tyranitar, M|100\/100|[from] Flip Turn\n|-weather|Sandstorm|[from] ability: Sand Stream|[of] p2a: Tyranitar\n|\n|-weather|Sandstorm|[upkeep]\n|-damage|p1a: Blastoise|27\/100 tox|[from] Sandstorm\n|-damage|p1a: Blastoise|0 fnt|[from] psn\n|faint|p1a: Blastoise\n|upkeep\n|\n|t:|1701123425\n|switch|p1a: Incineroar|Incineroar, F, tera:Fighting|72\/100\n|-ability|p1a: Incineroar|Intimidate|boost\n|-unboost|p2a: Tyranitar|atk|1\n|turn|29\n|\n|t:|1701123442\n|move|p2a: Tyranitar|Earthquake|p1a: Incineroar\n|-damage|p1a: Incineroar|35\/100\n|move|p1a: Incineroar|Drain Punch|p2a: Tyranitar\n|-supereffective|p2a: Tyranitar\n|-damage|p2a: Tyranitar|0 fnt\n|-heal|p1a: Incineroar|93\/100|[from] drain|[of] p2a: Tyranitar\n|faint|p2a: Tyranitar\n|\n|-weather|Sandstorm|[upkeep]\n|-damage|p1a: Incineroar|87\/100|[from] Sandstorm\n|-heal|p1a: Incineroar|93\/100|[from] item: Leftovers\n|upkeep\n|\n|t:|1701123455\n|switch|p2a: Excadrill|Excadrill, F|100\/100\n|turn|30\n|\n|t:|1701123460\n|switch|p1a: Kleavor|Kleavor, F|78\/100 tox\n|-terastallize|p2a: Excadrill|Ground\n|move|p2a: Excadrill|Swords Dance|p2a: Excadrill\n|-boost|p2a: Excadrill|atk|2\n|\n|-weather|Sandstorm|[upkeep]\n|-damage|p1a: Kleavor|72\/100 tox|[from] psn\n|upkeep\n|turn|31\n|\n|t:|1701123470\n|move|p1a: Kleavor|Close Combat|p2a: Excadrill\n|-damage|p2a: Excadrill|47\/100\n|-unboost|p1a: Kleavor|def|1\n|-unboost|p1a: Kleavor|spd|1\n|move|p2a: Excadrill|Earthquake|p1a: Kleavor\n|-damage|p1a: Kleavor|0 fnt\n|faint|p1a: Kleavor\n|-damage|p2a: Excadrill|38\/100|[from] item: Life Orb\n|\n|-weather|Sandstorm|[upkeep]\n|upkeep\n|\n|t:|1701123473\n|switch|p1a: Rillaboom|Rillaboom, F|64\/100 tox\n|-fieldstart|move: Grassy Terrain|[from] ability: Grassy Surge|[of] p1a: Rillaboom\n|turn|32\n|\n|t:|1701123491\n|move|p1a: Rillaboom|Grassy Glide|p2a: Excadrill\n|-supereffective|p2a: Excadrill\n|-crit|p2a: Excadrill\n|-damage|p2a: Excadrill|0 fnt\n|faint|p2a: Excadrill\n|\n|-weather|none\n|-heal|p1a: Rillaboom|70\/100 tox|[from] Grassy Terrain\n|-damage|p1a: Rillaboom|64\/100 tox|[from] psn\n|upkeep\n|\n|t:|1701123500\n|switch|p2a: Alomomola|Alomomola, M|74\/100\n|turn|33\n|\n|t:|1701123504\n|switch|p1a: Incineroar|Incineroar, F, tera:Fighting|93\/100\n|-ability|p1a: Incineroar|Intimidate|boost\n|-unboost|p2a: Alomomola|atk|1\n|move|p2a: Alomomola|Wish|p2a: Alomomola\n|\n|-heal|p1a: Incineroar|99\/100|[from] Grassy Terrain\n|-heal|p1a: Incineroar|100\/100|[from] item: Leftovers\n|-heal|p2a: Alomomola|80\/100|[from] Grassy Terrain\n|upkeep\n|turn|34\n|\n|t:|1701123514\n|move|p1a: Incineroar|Drain Punch|p2a: Alomomola\n|-damage|p2a: Alomomola|58\/100\n|-damage|p1a: Incineroar|84\/100|[from] item: Rocky Helmet|[of] p2a: Alomomola\n|move|p2a: Alomomola|Toxic|p1a: Incineroar\n|-status|p1a: Incineroar|tox\n|\n|-heal|p2a: Alomomola|100\/100|[from] move: Wish|[wisher] Alomomola\n|-heal|p1a: Incineroar|90\/100 tox|[from] Grassy Terrain\n|-heal|p1a: Incineroar|96\/100 tox|[from] item: Leftovers\n|-damage|p1a: Incineroar|90\/100 tox|[from] psn\n|upkeep\n|turn|35\n|\n|t:|1701123527\n|move|p1a: Incineroar|Drain Punch|p2a: Alomomola\n|-damage|p2a: Alomomola|80\/100\n|-heal|p1a: Incineroar|100\/100 tox|[from] drain|[of] p2a: Alomomola\n|-damage|p1a: Incineroar|84\/100 tox|[from] item: Rocky Helmet|[of] p2a: Alomomola\n|move|p2a: Alomomola|Flip Turn|p1a: Incineroar\n|-damage|p1a: Incineroar|74\/100 tox\n|\n|-heal|p1a: Incineroar|80\/100 tox|[from] Grassy Terrain\n|-heal|p1a: Incineroar|86\/100 tox|[from] item: Leftovers\n|-heal|p2a: Alomomola|86\/100|[from] Grassy Terrain\n|-damage|p1a: Incineroar|74\/100 tox|[from] psn\n|upkeep\n|turn|36\n|\n|t:|1701123541\n|move|p1a: Incineroar|U-turn|p2a: Alomomola\n|-damage|p2a: Alomomola|74\/100\n|-damage|p1a: Incineroar|58\/100 tox|[from] item: Rocky Helmet|[of] p2a: Alomomola\n|\n|t:|1701123543\n|switch|p1a: Rillaboom|Rillaboom, F|64\/100 tox|[from] U-turn\n|move|p2a: Alomomola|Flip Turn|p1a: Rillaboom\n|-resisted|p1a: Rillaboom\n|-damage|p1a: Rillaboom|57\/100 tox\n|\n|-heal|p1a: Rillaboom|64\/100 tox|[from] Grassy Terrain\n|-heal|p2a: Alomomola|80\/100|[from] Grassy Terrain\n|-damage|p1a: Rillaboom|57\/100 tox|[from] psn\n|-fieldend|move: Grassy Terrain\n|upkeep\n|turn|37\n|\n|t:|1701123556\n|move|p2a: Alomomola|Protect|p2a: Alomomola\n|-singleturn|p2a: Alomomola|Protect\n|move|p1a: Rillaboom|Knock Off|p2a: Alomomola\n|-activate|p2a: Alomomola|move: Protect\n|\n|-damage|p1a: Rillaboom|45\/100 tox|[from] psn\n|upkeep\n|turn|38\n|\n|t:|1701123567\n|move|p1a: Rillaboom|Knock Off|p2a: Alomomola\n|-damage|p2a: Alomomola|54\/100\n|-damage|p1a: Rillaboom|29\/100 tox|[from] item: Rocky Helmet|[of] p2a: Alomomola\n|-enditem|p2a: Alomomola|Rocky Helmet|[from] move: Knock Off|[of] p1a: Rillaboom\n|move|p2a: Alomomola|Wish|p2a: Alomomola\n|\n|-damage|p1a: Rillaboom|10\/100 tox|[from] psn\n|upkeep\n|turn|39\n|\n|t:|1701123576\n|switch|p1a: Incineroar|Incineroar, F, tera:Fighting|58\/100 tox\n|-ability|p1a: Incineroar|Intimidate|boost\n|-unboost|p2a: Alomomola|atk|1\n|move|p2a: Alomomola|Flip Turn|p1a: Incineroar\n|-damage|p1a: Incineroar|49\/100 tox\n|\n|-heal|p2a: Alomomola|100\/100|[from] move: Wish|[wisher] Alomomola\n|-heal|p1a: Incineroar|55\/100 tox|[from] item: Leftovers\n|-damage|p1a: Incineroar|49\/100 tox|[from] psn\n|upkeep\n|turn|40\n|\n|t:|1701123588\n|move|p2a: Alomomola|Protect|p2a: Alomomola\n|-singleturn|p2a: Alomomola|Protect\n|move|p1a: Incineroar|Darkest Lariat|p2a: Alomomola\n|-activate|p2a: Alomomola|move: Protect\n|\n|-heal|p1a: Incineroar|55\/100 tox|[from] item: Leftovers\n|-damage|p1a: Incineroar|43\/100 tox|[from] psn\n|upkeep\n|turn|41\n|\n|t:|1701123598\n|move|p1a: Incineroar|Darkest Lariat|p2a: Alomomola\n|-damage|p2a: Alomomola|79\/100\n|move|p2a: Alomomola|Wish|p2a: Alomomola\n|\n|-heal|p1a: Incineroar|49\/100 tox|[from] item: Leftovers\n|-damage|p1a: Incineroar|31\/100 tox|[from] psn\n|upkeep\n|turn|42\n|\n|t:|1701123606\n|move|p1a: Incineroar|Darkest Lariat|p2a: Alomomola\n|-damage|p2a: Alomomola|54\/100\n|move|p2a: Alomomola|Flip Turn|p1a: Incineroar\n|-damage|p1a: Incineroar|23\/100 tox\n|\n|-heal|p2a: Alomomola|100\/100|[from] move: Wish|[wisher] Alomomola\n|-heal|p1a: Incineroar|29\/100 tox|[from] item: Leftovers\n|-damage|p1a: Incineroar|5\/100 tox|[from] psn\n|upkeep\n|turn|43\n|\n|t:|1701123619\n|move|p1a: Incineroar|U-turn|p2a: Alomomola\n|-damage|p2a: Alomomola|87\/100\n|\n|t:|1701123622\n|switch|p1a: Rillaboom|Rillaboom, F|10\/100 tox|[from] U-turn\n|-fieldstart|move: Grassy Terrain|[from] ability: Grassy Surge|[of] p1a: Rillaboom\n|move|p2a: Alomomola|Wish|p2a: Alomomola\n|\n|-heal|p1a: Rillaboom|16\/100 tox|[from] Grassy Terrain\n|-heal|p2a: Alomomola|93\/100|[from] Grassy Terrain\n|-damage|p1a: Rillaboom|10\/100 tox|[from] psn\n|upkeep\n|turn|44\n|\n|t:|1701123638\n|move|p1a: Rillaboom|Drum Beating|p2a: Alomomola\n|-supereffective|p2a: Alomomola\n|-damage|p2a: Alomomola|9\/100\n|-unboost|p2a: Alomomola|spe|1\n|move|p2a: Alomomola|Flip Turn|p1a: Rillaboom\n|-resisted|p1a: Rillaboom\n|-damage|p1a: Rillaboom|6\/100 tox\n|\n|-heal|p2a: Alomomola|59\/100|[from] move: Wish|[wisher] Alomomola\n|-heal|p1a: Rillaboom|12\/100 tox|[from] Grassy Terrain\n|-heal|p2a: Alomomola|65\/100|[from] Grassy Terrain\n|-damage|p1a: Rillaboom|0 fnt|[from] psn\n|faint|p1a: Rillaboom\n|upkeep\n|\n|t:|1701123642\n|switch|p1a: Incineroar|Incineroar, F, tera:Fighting|5\/100 tox\n|-ability|p1a: Incineroar|Intimidate|boost\n|-unboost|p2a: Alomomola|atk|1\n|turn|45\n|-message|watermelon2806 forfeited.\n|\n|win|KluddHellme\n|raw|watermelon2806's rating: 1231 &rarr; <strong>1209<\/strong><br \/>(-22 for losing)\n|raw|KluddHellme's rating: 1268 &rarr; <strong>1290<\/strong><br \/>(+22 for winning)\n|l|\u2606watermelon2806\n","uploadtime":1701123731,"views":1,"p1id":"watermelon2806","p2id":"kluddhellme","formatid":"gen9nationaldex","rating":1209,"private":0,"password":""}