{"id":"gen9nationaldex-1988294382","p1":"Jpprs2","p2":"steals many wives","format":"[Gen 9] National Dex","log":"|j|\u2606Jpprs2\n|j|\u2606steals many wives\n|t:|1699703426\n|gametype|singles\n|player|p1|Jpprs2|hilbert-wonderlauncher|1152\n|player|p2|steals many wives|waitress|1132\n|teamsize|p1|6\n|teamsize|p2|6\n|gen|9\n|tier|[Gen 9] National Dex\n|rated|\n|rule|HP Percentage Mod: HP is shown in percentages\n|rule|Endless Battle Clause: Forcing endless battles is banned\n|rule|OHKO Clause: OHKO moves are banned\n|rule|Evasion Clause: Evasion abilities, items, and moves are banned\n|rule|Evasion Abilities Clause: Evasion abilities are banned\n|rule|Evasion Items Clause: Evasion items are banned\n|rule|Evasion Moves Clause: Evasion moves are banned\n|rule|Species Clause: Limit one of each Pok\u00e9mon\n|rule|Sleep Clause Mod: Limit one foe put to sleep\n|clearpoke\n|poke|p1|Lycanroc-Midnight, M|\n|poke|p1|Meganium, F|\n|poke|p1|Braviary, M|\n|poke|p1|Clawitzer, M|\n|poke|p1|Pangoro, M|\n|poke|p1|Runerigus, M|\n|poke|p2|Zoroark-Hisui, F|\n|poke|p2|Snorlax, M|\n|poke|p2|Staraptor, M|\n|poke|p2|Pidgeot, M|\n|poke|p2|Ursaluna, M|\n|poke|p2|Purugly, M|\n|teampreview\n|\n|t:|1699703450\n|start\n|switch|p1a: Clawitzer|Clawitzer, M|100\/100\n|switch|p2a: Birb|Staraptor, M|100\/100\n|-ability|p2a: Birb|Intimidate|boost\n|-unboost|p1a: Clawitzer|atk|1\n|turn|1\n|\n|t:|1699703459\n|move|p2a: Birb|Final Gambit|p1a: Clawitzer\n|-damage|p1a: Clawitzer|0 fnt\n|faint|p2a: Birb\n|faint|p1a: Clawitzer\n|\n|upkeep\n|\n|t:|1699703476\n|switch|p2a: He Thicc|Snorlax, M|100\/100\n|switch|p1a: Pangoro|Pangoro, M|100\/100\n|turn|2\n|\n|t:|1699703482\n|move|p1a: Pangoro|Knock Off|p2a: He Thicc\n|-damage|p2a: He Thicc|66\/100\n|-enditem|p2a: He Thicc|Chesto Berry|[from] move: Knock Off|[of] p1a: Pangoro\n|move|p2a: He Thicc|Curse|p2a: He Thicc\n|-unboost|p2a: He Thicc|spe|1\n|-boost|p2a: He Thicc|atk|1\n|-boost|p2a: He Thicc|def|1\n|\n|upkeep\n|turn|3\n|\n|t:|1699703496\n|move|p1a: Pangoro|Bulk Up|p1a: Pangoro\n|-boost|p1a: Pangoro|atk|1\n|-boost|p1a: Pangoro|def|1\n|move|p2a: He Thicc|Curse|p2a: He Thicc\n|-unboost|p2a: He Thicc|spe|1\n|-boost|p2a: He Thicc|atk|1\n|-boost|p2a: He Thicc|def|1\n|\n|upkeep\n|turn|4\n|\n|t:|1699703504\n|move|p1a: Pangoro|Drain Punch|p2a: He Thicc\n|-supereffective|p2a: He Thicc\n|-crit|p2a: He Thicc\n|-damage|p2a: He Thicc|0 fnt\n|faint|p2a: He Thicc\n|\n|upkeep\n|\n|t:|1699703510\n|switch|p2a: Chunky Boi|Purugly, M|100\/100\n|turn|5\n|\n|t:|1699703514\n|move|p2a: Chunky Boi|Hyper Voice|p1a: Pangoro\n|-damage|p1a: Pangoro|37\/100\n|move|p1a: Pangoro|Knock Off|p2a: Chunky Boi\n|-supereffective|p2a: Chunky Boi\n|-enditem|p2a: Chunky Boi|Focus Sash\n|-damage|p2a: Chunky Boi|1\/100\n|replace|p2a: Not Zoroark|Zoroark-Hisui, F\n|-end|p2a: Not Zoroark|Illusion\n|\n|upkeep\n|turn|6\n|\n|t:|1699703537\n|switch|p1a: Runerigus|Runerigus, M|100\/100\n|move|p2a: Not Zoroark|Hyper Voice|p1a: Runerigus\n|-immune|p1a: Runerigus\n|\n|-damage|p1a: Runerigus|88\/100|[from] item: Sticky Barb\n|upkeep\n|turn|7\n|\n|t:|1699703545\n|move|p2a: Not Zoroark|Bitter Malice|p1a: Runerigus\n|-supereffective|p1a: Runerigus\n|-crit|p1a: Runerigus\n|-damage|p1a: Runerigus|0 fnt\n|faint|p1a: Runerigus\n|\n|upkeep\n|\n|t:|1699703553\n|switch|p1a: Lycanroc|Lycanroc-Midnight, M|100\/100\n|turn|8\n|\n|t:|1699703562\n|move|p2a: Not Zoroark|Bitter Malice|p1a: Lycanroc\n|-damage|p1a: Lycanroc|48\/100\n|-unboost|p1a: Lycanroc|atk|1\n|move|p1a: Lycanroc|Trailblaze|p2a: Not Zoroark\n|-crit|p2a: Not Zoroark\n|-damage|p2a: Not Zoroark|0 fnt\n|-boost|p1a: Lycanroc|spe|1\n|faint|p2a: Not Zoroark\n|\n|upkeep\n|\n|t:|1699703573\n|switch|p2a: Chunky Boi|Purugly, M|100\/100\n|turn|9\n|\n|t:|1699703577\n|move|p2a: Chunky Boi|Sucker Punch|p1a: Lycanroc\n|-damage|p1a: Lycanroc|14\/100\n|-damage|p2a: Chunky Boi|91\/100|[from] item: Life Orb\n|-zpower|p1a: Lycanroc\n|move|p1a: Lycanroc|Splintered Stormshards|p2a: Chunky Boi|[zeffect]\n|-damage|p2a: Chunky Boi|0 fnt\n|faint|p2a: Chunky Boi\n|\n|upkeep\n|\n|t:|1699703589\n|switch|p2a: UnBearable|Ursaluna, M|100\/100\n|turn|10\n|\n|t:|1699703597\n|move|p1a: Lycanroc|Iron Tail|p2a: UnBearable\n|-damage|p2a: UnBearable|81\/100\n|move|p2a: UnBearable|Earthquake|p1a: Lycanroc\n|-supereffective|p1a: Lycanroc\n|-damage|p1a: Lycanroc|0 fnt\n|faint|p1a: Lycanroc\n|\n|-status|p2a: UnBearable|brn|[from] item: Flame Orb\n|upkeep\n|\n|t:|1699703603\n|switch|p1a: Braviary|Braviary, M|100\/100\n|turn|11\n|\n|t:|1699703626\n|move|p1a: Braviary|Sky Attack||[still]\n|-prepare|p1a: Braviary|Sky Attack\n|-enditem|p1a: Braviary|Power Herb\n|-anim|p1a: Braviary|Sky Attack|p2a: UnBearable|[miss]\n|-miss|p1a: Braviary|p2a: UnBearable\n|move|p2a: UnBearable|Facade|p1a: Braviary\n|-damage|p1a: Braviary|0 fnt\n|faint|p1a: Braviary\n|\n|-damage|p2a: UnBearable|75\/100 brn|[from] brn\n|upkeep\n|\n|t:|1699703642\n|switch|p1a: Pangoro|Pangoro, M|37\/100\n|turn|12\n|\n|t:|1699703647\n|move|p2a: UnBearable|Facade|p1a: Pangoro\n|-damage|p1a: Pangoro|0 fnt\n|faint|p1a: Pangoro\n|\n|-damage|p2a: UnBearable|68\/100 brn|[from] brn\n|upkeep\n|\n|t:|1699703651\n|switch|p1a: Meganium|Meganium, F|100\/100\n|turn|13\n|\n|t:|1699703658\n|move|p2a: UnBearable|Facade|p1a: Meganium\n|-damage|p1a: Meganium|0 fnt\n|faint|p1a: Meganium\n|\n|win|steals many wives\n|raw|Jpprs2's rating: 1152 &rarr; <strong>1126<\/strong><br \/>(-26 for losing)\n|raw|steals many wives's rating: 1132 &rarr; <strong>1158<\/strong><br \/>(+26 for winning)\n|l|\u2606Jpprs2\n","uploadtime":1699703665,"views":4,"p1id":"jpprs2","p2id":"stealsmanywives","formatid":"gen9nationaldex","rating":1126,"private":0,"password":""}