{"id":"gen9nationaldex-1997082605","p1":"Phantomnized","p2":"rjd.w","format":"[Gen 9] National Dex","log":"|html|<div class=\"broadcast-blue\"><strong>[Gen 9] National Dex is currently suspecting Sneasler! For information on how to participate check out the <a href=\"https:\/\/www.smogon.com\/forums\/threads\/sv-national-dex-suspect-8-just-dance.3731534\/\">suspect thread<\/a>.<\/strong><\/div>\n|j|\u2606Phantomnized\n|j|\u2606rjd.w\n|t:|1700762719\n|gametype|singles\n|player|p1|Phantomnized|acetrainersnow|\n|player|p2|rjd.w|lucas|\n|teamsize|p1|6\n|teamsize|p2|6\n|gen|9\n|tier|[Gen 9] National Dex\n|rule|HP Percentage Mod: HP is shown in percentages\n|rule|Endless Battle Clause: Forcing endless battles is banned\n|rule|OHKO Clause: OHKO moves are banned\n|rule|Evasion Clause: Evasion abilities, items, and moves are banned\n|rule|Evasion Abilities Clause: Evasion abilities are banned\n|rule|Evasion Items Clause: Evasion items are banned\n|rule|Evasion Moves Clause: Evasion moves are banned\n|rule|Species Clause: Limit one of each Pok\u00e9mon\n|rule|Sleep Clause Mod: Limit one foe put to sleep\n|clearpoke\n|poke|p1|Banette, F|\n|poke|p1|Gliscor, F|\n|poke|p1|Weavile, F|\n|poke|p1|Garganacl, F|\n|poke|p1|Zapdos|\n|poke|p1|Hatterene, F|\n|poke|p2|Gengar, F|\n|poke|p2|Dragonite, M|\n|poke|p2|Greninja-*, M|\n|poke|p2|Charizard, F|\n|poke|p2|Gardevoir, M|\n|poke|p2|Snorlax, M|\n|teampreview\n|c|\u2606Phantomnized|There\n|c|\u2606Phantomnized|If I win I give 2 robux\n|c|\u2606Phantomnized|(Joking)\n|\n|t:|1700762737\n|start\n|switch|p1a: Hatterene|Hatterene, F|100\/100\n|switch|p2a: Snorlax|Snorlax, M|100\/100\n|turn|1\n|n|\u2606rjd.w|rjdw\n|c|\u2606rjd.w|ok\n|c|\u2606rjd.w|you good?\n|\n|t:|1700762814\n|move|p1a: Hatterene|Substitute|p1a: Hatterene\n|-start|p1a: Hatterene|Substitute\n|-damage|p1a: Hatterene|76\/100\n|move|p2a: Snorlax|Body Slam|p1a: Hatterene\n|-end|p1a: Hatterene|Substitute\n|\n|-heal|p1a: Hatterene|82\/100|[from] item: Leftovers\n|upkeep\n|turn|2\n|\n|t:|1700762828\n|switch|p1a: Banette|Banette, F|100\/100\n|move|p2a: Snorlax|Body Press|p1a: Banette\n|-immune|p1a: Banette\n|\n|upkeep\n|turn|3\n|c|\u2606Phantomnized|Absolutely not\n|\n|t:|1700762838\n|detailschange|p1a: Banette|Banette-Mega, F\n|-mega|p1a: Banette|Banette|Banettite\n|move|p1a: Banette|Will-O-Wisp|p2a: Snorlax\n|-status|p2a: Snorlax|brn\n|move|p2a: Snorlax|Counter||[still]\n|-fail|p2a: Snorlax\n|\n|-damage|p2a: Snorlax|94\/100 brn|[from] brn\n|upkeep\n|turn|4\n|c|\u2606Phantomnized|Are u okay\n|\n|t:|1700762862\n|switch|p2a: Gengar|Gengar, F, shiny|100\/100\n|move|p1a: Banette|Gunk Shot|p2a: Gengar|[miss]\n|-miss|p1a: Banette|p2a: Gengar\n|\n|upkeep\n|turn|5\n|c|\u2606rjd.w|no\n|\n|t:|1700762878\n|move|p2a: Gengar|Hypnosis|p1a: Banette\n|-status|p1a: Banette|slp|[from] move: Hypnosis\n|cant|p1a: Banette|slp\n|\n|upkeep\n|turn|6\n|c|\u2606rjd.w|i forgot all the counters\n|\n|t:|1700762912\n|switch|p1a: Gliscor|Gliscor, F|100\/100\n|move|p2a: Gengar|Hex|p1a: Gliscor\n|-damage|p1a: Gliscor|56\/100\n|\n|-status|p1a: Gliscor|tox|[from] item: Toxic Orb\n|upkeep\n|turn|7\n|\n|t:|1700762928\n|switch|p1a: Garganacl|Garganacl, F|100\/100\n|-terastallize|p2a: Gengar|Ghost\n|move|p2a: Gengar|Hypnosis|p1a: Garganacl\n|-immune|p1a: Garganacl|[from] ability: Purifying Salt\n|\n|upkeep\n|turn|8\n|\n|t:|1700762949\n|move|p2a: Gengar|Body Slam|p1a: Garganacl\n|-resisted|p1a: Garganacl\n|-damage|p1a: Garganacl|95\/100\n|move|p1a: Garganacl|Salt Cure|p2a: Gengar\n|-damage|p2a: Gengar|77\/100\n|-start|p2a: Gengar|Salt Cure\n|-enditem|p2a: Gengar|Kee Berry|[eat]\n|-boost|p2a: Gengar|def|1|[from] item: Kee Berry\n|\n|-heal|p1a: Garganacl|100\/100|[from] item: Leftovers\n|-damage|p2a: Gengar|64\/100|[from] Salt Cure\n|upkeep\n|turn|9\n|\n|t:|1700762962\n|move|p2a: Gengar|Hex|p1a: Garganacl\n|-damage|p1a: Garganacl|87\/100\n|move|p1a: Garganacl|Salt Cure|p2a: Gengar\n|-damage|p2a: Gengar|50\/100\n|-start|p1a: Garganacl|Disable|Salt Cure|[from] ability: Cursed Body|[of] p2a: Gengar\n|\n|-heal|p1a: Garganacl|93\/100|[from] item: Leftovers\n|-damage|p2a: Gengar|38\/100|[from] Salt Cure\n|upkeep\n|turn|10\n|c|\u2606Phantomnized|Idk no mote\n|\n|t:|1700762979\n|switch|p2a: Snorlax|Snorlax, M|94\/100 brn\n|move|p1a: Garganacl|Iron Defense|p1a: Garganacl\n|-boost|p1a: Garganacl|def|2\n|\n|-heal|p1a: Garganacl|99\/100|[from] item: Leftovers\n|-damage|p2a: Snorlax|88\/100 brn|[from] brn\n|upkeep\n|turn|11\n|\n|t:|1700762989\n|move|p1a: Garganacl|Body Press|p2a: Snorlax\n|-supereffective|p2a: Snorlax\n|-damage|p2a: Snorlax|16\/100 brn\n|-enditem|p2a: Snorlax|Aguav Berry|[eat]\n|-heal|p2a: Snorlax|49\/100 brn|[from] item: Aguav Berry\n|move|p2a: Snorlax|Brick Break|p1a: Garganacl\n|-supereffective|p1a: Garganacl\n|-damage|p1a: Garganacl|93\/100\n|\n|-heal|p1a: Garganacl|99\/100|[from] item: Leftovers\n|-damage|p2a: Snorlax|43\/100 brn|[from] brn\n|upkeep\n|turn|12\n|c|\u2606rjd.w|whys it unkillable\n|c|\u2606rjd.w|th\n|\n|t:|1700763004\n|move|p1a: Garganacl|Iron Defense|p1a: Garganacl\n|-boost|p1a: Garganacl|def|2\n|move|p2a: Snorlax|Counter||[still]\n|-fail|p2a: Snorlax\n|\n|-heal|p1a: Garganacl|100\/100|[from] item: Leftovers\n|-damage|p2a: Snorlax|37\/100 brn|[from] brn\n|-end|p1a: Garganacl|Disable\n|upkeep\n|turn|13\n|c|\u2606Phantomnized|It had high defense\n|c|\u2606Phantomnized|And ur burned\n|\n|t:|1700763025\n|switch|p2a: Charizard|Charizard, F|100\/100\n|move|p1a: Garganacl|Iron Defense|p1a: Garganacl\n|-boost|p1a: Garganacl|def|2\n|\n|upkeep\n|turn|14\n|\n|t:|1700763035\n|move|p2a: Charizard|Iron Tail|p1a: Garganacl\n|-supereffective|p1a: Garganacl\n|-damage|p1a: Garganacl|91\/100\n|move|p1a: Garganacl|Salt Cure|p2a: Charizard\n|-supereffective|p2a: Charizard\n|-damage|p2a: Charizard|36\/100\n|-start|p2a: Charizard|Salt Cure\n|\n|-heal|p1a: Garganacl|97\/100|[from] item: Leftovers\n|-damage|p2a: Charizard|24\/100|[from] Salt Cure\n|upkeep\n|turn|15\n|c|\u2606rjd.w|th\n|\n|t:|1700763044\n|move|p2a: Charizard|Swords Dance|p2a: Charizard\n|-boost|p2a: Charizard|atk|2\n|move|p1a: Garganacl|Salt Cure|p2a: Charizard\n|-supereffective|p2a: Charizard\n|-damage|p2a: Charizard|0 fnt\n|faint|p2a: Charizard\n|\n|-heal|p1a: Garganacl|100\/100|[from] item: Leftovers\n|upkeep\n|c|\u2606Phantomnized|Iron tail charizard\n|c|\u2606Phantomnized|:skull:\n|c|\u2606rjd.w|lol\n|\n|t:|1700763062\n|switch|p2a: Greninja|Greninja, M|100\/100\n|turn|16\n|c|\u2606Phantomnized|U almost as bad as cosmic :sob:\n|\n|t:|1700763072\n|move|p2a: Greninja|Swords Dance|p2a: Greninja\n|-boost|p2a: Greninja|atk|2\n|move|p1a: Garganacl|Body Press|p2a: Greninja\n|-supereffective|p2a: Greninja\n|-damage|p2a: Greninja|0 fnt\n|faint|p2a: Greninja\n|\n|upkeep\n|c|\u2606rjd.w|idk shite\n|c|\u2606rjd.w|bro\n|\n|t:|1700763081\n|switch|p2a: Gardevoir|Gardevoir, M, shiny|100\/100\n|turn|17\n|c|\u2606Phantomnized|SD greninja\n|c|\u2606Phantomnized|Shiny gardevoir???\n|c|\u2606Phantomnized|oh nah u a Pok\u00e9mon fucker ong\n|\n|t:|1700763101\n|move|p2a: Gardevoir|Draining Kiss|p1a: Garganacl\n|-crit|p1a: Garganacl\n|-damage|p1a: Garganacl|77\/100\n|move|p1a: Garganacl|Salt Cure|p2a: Gardevoir\n|-damage|p2a: Gardevoir|83\/100\n|-start|p2a: Gardevoir|Salt Cure\n|\n|-heal|p1a: Garganacl|84\/100|[from] item: Leftovers\n|-damage|p2a: Gardevoir|71\/100|[from] Salt Cure\n|upkeep\n|turn|18\n|c|\u2606rjd.w|tf is salt cure\n|c|\u2606rjd.w|it does like 80000 dmg\n|c|\u2606Phantomnized|!DT salt cute\nNo Pok\u00e9mon, item, move, ability or nature named 'salt cute' was found. Showing the data of 'Salt Cure' instead.\n|raw|<ul class=\"utilichart\"><li class=\"result\"><span class=\"col movenamecol\"><a href=\"https:\/\/dex.pokemonshowdown.com\/moves\/saltcure\">Salt Cure<\/a><\/span> <span class=\"col typecol\"><img src=\"\/\/play.pokemonshowdown.com\/sprites\/types\/Rock.png\" alt=\"Rock\" width=\"32\" height=\"14\"><img src=\"\/\/play.pokemonshowdown.com\/sprites\/categories\/Physical.png\" alt=\"Physical\" width=\"32\" height=\"14\"><\/span> <span class=\"col labelcol\"><em>Power<\/em><br>40<\/span> <span class=\"col widelabelcol\"><em>Accuracy<\/em><br>100%<\/span> <span class=\"col pplabelcol\"><em>PP<\/em><br>24<\/span> <span class=\"col movedesccol\">Deals 1\/8 max HP each turn; 1\/4 on Steel, Water.<\/span> <\/li><li style=\"clear:both\"><\/li><\/ul>\n|raw|<font size=\"1\"><font color=\"#686868\">Priority:<\/font> 0&nbsp;|&ThickSpace;<font color=\"#686868\">Gen:<\/font> 9&nbsp;|&ThickSpace;&#10003; Boosted by Sheer Force&nbsp;|&ThickSpace;<font color=\"#686868\">Z-Power:<\/font> 100&nbsp;|&ThickSpace;<font color=\"#686868\">Dynamax Power:<\/font> 90&nbsp;|&ThickSpace;<font color=\"#686868\">Target:<\/font> One Adjacent Pok\u00e9mon<\/font>\n\n|\n|t:|1700763119\n|move|p2a: Gardevoir|Draining Kiss|p1a: Garganacl\n|-damage|p1a: Garganacl|67\/100\n|-heal|p2a: Gardevoir|89\/100|[from] drain|[of] p1a: Garganacl\n|move|p1a: Garganacl|Salt Cure|p2a: Gardevoir\n|-damage|p2a: Gardevoir|71\/100\n|\n|-heal|p1a: Garganacl|74\/100|[from] item: Leftovers\n|-damage|p2a: Gardevoir|58\/100|[from] Salt Cure\n|upkeep\n|turn|19\n|c|\u2606Phantomnized|Read that\n|\n|t:|1700763133\n|move|p2a: Gardevoir|Draining Kiss|p1a: Garganacl\n|-damage|p1a: Garganacl|56\/100\n|-heal|p2a: Gardevoir|77\/100|[from] drain|[of] p1a: Garganacl\n|move|p1a: Garganacl|Salt Cure|p2a: Gardevoir\n|-damage|p2a: Gardevoir|58\/100\n|\n|-heal|p1a: Garganacl|63\/100|[from] item: Leftovers\n|-damage|p2a: Gardevoir|45\/100|[from] Salt Cure\n|upkeep\n|turn|20\n|\n|t:|1700763149\n|move|p2a: Gardevoir|Healing Wish|p2a: Gardevoir\n|faint|p2a: Gardevoir\n|move|p1a: Garganacl|Recover|p1a: Garganacl\n|-heal|p1a: Garganacl|100\/100\n|\n|upkeep\n|c|\u2606Phantomnized|Why tf are u using draining kids anyway\n|c|\u2606Phantomnized|BROTHER\n|\n|t:|1700763156\n|switch|p2a: Gengar|Gengar, F, shiny, tera:Ghost|38\/100\n|-heal|p2a: Gengar|100\/100|[from] move: Healing Wish\n|turn|21\n|c|\u2606rjd.w|bro im pressing button\n|c|\u2606rjd.w|atp\n|\n|t:|1700763168\n|move|p2a: Gengar|Hex|p1a: Garganacl\n|-damage|p1a: Garganacl|87\/100\n|move|p1a: Garganacl|Salt Cure|p2a: Gengar\n|-damage|p2a: Gengar|80\/100\n|-start|p2a: Gengar|Salt Cure\n|\n|-heal|p1a: Garganacl|93\/100|[from] item: Leftovers\n|-damage|p2a: Gengar|68\/100|[from] Salt Cure\n|upkeep\n|turn|22\n|c|\u2606Phantomnized|Oh nah\n|c|\u2606Phantomnized|how is my yomper the only competent one\n|c|\u2606rjd.w|gengar with no ghost moves\n|\n|t:|1700763195\n|move|p2a: Gengar|Dark Pulse|p1a: Garganacl\n|-damage|p1a: Garganacl|77\/100\n|move|p1a: Garganacl|Salt Cure|p2a: Gengar\n|-damage|p2a: Gengar|46\/100\n|\n|-heal|p1a: Garganacl|83\/100|[from] item: Leftovers\n|-damage|p2a: Gengar|34\/100|[from] Salt Cure\n|upkeep\n|turn|23\n|c|\u2606rjd.w|thats crazy\n|\n|t:|1700763206\n|move|p2a: Gengar|Hex|p1a: Garganacl\n|-damage|p1a: Garganacl|71\/100\n|move|p1a: Garganacl|Salt Cure|p2a: Gengar\n|-damage|p2a: Gengar|10\/100\n|\n|-heal|p1a: Garganacl|77\/100|[from] item: Leftovers\n|-damage|p2a: Gengar|0 fnt|[from] Salt Cure\n|faint|p2a: Gengar\n|upkeep\n|c|\u2606Phantomnized|Why tf wouldnt u put shadow ball\n|c|\u2606Phantomnized|U have hex\n|c|\u2606Phantomnized|wtf\n|c|\u2606rjd.w|idk strats\n|\n|t:|1700763222\n|switch|p2a: Dragonite|Dragonite, M|100\/100\n|turn|24\n|c|\u2606Phantomnized|ok hypnosis then hex\n|c|\u2606Phantomnized|hypnosis first then hex\n|\n|t:|1700763233\n|move|p2a: Dragonite|Dragon Dance|p2a: Dragonite\n|-boost|p2a: Dragonite|atk|1\n|-boost|p2a: Dragonite|spe|1\n|move|p1a: Garganacl|Salt Cure|p2a: Dragonite\n|-supereffective|p2a: Dragonite\n|-damage|p2a: Dragonite|75\/100\n|-start|p2a: Dragonite|Salt Cure\n|\n|-heal|p1a: Garganacl|83\/100|[from] item: Leftovers\n|-damage|p2a: Dragonite|63\/100|[from] Salt Cure\n|upkeep\n|turn|25\n|c|\u2606Phantomnized|If u land it\n|\n|t:|1700763246\n|move|p2a: Dragonite|Dragon Dance|p2a: Dragonite\n|-boost|p2a: Dragonite|atk|1\n|-boost|p2a: Dragonite|spe|1\n|move|p1a: Garganacl|Salt Cure|p2a: Dragonite\n|-supereffective|p2a: Dragonite\n|-damage|p2a: Dragonite|40\/100\n|\n|-heal|p1a: Garganacl|89\/100|[from] item: Leftovers\n|-damage|p2a: Dragonite|27\/100|[from] Salt Cure\n|upkeep\n|turn|26\n|\n|t:|1700763255\n|move|p2a: Dragonite|Dragon Dance|p2a: Dragonite\n|-boost|p2a: Dragonite|atk|1\n|-boost|p2a: Dragonite|spe|1\n|move|p1a: Garganacl|Salt Cure|p2a: Dragonite\n|-supereffective|p2a: Dragonite\n|-damage|p2a: Dragonite|4\/100\n|-enditem|p2a: Dragonite|Aguav Berry|[eat]\n|-heal|p2a: Dragonite|37\/100|[from] item: Aguav Berry\n|\n|-heal|p1a: Garganacl|95\/100|[from] item: Leftovers\n|-damage|p2a: Dragonite|25\/100|[from] Salt Cure\n|upkeep\n|turn|27\n|\n|t:|1700763282\n|move|p2a: Dragonite|Dragon Claw|p1a: Garganacl\n|-damage|p1a: Garganacl|78\/100\n|move|p1a: Garganacl|Salt Cure|p2a: Dragonite\n|-supereffective|p2a: Dragonite\n|-damage|p2a: Dragonite|0 fnt\n|faint|p2a: Dragonite\n|\n|-heal|p1a: Garganacl|84\/100|[from] item: Leftovers\n|upkeep\n|c|\u2606rjd.w|this unfair\n|c|\u2606rjd.w|watch gimme 2 hours\n|c|\u2606Phantomnized|Skill issue bgl\n|c|\u2606rjd.w|and rematch\n|\n|t:|1700763302\n|switch|p2a: Snorlax|Snorlax, M|37\/100 brn\n|turn|28\n|c|\u2606Phantomnized|Bet\n|\n|t:|1700763309\n|move|p1a: Garganacl|Body Press|p2a: Snorlax\n|-supereffective|p2a: Snorlax\n|-damage|p2a: Snorlax|0 fnt\n|faint|p2a: Snorlax\n|\n|win|Phantomnized\n","uploadtime":1700763317,"views":4,"p1id":"phantomnized","p2id":"rjdw","formatid":"gen9nationaldex","rating":0,"private":0,"password":""}