{"id":"gen9nationaldex-1995288488","p1":"qwertoiuy","p2":"Speenta","format":"[Gen 9] National Dex","log":"|html|<div class=\"broadcast-blue\"><strong>[Gen 9] National Dex is currently suspecting Sneasler! For information on how to participate check out the <a href=\"https:\/\/www.smogon.com\/forums\/threads\/sv-national-dex-suspect-8-just-dance.3731534\/\">suspect thread<\/a>.<\/strong><\/div>\n|j|\u2606qwertoiuy\n|j|\u2606Speenta\n|t:|1700547425\n|gametype|singles\n|player|p1|qwertoiuy|burglar|1105\n|player|p2|Speenta|lucas|1105\n|teamsize|p1|6\n|teamsize|p2|6\n|gen|9\n|tier|[Gen 9] National Dex\n|rated|\n|rule|HP Percentage Mod: HP is shown in percentages\n|rule|Endless Battle Clause: Forcing endless battles is banned\n|rule|OHKO Clause: OHKO moves are banned\n|rule|Evasion Clause: Evasion abilities, items, and moves are banned\n|rule|Evasion Abilities Clause: Evasion abilities are banned\n|rule|Evasion Items Clause: Evasion items are banned\n|rule|Evasion Moves Clause: Evasion moves are banned\n|rule|Species Clause: Limit one of each Pok\u00e9mon\n|rule|Sleep Clause Mod: Limit one foe put to sleep\n|clearpoke\n|poke|p1|Drednaw, M|\n|poke|p1|Pelipper, F|\n|poke|p1|Heliolisk, M|\n|poke|p1|Serperior, F|\n|poke|p1|Scizor, M|\n|poke|p1|Garchomp, F|\n|poke|p2|Gliscor, F|\n|poke|p2|Incineroar, F|\n|poke|p2|Clefable, M|\n|poke|p2|Swampert, F|\n|poke|p2|Kartana|\n|poke|p2|Salamence, M|\n|teampreview\n|inactive|Battle timer is ON: inactive players will automatically lose when time's up. (requested by qwertoiuy)\n|\n|t:|1700547441\n|start\n|switch|p1a: Garchomp|Garchomp, F|100\/100\n|switch|p2a: Perterabo|Swampert, F|100\/100\n|turn|1\n|\n|t:|1700547450\n|move|p1a: Garchomp|Rain Dance|p1a: Garchomp\n|-weather|RainDance\n|move|p2a: Perterabo|Ice Punch|p1a: Garchomp\n|-supereffective|p1a: Garchomp\n|-damage|p1a: Garchomp|30\/100\n|-damage|p2a: Perterabo|88\/100|[from] ability: Rough Skin|[of] p1a: Garchomp\n|\n|-weather|RainDance|[upkeep]\n|-heal|p2a: Perterabo|94\/100|[from] item: Leftovers\n|upkeep\n|turn|2\n|\n|t:|1700547464\n|switch|p1a: Heliolisk|Heliolisk, M|100\/100\n|move|p2a: Perterabo|Ice Punch|p1a: Heliolisk\n|-damage|p1a: Heliolisk|59\/100\n|\n|-weather|RainDance|[upkeep]\n|-heal|p1a: Heliolisk|71\/100|[from] ability: Dry Skin\n|-heal|p2a: Perterabo|100\/100|[from] item: Leftovers\n|upkeep\n|turn|3\n|\n|t:|1700547473\n|move|p1a: Heliolisk|Grass Knot|p2a: Perterabo\n|-supereffective|p2a: Perterabo\n|-damage|p2a: Perterabo|0 fnt\n|faint|p2a: Perterabo\n|\n|-weather|RainDance|[upkeep]\n|-heal|p1a: Heliolisk|84\/100|[from] ability: Dry Skin\n|upkeep\n|\n|t:|1700547482\n|switch|p2a: Kartana|Kartana|100\/100\n|turn|4\n|\n|t:|1700547491\n|switch|p1a: Scizor|Scizor, M|100\/100\n|move|p2a: Kartana|Sacred Sword|p1a: Scizor\n|-damage|p1a: Scizor|62\/100\n|\n|-weather|RainDance|[upkeep]\n|upkeep\n|turn|5\n|\n|t:|1700547501\n|switch|p2a: Gliscor|Gliscor, F|100\/100\n|detailschange|p1a: Scizor|Scizor-Mega, M\n|-mega|p1a: Scizor|Scizor|Scizorite\n|move|p1a: Scizor|Dual Wingbeat|p2a: Gliscor\n|-damage|p2a: Gliscor|82\/100\n|-damage|p2a: Gliscor|65\/100\n|-hitcount|p2a: Gliscor|2\n|\n|-weather|RainDance|[upkeep]\n|-status|p2a: Gliscor|tox|[from] item: Toxic Orb\n|upkeep\n|turn|6\n|\n|t:|1700547517\n|switch|p1a: Serperior|Serperior, F|100\/100\n|move|p2a: Gliscor|Spikes|p1a: Serperior\n|-sidestart|p1: qwertoiuy|Spikes\n|\n|-weather|RainDance|[upkeep]\n|-heal|p2a: Gliscor|77\/100 tox|[from] ability: Poison Heal\n|upkeep\n|turn|7\n|\n|t:|1700547534\n|switch|p2a: Which Doctor?|Clefable, M, shiny|100\/100\n|move|p1a: Serperior|Leaf Storm|p2a: Which Doctor?\n|-damage|p2a: Which Doctor?|67\/100\n|-boost|p1a: Serperior|spa|2\n|\n|-weather|RainDance|[upkeep]\n|-heal|p2a: Which Doctor?|73\/100|[from] item: Leftovers\n|upkeep\n|turn|8\n|\n|t:|1700547543\n|move|p1a: Serperior|Substitute|p1a: Serperior\n|-start|p1a: Serperior|Substitute\n|-damage|p1a: Serperior|76\/100\n|move|p2a: Which Doctor?|Encore|p1a: Serperior\n|-start|p1a: Serperior|Encore\n|\n|-weather|none\n|-heal|p2a: Which Doctor?|79\/100|[from] item: Leftovers\n|upkeep\n|turn|9\n|\n|t:|1700547558\n|switch|p1a: Heliolisk|Heliolisk, M|84\/100\n|-damage|p1a: Heliolisk|71\/100|[from] Spikes\n|switch|p2a: Heel|Incineroar, F|100\/100\n|-ability|p2a: Heel|Intimidate|boost\n|-unboost|p1a: Heliolisk|atk|1\n|\n|upkeep\n|turn|10\n|\n|t:|1700547566\n|move|p2a: Heel|Fake Out|p1a: Heliolisk\n|-damage|p1a: Heliolisk|42\/100\n|cant|p1a: Heliolisk|flinch\n|\n|upkeep\n|turn|11\n|\n|t:|1700547577\n|switch|p2a: Gliscor|Gliscor, F|77\/100 tox\n|move|p1a: Heliolisk|Volt Switch|p2a: Gliscor\n|-immune|p2a: Gliscor\n|\n|-heal|p2a: Gliscor|90\/100 tox|[from] ability: Poison Heal\n|upkeep\n|turn|12\n|\n|t:|1700547588\n|switch|p1a: Scizor|Scizor-Mega, M|62\/100\n|-damage|p1a: Scizor|50\/100|[from] Spikes\n|switch|p2a: Kartana|Kartana|100\/100\n|\n|upkeep\n|turn|13\n|\n|t:|1700547599\n|move|p2a: Kartana|Sacred Sword|p1a: Scizor\n|-damage|p1a: Scizor|19\/100\n|move|p1a: Scizor|Dual Wingbeat|p2a: Kartana\n|-damage|p2a: Kartana|73\/100\n|-damage|p2a: Kartana|48\/100\n|-hitcount|p2a: Kartana|2\n|\n|upkeep\n|turn|14\n|\n|t:|1700547617\n|switch|p1a: Serperior|Serperior, F|76\/100\n|-damage|p1a: Serperior|63\/100|[from] Spikes\n|-terastallize|p2a: Kartana|Grass\n|move|p2a: Kartana|Leaf Blade|p1a: Serperior\n|-resisted|p1a: Serperior\n|-damage|p1a: Serperior|21\/100\n|-enditem|p1a: Serperior|Wiki Berry|[eat]\n|-heal|p1a: Serperior|55\/100|[from] item: Wiki Berry\n|\n|upkeep\n|turn|15\n|\n|t:|1700547629\n|move|p2a: Kartana|Smart Strike|p1a: Serperior\n|-damage|p1a: Serperior|5\/100\n|move|p1a: Serperior|Leaf Storm|p2a: Kartana\n|-resisted|p2a: Kartana\n|-damage|p2a: Kartana|0 fnt\n|-boost|p1a: Serperior|spa|2\n|faint|p2a: Kartana\n|\n|upkeep\n|\n|t:|1700547638\n|switch|p2a: Heel|Incineroar, F|100\/100\n|-ability|p2a: Heel|Intimidate|boost\n|-boost|p1a: Serperior|atk|1\n|turn|16\n|\n|t:|1700547646\n|move|p2a: Heel|Fake Out|p1a: Serperior\n|-damage|p1a: Serperior|0 fnt\n|faint|p1a: Serperior\n|\n|upkeep\n|\n|t:|1700547655\n|switch|p1a: Pelipper|Pelipper, F|100\/100\n|-weather|RainDance|[from] ability: Drizzle|[of] p1a: Pelipper\n|turn|17\n|\n|t:|1700547665\n|switch|p2a: Tough Crowd|Salamence, M|100\/100\n|-ability|p2a: Tough Crowd|Intimidate|boost\n|-unboost|p1a: Pelipper|atk|1\n|move|p1a: Pelipper|Surf|p2a: Tough Crowd\n|-resisted|p2a: Tough Crowd\n|-damage|p2a: Tough Crowd|79\/100\n|\n|-weather|RainDance|[upkeep]\n|upkeep\n|turn|18\n|\n|t:|1700547676\n|move|p2a: Tough Crowd|Dragon Claw|p1a: Pelipper\n|-damage|p1a: Pelipper|60\/100\n|move|p1a: Pelipper|Hurricane|p2a: Tough Crowd\n|-damage|p2a: Tough Crowd|40\/100\n|-start|p2a: Tough Crowd|confusion\n|\n|-weather|RainDance|[upkeep]\n|upkeep\n|turn|19\n|\n|t:|1700547685\n|-activate|p2a: Tough Crowd|confusion\n|move|p2a: Tough Crowd|Roost|p2a: Tough Crowd\n|-heal|p2a: Tough Crowd|90\/100\n|-singleturn|p2a: Tough Crowd|move: Roost\n|move|p1a: Pelipper|Tailwind|p1a: Pelipper\n|-sidestart|p1: qwertoiuy|move: Tailwind\n|\n|-weather|RainDance|[upkeep]\n|upkeep\n|turn|20\n|\n|t:|1700547699\n|switch|p1a: Heliolisk|Heliolisk, M|42\/100\n|-damage|p1a: Heliolisk|30\/100|[from] Spikes\n|switch|p2a: Gliscor|Gliscor, F|90\/100 tox\n|\n|-weather|RainDance|[upkeep]\n|-heal|p1a: Heliolisk|42\/100|[from] ability: Dry Skin\n|-heal|p2a: Gliscor|100\/100 tox|[from] ability: Poison Heal\n|upkeep\n|turn|21\n|\n|t:|1700547711\n|move|p1a: Heliolisk|Grass Knot|p2a: Gliscor\n|-damage|p2a: Gliscor|72\/100 tox\n|move|p2a: Gliscor|Earthquake|p1a: Heliolisk\n|-supereffective|p1a: Heliolisk\n|-damage|p1a: Heliolisk|0 fnt\n|faint|p1a: Heliolisk\n|\n|-weather|RainDance|[upkeep]\n|-heal|p2a: Gliscor|85\/100 tox|[from] ability: Poison Heal\n|upkeep\n|\n|t:|1700547725\n|switch|p1a: Pelipper|Pelipper, F|60\/100\n|turn|22\n|\n|t:|1700547743\n|move|p2a: Gliscor|Protect|p2a: Gliscor\n|-singleturn|p2a: Gliscor|Protect\n|move|p1a: Pelipper|Hurricane|p2a: Gliscor\n|-activate|p2a: Gliscor|move: Protect\n|\n|-weather|RainDance|[upkeep]\n|-heal|p2a: Gliscor|97\/100 tox|[from] ability: Poison Heal\n|-sideend|p1: qwertoiuy|move: Tailwind\n|upkeep\n|turn|23\n|\n|t:|1700547757\n|switch|p2a: Which Doctor?|Clefable, M, shiny|79\/100\n|move|p1a: Pelipper|Surf|p2a: Which Doctor?\n|-damage|p2a: Which Doctor?|52\/100\n|\n|-weather|RainDance|[upkeep]\n|-heal|p2a: Which Doctor?|58\/100|[from] item: Leftovers\n|upkeep\n|turn|24\n|\n|t:|1700547766\n|move|p1a: Pelipper|Hurricane|p2a: Which Doctor?\n|-damage|p2a: Which Doctor?|32\/100\n|move|p2a: Which Doctor?|Soft-Boiled|p2a: Which Doctor?\n|-heal|p2a: Which Doctor?|82\/100\n|\n|-weather|none\n|-heal|p2a: Which Doctor?|88\/100|[from] item: Leftovers\n|upkeep\n|turn|25\n|\n|t:|1700547776\n|switch|p2a: Heel|Incineroar, F|100\/100\n|-ability|p2a: Heel|Intimidate|boost\n|-unboost|p1a: Pelipper|atk|1\n|move|p1a: Pelipper|Rain Dance|p1a: Pelipper\n|-weather|RainDance\n|\n|-weather|RainDance|[upkeep]\n|upkeep\n|turn|26\n|\n|t:|1700547785\n|move|p2a: Heel|Fake Out|p1a: Pelipper\n|-damage|p1a: Pelipper|47\/100\n|cant|p1a: Pelipper|flinch\n|\n|-weather|RainDance|[upkeep]\n|upkeep\n|turn|27\n|\n|t:|1700547792\n|switch|p2a: Which Doctor?|Clefable, M, shiny|88\/100\n|move|p1a: Pelipper|Surf|p2a: Which Doctor?\n|-damage|p2a: Which Doctor?|59\/100\n|\n|-weather|RainDance|[upkeep]\n|-heal|p2a: Which Doctor?|65\/100|[from] item: Leftovers\n|upkeep\n|turn|28\n|\n|t:|1700547801\n|move|p1a: Pelipper|Tailwind|p1a: Pelipper\n|-sidestart|p1: qwertoiuy|move: Tailwind\n|move|p2a: Which Doctor?|Soft-Boiled|p2a: Which Doctor?\n|-heal|p2a: Which Doctor?|100\/100\n|\n|-weather|RainDance|[upkeep]\n|upkeep\n|turn|29\n|\n|t:|1700547811\n|switch|p2a: Tough Crowd|Salamence, M|90\/100\n|-ability|p2a: Tough Crowd|Intimidate|boost\n|-unboost|p1a: Pelipper|atk|1\n|move|p1a: Pelipper|Hurricane|p2a: Tough Crowd\n|-damage|p2a: Tough Crowd|55\/100\n|-start|p2a: Tough Crowd|confusion\n|\n|-weather|RainDance|[upkeep]\n|upkeep\n|turn|30\n|\n|t:|1700547823\n|switch|p2a: Which Doctor?|Clefable, M, shiny|100\/100\n|move|p1a: Pelipper|Hurricane|p2a: Which Doctor?\n|-damage|p2a: Which Doctor?|74\/100\n|-start|p2a: Which Doctor?|confusion\n|\n|-weather|RainDance|[upkeep]\n|-heal|p2a: Which Doctor?|80\/100|[from] item: Leftovers\n|upkeep\n|turn|31\n|\n|t:|1700547837\n|move|p1a: Pelipper|Surf|p2a: Which Doctor?\n|-damage|p2a: Which Doctor?|52\/100\n|-activate|p2a: Which Doctor?|confusion\n|move|p2a: Which Doctor?|Encore|p1a: Pelipper\n|-start|p1a: Pelipper|Encore\n|\n|-weather|RainDance|[upkeep]\n|-heal|p2a: Which Doctor?|58\/100|[from] item: Leftovers\n|-sideend|p1: qwertoiuy|move: Tailwind\n|upkeep\n|turn|32\n|\n|t:|1700547847\n|move|p1a: Pelipper|Surf|p2a: Which Doctor?\n|-damage|p2a: Which Doctor?|28\/100\n|-activate|p2a: Which Doctor?|confusion\n|move|p2a: Which Doctor?|Soft-Boiled|p2a: Which Doctor?\n|-heal|p2a: Which Doctor?|78\/100\n|\n|-weather|none\n|-heal|p2a: Which Doctor?|84\/100|[from] item: Leftovers\n|upkeep\n|turn|33\n|\n|t:|1700547859\n|move|p1a: Pelipper|Surf|p2a: Which Doctor?\n|-damage|p2a: Which Doctor?|64\/100\n|-end|p2a: Which Doctor?|confusion\n|move|p2a: Which Doctor?|Wish|p2a: Which Doctor?\n|\n|-heal|p2a: Which Doctor?|70\/100|[from] item: Leftovers\n|upkeep\n|turn|34\n|\n|t:|1700547867\n|move|p1a: Pelipper|Surf|p2a: Which Doctor?\n|-damage|p2a: Which Doctor?|51\/100\n|move|p2a: Which Doctor?|Encore||[still]\n|-fail|p2a: Which Doctor?\n|\n|-heal|p2a: Which Doctor?|100\/100|[from] move: Wish|[wisher] Which Doctor?\n|-end|p1a: Pelipper|Encore\n|upkeep\n|turn|35\n|\n|t:|1700547882\n|switch|p1a: Garchomp|Garchomp, F|30\/100\n|-damage|p1a: Garchomp|18\/100|[from] Spikes\n|switch|p2a: Heel|Incineroar, F|100\/100\n|-ability|p2a: Heel|Intimidate|boost\n|-unboost|p1a: Garchomp|atk|1\n|\n|upkeep\n|turn|36\n|\n|t:|1700547890\n|-terastallize|p1a: Garchomp|Water\n|move|p2a: Heel|Fake Out|p1a: Garchomp\n|-damage|p1a: Garchomp|7\/100\n|-damage|p2a: Heel|88\/100|[from] ability: Rough Skin|[of] p1a: Garchomp\n|cant|p1a: Garchomp|flinch\n|\n|-heal|p2a: Heel|94\/100|[from] item: Leftovers\n|upkeep\n|turn|37\n|\n|t:|1700547903\n|switch|p2a: Tough Crowd|Salamence, M|55\/100\n|-ability|p2a: Tough Crowd|Intimidate|boost\n|-unboost|p1a: Garchomp|atk|1\n|move|p1a: Garchomp|Rain Dance|p1a: Garchomp\n|-weather|RainDance\n|\n|-weather|RainDance|[upkeep]\n|upkeep\n|turn|38\n|\n|t:|1700547921\n|switch|p1a: Drednaw|Drednaw, M|100\/100\n|-damage|p1a: Drednaw|88\/100|[from] Spikes\n|switch|p2a: Which Doctor?|Clefable, M, shiny|100\/100\n|\n|-weather|RainDance|[upkeep]\n|-heal|p1a: Drednaw|94\/100|[from] item: Leftovers\n|upkeep\n|turn|39\n|\n|t:|1700547936\n|move|p1a: Drednaw|Stealth Rock|p2a: Which Doctor?\n|-sidestart|p2: Speenta|move: Stealth Rock\n|move|p2a: Which Doctor?|Encore|p1a: Drednaw\n|-start|p1a: Drednaw|Encore\n|\n|-weather|RainDance|[upkeep]\n|-heal|p1a: Drednaw|100\/100|[from] item: Leftovers\n|upkeep\n|turn|40\n|\n|t:|1700547948\n|switch|p1a: Scizor|Scizor-Mega, M|19\/100\n|-damage|p1a: Scizor|6\/100|[from] Spikes\n|switch|p2a: Tough Crowd|Salamence, M|55\/100\n|-damage|p2a: Tough Crowd|30\/100|[from] Stealth Rock\n|-ability|p2a: Tough Crowd|Intimidate|boost\n|-unboost|p1a: Scizor|atk|1\n|\n|-weather|RainDance|[upkeep]\n|upkeep\n|turn|41\n|\n|t:|1700547958\n|move|p1a: Scizor|Bullet Punch|p2a: Tough Crowd\n|-damage|p2a: Tough Crowd|12\/100\n|-damage|p1a: Scizor|0 fnt|[from] item: Rocky Helmet|[of] p2a: Tough Crowd\n|faint|p1a: Scizor\n|move|p2a: Tough Crowd|Roost|p2a: Tough Crowd\n|-heal|p2a: Tough Crowd|62\/100\n|-singleturn|p2a: Tough Crowd|move: Roost\n|\n|-weather|RainDance|[upkeep]\n|upkeep\n|\n|t:|1700547968\n|switch|p1a: Drednaw|Drednaw, M|100\/100\n|-damage|p1a: Drednaw|88\/100|[from] Spikes\n|turn|42\n|\n|t:|1700547975\n|move|p1a: Drednaw|Ice Spinner|p2a: Tough Crowd\n|-supereffective|p2a: Tough Crowd\n|-damage|p2a: Tough Crowd|0 fnt\n|-damage|p1a: Drednaw|72\/100|[from] item: Rocky Helmet|[of] p2a: Tough Crowd\n|faint|p2a: Tough Crowd\n|\n|-weather|RainDance|[upkeep]\n|-heal|p1a: Drednaw|78\/100|[from] item: Leftovers\n|upkeep\n|\n|t:|1700547985\n|switch|p2a: Which Doctor?|Clefable, M, shiny|100\/100\n|turn|43\n|\n|t:|1700547992\n|move|p1a: Drednaw|Earthquake|p2a: Which Doctor?\n|-damage|p2a: Which Doctor?|59\/100\n|move|p2a: Which Doctor?|Encore|p1a: Drednaw\n|-start|p1a: Drednaw|Encore\n|\n|-weather|RainDance|[upkeep]\n|-heal|p1a: Drednaw|84\/100|[from] item: Leftovers\n|-heal|p2a: Which Doctor?|65\/100|[from] item: Leftovers\n|upkeep\n|turn|44\n|\n|t:|1700548002\n|switch|p1a: Pelipper|Pelipper, F|47\/100\n|switch|p2a: Gliscor|Gliscor, F|97\/100 tox\n|-damage|p2a: Gliscor|85\/100 tox|[from] Stealth Rock\n|\n|-weather|none\n|-heal|p2a: Gliscor|97\/100 tox|[from] ability: Poison Heal\n|upkeep\n|turn|45\n|\n|t:|1700548017\n|move|p2a: Gliscor|Steel Wing|p1a: Pelipper\n|-resisted|p1a: Pelipper\n|-damage|p1a: Pelipper|39\/100\n|move|p1a: Pelipper|Surf|p2a: Gliscor\n|-supereffective|p2a: Gliscor\n|-damage|p2a: Gliscor|34\/100 tox\n|\n|-heal|p2a: Gliscor|46\/100 tox|[from] ability: Poison Heal\n|upkeep\n|turn|46\n|\n|t:|1700548031\n|switch|p2a: Heel|Incineroar, F|94\/100\n|-damage|p2a: Heel|69\/100|[from] Stealth Rock\n|-ability|p2a: Heel|Intimidate|boost\n|-unboost|p1a: Pelipper|atk|1\n|move|p1a: Pelipper|Rain Dance|p1a: Pelipper\n|-weather|RainDance\n|\n|-weather|RainDance|[upkeep]\n|-heal|p2a: Heel|75\/100|[from] item: Leftovers\n|upkeep\n|turn|47\n|\n|t:|1700548040\n|move|p2a: Heel|Fake Out|p1a: Pelipper\n|-damage|p1a: Pelipper|25\/100\n|cant|p1a: Pelipper|flinch\n|\n|-weather|RainDance|[upkeep]\n|-heal|p2a: Heel|81\/100|[from] item: Leftovers\n|upkeep\n|turn|48\n|\n|t:|1700548049\n|switch|p2a: Which Doctor?|Clefable, M, shiny|65\/100\n|move|p1a: Pelipper|Tailwind|p1a: Pelipper\n|-sidestart|p1: qwertoiuy|move: Tailwind\n|\n|-weather|RainDance|[upkeep]\n|-heal|p2a: Which Doctor?|71\/100|[from] item: Leftovers\n|upkeep\n|turn|49\n|\n|t:|1700548059\n|move|p1a: Pelipper|Hurricane|p2a: Which Doctor?\n|-damage|p2a: Which Doctor?|47\/100\n|move|p2a: Which Doctor?|Encore|p1a: Pelipper\n|-start|p1a: Pelipper|Encore\n|\n|-weather|RainDance|[upkeep]\n|-heal|p2a: Which Doctor?|53\/100|[from] item: Leftovers\n|upkeep\n|turn|50\n|\n|t:|1700548067\n|move|p1a: Pelipper|Hurricane|p2a: Which Doctor?\n|-damage|p2a: Which Doctor?|28\/100\n|-start|p2a: Which Doctor?|confusion\n|-activate|p2a: Which Doctor?|confusion\n|move|p2a: Which Doctor?|Soft-Boiled|p2a: Which Doctor?\n|-heal|p2a: Which Doctor?|78\/100\n|\n|-weather|RainDance|[upkeep]\n|-heal|p2a: Which Doctor?|84\/100|[from] item: Leftovers\n|upkeep\n|turn|51\n|\n|t:|1700548077\n|move|p1a: Pelipper|Hurricane|p2a: Which Doctor?\n|-damage|p2a: Which Doctor?|59\/100\n|-activate|p2a: Which Doctor?|confusion\n|-damage|p2a: Which Doctor?|53\/100|[from] confusion\n|\n|-weather|RainDance|[upkeep]\n|-heal|p2a: Which Doctor?|59\/100|[from] item: Leftovers\n|-sideend|p1: qwertoiuy|move: Tailwind\n|upkeep\n|turn|52\n|\n|t:|1700548086\n|move|p1a: Pelipper|Hurricane|p2a: Which Doctor?\n|-damage|p2a: Which Doctor?|34\/100\n|-activate|p2a: Which Doctor?|confusion\n|move|p2a: Which Doctor?|Soft-Boiled|p2a: Which Doctor?\n|-heal|p2a: Which Doctor?|84\/100\n|\n|-weather|RainDance|[upkeep]\n|-heal|p2a: Which Doctor?|90\/100|[from] item: Leftovers\n|-end|p1a: Pelipper|Encore\n|upkeep\n|turn|53\n|\n|t:|1700548098\n|switch|p1a: Drednaw|Drednaw, M|84\/100\n|-damage|p1a: Drednaw|72\/100|[from] Spikes\n|-end|p2a: Which Doctor?|confusion\n|move|p2a: Which Doctor?|Encore||[still]\n|-fail|p2a: Which Doctor?\n|\n|-weather|none\n|-heal|p1a: Drednaw|78\/100|[from] item: Leftovers\n|-heal|p2a: Which Doctor?|96\/100|[from] item: Leftovers\n|upkeep\n|turn|54\n|\n|t:|1700548109\n|move|p1a: Drednaw|Earthquake|p2a: Which Doctor?\n|-damage|p2a: Which Doctor?|58\/100\n|move|p2a: Which Doctor?|Wish|p2a: Which Doctor?\n|\n|-heal|p1a: Drednaw|84\/100|[from] item: Leftovers\n|-heal|p2a: Which Doctor?|64\/100|[from] item: Leftovers\n|upkeep\n|turn|55\n|\n|t:|1700548121\n|switch|p2a: Heel|Incineroar, F|81\/100\n|-damage|p2a: Heel|57\/100|[from] Stealth Rock\n|-ability|p2a: Heel|Intimidate|boost\n|-unboost|p1a: Drednaw|atk|1\n|move|p1a: Drednaw|Earthquake|p2a: Heel\n|-supereffective|p2a: Heel\n|-damage|p2a: Heel|15\/100\n|\n|-heal|p2a: Heel|65\/100|[from] move: Wish|[wisher] Which Doctor?\n|-heal|p1a: Drednaw|90\/100|[from] item: Leftovers\n|-heal|p2a: Heel|71\/100|[from] item: Leftovers\n|upkeep\n|turn|56\n|\n|t:|1700548139\n|move|p2a: Heel|Fake Out|p1a: Drednaw\n|-resisted|p1a: Drednaw\n|-damage|p1a: Drednaw|83\/100\n|cant|p1a: Drednaw|flinch\n|\n|-heal|p1a: Drednaw|90\/100|[from] item: Leftovers\n|-heal|p2a: Heel|77\/100|[from] item: Leftovers\n|upkeep\n|turn|57\n|\n|t:|1700548150\n|move|p1a: Drednaw|Liquidation|p2a: Heel\n|-supereffective|p2a: Heel\n|-damage|p2a: Heel|20\/100\n|move|p2a: Heel|Knock Off|p1a: Drednaw\n|-damage|p1a: Drednaw|35\/100\n|-enditem|p1a: Drednaw|Leftovers|[from] move: Knock Off|[of] p2a: Heel\n|\n|-heal|p2a: Heel|26\/100|[from] item: Leftovers\n|upkeep\n|turn|58\n|\n|t:|1700548167\n|switch|p2a: Which Doctor?|Clefable, M, shiny|64\/100\n|move|p1a: Drednaw|Liquidation|p2a: Which Doctor?\n|-damage|p2a: Which Doctor?|32\/100\n|\n|-heal|p2a: Which Doctor?|38\/100|[from] item: Leftovers\n|upkeep\n|turn|59\n|\n|t:|1700548177\n|switch|p1a: Pelipper|Pelipper, F|25\/100\n|-weather|RainDance|[from] ability: Drizzle|[of] p1a: Pelipper\n|move|p2a: Which Doctor?|Soft-Boiled|p2a: Which Doctor?\n|-heal|p2a: Which Doctor?|88\/100\n|\n|-weather|RainDance|[upkeep]\n|-heal|p2a: Which Doctor?|94\/100|[from] item: Leftovers\n|upkeep\n|turn|60\n|\n|t:|1700548187\n|move|p1a: Pelipper|Hurricane|p2a: Which Doctor?\n|-damage|p2a: Which Doctor?|70\/100\n|move|p2a: Which Doctor?|Wish|p2a: Which Doctor?\n|\n|-weather|RainDance|[upkeep]\n|-heal|p2a: Which Doctor?|76\/100|[from] item: Leftovers\n|upkeep\n|turn|61\n|\n|t:|1700548194\n|switch|p1a: Garchomp|Garchomp, F, tera:Water|7\/100\n|-damage|p1a: Garchomp|0 fnt|[from] Spikes\n|faint|p1a: Garchomp\n|move|p2a: Which Doctor?|Encore|p1: Garchomp|[notarget]\n|-fail|p2a: Which Doctor?\n|\n|-weather|RainDance|[upkeep]\n|-heal|p2a: Which Doctor?|100\/100|[from] move: Wish|[wisher] Which Doctor?\n|upkeep\n|\n|t:|1700548204\n|switch|p1a: Pelipper|Pelipper, F|25\/100\n|turn|62\n|\n|t:|1700548209\n|move|p1a: Pelipper|Hurricane|p2a: Which Doctor?\n|-damage|p2a: Which Doctor?|76\/100\n|move|p2a: Which Doctor?|Wish|p2a: Which Doctor?\n|\n|-weather|RainDance|[upkeep]\n|-heal|p2a: Which Doctor?|82\/100|[from] item: Leftovers\n|upkeep\n|turn|63\n|\n|t:|1700548217\n|switch|p2a: Gliscor|Gliscor, F|46\/100 tox\n|-damage|p2a: Gliscor|34\/100 tox|[from] Stealth Rock\n|move|p1a: Pelipper|Hurricane|p2a: Gliscor\n|-damage|p2a: Gliscor|0 fnt\n|faint|p2a: Gliscor\n|\n|-weather|RainDance|[upkeep]\n|upkeep\n|\n|t:|1700548227\n|switch|p2a: Which Doctor?|Clefable, M, shiny|82\/100\n|turn|64\n|\n|t:|1700548232\n|move|p1a: Pelipper|Hurricane|p2a: Which Doctor?\n|-damage|p2a: Which Doctor?|57\/100\n|-start|p2a: Which Doctor?|confusion\n|-activate|p2a: Which Doctor?|confusion\n|move|p2a: Which Doctor?|Wish|p2a: Which Doctor?\n|\n|-weather|RainDance|[upkeep]\n|-heal|p2a: Which Doctor?|63\/100|[from] item: Leftovers\n|upkeep\n|turn|65\n|\n|t:|1700548247\n|move|p1a: Pelipper|Tailwind|p1a: Pelipper\n|-sidestart|p1: qwertoiuy|move: Tailwind\n|-end|p2a: Which Doctor?|confusion\n|move|p2a: Which Doctor?|Soft-Boiled|p2a: Which Doctor?\n|-heal|p2a: Which Doctor?|100\/100\n|\n|-weather|RainDance|[upkeep]\n|upkeep\n|turn|66\n|\n|t:|1700548254\n|move|p1a: Pelipper|Hurricane|p2a: Which Doctor?\n|-damage|p2a: Which Doctor?|75\/100\n|move|p2a: Which Doctor?|Wish|p2a: Which Doctor?\n|\n|-weather|none\n|-heal|p2a: Which Doctor?|81\/100|[from] item: Leftovers\n|upkeep\n|turn|67\n|\n|t:|1700548263\n|switch|p2a: Heel|Incineroar, F|26\/100\n|-damage|p2a: Heel|2\/100|[from] Stealth Rock\n|-ability|p2a: Heel|Intimidate|boost\n|-unboost|p1a: Pelipper|atk|1\n|move|p1a: Pelipper|Hurricane|p2a: Heel\n|-damage|p2a: Heel|0 fnt\n|faint|p2a: Heel\n|\n|upkeep\n|c|\u2606qwertoiuy|gg\n|c|\u2606Speenta|Gg\n|-message|Speenta forfeited.\n|\n|win|qwertoiuy\n|raw|qwertoiuy's rating: 1105 &rarr; <strong>1130<\/strong><br \/>(+25 for winning)\n|raw|Speenta's rating: 1105 &rarr; <strong>1080<\/strong><br \/>(-25 for losing)\n|l|\u2606Speenta\n","uploadtime":1700548291,"views":1,"p1id":"qwertoiuy","p2id":"speenta","formatid":"gen9nationaldex","rating":1080,"private":0,"password":""}