{"id":"gen9nationaldex-1992059342","p1":"Ace_58","p2":"Applejuicebruh","format":"[Gen 9] National Dex","log":"|j|\u2606Ace_58\n|j|\u203dApplejuicebruh\n|t:|1700151667\n|gametype|singles\n|player|p1|Ace_58|acetrainer-gen4dp|1204\n|player|p2|Applejuicebruh|crasherwake|1198\n|teamsize|p1|6\n|teamsize|p2|6\n|gen|9\n|tier|[Gen 9] National Dex\n|rated|\n|rule|HP Percentage Mod: HP is shown in percentages\n|rule|Endless Battle Clause: Forcing endless battles is banned\n|rule|OHKO Clause: OHKO moves are banned\n|rule|Evasion Clause: Evasion abilities, items, and moves are banned\n|rule|Evasion Abilities Clause: Evasion abilities are banned\n|rule|Evasion Items Clause: Evasion items are banned\n|rule|Evasion Moves Clause: Evasion moves are banned\n|rule|Species Clause: Limit one of each Pok\u00e9mon\n|rule|Sleep Clause Mod: Limit one foe put to sleep\n|clearpoke\n|poke|p1|Raichu, M|\n|poke|p1|Sceptile, M|\n|poke|p1|Krookodile, M|\n|poke|p1|Noivern, M|\n|poke|p1|Samurott-Hisui, M|\n|poke|p1|Armarouge, M|\n|poke|p2|Beedrill, M|\n|poke|p2|Victini|\n|poke|p2|Togekiss, M|\n|poke|p2|Hawlucha, M|\n|poke|p2|Feraligatr, M|\n|poke|p2|Blastoise, M|\n|teampreview\n|\n|t:|1700151678\n|start\n|switch|p1a: Krookodile|Krookodile, M|100\/100\n|switch|p2a: Hawlucha|Hawlucha, M, shiny|100\/100\n|-ability|p1a: Krookodile|Intimidate|boost\n|-unboost|p2a: Hawlucha|atk|1\n|turn|1\n|\n|t:|1700151684\n|move|p2a: Hawlucha|Swagger|p1a: Krookodile\n|-boost|p1a: Krookodile|atk|2\n|-enditem|p2a: Hawlucha|Mirror Herb\n|-boost|p2a: Hawlucha|atk|2|[from] item: Mirror Herb\n|-start|p1a: Krookodile|confusion\n|-activate|p1a: Krookodile|confusion\n|move|p1a: Krookodile|Stealth Rock|p2a: Hawlucha\n|-sidestart|p2: Applejuicebruh|move: Stealth Rock\n|\n|upkeep\n|turn|2\n|\n|t:|1700151694\n|switch|p1a: Armarouge|Armarouge, M|100\/100\n|move|p2a: Hawlucha|Drain Punch|p1a: Armarouge\n|-resisted|p1a: Armarouge\n|-damage|p1a: Armarouge|71\/100\n|-ability|p1a: Armarouge|Weak Armor|boost\n|-unboost|p1a: Armarouge|def|1\n|-boost|p1a: Armarouge|spe|2\n|\n|upkeep\n|turn|3\n|\n|t:|1700151703\n|move|p2a: Hawlucha|Acrobatics|p1a: Armarouge\n|-damage|p1a: Armarouge|0 fnt\n|faint|p1a: Armarouge\n|\n|upkeep\n|\n|t:|1700151707\n|switch|p1a: Krookodile|Krookodile, M|100\/100\n|-ability|p1a: Krookodile|Intimidate|boost\n|-unboost|p2a: Hawlucha|atk|1\n|turn|4\n|\n|t:|1700151712\n|switch|p1a: Noivern|Noivern, M|100\/100\n|move|p2a: Hawlucha|Drain Punch|p1a: Noivern\n|-resisted|p1a: Noivern\n|-damage|p1a: Noivern|80\/100\n|\n|upkeep\n|turn|5\n|\n|t:|1700151721\n|switch|p1a: Krookodile|Krookodile, M|100\/100\n|-ability|p1a: Krookodile|Intimidate|boost\n|-unboost|p2a: Hawlucha|atk|1\n|move|p2a: Hawlucha|Poison Jab|p1a: Krookodile\n|-resisted|p1a: Krookodile\n|-damage|p1a: Krookodile|91\/100\n|-status|p1a: Krookodile|psn\n|\n|-heal|p1a: Krookodile|97\/100 psn|[from] item: Leftovers\n|-damage|p1a: Krookodile|84\/100 psn|[from] psn\n|upkeep\n|turn|6\n|\n|t:|1700151732\n|move|p2a: Hawlucha|Acrobatics|p1a: Krookodile\n|-damage|p1a: Krookodile|42\/100 psn\n|move|p1a: Krookodile|Fire Fang|p2a: Hawlucha|[miss]\n|-miss|p1a: Krookodile|p2a: Hawlucha\n|\n|-heal|p1a: Krookodile|48\/100 psn|[from] item: Leftovers\n|-damage|p1a: Krookodile|36\/100 psn|[from] psn\n|upkeep\n|turn|7\n|\n|t:|1700151740\n|move|p2a: Hawlucha|Acrobatics|p1a: Krookodile\n|-damage|p1a: Krookodile|0 fnt\n|faint|p1a: Krookodile\n|\n|upkeep\n|\n|t:|1700151745\n|switch|p1a: Noivern|Noivern, M|80\/100\n|turn|8\n|\n|t:|1700151749\n|move|p2a: Hawlucha|Acrobatics|p1a: Noivern\n|-damage|p1a: Noivern|36\/100\n|move|p1a: Noivern|Boomburst|p2a: Hawlucha\n|-damage|p2a: Hawlucha|7\/100\n|\n|upkeep\n|turn|9\n|\n|t:|1700151757\n|move|p2a: Hawlucha|Acrobatics|p1a: Noivern\n|-damage|p1a: Noivern|0 fnt\n|faint|p1a: Noivern\n|\n|upkeep\n|\n|t:|1700151761\n|switch|p1a: Samurott|Samurott-Hisui, M|100\/100\n|turn|10\n|\n|t:|1700151764\n|move|p1a: Samurott|Sucker Punch|p2a: Hawlucha\n|-resisted|p2a: Hawlucha\n|-damage|p2a: Hawlucha|0 fnt\n|faint|p2a: Hawlucha\n|\n|upkeep\n|\n|t:|1700151767\n|switch|p2a: Victini|Victini|100\/100\n|-damage|p2a: Victini|76\/100|[from] Stealth Rock\n|turn|11\n|\n|t:|1700151773\n|switch|p1a: Sceptile|Sceptile, M|100\/100\n|-zpower|p2a: Victini\n|move|p2a: Victini|Z-Celebrate|p2a: Victini|[anim]Celebrate\n|-boost|p2a: Victini|atk|1|[zeffect]\n|-boost|p2a: Victini|def|1|[zeffect]\n|-boost|p2a: Victini|spa|1|[zeffect]\n|-boost|p2a: Victini|spd|1|[zeffect]\n|-boost|p2a: Victini|spe|1|[zeffect]\n|-activate|p2a: Victini|move: Celebrate\n|\n|upkeep\n|turn|12\n|\n|t:|1700151781\n|move|p2a: Victini|Flamethrower|p1a: Sceptile\n|-supereffective|p1a: Sceptile\n|-damage|p1a: Sceptile|0 fnt\n|faint|p1a: Sceptile\n|\n|upkeep\n|\n|t:|1700151785\n|switch|p1a: Samurott|Samurott-Hisui, M|100\/100\n|turn|13\n|\n|t:|1700151788\n|move|p1a: Samurott|Sucker Punch|p2a: Victini\n|-supereffective|p2a: Victini\n|-damage|p2a: Victini|25\/100\n|move|p2a: Victini|Dazzling Gleam|p1a: Samurott\n|-supereffective|p1a: Samurott\n|-damage|p1a: Samurott|0 fnt\n|faint|p1a: Samurott\n|\n|upkeep\n|\n|t:|1700151794\n|switch|p1a: Raichu|Raichu, M|100\/100\n|turn|14\n|\n|t:|1700151797\n|move|p2a: Victini|Stored Power|p1a: Raichu\n|-damage|p1a: Raichu|0 fnt\n|faint|p1a: Raichu\n|\n|win|Applejuicebruh\n|raw|Ace_58's rating: 1204 &rarr; <strong>1179<\/strong><br \/>(-25 for losing)\n|raw|Applejuicebruh's rating: 1198 &rarr; <strong>1223<\/strong><br \/>(+25 for winning)\n|c|\u2606Ace_58|gg\n|l|\u2606Ace_58\n","uploadtime":1700151814,"views":4,"p1id":"ace58","p2id":"applejuicebruh","formatid":"gen9nationaldex","rating":1179,"private":0,"password":""}