{"id":"gen9nationaldex-1988170515","p1":"cb der","p2":"abaabaabaaba","format":"[Gen 9] National Dex","log":"|j|\u2606cb der\n|j|\u2606abaabaabaaba\n|t:|1699678977\n|gametype|singles\n|player|p1|cb der|iono|1165\n|player|p2|abaabaabaaba|102|1172\n|teamsize|p1|6\n|teamsize|p2|6\n|gen|9\n|tier|[Gen 9] National Dex\n|rated|\n|rule|HP Percentage Mod: HP is shown in percentages\n|rule|Endless Battle Clause: Forcing endless battles is banned\n|rule|OHKO Clause: OHKO moves are banned\n|rule|Evasion Clause: Evasion abilities, items, and moves are banned\n|rule|Evasion Abilities Clause: Evasion abilities are banned\n|rule|Evasion Items Clause: Evasion items are banned\n|rule|Evasion Moves Clause: Evasion moves are banned\n|rule|Species Clause: Limit one of each Pok\u00e9mon\n|rule|Sleep Clause Mod: Limit one foe put to sleep\n|clearpoke\n|poke|p1|Throh, M|\n|poke|p1|Lanturn, M|\n|poke|p1|Ting-Lu|\n|poke|p1|Greninja-*, M|\n|poke|p1|Dondozo, M|\n|poke|p1|Delcatty, M|\n|poke|p2|Ninetales-Alola, M|\n|poke|p2|Glalie, F|\n|poke|p2|Weavile, F|\n|poke|p2|Frosmoth, M|\n|poke|p2|Aurorus, F|\n|poke|p2|Arctovish|\n|teampreview\n|\n|t:|1699678996\n|start\n|switch|p1a: Throh|Throh, M|100\/100\n|switch|p2a: Ninetales|Ninetales-Alola, M|100\/100\n|-weather|Snow|[from] ability: Snow Warning|[of] p2a: Ninetales\n|turn|1\n|\n|t:|1699679017\n|-singleturn|p1a: Throh|move: Focus Punch\n|move|p2a: Ninetales|Aurora Veil|p2a: Ninetales\n|-sidestart|p2: abaabaabaaba|move: Aurora Veil\n|move|p1a: Throh|Focus Punch|p2a: Ninetales\n|-damage|p2a: Ninetales|65\/100\n|\n|-weather|Snow|[upkeep]\n|-status|p1a: Throh|brn|[from] item: Flame Orb\n|upkeep\n|turn|2\n|\n|t:|1699679036\n|move|p2a: Ninetales|Freeze-Dry|p1a: Throh\n|-damage|p1a: Throh|77\/100 brn\n|move|p1a: Throh|Stone Edge|p2a: Ninetales\n|-supereffective|p2a: Ninetales\n|-damage|p2a: Ninetales|15\/100\n|\n|-weather|Snow|[upkeep]\n|-damage|p1a: Throh|71\/100 brn|[from] brn\n|upkeep\n|turn|3\n|\n|t:|1699679043\n|switch|p2a: Frosmoth|Frosmoth, M|100\/100\n|move|p1a: Throh|Stone Edge|p2a: Frosmoth|[miss]\n|-miss|p1a: Throh|p2a: Frosmoth\n|\n|-weather|Snow|[upkeep]\n|-damage|p1a: Throh|65\/100 brn|[from] brn\n|upkeep\n|turn|4\n|\n|t:|1699679049\n|move|p2a: Frosmoth|Quiver Dance|p2a: Frosmoth\n|-boost|p2a: Frosmoth|spa|1\n|-boost|p2a: Frosmoth|spd|1\n|-boost|p2a: Frosmoth|spe|1\n|move|p1a: Throh|Stone Edge|p2a: Frosmoth\n|-supereffective|p2a: Frosmoth\n|-damage|p2a: Frosmoth|0 fnt\n|faint|p2a: Frosmoth\n|\n|-weather|Snow|[upkeep]\n|-damage|p1a: Throh|59\/100 brn|[from] brn\n|upkeep\n|\n|t:|1699679068\n|switch|p2a: Glalie|Glalie, F|100\/100\n|turn|5\n|\n|t:|1699679077\n|detailschange|p2a: Glalie|Glalie-Mega, F\n|-mega|p2a: Glalie|Glalie|Glalitite\n|move|p2a: Glalie|Return|p1a: Throh\n|-damage|p1a: Throh|8\/100 brn\n|move|p1a: Throh|Substitute|p1a: Throh\n|-fail|p1a: Throh|move: Substitute|[weak]\n|\n|-weather|none\n|-damage|p1a: Throh|2\/100 brn|[from] brn\n|upkeep\n|turn|6\n|\n|t:|1699679086\n|move|p2a: Glalie|Return|p1a: Throh\n|-damage|p1a: Throh|0 fnt\n|faint|p1a: Throh\n|\n|upkeep\n|\n|t:|1699679102\n|switch|p1a: Lanturn|Lanturn, M|100\/100\n|turn|7\n|\n|t:|1699679106\n|move|p1a: Lanturn|Protect|p1a: Lanturn\n|-singleturn|p1a: Lanturn|Protect\n|move|p2a: Glalie|Earthquake|p1a: Lanturn\n|-activate|p1a: Lanturn|move: Protect\n|\n|upkeep\n|turn|8\n|\n|t:|1699679125\n|switch|p1a: Ting-Lu|Ting-Lu|100\/100\n|-ability|p1a: Ting-Lu|Vessel of Ruin\n|move|p2a: Glalie|Earthquake|p1a: Ting-Lu\n|-damage|p1a: Ting-Lu|82\/100\n|\n|-heal|p1a: Ting-Lu|88\/100|[from] item: Leftovers\n|-sideend|p2: abaabaabaaba|move: Aurora Veil\n|upkeep\n|turn|9\n|\n|t:|1699679130\n|move|p2a: Glalie|Return|p1a: Ting-Lu\n|-supereffective|p1a: Ting-Lu\n|-damage|p1a: Ting-Lu|22\/100\n|move|p1a: Ting-Lu|Spikes|p2a: Glalie\n|-sidestart|p2: abaabaabaaba|Spikes\n|\n|-heal|p1a: Ting-Lu|28\/100|[from] item: Leftovers\n|upkeep\n|turn|10\n|\n|t:|1699679138\n|switch|p1a: Lanturn|Lanturn, M|100\/100\n|move|p2a: Glalie|Return|p1a: Lanturn\n|-resisted|p1a: Lanturn\n|-damage|p1a: Lanturn|78\/100\n|\n|-heal|p1a: Lanturn|84\/100|[from] item: Leftovers\n|upkeep\n|turn|11\n|\n|t:|1699679146\n|move|p2a: Glalie|Spikes|p1a: Lanturn\n|-sidestart|p1: cb der|Spikes\n|move|p1a: Lanturn|Scald|p2a: Glalie\n|-damage|p2a: Glalie|69\/100\n|\n|-heal|p1a: Lanturn|90\/100|[from] item: Leftovers\n|upkeep\n|turn|12\n|\n|t:|1699679154\n|move|p2a: Glalie|Earthquake|p1a: Lanturn\n|-supereffective|p1a: Lanturn\n|-damage|p1a: Lanturn|43\/100\n|move|p1a: Lanturn|Scald|p2a: Glalie\n|-crit|p2a: Glalie\n|-damage|p2a: Glalie|25\/100\n|\n|-heal|p1a: Lanturn|49\/100|[from] item: Leftovers\n|upkeep\n|turn|13\n|\n|t:|1699679166\n|move|p2a: Glalie|Spikes|p1a: Lanturn\n|-sidestart|p1: cb der|Spikes\n|move|p1a: Lanturn|Scald|p2a: Glalie\n|-damage|p2a: Glalie|0 fnt\n|faint|p2a: Glalie\n|\n|-heal|p1a: Lanturn|55\/100|[from] item: Leftovers\n|upkeep\n|\n|t:|1699679172\n|switch|p2a: Ninetales|Ninetales-Alola, M|15\/100\n|-damage|p2a: Ninetales|2\/100|[from] Spikes\n|-weather|Snow|[from] ability: Snow Warning|[of] p2a: Ninetales\n|turn|14\n|\n|t:|1699679179\n|move|p2a: Ninetales|Freeze-Dry|p1a: Lanturn\n|-supereffective|p1a: Lanturn\n|-damage|p1a: Lanturn|9\/100\n|move|p1a: Lanturn|Scald|p2a: Ninetales\n|-damage|p2a: Ninetales|0 fnt\n|faint|p2a: Ninetales\n|\n|-weather|Snow|[upkeep]\n|-heal|p1a: Lanturn|15\/100|[from] item: Leftovers\n|upkeep\n|\n|t:|1699679194\n|switch|p2a: Weavile|Weavile, F|100\/100\n|-ability|p2a: Weavile|Pressure\n|turn|15\n|\n|t:|1699679197\n|move|p2a: Weavile|Fake Out|p1a: Lanturn\n|-damage|p1a: Lanturn|4\/100\n|cant|p1a: Lanturn|flinch\n|\n|-weather|Snow|[upkeep]\n|-heal|p1a: Lanturn|10\/100|[from] item: Leftovers\n|upkeep\n|turn|16\n|\n|t:|1699679202\n|move|p2a: Weavile|Ice Shard|p1a: Lanturn\n|-resisted|p1a: Lanturn\n|-damage|p1a: Lanturn|1\/100\n|move|p1a: Lanturn|Scald|p2a: Weavile\n|-damage|p2a: Weavile|70\/100\n|-status|p2a: Weavile|brn\n|\n|-weather|Snow|[upkeep]\n|-heal|p1a: Lanturn|8\/100|[from] item: Leftovers\n|-damage|p2a: Weavile|64\/100 brn|[from] brn\n|upkeep\n|turn|17\n|\n|t:|1699679210\n|move|p2a: Weavile|Ice Shard|p1a: Lanturn\n|-resisted|p1a: Lanturn\n|-damage|p1a: Lanturn|3\/100\n|move|p1a: Lanturn|Scald|p2a: Weavile\n|-crit|p2a: Weavile\n|-damage|p2a: Weavile|20\/100 brn\n|\n|-weather|Snow|[upkeep]\n|-heal|p1a: Lanturn|10\/100|[from] item: Leftovers\n|-damage|p2a: Weavile|14\/100 brn|[from] brn\n|upkeep\n|turn|18\n|-message|abaabaabaaba forfeited.\n|\n|win|cb der\n|raw|cb der's rating: 1165 &rarr; <strong>1191<\/strong><br \/>(+26 for winning)\n|raw|abaabaabaaba's rating: 1172 &rarr; <strong>1146<\/strong><br \/>(-26 for losing)\n|l|\u2606abaabaabaaba\n","uploadtime":1699679219,"views":9,"p1id":"cbder","p2id":"abaabaabaaba","formatid":"gen9nationaldex","rating":1146,"private":0,"password":""}