{"id":"gen9nationaldex-1992928138","p1":"Elite four lai","p2":"Jelegos","format":"[Gen 9] National Dex","log":"|j|\u2606Elite four lai\n|j|\u2606Jelegos\n|t:|1700247610\n|gametype|singles\n|player|p1|Elite four lai|lady|\n|player|p2|Jelegos|sage|\n|teamsize|p1|6\n|teamsize|p2|6\n|gen|9\n|tier|[Gen 9] National Dex\n|rule|HP Percentage Mod: HP is shown in percentages\n|rule|Endless Battle Clause: Forcing endless battles is banned\n|rule|OHKO Clause: OHKO moves are banned\n|rule|Evasion Clause: Evasion abilities, items, and moves are banned\n|rule|Evasion Abilities Clause: Evasion abilities are banned\n|rule|Evasion Items Clause: Evasion items are banned\n|rule|Evasion Moves Clause: Evasion moves are banned\n|rule|Species Clause: Limit one of each Pok\u00e9mon\n|rule|Sleep Clause Mod: Limit one foe put to sleep\n|clearpoke\n|poke|p1|Glalie, M|\n|poke|p1|Zoroark, F|\n|poke|p1|Fezandipiti, M|\n|poke|p1|Lumineon, F|\n|poke|p1|Ariados, M|\n|poke|p1|Muk, M|\n|poke|p2|Bellibolt, M|\n|poke|p2|Iron Valiant|\n|poke|p2|Gliscor, M|\n|poke|p2|Cresselia, F|\n|poke|p2|Moltres|\n|poke|p2|Conkeldurr, M|\n|teampreview\n|c|\u2606Jelegos|H\n|c|\u2606Elite four lai|Jeez\n|c|\u2606Elite four lai|Ale pot\u0119\u017cny team\n|\n|t:|1700247656\n|start\n|switch|p1a: Midoriya|Muk, M, shiny|100\/100\n|switch|p2a: Conkeldurr|Conkeldurr, M|100\/100\n|turn|1\n|\n|t:|1700247669\n|move|p1a: Midoriya|Substitute|p1a: Midoriya\n|-start|p1a: Midoriya|Substitute\n|-damage|p1a: Midoriya|76\/100\n|move|p2a: Conkeldurr|Earthquake|p1a: Midoriya\n|-supereffective|p1a: Midoriya\n|-end|p1a: Midoriya|Substitute\n|\n|-heal|p1a: Midoriya|82\/100|[from] item: Black Sludge\n|upkeep\n|turn|2\n|\n|t:|1700247682\n|move|p1a: Midoriya|Substitute|p1a: Midoriya\n|-start|p1a: Midoriya|Substitute\n|-damage|p1a: Midoriya|57\/100\n|move|p2a: Conkeldurr|Earthquake|p1a: Midoriya\n|-supereffective|p1a: Midoriya\n|-end|p1a: Midoriya|Substitute\n|\n|-heal|p1a: Midoriya|63\/100|[from] item: Black Sludge\n|upkeep\n|turn|3\n|\n|t:|1700247691\n|switch|p1a: Mezo|Ariados, M, shiny|100\/100\n|move|p2a: Conkeldurr|Earthquake|p1a: Mezo\n|-damage|p1a: Mezo|33\/100\n|\n|upkeep\n|turn|4\n|j| RealZwyrol\n|\n|t:|1700247702\n|move|p1a: Mezo|Cross Poison|p2a: Conkeldurr\n|-damage|p2a: Conkeldurr|73\/100\n|move|p2a: Conkeldurr|Knock Off|p1a: Mezo\n|-damage|p1a: Mezo|0 fnt\n|-enditem|p1a: Mezo|Weakness Policy|[from] move: Knock Off|[of] p2a: Conkeldurr\n|faint|p1a: Mezo\n|\n|upkeep\n|\n|t:|1700247709\n|switch|p1a: Kai|Fezandipiti, M|100\/100\n|turn|5\n|\n|t:|1700247717\n|move|p1a: Kai|Play Rough|p2a: Conkeldurr\n|-supereffective|p2a: Conkeldurr\n|-damage|p2a: Conkeldurr|0 fnt\n|faint|p2a: Conkeldurr\n|-damage|p1a: Kai|91\/100|[from] item: Life Orb\n|\n|upkeep\n|c|\u2606Elite four lai|Ariados p\u00f3\u0142 biedy\n|\n|t:|1700247740\n|switch|p2a: Bellibolt|Bellibolt, M|100\/100\n|turn|6\n|\n|t:|1700247752\n|move|p1a: Kai|U-turn|p2a: Bellibolt\n|-damage|p2a: Bellibolt|79\/100\n|-start|p2a: Bellibolt|Charge|U-turn|[from] ability: Electromorphosis\n|-status|p2a: Bellibolt|tox|[from] ability: Toxic Chain|[of] p1a: Kai\n|-damage|p1a: Kai|81\/100|[from] item: Life Orb\n|j| PSPRadii\n|\n|t:|1700247756\n|switch|p1a: Todoroki|Glalie, M, shiny|100\/100|[from] U-turn\n|move|p2a: Bellibolt|Thunder|p1a: Todoroki\n|-damage|p1a: Todoroki|0 fnt\n|faint|p1a: Todoroki\n|-end|p2a: Bellibolt|Charge|[silent]\n|\n|-heal|p2a: Bellibolt|85\/100 tox|[from] item: Leftovers\n|-damage|p2a: Bellibolt|79\/100 tox|[from] psn\n|upkeep\n|\n|t:|1700247761\n|switch|p1a: Midoriya|Muk, M, shiny|63\/100\n|turn|7\n|c| PSPRadii|JD\n|c| PSPRadii|jest dobrze\n|c|\u2606Elite four lai|Zale\u017cy dla kogo\n|l| RealZwyrol\n|\n|t:|1700247779\n|move|p1a: Midoriya|Substitute|p1a: Midoriya\n|-start|p1a: Midoriya|Substitute\n|-damage|p1a: Midoriya|38\/100\n|move|p2a: Bellibolt|Thunder|p1a: Midoriya\n|-end|p1a: Midoriya|Substitute\n|\n|-heal|p1a: Midoriya|44\/100|[from] item: Black Sludge\n|-heal|p2a: Bellibolt|85\/100 tox|[from] item: Leftovers\n|-damage|p2a: Bellibolt|73\/100 tox|[from] psn\n|upkeep\n|turn|8\n|c| PSPRadii|dla cb kociaku\n|\n|t:|1700247790\n|move|p1a: Midoriya|Substitute|p1a: Midoriya\n|-start|p1a: Midoriya|Substitute\n|-damage|p1a: Midoriya|19\/100\n|move|p2a: Bellibolt|Chilling Water|p1a: Midoriya\n|-activate|p1a: Midoriya|move: Substitute|[damage]\n|\n|-heal|p1a: Midoriya|25\/100|[from] item: Black Sludge\n|-heal|p2a: Bellibolt|79\/100 tox|[from] item: Leftovers\n|-damage|p2a: Bellibolt|61\/100 tox|[from] psn\n|upkeep\n|turn|9\n|c|\u2606Elite four lai|No dla mnie jest tragicznie\n|\n|t:|1700247804\n|move|p1a: Midoriya|Poison Jab|p2a: Bellibolt\n|-damage|p2a: Bellibolt|28\/100 tox\n|-start|p2a: Bellibolt|Charge|Poison Jab|[from] ability: Electromorphosis\n|move|p2a: Bellibolt|Thunder|p1a: Midoriya|[miss]\n|-miss|p2a: Bellibolt|p1a: Midoriya\n|-end|p2a: Bellibolt|Charge|[silent]\n|\n|-heal|p1a: Midoriya|31\/100|[from] item: Black Sludge\n|-heal|p2a: Bellibolt|34\/100 tox|[from] item: Leftovers\n|-damage|p2a: Bellibolt|10\/100 tox|[from] psn\n|upkeep\n|turn|10\n|c| PSPRadii|b\u0119dzie dobrze\n|\n|t:|1700247822\n|switch|p2a: Gliscor|Gliscor, M|100\/100\n|move|p1a: Midoriya|Poison Jab|p2a: Gliscor\n|-resisted|p2a: Gliscor\n|-damage|p2a: Gliscor|88\/100\n|-status|p2a: Gliscor|psn|[from] ability: Poison Touch|[of] p1a: Midoriya\n|\n|-heal|p1a: Midoriya|37\/100|[from] item: Black Sludge\n|-heal|p2a: Gliscor|99\/100 psn|[from] ability: Poison Heal\n|upkeep\n|turn|11\n|j| RealZwyrol\n|\n|t:|1700247837\n|switch|p1a: Nya|Lumineon, F, shiny|100\/100\n|move|p2a: Gliscor|Earthquake|p1a: Nya\n|-damage|p1a: Nya|63\/100\n|\n|-heal|p1a: Nya|69\/100|[from] item: Leftovers\n|-heal|p2a: Gliscor|100\/100 psn|[from] ability: Poison Heal\n|upkeep\n|turn|12\n|\n|t:|1700247853\n|move|p1a: Nya|Whirlpool|p2a: Gliscor\n|-supereffective|p2a: Gliscor\n|-damage|p2a: Gliscor|77\/100 psn\n|-activate|p2a: Gliscor|move: Whirlpool|[of] p1a: Nya\n|move|p2a: Gliscor|Earthquake|p1a: Nya\n|-crit|p1a: Nya\n|-damage|p1a: Nya|4\/100\n|\n|-heal|p1a: Nya|10\/100|[from] item: Leftovers\n|-heal|p2a: Gliscor|89\/100 psn|[from] ability: Poison Heal\n|-damage|p2a: Gliscor|77\/100 psn|[from] move: Whirlpool|[partiallytrapped]\n|upkeep\n|turn|13\n|\n|t:|1700247878\n|move|p1a: Nya|Whirlpool|p2a: Gliscor\n|-supereffective|p2a: Gliscor\n|-damage|p2a: Gliscor|54\/100 psn\n|move|p2a: Gliscor|Throat Chop|p1a: Nya\n|-damage|p1a: Nya|0 fnt\n|faint|p1a: Nya\n|\n|-heal|p2a: Gliscor|67\/100 psn|[from] ability: Poison Heal\n|-end|p2a: Gliscor|Whirlpool|[partiallytrapped]|[silent]\n|upkeep\n|\n|t:|1700247884\n|switch|p1a: Kai|Fezandipiti, M|100\/100\n|turn|14\n|c| PSPRadii|nie masz na nim ice beam?\n|c| PSPRadii|bro\n|c|\u2606Elite four lai|Chyba kolejna przegrana\n|\n|t:|1700247895\n|move|p1a: Kai|Night Daze|p2a: Gliscor\n|-damage|p2a: Gliscor|7\/100 psn\n|-unboost|p2a: Gliscor|accuracy|1\n|-enditem|p2a: Gliscor|Figy Berry|[eat]\n|-heal|p2a: Gliscor|40\/100 psn|[from] item: Figy Berry\n|move|p2a: Gliscor|Earthquake|p1a: Kai\n|-damage|p1a: Kai|38\/100\n|replace|p1a: Camille|Zoroark, F, shiny\n|-end|p1a: Camille|Illusion\n|\n|-heal|p2a: Gliscor|53\/100 psn|[from] ability: Poison Heal\n|upkeep\n|turn|15\n|\n|t:|1700247914\n|move|p1a: Camille|Night Daze|p2a: Gliscor\n|-damage|p2a: Gliscor|0 fnt\n|faint|p2a: Gliscor\n|\n|upkeep\n|\n|t:|1700247923\n|switch|p2a: Iron Valiant|Iron Valiant|100\/100\n|turn|16\n|\n|t:|1700247927\n|move|p2a: Iron Valiant|Spirit Break|p1a: Camille\n|-supereffective|p1a: Camille\n|-damage|p1a: Camille|0 fnt\n|faint|p1a: Camille\n|\n|upkeep\n|c| RealZwyrol|Radii bierze W???\n|\n|t:|1700247931\n|switch|p1a: Kai|Fezandipiti, M|81\/100\n|turn|17\n|c| RealZwyrol|For real?\n|c| RealZwyrol|No cap?\n|\n|t:|1700247938\n|-end|p2a: Iron Valiant|Quark Drive|[silent]\n|switch|p2a: Cresselia|Cresselia, F|100\/100\n|-terastallize|p1a: Kai|Poison\n|move|p1a: Kai|Gunk Shot|p2a: Cresselia\n|-damage|p2a: Cresselia|40\/100\n|-status|p2a: Cresselia|tox|[from] ability: Toxic Chain|[of] p1a: Kai\n|-damage|p1a: Kai|71\/100|[from] item: Life Orb\n|\n|-damage|p2a: Cresselia|34\/100 tox|[from] psn\n|upkeep\n|turn|18\n|c| RealZwyrol|On god?\n|\n|t:|1700247966\n|move|p1a: Kai|Gunk Shot|p2a: Cresselia\n|-damage|p2a: Cresselia|0 fnt\n|faint|p2a: Cresselia\n|-damage|p1a: Kai|61\/100|[from] item: Life Orb\n|\n|upkeep\n|\n|t:|1700247977\n|switch|p2a: Moltres|Moltres|100\/100\n|turn|19\n|c|\u2606Elite four lai|Nadzieja w Ptaku\n|c| RealZwyrol|Problem tylko taki ze najlepsze mony wzi\u0105\u0142\n|\n|t:|1700247984\n|move|p1a: Kai|Gunk Shot|p2a: Moltres|[miss]\n|-miss|p1a: Kai|p2a: Moltres\n|move|p2a: Moltres|Fire Blast|p1a: Kai\n|-damage|p1a: Kai|8\/100\n|\n|upkeep\n|turn|20\n|\n|t:|1700247992\n|move|p1a: Kai|Gunk Shot|p2a: Moltres\n|-damage|p2a: Moltres|16\/100\n|-enditem|p2a: Moltres|Wiki Berry|[eat]\n|-heal|p2a: Moltres|49\/100|[from] item: Wiki Berry\n|-damage|p1a: Kai|0 fnt|[from] item: Life Orb\n|faint|p1a: Kai\n|move|p2a: Moltres|Air Slash|p1: Kai|[notarget]\n|-fail|p2a: Moltres\n|\n|upkeep\n|c| PSPRadii|zabij mu molteresa\n|\n|t:|1700247996\n|switch|p1a: Midoriya|Muk, M, shiny|37\/100\n|turn|21\n|c| PSPRadii|\u017cebym mia\u0142 \u0142atwiej ok ok?\n|\n|t:|1700248012\n|move|p2a: Moltres|Air Slash|p1a: Midoriya\n|-damage|p1a: Midoriya|5\/100\n|cant|p1a: Midoriya|flinch\n|\n|-heal|p1a: Midoriya|11\/100|[from] item: Black Sludge\n|upkeep\n|turn|22\n|c| RealZwyrol|A to nje radii\n|c|\u2606Elite four lai|No aha\n|c| RealZwyrol|My bad\n|c| RealZwyrol|Kto to\n|c|\u2606Elite four lai|Jelego\u015b\n|c| RealZwyrol|Kurwiszon ryba vs\n|c| PSPRadii|jelegos\n|c| RealZwyrol|Kim do kurwy jest Jelego\u015b\n|c|\u2606Elite four lai|Nietety Radii, Moltres alive\n|\n|t:|1700248046\n|move|p2a: Moltres|Air Slash|p1a: Midoriya\n|-damage|p1a: Midoriya|0 fnt\n|faint|p1a: Midoriya\n|\n|win|Jelegos\n","uploadtime":1700248050,"views":23,"p1id":"elitefourlai","p2id":"jelegos","formatid":"gen9nationaldex","rating":0,"private":0,"password":""}