{"id":"gen9nationaldex-1997350748","p1":"Mysterbug64","p2":"Vvbttij","format":"[Gen 9] National Dex","log":"|html|<div class=\"broadcast-blue\"><strong>[Gen 9] National Dex is currently suspecting Sneasler! For information on how to participate check out the <a href=\"https:\/\/www.smogon.com\/forums\/threads\/sv-national-dex-suspect-8-just-dance.3731534\/\">suspect thread<\/a>.<\/strong><\/div>\n|j|\u2606Mysterbug64\n|j|\u2606Vvbttij\n|t:|1700792835\n|gametype|singles\n|player|p1|Mysterbug64|170|1135\n|player|p2|Vvbttij|red|1128\n|teamsize|p1|6\n|teamsize|p2|6\n|gen|9\n|tier|[Gen 9] National Dex\n|rated|\n|rule|HP Percentage Mod: HP is shown in percentages\n|rule|Endless Battle Clause: Forcing endless battles is banned\n|rule|OHKO Clause: OHKO moves are banned\n|rule|Evasion Clause: Evasion abilities, items, and moves are banned\n|rule|Evasion Abilities Clause: Evasion abilities are banned\n|rule|Evasion Items Clause: Evasion items are banned\n|rule|Evasion Moves Clause: Evasion moves are banned\n|rule|Species Clause: Limit one of each Pok\u00e9mon\n|rule|Sleep Clause Mod: Limit one foe put to sleep\n|clearpoke\n|poke|p1|Manectric, F|\n|poke|p1|Sceptile, F|\n|poke|p1|Swellow, F|\n|poke|p1|Azumarill, F|\n|poke|p1|Gallade, M|\n|poke|p1|Chandelure, M|\n|poke|p2|Charizard, M|\n|poke|p2|Blastoise, F|\n|poke|p2|Venusaur, M|\n|poke|p2|Snorlax, M|\n|poke|p2|Lapras, F|\n|poke|p2|Pikachu, F|\n|teampreview\n|\n|t:|1700792849\n|start\n|switch|p1a: Manectric|Manectric, F|100\/100\n|switch|p2a: Charizard|Charizard, M|100\/100\n|turn|1\n|\n|t:|1700792877\n|switch|p2a: Pikachu|Pikachu, F|100\/100\n|detailschange|p1a: Manectric|Manectric-Mega, F\n|-mega|p1a: Manectric|Manectric|Manectite\n|-ability|p1a: Manectric|Intimidate|boost\n|-unboost|p2a: Pikachu|atk|1\n|move|p1a: Manectric|Thunderbolt|p2a: Pikachu\n|-ability|p2a: Pikachu|Lightning Rod|boost\n|-boost|p2a: Pikachu|spa|1\n|\n|upkeep\n|turn|2\n|\n|t:|1700792892\n|move|p1a: Manectric|Flamethrower|p2a: Pikachu\n|-damage|p2a: Pikachu|13\/100\n|move|p2a: Pikachu|Surf|p1a: Manectric\n|-damage|p1a: Manectric|22\/100\n|\n|upkeep\n|turn|3\n|\n|t:|1700792912\n|move|p1a: Manectric|Flamethrower|p2a: Pikachu\n|-damage|p2a: Pikachu|0 fnt\n|faint|p2a: Pikachu\n|\n|upkeep\n|\n|t:|1700792913\n|switch|p2a: Lapras|Lapras, F|100\/100\n|turn|4\n|\n|t:|1700792920\n|-terastallize|p2a: Lapras|Ground\n|move|p1a: Manectric|Volt Switch|p2a: Lapras\n|-immune|p2a: Lapras\n|move|p2a: Lapras|Dragon Dance|p2a: Lapras\n|-boost|p2a: Lapras|atk|1\n|-boost|p2a: Lapras|spe|1\n|\n|upkeep\n|turn|5\n|\n|t:|1700792929\n|switch|p1a: Azumarill|Azumarill, F|100\/100\n|move|p2a: Lapras|Dragon Dance|p2a: Lapras\n|-boost|p2a: Lapras|atk|1\n|-boost|p2a: Lapras|spe|1\n|\n|upkeep\n|turn|6\n|\n|t:|1700792936\n|move|p1a: Azumarill|Waterfall|p2a: Lapras\n|-immune|p2a: Lapras|[from] ability: Water Absorb\n|move|p2a: Lapras|Roar|p1a: Azumarill\n|drag|p1a: Chandelure|Chandelure, M|100\/100\n|\n|upkeep\n|turn|7\n|\n|t:|1700792949\n|move|p2a: Lapras|Waterfall|p1a: Chandelure\n|-supereffective|p1a: Chandelure\n|-damage|p1a: Chandelure|0 fnt\n|faint|p1a: Chandelure\n|\n|upkeep\n|\n|t:|1700792955\n|switch|p1a: Gallade|Gallade, M|100\/100\n|turn|8\n|\n|t:|1700792961\n|move|p2a: Lapras|Waterfall|p1a: Gallade\n|-damage|p1a: Gallade|0 fnt\n|faint|p1a: Gallade\n|\n|upkeep\n|\n|t:|1700792968\n|switch|p1a: Swellow|Swellow, F|100\/100\n|turn|9\n|\n|t:|1700792983\n|move|p2a: Lapras|Waterfall|p1a: Swellow\n|-damage|p1a: Swellow|0 fnt\n|faint|p1a: Swellow\n|\n|upkeep\n|\n|t:|1700792986\n|switch|p1a: Azumarill|Azumarill, F|100\/100\n|turn|10\n|\n|t:|1700792994\n|move|p2a: Lapras|Waterfall|p1a: Azumarill\n|-resisted|p1a: Azumarill\n|-damage|p1a: Azumarill|66\/100\n|move|p1a: Azumarill|Play Rough|p2a: Lapras\n|-damage|p2a: Lapras|82\/100\n|\n|upkeep\n|turn|11\n|\n|t:|1700793002\n|move|p2a: Lapras|Waterfall|p1a: Azumarill\n|-resisted|p1a: Azumarill\n|-damage|p1a: Azumarill|36\/100\n|cant|p1a: Azumarill|flinch\n|\n|upkeep\n|turn|12\n|\n|t:|1700793007\n|move|p2a: Lapras|Waterfall|p1a: Azumarill\n|-resisted|p1a: Azumarill\n|-damage|p1a: Azumarill|3\/100\n|move|p1a: Azumarill|Play Rough|p2a: Lapras\n|-damage|p2a: Lapras|64\/100\n|\n|upkeep\n|turn|13\n|\n|t:|1700793015\n|move|p2a: Lapras|Waterfall|p1a: Azumarill\n|-resisted|p1a: Azumarill\n|-damage|p1a: Azumarill|0 fnt\n|faint|p1a: Azumarill\n|\n|upkeep\n|\n|t:|1700793020\n|switch|p1a: Sceptile|Sceptile, F|100\/100\n|turn|14\n|\n|t:|1700793034\n|move|p2a: Lapras|Ice Shard|p1a: Sceptile\n|-supereffective|p1a: Sceptile\n|-damage|p1a: Sceptile|0 fnt\n|faint|p1a: Sceptile\n|\n|upkeep\n|\n|t:|1700793038\n|switch|p1a: Manectric|Manectric-Mega, F|22\/100\n|-ability|p1a: Manectric|Intimidate|boost\n|-unboost|p2a: Lapras|atk|1\n|turn|15\n|\n|t:|1700793045\n|move|p2a: Lapras|Waterfall|p1a: Manectric\n|-damage|p1a: Manectric|0 fnt\n|faint|p1a: Manectric\n|\n|win|Vvbttij\n|raw|Mysterbug64's rating: 1135 &rarr; <strong>1109<\/strong><br \/>(-26 for losing)\n|raw|Vvbttij's rating: 1128 &rarr; <strong>1154<\/strong><br \/>(+26 for winning)\n|c|\u2606Vvbttij|Gg\n","uploadtime":1700793052,"views":3,"p1id":"mysterbug64","p2id":"vvbttij","formatid":"gen9nationaldex","rating":1109,"private":0,"password":""}