{"id":"gen9nationaldex-1997170084","p1":"Just Typical","p2":"dogswithgunz","format":"[Gen 9] National Dex","log":"|html|<div class=\"broadcast-blue\"><strong>[Gen 9] National Dex is currently suspecting Sneasler! For information on how to participate check out the <a href=\"https:\/\/www.smogon.com\/forums\/threads\/sv-national-dex-suspect-8-just-dance.3731534\/\">suspect thread<\/a>.<\/strong><\/div>\n|j|\u2606Just Typical\n|j|\u2606dogswithgunz\n|t:|1700771682\n|gametype|singles\n|player|p1|Just Typical|brawly|\n|player|p2|dogswithgunz|fisherman-gen4|\n|teamsize|p1|6\n|teamsize|p2|6\n|gen|9\n|tier|[Gen 9] National Dex\n|rule|HP Percentage Mod: HP is shown in percentages\n|rule|Endless Battle Clause: Forcing endless battles is banned\n|rule|OHKO Clause: OHKO moves are banned\n|rule|Evasion Clause: Evasion abilities, items, and moves are banned\n|rule|Evasion Abilities Clause: Evasion abilities are banned\n|rule|Evasion Items Clause: Evasion items are banned\n|rule|Evasion Moves Clause: Evasion moves are banned\n|rule|Species Clause: Limit one of each Pok\u00e9mon\n|rule|Sleep Clause Mod: Limit one foe put to sleep\n|clearpoke\n|poke|p1|Ogerpon-Wellspring, F|\n|poke|p1|Slowking-Galar, M|\n|poke|p1|Arctozolt|\n|poke|p1|Sableye, F|\n|poke|p1|Empoleon, M|\n|poke|p1|Garchomp, F|\n|poke|p2|Ferrothorn, F|\n|poke|p2|Nidoking, M|\n|poke|p2|Tapu Fini|\n|poke|p2|Great Tusk|\n|poke|p2|Meowscarada, F|\n|poke|p2|Amoonguss, M|\n|teampreview\n|\n|t:|1700771699\n|start\n|switch|p1a: Slowking|Slowking-Galar, M|100\/100\n|switch|p2a: Rex|Ferrothorn, F|100\/100\n|turn|1\n|j| HOTDOHG\n|c| HOTDOHG|r\n|\n|t:|1700771706\n|move|p1a: Slowking|Flamethrower|p2a: Rex\n|-supereffective|p2a: Rex\n|-damage|p2a: Rex|40\/100\n|move|p2a: Rex|Spikes|p1a: Slowking\n|-sidestart|p1: Just Typical|Spikes\n|\n|-heal|p2a: Rex|47\/100|[from] item: Leftovers\n|upkeep\n|turn|2\n|\n|t:|1700771726\n|switch|p2a: Ghostface Killer|Great Tusk|100\/100\n|-enditem|p2a: Ghostface Killer|Booster Energy\n|-activate|p2a: Ghostface Killer|ability: Protosynthesis|[fromitem]\n|-start|p2a: Ghostface Killer|protosynthesisatk\n|move|p1a: Slowking|Chilly Reception|p1a: Slowking\n|-weather|Snow\n|\n|t:|1700771741\n|switch|p1a: Sableye|Sableye, F|100\/100|[from] Chilly Reception\n|-damage|p1a: Sableye|88\/100|[from] Spikes\n|\n|-weather|Snow|[upkeep]\n|upkeep\n|turn|3\n|\n|t:|1700771774\n|-end|p2a: Ghostface Killer|Protosynthesis|[silent]\n|switch|p2a: Shoty|Tapu Fini|100\/100\n|-fieldstart|move: Misty Terrain|[from] ability: Misty Surge|[of] p2a: Shoty\n|move|p1a: Sableye|Will-O-Wisp|p2a: Shoty\n|-activate|p2a: Shoty|move: Misty Terrain\n|\n|-weather|Snow|[upkeep]\n|upkeep\n|turn|4\n|\n|t:|1700771795\n|switch|p1a: Ogerpon|Ogerpon-Wellspring, F|100\/100\n|-damage|p1a: Ogerpon|88\/100|[from] Spikes\n|move|p2a: Shoty|Draining Kiss|p1a: Ogerpon\n|-damage|p1a: Ogerpon|68\/100\n|\n|-weather|Snow|[upkeep]\n|upkeep\n|turn|5\n|\n|t:|1700771805\n|switch|p2a: funky funguss|Amoonguss, M|100\/100\n|move|p1a: Ogerpon|Swords Dance|p1a: Ogerpon\n|-boost|p1a: Ogerpon|atk|2\n|\n|-weather|Snow|[upkeep]\n|upkeep\n|turn|6\n|\n|t:|1700771821\n|-terastallize|p1a: Ogerpon|Water\n|detailschange|p1a: Ogerpon|Ogerpon-Wellspring-Tera, F, tera:Water\n|-ability|p1a: Ogerpon|Embody Aspect (Wellspring)|boost\n|-boost|p1a: Ogerpon|spd|1\n|move|p1a: Ogerpon|Swords Dance|p1a: Ogerpon\n|-boost|p1a: Ogerpon|atk|2\n|move|p2a: funky funguss|Sludge Bomb|p1a: Ogerpon\n|-damage|p1a: Ogerpon|46\/100\n|\n|-weather|none\n|upkeep\n|turn|7\n|\n|t:|1700771836\n|move|p1a: Ogerpon|Swords Dance|p1a: Ogerpon\n|-boost|p1a: Ogerpon|atk|2\n|move|p2a: funky funguss|Clear Smog|p1a: Ogerpon\n|-crit|p1a: Ogerpon\n|-damage|p1a: Ogerpon|18\/100\n|-clearboost|p1a: Ogerpon\n|\n|-fieldend|Misty Terrain\n|upkeep\n|turn|8\n|\n|t:|1700771847\n|move|p1a: Ogerpon|Ivy Cudgel|p2a: funky funguss|[anim] Ivy Cudgel Water\n|-resisted|p2a: funky funguss\n|-damage|p2a: funky funguss|74\/100\n|move|p2a: funky funguss|Sludge Bomb|p1a: Ogerpon\n|-damage|p1a: Ogerpon|0 fnt\n|faint|p1a: Ogerpon\n|\n|-heal|p2a: funky funguss|81\/100|[from] item: Leftovers\n|upkeep\n|c| HOTDOHG|CASTING BOOTH POPPING OFF\n|\n|t:|1700771873\n|switch|p1a: Arctozolt|Arctozolt, shiny|100\/100\n|-damage|p1a: Arctozolt|88\/100|[from] Spikes\n|turn|9\n|\n|t:|1700771882\n|move|p1a: Arctozolt|Icicle Crash|p2a: funky funguss\n|-supereffective|p2a: funky funguss\n|-damage|p2a: funky funguss|0 fnt\n|faint|p2a: funky funguss\n|\n|upkeep\n|\n|t:|1700771910\n|switch|p2a: Yabba|Meowscarada, F|100\/100\n|turn|10\n|\n|t:|1700771917\n|switch|p1a: Garchomp|Garchomp, F|100\/100\n|-damage|p1a: Garchomp|88\/100|[from] Spikes\n|move|p2a: Yabba|Flower Trick|p1a: Garchomp\n|-start|p2a: Yabba|typechange|Grass|[from] ability: Protean\n|-crit|p1a: Garchomp\n|-damage|p1a: Garchomp|24\/100\n|\n|upkeep\n|turn|11\n|\n|t:|1700771929\n|move|p2a: Yabba|Flower Trick|p1a: Garchomp\n|-crit|p1a: Garchomp\n|-damage|p1a: Garchomp|0 fnt\n|faint|p1a: Garchomp\n|\n|upkeep\n|\n|t:|1700771933\n|switch|p1a: Slowking|Slowking-Galar, M|100\/100\n|-damage|p1a: Slowking|88\/100|[from] Spikes\n|turn|12\n|\n|t:|1700771953\n|switch|p2a: Ghostface Killer|Great Tusk|100\/100\n|move|p1a: Slowking|Chilly Reception|p1a: Slowking\n|-weather|Snow\n|\n|t:|1700771964\n|switch|p1a: Arctozolt|Arctozolt, shiny|88\/100|[from] Chilly Reception\n|-damage|p1a: Arctozolt|76\/100|[from] Spikes\n|\n|-weather|Snow|[upkeep]\n|upkeep\n|turn|13\n|\n|t:|1700771985\n|-terastallize|p2a: Ghostface Killer|Water\n|move|p1a: Arctozolt|Icicle Crash|p2a: Ghostface Killer\n|-resisted|p2a: Ghostface Killer\n|-damage|p2a: Ghostface Killer|82\/100\n|move|p2a: Ghostface Killer|Close Combat|p1a: Arctozolt\n|-supereffective|p1a: Arctozolt\n|-damage|p1a: Arctozolt|0 fnt\n|-unboost|p2a: Ghostface Killer|def|1\n|-unboost|p2a: Ghostface Killer|spd|1\n|faint|p1a: Arctozolt\n|\n|-weather|Snow|[upkeep]\n|upkeep\n|\n|t:|1700771991\n|switch|p1a: Sableye|Sableye, F|88\/100\n|-damage|p1a: Sableye|76\/100|[from] Spikes\n|turn|14\n|\n|t:|1700772006\n|-end|p2a: Ghostface Killer|Protosynthesis|[silent]\n|switch|p2a: Shoty|Tapu Fini|100\/100\n|-fieldstart|move: Misty Terrain|[from] ability: Misty Surge|[of] p2a: Shoty\n|move|p1a: Sableye|Encore||[still]\n|-fail|p1a: Sableye\n|\n|-weather|Snow|[upkeep]\n|upkeep\n|turn|15\n|\n|t:|1700772020\n|move|p1a: Sableye|Recover|p1a: Sableye\n|-heal|p1a: Sableye|100\/100\n|move|p2a: Shoty|Draining Kiss|p1a: Sableye\n|-supereffective|p1a: Sableye\n|-damage|p1a: Sableye|63\/100\n|\n|-weather|Snow|[upkeep]\n|upkeep\n|turn|16\n|\n|t:|1700772027\n|switch|p1a: Slowking|Slowking-Galar, M|100\/100\n|-damage|p1a: Slowking|88\/100|[from] Spikes\n|move|p2a: Shoty|Draining Kiss|p1a: Slowking\n|-resisted|p1a: Slowking\n|-damage|p1a: Slowking|82\/100\n|-damage|p2a: Shoty|84\/100|[from] item: Rocky Helmet|[of] p1a: Slowking\n|\n|-weather|none\n|-heal|p2a: Shoty|90\/100|[from] item: Leftovers\n|upkeep\n|turn|17\n|\n|t:|1700772045\n|move|p2a: Shoty|Taunt|p1a: Slowking\n|-start|p1a: Slowking|move: Taunt\n|cant|p1a: Slowking|move: Taunt|Chilly Reception\n|\n|-heal|p2a: Shoty|96\/100|[from] item: Leftovers\n|upkeep\n|turn|18\n|\n|t:|1700772051\n|switch|p1a: Sableye|Sableye, F|63\/100\n|-damage|p1a: Sableye|51\/100|[from] Spikes\n|move|p2a: Shoty|Calm Mind|p2a: Shoty\n|-boost|p2a: Shoty|spa|1\n|-boost|p2a: Shoty|spd|1\n|\n|-heal|p2a: Shoty|100\/100|[from] item: Leftovers\n|-fieldend|Misty Terrain\n|upkeep\n|turn|19\n|\n|t:|1700772060\n|move|p1a: Sableye|Encore|p2a: Shoty\n|-start|p2a: Shoty|Encore\n|move|p2a: Shoty|Calm Mind|p2a: Shoty\n|-boost|p2a: Shoty|spa|1\n|-boost|p2a: Shoty|spd|1\n|\n|upkeep\n|turn|20\n|\n|t:|1700772071\n|switch|p2a: Adam no White|Nidoking, M|100\/100\n|move|p1a: Sableye|Recover|p1a: Sableye\n|-heal|p1a: Sableye|100\/100\n|\n|upkeep\n|turn|21\n|\n|t:|1700772096\n|move|p1a: Sableye|Will-O-Wisp|p2a: Adam no White\n|-status|p2a: Adam no White|brn\n|move|p2a: Adam no White|Earth Power|p1a: Sableye\n|-damage|p1a: Sableye|28\/100\n|\n|-damage|p2a: Adam no White|95\/100 brn|[from] brn\n|upkeep\n|turn|22\n|\n|t:|1700772113\n|move|p1a: Sableye|Recover|p1a: Sableye\n|-heal|p1a: Sableye|78\/100\n|move|p2a: Adam no White|Earth Power|p1a: Sableye\n|-damage|p1a: Sableye|11\/100\n|\n|-damage|p2a: Adam no White|89\/100 brn|[from] brn\n|upkeep\n|turn|23\n|\n|t:|1700772125\n|switch|p1a: Slowking|Slowking-Galar, M|100\/100\n|-damage|p1a: Slowking|88\/100|[from] Spikes\n|move|p2a: Adam no White|Earth Power|p1a: Slowking\n|-supereffective|p1a: Slowking\n|-damage|p1a: Slowking|0 fnt\n|faint|p1a: Slowking\n|\n|-damage|p2a: Adam no White|83\/100 brn|[from] brn\n|upkeep\n|\n|t:|1700772127\n|switch|p1a: Empoleon|Empoleon, M|100\/100\n|-damage|p1a: Empoleon|88\/100|[from] Spikes\n|turn|24\n|\n|t:|1700772137\n|move|p2a: Adam no White|Earth Power|p1a: Empoleon\n|-supereffective|p1a: Empoleon\n|-damage|p1a: Empoleon|0 fnt\n|faint|p1a: Empoleon\n|\n|-damage|p2a: Adam no White|77\/100 brn|[from] brn\n|upkeep\n|\n|t:|1700772140\n|switch|p1a: Sableye|Sableye, F|11\/100\n|-damage|p1a: Sableye|0 fnt|[from] Spikes\n|faint|p1a: Sableye\n|\n|win|dogswithgunz\n|l|\u2606Just Typical\n","uploadtime":1700772160,"views":38,"p1id":"justtypical","p2id":"dogswithgunz","formatid":"gen9nationaldex","rating":0,"private":0,"password":""}