{"id":"gen9nationaldex-1996021555","p1":"DER55555","p2":"runeatest","format":"[Gen 9] National Dex","log":"|html|<div class=\"broadcast-blue\"><strong>[Gen 9] National Dex is currently suspecting Sneasler! For information on how to participate check out the <a href=\"https:\/\/www.smogon.com\/forums\/threads\/sv-national-dex-suspect-8-just-dance.3731534\/\">suspect thread<\/a>.<\/strong><\/div>\n|j|\u2606DER55555\n|j|\u2606runeatest\n|t:|1700630636\n|gametype|singles\n|player|p1|DER55555|veteran|1150\n|player|p2|runeatest|fisherman-gen4|1123\n|teamsize|p1|6\n|teamsize|p2|6\n|gen|9\n|tier|[Gen 9] National Dex\n|rated|\n|rule|HP Percentage Mod: HP is shown in percentages\n|rule|Endless Battle Clause: Forcing endless battles is banned\n|rule|OHKO Clause: OHKO moves are banned\n|rule|Evasion Clause: Evasion abilities, items, and moves are banned\n|rule|Evasion Abilities Clause: Evasion abilities are banned\n|rule|Evasion Items Clause: Evasion items are banned\n|rule|Evasion Moves Clause: Evasion moves are banned\n|rule|Species Clause: Limit one of each Pok\u00e9mon\n|rule|Sleep Clause Mod: Limit one foe put to sleep\n|clearpoke\n|poke|p1|Tapu Koko|\n|poke|p1|Kartana|\n|poke|p1|Chandelure, F|\n|poke|p1|Greninja-*, M|\n|poke|p1|Ferrothorn, M|\n|poke|p1|Landorus-Therian, M|\n|poke|p2|Vaporeon, M|\n|poke|p2|Salamence, M|\n|poke|p2|Hitmontop, M|\n|poke|p2|Electivire, M|\n|poke|p2|Togekiss, M|\n|poke|p2|Houndoom, M|\n|teampreview\n|inactive|Battle timer is ON: inactive players will automatically lose when time's up. (requested by runeatest)\n|\n|t:|1700630641\n|start\n|switch|p1a: Ferrothorn|Ferrothorn, M|100\/100\n|switch|p2a: Salamence|Salamence, M|100\/100\n|-ability|p2a: Salamence|Intimidate|boost\n|-unboost|p1a: Ferrothorn|atk|1\n|turn|1\n|\n|t:|1700630652\n|move|p2a: Salamence|Flamethrower|p1a: Ferrothorn\n|-supereffective|p1a: Ferrothorn\n|-damage|p1a: Ferrothorn|0 fnt\n|faint|p1a: Ferrothorn\n|\n|upkeep\n|\n|t:|1700630656\n|switch|p1a: Greninja|Greninja, M|100\/100\n|turn|2\n|\n|t:|1700630665\n|switch|p2a: Vaporeon|Vaporeon, M|100\/100\n|move|p1a: Greninja|Ice Beam|p2a: Vaporeon\n|-resisted|p2a: Vaporeon\n|-damage|p2a: Vaporeon|84\/100\n|\n|-heal|p2a: Vaporeon|90\/100|[from] item: Leftovers\n|upkeep\n|turn|3\n|\n|t:|1700630672\n|switch|p1a: Tapu Koko|Tapu Koko|100\/100\n|-fieldstart|move: Electric Terrain|[from] ability: Electric Surge|[of] p1a: Tapu Koko\n|move|p2a: Vaporeon|Hidden Power|p1a: Tapu Koko\n|-resisted|p1a: Tapu Koko\n|-damage|p1a: Tapu Koko|81\/100\n|\n|-heal|p2a: Vaporeon|97\/100|[from] item: Leftovers\n|upkeep\n|turn|4\n|\n|t:|1700630686\n|switch|p2a: Electivire|Electivire, M, shiny|100\/100\n|-item|p2a: Electivire|Air Balloon\n|move|p1a: Tapu Koko|Toxic|p2a: Electivire\n|-status|p2a: Electivire|tox\n|\n|-damage|p2a: Electivire|94\/100 tox|[from] psn\n|upkeep\n|turn|5\n|\n|t:|1700630694\n|move|p1a: Tapu Koko|Dazzling Gleam|p2a: Electivire\n|-damage|p2a: Electivire|39\/100 tox\n|-enditem|p2a: Electivire|Air Balloon\n|-damage|p1a: Tapu Koko|71\/100|[from] item: Life Orb\n|move|p2a: Electivire|Ice Punch|p1a: Tapu Koko\n|-damage|p1a: Tapu Koko|30\/100\n|\n|-damage|p2a: Electivire|27\/100 tox|[from] psn\n|upkeep\n|turn|6\n|\n|t:|1700630707\n|move|p1a: Tapu Koko|Dazzling Gleam|p2a: Electivire\n|-damage|p2a: Electivire|0 fnt\n|faint|p2a: Electivire\n|-damage|p1a: Tapu Koko|20\/100|[from] item: Life Orb\n|\n|upkeep\n|\n|t:|1700630713\n|switch|p2a: Hitmontop|Hitmontop, M|100\/100\n|turn|7\n|\n|t:|1700630719\n|move|p2a: Hitmontop|Fake Out|p1a: Tapu Koko\n|-damage|p1a: Tapu Koko|0 fnt\n|faint|p1a: Tapu Koko\n|\n|-fieldend|move: Electric Terrain\n|upkeep\n|\n|t:|1700630729\n|switch|p1a: Chandelure|Chandelure, F|100\/100\n|turn|8\n|\n|t:|1700630732\n|switch|p2a: Houndoom|Houndoom, M|100\/100\n|move|p1a: Chandelure|Psychic|p2a: Houndoom\n|-immune|p2a: Houndoom\n|\n|upkeep\n|turn|9\n|\n|t:|1700630737\n|switch|p1a: Landorus|Landorus-Therian, M|100\/100\n|-ability|p1a: Landorus|Intimidate|boost\n|-unboost|p2a: Houndoom|atk|1\n|move|p2a: Houndoom|Nasty Plot|p2a: Houndoom\n|-boost|p2a: Houndoom|spa|2\n|\n|upkeep\n|turn|10\n|\n|t:|1700630747\n|move|p2a: Houndoom|Dark Pulse|p1a: Landorus\n|-damage|p1a: Landorus|6\/100\n|move|p1a: Landorus|Stealth Rock|p2a: Houndoom\n|-sidestart|p2: runeatest|move: Stealth Rock\n|\n|upkeep\n|turn|11\n|\n|t:|1700630754\n|move|p2a: Houndoom|Dark Pulse|p1a: Landorus\n|-damage|p1a: Landorus|0 fnt\n|faint|p1a: Landorus\n|\n|upkeep\n|\n|t:|1700630758\n|switch|p1a: Greninja|Greninja, M|100\/100\n|turn|12\n|\n|t:|1700630761\n|switch|p2a: Vaporeon|Vaporeon, M|97\/100\n|-damage|p2a: Vaporeon|84\/100|[from] Stealth Rock\n|move|p1a: Greninja|Scald|p2a: Vaporeon\n|-heal|p2a: Vaporeon|100\/100|[from] ability: Water Absorb|[of] p1a: Greninja\n|\n|upkeep\n|turn|13\n|\n|t:|1700630770\n|switch|p1a: Kartana|Kartana|100\/100\n|move|p2a: Vaporeon|Hydro Pump|p1a: Kartana\n|-resisted|p1a: Kartana\n|-crit|p1a: Kartana\n|-damage|p1a: Kartana|0 fnt\n|faint|p1a: Kartana\n|\n|upkeep\n|\n|t:|1700630773\n|switch|p1a: Chandelure|Chandelure, F|100\/100\n|turn|14\n|\n|t:|1700630778\n|-terastallize|p1a: Chandelure|Grass\n|move|p1a: Chandelure|Energy Ball|p2a: Vaporeon\n|-supereffective|p2a: Vaporeon\n|-damage|p2a: Vaporeon|6\/100\n|move|p2a: Vaporeon|Hydro Pump|p1a: Chandelure|[miss]\n|-miss|p2a: Vaporeon|p1a: Chandelure\n|\n|-heal|p2a: Vaporeon|13\/100|[from] item: Leftovers\n|upkeep\n|turn|15\n|\n|t:|1700630789\n|switch|p2a: Salamence|Salamence, M|100\/100\n|-damage|p2a: Salamence|76\/100|[from] Stealth Rock\n|-ability|p2a: Salamence|Intimidate|boost\n|-unboost|p1a: Chandelure|atk|1\n|move|p1a: Chandelure|Energy Ball|p2a: Salamence\n|-resisted|p2a: Salamence\n|-damage|p2a: Salamence|61\/100\n|\n|upkeep\n|turn|16\n|\n|t:|1700630802\n|move|p1a: Chandelure|Energy Ball|p2a: Salamence\n|-resisted|p2a: Salamence\n|-damage|p2a: Salamence|45\/100\n|move|p2a: Salamence|Air Slash|p1a: Chandelure\n|-supereffective|p1a: Chandelure\n|-damage|p1a: Chandelure|0 fnt\n|faint|p1a: Chandelure\n|\n|upkeep\n|\n|t:|1700630808\n|switch|p1a: Greninja|Greninja, M|100\/100\n|turn|17\n|\n|t:|1700630814\n|-terastallize|p2a: Salamence|Fire\n|move|p1a: Greninja|Dark Pulse|p2a: Salamence\n|-damage|p2a: Salamence|0 fnt\n|faint|p2a: Salamence\n|-ability|p1a: Greninja|Battle Bond|boost\n|-boost|p1a: Greninja|atk|1\n|-boost|p1a: Greninja|spa|1\n|-boost|p1a: Greninja|spe|1\n|-activate|p1a: Greninja|ability: Battle Bond\n|\n|upkeep\n|\n|t:|1700630824\n|switch|p2a: Hitmontop|Hitmontop, M|100\/100\n|-damage|p2a: Hitmontop|94\/100|[from] Stealth Rock\n|turn|18\n|\n|t:|1700630828\n|move|p1a: Greninja|Dark Pulse|p2a: Hitmontop\n|-resisted|p2a: Hitmontop\n|-damage|p2a: Hitmontop|45\/100\n|move|p2a: Hitmontop|Rapid Spin|p1a: Greninja\n|-damage|p1a: Greninja|65\/100\n|-boost|p2a: Hitmontop|spe|1\n|-sideend|p2: runeatest|Stealth Rock|[from] move: Rapid Spin|[of] p2a: Hitmontop\n|\n|upkeep\n|turn|19\n|\n|t:|1700630835\n|move|p1a: Greninja|Dark Pulse|p2a: Hitmontop\n|-resisted|p2a: Hitmontop\n|-damage|p2a: Hitmontop|0 fnt\n|faint|p2a: Hitmontop\n|\n|upkeep\n|\n|t:|1700630841\n|switch|p2a: Houndoom|Houndoom, M|100\/100\n|turn|20\n|\n|t:|1700630846\n|move|p1a: Greninja|Dark Pulse|p2a: Houndoom\n|-resisted|p2a: Houndoom\n|-damage|p2a: Houndoom|44\/100\n|move|p2a: Houndoom|Sludge Bomb|p1a: Greninja\n|-damage|p1a: Greninja|23\/100\n|\n|upkeep\n|turn|21\n|\n|t:|1700630853\n|move|p1a: Greninja|Dark Pulse|p2a: Houndoom\n|-resisted|p2a: Houndoom\n|-damage|p2a: Houndoom|0 fnt\n|faint|p2a: Houndoom\n|\n|upkeep\n|\n|t:|1700630857\n|switch|p2a: Togekiss|Togekiss, M, shiny|100\/100\n|turn|22\n|\n|t:|1700630860\n|move|p1a: Greninja|Dark Pulse|p2a: Togekiss\n|-resisted|p2a: Togekiss\n|-damage|p2a: Togekiss|59\/100\n|move|p2a: Togekiss|Dazzling Gleam|p1a: Greninja\n|-supereffective|p1a: Greninja\n|-damage|p1a: Greninja|0 fnt\n|faint|p1a: Greninja\n|\n|win|runeatest\n|raw|DER55555's rating: 1150 &rarr; <strong>1123<\/strong><br \/>(-27 for losing)\n|raw|runeatest's rating: 1123 &rarr; <strong>1150<\/strong><br \/>(+27 for winning)\n|l|\u2606DER55555\n","uploadtime":1700630871,"views":4,"p1id":"der55555","p2id":"runeatest","formatid":"gen9nationaldex","rating":1123,"private":0,"password":""}