{"id":"gen9nationaldex-1988269819","p1":"Yuanshen61\u6211\u8981\u73a9\u539f\u795e","p2":"UrinalHair","format":"[Gen 9] National Dex","log":"|j|\u2606Yuanshen61\u6211\u8981\u73a9\u539f\u795e\n|j|\u2606UrinalHair\n|t:|1699698655\n|gametype|singles\n|player|p1|Yuanshen61\u6211\u8981\u73a9\u539f\u795e|rosa-masters2|1040\n|player|p2|UrinalHair|265|1143\n|teamsize|p1|6\n|teamsize|p2|6\n|gen|9\n|tier|[Gen 9] National Dex\n|rated|\n|rule|HP Percentage Mod: HP is shown in percentages\n|rule|Endless Battle Clause: Forcing endless battles is banned\n|rule|OHKO Clause: OHKO moves are banned\n|rule|Evasion Clause: Evasion abilities, items, and moves are banned\n|rule|Evasion Abilities Clause: Evasion abilities are banned\n|rule|Evasion Items Clause: Evasion items are banned\n|rule|Evasion Moves Clause: Evasion moves are banned\n|rule|Species Clause: Limit one of each Pok\u00e9mon\n|rule|Sleep Clause Mod: Limit one foe put to sleep\n|clearpoke\n|poke|p1|Gyarados, F|\n|poke|p1|Grimmsnarl, M|\n|poke|p1|Victini|\n|poke|p1|Great Tusk|\n|poke|p1|Ogerpon-Cornerstone, F|\n|poke|p1|Thundurus-Therian, M|\n|poke|p2|Tyranitar, M|\n|poke|p2|Excadrill, M|\n|poke|p2|Slowbro, F|\n|poke|p2|Gliscor, F|\n|poke|p2|Clefable, F|\n|poke|p2|Haxorus, F|\n|teampreview\n|inactive|Battle timer is ON: inactive players will automatically lose when time's up. (requested by Yuanshen61\u6211\u8981\u73a9\u539f\u795e)\n|\n|t:|1699698684\n|start\n|switch|p1a: \u6851\u535a|Grimmsnarl, M|100\/100\n|switch|p2a: Gliscor|Gliscor, F|100\/100\n|turn|1\n|\n|t:|1699698692\n|move|p1a: \u6851\u535a|Reflect|p1a: \u6851\u535a\n|-sidestart|p1: Yuanshen61\u6211\u8981\u73a9\u539f\u795e|Reflect\n|move|p2a: Gliscor|Earthquake|p1a: \u6851\u535a\n|-damage|p1a: \u6851\u535a|81\/100\n|\n|-status|p2a: Gliscor|tox|[from] item: Toxic Orb\n|upkeep\n|turn|2\n|\n|t:|1699698701\n|move|p1a: \u6851\u535a|Light Screen|p1a: \u6851\u535a\n|-sidestart|p1: Yuanshen61\u6211\u8981\u73a9\u539f\u795e|move: Light Screen\n|move|p2a: Gliscor|Defog|p1a: \u6851\u535a\n|-unboost|p1a: \u6851\u535a|evasion|1\n|-sideend|p1: Yuanshen61\u6211\u8981\u73a9\u539f\u795e|Reflect\n|-sideend|p1: Yuanshen61\u6211\u8981\u73a9\u539f\u795e|move: Light Screen\n|\n|upkeep\n|turn|3\n|\n|t:|1699698719\n|move|p1a: \u6851\u535a|Reflect|p1a: \u6851\u535a\n|-sidestart|p1: Yuanshen61\u6211\u8981\u73a9\u539f\u795e|Reflect\n|move|p2a: Gliscor|Earthquake|p1a: \u6851\u535a\n|-damage|p1a: \u6851\u535a|62\/100\n|\n|upkeep\n|turn|4\n|\n|t:|1699698723\n|move|p1a: \u6851\u535a|Parting Shot|p2a: Gliscor\n|-unboost|p2a: Gliscor|atk|1\n|-unboost|p2a: Gliscor|spa|1\n|\n|t:|1699698725\n|switch|p1a: \u90a3\u7ef4\u83b1\u7279|Gyarados, F|100\/100|[from] Parting Shot\n|-ability|p1a: \u90a3\u7ef4\u83b1\u7279|Intimidate|boost\n|-unboost|p2a: Gliscor|atk|1\n|move|p2a: Gliscor|Defog|p1a: \u90a3\u7ef4\u83b1\u7279\n|-unboost|p1a: \u90a3\u7ef4\u83b1\u7279|evasion|1\n|-sideend|p1: Yuanshen61\u6211\u8981\u73a9\u539f\u795e|Reflect\n|\n|upkeep\n|turn|5\n|inactive|UrinalHair has 120 seconds left.\n|\n|t:|1699698761\n|switch|p2a: Slowbro|Slowbro, F|100\/100\n|detailschange|p1a: \u90a3\u7ef4\u83b1\u7279|Gyarados-Mega, F\n|-mega|p1a: \u90a3\u7ef4\u83b1\u7279|Gyarados|Gyaradosite\n|-ability|p1a: \u90a3\u7ef4\u83b1\u7279|Mold Breaker\n|move|p1a: \u90a3\u7ef4\u83b1\u7279|Dragon Dance|p1a: \u90a3\u7ef4\u83b1\u7279\n|-boost|p1a: \u90a3\u7ef4\u83b1\u7279|atk|1\n|-boost|p1a: \u90a3\u7ef4\u83b1\u7279|spe|1\n|\n|upkeep\n|turn|6\n|inactive|UrinalHair has 120 seconds left.\n|\n|t:|1699698775\n|move|p1a: \u90a3\u7ef4\u83b1\u7279|Crunch|p2a: Slowbro\n|-supereffective|p2a: Slowbro\n|-damage|p2a: Slowbro|21\/100\n|move|p2a: Slowbro|Teleport|p2a: Slowbro\n|\n|t:|1699698781\n|switch|p2a: Clefable|Clefable, F|100\/100|[from] Teleport\n|\n|upkeep\n|turn|7\n|\n|t:|1699698784\n|move|p1a: \u90a3\u7ef4\u83b1\u7279|Taunt|p2a: Clefable\n|-start|p2a: Clefable|move: Taunt\n|move|p2a: Clefable|Moonblast|p1a: \u90a3\u7ef4\u83b1\u7279\n|-supereffective|p1a: \u90a3\u7ef4\u83b1\u7279\n|-damage|p1a: \u90a3\u7ef4\u83b1\u7279|46\/100\n|\n|upkeep\n|turn|8\n|\n|t:|1699698791\n|switch|p1a: \u80e1\u6843|Victini|100\/100\n|move|p2a: Clefable|Moonblast|p1a: \u80e1\u6843\n|-resisted|p1a: \u80e1\u6843\n|-damage|p1a: \u80e1\u6843|84\/100\n|-unboost|p1a: \u80e1\u6843|spa|1\n|\n|upkeep\n|turn|9\n|inactive|UrinalHair has 120 seconds left.\n|\n|t:|1699698825\n|switch|p2a: Gliscor|Gliscor, F|100\/100 tox\n|move|p1a: \u80e1\u6843|Trick|p2a: Gliscor\n|-activate|p1a: \u80e1\u6843|move: Trick|[of] p2a: Gliscor\n|-item|p2a: Gliscor|Choice Scarf|[from] move: Trick\n|-item|p1a: \u80e1\u6843|Toxic Orb|[from] move: Trick\n|\n|-status|p1a: \u80e1\u6843|tox|[from] item: Toxic Orb\n|upkeep\n|turn|10\n|\n|t:|1699698837\n|switch|p1a: \u96f7\u7535\u5c06\u519b|Thundurus-Therian, M|100\/100\n|move|p2a: Gliscor|U-turn|p1a: \u96f7\u7535\u5c06\u519b\n|-resisted|p1a: \u96f7\u7535\u5c06\u519b\n|-damage|p1a: \u96f7\u7535\u5c06\u519b|88\/100\n|\n|t:|1699698848\n|switch|p2a: Tyranitar|Tyranitar, M|100\/100|[from] U-turn\n|-weather|Sandstorm|[from] ability: Sand Stream|[of] p2a: Tyranitar\n|\n|-weather|Sandstorm|[upkeep]\n|-damage|p1a: \u96f7\u7535\u5c06\u519b|82\/100|[from] Sandstorm\n|upkeep\n|turn|11\n|\n|t:|1699698864\n|detailschange|p2a: Tyranitar|Tyranitar-Mega, M\n|-mega|p2a: Tyranitar|Tyranitar|Tyranitarite\n|move|p1a: \u96f7\u7535\u5c06\u519b|Focus Blast|p2a: Tyranitar\n|-supereffective|p2a: Tyranitar\n|-damage|p2a: Tyranitar|0 fnt\n|faint|p2a: Tyranitar\n|\n|-weather|Sandstorm|[upkeep]\n|-damage|p1a: \u96f7\u7535\u5c06\u519b|76\/100|[from] Sandstorm\n|upkeep\n|\n|t:|1699698878\n|switch|p2a: Excadrill|Excadrill, M|100\/100\n|turn|12\n|\n|t:|1699698887\n|move|p2a: Excadrill|Rock Slide|p1a: \u96f7\u7535\u5c06\u519b\n|-supereffective|p1a: \u96f7\u7535\u5c06\u519b\n|-damage|p1a: \u96f7\u7535\u5c06\u519b|0 fnt\n|faint|p1a: \u96f7\u7535\u5c06\u519b\n|\n|-weather|Sandstorm|[upkeep]\n|upkeep\n|\n|t:|1699698903\n|switch|p1a: \u6851\u535a|Grimmsnarl, M|62\/100\n|turn|13\n|\n|t:|1699698912\n|switch|p2a: Gliscor|Gliscor, F|100\/100 tox\n|move|p1a: \u6851\u535a|Reflect|p1a: \u6851\u535a\n|-sidestart|p1: Yuanshen61\u6211\u8981\u73a9\u539f\u795e|Reflect\n|\n|-weather|Sandstorm|[upkeep]\n|-damage|p1a: \u6851\u535a|56\/100|[from] Sandstorm\n|upkeep\n|turn|14\n|\n|t:|1699698936\n|-zpower|p1a: \u6851\u535a\n|move|p1a: \u6851\u535a|Z-Parting Shot|p2a: Gliscor|[anim]Parting Shot\n|-activate|p1a: \u6851\u535a|healreplacement\n|-unboost|p2a: Gliscor|atk|1\n|-unboost|p2a: Gliscor|spa|1\n|\n|t:|1699698942\n|switch|p1a: \u90a3\u7ef4\u83b1\u7279|Gyarados-Mega, F|46\/100|[from] Parting Shot\n|-heal|p1a: \u90a3\u7ef4\u83b1\u7279|100\/100|[from] move: Parting Shot|[zeffect]\n|-ability|p1a: \u90a3\u7ef4\u83b1\u7279|Mold Breaker\n|move|p2a: Gliscor|Defog|p1a: \u90a3\u7ef4\u83b1\u7279\n|-unboost|p1a: \u90a3\u7ef4\u83b1\u7279|evasion|1\n|-sideend|p1: Yuanshen61\u6211\u8981\u73a9\u539f\u795e|Reflect\n|\n|-weather|none\n|upkeep\n|turn|15\n|inactive|UrinalHair has 120 seconds left.\n|\n|t:|1699698960\n|switch|p2a: Haxorus|Haxorus, F|100\/100\n|-ability|p2a: Haxorus|Mold Breaker\n|move|p1a: \u90a3\u7ef4\u83b1\u7279|Dragon Dance|p1a: \u90a3\u7ef4\u83b1\u7279\n|-boost|p1a: \u90a3\u7ef4\u83b1\u7279|atk|1\n|-boost|p1a: \u90a3\u7ef4\u83b1\u7279|spe|1\n|\n|upkeep\n|turn|16\n|\n|t:|1699698985\n|move|p2a: Haxorus|First Impression|p1a: \u90a3\u7ef4\u83b1\u7279\n|-supereffective|p1a: \u90a3\u7ef4\u83b1\u7279\n|-damage|p1a: \u90a3\u7ef4\u83b1\u7279|14\/100\n|-damage|p2a: Haxorus|91\/100|[from] item: Life Orb\n|move|p1a: \u90a3\u7ef4\u83b1\u7279|Dragon Dance|p1a: \u90a3\u7ef4\u83b1\u7279\n|-boost|p1a: \u90a3\u7ef4\u83b1\u7279|atk|1\n|-boost|p1a: \u90a3\u7ef4\u83b1\u7279|spe|1\n|\n|upkeep\n|turn|17\n|inactive|UrinalHair has 90 seconds left.\n|inactive|UrinalHair has 60 seconds left.\n|\n|t:|1699699040\n|switch|p2a: Gliscor|Gliscor, F|100\/100 tox\n|move|p1a: \u90a3\u7ef4\u83b1\u7279|Crunch|p2a: Gliscor\n|-crit|p2a: Gliscor\n|-damage|p2a: Gliscor|0 fnt\n|faint|p2a: Gliscor\n|\n|upkeep\n|inactive|UrinalHair has 60 seconds left.\n|\n|t:|1699699046\n|switch|p2a: Haxorus|Haxorus, F|91\/100\n|-ability|p2a: Haxorus|Mold Breaker\n|turn|18\n|\n|t:|1699699073\n|move|p2a: Haxorus|First Impression|p1a: \u90a3\u7ef4\u83b1\u7279\n|-supereffective|p1a: \u90a3\u7ef4\u83b1\u7279\n|-damage|p1a: \u90a3\u7ef4\u83b1\u7279|0 fnt\n|faint|p1a: \u90a3\u7ef4\u83b1\u7279\n|-damage|p2a: Haxorus|81\/100|[from] item: Life Orb\n|\n|upkeep\n|\n|t:|1699699075\n|switch|p1a: \u7eb3\u897f\u59b2|Ogerpon-Cornerstone, F|100\/100\n|turn|19\n|\n|t:|1699699099\n|move|p1a: \u7eb3\u897f\u59b2|Swords Dance|p1a: \u7eb3\u897f\u59b2\n|-boost|p1a: \u7eb3\u897f\u59b2|atk|2\n|move|p2a: Haxorus|Close Combat|p1a: \u7eb3\u897f\u59b2\n|-supereffective|p1a: \u7eb3\u897f\u59b2\n|-damage|p1a: \u7eb3\u897f\u59b2|0 fnt\n|-unboost|p2a: Haxorus|def|1\n|-unboost|p2a: Haxorus|spd|1\n|faint|p1a: \u7eb3\u897f\u59b2\n|-damage|p2a: Haxorus|71\/100|[from] item: Life Orb\n|\n|upkeep\n|\n|t:|1699699110\n|switch|p1a: \u8352\u6cf7\u4e00\u6597|Great Tusk|100\/100\n|turn|20\n|\n|t:|1699699123\n|switch|p2a: Slowbro|Slowbro, F|55\/100\n|move|p1a: \u8352\u6cf7\u4e00\u6597|Rapid Spin|p2a: Slowbro\n|-damage|p2a: Slowbro|44\/100\n|-boost|p1a: \u8352\u6cf7\u4e00\u6597|spe|1\n|\n|upkeep\n|turn|21\n|\n|t:|1699699138\n|switch|p2a: Clefable|Clefable, F|100\/100\n|-terastallize|p1a: \u8352\u6cf7\u4e00\u6597|Ground\n|move|p1a: \u8352\u6cf7\u4e00\u6597|Headlong Rush|p2a: Clefable\n|-damage|p2a: Clefable|41\/100\n|-unboost|p1a: \u8352\u6cf7\u4e00\u6597|def|1\n|-unboost|p1a: \u8352\u6cf7\u4e00\u6597|spd|1\n|\n|-heal|p2a: Clefable|47\/100|[from] item: Leftovers\n|upkeep\n|turn|22\n|\n|t:|1699699153\n|move|p1a: \u8352\u6cf7\u4e00\u6597|Headlong Rush|p2a: Clefable\n|-damage|p2a: Clefable|0 fnt\n|-unboost|p1a: \u8352\u6cf7\u4e00\u6597|def|1\n|-unboost|p1a: \u8352\u6cf7\u4e00\u6597|spd|1\n|faint|p2a: Clefable\n|\n|upkeep\n|\n|t:|1699699157\n|switch|p2a: Slowbro|Slowbro, F|78\/100\n|turn|23\n|\n|t:|1699699169\n|-end|p1a: \u8352\u6cf7\u4e00\u6597|Protosynthesis|[silent]\n|switch|p1a: \u6851\u535a|Grimmsnarl, M|56\/100\n|move|p2a: Slowbro|Scald|p1a: \u6851\u535a\n|-damage|p1a: \u6851\u535a|36\/100\n|\n|upkeep\n|turn|24\n|inactive|UrinalHair has 60 seconds left.\n|\n|t:|1699699206\n|move|p1a: \u6851\u535a|Light Screen|p1a: \u6851\u535a\n|-sidestart|p1: Yuanshen61\u6211\u8981\u73a9\u539f\u795e|move: Light Screen\n|move|p2a: Slowbro|Scald|p1a: \u6851\u535a\n|-damage|p1a: \u6851\u535a|26\/100\n|\n|upkeep\n|turn|25\n|\n|t:|1699699214\n|switch|p2a: Excadrill|Excadrill, M|100\/100\n|move|p1a: \u6851\u535a|Parting Shot|p2a: Excadrill\n|-unboost|p2a: Excadrill|atk|1\n|-unboost|p2a: Excadrill|spa|1\n|\n|t:|1699699215\n|switch|p1a: \u8352\u6cf7\u4e00\u6597|Great Tusk, tera:Ground|100\/100|[from] Parting Shot\n|\n|upkeep\n|turn|26\n|inactive|UrinalHair has 60 seconds left.\n|\n|t:|1699699239\n|switch|p2a: Haxorus|Haxorus, F|71\/100\n|-ability|p2a: Haxorus|Mold Breaker\n|move|p1a: \u8352\u6cf7\u4e00\u6597|Rapid Spin|p2a: Haxorus\n|-damage|p2a: Haxorus|49\/100\n|-boost|p1a: \u8352\u6cf7\u4e00\u6597|spe|1\n|\n|upkeep\n|turn|27\n|\n|t:|1699699256\n|move|p1a: \u8352\u6cf7\u4e00\u6597|Headlong Rush|p2a: Haxorus\n|-damage|p2a: Haxorus|0 fnt\n|-unboost|p1a: \u8352\u6cf7\u4e00\u6597|def|1\n|-unboost|p1a: \u8352\u6cf7\u4e00\u6597|spd|1\n|faint|p2a: Haxorus\n|\n|upkeep\n|\n|t:|1699699275\n|switch|p2a: Excadrill|Excadrill, M|100\/100\n|turn|28\n|inactive|UrinalHair has 30 seconds left.\n|\n|t:|1699699291\n|move|p1a: \u8352\u6cf7\u4e00\u6597|Headlong Rush|p2a: Excadrill\n|-supereffective|p2a: Excadrill\n|-damage|p2a: Excadrill|0 fnt\n|-unboost|p1a: \u8352\u6cf7\u4e00\u6597|def|1\n|-unboost|p1a: \u8352\u6cf7\u4e00\u6597|spd|1\n|faint|p2a: Excadrill\n|\n|-sideend|p1: Yuanshen61\u6211\u8981\u73a9\u539f\u795e|move: Light Screen\n|upkeep\n|\n|t:|1699699294\n|switch|p2a: Slowbro|Slowbro, F|100\/100\n|turn|29\n|\n|t:|1699699300\n|move|p1a: \u8352\u6cf7\u4e00\u6597|Headlong Rush|p2a: Slowbro\n|-damage|p2a: Slowbro|52\/100\n|-unboost|p1a: \u8352\u6cf7\u4e00\u6597|def|1\n|-unboost|p1a: \u8352\u6cf7\u4e00\u6597|spd|1\n|move|p2a: Slowbro|Scald|p1a: \u8352\u6cf7\u4e00\u6597\n|-supereffective|p1a: \u8352\u6cf7\u4e00\u6597\n|-damage|p1a: \u8352\u6cf7\u4e00\u6597|0 fnt\n|faint|p1a: \u8352\u6cf7\u4e00\u6597\n|-end|p1a: \u8352\u6cf7\u4e00\u6597|Protosynthesis|[silent]\n|\n|upkeep\n|\n|t:|1699699303\n|switch|p1a: \u80e1\u6843|Victini|84\/100 tox\n|turn|30\n|\n|t:|1699699308\n|move|p1a: \u80e1\u6843|Bolt Strike|p2a: Slowbro\n|-supereffective|p2a: Slowbro\n|-damage|p2a: Slowbro|7\/100\n|move|p2a: Slowbro|Slack Off|p2a: Slowbro\n|-heal|p2a: Slowbro|57\/100\n|\n|-damage|p1a: \u80e1\u6843|78\/100 tox|[from] psn\n|upkeep\n|turn|31\n|\n|t:|1699699314\n|move|p1a: \u80e1\u6843|Bolt Strike|p2a: Slowbro\n|-supereffective|p2a: Slowbro\n|-damage|p2a: Slowbro|14\/100\n|move|p2a: Slowbro|Slack Off|p2a: Slowbro\n|-heal|p2a: Slowbro|64\/100\n|\n|-damage|p1a: \u80e1\u6843|65\/100 tox|[from] psn\n|upkeep\n|turn|32\n|\n|t:|1699699322\n|move|p1a: \u80e1\u6843|Trick|p2a: Slowbro\n|-activate|p1a: \u80e1\u6843|move: Trick|[of] p2a: Slowbro\n|-item|p2a: Slowbro|Toxic Orb|[from] move: Trick\n|-item|p1a: \u80e1\u6843|Heavy-Duty Boots|[from] move: Trick\n|move|p2a: Slowbro|Slack Off|p2a: Slowbro\n|-heal|p2a: Slowbro|100\/100\n|\n|-damage|p1a: \u80e1\u6843|47\/100 tox|[from] psn\n|-status|p2a: Slowbro|tox|[from] item: Toxic Orb\n|upkeep\n|turn|33\n|\n|t:|1699699329\n|move|p1a: \u80e1\u6843|U-turn|p2a: Slowbro\n|-supereffective|p2a: Slowbro\n|-damage|p2a: Slowbro|76\/100 tox\n|\n|t:|1699699330\n|switch|p1a: \u6851\u535a|Grimmsnarl, M|26\/100|[from] U-turn\n|move|p2a: Slowbro|Scald|p1a: \u6851\u535a\n|-damage|p1a: \u6851\u535a|5\/100\n|-status|p1a: \u6851\u535a|brn\n|\n|-damage|p2a: Slowbro|70\/100 tox|[from] psn\n|-damage|p1a: \u6851\u535a|0 fnt|[from] brn\n|faint|p1a: \u6851\u535a\n|upkeep\n|\n|t:|1699699333\n|switch|p1a: \u80e1\u6843|Victini|47\/100 tox\n|turn|34\n|\n|t:|1699699336\n|move|p1a: \u80e1\u6843|Bolt Strike|p2a: Slowbro\n|-supereffective|p2a: Slowbro\n|-damage|p2a: Slowbro|28\/100 tox\n|move|p2a: Slowbro|Scald|p1a: \u80e1\u6843\n|-supereffective|p1a: \u80e1\u6843\n|-damage|p1a: \u80e1\u6843|0 fnt\n|faint|p1a: \u80e1\u6843\n|\n|win|UrinalHair\n|raw|Yuanshen61\u6211\u8981\u73a9\u539f\u795e's rating: 1040 &rarr; <strong>1029<\/strong><br \/>(-11 for losing)\n|raw|UrinalHair's rating: 1143 &rarr; <strong>1161<\/strong><br \/>(+18 for winning)\n|c|\u2606UrinalHair|gg\n|c|\u2606UrinalHair|close\n|l|\u2606Yuanshen61\u6211\u8981\u73a9\u539f\u795e\n","uploadtime":1699699346,"views":6,"p1id":"yuanshen61","p2id":"urinalhair","formatid":"gen9nationaldex","rating":1029,"private":0,"password":""}