{"id":"gen9nationaldex-1994020765","p1":"YoungWwwwww","p2":"shfeha","format":"[Gen 9] National Dex","log":"|j|\u2606YoungWwwwww\n|j|\u2606shfeha\n|t:|1700394929\n|gametype|singles\n|player|p1|YoungWwwwww|102|1321\n|player|p2|shfeha|cyclist|1226\n|teamsize|p1|6\n|teamsize|p2|6\n|gen|9\n|tier|[Gen 9] National Dex\n|rated|\n|rule|HP Percentage Mod: HP is shown in percentages\n|rule|Endless Battle Clause: Forcing endless battles is banned\n|rule|OHKO Clause: OHKO moves are banned\n|rule|Evasion Clause: Evasion abilities, items, and moves are banned\n|rule|Evasion Abilities Clause: Evasion abilities are banned\n|rule|Evasion Items Clause: Evasion items are banned\n|rule|Evasion Moves Clause: Evasion moves are banned\n|rule|Species Clause: Limit one of each Pok\u00e9mon\n|rule|Sleep Clause Mod: Limit one foe put to sleep\n|clearpoke\n|poke|p1|Gardevoir, M|\n|poke|p1|Latios, M|\n|poke|p1|Heatran, M|\n|poke|p1|Dragonite, F|\n|poke|p1|Bisharp, M|\n|poke|p1|Cinderace, F|\n|poke|p2|Greninja-*, M|\n|poke|p2|Scizor, F|\n|poke|p2|Skeledirge, F|\n|poke|p2|Ting-Lu|\n|poke|p2|Corviknight, F|\n|poke|p2|Clodsire, M|\n|teampreview\n|inactive|Battle timer is ON: inactive players will automatically lose when time's up. (requested by shfeha)\n|\n|t:|1700394937\n|start\n|switch|p1a: Latios|Latios, M|100\/100\n|switch|p2a: Clodsire|Clodsire, M, shiny|100\/100\n|turn|1\n|\n|t:|1700394942\n|move|p1a: Latios|Whirlpool|p2a: Clodsire\n|-immune|p2a: Clodsire|[from] ability: Water Absorb\n|move|p2a: Clodsire|Toxic|p1a: Latios\n|-status|p1a: Latios|tox\n|\n|-damage|p1a: Latios|94\/100 tox|[from] psn\n|upkeep\n|turn|2\n|\n|t:|1700394955\n|switch|p1a: Dragonite|Dragonite, F|100\/100\n|switch|p2a: Ting-Lu|Ting-Lu|100\/100\n|-ability|p2a: Ting-Lu|Vessel of Ruin\n|\n|upkeep\n|turn|3\n|\n|t:|1700394967\n|move|p1a: Dragonite|Dragon Dance|p1a: Dragonite\n|-boost|p1a: Dragonite|atk|1\n|-boost|p1a: Dragonite|spe|1\n|move|p2a: Ting-Lu|Ruination|p1a: Dragonite\n|-damage|p1a: Dragonite|50\/100\n|\n|upkeep\n|turn|4\n|\n|t:|1700394976\n|-zpower|p1a: Dragonite\n|move|p1a: Dragonite|Supersonic Skystrike|p2a: Ting-Lu|[zeffect]\n|-damage|p2a: Ting-Lu|64\/100\n|move|p2a: Ting-Lu|Whirlwind|p1a: Dragonite\n|drag|p1a: Cinderace|Cinderace, F|100\/100\n|\n|-heal|p2a: Ting-Lu|71\/100|[from] item: Leftovers\n|upkeep\n|turn|5\n|\n|t:|1700394995\n|switch|p1a: Gardevoir|Gardevoir, M|100\/100\n|-ability|p1a: Gardevoir|Vessel of Ruin\n|-ability|p1a: Gardevoir|Vessel of Ruin|[from] ability: Trace|[of] p2a: Ting-Lu\n|move|p2a: Ting-Lu|Earthquake|p1a: Gardevoir\n|-damage|p1a: Gardevoir|66\/100\n|-enditem|p1a: Gardevoir|Kee Berry|[eat]\n|-boost|p1a: Gardevoir|def|1|[from] item: Kee Berry\n|\n|-heal|p2a: Ting-Lu|77\/100|[from] item: Leftovers\n|upkeep\n|turn|6\n|\n|t:|1700395011\n|move|p1a: Gardevoir|Draining Kiss|p2a: Ting-Lu\n|-supereffective|p2a: Ting-Lu\n|-damage|p2a: Ting-Lu|44\/100\n|-heal|p1a: Gardevoir|100\/100|[from] drain|[of] p2a: Ting-Lu\n|move|p2a: Ting-Lu|Ruination|p1a: Gardevoir\n|-damage|p1a: Gardevoir|50\/100\n|\n|-heal|p2a: Ting-Lu|50\/100|[from] item: Leftovers\n|upkeep\n|turn|7\n|\n|t:|1700395020\n|move|p1a: Gardevoir|Draining Kiss|p2a: Ting-Lu\n|-supereffective|p2a: Ting-Lu\n|-damage|p2a: Ting-Lu|17\/100\n|-heal|p1a: Gardevoir|88\/100|[from] drain|[of] p2a: Ting-Lu\n|move|p2a: Ting-Lu|Whirlwind|p1a: Gardevoir\n|drag|p1a: Heatran|Heatran, M|100\/100\n|\n|-heal|p2a: Ting-Lu|23\/100|[from] item: Leftovers\n|upkeep\n|turn|8\n|\n|t:|1700395039\n|-terastallize|p1a: Heatran|Grass\n|move|p1a: Heatran|Magma Storm|p2a: Ting-Lu|[miss]\n|-miss|p1a: Heatran|p2a: Ting-Lu\n|move|p2a: Ting-Lu|Earthquake|p1a: Heatran\n|-resisted|p1a: Heatran\n|-damage|p1a: Heatran|85\/100\n|\n|-heal|p1a: Heatran|92\/100|[from] item: Leftovers\n|-heal|p2a: Ting-Lu|30\/100|[from] item: Leftovers\n|upkeep\n|turn|9\n|\n|t:|1700395058\n|move|p1a: Heatran|Magma Storm|p2a: Ting-Lu\n|-damage|p2a: Ting-Lu|0 fnt\n|faint|p2a: Ting-Lu\n|\n|-heal|p1a: Heatran|98\/100|[from] item: Leftovers\n|upkeep\n|\n|t:|1700395075\n|switch|p2a: Greninja|Greninja, M|100\/100\n|turn|10\n|\n|t:|1700395079\n|move|p1a: Heatran|Protect|p1a: Heatran\n|-singleturn|p1a: Heatran|Protect\n|move|p2a: Greninja|Ice Beam|p1a: Heatran\n|-activate|p1a: Heatran|move: Protect\n|\n|-heal|p1a: Heatran|100\/100|[from] item: Leftovers\n|upkeep\n|turn|11\n|\n|t:|1700395093\n|switch|p2a: Corviknight|Corviknight, F, shiny|100\/100\n|switch|p1a: Bisharp|Bisharp, M|100\/100\n|\n|upkeep\n|turn|12\n|\n|t:|1700395102\n|switch|p1a: Gardevoir|Gardevoir, M|88\/100\n|-ability|p1a: Gardevoir|Mirror Armor|[from] ability: Trace|[of] p2a: Corviknight\n|move|p2a: Corviknight|Iron Defense|p2a: Corviknight\n|-boost|p2a: Corviknight|def|2\n|\n|upkeep\n|turn|13\n|\n|t:|1700395111\n|move|p1a: Gardevoir|Calm Mind|p1a: Gardevoir\n|-boost|p1a: Gardevoir|spa|1\n|-boost|p1a: Gardevoir|spd|1\n|move|p2a: Corviknight|Brave Bird|p1a: Gardevoir\n|-damage|p1a: Gardevoir|50\/100\n|-damage|p2a: Corviknight|90\/100|[from] Recoil\n|\n|upkeep\n|turn|14\n|\n|t:|1700395122\n|move|p1a: Gardevoir|Draining Kiss|p2a: Corviknight\n|-resisted|p2a: Corviknight\n|-damage|p2a: Corviknight|79\/100\n|-heal|p1a: Gardevoir|60\/100|[from] drain|[of] p2a: Corviknight\n|-damage|p1a: Gardevoir|43\/100|[from] item: Rocky Helmet|[of] p2a: Corviknight\n|move|p2a: Corviknight|Brave Bird|p1a: Gardevoir\n|-damage|p1a: Gardevoir|10\/100\n|-damage|p2a: Corviknight|69\/100|[from] Recoil\n|\n|upkeep\n|turn|15\n|\n|t:|1700395132\n|move|p1a: Gardevoir|Stored Power|p2a: Corviknight\n|-resisted|p2a: Corviknight\n|-damage|p2a: Corviknight|57\/100\n|move|p2a: Corviknight|Brave Bird|p1a: Gardevoir\n|-damage|p1a: Gardevoir|0 fnt\n|faint|p1a: Gardevoir\n|-damage|p2a: Corviknight|54\/100|[from] Recoil\n|\n|upkeep\n|\n|t:|1700395140\n|switch|p1a: Heatran|Heatran, M, tera:Grass|100\/100\n|turn|16\n|\n|t:|1700395147\n|move|p1a: Heatran|Magma Storm|p2a: Corviknight|[miss]\n|-miss|p1a: Heatran|p2a: Corviknight\n|move|p2a: Corviknight|Brave Bird|p1a: Heatran\n|-supereffective|p1a: Heatran\n|-damage|p1a: Heatran|32\/100\n|-damage|p2a: Corviknight|32\/100|[from] Recoil\n|\n|-heal|p1a: Heatran|38\/100|[from] item: Leftovers\n|upkeep\n|turn|17\n|\n|t:|1700395157\n|switch|p2a: Greninja|Greninja, M|100\/100\n|move|p1a: Heatran|Magma Storm|p2a: Greninja|[miss]\n|-miss|p1a: Heatran|p2a: Greninja\n|\n|-heal|p1a: Heatran|45\/100|[from] item: Leftovers\n|upkeep\n|turn|18\n|-message|YoungWwwwww forfeited.\n|\n|win|shfeha\n|raw|YoungWwwwww's rating: 1321 &rarr; <strong>1296<\/strong><br \/>(-25 for losing)\n|raw|shfeha's rating: 1226 &rarr; <strong>1258<\/strong><br \/>(+32 for winning)\n|l|\u2606YoungWwwwww\n","uploadtime":1700395165,"views":5,"p1id":"youngwwwwww","p2id":"shfeha","formatid":"gen9nationaldex","rating":1258,"private":0,"password":""}