{"id":"gen9nationaldex-1990824877","p1":"Alcyona","p2":"erik shawn","format":"[Gen 9] National Dex","log":"|j|\u2606Alcyona\n|j|\u2606erik shawn\n|t:|1700004662\n|gametype|singles\n|player|p1|Alcyona|iris-gen5bw2|1207\n|player|p2|erik shawn|169|1155\n|teamsize|p1|6\n|teamsize|p2|6\n|gen|9\n|tier|[Gen 9] National Dex\n|rated|\n|rule|HP Percentage Mod: HP is shown in percentages\n|rule|Endless Battle Clause: Forcing endless battles is banned\n|rule|OHKO Clause: OHKO moves are banned\n|rule|Evasion Clause: Evasion abilities, items, and moves are banned\n|rule|Evasion Abilities Clause: Evasion abilities are banned\n|rule|Evasion Items Clause: Evasion items are banned\n|rule|Evasion Moves Clause: Evasion moves are banned\n|rule|Species Clause: Limit one of each Pok\u00e9mon\n|rule|Sleep Clause Mod: Limit one foe put to sleep\n|clearpoke\n|poke|p1|Mawile, M|\n|poke|p1|Alomomola, F|\n|poke|p1|Samurott-Hisui, F|\n|poke|p1|Zapdos|\n|poke|p1|Aegislash, F|\n|poke|p1|Rillaboom, M|\n|poke|p2|Pelipper, F|\n|poke|p2|Manaphy|\n|poke|p2|Ogerpon-Wellspring, F|\n|poke|p2|Camerupt, F|\n|poke|p2|Hatterene, F|\n|poke|p2|Crawdaunt, F|\n|teampreview\n|\n|t:|1700004691\n|start\n|switch|p1a: Samurott|Samurott-Hisui, F|100\/100\n|switch|p2a: Hatterene|Hatterene, F|100\/100\n|turn|1\n|c|\u2606erik shawn|prepare to be bullied by my bozo sets\n|\n|t:|1700004706\n|move|p1a: Samurott|Ceaseless Edge|p2a: Hatterene\n|-damage|p2a: Hatterene|46\/100\n|-sidestart|p2: erik shawn|Spikes\n|move|p2a: Hatterene|Trick Room|p2a: Hatterene\n|-fieldstart|move: Trick Room|[of] p2a: Hatterene\n|\n|-heal|p2a: Hatterene|52\/100|[from] item: Leftovers\n|upkeep\n|turn|2\n|\n|t:|1700004718\n|move|p2a: Hatterene|Dazzling Gleam|p1a: Samurott\n|-supereffective|p1a: Samurott\n|-enditem|p1a: Samurott|Focus Sash\n|-damage|p1a: Samurott|1\/100\n|move|p1a: Samurott|Knock Off|p2a: Hatterene\n|-damage|p2a: Hatterene|0 fnt\n|-enditem|p2a: Hatterene|Leftovers|[from] move: Knock Off|[of] p1a: Samurott\n|faint|p2a: Hatterene\n|\n|upkeep\n|\n|t:|1700004726\n|switch|p2a: Camerupt|Camerupt, F|100\/100\n|-damage|p2a: Camerupt|88\/100|[from] Spikes\n|turn|3\n|\n|t:|1700004730\n|detailschange|p2a: Camerupt|Camerupt-Mega, F\n|-mega|p2a: Camerupt|Camerupt|Cameruptite\n|move|p1a: Samurott|Aqua Jet|p2a: Camerupt\n|-supereffective|p2a: Camerupt\n|-damage|p2a: Camerupt|18\/100\n|move|p2a: Camerupt|Earth Power|p1a: Samurott\n|-damage|p1a: Samurott|0 fnt\n|faint|p1a: Samurott\n|\n|upkeep\n|\n|t:|1700004741\n|switch|p1a: Rillaboom|Rillaboom, M|100\/100\n|-fieldstart|move: Grassy Terrain|[from] ability: Grassy Surge|[of] p1a: Rillaboom\n|turn|4\n|\n|t:|1700004762\n|move|p1a: Rillaboom|Grassy Glide|p2a: Camerupt\n|-damage|p2a: Camerupt|0 fnt\n|faint|p2a: Camerupt\n|\n|upkeep\n|\n|t:|1700004767\n|switch|p2a: Ogerpon|Ogerpon-Wellspring, F|100\/100\n|-damage|p2a: Ogerpon|88\/100|[from] Spikes\n|turn|5\n|\n|t:|1700004773\n|-terastallize|p1a: Rillaboom|Grass\n|move|p2a: Ogerpon|Spiky Shield|p2a: Ogerpon\n|-singleturn|p2a: Ogerpon|move: Protect\n|move|p1a: Rillaboom|Grassy Glide|p2a: Ogerpon\n|-activate|p2a: Ogerpon|move: Protect\n|-damage|p1a: Rillaboom|88\/100|[from] Spiky Shield|[of] p2a: Ogerpon\n|\n|-heal|p1a: Rillaboom|94\/100|[from] Grassy Terrain\n|-heal|p2a: Ogerpon|94\/100|[from] Grassy Terrain\n|-fieldend|move: Trick Room\n|upkeep\n|turn|6\n|\n|t:|1700004782\n|move|p1a: Rillaboom|Grassy Glide|p2a: Ogerpon\n|-damage|p2a: Ogerpon|0 fnt\n|faint|p2a: Ogerpon\n|\n|-heal|p1a: Rillaboom|100\/100|[from] Grassy Terrain\n|upkeep\n|\n|t:|1700004790\n|switch|p2a: Pelipper|Pelipper, F|100\/100\n|-weather|RainDance|[from] ability: Drizzle|[of] p2a: Pelipper\n|turn|7\n|\n|t:|1700004796\n|move|p1a: Rillaboom|Grassy Glide|p2a: Pelipper\n|-damage|p2a: Pelipper|16\/100\n|move|p2a: Pelipper|Hurricane|p1a: Rillaboom\n|-supereffective|p1a: Rillaboom\n|-damage|p1a: Rillaboom|0 fnt\n|faint|p1a: Rillaboom\n|\n|-weather|RainDance|[upkeep]\n|upkeep\n|\n|t:|1700004805\n|switch|p1a: Zapdos|Zapdos|100\/100\n|turn|8\n|\n|t:|1700004810\n|move|p1a: Zapdos|Volt Switch|p2a: Pelipper\n|-supereffective|p2a: Pelipper\n|-damage|p2a: Pelipper|0 fnt\n|faint|p2a: Pelipper\n|\n|t:|1700004817\n|switch|p1a: Mawile|Mawile, M|100\/100|[from] Volt Switch\n|\n|-weather|RainDance|[upkeep]\n|-fieldend|move: Grassy Terrain\n|upkeep\n|\n|t:|1700004820\n|switch|p2a: Manaphy|Manaphy|100\/100\n|-damage|p2a: Manaphy|88\/100|[from] Spikes\n|turn|9\n|\n|t:|1700004830\n|detailschange|p1a: Mawile|Mawile-Mega, M\n|-mega|p1a: Mawile|Mawile|Mawilite\n|move|p2a: Manaphy|Acid Armor|p2a: Manaphy\n|-boost|p2a: Manaphy|def|2\n|move|p1a: Mawile|Play Rough|p2a: Manaphy\n|-damage|p2a: Manaphy|49\/100\n|\n|-weather|RainDance|[upkeep]\n|-heal|p2a: Manaphy|55\/100|[from] item: Leftovers\n|upkeep\n|turn|10\n|\n|t:|1700004849\n|switch|p1a: Zapdos|Zapdos|100\/100\n|move|p2a: Manaphy|Acid Armor|p2a: Manaphy\n|-boost|p2a: Manaphy|def|2\n|\n|-weather|RainDance|[upkeep]\n|-heal|p2a: Manaphy|61\/100|[from] item: Leftovers\n|upkeep\n|turn|11\n|\n|t:|1700004855\n|move|p1a: Zapdos|Volt Switch|p2a: Manaphy\n|-supereffective|p2a: Manaphy\n|-damage|p2a: Manaphy|24\/100\n|\n|t:|1700004866\n|switch|p1a: Aegislash|Aegislash, F|100\/100|[from] Volt Switch\n|move|p2a: Manaphy|Rest|p2a: Manaphy\n|-status|p2a: Manaphy|slp|[from] move: Rest\n|-heal|p2a: Manaphy|100\/100 slp|[silent]\n|\n|-weather|none\n|upkeep\n|turn|12\n|\n|t:|1700004874\n|cant|p2a: Manaphy|slp\n|move|p1a: Aegislash|Substitute|p1a: Aegislash\n|-start|p1a: Aegislash|Substitute\n|-damage|p1a: Aegislash|76\/100\n|\n|-heal|p1a: Aegislash|82\/100|[from] item: Leftovers\n|upkeep\n|turn|13\n|\n|t:|1700004883\n|cant|p2a: Manaphy|slp\n|-formechange|p1a: Aegislash|Aegislash-Blade||[from] ability: Stance Change\n|move|p1a: Aegislash|Shadow Ball|p2a: Manaphy\n|-damage|p2a: Manaphy|76\/100 slp\n|\n|-heal|p2a: Manaphy|82\/100 slp|[from] item: Leftovers\n|-heal|p1a: Aegislash|88\/100|[from] item: Leftovers\n|upkeep\n|turn|14\n|\n|t:|1700004893\n|-curestatus|p2a: Manaphy|slp|[msg]\n|move|p2a: Manaphy|Take Heart|p2a: Manaphy\n|-boost|p2a: Manaphy|spa|1\n|-boost|p2a: Manaphy|spd|1\n|move|p1a: Aegislash|Shadow Ball|p2a: Manaphy\n|-damage|p2a: Manaphy|67\/100\n|-unboost|p2a: Manaphy|spd|1\n|\n|-heal|p2a: Manaphy|73\/100|[from] item: Leftovers\n|-heal|p1a: Aegislash|94\/100|[from] item: Leftovers\n|upkeep\n|turn|15\n|\n|t:|1700004922\n|move|p2a: Manaphy|Take Heart|p2a: Manaphy\n|-boost|p2a: Manaphy|spa|1\n|-boost|p2a: Manaphy|spd|1\n|move|p1a: Aegislash|Shadow Ball|p2a: Manaphy\n|-damage|p2a: Manaphy|57\/100\n|\n|-heal|p2a: Manaphy|64\/100|[from] item: Leftovers\n|-heal|p1a: Aegislash|100\/100|[from] item: Leftovers\n|upkeep\n|turn|16\n|\n|t:|1700004948\n|move|p2a: Manaphy|Take Heart|p2a: Manaphy\n|-boost|p2a: Manaphy|spa|1\n|-boost|p2a: Manaphy|spd|1\n|move|p1a: Aegislash|Toxic|p2a: Manaphy|[miss]\n|-miss|p1a: Aegislash|p2a: Manaphy\n|\n|-heal|p2a: Manaphy|70\/100|[from] item: Leftovers\n|upkeep\n|turn|17\n|\n|t:|1700004958\n|move|p2a: Manaphy|Take Heart|p2a: Manaphy\n|-boost|p2a: Manaphy|spa|1\n|-boost|p2a: Manaphy|spd|1\n|move|p1a: Aegislash|Shadow Ball|p2a: Manaphy\n|-damage|p2a: Manaphy|61\/100\n|\n|-heal|p2a: Manaphy|67\/100|[from] item: Leftovers\n|upkeep\n|turn|18\n|\n|t:|1700004966\n|move|p2a: Manaphy|Scald|p1a: Aegislash\n|-end|p1a: Aegislash|Substitute\n|move|p1a: Aegislash|Shadow Ball|p2a: Manaphy\n|-damage|p2a: Manaphy|57\/100\n|\n|-heal|p2a: Manaphy|63\/100|[from] item: Leftovers\n|upkeep\n|turn|19\n|\n|t:|1700004979\n|switch|p1a: Alomomola|Alomomola, F|100\/100\n|move|p2a: Manaphy|Scald|p1a: Alomomola\n|-resisted|p1a: Alomomola\n|-damage|p1a: Alomomola|62\/100\n|\n|-heal|p2a: Manaphy|69\/100|[from] item: Leftovers\n|upkeep\n|turn|20\n|\n|t:|1700004986\n|move|p2a: Manaphy|Take Heart|p2a: Manaphy\n|-boost|p2a: Manaphy|spa|1\n|-boost|p2a: Manaphy|spd|1\n|move|p1a: Alomomola|Flip Turn|p2a: Manaphy\n|-resisted|p2a: Manaphy\n|-damage|p2a: Manaphy|66\/100\n|\n|t:|1700004989\n|switch|p1a: Zapdos|Zapdos|100\/100|[from] Flip Turn\n|\n|-heal|p2a: Manaphy|73\/100|[from] item: Leftovers\n|upkeep\n|turn|21\n|\n|t:|1700004995\n|-terastallize|p2a: Manaphy|Water\n|move|p1a: Zapdos|Volt Switch|p2a: Manaphy\n|-supereffective|p2a: Manaphy\n|-damage|p2a: Manaphy|60\/100\n|\n|t:|1700005000\n|switch|p1a: Aegislash|Aegislash, F|100\/100|[from] Volt Switch\n|move|p2a: Manaphy|Scald|p1a: Aegislash\n|-damage|p1a: Aegislash|18\/100\n|\n|-heal|p2a: Manaphy|66\/100|[from] item: Leftovers\n|-heal|p1a: Aegislash|24\/100|[from] item: Leftovers\n|upkeep\n|turn|22\n|\n|t:|1700005006\n|move|p2a: Manaphy|Scald|p1a: Aegislash\n|-damage|p1a: Aegislash|0 fnt\n|faint|p1a: Aegislash\n|\n|-heal|p2a: Manaphy|73\/100|[from] item: Leftovers\n|upkeep\n|\n|t:|1700005008\n|switch|p1a: Mawile|Mawile-Mega, M|100\/100\n|turn|23\n|\n|t:|1700005014\n|move|p2a: Manaphy|Scald|p1a: Mawile\n|-damage|p1a: Mawile|0 fnt\n|faint|p1a: Mawile\n|\n|-heal|p2a: Manaphy|79\/100|[from] item: Leftovers\n|upkeep\n|-message|Alcyona forfeited.\n|\n|win|erik shawn\n|raw|Alcyona's rating: 1207 &rarr; <strong>1178<\/strong><br \/>(-29 for losing)\n|raw|erik shawn's rating: 1155 &rarr; <strong>1184<\/strong><br \/>(+29 for winning)\n|l|\u2606Alcyona\n","uploadtime":1700005024,"views":8,"p1id":"alcyona","p2id":"erikshawn","formatid":"gen9nationaldex","rating":1178,"private":0,"password":""}