{"id":"gen9nationaldex-1996353970","p1":"TeaBooker","p2":"wind233","format":"[Gen 9] National Dex","log":"|html|<div class=\"broadcast-blue\"><strong>[Gen 9] National Dex is currently suspecting Sneasler! For information on how to participate check out the <a href=\"https:\/\/www.smogon.com\/forums\/threads\/sv-national-dex-suspect-8-just-dance.3731534\/\">suspect thread<\/a>.<\/strong><\/div>\n|j|\u2606TeaBooker\n|j|\u2606wind233\n|t:|1700674023\n|gametype|singles\n|player|p1|TeaBooker|ash-kalos|1326\n|player|p2|wind233|dawn|1520\n|teamsize|p1|6\n|teamsize|p2|6\n|gen|9\n|tier|[Gen 9] National Dex\n|rated|\n|rule|HP Percentage Mod: HP is shown in percentages\n|rule|Endless Battle Clause: Forcing endless battles is banned\n|rule|OHKO Clause: OHKO moves are banned\n|rule|Evasion Clause: Evasion abilities, items, and moves are banned\n|rule|Evasion Abilities Clause: Evasion abilities are banned\n|rule|Evasion Items Clause: Evasion items are banned\n|rule|Evasion Moves Clause: Evasion moves are banned\n|rule|Species Clause: Limit one of each Pok\u00e9mon\n|rule|Sleep Clause Mod: Limit one foe put to sleep\n|clearpoke\n|poke|p1|Golisopod, F|\n|poke|p1|Xurkitree|\n|poke|p1|Nihilego|\n|poke|p1|Gliscor, M|\n|poke|p1|Deoxys-Defense|\n|poke|p1|Bisharp, M|\n|poke|p2|Zapdos|\n|poke|p2|Scizor, M|\n|poke|p2|Cinderace, F|\n|poke|p2|Primarina, F|\n|poke|p2|Ogerpon, F|\n|poke|p2|Iron Treads|\n|teampreview\n|inactive|Battle timer is ON: inactive players will automatically lose when time's up. (requested by wind233)\n|inactive|TeaBooker also wants the timer to be on.\n|\n|t:|1700674041\n|start\n|switch|p1a: Gliscor|Gliscor, M, shiny|100\/100\n|switch|p2a: \u53bb\uff0c\u4f60\u9ebb\u75f9|Zapdos|100\/100\n|turn|1\n|\n|t:|1700674044\n|move|p1a: Gliscor|Toxic|p2a: \u53bb\uff0c\u4f60\u9ebb\u75f9|[miss]\n|-miss|p1a: Gliscor|p2a: \u53bb\uff0c\u4f60\u9ebb\u75f9\n|-zpower|p2a: \u53bb\uff0c\u4f60\u9ebb\u75f9\n|move|p2a: \u53bb\uff0c\u4f60\u9ebb\u75f9|Supersonic Skystrike|p1a: Gliscor|[zeffect]\n|-damage|p1a: Gliscor|0 fnt\n|faint|p1a: Gliscor\n|\n|upkeep\n|\n|t:|1700674051\n|switch|p1a: Nihilego|Nihilego, shiny|100\/100\n|-item|p1a: Nihilego|Air Balloon\n|turn|2\n|\n|t:|1700674055\n|switch|p2a: \u6447\u6446\u4f4d|Iron Treads|100\/100\n|move|p1a: Nihilego|Power Gem|p2a: \u6447\u6446\u4f4d\n|-resisted|p2a: \u6447\u6446\u4f4d\n|-damage|p2a: \u6447\u6446\u4f4d|90\/100\n|\n|upkeep\n|turn|3\n|\n|t:|1700674063\n|move|p2a: \u6447\u6446\u4f4d|Iron Head|p1a: Nihilego\n|-supereffective|p1a: Nihilego\n|-damage|p1a: Nihilego|0 fnt\n|-enditem|p1a: Nihilego|Air Balloon\n|faint|p1a: Nihilego\n|\n|upkeep\n|\n|t:|1700674082\n|switch|p1a: Deoxys|Deoxys-Defense, shiny|100\/100\n|-ability|p1a: Deoxys|Pressure\n|turn|4\n|\n|t:|1700674089\n|move|p2a: \u6447\u6446\u4f4d|Iron Head|p1a: Deoxys\n|-damage|p1a: Deoxys|71\/100\n|-damage|p2a: \u6447\u6446\u4f4d|74\/100|[from] item: Rocky Helmet|[of] p1a: Deoxys\n|move|p1a: Deoxys|Stealth Rock|p2a: \u6447\u6446\u4f4d\n|-sidestart|p2: wind233|move: Stealth Rock\n|\n|upkeep\n|turn|5\n|\n|t:|1700674097\n|move|p2a: \u6447\u6446\u4f4d|Earthquake|p1a: Deoxys\n|-damage|p1a: Deoxys|38\/100\n|move|p1a: Deoxys|Recover|p1a: Deoxys\n|-heal|p1a: Deoxys|88\/100\n|\n|upkeep\n|turn|6\n|\n|t:|1700674105\n|switch|p1a: Golisopod|Golisopod, F, shiny|100\/100\n|move|p2a: \u6447\u6446\u4f4d|Earthquake|p1a: Golisopod\n|-resisted|p1a: Golisopod\n|-damage|p1a: Golisopod|82\/100\n|\n|upkeep\n|turn|7\n|\n|t:|1700674112\n|move|p1a: Golisopod|Aqua Jet|p2a: \u6447\u6446\u4f4d\n|-supereffective|p2a: \u6447\u6446\u4f4d\n|-damage|p2a: \u6447\u6446\u4f4d|29\/100\n|move|p2a: \u6447\u6446\u4f4d|Volt Switch|p1a: Golisopod\n|-supereffective|p1a: Golisopod\n|-damage|p1a: Golisopod|60\/100\n|\n|t:|1700674119\n|-end|p2a: \u6447\u6446\u4f4d|Quark Drive|[silent]\n|switch|p2a: \u7ed9\u4f60\u8349\u68d2\u68d2|Ogerpon, F|100\/100|[from] Volt Switch\n|\n|upkeep\n|turn|8\n|\n|t:|1700674126\n|-terastallize|p1a: Golisopod|Bug\n|move|p2a: \u7ed9\u4f60\u8349\u68d2\u68d2|Swords Dance|p2a: \u7ed9\u4f60\u8349\u68d2\u68d2\n|-boost|p2a: \u7ed9\u4f60\u8349\u68d2\u68d2|atk|2\n|move|p1a: Golisopod|Leech Life|p2a: \u7ed9\u4f60\u8349\u68d2\u68d2\n|-supereffective|p2a: \u7ed9\u4f60\u8349\u68d2\u68d2\n|-damage|p2a: \u7ed9\u4f60\u8349\u68d2\u68d2|0 fnt\n|-heal|p1a: Golisopod|100\/100|[from] drain|[of] p2a: \u7ed9\u4f60\u8349\u68d2\u68d2\n|faint|p2a: \u7ed9\u4f60\u8349\u68d2\u68d2\n|\n|upkeep\n|\n|t:|1700674132\n|switch|p2a: \u5584\u6f14\u738b\u724c|Cinderace, F|100\/100\n|turn|9\n|\n|t:|1700674140\n|move|p1a: Golisopod|Aqua Jet|p2a: \u5584\u6f14\u738b\u724c\n|-supereffective|p2a: \u5584\u6f14\u738b\u724c\n|-damage|p2a: \u5584\u6f14\u738b\u724c|37\/100\n|move|p2a: \u5584\u6f14\u738b\u724c|Pyro Ball|p1a: Golisopod\n|-supereffective|p1a: Golisopod\n|-damage|p1a: Golisopod|16\/100\n|-activate|p1a: Golisopod|ability: Emergency Exit\n|\n|t:|1700674157\n|switch|p1a: Xurkitree|Xurkitree, shiny|100\/100\n|\n|upkeep\n|turn|10\n|\n|t:|1700674178\n|move|p1a: Xurkitree|Energy Ball|p2a: \u5584\u6f14\u738b\u724c\n|-resisted|p2a: \u5584\u6f14\u738b\u724c\n|-damage|p2a: \u5584\u6f14\u738b\u724c|8\/100\n|move|p2a: \u5584\u6f14\u738b\u724c|Pyro Ball|p1a: Xurkitree|[miss]\n|-miss|p2a: \u5584\u6f14\u738b\u724c|p1a: Xurkitree\n|\n|upkeep\n|turn|11\n|\n|t:|1700674190\n|switch|p2a: \u8001\u903c\u767b\u5403\u6211\u4e00\u62f3|Scizor, M|100\/100\n|-damage|p2a: \u8001\u903c\u767b\u5403\u6211\u4e00\u62f3|88\/100|[from] Stealth Rock\n|move|p1a: Xurkitree|Energy Ball|p2a: \u8001\u903c\u767b\u5403\u6211\u4e00\u62f3\n|-resisted|p2a: \u8001\u903c\u767b\u5403\u6211\u4e00\u62f3\n|-damage|p2a: \u8001\u903c\u767b\u5403\u6211\u4e00\u62f3|77\/100\n|\n|upkeep\n|turn|12\n|\n|t:|1700674198\n|switch|p1a: Deoxys|Deoxys-Defense, shiny|88\/100\n|-ability|p1a: Deoxys|Pressure\n|detailschange|p2a: \u8001\u903c\u767b\u5403\u6211\u4e00\u62f3|Scizor-Mega, M\n|-mega|p2a: \u8001\u903c\u767b\u5403\u6211\u4e00\u62f3|Scizor|Scizorite\n|move|p2a: \u8001\u903c\u767b\u5403\u6211\u4e00\u62f3|Dual Wingbeat|p1a: Deoxys\n|-damage|p1a: Deoxys|70\/100\n|-damage|p2a: \u8001\u903c\u767b\u5403\u6211\u4e00\u62f3|61\/100|[from] item: Rocky Helmet|[of] p1a: Deoxys\n|-damage|p1a: Deoxys|51\/100\n|-damage|p2a: \u8001\u903c\u767b\u5403\u6211\u4e00\u62f3|44\/100|[from] item: Rocky Helmet|[of] p1a: Deoxys\n|-hitcount|p1a: Deoxys|2\n|\n|upkeep\n|turn|13\n|\n|t:|1700674204\n|move|p1a: Deoxys|Taunt|p2a: \u8001\u903c\u767b\u5403\u6211\u4e00\u62f3\n|-start|p2a: \u8001\u903c\u767b\u5403\u6211\u4e00\u62f3|move: Taunt\n|cant|p2a: \u8001\u903c\u767b\u5403\u6211\u4e00\u62f3|move: Taunt|Roost\n|\n|upkeep\n|turn|14\n|\n|t:|1700674212\n|switch|p2a: \u5584\u6f14\u738b\u724c|Cinderace, F|8\/100\n|move|p1a: Deoxys|Recover|p1a: Deoxys\n|-heal|p1a: Deoxys|100\/100\n|\n|upkeep\n|turn|15\n|\n|t:|1700674223\n|switch|p1a: Golisopod|Golisopod, F, shiny, tera:Bug|16\/100\n|move|p2a: \u5584\u6f14\u738b\u724c|Court Change|p2a: \u5584\u6f14\u738b\u724c\n|-start|p2a: \u5584\u6f14\u738b\u724c|typechange|Normal|[from] ability: Libero\n|-swapsideconditions\n|-activate|p2a: \u5584\u6f14\u738b\u724c|move: Court Change\n|\n|upkeep\n|turn|16\n|\n|t:|1700674242\n|switch|p2a: \u4f60\u5c31\u662f\u6b4c\u59ec\u5427|Primarina, F|100\/100\n|move|p1a: Golisopod|Aqua Jet|p2a: \u4f60\u5c31\u662f\u6b4c\u59ec\u5427\n|-resisted|p2a: \u4f60\u5c31\u662f\u6b4c\u59ec\u5427\n|-damage|p2a: \u4f60\u5c31\u662f\u6b4c\u59ec\u5427|89\/100\n|\n|upkeep\n|turn|17\n|\n|t:|1700674257\n|switch|p1a: Deoxys|Deoxys-Defense, shiny|100\/100\n|-damage|p1a: Deoxys|88\/100|[from] Stealth Rock\n|-ability|p1a: Deoxys|Pressure\n|-terastallize|p2a: \u4f60\u5c31\u662f\u6b4c\u59ec\u5427|Ghost\n|move|p2a: \u4f60\u5c31\u662f\u6b4c\u59ec\u5427|Moonblast|p1a: Deoxys\n|-damage|p1a: Deoxys|47\/100\n|\n|upkeep\n|turn|18\n|\n|t:|1700674270\n|move|p1a: Deoxys|Stealth Rock|p2a: \u4f60\u5c31\u662f\u6b4c\u59ec\u5427\n|-sidestart|p2: wind233|move: Stealth Rock\n|move|p2a: \u4f60\u5c31\u662f\u6b4c\u59ec\u5427|Moonblast|p1a: Deoxys\n|-damage|p1a: Deoxys|4\/100\n|-unboost|p1a: Deoxys|spa|1\n|\n|upkeep\n|turn|19\n|\n|t:|1700674275\n|move|p1a: Deoxys|Recover|p1a: Deoxys\n|-heal|p1a: Deoxys|54\/100\n|move|p2a: \u4f60\u5c31\u662f\u6b4c\u59ec\u5427|Shadow Ball|p1a: Deoxys\n|-supereffective|p1a: Deoxys\n|-damage|p1a: Deoxys|0 fnt\n|faint|p1a: Deoxys\n|\n|upkeep\n|\n|t:|1700674291\n|switch|p1a: Bisharp|Bisharp, M, shiny|100\/100\n|-damage|p1a: Bisharp|95\/100|[from] Stealth Rock\n|turn|20\n|\n|t:|1700674298\n|switch|p2a: \u6447\u6446\u4f4d|Iron Treads|29\/100\n|-damage|p2a: \u6447\u6446\u4f4d|26\/100|[from] Stealth Rock\n|move|p1a: Bisharp|Knock Off|p2a: \u6447\u6446\u4f4d\n|-damage|p2a: \u6447\u6446\u4f4d|0 fnt\n|-enditem|p2a: \u6447\u6446\u4f4d|Assault Vest|[from] move: Knock Off|[of] p1a: Bisharp\n|faint|p2a: \u6447\u6446\u4f4d\n|-end|p2a: \u6447\u6446\u4f4d|Quark Drive|[silent]\n|\n|upkeep\n|\n|t:|1700674305\n|switch|p2a: \u5584\u6f14\u738b\u724c|Cinderace, F|8\/100\n|turn|21\n|\n|t:|1700674310\n|move|p1a: Bisharp|Sucker Punch|p2a: \u5584\u6f14\u738b\u724c\n|-damage|p2a: \u5584\u6f14\u738b\u724c|0 fnt\n|faint|p2a: \u5584\u6f14\u738b\u724c\n|\n|upkeep\n|\n|t:|1700674315\n|switch|p2a: \u8001\u903c\u767b\u5403\u6211\u4e00\u62f3|Scizor-Mega, M|44\/100\n|-damage|p2a: \u8001\u903c\u767b\u5403\u6211\u4e00\u62f3|32\/100|[from] Stealth Rock\n|turn|22\n|\n|t:|1700674319\n|move|p2a: \u8001\u903c\u767b\u5403\u6211\u4e00\u62f3|Roost|p2a: \u8001\u903c\u767b\u5403\u6211\u4e00\u62f3\n|-heal|p2a: \u8001\u903c\u767b\u5403\u6211\u4e00\u62f3|82\/100\n|-singleturn|p2a: \u8001\u903c\u767b\u5403\u6211\u4e00\u62f3|move: Roost\n|move|p1a: Bisharp|Knock Off|p2a: \u8001\u903c\u767b\u5403\u6211\u4e00\u62f3\n|-damage|p2a: \u8001\u903c\u767b\u5403\u6211\u4e00\u62f3|53\/100\n|\n|upkeep\n|turn|23\n|\n|t:|1700674324\n|move|p2a: \u8001\u903c\u767b\u5403\u6211\u4e00\u62f3|Roost|p2a: \u8001\u903c\u767b\u5403\u6211\u4e00\u62f3\n|-heal|p2a: \u8001\u903c\u767b\u5403\u6211\u4e00\u62f3|100\/100\n|-singleturn|p2a: \u8001\u903c\u767b\u5403\u6211\u4e00\u62f3|move: Roost\n|move|p1a: Bisharp|Brick Break|p2a: \u8001\u903c\u767b\u5403\u6211\u4e00\u62f3\n|-damage|p2a: \u8001\u903c\u767b\u5403\u6211\u4e00\u62f3|81\/100\n|\n|upkeep\n|turn|24\n|\n|t:|1700674329\n|move|p2a: \u8001\u903c\u767b\u5403\u6211\u4e00\u62f3|Dual Wingbeat|p1a: Bisharp\n|-resisted|p1a: Bisharp\n|-damage|p1a: Bisharp|86\/100\n|-resisted|p1a: Bisharp\n|-damage|p1a: Bisharp|77\/100\n|-hitcount|p1a: Bisharp|2\n|move|p1a: Bisharp|Knock Off|p2a: \u8001\u903c\u767b\u5403\u6211\u4e00\u62f3\n|-damage|p2a: \u8001\u903c\u767b\u5403\u6211\u4e00\u62f3|54\/100\n|\n|upkeep\n|turn|25\n|\n|t:|1700674337\n|move|p2a: \u8001\u903c\u767b\u5403\u6211\u4e00\u62f3|Dual Wingbeat|p1a: Bisharp\n|-resisted|p1a: Bisharp\n|-damage|p1a: Bisharp|69\/100\n|-resisted|p1a: Bisharp\n|-damage|p1a: Bisharp|60\/100\n|-hitcount|p1a: Bisharp|2\n|move|p1a: Bisharp|Knock Off|p2a: \u8001\u903c\u767b\u5403\u6211\u4e00\u62f3\n|-damage|p2a: \u8001\u903c\u767b\u5403\u6211\u4e00\u62f3|29\/100\n|\n|upkeep\n|turn|26\n|\n|t:|1700674347\n|move|p2a: \u8001\u903c\u767b\u5403\u6211\u4e00\u62f3|Roost|p2a: \u8001\u903c\u767b\u5403\u6211\u4e00\u62f3\n|-heal|p2a: \u8001\u903c\u767b\u5403\u6211\u4e00\u62f3|79\/100\n|-singleturn|p2a: \u8001\u903c\u767b\u5403\u6211\u4e00\u62f3|move: Roost\n|move|p1a: Bisharp|Knock Off|p2a: \u8001\u903c\u767b\u5403\u6211\u4e00\u62f3\n|-damage|p2a: \u8001\u903c\u767b\u5403\u6211\u4e00\u62f3|49\/100\n|\n|upkeep\n|turn|27\n|\n|t:|1700674354\n|move|p2a: \u8001\u903c\u767b\u5403\u6211\u4e00\u62f3|Roost|p2a: \u8001\u903c\u767b\u5403\u6211\u4e00\u62f3\n|-heal|p2a: \u8001\u903c\u767b\u5403\u6211\u4e00\u62f3|99\/100\n|-singleturn|p2a: \u8001\u903c\u767b\u5403\u6211\u4e00\u62f3|move: Roost\n|move|p1a: Bisharp|Knock Off|p2a: \u8001\u903c\u767b\u5403\u6211\u4e00\u62f3\n|-damage|p2a: \u8001\u903c\u767b\u5403\u6211\u4e00\u62f3|74\/100\n|\n|upkeep\n|turn|28\n|\n|t:|1700674362\n|move|p2a: \u8001\u903c\u767b\u5403\u6211\u4e00\u62f3|U-turn|p1a: Bisharp\n|-damage|p1a: Bisharp|31\/100\n|\n|t:|1700674365\n|switch|p2a: \u53bb\uff0c\u4f60\u9ebb\u75f9|Zapdos|100\/100|[from] U-turn\n|-damage|p2a: \u53bb\uff0c\u4f60\u9ebb\u75f9|76\/100|[from] Stealth Rock\n|move|p1a: Bisharp|Knock Off|p2a: \u53bb\uff0c\u4f60\u9ebb\u75f9\n|-damage|p2a: \u53bb\uff0c\u4f60\u9ebb\u75f9|37\/100\n|\n|upkeep\n|turn|29\n|\n|t:|1700674378\n|move|p1a: Bisharp|Sucker Punch||[still]\n|-fail|p1a: Bisharp\n|move|p2a: \u53bb\uff0c\u4f60\u9ebb\u75f9|Roost|p2a: \u53bb\uff0c\u4f60\u9ebb\u75f9\n|-heal|p2a: \u53bb\uff0c\u4f60\u9ebb\u75f9|87\/100\n|-singleturn|p2a: \u53bb\uff0c\u4f60\u9ebb\u75f9|move: Roost\n|\n|upkeep\n|turn|30\n|\n|t:|1700674385\n|move|p2a: \u53bb\uff0c\u4f60\u9ebb\u75f9|Discharge|p1a: Bisharp\n|-damage|p1a: Bisharp|0 fnt\n|faint|p1a: Bisharp\n|\n|upkeep\n|\n|t:|1700674396\n|switch|p1a: Xurkitree|Xurkitree, shiny|100\/100\n|-damage|p1a: Xurkitree|88\/100|[from] Stealth Rock\n|turn|31\n|\n|t:|1700674404\n|move|p1a: Xurkitree|Thunderbolt|p2a: \u53bb\uff0c\u4f60\u9ebb\u75f9\n|-damage|p2a: \u53bb\uff0c\u4f60\u9ebb\u75f9|33\/100\n|move|p2a: \u53bb\uff0c\u4f60\u9ebb\u75f9|Hurricane|p1a: Xurkitree\n|-resisted|p1a: Xurkitree\n|-damage|p1a: Xurkitree|47\/100\n|\n|upkeep\n|turn|32\n|\n|t:|1700674411\n|move|p1a: Xurkitree|Thunderbolt|p2a: \u53bb\uff0c\u4f60\u9ebb\u75f9\n|-damage|p2a: \u53bb\uff0c\u4f60\u9ebb\u75f9|0 fnt\n|faint|p2a: \u53bb\uff0c\u4f60\u9ebb\u75f9\n|-ability|p1a: Xurkitree|Beast Boost|boost\n|-boost|p1a: Xurkitree|spa|1\n|\n|upkeep\n|\n|t:|1700674414\n|switch|p2a: \u8001\u903c\u767b\u5403\u6211\u4e00\u62f3|Scizor-Mega, M|74\/100\n|-damage|p2a: \u8001\u903c\u767b\u5403\u6211\u4e00\u62f3|62\/100|[from] Stealth Rock\n|turn|33\n|\n|t:|1700674421\n|move|p2a: \u8001\u903c\u767b\u5403\u6211\u4e00\u62f3|Bullet Punch|p1a: Xurkitree\n|-resisted|p1a: Xurkitree\n|-damage|p1a: Xurkitree|21\/100\n|move|p1a: Xurkitree|Thunderbolt|p2a: \u8001\u903c\u767b\u5403\u6211\u4e00\u62f3\n|-damage|p2a: \u8001\u903c\u767b\u5403\u6211\u4e00\u62f3|0 fnt\n|faint|p2a: \u8001\u903c\u767b\u5403\u6211\u4e00\u62f3\n|-ability|p1a: Xurkitree|Beast Boost|boost\n|-boost|p1a: Xurkitree|spa|1\n|\n|upkeep\n|\n|t:|1700674424\n|switch|p2a: \u4f60\u5c31\u662f\u6b4c\u59ec\u5427|Primarina, F, tera:Ghost|89\/100\n|-damage|p2a: \u4f60\u5c31\u662f\u6b4c\u59ec\u5427|77\/100|[from] Stealth Rock\n|turn|34\n|\n|t:|1700674429\n|move|p1a: Xurkitree|Thunderbolt|p2a: \u4f60\u5c31\u662f\u6b4c\u59ec\u5427\n|-damage|p2a: \u4f60\u5c31\u662f\u6b4c\u59ec\u5427|0 fnt\n|faint|p2a: \u4f60\u5c31\u662f\u6b4c\u59ec\u5427\n|\n|win|TeaBooker\n|raw|TeaBooker's rating: 1326 &rarr; <strong>1356<\/strong><br \/>(+30 for winning)\n|raw|wind233's rating: 1520 &rarr; <strong>1490<\/strong><br \/>(-30 for losing)\n|l|\u2606wind233\n|c|\u2606TeaBooker|Great game\n","uploadtime":1700674450,"views":10,"p1id":"teabooker","p2id":"wind233","formatid":"gen9nationaldex","rating":1356,"private":0,"password":""}