{"id":"gen9nationaldex-1994282001","p1":"Spyravlos","p2":"NotAmazingYT","format":"[Gen 9] National Dex","log":"|j|\u2606Spyravlos\n|j|\u2606NotAmazingYT\n|t:|1700426719\n|gametype|singles\n|player|p1|Spyravlos|grimsley|1250\n|player|p2|NotAmazingYT|cynthia-gen4|1201\n|teamsize|p1|6\n|teamsize|p2|6\n|gen|9\n|tier|[Gen 9] National Dex\n|rated|\n|rule|HP Percentage Mod: HP is shown in percentages\n|rule|Endless Battle Clause: Forcing endless battles is banned\n|rule|OHKO Clause: OHKO moves are banned\n|rule|Evasion Clause: Evasion abilities, items, and moves are banned\n|rule|Evasion Abilities Clause: Evasion abilities are banned\n|rule|Evasion Items Clause: Evasion items are banned\n|rule|Evasion Moves Clause: Evasion moves are banned\n|rule|Species Clause: Limit one of each Pok\u00e9mon\n|rule|Sleep Clause Mod: Limit one foe put to sleep\n|clearpoke\n|poke|p1|Volcarona, F|\n|poke|p1|Quagsire, M|\n|poke|p1|Kilowattrel, F|\n|poke|p1|Gardevoir, F|\n|poke|p1|Gliscor, F|\n|poke|p1|Gengar, M|\n|poke|p2|Garchomp, F|\n|poke|p2|Gliscor, M|\n|poke|p2|Heatran, M|\n|poke|p2|Manaphy|\n|poke|p2|Zoroark-Hisui, M|\n|poke|p2|Weavile, M|\n|teampreview\n|inactive|Battle timer is ON: inactive players will automatically lose when time's up. (requested by Spyravlos)\n|\n|t:|1700426733\n|start\n|switch|p1a: Glenn|Quagsire, M|100\/100\n|switch|p2a: Heatran|Heatran, M|100\/100\n|turn|1\n|\n|t:|1700426745\n|switch|p2a: Gliscor|Gliscor, M|100\/100\n|move|p1a: Glenn|Scald|p2a: Gliscor\n|-supereffective|p2a: Gliscor\n|-damage|p2a: Gliscor|51\/100\n|\n|-status|p2a: Gliscor|tox|[from] item: Toxic Orb\n|upkeep\n|turn|2\n|\n|t:|1700426757\n|move|p2a: Gliscor|Roost|p2a: Gliscor\n|-heal|p2a: Gliscor|100\/100 tox\n|-singleturn|p2a: Gliscor|move: Roost\n|move|p1a: Glenn|Scald|p2a: Gliscor\n|-supereffective|p2a: Gliscor\n|-damage|p2a: Gliscor|55\/100 tox\n|\n|-heal|p2a: Gliscor|67\/100 tox|[from] ability: Poison Heal\n|upkeep\n|turn|3\n|\n|t:|1700426763\n|move|p2a: Gliscor|Toxic|p1a: Glenn\n|-status|p1a: Glenn|tox\n|move|p1a: Glenn|Scald|p2a: Gliscor\n|-supereffective|p2a: Gliscor\n|-damage|p2a: Gliscor|20\/100 tox\n|\n|-heal|p2a: Gliscor|32\/100 tox|[from] ability: Poison Heal\n|-damage|p1a: Glenn|94\/100 tox|[from] psn\n|upkeep\n|turn|4\n|\n|t:|1700426772\n|switch|p1a: Marigold|Gliscor, F|100\/100\n|move|p2a: Gliscor|Roost|p2a: Gliscor\n|-heal|p2a: Gliscor|82\/100 tox\n|-singleturn|p2a: Gliscor|move: Roost\n|\n|-heal|p2a: Gliscor|95\/100 tox|[from] ability: Poison Heal\n|-status|p1a: Marigold|tox|[from] item: Toxic Orb\n|upkeep\n|turn|5\n|\n|t:|1700426777\n|switch|p2a: Weavile|Weavile, M|100\/100\n|-ability|p2a: Weavile|Pressure\n|move|p1a: Marigold|Stealth Rock|p2a: Weavile\n|-sidestart|p2: NotAmazingYT|move: Stealth Rock\n|\n|upkeep\n|turn|6\n|\n|t:|1700426785\n|switch|p1a: Glenn|Quagsire, M|94\/100 tox\n|move|p2a: Weavile|Triple Axel|p1a: Glenn\n|-damage|p1a: Glenn|82\/100 tox\n|-damage|p1a: Glenn|55\/100 tox\n|-damage|p1a: Glenn|15\/100 tox\n|-hitcount|p1a: Glenn|3\n|\n|-heal|p1a: Glenn|21\/100 tox|[from] item: Leftovers\n|-damage|p1a: Glenn|15\/100 tox|[from] psn\n|upkeep\n|turn|7\n|\n|t:|1700426794\n|move|p2a: Weavile|Triple Axel|p1a: Glenn\n|-damage|p1a: Glenn|1\/100 tox\n|-damage|p1a: Glenn|0 fnt\n|faint|p1a: Glenn\n|-hitcount|p1: Glenn|2\n|\n|upkeep\n|\n|t:|1700426796\n|switch|p1a: Aurelia|Volcarona, F|100\/100\n|turn|8\n|\n|t:|1700426806\n|switch|p2a: Heatran|Heatran, M|100\/100\n|-damage|p2a: Heatran|88\/100|[from] Stealth Rock\n|move|p1a: Aurelia|Quiver Dance|p1a: Aurelia\n|-boost|p1a: Aurelia|spa|1\n|-boost|p1a: Aurelia|spd|1\n|-boost|p1a: Aurelia|spe|1\n|\n|-heal|p2a: Heatran|94\/100|[from] item: Leftovers\n|upkeep\n|turn|9\n|\n|t:|1700426815\n|move|p1a: Aurelia|Bug Buzz|p2a: Heatran\n|-resisted|p2a: Heatran\n|-damage|p2a: Heatran|82\/100\n|move|p2a: Heatran|Taunt|p1a: Aurelia\n|-start|p1a: Aurelia|move: Taunt\n|\n|-heal|p2a: Heatran|88\/100|[from] item: Leftovers\n|upkeep\n|turn|10\n|\n|t:|1700426820\n|move|p1a: Aurelia|Bug Buzz|p2a: Heatran\n|-resisted|p2a: Heatran\n|-damage|p2a: Heatran|76\/100\n|move|p2a: Heatran|Stealth Rock|p1a: Aurelia\n|-sidestart|p1: Spyravlos|move: Stealth Rock\n|\n|-heal|p2a: Heatran|82\/100|[from] item: Leftovers\n|upkeep\n|turn|11\n|\n|t:|1700426828\n|switch|p1a: Lemon|Kilowattrel, F|100\/100\n|move|p2a: Heatran|Magma Storm|p1a: Lemon|[miss]\n|-miss|p2a: Heatran|p1a: Lemon\n|\n|-heal|p2a: Heatran|88\/100|[from] item: Leftovers\n|upkeep\n|turn|12\n|\n|t:|1700426842\n|move|p1a: Lemon|Discharge|p2a: Heatran\n|-damage|p2a: Heatran|65\/100\n|move|p2a: Heatran|Magma Storm|p1a: Lemon\n|-damage|p1a: Lemon|21\/100\n|-activate|p1a: Lemon|move: Magma Storm|[of] p2a: Heatran\n|\n|-heal|p2a: Heatran|72\/100|[from] item: Leftovers\n|-damage|p1a: Lemon|9\/100|[from] move: Magma Storm|[partiallytrapped]\n|upkeep\n|turn|13\n|\n|t:|1700426857\n|switch|p2a: Gliscor|Gliscor, M|95\/100 tox\n|-damage|p2a: Gliscor|82\/100 tox|[from] Stealth Rock\n|move|p1a: Lemon|Discharge|p2a: Gliscor\n|-immune|p2a: Gliscor\n|\n|-heal|p2a: Gliscor|95\/100 tox|[from] ability: Poison Heal\n|-end|p1a: Lemon|Magma Storm|[partiallytrapped]|[silent]\n|upkeep\n|turn|14\n|\n|t:|1700426865\n|move|p1a: Lemon|Air Slash|p2a: Gliscor\n|-damage|p2a: Gliscor|54\/100 tox\n|move|p2a: Gliscor|Toxic|p1a: Lemon\n|-status|p1a: Lemon|tox\n|\n|-damage|p1a: Lemon|3\/100 tox|[from] psn\n|-heal|p2a: Gliscor|66\/100 tox|[from] ability: Poison Heal\n|upkeep\n|turn|15\n|\n|t:|1700426870\n|move|p1a: Lemon|Air Slash|p2a: Gliscor\n|-damage|p2a: Gliscor|21\/100 tox\n|cant|p2a: Gliscor|flinch\n|\n|-damage|p1a: Lemon|0 fnt|[from] psn\n|faint|p1a: Lemon\n|-heal|p2a: Gliscor|34\/100 tox|[from] ability: Poison Heal\n|upkeep\n|\n|t:|1700426874\n|switch|p1a: Mr. Fog|Gengar, M|100\/100\n|-damage|p1a: Mr. Fog|88\/100|[from] Stealth Rock\n|turn|16\n|\n|t:|1700426880\n|switch|p2a: Heatran|Heatran, M|100\/100\n|-damage|p2a: Heatran|88\/100|[from] Stealth Rock\n|move|p1a: Mr. Fog|Trick|p2a: Heatran\n|-activate|p1a: Mr. Fog|move: Trick|[of] p2a: Heatran\n|-item|p2a: Heatran|Choice Scarf|[from] move: Trick\n|-item|p1a: Mr. Fog|Choice Scarf|[from] move: Trick\n|\n|upkeep\n|turn|17\n|-message|Spyravlos forfeited.\n|\n|win|NotAmazingYT\n|raw|Spyravlos's rating: 1250 &rarr; <strong>1221<\/strong><br \/>(-29 for losing)\n|raw|NotAmazingYT's rating: 1201 &rarr; <strong>1230<\/strong><br \/>(+29 for winning)\n|l|\u2606Spyravlos\n","uploadtime":1700426898,"views":5,"p1id":"spyravlos","p2id":"notamazingyt","formatid":"gen9nationaldex","rating":1221,"private":0,"password":""}