{"id":"gen9nationaldex-1998538701","p1":"beckhazel","p2":"AliceWolfx","format":"[Gen 9] National Dex","log":"|html|<div class=\"broadcast-blue\"><strong>[Gen 9] National Dex is currently suspecting Sneasler! For information on how to participate check out the <a href=\"https:\/\/www.smogon.com\/forums\/threads\/sv-national-dex-suspect-8-just-dance.3731534\/\">suspect thread<\/a>.<\/strong><\/div>\n|j|\u2606beckhazel\n|j|\u2606AliceWolfx\n|t:|1700953826\n|gametype|singles\n|player|p1|beckhazel|lyra|\n|player|p2|AliceWolfx|cynthia-gen4|\n|teamsize|p1|6\n|teamsize|p2|6\n|gen|9\n|tier|[Gen 9] National Dex\n|rule|HP Percentage Mod: HP is shown in percentages\n|rule|Endless Battle Clause: Forcing endless battles is banned\n|rule|OHKO Clause: OHKO moves are banned\n|rule|Evasion Clause: Evasion abilities, items, and moves are banned\n|rule|Evasion Abilities Clause: Evasion abilities are banned\n|rule|Evasion Items Clause: Evasion items are banned\n|rule|Evasion Moves Clause: Evasion moves are banned\n|rule|Species Clause: Limit one of each Pok\u00e9mon\n|rule|Sleep Clause Mod: Limit one foe put to sleep\n|clearpoke\n|poke|p1|Indeedee-F, F|\n|poke|p1|Farigiraf, F|\n|poke|p1|Raticate-Alola, F|\n|poke|p1|Cinccino, F|\n|poke|p1|Stoutland, F|\n|poke|p1|Zoroark-Hisui, F|\n|poke|p2|Indeedee, M|\n|poke|p2|Armarouge, F|\n|poke|p2|Latios, M|\n|poke|p2|Slowbro, F|\n|poke|p2|Gallade, M|\n|poke|p2|Scream Tail|\n|teampreview\n|\n|t:|1700953892\n|start\n|switch|p1a: fat ass rat|Raticate-Alola, F|100\/100\n|switch|p2a: The Moncher|Scream Tail|100\/100\n|turn|1\n|\n|t:|1700953901\n|move|p2a: The Moncher|Stealth Rock|p1a: fat ass rat\n|-sidestart|p1: beckhazel|move: Stealth Rock\n|move|p1a: fat ass rat|Knock Off|p2a: The Moncher\n|-damage|p2a: The Moncher|73\/100\n|-enditem|p2a: The Moncher|Light Clay|[from] move: Knock Off|[of] p1a: fat ass rat\n|\n|upkeep\n|turn|2\n|\n|t:|1700953909\n|move|p1a: fat ass rat|Sucker Punch||[still]\n|-fail|p1a: fat ass rat\n|move|p2a: The Moncher|Reflect|p2a: The Moncher\n|-sidestart|p2: AliceWolfx|Reflect\n|\n|upkeep\n|turn|3\n|\n|t:|1700953919\n|move|p2a: The Moncher|Light Screen|p2a: The Moncher\n|-sidestart|p2: AliceWolfx|move: Light Screen\n|move|p1a: fat ass rat|Super Fang|p2a: The Moncher\n|-damage|p2a: The Moncher|37\/100\n|\n|upkeep\n|turn|4\n|\n|t:|1700953974\n|-end|p2a: The Moncher|Protosynthesis|[silent]\n|switch|p2a: My Tail Hurts|Slowbro, F|100\/100\n|move|p1a: fat ass rat|U-turn|p2a: My Tail Hurts\n|-supereffective|p2a: My Tail Hurts\n|-damage|p2a: My Tail Hurts|90\/100\n|\n|t:|1700953993\n|switch|p1a: that dawg in em|Stoutland, F|100\/100|[from] U-turn\n|-damage|p1a: that dawg in em|88\/100|[from] Stealth Rock\n|\n|upkeep\n|turn|5\n|\n|t:|1700954029\n|move|p1a: that dawg in em|Ice Fang|p2a: My Tail Hurts\n|-resisted|p2a: My Tail Hurts\n|-damage|p2a: My Tail Hurts|86\/100\n|-damage|p1a: that dawg in em|78\/100|[from] item: Life Orb\n|move|p2a: My Tail Hurts|Iron Defense|p2a: My Tail Hurts\n|-boost|p2a: My Tail Hurts|def|2\n|\n|upkeep\n|turn|6\n|\n|t:|1700954052\n|switch|p1a: Swiss Army Knife\u2122|Cinccino, F|100\/100\n|-damage|p1a: Swiss Army Knife\u2122|88\/100|[from] Stealth Rock\n|move|p2a: My Tail Hurts|Body Press|p1a: Swiss Army Knife\u2122\n|-supereffective|p1a: Swiss Army Knife\u2122\n|-damage|p1a: Swiss Army Knife\u2122|0 fnt\n|faint|p1a: Swiss Army Knife\u2122\n|\n|-sideend|p2: AliceWolfx|Reflect\n|upkeep\n|\n|t:|1700954069\n|switch|p1a: oogi|Farigiraf, F|100\/100\n|-damage|p1a: oogi|88\/100|[from] Stealth Rock\n|turn|7\n|\n|t:|1700954087\n|move|p1a: oogi|Hyper Voice|p2a: My Tail Hurts\n|-damage|p2a: My Tail Hurts|61\/100\n|move|p2a: My Tail Hurts|Scald|p1a: oogi\n|-damage|p1a: oogi|58\/100\n|-status|p1a: oogi|brn\n|\n|-heal|p1a: oogi|64\/100 brn|[from] item: Leftovers\n|-damage|p1a: oogi|58\/100 brn|[from] brn\n|-sideend|p2: AliceWolfx|move: Light Screen\n|upkeep\n|turn|8\n|\n|t:|1700954104\n|switch|p1a: stan loona|Indeedee-F, F|100\/100\n|-damage|p1a: stan loona|88\/100|[from] Stealth Rock\n|move|p2a: My Tail Hurts|Iron Defense|p2a: My Tail Hurts\n|-boost|p2a: My Tail Hurts|def|2\n|\n|upkeep\n|turn|9\n|\n|t:|1700954125\n|move|p1a: stan loona|Grass Knot|p2a: My Tail Hurts\n|-supereffective|p2a: My Tail Hurts\n|-damage|p2a: My Tail Hurts|0 fnt\n|faint|p2a: My Tail Hurts\n|\n|upkeep\n|\n|t:|1700954138\n|switch|p2a: Slice n' Dice|Gallade, M|100\/100\n|turn|10\n|\n|t:|1700954161\n|switch|p1a: oogi|Farigiraf, F|58\/100 brn\n|-damage|p1a: oogi|46\/100 brn|[from] Stealth Rock\n|move|p2a: Slice n' Dice|Night Slash|p1a: oogi\n|-supereffective|p1a: oogi\n|-damage|p1a: oogi|0 fnt\n|faint|p1a: oogi\n|\n|upkeep\n|\n|t:|1700954171\n|switch|p1a: that dawg in em|Stoutland, F|78\/100\n|-damage|p1a: that dawg in em|66\/100|[from] Stealth Rock\n|turn|11\n|\n|t:|1700954187\n|switch|p2a: Zooooom|Latios, M, shiny|100\/100\n|move|p1a: that dawg in em|Iron Head|p2a: Zooooom\n|-damage|p2a: Zooooom|76\/100\n|-damage|p1a: that dawg in em|56\/100|[from] item: Life Orb\n|\n|-heal|p2a: Zooooom|82\/100|[from] item: Leftovers\n|upkeep\n|turn|12\n|\n|t:|1700954206\n|move|p1a: that dawg in em|Ice Fang|p2a: Zooooom|[miss]\n|-miss|p1a: that dawg in em|p2a: Zooooom\n|move|p2a: Zooooom|Calm Mind|p2a: Zooooom\n|-boost|p2a: Zooooom|spa|1\n|-boost|p2a: Zooooom|spd|1\n|\n|-heal|p2a: Zooooom|88\/100|[from] item: Leftovers\n|upkeep\n|turn|13\n|\n|t:|1700954225\n|move|p1a: that dawg in em|Ice Fang|p2a: Zooooom\n|-supereffective|p2a: Zooooom\n|-damage|p2a: Zooooom|45\/100\n|-damage|p1a: that dawg in em|46\/100|[from] item: Life Orb\n|move|p2a: Zooooom|Shadow Ball|p1a: that dawg in em\n|-immune|p1a: that dawg in em\n|\n|-heal|p2a: Zooooom|51\/100|[from] item: Leftovers\n|upkeep\n|turn|14\n|\n|t:|1700954250\n|switch|p2a: Exterminate|Armarouge, F|100\/100\n|move|p1a: that dawg in em|Ice Fang|p2a: Exterminate\n|-resisted|p2a: Exterminate\n|-damage|p2a: Exterminate|87\/100\n|-ability|p2a: Exterminate|Weak Armor|boost\n|-unboost|p2a: Exterminate|def|1\n|-boost|p2a: Exterminate|spe|2\n|-damage|p1a: that dawg in em|36\/100|[from] item: Life Orb\n|\n|upkeep\n|turn|15\n|\n|t:|1700954278\n|move|p2a: Exterminate|Dark Pulse|p1a: that dawg in em\n|-damage|p1a: that dawg in em|0 fnt\n|faint|p1a: that dawg in em\n|-damage|p2a: Exterminate|77\/100|[from] item: Life Orb\n|\n|upkeep\n|\n|t:|1700954283\n|switch|p1a: stan loona|Indeedee-F, F|88\/100\n|-damage|p1a: stan loona|76\/100|[from] Stealth Rock\n|turn|16\n|\n|t:|1700954288\n|move|p2a: Exterminate|Dark Pulse|p1a: stan loona\n|-supereffective|p1a: stan loona\n|-damage|p1a: stan loona|0 fnt\n|replace|p1a: Zoroark|Zoroark-Hisui, F, shiny\n|-end|p1a: Zoroark|Illusion\n|faint|p1a: Zoroark\n|-damage|p2a: Exterminate|67\/100|[from] item: Life Orb\n|\n|upkeep\n|\n|t:|1700954294\n|switch|p1a: fat ass rat|Raticate-Alola, F|100\/100\n|-damage|p1a: fat ass rat|88\/100|[from] Stealth Rock\n|turn|17\n|\n|t:|1700954315\n|switch|p2a: Zooooom|Latios, M, shiny|51\/100\n|move|p1a: fat ass rat|Knock Off|p2a: Zooooom\n|-supereffective|p2a: Zooooom\n|-damage|p2a: Zooooom|0 fnt\n|-enditem|p2a: Zooooom|Leftovers|[from] move: Knock Off|[of] p1a: fat ass rat\n|faint|p2a: Zooooom\n|\n|-heal|p1a: fat ass rat|94\/100|[from] item: Leftovers\n|upkeep\n|\n|t:|1700954325\n|switch|p2a: Slice n' Dice|Gallade, M|100\/100\n|turn|18\n|\n|t:|1700954329\n|move|p2a: Slice n' Dice|Sacred Sword|p1a: fat ass rat\n|-supereffective|p1a: fat ass rat\n|-damage|p1a: fat ass rat|0 fnt\n|faint|p1a: fat ass rat\n|\n|upkeep\n|\n|t:|1700954333\n|switch|p1a: stan loona|Indeedee-F, F|100\/100\n|-damage|p1a: stan loona|88\/100|[from] Stealth Rock\n|-fieldstart|move: Psychic Terrain|[from] ability: Psychic Surge|[of] p1a: stan loona\n|turn|19\n|\n|t:|1700954344\n|move|p2a: Slice n' Dice|Sacred Sword|p1a: stan loona\n|-damage|p1a: stan loona|0 fnt\n|faint|p1a: stan loona\n|\n|win|AliceWolfx\n","uploadtime":1700954351,"views":2,"p1id":"beckhazel","p2id":"alicewolfx","formatid":"gen9nationaldex","rating":0,"private":0,"password":""}