{"id":"gen9nationaldex-1995199052","p1":"fensabc","p2":"PennyPennyPenPen","format":"[Gen 9] National Dex","log":"|html|<div class=\"broadcast-blue\"><strong>[Gen 9] National Dex is currently suspecting Sneasler! For information on how to participate check out the <a href=\"https:\/\/www.smogon.com\/forums\/threads\/sv-national-dex-suspect-8-just-dance.3731534\/\">suspect thread<\/a>.<\/strong><\/div>\n|j|\u2606fensabc\n|j|\u2606PennyPennyPenPen\n|t:|1700533713\n|gametype|singles\n|player|p1|fensabc|youngster-gen4dp|1022\n|player|p2|PennyPennyPenPen|wattson|1000\n|teamsize|p1|6\n|teamsize|p2|6\n|gen|9\n|tier|[Gen 9] National Dex\n|rated|\n|rule|HP Percentage Mod: HP is shown in percentages\n|rule|Endless Battle Clause: Forcing endless battles is banned\n|rule|OHKO Clause: OHKO moves are banned\n|rule|Evasion Clause: Evasion abilities, items, and moves are banned\n|rule|Evasion Abilities Clause: Evasion abilities are banned\n|rule|Evasion Items Clause: Evasion items are banned\n|rule|Evasion Moves Clause: Evasion moves are banned\n|rule|Species Clause: Limit one of each Pok\u00e9mon\n|rule|Sleep Clause Mod: Limit one foe put to sleep\n|clearpoke\n|poke|p1|Banette, M|\n|poke|p1|Slowking-Galar, F|\n|poke|p1|Tapu Koko|\n|poke|p1|Gliscor, M|\n|poke|p1|Ogerpon-Wellspring, F|\n|poke|p1|Iron Valiant|\n|poke|p2|Weezing, M|\n|poke|p2|Klinklang|\n|poke|p2|Rotom-Frost|\n|poke|p2|Tangrowth, M|\n|poke|p2|Cofagrigus, F|\n|poke|p2|Exploud, M|\n|teampreview\n|\n|t:|1700533741\n|start\n|switch|p1a: Slowking|Slowking-Galar, F|100\/100\n|switch|p2a: Dr. Hyde|Weezing, M|100\/100\n|turn|1\n|\n|t:|1700533757\n|move|p2a: Dr. Hyde|Dark Pulse|p1a: Slowking\n|-supereffective|p1a: Slowking\n|-crit|p1a: Slowking\n|-damage|p1a: Slowking|62\/100\n|cant|p1a: Slowking|flinch\n|\n|upkeep\n|turn|2\n|\n|t:|1700533765\n|move|p2a: Dr. Hyde|Dark Pulse|p1a: Slowking\n|-supereffective|p1a: Slowking\n|-damage|p1a: Slowking|38\/100\n|move|p1a: Slowking|Future Sight|p2a: Dr. Hyde\n|-start|p1a: Slowking|move: Future Sight\n|\n|upkeep\n|turn|3\n|\n|t:|1700533782\n|switch|p1a: Gliscor|Gliscor, M|100\/100\n|move|p2a: Dr. Hyde|Dark Pulse|p1a: Gliscor\n|-damage|p1a: Gliscor|82\/100\n|\n|-status|p1a: Gliscor|tox|[from] item: Toxic Orb\n|upkeep\n|turn|4\n|\n|t:|1700533799\n|move|p1a: Gliscor|Knock Off|p2a: Dr. Hyde\n|-damage|p2a: Dr. Hyde|81\/100\n|-enditem|p2a: Dr. Hyde|Ganlon Berry|[from] move: Knock Off|[of] p1a: Gliscor\n|move|p2a: Dr. Hyde|Facade|p1a: Gliscor\n|-damage|p1a: Gliscor|72\/100 tox\n|\n|-end|p2a: Dr. Hyde|move: Future Sight\n|-supereffective|p2a: Dr. Hyde\n|-damage|p2a: Dr. Hyde|0 fnt\n|faint|p2a: Dr. Hyde\n|-heal|p1a: Gliscor|84\/100 tox|[from] ability: Poison Heal\n|upkeep\n|\n|t:|1700533821\n|switch|p2a: King Kang|Klinklang|100\/100\n|turn|5\n|\n|t:|1700533828\n|move|p2a: King Kang|Discharge|p1a: Gliscor\n|-immune|p1a: Gliscor\n|move|p1a: Gliscor|Earthquake|p2a: King Kang\n|-supereffective|p2a: King Kang\n|-damage|p2a: King Kang|31\/100\n|\n|-heal|p1a: Gliscor|97\/100 tox|[from] ability: Poison Heal\n|upkeep\n|turn|6\n|\n|t:|1700533841\n|move|p2a: King Kang|Flash Cannon|p1a: Gliscor\n|-damage|p1a: Gliscor|67\/100 tox\n|-heal|p2a: King Kang|36\/100|[from] item: Shell Bell|[of] p1a: Gliscor\n|move|p1a: Gliscor|Earthquake|p2a: King Kang\n|-supereffective|p2a: King Kang\n|-damage|p2a: King Kang|0 fnt\n|faint|p2a: King Kang\n|\n|-heal|p1a: Gliscor|79\/100 tox|[from] ability: Poison Heal\n|upkeep\n|\n|t:|1700533866\n|switch|p2a: Mr. Sunshine|Tangrowth, M|100\/100\n|turn|7\n|\n|t:|1700533872\n|move|p1a: Gliscor|U-turn|p2a: Mr. Sunshine\n|-supereffective|p2a: Mr. Sunshine\n|-damage|p2a: Mr. Sunshine|77\/100\n|\n|t:|1700533877\n|switch|p1a: Slowking|Slowking-Galar, F|71\/100|[from] U-turn\n|move|p2a: Mr. Sunshine|Sunny Day|p2a: Mr. Sunshine\n|-weather|SunnyDay\n|\n|-weather|SunnyDay|[upkeep]\n|upkeep\n|turn|8\n|\n|t:|1700533888\n|move|p2a: Mr. Sunshine|Giga Drain|p1a: Slowking\n|-resisted|p1a: Slowking\n|-damage|p1a: Slowking|58\/100\n|-heal|p2a: Mr. Sunshine|86\/100|[from] drain|[of] p1a: Slowking\n|move|p1a: Slowking|Future Sight|p2a: Mr. Sunshine\n|-start|p1a: Slowking|move: Future Sight\n|\n|-weather|SunnyDay|[upkeep]\n|upkeep\n|turn|9\n|\n|t:|1700533897\n|switch|p1a: Tapu Koko|Tapu Koko|100\/100\n|-fieldstart|move: Electric Terrain|[from] ability: Electric Surge|[of] p1a: Tapu Koko\n|move|p2a: Mr. Sunshine|Solar Beam||[still]\n|-prepare|p2a: Mr. Sunshine|Solar Beam\n|-anim|p2a: Mr. Sunshine|Solar Beam|p1a: Tapu Koko\n|-damage|p1a: Tapu Koko|29\/100\n|-enditem|p1a: Tapu Koko|Sitrus Berry|[eat]\n|-heal|p1a: Tapu Koko|54\/100|[from] item: Sitrus Berry\n|\n|-weather|SunnyDay|[upkeep]\n|upkeep\n|turn|10\n|\n|t:|1700533911\n|switch|p2a: E-Scope|Exploud, M|100\/100\n|move|p1a: Tapu Koko|U-turn|p2a: E-Scope\n|-damage|p2a: E-Scope|77\/100\n|\n|t:|1700533916\n|switch|p1a: Iron Valiant|Iron Valiant|100\/100|[from] U-turn\n|-activate|p1a: Iron Valiant|ability: Quark Drive\n|-start|p1a: Iron Valiant|quarkdrivespa\n|\n|-weather|SunnyDay|[upkeep]\n|-end|p2a: E-Scope|move: Future Sight\n|-damage|p2a: E-Scope|6\/100\n|upkeep\n|turn|11\n|\n|t:|1700533926\n|move|p1a: Iron Valiant|Thunderbolt|p2a: E-Scope\n|-damage|p2a: E-Scope|0 fnt\n|faint|p2a: E-Scope\n|\n|-weather|none\n|upkeep\n|\n|t:|1700533940\n|switch|p2a: Humphrey|Cofagrigus, F|100\/100\n|turn|12\n|\n|t:|1700533950\n|-end|p1a: Iron Valiant|Quark Drive|[silent]\n|switch|p1a: Slowking|Slowking-Galar, F|91\/100\n|-terastallize|p2a: Humphrey|Psychic\n|move|p2a: Humphrey|Psychic|p1a: Slowking\n|-damage|p1a: Slowking|60\/100\n|\n|upkeep\n|turn|13\n|\n|t:|1700533970\n|move|p2a: Humphrey|Protect|p2a: Humphrey\n|-singleturn|p2a: Humphrey|Protect\n|move|p1a: Slowking|Trick|p2a: Humphrey\n|-activate|p2a: Humphrey|move: Protect\n|\n|-fieldend|move: Electric Terrain\n|upkeep\n|turn|14\n|\n|t:|1700533982\n|switch|p1a: Gliscor|Gliscor, M|79\/100 tox\n|move|p2a: Humphrey|Protect||[still]\n|-fail|p2a: Humphrey\n|\n|-heal|p1a: Gliscor|91\/100 tox|[from] ability: Poison Heal\n|upkeep\n|turn|15\n|\n|t:|1700533996\n|move|p1a: Gliscor|Knock Off|p2a: Humphrey\n|-supereffective|p2a: Humphrey\n|-damage|p2a: Humphrey|64\/100\n|-activate|p2a: Humphrey|ability: Mummy|Poison Heal|[of] p1a: Gliscor\n|-enditem|p2a: Humphrey|Twisted Spoon|[from] move: Knock Off|[of] p1a: Gliscor\n|move|p2a: Humphrey|Curse|p2a: Humphrey\n|-unboost|p2a: Humphrey|spe|1\n|-boost|p2a: Humphrey|atk|1\n|-boost|p2a: Humphrey|def|1\n|\n|-damage|p1a: Gliscor|79\/100 tox|[from] psn\n|upkeep\n|turn|16\n|\n|t:|1700534019\n|move|p1a: Gliscor|U-turn|p2a: Humphrey\n|-supereffective|p2a: Humphrey\n|-damage|p2a: Humphrey|44\/100\n|\n|t:|1700534032\n|switch|p1a: Tapu Koko|Tapu Koko|54\/100|[from] U-turn\n|-fieldstart|move: Electric Terrain|[from] ability: Electric Surge|[of] p1a: Tapu Koko\n|move|p2a: Humphrey|Psychic|p1a: Tapu Koko\n|-damage|p1a: Tapu Koko|14\/100\n|\n|upkeep\n|turn|17\n|\n|t:|1700534042\n|move|p1a: Tapu Koko|U-turn|p2a: Humphrey\n|-supereffective|p2a: Humphrey\n|-damage|p2a: Humphrey|21\/100\n|-activate|p2a: Humphrey|ability: Mummy|Electric Surge|[of] p1a: Tapu Koko\n|\n|t:|1700534054\n|switch|p1a: Banette|Banette, M|100\/100|[from] U-turn\n|move|p2a: Humphrey|Psychic|p1a: Banette\n|-damage|p1a: Banette|56\/100\n|\n|upkeep\n|turn|18\n|\n|t:|1700534063\n|detailschange|p1a: Banette|Banette-Mega, M\n|-mega|p1a: Banette|Banette|Banettite\n|move|p2a: Humphrey|Protect|p2a: Humphrey\n|-singleturn|p2a: Humphrey|Protect\n|move|p1a: Banette|Poltergeist||[still]\n|-fail|p1a: Banette\n|\n|upkeep\n|turn|19\n|\n|t:|1700534071\n|move|p2a: Humphrey|Protect||[still]\n|-fail|p2a: Humphrey\n|move|p1a: Banette|Shadow Sneak|p2a: Humphrey\n|-supereffective|p2a: Humphrey\n|-damage|p2a: Humphrey|0 fnt\n|-activate|p2a: Humphrey|ability: Mummy|Prankster|[of] p1a: Banette\n|faint|p2a: Humphrey\n|\n|upkeep\n|\n|t:|1700534086\n|switch|p2a: Freeza|Rotom-Frost, shiny|100\/100\n|turn|20\n|\n|t:|1700534089\n|move|p2a: Freeza|Nasty Plot|p2a: Freeza\n|-boost|p2a: Freeza|spa|2\n|move|p1a: Banette|Poltergeist|p2a: Freeza\n|-activate|p2a: Freeza|move: Poltergeist|Life Orb\n|-damage|p2a: Freeza|18\/100\n|\n|-fieldend|move: Electric Terrain\n|upkeep\n|turn|21\n|\n|t:|1700534098\n|move|p1a: Banette|Shadow Sneak|p2a: Freeza\n|-damage|p2a: Freeza|0 fnt\n|faint|p2a: Freeza\n|\n|upkeep\n|\n|t:|1700534102\n|switch|p2a: Mr. Sunshine|Tangrowth, M|86\/100\n|turn|22\n|\n|t:|1700534106\n|move|p1a: Banette|Poltergeist|p2a: Mr. Sunshine\n|-activate|p2a: Mr. Sunshine|move: Poltergeist|Big Root\n|-damage|p2a: Mr. Sunshine|37\/100\n|move|p2a: Mr. Sunshine|Sunny Day|p2a: Mr. Sunshine\n|-weather|SunnyDay\n|\n|-weather|SunnyDay|[upkeep]\n|upkeep\n|turn|23\n|\n|t:|1700534114\n|move|p2a: Mr. Sunshine|Giga Drain|p1a: Banette\n|-damage|p1a: Banette|15\/100\n|-heal|p2a: Mr. Sunshine|60\/100|[from] drain|[of] p1a: Banette\n|move|p1a: Banette|Poltergeist|p2a: Mr. Sunshine\n|-activate|p2a: Mr. Sunshine|move: Poltergeist|Big Root\n|-damage|p2a: Mr. Sunshine|4\/100\n|\n|-weather|SunnyDay|[upkeep]\n|upkeep\n|turn|24\n|\n|t:|1700534124\n|move|p1a: Banette|Shadow Sneak|p2a: Mr. Sunshine\n|-damage|p2a: Mr. Sunshine|0 fnt\n|faint|p2a: Mr. Sunshine\n|\n|win|fensabc\n|raw|fensabc's rating: 1022 &rarr; <strong>1056<\/strong><br \/>(+34 for winning)\n|raw|PennyPennyPenPen's rating: 1000 &rarr; <strong>1000<\/strong><br \/>(+0 for losing)\n|l|\u2606fensabc\n","uploadtime":1700534131,"views":2,"p1id":"fensabc","p2id":"pennypennypenpen","formatid":"gen9nationaldex","rating":1000,"private":0,"password":""}