{"id":"gen9nationaldex-1988475696","p1":"Orange J 15","p2":"trifortay","format":"[Gen 9] National Dex","log":"|j|\u2606Orange J 15\n|j|\u2606trifortay\n|t:|1699726959\n|gametype|singles\n|player|p1|Orange J 15|n|1116\n|player|p2|trifortay|blue-gen1|1000\n|teamsize|p1|6\n|teamsize|p2|6\n|gen|9\n|tier|[Gen 9] National Dex\n|rated|\n|rule|HP Percentage Mod: HP is shown in percentages\n|rule|Endless Battle Clause: Forcing endless battles is banned\n|rule|OHKO Clause: OHKO moves are banned\n|rule|Evasion Clause: Evasion abilities, items, and moves are banned\n|rule|Evasion Abilities Clause: Evasion abilities are banned\n|rule|Evasion Items Clause: Evasion items are banned\n|rule|Evasion Moves Clause: Evasion moves are banned\n|rule|Species Clause: Limit one of each Pok\u00e9mon\n|rule|Sleep Clause Mod: Limit one foe put to sleep\n|clearpoke\n|poke|p1|Hippowdon, M|\n|poke|p1|Gastrodon-East, F|\n|poke|p1|Corviknight, M|\n|poke|p1|Sandaconda, F|\n|poke|p1|Camerupt, F|\n|poke|p1|Diancie|\n|poke|p2|Corviknight, F|\n|poke|p2|Lopunny, M|\n|poke|p2|Rotom-Wash|\n|poke|p2|Manaphy|\n|poke|p2|Kyurem|\n|poke|p2|Aerodactyl, F|\n|teampreview\n|inactive|Battle timer is ON: inactive players will automatically lose when time's up. (requested by Orange J 15)\n|\n|t:|1699726965\n|start\n|switch|p1a: Hippowdon|Hippowdon, M|100\/100\n|switch|p2a: Manaphy|Manaphy|100\/100\n|-weather|Sandstorm|[from] ability: Sand Stream|[of] p1a: Hippowdon\n|turn|1\n|\n|t:|1699726977\n|move|p2a: Manaphy|Tail Glow|p2a: Manaphy\n|-boost|p2a: Manaphy|spa|3\n|move|p1a: Hippowdon|Yawn|p2a: Manaphy\n|-start|p2a: Manaphy|move: Yawn|[of] p1a: Hippowdon\n|\n|-weather|Sandstorm|[upkeep]\n|-damage|p2a: Manaphy|94\/100|[from] Sandstorm\n|-heal|p2a: Manaphy|100\/100|[from] item: Leftovers\n|upkeep\n|turn|2\n|\n|t:|1699726988\n|switch|p1a: Gastrodon|Gastrodon-East, F, shiny|100\/100\n|move|p2a: Manaphy|Hydro Pump|p1a: Gastrodon\n|-ability|p1a: Gastrodon|Storm Drain|boost\n|-boost|p1a: Gastrodon|spa|1\n|\n|-weather|Sandstorm|[upkeep]\n|-damage|p2a: Manaphy|94\/100|[from] Sandstorm\n|-heal|p2a: Manaphy|100\/100|[from] item: Leftovers\n|-end|p2a: Manaphy|move: Yawn|[silent]\n|-status|p2a: Manaphy|slp\n|upkeep\n|turn|3\n|\n|t:|1699727007\n|switch|p2a: Rotom|Rotom-Wash, shiny|100\/100\n|move|p1a: Gastrodon|Hidden Power|p2a: Rotom\n|-damage|p2a: Rotom|75\/100\n|\n|-weather|Sandstorm|[upkeep]\n|-damage|p2a: Rotom|69\/100|[from] Sandstorm\n|-heal|p2a: Rotom|75\/100|[from] item: Leftovers\n|upkeep\n|turn|4\n|\n|t:|1699727031\n|move|p2a: Rotom|Toxic|p1a: Gastrodon\n|-status|p1a: Gastrodon|tox\n|move|p1a: Gastrodon|Hidden Power|p2a: Rotom\n|-damage|p2a: Rotom|50\/100\n|\n|-weather|Sandstorm|[upkeep]\n|-damage|p2a: Rotom|44\/100|[from] Sandstorm\n|-heal|p2a: Rotom|50\/100|[from] item: Leftovers\n|-damage|p1a: Gastrodon|94\/100 tox|[from] psn\n|upkeep\n|turn|5\n|\n|t:|1699727041\n|move|p2a: Rotom|Protect|p2a: Rotom\n|-singleturn|p2a: Rotom|Protect\n|move|p1a: Gastrodon|Hidden Power|p2a: Rotom\n|-activate|p2a: Rotom|move: Protect\n|\n|-weather|Sandstorm|[upkeep]\n|-damage|p2a: Rotom|44\/100|[from] Sandstorm\n|-heal|p2a: Rotom|50\/100|[from] item: Leftovers\n|-heal|p1a: Gastrodon|100\/100 tox|[from] item: Leftovers\n|-damage|p1a: Gastrodon|88\/100 tox|[from] psn\n|upkeep\n|turn|6\n|inactive|trifortay has 120 seconds left.\n|\n|t:|1699727076\n|switch|p2a: Manaphy|Manaphy|100\/100 slp\n|switch|p1a: Diancie|Diancie, shiny|100\/100\n|\n|-weather|Sandstorm|[upkeep]\n|-damage|p2a: Manaphy|94\/100 slp|[from] Sandstorm\n|-heal|p2a: Manaphy|100\/100 slp|[from] item: Leftovers\n|upkeep\n|turn|7\n|\n|t:|1699727092\n|switch|p1a: Gastrodon|Gastrodon-East, F, shiny|88\/100 tox\n|cant|p2a: Manaphy|slp\n|\n|-weather|Sandstorm|[upkeep]\n|-damage|p2a: Manaphy|94\/100 slp|[from] Sandstorm\n|-heal|p2a: Manaphy|100\/100 slp|[from] item: Leftovers\n|-heal|p1a: Gastrodon|94\/100 tox|[from] item: Leftovers\n|-damage|p1a: Gastrodon|88\/100 tox|[from] psn\n|upkeep\n|turn|8\n|inactive|trifortay has 90 seconds left.\n|\n|t:|1699727113\n|-curestatus|p2a: Manaphy|slp|[msg]\n|move|p2a: Manaphy|Tail Glow|p2a: Manaphy\n|-boost|p2a: Manaphy|spa|3\n|move|p1a: Gastrodon|Hidden Power|p2a: Manaphy\n|-supereffective|p2a: Manaphy\n|-damage|p2a: Manaphy|66\/100\n|\n|-weather|none\n|-heal|p2a: Manaphy|72\/100|[from] item: Leftovers\n|-heal|p1a: Gastrodon|94\/100 tox|[from] item: Leftovers\n|-damage|p1a: Gastrodon|82\/100 tox|[from] psn\n|upkeep\n|turn|9\n|inactive|trifortay has 90 seconds left.\n|\n|t:|1699727128\n|move|p2a: Manaphy|Scald|p1a: Gastrodon\n|-ability|p1a: Gastrodon|Storm Drain|boost\n|-boost|p1a: Gastrodon|spa|1\n|move|p1a: Gastrodon|Hidden Power|p2a: Manaphy\n|-supereffective|p2a: Manaphy\n|-damage|p2a: Manaphy|25\/100\n|\n|-heal|p2a: Manaphy|31\/100|[from] item: Leftovers\n|-heal|p1a: Gastrodon|88\/100 tox|[from] item: Leftovers\n|-damage|p1a: Gastrodon|70\/100 tox|[from] psn\n|upkeep\n|turn|10\n|\n|t:|1699727141\n|switch|p2a: Kyurem|Kyurem|100\/100\n|-ability|p2a: Kyurem|Pressure\n|move|p1a: Gastrodon|Hidden Power|p2a: Kyurem\n|-resisted|p2a: Kyurem\n|-damage|p2a: Kyurem|90\/100\n|\n|-heal|p1a: Gastrodon|76\/100 tox|[from] item: Leftovers\n|-damage|p1a: Gastrodon|51\/100 tox|[from] psn\n|upkeep\n|turn|11\n|\n|t:|1699727158\n|switch|p1a: Hippowdon|Hippowdon, M|100\/100\n|-weather|Sandstorm|[from] ability: Sand Stream|[of] p1a: Hippowdon\n|move|p2a: Kyurem|Dragon Dance|p2a: Kyurem\n|-boost|p2a: Kyurem|atk|1\n|-boost|p2a: Kyurem|spe|1\n|\n|-weather|Sandstorm|[upkeep]\n|-damage|p2a: Kyurem|83\/100|[from] Sandstorm\n|upkeep\n|turn|12\n|\n|t:|1699727181\n|move|p2a: Kyurem|Icicle Spear|p1a: Hippowdon\n|-supereffective|p1a: Hippowdon\n|-damage|p1a: Hippowdon|74\/100\n|-supereffective|p1a: Hippowdon\n|-damage|p1a: Hippowdon|44\/100\n|-supereffective|p1a: Hippowdon\n|-damage|p1a: Hippowdon|17\/100\n|-supereffective|p1a: Hippowdon\n|-damage|p1a: Hippowdon|0 fnt\n|faint|p1a: Hippowdon\n|-hitcount|p1: Hippowdon|4\n|\n|-weather|Sandstorm|[upkeep]\n|-damage|p2a: Kyurem|77\/100|[from] Sandstorm\n|upkeep\n|\n|t:|1699727189\n|switch|p1a: Diancie|Diancie, shiny|100\/100\n|turn|13\n|inactive|trifortay has 60 seconds left.\n|\n|t:|1699727218\n|-terastallize|p2a: Kyurem|Ice\n|move|p2a: Kyurem|Icicle Spear|p1a: Diancie\n|-damage|p1a: Diancie|80\/100\n|-damage|p1a: Diancie|60\/100\n|-damage|p1a: Diancie|37\/100\n|-damage|p1a: Diancie|17\/100\n|-hitcount|p1a: Diancie|4\n|move|p1a: Diancie|Play Rough|p2a: Kyurem\n|-damage|p2a: Kyurem|45\/100\n|\n|-weather|Sandstorm|[upkeep]\n|-damage|p2a: Kyurem|39\/100|[from] Sandstorm\n|upkeep\n|turn|14\n|inactive|trifortay has 60 seconds left.\n|\n|t:|1699727236\n|move|p2a: Kyurem|Icicle Spear|p1a: Diancie\n|-damage|p1a: Diancie|0 fnt\n|faint|p1a: Diancie\n|-hitcount|p1: Diancie|1\n|\n|-weather|Sandstorm|[upkeep]\n|-damage|p2a: Kyurem|33\/100|[from] Sandstorm\n|upkeep\n|\n|t:|1699727239\n|switch|p1a: Corviknight|Corviknight, M, shiny|100\/100\n|turn|15\n|inactive|trifortay has 60 seconds left.\n|\n|t:|1699727254\n|move|p2a: Kyurem|Stone Edge|p1a: Corviknight\n|-damage|p1a: Corviknight|58\/100\n|move|p1a: Corviknight|Iron Head|p2a: Kyurem\n|-supereffective|p2a: Kyurem\n|-damage|p2a: Kyurem|0 fnt\n|faint|p2a: Kyurem\n|\n|-weather|Sandstorm|[upkeep]\n|upkeep\n|inactive|trifortay has 60 seconds left.\n|\n|t:|1699727282\n|switch|p2a: Aerodactyl|Aerodactyl, F|100\/100\n|turn|16\n|\n|t:|1699727301\n|switch|p1a: Gastrodon|Gastrodon-East, F, shiny|51\/100 tox\n|move|p2a: Aerodactyl|Aerial Ace|p1a: Gastrodon\n|-damage|p1a: Gastrodon|20\/100 tox\n|\n|-weather|Sandstorm|[upkeep]\n|-heal|p1a: Gastrodon|26\/100 tox|[from] item: Leftovers\n|-damage|p1a: Gastrodon|20\/100 tox|[from] psn\n|upkeep\n|turn|17\n|\n|t:|1699727316\n|move|p2a: Aerodactyl|Aqua Tail|p1a: Gastrodon\n|-ability|p1a: Gastrodon|Storm Drain|boost\n|-boost|p1a: Gastrodon|spa|1\n|move|p1a: Gastrodon|Surf|p2a: Aerodactyl\n|-supereffective|p2a: Aerodactyl\n|-damage|p2a: Aerodactyl|0 fnt\n|faint|p2a: Aerodactyl\n|\n|-weather|Sandstorm|[upkeep]\n|-heal|p1a: Gastrodon|26\/100 tox|[from] item: Leftovers\n|-damage|p1a: Gastrodon|14\/100 tox|[from] psn\n|upkeep\n|c|\u2606trifortay|I can't believe I misclicked that\n|\n|t:|1699727331\n|switch|p2a: Corviknight|Corviknight, F|100\/100\n|-ability|p2a: Corviknight|Pressure\n|turn|18\n|\n|t:|1699727340\n|switch|p1a: Camerupt|Camerupt, F|100\/100\n|move|p2a: Corviknight|Body Press|p1a: Camerupt\n|-damage|p1a: Camerupt|67\/100\n|\n|-weather|none\n|upkeep\n|turn|19\n|\n|t:|1699727353\n|detailschange|p1a: Camerupt|Camerupt-Mega, F\n|-mega|p1a: Camerupt|Camerupt|Cameruptite\n|move|p2a: Corviknight|Brave Bird|p1a: Camerupt\n|-damage|p1a: Camerupt|20\/100\n|-damage|p2a: Corviknight|86\/100|[from] Recoil\n|move|p1a: Camerupt|Flamethrower|p2a: Corviknight\n|-supereffective|p2a: Corviknight\n|-damage|p2a: Corviknight|0 fnt\n|faint|p2a: Corviknight\n|\n|upkeep\n|\n|t:|1699727365\n|switch|p2a: Lopunny|Lopunny, M|100\/100\n|turn|20\n|inactive|trifortay has 30 seconds left.\n|\n|t:|1699727381\n|move|p2a: Lopunny|Play Rough|p1a: Camerupt\n|-resisted|p1a: Camerupt\n|-damage|p1a: Camerupt|10\/100\n|move|p1a: Camerupt|Flamethrower|p2a: Lopunny\n|-damage|p2a: Lopunny|26\/100\n|\n|upkeep\n|turn|21\n|inactive|trifortay has 30 seconds left.\n|\n|t:|1699727391\n|move|p2a: Lopunny|Close Combat|p1a: Camerupt\n|-damage|p1a: Camerupt|0 fnt\n|-unboost|p2a: Lopunny|def|1\n|-unboost|p2a: Lopunny|spd|1\n|faint|p1a: Camerupt\n|\n|upkeep\n|\n|t:|1699727395\n|switch|p1a: Corviknight|Corviknight, M, shiny|58\/100\n|turn|22\n|\n|t:|1699727403\n|detailschange|p2a: Lopunny|Lopunny-Mega, M\n|-mega|p2a: Lopunny|Lopunny|Lopunnite\n|move|p2a: Lopunny|Ice Punch|p1a: Corviknight\n|-damage|p1a: Corviknight|39\/100\n|move|p1a: Corviknight|Brave Bird|p2a: Lopunny\n|-supereffective|p2a: Lopunny\n|-damage|p2a: Lopunny|0 fnt\n|faint|p2a: Lopunny\n|-damage|p1a: Corviknight|33\/100|[from] Recoil\n|\n|upkeep\n|\n|t:|1699727413\n|switch|p2a: Rotom|Rotom-Wash, shiny|50\/100\n|turn|23\n|\n|t:|1699727429\n|-terastallize|p1a: Corviknight|Ground\n|move|p2a: Rotom|Discharge|p1a: Corviknight\n|-immune|p1a: Corviknight\n|move|p1a: Corviknight|Iron Head|p2a: Rotom\n|-resisted|p2a: Rotom\n|-damage|p2a: Rotom|43\/100\n|\n|-heal|p2a: Rotom|49\/100|[from] item: Leftovers\n|upkeep\n|turn|24\n|\n|t:|1699727440\n|move|p2a: Rotom|Toxic|p1a: Corviknight\n|-status|p1a: Corviknight|tox\n|move|p1a: Corviknight|Brave Bird|p2a: Rotom\n|-resisted|p2a: Rotom\n|-damage|p2a: Rotom|27\/100\n|-damage|p1a: Corviknight|28\/100 tox|[from] Recoil\n|\n|-heal|p2a: Rotom|34\/100|[from] item: Leftovers\n|-damage|p1a: Corviknight|22\/100 tox|[from] psn\n|upkeep\n|turn|25\n|\n|t:|1699727450\n|switch|p1a: Gastrodon|Gastrodon-East, F, shiny|14\/100 tox\n|move|p2a: Rotom|Protect||[still]\n|-fail|p2a: Rotom\n|\n|-heal|p2a: Rotom|40\/100|[from] item: Leftovers\n|-heal|p1a: Gastrodon|20\/100 tox|[from] item: Leftovers\n|-damage|p1a: Gastrodon|14\/100 tox|[from] psn\n|upkeep\n|turn|26\n|\n|t:|1699727458\n|move|p2a: Rotom|Protect|p2a: Rotom\n|-singleturn|p2a: Rotom|Protect\n|move|p1a: Gastrodon|Hidden Power|p2a: Rotom\n|-activate|p2a: Rotom|move: Protect\n|\n|-heal|p2a: Rotom|46\/100|[from] item: Leftovers\n|-heal|p1a: Gastrodon|20\/100 tox|[from] item: Leftovers\n|-damage|p1a: Gastrodon|8\/100 tox|[from] psn\n|upkeep\n|turn|27\n|\n|t:|1699727468\n|move|p2a: Rotom|Protect||[still]\n|-fail|p2a: Rotom\n|move|p1a: Gastrodon|Hidden Power|p2a: Rotom\n|-damage|p2a: Rotom|30\/100\n|\n|-heal|p2a: Rotom|36\/100|[from] item: Leftovers\n|-heal|p1a: Gastrodon|14\/100 tox|[from] item: Leftovers\n|-damage|p1a: Gastrodon|0 fnt|[from] psn\n|faint|p1a: Gastrodon\n|upkeep\n|\n|t:|1699727471\n|switch|p1a: Sandaconda|Sandaconda, F|100\/100\n|turn|28\n|inactive|trifortay has 60 seconds left.\n|\n|t:|1699727487\n|move|p2a: Rotom|Toxic|p1a: Sandaconda|[miss]\n|-miss|p2a: Rotom|p1a: Sandaconda\n|move|p1a: Sandaconda|Outrage|p2a: Rotom\n|-damage|p2a: Rotom|0 fnt\n|faint|p2a: Rotom\n|\n|upkeep\n|\n|t:|1699727494\n|switch|p2a: Manaphy|Manaphy|31\/100\n|turn|29\n|\n|t:|1699727500\n|move|p2a: Manaphy|Hydro Pump|p1a: Sandaconda\n|-supereffective|p1a: Sandaconda\n|-damage|p1a: Sandaconda|0 fnt\n|-weather|Sandstorm|[from] ability: Sand Spit|[of] p1a: Sandaconda\n|faint|p1a: Sandaconda\n|\n|-weather|Sandstorm|[upkeep]\n|-damage|p2a: Manaphy|25\/100|[from] Sandstorm\n|-heal|p2a: Manaphy|31\/100|[from] item: Leftovers\n|upkeep\n|\n|t:|1699727502\n|switch|p1a: Corviknight|Corviknight, M, shiny, tera:Ground|22\/100 tox\n|turn|30\n|inactive|trifortay has 60 seconds left.\n|\n|t:|1699727525\n|move|p2a: Manaphy|Hydro Pump|p1a: Corviknight\n|-supereffective|p1a: Corviknight\n|-damage|p1a: Corviknight|0 fnt\n|faint|p1a: Corviknight\n|\n|win|trifortay\n|raw|Orange J 15's rating: 1116 &rarr; <strong>1083<\/strong><br \/>(-33 for losing)\n|raw|trifortay's rating: 1000 &rarr; <strong>1053<\/strong><br \/>(+53 for winning)\n|l|\u2606Orange J 15\n|c|\u2606trifortay|gg\n","uploadtime":1699727543,"views":6,"p1id":"orangej15","p2id":"trifortay","formatid":"gen9nationaldex","rating":1053,"private":0,"password":""}