{"id":"gen9nationaldex-1987740780","p1":"Paulinhomarinho20","p2":"Plutonium PT","format":"[Gen 9] National Dex","log":"|j|\u2606Paulinhomarinho20\n|j|\u2606Plutonium PT\n|inactive|Battle timer is ON: inactive players will automatically lose when time's up.\n|t:|1699632675\n|gametype|singles\n|player|p1|Paulinhomarinho20|169|\n|player|p2|Plutonium PT|clay|\n|teamsize|p1|6\n|teamsize|p2|6\n|gen|9\n|tier|[Gen 9] National Dex\n|rated|Tournament battle\n|rule|HP Percentage Mod: HP is shown in percentages\n|rule|Endless Battle Clause: Forcing endless battles is banned\n|rule|OHKO Clause: OHKO moves are banned\n|rule|Evasion Clause: Evasion abilities, items, and moves are banned\n|rule|Evasion Abilities Clause: Evasion abilities are banned\n|rule|Evasion Items Clause: Evasion items are banned\n|rule|Evasion Moves Clause: Evasion moves are banned\n|rule|Species Clause: Limit one of each Pok\u00e9mon\n|rule|Sleep Clause Mod: Limit one foe put to sleep\n|clearpoke\n|poke|p1|Rillaboom, F|\n|poke|p1|Hawlucha, M|\n|poke|p1|Great Tusk|\n|poke|p1|Sneasler, M|\n|poke|p1|Hatterene, F|\n|poke|p1|Corviknight, F|\n|poke|p2|Nidoking, M|\n|poke|p2|Corviknight, M|\n|poke|p2|Heatran, F|\n|poke|p2|Samurott-Hisui, F|\n|poke|p2|Latios, M|\n|poke|p2|Rotom-Wash|\n|teampreview\n|c|\u2606Plutonium PT|hf\n|j| Always Edgy\n|\n|t:|1699632684\n|start\n|switch|p1a: Rillaboom|Rillaboom, F, shiny|100\/100\n|switch|p2a: Heatran|Heatran, F|100\/100\n|-fieldstart|move: Grassy Terrain|[from] ability: Grassy Surge|[of] p1a: Rillaboom\n|turn|1\n|\n|t:|1699632691\n|switch|p1a: Hatterene|Hatterene, F|100\/100\n|-zpower|p2a: Heatran\n|move|p2a: Heatran|Inferno Overdrive|p1a: Hatterene|[zeffect]\n|-damage|p1a: Hatterene|6\/100\n|\n|-heal|p1a: Hatterene|12\/100|[from] Grassy Terrain\n|-heal|p1a: Hatterene|18\/100|[from] item: Leftovers\n|upkeep\n|turn|2\n|l| Always Edgy\n|\n|t:|1699632705\n|switch|p1a: Hawlucha|Hawlucha, M, shiny|100\/100\n|-enditem|p1a: Hawlucha|Grassy Seed\n|-boost|p1a: Hawlucha|def|1|[from] item: Grassy Seed\n|move|p2a: Heatran|Magma Storm|p1a: Hawlucha\n|-damage|p1a: Hawlucha|18\/100\n|-activate|p1a: Hawlucha|move: Magma Storm|[of] p2a: Heatran\n|\n|-damage|p1a: Hawlucha|5\/100|[from] move: Magma Storm|[partiallytrapped]\n|upkeep\n|turn|3\n|\n|t:|1699632718\n|switch|p2a: Corviknight|Corviknight, M|100\/100\n|-ability|p2a: Corviknight|Pressure\n|move|p1a: Hawlucha|Flying Press|p2a: Corviknight\n|-resisted|p2a: Corviknight\n|-damage|p2a: Corviknight|87\/100\n|-damage|p1a: Hawlucha|0 fnt|[from] item: Rocky Helmet|[of] p2a: Corviknight\n|faint|p1a: Hawlucha\n|\n|upkeep\n|\n|t:|1699632732\n|switch|p1a: Sneasler|Sneasler, M|100\/100\n|turn|4\n|\n|t:|1699632737\n|move|p1a: Sneasler|Bulk Up|p1a: Sneasler\n|-boost|p1a: Sneasler|atk|1\n|-boost|p1a: Sneasler|def|1\n|move|p2a: Corviknight|U-turn|p1a: Sneasler\n|-resisted|p1a: Sneasler\n|-damage|p1a: Sneasler|96\/100\n|\n|t:|1699632745\n|switch|p2a: Nidoking|Nidoking, M, shiny|100\/100|[from] U-turn\n|\n|-heal|p1a: Sneasler|100\/100|[from] Grassy Terrain\n|upkeep\n|turn|5\n|\n|t:|1699632757\n|-terastallize|p1a: Sneasler|Fighting\n|move|p1a: Sneasler|Close Combat|p2a: Nidoking\n|-resisted|p2a: Nidoking\n|-damage|p2a: Nidoking|2\/100\n|-unboost|p1a: Sneasler|def|1\n|-unboost|p1a: Sneasler|spd|1\n|move|p2a: Nidoking|Sludge Wave|p1a: Sneasler\n|-crit|p1a: Sneasler\n|-enditem|p1a: Sneasler|Focus Sash\n|-damage|p1a: Sneasler|1\/100\n|\n|-heal|p1a: Sneasler|7\/100|[from] Grassy Terrain\n|-heal|p2a: Nidoking|8\/100|[from] Grassy Terrain\n|upkeep\n|turn|6\n|\n|t:|1699632774\n|switch|p2a: Corviknight|Corviknight, M|87\/100\n|-ability|p2a: Corviknight|Pressure\n|move|p1a: Sneasler|Close Combat|p2a: Corviknight\n|-damage|p2a: Corviknight|2\/100\n|-unboost|p1a: Sneasler|def|1\n|-unboost|p1a: Sneasler|spd|1\n|-damage|p1a: Sneasler|0 fnt|[from] item: Rocky Helmet|[of] p2a: Corviknight\n|faint|p1a: Sneasler\n|\n|upkeep\n|\n|t:|1699632788\n|switch|p1a: Rillaboom|Rillaboom, F, shiny|100\/100\n|turn|7\n|\n|t:|1699632792\n|move|p1a: Rillaboom|Swords Dance|p1a: Rillaboom\n|-boost|p1a: Rillaboom|atk|2\n|move|p2a: Corviknight|Roost|p2a: Corviknight\n|-heal|p2a: Corviknight|52\/100\n|-singleturn|p2a: Corviknight|move: Roost\n|\n|-heal|p2a: Corviknight|58\/100|[from] Grassy Terrain\n|upkeep\n|turn|8\n|\n|t:|1699632797\n|switch|p2a: Nidoking|Nidoking, M, shiny|8\/100\n|move|p1a: Rillaboom|Drain Punch|p2a: Nidoking\n|-resisted|p2a: Nidoking\n|-damage|p2a: Nidoking|0 fnt\n|faint|p2a: Nidoking\n|\n|-fieldend|move: Grassy Terrain\n|upkeep\n|\n|t:|1699632801\n|switch|p2a: Heatran|Heatran, F|100\/100\n|turn|9\n|\n|t:|1699632809\n|move|p1a: Rillaboom|High Horsepower|p2a: Heatran\n|-supereffective|p2a: Heatran\n|-crit|p2a: Heatran\n|-damage|p2a: Heatran|0 fnt\n|faint|p2a: Heatran\n|\n|upkeep\n|inactive|Plutonium PT has 120 seconds left.\n|\n|t:|1699632839\n|switch|p2a: Latios|Latios, M|100\/100\n|turn|10\n|\n|t:|1699632851\n|detailschange|p2a: Latios|Latios-Mega, M\n|-mega|p2a: Latios|Latios|Latiosite\n|move|p2a: Latios|Psyshock|p1a: Rillaboom\n|-crit|p1a: Rillaboom\n|-damage|p1a: Rillaboom|16\/100\n|move|p1a: Rillaboom|Grassy Glide|p2a: Latios\n|-resisted|p2a: Latios\n|-damage|p2a: Latios|67\/100\n|\n|upkeep\n|turn|11\n|\n|t:|1699632862\n|switch|p1a: Corviknight|Corviknight, F|100\/100\n|move|p2a: Latios|Psyshock|p1a: Corviknight\n|-resisted|p1a: Corviknight\n|-damage|p1a: Corviknight|80\/100\n|\n|upkeep\n|turn|12\n|\n|t:|1699632869\n|move|p2a: Latios|Recover|p2a: Latios\n|-heal|p2a: Latios|100\/100\n|move|p1a: Corviknight|Brave Bird|p2a: Latios\n|-damage|p2a: Latios|55\/100\n|-damage|p1a: Corviknight|69\/100|[from] Recoil\n|\n|upkeep\n|turn|13\n|\n|t:|1699632877\n|move|p2a: Latios|Draco Meteor|p1a: Corviknight\n|-resisted|p1a: Corviknight\n|-damage|p1a: Corviknight|41\/100\n|-unboost|p2a: Latios|spa|2\n|move|p1a: Corviknight|Iron Defense|p1a: Corviknight\n|-boost|p1a: Corviknight|def|2\n|\n|upkeep\n|turn|14\n|\n|t:|1699632887\n|move|p2a: Latios|Recover|p2a: Latios\n|-heal|p2a: Latios|100\/100\n|move|p1a: Corviknight|Body Press|p2a: Latios\n|-resisted|p2a: Latios\n|-damage|p2a: Latios|79\/100\n|\n|upkeep\n|turn|15\n|\n|t:|1699632891\n|switch|p2a: Corviknight|Corviknight, M|58\/100\n|-ability|p2a: Corviknight|Pressure\n|move|p1a: Corviknight|Brave Bird|p2a: Corviknight\n|-resisted|p2a: Corviknight\n|-damage|p2a: Corviknight|47\/100\n|-damage|p1a: Corviknight|25\/100|[from] item: Rocky Helmet|[of] p2a: Corviknight\n|-damage|p1a: Corviknight|21\/100|[from] Recoil\n|\n|upkeep\n|turn|16\n|\n|t:|1699632897\n|move|p2a: Corviknight|U-turn|p1a: Corviknight\n|-resisted|p1a: Corviknight\n|-damage|p1a: Corviknight|20\/100\n|-damage|p2a: Corviknight|31\/100|[from] item: Rocky Helmet|[of] p1a: Corviknight\n|\n|t:|1699632901\n|switch|p2a: Rotom|Rotom-Wash|100\/100|[from] U-turn\n|move|p1a: Corviknight|Body Press|p2a: Rotom\n|-damage|p2a: Rotom|61\/100\n|\n|-heal|p2a: Rotom|67\/100|[from] item: Leftovers\n|upkeep\n|turn|17\n|\n|t:|1699632907\n|switch|p1a: Hatterene|Hatterene, F|18\/100\n|move|p2a: Rotom|Volt Switch|p1a: Hatterene\n|-damage|p1a: Hatterene|0 fnt\n|faint|p1a: Hatterene\n|\n|t:|1699632910\n|switch|p2a: Samurott|Samurott-Hisui, F|100\/100|[from] Volt Switch\n|\n|upkeep\n|\n|t:|1699632921\n|switch|p1a: Rillaboom|Rillaboom, F, shiny|16\/100\n|-fieldstart|move: Grassy Terrain|[from] ability: Grassy Surge|[of] p1a: Rillaboom\n|turn|18\n|\n|t:|1699632931\n|-terastallize|p2a: Samurott|Water\n|move|p2a: Samurott|Aqua Jet|p1a: Rillaboom\n|-resisted|p1a: Rillaboom\n|-damage|p1a: Rillaboom|3\/100\n|move|p1a: Rillaboom|Grassy Glide|p2a: Samurott\n|-supereffective|p2a: Samurott\n|-damage|p2a: Samurott|10\/100\n|\n|-heal|p2a: Samurott|16\/100|[from] Grassy Terrain\n|-heal|p1a: Rillaboom|9\/100|[from] Grassy Terrain\n|upkeep\n|turn|19\n|\n|t:|1699632943\n|switch|p2a: Corviknight|Corviknight, M|31\/100\n|-ability|p2a: Corviknight|Pressure\n|move|p1a: Rillaboom|Grassy Glide|p2a: Corviknight\n|-resisted|p2a: Corviknight\n|-damage|p2a: Corviknight|25\/100\n|-damage|p1a: Rillaboom|0 fnt|[from] item: Rocky Helmet|[of] p2a: Corviknight\n|faint|p1a: Rillaboom\n|\n|upkeep\n|\n|t:|1699632949\n|switch|p1a: pumba|Great Tusk|100\/100\n|turn|20\n|\n|t:|1699632953\n|move|p1a: pumba|Close Combat|p2a: Corviknight\n|-damage|p2a: Corviknight|0 fnt\n|-unboost|p1a: pumba|def|1\n|-unboost|p1a: pumba|spd|1\n|-damage|p1a: pumba|84\/100|[from] item: Rocky Helmet|[of] p2a: Corviknight\n|faint|p2a: Corviknight\n|\n|-heal|p1a: pumba|90\/100|[from] Grassy Terrain\n|upkeep\n|\n|t:|1699632957\n|switch|p2a: Samurott|Samurott-Hisui, F, tera:Water|16\/100\n|turn|21\n|-message|Paulinhomarinho20 forfeited.\n|\n|win|Plutonium PT\n|n|\u2606Paulinhomarinho20|paulinhomarinho20\n|n|\u2606Plutonium PT|plutoniumpt\n","uploadtime":1699632962,"views":4,"p1id":"paulinhomarinho20","p2id":"plutoniumpt","formatid":"gen9nationaldex","rating":0,"private":0,"password":""}