{"id":"gen9nationaldex-2000235032","p1":"dannybew","p2":"starlitbox","format":"[Gen 9] National Dex","log":"|html|<div class=\"broadcast-blue\"><strong>[Gen 9] National Dex is currently suspecting Sneasler! For information on how to participate check out the <a href=\"https:\/\/www.smogon.com\/forums\/threads\/sv-national-dex-suspect-8-just-dance.3731534\/\">suspect thread<\/a>.<\/strong><\/div>\n|j|\u2606dannybew\n|j|\u2606starlitbox\n|t:|1701175734\n|gametype|singles\n|player|p1|dannybew|ingo|1283\n|player|p2|starlitbox|silver|1331\n|teamsize|p1|6\n|teamsize|p2|6\n|gen|9\n|tier|[Gen 9] National Dex\n|rated|\n|rule|HP Percentage Mod: HP is shown in percentages\n|rule|Endless Battle Clause: Forcing endless battles is banned\n|rule|OHKO Clause: OHKO moves are banned\n|rule|Evasion Clause: Evasion abilities, items, and moves are banned\n|rule|Evasion Abilities Clause: Evasion abilities are banned\n|rule|Evasion Items Clause: Evasion items are banned\n|rule|Evasion Moves Clause: Evasion moves are banned\n|rule|Species Clause: Limit one of each Pok\u00e9mon\n|rule|Sleep Clause Mod: Limit one foe put to sleep\n|clearpoke\n|poke|p1|Moltres|\n|poke|p1|Rillaboom, M|\n|poke|p1|Sneasler, M|\n|poke|p1|Alomomola, F|\n|poke|p1|Landorus-Therian, M|\n|poke|p1|Mawile, M|\n|poke|p2|Landorus-Therian, M|\n|poke|p2|Greninja-*, M|\n|poke|p2|Volcarona, M|\n|poke|p2|Iron Valiant|\n|poke|p2|Ogerpon-Wellspring, F|\n|poke|p2|Tapu Koko|\n|teampreview\n|\n|t:|1701175749\n|start\n|switch|p1a: Landorus|Landorus-Therian, M|100\/100\n|switch|p2a: Greninja|Greninja, M|100\/100\n|-ability|p1a: Landorus|Intimidate|boost\n|-unboost|p2a: Greninja|atk|1\n|turn|1\n|\n|t:|1701175757\n|switch|p1a: Alomomola|Alomomola, F|100\/100\n|move|p2a: Greninja|Ice Beam|p1a: Alomomola\n|-resisted|p1a: Alomomola\n|-damage|p1a: Alomomola|84\/100\n|\n|-heal|p1a: Alomomola|90\/100|[from] item: Leftovers\n|upkeep\n|turn|2\n|\n|t:|1701175767\n|move|p2a: Greninja|Dark Pulse|p1a: Alomomola\n|-damage|p1a: Alomomola|48\/100\n|move|p1a: Alomomola|Flip Turn|p2a: Greninja\n|-resisted|p2a: Greninja\n|-crit|p2a: Greninja\n|-damage|p2a: Greninja|81\/100\n|\n|t:|1701175776\n|switch|p1a: Mawile|Mawile, M|100\/100|[from] Flip Turn\n|-ability|p1a: Mawile|Intimidate|boost\n|-unboost|p2a: Greninja|atk|1\n|\n|upkeep\n|turn|3\n|\n|t:|1701175784\n|detailschange|p1a: Mawile|Mawile-Mega, M\n|-mega|p1a: Mawile|Mawile|Mawilite\n|-zpower|p2a: Greninja\n|move|p2a: Greninja|Hydro Vortex|p1a: Mawile|[zeffect]\n|-damage|p1a: Mawile|7\/100\n|move|p1a: Mawile|Play Rough|p2a: Greninja\n|-supereffective|p2a: Greninja\n|-damage|p2a: Greninja|0 fnt\n|faint|p2a: Greninja\n|\n|upkeep\n|\n|t:|1701175802\n|switch|p2a: Landorus|Landorus-Therian, M|100\/100\n|-ability|p2a: Landorus|Intimidate|boost\n|-unboost|p1a: Mawile|atk|1\n|turn|4\n|\n|t:|1701175809\n|switch|p1a: Rillaboom|Rillaboom, M|100\/100\n|-fieldstart|move: Grassy Terrain|[from] ability: Grassy Surge|[of] p1a: Rillaboom\n|move|p2a: Landorus|U-turn|p1a: Rillaboom\n|-supereffective|p1a: Rillaboom\n|-damage|p1a: Rillaboom|48\/100\n|\n|t:|1701175816\n|switch|p2a: Tapu Koko|Tapu Koko|100\/100|[from] U-turn\n|-fieldstart|move: Electric Terrain|[from] ability: Electric Surge|[of] p2a: Tapu Koko\n|\n|upkeep\n|turn|5\n|\n|t:|1701175824\n|switch|p1a: Landorus|Landorus-Therian, M|100\/100\n|-ability|p1a: Landorus|Intimidate|boost\n|-unboost|p2a: Tapu Koko|atk|1\n|move|p2a: Tapu Koko|Dazzling Gleam|p1a: Landorus\n|-damage|p1a: Landorus|60\/100\n|\n|upkeep\n|turn|6\n|\n|t:|1701175841\n|switch|p2a: Ogerpon|Ogerpon-Wellspring, F|100\/100\n|move|p1a: Landorus|Earthquake|p2a: Ogerpon\n|-resisted|p2a: Ogerpon\n|-damage|p2a: Ogerpon|64\/100\n|\n|upkeep\n|turn|7\n|\n|t:|1701175852\n|switch|p1a: Rillaboom|Rillaboom, M|48\/100\n|-fieldstart|move: Grassy Terrain|[from] ability: Grassy Surge|[of] p1a: Rillaboom\n|move|p2a: Ogerpon|Ivy Cudgel|p1a: Rillaboom|[anim] Ivy Cudgel Water\n|-resisted|p1a: Rillaboom\n|-damage|p1a: Rillaboom|21\/100\n|\n|-heal|p2a: Ogerpon|70\/100|[from] Grassy Terrain\n|-heal|p1a: Rillaboom|28\/100|[from] Grassy Terrain\n|upkeep\n|turn|8\n|\n|t:|1701175864\n|switch|p2a: Tapu Koko|Tapu Koko|100\/100\n|-fieldstart|move: Electric Terrain|[from] ability: Electric Surge|[of] p2a: Tapu Koko\n|move|p1a: Rillaboom|U-turn|p2a: Tapu Koko\n|-resisted|p2a: Tapu Koko\n|-damage|p2a: Tapu Koko|83\/100\n|\n|t:|1701175868\n|switch|p1a: Landorus|Landorus-Therian, M|60\/100|[from] U-turn\n|-ability|p1a: Landorus|Intimidate|boost\n|-unboost|p2a: Tapu Koko|atk|1\n|\n|upkeep\n|turn|9\n|\n|t:|1701175876\n|switch|p2a: Landorus|Landorus-Therian, M|100\/100\n|-ability|p2a: Landorus|Intimidate|boost\n|-unboost|p1a: Landorus|atk|1\n|move|p1a: Landorus|Earthquake|p2a: Landorus\n|-immune|p2a: Landorus\n|\n|upkeep\n|turn|10\n|\n|t:|1701175884\n|switch|p1a: Rillaboom|Rillaboom, M|28\/100\n|-fieldstart|move: Grassy Terrain|[from] ability: Grassy Surge|[of] p1a: Rillaboom\n|move|p2a: Landorus|U-turn|p1a: Rillaboom\n|-supereffective|p1a: Rillaboom\n|-crit|p1a: Rillaboom\n|-damage|p1a: Rillaboom|0 fnt\n|faint|p1a: Rillaboom\n|\n|t:|1701175892\n|switch|p2a: Tapu Koko|Tapu Koko|83\/100|[from] U-turn\n|-fieldstart|move: Electric Terrain|[from] ability: Electric Surge|[of] p2a: Tapu Koko\n|\n|upkeep\n|\n|t:|1701175896\n|switch|p1a: Landorus|Landorus-Therian, M|60\/100\n|-ability|p1a: Landorus|Intimidate|boost\n|-unboost|p2a: Tapu Koko|atk|1\n|turn|11\n|\n|t:|1701175902\n|switch|p2a: Landorus|Landorus-Therian, M|100\/100\n|-ability|p2a: Landorus|Intimidate|boost\n|-unboost|p1a: Landorus|atk|1\n|move|p1a: Landorus|Knock Off|p2a: Landorus\n|-damage|p2a: Landorus|76\/100\n|-enditem|p2a: Landorus|Leftovers|[from] move: Knock Off|[of] p1a: Landorus\n|\n|upkeep\n|turn|12\n|\n|t:|1701175911\n|switch|p1a: Alomomola|Alomomola, F|81\/100\n|move|p2a: Landorus|Knock Off|p1a: Alomomola\n|-crit|p1a: Alomomola\n|-damage|p1a: Alomomola|51\/100\n|-enditem|p1a: Alomomola|Leftovers|[from] move: Knock Off|[of] p2a: Landorus\n|\n|upkeep\n|turn|13\n|\n|t:|1701175920\n|move|p2a: Landorus|U-turn|p1a: Alomomola\n|-damage|p1a: Alomomola|35\/100\n|\n|t:|1701175922\n|switch|p2a: Ogerpon|Ogerpon-Wellspring, F|70\/100|[from] U-turn\n|move|p1a: Alomomola|Wish|p1a: Alomomola\n|\n|upkeep\n|turn|14\n|\n|t:|1701175932\n|-terastallize|p1a: Alomomola|Grass\n|move|p2a: Ogerpon|Swords Dance|p2a: Ogerpon\n|-boost|p2a: Ogerpon|atk|2\n|move|p1a: Alomomola|Flip Turn|p2a: Ogerpon\n|-heal|p2a: Ogerpon|95\/100|[from] ability: Water Absorb|[of] p1a: Alomomola\n|\n|-heal|p1a: Alomomola|85\/100|[from] move: Wish|[wisher] Alomomola\n|-fieldend|move: Electric Terrain\n|upkeep\n|turn|15\n|\n|t:|1701175948\n|switch|p1a: Landorus|Landorus-Therian, M|60\/100\n|-ability|p1a: Landorus|Intimidate|boost\n|-unboost|p2a: Ogerpon|atk|1\n|move|p2a: Ogerpon|Ivy Cudgel|p1a: Landorus|[anim] Ivy Cudgel Water\n|-supereffective|p1a: Landorus\n|-damage|p1a: Landorus|0 fnt\n|faint|p1a: Landorus\n|\n|upkeep\n|\n|t:|1701175954\n|switch|p1a: Mawile|Mawile-Mega, M|7\/100\n|turn|16\n|\n|t:|1701175961\n|move|p1a: Mawile|Sucker Punch|p2a: Ogerpon\n|-damage|p2a: Ogerpon|33\/100\n|move|p2a: Ogerpon|Horn Leech|p1a: Mawile\n|-resisted|p1a: Mawile\n|-damage|p1a: Mawile|0 fnt\n|-heal|p2a: Ogerpon|37\/100|[from] drain|[of] p1a: Mawile\n|faint|p1a: Mawile\n|\n|upkeep\n|-message|dannybew forfeited.\n|\n|win|starlitbox\n|raw|dannybew's rating: 1283 &rarr; <strong>1261<\/strong><br \/>(-22 for losing)\n|raw|starlitbox's rating: 1331 &rarr; <strong>1348<\/strong><br \/>(+17 for winning)\n|l|\u2606dannybew\n","uploadtime":1701175974,"views":2,"p1id":"dannybew","p2id":"starlitbox","formatid":"gen9nationaldex","rating":1261,"private":0,"password":""}