{"id":"gen9nationaldex-1993605280","p1":"AiraAira","p2":"Thom.zip","format":"[Gen 9] National Dex","log":"|j|\u2606AiraAira\n|j|\u2606Thom.zip\n|t:|1700336672\n|gametype|singles\n|player|p1|AiraAira|170|\n|player|p2|Thom.zip|buck|\n|teamsize|p1|6\n|teamsize|p2|6\n|gen|9\n|tier|[Gen 9] National Dex\n|rule|HP Percentage Mod: HP is shown in percentages\n|rule|Endless Battle Clause: Forcing endless battles is banned\n|rule|OHKO Clause: OHKO moves are banned\n|rule|Evasion Clause: Evasion abilities, items, and moves are banned\n|rule|Evasion Abilities Clause: Evasion abilities are banned\n|rule|Evasion Items Clause: Evasion items are banned\n|rule|Evasion Moves Clause: Evasion moves are banned\n|rule|Species Clause: Limit one of each Pok\u00e9mon\n|rule|Sleep Clause Mod: Limit one foe put to sleep\n|clearpoke\n|poke|p1|Infernape, M|\n|poke|p1|Coalossal, M|\n|poke|p1|Ceruledge, M|\n|poke|p1|Armarouge, F|\n|poke|p1|Skeledirge, F|\n|poke|p1|Rotom-Heat|\n|poke|p2|Incineroar, M|\n|poke|p2|Rotom-Heat|\n|poke|p2|Flareon, M|\n|poke|p2|Ceruledge, M|\n|poke|p2|Coalossal, M|\n|poke|p2|Torkoal, M|\n|teampreview\n|inactive|Battle timer is ON: inactive players will automatically lose when time's up. (requested by Thom.zip)\n|\n|t:|1700336697\n|start\n|switch|p1a: Coalossal|Coalossal, M, shiny|100\/100\n|switch|p2a: Coalossal|Coalossal, M|100\/100\n|-item|p2a: Coalossal|Air Balloon\n|turn|1\n|inactive|AiraAira has 270 seconds left.\n|inactive|AiraAira has 240 seconds left.\n|\n|t:|1700336764\n|switch|p1a: Rotom|Rotom-Heat|100\/100\n|move|p2a: Coalossal|Stealth Rock|p1a: Rotom\n|-sidestart|p1: AiraAira|move: Stealth Rock\n|\n|upkeep\n|turn|2\n|inactive|AiraAira has 240 seconds left.\n|\n|t:|1700336778\n|move|p1a: Rotom|Hidden Power|p2a: Coalossal\n|-supereffective|p2a: Coalossal\n|-damage|p2a: Coalossal|39\/100\n|-ability|p2a: Coalossal|Steam Engine|boost\n|-boost|p2a: Coalossal|spe|6\n|-enditem|p2a: Coalossal|Air Balloon\n|move|p2a: Coalossal|Scald|p1a: Rotom\n|-supereffective|p1a: Rotom\n|-damage|p1a: Rotom|36\/100\n|\n|-heal|p1a: Rotom|42\/100|[from] item: Leftovers\n|upkeep\n|turn|3\n|inactive|AiraAira has 240 seconds left.\n|l|\u2606AiraAira\n|inactive|AiraAira disconnected and has 300 seconds to reconnect!\n|player|p1|\n|inactive|AiraAira has 270 seconds to reconnect!\n|j|\u2606AiraAira\n|inactive|AiraAira reconnected and has 235 seconds left.\n|player|p1|AiraAira|170\n|\n|t:|1700336848\n|move|p2a: Coalossal|Scald|p1a: Rotom\n|-supereffective|p1a: Rotom\n|-damage|p1a: Rotom|0 fnt\n|faint|p1a: Rotom\n|\n|upkeep\n|\n|t:|1700336856\n|switch|p1a: Infernape|Infernape, M, shiny|100\/100\n|-damage|p1a: Infernape|88\/100|[from] Stealth Rock\n|turn|4\n|\n|t:|1700336862\n|move|p1a: Infernape|Mach Punch|p2a: Coalossal\n|-supereffective|p2a: Coalossal\n|-damage|p2a: Coalossal|6\/100\n|move|p2a: Coalossal|Earth Power|p1a: Infernape\n|-supereffective|p1a: Infernape\n|-damage|p1a: Infernape|17\/100\n|\n|upkeep\n|turn|5\n|\n|t:|1700336888\n|switch|p2a: Ceruledge|Ceruledge, M|100\/100\n|move|p1a: Infernape|Mach Punch|p2a: Ceruledge\n|-immune|p2a: Ceruledge\n|\n|upkeep\n|turn|6\n|\n|t:|1700336898\n|move|p2a: Ceruledge|Shadow Sneak|p1a: Infernape\n|-damage|p1a: Infernape|0 fnt\n|faint|p1a: Infernape\n|\n|upkeep\n|inactive|AiraAira has 210 seconds left.\n|\n|t:|1700336932\n|switch|p1a: Armarouge|Armarouge, F|100\/100\n|-damage|p1a: Armarouge|76\/100|[from] Stealth Rock\n|turn|7\n|\n|t:|1700336939\n|-terastallize|p1a: Armarouge|Fire\n|move|p2a: Ceruledge|Swords Dance|p2a: Ceruledge\n|-boost|p2a: Ceruledge|atk|2\n|move|p1a: Armarouge|Trick Room|p1a: Armarouge\n|-fieldstart|move: Trick Room|[of] p1a: Armarouge\n|\n|upkeep\n|turn|8\n|inactive|AiraAira has 210 seconds left.\n|\n|t:|1700336957\n|move|p1a: Armarouge|Psychic|p2a: Ceruledge\n|-damage|p2a: Ceruledge|46\/100\n|move|p2a: Ceruledge|Close Combat|p1a: Armarouge\n|-damage|p1a: Armarouge|7\/100\n|-unboost|p2a: Ceruledge|def|1\n|-unboost|p2a: Ceruledge|spd|1\n|\n|upkeep\n|turn|9\n|\n|t:|1700336968\n|move|p2a: Ceruledge|Shadow Sneak|p1a: Armarouge\n|-damage|p1a: Armarouge|0 fnt\n|faint|p1a: Armarouge\n|\n|upkeep\n|inactive|AiraAira has 180 seconds left.\n|\n|t:|1700336995\n|switch|p1a: Coalossal|Coalossal, M, shiny|100\/100\n|-damage|p1a: Coalossal|76\/100|[from] Stealth Rock\n|turn|10\n|inactive|AiraAira has 180 seconds left.\n|\n|t:|1700337008\n|switch|p2a: Coalossal|Coalossal, M|6\/100\n|move|p1a: Coalossal|Earthquake|p2a: Coalossal\n|-supereffective|p2a: Coalossal\n|-damage|p2a: Coalossal|0 fnt\n|faint|p2a: Coalossal\n|\n|upkeep\n|\n|t:|1700337016\n|switch|p2a: Incineroar|Incineroar, M|100\/100\n|-ability|p2a: Incineroar|Intimidate|boost\n|-unboost|p1a: Coalossal|atk|1\n|turn|11\n|inactive|AiraAira has 180 seconds left.\n|\n|t:|1700337040\n|switch|p1a: Ceruledge|Ceruledge, M|100\/100\n|-damage|p1a: Ceruledge|76\/100|[from] Stealth Rock\n|move|p2a: Incineroar|Fake Out|p1a: Ceruledge\n|-immune|p1a: Ceruledge\n|\n|-fieldend|move: Trick Room\n|upkeep\n|turn|12\n|inactive|AiraAira has 180 seconds left.\n|\n|t:|1700337057\n|move|p1a: Ceruledge|Poltergeist|p2a: Incineroar\n|-activate|p2a: Incineroar|move: Poltergeist|Muscle Band\n|-resisted|p2a: Incineroar\n|-damage|p2a: Incineroar|73\/100\n|move|p2a: Incineroar|Earthquake|p1a: Ceruledge\n|-supereffective|p1a: Ceruledge\n|-crit|p1a: Ceruledge\n|-damage|p1a: Ceruledge|0 fnt\n|faint|p1a: Ceruledge\n|\n|upkeep\n|\n|t:|1700337070\n|switch|p1a: Skeledirge|Skeledirge, F|100\/100\n|-damage|p1a: Skeledirge|76\/100|[from] Stealth Rock\n|turn|13\n|\n|t:|1700337076\n|move|p1a: Skeledirge|Earth Power|p2a: Incineroar\n|-supereffective|p2a: Incineroar\n|-damage|p2a: Incineroar|20\/100\n|move|p2a: Incineroar|Earthquake|p1a: Skeledirge\n|-supereffective|p1a: Skeledirge\n|-damage|p1a: Skeledirge|15\/100\n|\n|upkeep\n|turn|14\n|\n|t:|1700337085\n|switch|p2a: Rotom|Rotom-Heat|100\/100\n|move|p1a: Skeledirge|Earth Power|p2a: Rotom\n|-immune|p2a: Rotom|[from] ability: Levitate\n|\n|upkeep\n|turn|15\n|inactive|AiraAira has 180 seconds left.\n|\n|t:|1700337096\n|move|p2a: Rotom|Shadow Ball|p1a: Skeledirge\n|-supereffective|p1a: Skeledirge\n|-crit|p1a: Skeledirge\n|-damage|p1a: Skeledirge|0 fnt\n|faint|p1a: Skeledirge\n|\n|upkeep\n|\n|t:|1700337102\n|switch|p1a: Coalossal|Coalossal, M, shiny|76\/100\n|-damage|p1a: Coalossal|51\/100|[from] Stealth Rock\n|turn|16\n|\n|t:|1700337107\n|move|p2a: Rotom|Volt Switch|p1a: Coalossal\n|-crit|p1a: Coalossal\n|-damage|p1a: Coalossal|10\/100\n|\n|t:|1700337111\n|switch|p2a: Incineroar|Incineroar, M|20\/100|[from] Volt Switch\n|-ability|p2a: Incineroar|Intimidate|boost\n|-unboost|p1a: Coalossal|atk|1\n|move|p1a: Coalossal|Rock Blast|p2a: Incineroar\n|-supereffective|p2a: Incineroar\n|-damage|p2a: Incineroar|7\/100\n|-supereffective|p2a: Incineroar\n|-damage|p2a: Incineroar|0 fnt\n|faint|p2a: Incineroar\n|-hitcount|p2: Incineroar|2\n|\n|upkeep\n|\n|t:|1700337120\n|switch|p2a: Ceruledge|Ceruledge, M|46\/100\n|turn|17\n|\n|t:|1700337126\n|move|p2a: Ceruledge|Close Combat|p1a: Coalossal\n|-supereffective|p1a: Coalossal\n|-damage|p1a: Coalossal|0 fnt\n|-unboost|p2a: Ceruledge|def|1\n|-unboost|p2a: Ceruledge|spd|1\n|faint|p1a: Coalossal\n|\n|win|Thom.zip\n","uploadtime":1700337135,"views":20,"p1id":"airaaira","p2id":"thomzip","formatid":"gen9nationaldex","rating":0,"private":0,"password":""}