{"id":"gen9nationaldex-1987176870","p1":"vimassageparlordD","p2":"TreinadorDeMemes","format":"[Gen 9] National Dex","log":"|j|\u2606vimassageparlordD\n|j|\u2606TreinadorDeMemes\n|t:|1699562557\n|gametype|singles\n|player|p1|vimassageparlordD|ghetsis|1064\n|player|p2|TreinadorDeMemes|barry|1018\n|teamsize|p1|6\n|teamsize|p2|6\n|gen|9\n|tier|[Gen 9] National Dex\n|rated|\n|rule|HP Percentage Mod: HP is shown in percentages\n|rule|Endless Battle Clause: Forcing endless battles is banned\n|rule|OHKO Clause: OHKO moves are banned\n|rule|Evasion Clause: Evasion abilities, items, and moves are banned\n|rule|Evasion Abilities Clause: Evasion abilities are banned\n|rule|Evasion Items Clause: Evasion items are banned\n|rule|Evasion Moves Clause: Evasion moves are banned\n|rule|Species Clause: Limit one of each Pok\u00e9mon\n|rule|Sleep Clause Mod: Limit one foe put to sleep\n|clearpoke\n|poke|p1|Salazzle, F|\n|poke|p1|Magnemite, L1|\n|poke|p1|Probopass, L2, F|\n|poke|p1|Mandibuzz, F|\n|poke|p1|Nosepass, L1, F|\n|poke|p1|Tentacruel, M|\n|poke|p2|Scrafty, M|\n|poke|p2|Frosmoth, F|\n|poke|p2|Excadrill, F|\n|poke|p2|Sableye, F|\n|poke|p2|Togekiss, M|\n|poke|p2|Pyukumuku, M|\n|teampreview\n|\n|t:|1699562579\n|start\n|switch|p1a: Sh\ud83d\udca9tsquid|Tentacruel, M|100\/100\n|switch|p2a: Excadrill|Excadrill, F|100\/100\n|turn|1\n|inactive|Battle timer is ON: inactive players will automatically lose when time's up. (requested by vimassageparlordD)\n|\n|t:|1699562609\n|move|p1a: Sh\ud83d\udca9tsquid|Scald|p2a: Excadrill\n|-supereffective|p2a: Excadrill\n|-damage|p2a: Excadrill|37\/100\n|move|p2a: Excadrill|Sandstorm|p2a: Excadrill\n|-weather|Sandstorm\n|\n|-weather|Sandstorm|[upkeep]\n|-damage|p1a: Sh\ud83d\udca9tsquid|94\/100|[from] Sandstorm\n|-heal|p2a: Excadrill|43\/100|[from] item: Leftovers\n|-heal|p1a: Sh\ud83d\udca9tsquid|100\/100|[from] item: Leftovers\n|upkeep\n|turn|2\n|\n|t:|1699562622\n|-terastallize|p1a: Sh\ud83d\udca9tsquid|Flying\n|move|p2a: Excadrill|Drill Run|p1a: Sh\ud83d\udca9tsquid\n|-immune|p1a: Sh\ud83d\udca9tsquid\n|move|p1a: Sh\ud83d\udca9tsquid|Scald|p2a: Excadrill\n|-supereffective|p2a: Excadrill\n|-damage|p2a: Excadrill|0 fnt\n|faint|p2a: Excadrill\n|\n|-weather|Sandstorm|[upkeep]\n|-damage|p1a: Sh\ud83d\udca9tsquid|94\/100|[from] Sandstorm\n|-heal|p1a: Sh\ud83d\udca9tsquid|100\/100|[from] item: Leftovers\n|upkeep\n|\n|t:|1699562629\n|switch|p2a: \u00c9 s\u00f3 pegadinha|Sableye, F|100\/100\n|turn|3\n|\n|t:|1699562635\n|move|p2a: \u00c9 s\u00f3 pegadinha|Toxic|p1a: Sh\ud83d\udca9tsquid\n|-status|p1a: Sh\ud83d\udca9tsquid|tox\n|move|p1a: Sh\ud83d\udca9tsquid|Toxic|p2a: \u00c9 s\u00f3 pegadinha\n|-status|p2a: \u00c9 s\u00f3 pegadinha|tox\n|\n|-weather|Sandstorm|[upkeep]\n|-damage|p1a: Sh\ud83d\udca9tsquid|94\/100 tox|[from] Sandstorm\n|-damage|p2a: \u00c9 s\u00f3 pegadinha|94\/100 tox|[from] Sandstorm\n|-heal|p1a: Sh\ud83d\udca9tsquid|100\/100 tox|[from] item: Leftovers\n|-heal|p2a: \u00c9 s\u00f3 pegadinha|100\/100 tox|[from] item: Leftovers\n|-damage|p1a: Sh\ud83d\udca9tsquid|94\/100 tox|[from] psn\n|-damage|p2a: \u00c9 s\u00f3 pegadinha|94\/100 tox|[from] psn\n|upkeep\n|turn|4\n|\n|t:|1699562645\n|move|p1a: Sh\ud83d\udca9tsquid|Knock Off|p2a: \u00c9 s\u00f3 pegadinha\n|-damage|p2a: \u00c9 s\u00f3 pegadinha|74\/100 tox\n|-enditem|p2a: \u00c9 s\u00f3 pegadinha|Leftovers|[from] move: Knock Off|[of] p1a: Sh\ud83d\udca9tsquid\n|move|p2a: \u00c9 s\u00f3 pegadinha|Hex|p1a: Sh\ud83d\udca9tsquid\n|-damage|p1a: Sh\ud83d\udca9tsquid|70\/100 tox\n|\n|-weather|Sandstorm|[upkeep]\n|-damage|p1a: Sh\ud83d\udca9tsquid|64\/100 tox|[from] Sandstorm\n|-damage|p2a: \u00c9 s\u00f3 pegadinha|68\/100 tox|[from] Sandstorm\n|-heal|p1a: Sh\ud83d\udca9tsquid|70\/100 tox|[from] item: Leftovers\n|-damage|p1a: Sh\ud83d\udca9tsquid|58\/100 tox|[from] psn\n|-damage|p2a: \u00c9 s\u00f3 pegadinha|55\/100 tox|[from] psn\n|upkeep\n|turn|5\n|\n|t:|1699562653\n|move|p1a: Sh\ud83d\udca9tsquid|Scald|p2a: \u00c9 s\u00f3 pegadinha\n|-damage|p2a: \u00c9 s\u00f3 pegadinha|20\/100 tox\n|move|p2a: \u00c9 s\u00f3 pegadinha|Hex|p1a: Sh\ud83d\udca9tsquid\n|-damage|p1a: Sh\ud83d\udca9tsquid|31\/100 tox\n|\n|-weather|none\n|-heal|p1a: Sh\ud83d\udca9tsquid|37\/100 tox|[from] item: Leftovers\n|-damage|p1a: Sh\ud83d\udca9tsquid|19\/100 tox|[from] psn\n|-damage|p2a: \u00c9 s\u00f3 pegadinha|2\/100 tox|[from] psn\n|upkeep\n|turn|6\n|\n|t:|1699562665\n|move|p2a: \u00c9 s\u00f3 pegadinha|Recover|p2a: \u00c9 s\u00f3 pegadinha\n|-heal|p2a: \u00c9 s\u00f3 pegadinha|52\/100 tox\n|move|p1a: Sh\ud83d\udca9tsquid|Scald|p2a: \u00c9 s\u00f3 pegadinha\n|-damage|p2a: \u00c9 s\u00f3 pegadinha|19\/100 tox\n|\n|-heal|p1a: Sh\ud83d\udca9tsquid|25\/100 tox|[from] item: Leftovers\n|-damage|p1a: Sh\ud83d\udca9tsquid|1\/100 tox|[from] psn\n|-damage|p2a: \u00c9 s\u00f3 pegadinha|0 fnt|[from] psn\n|faint|p2a: \u00c9 s\u00f3 pegadinha\n|upkeep\n|\n|t:|1699562690\n|switch|p2a: Mariposa|Frosmoth, F|100\/100\n|turn|7\n|\n|t:|1699562695\n|move|p1a: Sh\ud83d\udca9tsquid|Toxic|p2a: Mariposa\n|-status|p2a: Mariposa|tox\n|move|p2a: Mariposa|Quiver Dance|p2a: Mariposa\n|-boost|p2a: Mariposa|spa|1\n|-boost|p2a: Mariposa|spd|1\n|-boost|p2a: Mariposa|spe|1\n|\n|-heal|p1a: Sh\ud83d\udca9tsquid|7\/100 tox|[from] item: Leftovers\n|-damage|p2a: Mariposa|94\/100 tox|[from] psn\n|-damage|p1a: Sh\ud83d\udca9tsquid|0 fnt|[from] psn\n|faint|p1a: Sh\ud83d\udca9tsquid\n|upkeep\n|\n|t:|1699562724\n|switch|p1a: Literally Level 1|Magnemite, L1|100\/100\n|turn|8\n|\n|t:|1699562728\n|move|p1a: Literally Level 1|Protect|p1a: Literally Level 1\n|-singleturn|p1a: Literally Level 1|Protect\n|move|p2a: Mariposa|Bug Buzz|p1a: Literally Level 1\n|-activate|p1a: Literally Level 1|move: Protect\n|\n|-heal|p2a: Mariposa|100\/100 tox|[from] item: Leftovers\n|-damage|p2a: Mariposa|88\/100 tox|[from] psn\n|upkeep\n|turn|9\n|\n|t:|1699562734\n|move|p2a: Mariposa|Bug Buzz|p1a: Literally Level 1\n|-resisted|p1a: Literally Level 1\n|-ability|p1a: Literally Level 1|Sturdy\n|-damage|p1a: Literally Level 1|10\/100\n|-enditem|p1a: Literally Level 1|Berry Juice\n|-heal|p1a: Literally Level 1|100\/100|[from] item: Berry Juice\n|move|p1a: Literally Level 1|Recycle|p1a: Literally Level 1\n|-item|p1a: Literally Level 1|Berry Juice|[from] move: Recycle\n|\n|-heal|p2a: Mariposa|94\/100 tox|[from] item: Leftovers\n|-damage|p2a: Mariposa|76\/100 tox|[from] psn\n|upkeep\n|turn|10\n|\n|t:|1699562746\n|move|p1a: Literally Level 1|Protect|p1a: Literally Level 1\n|-singleturn|p1a: Literally Level 1|Protect\n|move|p2a: Mariposa|Quiver Dance|p2a: Mariposa\n|-boost|p2a: Mariposa|spa|1\n|-boost|p2a: Mariposa|spd|1\n|-boost|p2a: Mariposa|spe|1\n|\n|-heal|p2a: Mariposa|82\/100 tox|[from] item: Leftovers\n|-damage|p2a: Mariposa|58\/100 tox|[from] psn\n|upkeep\n|turn|11\n|\n|t:|1699562750\n|move|p2a: Mariposa|Ice Beam|p1a: Literally Level 1\n|-resisted|p1a: Literally Level 1\n|-ability|p1a: Literally Level 1|Sturdy\n|-damage|p1a: Literally Level 1|10\/100\n|-enditem|p1a: Literally Level 1|Berry Juice\n|-heal|p1a: Literally Level 1|100\/100|[from] item: Berry Juice\n|move|p1a: Literally Level 1|Recycle|p1a: Literally Level 1\n|-item|p1a: Literally Level 1|Berry Juice|[from] move: Recycle\n|\n|-heal|p2a: Mariposa|64\/100 tox|[from] item: Leftovers\n|-damage|p2a: Mariposa|34\/100 tox|[from] psn\n|upkeep\n|turn|12\n|\n|t:|1699562755\n|move|p1a: Literally Level 1|Protect|p1a: Literally Level 1\n|-singleturn|p1a: Literally Level 1|Protect\n|move|p2a: Mariposa|Quiver Dance|p2a: Mariposa\n|-boost|p2a: Mariposa|spa|1\n|-boost|p2a: Mariposa|spd|1\n|-boost|p2a: Mariposa|spe|1\n|\n|-heal|p2a: Mariposa|40\/100 tox|[from] item: Leftovers\n|-damage|p2a: Mariposa|4\/100 tox|[from] psn\n|upkeep\n|turn|13\n|\n|t:|1699562760\n|move|p2a: Mariposa|Ice Beam|p1a: Literally Level 1\n|-resisted|p1a: Literally Level 1\n|-ability|p1a: Literally Level 1|Sturdy\n|-damage|p1a: Literally Level 1|10\/100\n|-enditem|p1a: Literally Level 1|Berry Juice\n|-heal|p1a: Literally Level 1|100\/100|[from] item: Berry Juice\n|move|p1a: Literally Level 1|Recycle|p1a: Literally Level 1\n|-item|p1a: Literally Level 1|Berry Juice|[from] move: Recycle\n|\n|-heal|p2a: Mariposa|10\/100 tox|[from] item: Leftovers\n|-damage|p2a: Mariposa|0 fnt|[from] psn\n|faint|p2a: Mariposa\n|upkeep\n|\n|t:|1699562773\n|switch|p2a: Avi\u00e3o|Togekiss, M|100\/100\n|turn|14\n|\n|t:|1699562777\n|move|p2a: Avi\u00e3o|Air Slash|p1a: Literally Level 1\n|-resisted|p1a: Literally Level 1\n|-ability|p1a: Literally Level 1|Sturdy\n|-damage|p1a: Literally Level 1|10\/100\n|-enditem|p1a: Literally Level 1|Berry Juice\n|-heal|p1a: Literally Level 1|100\/100|[from] item: Berry Juice\n|move|p1a: Literally Level 1|Toxic|p2a: Avi\u00e3o\n|-status|p2a: Avi\u00e3o|tox\n|\n|-damage|p2a: Avi\u00e3o|94\/100 tox|[from] psn\n|upkeep\n|turn|15\n|\n|t:|1699562784\n|move|p1a: Literally Level 1|Protect|p1a: Literally Level 1\n|-singleturn|p1a: Literally Level 1|Protect\n|move|p2a: Avi\u00e3o|Air Slash|p1a: Literally Level 1\n|-activate|p1a: Literally Level 1|move: Protect\n|\n|-heal|p2a: Avi\u00e3o|100\/100 tox|[from] item: Leftovers\n|-damage|p2a: Avi\u00e3o|88\/100 tox|[from] psn\n|upkeep\n|turn|16\n|\n|t:|1699562788\n|move|p2a: Avi\u00e3o|Air Slash|p1a: Literally Level 1\n|-resisted|p1a: Literally Level 1\n|-ability|p1a: Literally Level 1|Sturdy\n|-damage|p1a: Literally Level 1|10\/100\n|cant|p1a: Literally Level 1|flinch\n|\n|-heal|p2a: Avi\u00e3o|94\/100 tox|[from] item: Leftovers\n|-damage|p2a: Avi\u00e3o|76\/100 tox|[from] psn\n|upkeep\n|turn|17\n|\n|t:|1699562800\n|move|p1a: Literally Level 1|Protect|p1a: Literally Level 1\n|-singleturn|p1a: Literally Level 1|Protect\n|move|p2a: Avi\u00e3o|Air Slash|p1a: Literally Level 1\n|-activate|p1a: Literally Level 1|move: Protect\n|\n|-heal|p2a: Avi\u00e3o|82\/100 tox|[from] item: Leftovers\n|-damage|p2a: Avi\u00e3o|58\/100 tox|[from] psn\n|upkeep\n|turn|18\n|\n|t:|1699562804\n|move|p1a: Literally Level 1|Protect||[still]\n|-fail|p1a: Literally Level 1\n|move|p2a: Avi\u00e3o|Air Slash|p1a: Literally Level 1\n|-resisted|p1a: Literally Level 1\n|-damage|p1a: Literally Level 1|0 fnt\n|faint|p1a: Literally Level 1\n|\n|-heal|p2a: Avi\u00e3o|64\/100 tox|[from] item: Leftovers\n|-damage|p2a: Avi\u00e3o|33\/100 tox|[from] psn\n|upkeep\n|\n|t:|1699562807\n|switch|p1a: No Fun Allowed|Salazzle, F|100\/100\n|turn|19\n|\n|t:|1699562836\n|move|p1a: No Fun Allowed|Protect|p1a: No Fun Allowed\n|-singleturn|p1a: No Fun Allowed|Protect\n|move|p2a: Avi\u00e3o|Thunder Wave|p1a: No Fun Allowed\n|-activate|p1a: No Fun Allowed|move: Protect\n|\n|-heal|p2a: Avi\u00e3o|39\/100 tox|[from] item: Leftovers\n|-damage|p2a: Avi\u00e3o|3\/100 tox|[from] psn\n|upkeep\n|turn|20\n|\n|t:|1699562840\n|move|p1a: No Fun Allowed|Substitute|p1a: No Fun Allowed\n|-start|p1a: No Fun Allowed|Substitute\n|-damage|p1a: No Fun Allowed|76\/100\n|move|p2a: Avi\u00e3o|Extrasensory|p1a: No Fun Allowed\n|-supereffective|p1a: No Fun Allowed\n|-end|p1a: No Fun Allowed|Substitute\n|\n|-heal|p1a: No Fun Allowed|82\/100|[from] item: Leftovers\n|-heal|p2a: Avi\u00e3o|9\/100 tox|[from] item: Leftovers\n|-damage|p2a: Avi\u00e3o|0 fnt|[from] psn\n|faint|p2a: Avi\u00e3o\n|upkeep\n|\n|t:|1699562852\n|switch|p2a: Meliodas|Pyukumuku, M|100\/100\n|turn|21\n|\n|t:|1699562862\n|move|p1a: No Fun Allowed|Substitute|p1a: No Fun Allowed\n|-start|p1a: No Fun Allowed|Substitute\n|-damage|p1a: No Fun Allowed|57\/100\n|move|p2a: Meliodas|Counter||[still]\n|-fail|p2a: Meliodas\n|\n|-heal|p1a: No Fun Allowed|63\/100|[from] item: Leftovers\n|upkeep\n|turn|22\n|c|\u2606vimassageparlordD|gg\n|\n|t:|1699562878\n|move|p1a: No Fun Allowed|Toxic|p2a: Meliodas\n|-status|p2a: Meliodas|tox\n|move|p2a: Meliodas|Pain Split||[still]\n|-fail|p2a: Meliodas\n|\n|-heal|p1a: No Fun Allowed|69\/100|[from] item: Leftovers\n|-damage|p2a: Meliodas|95\/100 tox|[from] psn\n|upkeep\n|turn|23\n|\n|t:|1699562886\n|move|p1a: No Fun Allowed|Flamethrower|p2a: Meliodas\n|-resisted|p2a: Meliodas\n|-damage|p2a: Meliodas|75\/100 tox\n|-enditem|p2a: Meliodas|Red Card|[of] p1a: No Fun Allowed\n|drag|p1a: Sh\ud83d\udca9tbird|Mandibuzz, F|100\/100\n|move|p2a: Meliodas|Mirror Coat|p1a: Sh\ud83d\udca9tbird\n|-immune|p1a: Sh\ud83d\udca9tbird\n|\n|-damage|p2a: Meliodas|63\/100 tox|[from] psn\n|upkeep\n|turn|24\n|\n|t:|1699562893\n|switch|p1a: No Fun Allowed|Salazzle, F|69\/100\n|move|p2a: Meliodas|Toxic|p1a: No Fun Allowed\n|-immune|p1a: No Fun Allowed\n|\n|-heal|p1a: No Fun Allowed|75\/100|[from] item: Leftovers\n|-damage|p2a: Meliodas|45\/100 tox|[from] psn\n|upkeep\n|turn|25\n|\n|t:|1699562899\n|move|p1a: No Fun Allowed|Substitute|p1a: No Fun Allowed\n|-start|p1a: No Fun Allowed|Substitute\n|-damage|p1a: No Fun Allowed|50\/100\n|move|p2a: Meliodas|Mirror Coat||[still]\n|-fail|p2a: Meliodas\n|\n|-heal|p1a: No Fun Allowed|56\/100|[from] item: Leftovers\n|-damage|p2a: Meliodas|21\/100 tox|[from] psn\n|upkeep\n|turn|26\n|\n|t:|1699562911\n|move|p1a: No Fun Allowed|Protect|p1a: No Fun Allowed\n|-singleturn|p1a: No Fun Allowed|Protect\n|move|p2a: Meliodas|Pain Split|p1a: No Fun Allowed\n|-activate|p1a: No Fun Allowed|move: Protect\n|\n|-heal|p1a: No Fun Allowed|63\/100|[from] item: Leftovers\n|-damage|p2a: Meliodas|0 fnt|[from] psn\n|faint|p2a: Meliodas\n|upkeep\n|\n|t:|1699562914\n|switch|p2a: Capit\u00e3o cueca|Scrafty, M|100\/100\n|turn|27\n|\n|t:|1699562920\n|move|p1a: No Fun Allowed|Toxic|p2a: Capit\u00e3o cueca\n|-status|p2a: Capit\u00e3o cueca|tox\n|move|p2a: Capit\u00e3o cueca|Amnesia|p2a: Capit\u00e3o cueca\n|-boost|p2a: Capit\u00e3o cueca|spd|2\n|\n|-heal|p1a: No Fun Allowed|69\/100|[from] item: Leftovers\n|-damage|p2a: Capit\u00e3o cueca|94\/100 tox|[from] psn\n|upkeep\n|turn|28\n|\n|t:|1699562927\n|move|p1a: No Fun Allowed|Flamethrower|p2a: Capit\u00e3o cueca\n|-damage|p2a: Capit\u00e3o cueca|75\/100 tox\n|move|p2a: Capit\u00e3o cueca|Amnesia|p2a: Capit\u00e3o cueca\n|-boost|p2a: Capit\u00e3o cueca|spd|2\n|\n|-heal|p1a: No Fun Allowed|75\/100|[from] item: Leftovers\n|-activate|p2a: Capit\u00e3o cueca|ability: Shed Skin\n|-curestatus|p2a: Capit\u00e3o cueca|tox|[msg]\n|-heal|p2a: Capit\u00e3o cueca|81\/100|[from] item: Leftovers\n|upkeep\n|turn|29\n|\n|t:|1699562937\n|move|p1a: No Fun Allowed|Toxic|p2a: Capit\u00e3o cueca\n|-status|p2a: Capit\u00e3o cueca|tox\n|move|p2a: Capit\u00e3o cueca|Amnesia|p2a: Capit\u00e3o cueca\n|-boost|p2a: Capit\u00e3o cueca|spd|2\n|\n|-heal|p1a: No Fun Allowed|81\/100|[from] item: Leftovers\n|-heal|p2a: Capit\u00e3o cueca|88\/100 tox|[from] item: Leftovers\n|-damage|p2a: Capit\u00e3o cueca|81\/100 tox|[from] psn\n|upkeep\n|turn|30\n|\n|t:|1699562942\n|move|p1a: No Fun Allowed|Flamethrower|p2a: Capit\u00e3o cueca\n|-damage|p2a: Capit\u00e3o cueca|71\/100 tox\n|move|p2a: Capit\u00e3o cueca|Bulk Up|p2a: Capit\u00e3o cueca\n|-boost|p2a: Capit\u00e3o cueca|atk|1\n|-boost|p2a: Capit\u00e3o cueca|def|1\n|\n|-heal|p1a: No Fun Allowed|87\/100|[from] item: Leftovers\n|-heal|p2a: Capit\u00e3o cueca|77\/100 tox|[from] item: Leftovers\n|-damage|p2a: Capit\u00e3o cueca|65\/100 tox|[from] psn\n|upkeep\n|turn|31\n|\n|t:|1699562948\n|move|p1a: No Fun Allowed|Flamethrower|p2a: Capit\u00e3o cueca\n|-damage|p2a: Capit\u00e3o cueca|55\/100 tox\n|move|p2a: Capit\u00e3o cueca|Bulk Up|p2a: Capit\u00e3o cueca\n|-boost|p2a: Capit\u00e3o cueca|atk|1\n|-boost|p2a: Capit\u00e3o cueca|def|1\n|\n|-heal|p1a: No Fun Allowed|93\/100|[from] item: Leftovers\n|-heal|p2a: Capit\u00e3o cueca|61\/100 tox|[from] item: Leftovers\n|-damage|p2a: Capit\u00e3o cueca|42\/100 tox|[from] psn\n|upkeep\n|turn|32\n|\n|t:|1699562952\n|move|p1a: No Fun Allowed|Flamethrower|p2a: Capit\u00e3o cueca\n|-damage|p2a: Capit\u00e3o cueca|33\/100 tox\n|move|p2a: Capit\u00e3o cueca|Bulk Up|p2a: Capit\u00e3o cueca\n|-boost|p2a: Capit\u00e3o cueca|atk|1\n|-boost|p2a: Capit\u00e3o cueca|def|1\n|\n|-heal|p1a: No Fun Allowed|99\/100|[from] item: Leftovers\n|-heal|p2a: Capit\u00e3o cueca|39\/100 tox|[from] item: Leftovers\n|-damage|p2a: Capit\u00e3o cueca|14\/100 tox|[from] psn\n|upkeep\n|turn|33\n|\n|t:|1699562966\n|move|p1a: No Fun Allowed|Flamethrower|p2a: Capit\u00e3o cueca\n|-damage|p2a: Capit\u00e3o cueca|4\/100 tox\n|move|p2a: Capit\u00e3o cueca|Rest|p2a: Capit\u00e3o cueca\n|-status|p2a: Capit\u00e3o cueca|slp|[from] move: Rest\n|-heal|p2a: Capit\u00e3o cueca|100\/100 slp|[silent]\n|\n|-heal|p1a: No Fun Allowed|100\/100|[from] item: Leftovers\n|upkeep\n|turn|34\n|\n|t:|1699562975\n|move|p1a: No Fun Allowed|Flamethrower|p2a: Capit\u00e3o cueca\n|-damage|p2a: Capit\u00e3o cueca|91\/100 slp\n|cant|p2a: Capit\u00e3o cueca|slp\n|\n|-heal|p2a: Capit\u00e3o cueca|98\/100 slp|[from] item: Leftovers\n|upkeep\n|turn|35\n|\n|t:|1699562983\n|move|p1a: No Fun Allowed|Protect|p1a: No Fun Allowed\n|-singleturn|p1a: No Fun Allowed|Protect\n|cant|p2a: Capit\u00e3o cueca|slp\n|\n|-heal|p2a: Capit\u00e3o cueca|100\/100 slp|[from] item: Leftovers\n|upkeep\n|turn|36\n|\n|t:|1699562989\n|move|p1a: No Fun Allowed|Flamethrower|p2a: Capit\u00e3o cueca\n|-damage|p2a: Capit\u00e3o cueca|91\/100 slp\n|-curestatus|p2a: Capit\u00e3o cueca|slp|[msg]\n|move|p2a: Capit\u00e3o cueca|Bulk Up|p2a: Capit\u00e3o cueca\n|-boost|p2a: Capit\u00e3o cueca|atk|1\n|-boost|p2a: Capit\u00e3o cueca|def|1\n|\n|-heal|p2a: Capit\u00e3o cueca|97\/100|[from] item: Leftovers\n|upkeep\n|turn|37\n|\n|t:|1699562995\n|move|p1a: No Fun Allowed|Toxic|p2a: Capit\u00e3o cueca\n|-status|p2a: Capit\u00e3o cueca|tox\n|move|p2a: Capit\u00e3o cueca|Bulk Up|p2a: Capit\u00e3o cueca\n|-boost|p2a: Capit\u00e3o cueca|atk|1\n|-boost|p2a: Capit\u00e3o cueca|def|1\n|\n|-heal|p2a: Capit\u00e3o cueca|100\/100 tox|[from] item: Leftovers\n|-damage|p2a: Capit\u00e3o cueca|94\/100 tox|[from] psn\n|upkeep\n|turn|38\n|\n|t:|1699562998\n|move|p1a: No Fun Allowed|Flamethrower|p2a: Capit\u00e3o cueca\n|-damage|p2a: Capit\u00e3o cueca|85\/100 tox\n|move|p2a: Capit\u00e3o cueca|Knock Off|p1a: No Fun Allowed\n|-end|p1a: No Fun Allowed|Substitute\n|\n|-heal|p2a: Capit\u00e3o cueca|91\/100 tox|[from] item: Leftovers\n|-damage|p2a: Capit\u00e3o cueca|79\/100 tox|[from] psn\n|upkeep\n|turn|39\n|\n|t:|1699563001\n|move|p1a: No Fun Allowed|Protect|p1a: No Fun Allowed\n|-singleturn|p1a: No Fun Allowed|Protect\n|move|p2a: Capit\u00e3o cueca|Bulk Up|p2a: Capit\u00e3o cueca\n|-boost|p2a: Capit\u00e3o cueca|atk|1\n|-boost|p2a: Capit\u00e3o cueca|def|1\n|\n|-activate|p2a: Capit\u00e3o cueca|ability: Shed Skin\n|-curestatus|p2a: Capit\u00e3o cueca|tox|[msg]\n|-heal|p2a: Capit\u00e3o cueca|85\/100|[from] item: Leftovers\n|upkeep\n|turn|40\n|\n|t:|1699563012\n|move|p1a: No Fun Allowed|Substitute|p1a: No Fun Allowed\n|-start|p1a: No Fun Allowed|Substitute\n|-damage|p1a: No Fun Allowed|76\/100\n|move|p2a: Capit\u00e3o cueca|Knock Off|p1a: No Fun Allowed\n|-end|p1a: No Fun Allowed|Substitute\n|\n|-heal|p1a: No Fun Allowed|82\/100|[from] item: Leftovers\n|-heal|p2a: Capit\u00e3o cueca|91\/100|[from] item: Leftovers\n|upkeep\n|turn|41\n|\n|t:|1699563039\n|move|p1a: No Fun Allowed|Substitute|p1a: No Fun Allowed\n|-start|p1a: No Fun Allowed|Substitute\n|-damage|p1a: No Fun Allowed|57\/100\n|move|p2a: Capit\u00e3o cueca|Knock Off|p1a: No Fun Allowed\n|-end|p1a: No Fun Allowed|Substitute\n|\n|-heal|p1a: No Fun Allowed|63\/100|[from] item: Leftovers\n|-heal|p2a: Capit\u00e3o cueca|98\/100|[from] item: Leftovers\n|upkeep\n|turn|42\n|\n|t:|1699563045\n|move|p1a: No Fun Allowed|Protect|p1a: No Fun Allowed\n|-singleturn|p1a: No Fun Allowed|Protect\n|move|p2a: Capit\u00e3o cueca|Amnesia|p2a: Capit\u00e3o cueca\n|-boost|p2a: Capit\u00e3o cueca|spd|0\n|\n|-heal|p1a: No Fun Allowed|69\/100|[from] item: Leftovers\n|-heal|p2a: Capit\u00e3o cueca|100\/100|[from] item: Leftovers\n|upkeep\n|turn|43\n|\n|t:|1699563053\n|move|p1a: No Fun Allowed|Substitute|p1a: No Fun Allowed\n|-start|p1a: No Fun Allowed|Substitute\n|-damage|p1a: No Fun Allowed|44\/100\n|move|p2a: Capit\u00e3o cueca|Knock Off|p1a: No Fun Allowed\n|-end|p1a: No Fun Allowed|Substitute\n|\n|-heal|p1a: No Fun Allowed|50\/100|[from] item: Leftovers\n|upkeep\n|turn|44\n|\n|t:|1699563059\n|move|p1a: No Fun Allowed|Substitute|p1a: No Fun Allowed\n|-start|p1a: No Fun Allowed|Substitute\n|-damage|p1a: No Fun Allowed|25\/100\n|move|p2a: Capit\u00e3o cueca|Amnesia|p2a: Capit\u00e3o cueca\n|-boost|p2a: Capit\u00e3o cueca|spd|0\n|\n|-heal|p1a: No Fun Allowed|32\/100|[from] item: Leftovers\n|upkeep\n|turn|45\n|\n|t:|1699563066\n|move|p1a: No Fun Allowed|Protect|p1a: No Fun Allowed\n|-singleturn|p1a: No Fun Allowed|Protect\n|move|p2a: Capit\u00e3o cueca|Knock Off|p1a: No Fun Allowed\n|-activate|p1a: No Fun Allowed|move: Protect\n|\n|-heal|p1a: No Fun Allowed|38\/100|[from] item: Leftovers\n|upkeep\n|turn|46\n|\n|t:|1699563070\n|move|p1a: No Fun Allowed|Toxic|p2a: Capit\u00e3o cueca\n|-status|p2a: Capit\u00e3o cueca|tox\n|move|p2a: Capit\u00e3o cueca|Bulk Up|p2a: Capit\u00e3o cueca\n|-boost|p2a: Capit\u00e3o cueca|atk|0\n|-boost|p2a: Capit\u00e3o cueca|def|0\n|\n|-heal|p1a: No Fun Allowed|44\/100|[from] item: Leftovers\n|-damage|p2a: Capit\u00e3o cueca|94\/100 tox|[from] psn\n|upkeep\n|turn|47\n|\n|t:|1699563082\n|move|p1a: No Fun Allowed|Protect|p1a: No Fun Allowed\n|-singleturn|p1a: No Fun Allowed|Protect\n|move|p2a: Capit\u00e3o cueca|Amnesia|p2a: Capit\u00e3o cueca\n|-boost|p2a: Capit\u00e3o cueca|spd|0\n|\n|-heal|p1a: No Fun Allowed|50\/100|[from] item: Leftovers\n|-activate|p2a: Capit\u00e3o cueca|ability: Shed Skin\n|-curestatus|p2a: Capit\u00e3o cueca|tox|[msg]\n|-heal|p2a: Capit\u00e3o cueca|100\/100|[from] item: Leftovers\n|upkeep\n|turn|48\n|\n|t:|1699563089\n|move|p1a: No Fun Allowed|Toxic|p2a: Capit\u00e3o cueca\n|-status|p2a: Capit\u00e3o cueca|tox\n|move|p2a: Capit\u00e3o cueca|Knock Off|p1a: No Fun Allowed\n|-end|p1a: No Fun Allowed|Substitute\n|\n|-heal|p1a: No Fun Allowed|56\/100|[from] item: Leftovers\n|-damage|p2a: Capit\u00e3o cueca|94\/100 tox|[from] psn\n|upkeep\n|turn|49\n|l|\u2606TreinadorDeMemes\n|inactive|TreinadorDeMemes disconnected and has a minute to reconnect!\n|player|p2|\n|\n|t:|1699563109\n|move|p1a: No Fun Allowed|Protect|p1a: No Fun Allowed\n|-singleturn|p1a: No Fun Allowed|Protect\n|move|p2a: Capit\u00e3o cueca|Amnesia|p2a: Capit\u00e3o cueca\n|-boost|p2a: Capit\u00e3o cueca|spd|0\n|\n|-heal|p1a: No Fun Allowed|62\/100|[from] item: Leftovers\n|-heal|p2a: Capit\u00e3o cueca|100\/100 tox|[from] item: Leftovers\n|-damage|p2a: Capit\u00e3o cueca|88\/100 tox|[from] psn\n|upkeep\n|turn|50\n|c|\u2606vimassageparlordD|lmfao\n|inactive|TreinadorDeMemes has 30 seconds to reconnect!\n|inactive|TreinadorDeMemes has 20 seconds to reconnect!\n|inactive|TreinadorDeMemes has 15 seconds to reconnect!\n|inactive|TreinadorDeMemes has 10 seconds to reconnect!\n|inactive|TreinadorDeMemes has 5 seconds to reconnect!\n|-message|TreinadorDeMemes lost due to inactivity.\n|\n|win|vimassageparlordD\n|raw|vimassageparlordD's rating: 1064 &rarr; <strong>1090<\/strong><br \/>(+26 for winning)\n|raw|TreinadorDeMemes's rating: 1018 &rarr; <strong>1007<\/strong><br \/>(-11 for losing)\n","uploadtime":1699563175,"views":7,"p1id":"vimassageparlordd","p2id":"treinadordememes","formatid":"gen9nationaldex","rating":1007,"private":0,"password":""}