{"id":"gen9nationaldex-1997671476","p1":"rimm099._","p2":"Dark Umbreon 08","format":"[Gen 9] National Dex","log":"|html|<div class=\"broadcast-blue\"><strong>[Gen 9] National Dex is currently suspecting Sneasler! For information on how to participate check out the <a href=\"https:\/\/www.smogon.com\/forums\/threads\/sv-national-dex-suspect-8-just-dance.3731534\/\">suspect thread<\/a>.<\/strong><\/div>\n|j|\u2606rimm099._\n|j|\u2606Dark Umbreon 08\n|t:|1700840047\n|gametype|singles\n|player|p1|rimm099._|266|1047\n|player|p2|Dark Umbreon 08|lass-gen4dp|1040\n|teamsize|p1|6\n|teamsize|p2|2\n|gen|9\n|tier|[Gen 9] National Dex\n|rated|\n|rule|HP Percentage Mod: HP is shown in percentages\n|rule|Endless Battle Clause: Forcing endless battles is banned\n|rule|OHKO Clause: OHKO moves are banned\n|rule|Evasion Clause: Evasion abilities, items, and moves are banned\n|rule|Evasion Abilities Clause: Evasion abilities are banned\n|rule|Evasion Items Clause: Evasion items are banned\n|rule|Evasion Moves Clause: Evasion moves are banned\n|rule|Species Clause: Limit one of each Pok\u00e9mon\n|rule|Sleep Clause Mod: Limit one foe put to sleep\n|clearpoke\n|poke|p1|Torkoal, F|\n|poke|p1|Heatran, M|\n|poke|p1|Great Tusk|\n|poke|p1|Charizard, F|\n|poke|p1|Venusaur, M|\n|poke|p1|Blacephalon|\n|poke|p2|Krookodile, F|\n|poke|p2|Latios, M|\n|teampreview\n|inactive|Battle timer is ON: inactive players will automatically lose when time's up. (requested by Dark Umbreon 08)\n|\n|t:|1700840064\n|start\n|switch|p1a: ninja turtle|Torkoal, F|100\/100\n|switch|p2a: Latios|Latios, M|100\/100\n|-weather|SunnyDay|[from] ability: Drought|[of] p1a: ninja turtle\n|turn|1\n|\n|t:|1700840071\n|switch|p1a: Heatran|Heatran, M|100\/100\n|move|p2a: Latios|Light Screen|p2a: Latios\n|-sidestart|p2: Dark Umbreon 08|move: Light Screen\n|\n|-weather|SunnyDay|[upkeep]\n|upkeep\n|turn|2\n|\n|t:|1700840075\n|move|p2a: Latios|Reflect|p2a: Latios\n|-sidestart|p2: Dark Umbreon 08|Reflect\n|move|p1a: Heatran|Taunt|p2a: Latios\n|-start|p2a: Latios|move: Taunt\n|\n|-weather|SunnyDay|[upkeep]\n|upkeep\n|turn|3\n|\n|t:|1700840078\n|-activate|p2a: Latios|move: Struggle\n|move|p2a: Latios|Struggle|p1a: Heatran\n|-damage|p1a: Heatran|94\/100\n|-damage|p2a: Latios|75\/100|[from] recoil\n|move|p1a: Heatran|Magma Storm|p2a: Latios\n|-resisted|p2a: Latios\n|-damage|p2a: Latios|61\/100\n|-activate|p2a: Latios|move: Magma Storm|[of] p1a: Heatran\n|\n|-weather|SunnyDay|[upkeep]\n|-heal|p1a: Heatran|99\/100|[from] item: Leftovers\n|-damage|p2a: Latios|49\/100|[from] move: Magma Storm|[partiallytrapped]\n|upkeep\n|turn|4\n|\n|t:|1700840084\n|move|p1a: Heatran|Protect|p1a: Heatran\n|-singleturn|p1a: Heatran|Protect\n|-activate|p2a: Latios|move: Struggle\n|move|p2a: Latios|Struggle|p1a: Heatran\n|-activate|p1a: Heatran|move: Protect\n|\n|-weather|SunnyDay|[upkeep]\n|-heal|p1a: Heatran|100\/100|[from] item: Leftovers\n|-damage|p2a: Latios|37\/100|[from] move: Magma Storm|[partiallytrapped]\n|upkeep\n|turn|5\n|\n|t:|1700840092\n|-activate|p2a: Latios|move: Struggle\n|move|p2a: Latios|Struggle|p1a: Heatran\n|-damage|p1a: Heatran|93\/100\n|-damage|p2a: Latios|12\/100|[from] recoil\n|move|p1a: Heatran|Toxic|p2a: Latios\n|-status|p2a: Latios|tox\n|\n|-weather|SunnyDay|[upkeep]\n|-heal|p1a: Heatran|99\/100|[from] item: Leftovers\n|-damage|p2a: Latios|6\/100 tox|[from] psn\n|-damage|p2a: Latios|0 fnt|[from] move: Magma Storm|[partiallytrapped]\n|faint|p2a: Latios\n|upkeep\n|\n|t:|1700840096\n|switch|p2a: Krookodile|Krookodile, F|100\/100\n|turn|6\n|\n|t:|1700840103\n|move|p1a: Heatran|Protect|p1a: Heatran\n|-singleturn|p1a: Heatran|Protect\n|move|p2a: Krookodile|Hone Claws|p2a: Krookodile\n|-boost|p2a: Krookodile|atk|1\n|-boost|p2a: Krookodile|accuracy|1\n|\n|-weather|SunnyDay|[upkeep]\n|-heal|p1a: Heatran|100\/100|[from] item: Leftovers\n|upkeep\n|turn|7\n|\n|t:|1700840111\n|move|p2a: Krookodile|Scale Shot|p1a: Heatran\n|-resisted|p1a: Heatran\n|-damage|p1a: Heatran|95\/100\n|-resisted|p1a: Heatran\n|-damage|p1a: Heatran|91\/100\n|-hitcount|p1a: Heatran|2\n|-unboost|p2a: Krookodile|def|1\n|-boost|p2a: Krookodile|spe|1\n|move|p1a: Heatran|Magma Storm|p2a: Krookodile|[miss]\n|-miss|p1a: Heatran|p2a: Krookodile\n|\n|-weather|SunnyDay|[upkeep]\n|-heal|p1a: Heatran|97\/100|[from] item: Leftovers\n|upkeep\n|turn|8\n|\n|t:|1700840117\n|move|p2a: Krookodile|Earthquake|p1a: Heatran\n|-supereffective|p1a: Heatran\n|-damage|p1a: Heatran|0 fnt\n|faint|p1a: Heatran\n|-ability|p2a: Krookodile|Moxie|boost\n|-boost|p2a: Krookodile|atk|1\n|\n|-weather|none\n|-sideend|p2: Dark Umbreon 08|move: Light Screen\n|upkeep\n|\n|t:|1700840124\n|switch|p1a: Venusaur|Venusaur, M|100\/100\n|turn|9\n|\n|t:|1700840132\n|switch|p1a: ninja turtle|Torkoal, F|100\/100\n|-weather|SunnyDay|[from] ability: Drought|[of] p1a: ninja turtle\n|move|p2a: Krookodile|Earthquake|p1a: ninja turtle\n|-supereffective|p1a: ninja turtle\n|-damage|p1a: ninja turtle|0 fnt\n|faint|p1a: ninja turtle\n|-ability|p2a: Krookodile|Moxie|boost\n|-boost|p2a: Krookodile|atk|1\n|\n|-weather|SunnyDay|[upkeep]\n|-sideend|p2: Dark Umbreon 08|Reflect\n|upkeep\n|\n|t:|1700840142\n|switch|p1a: Venusaur|Venusaur, M|100\/100\n|turn|10\n|\n|t:|1700840151\n|-terastallize|p2a: Krookodile|Ghost\n|move|p1a: Venusaur|Solar Beam||[still]\n|-prepare|p1a: Venusaur|Solar Beam\n|-anim|p1a: Venusaur|Solar Beam|p2a: Krookodile\n|-damage|p2a: Krookodile|2\/100\n|-damage|p1a: Venusaur|91\/100|[from] item: Life Orb\n|move|p2a: Krookodile|Scale Shot|p1a: Venusaur\n|-damage|p1a: Venusaur|64\/100\n|-damage|p1a: Venusaur|36\/100\n|-damage|p1a: Venusaur|9\/100\n|-hitcount|p1a: Venusaur|3\n|-unboost|p2a: Krookodile|def|1\n|-boost|p2a: Krookodile|spe|1\n|\n|-weather|SunnyDay|[upkeep]\n|upkeep\n|turn|11\n|\n|t:|1700840165\n|move|p2a: Krookodile|Scale Shot|p1a: Venusaur\n|-damage|p1a: Venusaur|0 fnt\n|faint|p1a: Venusaur\n|-ability|p2a: Krookodile|Moxie|boost\n|-boost|p2a: Krookodile|atk|1\n|-hitcount|p1: Venusaur|1\n|-unboost|p2a: Krookodile|def|1\n|-boost|p2a: Krookodile|spe|1\n|\n|-weather|SunnyDay|[upkeep]\n|upkeep\n|inactive|rimm099._ has 120 seconds left.\n|\n|t:|1700840206\n|switch|p1a: Great Tusk|Great Tusk|100\/100\n|-activate|p1a: Great Tusk|ability: Protosynthesis\n|-start|p1a: Great Tusk|protosynthesisatk\n|turn|12\n|\n|t:|1700840211\n|move|p2a: Krookodile|Earthquake|p1a: Great Tusk\n|-crit|p1a: Great Tusk\n|-damage|p1a: Great Tusk|0 fnt\n|faint|p1a: Great Tusk\n|-end|p1a: Great Tusk|Protosynthesis|[silent]\n|-ability|p2a: Krookodile|Moxie|boost\n|-boost|p2a: Krookodile|atk|1\n|\n|-weather|SunnyDay|[upkeep]\n|upkeep\n|\n|t:|1700840214\n|switch|p1a: Charizard|Charizard, F|100\/100\n|turn|13\n|\n|t:|1700840218\n|move|p2a: Krookodile|Power Trip|p1a: Charizard\n|-damage|p1a: Charizard|0 fnt\n|faint|p1a: Charizard\n|-ability|p2a: Krookodile|Moxie|boost\n|-boost|p2a: Krookodile|atk|1\n|\n|-weather|SunnyDay|[upkeep]\n|upkeep\n|-message|rimm099._ forfeited.\n|\n|win|Dark Umbreon 08\n|raw|rimm099._'s rating: 1047 &rarr; <strong>1028<\/strong><br \/>(-19 for losing)\n|raw|Dark Umbreon 08's rating: 1016 &rarr; <strong>1057<\/strong><br \/>(+41 for winning)\n|l|\u2606rimm099._\n","uploadtime":1700840228,"views":0,"p1id":"rimm099","p2id":"darkumbreon08","formatid":"gen9nationaldex","rating":1028,"private":0,"password":""}