{"id":"gen9nationaldex-1988102214","p1":"grass knot zygarde","p2":"josh770","format":"[Gen 9] National Dex","log":"|j|\u2606grass knot zygarde\n|j|\u2606josh770\n|t:|1699669769\n|gametype|singles\n|player|p1|grass knot zygarde|dawn|\n|player|p2|josh770|cynthia-gen4|\n|teamsize|p1|6\n|teamsize|p2|6\n|gen|9\n|tier|[Gen 9] National Dex\n|rule|HP Percentage Mod: HP is shown in percentages\n|rule|Endless Battle Clause: Forcing endless battles is banned\n|rule|OHKO Clause: OHKO moves are banned\n|rule|Evasion Clause: Evasion abilities, items, and moves are banned\n|rule|Evasion Abilities Clause: Evasion abilities are banned\n|rule|Evasion Items Clause: Evasion items are banned\n|rule|Evasion Moves Clause: Evasion moves are banned\n|rule|Species Clause: Limit one of each Pok\u00e9mon\n|rule|Sleep Clause Mod: Limit one foe put to sleep\n|clearpoke\n|poke|p1|Clodsire, F|\n|poke|p1|Ogerpon, F|\n|poke|p1|Magnezone|\n|poke|p1|Skeledirge, M|\n|poke|p1|Gliscor, F|\n|poke|p1|Slowking, M|\n|poke|p2|Blissey, F|\n|poke|p2|Mew|\n|poke|p2|Enamorus, F|\n|poke|p2|Tapu Lele|\n|poke|p2|Mawile, F|\n|poke|p2|Slowking, M|\n|teampreview\n|inactive|Battle timer is ON: inactive players will automatically lose when time's up. (requested by josh770)\n|inactive|grass knot zygarde also wants the timer to be on.\n|\n|t:|1699669789\n|start\n|switch|p1a: ma|Magnezone|100\/100\n|switch|p2a: Tapu Lele|Tapu Lele|100\/100\n|-fieldstart|move: Psychic Terrain|[from] ability: Psychic Surge|[of] p2a: Tapu Lele\n|turn|1\n|\n|t:|1699669810\n|switch|p1a: agony|Slowking, M|100\/100\n|move|p2a: Tapu Lele|Focus Blast|p1a: agony\n|-resisted|p1a: agony\n|-damage|p1a: agony|85\/100\n|\n|upkeep\n|turn|2\n|\n|t:|1699669821\n|switch|p2a: Mew|Mew|100\/100\n|move|p1a: agony|Chilly Reception|p1a: agony\n|-weather|Snow\n|\n|t:|1699669837\n|switch|p1a: ye|Gliscor, F, shiny|100\/100|[from] Chilly Reception\n|\n|-weather|Snow|[upkeep]\n|-status|p1a: ye|tox|[from] item: Toxic Orb\n|upkeep\n|turn|3\n|\n|t:|1699669848\n|move|p1a: ye|Protect|p1a: ye\n|-singleturn|p1a: ye|Protect\n|move|p2a: Mew|Ice Beam|p1a: ye\n|-activate|p1a: ye|move: Protect\n|\n|-weather|Snow|[upkeep]\n|upkeep\n|turn|4\n|\n|t:|1699669861\n|switch|p2a: Enamorus|Enamorus, F|100\/100\n|switch|p1a: motorcycle|Skeledirge, M|100\/100\n|\n|-weather|Snow|[upkeep]\n|upkeep\n|turn|5\n|\n|t:|1699669870\n|move|p2a: Enamorus|Earth Power|p1a: motorcycle\n|-supereffective|p1a: motorcycle\n|-damage|p1a: motorcycle|29\/100\n|move|p1a: motorcycle|Will-O-Wisp|p2a: Enamorus\n|-status|p2a: Enamorus|brn\n|\n|-weather|Snow|[upkeep]\n|-damage|p2a: Enamorus|94\/100 brn|[from] brn\n|-fieldend|move: Psychic Terrain\n|upkeep\n|turn|6\n|\n|t:|1699669882\n|switch|p1a: idk who this is|Clodsire, F|100\/100\n|move|p2a: Enamorus|Earth Power|p1a: idk who this is\n|-supereffective|p1a: idk who this is\n|-damage|p1a: idk who this is|67\/100\n|\n|-weather|none\n|-damage|p2a: Enamorus|88\/100 brn|[from] brn\n|upkeep\n|turn|7\n|\n|t:|1699669890\n|switch|p2a: Mawile|Mawile, F, shiny|100\/100\n|move|p1a: idk who this is|Recover|p1a: idk who this is\n|-heal|p1a: idk who this is|100\/100\n|\n|upkeep\n|turn|8\n|\n|t:|1699669919\n|switch|p2a: Blissey|Blissey, F|100\/100\n|switch|p1a: motorcycle|Skeledirge, M|29\/100\n|\n|upkeep\n|turn|9\n|\n|t:|1699669926\n|switch|p1a: ye|Gliscor, F, shiny|100\/100 tox\n|move|p2a: Blissey|Toxic|p1a: ye\n|-fail|p1a: ye|tox\n|\n|upkeep\n|turn|10\n|\n|t:|1699669932\n|move|p1a: ye|Knock Off|p2a: Blissey\n|-damage|p2a: Blissey|83\/100\n|-enditem|p2a: Blissey|Heavy-Duty Boots|[from] move: Knock Off|[of] p1a: ye\n|move|p2a: Blissey|Heal Bell|p2a: Blissey\n|-activate|p2a: Blissey|move: Heal Bell\n|-curestatus|p2: Enamorus|brn|[msg]\n|\n|upkeep\n|turn|11\n|\n|t:|1699669948\n|switch|p2a: Tapu Lele|Tapu Lele|100\/100\n|-fieldstart|move: Psychic Terrain|[from] ability: Psychic Surge|[of] p2a: Tapu Lele\n|move|p1a: ye|Spikes|p2a: Tapu Lele\n|-sidestart|p2: josh770|Spikes\n|\n|upkeep\n|turn|12\n|\n|t:|1699669953\n|move|p1a: ye|Protect|p1a: ye\n|-singleturn|p1a: ye|Protect\n|move|p2a: Tapu Lele|Thunderbolt|p1a: ye\n|-activate|p1a: ye|move: Protect\n|\n|upkeep\n|turn|13\n|\n|t:|1699669961\n|switch|p2a: Slowking|Slowking, M|100\/100\n|-damage|p2a: Slowking|88\/100|[from] Spikes\n|move|p1a: ye|Knock Off|p2a: Slowking\n|-supereffective|p2a: Slowking\n|-damage|p2a: Slowking|44\/100\n|-enditem|p2a: Slowking|Leftovers|[from] move: Knock Off|[of] p1a: ye\n|\n|upkeep\n|turn|14\n|\n|t:|1699669974\n|switch|p1a: idk who this is|Clodsire, F|100\/100\n|move|p2a: Slowking|Future Sight|p1a: idk who this is\n|-start|p2a: Slowking|move: Future Sight\n|\n|upkeep\n|turn|15\n|\n|t:|1699669980\n|move|p2a: Slowking|Hydro Pump|p1a: idk who this is\n|-immune|p1a: idk who this is|[from] ability: Water Absorb\n|move|p1a: idk who this is|Stealth Rock|p2a: Slowking\n|-sidestart|p2: josh770|move: Stealth Rock\n|\n|-fieldend|move: Psychic Terrain\n|upkeep\n|turn|16\n|\n|t:|1699669991\n|move|p2a: Slowking|Psyshock|p1a: idk who this is\n|-supereffective|p1a: idk who this is\n|-damage|p1a: idk who this is|20\/100\n|move|p1a: idk who this is|Poison Jab|p2a: Slowking\n|-damage|p2a: Slowking|22\/100\n|\n|-end|p1a: idk who this is|move: Future Sight\n|-supereffective|p1a: idk who this is\n|-damage|p1a: idk who this is|0 fnt\n|faint|p1a: idk who this is\n|upkeep\n|\n|t:|1699670003\n|switch|p1a: ma|Magnezone|100\/100\n|turn|17\n|\n|t:|1699670009\n|move|p1a: ma|Volt Switch|p2a: Slowking\n|-supereffective|p2a: Slowking\n|-damage|p2a: Slowking|0 fnt\n|faint|p2a: Slowking\n|c|\u2606grass knot zygarde|psyshock + future sight sure is a set\n|\n|t:|1699670030\n|switch|p1a: agony|Slowking, M|100\/100|[from] Volt Switch\n|\n|upkeep\n|\n|t:|1699670035\n|switch|p2a: Mawile|Mawile, F, shiny|100\/100\n|-damage|p2a: Mawile|88\/100|[from] Spikes\n|-damage|p2a: Mawile|82\/100|[from] Stealth Rock\n|turn|18\n|\n|t:|1699670043\n|detailschange|p2a: Mawile|Mawile-Mega, F, shiny\n|-mega|p2a: Mawile|Mawile|Mawilite\n|move|p2a: Mawile|Play Rough|p1a: agony\n|-damage|p1a: agony|33\/100\n|move|p1a: agony|Scald|p2a: Mawile\n|-damage|p2a: Mawile|52\/100\n|-status|p2a: Mawile|brn\n|\n|-damage|p2a: Mawile|46\/100 brn|[from] brn\n|upkeep\n|turn|19\n|c|\u2606josh770|creativity\n|\n|t:|1699670054\n|switch|p1a: ma|Magnezone|100\/100\n|move|p2a: Mawile|Swords Dance|p2a: Mawile\n|-boost|p2a: Mawile|atk|2\n|\n|-damage|p2a: Mawile|40\/100 brn|[from] brn\n|upkeep\n|turn|20\n|\n|t:|1699670059\n|move|p1a: ma|Hidden Power|p2a: Mawile\n|-supereffective|p2a: Mawile\n|-damage|p2a: Mawile|0 fnt\n|faint|p2a: Mawile\n|\n|upkeep\n|\n|t:|1699670066\n|switch|p2a: Enamorus|Enamorus, F|88\/100\n|turn|21\n|c|\u2606grass knot zygarde|no that just sucks\n|\n|t:|1699670078\n|switch|p1a: motorcycle|Skeledirge, M|29\/100\n|move|p2a: Enamorus|Mystical Fire|p1a: motorcycle\n|-resisted|p1a: motorcycle\n|-damage|p1a: motorcycle|14\/100\n|-unboost|p1a: motorcycle|spa|1\n|\n|upkeep\n|turn|22\n|\n|t:|1699670084\n|move|p2a: Enamorus|Earth Power|p1a: motorcycle\n|-supereffective|p1a: motorcycle\n|-damage|p1a: motorcycle|0 fnt\n|faint|p1a: motorcycle\n|\n|upkeep\n|\n|t:|1699670088\n|switch|p1a: ma|Magnezone|100\/100\n|turn|23\n|\n|t:|1699670091\n|move|p1a: ma|Volt Switch|p2a: Enamorus\n|-supereffective|p2a: Enamorus\n|-damage|p2a: Enamorus|0 fnt\n|faint|p2a: Enamorus\n|\n|t:|1699670099\n|switch|p1a: ye|Gliscor, F, shiny|100\/100 tox|[from] Volt Switch\n|\n|upkeep\n|\n|t:|1699670103\n|switch|p2a: Tapu Lele|Tapu Lele|100\/100\n|-damage|p2a: Tapu Lele|88\/100|[from] Spikes\n|-damage|p2a: Tapu Lele|76\/100|[from] Stealth Rock\n|-fieldstart|move: Psychic Terrain|[from] ability: Psychic Surge|[of] p2a: Tapu Lele\n|turn|24\n|\n|t:|1699670109\n|move|p1a: ye|Protect|p1a: ye\n|-singleturn|p1a: ye|Protect\n|move|p2a: Tapu Lele|Moonblast|p1a: ye\n|-activate|p1a: ye|move: Protect\n|\n|upkeep\n|turn|25\n|\n|t:|1699670116\n|switch|p2a: Mew|Mew|100\/100\n|-damage|p2a: Mew|88\/100|[from] Spikes\n|-damage|p2a: Mew|76\/100|[from] Stealth Rock\n|move|p1a: ye|Knock Off|p2a: Mew\n|-supereffective|p2a: Mew\n|-damage|p2a: Mew|30\/100\n|-enditem|p2a: Mew|Choice Specs|[from] move: Knock Off|[of] p1a: ye\n|\n|upkeep\n|turn|26\n|\n|t:|1699670143\n|switch|p1a: agony|Slowking, M|66\/100\n|-terastallize|p2a: Mew|Psychic\n|move|p2a: Mew|Expanding Force|p1a: agony\n|-resisted|p1a: agony\n|-damage|p1a: agony|31\/100\n|\n|upkeep\n|turn|27\n|inactive|grass knot zygarde has 270 seconds left.\n|c|\u2606grass knot zygarde|that really isnt the play\n|\n|t:|1699670165\n|switch|p1a: ye|Gliscor, F, shiny|100\/100 tox\n|move|p2a: Mew|Expanding Force|p1a: ye\n|-damage|p1a: ye|0 fnt\n|faint|p1a: ye\n|\n|upkeep\n|\n|t:|1699670173\n|switch|p1a: ma|Magnezone|100\/100\n|turn|28\n|c|\u2606josh770|is it rallt\n|inactive|grass knot zygarde has 270 seconds left.\n|\n|t:|1699670189\n|switch|p2a: Blissey|Blissey, F|83\/100\n|-damage|p2a: Blissey|70\/100|[from] Spikes\n|-damage|p2a: Blissey|58\/100|[from] Stealth Rock\n|move|p1a: ma|Flash Cannon|p2a: Blissey\n|-damage|p2a: Blissey|43\/100\n|\n|-fieldend|move: Psychic Terrain\n|upkeep\n|turn|29\n|\n|t:|1699670196\n|switch|p1a: agony|Slowking, M|64\/100\n|move|p2a: Blissey|Soft-Boiled|p2a: Blissey\n|-heal|p2a: Blissey|93\/100\n|\n|upkeep\n|turn|30\n|inactive|grass knot zygarde has 270 seconds left.\n|\n|t:|1699670202\n|move|p2a: Blissey|Toxic|p1a: agony\n|-status|p1a: agony|tox\n|move|p1a: agony|Chilly Reception|p1a: agony\n|-weather|Snow\n|\n|t:|1699670205\n|switch|p1a: doublade guy|Ogerpon, F|100\/100|[from] Chilly Reception\n|\n|-weather|Snow|[upkeep]\n|upkeep\n|turn|31\n|c|\u2606grass knot zygarde|gg\n|inactive|grass knot zygarde has 270 seconds left.\n|\n|t:|1699670225\n|move|p1a: doublade guy|Swords Dance|p1a: doublade guy\n|-boost|p1a: doublade guy|atk|2\n|move|p2a: Blissey|Toxic|p1a: doublade guy|[miss]\n|-miss|p2a: Blissey|p1a: doublade guy\n|\n|-weather|Snow|[upkeep]\n|upkeep\n|turn|32\n|\n|t:|1699670229\n|-terastallize|p1a: doublade guy|Grass\n|detailschange|p1a: doublade guy|Ogerpon-Teal-Tera, F, tera:Grass\n|-ability|p1a: doublade guy|Embody Aspect (Teal)|boost\n|-boost|p1a: doublade guy|spe|1\n|move|p1a: doublade guy|Ivy Cudgel|p2a: Blissey\n|-crit|p2a: Blissey\n|-damage|p2a: Blissey|0 fnt\n|faint|p2a: Blissey\n|\n|-weather|Snow|[upkeep]\n|upkeep\n|\n|t:|1699670233\n|switch|p2a: Tapu Lele|Tapu Lele|76\/100\n|-damage|p2a: Tapu Lele|63\/100|[from] Spikes\n|-damage|p2a: Tapu Lele|51\/100|[from] Stealth Rock\n|-fieldstart|move: Psychic Terrain|[from] ability: Psychic Surge|[of] p2a: Tapu Lele\n|turn|33\n|\n|t:|1699670242\n|move|p1a: doublade guy|Ivy Cudgel|p2a: Tapu Lele\n|-damage|p2a: Tapu Lele|0 fnt\n|faint|p2a: Tapu Lele\n|\n|-weather|Snow|[upkeep]\n|upkeep\n|\n|t:|1699670244\n|switch|p2a: Mew|Mew, tera:Psychic|30\/100\n|-damage|p2a: Mew|17\/100|[from] Spikes\n|-damage|p2a: Mew|5\/100|[from] Stealth Rock\n|turn|34\n|\n|t:|1699670252\n|move|p1a: doublade guy|Ivy Cudgel|p2a: Mew\n|-crit|p2a: Mew\n|-damage|p2a: Mew|0 fnt\n|faint|p2a: Mew\n|\n|win|grass knot zygarde\n","uploadtime":1699670263,"views":13,"p1id":"grassknotzygarde","p2id":"josh770","formatid":"gen9nationaldex","rating":0,"private":0,"password":""}