{"id":"gen9nationaldex-1992415901","p1":"neon knave","p2":"Vibe Checks","format":"[Gen 9] National Dex","log":"|j|\u2606neon knave\n|j|\u2606Vibe Checks\n|t:|1700184966\n|gametype|singles\n|player|p1|neon knave|cyclist|1208\n|player|p2|Vibe Checks|101|1289\n|teamsize|p1|6\n|teamsize|p2|6\n|gen|9\n|tier|[Gen 9] National Dex\n|rated|\n|rule|HP Percentage Mod: HP is shown in percentages\n|rule|Endless Battle Clause: Forcing endless battles is banned\n|rule|OHKO Clause: OHKO moves are banned\n|rule|Evasion Clause: Evasion abilities, items, and moves are banned\n|rule|Evasion Abilities Clause: Evasion abilities are banned\n|rule|Evasion Items Clause: Evasion items are banned\n|rule|Evasion Moves Clause: Evasion moves are banned\n|rule|Species Clause: Limit one of each Pok\u00e9mon\n|rule|Sleep Clause Mod: Limit one foe put to sleep\n|clearpoke\n|poke|p1|Ceruledge, M|\n|poke|p1|Ninetales-Alola, F|\n|poke|p1|Zapdos|\n|poke|p1|Muk-Alola, M|\n|poke|p1|Torkoal, F|\n|poke|p1|Alomomola, M|\n|poke|p2|Togekiss, M|\n|poke|p2|Absol, M|\n|poke|p2|Blastoise, M|\n|poke|p2|Nidoking, M|\n|poke|p2|Jirachi|\n|poke|p2|Kecleon, F|\n|teampreview\n|inactive|Battle timer is ON: inactive players will automatically lose when time's up. (requested by Vibe Checks)\n|\n|t:|1700184982\n|start\n|switch|p1a: Torkoal|Torkoal, F|100\/100\n|switch|p2a: Aster|Jirachi|100\/100\n|-weather|SunnyDay|[from] ability: Drought|[of] p1a: Torkoal\n|turn|1\n|\n|t:|1700184991\n|move|p2a: Aster|U-turn|p1a: Torkoal\n|-resisted|p1a: Torkoal\n|-crit|p1a: Torkoal\n|-damage|p1a: Torkoal|91\/100\n|-damage|p2a: Aster|84\/100|[from] item: Rocky Helmet|[of] p1a: Torkoal\n|\n|t:|1700185000\n|switch|p2a: Amber|Kecleon, F, shiny|100\/100|[from] U-turn\n|move|p1a: Torkoal|Yawn|p2a: Amber\n|-start|p2a: Amber|move: Yawn|[of] p1a: Torkoal\n|\n|-weather|SunnyDay|[upkeep]\n|upkeep\n|turn|2\n|\n|t:|1700185024\n|move|p2a: Amber|Stealth Rock|p1a: Torkoal\n|-start|p2a: Amber|typechange|Rock|[from] ability: Protean\n|-sidestart|p1: neon knave|move: Stealth Rock\n|move|p1a: Torkoal|Stealth Rock|p2a: Amber\n|-sidestart|p2: Vibe Checks|move: Stealth Rock\n|\n|-weather|SunnyDay|[upkeep]\n|-end|p2a: Amber|move: Yawn|[silent]\n|-status|p2a: Amber|slp\n|upkeep\n|turn|3\n|\n|t:|1700185041\n|switch|p2a: Happy|Togekiss, M, shiny|100\/100\n|-damage|p2a: Happy|76\/100|[from] Stealth Rock\n|move|p1a: Torkoal|Rapid Spin|p2a: Happy\n|-damage|p2a: Happy|67\/100\n|-boost|p1a: Torkoal|spe|1\n|-sideend|p1: neon knave|Stealth Rock|[from] move: Rapid Spin|[of] p1a: Torkoal\n|\n|-weather|SunnyDay|[upkeep]\n|-heal|p2a: Happy|73\/100|[from] item: Leftovers\n|upkeep\n|turn|4\n|\n|t:|1700185059\n|switch|p1a: Zapdos|Zapdos|100\/100\n|move|p2a: Happy|Air Slash|p1a: Zapdos\n|-resisted|p1a: Zapdos\n|-damage|p1a: Zapdos|86\/100\n|\n|-weather|SunnyDay|[upkeep]\n|-heal|p2a: Happy|79\/100|[from] item: Leftovers\n|upkeep\n|turn|5\n|\n|t:|1700185070\n|switch|p2a: Amber|Kecleon, F, shiny|100\/100 slp\n|-damage|p2a: Amber|88\/100 slp|[from] Stealth Rock\n|move|p1a: Zapdos|Heat Wave|p2a: Amber\n|-damage|p2a: Amber|53\/100 slp\n|\n|-weather|none\n|-heal|p2a: Amber|59\/100 slp|[from] item: Leftovers\n|upkeep\n|turn|6\n|\n|t:|1700185081\n|move|p1a: Zapdos|Heat Wave|p2a: Amber\n|-crit|p2a: Amber\n|-damage|p2a: Amber|26\/100 slp\n|cant|p2a: Amber|slp\n|\n|-heal|p2a: Amber|33\/100 slp|[from] item: Leftovers\n|upkeep\n|turn|7\n|\n|t:|1700185090\n|move|p1a: Zapdos|Heat Wave|p2a: Amber\n|-damage|p2a: Amber|9\/100 slp\n|-curestatus|p2a: Amber|slp|[msg]\n|move|p2a: Amber|Recover|p2a: Amber\n|-heal|p2a: Amber|59\/100\n|\n|-heal|p2a: Amber|65\/100|[from] item: Leftovers\n|upkeep\n|turn|8\n|\n|t:|1700185099\n|move|p2a: Amber|Recover|p2a: Amber\n|-heal|p2a: Amber|100\/100\n|move|p1a: Zapdos|Whirlwind|p2a: Amber\n|drag|p2a: Aster|Jirachi|84\/100\n|-damage|p2a: Aster|78\/100|[from] Stealth Rock\n|\n|upkeep\n|turn|9\n|\n|t:|1700185115\n|switch|p2a: Amber|Kecleon, F, shiny|100\/100\n|-damage|p2a: Amber|88\/100|[from] Stealth Rock\n|move|p1a: Zapdos|Heat Wave|p2a: Amber\n|-damage|p2a: Amber|64\/100\n|\n|-heal|p2a: Amber|70\/100|[from] item: Leftovers\n|upkeep\n|turn|10\n|\n|t:|1700185125\n|move|p1a: Zapdos|Volt Switch|p2a: Amber\n|-damage|p2a: Amber|46\/100\n|\n|t:|1700185130\n|switch|p1a: Torkoal|Torkoal, F|91\/100|[from] Volt Switch\n|-weather|SunnyDay|[from] ability: Drought|[of] p1a: Torkoal\n|move|p2a: Amber|Stealth Rock|p1a: Torkoal\n|-start|p2a: Amber|typechange|Rock|[from] ability: Protean\n|-sidestart|p1: neon knave|move: Stealth Rock\n|\n|-weather|SunnyDay|[upkeep]\n|-heal|p2a: Amber|52\/100|[from] item: Leftovers\n|upkeep\n|turn|11\n|\n|t:|1700185144\n|switch|p2a: Reptar|Nidoking, M, shiny|100\/100\n|-damage|p2a: Reptar|95\/100|[from] Stealth Rock\n|move|p1a: Torkoal|Yawn|p2a: Reptar\n|-start|p2a: Reptar|move: Yawn|[of] p1a: Torkoal\n|\n|-weather|SunnyDay|[upkeep]\n|upkeep\n|turn|12\n|\n|t:|1700185166\n|-terastallize|p2a: Reptar|Poison\n|move|p2a: Reptar|Sludge Wave|p1a: Torkoal\n|-damage|p1a: Torkoal|0 fnt\n|faint|p1a: Torkoal\n|\n|-weather|SunnyDay|[upkeep]\n|-end|p2a: Reptar|move: Yawn|[silent]\n|-status|p2a: Reptar|slp\n|upkeep\n|\n|t:|1700185175\n|switch|p1a: Ceruledge|Ceruledge, M|100\/100\n|-damage|p1a: Ceruledge|76\/100|[from] Stealth Rock\n|turn|13\n|\n|t:|1700185181\n|switch|p2a: Shellshock|Blastoise, M|100\/100\n|-damage|p2a: Shellshock|88\/100|[from] Stealth Rock\n|move|p1a: Ceruledge|Swords Dance|p1a: Ceruledge\n|-boost|p1a: Ceruledge|atk|2\n|\n|-weather|SunnyDay|[upkeep]\n|-heal|p2a: Shellshock|94\/100|[from] item: Leftovers\n|upkeep\n|turn|14\n|\n|t:|1700185195\n|-terastallize|p1a: Ceruledge|Fire\n|move|p1a: Ceruledge|Bitter Blade|p2a: Shellshock\n|-resisted|p2a: Shellshock\n|-damage|p2a: Shellshock|32\/100\n|-heal|p1a: Ceruledge|100\/100|[from] drain|[of] p2a: Shellshock\n|move|p2a: Shellshock|Dragon Tail|p1a: Ceruledge\n|-damage|p1a: Ceruledge|85\/100\n|-ability|p1a: Ceruledge|Weak Armor|boost\n|-unboost|p1a: Ceruledge|def|1\n|-boost|p1a: Ceruledge|spe|2\n|drag|p1a: Zapdos|Zapdos|86\/100\n|\n|-weather|none\n|-heal|p2a: Shellshock|38\/100|[from] item: Leftovers\n|upkeep\n|turn|15\n|\n|t:|1700185213\n|switch|p2a: Amber|Kecleon, F, shiny|52\/100\n|-damage|p2a: Amber|40\/100|[from] Stealth Rock\n|move|p1a: Zapdos|Volt Switch|p2a: Amber\n|-damage|p2a: Amber|12\/100\n|\n|t:|1700185228\n|switch|p1a: Ceruledge|Ceruledge, M, tera:Fire|85\/100|[from] Volt Switch\n|-damage|p1a: Ceruledge|61\/100|[from] Stealth Rock\n|\n|-heal|p2a: Amber|18\/100|[from] item: Leftovers\n|upkeep\n|turn|16\n|\n|t:|1700185237\n|move|p1a: Ceruledge|Bitter Blade|p2a: Amber\n|-damage|p2a: Amber|0 fnt\n|-heal|p1a: Ceruledge|71\/100|[from] drain|[of] p2a: Amber\n|faint|p2a: Amber\n|\n|upkeep\n|\n|t:|1700185265\n|switch|p2a: Shellshock|Blastoise, M|38\/100\n|-damage|p2a: Shellshock|26\/100|[from] Stealth Rock\n|turn|17\n|\n|t:|1700185270\n|move|p1a: Ceruledge|Bitter Blade|p2a: Shellshock\n|-resisted|p2a: Shellshock\n|-damage|p2a: Shellshock|4\/100\n|-heal|p1a: Ceruledge|84\/100|[from] drain|[of] p2a: Shellshock\n|move|p2a: Shellshock|Rapid Spin|p1a: Ceruledge\n|-damage|p1a: Ceruledge|72\/100\n|-boost|p2a: Shellshock|spe|1\n|-ability|p1a: Ceruledge|Weak Armor|boost\n|-unboost|p1a: Ceruledge|def|1\n|-boost|p1a: Ceruledge|spe|2\n|-sideend|p2: Vibe Checks|Stealth Rock|[from] move: Rapid Spin|[of] p2a: Shellshock\n|\n|-heal|p2a: Shellshock|10\/100|[from] item: Leftovers\n|upkeep\n|turn|18\n|\n|t:|1700185285\n|move|p1a: Ceruledge|Bitter Blade|p2a: Shellshock\n|-resisted|p2a: Shellshock\n|-damage|p2a: Shellshock|0 fnt\n|-heal|p1a: Ceruledge|78\/100|[from] drain|[of] p2a: Shellshock\n|faint|p2a: Shellshock\n|\n|upkeep\n|inactive|Vibe Checks has 120 seconds left.\n|\n|t:|1700185310\n|switch|p2a: Reaper|Absol, M|100\/100\n|turn|19\n|\n|t:|1700185318\n|detailschange|p2a: Reaper|Absol-Mega, M\n|-mega|p2a: Reaper|Absol|Absolite\n|move|p2a: Reaper|Sucker Punch||[still]\n|-fail|p2a: Reaper\n|move|p1a: Ceruledge|Swords Dance|p1a: Ceruledge\n|-boost|p1a: Ceruledge|atk|2\n|\n|upkeep\n|turn|20\n|\n|t:|1700185326\n|move|p2a: Reaper|Sucker Punch|p1a: Ceruledge\n|-damage|p1a: Ceruledge|0 fnt\n|faint|p1a: Ceruledge\n|\n|upkeep\n|\n|t:|1700185332\n|switch|p1a: Muk|Muk-Alola, M|100\/100\n|-damage|p1a: Muk|88\/100|[from] Stealth Rock\n|turn|21\n|\n|t:|1700185343\n|switch|p2a: Aster|Jirachi|78\/100\n|move|p1a: Muk|Gunk Shot|p2a: Aster\n|-immune|p2a: Aster\n|\n|upkeep\n|turn|22\n|\n|t:|1700185350\n|move|p2a: Aster|Iron Head|p1a: Muk\n|-damage|p1a: Muk|50\/100\n|move|p1a: Muk|Knock Off|p2a: Aster\n|-supereffective|p2a: Aster\n|-damage|p2a: Aster|0 fnt\n|-enditem|p2a: Aster|Choice Scarf|[from] move: Knock Off|[of] p1a: Muk\n|faint|p2a: Aster\n|\n|upkeep\n|inactive|Vibe Checks has 120 seconds left.\n|\n|t:|1700185384\n|switch|p2a: Reaper|Absol-Mega, M|100\/100\n|turn|23\n|inactive|Vibe Checks has 120 seconds left.\n|\n|t:|1700185392\n|-singleturn|p1a: Muk|move: Focus Punch\n|move|p2a: Reaper|Play Rough|p1a: Muk|[miss]\n|-miss|p2a: Reaper|p1a: Muk\n|move|p1a: Muk|Focus Punch|p2a: Reaper\n|-supereffective|p2a: Reaper\n|-damage|p2a: Reaper|0 fnt\n|faint|p2a: Reaper\n|\n|upkeep\n|inactive|Vibe Checks has 120 seconds left.\n|c|\u2606Vibe Checks|Wtf\n|c|\u2606Vibe Checks|WTF\n|c|\u2606Vibe Checks|WTF\n|c|\u2606Vibe Checks|WTF\n|c|\u2606neon knave|sorry\n|c|\u2606Vibe Checks|WTF\n|inactive|Vibe Checks has 90 seconds left.\n|c|\u2606Vibe Checks|What\n|c|\u2606neon knave|i thought u might try a status move\n|c|\u2606Vibe Checks|That\u2019s fine\n|inactive|Vibe Checks has 60 seconds left.\n|c|\u2606Vibe Checks|the 1 billion iq play\n|\n|t:|1700185470\n|switch|p2a: Happy|Togekiss, M, shiny|79\/100\n|turn|24\n|\n|t:|1700185475\n|move|p2a: Happy|Air Slash|p1a: Muk\n|-damage|p1a: Muk|31\/100\n|move|p1a: Muk|Gunk Shot|p2a: Happy\n|-supereffective|p2a: Happy\n|-damage|p2a: Happy|0 fnt\n|faint|p2a: Happy\n|\n|upkeep\n|inactive|Vibe Checks has 60 seconds left.\n|\n|t:|1700185483\n|switch|p2a: Reptar|Nidoking, M, shiny, tera:Poison|95\/100 slp\n|turn|25\n|\n|t:|1700185489\n|-singleturn|p1a: Muk|move: Focus Punch\n|cant|p2a: Reptar|slp\n|move|p1a: Muk|Focus Punch|p2a: Reptar\n|-resisted|p2a: Reptar\n|-damage|p2a: Reptar|58\/100 slp\n|\n|upkeep\n|turn|26\n|\n|t:|1700185497\n|cant|p2a: Reptar|slp\n|move|p1a: Muk|Knock Off|p2a: Reptar\n|-damage|p2a: Reptar|0 fnt\n|-enditem|p2a: Reptar|Life Orb|[from] move: Knock Off|[of] p1a: Muk\n|faint|p2a: Reptar\n|\n|win|neon knave\n|raw|neon knave's rating: 1208 &rarr; <strong>1239<\/strong><br \/>(+31 for winning)\n|raw|Vibe Checks's rating: 1289 &rarr; <strong>1258<\/strong><br \/>(-31 for losing)\n|c|\u2606Vibe Checks|Gg\n|c|\u2606neon knave|gg i got mega lucky\n|l|\u2606neon knave\n","uploadtime":1700185521,"views":6,"p1id":"neonknave","p2id":"vibechecks","formatid":"gen9nationaldex","rating":1239,"private":0,"password":""}