{"id":"gen9nationaldex-1992833388","p1":"dodoisugly","p2":"testing a funni3","format":"[Gen 9] National Dex","log":"|j|\u2606dodoisugly\n|j|\u2606testing a funni3\n|t:|1700239388\n|gametype|singles\n|player|p1|dodoisugly|101|1447\n|player|p2|testing a funni3|unknownf|1444\n|teamsize|p1|6\n|teamsize|p2|6\n|gen|9\n|tier|[Gen 9] National Dex\n|rated|\n|rule|HP Percentage Mod: HP is shown in percentages\n|rule|Endless Battle Clause: Forcing endless battles is banned\n|rule|OHKO Clause: OHKO moves are banned\n|rule|Evasion Clause: Evasion abilities, items, and moves are banned\n|rule|Evasion Abilities Clause: Evasion abilities are banned\n|rule|Evasion Items Clause: Evasion items are banned\n|rule|Evasion Moves Clause: Evasion moves are banned\n|rule|Species Clause: Limit one of each Pok\u00e9mon\n|rule|Sleep Clause Mod: Limit one foe put to sleep\n|clearpoke\n|poke|p1|Slowking-Galar, M|\n|poke|p1|Iron Valiant|\n|poke|p1|Glimmora, M|\n|poke|p1|Mawile, M|\n|poke|p1|Kyurem|\n|poke|p1|Quagsire, M|\n|poke|p2|Latios, M|\n|poke|p2|Buzzwole|\n|poke|p2|Gliscor, F|\n|poke|p2|Weavile, F|\n|poke|p2|Heatran, F|\n|poke|p2|Ogerpon-Wellspring, F|\n|teampreview\n|\n|t:|1700239403\n|start\n|switch|p1a: Kyurem|Kyurem, shiny|100\/100\n|switch|p2a: Weavile|Weavile, F|100\/100\n|-ability|p2a: Weavile|Pressure\n|-ability|p1a: Kyurem|Pressure\n|turn|1\n|inactive|Battle timer is ON: inactive players will automatically lose when time's up. (requested by dodoisugly)\n|\n|t:|1700239415\n|move|p1a: Kyurem|Protect|p1a: Kyurem\n|-singleturn|p1a: Kyurem|Protect\n|move|p2a: Weavile|Knock Off|p1a: Kyurem\n|-activate|p1a: Kyurem|move: Protect\n|\n|upkeep\n|turn|2\n|\n|t:|1700239420\n|switch|p1a: Glimmora|Glimmora, M|100\/100\n|move|p2a: Weavile|Knock Off|p1a: Glimmora\n|-damage|p1a: Glimmora|33\/100\n|-activate|p1a: Glimmora|ability: Toxic Debris\n|-sidestart|p2: testing a funni3|move: Toxic Spikes\n|-enditem|p1a: Glimmora|Custap Berry|[from] move: Knock Off|[of] p2a: Weavile\n|\n|upkeep\n|turn|3\n|\n|t:|1700239425\n|move|p2a: Weavile|Knock Off|p1a: Glimmora\n|-damage|p1a: Glimmora|0 fnt\n|-activate|p1a: Glimmora|ability: Toxic Debris\n|-sidestart|p2: testing a funni3|move: Toxic Spikes\n|faint|p1a: Glimmora\n|\n|upkeep\n|\n|t:|1700239428\n|switch|p1a: Mawile|Mawile, M|100\/100\n|-ability|p1a: Mawile|Intimidate|boost\n|-unboost|p2a: Weavile|atk|1\n|turn|4\n|\n|t:|1700239436\n|switch|p2a: Gliscor|Gliscor, F|100\/100\n|detailschange|p1a: Mawile|Mawile-Mega, M\n|-mega|p1a: Mawile|Mawile|Mawilite\n|move|p1a: Mawile|Iron Head|p2a: Gliscor\n|-damage|p2a: Gliscor|34\/100\n|\n|-status|p2a: Gliscor|tox|[from] item: Toxic Orb\n|upkeep\n|turn|5\n|\n|t:|1700239451\n|switch|p2a: Heatran|Heatran, F|100\/100\n|move|p1a: Mawile|Iron Head|p2a: Heatran\n|-resisted|p2a: Heatran\n|-damage|p2a: Heatran|85\/100\n|\n|-heal|p2a: Heatran|91\/100|[from] item: Leftovers\n|upkeep\n|turn|6\n|\n|t:|1700239457\n|switch|p1a: Kyurem|Kyurem, shiny|100\/100\n|-ability|p1a: Kyurem|Pressure\n|move|p2a: Heatran|Magma Storm|p1a: Kyurem|[miss]\n|-miss|p2a: Heatran|p1a: Kyurem\n|\n|-heal|p2a: Heatran|98\/100|[from] item: Leftovers\n|upkeep\n|turn|7\n|\n|t:|1700239476\n|move|p1a: Kyurem|Substitute|p1a: Kyurem\n|-start|p1a: Kyurem|Substitute\n|-damage|p1a: Kyurem|76\/100\n|move|p2a: Heatran|Magma Storm|p1a: Kyurem|[miss]\n|-miss|p2a: Heatran|p1a: Kyurem\n|\n|-heal|p1a: Kyurem|82\/100|[from] item: Leftovers\n|-heal|p2a: Heatran|100\/100|[from] item: Leftovers\n|upkeep\n|turn|8\n|\n|t:|1700239485\n|switch|p2a: Weavile|Weavile, F|100\/100\n|-status|p2a: Weavile|tox\n|-ability|p2a: Weavile|Pressure\n|move|p1a: Kyurem|Earth Power|p2a: Weavile\n|-damage|p2a: Weavile|59\/100 tox\n|-unboost|p2a: Weavile|spd|1\n|\n|-heal|p1a: Kyurem|88\/100|[from] item: Leftovers\n|-damage|p2a: Weavile|53\/100 tox|[from] psn\n|upkeep\n|turn|9\n|\n|t:|1700239488\n|move|p1a: Kyurem|Protect|p1a: Kyurem\n|-singleturn|p1a: Kyurem|Protect\n|move|p2a: Weavile|Triple Axel|p1a: Kyurem\n|-activate|p1a: Kyurem|move: Protect\n|\n|-heal|p1a: Kyurem|94\/100|[from] item: Leftovers\n|-damage|p2a: Weavile|41\/100 tox|[from] psn\n|upkeep\n|turn|10\n|\n|t:|1700239495\n|move|p2a: Weavile|Triple Axel|p1a: Kyurem\n|-activate|p1a: Kyurem|move: Substitute|[damage]\n|-end|p1a: Kyurem|Substitute\n|-damage|p1a: Kyurem|55\/100\n|-hitcount|p1a: Kyurem|3\n|move|p1a: Kyurem|Earth Power|p2a: Weavile\n|-damage|p2a: Weavile|0 fnt\n|faint|p2a: Weavile\n|\n|-heal|p1a: Kyurem|61\/100|[from] item: Leftovers\n|upkeep\n|\n|t:|1700239503\n|switch|p2a: Gliscor|Gliscor, F|34\/100 tox\n|turn|11\n|\n|t:|1700239511\n|-terastallize|p2a: Gliscor|Fairy\n|move|p1a: Kyurem|Freeze-Dry|p2a: Gliscor\n|-damage|p2a: Gliscor|5\/100 tox\n|move|p2a: Gliscor|Roost|p2a: Gliscor\n|-heal|p2a: Gliscor|55\/100 tox\n|\n|-heal|p1a: Kyurem|68\/100|[from] item: Leftovers\n|-heal|p2a: Gliscor|68\/100 tox|[from] ability: Poison Heal\n|upkeep\n|turn|12\n|\n|t:|1700239515\n|move|p1a: Kyurem|Substitute|p1a: Kyurem\n|-start|p1a: Kyurem|Substitute\n|-damage|p1a: Kyurem|43\/100\n|move|p2a: Gliscor|Defog|p1a: Kyurem\n|-sideend|p2: testing a funni3|Toxic Spikes|[from] move: Defog|[of] p2a: Gliscor\n|\n|-heal|p1a: Kyurem|49\/100|[from] item: Leftovers\n|-heal|p2a: Gliscor|80\/100 tox|[from] ability: Poison Heal\n|upkeep\n|turn|13\n|\n|t:|1700239519\n|move|p1a: Kyurem|Freeze-Dry|p2a: Gliscor\n|-damage|p2a: Gliscor|51\/100 tox\n|move|p2a: Gliscor|Earthquake|p1a: Kyurem\n|-end|p1a: Kyurem|Substitute\n|\n|-heal|p1a: Kyurem|55\/100|[from] item: Leftovers\n|-heal|p2a: Gliscor|64\/100 tox|[from] ability: Poison Heal\n|upkeep\n|turn|14\n|\n|t:|1700239524\n|move|p1a: Kyurem|Protect|p1a: Kyurem\n|-singleturn|p1a: Kyurem|Protect\n|move|p2a: Gliscor|Earthquake|p1a: Kyurem\n|-activate|p1a: Kyurem|move: Protect\n|\n|-heal|p1a: Kyurem|61\/100|[from] item: Leftovers\n|-heal|p2a: Gliscor|76\/100 tox|[from] ability: Poison Heal\n|upkeep\n|turn|15\n|\n|t:|1700239527\n|move|p1a: Kyurem|Substitute|p1a: Kyurem\n|-start|p1a: Kyurem|Substitute\n|-damage|p1a: Kyurem|36\/100\n|move|p2a: Gliscor|Earthquake|p1a: Kyurem\n|-end|p1a: Kyurem|Substitute\n|\n|-heal|p1a: Kyurem|43\/100|[from] item: Leftovers\n|-heal|p2a: Gliscor|89\/100 tox|[from] ability: Poison Heal\n|upkeep\n|turn|16\n|\n|t:|1700239529\n|move|p1a: Kyurem|Protect|p1a: Kyurem\n|-singleturn|p1a: Kyurem|Protect\n|move|p2a: Gliscor|Earthquake|p1a: Kyurem\n|-activate|p1a: Kyurem|move: Protect\n|\n|-heal|p1a: Kyurem|49\/100|[from] item: Leftovers\n|-heal|p2a: Gliscor|100\/100 tox|[from] ability: Poison Heal\n|upkeep\n|turn|17\n|\n|t:|1700239531\n|move|p1a: Kyurem|Freeze-Dry|p2a: Gliscor\n|-damage|p2a: Gliscor|70\/100 tox\n|move|p2a: Gliscor|Earthquake|p1a: Kyurem\n|-damage|p1a: Kyurem|20\/100\n|\n|-heal|p1a: Kyurem|26\/100|[from] item: Leftovers\n|-heal|p2a: Gliscor|82\/100 tox|[from] ability: Poison Heal\n|upkeep\n|turn|18\n|\n|t:|1700239534\n|move|p1a: Kyurem|Protect|p1a: Kyurem\n|-singleturn|p1a: Kyurem|Protect\n|move|p2a: Gliscor|Earthquake|p1a: Kyurem\n|-activate|p1a: Kyurem|move: Protect\n|\n|-heal|p1a: Kyurem|33\/100|[from] item: Leftovers\n|-heal|p2a: Gliscor|95\/100 tox|[from] ability: Poison Heal\n|upkeep\n|turn|19\n|\n|t:|1700239537\n|move|p1a: Kyurem|Substitute|p1a: Kyurem\n|-start|p1a: Kyurem|Substitute\n|-damage|p1a: Kyurem|8\/100\n|move|p2a: Gliscor|Earthquake|p1a: Kyurem\n|-end|p1a: Kyurem|Substitute\n|\n|-heal|p1a: Kyurem|14\/100|[from] item: Leftovers\n|-heal|p2a: Gliscor|100\/100 tox|[from] ability: Poison Heal\n|upkeep\n|turn|20\n|\n|t:|1700239543\n|move|p1a: Kyurem|Freeze-Dry|p2a: Gliscor\n|-damage|p2a: Gliscor|69\/100 tox\n|move|p2a: Gliscor|Defog|p1a: Kyurem\n|-unboost|p1a: Kyurem|evasion|1\n|\n|-heal|p1a: Kyurem|20\/100|[from] item: Leftovers\n|-heal|p2a: Gliscor|81\/100 tox|[from] ability: Poison Heal\n|upkeep\n|turn|21\n|\n|t:|1700239552\n|move|p1a: Kyurem|Protect|p1a: Kyurem\n|-singleturn|p1a: Kyurem|Protect\n|move|p2a: Gliscor|Roost|p2a: Gliscor\n|-heal|p2a: Gliscor|100\/100 tox\n|\n|-heal|p1a: Kyurem|26\/100|[from] item: Leftovers\n|upkeep\n|turn|22\n|\n|t:|1700239556\n|move|p1a: Kyurem|Freeze-Dry|p2a: Gliscor\n|-damage|p2a: Gliscor|69\/100 tox\n|move|p2a: Gliscor|Toxic|p1a: Kyurem\n|-status|p1a: Kyurem|tox\n|\n|-heal|p1a: Kyurem|33\/100 tox|[from] item: Leftovers\n|-damage|p1a: Kyurem|26\/100 tox|[from] psn\n|-heal|p2a: Gliscor|82\/100 tox|[from] ability: Poison Heal\n|upkeep\n|turn|23\n|\n|t:|1700239567\n|move|p1a: Kyurem|Freeze-Dry|p2a: Gliscor\n|-damage|p2a: Gliscor|51\/100 tox\n|move|p2a: Gliscor|Roost|p2a: Gliscor\n|-heal|p2a: Gliscor|100\/100 tox\n|\n|-heal|p1a: Kyurem|33\/100 tox|[from] item: Leftovers\n|-damage|p1a: Kyurem|20\/100 tox|[from] psn\n|upkeep\n|turn|24\n|\n|t:|1700239580\n|move|p1a: Kyurem|Freeze-Dry|p2a: Gliscor\n|-damage|p2a: Gliscor|68\/100 tox\n|move|p2a: Gliscor|Defog|p1a: Kyurem\n|-unboost|p1a: Kyurem|evasion|1\n|\n|-heal|p1a: Kyurem|26\/100 tox|[from] item: Leftovers\n|-damage|p1a: Kyurem|8\/100 tox|[from] psn\n|-heal|p2a: Gliscor|80\/100 tox|[from] ability: Poison Heal\n|upkeep\n|turn|25\n|\n|t:|1700239585\n|move|p1a: Kyurem|Earth Power|p2a: Gliscor\n|-damage|p2a: Gliscor|53\/100 tox\n|move|p2a: Gliscor|Roost|p2a: Gliscor\n|-heal|p2a: Gliscor|100\/100 tox\n|\n|-heal|p1a: Kyurem|14\/100 tox|[from] item: Leftovers\n|-damage|p1a: Kyurem|0 fnt|[from] psn\n|faint|p1a: Kyurem\n|upkeep\n|\n|t:|1700239590\n|switch|p1a: Mawile|Mawile-Mega, M|100\/100\n|turn|26\n|\n|t:|1700239595\n|switch|p1a: Quagsire|Quagsire, M|100\/100\n|move|p2a: Gliscor|Earthquake|p1a: Quagsire\n|-damage|p1a: Quagsire|79\/100\n|\n|-heal|p1a: Quagsire|85\/100|[from] item: Leftovers\n|upkeep\n|turn|27\n|\n|t:|1700239599\n|switch|p1a: Mawile|Mawile-Mega, M|100\/100\n|move|p2a: Gliscor|Toxic|p1a: Mawile\n|-immune|p1a: Mawile\n|\n|upkeep\n|turn|28\n|\n|t:|1700239603\n|move|p2a: Gliscor|Toxic|p1a: Mawile\n|-immune|p1a: Mawile\n|move|p1a: Mawile|Iron Head|p2a: Gliscor\n|-supereffective|p2a: Gliscor\n|-damage|p2a: Gliscor|0 fnt\n|faint|p2a: Gliscor\n|\n|upkeep\n|\n|t:|1700239606\n|switch|p2a: Heatran|Heatran, F|100\/100\n|turn|29\n|\n|t:|1700239609\n|switch|p1a: Quagsire|Quagsire, M|85\/100\n|move|p2a: Heatran|Magma Storm|p1a: Quagsire\n|-resisted|p1a: Quagsire\n|-damage|p1a: Quagsire|59\/100\n|-activate|p1a: Quagsire|move: Magma Storm|[of] p2a: Heatran\n|\n|-heal|p1a: Quagsire|65\/100|[from] item: Leftovers\n|-damage|p1a: Quagsire|53\/100|[from] move: Magma Storm|[partiallytrapped]\n|upkeep\n|turn|30\n|\n|t:|1700239617\n|move|p2a: Heatran|Taunt|p1a: Quagsire\n|-start|p1a: Quagsire|move: Taunt\n|cant|p1a: Quagsire|move: Taunt|Recover\n|\n|-heal|p1a: Quagsire|59\/100|[from] item: Leftovers\n|-damage|p1a: Quagsire|46\/100|[from] move: Magma Storm|[partiallytrapped]\n|upkeep\n|turn|31\n|\n|t:|1700239623\n|move|p2a: Heatran|Earth Power|p1a: Quagsire\n|-damage|p1a: Quagsire|13\/100\n|move|p1a: Quagsire|Earthquake|p2a: Heatran\n|-supereffective|p2a: Heatran\n|-damage|p2a: Heatran|3\/100\n|\n|-heal|p2a: Heatran|9\/100|[from] item: Leftovers\n|-heal|p1a: Quagsire|20\/100|[from] item: Leftovers\n|-damage|p1a: Quagsire|7\/100|[from] move: Magma Storm|[partiallytrapped]\n|upkeep\n|turn|32\n|\n|t:|1700239627\n|move|p2a: Heatran|Stealth Rock|p1a: Quagsire\n|-sidestart|p1: dodoisugly|move: Stealth Rock\n|move|p1a: Quagsire|Scald|p2a: Heatran\n|-supereffective|p2a: Heatran\n|-damage|p2a: Heatran|0 fnt\n|faint|p2a: Heatran\n|\n|-heal|p1a: Quagsire|13\/100|[from] item: Leftovers\n|-end|p1a: Quagsire|Magma Storm|[partiallytrapped]|[silent]\n|-end|p1a: Quagsire|move: Taunt\n|upkeep\n|\n|t:|1700239641\n|switch|p2a: Latios|Latios, M|100\/100\n|turn|33\n|inactive|dodoisugly has 120 seconds left.\n|\n|t:|1700239672\n|detailschange|p2a: Latios|Latios-Mega, M\n|-mega|p2a: Latios|Latios|Latiosite\n|move|p2a: Latios|Psychic|p1a: Quagsire\n|-damage|p1a: Quagsire|0 fnt\n|faint|p1a: Quagsire\n|\n|upkeep\n|\n|t:|1700239675\n|switch|p1a: Mawile|Mawile-Mega, M|100\/100\n|-damage|p1a: Mawile|95\/100|[from] Stealth Rock\n|turn|34\n|\n|t:|1700239681\n|move|p2a: Latios|Roost||[still]\n|-fail|p2a: Latios|heal\n|move|p1a: Mawile|Play Rough|p2a: Latios\n|-supereffective|p2a: Latios\n|-damage|p2a: Latios|0 fnt\n|faint|p2a: Latios\n|\n|upkeep\n|\n|t:|1700239686\n|switch|p2a: Ogerpon|Ogerpon-Wellspring, F|100\/100\n|turn|35\n|\n|t:|1700239689\n|move|p2a: Ogerpon|Ivy Cudgel|p1a: Mawile|[anim] Ivy Cudgel Water\n|-damage|p1a: Mawile|41\/100\n|move|p1a: Mawile|Play Rough|p2a: Ogerpon\n|-damage|p2a: Ogerpon|0 fnt\n|faint|p2a: Ogerpon\n|\n|upkeep\n|\n|t:|1700239692\n|switch|p2a: Buzzwole|Buzzwole|100\/100\n|turn|36\n|\n|t:|1700239696\n|move|p2a: Buzzwole|Bulk Up|p2a: Buzzwole\n|-boost|p2a: Buzzwole|atk|1\n|-boost|p2a: Buzzwole|def|1\n|move|p1a: Mawile|Play Rough|p2a: Buzzwole\n|-supereffective|p2a: Buzzwole\n|-damage|p2a: Buzzwole|48\/100\n|\n|upkeep\n|turn|37\n|\n|t:|1700239698\n|move|p2a: Buzzwole|Roost|p2a: Buzzwole\n|-heal|p2a: Buzzwole|98\/100\n|-singleturn|p2a: Buzzwole|move: Roost\n|move|p1a: Mawile|Play Rough|p2a: Buzzwole\n|-supereffective|p2a: Buzzwole\n|-damage|p2a: Buzzwole|45\/100\n|\n|upkeep\n|turn|38\n|\n|t:|1700239704\n|move|p2a: Buzzwole|Drain Punch|p1a: Mawile\n|-damage|p1a: Mawile|0 fnt\n|-heal|p2a: Buzzwole|59\/100|[from] drain|[of] p1a: Mawile\n|faint|p1a: Mawile\n|-ability|p2a: Buzzwole|Beast Boost|boost\n|-boost|p2a: Buzzwole|def|1\n|\n|upkeep\n|\n|t:|1700239713\n|switch|p1a: Iron Valiant|Iron Valiant|100\/100\n|-damage|p1a: Iron Valiant|94\/100|[from] Stealth Rock\n|-enditem|p1a: Iron Valiant|Booster Energy\n|-activate|p1a: Iron Valiant|ability: Quark Drive|[fromitem]\n|-start|p1a: Iron Valiant|quarkdrivespe\n|turn|39\n|\n|t:|1700239722\n|move|p1a: Iron Valiant|Spirit Break|p2a: Buzzwole\n|-supereffective|p2a: Buzzwole\n|-damage|p2a: Buzzwole|41\/100\n|-unboost|p2a: Buzzwole|spa|1\n|move|p2a: Buzzwole|Roost|p2a: Buzzwole\n|-heal|p2a: Buzzwole|91\/100\n|-singleturn|p2a: Buzzwole|move: Roost\n|\n|upkeep\n|turn|40\n|\n|t:|1700239726\n|move|p1a: Iron Valiant|Knock Off|p2a: Buzzwole\n|-resisted|p2a: Buzzwole\n|-damage|p2a: Buzzwole|87\/100\n|-enditem|p2a: Buzzwole|Heavy-Duty Boots|[from] move: Knock Off|[of] p1a: Iron Valiant\n|move|p2a: Buzzwole|Bulk Up|p2a: Buzzwole\n|-boost|p2a: Buzzwole|atk|1\n|-boost|p2a: Buzzwole|def|1\n|\n|upkeep\n|turn|41\n|\n|t:|1700239729\n|move|p1a: Iron Valiant|Spirit Break|p2a: Buzzwole\n|-supereffective|p2a: Buzzwole\n|-damage|p2a: Buzzwole|74\/100\n|-unboost|p2a: Buzzwole|spa|1\n|move|p2a: Buzzwole|Bulk Up|p2a: Buzzwole\n|-boost|p2a: Buzzwole|atk|1\n|-boost|p2a: Buzzwole|def|1\n|\n|upkeep\n|turn|42\n|\n|t:|1700239732\n|move|p1a: Iron Valiant|Spirit Break|p2a: Buzzwole\n|-supereffective|p2a: Buzzwole\n|-damage|p2a: Buzzwole|60\/100\n|-unboost|p2a: Buzzwole|spa|1\n|move|p2a: Buzzwole|Bulk Up|p2a: Buzzwole\n|-boost|p2a: Buzzwole|atk|1\n|-boost|p2a: Buzzwole|def|1\n|\n|upkeep\n|turn|43\n|\n|t:|1700239735\n|move|p1a: Iron Valiant|Spirit Break|p2a: Buzzwole\n|-supereffective|p2a: Buzzwole\n|-damage|p2a: Buzzwole|50\/100\n|-unboost|p2a: Buzzwole|spa|1\n|move|p2a: Buzzwole|Bulk Up|p2a: Buzzwole\n|-boost|p2a: Buzzwole|atk|1\n|-boost|p2a: Buzzwole|def|1\n|\n|upkeep\n|turn|44\n|\n|t:|1700239738\n|move|p1a: Iron Valiant|Spirit Break|p2a: Buzzwole\n|-supereffective|p2a: Buzzwole\n|-damage|p2a: Buzzwole|41\/100\n|-unboost|p2a: Buzzwole|spa|1\n|move|p2a: Buzzwole|Roost|p2a: Buzzwole\n|-heal|p2a: Buzzwole|91\/100\n|-singleturn|p2a: Buzzwole|move: Roost\n|\n|upkeep\n|turn|45\n|\n|t:|1700239743\n|move|p1a: Iron Valiant|Spirit Break|p2a: Buzzwole\n|-supereffective|p2a: Buzzwole\n|-damage|p2a: Buzzwole|82\/100\n|-unboost|p2a: Buzzwole|spa|1\n|move|p2a: Buzzwole|Bulk Up|p2a: Buzzwole\n|-boost|p2a: Buzzwole|atk|1\n|-boost|p2a: Buzzwole|def|0\n|\n|upkeep\n|turn|46\n|\n|t:|1700239748\n|move|p1a: Iron Valiant|Spirit Break|p2a: Buzzwole\n|-supereffective|p2a: Buzzwole\n|-damage|p2a: Buzzwole|72\/100\n|move|p2a: Buzzwole|Ice Punch|p1a: Iron Valiant\n|-damage|p1a: Iron Valiant|0 fnt\n|faint|p1a: Iron Valiant\n|-end|p1a: Iron Valiant|Quark Drive|[silent]\n|\n|upkeep\n|-message|dodoisugly forfeited.\n|\n|win|testing a funni3\n|raw|dodoisugly's rating: 1447 &rarr; <strong>1427<\/strong><br \/>(-20 for losing)\n|raw|testing a funni3's rating: 1444 &rarr; <strong>1464<\/strong><br \/>(+20 for winning)\n|l|\u2606dodoisugly\n","uploadtime":1700239756,"views":8,"p1id":"dodoisugly","p2id":"testingafunni3","formatid":"gen9nationaldex","rating":1427,"private":0,"password":""}