{"id":"gen9nationaldex-1993163356","p1":"yolo420dabmaster","p2":"soupman42069","format":"[Gen 9] National Dex","log":"|j|\u2606yolo420dabmaster\n|j|\u2606soupman42069\n|t:|1700272477\n|gametype|singles\n|player|p1|yolo420dabmaster|harlequin|\n|player|p2|soupman42069|rood|\n|teamsize|p1|6\n|teamsize|p2|6\n|gen|9\n|tier|[Gen 9] National Dex\n|rule|HP Percentage Mod: HP is shown in percentages\n|rule|Endless Battle Clause: Forcing endless battles is banned\n|rule|OHKO Clause: OHKO moves are banned\n|rule|Evasion Clause: Evasion abilities, items, and moves are banned\n|rule|Evasion Abilities Clause: Evasion abilities are banned\n|rule|Evasion Items Clause: Evasion items are banned\n|rule|Evasion Moves Clause: Evasion moves are banned\n|rule|Species Clause: Limit one of each Pok\u00e9mon\n|rule|Sleep Clause Mod: Limit one foe put to sleep\n|clearpoke\n|poke|p1|Azumarill, F|\n|poke|p1|Mew|\n|poke|p1|Hariyama, F|\n|poke|p1|Vileplume, F|\n|poke|p1|Kartana|\n|poke|p1|Zapdos|\n|poke|p2|Lopunny, M|\n|poke|p2|Guzzlord|\n|poke|p2|Buzzwole|\n|poke|p2|Rotom-Wash|\n|poke|p2|Grimmsnarl, M|\n|poke|p2|Ceruledge, M|\n|teampreview\n|j| Porkedcar\n|\n|t:|1700272490\n|start\n|switch|p1a: Pwmp a dympio|Azumarill, F|100\/100\n|switch|p2a: gay.|Grimmsnarl, M|100\/100\n|turn|1\n|j| Quorin\n|j| carutothehocarge\n|\n|t:|1700272504\n|move|p2a: gay.|Light Screen|p2a: gay.\n|-sidestart|p2: soupman42069|move: Light Screen\n|move|p1a: Pwmp a dympio|Belly Drum|p1a: Pwmp a dympio\n|-damage|p1a: Pwmp a dympio|50\/100\n|-setboost|p1a: Pwmp a dympio|atk|6|[from] move: Belly Drum\n|-enditem|p1a: Pwmp a dympio|Sitrus Berry|[eat]\n|-heal|p1a: Pwmp a dympio|75\/100|[from] item: Sitrus Berry\n|\n|upkeep\n|turn|2\n|\n|t:|1700272530\n|move|p2a: gay.|Protect|p2a: gay.\n|-singleturn|p2a: gay.|Protect\n|move|p1a: Pwmp a dympio|Body Slam|p2a: gay.\n|-activate|p2a: gay.|move: Protect\n|\n|upkeep\n|turn|3\n|\n|t:|1700272550\n|switch|p2a: Sam's Dream Man|Buzzwole|100\/100\n|move|p1a: Pwmp a dympio|Body Slam|p2a: Sam's Dream Man\n|-damage|p2a: Sam's Dream Man|16\/100\n|\n|-heal|p2a: Sam's Dream Man|22\/100|[from] item: Leftovers\n|upkeep\n|turn|4\n|\n|t:|1700272574\n|move|p1a: Pwmp a dympio|Aqua Jet|p2a: Sam's Dream Man\n|-damage|p2a: Sam's Dream Man|0 fnt\n|faint|p2a: Sam's Dream Man\n|\n|upkeep\n|\n|t:|1700272592\n|switch|p2a: Skibidi Toilet|Rotom-Wash|100\/100\n|turn|5\n|\n|t:|1700272608\n|move|p2a: Skibidi Toilet|Thunder|p1a: Pwmp a dympio\n|-supereffective|p1a: Pwmp a dympio\n|-damage|p1a: Pwmp a dympio|0 fnt\n|faint|p1a: Pwmp a dympio\n|\n|-sideend|p2: soupman42069|move: Light Screen\n|upkeep\n|\n|t:|1700272626\n|switch|p1a: Aderyn trwchus|Zapdos|100\/100\n|turn|6\n|\n|t:|1700272633\n|move|p2a: Skibidi Toilet|Volt Switch|p1a: Aderyn trwchus\n|-damage|p1a: Aderyn trwchus|67\/100\n|\n|t:|1700272660\n|switch|p2a: mimimimimimim|Guzzlord|100\/100|[from] Volt Switch\n|move|p1a: Aderyn trwchus|Hurricane|p2a: mimimimimimim\n|-damage|p2a: mimimimimimim|77\/100\n|-start|p2a: mimimimimimim|confusion\n|\n|-heal|p2a: mimimimimimim|83\/100|[from] item: Leftovers\n|upkeep\n|turn|7\n|l| Porkedcar\n|j| Porkedcar\n|\n|t:|1700272720\n|move|p1a: Aderyn trwchus|Volt Switch|p2a: mimimimimimim\n|-resisted|p2a: mimimimimimim\n|-damage|p2a: mimimimimimim|76\/100\n|\n|t:|1700272724\n|switch|p1a: Het galed|Vileplume, F|100\/100|[from] Volt Switch\n|-activate|p2a: mimimimimimim|confusion\n|-damage|p2a: mimimimimimim|68\/100|[from] confusion\n|\n|-heal|p2a: mimimimimimim|74\/100|[from] item: Leftovers\n|upkeep\n|turn|8\n|\n|t:|1700272746\n|move|p1a: Het galed|Strength Sap|p2a: mimimimimimim\n|-unboost|p2a: mimimimimimim|atk|1\n|-activate|p2a: mimimimimimim|confusion\n|move|p2a: mimimimimimim|Earthquake|p1a: Het galed\n|-damage|p1a: Het galed|86\/100\n|\n|-heal|p2a: mimimimimimim|80\/100|[from] item: Leftovers\n|upkeep\n|turn|9\n|\n|t:|1700272762\n|switch|p2a: League of Legends|Ceruledge, M|100\/100\n|move|p1a: Het galed|Sludge Bomb|p2a: League of Legends\n|-resisted|p2a: League of Legends\n|-damage|p2a: League of Legends|80\/100\n|-status|p2a: League of Legends|psn\n|\n|-damage|p2a: League of Legends|67\/100 psn|[from] psn\n|upkeep\n|turn|10\n|\n|t:|1700272784\n|switch|p1a: Gwirio Ystadegau|Hariyama, F|100\/100\n|move|p2a: League of Legends|Bitter Blade|p1a: Gwirio Ystadegau\n|-damage|p1a: Gwirio Ystadegau|76\/100\n|-heal|p2a: League of Legends|88\/100 psn|[from] drain|[of] p1a: Gwirio Ystadegau\n|\n|-damage|p2a: League of Legends|76\/100 psn|[from] psn\n|upkeep\n|turn|11\n|\n|t:|1700272817\n|switch|p2a: gay.|Grimmsnarl, M|100\/100\n|move|p1a: Gwirio Ystadegau|Zen Headbutt|p2a: gay.\n|-immune|p2a: gay.\n|\n|upkeep\n|turn|12\n|\n|t:|1700272831\n|move|p1a: Gwirio Ystadegau|Bullet Punch|p2a: gay.\n|-supereffective|p2a: gay.\n|-damage|p2a: gay.|67\/100\n|move|p2a: gay.|Dazzling Gleam|p1a: Gwirio Ystadegau\n|-supereffective|p1a: Gwirio Ystadegau\n|-damage|p1a: Gwirio Ystadegau|39\/100\n|\n|-heal|p2a: gay.|73\/100|[from] item: Leftovers\n|upkeep\n|turn|13\n|\n|t:|1700272847\n|switch|p1a: I'w goginio|Mew|100\/100\n|move|p2a: gay.|Dazzling Gleam|p1a: I'w goginio\n|-damage|p1a: I'w goginio|82\/100\n|\n|-heal|p2a: gay.|79\/100|[from] item: Leftovers\n|upkeep\n|turn|14\n|\n|t:|1700272866\n|move|p2a: gay.|Protect|p2a: gay.\n|-singleturn|p2a: gay.|Protect\n|move|p1a: I'w goginio|Calm Mind|p1a: I'w goginio\n|-boost|p1a: I'w goginio|spa|1\n|-boost|p1a: I'w goginio|spd|1\n|\n|-heal|p2a: gay.|85\/100|[from] item: Leftovers\n|upkeep\n|turn|15\n|\n|t:|1700272899\n|switch|p2a: League of Legends|Ceruledge, M|76\/100 psn\n|move|p1a: I'w goginio|Calm Mind|p1a: I'w goginio\n|-boost|p1a: I'w goginio|spa|1\n|-boost|p1a: I'w goginio|spd|1\n|\n|-damage|p2a: League of Legends|63\/100 psn|[from] psn\n|upkeep\n|turn|16\n|\n|t:|1700272920\n|move|p2a: League of Legends|Shadow Sneak|p1a: I'w goginio\n|-supereffective|p1a: I'w goginio\n|-damage|p1a: I'w goginio|51\/100\n|-zpower|p1a: I'w goginio\n|move|p1a: I'w goginio|Genesis Supernova|p2a: League of Legends|[zeffect]\n|-damage|p2a: League of Legends|0 fnt\n|-fieldstart|move: Psychic Terrain\n|faint|p2a: League of Legends\n|\n|upkeep\n|\n|t:|1700272951\n|switch|p2a: Sugar Mommy|Lopunny, M|100\/100\n|turn|17\n|\n|t:|1700272957\n|detailschange|p2a: Sugar Mommy|Lopunny-Mega, M\n|-mega|p2a: Sugar Mommy|Lopunny|Lopunnite\n|move|p2a: Sugar Mommy|U-turn|p1a: I'w goginio\n|-supereffective|p1a: I'w goginio\n|-damage|p1a: I'w goginio|13\/100\n|\n|t:|1700272971\n|switch|p2a: Skibidi Toilet|Rotom-Wash|100\/100|[from] U-turn\n|move|p1a: I'w goginio|Soft-Boiled|p1a: I'w goginio\n|-heal|p1a: I'w goginio|63\/100\n|\n|upkeep\n|turn|18\n|\n|t:|1700272992\n|move|p2a: Skibidi Toilet|Thunder|p1a: I'w goginio|[miss]\n|-miss|p2a: Skibidi Toilet|p1a: I'w goginio\n|move|p1a: I'w goginio|Soft-Boiled|p1a: I'w goginio\n|-heal|p1a: I'w goginio|100\/100\n|\n|upkeep\n|turn|19\n|c|\u2606soupman42069|sadge\n|\n|t:|1700273017\n|switch|p2a: Sugar Mommy|Lopunny-Mega, M|100\/100\n|move|p1a: I'w goginio|Metronome|p1a: I'w goginio\n|move|p1a: I'w goginio|Misty Terrain|p1a: I'w goginio|[from]move: Metronome\n|-fieldstart|move: Misty Terrain\n|\n|upkeep\n|turn|20\n|\n|t:|1700273024\n|move|p2a: Sugar Mommy|Fake Out|p1a: I'w goginio\n|-damage|p1a: I'w goginio|84\/100\n|cant|p1a: I'w goginio|flinch\n|\n|upkeep\n|turn|21\n|\n|t:|1700273032\n|move|p2a: Sugar Mommy|U-turn|p1a: I'w goginio\n|-supereffective|p1a: I'w goginio\n|-damage|p1a: I'w goginio|46\/100\n|\n|t:|1700273049\n|switch|p2a: Skibidi Toilet|Rotom-Wash|100\/100|[from] U-turn\n|move|p1a: I'w goginio|Metronome|p1a: I'w goginio\n|move|p1a: I'w goginio|Metal Burst|p2a: Skibidi Toilet|[from]move: Metronome\n|-damage|p2a: Skibidi Toilet|3\/100\n|\n|upkeep\n|turn|22\n|\n|t:|1700273060\n|move|p2a: Skibidi Toilet|Volt Switch|p1a: I'w goginio\n|-damage|p1a: I'w goginio|35\/100\n|\n|t:|1700273063\n|switch|p2a: Sugar Mommy|Lopunny-Mega, M|100\/100|[from] Volt Switch\n|move|p1a: I'w goginio|Soft-Boiled|p1a: I'w goginio\n|-heal|p1a: I'w goginio|85\/100\n|\n|upkeep\n|turn|23\n|\n|t:|1700273070\n|move|p2a: Sugar Mommy|Fake Out|p1a: I'w goginio\n|-damage|p1a: I'w goginio|69\/100\n|cant|p1a: I'w goginio|flinch\n|\n|-fieldend|Misty Terrain\n|upkeep\n|turn|24\n|\n|t:|1700273079\n|move|p2a: Sugar Mommy|Ice Punch|p1a: I'w goginio\n|-damage|p1a: I'w goginio|49\/100\n|move|p1a: I'w goginio|Metronome|p1a: I'w goginio\n|move|p1a: I'w goginio|Endeavor|p2a: Sugar Mommy|[from]move: Metronome\n|-damage|p2a: Sugar Mommy|72\/100\n|\n|upkeep\n|turn|25\n|\n|t:|1700273090\n|move|p2a: Sugar Mommy|Thunder Punch|p1a: I'w goginio\n|-damage|p1a: I'w goginio|27\/100\n|move|p1a: I'w goginio|Soft-Boiled|p1a: I'w goginio\n|-heal|p1a: I'w goginio|77\/100\n|\n|upkeep\n|turn|26\n|\n|t:|1700273104\n|move|p2a: Sugar Mommy|Ice Punch|p1a: I'w goginio\n|-damage|p1a: I'w goginio|58\/100\n|move|p1a: I'w goginio|Calm Mind|p1a: I'w goginio\n|-boost|p1a: I'w goginio|spa|1\n|-boost|p1a: I'w goginio|spd|1\n|\n|upkeep\n|turn|27\n|\n|t:|1700273114\n|move|p2a: Sugar Mommy|Ice Punch|p1a: I'w goginio\n|-damage|p1a: I'w goginio|37\/100\n|move|p1a: I'w goginio|Metronome|p1a: I'w goginio\n|move|p1a: I'w goginio|Smog|p2a: Sugar Mommy|[from]move: Metronome\n|-damage|p2a: Sugar Mommy|49\/100\n|\n|upkeep\n|turn|28\n|\n|t:|1700273124\n|move|p2a: Sugar Mommy|U-turn|p1a: I'w goginio\n|-supereffective|p1a: I'w goginio\n|-damage|p1a: I'w goginio|0 fnt\n|faint|p1a: I'w goginio\n|\n|t:|1700273130\n|switch|p2a: gay.|Grimmsnarl, M|85\/100|[from] U-turn\n|\n|-heal|p2a: gay.|91\/100|[from] item: Leftovers\n|upkeep\n|\n|t:|1700273137\n|switch|p1a: Gwirio Ystadegau|Hariyama, F|39\/100\n|turn|29\n|\n|t:|1700273140\n|move|p2a: gay.|Light Screen|p2a: gay.\n|-sidestart|p2: soupman42069|move: Light Screen\n|move|p1a: Gwirio Ystadegau|Bullet Punch|p2a: gay.\n|-supereffective|p2a: gay.\n|-damage|p2a: gay.|58\/100\n|\n|-heal|p2a: gay.|64\/100|[from] item: Leftovers\n|upkeep\n|turn|30\n|\n|t:|1700273153\n|move|p2a: gay.|Dazzling Gleam|p1a: Gwirio Ystadegau\n|-supereffective|p1a: Gwirio Ystadegau\n|-damage|p1a: Gwirio Ystadegau|0 fnt\n|faint|p1a: Gwirio Ystadegau\n|\n|-heal|p2a: gay.|70\/100|[from] item: Leftovers\n|upkeep\n|\n|t:|1700273170\n|switch|p1a: Lladd Prydain|Kartana|100\/100\n|turn|31\n|\n|t:|1700273233\n|switch|p2a: Sugar Mommy|Lopunny-Mega, M|49\/100\n|move|p1a: Lladd Prydain|Leaf Blade|p2a: Sugar Mommy\n|-damage|p2a: Sugar Mommy|0 fnt\n|faint|p2a: Sugar Mommy\n|-ability|p1a: Lladd Prydain|Beast Boost|boost\n|-boost|p1a: Lladd Prydain|atk|1\n|-damage|p1a: Lladd Prydain|91\/100|[from] item: Life Orb\n|\n|upkeep\n|\n|t:|1700273247\n|switch|p2a: mimimimimimim|Guzzlord|80\/100\n|turn|32\n|\n|t:|1700273255\n|move|p1a: Lladd Prydain|Sacred Sword|p2a: mimimimimimim\n|-supereffective|p2a: mimimimimimim\n|-damage|p2a: mimimimimimim|0 fnt\n|faint|p2a: mimimimimimim\n|-ability|p1a: Lladd Prydain|Beast Boost|boost\n|-boost|p1a: Lladd Prydain|atk|1\n|-damage|p1a: Lladd Prydain|81\/100|[from] item: Life Orb\n|\n|upkeep\n|\n|t:|1700273262\n|switch|p2a: gay.|Grimmsnarl, M|70\/100\n|turn|33\n|\n|t:|1700273269\n|move|p1a: Lladd Prydain|Leaf Blade|p2a: gay.\n|-crit|p2a: gay.\n|-damage|p2a: gay.|0 fnt\n|faint|p2a: gay.\n|-ability|p1a: Lladd Prydain|Beast Boost|boost\n|-boost|p1a: Lladd Prydain|atk|1\n|-damage|p1a: Lladd Prydain|72\/100|[from] item: Life Orb\n|\n|-sideend|p2: soupman42069|move: Light Screen\n|upkeep\n|c| carutothehocarge|OOF\n|c| carutothehocarge|a crit\n|\n|t:|1700273276\n|switch|p2a: Skibidi Toilet|Rotom-Wash|3\/100\n|turn|34\n|\n|t:|1700273284\n|move|p1a: Lladd Prydain|X-Scissor|p2a: Skibidi Toilet\n|-damage|p2a: Skibidi Toilet|0 fnt\n|faint|p2a: Skibidi Toilet\n|-damage|p1a: Lladd Prydain|62\/100|[from] item: Life Orb\n|\n|win|yolo420dabmaster\n","uploadtime":1700273291,"views":25,"p1id":"yolo420dabmaster","p2id":"soupman42069","formatid":"gen9nationaldex","rating":0,"private":0,"password":""}