{"id":"gen9nationaldex-1999257387","p1":"GatosLover","p2":"bananusa","format":"[Gen 9] National Dex","log":"|html|<div class=\"broadcast-blue\"><strong>[Gen 9] National Dex is currently suspecting Sneasler! For information on how to participate check out the <a href=\"https:\/\/www.smogon.com\/forums\/threads\/sv-national-dex-suspect-8-just-dance.3731534\/\">suspect thread<\/a>.<\/strong><\/div>\n|j|\u2606GatosLover\n|j|\u2606bananusa\n|t:|1701051595\n|gametype|singles\n|player|p1|GatosLover|marnie|1356\n|player|p2|bananusa|shadowtriad|1388\n|teamsize|p1|6\n|teamsize|p2|6\n|gen|9\n|tier|[Gen 9] National Dex\n|rated|\n|rule|HP Percentage Mod: HP is shown in percentages\n|rule|Endless Battle Clause: Forcing endless battles is banned\n|rule|OHKO Clause: OHKO moves are banned\n|rule|Evasion Clause: Evasion abilities, items, and moves are banned\n|rule|Evasion Abilities Clause: Evasion abilities are banned\n|rule|Evasion Items Clause: Evasion items are banned\n|rule|Evasion Moves Clause: Evasion moves are banned\n|rule|Species Clause: Limit one of each Pok\u00e9mon\n|rule|Sleep Clause Mod: Limit one foe put to sleep\n|clearpoke\n|poke|p1|Ampharos, F|\n|poke|p1|Ursaluna, F|\n|poke|p1|Hatterene, F|\n|poke|p1|Mew|\n|poke|p1|Dusclops, M|\n|poke|p1|Marowak-Alola, M|\n|poke|p2|Ninetales-Alola, F|\n|poke|p2|Avalugg-Hisui, M|\n|poke|p2|Glaceon, M|\n|poke|p2|Cetitan, F|\n|poke|p2|Frosmoth, M|\n|poke|p2|Abomasnow, M|\n|teampreview\n|\n|t:|1701051621\n|start\n|switch|p1a: Terry|Hatterene, F|100\/100\n|switch|p2a: Ninetales|Ninetales-Alola, F|100\/100\n|-weather|Snow|[from] ability: Snow Warning|[of] p2a: Ninetales\n|turn|1\n|\n|t:|1701051632\n|move|p2a: Ninetales|Aurora Veil|p2a: Ninetales\n|-sidestart|p2: bananusa|move: Aurora Veil\n|move|p1a: Terry|Trick Room|p1a: Terry\n|-fieldstart|move: Trick Room|[of] p1a: Terry\n|\n|-weather|Snow|[upkeep]\n|upkeep\n|turn|2\n|\n|t:|1701051637\n|switch|p2a: Avalugg|Avalugg-Hisui, M|100\/100\n|move|p1a: Terry|Healing Wish|p1a: Terry\n|faint|p1a: Terry\n|\n|-weather|Snow|[upkeep]\n|upkeep\n|\n|t:|1701051651\n|switch|p1a: Ampphyr|Ampharos, F|100\/100\n|turn|3\n|\n|t:|1701051666\n|detailschange|p1a: Ampphyr|Ampharos-Mega, F\n|-mega|p1a: Ampphyr|Ampharos|Ampharosite\n|-ability|p1a: Ampphyr|Mold Breaker\n|move|p2a: Avalugg|Body Press|p1a: Ampphyr\n|-damage|p1a: Ampphyr|64\/100\n|move|p1a: Ampphyr|Charge Beam|p2a: Avalugg\n|-damage|p2a: Avalugg|63\/100\n|-boost|p1a: Ampphyr|spa|1\n|\n|-weather|Snow|[upkeep]\n|-heal|p2a: Avalugg|69\/100|[from] ability: Ice Body\n|-heal|p2a: Avalugg|75\/100|[from] item: Leftovers\n|upkeep\n|turn|4\n|inactive|Battle timer is ON: inactive players will automatically lose when time's up. (requested by GatosLover)\n|\n|t:|1701051675\n|move|p1a: Ampphyr|Focus Blast|p2a: Avalugg\n|-supereffective|p2a: Avalugg\n|-damage|p2a: Avalugg|0 fnt\n|faint|p2a: Avalugg\n|\n|-weather|Snow|[upkeep]\n|upkeep\n|\n|t:|1701051688\n|switch|p2a: Abomasnow|Abomasnow, M|100\/100\n|turn|5\n|\n|t:|1701051691\n|detailschange|p2a: Abomasnow|Abomasnow-Mega, M\n|-mega|p2a: Abomasnow|Abomasnow|Abomasite\n|move|p2a: Abomasnow|Blizzard|p1a: Ampphyr\n|-supereffective|p1a: Ampphyr\n|-damage|p1a: Ampphyr|0 fnt\n|faint|p1a: Ampphyr\n|\n|-weather|Snow|[upkeep]\n|-sideend|p2: bananusa|move: Aurora Veil\n|-fieldend|move: Trick Room\n|upkeep\n|\n|t:|1701051716\n|switch|p1a: calaka chida 2|Marowak-Alola, M|100\/100\n|turn|6\n|\n|t:|1701051720\n|move|p2a: Abomasnow|Aurora Veil|p2a: Abomasnow\n|-sidestart|p2: bananusa|move: Aurora Veil\n|move|p1a: calaka chida 2|Flare Blitz|p2a: Abomasnow\n|-supereffective|p2a: Abomasnow\n|-damage|p2a: Abomasnow|0 fnt\n|faint|p2a: Abomasnow\n|\n|-weather|Snow|[upkeep]\n|upkeep\n|\n|t:|1701051734\n|switch|p2a: Glaceon|Glaceon, M, shiny|100\/100\n|turn|7\n|inactive|GatosLover has 120 seconds left.\n|\n|t:|1701051787\n|-terastallize|p2a: Glaceon|Water\n|move|p2a: Glaceon|Calm Mind|p2a: Glaceon\n|-boost|p2a: Glaceon|spa|1\n|-boost|p2a: Glaceon|spd|1\n|move|p1a: calaka chida 2|Poltergeist|p2a: Glaceon\n|-activate|p2a: Glaceon|move: Poltergeist|Leftovers\n|-damage|p2a: Glaceon|62\/100\n|\n|-weather|Snow|[upkeep]\n|-heal|p2a: Glaceon|68\/100|[from] ability: Ice Body\n|-heal|p2a: Glaceon|74\/100|[from] item: Leftovers\n|upkeep\n|turn|8\n|\n|t:|1701051798\n|move|p2a: Glaceon|Wish|p2a: Glaceon\n|move|p1a: calaka chida 2|Swords Dance|p1a: calaka chida 2\n|-boost|p1a: calaka chida 2|atk|2\n|\n|-weather|none\n|-heal|p2a: Glaceon|80\/100|[from] item: Leftovers\n|upkeep\n|turn|9\n|\n|t:|1701051810\n|move|p2a: Glaceon|Shadow Ball|p1a: calaka chida 2\n|-supereffective|p1a: calaka chida 2\n|-damage|p1a: calaka chida 2|12\/100\n|move|p1a: calaka chida 2|Swords Dance|p1a: calaka chida 2\n|-boost|p1a: calaka chida 2|atk|2\n|\n|-heal|p2a: Glaceon|100\/100|[from] move: Wish|[wisher] Glaceon\n|upkeep\n|turn|10\n|\n|t:|1701051816\n|move|p2a: Glaceon|Shadow Ball|p1a: calaka chida 2\n|-supereffective|p1a: calaka chida 2\n|-damage|p1a: calaka chida 2|0 fnt\n|faint|p1a: calaka chida 2\n|\n|-sideend|p2: bananusa|move: Aurora Veil\n|upkeep\n|\n|t:|1701051820\n|switch|p1a: feto|Mew|100\/100\n|turn|11\n|\n|t:|1701051824\n|move|p2a: Glaceon|Shadow Ball|p1a: feto\n|-supereffective|p1a: feto\n|-damage|p1a: feto|50\/100\n|move|p1a: feto|Trick Room|p1a: feto\n|-fieldstart|move: Trick Room|[of] p1a: feto\n|\n|upkeep\n|turn|12\n|\n|t:|1701051831\n|move|p2a: Glaceon|Shadow Ball|p1a: feto\n|-supereffective|p1a: feto\n|-crit|p1a: feto\n|-damage|p1a: feto|0 fnt\n|faint|p1a: feto\n|\n|upkeep\n|\n|t:|1701051835\n|switch|p1a: Yo soy luna|Ursaluna, F, shiny|100\/100\n|turn|13\n|\n|t:|1701051842\n|-terastallize|p1a: Yo soy luna|Normal\n|move|p1a: Yo soy luna|Facade|p2a: Glaceon\n|-damage|p2a: Glaceon|55\/100\n|move|p2a: Glaceon|Wish|p2a: Glaceon\n|\n|-heal|p2a: Glaceon|61\/100|[from] item: Leftovers\n|-status|p1a: Yo soy luna|brn|[from] item: Flame Orb\n|upkeep\n|turn|14\n|\n|t:|1701051853\n|switch|p2a: Ninetales|Ninetales-Alola, F|100\/100\n|-weather|Snow|[from] ability: Snow Warning|[of] p2a: Ninetales\n|move|p1a: Yo soy luna|Facade|p2a: Ninetales\n|-damage|p2a: Ninetales|0 fnt\n|faint|p2a: Ninetales\n|\n|-weather|Snow|[upkeep]\n|-damage|p1a: Yo soy luna|94\/100 brn|[from] brn\n|upkeep\n|\n|t:|1701051861\n|switch|p2a: Glaceon|Glaceon, M, shiny, tera:Water|61\/100\n|turn|15\n|\n|t:|1701051869\n|move|p1a: Yo soy luna|Facade|p2a: Glaceon\n|-damage|p2a: Glaceon|0 fnt\n|faint|p2a: Glaceon\n|\n|-weather|Snow|[upkeep]\n|-damage|p1a: Yo soy luna|88\/100 brn|[from] brn\n|-fieldend|move: Trick Room\n|upkeep\n|\n|t:|1701051874\n|switch|p2a: Cetitan|Cetitan, F|100\/100\n|turn|16\n|\n|t:|1701051880\n|move|p2a: Cetitan|Ice Spinner|p1a: Yo soy luna\n|-damage|p1a: Yo soy luna|62\/100 brn\n|move|p1a: Yo soy luna|Facade|p2a: Cetitan\n|-damage|p2a: Cetitan|0 fnt\n|faint|p2a: Cetitan\n|\n|-weather|Snow|[upkeep]\n|-damage|p1a: Yo soy luna|55\/100 brn|[from] brn\n|upkeep\n|\n|t:|1701051887\n|switch|p2a: Frosmoth|Frosmoth, M|100\/100\n|turn|17\n|\n|t:|1701051894\n|move|p2a: Frosmoth|Ice Beam|p1a: Yo soy luna\n|-damage|p1a: Yo soy luna|20\/100 brn\n|move|p1a: Yo soy luna|Facade|p2a: Frosmoth\n|-damage|p2a: Frosmoth|0 fnt\n|faint|p2a: Frosmoth\n|\n|win|GatosLover\n|raw|GatosLover's rating: 1356 &rarr; <strong>1378<\/strong><br \/>(+22 for winning)\n|raw|bananusa's rating: 1388 &rarr; <strong>1366<\/strong><br \/>(-22 for losing)\n|c|\u2606GatosLover|gg\n|l|\u2606bananusa\n","uploadtime":1701051899,"views":8,"p1id":"gatoslover","p2id":"bananusa","formatid":"gen9nationaldex","rating":1366,"private":0,"password":""}