{"id":"gen9nationaldex-1992248665","p1":"SouEuMesmo","p2":"danielghosts69","format":"[Gen 9] National Dex","log":"|j|\u2606SouEuMesmo\n|j|\u2606danielghosts69\n|t:|1700167554\n|gametype|singles\n|player|p1|SouEuMesmo|gambler|\n|player|p2|danielghosts69|266|\n|teamsize|p1|6\n|teamsize|p2|6\n|gen|9\n|tier|[Gen 9] National Dex\n|rule|HP Percentage Mod: HP is shown in percentages\n|rule|Endless Battle Clause: Forcing endless battles is banned\n|rule|OHKO Clause: OHKO moves are banned\n|rule|Evasion Clause: Evasion abilities, items, and moves are banned\n|rule|Evasion Abilities Clause: Evasion abilities are banned\n|rule|Evasion Items Clause: Evasion items are banned\n|rule|Evasion Moves Clause: Evasion moves are banned\n|rule|Species Clause: Limit one of each Pok\u00e9mon\n|rule|Sleep Clause Mod: Limit one foe put to sleep\n|clearpoke\n|poke|p1|Volcarona, F|\n|poke|p1|Gliscor, F|\n|poke|p1|Blastoise, M|\n|poke|p1|Weavile, M|\n|poke|p1|Sigilyph, F|\n|poke|p1|Gallade, M|\n|poke|p2|Blastoise, M|\n|poke|p2|Exeggutor, M|\n|poke|p2|Machamp, M|\n|poke|p2|Marowak, M|\n|poke|p2|Jolteon, M|\n|poke|p2|Gengar, M|\n|teampreview\n|\n|t:|1700167584\n|start\n|switch|p1a: Blastoise|Blastoise, M|100\/100\n|switch|p2a: Exeggutor|Exeggutor, M|100\/100\n|turn|1\n|\n|t:|1700167597\n|switch|p1a: Gliscor|Gliscor, F|100\/100\n|move|p2a: Exeggutor|Trick Room|p2a: Exeggutor\n|-fieldstart|move: Trick Room|[of] p2a: Exeggutor\n|\n|-status|p1a: Gliscor|tox|[from] item: Toxic Orb\n|upkeep\n|turn|2\n|\n|t:|1700167609\n|move|p2a: Exeggutor|Giga Drain|p1a: Gliscor\n|-damage|p1a: Gliscor|45\/100 tox\n|move|p1a: Gliscor|Taunt|p2a: Exeggutor\n|-start|p2a: Exeggutor|move: Taunt\n|\n|-heal|p1a: Gliscor|57\/100 tox|[from] ability: Poison Heal\n|upkeep\n|turn|3\n|\n|t:|1700167623\n|move|p2a: Exeggutor|Giga Drain|p1a: Gliscor\n|-damage|p1a: Gliscor|2\/100 tox\n|move|p1a: Gliscor|U-turn|p2a: Exeggutor\n|-supereffective|p2a: Exeggutor\n|-damage|p2a: Exeggutor|19\/100\n|\n|t:|1700167628\n|switch|p1a: Volcarona|Volcarona, F|100\/100|[from] U-turn\n|\n|upkeep\n|turn|4\n|\n|t:|1700167635\n|move|p2a: Exeggutor|Psychic|p1a: Volcarona\n|-damage|p1a: Volcarona|55\/100\n|move|p1a: Volcarona|Fiery Dance|p2a: Exeggutor\n|-supereffective|p2a: Exeggutor\n|-damage|p2a: Exeggutor|0 fnt\n|-boost|p1a: Volcarona|spa|1\n|faint|p2a: Exeggutor\n|\n|-heal|p1a: Volcarona|61\/100|[from] item: Leftovers\n|upkeep\n|\n|t:|1700167650\n|switch|p2a: Jolteon|Jolteon, M|100\/100\n|turn|5\n|\n|t:|1700167657\n|move|p1a: Volcarona|Quiver Dance|p1a: Volcarona\n|-boost|p1a: Volcarona|spa|1\n|-boost|p1a: Volcarona|spd|1\n|-boost|p1a: Volcarona|spe|1\n|move|p2a: Jolteon|Volt Switch|p1a: Volcarona\n|-damage|p1a: Volcarona|39\/100\n|\n|t:|1700167664\n|switch|p2a: Gengar|Gengar, M|100\/100|[from] Volt Switch\n|\n|-heal|p1a: Volcarona|45\/100|[from] item: Leftovers\n|-fieldend|move: Trick Room\n|upkeep\n|turn|6\n|\n|t:|1700167679\n|move|p1a: Volcarona|Bug Buzz|p2a: Gengar\n|-resisted|p2a: Gengar\n|-damage|p2a: Gengar|61\/100\n|move|p2a: Gengar|Destiny Bond|p2a: Gengar\n|-singlemove|p2a: Gengar|Destiny Bond\n|\n|-heal|p1a: Volcarona|51\/100|[from] item: Leftovers\n|upkeep\n|turn|7\n|\n|t:|1700167690\n|move|p1a: Volcarona|Quiver Dance|p1a: Volcarona\n|-boost|p1a: Volcarona|spa|1\n|-boost|p1a: Volcarona|spd|1\n|-boost|p1a: Volcarona|spe|1\n|move|p2a: Gengar|Sludge Wave|p1a: Volcarona\n|-damage|p1a: Volcarona|26\/100\n|\n|-heal|p1a: Volcarona|32\/100|[from] item: Leftovers\n|upkeep\n|turn|8\n|\n|t:|1700167699\n|move|p1a: Volcarona|Fiery Dance|p2a: Gengar\n|-damage|p2a: Gengar|0 fnt\n|-boost|p1a: Volcarona|spa|1\n|-start|p1a: Volcarona|Disable|Fiery Dance|[from] ability: Cursed Body|[of] p2a: Gengar\n|faint|p2a: Gengar\n|\n|-heal|p1a: Volcarona|38\/100|[from] item: Leftovers\n|upkeep\n|\n|t:|1700167716\n|switch|p2a: Machamp|Machamp, M|100\/100\n|turn|9\n|\n|t:|1700167724\n|move|p2a: Machamp|Bullet Punch|p1a: Volcarona\n|-resisted|p1a: Volcarona\n|-damage|p1a: Volcarona|28\/100\n|move|p1a: Volcarona|Giga Drain|p2a: Machamp\n|-damage|p2a: Machamp|16\/100\n|-heal|p1a: Volcarona|80\/100|[from] drain|[of] p2a: Machamp\n|\n|-heal|p1a: Volcarona|86\/100|[from] item: Leftovers\n|upkeep\n|turn|10\n|\n|t:|1700167734\n|move|p1a: Volcarona|Giga Drain|p2a: Machamp\n|-damage|p2a: Machamp|0 fnt\n|-heal|p1a: Volcarona|95\/100|[from] drain|[of] p2a: Machamp\n|faint|p2a: Machamp\n|\n|-heal|p1a: Volcarona|100\/100|[from] item: Leftovers\n|upkeep\n|\n|t:|1700167741\n|switch|p2a: Jolteon|Jolteon, M|100\/100\n|turn|11\n|\n|t:|1700167747\n|move|p1a: Volcarona|Giga Drain|p2a: Jolteon\n|-damage|p2a: Jolteon|1\/100\n|move|p2a: Jolteon|Thunderbolt|p1a: Volcarona\n|-damage|p1a: Volcarona|77\/100\n|\n|-heal|p1a: Volcarona|83\/100|[from] item: Leftovers\n|-end|p1a: Volcarona|Disable\n|upkeep\n|turn|12\n|\n|t:|1700167755\n|move|p1a: Volcarona|Fiery Dance|p2a: Jolteon\n|-damage|p2a: Jolteon|0 fnt\n|faint|p2a: Jolteon\n|\n|-heal|p1a: Volcarona|89\/100|[from] item: Leftovers\n|upkeep\n|\n|t:|1700167761\n|switch|p2a: Marowak|Marowak, M|100\/100\n|turn|13\n|\n|t:|1700167767\n|move|p1a: Volcarona|Giga Drain|p2a: Marowak\n|-supereffective|p2a: Marowak\n|-damage|p2a: Marowak|0 fnt\n|-heal|p1a: Volcarona|100\/100|[from] drain|[of] p2a: Marowak\n|faint|p2a: Marowak\n|\n|upkeep\n|\n|t:|1700167775\n|switch|p2a: Blastoise|Blastoise, M|100\/100\n|turn|14\n|\n|t:|1700167784\n|move|p1a: Volcarona|Giga Drain|p2a: Blastoise\n|-supereffective|p2a: Blastoise\n|-damage|p2a: Blastoise|0 fnt\n|faint|p2a: Blastoise\n|\n|win|SouEuMesmo\n|l|\u2606danielghosts69\n","uploadtime":1700167820,"views":15,"p1id":"soueumesmo","p2id":"danielghosts69","formatid":"gen9nationaldex","rating":0,"private":0,"password":""}