{"id":"gen9nationaldex-1987219767","p1":"GreenyTr33","p2":"TrueMercer","format":"[Gen 9] National Dex","log":"|j|\u2606GreenyTr33\n|j|\u2606TrueMercer\n|t:|1699566464\n|gametype|singles\n|player|p1|GreenyTr33|1|\n|player|p2|TrueMercer|169|\n|teamsize|p1|6\n|teamsize|p2|6\n|gen|9\n|tier|[Gen 9] National Dex\n|rule|HP Percentage Mod: HP is shown in percentages\n|rule|Endless Battle Clause: Forcing endless battles is banned\n|rule|OHKO Clause: OHKO moves are banned\n|rule|Evasion Clause: Evasion abilities, items, and moves are banned\n|rule|Evasion Abilities Clause: Evasion abilities are banned\n|rule|Evasion Items Clause: Evasion items are banned\n|rule|Evasion Moves Clause: Evasion moves are banned\n|rule|Species Clause: Limit one of each Pok\u00e9mon\n|rule|Sleep Clause Mod: Limit one foe put to sleep\n|clearpoke\n|poke|p1|Ferrothorn, M|\n|poke|p1|Garchomp, F|\n|poke|p1|Starmie|\n|poke|p1|Clefable, F|\n|poke|p1|Lilligant-Hisui, F|\n|poke|p1|Froslass, F|\n|poke|p2|Venusaur, M|\n|poke|p2|Klefki, M|\n|poke|p2|Quagsire, M|\n|poke|p2|Dragonite, M|\n|poke|p2|Xatu, M|\n|poke|p2|Greninja-*, M|\n|teampreview\n|inactive|Battle timer is ON: inactive players will automatically lose when time's up. (requested by TrueMercer)\n|\n|t:|1699566485\n|start\n|switch|p1a: Clefable|Clefable, F, shiny|100\/100\n|switch|p2a: Klefki|Klefki, M|100\/100\n|turn|1\n|j| rockcantalk\n|\n|t:|1699566494\n|move|p2a: Klefki|Light Screen|p2a: Klefki\n|-sidestart|p2: TrueMercer|move: Light Screen\n|move|p1a: Clefable|Calm Mind|p1a: Clefable\n|-boost|p1a: Clefable|spa|1\n|-boost|p1a: Clefable|spd|1\n|\n|upkeep\n|turn|2\n|\n|t:|1699566501\n|move|p2a: Klefki|Reflect|p2a: Klefki\n|-sidestart|p2: TrueMercer|Reflect\n|move|p1a: Clefable|Calm Mind|p1a: Clefable\n|-boost|p1a: Clefable|spa|1\n|-boost|p1a: Clefable|spd|1\n|\n|upkeep\n|turn|3\n|\n|t:|1699566508\n|switch|p2a: Venusaur|Venusaur, M|100\/100\n|move|p1a: Clefable|Calm Mind|p1a: Clefable\n|-boost|p1a: Clefable|spa|1\n|-boost|p1a: Clefable|spd|1\n|\n|upkeep\n|turn|4\n|\n|t:|1699566515\n|move|p2a: Venusaur|Sludge Bomb|p1a: Clefable\n|-supereffective|p1a: Clefable\n|-damage|p1a: Clefable|75\/100\n|move|p1a: Clefable|Moonblast|p2a: Venusaur\n|-resisted|p2a: Venusaur\n|-damage|p2a: Venusaur|68\/100\n|-unboost|p2a: Venusaur|spa|1\n|\n|upkeep\n|turn|5\n|\n|t:|1699566528\n|move|p2a: Venusaur|Sludge Bomb|p1a: Clefable\n|-supereffective|p1a: Clefable\n|-damage|p1a: Clefable|59\/100\n|move|p1a: Clefable|Moonblast|p2a: Venusaur\n|-resisted|p2a: Venusaur\n|-damage|p2a: Venusaur|38\/100\n|-unboost|p2a: Venusaur|spa|1\n|\n|upkeep\n|turn|6\n|\n|t:|1699566543\n|switch|p2a: Quagsire|Quagsire, M|100\/100\n|move|p1a: Clefable|Moonblast|p2a: Quagsire\n|-damage|p2a: Quagsire|69\/100\n|-unboost|p2a: Quagsire|spa|1\n|\n|-heal|p2a: Quagsire|75\/100|[from] item: Leftovers\n|upkeep\n|turn|7\n|\n|t:|1699566553\n|move|p1a: Clefable|Moonlight|p1a: Clefable\n|-heal|p1a: Clefable|100\/100\n|move|p2a: Quagsire|Earthquake|p1a: Clefable\n|-damage|p1a: Clefable|68\/100\n|\n|-heal|p2a: Quagsire|81\/100|[from] item: Leftovers\n|upkeep\n|turn|8\n|\n|t:|1699566564\n|move|p1a: Clefable|Moonblast|p2a: Quagsire\n|-damage|p2a: Quagsire|49\/100\n|-unboost|p2a: Quagsire|spa|1\n|move|p2a: Quagsire|Scald|p1a: Clefable\n|-damage|p1a: Clefable|58\/100\n|\n|-heal|p2a: Quagsire|55\/100|[from] item: Leftovers\n|-sideend|p2: TrueMercer|move: Light Screen\n|upkeep\n|turn|9\n|\n|t:|1699566575\n|move|p1a: Clefable|Calm Mind|p1a: Clefable\n|-boost|p1a: Clefable|spa|1\n|-boost|p1a: Clefable|spd|1\n|move|p2a: Quagsire|Recover|p2a: Quagsire\n|-heal|p2a: Quagsire|100\/100\n|\n|-sideend|p2: TrueMercer|Reflect\n|upkeep\n|turn|10\n|\n|t:|1699566587\n|move|p1a: Clefable|Moonlight|p1a: Clefable\n|-heal|p1a: Clefable|100\/100\n|move|p2a: Quagsire|Earthquake|p1a: Clefable\n|-damage|p1a: Clefable|69\/100\n|\n|upkeep\n|turn|11\n|\n|t:|1699566596\n|move|p1a: Clefable|Moonblast|p2a: Quagsire\n|-damage|p2a: Quagsire|32\/100\n|move|p2a: Quagsire|Earthquake|p1a: Clefable\n|-damage|p1a: Clefable|36\/100\n|\n|-heal|p2a: Quagsire|38\/100|[from] item: Leftovers\n|upkeep\n|turn|12\n|\n|t:|1699566605\n|switch|p2a: Klefki|Klefki, M|100\/100\n|move|p1a: Clefable|Moonblast|p2a: Klefki\n|-resisted|p2a: Klefki\n|-damage|p2a: Klefki|1\/100\n|\n|upkeep\n|turn|13\n|\n|t:|1699566612\n|move|p2a: Klefki|Light Screen|p2a: Klefki\n|-sidestart|p2: TrueMercer|move: Light Screen\n|move|p1a: Clefable|Moonlight|p1a: Clefable\n|-heal|p1a: Clefable|86\/100\n|\n|upkeep\n|turn|14\n|\n|t:|1699566618\n|move|p2a: Klefki|Reflect|p2a: Klefki\n|-sidestart|p2: TrueMercer|Reflect\n|move|p1a: Clefable|Moonblast|p2a: Klefki\n|-resisted|p2a: Klefki\n|-damage|p2a: Klefki|0 fnt\n|faint|p2a: Klefki\n|\n|upkeep\n|\n|t:|1699566626\n|switch|p2a: Greninja|Greninja, M|100\/100\n|turn|15\n|\n|t:|1699566629\n|-terastallize|p2a: Greninja|Poison\n|move|p2a: Greninja|Gunk Shot|p1a: Clefable|[miss]\n|-miss|p2a: Greninja|p1a: Clefable\n|move|p1a: Clefable|Moonblast|p2a: Greninja\n|-resisted|p2a: Greninja\n|-damage|p2a: Greninja|39\/100\n|-unboost|p2a: Greninja|spa|1\n|\n|upkeep\n|turn|16\n|\n|t:|1699566648\n|switch|p2a: Quagsire|Quagsire, M|38\/100\n|move|p1a: Clefable|Moonblast|p2a: Quagsire\n|-damage|p2a: Quagsire|8\/100\n|\n|-heal|p2a: Quagsire|14\/100|[from] item: Leftovers\n|upkeep\n|turn|17\n|\n|t:|1699566662\n|move|p1a: Clefable|Moonblast|p2a: Quagsire\n|-damage|p2a: Quagsire|0 fnt\n|faint|p2a: Quagsire\n|\n|upkeep\n|\n|t:|1699566664\n|switch|p2a: Greninja|Greninja, M, tera:Poison|39\/100\n|turn|18\n|\n|t:|1699566669\n|move|p2a: Greninja|Gunk Shot|p1a: Clefable\n|-supereffective|p1a: Clefable\n|-damage|p1a: Clefable|0 fnt\n|faint|p1a: Clefable\n|\n|upkeep\n|\n|t:|1699566676\n|switch|p1a: Lilligant|Lilligant-Hisui, F, shiny|100\/100\n|turn|19\n|\n|t:|1699566681\n|move|p2a: Greninja|Gunk Shot|p1a: Lilligant\n|-supereffective|p1a: Lilligant\n|-damage|p1a: Lilligant|0 fnt\n|faint|p1a: Lilligant\n|\n|upkeep\n|\n|t:|1699566689\n|switch|p1a: Garchomp|Garchomp, F, shiny|100\/100\n|turn|20\n|\n|t:|1699566696\n|switch|p2a: Xatu|Xatu, M|100\/100\n|move|p1a: Garchomp|Earthquake|p2a: Xatu\n|-immune|p2a: Xatu\n|\n|-sideend|p2: TrueMercer|move: Light Screen\n|upkeep\n|turn|21\n|\n|t:|1699566708\n|move|p1a: Garchomp|Sandstorm|p1a: Garchomp\n|-weather|Sandstorm\n|move|p2a: Xatu|Teleport|p2a: Xatu\n|\n|t:|1699566711\n|switch|p2a: Greninja|Greninja, M, tera:Poison|39\/100|[from] Teleport\n|\n|-weather|Sandstorm|[upkeep]\n|-damage|p2a: Greninja|33\/100|[from] Sandstorm\n|-sideend|p2: TrueMercer|Reflect\n|upkeep\n|turn|22\n|\n|t:|1699566720\n|detailschange|p1a: Garchomp|Garchomp-Mega, F, shiny\n|-mega|p1a: Garchomp|Garchomp|Garchompite\n|move|p2a: Greninja|Ice Beam|p1a: Garchomp\n|-supereffective|p1a: Garchomp\n|-damage|p1a: Garchomp|0 fnt\n|faint|p1a: Garchomp\n|\n|-weather|Sandstorm|[upkeep]\n|-damage|p2a: Greninja|27\/100|[from] Sandstorm\n|upkeep\n|\n|t:|1699566733\n|switch|p1a: Ferrothorn|Ferrothorn, M, shiny|100\/100\n|turn|23\n|\n|t:|1699566738\n|switch|p2a: Xatu|Xatu, M|100\/100\n|move|p1a: Ferrothorn|Leech Seed|p2a: Xatu\n|move|p2a: Xatu|Leech Seed|p1a: Ferrothorn|[from]ability: Magic Bounce\n|-immune|p1a: Ferrothorn\n|\n|-weather|Sandstorm|[upkeep]\n|-damage|p2a: Xatu|95\/100|[from] Sandstorm\n|upkeep\n|turn|24\n|\n|t:|1699566749\n|move|p2a: Xatu|Heat Wave|p1a: Ferrothorn\n|-supereffective|p1a: Ferrothorn\n|-damage|p1a: Ferrothorn|32\/100\n|move|p1a: Ferrothorn|Spikes|p2a: Xatu\n|move|p2a: Xatu|Spikes|p1a: Ferrothorn|[from]ability: Magic Bounce\n|-sidestart|p1: GreenyTr33|Spikes\n|\n|-weather|Sandstorm|[upkeep]\n|-damage|p2a: Xatu|89\/100|[from] Sandstorm\n|-heal|p1a: Ferrothorn|38\/100|[from] item: Leftovers\n|upkeep\n|turn|25\n|\n|t:|1699566761\n|switch|p1a: Froslass|Froslass, F|100\/100\n|-damage|p1a: Froslass|88\/100|[from] Spikes\n|move|p2a: Xatu|Heat Wave|p1a: Froslass\n|-supereffective|p1a: Froslass\n|-damage|p1a: Froslass|23\/100\n|\n|-weather|none\n|upkeep\n|turn|26\n|\n|t:|1699566780\n|-terastallize|p1a: Froslass|Ice\n|move|p1a: Froslass|Blizzard|p2a: Xatu\n|-supereffective|p2a: Xatu\n|-damage|p2a: Xatu|0 fnt\n|faint|p2a: Xatu\n|\n|upkeep\n|\n|t:|1699566795\n|switch|p2a: Greninja|Greninja, M, tera:Poison|27\/100\n|turn|27\n|\n|t:|1699566817\n|move|p2a: Greninja|Surf|p1a: Froslass\n|-damage|p1a: Froslass|0 fnt\n|faint|p1a: Froslass\n|\n|upkeep\n|\n|t:|1699566822\n|switch|p1a: Starmie|Starmie|100\/100\n|-damage|p1a: Starmie|88\/100|[from] Spikes\n|turn|28\n|\n|t:|1699566828\n|switch|p2a: Dragonite|Dragonite, M|100\/100\n|move|p1a: Starmie|Rain Dance|p1a: Starmie\n|-weather|RainDance\n|\n|-weather|RainDance|[upkeep]\n|upkeep\n|turn|29\n|\n|t:|1699566836\n|move|p1a: Starmie|Rapid Spin|p2a: Dragonite\n|-damage|p2a: Dragonite|95\/100\n|-boost|p1a: Starmie|spe|1\n|-sideend|p1: GreenyTr33|Spikes|[from] move: Rapid Spin|[of] p1a: Starmie\n|move|p2a: Dragonite|Dragon Dance|p2a: Dragonite\n|-boost|p2a: Dragonite|atk|1\n|-boost|p2a: Dragonite|spe|1\n|\n|-weather|RainDance|[upkeep]\n|upkeep\n|turn|30\n|\n|t:|1699566845\n|move|p1a: Starmie|Hydro Pump|p2a: Dragonite\n|-resisted|p2a: Dragonite\n|-damage|p2a: Dragonite|68\/100\n|move|p2a: Dragonite|Dragon Dance|p2a: Dragonite\n|-boost|p2a: Dragonite|atk|1\n|-boost|p2a: Dragonite|spe|1\n|\n|-weather|RainDance|[upkeep]\n|upkeep\n|turn|31\n|\n|t:|1699566854\n|switch|p1a: Ferrothorn|Ferrothorn, M, shiny|38\/100\n|move|p2a: Dragonite|Extreme Speed|p1a: Ferrothorn\n|-resisted|p1a: Ferrothorn\n|-damage|p1a: Ferrothorn|19\/100\n|-damage|p2a: Dragonite|55\/100|[from] ability: Iron Barbs|[of] p1a: Ferrothorn\n|\n|-weather|RainDance|[upkeep]\n|-heal|p1a: Ferrothorn|25\/100|[from] item: Leftovers\n|upkeep\n|turn|32\n|\n|t:|1699566871\n|move|p2a: Dragonite|Earthquake|p1a: Ferrothorn\n|-damage|p1a: Ferrothorn|0 fnt\n|faint|p1a: Ferrothorn\n|\n|-weather|RainDance|[upkeep]\n|upkeep\n|\n|t:|1699566880\n|switch|p1a: Starmie|Starmie|88\/100\n|turn|33\n|\n|t:|1699566885\n|move|p2a: Dragonite|Extreme Speed|p1a: Starmie\n|-damage|p1a: Starmie|1\/100\n|move|p1a: Starmie|Hydro Pump|p2a: Dragonite\n|-resisted|p2a: Dragonite\n|-damage|p2a: Dragonite|23\/100\n|\n|-weather|RainDance|[upkeep]\n|upkeep\n|turn|34\n|\n|t:|1699566894\n|move|p2a: Dragonite|Extreme Speed|p1a: Starmie\n|-damage|p1a: Starmie|0 fnt\n|faint|p1a: Starmie\n|\n|win|TrueMercer\n","uploadtime":1699566901,"views":20,"p1id":"greenytr33","p2id":"truemercer","formatid":"gen9nationaldex","rating":0,"private":0,"password":""}