{"id":"gen9nationaldex-1988398521","p1":"Fabrizio8","p2":"Sai4rr","format":"[Gen 9] National Dex","log":"|j|\u2606Fabrizio8\n|j|\u2606Sai4rr\n|t:|1699718516\n|gametype|singles\n|player|p1|Fabrizio8|roxie|\n|player|p2|Sai4rr|101|\n|teamsize|p1|6\n|teamsize|p2|6\n|gen|9\n|tier|[Gen 9] National Dex\n|rule|HP Percentage Mod: HP is shown in percentages\n|rule|Endless Battle Clause: Forcing endless battles is banned\n|rule|OHKO Clause: OHKO moves are banned\n|rule|Evasion Clause: Evasion abilities, items, and moves are banned\n|rule|Evasion Abilities Clause: Evasion abilities are banned\n|rule|Evasion Items Clause: Evasion items are banned\n|rule|Evasion Moves Clause: Evasion moves are banned\n|rule|Species Clause: Limit one of each Pok\u00e9mon\n|rule|Sleep Clause Mod: Limit one foe put to sleep\n|clearpoke\n|poke|p1|Rillaboom, M|\n|poke|p1|Goodra-Hisui, F|\n|poke|p1|Sneasler, F|\n|poke|p1|Grimmsnarl, M|\n|poke|p1|Corviknight, M|\n|poke|p1|Duraludon, F|\n|poke|p2|Slowking, M|\n|poke|p2|Tyranitar, F|\n|poke|p2|Forretress, F|\n|poke|p2|Heracross, M|\n|poke|p2|Typhlosion-Hisui, M|\n|poke|p2|Umbreon, F|\n|teampreview\n|j| PeppsiAsiEs\n|j| Sylveon(404)\n|c| Sylveon(404)|otia\n|j| Void280\n|l|\u2606Fabrizio8\n|player|p1|\n|c| Void280|Buena suerte a ambos\n|j| lolowtf09\n|j|\u2606Fabrizio8\n|player|p1|Fabrizio8|roxie\n|j| WSoldat\n|c|\u2606Fabrizio8|PENE\n|j| matu 1402\n|c| lolowtf09|el chupa bulbas\n|j| ericmont\n|c| PeppsiAsiEs|SUERTE A AMBOS CONTRICANTES\n|\n|t:|1699718559\n|start\n|switch|p1a: sherk negro|Grimmsnarl, M, shiny|100\/100\n|switch|p2a: Forretress|Forretress, F|100\/100\n|turn|1\n|c| WSoldat|DuraNalgon?\n|c| lolowtf09|sai pon motes\n|\n|t:|1699718573\n|move|p1a: sherk negro|Taunt|p2a: Forretress\n|-start|p2a: Forretress|move: Taunt\n|cant|p2a: Forretress|move: Taunt|Thunder Wave\n|\n|upkeep\n|turn|2\n|\n|t:|1699718583\n|move|p1a: sherk negro|Light Screen|p1a: sherk negro\n|-sidestart|p1: Fabrizio8|move: Light Screen\n|move|p2a: Forretress|Gyro Ball|p1a: sherk negro\n|-supereffective|p1a: sherk negro\n|-damage|p1a: sherk negro|62\/100\n|\n|upkeep\n|turn|3\n|c| ericmont|Manolo pajitas pero del chino\n|\n|t:|1699718589\n|move|p1a: sherk negro|Reflect|p1a: sherk negro\n|-sidestart|p1: Fabrizio8|Reflect\n|move|p2a: Forretress|Gyro Ball|p1a: sherk negro\n|-supereffective|p1a: sherk negro\n|-damage|p1a: sherk negro|41\/100\n|\n|-end|p2a: Forretress|move: Taunt\n|upkeep\n|turn|4\n|\n|t:|1699718597\n|move|p1a: sherk negro|Taunt|p2a: Forretress\n|-start|p2a: Forretress|move: Taunt\n|cant|p2a: Forretress|move: Taunt|Thunder Wave\n|\n|upkeep\n|turn|5\n|j| el p4n4\n|\n|t:|1699718603\n|move|p1a: sherk negro|Spirit Break|p2a: Forretress\n|-resisted|p2a: Forretress\n|-damage|p2a: Forretress|89\/100\n|-unboost|p2a: Forretress|spa|1\n|move|p2a: Forretress|Gyro Ball|p1a: sherk negro\n|-supereffective|p1a: sherk negro\n|-damage|p1a: sherk negro|20\/100\n|\n|upkeep\n|turn|6\n|\n|t:|1699718613\n|move|p1a: sherk negro|Spirit Break|p2a: Forretress\n|-resisted|p2a: Forretress\n|-damage|p2a: Forretress|77\/100\n|-unboost|p2a: Forretress|spa|1\n|move|p2a: Forretress|Gyro Ball|p1a: sherk negro\n|-supereffective|p1a: sherk negro\n|-damage|p1a: sherk negro|0 fnt\n|faint|p1a: sherk negro\n|\n|-end|p2a: Forretress|move: Taunt\n|upkeep\n|j| AjoFC\n|\n|t:|1699718642\n|switch|p1a: unga-unga|Rillaboom, M, shiny|100\/100\n|-fieldstart|move: Grassy Terrain|[from] ability: Grassy Surge|[of] p1a: unga-unga\n|-enditem|p1a: unga-unga|Grassy Seed\n|-boost|p1a: unga-unga|def|1|[from] item: Grassy Seed\n|turn|7\n|c| matu 1402|Fabri solo no la cagues\n|c| lolowtf09|fabri no seas tu mismo\n|\n|t:|1699718667\n|-terastallize|p2a: Forretress|Electric\n|move|p1a: unga-unga|High Horsepower|p2a: Forretress\n|-supereffective|p2a: Forretress\n|-damage|p2a: Forretress|30\/100\n|move|p2a: Forretress|Thunder Wave|p1a: unga-unga\n|-status|p1a: unga-unga|par\n|\n|-heal|p2a: Forretress|36\/100|[from] Grassy Terrain\n|upkeep\n|turn|8\n|c|\u2606Fabrizio8|la voy a caga\n|\n|t:|1699718687\n|move|p1a: unga-unga|High Horsepower|p2a: Forretress\n|-supereffective|p2a: Forretress\n|-damage|p2a: Forretress|0 fnt\n|faint|p2a: Forretress\n|\n|upkeep\n|c| ericmont|Quw\n|c| ericmont|pq el tera\n|\n|t:|1699718695\n|switch|p2a: Typhlosion|Typhlosion-Hisui, M|100\/100\n|turn|9\n|c| matu 1402|Fabri solo centrate y no les hagas caso a los ddmas\n|\n|t:|1699718711\n|move|p2a: Typhlosion|Burn Up|p1a: unga-unga\n|-supereffective|p1a: unga-unga\n|-damage|p1a: unga-unga|3\/100 par\n|-start|p2a: Typhlosion|typechange|???\/Ghost|[from] move: Burn Up\n|cant|p1a: unga-unga|par\n|\n|-heal|p1a: unga-unga|9\/100 par|[from] Grassy Terrain\n|-sideend|p1: Fabrizio8|move: Light Screen\n|upkeep\n|turn|10\n|c| lolowtf09|este era manolo pajotas ,manolo pajitas lo aguantaba\n|\n|t:|1699718723\n|move|p1a: unga-unga|Grassy Glide|p2a: Typhlosion\n|-damage|p2a: Typhlosion|57\/100\n|move|p2a: Typhlosion|Burn Up||[still]\n|-fail|p2a: Typhlosion|move: Burn Up\n|\n|-heal|p2a: Typhlosion|62\/100|[from] Grassy Terrain\n|-heal|p1a: unga-unga|15\/100 par|[from] Grassy Terrain\n|-sideend|p1: Fabrizio8|Reflect\n|upkeep\n|turn|11\n|c| ericmont|Que hace\n|\n|t:|1699718743\n|switch|p2a: Slowking|Slowking, M, shiny|100\/100\n|cant|p1a: unga-unga|par\n|\n|-heal|p1a: unga-unga|21\/100 par|[from] Grassy Terrain\n|-fieldend|move: Grassy Terrain\n|upkeep\n|turn|12\n|c| PeppsiAsiEs|Si RAR no se conecta, esta podr\u00eda ser la \u00faltima pelea de este versus\n|\n|t:|1699718755\n|move|p1a: unga-unga|Grassy Glide|p2a: Slowking\n|-supereffective|p2a: Slowking\n|-damage|p2a: Slowking|47\/100\n|-enditem|p2a: Slowking|Sitrus Berry|[eat]\n|-heal|p2a: Slowking|72\/100|[from] item: Sitrus Berry\n|move|p2a: Slowking|Blizzard|p1a: unga-unga\n|-supereffective|p1a: unga-unga\n|-damage|p1a: unga-unga|0 fnt\n|faint|p1a: unga-unga\n|\n|upkeep\n|c|\u2606Fabrizio8|PTM\n|c| matu 1402|Fabriiiiii reservate el pvto campo\n|c|\u2606Fabrizio8|estoy temblando\n|c| lolowtf09|tiene cara que en la cama te da duro\n|c|\u2606Fabrizio8|perd\u00f3name koichi por todo\n|c| PeppsiAsiEs|XDDD\n|c| AjoFC|No tiembles\n|c| matu 1402|Xd\n|\n|t:|1699718796\n|switch|p1a: Duranalgotas|Duraludon, F|100\/100\n|turn|13\n|c| el p4n4|tranki mano tu puedes XD\n|c| lolowtf09|ponte lubricante\n|c| matu 1402|No le hagas caso a los demas\n|c| Void280|Grande el consejo del Ajo\n|\n|t:|1699718812\n|switch|p2a: Heracross|Heracross, M, shiny|100\/100\n|move|p1a: Duranalgotas|Thunderbolt|p2a: Heracross\n|-damage|p2a: Heracross|65\/100\n|\n|-status|p2a: Heracross|brn|[from] item: Flame Orb\n|upkeep\n|turn|14\n|\n|t:|1699718838\n|switch|p1a: ay babosa|Goodra-Hisui, F, shiny|100\/100\n|move|p2a: Heracross|Brick Break|p1a: ay babosa\n|-supereffective|p1a: ay babosa\n|-damage|p1a: ay babosa|0 fnt\n|faint|p1a: ay babosa\n|\n|-damage|p2a: Heracross|59\/100 brn|[from] brn\n|upkeep\n|c| PeppsiAsiEs|OMG\n|c|\u2606Fabrizio8|perdon koichi\n|c| ericmont|Brick break???\n|\n|t:|1699718852\n|switch|p1a: Corviknight|Corviknight, M, shiny|100\/100\n|turn|15\n|c| lolowtf09|le chupo la bulba\n|c| ericmont|Tpunch?\n|c| ericmont|no aprende\n|c| ericmont|listo\n|\n|t:|1699718874\n|move|p2a: Heracross|Brick Break|p1a: Corviknight\n|-damage|p1a: Corviknight|63\/100\n|-damage|p2a: Heracross|43\/100 brn|[from] item: Rocky Helmet|[of] p1a: Corviknight\n|move|p1a: Corviknight|Body Press|p2a: Heracross\n|-resisted|p2a: Heracross\n|-damage|p2a: Heracross|25\/100 brn\n|\n|-damage|p2a: Heracross|19\/100 brn|[from] brn\n|upkeep\n|turn|16\n|c|\u2606Fabrizio8|verga\n|c| matu 1402|Dios Gabri\n|c|\u2606Fabrizio8|pense que no aguantaba\n|c| matu 1402|Fabri\n|c| lolowtf09|fabrimierda\n|c| ericmont|q\n|\n|t:|1699718893\n|move|p2a: Heracross|Megahorn|p1a: Corviknight\n|-resisted|p1a: Corviknight\n|-damage|p1a: Corviknight|49\/100\n|-damage|p2a: Heracross|3\/100 brn|[from] item: Rocky Helmet|[of] p1a: Corviknight\n|move|p1a: Corviknight|Roost|p1a: Corviknight\n|-heal|p1a: Corviknight|99\/100\n|-singleturn|p1a: Corviknight|move: Roost\n|\n|-damage|p2a: Heracross|0 fnt|[from] brn\n|faint|p2a: Heracross\n|upkeep\n|c| ericmont|QUE\n|c| ericmont|jajsjajs\n|c| ericmont|Que hizo\n|\n|t:|1699718907\n|switch|p2a: Typhlosion|Typhlosion-Hisui, M|62\/100\n|-item|p1a: Corviknight|Rocky Helmet|[from] ability: Frisk|[of] p2a: Typhlosion|[identify]\n|turn|17\n|\n|t:|1699718918\n|switch|p1a: Duranalgotas|Duraludon, F|100\/100\n|move|p2a: Typhlosion|Burn Up|p1a: Duranalgotas\n|-damage|p1a: Duranalgotas|0 fnt\n|-start|p2a: Typhlosion|typechange|???\/Ghost|[from] move: Burn Up\n|faint|p1a: Duranalgotas\n|\n|upkeep\n|c| Sylveon(404)|ggs\n|c| ericmont|Dios\n|c|\u2606Fabrizio8|ay juego fatal\n|\n|t:|1699718933\n|switch|p1a: weavile(?|Sneasler, F, shiny|100\/100\n|turn|18\n|\n|t:|1699718947\n|-terastallize|p1a: weavile(?|Dark\n|move|p1a: weavile(?|Dire Claw|p2a: Typhlosion\n|-resisted|p2a: Typhlosion\n|-damage|p2a: Typhlosion|35\/100\n|move|p2a: Typhlosion|Burn Up||[still]\n|-fail|p2a: Typhlosion|move: Burn Up\n|\n|upkeep\n|turn|19\n|c| ericmont|Que\n|c| matu 1402|Bosteate\n|\n|t:|1699718962\n|switch|p2a: Tyranitar|Tyranitar, F, shiny|100\/100\n|-weather|Sandstorm|[from] ability: Sand Stream|[of] p2a: Tyranitar\n|move|p1a: weavile(?|Dire Claw|p2a: Tyranitar\n|-resisted|p2a: Tyranitar\n|-damage|p2a: Tyranitar|83\/100\n|\n|-weather|Sandstorm|[upkeep]\n|-damage|p1a: weavile(?|95\/100|[from] Sandstorm\n|upkeep\n|turn|20\n|c| Void280|Creo no sabe que hace Burn Up\n|c| ericmont|no\n|c| PeppsiAsiEs|es el team de geiser\n|c| PeppsiAsiEs|literal\n|c| lolowtf09|ni un efecto de estado\n|c| PeppsiAsiEs|se lo pase\n|c| PeppsiAsiEs|ni sabe como funciona\n|c| ericmont|Efectivamente\n|c| ericmont|No sabe\n|\n|t:|1699718984\n|move|p1a: weavile(?|Close Combat|p2a: Tyranitar\n|-supereffective|p2a: Tyranitar\n|-damage|p2a: Tyranitar|0 fnt\n|-unboost|p1a: weavile(?|def|1\n|-unboost|p1a: weavile(?|spd|1\n|faint|p2a: Tyranitar\n|\n|-weather|Sandstorm|[upkeep]\n|-damage|p1a: weavile(?|89\/100|[from] Sandstorm\n|upkeep\n|c| Sylveon(404)|xdx\n|\n|t:|1699719003\n|switch|p2a: Typhlosion|Typhlosion-Hisui, M|35\/100\n|-item|p1a: weavile(?|Grassy Seed|[from] ability: Frisk|[of] p2a: Typhlosion|[identify]\n|turn|21\n|c| matu 1402|Cambia\n|c|\u2606Fabrizio8|dejen a sair\n|c| matu 1402|Cambi\n|c| ericmont|Reveal fling\n|c| PeppsiAsiEs|no se puede hacer coach chicos\n|\n|t:|1699719038\n|move|p1a: weavile(?|Dire Claw|p2a: Typhlosion\n|-resisted|p2a: Typhlosion\n|-damage|p2a: Typhlosion|9\/100\n|move|p2a: Typhlosion|Focus Blast|p1a: weavile(?\n|-supereffective|p1a: weavile(?\n|-damage|p1a: weavile(?|0 fnt\n|faint|p1a: weavile(?\n|\n|-weather|Sandstorm|[upkeep]\n|-damage|p2a: Typhlosion|3\/100|[from] Sandstorm\n|upkeep\n|c| matu 1402|Bueno\n|\n|t:|1699719049\n|switch|p1a: Corviknight|Corviknight, M, shiny|99\/100\n|turn|22\n|c| matu 1402|Dios Fabri\n|c|\u2606Fabrizio8|ni puedo pegarle\n|c| ericmont|Es specs?\n|\n|t:|1699719064\n|move|p2a: Typhlosion|Focus Blast|p1a: Corviknight|[miss]\n|-miss|p2a: Typhlosion|p1a: Corviknight\n|move|p1a: Corviknight|Iron Defense|p1a: Corviknight\n|-boost|p1a: Corviknight|def|2\n|\n|-weather|Sandstorm|[upkeep]\n|-damage|p2a: Typhlosion|0 fnt|[from] Sandstorm\n|faint|p2a: Typhlosion\n|upkeep\n|c| ericmont|Era specs\n|\n|t:|1699719077\n|switch|p2a: Slowking|Slowking, M, shiny|72\/100\n|turn|23\n|c| lolowtf09|se puede\n|\n|t:|1699719084\n|move|p1a: Corviknight|Body Press|p2a: Slowking\n|-resisted|p2a: Slowking\n|-damage|p2a: Slowking|46\/100\n|move|p2a: Slowking|Yawn|p1a: Corviknight\n|-start|p1a: Corviknight|move: Yawn|[of] p2a: Slowking\n|\n|-weather|none\n|upkeep\n|turn|24\n|c| ericmont|Pero pq no cambioooo\n|c| matu 1402|Rezo que no le queme\n|\n|t:|1699719099\n|move|p1a: Corviknight|Body Press|p2a: Slowking\n|-resisted|p2a: Slowking\n|-damage|p2a: Slowking|21\/100\n|move|p2a: Slowking|Hydro Pump|p1a: Corviknight\n|-damage|p1a: Corviknight|50\/100\n|\n|-end|p1a: Corviknight|move: Yawn|[silent]\n|-status|p1a: Corviknight|slp\n|upkeep\n|turn|25\n|\n|t:|1699719111\n|cant|p1a: Corviknight|slp\n|move|p2a: Slowking|Hydro Pump|p1a: Corviknight\n|-damage|p1a: Corviknight|0 fnt\n|faint|p1a: Corviknight\n|\n|win|Sai4rr\n|c| ericmont|Despierta\n|c| lolowtf09|gg\n|c| PeppsiAsiEs|GG\n|c| Void280|ggs\n|c| Sylveon(404)|ggs\n","uploadtime":1699719120,"views":8,"p1id":"fabrizio8","p2id":"sai4rr","formatid":"gen9nationaldex","rating":0,"private":0,"password":""}