{"id":"gen9nationaldex-1990015633","p1":"I like bug alots","p2":"SpecsGastr0","format":"[Gen 9] National Dex","log":"|j|\u2606I like bug alots\n|j|\u2606SpecsGastr0\n|t:|1699915604\n|gametype|singles\n|player|p1|I like bug alots|elesa|1358\n|player|p2|SpecsGastr0|colress|1246\n|teamsize|p1|6\n|teamsize|p2|6\n|gen|9\n|tier|[Gen 9] National Dex\n|rated|\n|rule|HP Percentage Mod: HP is shown in percentages\n|rule|Endless Battle Clause: Forcing endless battles is banned\n|rule|OHKO Clause: OHKO moves are banned\n|rule|Evasion Clause: Evasion abilities, items, and moves are banned\n|rule|Evasion Abilities Clause: Evasion abilities are banned\n|rule|Evasion Items Clause: Evasion items are banned\n|rule|Evasion Moves Clause: Evasion moves are banned\n|rule|Species Clause: Limit one of each Pok\u00e9mon\n|rule|Sleep Clause Mod: Limit one foe put to sleep\n|clearpoke\n|poke|p1|Kleavor, M|\n|poke|p1|Volcarona, M|\n|poke|p1|Araquanid, M|\n|poke|p1|Pinsir, M|\n|poke|p1|Yanmega, M|\n|poke|p1|Rabsca, M|\n|poke|p2|Golisopod, M|\n|poke|p2|Lucario, M|\n|poke|p2|Hitmontop, M|\n|poke|p2|Torterra, M|\n|poke|p2|Samurott-Hisui, M|\n|poke|p2|Flygon, F|\n|teampreview\n|c|\u2606I like bug alots|nice bugs bro\n|c|\u2606SpecsGastr0|your bugs are splendid as well\n|\n|t:|1699915640\n|start\n|switch|p1a: Araquanid|Araquanid, M|100\/100\n|switch|p2a: Sensei's Divining|Hitmontop, M|100\/100\n|-ability|p2a: Sensei's Divining|Intimidate|boost\n|-unboost|p1a: Araquanid|atk|1\n|turn|1\n|c|\u2606I like bug alots|thanky\n|\n|t:|1699915649\n|move|p2a: Sensei's Divining|Fake Out|p1a: Araquanid\n|-damage|p1a: Araquanid|88\/100\n|cant|p1a: Araquanid|flinch\n|\n|upkeep\n|turn|2\n|\n|t:|1699915655\n|move|p2a: Sensei's Divining|High Jump Kick|p1a: Araquanid\n|-resisted|p1a: Araquanid\n|-damage|p1a: Araquanid|59\/100\n|move|p1a: Araquanid|Sticky Web|p2a: Sensei's Divining\n|-sidestart|p2: SpecsGastr0|move: Sticky Web\n|\n|upkeep\n|turn|3\n|\n|t:|1699915660\n|move|p2a: Sensei's Divining|Rapid Spin|p1a: Araquanid\n|-damage|p1a: Araquanid|45\/100\n|-boost|p2a: Sensei's Divining|spe|1\n|-enditem|p1a: Araquanid|Mirror Herb\n|-boost|p1a: Araquanid|spe|1|[from] item: Mirror Herb\n|-sideend|p2: SpecsGastr0|Sticky Web|[from] move: Rapid Spin|[of] p2a: Sensei's Divining\n|move|p1a: Araquanid|Liquidation|p2a: Sensei's Divining\n|-damage|p2a: Sensei's Divining|58\/100\n|-unboost|p2a: Sensei's Divining|def|1\n|\n|upkeep\n|turn|4\n|\n|t:|1699915670\n|move|p2a: Sensei's Divining|High Jump Kick|p1a: Araquanid\n|-resisted|p1a: Araquanid\n|-damage|p1a: Araquanid|15\/100\n|move|p1a: Araquanid|Leech Life|p2a: Sensei's Divining\n|-resisted|p2a: Sensei's Divining\n|-damage|p2a: Sensei's Divining|43\/100\n|-heal|p1a: Araquanid|22\/100|[from] drain|[of] p2a: Sensei's Divining\n|\n|upkeep\n|turn|5\n|\n|t:|1699915680\n|move|p2a: Sensei's Divining|High Jump Kick|p1a: Araquanid\n|-resisted|p1a: Araquanid\n|-damage|p1a: Araquanid|0 fnt\n|faint|p1a: Araquanid\n|\n|upkeep\n|\n|t:|1699915703\n|switch|p1a: Yanmega|Yanmega, M|100\/100\n|turn|6\n|\n|t:|1699915712\n|switch|p2a: Allegations|Lucario, M|100\/100\n|move|p1a: Yanmega|Detect||[still]\n|-fail|p1a: Yanmega\n|\n|-ability|p1a: Yanmega|Speed Boost|boost\n|-boost|p1a: Yanmega|spe|1\n|upkeep\n|turn|7\n|\n|t:|1699915721\n|-terastallize|p1a: Yanmega|Ground\n|move|p1a: Yanmega|Bug Buzz|p2a: Allegations\n|-resisted|p2a: Allegations\n|-damage|p2a: Allegations|80\/100\n|-enditem|p1a: Yanmega|Throat Spray\n|-boost|p1a: Yanmega|spa|1|[from] item: Throat Spray\n|move|p2a: Allegations|Flash Cannon|p1a: Yanmega\n|-damage|p1a: Yanmega|35\/100\n|\n|-ability|p1a: Yanmega|Speed Boost|boost\n|-boost|p1a: Yanmega|spe|1\n|upkeep\n|turn|8\n|\n|t:|1699915745\n|switch|p2a: Gumi|Flygon, F|100\/100\n|move|p1a: Yanmega|Tera Blast|p2a: Gumi|[anim] Tera Blast Ground\n|-immune|p2a: Gumi|[from] ability: Levitate\n|\n|-ability|p1a: Yanmega|Speed Boost|boost\n|-boost|p1a: Yanmega|spe|1\n|upkeep\n|turn|9\n|\n|t:|1699915753\n|move|p1a: Yanmega|Bug Buzz|p2a: Gumi\n|-damage|p2a: Gumi|5\/100\n|move|p2a: Gumi|Boomburst|p1a: Yanmega\n|-damage|p1a: Yanmega|0 fnt\n|faint|p1a: Yanmega\n|\n|upkeep\n|\n|t:|1699915757\n|switch|p1a: Pinsir|Pinsir, M|100\/100\n|turn|10\n|\n|t:|1699915763\n|move|p1a: Pinsir|Quick Attack|p2a: Gumi\n|-damage|p2a: Gumi|0 fnt\n|faint|p2a: Gumi\n|-ability|p1a: Pinsir|Moxie|boost\n|-boost|p1a: Pinsir|atk|1\n|\n|upkeep\n|\n|t:|1699915779\n|switch|p2a: Sensei's Divining|Hitmontop, M|43\/100\n|-ability|p2a: Sensei's Divining|Intimidate|boost\n|-unboost|p1a: Pinsir|atk|1\n|turn|11\n|\n|t:|1699915794\n|move|p2a: Sensei's Divining|Fake Out|p1a: Pinsir\n|-damage|p1a: Pinsir|84\/100\n|cant|p1a: Pinsir|flinch\n|\n|upkeep\n|turn|12\n|\n|t:|1699915808\n|switch|p2a: Allegations|Lucario, M|80\/100\n|move|p1a: Pinsir|Return|p2a: Allegations\n|-resisted|p2a: Allegations\n|-damage|p2a: Allegations|47\/100\n|\n|upkeep\n|turn|13\n|\n|t:|1699915826\n|switch|p1a: Rabsca|Rabsca, M|100\/100\n|move|p2a: Allegations|Flash Cannon|p1a: Rabsca\n|-damage|p1a: Rabsca|67\/100\n|\n|-heal|p1a: Rabsca|73\/100|[from] item: Leftovers\n|upkeep\n|turn|14\n|\n|t:|1699915845\n|switch|p2a: Brave Sir Robin|Golisopod, M|100\/100\n|move|p1a: Rabsca|Calm Mind|p1a: Rabsca\n|-boost|p1a: Rabsca|spa|1\n|-boost|p1a: Rabsca|spd|1\n|\n|-heal|p1a: Rabsca|80\/100|[from] item: Leftovers\n|upkeep\n|turn|15\n|\n|t:|1699915853\n|move|p2a: Brave Sir Robin|First Impression|p1a: Rabsca\n|-supereffective|p1a: Rabsca\n|-damage|p1a: Rabsca|0 fnt\n|faint|p1a: Rabsca\n|\n|upkeep\n|\n|t:|1699915863\n|switch|p1a: Pinsir|Pinsir, M|84\/100\n|turn|16\n|\n|t:|1699915867\n|switch|p2a: Sensei's Divining|Hitmontop, M|43\/100\n|-ability|p2a: Sensei's Divining|Intimidate|boost\n|-unboost|p1a: Pinsir|atk|1\n|detailschange|p1a: Pinsir|Pinsir-Mega, M\n|-mega|p1a: Pinsir|Pinsir|Pinsirite\n|move|p1a: Pinsir|Swords Dance|p1a: Pinsir\n|-boost|p1a: Pinsir|atk|2\n|\n|upkeep\n|turn|17\n|\n|t:|1699915875\n|move|p2a: Sensei's Divining|Fake Out|p1a: Pinsir\n|-damage|p1a: Pinsir|70\/100\n|cant|p1a: Pinsir|flinch\n|\n|upkeep\n|turn|18\n|\n|t:|1699915885\n|move|p1a: Pinsir|Swords Dance|p1a: Pinsir\n|-boost|p1a: Pinsir|atk|2\n|move|p2a: Sensei's Divining|Triple Axel|p1a: Pinsir\n|-supereffective|p1a: Pinsir\n|-damage|p1a: Pinsir|56\/100\n|-supereffective|p1a: Pinsir\n|-damage|p1a: Pinsir|30\/100\n|-supereffective|p1a: Pinsir\n|-damage|p1a: Pinsir|0 fnt\n|faint|p1a: Pinsir\n|-hitcount|p1: Pinsir|3\n|\n|upkeep\n|c|\u2606I like bug alots|noooooooooooooaaaaaaaaaaaaaaaaaaaaaaaaa\n|\n|t:|1699915898\n|switch|p1a: Volcarona|Volcarona, M|100\/100\n|turn|19\n|c|\u2606SpecsGastr0|for what it's worth you played that pinsir really well\n|\n|t:|1699915921\n|switch|p2a: 25 Turns|Samurott-Hisui, M|100\/100\n|move|p1a: Volcarona|Quiver Dance|p1a: Volcarona\n|-boost|p1a: Volcarona|spa|1\n|-boost|p1a: Volcarona|spd|1\n|-boost|p1a: Volcarona|spe|1\n|\n|upkeep\n|turn|20\n|c|\u2606I like bug alots|true\n|c|\u2606I like bug alots|very real\n|\n|t:|1699915942\n|-terastallize|p2a: 25 Turns|Water\n|move|p2a: 25 Turns|Razor Shell|p1a: Volcarona\n|-supereffective|p1a: Volcarona\n|-damage|p1a: Volcarona|0 fnt\n|-status|p2a: 25 Turns|brn|[from] ability: Flame Body|[of] p1a: Volcarona\n|faint|p1a: Volcarona\n|\n|-damage|p2a: 25 Turns|94\/100 brn|[from] brn\n|upkeep\n|\n|t:|1699915947\n|switch|p1a: Kleavor|Kleavor, M|100\/100\n|turn|21\n|\n|t:|1699915954\n|move|p2a: 25 Turns|Razor Shell|p1a: Kleavor|[miss]\n|-miss|p2a: 25 Turns|p1a: Kleavor\n|move|p1a: Kleavor|Stone Axe|p2a: 25 Turns\n|-damage|p2a: 25 Turns|27\/100 brn\n|-sidestart|p2: SpecsGastr0|move: Stealth Rock\n|\n|-damage|p2a: 25 Turns|20\/100 brn|[from] brn\n|upkeep\n|turn|22\n|\n|t:|1699915964\n|move|p2a: 25 Turns|Razor Shell|p1a: Kleavor\n|-supereffective|p1a: Kleavor\n|-damage|p1a: Kleavor|9\/100\n|move|p1a: Kleavor|Stone Axe|p2a: 25 Turns\n|-damage|p2a: 25 Turns|0 fnt\n|faint|p2a: 25 Turns\n|\n|upkeep\n|c|\u2606I like bug alots|no way\n|\n|t:|1699915971\n|switch|p2a: Brave Sir Robin|Golisopod, M|100\/100\n|-damage|p2a: Brave Sir Robin|76\/100|[from] Stealth Rock\n|turn|23\n|c|\u2606SpecsGastr0|sharpness goes crazy\n|\n|t:|1699915989\n|move|p2a: Brave Sir Robin|Aqua Jet|p1a: Kleavor\n|-supereffective|p1a: Kleavor\n|-damage|p1a: Kleavor|0 fnt\n|faint|p1a: Kleavor\n|\n|win|SpecsGastr0\n|raw|I like bug alots's rating: 1358 &rarr; <strong>1332<\/strong><br \/>(-26 for losing)\n|raw|SpecsGastr0's rating: 1246 &rarr; <strong>1279<\/strong><br \/>(+33 for winning)\n|c|\u2606SpecsGastr0|ggs man\n|c|\u2606I like bug alots|gg\n|l|\u2606I like bug alots\n","uploadtime":1699916013,"views":6,"p1id":"ilikebugalots","p2id":"specsgastr0","formatid":"gen9nationaldex","rating":1279,"private":0,"password":""}