{"id":"gen9nationaldex-1999843814","p1":"abbyboob","p2":"LipeZero","format":"[Gen 9] National Dex","log":"|html|<div class=\"broadcast-blue\"><strong>[Gen 9] National Dex is currently suspecting Sneasler! For information on how to participate check out the <a href=\"https:\/\/www.smogon.com\/forums\/threads\/sv-national-dex-suspect-8-just-dance.3731534\/\">suspect thread<\/a>.<\/strong><\/div>\n|j|\u2606abbyboob\n|j|\u2606LipeZero\n|t:|1701122009\n|gametype|singles\n|player|p1|abbyboob|clerkf|1263\n|player|p2|LipeZero|n|1247\n|teamsize|p1|6\n|teamsize|p2|6\n|gen|9\n|tier|[Gen 9] National Dex\n|rated|\n|rule|HP Percentage Mod: HP is shown in percentages\n|rule|Endless Battle Clause: Forcing endless battles is banned\n|rule|OHKO Clause: OHKO moves are banned\n|rule|Evasion Clause: Evasion abilities, items, and moves are banned\n|rule|Evasion Abilities Clause: Evasion abilities are banned\n|rule|Evasion Items Clause: Evasion items are banned\n|rule|Evasion Moves Clause: Evasion moves are banned\n|rule|Species Clause: Limit one of each Pok\u00e9mon\n|rule|Sleep Clause Mod: Limit one foe put to sleep\n|clearpoke\n|poke|p1|Pelipper, M|\n|poke|p1|Swampert, M|\n|poke|p1|Greninja-*, M|\n|poke|p1|Manaphy|\n|poke|p1|Ferrothorn, M|\n|poke|p1|Clefable, F|\n|poke|p2|Torkoal, M|\n|poke|p2|Infernape, M|\n|poke|p2|Scizor, F|\n|poke|p2|Gallade, M|\n|poke|p2|Ogerpon-Cornerstone, F|\n|poke|p2|Houndoom, F|\n|teampreview\n|inactive|Battle timer is ON: inactive players will automatically lose when time's up. (requested by LipeZero)\n|\n|t:|1701122020\n|start\n|switch|p1a: Pelipper|Pelipper, M|100\/100\n|switch|p2a: Vagabunda|Scizor, F, shiny|100\/100\n|-weather|RainDance|[from] ability: Drizzle|[of] p1a: Pelipper\n|turn|1\n|\n|t:|1701122029\n|move|p1a: Pelipper|U-turn|p2a: Vagabunda\n|-resisted|p2a: Vagabunda\n|-damage|p2a: Vagabunda|95\/100\n|\n|t:|1701122034\n|switch|p1a: Ferrothorn|Ferrothorn, M|100\/100|[from] U-turn\n|move|p2a: Vagabunda|Trailblaze|p1a: Ferrothorn\n|-resisted|p1a: Ferrothorn\n|-damage|p1a: Ferrothorn|95\/100\n|-boost|p2a: Vagabunda|spe|1\n|-damage|p2a: Vagabunda|83\/100|[from] ability: Iron Barbs|[of] p1a: Ferrothorn\n|-damage|p2a: Vagabunda|73\/100|[from] item: Life Orb\n|\n|-weather|RainDance|[upkeep]\n|-heal|p1a: Ferrothorn|100\/100|[from] item: Leftovers\n|upkeep\n|turn|2\n|\n|t:|1701122060\n|switch|p2a: Mascaradinha|Ogerpon-Cornerstone, F|100\/100\n|move|p1a: Ferrothorn|Knock Off|p2a: Mascaradinha\n|-damage|p2a: Mascaradinha|81\/100\n|\n|-weather|RainDance|[upkeep]\n|upkeep\n|turn|3\n|\n|t:|1701122070\n|move|p2a: Mascaradinha|Spiky Shield|p2a: Mascaradinha\n|-singleturn|p2a: Mascaradinha|move: Protect\n|move|p1a: Ferrothorn|Power Whip|p2a: Mascaradinha\n|-activate|p2a: Mascaradinha|move: Protect\n|-damage|p1a: Ferrothorn|88\/100|[from] Spiky Shield|[of] p2a: Mascaradinha\n|\n|-weather|RainDance|[upkeep]\n|-heal|p1a: Ferrothorn|94\/100|[from] item: Leftovers\n|upkeep\n|turn|4\n|\n|t:|1701122081\n|move|p2a: Mascaradinha|Stomping Tantrum|p1a: Ferrothorn\n|-damage|p1a: Ferrothorn|74\/100\n|-damage|p2a: Mascaradinha|69\/100|[from] ability: Iron Barbs|[of] p1a: Ferrothorn\n|move|p1a: Ferrothorn|Power Whip|p2a: Mascaradinha\n|-damage|p2a: Mascaradinha|16\/100\n|\n|-weather|RainDance|[upkeep]\n|-heal|p1a: Ferrothorn|80\/100|[from] item: Leftovers\n|upkeep\n|turn|5\n|\n|t:|1701122091\n|move|p2a: Mascaradinha|Trailblaze|p1a: Ferrothorn\n|-resisted|p1a: Ferrothorn\n|-damage|p1a: Ferrothorn|75\/100\n|-boost|p2a: Mascaradinha|spe|1\n|-damage|p2a: Mascaradinha|4\/100|[from] ability: Iron Barbs|[of] p1a: Ferrothorn\n|move|p1a: Ferrothorn|Power Whip|p2a: Mascaradinha\n|-damage|p2a: Mascaradinha|0 fnt\n|faint|p2a: Mascaradinha\n|\n|-weather|RainDance|[upkeep]\n|-heal|p1a: Ferrothorn|81\/100|[from] item: Leftovers\n|upkeep\n|\n|t:|1701122104\n|switch|p2a: Sun|Infernape, M|100\/100\n|turn|6\n|\n|t:|1701122116\n|switch|p1a: Clefable|Clefable, F|100\/100\n|move|p2a: Sun|Drain Punch|p1a: Clefable\n|-resisted|p1a: Clefable\n|-damage|p1a: Clefable|78\/100\n|\n|-weather|RainDance|[upkeep]\n|-heal|p1a: Clefable|84\/100|[from] item: Leftovers\n|upkeep\n|turn|7\n|\n|t:|1701122126\n|switch|p2a: Rafael|Torkoal, M|100\/100\n|-weather|SunnyDay|[from] ability: Drought|[of] p2a: Rafael\n|move|p1a: Clefable|Moonblast|p2a: Rafael\n|-resisted|p2a: Rafael\n|-damage|p2a: Rafael|83\/100\n|-unboost|p2a: Rafael|spa|1\n|\n|-weather|SunnyDay|[upkeep]\n|-heal|p1a: Clefable|90\/100|[from] item: Leftovers\n|upkeep\n|turn|8\n|\n|t:|1701122139\n|switch|p1a: Pelipper|Pelipper, M|100\/100\n|-weather|RainDance|[from] ability: Drizzle|[of] p1a: Pelipper\n|move|p2a: Rafael|Stealth Rock|p1a: Pelipper\n|-sidestart|p1: abbyboob|move: Stealth Rock\n|\n|-weather|RainDance|[upkeep]\n|upkeep\n|turn|9\n|\n|t:|1701122147\n|switch|p2a: Sun|Infernape, M|100\/100\n|move|p1a: Pelipper|Defog|p2a: Sun\n|-unboost|p2a: Sun|evasion|1\n|-sideend|p1: abbyboob|Stealth Rock|[from] move: Defog|[of] p1a: Pelipper\n|\n|-weather|RainDance|[upkeep]\n|upkeep\n|turn|10\n|\n|t:|1701122161\n|move|p2a: Sun|Thunder Punch|p1a: Pelipper\n|-supereffective|p1a: Pelipper\n|-damage|p1a: Pelipper|0 fnt\n|faint|p1a: Pelipper\n|\n|-weather|RainDance|[upkeep]\n|upkeep\n|\n|t:|1701122165\n|switch|p1a: Swampert|Swampert, M|100\/100\n|turn|11\n|\n|t:|1701122171\n|switch|p2a: Rafael|Torkoal, M|83\/100\n|-weather|SunnyDay|[from] ability: Drought|[of] p2a: Rafael\n|detailschange|p1a: Swampert|Swampert-Mega, M\n|-mega|p1a: Swampert|Swampert|Swampertite\n|move|p1a: Swampert|Earthquake|p2a: Rafael\n|-supereffective|p2a: Rafael\n|-damage|p2a: Rafael|0 fnt\n|faint|p2a: Rafael\n|\n|-weather|SunnyDay|[upkeep]\n|upkeep\n|\n|t:|1701122187\n|switch|p2a: Ludimilo|Gallade, M|100\/100\n|turn|12\n|\n|t:|1701122201\n|switch|p1a: Clefable|Clefable, F|90\/100\n|move|p2a: Ludimilo|Solar Blade||[still]\n|-prepare|p2a: Ludimilo|Solar Blade\n|-anim|p2a: Ludimilo|Solar Blade|p1a: Clefable\n|-damage|p1a: Clefable|18\/100\n|\n|-weather|SunnyDay|[upkeep]\n|-heal|p1a: Clefable|24\/100|[from] item: Leftovers\n|upkeep\n|turn|13\n|\n|t:|1701122212\n|move|p1a: Clefable|Protect|p1a: Clefable\n|-singleturn|p1a: Clefable|Protect\n|move|p2a: Ludimilo|Solar Blade||[still]\n|-prepare|p2a: Ludimilo|Solar Blade\n|-anim|p2a: Ludimilo|Solar Blade|p1a: Clefable\n|-activate|p1a: Clefable|move: Protect\n|\n|-weather|SunnyDay|[upkeep]\n|-heal|p1a: Clefable|30\/100|[from] item: Leftovers\n|upkeep\n|turn|14\n|\n|t:|1701122222\n|move|p2a: Ludimilo|Solar Blade||[still]\n|-prepare|p2a: Ludimilo|Solar Blade\n|-anim|p2a: Ludimilo|Solar Blade|p1a: Clefable\n|-damage|p1a: Clefable|0 fnt\n|faint|p1a: Clefable\n|\n|-weather|SunnyDay|[upkeep]\n|upkeep\n|\n|t:|1701122228\n|switch|p1a: Greninja|Greninja, M|100\/100\n|turn|15\n|\n|t:|1701122235\n|move|p1a: Greninja|Gunk Shot|p2a: Ludimilo\n|-start|p1a: Greninja|typechange|Poison|[from] ability: Protean\n|-damage|p2a: Ludimilo|17\/100\n|-status|p2a: Ludimilo|psn\n|move|p2a: Ludimilo|Solar Blade||[still]\n|-prepare|p2a: Ludimilo|Solar Blade\n|-anim|p2a: Ludimilo|Solar Blade|p1a: Greninja\n|-resisted|p1a: Greninja\n|-damage|p1a: Greninja|39\/100\n|\n|-weather|SunnyDay|[upkeep]\n|-damage|p2a: Ludimilo|5\/100 psn|[from] psn\n|upkeep\n|turn|16\n|\n|t:|1701122248\n|move|p1a: Greninja|Gunk Shot|p2a: Ludimilo|[miss]\n|-miss|p1a: Greninja|p2a: Ludimilo\n|move|p2a: Ludimilo|Solar Blade||[still]\n|-prepare|p2a: Ludimilo|Solar Blade\n|-anim|p2a: Ludimilo|Solar Blade|p1a: Greninja\n|-resisted|p1a: Greninja\n|-damage|p1a: Greninja|0 fnt\n|faint|p1a: Greninja\n|\n|-weather|SunnyDay|[upkeep]\n|-damage|p2a: Ludimilo|0 fnt|[from] psn\n|faint|p2a: Ludimilo\n|upkeep\n|\n|t:|1701122264\n|switch|p1a: Manaphy|Manaphy, shiny|100\/100\n|switch|p2a: Kalli|Houndoom, F|100\/100\n|turn|17\n|\n|t:|1701122272\n|detailschange|p2a: Kalli|Houndoom-Mega, F\n|-mega|p2a: Kalli|Houndoom|Houndoominite\n|move|p2a: Kalli|Solar Beam||[still]\n|-prepare|p2a: Kalli|Solar Beam\n|-anim|p2a: Kalli|Solar Beam|p1a: Manaphy\n|-supereffective|p1a: Manaphy\n|-damage|p1a: Manaphy|0 fnt\n|faint|p1a: Manaphy\n|\n|-weather|SunnyDay|[upkeep]\n|-damage|p2a: Kalli|88\/100|[from] ability: Solar Power|[of] p2a: Kalli\n|upkeep\n|-message|abbyboob forfeited.\n|\n|win|LipeZero\n|raw|abbyboob's rating: 1263 &rarr; <strong>1237<\/strong><br \/>(-26 for losing)\n|raw|LipeZero's rating: 1247 &rarr; <strong>1273<\/strong><br \/>(+26 for winning)\n|l|\u2606abbyboob\n","uploadtime":1701122287,"views":8,"p1id":"abbyboob","p2id":"lipezero","formatid":"gen9nationaldex","rating":1237,"private":0,"password":""}