{"id":"gen9nationaldex-1991834163","p1":"Jinbishanshanshan","p2":"wyyxhsete","format":"[Gen 9] National Dex","log":"|j|\u2606Jinbishanshanshan\n|j|\u2606wyyxhsete\n|t:|1700125538\n|gametype|singles\n|player|p1|Jinbishanshanshan|lillie-z|1362\n|player|p2|wyyxhsete|dawn-gen4pt|1329\n|teamsize|p1|6\n|teamsize|p2|6\n|gen|9\n|tier|[Gen 9] National Dex\n|rated|\n|rule|HP Percentage Mod: HP is shown in percentages\n|rule|Endless Battle Clause: Forcing endless battles is banned\n|rule|OHKO Clause: OHKO moves are banned\n|rule|Evasion Clause: Evasion abilities, items, and moves are banned\n|rule|Evasion Abilities Clause: Evasion abilities are banned\n|rule|Evasion Items Clause: Evasion items are banned\n|rule|Evasion Moves Clause: Evasion moves are banned\n|rule|Species Clause: Limit one of each Pok\u00e9mon\n|rule|Sleep Clause Mod: Limit one foe put to sleep\n|clearpoke\n|poke|p1|Rillaboom, F|\n|poke|p1|Heatran, F|\n|poke|p1|Urshifu-*, F|\n|poke|p1|Slowking-Galar, F|\n|poke|p1|Thundurus-Therian, M|\n|poke|p1|Weezing-Galar, F|\n|poke|p2|Banette, F|\n|poke|p2|Sneasler, M|\n|poke|p2|Tapu Lele|\n|poke|p2|Glimmora, F|\n|poke|p2|Sandy Shocks|\n|poke|p2|Rillaboom, F|\n|teampreview\n|inactive|Battle timer is ON: inactive players will automatically lose when time's up. (requested by wyyxhsete)\n|inactive|Jinbishanshanshan has 120 seconds left.\n|\n|t:|1700125595\n|start\n|switch|p1a: Thundurus|Thundurus-Therian, M|100\/100\n|switch|p2a: Glimmora|Glimmora, F|100\/100\n|turn|1\n|\n|t:|1700125608\n|move|p1a: Thundurus|Volt Switch|p2a: Glimmora\n|-damage|p2a: Glimmora|49\/100\n|\n|t:|1700125626\n|switch|p1a: Urshifu|Urshifu-Rapid-Strike, F|100\/100|[from] Volt Switch\n|move|p2a: Glimmora|Power Gem|p1a: Urshifu\n|-resisted|p1a: Urshifu\n|-damage|p1a: Urshifu|66\/100\n|\n|upkeep\n|turn|2\n|\n|t:|1700125637\n|move|p1a: Urshifu|Surging Strikes|p2a: Glimmora\n|-supereffective|p2a: Glimmora\n|-crit|p2a: Glimmora\n|-damage|p2a: Glimmora|0 fnt\n|-activate|p2a: Glimmora|ability: Toxic Debris\n|-sidestart|p1: Jinbishanshanshan|move: Toxic Spikes\n|faint|p2a: Glimmora\n|-hitcount|p2: Glimmora|1\n|\n|upkeep\n|\n|t:|1700125644\n|switch|p2a: Rillaboom|Rillaboom, F|100\/100\n|-fieldstart|move: Grassy Terrain|[from] ability: Grassy Surge|[of] p2a: Rillaboom\n|turn|3\n|\n|t:|1700125651\n|switch|p1a: Weezing|Weezing-Galar, F|100\/100\n|-ability|p1a: Weezing|Neutralizing Gas\n|-sideend|p1: Jinbishanshanshan|move: Toxic Spikes|[of] p1a: Weezing\n|move|p2a: Rillaboom|U-turn|p1a: Weezing\n|-resisted|p1a: Weezing\n|-damage|p1a: Weezing|95\/100\n|\n|t:|1700125666\n|switch|p2a: Tapu Lele|Tapu Lele, shiny|100\/100|[from] U-turn\n|\n|-heal|p1a: Weezing|100\/100|[from] Grassy Terrain\n|upkeep\n|turn|4\n|\n|t:|1700125694\n|switch|p2a: Rillaboom|Rillaboom, F|100\/100\n|-end|p1a: Weezing|ability: Neutralizing Gas\n|switch|p1a: Heatran|Heatran, F|100\/100\n|\n|upkeep\n|turn|5\n|\n|t:|1700125715\n|move|p2a: Rillaboom|U-turn|p1a: Heatran\n|-resisted|p1a: Heatran\n|-damage|p1a: Heatran|93\/100\n|\n|t:|1700125722\n|switch|p2a: Banette|Banette, F|100\/100|[from] U-turn\n|-item|p1a: Heatran|Leftovers|[from] ability: Frisk|[of] p2a: Banette|[identify]\n|move|p1a: Heatran|Stealth Rock|p2a: Banette\n|-sidestart|p2: wyyxhsete|move: Stealth Rock\n|\n|-heal|p1a: Heatran|99\/100|[from] Grassy Terrain\n|-heal|p1a: Heatran|100\/100|[from] item: Leftovers\n|upkeep\n|turn|6\n|\n|t:|1700125738\n|detailschange|p2a: Banette|Banette-Mega, F\n|-mega|p2a: Banette|Banette|Banettite\n|move|p2a: Banette|Poltergeist|p1a: Heatran\n|-activate|p1a: Heatran|move: Poltergeist|Leftovers\n|-damage|p1a: Heatran|35\/100\n|move|p1a: Heatran|Magma Storm|p2a: Banette\n|-damage|p2a: Banette|47\/100\n|-activate|p2a: Banette|move: Magma Storm|[of] p1a: Heatran\n|\n|-heal|p2a: Banette|53\/100|[from] Grassy Terrain\n|-heal|p1a: Heatran|41\/100|[from] Grassy Terrain\n|-heal|p1a: Heatran|47\/100|[from] item: Leftovers\n|-damage|p2a: Banette|41\/100|[from] move: Magma Storm|[partiallytrapped]\n|upkeep\n|turn|7\n|inactive|Jinbishanshanshan has 120 seconds left.\n|\n|t:|1700125764\n|switch|p1a: Weezing|Weezing-Galar, F|100\/100\n|-ability|p1a: Weezing|Neutralizing Gas\n|move|p2a: Banette|Poltergeist|p1a: Weezing\n|-activate|p1a: Weezing|move: Poltergeist|Leftovers\n|-crit|p1a: Weezing\n|-damage|p1a: Weezing|25\/100\n|\n|-heal|p2a: Banette|47\/100|[from] Grassy Terrain\n|-heal|p1a: Weezing|31\/100|[from] Grassy Terrain\n|-heal|p1a: Weezing|37\/100|[from] item: Leftovers\n|-end|p2a: Banette|Magma Storm|[partiallytrapped]|[silent]\n|-fieldend|move: Grassy Terrain\n|upkeep\n|turn|8\n|inactive|Jinbishanshanshan has 120 seconds left.\n|\n|t:|1700125775\n|move|p2a: Banette|Poltergeist|p1a: Weezing\n|-activate|p1a: Weezing|move: Poltergeist|Leftovers\n|-damage|p1a: Weezing|0 fnt\n|faint|p1a: Weezing\n|-end|p1a: Weezing|ability: Neutralizing Gas\n|\n|upkeep\n|\n|t:|1700125798\n|switch|p1a: Thundurus|Thundurus-Therian, M|100\/100\n|turn|9\n|\n|t:|1700125805\n|move|p2a: Banette|Destiny Bond|p2a: Banette\n|-singlemove|p2a: Banette|Destiny Bond\n|move|p1a: Thundurus|Volt Switch|p2a: Banette\n|-damage|p2a: Banette|0 fnt\n|faint|p2a: Banette\n|-activate|p2a: Banette|move: Destiny Bond\n|faint|p1a: Thundurus\n|\n|upkeep\n|\n|t:|1700125815\n|switch|p1a: Urshifu|Urshifu-Rapid-Strike, F|66\/100\n|switch|p2a: Rillaboom|Rillaboom, F|100\/100\n|-damage|p2a: Rillaboom|88\/100|[from] Stealth Rock\n|-fieldstart|move: Grassy Terrain|[from] ability: Grassy Surge|[of] p2a: Rillaboom\n|turn|10\n|\n|t:|1700125831\n|move|p1a: Urshifu|U-turn|p2a: Rillaboom\n|-supereffective|p2a: Rillaboom\n|-damage|p2a: Rillaboom|5\/100\n|\n|t:|1700125841\n|switch|p1a: Heatran|Heatran, F|47\/100|[from] U-turn\n|move|p2a: Rillaboom|High Horsepower|p1a: Heatran\n|-supereffective|p1a: Heatran\n|-damage|p1a: Heatran|0 fnt\n|faint|p1a: Heatran\n|\n|-heal|p2a: Rillaboom|11\/100|[from] Grassy Terrain\n|upkeep\n|\n|t:|1700125845\n|switch|p1a: Rillaboom|Rillaboom, F|100\/100\n|turn|11\n|\n|t:|1700125858\n|switch|p2a: Sandy Shocks|Sandy Shocks|100\/100\n|-damage|p2a: Sandy Shocks|94\/100|[from] Stealth Rock\n|-enditem|p2a: Sandy Shocks|Booster Energy\n|-activate|p2a: Sandy Shocks|ability: Protosynthesis|[fromitem]\n|-start|p2a: Sandy Shocks|protosynthesisspe\n|move|p1a: Rillaboom|U-turn|p2a: Sandy Shocks\n|-damage|p2a: Sandy Shocks|51\/100\n|\n|t:|1700125873\n|switch|p1a: Urshifu|Urshifu-Rapid-Strike, F|66\/100|[from] U-turn\n|\n|-heal|p2a: Sandy Shocks|57\/100|[from] Grassy Terrain\n|-heal|p1a: Urshifu|72\/100|[from] Grassy Terrain\n|upkeep\n|turn|12\n|\n|t:|1700125880\n|switch|p1a: Rillaboom|Rillaboom, F|100\/100\n|move|p2a: Sandy Shocks|Thunderbolt|p1a: Rillaboom\n|-resisted|p1a: Rillaboom\n|-damage|p1a: Rillaboom|73\/100\n|\n|-heal|p2a: Sandy Shocks|64\/100|[from] Grassy Terrain\n|-heal|p1a: Rillaboom|79\/100|[from] Grassy Terrain\n|upkeep\n|turn|13\n|\n|t:|1700125899\n|move|p2a: Sandy Shocks|Tera Blast|p1a: Rillaboom\n|-damage|p1a: Rillaboom|42\/100\n|move|p1a: Rillaboom|Wood Hammer|p2a: Sandy Shocks\n|-supereffective|p2a: Sandy Shocks\n|-damage|p2a: Sandy Shocks|0 fnt\n|faint|p2a: Sandy Shocks\n|-end|p2a: Sandy Shocks|Protosynthesis|[silent]\n|-damage|p1a: Rillaboom|22\/100|[from] Recoil\n|\n|-heal|p1a: Rillaboom|28\/100|[from] Grassy Terrain\n|upkeep\n|\n|t:|1700125907\n|switch|p2a: Tapu Lele|Tapu Lele, shiny|100\/100\n|-damage|p2a: Tapu Lele|88\/100|[from] Stealth Rock\n|-fieldstart|move: Psychic Terrain|[from] ability: Psychic Surge|[of] p2a: Tapu Lele\n|turn|14\n|inactive|Jinbishanshanshan has 120 seconds left.\n|\n|t:|1700125917\n|switch|p1a: Slowking|Slowking-Galar, F|100\/100\n|move|p2a: Tapu Lele|Psychic|p1a: Slowking\n|-damage|p1a: Slowking|36\/100\n|\n|upkeep\n|turn|15\n|\n|t:|1700125927\n|move|p2a: Tapu Lele|Psychic|p1a: Slowking\n|-damage|p1a: Slowking|0 fnt\n|faint|p1a: Slowking\n|\n|upkeep\n|inactive|Jinbishanshanshan has 120 seconds left.\n|\n|t:|1700125938\n|switch|p1a: Rillaboom|Rillaboom, F|28\/100\n|-fieldstart|move: Grassy Terrain|[from] ability: Grassy Surge|[of] p1a: Rillaboom\n|turn|16\n|inactive|Jinbishanshanshan has 120 seconds left.\n|\n|t:|1700125955\n|move|p2a: Tapu Lele|Psychic|p1a: Rillaboom\n|-damage|p1a: Rillaboom|0 fnt\n|faint|p1a: Rillaboom\n|\n|-heal|p2a: Tapu Lele|94\/100|[from] Grassy Terrain\n|upkeep\n|\n|t:|1700125958\n|switch|p1a: Urshifu|Urshifu-Rapid-Strike, F|72\/100\n|turn|17\n|\n|t:|1700125962\n|switch|p2a: Rillaboom|Rillaboom, F|11\/100\n|-damage|p2a: Rillaboom|0 fnt|[from] Stealth Rock\n|faint|p2a: Rillaboom\n|-terastallize|p1a: Urshifu|Water\n|move|p1a: Urshifu|Surging Strikes|p2: Rillaboom|[notarget]\n|-fail|p1a: Urshifu\n|\n|-heal|p1a: Urshifu|79\/100|[from] Grassy Terrain\n|upkeep\n|\n|t:|1700125967\n|switch|p2a: Tapu Lele|Tapu Lele, shiny|94\/100\n|-damage|p2a: Tapu Lele|82\/100|[from] Stealth Rock\n|-fieldstart|move: Psychic Terrain|[from] ability: Psychic Surge|[of] p2a: Tapu Lele\n|turn|18\n|\n|t:|1700125972\n|move|p1a: Urshifu|Surging Strikes|p2a: Tapu Lele\n|-crit|p2a: Tapu Lele\n|-damage|p2a: Tapu Lele|23\/100\n|-crit|p2a: Tapu Lele\n|-damage|p2a: Tapu Lele|0 fnt\n|faint|p2a: Tapu Lele\n|-hitcount|p2: Tapu Lele|2\n|\n|upkeep\n|\n|t:|1700125975\n|switch|p2a: Sneasler|Sneasler, M|100\/100\n|-damage|p2a: Sneasler|95\/100|[from] Stealth Rock\n|-enditem|p2a: Sneasler|Psychic Seed\n|-boost|p2a: Sneasler|spd|1|[from] item: Psychic Seed\n|turn|19\n|\n|t:|1700125985\n|-terastallize|p2a: Sneasler|Flying\n|move|p2a: Sneasler|Close Combat|p1a: Urshifu\n|-damage|p1a: Urshifu|4\/100\n|-unboost|p2a: Sneasler|def|1\n|-unboost|p2a: Sneasler|spd|1\n|move|p1a: Urshifu|Surging Strikes|p2a: Sneasler\n|-crit|p2a: Sneasler\n|-damage|p2a: Sneasler|0 fnt\n|faint|p2a: Sneasler\n|-hitcount|p2: Sneasler|1\n|\n|win|Jinbishanshanshan\n|raw|Jinbishanshanshan's rating: 1362 &rarr; <strong>1380<\/strong><br \/>(+18 for winning)\n|raw|wyyxhsete's rating: 1329 &rarr; <strong>1311<\/strong><br \/>(-18 for losing)\n|c|\u2606Jinbishanshanshan|gg\n|l|\u2606wyyxhsete\n","uploadtime":1700126086,"views":5,"p1id":"jinbishanshanshan","p2id":"wyyxhsete","formatid":"gen9nationaldex","rating":1311,"private":0,"password":""}