{"id":"gen9nationaldex-1992884747","p1":"Yami Tayori","p2":"RealDoctorBox","format":"[Gen 9] National Dex","log":"|j|\u2606Yami Tayori\n|j|\u2606RealDoctorBox\n|t:|1700243801\n|gametype|singles\n|player|p1|Yami Tayori|steven|1067\n|player|p2|RealDoctorBox|266|1094\n|teamsize|p1|6\n|teamsize|p2|6\n|gen|9\n|tier|[Gen 9] National Dex\n|rated|\n|rule|HP Percentage Mod: HP is shown in percentages\n|rule|Endless Battle Clause: Forcing endless battles is banned\n|rule|OHKO Clause: OHKO moves are banned\n|rule|Evasion Clause: Evasion abilities, items, and moves are banned\n|rule|Evasion Abilities Clause: Evasion abilities are banned\n|rule|Evasion Items Clause: Evasion items are banned\n|rule|Evasion Moves Clause: Evasion moves are banned\n|rule|Species Clause: Limit one of each Pok\u00e9mon\n|rule|Sleep Clause Mod: Limit one foe put to sleep\n|clearpoke\n|poke|p1|Flygon, F|\n|poke|p1|Mimikyu, M|\n|poke|p1|Aegislash, M|\n|poke|p1|Corviknight, M|\n|poke|p1|Sylveon, M|\n|poke|p1|Rotom-Heat|\n|poke|p2|Blaziken, M|\n|poke|p2|Garchomp, F|\n|poke|p2|Stakataka|\n|poke|p2|Dragonite, M|\n|poke|p2|Hoopa-Unbound|\n|poke|p2|Wobbuffet, M|\n|teampreview\n|\n|t:|1700243807\n|start\n|switch|p1a: Flygon|Flygon, F|100\/100\n|switch|p2a: Stakataka|Stakataka|100\/100\n|turn|1\n|\n|t:|1700243814\n|move|p1a: Flygon|Earthquake|p2a: Stakataka\n|-supereffective|p2a: Stakataka\n|-damage|p2a: Stakataka|4\/100\n|move|p2a: Stakataka|Stealth Rock|p1a: Flygon\n|-sidestart|p1: Yami Tayori|move: Stealth Rock\n|\n|-heal|p2a: Stakataka|10\/100|[from] item: Leftovers\n|upkeep\n|turn|2\n|\n|t:|1700243821\n|move|p2a: Stakataka|Protect|p2a: Stakataka\n|-singleturn|p2a: Stakataka|Protect\n|move|p1a: Flygon|Earthquake|p2a: Stakataka\n|-activate|p2a: Stakataka|move: Protect\n|\n|-heal|p2a: Stakataka|16\/100|[from] item: Leftovers\n|upkeep\n|turn|3\n|inactive|Battle timer is ON: inactive players will automatically lose when time's up. (requested by Yami Tayori)\n|\n|t:|1700243877\n|switch|p2a: Dragonite|Dragonite, M|100\/100\n|move|p1a: Flygon|Earthquake|p2a: Dragonite\n|-immune|p2a: Dragonite\n|\n|upkeep\n|turn|4\n|\n|t:|1700243885\n|switch|p1a: Rotom|Rotom-Heat|100\/100\n|-damage|p1a: Rotom|76\/100|[from] Stealth Rock\n|-terastallize|p2a: Dragonite|Dragon\n|move|p2a: Dragonite|Outrage|p1a: Rotom\n|-damage|p1a: Rotom|0 fnt\n|faint|p1a: Rotom\n|\n|upkeep\n|\n|t:|1700243891\n|switch|p1a: Sylveon|Sylveon, M|100\/100\n|-damage|p1a: Sylveon|88\/100|[from] Stealth Rock\n|turn|5\n|\n|t:|1700243909\n|move|p2a: Dragonite|Outrage|p1a: Sylveon|[from]lockedmove\n|-immune|p1a: Sylveon\n|-start|p2a: Dragonite|confusion|[fatigue]\n|move|p1a: Sylveon|Hyper Voice|p2a: Dragonite\n|-supereffective|p2a: Dragonite\n|-damage|p2a: Dragonite|0 fnt\n|faint|p2a: Dragonite\n|-enditem|p1a: Sylveon|Throat Spray\n|-boost|p1a: Sylveon|spa|1|[from] item: Throat Spray\n|\n|upkeep\n|\n|t:|1700243919\n|switch|p2a: Blaziken|Blaziken, M, shiny|100\/100\n|turn|6\n|\n|t:|1700243936\n|move|p2a: Blaziken|Swords Dance|p2a: Blaziken\n|-boost|p2a: Blaziken|atk|2\n|move|p1a: Sylveon|Psyshock|p2a: Blaziken\n|-supereffective|p2a: Blaziken\n|-enditem|p2a: Blaziken|Focus Sash\n|-damage|p2a: Blaziken|1\/100\n|\n|-ability|p2a: Blaziken|Speed Boost|boost\n|-boost|p2a: Blaziken|spe|1\n|upkeep\n|turn|7\n|\n|t:|1700243945\n|move|p1a: Sylveon|Quick Attack|p2a: Blaziken\n|-damage|p2a: Blaziken|0 fnt\n|faint|p2a: Blaziken\n|\n|upkeep\n|\n|t:|1700243952\n|switch|p2a: Stakataka|Stakataka|16\/100\n|turn|8\n|\n|t:|1700243959\n|move|p2a: Stakataka|Protect|p2a: Stakataka\n|-singleturn|p2a: Stakataka|Protect\n|move|p1a: Sylveon|Mystical Fire|p2a: Stakataka\n|-activate|p2a: Stakataka|move: Protect\n|\n|-heal|p2a: Stakataka|22\/100|[from] item: Leftovers\n|upkeep\n|turn|9\n|\n|t:|1700243967\n|move|p1a: Sylveon|Mystical Fire|p2a: Stakataka\n|-damage|p2a: Stakataka|0 fnt\n|faint|p2a: Stakataka\n|\n|upkeep\n|\n|t:|1700243983\n|switch|p2a: Garchomp|Garchomp, F, shiny|100\/100\n|turn|10\n|\n|t:|1700243992\n|detailschange|p2a: Garchomp|Garchomp-Mega, F, shiny\n|-mega|p2a: Garchomp|Garchomp|Garchompite\n|move|p2a: Garchomp|Earthquake|p1a: Sylveon\n|-damage|p1a: Sylveon|6\/100\n|move|p1a: Sylveon|Hyper Voice|p2a: Garchomp\n|-supereffective|p2a: Garchomp\n|-damage|p2a: Garchomp|0 fnt\n|faint|p2a: Garchomp\n|\n|upkeep\n|\n|t:|1700244001\n|switch|p2a: Wobbuffet|Wobbuffet, M, shiny|100\/100\n|turn|11\n|\n|t:|1700244005\n|move|p2a: Wobbuffet|Destiny Bond|p2a: Wobbuffet\n|-singlemove|p2a: Wobbuffet|Destiny Bond\n|move|p1a: Sylveon|Hyper Voice|p2a: Wobbuffet\n|-damage|p2a: Wobbuffet|31\/100\n|\n|upkeep\n|turn|12\n|\n|t:|1700244012\n|move|p1a: Sylveon|Hyper Voice|p2a: Wobbuffet\n|-damage|p2a: Wobbuffet|0 fnt\n|faint|p2a: Wobbuffet\n|-activate|p2a: Wobbuffet|move: Destiny Bond\n|faint|p1a: Sylveon\n|\n|upkeep\n|\n|t:|1700244017\n|switch|p2a: Hoopa|Hoopa-Unbound|100\/100\n|switch|p1a: Sweety|Mimikyu, M|100\/100\n|-damage|p1a: Sweety|88\/100|[from] Stealth Rock\n|turn|13\n|\n|t:|1700244026\n|move|p1a: Sweety|Swords Dance|p1a: Sweety\n|-boost|p1a: Sweety|atk|2\n|move|p2a: Hoopa|Dark Pulse|p1a: Sweety\n|-activate|p1a: Sweety|ability: Disguise\n|-damage|p1a: Sweety|88\/100\n|detailschange|p1a: Sweety|Mimikyu-Busted, M\n|-damage|p1a: Sweety|76\/100|[from] pokemon: Mimikyu-Busted\n|\n|upkeep\n|turn|14\n|\n|t:|1700244035\n|-zpower|p1a: Sweety\n|move|p1a: Sweety|Let's Snuggle Forever|p2a: Hoopa|[zeffect]\n|-supereffective|p2a: Hoopa\n|-crit|p2a: Hoopa\n|-damage|p2a: Hoopa|0 fnt\n|faint|p2a: Hoopa\n|\n|win|Yami Tayori\n|raw|Yami Tayori's rating: 1067 &rarr; <strong>1099<\/strong><br \/>(+32 for winning)\n|raw|RealDoctorBox's rating: 1094 &rarr; <strong>1068<\/strong><br \/>(-26 for losing)\n|c|\u2606RealDoctorBox|gg\n|l|\u2606RealDoctorBox\n","uploadtime":1700244050,"views":14,"p1id":"yamitayori","p2id":"realdoctorbox","formatid":"gen9nationaldex","rating":1068,"private":0,"password":""}