{"id":"gen9nationaldex-1989210274","p1":"RandomCirno","p2":"peanutthepengui","format":"[Gen 9] National Dex","log":"|j|\u2606RandomCirno\n|j|\u2606peanutthepengui\n|t:|1699823770\n|gametype|singles\n|player|p1|RandomCirno|candice|1250\n|player|p2|peanutthepengui|170|1307\n|teamsize|p1|6\n|teamsize|p2|6\n|gen|9\n|tier|[Gen 9] National Dex\n|rated|\n|rule|HP Percentage Mod: HP is shown in percentages\n|rule|Endless Battle Clause: Forcing endless battles is banned\n|rule|OHKO Clause: OHKO moves are banned\n|rule|Evasion Clause: Evasion abilities, items, and moves are banned\n|rule|Evasion Abilities Clause: Evasion abilities are banned\n|rule|Evasion Items Clause: Evasion items are banned\n|rule|Evasion Moves Clause: Evasion moves are banned\n|rule|Species Clause: Limit one of each Pok\u00e9mon\n|rule|Sleep Clause Mod: Limit one foe put to sleep\n|clearpoke\n|poke|p1|Iron Moth|\n|poke|p1|Ninetales-Alola, F|\n|poke|p1|Corsola-Galar, F|\n|poke|p1|Lopunny, M|\n|poke|p1|Corviknight, M|\n|poke|p1|Landorus-Therian, M|\n|poke|p2|Veluza, F|\n|poke|p2|Glimmora, M|\n|poke|p2|Iron Valiant|\n|poke|p2|Iron Jugulis|\n|poke|p2|Tapu Koko|\n|poke|p2|Ferrothorn, F|\n|teampreview\n|\n|t:|1699823796\n|start\n|switch|p1a: Landorus|Landorus-Therian, M|100\/100\n|switch|p2a: Tapu Koko|Tapu Koko|100\/100\n|-fieldstart|move: Electric Terrain|[from] ability: Electric Surge|[of] p2a: Tapu Koko\n|-ability|p1a: Landorus|Intimidate|boost\n|-unboost|p2a: Tapu Koko|atk|1\n|turn|1\n|\n|t:|1699823805\n|switch|p2a: Ferrothorn|Ferrothorn, F|100\/100\n|move|p1a: Landorus|Earthquake|p2a: Ferrothorn\n|-damage|p2a: Ferrothorn|70\/100\n|\n|-heal|p2a: Ferrothorn|76\/100|[from] item: Leftovers\n|upkeep\n|turn|2\n|\n|t:|1699823811\n|move|p1a: Landorus|U-turn|p2a: Ferrothorn\n|-damage|p2a: Ferrothorn|60\/100\n|-damage|p1a: Landorus|88\/100|[from] ability: Iron Barbs|[of] p2a: Ferrothorn\n|\n|t:|1699823819\n|switch|p1a: Iron Moth|Iron Moth|100\/100|[from] U-turn\n|-activate|p1a: Iron Moth|ability: Quark Drive\n|-start|p1a: Iron Moth|quarkdrivespe\n|move|p2a: Ferrothorn|Leech Seed|p1a: Iron Moth\n|-start|p1a: Iron Moth|move: Leech Seed\n|\n|-heal|p2a: Ferrothorn|67\/100|[from] item: Leftovers\n|-damage|p1a: Iron Moth|88\/100|[from] Leech Seed|[of] p2a: Ferrothorn\n|-heal|p2a: Ferrothorn|78\/100|[silent]\n|upkeep\n|turn|3\n|\n|t:|1699823833\n|-terastallize|p2a: Ferrothorn|Water\n|move|p1a: Iron Moth|Fiery Dance|p2a: Ferrothorn\n|-resisted|p2a: Ferrothorn\n|-crit|p2a: Ferrothorn\n|-damage|p2a: Ferrothorn|54\/100\n|move|p2a: Ferrothorn|Stealth Rock|p1a: Iron Moth\n|-sidestart|p1: RandomCirno|move: Stealth Rock\n|\n|-heal|p2a: Ferrothorn|60\/100|[from] item: Leftovers\n|-damage|p1a: Iron Moth|76\/100|[from] Leech Seed|[of] p2a: Ferrothorn\n|-heal|p2a: Ferrothorn|72\/100|[silent]\n|upkeep\n|turn|4\n|\n|t:|1699823843\n|move|p1a: Iron Moth|Energy Ball|p2a: Ferrothorn\n|-supereffective|p2a: Ferrothorn\n|-damage|p2a: Ferrothorn|17\/100\n|-unboost|p2a: Ferrothorn|spd|1\n|move|p2a: Ferrothorn|Gyro Ball|p1a: Iron Moth\n|-resisted|p1a: Iron Moth\n|-damage|p1a: Iron Moth|36\/100\n|\n|-heal|p2a: Ferrothorn|24\/100|[from] item: Leftovers\n|-damage|p1a: Iron Moth|23\/100|[from] Leech Seed|[of] p2a: Ferrothorn\n|-heal|p2a: Ferrothorn|35\/100|[silent]\n|upkeep\n|turn|5\n|\n|t:|1699823853\n|switch|p2a: Glimmora|Glimmora, M|100\/100\n|move|p1a: Iron Moth|Energy Ball|p2a: Glimmora\n|-damage|p2a: Glimmora|69\/100\n|\n|-damage|p1a: Iron Moth|11\/100|[from] Leech Seed|[of] p2a: Glimmora\n|-heal|p2a: Glimmora|80\/100|[silent]\n|-fieldend|move: Electric Terrain\n|-end|p1a: Iron Moth|Quark Drive\n|upkeep\n|-enditem|p1a: Iron Moth|Booster Energy\n|-activate|p1a: Iron Moth|ability: Quark Drive|[fromitem]\n|-start|p1a: Iron Moth|quarkdrivespe\n|turn|6\n|\n|t:|1699823862\n|-end|p1a: Iron Moth|Quark Drive|[silent]\n|switch|p1a: Landorus|Landorus-Therian, M|88\/100\n|-damage|p1a: Landorus|76\/100|[from] Stealth Rock\n|-ability|p1a: Landorus|Intimidate|boost\n|-unboost|p2a: Glimmora|atk|1\n|move|p2a: Glimmora|Spikes|p1a: Landorus\n|-sidestart|p1: RandomCirno|Spikes\n|\n|-heal|p1a: Landorus|82\/100|[from] item: Leftovers\n|upkeep\n|turn|7\n|\n|t:|1699823885\n|move|p1a: Landorus|Earthquake|p2a: Glimmora\n|-supereffective|p2a: Glimmora\n|-damage|p2a: Glimmora|0 fnt\n|-activate|p2a: Glimmora|ability: Toxic Debris\n|-sidestart|p1: RandomCirno|move: Toxic Spikes\n|faint|p2a: Glimmora\n|\n|-heal|p1a: Landorus|88\/100|[from] item: Leftovers\n|upkeep\n|\n|t:|1699823894\n|switch|p2a: Veluza|Veluza, F|100\/100\n|turn|8\n|\n|t:|1699823898\n|-terastallize|p1a: Landorus|Grass\n|move|p1a: Landorus|Defog|p2a: Veluza\n|-unboost|p2a: Veluza|evasion|1\n|-sideend|p1: RandomCirno|Spikes|[from] move: Defog|[of] p1a: Landorus\n|-sideend|p1: RandomCirno|Toxic Spikes|[from] move: Defog|[of] p1a: Landorus\n|-sideend|p1: RandomCirno|Stealth Rock|[from] move: Defog|[of] p1a: Landorus\n|move|p2a: Veluza|Fillet Away|p2a: Veluza\n|-boost|p2a: Veluza|atk|2\n|-boost|p2a: Veluza|spa|2\n|-boost|p2a: Veluza|spe|2\n|-damage|p2a: Veluza|51\/100\n|\n|-heal|p1a: Landorus|94\/100|[from] item: Leftovers\n|upkeep\n|turn|9\n|\n|t:|1699823907\n|move|p2a: Veluza|Psycho Cut|p1a: Landorus\n|-damage|p1a: Landorus|0 fnt\n|faint|p1a: Landorus\n|\n|upkeep\n|\n|t:|1699823912\n|switch|p1a: rocc|Corsola-Galar, F|100\/100\n|turn|10\n|\n|t:|1699823915\n|move|p2a: Veluza|Night Slash|p1a: rocc\n|-supereffective|p1a: rocc\n|-damage|p1a: rocc|19\/100\n|move|p1a: rocc|Strength Sap|p2a: Veluza\n|-unboost|p2a: Veluza|atk|1\n|-heal|p1a: rocc|100\/100\n|\n|upkeep\n|turn|11\n|\n|t:|1699823926\n|switch|p2a: Ferrothorn|Ferrothorn, F, tera:Water|35\/100\n|move|p1a: rocc|Strength Sap|p2a: Ferrothorn\n|-unboost|p2a: Ferrothorn|atk|1\n|\n|-heal|p2a: Ferrothorn|41\/100|[from] item: Leftovers\n|upkeep\n|turn|12\n|\n|t:|1699823935\n|move|p1a: rocc|Night Shade|p2a: Ferrothorn\n|-damage|p2a: Ferrothorn|13\/100\n|move|p2a: Ferrothorn|Leech Seed|p1a: rocc|[miss]\n|-miss|p2a: Ferrothorn|p1a: rocc\n|\n|-heal|p2a: Ferrothorn|19\/100|[from] item: Leftovers\n|upkeep\n|turn|13\n|\n|t:|1699823943\n|move|p1a: rocc|Night Shade|p2a: Ferrothorn\n|-damage|p2a: Ferrothorn|0 fnt\n|faint|p2a: Ferrothorn\n|\n|upkeep\n|\n|t:|1699823949\n|switch|p2a: Iron Jugulis|Iron Jugulis|100\/100\n|turn|14\n|\n|t:|1699823968\n|switch|p1a: Ninetales|Ninetales-Alola, F, shiny|100\/100\n|-weather|Snow|[from] ability: Snow Warning|[of] p1a: Ninetales\n|move|p2a: Iron Jugulis|Dark Pulse|p1a: Ninetales\n|-resisted|p1a: Ninetales\n|-damage|p1a: Ninetales|64\/100\n|\n|-weather|Snow|[upkeep]\n|upkeep\n|turn|15\n|\n|t:|1699823974\n|-end|p2a: Iron Jugulis|Quark Drive|[silent]\n|switch|p2a: Tapu Koko|Tapu Koko|100\/100\n|-fieldstart|move: Electric Terrain|[from] ability: Electric Surge|[of] p2a: Tapu Koko\n|move|p1a: Ninetales|Aurora Veil|p1a: Ninetales\n|-sidestart|p1: RandomCirno|move: Aurora Veil\n|\n|-weather|Snow|[upkeep]\n|upkeep\n|turn|16\n|\n|t:|1699824039\n|move|p2a: Tapu Koko|Volt Switch|p1a: Ninetales\n|-damage|p1a: Ninetales|38\/100\n|\n|t:|1699824048\n|switch|p2a: Iron Valiant|Iron Valiant|100\/100|[from] Volt Switch\n|-activate|p2a: Iron Valiant|ability: Quark Drive\n|-start|p2a: Iron Valiant|quarkdrivespe\n|move|p1a: Ninetales|Blizzard|p2a: Iron Valiant\n|-crit|p2a: Iron Valiant\n|-damage|p2a: Iron Valiant|0 fnt\n|faint|p2a: Iron Valiant\n|-end|p2a: Iron Valiant|Quark Drive|[silent]\n|\n|-weather|Snow|[upkeep]\n|upkeep\n|\n|t:|1699824051\n|switch|p2a: Tapu Koko|Tapu Koko|100\/100\n|turn|17\n|\n|t:|1699824056\n|move|p2a: Tapu Koko|Thunderbolt|p1a: Ninetales\n|-damage|p1a: Ninetales|7\/100\n|-status|p1a: Ninetales|par\n|move|p1a: Ninetales|Blizzard|p2a: Tapu Koko\n|-damage|p2a: Tapu Koko|32\/100\n|\n|-weather|Snow|[upkeep]\n|upkeep\n|turn|18\n|\n|t:|1699824068\n|move|p2a: Tapu Koko|Thunderbolt|p1a: Ninetales\n|-damage|p1a: Ninetales|0 fnt\n|faint|p1a: Ninetales\n|\n|-weather|none\n|upkeep\n|\n|t:|1699824072\n|switch|p1a: Scott Choco|Lopunny, M, shiny|100\/100\n|turn|19\n|\n|t:|1699824085\n|detailschange|p1a: Scott Choco|Lopunny-Mega, M, shiny\n|-mega|p1a: Scott Choco|Lopunny|Lopunnite\n|move|p1a: Scott Choco|Fake Out|p2a: Tapu Koko\n|-damage|p2a: Tapu Koko|1\/100\n|cant|p2a: Tapu Koko|flinch\n|\n|-sideend|p1: RandomCirno|move: Aurora Veil\n|-fieldend|move: Electric Terrain\n|upkeep\n|turn|20\n|\n|t:|1699824096\n|move|p2a: Tapu Koko|Thunderbolt|p1a: Scott Choco\n|-damage|p1a: Scott Choco|46\/100\n|move|p1a: Scott Choco|Ice Punch|p2a: Tapu Koko\n|-damage|p2a: Tapu Koko|0 fnt\n|faint|p2a: Tapu Koko\n|\n|upkeep\n|\n|t:|1699824105\n|switch|p2a: Veluza|Veluza, F|51\/100\n|turn|21\n|\n|t:|1699824109\n|move|p1a: Scott Choco|Return|p2a: Veluza\n|-damage|p2a: Veluza|0 fnt\n|faint|p2a: Veluza\n|\n|upkeep\n|\n|t:|1699824112\n|switch|p2a: Iron Jugulis|Iron Jugulis|100\/100\n|turn|22\n|\n|t:|1699824126\n|switch|p1a: Iron Moth|Iron Moth|11\/100\n|move|p2a: Iron Jugulis|Dark Pulse|p1a: Iron Moth\n|-damage|p1a: Iron Moth|0 fnt\n|faint|p1a: Iron Moth\n|-end|p1a: Iron Moth|Quark Drive|[silent]\n|\n|upkeep\n|\n|t:|1699824129\n|switch|p1a: Corviknight|Corviknight, M|100\/100\n|turn|23\n|\n|t:|1699824143\n|move|p2a: Iron Jugulis|Dark Pulse|p1a: Corviknight\n|-damage|p1a: Corviknight|45\/100\n|move|p1a: Corviknight|Body Press|p2a: Iron Jugulis\n|-damage|p2a: Iron Jugulis|70\/100\n|\n|-heal|p1a: Corviknight|51\/100|[from] item: Leftovers\n|upkeep\n|turn|24\n|\n|t:|1699824146\n|move|p2a: Iron Jugulis|Dark Pulse|p1a: Corviknight\n|-damage|p1a: Corviknight|0 fnt\n|faint|p1a: Corviknight\n|\n|upkeep\n|\n|t:|1699824148\n|switch|p1a: Scott Choco|Lopunny-Mega, M, shiny|46\/100\n|turn|25\n|\n|t:|1699824151\n|move|p1a: Scott Choco|Fake Out|p2a: Iron Jugulis\n|-damage|p2a: Iron Jugulis|43\/100\n|cant|p2a: Iron Jugulis|flinch\n|\n|upkeep\n|turn|26\n|\n|t:|1699824154\n|move|p1a: Scott Choco|Return|p2a: Iron Jugulis\n|-damage|p2a: Iron Jugulis|0 fnt\n|faint|p2a: Iron Jugulis\n|-end|p2a: Iron Jugulis|Quark Drive|[silent]\n|\n|win|RandomCirno\n|raw|RandomCirno's rating: 1250 &rarr; <strong>1279<\/strong><br \/>(+29 for winning)\n|raw|peanutthepengui's rating: 1307 &rarr; <strong>1284<\/strong><br \/>(-23 for losing)\n|c|\u2606RandomCirno|ggwp\n","uploadtime":1699824162,"views":12,"p1id":"randomcirno","p2id":"peanutthepengui","formatid":"gen9nationaldex","rating":1279,"private":0,"password":""}