{"id":"gen9nationaldex-1992114023","p1":"cookiesinmilk","p2":"testing a funni3","format":"[Gen 9] National Dex","log":"|j|\u2606cookiesinmilk\n|j|\u2606testing a funni3\n|t:|1700156239\n|gametype|singles\n|player|p1|cookiesinmilk|iris-gen5bw2|1426\n|player|p2|testing a funni3|unknownf|1413\n|teamsize|p1|6\n|teamsize|p2|6\n|gen|9\n|tier|[Gen 9] National Dex\n|rated|\n|rule|HP Percentage Mod: HP is shown in percentages\n|rule|Endless Battle Clause: Forcing endless battles is banned\n|rule|OHKO Clause: OHKO moves are banned\n|rule|Evasion Clause: Evasion abilities, items, and moves are banned\n|rule|Evasion Abilities Clause: Evasion abilities are banned\n|rule|Evasion Items Clause: Evasion items are banned\n|rule|Evasion Moves Clause: Evasion moves are banned\n|rule|Species Clause: Limit one of each Pok\u00e9mon\n|rule|Sleep Clause Mod: Limit one foe put to sleep\n|clearpoke\n|poke|p1|Medicham, F|\n|poke|p1|Toxapex, M|\n|poke|p1|Meowscarada, M|\n|poke|p1|Clefable, M|\n|poke|p1|Whiscash, F|\n|poke|p1|Muk, M|\n|poke|p2|Hoopa-Unbound|\n|poke|p2|Tapu Bulu|\n|poke|p2|Volcanion|\n|poke|p2|Scizor, F|\n|poke|p2|Umbreon, M|\n|poke|p2|Zapdos|\n|teampreview\n|inactive|Battle timer is ON: inactive players will automatically lose when time's up. (requested by testing a funni3)\n|\n|t:|1700156272\n|start\n|switch|p1a: Medicham|Medicham, F|100\/100\n|switch|p2a: Scizor|Scizor, F|100\/100\n|turn|1\n|\n|t:|1700156278\n|switch|p2a: Zapdos|Zapdos|100\/100\n|detailschange|p1a: Medicham|Medicham-Mega, F\n|-mega|p1a: Medicham|Medicham|Medichamite\n|move|p1a: Medicham|Fake Out|p2a: Zapdos\n|-damage|p2a: Zapdos|75\/100\n|-damage|p1a: Medicham|84\/100|[from] item: Rocky Helmet|[of] p2a: Zapdos\n|-status|p1a: Medicham|par|[from] ability: Static|[of] p2a: Zapdos\n|\n|upkeep\n|turn|2\n|\n|t:|1700156290\n|move|p2a: Zapdos|Roost|p2a: Zapdos\n|-heal|p2a: Zapdos|100\/100\n|-singleturn|p2a: Zapdos|move: Roost\n|move|p1a: Medicham|Zen Headbutt|p2a: Zapdos\n|-damage|p2a: Zapdos|27\/100\n|-damage|p1a: Medicham|68\/100 par|[from] item: Rocky Helmet|[of] p2a: Zapdos\n|\n|upkeep\n|turn|3\n|\n|t:|1700156302\n|move|p2a: Zapdos|U-turn|p1a: Medicham\n|-damage|p1a: Medicham|45\/100 par\n|\n|t:|1700156308\n|switch|p2a: Hoopa|Hoopa-Unbound|100\/100|[from] U-turn\n|cant|p1a: Medicham|par\n|\n|upkeep\n|turn|4\n|\n|t:|1700156314\n|switch|p1a: Toxapex|Toxapex, M|100\/100\n|move|p2a: Hoopa|Knock Off|p1a: Toxapex\n|-damage|p1a: Toxapex|59\/100\n|-damage|p2a: Hoopa|84\/100|[from] item: Rocky Helmet|[of] p1a: Toxapex\n|-enditem|p1a: Toxapex|Rocky Helmet|[from] move: Knock Off|[of] p2a: Hoopa\n|\n|upkeep\n|turn|5\n|\n|t:|1700156319\n|move|p2a: Hoopa|Psychic|p1a: Toxapex\n|-supereffective|p1a: Toxapex\n|-crit|p1a: Toxapex\n|-damage|p1a: Toxapex|0 fnt\n|faint|p1a: Toxapex\n|\n|upkeep\n|\n|t:|1700156321\n|switch|p1a: Meowscarada|Meowscarada, M|100\/100\n|turn|6\n|\n|t:|1700156325\n|-terastallize|p2a: Hoopa|Fighting\n|move|p1a: Meowscarada|U-turn|p2a: Hoopa\n|-start|p1a: Meowscarada|typechange|Bug|[from] ability: Protean\n|-resisted|p2a: Hoopa\n|-damage|p2a: Hoopa|47\/100\n|\n|t:|1700156337\n|switch|p1a: Muk|Muk, M|100\/100|[from] U-turn\n|move|p2a: Hoopa|Drain Punch|p1a: Muk\n|-resisted|p1a: Muk\n|-damage|p1a: Muk|74\/100\n|-heal|p2a: Hoopa|62\/100|[from] drain|[of] p1a: Muk\n|\n|upkeep\n|turn|7\n|\n|t:|1700156343\n|-terastallize|p1a: Muk|Psychic\n|move|p2a: Hoopa|Psychic|p1a: Muk\n|-resisted|p1a: Muk\n|-damage|p1a: Muk|60\/100\n|move|p1a: Muk|Zen Headbutt|p2a: Hoopa|[miss]\n|-miss|p1a: Muk|p2a: Hoopa\n|\n|upkeep\n|turn|8\n|\n|t:|1700156358\n|switch|p1a: Clefable|Clefable, M|100\/100\n|move|p2a: Hoopa|Knock Off|p1a: Clefable\n|-resisted|p1a: Clefable\n|-damage|p1a: Clefable|64\/100\n|-enditem|p1a: Clefable|Life Orb|[from] move: Knock Off|[of] p2a: Hoopa\n|\n|upkeep\n|turn|9\n|\n|t:|1700156362\n|move|p2a: Hoopa|Gunk Shot|p1a: Clefable\n|-supereffective|p1a: Clefable\n|-damage|p1a: Clefable|0 fnt\n|faint|p1a: Clefable\n|\n|upkeep\n|\n|t:|1700156364\n|switch|p1a: Meowscarada|Meowscarada, M|100\/100\n|turn|10\n|\n|t:|1700156371\n|move|p1a: Meowscarada|U-turn|p2a: Hoopa\n|-start|p1a: Meowscarada|typechange|Bug|[from] ability: Protean\n|-resisted|p2a: Hoopa\n|-damage|p2a: Hoopa|26\/100\n|inactive|cookiesinmilk has 120 seconds left.\n|l|\u2606cookiesinmilk\n|inactive|cookiesinmilk disconnected and has a minute to reconnect!\n|player|p1|\n|inactive|cookiesinmilk has 30 seconds to reconnect!\n|inactive|cookiesinmilk has 20 seconds to reconnect!\n|inactive|cookiesinmilk has 15 seconds to reconnect!\n|inactive|cookiesinmilk has 10 seconds to reconnect!\n|inactive|cookiesinmilk has 5 seconds to reconnect!\n|-message|cookiesinmilk lost due to inactivity.\n|\n|win|testing a funni3\n|raw|cookiesinmilk's rating: 1426 &rarr; <strong>1405<\/strong><br \/>(-21 for losing)\n|raw|testing a funni3's rating: 1413 &rarr; <strong>1434<\/strong><br \/>(+21 for winning)\n","uploadtime":1700156478,"views":15,"p1id":"cookiesinmilk","p2id":"testingafunni3","formatid":"gen9nationaldex","rating":1405,"private":0,"password":""}