{"id":"gen9nationaldex-1993116767","p1":"ShuoHe8","p2":"gock glocker","format":"[Gen 9] National Dex","log":"|j|\u2606ShuoHe8\n|j|\u2606gock glocker\n|t:|1700266726\n|gametype|singles\n|player|p1|ShuoHe8|lillie-z|1491\n|player|p2|gock glocker|acerola-masters|1591\n|teamsize|p1|6\n|teamsize|p2|6\n|gen|9\n|tier|[Gen 9] National Dex\n|rated|\n|rule|HP Percentage Mod: HP is shown in percentages\n|rule|Endless Battle Clause: Forcing endless battles is banned\n|rule|OHKO Clause: OHKO moves are banned\n|rule|Evasion Clause: Evasion abilities, items, and moves are banned\n|rule|Evasion Abilities Clause: Evasion abilities are banned\n|rule|Evasion Items Clause: Evasion items are banned\n|rule|Evasion Moves Clause: Evasion moves are banned\n|rule|Species Clause: Limit one of each Pok\u00e9mon\n|rule|Sleep Clause Mod: Limit one foe put to sleep\n|clearpoke\n|poke|p1|Vaporeon, M|\n|poke|p1|Garchomp, F|\n|poke|p1|Zapdos|\n|poke|p1|Urshifu-*, M|\n|poke|p1|Lopunny, F|\n|poke|p1|Greninja-*, M|\n|poke|p2|Deoxys-Defense|\n|poke|p2|Kartana|\n|poke|p2|Kyurem|\n|poke|p2|Rillaboom, F|\n|poke|p2|Gliscor, M|\n|poke|p2|Urshifu-*, F|\n|teampreview\n|inactive|Battle timer is ON: inactive players will automatically lose when time's up. (requested by gock glocker)\n|\n|t:|1700266749\n|start\n|switch|p1a: Greninja|Greninja, M|100\/100\n|switch|p2a: Kyurem|Kyurem|100\/100\n|-ability|p2a: Kyurem|Pressure\n|turn|1\n|inactive|gock glocker has 120 seconds left.\n|\n|t:|1700266790\n|move|p1a: Greninja|U-turn|p2a: Kyurem\n|-start|p1a: Greninja|typechange|Bug|[from] ability: Protean\n|-damage|p2a: Kyurem|83\/100\n|\n|t:|1700266798\n|switch|p1a: Urshifu|Urshifu-Rapid-Strike, M|100\/100|[from] U-turn\n|move|p2a: Kyurem|Freeze-Dry|p1a: Urshifu\n|-supereffective|p1a: Urshifu\n|-damage|p1a: Urshifu|3\/100\n|-status|p1a: Urshifu|frz\n|\n|-heal|p2a: Kyurem|89\/100|[from] item: Leftovers\n|upkeep\n|turn|2\n|inactive|gock glocker has 120 seconds left.\n|\n|t:|1700266809\n|switch|p1a: Lopunny|Lopunny, F|100\/100\n|move|p2a: Kyurem|Substitute|p2a: Kyurem\n|-start|p2a: Kyurem|Substitute\n|-damage|p2a: Kyurem|64\/100\n|\n|-heal|p2a: Kyurem|70\/100|[from] item: Leftovers\n|upkeep\n|turn|3\n|c|\u2606gock glocker|intresting\n|\n|t:|1700266815\n|detailschange|p1a: Lopunny|Lopunny-Mega, F\n|-mega|p1a: Lopunny|Lopunny|Lopunnite\n|move|p1a: Lopunny|U-turn|p2a: Kyurem\n|-activate|p2a: Kyurem|move: Substitute|[damage]\n|\n|t:|1700266825\n|switch|p1a: \u6211\u7684\u7f2a\u7f2a|Vaporeon, M|100\/100|[from] U-turn\n|move|p2a: Kyurem|Freeze-Dry|p1a: \u6211\u7684\u7f2a\u7f2a\n|-supereffective|p1a: \u6211\u7684\u7f2a\u7f2a\n|-damage|p1a: \u6211\u7684\u7f2a\u7f2a|47\/100\n|-status|p1a: \u6211\u7684\u7f2a\u7f2a|frz\n|\n|-heal|p2a: Kyurem|76\/100|[from] item: Leftovers\n|-heal|p1a: \u6211\u7684\u7f2a\u7f2a|53\/100 frz|[from] item: Leftovers\n|upkeep\n|turn|4\n|c|\u2606gock glocker|very intresting\n|c|\u2606ShuoHe8|???\n|\n|t:|1700266842\n|-terastallize|p1a: \u6211\u7684\u7f2a\u7f2a|Poison\n|move|p2a: Kyurem|Freeze-Dry|p1a: \u6211\u7684\u7f2a\u7f2a\n|-damage|p1a: \u6211\u7684\u7f2a\u7f2a|28\/100 frz\n|cant|p1a: \u6211\u7684\u7f2a\u7f2a|frz\n|\n|-heal|p2a: Kyurem|82\/100|[from] item: Leftovers\n|-heal|p1a: \u6211\u7684\u7f2a\u7f2a|34\/100 frz|[from] item: Leftovers\n|upkeep\n|turn|5\n|\n|t:|1700266850\n|move|p2a: Kyurem|Earth Power|p1a: \u6211\u7684\u7f2a\u7f2a\n|-supereffective|p1a: \u6211\u7684\u7f2a\u7f2a\n|-damage|p1a: \u6211\u7684\u7f2a\u7f2a|0 fnt\n|faint|p1a: \u6211\u7684\u7f2a\u7f2a\n|\n|-heal|p2a: Kyurem|88\/100|[from] item: Leftovers\n|upkeep\n|\n|t:|1700266856\n|switch|p1a: Garchomp|Garchomp, F|100\/100\n|turn|6\n|\n|t:|1700266860\n|move|p1a: Garchomp|Scale Shot|p2a: Kyurem\n|-supereffective|p2a: Kyurem\n|-end|p2a: Kyurem|Substitute\n|-supereffective|p2a: Kyurem\n|-damage|p2a: Kyurem|65\/100\n|-supereffective|p2a: Kyurem\n|-damage|p2a: Kyurem|42\/100\n|-supereffective|p2a: Kyurem\n|-damage|p2a: Kyurem|17\/100\n|-hitcount|p2a: Kyurem|4\n|-unboost|p1a: Garchomp|def|1\n|-boost|p1a: Garchomp|spe|1\n|move|p2a: Kyurem|Freeze-Dry|p1a: Garchomp\n|-supereffective|p1a: Garchomp\n|-damage|p1a: Garchomp|0 fnt\n|faint|p1a: Garchomp\n|\n|-heal|p2a: Kyurem|23\/100|[from] item: Leftovers\n|upkeep\n|\n|t:|1700266875\n|switch|p1a: Lopunny|Lopunny-Mega, F|100\/100\n|turn|7\n|\n|t:|1700266882\n|switch|p2a: Deoxys|Deoxys-Defense|100\/100\n|-ability|p2a: Deoxys|Pressure\n|move|p1a: Lopunny|Return|p2a: Deoxys\n|-damage|p2a: Deoxys|65\/100\n|-damage|p1a: Lopunny|84\/100|[from] item: Rocky Helmet|[of] p2a: Deoxys\n|\n|upkeep\n|turn|8\n|\n|t:|1700266889\n|move|p1a: Lopunny|U-turn|p2a: Deoxys\n|-supereffective|p2a: Deoxys\n|-damage|p2a: Deoxys|34\/100\n|-damage|p1a: Lopunny|67\/100|[from] item: Rocky Helmet|[of] p2a: Deoxys\n|\n|t:|1700266892\n|switch|p1a: Greninja|Greninja, M|100\/100|[from] U-turn\n|move|p2a: Deoxys|Teleport|p2a: Deoxys\n|\n|t:|1700266900\n|switch|p2a: Rillaboom|Rillaboom, F|100\/100|[from] Teleport\n|-fieldstart|move: Grassy Terrain|[from] ability: Grassy Surge|[of] p2a: Rillaboom\n|\n|upkeep\n|turn|9\n|\n|t:|1700266905\n|switch|p1a: Zapdos|Zapdos|100\/100\n|move|p2a: Rillaboom|U-turn|p1a: Zapdos\n|-resisted|p1a: Zapdos\n|-damage|p1a: Zapdos|91\/100\n|-status|p2a: Rillaboom|par|[from] ability: Static|[of] p1a: Zapdos\n|\n|t:|1700266908\n|switch|p2a: Kyurem|Kyurem|23\/100|[from] U-turn\n|-ability|p2a: Kyurem|Pressure\n|\n|-heal|p2a: Kyurem|29\/100|[from] Grassy Terrain\n|-heal|p2a: Kyurem|35\/100|[from] item: Leftovers\n|upkeep\n|turn|10\n|\n|t:|1700266919\n|move|p2a: Kyurem|Roost|p2a: Kyurem\n|-heal|p2a: Kyurem|85\/100\n|-singleturn|p2a: Kyurem|move: Roost\n|move|p1a: Zapdos|Volt Switch|p2a: Kyurem\n|-resisted|p2a: Kyurem\n|-damage|p2a: Kyurem|70\/100\n|\n|t:|1700266922\n|switch|p1a: Lopunny|Lopunny-Mega, F|67\/100|[from] Volt Switch\n|\n|-heal|p1a: Lopunny|73\/100|[from] Grassy Terrain\n|-heal|p2a: Kyurem|76\/100|[from] Grassy Terrain\n|-heal|p2a: Kyurem|83\/100|[from] item: Leftovers\n|upkeep\n|turn|11\n|\n|t:|1700266928\n|switch|p2a: Deoxys|Deoxys-Defense|34\/100\n|-ability|p2a: Deoxys|Pressure\n|move|p1a: Lopunny|Close Combat|p2a: Deoxys\n|-resisted|p2a: Deoxys\n|-damage|p2a: Deoxys|12\/100\n|-unboost|p1a: Lopunny|def|1\n|-unboost|p1a: Lopunny|spd|1\n|-damage|p1a: Lopunny|57\/100|[from] item: Rocky Helmet|[of] p2a: Deoxys\n|\n|-heal|p1a: Lopunny|62\/100|[from] Grassy Terrain\n|-heal|p2a: Deoxys|18\/100|[from] Grassy Terrain\n|upkeep\n|turn|12\n|\n|t:|1700266932\n|move|p1a: Lopunny|U-turn|p2a: Deoxys\n|-supereffective|p2a: Deoxys\n|-damage|p2a: Deoxys|0 fnt\n|-damage|p1a: Lopunny|46\/100|[from] item: Rocky Helmet|[of] p2a: Deoxys\n|faint|p2a: Deoxys\n|\n|t:|1700266935\n|switch|p1a: Greninja|Greninja, M|100\/100|[from] U-turn\n|\n|upkeep\n|\n|t:|1700266937\n|switch|p2a: Kyurem|Kyurem|83\/100\n|-ability|p2a: Kyurem|Pressure\n|turn|13\n|\n|t:|1700266941\n|move|p1a: Greninja|Dark Pulse|p2a: Kyurem\n|-start|p1a: Greninja|typechange|Dark|[from] ability: Protean\n|-damage|p2a: Kyurem|49\/100\n|move|p2a: Kyurem|Substitute|p2a: Kyurem\n|-start|p2a: Kyurem|Substitute\n|-damage|p2a: Kyurem|24\/100\n|\n|-heal|p2a: Kyurem|30\/100|[from] Grassy Terrain\n|-heal|p2a: Kyurem|36\/100|[from] item: Leftovers\n|upkeep\n|turn|14\n|\n|t:|1700266947\n|move|p1a: Greninja|Dark Pulse|p2a: Kyurem\n|-end|p2a: Kyurem|Substitute\n|move|p2a: Kyurem|Roost|p2a: Kyurem\n|-heal|p2a: Kyurem|86\/100\n|-singleturn|p2a: Kyurem|move: Roost\n|\n|-heal|p2a: Kyurem|92\/100|[from] Grassy Terrain\n|-heal|p2a: Kyurem|98\/100|[from] item: Leftovers\n|upkeep\n|turn|15\n|\n|t:|1700266952\n|move|p1a: Greninja|Dark Pulse|p2a: Kyurem\n|-damage|p2a: Kyurem|64\/100\n|move|p2a: Kyurem|Substitute|p2a: Kyurem\n|-start|p2a: Kyurem|Substitute\n|-damage|p2a: Kyurem|39\/100\n|\n|-heal|p2a: Kyurem|45\/100|[from] Grassy Terrain\n|-heal|p2a: Kyurem|51\/100|[from] item: Leftovers\n|-fieldend|move: Grassy Terrain\n|upkeep\n|turn|16\n|\n|t:|1700266957\n|move|p1a: Greninja|Dark Pulse|p2a: Kyurem\n|-end|p2a: Kyurem|Substitute\n|move|p2a: Kyurem|Roost|p2a: Kyurem\n|-heal|p2a: Kyurem|100\/100\n|-singleturn|p2a: Kyurem|move: Roost\n|\n|upkeep\n|turn|17\n|\n|t:|1700266960\n|move|p1a: Greninja|U-turn|p2a: Kyurem\n|-damage|p2a: Kyurem|88\/100\n|\n|t:|1700266963\n|switch|p1a: Lopunny|Lopunny-Mega, F|46\/100|[from] U-turn\n|move|p2a: Kyurem|Substitute|p2a: Kyurem\n|-start|p2a: Kyurem|Substitute\n|-damage|p2a: Kyurem|63\/100\n|\n|-heal|p2a: Kyurem|69\/100|[from] item: Leftovers\n|upkeep\n|turn|18\n|\n|t:|1700266970\n|-terastallize|p2a: Kyurem|Steel\n|move|p1a: Lopunny|U-turn|p2a: Kyurem\n|-resisted|p2a: Kyurem\n|-activate|p2a: Kyurem|move: Substitute|[damage]\n|\n|t:|1700266976\n|switch|p1a: Greninja|Greninja, M|100\/100|[from] U-turn\n|move|p2a: Kyurem|Freeze-Dry|p1a: Greninja\n|-supereffective|p1a: Greninja\n|-damage|p1a: Greninja|0 fnt\n|faint|p1a: Greninja\n|\n|-heal|p2a: Kyurem|75\/100|[from] item: Leftovers\n|upkeep\n|-message|ShuoHe8 forfeited.\n|\n|win|gock glocker\n|raw|ShuoHe8's rating: 1491 &rarr; <strong>1477<\/strong><br \/>(-14 for losing)\n|raw|gock glocker's rating: 1591 &rarr; <strong>1605<\/strong><br \/>(+14 for winning)\n|l|\u2606ShuoHe8\n","uploadtime":1700266983,"views":8,"p1id":"shuohe8","p2id":"gockglocker","formatid":"gen9nationaldex","rating":1477,"private":0,"password":""}