{"id":"gen9nationaldex-1990357694","p1":"mengxingzhu","p2":"GAGA233","format":"[Gen 9] National Dex","log":"|j|\u2606mengxingzhu\n|j|\u2606GAGA233\n|t:|1699961672\n|gametype|singles\n|player|p1|mengxingzhu|wallace|1535\n|player|p2|GAGA233|red|1633\n|teamsize|p1|6\n|teamsize|p2|6\n|gen|9\n|tier|[Gen 9] National Dex\n|rated|\n|rule|HP Percentage Mod: HP is shown in percentages\n|rule|Endless Battle Clause: Forcing endless battles is banned\n|rule|OHKO Clause: OHKO moves are banned\n|rule|Evasion Clause: Evasion abilities, items, and moves are banned\n|rule|Evasion Abilities Clause: Evasion abilities are banned\n|rule|Evasion Items Clause: Evasion items are banned\n|rule|Evasion Moves Clause: Evasion moves are banned\n|rule|Species Clause: Limit one of each Pok\u00e9mon\n|rule|Sleep Clause Mod: Limit one foe put to sleep\n|clearpoke\n|poke|p1|Araquanid, F|\n|poke|p1|Celesteela|\n|poke|p1|Dragonite, M|\n|poke|p1|Alakazam, F|\n|poke|p1|Arcanine-Hisui, F|\n|poke|p1|Scizor, F|\n|poke|p2|Ogerpon, F|\n|poke|p2|Corviknight, M|\n|poke|p2|Clodsire, M|\n|poke|p2|Tyranitar, M|\n|poke|p2|Alomomola, F|\n|poke|p2|Banette, F|\n|teampreview\n|inactive|Battle timer is ON: inactive players will automatically lose when time's up. (requested by mengxingzhu)\n|\n|t:|1699961680\n|start\n|switch|p1a: Araquanid|Araquanid, F|100\/100\n|switch|p2a: Clodsire|Clodsire, M|100\/100\n|turn|1\n|\n|t:|1699961687\n|-zpower|p1a: Araquanid\n|move|p1a: Araquanid|Hydro Vortex|p2a: Clodsire|[zeffect]\n|-immune|p2a: Clodsire|[from] ability: Water Absorb\n|move|p2a: Clodsire|Stealth Rock|p1a: Araquanid\n|-sidestart|p1: mengxingzhu|move: Stealth Rock\n|\n|upkeep\n|turn|2\n|\n|t:|1699961694\n|move|p1a: Araquanid|Sticky Web|p2a: Clodsire\n|-sidestart|p2: GAGA233|move: Sticky Web\n|move|p2a: Clodsire|Yawn|p1a: Araquanid\n|-start|p1a: Araquanid|move: Yawn|[of] p2a: Clodsire\n|\n|upkeep\n|turn|3\n|\n|t:|1699961705\n|switch|p1a: Alakazam|Alakazam, F|100\/100\n|move|p2a: Clodsire|Yawn|p1a: Alakazam\n|-start|p1a: Alakazam|move: Yawn|[of] p2a: Clodsire\n|\n|upkeep\n|turn|4\n|\n|t:|1699961714\n|switch|p2a: Tyranitar|Tyranitar, M|100\/100\n|-activate|p2a: Tyranitar|move: Sticky Web\n|-unboost|p2a: Tyranitar|spe|1\n|-weather|Sandstorm|[from] ability: Sand Stream|[of] p2a: Tyranitar\n|move|p1a: Alakazam|Psychic|p2a: Tyranitar\n|-immune|p2a: Tyranitar\n|\n|-weather|Sandstorm|[upkeep]\n|-end|p1a: Alakazam|move: Yawn|[silent]\n|-status|p1a: Alakazam|slp\n|upkeep\n|turn|5\n|\n|t:|1699961722\n|move|p2a: Tyranitar|Pursuit|p1a: Alakazam\n|-supereffective|p1a: Alakazam\n|-damage|p1a: Alakazam|8\/100 slp\n|cant|p1a: Alakazam|slp\n|\n|-weather|Sandstorm|[upkeep]\n|upkeep\n|turn|6\n|\n|t:|1699961727\n|move|p2a: Tyranitar|Pursuit|p1a: Alakazam\n|-supereffective|p1a: Alakazam\n|-damage|p1a: Alakazam|0 fnt\n|faint|p1a: Alakazam\n|\n|-weather|Sandstorm|[upkeep]\n|upkeep\n|\n|t:|1699961741\n|switch|p1a: Scizor|Scizor, F|100\/100\n|-damage|p1a: Scizor|88\/100|[from] Stealth Rock\n|turn|7\n|\n|t:|1699961751\n|switch|p2a: Alomomola|Alomomola, F|100\/100\n|detailschange|p1a: Scizor|Scizor-Mega, F\n|-mega|p1a: Scizor|Scizor|Scizorite\n|move|p1a: Scizor|Close Combat|p2a: Alomomola\n|-damage|p2a: Alomomola|75\/100\n|-unboost|p1a: Scizor|def|1\n|-unboost|p1a: Scizor|spd|1\n|\n|-weather|Sandstorm|[upkeep]\n|-damage|p2a: Alomomola|68\/100|[from] Sandstorm\n|upkeep\n|turn|8\n|\n|t:|1699961760\n|move|p1a: Scizor|Swords Dance|p1a: Scizor\n|-boost|p1a: Scizor|atk|2\n|move|p2a: Alomomola|Flip Turn|p1a: Scizor\n|-damage|p1a: Scizor|71\/100\n|\n|t:|1699961768\n|switch|p2a: Corviknight|Corviknight, M|100\/100|[from] Flip Turn\n|-ability|p2a: Corviknight|Pressure\n|\n|-weather|none\n|upkeep\n|turn|9\n|\n|t:|1699961776\n|move|p1a: Scizor|Roost|p1a: Scizor\n|-heal|p1a: Scizor|100\/100\n|-singleturn|p1a: Scizor|move: Roost\n|move|p2a: Corviknight|Iron Defense|p2a: Corviknight\n|-boost|p2a: Corviknight|def|2\n|\n|upkeep\n|turn|10\n|\n|t:|1699961791\n|move|p1a: Scizor|Close Combat|p2a: Corviknight\n|-damage|p2a: Corviknight|70\/100\n|-unboost|p1a: Scizor|def|1\n|-unboost|p1a: Scizor|spd|1\n|-damage|p1a: Scizor|84\/100|[from] item: Rocky Helmet|[of] p2a: Corviknight\n|move|p2a: Corviknight|Iron Defense|p2a: Corviknight\n|-boost|p2a: Corviknight|def|2\n|\n|upkeep\n|turn|11\n|\n|t:|1699961798\n|switch|p1a: Celesteela|Celesteela|100\/100\n|-damage|p1a: Celesteela|88\/100|[from] Stealth Rock\n|move|p2a: Corviknight|Body Press|p1a: Celesteela\n|-damage|p1a: Celesteela|21\/100\n|\n|upkeep\n|turn|12\n|\n|t:|1699961810\n|switch|p2a: Tyranitar|Tyranitar, M|100\/100\n|-activate|p2a: Tyranitar|move: Sticky Web\n|-unboost|p2a: Tyranitar|spe|1\n|-weather|Sandstorm|[from] ability: Sand Stream|[of] p2a: Tyranitar\n|move|p1a: Celesteela|Flamethrower|p2a: Tyranitar\n|-resisted|p2a: Tyranitar\n|-damage|p2a: Tyranitar|96\/100\n|\n|-weather|Sandstorm|[upkeep]\n|upkeep\n|turn|13\n|\n|t:|1699961821\n|move|p1a: Celesteela|Giga Drain|p2a: Tyranitar\n|-supereffective|p2a: Tyranitar\n|-damage|p2a: Tyranitar|80\/100\n|-heal|p1a: Celesteela|29\/100|[from] drain|[of] p2a: Tyranitar\n|move|p2a: Tyranitar|Flamethrower|p1a: Celesteela\n|-supereffective|p1a: Celesteela\n|-damage|p1a: Celesteela|0 fnt\n|faint|p1a: Celesteela\n|\n|-weather|Sandstorm|[upkeep]\n|upkeep\n|\n|t:|1699961834\n|switch|p1a: Dragonite|Dragonite, M|100\/100\n|turn|14\n|\n|t:|1699961845\n|switch|p2a: Banette|Banette, F|100\/100\n|-activate|p2a: Banette|move: Sticky Web\n|-unboost|p2a: Banette|spe|1\n|move|p1a: Dragonite|Curse|p1a: Dragonite\n|-unboost|p1a: Dragonite|spe|1\n|-boost|p1a: Dragonite|atk|1\n|-boost|p1a: Dragonite|def|1\n|\n|-weather|Sandstorm|[upkeep]\n|-damage|p2a: Banette|95\/100|[from] Sandstorm\n|-damage|p1a: Dragonite|94\/100|[from] Sandstorm\n|upkeep\n|turn|15\n|\n|t:|1699961852\n|detailschange|p2a: Banette|Banette-Mega, F\n|-mega|p2a: Banette|Banette|Banettite\n|move|p2a: Banette|Encore|p1a: Dragonite\n|-start|p1a: Dragonite|Encore\n|move|p1a: Dragonite|Curse|p1a: Dragonite\n|-unboost|p1a: Dragonite|spe|1\n|-boost|p1a: Dragonite|atk|1\n|-boost|p1a: Dragonite|def|1\n|\n|-weather|Sandstorm|[upkeep]\n|-damage|p2a: Banette|89\/100|[from] Sandstorm\n|-damage|p1a: Dragonite|88\/100|[from] Sandstorm\n|upkeep\n|turn|16\n|\n|t:|1699961860\n|-terastallize|p1a: Dragonite|Normal\n|move|p2a: Banette|Poltergeist|p1a: Dragonite\n|-immune|p1a: Dragonite\n|move|p1a: Dragonite|Curse|p1a: Dragonite\n|-unboost|p1a: Dragonite|spe|1\n|-boost|p1a: Dragonite|atk|1\n|-boost|p1a: Dragonite|def|1\n|\n|-weather|none\n|upkeep\n|turn|17\n|\n|t:|1699961865\n|move|p2a: Banette|Pursuit|p1a: Dragonite\n|-damage|p1a: Dragonite|81\/100\n|move|p1a: Dragonite|Curse|p1a: Dragonite\n|-unboost|p1a: Dragonite|spe|1\n|-boost|p1a: Dragonite|atk|1\n|-boost|p1a: Dragonite|def|1\n|\n|-end|p1a: Dragonite|Encore\n|upkeep\n|turn|18\n|\n|t:|1699961870\n|move|p2a: Banette|Encore|p1a: Dragonite\n|-start|p1a: Dragonite|Encore\n|move|p1a: Dragonite|Curse|p1a: Dragonite\n|-unboost|p1a: Dragonite|spe|1\n|-boost|p1a: Dragonite|atk|1\n|-boost|p1a: Dragonite|def|1\n|\n|upkeep\n|turn|19\n|\n|t:|1699961875\n|switch|p2a: Tyranitar|Tyranitar, M|80\/100\n|-activate|p2a: Tyranitar|move: Sticky Web\n|-unboost|p2a: Tyranitar|spe|1\n|-weather|Sandstorm|[from] ability: Sand Stream|[of] p2a: Tyranitar\n|move|p1a: Dragonite|Curse|p1a: Dragonite\n|-unboost|p1a: Dragonite|spe|1\n|-boost|p1a: Dragonite|atk|1\n|-boost|p1a: Dragonite|def|1\n|\n|-weather|Sandstorm|[upkeep]\n|-damage|p1a: Dragonite|75\/100|[from] Sandstorm\n|upkeep\n|turn|20\n|\n|t:|1699961883\n|switch|p2a: Banette|Banette-Mega, F|89\/100\n|-activate|p2a: Banette|move: Sticky Web\n|-unboost|p2a: Banette|spe|1\n|move|p1a: Dragonite|Curse|p1a: Dragonite\n|\n|-weather|Sandstorm|[upkeep]\n|-damage|p2a: Banette|83\/100|[from] Sandstorm\n|-damage|p1a: Dragonite|69\/100|[from] Sandstorm\n|-end|p1a: Dragonite|Encore\n|upkeep\n|turn|21\n|\n|t:|1699961888\n|move|p2a: Banette|Encore|p1a: Dragonite\n|-start|p1a: Dragonite|Encore\n|move|p1a: Dragonite|Curse|p1a: Dragonite\n|\n|-weather|Sandstorm|[upkeep]\n|-damage|p2a: Banette|77\/100|[from] Sandstorm\n|-damage|p1a: Dragonite|63\/100|[from] Sandstorm\n|upkeep\n|turn|22\n|\n|t:|1699961912\n|move|p2a: Banette|Pursuit|p1a: Dragonite\n|-damage|p1a: Dragonite|58\/100\n|move|p1a: Dragonite|Curse|p1a: Dragonite\n|\n|-weather|Sandstorm|[upkeep]\n|-damage|p2a: Banette|71\/100|[from] Sandstorm\n|-damage|p1a: Dragonite|52\/100|[from] Sandstorm\n|upkeep\n|turn|23\n|\n|t:|1699961917\n|move|p2a: Banette|Pursuit|p1a: Dragonite\n|-damage|p1a: Dragonite|48\/100\n|move|p1a: Dragonite|Curse|p1a: Dragonite\n|\n|-weather|none\n|-end|p1a: Dragonite|Encore\n|upkeep\n|turn|24\n|\n|t:|1699961922\n|move|p2a: Banette|Encore|p1a: Dragonite\n|-start|p1a: Dragonite|Encore\n|move|p1a: Dragonite|Curse|p1a: Dragonite\n|\n|upkeep\n|turn|25\n|\n|t:|1699961925\n|switch|p2a: Tyranitar|Tyranitar, M|80\/100\n|-activate|p2a: Tyranitar|move: Sticky Web\n|-unboost|p2a: Tyranitar|spe|1\n|-weather|Sandstorm|[from] ability: Sand Stream|[of] p2a: Tyranitar\n|move|p1a: Dragonite|Curse|p1a: Dragonite\n|\n|-weather|Sandstorm|[upkeep]\n|-damage|p1a: Dragonite|41\/100|[from] Sandstorm\n|upkeep\n|turn|26\n|\n|t:|1699961932\n|move|p2a: Tyranitar|Ice Beam|p1a: Dragonite\n|-damage|p1a: Dragonite|15\/100\n|-status|p1a: Dragonite|frz\n|-curestatus|p1a: Dragonite|frz|[msg]\n|move|p1a: Dragonite|Curse|p1a: Dragonite\n|\n|-weather|Sandstorm|[upkeep]\n|-damage|p1a: Dragonite|9\/100|[from] Sandstorm\n|-end|p1a: Dragonite|Encore\n|upkeep\n|turn|27\n|\n|t:|1699961948\n|switch|p2a: Banette|Banette-Mega, F|71\/100\n|-activate|p2a: Banette|move: Sticky Web\n|-unboost|p2a: Banette|spe|1\n|move|p1a: Dragonite|Extreme Speed|p2a: Banette\n|-immune|p2a: Banette\n|\n|-weather|Sandstorm|[upkeep]\n|-damage|p2a: Banette|65\/100|[from] Sandstorm\n|-damage|p1a: Dragonite|2\/100|[from] Sandstorm\n|upkeep\n|turn|28\n|\n|t:|1699961955\n|move|p2a: Banette|Pursuit|p1a: Dragonite\n|-damage|p1a: Dragonite|0 fnt\n|faint|p1a: Dragonite\n|\n|-weather|Sandstorm|[upkeep]\n|-damage|p2a: Banette|59\/100|[from] Sandstorm\n|upkeep\n|\n|t:|1699961964\n|switch|p1a: Arcanine|Arcanine-Hisui, F|100\/100\n|-damage|p1a: Arcanine|75\/100|[from] Stealth Rock\n|turn|29\n|\n|t:|1699961972\n|switch|p2a: Alomomola|Alomomola, F|100\/100\n|move|p1a: Arcanine|Head Smash|p2a: Alomomola|[miss]\n|-miss|p1a: Arcanine|p2a: Alomomola\n|\n|-weather|none\n|upkeep\n|turn|30\n|-message|mengxingzhu forfeited.\n|\n|win|GAGA233\n|raw|mengxingzhu's rating: 1535 &rarr; <strong>1520<\/strong><br \/>(-15 for losing)\n|raw|GAGA233's rating: 1633 &rarr; <strong>1648<\/strong><br \/>(+15 for winning)\n|player|p1|mengxingzhu|wallace\n","uploadtime":1699961981,"views":35,"p1id":"mengxingzhu","p2id":"gaga233","formatid":"gen9nationaldex","rating":1520,"private":0,"password":""}