{"id":"gen9nationaldex-1999095035","p1":"KdSSSSSSSSSSSS","p2":"Shido464","format":"[Gen 9] National Dex","log":"|html|<div class=\"broadcast-blue\"><strong>[Gen 9] National Dex is currently suspecting Sneasler! For information on how to participate check out the <a href=\"https:\/\/www.smogon.com\/forums\/threads\/sv-national-dex-suspect-8-just-dance.3731534\/\">suspect thread<\/a>.<\/strong><\/div>\n|j|\u2606KdSSSSSSSSSSSS\n|j|\u2606Shido464\n|t:|1701032595\n|gametype|singles\n|player|p1|KdSSSSSSSSSSSS|veteran|\n|player|p2|Shido464|shadowtriad|\n|teamsize|p1|6\n|teamsize|p2|6\n|gen|9\n|tier|[Gen 9] National Dex\n|rule|HP Percentage Mod: HP is shown in percentages\n|rule|Endless Battle Clause: Forcing endless battles is banned\n|rule|OHKO Clause: OHKO moves are banned\n|rule|Evasion Clause: Evasion abilities, items, and moves are banned\n|rule|Evasion Abilities Clause: Evasion abilities are banned\n|rule|Evasion Items Clause: Evasion items are banned\n|rule|Evasion Moves Clause: Evasion moves are banned\n|rule|Species Clause: Limit one of each Pok\u00e9mon\n|rule|Sleep Clause Mod: Limit one foe put to sleep\n|clearpoke\n|poke|p1|Goodra-Hisui, M|\n|poke|p1|Articuno-Galar|\n|poke|p1|Great Tusk|\n|poke|p1|Gengar, M|\n|poke|p1|Cloyster, M|\n|poke|p1|Sableye, M|\n|poke|p2|Volcanion|\n|poke|p2|Kleavor, M|\n|poke|p2|Vivillon-Pokeball, M|\n|poke|p2|Farigiraf, M|\n|poke|p2|Krookodile, F|\n|poke|p2|Aegislash, F|\n|teampreview\n|\n|t:|1701032639\n|start\n|switch|p1a: Great Tusk|Great Tusk|100\/100\n|switch|p2a: Pokebola|Vivillon-Pokeball, M|100\/100\n|turn|1\n|\n|t:|1701032678\n|move|p2a: Pokebola|Quiver Dance|p2a: Pokebola\n|-boost|p2a: Pokebola|spa|1\n|-boost|p2a: Pokebola|spd|1\n|-boost|p2a: Pokebola|spe|1\n|move|p1a: Great Tusk|Ice Spinner|p2a: Pokebola\n|-supereffective|p2a: Pokebola\n|-damage|p2a: Pokebola|13\/100\n|-enditem|p2a: Pokebola|Aguav Berry|[eat]\n|-heal|p2a: Pokebola|46\/100|[from] item: Aguav Berry\n|\n|upkeep\n|turn|2\n|inactive|Battle timer is ON: inactive players will automatically lose when time's up. (requested by KdSSSSSSSSSSSS)\n|\n|t:|1701032691\n|move|p2a: Pokebola|Draining Kiss|p1a: Great Tusk\n|-supereffective|p1a: Great Tusk\n|-damage|p1a: Great Tusk|39\/100\n|-heal|p2a: Pokebola|100\/100|[from] drain|[of] p1a: Great Tusk\n|move|p1a: Great Tusk|Ice Spinner|p2a: Pokebola\n|-supereffective|p2a: Pokebola\n|-damage|p2a: Pokebola|7\/100\n|\n|-heal|p1a: Great Tusk|45\/100|[from] item: Leftovers\n|upkeep\n|turn|3\n|inactive|Shido464 has 270 seconds left.\n|\n|t:|1701032759\n|-end|p1a: Great Tusk|Protosynthesis|[silent]\n|switch|p1a: Goodra|Goodra-Hisui, M, shiny|100\/100\n|move|p2a: Pokebola|Draining Kiss|p1a: Goodra\n|-damage|p1a: Goodra|88\/100\n|-heal|p2a: Pokebola|18\/100|[from] drain|[of] p1a: Goodra\n|\n|upkeep\n|turn|4\n|inactive|Shido464 has 240 seconds left.\n|\n|t:|1701032794\n|switch|p2a: Beba agua fio|Volcanion|100\/100\n|move|p1a: Goodra|Heavy Slam|p2a: Beba agua fio\n|-resisted|p2a: Beba agua fio\n|-damage|p2a: Beba agua fio|98\/100\n|\n|upkeep\n|turn|5\n|inactive|Shido464 has 210 seconds left.\n|\n|t:|1701032825\n|switch|p1a: Sableye|Sableye, M, shiny|100\/100\n|move|p2a: Beba agua fio|Earth Power|p1a: Sableye\n|-damage|p1a: Sableye|61\/100\n|\n|upkeep\n|turn|6\n|\n|t:|1701032838\n|detailschange|p1a: Sableye|Sableye-Mega, M, shiny\n|-mega|p1a: Sableye|Sableye|Sablenite\n|move|p2a: Beba agua fio|Steam Eruption|p1a: Sableye\n|-damage|p1a: Sableye|9\/100\n|move|p1a: Sableye|Knock Off|p2a: Beba agua fio\n|-damage|p2a: Beba agua fio|76\/100\n|-enditem|p2a: Beba agua fio|Heavy-Duty Boots|[from] move: Knock Off|[of] p1a: Sableye\n|\n|upkeep\n|turn|7\n|\n|t:|1701032848\n|move|p1a: Sableye|Protect|p1a: Sableye\n|-singleturn|p1a: Sableye|Protect\n|move|p2a: Beba agua fio|Earth Power|p1a: Sableye\n|-activate|p1a: Sableye|move: Protect\n|\n|upkeep\n|turn|8\n|\n|t:|1701032859\n|switch|p1a: Articuno|Articuno-Galar, shiny|100\/100\n|move|p2a: Beba agua fio|Earth Power|p1a: Articuno\n|-immune|p1a: Articuno\n|\n|upkeep\n|turn|9\n|l|\u2606Shido464\n|inactive|Shido464 disconnected and has 300 seconds to reconnect!\n|player|p2|\n|inactive|Shido464 has 270 seconds to reconnect!\n|j|\u2606Shido464\n|inactive|Shido464 reconnected and has 225 seconds left.\n|player|p2|Shido464|shadowtriad\n|\n|t:|1701032934\n|move|p1a: Articuno|Calm Mind|p1a: Articuno\n|-boost|p1a: Articuno|spa|1\n|-boost|p1a: Articuno|spd|1\n|move|p2a: Beba agua fio|Steam Eruption|p1a: Articuno\n|-damage|p1a: Articuno|59\/100\n|\n|upkeep\n|turn|10\n|\n|t:|1701032944\n|move|p1a: Articuno|Stored Power|p2a: Beba agua fio\n|-damage|p2a: Beba agua fio|21\/100\n|move|p2a: Beba agua fio|Fire Blast|p1a: Articuno\n|-damage|p1a: Articuno|14\/100\n|\n|upkeep\n|turn|11\n|\n|t:|1701032950\n|switch|p2a: MAJORAZIN|Krookodile, F|100\/100\n|move|p1a: Articuno|Stored Power|p2a: MAJORAZIN\n|-immune|p2a: MAJORAZIN\n|\n|upkeep\n|turn|12\n|\n|t:|1701032958\n|switch|p1a: Sableye|Sableye-Mega, M, shiny|9\/100\n|move|p2a: MAJORAZIN|Scale Shot|p1a: Sableye\n|-damage|p1a: Sableye|2\/100\n|-damage|p1a: Sableye|0 fnt\n|faint|p1a: Sableye\n|-ability|p2a: MAJORAZIN|Moxie|boost\n|-boost|p2a: MAJORAZIN|atk|1\n|-hitcount|p1: Sableye|2\n|-unboost|p2a: MAJORAZIN|def|1\n|-boost|p2a: MAJORAZIN|spe|1\n|\n|upkeep\n|\n|t:|1701032982\n|switch|p1a: Cloyster|Cloyster, M|100\/100\n|turn|13\n|\n|t:|1701032987\n|move|p2a: MAJORAZIN|Earthquake|p1a: Cloyster\n|-damage|p1a: Cloyster|43\/100\n|move|p1a: Cloyster|Icicle Spear|p2a: MAJORAZIN\n|-supereffective|p2a: MAJORAZIN\n|-damage|p2a: MAJORAZIN|59\/100\n|-supereffective|p2a: MAJORAZIN\n|-damage|p2a: MAJORAZIN|13\/100\n|-supereffective|p2a: MAJORAZIN\n|-damage|p2a: MAJORAZIN|0 fnt\n|faint|p2a: MAJORAZIN\n|-hitcount|p2: MAJORAZIN|3\n|\n|upkeep\n|\n|t:|1701032993\n|switch|p2a: Minecraft|Kleavor, M|100\/100\n|turn|14\n|\n|t:|1701033001\n|move|p1a: Cloyster|Ice Shard|p2a: Minecraft\n|-damage|p2a: Minecraft|78\/100\n|move|p2a: Minecraft|X-Scissor|p1a: Cloyster\n|-damage|p1a: Cloyster|0 fnt\n|faint|p1a: Cloyster\n|\n|upkeep\n|\n|t:|1701033022\n|switch|p1a: Goodra|Goodra-Hisui, M, shiny|88\/100\n|turn|15\n|\n|t:|1701033026\n|switch|p2a: Beba agua fio|Volcanion|21\/100\n|move|p1a: Goodra|Acid Armor|p1a: Goodra\n|-boost|p1a: Goodra|def|2\n|\n|upkeep\n|turn|16\n|\n|t:|1701033040\n|move|p2a: Beba agua fio|Fire Blast|p1a: Goodra\n|-damage|p1a: Goodra|53\/100\n|move|p1a: Goodra|Body Press|p2a: Beba agua fio\n|-damage|p2a: Beba agua fio|0 fnt\n|faint|p2a: Beba agua fio\n|\n|upkeep\n|\n|t:|1701033049\n|switch|p2a: Aegislash|Aegislash, F|100\/100\n|turn|17\n|\n|t:|1701033055\n|move|p2a: Aegislash|Swords Dance|p2a: Aegislash\n|-boost|p2a: Aegislash|atk|2\n|move|p1a: Goodra|Acid Armor|p1a: Goodra\n|-boost|p1a: Goodra|def|2\n|\n|upkeep\n|turn|18\n|\n|t:|1701033060\n|move|p1a: Goodra|Rest|p1a: Goodra\n|-status|p1a: Goodra|slp|[from] move: Rest\n|-heal|p1a: Goodra|100\/100 slp|[silent]\n|-enditem|p1a: Goodra|Chesto Berry|[eat]\n|-curestatus|p1a: Goodra|slp|[msg]\n|move|p2a: Aegislash|Swords Dance|p2a: Aegislash\n|-boost|p2a: Aegislash|atk|2\n|\n|upkeep\n|turn|19\n|\n|t:|1701033068\n|move|p1a: Goodra|Heavy Slam|p2a: Aegislash\n|-resisted|p2a: Aegislash\n|-damage|p2a: Aegislash|85\/100\n|move|p2a: Aegislash|Swords Dance|p2a: Aegislash\n|-boost|p2a: Aegislash|atk|2\n|\n|-heal|p2a: Aegislash|92\/100|[from] item: Leftovers\n|upkeep\n|turn|20\n|\n|t:|1701033076\n|move|p1a: Goodra|Heavy Slam|p2a: Aegislash\n|-resisted|p2a: Aegislash\n|-damage|p2a: Aegislash|76\/100\n|-formechange|p2a: Aegislash|Aegislash-Blade||[from] ability: Stance Change\n|move|p2a: Aegislash|Iron Head|p1a: Goodra\n|-resisted|p1a: Goodra\n|-damage|p1a: Goodra|71\/100\n|\n|-heal|p2a: Aegislash|83\/100|[from] item: Leftovers\n|upkeep\n|turn|21\n|\n|t:|1701033085\n|-formechange|p2a: Aegislash|Aegislash||[from] ability: Stance Change\n|move|p2a: Aegislash|King's Shield|p2a: Aegislash\n|-singleturn|p2a: Aegislash|Protect\n|move|p1a: Goodra|Heavy Slam|p2a: Aegislash\n|-activate|p2a: Aegislash|move: Protect\n|-unboost|p1a: Goodra|atk|1\n|\n|-heal|p2a: Aegislash|89\/100|[from] item: Leftovers\n|upkeep\n|turn|22\n|\n|t:|1701033099\n|switch|p1a: Articuno|Articuno-Galar, shiny|14\/100\n|-formechange|p2a: Aegislash|Aegislash-Blade||[from] ability: Stance Change\n|move|p2a: Aegislash|Iron Head|p1a: Articuno\n|-damage|p1a: Articuno|0 fnt\n|faint|p1a: Articuno\n|\n|-heal|p2a: Aegislash|95\/100|[from] item: Leftovers\n|upkeep\n|l|\u2606Shido464\n|inactive|Shido464 disconnected and has 250 seconds to reconnect!\n|player|p2|\n|\n|t:|1701033113\n|switch|p1a: Great Tusk|Great Tusk|45\/100\n|turn|23\n|inactive|Shido464 has 240 seconds to reconnect!\n|inactive|Shido464 has 210 seconds to reconnect!\n|inactive|Shido464 has 180 seconds to reconnect!\n|j|\u2606Shido464\n|inactive|Shido464 reconnected and has 300 seconds left.\n|player|p2|Shido464|shadowtriad\n|\n|t:|1701033204\n|move|p1a: Great Tusk|Earthquake|p2a: Aegislash\n|-supereffective|p2a: Aegislash\n|-damage|p2a: Aegislash|0 fnt\n|faint|p2a: Aegislash\n|\n|-heal|p1a: Great Tusk|51\/100|[from] item: Leftovers\n|upkeep\n|\n|t:|1701033209\n|switch|p2a: Pokebola|Vivillon-Pokeball, M|18\/100\n|turn|24\n|\n|t:|1701033221\n|move|p2a: Pokebola|Air Slash|p1a: Great Tusk\n|-supereffective|p1a: Great Tusk\n|-damage|p1a: Great Tusk|0 fnt\n|faint|p1a: Great Tusk\n|-end|p1a: Great Tusk|Protosynthesis|[silent]\n|\n|upkeep\n|\n|t:|1701033225\n|switch|p1a: Gengar|Gengar, M|100\/100\n|turn|25\n|\n|t:|1701033229\n|move|p1a: Gengar|Thunderbolt|p2a: Pokebola\n|-supereffective|p2a: Pokebola\n|-damage|p2a: Pokebola|0 fnt\n|faint|p2a: Pokebola\n|\n|upkeep\n|\n|t:|1701033232\n|switch|p2a: Minecraft|Kleavor, M|78\/100\n|turn|26\n|\n|t:|1701033235\n|switch|p1a: Goodra|Goodra-Hisui, M, shiny|71\/100\n|move|p2a: Minecraft|Psycho Cut|p1a: Goodra\n|-resisted|p1a: Goodra\n|-damage|p1a: Goodra|56\/100\n|\n|upkeep\n|turn|27\n|\n|t:|1701033243\n|switch|p2a: Primo raginbolt|Farigiraf, M|100\/100\n|move|p1a: Goodra|Body Press|p2a: Primo raginbolt\n|-damage|p2a: Primo raginbolt|79\/100\n|-enditem|p2a: Primo raginbolt|Eject Button\n|\n|t:|1701033245\n|switch|p2a: Minecraft|Kleavor, M|78\/100\n|\n|upkeep\n|turn|28\n|\n|t:|1701033264\n|move|p2a: Minecraft|X-Scissor|p1a: Goodra\n|-resisted|p1a: Goodra\n|-damage|p1a: Goodra|27\/100\n|move|p1a: Goodra|Heavy Slam|p2a: Minecraft\n|-supereffective|p2a: Minecraft\n|-damage|p2a: Minecraft|5\/100\n|\n|upkeep\n|turn|29\n|\n|t:|1701033271\n|move|p2a: Minecraft|X-Scissor|p1a: Goodra\n|-resisted|p1a: Goodra\n|-damage|p1a: Goodra|0 fnt\n|faint|p1a: Goodra\n|\n|upkeep\n|\n|t:|1701033280\n|switch|p1a: Gengar|Gengar, M|100\/100\n|turn|30\n|\n|t:|1701033283\n|switch|p2a: Primo raginbolt|Farigiraf, M|79\/100\n|move|p1a: Gengar|Thunderbolt|p2a: Primo raginbolt\n|-damage|p2a: Primo raginbolt|30\/100\n|\n|upkeep\n|turn|31\n|\n|t:|1701033290\n|move|p1a: Gengar|Thunderbolt|p2a: Primo raginbolt\n|-damage|p2a: Primo raginbolt|0 fnt\n|faint|p2a: Primo raginbolt\n|\n|upkeep\n|\n|t:|1701033291\n|switch|p2a: Minecraft|Kleavor, M|5\/100\n|turn|32\n|\n|t:|1701033296\n|move|p2a: Minecraft|Psycho Cut|p1a: Gengar\n|-supereffective|p1a: Gengar\n|-damage|p1a: Gengar|0 fnt\n|faint|p1a: Gengar\n|\n|win|Shido464\n|l|\u2606Shido464\n","uploadtime":1701033320,"views":3,"p1id":"kdssssssssssss","p2id":"shido464","formatid":"gen9nationaldex","rating":0,"private":0,"password":""}