{"id":"gen9nationaldex-1988050910","p1":"PyroGaleZX","p2":"BriefStar","format":"[Gen 9] National Dex","log":"|j|\u2606PyroGaleZX\n|j|\u2606BriefStar\n|t:|1699663518\n|gametype|singles\n|player|p1|PyroGaleZX|grusha|\n|player|p2|BriefStar|benga|\n|teamsize|p1|6\n|teamsize|p2|6\n|gen|9\n|tier|[Gen 9] National Dex\n|rule|HP Percentage Mod: HP is shown in percentages\n|rule|Endless Battle Clause: Forcing endless battles is banned\n|rule|OHKO Clause: OHKO moves are banned\n|rule|Evasion Clause: Evasion abilities, items, and moves are banned\n|rule|Evasion Abilities Clause: Evasion abilities are banned\n|rule|Evasion Items Clause: Evasion items are banned\n|rule|Evasion Moves Clause: Evasion moves are banned\n|rule|Species Clause: Limit one of each Pok\u00e9mon\n|rule|Sleep Clause Mod: Limit one foe put to sleep\n|clearpoke\n|poke|p1|Samurott-Hisui, M|\n|poke|p1|Enamorus-Therian, F|\n|poke|p1|Arcanine, M|\n|poke|p1|Umbreon, F|\n|poke|p1|Spiritomb, M|\n|poke|p1|Pawmo, F|\n|poke|p2|Torkoal, F|\n|poke|p2|Tinkaton, F|\n|poke|p2|Bellibolt, M|\n|poke|p2|Mismagius, F|\n|poke|p2|Charizard, F|\n|poke|p2|Fraxure, F|\n|teampreview\n|\n|t:|1699663619\n|start\n|switch|p1a: Umbreon|Umbreon, F|100\/100\n|switch|p2a: Donny|Torkoal, F|100\/100\n|-weather|SunnyDay|[from] ability: Drought|[of] p2a: Donny\n|turn|1\n|\n|t:|1699663633\n|move|p1a: Umbreon|Toxic|p2a: Donny\n|-status|p2a: Donny|tox\n|move|p2a: Donny|Yawn|p1a: Umbreon\n|-start|p1a: Umbreon|move: Yawn|[of] p2a: Donny\n|\n|-weather|SunnyDay|[upkeep]\n|-damage|p2a: Donny|94\/100 tox|[from] psn\n|upkeep\n|turn|2\n|\n|t:|1699663645\n|switch|p1a: Spiritomb|Spiritomb, M, shiny|100\/100\n|move|p2a: Donny|Stealth Rock|p1a: Spiritomb\n|-sidestart|p1: PyroGaleZX|move: Stealth Rock\n|\n|-weather|SunnyDay|[upkeep]\n|-damage|p2a: Donny|82\/100 tox|[from] psn\n|upkeep\n|turn|3\n|\n|t:|1699663652\n|move|p1a: Spiritomb|Calm Mind|p1a: Spiritomb\n|-boost|p1a: Spiritomb|spa|1\n|-boost|p1a: Spiritomb|spd|1\n|move|p2a: Donny|Lava Plume|p1a: Spiritomb\n|-damage|p1a: Spiritomb|74\/100\n|\n|-weather|SunnyDay|[upkeep]\n|-damage|p2a: Donny|64\/100 tox|[from] psn\n|upkeep\n|turn|4\n|\n|t:|1699663673\n|switch|p2a: Megaton|Tinkaton, F|100\/100\n|-ability|p2a: Megaton|Mold Breaker\n|move|p1a: Spiritomb|Calm Mind|p1a: Spiritomb\n|-boost|p1a: Spiritomb|spa|1\n|-boost|p1a: Spiritomb|spd|1\n|\n|-weather|SunnyDay|[upkeep]\n|upkeep\n|turn|5\n|\n|t:|1699663707\n|switch|p1a: Arcanine|Arcanine, M|100\/100\n|-ability|p1a: Arcanine|Intimidate|boost\n|-unboost|p2a: Megaton|atk|1\n|move|p2a: Megaton|Play Rough|p1a: Arcanine|[miss]\n|-miss|p2a: Megaton|p1a: Arcanine\n|\n|-weather|SunnyDay|[upkeep]\n|upkeep\n|turn|6\n|\n|t:|1699663735\n|switch|p2a: Get in MY BELLY|Bellibolt, M|100\/100\n|move|p1a: Arcanine|Flare Blitz|p2a: Get in MY BELLY\n|-damage|p2a: Get in MY BELLY|60\/100\n|-start|p2a: Get in MY BELLY|Charge|Flare Blitz|[from] ability: Electromorphosis\n|-damage|p1a: Arcanine|86\/100|[from] Recoil\n|\n|-weather|SunnyDay|[upkeep]\n|upkeep\n|turn|7\n|\n|t:|1699663762\n|move|p1a: Arcanine|Flare Blitz|p2a: Get in MY BELLY\n|-damage|p2a: Get in MY BELLY|19\/100\n|-start|p2a: Get in MY BELLY|Charge|Flare Blitz|[from] ability: Electromorphosis\n|-damage|p1a: Arcanine|71\/100|[from] Recoil\n|move|p2a: Get in MY BELLY|Chilling Water|p1a: Arcanine\n|-supereffective|p1a: Arcanine\n|-damage|p1a: Arcanine|58\/100\n|-unboost|p1a: Arcanine|atk|1\n|\n|-weather|SunnyDay|[upkeep]\n|upkeep\n|turn|8\n|\n|t:|1699663797\n|switch|p2a: Hey There|Fraxure, F|100\/100\n|-ability|p2a: Hey There|Mold Breaker\n|move|p1a: Arcanine|Flare Blitz|p2a: Hey There\n|-resisted|p2a: Hey There\n|-damage|p2a: Hey There|77\/100\n|-damage|p1a: Arcanine|52\/100|[from] Recoil\n|\n|-weather|none\n|upkeep\n|turn|9\n|\n|t:|1699663808\n|move|p2a: Hey There|Dragon Dance|p2a: Hey There\n|-boost|p2a: Hey There|atk|1\n|-boost|p2a: Hey There|spe|1\n|move|p1a: Arcanine|Roar|p2a: Hey There\n|drag|p2a: Charizard|Charizard, F, shiny|100\/100\n|\n|upkeep\n|turn|10\n|\n|t:|1699663886\n|switch|p2a: Donny|Torkoal, F|64\/100 tox\n|-weather|SunnyDay|[from] ability: Drought|[of] p2a: Donny\n|switch|p1a: Pawmo|Pawmo, F|100\/100\n|-damage|p1a: Pawmo|94\/100|[from] Stealth Rock\n|\n|-weather|SunnyDay|[upkeep]\n|-damage|p2a: Donny|58\/100 tox|[from] psn\n|upkeep\n|turn|11\n|\n|t:|1699663903\n|move|p1a: Pawmo|Fake Out|p2a: Donny\n|-damage|p2a: Donny|53\/100 tox\n|cant|p2a: Donny|flinch\n|\n|-weather|SunnyDay|[upkeep]\n|-damage|p2a: Donny|41\/100 tox|[from] psn\n|upkeep\n|turn|12\n|\n|t:|1699663914\n|move|p1a: Pawmo|Wish|p1a: Pawmo\n|move|p2a: Donny|Lava Plume|p1a: Pawmo\n|-damage|p1a: Pawmo|63\/100\n|\n|-weather|SunnyDay|[upkeep]\n|-damage|p2a: Donny|22\/100 tox|[from] psn\n|upkeep\n|turn|13\n|\n|t:|1699663926\n|switch|p2a: Charizard|Charizard, F, shiny|100\/100\n|move|p1a: Pawmo|Volt Switch|p2a: Charizard\n|-supereffective|p2a: Charizard\n|-damage|p2a: Charizard|70\/100\n|\n|t:|1699663955\n|switch|p1a: Spiritomb|Spiritomb, M, shiny|74\/100|[from] Volt Switch\n|\n|-weather|SunnyDay|[upkeep]\n|-damage|p2a: Charizard|57\/100|[from] ability: Solar Power|[of] p2a: Charizard\n|-heal|p1a: Spiritomb|100\/100|[from] move: Wish|[wisher] Pawmo\n|upkeep\n|turn|14\n|\n|t:|1699663964\n|move|p2a: Charizard|Flamethrower|p1a: Spiritomb\n|-damage|p1a: Spiritomb|0 fnt\n|faint|p1a: Spiritomb\n|\n|-weather|SunnyDay|[upkeep]\n|-damage|p2a: Charizard|45\/100|[from] ability: Solar Power|[of] p2a: Charizard\n|upkeep\n|\n|t:|1699664012\n|switch|p1a: Umbreon|Umbreon, F|100\/100\n|-damage|p1a: Umbreon|88\/100|[from] Stealth Rock\n|turn|15\n|\n|t:|1699664022\n|move|p1a: Umbreon|Protect|p1a: Umbreon\n|-singleturn|p1a: Umbreon|Protect\n|move|p2a: Charizard|Flamethrower|p1a: Umbreon\n|-activate|p1a: Umbreon|move: Protect\n|\n|-weather|SunnyDay|[upkeep]\n|-damage|p2a: Charizard|32\/100|[from] ability: Solar Power|[of] p2a: Charizard\n|-heal|p1a: Umbreon|94\/100|[from] item: Leftovers\n|upkeep\n|turn|16\n|\n|t:|1699664037\n|move|p2a: Charizard|Flamethrower|p1a: Umbreon\n|-damage|p1a: Umbreon|13\/100\n|move|p1a: Umbreon|Foul Play|p2a: Charizard\n|-damage|p2a: Charizard|1\/100\n|\n|-weather|SunnyDay|[upkeep]\n|-damage|p2a: Charizard|0 fnt|[from] ability: Solar Power|[of] p2a: Charizard\n|faint|p2a: Charizard\n|-heal|p1a: Umbreon|19\/100|[from] item: Leftovers\n|upkeep\n|\n|t:|1699664047\n|switch|p2a: Get in MY BELLY|Bellibolt, M|19\/100\n|turn|17\n|\n|t:|1699664082\n|move|p1a: Umbreon|Wish|p1a: Umbreon\n|move|p2a: Get in MY BELLY|Slack Off|p2a: Get in MY BELLY\n|-heal|p2a: Get in MY BELLY|69\/100\n|\n|-weather|none\n|-heal|p1a: Umbreon|25\/100|[from] item: Leftovers\n|upkeep\n|turn|18\n|\n|t:|1699664093\n|move|p1a: Umbreon|Toxic|p2a: Get in MY BELLY\n|-status|p2a: Get in MY BELLY|tox\n|move|p2a: Get in MY BELLY|Volt Switch|p1a: Umbreon\n|-damage|p1a: Umbreon|11\/100\n|\n|t:|1699664102\n|switch|p2a: Megaton|Tinkaton, F|100\/100|[from] Volt Switch\n|-ability|p2a: Megaton|Mold Breaker\n|\n|-heal|p1a: Umbreon|61\/100|[from] move: Wish|[wisher] Umbreon\n|-heal|p1a: Umbreon|67\/100|[from] item: Leftovers\n|upkeep\n|turn|19\n|\n|t:|1699664126\n|switch|p1a: Enamorus|Enamorus-Therian, F|100\/100\n|-damage|p1a: Enamorus|76\/100|[from] Stealth Rock\n|move|p2a: Megaton|Knock Off|p1a: Enamorus\n|-resisted|p1a: Enamorus\n|-damage|p1a: Enamorus|65\/100\n|-enditem|p1a: Enamorus|Big Root|[from] move: Knock Off|[of] p2a: Megaton\n|\n|upkeep\n|turn|20\n|\n|t:|1699664142\n|move|p2a: Megaton|Play Rough|p1a: Enamorus\n|-damage|p1a: Enamorus|33\/100\n|move|p1a: Enamorus|Earth Power|p2a: Megaton\n|-supereffective|p2a: Megaton\n|-damage|p2a: Megaton|65\/100\n|\n|upkeep\n|turn|21\n|\n|t:|1699664158\n|move|p2a: Megaton|Gigaton Hammer|p1a: Enamorus\n|-supereffective|p1a: Enamorus\n|-damage|p1a: Enamorus|0 fnt\n|faint|p1a: Enamorus\n|\n|upkeep\n|\n|t:|1699664170\n|switch|p1a: Arcanine|Arcanine, M|52\/100\n|-ability|p1a: Arcanine|Intimidate|boost\n|-unboost|p2a: Megaton|atk|1\n|turn|22\n|\n|t:|1699664216\n|switch|p2a: Get in MY BELLY|Bellibolt, M|69\/100 tox\n|move|p1a: Arcanine|Morning Sun|p1a: Arcanine\n|-heal|p1a: Arcanine|100\/100\n|\n|-damage|p2a: Get in MY BELLY|63\/100 tox|[from] psn\n|upkeep\n|turn|23\n|\n|t:|1699664228\n|move|p2a: Get in MY BELLY|Chilling Water|p1a: Arcanine\n|-supereffective|p1a: Arcanine\n|-damage|p1a: Arcanine|77\/100\n|-unboost|p1a: Arcanine|atk|1\n|move|p1a: Arcanine|Roar|p2a: Get in MY BELLY\n|drag|p2a: Megaton|Tinkaton, F|65\/100\n|-ability|p2a: Megaton|Mold Breaker\n|\n|upkeep\n|turn|24\n|\n|t:|1699664257\n|switch|p1a: Pawmo|Pawmo, F|63\/100\n|-damage|p1a: Pawmo|57\/100|[from] Stealth Rock\n|-terastallize|p2a: Megaton|Dark\n|move|p2a: Megaton|Knock Off|p1a: Pawmo\n|-resisted|p1a: Pawmo\n|-damage|p1a: Pawmo|34\/100\n|-enditem|p1a: Pawmo|Eviolite|[from] move: Knock Off|[of] p2a: Megaton\n|\n|upkeep\n|turn|25\n|\n|t:|1699664271\n|move|p1a: Pawmo|Fake Out|p2a: Megaton\n|-crit|p2a: Megaton\n|-damage|p2a: Megaton|51\/100\n|cant|p2a: Megaton|flinch\n|\n|upkeep\n|turn|26\n|\n|t:|1699664277\n|move|p2a: Megaton|Gigaton Hammer|p1a: Pawmo\n|-resisted|p1a: Pawmo\n|-damage|p1a: Pawmo|0 fnt\n|faint|p1a: Pawmo\n|\n|upkeep\n|\n|t:|1699664332\n|switch|p1a: Samurott|Samurott-Hisui, M|100\/100\n|-damage|p1a: Samurott|88\/100|[from] Stealth Rock\n|turn|27\n|\n|t:|1699664342\n|move|p1a: Samurott|Razor Shell|p2a: Megaton\n|-damage|p2a: Megaton|0 fnt\n|faint|p2a: Megaton\n|\n|upkeep\n|\n|t:|1699664349\n|switch|p2a: Donny|Torkoal, F|22\/100 tox\n|-weather|SunnyDay|[from] ability: Drought|[of] p2a: Donny\n|turn|28\n|\n|t:|1699664360\n|move|p1a: Samurott|Razor Shell|p2a: Donny\n|-supereffective|p2a: Donny\n|-damage|p2a: Donny|0 fnt\n|faint|p2a: Donny\n|\n|-weather|SunnyDay|[upkeep]\n|upkeep\n|\n|t:|1699664366\n|switch|p2a: Get in MY BELLY|Bellibolt, M|63\/100 tox\n|turn|29\n|\n|t:|1699664374\n|move|p1a: Samurott|Razor Shell|p2a: Get in MY BELLY\n|-damage|p2a: Get in MY BELLY|39\/100 tox\n|-start|p2a: Get in MY BELLY|Charge|Razor Shell|[from] ability: Electromorphosis\n|move|p2a: Get in MY BELLY|Volt Switch|p1a: Samurott\n|-supereffective|p1a: Samurott\n|-damage|p1a: Samurott|0 fnt\n|faint|p1a: Samurott\n|-end|p2a: Get in MY BELLY|Charge|[silent]\n|\n|t:|1699664389\n|switch|p2a: Hey There|Fraxure, F|77\/100|[from] Volt Switch\n|-ability|p2a: Hey There|Mold Breaker\n|\n|-weather|SunnyDay|[upkeep]\n|upkeep\n|\n|t:|1699664398\n|switch|p1a: Arcanine|Arcanine, M|77\/100\n|-ability|p1a: Arcanine|Intimidate|boost\n|-unboost|p2a: Hey There|atk|1\n|turn|30\n|\n|t:|1699664432\n|move|p2a: Hey There|Stomping Tantrum|p1a: Arcanine\n|-supereffective|p1a: Arcanine\n|-damage|p1a: Arcanine|54\/100\n|move|p1a: Arcanine|Roar|p2a: Hey There\n|drag|p2a: Get in MY BELLY|Bellibolt, M|39\/100 tox\n|\n|-weather|SunnyDay|[upkeep]\n|-damage|p2a: Get in MY BELLY|33\/100 tox|[from] psn\n|upkeep\n|turn|31\n|\n|t:|1699664443\n|move|p1a: Arcanine|Flare Blitz|p2a: Get in MY BELLY\n|-damage|p2a: Get in MY BELLY|0 fnt\n|faint|p2a: Get in MY BELLY\n|-damage|p1a: Arcanine|42\/100|[from] Recoil\n|\n|-weather|SunnyDay|[upkeep]\n|upkeep\n|\n|t:|1699664448\n|switch|p2a: Hey There|Fraxure, F|77\/100\n|-ability|p2a: Hey There|Mold Breaker\n|turn|32\n|\n|t:|1699664458\n|move|p2a: Hey There|Stomping Tantrum|p1a: Arcanine\n|-supereffective|p1a: Arcanine\n|-damage|p1a: Arcanine|7\/100\n|move|p1a: Arcanine|Roar|p2a: Hey There\n|drag|p2a: Magic|Mismagius, F|100\/100\n|\n|-weather|SunnyDay|[upkeep]\n|upkeep\n|turn|33\n|\n|t:|1699664468\n|move|p2a: Magic|Shadow Ball|p1a: Arcanine\n|-damage|p1a: Arcanine|0 fnt\n|faint|p1a: Arcanine\n|-damage|p2a: Magic|91\/100|[from] item: Life Orb\n|\n|-weather|SunnyDay|[upkeep]\n|upkeep\n|\n|t:|1699664474\n|switch|p1a: Umbreon|Umbreon, F|67\/100\n|-damage|p1a: Umbreon|55\/100|[from] Stealth Rock\n|turn|34\n|\n|t:|1699664479\n|move|p2a: Magic|Dazzling Gleam|p1a: Umbreon\n|-supereffective|p1a: Umbreon\n|-damage|p1a: Umbreon|23\/100\n|-damage|p2a: Magic|81\/100|[from] item: Life Orb\n|move|p1a: Umbreon|Wish|p1a: Umbreon\n|\n|-weather|SunnyDay|[upkeep]\n|-heal|p1a: Umbreon|29\/100|[from] item: Leftovers\n|upkeep\n|turn|35\n|\n|t:|1699664496\n|-terastallize|p1a: Umbreon|Poison\n|move|p2a: Magic|Nasty Plot|p2a: Magic\n|-boost|p2a: Magic|spa|2\n|move|p1a: Umbreon|Foul Play|p2a: Magic\n|-supereffective|p2a: Magic\n|-damage|p2a: Magic|18\/100\n|\n|-weather|none\n|-heal|p1a: Umbreon|79\/100|[from] move: Wish|[wisher] Umbreon\n|-heal|p1a: Umbreon|85\/100|[from] item: Leftovers\n|upkeep\n|turn|36\n|\n|t:|1699664526\n|move|p2a: Magic|Shadow Ball|p1a: Umbreon\n|-damage|p1a: Umbreon|38\/100\n|-damage|p2a: Magic|8\/100|[from] item: Life Orb\n|move|p1a: Umbreon|Toxic|p2a: Magic\n|-status|p2a: Magic|tox\n|\n|-heal|p1a: Umbreon|44\/100|[from] item: Leftovers\n|-damage|p2a: Magic|2\/100 tox|[from] psn\n|upkeep\n|turn|37\n|\n|t:|1699664541\n|move|p1a: Umbreon|Protect|p1a: Umbreon\n|-singleturn|p1a: Umbreon|Protect\n|move|p2a: Magic|Shadow Ball|p1a: Umbreon\n|-activate|p1a: Umbreon|move: Protect\n|\n|-heal|p1a: Umbreon|50\/100|[from] item: Leftovers\n|-damage|p2a: Magic|0 fnt|[from] psn\n|faint|p2a: Magic\n|upkeep\n|\n|t:|1699664548\n|switch|p2a: Hey There|Fraxure, F|77\/100\n|-ability|p2a: Hey There|Mold Breaker\n|turn|38\n|\n|t:|1699664570\n|move|p2a: Hey There|Stomping Tantrum|p1a: Umbreon\n|-supereffective|p1a: Umbreon\n|-damage|p1a: Umbreon|14\/100\n|move|p1a: Umbreon|Foul Play|p2a: Hey There\n|-damage|p2a: Hey There|21\/100\n|\n|-heal|p1a: Umbreon|20\/100|[from] item: Leftovers\n|upkeep\n|turn|39\n|\n|t:|1699664592\n|move|p1a: Umbreon|Protect|p1a: Umbreon\n|-singleturn|p1a: Umbreon|Protect\n|move|p2a: Hey There|Outrage|p1a: Umbreon\n|-activate|p1a: Umbreon|move: Protect\n|\n|-heal|p1a: Umbreon|26\/100|[from] item: Leftovers\n|upkeep\n|turn|40\n|\n|t:|1699664606\n|move|p2a: Hey There|Outrage|p1a: Umbreon\n|-damage|p1a: Umbreon|0 fnt\n|faint|p1a: Umbreon\n|\n|win|BriefStar\n","uploadtime":1699664610,"views":5,"p1id":"pyrogalezx","p2id":"briefstar","formatid":"gen9nationaldex","rating":0,"private":0,"password":""}