{"id":"gen9nationaldex-1997505269","p1":"0-6 or 6-0","p2":"DoctorFiraga","format":"[Gen 9] National Dex","log":"|html|<div class=\"broadcast-blue\"><strong>[Gen 9] National Dex is currently suspecting Sneasler! For information on how to participate check out the <a href=\"https:\/\/www.smogon.com\/forums\/threads\/sv-national-dex-suspect-8-just-dance.3731534\/\">suspect thread<\/a>.<\/strong><\/div>\n|j|\u26060-6 or 6-0\n|j|\u2606DoctorFiraga\n|inactive|Battle timer is ON: inactive players will automatically lose when time's up.\n|t:|1700816908\n|gametype|singles\n|player|p1|0-6 or 6-0|xerosic|\n|player|p2|DoctorFiraga|veteran|\n|teamsize|p1|6\n|teamsize|p2|6\n|gen|9\n|tier|[Gen 9] National Dex\n|rated|Tournament battle\n|rule|HP Percentage Mod: HP is shown in percentages\n|rule|Endless Battle Clause: Forcing endless battles is banned\n|rule|OHKO Clause: OHKO moves are banned\n|rule|Evasion Clause: Evasion abilities, items, and moves are banned\n|rule|Evasion Abilities Clause: Evasion abilities are banned\n|rule|Evasion Items Clause: Evasion items are banned\n|rule|Evasion Moves Clause: Evasion moves are banned\n|rule|Species Clause: Limit one of each Pok\u00e9mon\n|rule|Sleep Clause Mod: Limit one foe put to sleep\n|clearpoke\n|poke|p1|Sneasler, M|\n|poke|p1|Great Tusk|\n|poke|p1|Charizard, M|\n|poke|p1|Rillaboom, M|\n|poke|p1|Slowking-Galar, F|\n|poke|p1|Iron Valiant|\n|poke|p2|Glimmora, M|\n|poke|p2|Ogerpon-Wellspring, F|\n|poke|p2|Scizor, M|\n|poke|p2|Garchomp, M|\n|poke|p2|Moltres|\n|poke|p2|Iron Valiant|\n|teampreview\n|inactive|0-6 or 6-0 also wants the timer to be on.\n|\n|t:|1700816918\n|start\n|switch|p1a: Charizard|Charizard, M|100\/100\n|switch|p2a: Balanced|Ogerpon-Wellspring, F|100\/100\n|turn|1\n|\n|t:|1700816925\n|detailschange|p1a: Charizard|Charizard-Mega-Y, M\n|-mega|p1a: Charizard|Charizard|Charizardite Y\n|-weather|SunnyDay|[from] ability: Drought|[of] p1a: Charizard\n|-terastallize|p2a: Balanced|Water\n|detailschange|p2a: Balanced|Ogerpon-Wellspring-Tera, F, tera:Water\n|-ability|p2a: Balanced|Embody Aspect (Wellspring)|boost\n|-boost|p2a: Balanced|spd|1\n|move|p2a: Balanced|Ivy Cudgel|p1a: Charizard|[anim] Ivy Cudgel Water\n|-supereffective|p1a: Charizard\n|-damage|p1a: Charizard|0 fnt\n|faint|p1a: Charizard\n|\n|-weather|SunnyDay|[upkeep]\n|upkeep\n|c|\u26060-6 or 6-0|did not think it would ohko in sun\n|\n|t:|1700816945\n|switch|p1a: Rillaboom|Rillaboom, M|100\/100\n|-fieldstart|move: Grassy Terrain|[from] ability: Grassy Surge|[of] p1a: Rillaboom\n|turn|2\n|c|\u2606DoctorFiraga|Yeah Ogerpon is a very balanced Mon\n|\n|t:|1700816960\n|switch|p2a: KFC|Moltres|100\/100\n|move|p1a: Rillaboom|U-turn|p2a: KFC\n|-resisted|p2a: KFC\n|-damage|p2a: KFC|92\/100\n|-status|p1a: Rillaboom|brn|[from] ability: Flame Body|[of] p2a: KFC\n|\n|t:|1700816964\n|switch|p1a: Iron Valiant|Iron Valiant|100\/100|[from] U-turn\n|\n|-weather|SunnyDay|[upkeep]\n|upkeep\n|turn|3\n|\n|t:|1700816969\n|move|p1a: Iron Valiant|Thunderbolt|p2a: KFC\n|-supereffective|p2a: KFC\n|-damage|p2a: KFC|27\/100\n|move|p2a: KFC|Flamethrower|p1a: Iron Valiant\n|-damage|p1a: Iron Valiant|0 fnt\n|faint|p1a: Iron Valiant\n|-end|p1a: Iron Valiant|Quark Drive|[silent]\n|\n|-weather|SunnyDay|[upkeep]\n|upkeep\n|\n|t:|1700816975\n|switch|p1a: Slowking|Slowking-Galar, F|100\/100\n|turn|4\n|\n|t:|1700816977\n|move|p2a: KFC|Roost|p2a: KFC\n|-heal|p2a: KFC|77\/100\n|-singleturn|p2a: KFC|move: Roost\n|move|p1a: Slowking|Future Sight|p2a: KFC\n|-start|p1a: Slowking|move: Future Sight\n|\n|-weather|SunnyDay|[upkeep]\n|-heal|p2a: KFC|83\/100|[from] Grassy Terrain\n|upkeep\n|turn|5\n|\n|t:|1700816982\n|move|p2a: KFC|Flamethrower|p1a: Slowking\n|-damage|p1a: Slowking|77\/100\n|move|p1a: Slowking|Sludge Bomb|p2a: KFC\n|-damage|p2a: KFC|55\/100\n|\n|-weather|none\n|-heal|p1a: Slowking|83\/100|[from] Grassy Terrain\n|upkeep\n|turn|6\n|\n|t:|1700816988\n|switch|p2a: HAZARDOUS|Glimmora, M|100\/100\n|move|p1a: Slowking|Scald|p2a: HAZARDOUS\n|-supereffective|p2a: HAZARDOUS\n|-damage|p2a: HAZARDOUS|54\/100\n|\n|-end|p2a: HAZARDOUS|move: Future Sight\n|-supereffective|p2a: HAZARDOUS\n|-crit|p2a: HAZARDOUS\n|-damage|p2a: HAZARDOUS|0 fnt\n|faint|p2a: HAZARDOUS\n|-heal|p1a: Slowking|89\/100|[from] Grassy Terrain\n|-fieldend|move: Grassy Terrain\n|upkeep\n|\n|t:|1700817001\n|switch|p2a: Red Genesect|Scizor, M|100\/100\n|turn|7\n|\n|t:|1700817017\n|detailschange|p2a: Red Genesect|Scizor-Mega, M\n|-mega|p2a: Red Genesect|Scizor|Scizorite\n|move|p2a: Red Genesect|Swords Dance|p2a: Red Genesect\n|-boost|p2a: Red Genesect|atk|2\n|move|p1a: Slowking|Flamethrower|p2a: Red Genesect\n|-supereffective|p2a: Red Genesect\n|-damage|p2a: Red Genesect|3\/100\n|\n|upkeep\n|turn|8\n|\n|t:|1700817028\n|switch|p1a: Great Tusk|Great Tusk|100\/100\n|move|p2a: Red Genesect|Knock Off|p1a: Great Tusk\n|-resisted|p1a: Great Tusk\n|-damage|p1a: Great Tusk|84\/100\n|-damage|p2a: Red Genesect|0 fnt|[from] item: Rocky Helmet|[of] p1a: Great Tusk\n|faint|p2a: Red Genesect\n|\n|upkeep\n|\n|t:|1700817042\n|switch|p2a: Balanced|Ogerpon-Wellspring-Tera, F, tera:Water|100\/100\n|-ability|p2a: Balanced|Embody Aspect (Wellspring)|boost\n|-boost|p2a: Balanced|spd|1\n|turn|9\n|\n|t:|1700817055\n|move|p2a: Balanced|Ivy Cudgel|p1a: Great Tusk|[anim] Ivy Cudgel Water\n|-supereffective|p1a: Great Tusk\n|-damage|p1a: Great Tusk|15\/100\n|move|p1a: Great Tusk|Knock Off|p2a: Balanced\n|-damage|p2a: Balanced|78\/100\n|\n|upkeep\n|turn|10\n|\n|t:|1700817060\n|move|p2a: Balanced|Trailblaze|p1a: Great Tusk\n|-supereffective|p1a: Great Tusk\n|-damage|p1a: Great Tusk|0 fnt\n|-boost|p2a: Balanced|spe|1\n|-damage|p2a: Balanced|61\/100|[from] item: Rocky Helmet|[of] p1a: Great Tusk\n|faint|p1a: Great Tusk\n|-end|p1a: Great Tusk|Protosynthesis|[silent]\n|\n|upkeep\n|\n|t:|1700817063\n|switch|p1a: Rillaboom|Rillaboom, M|100\/100 brn\n|-fieldstart|move: Grassy Terrain|[from] ability: Grassy Surge|[of] p1a: Rillaboom\n|turn|11\n|\n|t:|1700817066\n|switch|p2a: KFC|Moltres|55\/100\n|move|p1a: Rillaboom|Wood Hammer|p2a: KFC\n|-resisted|p2a: KFC\n|-damage|p2a: KFC|40\/100\n|-damage|p1a: Rillaboom|95\/100 brn|[from] Recoil\n|\n|-heal|p1a: Rillaboom|100\/100 brn|[from] Grassy Terrain\n|-damage|p1a: Rillaboom|94\/100 brn|[from] brn\n|upkeep\n|turn|12\n|\n|t:|1700817070\n|switch|p1a: Slowking|Slowking-Galar, F|100\/100\n|move|p2a: KFC|Roost|p2a: KFC\n|-heal|p2a: KFC|91\/100\n|-singleturn|p2a: KFC|move: Roost\n|\n|-heal|p2a: KFC|97\/100|[from] Grassy Terrain\n|upkeep\n|turn|13\n|\n|t:|1700817078\n|move|p2a: KFC|Hurricane|p1a: Slowking|[miss]\n|-miss|p2a: KFC|p1a: Slowking\n|move|p1a: Slowking|Future Sight|p2a: KFC\n|-start|p1a: Slowking|move: Future Sight\n|\n|upkeep\n|turn|14\n|\n|t:|1700817082\n|move|p2a: KFC|Hurricane|p1a: Slowking\n|-damage|p1a: Slowking|81\/100\n|-start|p1a: Slowking|confusion\n|-activate|p1a: Slowking|confusion\n|-damage|p1a: Slowking|76\/100|[from] confusion\n|\n|-heal|p1a: Slowking|82\/100|[from] Grassy Terrain\n|upkeep\n|turn|15\n|\n|t:|1700817103\n|move|p2a: KFC|Will-O-Wisp|p1a: Slowking\n|-status|p1a: Slowking|brn\n|-end|p1a: Slowking|confusion\n|move|p1a: Slowking|Scald|p2a: KFC\n|-supereffective|p2a: KFC\n|-damage|p2a: KFC|63\/100\n|\n|-end|p2a: KFC|move: Future Sight\n|-damage|p2a: KFC|25\/100\n|-heal|p1a: Slowking|88\/100 brn|[from] Grassy Terrain\n|-damage|p1a: Slowking|82\/100 brn|[from] brn\n|-fieldend|move: Grassy Terrain\n|upkeep\n|turn|16\n|\n|t:|1700817121\n|switch|p2a: Balanced|Ogerpon-Wellspring-Tera, F, tera:Water|61\/100\n|-ability|p2a: Balanced|Embody Aspect (Wellspring)|boost\n|-boost|p2a: Balanced|spd|1\n|move|p1a: Slowking|Sludge Bomb|p2a: Balanced\n|-damage|p2a: Balanced|29\/100\n|\n|-damage|p1a: Slowking|76\/100 brn|[from] brn\n|upkeep\n|turn|17\n|\n|t:|1700817128\n|move|p2a: Balanced|Ivy Cudgel|p1a: Slowking|[anim] Ivy Cudgel Water\n|-damage|p1a: Slowking|0 fnt\n|faint|p1a: Slowking\n|\n|upkeep\n|\n|t:|1700817132\n|switch|p1a: Rillaboom|Rillaboom, M|94\/100 brn\n|-fieldstart|move: Grassy Terrain|[from] ability: Grassy Surge|[of] p1a: Rillaboom\n|turn|18\n|\n|t:|1700817145\n|move|p2a: Balanced|Ivy Cudgel|p1a: Rillaboom|[anim] Ivy Cudgel Water\n|-resisted|p1a: Rillaboom\n|-damage|p1a: Rillaboom|49\/100 brn\n|move|p1a: Rillaboom|Superpower|p2a: Balanced\n|-damage|p2a: Balanced|0 fnt\n|-unboost|p1a: Rillaboom|atk|1\n|-unboost|p1a: Rillaboom|def|1\n|faint|p2a: Balanced\n|\n|-heal|p1a: Rillaboom|56\/100 brn|[from] Grassy Terrain\n|-damage|p1a: Rillaboom|49\/100 brn|[from] brn\n|upkeep\n|\n|t:|1700817151\n|switch|p2a: KFC|Moltres|25\/100\n|turn|19\n|\n|t:|1700817156\n|move|p1a: Rillaboom|Superpower|p2a: KFC\n|-resisted|p2a: KFC\n|-damage|p2a: KFC|15\/100\n|-unboost|p1a: Rillaboom|atk|1\n|-unboost|p1a: Rillaboom|def|1\n|move|p2a: KFC|Roost|p2a: KFC\n|-heal|p2a: KFC|65\/100\n|-singleturn|p2a: KFC|move: Roost\n|\n|-heal|p1a: Rillaboom|56\/100 brn|[from] Grassy Terrain\n|-heal|p2a: KFC|71\/100|[from] Grassy Terrain\n|-damage|p1a: Rillaboom|49\/100 brn|[from] brn\n|upkeep\n|turn|20\n|\n|t:|1700817160\n|switch|p1a: Sneasler|Sneasler, M|100\/100\n|-enditem|p1a: Sneasler|Grassy Seed\n|-boost|p1a: Sneasler|def|1|[from] item: Grassy Seed\n|move|p2a: KFC|Roost|p2a: KFC\n|-heal|p2a: KFC|100\/100\n|-singleturn|p2a: KFC|move: Roost\n|\n|upkeep\n|turn|21\n|\n|t:|1700817171\n|-terastallize|p1a: Sneasler|Flying\n|move|p1a: Sneasler|Swords Dance|p1a: Sneasler\n|-boost|p1a: Sneasler|atk|2\n|move|p2a: KFC|Will-O-Wisp|p1a: Sneasler\n|-status|p1a: Sneasler|brn\n|\n|-damage|p1a: Sneasler|95\/100 brn|[from] brn\n|upkeep\n|turn|22\n|\n|t:|1700817179\n|move|p1a: Sneasler|Dire Claw|p2a: KFC\n|-damage|p2a: KFC|58\/100\n|-status|p2a: KFC|slp\n|cant|p2a: KFC|slp\n|\n|-damage|p1a: Sneasler|89\/100 brn|[from] brn\n|-fieldend|move: Grassy Terrain\n|upkeep\n|turn|23\n|\n|t:|1700817184\n|move|p1a: Sneasler|Swords Dance|p1a: Sneasler\n|-boost|p1a: Sneasler|atk|2\n|cant|p2a: KFC|slp\n|\n|-damage|p1a: Sneasler|83\/100 brn|[from] brn\n|upkeep\n|turn|24\n|\n|t:|1700817186\n|move|p1a: Sneasler|Swords Dance|p1a: Sneasler\n|-boost|p1a: Sneasler|atk|2\n|cant|p2a: KFC|slp\n|\n|-damage|p1a: Sneasler|77\/100 brn|[from] brn\n|upkeep\n|turn|25\n|\n|t:|1700817190\n|move|p1a: Sneasler|Dire Claw|p2a: KFC\n|-damage|p2a: KFC|0 fnt\n|faint|p2a: KFC\n|\n|-damage|p1a: Sneasler|71\/100 brn|[from] brn\n|upkeep\n|c|\u2606DoctorFiraga|Bruh\n|\n|t:|1700817200\n|switch|p2a: Skincare|Garchomp, M|100\/100\n|turn|26\n|\n|t:|1700817205\n|move|p1a: Sneasler|Acrobatics|p2a: Skincare\n|-damage|p2a: Skincare|0 fnt\n|-damage|p1a: Sneasler|58\/100 brn|[from] ability: Rough Skin|[of] p2a: Skincare\n|faint|p2a: Skincare\n|\n|-damage|p1a: Sneasler|52\/100 brn|[from] brn\n|upkeep\n|\n|t:|1700817208\n|switch|p2a: Iron Cringe|Iron Valiant|100\/100\n|-enditem|p2a: Iron Cringe|Booster Energy\n|-activate|p2a: Iron Cringe|ability: Quark Drive|[fromitem]\n|-start|p2a: Iron Cringe|quarkdrivespe\n|turn|27\n|c|\u26060-6 or 6-0|balanced mon\n|c|\u2606DoctorFiraga|You're actually kidding me\n|\n|t:|1700817223\n|move|p1a: Sneasler|Acrobatics|p2a: Iron Cringe\n|-supereffective|p2a: Iron Cringe\n|-damage|p2a: Iron Cringe|0 fnt\n|faint|p2a: Iron Cringe\n|-end|p2a: Iron Cringe|Quark Drive|[silent]\n|\n|win|0-6 or 6-0\n|n|\u26060-6 or 6-0|06or60\n|n|\u2606DoctorFiraga|doctorfiraga\n|c|\u2606DoctorFiraga|Procs sleep of all things and then 3+ turn sleep\n|c|\u26060-6 or 6-0|love to see it\n|c|\u26060-6 or 6-0|wont miss it when its banned\n|c|\u2606DoctorFiraga|literally real\n","uploadtime":1700817265,"views":4,"p1id":"06or60","p2id":"doctorfiraga","formatid":"gen9nationaldex","rating":0,"private":0,"password":""}