{"id":"gen9nationaldex-1994353251","p1":"TexanFarmersMarket","p2":"Skye32","format":"[Gen 9] National Dex","log":"|j|\u2606TexanFarmersMarket\n|j|\u2606Skye32\n|t:|1700434283\n|gametype|singles\n|player|p1|TexanFarmersMarket|gambler|\n|player|p2|Skye32|266|\n|teamsize|p1|6\n|teamsize|p2|6\n|gen|9\n|tier|[Gen 9] National Dex\n|rule|HP Percentage Mod: HP is shown in percentages\n|rule|Endless Battle Clause: Forcing endless battles is banned\n|rule|OHKO Clause: OHKO moves are banned\n|rule|Evasion Clause: Evasion abilities, items, and moves are banned\n|rule|Evasion Abilities Clause: Evasion abilities are banned\n|rule|Evasion Items Clause: Evasion items are banned\n|rule|Evasion Moves Clause: Evasion moves are banned\n|rule|Species Clause: Limit one of each Pok\u00e9mon\n|rule|Sleep Clause Mod: Limit one foe put to sleep\n|clearpoke\n|poke|p1|Ursaluna, F|\n|poke|p1|Noivern, F|\n|poke|p1|Hitmontop, M|\n|poke|p1|Mimikyu, M|\n|poke|p1|Aggron, M|\n|poke|p1|Lopunny, M|\n|poke|p2|Ogerpon-Cornerstone, F|\n|poke|p2|Tyranitar, M|\n|poke|p2|Glimmora, M|\n|poke|p2|Garganacl, F|\n|poke|p2|Minior-Violet|\n|poke|p2|Excadrill, F|\n|teampreview\n|inactive|Battle timer is ON: inactive players will automatically lose when time's up. (requested by TexanFarmersMarket)\n|c|\u2606TexanFarmersMarket|oh no its back\n|\n|t:|1700434296\n|start\n|switch|p1a: Breakdancer|Hitmontop, M|100\/100\n|switch|p2a: Minior|Minior-Violet|100\/100\n|-formechange|p2a: Minior|Minior-Meteor||[from] ability: Shields Down\n|turn|1\n|\n|t:|1700434305\n|move|p1a: Breakdancer|Fake Out|p2a: Minior\n|-resisted|p2a: Minior\n|-damage|p2a: Minior|88\/100\n|cant|p2a: Minior|flinch\n|\n|upkeep\n|turn|2\n|\n|t:|1700434310\n|move|p2a: Minior|Shell Smash|p2a: Minior\n|-unboost|p2a: Minior|def|1\n|-unboost|p2a: Minior|spd|1\n|-boost|p2a: Minior|atk|2\n|-boost|p2a: Minior|spa|2\n|-boost|p2a: Minior|spe|2\n|-enditem|p2a: Minior|White Herb\n|-clearnegativeboost|p2a: Minior|[silent]\n|move|p1a: Breakdancer|Triple Axel|p2a: Minior\n|-supereffective|p2a: Minior\n|-crit|p2a: Minior\n|-damage|p2a: Minior|47\/100\n|-supereffective|p2a: Minior\n|-damage|p2a: Minior|0 fnt\n|faint|p2a: Minior\n|-hitcount|p2: Minior|2\n|\n|upkeep\n|\n|t:|1700434331\n|switch|p2a: Ogerpon|Ogerpon-Cornerstone, F|100\/100\n|turn|3\n|\n|t:|1700434343\n|move|p2a: Ogerpon|Spiky Shield|p2a: Ogerpon\n|-singleturn|p2a: Ogerpon|move: Protect\n|move|p1a: Breakdancer|Triple Axel|p2a: Ogerpon\n|-activate|p2a: Ogerpon|move: Protect\n|-damage|p1a: Breakdancer|88\/100|[from] Spiky Shield|[of] p2a: Ogerpon\n|\n|upkeep\n|turn|4\n|\n|t:|1700434353\n|-terastallize|p2a: Ogerpon|Rock\n|detailschange|p2a: Ogerpon|Ogerpon-Cornerstone-Tera, F, tera:Rock\n|-ability|p2a: Ogerpon|Embody Aspect (Cornerstone)|boost\n|-boost|p2a: Ogerpon|def|1\n|move|p2a: Ogerpon|Ivy Cudgel|p1a: Breakdancer|[anim] Ivy Cudgel Rock\n|-resisted|p1a: Breakdancer\n|-crit|p1a: Breakdancer\n|-damage|p1a: Breakdancer|20\/100\n|move|p1a: Breakdancer|Triple Axel|p2a: Ogerpon\n|-damage|p2a: Ogerpon|93\/100\n|-damage|p2a: Ogerpon|76\/100\n|-damage|p2a: Ogerpon|50\/100\n|-hitcount|p2a: Ogerpon|3\n|\n|upkeep\n|turn|5\n|\n|t:|1700434367\n|-terastallize|p1a: Breakdancer|Fighting\n|move|p1a: Breakdancer|Mach Punch|p2a: Ogerpon\n|-supereffective|p2a: Ogerpon\n|-damage|p2a: Ogerpon|0 fnt\n|faint|p2a: Ogerpon\n|\n|upkeep\n|\n|t:|1700434377\n|switch|p2a: Glimmora|Glimmora, M|100\/100\n|turn|6\n|\n|t:|1700434385\n|move|p1a: Breakdancer|Bullet Punch|p2a: Glimmora\n|-supereffective|p2a: Glimmora\n|-damage|p2a: Glimmora|49\/100\n|-activate|p2a: Glimmora|ability: Toxic Debris\n|-sidestart|p1: TexanFarmersMarket|move: Toxic Spikes\n|move|p2a: Glimmora|Sludge Wave|p1a: Breakdancer\n|-damage|p1a: Breakdancer|0 fnt\n|faint|p1a: Breakdancer\n|\n|upkeep\n|\n|t:|1700434391\n|switch|p1a: Contact Only|Aggron, M|100\/100\n|turn|7\n|\n|t:|1700434397\n|switch|p2a: Garganacl|Garganacl, F|100\/100\n|move|p1a: Contact Only|Earthquake|p2a: Garganacl\n|-supereffective|p2a: Garganacl\n|-damage|p2a: Garganacl|55\/100\n|\n|-heal|p2a: Garganacl|62\/100|[from] item: Leftovers\n|upkeep\n|turn|8\n|\n|t:|1700434403\n|move|p1a: Contact Only|Earthquake|p2a: Garganacl\n|-supereffective|p2a: Garganacl\n|-damage|p2a: Garganacl|19\/100\n|move|p2a: Garganacl|Iron Defense|p2a: Garganacl\n|-boost|p2a: Garganacl|def|2\n|\n|-heal|p2a: Garganacl|25\/100|[from] item: Leftovers\n|upkeep\n|turn|9\n|\n|t:|1700434407\n|move|p1a: Contact Only|Earthquake|p2a: Garganacl\n|-supereffective|p2a: Garganacl\n|-damage|p2a: Garganacl|2\/100\n|move|p2a: Garganacl|Recover|p2a: Garganacl\n|-heal|p2a: Garganacl|52\/100\n|\n|-heal|p2a: Garganacl|58\/100|[from] item: Leftovers\n|upkeep\n|turn|10\n|\n|t:|1700434413\n|move|p1a: Contact Only|Earthquake|p2a: Garganacl\n|-supereffective|p2a: Garganacl\n|-damage|p2a: Garganacl|36\/100\n|move|p2a: Garganacl|Recover|p2a: Garganacl\n|-heal|p2a: Garganacl|86\/100\n|\n|-heal|p2a: Garganacl|92\/100|[from] item: Leftovers\n|upkeep\n|turn|11\n|\n|t:|1700434419\n|move|p1a: Contact Only|Earthquake|p2a: Garganacl\n|-supereffective|p2a: Garganacl\n|-damage|p2a: Garganacl|71\/100\n|move|p2a: Garganacl|Iron Defense|p2a: Garganacl\n|-boost|p2a: Garganacl|def|2\n|\n|-heal|p2a: Garganacl|77\/100|[from] item: Leftovers\n|upkeep\n|turn|12\n|\n|t:|1700434428\n|switch|p1a: Not Ursaring|Ursaluna, F|100\/100\n|-status|p1a: Not Ursaring|psn\n|move|p2a: Garganacl|Iron Defense|p2a: Garganacl\n|-boost|p2a: Garganacl|def|2\n|\n|-heal|p2a: Garganacl|83\/100|[from] item: Leftovers\n|-damage|p1a: Not Ursaring|88\/100 psn|[from] psn\n|upkeep\n|turn|13\n|\n|t:|1700434435\n|move|p1a: Not Ursaring|Headlong Rush|p2a: Garganacl\n|-supereffective|p2a: Garganacl\n|-crit|p2a: Garganacl\n|-damage|p2a: Garganacl|0 fnt\n|-unboost|p1a: Not Ursaring|def|1\n|-unboost|p1a: Not Ursaring|spd|1\n|faint|p2a: Garganacl\n|\n|-damage|p1a: Not Ursaring|76\/100 psn|[from] psn\n|upkeep\n|c|\u2606Skye32|\u2026\n|c|\u2606Skye32|that crit mattered\n|inactive|Skye32 has 270 seconds left.\n|\n|t:|1700434470\n|switch|p2a: Tyranitar|Tyranitar, M|100\/100\n|-weather|Sandstorm|[from] ability: Sand Stream|[of] p2a: Tyranitar\n|turn|14\n|c|\u2606TexanFarmersMarket|probably\n|inactive|Skye32 has 270 seconds left.\n|\n|t:|1700434476\n|detailschange|p2a: Tyranitar|Tyranitar-Mega, M\n|-mega|p2a: Tyranitar|Tyranitar|Tyranitarite\n|move|p1a: Not Ursaring|Protect|p1a: Not Ursaring\n|-singleturn|p1a: Not Ursaring|Protect\n|move|p2a: Tyranitar|Body Press|p1a: Not Ursaring\n|-activate|p1a: Not Ursaring|move: Protect\n|\n|-weather|Sandstorm|[upkeep]\n|-damage|p1a: Not Ursaring|64\/100 psn|[from] psn\n|upkeep\n|turn|15\n|inactive|Skye32 has 270 seconds left.\n|\n|t:|1700434493\n|move|p2a: Tyranitar|Dragon Dance|p2a: Tyranitar\n|-boost|p2a: Tyranitar|atk|1\n|-boost|p2a: Tyranitar|spe|1\n|move|p1a: Not Ursaring|Headlong Rush|p2a: Tyranitar\n|-supereffective|p2a: Tyranitar\n|-damage|p2a: Tyranitar|0 fnt\n|-unboost|p1a: Not Ursaring|def|1\n|-unboost|p1a: Not Ursaring|spd|1\n|faint|p2a: Tyranitar\n|\n|-weather|Sandstorm|[upkeep]\n|-damage|p1a: Not Ursaring|51\/100 psn|[from] psn\n|upkeep\n|\n|t:|1700434496\n|switch|p2a: Excadrill|Excadrill, F|100\/100\n|turn|16\n|\n|t:|1700434508\n|move|p1a: Not Ursaring|Protect|p1a: Not Ursaring\n|-singleturn|p1a: Not Ursaring|Protect\n|move|p2a: Excadrill|Earthquake|p1a: Not Ursaring\n|-activate|p1a: Not Ursaring|move: Protect\n|\n|-weather|Sandstorm|[upkeep]\n|-damage|p1a: Not Ursaring|39\/100 psn|[from] psn\n|upkeep\n|turn|17\n|\n|t:|1700434517\n|switch|p2a: Glimmora|Glimmora, M|49\/100\n|move|p1a: Not Ursaring|Headlong Rush|p2a: Glimmora\n|-supereffective|p2a: Glimmora\n|-damage|p2a: Glimmora|0 fnt\n|-unboost|p1a: Not Ursaring|def|1\n|-unboost|p1a: Not Ursaring|spd|1\n|-activate|p2a: Glimmora|ability: Toxic Debris\n|-sidestart|p1: TexanFarmersMarket|move: Toxic Spikes\n|faint|p2a: Glimmora\n|\n|-weather|Sandstorm|[upkeep]\n|-damage|p1a: Not Ursaring|27\/100 psn|[from] psn\n|upkeep\n|\n|t:|1700434524\n|switch|p2a: Excadrill|Excadrill, F|100\/100\n|turn|18\n|\n|t:|1700434528\n|move|p2a: Excadrill|Iron Head|p1a: Not Ursaring\n|-damage|p1a: Not Ursaring|0 fnt\n|faint|p1a: Not Ursaring\n|\n|-weather|none\n|upkeep\n|\n|t:|1700434530\n|switch|p1a: AHHHH!!!!!|Noivern, F|100\/100\n|-item|p2a: Excadrill|Choice Band|[from] ability: Frisk|[of] p1a: AHHHH!!!!!|[identify]\n|turn|19\n|\n|t:|1700434535\n|move|p1a: AHHHH!!!!!|Heat Wave|p2a: Excadrill\n|-supereffective|p2a: Excadrill\n|-damage|p2a: Excadrill|0 fnt\n|faint|p2a: Excadrill\n|\n|win|TexanFarmersMarket\n|c|\u2606TexanFarmersMarket|ggwp\n","uploadtime":1700434544,"views":20,"p1id":"texanfarmersmarket","p2id":"skye32","formatid":"gen9nationaldex","rating":0,"private":0,"password":""}