{"id":"gen9nationaldex-2000055449","p1":"lele lesserafim","p2":"jkljlkh","format":"[Gen 9] National Dex","log":"|html|<div class=\"broadcast-blue\"><strong>[Gen 9] National Dex is currently suspecting Sneasler! For information on how to participate check out the <a href=\"https:\/\/www.smogon.com\/forums\/threads\/sv-national-dex-suspect-8-just-dance.3731534\/\">suspect thread<\/a>.<\/strong><\/div>\n|j|\u2606lele lesserafim\n|j|\u2606jkljlkh\n|t:|1701146974\n|gametype|singles\n|player|p1|lele lesserafim|169|1635\n|player|p2|jkljlkh|cyrus|1881\n|teamsize|p1|6\n|teamsize|p2|6\n|gen|9\n|tier|[Gen 9] National Dex\n|rated|\n|rule|HP Percentage Mod: HP is shown in percentages\n|rule|Endless Battle Clause: Forcing endless battles is banned\n|rule|OHKO Clause: OHKO moves are banned\n|rule|Evasion Clause: Evasion abilities, items, and moves are banned\n|rule|Evasion Abilities Clause: Evasion abilities are banned\n|rule|Evasion Items Clause: Evasion items are banned\n|rule|Evasion Moves Clause: Evasion moves are banned\n|rule|Species Clause: Limit one of each Pok\u00e9mon\n|rule|Sleep Clause Mod: Limit one foe put to sleep\n|clearpoke\n|poke|p1|Glimmora, F|\n|poke|p1|Ogerpon-Wellspring, F|\n|poke|p1|Ceruledge, M|\n|poke|p1|Scizor, F|\n|poke|p1|Iron Valiant|\n|poke|p1|Dragonite, M|\n|poke|p2|Toxapex, F|\n|poke|p2|Dondozo, M|\n|poke|p2|Gliscor, M|\n|poke|p2|Blissey, F|\n|poke|p2|Corviknight, M|\n|poke|p2|Tyranitar, F|\n|teampreview\n|\n|t:|1701147042\n|start\n|switch|p1a: Glimmora|Glimmora, F|100\/100\n|switch|p2a: hi22|Gliscor, M|100\/100\n|turn|1\n|inactive|Battle timer is ON: inactive players will automatically lose when time's up. (requested by lele lesserafim)\n|\n|t:|1701147063\n|move|p2a: hi22|Protect|p2a: hi22\n|-singleturn|p2a: hi22|Protect\n|move|p1a: Glimmora|Stealth Rock|p2a: hi22\n|-sidestart|p2: jkljlkh|move: Stealth Rock\n|\n|-status|p2a: hi22|tox|[from] item: Toxic Orb\n|upkeep\n|turn|2\n|\n|t:|1701147068\n|switch|p1a: Ogerpon|Ogerpon-Wellspring, F|100\/100\n|move|p2a: hi22|Earthquake|p1a: Ogerpon\n|-resisted|p1a: Ogerpon\n|-damage|p1a: Ogerpon|80\/100\n|\n|upkeep\n|turn|3\n|\n|t:|1701147073\n|move|p1a: Ogerpon|Taunt|p2a: hi22\n|-start|p2a: hi22|move: Taunt\n|cant|p2a: hi22|move: Taunt|Toxic\n|\n|upkeep\n|turn|4\n|\n|t:|1701147077\n|switch|p2a: hi2|Dondozo, M|100\/100\n|move|p1a: Ogerpon|Swords Dance|p1a: Ogerpon\n|-boost|p1a: Ogerpon|atk|2\n|\n|upkeep\n|turn|5\n|\n|t:|1701147080\n|-terastallize|p2a: hi2|Poison\n|move|p1a: Ogerpon|Power Whip|p2a: hi2\n|-resisted|p2a: hi2\n|-damage|p2a: hi2|83\/100\n|move|p2a: hi2|Body Press|p1a: Ogerpon\n|-damage|p1a: Ogerpon|43\/100\n|\n|upkeep\n|turn|6\n|\n|t:|1701147095\n|switch|p1a: Glimmora|Glimmora, F|100\/100\n|move|p2a: hi2|Body Press|p1a: Glimmora\n|-damage|p1a: Glimmora|68\/100\n|-activate|p1a: Glimmora|ability: Toxic Debris\n|-sidestart|p2: jkljlkh|move: Toxic Spikes\n|\n|upkeep\n|turn|7\n|\n|t:|1701147100\n|switch|p2a: hi|Toxapex, F|100\/100\n|-sideend|p2: jkljlkh|move: Toxic Spikes|[of] p2a: hi\n|move|p1a: Glimmora|Power Gem|p2a: hi\n|-damage|p2a: hi|66\/100\n|\n|upkeep\n|turn|8\n|\n|t:|1701147108\n|switch|p1a: Ogerpon|Ogerpon-Wellspring, F|43\/100\n|switch|p2a: hi22|Gliscor, M|100\/100 tox\n|-damage|p2a: hi22|88\/100 tox|[from] Stealth Rock\n|\n|-heal|p2a: hi22|100\/100 tox|[from] ability: Poison Heal\n|upkeep\n|turn|9\n|\n|t:|1701147112\n|move|p1a: Ogerpon|Ivy Cudgel|p2a: hi22|[anim] Ivy Cudgel Water\n|-supereffective|p2a: hi22\n|-damage|p2a: hi22|34\/100 tox\n|move|p2a: hi22|Toxic|p1a: Ogerpon\n|-status|p1a: Ogerpon|tox\n|\n|-damage|p1a: Ogerpon|37\/100 tox|[from] psn\n|-heal|p2a: hi22|46\/100 tox|[from] ability: Poison Heal\n|upkeep\n|turn|10\n|\n|t:|1701147117\n|move|p2a: hi22|Protect|p2a: hi22\n|-singleturn|p2a: hi22|Protect\n|move|p1a: Ogerpon|Ivy Cudgel|p2a: hi22|[anim] Ivy Cudgel Water\n|-activate|p2a: hi22|move: Protect\n|\n|-damage|p1a: Ogerpon|25\/100 tox|[from] psn\n|-heal|p2a: hi22|59\/100 tox|[from] ability: Poison Heal\n|upkeep\n|turn|11\n|\n|t:|1701147121\n|switch|p2a: hi|Toxapex, F|99\/100\n|move|p1a: Ogerpon|Power Whip|p2a: hi|[miss]\n|-miss|p1a: Ogerpon|p2a: hi\n|\n|-damage|p1a: Ogerpon|7\/100 tox|[from] psn\n|upkeep\n|turn|12\n|\n|t:|1701147125\n|move|p2a: hi|Baneful Bunker|p2a: hi\n|-singleturn|p2a: hi|move: Protect\n|move|p1a: Ogerpon|Taunt|p2a: hi\n|-activate|p2a: hi|move: Protect\n|\n|-damage|p1a: Ogerpon|0 fnt|[from] psn\n|faint|p1a: Ogerpon\n|upkeep\n|\n|t:|1701147127\n|switch|p1a: Iron Valiant|Iron Valiant|100\/100\n|-enditem|p1a: Iron Valiant|Booster Energy\n|-activate|p1a: Iron Valiant|ability: Quark Drive|[fromitem]\n|-start|p1a: Iron Valiant|quarkdrivespe\n|turn|13\n|\n|t:|1701147133\n|move|p1a: Iron Valiant|Encore|p2a: hi\n|-start|p2a: hi|Encore\n|move|p2a: hi|Baneful Bunker||[still]\n|-fail|p2a: hi\n|\n|upkeep\n|turn|14\n|\n|t:|1701147136\n|switch|p2a: corvifaifjlkdsfj|Corviknight, M|100\/100\n|-damage|p2a: corvifaifjlkdsfj|88\/100|[from] Stealth Rock\n|-ability|p2a: corvifaifjlkdsfj|Pressure\n|move|p1a: Iron Valiant|Calm Mind|p1a: Iron Valiant\n|-boost|p1a: Iron Valiant|spa|1\n|-boost|p1a: Iron Valiant|spd|1\n|\n|-heal|p2a: corvifaifjlkdsfj|94\/100|[from] item: Leftovers\n|upkeep\n|turn|15\n|\n|t:|1701147140\n|move|p1a: Iron Valiant|Shadow Ball|p2a: corvifaifjlkdsfj\n|-damage|p2a: corvifaifjlkdsfj|67\/100\n|-unboost|p2a: corvifaifjlkdsfj|spd|1\n|move|p2a: corvifaifjlkdsfj|Iron Head|p1a: Iron Valiant\n|-supereffective|p1a: Iron Valiant\n|-damage|p1a: Iron Valiant|43\/100\n|\n|-heal|p2a: corvifaifjlkdsfj|73\/100|[from] item: Leftovers\n|upkeep\n|turn|16\n|\n|t:|1701147155\n|move|p1a: Iron Valiant|Shadow Ball|p2a: corvifaifjlkdsfj\n|-damage|p2a: corvifaifjlkdsfj|35\/100\n|-unboost|p2a: corvifaifjlkdsfj|spd|1\n|move|p2a: corvifaifjlkdsfj|Iron Head|p1a: Iron Valiant\n|-supereffective|p1a: Iron Valiant\n|-damage|p1a: Iron Valiant|0 fnt\n|faint|p1a: Iron Valiant\n|-end|p1a: Iron Valiant|Quark Drive|[silent]\n|\n|-heal|p2a: corvifaifjlkdsfj|41\/100|[from] item: Leftovers\n|upkeep\n|\n|t:|1701147158\n|switch|p1a: Dragonite|Dragonite, M|100\/100\n|turn|17\n|\n|t:|1701147161\n|switch|p2a: hi|Toxapex, F|100\/100\n|move|p1a: Dragonite|Dragon Dance|p1a: Dragonite\n|-boost|p1a: Dragonite|atk|1\n|-boost|p1a: Dragonite|spe|1\n|\n|upkeep\n|turn|18\n|\n|t:|1701147166\n|move|p1a: Dragonite|Earthquake|p2a: hi\n|-supereffective|p2a: hi\n|-damage|p2a: hi|32\/100\n|move|p2a: hi|Toxic|p1a: Dragonite\n|-status|p1a: Dragonite|tox\n|\n|-damage|p1a: Dragonite|94\/100 tox|[from] psn\n|upkeep\n|turn|19\n|\n|t:|1701147170\n|switch|p2a: hi22|Gliscor, M|59\/100 tox\n|-damage|p2a: hi22|46\/100 tox|[from] Stealth Rock\n|move|p1a: Dragonite|Dragon Dance|p1a: Dragonite\n|-boost|p1a: Dragonite|atk|1\n|-boost|p1a: Dragonite|spe|1\n|\n|-damage|p1a: Dragonite|82\/100 tox|[from] psn\n|-heal|p2a: hi22|59\/100 tox|[from] ability: Poison Heal\n|upkeep\n|turn|20\n|\n|t:|1701147177\n|move|p2a: hi22|Protect|p2a: hi22\n|-singleturn|p2a: hi22|Protect\n|move|p1a: Dragonite|Dragon Dance|p1a: Dragonite\n|-boost|p1a: Dragonite|atk|1\n|-boost|p1a: Dragonite|spe|1\n|\n|-damage|p1a: Dragonite|63\/100 tox|[from] psn\n|-heal|p2a: hi22|71\/100 tox|[from] ability: Poison Heal\n|upkeep\n|turn|21\n|\n|t:|1701147182\n|switch|p2a: corvifaifjlkdsfj|Corviknight, M|41\/100\n|-damage|p2a: corvifaifjlkdsfj|29\/100|[from] Stealth Rock\n|-ability|p2a: corvifaifjlkdsfj|Pressure\n|move|p1a: Dragonite|Extreme Speed|p2a: corvifaifjlkdsfj\n|-resisted|p2a: corvifaifjlkdsfj\n|-damage|p2a: corvifaifjlkdsfj|0 fnt\n|faint|p2a: corvifaifjlkdsfj\n|\n|-damage|p1a: Dragonite|39\/100 tox|[from] psn\n|upkeep\n|\n|t:|1701147185\n|switch|p2a: hi2|Dondozo, M, tera:Poison|83\/100\n|turn|22\n|\n|t:|1701147188\n|-zpower|p1a: Dragonite\n|move|p1a: Dragonite|Devastating Drake|p2a: hi2|[zeffect]\n|-damage|p2a: hi2|34\/100\n|move|p2a: hi2|Curse|p2a: hi2\n|-unboost|p2a: hi2|spe|1\n|-boost|p2a: hi2|atk|1\n|-boost|p2a: hi2|def|1\n|\n|-damage|p1a: Dragonite|8\/100 tox|[from] psn\n|upkeep\n|turn|23\n|\n|t:|1701147194\n|switch|p1a: Glimmora|Glimmora, F|68\/100\n|move|p2a: hi2|Rest|p2a: hi2\n|-status|p2a: hi2|slp|[from] move: Rest\n|-heal|p2a: hi2|100\/100 slp|[silent]\n|\n|upkeep\n|turn|24\n|\n|t:|1701147197\n|switch|p2a: hi22|Gliscor, M|71\/100 tox\n|-damage|p2a: hi22|59\/100 tox|[from] Stealth Rock\n|move|p1a: Glimmora|Power Gem|p2a: hi22\n|-damage|p2a: hi22|12\/100 tox\n|\n|-heal|p2a: hi22|24\/100 tox|[from] ability: Poison Heal\n|upkeep\n|turn|25\n|\n|t:|1701147199\n|move|p2a: hi22|Protect|p2a: hi22\n|-singleturn|p2a: hi22|Protect\n|move|p1a: Glimmora|Power Gem|p2a: hi22\n|-activate|p2a: hi22|move: Protect\n|\n|-heal|p2a: hi22|37\/100 tox|[from] ability: Poison Heal\n|upkeep\n|turn|26\n|\n|t:|1701147202\n|switch|p2a: hi22222|Blissey, F|100\/100\n|move|p1a: Glimmora|Power Gem|p2a: hi22222\n|-damage|p2a: hi22222|88\/100\n|\n|upkeep\n|turn|27\n|\n|t:|1701147206\n|move|p1a: Glimmora|Mortal Spin|p2a: hi22222\n|-damage|p2a: hi22222|78\/100\n|-status|p2a: hi22222|psn\n|move|p2a: hi22222|Stealth Rock|p1a: Glimmora\n|-sidestart|p1: lele lesserafim|move: Stealth Rock\n|\n|-damage|p2a: hi22222|66\/100 psn|[from] psn\n|upkeep\n|turn|28\n|\n|t:|1701147209\n|move|p1a: Glimmora|Mortal Spin|p2a: hi22222\n|-damage|p2a: hi22222|57\/100 psn\n|-sideend|p1: lele lesserafim|Stealth Rock|[from] move: Mortal Spin|[of] p1a: Glimmora\n|move|p2a: hi22222|Soft-Boiled|p2a: hi22222\n|-heal|p2a: hi22222|100\/100 psn\n|\n|-damage|p2a: hi22222|88\/100 psn|[from] psn\n|upkeep\n|turn|29\n|\n|t:|1701147213\n|move|p1a: Glimmora|Power Gem|p2a: hi22222\n|-damage|p2a: hi22222|77\/100 psn\n|move|p2a: hi22222|Seismic Toss|p1a: Glimmora\n|-damage|p1a: Glimmora|36\/100\n|-activate|p1a: Glimmora|ability: Toxic Debris\n|-sidestart|p2: jkljlkh|move: Toxic Spikes\n|\n|-damage|p2a: hi22222|65\/100 psn|[from] psn\n|upkeep\n|turn|30\n|\n|t:|1701147217\n|move|p1a: Glimmora|Power Gem|p2a: hi22222\n|-damage|p2a: hi22222|53\/100 psn\n|move|p2a: hi22222|Soft-Boiled|p2a: hi22222\n|-heal|p2a: hi22222|100\/100 psn\n|\n|-damage|p2a: hi22222|88\/100 psn|[from] psn\n|upkeep\n|turn|31\n|\n|t:|1701147222\n|move|p1a: Glimmora|Power Gem|p2a: hi22222\n|-damage|p2a: hi22222|76\/100 psn\n|move|p2a: hi22222|Seismic Toss|p1a: Glimmora\n|-damage|p1a: Glimmora|3\/100\n|-activate|p1a: Glimmora|ability: Toxic Debris\n|-sidestart|p2: jkljlkh|move: Toxic Spikes\n|\n|-damage|p2a: hi22222|64\/100 psn|[from] psn\n|upkeep\n|turn|32\n|\n|t:|1701147229\n|move|p1a: Glimmora|Power Gem|p2a: hi22222\n|-damage|p2a: hi22222|53\/100 psn\n|move|p2a: hi22222|Soft-Boiled|p2a: hi22222\n|-heal|p2a: hi22222|100\/100 psn\n|\n|-damage|p2a: hi22222|88\/100 psn|[from] psn\n|upkeep\n|turn|33\n|\n|t:|1701147234\n|move|p1a: Glimmora|Power Gem|p2a: hi22222\n|-damage|p2a: hi22222|76\/100 psn\n|move|p2a: hi22222|Seismic Toss|p1a: Glimmora\n|-damage|p1a: Glimmora|0 fnt\n|faint|p1a: Glimmora\n|\n|-damage|p2a: hi22222|63\/100 psn|[from] psn\n|upkeep\n|\n|t:|1701147236\n|switch|p1a: Ceruledge|Ceruledge, M|100\/100\n|turn|34\n|\n|t:|1701147240\n|-curestatus|p2a: hi22222|psn|[from] ability: Natural Cure\n|switch|p2a: hi|Toxapex, F|65\/100\n|-sideend|p2: jkljlkh|move: Toxic Spikes|[of] p2a: hi\n|move|p1a: Ceruledge|Poltergeist|p2a: hi|[miss]\n|-miss|p1a: Ceruledge|p2a: hi\n|\n|upkeep\n|turn|35\n|\n|t:|1701147246\n|switch|p1a: Dragonite|Dragonite, M|8\/100 tox\n|move|p2a: hi|Toxic|p1a: Dragonite\n|-fail|p1a: Dragonite|tox\n|\n|-damage|p1a: Dragonite|1\/100 tox|[from] psn\n|upkeep\n|turn|36\n|\n|t:|1701147251\n|switch|p1a: Scizor|Scizor, F|100\/100\n|move|p2a: hi|Baneful Bunker||[still]\n|-fail|p2a: hi\n|\n|upkeep\n|turn|37\n|\n|t:|1701147256\n|detailschange|p1a: Scizor|Scizor-Mega, F\n|-mega|p1a: Scizor|Scizor|Scizorite\n|move|p1a: Scizor|Swords Dance|p1a: Scizor\n|-boost|p1a: Scizor|atk|2\n|move|p2a: hi|Recover|p2a: hi\n|-heal|p2a: hi|100\/100\n|\n|upkeep\n|turn|38\n|\n|t:|1701147263\n|switch|p2a: hi2|Dondozo, M, tera:Poison|100\/100 slp\n|move|p1a: Scizor|Dual Wingbeat|p2a: hi2|[miss]\n|-miss|p1a: Scizor|p2a: hi2\n|\n|upkeep\n|turn|39\n|\n|t:|1701147269\n|move|p1a: Scizor|Dual Wingbeat|p2a: hi2\n|-damage|p2a: hi2|89\/100 slp\n|-damage|p2a: hi2|77\/100 slp\n|-hitcount|p2a: hi2|2\n|cant|p2a: hi2|slp\n|move|p2a: hi2|Sleep Talk|p2a: hi2\n|move|p2a: hi2|Curse|p2a: hi2|[from]move: Sleep Talk\n|-unboost|p2a: hi2|spe|1\n|-boost|p2a: hi2|atk|1\n|-boost|p2a: hi2|def|1\n|\n|upkeep\n|turn|40\n|\n|t:|1701147273\n|move|p1a: Scizor|Dual Wingbeat|p2a: hi2\n|-damage|p2a: hi2|69\/100 slp\n|-damage|p2a: hi2|61\/100 slp\n|-hitcount|p2a: hi2|2\n|cant|p2a: hi2|slp\n|move|p2a: hi2|Sleep Talk|p2a: hi2\n|move|p2a: hi2|Curse|p2a: hi2|[from]move: Sleep Talk\n|-unboost|p2a: hi2|spe|1\n|-boost|p2a: hi2|atk|1\n|-boost|p2a: hi2|def|1\n|\n|upkeep\n|turn|41\n|\n|t:|1701147278\n|move|p1a: Scizor|Dual Wingbeat|p2a: hi2\n|-damage|p2a: hi2|55\/100 slp\n|-damage|p2a: hi2|50\/100 slp\n|-hitcount|p2a: hi2|2\n|-curestatus|p2a: hi2|slp|[msg]\n|move|p2a: hi2|Body Press|p1a: Scizor\n|-damage|p1a: Scizor|47\/100\n|\n|upkeep\n|turn|42\n|\n|t:|1701147285\n|switch|p1a: Ceruledge|Ceruledge, M|100\/100\n|move|p2a: hi2|Body Press|p1a: Ceruledge\n|-immune|p1a: Ceruledge\n|\n|upkeep\n|turn|43\n|\n|t:|1701147288\n|move|p1a: Ceruledge|Swords Dance|p1a: Ceruledge\n|-boost|p1a: Ceruledge|atk|2\n|move|p2a: hi2|Rest|p2a: hi2\n|-status|p2a: hi2|slp|[from] move: Rest\n|-heal|p2a: hi2|100\/100 slp|[silent]\n|\n|upkeep\n|turn|44\n|\n|t:|1701147292\n|move|p1a: Ceruledge|Swords Dance|p1a: Ceruledge\n|-boost|p1a: Ceruledge|atk|2\n|cant|p2a: hi2|slp\n|move|p2a: hi2|Sleep Talk|p2a: hi2\n|move|p2a: hi2|Body Press|p1a: Ceruledge|[from]move: Sleep Talk\n|-immune|p1a: Ceruledge\n|\n|upkeep\n|turn|45\n|\n|t:|1701147295\n|move|p1a: Ceruledge|Swords Dance|p1a: Ceruledge\n|-boost|p1a: Ceruledge|atk|2\n|cant|p2a: hi2|slp\n|move|p2a: hi2|Sleep Talk|p2a: hi2\n|move|p2a: hi2|Curse|p2a: hi2|[from]move: Sleep Talk\n|-unboost|p2a: hi2|spe|1\n|-boost|p2a: hi2|atk|1\n|-boost|p2a: hi2|def|1\n|\n|upkeep\n|turn|46\n|\n|t:|1701147298\n|move|p1a: Ceruledge|Bitter Blade|p2a: hi2\n|-damage|p2a: hi2|91\/100 slp\n|-curestatus|p2a: hi2|slp|[msg]\n|move|p2a: hi2|Curse|p2a: hi2\n|-unboost|p2a: hi2|spe|1\n|-boost|p2a: hi2|atk|1\n|-boost|p2a: hi2|def|1\n|\n|upkeep\n|turn|47\n|\n|t:|1701147302\n|move|p1a: Ceruledge|Shadow Sneak|p2a: hi2\n|-damage|p2a: hi2|88\/100\n|move|p2a: hi2|Curse|p2a: hi2\n|-unboost|p2a: hi2|spe|1\n|-boost|p2a: hi2|atk|1\n|-boost|p2a: hi2|def|1\n|\n|upkeep\n|turn|48\n|\n|t:|1701147305\n|move|p1a: Ceruledge|Shadow Sneak|p2a: hi2\n|-damage|p2a: hi2|85\/100\n|move|p2a: hi2|Curse|p2a: hi2\n|-unboost|p2a: hi2|spe|1\n|-boost|p2a: hi2|atk|1\n|-boost|p2a: hi2|def|1\n|\n|upkeep\n|turn|49\n|\n|t:|1701147312\n|move|p1a: Ceruledge|Poltergeist|p2a: hi2\n|-activate|p2a: hi2|move: Poltergeist|Heavy-Duty Boots\n|-damage|p2a: hi2|78\/100\n|move|p2a: hi2|Curse|p2a: hi2\n|\n|upkeep\n|turn|50\n|\n|t:|1701147316\n|move|p1a: Ceruledge|Swords Dance|p1a: Ceruledge\n|-boost|p1a: Ceruledge|atk|0\n|move|p2a: hi2|Curse|p2a: hi2\n|\n|upkeep\n|turn|51\n|\n|t:|1701147322\n|switch|p2a: hi6|Tyranitar, F|100\/100\n|-damage|p2a: hi6|88\/100|[from] Stealth Rock\n|-weather|Sandstorm|[from] ability: Sand Stream|[of] p2a: hi6\n|move|p1a: Ceruledge|Shadow Sneak|p2a: hi6\n|-resisted|p2a: hi6\n|-damage|p2a: hi6|51\/100\n|\n|-weather|Sandstorm|[upkeep]\n|-damage|p1a: Ceruledge|94\/100|[from] Sandstorm\n|upkeep\n|turn|52\n|\n|t:|1701147326\n|detailschange|p2a: hi6|Tyranitar-Mega, F\n|-mega|p2a: hi6|Tyranitar|Tyranitarite\n|move|p1a: Ceruledge|Bitter Blade|p2a: hi6\n|-resisted|p2a: hi6\n|-damage|p2a: hi6|0 fnt\n|-heal|p1a: Ceruledge|100\/100|[from] drain|[of] p2a: hi6\n|faint|p2a: hi6\n|\n|-weather|Sandstorm|[upkeep]\n|-damage|p1a: Ceruledge|94\/100|[from] Sandstorm\n|upkeep\n|\n|t:|1701147334\n|switch|p2a: hi|Toxapex, F|100\/100\n|turn|53\n|\n|t:|1701147342\n|switch|p1a: Dragonite|Dragonite, M|1\/100 tox\n|move|p2a: hi|Baneful Bunker||[still]\n|-fail|p2a: hi\n|\n|-weather|Sandstorm|[upkeep]\n|-damage|p1a: Dragonite|0 fnt|[from] Sandstorm\n|-damage|p2a: hi|95\/100|[from] Sandstorm\n|faint|p1a: Dragonite\n|upkeep\n|\n|t:|1701147344\n|switch|p1a: Scizor|Scizor-Mega, F|47\/100\n|turn|54\n|\n|t:|1701147346\n|switch|p2a: hi22|Gliscor, M|37\/100 tox\n|-damage|p2a: hi22|24\/100 tox|[from] Stealth Rock\n|move|p1a: Scizor|Swords Dance|p1a: Scizor\n|-boost|p1a: Scizor|atk|2\n|\n|-weather|Sandstorm|[upkeep]\n|-heal|p2a: hi22|37\/100 tox|[from] ability: Poison Heal\n|upkeep\n|turn|55\n|\n|t:|1701147349\n|move|p2a: hi22|Protect|p2a: hi22\n|-singleturn|p2a: hi22|Protect\n|move|p1a: Scizor|Dual Wingbeat|p2a: hi22\n|-activate|p2a: hi22|move: Protect\n|\n|-weather|none\n|-heal|p2a: hi22|49\/100 tox|[from] ability: Poison Heal\n|upkeep\n|turn|56\n|\n|t:|1701147351\n|move|p1a: Scizor|Dual Wingbeat|p2a: hi22\n|-damage|p2a: hi22|19\/100 tox\n|-damage|p2a: hi22|0 fnt\n|faint|p2a: hi22\n|-hitcount|p2: hi22|2\n|\n|upkeep\n|\n|t:|1701147354\n|switch|p2a: hi2|Dondozo, M, tera:Poison|78\/100\n|turn|57\n|\n|t:|1701147357\n|switch|p1a: Ceruledge|Ceruledge, M|94\/100\n|switch|p2a: hi|Toxapex, F|100\/100\n|\n|upkeep\n|turn|58\n|\n|t:|1701147359\n|switch|p1a: Scizor|Scizor-Mega, F|47\/100\n|move|p2a: hi|Toxic|p1a: Scizor\n|-immune|p1a: Scizor\n|\n|upkeep\n|turn|59\n|\n|t:|1701147364\n|switch|p2a: hi2|Dondozo, M, tera:Poison|78\/100\n|move|p1a: Scizor|Swords Dance|p1a: Scizor\n|-boost|p1a: Scizor|atk|2\n|\n|upkeep\n|turn|60\n|\n|t:|1701147367\n|move|p1a: Scizor|Dual Wingbeat|p2a: hi2\n|-damage|p2a: hi2|67\/100\n|-damage|p2a: hi2|56\/100\n|-hitcount|p2a: hi2|2\n|move|p2a: hi2|Body Press|p1a: Scizor\n|-damage|p1a: Scizor|22\/100\n|\n|upkeep\n|turn|61\n|\n|t:|1701147370\n|switch|p1a: Ceruledge|Ceruledge, M|94\/100\n|move|p2a: hi2|Rest|p2a: hi2\n|-status|p2a: hi2|slp|[from] move: Rest\n|-heal|p2a: hi2|100\/100 slp|[silent]\n|\n|upkeep\n|turn|62\n|\n|t:|1701147374\n|switch|p2a: hi|Toxapex, F|100\/100\n|-terastallize|p1a: Ceruledge|Ghost\n|move|p1a: Ceruledge|Poltergeist|p2a: hi\n|-activate|p2a: hi|move: Poltergeist|Heavy-Duty Boots\n|-damage|p2a: hi|44\/100\n|\n|upkeep\n|turn|63\n|\n|t:|1701147378\n|move|p2a: hi|Baneful Bunker|p2a: hi\n|-singleturn|p2a: hi|move: Protect\n|move|p1a: Ceruledge|Swords Dance|p1a: Ceruledge\n|-boost|p1a: Ceruledge|atk|2\n|\n|upkeep\n|turn|64\n|\n|t:|1701147384\n|switch|p2a: hi22222|Blissey, F|63\/100\n|move|p1a: Ceruledge|Bitter Blade|p2a: hi22222\n|-damage|p2a: hi22222|0 fnt\n|-heal|p1a: Ceruledge|100\/100|[from] drain|[of] p2a: hi22222\n|faint|p2a: hi22222\n|\n|upkeep\n|\n|t:|1701147388\n|switch|p2a: hi|Toxapex, F|78\/100\n|turn|65\n|\n|t:|1701147391\n|switch|p1a: Scizor|Scizor-Mega, F|22\/100\n|move|p2a: hi|Baneful Bunker||[still]\n|-fail|p2a: hi\n|\n|upkeep\n|turn|66\n|\n|t:|1701147394\n|switch|p2a: hi2|Dondozo, M, tera:Poison|100\/100 slp\n|move|p1a: Scizor|Swords Dance|p1a: Scizor\n|-boost|p1a: Scizor|atk|2\n|\n|upkeep\n|turn|67\n|\n|t:|1701147397\n|switch|p1a: Ceruledge|Ceruledge, M, tera:Ghost|100\/100\n|switch|p2a: hi|Toxapex, F|100\/100\n|\n|upkeep\n|turn|68\n|\n|t:|1701147401\n|switch|p1a: Scizor|Scizor-Mega, F|22\/100\n|move|p2a: hi|Toxic|p1a: Scizor\n|-immune|p1a: Scizor\n|\n|upkeep\n|turn|69\n|\n|t:|1701147405\n|move|p1a: Scizor|Dual Wingbeat|p2a: hi\n|-damage|p2a: hi|83\/100\n|-damage|p2a: hi|66\/100\n|-hitcount|p2a: hi|2\n|move|p2a: hi|Toxic|p1a: Scizor\n|-immune|p1a: Scizor\n|\n|upkeep\n|turn|70\n|\n|t:|1701147410\n|move|p1a: Scizor|Swords Dance|p1a: Scizor\n|-boost|p1a: Scizor|atk|2\n|move|p2a: hi|Recover|p2a: hi\n|-heal|p2a: hi|100\/100\n|\n|upkeep\n|turn|71\n|\n|t:|1701147417\n|move|p1a: Scizor|Dual Wingbeat|p2a: hi\n|-damage|p2a: hi|70\/100\n|-damage|p2a: hi|40\/100\n|-hitcount|p2a: hi|2\n|move|p2a: hi|Toxic|p1a: Scizor\n|-immune|p1a: Scizor\n|\n|upkeep\n|turn|72\n|\n|t:|1701147427\n|switch|p1a: Ceruledge|Ceruledge, M, tera:Ghost|100\/100\n|switch|p2a: hi2|Dondozo, M, tera:Poison|100\/100 slp\n|\n|upkeep\n|turn|73\n|inactive|jkljlkh has 120 seconds left.\n|\n|t:|1701147458\n|move|p1a: Ceruledge|Swords Dance|p1a: Ceruledge\n|-boost|p1a: Ceruledge|atk|2\n|cant|p2a: hi2|slp\n|move|p2a: hi2|Sleep Talk|p2a: hi2\n|move|p2a: hi2|Rest||[from]move: Sleep Talk|[still]\n|-fail|p2a: hi2\n|\n|upkeep\n|turn|74\n|\n|t:|1701147462\n|move|p1a: Ceruledge|Swords Dance|p1a: Ceruledge\n|-boost|p1a: Ceruledge|atk|2\n|cant|p2a: hi2|slp\n|move|p2a: hi2|Sleep Talk|p2a: hi2\n|move|p2a: hi2|Rest||[from]move: Sleep Talk|[still]\n|-fail|p2a: hi2\n|\n|upkeep\n|turn|75\n|\n|t:|1701147465\n|move|p1a: Ceruledge|Swords Dance|p1a: Ceruledge\n|-boost|p1a: Ceruledge|atk|2\n|-curestatus|p2a: hi2|slp|[msg]\n|move|p2a: hi2|Curse|p2a: hi2\n|-unboost|p2a: hi2|spe|1\n|-boost|p2a: hi2|atk|1\n|-boost|p2a: hi2|def|1\n|\n|upkeep\n|turn|76\n|\n|t:|1701147472\n|move|p1a: Ceruledge|Bitter Blade|p2a: hi2\n|-damage|p2a: hi2|87\/100\n|move|p2a: hi2|Curse|p2a: hi2\n|-unboost|p2a: hi2|spe|1\n|-boost|p2a: hi2|atk|1\n|-boost|p2a: hi2|def|1\n|\n|upkeep\n|turn|77\n|\n|t:|1701147478\n|move|p1a: Ceruledge|Shadow Sneak|p2a: hi2\n|-damage|p2a: hi2|80\/100\n|move|p2a: hi2|Curse|p2a: hi2\n|-unboost|p2a: hi2|spe|1\n|-boost|p2a: hi2|atk|1\n|-boost|p2a: hi2|def|1\n|\n|upkeep\n|turn|78\n|\n|t:|1701147483\n|move|p1a: Ceruledge|Shadow Sneak|p2a: hi2\n|-damage|p2a: hi2|75\/100\n|move|p2a: hi2|Curse|p2a: hi2\n|-unboost|p2a: hi2|spe|1\n|-boost|p2a: hi2|atk|1\n|-boost|p2a: hi2|def|1\n|\n|upkeep\n|turn|79\n|\n|t:|1701147487\n|move|p1a: Ceruledge|Swords Dance|p1a: Ceruledge\n|-boost|p1a: Ceruledge|atk|0\n|move|p2a: hi2|Curse|p2a: hi2\n|-unboost|p2a: hi2|spe|1\n|-boost|p2a: hi2|atk|1\n|-boost|p2a: hi2|def|1\n|\n|upkeep\n|turn|80\n|\n|t:|1701147490\n|switch|p2a: hi|Toxapex, F|73\/100\n|move|p1a: Ceruledge|Bitter Blade|p2a: hi\n|-resisted|p2a: hi\n|-damage|p2a: hi|10\/100\n|\n|upkeep\n|turn|81\n|\n|t:|1701147494\n|move|p2a: hi|Baneful Bunker|p2a: hi\n|-singleturn|p2a: hi|move: Protect\n|move|p1a: Ceruledge|Poltergeist|p2a: hi\n|-activate|p2a: hi|move: Protect\n|\n|upkeep\n|turn|82\n|\n|t:|1701147498\n|switch|p2a: hi2|Dondozo, M, tera:Poison|75\/100\n|move|p1a: Ceruledge|Bitter Blade|p2a: hi2\n|-damage|p2a: hi2|51\/100\n|\n|upkeep\n|turn|83\n|\n|t:|1701147502\n|move|p1a: Ceruledge|Swords Dance|p1a: Ceruledge\n|-boost|p1a: Ceruledge|atk|0\n|move|p2a: hi2|Curse|p2a: hi2\n|-unboost|p2a: hi2|spe|1\n|-boost|p2a: hi2|atk|1\n|-boost|p2a: hi2|def|1\n|\n|upkeep\n|turn|84\n|\n|t:|1701147505\n|move|p1a: Ceruledge|Shadow Sneak|p2a: hi2\n|-damage|p2a: hi2|43\/100\n|move|p2a: hi2|Rest|p2a: hi2\n|-status|p2a: hi2|slp|[from] move: Rest\n|-heal|p2a: hi2|100\/100 slp|[silent]\n|\n|upkeep\n|turn|85\n|\n|t:|1701147510\n|move|p1a: Ceruledge|Shadow Sneak|p2a: hi2\n|-damage|p2a: hi2|92\/100 slp\n|cant|p2a: hi2|slp\n|\n|upkeep\n|turn|86\n|\n|t:|1701147514\n|move|p1a: Ceruledge|Shadow Sneak|p2a: hi2\n|-damage|p2a: hi2|83\/100 slp\n|cant|p2a: hi2|slp\n|\n|upkeep\n|turn|87\n|\n|t:|1701147518\n|switch|p2a: hi|Toxapex, F|43\/100\n|move|p1a: Ceruledge|Swords Dance|p1a: Ceruledge\n|-boost|p1a: Ceruledge|atk|0\n|\n|upkeep\n|turn|88\n|\n|t:|1701147525\n|move|p2a: hi|Baneful Bunker|p2a: hi\n|-singleturn|p2a: hi|move: Protect\n|move|p1a: Ceruledge|Poltergeist|p2a: hi\n|-activate|p2a: hi|move: Protect\n|\n|upkeep\n|turn|89\n|j| BurritoSave\n|\n|t:|1701147529\n|switch|p2a: hi2|Dondozo, M, tera:Poison|83\/100 slp\n|move|p1a: Ceruledge|Poltergeist|p2a: hi2\n|-activate|p2a: hi2|move: Poltergeist|Heavy-Duty Boots\n|-damage|p2a: hi2|45\/100 slp\n|\n|upkeep\n|turn|90\n|\n|t:|1701147538\n|move|p1a: Ceruledge|Bitter Blade|p2a: hi2\n|-damage|p2a: hi2|23\/100 slp\n|-curestatus|p2a: hi2|slp|[msg]\n|move|p2a: hi2|Rest|p2a: hi2\n|-status|p2a: hi2|slp|[from] move: Rest\n|-heal|p2a: hi2|100\/100 slp|[silent]\n|\n|upkeep\n|turn|91\n|\n|t:|1701147543\n|switch|p2a: hi|Toxapex, F|76\/100\n|move|p1a: Ceruledge|Shadow Sneak|p2a: hi\n|-damage|p2a: hi|8\/100\n|\n|upkeep\n|turn|92\n|\n|t:|1701147547\n|move|p2a: hi|Baneful Bunker|p2a: hi\n|-singleturn|p2a: hi|move: Protect\n|move|p1a: Ceruledge|Swords Dance|p1a: Ceruledge\n|-boost|p1a: Ceruledge|atk|0\n|\n|upkeep\n|turn|93\n|\n|t:|1701147552\n|switch|p2a: hi2|Dondozo, M, tera:Poison|100\/100 slp\n|move|p1a: Ceruledge|Bitter Blade|p2a: hi2\n|-damage|p2a: hi2|79\/100 slp\n|\n|upkeep\n|turn|94\n|\n|t:|1701147555\n|move|p1a: Ceruledge|Shadow Sneak|p2a: hi2\n|-damage|p2a: hi2|66\/100 slp\n|cant|p2a: hi2|slp\n|move|p2a: hi2|Sleep Talk|p2a: hi2\n|move|p2a: hi2|Body Press|p1a: Ceruledge|[from]move: Sleep Talk\n|-immune|p1a: Ceruledge\n|\n|upkeep\n|turn|95\n|\n|t:|1701147559\n|move|p1a: Ceruledge|Swords Dance|p1a: Ceruledge\n|-boost|p1a: Ceruledge|atk|0\n|cant|p2a: hi2|slp\n|\n|upkeep\n|turn|96\n|\n|t:|1701147561\n|move|p1a: Ceruledge|Shadow Sneak|p2a: hi2\n|-damage|p2a: hi2|53\/100 slp\n|-curestatus|p2a: hi2|slp|[msg]\n|move|p2a: hi2|Curse|p2a: hi2\n|-unboost|p2a: hi2|spe|1\n|-boost|p2a: hi2|atk|1\n|-boost|p2a: hi2|def|1\n|\n|upkeep\n|turn|97\n|\n|t:|1701147567\n|move|p1a: Ceruledge|Swords Dance|p1a: Ceruledge\n|-boost|p1a: Ceruledge|atk|0\n|move|p2a: hi2|Rest|p2a: hi2\n|-status|p2a: hi2|slp|[from] move: Rest\n|-heal|p2a: hi2|100\/100 slp|[silent]\n|\n|upkeep\n|turn|98\n|\n|t:|1701147569\n|switch|p2a: hi|Toxapex, F|41\/100\n|move|p1a: Ceruledge|Shadow Sneak|p2a: hi\n|-damage|p2a: hi|0 fnt\n|faint|p2a: hi\n|\n|upkeep\n|-message|jkljlkh forfeited.\n|\n|win|lele lesserafim\n|raw|lele lesserafim's rating: 1635 &rarr; <strong>1667<\/strong><br \/>(+32 for winning)\n|raw|jkljlkh's rating: 1881 &rarr; <strong>1849<\/strong><br \/>(-32 for losing)\n|c|\u2606lele lesserafim|gg\n|l|\u2606jkljlkh\n|l| BurritoSave\n","uploadtime":1701148256,"views":4,"p1id":"lelelesserafim","p2id":"jkljlkh","formatid":"gen9nationaldex","rating":1667,"private":0,"password":""}