{"id":"gen9nationaldex-2000362743","p1":"XHHXUU","p2":"Crocodileisgood","format":"[Gen 9] National Dex","log":"|html|<div class=\"broadcast-blue\"><strong>[Gen 9] National Dex is currently suspecting Sneasler! For information on how to participate check out the <a href=\"https:\/\/www.smogon.com\/forums\/threads\/sv-national-dex-suspect-8-just-dance.3731534\/\">suspect thread<\/a>.<\/strong><\/div>\n|j|\u2606XHHXUU\n|j|\u2606Crocodileisgood\n|t:|1701188427\n|gametype|singles\n|player|p1|XHHXUU|riley|1386\n|player|p2|Crocodileisgood|170|1384\n|teamsize|p1|6\n|teamsize|p2|6\n|gen|9\n|tier|[Gen 9] National Dex\n|rated|\n|rule|HP Percentage Mod: HP is shown in percentages\n|rule|Endless Battle Clause: Forcing endless battles is banned\n|rule|OHKO Clause: OHKO moves are banned\n|rule|Evasion Clause: Evasion abilities, items, and moves are banned\n|rule|Evasion Abilities Clause: Evasion abilities are banned\n|rule|Evasion Items Clause: Evasion items are banned\n|rule|Evasion Moves Clause: Evasion moves are banned\n|rule|Species Clause: Limit one of each Pok\u00e9mon\n|rule|Sleep Clause Mod: Limit one foe put to sleep\n|clearpoke\n|poke|p1|Glimmora, M|\n|poke|p1|Dragonite, M|\n|poke|p1|Banette, M|\n|poke|p1|Iron Valiant|\n|poke|p1|Cinderace, M|\n|poke|p1|Greninja-*, M|\n|poke|p2|Glimmora, M|\n|poke|p2|Ogerpon-Wellspring, F|\n|poke|p2|Ceruledge, F|\n|poke|p2|Scizor, F|\n|poke|p2|Iron Valiant|\n|poke|p2|Dragonite, M|\n|teampreview\n|inactive|Battle timer is ON: inactive players will automatically lose when time's up. (requested by Crocodileisgood)\n|\n|t:|1701188443\n|start\n|switch|p1a: Banette|Banette, M|100\/100\n|switch|p2a: Glimmora|Glimmora, M|100\/100\n|-item|p2a: Glimmora|Focus Sash|[from] ability: Frisk|[of] p1a: Banette|[identify]\n|turn|1\n|\n|t:|1701188463\n|switch|p2a: Iron Valiant|Iron Valiant|100\/100\n|-enditem|p2a: Iron Valiant|Booster Energy\n|-activate|p2a: Iron Valiant|ability: Quark Drive|[fromitem]\n|-start|p2a: Iron Valiant|quarkdrivespe\n|detailschange|p1a: Banette|Banette-Mega, M\n|-mega|p1a: Banette|Banette|Banettite\n|move|p1a: Banette|Taunt|p2a: Iron Valiant\n|-start|p2a: Iron Valiant|move: Taunt\n|\n|upkeep\n|turn|2\n|\n|t:|1701188480\n|move|p1a: Banette|Destiny Bond|p1a: Banette\n|-singlemove|p1a: Banette|Destiny Bond\n|move|p2a: Iron Valiant|Shadow Ball|p1a: Banette\n|-supereffective|p1a: Banette\n|-damage|p1a: Banette|32\/100\n|\n|upkeep\n|turn|3\n|\n|t:|1701188487\n|-end|p2a: Iron Valiant|Quark Drive|[silent]\n|switch|p2a: Scizor|Scizor, F|100\/100\n|move|p1a: Banette|Poltergeist|p2a: Scizor\n|-activate|p2a: Scizor|move: Poltergeist|Scizorite\n|-damage|p2a: Scizor|16\/100\n|\n|upkeep\n|turn|4\n|\n|t:|1701188501\n|switch|p1a: Cinderace|Cinderace, M|100\/100\n|detailschange|p2a: Scizor|Scizor-Mega, F\n|-mega|p2a: Scizor|Scizor|Scizorite\n|move|p2a: Scizor|Bullet Punch|p1a: Cinderace\n|-resisted|p1a: Cinderace\n|-damage|p1a: Cinderace|74\/100\n|\n|upkeep\n|turn|5\n|\n|t:|1701188512\n|switch|p2a: Ogerpon|Ogerpon-Wellspring, F|100\/100\n|move|p1a: Cinderace|U-turn|p2a: Ogerpon\n|-start|p1a: Cinderace|typechange|Bug|[from] ability: Libero\n|-supereffective|p2a: Ogerpon\n|-damage|p2a: Ogerpon|11\/100\n|\n|t:|1701188529\n|switch|p1a: Dragonite|Dragonite, M|100\/100|[from] U-turn\n|\n|upkeep\n|turn|6\n|\n|t:|1701188535\n|move|p1a: Dragonite|Extreme Speed|p2a: Ogerpon\n|-damage|p2a: Ogerpon|0 fnt\n|faint|p2a: Ogerpon\n|\n|upkeep\n|\n|t:|1701188538\n|switch|p2a: Iron Valiant|Iron Valiant|100\/100\n|turn|7\n|\n|t:|1701188558\n|-terastallize|p1a: Dragonite|Normal\n|move|p2a: Iron Valiant|Moonblast|p1a: Dragonite\n|-damage|p1a: Dragonite|79\/100\n|move|p1a: Dragonite|Curse|p1a: Dragonite\n|-unboost|p1a: Dragonite|spe|1\n|-boost|p1a: Dragonite|atk|1\n|-boost|p1a: Dragonite|def|1\n|\n|upkeep\n|turn|8\n|\n|t:|1701188567\n|move|p1a: Dragonite|Extreme Speed|p2a: Iron Valiant\n|-damage|p2a: Iron Valiant|7\/100\n|move|p2a: Iron Valiant|Encore|p1a: Dragonite\n|-start|p1a: Dragonite|Encore\n|\n|upkeep\n|turn|9\n|\n|t:|1701188574\n|move|p1a: Dragonite|Extreme Speed|p2a: Iron Valiant\n|-damage|p2a: Iron Valiant|0 fnt\n|faint|p2a: Iron Valiant\n|-end|p2a: Iron Valiant|Quark Drive|[silent]\n|\n|upkeep\n|\n|t:|1701188577\n|switch|p2a: Ceruledge|Ceruledge, F|100\/100\n|turn|10\n|\n|t:|1701188590\n|switch|p1a: Greninja|Greninja, M|100\/100\n|move|p2a: Ceruledge|Swords Dance|p2a: Ceruledge\n|-boost|p2a: Ceruledge|atk|2\n|\n|upkeep\n|turn|11\n|\n|t:|1701188603\n|switch|p2a: Glimmora|Glimmora, M|100\/100\n|move|p1a: Greninja|Surf|p2a: Glimmora\n|-supereffective|p2a: Glimmora\n|-enditem|p2a: Glimmora|Focus Sash\n|-damage|p2a: Glimmora|1\/100\n|-damage|p1a: Greninja|91\/100|[from] item: Life Orb\n|\n|upkeep\n|turn|12\n|\n|t:|1701188618\n|move|p1a: Greninja|Surf|p2a: Glimmora\n|-supereffective|p2a: Glimmora\n|-crit|p2a: Glimmora\n|-damage|p2a: Glimmora|0 fnt\n|faint|p2a: Glimmora\n|-ability|p1a: Greninja|Battle Bond|boost\n|-boost|p1a: Greninja|atk|1\n|-boost|p1a: Greninja|spa|1\n|-boost|p1a: Greninja|spe|1\n|-activate|p1a: Greninja|ability: Battle Bond\n|-damage|p1a: Greninja|81\/100|[from] item: Life Orb\n|\n|upkeep\n|\n|t:|1701188621\n|switch|p2a: Dragonite|Dragonite, M|100\/100\n|turn|13\n|\n|t:|1701188631\n|move|p1a: Greninja|Ice Beam|p2a: Dragonite\n|-supereffective|p2a: Dragonite\n|-damage|p2a: Dragonite|0 fnt\n|faint|p2a: Dragonite\n|-damage|p1a: Greninja|71\/100|[from] item: Life Orb\n|\n|upkeep\n|inactive|Crocodileisgood has 120 seconds left.\n|c|\u2606XHHXUU|(\u2445\u2022\u0348\u1d17\u2022\u0348).:*\u2661\n|inactive|Crocodileisgood has 90 seconds left.\n|inactive|Crocodileisgood has 60 seconds left.\n|c|\u2606XHHXUU|\u2e1c\u208d\u0e51\u2022\u2314\u2022\u0e51\u208e\u2e1d\n|c|\u2606XHHXUU|(\u00b4-\u03b9_-\uff40)\n|inactive|Crocodileisgood has 30 seconds left.\n|inactive|Crocodileisgood has 20 seconds left.\n|inactive|Crocodileisgood has 15 seconds left.\n|inactive|Crocodileisgood has 10 seconds left.\n|inactive|Crocodileisgood has 5 seconds left.\n|-message|Crocodileisgood lost due to inactivity.\n|\n|win|XHHXUU\n|raw|XHHXUU's rating: 1386 &rarr; <strong>1406<\/strong><br \/>(+20 for winning)\n|raw|Crocodileisgood's rating: 1384 &rarr; <strong>1364<\/strong><br \/>(-20 for losing)\n","uploadtime":1701188786,"views":2,"p1id":"xhhxuu","p2id":"crocodileisgood","formatid":"gen9nationaldex","rating":1364,"private":0,"password":""}