{"id":"gen9nationaldex-1998666093","p1":"BIBILI233","p2":"yiming8917","format":"[Gen 9] National Dex","log":"|html|<div class=\"broadcast-blue\"><strong>[Gen 9] National Dex is currently suspecting Sneasler! For information on how to participate check out the <a href=\"https:\/\/www.smogon.com\/forums\/threads\/sv-national-dex-suspect-8-just-dance.3731534\/\">suspect thread<\/a>.<\/strong><\/div>\n|j|\u2606BIBILI233\n|j|\u2606yiming8917\n|t:|1700969690\n|gametype|singles\n|player|p1|BIBILI233|170|1588\n|player|p2|yiming8917|rosa|1527\n|teamsize|p1|6\n|teamsize|p2|6\n|gen|9\n|tier|[Gen 9] National Dex\n|rated|\n|rule|HP Percentage Mod: HP is shown in percentages\n|rule|Endless Battle Clause: Forcing endless battles is banned\n|rule|OHKO Clause: OHKO moves are banned\n|rule|Evasion Clause: Evasion abilities, items, and moves are banned\n|rule|Evasion Abilities Clause: Evasion abilities are banned\n|rule|Evasion Items Clause: Evasion items are banned\n|rule|Evasion Moves Clause: Evasion moves are banned\n|rule|Species Clause: Limit one of each Pok\u00e9mon\n|rule|Sleep Clause Mod: Limit one foe put to sleep\n|clearpoke\n|poke|p1|Ogerpon, F|\n|poke|p1|Corviknight, M|\n|poke|p1|Clodsire, F|\n|poke|p1|Tyranitar, M|\n|poke|p1|Tapu Fini|\n|poke|p1|Banette, M|\n|poke|p2|Charizard, M|\n|poke|p2|Clodsire, F|\n|poke|p2|Tapu Lele|\n|poke|p2|Great Tusk|\n|poke|p2|Hoopa-Unbound|\n|poke|p2|Zapdos|\n|teampreview\n|inactive|Battle timer is ON: inactive players will automatically lose when time's up. (requested by yiming8917)\n|\n|t:|1700969702\n|start\n|switch|p1a: Corviknight|Corviknight, M|100\/100\n|switch|p2a: Tapu Lele|Tapu Lele|100\/100\n|-fieldstart|move: Psychic Terrain|[from] ability: Psychic Surge|[of] p2a: Tapu Lele\n|-ability|p1a: Corviknight|Pressure\n|turn|1\n|\n|t:|1700969714\n|switch|p1a: Tyranitar|Tyranitar, M|100\/100\n|-weather|Sandstorm|[from] ability: Sand Stream|[of] p1a: Tyranitar\n|move|p2a: Tapu Lele|Focus Blast|p1a: Tyranitar\n|-supereffective|p1a: Tyranitar\n|-damage|p1a: Tyranitar|0 fnt\n|faint|p1a: Tyranitar\n|\n|-weather|Sandstorm|[upkeep]\n|-damage|p2a: Tapu Lele|94\/100|[from] Sandstorm\n|upkeep\n|\n|t:|1700969721\n|switch|p1a: Banette|Banette, M|100\/100\n|-item|p2a: Tapu Lele|Choice Specs|[from] ability: Frisk|[of] p1a: Banette|[identify]\n|turn|2\n|\n|t:|1700969728\n|-activate|p2a: Tapu Lele|move: Pursuit\n|detailschange|p1a: Banette|Banette-Mega, M\n|-mega|p1a: Banette|Banette|Banettite\n|move|p1a: Banette|Pursuit|p2a: Tapu Lele|[from]Pursuit\n|-damage|p2a: Tapu Lele|42\/100\n|switch|p2a: Hoopa|Hoopa-Unbound|100\/100\n|\n|-weather|Sandstorm|[upkeep]\n|-damage|p2a: Hoopa|95\/100|[from] Sandstorm\n|-damage|p1a: Banette|95\/100|[from] Sandstorm\n|upkeep\n|turn|3\n|\n|t:|1700969744\n|move|p1a: Banette|Destiny Bond|p1a: Banette\n|-singlemove|p1a: Banette|Destiny Bond\n|move|p2a: Hoopa|Dark Pulse|p1a: Banette\n|-supereffective|p1a: Banette\n|-crit|p1a: Banette\n|-damage|p1a: Banette|0 fnt\n|faint|p1a: Banette\n|-activate|p1a: Banette|move: Destiny Bond\n|faint|p2a: Hoopa\n|\n|-weather|Sandstorm|[upkeep]\n|upkeep\n|\n|t:|1700969755\n|switch|p2a: Charizard|Charizard, M, shiny|100\/100\n|switch|p1a: Ogerpon|Ogerpon, F|100\/100\n|turn|4\n|\n|t:|1700969763\n|detailschange|p2a: Charizard|Charizard-Mega-Y, M, shiny\n|-mega|p2a: Charizard|Charizard|Charizardite Y\n|-weather|SunnyDay|[from] ability: Drought|[of] p2a: Charizard\n|move|p1a: Ogerpon|Rock Tomb|p2a: Charizard\n|-supereffective|p2a: Charizard\n|-damage|p2a: Charizard|0 fnt\n|faint|p2a: Charizard\n|\n|-weather|SunnyDay|[upkeep]\n|upkeep\n|\n|t:|1700969771\n|switch|p2a: Great Tusk|Great Tusk|100\/100\n|-activate|p2a: Great Tusk|ability: Protosynthesis\n|-start|p2a: Great Tusk|protosynthesisatk\n|turn|5\n|\n|t:|1700969787\n|switch|p1a: Tapu Fini|Tapu Fini|100\/100\n|-fieldstart|move: Misty Terrain|[from] ability: Misty Surge|[of] p1a: Tapu Fini\n|move|p2a: Great Tusk|Body Press|p1a: Tapu Fini\n|-resisted|p1a: Tapu Fini\n|-damage|p1a: Tapu Fini|85\/100\n|\n|-weather|SunnyDay|[upkeep]\n|-heal|p1a: Tapu Fini|91\/100|[from] item: Leftovers\n|upkeep\n|turn|6\n|\n|t:|1700969796\n|move|p2a: Great Tusk|Stealth Rock|p1a: Tapu Fini\n|-sidestart|p1: BIBILI233|move: Stealth Rock\n|move|p1a: Tapu Fini|Calm Mind|p1a: Tapu Fini\n|-boost|p1a: Tapu Fini|spa|1\n|-boost|p1a: Tapu Fini|spd|1\n|\n|-weather|SunnyDay|[upkeep]\n|-heal|p1a: Tapu Fini|97\/100|[from] item: Leftovers\n|upkeep\n|turn|7\n|\n|t:|1700969799\n|move|p2a: Great Tusk|Headlong Rush|p1a: Tapu Fini\n|-crit|p1a: Tapu Fini\n|-damage|p1a: Tapu Fini|16\/100\n|-unboost|p2a: Great Tusk|def|1\n|-unboost|p2a: Great Tusk|spd|1\n|move|p1a: Tapu Fini|Calm Mind|p1a: Tapu Fini\n|-boost|p1a: Tapu Fini|spa|1\n|-boost|p1a: Tapu Fini|spd|1\n|\n|-weather|SunnyDay|[upkeep]\n|-heal|p1a: Tapu Fini|22\/100|[from] item: Leftovers\n|upkeep\n|turn|8\n|\n|t:|1700969806\n|move|p2a: Great Tusk|Headlong Rush|p1a: Tapu Fini\n|-damage|p1a: Tapu Fini|0 fnt\n|-unboost|p2a: Great Tusk|def|1\n|-unboost|p2a: Great Tusk|spd|1\n|faint|p1a: Tapu Fini\n|\n|-weather|none\n|-end|p2a: Great Tusk|Protosynthesis\n|upkeep\n|\n|t:|1700969808\n|switch|p1a: Ogerpon|Ogerpon, F|100\/100\n|turn|9\n|\n|t:|1700969813\n|move|p1a: Ogerpon|Swords Dance|p1a: Ogerpon\n|-boost|p1a: Ogerpon|atk|2\n|move|p2a: Great Tusk|Body Press|p1a: Ogerpon\n|-damage|p1a: Ogerpon|79\/100\n|\n|-fieldend|Misty Terrain\n|upkeep\n|turn|10\n|\n|t:|1700969819\n|-terastallize|p1a: Ogerpon|Grass\n|detailschange|p1a: Ogerpon|Ogerpon-Teal-Tera, F, tera:Grass\n|-ability|p1a: Ogerpon|Embody Aspect (Teal)|boost\n|-boost|p1a: Ogerpon|spe|1\n|move|p1a: Ogerpon|Ivy Cudgel|p2a: Great Tusk\n|-supereffective|p2a: Great Tusk\n|-damage|p2a: Great Tusk|0 fnt\n|faint|p2a: Great Tusk\n|-end|p2a: Great Tusk|Protosynthesis|[silent]\n|\n|upkeep\n|\n|t:|1700969825\n|switch|p2a: Zapdos|Zapdos|100\/100\n|turn|11\n|\n|t:|1700969828\n|switch|p1a: Clodsire|Clodsire, F|100\/100\n|-damage|p1a: Clodsire|94\/100|[from] Stealth Rock\n|move|p2a: Zapdos|Heat Wave|p1a: Clodsire\n|-damage|p1a: Clodsire|74\/100\n|\n|-heal|p1a: Clodsire|80\/100|[from] item: Leftovers\n|upkeep\n|turn|12\n|\n|t:|1700969840\n|switch|p2a: Tapu Lele|Tapu Lele|42\/100\n|-fieldstart|move: Psychic Terrain|[from] ability: Psychic Surge|[of] p2a: Tapu Lele\n|move|p1a: Clodsire|Earthquake|p2a: Tapu Lele\n|-damage|p2a: Tapu Lele|0 fnt\n|faint|p2a: Tapu Lele\n|\n|-heal|p1a: Clodsire|86\/100|[from] item: Leftovers\n|upkeep\n|\n|t:|1700969848\n|switch|p2a: Clodsire|Clodsire, F, shiny|100\/100\n|turn|13\n|\n|t:|1700969861\n|switch|p1a: Ogerpon|Ogerpon-Teal-Tera, F, tera:Grass|79\/100\n|-ability|p1a: Ogerpon|Embody Aspect (Teal)|boost\n|-boost|p1a: Ogerpon|spe|1\n|move|p2a: Clodsire|Earthquake|p1a: Ogerpon\n|-resisted|p1a: Ogerpon\n|-damage|p1a: Ogerpon|61\/100\n|\n|upkeep\n|turn|14\n|\n|t:|1700969870\n|move|p1a: Ogerpon|Ivy Cudgel|p2a: Clodsire\n|-damage|p2a: Clodsire|25\/100\n|move|p2a: Clodsire|Toxic|p1a: Ogerpon\n|-status|p1a: Ogerpon|tox\n|\n|-heal|p2a: Clodsire|31\/100|[from] item: Leftovers\n|-damage|p1a: Ogerpon|55\/100 tox|[from] psn\n|upkeep\n|turn|15\n|\n|t:|1700969880\n|switch|p1a: Clodsire|Clodsire, F|86\/100\n|-damage|p1a: Clodsire|80\/100|[from] Stealth Rock\n|switch|p2a: Zapdos|Zapdos|100\/100\n|\n|-heal|p1a: Clodsire|86\/100|[from] item: Leftovers\n|upkeep\n|turn|16\n|\n|t:|1700969885\n|move|p2a: Zapdos|Heat Wave|p1a: Clodsire|[miss]\n|-miss|p2a: Zapdos|p1a: Clodsire\n|move|p1a: Clodsire|Earthquake|p2a: Zapdos\n|-immune|p2a: Zapdos\n|\n|-heal|p1a: Clodsire|93\/100|[from] item: Leftovers\n|-fieldend|move: Psychic Terrain\n|upkeep\n|turn|17\n|\n|t:|1700969890\n|move|p2a: Zapdos|Heat Wave|p1a: Clodsire\n|-damage|p1a: Clodsire|72\/100\n|move|p1a: Clodsire|Toxic|p2a: Zapdos\n|-status|p2a: Zapdos|tox\n|\n|-heal|p1a: Clodsire|78\/100|[from] item: Leftovers\n|-damage|p2a: Zapdos|94\/100 tox|[from] psn\n|upkeep\n|turn|18\n|-message|yiming8917 forfeited.\n|\n|win|BIBILI233\n|raw|BIBILI233's rating: 1588 &rarr; <strong>1605<\/strong><br \/>(+17 for winning)\n|raw|yiming8917's rating: 1527 &rarr; <strong>1510<\/strong><br \/>(-17 for losing)\n|l|\u2606yiming8917\n","uploadtime":1700969896,"views":8,"p1id":"bibili233","p2id":"yiming8917","formatid":"gen9nationaldex","rating":1510,"private":0,"password":""}