{"id":"gen9nationaldex-1993790420","p1":"Latrapito","p2":"YinGsJ","format":"[Gen 9] National Dex","log":"|j|\u2606Latrapito\n|j|\u2606YinGsJ\n|t:|1700357600\n|gametype|singles\n|player|p1|Latrapito|aromalady|\n|player|p2|YinGsJ|red-masters|\n|teamsize|p1|6\n|teamsize|p2|6\n|gen|9\n|tier|[Gen 9] National Dex\n|rule|HP Percentage Mod: HP is shown in percentages\n|rule|Endless Battle Clause: Forcing endless battles is banned\n|rule|OHKO Clause: OHKO moves are banned\n|rule|Evasion Clause: Evasion abilities, items, and moves are banned\n|rule|Evasion Abilities Clause: Evasion abilities are banned\n|rule|Evasion Items Clause: Evasion items are banned\n|rule|Evasion Moves Clause: Evasion moves are banned\n|rule|Species Clause: Limit one of each Pok\u00e9mon\n|rule|Sleep Clause Mod: Limit one foe put to sleep\n|clearpoke\n|poke|p1|Cetitan, M|\n|poke|p1|Chatot, M|\n|poke|p1|Greninja-*, M|\n|poke|p1|Drednaw, M|\n|poke|p1|Staraptor, M|\n|poke|p1|Araquanid, F|\n|poke|p2|Heliolisk, F|\n|poke|p2|Spinda, M|\n|poke|p2|Crobat, M|\n|poke|p2|Orthworm, M|\n|poke|p2|Swoobat, F|\n|poke|p2|Houndstone, F|\n|teampreview\n|c|\u2606YinGsJ|Voy a perder\n|c|\u2606YinGsJ|Mira los equipos xD\n|\n|t:|1700357630\n|start\n|switch|p1a: Greninja|Greninja, M|100\/100\n|switch|p2a: Heliolisk|Heliolisk, F, shiny|100\/100\n|turn|1\n|\n|t:|1700357639\n|move|p1a: Greninja|U-turn|p2a: Heliolisk\n|-start|p1a: Greninja|typechange|Bug|[from] ability: Protean\n|-damage|p2a: Heliolisk|59\/100\n|\n|t:|1700357647\n|switch|p1a: Cetitan|Cetitan, M|100\/100|[from] U-turn\n|move|p2a: Heliolisk|Thunderbolt|p1a: Cetitan\n|-damage|p1a: Cetitan|50\/100\n|-status|p1a: Cetitan|par\n|-damage|p2a: Heliolisk|50\/100|[from] item: Life Orb\n|\n|upkeep\n|turn|2\n|\n|t:|1700357663\n|switch|p2a: Spinda|Spinda, M|100\/100\n|move|p1a: Cetitan|Earthquake|p2a: Spinda\n|-damage|p2a: Spinda|63\/100\n|\n|upkeep\n|turn|3\n|\n|t:|1700357679\n|move|p2a: Spinda|Drain Punch|p1a: Cetitan\n|-supereffective|p1a: Cetitan\n|-damage|p1a: Cetitan|31\/100 par\n|-heal|p2a: Spinda|79\/100|[from] drain|[of] p1a: Cetitan\n|move|p1a: Cetitan|Ice Fang|p2a: Spinda\n|-damage|p2a: Spinda|41\/100\n|\n|upkeep\n|turn|4\n|\n|t:|1700357689\n|move|p2a: Spinda|Superpower|p1a: Cetitan\n|-supereffective|p1a: Cetitan\n|-damage|p1a: Cetitan|0 fnt\n|-boost|p2a: Spinda|atk|1\n|-boost|p2a: Spinda|def|1\n|faint|p1a: Cetitan\n|\n|upkeep\n|\n|t:|1700357701\n|switch|p1a: Greninja|Greninja, M|100\/100\n|turn|5\n|\n|t:|1700357707\n|move|p1a: Greninja|Scald|p2a: Spinda\n|-start|p1a: Greninja|typechange|Water|[from] ability: Protean\n|-damage|p2a: Spinda|0 fnt\n|faint|p2a: Spinda\n|\n|upkeep\n|\n|t:|1700357717\n|switch|p2a: Crobat|Crobat, M|100\/100\n|turn|6\n|\n|t:|1700357723\n|move|p1a: Greninja|Scald|p2a: Crobat\n|-damage|p2a: Crobat|38\/100\n|move|p2a: Crobat|U-turn|p1a: Greninja\n|-damage|p1a: Greninja|78\/100\n|\n|t:|1700357732\n|switch|p2a: Swoobat|Swoobat, F, shiny|100\/100|[from] U-turn\n|\n|upkeep\n|turn|7\n|\n|t:|1700357738\n|switch|p1a: Drednaw|Drednaw, M|100\/100\n|move|p2a: Swoobat|Calm Mind|p2a: Swoobat\n|-boost|p2a: Swoobat|spa|2\n|-boost|p2a: Swoobat|spd|2\n|\n|upkeep\n|turn|8\n|\n|t:|1700357750\n|move|p2a: Swoobat|Stored Power|p1a: Drednaw\n|-damage|p1a: Drednaw|35\/100\n|move|p1a: Drednaw|Head Smash|p2a: Swoobat\n|-supereffective|p2a: Swoobat\n|-damage|p2a: Swoobat|0 fnt\n|faint|p2a: Swoobat\n|-damage|p1a: Drednaw|0 fnt|[from] Recoil\n|faint|p1a: Drednaw\n|\n|upkeep\n|\n|t:|1700357765\n|switch|p2a: Crobat|Crobat, M|38\/100\n|switch|p1a: Araquanid|Araquanid, F|100\/100\n|turn|9\n|\n|t:|1700357772\n|move|p2a: Crobat|Brave Bird|p1a: Araquanid\n|-supereffective|p1a: Araquanid\n|-crit|p1a: Araquanid\n|-damage|p1a: Araquanid|0 fnt\n|faint|p1a: Araquanid\n|-damage|p2a: Crobat|8\/100|[from] Recoil\n|\n|-heal|p2a: Crobat|14\/100|[from] item: Black Sludge\n|upkeep\n|\n|t:|1700357781\n|switch|p1a: Greninja|Greninja, M|78\/100\n|turn|10\n|\n|t:|1700357790\n|move|p1a: Greninja|Extrasensory|p2a: Crobat\n|-start|p1a: Greninja|typechange|Psychic|[from] ability: Protean\n|-supereffective|p2a: Crobat\n|-damage|p2a: Crobat|0 fnt\n|faint|p2a: Crobat\n|\n|upkeep\n|\n|t:|1700357796\n|switch|p2a: Houndstone|Houndstone, F|100\/100\n|turn|11\n|\n|t:|1700357810\n|switch|p1a: Chatot|Chatot, M|100\/100\n|move|p2a: Houndstone|Will-O-Wisp|p1a: Chatot\n|-status|p1a: Chatot|brn\n|\n|-damage|p1a: Chatot|94\/100 brn|[from] brn\n|upkeep\n|turn|12\n|\n|t:|1700357819\n|switch|p2a: Orthworm|Orthworm, M|100\/100\n|move|p1a: Chatot|Toxic|p2a: Orthworm\n|-immune|p2a: Orthworm\n|\n|-damage|p1a: Chatot|88\/100 brn|[from] brn\n|upkeep\n|turn|13\n|\n|t:|1700357837\n|move|p1a: Chatot|Hyper Voice|p2a: Orthworm\n|-resisted|p2a: Orthworm\n|-damage|p2a: Orthworm|77\/100\n|move|p2a: Orthworm|Stealth Rock|p1a: Chatot\n|-sidestart|p1: Latrapito|move: Stealth Rock\n|\n|-damage|p1a: Chatot|82\/100 brn|[from] brn\n|upkeep\n|turn|14\n|\n|t:|1700357845\n|move|p1a: Chatot|Hyper Voice|p2a: Orthworm\n|-resisted|p2a: Orthworm\n|-damage|p2a: Orthworm|55\/100\n|move|p2a: Orthworm|Body Press|p1a: Chatot\n|-damage|p1a: Chatot|46\/100 brn\n|\n|-damage|p1a: Chatot|40\/100 brn|[from] brn\n|upkeep\n|turn|15\n|\n|t:|1700357855\n|switch|p2a: Houndstone|Houndstone, F|100\/100\n|move|p1a: Chatot|Defog|p2a: Houndstone\n|-unboost|p2a: Houndstone|evasion|1\n|-sideend|p1: Latrapito|Stealth Rock|[from] move: Defog|[of] p1a: Chatot\n|\n|-damage|p1a: Chatot|33\/100 brn|[from] brn\n|upkeep\n|turn|16\n|\n|t:|1700357871\n|move|p1a: Chatot|Roost|p1a: Chatot\n|-heal|p1a: Chatot|84\/100 brn\n|-singleturn|p1a: Chatot|move: Roost\n|move|p2a: Houndstone|Body Press|p1a: Chatot\n|-supereffective|p1a: Chatot\n|-damage|p1a: Chatot|24\/100 brn\n|\n|-damage|p1a: Chatot|18\/100 brn|[from] brn\n|upkeep\n|turn|17\n|\n|t:|1700357883\n|move|p1a: Chatot|Toxic|p2a: Houndstone\n|-status|p2a: Houndstone|tox\n|move|p2a: Houndstone|Body Press|p1a: Chatot\n|-damage|p1a: Chatot|0 fnt\n|faint|p1a: Chatot\n|\n|-damage|p2a: Houndstone|94\/100 tox|[from] psn\n|upkeep\n|\n|t:|1700357892\n|switch|p1a: Greninja|Greninja, M|78\/100\n|turn|18\n|\n|t:|1700357896\n|move|p1a: Greninja|Dark Pulse|p2a: Houndstone\n|-start|p1a: Greninja|typechange|Dark|[from] ability: Protean\n|-supereffective|p2a: Houndstone\n|-damage|p2a: Houndstone|0 fnt\n|faint|p2a: Houndstone\n|\n|upkeep\n|\n|t:|1700357900\n|switch|p2a: Orthworm|Orthworm, M|55\/100\n|turn|19\n|\n|t:|1700357905\n|move|p1a: Greninja|Dark Pulse|p2a: Orthworm\n|-damage|p2a: Orthworm|0 fnt\n|faint|p2a: Orthworm\n|\n|upkeep\n|\n|t:|1700357908\n|switch|p2a: Heliolisk|Heliolisk, F, shiny|50\/100\n|turn|20\n|\n|t:|1700357911\n|move|p1a: Greninja|Dark Pulse|p2a: Heliolisk\n|-damage|p2a: Heliolisk|0 fnt\n|faint|p2a: Heliolisk\n|\n|win|Latrapito\n|l|\u2606YinGsJ\n","uploadtime":1700357935,"views":32,"p1id":"latrapito","p2id":"yingsj","formatid":"gen9nationaldex","rating":0,"private":0,"password":""}