{"id":"gen9nationaldex-1994932028","p1":"spinojoya","p2":"traisean","format":"[Gen 9] National Dex","log":"|html|<div class=\"broadcast-blue\"><strong>[Gen 9] National Dex is currently suspecting Sneasler! For information on how to participate check out the <a href=\"https:\/\/www.smogon.com\/forums\/threads\/sv-national-dex-suspect-8-just-dance.3731534\/\">suspect thread<\/a>.<\/strong><\/div>\n|j|\u2606spinojoya\n|j|\u203dtraisean\n|t:|1700505805\n|gametype|singles\n|player|p1|spinojoya|265|1664\n|player|p2|traisean|ethan|1553\n|teamsize|p1|6\n|teamsize|p2|6\n|gen|9\n|tier|[Gen 9] National Dex\n|rated|\n|rule|HP Percentage Mod: HP is shown in percentages\n|rule|Endless Battle Clause: Forcing endless battles is banned\n|rule|OHKO Clause: OHKO moves are banned\n|rule|Evasion Clause: Evasion abilities, items, and moves are banned\n|rule|Evasion Abilities Clause: Evasion abilities are banned\n|rule|Evasion Items Clause: Evasion items are banned\n|rule|Evasion Moves Clause: Evasion moves are banned\n|rule|Species Clause: Limit one of each Pok\u00e9mon\n|rule|Sleep Clause Mod: Limit one foe put to sleep\n|clearpoke\n|poke|p1|Charizard, M|\n|poke|p1|Greninja-*, M|\n|poke|p1|Garchomp, M|\n|poke|p1|Iron Valiant|\n|poke|p1|Tapu Koko|\n|poke|p1|Mew|\n|poke|p2|Urshifu-*, F|\n|poke|p2|Ferrothorn, M|\n|poke|p2|Skeledirge, F|\n|poke|p2|Zapdos|\n|poke|p2|Iron Valiant|\n|poke|p2|Weavile, M|\n|teampreview\n|inactive|Battle timer is ON: inactive players will automatically lose when time's up. (requested by traisean)\n|\n|t:|1700505816\n|start\n|switch|p1a: Greninja|Greninja, M|100\/100\n|switch|p2a: Weavile|Weavile, M, shiny|100\/100\n|-ability|p2a: Weavile|Pressure\n|turn|1\n|\n|t:|1700505820\n|switch|p2a: Ferrothorn|Ferrothorn, M, shiny|100\/100\n|move|p1a: Greninja|U-turn|p2a: Ferrothorn\n|-start|p1a: Greninja|typechange|Bug|[from] ability: Protean\n|-damage|p2a: Ferrothorn|77\/100\n|-damage|p1a: Greninja|88\/100|[from] ability: Iron Barbs|[of] p2a: Ferrothorn\n|\n|t:|1700505822\n|switch|p1a: Charizard|Charizard, M|100\/100|[from] U-turn\n|\n|-heal|p2a: Ferrothorn|83\/100|[from] item: Leftovers\n|upkeep\n|turn|2\n|\n|t:|1700505827\n|switch|p2a: Skeledirge|Skeledirge, F, shiny|100\/100\n|detailschange|p1a: Charizard|Charizard-Mega-Y, M\n|-mega|p1a: Charizard|Charizard|Charizardite Y\n|-weather|SunnyDay|[from] ability: Drought|[of] p1a: Charizard\n|move|p1a: Charizard|Weather Ball|p2a: Skeledirge\n|-resisted|p2a: Skeledirge\n|-damage|p2a: Skeledirge|53\/100\n|\n|-weather|SunnyDay|[upkeep]\n|upkeep\n|turn|3\n|\n|t:|1700505833\n|move|p1a: Charizard|Scorching Sands|p2a: Skeledirge\n|-supereffective|p2a: Skeledirge\n|-damage|p2a: Skeledirge|0 fnt\n|faint|p2a: Skeledirge\n|\n|-weather|SunnyDay|[upkeep]\n|upkeep\n|\n|t:|1700505836\n|switch|p2a: Weavile|Weavile, M, shiny|100\/100\n|-ability|p2a: Weavile|Pressure\n|turn|4\n|\n|t:|1700505840\n|switch|p1a: Greninja|Greninja, M|88\/100\n|move|p2a: Weavile|Triple Axel|p1a: Greninja\n|-resisted|p1a: Greninja\n|-damage|p1a: Greninja|76\/100\n|-hitcount|p1a: Greninja|1\n|\n|-weather|SunnyDay|[upkeep]\n|upkeep\n|turn|5\n|\n|t:|1700505844\n|switch|p2a: Ferrothorn|Ferrothorn, M, shiny|83\/100\n|move|p1a: Greninja|U-turn|p2a: Ferrothorn\n|-start|p1a: Greninja|typechange|Bug|[from] ability: Protean\n|-damage|p2a: Ferrothorn|61\/100\n|-damage|p1a: Greninja|63\/100|[from] ability: Iron Barbs|[of] p2a: Ferrothorn\n|\n|t:|1700505848\n|switch|p1a: Garchomp|Garchomp, M|100\/100|[from] U-turn\n|\n|-weather|SunnyDay|[upkeep]\n|-heal|p2a: Ferrothorn|67\/100|[from] item: Leftovers\n|upkeep\n|turn|6\n|\n|t:|1700505851\n|move|p1a: Garchomp|Fire Fang|p2a: Ferrothorn\n|-supereffective|p2a: Ferrothorn\n|-damage|p2a: Ferrothorn|0 fnt\n|-damage|p1a: Garchomp|88\/100|[from] ability: Iron Barbs|[of] p2a: Ferrothorn\n|faint|p2a: Ferrothorn\n|\n|-weather|none\n|upkeep\n|\n|t:|1700505853\n|switch|p2a: Weavile|Weavile, M, shiny|100\/100\n|-ability|p2a: Weavile|Pressure\n|turn|7\n|\n|t:|1700505861\n|move|p2a: Weavile|Triple Axel|p1a: Garchomp\n|-supereffective|p1a: Garchomp\n|-damage|p1a: Garchomp|30\/100\n|-damage|p2a: Weavile|88\/100|[from] ability: Rough Skin|[of] p1a: Garchomp\n|-supereffective|p1a: Garchomp\n|-damage|p1a: Garchomp|0 fnt\n|-damage|p2a: Weavile|76\/100|[from] ability: Rough Skin|[of] p1a: Garchomp\n|faint|p1a: Garchomp\n|-hitcount|p1: Garchomp|2\n|\n|upkeep\n|\n|t:|1700505865\n|switch|p1a: Greninja|Greninja, M|63\/100\n|turn|8\n|\n|t:|1700505868\n|move|p1a: Greninja|U-turn|p2a: Weavile\n|-start|p1a: Greninja|typechange|Bug|[from] ability: Protean\n|-supereffective|p2a: Weavile\n|-damage|p2a: Weavile|0 fnt\n|faint|p2a: Weavile\n|\n|t:|1700505875\n|switch|p1a: Charizard|Charizard-Mega-Y, M|100\/100|[from] U-turn\n|-weather|SunnyDay|[from] ability: Drought|[of] p1a: Charizard\n|\n|-weather|SunnyDay|[upkeep]\n|upkeep\n|\n|t:|1700505878\n|switch|p2a: Urshifu|Urshifu-Rapid-Strike, F|100\/100\n|turn|9\n|\n|t:|1700505881\n|-terastallize|p2a: Urshifu|Water\n|move|p2a: Urshifu|Surging Strikes|p1a: Charizard\n|-supereffective|p1a: Charizard\n|-crit|p1a: Charizard\n|-damage|p1a: Charizard|64\/100\n|-supereffective|p1a: Charizard\n|-crit|p1a: Charizard\n|-damage|p1a: Charizard|29\/100\n|-supereffective|p1a: Charizard\n|-crit|p1a: Charizard\n|-damage|p1a: Charizard|0 fnt\n|faint|p1a: Charizard\n|-hitcount|p1: Charizard|3\n|\n|-weather|SunnyDay|[upkeep]\n|upkeep\n|\n|t:|1700505884\n|switch|p1a: Mew|Mew|100\/100\n|turn|10\n|\n|t:|1700505890\n|switch|p2a: Zapdos|Zapdos, shiny|100\/100\n|move|p1a: Mew|Cosmic Power|p1a: Mew\n|-boost|p1a: Mew|def|1\n|-boost|p1a: Mew|spd|1\n|\n|-weather|SunnyDay|[upkeep]\n|upkeep\n|turn|11\n|\n|t:|1700505893\n|move|p1a: Mew|Cosmic Power|p1a: Mew\n|-boost|p1a: Mew|def|1\n|-boost|p1a: Mew|spd|1\n|-zpower|p2a: Zapdos\n|move|p2a: Zapdos|Supersonic Skystrike|p1a: Mew|[zeffect]\n|-damage|p1a: Mew|56\/100\n|\n|-weather|SunnyDay|[upkeep]\n|-heal|p1a: Mew|62\/100|[from] item: Leftovers\n|upkeep\n|turn|12\n|\n|t:|1700505899\n|move|p2a: Zapdos|Volt Switch|p1a: Mew\n|-damage|p1a: Mew|44\/100\n|\n|t:|1700505900\n|switch|p2a: Iron Valiant|Iron Valiant, shiny|100\/100|[from] Volt Switch\n|move|p1a: Mew|Roost|p1a: Mew\n|-heal|p1a: Mew|94\/100\n|-singleturn|p1a: Mew|move: Roost\n|\n|-weather|none\n|-heal|p1a: Mew|99\/100|[from] item: Leftovers\n|upkeep\n|turn|13\n|\n|t:|1700505907\n|move|p2a: Iron Valiant|Shadow Ball|p1a: Mew\n|-supereffective|p1a: Mew\n|-damage|p1a: Mew|65\/100\n|move|p1a: Mew|Stored Power|p2a: Iron Valiant\n|-supereffective|p2a: Iron Valiant\n|-damage|p2a: Iron Valiant|0 fnt\n|faint|p2a: Iron Valiant\n|-end|p2a: Iron Valiant|Quark Drive|[silent]\n|\n|-heal|p1a: Mew|71\/100|[from] item: Leftovers\n|upkeep\n|\n|t:|1700505910\n|switch|p2a: Urshifu|Urshifu-Rapid-Strike, F, tera:Water|100\/100\n|turn|14\n|\n|t:|1700505915\n|move|p2a: Urshifu|U-turn|p1a: Mew\n|-supereffective|p1a: Mew\n|-damage|p1a: Mew|55\/100\n|\n|t:|1700505918\n|switch|p2a: Zapdos|Zapdos, shiny|100\/100|[from] U-turn\n|move|p1a: Mew|Stored Power|p2a: Zapdos\n|-damage|p2a: Zapdos|67\/100\n|\n|-heal|p1a: Mew|61\/100|[from] item: Leftovers\n|upkeep\n|turn|15\n|\n|t:|1700505920\n|move|p2a: Zapdos|Hurricane|p1a: Mew\n|-damage|p1a: Mew|35\/100\n|move|p1a: Mew|Roost|p1a: Mew\n|-heal|p1a: Mew|85\/100\n|-singleturn|p1a: Mew|move: Roost\n|\n|-heal|p1a: Mew|91\/100|[from] item: Leftovers\n|upkeep\n|turn|16\n|\n|t:|1700505924\n|move|p2a: Zapdos|Hurricane|p1a: Mew|[miss]\n|-miss|p2a: Zapdos|p1a: Mew\n|move|p1a: Mew|Cosmic Power|p1a: Mew\n|-boost|p1a: Mew|def|1\n|-boost|p1a: Mew|spd|1\n|\n|-heal|p1a: Mew|97\/100|[from] item: Leftovers\n|upkeep\n|turn|17\n|\n|t:|1700505926\n|move|p1a: Mew|Cosmic Power|p1a: Mew\n|-boost|p1a: Mew|def|1\n|-boost|p1a: Mew|spd|1\n|move|p2a: Zapdos|Hurricane|p1a: Mew\n|-damage|p1a: Mew|79\/100\n|\n|-heal|p1a: Mew|86\/100|[from] item: Leftovers\n|upkeep\n|turn|18\n|\n|t:|1700505929\n|move|p2a: Zapdos|Hurricane|p1a: Mew\n|-damage|p1a: Mew|68\/100\n|move|p1a: Mew|Cosmic Power|p1a: Mew\n|-boost|p1a: Mew|def|1\n|-boost|p1a: Mew|spd|1\n|\n|-heal|p1a: Mew|75\/100|[from] item: Leftovers\n|upkeep\n|turn|19\n|-message|traisean forfeited.\n|\n|win|spinojoya\n|raw|spinojoya's rating: 1664 &rarr; <strong>1678<\/strong><br \/>(+14 for winning)\n|raw|traisean's rating: 1553 &rarr; <strong>1539<\/strong><br \/>(-14 for losing)\n|l|\u203dtraisean\n","uploadtime":1700505934,"views":7,"p1id":"spinojoya","p2id":"traisean","formatid":"gen9nationaldex","rating":1539,"private":0,"password":""}