{"id":"gen9nationaldex-1998622494","p1":"114514ww","p2":"ryangregory78","format":"[Gen 9] National Dex","log":"|html|<div class=\"broadcast-blue\"><strong>[Gen 9] National Dex is currently suspecting Sneasler! For information on how to participate check out the <a href=\"https:\/\/www.smogon.com\/forums\/threads\/sv-national-dex-suspect-8-just-dance.3731534\/\">suspect thread<\/a>.<\/strong><\/div>\n|j|\u2606114514ww\n|j|\u2606ryangregory78\n|t:|1700964147\n|gametype|singles\n|player|p1|114514ww|rosa|1780\n|player|p2|ryangregory78|101|1633\n|teamsize|p1|6\n|teamsize|p2|6\n|gen|9\n|tier|[Gen 9] National Dex\n|rated|\n|rule|HP Percentage Mod: HP is shown in percentages\n|rule|Endless Battle Clause: Forcing endless battles is banned\n|rule|OHKO Clause: OHKO moves are banned\n|rule|Evasion Clause: Evasion abilities, items, and moves are banned\n|rule|Evasion Abilities Clause: Evasion abilities are banned\n|rule|Evasion Items Clause: Evasion items are banned\n|rule|Evasion Moves Clause: Evasion moves are banned\n|rule|Species Clause: Limit one of each Pok\u00e9mon\n|rule|Sleep Clause Mod: Limit one foe put to sleep\n|clearpoke\n|poke|p1|Dragonite, F|\n|poke|p1|Ninetales-Alola, F|\n|poke|p1|Charizard, F|\n|poke|p1|Iron Treads|\n|poke|p1|Ogerpon-Wellspring, F|\n|poke|p1|Zamazenta-*|\n|poke|p2|Rillaboom, F|\n|poke|p2|Ogerpon-Cornerstone, F|\n|poke|p2|Sneasler, F|\n|poke|p2|Heatran, F|\n|poke|p2|Manaphy|\n|poke|p2|Iron Hands|\n|teampreview\n|inactive|Battle timer is ON: inactive players will automatically lose when time's up. (requested by ryangregory78)\n|\n|t:|1700964177\n|start\n|switch|p1a: Ninetales|Ninetales-Alola, F, shiny|100\/100\n|switch|p2a: Nil by Mouth|Ogerpon-Cornerstone, F|100\/100\n|-weather|Snow|[from] ability: Snow Warning|[of] p1a: Ninetales\n|turn|1\n|\n|t:|1700964189\n|move|p2a: Nil by Mouth|Ivy Cudgel|p1a: Ninetales|[anim] Ivy Cudgel Rock\n|-supereffective|p1a: Ninetales\n|-damage|p1a: Ninetales|0 fnt\n|faint|p1a: Ninetales\n|\n|-weather|Snow|[upkeep]\n|upkeep\n|\n|t:|1700964195\n|switch|p1a: Zamazenta|Zamazenta|100\/100\n|-ability|p1a: Zamazenta|Dauntless Shield|boost\n|-boost|p1a: Zamazenta|def|1\n|turn|2\n|\n|t:|1700964200\n|switch|p2a: Puzzle Box|Heatran, F|100\/100\n|move|p1a: Zamazenta|Heavy Slam|p2a: Puzzle Box\n|-resisted|p2a: Puzzle Box\n|-damage|p2a: Puzzle Box|97\/100\n|\n|-weather|Snow|[upkeep]\n|-heal|p2a: Puzzle Box|100\/100|[from] item: Leftovers\n|upkeep\n|turn|3\n|\n|t:|1700964206\n|-terastallize|p2a: Puzzle Box|Ghost\n|move|p1a: Zamazenta|Close Combat|p2a: Puzzle Box\n|-immune|p2a: Puzzle Box\n|move|p2a: Puzzle Box|Magma Storm|p1a: Zamazenta\n|-damage|p1a: Zamazenta|45\/100\n|-activate|p1a: Zamazenta|move: Magma Storm|[of] p2a: Puzzle Box\n|\n|-weather|Snow|[upkeep]\n|-damage|p1a: Zamazenta|32\/100|[from] move: Magma Storm|[partiallytrapped]\n|upkeep\n|turn|4\n|\n|t:|1700964212\n|-zpower|p1a: Zamazenta\n|move|p1a: Zamazenta|Black Hole Eclipse|p2a: Puzzle Box|[zeffect]\n|-supereffective|p2a: Puzzle Box\n|-damage|p2a: Puzzle Box|0 fnt\n|faint|p2a: Puzzle Box\n|\n|-weather|Snow|[upkeep]\n|-end|p1a: Zamazenta|Magma Storm|[partiallytrapped]|[silent]\n|upkeep\n|\n|t:|1700964219\n|switch|p2a: The Good Doctor|Rillaboom, F|100\/100\n|-fieldstart|move: Grassy Terrain|[from] ability: Grassy Surge|[of] p2a: The Good Doctor\n|turn|5\n|\n|t:|1700964225\n|switch|p1a: Charizard|Charizard, F, shiny|100\/100\n|move|p2a: The Good Doctor|U-turn|p1a: Charizard\n|-resisted|p1a: Charizard\n|-damage|p1a: Charizard|92\/100\n|\n|t:|1700964227\n|switch|p2a: Nil by Mouth|Ogerpon-Cornerstone, F|100\/100|[from] U-turn\n|\n|-weather|none\n|upkeep\n|turn|6\n|\n|t:|1700964230\n|switch|p1a: Iron Treads|Iron Treads|100\/100\n|move|p2a: Nil by Mouth|Ivy Cudgel|p1a: Iron Treads|[anim] Ivy Cudgel Rock\n|-resisted|p1a: Iron Treads\n|-damage|p1a: Iron Treads|88\/100\n|\n|-heal|p1a: Iron Treads|94\/100|[from] Grassy Terrain\n|-heal|p1a: Iron Treads|100\/100|[from] item: Leftovers\n|upkeep\n|turn|7\n|\n|t:|1700964235\n|move|p2a: Nil by Mouth|Power Whip|p1a: Iron Treads\n|-damage|p1a: Iron Treads|27\/100\n|move|p1a: Iron Treads|Earthquake|p2a: Nil by Mouth\n|-crit|p2a: Nil by Mouth\n|-damage|p2a: Nil by Mouth|62\/100\n|\n|-heal|p2a: Nil by Mouth|68\/100|[from] Grassy Terrain\n|-heal|p1a: Iron Treads|33\/100|[from] Grassy Terrain\n|-heal|p1a: Iron Treads|39\/100|[from] item: Leftovers\n|upkeep\n|turn|8\n|\n|t:|1700964241\n|move|p2a: Nil by Mouth|Power Whip|p1a: Iron Treads|[miss]\n|-miss|p2a: Nil by Mouth|p1a: Iron Treads\n|move|p1a: Iron Treads|Earthquake|p2a: Nil by Mouth\n|-damage|p2a: Nil by Mouth|45\/100\n|\n|-heal|p2a: Nil by Mouth|51\/100|[from] Grassy Terrain\n|-heal|p1a: Iron Treads|45\/100|[from] Grassy Terrain\n|-heal|p1a: Iron Treads|51\/100|[from] item: Leftovers\n|upkeep\n|turn|9\n|\n|t:|1700964247\n|move|p2a: Nil by Mouth|Power Whip|p1a: Iron Treads\n|-damage|p1a: Iron Treads|0 fnt\n|faint|p1a: Iron Treads\n|-end|p1a: Iron Treads|Quark Drive|[silent]\n|\n|-heal|p2a: Nil by Mouth|57\/100|[from] Grassy Terrain\n|upkeep\n|\n|t:|1700964251\n|switch|p1a: Ogerpon|Ogerpon-Wellspring, F|100\/100\n|turn|10\n|\n|t:|1700964265\n|move|p2a: Nil by Mouth|Power Whip|p1a: Ogerpon\n|-damage|p1a: Ogerpon|0 fnt\n|faint|p1a: Ogerpon\n|\n|-heal|p2a: Nil by Mouth|63\/100|[from] Grassy Terrain\n|upkeep\n|\n|t:|1700964270\n|switch|p1a: Zamazenta|Zamazenta|32\/100\n|turn|11\n|\n|t:|1700964272\n|move|p2a: Nil by Mouth|Grassy Glide|p1a: Zamazenta\n|-damage|p1a: Zamazenta|0 fnt\n|faint|p1a: Zamazenta\n|\n|-heal|p2a: Nil by Mouth|69\/100|[from] Grassy Terrain\n|upkeep\n|\n|t:|1700964279\n|switch|p1a: Dragonite|Dragonite, F, shiny|100\/100\n|turn|12\n|\n|t:|1700964282\n|-terastallize|p1a: Dragonite|Steel\n|move|p2a: Nil by Mouth|Ivy Cudgel|p1a: Dragonite|[anim] Ivy Cudgel Rock\n|-resisted|p1a: Dragonite\n|-damage|p1a: Dragonite|85\/100\n|move|p1a: Dragonite|Dragon Dance|p1a: Dragonite\n|-boost|p1a: Dragonite|atk|1\n|-boost|p1a: Dragonite|spe|1\n|\n|-heal|p1a: Dragonite|91\/100|[from] Grassy Terrain\n|-heal|p2a: Nil by Mouth|75\/100|[from] Grassy Terrain\n|-fieldend|move: Grassy Terrain\n|upkeep\n|turn|13\n|\n|t:|1700964294\n|move|p1a: Dragonite|Dragon Dance|p1a: Dragonite\n|-boost|p1a: Dragonite|atk|1\n|-boost|p1a: Dragonite|spe|1\n|move|p2a: Nil by Mouth|Superpower|p1a: Dragonite\n|-supereffective|p1a: Dragonite\n|-damage|p1a: Dragonite|0 fnt\n|-unboost|p2a: Nil by Mouth|atk|1\n|-unboost|p2a: Nil by Mouth|def|1\n|faint|p1a: Dragonite\n|\n|upkeep\n|j| yumya233\n|-message|114514ww forfeited.\n|\n|win|ryangregory78\n|raw|114514ww's rating: 1780 &rarr; <strong>1752<\/strong><br \/>(-28 for losing)\n|raw|ryangregory78's rating: 1633 &rarr; <strong>1661<\/strong><br \/>(+28 for winning)\n|l|\u2606114514ww\n","uploadtime":1700964361,"views":1,"p1id":"114514ww","p2id":"ryangregory78","formatid":"gen9nationaldex","rating":1661,"private":0,"password":""}