{"id":"gen9nationaldex-1990412543","p1":"clayanto","p2":"loomph","format":"[Gen 9] National Dex","log":"|j|\u2606clayanto\n|j|\u2606loomph\n|t:|1699968353\n|gametype|singles\n|player|p1|clayanto|265|1242\n|player|p2|loomph|preschooler|1163\n|teamsize|p1|6\n|teamsize|p2|6\n|gen|9\n|tier|[Gen 9] National Dex\n|rated|\n|rule|HP Percentage Mod: HP is shown in percentages\n|rule|Endless Battle Clause: Forcing endless battles is banned\n|rule|OHKO Clause: OHKO moves are banned\n|rule|Evasion Clause: Evasion abilities, items, and moves are banned\n|rule|Evasion Abilities Clause: Evasion abilities are banned\n|rule|Evasion Items Clause: Evasion items are banned\n|rule|Evasion Moves Clause: Evasion moves are banned\n|rule|Species Clause: Limit one of each Pok\u00e9mon\n|rule|Sleep Clause Mod: Limit one foe put to sleep\n|clearpoke\n|poke|p1|Pelipper, M|\n|poke|p1|Greninja-*, M|\n|poke|p1|Swampert, F|\n|poke|p1|Talonflame, F|\n|poke|p1|Zapdos|\n|poke|p1|Ogerpon-Wellspring, F|\n|poke|p2|Slowking-Galar, F|\n|poke|p2|Kyurem|\n|poke|p2|Tornadus-Therian, M|\n|poke|p2|Dondozo, F|\n|poke|p2|Thundurus-Therian, M|\n|poke|p2|Diancie|\n|teampreview\n|inactive|Battle timer is ON: inactive players will automatically lose when time's up. (requested by clayanto)\n|c|\u2606loomph|rain\n|inactive|loomph has 120 seconds left.\n|\n|t:|1699968390\n|start\n|switch|p1a: Pelipper|Pelipper, M|100\/100\n|switch|p2a: Thundurus|Thundurus-Therian, M|100\/100\n|-weather|RainDance|[from] ability: Drizzle|[of] p1a: Pelipper\n|turn|1\n|\n|t:|1699968397\n|switch|p1a: Zapdos|Zapdos|100\/100\n|move|p2a: Thundurus|Thunderbolt|p1a: Zapdos\n|-damage|p1a: Zapdos|52\/100\n|\n|-weather|RainDance|[upkeep]\n|upkeep\n|turn|2\n|\n|t:|1699968416\n|move|p2a: Thundurus|Thunderbolt|p1a: Zapdos\n|-damage|p1a: Zapdos|0 fnt\n|faint|p1a: Zapdos\n|\n|-weather|RainDance|[upkeep]\n|upkeep\n|\n|t:|1699968437\n|switch|p1a: Greninja|Greninja, M|100\/100\n|turn|3\n|\n|t:|1699968443\n|move|p1a: Greninja|Dark Pulse|p2a: Thundurus\n|-damage|p2a: Thundurus|39\/100\n|-damage|p1a: Greninja|91\/100|[from] item: Life Orb\n|move|p2a: Thundurus|Thunderbolt|p1a: Greninja\n|-supereffective|p1a: Greninja\n|-damage|p1a: Greninja|0 fnt\n|faint|p1a: Greninja\n|\n|-weather|RainDance|[upkeep]\n|upkeep\n|\n|t:|1699968455\n|switch|p1a: Swampert|Swampert, F|100\/100\n|turn|4\n|\n|t:|1699968461\n|detailschange|p1a: Swampert|Swampert-Mega, F\n|-mega|p1a: Swampert|Swampert|Swampertite\n|move|p1a: Swampert|Flip Turn|p2a: Thundurus\n|-damage|p2a: Thundurus|0 fnt\n|faint|p2a: Thundurus\n|\n|t:|1699968467\n|switch|p1a: Ogerpon|Ogerpon-Wellspring, F|100\/100|[from] Flip Turn\n|\n|-weather|RainDance|[upkeep]\n|upkeep\n|\n|t:|1699968485\n|switch|p2a: Tornadus|Tornadus-Therian, M|100\/100\n|turn|5\n|\n|t:|1699968497\n|switch|p1a: Pelipper|Pelipper, M|100\/100\n|move|p2a: Tornadus|Taunt|p1a: Pelipper\n|-start|p1a: Pelipper|move: Taunt\n|\n|-weather|RainDance|[upkeep]\n|upkeep\n|turn|6\n|\n|t:|1699968504\n|move|p2a: Tornadus|Knock Off|p1a: Pelipper\n|-damage|p1a: Pelipper|84\/100\n|-enditem|p1a: Pelipper|Damp Rock|[from] move: Knock Off|[of] p2a: Tornadus\n|move|p1a: Pelipper|U-turn|p2a: Tornadus\n|-resisted|p2a: Tornadus\n|-damage|p2a: Tornadus|95\/100\n|\n|t:|1699968507\n|switch|p1a: Swampert|Swampert-Mega, F|100\/100|[from] U-turn\n|\n|-weather|RainDance|[upkeep]\n|upkeep\n|turn|7\n|\n|t:|1699968522\n|switch|p2a: Dondozo|Dondozo, F|100\/100\n|move|p1a: Swampert|Earthquake|p2a: Dondozo\n|-damage|p2a: Dondozo|73\/100\n|\n|-weather|RainDance|[upkeep]\n|upkeep\n|turn|8\n|\n|t:|1699968529\n|move|p1a: Swampert|Flip Turn|p2a: Dondozo\n|-resisted|p2a: Dondozo\n|-crit|p2a: Dondozo\n|-damage|p2a: Dondozo|56\/100\n|\n|t:|1699968533\n|switch|p1a: Ogerpon|Ogerpon-Wellspring, F|100\/100|[from] Flip Turn\n|move|p2a: Dondozo|Curse|p2a: Dondozo\n|-unboost|p2a: Dondozo|spe|1\n|-boost|p2a: Dondozo|atk|1\n|-boost|p2a: Dondozo|def|1\n|\n|-weather|none\n|upkeep\n|turn|9\n|\n|t:|1699968543\n|switch|p2a: Tornadus|Tornadus-Therian, M|100\/100\n|move|p1a: Ogerpon|Leech Seed|p2a: Tornadus\n|-start|p2a: Tornadus|move: Leech Seed\n|\n|-damage|p2a: Tornadus|88\/100|[from] Leech Seed|[of] p1a: Ogerpon\n|upkeep\n|turn|10\n|\n|t:|1699968551\n|switch|p1a: Pelipper|Pelipper, M|84\/100\n|-weather|RainDance|[from] ability: Drizzle|[of] p1a: Pelipper\n|move|p2a: Tornadus|Bleakwind Storm|p1a: Pelipper\n|-damage|p1a: Pelipper|32\/100\n|\n|-weather|RainDance|[upkeep]\n|-damage|p2a: Tornadus|76\/100|[from] Leech Seed|[of] p1a: Pelipper\n|-heal|p1a: Pelipper|46\/100|[silent]\n|upkeep\n|turn|11\n|\n|t:|1699968560\n|move|p2a: Tornadus|Bleakwind Storm|p1a: Pelipper\n|-damage|p1a: Pelipper|0 fnt\n|faint|p1a: Pelipper\n|\n|-weather|RainDance|[upkeep]\n|upkeep\n|\n|t:|1699968564\n|switch|p1a: Talonflame|Talonflame, F|100\/100\n|turn|12\n|\n|t:|1699968574\n|switch|p2a: Dondozo|Dondozo, F|56\/100\n|-terastallize|p1a: Talonflame|Flying\n|move|p1a: Talonflame|Hurricane|p2a: Dondozo\n|-damage|p2a: Dondozo|0 fnt\n|faint|p2a: Dondozo\n|\n|-weather|RainDance|[upkeep]\n|upkeep\n|\n|t:|1699968584\n|switch|p2a: Diancie|Diancie|100\/100\n|turn|13\n|\n|t:|1699968589\n|switch|p1a: Swampert|Swampert-Mega, F|100\/100\n|detailschange|p2a: Diancie|Diancie-Mega\n|-mega|p2a: Diancie|Diancie|Diancite\n|move|p2a: Diancie|Diamond Storm|p1a: Swampert\n|-resisted|p1a: Swampert\n|-damage|p1a: Swampert|78\/100\n|\n|-weather|RainDance|[upkeep]\n|upkeep\n|turn|14\n|\n|t:|1699968607\n|switch|p2a: Slowking|Slowking-Galar, F|100\/100\n|move|p1a: Swampert|Flip Turn|p2a: Slowking\n|-damage|p2a: Slowking|65\/100\n|\n|t:|1699968610\n|switch|p1a: Talonflame|Talonflame, F, tera:Flying|100\/100|[from] Flip Turn\n|\n|-weather|none\n|upkeep\n|turn|15\n|\n|t:|1699968616\n|move|p1a: Talonflame|Hurricane|p2a: Slowking|[miss]\n|-miss|p1a: Talonflame|p2a: Slowking\n|move|p2a: Slowking|Chilly Reception|p2a: Slowking\n|-weather|Snow\n|\n|t:|1699968621\n|switch|p2a: Kyurem|Kyurem|100\/100|[from] Chilly Reception\n|-ability|p2a: Kyurem|Pressure\n|\n|-weather|Snow|[upkeep]\n|upkeep\n|turn|16\n|\n|t:|1699968632\n|move|p1a: Talonflame|Hurricane|p2a: Kyurem|[miss]\n|-miss|p1a: Talonflame|p2a: Kyurem\n|move|p2a: Kyurem|Dragon Dance|p2a: Kyurem\n|-boost|p2a: Kyurem|atk|1\n|-boost|p2a: Kyurem|spe|1\n|\n|-weather|Snow|[upkeep]\n|upkeep\n|turn|17\n|\n|t:|1699968642\n|move|p1a: Talonflame|Hurricane|p2a: Kyurem\n|-damage|p2a: Kyurem|35\/100\n|-start|p2a: Kyurem|confusion\n|-activate|p2a: Kyurem|confusion\n|move|p2a: Kyurem|Dragon Dance|p2a: Kyurem\n|-boost|p2a: Kyurem|atk|1\n|-boost|p2a: Kyurem|spe|1\n|\n|-weather|Snow|[upkeep]\n|upkeep\n|turn|18\n|\n|t:|1699968652\n|move|p1a: Talonflame|Hurricane|p2a: Kyurem\n|-damage|p2a: Kyurem|0 fnt\n|faint|p2a: Kyurem\n|\n|-weather|Snow|[upkeep]\n|upkeep\n|c|\u2606loomph|fast mf\n|\n|t:|1699968659\n|switch|p2a: Diancie|Diancie-Mega|100\/100\n|turn|19\n|\n|t:|1699968662\n|switch|p1a: Swampert|Swampert-Mega, F|78\/100\n|move|p2a: Diancie|Diamond Storm|p1a: Swampert\n|-resisted|p1a: Swampert\n|-damage|p1a: Swampert|55\/100\n|\n|-weather|Snow|[upkeep]\n|upkeep\n|turn|20\n|\n|t:|1699968670\n|switch|p2a: Slowking|Slowking-Galar, F|99\/100\n|move|p1a: Swampert|Waterfall|p2a: Slowking\n|-damage|p2a: Slowking|66\/100\n|\n|-weather|Snow|[upkeep]\n|upkeep\n|turn|21\n|\n|t:|1699968679\n|move|p1a: Swampert|Earthquake|p2a: Slowking\n|-supereffective|p2a: Slowking\n|-damage|p2a: Slowking|0 fnt\n|faint|p2a: Slowking\n|\n|-weather|Snow|[upkeep]\n|upkeep\n|\n|t:|1699968685\n|switch|p2a: Tornadus|Tornadus-Therian, M|100\/100\n|turn|22\n|\n|t:|1699968688\n|move|p2a: Tornadus|Bleakwind Storm|p1a: Swampert\n|-damage|p1a: Swampert|22\/100\n|-unboost|p1a: Swampert|spe|1\n|move|p1a: Swampert|Waterfall|p2a: Tornadus\n|-damage|p2a: Tornadus|43\/100\n|\n|-weather|none\n|upkeep\n|turn|23\n|\n|t:|1699968698\n|move|p2a: Tornadus|Bleakwind Storm|p1a: Swampert\n|-damage|p1a: Swampert|0 fnt\n|faint|p1a: Swampert\n|\n|upkeep\n|\n|t:|1699968700\n|switch|p1a: Talonflame|Talonflame, F, tera:Flying|100\/100\n|turn|24\n|\n|t:|1699968705\n|switch|p2a: Diancie|Diancie-Mega|100\/100\n|move|p1a: Talonflame|Hurricane|p2a: Diancie\n|-resisted|p2a: Diancie\n|-damage|p2a: Diancie|47\/100\n|\n|upkeep\n|turn|25\n|\n|t:|1699968712\n|move|p1a: Talonflame|Hurricane|p2a: Diancie|[miss]\n|-miss|p1a: Talonflame|p2a: Diancie\n|move|p2a: Diancie|Diamond Storm|p1a: Talonflame\n|-supereffective|p1a: Talonflame\n|-damage|p1a: Talonflame|0 fnt\n|-boost|p2a: Diancie|def|2\n|faint|p1a: Talonflame\n|\n|upkeep\n|\n|t:|1699968715\n|switch|p1a: Ogerpon|Ogerpon-Wellspring, F|100\/100\n|turn|26\n|\n|t:|1699968725\n|move|p2a: Diancie|Diamond Storm|p1a: Ogerpon\n|-damage|p1a: Ogerpon|45\/100\n|move|p1a: Ogerpon|Ivy Cudgel|p2a: Diancie|[anim] Ivy Cudgel Water\n|-supereffective|p2a: Diancie\n|-damage|p2a: Diancie|0 fnt\n|faint|p2a: Diancie\n|\n|upkeep\n|\n|t:|1699968732\n|switch|p2a: Tornadus|Tornadus-Therian, M|76\/100\n|turn|27\n|\n|t:|1699968736\n|move|p2a: Tornadus|Bleakwind Storm|p1a: Ogerpon\n|-supereffective|p1a: Ogerpon\n|-damage|p1a: Ogerpon|0 fnt\n|faint|p1a: Ogerpon\n|\n|win|loomph\n|raw|clayanto's rating: 1242 &rarr; <strong>1211<\/strong><br \/>(-31 for losing)\n|raw|loomph's rating: 1163 &rarr; <strong>1194<\/strong><br \/>(+31 for winning)\n|c|\u2606loomph|gg\n|l|\u2606loomph\n","uploadtime":1699968742,"views":7,"p1id":"clayanto","p2id":"loomph","formatid":"gen9nationaldex","rating":1194,"private":0,"password":""}