{"id":"gen9nationaldex-1993536940","p1":"guess 19","p2":"roudiking","format":"[Gen 9] National Dex","log":"|j|\u2606guess 19\n|j|\u2606roudiking\n|t:|1700329273\n|gametype|singles\n|player|p1|guess 19|brock|1489\n|player|p2|roudiking|blue|1579\n|teamsize|p1|6\n|teamsize|p2|6\n|gen|9\n|tier|[Gen 9] National Dex\n|rated|\n|rule|HP Percentage Mod: HP is shown in percentages\n|rule|Endless Battle Clause: Forcing endless battles is banned\n|rule|OHKO Clause: OHKO moves are banned\n|rule|Evasion Clause: Evasion abilities, items, and moves are banned\n|rule|Evasion Abilities Clause: Evasion abilities are banned\n|rule|Evasion Items Clause: Evasion items are banned\n|rule|Evasion Moves Clause: Evasion moves are banned\n|rule|Species Clause: Limit one of each Pok\u00e9mon\n|rule|Sleep Clause Mod: Limit one foe put to sleep\n|clearpoke\n|poke|p1|Steelix, M|\n|poke|p1|Yanmega, M|\n|poke|p1|Spiritomb, F|\n|poke|p1|Infernape, M|\n|poke|p1|Porygon2|\n|poke|p1|Thundurus-Therian, M|\n|poke|p2|Scizor, M|\n|poke|p2|Kleavor, F|\n|poke|p2|Scyther, F|\n|poke|p2|Araquanid, M|\n|poke|p2|Buzzwole|\n|poke|p2|Volcarona, M|\n|teampreview\n|\n|t:|1700329289\n|start\n|switch|p1a: Steelix|Steelix, M|100\/100\n|switch|p2a: No wings|Kleavor, F|100\/100\n|turn|1\n|c|\u2606roudiking|i like you team i\n|\n|t:|1700329298\n|move|p2a: No wings|Stone Axe|p1a: Steelix\n|-resisted|p1a: Steelix\n|-damage|p1a: Steelix|94\/100\n|-damage|p2a: No wings|84\/100|[from] item: Rocky Helmet|[of] p1a: Steelix\n|-sidestart|p1: guess 19|move: Stealth Rock\n|move|p1a: Steelix|Stealth Rock|p2a: No wings\n|-sidestart|p2: roudiking|move: Stealth Rock\n|\n|upkeep\n|turn|2\n|\n|t:|1700329307\n|switch|p2a: Glasses|Araquanid, M|100\/100\n|-damage|p2a: Glasses|76\/100|[from] Stealth Rock\n|move|p1a: Steelix|Body Press|p2a: Glasses\n|-resisted|p2a: Glasses\n|-crit|p2a: Glasses\n|-damage|p2a: Glasses|48\/100\n|\n|upkeep\n|turn|3\n|\n|t:|1700329323\n|move|p2a: Glasses|Scald|p1a: Steelix\n|-supereffective|p1a: Steelix\n|-damage|p1a: Steelix|0 fnt\n|faint|p1a: Steelix\n|\n|upkeep\n|\n|t:|1700329332\n|switch|p1a: Yanmega|Yanmega, M|100\/100\n|turn|4\n|\n|t:|1700329336\n|-terastallize|p2a: Glasses|Ground\n|move|p1a: Yanmega|Air Slash|p2a: Glasses\n|-damage|p2a: Glasses|17\/100\n|move|p2a: Glasses|Scald|p1a: Yanmega\n|-damage|p1a: Yanmega|0 fnt\n|faint|p1a: Yanmega\n|\n|upkeep\n|\n|t:|1700329358\n|switch|p1a: Porygon2|Porygon2|100\/100\n|-damage|p1a: Porygon2|88\/100|[from] Stealth Rock\n|turn|5\n|\n|t:|1700329361\n|move|p1a: Porygon2|Ice Beam|p2a: Glasses\n|-supereffective|p2a: Glasses\n|-damage|p2a: Glasses|0 fnt\n|faint|p2a: Glasses\n|\n|upkeep\n|\n|t:|1700329364\n|switch|p2a: Dr buzz|Buzzwole|100\/100\n|-damage|p2a: Dr buzz|88\/100|[from] Stealth Rock\n|turn|6\n|\n|t:|1700329372\n|switch|p1a: Spiritomb|Spiritomb, F|100\/100\n|-damage|p1a: Spiritomb|88\/100|[from] Stealth Rock\n|move|p2a: Dr buzz|Close Combat|p1a: Spiritomb\n|-immune|p1a: Spiritomb\n|\n|-heal|p1a: Spiritomb|94\/100|[from] item: Leftovers\n|upkeep\n|turn|7\n|\n|t:|1700329377\n|switch|p2a: No wings|Kleavor, F|84\/100\n|-damage|p2a: No wings|59\/100|[from] Stealth Rock\n|move|p1a: Spiritomb|Will-O-Wisp|p2a: No wings\n|-status|p2a: No wings|brn\n|\n|-heal|p1a: Spiritomb|100\/100|[from] item: Leftovers\n|-damage|p2a: No wings|53\/100 brn|[from] brn\n|upkeep\n|turn|8\n|\n|t:|1700329388\n|move|p2a: No wings|Stone Axe|p1a: Spiritomb\n|-damage|p1a: Spiritomb|82\/100\n|move|p1a: Spiritomb|Hex|p2a: No wings\n|-damage|p2a: No wings|5\/100 brn\n|\n|-heal|p1a: Spiritomb|88\/100|[from] item: Leftovers\n|-damage|p2a: No wings|0 fnt|[from] brn\n|faint|p2a: No wings\n|upkeep\n|\n|t:|1700329395\n|switch|p2a: Moth|Volcarona, M, shiny|100\/100\n|turn|9\n|\n|t:|1700329402\n|move|p2a: Moth|Quiver Dance|p2a: Moth\n|-boost|p2a: Moth|spa|1\n|-boost|p2a: Moth|spd|1\n|-boost|p2a: Moth|spe|1\n|move|p1a: Spiritomb|Curse|p2a: Moth\n|-start|p2a: Moth|Curse|[of] p1a: Spiritomb\n|-damage|p1a: Spiritomb|38\/100\n|\n|-heal|p1a: Spiritomb|45\/100|[from] item: Leftovers\n|-damage|p2a: Moth|76\/100|[from] Curse\n|upkeep\n|turn|10\n|\n|t:|1700329418\n|move|p2a: Moth|Fiery Dance|p1a: Spiritomb\n|-damage|p1a: Spiritomb|0 fnt\n|-boost|p2a: Moth|spa|1\n|faint|p1a: Spiritomb\n|\n|-damage|p2a: Moth|51\/100|[from] Curse\n|upkeep\n|\n|t:|1700329427\n|switch|p1a: Porygon2|Porygon2|88\/100\n|-damage|p1a: Porygon2|76\/100|[from] Stealth Rock\n|turn|11\n|\n|t:|1700329433\n|switch|p2a: Dr buzz|Buzzwole|88\/100\n|-damage|p2a: Dr buzz|76\/100|[from] Stealth Rock\n|move|p1a: Porygon2|Recover|p1a: Porygon2\n|-heal|p1a: Porygon2|100\/100\n|\n|upkeep\n|turn|12\n|\n|t:|1700329449\n|move|p2a: Dr buzz|Close Combat|p1a: Porygon2\n|-supereffective|p1a: Porygon2\n|-damage|p1a: Porygon2|26\/100\n|-unboost|p2a: Dr buzz|def|1\n|-unboost|p2a: Dr buzz|spd|1\n|move|p1a: Porygon2|Teleport|p1a: Porygon2\n|\n|t:|1700329452\n|switch|p1a: Thundurus|Thundurus-Therian, M|100\/100|[from] Teleport\n|\n|upkeep\n|turn|13\n|\n|t:|1700329463\n|switch|p2a: Suffering|Scizor, M|100\/100\n|-damage|p2a: Suffering|88\/100|[from] Stealth Rock\n|move|p1a: Thundurus|Thunderbolt|p2a: Suffering\n|-damage|p2a: Suffering|14\/100\n|\n|upkeep\n|turn|14\n|\n|t:|1700329483\n|detailschange|p2a: Suffering|Scizor-Mega, M\n|-mega|p2a: Suffering|Scizor|Scizorite\n|move|p1a: Thundurus|Thunderbolt|p2a: Suffering\n|-damage|p2a: Suffering|0 fnt\n|faint|p2a: Suffering\n|\n|upkeep\n|\n|t:|1700329486\n|switch|p2a: Moth|Volcarona, M, shiny|51\/100\n|turn|15\n|\n|t:|1700329496\n|move|p1a: Thundurus|Thunderbolt|p2a: Moth\n|-damage|p2a: Moth|0 fnt\n|faint|p2a: Moth\n|\n|upkeep\n|\n|t:|1700329499\n|switch|p2a: Speed|Scyther, F|100\/100\n|-damage|p2a: Speed|51\/100|[from] Stealth Rock\n|turn|16\n|\n|t:|1700329506\n|move|p2a: Speed|Quick Attack|p1a: Thundurus\n|-damage|p1a: Thundurus|70\/100\n|move|p1a: Thundurus|Thunderbolt|p2a: Speed\n|-supereffective|p2a: Speed\n|-damage|p2a: Speed|0 fnt\n|faint|p2a: Speed\n|\n|upkeep\n|\n|t:|1700329510\n|switch|p2a: Dr buzz|Buzzwole|76\/100\n|-damage|p2a: Dr buzz|63\/100|[from] Stealth Rock\n|turn|17\n|\n|t:|1700329517\n|move|p2a: Dr buzz|Close Combat|p1a: Thundurus\n|-resisted|p1a: Thundurus\n|-damage|p1a: Thundurus|29\/100\n|-unboost|p2a: Dr buzz|def|1\n|-unboost|p2a: Dr buzz|spd|1\n|move|p1a: Thundurus|Thunderbolt|p2a: Dr buzz\n|-damage|p2a: Dr buzz|0 fnt\n|faint|p2a: Dr buzz\n|\n|win|guess 19\n|raw|guess 19's rating: 1489 &rarr; <strong>1514<\/strong><br \/>(+25 for winning)\n|raw|roudiking's rating: 1579 &rarr; <strong>1554<\/strong><br \/>(-25 for losing)\n|l|\u2606roudiking\n","uploadtime":1700329540,"views":6,"p1id":"guess19","p2id":"roudiking","formatid":"gen9nationaldex","rating":1514,"private":0,"password":""}