{"id":"gen9nationaldex-1992782323","p1":"CommandCat","p2":"Tarizzler","format":"[Gen 9] National Dex","log":"|j|\u2606CommandCat\n|j|\u2606Tarizzler\n|t:|1700234990\n|gametype|singles\n|player|p1|CommandCat|clerkf|1024\n|player|p2|Tarizzler|cheren|1079\n|teamsize|p1|6\n|teamsize|p2|6\n|gen|9\n|tier|[Gen 9] National Dex\n|rated|\n|rule|HP Percentage Mod: HP is shown in percentages\n|rule|Endless Battle Clause: Forcing endless battles is banned\n|rule|OHKO Clause: OHKO moves are banned\n|rule|Evasion Clause: Evasion abilities, items, and moves are banned\n|rule|Evasion Abilities Clause: Evasion abilities are banned\n|rule|Evasion Items Clause: Evasion items are banned\n|rule|Evasion Moves Clause: Evasion moves are banned\n|rule|Species Clause: Limit one of each Pok\u00e9mon\n|rule|Sleep Clause Mod: Limit one foe put to sleep\n|clearpoke\n|poke|p1|Cryogonal|\n|poke|p1|Pyukumuku, M|\n|poke|p1|Blacephalon|\n|poke|p1|Gastrodon, F|\n|poke|p1|Spinda, F|\n|poke|p1|Audino, M|\n|poke|p2|Braviary-Hisui, M|\n|poke|p2|Tapu Lele|\n|poke|p2|Goodra-Hisui, F|\n|poke|p2|Gallade, M|\n|poke|p2|Nidoking, M|\n|poke|p2|Ogerpon-Wellspring, F|\n|teampreview\n|inactive|Battle timer is ON: inactive players will automatically lose when time's up. (requested by Tarizzler)\n|\n|t:|1700234997\n|start\n|switch|p1a: Audino|Audino, M|100\/100\n|switch|p2a: Tapu Lele|Tapu Lele|100\/100\n|-fieldstart|move: Psychic Terrain|[from] ability: Psychic Surge|[of] p2a: Tapu Lele\n|turn|1\n|\n|t:|1700235016\n|switch|p2a: Braviary|Braviary-Hisui, M|100\/100\n|move|p1a: Audino|Skill Swap|p2a: Braviary\n|-activate|p1a: Audino|move: Skill Swap|Sheer Force|Klutz|[of] p2a: Braviary\n|\n|upkeep\n|turn|2\n|\n|t:|1700235037\n|switch|p2a: Goodra|Goodra-Hisui, F|100\/100\n|-enditem|p2a: Goodra|Psychic Seed\n|-boost|p2a: Goodra|spd|1|[from] item: Psychic Seed\n|move|p1a: Audino|Ice Beam|p2a: Goodra\n|-damage|p2a: Goodra|91\/100\n|\n|upkeep\n|turn|3\n|\n|t:|1700235050\n|move|p1a: Audino|Ice Beam|p2a: Goodra\n|-damage|p2a: Goodra|81\/100\n|move|p2a: Goodra|Knock Off|p1a: Audino\n|-damage|p1a: Audino|85\/100\n|\n|upkeep\n|turn|4\n|\n|t:|1700235065\n|move|p1a: Audino|Wish|p1a: Audino\n|move|p2a: Goodra|Dragon Pulse|p1a: Audino\n|-damage|p1a: Audino|54\/100\n|\n|upkeep\n|turn|5\n|\n|t:|1700235072\n|move|p1a: Audino|Ice Beam|p2a: Goodra\n|-damage|p2a: Goodra|72\/100\n|move|p2a: Goodra|Dragon Pulse|p1a: Audino\n|-damage|p1a: Audino|23\/100\n|\n|-heal|p1a: Audino|73\/100|[from] move: Wish|[wisher] Audino\n|upkeep\n|turn|6\n|\n|t:|1700235079\n|move|p1a: Audino|Wish|p1a: Audino\n|move|p2a: Goodra|Dragon Pulse|p1a: Audino\n|-damage|p1a: Audino|43\/100\n|\n|upkeep\n|turn|7\n|\n|t:|1700235084\n|move|p1a: Audino|Ice Beam|p2a: Goodra\n|-damage|p2a: Goodra|63\/100\n|move|p2a: Goodra|Dragon Pulse|p1a: Audino\n|-crit|p1a: Audino\n|-damage|p1a: Audino|0 fnt\n|faint|p1a: Audino\n|\n|upkeep\n|\n|t:|1700235099\n|switch|p1a: Cryogonal|Cryogonal|100\/100\n|turn|8\n|\n|t:|1700235105\n|switch|p1a: Pyukumuku|Pyukumuku, M|100\/100\n|move|p2a: Goodra|Knock Off|p1a: Pyukumuku\n|-damage|p1a: Pyukumuku|79\/100\n|-enditem|p1a: Pyukumuku|Leftovers|[from] move: Knock Off|[of] p2a: Goodra\n|\n|-fieldend|move: Psychic Terrain\n|upkeep\n|turn|9\n|\n|t:|1700235116\n|move|p2a: Goodra|Dragon Pulse|p1a: Pyukumuku\n|-damage|p1a: Pyukumuku|58\/100\n|move|p1a: Pyukumuku|Counter||[still]\n|-fail|p1a: Pyukumuku\n|\n|upkeep\n|turn|10\n|\n|t:|1700235124\n|move|p2a: Goodra|Dragon Pulse|p1a: Pyukumuku\n|-damage|p1a: Pyukumuku|36\/100\n|move|p1a: Pyukumuku|Recover|p1a: Pyukumuku\n|-heal|p1a: Pyukumuku|86\/100\n|\n|upkeep\n|turn|11\n|\n|t:|1700235129\n|move|p2a: Goodra|Dragon Pulse|p1a: Pyukumuku\n|-damage|p1a: Pyukumuku|67\/100\n|move|p1a: Pyukumuku|Mirror Coat|p2a: Goodra\n|-damage|p2a: Goodra|29\/100\n|\n|upkeep\n|turn|12\n|\n|t:|1700235136\n|move|p2a: Goodra|Dragon Pulse|p1a: Pyukumuku\n|-damage|p1a: Pyukumuku|47\/100\n|move|p1a: Pyukumuku|Recover|p1a: Pyukumuku\n|-heal|p1a: Pyukumuku|97\/100\n|\n|upkeep\n|turn|13\n|\n|t:|1700235143\n|move|p2a: Goodra|Gyro Ball|p1a: Pyukumuku\n|-resisted|p1a: Pyukumuku\n|-damage|p1a: Pyukumuku|96\/100\n|move|p1a: Pyukumuku|Mirror Coat||[still]\n|-fail|p1a: Pyukumuku\n|\n|upkeep\n|turn|14\n|\n|t:|1700235148\n|move|p2a: Goodra|Dragon Pulse|p1a: Pyukumuku\n|-damage|p1a: Pyukumuku|74\/100\n|move|p1a: Pyukumuku|Mirror Coat|p2a: Goodra\n|-damage|p2a: Goodra|0 fnt\n|faint|p2a: Goodra\n|\n|upkeep\n|\n|t:|1700235157\n|switch|p2a: Ogerpon|Ogerpon-Wellspring, F|100\/100\n|turn|15\n|\n|t:|1700235161\n|move|p2a: Ogerpon|Swords Dance|p2a: Ogerpon\n|-boost|p2a: Ogerpon|atk|2\n|move|p1a: Pyukumuku|Counter||[still]\n|-fail|p1a: Pyukumuku\n|\n|upkeep\n|turn|16\n|\n|t:|1700235166\n|move|p2a: Ogerpon|Horn Leech|p1a: Pyukumuku\n|-supereffective|p1a: Pyukumuku\n|-damage|p1a: Pyukumuku|3\/100\n|move|p1a: Pyukumuku|Counter|p2a: Ogerpon\n|-damage|p2a: Ogerpon|0 fnt\n|faint|p2a: Ogerpon\n|\n|upkeep\n|\n|t:|1700235180\n|switch|p2a: Tapu Lele|Tapu Lele|100\/100\n|-fieldstart|move: Psychic Terrain|[from] ability: Psychic Surge|[of] p2a: Tapu Lele\n|turn|17\n|\n|t:|1700235183\n|move|p2a: Tapu Lele|Psychic|p1a: Pyukumuku\n|-damage|p1a: Pyukumuku|0 fnt\n|faint|p1a: Pyukumuku\n|\n|upkeep\n|inactive|CommandCat has 120 seconds left.\n|\n|t:|1700235218\n|switch|p1a: Spinda|Spinda, F|100\/100\n|turn|18\n|\n|t:|1700235238\n|move|p1a: Spinda|Fake Out|p2a: Tapu Lele\n|-activate|p2a: Tapu Lele|move: Psychic Terrain\n|move|p2a: Tapu Lele|Moonblast|p1a: Spinda\n|-damage|p1a: Spinda|25\/100\n|\n|-heal|p1a: Spinda|32\/100|[from] item: Leftovers\n|upkeep\n|turn|19\n|\n|t:|1700235253\n|move|p2a: Tapu Lele|Moonblast|p1a: Spinda\n|-damage|p1a: Spinda|0 fnt\n|faint|p1a: Spinda\n|\n|upkeep\n|\n|t:|1700235259\n|switch|p1a: Blacephalon|Blacephalon|100\/100\n|turn|20\n|\n|t:|1700235269\n|move|p1a: Blacephalon|Knock Off|p2a: Tapu Lele\n|-damage|p2a: Tapu Lele|59\/100\n|-enditem|p2a: Tapu Lele|Terrain Extender|[from] move: Knock Off|[of] p1a: Blacephalon\n|move|p2a: Tapu Lele|Moonblast|p1a: Blacephalon\n|-resisted|p1a: Blacephalon\n|-damage|p1a: Blacephalon|60\/100\n|\n|upkeep\n|turn|21\n|\n|t:|1700235277\n|switch|p2a: Nidoking|Nidoking, M|100\/100\n|move|p1a: Blacephalon|Mind Blown|p2a: Nidoking\n|-damage|p2a: Nidoking|0 fnt\n|-damage|p1a: Blacephalon|10\/100|[from] mindblown\n|faint|p2a: Nidoking\n|-ability|p1a: Blacephalon|Beast Boost|boost\n|-boost|p1a: Blacephalon|spa|1\n|-heal|p1a: Blacephalon|25\/100|[from] item: Shell Bell|[of] p2: Nidoking\n|\n|upkeep\n|\n|t:|1700235288\n|switch|p2a: Gallade|Gallade, M|100\/100\n|turn|22\n|\n|t:|1700235292\n|switch|p2a: Tapu Lele|Tapu Lele|59\/100\n|move|p1a: Blacephalon|Protect||[still]\n|-fail|p1a: Blacephalon\n|\n|upkeep\n|turn|23\n|\n|t:|1700235300\n|move|p1a: Blacephalon|Protect|p1a: Blacephalon\n|-singleturn|p1a: Blacephalon|Protect\n|move|p2a: Tapu Lele|Moonblast|p1a: Blacephalon\n|-activate|p1a: Blacephalon|move: Protect\n|\n|upkeep\n|turn|24\n|\n|t:|1700235304\n|move|p1a: Blacephalon|Mind Blown|p2a: Tapu Lele\n|-damage|p2a: Tapu Lele|0 fnt\n|-damage|p1a: Blacephalon|0 fnt|[from] mindblown\n|faint|p1a: Blacephalon\n|faint|p2a: Tapu Lele\n|\n|-fieldend|move: Psychic Terrain\n|upkeep\n|\n|t:|1700235313\n|switch|p1a: Cryogonal|Cryogonal|100\/100\n|switch|p2a: Gallade|Gallade, M|100\/100\n|turn|25\n|\n|t:|1700235320\n|detailschange|p2a: Gallade|Gallade-Mega, M\n|-mega|p2a: Gallade|Gallade|Galladite\n|move|p2a: Gallade|Sacred Sword|p1a: Cryogonal\n|-supereffective|p1a: Cryogonal\n|-damage|p1a: Cryogonal|0 fnt\n|-damage|p2a: Gallade|84\/100|[from] item: Rocky Helmet|[of] p1a: Cryogonal\n|faint|p1a: Cryogonal\n|\n|upkeep\n|\n|t:|1700235324\n|switch|p1a: Gastrodon|Gastrodon, F|100\/100\n|turn|26\n|\n|t:|1700235330\n|move|p2a: Gallade|Knock Off|p1a: Gastrodon\n|-damage|p1a: Gastrodon|53\/100\n|-enditem|p1a: Gastrodon|Mirror Herb|[from] move: Knock Off|[of] p2a: Gallade\n|move|p1a: Gastrodon|Earthquake|p2a: Gallade\n|-damage|p2a: Gallade|47\/100\n|\n|upkeep\n|turn|27\n|\n|t:|1700235337\n|move|p2a: Gallade|Sacred Sword|p1a: Gastrodon\n|-damage|p1a: Gastrodon|0 fnt\n|faint|p1a: Gastrodon\n|\n|win|Tarizzler\n|raw|CommandCat's rating: 1024 &rarr; <strong>1013<\/strong><br \/>(-11 for losing)\n|raw|Tarizzler's rating: 1079 &rarr; <strong>1103<\/strong><br \/>(+24 for winning)\n|l|\u2606CommandCat\n","uploadtime":1700235354,"views":14,"p1id":"commandcat","p2id":"tarizzler","formatid":"gen9nationaldex","rating":1013,"private":0,"password":""}