{"id":"gen9nationaldex-1998636054","p1":"Bryantgamer06001x","p2":"vheneko","format":"[Gen 9] National Dex","log":"|html|<div class=\"broadcast-blue\"><strong>[Gen 9] National Dex is currently suspecting Sneasler! For information on how to participate check out the <a href=\"https:\/\/www.smogon.com\/forums\/threads\/sv-national-dex-suspect-8-just-dance.3731534\/\">suspect thread<\/a>.<\/strong><\/div>\n|j|\u2606Bryantgamer06001x\n|j|\u2606vheneko\n|t:|1700965837\n|gametype|singles\n|player|p1|Bryantgamer06001x|colress|1165\n|player|p2|vheneko|depotagent|1253\n|teamsize|p1|6\n|teamsize|p2|6\n|gen|9\n|tier|[Gen 9] National Dex\n|rated|\n|rule|HP Percentage Mod: HP is shown in percentages\n|rule|Endless Battle Clause: Forcing endless battles is banned\n|rule|OHKO Clause: OHKO moves are banned\n|rule|Evasion Clause: Evasion abilities, items, and moves are banned\n|rule|Evasion Abilities Clause: Evasion abilities are banned\n|rule|Evasion Items Clause: Evasion items are banned\n|rule|Evasion Moves Clause: Evasion moves are banned\n|rule|Species Clause: Limit one of each Pok\u00e9mon\n|rule|Sleep Clause Mod: Limit one foe put to sleep\n|clearpoke\n|poke|p1|Ninetales-Alola, F|\n|poke|p1|Mamoswine, M|\n|poke|p1|Abomasnow, F|\n|poke|p1|Slowking, M|\n|poke|p1|Sandslash-Alola, F|\n|poke|p1|Beartic, M|\n|poke|p2|Serperior, M|\n|poke|p2|Minior|\n|poke|p2|Slowking-Galar, F|\n|poke|p2|Grimmsnarl, M|\n|poke|p2|Meowscarada, F|\n|poke|p2|Celesteela|\n|teampreview\n|inactive|Battle timer is ON: inactive players will automatically lose when time's up. (requested by Bryantgamer06001x)\n|\n|t:|1700965859\n|start\n|switch|p1a: Ninetales|Ninetales-Alola, F|100\/100\n|switch|p2a: Minior|Minior, shiny|100\/100\n|-weather|Snow|[from] ability: Snow Warning|[of] p1a: Ninetales\n|-formechange|p2a: Minior|Minior-Meteor||[from] ability: Shields Down\n|turn|1\n|j| SamFuraxy\n|\n|t:|1700965875\n|switch|p1a: Sandslash|Sandslash-Alola, F|100\/100\n|-terastallize|p2a: Minior|Water\n|move|p2a: Minior|Shell Smash|p2a: Minior\n|-unboost|p2a: Minior|def|1\n|-unboost|p2a: Minior|spd|1\n|-boost|p2a: Minior|atk|2\n|-boost|p2a: Minior|spa|2\n|-boost|p2a: Minior|spe|2\n|-enditem|p2a: Minior|White Herb\n|-clearnegativeboost|p2a: Minior|[silent]\n|\n|-weather|Snow|[upkeep]\n|upkeep\n|turn|2\n|\n|t:|1700965891\n|move|p1a: Sandslash|Drill Run|p2a: Minior\n|-damage|p2a: Minior|59\/100\n|-damage|p1a: Sandslash|91\/100|[from] item: Life Orb\n|move|p2a: Minior|Earthquake|p1a: Sandslash\n|-supereffective|p1a: Sandslash\n|-crit|p1a: Sandslash\n|-damage|p1a: Sandslash|0 fnt\n|faint|p1a: Sandslash\n|\n|-weather|Snow|[upkeep]\n|upkeep\n|\n|t:|1700965902\n|switch|p1a: Abomasnow|Abomasnow, F|100\/100\n|turn|3\n|\n|t:|1700965911\n|move|p2a: Minior|Acrobatics|p1a: Abomasnow\n|-supereffective|p1a: Abomasnow\n|-damage|p1a: Abomasnow|0 fnt\n|faint|p1a: Abomasnow\n|\n|-weather|Snow|[upkeep]\n|upkeep\n|\n|t:|1700965920\n|switch|p1a: Beartic|Beartic, M|100\/100\n|turn|4\n|\n|t:|1700965925\n|move|p2a: Minior|Rock Slide|p1a: Beartic\n|-supereffective|p1a: Beartic\n|-damage|p1a: Beartic|11\/100\n|move|p1a: Beartic|Close Combat|p2a: Minior\n|-crit|p2a: Minior\n|-damage|p2a: Minior|0 fnt\n|-unboost|p1a: Beartic|def|1\n|-unboost|p1a: Beartic|spd|1\n|faint|p2a: Minior\n|\n|-weather|Snow|[upkeep]\n|upkeep\n|\n|t:|1700965935\n|switch|p2a: Celesteela|Celesteela|100\/100\n|turn|5\n|\n|t:|1700965944\n|move|p1a: Beartic|Close Combat|p2a: Celesteela\n|-damage|p2a: Celesteela|45\/100\n|-unboost|p1a: Beartic|def|1\n|-unboost|p1a: Beartic|spd|1\n|move|p2a: Celesteela|Autotomize|p2a: Celesteela\n|-boost|p2a: Celesteela|spe|2\n|-start|p2a: Celesteela|Autotomize\n|\n|-weather|Snow|[upkeep]\n|upkeep\n|turn|6\n|\n|t:|1700965955\n|move|p1a: Beartic|Close Combat|p2a: Celesteela\n|-damage|p2a: Celesteela|0 fnt\n|-unboost|p1a: Beartic|def|1\n|-unboost|p1a: Beartic|spd|1\n|faint|p2a: Celesteela\n|\n|-weather|Snow|[upkeep]\n|upkeep\n|\n|t:|1700965967\n|switch|p2a: Grimmsnarl|Grimmsnarl, M|100\/100\n|turn|7\n|\n|t:|1700965971\n|move|p2a: Grimmsnarl|Reflect|p2a: Grimmsnarl\n|-sidestart|p2: vheneko|Reflect\n|move|p1a: Beartic|Close Combat|p2a: Grimmsnarl\n|-damage|p2a: Grimmsnarl|73\/100\n|-unboost|p1a: Beartic|def|1\n|-unboost|p1a: Beartic|spd|1\n|\n|-weather|Snow|[upkeep]\n|upkeep\n|turn|8\n|\n|t:|1700965979\n|move|p1a: Beartic|Close Combat|p2a: Grimmsnarl\n|-damage|p2a: Grimmsnarl|49\/100\n|-unboost|p1a: Beartic|def|1\n|-unboost|p1a: Beartic|spd|1\n|move|p2a: Grimmsnarl|Spirit Break|p1a: Beartic\n|-damage|p1a: Beartic|0 fnt\n|faint|p1a: Beartic\n|\n|-weather|none\n|upkeep\n|\n|t:|1700965991\n|switch|p1a: Ninetales|Ninetales-Alola, F|100\/100\n|-weather|Snow|[from] ability: Snow Warning|[of] p1a: Ninetales\n|turn|9\n|\n|t:|1700966001\n|move|p2a: Grimmsnarl|Parting Shot|p1a: Ninetales\n|-unboost|p1a: Ninetales|atk|1\n|-unboost|p1a: Ninetales|spa|1\n|\n|t:|1700966005\n|switch|p2a: Slowking|Slowking-Galar, F|100\/100|[from] Parting Shot\n|move|p1a: Ninetales|Aurora Veil|p1a: Ninetales\n|-sidestart|p1: Bryantgamer06001x|move: Aurora Veil\n|\n|-weather|Snow|[upkeep]\n|upkeep\n|turn|10\n|\n|t:|1700966015\n|switch|p1a: Slowking|Slowking, M|100\/100\n|move|p2a: Slowking|Future Sight|p1a: Slowking\n|-start|p2a: Slowking|move: Future Sight\n|\n|-weather|Snow|[upkeep]\n|upkeep\n|turn|11\n|\n|t:|1700966022\n|switch|p2a: Grimmsnarl|Grimmsnarl, M|49\/100\n|move|p1a: Slowking|Future Sight|p2a: Grimmsnarl\n|-start|p1a: Slowking|move: Future Sight\n|\n|-weather|Snow|[upkeep]\n|upkeep\n|turn|12\n|\n|t:|1700966033\n|-terastallize|p1a: Slowking|Steel\n|move|p2a: Grimmsnarl|Light Screen|p2a: Grimmsnarl\n|-sidestart|p2: vheneko|move: Light Screen\n|move|p1a: Slowking|Scald|p2a: Grimmsnarl\n|-damage|p2a: Grimmsnarl|33\/100\n|\n|-weather|Snow|[upkeep]\n|-end|p1a: Slowking|move: Future Sight\n|-resisted|p1a: Slowking\n|-damage|p1a: Slowking|89\/100\n|-heal|p1a: Slowking|95\/100|[from] item: Leftovers\n|upkeep\n|turn|13\n|\n|t:|1700966046\n|move|p2a: Grimmsnarl|Spirit Break|p1a: Slowking\n|-resisted|p1a: Slowking\n|-damage|p1a: Slowking|90\/100\n|-unboost|p1a: Slowking|spa|1\n|move|p1a: Slowking|Scald|p2a: Grimmsnarl\n|-damage|p2a: Grimmsnarl|24\/100\n|\n|-weather|Snow|[upkeep]\n|-end|p2a: Grimmsnarl|move: Future Sight\n|-immune|p2a: Grimmsnarl\n|-heal|p1a: Slowking|96\/100|[from] item: Leftovers\n|-sideend|p1: Bryantgamer06001x|move: Aurora Veil\n|upkeep\n|turn|14\n|\n|t:|1700966059\n|move|p2a: Grimmsnarl|Spirit Break|p1a: Slowking\n|-resisted|p1a: Slowking\n|-damage|p1a: Slowking|86\/100\n|-unboost|p1a: Slowking|spa|1\n|move|p1a: Slowking|Scald|p2a: Grimmsnarl\n|-damage|p2a: Grimmsnarl|17\/100\n|-status|p2a: Grimmsnarl|brn\n|\n|-weather|Snow|[upkeep]\n|-heal|p1a: Slowking|92\/100|[from] item: Leftovers\n|-damage|p2a: Grimmsnarl|11\/100 brn|[from] brn\n|-sideend|p2: vheneko|Reflect\n|upkeep\n|turn|15\n|\n|t:|1700966073\n|move|p2a: Grimmsnarl|Parting Shot|p1a: Slowking\n|-unboost|p1a: Slowking|atk|1\n|-unboost|p1a: Slowking|spa|1\n|\n|t:|1700966077\n|switch|p2a: Serperior|Serperior, M|100\/100|[from] Parting Shot\n|move|p1a: Slowking|Scald|p2a: Serperior\n|-resisted|p2a: Serperior\n|-damage|p2a: Serperior|97\/100\n|\n|-weather|Snow|[upkeep]\n|-heal|p2a: Serperior|100\/100|[from] item: Leftovers\n|-heal|p1a: Slowking|98\/100|[from] item: Leftovers\n|upkeep\n|turn|16\n|\n|t:|1700966092\n|move|p2a: Serperior|Substitute|p2a: Serperior\n|-start|p2a: Serperior|Substitute\n|-damage|p2a: Serperior|76\/100\n|move|p1a: Slowking|Future Sight|p2a: Serperior\n|-start|p1a: Slowking|move: Future Sight\n|\n|-weather|none\n|-heal|p2a: Serperior|82\/100|[from] item: Leftovers\n|-heal|p1a: Slowking|100\/100|[from] item: Leftovers\n|upkeep\n|turn|17\n|\n|t:|1700966103\n|move|p2a: Serperior|Leaf Storm|p1a: Slowking\n|-resisted|p1a: Slowking\n|-damage|p1a: Slowking|83\/100\n|-boost|p2a: Serperior|spa|2\n|move|p1a: Slowking|Chilly Reception|p1a: Slowking\n|-weather|Snow\n|\n|t:|1700966115\n|switch|p1a: Ninetales|Ninetales-Alola, F|100\/100|[from] Chilly Reception\n|\n|-weather|Snow|[upkeep]\n|-heal|p2a: Serperior|88\/100|[from] item: Leftovers\n|upkeep\n|turn|18\n|\n|t:|1700966132\n|move|p2a: Serperior|Hidden Power|p1a: Ninetales\n|-supereffective|p1a: Ninetales\n|-damage|p1a: Ninetales|36\/100\n|move|p1a: Ninetales|Blizzard|p2a: Serperior\n|-supereffective|p2a: Serperior\n|-end|p2a: Serperior|Substitute\n|\n|-weather|Snow|[upkeep]\n|-end|p2a: Serperior|move: Future Sight\n|-damage|p2a: Serperior|64\/100\n|-heal|p2a: Serperior|71\/100|[from] item: Leftovers\n|upkeep\n|turn|19\n|\n|t:|1700966144\n|switch|p1a: Slowking|Slowking, M, tera:Steel|100\/100\n|move|p2a: Serperior|Hidden Power|p1a: Slowking\n|-supereffective|p1a: Slowking\n|-damage|p1a: Slowking|51\/100\n|\n|-weather|Snow|[upkeep]\n|-heal|p2a: Serperior|77\/100|[from] item: Leftovers\n|-heal|p1a: Slowking|57\/100|[from] item: Leftovers\n|-sideend|p2: vheneko|move: Light Screen\n|upkeep\n|turn|20\n|\n|t:|1700966164\n|move|p2a: Serperior|Substitute|p2a: Serperior\n|-start|p2a: Serperior|Substitute\n|-damage|p2a: Serperior|52\/100\n|move|p1a: Slowking|Future Sight|p2a: Serperior\n|-start|p1a: Slowking|move: Future Sight\n|\n|-weather|Snow|[upkeep]\n|-heal|p2a: Serperior|58\/100|[from] item: Leftovers\n|-heal|p1a: Slowking|63\/100|[from] item: Leftovers\n|upkeep\n|turn|21\n|\n|t:|1700966174\n|move|p2a: Serperior|Leaf Storm|p1a: Slowking\n|-resisted|p1a: Slowking\n|-damage|p1a: Slowking|28\/100\n|-boost|p2a: Serperior|spa|2\n|move|p1a: Slowking|Scald|p2a: Serperior\n|-resisted|p2a: Serperior\n|-activate|p2a: Serperior|move: Substitute|[damage]\n|\n|-weather|none\n|-heal|p2a: Serperior|64\/100|[from] item: Leftovers\n|-heal|p1a: Slowking|34\/100|[from] item: Leftovers\n|upkeep\n|turn|22\n|\n|t:|1700966187\n|move|p2a: Serperior|Leaf Storm|p1a: Slowking\n|-resisted|p1a: Slowking\n|-damage|p1a: Slowking|0 fnt\n|-boost|p2a: Serperior|spa|2\n|faint|p1a: Slowking\n|\n|-end|p2a: Serperior|move: Future Sight\n|-end|p2a: Serperior|Substitute\n|-heal|p2a: Serperior|71\/100|[from] item: Leftovers\n|upkeep\n|\n|t:|1700966197\n|switch|p1a: Mamoswine|Mamoswine, M|100\/100\n|turn|23\n|\n|t:|1700966201\n|move|p1a: Mamoswine|Ice Shard|p2a: Serperior\n|-supereffective|p2a: Serperior\n|-damage|p2a: Serperior|0 fnt\n|faint|p2a: Serperior\n|-damage|p1a: Mamoswine|91\/100|[from] item: Life Orb\n|\n|upkeep\n|\n|t:|1700966207\n|switch|p2a: Grimmsnarl|Grimmsnarl, M|11\/100 brn\n|turn|24\n|\n|t:|1700966211\n|move|p1a: Mamoswine|Ice Shard|p2a: Grimmsnarl\n|-damage|p2a: Grimmsnarl|0 fnt\n|faint|p2a: Grimmsnarl\n|-damage|p1a: Mamoswine|81\/100|[from] item: Life Orb\n|\n|upkeep\n|\n|t:|1700966216\n|switch|p2a: Meowscarada|Meowscarada, F|100\/100\n|turn|25\n|\n|t:|1700966220\n|switch|p1a: Ninetales|Ninetales-Alola, F|36\/100\n|-weather|Snow|[from] ability: Snow Warning|[of] p1a: Ninetales\n|move|p2a: Meowscarada|Flower Trick|p1a: Ninetales\n|-start|p2a: Meowscarada|typechange|Grass|[from] ability: Protean\n|-crit|p1a: Ninetales\n|-damage|p1a: Ninetales|0 fnt\n|faint|p1a: Ninetales\n|\n|-weather|Snow|[upkeep]\n|upkeep\n|\n|t:|1700966232\n|switch|p1a: Mamoswine|Mamoswine, M|81\/100\n|turn|26\n|\n|t:|1700966236\n|move|p1a: Mamoswine|Ice Shard|p2a: Meowscarada\n|-supereffective|p2a: Meowscarada\n|-damage|p2a: Meowscarada|14\/100\n|-damage|p1a: Mamoswine|71\/100|[from] item: Life Orb\n|move|p2a: Meowscarada|Flower Trick|p1a: Mamoswine\n|-supereffective|p1a: Mamoswine\n|-crit|p1a: Mamoswine\n|-damage|p1a: Mamoswine|0 fnt\n|faint|p1a: Mamoswine\n|\n|win|vheneko\n|raw|Bryantgamer06001x's rating: 1165 &rarr; <strong>1146<\/strong><br \/>(-19 for losing)\n|raw|vheneko's rating: 1253 &rarr; <strong>1272<\/strong><br \/>(+19 for winning)\n|l|\u2606Bryantgamer06001x\n|l|\u2606vheneko\n","uploadtime":1700966250,"views":2,"p1id":"bryantgamer06001x","p2id":"vheneko","formatid":"gen9nationaldex","rating":1146,"private":0,"password":""}