{"id":"gen9nationaldex-1993873739","p1":"As cheu","p2":"XYStarshine.\u661f\u8000","format":"[Gen 9] National Dex","log":"|j|\u2606As cheu\n|j|\u2606XYStarshine.\u661f\u8000\n|t:|1700368339\n|gametype|singles\n|player|p1|As cheu|officeworker|1657\n|player|p2|XYStarshine.\u661f\u8000|psychic-lgpe|1678\n|teamsize|p1|6\n|teamsize|p2|6\n|gen|9\n|tier|[Gen 9] National Dex\n|rated|\n|rule|HP Percentage Mod: HP is shown in percentages\n|rule|Endless Battle Clause: Forcing endless battles is banned\n|rule|OHKO Clause: OHKO moves are banned\n|rule|Evasion Clause: Evasion abilities, items, and moves are banned\n|rule|Evasion Abilities Clause: Evasion abilities are banned\n|rule|Evasion Items Clause: Evasion items are banned\n|rule|Evasion Moves Clause: Evasion moves are banned\n|rule|Species Clause: Limit one of each Pok\u00e9mon\n|rule|Sleep Clause Mod: Limit one foe put to sleep\n|clearpoke\n|poke|p1|Steelix, M|\n|poke|p1|Hatterene, F|\n|poke|p1|Greninja-*, M|\n|poke|p1|Marowak-Alola, M|\n|poke|p1|Medicham, F|\n|poke|p1|Salamence, M|\n|poke|p2|Tapu Koko|\n|poke|p2|Iron Valiant|\n|poke|p2|Heatran, F|\n|poke|p2|Zapdos|\n|poke|p2|Weavile, F|\n|poke|p2|Garchomp, M|\n|teampreview\n|\n|t:|1700368370\n|start\n|switch|p1a: Greninja|Greninja, M|100\/100\n|switch|p2a: Weavile|Weavile, F|100\/100\n|-ability|p2a: Weavile|Pressure\n|turn|1\n|inactive|Battle timer is ON: inactive players will automatically lose when time's up. (requested by As cheu)\n|\n|t:|1700368393\n|-terastallize|p1a: Greninja|Water\n|move|p1a: Greninja|Hydro Pump|p2a: Weavile\n|-damage|p2a: Weavile|9\/100\n|move|p2a: Weavile|Low Kick|p1a: Greninja\n|-damage|p1a: Greninja|70\/100\n|\n|upkeep\n|turn|2\n|j| ZacianHero160\n|inactive|XYStarshine.\u661f\u8000 has 120 seconds left.\n|j| THBD differents\n|j| chongwang12345\n|inactive|XYStarshine.\u661f\u8000 has 90 seconds left.\n|\n|t:|1700368469\n|move|p2a: Weavile|Ice Shard|p1a: Greninja\n|-resisted|p1a: Greninja\n|-damage|p1a: Greninja|54\/100\n|move|p1a: Greninja|Hydro Pump|p2a: Weavile\n|-damage|p2a: Weavile|0 fnt\n|faint|p2a: Weavile\n|\n|upkeep\n|l| ZacianHero160\n|inactive|XYStarshine.\u661f\u8000 has 60 seconds left.\n|\n|t:|1700368504\n|switch|p2a: Tapu Koko|Tapu Koko, shiny|100\/100\n|-fieldstart|move: Electric Terrain|[from] ability: Electric Surge|[of] p2a: Tapu Koko\n|turn|3\n|l| THBD differents\n|\n|t:|1700368512\n|-terastallize|p2a: Tapu Koko|Grass\n|move|p1a: Greninja|Hydro Pump|p2a: Tapu Koko\n|-resisted|p2a: Tapu Koko\n|-damage|p2a: Tapu Koko|52\/100\n|move|p2a: Tapu Koko|Volt Switch|p1a: Greninja\n|-supereffective|p1a: Greninja\n|-damage|p1a: Greninja|0 fnt\n|faint|p1a: Greninja\n|\n|t:|1700368524\n|switch|p2a: Iron Valiant|Iron Valiant|100\/100|[from] Volt Switch\n|-activate|p2a: Iron Valiant|ability: Quark Drive\n|-start|p2a: Iron Valiant|quarkdrivespe\n|\n|upkeep\n|\n|t:|1700368529\n|switch|p1a: Medicham|Medicham, F|100\/100\n|turn|4\n|inactive|XYStarshine.\u661f\u8000 has 60 seconds left.\n|\n|t:|1700368535\n|detailschange|p1a: Medicham|Medicham-Mega, F\n|-mega|p1a: Medicham|Medicham|Medichamite\n|move|p1a: Medicham|Fake Out|p2a: Iron Valiant\n|-damage|p2a: Iron Valiant|68\/100\n|cant|p2a: Iron Valiant|flinch\n|\n|upkeep\n|turn|5\n|\n|t:|1700368548\n|-end|p2a: Iron Valiant|Quark Drive|[silent]\n|switch|p2a: Zapdos|Zapdos, shiny|100\/100\n|switch|p1a: \u5c0f\u5c0f\u560e\u5566|Marowak-Alola, M|100\/100\n|\n|upkeep\n|turn|6\n|\n|t:|1700368562\n|move|p2a: Zapdos|Discharge|p1a: \u5c0f\u5c0f\u560e\u5566\n|-crit|p1a: \u5c0f\u5c0f\u560e\u5566\n|-damage|p1a: \u5c0f\u5c0f\u560e\u5566|40\/100\n|move|p1a: \u5c0f\u5c0f\u560e\u5566|Poltergeist|p2a: Zapdos\n|-activate|p2a: Zapdos|move: Poltergeist|Heavy-Duty Boots\n|-damage|p2a: Zapdos|47\/100\n|\n|upkeep\n|turn|7\n|j| Bagpipie\n|\n|t:|1700368570\n|move|p2a: Zapdos|Roost|p2a: Zapdos\n|-heal|p2a: Zapdos|97\/100\n|-singleturn|p2a: Zapdos|move: Roost\n|move|p1a: \u5c0f\u5c0f\u560e\u5566|Poltergeist|p2a: Zapdos|[miss]\n|-miss|p1a: \u5c0f\u5c0f\u560e\u5566|p2a: Zapdos\n|\n|-fieldend|move: Electric Terrain\n|upkeep\n|turn|8\n|\n|t:|1700368578\n|switch|p1a: \u963f\u83ca|Steelix, M|100\/100\n|move|p2a: Zapdos|Discharge|p1a: \u963f\u83ca\n|-immune|p1a: \u963f\u83ca\n|\n|upkeep\n|turn|9\n|\n|t:|1700368584\n|switch|p2a: Garchomp|Garchomp, M, shiny|100\/100\n|move|p1a: \u963f\u83ca|Toxic|p2a: Garchomp\n|-status|p2a: Garchomp|tox\n|\n|-damage|p2a: Garchomp|94\/100 tox|[from] psn\n|upkeep\n|turn|10\n|\n|t:|1700368587\n|move|p2a: Garchomp|Swords Dance|p2a: Garchomp\n|-boost|p2a: Garchomp|atk|2\n|move|p1a: \u963f\u83ca|Stealth Rock|p2a: Garchomp\n|-sidestart|p2: XYStarshine.\u661f\u8000|move: Stealth Rock\n|\n|-damage|p2a: Garchomp|82\/100 tox|[from] psn\n|upkeep\n|turn|11\n|\n|t:|1700368595\n|move|p2a: Garchomp|Stealth Rock|p1a: \u963f\u83ca\n|-sidestart|p1: As cheu|move: Stealth Rock\n|move|p1a: \u963f\u83ca|Earthquake|p2a: Garchomp\n|-damage|p2a: Garchomp|53\/100 tox\n|\n|-damage|p2a: Garchomp|34\/100 tox|[from] psn\n|upkeep\n|turn|12\n|\n|t:|1700368601\n|switch|p1a: \u8840\u7ffc\u98de\u9f99|Salamence, M|100\/100\n|-ability|p1a: \u8840\u7ffc\u98de\u9f99|Intimidate|boost\n|-unboost|p2a: Garchomp|atk|1\n|move|p2a: Garchomp|Earthquake|p1a: \u8840\u7ffc\u98de\u9f99\n|-immune|p1a: \u8840\u7ffc\u98de\u9f99\n|\n|-damage|p2a: Garchomp|9\/100 tox|[from] psn\n|upkeep\n|turn|13\n|inactive|XYStarshine.\u661f\u8000 has 120 seconds left.\n|\n|t:|1700368610\n|-zpower|p2a: Garchomp\n|move|p2a: Garchomp|Devastating Drake|p1a: \u8840\u7ffc\u98de\u9f99|[zeffect]\n|-supereffective|p1a: \u8840\u7ffc\u98de\u9f99\n|-damage|p1a: \u8840\u7ffc\u98de\u9f99|0 fnt\n|faint|p1a: \u8840\u7ffc\u98de\u9f99\n|\n|-damage|p2a: Garchomp|0 fnt|[from] psn\n|faint|p2a: Garchomp\n|upkeep\n|\n|t:|1700368617\n|switch|p2a: Tapu Koko|Tapu Koko, shiny, tera:Grass|52\/100\n|switch|p1a: Medicham|Medicham-Mega, F|100\/100\n|-damage|p2a: Tapu Koko|40\/100|[from] Stealth Rock\n|-fieldstart|move: Electric Terrain|[from] ability: Electric Surge|[of] p2a: Tapu Koko\n|-damage|p1a: Medicham|94\/100|[from] Stealth Rock\n|turn|14\n|\n|t:|1700368622\n|switch|p2a: Zapdos|Zapdos, shiny|97\/100\n|move|p1a: Medicham|Fake Out|p2a: Zapdos\n|-damage|p2a: Zapdos|80\/100\n|\n|upkeep\n|turn|15\n|\n|t:|1700368645\n|switch|p1a: \u963f\u83ca|Steelix, M|100\/100\n|-damage|p1a: \u963f\u83ca|97\/100|[from] Stealth Rock\n|move|p2a: Zapdos|Defog|p1a: \u963f\u83ca\n|-unboost|p1a: \u963f\u83ca|evasion|1\n|-sideend|p1: As cheu|Stealth Rock|[from] move: Defog|[of] p2a: Zapdos\n|-sideend|p2: XYStarshine.\u661f\u8000|Stealth Rock|[from] move: Defog|[of] p2a: Zapdos\n|-fieldend|move: Electric Terrain\n|\n|upkeep\n|turn|16\n|\n|t:|1700368657\n|switch|p2a: Iron Valiant|Iron Valiant|68\/100\n|move|p1a: \u963f\u83ca|Stealth Rock|p2a: Iron Valiant\n|-sidestart|p2: XYStarshine.\u661f\u8000|move: Stealth Rock\n|\n|upkeep\n|turn|17\n|\n|t:|1700368660\n|switch|p1a: \u5c0f\u5c0f\u560e\u5566|Marowak-Alola, M|40\/100\n|move|p2a: Iron Valiant|Close Combat|p1a: \u5c0f\u5c0f\u560e\u5566\n|-immune|p1a: \u5c0f\u5c0f\u560e\u5566\n|\n|upkeep\n|turn|18\n|\n|t:|1700368668\n|-end|p2a: Iron Valiant|Quark Drive|[silent]\n|switch|p2a: Heatran|Heatran, F|100\/100\n|-damage|p2a: Heatran|88\/100|[from] Stealth Rock\n|move|p1a: \u5c0f\u5c0f\u560e\u5566|Poltergeist|p2a: Heatran\n|-activate|p2a: Heatran|move: Poltergeist|Leftovers\n|-damage|p2a: Heatran|23\/100\n|\n|-heal|p2a: Heatran|29\/100|[from] item: Leftovers\n|upkeep\n|turn|19\n|\n|t:|1700368675\n|move|p2a: Heatran|Earth Power|p1a: \u5c0f\u5c0f\u560e\u5566\n|-supereffective|p1a: \u5c0f\u5c0f\u560e\u5566\n|-damage|p1a: \u5c0f\u5c0f\u560e\u5566|0 fnt\n|faint|p1a: \u5c0f\u5c0f\u560e\u5566\n|\n|-heal|p2a: Heatran|35\/100|[from] item: Leftovers\n|upkeep\n|\n|t:|1700368678\n|switch|p1a: Medicham|Medicham-Mega, F|94\/100\n|turn|20\n|\n|t:|1700368686\n|move|p2a: Heatran|Protect|p2a: Heatran\n|-singleturn|p2a: Heatran|Protect\n|move|p1a: Medicham|Close Combat|p2a: Heatran\n|-activate|p2a: Heatran|move: Protect\n|\n|-heal|p2a: Heatran|41\/100|[from] item: Leftovers\n|upkeep\n|turn|21\n|\n|t:|1700368690\n|switch|p2a: Zapdos|Zapdos, shiny|80\/100\n|move|p1a: Medicham|Zen Headbutt|p2a: Zapdos\n|-damage|p2a: Zapdos|30\/100\n|\n|upkeep\n|turn|22\n|\n|t:|1700368696\n|move|p1a: Medicham|Zen Headbutt|p2a: Zapdos\n|-damage|p2a: Zapdos|0 fnt\n|faint|p2a: Zapdos\n|\n|upkeep\n|j| eguipeng\n|\n|t:|1700368701\n|switch|p2a: Tapu Koko|Tapu Koko, shiny, tera:Grass|40\/100\n|-damage|p2a: Tapu Koko|27\/100|[from] Stealth Rock\n|-fieldstart|move: Electric Terrain|[from] ability: Electric Surge|[of] p2a: Tapu Koko\n|turn|23\n|\n|t:|1700368706\n|switch|p1a: \u963f\u83ca|Steelix, M|97\/100\n|move|p2a: Tapu Koko|U-turn|p1a: \u963f\u83ca\n|-resisted|p1a: \u963f\u83ca\n|-crit|p1a: \u963f\u83ca\n|-damage|p1a: \u963f\u83ca|91\/100\n|-damage|p2a: Tapu Koko|11\/100|[from] item: Rocky Helmet|[of] p1a: \u963f\u83ca\n|\n|t:|1700368716\n|switch|p2a: Heatran|Heatran, F|41\/100|[from] U-turn\n|-damage|p2a: Heatran|29\/100|[from] Stealth Rock\n|\n|-heal|p2a: Heatran|35\/100|[from] item: Leftovers\n|upkeep\n|turn|24\n|\n|t:|1700368722\n|move|p2a: Heatran|Magma Storm|p1a: \u963f\u83ca\n|-supereffective|p1a: \u963f\u83ca\n|-damage|p1a: \u963f\u83ca|13\/100\n|-activate|p1a: \u963f\u83ca|move: Magma Storm|[of] p2a: Heatran\n|move|p1a: \u963f\u83ca|Earthquake|p2a: Heatran\n|-supereffective|p2a: Heatran\n|-damage|p2a: Heatran|0 fnt\n|faint|p2a: Heatran\n|\n|-end|p1a: \u963f\u83ca|Magma Storm|[partiallytrapped]|[silent]\n|upkeep\n|\n|t:|1700368734\n|switch|p2a: Tapu Koko|Tapu Koko, shiny, tera:Grass|11\/100\n|-damage|p2a: Tapu Koko|0 fnt|[from] Stealth Rock\n|faint|p2a: Tapu Koko\n|\n|t:|1700368735\n|switch|p2a: Iron Valiant|Iron Valiant|68\/100\n|-damage|p2a: Iron Valiant|62\/100|[from] Stealth Rock\n|-activate|p2a: Iron Valiant|ability: Quark Drive\n|-start|p2a: Iron Valiant|quarkdrivespe\n|turn|25\n|\n|t:|1700368738\n|move|p2a: Iron Valiant|Spirit Break|p1a: \u963f\u83ca\n|-resisted|p1a: \u963f\u83ca\n|-damage|p1a: \u963f\u83ca|0 fnt\n|-damage|p2a: Iron Valiant|45\/100|[from] item: Rocky Helmet|[of] p1a: \u963f\u83ca\n|faint|p1a: \u963f\u83ca\n|\n|upkeep\n|\n|t:|1700368740\n|switch|p1a: Medicham|Medicham-Mega, F|94\/100\n|turn|26\n|\n|t:|1700368741\n|move|p1a: Medicham|Fake Out|p2a: Iron Valiant\n|-damage|p2a: Iron Valiant|13\/100\n|cant|p2a: Iron Valiant|flinch\n|\n|upkeep\n|turn|27\n|\n|t:|1700368743\n|move|p1a: Medicham|Bullet Punch|p2a: Iron Valiant\n|-supereffective|p2a: Iron Valiant\n|-damage|p2a: Iron Valiant|0 fnt\n|faint|p2a: Iron Valiant\n|-end|p2a: Iron Valiant|Quark Drive|[silent]\n|\n|win|As cheu\n|raw|As cheu's rating: 1657 &rarr; <strong>1678<\/strong><br \/>(+21 for winning)\n|raw|XYStarshine.\u661f\u8000's rating: 1678 &rarr; <strong>1657<\/strong><br \/>(-21 for losing)\n|l|\u2606XYStarshine.\u661f\u8000\n","uploadtime":1700368751,"views":14,"p1id":"ascheu","p2id":"xystarshine","formatid":"gen9nationaldex","rating":1657,"private":0,"password":""}