{"id":"gen9nationaldex-1988053945","p1":"blueeroses_","p2":"asalqfty4","format":"[Gen 9] National Dex","log":"|j|\u2606blueeroses_\n|j|\u2606asalqfty4\n|t:|1699663897\n|gametype|singles\n|player|p1|blueeroses_|lady-gen4|1389\n|player|p2|asalqfty4|169|1328\n|teamsize|p1|6\n|teamsize|p2|6\n|gen|9\n|tier|[Gen 9] National Dex\n|rated|\n|rule|HP Percentage Mod: HP is shown in percentages\n|rule|Endless Battle Clause: Forcing endless battles is banned\n|rule|OHKO Clause: OHKO moves are banned\n|rule|Evasion Clause: Evasion abilities, items, and moves are banned\n|rule|Evasion Abilities Clause: Evasion abilities are banned\n|rule|Evasion Items Clause: Evasion items are banned\n|rule|Evasion Moves Clause: Evasion moves are banned\n|rule|Species Clause: Limit one of each Pok\u00e9mon\n|rule|Sleep Clause Mod: Limit one foe put to sleep\n|clearpoke\n|poke|p1|Landorus-Therian, M|\n|poke|p1|Tapu Lele|\n|poke|p1|Rotom-Wash|\n|poke|p1|Tyranitar, F|\n|poke|p1|Zygarde-10%|\n|poke|p1|Excadrill, F|\n|poke|p2|Beedrill, F|\n|poke|p2|Clefable, F|\n|poke|p2|Toxapex, M|\n|poke|p2|Ferrothorn, M|\n|poke|p2|Heatran, F|\n|poke|p2|Zygarde-10%|\n|teampreview\n|\n|t:|1699663988\n|start\n|switch|p1a: Landorus|Landorus-Therian, M|100\/100\n|switch|p2a: Beedrill|Beedrill, F|100\/100\n|-ability|p1a: Landorus|Intimidate|boost\n|-unboost|p2a: Beedrill|atk|1\n|turn|1\n|\n|t:|1699664002\n|switch|p2a: Ferrothorn|Ferrothorn, M|100\/100\n|move|p1a: Landorus|U-turn|p2a: Ferrothorn\n|-damage|p2a: Ferrothorn|86\/100\n|-damage|p1a: Landorus|88\/100|[from] ability: Iron Barbs|[of] p2a: Ferrothorn\n|-damage|p1a: Landorus|72\/100|[from] item: Rocky Helmet|[of] p2a: Ferrothorn\n|\n|t:|1699664011\n|switch|p1a: Zygarde|Zygarde-10%|100\/100|[from] U-turn\n|-ability|p1a: Zygarde|Aura Break\n|\n|upkeep\n|turn|2\n|\n|t:|1699664027\n|move|p1a: Zygarde|Dragon Dance|p1a: Zygarde\n|-boost|p1a: Zygarde|atk|1\n|-boost|p1a: Zygarde|spe|1\n|move|p2a: Ferrothorn|Stealth Rock|p1a: Zygarde\n|-sidestart|p1: blueeroses_|move: Stealth Rock\n|\n|upkeep\n|turn|3\n|\n|t:|1699664033\n|move|p1a: Zygarde|Superpower|p2a: Ferrothorn\n|-supereffective|p2a: Ferrothorn\n|-damage|p2a: Ferrothorn|0 fnt\n|-unboost|p1a: Zygarde|atk|1\n|-unboost|p1a: Zygarde|def|1\n|-damage|p1a: Zygarde|88\/100|[from] ability: Iron Barbs|[of] p2a: Ferrothorn\n|-damage|p1a: Zygarde|72\/100|[from] item: Rocky Helmet|[of] p2a: Ferrothorn\n|faint|p2a: Ferrothorn\n|-damage|p1a: Zygarde|62\/100|[from] item: Life Orb\n|\n|upkeep\n|\n|t:|1699664045\n|switch|p2a: Clefable|Clefable, F|100\/100\n|turn|4\n|\n|t:|1699664050\n|switch|p1a: Excadrill|Excadrill, F|100\/100\n|-damage|p1a: Excadrill|97\/100|[from] Stealth Rock\n|move|p2a: Clefable|Moonblast|p1a: Excadrill\n|-resisted|p1a: Excadrill\n|-damage|p1a: Excadrill|77\/100\n|\n|upkeep\n|turn|5\n|\n|t:|1699664057\n|move|p1a: Excadrill|Stealth Rock|p2a: Clefable\n|-sidestart|p2: asalqfty4|move: Stealth Rock\n|move|p2a: Clefable|Moonblast|p1a: Excadrill\n|-resisted|p1a: Excadrill\n|-damage|p1a: Excadrill|56\/100\n|\n|upkeep\n|turn|6\n|\n|t:|1699664063\n|switch|p1a: Tyranitar|Tyranitar, F|100\/100\n|-damage|p1a: Tyranitar|88\/100|[from] Stealth Rock\n|-weather|Sandstorm|[from] ability: Sand Stream|[of] p1a: Tyranitar\n|move|p2a: Clefable|Protect||[still]\n|-fail|p2a: Clefable\n|\n|-weather|Sandstorm|[upkeep]\n|upkeep\n|turn|7\n|\n|t:|1699664069\n|detailschange|p1a: Tyranitar|Tyranitar-Mega, F\n|-mega|p1a: Tyranitar|Tyranitar|Tyranitarite\n|move|p1a: Tyranitar|Dragon Dance|p1a: Tyranitar\n|-boost|p1a: Tyranitar|atk|1\n|-boost|p1a: Tyranitar|spe|1\n|move|p2a: Clefable|Moonblast|p1a: Tyranitar\n|-supereffective|p1a: Tyranitar\n|-damage|p1a: Tyranitar|53\/100\n|\n|-weather|Sandstorm|[upkeep]\n|upkeep\n|turn|8\n|\n|t:|1699664076\n|move|p1a: Tyranitar|Dragon Dance|p1a: Tyranitar\n|-boost|p1a: Tyranitar|atk|1\n|-boost|p1a: Tyranitar|spe|1\n|move|p2a: Clefable|Moonblast|p1a: Tyranitar\n|-supereffective|p1a: Tyranitar\n|-damage|p1a: Tyranitar|20\/100\n|-unboost|p1a: Tyranitar|spa|1\n|\n|-weather|Sandstorm|[upkeep]\n|upkeep\n|turn|9\n|\n|t:|1699664082\n|move|p2a: Clefable|Protect|p2a: Clefable\n|-singleturn|p2a: Clefable|Protect\n|move|p1a: Tyranitar|Stone Edge|p2a: Clefable\n|-activate|p2a: Clefable|move: Protect\n|\n|-weather|Sandstorm|[upkeep]\n|upkeep\n|turn|10\n|\n|t:|1699664093\n|move|p1a: Tyranitar|Stone Edge|p2a: Clefable\n|-damage|p2a: Clefable|0 fnt\n|faint|p2a: Clefable\n|\n|-weather|none\n|upkeep\n|\n|t:|1699664097\n|switch|p2a: Zygarde|Zygarde-10%|100\/100\n|-damage|p2a: Zygarde|94\/100|[from] Stealth Rock\n|-ability|p2a: Zygarde|Aura Break\n|turn|11\n|\n|t:|1699664101\n|-terastallize|p2a: Zygarde|Normal\n|move|p2a: Zygarde|Extreme Speed|p1a: Tyranitar\n|-resisted|p1a: Tyranitar\n|-damage|p1a: Tyranitar|1\/100\n|move|p1a: Tyranitar|Knock Off|p2a: Zygarde\n|-damage|p2a: Zygarde|0 fnt\n|-enditem|p2a: Zygarde|Choice Band|[from] move: Knock Off|[of] p1a: Tyranitar\n|faint|p2a: Zygarde\n|\n|upkeep\n|\n|t:|1699664108\n|switch|p2a: Toxapex|Toxapex, M|100\/100\n|-damage|p2a: Toxapex|88\/100|[from] Stealth Rock\n|turn|12\n|\n|t:|1699664111\n|move|p1a: Tyranitar|Earthquake|p2a: Toxapex\n|-supereffective|p2a: Toxapex\n|-damage|p2a: Toxapex|0 fnt\n|faint|p2a: Toxapex\n|\n|upkeep\n|\n|t:|1699664114\n|switch|p2a: Beedrill|Beedrill, F|100\/100\n|-damage|p2a: Beedrill|76\/100|[from] Stealth Rock\n|turn|13\n|\n|t:|1699664116\n|detailschange|p2a: Beedrill|Beedrill-Mega, F\n|-mega|p2a: Beedrill|Beedrill|Beedrillite\n|move|p1a: Tyranitar|Knock Off|p2a: Beedrill\n|-damage|p2a: Beedrill|0 fnt\n|faint|p2a: Beedrill\n|\n|upkeep\n|\n|t:|1699664119\n|switch|p2a: Heatran|Heatran, F|100\/100\n|-damage|p2a: Heatran|88\/100|[from] Stealth Rock\n|turn|14\n|\n|t:|1699664121\n|move|p1a: Tyranitar|Knock Off|p2a: Heatran\n|-damage|p2a: Heatran|0 fnt\n|-enditem|p2a: Heatran|Leftovers|[from] move: Knock Off|[of] p1a: Tyranitar\n|faint|p2a: Heatran\n|\n|win|blueeroses_\n|raw|blueeroses_'s rating: 1389 &rarr; <strong>1406<\/strong><br \/>(+17 for winning)\n|raw|asalqfty4's rating: 1328 &rarr; <strong>1311<\/strong><br \/>(-17 for losing)\n","uploadtime":1699664124,"views":5,"p1id":"blueeroses","p2id":"asalqfty4","formatid":"gen9nationaldex","rating":1311,"private":0,"password":""}