{"id":"gen9nationaldex-1996830723","p1":"Janenba","p2":"prince5","format":"[Gen 9] National Dex","log":"|html|<div class=\"broadcast-blue\"><strong>[Gen 9] National Dex is currently suspecting Sneasler! For information on how to participate check out the <a href=\"https:\/\/www.smogon.com\/forums\/threads\/sv-national-dex-suspect-8-just-dance.3731534\/\">suspect thread<\/a>.<\/strong><\/div>\n|j|\u2606Janenba\n|j|\u2606prince5\n|inactive|Battle timer is ON: inactive players will automatically lose when time's up.\n|t:|1700732245\n|gametype|singles\n|player|p1|Janenba|koga-lgpe|\n|player|p2|prince5|anabel|\n|teamsize|p1|6\n|teamsize|p2|6\n|gen|9\n|tier|[Gen 9] National Dex\n|rated|Tournament battle\n|rule|HP Percentage Mod: HP is shown in percentages\n|rule|Endless Battle Clause: Forcing endless battles is banned\n|rule|OHKO Clause: OHKO moves are banned\n|rule|Evasion Clause: Evasion abilities, items, and moves are banned\n|rule|Evasion Abilities Clause: Evasion abilities are banned\n|rule|Evasion Items Clause: Evasion items are banned\n|rule|Evasion Moves Clause: Evasion moves are banned\n|rule|Species Clause: Limit one of each Pok\u00e9mon\n|rule|Sleep Clause Mod: Limit one foe put to sleep\n|clearpoke\n|poke|p1|Ferrothorn, M|\n|poke|p1|Pelipper, F|\n|poke|p1|Swampert, F|\n|poke|p1|Zapdos|\n|poke|p1|Greninja-*, M|\n|poke|p1|Basculegion, M|\n|poke|p2|Infernape, M|\n|poke|p2|Gliscor, M|\n|poke|p2|Sceptile, M|\n|poke|p2|Snorlax, M|\n|poke|p2|Charizard, M|\n|poke|p2|Heracross, M|\n|teampreview\n|j| bingo bronson\n|\n|t:|1700732269\n|start\n|switch|p1a: Greninja|Greninja, M|100\/100\n|switch|p2a: Gliscor|Gliscor, M|100\/100\n|turn|1\n|\n|t:|1700732286\n|move|p2a: Gliscor|Protect|p2a: Gliscor\n|-singleturn|p2a: Gliscor|Protect\n|move|p1a: Greninja|Surf|p2a: Gliscor\n|-activate|p2a: Gliscor|move: Protect\n|\n|-status|p2a: Gliscor|tox|[from] item: Toxic Orb\n|upkeep\n|turn|2\n|\n|t:|1700732293\n|-terastallize|p2a: Gliscor|Fairy\n|move|p1a: Greninja|Surf|p2a: Gliscor\n|-damage|p2a: Gliscor|59\/100 tox\n|-damage|p1a: Greninja|91\/100|[from] item: Life Orb\n|move|p2a: Gliscor|Toxic|p1a: Greninja\n|-status|p1a: Greninja|tox\n|\n|-damage|p1a: Greninja|85\/100 tox|[from] psn\n|-heal|p2a: Gliscor|72\/100 tox|[from] ability: Poison Heal\n|upkeep\n|turn|3\n|\n|t:|1700732306\n|switch|p1a: Pelipper|Pelipper, F, shiny|100\/100\n|-weather|RainDance|[from] ability: Drizzle|[of] p1a: Pelipper\n|move|p2a: Gliscor|Toxic|p1a: Pelipper\n|-status|p1a: Pelipper|tox\n|\n|-weather|RainDance|[upkeep]\n|-heal|p2a: Gliscor|84\/100 tox|[from] ability: Poison Heal\n|-damage|p1a: Pelipper|94\/100 tox|[from] psn\n|upkeep\n|turn|4\n|\n|t:|1700732315\n|move|p2a: Gliscor|Protect|p2a: Gliscor\n|-singleturn|p2a: Gliscor|Protect\n|move|p1a: Pelipper|U-turn|p2a: Gliscor\n|-activate|p2a: Gliscor|move: Protect\n|\n|-weather|RainDance|[upkeep]\n|-heal|p2a: Gliscor|97\/100 tox|[from] ability: Poison Heal\n|-damage|p1a: Pelipper|82\/100 tox|[from] psn\n|upkeep\n|turn|5\n|\n|t:|1700732323\n|move|p2a: Gliscor|Protect|p2a: Gliscor\n|-singleturn|p2a: Gliscor|Protect\n|move|p1a: Pelipper|U-turn|p2a: Gliscor\n|-activate|p2a: Gliscor|move: Protect\n|\n|-weather|RainDance|[upkeep]\n|-heal|p2a: Gliscor|100\/100 tox|[from] ability: Poison Heal\n|-damage|p1a: Pelipper|63\/100 tox|[from] psn\n|upkeep\n|turn|6\n|\n|t:|1700732336\n|move|p2a: Gliscor|Toxic|p1a: Pelipper\n|-fail|p1a: Pelipper|tox\n|move|p1a: Pelipper|U-turn|p2a: Gliscor\n|-resisted|p2a: Gliscor\n|-damage|p2a: Gliscor|97\/100 tox\n|\n|t:|1700732342\n|switch|p1a: Basculegion|Basculegion, M|100\/100|[from] U-turn\n|\n|-weather|RainDance|[upkeep]\n|-heal|p2a: Gliscor|100\/100 tox|[from] ability: Poison Heal\n|upkeep\n|turn|7\n|\n|t:|1700732347\n|move|p2a: Gliscor|Protect|p2a: Gliscor\n|-singleturn|p2a: Gliscor|Protect\n|move|p1a: Basculegion|Wave Crash|p2a: Gliscor\n|-activate|p2a: Gliscor|move: Protect\n|\n|-weather|RainDance|[upkeep]\n|upkeep\n|turn|8\n|\n|t:|1700732353\n|switch|p2a: Snorlax|Snorlax, M|100\/100\n|move|p1a: Basculegion|Wave Crash|p2a: Snorlax\n|-damage|p2a: Snorlax|18\/100\n|-damage|p1a: Basculegion|67\/100|[from] Recoil\n|\n|-weather|RainDance|[upkeep]\n|-heal|p2a: Snorlax|24\/100|[from] item: Leftovers\n|upkeep\n|turn|9\n|\n|t:|1700732362\n|move|p1a: Basculegion|Wave Crash|p2a: Snorlax\n|-damage|p2a: Snorlax|0 fnt\n|faint|p2a: Snorlax\n|-damage|p1a: Basculegion|57\/100|[from] Recoil\n|\n|-weather|RainDance|[upkeep]\n|upkeep\n|\n|t:|1700732369\n|switch|p2a: Sceptile|Sceptile, M|100\/100\n|turn|10\n|\n|t:|1700732377\n|switch|p1a: Ferrothorn|Ferrothorn, M|100\/100\n|move|p2a: Sceptile|Work Up|p2a: Sceptile\n|-boost|p2a: Sceptile|atk|1\n|-boost|p2a: Sceptile|spa|1\n|\n|-weather|none\n|upkeep\n|turn|11\n|\n|t:|1700732383\n|move|p2a: Sceptile|Focus Blast|p1a: Ferrothorn|[miss]\n|-miss|p2a: Sceptile|p1a: Ferrothorn\n|move|p1a: Ferrothorn|Thunder Wave|p2a: Sceptile\n|-status|p2a: Sceptile|par\n|\n|upkeep\n|turn|12\n|\n|t:|1700732389\n|switch|p1a: Zapdos|Zapdos|100\/100\n|move|p2a: Sceptile|Focus Blast|p1a: Zapdos\n|-resisted|p1a: Zapdos\n|-damage|p1a: Zapdos|73\/100\n|\n|upkeep\n|turn|13\n|\n|t:|1700732395\n|move|p1a: Zapdos|Hurricane|p2a: Sceptile\n|-supereffective|p2a: Sceptile\n|-crit|p2a: Sceptile\n|-enditem|p2a: Sceptile|Focus Sash\n|-damage|p2a: Sceptile|1\/100 par\n|-start|p2a: Sceptile|confusion\n|-activate|p2a: Sceptile|confusion\n|-damage|p2a: Sceptile|0 fnt|[from] confusion\n|faint|p2a: Sceptile\n|\n|upkeep\n|\n|t:|1700732407\n|switch|p2a: Charizard|Charizard, M|100\/100\n|turn|14\n|\n|t:|1700732426\n|detailschange|p2a: Charizard|Charizard-Mega-X, M\n|-mega|p2a: Charizard|Charizard|Charizardite X\n|move|p2a: Charizard|Dragon Dance|p2a: Charizard\n|-boost|p2a: Charizard|atk|1\n|-boost|p2a: Charizard|spe|1\n|move|p1a: Zapdos|Hurricane|p2a: Charizard\n|-damage|p2a: Charizard|37\/100\n|\n|upkeep\n|turn|15\n|\n|t:|1700732439\n|move|p2a: Charizard|Roost|p2a: Charizard\n|-heal|p2a: Charizard|87\/100\n|-singleturn|p2a: Charizard|move: Roost\n|move|p1a: Zapdos|Hurricane|p2a: Charizard\n|-damage|p2a: Charizard|27\/100\n|\n|upkeep\n|turn|16\n|\n|t:|1700732451\n|switch|p1a: Pelipper|Pelipper, F, shiny|63\/100 tox\n|-weather|RainDance|[from] ability: Drizzle|[of] p1a: Pelipper\n|move|p2a: Charizard|Dragon Claw|p1a: Pelipper\n|-crit|p1a: Pelipper\n|-damage|p1a: Pelipper|0 fnt\n|faint|p1a: Pelipper\n|\n|-weather|RainDance|[upkeep]\n|upkeep\n|\n|t:|1700732460\n|switch|p1a: Basculegion|Basculegion, M|57\/100\n|turn|17\n|\n|t:|1700732466\n|move|p1a: Basculegion|Wave Crash|p2a: Charizard\n|-damage|p2a: Charizard|0 fnt\n|faint|p2a: Charizard\n|-damage|p1a: Basculegion|50\/100|[from] Recoil\n|\n|-weather|RainDance|[upkeep]\n|upkeep\n|\n|t:|1700732472\n|switch|p2a: Gliscor|Gliscor, M, tera:Fairy|100\/100 tox\n|turn|18\n|\n|t:|1700732475\n|move|p1a: Basculegion|Wave Crash|p2a: Gliscor\n|-damage|p2a: Gliscor|2\/100 tox\n|-damage|p1a: Basculegion|20\/100|[from] Recoil\n|move|p2a: Gliscor|Earthquake|p1a: Basculegion\n|-damage|p1a: Basculegion|0 fnt\n|faint|p1a: Basculegion\n|\n|-weather|RainDance|[upkeep]\n|-heal|p2a: Gliscor|15\/100 tox|[from] ability: Poison Heal\n|upkeep\n|\n|t:|1700732485\n|switch|p1a: Swampert|Swampert, F|100\/100\n|turn|19\n|\n|t:|1700732488\n|detailschange|p1a: Swampert|Swampert-Mega, F\n|-mega|p1a: Swampert|Swampert|Swampertite\n|move|p2a: Gliscor|Protect|p2a: Gliscor\n|-singleturn|p2a: Gliscor|Protect\n|move|p1a: Swampert|Waterfall|p2a: Gliscor\n|-activate|p2a: Gliscor|move: Protect\n|\n|-weather|RainDance|[upkeep]\n|-heal|p2a: Gliscor|27\/100 tox|[from] ability: Poison Heal\n|upkeep\n|turn|20\n|\n|t:|1700732501\n|move|p2a: Gliscor|Protect|p2a: Gliscor\n|-singleturn|p2a: Gliscor|Protect\n|move|p1a: Swampert|Waterfall|p2a: Gliscor\n|-activate|p2a: Gliscor|move: Protect\n|\n|-weather|RainDance|[upkeep]\n|-heal|p2a: Gliscor|39\/100 tox|[from] ability: Poison Heal\n|upkeep\n|turn|21\n|\n|t:|1700732530\n|switch|p2a: Heracross|Heracross, M|100\/100\n|move|p1a: Swampert|Waterfall|p2a: Heracross\n|-damage|p2a: Heracross|5\/100\n|\n|-weather|RainDance|[upkeep]\n|upkeep\n|turn|22\n|\n|t:|1700732540\n|move|p1a: Swampert|Waterfall|p2a: Heracross\n|-damage|p2a: Heracross|0 fnt\n|faint|p2a: Heracross\n|\n|-weather|RainDance|[upkeep]\n|upkeep\n|\n|t:|1700732544\n|switch|p2a: Gliscor|Gliscor, M, tera:Fairy|39\/100 tox\n|turn|23\n|\n|t:|1700732557\n|switch|p1a: Zapdos|Zapdos|73\/100\n|move|p2a: Gliscor|Protect||[still]\n|-fail|p2a: Gliscor\n|\n|-weather|none\n|-heal|p2a: Gliscor|52\/100 tox|[from] ability: Poison Heal\n|upkeep\n|turn|24\n|\n|t:|1700732564\n|move|p2a: Gliscor|Protect|p2a: Gliscor\n|-singleturn|p2a: Gliscor|Protect\n|move|p1a: Zapdos|Hurricane|p2a: Gliscor\n|-activate|p2a: Gliscor|move: Protect\n|\n|-heal|p2a: Gliscor|64\/100 tox|[from] ability: Poison Heal\n|upkeep\n|turn|25\n|\n|t:|1700732571\n|move|p1a: Zapdos|Hurricane|p2a: Gliscor\n|-crit|p2a: Gliscor\n|-damage|p2a: Gliscor|8\/100 tox\n|move|p2a: Gliscor|Toxic|p1a: Zapdos\n|-status|p1a: Zapdos|tox\n|\n|-damage|p1a: Zapdos|67\/100 tox|[from] psn\n|-heal|p2a: Gliscor|21\/100 tox|[from] ability: Poison Heal\n|upkeep\n|turn|26\n|\n|t:|1700732586\n|move|p2a: Gliscor|Protect|p2a: Gliscor\n|-singleturn|p2a: Gliscor|Protect\n|move|p1a: Zapdos|Hurricane|p2a: Gliscor\n|-activate|p2a: Gliscor|move: Protect\n|\n|-damage|p1a: Zapdos|55\/100 tox|[from] psn\n|-heal|p2a: Gliscor|33\/100 tox|[from] ability: Poison Heal\n|upkeep\n|turn|27\n|\n|t:|1700732594\n|move|p2a: Gliscor|Protect||[still]\n|-fail|p2a: Gliscor\n|move|p1a: Zapdos|Hurricane|p2a: Gliscor\n|-damage|p2a: Gliscor|0 fnt\n|faint|p2a: Gliscor\n|\n|-damage|p1a: Zapdos|37\/100 tox|[from] psn\n|upkeep\n|\n|t:|1700732601\n|switch|p2a: Infernape|Infernape, M|100\/100\n|turn|28\n|\n|t:|1700732611\n|move|p2a: Infernape|Close Combat|p1a: Zapdos\n|-resisted|p1a: Zapdos\n|-damage|p1a: Zapdos|20\/100 tox\n|-unboost|p2a: Infernape|def|1\n|-unboost|p2a: Infernape|spd|1\n|move|p1a: Zapdos|Hurricane|p2a: Infernape|[miss]\n|-miss|p1a: Zapdos|p2a: Infernape\n|\n|-damage|p1a: Zapdos|0 fnt|[from] psn\n|faint|p1a: Zapdos\n|upkeep\n|\n|t:|1700732613\n|switch|p1a: Swampert|Swampert-Mega, F|100\/100\n|turn|29\n|\n|t:|1700732622\n|move|p2a: Infernape|Close Combat|p1a: Swampert\n|-damage|p1a: Swampert|62\/100\n|-unboost|p2a: Infernape|def|1\n|-unboost|p2a: Infernape|spd|1\n|move|p1a: Swampert|Earthquake|p2a: Infernape\n|-supereffective|p2a: Infernape\n|-damage|p2a: Infernape|0 fnt\n|faint|p2a: Infernape\n|\n|win|Janenba\n|n|\u2606Janenba|janenba\n|n|\u2606prince5|prince5\n|n| bingo bronson|bingobronson\n","uploadtime":1700732622,"views":2,"p1id":"janenba","p2id":"prince5","formatid":"gen9nationaldex","rating":0,"private":0,"password":""}