{"id":"gen9nationaldex-2000521293","p1":"LordGoruta","p2":"Ham_On_Toast","format":"[Gen 9] National Dex","log":"|html|<div class=\"broadcast-blue\"><strong>[Gen 9] National Dex is currently suspecting Sneasler! For information on how to participate check out the <a href=\"https:\/\/www.smogon.com\/forums\/threads\/sv-national-dex-suspect-8-just-dance.3731534\/\">suspect thread<\/a>.<\/strong><\/div>\n|j|\u2606LordGoruta\n|j|\u2606Ham_On_Toast\n|t:|1701201836\n|gametype|singles\n|player|p1|LordGoruta|eusine|1299\n|player|p2|Ham_On_Toast|fantina|1451\n|teamsize|p1|6\n|teamsize|p2|6\n|gen|9\n|tier|[Gen 9] National Dex\n|rated|\n|rule|HP Percentage Mod: HP is shown in percentages\n|rule|Endless Battle Clause: Forcing endless battles is banned\n|rule|OHKO Clause: OHKO moves are banned\n|rule|Evasion Clause: Evasion abilities, items, and moves are banned\n|rule|Evasion Abilities Clause: Evasion abilities are banned\n|rule|Evasion Items Clause: Evasion items are banned\n|rule|Evasion Moves Clause: Evasion moves are banned\n|rule|Species Clause: Limit one of each Pok\u00e9mon\n|rule|Sleep Clause Mod: Limit one foe put to sleep\n|clearpoke\n|poke|p1|Poliwrath, M|\n|poke|p1|Torterra, F|\n|poke|p1|Aurorus, M|\n|poke|p1|Beedrill, M|\n|poke|p1|Victini|\n|poke|p1|Deoxys-Defense|\n|poke|p2|Urshifu-*, F|\n|poke|p2|Hydreigon, M|\n|poke|p2|Rotom-Wash|\n|poke|p2|Tornadus-Therian, M|\n|poke|p2|Scizor, F|\n|poke|p2|Ting-Lu|\n|teampreview\n|inactive|Battle timer is ON: inactive players will automatically lose when time's up. (requested by Ham_On_Toast)\n|\n|t:|1701201866\n|start\n|switch|p1a: Aurorus|Aurorus, M, shiny|100\/100\n|switch|p2a: SHOOTA|Rotom-Wash|100\/100\n|-weather|Snow|[from] ability: Snow Warning|[of] p1a: Aurorus\n|turn|1\n|\n|t:|1701201870\n|move|p2a: SHOOTA|Hydro Pump|p1a: Aurorus\n|-supereffective|p1a: Aurorus\n|-damage|p1a: Aurorus|43\/100\n|move|p1a: Aurorus|Freeze-Dry|p2a: SHOOTA\n|-supereffective|p2a: SHOOTA\n|-crit|p2a: SHOOTA\n|-damage|p2a: SHOOTA|18\/100\n|\n|-weather|Snow|[upkeep]\n|-heal|p2a: SHOOTA|24\/100|[from] item: Leftovers\n|upkeep\n|turn|2\n|\n|t:|1701201877\n|move|p2a: SHOOTA|Hydro Pump|p1a: Aurorus\n|-supereffective|p1a: Aurorus\n|-damage|p1a: Aurorus|0 fnt\n|faint|p1a: Aurorus\n|\n|-weather|Snow|[upkeep]\n|-heal|p2a: SHOOTA|30\/100|[from] item: Leftovers\n|upkeep\n|\n|t:|1701201884\n|switch|p1a: Ecid|Torterra, F|100\/100\n|turn|3\n|\n|t:|1701201912\n|move|p1a: Ecid|Shell Smash|p1a: Ecid\n|-unboost|p1a: Ecid|def|1\n|-unboost|p1a: Ecid|spd|1\n|-boost|p1a: Ecid|atk|2\n|-boost|p1a: Ecid|spa|2\n|-boost|p1a: Ecid|spe|2\n|move|p2a: SHOOTA|Pain Split|p1a: Ecid\n|-sethp|p1a: Ecid|64\/100|[from] move: Pain Split|[silent]\n|-sethp|p2a: SHOOTA|70\/100|[from] move: Pain Split\n|\n|-weather|Snow|[upkeep]\n|-heal|p2a: SHOOTA|76\/100|[from] item: Leftovers\n|upkeep\n|turn|4\n|\n|t:|1701201919\n|switch|p2a: ICE SPICEEE|Scizor, F, shiny|100\/100\n|move|p1a: Ecid|Bullet Seed|p2a: ICE SPICEEE\n|-resisted|p2a: ICE SPICEEE\n|-damage|p2a: ICE SPICEEE|95\/100\n|-resisted|p2a: ICE SPICEEE\n|-damage|p2a: ICE SPICEEE|90\/100\n|-resisted|p2a: ICE SPICEEE\n|-damage|p2a: ICE SPICEEE|85\/100\n|-resisted|p2a: ICE SPICEEE\n|-damage|p2a: ICE SPICEEE|80\/100\n|-resisted|p2a: ICE SPICEEE\n|-damage|p2a: ICE SPICEEE|75\/100\n|-hitcount|p2a: ICE SPICEEE|5\n|\n|-weather|Snow|[upkeep]\n|upkeep\n|turn|5\n|\n|t:|1701201936\n|detailschange|p2a: ICE SPICEEE|Scizor-Mega, F, shiny\n|-mega|p2a: ICE SPICEEE|Scizor|Scizorite\n|move|p1a: Ecid|Earthquake|p2a: ICE SPICEEE\n|-damage|p2a: ICE SPICEEE|8\/100\n|move|p2a: ICE SPICEEE|Roost|p2a: ICE SPICEEE\n|-heal|p2a: ICE SPICEEE|58\/100\n|-singleturn|p2a: ICE SPICEEE|move: Roost\n|\n|-weather|none\n|upkeep\n|turn|6\n|j| Red Moon Ghost\n|c| Red Moon Ghost|sorry i was caught up with the last guy\n|\n|t:|1701201949\n|move|p2a: ICE SPICEEE|Bullet Punch|p1a: Ecid\n|-damage|p1a: Ecid|13\/100\n|move|p1a: Ecid|Earthquake|p2a: ICE SPICEEE\n|-damage|p2a: ICE SPICEEE|0 fnt\n|faint|p2a: ICE SPICEEE\n|\n|upkeep\n|\n|t:|1701201958\n|switch|p2a: BIGGEST BIRD|Tornadus-Therian, M|100\/100\n|turn|7\n|c|\u2606LordGoruta|no problem\n|\n|t:|1701201962\n|move|p1a: Ecid|Rock Blast|p2a: BIGGEST BIRD\n|-supereffective|p2a: BIGGEST BIRD\n|-damage|p2a: BIGGEST BIRD|69\/100\n|-supereffective|p2a: BIGGEST BIRD\n|-damage|p2a: BIGGEST BIRD|35\/100\n|-supereffective|p2a: BIGGEST BIRD\n|-damage|p2a: BIGGEST BIRD|0 fnt\n|faint|p2a: BIGGEST BIRD\n|-hitcount|p2: BIGGEST BIRD|3\n|\n|upkeep\n|\n|t:|1701201972\n|switch|p2a: Ting-LUCIFER|Ting-Lu|100\/100\n|-ability|p2a: Ting-LUCIFER|Vessel of Ruin\n|turn|8\n|\n|t:|1701201976\n|move|p1a: Ecid|Bullet Seed|p2a: Ting-LUCIFER\n|-supereffective|p2a: Ting-LUCIFER\n|-damage|p2a: Ting-LUCIFER|75\/100\n|-supereffective|p2a: Ting-LUCIFER\n|-damage|p2a: Ting-LUCIFER|47\/100\n|-supereffective|p2a: Ting-LUCIFER\n|-damage|p2a: Ting-LUCIFER|20\/100\n|-supereffective|p2a: Ting-LUCIFER\n|-damage|p2a: Ting-LUCIFER|0 fnt\n|faint|p2a: Ting-LUCIFER\n|-hitcount|p2: Ting-LUCIFER|4\n|\n|upkeep\n|c| Red Moon Ghost|thanks random guy for accepting my apology\n|\n|t:|1701201996\n|switch|p2a: GRIP REAPER|Hydreigon, M|100\/100\n|turn|9\n|c|\u2606LordGoruta|you are welcome\n|c|\u2606LordGoruta|I love you\n|\n|t:|1701202011\n|move|p1a: Ecid|Rock Blast|p2a: GRIP REAPER|[miss]\n|-miss|p1a: Ecid|p2a: GRIP REAPER\n|move|p2a: GRIP REAPER|U-turn|p1a: Ecid\n|-supereffective|p1a: Ecid\n|-damage|p1a: Ecid|0 fnt\n|faint|p1a: Ecid\n|c| Red Moon Ghost|Love you too bby\n|\n|t:|1701202022\n|switch|p2a: SHOOTA|Rotom-Wash|76\/100|[from] U-turn\n|\n|-heal|p2a: SHOOTA|82\/100|[from] item: Leftovers\n|upkeep\n|\n|t:|1701202027\n|switch|p1a: Best Mega|Beedrill, M, shiny|100\/100\n|turn|10\n|\n|t:|1701202031\n|detailschange|p1a: Best Mega|Beedrill-Mega, M, shiny\n|-mega|p1a: Best Mega|Beedrill|Beedrillite\n|move|p1a: Best Mega|Poison Jab|p2a: SHOOTA\n|-damage|p2a: SHOOTA|38\/100\n|move|p2a: SHOOTA|Pain Split|p1a: Best Mega\n|-sethp|p1a: Best Mega|71\/100|[from] move: Pain Split|[silent]\n|-sethp|p2a: SHOOTA|64\/100|[from] move: Pain Split\n|\n|-heal|p2a: SHOOTA|70\/100|[from] item: Leftovers\n|upkeep\n|turn|11\n|\n|t:|1701202039\n|move|p1a: Best Mega|Poison Jab|p2a: SHOOTA\n|-damage|p2a: SHOOTA|20\/100\n|move|p2a: SHOOTA|Volt Switch|p1a: Best Mega\n|-damage|p1a: Best Mega|31\/100\n|\n|t:|1701202043\n|switch|p2a: ThatGuyAKAHim|Urshifu-Rapid-Strike, F|100\/100|[from] Volt Switch\n|\n|upkeep\n|turn|12\n|\n|t:|1701202047\n|move|p1a: Best Mega|U-turn|p2a: ThatGuyAKAHim\n|-resisted|p2a: ThatGuyAKAHim\n|-damage|p2a: ThatGuyAKAHim|72\/100\n|\n|t:|1701202052\n|switch|p1a: Stop|Deoxys-Defense, shiny|100\/100|[from] U-turn\n|-ability|p1a: Stop|Pressure\n|move|p2a: ThatGuyAKAHim|Substitute|p2a: ThatGuyAKAHim\n|-start|p2a: ThatGuyAKAHim|Substitute\n|-damage|p2a: ThatGuyAKAHim|47\/100\n|\n|upkeep\n|turn|13\n|\n|t:|1701202058\n|move|p2a: ThatGuyAKAHim|Swords Dance|p2a: ThatGuyAKAHim\n|-boost|p2a: ThatGuyAKAHim|atk|2\n|move|p1a: Stop|Night Shade|p2a: ThatGuyAKAHim\n|-end|p2a: ThatGuyAKAHim|Substitute\n|\n|upkeep\n|turn|14\n|\n|t:|1701202064\n|move|p2a: ThatGuyAKAHim|Substitute|p2a: ThatGuyAKAHim\n|-start|p2a: ThatGuyAKAHim|Substitute\n|-damage|p2a: ThatGuyAKAHim|22\/100\n|move|p1a: Stop|Night Shade|p2a: ThatGuyAKAHim\n|-end|p2a: ThatGuyAKAHim|Substitute\n|\n|upkeep\n|turn|15\n|\n|t:|1701202068\n|-terastallize|p2a: ThatGuyAKAHim|Water\n|move|p2a: ThatGuyAKAHim|Surging Strikes|p1a: Stop\n|-crit|p1a: Stop\n|-damage|p1a: Stop|62\/100\n|-crit|p1a: Stop\n|-damage|p1a: Stop|19\/100\n|-crit|p1a: Stop\n|-damage|p1a: Stop|0 fnt\n|faint|p1a: Stop\n|-hitcount|p1: Stop|3\n|\n|upkeep\n|\n|t:|1701202074\n|switch|p1a: Best Mega|Beedrill-Mega, M, shiny|31\/100\n|turn|16\n|\n|t:|1701202091\n|move|p1a: Best Mega|Fell Stinger|p2a: ThatGuyAKAHim\n|-damage|p2a: ThatGuyAKAHim|0 fnt\n|faint|p2a: ThatGuyAKAHim\n|-boost|p1a: Best Mega|atk|3\n|\n|upkeep\n|c|\u2606Ham_On_Toast|Balls\n|c|\u2606Ham_On_Toast|gg\n|c|\u2606LordGoruta|gg\n|c|\u2606LordGoruta|?\n|c|\u2606Ham_On_Toast|Unprepared for this\n|inactive|Ham_On_Toast has 120 seconds left.\n|-message|Ham_On_Toast forfeited.\n|\n|win|LordGoruta\n|raw|LordGoruta's rating: 1299 &rarr; <strong>1334<\/strong><br \/>(+35 for winning)\n|raw|Ham_On_Toast's rating: 1451 &rarr; <strong>1423<\/strong><br \/>(-28 for losing)\n|l|\u2606Ham_On_Toast\n","uploadtime":1701202033,"views":0,"p1id":"lordgoruta","p2id":"hamontoast","formatid":"gen9nationaldex","rating":1334,"private":0,"password":""}