{"id":"gen9nationaldex-1992100925","p1":"smeargleenjoyer259","p2":"drHubris","format":"[Gen 9] National Dex","log":"|j|\u2606smeargleenjoyer259\n|j|\u2606drHubris\n|t:|1700155156\n|gametype|singles\n|player|p1|smeargleenjoyer259|schoolkid|1133\n|player|p2|drHubris|clay|1169\n|teamsize|p1|6\n|teamsize|p2|6\n|gen|9\n|tier|[Gen 9] National Dex\n|rated|\n|rule|HP Percentage Mod: HP is shown in percentages\n|rule|Endless Battle Clause: Forcing endless battles is banned\n|rule|OHKO Clause: OHKO moves are banned\n|rule|Evasion Clause: Evasion abilities, items, and moves are banned\n|rule|Evasion Abilities Clause: Evasion abilities are banned\n|rule|Evasion Items Clause: Evasion items are banned\n|rule|Evasion Moves Clause: Evasion moves are banned\n|rule|Species Clause: Limit one of each Pok\u00e9mon\n|rule|Sleep Clause Mod: Limit one foe put to sleep\n|clearpoke\n|poke|p1|Smeargle, M|\n|poke|p1|Shiftry, M|\n|poke|p1|Alomomola, F|\n|poke|p1|Orthworm, M|\n|poke|p1|Tyranitar, F|\n|poke|p1|Skeledirge, M|\n|poke|p2|Gliscor, M|\n|poke|p2|Torterra, M|\n|poke|p2|Aerodactyl, F|\n|poke|p2|Greninja-*, M|\n|poke|p2|Volcarona, F|\n|poke|p2|Garganacl, M|\n|teampreview\n|\n|t:|1700155195\n|start\n|switch|p1a: Alomomola|Alomomola, F|100\/100\n|switch|p2a: Garganacl|Garganacl, M|100\/100\n|turn|1\n|\n|t:|1700155200\n|move|p1a: Alomomola|Flip Turn|p2a: Garganacl\n|-supereffective|p2a: Garganacl\n|-damage|p2a: Garganacl|82\/100\n|-damage|p1a: Alomomola|84\/100|[from] item: Rocky Helmet|[of] p2a: Garganacl\n|\n|t:|1700155204\n|switch|p1a: Tyranitar|Tyranitar, F|100\/100|[from] Flip Turn\n|-weather|Sandstorm|[from] ability: Sand Stream|[of] p1a: Tyranitar\n|move|p2a: Garganacl|Salt Cure|p1a: Tyranitar\n|-damage|p1a: Tyranitar|90\/100\n|-start|p1a: Tyranitar|Salt Cure\n|\n|-weather|Sandstorm|[upkeep]\n|-damage|p1a: Tyranitar|77\/100|[from] Salt Cure\n|upkeep\n|turn|2\n|\n|t:|1700155223\n|switch|p1a: Alomomola|Alomomola, F|100\/100\n|switch|p2a: Gliscor|Gliscor, M|100\/100\n|\n|-weather|Sandstorm|[upkeep]\n|-damage|p1a: Alomomola|94\/100|[from] Sandstorm\n|-status|p2a: Gliscor|tox|[from] item: Toxic Orb\n|upkeep\n|turn|3\n|\n|t:|1700155226\n|move|p2a: Gliscor|Protect|p2a: Gliscor\n|-singleturn|p2a: Gliscor|Protect\n|move|p1a: Alomomola|Protect||[still]\n|-fail|p1a: Alomomola\n|\n|-weather|Sandstorm|[upkeep]\n|-damage|p1a: Alomomola|88\/100|[from] Sandstorm\n|upkeep\n|turn|4\n|\n|t:|1700155231\n|switch|p1a: Orthworm|Orthworm, M|100\/100\n|move|p2a: Gliscor|Earthquake|p1a: Orthworm\n|-immune|p1a: Orthworm|[from] ability: Earth Eater\n|\n|-weather|Sandstorm|[upkeep]\n|upkeep\n|turn|5\n|\n|t:|1700155238\n|move|p2a: Gliscor|Protect|p2a: Gliscor\n|-singleturn|p2a: Gliscor|Protect\n|move|p1a: Orthworm|Substitute|p1a: Orthworm\n|-start|p1a: Orthworm|Substitute\n|-damage|p1a: Orthworm|76\/100\n|\n|-weather|none\n|-heal|p1a: Orthworm|82\/100|[from] item: Leftovers\n|upkeep\n|turn|6\n|\n|t:|1700155241\n|move|p2a: Gliscor|Crabhammer|p1a: Orthworm\n|-activate|p1a: Orthworm|move: Substitute|[damage]\n|move|p1a: Orthworm|Coil|p1a: Orthworm\n|-boost|p1a: Orthworm|atk|1\n|-boost|p1a: Orthworm|def|1\n|-boost|p1a: Orthworm|accuracy|1\n|\n|-heal|p1a: Orthworm|88\/100|[from] item: Leftovers\n|upkeep\n|turn|7\n|\n|t:|1700155250\n|move|p2a: Gliscor|Crabhammer|p1a: Orthworm\n|-end|p1a: Orthworm|Substitute\n|move|p1a: Orthworm|Coil|p1a: Orthworm\n|-boost|p1a: Orthworm|atk|1\n|-boost|p1a: Orthworm|def|1\n|-boost|p1a: Orthworm|accuracy|1\n|\n|-heal|p1a: Orthworm|94\/100|[from] item: Leftovers\n|upkeep\n|turn|8\n|\n|t:|1700155260\n|switch|p2a: Volcarona|Volcarona, F|100\/100\n|move|p1a: Orthworm|Substitute|p1a: Orthworm\n|-start|p1a: Orthworm|Substitute\n|-damage|p1a: Orthworm|69\/100\n|\n|-heal|p1a: Orthworm|75\/100|[from] item: Leftovers\n|upkeep\n|turn|9\n|\n|t:|1700155264\n|move|p2a: Volcarona|Quiver Dance|p2a: Volcarona\n|-boost|p2a: Volcarona|spa|1\n|-boost|p2a: Volcarona|spd|1\n|-boost|p2a: Volcarona|spe|1\n|move|p1a: Orthworm|Body Press|p2a: Volcarona\n|-resisted|p2a: Volcarona\n|-damage|p2a: Volcarona|62\/100\n|-status|p1a: Orthworm|brn|[from] ability: Flame Body|[of] p2a: Volcarona\n|\n|-heal|p1a: Orthworm|82\/100 brn|[from] item: Leftovers\n|-damage|p1a: Orthworm|75\/100 brn|[from] brn\n|upkeep\n|turn|10\n|\n|t:|1700155267\n|move|p2a: Volcarona|Flamethrower|p1a: Orthworm\n|-supereffective|p1a: Orthworm\n|-end|p1a: Orthworm|Substitute\n|move|p1a: Orthworm|Iron Tail|p2a: Volcarona\n|-resisted|p2a: Volcarona\n|-damage|p2a: Volcarona|41\/100\n|-unboost|p2a: Volcarona|def|1\n|\n|-heal|p1a: Orthworm|82\/100 brn|[from] item: Leftovers\n|-damage|p1a: Orthworm|75\/100 brn|[from] brn\n|upkeep\n|turn|11\n|\n|t:|1700155274\n|switch|p1a: Tyranitar|Tyranitar, F|77\/100\n|-weather|Sandstorm|[from] ability: Sand Stream|[of] p1a: Tyranitar\n|move|p2a: Volcarona|Flamethrower|p1a: Tyranitar\n|-resisted|p1a: Tyranitar\n|-damage|p1a: Tyranitar|61\/100\n|\n|-weather|Sandstorm|[upkeep]\n|-damage|p2a: Volcarona|35\/100|[from] Sandstorm\n|upkeep\n|turn|12\n|\n|t:|1700155278\n|-terastallize|p2a: Volcarona|Fairy\n|move|p2a: Volcarona|Tera Blast|p1a: Tyranitar|[anim] Tera Blast Fairy\n|-supereffective|p1a: Tyranitar\n|-damage|p1a: Tyranitar|3\/100\n|move|p1a: Tyranitar|Rock Blast|p2a: Volcarona\n|-damage|p2a: Volcarona|7\/100\n|-damage|p2a: Volcarona|0 fnt\n|faint|p2a: Volcarona\n|-hitcount|p2: Volcarona|2\n|\n|-weather|Sandstorm|[upkeep]\n|upkeep\n|\n|t:|1700155295\n|switch|p2a: Torterra|Torterra, M|100\/100\n|turn|13\n|\n|t:|1700155308\n|switch|p1a: Alomomola|Alomomola, F|100\/100\n|move|p2a: Torterra|Shell Smash|p2a: Torterra\n|-unboost|p2a: Torterra|def|1\n|-unboost|p2a: Torterra|spd|1\n|-boost|p2a: Torterra|atk|2\n|-boost|p2a: Torterra|spa|2\n|-boost|p2a: Torterra|spe|2\n|\n|-weather|Sandstorm|[upkeep]\n|-damage|p1a: Alomomola|94\/100|[from] Sandstorm\n|upkeep\n|turn|14\n|\n|t:|1700155315\n|move|p1a: Alomomola|Protect|p1a: Alomomola\n|-singleturn|p1a: Alomomola|Protect\n|move|p2a: Torterra|Bullet Seed|p1a: Alomomola\n|-activate|p1a: Alomomola|move: Protect\n|\n|-weather|Sandstorm|[upkeep]\n|-damage|p1a: Alomomola|88\/100|[from] Sandstorm\n|upkeep\n|turn|15\n|\n|t:|1700155328\n|switch|p1a: Shiftry|Shiftry, M|100\/100\n|move|p2a: Torterra|Bullet Seed|p1a: Shiftry\n|-resisted|p1a: Shiftry\n|-crit|p1a: Shiftry\n|-damage|p1a: Shiftry|67\/100\n|-resisted|p1a: Shiftry\n|-damage|p1a: Shiftry|46\/100\n|-resisted|p1a: Shiftry\n|-damage|p1a: Shiftry|24\/100\n|-resisted|p1a: Shiftry\n|-damage|p1a: Shiftry|3\/100\n|-hitcount|p1a: Shiftry|4\n|\n|-weather|none\n|upkeep\n|turn|16\n|\n|t:|1700155335\n|move|p1a: Shiftry|Sucker Punch|p2a: Torterra\n|-damage|p2a: Torterra|33\/100\n|-damage|p1a: Shiftry|0 fnt|[from] item: Life Orb\n|faint|p1a: Shiftry\n|move|p2a: Torterra|Bullet Seed|p1: Shiftry|[notarget]\n|-fail|p2a: Torterra\n|\n|upkeep\n|\n|t:|1700155346\n|switch|p1a: Orthworm|Orthworm, M|75\/100 brn\n|turn|17\n|\n|t:|1700155351\n|-terastallize|p1a: Orthworm|Electric\n|move|p2a: Torterra|Bullet Seed|p1a: Orthworm\n|-damage|p1a: Orthworm|59\/100 brn\n|-damage|p1a: Orthworm|40\/100 brn\n|-damage|p1a: Orthworm|21\/100 brn\n|-damage|p1a: Orthworm|3\/100 brn\n|-hitcount|p1a: Orthworm|4\n|move|p1a: Orthworm|Body Press|p2a: Torterra\n|-damage|p2a: Torterra|13\/100\n|\n|-heal|p1a: Orthworm|9\/100 brn|[from] item: Leftovers\n|-damage|p1a: Orthworm|3\/100 brn|[from] brn\n|upkeep\n|turn|18\n|\n|t:|1700155361\n|switch|p1a: Skeledirge|Skeledirge, M|100\/100\n|move|p2a: Torterra|Bullet Seed|p1a: Skeledirge\n|-resisted|p1a: Skeledirge\n|-damage|p1a: Skeledirge|94\/100\n|-resisted|p1a: Skeledirge\n|-damage|p1a: Skeledirge|88\/100\n|-resisted|p1a: Skeledirge\n|-damage|p1a: Skeledirge|81\/100\n|-resisted|p1a: Skeledirge\n|-damage|p1a: Skeledirge|75\/100\n|-resisted|p1a: Skeledirge\n|-damage|p1a: Skeledirge|69\/100\n|-hitcount|p1a: Skeledirge|5\n|\n|upkeep\n|turn|19\n|\n|t:|1700155366\n|move|p2a: Torterra|Rock Blast|p1a: Skeledirge\n|-supereffective|p1a: Skeledirge\n|-damage|p1a: Skeledirge|53\/100\n|-supereffective|p1a: Skeledirge\n|-damage|p1a: Skeledirge|37\/100\n|-supereffective|p1a: Skeledirge\n|-damage|p1a: Skeledirge|21\/100\n|-supereffective|p1a: Skeledirge\n|-damage|p1a: Skeledirge|3\/100\n|-hitcount|p1a: Skeledirge|4\n|move|p1a: Skeledirge|Sing|p2a: Torterra\n|-status|p2a: Torterra|slp|[from] move: Sing\n|\n|upkeep\n|turn|20\n|\n|t:|1700155378\n|cant|p2a: Torterra|slp\n|move|p1a: Skeledirge|Slack Off|p1a: Skeledirge\n|-heal|p1a: Skeledirge|54\/100\n|\n|upkeep\n|turn|21\n|\n|t:|1700155380\n|-curestatus|p2a: Torterra|slp|[msg]\n|move|p2a: Torterra|Rock Blast|p1a: Skeledirge\n|-supereffective|p1a: Skeledirge\n|-damage|p1a: Skeledirge|37\/100\n|-supereffective|p1a: Skeledirge\n|-damage|p1a: Skeledirge|20\/100\n|-supereffective|p1a: Skeledirge\n|-damage|p1a: Skeledirge|4\/100\n|-supereffective|p1a: Skeledirge\n|-damage|p1a: Skeledirge|0 fnt\n|faint|p1a: Skeledirge\n|-hitcount|p1: Skeledirge|4\n|\n|upkeep\n|c|\u2606smeargleenjoyer259|Only 1 turn\n|\n|t:|1700155395\n|switch|p1a: Alomomola|Alomomola, F|100\/100\n|turn|22\n|c|\u2606drHubris|why didnt you kill me?\n|\n|t:|1700155402\n|move|p1a: Alomomola|Protect|p1a: Alomomola\n|-singleturn|p1a: Alomomola|Protect\n|move|p2a: Torterra|Bullet Seed|p1a: Alomomola\n|-activate|p1a: Alomomola|move: Protect\n|\n|upkeep\n|turn|23\n|c|\u2606smeargleenjoyer259|So i could potentially sweep\n|c|\u2606drHubris|i had 4 answers to skeledirge\n|c|\u2606drHubris|and the only one who wasnt shot you\n|-message|smeargleenjoyer259 forfeited.\n|\n|win|drHubris\n|raw|smeargleenjoyer259's rating: 1133 &rarr; <strong>1111<\/strong><br \/>(-22 for losing)\n|raw|drHubris's rating: 1169 &rarr; <strong>1191<\/strong><br \/>(+22 for winning)\n|l|\u2606smeargleenjoyer259\n","uploadtime":1700156581,"views":4,"p1id":"smeargleenjoyer259","p2id":"drhubris","formatid":"gen9nationaldex","rating":1111,"private":0,"password":""}