{"id":"gen9nationaldex-1995924194","p1":"Durr plant100","p2":"batmanga","format":"[Gen 9] National Dex","log":"|html|<div class=\"broadcast-blue\"><strong>[Gen 9] National Dex is currently suspecting Sneasler! For information on how to participate check out the <a href=\"https:\/\/www.smogon.com\/forums\/threads\/sv-national-dex-suspect-8-just-dance.3731534\/\">suspect thread<\/a>.<\/strong><\/div>\n|j|\u2606Durr plant100\n|j|\u2606batmanga\n|t:|1700617963\n|gametype|singles\n|player|p1|Durr plant100|ultraforestkartenvoy|1496\n|player|p2|batmanga|riley|1553\n|teamsize|p1|6\n|teamsize|p2|6\n|gen|9\n|tier|[Gen 9] National Dex\n|rated|\n|rule|HP Percentage Mod: HP is shown in percentages\n|rule|Endless Battle Clause: Forcing endless battles is banned\n|rule|OHKO Clause: OHKO moves are banned\n|rule|Evasion Clause: Evasion abilities, items, and moves are banned\n|rule|Evasion Abilities Clause: Evasion abilities are banned\n|rule|Evasion Items Clause: Evasion items are banned\n|rule|Evasion Moves Clause: Evasion moves are banned\n|rule|Species Clause: Limit one of each Pok\u00e9mon\n|rule|Sleep Clause Mod: Limit one foe put to sleep\n|clearpoke\n|poke|p1|Tyranitar, M|\n|poke|p1|Landorus-Therian, M|\n|poke|p1|Golisopod, F|\n|poke|p1|Excadrill, M|\n|poke|p1|Hydreigon, M|\n|poke|p1|Volcarona, F|\n|poke|p2|Slowking, F|\n|poke|p2|Zamazenta-*|\n|poke|p2|Raticate, M|\n|poke|p2|Skeledirge, M|\n|poke|p2|Arctozolt|\n|poke|p2|Iron Treads|\n|teampreview\n|inactive|Battle timer is ON: inactive players will automatically lose when time's up. (requested by Durr plant100)\n|\n|t:|1700617976\n|start\n|switch|p1a: King Seesar|Landorus-Therian, M|100\/100\n|switch|p2a: Zamazenta|Zamazenta|100\/100\n|-ability|p1a: King Seesar|Intimidate|boost\n|-unboost|p2a: Zamazenta|atk|1\n|-ability|p2a: Zamazenta|Dauntless Shield|boost\n|-boost|p2a: Zamazenta|def|1\n|turn|1\n|\n|t:|1700617980\n|move|p1a: King Seesar|U-turn|p2a: Zamazenta\n|-resisted|p2a: Zamazenta\n|-damage|p2a: Zamazenta|92\/100\n|\n|t:|1700617987\n|switch|p1a: King Ghidorah|Hydreigon, M|100\/100|[from] U-turn\n|move|p2a: Zamazenta|Ice Fang|p1a: King Ghidorah|[miss]\n|-miss|p2a: Zamazenta|p1a: King Ghidorah\n|\n|upkeep\n|turn|2\n|\n|t:|1700617997\n|switch|p2a: Iron Treads|Iron Treads|100\/100\n|-enditem|p2a: Iron Treads|Booster Energy\n|-activate|p2a: Iron Treads|ability: Quark Drive|[fromitem]\n|-start|p2a: Iron Treads|quarkdrivespe\n|move|p1a: King Ghidorah|Draco Meteor|p2a: Iron Treads\n|-resisted|p2a: Iron Treads\n|-damage|p2a: Iron Treads|54\/100\n|-unboost|p1a: King Ghidorah|spa|2\n|\n|upkeep\n|turn|3\n|\n|t:|1700618004\n|switch|p1a: King Seesar|Landorus-Therian, M|100\/100\n|-ability|p1a: King Seesar|Intimidate|boost\n|-unboost|p2a: Iron Treads|atk|1\n|move|p2a: Iron Treads|Stealth Rock|p1a: King Seesar\n|-sidestart|p1: Durr plant100|move: Stealth Rock\n|\n|upkeep\n|turn|4\n|\n|t:|1700618012\n|move|p2a: Iron Treads|Steel Beam|p1a: King Seesar\n|-damage|p1a: King Seesar|54\/100\n|-damage|p2a: Iron Treads|4\/100|[from] steelbeam\n|move|p1a: King Seesar|Earthquake|p2a: Iron Treads\n|-supereffective|p2a: Iron Treads\n|-damage|p2a: Iron Treads|0 fnt\n|faint|p2a: Iron Treads\n|-end|p2a: Iron Treads|Quark Drive|[silent]\n|\n|upkeep\n|\n|t:|1700618015\n|switch|p2a: Zamazenta|Zamazenta|92\/100\n|turn|5\n|\n|t:|1700618018\n|move|p1a: King Seesar|Earthquake|p2a: Zamazenta\n|-damage|p2a: Zamazenta|34\/100\n|move|p2a: Zamazenta|Ice Fang|p1a: King Seesar\n|-supereffective|p1a: King Seesar\n|-damage|p1a: King Seesar|0 fnt\n|faint|p1a: King Seesar\n|\n|upkeep\n|\n|t:|1700618026\n|switch|p1a: King Ghidorah|Hydreigon, M|100\/100\n|-damage|p1a: King Ghidorah|88\/100|[from] Stealth Rock\n|turn|6\n|\n|t:|1700618036\n|switch|p2a: Slowking|Slowking, F|100\/100\n|move|p1a: King Ghidorah|U-turn|p2a: Slowking\n|-supereffective|p2a: Slowking\n|-damage|p2a: Slowking|69\/100\n|\n|t:|1700618043\n|switch|p1a: Shockirus|Golisopod, F|100\/100|[from] U-turn\n|\n|upkeep\n|turn|7\n|\n|t:|1700618052\n|switch|p2a: Skeledirge|Skeledirge, M|100\/100\n|move|p1a: Shockirus|Knock Off|p2a: Skeledirge\n|-supereffective|p2a: Skeledirge\n|-damage|p2a: Skeledirge|58\/100\n|-enditem|p2a: Skeledirge|Heavy-Duty Boots|[from] move: Knock Off|[of] p1a: Shockirus\n|\n|upkeep\n|turn|8\n|\n|t:|1700618064\n|switch|p1a: King Ghidorah|Hydreigon, M|88\/100\n|-damage|p1a: King Ghidorah|76\/100|[from] Stealth Rock\n|move|p2a: Skeledirge|Will-O-Wisp|p1a: King Ghidorah\n|-status|p1a: King Ghidorah|brn\n|\n|-damage|p1a: King Ghidorah|70\/100 brn|[from] brn\n|upkeep\n|turn|9\n|\n|t:|1700618070\n|move|p1a: King Ghidorah|Dark Pulse|p2a: Skeledirge\n|-supereffective|p2a: Skeledirge\n|-damage|p2a: Skeledirge|0 fnt\n|faint|p2a: Skeledirge\n|\n|-damage|p1a: King Ghidorah|64\/100 brn|[from] brn\n|upkeep\n|\n|t:|1700618078\n|switch|p2a: Zamazenta|Zamazenta|34\/100\n|turn|10\n|\n|t:|1700618082\n|switch|p1a: Mothra|Volcarona, F, shiny|100\/100\n|move|p2a: Zamazenta|Close Combat|p1a: Mothra\n|-resisted|p1a: Mothra\n|-damage|p1a: Mothra|28\/100\n|-unboost|p2a: Zamazenta|def|1\n|-unboost|p2a: Zamazenta|spd|1\n|-status|p2a: Zamazenta|brn|[from] ability: Flame Body|[of] p1a: Mothra\n|\n|-damage|p2a: Zamazenta|28\/100 brn|[from] brn\n|upkeep\n|turn|11\n|\n|t:|1700618085\n|move|p2a: Zamazenta|Close Combat|p1a: Mothra\n|-resisted|p1a: Mothra\n|-damage|p1a: Mothra|0 fnt\n|-unboost|p2a: Zamazenta|def|1\n|-unboost|p2a: Zamazenta|spd|1\n|faint|p1a: Mothra\n|\n|-damage|p2a: Zamazenta|22\/100 brn|[from] brn\n|upkeep\n|\n|t:|1700618090\n|switch|p1a: King Ghidorah|Hydreigon, M|64\/100 brn\n|-damage|p1a: King Ghidorah|51\/100 brn|[from] Stealth Rock\n|turn|12\n|\n|t:|1700618094\n|move|p1a: King Ghidorah|Dark Pulse|p2a: Zamazenta\n|-resisted|p2a: Zamazenta\n|-damage|p2a: Zamazenta|0 fnt\n|faint|p2a: Zamazenta\n|\n|-damage|p1a: King Ghidorah|45\/100 brn|[from] brn\n|upkeep\n|\n|t:|1700618096\n|switch|p2a: Slowking|Slowking, F|100\/100\n|turn|13\n|\n|t:|1700618099\n|move|p1a: King Ghidorah|Dark Pulse|p2a: Slowking\n|-supereffective|p2a: Slowking\n|-damage|p2a: Slowking|51\/100\n|move|p2a: Slowking|Chilly Reception|p2a: Slowking\n|-weather|Snow\n|\n|t:|1700618102\n|switch|p2a: Arctozolt|Arctozolt|100\/100|[from] Chilly Reception\n|\n|-weather|Snow|[upkeep]\n|-damage|p1a: King Ghidorah|39\/100 brn|[from] brn\n|upkeep\n|turn|14\n|\n|t:|1700618107\n|switch|p1a: Godzilla|Tyranitar, M|100\/100\n|-damage|p1a: Godzilla|88\/100|[from] Stealth Rock\n|-weather|Sandstorm|[from] ability: Sand Stream|[of] p1a: Godzilla\n|move|p2a: Arctozolt|Blizzard|p1a: Godzilla\n|-damage|p1a: Godzilla|75\/100\n|\n|-weather|Sandstorm|[upkeep]\n|-damage|p2a: Arctozolt|94\/100|[from] Sandstorm\n|upkeep\n|turn|15\n|\n|t:|1700618119\n|move|p2a: Arctozolt|Low Kick|p1a: Godzilla\n|-supereffective|p1a: Godzilla\n|-damage|p1a: Godzilla|0 fnt\n|faint|p1a: Godzilla\n|\n|-weather|Sandstorm|[upkeep]\n|-damage|p2a: Arctozolt|88\/100|[from] Sandstorm\n|upkeep\n|\n|t:|1700618121\n|switch|p1a: Anguirus|Excadrill, M|100\/100\n|-damage|p1a: Anguirus|97\/100|[from] Stealth Rock\n|turn|16\n|\n|t:|1700618126\n|switch|p2a: Raticate|Raticate, M|100\/100\n|move|p1a: Anguirus|Earthquake|p2a: Raticate\n|-damage|p2a: Raticate|0 fnt\n|faint|p2a: Raticate\n|\n|-weather|Sandstorm|[upkeep]\n|upkeep\n|\n|t:|1700618127\n|switch|p2a: Slowking|Slowking, F|85\/100\n|turn|17\n|\n|t:|1700618141\n|move|p1a: Anguirus|Rapid Spin|p2a: Slowking\n|-damage|p2a: Slowking|64\/100\n|-boost|p1a: Anguirus|spe|1\n|-sideend|p1: Durr plant100|Stealth Rock|[from] move: Rapid Spin|[of] p1a: Anguirus\n|move|p2a: Slowking|Chilly Reception|p2a: Slowking\n|-weather|Snow\n|\n|t:|1700618145\n|switch|p2a: Arctozolt|Arctozolt|88\/100|[from] Chilly Reception\n|\n|-weather|Snow|[upkeep]\n|upkeep\n|turn|18\n|\n|t:|1700618166\n|switch|p2a: Slowking|Slowking, F|97\/100\n|-zpower|p1a: Anguirus\n|move|p1a: Anguirus|Corkscrew Crash|p2a: Slowking|[zeffect]\n|-resisted|p2a: Slowking\n|-damage|p2a: Slowking|56\/100\n|\n|-weather|Snow|[upkeep]\n|upkeep\n|turn|19\n|\n|t:|1700618174\n|move|p1a: Anguirus|Rapid Spin|p2a: Slowking\n|-damage|p2a: Slowking|39\/100\n|-boost|p1a: Anguirus|spe|1\n|move|p2a: Slowking|Scald|p1a: Anguirus\n|-supereffective|p1a: Anguirus\n|-damage|p1a: Anguirus|24\/100\n|-status|p1a: Anguirus|brn\n|\n|-weather|Snow|[upkeep]\n|-damage|p1a: Anguirus|18\/100 brn|[from] brn\n|upkeep\n|turn|20\n|\n|t:|1700618181\n|move|p1a: Anguirus|Earthquake|p2a: Slowking\n|-damage|p2a: Slowking|11\/100\n|move|p2a: Slowking|Slack Off|p2a: Slowking\n|-heal|p2a: Slowking|61\/100\n|\n|-weather|Snow|[upkeep]\n|-damage|p1a: Anguirus|12\/100 brn|[from] brn\n|upkeep\n|turn|21\n|\n|t:|1700618186\n|move|p1a: Anguirus|Earthquake|p2a: Slowking\n|-damage|p2a: Slowking|33\/100\n|move|p2a: Slowking|Slack Off|p2a: Slowking\n|-heal|p2a: Slowking|83\/100\n|\n|-weather|Snow|[upkeep]\n|-damage|p1a: Anguirus|6\/100 brn|[from] brn\n|upkeep\n|turn|22\n|\n|t:|1700618191\n|switch|p1a: King Ghidorah|Hydreigon, M|39\/100 brn\n|move|p2a: Slowking|Slack Off|p2a: Slowking\n|-heal|p2a: Slowking|100\/100\n|\n|-weather|Snow|[upkeep]\n|-damage|p1a: King Ghidorah|33\/100 brn|[from] brn\n|upkeep\n|turn|23\n|\n|t:|1700618200\n|-terastallize|p1a: King Ghidorah|Dark\n|-terastallize|p2a: Slowking|Fairy\n|move|p1a: King Ghidorah|Dark Pulse|p2a: Slowking\n|-resisted|p2a: Slowking\n|-damage|p2a: Slowking|82\/100\n|cant|p2a: Slowking|flinch\n|\n|-weather|Snow|[upkeep]\n|-damage|p1a: King Ghidorah|27\/100 brn|[from] brn\n|upkeep\n|turn|24\n|\n|t:|1700618209\n|switch|p1a: Anguirus|Excadrill, M|6\/100 brn\n|move|p2a: Slowking|Scald|p1a: Anguirus\n|-supereffective|p1a: Anguirus\n|-damage|p1a: Anguirus|0 fnt\n|faint|p1a: Anguirus\n|\n|-weather|none\n|upkeep\n|\n|t:|1700618213\n|switch|p1a: King Ghidorah|Hydreigon, M, tera:Dark|27\/100 brn\n|turn|25\n|\n|t:|1700618218\n|move|p1a: King Ghidorah|Flash Cannon|p2a: Slowking\n|-supereffective|p2a: Slowking\n|-damage|p2a: Slowking|48\/100\n|move|p2a: Slowking|Scald|p1a: King Ghidorah\n|-damage|p1a: King Ghidorah|0 fnt\n|faint|p1a: King Ghidorah\n|\n|upkeep\n|\n|t:|1700618223\n|switch|p1a: Shockirus|Golisopod, F|100\/100\n|turn|26\n|\n|t:|1700618227\n|move|p1a: Shockirus|Liquidation|p2a: Slowking\n|-damage|p2a: Slowking|0 fnt\n|faint|p2a: Slowking\n|\n|upkeep\n|\n|t:|1700618229\n|switch|p2a: Arctozolt|Arctozolt|88\/100\n|turn|27\n|\n|t:|1700618239\n|move|p2a: Arctozolt|Bolt Beak|p1a: Shockirus\n|-supereffective|p1a: Shockirus\n|-damage|p1a: Shockirus|0 fnt\n|faint|p1a: Shockirus\n|\n|win|batmanga\n|raw|Durr plant100's rating: 1496 &rarr; <strong>1479<\/strong><br \/>(-17 for losing)\n|raw|batmanga's rating: 1553 &rarr; <strong>1570<\/strong><br \/>(+17 for winning)\n|l|\u2606Durr plant100\n","uploadtime":1700618250,"views":6,"p1id":"durrplant100","p2id":"batmanga","formatid":"gen9nationaldex","rating":1479,"private":0,"password":""}