{"id":"gen9nationaldex-1989015178","p1":"isaduck616","p2":"lucas7x","format":"[Gen 9] National Dex","log":"|j|\u2606isaduck616\n|j|\u2606lucas7x\n|t:|1699802419\n|gametype|singles\n|player|p1|isaduck616|169|1000\n|player|p2|lucas7x|102|1048\n|teamsize|p1|6\n|teamsize|p2|6\n|gen|9\n|tier|[Gen 9] National Dex\n|rated|\n|rule|HP Percentage Mod: HP is shown in percentages\n|rule|Endless Battle Clause: Forcing endless battles is banned\n|rule|OHKO Clause: OHKO moves are banned\n|rule|Evasion Clause: Evasion abilities, items, and moves are banned\n|rule|Evasion Abilities Clause: Evasion abilities are banned\n|rule|Evasion Items Clause: Evasion items are banned\n|rule|Evasion Moves Clause: Evasion moves are banned\n|rule|Species Clause: Limit one of each Pok\u00e9mon\n|rule|Sleep Clause Mod: Limit one foe put to sleep\n|clearpoke\n|poke|p1|Altaria, F|\n|poke|p1|Tapu Koko|\n|poke|p1|Slowbro, F|\n|poke|p1|Bronzong|\n|poke|p1|Liepard, F|\n|poke|p1|Whimsicott, F|\n|poke|p2|Mawile, M|\n|poke|p2|Heatran, F|\n|poke|p2|Tapu Fini|\n|poke|p2|Landorus-Therian, M|\n|poke|p2|Tangrowth, F|\n|poke|p2|Weavile, M|\n|teampreview\n|\n|t:|1699802431\n|start\n|switch|p1a: Bronzong|Bronzong|100\/100\n|switch|p2a: Tapu Fini|Tapu Fini|100\/100\n|-fieldstart|move: Misty Terrain|[from] ability: Misty Surge|[of] p2a: Tapu Fini\n|turn|1\n|\n|t:|1699802443\n|move|p2a: Tapu Fini|Taunt|p1a: Bronzong\n|-start|p1a: Bronzong|move: Taunt\n|move|p1a: Bronzong|Gyro Ball|p2a: Tapu Fini\n|-damage|p2a: Tapu Fini|73\/100\n|\n|-heal|p2a: Tapu Fini|80\/100|[from] item: Leftovers\n|upkeep\n|turn|2\n|\n|t:|1699802472\n|move|p2a: Tapu Fini|Scald|p1a: Bronzong\n|-damage|p1a: Bronzong|80\/100\n|-status|p1a: Bronzong|brn\n|move|p1a: Bronzong|Gyro Ball|p2a: Tapu Fini\n|-damage|p2a: Tapu Fini|66\/100\n|\n|-heal|p2a: Tapu Fini|73\/100|[from] item: Leftovers\n|-heal|p1a: Bronzong|86\/100 brn|[from] item: Leftovers\n|-damage|p1a: Bronzong|80\/100 brn|[from] brn\n|upkeep\n|turn|3\n|\n|t:|1699802488\n|switch|p1a: Slowbro|Slowbro, F|100\/100\n|move|p2a: Tapu Fini|Moonblast|p1a: Slowbro\n|-damage|p1a: Slowbro|68\/100\n|\n|-heal|p2a: Tapu Fini|79\/100|[from] item: Leftovers\n|-heal|p1a: Slowbro|74\/100|[from] item: Leftovers\n|upkeep\n|turn|4\n|\n|t:|1699802503\n|move|p2a: Tapu Fini|Taunt|p1a: Slowbro\n|-start|p1a: Slowbro|move: Taunt\n|move|p1a: Slowbro|Psyshock|p2a: Tapu Fini\n|-damage|p2a: Tapu Fini|55\/100\n|\n|-heal|p2a: Tapu Fini|61\/100|[from] item: Leftovers\n|-heal|p1a: Slowbro|80\/100|[from] item: Leftovers\n|upkeep\n|turn|5\n|\n|t:|1699802512\n|move|p2a: Tapu Fini|Moonblast|p1a: Slowbro\n|-damage|p1a: Slowbro|44\/100\n|move|p1a: Slowbro|Scald|p2a: Tapu Fini\n|-resisted|p2a: Tapu Fini\n|-damage|p2a: Tapu Fini|51\/100\n|\n|-heal|p2a: Tapu Fini|57\/100|[from] item: Leftovers\n|-heal|p1a: Slowbro|50\/100|[from] item: Leftovers\n|-fieldend|Misty Terrain\n|upkeep\n|turn|6\n|\n|t:|1699802521\n|move|p2a: Tapu Fini|Moonblast|p1a: Slowbro\n|-damage|p1a: Slowbro|13\/100\n|move|p1a: Slowbro|Psyshock|p2a: Tapu Fini\n|-damage|p2a: Tapu Fini|35\/100\n|\n|-heal|p2a: Tapu Fini|41\/100|[from] item: Leftovers\n|-heal|p1a: Slowbro|20\/100|[from] item: Leftovers\n|-end|p1a: Slowbro|move: Taunt\n|upkeep\n|turn|7\n|\n|t:|1699802532\n|move|p2a: Tapu Fini|Moonblast|p1a: Slowbro\n|-damage|p1a: Slowbro|0 fnt\n|faint|p1a: Slowbro\n|\n|-heal|p2a: Tapu Fini|47\/100|[from] item: Leftovers\n|upkeep\n|\n|t:|1699802544\n|switch|p1a: Tapu Koko|Tapu Koko|100\/100\n|-fieldstart|move: Electric Terrain|[from] ability: Electric Surge|[of] p1a: Tapu Koko\n|-enditem|p1a: Tapu Koko|Electric Seed\n|-boost|p1a: Tapu Koko|def|1|[from] item: Electric Seed\n|turn|8\n|\n|t:|1699802552\n|move|p1a: Tapu Koko|Thunderbolt|p2a: Tapu Fini\n|-supereffective|p2a: Tapu Fini\n|-damage|p2a: Tapu Fini|0 fnt\n|faint|p2a: Tapu Fini\n|\n|upkeep\n|\n|t:|1699802579\n|switch|p2a: Tangrowth|Tangrowth, F|100\/100\n|turn|9\n|\n|t:|1699802590\n|move|p1a: Tapu Koko|Nature's Madness|p2a: Tangrowth\n|-damage|p2a: Tangrowth|50\/100\n|move|p2a: Tangrowth|Sleep Powder|p1a: Tapu Koko\n|-activate|p1a: Tapu Koko|move: Electric Terrain\n|\n|upkeep\n|turn|10\n|\n|t:|1699802597\n|move|p1a: Tapu Koko|Dazzling Gleam|p2a: Tangrowth\n|-damage|p2a: Tangrowth|2\/100\n|move|p2a: Tangrowth|Focus Blast|p1a: Tapu Koko\n|-resisted|p1a: Tapu Koko\n|-damage|p1a: Tapu Koko|78\/100\n|\n|upkeep\n|turn|11\n|\n|t:|1699802606\n|move|p1a: Tapu Koko|Dazzling Gleam|p2a: Tangrowth\n|-damage|p2a: Tangrowth|0 fnt\n|faint|p2a: Tangrowth\n|\n|upkeep\n|\n|t:|1699802617\n|switch|p2a: Mawile|Mawile, M|100\/100\n|-ability|p2a: Mawile|Intimidate|boost\n|-unboost|p1a: Tapu Koko|atk|1\n|turn|12\n|\n|t:|1699802641\n|detailschange|p2a: Mawile|Mawile-Mega, M\n|-mega|p2a: Mawile|Mawile|Mawilite\n|-singleturn|p2a: Mawile|move: Focus Punch\n|move|p1a: Tapu Koko|Volt Switch|p2a: Mawile\n|-damage|p2a: Mawile|45\/100\n|\n|t:|1699802665\n|switch|p1a: Bronzong|Bronzong|80\/100 brn|[from] Volt Switch\n|cant|p2a: Mawile|Focus Punch|Focus Punch\n|\n|-heal|p1a: Bronzong|86\/100 brn|[from] item: Leftovers\n|-damage|p1a: Bronzong|80\/100 brn|[from] brn\n|-fieldend|move: Electric Terrain\n|upkeep\n|turn|13\n|\n|t:|1699802679\n|move|p2a: Mawile|Sucker Punch||[still]\n|-fail|p2a: Mawile\n|move|p1a: Bronzong|Stealth Rock|p2a: Mawile\n|-sidestart|p2: lucas7x|move: Stealth Rock\n|\n|-heal|p1a: Bronzong|86\/100 brn|[from] item: Leftovers\n|-damage|p1a: Bronzong|80\/100 brn|[from] brn\n|upkeep\n|turn|14\n|\n|t:|1699802689\n|move|p2a: Mawile|Sucker Punch|p1a: Bronzong\n|-supereffective|p1a: Bronzong\n|-damage|p1a: Bronzong|0 fnt\n|faint|p1a: Bronzong\n|\n|upkeep\n|\n|t:|1699802697\n|switch|p1a: Liepard|Liepard, F|100\/100\n|turn|15\n|\n|t:|1699802710\n|move|p1a: Liepard|Encore|p2a: Mawile\n|-start|p2a: Mawile|Encore\n|move|p2a: Mawile|Sucker Punch||[still]\n|-fail|p2a: Mawile\n|\n|upkeep\n|turn|16\n|\n|t:|1699802734\n|move|p1a: Liepard|Nasty Plot|p1a: Liepard\n|-boost|p1a: Liepard|spa|2\n|move|p2a: Mawile|Sucker Punch||[still]\n|-fail|p2a: Mawile\n|\n|upkeep\n|turn|17\n|\n|t:|1699802740\n|move|p1a: Liepard|Nasty Plot|p1a: Liepard\n|-boost|p1a: Liepard|spa|2\n|move|p2a: Mawile|Sucker Punch||[still]\n|-fail|p2a: Mawile\n|\n|-end|p2a: Mawile|Encore\n|upkeep\n|turn|18\n|\n|t:|1699802757\n|move|p2a: Mawile|Sucker Punch|p1a: Liepard\n|-resisted|p1a: Liepard\n|-damage|p1a: Liepard|52\/100\n|move|p1a: Liepard|Dark Pulse|p2a: Mawile\n|-resisted|p2a: Mawile\n|-damage|p2a: Mawile|0 fnt\n|faint|p2a: Mawile\n|\n|upkeep\n|\n|t:|1699802764\n|switch|p2a: Weavile|Weavile, M|100\/100\n|-damage|p2a: Weavile|76\/100|[from] Stealth Rock\n|-ability|p2a: Weavile|Pressure\n|turn|19\n|\n|t:|1699802772\n|move|p2a: Weavile|Icicle Crash|p1a: Liepard\n|-damage|p1a: Liepard|0 fnt\n|faint|p1a: Liepard\n|\n|upkeep\n|\n|t:|1699802784\n|switch|p1a: Tapu Koko|Tapu Koko|78\/100\n|-fieldstart|move: Electric Terrain|[from] ability: Electric Surge|[of] p1a: Tapu Koko\n|turn|20\n|\n|t:|1699802795\n|move|p1a: Tapu Koko|Dazzling Gleam|p2a: Weavile\n|-supereffective|p2a: Weavile\n|-damage|p2a: Weavile|0 fnt\n|faint|p2a: Weavile\n|\n|upkeep\n|\n|t:|1699802800\n|switch|p2a: Heatran|Heatran, F|100\/100\n|-damage|p2a: Heatran|88\/100|[from] Stealth Rock\n|turn|21\n|\n|t:|1699802811\n|-terastallize|p1a: Tapu Koko|Electric\n|move|p1a: Tapu Koko|Thunderbolt|p2a: Heatran\n|-damage|p2a: Heatran|46\/100\n|move|p2a: Heatran|Stealth Rock|p1a: Tapu Koko\n|-sidestart|p1: isaduck616|move: Stealth Rock\n|\n|-heal|p2a: Heatran|52\/100|[from] item: Leftovers\n|upkeep\n|turn|22\n|\n|t:|1699802829\n|move|p1a: Tapu Koko|Thunderbolt|p2a: Heatran\n|-damage|p2a: Heatran|10\/100\n|move|p2a: Heatran|Earth Power|p1a: Tapu Koko\n|-supereffective|p1a: Tapu Koko\n|-damage|p1a: Tapu Koko|4\/100\n|\n|-heal|p2a: Heatran|17\/100|[from] item: Leftovers\n|upkeep\n|turn|23\n|\n|t:|1699802838\n|-terastallize|p2a: Heatran|Fire\n|move|p1a: Tapu Koko|Thunderbolt|p2a: Heatran\n|-damage|p2a: Heatran|0 fnt\n|faint|p2a: Heatran\n|\n|upkeep\n|\n|t:|1699802843\n|switch|p2a: Landorus|Landorus-Therian, M|100\/100\n|-damage|p2a: Landorus|88\/100|[from] Stealth Rock\n|-ability|p2a: Landorus|Intimidate|boost\n|-unboost|p1a: Tapu Koko|atk|1\n|turn|24\n|\n|t:|1699802851\n|move|p1a: Tapu Koko|Nature's Madness|p2a: Landorus\n|-damage|p2a: Landorus|44\/100\n|move|p2a: Landorus|Earthquake|p1a: Tapu Koko\n|-supereffective|p1a: Tapu Koko\n|-damage|p1a: Tapu Koko|0 fnt\n|faint|p1a: Tapu Koko\n|\n|-fieldend|move: Electric Terrain\n|upkeep\n|\n|t:|1699802865\n|switch|p1a: Altaria|Altaria, F|100\/100\n|-damage|p1a: Altaria|76\/100|[from] Stealth Rock\n|turn|25\n|\n|t:|1699802876\n|detailschange|p1a: Altaria|Altaria-Mega, F\n|-mega|p1a: Altaria|Altaria|Altarianite\n|move|p1a: Altaria|Return|p2a: Landorus\n|-damage|p2a: Landorus|0 fnt\n|faint|p2a: Landorus\n|\n|win|isaduck616\n|raw|isaduck616's rating: 1000 &rarr; <strong>1045<\/strong><br \/>(+45 for winning)\n|raw|lucas7x's rating: 1048 &rarr; <strong>1028<\/strong><br \/>(-20 for losing)\n|l|\u2606lucas7x\n|c|\u2606isaduck616|Gg\n","uploadtime":1699802897,"views":10,"p1id":"isaduck616","p2id":"lucas7x","formatid":"gen9nationaldex","rating":1028,"private":0,"password":""}