{"id":"gen9nationaldex-1991004659","p1":"mtyqjltz5","p2":"saigomm","format":"[Gen 9] National Dex","log":"|j|\u2606mtyqjltz5\n|j|\u2606saigomm\n|t:|1700026496\n|gametype|singles\n|player|p1|mtyqjltz5|elesa|1381\n|player|p2|saigomm|erika-masters|1405\n|teamsize|p1|6\n|teamsize|p2|6\n|gen|9\n|tier|[Gen 9] National Dex\n|rated|\n|rule|HP Percentage Mod: HP is shown in percentages\n|rule|Endless Battle Clause: Forcing endless battles is banned\n|rule|OHKO Clause: OHKO moves are banned\n|rule|Evasion Clause: Evasion abilities, items, and moves are banned\n|rule|Evasion Abilities Clause: Evasion abilities are banned\n|rule|Evasion Items Clause: Evasion items are banned\n|rule|Evasion Moves Clause: Evasion moves are banned\n|rule|Species Clause: Limit one of each Pok\u00e9mon\n|rule|Sleep Clause Mod: Limit one foe put to sleep\n|clearpoke\n|poke|p1|Pidgeot, M|\n|poke|p1|Weezing-Galar, M|\n|poke|p1|Heatran, M|\n|poke|p1|Rillaboom, M|\n|poke|p1|Urshifu-*, M|\n|poke|p1|Slowking-Galar, M|\n|poke|p2|Pawmot, M|\n|poke|p2|Banette, M|\n|poke|p2|Rabsca, M|\n|poke|p2|Hatterene, F|\n|poke|p2|Nidoking, M|\n|poke|p2|Crawdaunt, F|\n|teampreview\n|inactive|Battle timer is ON: inactive players will automatically lose when time's up. (requested by saigomm)\n|inactive|mtyqjltz5 has 120 seconds left.\n|\n|t:|1700026536\n|start\n|switch|p1a: Pidgeot|Pidgeot, M, shiny|100\/100\n|switch|p2a: \u6253\u6211\u8bd5\u8bd5\uff1f|Banette, M|100\/100\n|-item|p1a: Pidgeot|Pidgeotite|[from] ability: Frisk|[of] p2a: \u6253\u6211\u8bd5\u8bd5\uff1f|[identify]\n|turn|1\n|\n|t:|1700026543\n|detailschange|p1a: Pidgeot|Pidgeot-Mega, M, shiny\n|-mega|p1a: Pidgeot|Pidgeot|Pidgeotite\n|detailschange|p2a: \u6253\u6211\u8bd5\u8bd5\uff1f|Banette-Mega, M\n|-mega|p2a: \u6253\u6211\u8bd5\u8bd5\uff1f|Banette|Banettite\n|move|p2a: \u6253\u6211\u8bd5\u8bd5\uff1f|Destiny Bond|p2a: \u6253\u6211\u8bd5\u8bd5\uff1f\n|-singlemove|p2a: \u6253\u6211\u8bd5\u8bd5\uff1f|Destiny Bond\n|move|p1a: Pidgeot|Hurricane|p2a: \u6253\u6211\u8bd5\u8bd5\uff1f\n|-damage|p2a: \u6253\u6211\u8bd5\u8bd5\uff1f|30\/100\n|-start|p2a: \u6253\u6211\u8bd5\u8bd5\uff1f|confusion\n|\n|upkeep\n|turn|2\n|inactive|mtyqjltz5 has 120 seconds left.\n|c|\u2606mtyqjltz5|\u662f\u6bd4\u96d5\u592a\u62c9\u4e86\u5417\n|\n|t:|1700026577\n|move|p1a: Pidgeot|U-turn|p2a: \u6253\u6211\u8bd5\u8bd5\uff1f\n|-resisted|p2a: \u6253\u6211\u8bd5\u8bd5\uff1f\n|-damage|p2a: \u6253\u6211\u8bd5\u8bd5\uff1f|22\/100\n|inactive|mtyqjltz5 has 120 seconds left.\n|\n|t:|1700026583\n|switch|p1a: Weezing|Weezing-Galar, M|100\/100|[from] U-turn\n|-activate|p2a: \u6253\u6211\u8bd5\u8bd5\uff1f|confusion\n|move|p2a: \u6253\u6211\u8bd5\u8bd5\uff1f|Poltergeist|p1a: Weezing\n|-activate|p1a: Weezing|move: Poltergeist|Leftovers\n|-damage|p1a: Weezing|53\/100\n|\n|-heal|p1a: Weezing|59\/100|[from] item: Leftovers\n|upkeep\n|turn|3\n|inactive|mtyqjltz5 has 120 seconds left.\n|\n|t:|1700026599\n|-end|p2a: \u6253\u6211\u8bd5\u8bd5\uff1f|confusion\n|move|p2a: \u6253\u6211\u8bd5\u8bd5\uff1f|Destiny Bond|p2a: \u6253\u6211\u8bd5\u8bd5\uff1f\n|-singlemove|p2a: \u6253\u6211\u8bd5\u8bd5\uff1f|Destiny Bond\n|move|p1a: Weezing|Will-O-Wisp|p2a: \u6253\u6211\u8bd5\u8bd5\uff1f\n|-status|p2a: \u6253\u6211\u8bd5\u8bd5\uff1f|brn\n|\n|-heal|p1a: Weezing|65\/100|[from] item: Leftovers\n|-damage|p2a: \u6253\u6211\u8bd5\u8bd5\uff1f|16\/100 brn|[from] brn\n|upkeep\n|turn|4\n|inactive|mtyqjltz5 has 120 seconds left.\n|\n|t:|1700026607\n|switch|p1a: Pidgeot|Pidgeot-Mega, M, shiny|100\/100\n|move|p2a: \u6253\u6211\u8bd5\u8bd5\uff1f|Encore||[still]\n|-fail|p2a: \u6253\u6211\u8bd5\u8bd5\uff1f\n|\n|-damage|p2a: \u6253\u6211\u8bd5\u8bd5\uff1f|10\/100 brn|[from] brn\n|upkeep\n|turn|5\n|\n|t:|1700026616\n|move|p2a: \u6253\u6211\u8bd5\u8bd5\uff1f|Destiny Bond|p2a: \u6253\u6211\u8bd5\u8bd5\uff1f\n|-singlemove|p2a: \u6253\u6211\u8bd5\u8bd5\uff1f|Destiny Bond\n|move|p1a: Pidgeot|Roost||[still]\n|-fail|p1a: Pidgeot|heal\n|\n|-damage|p2a: \u6253\u6211\u8bd5\u8bd5\uff1f|4\/100 brn|[from] brn\n|upkeep\n|turn|6\n|c|\u2606saigomm|\u54c8\u54c8\u54c8\u54c8\n|c|\u2606saigomm|\u786e\u5b9e\u662f\u592a\u62c9\u4e86\n|\n|t:|1700026631\n|switch|p2a: \u5e03\u59d0|Hatterene, F|100\/100\n|move|p1a: Pidgeot|Roost||[still]\n|-fail|p1a: Pidgeot|heal\n|\n|upkeep\n|turn|7\n|\n|t:|1700026636\n|move|p1a: Pidgeot|U-turn|p2a: \u5e03\u59d0\n|-damage|p2a: \u5e03\u59d0|86\/100\n|\n|t:|1700026639\n|switch|p1a: Heatran|Heatran, M|100\/100|[from] U-turn\n|move|p2a: \u5e03\u59d0|Trick Room|p2a: \u5e03\u59d0\n|-fieldstart|move: Trick Room|[of] p2a: \u5e03\u59d0\n|\n|upkeep\n|turn|8\n|\n|t:|1700026649\n|move|p2a: \u5e03\u59d0|Healing Wish|p2a: \u5e03\u59d0\n|faint|p2a: \u5e03\u59d0\n|move|p1a: Heatran|Stealth Rock|p2: \u5e03\u59d0\n|-sidestart|p2: saigomm|move: Stealth Rock\n|\n|upkeep\n|\n|t:|1700026658\n|switch|p2a: \u5c0f\u9f99\u867e|Crawdaunt, F|100\/100\n|-damage|p2a: \u5c0f\u9f99\u867e|88\/100|[from] Stealth Rock\n|turn|9\n|inactive|mtyqjltz5 has 120 seconds left.\n|\n|t:|1700026695\n|move|p2a: \u5c0f\u9f99\u867e|Knock Off|p1a: Heatran\n|-damage|p1a: Heatran|18\/100\n|-enditem|p1a: Heatran|Leftovers|[from] move: Knock Off|[of] p2a: \u5c0f\u9f99\u867e\n|-damage|p2a: \u5c0f\u9f99\u867e|78\/100|[from] item: Life Orb\n|move|p1a: Heatran|Earth Power|p2a: \u5c0f\u9f99\u867e\n|-damage|p2a: \u5c0f\u9f99\u867e|32\/100\n|\n|upkeep\n|turn|10\n|inactive|mtyqjltz5 has 120 seconds left.\n|\n|t:|1700026707\n|move|p2a: \u5c0f\u9f99\u867e|Knock Off|p1a: Heatran\n|-damage|p1a: Heatran|0 fnt\n|faint|p1a: Heatran\n|-damage|p2a: \u5c0f\u9f99\u867e|22\/100|[from] item: Life Orb\n|\n|upkeep\n|inactive|mtyqjltz5 has 120 seconds left.\n|\n|t:|1700026719\n|switch|p1a: Rillaboom|Rillaboom, M|100\/100\n|-fieldstart|move: Grassy Terrain|[from] ability: Grassy Surge|[of] p1a: Rillaboom\n|turn|11\n|\n|t:|1700026725\n|move|p1a: Rillaboom|Grassy Glide|p2a: \u5c0f\u9f99\u867e\n|-supereffective|p2a: \u5c0f\u9f99\u867e\n|-damage|p2a: \u5c0f\u9f99\u867e|0 fnt\n|faint|p2a: \u5c0f\u9f99\u867e\n|\n|-fieldend|move: Trick Room\n|upkeep\n|\n|t:|1700026730\n|switch|p2a: \u6253\u624b|Nidoking, M|100\/100\n|-damage|p2a: \u6253\u624b|94\/100|[from] Stealth Rock\n|turn|12\n|\n|t:|1700026738\n|switch|p1a: Slowking|Slowking-Galar, M, shiny|100\/100\n|move|p2a: \u6253\u624b|Ice Beam|p1a: Slowking\n|-damage|p1a: Slowking|71\/100\n|\n|-heal|p2a: \u6253\u624b|100\/100|[from] Grassy Terrain\n|-heal|p1a: Slowking|78\/100|[from] Grassy Terrain\n|upkeep\n|turn|13\n|\n|t:|1700026754\n|-terastallize|p1a: Slowking|Dark\n|move|p2a: \u6253\u624b|Earth Power|p1a: Slowking\n|-damage|p1a: Slowking|34\/100\n|move|p1a: Slowking|Future Sight|p2a: \u6253\u624b\n|-start|p1a: Slowking|move: Future Sight\n|\n|-heal|p1a: Slowking|40\/100|[from] Grassy Terrain\n|upkeep\n|turn|14\n|inactive|mtyqjltz5 has 120 seconds left.\n|\n|t:|1700026774\n|move|p2a: \u6253\u624b|Ice Beam|p1a: Slowking\n|-damage|p1a: Slowking|11\/100\n|move|p1a: Slowking|Chilly Reception|p1a: Slowking\n|-weather|Snow\n|inactive|mtyqjltz5 has 120 seconds left.\n|\n|t:|1700026781\n|switch|p1a: Urshifu|Urshifu-Rapid-Strike, M|100\/100|[from] Chilly Reception\n|\n|-weather|Snow|[upkeep]\n|upkeep\n|turn|15\n|\n|t:|1700026789\n|switch|p2a: \u533b\u751f|Rabsca, M|100\/100\n|-damage|p2a: \u533b\u751f|76\/100|[from] Stealth Rock\n|move|p1a: Urshifu|Surging Strikes|p2a: \u533b\u751f\n|-crit|p2a: \u533b\u751f\n|-damage|p2a: \u533b\u751f|60\/100\n|-crit|p2a: \u533b\u751f\n|-damage|p2a: \u533b\u751f|46\/100\n|-crit|p2a: \u533b\u751f\n|-damage|p2a: \u533b\u751f|29\/100\n|-hitcount|p2a: \u533b\u751f|3\n|\n|-weather|Snow|[upkeep]\n|-end|p2a: \u533b\u751f|move: Future Sight\n|-resisted|p2a: \u533b\u751f\n|-damage|p2a: \u533b\u751f|10\/100\n|-heal|p2a: \u533b\u751f|16\/100|[from] Grassy Terrain\n|-fieldend|move: Grassy Terrain\n|upkeep\n|turn|16\n|-message|saigomm forfeited.\n|\n|win|mtyqjltz5\n|raw|mtyqjltz5's rating: 1381 &rarr; <strong>1402<\/strong><br \/>(+21 for winning)\n|raw|saigomm's rating: 1405 &rarr; <strong>1384<\/strong><br \/>(-21 for losing)\n|l|\u2606saigomm\n","uploadtime":1700026812,"views":5,"p1id":"mtyqjltz5","p2id":"saigomm","formatid":"gen9nationaldex","rating":1384,"private":0,"password":""}