{"id":"gen9nationaldex-1988469994","p1":"MMQZA6","p2":"Niknak841","format":"[Gen 9] National Dex","log":"|j|\u2606MMQZA6\n|j|\u2606Niknak841\n|t:|1699726339\n|gametype|singles\n|player|p1|MMQZA6|265|1514\n|player|p2|Niknak841|elesa|1614\n|teamsize|p1|6\n|teamsize|p2|6\n|gen|9\n|tier|[Gen 9] National Dex\n|rated|\n|rule|HP Percentage Mod: HP is shown in percentages\n|rule|Endless Battle Clause: Forcing endless battles is banned\n|rule|OHKO Clause: OHKO moves are banned\n|rule|Evasion Clause: Evasion abilities, items, and moves are banned\n|rule|Evasion Abilities Clause: Evasion abilities are banned\n|rule|Evasion Items Clause: Evasion items are banned\n|rule|Evasion Moves Clause: Evasion moves are banned\n|rule|Species Clause: Limit one of each Pok\u00e9mon\n|rule|Sleep Clause Mod: Limit one foe put to sleep\n|clearpoke\n|poke|p1|Hatterene, F|\n|poke|p1|Ninetales-Alola, F|\n|poke|p1|Garchomp, M|\n|poke|p1|Glimmora, F|\n|poke|p1|Volcarona, F|\n|poke|p1|Zamazenta-*|\n|poke|p2|Altaria, F|\n|poke|p2|Magnezone|\n|poke|p2|Great Tusk|\n|poke|p2|Ninetales-Alola, F|\n|poke|p2|Urshifu-*, M|\n|poke|p2|Kartana|\n|teampreview\n|\n|t:|1699726350\n|start\n|switch|p1a: Zamazenta|Zamazenta|100\/100\n|switch|p2a: Great Tusk|Great Tusk|100\/100\n|-ability|p1a: Zamazenta|Dauntless Shield|boost\n|-boost|p1a: Zamazenta|def|1\n|-enditem|p2a: Great Tusk|Booster Energy\n|-activate|p2a: Great Tusk|ability: Protosynthesis|[fromitem]\n|-start|p2a: Great Tusk|protosynthesisatk\n|turn|1\n|inactive|Battle timer is ON: inactive players will automatically lose when time's up. (requested by Niknak841)\n|\n|t:|1699726370\n|switch|p1a: Glimmora|Glimmora, F|100\/100\n|move|p2a: Great Tusk|Headlong Rush|p1a: Glimmora\n|-supereffective|p1a: Glimmora\n|-enditem|p1a: Glimmora|Focus Sash\n|-damage|p1a: Glimmora|1\/100\n|-unboost|p2a: Great Tusk|def|1\n|-unboost|p2a: Great Tusk|spd|1\n|-activate|p1a: Glimmora|ability: Toxic Debris\n|-sidestart|p2: Niknak841|move: Toxic Spikes\n|\n|upkeep\n|turn|2\n|\n|t:|1699726377\n|move|p2a: Great Tusk|Rapid Spin|p1a: Glimmora\n|-resisted|p1a: Glimmora\n|-damage|p1a: Glimmora|0 fnt\n|-boost|p2a: Great Tusk|spe|1\n|-activate|p1a: Glimmora|ability: Toxic Debris\n|-sidestart|p2: Niknak841|move: Toxic Spikes\n|-sideend|p2: Niknak841|Toxic Spikes|[from] move: Rapid Spin|[of] p2a: Great Tusk\n|faint|p1a: Glimmora\n|\n|upkeep\n|l|\u2606MMQZA6\n|inactive|MMQZA6 disconnected and has a minute to reconnect!\n|player|p1|\n|j|\u2606MMQZA6\n|inactive|MMQZA6 reconnected and has 115 seconds left.\n|player|p1|MMQZA6|265\n|\n|t:|1699726416\n|switch|p1a: Garchomp|Garchomp, M|100\/100\n|turn|3\n|inactive|MMQZA6 has 120 seconds left.\n|\n|t:|1699726423\n|-terastallize|p1a: Garchomp|Steel\n|move|p2a: Great Tusk|Ice Spinner|p1a: Garchomp\n|-resisted|p1a: Garchomp\n|-damage|p1a: Garchomp|83\/100\n|-damage|p2a: Great Tusk|88\/100|[from] ability: Rough Skin|[of] p1a: Garchomp\n|move|p1a: Garchomp|Scale Shot|p2a: Great Tusk\n|-damage|p2a: Great Tusk|72\/100\n|-damage|p2a: Great Tusk|57\/100\n|-damage|p2a: Great Tusk|43\/100\n|-damage|p2a: Great Tusk|27\/100\n|-hitcount|p2a: Great Tusk|4\n|-unboost|p1a: Garchomp|def|1\n|-boost|p1a: Garchomp|spe|1\n|\n|upkeep\n|turn|4\n|inactive|MMQZA6 has 120 seconds left.\n|\n|t:|1699726433\n|move|p1a: Garchomp|Scale Shot|p2a: Great Tusk\n|-damage|p2a: Great Tusk|12\/100\n|-damage|p2a: Great Tusk|0 fnt\n|faint|p2a: Great Tusk\n|-end|p2a: Great Tusk|Protosynthesis|[silent]\n|-hitcount|p2: Great Tusk|2\n|-unboost|p1a: Garchomp|def|1\n|-boost|p1a: Garchomp|spe|1\n|\n|upkeep\n|\n|t:|1699726436\n|switch|p2a: Ninetales|Ninetales-Alola, F|100\/100\n|-weather|Snow|[from] ability: Snow Warning|[of] p2a: Ninetales\n|turn|5\n|inactive|MMQZA6 has 120 seconds left.\n|\n|t:|1699726451\n|move|p1a: Garchomp|Swords Dance|p1a: Garchomp\n|-boost|p1a: Garchomp|atk|2\n|move|p2a: Ninetales|Aurora Veil|p2a: Ninetales\n|-sidestart|p2: Niknak841|move: Aurora Veil\n|\n|-weather|Snow|[upkeep]\n|upkeep\n|turn|6\n|\n|t:|1699726457\n|move|p1a: Garchomp|Earthquake|p2a: Ninetales\n|-damage|p2a: Ninetales|51\/100\n|move|p2a: Ninetales|Encore|p1a: Garchomp\n|-start|p1a: Garchomp|Encore\n|\n|-weather|Snow|[upkeep]\n|upkeep\n|turn|7\n|\n|t:|1699726462\n|move|p1a: Garchomp|Earthquake|p2a: Ninetales\n|-damage|p2a: Ninetales|0 fnt\n|faint|p2a: Ninetales\n|\n|-weather|Snow|[upkeep]\n|upkeep\n|\n|t:|1699726464\n|switch|p2a: Altaria|Altaria, F|100\/100\n|turn|8\n|\n|t:|1699726469\n|switch|p1a: Ninetales|Ninetales-Alola, F|100\/100\n|move|p2a: Altaria|Dragon Dance|p2a: Altaria\n|-boost|p2a: Altaria|atk|1\n|-boost|p2a: Altaria|spe|1\n|\n|-weather|Snow|[upkeep]\n|upkeep\n|turn|9\n|\n|t:|1699726474\n|detailschange|p2a: Altaria|Altaria-Mega, F\n|-mega|p2a: Altaria|Altaria|Altarianite\n|move|p2a: Altaria|Return|p1a: Ninetales\n|-damage|p1a: Ninetales|22\/100\n|move|p1a: Ninetales|Aurora Veil|p1a: Ninetales\n|-sidestart|p1: MMQZA6|move: Aurora Veil\n|\n|-weather|none\n|upkeep\n|turn|10\n|\n|t:|1699726492\n|move|p2a: Altaria|Dragon Dance|p2a: Altaria\n|-boost|p2a: Altaria|atk|1\n|-boost|p2a: Altaria|spe|1\n|move|p1a: Ninetales|Freeze-Dry|p2a: Altaria\n|-supereffective|p2a: Altaria\n|-damage|p2a: Altaria|75\/100\n|\n|upkeep\n|turn|11\n|\n|t:|1699726498\n|move|p2a: Altaria|Earthquake|p1a: Ninetales\n|-damage|p1a: Ninetales|0 fnt\n|faint|p1a: Ninetales\n|\n|upkeep\n|\n|t:|1699726510\n|switch|p1a: Hatterene|Hatterene, F|100\/100\n|turn|12\n|\n|t:|1699726513\n|move|p2a: Altaria|Return|p1a: Hatterene\n|-damage|p1a: Hatterene|51\/100\n|move|p1a: Hatterene|Trick Room|p1a: Hatterene\n|-fieldstart|move: Trick Room|[of] p1a: Hatterene\n|\n|-sideend|p2: Niknak841|move: Aurora Veil\n|upkeep\n|turn|13\n|\n|t:|1699726521\n|move|p1a: Hatterene|Draining Kiss|p2a: Altaria\n|-supereffective|p2a: Altaria\n|-damage|p2a: Altaria|29\/100\n|-heal|p1a: Hatterene|83\/100|[from] drain|[of] p2a: Altaria\n|move|p2a: Altaria|Return|p1a: Hatterene\n|-damage|p1a: Hatterene|29\/100\n|\n|upkeep\n|turn|14\n|\n|t:|1699726525\n|move|p1a: Hatterene|Draining Kiss|p2a: Altaria\n|-supereffective|p2a: Altaria\n|-damage|p2a: Altaria|0 fnt\n|-heal|p1a: Hatterene|49\/100|[from] drain|[of] p2a: Altaria\n|faint|p2a: Altaria\n|\n|upkeep\n|\n|t:|1699726529\n|switch|p2a: Magnezone|Magnezone|100\/100\n|turn|15\n|\n|t:|1699726539\n|move|p1a: Hatterene|Calm Mind|p1a: Hatterene\n|-boost|p1a: Hatterene|spa|1\n|-boost|p1a: Hatterene|spd|1\n|move|p2a: Magnezone|Volt Switch|p1a: Hatterene\n|-damage|p1a: Hatterene|30\/100\n|\n|t:|1699726542\n|switch|p2a: Urshifu|Urshifu-Rapid-Strike, M|100\/100|[from] Volt Switch\n|\n|upkeep\n|turn|16\n|\n|t:|1699726548\n|-terastallize|p2a: Urshifu|Water\n|move|p1a: Hatterene|Draining Kiss|p2a: Urshifu\n|-damage|p2a: Urshifu|50\/100\n|-heal|p1a: Hatterene|71\/100|[from] drain|[of] p2a: Urshifu\n|move|p2a: Urshifu|Surging Strikes|p1a: Hatterene\n|-crit|p1a: Hatterene\n|-damage|p1a: Hatterene|47\/100\n|-crit|p1a: Hatterene\n|-damage|p1a: Hatterene|24\/100\n|-crit|p1a: Hatterene\n|-damage|p1a: Hatterene|0 fnt\n|faint|p1a: Hatterene\n|-hitcount|p1: Hatterene|3\n|\n|-sideend|p1: MMQZA6|move: Aurora Veil\n|-fieldend|move: Trick Room\n|upkeep\n|inactive|MMQZA6 has 120 seconds left.\n|\n|t:|1699726578\n|switch|p1a: Garchomp|Garchomp, M, tera:Steel|83\/100\n|turn|17\n|\n|t:|1699726587\n|switch|p2a: Magnezone|Magnezone|100\/100\n|move|p1a: Garchomp|Scale Shot|p2a: Magnezone\n|-resisted|p2a: Magnezone\n|-damage|p2a: Magnezone|93\/100\n|-resisted|p2a: Magnezone\n|-damage|p2a: Magnezone|85\/100\n|-resisted|p2a: Magnezone\n|-crit|p2a: Magnezone\n|-damage|p2a: Magnezone|75\/100\n|-resisted|p2a: Magnezone\n|-damage|p2a: Magnezone|68\/100\n|-hitcount|p2a: Magnezone|4\n|-unboost|p1a: Garchomp|def|1\n|-boost|p1a: Garchomp|spe|1\n|\n|upkeep\n|turn|18\n|\n|t:|1699726591\n|move|p1a: Garchomp|Earthquake|p2a: Magnezone\n|-supereffective|p2a: Magnezone\n|-damage|p2a: Magnezone|0 fnt\n|faint|p2a: Magnezone\n|\n|upkeep\n|\n|t:|1699726594\n|switch|p2a: Kartana|Kartana|100\/100\n|turn|19\n|\n|t:|1699726608\n|switch|p1a: Zamazenta|Zamazenta|100\/100\n|move|p2a: Kartana|Sacred Sword|p1a: Zamazenta\n|-damage|p1a: Zamazenta|72\/100\n|\n|upkeep\n|turn|20\n|\n|t:|1699726623\n|move|p1a: Zamazenta|Close Combat|p2a: Kartana\n|-supereffective|p2a: Kartana\n|-damage|p2a: Kartana|3\/100\n|-unboost|p1a: Zamazenta|def|1\n|-unboost|p1a: Zamazenta|spd|1\n|move|p2a: Kartana|Leaf Blade|p1a: Zamazenta\n|-damage|p1a: Zamazenta|14\/100\n|\n|upkeep\n|turn|21\n|\n|t:|1699726633\n|move|p1a: Zamazenta|Close Combat|p2a: Kartana\n|-supereffective|p2a: Kartana\n|-damage|p2a: Kartana|0 fnt\n|-unboost|p1a: Zamazenta|def|1\n|-unboost|p1a: Zamazenta|spd|1\n|faint|p2a: Kartana\n|\n|upkeep\n|\n|t:|1699726635\n|switch|p2a: Urshifu|Urshifu-Rapid-Strike, M, tera:Water|50\/100\n|turn|22\n|l|\u2606MMQZA6\n|inactive|MMQZA6 disconnected and has a minute to reconnect!\n|player|p1|\n|inactive|Niknak841 has 120 seconds left.\n|j|\u2606MMQZA6\n|inactive|MMQZA6 reconnected.\n|player|p1|MMQZA6|265\n|\n|t:|1699726683\n|move|p2a: Urshifu|Aqua Jet|p1a: Zamazenta\n|-damage|p1a: Zamazenta|0 fnt\n|faint|p1a: Zamazenta\n|\n|upkeep\n|\n|t:|1699726688\n|switch|p1a: Garchomp|Garchomp, M, tera:Steel|83\/100\n|turn|23\n|\n|t:|1699726699\n|move|p1a: Garchomp|Earthquake|p2a: Urshifu\n|-damage|p2a: Urshifu|0 fnt\n|faint|p2a: Urshifu\n|\n|win|MMQZA6\n|raw|MMQZA6's rating: 1514 &rarr; <strong>1540<\/strong><br \/>(+26 for winning)\n|raw|Niknak841's rating: 1614 &rarr; <strong>1588<\/strong><br \/>(-26 for losing)\n|l|\u2606Niknak841\n","uploadtime":1699726706,"views":4,"p1id":"mmqza6","p2id":"niknak841","formatid":"gen9nationaldex","rating":1540,"private":0,"password":""}