{"id":"gen9nationaldex-1995694171","p1":"elom13","p2":"Vvbttij","format":"[Gen 9] National Dex","log":"|html|<div class=\"broadcast-blue\"><strong>[Gen 9] National Dex is currently suspecting Sneasler! For information on how to participate check out the <a href=\"https:\/\/www.smogon.com\/forums\/threads\/sv-national-dex-suspect-8-just-dance.3731534\/\">suspect thread<\/a>.<\/strong><\/div>\n|j|\u2606elom13\n|j|\u2606Vvbttij\n|t:|1700594594\n|gametype|singles\n|player|p1|elom13|1|1011\n|player|p2|Vvbttij|red|1110\n|teamsize|p1|6\n|teamsize|p2|6\n|gen|9\n|tier|[Gen 9] National Dex\n|rated|\n|rule|HP Percentage Mod: HP is shown in percentages\n|rule|Endless Battle Clause: Forcing endless battles is banned\n|rule|OHKO Clause: OHKO moves are banned\n|rule|Evasion Clause: Evasion abilities, items, and moves are banned\n|rule|Evasion Abilities Clause: Evasion abilities are banned\n|rule|Evasion Items Clause: Evasion items are banned\n|rule|Evasion Moves Clause: Evasion moves are banned\n|rule|Species Clause: Limit one of each Pok\u00e9mon\n|rule|Sleep Clause Mod: Limit one foe put to sleep\n|clearpoke\n|poke|p1|Necrozma|\n|poke|p1|Linoone, M|\n|poke|p1|Hitmonlee, M|\n|poke|p1|Krookodile, M|\n|poke|p1|Ditto|\n|poke|p1|Charizard, F|\n|poke|p2|Charizard, F|\n|poke|p2|Blastoise, F|\n|poke|p2|Venusaur, F|\n|poke|p2|Snorlax, F|\n|poke|p2|Lapras, F|\n|poke|p2|Pikachu, F|\n|teampreview\n|c|\u2606elom13|red?\n|c|\u2606elom13|is that u\n|\n|t:|1700594619\n|start\n|switch|p1a: Krookodile|Krookodile, M|100\/100\n|switch|p2a: Venusaur|Venusaur, F|100\/100\n|turn|1\n|\n|t:|1700594632\n|detailschange|p2a: Venusaur|Venusaur-Mega, F\n|-mega|p2a: Venusaur|Venusaur|Venusaurite\n|move|p1a: Krookodile|Earthquake|p2a: Venusaur\n|-damage|p2a: Venusaur|72\/100\n|move|p2a: Venusaur|Curse|p2a: Venusaur\n|-unboost|p2a: Venusaur|spe|1\n|-boost|p2a: Venusaur|atk|1\n|-boost|p2a: Venusaur|def|1\n|\n|upkeep\n|turn|2\n|\n|t:|1700594641\n|move|p1a: Krookodile|Hone Claws|p1a: Krookodile\n|-boost|p1a: Krookodile|atk|1\n|-boost|p1a: Krookodile|accuracy|1\n|move|p2a: Venusaur|Toxic|p1a: Krookodile\n|-status|p1a: Krookodile|tox\n|\n|-damage|p1a: Krookodile|94\/100 tox|[from] psn\n|upkeep\n|turn|3\n|\n|t:|1700594648\n|move|p1a: Krookodile|Hone Claws|p1a: Krookodile\n|-boost|p1a: Krookodile|atk|1\n|-boost|p1a: Krookodile|accuracy|1\n|move|p2a: Venusaur|Leech Seed|p1a: Krookodile\n|-start|p1a: Krookodile|move: Leech Seed\n|\n|-damage|p1a: Krookodile|82\/100 tox|[from] Leech Seed|[of] p2a: Venusaur\n|-heal|p2a: Venusaur|84\/100|[silent]\n|-damage|p1a: Krookodile|70\/100 tox|[from] psn\n|upkeep\n|turn|4\n|\n|t:|1700594656\n|move|p1a: Krookodile|Hone Claws|p1a: Krookodile\n|-boost|p1a: Krookodile|atk|1\n|-boost|p1a: Krookodile|accuracy|1\n|move|p2a: Venusaur|Synthesis|p2a: Venusaur\n|-heal|p2a: Venusaur|100\/100\n|\n|-damage|p1a: Krookodile|58\/100 tox|[from] Leech Seed|[of] p2a: Venusaur\n|-damage|p1a: Krookodile|39\/100 tox|[from] psn\n|upkeep\n|turn|5\n|\n|t:|1700594672\n|move|p1a: Krookodile|Power Trip|p2a: Venusaur\n|-damage|p2a: Venusaur|30\/100\n|move|p2a: Venusaur|Synthesis|p2a: Venusaur\n|-heal|p2a: Venusaur|80\/100\n|\n|-damage|p1a: Krookodile|27\/100 tox|[from] Leech Seed|[of] p2a: Venusaur\n|-heal|p2a: Venusaur|91\/100|[silent]\n|-damage|p1a: Krookodile|3\/100 tox|[from] psn\n|upkeep\n|turn|6\n|\n|t:|1700594684\n|move|p1a: Krookodile|Power Trip|p2a: Venusaur\n|-damage|p2a: Venusaur|28\/100\n|move|p2a: Venusaur|Synthesis|p2a: Venusaur\n|-heal|p2a: Venusaur|78\/100\n|\n|-damage|p1a: Krookodile|0 fnt|[from] Leech Seed|[of] p2a: Venusaur\n|-heal|p2a: Venusaur|80\/100|[silent]\n|faint|p1a: Krookodile\n|upkeep\n|\n|t:|1700594693\n|switch|p1a: Charizard|Charizard, F|100\/100\n|turn|7\n|\n|t:|1700594702\n|move|p1a: Charizard|Belly Drum|p1a: Charizard\n|-damage|p1a: Charizard|50\/100\n|-setboost|p1a: Charizard|atk|6|[from] move: Belly Drum\n|-enditem|p1a: Charizard|Sitrus Berry|[eat]\n|-heal|p1a: Charizard|75\/100|[from] item: Sitrus Berry\n|move|p2a: Venusaur|Toxic|p1a: Charizard\n|-status|p1a: Charizard|tox\n|\n|-damage|p1a: Charizard|69\/100 tox|[from] psn\n|upkeep\n|turn|8\n|\n|t:|1700594712\n|move|p1a: Charizard|Fire Punch|p2a: Venusaur\n|-supereffective|p2a: Venusaur\n|-damage|p2a: Venusaur|38\/100\n|move|p2a: Venusaur|Synthesis|p2a: Venusaur\n|-heal|p2a: Venusaur|88\/100\n|\n|-damage|p1a: Charizard|57\/100 tox|[from] psn\n|upkeep\n|turn|9\n|\n|t:|1700594719\n|move|p1a: Charizard|Fire Punch|p2a: Venusaur\n|-supereffective|p2a: Venusaur\n|-damage|p2a: Venusaur|43\/100\n|move|p2a: Venusaur|Leech Seed|p1a: Charizard\n|-start|p1a: Charizard|move: Leech Seed\n|\n|-damage|p1a: Charizard|45\/100 tox|[from] Leech Seed|[of] p2a: Venusaur\n|-heal|p2a: Venusaur|54\/100|[silent]\n|-damage|p1a: Charizard|27\/100 tox|[from] psn\n|upkeep\n|turn|10\n|\n|t:|1700594726\n|move|p1a: Charizard|Fire Punch|p2a: Venusaur\n|-supereffective|p2a: Venusaur\n|-crit|p2a: Venusaur\n|-damage|p2a: Venusaur|0 fnt\n|faint|p2a: Venusaur\n|\n|-damage|p1a: Charizard|3\/100 tox|[from] psn\n|upkeep\n|\n|t:|1700594730\n|switch|p2a: Pikachu|Pikachu, F|100\/100\n|turn|11\n|\n|t:|1700594739\n|move|p2a: Pikachu|Quick Attack|p1a: Charizard\n|-damage|p1a: Charizard|0 fnt\n|faint|p1a: Charizard\n|\n|upkeep\n|\n|t:|1700594753\n|switch|p1a: Necrozma|Necrozma|100\/100\n|turn|12\n|\n|t:|1700594757\n|move|p2a: Pikachu|Nuzzle|p1a: Necrozma\n|-damage|p1a: Necrozma|95\/100\n|-status|p1a: Necrozma|par\n|move|p1a: Necrozma|Photon Geyser|p2a: Pikachu\n|-damage|p2a: Pikachu|0 fnt\n|faint|p2a: Pikachu\n|\n|upkeep\n|\n|t:|1700594774\n|switch|p2a: Charizard|Charizard, F|100\/100\n|turn|13\n|\n|t:|1700594792\n|move|p2a: Charizard|Belly Drum|p2a: Charizard\n|-damage|p2a: Charizard|50\/100\n|-setboost|p2a: Charizard|atk|6|[from] move: Belly Drum\n|move|p1a: Necrozma|Dark Pulse|p2a: Charizard\n|-damage|p2a: Charizard|19\/100\n|-enditem|p2a: Charizard|Salac Berry|[eat]\n|-boost|p2a: Charizard|spe|1|[from] item: Salac Berry\n|\n|upkeep\n|turn|14\n|\n|t:|1700594804\n|move|p2a: Charizard|Dual Wingbeat|p1a: Necrozma\n|-damage|p1a: Necrozma|46\/100 par\n|-damage|p1a: Necrozma|0 fnt\n|faint|p1a: Necrozma\n|-hitcount|p1: Necrozma|2\n|\n|upkeep\n|\n|t:|1700594812\n|switch|p1a: Ditto|Ditto|100\/100\n|-transform|p1a: Ditto|p2a: Charizard|[from] ability: Imposter\n|turn|15\n|\n|t:|1700594821\n|move|p2a: Charizard|Dual Wingbeat|p1a: Ditto\n|-damage|p1a: Ditto|20\/100\n|-damage|p1a: Ditto|0 fnt\n|faint|p1a: Ditto\n|-hitcount|p1: Ditto|2\n|\n|upkeep\n|\n|t:|1700594827\n|switch|p1a: Hitmonlee|Hitmonlee, M, shiny|100\/100\n|turn|16\n|\n|t:|1700594832\n|move|p2a: Charizard|Dual Wingbeat|p1a: Hitmonlee\n|-supereffective|p1a: Hitmonlee\n|-damage|p1a: Hitmonlee|0 fnt\n|faint|p1a: Hitmonlee\n|-hitcount|p1: Hitmonlee|1\n|\n|upkeep\n|\n|t:|1700594837\n|switch|p1a: Linoone|Linoone, M|100\/100\n|turn|17\n|\n|t:|1700594840\n|move|p1a: Linoone|Extreme Speed|p2a: Charizard\n|-damage|p2a: Charizard|0 fnt\n|faint|p2a: Charizard\n|\n|upkeep\n|\n|t:|1700594844\n|switch|p2a: Snorlax|Snorlax, F, shiny|100\/100\n|turn|18\n|\n|t:|1700594848\n|move|p1a: Linoone|Belly Drum|p1a: Linoone\n|-damage|p1a: Linoone|50\/100\n|-setboost|p1a: Linoone|atk|6|[from] move: Belly Drum\n|-enditem|p1a: Linoone|Figy Berry|[eat]\n|-heal|p1a: Linoone|84\/100|[from] item: Figy Berry\n|move|p2a: Snorlax|Body Slam|p1a: Linoone\n|-damage|p1a: Linoone|12\/100\n|-status|p1a: Linoone|par\n|\n|upkeep\n|turn|19\n|\n|t:|1700594863\n|move|p1a: Linoone|Extreme Speed|p2a: Snorlax\n|-damage|p2a: Snorlax|0 fnt\n|faint|p2a: Snorlax\n|\n|upkeep\n|\n|t:|1700594869\n|switch|p2a: Blastoise|Blastoise, F|100\/100\n|turn|20\n|\n|t:|1700594875\n|move|p1a: Linoone|Extreme Speed|p2a: Blastoise\n|-enditem|p2a: Blastoise|Focus Sash\n|-damage|p2a: Blastoise|1\/100\n|move|p2a: Blastoise|Shell Smash|p2a: Blastoise\n|-unboost|p2a: Blastoise|def|1\n|-unboost|p2a: Blastoise|spd|1\n|-boost|p2a: Blastoise|atk|2\n|-boost|p2a: Blastoise|spa|2\n|-boost|p2a: Blastoise|spe|2\n|\n|upkeep\n|turn|21\n|\n|t:|1700594884\n|cant|p1a: Linoone|par\n|move|p2a: Blastoise|Rapid Spin|p1a: Linoone\n|-damage|p1a: Linoone|0 fnt\n|-boost|p2a: Blastoise|spe|1\n|faint|p1a: Linoone\n|\n|win|Vvbttij\n|raw|elom13's rating: 1011 &rarr; <strong>1003<\/strong><br \/>(-8 for losing)\n|raw|Vvbttij's rating: 1110 &rarr; <strong>1128<\/strong><br \/>(+18 for winning)\n|c|\u2606Vvbttij|Gg\n","uploadtime":1700594891,"views":1,"p1id":"elom13","p2id":"vvbttij","formatid":"gen9nationaldex","rating":1003,"private":0,"password":""}