{"id":"gen9nationaldex-1986977487","p1":"Tremendo97","p2":"cristianuez34","format":"[Gen 9] National Dex","log":"|j|\u2606Tremendo97\n|j|\u2606cristianuez34\n|t:|1699546066\n|gametype|singles\n|player|p1|Tremendo97|clown|\n|player|p2|cristianuez34|roark|\n|teamsize|p1|6\n|teamsize|p2|6\n|gen|9\n|tier|[Gen 9] National Dex\n|rule|HP Percentage Mod: HP is shown in percentages\n|rule|Endless Battle Clause: Forcing endless battles is banned\n|rule|OHKO Clause: OHKO moves are banned\n|rule|Evasion Clause: Evasion abilities, items, and moves are banned\n|rule|Evasion Abilities Clause: Evasion abilities are banned\n|rule|Evasion Items Clause: Evasion items are banned\n|rule|Evasion Moves Clause: Evasion moves are banned\n|rule|Species Clause: Limit one of each Pok\u00e9mon\n|rule|Sleep Clause Mod: Limit one foe put to sleep\n|clearpoke\n|poke|p1|Zapdos|\n|poke|p1|Venusaur, F|\n|poke|p1|Gliscor, M|\n|poke|p1|Infernape, F|\n|poke|p1|Grimmsnarl, M|\n|poke|p1|Volcarona, M|\n|poke|p2|Greninja-*, M|\n|poke|p2|Abomasnow, M|\n|poke|p2|Moltres|\n|poke|p2|Ninetales-Alola, F|\n|poke|p2|Kommo-o, M|\n|poke|p2|Latios, M|\n|teampreview\n|j| Guillarco28\n|\n|t:|1699546086\n|start\n|switch|p1a: KfC|Zapdos, shiny|100\/100\n|switch|p2a: queso|Ninetales-Alola, F, shiny|100\/100\n|-weather|Snow|[from] ability: Snow Warning|[of] p2a: queso\n|turn|1\n|\n|t:|1699546128\n|switch|p1a: CieloNepe|Infernape, F|100\/100\n|move|p2a: queso|Aurora Veil|p2a: queso\n|-sidestart|p2: cristianuez34|move: Aurora Veil\n|\n|-weather|Snow|[upkeep]\n|upkeep\n|turn|2\n|\n|t:|1699546142\n|switch|p2a: pan|Greninja, M|100\/100\n|move|p1a: CieloNepe|Thunder Punch|p2a: pan\n|-supereffective|p2a: pan\n|-damage|p2a: pan|55\/100\n|\n|-weather|Snow|[upkeep]\n|upkeep\n|turn|3\n|\n|t:|1699546153\n|switch|p1a: Strawberry|Venusaur, F|100\/100\n|-terastallize|p2a: pan|Water\n|move|p2a: pan|Scald|p1a: Strawberry\n|-resisted|p1a: Strawberry\n|-crit|p1a: Strawberry\n|-damage|p1a: Strawberry|57\/100\n|\n|-weather|Snow|[upkeep]\n|upkeep\n|turn|4\n|\n|t:|1699546167\n|switch|p2a: carne|Moltres|100\/100\n|switch|p1a: KfC|Zapdos, shiny|100\/100\n|\n|-weather|Snow|[upkeep]\n|upkeep\n|turn|5\n|\n|t:|1699546177\n|move|p2a: carne|Weather Ball|p1a: KfC\n|-supereffective|p1a: KfC\n|-damage|p1a: KfC|21\/100\n|move|p1a: KfC|Toxic|p2a: carne\n|-status|p2a: carne|tox\n|\n|-weather|Snow|[upkeep]\n|-damage|p2a: carne|94\/100 tox|[from] psn\n|-sideend|p2: cristianuez34|move: Aurora Veil\n|upkeep\n|turn|6\n|\n|t:|1699546195\n|switch|p1a: Cosquillas|Grimmsnarl, M, shiny|100\/100\n|move|p2a: carne|Weather Ball|p1a: Cosquillas\n|-damage|p1a: Cosquillas|68\/100\n|\n|-weather|Snow|[upkeep]\n|-heal|p1a: Cosquillas|74\/100|[from] item: Leftovers\n|-damage|p2a: carne|82\/100 tox|[from] psn\n|upkeep\n|turn|7\n|\n|t:|1699546206\n|switch|p2a: pan de abajo|Latios, M, shiny|100\/100\n|move|p1a: Cosquillas|Fake Out|p2a: pan de abajo\n|-damage|p2a: pan de abajo|88\/100\n|\n|-weather|Snow|[upkeep]\n|-heal|p1a: Cosquillas|80\/100|[from] item: Leftovers\n|upkeep\n|turn|8\n|\n|t:|1699546214\n|detailschange|p2a: pan de abajo|Latios-Mega, M, shiny\n|-mega|p2a: pan de abajo|Latios|Latiosite\n|move|p1a: Cosquillas|Light Screen|p1a: Cosquillas\n|-sidestart|p1: Tremendo97|move: Light Screen\n|move|p2a: pan de abajo|Psychic|p1a: Cosquillas\n|-immune|p1a: Cosquillas\n|\n|-weather|none\n|-heal|p1a: Cosquillas|86\/100|[from] item: Leftovers\n|upkeep\n|turn|9\n|\n|t:|1699546241\n|switch|p1a: Mr.Fumeta|Gliscor, M|100\/100\n|move|p2a: pan de abajo|Aura Sphere|p1a: Mr.Fumeta\n|-resisted|p1a: Mr.Fumeta\n|-damage|p1a: Mr.Fumeta|87\/100\n|\n|-status|p1a: Mr.Fumeta|tox|[from] item: Toxic Orb\n|upkeep\n|turn|10\n|\n|t:|1699546250\n|move|p1a: Mr.Fumeta|Knock Off|p2a: pan de abajo\n|-supereffective|p2a: pan de abajo\n|-damage|p2a: pan de abajo|58\/100\n|move|p2a: pan de abajo|Mystical Fire|p1a: Mr.Fumeta\n|-damage|p1a: Mr.Fumeta|65\/100 tox\n|-unboost|p1a: Mr.Fumeta|spa|1\n|\n|-heal|p1a: Mr.Fumeta|77\/100 tox|[from] ability: Poison Heal\n|upkeep\n|turn|11\n|\n|t:|1699546270\n|switch|p2a: lechuga|Abomasnow, M, shiny|100\/100\n|-weather|Snow|[from] ability: Snow Warning|[of] p2a: lechuga\n|move|p1a: Mr.Fumeta|Spikes|p2a: lechuga\n|-sidestart|p2: cristianuez34|Spikes\n|\n|-weather|Snow|[upkeep]\n|-heal|p1a: Mr.Fumeta|90\/100 tox|[from] ability: Poison Heal\n|upkeep\n|turn|12\n|\n|t:|1699546284\n|switch|p1a: Cosquillas|Grimmsnarl, M, shiny|86\/100\n|move|p2a: lechuga|Solar Beam||[still]\n|-prepare|p2a: lechuga|Solar Beam\n|-enditem|p2a: lechuga|Power Herb\n|-anim|p2a: lechuga|Solar Beam|p1a: Cosquillas\n|-damage|p1a: Cosquillas|74\/100\n|\n|-weather|Snow|[upkeep]\n|-heal|p1a: Cosquillas|80\/100|[from] item: Leftovers\n|-sideend|p1: Tremendo97|move: Light Screen\n|upkeep\n|turn|13\n|\n|t:|1699546296\n|switch|p1a: Volcarona|Volcarona, M|100\/100\n|move|p2a: lechuga|Earthquake|p1a: Volcarona\n|-damage|p1a: Volcarona|57\/100\n|\n|-weather|Snow|[upkeep]\n|upkeep\n|turn|14\n|\n|t:|1699546318\n|move|p1a: Volcarona|Fiery Dance|p2a: lechuga\n|-supereffective|p2a: lechuga\n|-damage|p2a: lechuga|0 fnt\n|faint|p2a: lechuga\n|\n|-weather|Snow|[upkeep]\n|upkeep\n|\n|t:|1699546324\n|switch|p2a: pan|Greninja, M, tera:Water|55\/100\n|-damage|p2a: pan|42\/100|[from] Spikes\n|turn|15\n|\n|t:|1699546333\n|switch|p1a: Strawberry|Venusaur, F|57\/100\n|move|p2a: pan|Scald|p1a: Strawberry\n|-resisted|p1a: Strawberry\n|-damage|p1a: Strawberry|28\/100\n|-status|p1a: Strawberry|brn\n|\n|-weather|none\n|-damage|p1a: Strawberry|22\/100 brn|[from] brn\n|upkeep\n|turn|16\n|\n|t:|1699546355\n|switch|p2a: ketchup|Kommo-o, M|100\/100\n|-damage|p2a: ketchup|88\/100|[from] Spikes\n|switch|p1a: Cosquillas|Grimmsnarl, M, shiny|80\/100\n|\n|-heal|p1a: Cosquillas|86\/100|[from] item: Leftovers\n|upkeep\n|turn|17\n|\n|t:|1699546373\n|switch|p2a: queso|Ninetales-Alola, F, shiny|100\/100\n|-damage|p2a: queso|88\/100|[from] Spikes\n|-weather|Snow|[from] ability: Snow Warning|[of] p2a: queso\n|move|p1a: Cosquillas|Fake Out|p2a: queso\n|-crit|p2a: queso\n|-damage|p2a: queso|72\/100\n|\n|-weather|Snow|[upkeep]\n|-heal|p1a: Cosquillas|92\/100|[from] item: Leftovers\n|upkeep\n|turn|18\n|\n|t:|1699546385\n|move|p1a: Cosquillas|Light Screen|p1a: Cosquillas\n|-sidestart|p1: Tremendo97|move: Light Screen\n|move|p2a: queso|Moonblast|p1a: Cosquillas\n|-supereffective|p1a: Cosquillas\n|-damage|p1a: Cosquillas|63\/100\n|\n|-weather|Snow|[upkeep]\n|-heal|p1a: Cosquillas|70\/100|[from] item: Leftovers\n|upkeep\n|turn|19\n|\n|t:|1699546394\n|switch|p1a: Strawberry|Venusaur, F|22\/100 brn\n|move|p2a: queso|Aurora Veil|p2a: queso\n|-sidestart|p2: cristianuez34|move: Aurora Veil\n|\n|-weather|Snow|[upkeep]\n|-damage|p1a: Strawberry|16\/100 brn|[from] brn\n|upkeep\n|turn|20\n|\n|t:|1699546403\n|switch|p2a: ketchup|Kommo-o, M|88\/100\n|-damage|p2a: ketchup|76\/100|[from] Spikes\n|detailschange|p1a: Strawberry|Venusaur-Mega, F\n|-mega|p1a: Strawberry|Venusaur|Venusaurite\n|move|p1a: Strawberry|Rest|p1a: Strawberry\n|-status|p1a: Strawberry|slp|[from] move: Rest\n|-heal|p1a: Strawberry|100\/100 slp|[silent]\n|\n|-weather|Snow|[upkeep]\n|upkeep\n|turn|21\n|\n|t:|1699546420\n|switch|p1a: Cosquillas|Grimmsnarl, M, shiny|70\/100\n|move|p2a: ketchup|Body Press|p1a: Cosquillas\n|-crit|p1a: Cosquillas\n|-damage|p1a: Cosquillas|8\/100\n|\n|-weather|Snow|[upkeep]\n|-heal|p1a: Cosquillas|14\/100|[from] item: Leftovers\n|upkeep\n|turn|22\n|\n|t:|1699546429\n|move|p1a: Cosquillas|Fake Out|p2a: ketchup\n|-damage|p2a: ketchup|72\/100\n|cant|p2a: ketchup|flinch\n|\n|-weather|Snow|[upkeep]\n|-heal|p1a: Cosquillas|20\/100|[from] item: Leftovers\n|-sideend|p1: Tremendo97|move: Light Screen\n|upkeep\n|turn|23\n|\n|t:|1699546443\n|move|p1a: Cosquillas|Parting Shot|p2a: ketchup\n|-immune|p2a: ketchup|[from] ability: Soundproof\n|move|p2a: ketchup|Body Press|p1a: Cosquillas\n|-damage|p1a: Cosquillas|0 fnt\n|faint|p1a: Cosquillas\n|\n|-weather|Snow|[upkeep]\n|-sideend|p2: cristianuez34|move: Aurora Veil\n|upkeep\n|\n|t:|1699546485\n|switch|p1a: KfC|Zapdos, shiny|21\/100\n|turn|24\n|\n|t:|1699546498\n|move|p1a: KfC|Roost|p1a: KfC\n|-heal|p1a: KfC|71\/100\n|-singleturn|p1a: KfC|move: Roost\n|move|p2a: ketchup|Body Press|p1a: KfC\n|-damage|p1a: KfC|36\/100\n|-damage|p2a: ketchup|56\/100|[from] item: Rocky Helmet|[of] p1a: KfC\n|\n|-weather|none\n|upkeep\n|turn|25\n|\n|t:|1699546511\n|move|p1a: KfC|Roost|p1a: KfC\n|-heal|p1a: KfC|86\/100\n|-singleturn|p1a: KfC|move: Roost\n|move|p2a: ketchup|Iron Head|p1a: KfC\n|-resisted|p1a: KfC\n|-damage|p1a: KfC|78\/100\n|-damage|p2a: ketchup|39\/100|[from] item: Rocky Helmet|[of] p1a: KfC\n|-status|p2a: ketchup|par|[from] ability: Static|[of] p1a: KfC\n|\n|upkeep\n|turn|26\n|\n|t:|1699546525\n|move|p1a: KfC|Hidden Power|p2a: ketchup\n|-supereffective|p2a: ketchup\n|-damage|p2a: ketchup|4\/100 par\n|cant|p2a: ketchup|par\n|\n|upkeep\n|turn|27\n|\n|t:|1699546531\n|move|p1a: KfC|Hidden Power|p2a: ketchup\n|-supereffective|p2a: ketchup\n|-damage|p2a: ketchup|0 fnt\n|faint|p2a: ketchup\n|\n|upkeep\n|\n|t:|1699546541\n|switch|p2a: pan|Greninja, M, tera:Water|42\/100\n|-damage|p2a: pan|30\/100|[from] Spikes\n|turn|28\n|\n|t:|1699546547\n|move|p2a: pan|Scald|p1a: KfC\n|-damage|p1a: KfC|13\/100\n|move|p1a: KfC|Volt Switch|p2a: pan\n|-supereffective|p2a: pan\n|-damage|p2a: pan|0 fnt\n|faint|p2a: pan\n|\n|t:|1699546561\n|switch|p1a: CieloNepe|Infernape, F|100\/100|[from] Volt Switch\n|\n|upkeep\n|\n|t:|1699546565\n|switch|p2a: pan de abajo|Latios-Mega, M, shiny|58\/100\n|turn|29\n|\n|t:|1699546598\n|switch|p1a: Mr.Fumeta|Gliscor, M|90\/100 tox\n|move|p2a: pan de abajo|Psychic|p1a: Mr.Fumeta\n|-damage|p1a: Mr.Fumeta|9\/100 tox\n|-unboost|p1a: Mr.Fumeta|spd|1\n|\n|-heal|p1a: Mr.Fumeta|21\/100 tox|[from] ability: Poison Heal\n|upkeep\n|turn|30\n|\n|t:|1699546610\n|move|p1a: Mr.Fumeta|Knock Off|p2a: pan de abajo\n|-supereffective|p2a: pan de abajo\n|-damage|p2a: pan de abajo|28\/100\n|move|p2a: pan de abajo|Psychic|p1a: Mr.Fumeta\n|-damage|p1a: Mr.Fumeta|0 fnt\n|faint|p1a: Mr.Fumeta\n|\n|upkeep\n|\n|t:|1699546624\n|switch|p1a: KfC|Zapdos, shiny|13\/100\n|turn|31\n|\n|t:|1699546637\n|move|p2a: pan de abajo|Mystical Fire|p1a: KfC\n|-damage|p1a: KfC|0 fnt\n|faint|p1a: KfC\n|\n|upkeep\n|\n|t:|1699546655\n|switch|p1a: Volcarona|Volcarona, M|57\/100\n|turn|32\n|\n|t:|1699546667\n|move|p1a: Volcarona|Fire Blast|p2a: pan de abajo|[miss]\n|-miss|p1a: Volcarona|p2a: pan de abajo\n|move|p2a: pan de abajo|Psychic|p1a: Volcarona\n|-damage|p1a: Volcarona|0 fnt\n|faint|p1a: Volcarona\n|\n|upkeep\n|\n|t:|1699546676\n|switch|p1a: CieloNepe|Infernape, F|100\/100\n|turn|33\n|\n|t:|1699546699\n|move|p1a: CieloNepe|Fire Punch|p2a: pan de abajo\n|-resisted|p2a: pan de abajo\n|-damage|p2a: pan de abajo|7\/100\n|-status|p2a: pan de abajo|brn\n|move|p2a: pan de abajo|Psychic|p1a: CieloNepe\n|-supereffective|p1a: CieloNepe\n|-damage|p1a: CieloNepe|0 fnt\n|faint|p1a: CieloNepe\n|\n|-damage|p2a: pan de abajo|0 fnt|[from] brn\n|faint|p2a: pan de abajo\n|upkeep\n|\n|t:|1699546713\n|switch|p1a: Strawberry|Venusaur-Mega, F|100\/100 slp\n|switch|p2a: carne|Moltres|82\/100 tox\n|turn|34\n|\n|t:|1699546724\n|move|p2a: carne|Fire Blast|p1a: Strawberry|[miss]\n|-miss|p2a: carne|p1a: Strawberry\n|cant|p1a: Strawberry|slp\n|move|p1a: Strawberry|Sleep Talk|p1a: Strawberry\n|move|p1a: Strawberry|Giga Drain|p2a: carne|[from]move: Sleep Talk\n|-resisted|p2a: carne\n|-damage|p2a: carne|73\/100 tox\n|\n|-damage|p2a: carne|67\/100 tox|[from] psn\n|upkeep\n|turn|35\n|\n|t:|1699546735\n|move|p2a: carne|Fire Blast|p1a: Strawberry\n|-supereffective|p1a: Strawberry\n|-damage|p1a: Strawberry|50\/100 slp\n|cant|p1a: Strawberry|slp\n|move|p1a: Strawberry|Sleep Talk|p1a: Strawberry\n|move|p1a: Strawberry|Giga Drain|p2a: carne|[from]move: Sleep Talk\n|-resisted|p2a: carne\n|-damage|p2a: carne|59\/100 tox\n|-heal|p1a: Strawberry|54\/100 slp|[from] drain|[of] p2a: carne\n|\n|-damage|p2a: carne|46\/100 tox|[from] psn\n|upkeep\n|turn|36\n|\n|t:|1699546748\n|move|p2a: carne|Fire Blast|p1a: Strawberry\n|-supereffective|p1a: Strawberry\n|-damage|p1a: Strawberry|2\/100 slp\n|-curestatus|p1a: Strawberry|slp|[msg]\n|move|p1a: Strawberry|Rest|p1a: Strawberry\n|-status|p1a: Strawberry|slp|[from] move: Rest\n|-heal|p1a: Strawberry|100\/100 slp|[silent]\n|\n|-damage|p2a: carne|28\/100 tox|[from] psn\n|upkeep\n|turn|37\n|\n|t:|1699546759\n|move|p2a: carne|Fire Blast|p1a: Strawberry|[miss]\n|-miss|p2a: carne|p1a: Strawberry\n|cant|p1a: Strawberry|slp\n|move|p1a: Strawberry|Sleep Talk|p1a: Strawberry\n|move|p1a: Strawberry|Leech Seed|p2a: carne|[from]move: Sleep Talk\n|-start|p2a: carne|move: Leech Seed\n|\n|-damage|p2a: carne|16\/100 tox|[from] Leech Seed|[of] p1a: Strawberry\n|-damage|p2a: carne|0 fnt|[from] psn\n|faint|p2a: carne\n|upkeep\n|\n|t:|1699546769\n|switch|p2a: queso|Ninetales-Alola, F, shiny|72\/100\n|-damage|p2a: queso|60\/100|[from] Spikes\n|-weather|Snow|[from] ability: Snow Warning|[of] p2a: queso\n|turn|38\n|\n|t:|1699546775\n|move|p2a: queso|Freeze-Dry|p1a: Strawberry\n|-supereffective|p1a: Strawberry\n|-damage|p1a: Strawberry|85\/100 slp\n|cant|p1a: Strawberry|slp\n|move|p1a: Strawberry|Sleep Talk|p1a: Strawberry\n|move|p1a: Strawberry|Giga Drain|p2a: queso|[from]move: Sleep Talk\n|-crit|p2a: queso\n|-damage|p2a: queso|12\/100\n|-heal|p1a: Strawberry|100\/100 slp|[from] drain|[of] p2a: queso\n|\n|-weather|Snow|[upkeep]\n|upkeep\n|turn|39\n|\n|t:|1699546791\n|move|p2a: queso|Aurora Veil|p2a: queso\n|-sidestart|p2: cristianuez34|move: Aurora Veil\n|-curestatus|p1a: Strawberry|slp|[msg]\n|move|p1a: Strawberry|Giga Drain|p2a: queso\n|-damage|p2a: queso|0 fnt\n|faint|p2a: queso\n|\n|win|Tremendo97\n","uploadtime":1699546805,"views":16,"p1id":"tremendo97","p2id":"cristianuez34","formatid":"gen9nationaldex","rating":0,"private":0,"password":""}