{"id":"gen9nationaldex-1997682290","p1":"Gollark","p2":"ridersoko","format":"[Gen 9] National Dex","log":"|html|<div class=\"broadcast-blue\"><strong>[Gen 9] National Dex is currently suspecting Sneasler! For information on how to participate check out the <a href=\"https:\/\/www.smogon.com\/forums\/threads\/sv-national-dex-suspect-8-just-dance.3731534\/\">suspect thread<\/a>.<\/strong><\/div>\n|j|\u2606Gollark\n|j|\u2606ridersoko\n|t:|1700841270\n|gametype|singles\n|player|p1|Gollark|swimmerf-gen4dp|1531\n|player|p2|ridersoko|lucas|1587\n|teamsize|p1|6\n|teamsize|p2|6\n|gen|9\n|tier|[Gen 9] National Dex\n|rated|\n|rule|HP Percentage Mod: HP is shown in percentages\n|rule|Endless Battle Clause: Forcing endless battles is banned\n|rule|OHKO Clause: OHKO moves are banned\n|rule|Evasion Clause: Evasion abilities, items, and moves are banned\n|rule|Evasion Abilities Clause: Evasion abilities are banned\n|rule|Evasion Items Clause: Evasion items are banned\n|rule|Evasion Moves Clause: Evasion moves are banned\n|rule|Species Clause: Limit one of each Pok\u00e9mon\n|rule|Sleep Clause Mod: Limit one foe put to sleep\n|clearpoke\n|poke|p1|Samurott-Hisui, F|\n|poke|p1|Salamence, F|\n|poke|p1|Serperior, F|\n|poke|p1|Slowbro-Galar, F|\n|poke|p1|Sinistcha|\n|poke|p1|Sneasler, F|\n|poke|p2|Banette, F|\n|poke|p2|Alomomola, F|\n|poke|p2|Landorus-Therian, M|\n|poke|p2|Heatran, M|\n|poke|p2|Tapu Lele|\n|poke|p2|Urshifu-*, F|\n|teampreview\n|inactive|Battle timer is ON: inactive players will automatically lose when time's up. (requested by ridersoko)\n|\n|t:|1700841281\n|start\n|switch|p1a: Samurott|Samurott-Hisui, F|100\/100\n|switch|p2a: Landorus|Landorus-Therian, M|100\/100\n|-ability|p2a: Landorus|Intimidate|boost\n|-unboost|p1a: Samurott|atk|1\n|turn|1\n|\n|t:|1700841292\n|switch|p2a: Alomomola|Alomomola, F, shiny|100\/100\n|move|p1a: Samurott|Flip Turn|p2a: Alomomola\n|-resisted|p2a: Alomomola\n|-damage|p2a: Alomomola|95\/100\n|\n|t:|1700841298\n|switch|p1a: Serperior|Serperior, F|100\/100|[from] Flip Turn\n|\n|upkeep\n|turn|2\n|\n|t:|1700841305\n|switch|p2a: Heatran|Heatran, M|100\/100\n|move|p1a: Serperior|Glare|p2a: Heatran\n|-status|p2a: Heatran|par\n|\n|upkeep\n|turn|3\n|\n|t:|1700841315\n|switch|p1a: Samurott|Samurott-Hisui, F|100\/100\n|move|p2a: Heatran|Magma Storm|p1a: Samurott|[miss]\n|-miss|p2a: Heatran|p1a: Samurott\n|\n|upkeep\n|turn|4\n|\n|t:|1700841324\n|switch|p2a: Alomomola|Alomomola, F, shiny|100\/100\n|move|p1a: Samurott|Ceaseless Edge|p2a: Alomomola\n|-damage|p2a: Alomomola|78\/100\n|-sidestart|p2: ridersoko|Spikes\n|\n|upkeep\n|turn|5\n|\n|t:|1700841338\n|switch|p1a: Slowbro|Slowbro-Galar, F|100\/100\n|move|p2a: Alomomola|Toxic|p1a: Slowbro\n|-immune|p1a: Slowbro\n|\n|upkeep\n|turn|6\n|\n|t:|1700841345\n|move|p2a: Alomomola|Wish|p2a: Alomomola\n|move|p1a: Slowbro|Future Sight|p2a: Alomomola\n|-start|p1a: Slowbro|move: Future Sight\n|\n|upkeep\n|turn|7\n|\n|t:|1700841351\n|move|p2a: Alomomola|Flip Turn|p1a: Slowbro\n|-damage|p1a: Slowbro|89\/100\n|\n|t:|1700841358\n|switch|p2a: Heatran|Heatran, M|100\/100 par|[from] Flip Turn\n|-damage|p2a: Heatran|88\/100 par|[from] Spikes\n|move|p1a: Slowbro|Scald|p2a: Heatran\n|-supereffective|p2a: Heatran\n|-damage|p2a: Heatran|66\/100 par\n|\n|-heal|p2a: Heatran|100\/100 par|[from] move: Wish|[wisher] Alomomola\n|upkeep\n|turn|8\n|inactive|Gollark has 120 seconds left.\n|\n|t:|1700841396\n|switch|p1a: Samurott|Samurott-Hisui, F|100\/100\n|move|p2a: Heatran|Magma Storm|p1a: Samurott\n|-resisted|p1a: Samurott\n|-damage|p1a: Samurott|68\/100\n|-activate|p1a: Samurott|move: Magma Storm|[of] p2a: Heatran\n|\n|-end|p2a: Heatran|move: Future Sight\n|-resisted|p2a: Heatran\n|-crit|p2a: Heatran\n|-damage|p2a: Heatran|81\/100 par\n|-heal|p2a: Heatran|87\/100 par|[from] item: Leftovers\n|-damage|p1a: Samurott|55\/100|[from] move: Magma Storm|[partiallytrapped]\n|upkeep\n|turn|9\n|inactive|Gollark has 120 seconds left.\n|\n|t:|1700841409\n|switch|p2a: Landorus|Landorus-Therian, M|100\/100\n|-ability|p2a: Landorus|Intimidate|boost\n|-unboost|p1a: Samurott|atk|1\n|move|p1a: Samurott|Ceaseless Edge|p2a: Landorus\n|-damage|p2a: Landorus|64\/100\n|-sidestart|p2: ridersoko|Spikes\n|\n|-end|p1a: Samurott|Magma Storm|[partiallytrapped]|[silent]\n|upkeep\n|turn|10\n|inactive|Gollark has 120 seconds left.\n|\n|t:|1700841423\n|switch|p1a: Sneasler|Sneasler, F|100\/100\n|-zpower|p2a: Landorus\n|move|p2a: Landorus|Supersonic Skystrike|p1a: Sneasler|[zeffect]\n|-supereffective|p1a: Sneasler\n|-damage|p1a: Sneasler|0 fnt\n|faint|p1a: Sneasler\n|\n|upkeep\n|inactive|Gollark has 120 seconds left.\n|\n|t:|1700841438\n|switch|p1a: Slowbro|Slowbro-Galar, F|89\/100\n|turn|11\n|\n|t:|1700841443\n|detailschange|p1a: Slowbro|Slowbro-Mega, F\n|-mega|p1a: Slowbro|Slowbro|Slowbronite\n|move|p2a: Landorus|Earthquake|p1a: Slowbro\n|-damage|p1a: Slowbro|67\/100\n|move|p1a: Slowbro|Ice Beam|p2a: Landorus\n|-supereffective|p2a: Landorus\n|-damage|p2a: Landorus|0 fnt\n|faint|p2a: Landorus\n|\n|upkeep\n|\n|t:|1700841463\n|switch|p2a: Urshifu|Urshifu-Rapid-Strike, F|100\/100\n|-damage|p2a: Urshifu|84\/100|[from] Spikes\n|turn|12\n|\n|t:|1700841470\n|move|p2a: Urshifu|Thunder Punch|p1a: Slowbro\n|-supereffective|p1a: Slowbro\n|-damage|p1a: Slowbro|43\/100\n|move|p1a: Slowbro|Slack Off|p1a: Slowbro\n|-heal|p1a: Slowbro|93\/100\n|\n|upkeep\n|turn|13\n|\n|t:|1700841477\n|move|p2a: Urshifu|Swords Dance|p2a: Urshifu\n|-boost|p2a: Urshifu|atk|2\n|move|p1a: Slowbro|Future Sight|p2a: Urshifu\n|-start|p1a: Slowbro|move: Future Sight\n|\n|upkeep\n|turn|14\n|\n|t:|1700841506\n|move|p2a: Urshifu|Thunder Punch|p1a: Slowbro\n|-supereffective|p1a: Slowbro\n|-damage|p1a: Slowbro|48\/100\n|move|p1a: Slowbro|Scald|p2a: Urshifu\n|-resisted|p2a: Urshifu\n|-damage|p2a: Urshifu|58\/100\n|\n|upkeep\n|turn|15\n|inactive|ridersoko has 120 seconds left.\n|\n|t:|1700841526\n|move|p2a: Urshifu|Thunder Punch|p1a: Slowbro\n|-supereffective|p1a: Slowbro\n|-damage|p1a: Slowbro|2\/100\n|move|p1a: Slowbro|Slack Off|p1a: Slowbro\n|-heal|p1a: Slowbro|52\/100\n|\n|-end|p2a: Urshifu|move: Future Sight\n|-supereffective|p2a: Urshifu\n|-damage|p2a: Urshifu|0 fnt\n|faint|p2a: Urshifu\n|upkeep\n|inactive|ridersoko has 120 seconds left.\n|\n|t:|1700841532\n|switch|p2a: Banette|Banette, F|100\/100\n|-damage|p2a: Banette|84\/100|[from] Spikes\n|-item|p1a: Slowbro|Slowbronite|[from] ability: Frisk|[of] p2a: Banette|[identify]\n|turn|16\n|\n|t:|1700841542\n|switch|p1a: Samurott|Samurott-Hisui, F|55\/100\n|detailschange|p2a: Banette|Banette-Mega, F\n|-mega|p2a: Banette|Banette|Banettite\n|move|p2a: Banette|Poltergeist|p1a: Samurott\n|-activate|p1a: Samurott|move: Poltergeist|Choice Scarf\n|-resisted|p1a: Samurott\n|-damage|p1a: Samurott|5\/100\n|\n|upkeep\n|turn|17\n|\n|t:|1700841553\n|switch|p2a: Alomomola|Alomomola, F, shiny|100\/100\n|move|p1a: Samurott|Ceaseless Edge|p2a: Alomomola\n|-damage|p2a: Alomomola|76\/100\n|-sidestart|p2: ridersoko|Spikes\n|\n|upkeep\n|turn|18\n|\n|t:|1700841562\n|move|p1a: Samurott|Ceaseless Edge|p2a: Alomomola\n|-damage|p2a: Alomomola|51\/100\n|move|p2a: Alomomola|Toxic|p1a: Samurott\n|-status|p1a: Samurott|tox\n|\n|-damage|p1a: Samurott|0 fnt|[from] psn\n|faint|p1a: Samurott\n|upkeep\n|\n|t:|1700841568\n|switch|p1a: Serperior|Serperior, F|100\/100\n|turn|19\n|\n|t:|1700841577\n|switch|p1a: Salamence|Salamence, F|100\/100\n|switch|p2a: Heatran|Heatran, M|87\/100 par\n|-damage|p2a: Heatran|62\/100 par|[from] Spikes\n|\n|-heal|p2a: Heatran|68\/100 par|[from] item: Leftovers\n|upkeep\n|turn|20\n|\n|t:|1700841605\n|switch|p2a: Banette|Banette-Mega, F|84\/100\n|-damage|p2a: Banette|59\/100|[from] Spikes\n|move|p1a: Salamence|Substitute|p1a: Salamence\n|-start|p1a: Salamence|Substitute\n|-damage|p1a: Salamence|76\/100\n|\n|-heal|p1a: Salamence|82\/100|[from] item: Leftovers\n|upkeep\n|turn|21\n|\n|t:|1700841615\n|move|p2a: Banette|Encore|p1a: Salamence\n|-start|p1a: Salamence|Encore\n|move|p1a: Salamence|Substitute|p1a: Salamence\n|-fail|p1a: Salamence|move: Substitute\n|\n|-heal|p1a: Salamence|88\/100|[from] item: Leftovers\n|upkeep\n|turn|22\n|\n|t:|1700841625\n|switch|p1a: Serperior|Serperior, F|100\/100\n|move|p2a: Banette|Poltergeist|p1a: Serperior\n|-activate|p1a: Serperior|move: Poltergeist|Leftovers\n|-damage|p1a: Serperior|14\/100\n|\n|-heal|p1a: Serperior|20\/100|[from] item: Leftovers\n|upkeep\n|turn|23\n|\n|t:|1700841646\n|switch|p2a: Heatran|Heatran, M|68\/100 par\n|-damage|p2a: Heatran|43\/100 par|[from] Spikes\n|move|p1a: Serperior|Leaf Storm|p2a: Heatran\n|-resisted|p2a: Heatran\n|-damage|p2a: Heatran|36\/100 par\n|-boost|p1a: Serperior|spa|2\n|\n|-heal|p1a: Serperior|26\/100|[from] item: Leftovers\n|-heal|p2a: Heatran|42\/100 par|[from] item: Leftovers\n|upkeep\n|turn|24\n|\n|t:|1700841666\n|switch|p1a: Salamence|Salamence, F|88\/100\n|move|p2a: Heatran|Magma Storm|p1a: Salamence|[miss]\n|-miss|p2a: Heatran|p1a: Salamence\n|\n|-heal|p1a: Salamence|94\/100|[from] item: Leftovers\n|-heal|p2a: Heatran|48\/100 par|[from] item: Leftovers\n|upkeep\n|turn|25\n|\n|t:|1700841679\n|switch|p2a: Alomomola|Alomomola, F, shiny|85\/100\n|move|p1a: Salamence|Dual Wingbeat|p2a: Alomomola|[miss]\n|-miss|p1a: Salamence|p2a: Alomomola\n|\n|-heal|p1a: Salamence|99\/100|[from] item: Leftovers\n|upkeep\n|turn|26\n|\n|t:|1700841688\n|switch|p1a: Serperior|Serperior, F|26\/100\n|move|p2a: Alomomola|Wish|p2a: Alomomola\n|\n|-heal|p1a: Serperior|32\/100|[from] item: Leftovers\n|upkeep\n|turn|27\n|\n|t:|1700841695\n|switch|p2a: Heatran|Heatran, M|48\/100 par\n|-damage|p2a: Heatran|23\/100 par|[from] Spikes\n|move|p1a: Serperior|Leaf Storm|p2a: Heatran\n|-resisted|p2a: Heatran\n|-damage|p2a: Heatran|16\/100 par\n|-boost|p1a: Serperior|spa|2\n|\n|-heal|p2a: Heatran|85\/100 par|[from] move: Wish|[wisher] Alomomola\n|-heal|p1a: Serperior|39\/100|[from] item: Leftovers\n|-heal|p2a: Heatran|92\/100 par|[from] item: Leftovers\n|upkeep\n|turn|28\n|\n|t:|1700841712\n|switch|p1a: Salamence|Salamence, F|99\/100\n|move|p2a: Heatran|Toxic|p1a: Salamence\n|-status|p1a: Salamence|tox\n|\n|-heal|p1a: Salamence|100\/100 tox|[from] item: Leftovers\n|-heal|p2a: Heatran|98\/100 par|[from] item: Leftovers\n|-damage|p1a: Salamence|94\/100 tox|[from] psn\n|upkeep\n|turn|29\n|inactive|ridersoko has 120 seconds left.\n|\n|t:|1700841745\n|switch|p2a: Alomomola|Alomomola, F, shiny|100\/100\n|move|p1a: Salamence|Earthquake|p2a: Alomomola\n|-damage|p2a: Alomomola|83\/100\n|\n|-heal|p1a: Salamence|100\/100 tox|[from] item: Leftovers\n|-damage|p1a: Salamence|88\/100 tox|[from] psn\n|upkeep\n|turn|30\n|inactive|ridersoko has 120 seconds left.\n|\n|t:|1700841765\n|move|p1a: Salamence|Dual Wingbeat|p2a: Alomomola\n|-damage|p2a: Alomomola|71\/100\n|-damage|p2a: Alomomola|60\/100\n|-hitcount|p2a: Alomomola|2\n|move|p2a: Alomomola|Wish|p2a: Alomomola\n|\n|-heal|p1a: Salamence|94\/100 tox|[from] item: Leftovers\n|-damage|p1a: Salamence|76\/100 tox|[from] psn\n|upkeep\n|turn|31\n|\n|t:|1700841770\n|move|p1a: Salamence|Dual Wingbeat|p2a: Alomomola\n|-damage|p2a: Alomomola|49\/100\n|-damage|p2a: Alomomola|37\/100\n|-hitcount|p2a: Alomomola|2\n|move|p2a: Alomomola|Flip Turn|p1a: Salamence\n|-resisted|p1a: Salamence\n|-crit|p1a: Salamence\n|-damage|p1a: Salamence|61\/100 tox\n|\n|t:|1700841779\n|switch|p2a: Banette|Banette-Mega, F|59\/100|[from] Flip Turn\n|-damage|p2a: Banette|35\/100|[from] Spikes\n|\n|-heal|p2a: Banette|100\/100|[from] move: Wish|[wisher] Alomomola\n|-heal|p1a: Salamence|67\/100 tox|[from] item: Leftovers\n|-damage|p1a: Salamence|42\/100 tox|[from] psn\n|upkeep\n|turn|32\n|\n|t:|1700841786\n|move|p1a: Salamence|Dual Wingbeat|p2a: Banette\n|-damage|p2a: Banette|70\/100\n|-damage|p2a: Banette|38\/100\n|-hitcount|p2a: Banette|2\n|move|p2a: Banette|Poltergeist|p1a: Salamence|[miss]\n|-miss|p2a: Banette|p1a: Salamence\n|\n|-heal|p1a: Salamence|49\/100 tox|[from] item: Leftovers\n|-damage|p1a: Salamence|18\/100 tox|[from] psn\n|upkeep\n|turn|33\n|\n|t:|1700841797\n|switch|p2a: Alomomola|Alomomola, F, shiny|70\/100\n|move|p1a: Salamence|Dual Wingbeat|p2a: Alomomola|[miss]\n|-miss|p1a: Salamence|p2a: Alomomola\n|\n|-heal|p1a: Salamence|24\/100 tox|[from] item: Leftovers\n|-damage|p1a: Salamence|0 fnt|[from] psn\n|faint|p1a: Salamence\n|upkeep\n|\n|t:|1700841806\n|switch|p1a: Sinistcha|Sinistcha|100\/100\n|turn|34\n|\n|t:|1700841816\n|switch|p2a: Heatran|Heatran, M|98\/100 par\n|-damage|p2a: Heatran|73\/100 par|[from] Spikes\n|move|p1a: Sinistcha|Matcha Gotcha|p2a: Heatran\n|-resisted|p2a: Heatran\n|-damage|p2a: Heatran|68\/100 par\n|\n|-heal|p2a: Heatran|74\/100 par|[from] item: Leftovers\n|upkeep\n|turn|35\n|\n|t:|1700841832\n|-terastallize|p1a: Sinistcha|Poison\n|move|p1a: Sinistcha|Calm Mind|p1a: Sinistcha\n|-boost|p1a: Sinistcha|spa|1\n|-boost|p1a: Sinistcha|spd|1\n|move|p2a: Heatran|Toxic|p1a: Sinistcha\n|-immune|p1a: Sinistcha\n|\n|-heal|p2a: Heatran|80\/100 par|[from] item: Leftovers\n|upkeep\n|turn|36\n|\n|t:|1700841855\n|switch|p2a: Banette|Banette-Mega, F|38\/100\n|-damage|p2a: Banette|13\/100|[from] Spikes\n|move|p1a: Sinistcha|Shadow Ball|p2a: Banette\n|-supereffective|p2a: Banette\n|-damage|p2a: Banette|0 fnt\n|faint|p2a: Banette\n|\n|upkeep\n|\n|t:|1700841862\n|switch|p2a: Tapu Lele|Tapu Lele|100\/100\n|-damage|p2a: Tapu Lele|76\/100|[from] Spikes\n|-fieldstart|move: Psychic Terrain|[from] ability: Psychic Surge|[of] p2a: Tapu Lele\n|turn|37\n|\n|t:|1700841878\n|-terastallize|p2a: Tapu Lele|Psychic\n|move|p2a: Tapu Lele|Psychic|p1a: Sinistcha\n|-supereffective|p1a: Sinistcha\n|-damage|p1a: Sinistcha|0 fnt\n|faint|p1a: Sinistcha\n|\n|upkeep\n|\n|t:|1700841884\n|switch|p1a: Slowbro|Slowbro-Mega, F|52\/100\n|turn|38\n|\n|t:|1700841890\n|switch|p2a: Alomomola|Alomomola, F, shiny|100\/100\n|move|p1a: Slowbro|Slack Off|p1a: Slowbro\n|-heal|p1a: Slowbro|100\/100\n|\n|upkeep\n|turn|39\n|\n|t:|1700841895\n|move|p2a: Alomomola|Toxic|p1a: Slowbro\n|-status|p1a: Slowbro|tox\n|move|p1a: Slowbro|Future Sight|p2a: Alomomola\n|-start|p1a: Slowbro|move: Future Sight\n|\n|-damage|p1a: Slowbro|94\/100 tox|[from] psn\n|upkeep\n|turn|40\n|\n|t:|1700841901\n|move|p2a: Alomomola|Wish|p2a: Alomomola\n|move|p1a: Slowbro|Scald|p2a: Alomomola\n|-resisted|p2a: Alomomola\n|-crit|p2a: Alomomola\n|-damage|p2a: Alomomola|72\/100\n|-status|p2a: Alomomola|brn\n|\n|-damage|p1a: Slowbro|82\/100 tox|[from] psn\n|-damage|p2a: Alomomola|66\/100 brn|[from] brn\n|upkeep\n|turn|41\n|\n|t:|1700841913\n|switch|p1a: Serperior|Serperior, F|39\/100\n|move|p2a: Alomomola|Protect||[still]\n|-fail|p2a: Alomomola\n|\n|-end|p2a: Alomomola|move: Future Sight\n|-damage|p2a: Alomomola|0 fnt\n|faint|p2a: Alomomola\n|-heal|p1a: Serperior|45\/100|[from] item: Leftovers\n|-fieldend|move: Psychic Terrain\n|upkeep\n|\n|t:|1700841921\n|switch|p2a: Heatran|Heatran, M|80\/100 par\n|-damage|p2a: Heatran|55\/100 par|[from] Spikes\n|turn|42\n|\n|t:|1700841931\n|switch|p1a: Slowbro|Slowbro-Mega, F|82\/100 tox\n|cant|p2a: Heatran|par\n|\n|-heal|p2a: Heatran|62\/100 par|[from] item: Leftovers\n|-damage|p1a: Slowbro|76\/100 tox|[from] psn\n|upkeep\n|turn|43\n|\n|t:|1700841944\n|move|p2a: Heatran|Magma Storm|p1a: Slowbro\n|-resisted|p1a: Slowbro\n|-damage|p1a: Slowbro|53\/100 tox\n|-activate|p1a: Slowbro|move: Magma Storm|[of] p2a: Heatran\n|move|p1a: Slowbro|Scald|p2a: Heatran\n|-supereffective|p2a: Heatran\n|-damage|p2a: Heatran|16\/100 par\n|\n|-heal|p2a: Heatran|23\/100 par|[from] item: Leftovers\n|-damage|p1a: Slowbro|40\/100 tox|[from] psn\n|-damage|p1a: Slowbro|28\/100 tox|[from] move: Magma Storm|[partiallytrapped]\n|upkeep\n|turn|44\n|\n|t:|1700841956\n|move|p2a: Heatran|Earth Power|p1a: Slowbro\n|-damage|p1a: Slowbro|3\/100 tox\n|move|p1a: Slowbro|Scald|p2a: Heatran\n|-supereffective|p2a: Heatran\n|-damage|p2a: Heatran|0 fnt\n|faint|p2a: Heatran\n|\n|-damage|p1a: Slowbro|0 fnt|[from] psn\n|faint|p1a: Slowbro\n|upkeep\n|l|\u2606Gollark\n|inactive|Gollark disconnected and has a minute to reconnect!\n|player|p1|\n|j|\u2606Gollark\n|inactive|Gollark reconnected and has 120 seconds left.\n|player|p1|Gollark|swimmerf-gen4dp\n|\n|t:|1700841992\n|switch|p2a: Tapu Lele|Tapu Lele, tera:Psychic|76\/100\n|switch|p1a: Serperior|Serperior, F|45\/100\n|-damage|p2a: Tapu Lele|51\/100|[from] Spikes\n|-fieldstart|move: Psychic Terrain|[from] ability: Psychic Surge|[of] p2a: Tapu Lele\n|turn|45\n|\n|t:|1700841997\n|move|p2a: Tapu Lele|Psychic|p1a: Serperior\n|-damage|p1a: Serperior|0 fnt\n|faint|p1a: Serperior\n|\n|win|ridersoko\n|raw|Gollark's rating: 1531 &rarr; <strong>1514<\/strong><br \/>(-17 for losing)\n|raw|ridersoko's rating: 1587 &rarr; <strong>1604<\/strong><br \/>(+17 for winning)\n","uploadtime":1700842003,"views":0,"p1id":"gollark","p2id":"ridersoko","formatid":"gen9nationaldex","rating":1514,"private":0,"password":""}