{"id":"gen9nationaldex-1996033965","p1":"Simon C4","p2":"shampawn","format":"[Gen 9] National Dex","log":"|html|<div class=\"broadcast-blue\"><strong>[Gen 9] National Dex is currently suspecting Sneasler! For information on how to participate check out the <a href=\"https:\/\/www.smogon.com\/forums\/threads\/sv-national-dex-suspect-8-just-dance.3731534\/\">suspect thread<\/a>.<\/strong><\/div>\n|j|\u2606Simon C4\n|j|\u2606shampawn\n|t:|1700632679\n|gametype|singles\n|player|p1|Simon C4|2|1431\n|player|p2|shampawn|grimsley|1340\n|teamsize|p1|6\n|teamsize|p2|6\n|gen|9\n|tier|[Gen 9] National Dex\n|rated|\n|rule|HP Percentage Mod: HP is shown in percentages\n|rule|Endless Battle Clause: Forcing endless battles is banned\n|rule|OHKO Clause: OHKO moves are banned\n|rule|Evasion Clause: Evasion abilities, items, and moves are banned\n|rule|Evasion Abilities Clause: Evasion abilities are banned\n|rule|Evasion Items Clause: Evasion items are banned\n|rule|Evasion Moves Clause: Evasion moves are banned\n|rule|Species Clause: Limit one of each Pok\u00e9mon\n|rule|Sleep Clause Mod: Limit one foe put to sleep\n|clearpoke\n|poke|p1|Typhlosion, F|\n|poke|p1|Clodsire, F|\n|poke|p1|Scizor, F|\n|poke|p1|Rotom-Wash|\n|poke|p1|Kommo-o, M|\n|poke|p1|Iron Valiant|\n|poke|p2|Diancie|\n|poke|p2|Dragonite, M|\n|poke|p2|Eiscue, F|\n|poke|p2|Galvantula, M|\n|poke|p2|Volcarona, F|\n|poke|p2|Great Tusk|\n|teampreview\n|inactive|Battle timer is ON: inactive players will automatically lose when time's up. (requested by shampawn)\n|\n|t:|1700632690\n|start\n|switch|p1a: Clodsire|Clodsire, F|100\/100\n|switch|p2a: Diancie|Diancie|100\/100\n|turn|1\n|\n|t:|1700632709\n|switch|p1a: Scizor|Scizor, F|100\/100\n|detailschange|p2a: Diancie|Diancie-Mega\n|-mega|p2a: Diancie|Diancie|Diancite\n|move|p2a: Diancie|Stealth Rock|p1a: Scizor\n|-sidestart|p1: Simon C4|move: Stealth Rock\n|\n|upkeep\n|turn|2\n|\n|t:|1700632720\n|detailschange|p1a: Scizor|Scizor-Mega, F\n|-mega|p1a: Scizor|Scizor|Scizorite\n|move|p1a: Scizor|Bullet Punch|p2a: Diancie\n|-supereffective|p2a: Diancie\n|-damage|p2a: Diancie|0 fnt\n|faint|p2a: Diancie\n|\n|upkeep\n|\n|t:|1700632725\n|switch|p2a: Galvantula|Galvantula, M|100\/100\n|-ability|p2a: Galvantula|Unnerve\n|turn|3\n|\n|t:|1700632736\n|move|p2a: Galvantula|Thunder Wave|p1a: Scizor|[miss]\n|-miss|p2a: Galvantula|p1a: Scizor\n|move|p1a: Scizor|U-turn|p2a: Galvantula\n|-damage|p2a: Galvantula|53\/100\n|\n|t:|1700632744\n|switch|p1a: Clodsire|Clodsire, F|100\/100|[from] U-turn\n|\n|upkeep\n|turn|4\n|\n|t:|1700632753\n|move|p2a: Galvantula|Sticky Web|p1a: Clodsire\n|-sidestart|p1: Simon C4|move: Sticky Web\n|move|p1a: Clodsire|Toxic|p2a: Galvantula\n|-status|p2a: Galvantula|tox\n|\n|-damage|p2a: Galvantula|47\/100 tox|[from] psn\n|upkeep\n|turn|5\n|\n|t:|1700632760\n|move|p2a: Galvantula|Infestation|p1a: Clodsire\n|-resisted|p1a: Clodsire\n|-damage|p1a: Clodsire|99\/100\n|-activate|p1a: Clodsire|move: Infestation|[of] p2a: Galvantula\n|move|p1a: Clodsire|Stealth Rock|p2a: Galvantula\n|-sidestart|p2: shampawn|move: Stealth Rock\n|\n|-damage|p2a: Galvantula|35\/100 tox|[from] psn\n|-damage|p1a: Clodsire|86\/100|[from] move: Infestation|[partiallytrapped]\n|upkeep\n|turn|6\n|\n|t:|1700632771\n|switch|p2a: Great Tusk|Great Tusk|100\/100\n|-damage|p2a: Great Tusk|98\/100|[from] Stealth Rock\n|move|p1a: Clodsire|Earthquake|p2a: Great Tusk\n|-damage|p2a: Great Tusk|81\/100\n|\n|-end|p1a: Clodsire|Infestation|[partiallytrapped]|[silent]\n|upkeep\n|turn|7\n|\n|t:|1700632786\n|switch|p1a: Rotom|Rotom-Wash|100\/100\n|-damage|p1a: Rotom|88\/100|[from] Stealth Rock\n|move|p2a: Great Tusk|Earthquake|p1a: Rotom\n|-immune|p1a: Rotom|[from] ability: Levitate\n|\n|-heal|p1a: Rotom|94\/100|[from] item: Leftovers\n|upkeep\n|turn|8\n|\n|t:|1700632805\n|move|p2a: Great Tusk|Close Combat|p1a: Rotom\n|-damage|p1a: Rotom|45\/100\n|-unboost|p2a: Great Tusk|def|1\n|-unboost|p2a: Great Tusk|spd|1\n|move|p1a: Rotom|Hydro Pump|p2a: Great Tusk\n|-supereffective|p2a: Great Tusk\n|-damage|p2a: Great Tusk|0 fnt\n|faint|p2a: Great Tusk\n|-end|p2a: Great Tusk|Protosynthesis|[silent]\n|\n|-heal|p1a: Rotom|51\/100|[from] item: Leftovers\n|upkeep\n|\n|t:|1700632811\n|switch|p2a: Dragonite|Dragonite, M|100\/100\n|-damage|p2a: Dragonite|76\/100|[from] Stealth Rock\n|turn|9\n|\n|t:|1700632822\n|move|p2a: Dragonite|Dragon Dance|p2a: Dragonite\n|-boost|p2a: Dragonite|atk|1\n|-boost|p2a: Dragonite|spe|1\n|move|p1a: Rotom|Will-O-Wisp|p2a: Dragonite\n|-status|p2a: Dragonite|brn\n|\n|-heal|p1a: Rotom|57\/100|[from] item: Leftovers\n|-damage|p2a: Dragonite|70\/100 brn|[from] brn\n|upkeep\n|turn|10\n|\n|t:|1700632833\n|move|p2a: Dragonite|Dragon Dance|p2a: Dragonite\n|-boost|p2a: Dragonite|atk|1\n|-boost|p2a: Dragonite|spe|1\n|move|p1a: Rotom|Defog|p2a: Dragonite\n|-unboost|p2a: Dragonite|evasion|1\n|-sideend|p2: shampawn|Stealth Rock|[from] move: Defog|[of] p1a: Rotom\n|-sideend|p1: Simon C4|Stealth Rock|[from] move: Defog|[of] p1a: Rotom\n|-sideend|p1: Simon C4|Sticky Web|[from] move: Defog|[of] p1a: Rotom\n|\n|-heal|p1a: Rotom|63\/100|[from] item: Leftovers\n|-damage|p2a: Dragonite|63\/100 brn|[from] brn\n|upkeep\n|turn|11\n|\n|t:|1700632844\n|move|p2a: Dragonite|Thunder Punch|p1a: Rotom\n|-damage|p1a: Rotom|41\/100\n|move|p1a: Rotom|Volt Switch|p2a: Dragonite\n|-crit|p2a: Dragonite\n|-damage|p2a: Dragonite|23\/100 brn\n|\n|t:|1700632854\n|switch|p1a: Scizor|Scizor-Mega, F|100\/100|[from] Volt Switch\n|\n|-damage|p2a: Dragonite|17\/100 brn|[from] brn\n|upkeep\n|turn|12\n|\n|t:|1700632860\n|move|p1a: Scizor|Bullet Punch|p2a: Dragonite\n|-damage|p2a: Dragonite|0 fnt\n|faint|p2a: Dragonite\n|\n|upkeep\n|\n|t:|1700632865\n|switch|p2a: Volcarona|Volcarona, F|100\/100\n|turn|13\n|\n|t:|1700632874\n|move|p2a: Volcarona|Quiver Dance|p2a: Volcarona\n|-boost|p2a: Volcarona|spa|1\n|-boost|p2a: Volcarona|spd|1\n|-boost|p2a: Volcarona|spe|1\n|move|p1a: Scizor|U-turn|p2a: Volcarona\n|-resisted|p2a: Volcarona\n|-damage|p2a: Volcarona|87\/100\n|\n|t:|1700632887\n|switch|p1a: Typhlosion|Typhlosion, F|100\/100|[from] U-turn\n|\n|-heal|p2a: Volcarona|93\/100|[from] item: Leftovers\n|upkeep\n|turn|14\n|\n|t:|1700632901\n|-terastallize|p1a: Typhlosion|Fire\n|move|p1a: Typhlosion|Burn Up|p2a: Volcarona\n|-damage|p2a: Volcarona|42\/100\n|-start|p1a: Typhlosion|typechange|Fire|[from] move: Burn Up\n|move|p2a: Volcarona|Quiver Dance|p2a: Volcarona\n|-boost|p2a: Volcarona|spa|1\n|-boost|p2a: Volcarona|spd|1\n|-boost|p2a: Volcarona|spe|1\n|\n|-heal|p2a: Volcarona|48\/100|[from] item: Leftovers\n|upkeep\n|turn|15\n|\n|t:|1700632914\n|move|p1a: Typhlosion|Burn Up|p2a: Volcarona\n|-damage|p2a: Volcarona|13\/100\n|-start|p1a: Typhlosion|typechange|Fire|[from] move: Burn Up\n|move|p2a: Volcarona|Giga Drain|p1a: Typhlosion\n|-resisted|p1a: Typhlosion\n|-damage|p1a: Typhlosion|70\/100\n|-heal|p2a: Volcarona|26\/100|[from] drain|[of] p1a: Typhlosion\n|\n|-heal|p2a: Volcarona|32\/100|[from] item: Leftovers\n|upkeep\n|turn|16\n|inactive|shampawn has 120 seconds left.\n|\n|t:|1700632950\n|move|p1a: Typhlosion|Burn Up|p2a: Volcarona\n|-damage|p2a: Volcarona|0 fnt\n|-start|p1a: Typhlosion|typechange|Fire|[from] move: Burn Up\n|faint|p2a: Volcarona\n|\n|upkeep\n|\n|t:|1700632954\n|switch|p2a: Eiscue|Eiscue, F|100\/100\n|turn|17\n|\n|t:|1700632963\n|move|p1a: Typhlosion|Burn Up|p2a: Eiscue\n|-supereffective|p2a: Eiscue\n|-damage|p2a: Eiscue|0 fnt\n|-start|p1a: Typhlosion|typechange|Fire|[from] move: Burn Up\n|faint|p2a: Eiscue\n|\n|upkeep\n|\n|t:|1700632975\n|switch|p2a: Galvantula|Galvantula, M|35\/100 tox\n|-ability|p2a: Galvantula|Unnerve\n|turn|18\n|inactive|shampawn has 120 seconds left.\n|c|\u2606shampawn|What the fuck\n|\n|t:|1700633001\n|move|p1a: Typhlosion|Burn Up|p2a: Galvantula\n|-supereffective|p2a: Galvantula\n|-damage|p2a: Galvantula|0 fnt\n|-start|p1a: Typhlosion|typechange|Fire|[from] move: Burn Up\n|faint|p2a: Galvantula\n|\n|win|Simon C4\n|raw|Simon C4's rating: 1431 &rarr; <strong>1446<\/strong><br \/>(+15 for winning)\n|raw|shampawn's rating: 1340 &rarr; <strong>1325<\/strong><br \/>(-15 for losing)\n|l|\u2606shampawn\n","uploadtime":1700633022,"views":0,"p1id":"simonc4","p2id":"shampawn","formatid":"gen9nationaldex","rating":1325,"private":0,"password":""}