{"id":"gen9nationaldex-1996714059","p1":"DeeigoMon","p2":"KotaMon","format":"[Gen 9] National Dex","log":"|html|<div class=\"broadcast-blue\"><strong>[Gen 9] National Dex is currently suspecting Sneasler! For information on how to participate check out the <a href=\"https:\/\/www.smogon.com\/forums\/threads\/sv-national-dex-suspect-8-just-dance.3731534\/\">suspect thread<\/a>.<\/strong><\/div>\n|j|\u2606DeeigoMon\n|j|\u2606KotaMon\n|t:|1700713363\n|gametype|singles\n|player|p1|DeeigoMon|hilda|\n|player|p2|KotaMon|palmer|\n|teamsize|p1|6\n|teamsize|p2|6\n|gen|9\n|tier|[Gen 9] National Dex\n|rule|HP Percentage Mod: HP is shown in percentages\n|rule|Endless Battle Clause: Forcing endless battles is banned\n|rule|OHKO Clause: OHKO moves are banned\n|rule|Evasion Clause: Evasion abilities, items, and moves are banned\n|rule|Evasion Abilities Clause: Evasion abilities are banned\n|rule|Evasion Items Clause: Evasion items are banned\n|rule|Evasion Moves Clause: Evasion moves are banned\n|rule|Species Clause: Limit one of each Pok\u00e9mon\n|rule|Sleep Clause Mod: Limit one foe put to sleep\n|clearpoke\n|poke|p1|Metagross|\n|poke|p1|Pawmot, F|\n|poke|p1|Dragonite, F|\n|poke|p1|Gardevoir, F|\n|poke|p1|Snorlax, F|\n|poke|p1|Victini|\n|poke|p2|Hoopa-Unbound|\n|poke|p2|Gardevoir, F|\n|poke|p2|Greninja-*, M|\n|poke|p2|Dragonite, M|\n|poke|p2|Gyarados, M|\n|poke|p2|Snorlax, F|\n|teampreview\n|\n|t:|1700713368\n|start\n|switch|p1a: Pimpnite|Dragonite, F, shiny|100\/100\n|switch|p2a: Gardevoir|Gardevoir, F, shiny|100\/100\n|turn|1\n|\n|t:|1700713377\n|detailschange|p2a: Gardevoir|Gardevoir-Mega, F, shiny\n|-mega|p2a: Gardevoir|Gardevoir|Gardevoirite\n|-terastallize|p1a: Pimpnite|Fairy\n|move|p2a: Gardevoir|Draining Kiss|p1a: Pimpnite\n|-damage|p1a: Pimpnite|92\/100\n|move|p1a: Pimpnite|Substitute|p1a: Pimpnite\n|-start|p1a: Pimpnite|Substitute\n|-damage|p1a: Pimpnite|68\/100\n|\n|-heal|p1a: Pimpnite|74\/100|[from] item: Leftovers\n|upkeep\n|turn|2\n|\n|t:|1700713392\n|move|p2a: Gardevoir|Draining Kiss|p1a: Pimpnite\n|-activate|p1a: Pimpnite|move: Substitute|[damage]\n|move|p1a: Pimpnite|Toxic|p2a: Gardevoir\n|-status|p2a: Gardevoir|tox\n|\n|-heal|p1a: Pimpnite|80\/100|[from] item: Leftovers\n|-damage|p2a: Gardevoir|94\/100 tox|[from] psn\n|upkeep\n|turn|3\n|\n|t:|1700713403\n|move|p2a: Gardevoir|Shadow Ball|p1a: Pimpnite\n|-end|p1a: Pimpnite|Substitute\n|move|p1a: Pimpnite|Fly||[still]\n|-prepare|p1a: Pimpnite|Fly\n|\n|-heal|p1a: Pimpnite|86\/100|[from] item: Leftovers\n|-damage|p2a: Gardevoir|82\/100 tox|[from] psn\n|upkeep\n|turn|4\n|\n|t:|1700713412\n|move|p2a: Gardevoir|Shadow Ball|p1a: Pimpnite|[miss]\n|-miss|p2a: Gardevoir|p1a: Pimpnite\n|move|p1a: Pimpnite|Fly|p2a: Gardevoir|[from]lockedmove\n|-damage|p2a: Gardevoir|32\/100 tox\n|\n|-heal|p1a: Pimpnite|92\/100|[from] item: Leftovers\n|-damage|p2a: Gardevoir|14\/100 tox|[from] psn\n|upkeep\n|turn|5\n|\n|t:|1700713426\n|switch|p2a: Hoopa|Hoopa-Unbound|100\/100\n|move|p1a: Pimpnite|Fly||[still]\n|-prepare|p1a: Pimpnite|Fly\n|\n|-heal|p1a: Pimpnite|99\/100|[from] item: Leftovers\n|upkeep\n|turn|6\n|\n|t:|1700713435\n|move|p2a: Hoopa|Protect|p2a: Hoopa\n|-singleturn|p2a: Hoopa|Protect\n|move|p1a: Pimpnite|Fly|p2a: Hoopa|[from]lockedmove\n|-activate|p2a: Hoopa|move: Protect\n|\n|-heal|p1a: Pimpnite|100\/100|[from] item: Leftovers\n|upkeep\n|turn|7\n|\n|t:|1700713447\n|-terastallize|p2a: Hoopa|Fairy\n|move|p2a: Hoopa|Fire Punch|p1a: Pimpnite\n|-damage|p1a: Pimpnite|88\/100\n|move|p1a: Pimpnite|Substitute|p1a: Pimpnite\n|-start|p1a: Pimpnite|Substitute\n|-damage|p1a: Pimpnite|63\/100\n|\n|-heal|p1a: Pimpnite|69\/100|[from] item: Leftovers\n|upkeep\n|turn|8\n|\n|t:|1700713461\n|move|p2a: Hoopa|Protect|p2a: Hoopa\n|-singleturn|p2a: Hoopa|Protect\n|move|p1a: Pimpnite|Toxic|p2a: Hoopa\n|-activate|p2a: Hoopa|move: Protect\n|\n|-heal|p1a: Pimpnite|76\/100|[from] item: Leftovers\n|upkeep\n|turn|9\n|\n|t:|1700713470\n|move|p2a: Hoopa|Protect|p2a: Hoopa\n|-singleturn|p2a: Hoopa|Protect\n|move|p1a: Pimpnite|Toxic|p2a: Hoopa\n|-activate|p2a: Hoopa|move: Protect\n|\n|-heal|p1a: Pimpnite|82\/100|[from] item: Leftovers\n|upkeep\n|turn|10\n|\n|t:|1700713479\n|move|p2a: Hoopa|Light Screen|p2a: Hoopa\n|-sidestart|p2: KotaMon|move: Light Screen\n|move|p1a: Pimpnite|Toxic|p2a: Hoopa\n|-status|p2a: Hoopa|tox\n|\n|-heal|p1a: Pimpnite|88\/100|[from] item: Leftovers\n|-damage|p2a: Hoopa|94\/100 tox|[from] psn\n|upkeep\n|turn|11\n|\n|t:|1700713488\n|move|p2a: Hoopa|Shadow Ball|p1a: Pimpnite\n|-activate|p1a: Pimpnite|move: Substitute|[damage]\n|move|p1a: Pimpnite|Fly||[still]\n|-prepare|p1a: Pimpnite|Fly\n|\n|-heal|p1a: Pimpnite|94\/100|[from] item: Leftovers\n|-damage|p2a: Hoopa|82\/100 tox|[from] psn\n|upkeep\n|turn|12\n|\n|t:|1700713497\n|move|p2a: Hoopa|Protect|p2a: Hoopa\n|-singleturn|p2a: Hoopa|Protect\n|move|p1a: Pimpnite|Fly|p2a: Hoopa|[from]lockedmove\n|-activate|p2a: Hoopa|move: Protect\n|\n|-heal|p1a: Pimpnite|100\/100|[from] item: Leftovers\n|-damage|p2a: Hoopa|64\/100 tox|[from] psn\n|upkeep\n|turn|13\n|\n|t:|1700713524\n|move|p2a: Hoopa|Shadow Ball|p1a: Pimpnite\n|-end|p1a: Pimpnite|Substitute\n|move|p1a: Pimpnite|Fly||[still]\n|-prepare|p1a: Pimpnite|Fly\n|\n|-damage|p2a: Hoopa|40\/100 tox|[from] psn\n|upkeep\n|turn|14\n|\n|t:|1700713532\n|move|p2a: Hoopa|Protect|p2a: Hoopa\n|-singleturn|p2a: Hoopa|Protect\n|move|p1a: Pimpnite|Fly|p2a: Hoopa|[from]lockedmove\n|-activate|p2a: Hoopa|move: Protect\n|\n|-damage|p2a: Hoopa|10\/100 tox|[from] psn\n|-sideend|p2: KotaMon|move: Light Screen\n|upkeep\n|turn|15\n|\n|t:|1700713541\n|move|p2a: Hoopa|Shadow Ball|p1a: Pimpnite\n|-damage|p1a: Pimpnite|91\/100\n|move|p1a: Pimpnite|Substitute|p1a: Pimpnite\n|-start|p1a: Pimpnite|Substitute\n|-damage|p1a: Pimpnite|66\/100\n|\n|-heal|p1a: Pimpnite|73\/100|[from] item: Leftovers\n|-damage|p2a: Hoopa|0 fnt|[from] psn\n|faint|p2a: Hoopa\n|upkeep\n|\n|t:|1700713556\n|switch|p2a: Dragonite|Dragonite, M, shiny|100\/100\n|turn|16\n|\n|t:|1700713567\n|-zpower|p2a: Dragonite\n|move|p2a: Dragonite|Devastating Drake|p1a: Pimpnite|[zeffect]\n|-immune|p1a: Pimpnite\n|move|p1a: Pimpnite|Toxic|p2a: Dragonite|[miss]\n|-miss|p1a: Pimpnite|p2a: Dragonite\n|\n|-heal|p1a: Pimpnite|79\/100|[from] item: Leftovers\n|upkeep\n|turn|17\n|inactive|Battle timer is ON: inactive players will automatically lose when time's up. (requested by KotaMon)\n|inactiveoff|Battle timer is now OFF.\n|\n|t:|1700713579\n|move|p2a: Dragonite|Dragon Breath|p1a: Pimpnite\n|-immune|p1a: Pimpnite\n|move|p1a: Pimpnite|Toxic|p2a: Dragonite\n|-status|p2a: Dragonite|tox\n|\n|-heal|p1a: Pimpnite|85\/100|[from] item: Leftovers\n|-damage|p2a: Dragonite|94\/100 tox|[from] psn\n|upkeep\n|turn|18\n|\n|t:|1700713590\n|move|p2a: Dragonite|Giga Impact|p1a: Pimpnite\n|-end|p1a: Pimpnite|Substitute\n|-mustrecharge|p2a: Dragonite\n|move|p1a: Pimpnite|Fly||[still]\n|-prepare|p1a: Pimpnite|Fly\n|\n|-heal|p1a: Pimpnite|91\/100|[from] item: Leftovers\n|-damage|p2a: Dragonite|82\/100 tox|[from] psn\n|upkeep\n|turn|19\n|\n|t:|1700713604\n|cant|p2a: Dragonite|recharge\n|move|p1a: Pimpnite|Fly|p2a: Dragonite|[from]lockedmove\n|-damage|p2a: Dragonite|44\/100 tox\n|\n|-heal|p1a: Pimpnite|97\/100|[from] item: Leftovers\n|-damage|p2a: Dragonite|26\/100 tox|[from] psn\n|upkeep\n|turn|20\n|\n|t:|1700713613\n|move|p2a: Dragonite|Dragon Rage|p1a: Pimpnite\n|-immune|p1a: Pimpnite\n|move|p1a: Pimpnite|Fly||[still]\n|-prepare|p1a: Pimpnite|Fly\n|\n|-heal|p1a: Pimpnite|100\/100|[from] item: Leftovers\n|-damage|p2a: Dragonite|1\/100 tox|[from] psn\n|upkeep\n|turn|21\n|\n|t:|1700713625\n|switch|p2a: Snorlax|Snorlax, F, shiny|100\/100\n|move|p1a: Pimpnite|Fly|p2a: Snorlax|[from]lockedmove\n|-damage|p2a: Snorlax|67\/100\n|\n|upkeep\n|turn|22\n|\n|t:|1700713638\n|move|p1a: Pimpnite|Roost||[still]\n|-fail|p1a: Pimpnite|heal\n|move|p2a: Snorlax|Giga Impact|p1a: Pimpnite\n|-damage|p1a: Pimpnite|72\/100\n|-mustrecharge|p2a: Snorlax\n|\n|-heal|p1a: Pimpnite|78\/100|[from] item: Leftovers\n|upkeep\n|turn|23\n|\n|t:|1700713649\n|move|p1a: Pimpnite|Toxic|p2a: Snorlax\n|-immune|p2a: Snorlax|[from] ability: Immunity\n|cant|p2a: Snorlax|recharge\n|\n|-heal|p1a: Pimpnite|84\/100|[from] item: Leftovers\n|upkeep\n|turn|24\n|\n|t:|1700713658\n|move|p1a: Pimpnite|Substitute|p1a: Pimpnite\n|-start|p1a: Pimpnite|Substitute\n|-damage|p1a: Pimpnite|60\/100\n|move|p2a: Snorlax|Mega Kick|p1a: Pimpnite|[miss]\n|-miss|p2a: Snorlax|p1a: Pimpnite\n|\n|-heal|p1a: Pimpnite|66\/100|[from] item: Leftovers\n|upkeep\n|turn|25\n|\n|t:|1700713670\n|move|p1a: Pimpnite|Fly||[still]\n|-prepare|p1a: Pimpnite|Fly\n|move|p2a: Snorlax|Mega Kick|p1a: Pimpnite|[miss]\n|-miss|p2a: Snorlax|p1a: Pimpnite\n|\n|-heal|p1a: Pimpnite|72\/100|[from] item: Leftovers\n|upkeep\n|turn|26\n|\n|t:|1700713682\n|move|p1a: Pimpnite|Fly|p2a: Snorlax|[from]lockedmove\n|-damage|p2a: Snorlax|32\/100\n|move|p2a: Snorlax|Iron Head|p1a: Pimpnite\n|-supereffective|p1a: Pimpnite\n|-end|p1a: Pimpnite|Substitute\n|\n|-heal|p1a: Pimpnite|78\/100|[from] item: Leftovers\n|upkeep\n|turn|27\n|\n|t:|1700713695\n|move|p1a: Pimpnite|Fly||[still]\n|-prepare|p1a: Pimpnite|Fly\n|move|p2a: Snorlax|Iron Head|p1a: Pimpnite|[miss]\n|-miss|p2a: Snorlax|p1a: Pimpnite\n|\n|-heal|p1a: Pimpnite|84\/100|[from] item: Leftovers\n|upkeep\n|turn|28\n|\n|t:|1700713702\n|move|p1a: Pimpnite|Fly|p2a: Snorlax|[from]lockedmove\n|-damage|p2a: Snorlax|0 fnt\n|faint|p2a: Snorlax\n|\n|-heal|p1a: Pimpnite|91\/100|[from] item: Leftovers\n|upkeep\n|\n|t:|1700713709\n|switch|p2a: Gyarados|Gyarados, M, shiny|100\/100\n|turn|29\n|\n|t:|1700713714\n|move|p2a: Gyarados|Ice Beam|p1a: Pimpnite\n|-damage|p1a: Pimpnite|82\/100\n|move|p1a: Pimpnite|Substitute|p1a: Pimpnite\n|-start|p1a: Pimpnite|Substitute\n|-damage|p1a: Pimpnite|57\/100\n|\n|-heal|p1a: Pimpnite|63\/100|[from] item: Leftovers\n|upkeep\n|turn|30\n|\n|t:|1700713727\n|move|p2a: Gyarados|Scald|p1a: Pimpnite\n|-crit|p1a: Pimpnite\n|-activate|p1a: Pimpnite|move: Substitute|[damage]\n|move|p1a: Pimpnite|Roost|p1a: Pimpnite\n|-heal|p1a: Pimpnite|100\/100\n|\n|upkeep\n|turn|31\n|\n|t:|1700713735\n|move|p2a: Gyarados|Body Slam|p1a: Pimpnite\n|-end|p1a: Pimpnite|Substitute\n|move|p1a: Pimpnite|Toxic|p2a: Gyarados\n|-status|p2a: Gyarados|tox\n|\n|-damage|p2a: Gyarados|94\/100 tox|[from] psn\n|upkeep\n|turn|32\n|\n|t:|1700713745\n|move|p2a: Gyarados|Hydro Pump|p1a: Pimpnite|[miss]\n|-miss|p2a: Gyarados|p1a: Pimpnite\n|move|p1a: Pimpnite|Fly||[still]\n|-prepare|p1a: Pimpnite|Fly\n|\n|-damage|p2a: Gyarados|82\/100 tox|[from] psn\n|upkeep\n|turn|33\n|\n|t:|1700713755\n|move|p2a: Gyarados|Hydro Pump|p1a: Pimpnite|[miss]\n|-miss|p2a: Gyarados|p1a: Pimpnite\n|move|p1a: Pimpnite|Fly|p2a: Gyarados|[from]lockedmove\n|-damage|p2a: Gyarados|42\/100 tox\n|\n|-damage|p2a: Gyarados|24\/100 tox|[from] psn\n|upkeep\n|turn|34\n|\n|t:|1700713765\n|move|p2a: Gyarados|Body Slam|p1a: Pimpnite\n|-crit|p1a: Pimpnite\n|-damage|p1a: Pimpnite|84\/100\n|-status|p1a: Pimpnite|par\n|move|p1a: Pimpnite|Fly||[still]\n|-prepare|p1a: Pimpnite|Fly\n|\n|-heal|p1a: Pimpnite|90\/100 par|[from] item: Leftovers\n|-damage|p2a: Gyarados|0 fnt|[from] psn\n|faint|p2a: Gyarados\n|upkeep\n|\n|t:|1700713772\n|switch|p2a: Greninja|Greninja, M|100\/100\n|turn|35\n|\n|t:|1700713778\n|move|p2a: Greninja|Protect|p2a: Greninja\n|-singleturn|p2a: Greninja|Protect\n|move|p1a: Pimpnite|Fly|p2a: Greninja|[from]lockedmove\n|-activate|p2a: Greninja|move: Protect\n|\n|-heal|p1a: Pimpnite|96\/100 par|[from] item: Leftovers\n|upkeep\n|turn|36\n|\n|t:|1700713786\n|move|p2a: Greninja|Protect||[still]\n|-fail|p2a: Greninja\n|cant|p1a: Pimpnite|par\n|\n|-heal|p1a: Pimpnite|100\/100 par|[from] item: Leftovers\n|upkeep\n|turn|37\n|\n|t:|1700713794\n|move|p2a: Greninja|Protect|p2a: Greninja\n|-singleturn|p2a: Greninja|Protect\n|move|p1a: Pimpnite|Substitute|p1a: Pimpnite\n|-start|p1a: Pimpnite|Substitute\n|-damage|p1a: Pimpnite|76\/100 par\n|\n|-heal|p1a: Pimpnite|82\/100 par|[from] item: Leftovers\n|upkeep\n|turn|38\n|\n|t:|1700713805\n|move|p2a: Greninja|Ice Beam|p1a: Pimpnite\n|-activate|p1a: Pimpnite|move: Substitute|[damage]\n|move|p1a: Pimpnite|Toxic|p2a: Greninja\n|-status|p2a: Greninja|tox\n|\n|-heal|p1a: Pimpnite|88\/100 par|[from] item: Leftovers\n|-damage|p2a: Greninja|95\/100 tox|[from] psn\n|upkeep\n|turn|39\n|\n|t:|1700713814\n|move|p2a: Greninja|Grass Knot|p1a: Pimpnite\n|-end|p1a: Pimpnite|Substitute\n|move|p1a: Pimpnite|Fly||[still]\n|-prepare|p1a: Pimpnite|Fly\n|\n|-heal|p1a: Pimpnite|94\/100 par|[from] item: Leftovers\n|-damage|p2a: Greninja|83\/100 tox|[from] psn\n|upkeep\n|turn|40\n|\n|t:|1700713823\n|move|p2a: Greninja|Protect|p2a: Greninja\n|-singleturn|p2a: Greninja|Protect\n|cant|p1a: Pimpnite|par\n|\n|-heal|p1a: Pimpnite|100\/100 par|[from] item: Leftovers\n|-damage|p2a: Greninja|65\/100 tox|[from] psn\n|upkeep\n|turn|41\n|\n|t:|1700713833\n|move|p2a: Greninja|Grass Knot|p1a: Pimpnite\n|-damage|p1a: Pimpnite|92\/100 par\n|move|p1a: Pimpnite|Fly||[still]\n|-prepare|p1a: Pimpnite|Fly\n|\n|-heal|p1a: Pimpnite|98\/100 par|[from] item: Leftovers\n|-damage|p2a: Greninja|41\/100 tox|[from] psn\n|upkeep\n|turn|42\n|\n|t:|1700713866\n|move|p2a: Greninja|Protect|p2a: Greninja\n|-singleturn|p2a: Greninja|Protect\n|move|p1a: Pimpnite|Fly|p2a: Greninja|[from]lockedmove\n|-activate|p2a: Greninja|move: Protect\n|\n|-heal|p1a: Pimpnite|100\/100 par|[from] item: Leftovers\n|-damage|p2a: Greninja|11\/100 tox|[from] psn\n|upkeep\n|turn|43\n|\n|t:|1700713876\n|move|p2a: Greninja|Ice Beam|p1a: Pimpnite\n|-damage|p1a: Pimpnite|94\/100 par\n|move|p1a: Pimpnite|Substitute|p1a: Pimpnite\n|-start|p1a: Pimpnite|Substitute\n|-damage|p1a: Pimpnite|69\/100 par\n|\n|-heal|p1a: Pimpnite|76\/100 par|[from] item: Leftovers\n|-damage|p2a: Greninja|0 fnt|[from] psn\n|faint|p2a: Greninja\n|upkeep\n|\n|t:|1700713889\n|switch|p2a: Dragonite|Dragonite, M, shiny|1\/100 tox\n|turn|44\n|\n|t:|1700713896\n|move|p2a: Dragonite|Giga Impact|p1a: Pimpnite\n|-end|p1a: Pimpnite|Substitute\n|-mustrecharge|p2a: Dragonite\n|move|p1a: Pimpnite|Roost|p1a: Pimpnite\n|-heal|p1a: Pimpnite|100\/100 par\n|\n|-damage|p2a: Dragonite|0 fnt|[from] psn\n|faint|p2a: Dragonite\n|upkeep\n|\n|t:|1700713904\n|switch|p2a: Gardevoir|Gardevoir-Mega, F, shiny|14\/100 tox\n|turn|45\n|\n|t:|1700713925\n|move|p2a: Gardevoir|Shadow Ball|p1a: Pimpnite\n|-damage|p1a: Pimpnite|92\/100 par\n|-unboost|p1a: Pimpnite|spd|1\n|move|p1a: Pimpnite|Fly||[still]\n|-prepare|p1a: Pimpnite|Fly\n|\n|-heal|p1a: Pimpnite|98\/100 par|[from] item: Leftovers\n|-damage|p2a: Gardevoir|8\/100 tox|[from] psn\n|upkeep\n|turn|46\n|\n|t:|1700713935\n|move|p2a: Gardevoir|Calm Mind|p2a: Gardevoir\n|-boost|p2a: Gardevoir|spa|1\n|-boost|p2a: Gardevoir|spd|1\n|move|p1a: Pimpnite|Fly|p2a: Gardevoir|[from]lockedmove\n|-damage|p2a: Gardevoir|0 fnt\n|faint|p2a: Gardevoir\n|\n|win|DeeigoMon\n","uploadtime":1700713946,"views":16,"p1id":"deeigomon","p2id":"kotamon","formatid":"gen9nationaldex","rating":0,"private":0,"password":""}