{"id":"gen9nationaldex-1988010095","p1":"mcharixard320","p2":"nerdbrain","format":"[Gen 9] National Dex","log":"|j|\u2606mcharixard320\n|j|\u2606nerdbrain\n|t:|1699658781\n|gametype|singles\n|player|p1|mcharixard320|pokemaniac|1085\n|player|p2|nerdbrain|cynthia-gen4|1165\n|teamsize|p1|6\n|teamsize|p2|6\n|gen|9\n|tier|[Gen 9] National Dex\n|rated|\n|rule|HP Percentage Mod: HP is shown in percentages\n|rule|Endless Battle Clause: Forcing endless battles is banned\n|rule|OHKO Clause: OHKO moves are banned\n|rule|Evasion Clause: Evasion abilities, items, and moves are banned\n|rule|Evasion Abilities Clause: Evasion abilities are banned\n|rule|Evasion Items Clause: Evasion items are banned\n|rule|Evasion Moves Clause: Evasion moves are banned\n|rule|Species Clause: Limit one of each Pok\u00e9mon\n|rule|Sleep Clause Mod: Limit one foe put to sleep\n|clearpoke\n|poke|p1|Krookodile, F|\n|poke|p1|Scrafty, F|\n|poke|p1|Zarude-Dada|\n|poke|p1|Bisharp, F|\n|poke|p1|Hydreigon, M|\n|poke|p1|Gyarados, F|\n|poke|p2|Thundurus-Therian, M|\n|poke|p2|Bisharp, F|\n|poke|p2|Samurott-Hisui, M|\n|poke|p2|Landorus-Therian, M|\n|poke|p2|Ogerpon-Wellspring, F|\n|poke|p2|Sableye, M|\n|teampreview\n|\n|t:|1699658803\n|start\n|switch|p1a: crook|Krookodile, F|100\/100\n|switch|p2a: Samurott|Samurott-Hisui, M|100\/100\n|-ability|p1a: crook|Intimidate|boost\n|-unboost|p2a: Samurott|atk|1\n|turn|1\n|\n|t:|1699658811\n|switch|p1a: Gyattrados|Gyarados, F|100\/100\n|-ability|p1a: Gyattrados|Intimidate|boost\n|-unboost|p2a: Samurott|atk|1\n|move|p2a: Samurott|Aqua Cutter|p1a: Gyattrados\n|-resisted|p1a: Gyattrados\n|-damage|p1a: Gyattrados|85\/100\n|\n|upkeep\n|turn|2\n|\n|t:|1699658823\n|switch|p2a: Landorus|Landorus-Therian, M|100\/100\n|-ability|p2a: Landorus|Intimidate|boost\n|-unboost|p1a: Gyattrados|atk|1\n|detailschange|p1a: Gyattrados|Gyarados-Mega, F\n|-mega|p1a: Gyattrados|Gyarados|Gyaradosite\n|-ability|p1a: Gyattrados|Mold Breaker\n|move|p1a: Gyattrados|Dragon Dance|p1a: Gyattrados\n|-boost|p1a: Gyattrados|atk|1\n|-boost|p1a: Gyattrados|spe|1\n|\n|upkeep\n|turn|3\n|\n|t:|1699658882\n|move|p1a: Gyattrados|Ice Fang|p2a: Landorus\n|-supereffective|p2a: Landorus\n|-damage|p2a: Landorus|0 fnt\n|faint|p2a: Landorus\n|\n|upkeep\n|inactive|Battle timer is ON: inactive players will automatically lose when time's up. (requested by mcharixard320)\n|\n|t:|1699658891\n|switch|p2a: Sableye|Sableye, M|100\/100\n|turn|4\n|\n|t:|1699658895\n|switch|p1a: monke|Zarude-Dada|100\/100\n|move|p2a: Sableye|Will-O-Wisp|p1a: monke\n|-hint|Since gen 7, Dark is immune to Prankster moves.\n|-immune|p1a: monke\n|\n|upkeep\n|turn|5\n|\n|t:|1699658912\n|switch|p1a: gangster|Scrafty, F|100\/100\n|detailschange|p2a: Sableye|Sableye-Mega, M\n|-mega|p2a: Sableye|Sableye|Sablenite\n|move|p2a: Sableye|Will-O-Wisp|p1a: gangster|[miss]\n|-miss|p2a: Sableye|p1a: gangster\n|\n|upkeep\n|turn|6\n|\n|t:|1699658919\n|switch|p1a: hail hydra|Hydreigon, M|100\/100\n|move|p2a: Sableye|Will-O-Wisp|p1a: hail hydra\n|-status|p1a: hail hydra|brn\n|\n|-damage|p1a: hail hydra|94\/100 brn|[from] brn\n|upkeep\n|turn|7\n|\n|t:|1699658945\n|move|p1a: hail hydra|Dark Pulse|p2a: Sableye\n|-damage|p2a: Sableye|74\/100\n|move|p2a: Sableye|Knock Off|p1a: hail hydra\n|-resisted|p1a: hail hydra\n|-damage|p1a: hail hydra|80\/100 brn\n|-enditem|p1a: hail hydra|Leftovers|[from] move: Knock Off|[of] p2a: Sableye\n|\n|-damage|p1a: hail hydra|74\/100 brn|[from] brn\n|upkeep\n|turn|8\n|\n|t:|1699658952\n|switch|p2a: Samurott|Samurott-Hisui, M|100\/100\n|move|p1a: hail hydra|Dark Pulse|p2a: Samurott\n|-resisted|p2a: Samurott\n|-damage|p2a: Samurott|76\/100\n|\n|-damage|p1a: hail hydra|68\/100 brn|[from] brn\n|upkeep\n|turn|9\n|\n|t:|1699658959\n|move|p2a: Samurott|Sacred Sword|p1a: hail hydra\n|-supereffective|p1a: hail hydra\n|-damage|p1a: hail hydra|0 fnt\n|faint|p1a: hail hydra\n|\n|upkeep\n|\n|t:|1699658965\n|switch|p1a: crook|Krookodile, F|100\/100\n|-ability|p1a: crook|Intimidate|boost\n|-unboost|p2a: Samurott|atk|1\n|turn|10\n|\n|t:|1699658980\n|switch|p1a: budget gambit|Bisharp, F|100\/100\n|move|p2a: Samurott|Ceaseless Edge|p1a: budget gambit\n|-resisted|p1a: budget gambit\n|-damage|p1a: budget gambit|80\/100\n|-sidestart|p1: mcharixard320|Spikes\n|\n|upkeep\n|turn|11\n|inactive|nerdbrain has 120 seconds left.\n|\n|t:|1699659014\n|switch|p1a: crook|Krookodile, F|100\/100\n|-damage|p1a: crook|88\/100|[from] Spikes\n|-ability|p1a: crook|Intimidate|boost\n|-unboost|p2a: Samurott|atk|1\n|move|p2a: Samurott|Sacred Sword|p1a: crook\n|-supereffective|p1a: crook\n|-damage|p1a: crook|49\/100\n|\n|-heal|p1a: crook|55\/100|[from] item: Leftovers\n|upkeep\n|turn|12\n|l|\u2606mcharixard320\n|inactive|mcharixard320 disconnected and has a minute to reconnect!\n|player|p1|\n|inactive|mcharixard320 has 30 seconds to reconnect!\n|inactive|mcharixard320 has 20 seconds to reconnect!\n|inactive|mcharixard320 has 15 seconds to reconnect!\n|inactive|mcharixard320 has 10 seconds to reconnect!\n|inactive|mcharixard320 has 5 seconds to reconnect!\n|-message|mcharixard320 lost due to inactivity.\n|\n|win|nerdbrain\n|raw|mcharixard320's rating: 1085 &rarr; <strong>1067<\/strong><br \/>(-18 for losing)\n|raw|nerdbrain's rating: 1165 &rarr; <strong>1184<\/strong><br \/>(+19 for winning)\n|j|\u2606mcharixard320\n|player|p1|mcharixard320|pokemaniac\n","uploadtime":1699659149,"views":4,"p1id":"mcharixard320","p2id":"nerdbrain","formatid":"gen9nationaldex","rating":1067,"private":0,"password":""}