{"id":"gen9nationaldex-2000244895","p1":"adem","p2":"MisterMinion99","format":"[Gen 9] National Dex","log":"|html|<div class=\"broadcast-blue\"><strong>[Gen 9] National Dex is currently suspecting Sneasler! For information on how to participate check out the <a href=\"https:\/\/www.smogon.com\/forums\/threads\/sv-national-dex-suspect-8-just-dance.3731534\/\">suspect thread<\/a>.<\/strong><\/div>\n|j|\u2606adem\n|j|\u2606MisterMinion99\n|t:|1701176922\n|gametype|singles\n|player|p1|adem|#adem|\n|player|p2|MisterMinion99|ingo|\n|teamsize|p1|6\n|teamsize|p2|6\n|gen|9\n|tier|[Gen 9] National Dex\n|rule|HP Percentage Mod: HP is shown in percentages\n|rule|Endless Battle Clause: Forcing endless battles is banned\n|rule|OHKO Clause: OHKO moves are banned\n|rule|Evasion Clause: Evasion abilities, items, and moves are banned\n|rule|Evasion Abilities Clause: Evasion abilities are banned\n|rule|Evasion Items Clause: Evasion items are banned\n|rule|Evasion Moves Clause: Evasion moves are banned\n|rule|Species Clause: Limit one of each Pok\u00e9mon\n|rule|Sleep Clause Mod: Limit one foe put to sleep\n|clearpoke\n|poke|p1|Ursaluna, M|\n|poke|p1|Alomomola, M|\n|poke|p1|Heatran, F|\n|poke|p1|Tornadus-Therian, M|\n|poke|p1|Zamazenta-*|\n|poke|p1|Slowking-Galar, M|\n|poke|p2|Ogerpon-Wellspring, F|\n|poke|p2|Tapu Lele|\n|poke|p2|Heatran, M|\n|poke|p2|Tyranitar, M|\n|poke|p2|Alomomola, M|\n|poke|p2|Moltres|\n|teampreview\n|\n|t:|1701176935\n|start\n|switch|p1a: COULD BE BLUE|Zamazenta|100\/100\n|switch|p2a: Moltres|Moltres|100\/100\n|-ability|p1a: COULD BE BLUE|Dauntless Shield|boost\n|-boost|p1a: COULD BE BLUE|def|1\n|turn|1\n|\n|t:|1701176940\n|move|p1a: COULD BE BLUE|Stone Edge|p2a: Moltres\n|-supereffective|p2a: Moltres\n|-crit|p2a: Moltres\n|-damage|p2a: Moltres|0 fnt\n|faint|p2a: Moltres\n|\n|upkeep\n|c|\u2606adem|u lack a ground type btw\n|c|\u2606MisterMinion99|im aware\n|c|\u2606adem|ok\n|c|\u2606MisterMinion99|ive been tryna figure out what to replace oger with\n|\n|t:|1701176962\n|switch|p2a: Tapu Lele|Tapu Lele|100\/100\n|-fieldstart|move: Psychic Terrain|[from] ability: Psychic Surge|[of] p2a: Tapu Lele\n|turn|2\n|\n|t:|1701176990\n|switch|p1a: WASTE OF TIME|Slowking-Galar, M|100\/100\n|move|p2a: Tapu Lele|Psychic|p1a: WASTE OF TIME\n|-damage|p1a: WASTE OF TIME|63\/100\n|\n|upkeep\n|turn|3\n|\n|t:|1701177002\n|switch|p2a: Tyranitar|Tyranitar, M|100\/100\n|-weather|Sandstorm|[from] ability: Sand Stream|[of] p2a: Tyranitar\n|move|p1a: WASTE OF TIME|Chilly Reception|p1a: WASTE OF TIME\n|-weather|Snow\n|\n|t:|1701177030\n|switch|p1a: STRAWBERRY SWING|Ursaluna, M|100\/100|[from] Chilly Reception\n|\n|-weather|Snow|[upkeep]\n|-status|p1a: STRAWBERRY SWING|brn|[from] item: Flame Orb\n|upkeep\n|turn|4\n|\n|t:|1701177038\n|detailschange|p2a: Tyranitar|Tyranitar-Mega, M\n|-mega|p2a: Tyranitar|Tyranitar|Tyranitarite\n|-weather|Sandstorm|[from] ability: Sand Stream|[of] p2a: Tyranitar\n|move|p2a: Tyranitar|Stone Edge|p1a: STRAWBERRY SWING\n|-resisted|p1a: STRAWBERRY SWING\n|-damage|p1a: STRAWBERRY SWING|78\/100 brn\n|move|p1a: STRAWBERRY SWING|Headlong Rush|p2a: Tyranitar\n|-supereffective|p2a: Tyranitar\n|-damage|p2a: Tyranitar|0 fnt\n|-unboost|p1a: STRAWBERRY SWING|def|1\n|-unboost|p1a: STRAWBERRY SWING|spd|1\n|faint|p2a: Tyranitar\n|\n|-weather|Sandstorm|[upkeep]\n|-damage|p1a: STRAWBERRY SWING|72\/100 brn|[from] brn\n|upkeep\n|\n|t:|1701177055\n|switch|p2a: Tapu Lele|Tapu Lele|100\/100\n|turn|5\n|\n|t:|1701177074\n|switch|p1a: WASTE OF TIME|Slowking-Galar, M|96\/100\n|move|p2a: Tapu Lele|Psyshock|p1a: WASTE OF TIME\n|-damage|p1a: WASTE OF TIME|44\/100\n|\n|-weather|Sandstorm|[upkeep]\n|-damage|p2a: Tapu Lele|94\/100|[from] Sandstorm\n|-damage|p1a: WASTE OF TIME|38\/100|[from] Sandstorm\n|upkeep\n|turn|6\n|\n|t:|1701177095\n|switch|p1a: THE SKY|Alomomola, M|100\/100\n|move|p2a: Tapu Lele|Psyshock|p1a: THE SKY\n|-damage|p1a: THE SKY|69\/100\n|\n|-weather|Sandstorm|[upkeep]\n|-damage|p2a: Tapu Lele|88\/100|[from] Sandstorm\n|-damage|p1a: THE SKY|63\/100|[from] Sandstorm\n|-fieldend|move: Psychic Terrain\n|upkeep\n|turn|7\n|\n|t:|1701177107\n|switch|p2a: Heatran|Heatran, M|100\/100\n|move|p1a: THE SKY|Flip Turn|p2a: Heatran\n|-supereffective|p2a: Heatran\n|-damage|p2a: Heatran|73\/100\n|-damage|p1a: THE SKY|46\/100|[from] item: Rocky Helmet|[of] p2a: Heatran\n|\n|t:|1701177110\n|switch|p1a: STRAWBERRY SWING|Ursaluna, M|72\/100 brn|[from] Flip Turn\n|\n|-weather|Sandstorm|[upkeep]\n|-damage|p1a: STRAWBERRY SWING|66\/100 brn|[from] brn\n|upkeep\n|turn|8\n|\n|t:|1701177113\n|switch|p2a: Alomomola|Alomomola, M|100\/100\n|move|p1a: STRAWBERRY SWING|Headlong Rush|p2a: Alomomola\n|-damage|p2a: Alomomola|49\/100\n|-unboost|p1a: STRAWBERRY SWING|def|1\n|-unboost|p1a: STRAWBERRY SWING|spd|1\n|-damage|p1a: STRAWBERRY SWING|49\/100 brn|[from] item: Rocky Helmet|[of] p2a: Alomomola\n|\n|-weather|none\n|-damage|p1a: STRAWBERRY SWING|43\/100 brn|[from] brn\n|upkeep\n|turn|9\n|c|\u2606adem|rocky helmet is crazy\n|c|\u2606MisterMinion99|fr\n|\n|t:|1701177124\n|move|p2a: Alomomola|Protect|p2a: Alomomola\n|-singleturn|p2a: Alomomola|Protect\n|move|p1a: STRAWBERRY SWING|Facade|p2a: Alomomola\n|-activate|p2a: Alomomola|move: Protect\n|\n|-damage|p1a: STRAWBERRY SWING|37\/100 brn|[from] brn\n|upkeep\n|turn|10\n|\n|t:|1701177127\n|switch|p2a: Heatran|Heatran, M|73\/100\n|move|p1a: STRAWBERRY SWING|Headlong Rush|p2a: Heatran\n|-supereffective|p2a: Heatran\n|-damage|p2a: Heatran|0 fnt\n|-unboost|p1a: STRAWBERRY SWING|def|1\n|-unboost|p1a: STRAWBERRY SWING|spd|1\n|-damage|p1a: STRAWBERRY SWING|20\/100 brn|[from] item: Rocky Helmet|[of] p2a: Heatran\n|faint|p2a: Heatran\n|\n|-damage|p1a: STRAWBERRY SWING|14\/100 brn|[from] brn\n|upkeep\n|\n|t:|1701177132\n|switch|p2a: Ogerpon|Ogerpon-Wellspring, F|100\/100\n|turn|11\n|c|\u2606adem|this guy is so funny\n|\n|t:|1701177138\n|move|p2a: Ogerpon|Ivy Cudgel|p1a: STRAWBERRY SWING|[anim] Ivy Cudgel Water\n|-supereffective|p1a: STRAWBERRY SWING\n|-damage|p1a: STRAWBERRY SWING|0 fnt\n|faint|p1a: STRAWBERRY SWING\n|\n|upkeep\n|\n|t:|1701177143\n|switch|p1a: SPACESHIPS|Tornadus-Therian, M|100\/100\n|turn|12\n|c|\u2606MisterMinion99|i might put him in instead of ttar tbh\n|\n|t:|1701177150\n|switch|p2a: Tapu Lele|Tapu Lele|88\/100\n|-fieldstart|move: Psychic Terrain|[from] ability: Psychic Surge|[of] p2a: Tapu Lele\n|-zpower|p1a: SPACESHIPS\n|move|p1a: SPACESHIPS|Supersonic Skystrike|p2a: Tapu Lele|[zeffect]\n|-damage|p2a: Tapu Lele|1\/100\n|\n|upkeep\n|turn|13\n|c|\u2606adem|insane\n|\n|t:|1701177161\n|switch|p1a: WASTE OF TIME|Slowking-Galar, M|72\/100\n|move|p2a: Tapu Lele|Psychic|p1a: WASTE OF TIME\n|-damage|p1a: WASTE OF TIME|34\/100\n|\n|upkeep\n|turn|14\n|\n|t:|1701177175\n|switch|p1a: GOOD TIMES|Heatran, F|100\/100\n|move|p2a: Tapu Lele|Psychic|p1a: GOOD TIMES\n|-resisted|p1a: GOOD TIMES\n|-damage|p1a: GOOD TIMES|81\/100\n|\n|-heal|p1a: GOOD TIMES|87\/100|[from] item: Leftovers\n|upkeep\n|turn|15\n|\n|t:|1701177187\n|switch|p2a: Alomomola|Alomomola, M|83\/100\n|move|p1a: GOOD TIMES|Stealth Rock|p2a: Alomomola\n|-sidestart|p2: MisterMinion99|move: Stealth Rock\n|\n|-heal|p1a: GOOD TIMES|93\/100|[from] item: Leftovers\n|upkeep\n|turn|16\n|\n|t:|1701177195\n|switch|p1a: SPACESHIPS|Tornadus-Therian, M|100\/100\n|move|p2a: Alomomola|Wish|p2a: Alomomola\n|\n|-fieldend|move: Psychic Terrain\n|upkeep\n|turn|17\n|\n|t:|1701177204\n|move|p1a: SPACESHIPS|Nasty Plot|p1a: SPACESHIPS\n|-boost|p1a: SPACESHIPS|spa|2\n|move|p2a: Alomomola|Toxic|p1a: SPACESHIPS\n|-status|p1a: SPACESHIPS|tox\n|\n|-heal|p2a: Alomomola|100\/100|[from] move: Wish|[wisher] Alomomola\n|-damage|p1a: SPACESHIPS|94\/100 tox|[from] psn\n|upkeep\n|turn|18\n|\n|t:|1701177209\n|move|p1a: SPACESHIPS|Hurricane|p2a: Alomomola\n|-damage|p2a: Alomomola|0 fnt\n|faint|p2a: Alomomola\n|\n|-damage|p1a: SPACESHIPS|82\/100 tox|[from] psn\n|upkeep\n|\n|t:|1701177214\n|switch|p2a: Ogerpon|Ogerpon-Wellspring, F|100\/100\n|-damage|p2a: Ogerpon|88\/100|[from] Stealth Rock\n|turn|19\n|\n|t:|1701177228\n|-terastallize|p2a: Ogerpon|Water\n|detailschange|p2a: Ogerpon|Ogerpon-Wellspring-Tera, F, tera:Water\n|-ability|p2a: Ogerpon|Embody Aspect (Wellspring)|boost\n|-boost|p2a: Ogerpon|spd|1\n|move|p1a: SPACESHIPS|Hurricane|p2a: Ogerpon\n|-damage|p2a: Ogerpon|13\/100\n|move|p2a: Ogerpon|Ivy Cudgel|p1a: SPACESHIPS|[anim] Ivy Cudgel Water\n|-damage|p1a: SPACESHIPS|0 fnt\n|faint|p1a: SPACESHIPS\n|\n|upkeep\n|c|\u2606adem|of course it eats\n|c|\u2606adem|why wouldnt it\n|\n|t:|1701177240\n|switch|p1a: COULD BE BLUE|Zamazenta|100\/100\n|turn|20\n|c|\u2606MisterMinion99|1.5x spdef is great\n|c|\u2606adem|gg\n|c|\u2606adem|broken mon\n|\n|t:|1701177246\n|move|p1a: COULD BE BLUE|Close Combat|p2a: Ogerpon\n|-damage|p2a: Ogerpon|0 fnt\n|-unboost|p1a: COULD BE BLUE|def|1\n|-unboost|p1a: COULD BE BLUE|spd|1\n|faint|p2a: Ogerpon\n|\n|upkeep\n|\n|t:|1701177248\n|switch|p2a: Tapu Lele|Tapu Lele|1\/100\n|-damage|p2a: Tapu Lele|0 fnt|[from] Stealth Rock\n|faint|p2a: Tapu Lele\n|\n|win|adem\n","uploadtime":1701177252,"views":4,"p1id":"adem","p2id":"misterminion99","formatid":"gen9nationaldex","rating":0,"private":0,"password":""}