{"id":"gen9nationaldex-1990719740","p1":"Ekkogandr","p2":"AesirEcho","format":"[Gen 9] National Dex","log":"|j|\u2606Ekkogandr\n|j|\u2606AesirEcho\n|t:|1699994593\n|gametype|singles\n|player|p1|Ekkogandr|turo-ai|\n|player|p2|AesirEcho|ethan-masters|\n|teamsize|p1|6\n|teamsize|p2|6\n|gen|9\n|tier|[Gen 9] National Dex\n|rule|HP Percentage Mod: HP is shown in percentages\n|rule|Endless Battle Clause: Forcing endless battles is banned\n|rule|OHKO Clause: OHKO moves are banned\n|rule|Evasion Clause: Evasion abilities, items, and moves are banned\n|rule|Evasion Abilities Clause: Evasion abilities are banned\n|rule|Evasion Items Clause: Evasion items are banned\n|rule|Evasion Moves Clause: Evasion moves are banned\n|rule|Species Clause: Limit one of each Pok\u00e9mon\n|rule|Sleep Clause Mod: Limit one foe put to sleep\n|clearpoke\n|poke|p1|Keldeo-Resolute|\n|poke|p1|Tapu Koko|\n|poke|p1|Iron Treads|\n|poke|p1|Enamorus, F|\n|poke|p1|Sneasler, M|\n|poke|p1|Gyarados, M|\n|poke|p2|Great Tusk|\n|poke|p2|Charizard, M|\n|poke|p2|Ogerpon-Wellspring, F|\n|poke|p2|Iron Moth|\n|poke|p2|Rotom-Wash|\n|poke|p2|Ting-Lu|\n|teampreview\n|\n|t:|1699994611\n|start\n|switch|p1a: Enamorus|Enamorus, F|100\/100\n|switch|p2a: Ting-Lu|Ting-Lu|100\/100\n|-ability|p2a: Ting-Lu|Vessel of Ruin\n|turn|1\n|\n|t:|1699994616\n|move|p1a: Enamorus|Moonblast|p2a: Ting-Lu\n|-supereffective|p2a: Ting-Lu\n|-damage|p2a: Ting-Lu|55\/100\n|move|p2a: Ting-Lu|Stealth Rock|p1a: Enamorus\n|-sidestart|p1: Ekkogandr|move: Stealth Rock\n|\n|-heal|p2a: Ting-Lu|61\/100|[from] item: Leftovers\n|upkeep\n|turn|2\n|\n|t:|1699994623\n|move|p1a: Enamorus|Moonblast|p2a: Ting-Lu\n|-supereffective|p2a: Ting-Lu\n|-damage|p2a: Ting-Lu|16\/100\n|move|p2a: Ting-Lu|Whirlwind|p1a: Enamorus\n|drag|p1a: Sneasler|Sneasler, M|100\/100\n|-damage|p1a: Sneasler|95\/100|[from] Stealth Rock\n|\n|-heal|p2a: Ting-Lu|22\/100|[from] item: Leftovers\n|upkeep\n|turn|3\n|\n|t:|1699994637\n|switch|p1a: Iron Treads|Iron Treads|100\/100\n|-damage|p1a: Iron Treads|98\/100|[from] Stealth Rock\n|-enditem|p1a: Iron Treads|Booster Energy\n|-activate|p1a: Iron Treads|ability: Quark Drive|[fromitem]\n|-start|p1a: Iron Treads|quarkdrivespe\n|move|p2a: Ting-Lu|Whirlwind|p1a: Iron Treads\n|-end|p1a: Iron Treads|Quark Drive|[silent]\n|drag|p1a: Keldeo|Keldeo-Resolute|100\/100\n|-damage|p1a: Keldeo|94\/100|[from] Stealth Rock\n|\n|-heal|p2a: Ting-Lu|29\/100|[from] item: Leftovers\n|upkeep\n|turn|4\n|\n|t:|1699994646\n|move|p1a: Keldeo|Secret Sword|p2a: Ting-Lu\n|-supereffective|p2a: Ting-Lu\n|-damage|p2a: Ting-Lu|0 fnt\n|faint|p2a: Ting-Lu\n|-damage|p1a: Keldeo|84\/100|[from] item: Life Orb\n|\n|upkeep\n|\n|t:|1699994652\n|switch|p2a: Charizard|Charizard, M|100\/100\n|turn|5\n|\n|t:|1699994663\n|switch|p1a: Iron Treads|Iron Treads|98\/100\n|-damage|p1a: Iron Treads|95\/100|[from] Stealth Rock\n|detailschange|p2a: Charizard|Charizard-Mega-Y, M\n|-mega|p2a: Charizard|Charizard|Charizardite Y\n|-weather|SunnyDay|[from] ability: Drought|[of] p2a: Charizard\n|move|p2a: Charizard|Solar Beam||[still]\n|-prepare|p2a: Charizard|Solar Beam\n|-anim|p2a: Charizard|Solar Beam|p1a: Iron Treads\n|-damage|p1a: Iron Treads|26\/100\n|\n|-weather|SunnyDay|[upkeep]\n|upkeep\n|turn|6\n|\n|t:|1699994679\n|move|p1a: Iron Treads|Rapid Spin|p2a: Charizard\n|-damage|p2a: Charizard|82\/100\n|-boost|p1a: Iron Treads|spe|1\n|-sideend|p1: Ekkogandr|Stealth Rock|[from] move: Rapid Spin|[of] p1a: Iron Treads\n|move|p2a: Charizard|Weather Ball|p1a: Iron Treads\n|-supereffective|p1a: Iron Treads\n|-damage|p1a: Iron Treads|0 fnt\n|faint|p1a: Iron Treads\n|-end|p1a: Iron Treads|Quark Drive|[silent]\n|\n|-weather|SunnyDay|[upkeep]\n|upkeep\n|\n|t:|1699994688\n|switch|p1a: Tapu Koko|Tapu Koko|100\/100\n|-fieldstart|move: Electric Terrain|[from] ability: Electric Surge|[of] p1a: Tapu Koko\n|turn|7\n|\n|t:|1699994696\n|move|p1a: Tapu Koko|Light Screen|p1a: Tapu Koko\n|-sidestart|p1: Ekkogandr|move: Light Screen\n|move|p2a: Charizard|Scorching Sands|p1a: Tapu Koko\n|-supereffective|p1a: Tapu Koko\n|-damage|p1a: Tapu Koko|67\/100\n|\n|-weather|SunnyDay|[upkeep]\n|upkeep\n|turn|8\n|\n|t:|1699994703\n|move|p1a: Tapu Koko|Reflect|p1a: Tapu Koko\n|-sidestart|p1: Ekkogandr|Reflect\n|move|p2a: Charizard|Scorching Sands|p1a: Tapu Koko\n|-supereffective|p1a: Tapu Koko\n|-damage|p1a: Tapu Koko|34\/100\n|\n|-weather|SunnyDay|[upkeep]\n|upkeep\n|turn|9\n|\n|t:|1699994708\n|move|p1a: Tapu Koko|U-turn|p2a: Charizard\n|-resisted|p2a: Charizard\n|-crit|p2a: Charizard\n|-damage|p2a: Charizard|72\/100\n|\n|t:|1699994713\n|switch|p1a: Enamorus|Enamorus, F|100\/100|[from] U-turn\n|move|p2a: Charizard|Weather Ball|p1a: Enamorus\n|-damage|p1a: Enamorus|38\/100\n|\n|-weather|none\n|upkeep\n|turn|10\n|\n|t:|1699994722\n|move|p1a: Enamorus|Moonblast|p2a: Charizard\n|-resisted|p2a: Charizard\n|-damage|p2a: Charizard|48\/100\n|move|p2a: Charizard|Weather Ball|p1a: Enamorus\n|-damage|p1a: Enamorus|24\/100\n|\n|upkeep\n|turn|11\n|\n|t:|1699994728\n|switch|p1a: Keldeo|Keldeo-Resolute|84\/100\n|move|p2a: Charizard|Roost|p2a: Charizard\n|-heal|p2a: Charizard|98\/100\n|-singleturn|p2a: Charizard|move: Roost\n|\n|-fieldend|move: Electric Terrain\n|upkeep\n|turn|12\n|\n|t:|1699994736\n|switch|p1a: Tapu Koko|Tapu Koko|34\/100\n|-fieldstart|move: Electric Terrain|[from] ability: Electric Surge|[of] p1a: Tapu Koko\n|switch|p2a: Iron Moth|Iron Moth|100\/100\n|-activate|p2a: Iron Moth|ability: Quark Drive\n|-start|p2a: Iron Moth|quarkdrivespa\n|\n|upkeep\n|turn|13\n|\n|t:|1699994743\n|move|p1a: Tapu Koko|U-turn|p2a: Iron Moth\n|-resisted|p2a: Iron Moth\n|-damage|p2a: Iron Moth|93\/100\n|\n|t:|1699994747\n|switch|p1a: Keldeo|Keldeo-Resolute|84\/100|[from] U-turn\n|move|p2a: Iron Moth|Sludge Wave|p1a: Keldeo\n|-damage|p1a: Keldeo|48\/100\n|\n|upkeep\n|turn|14\n|\n|t:|1699994755\n|-terastallize|p1a: Keldeo|Electric\n|move|p2a: Iron Moth|U-turn|p1a: Keldeo\n|-damage|p1a: Keldeo|41\/100\n|\n|t:|1699994760\n|-end|p2a: Iron Moth|Quark Drive|[silent]\n|switch|p2a: Charizard|Charizard-Mega-Y, M|98\/100|[from] U-turn\n|-weather|SunnyDay|[from] ability: Drought|[of] p2a: Charizard\n|move|p1a: Keldeo|Calm Mind|p1a: Keldeo\n|-boost|p1a: Keldeo|spa|1\n|-boost|p1a: Keldeo|spd|1\n|\n|-weather|SunnyDay|[upkeep]\n|-sideend|p1: Ekkogandr|move: Light Screen\n|upkeep\n|turn|15\n|\n|t:|1699994766\n|move|p1a: Keldeo|Hidden Power|p2a: Charizard\n|-supereffective|p2a: Charizard\n|-damage|p2a: Charizard|0 fnt\n|faint|p2a: Charizard\n|-damage|p1a: Keldeo|31\/100|[from] item: Life Orb\n|\n|-weather|SunnyDay|[upkeep]\n|-sideend|p1: Ekkogandr|Reflect\n|upkeep\n|\n|t:|1699994771\n|switch|p2a: Iron Moth|Iron Moth|93\/100\n|-activate|p2a: Iron Moth|ability: Quark Drive\n|-start|p2a: Iron Moth|quarkdrivespa\n|turn|16\n|\n|t:|1699994775\n|move|p2a: Iron Moth|Sludge Wave|p1a: Keldeo\n|-damage|p1a: Keldeo|0 fnt\n|faint|p1a: Keldeo\n|\n|-weather|SunnyDay|[upkeep]\n|-fieldend|move: Electric Terrain\n|-end|p2a: Iron Moth|Quark Drive\n|upkeep\n|\n|t:|1699994780\n|switch|p1a: Tapu Koko|Tapu Koko|34\/100\n|-fieldstart|move: Electric Terrain|[from] ability: Electric Surge|[of] p1a: Tapu Koko\n|-activate|p2a: Iron Moth|ability: Quark Drive\n|-start|p2a: Iron Moth|quarkdrivespa\n|turn|17\n|\n|t:|1699994784\n|move|p1a: Tapu Koko|Light Screen|p1a: Tapu Koko\n|-sidestart|p1: Ekkogandr|move: Light Screen\n|move|p2a: Iron Moth|Sludge Wave|p1a: Tapu Koko\n|-supereffective|p1a: Tapu Koko\n|-damage|p1a: Tapu Koko|0 fnt\n|faint|p1a: Tapu Koko\n|\n|-weather|SunnyDay|[upkeep]\n|upkeep\n|\n|t:|1699994788\n|switch|p1a: Sneasler|Sneasler, M|95\/100\n|-enditem|p1a: Sneasler|Electric Seed\n|-boost|p1a: Sneasler|def|1|[from] item: Electric Seed\n|turn|18\n|\n|t:|1699994799\n|move|p1a: Sneasler|Swords Dance|p1a: Sneasler\n|-boost|p1a: Sneasler|atk|2\n|move|p2a: Iron Moth|U-turn|p1a: Sneasler\n|-resisted|p1a: Sneasler\n|-damage|p1a: Sneasler|92\/100\n|\n|t:|1699994804\n|-end|p2a: Iron Moth|Quark Drive|[silent]\n|switch|p2a: Great Tusk|Great Tusk|100\/100|[from] U-turn\n|-activate|p2a: Great Tusk|ability: Protosynthesis\n|-start|p2a: Great Tusk|protosynthesisspe\n|\n|-weather|none\n|-end|p2a: Great Tusk|Protosynthesis\n|upkeep\n|turn|19\n|\n|t:|1699994814\n|move|p1a: Sneasler|Acrobatics|p2a: Great Tusk\n|-supereffective|p2a: Great Tusk\n|-damage|p2a: Great Tusk|1\/100\n|move|p2a: Great Tusk|Earthquake|p1a: Sneasler\n|-supereffective|p1a: Sneasler\n|-damage|p1a: Sneasler|0 fnt\n|faint|p1a: Sneasler\n|\n|upkeep\n|\n|t:|1699994820\n|switch|p1a: Enamorus|Enamorus, F|24\/100\n|turn|20\n|\n|t:|1699994824\n|move|p1a: Enamorus|Moonblast|p2a: Great Tusk\n|-supereffective|p2a: Great Tusk\n|-damage|p2a: Great Tusk|0 fnt\n|faint|p2a: Great Tusk\n|-end|p2a: Great Tusk|Protosynthesis|[silent]\n|\n|upkeep\n|\n|t:|1699994828\n|switch|p2a: Iron Moth|Iron Moth|93\/100\n|-activate|p2a: Iron Moth|ability: Quark Drive\n|-start|p2a: Iron Moth|quarkdrivespa\n|turn|21\n|\n|t:|1699994833\n|move|p1a: Enamorus|Moonblast|p2a: Iron Moth\n|-resisted|p2a: Iron Moth\n|-damage|p2a: Iron Moth|79\/100\n|-unboost|p2a: Iron Moth|spa|1\n|move|p2a: Iron Moth|Sludge Wave|p1a: Enamorus\n|-supereffective|p1a: Enamorus\n|-damage|p1a: Enamorus|0 fnt\n|faint|p1a: Enamorus\n|\n|-fieldend|move: Electric Terrain\n|-end|p2a: Iron Moth|Quark Drive\n|upkeep\n|\n|t:|1699994836\n|switch|p1a: Gyarados|Gyarados, M|100\/100\n|-ability|p1a: Gyarados|Intimidate|boost\n|-unboost|p2a: Iron Moth|atk|1\n|turn|22\n|\n|t:|1699994848\n|move|p2a: Iron Moth|Energy Ball|p1a: Gyarados\n|-damage|p1a: Gyarados|89\/100\n|move|p1a: Gyarados|Earthquake|p2a: Iron Moth\n|-supereffective|p2a: Iron Moth\n|-damage|p2a: Iron Moth|0 fnt\n|faint|p2a: Iron Moth\n|-end|p2a: Iron Moth|Quark Drive|[silent]\n|\n|upkeep\n|\n|t:|1699994853\n|switch|p2a: Rotom|Rotom-Wash|100\/100\n|turn|23\n|\n|t:|1699994863\n|detailschange|p1a: Gyarados|Gyarados-Mega, M\n|-mega|p1a: Gyarados|Gyarados|Gyaradosite\n|-ability|p1a: Gyarados|Mold Breaker\n|move|p1a: Gyarados|Substitute|p1a: Gyarados\n|-start|p1a: Gyarados|Substitute\n|-damage|p1a: Gyarados|65\/100\n|move|p2a: Rotom|Will-O-Wisp||[still]\n|-fail|p2a: Rotom\n|\n|upkeep\n|turn|24\n|\n|t:|1699994871\n|move|p1a: Gyarados|Dragon Dance|p1a: Gyarados\n|-boost|p1a: Gyarados|atk|1\n|-boost|p1a: Gyarados|spe|1\n|move|p2a: Rotom|Volt Switch|p1a: Gyarados\n|-supereffective|p1a: Gyarados\n|-activate|p1a: Gyarados|move: Substitute|[damage]\n|\n|t:|1699994878\n|switch|p2a: Ogerpon|Ogerpon-Wellspring, F|100\/100|[from] Volt Switch\n|\n|-sideend|p1: Ekkogandr|move: Light Screen\n|upkeep\n|turn|25\n|\n|t:|1699994884\n|move|p1a: Gyarados|Dragon Dance|p1a: Gyarados\n|-boost|p1a: Gyarados|atk|1\n|-boost|p1a: Gyarados|spe|1\n|move|p2a: Ogerpon|Swords Dance|p2a: Ogerpon\n|-boost|p2a: Ogerpon|atk|2\n|\n|upkeep\n|turn|26\n|\n|t:|1699994890\n|move|p1a: Gyarados|Dragon Dance|p1a: Gyarados\n|-boost|p1a: Gyarados|atk|1\n|-boost|p1a: Gyarados|spe|1\n|move|p2a: Ogerpon|Horn Leech|p1a: Gyarados\n|-supereffective|p1a: Gyarados\n|-end|p1a: Gyarados|Substitute\n|\n|upkeep\n|turn|27\n|\n|t:|1699994896\n|move|p1a: Gyarados|Crunch|p2a: Ogerpon\n|-damage|p2a: Ogerpon|0 fnt\n|faint|p2a: Ogerpon\n|\n|upkeep\n|\n|t:|1699994901\n|switch|p2a: Rotom|Rotom-Wash|100\/100\n|turn|28\n|\n|t:|1699994905\n|move|p1a: Gyarados|Earthquake|p2a: Rotom\n|-supereffective|p2a: Rotom\n|-damage|p2a: Rotom|0 fnt\n|faint|p2a: Rotom\n|\n|win|Ekkogandr\n","uploadtime":1699994909,"views":5,"p1id":"ekkogandr","p2id":"aesirecho","formatid":"gen9nationaldex","rating":0,"private":0,"password":""}