{"id":"gen9nationaldex-1997464670","p1":"runeatest","p2":"Agency Employee","format":"[Gen 9] National Dex","log":"|html|<div class=\"broadcast-blue\"><strong>[Gen 9] National Dex is currently suspecting Sneasler! For information on how to participate check out the <a href=\"https:\/\/www.smogon.com\/forums\/threads\/sv-national-dex-suspect-8-just-dance.3731534\/\">suspect thread<\/a>.<\/strong><\/div>\n|j|\u2606runeatest\n|j|\u2606Agency Employee\n|t:|1700809993\n|gametype|singles\n|player|p1|runeatest|fisherman-gen4|1164\n|player|p2|Agency Employee|102|1089\n|teamsize|p1|6\n|teamsize|p2|6\n|gen|9\n|tier|[Gen 9] National Dex\n|rated|\n|rule|HP Percentage Mod: HP is shown in percentages\n|rule|Endless Battle Clause: Forcing endless battles is banned\n|rule|OHKO Clause: OHKO moves are banned\n|rule|Evasion Clause: Evasion abilities, items, and moves are banned\n|rule|Evasion Abilities Clause: Evasion abilities are banned\n|rule|Evasion Items Clause: Evasion items are banned\n|rule|Evasion Moves Clause: Evasion moves are banned\n|rule|Species Clause: Limit one of each Pok\u00e9mon\n|rule|Sleep Clause Mod: Limit one foe put to sleep\n|clearpoke\n|poke|p1|Vaporeon, M|\n|poke|p1|Salamence, M|\n|poke|p1|Hitmontop, M|\n|poke|p1|Electivire, M|\n|poke|p1|Togekiss, M|\n|poke|p1|Houndoom, M|\n|poke|p2|Rotom-Wash|\n|poke|p2|Kartana|\n|poke|p2|Lopunny, M|\n|poke|p2|Tapu Lele|\n|poke|p2|Gliscor, F|\n|poke|p2|Zapdos|\n|teampreview\n|inactive|Battle timer is ON: inactive players will automatically lose when time's up. (requested by runeatest)\n|\n|t:|1700810007\n|start\n|switch|p1a: Salamence|Salamence, M|100\/100\n|switch|p2a: Gliscor|Gliscor, F|100\/100\n|-ability|p1a: Salamence|Intimidate|boost\n|-unboost|p2a: Gliscor|atk|1\n|turn|1\n|\n|t:|1700810014\n|move|p1a: Salamence|Draco Meteor|p2a: Gliscor\n|-damage|p2a: Gliscor|0 fnt\n|-unboost|p1a: Salamence|spa|2\n|faint|p2a: Gliscor\n|\n|upkeep\n|\n|t:|1700810022\n|switch|p2a: Tapu Lele|Tapu Lele, shiny|100\/100\n|-fieldstart|move: Psychic Terrain|[from] ability: Psychic Surge|[of] p2a: Tapu Lele\n|turn|2\n|\n|t:|1700810042\n|switch|p1a: Togekiss|Togekiss, M, shiny|100\/100\n|move|p2a: Tapu Lele|Moonblast|p1a: Togekiss\n|-damage|p1a: Togekiss|28\/100\n|\n|upkeep\n|turn|3\n|\n|t:|1700810048\n|move|p2a: Tapu Lele|Moonblast|p1a: Togekiss\n|-damage|p1a: Togekiss|0 fnt\n|faint|p1a: Togekiss\n|\n|upkeep\n|\n|t:|1700810052\n|switch|p1a: Houndoom|Houndoom, M|100\/100\n|turn|4\n|\n|t:|1700810061\n|-terastallize|p1a: Houndoom|Poison\n|move|p2a: Tapu Lele|Moonblast|p1a: Houndoom\n|-resisted|p1a: Houndoom\n|-damage|p1a: Houndoom|46\/100\n|move|p1a: Houndoom|Sludge Bomb|p2a: Tapu Lele\n|-supereffective|p2a: Tapu Lele\n|-damage|p2a: Tapu Lele|5\/100\n|\n|upkeep\n|turn|5\n|\n|t:|1700810074\n|switch|p2a: Rotom|Rotom-Wash, shiny|100\/100\n|move|p1a: Houndoom|Sludge Bomb|p2a: Rotom\n|-damage|p2a: Rotom|71\/100\n|-status|p2a: Rotom|psn\n|\n|-damage|p2a: Rotom|58\/100 psn|[from] psn\n|upkeep\n|turn|6\n|\n|t:|1700810084\n|switch|p1a: Electivire|Electivire, M, shiny|100\/100\n|-item|p1a: Electivire|Air Balloon\n|move|p2a: Rotom|Hydro Pump|p1a: Electivire|[miss]\n|-miss|p2a: Rotom|p1a: Electivire\n|\n|-damage|p2a: Rotom|46\/100 psn|[from] psn\n|-fieldend|move: Psychic Terrain\n|upkeep\n|turn|7\n|\n|t:|1700810095\n|switch|p1a: Vaporeon|Vaporeon, M|100\/100\n|switch|p2a: Zapdos|Zapdos|100\/100\n|\n|upkeep\n|turn|8\n|\n|t:|1700810101\n|move|p2a: Zapdos|Thunderbolt|p1a: Vaporeon\n|-supereffective|p1a: Vaporeon\n|-damage|p1a: Vaporeon|24\/100\n|move|p1a: Vaporeon|Hydro Pump|p2a: Zapdos\n|-damage|p2a: Zapdos|35\/100\n|\n|-heal|p1a: Vaporeon|31\/100|[from] item: Leftovers\n|upkeep\n|turn|9\n|\n|t:|1700810108\n|switch|p1a: Electivire|Electivire, M, shiny|100\/100\n|-item|p1a: Electivire|Air Balloon\n|move|p2a: Zapdos|Thunderbolt|p1a: Electivire\n|-ability|p1a: Electivire|Motor Drive|boost\n|-boost|p1a: Electivire|spe|1\n|\n|upkeep\n|turn|10\n|\n|t:|1700810115\n|move|p1a: Electivire|Ice Punch|p2a: Zapdos\n|-supereffective|p2a: Zapdos\n|-damage|p2a: Zapdos|0 fnt\n|faint|p2a: Zapdos\n|\n|upkeep\n|\n|t:|1700810120\n|switch|p2a: Lopunny|Lopunny, M, shiny|100\/100\n|turn|11\n|\n|t:|1700810126\n|switch|p1a: Salamence|Salamence, M|100\/100\n|-ability|p1a: Salamence|Intimidate|boost\n|-unboost|p2a: Lopunny|atk|1\n|detailschange|p2a: Lopunny|Lopunny-Mega, M, shiny\n|-mega|p2a: Lopunny|Lopunny|Lopunnite\n|move|p2a: Lopunny|Fake Out|p1a: Salamence\n|-damage|p1a: Salamence|84\/100\n|\n|upkeep\n|turn|12\n|\n|t:|1700810138\n|switch|p2a: Kartana|Kartana, shiny|100\/100\n|move|p1a: Salamence|Air Slash|p2a: Kartana\n|-damage|p2a: Kartana|0 fnt\n|faint|p2a: Kartana\n|\n|upkeep\n|\n|t:|1700810141\n|switch|p2a: Lopunny|Lopunny-Mega, M, shiny|100\/100\n|turn|13\n|\n|t:|1700810147\n|switch|p1a: Vaporeon|Vaporeon, M|31\/100\n|move|p2a: Lopunny|Fake Out|p1a: Vaporeon\n|-damage|p1a: Vaporeon|10\/100\n|\n|-heal|p1a: Vaporeon|16\/100|[from] item: Leftovers\n|upkeep\n|turn|14\n|\n|t:|1700810155\n|switch|p1a: Salamence|Salamence, M|84\/100\n|-ability|p1a: Salamence|Intimidate|boost\n|-fail|p2a: Lopunny|unboost|Attack|[from] ability: Scrappy|[of] p2a: Lopunny\n|move|p2a: Lopunny|Ice Punch|p1a: Salamence\n|-supereffective|p1a: Salamence\n|-damage|p1a: Salamence|0 fnt\n|faint|p1a: Salamence\n|\n|upkeep\n|\n|t:|1700810163\n|switch|p1a: Hitmontop|Hitmontop, M|100\/100\n|turn|15\n|\n|t:|1700810168\n|switch|p2a: Rotom|Rotom-Wash, shiny|46\/100 psn\n|move|p1a: Hitmontop|Fake Out|p2a: Rotom\n|-damage|p2a: Rotom|26\/100 psn\n|\n|-damage|p2a: Rotom|14\/100 psn|[from] psn\n|upkeep\n|turn|16\n|\n|t:|1700810178\n|move|p1a: Hitmontop|High Jump Kick|p2a: Rotom\n|-damage|p2a: Rotom|0 fnt\n|faint|p2a: Rotom\n|\n|upkeep\n|\n|t:|1700810180\n|switch|p2a: Tapu Lele|Tapu Lele, shiny|5\/100\n|-fieldstart|move: Psychic Terrain|[from] ability: Psychic Surge|[of] p2a: Tapu Lele\n|turn|17\n|\n|t:|1700810185\n|move|p2a: Tapu Lele|Moonblast|p1a: Hitmontop\n|-supereffective|p1a: Hitmontop\n|-enditem|p1a: Hitmontop|Focus Sash\n|-damage|p1a: Hitmontop|1\/100\n|move|p1a: Hitmontop|Rapid Spin|p2a: Tapu Lele\n|-damage|p2a: Tapu Lele|0 fnt\n|-boost|p1a: Hitmontop|spe|1\n|faint|p2a: Tapu Lele\n|\n|upkeep\n|\n|t:|1700810188\n|switch|p2a: Lopunny|Lopunny-Mega, M, shiny|100\/100\n|turn|18\n|\n|t:|1700810195\n|move|p2a: Lopunny|Fake Out|p1a: Hitmontop\n|-activate|p1a: Hitmontop|move: Psychic Terrain\n|move|p1a: Hitmontop|Sucker Punch||[still]\n|-fail|p1a: Hitmontop\n|\n|upkeep\n|turn|19\n|\n|t:|1700810201\n|move|p2a: Lopunny|Ice Punch|p1a: Hitmontop\n|-damage|p1a: Hitmontop|0 fnt\n|faint|p1a: Hitmontop\n|\n|upkeep\n|\n|t:|1700810207\n|switch|p1a: Houndoom|Houndoom, M, tera:Poison|46\/100\n|turn|20\n|\n|t:|1700810210\n|move|p2a: Lopunny|Frustration|p1a: Houndoom\n|-damage|p1a: Houndoom|0 fnt\n|faint|p1a: Houndoom\n|\n|upkeep\n|\n|t:|1700810215\n|switch|p1a: Vaporeon|Vaporeon, M|16\/100\n|turn|21\n|\n|t:|1700810218\n|move|p2a: Lopunny|Frustration|p1a: Vaporeon\n|-damage|p1a: Vaporeon|0 fnt\n|faint|p1a: Vaporeon\n|\n|-fieldend|move: Psychic Terrain\n|upkeep\n|\n|t:|1700810223\n|switch|p1a: Electivire|Electivire, M, shiny|100\/100\n|-item|p1a: Electivire|Air Balloon\n|turn|22\n|\n|t:|1700810230\n|move|p2a: Lopunny|Frustration|p1a: Electivire\n|-damage|p1a: Electivire|9\/100\n|-enditem|p1a: Electivire|Air Balloon\n|move|p1a: Electivire|Thunder Punch|p2a: Lopunny\n|-damage|p2a: Lopunny|44\/100\n|-status|p2a: Lopunny|par\n|\n|upkeep\n|turn|23\n|\n|t:|1700810239\n|move|p1a: Electivire|Thunder Punch|p2a: Lopunny\n|-damage|p2a: Lopunny|0 fnt\n|faint|p2a: Lopunny\n|\n|win|runeatest\n|raw|runeatest's rating: 1164 &rarr; <strong>1184<\/strong><br \/>(+20 for winning)\n|raw|Agency Employee's rating: 1089 &rarr; <strong>1071<\/strong><br \/>(-18 for losing)\n|c|\u2606Agency Employee|u au k\n","uploadtime":1700810246,"views":3,"p1id":"runeatest","p2id":"agencyemployee","formatid":"gen9nationaldex","rating":1071,"private":0,"password":""}