{"id":"gen9nationaldex-1992454357","p1":"rimm099._","p2":"lotus2233","format":"[Gen 9] National Dex","log":"|j|\u2606rimm099._\n|j|\u2606lotus2233\n|t:|1700189547\n|gametype|singles\n|player|p1|rimm099._|cynthia|1316\n|player|p2|lotus2233|li|1251\n|teamsize|p1|6\n|teamsize|p2|6\n|gen|9\n|tier|[Gen 9] National Dex\n|rated|\n|rule|HP Percentage Mod: HP is shown in percentages\n|rule|Endless Battle Clause: Forcing endless battles is banned\n|rule|OHKO Clause: OHKO moves are banned\n|rule|Evasion Clause: Evasion abilities, items, and moves are banned\n|rule|Evasion Abilities Clause: Evasion abilities are banned\n|rule|Evasion Items Clause: Evasion items are banned\n|rule|Evasion Moves Clause: Evasion moves are banned\n|rule|Species Clause: Limit one of each Pok\u00e9mon\n|rule|Sleep Clause Mod: Limit one foe put to sleep\n|clearpoke\n|poke|p1|Brute Bonnet|\n|poke|p1|Venusaur, M|\n|poke|p1|Torkoal, M|\n|poke|p1|Iron Moth|\n|poke|p1|Houndoom, M|\n|poke|p1|Moltres|\n|poke|p2|Landorus-Therian, M|\n|poke|p2|Iron Valiant|\n|poke|p2|Urshifu-*, M|\n|poke|p2|Tapu Lele|\n|poke|p2|Great Tusk|\n|poke|p2|Zapdos|\n|teampreview\n|\n|t:|1700189558\n|start\n|switch|p1a: ninja turtle|Torkoal, M|100\/100\n|switch|p2a: Landorus|Landorus-Therian, M|100\/100\n|-ability|p2a: Landorus|Intimidate|boost\n|-unboost|p1a: ninja turtle|atk|1\n|-weather|SunnyDay|[from] ability: Drought|[of] p1a: ninja turtle\n|turn|1\n|\n|t:|1700189573\n|move|p2a: Landorus|Earthquake|p1a: ninja turtle\n|-supereffective|p1a: ninja turtle\n|-damage|p1a: ninja turtle|41\/100\n|move|p1a: ninja turtle|Stealth Rock|p2a: Landorus\n|-sidestart|p2: lotus2233|move: Stealth Rock\n|\n|-weather|SunnyDay|[upkeep]\n|upkeep\n|turn|2\n|\n|t:|1700189581\n|switch|p1a: Moltres|Moltres|100\/100\n|-ability|p1a: Moltres|Pressure\n|move|p2a: Landorus|Earthquake|p1a: Moltres\n|-immune|p1a: Moltres\n|\n|-weather|SunnyDay|[upkeep]\n|upkeep\n|turn|3\n|\n|t:|1700189601\n|switch|p2a: Great Tusk|Great Tusk|100\/100\n|-damage|p2a: Great Tusk|98\/100|[from] Stealth Rock\n|-activate|p2a: Great Tusk|ability: Protosynthesis\n|-start|p2a: Great Tusk|protosynthesisatk\n|move|p1a: Moltres|Flamethrower|p2a: Great Tusk\n|-crit|p2a: Great Tusk\n|-damage|p2a: Great Tusk|53\/100\n|\n|-weather|SunnyDay|[upkeep]\n|upkeep\n|turn|4\n|\n|t:|1700189618\n|move|p1a: Moltres|Solar Beam||[still]\n|-prepare|p1a: Moltres|Solar Beam\n|-anim|p1a: Moltres|Solar Beam|p2a: Great Tusk\n|-supereffective|p2a: Great Tusk\n|-damage|p2a: Great Tusk|16\/100\n|move|p2a: Great Tusk|Rapid Spin|p1a: Moltres\n|-damage|p1a: Moltres|82\/100\n|-boost|p2a: Great Tusk|spe|1\n|-sideend|p2: lotus2233|Stealth Rock|[from] move: Rapid Spin|[of] p2a: Great Tusk\n|\n|-weather|SunnyDay|[upkeep]\n|upkeep\n|turn|5\n|\n|t:|1700189645\n|-end|p2a: Great Tusk|Protosynthesis|[silent]\n|switch|p2a: Urshifu|Urshifu-Rapid-Strike, M|100\/100\n|move|p1a: Moltres|Flamethrower|p2a: Urshifu\n|-resisted|p2a: Urshifu\n|-damage|p2a: Urshifu|57\/100\n|\n|-weather|SunnyDay|[upkeep]\n|upkeep\n|turn|6\n|\n|t:|1700189682\n|-terastallize|p2a: Urshifu|Water\n|move|p2a: Urshifu|Aqua Jet|p1a: Moltres\n|-supereffective|p1a: Moltres\n|-damage|p1a: Moltres|58\/100\n|move|p1a: Moltres|Solar Beam||[still]\n|-prepare|p1a: Moltres|Solar Beam\n|-anim|p1a: Moltres|Solar Beam|p2a: Urshifu\n|-supereffective|p2a: Urshifu\n|-damage|p2a: Urshifu|0 fnt\n|faint|p2a: Urshifu\n|\n|-weather|SunnyDay|[upkeep]\n|upkeep\n|\n|t:|1700189695\n|switch|p2a: Landorus|Landorus-Therian, M|100\/100\n|-ability|p2a: Landorus|Intimidate|boost\n|-unboost|p1a: Moltres|atk|1\n|turn|7\n|\n|t:|1700189703\n|move|p2a: Landorus|Stone Edge|p1a: Moltres\n|-supereffective|p1a: Moltres\n|-damage|p1a: Moltres|0 fnt\n|faint|p1a: Moltres\n|\n|-weather|SunnyDay|[upkeep]\n|upkeep\n|\n|t:|1700189714\n|switch|p1a: Mushroom|Brute Bonnet|100\/100\n|-activate|p1a: Mushroom|ability: Protosynthesis\n|-start|p1a: Mushroom|protosynthesisatk\n|turn|8\n|\n|t:|1700189733\n|switch|p2a: Iron Valiant|Iron Valiant|100\/100\n|-enditem|p2a: Iron Valiant|Booster Energy\n|-activate|p2a: Iron Valiant|ability: Quark Drive|[fromitem]\n|-start|p2a: Iron Valiant|quarkdrivespe\n|move|p1a: Mushroom|Sucker Punch||[still]\n|-fail|p1a: Mushroom\n|\n|-weather|none\n|-end|p1a: Mushroom|Protosynthesis\n|upkeep\n|turn|9\n|\n|t:|1700189746\n|-end|p1a: Mushroom|Protosynthesis|[silent]\n|switch|p1a: ninja turtle|Torkoal, M|41\/100\n|-weather|SunnyDay|[from] ability: Drought|[of] p1a: ninja turtle\n|move|p2a: Iron Valiant|Moonblast|p1a: ninja turtle\n|-resisted|p1a: ninja turtle\n|-damage|p1a: ninja turtle|11\/100\n|\n|-weather|SunnyDay|[upkeep]\n|upkeep\n|turn|10\n|\n|t:|1700189775\n|switch|p1a: Flower|Venusaur, M|100\/100\n|move|p2a: Iron Valiant|Focus Blast|p1a: Flower\n|-resisted|p1a: Flower\n|-damage|p1a: Flower|64\/100\n|\n|-weather|SunnyDay|[upkeep]\n|upkeep\n|turn|11\n|\n|t:|1700189783\n|move|p2a: Iron Valiant|Moonblast|p1a: Flower\n|-resisted|p1a: Flower\n|-damage|p1a: Flower|38\/100\n|move|p1a: Flower|Growth|p1a: Flower\n|-boost|p1a: Flower|atk|2\n|-boost|p1a: Flower|spa|2\n|\n|-weather|SunnyDay|[upkeep]\n|upkeep\n|turn|12\n|\n|t:|1700189796\n|-end|p2a: Iron Valiant|Quark Drive|[silent]\n|switch|p2a: Zapdos|Zapdos|100\/100\n|-terastallize|p1a: Flower|Fire\n|move|p1a: Flower|Weather Ball|p2a: Zapdos\n|-damage|p2a: Zapdos|0 fnt\n|faint|p2a: Zapdos\n|-damage|p1a: Flower|28\/100|[from] item: Life Orb\n|\n|-weather|SunnyDay|[upkeep]\n|upkeep\n|\n|t:|1700189809\n|switch|p2a: Tapu Lele|Tapu Lele|100\/100\n|-fieldstart|move: Psychic Terrain|[from] ability: Psychic Surge|[of] p2a: Tapu Lele\n|turn|13\n|\n|t:|1700189817\n|move|p1a: Flower|Weather Ball|p2a: Tapu Lele\n|-damage|p2a: Tapu Lele|0 fnt\n|faint|p2a: Tapu Lele\n|-damage|p1a: Flower|18\/100|[from] item: Life Orb\n|\n|-weather|SunnyDay|[upkeep]\n|upkeep\n|\n|t:|1700189827\n|switch|p2a: Great Tusk|Great Tusk|16\/100\n|-activate|p2a: Great Tusk|ability: Protosynthesis\n|-start|p2a: Great Tusk|protosynthesisatk\n|turn|14\n|\n|t:|1700189837\n|move|p1a: Flower|Weather Ball|p2a: Great Tusk\n|-damage|p2a: Great Tusk|0 fnt\n|faint|p2a: Great Tusk\n|-end|p2a: Great Tusk|Protosynthesis|[silent]\n|-damage|p1a: Flower|8\/100|[from] item: Life Orb\n|\n|-weather|SunnyDay|[upkeep]\n|upkeep\n|\n|t:|1700189846\n|switch|p2a: Iron Valiant|Iron Valiant|100\/100\n|turn|15\n|\n|t:|1700189851\n|move|p1a: Flower|Weather Ball|p2a: Iron Valiant\n|-damage|p2a: Iron Valiant|0 fnt\n|faint|p2a: Iron Valiant\n|-end|p2a: Iron Valiant|Quark Drive|[silent]\n|-damage|p1a: Flower|0 fnt|[from] item: Life Orb\n|faint|p1a: Flower\n|\n|-weather|SunnyDay|[upkeep]\n|upkeep\n|-message|lotus2233 forfeited.\n|\n|win|rimm099._\n|raw|rimm099._'s rating: 1316 &rarr; <strong>1332<\/strong><br \/>(+16 for winning)\n|raw|lotus2233's rating: 1251 &rarr; <strong>1231<\/strong><br \/>(-20 for losing)\n|l|\u2606lotus2233\n","uploadtime":1700189860,"views":17,"p1id":"rimm099","p2id":"lotus2233","formatid":"gen9nationaldex","rating":1231,"private":0,"password":""}