{"id":"gen9nationaldex-1991600319","p1":"Kuzwa","p2":"addosd","format":"[Gen 9] National Dex","log":"|j|\u2606Kuzwa\n|j|\u2606addosd\n|t:|1700092794\n|gametype|singles\n|player|p1|Kuzwa|parasollady|1385\n|player|p2|addosd|101|1361\n|teamsize|p1|6\n|teamsize|p2|6\n|gen|9\n|tier|[Gen 9] National Dex\n|rated|\n|rule|HP Percentage Mod: HP is shown in percentages\n|rule|Endless Battle Clause: Forcing endless battles is banned\n|rule|OHKO Clause: OHKO moves are banned\n|rule|Evasion Clause: Evasion abilities, items, and moves are banned\n|rule|Evasion Abilities Clause: Evasion abilities are banned\n|rule|Evasion Items Clause: Evasion items are banned\n|rule|Evasion Moves Clause: Evasion moves are banned\n|rule|Species Clause: Limit one of each Pok\u00e9mon\n|rule|Sleep Clause Mod: Limit one foe put to sleep\n|clearpoke\n|poke|p1|Kartana|\n|poke|p1|Weavile, M|\n|poke|p1|Ogerpon-Wellspring, F|\n|poke|p1|Zeraora|\n|poke|p1|Glimmora, M|\n|poke|p1|Blaziken, M|\n|poke|p2|Tyranitar, F|\n|poke|p2|Barbaracle, M|\n|poke|p2|Mantine, M|\n|poke|p2|Zapdos|\n|poke|p2|Blacephalon|\n|poke|p2|Ferrothorn, F|\n|teampreview\n|\n|t:|1700092801\n|start\n|switch|p1a: thing|Glimmora, M|100\/100\n|switch|p2a: Tyranitar|Tyranitar, F|100\/100\n|-item|p1a: thing|Air Balloon\n|-weather|Sandstorm|[from] ability: Sand Stream|[of] p2a: Tyranitar\n|turn|1\n|inactive|Battle timer is ON: inactive players will automatically lose when time's up. (requested by addosd)\n|\n|t:|1700092809\n|detailschange|p2a: Tyranitar|Tyranitar-Mega, F\n|-mega|p2a: Tyranitar|Tyranitar|Tyranitarite\n|move|p1a: thing|Earth Power|p2a: Tyranitar\n|-supereffective|p2a: Tyranitar\n|-damage|p2a: Tyranitar|76\/100\n|-unboost|p2a: Tyranitar|spd|1\n|move|p2a: Tyranitar|Crunch|p1a: thing\n|-damage|p1a: thing|40\/100\n|-activate|p1a: thing|ability: Toxic Debris\n|-sidestart|p2: addosd|move: Toxic Spikes\n|-enditem|p1a: thing|Air Balloon\n|\n|-weather|Sandstorm|[upkeep]\n|upkeep\n|turn|2\n|\n|t:|1700092814\n|switch|p2a: Mantine|Mantine, M, shiny|100\/100\n|move|p1a: thing|Earth Power|p2a: Mantine\n|-immune|p2a: Mantine\n|\n|-weather|Sandstorm|[upkeep]\n|-damage|p2a: Mantine|94\/100|[from] Sandstorm\n|-heal|p2a: Mantine|100\/100|[from] item: Leftovers\n|upkeep\n|turn|3\n|\n|t:|1700092817\n|move|p1a: thing|Power Gem|p2a: Mantine\n|-supereffective|p2a: Mantine\n|-damage|p2a: Mantine|46\/100\n|move|p2a: Mantine|Scald|p1a: thing\n|-supereffective|p1a: thing\n|-damage|p1a: thing|0 fnt\n|faint|p1a: thing\n|\n|-weather|Sandstorm|[upkeep]\n|-damage|p2a: Mantine|40\/100|[from] Sandstorm\n|-heal|p2a: Mantine|46\/100|[from] item: Leftovers\n|upkeep\n|\n|t:|1700092828\n|switch|p1a: Ken Amada|Zeraora|100\/100\n|turn|4\n|\n|t:|1700092837\n|switch|p2a: Ferrothorn|Ferrothorn, F|100\/100\n|move|p1a: Ken Amada|Fake Out|p2a: Ferrothorn\n|-resisted|p2a: Ferrothorn\n|-damage|p2a: Ferrothorn|96\/100\n|-damage|p1a: Ken Amada|88\/100|[from] ability: Iron Barbs|[of] p2a: Ferrothorn\n|\n|-weather|Sandstorm|[upkeep]\n|-damage|p1a: Ken Amada|82\/100|[from] Sandstorm\n|-heal|p2a: Ferrothorn|100\/100|[from] item: Leftovers\n|upkeep\n|turn|5\n|\n|t:|1700092842\n|move|p2a: Ferrothorn|Protect|p2a: Ferrothorn\n|-singleturn|p2a: Ferrothorn|Protect\n|move|p1a: Ken Amada|Bulk Up|p1a: Ken Amada\n|-boost|p1a: Ken Amada|atk|1\n|-boost|p1a: Ken Amada|def|1\n|\n|-weather|none\n|upkeep\n|turn|6\n|\n|t:|1700092847\n|move|p1a: Ken Amada|Drain Punch|p2a: Ferrothorn\n|-supereffective|p2a: Ferrothorn\n|-damage|p2a: Ferrothorn|57\/100\n|-heal|p1a: Ken Amada|100\/100|[from] drain|[of] p2a: Ferrothorn\n|-damage|p1a: Ken Amada|88\/100|[from] ability: Iron Barbs|[of] p2a: Ferrothorn\n|move|p2a: Ferrothorn|Leech Seed|p1a: Ken Amada\n|-start|p1a: Ken Amada|move: Leech Seed\n|\n|-heal|p2a: Ferrothorn|64\/100|[from] item: Leftovers\n|-damage|p1a: Ken Amada|76\/100|[from] Leech Seed|[of] p2a: Ferrothorn\n|-heal|p2a: Ferrothorn|75\/100|[silent]\n|upkeep\n|turn|7\n|\n|t:|1700092852\n|move|p2a: Ferrothorn|Protect|p2a: Ferrothorn\n|-singleturn|p2a: Ferrothorn|Protect\n|move|p1a: Ken Amada|Bulk Up|p1a: Ken Amada\n|-boost|p1a: Ken Amada|atk|1\n|-boost|p1a: Ken Amada|def|1\n|\n|-heal|p2a: Ferrothorn|81\/100|[from] item: Leftovers\n|-damage|p1a: Ken Amada|64\/100|[from] Leech Seed|[of] p2a: Ferrothorn\n|-heal|p2a: Ferrothorn|92\/100|[silent]\n|upkeep\n|turn|8\n|\n|t:|1700092857\n|move|p1a: Ken Amada|Plasma Fists|p2a: Ferrothorn\n|-resisted|p2a: Ferrothorn\n|-damage|p2a: Ferrothorn|61\/100\n|-fieldactivate|move: Ion Deluge\n|-hint|Normal-type moves become Electric-type after using Plasma Fists.\n|-damage|p1a: Ken Amada|51\/100|[from] ability: Iron Barbs|[of] p2a: Ferrothorn\n|move|p2a: Ferrothorn|Gyro Ball|p1a: Ken Amada\n|-resisted|p1a: Ken Amada\n|-damage|p1a: Ken Amada|32\/100\n|\n|-heal|p2a: Ferrothorn|68\/100|[from] item: Leftovers\n|-damage|p1a: Ken Amada|20\/100|[from] Leech Seed|[of] p2a: Ferrothorn\n|-heal|p2a: Ferrothorn|79\/100|[silent]\n|upkeep\n|turn|9\n|\n|t:|1700092863\n|switch|p1a: Aigis|Ogerpon-Wellspring, F|100\/100\n|move|p2a: Ferrothorn|Protect||[still]\n|-fail|p2a: Ferrothorn\n|\n|-heal|p2a: Ferrothorn|85\/100|[from] item: Leftovers\n|upkeep\n|turn|10\n|\n|t:|1700092869\n|switch|p2a: Mantine|Mantine, M, shiny|46\/100\n|move|p1a: Aigis|Swords Dance|p1a: Aigis\n|-boost|p1a: Aigis|atk|2\n|\n|-heal|p2a: Mantine|52\/100|[from] item: Leftovers\n|upkeep\n|turn|11\n|\n|t:|1700092876\n|move|p1a: Aigis|Horn Leech|p2a: Mantine\n|-damage|p2a: Mantine|0 fnt\n|faint|p2a: Mantine\n|\n|upkeep\n|\n|t:|1700092879\n|switch|p2a: Zapdos|Zapdos|100\/100\n|turn|12\n|\n|t:|1700092884\n|move|p1a: Aigis|Ivy Cudgel|p2a: Zapdos|[anim] Ivy Cudgel Water\n|-damage|p2a: Zapdos|10\/100\n|move|p2a: Zapdos|Hurricane|p1a: Aigis|[miss]\n|-miss|p2a: Zapdos|p1a: Aigis\n|\n|upkeep\n|turn|13\n|\n|t:|1700092893\n|move|p1a: Aigis|Ivy Cudgel|p2a: Zapdos|[anim] Ivy Cudgel Water\n|-damage|p2a: Zapdos|0 fnt\n|faint|p2a: Zapdos\n|\n|upkeep\n|\n|t:|1700092901\n|switch|p2a: Barbaracle|Barbaracle, M|100\/100\n|-status|p2a: Barbaracle|psn\n|turn|14\n|\n|t:|1700092904\n|-terastallize|p2a: Barbaracle|Dragon\n|move|p1a: Aigis|Horn Leech|p2a: Barbaracle\n|-resisted|p2a: Barbaracle\n|-damage|p2a: Barbaracle|54\/100 psn\n|move|p2a: Barbaracle|Shell Smash|p2a: Barbaracle\n|-unboost|p2a: Barbaracle|def|1\n|-unboost|p2a: Barbaracle|spd|1\n|-boost|p2a: Barbaracle|atk|2\n|-boost|p2a: Barbaracle|spa|2\n|-boost|p2a: Barbaracle|spe|2\n|-enditem|p2a: Barbaracle|White Herb\n|-clearnegativeboost|p2a: Barbaracle|[silent]\n|\n|-damage|p2a: Barbaracle|42\/100 psn|[from] psn\n|upkeep\n|turn|15\n|\n|t:|1700092911\n|move|p2a: Barbaracle|Dragon Claw|p1a: Aigis\n|-damage|p1a: Aigis|0 fnt\n|faint|p1a: Aigis\n|\n|-damage|p2a: Barbaracle|30\/100 psn|[from] psn\n|upkeep\n|\n|t:|1700092919\n|switch|p1a: Ken Amada|Zeraora|20\/100\n|turn|16\n|\n|t:|1700092933\n|switch|p2a: Ferrothorn|Ferrothorn, F|85\/100\n|move|p1a: Ken Amada|Fake Out|p2a: Ferrothorn\n|-resisted|p2a: Ferrothorn\n|-damage|p2a: Ferrothorn|81\/100\n|-damage|p1a: Ken Amada|8\/100|[from] ability: Iron Barbs|[of] p2a: Ferrothorn\n|\n|-heal|p2a: Ferrothorn|87\/100|[from] item: Leftovers\n|upkeep\n|turn|17\n|\n|t:|1700092936\n|move|p1a: Ken Amada|Drain Punch|p2a: Ferrothorn\n|-supereffective|p2a: Ferrothorn\n|-damage|p2a: Ferrothorn|58\/100\n|-heal|p1a: Ken Amada|24\/100|[from] drain|[of] p2a: Ferrothorn\n|-damage|p1a: Ken Amada|12\/100|[from] ability: Iron Barbs|[of] p2a: Ferrothorn\n|move|p2a: Ferrothorn|Leech Seed|p1a: Ken Amada|[miss]\n|-miss|p2a: Ferrothorn|p1a: Ken Amada\n|\n|-heal|p2a: Ferrothorn|64\/100|[from] item: Leftovers\n|upkeep\n|turn|18\n|\n|t:|1700092943\n|switch|p1a: Makoto Yuki|Kartana, shiny|100\/100\n|move|p2a: Ferrothorn|Gyro Ball|p1a: Makoto Yuki\n|-resisted|p1a: Makoto Yuki\n|-damage|p1a: Makoto Yuki|70\/100\n|\n|-heal|p2a: Ferrothorn|70\/100|[from] item: Leftovers\n|upkeep\n|turn|19\n|\n|t:|1700092946\n|move|p1a: Makoto Yuki|Swords Dance|p1a: Makoto Yuki\n|-boost|p1a: Makoto Yuki|atk|2\n|move|p2a: Ferrothorn|Body Press|p1a: Makoto Yuki\n|-supereffective|p1a: Makoto Yuki\n|-damage|p1a: Makoto Yuki|14\/100\n|\n|-heal|p2a: Ferrothorn|77\/100|[from] item: Leftovers\n|upkeep\n|turn|20\n|\n|t:|1700092954\n|switch|p2a: Barbaracle|Barbaracle, M, tera:Dragon|30\/100 psn\n|move|p1a: Makoto Yuki|Sacred Sword|p2a: Barbaracle\n|-crit|p2a: Barbaracle\n|-damage|p2a: Barbaracle|0 fnt\n|faint|p2a: Barbaracle\n|-ability|p1a: Makoto Yuki|Beast Boost|boost\n|-boost|p1a: Makoto Yuki|atk|1\n|\n|upkeep\n|\n|t:|1700092962\n|switch|p2a: Ferrothorn|Ferrothorn, F|77\/100\n|turn|21\n|\n|t:|1700092968\n|move|p2a: Ferrothorn|Protect|p2a: Ferrothorn\n|-singleturn|p2a: Ferrothorn|Protect\n|move|p1a: Makoto Yuki|Sacred Sword|p2a: Ferrothorn\n|-activate|p2a: Ferrothorn|move: Protect\n|\n|-heal|p2a: Ferrothorn|83\/100|[from] item: Leftovers\n|upkeep\n|turn|22\n|\n|t:|1700092975\n|move|p1a: Makoto Yuki|Sacred Sword|p2a: Ferrothorn\n|-supereffective|p2a: Ferrothorn\n|-damage|p2a: Ferrothorn|0 fnt\n|-damage|p1a: Makoto Yuki|2\/100|[from] ability: Iron Barbs|[of] p2a: Ferrothorn\n|faint|p2a: Ferrothorn\n|-ability|p1a: Makoto Yuki|Beast Boost|boost\n|-boost|p1a: Makoto Yuki|atk|1\n|\n|upkeep\n|\n|t:|1700092978\n|switch|p2a: Blacephalon|Blacephalon|100\/100\n|-status|p2a: Blacephalon|psn\n|turn|23\n|\n|t:|1700092982\n|move|p1a: Makoto Yuki|Smart Strike|p2a: Blacephalon\n|-resisted|p2a: Blacephalon\n|-damage|p2a: Blacephalon|0 fnt\n|faint|p2a: Blacephalon\n|-ability|p1a: Makoto Yuki|Beast Boost|boost\n|-boost|p1a: Makoto Yuki|atk|1\n|\n|upkeep\n|-message|addosd forfeited.\n|\n|win|Kuzwa\n|raw|Kuzwa's rating: 1385 &rarr; <strong>1404<\/strong><br \/>(+19 for winning)\n|raw|addosd's rating: 1361 &rarr; <strong>1342<\/strong><br \/>(-19 for losing)\n|l|\u2606addosd\n","uploadtime":1700092989,"views":4,"p1id":"kuzwa","p2id":"addosd","formatid":"gen9nationaldex","rating":1342,"private":0,"password":""}