{"id":"gen9nationaldex-1987583818","p1":"fakersleep","p2":"MMQZA6","format":"[Gen 9] National Dex","log":"|j|\u2606fakersleep\n|j|\u2606MMQZA6\n|t:|1699615614\n|gametype|singles\n|player|p1|fakersleep|norman|1234\n|player|p2|MMQZA6|102|1362\n|teamsize|p1|6\n|teamsize|p2|6\n|gen|9\n|tier|[Gen 9] National Dex\n|rated|\n|rule|HP Percentage Mod: HP is shown in percentages\n|rule|Endless Battle Clause: Forcing endless battles is banned\n|rule|OHKO Clause: OHKO moves are banned\n|rule|Evasion Clause: Evasion abilities, items, and moves are banned\n|rule|Evasion Abilities Clause: Evasion abilities are banned\n|rule|Evasion Items Clause: Evasion items are banned\n|rule|Evasion Moves Clause: Evasion moves are banned\n|rule|Species Clause: Limit one of each Pok\u00e9mon\n|rule|Sleep Clause Mod: Limit one foe put to sleep\n|clearpoke\n|poke|p1|Scizor, M|\n|poke|p1|Garganacl, M|\n|poke|p1|Garchomp, F|\n|poke|p1|Gliscor, F|\n|poke|p1|Volcarona, M|\n|poke|p1|Hoopa-Unbound|\n|poke|p2|Ting-Lu|\n|poke|p2|Greninja-*, M|\n|poke|p2|Hoopa-Unbound|\n|poke|p2|Lokix, F|\n|poke|p2|Sableye, F|\n|poke|p2|Hydreigon, F|\n|teampreview\n|inactive|Battle timer is ON: inactive players will automatically lose when time's up. (requested by fakersleep)\n|l|\u2606MMQZA6\n|inactive|MMQZA6 disconnected and has a minute to reconnect!\n|player|p2|\n|j|\u2606MMQZA6\n|inactive|MMQZA6 reconnected and has 120 seconds left.\n|player|p2|MMQZA6|102\n|\n|t:|1699615655\n|start\n|switch|p1a: Scizor|Scizor, M, shiny|100\/100\n|switch|p2a: Hydreigon|Hydreigon, F|100\/100\n|turn|1\n|\n|t:|1699615675\n|switch|p1a: Garchomp|Garchomp, F, shiny|100\/100\n|move|p2a: Hydreigon|Dark Pulse|p1a: Garchomp\n|-damage|p1a: Garchomp|53\/100\n|\n|upkeep\n|turn|2\n|\n|t:|1699615692\n|switch|p2a: Ting-Lu|Ting-Lu|100\/100\n|-ability|p2a: Ting-Lu|Vessel of Ruin\n|-zpower|p1a: Garchomp\n|move|p1a: Garchomp|Devastating Drake|p2a: Ting-Lu|[zeffect]\n|-damage|p2a: Ting-Lu|43\/100\n|\n|-heal|p2a: Ting-Lu|49\/100|[from] item: Leftovers\n|upkeep\n|turn|3\n|\n|t:|1699615702\n|switch|p1a: Gliscor|Gliscor, F, shiny|100\/100\n|move|p2a: Ting-Lu|Stealth Rock|p1a: Gliscor\n|-sidestart|p1: fakersleep|move: Stealth Rock\n|\n|-heal|p2a: Ting-Lu|55\/100|[from] item: Leftovers\n|-status|p1a: Gliscor|tox|[from] item: Toxic Orb\n|upkeep\n|turn|4\n|\n|t:|1699615717\n|move|p1a: Gliscor|Defog|p2a: Ting-Lu\n|-unboost|p2a: Ting-Lu|evasion|1\n|-sideend|p1: fakersleep|Stealth Rock|[from] move: Defog|[of] p1a: Gliscor\n|move|p2a: Ting-Lu|Whirlwind|p1a: Gliscor\n|drag|p1a: Hoopa|Hoopa-Unbound|100\/100\n|\n|-heal|p2a: Ting-Lu|61\/100|[from] item: Leftovers\n|upkeep\n|turn|5\n|inactive|MMQZA6 has 120 seconds left.\n|\n|t:|1699615743\n|move|p1a: Hoopa|Drain Punch|p2a: Ting-Lu\n|-supereffective|p2a: Ting-Lu\n|-damage|p2a: Ting-Lu|8\/100\n|move|p2a: Ting-Lu|Stealth Rock|p1a: Hoopa\n|-sidestart|p1: fakersleep|move: Stealth Rock\n|\n|-heal|p2a: Ting-Lu|14\/100|[from] item: Leftovers\n|upkeep\n|turn|6\n|\n|t:|1699615748\n|switch|p2a: Sableye|Sableye, F|100\/100\n|move|p1a: Hoopa|Drain Punch|p2a: Sableye\n|-immune|p2a: Sableye\n|\n|upkeep\n|turn|7\n|\n|t:|1699615756\n|switch|p1a: Gliscor|Gliscor, F, shiny|100\/100 tox\n|-damage|p1a: Gliscor|88\/100 tox|[from] Stealth Rock\n|move|p2a: Sableye|Encore||[still]\n|-fail|p2a: Sableye\n|\n|-heal|p1a: Gliscor|100\/100 tox|[from] ability: Poison Heal\n|upkeep\n|turn|8\n|\n|t:|1699615771\n|switch|p2a: Hoopa|Hoopa-Unbound|100\/100\n|move|p1a: Gliscor|Defog|p2a: Hoopa\n|-unboost|p2a: Hoopa|evasion|1\n|-sideend|p1: fakersleep|Stealth Rock|[from] move: Defog|[of] p1a: Gliscor\n|\n|upkeep\n|turn|9\n|\n|t:|1699615782\n|-terastallize|p2a: Hoopa|Dark\n|-terastallize|p1a: Gliscor|Fairy\n|move|p2a: Hoopa|Hyperspace Fury|p1a: Gliscor\n|-resisted|p1a: Gliscor\n|-damage|p1a: Gliscor|52\/100 tox\n|-unboost|p2a: Hoopa|def|1\n|move|p1a: Gliscor|Earthquake|p2a: Hoopa\n|-damage|p2a: Hoopa|20\/100\n|\n|-heal|p1a: Gliscor|65\/100 tox|[from] ability: Poison Heal\n|upkeep\n|turn|10\n|\n|t:|1699615790\n|switch|p2a: Hydreigon|Hydreigon, F|100\/100\n|move|p1a: Gliscor|Earthquake|p2a: Hydreigon\n|-immune|p2a: Hydreigon|[from] ability: Levitate\n|\n|-heal|p1a: Gliscor|77\/100 tox|[from] ability: Poison Heal\n|upkeep\n|turn|11\n|\n|t:|1699615797\n|move|p2a: Hydreigon|Flash Cannon|p1a: Gliscor\n|-supereffective|p1a: Gliscor\n|-damage|p1a: Gliscor|36\/100 tox\n|move|p1a: Gliscor|Roost|p1a: Gliscor\n|-heal|p1a: Gliscor|86\/100 tox\n|\n|-heal|p1a: Gliscor|99\/100 tox|[from] ability: Poison Heal\n|upkeep\n|turn|12\n|\n|t:|1699615815\n|move|p2a: Hydreigon|Flash Cannon|p1a: Gliscor\n|-supereffective|p1a: Gliscor\n|-damage|p1a: Gliscor|53\/100 tox\n|move|p1a: Gliscor|Toxic|p2a: Hydreigon|[miss]\n|-miss|p1a: Gliscor|p2a: Hydreigon\n|\n|-heal|p1a: Gliscor|66\/100 tox|[from] ability: Poison Heal\n|upkeep\n|turn|13\n|l|\u2606MMQZA6\n|inactive|MMQZA6 disconnected and has a minute to reconnect!\n|player|p2|\n|j|\u2606MMQZA6\n|inactive|MMQZA6 reconnected and has 110 seconds left.\n|player|p2|MMQZA6|102\n|inactive|MMQZA6 has 90 seconds left.\n|inactive|MMQZA6 has 60 seconds left.\n|l|\u2606MMQZA6\n|inactive|MMQZA6 disconnected and has a minute to reconnect!\n|player|p2|\n|inactive|MMQZA6 has 30 seconds left.\n|j|\u2606MMQZA6\n|inactive|MMQZA6 reconnected and has 30 seconds left.\n|player|p2|MMQZA6|102\n|inactive|MMQZA6 has 20 seconds left.\n|\n|t:|1699615948\n|move|p2a: Hydreigon|Flash Cannon|p1a: Gliscor\n|-supereffective|p1a: Gliscor\n|-damage|p1a: Gliscor|22\/100 tox\n|move|p1a: Gliscor|Roost|p1a: Gliscor\n|-heal|p1a: Gliscor|72\/100 tox\n|\n|-heal|p1a: Gliscor|84\/100 tox|[from] ability: Poison Heal\n|upkeep\n|turn|14\n|inactive|MMQZA6 has 30 seconds left this turn.\n|\n|t:|1699615959\n|move|p2a: Hydreigon|Flash Cannon|p1a: Gliscor\n|-supereffective|p1a: Gliscor\n|-damage|p1a: Gliscor|42\/100 tox\n|move|p1a: Gliscor|Roost|p1a: Gliscor\n|-heal|p1a: Gliscor|92\/100 tox\n|\n|-heal|p1a: Gliscor|100\/100 tox|[from] ability: Poison Heal\n|upkeep\n|turn|15\n|inactive|MMQZA6 has 30 seconds left.\n|inactive|MMQZA6 has 20 seconds left.\n|\n|t:|1699615978\n|move|p2a: Hydreigon|Flash Cannon|p1a: Gliscor\n|-supereffective|p1a: Gliscor\n|-damage|p1a: Gliscor|55\/100 tox\n|move|p1a: Gliscor|Toxic|p2a: Hydreigon\n|-status|p2a: Hydreigon|tox\n|\n|-damage|p2a: Hydreigon|94\/100 tox|[from] psn\n|-heal|p1a: Gliscor|68\/100 tox|[from] ability: Poison Heal\n|upkeep\n|turn|16\n|inactive|MMQZA6 has 30 seconds left this turn.\n|\n|t:|1699615991\n|switch|p2a: Hoopa|Hoopa-Unbound, tera:Dark|20\/100\n|move|p1a: Gliscor|Roost|p1a: Gliscor\n|-heal|p1a: Gliscor|100\/100 tox\n|\n|upkeep\n|turn|17\n|inactive|MMQZA6 has 30 seconds left.\n|\n|t:|1699615999\n|move|p2a: Hoopa|Gunk Shot|p1a: Gliscor\n|-supereffective|p1a: Gliscor\n|-damage|p1a: Gliscor|0 fnt\n|faint|p1a: Gliscor\n|\n|upkeep\n|\n|t:|1699616006\n|switch|p1a: Volcarona|Volcarona, M, shiny|100\/100\n|turn|18\n|\n|t:|1699616012\n|switch|p2a: Sableye|Sableye, F|100\/100\n|move|p1a: Volcarona|Giga Drain|p2a: Sableye\n|-damage|p2a: Sableye|60\/100\n|\n|upkeep\n|turn|19\n|\n|t:|1699616020\n|switch|p1a: Garganacl|Garganacl, M|100\/100\n|move|p2a: Sableye|Thunder Wave|p1a: Garganacl\n|-immune|p1a: Garganacl|[from] ability: Purifying Salt\n|\n|upkeep\n|turn|20\n|\n|t:|1699616025\n|move|p2a: Sableye|Recover|p2a: Sableye\n|-heal|p2a: Sableye|100\/100\n|move|p1a: Garganacl|Salt Cure|p2a: Sableye\n|-damage|p2a: Sableye|87\/100\n|-start|p2a: Sableye|Salt Cure\n|\n|-damage|p2a: Sableye|75\/100|[from] Salt Cure\n|upkeep\n|turn|21\n|inactive|MMQZA6 has 60 seconds left.\n|\n|t:|1699616033\n|move|p2a: Sableye|Recover|p2a: Sableye\n|-heal|p2a: Sableye|100\/100\n|move|p1a: Garganacl|Iron Defense|p1a: Garganacl\n|-boost|p1a: Garganacl|def|2\n|\n|-damage|p2a: Sableye|88\/100|[from] Salt Cure\n|upkeep\n|turn|22\n|\n|t:|1699616037\n|move|p2a: Sableye|Encore|p1a: Garganacl\n|-start|p1a: Garganacl|Encore\n|move|p1a: Garganacl|Iron Defense|p1a: Garganacl\n|-boost|p1a: Garganacl|def|2\n|\n|-damage|p2a: Sableye|76\/100|[from] Salt Cure\n|upkeep\n|turn|23\n|\n|t:|1699616053\n|switch|p2a: Greninja|Greninja, M|100\/100\n|move|p1a: Garganacl|Iron Defense|p1a: Garganacl\n|-boost|p1a: Garganacl|def|2\n|\n|upkeep\n|turn|24\n|l|\u2606MMQZA6\n|inactive|MMQZA6 disconnected and has a minute to reconnect!\n|player|p2|\n|inactive|fakersleep has 120 seconds left.\n|j|\u2606MMQZA6\n|inactive|MMQZA6 reconnected.\n|player|p2|MMQZA6|102\n|\n|t:|1699616084\n|switch|p1a: Scizor|Scizor, M, shiny|100\/100\n|move|p2a: Greninja|Surf|p1a: Scizor\n|-damage|p1a: Scizor|50\/100\n|-damage|p2a: Greninja|91\/100|[from] item: Life Orb\n|\n|upkeep\n|turn|25\n|\n|t:|1699616101\n|switch|p2a: Ting-Lu|Ting-Lu|14\/100\n|-ability|p2a: Ting-Lu|Vessel of Ruin\n|detailschange|p1a: Scizor|Scizor-Mega, M, shiny\n|-mega|p1a: Scizor|Scizor|Scizorite\n|move|p1a: Scizor|Roost|p1a: Scizor\n|-heal|p1a: Scizor|99\/100\n|-singleturn|p1a: Scizor|move: Roost\n|\n|-heal|p2a: Ting-Lu|20\/100|[from] item: Leftovers\n|upkeep\n|turn|26\n|\n|t:|1699616107\n|move|p1a: Scizor|Bullet Punch|p2a: Ting-Lu\n|-damage|p2a: Ting-Lu|3\/100\n|move|p2a: Ting-Lu|Stealth Rock|p1a: Scizor\n|-sidestart|p1: fakersleep|move: Stealth Rock\n|\n|-heal|p2a: Ting-Lu|9\/100|[from] item: Leftovers\n|upkeep\n|turn|27\n|\n|t:|1699616115\n|move|p1a: Scizor|U-turn|p2a: Ting-Lu\n|-supereffective|p2a: Ting-Lu\n|-damage|p2a: Ting-Lu|0 fnt\n|faint|p2a: Ting-Lu\n|\n|t:|1699616121\n|switch|p1a: Garchomp|Garchomp, F, shiny|53\/100|[from] U-turn\n|-damage|p1a: Garchomp|47\/100|[from] Stealth Rock\n|\n|upkeep\n|\n|t:|1699616129\n|switch|p2a: Greninja|Greninja, M|91\/100\n|turn|28\n|inactive|MMQZA6 has 90 seconds left.\n|\n|t:|1699616141\n|switch|p1a: Scizor|Scizor-Mega, M, shiny|99\/100\n|-damage|p1a: Scizor|88\/100|[from] Stealth Rock\n|move|p2a: Greninja|Dark Pulse|p1a: Scizor\n|-damage|p1a: Scizor|48\/100\n|-damage|p2a: Greninja|81\/100|[from] item: Life Orb\n|\n|upkeep\n|turn|29\n|inactive|MMQZA6 has 90 seconds left.\n|\n|t:|1699616153\n|move|p1a: Scizor|Bullet Punch|p2a: Greninja\n|-resisted|p2a: Greninja\n|-damage|p2a: Greninja|57\/100\n|move|p2a: Greninja|Surf|p1a: Scizor\n|-damage|p1a: Scizor|1\/100\n|-damage|p2a: Greninja|47\/100|[from] item: Life Orb\n|\n|upkeep\n|turn|30\n|\n|t:|1699616161\n|switch|p1a: Hoopa|Hoopa-Unbound|100\/100\n|-damage|p1a: Hoopa|88\/100|[from] Stealth Rock\n|move|p2a: Greninja|Water Shuriken|p1a: Hoopa\n|-damage|p1a: Hoopa|80\/100\n|-damage|p1a: Hoopa|72\/100\n|-hitcount|p1a: Hoopa|2\n|-damage|p2a: Greninja|37\/100|[from] item: Life Orb\n|\n|upkeep\n|turn|31\n|\n|t:|1699616179\n|switch|p2a: Hydreigon|Hydreigon, F|94\/100 tox\n|move|p1a: Hoopa|Zen Headbutt|p2a: Hydreigon\n|-immune|p2a: Hydreigon\n|\n|-damage|p2a: Hydreigon|88\/100 tox|[from] psn\n|upkeep\n|turn|32\n|inactive|MMQZA6 has 90 seconds left.\n|\n|t:|1699616204\n|switch|p1a: Scizor|Scizor-Mega, M, shiny|1\/100\n|-damage|p1a: Scizor|0 fnt|[from] Stealth Rock\n|faint|p1a: Scizor\n|move|p2a: Hydreigon|Dark Pulse|p1: Scizor|[notarget]\n|-fail|p2a: Hydreigon\n|\n|-damage|p2a: Hydreigon|76\/100 tox|[from] psn\n|upkeep\n|\n|t:|1699616212\n|switch|p1a: Volcarona|Volcarona, M, shiny|100\/100\n|turn|33\n|\n|t:|1699616216\n|switch|p2a: Sableye|Sableye, F|76\/100\n|move|p1a: Volcarona|Quiver Dance|p1a: Volcarona\n|-boost|p1a: Volcarona|spa|1\n|-boost|p1a: Volcarona|spd|1\n|-boost|p1a: Volcarona|spe|1\n|\n|upkeep\n|turn|34\n|\n|t:|1699616221\n|move|p2a: Sableye|Encore|p1a: Volcarona\n|-start|p1a: Volcarona|Encore\n|move|p1a: Volcarona|Quiver Dance|p1a: Volcarona\n|-boost|p1a: Volcarona|spa|1\n|-boost|p1a: Volcarona|spd|1\n|-boost|p1a: Volcarona|spe|1\n|\n|upkeep\n|turn|35\n|\n|t:|1699616224\n|move|p2a: Sableye|Thunder Wave|p1a: Volcarona\n|-status|p1a: Volcarona|par\n|move|p1a: Volcarona|Quiver Dance|p1a: Volcarona\n|-boost|p1a: Volcarona|spa|1\n|-boost|p1a: Volcarona|spd|1\n|-boost|p1a: Volcarona|spe|1\n|\n|upkeep\n|turn|36\n|\n|t:|1699616228\n|move|p2a: Sableye|Recover|p2a: Sableye\n|-heal|p2a: Sableye|100\/100\n|move|p1a: Volcarona|Quiver Dance|p1a: Volcarona\n|-boost|p1a: Volcarona|spa|1\n|-boost|p1a: Volcarona|spd|1\n|-boost|p1a: Volcarona|spe|1\n|\n|-end|p1a: Volcarona|Encore\n|upkeep\n|turn|37\n|\n|t:|1699616230\n|move|p2a: Sableye|Encore|p1a: Volcarona\n|-start|p1a: Volcarona|Encore\n|move|p1a: Volcarona|Quiver Dance|p1a: Volcarona\n|-boost|p1a: Volcarona|spa|1\n|-boost|p1a: Volcarona|spd|1\n|-boost|p1a: Volcarona|spe|1\n|\n|upkeep\n|turn|38\n|\n|t:|1699616234\n|switch|p2a: Hoopa|Hoopa-Unbound, tera:Dark|20\/100\n|cant|p1a: Volcarona|par\n|\n|upkeep\n|turn|39\n|\n|t:|1699616238\n|cant|p1a: Volcarona|par\n|move|p2a: Hoopa|Hyperspace Fury|p1a: Volcarona\n|-damage|p1a: Volcarona|0 fnt\n|-unboost|p2a: Hoopa|def|1\n|faint|p1a: Volcarona\n|\n|upkeep\n|-message|fakersleep forfeited.\n|\n|win|MMQZA6\n|raw|fakersleep's rating: 1234 &rarr; <strong>1218<\/strong><br \/>(-16 for losing)\n|raw|MMQZA6's rating: 1362 &rarr; <strong>1375<\/strong><br \/>(+13 for winning)\n|l|\u2606fakersleep\n","uploadtime":1699616249,"views":6,"p1id":"fakersleep","p2id":"mmqza6","formatid":"gen9nationaldex","rating":1218,"private":0,"password":""}