{"id":"gen9nationaldex-1995176335","p1":"111025tyb","p2":"Richie2016","format":"[Gen 9] National Dex","log":"|html|<div class=\"broadcast-blue\"><strong>[Gen 9] National Dex is currently suspecting Sneasler! For information on how to participate check out the <a href=\"https:\/\/www.smogon.com\/forums\/threads\/sv-national-dex-suspect-8-just-dance.3731534\/\">suspect thread<\/a>.<\/strong><\/div>\n|j|\u2606111025tyb\n|j|\u2606Richie2016\n|t:|1700531139\n|gametype|singles\n|player|p1|111025tyb|265|1229\n|player|p2|Richie2016|cynthia|1361\n|teamsize|p1|6\n|teamsize|p2|6\n|gen|9\n|tier|[Gen 9] National Dex\n|rated|\n|rule|HP Percentage Mod: HP is shown in percentages\n|rule|Endless Battle Clause: Forcing endless battles is banned\n|rule|OHKO Clause: OHKO moves are banned\n|rule|Evasion Clause: Evasion abilities, items, and moves are banned\n|rule|Evasion Abilities Clause: Evasion abilities are banned\n|rule|Evasion Items Clause: Evasion items are banned\n|rule|Evasion Moves Clause: Evasion moves are banned\n|rule|Species Clause: Limit one of each Pok\u00e9mon\n|rule|Sleep Clause Mod: Limit one foe put to sleep\n|clearpoke\n|poke|p1|Banette, F|\n|poke|p1|Dragonite, F|\n|poke|p1|Blissey, F|\n|poke|p1|Alomomola, M|\n|poke|p1|Iron Moth|\n|poke|p1|Ting-Lu|\n|poke|p2|Lopunny, F|\n|poke|p2|Alomomola, F|\n|poke|p2|Moltres|\n|poke|p2|Ferrothorn, F|\n|poke|p2|Gliscor, F|\n|poke|p2|Hoopa-Unbound|\n|teampreview\n|\n|t:|1700531153\n|start\n|switch|p1a: Banette|Banette, F|100\/100\n|switch|p2a: Gliscor|Gliscor, F, shiny|100\/100\n|-item|p2a: Gliscor|Toxic Orb|[from] ability: Frisk|[of] p1a: Banette|[identify]\n|turn|1\n|inactive|Battle timer is ON: inactive players will automatically lose when time's up. (requested by Richie2016)\n|\n|t:|1700531164\n|detailschange|p1a: Banette|Banette-Mega, F\n|-mega|p1a: Banette|Banette|Banettite\n|move|p1a: Banette|Swords Dance|p1a: Banette\n|-boost|p1a: Banette|atk|2\n|move|p2a: Gliscor|Toxic|p1a: Banette\n|-status|p1a: Banette|tox\n|\n|-damage|p1a: Banette|95\/100 tox|[from] psn\n|-status|p2a: Gliscor|tox|[from] item: Toxic Orb\n|upkeep\n|turn|2\n|inactive|111025tyb has 120 seconds left.\n|\n|t:|1700531203\n|move|p1a: Banette|Poltergeist|p2a: Gliscor|[miss]\n|-miss|p1a: Banette|p2a: Gliscor\n|move|p2a: Gliscor|Stealth Rock|p1a: Banette\n|-sidestart|p1: 111025tyb|move: Stealth Rock\n|\n|-damage|p1a: Banette|83\/100 tox|[from] psn\n|upkeep\n|turn|3\n|inactive|111025tyb has 120 seconds left.\n|\n|t:|1700531212\n|switch|p2a: Lopunny|Lopunny, F, shiny|100\/100\n|move|p1a: Banette|Poltergeist|p2a: Lopunny\n|-immune|p2a: Lopunny\n|\n|-damage|p1a: Banette|65\/100 tox|[from] psn\n|upkeep\n|turn|4\n|\n|t:|1700531233\n|detailschange|p2a: Lopunny|Lopunny-Mega, F, shiny\n|-mega|p2a: Lopunny|Lopunny|Lopunnite\n|move|p2a: Lopunny|Fake Out|p1a: Banette\n|-damage|p1a: Banette|30\/100 tox\n|cant|p1a: Banette|flinch\n|\n|-damage|p1a: Banette|7\/100 tox|[from] psn\n|upkeep\n|turn|5\n|inactive|111025tyb has 120 seconds left.\n|\n|t:|1700531254\n|switch|p2a: Alomomola|Alomomola, F|100\/100\n|move|p1a: Banette|Destiny Bond|p1a: Banette\n|-singlemove|p1a: Banette|Destiny Bond\n|\n|-damage|p1a: Banette|0 fnt|[from] psn\n|faint|p1a: Banette\n|upkeep\n|\n|t:|1700531277\n|switch|p1a: Dragonite|Dragonite, F|100\/100\n|turn|6\n|\n|t:|1700531281\n|move|p1a: Dragonite|Defog|p2a: Alomomola\n|-unboost|p2a: Alomomola|evasion|1\n|-sideend|p1: 111025tyb|Stealth Rock|[from] move: Defog|[of] p1a: Dragonite\n|move|p2a: Alomomola|Toxic|p1a: Dragonite\n|-status|p1a: Dragonite|tox\n|\n|-damage|p1a: Dragonite|94\/100 tox|[from] psn\n|upkeep\n|turn|7\n|\n|t:|1700531293\n|switch|p1a: Blissey|Blissey, F|100\/100\n|move|p2a: Alomomola|Flip Turn|p1a: Blissey\n|-damage|p1a: Blissey|71\/100\n|\n|t:|1700531300\n|switch|p2a: Hoopa|Hoopa-Unbound|100\/100|[from] Flip Turn\n|\n|-heal|p1a: Blissey|77\/100|[from] item: Leftovers\n|upkeep\n|turn|8\n|inactive|111025tyb has 120 seconds left.\n|l|\u2606111025tyb\n|inactive|111025tyb disconnected and has a minute to reconnect!\n|player|p1|\n|j|\u2606111025tyb\n|inactive|111025tyb reconnected and has 85 seconds left.\n|player|p1|111025tyb|265\n|\n|t:|1700531349\n|switch|p1a: Dragonite|Dragonite, F|94\/100 tox\n|move|p2a: Hoopa|Hyperspace Fury|p1a: Dragonite\n|-damage|p1a: Dragonite|24\/100 tox\n|-unboost|p2a: Hoopa|def|1\n|\n|-damage|p1a: Dragonite|17\/100 tox|[from] psn\n|upkeep\n|turn|9\n|\n|t:|1700531362\n|switch|p2a: Ferrothorn|Ferrothorn, F, shiny|100\/100\n|switch|p1a: Alomomola|Alomomola, M|100\/100\n|\n|upkeep\n|turn|10\n|\n|t:|1700531378\n|move|p1a: Alomomola|Wish|p1a: Alomomola\n|move|p2a: Ferrothorn|Power Whip|p1a: Alomomola|[miss]\n|-miss|p2a: Ferrothorn|p1a: Alomomola\n|\n|upkeep\n|turn|11\n|\n|t:|1700531387\n|move|p1a: Alomomola|Flip Turn|p2a: Ferrothorn\n|-resisted|p2a: Ferrothorn\n|-damage|p2a: Ferrothorn|95\/100\n|-damage|p1a: Alomomola|88\/100|[from] ability: Iron Barbs|[of] p2a: Ferrothorn\n|\n|t:|1700531394\n|switch|p1a: Dragonite|Dragonite, F|17\/100 tox|[from] Flip Turn\n|move|p2a: Ferrothorn|Leech Seed|p1a: Dragonite\n|-start|p1a: Dragonite|move: Leech Seed\n|\n|-heal|p1a: Dragonite|87\/100 tox|[from] move: Wish|[wisher] Alomomola\n|-heal|p2a: Ferrothorn|100\/100|[from] item: Leftovers\n|-damage|p1a: Dragonite|74\/100 tox|[from] Leech Seed|[of] p2a: Ferrothorn\n|-damage|p1a: Dragonite|68\/100 tox|[from] psn\n|upkeep\n|turn|12\n|\n|t:|1700531410\n|switch|p1a: Iron Moth|Iron Moth|100\/100\n|-enditem|p1a: Iron Moth|Booster Energy\n|-activate|p1a: Iron Moth|ability: Quark Drive|[fromitem]\n|-start|p1a: Iron Moth|quarkdrivespe\n|switch|p2a: Moltres|Moltres|100\/100\n|\n|upkeep\n|turn|13\n|\n|t:|1700531421\n|move|p1a: Iron Moth|Sludge Wave|p2a: Moltres\n|-damage|p2a: Moltres|52\/100\n|move|p2a: Moltres|Mystical Fire|p1a: Iron Moth\n|-resisted|p1a: Iron Moth\n|-damage|p1a: Iron Moth|86\/100\n|-unboost|p1a: Iron Moth|spa|1\n|\n|upkeep\n|turn|14\n|\n|t:|1700531438\n|move|p1a: Iron Moth|Fiery Dance|p2a: Moltres\n|-resisted|p2a: Moltres\n|-damage|p2a: Moltres|38\/100\n|move|p2a: Moltres|Roost|p2a: Moltres\n|-heal|p2a: Moltres|88\/100\n|-singleturn|p2a: Moltres|move: Roost\n|\n|upkeep\n|turn|15\n|\n|t:|1700531444\n|move|p1a: Iron Moth|Fiery Dance|p2a: Moltres\n|-resisted|p2a: Moltres\n|-damage|p2a: Moltres|75\/100\n|move|p2a: Moltres|Mystical Fire|p1a: Iron Moth\n|-resisted|p1a: Iron Moth\n|-damage|p1a: Iron Moth|72\/100\n|-unboost|p1a: Iron Moth|spa|1\n|\n|upkeep\n|turn|16\n|\n|t:|1700531451\n|-end|p1a: Iron Moth|Quark Drive|[silent]\n|switch|p1a: Blissey|Blissey, F|77\/100\n|move|p2a: Moltres|Mystical Fire|p1a: Blissey\n|-damage|p1a: Blissey|69\/100\n|-unboost|p1a: Blissey|spa|1\n|\n|-heal|p1a: Blissey|75\/100|[from] item: Leftovers\n|upkeep\n|turn|17\n|\n|t:|1700531459\n|switch|p2a: Gliscor|Gliscor, F, shiny|100\/100 tox\n|move|p1a: Blissey|Aromatherapy|p1a: Blissey\n|-activate|p1a: Blissey|move: Aromatherapy\n|-curestatus|p1: Dragonite|tox|[msg]\n|\n|-heal|p1a: Blissey|81\/100|[from] item: Leftovers\n|upkeep\n|turn|18\n|\n|t:|1700531473\n|switch|p1a: Iron Moth|Iron Moth|72\/100\n|move|p2a: Gliscor|Earthquake|p1a: Iron Moth\n|-supereffective|p1a: Iron Moth\n|-damage|p1a: Iron Moth|0 fnt\n|faint|p1a: Iron Moth\n|-end|p1a: Iron Moth|Quark Drive|[silent]\n|\n|upkeep\n|\n|t:|1700531478\n|switch|p1a: Ting-Lu|Ting-Lu|100\/100\n|-ability|p1a: Ting-Lu|Vessel of Ruin\n|turn|19\n|\n|t:|1700531496\n|move|p2a: Gliscor|Toxic|p1a: Ting-Lu\n|-status|p1a: Ting-Lu|tox\n|move|p1a: Ting-Lu|Stealth Rock|p2a: Gliscor\n|-sidestart|p2: Richie2016|move: Stealth Rock\n|\n|-damage|p1a: Ting-Lu|94\/100 tox|[from] psn\n|upkeep\n|turn|20\n|\n|t:|1700531502\n|switch|p2a: Moltres|Moltres|75\/100\n|move|p1a: Ting-Lu|Whirlwind|p2a: Moltres\n|drag|p2a: Alomomola|Alomomola, F|100\/100\n|\n|-heal|p1a: Ting-Lu|100\/100 tox|[from] item: Leftovers\n|-damage|p1a: Ting-Lu|88\/100 tox|[from] psn\n|upkeep\n|turn|21\n|\n|t:|1700531512\n|move|p1a: Ting-Lu|Ruination|p2a: Alomomola\n|-damage|p2a: Alomomola|50\/100\n|move|p2a: Alomomola|Flip Turn|p1a: Ting-Lu\n|-supereffective|p1a: Ting-Lu\n|-damage|p1a: Ting-Lu|74\/100 tox\n|\n|t:|1700531517\n|switch|p2a: Moltres|Moltres|75\/100|[from] Flip Turn\n|\n|-heal|p1a: Ting-Lu|80\/100 tox|[from] item: Leftovers\n|-damage|p1a: Ting-Lu|61\/100 tox|[from] psn\n|upkeep\n|turn|22\n|\n|t:|1700531527\n|switch|p1a: Alomomola|Alomomola, M|100\/100\n|move|p2a: Moltres|Defog|p1a: Alomomola\n|-unboost|p1a: Alomomola|evasion|1\n|-sideend|p2: Richie2016|Stealth Rock|[from] move: Defog|[of] p2a: Moltres\n|\n|upkeep\n|turn|23\n|-message|111025tyb forfeited.\n|\n|win|Richie2016\n|raw|111025tyb's rating: 1229 &rarr; <strong>1213<\/strong><br \/>(-16 for losing)\n|raw|Richie2016's rating: 1361 &rarr; <strong>1374<\/strong><br \/>(+13 for winning)\n|l|\u2606111025tyb\n","uploadtime":1700531545,"views":1,"p1id":"111025tyb","p2id":"richie2016","formatid":"gen9nationaldex","rating":1213,"private":0,"password":""}