{"id":"gen9nationaldex-1988635892","p1":"CapnTophat","p2":"fly groudon","format":"[Gen 9] National Dex","log":"|j|\u2606CapnTophat\n|j|\u2606fly groudon\n|t:|1699744589\n|gametype|singles\n|player|p1|CapnTophat|wallace|1657\n|player|p2|fly groudon|alec-anime|1720\n|teamsize|p1|6\n|teamsize|p2|6\n|gen|9\n|tier|[Gen 9] National Dex\n|rated|\n|rule|HP Percentage Mod: HP is shown in percentages\n|rule|Endless Battle Clause: Forcing endless battles is banned\n|rule|OHKO Clause: OHKO moves are banned\n|rule|Evasion Clause: Evasion abilities, items, and moves are banned\n|rule|Evasion Abilities Clause: Evasion abilities are banned\n|rule|Evasion Items Clause: Evasion items are banned\n|rule|Evasion Moves Clause: Evasion moves are banned\n|rule|Species Clause: Limit one of each Pok\u00e9mon\n|rule|Sleep Clause Mod: Limit one foe put to sleep\n|clearpoke\n|poke|p1|Charizard, M|\n|poke|p1|Great Tusk|\n|poke|p1|Clodsire, F|\n|poke|p1|Ceruledge, M|\n|poke|p1|Victini|\n|poke|p1|Venusaur, F|\n|poke|p2|Great Tusk|\n|poke|p2|Volcarona, F|\n|poke|p2|Iron Valiant|\n|poke|p2|Greninja-*, M|\n|poke|p2|Ceruledge, M|\n|poke|p2|Scizor, M|\n|teampreview\n|inactive|Battle timer is ON: inactive players will automatically lose when time's up. (requested by fly groudon)\n|inactive|CapnTophat also wants the timer to be on.\n|\n|t:|1699744596\n|start\n|switch|p1a: Charizard|Charizard, M|100\/100\n|switch|p2a: Great Tusk|Great Tusk|100\/100\n|turn|1\n|\n|t:|1699744600\n|switch|p1a: Great Tusk|Great Tusk|100\/100\n|move|p2a: Great Tusk|Head Smash|p1a: Great Tusk\n|-resisted|p1a: Great Tusk\n|-damage|p1a: Great Tusk|93\/100\n|-damage|p2a: Great Tusk|96\/100|[from] Recoil\n|\n|-heal|p1a: Great Tusk|99\/100|[from] item: Leftovers\n|upkeep\n|turn|2\n|\n|t:|1699744603\n|move|p2a: Great Tusk|Headlong Rush|p1a: Great Tusk\n|-damage|p1a: Great Tusk|67\/100\n|-unboost|p2a: Great Tusk|def|1\n|-unboost|p2a: Great Tusk|spd|1\n|move|p1a: Great Tusk|Stealth Rock|p2a: Great Tusk\n|-sidestart|p2: fly groudon|move: Stealth Rock\n|\n|-heal|p1a: Great Tusk|73\/100|[from] item: Leftovers\n|upkeep\n|turn|3\n|\n|t:|1699744606\n|move|p2a: Great Tusk|Rapid Spin|p1a: Great Tusk\n|-damage|p1a: Great Tusk|65\/100\n|-boost|p2a: Great Tusk|spe|1\n|-sideend|p2: fly groudon|Stealth Rock|[from] move: Rapid Spin|[of] p2a: Great Tusk\n|move|p1a: Great Tusk|Ice Spinner|p2a: Great Tusk\n|-supereffective|p2a: Great Tusk\n|-damage|p2a: Great Tusk|48\/100\n|\n|-heal|p1a: Great Tusk|71\/100|[from] item: Leftovers\n|upkeep\n|turn|4\n|\n|t:|1699744609\n|move|p2a: Great Tusk|Stealth Rock|p1a: Great Tusk\n|-sidestart|p1: CapnTophat|move: Stealth Rock\n|move|p1a: Great Tusk|Stealth Rock|p2a: Great Tusk\n|-sidestart|p2: fly groudon|move: Stealth Rock\n|\n|-heal|p1a: Great Tusk|77\/100|[from] item: Leftovers\n|upkeep\n|turn|5\n|\n|t:|1699744611\n|move|p2a: Great Tusk|Rapid Spin|p1a: Great Tusk\n|-damage|p1a: Great Tusk|68\/100\n|-boost|p2a: Great Tusk|spe|1\n|-sideend|p2: fly groudon|Stealth Rock|[from] move: Rapid Spin|[of] p2a: Great Tusk\n|move|p1a: Great Tusk|Rapid Spin|p2a: Great Tusk\n|-damage|p2a: Great Tusk|31\/100\n|-boost|p1a: Great Tusk|spe|1\n|-sideend|p1: CapnTophat|Stealth Rock|[from] move: Rapid Spin|[of] p1a: Great Tusk\n|\n|-heal|p1a: Great Tusk|74\/100|[from] item: Leftovers\n|upkeep\n|turn|6\n|\n|t:|1699744615\n|move|p2a: Great Tusk|Headlong Rush|p1a: Great Tusk\n|-crit|p1a: Great Tusk\n|-damage|p1a: Great Tusk|22\/100\n|-unboost|p2a: Great Tusk|def|1\n|-unboost|p2a: Great Tusk|spd|1\n|move|p1a: Great Tusk|Rapid Spin|p2a: Great Tusk\n|-damage|p2a: Great Tusk|9\/100\n|-boost|p1a: Great Tusk|spe|1\n|\n|-heal|p1a: Great Tusk|28\/100|[from] item: Leftovers\n|upkeep\n|turn|7\n|\n|t:|1699744618\n|move|p2a: Great Tusk|Headlong Rush|p1a: Great Tusk\n|-damage|p1a: Great Tusk|0 fnt\n|-unboost|p2a: Great Tusk|def|1\n|-unboost|p2a: Great Tusk|spd|1\n|faint|p1a: Great Tusk\n|-end|p1a: Great Tusk|Protosynthesis|[silent]\n|\n|upkeep\n|\n|t:|1699744620\n|switch|p1a: Ceruledge|Ceruledge, M|100\/100\n|turn|8\n|\n|t:|1699744624\n|move|p1a: Ceruledge|Shadow Sneak|p2a: Great Tusk\n|-damage|p2a: Great Tusk|0 fnt\n|faint|p2a: Great Tusk\n|-end|p2a: Great Tusk|Protosynthesis|[silent]\n|\n|upkeep\n|\n|t:|1699744632\n|switch|p2a: Greninja|Greninja, M|100\/100\n|turn|9\n|\n|t:|1699744635\n|switch|p1a: Clodsire|Clodsire, F|100\/100\n|move|p2a: Greninja|Dark Pulse|p1a: Clodsire\n|-damage|p1a: Clodsire|71\/100\n|-damage|p2a: Greninja|91\/100|[from] item: Life Orb\n|\n|upkeep\n|turn|10\n|\n|t:|1699744638\n|move|p2a: Greninja|Dark Pulse|p1a: Clodsire\n|-damage|p1a: Clodsire|43\/100\n|-damage|p2a: Greninja|81\/100|[from] item: Life Orb\n|move|p1a: Clodsire|Toxic|p2a: Greninja\n|-status|p2a: Greninja|tox\n|\n|-damage|p2a: Greninja|75\/100 tox|[from] psn\n|upkeep\n|turn|11\n|\n|t:|1699744640\n|move|p2a: Greninja|Dark Pulse|p1a: Clodsire\n|-damage|p1a: Clodsire|16\/100\n|-damage|p2a: Greninja|65\/100 tox|[from] item: Life Orb\n|move|p1a: Clodsire|Recover|p1a: Clodsire\n|-heal|p1a: Clodsire|66\/100\n|\n|-damage|p2a: Greninja|53\/100 tox|[from] psn\n|upkeep\n|turn|12\n|\n|t:|1699744643\n|move|p2a: Greninja|Dark Pulse|p1a: Clodsire\n|-crit|p1a: Clodsire\n|-damage|p1a: Clodsire|25\/100\n|-damage|p2a: Greninja|43\/100 tox|[from] item: Life Orb\n|move|p1a: Clodsire|Recover|p1a: Clodsire\n|-heal|p1a: Clodsire|75\/100\n|\n|-damage|p2a: Greninja|25\/100 tox|[from] psn\n|upkeep\n|turn|13\n|\n|t:|1699744645\n|move|p2a: Greninja|Dark Pulse|p1a: Clodsire\n|-damage|p1a: Clodsire|50\/100\n|-damage|p2a: Greninja|16\/100 tox|[from] item: Life Orb\n|move|p1a: Clodsire|Recover|p1a: Clodsire\n|-heal|p1a: Clodsire|99\/100\n|\n|-damage|p2a: Greninja|0 fnt|[from] psn\n|faint|p2a: Greninja\n|upkeep\n|\n|t:|1699744651\n|switch|p2a: Volcarona|Volcarona, F, shiny|100\/100\n|turn|14\n|\n|t:|1699744654\n|-terastallize|p2a: Volcarona|Bug\n|move|p2a: Volcarona|Substitute|p2a: Volcarona\n|-start|p2a: Volcarona|Substitute\n|-damage|p2a: Volcarona|76\/100\n|move|p1a: Clodsire|Earthquake|p2a: Volcarona\n|-resisted|p2a: Volcarona\n|-activate|p2a: Volcarona|move: Substitute|[damage]\n|\n|-heal|p2a: Volcarona|82\/100|[from] item: Leftovers\n|upkeep\n|turn|15\n|\n|t:|1699744659\n|switch|p1a: Victini|Victini|100\/100\n|move|p2a: Volcarona|Quiver Dance|p2a: Volcarona\n|-boost|p2a: Volcarona|spa|1\n|-boost|p2a: Volcarona|spd|1\n|-boost|p2a: Volcarona|spe|1\n|\n|-heal|p2a: Volcarona|88\/100|[from] item: Leftovers\n|upkeep\n|turn|16\n|\n|t:|1699744662\n|move|p1a: Victini|U-turn|p2a: Volcarona\n|-end|p2a: Volcarona|Substitute\n|\n|t:|1699744664\n|switch|p1a: Charizard|Charizard, M|100\/100|[from] U-turn\n|move|p2a: Volcarona|Quiver Dance|p2a: Volcarona\n|-boost|p2a: Volcarona|spa|1\n|-boost|p2a: Volcarona|spd|1\n|-boost|p2a: Volcarona|spe|1\n|\n|-heal|p2a: Volcarona|94\/100|[from] item: Leftovers\n|upkeep\n|turn|17\n|\n|t:|1699744667\n|detailschange|p1a: Charizard|Charizard-Mega-Y, M\n|-mega|p1a: Charizard|Charizard|Charizardite Y\n|-weather|SunnyDay|[from] ability: Drought|[of] p1a: Charizard\n|move|p2a: Volcarona|Flamethrower|p1a: Charizard\n|-resisted|p1a: Charizard\n|-damage|p1a: Charizard|14\/100\n|move|p1a: Charizard|Weather Ball|p2a: Volcarona\n|-supereffective|p2a: Volcarona\n|-damage|p2a: Volcarona|5\/100\n|\n|-weather|SunnyDay|[upkeep]\n|-heal|p2a: Volcarona|11\/100|[from] item: Leftovers\n|upkeep\n|turn|18\n|\n|t:|1699744675\n|move|p2a: Volcarona|Flamethrower|p1a: Charizard\n|-resisted|p1a: Charizard\n|-damage|p1a: Charizard|0 fnt\n|faint|p1a: Charizard\n|\n|-weather|SunnyDay|[upkeep]\n|-heal|p2a: Volcarona|18\/100|[from] item: Leftovers\n|upkeep\n|\n|t:|1699744676\n|switch|p1a: Ceruledge|Ceruledge, M|100\/100\n|turn|19\n|\n|t:|1699744678\n|move|p1a: Ceruledge|Shadow Sneak|p2a: Volcarona\n|-damage|p2a: Volcarona|0 fnt\n|faint|p2a: Volcarona\n|\n|-weather|SunnyDay|[upkeep]\n|upkeep\n|\n|t:|1699744682\n|switch|p2a: Ceruledge|Ceruledge, M|100\/100\n|turn|20\n|\n|t:|1699744686\n|-terastallize|p1a: Ceruledge|Normal\n|move|p1a: Ceruledge|Poltergeist|p2a: Ceruledge\n|-activate|p2a: Ceruledge|move: Poltergeist|Ghostium Z\n|-supereffective|p2a: Ceruledge\n|-damage|p2a: Ceruledge|0 fnt\n|faint|p2a: Ceruledge\n|\n|-weather|SunnyDay|[upkeep]\n|upkeep\n|\n|t:|1699744697\n|switch|p2a: Iron Valiant|Iron Valiant|100\/100\n|-enditem|p2a: Iron Valiant|Booster Energy\n|-activate|p2a: Iron Valiant|ability: Quark Drive|[fromitem]\n|-start|p2a: Iron Valiant|quarkdrivespe\n|turn|21\n|\n|t:|1699744700\n|move|p2a: Iron Valiant|Focus Blast|p1a: Ceruledge|[miss]\n|-miss|p2a: Iron Valiant|p1a: Ceruledge\n|move|p1a: Ceruledge|Poltergeist||[still]\n|-fail|p1a: Ceruledge\n|\n|-weather|none\n|upkeep\n|turn|22\n|\n|t:|1699744705\n|move|p2a: Iron Valiant|Focus Blast|p1a: Ceruledge|[miss]\n|-miss|p2a: Iron Valiant|p1a: Ceruledge\n|move|p1a: Ceruledge|Bitter Blade|p2a: Iron Valiant\n|-damage|p2a: Iron Valiant|43\/100\n|\n|upkeep\n|turn|23\n|\n|t:|1699744708\n|move|p2a: Iron Valiant|Focus Blast|p1a: Ceruledge|[miss]\n|-miss|p2a: Iron Valiant|p1a: Ceruledge\n|move|p1a: Ceruledge|Bitter Blade|p2a: Iron Valiant\n|-damage|p2a: Iron Valiant|0 fnt\n|faint|p2a: Iron Valiant\n|-end|p2a: Iron Valiant|Quark Drive|[silent]\n|\n|upkeep\n|c|\u2606CapnTophat|Dang\n|\n|t:|1699744720\n|switch|p2a: Scizor|Scizor, M|100\/100\n|turn|24\n|\n|t:|1699744723\n|detailschange|p2a: Scizor|Scizor-Mega, M\n|-mega|p2a: Scizor|Scizor|Scizorite\n|move|p2a: Scizor|Bullet Punch|p1a: Ceruledge\n|-damage|p1a: Ceruledge|49\/100\n|-ability|p1a: Ceruledge|Weak Armor|boost\n|-unboost|p1a: Ceruledge|def|1\n|-boost|p1a: Ceruledge|spe|2\n|move|p1a: Ceruledge|Bitter Blade|p2a: Scizor\n|-supereffective|p2a: Scizor\n|-damage|p2a: Scizor|0 fnt\n|-heal|p1a: Ceruledge|97\/100|[from] drain|[of] p2a: Scizor\n|faint|p2a: Scizor\n|\n|win|CapnTophat\n|raw|CapnTophat's rating: 1657 &rarr; <strong>1681<\/strong><br \/>(+24 for winning)\n|raw|fly groudon's rating: 1720 &rarr; <strong>1696<\/strong><br \/>(-24 for losing)\n|l|\u2606fly groudon\n","uploadtime":1699744743,"views":4,"p1id":"capntophat","p2id":"flygroudon","formatid":"gen9nationaldex","rating":1681,"private":0,"password":""}