{"id":"gen9nationaldex-1993455283","p1":"elsenordelanoche2","p2":"Nei-tortilla","format":"[Gen 9] National Dex","log":"|j|\u2606elsenordelanoche2\n|j|\u2606Nei-tortilla\n|t:|1700320024\n|gametype|singles\n|player|p1|elsenordelanoche2|cyrus|\n|player|p2|Nei-tortilla|riley|\n|teamsize|p1|6\n|teamsize|p2|6\n|gen|9\n|tier|[Gen 9] National Dex\n|rule|HP Percentage Mod: HP is shown in percentages\n|rule|Endless Battle Clause: Forcing endless battles is banned\n|rule|OHKO Clause: OHKO moves are banned\n|rule|Evasion Clause: Evasion abilities, items, and moves are banned\n|rule|Evasion Abilities Clause: Evasion abilities are banned\n|rule|Evasion Items Clause: Evasion items are banned\n|rule|Evasion Moves Clause: Evasion moves are banned\n|rule|Species Clause: Limit one of each Pok\u00e9mon\n|rule|Sleep Clause Mod: Limit one foe put to sleep\n|clearpoke\n|poke|p1|Heatran, M|\n|poke|p1|Torterra, M|\n|poke|p1|Gliscor, F|\n|poke|p1|Luxio, F|\n|poke|p1|Gallade, M|\n|poke|p1|Empoleon, M|\n|poke|p2|Galvantula, F|\n|poke|p2|Darmanitan, F|\n|poke|p2|Serperior, F|\n|poke|p2|Jellicent, M|\n|poke|p2|Bisharp, F|\n|poke|p2|Landorus-Therian, M|\n|teampreview\n|\n|t:|1700320060\n|start\n|switch|p1a: Andr\u00e9s de la noche|Gliscor, F|100\/100\n|switch|p2a: Galvantula|Galvantula, F, shiny|100\/100\n|turn|1\n|\n|t:|1700320096\n|switch|p2a: Landorus|Landorus-Therian, M|100\/100\n|-ability|p2a: Landorus|Intimidate|boost\n|-unboost|p1a: Andr\u00e9s de la noche|atk|1\n|move|p1a: Andr\u00e9s de la noche|Knock Off|p2a: Landorus\n|-damage|p2a: Landorus|87\/100\n|-enditem|p2a: Landorus|Sitrus Berry|[from] move: Knock Off|[of] p1a: Andr\u00e9s de la noche\n|\n|-status|p1a: Andr\u00e9s de la noche|tox|[from] item: Toxic Orb\n|upkeep\n|turn|2\n|\n|t:|1700320130\n|move|p2a: Landorus|Stealth Rock|p1a: Andr\u00e9s de la noche\n|-sidestart|p1: elsenordelanoche2|move: Stealth Rock\n|move|p1a: Andr\u00e9s de la noche|Toxic|p2a: Landorus\n|-status|p2a: Landorus|tox\n|\n|-damage|p2a: Landorus|81\/100 tox|[from] psn\n|upkeep\n|turn|3\n|\n|t:|1700320210\n|switch|p2a: Darmanitan|Darmanitan, F|100\/100\n|switch|p1a: Troncoso|Gallade, M|100\/100\n|-damage|p1a: Troncoso|94\/100|[from] Stealth Rock\n|\n|upkeep\n|turn|4\n|\n|t:|1700320226\n|switch|p1a: Carlos|Luxio, F|100\/100\n|-damage|p1a: Carlos|88\/100|[from] Stealth Rock\n|-ability|p1a: Carlos|Intimidate|boost\n|-unboost|p2a: Darmanitan|atk|1\n|move|p2a: Darmanitan|U-turn|p1a: Carlos\n|-damage|p1a: Carlos|66\/100\n|\n|t:|1700320246\n|switch|p2a: Serperior|Serperior, F|100\/100|[from] U-turn\n|\n|upkeep\n|turn|5\n|\n|t:|1700320257\n|move|p2a: Serperior|Leaf Storm|p1a: Carlos\n|-damage|p1a: Carlos|25\/100\n|-boost|p2a: Serperior|spa|2\n|move|p1a: Carlos|Toxic|p2a: Serperior\n|-status|p2a: Serperior|tox\n|\n|-damage|p2a: Serperior|94\/100 tox|[from] psn\n|upkeep\n|turn|6\n|\n|t:|1700320270\n|move|p1a: Carlos|Protect|p1a: Carlos\n|-singleturn|p1a: Carlos|Protect\n|move|p2a: Serperior|Leaf Storm|p1a: Carlos\n|-activate|p1a: Carlos|move: Protect\n|\n|-damage|p2a: Serperior|82\/100 tox|[from] psn\n|upkeep\n|turn|7\n|\n|t:|1700320280\n|move|p1a: Carlos|Quick Attack|p2a: Serperior\n|-damage|p2a: Serperior|72\/100 tox\n|move|p2a: Serperior|Dragon Pulse|p1a: Carlos\n|-damage|p1a: Carlos|0 fnt\n|faint|p1a: Carlos\n|\n|-damage|p2a: Serperior|53\/100 tox|[from] psn\n|upkeep\n|\n|t:|1700320297\n|switch|p1a: Troncoso|Gallade, M|94\/100\n|-damage|p1a: Troncoso|88\/100|[from] Stealth Rock\n|turn|8\n|\n|t:|1700320312\n|move|p1a: Troncoso|Sacred Sword|p2a: Serperior\n|-damage|p2a: Serperior|0 fnt\n|faint|p2a: Serperior\n|\n|upkeep\n|\n|t:|1700320326\n|switch|p2a: Darmanitan|Darmanitan, F|100\/100\n|turn|9\n|\n|t:|1700320380\n|switch|p1a: Andr\u00e9s de la noche|Gliscor, F|100\/100 tox\n|-damage|p1a: Andr\u00e9s de la noche|88\/100 tox|[from] Stealth Rock\n|move|p2a: Darmanitan|Earthquake|p1a: Andr\u00e9s de la noche\n|-immune|p1a: Andr\u00e9s de la noche\n|\n|-heal|p1a: Andr\u00e9s de la noche|100\/100 tox|[from] ability: Poison Heal\n|upkeep\n|turn|10\n|\n|t:|1700320412\n|switch|p2a: Landorus|Landorus-Therian, M|81\/100 tox\n|-ability|p2a: Landorus|Intimidate|boost\n|-unboost|p1a: Andr\u00e9s de la noche|atk|1\n|switch|p1a: Mbappe|Torterra, M|100\/100\n|-damage|p1a: Mbappe|94\/100|[from] Stealth Rock\n|\n|-damage|p2a: Landorus|75\/100 tox|[from] psn\n|upkeep\n|turn|11\n|\n|t:|1700320438\n|move|p2a: Landorus|Earthquake|p1a: Mbappe\n|-resisted|p1a: Mbappe\n|-damage|p1a: Mbappe|68\/100\n|move|p1a: Mbappe|Headlong Rush|p2a: Landorus\n|-immune|p2a: Landorus\n|\n|-damage|p2a: Landorus|64\/100 tox|[from] psn\n|upkeep\n|turn|12\n|\n|t:|1700320452\n|move|p2a: Landorus|Earthquake|p1a: Mbappe\n|-resisted|p1a: Mbappe\n|-damage|p1a: Mbappe|42\/100\n|move|p1a: Mbappe|Shell Smash|p1a: Mbappe\n|-unboost|p1a: Mbappe|def|1\n|-unboost|p1a: Mbappe|spd|1\n|-boost|p1a: Mbappe|atk|2\n|-boost|p1a: Mbappe|spa|2\n|-boost|p1a: Mbappe|spe|2\n|-enditem|p1a: Mbappe|White Herb\n|-clearnegativeboost|p1a: Mbappe|[silent]\n|\n|-damage|p2a: Landorus|46\/100 tox|[from] psn\n|upkeep\n|turn|13\n|inactive|Battle timer is ON: inactive players will automatically lose when time's up. (requested by Nei-tortilla)\n|inactive|elsenordelanoche2 has 270 seconds left.\n|inactive|elsenordelanoche2 has 240 seconds left.\n|\n|t:|1700320603\n|switch|p2a: Jellicent|Jellicent, M|100\/100\n|move|p1a: Mbappe|Seed Bomb|p2a: Jellicent\n|-supereffective|p2a: Jellicent\n|-damage|p2a: Jellicent|0 fnt\n|faint|p2a: Jellicent\n|\n|upkeep\n|\n|t:|1700320611\n|switch|p2a: Galvantula|Galvantula, F, shiny|100\/100\n|turn|14\n|\n|t:|1700320619\n|move|p1a: Mbappe|Iron Head|p2a: Galvantula\n|-resisted|p2a: Galvantula\n|-damage|p2a: Galvantula|52\/100\n|move|p2a: Galvantula|Bug Buzz|p1a: Mbappe\n|-supereffective|p1a: Mbappe\n|-damage|p1a: Mbappe|0 fnt\n|faint|p1a: Mbappe\n|\n|upkeep\n|\n|t:|1700320645\n|switch|p1a: Andr\u00e9s de la noche|Gliscor, F|100\/100 tox\n|-damage|p1a: Andr\u00e9s de la noche|88\/100 tox|[from] Stealth Rock\n|turn|15\n|\n|t:|1700320657\n|move|p2a: Galvantula|Sticky Web|p1a: Andr\u00e9s de la noche\n|-sidestart|p1: elsenordelanoche2|move: Sticky Web\n|move|p1a: Andr\u00e9s de la noche|Knock Off|p2a: Galvantula\n|-damage|p2a: Galvantula|12\/100\n|-enditem|p2a: Galvantula|Focus Sash|[from] move: Knock Off|[of] p1a: Andr\u00e9s de la noche\n|\n|-heal|p1a: Andr\u00e9s de la noche|100\/100 tox|[from] ability: Poison Heal\n|upkeep\n|turn|16\n|\n|t:|1700320665\n|move|p2a: Galvantula|Bug Buzz|p1a: Andr\u00e9s de la noche\n|-resisted|p1a: Andr\u00e9s de la noche\n|-damage|p1a: Andr\u00e9s de la noche|76\/100 tox\n|move|p1a: Andr\u00e9s de la noche|Knock Off|p2a: Galvantula\n|-damage|p2a: Galvantula|0 fnt\n|faint|p2a: Galvantula\n|\n|-heal|p1a: Andr\u00e9s de la noche|88\/100 tox|[from] ability: Poison Heal\n|upkeep\n|\n|t:|1700320681\n|switch|p2a: Landorus|Landorus-Therian, M|46\/100 tox\n|-ability|p2a: Landorus|Intimidate|boost\n|-unboost|p1a: Andr\u00e9s de la noche|atk|1\n|turn|17\n|\n|t:|1700320693\n|move|p1a: Andr\u00e9s de la noche|Protect|p1a: Andr\u00e9s de la noche\n|-singleturn|p1a: Andr\u00e9s de la noche|Protect\n|move|p2a: Landorus|Bulk Up|p2a: Landorus\n|-boost|p2a: Landorus|atk|1\n|-boost|p2a: Landorus|def|1\n|\n|-damage|p2a: Landorus|40\/100 tox|[from] psn\n|-heal|p1a: Andr\u00e9s de la noche|100\/100 tox|[from] ability: Poison Heal\n|upkeep\n|turn|18\n|\n|t:|1700320712\n|move|p2a: Landorus|Stone Edge|p1a: Andr\u00e9s de la noche\n|-damage|p1a: Andr\u00e9s de la noche|66\/100 tox\n|move|p1a: Andr\u00e9s de la noche|Knock Off|p2a: Landorus\n|-damage|p2a: Landorus|33\/100 tox\n|\n|-damage|p2a: Landorus|21\/100 tox|[from] psn\n|-heal|p1a: Andr\u00e9s de la noche|78\/100 tox|[from] ability: Poison Heal\n|upkeep\n|turn|19\n|\n|t:|1700320733\n|move|p2a: Landorus|Stone Edge|p1a: Andr\u00e9s de la noche\n|-damage|p1a: Andr\u00e9s de la noche|42\/100 tox\n|move|p1a: Andr\u00e9s de la noche|Earthquake|p2a: Landorus\n|-immune|p2a: Landorus\n|\n|-damage|p2a: Landorus|3\/100 tox|[from] psn\n|-heal|p1a: Andr\u00e9s de la noche|54\/100 tox|[from] ability: Poison Heal\n|upkeep\n|turn|20\n|inactive|elsenordelanoche2 has 270 seconds left.\n|\n|t:|1700320766\n|move|p2a: Landorus|Stone Edge|p1a: Andr\u00e9s de la noche\n|-damage|p1a: Andr\u00e9s de la noche|21\/100 tox\n|move|p1a: Andr\u00e9s de la noche|Knock Off|p2a: Landorus\n|-damage|p2a: Landorus|0 fnt\n|faint|p2a: Landorus\n|\n|-heal|p1a: Andr\u00e9s de la noche|33\/100 tox|[from] ability: Poison Heal\n|upkeep\n|\n|t:|1700320779\n|switch|p2a: Bisharp|Bisharp, F|100\/100\n|turn|21\n|inactive|elsenordelanoche2 has 270 seconds left.\n|inactive|elsenordelanoche2 has 240 seconds left.\n|\n|t:|1700320835\n|move|p2a: Bisharp|Knock Off|p1a: Andr\u00e9s de la noche\n|-damage|p1a: Andr\u00e9s de la noche|0 fnt\n|-enditem|p1a: Andr\u00e9s de la noche|Toxic Orb|[from] move: Knock Off|[of] p2a: Bisharp\n|faint|p1a: Andr\u00e9s de la noche\n|\n|upkeep\n|inactive|elsenordelanoche2 has 210 seconds left.\n|\n|t:|1700320856\n|switch|p1a: Troncoso|Gallade, M|88\/100\n|-damage|p1a: Troncoso|82\/100|[from] Stealth Rock\n|-activate|p1a: Troncoso|move: Sticky Web\n|-unboost|p1a: Troncoso|spe|1\n|turn|22\n|inactive|elsenordelanoche2 has 210 seconds left.\n|inactive|Nei-tortilla has 270 seconds left.\n|\n|t:|1700320881\n|move|p2a: Bisharp|Sucker Punch|p1a: Troncoso\n|-damage|p1a: Troncoso|6\/100\n|move|p1a: Troncoso|Sacred Sword|p2a: Bisharp\n|-supereffective|p2a: Bisharp\n|-damage|p2a: Bisharp|0 fnt\n|faint|p2a: Bisharp\n|\n|upkeep\n|inactive|Nei-tortilla has 270 seconds left.\n|\n|t:|1700320889\n|switch|p2a: Darmanitan|Darmanitan, F|100\/100\n|turn|23\n|\n|t:|1700320894\n|move|p2a: Darmanitan|Earthquake|p1a: Troncoso\n|-damage|p1a: Troncoso|0 fnt\n|faint|p1a: Troncoso\n|\n|upkeep\n|\n|t:|1700320900\n|switch|p1a: Me la magmas|Heatran, M|100\/100\n|-damage|p1a: Me la magmas|88\/100|[from] Stealth Rock\n|-activate|p1a: Me la magmas|move: Sticky Web\n|-unboost|p1a: Me la magmas|spe|1\n|turn|24\n|\n|t:|1700320906\n|-terastallize|p1a: Me la magmas|Grass\n|move|p2a: Darmanitan|Earthquake|p1a: Me la magmas\n|-resisted|p1a: Me la magmas\n|-damage|p1a: Me la magmas|73\/100\n|move|p1a: Me la magmas|Earth Power|p2a: Darmanitan\n|-supereffective|p2a: Darmanitan\n|-damage|p2a: Darmanitan|0 fnt\n|faint|p2a: Darmanitan\n|\n|win|elsenordelanoche2\n","uploadtime":1700320916,"views":21,"p1id":"elsenordelanoche2","p2id":"neitortilla","formatid":"gen9nationaldex","rating":0,"private":0,"password":""}