{"id":"gen9nationaldex-2000375214","p1":"Torrente777","p2":"MrLukis","format":"[Gen 9] National Dex","log":"|html|<div class=\"broadcast-blue\"><strong>[Gen 9] National Dex is currently suspecting Sneasler! For information on how to participate check out the <a href=\"https:\/\/www.smogon.com\/forums\/threads\/sv-national-dex-suspect-8-just-dance.3731534\/\">suspect thread<\/a>.<\/strong><\/div>\n|j|\u2606Torrente777\n|j|\u2606MrLukis\n|t:|1701189513\n|gametype|singles\n|player|p1|Torrente777|biker-gen4|\n|player|p2|MrLukis|hugh|\n|teamsize|p1|6\n|teamsize|p2|6\n|gen|9\n|tier|[Gen 9] National Dex\n|rule|HP Percentage Mod: HP is shown in percentages\n|rule|Endless Battle Clause: Forcing endless battles is banned\n|rule|OHKO Clause: OHKO moves are banned\n|rule|Evasion Clause: Evasion abilities, items, and moves are banned\n|rule|Evasion Abilities Clause: Evasion abilities are banned\n|rule|Evasion Items Clause: Evasion items are banned\n|rule|Evasion Moves Clause: Evasion moves are banned\n|rule|Species Clause: Limit one of each Pok\u00e9mon\n|rule|Sleep Clause Mod: Limit one foe put to sleep\n|clearpoke\n|poke|p1|Entei|\n|poke|p1|Torkoal, F|\n|poke|p1|Magmortar, M|\n|poke|p1|Darmanitan, F|\n|poke|p1|Flareon, M|\n|poke|p1|Arcanine, F|\n|poke|p2|Raichu, M|\n|poke|p2|Luxray, M|\n|poke|p2|Raikou|\n|poke|p2|Ampharos, M|\n|poke|p2|Electivire, M|\n|poke|p2|Jolteon, M|\n|teampreview\n|inactive|Battle timer is ON: inactive players will automatically lose when time's up. (requested by MrLukis)\n|c|\u2606MrLukis|hola\n|\n|t:|1701189530\n|start\n|switch|p1a: Torkoal|Torkoal, F|100\/100\n|switch|p2a: Nosoytiposiniestro|Luxray, M, shiny|100\/100\n|-weather|SunnyDay|[from] ability: Drought|[of] p1a: Torkoal\n|turn|1\n|c|\u2606Torrente777|buenas\n|\n|t:|1701189551\n|move|p2a: Nosoytiposiniestro|Rain Dance|p2a: Nosoytiposiniestro\n|-weather|RainDance\n|move|p1a: Torkoal|Stealth Rock|p2a: Nosoytiposiniestro\n|-sidestart|p2: MrLukis|move: Stealth Rock\n|\n|-weather|RainDance|[upkeep]\n|-status|p2a: Nosoytiposiniestro|brn|[from] item: Flame Orb\n|upkeep\n|turn|2\n|\n|t:|1701189566\n|move|p2a: Nosoytiposiniestro|Wild Charge|p1a: Torkoal\n|-damage|p1a: Torkoal|57\/100\n|-damage|p2a: Nosoytiposiniestro|90\/100 brn|[from] Recoil\n|move|p1a: Torkoal|Yawn||[still]\n|-fail|p1a: Torkoal\n|\n|-weather|RainDance|[upkeep]\n|-heal|p1a: Torkoal|63\/100|[from] item: Leftovers\n|-damage|p2a: Nosoytiposiniestro|84\/100 brn|[from] brn\n|upkeep\n|turn|3\n|c|\u2606Torrente777|no me puse teratipos\n|c|\u2606MrLukis|asi es la vida\n|c|\u2606Torrente777|para q veas que es full monotype\n|c|\u2606MrLukis|no usare teratipos entonces\n|inactive|Torrente777 has 270 seconds left.\n|\n|t:|1701189603\n|move|p2a: Nosoytiposiniestro|Volt Switch|p1a: Torkoal\n|-damage|p1a: Torkoal|38\/100\n|\n|t:|1701189616\n|switch|p2a: Abascal|Raikou, shiny|100\/100|[from] Volt Switch\n|-damage|p2a: Abascal|88\/100|[from] Stealth Rock\n|-item|p2a: Abascal|Air Balloon\n|move|p1a: Torkoal|Lava Plume|p2a: Abascal\n|-damage|p2a: Abascal|77\/100\n|-enditem|p2a: Abascal|Air Balloon\n|\n|-weather|RainDance|[upkeep]\n|-heal|p1a: Torkoal|44\/100|[from] item: Leftovers\n|upkeep\n|turn|4\n|inactive|Torrente777 has 270 seconds left.\n|\n|t:|1701189628\n|move|p2a: Abascal|Thunderbolt|p1a: Torkoal\n|-damage|p1a: Torkoal|0 fnt\n|faint|p1a: Torkoal\n|\n|-weather|RainDance|[upkeep]\n|upkeep\n|\n|t:|1701189653\n|switch|p1a: Flareon|Flareon, M|100\/100\n|turn|5\n|\n|t:|1701189662\n|move|p1a: Flareon|Protect|p1a: Flareon\n|-singleturn|p1a: Flareon|Protect\n|move|p2a: Abascal|Thunder Wave|p1a: Flareon\n|-activate|p1a: Flareon|move: Protect\n|\n|-weather|none\n|upkeep\n|turn|6\n|inactive|Torrente777 has 240 seconds left.\n|\n|t:|1701189689\n|move|p2a: Abascal|Volt Switch|p1a: Flareon\n|-damage|p1a: Flareon|63\/100\n|c|\u2606Torrente777|when puse mal al flareon\n|\n|t:|1701189698\n|switch|p2a: Pies r\u00e1pidos|Jolteon, M|100\/100|[from] Volt Switch\n|-damage|p2a: Pies r\u00e1pidos|88\/100|[from] Stealth Rock\n|move|p1a: Flareon|Flame Charge|p2a: Pies r\u00e1pidos\n|-damage|p2a: Pies r\u00e1pidos|29\/100\n|-boost|p1a: Flareon|spe|1\n|-damage|p1a: Flareon|53\/100|[from] item: Life Orb\n|\n|-status|p2a: Pies r\u00e1pidos|brn|[from] item: Flame Orb\n|upkeep\n|turn|7\n|c|\u2606Torrente777|as\u00ed es la vida\n|\n|t:|1701189711\n|move|p2a: Pies r\u00e1pidos|Thunderbolt|p1a: Flareon\n|-damage|p1a: Flareon|6\/100\n|move|p1a: Flareon|Flame Charge|p2a: Pies r\u00e1pidos\n|-damage|p2a: Pies r\u00e1pidos|0 fnt\n|-boost|p1a: Flareon|spe|1\n|faint|p2a: Pies r\u00e1pidos\n|-damage|p1a: Flareon|0 fnt|[from] item: Life Orb\n|faint|p1a: Flareon\n|\n|upkeep\n|c|\u2606MrLukis|como asi\n|inactive|Torrente777 has 240 seconds left.\n|c|\u2606Torrente777|lo builde\u00e9 mal\n|\n|t:|1701189735\n|switch|p2a: OvejaMallorquina|Ampharos, M, shiny|100\/100\n|switch|p1a: Magmortar|Magmortar, M|100\/100\n|-damage|p2a: OvejaMallorquina|88\/100|[from] Stealth Rock\n|turn|8\n|c|\u2606MrLukis|esta bien culero\n|inactive|Torrente777 has 240 seconds left.\n|\n|t:|1701189743\n|move|p1a: Magmortar|Scorching Sands|p2a: OvejaMallorquina\n|-supereffective|p2a: OvejaMallorquina\n|-enditem|p2a: OvejaMallorquina|Shuca Berry|[eat]\n|-enditem|p2a: OvejaMallorquina|Shuca Berry|[weaken]\n|-damage|p2a: OvejaMallorquina|53\/100\n|move|p2a: OvejaMallorquina|Power Gem|p1a: Magmortar\n|-supereffective|p1a: Magmortar\n|-damage|p1a: Magmortar|27\/100\n|\n|upkeep\n|turn|9\n|inactive|Torrente777 has 240 seconds left.\n|\n|t:|1701189758\n|move|p1a: Magmortar|Flamethrower|p2a: OvejaMallorquina\n|-damage|p2a: OvejaMallorquina|0 fnt\n|faint|p2a: OvejaMallorquina\n|\n|upkeep\n|\n|t:|1701189767\n|switch|p2a: Abascal|Raikou, shiny|77\/100\n|-damage|p2a: Abascal|64\/100|[from] Stealth Rock\n|turn|10\n|\n|t:|1701189773\n|move|p2a: Abascal|Volt Switch|p1a: Magmortar\n|-crit|p1a: Magmortar\n|-damage|p1a: Magmortar|0 fnt\n|faint|p1a: Magmortar\n|\n|t:|1701189780\n|switch|p2a: Nosoytiposiniestro|Luxray, M, shiny|84\/100 brn|[from] Volt Switch\n|-damage|p2a: Nosoytiposiniestro|72\/100 brn|[from] Stealth Rock\n|\n|-damage|p2a: Nosoytiposiniestro|66\/100 brn|[from] brn\n|upkeep\n|c|\u2606Torrente777|critico\n|c|\u2606MrLukis|igual lo mataba\n|\n|t:|1701189797\n|switch|p1a: Darmanitan|Darmanitan, F|100\/100\n|turn|11\n|\n|t:|1701189803\n|move|p1a: Darmanitan|Earthquake|p2a: Nosoytiposiniestro\n|-supereffective|p2a: Nosoytiposiniestro\n|-crit|p2a: Nosoytiposiniestro\n|-damage|p2a: Nosoytiposiniestro|0 fnt\n|faint|p2a: Nosoytiposiniestro\n|-damage|p1a: Darmanitan|91\/100|[from] item: Life Orb\n|\n|upkeep\n|inactive|MrLukis has 270 seconds left.\n|\n|t:|1701189835\n|switch|p2a: Wilson|Raichu, M, shiny|100\/100\n|-damage|p2a: Wilson|88\/100|[from] Stealth Rock\n|turn|12\n|\n|t:|1701189841\n|move|p2a: Wilson|Surf|p1a: Darmanitan\n|-supereffective|p1a: Darmanitan\n|-damage|p1a: Darmanitan|10\/100\n|move|p1a: Darmanitan|Earthquake|p2a: Wilson\n|-supereffective|p2a: Wilson\n|-damage|p2a: Wilson|0 fnt\n|faint|p2a: Wilson\n|-damage|p1a: Darmanitan|0 fnt|[from] item: Life Orb\n|faint|p1a: Darmanitan\n|\n|upkeep\n|inactive|Torrente777 has 270 seconds left.\n|c|\u2606MrLukis|flipo\n|\n|t:|1701189852\n|switch|p2a: Barriga enchufera|Electivire, M, shiny|100\/100\n|switch|p1a: Entei|Entei|100\/100\n|-damage|p2a: Barriga enchufera|88\/100|[from] Stealth Rock\n|turn|13\n|inactive|Torrente777 has 270 seconds left.\n|\n|t:|1701189863\n|-terastallize|p1a: Entei|Fire\n|move|p1a: Entei|Sacred Fire|p2a: Barriga enchufera\n|-damage|p2a: Barriga enchufera|0 fnt\n|faint|p2a: Barriga enchufera\n|\n|upkeep\n|c|\u2606Torrente777|flipo pepinillos\n|c|\u2606MrLukis|lo de no usar teratipos te lo llevaste\n|\n|t:|1701189874\n|switch|p2a: Abascal|Raikou, shiny|64\/100\n|-damage|p2a: Abascal|52\/100|[from] Stealth Rock\n|turn|14\n|\n|t:|1701189878\n|move|p2a: Abascal|Thunderbolt|p1a: Entei\n|-damage|p1a: Entei|49\/100\n|move|p1a: Entei|Sacred Fire|p2a: Abascal\n|-damage|p2a: Abascal|0 fnt\n|faint|p2a: Abascal\n|\n|win|Torrente777\n|c|\u2606Torrente777|sigue siendo fuego\n","uploadtime":1701189887,"views":7,"p1id":"torrente777","p2id":"mrlukis","formatid":"gen9nationaldex","rating":0,"private":0,"password":""}