{"id":"gen9nationaldex-1991139835","p1":"MoraKun","p2":"cvbfhgd","format":"[Gen 9] National Dex","log":"|j|\u2606MoraKun\n|j|\u203dcvbfhgd\n|t:|1700048953\n|gametype|singles\n|player|p1|MoraKun|n|1292\n|player|p2|cvbfhgd|1|1328\n|teamsize|p1|6\n|teamsize|p2|6\n|gen|9\n|tier|[Gen 9] National Dex\n|rated|\n|rule|HP Percentage Mod: HP is shown in percentages\n|rule|Endless Battle Clause: Forcing endless battles is banned\n|rule|OHKO Clause: OHKO moves are banned\n|rule|Evasion Clause: Evasion abilities, items, and moves are banned\n|rule|Evasion Abilities Clause: Evasion abilities are banned\n|rule|Evasion Items Clause: Evasion items are banned\n|rule|Evasion Moves Clause: Evasion moves are banned\n|rule|Species Clause: Limit one of each Pok\u00e9mon\n|rule|Sleep Clause Mod: Limit one foe put to sleep\n|clearpoke\n|poke|p1|Alomomola, F|\n|poke|p1|Banette, F|\n|poke|p1|Charizard, F|\n|poke|p1|Clodsire, F|\n|poke|p1|Corviknight, F|\n|poke|p1|Diancie|\n|poke|p2|Ogerpon, F|\n|poke|p2|Zapdos|\n|poke|p2|Heatran, M|\n|poke|p2|Urshifu-*, M|\n|poke|p2|Scizor, F|\n|poke|p2|Hatterene, F|\n|teampreview\n|inactive|Battle timer is ON: inactive players will automatically lose when time's up. (requested by cvbfhgd)\n|\n|t:|1700048979\n|start\n|switch|p1a: Draculaura|Charizard, F, shiny|100\/100\n|switch|p2a: Hatterene|Hatterene, F|100\/100\n|turn|1\n|\n|t:|1700048993\n|switch|p1a: Bananera|Banette, F, shiny|100\/100\n|switch|p2a: Heatran|Heatran, M|100\/100\n|\n|upkeep\n|turn|2\n|\n|t:|1700049008\n|move|p2a: Heatran|Taunt|p1a: Bananera\n|-start|p1a: Bananera|move: Taunt\n|cant|p1a: Bananera|move: Taunt|Thunder Wave\n|\n|upkeep\n|turn|3\n|\n|t:|1700049015\n|switch|p1a: Imunt|Clodsire, F, shiny|100\/100\n|move|p2a: Heatran|Magma Storm|p1a: Imunt\n|-damage|p1a: Imunt|77\/100\n|-activate|p1a: Imunt|move: Magma Storm|[of] p2a: Heatran\n|\n|-heal|p1a: Imunt|83\/100|[from] item: Black Sludge\n|-damage|p1a: Imunt|71\/100|[from] move: Magma Storm|[partiallytrapped]\n|upkeep\n|turn|4\n|\n|t:|1700049039\n|-terastallize|p2a: Heatran|Grass\n|move|p2a: Heatran|Taunt|p1a: Imunt\n|-start|p1a: Imunt|move: Taunt\n|cant|p1a: Imunt|move: Taunt|Curse\n|\n|-heal|p1a: Imunt|77\/100|[from] item: Black Sludge\n|-damage|p1a: Imunt|65\/100|[from] move: Magma Storm|[partiallytrapped]\n|upkeep\n|turn|5\n|\n|t:|1700049050\n|move|p2a: Heatran|Earth Power|p1a: Imunt\n|-supereffective|p1a: Imunt\n|-damage|p1a: Imunt|34\/100\n|move|p1a: Imunt|Poison Jab|p2a: Heatran\n|-supereffective|p2a: Heatran\n|-damage|p2a: Heatran|64\/100\n|-status|p2a: Heatran|psn\n|\n|-heal|p2a: Heatran|70\/100 psn|[from] item: Leftovers\n|-heal|p1a: Imunt|41\/100|[from] item: Black Sludge\n|-damage|p2a: Heatran|58\/100 psn|[from] psn\n|-damage|p1a: Imunt|28\/100|[from] move: Magma Storm|[partiallytrapped]\n|upkeep\n|turn|6\n|\n|t:|1700049069\n|move|p2a: Heatran|Earth Power|p1a: Imunt\n|-supereffective|p1a: Imunt\n|-damage|p1a: Imunt|0 fnt\n|faint|p1a: Imunt\n|\n|-heal|p2a: Heatran|64\/100 psn|[from] item: Leftovers\n|-damage|p2a: Heatran|52\/100 psn|[from] psn\n|upkeep\n|\n|t:|1700049083\n|switch|p1a: Silvina|Corviknight, F, shiny|100\/100\n|turn|7\n|\n|t:|1700049093\n|switch|p2a: Zapdos|Zapdos|100\/100\n|move|p1a: Silvina|Drill Peck|p2a: Zapdos\n|-resisted|p2a: Zapdos\n|-damage|p2a: Zapdos|87\/100\n|-damage|p1a: Silvina|84\/100|[from] item: Rocky Helmet|[of] p2a: Zapdos\n|\n|-heal|p1a: Silvina|90\/100|[from] item: Leftovers\n|upkeep\n|turn|8\n|\n|t:|1700049104\n|switch|p1a: Roskaia|Diancie, shiny|100\/100\n|move|p2a: Zapdos|Volt Switch|p1a: Roskaia\n|-damage|p1a: Roskaia|73\/100\n|\n|t:|1700049130\n|switch|p2a: Ogerpon|Ogerpon, F|100\/100|[from] Volt Switch\n|\n|upkeep\n|turn|9\n|\n|t:|1700049137\n|switch|p1a: Draculaura|Charizard, F, shiny|100\/100\n|move|p2a: Ogerpon|Ivy Cudgel|p1a: Draculaura\n|-resisted|p1a: Draculaura\n|-crit|p1a: Draculaura\n|-damage|p1a: Draculaura|73\/100\n|\n|upkeep\n|turn|10\n|\n|t:|1700049149\n|switch|p2a: Heatran|Heatran, M, tera:Grass|52\/100 psn\n|detailschange|p1a: Draculaura|Charizard-Mega-Y, F, shiny\n|-mega|p1a: Draculaura|Charizard|Charizardite Y\n|-weather|SunnyDay|[from] ability: Drought|[of] p1a: Draculaura\n|move|p1a: Draculaura|Air Slash|p2a: Heatran\n|-supereffective|p2a: Heatran\n|-damage|p2a: Heatran|0 fnt\n|faint|p2a: Heatran\n|\n|-weather|SunnyDay|[upkeep]\n|upkeep\n|inactive|cvbfhgd has 120 seconds left.\n|\n|t:|1700049180\n|switch|p2a: Zapdos|Zapdos|87\/100\n|turn|11\n|\n|t:|1700049185\n|move|p1a: Draculaura|Flamethrower|p2a: Zapdos\n|-damage|p2a: Zapdos|10\/100\n|move|p2a: Zapdos|Volt Switch|p1a: Draculaura\n|-supereffective|p1a: Draculaura\n|-damage|p1a: Draculaura|18\/100\n|inactive|cvbfhgd has 120 seconds left.\n|inactive|cvbfhgd has 90 seconds left.\n|\n|t:|1700049221\n|switch|p2a: Scizor|Scizor, F|100\/100|[from] Volt Switch\n|\n|-weather|SunnyDay|[upkeep]\n|upkeep\n|turn|12\n|inactive|MoraKun has 120 seconds left.\n|\n|t:|1700049258\n|switch|p1a: Bananera|Banette, F, shiny|100\/100\n|detailschange|p2a: Scizor|Scizor-Mega, F\n|-mega|p2a: Scizor|Scizor|Scizorite\n|move|p2a: Scizor|Bullet Punch|p1a: Bananera\n|-damage|p1a: Bananera|61\/100\n|\n|-weather|SunnyDay|[upkeep]\n|upkeep\n|turn|13\n|inactive|MoraKun has 120 seconds left.\n|\n|t:|1700049271\n|switch|p2a: Hatterene|Hatterene, F|100\/100\n|move|p1a: Bananera|Thunder Wave|p2a: Hatterene\n|move|p2a: Hatterene|Thunder Wave|p1a: Bananera|[from]ability: Magic Bounce|[miss]\n|-miss|p2a: Hatterene|p1a: Bananera\n|\n|-weather|SunnyDay|[upkeep]\n|upkeep\n|turn|14\n|inactive|MoraKun has 120 seconds left.\n|\n|t:|1700049289\n|move|p1a: Bananera|Poltergeist|p2a: Hatterene\n|-activate|p2a: Hatterene|move: Poltergeist|Leftovers\n|-supereffective|p2a: Hatterene\n|-damage|p2a: Hatterene|2\/100\n|move|p2a: Hatterene|Mystical Fire|p1a: Bananera\n|-damage|p1a: Bananera|15\/100\n|-unboost|p1a: Bananera|spa|1\n|\n|-weather|none\n|-heal|p2a: Hatterene|8\/100|[from] item: Leftovers\n|upkeep\n|turn|15\n|inactive|MoraKun has 120 seconds left.\n|inactive|cvbfhgd has 90 seconds left.\n|\n|t:|1700049315\n|switch|p2a: Zapdos|Zapdos|10\/100\n|move|p1a: Bananera|Shadow Sneak|p2a: Zapdos\n|-damage|p2a: Zapdos|0 fnt\n|-damage|p1a: Bananera|0 fnt|[from] item: Rocky Helmet|[of] p2a: Zapdos\n|faint|p2a: Zapdos\n|faint|p1a: Bananera\n|\n|upkeep\n|inactive|MoraKun has 120 seconds left.\n|\n|t:|1700049336\n|switch|p2a: Scizor|Scizor-Mega, F|100\/100\n|switch|p1a: Silvina|Corviknight, F, shiny|90\/100\n|turn|16\n|inactive|MoraKun has 120 seconds left.\n|\n|t:|1700049355\n|move|p2a: Scizor|Swords Dance|p2a: Scizor\n|-boost|p2a: Scizor|atk|2\n|move|p1a: Silvina|Bulk Up|p1a: Silvina\n|-boost|p1a: Silvina|atk|1\n|-boost|p1a: Silvina|def|1\n|\n|-heal|p1a: Silvina|96\/100|[from] item: Leftovers\n|upkeep\n|turn|17\n|inactive|MoraKun has 120 seconds left.\n|inactive|cvbfhgd has 60 seconds left.\n|\n|t:|1700049372\n|switch|p2a: Ogerpon|Ogerpon, F|100\/100\n|-terastallize|p1a: Silvina|Flying\n|move|p1a: Silvina|Drill Peck|p2a: Ogerpon\n|-supereffective|p2a: Ogerpon\n|-damage|p2a: Ogerpon|0 fnt\n|faint|p2a: Ogerpon\n|\n|-heal|p1a: Silvina|100\/100|[from] item: Leftovers\n|upkeep\n|inactive|cvbfhgd has 60 seconds left.\n|-message|cvbfhgd forfeited.\n|\n|win|MoraKun\n|raw|MoraKun's rating: 1292 &rarr; <strong>1320<\/strong><br \/>(+28 for winning)\n|raw|cvbfhgd's rating: 1328 &rarr; <strong>1306<\/strong><br \/>(-22 for losing)\n|l|\u203dcvbfhgd\n","uploadtime":1700049386,"views":8,"p1id":"morakun","p2id":"cvbfhgd","formatid":"gen9nationaldex","rating":1306,"private":0,"password":""}