{"id":"gen9nationaldex-1996483944","p1":"StarChaserV","p2":"lord cupset","format":"[Gen 9] National Dex","log":"|html|<div class=\"broadcast-blue\"><strong>[Gen 9] National Dex is currently suspecting Sneasler! For information on how to participate check out the <a href=\"https:\/\/www.smogon.com\/forums\/threads\/sv-national-dex-suspect-8-just-dance.3731534\/\">suspect thread<\/a>.<\/strong><\/div>\n|j|\u2606StarChaserV\n|j|\u2606lord cupset\n|t:|1700686456\n|gametype|singles\n|player|p1|StarChaserV|tate|1469\n|player|p2|lord cupset|1|1565\n|teamsize|p1|6\n|teamsize|p2|6\n|gen|9\n|tier|[Gen 9] National Dex\n|rated|\n|rule|HP Percentage Mod: HP is shown in percentages\n|rule|Endless Battle Clause: Forcing endless battles is banned\n|rule|OHKO Clause: OHKO moves are banned\n|rule|Evasion Clause: Evasion abilities, items, and moves are banned\n|rule|Evasion Abilities Clause: Evasion abilities are banned\n|rule|Evasion Items Clause: Evasion items are banned\n|rule|Evasion Moves Clause: Evasion moves are banned\n|rule|Species Clause: Limit one of each Pok\u00e9mon\n|rule|Sleep Clause Mod: Limit one foe put to sleep\n|clearpoke\n|poke|p1|Inteleon, F|\n|poke|p1|Dragonite, F|\n|poke|p1|Vivillon-Pokeball, F|\n|poke|p1|Clefable, F|\n|poke|p1|Victini|\n|poke|p1|Jellicent, F|\n|poke|p2|Araquanid, M|\n|poke|p2|Tapu Lele|\n|poke|p2|Medicham, M|\n|poke|p2|Kommo-o, F|\n|poke|p2|Ditto|\n|poke|p2|Zapdos|\n|teampreview\n|inactive|Battle timer is ON: inactive players will automatically lose when time's up. (requested by StarChaserV)\n|\n|t:|1700686462\n|start\n|switch|p1a: Pok\u00e9ball|Vivillon-Pokeball, F|100\/100\n|switch|p2a: Araquanid|Araquanid, M|100\/100\n|turn|1\n|\n|t:|1700686466\n|move|p1a: Pok\u00e9ball|Sleep Powder|p2a: Araquanid\n|-status|p2a: Araquanid|slp|[from] move: Sleep Powder\n|cant|p2a: Araquanid|slp\n|\n|upkeep\n|turn|2\n|\n|t:|1700686468\n|move|p1a: Pok\u00e9ball|Quiver Dance|p1a: Pok\u00e9ball\n|-boost|p1a: Pok\u00e9ball|spa|1\n|-boost|p1a: Pok\u00e9ball|spd|1\n|-boost|p1a: Pok\u00e9ball|spe|1\n|-curestatus|p2a: Araquanid|slp|[msg]\n|move|p2a: Araquanid|Liquidation|p1a: Pok\u00e9ball\n|-damage|p1a: Pok\u00e9ball|17\/100\n|-unboost|p1a: Pok\u00e9ball|def|1\n|\n|upkeep\n|turn|3\n|\n|t:|1700686478\n|move|p1a: Pok\u00e9ball|Sleep Powder|p2a: Araquanid\n|-status|p2a: Araquanid|slp|[from] move: Sleep Powder\n|cant|p2a: Araquanid|slp\n|\n|upkeep\n|turn|4\n|\n|t:|1700686480\n|move|p1a: Pok\u00e9ball|Hurricane|p2a: Araquanid\n|-supereffective|p2a: Araquanid\n|-damage|p2a: Araquanid|26\/100 slp\n|-curestatus|p2a: Araquanid|slp|[msg]\n|move|p2a: Araquanid|Liquidation|p1a: Pok\u00e9ball\n|-damage|p1a: Pok\u00e9ball|0 fnt\n|faint|p1a: Pok\u00e9ball\n|\n|upkeep\n|\n|t:|1700686489\n|switch|p1a: Clef\u00e9f\u00e9|Clefable, F|100\/100\n|turn|5\n|\n|t:|1700686494\n|move|p1a: Clef\u00e9f\u00e9|Cosmic Power|p1a: Clef\u00e9f\u00e9\n|-boost|p1a: Clef\u00e9f\u00e9|def|1\n|-boost|p1a: Clef\u00e9f\u00e9|spd|1\n|move|p2a: Araquanid|Toxic|p1a: Clef\u00e9f\u00e9\n|-status|p1a: Clef\u00e9f\u00e9|tox\n|\n|-damage|p1a: Clef\u00e9f\u00e9|94\/100 tox|[from] psn\n|upkeep\n|turn|6\n|\n|t:|1700686498\n|move|p1a: Clef\u00e9f\u00e9|Cosmic Power|p1a: Clef\u00e9f\u00e9\n|-boost|p1a: Clef\u00e9f\u00e9|def|1\n|-boost|p1a: Clef\u00e9f\u00e9|spd|1\n|move|p2a: Araquanid|Liquidation|p1a: Clef\u00e9f\u00e9\n|-damage|p1a: Clef\u00e9f\u00e9|76\/100 tox\n|\n|-damage|p1a: Clef\u00e9f\u00e9|64\/100 tox|[from] psn\n|upkeep\n|turn|7\n|\n|t:|1700686501\n|move|p1a: Clef\u00e9f\u00e9|Rest|p1a: Clef\u00e9f\u00e9\n|-status|p1a: Clef\u00e9f\u00e9|slp|[from] move: Rest\n|-heal|p1a: Clef\u00e9f\u00e9|100\/100 slp|[silent]\n|-enditem|p1a: Clef\u00e9f\u00e9|Chesto Berry|[eat]\n|-curestatus|p1a: Clef\u00e9f\u00e9|slp|[msg]\n|move|p2a: Araquanid|Liquidation|p1a: Clef\u00e9f\u00e9\n|-damage|p1a: Clef\u00e9f\u00e9|81\/100\n|\n|upkeep\n|turn|8\n|\n|t:|1700686503\n|move|p1a: Clef\u00e9f\u00e9|Cosmic Power|p1a: Clef\u00e9f\u00e9\n|-boost|p1a: Clef\u00e9f\u00e9|def|1\n|-boost|p1a: Clef\u00e9f\u00e9|spd|1\n|move|p2a: Araquanid|Toxic|p1a: Clef\u00e9f\u00e9\n|-status|p1a: Clef\u00e9f\u00e9|tox\n|\n|-damage|p1a: Clef\u00e9f\u00e9|75\/100 tox|[from] psn\n|upkeep\n|turn|9\n|\n|t:|1700686504\n|move|p1a: Clef\u00e9f\u00e9|Cosmic Power|p1a: Clef\u00e9f\u00e9\n|-boost|p1a: Clef\u00e9f\u00e9|def|1\n|-boost|p1a: Clef\u00e9f\u00e9|spd|1\n|move|p2a: Araquanid|Liquidation|p1a: Clef\u00e9f\u00e9\n|-damage|p1a: Clef\u00e9f\u00e9|62\/100 tox\n|\n|-damage|p1a: Clef\u00e9f\u00e9|49\/100 tox|[from] psn\n|upkeep\n|turn|10\n|\n|t:|1700686514\n|move|p1a: Clef\u00e9f\u00e9|Cosmic Power|p1a: Clef\u00e9f\u00e9\n|-boost|p1a: Clef\u00e9f\u00e9|def|1\n|-boost|p1a: Clef\u00e9f\u00e9|spd|1\n|move|p2a: Araquanid|Liquidation|p1a: Clef\u00e9f\u00e9\n|-damage|p1a: Clef\u00e9f\u00e9|38\/100 tox\n|\n|-damage|p1a: Clef\u00e9f\u00e9|20\/100 tox|[from] psn\n|upkeep\n|turn|11\n|\n|t:|1700686517\n|move|p1a: Clef\u00e9f\u00e9|Rest|p1a: Clef\u00e9f\u00e9\n|-status|p1a: Clef\u00e9f\u00e9|slp|[from] move: Rest\n|-heal|p1a: Clef\u00e9f\u00e9|100\/100 slp|[silent]\n|move|p2a: Araquanid|Liquidation|p1a: Clef\u00e9f\u00e9\n|-damage|p1a: Clef\u00e9f\u00e9|90\/100 slp\n|\n|upkeep\n|turn|12\n|\n|t:|1700686519\n|cant|p1a: Clef\u00e9f\u00e9|slp\n|move|p2a: Araquanid|Toxic||[still]\n|-fail|p2a: Araquanid\n|\n|upkeep\n|turn|13\n|\n|t:|1700686521\n|cant|p1a: Clef\u00e9f\u00e9|slp\n|move|p2a: Araquanid|Toxic||[still]\n|-fail|p2a: Araquanid\n|\n|upkeep\n|turn|14\n|\n|t:|1700686524\n|-curestatus|p1a: Clef\u00e9f\u00e9|slp|[msg]\n|move|p1a: Clef\u00e9f\u00e9|Cosmic Power|p1a: Clef\u00e9f\u00e9\n|-boost|p1a: Clef\u00e9f\u00e9|def|1\n|-boost|p1a: Clef\u00e9f\u00e9|spd|1\n|move|p2a: Araquanid|Toxic|p1a: Clef\u00e9f\u00e9\n|-status|p1a: Clef\u00e9f\u00e9|tox\n|\n|-damage|p1a: Clef\u00e9f\u00e9|84\/100 tox|[from] psn\n|upkeep\n|turn|15\n|\n|t:|1700686526\n|move|p1a: Clef\u00e9f\u00e9|Stored Power|p2a: Araquanid\n|-damage|p2a: Araquanid|0 fnt\n|faint|p2a: Araquanid\n|\n|-damage|p1a: Clef\u00e9f\u00e9|72\/100 tox|[from] psn\n|upkeep\n|\n|t:|1700686528\n|switch|p2a: Ditto|Ditto|100\/100\n|-transform|p2a: Ditto|p1a: Clef\u00e9f\u00e9|[from] ability: Imposter\n|turn|16\n|\n|t:|1700686530\n|-terastallize|p1a: Clef\u00e9f\u00e9|Steel\n|move|p2a: Ditto|Stored Power|p1a: Clef\u00e9f\u00e9\n|-resisted|p1a: Clef\u00e9f\u00e9\n|-damage|p1a: Clef\u00e9f\u00e9|49\/100 tox\n|move|p1a: Clef\u00e9f\u00e9|Rest|p1a: Clef\u00e9f\u00e9\n|-status|p1a: Clef\u00e9f\u00e9|slp|[from] move: Rest\n|-heal|p1a: Clef\u00e9f\u00e9|100\/100 slp|[silent]\n|\n|upkeep\n|turn|17\n|\n|t:|1700686539\n|move|p2a: Ditto|Stored Power|p1a: Clef\u00e9f\u00e9\n|-resisted|p1a: Clef\u00e9f\u00e9\n|-damage|p1a: Clef\u00e9f\u00e9|75\/100 slp\n|cant|p1a: Clef\u00e9f\u00e9|slp\n|\n|upkeep\n|turn|18\n|\n|t:|1700686541\n|move|p2a: Ditto|Stored Power|p1a: Clef\u00e9f\u00e9\n|-resisted|p1a: Clef\u00e9f\u00e9\n|-damage|p1a: Clef\u00e9f\u00e9|50\/100 slp\n|cant|p1a: Clef\u00e9f\u00e9|slp\n|\n|upkeep\n|turn|19\n|\n|t:|1700686550\n|move|p2a: Ditto|Stored Power|p1a: Clef\u00e9f\u00e9\n|-resisted|p1a: Clef\u00e9f\u00e9\n|-damage|p1a: Clef\u00e9f\u00e9|28\/100 slp\n|-curestatus|p1a: Clef\u00e9f\u00e9|slp|[msg]\n|move|p1a: Clef\u00e9f\u00e9|Rest|p1a: Clef\u00e9f\u00e9\n|-status|p1a: Clef\u00e9f\u00e9|slp|[from] move: Rest\n|-heal|p1a: Clef\u00e9f\u00e9|100\/100 slp|[silent]\n|\n|upkeep\n|turn|20\n|\n|t:|1700686553\n|move|p2a: Ditto|Stored Power|p1a: Clef\u00e9f\u00e9\n|-resisted|p1a: Clef\u00e9f\u00e9\n|-damage|p1a: Clef\u00e9f\u00e9|77\/100 slp\n|cant|p1a: Clef\u00e9f\u00e9|slp\n|\n|upkeep\n|turn|21\n|\n|t:|1700686556\n|switch|p2a: Zapdos|Zapdos|100\/100\n|cant|p1a: Clef\u00e9f\u00e9|slp\n|\n|upkeep\n|turn|22\n|\n|t:|1700686560\n|switch|p2a: Ditto|Ditto|100\/100\n|-transform|p2a: Ditto|p1a: Clef\u00e9f\u00e9|[from] ability: Imposter\n|-curestatus|p1a: Clef\u00e9f\u00e9|slp|[msg]\n|move|p1a: Clef\u00e9f\u00e9|Stored Power|p2a: Ditto\n|-damage|p2a: Ditto|43\/100\n|\n|upkeep\n|-start|p2a: Ditto|typechange|Fairy|[silent]\n|turn|23\n|\n|t:|1700686562\n|move|p2a: Ditto|Stored Power|p1a: Clef\u00e9f\u00e9\n|-resisted|p1a: Clef\u00e9f\u00e9\n|-damage|p1a: Clef\u00e9f\u00e9|56\/100\n|move|p1a: Clef\u00e9f\u00e9|Stored Power|p2a: Ditto\n|-damage|p2a: Ditto|0 fnt\n|faint|p2a: Ditto\n|\n|upkeep\n|\n|t:|1700686565\n|switch|p2a: Medicham|Medicham, M|100\/100\n|turn|24\n|\n|t:|1700686569\n|detailschange|p2a: Medicham|Medicham-Mega, M\n|-mega|p2a: Medicham|Medicham|Medichamite\n|move|p2a: Medicham|Close Combat|p1a: Clef\u00e9f\u00e9\n|-supereffective|p1a: Clef\u00e9f\u00e9\n|-damage|p1a: Clef\u00e9f\u00e9|6\/100\n|-unboost|p2a: Medicham|def|1\n|-unboost|p2a: Medicham|spd|1\n|move|p1a: Clef\u00e9f\u00e9|Rest|p1a: Clef\u00e9f\u00e9\n|-status|p1a: Clef\u00e9f\u00e9|slp|[from] move: Rest\n|-heal|p1a: Clef\u00e9f\u00e9|100\/100 slp|[silent]\n|\n|upkeep\n|turn|25\n|\n|t:|1700686574\n|move|p2a: Medicham|Close Combat|p1a: Clef\u00e9f\u00e9\n|-supereffective|p1a: Clef\u00e9f\u00e9\n|-damage|p1a: Clef\u00e9f\u00e9|55\/100 slp\n|-unboost|p2a: Medicham|def|1\n|-unboost|p2a: Medicham|spd|1\n|cant|p1a: Clef\u00e9f\u00e9|slp\n|\n|upkeep\n|turn|26\n|\n|t:|1700686577\n|move|p2a: Medicham|Close Combat|p1a: Clef\u00e9f\u00e9\n|-supereffective|p1a: Clef\u00e9f\u00e9\n|-damage|p1a: Clef\u00e9f\u00e9|11\/100 slp\n|-unboost|p2a: Medicham|def|1\n|-unboost|p2a: Medicham|spd|1\n|cant|p1a: Clef\u00e9f\u00e9|slp\n|\n|upkeep\n|turn|27\n|\n|t:|1700686581\n|move|p2a: Medicham|Close Combat|p1a: Clef\u00e9f\u00e9\n|-supereffective|p1a: Clef\u00e9f\u00e9\n|-damage|p1a: Clef\u00e9f\u00e9|0 fnt\n|-unboost|p2a: Medicham|def|1\n|-unboost|p2a: Medicham|spd|1\n|faint|p1a: Clef\u00e9f\u00e9\n|\n|upkeep\n|\n|t:|1700686584\n|switch|p1a: GODtini|Victini|100\/100\n|turn|28\n|\n|t:|1700686587\n|switch|p2a: Zapdos|Zapdos|100\/100\n|-zpower|p1a: GODtini\n|move|p1a: GODtini|Z-Celebrate|p1a: GODtini|[anim]Celebrate\n|-boost|p1a: GODtini|atk|1|[zeffect]\n|-boost|p1a: GODtini|def|1|[zeffect]\n|-boost|p1a: GODtini|spa|1|[zeffect]\n|-boost|p1a: GODtini|spd|1|[zeffect]\n|-boost|p1a: GODtini|spe|1|[zeffect]\n|-activate|p1a: GODtini|move: Celebrate\n|\n|upkeep\n|turn|29\n|\n|t:|1700686591\n|move|p1a: GODtini|Stored Power|p2a: Zapdos\n|-damage|p2a: Zapdos|27\/100\n|move|p2a: Zapdos|Discharge|p1a: GODtini\n|-damage|p1a: GODtini|79\/100\n|\n|upkeep\n|turn|30\n|\n|t:|1700686593\n|move|p1a: GODtini|Stored Power|p2a: Zapdos\n|-crit|p2a: Zapdos\n|-damage|p2a: Zapdos|0 fnt\n|faint|p2a: Zapdos\n|\n|upkeep\n|\n|t:|1700686596\n|switch|p2a: Tapu Lele|Tapu Lele|100\/100\n|-fieldstart|move: Psychic Terrain|[from] ability: Psychic Surge|[of] p2a: Tapu Lele\n|turn|31\n|\n|t:|1700686599\n|-terastallize|p2a: Tapu Lele|Fire\n|move|p1a: GODtini|Searing Shot|p2a: Tapu Lele\n|-resisted|p2a: Tapu Lele\n|-crit|p2a: Tapu Lele\n|-damage|p2a: Tapu Lele|50\/100\n|move|p2a: Tapu Lele|Thunderbolt|p1a: GODtini\n|-damage|p1a: GODtini|60\/100\n|\n|upkeep\n|turn|32\n|\n|t:|1700686602\n|move|p1a: GODtini|Stored Power|p2a: Tapu Lele\n|-damage|p2a: Tapu Lele|0 fnt\n|faint|p2a: Tapu Lele\n|\n|upkeep\n|c|\u2606lord cupset|Ni tan mal\n|c|\u2606lord cupset|La hax.\n|-message|lord cupset forfeited.\n|\n|win|StarChaserV\n|raw|StarChaserV's rating: 1469 &rarr; <strong>1494<\/strong><br \/>(+25 for winning)\n|raw|lord cupset's rating: 1565 &rarr; <strong>1540<\/strong><br \/>(-25 for losing)\n|l|\u2606lord cupset\n","uploadtime":1700686636,"views":1,"p1id":"starchaserv","p2id":"lordcupset","formatid":"gen9nationaldex","rating":1494,"private":0,"password":""}