{"id":"gen9nationaldex-1999286292","p1":"Barkwitz","p2":"Blake-Mamba","format":"[Gen 9] National Dex","log":"|html|<div class=\"broadcast-blue\"><strong>[Gen 9] National Dex is currently suspecting Sneasler! For information on how to participate check out the <a href=\"https:\/\/www.smogon.com\/forums\/threads\/sv-national-dex-suspect-8-just-dance.3731534\/\">suspect thread<\/a>.<\/strong><\/div>\n|j|\u2606Barkwitz\n|j|\u2606Blake-Mamba\n|t:|1701055210\n|gametype|singles\n|player|p1|Barkwitz|janitor|1075\n|player|p2|Blake-Mamba|juan|1132\n|teamsize|p1|6\n|teamsize|p2|6\n|gen|9\n|tier|[Gen 9] National Dex\n|rated|\n|rule|HP Percentage Mod: HP is shown in percentages\n|rule|Endless Battle Clause: Forcing endless battles is banned\n|rule|OHKO Clause: OHKO moves are banned\n|rule|Evasion Clause: Evasion abilities, items, and moves are banned\n|rule|Evasion Abilities Clause: Evasion abilities are banned\n|rule|Evasion Items Clause: Evasion items are banned\n|rule|Evasion Moves Clause: Evasion moves are banned\n|rule|Species Clause: Limit one of each Pok\u00e9mon\n|rule|Sleep Clause Mod: Limit one foe put to sleep\n|clearpoke\n|poke|p1|Tauros-Paldea-Blaze, M|\n|poke|p1|Whimsicott, F|\n|poke|p1|Gyarados, F|\n|poke|p1|Slaking, M|\n|poke|p1|Snorlax, M|\n|poke|p1|Mimikyu, M|\n|poke|p2|Tyrantrum, M|\n|poke|p2|Aurorus, F|\n|poke|p2|Omastar, F|\n|poke|p2|Aerodactyl, F|\n|poke|p2|Rampardos, F|\n|poke|p2|Cradily, F|\n|teampreview\n|inactive|Battle timer is ON: inactive players will automatically lose when time's up. (requested by Barkwitz)\n|\n|t:|1701055215\n|start\n|switch|p1a: Beezlebub|Snorlax, M|100\/100\n|switch|p2a: Lord Helix|Omastar, F|100\/100\n|turn|1\n|\n|t:|1701055229\n|switch|p2a: Stone Cold|Rampardos, F, shiny|100\/100\n|move|p1a: Beezlebub|Belly Drum|p1a: Beezlebub\n|-damage|p1a: Beezlebub|50\/100\n|-setboost|p1a: Beezlebub|atk|6|[from] move: Belly Drum\n|\n|upkeep\n|turn|2\n|-enditem|p1a: Beezlebub|Custap Berry|[eat]\n|-activate|p1a: Beezlebub|item: Custap Berry|[consumed]\n|\n|t:|1701055237\n|move|p1a: Beezlebub|Brick Break|p2a: Stone Cold\n|-supereffective|p2a: Stone Cold\n|-damage|p2a: Stone Cold|0 fnt\n|faint|p2a: Stone Cold\n|\n|upkeep\n|\n|t:|1701055244\n|switch|p2a: Gishath|Tyrantrum, M|100\/100\n|-item|p2a: Gishath|Air Balloon\n|turn|3\n|\n|t:|1701055256\n|move|p2a: Gishath|Head Smash|p1a: Beezlebub\n|-damage|p1a: Beezlebub|0 fnt\n|faint|p1a: Beezlebub\n|\n|upkeep\n|\n|t:|1701055270\n|switch|p1a: Belphegor|Slaking, M|100\/100\n|turn|4\n|\n|t:|1701055273\n|switch|p2a: Bud Might|Cradily, F|100\/100\n|move|p1a: Belphegor|Outrage|p2a: Bud Might\n|-damage|p2a: Bud Might|41\/100\n|-damage|p1a: Belphegor|84\/100|[from] item: Rocky Helmet|[of] p2a: Bud Might\n|\n|upkeep\n|turn|5\n|\n|t:|1701055281\n|cant|p1a: Belphegor|ability: Truant\n|move|p2a: Bud Might|Recover|p2a: Bud Might\n|-heal|p2a: Bud Might|91\/100\n|\n|upkeep\n|turn|6\n|\n|t:|1701055286\n|move|p1a: Belphegor|Outrage|p2a: Bud Might\n|-damage|p2a: Bud Might|36\/100\n|-damage|p1a: Belphegor|67\/100|[from] item: Rocky Helmet|[of] p2a: Bud Might\n|move|p2a: Bud Might|Leech Seed|p1a: Belphegor\n|-start|p1a: Belphegor|move: Leech Seed\n|\n|-damage|p1a: Belphegor|55\/100|[from] Leech Seed|[of] p2a: Bud Might\n|-heal|p2a: Bud Might|51\/100|[silent]\n|upkeep\n|turn|7\n|\n|t:|1701055297\n|cant|p1a: Belphegor|ability: Truant\n|move|p2a: Bud Might|Leech Seed||[still]\n|-fail|p2a: Bud Might\n|\n|-damage|p1a: Belphegor|42\/100|[from] Leech Seed|[of] p2a: Bud Might\n|-heal|p2a: Bud Might|66\/100|[silent]\n|upkeep\n|turn|8\n|\n|t:|1701055304\n|move|p1a: Belphegor|Outrage|p2a: Bud Might\n|-damage|p2a: Bud Might|12\/100\n|-damage|p1a: Belphegor|26\/100|[from] item: Rocky Helmet|[of] p2a: Bud Might\n|move|p2a: Bud Might|Recover|p2a: Bud Might\n|-heal|p2a: Bud Might|63\/100\n|\n|-damage|p1a: Belphegor|13\/100|[from] Leech Seed|[of] p2a: Bud Might\n|-heal|p2a: Bud Might|77\/100|[silent]\n|upkeep\n|turn|9\n|\n|t:|1701055314\n|cant|p1a: Belphegor|ability: Truant\n|move|p2a: Bud Might|Giga Drain|p1a: Belphegor\n|-damage|p1a: Belphegor|0 fnt\n|-heal|p2a: Bud Might|85\/100|[from] drain|[of] p1a: Belphegor\n|faint|p1a: Belphegor\n|\n|upkeep\n|c|\u2606Barkwitz|Slaking is okay with this\n|\n|t:|1701055331\n|switch|p1a: Lucifer|Tauros-Paldea-Blaze, M|100\/100\n|turn|10\n|\n|t:|1701055335\n|-terastallize|p2a: Bud Might|Ghost\n|move|p1a: Lucifer|Raging Bull|p2a: Bud Might\n|-damage|p2a: Bud Might|52\/100\n|-damage|p1a: Lucifer|84\/100|[from] item: Rocky Helmet|[of] p2a: Bud Might\n|move|p2a: Bud Might|Leech Seed|p1a: Lucifer\n|-start|p1a: Lucifer|move: Leech Seed\n|\n|-damage|p1a: Lucifer|72\/100|[from] Leech Seed|[of] p2a: Bud Might\n|-heal|p2a: Bud Might|62\/100|[silent]\n|upkeep\n|turn|11\n|\n|t:|1701055346\n|switch|p1a: Baal|Gyarados, F, shiny|100\/100\n|-ability|p1a: Baal|Intimidate|boost\n|-unboost|p2a: Bud Might|atk|1\n|move|p2a: Bud Might|Ancient Power|p1a: Baal\n|-supereffective|p1a: Baal\n|-damage|p1a: Baal|62\/100\n|\n|upkeep\n|turn|12\n|\n|t:|1701055356\n|-terastallize|p1a: Baal|Steel\n|move|p1a: Baal|Dragon Dance|p1a: Baal\n|-boost|p1a: Baal|atk|1\n|-boost|p1a: Baal|spe|1\n|move|p2a: Bud Might|Giga Drain|p1a: Baal\n|-resisted|p1a: Baal\n|-damage|p1a: Baal|51\/100\n|-heal|p2a: Bud Might|66\/100|[from] drain|[of] p1a: Baal\n|\n|upkeep\n|turn|13\n|\n|t:|1701055366\n|move|p1a: Baal|Dragon Dance|p1a: Baal\n|-boost|p1a: Baal|atk|1\n|-boost|p1a: Baal|spe|1\n|move|p2a: Bud Might|Leech Seed|p1a: Baal\n|-start|p1a: Baal|move: Leech Seed\n|\n|-damage|p1a: Baal|39\/100|[from] Leech Seed|[of] p2a: Bud Might\n|-heal|p2a: Bud Might|77\/100|[silent]\n|upkeep\n|turn|14\n|\n|t:|1701055374\n|move|p1a: Baal|Iron Head|p2a: Bud Might\n|-damage|p2a: Bud Might|5\/100\n|-damage|p1a: Baal|22\/100|[from] item: Rocky Helmet|[of] p2a: Bud Might\n|move|p2a: Bud Might|Recover|p2a: Bud Might\n|-heal|p2a: Bud Might|55\/100\n|\n|-damage|p1a: Baal|10\/100|[from] Leech Seed|[of] p2a: Bud Might\n|-heal|p2a: Bud Might|66\/100|[silent]\n|upkeep\n|turn|15\n|\n|t:|1701055388\n|move|p1a: Baal|Outrage|p2a: Bud Might\n|-damage|p2a: Bud Might|0 fnt\n|-damage|p1a: Baal|0 fnt|[from] item: Rocky Helmet|[of] p2a: Bud Might\n|faint|p2a: Bud Might\n|faint|p1a: Baal\n|\n|upkeep\n|\n|t:|1701055403\n|switch|p1a: Leviathan|Mimikyu, M|100\/100\n|switch|p2a: Lord Helix|Omastar, F|100\/100\n|turn|16\n|\n|t:|1701055409\n|move|p1a: Leviathan|Swords Dance|p1a: Leviathan\n|-boost|p1a: Leviathan|atk|2\n|move|p2a: Lord Helix|Surf|p1a: Leviathan\n|-activate|p1a: Leviathan|ability: Disguise\n|-damage|p1a: Leviathan|100\/100\n|detailschange|p1a: Leviathan|Mimikyu-Busted, M\n|-damage|p1a: Leviathan|88\/100|[from] pokemon: Mimikyu-Busted\n|\n|upkeep\n|turn|17\n|\n|t:|1701055418\n|move|p1a: Leviathan|Wood Hammer|p2a: Lord Helix\n|-supereffective|p2a: Lord Helix\n|-enditem|p2a: Lord Helix|Focus Sash\n|-damage|p2a: Lord Helix|1\/100\n|-ability|p2a: Lord Helix|Weak Armor|boost\n|-unboost|p2a: Lord Helix|def|1\n|-boost|p2a: Lord Helix|spe|2\n|-enditem|p1a: Leviathan|Mirror Herb\n|-boost|p1a: Leviathan|spe|2|[from] item: Mirror Herb\n|-damage|p1a: Leviathan|51\/100|[from] Recoil\n|move|p2a: Lord Helix|Surf|p1a: Leviathan\n|-damage|p1a: Leviathan|0 fnt\n|faint|p1a: Leviathan\n|\n|upkeep\n|\n|t:|1701055428\n|switch|p1a: Anti-Christ|Whimsicott, F, shiny|100\/100\n|turn|18\n|\n|t:|1701055441\n|move|p1a: Anti-Christ|Leech Seed|p2a: Lord Helix\n|-start|p2a: Lord Helix|move: Leech Seed\n|move|p2a: Lord Helix|Ice Beam|p1a: Anti-Christ\n|-supereffective|p1a: Anti-Christ\n|-damage|p1a: Anti-Christ|39\/100\n|-status|p1a: Anti-Christ|frz\n|\n|-heal|p1a: Anti-Christ|46\/100 frz|[from] item: Leftovers\n|-damage|p2a: Lord Helix|0 fnt|[from] Leech Seed|[of] p1a: Anti-Christ\n|-heal|p1a: Anti-Christ|46\/100 frz|[silent]\n|faint|p2a: Lord Helix\n|upkeep\n|\n|t:|1701055453\n|switch|p2a: Gishath|Tyrantrum, M|100\/100\n|-item|p2a: Gishath|Air Balloon\n|turn|19\n|\n|t:|1701055458\n|cant|p1a: Anti-Christ|frz\n|move|p2a: Gishath|Dragon Dance|p2a: Gishath\n|-boost|p2a: Gishath|atk|1\n|-boost|p2a: Gishath|spe|1\n|\n|-heal|p1a: Anti-Christ|52\/100 frz|[from] item: Leftovers\n|upkeep\n|turn|20\n|\n|t:|1701055466\n|move|p2a: Gishath|Head Smash|p1a: Anti-Christ\n|-damage|p1a: Anti-Christ|0 fnt\n|faint|p1a: Anti-Christ\n|\n|upkeep\n|\n|t:|1701055469\n|switch|p1a: Lucifer|Tauros-Paldea-Blaze, M|72\/100\n|turn|21\n|\n|t:|1701055473\n|move|p2a: Gishath|Earthquake|p1a: Lucifer\n|-supereffective|p1a: Lucifer\n|-damage|p1a: Lucifer|0 fnt\n|faint|p1a: Lucifer\n|\n|win|Blake-Mamba\n|raw|Barkwitz's rating: 1075 &rarr; <strong>1057<\/strong><br \/>(-18 for losing)\n|raw|Blake-Mamba's rating: 1132 &rarr; <strong>1153<\/strong><br \/>(+21 for winning)\n|c|\u2606Barkwitz|gg\n|c|\u2606Blake-Mamba|Gg\n","uploadtime":1701055484,"views":1,"p1id":"barkwitz","p2id":"blakemamba","formatid":"gen9nationaldex","rating":1057,"private":0,"password":""}