{"id":"gen9nationaldex-1997794302","p1":"830r","p2":"alfamike","format":"[Gen 9] National Dex","log":"|html|<div class=\"broadcast-blue\"><strong>[Gen 9] National Dex is currently suspecting Sneasler! For information on how to participate check out the <a href=\"https:\/\/www.smogon.com\/forums\/threads\/sv-national-dex-suspect-8-just-dance.3731534\/\">suspect thread<\/a>.<\/strong><\/div>\n|j|\u2606830r\n|j|\u2606alfamike\n|t:|1700853410\n|gametype|singles\n|player|p1|830r|veteran|1333\n|player|p2|alfamike|brock|1366\n|teamsize|p1|6\n|teamsize|p2|6\n|gen|9\n|tier|[Gen 9] National Dex\n|rated|\n|rule|HP Percentage Mod: HP is shown in percentages\n|rule|Endless Battle Clause: Forcing endless battles is banned\n|rule|OHKO Clause: OHKO moves are banned\n|rule|Evasion Clause: Evasion abilities, items, and moves are banned\n|rule|Evasion Abilities Clause: Evasion abilities are banned\n|rule|Evasion Items Clause: Evasion items are banned\n|rule|Evasion Moves Clause: Evasion moves are banned\n|rule|Species Clause: Limit one of each Pok\u00e9mon\n|rule|Sleep Clause Mod: Limit one foe put to sleep\n|clearpoke\n|poke|p1|Toxapex, M|\n|poke|p1|Celesteela|\n|poke|p1|Garganacl, F|\n|poke|p1|Great Tusk|\n|poke|p1|Gliscor, M|\n|poke|p1|Blissey, F|\n|poke|p2|Floatzel, M|\n|poke|p2|Pelipper, M|\n|poke|p2|Poliwrath, M|\n|poke|p2|Tapu Fini|\n|poke|p2|Lanturn, F|\n|poke|p2|Swampert, M|\n|teampreview\n|inactive|Battle timer is ON: inactive players will automatically lose when time's up. (requested by 830r)\n|\n|t:|1700853421\n|start\n|switch|p1a: Garganacl|Garganacl, F|100\/100\n|switch|p2a: Boby|Pelipper, M|100\/100\n|-weather|RainDance|[from] ability: Drizzle|[of] p2a: Boby\n|turn|1\n|\n|t:|1700853431\n|-terastallize|p1a: Garganacl|Ghost\n|move|p2a: Boby|U-turn|p1a: Garganacl\n|-resisted|p1a: Garganacl\n|-damage|p1a: Garganacl|98\/100\n|\n|t:|1700853442\n|switch|p2a: Tapu Fini|Tapu Fini|100\/100|[from] U-turn\n|-fieldstart|move: Misty Terrain|[from] ability: Misty Surge|[of] p2a: Tapu Fini\n|move|p1a: Garganacl|Substitute|p1a: Garganacl\n|-start|p1a: Garganacl|Substitute\n|-damage|p1a: Garganacl|73\/100\n|\n|-weather|RainDance|[upkeep]\n|-heal|p1a: Garganacl|79\/100|[from] item: Leftovers\n|upkeep\n|turn|2\n|\n|t:|1700853455\n|move|p2a: Tapu Fini|Calm Mind|p2a: Tapu Fini\n|-boost|p2a: Tapu Fini|spa|1\n|-boost|p2a: Tapu Fini|spd|1\n|move|p1a: Garganacl|Salt Cure|p2a: Tapu Fini\n|-damage|p2a: Tapu Fini|91\/100\n|-start|p2a: Tapu Fini|Salt Cure\n|\n|-weather|RainDance|[upkeep]\n|-heal|p2a: Tapu Fini|97\/100|[from] item: Leftovers\n|-heal|p1a: Garganacl|85\/100|[from] item: Leftovers\n|-damage|p2a: Tapu Fini|72\/100|[from] Salt Cure\n|upkeep\n|turn|3\n|\n|t:|1700853468\n|move|p2a: Tapu Fini|Taunt|p1a: Garganacl\n|-start|p1a: Garganacl|move: Taunt\n|cant|p1a: Garganacl|move: Taunt|Substitute\n|\n|-weather|RainDance|[upkeep]\n|-heal|p2a: Tapu Fini|78\/100|[from] item: Leftovers\n|-heal|p1a: Garganacl|91\/100|[from] item: Leftovers\n|-damage|p2a: Tapu Fini|53\/100|[from] Salt Cure\n|upkeep\n|turn|4\n|\n|t:|1700853476\n|move|p2a: Tapu Fini|Draining Kiss|p1a: Garganacl\n|-activate|p1a: Garganacl|move: Substitute|[damage]\n|-heal|p2a: Tapu Fini|68\/100|[from] drain|[of] p1a: Garganacl\n|move|p1a: Garganacl|Body Press|p2a: Tapu Fini\n|-resisted|p2a: Tapu Fini\n|-damage|p2a: Tapu Fini|60\/100\n|\n|-weather|RainDance|[upkeep]\n|-heal|p2a: Tapu Fini|66\/100|[from] item: Leftovers\n|-heal|p1a: Garganacl|98\/100|[from] item: Leftovers\n|-damage|p2a: Tapu Fini|41\/100|[from] Salt Cure\n|upkeep\n|turn|5\n|\n|t:|1700853487\n|move|p2a: Tapu Fini|Draining Kiss|p1a: Garganacl\n|-end|p1a: Garganacl|Substitute\n|-heal|p2a: Tapu Fini|49\/100|[from] drain|[of] p1a: Garganacl\n|move|p1a: Garganacl|Body Press|p2a: Tapu Fini\n|-resisted|p2a: Tapu Fini\n|-damage|p2a: Tapu Fini|41\/100\n|\n|-weather|none\n|-heal|p2a: Tapu Fini|47\/100|[from] item: Leftovers\n|-heal|p1a: Garganacl|100\/100|[from] item: Leftovers\n|-damage|p2a: Tapu Fini|22\/100|[from] Salt Cure\n|-end|p1a: Garganacl|move: Taunt\n|-fieldend|Misty Terrain\n|upkeep\n|turn|6\n|\n|t:|1700853501\n|move|p2a: Tapu Fini|Taunt|p1a: Garganacl\n|-start|p1a: Garganacl|move: Taunt\n|cant|p1a: Garganacl|move: Taunt|Substitute\n|\n|-heal|p2a: Tapu Fini|28\/100|[from] item: Leftovers\n|-damage|p2a: Tapu Fini|3\/100|[from] Salt Cure\n|upkeep\n|turn|7\n|\n|t:|1700853511\n|switch|p1a: Celesteela|Celesteela|100\/100\n|move|p2a: Tapu Fini|Draining Kiss|p1a: Celesteela\n|-resisted|p1a: Celesteela\n|-damage|p1a: Celesteela|92\/100\n|-heal|p2a: Tapu Fini|10\/100|[from] drain|[of] p1a: Celesteela\n|\n|-heal|p2a: Tapu Fini|16\/100|[from] item: Leftovers\n|-heal|p1a: Celesteela|98\/100|[from] item: Leftovers\n|-damage|p2a: Tapu Fini|0 fnt|[from] Salt Cure\n|faint|p2a: Tapu Fini\n|upkeep\n|\n|t:|1700853525\n|switch|p2a: Lanturn|Lanturn, F|100\/100\n|turn|8\n|\n|t:|1700853530\n|move|p2a: Lanturn|Ice Beam|p1a: Celesteela\n|-damage|p1a: Celesteela|80\/100\n|-status|p1a: Celesteela|frz\n|cant|p1a: Celesteela|frz\n|\n|-heal|p1a: Celesteela|86\/100 frz|[from] item: Leftovers\n|upkeep\n|turn|9\n|\n|t:|1700853537\n|switch|p1a: Blissey|Blissey, F|100\/100\n|move|p2a: Lanturn|Thunder|p1a: Blissey\n|-damage|p1a: Blissey|85\/100\n|-status|p1a: Blissey|par\n|\n|-heal|p1a: Blissey|91\/100 par|[from] item: Leftovers\n|upkeep\n|turn|10\n|\n|t:|1700853545\n|move|p2a: Lanturn|Volt Switch|p1a: Blissey\n|-damage|p1a: Blissey|80\/100 par\n|\n|t:|1700853550\n|switch|p2a: Boby|Pelipper, M|100\/100|[from] Volt Switch\n|-weather|RainDance|[from] ability: Drizzle|[of] p2a: Boby\n|move|p1a: Blissey|Aromatherapy|p1a: Blissey\n|-activate|p1a: Blissey|move: Aromatherapy\n|-curestatus|p1a: Blissey|par|[msg]\n|-curestatus|p1: Celesteela|frz|[msg]\n|\n|-weather|RainDance|[upkeep]\n|-heal|p1a: Blissey|86\/100|[from] item: Leftovers\n|upkeep\n|turn|11\n|\n|t:|1700853562\n|move|p2a: Boby|U-turn|p1a: Blissey\n|-damage|p1a: Blissey|79\/100\n|\n|t:|1700853568\n|switch|p2a: Swampert|Swampert, M|100\/100|[from] U-turn\n|move|p1a: Blissey|Toxic|p2a: Swampert\n|-status|p2a: Swampert|tox\n|\n|-weather|RainDance|[upkeep]\n|-heal|p1a: Blissey|86\/100|[from] item: Leftovers\n|-damage|p2a: Swampert|94\/100 tox|[from] psn\n|upkeep\n|turn|12\n|\n|t:|1700853579\n|detailschange|p2a: Swampert|Swampert-Mega, M\n|-mega|p2a: Swampert|Swampert|Swampertite\n|move|p2a: Swampert|Flip Turn|p1a: Blissey\n|-damage|p1a: Blissey|32\/100\n|\n|t:|1700853583\n|switch|p2a: Abedo|Floatzel, M|100\/100|[from] Flip Turn\n|move|p1a: Blissey|Soft-Boiled|p1a: Blissey\n|-heal|p1a: Blissey|82\/100\n|\n|-weather|RainDance|[upkeep]\n|-heal|p1a: Blissey|89\/100|[from] item: Leftovers\n|upkeep\n|turn|13\n|\n|t:|1700853596\n|move|p2a: Abedo|Waterfall|p1a: Blissey\n|-damage|p1a: Blissey|6\/100\n|move|p1a: Blissey|Toxic|p2a: Abedo|[miss]\n|-miss|p1a: Blissey|p2a: Abedo\n|\n|-weather|RainDance|[upkeep]\n|-heal|p1a: Blissey|12\/100|[from] item: Leftovers\n|upkeep\n|turn|14\n|\n|t:|1700853603\n|move|p2a: Abedo|Waterfall|p1a: Blissey\n|-damage|p1a: Blissey|0 fnt\n|faint|p1a: Blissey\n|\n|-weather|none\n|upkeep\n|\n|t:|1700853609\n|switch|p1a: Toxapex|Toxapex, M, shiny|100\/100\n|turn|15\n|\n|t:|1700853618\n|switch|p2a: Lanturn|Lanturn, F|100\/100\n|move|p1a: Toxapex|Infestation|p2a: Lanturn\n|-damage|p2a: Lanturn|99\/100\n|-activate|p2a: Lanturn|move: Infestation|[of] p1a: Toxapex\n|\n|-damage|p2a: Lanturn|86\/100|[from] move: Infestation|[partiallytrapped]\n|upkeep\n|turn|16\n|\n|t:|1700853625\n|switch|p1a: Gliscor|Gliscor, M|100\/100\n|move|p2a: Lanturn|Volt Switch|p1a: Gliscor\n|-immune|p1a: Gliscor\n|\n|-end|p2a: Lanturn|Infestation|[partiallytrapped]|[silent]\n|-status|p1a: Gliscor|tox|[from] item: Toxic Orb\n|upkeep\n|turn|17\n|\n|t:|1700853631\n|switch|p2a: Boby|Pelipper, M|100\/100\n|-weather|RainDance|[from] ability: Drizzle|[of] p2a: Boby\n|move|p1a: Gliscor|Knock Off|p2a: Boby\n|-damage|p2a: Boby|84\/100\n|-enditem|p2a: Boby|Choice Specs|[from] move: Knock Off|[of] p1a: Gliscor\n|\n|-weather|RainDance|[upkeep]\n|upkeep\n|turn|18\n|\n|t:|1700853641\n|switch|p1a: Garganacl|Garganacl, F, tera:Ghost|100\/100\n|move|p2a: Boby|Surf|p1a: Garganacl\n|-damage|p1a: Garganacl|71\/100\n|\n|-weather|RainDance|[upkeep]\n|-heal|p1a: Garganacl|77\/100|[from] item: Leftovers\n|upkeep\n|turn|19\n|\n|t:|1700853649\n|move|p2a: Boby|U-turn|p1a: Garganacl\n|-resisted|p1a: Garganacl\n|-damage|p1a: Garganacl|74\/100\n|\n|t:|1700853654\n|switch|p2a: Abedo|Floatzel, M|100\/100|[from] U-turn\n|move|p1a: Garganacl|Substitute|p1a: Garganacl\n|-start|p1a: Garganacl|Substitute\n|-damage|p1a: Garganacl|49\/100\n|\n|-weather|RainDance|[upkeep]\n|-heal|p1a: Garganacl|55\/100|[from] item: Leftovers\n|upkeep\n|turn|20\n|\n|t:|1700853661\n|move|p2a: Abedo|Waterfall|p1a: Garganacl\n|-end|p1a: Garganacl|Substitute\n|move|p1a: Garganacl|Salt Cure|p2a: Abedo\n|-damage|p2a: Abedo|80\/100\n|-start|p2a: Abedo|Salt Cure\n|\n|-weather|RainDance|[upkeep]\n|-heal|p1a: Garganacl|61\/100|[from] item: Leftovers\n|-damage|p2a: Abedo|56\/100|[from] Salt Cure\n|upkeep\n|turn|21\n|\n|t:|1700853670\n|switch|p2a: Swampert|Swampert-Mega, M|94\/100 tox\n|switch|p1a: Toxapex|Toxapex, M, shiny|100\/100\n|\n|-weather|none\n|-damage|p2a: Swampert|88\/100 tox|[from] psn\n|upkeep\n|turn|22\n|\n|t:|1700853678\n|move|p1a: Toxapex|Baneful Bunker|p1a: Toxapex\n|-singleturn|p1a: Toxapex|move: Protect\n|move|p2a: Swampert|Flip Turn|p1a: Toxapex\n|-activate|p1a: Toxapex|move: Protect\n|\n|-damage|p2a: Swampert|76\/100 tox|[from] psn\n|upkeep\n|turn|23\n|\n|t:|1700853686\n|move|p2a: Swampert|Flip Turn|p1a: Toxapex\n|-resisted|p1a: Toxapex\n|-damage|p1a: Toxapex|87\/100\n|\n|t:|1700853692\n|switch|p2a: Lanturn|Lanturn, F|86\/100|[from] Flip Turn\n|move|p1a: Toxapex|Infestation|p2a: Lanturn\n|-damage|p2a: Lanturn|85\/100\n|-activate|p2a: Lanturn|move: Infestation|[of] p1a: Toxapex\n|\n|-heal|p1a: Toxapex|93\/100|[from] item: Black Sludge\n|-damage|p2a: Lanturn|72\/100|[from] move: Infestation|[partiallytrapped]\n|upkeep\n|turn|24\n|\n|t:|1700853700\n|move|p1a: Toxapex|Baneful Bunker|p1a: Toxapex\n|-singleturn|p1a: Toxapex|move: Protect\n|move|p2a: Lanturn|Thunder|p1a: Toxapex\n|-activate|p1a: Toxapex|move: Protect\n|\n|-heal|p1a: Toxapex|99\/100|[from] item: Black Sludge\n|-damage|p2a: Lanturn|60\/100|[from] move: Infestation|[partiallytrapped]\n|upkeep\n|turn|25\n|\n|t:|1700853708\n|switch|p1a: Great Tusk|Great Tusk|100\/100\n|-enditem|p1a: Great Tusk|Booster Energy\n|-activate|p1a: Great Tusk|ability: Protosynthesis|[fromitem]\n|-start|p1a: Great Tusk|protosynthesisatk\n|move|p2a: Lanturn|Ice Beam|p1a: Great Tusk\n|-supereffective|p1a: Great Tusk\n|-damage|p1a: Great Tusk|29\/100\n|\n|-end|p2a: Lanturn|Infestation|[partiallytrapped]|[silent]\n|upkeep\n|turn|26\n|\n|t:|1700853721\n|switch|p2a: Boby|Pelipper, M|84\/100\n|-weather|RainDance|[from] ability: Drizzle|[of] p2a: Boby\n|move|p1a: Great Tusk|Headlong Rush|p2a: Boby\n|-immune|p2a: Boby\n|\n|-weather|RainDance|[upkeep]\n|upkeep\n|turn|27\n|\n|t:|1700853731\n|move|p1a: Great Tusk|Ice Spinner|p2a: Boby\n|-damage|p2a: Boby|55\/100\n|move|p2a: Boby|U-turn|p1a: Great Tusk\n|-resisted|p1a: Great Tusk\n|-damage|p1a: Great Tusk|26\/100\n|\n|t:|1700853741\n|switch|p2a: Swampert|Swampert-Mega, M|76\/100 tox|[from] U-turn\n|\n|-weather|RainDance|[upkeep]\n|-damage|p2a: Swampert|70\/100 tox|[from] psn\n|upkeep\n|turn|28\n|\n|t:|1700853749\n|-end|p1a: Great Tusk|Protosynthesis|[silent]\n|switch|p1a: Celesteela|Celesteela|86\/100\n|move|p2a: Swampert|Earthquake|p1a: Celesteela\n|-immune|p1a: Celesteela\n|\n|-weather|RainDance|[upkeep]\n|-heal|p1a: Celesteela|92\/100|[from] item: Leftovers\n|-damage|p2a: Swampert|57\/100 tox|[from] psn\n|upkeep\n|turn|29\n|\n|t:|1700853757\n|move|p2a: Swampert|Flip Turn|p1a: Celesteela\n|-damage|p1a: Celesteela|49\/100\n|\n|t:|1700853761\n|switch|p2a: Boby|Pelipper, M|55\/100|[from] Flip Turn\n|move|p1a: Celesteela|Leech Seed|p2a: Boby|[miss]\n|-miss|p1a: Celesteela|p2a: Boby\n|\n|-weather|RainDance|[upkeep]\n|-heal|p1a: Celesteela|55\/100|[from] item: Leftovers\n|upkeep\n|turn|30\n|\n|t:|1700853769\n|move|p2a: Boby|Surf|p1a: Celesteela\n|-damage|p1a: Celesteela|23\/100\n|move|p1a: Celesteela|Heavy Slam|p2a: Boby\n|-resisted|p2a: Boby\n|-damage|p2a: Boby|39\/100\n|\n|-weather|none\n|-heal|p1a: Celesteela|29\/100|[from] item: Leftovers\n|upkeep\n|turn|31\n|\n|t:|1700853778\n|switch|p1a: Garganacl|Garganacl, F, tera:Ghost|61\/100\n|move|p2a: Boby|U-turn|p1a: Garganacl\n|-resisted|p1a: Garganacl\n|-damage|p1a: Garganacl|59\/100\n|\n|t:|1700853788\n|switch|p2a: Poliwrath|Poliwrath, M|100\/100|[from] U-turn\n|\n|-heal|p1a: Garganacl|65\/100|[from] item: Leftovers\n|upkeep\n|turn|32\n|\n|t:|1700853793\n|-zpower|p2a: Poliwrath\n|move|p2a: Poliwrath|Z-Hypnosis|p1a: Garganacl|[anim]Hypnosis\n|-boost|p2a: Poliwrath|spe|1|[zeffect]\n|-immune|p1a: Garganacl|[from] ability: Purifying Salt\n|move|p1a: Garganacl|Recover|p1a: Garganacl\n|-heal|p1a: Garganacl|100\/100\n|\n|upkeep\n|turn|33\n|\n|t:|1700853806\n|move|p2a: Poliwrath|Belly Drum|p2a: Poliwrath\n|-damage|p2a: Poliwrath|51\/100\n|-setboost|p2a: Poliwrath|atk|6|[from] move: Belly Drum\n|move|p1a: Garganacl|Salt Cure|p2a: Poliwrath\n|-resisted|p2a: Poliwrath\n|-damage|p2a: Poliwrath|43\/100\n|-start|p2a: Poliwrath|Salt Cure\n|\n|-damage|p2a: Poliwrath|18\/100|[from] Salt Cure\n|upkeep\n|turn|34\n|\n|t:|1700853820\n|switch|p1a: Gliscor|Gliscor, M|100\/100 tox\n|move|p2a: Poliwrath|Earthquake|p1a: Gliscor\n|-immune|p1a: Gliscor\n|\n|-damage|p2a: Poliwrath|0 fnt|[from] Salt Cure\n|faint|p2a: Poliwrath\n|upkeep\n|\n|t:|1700853832\n|switch|p2a: Boby|Pelipper, M|39\/100\n|-weather|RainDance|[from] ability: Drizzle|[of] p2a: Boby\n|turn|35\n|\n|t:|1700853838\n|move|p1a: Gliscor|U-turn|p2a: Boby\n|-resisted|p2a: Boby\n|-damage|p2a: Boby|34\/100\n|\n|t:|1700853842\n|switch|p1a: Toxapex|Toxapex, M, shiny|100\/100|[from] U-turn\n|move|p2a: Boby|U-turn|p1a: Toxapex\n|-resisted|p1a: Toxapex\n|-damage|p1a: Toxapex|98\/100\n|\n|t:|1700853847\n|switch|p2a: Swampert|Swampert-Mega, M|57\/100 tox|[from] U-turn\n|\n|-weather|RainDance|[upkeep]\n|-heal|p1a: Toxapex|100\/100|[from] item: Black Sludge\n|-damage|p2a: Swampert|51\/100 tox|[from] psn\n|upkeep\n|turn|36\n|\n|t:|1700853854\n|move|p1a: Toxapex|Baneful Bunker|p1a: Toxapex\n|-singleturn|p1a: Toxapex|move: Protect\n|move|p2a: Swampert|Flip Turn|p1a: Toxapex\n|-activate|p1a: Toxapex|move: Protect\n|\n|-weather|RainDance|[upkeep]\n|-damage|p2a: Swampert|39\/100 tox|[from] psn\n|upkeep\n|turn|37\n|\n|t:|1700853861\n|move|p2a: Swampert|Earthquake|p1a: Toxapex\n|-supereffective|p1a: Toxapex\n|-crit|p1a: Toxapex\n|-damage|p1a: Toxapex|0 fnt\n|faint|p1a: Toxapex\n|\n|-weather|RainDance|[upkeep]\n|-damage|p2a: Swampert|20\/100 tox|[from] psn\n|upkeep\n|\n|t:|1700853869\n|switch|p1a: Gliscor|Gliscor, M|100\/100 tox\n|turn|38\n|\n|t:|1700853885\n|switch|p1a: Garganacl|Garganacl, F, tera:Ghost|100\/100\n|move|p2a: Swampert|Flip Turn|p1a: Garganacl\n|-damage|p1a: Garganacl|65\/100\n|\n|t:|1700853892\n|switch|p2a: Abedo|Floatzel, M|56\/100|[from] Flip Turn\n|\n|-weather|RainDance|[upkeep]\n|-heal|p1a: Garganacl|71\/100|[from] item: Leftovers\n|upkeep\n|turn|39\n|\n|t:|1700853897\n|move|p2a: Abedo|Waterfall|p1a: Garganacl\n|-damage|p1a: Garganacl|16\/100\n|move|p1a: Garganacl|Recover|p1a: Garganacl\n|-heal|p1a: Garganacl|66\/100\n|\n|-weather|none\n|-heal|p1a: Garganacl|72\/100|[from] item: Leftovers\n|upkeep\n|turn|40\n|\n|t:|1700853908\n|move|p2a: Abedo|Waterfall|p1a: Garganacl\n|-damage|p1a: Garganacl|34\/100\n|move|p1a: Garganacl|Salt Cure|p2a: Abedo\n|-damage|p2a: Abedo|37\/100\n|-start|p2a: Abedo|Salt Cure\n|\n|-heal|p1a: Garganacl|40\/100|[from] item: Leftovers\n|-damage|p2a: Abedo|12\/100|[from] Salt Cure\n|upkeep\n|turn|41\n|\n|t:|1700853922\n|switch|p2a: Boby|Pelipper, M|34\/100\n|-weather|RainDance|[from] ability: Drizzle|[of] p2a: Boby\n|move|p1a: Garganacl|Recover|p1a: Garganacl\n|-heal|p1a: Garganacl|90\/100\n|\n|-weather|RainDance|[upkeep]\n|-heal|p1a: Garganacl|96\/100|[from] item: Leftovers\n|upkeep\n|turn|42\n|\n|t:|1700853939\n|move|p2a: Boby|Surf|p1a: Garganacl\n|-damage|p1a: Garganacl|65\/100\n|move|p1a: Garganacl|Salt Cure|p2a: Boby\n|-supereffective|p2a: Boby\n|-damage|p2a: Boby|11\/100\n|-start|p2a: Boby|Salt Cure\n|\n|-weather|RainDance|[upkeep]\n|-heal|p1a: Garganacl|71\/100|[from] item: Leftovers\n|-damage|p2a: Boby|0 fnt|[from] Salt Cure\n|faint|p2a: Boby\n|upkeep\n|\n|t:|1700853955\n|switch|p2a: Abedo|Floatzel, M|12\/100\n|turn|43\n|\n|t:|1700853963\n|move|p2a: Abedo|Waterfall|p1a: Garganacl\n|-damage|p1a: Garganacl|8\/100\n|move|p1a: Garganacl|Recover|p1a: Garganacl\n|-heal|p1a: Garganacl|58\/100\n|\n|-weather|RainDance|[upkeep]\n|-heal|p1a: Garganacl|65\/100|[from] item: Leftovers\n|upkeep\n|turn|44\n|\n|t:|1700853976\n|move|p2a: Abedo|Waterfall|p1a: Garganacl\n|-damage|p1a: Garganacl|4\/100\n|move|p1a: Garganacl|Salt Cure|p2a: Abedo\n|-damage|p2a: Abedo|0 fnt\n|faint|p2a: Abedo\n|\n|-weather|RainDance|[upkeep]\n|-heal|p1a: Garganacl|11\/100|[from] item: Leftovers\n|upkeep\n|\n|t:|1700853984\n|switch|p2a: Swampert|Swampert-Mega, M|20\/100 tox\n|turn|45\n|\n|t:|1700853991\n|switch|p1a: Celesteela|Celesteela|29\/100\n|move|p2a: Swampert|Flip Turn|p1a: Celesteela\n|-damage|p1a: Celesteela|0 fnt\n|faint|p1a: Celesteela\n|\n|t:|1700853996\n|switch|p2a: Lanturn|Lanturn, F|60\/100|[from] Flip Turn\n|\n|-weather|none\n|upkeep\n|inactive|830r has 120 seconds left.\n|l|\u2606830r\n|inactive|830r disconnected and has a minute to reconnect!\n|player|p1|\n|j|\u2606830r\n|inactive|830r reconnected and has 100 seconds left.\n|player|p1|830r|veteran\n|\n|t:|1700854052\n|switch|p1a: Great Tusk|Great Tusk|26\/100\n|turn|46\n|\n|t:|1700854062\n|-terastallize|p2a: Lanturn|Water\n|move|p1a: Great Tusk|Headlong Rush|p2a: Lanturn\n|-damage|p2a: Lanturn|0 fnt\n|-unboost|p1a: Great Tusk|def|1\n|-unboost|p1a: Great Tusk|spd|1\n|faint|p2a: Lanturn\n|\n|upkeep\n|\n|t:|1700854070\n|switch|p2a: Swampert|Swampert-Mega, M|20\/100 tox\n|turn|47\n|\n|t:|1700854076\n|-end|p1a: Great Tusk|Protosynthesis|[silent]\n|switch|p1a: Gliscor|Gliscor, M|100\/100 tox\n|move|p2a: Swampert|Waterfall|p1a: Gliscor\n|-supereffective|p1a: Gliscor\n|-damage|p1a: Gliscor|24\/100 tox\n|\n|-damage|p2a: Swampert|14\/100 tox|[from] psn\n|-heal|p1a: Gliscor|36\/100 tox|[from] ability: Poison Heal\n|upkeep\n|turn|48\n|\n|t:|1700854085\n|switch|p1a: Garganacl|Garganacl, F, tera:Ghost|11\/100\n|move|p2a: Swampert|Waterfall|p1a: Garganacl\n|-damage|p1a: Garganacl|0 fnt\n|faint|p1a: Garganacl\n|\n|-damage|p2a: Swampert|2\/100 tox|[from] psn\n|upkeep\n|\n|t:|1700854086\n|switch|p1a: Gliscor|Gliscor, M|36\/100 tox\n|turn|49\n|\n|t:|1700854095\n|switch|p1a: Great Tusk|Great Tusk|26\/100\n|move|p2a: Swampert|Waterfall|p1a: Great Tusk\n|-supereffective|p1a: Great Tusk\n|-damage|p1a: Great Tusk|0 fnt\n|faint|p1a: Great Tusk\n|-end|p1a: Great Tusk|Protosynthesis|[silent]\n|\n|-damage|p2a: Swampert|0 fnt|[from] psn\n|faint|p2a: Swampert\n|\n|win|830r\n|upkeep\n|raw|830r's rating: 1333 &rarr; <strong>1355<\/strong><br \/>(+22 for winning)\n|raw|alfamike's rating: 1366 &rarr; <strong>1344<\/strong><br \/>(-22 for losing)\n|c|\u2606830r|Gg\n|c|\u2606alfamike|gg\n","uploadtime":1700854101,"views":11,"p1id":"830r","p2id":"alfamike","formatid":"gen9nationaldex","rating":1344,"private":0,"password":""}