{"id":"gen9nationaldex-1996426504","p1":"StanTheMan745","p2":"Shelmett","format":"[Gen 9] National Dex","log":"|html|<div class=\"broadcast-blue\"><strong>[Gen 9] National Dex is currently suspecting Sneasler! For information on how to participate check out the <a href=\"https:\/\/www.smogon.com\/forums\/threads\/sv-national-dex-suspect-8-just-dance.3731534\/\">suspect thread<\/a>.<\/strong><\/div>\n|j|\u2606StanTheMan745\n|j|\u2606Shelmett\n|t:|1700680906\n|gametype|singles\n|player|p1|StanTheMan745|medium|1008\n|player|p2|Shelmett|roxie|1000\n|teamsize|p1|6\n|teamsize|p2|6\n|gen|9\n|tier|[Gen 9] National Dex\n|rated|\n|rule|HP Percentage Mod: HP is shown in percentages\n|rule|Endless Battle Clause: Forcing endless battles is banned\n|rule|OHKO Clause: OHKO moves are banned\n|rule|Evasion Clause: Evasion abilities, items, and moves are banned\n|rule|Evasion Abilities Clause: Evasion abilities are banned\n|rule|Evasion Items Clause: Evasion items are banned\n|rule|Evasion Moves Clause: Evasion moves are banned\n|rule|Species Clause: Limit one of each Pok\u00e9mon\n|rule|Sleep Clause Mod: Limit one foe put to sleep\n|clearpoke\n|poke|p1|Great Tusk|\n|poke|p1|Noivern, F|\n|poke|p1|Starmie|\n|poke|p1|Zoroark-Hisui, M|\n|poke|p1|Blaziken, F|\n|poke|p1|Aggron, M|\n|poke|p2|Meganium, M|\n|poke|p2|Cresselia, F|\n|poke|p2|Delibird, M|\n|poke|p2|Pidgeot, F|\n|poke|p2|Alomomola, F|\n|poke|p2|Seaking, F|\n|teampreview\n|\n|t:|1700680930\n|start\n|switch|p1a: Great Tusk|Great Tusk|100\/100\n|switch|p2a: Delibird|Delibird, M|100\/100\n|turn|1\n|\n|t:|1700680953\n|switch|p2a: Cresselia|Cresselia, F|100\/100\n|move|p1a: Great Tusk|Ice Spinner|p2a: Cresselia\n|-damage|p2a: Cresselia|81\/100\n|\n|-heal|p2a: Cresselia|87\/100|[from] item: Leftovers\n|upkeep\n|turn|2\n|\n|t:|1700680963\n|-end|p1a: Great Tusk|Protosynthesis|[silent]\n|switch|p1a: Aggron|Aggron, M|100\/100\n|move|p2a: Cresselia|Calm Mind|p2a: Cresselia\n|-boost|p2a: Cresselia|spa|1\n|-boost|p2a: Cresselia|spd|1\n|\n|-heal|p2a: Cresselia|94\/100|[from] item: Leftovers\n|upkeep\n|turn|3\n|\n|t:|1700680977\n|-terastallize|p2a: Cresselia|Electric\n|move|p1a: Aggron|Sludge Bomb|p2a: Cresselia\n|-damage|p2a: Cresselia|81\/100\n|move|p2a: Cresselia|Thunderbolt|p1a: Aggron\n|-enditem|p1a: Aggron|Focus Sash\n|-damage|p1a: Aggron|1\/100\n|replace|p1a: Zoroark|Zoroark-Hisui, M\n|-end|p1a: Zoroark|Illusion\n|\n|-heal|p2a: Cresselia|87\/100|[from] item: Leftovers\n|upkeep\n|turn|4\n|\n|t:|1700680988\n|move|p1a: Zoroark|Poltergeist|p2a: Cresselia\n|-activate|p2a: Cresselia|move: Poltergeist|Leftovers\n|-damage|p2a: Cresselia|60\/100\n|move|p2a: Cresselia|Thunderbolt|p1a: Zoroark\n|-damage|p1a: Zoroark|0 fnt\n|faint|p1a: Zoroark\n|\n|-heal|p2a: Cresselia|66\/100|[from] item: Leftovers\n|upkeep\n|\n|t:|1700681013\n|switch|p1a: Noivern|Noivern, F|100\/100\n|turn|5\n|\n|t:|1700681019\n|move|p1a: Noivern|Fly||[still]\n|-prepare|p1a: Noivern|Fly\n|move|p2a: Cresselia|Ice Beam|p1a: Noivern|[miss]\n|-miss|p2a: Cresselia|p1a: Noivern\n|\n|-heal|p2a: Cresselia|72\/100|[from] item: Leftovers\n|upkeep\n|turn|6\n|\n|t:|1700681025\n|move|p1a: Noivern|Fly|p2a: Cresselia|[from]lockedmove\n|-resisted|p2a: Cresselia\n|-damage|p2a: Cresselia|62\/100\n|move|p2a: Cresselia|Ice Beam|p1a: Noivern\n|-supereffective|p1a: Noivern\n|-damage|p1a: Noivern|0 fnt\n|faint|p1a: Noivern\n|\n|-heal|p2a: Cresselia|68\/100|[from] item: Leftovers\n|upkeep\n|\n|t:|1700681042\n|switch|p1a: Great Tusk|Great Tusk|100\/100\n|turn|7\n|\n|t:|1700681049\n|move|p1a: Great Tusk|Close Combat|p2a: Cresselia\n|-damage|p2a: Cresselia|19\/100\n|-unboost|p1a: Great Tusk|def|1\n|-unboost|p1a: Great Tusk|spd|1\n|move|p2a: Cresselia|Ice Beam|p1a: Great Tusk\n|-supereffective|p1a: Great Tusk\n|-damage|p1a: Great Tusk|0 fnt\n|faint|p1a: Great Tusk\n|-end|p1a: Great Tusk|Protosynthesis|[silent]\n|\n|-heal|p2a: Cresselia|25\/100|[from] item: Leftovers\n|upkeep\n|\n|t:|1700681059\n|switch|p1a: Blaziken|Blaziken, F|100\/100\n|-item|p1a: Blaziken|Air Balloon\n|turn|8\n|\n|t:|1700681066\n|move|p1a: Blaziken|Flamethrower|p2a: Cresselia\n|-damage|p2a: Cresselia|10\/100\n|move|p2a: Cresselia|Moonlight|p2a: Cresselia\n|-heal|p2a: Cresselia|60\/100\n|\n|-heal|p2a: Cresselia|66\/100|[from] item: Leftovers\n|upkeep\n|turn|9\n|\n|t:|1700681074\n|move|p1a: Blaziken|Power-Up Punch|p2a: Cresselia\n|-damage|p2a: Cresselia|53\/100\n|-boost|p1a: Blaziken|atk|1\n|move|p2a: Cresselia|Moonlight|p2a: Cresselia\n|-heal|p2a: Cresselia|100\/100\n|\n|upkeep\n|turn|10\n|\n|t:|1700681082\n|move|p1a: Blaziken|Power-Up Punch|p2a: Cresselia\n|-damage|p2a: Cresselia|79\/100\n|-boost|p1a: Blaziken|atk|1\n|move|p2a: Cresselia|Thunderbolt|p1a: Blaziken\n|-damage|p1a: Blaziken|23\/100\n|-enditem|p1a: Blaziken|Air Balloon\n|\n|-heal|p2a: Cresselia|85\/100|[from] item: Leftovers\n|upkeep\n|turn|11\n|\n|t:|1700681091\n|move|p1a: Blaziken|Close Combat|p2a: Cresselia\n|-damage|p2a: Cresselia|0 fnt\n|-unboost|p1a: Blaziken|def|1\n|-unboost|p1a: Blaziken|spd|1\n|faint|p2a: Cresselia\n|\n|upkeep\n|\n|t:|1700681096\n|switch|p2a: Alomomola|Alomomola, F|100\/100\n|turn|12\n|\n|t:|1700681102\n|switch|p1a: Starmie|Starmie, shiny|100\/100\n|move|p2a: Alomomola|Aqua Jet|p1a: Starmie\n|-resisted|p1a: Starmie\n|-damage|p1a: Starmie|88\/100\n|\n|upkeep\n|turn|13\n|\n|t:|1700681108\n|move|p1a: Starmie|Ice Beam|p2a: Alomomola\n|-resisted|p2a: Alomomola\n|-damage|p2a: Alomomola|86\/100\n|move|p2a: Alomomola|Swagger|p1a: Starmie|[miss]\n|-miss|p2a: Alomomola|p1a: Starmie\n|\n|upkeep\n|turn|14\n|\n|t:|1700681115\n|move|p1a: Starmie|Psychic|p2a: Alomomola\n|-damage|p2a: Alomomola|36\/100\n|-unboost|p2a: Alomomola|spd|1\n|move|p2a: Alomomola|Swagger|p1a: Starmie|[miss]\n|-miss|p2a: Alomomola|p1a: Starmie\n|\n|upkeep\n|turn|15\n|\n|t:|1700681131\n|move|p1a: Starmie|Psychic|p2a: Alomomola\n|-damage|p2a: Alomomola|0 fnt\n|faint|p2a: Alomomola\n|\n|upkeep\n|\n|t:|1700681139\n|switch|p2a: Meganium|Meganium, M|100\/100\n|turn|16\n|\n|t:|1700681145\n|switch|p1a: Blaziken|Blaziken, F|23\/100\n|move|p2a: Meganium|Petal Blizzard|p1a: Blaziken\n|-resisted|p1a: Blaziken\n|-damage|p1a: Blaziken|0 fnt\n|faint|p1a: Blaziken\n|\n|upkeep\n|\n|t:|1700681152\n|switch|p1a: Aggron|Aggron, M|100\/100\n|turn|17\n|\n|t:|1700681155\n|move|p2a: Meganium|Earthquake|p1a: Aggron\n|-supereffective|p1a: Aggron\n|-damage|p1a: Aggron|24\/100\n|move|p1a: Aggron|Iron Defense|p1a: Aggron\n|-boost|p1a: Aggron|def|2\n|\n|-heal|p1a: Aggron|30\/100|[from] item: Leftovers\n|upkeep\n|turn|18\n|\n|t:|1700681161\n|move|p1a: Aggron|Protect|p1a: Aggron\n|-singleturn|p1a: Aggron|Protect\n|move|p2a: Meganium|Earthquake|p1a: Aggron\n|-activate|p1a: Aggron|move: Protect\n|\n|-heal|p1a: Aggron|36\/100|[from] item: Leftovers\n|upkeep\n|turn|19\n|\n|t:|1700681168\n|move|p2a: Meganium|Earthquake|p1a: Aggron\n|-supereffective|p1a: Aggron\n|-damage|p1a: Aggron|2\/100\n|move|p1a: Aggron|Head Smash|p2a: Meganium\n|-damage|p2a: Meganium|28\/100\n|\n|-heal|p1a: Aggron|8\/100|[from] item: Leftovers\n|upkeep\n|turn|20\n|\n|t:|1700681176\n|switch|p1a: Starmie|Starmie, shiny|88\/100\n|move|p2a: Meganium|Petal Blizzard|p1a: Starmie\n|-supereffective|p1a: Starmie\n|-crit|p1a: Starmie\n|-damage|p1a: Starmie|0 fnt\n|faint|p1a: Starmie\n|\n|upkeep\n|\n|t:|1700681183\n|switch|p1a: Aggron|Aggron, M|8\/100\n|turn|21\n|c|\u2606StanTheMan745|gg\n|\n|t:|1700681189\n|move|p2a: Meganium|Synthesis|p2a: Meganium\n|-heal|p2a: Meganium|78\/100\n|move|p1a: Aggron|Body Press|p2a: Meganium\n|-damage|p2a: Meganium|36\/100\n|\n|-heal|p1a: Aggron|14\/100|[from] item: Leftovers\n|upkeep\n|turn|22\n|c|\u2606Shelmett|gg\n|\n|t:|1700681198\n|move|p1a: Aggron|Protect|p1a: Aggron\n|-singleturn|p1a: Aggron|Protect\n|move|p2a: Meganium|Petal Blizzard|p1a: Aggron\n|-activate|p1a: Aggron|move: Protect\n|\n|-heal|p1a: Aggron|20\/100|[from] item: Leftovers\n|upkeep\n|turn|23\n|\n|t:|1700681206\n|move|p2a: Meganium|Earthquake|p1a: Aggron\n|-supereffective|p1a: Aggron\n|-damage|p1a: Aggron|0 fnt\n|faint|p1a: Aggron\n|\n|win|Shelmett\n|raw|StanTheMan745's rating: 1008 &rarr; <strong>1000<\/strong><br \/>(-8 for losing)\n|raw|Shelmett's rating: 1000 &rarr; <strong>1041<\/strong><br \/>(+41 for winning)\n","uploadtime":1700681212,"views":0,"p1id":"stantheman745","p2id":"shelmett","formatid":"gen9nationaldex","rating":1000,"private":0,"password":""}