{"id":"gen9nationaldex-1997561776","p1":"ldsadsadcsf","p2":"Quero Pudim","format":"[Gen 9] National Dex","log":"|html|<div class=\"broadcast-blue\"><strong>[Gen 9] National Dex is currently suspecting Sneasler! For information on how to participate check out the <a href=\"https:\/\/www.smogon.com\/forums\/threads\/sv-national-dex-suspect-8-just-dance.3731534\/\">suspect thread<\/a>.<\/strong><\/div>\n|j|\u2606ldsadsadcsf\n|j|\u2606Quero Pudim\n|t:|1700825778\n|gametype|singles\n|player|p1|ldsadsadcsf|unknown|1470\n|player|p2|Quero Pudim|brock|1458\n|teamsize|p1|6\n|teamsize|p2|6\n|gen|9\n|tier|[Gen 9] National Dex\n|rated|\n|rule|HP Percentage Mod: HP is shown in percentages\n|rule|Endless Battle Clause: Forcing endless battles is banned\n|rule|OHKO Clause: OHKO moves are banned\n|rule|Evasion Clause: Evasion abilities, items, and moves are banned\n|rule|Evasion Abilities Clause: Evasion abilities are banned\n|rule|Evasion Items Clause: Evasion items are banned\n|rule|Evasion Moves Clause: Evasion moves are banned\n|rule|Species Clause: Limit one of each Pok\u00e9mon\n|rule|Sleep Clause Mod: Limit one foe put to sleep\n|clearpoke\n|poke|p1|Rillaboom, M|\n|poke|p1|Sneasler, F|\n|poke|p1|Zapdos|\n|poke|p1|Ceruledge, M|\n|poke|p1|Corviknight, M|\n|poke|p1|Heatran, F|\n|poke|p2|Victini|\n|poke|p2|Volcarona, F|\n|poke|p2|Clodsire, M|\n|poke|p2|Alomomola, F|\n|poke|p2|Weavile, F|\n|poke|p2|Landorus-Therian, M|\n|teampreview\n|inactive|Battle timer is ON: inactive players will automatically lose when time's up. (requested by Quero Pudim)\n|inactive|ldsadsadcsf also wants the timer to be on.\n|\n|t:|1700825785\n|start\n|switch|p1a: \u54ce\u5466\uff0c\u4f60\u5e72\u561b|Zapdos, shiny|100\/100\n|switch|p2a: Victini|Victini|100\/100\n|turn|1\n|\n|t:|1700825790\n|switch|p2a: Clodsire|Clodsire, M|100\/100\n|move|p1a: \u54ce\u5466\uff0c\u4f60\u5e72\u561b|Volt Switch|p2a: Clodsire\n|-immune|p2a: Clodsire\n|\n|upkeep\n|turn|2\n|\n|t:|1700825797\n|switch|p1a: \u9ad8\u8d35\u7684\u94a2\u98de\u5c5e\u6027|Corviknight, M, shiny|100\/100\n|move|p2a: Clodsire|Toxic|p1a: \u9ad8\u8d35\u7684\u94a2\u98de\u5c5e\u6027\n|-immune|p1a: \u9ad8\u8d35\u7684\u94a2\u98de\u5c5e\u6027\n|\n|upkeep\n|turn|3\n|\n|t:|1700825801\n|switch|p2a: Victini|Victini|100\/100\n|move|p1a: \u9ad8\u8d35\u7684\u94a2\u98de\u5c5e\u6027|U-turn|p2a: Victini\n|-damage|p2a: Victini|86\/100\n|\n|t:|1700825809\n|switch|p1a: \u94c1\u5934\u86e4\u87c6|Heatran, F, shiny|100\/100|[from] U-turn\n|\n|upkeep\n|turn|4\n|\n|t:|1700825812\n|move|p2a: Victini|U-turn|p1a: \u94c1\u5934\u86e4\u87c6\n|-resisted|p1a: \u94c1\u5934\u86e4\u87c6\n|-damage|p1a: \u94c1\u5934\u86e4\u87c6|96\/100\n|\n|t:|1700825819\n|switch|p2a: Alomomola|Alomomola, F|100\/100|[from] U-turn\n|move|p1a: \u94c1\u5934\u86e4\u87c6|Magma Storm|p2a: Alomomola|[miss]\n|-miss|p1a: \u94c1\u5934\u86e4\u87c6|p2a: Alomomola\n|\n|-heal|p1a: \u94c1\u5934\u86e4\u87c6|100\/100|[from] item: Leftovers\n|upkeep\n|turn|5\n|\n|t:|1700825827\n|move|p1a: \u94c1\u5934\u86e4\u87c6|Magma Storm|p2a: Alomomola\n|-resisted|p2a: Alomomola\n|-damage|p2a: Alomomola|76\/100\n|-activate|p2a: Alomomola|move: Magma Storm|[of] p1a: \u94c1\u5934\u86e4\u87c6\n|move|p2a: Alomomola|Flip Turn|p1a: \u94c1\u5934\u86e4\u87c6\n|-supereffective|p1a: \u94c1\u5934\u86e4\u87c6\n|-damage|p1a: \u94c1\u5934\u86e4\u87c6|74\/100\n|\n|t:|1700825831\n|switch|p2a: Landorus|Landorus-Therian, M|100\/100|[from] Flip Turn\n|-ability|p2a: Landorus|Intimidate|boost\n|-unboost|p1a: \u94c1\u5934\u86e4\u87c6|atk|1\n|\n|-heal|p1a: \u94c1\u5934\u86e4\u87c6|80\/100|[from] item: Leftovers\n|upkeep\n|turn|6\n|\n|t:|1700825834\n|move|p1a: \u94c1\u5934\u86e4\u87c6|Protect|p1a: \u94c1\u5934\u86e4\u87c6\n|-singleturn|p1a: \u94c1\u5934\u86e4\u87c6|Protect\n|move|p2a: Landorus|Knock Off|p1a: \u94c1\u5934\u86e4\u87c6\n|-activate|p1a: \u94c1\u5934\u86e4\u87c6|move: Protect\n|\n|-heal|p1a: \u94c1\u5934\u86e4\u87c6|87\/100|[from] item: Leftovers\n|upkeep\n|turn|7\n|\n|t:|1700825845\n|switch|p1a: \u9ad8\u8d35\u7684\u94a2\u98de\u5c5e\u6027|Corviknight, M, shiny|100\/100\n|move|p2a: Landorus|Knock Off|p1a: \u9ad8\u8d35\u7684\u94a2\u98de\u5c5e\u6027\n|-damage|p1a: \u9ad8\u8d35\u7684\u94a2\u98de\u5c5e\u6027|79\/100\n|-enditem|p1a: \u9ad8\u8d35\u7684\u94a2\u98de\u5c5e\u6027|Leftovers|[from] move: Knock Off|[of] p2a: Landorus\n|\n|upkeep\n|turn|8\n|\n|t:|1700825851\n|move|p2a: Landorus|U-turn|p1a: \u9ad8\u8d35\u7684\u94a2\u98de\u5c5e\u6027\n|-resisted|p1a: \u9ad8\u8d35\u7684\u94a2\u98de\u5c5e\u6027\n|-damage|p1a: \u9ad8\u8d35\u7684\u94a2\u98de\u5c5e\u6027|76\/100\n|\n|t:|1700825857\n|switch|p2a: Alomomola|Alomomola, F|100\/100|[from] U-turn\n|move|p1a: \u9ad8\u8d35\u7684\u94a2\u98de\u5c5e\u6027|U-turn|p2a: Alomomola\n|-damage|p2a: Alomomola|92\/100\n|-damage|p1a: \u9ad8\u8d35\u7684\u94a2\u98de\u5c5e\u6027|59\/100|[from] item: Rocky Helmet|[of] p2a: Alomomola\n|\n|t:|1700825860\n|switch|p1a: GF\u8fd8\u621160\u5a01\u529b\u6ed1\u68af\uff01|Rillaboom, M, shiny|100\/100|[from] U-turn\n|-fieldstart|move: Grassy Terrain|[from] ability: Grassy Surge|[of] p1a: GF\u8fd8\u621160\u5a01\u529b\u6ed1\u68af\uff01\n|\n|-heal|p2a: Alomomola|98\/100|[from] Grassy Terrain\n|upkeep\n|turn|9\n|\n|t:|1700825867\n|switch|p2a: Volcarona|Volcarona, F|100\/100\n|move|p1a: GF\u8fd8\u621160\u5a01\u529b\u6ed1\u68af\uff01|U-turn|p2a: Volcarona\n|-resisted|p2a: Volcarona\n|-damage|p2a: Volcarona|85\/100\n|-status|p1a: GF\u8fd8\u621160\u5a01\u529b\u6ed1\u68af\uff01|brn|[from] ability: Flame Body|[of] p2a: Volcarona\n|\n|t:|1700825874\n|switch|p1a: \u79d8\u6280 \u4e8c\u5200\u6d41|Ceruledge, M|100\/100|[from] U-turn\n|\n|-heal|p2a: Volcarona|91\/100|[from] Grassy Terrain\n|upkeep\n|turn|10\n|\n|t:|1700825877\n|switch|p2a: Clodsire|Clodsire, M|100\/100\n|move|p1a: \u79d8\u6280 \u4e8c\u5200\u6d41|Swords Dance|p1a: \u79d8\u6280 \u4e8c\u5200\u6d41\n|-boost|p1a: \u79d8\u6280 \u4e8c\u5200\u6d41|atk|2\n|\n|upkeep\n|turn|11\n|\n|t:|1700825880\n|move|p1a: \u79d8\u6280 \u4e8c\u5200\u6d41|Poltergeist|p2a: Clodsire\n|-activate|p2a: Clodsire|move: Poltergeist|Black Sludge\n|-damage|p2a: Clodsire|34\/100\n|move|p2a: Clodsire|Toxic|p1a: \u79d8\u6280 \u4e8c\u5200\u6d41\n|-status|p1a: \u79d8\u6280 \u4e8c\u5200\u6d41|tox\n|\n|-heal|p2a: Clodsire|40\/100|[from] Grassy Terrain\n|-heal|p2a: Clodsire|46\/100|[from] item: Black Sludge\n|-damage|p1a: \u79d8\u6280 \u4e8c\u5200\u6d41|94\/100 tox|[from] psn\n|upkeep\n|turn|12\n|\n|t:|1700825886\n|move|p2a: Clodsire|Protect|p2a: Clodsire\n|-singleturn|p2a: Clodsire|Protect\n|move|p1a: \u79d8\u6280 \u4e8c\u5200\u6d41|Poltergeist|p2a: Clodsire\n|-activate|p2a: Clodsire|move: Protect\n|\n|-heal|p1a: \u79d8\u6280 \u4e8c\u5200\u6d41|100\/100 tox|[from] Grassy Terrain\n|-heal|p2a: Clodsire|52\/100|[from] Grassy Terrain\n|-heal|p2a: Clodsire|59\/100|[from] item: Black Sludge\n|-damage|p1a: \u79d8\u6280 \u4e8c\u5200\u6d41|88\/100 tox|[from] psn\n|-fieldend|move: Grassy Terrain\n|upkeep\n|turn|13\n|\n|t:|1700825900\n|switch|p2a: Landorus|Landorus-Therian, M|100\/100\n|-ability|p2a: Landorus|Intimidate|boost\n|-unboost|p1a: \u79d8\u6280 \u4e8c\u5200\u6d41|atk|1\n|move|p1a: \u79d8\u6280 \u4e8c\u5200\u6d41|Poltergeist|p2a: Landorus\n|-activate|p2a: Landorus|move: Poltergeist|Leftovers\n|-damage|p2a: Landorus|32\/100\n|\n|-heal|p2a: Landorus|38\/100|[from] item: Leftovers\n|-damage|p1a: \u79d8\u6280 \u4e8c\u5200\u6d41|70\/100 tox|[from] psn\n|upkeep\n|turn|14\n|\n|t:|1700825916\n|switch|p1a: GF\u8fd8\u621160\u5a01\u529b\u6ed1\u68af\uff01|Rillaboom, M, shiny|100\/100 brn\n|-fieldstart|move: Grassy Terrain|[from] ability: Grassy Surge|[of] p1a: GF\u8fd8\u621160\u5a01\u529b\u6ed1\u68af\uff01\n|switch|p2a: Alomomola|Alomomola, F|100\/100\n|\n|-damage|p1a: GF\u8fd8\u621160\u5a01\u529b\u6ed1\u68af\uff01|94\/100 brn|[from] brn\n|upkeep\n|turn|15\n|\n|t:|1700825921\n|move|p1a: GF\u8fd8\u621160\u5a01\u529b\u6ed1\u68af\uff01|U-turn|p2a: Alomomola\n|-damage|p2a: Alomomola|91\/100\n|-damage|p1a: GF\u8fd8\u621160\u5a01\u529b\u6ed1\u68af\uff01|78\/100 brn|[from] item: Rocky Helmet|[of] p2a: Alomomola\n|\n|t:|1700825925\n|switch|p1a: \u60f3\u88ab\u6211\u7761\u5417\uff1f|Sneasler, F|100\/100|[from] U-turn\n|-enditem|p1a: \u60f3\u88ab\u6211\u7761\u5417\uff1f|Grassy Seed\n|-boost|p1a: \u60f3\u88ab\u6211\u7761\u5417\uff1f|def|1|[from] item: Grassy Seed\n|move|p2a: Alomomola|Flip Turn|p1a: \u60f3\u88ab\u6211\u7761\u5417\uff1f\n|-damage|p1a: \u60f3\u88ab\u6211\u7761\u5417\uff1f|80\/100\n|\n|t:|1700825935\n|switch|p2a: Landorus|Landorus-Therian, M|38\/100|[from] Flip Turn\n|-ability|p2a: Landorus|Intimidate|boost\n|-unboost|p1a: \u60f3\u88ab\u6211\u7761\u5417\uff1f|atk|1\n|\n|-heal|p1a: \u60f3\u88ab\u6211\u7761\u5417\uff1f|86\/100|[from] Grassy Terrain\n|-heal|p2a: Landorus|44\/100|[from] item: Leftovers\n|upkeep\n|turn|16\n|\n|t:|1700825939\n|switch|p2a: Alomomola|Alomomola, F|100\/100\n|-terastallize|p1a: \u60f3\u88ab\u6211\u7761\u5417\uff1f|Flying\n|move|p1a: \u60f3\u88ab\u6211\u7761\u5417\uff1f|Swords Dance|p1a: \u60f3\u88ab\u6211\u7761\u5417\uff1f\n|-boost|p1a: \u60f3\u88ab\u6211\u7761\u5417\uff1f|atk|2\n|\n|upkeep\n|turn|17\n|\n|t:|1700825947\n|move|p1a: \u60f3\u88ab\u6211\u7761\u5417\uff1f|Acrobatics|p2a: Alomomola\n|-damage|p2a: Alomomola|47\/100\n|-damage|p1a: \u60f3\u88ab\u6211\u7761\u5417\uff1f|70\/100|[from] item: Rocky Helmet|[of] p2a: Alomomola\n|move|p2a: Alomomola|Toxic|p1a: \u60f3\u88ab\u6211\u7761\u5417\uff1f\n|-status|p1a: \u60f3\u88ab\u6211\u7761\u5417\uff1f|tox\n|\n|-heal|p2a: Alomomola|53\/100|[from] Grassy Terrain\n|-damage|p1a: \u60f3\u88ab\u6211\u7761\u5417\uff1f|64\/100 tox|[from] psn\n|upkeep\n|turn|18\n|\n|t:|1700825953\n|move|p2a: Alomomola|Protect|p2a: Alomomola\n|-singleturn|p2a: Alomomola|Protect\n|move|p1a: \u60f3\u88ab\u6211\u7761\u5417\uff1f|Swords Dance|p1a: \u60f3\u88ab\u6211\u7761\u5417\uff1f\n|-boost|p1a: \u60f3\u88ab\u6211\u7761\u5417\uff1f|atk|2\n|\n|-heal|p2a: Alomomola|59\/100|[from] Grassy Terrain\n|-damage|p1a: \u60f3\u88ab\u6211\u7761\u5417\uff1f|52\/100 tox|[from] psn\n|-fieldend|move: Grassy Terrain\n|upkeep\n|turn|19\n|\n|t:|1700825956\n|move|p1a: \u60f3\u88ab\u6211\u7761\u5417\uff1f|Acrobatics|p2a: Alomomola\n|-damage|p2a: Alomomola|0 fnt\n|-damage|p1a: \u60f3\u88ab\u6211\u7761\u5417\uff1f|35\/100 tox|[from] item: Rocky Helmet|[of] p2a: Alomomola\n|faint|p2a: Alomomola\n|\n|-damage|p1a: \u60f3\u88ab\u6211\u7761\u5417\uff1f|17\/100 tox|[from] psn\n|upkeep\n|\n|t:|1700825961\n|switch|p2a: Weavile|Weavile, F|100\/100\n|turn|20\n|\n|t:|1700825970\n|switch|p1a: \u79d8\u6280 \u4e8c\u5200\u6d41|Ceruledge, M|70\/100 tox\n|move|p2a: Weavile|Ice Shard|p1a: \u79d8\u6280 \u4e8c\u5200\u6d41\n|-resisted|p1a: \u79d8\u6280 \u4e8c\u5200\u6d41\n|-damage|p1a: \u79d8\u6280 \u4e8c\u5200\u6d41|54\/100 tox\n|-ability|p1a: \u79d8\u6280 \u4e8c\u5200\u6d41|Weak Armor|boost\n|-unboost|p1a: \u79d8\u6280 \u4e8c\u5200\u6d41|def|1\n|-boost|p1a: \u79d8\u6280 \u4e8c\u5200\u6d41|spe|2\n|\n|-damage|p1a: \u79d8\u6280 \u4e8c\u5200\u6d41|48\/100 tox|[from] psn\n|upkeep\n|turn|21\n|\n|t:|1700825975\n|switch|p2a: Clodsire|Clodsire, M|59\/100\n|move|p1a: \u79d8\u6280 \u4e8c\u5200\u6d41|Poltergeist|p2a: Clodsire\n|-activate|p2a: Clodsire|move: Poltergeist|Black Sludge\n|-damage|p2a: Clodsire|0 fnt\n|faint|p2a: Clodsire\n|\n|-damage|p1a: \u79d8\u6280 \u4e8c\u5200\u6d41|36\/100 tox|[from] psn\n|upkeep\n|\n|t:|1700825979\n|switch|p2a: Victini|Victini|86\/100\n|turn|22\n|\n|t:|1700825985\n|move|p1a: \u79d8\u6280 \u4e8c\u5200\u6d41|Poltergeist|p2a: Victini\n|-activate|p2a: Victini|move: Poltergeist|Choice Scarf\n|-supereffective|p2a: Victini\n|-damage|p2a: Victini|0 fnt\n|faint|p2a: Victini\n|\n|-damage|p1a: \u79d8\u6280 \u4e8c\u5200\u6d41|17\/100 tox|[from] psn\n|upkeep\n|-message|Quero Pudim forfeited.\n|\n|win|ldsadsadcsf\n|raw|ldsadsadcsf's rating: 1470 &rarr; <strong>1489<\/strong><br \/>(+19 for winning)\n|raw|Quero Pudim's rating: 1458 &rarr; <strong>1439<\/strong><br \/>(-19 for losing)\n|l|\u2606Quero Pudim\n","uploadtime":1700825991,"views":2,"p1id":"ldsadsadcsf","p2id":"queropudim","formatid":"gen9nationaldex","rating":1439,"private":0,"password":""}