{"id":"gen9nationaldex-1995247349","p1":"hong1234567890","p2":"Sirrawrz","format":"[Gen 9] National Dex","log":"|html|<div class=\"broadcast-blue\"><strong>[Gen 9] National Dex is currently suspecting Sneasler! For information on how to participate check out the <a href=\"https:\/\/www.smogon.com\/forums\/threads\/sv-national-dex-suspect-8-just-dance.3731534\/\">suspect thread<\/a>.<\/strong><\/div>\n|j|\u2606hong1234567890\n|j|\u2606Sirrawrz\n|t:|1700539754\n|gametype|singles\n|player|p1|hong1234567890|102|1469\n|player|p2|Sirrawrz|emmet|1541\n|teamsize|p1|6\n|teamsize|p2|6\n|gen|9\n|tier|[Gen 9] National Dex\n|rated|\n|rule|HP Percentage Mod: HP is shown in percentages\n|rule|Endless Battle Clause: Forcing endless battles is banned\n|rule|OHKO Clause: OHKO moves are banned\n|rule|Evasion Clause: Evasion abilities, items, and moves are banned\n|rule|Evasion Abilities Clause: Evasion abilities are banned\n|rule|Evasion Items Clause: Evasion items are banned\n|rule|Evasion Moves Clause: Evasion moves are banned\n|rule|Species Clause: Limit one of each Pok\u00e9mon\n|rule|Sleep Clause Mod: Limit one foe put to sleep\n|clearpoke\n|poke|p1|Weavile, M|\n|poke|p1|Zapdos|\n|poke|p1|Volcanion|\n|poke|p1|Landorus-Therian, M|\n|poke|p1|Ursaluna, M|\n|poke|p1|Kartana|\n|poke|p2|Ninetales, M|\n|poke|p2|Venusaur, M|\n|poke|p2|Jolteon, F|\n|poke|p2|Blastoise, M|\n|poke|p2|Rhydon, F|\n|poke|p2|Scyther, F|\n|teampreview\n|inactive|Battle timer is ON: inactive players will automatically lose when time's up. (requested by hong1234567890)\n|\n|t:|1700539774\n|start\n|switch|p1a: Volcanion|Volcanion|100\/100\n|switch|p2a: Rhydon|Rhydon, F, shiny|100\/100\n|turn|1\n|\n|t:|1700539788\n|-terastallize|p2a: Rhydon|Ghost\n|move|p1a: Volcanion|Steam Eruption|p2a: Rhydon\n|-damage|p2a: Rhydon|60\/100\n|move|p2a: Rhydon|Earthquake|p1a: Volcanion\n|-supereffective|p1a: Volcanion\n|-damage|p1a: Volcanion|31\/100\n|\n|upkeep\n|turn|2\n|\n|t:|1700539803\n|switch|p1a: Landorus|Landorus-Therian, M, shiny|100\/100\n|-ability|p1a: Landorus|Intimidate|boost\n|-unboost|p2a: Rhydon|atk|1\n|move|p2a: Rhydon|Stealth Rock|p1a: Landorus\n|-sidestart|p1: hong1234567890|move: Stealth Rock\n|\n|upkeep\n|turn|3\n|\n|t:|1700539812\n|move|p1a: Landorus|Defog|p2a: Rhydon\n|-unboost|p2a: Rhydon|evasion|1\n|-sideend|p1: hong1234567890|Stealth Rock|[from] move: Defog|[of] p1a: Landorus\n|move|p2a: Rhydon|Avalanche|p1a: Landorus\n|-supereffective|p1a: Landorus\n|-damage|p1a: Landorus|51\/100\n|\n|-heal|p1a: Landorus|57\/100|[from] item: Leftovers\n|upkeep\n|turn|4\n|\n|t:|1700539821\n|switch|p2a: Scyther|Scyther, F, shiny|100\/100\n|move|p1a: Landorus|U-turn|p2a: Scyther\n|-resisted|p2a: Scyther\n|-damage|p2a: Scyther|84\/100\n|\n|t:|1700539829\n|switch|p1a: Weavile|Weavile, M|100\/100|[from] U-turn\n|-ability|p1a: Weavile|Pressure\n|\n|upkeep\n|turn|5\n|\n|t:|1700539833\n|switch|p2a: Blastoise|Blastoise, M, shiny|100\/100\n|move|p1a: Weavile|Triple Axel|p2a: Blastoise\n|-resisted|p2a: Blastoise\n|-damage|p2a: Blastoise|96\/100\n|-resisted|p2a: Blastoise\n|-damage|p2a: Blastoise|85\/100\n|-resisted|p2a: Blastoise\n|-damage|p2a: Blastoise|68\/100\n|-hitcount|p2a: Blastoise|3\n|\n|upkeep\n|turn|6\n|inactive|hong1234567890 has 120 seconds left.\n|\n|t:|1700539868\n|switch|p1a: Zapdos|Zapdos, shiny|100\/100\n|move|p2a: Blastoise|Body Press|p1a: Zapdos\n|-resisted|p1a: Zapdos\n|-damage|p1a: Zapdos|91\/100\n|\n|upkeep\n|turn|7\n|inactive|hong1234567890 has 120 seconds left.\n|\n|t:|1700539879\n|switch|p2a: Rhydon|Rhydon, F, shiny, tera:Ghost|60\/100\n|move|p1a: Zapdos|U-turn|p2a: Rhydon\n|-resisted|p2a: Rhydon\n|-damage|p2a: Rhydon|57\/100\n|inactive|hong1234567890 has 120 seconds left.\n|\n|t:|1700539888\n|switch|p1a: Kartana|Kartana, shiny|100\/100|[from] U-turn\n|\n|upkeep\n|turn|8\n|\n|t:|1700539893\n|switch|p2a: Ninetales|Ninetales, M, shiny|100\/100\n|-weather|SunnyDay|[from] ability: Drought|[of] p2a: Ninetales\n|move|p1a: Kartana|Knock Off|p2a: Ninetales\n|-damage|p2a: Ninetales|34\/100\n|-enditem|p2a: Ninetales|Choice Scarf|[from] move: Knock Off|[of] p1a: Kartana\n|\n|-weather|SunnyDay|[upkeep]\n|upkeep\n|turn|9\n|\n|t:|1700539906\n|switch|p2a: Venusaur|Venusaur, M, shiny|100\/100\n|move|p1a: Kartana|Knock Off|p2a: Venusaur\n|-damage|p2a: Venusaur|44\/100\n|-enditem|p2a: Venusaur|Life Orb|[from] move: Knock Off|[of] p1a: Kartana\n|\n|-weather|SunnyDay|[upkeep]\n|upkeep\n|turn|10\n|\n|t:|1700539920\n|switch|p1a: Volcanion|Volcanion|31\/100\n|move|p2a: Venusaur|Weather Ball|p1a: Volcanion\n|-resisted|p1a: Volcanion\n|-crit|p1a: Volcanion\n|-damage|p1a: Volcanion|13\/100\n|\n|-weather|SunnyDay|[upkeep]\n|upkeep\n|turn|11\n|\n|t:|1700539924\n|move|p2a: Venusaur|Sludge Bomb|p1a: Volcanion\n|-damage|p1a: Volcanion|0 fnt\n|faint|p1a: Volcanion\n|\n|-weather|SunnyDay|[upkeep]\n|upkeep\n|\n|t:|1700539943\n|switch|p1a: Ursaluna|Ursaluna, M, shiny|100\/100\n|turn|12\n|\n|t:|1700539950\n|-terastallize|p1a: Ursaluna|Grass\n|move|p2a: Venusaur|Giga Drain|p1a: Ursaluna\n|-resisted|p1a: Ursaluna\n|-damage|p1a: Ursaluna|84\/100\n|-heal|p2a: Venusaur|56\/100|[from] drain|[of] p1a: Ursaluna\n|move|p1a: Ursaluna|Fire Punch|p2a: Venusaur\n|-supereffective|p2a: Venusaur\n|-damage|p2a: Venusaur|0 fnt\n|faint|p2a: Venusaur\n|\n|-weather|none\n|-status|p1a: Ursaluna|brn|[from] item: Flame Orb\n|upkeep\n|\n|t:|1700539954\n|switch|p2a: Scyther|Scyther, F, shiny|84\/100\n|turn|13\n|\n|t:|1700539976\n|switch|p1a: Zapdos|Zapdos, shiny|91\/100\n|move|p2a: Scyther|Dual Wingbeat|p1a: Zapdos|[miss]\n|-miss|p2a: Scyther|p1a: Zapdos\n|\n|upkeep\n|turn|14\n|\n|t:|1700539991\n|switch|p2a: Rhydon|Rhydon, F, shiny, tera:Ghost|57\/100\n|move|p1a: Zapdos|Discharge|p2a: Rhydon\n|-ability|p2a: Rhydon|Lightning Rod|boost\n|-boost|p2a: Rhydon|spa|1\n|\n|upkeep\n|turn|15\n|\n|t:|1700539999\n|move|p1a: Zapdos|U-turn|p2a: Rhydon\n|-resisted|p2a: Rhydon\n|-damage|p2a: Rhydon|53\/100\n|\n|t:|1700540005\n|switch|p1a: Ursaluna|Ursaluna, M, shiny, tera:Grass|84\/100 brn|[from] U-turn\n|move|p2a: Rhydon|Avalanche|p1a: Ursaluna\n|-supereffective|p1a: Ursaluna\n|-damage|p1a: Ursaluna|57\/100 brn\n|\n|-damage|p1a: Ursaluna|51\/100 brn|[from] brn\n|upkeep\n|turn|16\n|\n|t:|1700540017\n|move|p1a: Ursaluna|Headlong Rush|p2a: Rhydon\n|-damage|p2a: Rhydon|6\/100\n|-unboost|p1a: Ursaluna|def|1\n|-unboost|p1a: Ursaluna|spd|1\n|move|p2a: Rhydon|Stealth Rock|p1a: Ursaluna\n|-sidestart|p1: hong1234567890|move: Stealth Rock\n|\n|-damage|p1a: Ursaluna|44\/100 brn|[from] brn\n|upkeep\n|turn|17\n|\n|t:|1700540032\n|move|p1a: Ursaluna|Fire Punch|p2a: Rhydon\n|-damage|p2a: Rhydon|0 fnt\n|faint|p2a: Rhydon\n|\n|-damage|p1a: Ursaluna|38\/100 brn|[from] brn\n|upkeep\n|\n|t:|1700540041\n|switch|p2a: Ninetales|Ninetales, M, shiny|34\/100\n|-weather|SunnyDay|[from] ability: Drought|[of] p2a: Ninetales\n|turn|18\n|\n|t:|1700540046\n|move|p2a: Ninetales|Weather Ball|p1a: Ursaluna\n|-supereffective|p1a: Ursaluna\n|-damage|p1a: Ursaluna|0 fnt\n|faint|p1a: Ursaluna\n|\n|-weather|SunnyDay|[upkeep]\n|upkeep\n|\n|t:|1700540062\n|switch|p1a: Weavile|Weavile, M|100\/100\n|-damage|p1a: Weavile|76\/100|[from] Stealth Rock\n|-ability|p1a: Weavile|Pressure\n|turn|19\n|\n|t:|1700540067\n|switch|p2a: Blastoise|Blastoise, M, shiny|68\/100\n|move|p1a: Weavile|Knock Off|p2a: Blastoise\n|-damage|p2a: Blastoise|16\/100\n|-enditem|p2a: Blastoise|Assault Vest|[from] move: Knock Off|[of] p1a: Weavile\n|\n|-weather|SunnyDay|[upkeep]\n|upkeep\n|turn|20\n|\n|t:|1700540073\n|move|p1a: Weavile|Knock Off|p2a: Blastoise\n|-damage|p2a: Blastoise|0 fnt\n|faint|p2a: Blastoise\n|\n|-weather|SunnyDay|[upkeep]\n|upkeep\n|\n|t:|1700540076\n|switch|p2a: Jolteon|Jolteon, F, shiny|100\/100\n|turn|21\n|\n|t:|1700540085\n|switch|p1a: Landorus|Landorus-Therian, M, shiny|57\/100\n|-damage|p1a: Landorus|45\/100|[from] Stealth Rock\n|-ability|p1a: Landorus|Intimidate|boost\n|-unboost|p2a: Jolteon|atk|1\n|move|p2a: Jolteon|Weather Ball|p1a: Landorus\n|-damage|p1a: Landorus|12\/100\n|\n|-weather|SunnyDay|[upkeep]\n|-heal|p1a: Landorus|18\/100|[from] item: Leftovers\n|-status|p2a: Jolteon|brn|[from] item: Flame Orb\n|upkeep\n|turn|22\n|\n|t:|1700540102\n|move|p2a: Jolteon|Weather Ball|p1a: Landorus\n|-damage|p1a: Landorus|0 fnt\n|faint|p1a: Landorus\n|\n|-weather|none\n|-damage|p2a: Jolteon|94\/100 brn|[from] brn\n|upkeep\n|\n|t:|1700540118\n|switch|p1a: Zapdos|Zapdos, shiny|91\/100\n|turn|23\n|\n|t:|1700540121\n|move|p2a: Jolteon|Volt Switch|p1a: Zapdos\n|-damage|p1a: Zapdos|59\/100\n|\n|t:|1700540125\n|switch|p2a: Scyther|Scyther, F, shiny|84\/100|[from] Volt Switch\n|move|p1a: Zapdos|Hurricane|p2a: Scyther|[miss]\n|-miss|p1a: Zapdos|p2a: Scyther\n|\n|upkeep\n|turn|24\n|\n|t:|1700540134\n|move|p2a: Scyther|Knock Off|p1a: Zapdos\n|-damage|p1a: Zapdos|27\/100\n|-enditem|p1a: Zapdos|Heavy-Duty Boots|[from] move: Knock Off|[of] p2a: Scyther\n|move|p1a: Zapdos|Roost|p1a: Zapdos\n|-heal|p1a: Zapdos|77\/100\n|-singleturn|p1a: Zapdos|move: Roost\n|\n|upkeep\n|turn|25\n|\n|t:|1700540140\n|switch|p2a: Ninetales|Ninetales, M, shiny|34\/100\n|-weather|SunnyDay|[from] ability: Drought|[of] p2a: Ninetales\n|move|p1a: Zapdos|Hurricane|p2a: Ninetales|[miss]\n|-miss|p1a: Zapdos|p2a: Ninetales\n|\n|-weather|SunnyDay|[upkeep]\n|upkeep\n|turn|26\n|\n|t:|1700540149\n|move|p2a: Ninetales|Weather Ball|p1a: Zapdos\n|-damage|p1a: Zapdos|25\/100\n|move|p1a: Zapdos|Discharge|p2a: Ninetales\n|-damage|p2a: Ninetales|0 fnt\n|faint|p2a: Ninetales\n|\n|-weather|SunnyDay|[upkeep]\n|upkeep\n|\n|t:|1700540153\n|switch|p2a: Jolteon|Jolteon, F, shiny|94\/100 brn\n|turn|27\n|inactive|hong1234567890 has 120 seconds left.\n|\n|t:|1700540203\n|move|p2a: Jolteon|Weather Ball|p1a: Zapdos\n|-damage|p1a: Zapdos|0 fnt\n|faint|p1a: Zapdos\n|\n|-weather|SunnyDay|[upkeep]\n|-damage|p2a: Jolteon|88\/100 brn|[from] brn\n|upkeep\n|-message|hong1234567890 forfeited.\n|\n|win|Sirrawrz\n|raw|hong1234567890's rating: 1469 &rarr; <strong>1453<\/strong><br \/>(-16 for losing)\n|raw|Sirrawrz's rating: 1541 &rarr; <strong>1557<\/strong><br \/>(+16 for winning)\n|l|\u2606hong1234567890\n|c|\u2606Sirrawrz|!data rhydon\n|raw|<div class=\"message\"><ul class=\"utilichart\"><li class=\"result\"><span class=\"col numcol\">NFE<\/span> <span class=\"col iconcol\"><psicon pokemon=\"rhydon\"\/><\/span> <span class=\"col pokemonnamecol\" style=\"white-space:nowrap\"><a href=\"https:\/\/dex.pokemonshowdown.com\/pokemon\/rhydon\" target=\"_blank\">Rhydon<\/a><\/span> <span class=\"col typecol\"><img src=\"https:\/\/play.pokemonshowdown.com\/sprites\/types\/Ground.png\" alt=\"Ground\" height=\"14\" width=\"32\"><img src=\"https:\/\/play.pokemonshowdown.com\/sprites\/types\/Rock.png\" alt=\"Rock\" height=\"14\" width=\"32\"><\/span> <span style=\"float:left;min-height:26px\"><span class=\"col twoabilitycol\">Lightning Rod<br \/>Rock Head<\/span><span class=\"col abilitycol\"><em>Reckless<\/em><\/span><\/span><span style=\"float:left;min-height:26px\"><span class=\"col statcol\"><em>HP<\/em><br \/>105<\/span> <span class=\"col statcol\"><em>Atk<\/em><br \/>130<\/span> <span class=\"col statcol\"><em>Def<\/em><br \/>120<\/span> <span class=\"col statcol\"><em>SpA<\/em><br \/>45<\/span> <span class=\"col statcol\"><em>SpD<\/em><br \/>45<\/span> <span class=\"col statcol\"><em>Spe<\/em><br \/>40<\/span> <span class=\"col bstcol\"><em>BST<br \/>485<\/em><\/span> <\/span><\/li><li style=\"clear:both\"><\/li><\/ul><\/div>\n\n","uploadtime":1700540211,"views":2,"p1id":"hong1234567890","p2id":"sirrawrz","formatid":"gen9nationaldex","rating":1453,"private":0,"password":""}