{"id":"gen9nationaldex-1997958884","p1":"Arlo Ghost","p2":"ldsadsadcsf","format":"[Gen 9] National Dex","log":"|html|<div class=\"broadcast-blue\"><strong>[Gen 9] National Dex is currently suspecting Sneasler! For information on how to participate check out the <a href=\"https:\/\/www.smogon.com\/forums\/threads\/sv-national-dex-suspect-8-just-dance.3731534\/\">suspect thread<\/a>.<\/strong><\/div>\n|j|\u2606Arlo Ghost\n|j|\u2606ldsadsadcsf\n|t:|1700872245\n|gametype|singles\n|player|p1|Arlo Ghost|mars|1633\n|player|p2|ldsadsadcsf|unknown|1514\n|teamsize|p1|6\n|teamsize|p2|6\n|gen|9\n|tier|[Gen 9] National Dex\n|rated|\n|rule|HP Percentage Mod: HP is shown in percentages\n|rule|Endless Battle Clause: Forcing endless battles is banned\n|rule|OHKO Clause: OHKO moves are banned\n|rule|Evasion Clause: Evasion abilities, items, and moves are banned\n|rule|Evasion Abilities Clause: Evasion abilities are banned\n|rule|Evasion Items Clause: Evasion items are banned\n|rule|Evasion Moves Clause: Evasion moves are banned\n|rule|Species Clause: Limit one of each Pok\u00e9mon\n|rule|Sleep Clause Mod: Limit one foe put to sleep\n|clearpoke\n|poke|p1|Mandibuzz, F|\n|poke|p1|Greninja-*, M|\n|poke|p1|Tyranitar, M|\n|poke|p1|Muk-Alola, M|\n|poke|p1|Grimmsnarl, M|\n|poke|p1|Hydreigon, M|\n|poke|p2|Iron Valiant|\n|poke|p2|Glimmora, M|\n|poke|p2|Dragonite, M|\n|poke|p2|Hatterene, F|\n|poke|p2|Urshifu-*, M|\n|poke|p2|Banette, M|\n|teampreview\n|inactive|Battle timer is ON: inactive players will automatically lose when time's up. (requested by ldsadsadcsf)\n|\n|t:|1700872267\n|start\n|switch|p1a: El Cumbia Ninja|Greninja, M|100\/100\n|switch|p2a: \u7b2c\u4e8c\u4e2a\u9053\u5177|Glimmora, M|100\/100\n|turn|1\n|\n|t:|1700872274\n|switch|p2a: \u5e3d\u5b50|Hatterene, F, shiny|100\/100\n|move|p1a: El Cumbia Ninja|Hydro Pump|p2a: \u5e3d\u5b50\n|-start|p1a: El Cumbia Ninja|typechange|Water|[from] ability: Protean\n|-damage|p2a: \u5e3d\u5b50|63\/100\n|\n|-heal|p2a: \u5e3d\u5b50|69\/100|[from] item: Leftovers\n|upkeep\n|turn|2\n|\n|t:|1700872279\n|switch|p1a: Marijuano|Muk-Alola, M|100\/100\n|move|p2a: \u5e3d\u5b50|Nuzzle|p1a: Marijuano\n|-damage|p1a: Marijuano|97\/100\n|-status|p1a: Marijuano|par\n|\n|-heal|p2a: \u5e3d\u5b50|75\/100|[from] item: Leftovers\n|upkeep\n|turn|3\n|\n|t:|1700872290\n|switch|p2a: \u7b2c\u4e8c\u4e2a\u9053\u5177|Glimmora, M|100\/100\n|move|p1a: Marijuano|Knock Off|p2a: \u7b2c\u4e8c\u4e2a\u9053\u5177\n|-damage|p2a: \u7b2c\u4e8c\u4e2a\u9053\u5177|59\/100\n|-activate|p2a: \u7b2c\u4e8c\u4e2a\u9053\u5177|ability: Toxic Debris\n|-sidestart|p1: Arlo Ghost|move: Toxic Spikes\n|-enditem|p2a: \u7b2c\u4e8c\u4e2a\u9053\u5177|Focus Sash|[from] move: Knock Off|[of] p1a: Marijuano\n|\n|upkeep\n|turn|4\n|\n|t:|1700872299\n|switch|p1a: Hydrarlo|Hydreigon, M|100\/100\n|move|p2a: \u7b2c\u4e8c\u4e2a\u9053\u5177|Stealth Rock|p1a: Hydrarlo\n|-sidestart|p1: Arlo Ghost|move: Stealth Rock\n|\n|upkeep\n|turn|5\n|\n|t:|1700872308\n|switch|p2a: \u7231\u5983|Iron Valiant|100\/100\n|-enditem|p2a: \u7231\u5983|Booster Energy\n|-activate|p2a: \u7231\u5983|ability: Quark Drive|[fromitem]\n|-start|p2a: \u7231\u5983|quarkdrivespe\n|move|p1a: Hydrarlo|Substitute|p1a: Hydrarlo\n|-start|p1a: Hydrarlo|Substitute\n|-damage|p1a: Hydrarlo|76\/100\n|\n|-heal|p1a: Hydrarlo|82\/100|[from] item: Leftovers\n|upkeep\n|turn|6\n|\n|t:|1700872313\n|-terastallize|p1a: Hydrarlo|Steel\n|move|p2a: \u7231\u5983|Calm Mind|p2a: \u7231\u5983\n|-boost|p2a: \u7231\u5983|spa|1\n|-boost|p2a: \u7231\u5983|spd|1\n|move|p1a: Hydrarlo|Flash Cannon|p2a: \u7231\u5983\n|-supereffective|p2a: \u7231\u5983\n|-damage|p2a: \u7231\u5983|13\/100\n|\n|-heal|p1a: Hydrarlo|88\/100|[from] item: Leftovers\n|upkeep\n|turn|7\n|\n|t:|1700872325\n|move|p2a: \u7231\u5983|Moonblast|p1a: Hydrarlo\n|-resisted|p1a: Hydrarlo\n|-end|p1a: Hydrarlo|Substitute\n|move|p1a: Hydrarlo|Flash Cannon|p2a: \u7231\u5983\n|-supereffective|p2a: \u7231\u5983\n|-damage|p2a: \u7231\u5983|0 fnt\n|faint|p2a: \u7231\u5983\n|-end|p2a: \u7231\u5983|Quark Drive|[silent]\n|\n|-heal|p1a: Hydrarlo|94\/100|[from] item: Leftovers\n|upkeep\n|\n|t:|1700872329\n|switch|p2a: \u6b66\u529f\u8bb2\u7a76\u70b9\u5230\u4e3a\u6b62|Urshifu-Rapid-Strike, M|100\/100\n|turn|8\n|\n|t:|1700872333\n|move|p1a: Hydrarlo|Flash Cannon|p2a: \u6b66\u529f\u8bb2\u7a76\u70b9\u5230\u4e3a\u6b62\n|-resisted|p2a: \u6b66\u529f\u8bb2\u7a76\u70b9\u5230\u4e3a\u6b62\n|-damage|p2a: \u6b66\u529f\u8bb2\u7a76\u70b9\u5230\u4e3a\u6b62|75\/100\n|move|p2a: \u6b66\u529f\u8bb2\u7a76\u70b9\u5230\u4e3a\u6b62|Trailblaze|p1a: Hydrarlo\n|-resisted|p1a: Hydrarlo\n|-damage|p1a: Hydrarlo|85\/100\n|-boost|p2a: \u6b66\u529f\u8bb2\u7a76\u70b9\u5230\u4e3a\u6b62|spe|1\n|\n|-heal|p1a: Hydrarlo|91\/100|[from] item: Leftovers\n|upkeep\n|turn|9\n|\n|t:|1700872339\n|move|p2a: \u6b66\u529f\u8bb2\u7a76\u70b9\u5230\u4e3a\u6b62|Close Combat|p1a: Hydrarlo\n|-supereffective|p1a: Hydrarlo\n|-damage|p1a: Hydrarlo|0 fnt\n|-unboost|p2a: \u6b66\u529f\u8bb2\u7a76\u70b9\u5230\u4e3a\u6b62|def|1\n|-unboost|p2a: \u6b66\u529f\u8bb2\u7a76\u70b9\u5230\u4e3a\u6b62|spd|1\n|faint|p1a: Hydrarlo\n|\n|upkeep\n|\n|t:|1700872341\n|switch|p1a: Sherkemo|Grimmsnarl, M|100\/100\n|-status|p1a: Sherkemo|psn\n|-damage|p1a: Sherkemo|88\/100 psn|[from] Stealth Rock\n|turn|10\n|\n|t:|1700872348\n|move|p1a: Sherkemo|Reflect|p1a: Sherkemo\n|-sidestart|p1: Arlo Ghost|Reflect\n|move|p2a: \u6b66\u529f\u8bb2\u7a76\u70b9\u5230\u4e3a\u6b62|Swords Dance|p2a: \u6b66\u529f\u8bb2\u7a76\u70b9\u5230\u4e3a\u6b62\n|-boost|p2a: \u6b66\u529f\u8bb2\u7a76\u70b9\u5230\u4e3a\u6b62|atk|2\n|\n|-damage|p1a: Sherkemo|76\/100 psn|[from] psn\n|upkeep\n|turn|11\n|\n|t:|1700872351\n|move|p2a: \u6b66\u529f\u8bb2\u7a76\u70b9\u5230\u4e3a\u6b62|Surging Strikes|p1a: Sherkemo\n|-crit|p1a: Sherkemo\n|-damage|p1a: Sherkemo|36\/100 psn\n|-crit|p1a: Sherkemo\n|-damage|p1a: Sherkemo|0 fnt\n|faint|p1a: Sherkemo\n|-hitcount|p1: Sherkemo|2\n|\n|upkeep\n|\n|t:|1700872354\n|switch|p1a: Winona|Mandibuzz, F|100\/100\n|-damage|p1a: Winona|76\/100|[from] Stealth Rock\n|turn|12\n|\n|t:|1700872362\n|switch|p2a: \u7b2c\u4e8c\u4e2a\u9053\u5177|Glimmora, M|59\/100\n|move|p1a: Winona|Foul Play|p2a: \u7b2c\u4e8c\u4e2a\u9053\u5177\n|-crit|p2a: \u7b2c\u4e8c\u4e2a\u9053\u5177\n|-damage|p2a: \u7b2c\u4e8c\u4e2a\u9053\u5177|20\/100\n|-activate|p2a: \u7b2c\u4e8c\u4e2a\u9053\u5177|ability: Toxic Debris\n|-sidestart|p1: Arlo Ghost|move: Toxic Spikes\n|\n|upkeep\n|turn|13\n|\n|t:|1700872367\n|move|p2a: \u7b2c\u4e8c\u4e2a\u9053\u5177|Sludge Wave|p1a: Winona\n|-crit|p1a: Winona\n|-damage|p1a: Winona|12\/100\n|move|p1a: Winona|Foul Play|p2a: \u7b2c\u4e8c\u4e2a\u9053\u5177\n|-damage|p2a: \u7b2c\u4e8c\u4e2a\u9053\u5177|0 fnt\n|faint|p2a: \u7b2c\u4e8c\u4e2a\u9053\u5177\n|\n|upkeep\n|\n|t:|1700872378\n|switch|p2a: \u6b66\u529f\u8bb2\u7a76\u70b9\u5230\u4e3a\u6b62|Urshifu-Rapid-Strike, M|75\/100\n|turn|14\n|\n|t:|1700872382\n|move|p2a: \u6b66\u529f\u8bb2\u7a76\u70b9\u5230\u4e3a\u6b62|Trailblaze|p1a: Winona\n|-resisted|p1a: Winona\n|-damage|p1a: Winona|10\/100\n|-boost|p2a: \u6b66\u529f\u8bb2\u7a76\u70b9\u5230\u4e3a\u6b62|spe|1\n|-damage|p2a: \u6b66\u529f\u8bb2\u7a76\u70b9\u5230\u4e3a\u6b62|58\/100|[from] item: Rocky Helmet|[of] p1a: Winona\n|move|p1a: Winona|Foul Play|p2a: \u6b66\u529f\u8bb2\u7a76\u70b9\u5230\u4e3a\u6b62\n|-resisted|p2a: \u6b66\u529f\u8bb2\u7a76\u70b9\u5230\u4e3a\u6b62\n|-damage|p2a: \u6b66\u529f\u8bb2\u7a76\u70b9\u5230\u4e3a\u6b62|33\/100\n|\n|upkeep\n|turn|15\n|\n|t:|1700872386\n|move|p2a: \u6b66\u529f\u8bb2\u7a76\u70b9\u5230\u4e3a\u6b62|Surging Strikes|p1a: Winona\n|-crit|p1a: Winona\n|-damage|p1a: Winona|0 fnt\n|-damage|p2a: \u6b66\u529f\u8bb2\u7a76\u70b9\u5230\u4e3a\u6b62|17\/100|[from] item: Rocky Helmet|[of] p1a: Winona\n|faint|p1a: Winona\n|-hitcount|p1: Winona|1\n|\n|upkeep\n|\n|t:|1700872389\n|switch|p1a: El Cumbia Ninja|Greninja, M|100\/100\n|-status|p1a: El Cumbia Ninja|tox\n|-damage|p1a: El Cumbia Ninja|88\/100 tox|[from] Stealth Rock\n|turn|16\n|\n|t:|1700872393\n|move|p1a: El Cumbia Ninja|Gunk Shot|p2a: \u6b66\u529f\u8bb2\u7a76\u70b9\u5230\u4e3a\u6b62\n|-start|p1a: El Cumbia Ninja|typechange|Poison|[from] ability: Protean\n|-damage|p2a: \u6b66\u529f\u8bb2\u7a76\u70b9\u5230\u4e3a\u6b62|0 fnt\n|faint|p2a: \u6b66\u529f\u8bb2\u7a76\u70b9\u5230\u4e3a\u6b62\n|\n|-damage|p1a: El Cumbia Ninja|82\/100 tox|[from] psn\n|upkeep\n|\n|t:|1700872403\n|switch|p2a: \u540c\u547d\u4e0d\u540c\u547d\uff0c\u6311\u62e8\u4e0d\u6311\u62e8|Banette, M, shiny|100\/100\n|-item|p1a: El Cumbia Ninja|Choice Scarf|[from] ability: Frisk|[of] p2a: \u540c\u547d\u4e0d\u540c\u547d\uff0c\u6311\u62e8\u4e0d\u6311\u62e8|[identify]\n|turn|17\n|\n|t:|1700872408\n|switch|p1a: Rockzilla|Tyranitar, M, shiny|100\/100\n|-status|p1a: Rockzilla|tox\n|-damage|p1a: Rockzilla|88\/100 tox|[from] Stealth Rock\n|-weather|Sandstorm|[from] ability: Sand Stream|[of] p1a: Rockzilla\n|detailschange|p2a: \u540c\u547d\u4e0d\u540c\u547d\uff0c\u6311\u62e8\u4e0d\u6311\u62e8|Banette-Mega, M, shiny\n|-mega|p2a: \u540c\u547d\u4e0d\u540c\u547d\uff0c\u6311\u62e8\u4e0d\u6311\u62e8|Banette|Banettite\n|move|p2a: \u540c\u547d\u4e0d\u540c\u547d\uff0c\u6311\u62e8\u4e0d\u6311\u62e8|Poltergeist|p1a: Rockzilla\n|-activate|p1a: Rockzilla|move: Poltergeist|Tyranitarite\n|-resisted|p1a: Rockzilla\n|-damage|p1a: Rockzilla|72\/100 tox\n|\n|-weather|Sandstorm|[upkeep]\n|-damage|p2a: \u540c\u547d\u4e0d\u540c\u547d\uff0c\u6311\u62e8\u4e0d\u6311\u62e8|94\/100|[from] Sandstorm\n|-damage|p1a: Rockzilla|66\/100 tox|[from] psn\n|-sideend|p1: Arlo Ghost|Reflect\n|upkeep\n|turn|18\n|\n|t:|1700872414\n|detailschange|p1a: Rockzilla|Tyranitar-Mega, M, shiny\n|-mega|p1a: Rockzilla|Tyranitar|Tyranitarite\n|move|p2a: \u540c\u547d\u4e0d\u540c\u547d\uff0c\u6311\u62e8\u4e0d\u6311\u62e8|Destiny Bond|p2a: \u540c\u547d\u4e0d\u540c\u547d\uff0c\u6311\u62e8\u4e0d\u6311\u62e8\n|-singlemove|p2a: \u540c\u547d\u4e0d\u540c\u547d\uff0c\u6311\u62e8\u4e0d\u6311\u62e8|Destiny Bond\n|move|p1a: Rockzilla|Dragon Dance|p1a: Rockzilla\n|-boost|p1a: Rockzilla|atk|1\n|-boost|p1a: Rockzilla|spe|1\n|\n|-weather|Sandstorm|[upkeep]\n|-damage|p2a: \u540c\u547d\u4e0d\u540c\u547d\uff0c\u6311\u62e8\u4e0d\u6311\u62e8|88\/100|[from] Sandstorm\n|-damage|p1a: Rockzilla|53\/100 tox|[from] psn\n|upkeep\n|turn|19\n|\n|t:|1700872427\n|move|p2a: \u540c\u547d\u4e0d\u540c\u547d\uff0c\u6311\u62e8\u4e0d\u6311\u62e8|Sucker Punch|p1a: Rockzilla\n|-resisted|p1a: Rockzilla\n|-damage|p1a: Rockzilla|44\/100 tox\n|move|p1a: Rockzilla|Rock Slide|p2a: \u540c\u547d\u4e0d\u540c\u547d\uff0c\u6311\u62e8\u4e0d\u6311\u62e8\n|-damage|p2a: \u540c\u547d\u4e0d\u540c\u547d\uff0c\u6311\u62e8\u4e0d\u6311\u62e8|12\/100\n|\n|-weather|Sandstorm|[upkeep]\n|-damage|p2a: \u540c\u547d\u4e0d\u540c\u547d\uff0c\u6311\u62e8\u4e0d\u6311\u62e8|6\/100|[from] Sandstorm\n|-damage|p1a: Rockzilla|25\/100 tox|[from] psn\n|upkeep\n|turn|20\n|\n|t:|1700872440\n|switch|p2a: \u5766\u514b|Dragonite, M|100\/100\n|move|p1a: Rockzilla|Dragon Dance|p1a: Rockzilla\n|-boost|p1a: Rockzilla|atk|1\n|-boost|p1a: Rockzilla|spe|1\n|\n|-weather|Sandstorm|[upkeep]\n|-damage|p2a: \u5766\u514b|94\/100|[from] Sandstorm\n|-damage|p1a: Rockzilla|0 fnt|[from] psn\n|faint|p1a: Rockzilla\n|upkeep\n|\n|t:|1700872444\n|switch|p1a: El Cumbia Ninja|Greninja, M|82\/100 tox\n|-damage|p1a: El Cumbia Ninja|70\/100 tox|[from] Stealth Rock\n|turn|21\n|\n|t:|1700872449\n|-terastallize|p2a: \u5766\u514b|Normal\n|move|p2a: \u5766\u514b|Extreme Speed|p1a: El Cumbia Ninja\n|-damage|p1a: El Cumbia Ninja|6\/100 tox\n|move|p1a: El Cumbia Ninja|Ice Beam|p2a: \u5766\u514b\n|-start|p1a: El Cumbia Ninja|typechange|Ice|[from] ability: Protean\n|-damage|p2a: \u5766\u514b|70\/100\n|\n|-weather|none\n|-damage|p1a: El Cumbia Ninja|0 fnt|[from] psn\n|faint|p1a: El Cumbia Ninja\n|upkeep\n|\n|t:|1700872451\n|switch|p1a: Marijuano|Muk-Alola, M|97\/100 par\n|-sideend|p1: Arlo Ghost|move: Toxic Spikes|[of] p1a: Marijuano\n|-damage|p1a: Marijuano|85\/100 par|[from] Stealth Rock\n|turn|22\n|\n|t:|1700872455\n|move|p2a: \u5766\u514b|Curse|p2a: \u5766\u514b\n|-unboost|p2a: \u5766\u514b|spe|1\n|-boost|p2a: \u5766\u514b|atk|1\n|-boost|p2a: \u5766\u514b|def|1\n|move|p1a: Marijuano|Knock Off|p2a: \u5766\u514b\n|-damage|p2a: \u5766\u514b|48\/100\n|-status|p2a: \u5766\u514b|psn|[from] ability: Poison Touch|[of] p1a: Marijuano\n|-enditem|p2a: \u5766\u514b|Heavy-Duty Boots|[from] move: Knock Off|[of] p1a: Marijuano\n|\n|-damage|p2a: \u5766\u514b|35\/100 psn|[from] psn\n|upkeep\n|turn|23\n|\n|t:|1700872461\n|move|p2a: \u5766\u514b|Earthquake|p1a: Marijuano\n|-supereffective|p1a: Marijuano\n|-damage|p1a: Marijuano|0 fnt\n|faint|p1a: Marijuano\n|\n|win|ldsadsadcsf\n|raw|Arlo Ghost's rating: 1633 &rarr; <strong>1606<\/strong><br \/>(-27 for losing)\n|raw|ldsadsadcsf's rating: 1514 &rarr; <strong>1541<\/strong><br \/>(+27 for winning)\n|l|\u2606Arlo Ghost\n|l|\u2606ldsadsadcsf\n","uploadtime":1700872480,"views":3,"p1id":"arloghost","p2id":"ldsadsadcsf","formatid":"gen9nationaldex","rating":1541,"private":0,"password":""}