{"id":"gen9nationaldex-1995527935","p1":"st.john52","p2":"awesomecat42","format":"[Gen 9] National Dex","log":"|html|<div class=\"broadcast-blue\"><strong>[Gen 9] National Dex is currently suspecting Sneasler! For information on how to participate check out the <a href=\"https:\/\/www.smogon.com\/forums\/threads\/sv-national-dex-suspect-8-just-dance.3731534\/\">suspect thread<\/a>.<\/strong><\/div>\n|j|\u2606st.john52\n|j|\u2606awesomecat42\n|t:|1700580051\n|gametype|singles\n|player|p1|st.john52|clay|1126\n|player|p2|awesomecat42|elaine|1089\n|teamsize|p1|6\n|teamsize|p2|6\n|gen|9\n|tier|[Gen 9] National Dex\n|rated|\n|rule|HP Percentage Mod: HP is shown in percentages\n|rule|Endless Battle Clause: Forcing endless battles is banned\n|rule|OHKO Clause: OHKO moves are banned\n|rule|Evasion Clause: Evasion abilities, items, and moves are banned\n|rule|Evasion Abilities Clause: Evasion abilities are banned\n|rule|Evasion Items Clause: Evasion items are banned\n|rule|Evasion Moves Clause: Evasion moves are banned\n|rule|Species Clause: Limit one of each Pok\u00e9mon\n|rule|Sleep Clause Mod: Limit one foe put to sleep\n|clearpoke\n|poke|p1|Raichu-Alola, M|\n|poke|p1|Kommo-o, M|\n|poke|p1|Golisopod, M|\n|poke|p1|Turtonator, M|\n|poke|p1|Sandslash-Alola, M|\n|poke|p1|Mimikyu, M|\n|poke|p2|Hatterene, F|\n|poke|p2|Grimmsnarl, M|\n|poke|p2|Delphox, F|\n|poke|p2|Mismagius, F|\n|poke|p2|Gourgeist-*, F|\n|poke|p2|Slowking-Galar, M|\n|teampreview\n|inactive|Battle timer is ON: inactive players will automatically lose when time's up. (requested by st.john52)\n|\n|t:|1700580056\n|start\n|switch|p1a: Turtonator|Turtonator, M, shiny|100\/100\n|switch|p2a: Goblin Witch|Grimmsnarl, M|100\/100\n|turn|1\n|\n|t:|1700580067\n|switch|p1a: Sandslash|Sandslash-Alola, M, shiny|100\/100\n|move|p2a: Goblin Witch|Light Screen|p2a: Goblin Witch\n|-sidestart|p2: awesomecat42|move: Light Screen\n|\n|upkeep\n|turn|2\n|\n|t:|1700580074\n|move|p2a: Goblin Witch|Reflect|p2a: Goblin Witch\n|-sidestart|p2: awesomecat42|Reflect\n|move|p1a: Sandslash|Iron Head|p2a: Goblin Witch\n|-supereffective|p2a: Goblin Witch\n|-damage|p2a: Goblin Witch|54\/100\n|\n|upkeep\n|turn|3\n|\n|t:|1700580082\n|move|p1a: Sandslash|Iron Head|p2a: Goblin Witch\n|-supereffective|p2a: Goblin Witch\n|-damage|p2a: Goblin Witch|11\/100\n|move|p2a: Goblin Witch|Spirit Break|p1a: Sandslash\n|-resisted|p1a: Sandslash\n|-damage|p1a: Sandslash|86\/100\n|-unboost|p1a: Sandslash|spa|1\n|\n|upkeep\n|turn|4\n|\n|t:|1700580085\n|move|p1a: Sandslash|Iron Head|p2a: Goblin Witch\n|-supereffective|p2a: Goblin Witch\n|-crit|p2a: Goblin Witch\n|-damage|p2a: Goblin Witch|0 fnt\n|faint|p2a: Goblin Witch\n|\n|upkeep\n|\n|t:|1700580088\n|switch|p2a: Furry Witch|Delphox, F, shiny|100\/100\n|turn|5\n|inactive|st.john52 has 120 seconds left.\n|\n|t:|1700580146\n|switch|p1a: Golisopod|Golisopod, M, shiny|100\/100\n|move|p2a: Furry Witch|Mystical Fire|p1a: Golisopod\n|-damage|p1a: Golisopod|66\/100\n|-unboost|p1a: Golisopod|spa|1\n|\n|-heal|p1a: Golisopod|72\/100|[from] item: Leftovers\n|upkeep\n|turn|6\n|\n|t:|1700580153\n|move|p2a: Furry Witch|Protect|p2a: Furry Witch\n|-singleturn|p2a: Furry Witch|Protect\n|move|p1a: Golisopod|Liquidation|p2a: Furry Witch\n|-activate|p2a: Furry Witch|move: Protect\n|\n|-heal|p1a: Golisopod|79\/100|[from] item: Leftovers\n|upkeep\n|turn|7\n|\n|t:|1700580162\n|-terastallize|p2a: Furry Witch|Poison\n|move|p2a: Furry Witch|Toxic|p1a: Golisopod\n|-status|p1a: Golisopod|tox\n|move|p1a: Golisopod|Liquidation|p2a: Furry Witch\n|-damage|p2a: Furry Witch|72\/100\n|\n|-heal|p1a: Golisopod|85\/100 tox|[from] item: Leftovers\n|-damage|p1a: Golisopod|79\/100 tox|[from] psn\n|upkeep\n|turn|8\n|\n|t:|1700580173\n|move|p2a: Furry Witch|Wish|p2a: Furry Witch\n|move|p1a: Golisopod|Close Combat|p2a: Furry Witch\n|-resisted|p2a: Furry Witch\n|-damage|p2a: Furry Witch|58\/100\n|-unboost|p1a: Golisopod|def|1\n|-unboost|p1a: Golisopod|spd|1\n|\n|-heal|p1a: Golisopod|85\/100 tox|[from] item: Leftovers\n|-damage|p1a: Golisopod|72\/100 tox|[from] psn\n|-sideend|p2: awesomecat42|move: Light Screen\n|upkeep\n|turn|9\n|\n|t:|1700580200\n|switch|p1a: Turtonator|Turtonator, M, shiny|100\/100\n|move|p2a: Furry Witch|Mystical Fire|p1a: Turtonator\n|-resisted|p1a: Turtonator\n|-damage|p1a: Turtonator|91\/100\n|-unboost|p1a: Turtonator|spa|1\n|\n|-heal|p2a: Furry Witch|100\/100|[from] move: Wish|[wisher] Furry Witch\n|-heal|p1a: Turtonator|97\/100|[from] item: Leftovers\n|-sideend|p2: awesomecat42|Reflect\n|upkeep\n|turn|10\n|\n|t:|1700580212\n|move|p2a: Furry Witch|Toxic|p1a: Turtonator\n|-status|p1a: Turtonator|tox\n|move|p1a: Turtonator|Scorching Sands|p2a: Furry Witch\n|-supereffective|p2a: Furry Witch\n|-damage|p2a: Furry Witch|80\/100\n|\n|-heal|p1a: Turtonator|100\/100 tox|[from] item: Leftovers\n|-damage|p1a: Turtonator|94\/100 tox|[from] psn\n|upkeep\n|turn|11\n|\n|t:|1700580224\n|move|p2a: Furry Witch|Mystical Fire|p1a: Turtonator\n|-resisted|p1a: Turtonator\n|-damage|p1a: Turtonator|86\/100 tox\n|-unboost|p1a: Turtonator|spa|1\n|move|p1a: Turtonator|Iron Defense|p1a: Turtonator\n|-boost|p1a: Turtonator|def|2\n|\n|-heal|p1a: Turtonator|92\/100 tox|[from] item: Leftovers\n|-damage|p1a: Turtonator|80\/100 tox|[from] psn\n|upkeep\n|turn|12\n|\n|t:|1700580232\n|move|p2a: Furry Witch|Mystical Fire|p1a: Turtonator\n|-resisted|p1a: Turtonator\n|-damage|p1a: Turtonator|72\/100 tox\n|-unboost|p1a: Turtonator|spa|1\n|move|p1a: Turtonator|Iron Defense|p1a: Turtonator\n|-boost|p1a: Turtonator|def|2\n|\n|-heal|p1a: Turtonator|78\/100 tox|[from] item: Leftovers\n|-damage|p1a: Turtonator|60\/100 tox|[from] psn\n|upkeep\n|turn|13\n|\n|t:|1700580238\n|move|p2a: Furry Witch|Mystical Fire|p1a: Turtonator\n|-resisted|p1a: Turtonator\n|-damage|p1a: Turtonator|50\/100 tox\n|-unboost|p1a: Turtonator|spa|1\n|move|p1a: Turtonator|Body Press|p2a: Furry Witch\n|-resisted|p2a: Furry Witch\n|-damage|p2a: Furry Witch|22\/100\n|-enditem|p2a: Furry Witch|Mago Berry|[eat]\n|-heal|p2a: Furry Witch|55\/100|[from] item: Mago Berry\n|\n|-heal|p1a: Turtonator|57\/100 tox|[from] item: Leftovers\n|-damage|p1a: Turtonator|32\/100 tox|[from] psn\n|upkeep\n|turn|14\n|\n|t:|1700580246\n|move|p2a: Furry Witch|Protect|p2a: Furry Witch\n|-singleturn|p2a: Furry Witch|Protect\n|move|p1a: Turtonator|Body Press|p2a: Furry Witch\n|-activate|p2a: Furry Witch|move: Protect\n|\n|-heal|p1a: Turtonator|38\/100 tox|[from] item: Leftovers\n|-damage|p1a: Turtonator|7\/100 tox|[from] psn\n|upkeep\n|turn|15\n|\n|t:|1700580253\n|move|p2a: Furry Witch|Wish|p2a: Furry Witch\n|move|p1a: Turtonator|Body Press|p2a: Furry Witch\n|-resisted|p2a: Furry Witch\n|-damage|p2a: Furry Witch|0 fnt\n|faint|p2a: Furry Witch\n|\n|-heal|p1a: Turtonator|13\/100 tox|[from] item: Leftovers\n|-damage|p1a: Turtonator|0 fnt|[from] psn\n|faint|p1a: Turtonator\n|upkeep\n|\n|t:|1700580264\n|switch|p2a: Haunting Witch|Mismagius, F|100\/100\n|switch|p1a: Golisopod|Golisopod, M, shiny|72\/100 tox\n|turn|16\n|\n|t:|1700580277\n|move|p2a: Haunting Witch|Hex|p1a: Golisopod\n|-damage|p1a: Golisopod|0 fnt\n|faint|p1a: Golisopod\n|\n|upkeep\n|\n|t:|1700580287\n|switch|p1a: Raichu|Raichu-Alola, M, shiny|100\/100\n|turn|17\n|\n|t:|1700580290\n|move|p2a: Haunting Witch|Will-O-Wisp|p1a: Raichu\n|-status|p1a: Raichu|brn\n|move|p1a: Raichu|Nasty Plot|p1a: Raichu\n|-boost|p1a: Raichu|spa|2\n|\n|-damage|p1a: Raichu|94\/100 brn|[from] brn\n|upkeep\n|turn|18\n|\n|t:|1700580303\n|move|p2a: Haunting Witch|Hex|p1a: Raichu\n|-supereffective|p1a: Raichu\n|-damage|p1a: Raichu|0 fnt\n|faint|p1a: Raichu\n|\n|upkeep\n|\n|t:|1700580309\n|switch|p1a: Mimikyu|Mimikyu, M, shiny|100\/100\n|turn|19\n|\n|t:|1700580311\n|move|p2a: Haunting Witch|Will-O-Wisp|p1a: Mimikyu\n|-status|p1a: Mimikyu|brn\n|move|p1a: Mimikyu|Swords Dance|p1a: Mimikyu\n|-boost|p1a: Mimikyu|atk|2\n|\n|-damage|p1a: Mimikyu|95\/100 brn|[from] brn\n|upkeep\n|turn|20\n|\n|t:|1700580319\n|move|p2a: Haunting Witch|Hex|p1a: Mimikyu\n|-activate|p1a: Mimikyu|ability: Disguise\n|-damage|p1a: Mimikyu|95\/100 brn\n|detailschange|p1a: Mimikyu|Mimikyu-Busted, M, shiny\n|-damage|p1a: Mimikyu|82\/100 brn|[from] pokemon: Mimikyu-Busted\n|move|p1a: Mimikyu|Swords Dance|p1a: Mimikyu\n|-boost|p1a: Mimikyu|atk|2\n|\n|-damage|p1a: Mimikyu|76\/100 brn|[from] brn\n|upkeep\n|turn|21\n|\n|t:|1700580330\n|-terastallize|p1a: Mimikyu|Ghost\n|move|p1a: Mimikyu|Shadow Sneak|p2a: Haunting Witch\n|-supereffective|p2a: Haunting Witch\n|-damage|p2a: Haunting Witch|0 fnt\n|faint|p2a: Haunting Witch\n|-damage|p1a: Mimikyu|66\/100 brn|[from] item: Life Orb\n|\n|-damage|p1a: Mimikyu|60\/100 brn|[from] brn\n|upkeep\n|\n|t:|1700580348\n|switch|p2a: Toxic Witch|Slowking-Galar, M|100\/100\n|turn|22\n|\n|t:|1700580352\n|move|p1a: Mimikyu|Shadow Sneak|p2a: Toxic Witch\n|-supereffective|p2a: Toxic Witch\n|-damage|p2a: Toxic Witch|9\/100\n|-damage|p1a: Mimikyu|50\/100 brn|[from] item: Life Orb\n|move|p2a: Toxic Witch|Sludge Wave|p1a: Mimikyu\n|-resisted|p1a: Mimikyu\n|-damage|p1a: Mimikyu|18\/100 brn\n|\n|-damage|p1a: Mimikyu|12\/100 brn|[from] brn\n|upkeep\n|turn|23\n|\n|t:|1700580358\n|move|p1a: Mimikyu|Shadow Sneak|p2a: Toxic Witch\n|-supereffective|p2a: Toxic Witch\n|-damage|p2a: Toxic Witch|0 fnt\n|faint|p2a: Toxic Witch\n|-damage|p1a: Mimikyu|2\/100 brn|[from] item: Life Orb\n|\n|-damage|p1a: Mimikyu|0 fnt|[from] brn\n|faint|p1a: Mimikyu\n|upkeep\n|\n|t:|1700580374\n|switch|p1a: Sandslash|Sandslash-Alola, M, shiny|86\/100\n|switch|p2a: Trans Witch|Hatterene, F|100\/100\n|turn|24\n|\n|t:|1700580378\n|move|p1a: Sandslash|Iron Head|p2a: Trans Witch\n|-supereffective|p2a: Trans Witch\n|-damage|p2a: Trans Witch|23\/100\n|move|p2a: Trans Witch|Mystical Fire|p1a: Sandslash\n|-supereffective|p1a: Sandslash\n|-damage|p1a: Sandslash|0 fnt\n|faint|p1a: Sandslash\n|\n|-heal|p2a: Trans Witch|28\/100|[from] item: Leftovers\n|upkeep\n|\n|t:|1700580382\n|switch|p1a: Kommo-o|Kommo-o, M, shiny|100\/100\n|turn|25\n|\n|t:|1700580388\n|move|p1a: Kommo-o|Boomburst|p2a: Trans Witch\n|-damage|p2a: Trans Witch|0 fnt\n|faint|p2a: Trans Witch\n|\n|upkeep\n|\n|t:|1700580390\n|switch|p2a: Spooky Witch|Gourgeist-Super, F, shiny|100\/100\n|turn|26\n|\n|t:|1700580410\n|move|p1a: Kommo-o|Flamethrower|p2a: Spooky Witch\n|-supereffective|p2a: Spooky Witch\n|-damage|p2a: Spooky Witch|34\/100\n|-status|p2a: Spooky Witch|brn\n|-zpower|p2a: Spooky Witch\n|move|p2a: Spooky Witch|Z-Trick-or-Treat|p1a: Kommo-o|[anim]Trick-or-Treat\n|-boost|p2a: Spooky Witch|atk|1|[zeffect]\n|-boost|p2a: Spooky Witch|def|1|[zeffect]\n|-boost|p2a: Spooky Witch|spa|1|[zeffect]\n|-boost|p2a: Spooky Witch|spd|1|[zeffect]\n|-boost|p2a: Spooky Witch|spe|1|[zeffect]\n|-start|p1a: Kommo-o|typeadd|Ghost|[from] move: Trick-or-Treat\n|\n|-damage|p2a: Spooky Witch|28\/100 brn|[from] brn\n|upkeep\n|turn|27\n|\n|t:|1700580421\n|-zpower|p1a: Kommo-o\n|move|p1a: Kommo-o|Clangorous Soulblaze|p2a: Spooky Witch|[zeffect]\n|-damage|p2a: Spooky Witch|0 fnt\n|faint|p2a: Spooky Witch\n|\n|win|st.john52\n|raw|st.john52's rating: 1126 &rarr; <strong>1148<\/strong><br \/>(+22 for winning)\n|raw|awesomecat42's rating: 1089 &rarr; <strong>1068<\/strong><br \/>(-21 for losing)\n|c|\u2606awesomecat42|gg\n|l|\u2606awesomecat42\n","uploadtime":1700580433,"views":0,"p1id":"stjohn52","p2id":"awesomecat42","formatid":"gen9nationaldex","rating":1068,"private":0,"password":""}