{"id":"gen9nationaldex-1996605659","p1":"Marty1010","p2":"FlyingSudowoodo","format":"[Gen 9] National Dex","log":"|html|<div class=\"broadcast-blue\"><strong>[Gen 9] National Dex is currently suspecting Sneasler! For information on how to participate check out the <a href=\"https:\/\/www.smogon.com\/forums\/threads\/sv-national-dex-suspect-8-just-dance.3731534\/\">suspect thread<\/a>.<\/strong><\/div>\n|j|\u2606Marty1010\n|j|\u2606FlyingSudowoodo\n|t:|1700699745\n|gametype|singles\n|player|p1|Marty1010|blackbelt-gen4|1268\n|player|p2|FlyingSudowoodo|brock|1318\n|teamsize|p1|6\n|teamsize|p2|6\n|gen|9\n|tier|[Gen 9] National Dex\n|rated|\n|rule|HP Percentage Mod: HP is shown in percentages\n|rule|Endless Battle Clause: Forcing endless battles is banned\n|rule|OHKO Clause: OHKO moves are banned\n|rule|Evasion Clause: Evasion abilities, items, and moves are banned\n|rule|Evasion Abilities Clause: Evasion abilities are banned\n|rule|Evasion Items Clause: Evasion items are banned\n|rule|Evasion Moves Clause: Evasion moves are banned\n|rule|Species Clause: Limit one of each Pok\u00e9mon\n|rule|Sleep Clause Mod: Limit one foe put to sleep\n|clearpoke\n|poke|p1|Charizard, F|\n|poke|p1|Leafeon, M|\n|poke|p1|Ferrothorn, F|\n|poke|p1|Corviknight, F|\n|poke|p1|Garganacl, M|\n|poke|p1|Toxapex, F|\n|poke|p2|Golem-Alola, M|\n|poke|p2|Glalie, F|\n|poke|p2|Victini|\n|poke|p2|Blissey, F|\n|poke|p2|Lucario, F|\n|poke|p2|Rillaboom, M|\n|teampreview\n|\n|t:|1700699758\n|start\n|switch|p1a: Poison|Toxapex, F|100\/100\n|switch|p2a: Victini|Victini|100\/100\n|turn|1\n|inactive|Battle timer is ON: inactive players will automatically lose when time's up. (requested by FlyingSudowoodo)\n|\n|t:|1700699766\n|move|p2a: Victini|Final Gambit|p1a: Poison\n|-damage|p1a: Poison|0 fnt\n|faint|p2a: Victini\n|faint|p1a: Poison\n|\n|upkeep\n|\n|t:|1700699771\n|switch|p2a: Blissey|Blissey, F|100\/100\n|switch|p1a: Spikey|Ferrothorn, F|100\/100\n|turn|2\n|\n|t:|1700699777\n|move|p2a: Blissey|Copycat|p2a: Blissey\n|move|p2a: Blissey|Final Gambit|p1a: Spikey|[from]move: Copycat\n|-damage|p1a: Spikey|0 fnt\n|faint|p2a: Blissey\n|faint|p1a: Spikey\n|\n|upkeep\n|\n|t:|1700699790\n|switch|p2a: Golem|Golem-Alola, M|100\/100\n|switch|p1a: Corviknight|Corviknight, F|100\/100\n|-ability|p1a: Corviknight|Pressure\n|turn|3\n|\n|t:|1700699801\n|move|p2a: Golem|Explosion|p1a: Corviknight\n|-supereffective|p1a: Corviknight\n|-damage|p1a: Corviknight|0 fnt\n|faint|p2a: Golem\n|faint|p1a: Corviknight\n|\n|upkeep\n|\n|t:|1700699810\n|switch|p2a: Lucario|Lucario, F|100\/100\n|switch|p1a: Garganacl|Garganacl, M|100\/100\n|turn|4\n|\n|t:|1700699825\n|switch|p2a: Rillaboom|Rillaboom, M|100\/100\n|-fieldstart|move: Grassy Terrain|[from] ability: Grassy Surge|[of] p2a: Rillaboom\n|move|p1a: Garganacl|Recover||[still]\n|-fail|p1a: Garganacl|heal\n|\n|upkeep\n|turn|5\n|\n|t:|1700699832\n|move|p2a: Rillaboom|Wood Hammer|p1a: Garganacl\n|-supereffective|p1a: Garganacl\n|-enditem|p1a: Garganacl|Focus Sash\n|-damage|p1a: Garganacl|1\/100\n|-damage|p2a: Rillaboom|61\/100|[from] Recoil\n|-damage|p2a: Rillaboom|52\/100|[from] item: Life Orb\n|move|p1a: Garganacl|Salt Cure|p2a: Rillaboom\n|-damage|p2a: Rillaboom|36\/100\n|-start|p2a: Rillaboom|Salt Cure\n|\n|-heal|p2a: Rillaboom|42\/100|[from] Grassy Terrain\n|-heal|p1a: Garganacl|7\/100|[from] Grassy Terrain\n|-damage|p2a: Rillaboom|30\/100|[from] Salt Cure\n|upkeep\n|turn|6\n|\n|t:|1700699848\n|move|p2a: Rillaboom|Grassy Glide|p1a: Garganacl\n|-supereffective|p1a: Garganacl\n|-damage|p1a: Garganacl|0 fnt\n|faint|p1a: Garganacl\n|-damage|p2a: Rillaboom|20\/100|[from] item: Life Orb\n|\n|-heal|p2a: Rillaboom|26\/100|[from] Grassy Terrain\n|-damage|p2a: Rillaboom|13\/100|[from] Salt Cure\n|upkeep\n|\n|t:|1700699856\n|switch|p1a: Charli|Charizard, F|100\/100\n|turn|7\n|\n|t:|1700699861\n|detailschange|p1a: Charli|Charizard-Mega-Y, F\n|-mega|p1a: Charli|Charizard|Charizardite Y\n|-weather|SunnyDay|[from] ability: Drought|[of] p1a: Charli\n|move|p2a: Rillaboom|Grassy Glide|p1a: Charli\n|-resisted|p1a: Charli\n|-damage|p1a: Charli|82\/100\n|-damage|p2a: Rillaboom|3\/100|[from] item: Life Orb\n|move|p1a: Charli|Weather Ball|p2a: Rillaboom\n|-supereffective|p2a: Rillaboom\n|-damage|p2a: Rillaboom|0 fnt\n|faint|p2a: Rillaboom\n|\n|-weather|SunnyDay|[upkeep]\n|upkeep\n|\n|t:|1700699874\n|switch|p2a: Lucario|Lucario, F|100\/100\n|turn|8\n|\n|t:|1700699879\n|switch|p1a: Leon|Leafeon, M|100\/100\n|move|p2a: Lucario|Final Gambit|p1a: Leon\n|-damage|p1a: Leon|0 fnt\n|faint|p2a: Lucario\n|faint|p1a: Leon\n|\n|-weather|SunnyDay|[upkeep]\n|-fieldend|move: Grassy Terrain\n|upkeep\n|\n|t:|1700699887\n|switch|p2a: Glalie|Glalie, F|100\/100\n|switch|p1a: Charli|Charizard-Mega-Y, F|82\/100\n|turn|9\n|\n|t:|1700699892\n|detailschange|p2a: Glalie|Glalie-Mega, F\n|-mega|p2a: Glalie|Glalie|Glalitite\n|move|p2a: Glalie|Explosion|p1a: Charli\n|-damage|p1a: Charli|0 fnt\n|faint|p2a: Glalie\n|faint|p1a: Charli\n|\n|win|Marty1010\n|raw|Marty1010's rating: 1268 &rarr; <strong>1297<\/strong><br \/>(+29 for winning)\n|raw|FlyingSudowoodo's rating: 1318 &rarr; <strong>1295<\/strong><br \/>(-23 for losing)\n","uploadtime":1700699899,"views":2,"p1id":"marty1010","p2id":"flyingsudowoodo","formatid":"gen9nationaldex","rating":1295,"private":0,"password":""}