{"id":"gen9nationaldex-1997963517","p1":"0xyt0c1njunk1e","p2":"Angryjoejoe4","format":"[Gen 9] National Dex","log":"|html|<div class=\"broadcast-blue\"><strong>[Gen 9] National Dex is currently suspecting Sneasler! For information on how to participate check out the <a href=\"https:\/\/www.smogon.com\/forums\/threads\/sv-national-dex-suspect-8-just-dance.3731534\/\">suspect thread<\/a>.<\/strong><\/div>\n|j|\u26060xyt0c1njunk1e\n|j|\u203dAngryjoejoe4\n|t:|1700872805\n|gametype|singles\n|player|p1|0xyt0c1njunk1e|iris|1391\n|player|p2|Angryjoejoe4|elesa|1287\n|teamsize|p1|6\n|teamsize|p2|6\n|gen|9\n|tier|[Gen 9] National Dex\n|rated|\n|rule|HP Percentage Mod: HP is shown in percentages\n|rule|Endless Battle Clause: Forcing endless battles is banned\n|rule|OHKO Clause: OHKO moves are banned\n|rule|Evasion Clause: Evasion abilities, items, and moves are banned\n|rule|Evasion Abilities Clause: Evasion abilities are banned\n|rule|Evasion Items Clause: Evasion items are banned\n|rule|Evasion Moves Clause: Evasion moves are banned\n|rule|Species Clause: Limit one of each Pok\u00e9mon\n|rule|Sleep Clause Mod: Limit one foe put to sleep\n|clearpoke\n|poke|p1|Clodsire, F|\n|poke|p1|Dondozo, M|\n|poke|p1|Alomomola, M|\n|poke|p1|Talonflame, M|\n|poke|p1|Toxapex, M|\n|poke|p1|Blissey, F|\n|poke|p2|Tapu Lele|\n|poke|p2|Sneasler, M|\n|poke|p2|Alomomola, M|\n|poke|p2|Magnezone|\n|poke|p2|Landorus-Therian, M|\n|poke|p2|Umbreon, M|\n|teampreview\n|inactive|Battle timer is ON: inactive players will automatically lose when time's up. (requested by 0xyt0c1njunk1e)\n|\n|t:|1700872813\n|start\n|switch|p1a: Dondozo|Dondozo, M|100\/100\n|switch|p2a: Tapu Lele|Tapu Lele|100\/100\n|-fieldstart|move: Psychic Terrain|[from] ability: Psychic Surge|[of] p2a: Tapu Lele\n|turn|1\n|\n|t:|1700872818\n|switch|p1a: Blissey|Blissey, F|100\/100\n|-terastallize|p2a: Tapu Lele|Psychic\n|move|p2a: Tapu Lele|Psychic|p1a: Blissey\n|-damage|p1a: Blissey|65\/100\n|\n|upkeep\n|turn|2\n|\n|t:|1700872845\n|switch|p2a: Landorus|Landorus-Therian, M|100\/100\n|-ability|p2a: Landorus|Intimidate|boost\n|-unboost|p1a: Blissey|atk|1\n|move|p1a: Blissey|Stealth Rock|p2a: Landorus\n|-sidestart|p2: Angryjoejoe4|move: Stealth Rock\n|\n|upkeep\n|turn|3\n|\n|t:|1700872851\n|switch|p1a: Dondozo|Dondozo, M|100\/100\n|move|p2a: Landorus|Defog|p1a: Dondozo\n|-unboost|p1a: Dondozo|evasion|1\n|-sideend|p2: Angryjoejoe4|Stealth Rock|[from] move: Defog|[of] p2a: Landorus\n|-fieldend|move: Psychic Terrain\n|\n|upkeep\n|turn|4\n|\n|t:|1700872856\n|move|p2a: Landorus|U-turn|p1a: Dondozo\n|-damage|p1a: Dondozo|90\/100\n|\n|t:|1700872860\n|switch|p2a: Tapu Lele|Tapu Lele, tera:Psychic|100\/100|[from] U-turn\n|-fieldstart|move: Psychic Terrain|[from] ability: Psychic Surge|[of] p2a: Tapu Lele\n|move|p1a: Dondozo|Liquidation|p2a: Tapu Lele\n|-damage|p2a: Tapu Lele|51\/100\n|-unboost|p2a: Tapu Lele|def|1\n|\n|upkeep\n|turn|5\n|\n|t:|1700872868\n|move|p2a: Tapu Lele|Psyshock|p1a: Dondozo\n|-damage|p1a: Dondozo|38\/100\n|move|p1a: Dondozo|Liquidation|p2a: Tapu Lele\n|-damage|p2a: Tapu Lele|8\/100\n|\n|upkeep\n|turn|6\n|\n|t:|1700872891\n|-terastallize|p1a: Dondozo|Dark\n|move|p2a: Tapu Lele|Psyshock|p1a: Dondozo\n|-immune|p1a: Dondozo\n|move|p1a: Dondozo|Rest|p1a: Dondozo\n|-status|p1a: Dondozo|slp|[from] move: Rest\n|-heal|p1a: Dondozo|100\/100 slp|[silent]\n|\n|upkeep\n|turn|7\n|\n|t:|1700872900\n|switch|p2a: Sneasler|Sneasler, M|100\/100\n|-enditem|p2a: Sneasler|Psychic Seed\n|-boost|p2a: Sneasler|spd|1|[from] item: Psychic Seed\n|cant|p1a: Dondozo|slp\n|move|p1a: Dondozo|Sleep Talk|p1a: Dondozo\n|move|p1a: Dondozo|Liquidation|p2a: Sneasler|[from]move: Sleep Talk\n|-damage|p2a: Sneasler|49\/100\n|-unboost|p2a: Sneasler|def|1\n|\n|upkeep\n|turn|8\n|\n|t:|1700872913\n|move|p2a: Sneasler|Close Combat|p1a: Dondozo\n|-supereffective|p1a: Dondozo\n|-damage|p1a: Dondozo|35\/100 slp\n|-unboost|p2a: Sneasler|def|1\n|-unboost|p2a: Sneasler|spd|1\n|cant|p1a: Dondozo|slp\n|move|p1a: Dondozo|Sleep Talk|p1a: Dondozo\n|move|p1a: Dondozo|Body Press|p2a: Sneasler|[from]move: Sleep Talk\n|-resisted|p2a: Sneasler\n|-damage|p2a: Sneasler|26\/100\n|\n|-fieldend|move: Psychic Terrain\n|upkeep\n|turn|9\n|\n|t:|1700872926\n|switch|p1a: Clodsire|Clodsire, F|100\/100\n|move|p2a: Sneasler|Close Combat|p1a: Clodsire\n|-resisted|p1a: Clodsire\n|-damage|p1a: Clodsire|66\/100\n|-unboost|p2a: Sneasler|def|1\n|-unboost|p2a: Sneasler|spd|1\n|\n|upkeep\n|turn|10\n|\n|t:|1700872934\n|switch|p1a: Talonflame|Talonflame, M|100\/100\n|move|p2a: Sneasler|Dire Claw|p1a: Talonflame\n|-damage|p1a: Talonflame|58\/100\n|\n|upkeep\n|turn|11\n|\n|t:|1700872944\n|move|p2a: Sneasler|Dire Claw|p1a: Talonflame\n|-damage|p1a: Talonflame|9\/100\n|-status|p1a: Talonflame|psn\n|move|p1a: Talonflame|Flamethrower|p2a: Sneasler\n|-damage|p2a: Sneasler|0 fnt\n|faint|p2a: Sneasler\n|\n|-damage|p1a: Talonflame|0 fnt|[from] psn\n|faint|p1a: Talonflame\n|upkeep\n|\n|t:|1700872954\n|switch|p2a: Alomomola|Alomomola, M|100\/100\n|switch|p1a: Alomomola|Alomomola, M|100\/100\n|turn|12\n|\n|t:|1700872961\n|move|p2a: Alomomola|Wish|p2a: Alomomola\n|move|p1a: Alomomola|Wish|p1a: Alomomola\n|\n|upkeep\n|turn|13\n|\n|t:|1700872968\n|switch|p1a: Dondozo|Dondozo, M, tera:Dark|35\/100 slp\n|move|p2a: Alomomola|Flip Turn|p1a: Dondozo\n|-damage|p1a: Dondozo|28\/100 slp\n|\n|t:|1700872974\n|switch|p2a: Tapu Lele|Tapu Lele, tera:Psychic|8\/100|[from] Flip Turn\n|-fieldstart|move: Psychic Terrain|[from] ability: Psychic Surge|[of] p2a: Tapu Lele\n|\n|-heal|p2a: Tapu Lele|92\/100|[from] move: Wish|[wisher] Alomomola\n|-heal|p1a: Dondozo|81\/100 slp|[from] move: Wish|[wisher] Alomomola\n|upkeep\n|turn|14\n|\n|t:|1700872981\n|switch|p1a: Blissey|Blissey, F|65\/100\n|move|p2a: Tapu Lele|Moonblast|p1a: Blissey\n|-damage|p1a: Blissey|44\/100\n|\n|upkeep\n|turn|15\n|\n|t:|1700872991\n|switch|p2a: Landorus|Landorus-Therian, M|100\/100\n|-ability|p2a: Landorus|Intimidate|boost\n|-unboost|p1a: Blissey|atk|1\n|move|p1a: Blissey|Stealth Rock|p2a: Landorus\n|-sidestart|p2: Angryjoejoe4|move: Stealth Rock\n|\n|upkeep\n|turn|16\n|\n|t:|1700872995\n|switch|p1a: Alomomola|Alomomola, M|100\/100\n|move|p2a: Landorus|Earthquake|p1a: Alomomola\n|-damage|p1a: Alomomola|74\/100\n|\n|upkeep\n|turn|17\n|\n|t:|1700873002\n|move|p2a: Landorus|Defog|p1a: Alomomola\n|-unboost|p1a: Alomomola|evasion|1\n|-sideend|p2: Angryjoejoe4|Stealth Rock|[from] move: Defog|[of] p2a: Landorus\n|-fieldend|move: Psychic Terrain\n|move|p1a: Alomomola|Whirlpool|p2a: Landorus\n|-supereffective|p2a: Landorus\n|-damage|p2a: Landorus|86\/100\n|-activate|p2a: Landorus|move: Whirlpool|[of] p1a: Alomomola\n|\n|-damage|p2a: Landorus|74\/100|[from] move: Whirlpool|[partiallytrapped]\n|upkeep\n|turn|18\n|\n|t:|1700873004\n|move|p2a: Landorus|Stealth Rock|p1a: Alomomola\n|-sidestart|p1: 0xyt0c1njunk1e|move: Stealth Rock\n|move|p1a: Alomomola|Chilling Water|p2a: Landorus\n|-supereffective|p2a: Landorus\n|-damage|p2a: Landorus|55\/100\n|-unboost|p2a: Landorus|atk|1\n|\n|-damage|p2a: Landorus|43\/100|[from] move: Whirlpool|[partiallytrapped]\n|upkeep\n|turn|19\n|\n|t:|1700873008\n|move|p1a: Alomomola|Protect|p1a: Alomomola\n|-singleturn|p1a: Alomomola|Protect\n|move|p2a: Landorus|U-turn|p1a: Alomomola\n|-activate|p1a: Alomomola|move: Protect\n|\n|-damage|p2a: Landorus|31\/100|[from] move: Whirlpool|[partiallytrapped]\n|upkeep\n|turn|20\n|\n|t:|1700873014\n|move|p2a: Landorus|U-turn|p1a: Alomomola\n|-damage|p1a: Alomomola|66\/100\n|\n|t:|1700873021\n|switch|p2a: Tapu Lele|Tapu Lele, tera:Psychic|92\/100|[from] U-turn\n|-fieldstart|move: Psychic Terrain|[from] ability: Psychic Surge|[of] p2a: Tapu Lele\n|move|p1a: Alomomola|Whirlpool|p2a: Tapu Lele\n|-damage|p2a: Tapu Lele|86\/100\n|-activate|p2a: Tapu Lele|move: Whirlpool|[of] p1a: Alomomola\n|\n|-damage|p2a: Tapu Lele|73\/100|[from] move: Whirlpool|[partiallytrapped]\n|upkeep\n|turn|21\n|\n|t:|1700873032\n|switch|p1a: Dondozo|Dondozo, M, tera:Dark|81\/100 slp\n|move|p2a: Tapu Lele|Psyshock|p1a: Dondozo\n|-immune|p1a: Dondozo\n|\n|-end|p2a: Tapu Lele|Whirlpool|[partiallytrapped]|[silent]\n|upkeep\n|turn|22\n|\n|t:|1700873049\n|switch|p2a: Magnezone|Magnezone|100\/100\n|-curestatus|p1a: Dondozo|slp|[msg]\n|move|p1a: Dondozo|Body Press|p2a: Magnezone\n|-supereffective|p2a: Magnezone\n|-damage|p2a: Magnezone|42\/100\n|\n|upkeep\n|turn|23\n|\n|t:|1700873057\n|move|p2a: Magnezone|Thunderbolt|p1a: Dondozo\n|-damage|p1a: Dondozo|37\/100\n|move|p1a: Dondozo|Body Press|p2a: Magnezone\n|-supereffective|p2a: Magnezone\n|-damage|p2a: Magnezone|0 fnt\n|faint|p2a: Magnezone\n|\n|upkeep\n|\n|t:|1700873075\n|switch|p2a: Tapu Lele|Tapu Lele, tera:Psychic|73\/100\n|turn|24\n|\n|t:|1700873083\n|move|p2a: Tapu Lele|Psyshock|p1a: Dondozo\n|-immune|p1a: Dondozo\n|move|p1a: Dondozo|Rest|p1a: Dondozo\n|-status|p1a: Dondozo|slp|[from] move: Rest\n|-heal|p1a: Dondozo|100\/100 slp|[silent]\n|\n|-fieldend|move: Psychic Terrain\n|upkeep\n|turn|25\n|\n|t:|1700873088\n|switch|p2a: Umbreon|Umbreon, M|100\/100\n|cant|p1a: Dondozo|slp\n|move|p1a: Dondozo|Sleep Talk|p1a: Dondozo\n|move|p1a: Dondozo|Rest||[from]move: Sleep Talk|[still]\n|-fail|p1a: Dondozo\n|\n|upkeep\n|turn|26\n|\n|t:|1700873102\n|move|p2a: Umbreon|Foul Play|p1a: Dondozo\n|-resisted|p1a: Dondozo\n|-damage|p1a: Dondozo|93\/100 slp\n|cant|p1a: Dondozo|slp\n|move|p1a: Dondozo|Sleep Talk|p1a: Dondozo\n|move|p1a: Dondozo|Liquidation|p2a: Umbreon|[from]move: Sleep Talk\n|-damage|p2a: Umbreon|78\/100\n|\n|-heal|p2a: Umbreon|85\/100|[from] item: Leftovers\n|upkeep\n|turn|27\n|\n|t:|1700873111\n|switch|p2a: Tapu Lele|Tapu Lele, tera:Psychic|73\/100\n|-fieldstart|move: Psychic Terrain|[from] ability: Psychic Surge|[of] p2a: Tapu Lele\n|-curestatus|p1a: Dondozo|slp|[msg]\n|move|p1a: Dondozo|Body Press|p2a: Tapu Lele\n|-resisted|p2a: Tapu Lele\n|-damage|p2a: Tapu Lele|52\/100\n|\n|upkeep\n|turn|28\n|\n|t:|1700873124\n|switch|p1a: Toxapex|Toxapex, M|100\/100\n|move|p2a: Tapu Lele|Moonblast|p1a: Toxapex\n|-resisted|p1a: Toxapex\n|-damage|p1a: Toxapex|68\/100\n|-unboost|p1a: Toxapex|spa|1\n|\n|upkeep\n|turn|29\n|\n|t:|1700873133\n|switch|p2a: Alomomola|Alomomola, M|100\/100\n|move|p1a: Toxapex|Infestation|p2a: Alomomola\n|-damage|p2a: Alomomola|99\/100\n|-activate|p2a: Alomomola|move: Infestation|[of] p1a: Toxapex\n|-damage|p1a: Toxapex|51\/100|[from] item: Rocky Helmet|[of] p2a: Alomomola\n|\n|-damage|p2a: Alomomola|86\/100|[from] move: Infestation|[partiallytrapped]\n|upkeep\n|turn|30\n|\n|t:|1700873142\n|move|p2a: Alomomola|Wish|p2a: Alomomola\n|move|p1a: Toxapex|Recover|p1a: Toxapex\n|-heal|p1a: Toxapex|100\/100\n|\n|-damage|p2a: Alomomola|74\/100|[from] move: Infestation|[partiallytrapped]\n|upkeep\n|turn|31\n|\n|t:|1700873144\n|move|p2a: Alomomola|Flip Turn|p1a: Toxapex\n|-resisted|p1a: Toxapex\n|-damage|p1a: Toxapex|96\/100\n|\n|t:|1700873147\n|switch|p2a: Landorus|Landorus-Therian, M|31\/100|[from] Flip Turn\n|-ability|p2a: Landorus|Intimidate|boost\n|-unboost|p1a: Toxapex|atk|1\n|move|p1a: Toxapex|Toxic|p2a: Landorus\n|-status|p2a: Landorus|tox\n|\n|-heal|p2a: Landorus|92\/100 tox|[from] move: Wish|[wisher] Alomomola\n|-damage|p2a: Landorus|86\/100 tox|[from] psn\n|-fieldend|move: Psychic Terrain\n|upkeep\n|turn|32\n|\n|t:|1700873153\n|switch|p1a: Dondozo|Dondozo, M, tera:Dark|93\/100\n|move|p2a: Landorus|Earthquake|p1a: Dondozo\n|-damage|p1a: Dondozo|72\/100\n|\n|-damage|p2a: Landorus|74\/100 tox|[from] psn\n|upkeep\n|turn|33\n|\n|t:|1700873159\n|move|p2a: Landorus|U-turn|p1a: Dondozo\n|-supereffective|p1a: Dondozo\n|-damage|p1a: Dondozo|50\/100\n|\n|t:|1700873165\n|switch|p2a: Tapu Lele|Tapu Lele, tera:Psychic|52\/100|[from] U-turn\n|-fieldstart|move: Psychic Terrain|[from] ability: Psychic Surge|[of] p2a: Tapu Lele\n|move|p1a: Dondozo|Liquidation|p2a: Tapu Lele\n|-crit|p2a: Tapu Lele\n|-damage|p2a: Tapu Lele|0 fnt\n|faint|p2a: Tapu Lele\n|\n|upkeep\n|-message|Angryjoejoe4 forfeited.\n|\n|win|0xyt0c1njunk1e\n|raw|0xyt0c1njunk1e's rating: 1391 &rarr; <strong>1405<\/strong><br \/>(+14 for winning)\n|raw|Angryjoejoe4's rating: 1287 &rarr; <strong>1269<\/strong><br \/>(-18 for losing)\n|l|\u203dAngryjoejoe4\n","uploadtime":1700873194,"views":4,"p1id":"0xyt0c1njunk1e","p2id":"angryjoejoe4","formatid":"gen9nationaldex","rating":1269,"private":0,"password":""}