{"id":"gen9nationaldex-1993736771","p1":"humilha newba","p2":"bandeng","format":"[Gen 9] National Dex","log":"|j|\u2606humilha newba\n|j|\u2606bandeng\n|t:|1700351212\n|gametype|singles\n|player|p1|humilha newba|ghetsis-gen5bw|1240\n|player|p2|bandeng|fisherman-gen4|1225\n|teamsize|p1|6\n|teamsize|p2|6\n|gen|9\n|tier|[Gen 9] National Dex\n|rated|\n|rule|HP Percentage Mod: HP is shown in percentages\n|rule|Endless Battle Clause: Forcing endless battles is banned\n|rule|OHKO Clause: OHKO moves are banned\n|rule|Evasion Clause: Evasion abilities, items, and moves are banned\n|rule|Evasion Abilities Clause: Evasion abilities are banned\n|rule|Evasion Items Clause: Evasion items are banned\n|rule|Evasion Moves Clause: Evasion moves are banned\n|rule|Species Clause: Limit one of each Pok\u00e9mon\n|rule|Sleep Clause Mod: Limit one foe put to sleep\n|clearpoke\n|poke|p1|Cresselia, F|\n|poke|p1|Skarmory, F|\n|poke|p1|Toxapex, M|\n|poke|p1|Gliscor, M|\n|poke|p1|Lopunny, M|\n|poke|p1|Fezandipiti, M|\n|poke|p2|Banette, F|\n|poke|p2|Alomomola, M|\n|poke|p2|Landorus-Therian, M|\n|poke|p2|Heatran, F|\n|poke|p2|Greninja-*, M|\n|poke|p2|Ursaluna, M|\n|teampreview\n|inactive|Battle timer is ON: inactive players will automatically lose when time's up. (requested by humilha newba)\n|\n|t:|1700351223\n|start\n|switch|p1a: Skarmory|Skarmory, F|100\/100\n|switch|p2a: Landorus|Landorus-Therian, M|100\/100\n|-ability|p2a: Landorus|Intimidate|boost\n|-unboost|p1a: Skarmory|atk|1\n|turn|1\n|\n|t:|1700351228\n|move|p2a: Landorus|Stealth Rock|p1a: Skarmory\n|-sidestart|p1: humilha newba|move: Stealth Rock\n|move|p1a: Skarmory|Spikes|p2a: Landorus\n|-sidestart|p2: bandeng|Spikes\n|\n|upkeep\n|turn|2\n|\n|t:|1700351253\n|switch|p2a: Heatran|Heatran, F|100\/100\n|-damage|p2a: Heatran|88\/100|[from] Spikes\n|move|p1a: Skarmory|Spikes|p2a: Heatran\n|-sidestart|p2: bandeng|Spikes\n|\n|-heal|p2a: Heatran|94\/100|[from] item: Leftovers\n|upkeep\n|turn|3\n|\n|t:|1700351262\n|switch|p1a: Toxapex|Toxapex, M|100\/100\n|move|p2a: Heatran|Magma Storm|p1a: Toxapex|[miss]\n|-miss|p2a: Heatran|p1a: Toxapex\n|\n|-heal|p2a: Heatran|100\/100|[from] item: Leftovers\n|upkeep\n|turn|4\n|\n|t:|1700351270\n|move|p2a: Heatran|Earth Power|p1a: Toxapex\n|-supereffective|p1a: Toxapex\n|-damage|p1a: Toxapex|58\/100\n|move|p1a: Toxapex|Scald|p2a: Heatran\n|-supereffective|p2a: Heatran\n|-damage|p2a: Heatran|81\/100\n|\n|-heal|p2a: Heatran|88\/100|[from] item: Leftovers\n|upkeep\n|turn|5\n|\n|t:|1700351279\n|move|p2a: Heatran|Earth Power|p1a: Toxapex\n|-supereffective|p1a: Toxapex\n|-damage|p1a: Toxapex|14\/100\n|move|p1a: Toxapex|Knock Off|p2a: Heatran\n|-damage|p2a: Heatran|76\/100\n|-enditem|p2a: Heatran|Leftovers|[from] move: Knock Off|[of] p1a: Toxapex\n|\n|upkeep\n|turn|6\n|\n|t:|1700351284\n|switch|p1a: Gliscor|Gliscor, M|100\/100\n|-damage|p1a: Gliscor|88\/100|[from] Stealth Rock\n|move|p2a: Heatran|Magma Storm|p1a: Gliscor\n|-damage|p1a: Gliscor|37\/100\n|-activate|p1a: Gliscor|move: Magma Storm|[of] p2a: Heatran\n|\n|-damage|p1a: Gliscor|24\/100|[from] move: Magma Storm|[partiallytrapped]\n|-status|p1a: Gliscor|tox|[from] item: Toxic Orb\n|upkeep\n|turn|7\n|\n|t:|1700351294\n|-terastallize|p1a: Gliscor|Water\n|move|p1a: Gliscor|Roost|p1a: Gliscor\n|-heal|p1a: Gliscor|74\/100 tox\n|move|p2a: Heatran|Magma Storm|p1a: Gliscor|[miss]\n|-miss|p2a: Heatran|p1a: Gliscor\n|\n|-heal|p1a: Gliscor|87\/100 tox|[from] ability: Poison Heal\n|-damage|p1a: Gliscor|74\/100 tox|[from] move: Magma Storm|[partiallytrapped]\n|upkeep\n|turn|8\n|\n|t:|1700351299\n|switch|p2a: Greninja|Greninja, M|100\/100\n|-damage|p2a: Greninja|84\/100|[from] Spikes\n|move|p1a: Gliscor|Stealth Rock|p2a: Greninja\n|-sidestart|p2: bandeng|move: Stealth Rock\n|\n|-heal|p1a: Gliscor|87\/100 tox|[from] ability: Poison Heal\n|-end|p1a: Gliscor|Magma Storm|[partiallytrapped]|[silent]\n|upkeep\n|turn|9\n|\n|t:|1700351310\n|move|p2a: Greninja|Grass Knot|p1a: Gliscor\n|-supereffective|p1a: Gliscor\n|-damage|p1a: Gliscor|45\/100 tox\n|move|p1a: Gliscor|Earthquake|p2a: Greninja\n|-damage|p2a: Greninja|28\/100\n|\n|-heal|p1a: Gliscor|57\/100 tox|[from] ability: Poison Heal\n|upkeep\n|turn|10\n|\n|t:|1700351319\n|-terastallize|p2a: Greninja|Flying\n|move|p2a: Greninja|Grass Knot|p1a: Gliscor\n|-supereffective|p1a: Gliscor\n|-damage|p1a: Gliscor|14\/100 tox\n|move|p1a: Gliscor|Roost|p1a: Gliscor\n|-heal|p1a: Gliscor|64\/100 tox\n|\n|-heal|p1a: Gliscor|77\/100 tox|[from] ability: Poison Heal\n|upkeep\n|turn|11\n|\n|t:|1700351329\n|move|p2a: Greninja|Grass Knot|p1a: Gliscor\n|-supereffective|p1a: Gliscor\n|-damage|p1a: Gliscor|34\/100 tox\n|move|p1a: Gliscor|Knock Off|p2a: Greninja\n|-damage|p2a: Greninja|0 fnt\n|-enditem|p2a: Greninja|Salac Berry|[from] move: Knock Off|[of] p1a: Gliscor\n|faint|p2a: Greninja\n|\n|-heal|p1a: Gliscor|46\/100 tox|[from] ability: Poison Heal\n|upkeep\n|\n|t:|1700351339\n|switch|p2a: Ursaluna|Ursaluna, M, shiny|100\/100\n|-damage|p2a: Ursaluna|84\/100|[from] Spikes\n|-damage|p2a: Ursaluna|78\/100|[from] Stealth Rock\n|turn|12\n|\n|t:|1700351354\n|move|p1a: Gliscor|Roost|p1a: Gliscor\n|-heal|p1a: Gliscor|96\/100 tox\n|move|p2a: Ursaluna|Thunder Punch|p1a: Gliscor\n|-supereffective|p1a: Gliscor\n|-damage|p1a: Gliscor|51\/100 tox\n|\n|-heal|p1a: Gliscor|64\/100 tox|[from] ability: Poison Heal\n|-status|p2a: Ursaluna|brn|[from] item: Flame Orb\n|upkeep\n|turn|13\n|\n|t:|1700351363\n|move|p1a: Gliscor|Earthquake|p2a: Ursaluna\n|-damage|p2a: Ursaluna|56\/100 brn\n|move|p2a: Ursaluna|Bulk Up|p2a: Ursaluna\n|-boost|p2a: Ursaluna|atk|1\n|-boost|p2a: Ursaluna|def|1\n|\n|-heal|p1a: Gliscor|76\/100 tox|[from] ability: Poison Heal\n|-damage|p2a: Ursaluna|49\/100 brn|[from] brn\n|upkeep\n|turn|14\n|\n|t:|1700351371\n|switch|p1a: Skarmory|Skarmory, F|100\/100\n|-damage|p1a: Skarmory|88\/100|[from] Stealth Rock\n|move|p2a: Ursaluna|Thunder Punch|p1a: Skarmory\n|-supereffective|p1a: Skarmory\n|-damage|p1a: Skarmory|2\/100\n|-damage|p2a: Ursaluna|33\/100 brn|[from] item: Rocky Helmet|[of] p1a: Skarmory\n|\n|-damage|p2a: Ursaluna|27\/100 brn|[from] brn\n|upkeep\n|turn|15\n|\n|t:|1700351378\n|move|p1a: Skarmory|Roost|p1a: Skarmory\n|-heal|p1a: Skarmory|52\/100\n|-singleturn|p1a: Skarmory|move: Roost\n|move|p2a: Ursaluna|Thunder Punch|p1a: Skarmory\n|-damage|p1a: Skarmory|11\/100\n|-damage|p2a: Ursaluna|10\/100 brn|[from] item: Rocky Helmet|[of] p1a: Skarmory\n|\n|-damage|p2a: Ursaluna|4\/100 brn|[from] brn\n|upkeep\n|turn|16\n|\n|t:|1700351382\n|move|p1a: Skarmory|Roost|p1a: Skarmory\n|-heal|p1a: Skarmory|61\/100\n|-singleturn|p1a: Skarmory|move: Roost\n|move|p2a: Ursaluna|Thunder Punch|p1a: Skarmory\n|-damage|p1a: Skarmory|18\/100\n|-damage|p2a: Ursaluna|0 fnt|[from] item: Rocky Helmet|[of] p1a: Skarmory\n|faint|p2a: Ursaluna\n|\n|upkeep\n|\n|t:|1700351387\n|switch|p2a: Banette|Banette, F|100\/100\n|-damage|p2a: Banette|84\/100|[from] Spikes\n|-damage|p2a: Banette|72\/100|[from] Stealth Rock\n|-item|p1a: Skarmory|Rocky Helmet|[from] ability: Frisk|[of] p2a: Banette|[identify]\n|turn|17\n|\n|t:|1700351393\n|detailschange|p2a: Banette|Banette-Mega, F\n|-mega|p2a: Banette|Banette|Banettite\n|move|p2a: Banette|Poltergeist|p1a: Skarmory|[miss]\n|-miss|p2a: Banette|p1a: Skarmory\n|move|p1a: Skarmory|Roost|p1a: Skarmory\n|-heal|p1a: Skarmory|68\/100\n|-singleturn|p1a: Skarmory|move: Roost\n|\n|upkeep\n|turn|18\n|\n|t:|1700351400\n|move|p2a: Banette|Poltergeist|p1a: Skarmory\n|-activate|p1a: Skarmory|move: Poltergeist|Rocky Helmet\n|-damage|p1a: Skarmory|24\/100\n|move|p1a: Skarmory|Spikes|p2a: Banette\n|-sidestart|p2: bandeng|Spikes\n|\n|upkeep\n|turn|19\n|\n|t:|1700351406\n|move|p2a: Banette|Poltergeist|p1a: Skarmory\n|-activate|p1a: Skarmory|move: Poltergeist|Rocky Helmet\n|-damage|p1a: Skarmory|0 fnt\n|faint|p1a: Skarmory\n|\n|upkeep\n|\n|t:|1700351408\n|switch|p1a: Lopunny|Lopunny, M|100\/100\n|-damage|p1a: Lopunny|88\/100|[from] Stealth Rock\n|turn|20\n|\n|t:|1700351415\n|detailschange|p1a: Lopunny|Lopunny-Mega, M\n|-mega|p1a: Lopunny|Lopunny|Lopunnite\n|move|p1a: Lopunny|Fake Out|p2a: Banette\n|-damage|p2a: Banette|39\/100\n|cant|p2a: Banette|flinch\n|\n|upkeep\n|turn|21\n|\n|t:|1700351428\n|switch|p1a: Toxapex|Toxapex, M|47\/100\n|move|p2a: Banette|Destiny Bond|p2a: Banette\n|-singlemove|p2a: Banette|Destiny Bond\n|\n|upkeep\n|turn|22\n|\n|t:|1700351432\n|move|p2a: Banette|Poltergeist|p1a: Toxapex\n|-activate|p1a: Toxapex|move: Poltergeist|Heavy-Duty Boots\n|-damage|p1a: Toxapex|0 fnt\n|faint|p1a: Toxapex\n|\n|upkeep\n|\n|t:|1700351438\n|switch|p1a: Lopunny|Lopunny-Mega, M|88\/100\n|-damage|p1a: Lopunny|82\/100|[from] Stealth Rock\n|turn|23\n|\n|t:|1700351440\n|move|p1a: Lopunny|Fake Out|p2a: Banette\n|-damage|p2a: Banette|6\/100\n|cant|p2a: Banette|flinch\n|\n|upkeep\n|turn|24\n|\n|t:|1700351446\n|move|p1a: Lopunny|Quick Attack|p2a: Banette\n|-damage|p2a: Banette|0 fnt\n|faint|p2a: Banette\n|\n|upkeep\n|\n|t:|1700351450\n|switch|p2a: Alomomola|Alomomola, M, shiny|100\/100\n|turn|25\n|\n|t:|1700351454\n|switch|p1a: Gliscor|Gliscor, M, tera:Water|76\/100 tox\n|-damage|p1a: Gliscor|64\/100 tox|[from] Stealth Rock\n|move|p2a: Alomomola|Toxic|p1a: Gliscor\n|-fail|p1a: Gliscor|tox\n|\n|-heal|p1a: Gliscor|76\/100 tox|[from] ability: Poison Heal\n|upkeep\n|turn|26\n|\n|t:|1700351459\n|move|p1a: Gliscor|Knock Off|p2a: Alomomola\n|-damage|p2a: Alomomola|90\/100\n|-enditem|p2a: Alomomola|Heavy-Duty Boots|[from] move: Knock Off|[of] p1a: Gliscor\n|move|p2a: Alomomola|Flip Turn|p1a: Gliscor\n|-resisted|p1a: Gliscor\n|-damage|p1a: Gliscor|70\/100 tox\n|-message|bandeng forfeited.\n|\n|win|humilha newba\n|raw|humilha newba's rating: 1240 &rarr; <strong>1264<\/strong><br \/>(+24 for winning)\n|raw|bandeng's rating: 1225 &rarr; <strong>1201<\/strong><br \/>(-24 for losing)\n|l|\u2606bandeng\n","uploadtime":1700351475,"views":9,"p1id":"humilhanewba","p2id":"bandeng","formatid":"gen9nationaldex","rating":1201,"private":0,"password":""}