{"id":"gen9nationaldex-1990897273","p1":"serving up heat","p2":"grass knot zygarde","format":"[Gen 9] National Dex","log":"|j|\u2606serving up heat\n|j|\u2606grass knot zygarde\n|t:|1700012654\n|gametype|singles\n|player|p1|serving up heat|waiter|1747\n|player|p2|grass knot zygarde|dawn|1670\n|teamsize|p1|6\n|teamsize|p2|6\n|gen|9\n|tier|[Gen 9] National Dex\n|rated|\n|rule|HP Percentage Mod: HP is shown in percentages\n|rule|Endless Battle Clause: Forcing endless battles is banned\n|rule|OHKO Clause: OHKO moves are banned\n|rule|Evasion Clause: Evasion abilities, items, and moves are banned\n|rule|Evasion Abilities Clause: Evasion abilities are banned\n|rule|Evasion Items Clause: Evasion items are banned\n|rule|Evasion Moves Clause: Evasion moves are banned\n|rule|Species Clause: Limit one of each Pok\u00e9mon\n|rule|Sleep Clause Mod: Limit one foe put to sleep\n|clearpoke\n|poke|p1|Tapu Lele|\n|poke|p1|Sneasler, M|\n|poke|p1|Absol, M|\n|poke|p1|Landorus-Therian, M|\n|poke|p1|Ferrothorn, M|\n|poke|p1|Garganacl, F|\n|poke|p2|Latios, M|\n|poke|p2|Buzzwole|\n|poke|p2|Gliscor, M|\n|poke|p2|Weavile, F|\n|poke|p2|Heatran, M|\n|poke|p2|Ogerpon-Wellspring, F|\n|teampreview\n|inactive|Battle timer is ON: inactive players will automatically lose when time's up. (requested by serving up heat)\n|inactive|grass knot zygarde also wants the timer to be on.\n|j| iliveinohiorizz\n|\n|t:|1700012684\n|start\n|switch|p1a: Ferrothorn|Ferrothorn, M|100\/100\n|switch|p2a: i|Gliscor, M, shiny|100\/100\n|turn|1\n|\n|t:|1700012696\n|move|p2a: i|Earthquake|p1a: Ferrothorn\n|-crit|p1a: Ferrothorn\n|-damage|p1a: Ferrothorn|73\/100\n|move|p1a: Ferrothorn|Leech Seed|p2a: i\n|-start|p2a: i|move: Leech Seed\n|\n|-heal|p1a: Ferrothorn|79\/100|[from] item: Leftovers\n|-damage|p2a: i|88\/100|[from] Leech Seed|[of] p1a: Ferrothorn\n|-heal|p1a: Ferrothorn|91\/100|[silent]\n|-status|p2a: i|tox|[from] item: Toxic Orb\n|upkeep\n|turn|2\n|\n|t:|1700012713\n|switch|p2a: ECHOES|Latios, M|100\/100\n|switch|p1a: Absol|Absol, M|100\/100\n|\n|upkeep\n|turn|3\n|c| iliveinohiorizz|it's ovo.\n|inactive|serving up heat has 120 seconds left.\n|\n|t:|1700012746\n|switch|p1a: JOE BRRRR|Landorus-Therian, M|100\/100\n|-ability|p1a: JOE BRRRR|Intimidate|boost\n|-unboost|p2a: ECHOES|atk|1\n|detailschange|p2a: ECHOES|Latios-Mega, M\n|-mega|p2a: ECHOES|Latios|Latiosite\n|move|p2a: ECHOES|Aura Sphere|p1a: JOE BRRRR\n|-resisted|p1a: JOE BRRRR\n|-crit|p1a: JOE BRRRR\n|-damage|p1a: JOE BRRRR|87\/100\n|\n|upkeep\n|turn|4\n|inactive|serving up heat has 120 seconds left.\n|inactive|grass knot zygarde has 120 seconds left.\n|\n|t:|1700012761\n|switch|p2a: i|Gliscor, M, shiny|88\/100 tox\n|move|p1a: JOE BRRRR|U-turn|p2a: i\n|-resisted|p2a: i\n|-damage|p2a: i|79\/100 tox\n|inactive|serving up heat has 120 seconds left.\n|\n|t:|1700012774\n|switch|p1a: Absol|Absol, M|100\/100|[from] U-turn\n|\n|-heal|p2a: i|92\/100 tox|[from] ability: Poison Heal\n|upkeep\n|turn|5\n|inactive|serving up heat has 120 seconds left.\n|\n|t:|1700012782\n|switch|p2a: nitro cell device|Buzzwole|100\/100\n|detailschange|p1a: Absol|Absol-Mega, M\n|-mega|p1a: Absol|Absol|Absolite\n|move|p1a: Absol|Ice Beam|p2a: nitro cell device\n|-damage|p2a: nitro cell device|68\/100\n|\n|upkeep\n|turn|6\n|\n|t:|1700012791\n|switch|p1a: JOE BRRRR|Landorus-Therian, M|87\/100\n|-ability|p1a: JOE BRRRR|Intimidate|boost\n|-unboost|p2a: nitro cell device|atk|1\n|move|p2a: nitro cell device|Drain Punch|p1a: JOE BRRRR\n|-resisted|p1a: JOE BRRRR\n|-damage|p1a: JOE BRRRR|77\/100\n|-heal|p2a: nitro cell device|72\/100|[from] drain|[of] p1a: JOE BRRRR\n|\n|upkeep\n|turn|7\n|\n|t:|1700012797\n|move|p1a: JOE BRRRR|Knock Off|p2a: nitro cell device\n|-resisted|p2a: nitro cell device\n|-damage|p2a: nitro cell device|65\/100\n|-enditem|p2a: nitro cell device|Heavy-Duty Boots|[from] move: Knock Off|[of] p1a: JOE BRRRR\n|move|p2a: nitro cell device|Drain Punch|p1a: JOE BRRRR\n|-resisted|p1a: JOE BRRRR\n|-damage|p1a: JOE BRRRR|67\/100\n|-heal|p2a: nitro cell device|70\/100|[from] drain|[of] p1a: JOE BRRRR\n|\n|upkeep\n|turn|8\n|c| iliveinohiorizz|ahahah that's like ohio\n|\n|t:|1700012810\n|move|p1a: JOE BRRRR|U-turn|p2a: nitro cell device\n|-resisted|p2a: nitro cell device\n|-damage|p2a: nitro cell device|65\/100\n|\n|t:|1700012813\n|switch|p1a: PAISLEY PARK|Tapu Lele|100\/100|[from] U-turn\n|-fieldstart|move: Psychic Terrain|[from] ability: Psychic Surge|[of] p1a: PAISLEY PARK\n|move|p2a: nitro cell device|Roost|p2a: nitro cell device\n|-heal|p2a: nitro cell device|100\/100\n|-singleturn|p2a: nitro cell device|move: Roost\n|\n|upkeep\n|turn|9\n|c|\u2606grass knot zygarde|i dont know who this guy is\n|\n|t:|1700012836\n|switch|p2a: u|Heatran, M|100\/100\n|move|p1a: PAISLEY PARK|Psychic|p2a: u\n|-resisted|p2a: u\n|-damage|p2a: u|72\/100\n|\n|-heal|p2a: u|79\/100|[from] item: Leftovers\n|upkeep\n|turn|10\n|\n|t:|1700012846\n|switch|p1a: JOE BRRRR|Landorus-Therian, M|67\/100\n|-ability|p1a: JOE BRRRR|Intimidate|boost\n|-unboost|p2a: u|atk|1\n|move|p2a: u|Stealth Rock|p1a: JOE BRRRR\n|-sidestart|p1: serving up heat|move: Stealth Rock\n|\n|-heal|p2a: u|85\/100|[from] item: Leftovers\n|upkeep\n|turn|11\n|\n|t:|1700012856\n|move|p1a: JOE BRRRR|U-turn|p2a: u\n|-resisted|p2a: u\n|-damage|p2a: u|80\/100\n|\n|t:|1700012861\n|switch|p1a: Garganacl|Garganacl, F|100\/100|[from] U-turn\n|-damage|p1a: Garganacl|88\/100|[from] Stealth Rock\n|move|p2a: u|Magma Storm|p1a: Garganacl\n|-resisted|p1a: Garganacl\n|-damage|p1a: Garganacl|74\/100\n|-activate|p1a: Garganacl|move: Magma Storm|[of] p2a: u\n|\n|-heal|p2a: u|86\/100|[from] item: Leftovers\n|-heal|p1a: Garganacl|80\/100|[from] item: Leftovers\n|-damage|p1a: Garganacl|68\/100|[from] move: Magma Storm|[partiallytrapped]\n|upkeep\n|turn|12\n|\n|t:|1700012870\n|move|p2a: u|Taunt|p1a: Garganacl\n|-start|p1a: Garganacl|move: Taunt\n|move|p1a: Garganacl|Salt Cure|p2a: u\n|-damage|p2a: u|75\/100\n|-start|p2a: u|Salt Cure\n|\n|-heal|p2a: u|81\/100|[from] item: Leftovers\n|-heal|p1a: Garganacl|74\/100|[from] item: Leftovers\n|-damage|p2a: u|56\/100|[from] Salt Cure\n|-damage|p1a: Garganacl|61\/100|[from] move: Magma Storm|[partiallytrapped]\n|-fieldend|move: Psychic Terrain\n|upkeep\n|turn|13\n|\n|t:|1700012889\n|switch|p2a: nitro cell device|Buzzwole|100\/100\n|move|p1a: Garganacl|Salt Cure|p2a: nitro cell device\n|-damage|p2a: nitro cell device|94\/100\n|-start|p2a: nitro cell device|Salt Cure\n|\n|-heal|p1a: Garganacl|68\/100|[from] item: Leftovers\n|-damage|p2a: nitro cell device|81\/100|[from] Salt Cure\n|-end|p1a: Garganacl|Magma Storm|[partiallytrapped]|[silent]\n|upkeep\n|turn|14\n|\n|t:|1700012900\n|switch|p1a: JOE BRRRR|Landorus-Therian, M|67\/100\n|-damage|p1a: JOE BRRRR|55\/100|[from] Stealth Rock\n|-ability|p1a: JOE BRRRR|Intimidate|boost\n|-unboost|p2a: nitro cell device|atk|1\n|move|p2a: nitro cell device|Drain Punch|p1a: JOE BRRRR\n|-resisted|p1a: JOE BRRRR\n|-damage|p1a: JOE BRRRR|44\/100\n|-heal|p2a: nitro cell device|86\/100|[from] drain|[of] p1a: JOE BRRRR\n|\n|-damage|p2a: nitro cell device|74\/100|[from] Salt Cure\n|upkeep\n|turn|15\n|\n|t:|1700012906\n|move|p1a: JOE BRRRR|U-turn|p2a: nitro cell device\n|-resisted|p2a: nitro cell device\n|-damage|p2a: nitro cell device|68\/100\n|\n|t:|1700012909\n|switch|p1a: PAISLEY PARK|Tapu Lele|100\/100|[from] U-turn\n|-damage|p1a: PAISLEY PARK|88\/100|[from] Stealth Rock\n|-fieldstart|move: Psychic Terrain|[from] ability: Psychic Surge|[of] p1a: PAISLEY PARK\n|move|p2a: nitro cell device|Roost|p2a: nitro cell device\n|-heal|p2a: nitro cell device|100\/100\n|-singleturn|p2a: nitro cell device|move: Roost\n|\n|-damage|p2a: nitro cell device|88\/100|[from] Salt Cure\n|upkeep\n|turn|16\n|\n|t:|1700012922\n|switch|p2a: i|Gliscor, M, shiny|92\/100 tox\n|move|p1a: PAISLEY PARK|Psychic|p2a: i\n|-damage|p2a: i|8\/100 tox\n|\n|-heal|p2a: i|21\/100 tox|[from] ability: Poison Heal\n|upkeep\n|turn|17\n|\n|t:|1700012933\n|switch|p1a: Ferrothorn|Ferrothorn, M|91\/100\n|-damage|p1a: Ferrothorn|85\/100|[from] Stealth Rock\n|move|p2a: i|Roost|p2a: i\n|-heal|p2a: i|71\/100 tox\n|-singleturn|p2a: i|move: Roost\n|\n|-heal|p1a: Ferrothorn|91\/100|[from] item: Leftovers\n|-heal|p2a: i|84\/100 tox|[from] ability: Poison Heal\n|upkeep\n|turn|18\n|\n|t:|1700012941\n|switch|p2a: ECHOES|Latios-Mega, M|100\/100\n|move|p1a: Ferrothorn|Leech Seed|p2a: ECHOES\n|-start|p2a: ECHOES|move: Leech Seed\n|\n|-heal|p1a: Ferrothorn|97\/100|[from] item: Leftovers\n|-damage|p2a: ECHOES|88\/100|[from] Leech Seed|[of] p1a: Ferrothorn\n|-heal|p1a: Ferrothorn|100\/100|[silent]\n|upkeep\n|turn|19\n|\n|t:|1700012955\n|switch|p2a: nitro cell device|Buzzwole|88\/100\n|switch|p1a: JOE BRRRR|Landorus-Therian, M|44\/100\n|-damage|p1a: JOE BRRRR|32\/100|[from] Stealth Rock\n|-ability|p1a: JOE BRRRR|Intimidate|boost\n|-unboost|p2a: nitro cell device|atk|1\n|\n|-fieldend|move: Psychic Terrain\n|upkeep\n|turn|20\n|\n|t:|1700012962\n|move|p1a: JOE BRRRR|U-turn|p2a: nitro cell device\n|-resisted|p2a: nitro cell device\n|-damage|p2a: nitro cell device|83\/100\n|\n|t:|1700012968\n|switch|p1a: Garganacl|Garganacl, F|68\/100|[from] U-turn\n|-damage|p1a: Garganacl|55\/100|[from] Stealth Rock\n|move|p2a: nitro cell device|Ice Punch|p1a: Garganacl\n|-crit|p1a: Garganacl\n|-damage|p1a: Garganacl|32\/100\n|\n|-heal|p1a: Garganacl|38\/100|[from] item: Leftovers\n|upkeep\n|turn|21\n|\n|t:|1700012986\n|switch|p2a: i|Gliscor, M, shiny|84\/100 tox\n|move|p1a: Garganacl|Recover|p1a: Garganacl\n|-heal|p1a: Garganacl|88\/100\n|\n|-heal|p1a: Garganacl|94\/100|[from] item: Leftovers\n|-heal|p2a: i|96\/100 tox|[from] ability: Poison Heal\n|upkeep\n|turn|22\n|\n|t:|1700012995\n|move|p2a: i|Earthquake|p1a: Garganacl\n|-supereffective|p1a: Garganacl\n|-damage|p1a: Garganacl|49\/100\n|move|p1a: Garganacl|Iron Defense|p1a: Garganacl\n|-boost|p1a: Garganacl|def|2\n|\n|-heal|p1a: Garganacl|56\/100|[from] item: Leftovers\n|-heal|p2a: i|100\/100 tox|[from] ability: Poison Heal\n|upkeep\n|turn|23\n|\n|t:|1700013012\n|switch|p2a: ECHOES|Latios-Mega, M|88\/100\n|-terastallize|p1a: Garganacl|Water\n|move|p1a: Garganacl|Iron Defense|p1a: Garganacl\n|-boost|p1a: Garganacl|def|2\n|\n|-heal|p1a: Garganacl|62\/100|[from] item: Leftovers\n|upkeep\n|turn|24\n|\n|t:|1700013020\n|switch|p2a: nitro cell device|Buzzwole|83\/100\n|move|p1a: Garganacl|Recover|p1a: Garganacl\n|-heal|p1a: Garganacl|100\/100\n|\n|upkeep\n|turn|25\n|\n|t:|1700013023\n|move|p2a: nitro cell device|Bulk Up|p2a: nitro cell device\n|-boost|p2a: nitro cell device|atk|1\n|-boost|p2a: nitro cell device|def|1\n|move|p1a: Garganacl|Salt Cure|p2a: nitro cell device\n|-damage|p2a: nitro cell device|79\/100\n|-start|p2a: nitro cell device|Salt Cure\n|\n|-damage|p2a: nitro cell device|66\/100|[from] Salt Cure\n|upkeep\n|turn|26\n|\n|t:|1700013034\n|switch|p1a: PAISLEY PARK|Tapu Lele|88\/100\n|-damage|p1a: PAISLEY PARK|76\/100|[from] Stealth Rock\n|-fieldstart|move: Psychic Terrain|[from] ability: Psychic Surge|[of] p1a: PAISLEY PARK\n|move|p2a: nitro cell device|Bulk Up|p2a: nitro cell device\n|-boost|p2a: nitro cell device|atk|1\n|-boost|p2a: nitro cell device|def|1\n|\n|-damage|p2a: nitro cell device|54\/100|[from] Salt Cure\n|upkeep\n|turn|27\n|\n|t:|1700013060\n|switch|p2a: i|Gliscor, M, shiny|100\/100 tox\n|move|p1a: PAISLEY PARK|Moonblast|p2a: i\n|-damage|p2a: i|36\/100 tox\n|\n|-heal|p2a: i|49\/100 tox|[from] ability: Poison Heal\n|upkeep\n|turn|28\n|\n|t:|1700013068\n|move|p1a: PAISLEY PARK|Moonblast|p2a: i\n|-damage|p2a: i|0 fnt\n|faint|p2a: i\n|\n|upkeep\n|\n|t:|1700013071\n|switch|p2a: Piss Cup Haircut|Weavile, F|100\/100\n|-ability|p2a: Piss Cup Haircut|Pressure\n|turn|29\n|\n|t:|1700013077\n|switch|p1a: Ferrothorn|Ferrothorn, M|100\/100\n|-damage|p1a: Ferrothorn|95\/100|[from] Stealth Rock\n|move|p2a: Piss Cup Haircut|Knock Off|p1a: Ferrothorn\n|-damage|p1a: Ferrothorn|53\/100\n|-damage|p2a: Piss Cup Haircut|88\/100|[from] ability: Iron Barbs|[of] p1a: Ferrothorn\n|-enditem|p1a: Ferrothorn|Leftovers|[from] move: Knock Off|[of] p2a: Piss Cup Haircut\n|\n|upkeep\n|turn|30\n|\n|t:|1700013088\n|switch|p2a: ECHOES|Latios-Mega, M|88\/100\n|move|p1a: Ferrothorn|Thunder Wave|p2a: ECHOES\n|-status|p2a: ECHOES|par\n|\n|-fieldend|move: Psychic Terrain\n|upkeep\n|turn|31\n|\n|t:|1700013094\n|switch|p1a: JOE BRRRR|Landorus-Therian, M|32\/100\n|-damage|p1a: JOE BRRRR|20\/100|[from] Stealth Rock\n|-ability|p1a: JOE BRRRR|Intimidate|boost\n|-unboost|p2a: ECHOES|atk|1\n|move|p2a: ECHOES|Aura Sphere|p1a: JOE BRRRR\n|-resisted|p1a: JOE BRRRR\n|-damage|p1a: JOE BRRRR|10\/100\n|\n|upkeep\n|turn|32\n|\n|t:|1700013102\n|move|p1a: JOE BRRRR|Knock Off|p2a: ECHOES\n|-supereffective|p2a: ECHOES\n|-damage|p2a: ECHOES|40\/100 par\n|move|p2a: ECHOES|Psychic|p1a: JOE BRRRR\n|-damage|p1a: JOE BRRRR|0 fnt\n|faint|p1a: JOE BRRRR\n|\n|upkeep\n|\n|t:|1700013110\n|switch|p1a: Absol|Absol-Mega, M|100\/100\n|-damage|p1a: Absol|88\/100|[from] Stealth Rock\n|turn|33\n|\n|t:|1700013117\n|move|p1a: Absol|Ice Beam|p2a: ECHOES\n|-supereffective|p2a: ECHOES\n|-damage|p2a: ECHOES|0 fnt\n|faint|p2a: ECHOES\n|\n|upkeep\n|\n|t:|1700013131\n|switch|p2a: Piss Cup Haircut|Weavile, F|88\/100\n|-ability|p2a: Piss Cup Haircut|Pressure\n|turn|34\n|\n|t:|1700013136\n|switch|p1a: Ferrothorn|Ferrothorn, M|53\/100\n|-damage|p1a: Ferrothorn|48\/100|[from] Stealth Rock\n|move|p2a: Piss Cup Haircut|Triple Axel|p1a: Ferrothorn\n|-damage|p1a: Ferrothorn|39\/100\n|-damage|p2a: Piss Cup Haircut|76\/100|[from] ability: Iron Barbs|[of] p1a: Ferrothorn\n|-hitcount|p1a: Ferrothorn|1\n|\n|upkeep\n|turn|35\n|\n|t:|1700013146\n|move|p2a: Piss Cup Haircut|Triple Axel|p1a: Ferrothorn\n|-damage|p1a: Ferrothorn|30\/100\n|-damage|p2a: Piss Cup Haircut|63\/100|[from] ability: Iron Barbs|[of] p1a: Ferrothorn\n|-damage|p1a: Ferrothorn|12\/100\n|-damage|p2a: Piss Cup Haircut|51\/100|[from] ability: Iron Barbs|[of] p1a: Ferrothorn\n|-damage|p1a: Ferrothorn|0 fnt\n|-damage|p2a: Piss Cup Haircut|38\/100|[from] ability: Iron Barbs|[of] p1a: Ferrothorn\n|faint|p1a: Ferrothorn\n|-hitcount|p1: Ferrothorn|3\n|\n|upkeep\n|\n|t:|1700013158\n|switch|p1a: Garganacl|Garganacl, F, tera:Water|100\/100\n|-damage|p1a: Garganacl|88\/100|[from] Stealth Rock\n|turn|36\n|\n|t:|1700013165\n|switch|p2a: nitro cell device|Buzzwole|54\/100\n|move|p1a: Garganacl|Salt Cure|p2a: nitro cell device\n|-damage|p2a: nitro cell device|47\/100\n|-start|p2a: nitro cell device|Salt Cure\n|\n|-heal|p1a: Garganacl|94\/100|[from] item: Leftovers\n|-damage|p2a: nitro cell device|35\/100|[from] Salt Cure\n|upkeep\n|turn|37\n|\n|t:|1700013169\n|switch|p1a: PAISLEY PARK|Tapu Lele|76\/100\n|-damage|p1a: PAISLEY PARK|64\/100|[from] Stealth Rock\n|-fieldstart|move: Psychic Terrain|[from] ability: Psychic Surge|[of] p1a: PAISLEY PARK\n|move|p2a: nitro cell device|Roost|p2a: nitro cell device\n|-heal|p2a: nitro cell device|85\/100\n|-singleturn|p2a: nitro cell device|move: Roost\n|\n|-damage|p2a: nitro cell device|72\/100|[from] Salt Cure\n|upkeep\n|turn|38\n|\n|t:|1700013179\n|switch|p2a: u|Heatran, M|56\/100\n|move|p1a: PAISLEY PARK|Psychic|p2a: u\n|-resisted|p2a: u\n|-damage|p2a: u|27\/100\n|\n|-heal|p2a: u|33\/100|[from] item: Leftovers\n|upkeep\n|turn|39\n|\n|t:|1700013186\n|move|p1a: PAISLEY PARK|Psychic|p2a: u\n|-resisted|p2a: u\n|-damage|p2a: u|4\/100\n|move|p2a: u|Magma Storm|p1a: PAISLEY PARK\n|-damage|p1a: PAISLEY PARK|21\/100\n|-activate|p1a: PAISLEY PARK|move: Magma Storm|[of] p2a: u\n|\n|-heal|p2a: u|10\/100|[from] item: Leftovers\n|-damage|p1a: PAISLEY PARK|9\/100|[from] move: Magma Storm|[partiallytrapped]\n|upkeep\n|turn|40\n|\n|t:|1700013198\n|switch|p2a: Piss Cup Haircut|Weavile, F|38\/100\n|-ability|p2a: Piss Cup Haircut|Pressure\n|move|p1a: PAISLEY PARK|Psychic|p2a: Piss Cup Haircut\n|-immune|p2a: Piss Cup Haircut\n|\n|-end|p1a: PAISLEY PARK|Magma Storm|[partiallytrapped]|[silent]\n|upkeep\n|turn|41\n|\n|t:|1700013208\n|switch|p1a: Sneasler|Sneasler, M|100\/100\n|-damage|p1a: Sneasler|94\/100|[from] Stealth Rock\n|-enditem|p1a: Sneasler|Psychic Seed\n|-boost|p1a: Sneasler|spd|1|[from] item: Psychic Seed\n|move|p2a: Piss Cup Haircut|Knock Off|p1a: Sneasler\n|-resisted|p1a: Sneasler\n|-damage|p1a: Sneasler|50\/100\n|\n|-fieldend|move: Psychic Terrain\n|upkeep\n|turn|42\n|\n|t:|1700013216\n|-terastallize|p2a: Piss Cup Haircut|Dark\n|move|p1a: Sneasler|Dire Claw|p2a: Piss Cup Haircut\n|-damage|p2a: Piss Cup Haircut|0 fnt\n|faint|p2a: Piss Cup Haircut\n|\n|upkeep\n|\n|t:|1700013217\n|switch|p2a: u|Heatran, M|10\/100\n|turn|43\n|c| iliveinohiorizz|hm!\n|c|\u2606grass knot zygarde|i pressed the wrong button\n|\n|t:|1700013237\n|switch|p2a: nitro cell device|Buzzwole|72\/100\n|move|p1a: Sneasler|Close Combat|p2a: nitro cell device\n|-resisted|p2a: nitro cell device\n|-damage|p2a: nitro cell device|58\/100\n|-unboost|p1a: Sneasler|def|1\n|-unboost|p1a: Sneasler|spd|1\n|\n|upkeep\n|turn|44\n|c| iliveinohiorizz|you sure did chuddy\n|\n|t:|1700013245\n|move|p1a: Sneasler|Acrobatics|p2a: nitro cell device\n|-supereffective|p2a: nitro cell device\n|-damage|p2a: nitro cell device|0 fnt\n|faint|p2a: nitro cell device\n|\n|upkeep\n|j| khxng\n|\n|t:|1700013257\n|switch|p2a: \ua329\ua35f\ua074\ua14f\ua2ea\ua038\ua038\ua0a6\ua329\ua038\ua018\ua02d|Ogerpon-Wellspring, F|100\/100\n|turn|45\n|\n|t:|1700013280\n|move|p1a: Sneasler|Close Combat|p2a: \ua329\ua35f\ua074\ua14f\ua2ea\ua038\ua038\ua0a6\ua329\ua038\ua018\ua02d\n|-damage|p2a: \ua329\ua35f\ua074\ua14f\ua2ea\ua038\ua038\ua0a6\ua329\ua038\ua018\ua02d|3\/100\n|-unboost|p1a: Sneasler|def|1\n|-unboost|p1a: Sneasler|spd|1\n|move|p2a: \ua329\ua35f\ua074\ua14f\ua2ea\ua038\ua038\ua0a6\ua329\ua038\ua018\ua02d|Ivy Cudgel|p1a: Sneasler|[anim] Ivy Cudgel Water\n|-damage|p1a: Sneasler|0 fnt\n|faint|p1a: Sneasler\n|\n|upkeep\n|\n|t:|1700013285\n|switch|p1a: Garganacl|Garganacl, F, tera:Water|94\/100\n|-damage|p1a: Garganacl|82\/100|[from] Stealth Rock\n|turn|46\n|\n|t:|1700013295\n|move|p2a: \ua329\ua35f\ua074\ua14f\ua2ea\ua038\ua038\ua0a6\ua329\ua038\ua018\ua02d|Power Whip|p1a: Garganacl\n|-supereffective|p1a: Garganacl\n|-damage|p1a: Garganacl|0 fnt\n|faint|p1a: Garganacl\n|\n|upkeep\n|\n|t:|1700013299\n|switch|p1a: PAISLEY PARK|Tapu Lele|9\/100\n|-damage|p1a: PAISLEY PARK|0 fnt|[from] Stealth Rock\n|faint|p1a: PAISLEY PARK\n|\n|t:|1700013300\n|switch|p1a: Absol|Absol-Mega, M|88\/100\n|-damage|p1a: Absol|76\/100|[from] Stealth Rock\n|turn|47\n|\n|t:|1700013310\n|move|p2a: \ua329\ua35f\ua074\ua14f\ua2ea\ua038\ua038\ua0a6\ua329\ua038\ua018\ua02d|Ivy Cudgel|p1a: Absol|[anim] Ivy Cudgel Water\n|-crit|p1a: Absol\n|-damage|p1a: Absol|0 fnt\n|faint|p1a: Absol\n|\n|win|grass knot zygarde\n|raw|serving up heat's rating: 1747 &rarr; <strong>1723<\/strong><br \/>(-24 for losing)\n|raw|grass knot zygarde's rating: 1670 &rarr; <strong>1694<\/strong><br \/>(+24 for winning)\n|l|\u2606serving up heat\n|c| iliveinohiorizz|gawd\n","uploadtime":1700013321,"views":4,"p1id":"servingupheat","p2id":"grassknotzygarde","formatid":"gen9nationaldex","rating":1694,"private":0,"password":""}