{"id":"gen9nationaldex-1998284479","p1":"ttheus","p2":"Esio00","format":"[Gen 9] National Dex","log":"|html|<div class=\"broadcast-blue\"><strong>[Gen 9] National Dex is currently suspecting Sneasler! For information on how to participate check out the <a href=\"https:\/\/www.smogon.com\/forums\/threads\/sv-national-dex-suspect-8-just-dance.3731534\/\">suspect thread<\/a>.<\/strong><\/div>\n|j|\u2606ttheus\n|j|\u2606Esio00\n|t:|1700924593\n|gametype|singles\n|player|p1|ttheus|2|1085\n|player|p2|Esio00|janitor|1025\n|teamsize|p1|6\n|teamsize|p2|6\n|gen|9\n|tier|[Gen 9] National Dex\n|rated|\n|rule|HP Percentage Mod: HP is shown in percentages\n|rule|Endless Battle Clause: Forcing endless battles is banned\n|rule|OHKO Clause: OHKO moves are banned\n|rule|Evasion Clause: Evasion abilities, items, and moves are banned\n|rule|Evasion Abilities Clause: Evasion abilities are banned\n|rule|Evasion Items Clause: Evasion items are banned\n|rule|Evasion Moves Clause: Evasion moves are banned\n|rule|Species Clause: Limit one of each Pok\u00e9mon\n|rule|Sleep Clause Mod: Limit one foe put to sleep\n|clearpoke\n|poke|p1|Cinderace, M|\n|poke|p1|Comfey, M|\n|poke|p1|Grimmsnarl, M|\n|poke|p1|Aegislash, M|\n|poke|p1|Obstagoon, M|\n|poke|p1|Banette, F|\n|poke|p2|Golisopod, M|\n|poke|p2|Galvantula, F|\n|poke|p2|Kleavor, M|\n|poke|p2|Scizor, F|\n|poke|p2|Araquanid, F|\n|poke|p2|Frosmoth, F|\n|teampreview\n|\n|t:|1700924600\n|start\n|switch|p1a: Nezha|Grimmsnarl, M|100\/100\n|switch|p2a: Galvantula|Galvantula, F|100\/100\n|turn|1\n|\n|t:|1700924603\n|move|p1a: Nezha|Taunt|p2a: Galvantula\n|-start|p2a: Galvantula|move: Taunt\n|cant|p2a: Galvantula|move: Taunt|Sticky Web\n|\n|upkeep\n|turn|2\n|\n|t:|1700924608\n|move|p1a: Nezha|Light Screen|p1a: Nezha\n|-sidestart|p1: ttheus|move: Light Screen\n|move|p2a: Galvantula|Bug Buzz|p1a: Nezha\n|-damage|p1a: Nezha|80\/100\n|\n|upkeep\n|turn|3\n|\n|t:|1700924612\n|switch|p2a: Kleavor|Kleavor, M|100\/100\n|move|p1a: Nezha|Reflect|p1a: Nezha\n|-sidestart|p1: ttheus|Reflect\n|\n|upkeep\n|turn|4\n|\n|t:|1700924616\n|switch|p1a: Ares|Aegislash, M|100\/100\n|move|p2a: Kleavor|Stone Axe|p1a: Ares|[miss]\n|-miss|p2a: Kleavor|p1a: Ares\n|\n|upkeep\n|turn|5\n|\n|t:|1700924622\n|move|p2a: Kleavor|Stone Axe|p1a: Ares\n|-resisted|p1a: Ares\n|-damage|p1a: Ares|90\/100\n|-sidestart|p1: ttheus|move: Stealth Rock\n|move|p1a: Ares|Swords Dance|p1a: Ares\n|-boost|p1a: Ares|atk|2\n|\n|-heal|p1a: Ares|96\/100|[from] item: Leftovers\n|upkeep\n|turn|6\n|\n|t:|1700924636\n|move|p2a: Kleavor|Trailblaze|p1a: Ares\n|-resisted|p1a: Ares\n|-damage|p1a: Ares|93\/100\n|-boost|p2a: Kleavor|spe|1\n|move|p1a: Ares|Swords Dance|p1a: Ares\n|-boost|p1a: Ares|atk|2\n|\n|-heal|p1a: Ares|99\/100|[from] item: Leftovers\n|upkeep\n|turn|7\n|\n|t:|1700924641\n|move|p2a: Kleavor|Trailblaze|p1a: Ares\n|-resisted|p1a: Ares\n|-damage|p1a: Ares|96\/100\n|-boost|p2a: Kleavor|spe|1\n|move|p1a: Ares|Swords Dance|p1a: Ares\n|-boost|p1a: Ares|atk|2\n|\n|-heal|p1a: Ares|100\/100|[from] item: Leftovers\n|upkeep\n|turn|8\n|\n|t:|1700924645\n|-formechange|p1a: Ares|Aegislash-Blade||[from] ability: Stance Change\n|move|p1a: Ares|Shadow Sneak|p2a: Kleavor\n|-damage|p2a: Kleavor|0 fnt\n|faint|p2a: Kleavor\n|\n|upkeep\n|\n|t:|1700924649\n|switch|p2a: Galvantula|Galvantula, F|100\/100\n|turn|9\n|\n|t:|1700924653\n|switch|p2a: Araquanid|Araquanid, F|100\/100\n|move|p1a: Ares|Shadow Sneak|p2a: Araquanid\n|-damage|p2a: Araquanid|0 fnt\n|faint|p2a: Araquanid\n|\n|-sideend|p1: ttheus|move: Light Screen\n|upkeep\n|\n|t:|1700924656\n|switch|p2a: Galvantula|Galvantula, F|100\/100\n|turn|10\n|\n|t:|1700924661\n|move|p1a: Ares|Shadow Sneak|p2a: Galvantula\n|-enditem|p2a: Galvantula|Focus Sash\n|-damage|p2a: Galvantula|1\/100\n|move|p2a: Galvantula|Thunder|p1a: Ares\n|-damage|p1a: Ares|9\/100\n|-status|p1a: Ares|par\n|\n|-heal|p1a: Ares|16\/100 par|[from] item: Leftovers\n|-sideend|p1: ttheus|Reflect\n|upkeep\n|turn|11\n|\n|t:|1700924669\n|move|p1a: Ares|Shadow Sneak|p2a: Galvantula\n|-damage|p2a: Galvantula|0 fnt\n|faint|p2a: Galvantula\n|\n|-heal|p1a: Ares|22\/100 par|[from] item: Leftovers\n|upkeep\n|\n|t:|1700924672\n|switch|p2a: Golisopod|Golisopod, M|100\/100\n|turn|12\n|\n|t:|1700924679\n|-formechange|p1a: Ares|Aegislash||[from] ability: Stance Change\n|move|p1a: Ares|King's Shield|p1a: Ares\n|-singleturn|p1a: Ares|Protect\n|move|p2a: Golisopod|First Impression|p1a: Ares\n|-activate|p1a: Ares|move: Protect\n|-unboost|p2a: Golisopod|atk|1\n|\n|-heal|p1a: Ares|28\/100 par|[from] item: Leftovers\n|upkeep\n|turn|13\n|\n|t:|1700924685\n|switch|p2a: Frosmoth|Frosmoth, F|100\/100\n|-formechange|p1a: Ares|Aegislash-Blade||[from] ability: Stance Change\n|move|p1a: Ares|Shadow Sneak|p2a: Frosmoth\n|-damage|p2a: Frosmoth|0 fnt\n|faint|p2a: Frosmoth\n|\n|-heal|p1a: Ares|34\/100 par|[from] item: Leftovers\n|upkeep\n|\n|t:|1700924687\n|switch|p2a: Scizor|Scizor, F|100\/100\n|turn|14\n|\n|t:|1700924693\n|move|p2a: Scizor|Bullet Punch|p1a: Ares\n|-resisted|p1a: Ares\n|-damage|p1a: Ares|18\/100 par\n|move|p1a: Ares|Shadow Sneak|p2a: Scizor\n|-damage|p2a: Scizor|37\/100\n|\n|-heal|p2a: Scizor|43\/100|[from] item: Leftovers\n|-heal|p1a: Ares|25\/100 par|[from] item: Leftovers\n|upkeep\n|turn|15\n|\n|t:|1700924698\n|-formechange|p1a: Ares|Aegislash||[from] ability: Stance Change\n|move|p1a: Ares|King's Shield|p1a: Ares\n|-singleturn|p1a: Ares|Protect\n|move|p2a: Scizor|Bullet Punch|p1a: Ares\n|-activate|p1a: Ares|move: Protect\n|-unboost|p2a: Scizor|atk|1\n|\n|-heal|p2a: Scizor|49\/100|[from] item: Leftovers\n|-heal|p1a: Ares|31\/100 par|[from] item: Leftovers\n|upkeep\n|turn|16\n|-message|Esio00 forfeited.\n|\n|win|ttheus\n|raw|ttheus's rating: 1085 &rarr; <strong>1108<\/strong><br \/>(+23 for winning)\n|raw|Esio00's rating: 1025 &rarr; <strong>1014<\/strong><br \/>(-11 for losing)\n|l|\u2606Esio00\n","uploadtime":1700924713,"views":0,"p1id":"ttheus","p2id":"esio00","formatid":"gen9nationaldex","rating":1014,"private":0,"password":""}