{"id":"gen9nationaldex-1999240784","p1":"vol2hardknockxlife","p2":"monsterapper","format":"[Gen 9] National Dex","log":"|html|<div class=\"broadcast-blue\"><strong>[Gen 9] National Dex is currently suspecting Sneasler! For information on how to participate check out the <a href=\"https:\/\/www.smogon.com\/forums\/threads\/sv-national-dex-suspect-8-just-dance.3731534\/\">suspect thread<\/a>.<\/strong><\/div>\n|j|\u2606vol2hardknockxlife\n|j|\u2606monsterapper\n|t:|1701049578\n|gametype|singles\n|player|p1|vol2hardknockxlife|265|1451\n|player|p2|monsterapper|veteran|1349\n|teamsize|p1|6\n|teamsize|p2|6\n|gen|9\n|tier|[Gen 9] National Dex\n|rated|\n|rule|HP Percentage Mod: HP is shown in percentages\n|rule|Endless Battle Clause: Forcing endless battles is banned\n|rule|OHKO Clause: OHKO moves are banned\n|rule|Evasion Clause: Evasion abilities, items, and moves are banned\n|rule|Evasion Abilities Clause: Evasion abilities are banned\n|rule|Evasion Items Clause: Evasion items are banned\n|rule|Evasion Moves Clause: Evasion moves are banned\n|rule|Species Clause: Limit one of each Pok\u00e9mon\n|rule|Sleep Clause Mod: Limit one foe put to sleep\n|clearpoke\n|poke|p1|Shuckle, M|\n|poke|p1|Urshifu-*, M|\n|poke|p1|Aegislash, F|\n|poke|p1|Cresselia, F|\n|poke|p1|Diancie|\n|poke|p1|Sneasler, M|\n|poke|p2|Lopunny, F|\n|poke|p2|Zoroark-Hisui, F|\n|poke|p2|Blissey, F|\n|poke|p2|Ditto|\n|poke|p2|Staraptor, F|\n|poke|p2|Ursaluna, F|\n|teampreview\n|inactive|Battle timer is ON: inactive players will automatically lose when time's up. (requested by vol2hardknockxlife)\n|\n|t:|1701049612\n|start\n|switch|p1a: Shuckle|Shuckle, M|100\/100\n|switch|p2a: Shang Tsung|Ditto|100\/100\n|-transform|p2a: Shang Tsung|p1a: Shuckle|[from] ability: Imposter\n|turn|1\n|\n|t:|1701049627\n|move|p2a: Shang Tsung|Sticky Web|p1a: Shuckle\n|-sidestart|p1: vol2hardknockxlife|move: Sticky Web\n|move|p1a: Shuckle|Sticky Web|p2a: Shang Tsung\n|-sidestart|p2: monsterapper|move: Sticky Web\n|\n|upkeep\n|turn|2\n|\n|t:|1701049633\n|switch|p2a: Tamago|Blissey, F|100\/100\n|move|p1a: Shuckle|Final Gambit|p2a: Tamago\n|-damage|p2a: Tamago|66\/100\n|faint|p1a: Shuckle\n|\n|upkeep\n|\n|t:|1701049645\n|switch|p1a: Urshifu|Urshifu-Rapid-Strike, M|100\/100\n|-activate|p1a: Urshifu|move: Sticky Web\n|-unboost|p1a: Urshifu|spe|1\n|turn|3\n|\n|t:|1701049657\n|-terastallize|p1a: Urshifu|Water\n|move|p1a: Urshifu|Surging Strikes|p2a: Tamago\n|-crit|p2a: Tamago\n|-damage|p2a: Tamago|41\/100\n|-crit|p2a: Tamago\n|-damage|p2a: Tamago|15\/100\n|-crit|p2a: Tamago\n|-damage|p2a: Tamago|0 fnt\n|faint|p2a: Tamago\n|-hitcount|p2: Tamago|3\n|\n|upkeep\n|\n|t:|1701049670\n|switch|p2a: Oliver|Ursaluna, F|100\/100\n|-activate|p2a: Oliver|move: Sticky Web\n|-unboost|p2a: Oliver|spe|1\n|turn|4\n|\n|t:|1701049680\n|-terastallize|p2a: Oliver|Grass\n|move|p1a: Urshifu|Surging Strikes|p2a: Oliver\n|-resisted|p2a: Oliver\n|-crit|p2a: Oliver\n|-damage|p2a: Oliver|91\/100\n|-resisted|p2a: Oliver\n|-crit|p2a: Oliver\n|-damage|p2a: Oliver|80\/100\n|-resisted|p2a: Oliver\n|-crit|p2a: Oliver\n|-damage|p2a: Oliver|69\/100\n|-hitcount|p2a: Oliver|3\n|move|p2a: Oliver|Swords Dance|p2a: Oliver\n|-boost|p2a: Oliver|atk|2\n|\n|-status|p2a: Oliver|brn|[from] item: Flame Orb\n|upkeep\n|turn|5\n|\n|t:|1701049694\n|move|p1a: Urshifu|Surging Strikes|p2a: Oliver\n|-resisted|p2a: Oliver\n|-crit|p2a: Oliver\n|-damage|p2a: Oliver|59\/100 brn\n|-resisted|p2a: Oliver\n|-crit|p2a: Oliver\n|-damage|p2a: Oliver|49\/100 brn\n|-resisted|p2a: Oliver\n|-crit|p2a: Oliver\n|-damage|p2a: Oliver|38\/100 brn\n|-hitcount|p2a: Oliver|3\n|move|p2a: Oliver|Facade|p1a: Urshifu\n|-damage|p1a: Urshifu|0 fnt\n|faint|p1a: Urshifu\n|\n|-damage|p2a: Oliver|32\/100 brn|[from] brn\n|upkeep\n|\n|t:|1701049716\n|switch|p1a: Sneasler|Sneasler, M|100\/100\n|-activate|p1a: Sneasler|move: Sticky Web\n|-unboost|p1a: Sneasler|spe|1\n|turn|6\n|\n|t:|1701049721\n|move|p1a: Sneasler|Fling|p2a: Oliver\n|-damage|p2a: Oliver|0 fnt\n|-enditem|p1a: Sneasler|Big Nugget|[from] move: Fling\n|faint|p2a: Oliver\n|\n|upkeep\n|\n|t:|1701049730\n|switch|p2a: DemonDice|Staraptor, F|100\/100\n|-ability|p2a: DemonDice|Intimidate|boost\n|-unboost|p1a: Sneasler|atk|1\n|turn|7\n|\n|t:|1701049738\n|move|p1a: Sneasler|Dire Claw|p2a: DemonDice\n|-damage|p2a: DemonDice|74\/100\n|move|p2a: DemonDice|Brave Bird|p1a: Sneasler\n|-supereffective|p1a: Sneasler\n|-damage|p1a: Sneasler|0 fnt\n|faint|p1a: Sneasler\n|-damage|p2a: DemonDice|47\/100|[from] Recoil\n|\n|upkeep\n|\n|t:|1701049744\n|switch|p1a: Diancie|Diancie|100\/100\n|-activate|p1a: Diancie|move: Sticky Web\n|-fail|p1a: Diancie|unboost|[from] ability: Clear Body|[of] p1a: Diancie\n|turn|8\n|\n|t:|1701049756\n|switch|p2a: Shang Tsung|Ditto|100\/100\n|-activate|p2a: Shang Tsung|move: Sticky Web\n|-unboost|p2a: Shang Tsung|spe|1\n|-transform|p2a: Shang Tsung|p1a: Diancie|[from] ability: Imposter\n|move|p1a: Diancie|Diamond Storm|p2a: Shang Tsung\n|-damage|p2a: Shang Tsung|70\/100\n|-boost|p1a: Diancie|def|2\n|\n|upkeep\n|turn|9\n|\n|t:|1701049773\n|move|p2a: Shang Tsung|Mystical Fire|p1a: Diancie\n|-resisted|p1a: Diancie\n|-damage|p1a: Diancie|89\/100\n|move|p1a: Diancie|Diamond Storm|p2a: Shang Tsung\n|-damage|p2a: Shang Tsung|43\/100\n|\n|upkeep\n|turn|10\n|\n|t:|1701049789\n|switch|p2a: DemonDice|Staraptor, F|47\/100\n|-ability|p2a: DemonDice|Intimidate|boost\n|-fail|p1a: Diancie|unboost|[from] ability: Clear Body|[of] p1a: Diancie\n|move|p1a: Diancie|Diamond Storm|p2a: DemonDice\n|-supereffective|p2a: DemonDice\n|-damage|p2a: DemonDice|0 fnt\n|-boost|p1a: Diancie|def|2\n|faint|p2a: DemonDice\n|\n|upkeep\n|inactive|monsterapper has 120 seconds left.\n|\n|t:|1701049807\n|switch|p2a: Miruko|Lopunny, F|100\/100\n|-activate|p2a: Miruko|move: Sticky Web\n|-unboost|p2a: Miruko|spe|1\n|turn|11\n|\n|t:|1701049811\n|move|p2a: Miruko|Nasty Plot|p2a: Miruko\n|-boost|p2a: Miruko|spa|2\n|move|p1a: Diancie|Body Press|p2a: Miruko\n|-immune|p2a: Miruko\n|\n|upkeep\n|turn|12\n|\n|t:|1701049820\n|move|p2a: Miruko|Shadow Ball|p1a: Diancie\n|-damage|p1a: Diancie|3\/100\n|move|p1a: Diancie|Diamond Storm|p2a: Miruko\n|-damage|p2a: Miruko|25\/100\n|replace|p2a: E621|Zoroark-Hisui, F\n|-end|p2a: E621|Illusion\n|\n|upkeep\n|turn|13\n|\n|t:|1701049828\n|move|p2a: E621|Shadow Ball|p1a: Diancie\n|-damage|p1a: Diancie|0 fnt\n|faint|p1a: Diancie\n|\n|upkeep\n|\n|t:|1701049838\n|switch|p1a: Aegislash|Aegislash, F|100\/100\n|-activate|p1a: Aegislash|move: Sticky Web\n|-unboost|p1a: Aegislash|spe|1\n|turn|14\n|\n|t:|1701049843\n|-formechange|p1a: Aegislash|Aegislash-Blade||[from] ability: Stance Change\n|move|p1a: Aegislash|Shadow Sneak|p2a: E621\n|-immune|p2a: E621\n|move|p2a: E621|Shadow Ball|p1a: Aegislash\n|-supereffective|p1a: Aegislash\n|-damage|p1a: Aegislash|0 fnt\n|faint|p1a: Aegislash\n|\n|upkeep\n|c|\u2606vol2hardknockxlife|i forgotz\n|c|\u2606vol2hardknockxlife|gg\n|c|\u2606monsterapper|gg\n|-message|vol2hardknockxlife forfeited.\n|\n|win|monsterapper\n|raw|vol2hardknockxlife's rating: 1451 &rarr; <strong>1425<\/strong><br \/>(-26 for losing)\n|raw|monsterapper's rating: 1349 &rarr; <strong>1375<\/strong><br \/>(+26 for winning)\n|l|\u2606vol2hardknockxlife\n","uploadtime":1701049868,"views":2,"p1id":"vol2hardknockxlife","p2id":"monsterapper","formatid":"gen9nationaldex","rating":1375,"private":0,"password":""}