{"id":"gen9nationaldex-1996911616","p1":"ndsnez monika","p2":"Alkir","format":"[Gen 9] National Dex","log":"|html|<div class=\"broadcast-blue\"><strong>[Gen 9] National Dex is currently suspecting Sneasler! For information on how to participate check out the <a href=\"https:\/\/www.smogon.com\/forums\/threads\/sv-national-dex-suspect-8-just-dance.3731534\/\">suspect thread<\/a>.<\/strong><\/div>\n|j|\u2606ndsnez monika\n|j|\u2606Alkir\n|t:|1700743815\n|gametype|singles\n|player|p1|ndsnez monika|hexmaniac-gen6|1202\n|player|p2|Alkir|swimmer-gen7|1235\n|teamsize|p1|6\n|teamsize|p2|6\n|gen|9\n|tier|[Gen 9] National Dex\n|rated|\n|rule|HP Percentage Mod: HP is shown in percentages\n|rule|Endless Battle Clause: Forcing endless battles is banned\n|rule|OHKO Clause: OHKO moves are banned\n|rule|Evasion Clause: Evasion abilities, items, and moves are banned\n|rule|Evasion Abilities Clause: Evasion abilities are banned\n|rule|Evasion Items Clause: Evasion items are banned\n|rule|Evasion Moves Clause: Evasion moves are banned\n|rule|Species Clause: Limit one of each Pok\u00e9mon\n|rule|Sleep Clause Mod: Limit one foe put to sleep\n|clearpoke\n|poke|p1|Gardevoir, F|\n|poke|p1|Garchomp, F|\n|poke|p1|Bisharp, F|\n|poke|p1|Serperior, F|\n|poke|p1|Ribombee, M|\n|poke|p1|Ditto|\n|poke|p2|Ninetales-Alola, F|\n|poke|p2|Ursaluna, F|\n|poke|p2|Gallade, M|\n|poke|p2|Armarouge, M|\n|poke|p2|Corviknight, M|\n|poke|p2|Urshifu-*, M|\n|teampreview\n|inactive|Battle timer is ON: inactive players will automatically lose when time's up. (requested by ndsnez monika)\n|\n|t:|1700743819\n|start\n|switch|p1a: Beellistic|Ribombee, M, shiny|100\/100\n|switch|p2a: Aurore|Ninetales-Alola, F|100\/100\n|-weather|Snow|[from] ability: Snow Warning|[of] p2a: Aurore\n|turn|1\n|\n|t:|1700743824\n|move|p1a: Beellistic|Sticky Web|p2a: Aurore\n|-sidestart|p2: Alkir|move: Sticky Web\n|move|p2a: Aurore|Aurora Veil|p2a: Aurore\n|-sidestart|p2: Alkir|move: Aurora Veil\n|\n|-weather|Snow|[upkeep]\n|upkeep\n|turn|2\n|\n|t:|1700743830\n|switch|p2a: Arthur|Corviknight, M|100\/100\n|move|p1a: Beellistic|Stun Spore|p2a: Arthur|[miss]\n|-miss|p1a: Beellistic|p2a: Arthur\n|\n|-weather|Snow|[upkeep]\n|upkeep\n|turn|3\n|\n|t:|1700743836\n|switch|p1a: Arimaki|Bisharp, F, shiny|100\/100\n|move|p2a: Arthur|Brave Bird|p1a: Arimaki\n|-resisted|p1a: Arimaki\n|-damage|p1a: Arimaki|85\/100\n|-damage|p2a: Arthur|97\/100|[from] Recoil\n|\n|-weather|Snow|[upkeep]\n|-heal|p2a: Arthur|100\/100|[from] item: Leftovers\n|upkeep\n|turn|4\n|\n|t:|1700743841\n|move|p1a: Arimaki|Swords Dance|p1a: Arimaki\n|-boost|p1a: Arimaki|atk|2\n|move|p2a: Arthur|Defog|p1a: Arimaki\n|-unboost|p1a: Arimaki|evasion|1\n|-ability|p1a: Arimaki|Defiant|boost\n|-boost|p1a: Arimaki|atk|2\n|-sideend|p2: Alkir|Sticky Web|[from] move: Defog|[of] p2a: Arthur\n|\n|-weather|Snow|[upkeep]\n|upkeep\n|turn|5\n|\n|t:|1700743847\n|move|p1a: Arimaki|Knock Off|p2a: Arthur\n|-damage|p2a: Arthur|49\/100\n|-enditem|p2a: Arthur|Leftovers|[from] move: Knock Off|[of] p1a: Arimaki\n|move|p2a: Arthur|U-turn|p1a: Arimaki\n|-damage|p1a: Arimaki|74\/100\n|\n|t:|1700743855\n|switch|p2a: Po|Urshifu-Rapid-Strike, M|100\/100|[from] U-turn\n|\n|-weather|none\n|upkeep\n|turn|6\n|\n|t:|1700743863\n|-terastallize|p1a: Arimaki|Flying\n|move|p2a: Po|Close Combat|p1a: Arimaki\n|-resisted|p1a: Arimaki\n|-damage|p1a: Arimaki|47\/100\n|-unboost|p2a: Po|def|1\n|-unboost|p2a: Po|spd|1\n|move|p1a: Arimaki|Knock Off|p2a: Po\n|-resisted|p2a: Po\n|-damage|p2a: Po|36\/100\n|-enditem|p2a: Po|Punching Glove|[from] move: Knock Off|[of] p1a: Arimaki\n|\n|upkeep\n|turn|7\n|\n|t:|1700743874\n|move|p1a: Arimaki|Sucker Punch|p2a: Po\n|-resisted|p2a: Po\n|-damage|p2a: Po|0 fnt\n|faint|p2a: Po\n|\n|upkeep\n|\n|t:|1700743882\n|switch|p2a: Mathilde|Ursaluna, F|100\/100\n|turn|8\n|\n|t:|1700743887\n|move|p1a: Arimaki|Knock Off|p2a: Mathilde\n|-damage|p2a: Mathilde|48\/100\n|-enditem|p2a: Mathilde|Flame Orb|[from] move: Knock Off|[of] p1a: Arimaki\n|move|p2a: Mathilde|Facade|p1a: Arimaki\n|-damage|p1a: Arimaki|12\/100\n|\n|-sideend|p2: Alkir|move: Aurora Veil\n|upkeep\n|turn|9\n|\n|t:|1700743894\n|move|p1a: Arimaki|Iron Head|p2a: Mathilde\n|-damage|p2a: Mathilde|0 fnt\n|faint|p2a: Mathilde\n|\n|upkeep\n|\n|t:|1700743908\n|switch|p2a: Aubelame|Gallade, M|100\/100\n|turn|10\n|\n|t:|1700743914\n|detailschange|p2a: Aubelame|Gallade-Mega, M\n|-mega|p2a: Aubelame|Gallade|Galladite\n|move|p1a: Arimaki|Sucker Punch|p2a: Aubelame\n|-damage|p2a: Aubelame|0 fnt\n|faint|p2a: Aubelame\n|\n|upkeep\n|-message|Alkir forfeited.\n|\n|win|ndsnez monika\n|raw|ndsnez monika's rating: 1230 &rarr; <strong>1255<\/strong><br \/>(+25 for winning)\n|raw|Alkir's rating: 1235 &rarr; <strong>1210<\/strong><br \/>(-25 for losing)\n|l|\u2606Alkir\n","uploadtime":1700743925,"views":0,"p1id":"ndsnezmonika","p2id":"alkir","formatid":"gen9nationaldex","rating":1210,"private":0,"password":""}