{"id":"gen9nationaldex-1991938011","p1":"Feuertraene","p2":"Yuanshen61\u6211\u8981\u73a9\u539f\u795e","format":"[Gen 9] National Dex","log":"|j|\u2606Feuertraene\n|j|\u2606Yuanshen61\u6211\u8981\u73a9\u539f\u795e\n|t:|1700140372\n|gametype|singles\n|player|p1|Feuertraene|cynthia-gen4|1561\n|player|p2|Yuanshen61\u6211\u8981\u73a9\u539f\u795e|dawn-contest|1533\n|teamsize|p1|6\n|teamsize|p2|6\n|gen|9\n|tier|[Gen 9] National Dex\n|rated|\n|rule|HP Percentage Mod: HP is shown in percentages\n|rule|Endless Battle Clause: Forcing endless battles is banned\n|rule|OHKO Clause: OHKO moves are banned\n|rule|Evasion Clause: Evasion abilities, items, and moves are banned\n|rule|Evasion Abilities Clause: Evasion abilities are banned\n|rule|Evasion Items Clause: Evasion items are banned\n|rule|Evasion Moves Clause: Evasion moves are banned\n|rule|Species Clause: Limit one of each Pok\u00e9mon\n|rule|Sleep Clause Mod: Limit one foe put to sleep\n|clearpoke\n|poke|p1|Weavile, F|\n|poke|p1|Tapu Lele|\n|poke|p1|Ferrothorn, F|\n|poke|p1|Zapdos|\n|poke|p1|Gliscor, M|\n|poke|p1|Ogerpon-Wellspring, F|\n|poke|p2|Blacephalon|\n|poke|p2|Lopunny, M|\n|poke|p2|Ting-Lu|\n|poke|p2|Zapdos|\n|poke|p2|Hatterene, F|\n|poke|p2|Greninja-*, M|\n|teampreview\n|inactive|Battle timer is ON: inactive players will automatically lose when time's up. (requested by Yuanshen61\u6211\u8981\u73a9\u539f\u795e)\n|inactive|Feuertraene also wants the timer to be on.\n|inactive|Feuertraene has 120 seconds left.\n|\n|t:|1700140405\n|start\n|switch|p1a: Tapu Lele|Tapu Lele|100\/100\n|switch|p2a: Ting-Lu|Ting-Lu|100\/100\n|-fieldstart|move: Psychic Terrain|[from] ability: Psychic Surge|[of] p1a: Tapu Lele\n|-ability|p2a: Ting-Lu|Vessel of Ruin\n|turn|1\n|\n|t:|1700140415\n|switch|p1a: Gliscor|Gliscor, M|100\/100\n|switch|p2a: Blacephalon|Blacephalon|100\/100\n|\n|-status|p1a: Gliscor|tox|[from] item: Toxic Orb\n|upkeep\n|turn|2\n|\n|t:|1700140420\n|move|p2a: Blacephalon|Mind Blown|p1a: Gliscor\n|-damage|p1a: Gliscor|22\/100 tox\n|-damage|p2a: Blacephalon|50\/100|[from] mindblown\n|move|p1a: Gliscor|Earthquake|p2a: Blacephalon\n|-supereffective|p2a: Blacephalon\n|-damage|p2a: Blacephalon|0 fnt\n|faint|p2a: Blacephalon\n|\n|-heal|p1a: Gliscor|34\/100 tox|[from] ability: Poison Heal\n|upkeep\n|\n|t:|1700140425\n|switch|p2a: Greninja|Greninja, M|100\/100\n|turn|3\n|\n|t:|1700140436\n|switch|p1a: Ferrothorn|Ferrothorn, F|100\/100\n|move|p2a: Greninja|Dark Pulse|p1a: Ferrothorn\n|-damage|p1a: Ferrothorn|64\/100\n|-damage|p2a: Greninja|91\/100|[from] item: Life Orb\n|\n|-heal|p1a: Ferrothorn|70\/100|[from] item: Leftovers\n|upkeep\n|turn|4\n|\n|t:|1700140444\n|switch|p2a: Hatterene|Hatterene, F|100\/100\n|move|p1a: Ferrothorn|Leech Seed|p2a: Hatterene\n|move|p2a: Hatterene|Leech Seed|p1a: Ferrothorn|[from]ability: Magic Bounce\n|-immune|p1a: Ferrothorn\n|\n|-heal|p1a: Ferrothorn|76\/100|[from] item: Leftovers\n|upkeep\n|turn|5\n|\n|t:|1700140458\n|switch|p1a: Gliscor|Gliscor, M|34\/100 tox\n|move|p2a: Hatterene|Nuzzle|p1a: Gliscor\n|-immune|p1a: Gliscor\n|\n|-heal|p1a: Gliscor|47\/100 tox|[from] ability: Poison Heal\n|-fieldend|move: Psychic Terrain\n|upkeep\n|turn|6\n|\n|t:|1700140462\n|move|p1a: Gliscor|Roost|p1a: Gliscor\n|-heal|p1a: Gliscor|97\/100 tox\n|-singleturn|p1a: Gliscor|move: Roost\n|move|p2a: Hatterene|Draining Kiss|p1a: Gliscor\n|-crit|p1a: Gliscor\n|-damage|p1a: Gliscor|63\/100 tox\n|\n|-heal|p1a: Gliscor|75\/100 tox|[from] ability: Poison Heal\n|upkeep\n|turn|7\n|\n|t:|1700140482\n|move|p1a: Gliscor|Earthquake|p2a: Hatterene\n|-damage|p2a: Hatterene|64\/100\n|move|p2a: Hatterene|Calm Mind|p2a: Hatterene\n|-boost|p2a: Hatterene|spa|1\n|-boost|p2a: Hatterene|spd|1\n|\n|-heal|p2a: Hatterene|70\/100|[from] item: Leftovers\n|-heal|p1a: Gliscor|88\/100 tox|[from] ability: Poison Heal\n|upkeep\n|turn|8\n|\n|t:|1700140486\n|move|p1a: Gliscor|Earthquake|p2a: Hatterene\n|-damage|p2a: Hatterene|37\/100\n|move|p2a: Hatterene|Draining Kiss|p1a: Gliscor\n|-damage|p1a: Gliscor|54\/100 tox\n|-heal|p2a: Hatterene|65\/100|[from] drain|[of] p1a: Gliscor\n|\n|-heal|p2a: Hatterene|71\/100|[from] item: Leftovers\n|-heal|p1a: Gliscor|66\/100 tox|[from] ability: Poison Heal\n|upkeep\n|turn|9\n|\n|t:|1700140499\n|switch|p1a: Ferrothorn|Ferrothorn, F|76\/100\n|move|p2a: Hatterene|Calm Mind|p2a: Hatterene\n|-boost|p2a: Hatterene|spa|1\n|-boost|p2a: Hatterene|spd|1\n|\n|-heal|p2a: Hatterene|77\/100|[from] item: Leftovers\n|-heal|p1a: Ferrothorn|83\/100|[from] item: Leftovers\n|upkeep\n|turn|10\n|\n|t:|1700140503\n|move|p2a: Hatterene|Mystical Fire|p1a: Ferrothorn\n|-supereffective|p1a: Ferrothorn\n|-damage|p1a: Ferrothorn|0 fnt\n|faint|p1a: Ferrothorn\n|\n|-heal|p2a: Hatterene|83\/100|[from] item: Leftovers\n|upkeep\n|\n|t:|1700140507\n|switch|p1a: Weavile|Weavile, F|100\/100\n|-ability|p1a: Weavile|Pressure\n|turn|11\n|\n|t:|1700140511\n|move|p1a: Weavile|Triple Axel|p2a: Hatterene\n|-damage|p2a: Hatterene|67\/100\n|-damage|p2a: Hatterene|38\/100\n|-crit|p2a: Hatterene\n|-damage|p2a: Hatterene|0 fnt\n|faint|p2a: Hatterene\n|-hitcount|p2: Hatterene|3\n|\n|upkeep\n|\n|t:|1700140516\n|switch|p2a: Lopunny|Lopunny, M|100\/100\n|turn|12\n|\n|t:|1700140522\n|switch|p1a: Zapdos|Zapdos|100\/100\n|detailschange|p2a: Lopunny|Lopunny-Mega, M\n|-mega|p2a: Lopunny|Lopunny|Lopunnite\n|move|p2a: Lopunny|U-turn|p1a: Zapdos\n|-resisted|p1a: Zapdos\n|-damage|p1a: Zapdos|91\/100\n|\n|t:|1700140525\n|switch|p2a: Ting-Lu|Ting-Lu|100\/100|[from] U-turn\n|-ability|p2a: Ting-Lu|Vessel of Ruin\n|\n|upkeep\n|turn|13\n|\n|t:|1700140532\n|switch|p1a: Gliscor|Gliscor, M|66\/100 tox\n|move|p2a: Ting-Lu|Stealth Rock|p1a: Gliscor\n|-sidestart|p1: Feuertraene|move: Stealth Rock\n|\n|-heal|p1a: Gliscor|79\/100 tox|[from] ability: Poison Heal\n|upkeep\n|turn|14\n|\n|t:|1700140535\n|move|p1a: Gliscor|Spikes|p2a: Ting-Lu\n|-sidestart|p2: Yuanshen61\u6211\u8981\u73a9\u539f\u795e|Spikes\n|move|p2a: Ting-Lu|Whirlwind|p1a: Gliscor\n|drag|p1a: Tapu Lele|Tapu Lele|100\/100\n|-damage|p1a: Tapu Lele|88\/100|[from] Stealth Rock\n|-fieldstart|move: Psychic Terrain|[from] ability: Psychic Surge|[of] p1a: Tapu Lele\n|\n|upkeep\n|turn|15\n|\n|t:|1700140541\n|move|p1a: Tapu Lele|Moonblast|p2a: Ting-Lu\n|-supereffective|p2a: Ting-Lu\n|-damage|p2a: Ting-Lu|40\/100\n|move|p2a: Ting-Lu|Spikes|p1a: Tapu Lele\n|-sidestart|p1: Feuertraene|Spikes\n|\n|-heal|p2a: Ting-Lu|46\/100|[from] item: Leftovers\n|upkeep\n|turn|16\n|\n|t:|1700140548\n|-terastallize|p2a: Ting-Lu|Poison\n|move|p1a: Tapu Lele|Moonblast|p2a: Ting-Lu\n|-resisted|p2a: Ting-Lu\n|-damage|p2a: Ting-Lu|30\/100\n|move|p2a: Ting-Lu|Ruination|p1a: Tapu Lele\n|-damage|p1a: Tapu Lele|44\/100\n|\n|-heal|p2a: Ting-Lu|36\/100|[from] item: Leftovers\n|upkeep\n|turn|17\n|\n|t:|1700140552\n|switch|p1a: Gliscor|Gliscor, M|79\/100 tox\n|-damage|p1a: Gliscor|66\/100 tox|[from] Stealth Rock\n|move|p2a: Ting-Lu|Spikes|p1a: Gliscor\n|-sidestart|p1: Feuertraene|Spikes\n|\n|-heal|p2a: Ting-Lu|42\/100|[from] item: Leftovers\n|-heal|p1a: Gliscor|79\/100 tox|[from] ability: Poison Heal\n|upkeep\n|turn|18\n|j| oldhotpot\n|\n|t:|1700140562\n|switch|p2a: Zapdos|Zapdos|100\/100\n|move|p1a: Gliscor|Earthquake|p2a: Zapdos\n|-immune|p2a: Zapdos\n|\n|-heal|p1a: Gliscor|91\/100 tox|[from] ability: Poison Heal\n|-fieldend|move: Psychic Terrain\n|upkeep\n|turn|19\n|\n|t:|1700140566\n|switch|p1a: Zapdos|Zapdos|91\/100\n|move|p2a: Zapdos|Hurricane|p1a: Zapdos\n|-resisted|p1a: Zapdos\n|-damage|p1a: Zapdos|61\/100\n|-start|p1a: Zapdos|confusion\n|\n|upkeep\n|turn|20\n|\n|t:|1700140568\n|-activate|p1a: Zapdos|confusion\n|-damage|p1a: Zapdos|56\/100|[from] confusion\n|move|p2a: Zapdos|Volt Switch|p1a: Zapdos\n|-damage|p1a: Zapdos|15\/100\n|\n|t:|1700140571\n|switch|p2a: Greninja|Greninja, M|91\/100|[from] Volt Switch\n|-damage|p2a: Greninja|78\/100|[from] Spikes\n|\n|upkeep\n|turn|21\n|\n|t:|1700140581\n|switch|p1a: Ogerpon|Ogerpon-Wellspring, F|100\/100\n|-damage|p1a: Ogerpon|88\/100|[from] Stealth Rock\n|-damage|p1a: Ogerpon|72\/100|[from] Spikes\n|move|p2a: Greninja|Dark Pulse|p1a: Ogerpon\n|-damage|p1a: Ogerpon|17\/100\n|-damage|p2a: Greninja|69\/100|[from] item: Life Orb\n|\n|upkeep\n|turn|22\n|\n|t:|1700140591\n|move|p2a: Greninja|Dark Pulse|p1a: Ogerpon\n|-damage|p1a: Ogerpon|0 fnt\n|faint|p1a: Ogerpon\n|-ability|p2a: Greninja|Battle Bond|boost\n|-boost|p2a: Greninja|atk|1\n|-boost|p2a: Greninja|spa|1\n|-boost|p2a: Greninja|spe|1\n|-activate|p2a: Greninja|ability: Battle Bond\n|-damage|p2a: Greninja|59\/100|[from] item: Life Orb\n|\n|upkeep\n|\n|t:|1700140604\n|switch|p1a: Weavile|Weavile, F|100\/100\n|-damage|p1a: Weavile|76\/100|[from] Stealth Rock\n|-damage|p1a: Weavile|59\/100|[from] Spikes\n|-ability|p1a: Weavile|Pressure\n|turn|23\n|\n|t:|1700140617\n|move|p2a: Greninja|Surf|p1a: Weavile\n|-crit|p1a: Weavile\n|-damage|p1a: Weavile|0 fnt\n|faint|p1a: Weavile\n|-damage|p2a: Greninja|49\/100|[from] item: Life Orb\n|\n|upkeep\n|-message|Feuertraene forfeited.\n|\n|win|Yuanshen61\u6211\u8981\u73a9\u539f\u795e\n|raw|Feuertraene's rating: 1561 &rarr; <strong>1539<\/strong><br \/>(-22 for losing)\n|raw|Yuanshen61\u6211\u8981\u73a9\u539f\u795e's rating: 1533 &rarr; <strong>1555<\/strong><br \/>(+22 for winning)\n|l|\u2606Feuertraene\n","uploadtime":1700140624,"views":4,"p1id":"feuertraene","p2id":"yuanshen61","formatid":"gen9nationaldex","rating":1539,"private":0,"password":""}