{"id":"gen9nationaldex-1996345694","p1":"Shelmett","p2":"KazJF","format":"[Gen 9] National Dex","log":"|html|<div class=\"broadcast-blue\"><strong>[Gen 9] National Dex is currently suspecting Sneasler! For information on how to participate check out the <a href=\"https:\/\/www.smogon.com\/forums\/threads\/sv-national-dex-suspect-8-just-dance.3731534\/\">suspect thread<\/a>.<\/strong><\/div>\n|j|\u2606Shelmett\n|j|\u2606KazJF\n|t:|1700673258\n|gametype|singles\n|player|p1|Shelmett|roxie|1040\n|player|p2|KazJF|skier|1039\n|teamsize|p1|6\n|teamsize|p2|6\n|gen|9\n|tier|[Gen 9] National Dex\n|rated|\n|rule|HP Percentage Mod: HP is shown in percentages\n|rule|Endless Battle Clause: Forcing endless battles is banned\n|rule|OHKO Clause: OHKO moves are banned\n|rule|Evasion Clause: Evasion abilities, items, and moves are banned\n|rule|Evasion Abilities Clause: Evasion abilities are banned\n|rule|Evasion Items Clause: Evasion items are banned\n|rule|Evasion Moves Clause: Evasion moves are banned\n|rule|Species Clause: Limit one of each Pok\u00e9mon\n|rule|Sleep Clause Mod: Limit one foe put to sleep\n|clearpoke\n|poke|p1|Meganium, M|\n|poke|p1|Cresselia, F|\n|poke|p1|Delibird, M|\n|poke|p1|Pidgeot, M|\n|poke|p1|Cutiefly, M|\n|poke|p1|Alomomola, F|\n|poke|p2|Gliscor, M|\n|poke|p2|Kecleon, M|\n|poke|p2|Swampert, M|\n|poke|p2|Pelipper, F|\n|poke|p2|Reuniclus, M|\n|poke|p2|Breloom, F|\n|teampreview\n|inactive|Battle timer is ON: inactive players will automatically lose when time's up. (requested by KazJF)\n|\n|t:|1700673273\n|start\n|switch|p1a: Cresselia|Cresselia, F|100\/100\n|switch|p2a: Pelipper|Pelipper, F|100\/100\n|-weather|RainDance|[from] ability: Drizzle|[of] p2a: Pelipper\n|turn|1\n|\n|t:|1700673278\n|move|p1a: Cresselia|Calm Mind|p1a: Cresselia\n|-boost|p1a: Cresselia|spa|1\n|-boost|p1a: Cresselia|spd|1\n|move|p2a: Pelipper|U-turn|p1a: Cresselia\n|-supereffective|p1a: Cresselia\n|-damage|p1a: Cresselia|88\/100\n|\n|t:|1700673280\n|switch|p2a: Swampert|Swampert, M|100\/100|[from] U-turn\n|\n|-weather|RainDance|[upkeep]\n|-heal|p1a: Cresselia|94\/100|[from] item: Leftovers\n|upkeep\n|turn|2\n|\n|t:|1700673289\n|detailschange|p2a: Swampert|Swampert-Mega, M\n|-mega|p2a: Swampert|Swampert|Swampertite\n|move|p2a: Swampert|Waterfall|p1a: Cresselia\n|-damage|p1a: Cresselia|41\/100\n|move|p1a: Cresselia|Calm Mind|p1a: Cresselia\n|-boost|p1a: Cresselia|spa|1\n|-boost|p1a: Cresselia|spd|1\n|\n|-weather|RainDance|[upkeep]\n|-heal|p1a: Cresselia|47\/100|[from] item: Leftovers\n|upkeep\n|turn|3\n|\n|t:|1700673295\n|move|p2a: Swampert|Waterfall|p1a: Cresselia\n|-damage|p1a: Cresselia|0 fnt\n|faint|p1a: Cresselia\n|\n|-weather|RainDance|[upkeep]\n|upkeep\n|\n|t:|1700673310\n|switch|p1a: Meganium|Meganium, M|100\/100\n|turn|4\n|\n|t:|1700673318\n|move|p2a: Swampert|Ice Punch|p1a: Meganium\n|-supereffective|p1a: Meganium\n|-damage|p1a: Meganium|33\/100\n|-enditem|p1a: Meganium|Weakness Policy\n|-boost|p1a: Meganium|atk|2|[from] item: Weakness Policy\n|-boost|p1a: Meganium|spa|2|[from] item: Weakness Policy\n|move|p1a: Meganium|Petal Blizzard|p2a: Swampert\n|-supereffective|p2a: Swampert\n|-damage|p2a: Swampert|0 fnt\n|faint|p2a: Swampert\n|\n|-weather|RainDance|[upkeep]\n|upkeep\n|\n|t:|1700673327\n|switch|p2a: Breloom|Breloom, F|100\/100\n|turn|5\n|\n|t:|1700673332\n|move|p2a: Breloom|Mach Punch|p1a: Meganium\n|-damage|p1a: Meganium|0 fnt\n|faint|p1a: Meganium\n|\n|-weather|RainDance|[upkeep]\n|upkeep\n|\n|t:|1700673343\n|switch|p1a: Cutiefly|Cutiefly, M|100\/100\n|turn|6\n|\n|t:|1700673346\n|move|p1a: Cutiefly|Substitute|p1a: Cutiefly\n|-start|p1a: Cutiefly|Substitute\n|-damage|p1a: Cutiefly|76\/100\n|move|p2a: Breloom|Rock Tomb|p1a: Cutiefly\n|-supereffective|p1a: Cutiefly\n|-end|p1a: Cutiefly|Substitute\n|\n|-weather|RainDance|[upkeep]\n|upkeep\n|turn|7\n|\n|t:|1700673355\n|move|p1a: Cutiefly|Quiver Dance|p1a: Cutiefly\n|-boost|p1a: Cutiefly|spa|1\n|-boost|p1a: Cutiefly|spd|1\n|-boost|p1a: Cutiefly|spe|1\n|move|p2a: Breloom|Bullet Seed|p1a: Cutiefly\n|-resisted|p1a: Cutiefly\n|-damage|p1a: Cutiefly|52\/100\n|-resisted|p1a: Cutiefly\n|-damage|p1a: Cutiefly|31\/100\n|-resisted|p1a: Cutiefly\n|-damage|p1a: Cutiefly|10\/100\n|-resisted|p1a: Cutiefly\n|-damage|p1a: Cutiefly|0 fnt\n|faint|p1a: Cutiefly\n|-hitcount|p1: Cutiefly|4\n|\n|-weather|RainDance|[upkeep]\n|upkeep\n|\n|t:|1700673367\n|switch|p1a: Pidgeot|Pidgeot, M|100\/100\n|turn|8\n|\n|t:|1700673371\n|switch|p2a: Gliscor|Gliscor, M|100\/100\n|detailschange|p1a: Pidgeot|Pidgeot-Mega, M\n|-mega|p1a: Pidgeot|Pidgeot|Pidgeotite\n|move|p1a: Pidgeot|Hurricane|p2a: Gliscor\n|-damage|p2a: Gliscor|51\/100\n|-start|p2a: Gliscor|confusion\n|\n|-weather|none\n|-status|p2a: Gliscor|tox|[from] item: Toxic Orb\n|upkeep\n|turn|9\n|\n|t:|1700673381\n|move|p1a: Pidgeot|U-turn|p2a: Gliscor\n|-resisted|p2a: Gliscor\n|-damage|p2a: Gliscor|46\/100 tox\n|\n|t:|1700673383\n|switch|p1a: Delibird|Delibird, M|100\/100|[from] U-turn\n|-activate|p2a: Gliscor|confusion\n|move|p2a: Gliscor|Roost|p2a: Gliscor\n|-heal|p2a: Gliscor|96\/100 tox\n|-singleturn|p2a: Gliscor|move: Roost\n|\n|-heal|p2a: Gliscor|100\/100 tox|[from] ability: Poison Heal\n|upkeep\n|turn|10\n|\n|t:|1700673400\n|switch|p2a: Kecleon|Kecleon, M|100\/100\n|move|p1a: Delibird|Ice Spinner|p2a: Kecleon\n|-damage|p2a: Kecleon|18\/100\n|\n|upkeep\n|turn|11\n|\n|t:|1700673409\n|move|p2a: Kecleon|Shadow Sneak|p1a: Delibird\n|-start|p2a: Kecleon|typechange|Ghost|[from] ability: Protean\n|-damage|p1a: Delibird|50\/100\n|move|p1a: Delibird|Ice Spinner|p2a: Kecleon\n|-damage|p2a: Kecleon|0 fnt\n|faint|p2a: Kecleon\n|\n|upkeep\n|\n|t:|1700673420\n|switch|p2a: Reuniclus|Reuniclus, M|100\/100\n|turn|12\n|\n|t:|1700673422\n|move|p1a: Delibird|Ice Spinner|p2a: Reuniclus\n|-damage|p2a: Reuniclus|46\/100\n|move|p2a: Reuniclus|Psyshock|p1a: Delibird\n|-damage|p1a: Delibird|0 fnt\n|faint|p1a: Delibird\n|\n|upkeep\n|\n|t:|1700673431\n|switch|p1a: Alomomola|Alomomola, F|100\/100\n|turn|13\n|\n|t:|1700673436\n|move|p1a: Alomomola|Swagger|p2a: Reuniclus\n|-boost|p2a: Reuniclus|atk|2\n|-enditem|p1a: Alomomola|Mirror Herb\n|-boost|p1a: Alomomola|atk|2|[from] item: Mirror Herb\n|-start|p2a: Reuniclus|confusion\n|-activate|p2a: Reuniclus|confusion\n|move|p2a: Reuniclus|Recover|p2a: Reuniclus\n|-heal|p2a: Reuniclus|96\/100\n|\n|upkeep\n|turn|14\n|\n|t:|1700673444\n|move|p1a: Alomomola|Aqua Jet|p2a: Reuniclus\n|-damage|p2a: Reuniclus|66\/100\n|-activate|p2a: Reuniclus|confusion\n|move|p2a: Reuniclus|Calm Mind|p2a: Reuniclus\n|-boost|p2a: Reuniclus|spa|1\n|-boost|p2a: Reuniclus|spd|1\n|\n|upkeep\n|turn|15\n|\n|t:|1700673450\n|move|p1a: Alomomola|Aqua Jet|p2a: Reuniclus\n|-damage|p2a: Reuniclus|35\/100\n|-activate|p2a: Reuniclus|confusion\n|-damage|p2a: Reuniclus|25\/100|[from] confusion\n|\n|upkeep\n|turn|16\n|\n|t:|1700673454\n|move|p1a: Alomomola|Aqua Jet|p2a: Reuniclus\n|-damage|p2a: Reuniclus|0 fnt\n|faint|p2a: Reuniclus\n|\n|upkeep\n|\n|t:|1700673456\n|switch|p2a: Breloom|Breloom, F|100\/100\n|turn|17\n|\n|t:|1700673461\n|move|p2a: Breloom|Spore|p1a: Alomomola\n|-status|p1a: Alomomola|slp|[from] move: Spore\n|cant|p1a: Alomomola|slp\n|\n|upkeep\n|turn|18\n|\n|t:|1700673463\n|move|p2a: Breloom|Bullet Seed|p1a: Alomomola\n|-supereffective|p1a: Alomomola\n|-damage|p1a: Alomomola|65\/100 slp\n|-supereffective|p1a: Alomomola\n|-damage|p1a: Alomomola|33\/100 slp\n|-supereffective|p1a: Alomomola\n|-damage|p1a: Alomomola|2\/100 slp\n|-supereffective|p1a: Alomomola\n|-crit|p1a: Alomomola\n|-damage|p1a: Alomomola|0 fnt\n|faint|p1a: Alomomola\n|-hitcount|p1: Alomomola|4\n|\n|upkeep\n|\n|t:|1700673469\n|switch|p1a: Pidgeot|Pidgeot-Mega, M|100\/100\n|turn|19\n|\n|t:|1700673476\n|-terastallize|p2a: Breloom|Fighting\n|move|p1a: Pidgeot|Hurricane|p2a: Breloom\n|-supereffective|p2a: Breloom\n|-damage|p2a: Breloom|0 fnt\n|faint|p2a: Breloom\n|\n|upkeep\n|\n|t:|1700673481\n|switch|p2a: Gliscor|Gliscor, M|100\/100 tox\n|turn|20\n|\n|t:|1700673483\n|move|p1a: Pidgeot|Hurricane|p2a: Gliscor\n|-damage|p2a: Gliscor|47\/100 tox\n|move|p2a: Gliscor|Toxic|p1a: Pidgeot\n|-status|p1a: Pidgeot|tox\n|\n|-damage|p1a: Pidgeot|94\/100 tox|[from] psn\n|-heal|p2a: Gliscor|59\/100 tox|[from] ability: Poison Heal\n|upkeep\n|turn|21\n|\n|t:|1700673488\n|move|p1a: Pidgeot|Hurricane|p2a: Gliscor\n|-damage|p2a: Gliscor|7\/100 tox\n|-start|p2a: Gliscor|confusion\n|-activate|p2a: Gliscor|confusion\n|-damage|p2a: Gliscor|0 fnt|[from] confusion\n|faint|p2a: Gliscor\n|\n|-damage|p1a: Pidgeot|82\/100 tox|[from] psn\n|upkeep\n|\n|t:|1700673491\n|switch|p2a: Pelipper|Pelipper, F|100\/100\n|-weather|RainDance|[from] ability: Drizzle|[of] p2a: Pelipper\n|turn|22\n|\n|t:|1700673494\n|move|p1a: Pidgeot|Hurricane|p2a: Pelipper\n|-damage|p2a: Pelipper|15\/100\n|move|p2a: Pelipper|Roost|p2a: Pelipper\n|-heal|p2a: Pelipper|65\/100\n|-singleturn|p2a: Pelipper|move: Roost\n|\n|-weather|RainDance|[upkeep]\n|-damage|p1a: Pidgeot|63\/100 tox|[from] psn\n|upkeep\n|turn|23\n|\n|t:|1700673500\n|move|p1a: Pidgeot|Hurricane|p2a: Pelipper\n|-crit|p2a: Pelipper\n|-damage|p2a: Pelipper|0 fnt\n|faint|p2a: Pelipper\n|\n|win|Shelmett\n|raw|Shelmett's rating: 1040 &rarr; <strong>1074<\/strong><br \/>(+34 for winning)\n|raw|KazJF's rating: 1039 &rarr; <strong>1023<\/strong><br \/>(-16 for losing)\n|c|\u2606Shelmett|gg\n|l|\u2606KazJF\n","uploadtime":1700673506,"views":0,"p1id":"shelmett","p2id":"kazjf","formatid":"gen9nationaldex","rating":1023,"private":0,"password":""}