{"id":"gen9nationaldex-1994005083","p1":"Mapdan","p2":"baigu2","format":"[Gen 9] National Dex","log":"|j|\u2606Mapdan\n|j|\u2606baigu2\n|t:|1700392030\n|gametype|singles\n|player|p1|Mapdan|169|1850\n|player|p2|baigu2|dawn-gen4pt|1879\n|teamsize|p1|6\n|teamsize|p2|6\n|gen|9\n|tier|[Gen 9] National Dex\n|rated|\n|rule|HP Percentage Mod: HP is shown in percentages\n|rule|Endless Battle Clause: Forcing endless battles is banned\n|rule|OHKO Clause: OHKO moves are banned\n|rule|Evasion Clause: Evasion abilities, items, and moves are banned\n|rule|Evasion Abilities Clause: Evasion abilities are banned\n|rule|Evasion Items Clause: Evasion items are banned\n|rule|Evasion Moves Clause: Evasion moves are banned\n|rule|Species Clause: Limit one of each Pok\u00e9mon\n|rule|Sleep Clause Mod: Limit one foe put to sleep\n|clearpoke\n|poke|p1|Entei|\n|poke|p1|Zapdos|\n|poke|p1|Latios, M|\n|poke|p1|Dragonite, M|\n|poke|p1|Iron Valiant|\n|poke|p1|Greninja-*, M|\n|poke|p2|Ursaluna, F|\n|poke|p2|Dragonite, F|\n|poke|p2|Slowking, M|\n|poke|p2|Tapu Koko|\n|poke|p2|Hoopa-Unbound|\n|poke|p2|Great Tusk|\n|teampreview\n|j| xuxiansheng\n|\n|t:|1700392044\n|start\n|switch|p1a: Entei|Entei|100\/100\n|switch|p2a: Tapu Koko|Tapu Koko|100\/100\n|-fieldstart|move: Electric Terrain|[from] ability: Electric Surge|[of] p2a: Tapu Koko\n|turn|1\n|\n|t:|1700392051\n|move|p2a: Tapu Koko|Volt Switch|p1a: Entei\n|-damage|p1a: Entei|30\/100\n|inactive|Battle timer is ON: inactive players will automatically lose when time's up. (requested by Mapdan)\n|\n|t:|1700392058\n|switch|p2a: Great Tusk|Great Tusk|100\/100|[from] Volt Switch\n|move|p1a: Entei|Sacred Fire|p2a: Great Tusk\n|-damage|p2a: Great Tusk|60\/100\n|-damage|p1a: Entei|20\/100|[from] item: Life Orb\n|\n|upkeep\n|turn|2\n|\n|t:|1700392066\n|move|p1a: Entei|Sacred Fire|p2a: Great Tusk\n|-damage|p2a: Great Tusk|18\/100\n|-status|p2a: Great Tusk|brn\n|-damage|p1a: Entei|10\/100|[from] item: Life Orb\n|move|p2a: Great Tusk|Stealth Rock|p1a: Entei\n|-sidestart|p1: Mapdan|move: Stealth Rock\n|\n|-damage|p2a: Great Tusk|12\/100 brn|[from] brn\n|upkeep\n|turn|3\n|\n|t:|1700392079\n|move|p1a: Entei|Sacred Fire|p2a: Great Tusk\n|-damage|p2a: Great Tusk|0 fnt\n|faint|p2a: Great Tusk\n|-end|p2a: Great Tusk|Protosynthesis|[silent]\n|-damage|p1a: Entei|0 fnt|[from] item: Life Orb\n|faint|p1a: Entei\n|\n|upkeep\n|\n|t:|1700392088\n|switch|p1a: Zapdos|Zapdos|100\/100\n|switch|p2a: Tapu Koko|Tapu Koko|100\/100\n|turn|4\n|\n|t:|1700392094\n|move|p2a: Tapu Koko|Thunderbolt|p1a: Zapdos\n|-damage|p1a: Zapdos|14\/100\n|move|p1a: Zapdos|Defog|p2a: Tapu Koko\n|-unboost|p2a: Tapu Koko|evasion|1\n|-sideend|p1: Mapdan|Stealth Rock|[from] move: Defog|[of] p1a: Zapdos\n|-fieldend|move: Electric Terrain\n|\n|upkeep\n|turn|5\n|\n|t:|1700392100\n|move|p2a: Tapu Koko|Thunderbolt|p1a: Zapdos\n|-damage|p1a: Zapdos|0 fnt\n|faint|p1a: Zapdos\n|\n|upkeep\n|\n|t:|1700392108\n|switch|p1a: Dragonite|Dragonite, M|100\/100\n|turn|6\n|\n|t:|1700392115\n|move|p2a: Tapu Koko|Thunderbolt|p1a: Dragonite\n|-damage|p1a: Dragonite|73\/100\n|move|p1a: Dragonite|Dragon Dance|p1a: Dragonite\n|-boost|p1a: Dragonite|atk|1\n|-boost|p1a: Dragonite|spe|1\n|\n|upkeep\n|turn|7\n|\n|t:|1700392125\n|-terastallize|p1a: Dragonite|Normal\n|move|p1a: Dragonite|Extreme Speed|p2a: Tapu Koko\n|-damage|p2a: Tapu Koko|8\/100\n|move|p2a: Tapu Koko|Thunderbolt|p1a: Dragonite\n|-damage|p1a: Dragonite|17\/100\n|\n|upkeep\n|turn|8\n|\n|t:|1700392131\n|move|p1a: Dragonite|Extreme Speed|p2a: Tapu Koko\n|-damage|p2a: Tapu Koko|0 fnt\n|faint|p2a: Tapu Koko\n|\n|upkeep\n|\n|t:|1700392134\n|switch|p2a: Dragonite|Dragonite, F|100\/100\n|turn|9\n|\n|t:|1700392137\n|move|p1a: Dragonite|Extreme Speed|p2a: Dragonite\n|-damage|p2a: Dragonite|67\/100\n|move|p2a: Dragonite|Extreme Speed|p1a: Dragonite\n|-damage|p1a: Dragonite|0 fnt\n|faint|p1a: Dragonite\n|\n|upkeep\n|j| Meelll0\n|\n|t:|1700392146\n|switch|p1a: Iron Valiant|Iron Valiant|100\/100\n|-enditem|p1a: Iron Valiant|Booster Energy\n|-activate|p1a: Iron Valiant|ability: Quark Drive|[fromitem]\n|-start|p1a: Iron Valiant|quarkdrivespe\n|turn|10\n|j| EpicGamer069420\n|\n|t:|1700392156\n|switch|p2a: Slowking|Slowking, M|100\/100\n|move|p1a: Iron Valiant|Close Combat|p2a: Slowking\n|-resisted|p2a: Slowking\n|-damage|p2a: Slowking|69\/100\n|-unboost|p1a: Iron Valiant|def|1\n|-unboost|p1a: Iron Valiant|spd|1\n|\n|upkeep\n|turn|11\n|j| zhiyinge\n|\n|t:|1700392162\n|-end|p1a: Iron Valiant|Quark Drive|[silent]\n|switch|p1a: Greninja|Greninja, M|100\/100\n|move|p2a: Slowking|Trick Room|p2a: Slowking\n|-fieldstart|move: Trick Room|[of] p2a: Slowking\n|\n|upkeep\n|turn|12\n|\n|t:|1700392167\n|move|p1a: Greninja|Dark Pulse|p2a: Slowking\n|-supereffective|p2a: Slowking\n|-damage|p2a: Slowking|8\/100\n|move|p2a: Slowking|Teleport|p2a: Slowking\n|\n|t:|1700392174\n|switch|p2a: Ursaluna|Ursaluna, F|100\/100|[from] Teleport\n|\n|-status|p2a: Ursaluna|brn|[from] item: Flame Orb\n|upkeep\n|turn|13\n|\n|t:|1700392178\n|switch|p1a: Iron Valiant|Iron Valiant|100\/100\n|move|p2a: Ursaluna|Facade|p1a: Iron Valiant\n|-damage|p1a: Iron Valiant|0 fnt\n|faint|p1a: Iron Valiant\n|-end|p1a: Iron Valiant|Quark Drive|[silent]\n|\n|-damage|p2a: Ursaluna|94\/100 brn|[from] brn\n|upkeep\n|\n|t:|1700392181\n|switch|p1a: Greninja|Greninja, M|100\/100\n|turn|14\n|\n|t:|1700392183\n|move|p1a: Greninja|Water Shuriken|p2a: Ursaluna\n|-supereffective|p2a: Ursaluna\n|-damage|p2a: Ursaluna|76\/100 brn\n|-supereffective|p2a: Ursaluna\n|-damage|p2a: Ursaluna|59\/100 brn\n|-supereffective|p2a: Ursaluna\n|-damage|p2a: Ursaluna|42\/100 brn\n|-hitcount|p2a: Ursaluna|3\n|move|p2a: Ursaluna|Facade|p1a: Greninja\n|-damage|p1a: Greninja|0 fnt\n|faint|p1a: Greninja\n|\n|-damage|p2a: Ursaluna|36\/100 brn|[from] brn\n|upkeep\n|\n|t:|1700392191\n|switch|p1a: Latios|Latios, M|100\/100\n|turn|15\n|\n|t:|1700392193\n|detailschange|p1a: Latios|Latios-Mega, M\n|-mega|p1a: Latios|Latios|Latiosite\n|move|p2a: Ursaluna|Facade|p1a: Latios\n|-damage|p1a: Latios|0 fnt\n|faint|p1a: Latios\n|\n|win|baigu2\n|raw|Mapdan's rating: 1850 &rarr; <strong>1832<\/strong><br \/>(-18 for losing)\n|raw|baigu2's rating: 1879 &rarr; <strong>1897<\/strong><br \/>(+18 for winning)\n|l|\u2606Mapdan\n","uploadtime":1700392197,"views":5,"p1id":"mapdan","p2id":"baigu2","formatid":"gen9nationaldex","rating":1832,"private":0,"password":""}