{"id":"gen9nationaldex-1987224125","p1":"thermo trento","p2":"Cruc1fixed","format":"[Gen 9] National Dex","log":"|j|\u2606thermo trento\n|j|\u2606Cruc1fixed\n|t:|1699566875\n|gametype|singles\n|player|p1|thermo trento|morty|1233\n|player|p2|Cruc1fixed|1|1288\n|teamsize|p1|6\n|teamsize|p2|6\n|gen|9\n|tier|[Gen 9] National Dex\n|rated|\n|rule|HP Percentage Mod: HP is shown in percentages\n|rule|Endless Battle Clause: Forcing endless battles is banned\n|rule|OHKO Clause: OHKO moves are banned\n|rule|Evasion Clause: Evasion abilities, items, and moves are banned\n|rule|Evasion Abilities Clause: Evasion abilities are banned\n|rule|Evasion Items Clause: Evasion items are banned\n|rule|Evasion Moves Clause: Evasion moves are banned\n|rule|Species Clause: Limit one of each Pok\u00e9mon\n|rule|Sleep Clause Mod: Limit one foe put to sleep\n|clearpoke\n|poke|p1|Sceptile, M|\n|poke|p1|Jolteon, M|\n|poke|p1|Registeel|\n|poke|p1|Espeon, F|\n|poke|p1|Arcanine-Hisui, M|\n|poke|p1|Kleavor, M|\n|poke|p2|Flygon, F|\n|poke|p2|Banette, F|\n|poke|p2|Keldeo-Resolute|\n|poke|p2|Trevenant, F|\n|poke|p2|Nihilego|\n|poke|p2|Volcarona, F|\n|teampreview\n|inactive|Battle timer is ON: inactive players will automatically lose when time's up. (requested by Cruc1fixed)\n|\n|t:|1699566899\n|start\n|switch|p1a: Kleavor|Kleavor, M|100\/100\n|switch|p2a: Flygon|Flygon, F|100\/100\n|turn|1\n|inactive|Cruc1fixed has 120 seconds left.\n|\n|t:|1699566935\n|move|p1a: Kleavor|X-Scissor|p2a: Flygon\n|-damage|p2a: Flygon|5\/100\n|move|p2a: Flygon|Dragon Dance|p2a: Flygon\n|-boost|p2a: Flygon|atk|1\n|-boost|p2a: Flygon|spe|1\n|\n|upkeep\n|turn|2\n|\n|t:|1699566941\n|move|p2a: Flygon|Earthquake|p1a: Kleavor\n|-crit|p1a: Kleavor\n|-damage|p1a: Kleavor|0 fnt\n|faint|p1a: Kleavor\n|\n|upkeep\n|\n|t:|1699566947\n|switch|p1a: Arcanine|Arcanine-Hisui, M|100\/100\n|turn|3\n|\n|t:|1699566951\n|switch|p2a: Trevenant|Trevenant, F|100\/100\n|move|p1a: Arcanine|Extreme Speed|p2a: Trevenant\n|-immune|p2a: Trevenant\n|\n|upkeep\n|turn|4\n|\n|t:|1699566958\n|move|p2a: Trevenant|Endure|p2a: Trevenant\n|-singleturn|p2a: Trevenant|move: Endure\n|move|p1a: Arcanine|Flare Blitz|p2a: Trevenant\n|-supereffective|p2a: Trevenant\n|-activate|p2a: Trevenant|move: Endure\n|-damage|p2a: Trevenant|1\/100\n|-enditem|p2a: Trevenant|Starf Berry|[eat]\n|-boost|p2a: Trevenant|spe|2|[from] item: Starf Berry\n|\n|upkeep\n|turn|5\n|\n|t:|1699566981\n|switch|p1a: Registeel|Registeel|100\/100\n|move|p2a: Trevenant|Earthquake|p1a: Registeel\n|-supereffective|p1a: Registeel\n|-damage|p1a: Registeel|62\/100\n|\n|-heal|p1a: Registeel|68\/100|[from] item: Leftovers\n|-item|p2a: Trevenant|Starf Berry|[from] ability: Harvest\n|upkeep\n|-enditem|p2a: Trevenant|Starf Berry|[eat]\n|-boost|p2a: Trevenant|spd|2|[from] item: Starf Berry\n|turn|6\n|\n|t:|1699566994\n|move|p2a: Trevenant|Earthquake|p1a: Registeel\n|-supereffective|p1a: Registeel\n|-damage|p1a: Registeel|35\/100\n|move|p1a: Registeel|Toxic|p2a: Trevenant\n|-status|p2a: Trevenant|tox\n|\n|-heal|p1a: Registeel|41\/100|[from] item: Leftovers\n|-damage|p2a: Trevenant|0 fnt|[from] psn\n|faint|p2a: Trevenant\n|upkeep\n|\n|t:|1699566997\n|switch|p2a: Flygon|Flygon, F|5\/100\n|turn|7\n|\n|t:|1699567008\n|move|p2a: Flygon|Earthquake|p1a: Registeel\n|-supereffective|p1a: Registeel\n|-damage|p1a: Registeel|0 fnt\n|faint|p1a: Registeel\n|\n|upkeep\n|\n|t:|1699567016\n|switch|p1a: Arcanine|Arcanine-Hisui, M|100\/100\n|turn|8\n|\n|t:|1699567020\n|switch|p2a: Banette|Banette, F|100\/100\n|-item|p1a: Arcanine|Focus Sash|[from] ability: Frisk|[of] p2a: Banette|[identify]\n|move|p1a: Arcanine|Flare Blitz|p2a: Banette\n|-damage|p2a: Banette|14\/100\n|\n|upkeep\n|turn|9\n|\n|t:|1699567027\n|detailschange|p2a: Banette|Banette-Mega, F\n|-mega|p2a: Banette|Banette|Banettite\n|move|p2a: Banette|Destiny Bond|p2a: Banette\n|-singlemove|p2a: Banette|Destiny Bond\n|move|p1a: Arcanine|Roar|p2a: Banette\n|drag|p2a: Volcarona|Volcarona, F|100\/100\n|\n|upkeep\n|turn|10\n|\n|t:|1699567035\n|switch|p2a: Banette|Banette-Mega, F|14\/100\n|move|p1a: Arcanine|Head Smash|p2a: Banette\n|-damage|p2a: Banette|0 fnt\n|faint|p2a: Banette\n|\n|upkeep\n|\n|t:|1699567037\n|switch|p2a: Keldeo|Keldeo-Resolute|100\/100\n|turn|11\n|\n|t:|1699567054\n|switch|p1a: Espeon|Espeon, F|100\/100\n|move|p2a: Keldeo|Hydro Pump|p1a: Espeon\n|-damage|p1a: Espeon|0 fnt\n|faint|p1a: Espeon\n|\n|upkeep\n|\n|t:|1699567062\n|switch|p1a: Jolteon|Jolteon, M|100\/100\n|turn|12\n|\n|t:|1699567065\n|switch|p2a: Flygon|Flygon, F|5\/100\n|move|p1a: Jolteon|Thunderbolt|p2a: Flygon\n|-immune|p2a: Flygon\n|\n|upkeep\n|turn|13\n|\n|t:|1699567076\n|move|p1a: Jolteon|Hyper Voice|p2a: Flygon\n|-damage|p2a: Flygon|0 fnt\n|faint|p2a: Flygon\n|-damage|p1a: Jolteon|91\/100|[from] item: Life Orb\n|\n|upkeep\n|\n|t:|1699567079\n|switch|p2a: Volcarona|Volcarona, F|100\/100\n|turn|14\n|\n|t:|1699567086\n|switch|p1a: Arcanine|Arcanine-Hisui, M|100\/100\n|move|p2a: Volcarona|Quiver Dance|p2a: Volcarona\n|-boost|p2a: Volcarona|spa|1\n|-boost|p2a: Volcarona|spd|1\n|-boost|p2a: Volcarona|spe|1\n|\n|upkeep\n|turn|15\n|\n|t:|1699567092\n|-zpower|p2a: Volcarona\n|move|p2a: Volcarona|Shattered Psyche|p1a: Arcanine|[zeffect]\n|-enditem|p1a: Arcanine|Focus Sash\n|-damage|p1a: Arcanine|1\/100\n|move|p1a: Arcanine|Head Smash|p2a: Volcarona|[miss]\n|-miss|p1a: Arcanine|p2a: Volcarona\n|\n|upkeep\n|turn|16\n|\n|t:|1699567102\n|move|p1a: Arcanine|Extreme Speed|p2a: Volcarona\n|-damage|p2a: Volcarona|57\/100\n|move|p2a: Volcarona|Fiery Dance|p1a: Arcanine\n|-resisted|p1a: Arcanine\n|-damage|p1a: Arcanine|0 fnt\n|-boost|p2a: Volcarona|spa|1\n|faint|p1a: Arcanine\n|\n|upkeep\n|c|\u2606Cruc1fixed|EAT SHIT\n|c|\u2606Cruc1fixed|sorry\n|c|\u2606Cruc1fixed|sash caught me off guard\n|inactive|thermo trento has 120 seconds left.\n|c|\u2606thermo trento|no miss and you were toast :(\n|\n|t:|1699567152\n|switch|p1a: Jolteon|Jolteon, M|91\/100\n|turn|17\n|inactive|Cruc1fixed has 120 seconds left.\n|\n|t:|1699567184\n|move|p2a: Volcarona|Giga Drain|p1a: Jolteon\n|-damage|p1a: Jolteon|14\/100\n|-heal|p2a: Volcarona|90\/100|[from] drain|[of] p1a: Jolteon\n|move|p1a: Jolteon|Thunderbolt|p2a: Volcarona\n|-damage|p2a: Volcarona|51\/100\n|-damage|p1a: Jolteon|4\/100|[from] item: Life Orb\n|\n|upkeep\n|turn|18\n|\n|t:|1699567193\n|move|p2a: Volcarona|Giga Drain|p1a: Jolteon\n|-damage|p1a: Jolteon|0 fnt\n|-heal|p2a: Volcarona|53\/100|[from] drain|[of] p1a: Jolteon\n|faint|p1a: Jolteon\n|\n|upkeep\n|\n|t:|1699567198\n|switch|p1a: Sceptile|Sceptile, M, shiny|100\/100\n|turn|19\n|inactive|thermo trento has 120 seconds left.\n|\n|t:|1699567212\n|detailschange|p1a: Sceptile|Sceptile-Mega, M, shiny\n|-mega|p1a: Sceptile|Sceptile|Sceptilite\n|move|p2a: Volcarona|Fiery Dance|p1a: Sceptile\n|-damage|p1a: Sceptile|0 fnt\n|-boost|p2a: Volcarona|spa|1\n|faint|p1a: Sceptile\n|\n|win|Cruc1fixed\n|raw|thermo trento's rating: 1233 &rarr; <strong>1212<\/strong><br \/>(-21 for losing)\n|raw|Cruc1fixed's rating: 1288 &rarr; <strong>1309<\/strong><br \/>(+21 for winning)\n","uploadtime":1699567107,"views":4,"p1id":"thermotrento","p2id":"cruc1fixed","formatid":"gen9nationaldex","rating":1212,"private":0,"password":""}