{"id":"gen9nationaldex-1995124161","p1":"Krztina","p2":"TurboTurtleVGC","format":"[Gen 9] National Dex","log":"|html|<div class=\"broadcast-blue\"><strong>[Gen 9] National Dex is currently suspecting Sneasler! For information on how to participate check out the <a href=\"https:\/\/www.smogon.com\/forums\/threads\/sv-national-dex-suspect-8-just-dance.3731534\/\">suspect thread<\/a>.<\/strong><\/div>\n|j|\u2606Krztina\n|j|\u2606TurboTurtleVGC\n|t:|1700525231\n|gametype|singles\n|player|p1|Krztina|pokemonrangerf|1306\n|player|p2|TurboTurtleVGC|nanu|1339\n|teamsize|p1|6\n|teamsize|p2|6\n|gen|9\n|tier|[Gen 9] National Dex\n|rated|\n|rule|HP Percentage Mod: HP is shown in percentages\n|rule|Endless Battle Clause: Forcing endless battles is banned\n|rule|OHKO Clause: OHKO moves are banned\n|rule|Evasion Clause: Evasion abilities, items, and moves are banned\n|rule|Evasion Abilities Clause: Evasion abilities are banned\n|rule|Evasion Items Clause: Evasion items are banned\n|rule|Evasion Moves Clause: Evasion moves are banned\n|rule|Species Clause: Limit one of each Pok\u00e9mon\n|rule|Sleep Clause Mod: Limit one foe put to sleep\n|clearpoke\n|poke|p1|Ninetales-Alola, M|\n|poke|p1|Aegislash, M|\n|poke|p1|Zamazenta-*|\n|poke|p1|Landorus-Therian, M|\n|poke|p1|Garganacl, M|\n|poke|p1|Toxapex, F|\n|poke|p2|Charizard, M|\n|poke|p2|Great Tusk|\n|poke|p2|Garganacl, F|\n|poke|p2|Landorus-Therian, M|\n|poke|p2|Dragonite, M|\n|poke|p2|Tapu Koko|\n|teampreview\n|inactive|Battle timer is ON: inactive players will automatically lose when time's up. (requested by Krztina)\n|\n|t:|1700525245\n|start\n|switch|p1a: Ninetales|Ninetales-Alola, M|100\/100\n|switch|p2a: Landorus|Landorus-Therian, M|100\/100\n|-ability|p2a: Landorus|Intimidate|boost\n|-unboost|p1a: Ninetales|atk|1\n|-weather|Snow|[from] ability: Snow Warning|[of] p1a: Ninetales\n|turn|1\n|\n|t:|1700525264\n|move|p2a: Landorus|U-turn|p1a: Ninetales\n|-resisted|p1a: Ninetales\n|-damage|p1a: Ninetales|85\/100\n|\n|t:|1700525267\n|switch|p2a: Garganacl|Garganacl, F|100\/100|[from] U-turn\n|move|p1a: Ninetales|Aurora Veil|p1a: Ninetales\n|-sidestart|p1: Krztina|move: Aurora Veil\n|\n|-weather|Snow|[upkeep]\n|upkeep\n|turn|2\n|\n|t:|1700525274\n|switch|p1a: Aegislash|Aegislash, M|100\/100\n|move|p2a: Garganacl|Salt Cure|p1a: Aegislash\n|-resisted|p1a: Aegislash\n|-damage|p1a: Aegislash|98\/100\n|-start|p1a: Aegislash|Salt Cure\n|\n|-weather|Snow|[upkeep]\n|-damage|p1a: Aegislash|73\/100|[from] Salt Cure\n|upkeep\n|turn|3\n|\n|t:|1700525288\n|-formechange|p1a: Aegislash|Aegislash-Blade||[from] ability: Stance Change\n|move|p1a: Aegislash|Steel Beam|p2a: Garganacl|[miss]\n|-miss|p1a: Aegislash|p2a: Garganacl\n|-damage|p1a: Aegislash|23\/100|[from] steelbeam\n|move|p2a: Garganacl|Curse|p2a: Garganacl\n|-unboost|p2a: Garganacl|spe|1\n|-boost|p2a: Garganacl|atk|1\n|-boost|p2a: Garganacl|def|1\n|\n|-weather|Snow|[upkeep]\n|-damage|p1a: Aegislash|0 fnt|[from] Salt Cure\n|faint|p1a: Aegislash\n|upkeep\n|\n|t:|1700525298\n|switch|p1a: Ninetales|Ninetales-Alola, M|85\/100\n|turn|4\n|\n|t:|1700525308\n|move|p1a: Ninetales|Encore|p2a: Garganacl\n|-start|p2a: Garganacl|Encore\n|move|p2a: Garganacl|Curse|p2a: Garganacl\n|-unboost|p2a: Garganacl|spe|1\n|-boost|p2a: Garganacl|atk|1\n|-boost|p2a: Garganacl|def|1\n|\n|-weather|Snow|[upkeep]\n|upkeep\n|turn|5\n|\n|t:|1700525314\n|switch|p1a: Toxapex|Toxapex, F|100\/100\n|move|p2a: Garganacl|Curse|p2a: Garganacl\n|-unboost|p2a: Garganacl|spe|1\n|-boost|p2a: Garganacl|atk|1\n|-boost|p2a: Garganacl|def|1\n|\n|-weather|none\n|upkeep\n|turn|6\n|\n|t:|1700525318\n|-terastallize|p2a: Garganacl|Water\n|move|p1a: Toxapex|Haze|p1a: Toxapex\n|-clearallboost\n|move|p2a: Garganacl|Curse|p2a: Garganacl\n|-unboost|p2a: Garganacl|spe|1\n|-boost|p2a: Garganacl|atk|1\n|-boost|p2a: Garganacl|def|1\n|\n|-end|p2a: Garganacl|Encore\n|upkeep\n|turn|7\n|\n|t:|1700525328\n|move|p1a: Toxapex|Haze|p1a: Toxapex\n|-clearallboost\n|move|p2a: Garganacl|Earthquake|p1a: Toxapex\n|-supereffective|p1a: Toxapex\n|-damage|p1a: Toxapex|86\/100\n|\n|-heal|p1a: Toxapex|93\/100|[from] item: Black Sludge\n|upkeep\n|turn|8\n|\n|t:|1700525334\n|move|p2a: Garganacl|Salt Cure|p1a: Toxapex\n|-damage|p1a: Toxapex|88\/100\n|-start|p1a: Toxapex|Salt Cure\n|move|p1a: Toxapex|Scald|p2a: Garganacl\n|-resisted|p2a: Garganacl\n|-damage|p2a: Garganacl|95\/100\n|\n|-heal|p2a: Garganacl|100\/100|[from] item: Leftovers\n|-heal|p1a: Toxapex|95\/100|[from] item: Black Sludge\n|-damage|p1a: Toxapex|70\/100|[from] Salt Cure\n|-sideend|p1: Krztina|move: Aurora Veil\n|upkeep\n|turn|9\n|\n|t:|1700525340\n|switch|p1a: Garganacl|Garganacl, M|100\/100\n|move|p2a: Garganacl|Earthquake|p1a: Garganacl\n|-supereffective|p1a: Garganacl\n|-damage|p1a: Garganacl|70\/100\n|\n|-heal|p1a: Garganacl|76\/100|[from] item: Leftovers\n|upkeep\n|turn|10\n|\n|t:|1700525343\n|move|p2a: Garganacl|Salt Cure|p1a: Garganacl\n|-damage|p1a: Garganacl|67\/100\n|-start|p1a: Garganacl|Salt Cure\n|move|p1a: Garganacl|Salt Cure|p2a: Garganacl\n|-damage|p2a: Garganacl|91\/100\n|-start|p2a: Garganacl|Salt Cure\n|\n|-heal|p2a: Garganacl|98\/100|[from] item: Leftovers\n|-heal|p1a: Garganacl|74\/100|[from] item: Leftovers\n|-damage|p2a: Garganacl|73\/100|[from] Salt Cure\n|-damage|p1a: Garganacl|61\/100|[from] Salt Cure\n|upkeep\n|turn|11\n|\n|t:|1700525354\n|switch|p2a: Tapu Koko|Tapu Koko, shiny|100\/100\n|-fieldstart|move: Electric Terrain|[from] ability: Electric Surge|[of] p2a: Tapu Koko\n|move|p1a: Garganacl|Recover|p1a: Garganacl\n|-heal|p1a: Garganacl|100\/100\n|\n|-damage|p1a: Garganacl|88\/100|[from] Salt Cure\n|upkeep\n|turn|12\n|\n|t:|1700525360\n|switch|p1a: Landorus|Landorus-Therian, M|100\/100\n|-ability|p1a: Landorus|Intimidate|boost\n|-unboost|p2a: Tapu Koko|atk|1\n|move|p2a: Tapu Koko|Calm Mind|p2a: Tapu Koko\n|-boost|p2a: Tapu Koko|spa|1\n|-boost|p2a: Tapu Koko|spd|1\n|\n|upkeep\n|turn|13\n|\n|t:|1700525367\n|move|p1a: Landorus|Earthquake|p2a: Tapu Koko\n|-supereffective|p2a: Tapu Koko\n|-damage|p2a: Tapu Koko|0 fnt\n|faint|p2a: Tapu Koko\n|\n|upkeep\n|\n|t:|1700525371\n|switch|p2a: Charizard|Charizard, M, shiny|100\/100\n|turn|14\n|\n|t:|1700525383\n|switch|p1a: Toxapex|Toxapex, F|100\/100\n|detailschange|p2a: Charizard|Charizard-Mega-Y, M, shiny\n|-mega|p2a: Charizard|Charizard|Charizardite Y\n|-weather|SunnyDay|[from] ability: Drought|[of] p2a: Charizard\n|move|p2a: Charizard|Solar Beam||[still]\n|-prepare|p2a: Charizard|Solar Beam\n|-anim|p2a: Charizard|Solar Beam|p1a: Toxapex\n|-damage|p1a: Toxapex|59\/100\n|\n|-weather|SunnyDay|[upkeep]\n|-heal|p1a: Toxapex|66\/100|[from] item: Black Sludge\n|upkeep\n|turn|15\n|\n|t:|1700525393\n|move|p2a: Charizard|Scorching Sands|p1a: Toxapex\n|-supereffective|p1a: Toxapex\n|-damage|p1a: Toxapex|18\/100\n|move|p1a: Toxapex|Recover|p1a: Toxapex\n|-heal|p1a: Toxapex|68\/100\n|\n|-weather|SunnyDay|[upkeep]\n|-heal|p1a: Toxapex|74\/100|[from] item: Black Sludge\n|-fieldend|move: Electric Terrain\n|upkeep\n|turn|16\n|\n|t:|1700525400\n|switch|p2a: Garganacl|Garganacl, F, tera:Water|73\/100\n|move|p1a: Toxapex|Toxic|p2a: Garganacl\n|-immune|p2a: Garganacl|[from] ability: Purifying Salt\n|\n|-weather|SunnyDay|[upkeep]\n|-heal|p2a: Garganacl|79\/100|[from] item: Leftovers\n|-heal|p1a: Toxapex|80\/100|[from] item: Black Sludge\n|upkeep\n|turn|17\n|\n|t:|1700525406\n|switch|p1a: Garganacl|Garganacl, M|88\/100\n|move|p2a: Garganacl|Salt Cure|p1a: Garganacl\n|-damage|p1a: Garganacl|79\/100\n|-start|p1a: Garganacl|Salt Cure\n|\n|-weather|SunnyDay|[upkeep]\n|-heal|p2a: Garganacl|85\/100|[from] item: Leftovers\n|-heal|p1a: Garganacl|85\/100|[from] item: Leftovers\n|-damage|p1a: Garganacl|73\/100|[from] Salt Cure\n|upkeep\n|turn|18\n|\n|t:|1700525409\n|move|p2a: Garganacl|Curse|p2a: Garganacl\n|-unboost|p2a: Garganacl|spe|1\n|-boost|p2a: Garganacl|atk|1\n|-boost|p2a: Garganacl|def|1\n|move|p1a: Garganacl|Salt Cure|p2a: Garganacl\n|-damage|p2a: Garganacl|78\/100\n|-start|p2a: Garganacl|Salt Cure\n|\n|-weather|none\n|-heal|p1a: Garganacl|79\/100|[from] item: Leftovers\n|-heal|p2a: Garganacl|85\/100|[from] item: Leftovers\n|-damage|p1a: Garganacl|67\/100|[from] Salt Cure\n|-damage|p2a: Garganacl|60\/100|[from] Salt Cure\n|upkeep\n|turn|19\n|\n|t:|1700525418\n|switch|p1a: Toxapex|Toxapex, F|100\/100\n|move|p2a: Garganacl|Recover|p2a: Garganacl\n|-heal|p2a: Garganacl|100\/100\n|\n|-damage|p2a: Garganacl|76\/100|[from] Salt Cure\n|upkeep\n|turn|20\n|\n|t:|1700525424\n|move|p1a: Toxapex|Scald|p2a: Garganacl\n|-resisted|p2a: Garganacl\n|-damage|p2a: Garganacl|70\/100\n|move|p2a: Garganacl|Salt Cure|p1a: Toxapex\n|-damage|p1a: Toxapex|87\/100\n|-start|p1a: Toxapex|Salt Cure\n|\n|-heal|p1a: Toxapex|94\/100|[from] item: Black Sludge\n|-heal|p2a: Garganacl|77\/100|[from] item: Leftovers\n|-damage|p1a: Toxapex|69\/100|[from] Salt Cure\n|-damage|p2a: Garganacl|52\/100|[from] Salt Cure\n|upkeep\n|turn|21\n|\n|t:|1700525430\n|switch|p1a: Garganacl|Garganacl, M|67\/100\n|move|p2a: Garganacl|Earthquake|p1a: Garganacl\n|-supereffective|p1a: Garganacl\n|-damage|p1a: Garganacl|24\/100\n|\n|-heal|p1a: Garganacl|30\/100|[from] item: Leftovers\n|-heal|p2a: Garganacl|58\/100|[from] item: Leftovers\n|-damage|p2a: Garganacl|33\/100|[from] Salt Cure\n|upkeep\n|turn|22\n|\n|t:|1700525433\n|move|p1a: Garganacl|Recover|p1a: Garganacl\n|-heal|p1a: Garganacl|80\/100\n|move|p2a: Garganacl|Recover|p2a: Garganacl\n|-heal|p2a: Garganacl|83\/100\n|\n|-heal|p1a: Garganacl|87\/100|[from] item: Leftovers\n|-heal|p2a: Garganacl|90\/100|[from] item: Leftovers\n|-damage|p2a: Garganacl|65\/100|[from] Salt Cure\n|upkeep\n|turn|23\n|\n|t:|1700525437\n|switch|p1a: Landorus|Landorus-Therian, M|100\/100\n|-ability|p1a: Landorus|Intimidate|boost\n|-unboost|p2a: Garganacl|atk|1\n|move|p2a: Garganacl|Salt Cure|p1a: Landorus\n|-damage|p1a: Landorus|85\/100\n|-start|p1a: Landorus|Salt Cure\n|\n|-heal|p2a: Garganacl|71\/100|[from] item: Leftovers\n|-damage|p1a: Landorus|72\/100|[from] Salt Cure\n|-damage|p2a: Garganacl|46\/100|[from] Salt Cure\n|upkeep\n|turn|24\n|\n|t:|1700525444\n|move|p1a: Landorus|Knock Off|p2a: Garganacl\n|-damage|p2a: Garganacl|28\/100\n|-enditem|p2a: Garganacl|Leftovers|[from] move: Knock Off|[of] p1a: Landorus\n|move|p2a: Garganacl|Recover|p2a: Garganacl\n|-heal|p2a: Garganacl|78\/100\n|\n|-damage|p1a: Landorus|60\/100|[from] Salt Cure\n|-damage|p2a: Garganacl|53\/100|[from] Salt Cure\n|upkeep\n|turn|25\n|\n|t:|1700525448\n|switch|p1a: Toxapex|Toxapex, F|100\/100\n|switch|p2a: Landorus|Landorus-Therian, M|100\/100\n|-ability|p2a: Landorus|Intimidate|boost\n|-unboost|p1a: Toxapex|atk|1\n|\n|upkeep\n|turn|26\n|\n|t:|1700525453\n|move|p2a: Landorus|Earthquake|p1a: Toxapex\n|-supereffective|p1a: Toxapex\n|-damage|p1a: Toxapex|27\/100\n|move|p1a: Toxapex|Toxic|p2a: Landorus\n|-status|p2a: Landorus|tox\n|\n|-heal|p1a: Toxapex|34\/100|[from] item: Black Sludge\n|-damage|p2a: Landorus|94\/100 tox|[from] psn\n|upkeep\n|turn|27\n|\n|t:|1700525462\n|switch|p2a: Great Tusk|Great Tusk|100\/100\n|switch|p1a: Landorus|Landorus-Therian, M|60\/100\n|-ability|p1a: Landorus|Intimidate|boost\n|-unboost|p2a: Great Tusk|atk|1\n|\n|upkeep\n|turn|28\n|\n|t:|1700525475\n|move|p1a: Landorus|U-turn|p2a: Great Tusk\n|-resisted|p2a: Great Tusk\n|-crit|p2a: Great Tusk\n|-damage|p2a: Great Tusk|87\/100\n|\n|t:|1700525476\n|switch|p1a: Zamazenta|Zamazenta|100\/100|[from] U-turn\n|-ability|p1a: Zamazenta|Dauntless Shield|boost\n|-boost|p1a: Zamazenta|def|1\n|move|p2a: Great Tusk|Ice Spinner|p1a: Zamazenta\n|-damage|p1a: Zamazenta|92\/100\n|\n|-heal|p1a: Zamazenta|98\/100|[from] item: Leftovers\n|-heal|p2a: Great Tusk|94\/100|[from] item: Leftovers\n|upkeep\n|turn|29\n|\n|t:|1700525483\n|move|p1a: Zamazenta|Iron Defense|p1a: Zamazenta\n|-boost|p1a: Zamazenta|def|2\n|move|p2a: Great Tusk|Stealth Rock|p1a: Zamazenta\n|-sidestart|p1: Krztina|move: Stealth Rock\n|\n|-heal|p1a: Zamazenta|100\/100|[from] item: Leftovers\n|-heal|p2a: Great Tusk|99\/100|[from] item: Leftovers\n|upkeep\n|turn|30\n|\n|t:|1700525497\n|-end|p2a: Great Tusk|Protosynthesis|[silent]\n|switch|p2a: Landorus|Landorus-Therian, M|94\/100 tox\n|-ability|p2a: Landorus|Intimidate|boost\n|-unboost|p1a: Zamazenta|atk|1\n|move|p1a: Zamazenta|Substitute|p1a: Zamazenta\n|-start|p1a: Zamazenta|Substitute\n|-damage|p1a: Zamazenta|76\/100\n|\n|-heal|p1a: Zamazenta|82\/100|[from] item: Leftovers\n|-damage|p2a: Landorus|88\/100 tox|[from] psn\n|upkeep\n|turn|31\n|\n|t:|1700525518\n|move|p2a: Landorus|Earthquake|p1a: Zamazenta\n|-activate|p1a: Zamazenta|move: Substitute|[damage]\n|move|p1a: Zamazenta|Body Press|p2a: Landorus\n|-resisted|p2a: Landorus\n|-damage|p2a: Landorus|43\/100 tox\n|\n|-heal|p1a: Zamazenta|88\/100|[from] item: Leftovers\n|-damage|p2a: Landorus|31\/100 tox|[from] psn\n|upkeep\n|turn|32\n|\n|t:|1700525524\n|move|p2a: Landorus|Earthquake|p1a: Zamazenta\n|-end|p1a: Zamazenta|Substitute\n|move|p1a: Zamazenta|Substitute|p1a: Zamazenta\n|-start|p1a: Zamazenta|Substitute\n|-damage|p1a: Zamazenta|63\/100\n|\n|-heal|p1a: Zamazenta|69\/100|[from] item: Leftovers\n|-damage|p2a: Landorus|12\/100 tox|[from] psn\n|upkeep\n|turn|33\n|\n|t:|1700525528\n|move|p2a: Landorus|Earthquake|p1a: Zamazenta\n|-activate|p1a: Zamazenta|move: Substitute|[damage]\n|move|p1a: Zamazenta|Body Press|p2a: Landorus\n|-resisted|p2a: Landorus\n|-damage|p2a: Landorus|0 fnt\n|faint|p2a: Landorus\n|\n|-heal|p1a: Zamazenta|76\/100|[from] item: Leftovers\n|upkeep\n|\n|t:|1700525533\n|switch|p2a: Dragonite|Dragonite, M|100\/100\n|turn|34\n|\n|t:|1700525543\n|move|p1a: Zamazenta|Iron Defense|p1a: Zamazenta\n|-boost|p1a: Zamazenta|def|2\n|move|p2a: Dragonite|Dragon Dance|p2a: Dragonite\n|-boost|p2a: Dragonite|atk|1\n|-boost|p2a: Dragonite|spe|1\n|\n|-heal|p1a: Zamazenta|82\/100|[from] item: Leftovers\n|upkeep\n|turn|35\n|\n|t:|1700525547\n|move|p2a: Dragonite|Extreme Speed|p1a: Zamazenta\n|-end|p1a: Zamazenta|Substitute\n|move|p1a: Zamazenta|Body Press|p2a: Dragonite\n|-resisted|p2a: Dragonite\n|-damage|p2a: Dragonite|70\/100\n|\n|-heal|p1a: Zamazenta|88\/100|[from] item: Leftovers\n|upkeep\n|turn|36\n|\n|t:|1700525555\n|move|p2a: Dragonite|Extreme Speed|p1a: Zamazenta\n|-crit|p1a: Zamazenta\n|-damage|p1a: Zamazenta|30\/100\n|move|p1a: Zamazenta|Body Press|p2a: Dragonite\n|-resisted|p2a: Dragonite\n|-damage|p2a: Dragonite|17\/100\n|\n|-heal|p1a: Zamazenta|36\/100|[from] item: Leftovers\n|upkeep\n|turn|37\n|\n|t:|1700525560\n|move|p2a: Dragonite|Extreme Speed|p1a: Zamazenta\n|-damage|p1a: Zamazenta|25\/100\n|move|p1a: Zamazenta|Body Press|p2a: Dragonite\n|-resisted|p2a: Dragonite\n|-damage|p2a: Dragonite|0 fnt\n|faint|p2a: Dragonite\n|\n|-heal|p1a: Zamazenta|31\/100|[from] item: Leftovers\n|upkeep\n|\n|t:|1700525565\n|switch|p2a: Charizard|Charizard-Mega-Y, M, shiny|100\/100\n|-weather|SunnyDay|[from] ability: Drought|[of] p2a: Charizard\n|turn|38\n|\n|t:|1700525567\n|move|p1a: Zamazenta|Body Press|p2a: Charizard\n|-resisted|p2a: Charizard\n|-damage|p2a: Charizard|28\/100\n|move|p2a: Charizard|Fire Blast|p1a: Zamazenta\n|-damage|p1a: Zamazenta|0 fnt\n|faint|p1a: Zamazenta\n|\n|-weather|SunnyDay|[upkeep]\n|upkeep\n|\n|t:|1700525575\n|switch|p1a: Ninetales|Ninetales-Alola, M|85\/100\n|-damage|p1a: Ninetales|60\/100|[from] Stealth Rock\n|-weather|Snow|[from] ability: Snow Warning|[of] p1a: Ninetales\n|turn|39\n|\n|t:|1700525579\n|move|p1a: Ninetales|Freeze-Dry|p2a: Charizard\n|-damage|p2a: Charizard|3\/100\n|move|p2a: Charizard|Roost|p2a: Charizard\n|-heal|p2a: Charizard|53\/100\n|-singleturn|p2a: Charizard|move: Roost\n|\n|-weather|Snow|[upkeep]\n|upkeep\n|turn|40\n|\n|t:|1700525583\n|move|p1a: Ninetales|Aurora Veil|p1a: Ninetales\n|-sidestart|p1: Krztina|move: Aurora Veil\n|move|p2a: Charizard|Roost|p2a: Charizard\n|-heal|p2a: Charizard|100\/100\n|-singleturn|p2a: Charizard|move: Roost\n|\n|-weather|Snow|[upkeep]\n|upkeep\n|turn|41\n|\n|t:|1700525586\n|move|p1a: Ninetales|Encore|p2a: Charizard\n|-start|p2a: Charizard|Encore\n|move|p2a: Charizard|Roost||[still]\n|-fail|p2a: Charizard|heal\n|\n|-weather|Snow|[upkeep]\n|upkeep\n|turn|42\n|\n|t:|1700525591\n|switch|p2a: Garganacl|Garganacl, F, tera:Water|53\/100\n|move|p1a: Ninetales|Nasty Plot|p1a: Ninetales\n|-boost|p1a: Ninetales|spa|2\n|\n|-weather|Snow|[upkeep]\n|upkeep\n|turn|43\n|\n|t:|1700525594\n|move|p1a: Ninetales|Freeze-Dry|p2a: Garganacl\n|-supereffective|p2a: Garganacl\n|-crit|p2a: Garganacl\n|-damage|p2a: Garganacl|0 fnt\n|faint|p2a: Garganacl\n|\n|-weather|none\n|upkeep\n|\n|t:|1700525596\n|switch|p2a: Great Tusk|Great Tusk|99\/100\n|turn|44\n|\n|t:|1700525599\n|move|p1a: Ninetales|Freeze-Dry|p2a: Great Tusk\n|-supereffective|p2a: Great Tusk\n|-damage|p2a: Great Tusk|0 fnt\n|faint|p2a: Great Tusk\n|-end|p2a: Great Tusk|Protosynthesis|[silent]\n|\n|upkeep\n|\n|t:|1700525602\n|switch|p2a: Charizard|Charizard-Mega-Y, M, shiny|100\/100\n|-weather|SunnyDay|[from] ability: Drought|[of] p2a: Charizard\n|turn|45\n|\n|t:|1700525607\n|-terastallize|p1a: Ninetales|Fire\n|move|p1a: Ninetales|Freeze-Dry|p2a: Charizard\n|-damage|p2a: Charizard|46\/100\n|move|p2a: Charizard|Fire Blast|p1a: Ninetales\n|-resisted|p1a: Ninetales\n|-damage|p1a: Ninetales|31\/100\n|\n|-weather|SunnyDay|[upkeep]\n|upkeep\n|turn|46\n|c|\u2606Krztina|gg\n|-message|TurboTurtleVGC forfeited.\n|\n|win|Krztina\n|raw|Krztina's rating: 1306 &rarr; <strong>1328<\/strong><br \/>(+22 for winning)\n|raw|TurboTurtleVGC's rating: 1339 &rarr; <strong>1317<\/strong><br \/>(-22 for losing)\n|l|\u2606TurboTurtleVGC\n","uploadtime":1700525622,"views":1,"p1id":"krztina","p2id":"turboturtlevgc","formatid":"gen9nationaldex","rating":1317,"private":0,"password":""}