{"id":"gen9nationaldex-1988798011","p1":"Bean of Destiny","p2":"a903608420","format":"[Gen 9] National Dex","log":"|j|\u2606Bean of Destiny\n|j|\u2606a903608420\n|t:|1699764640\n|gametype|singles\n|player|p1|Bean of Destiny|akari|1295\n|player|p2|a903608420|265|1183\n|teamsize|p1|6\n|teamsize|p2|6\n|gen|9\n|tier|[Gen 9] National Dex\n|rated|\n|rule|HP Percentage Mod: HP is shown in percentages\n|rule|Endless Battle Clause: Forcing endless battles is banned\n|rule|OHKO Clause: OHKO moves are banned\n|rule|Evasion Clause: Evasion abilities, items, and moves are banned\n|rule|Evasion Abilities Clause: Evasion abilities are banned\n|rule|Evasion Items Clause: Evasion items are banned\n|rule|Evasion Moves Clause: Evasion moves are banned\n|rule|Species Clause: Limit one of each Pok\u00e9mon\n|rule|Sleep Clause Mod: Limit one foe put to sleep\n|clearpoke\n|poke|p1|Cofagrigus, M|\n|poke|p1|Ninetales-Alola, F|\n|poke|p1|Cetitan, F|\n|poke|p1|Victini|\n|poke|p1|Torterra, F|\n|poke|p1|Altaria, M|\n|poke|p2|Charizard, M|\n|poke|p2|Venusaur, F|\n|poke|p2|Darmanitan, M|\n|poke|p2|Torkoal, M|\n|poke|p2|Great Tusk|\n|poke|p2|Hatterene, F|\n|teampreview\n|inactive|Battle timer is ON: inactive players will automatically lose when time's up. (requested by a903608420)\n|\n|t:|1699764656\n|start\n|switch|p1a: Victini|Victini|100\/100\n|switch|p2a: Charizard|Charizard, M|100\/100\n|turn|1\n|\n|t:|1699764667\n|detailschange|p2a: Charizard|Charizard-Mega-Y, M\n|-mega|p2a: Charizard|Charizard|Charizardite Y\n|-weather|SunnyDay|[from] ability: Drought|[of] p2a: Charizard\n|move|p1a: Victini|Bolt Strike|p2a: Charizard\n|-supereffective|p2a: Charizard\n|-damage|p2a: Charizard|0 fnt\n|faint|p2a: Charizard\n|\n|-weather|SunnyDay|[upkeep]\n|upkeep\n|\n|t:|1699764677\n|switch|p2a: Great Tusk|Great Tusk|100\/100\n|-activate|p2a: Great Tusk|ability: Protosynthesis\n|-start|p2a: Great Tusk|protosynthesisatk\n|turn|2\n|\n|t:|1699764686\n|switch|p1a: Altaria|Altaria, M, shiny|100\/100\n|move|p2a: Great Tusk|Rapid Spin|p1a: Altaria\n|-crit|p1a: Altaria\n|-damage|p1a: Altaria|61\/100\n|-boost|p2a: Great Tusk|spe|1\n|\n|-weather|SunnyDay|[upkeep]\n|upkeep\n|turn|3\n|\n|t:|1699764703\n|detailschange|p1a: Altaria|Altaria-Mega, M, shiny\n|-mega|p1a: Altaria|Altaria|Altarianite\n|move|p2a: Great Tusk|Ice Spinner|p1a: Altaria\n|-supereffective|p1a: Altaria\n|-damage|p1a: Altaria|0 fnt\n|faint|p1a: Altaria\n|\n|-weather|SunnyDay|[upkeep]\n|upkeep\n|\n|t:|1699764707\n|switch|p1a: Ninetales|Ninetales-Alola, F|100\/100\n|-weather|Snow|[from] ability: Snow Warning|[of] p1a: Ninetales\n|-end|p2a: Great Tusk|Protosynthesis\n|turn|4\n|\n|t:|1699764719\n|-end|p2a: Great Tusk|Protosynthesis|[silent]\n|switch|p2a: Torkoal|Torkoal, M|100\/100\n|-weather|SunnyDay|[from] ability: Drought|[of] p2a: Torkoal\n|switch|p1a: Victini|Victini|100\/100\n|\n|-weather|SunnyDay|[upkeep]\n|upkeep\n|turn|5\n|\n|t:|1699764730\n|-terastallize|p1a: Victini|Fire\n|-terastallize|p2a: Torkoal|Water\n|move|p1a: Victini|V-create|p2a: Torkoal\n|-resisted|p2a: Torkoal\n|-damage|p2a: Torkoal|38\/100\n|-unboost|p1a: Victini|spe|1\n|-unboost|p1a: Victini|def|1\n|-unboost|p1a: Victini|spd|1\n|move|p2a: Torkoal|Stealth Rock|p1a: Victini\n|-sidestart|p1: Bean of Destiny|move: Stealth Rock\n|\n|-weather|SunnyDay|[upkeep]\n|upkeep\n|turn|6\n|\n|t:|1699764744\n|switch|p2a: Hatterene|Hatterene, F|100\/100\n|move|p1a: Victini|V-create|p2a: Hatterene\n|-damage|p2a: Hatterene|0 fnt\n|-unboost|p1a: Victini|spe|1\n|-unboost|p1a: Victini|def|1\n|-unboost|p1a: Victini|spd|1\n|faint|p2a: Hatterene\n|\n|-weather|SunnyDay|[upkeep]\n|upkeep\n|\n|t:|1699764755\n|switch|p2a: Venusaur|Venusaur, F|100\/100\n|turn|7\n|\n|t:|1699764770\n|switch|p1a: Cofagrigus|Cofagrigus, M|100\/100\n|-damage|p1a: Cofagrigus|88\/100|[from] Stealth Rock\n|move|p2a: Venusaur|Earthquake|p1a: Cofagrigus\n|-damage|p1a: Cofagrigus|75\/100\n|\n|-weather|SunnyDay|[upkeep]\n|upkeep\n|turn|8\n|\n|t:|1699764781\n|move|p2a: Venusaur|Growth|p2a: Venusaur\n|-boost|p2a: Venusaur|atk|2\n|-boost|p2a: Venusaur|spa|2\n|move|p1a: Cofagrigus|Poltergeist||[still]\n|-fail|p1a: Cofagrigus\n|\n|-weather|SunnyDay|[upkeep]\n|upkeep\n|turn|9\n|\n|t:|1699764801\n|move|p2a: Venusaur|Giga Drain|p1a: Cofagrigus\n|-damage|p1a: Cofagrigus|23\/100\n|move|p1a: Cofagrigus|Curse|p2a: Venusaur\n|-start|p2a: Venusaur|Curse|[of] p1a: Cofagrigus\n|-damage|p1a: Cofagrigus|0 fnt\n|faint|p1a: Cofagrigus\n|\n|-weather|SunnyDay|[upkeep]\n|-damage|p2a: Venusaur|76\/100|[from] Curse\n|upkeep\n|\n|t:|1699764805\n|switch|p1a: Ninetales|Ninetales-Alola, F|100\/100\n|-damage|p1a: Ninetales|76\/100|[from] Stealth Rock\n|-weather|Snow|[from] ability: Snow Warning|[of] p1a: Ninetales\n|turn|10\n|\n|t:|1699764816\n|switch|p2a: Torkoal|Torkoal, M, tera:Water|38\/100\n|-weather|SunnyDay|[from] ability: Drought|[of] p2a: Torkoal\n|move|p1a: Ninetales|Freeze-Dry|p2a: Torkoal\n|-supereffective|p2a: Torkoal\n|-damage|p2a: Torkoal|0 fnt\n|faint|p2a: Torkoal\n|\n|-weather|SunnyDay|[upkeep]\n|upkeep\n|\n|t:|1699764826\n|switch|p2a: Darmanitan|Darmanitan, M|100\/100\n|turn|11\n|\n|t:|1699764841\n|switch|p1a: Cetitan|Cetitan, F, shiny|100\/100\n|-damage|p1a: Cetitan|76\/100|[from] Stealth Rock\n|move|p2a: Darmanitan|Flare Blitz|p1a: Cetitan\n|-supereffective|p1a: Cetitan\n|-damage|p1a: Cetitan|0 fnt\n|faint|p1a: Cetitan\n|-damage|p2a: Darmanitan|67\/100|[from] Recoil\n|\n|-weather|SunnyDay|[upkeep]\n|upkeep\n|\n|t:|1699764848\n|switch|p1a: Ninetales|Ninetales-Alola, F|76\/100\n|-damage|p1a: Ninetales|51\/100|[from] Stealth Rock\n|-weather|Snow|[from] ability: Snow Warning|[of] p1a: Ninetales\n|turn|12\n|\n|t:|1699764857\n|move|p2a: Darmanitan|Flare Blitz|p1a: Ninetales\n|-supereffective|p1a: Ninetales\n|-damage|p1a: Ninetales|0 fnt\n|faint|p1a: Ninetales\n|-damage|p2a: Darmanitan|53\/100|[from] Recoil\n|\n|-weather|Snow|[upkeep]\n|upkeep\n|\n|t:|1699764859\n|switch|p1a: Victini|Victini, tera:Fire|100\/100\n|-damage|p1a: Victini|76\/100|[from] Stealth Rock\n|turn|13\n|\n|t:|1699764869\n|move|p2a: Darmanitan|Flare Blitz|p1a: Victini\n|-resisted|p1a: Victini\n|-damage|p1a: Victini|33\/100\n|-damage|p2a: Darmanitan|39\/100|[from] Recoil\n|move|p1a: Victini|Zen Headbutt|p2a: Darmanitan\n|-damage|p2a: Darmanitan|0 fnt\n|faint|p2a: Darmanitan\n|\n|-weather|Snow|[upkeep]\n|upkeep\n|\n|t:|1699764879\n|switch|p2a: Great Tusk|Great Tusk|100\/100\n|turn|14\n|\n|t:|1699764894\n|switch|p1a: Torterra|Torterra, F, shiny|100\/100\n|-damage|p1a: Torterra|94\/100|[from] Stealth Rock\n|move|p2a: Great Tusk|Rapid Spin|p1a: Torterra\n|-damage|p1a: Torterra|76\/100\n|-boost|p2a: Great Tusk|spe|1\n|\n|-weather|Snow|[upkeep]\n|upkeep\n|turn|15\n|\n|t:|1699764904\n|-zpower|p2a: Great Tusk\n|move|p2a: Great Tusk|Subzero Slammer|p1a: Torterra|[zeffect]\n|-supereffective|p1a: Torterra\n|-damage|p1a: Torterra|0 fnt\n|faint|p1a: Torterra\n|\n|-weather|Snow|[upkeep]\n|upkeep\n|\n|t:|1699764906\n|switch|p1a: Victini|Victini, tera:Fire|33\/100\n|-damage|p1a: Victini|8\/100|[from] Stealth Rock\n|turn|16\n|\n|t:|1699764916\n|move|p2a: Great Tusk|Rapid Spin|p1a: Victini\n|-damage|p1a: Victini|0 fnt\n|-boost|p2a: Great Tusk|spe|1\n|faint|p1a: Victini\n|\n|win|a903608420\n|raw|Bean of Destiny's rating: 1295 &rarr; <strong>1262<\/strong><br \/>(-33 for losing)\n|raw|a903608420's rating: 1183 &rarr; <strong>1216<\/strong><br \/>(+33 for winning)\n","uploadtime":1699764940,"views":3,"p1id":"beanofdestiny","p2id":"a903608420","formatid":"gen9nationaldex","rating":1216,"private":0,"password":""}