{"id":"gen9nationaldex-1990852871","p1":"looking 4 horizons","p2":"amstanley","format":"[Gen 9] National Dex","log":"|j|\u2606looking 4 horizons\n|j|\u2606amstanley\n|inactive|Battle timer is ON: inactive players will automatically lose when time's up.\n|t:|1700007726\n|gametype|singles\n|player|p1|looking 4 horizons|silver-masters|\n|player|p2|amstanley|erika-masters|\n|teamsize|p1|6\n|teamsize|p2|6\n|gen|9\n|tier|[Gen 9] National Dex\n|rated|Tournament battle\n|rule|HP Percentage Mod: HP is shown in percentages\n|rule|Endless Battle Clause: Forcing endless battles is banned\n|rule|OHKO Clause: OHKO moves are banned\n|rule|Evasion Clause: Evasion abilities, items, and moves are banned\n|rule|Evasion Abilities Clause: Evasion abilities are banned\n|rule|Evasion Items Clause: Evasion items are banned\n|rule|Evasion Moves Clause: Evasion moves are banned\n|rule|Species Clause: Limit one of each Pok\u00e9mon\n|rule|Sleep Clause Mod: Limit one foe put to sleep\n|clearpoke\n|poke|p1|Gliscor, F|\n|poke|p1|Dondozo, F|\n|poke|p1|Aegislash, M|\n|poke|p1|Ampharos, M|\n|poke|p1|Chansey, F|\n|poke|p1|Tornadus-Therian, M|\n|poke|p2|Aegislash, M|\n|poke|p2|Kartana|\n|poke|p2|Zamazenta-*|\n|poke|p2|Slowking-Galar, M|\n|poke|p2|Alomomola, M|\n|poke|p2|Gliscor, F|\n|teampreview\n|\n|t:|1700007737\n|start\n|switch|p1a: Tornadus|Tornadus-Therian, M|100\/100\n|switch|p2a: STARGIRL INTERLUDE|Aegislash, M, shiny|100\/100\n|turn|1\n|\n|t:|1700007759\n|move|p1a: Tornadus|Knock Off|p2a: STARGIRL INTERLUDE\n|-supereffective|p2a: STARGIRL INTERLUDE\n|-damage|p2a: STARGIRL INTERLUDE|59\/100\n|-enditem|p2a: STARGIRL INTERLUDE|Choice Band|[from] move: Knock Off|[of] p1a: Tornadus\n|-formechange|p2a: STARGIRL INTERLUDE|Aegislash-Blade||[from] ability: Stance Change\n|move|p2a: STARGIRL INTERLUDE|Head Smash|p1a: Tornadus\n|-supereffective|p1a: Tornadus\n|-damage|p1a: Tornadus|0 fnt\n|faint|p1a: Tornadus\n|-damage|p2a: STARGIRL INTERLUDE|0 fnt|[from] Recoil\n|faint|p2a: STARGIRL INTERLUDE\n|\n|upkeep\n|c|\u2606looking 4 horizons|alright then\n|\n|t:|1700007770\n|switch|p1a: Gliscor|Gliscor, F|100\/100\n|switch|p2a: STYGIAN NYMPH|Gliscor, F|100\/100\n|turn|2\n|\n|t:|1700007784\n|move|p1a: Gliscor|Defog|p2a: STYGIAN NYMPH\n|-unboost|p2a: STYGIAN NYMPH|evasion|1\n|move|p2a: STYGIAN NYMPH|Stealth Rock|p1a: Gliscor\n|-sidestart|p1: looking 4 horizons|move: Stealth Rock\n|\n|-status|p2a: STYGIAN NYMPH|tox|[from] item: Toxic Orb\n|-status|p1a: Gliscor|tox|[from] item: Toxic Orb\n|upkeep\n|turn|3\n|\n|t:|1700007789\n|move|p1a: Gliscor|Defog|p2a: STYGIAN NYMPH\n|-unboost|p2a: STYGIAN NYMPH|evasion|1\n|-sideend|p1: looking 4 horizons|Stealth Rock|[from] move: Defog|[of] p1a: Gliscor\n|move|p2a: STYGIAN NYMPH|Stealth Rock|p1a: Gliscor\n|-sidestart|p1: looking 4 horizons|move: Stealth Rock\n|\n|upkeep\n|turn|4\n|\n|t:|1700007796\n|move|p1a: Gliscor|Toxic|p2a: STYGIAN NYMPH\n|-fail|p2a: STYGIAN NYMPH|tox\n|move|p2a: STYGIAN NYMPH|Stealth Rock||[still]\n|-fail|p2a: STYGIAN NYMPH\n|\n|upkeep\n|turn|5\n|j| XXMurdrXX\n|\n|t:|1700007802\n|move|p2a: STYGIAN NYMPH|Stealth Rock||[still]\n|-fail|p2a: STYGIAN NYMPH\n|move|p1a: Gliscor|Toxic|p2a: STYGIAN NYMPH\n|-fail|p2a: STYGIAN NYMPH|tox\n|\n|upkeep\n|turn|6\n|\n|t:|1700007819\n|move|p1a: Gliscor|Defog|p2a: STYGIAN NYMPH\n|-unboost|p2a: STYGIAN NYMPH|evasion|1\n|-sideend|p1: looking 4 horizons|Stealth Rock|[from] move: Defog|[of] p1a: Gliscor\n|move|p2a: STYGIAN NYMPH|Toxic|p1a: Gliscor\n|-fail|p1a: Gliscor|tox\n|\n|upkeep\n|turn|7\n|\n|t:|1700007843\n|move|p1a: Gliscor|Toxic|p2a: STYGIAN NYMPH\n|-fail|p2a: STYGIAN NYMPH|tox\n|move|p2a: STYGIAN NYMPH|Stealth Rock|p1a: Gliscor\n|-sidestart|p1: looking 4 horizons|move: Stealth Rock\n|\n|upkeep\n|turn|8\n|inactive|looking 4 horizons has 120 seconds left.\n|\n|t:|1700007862\n|switch|p2a: MEMENTO MORI|Slowking-Galar, M, shiny|100\/100\n|move|p1a: Gliscor|Toxic|p2a: MEMENTO MORI\n|-immune|p2a: MEMENTO MORI\n|\n|upkeep\n|turn|9\n|\n|t:|1700007869\n|move|p1a: Gliscor|Defog|p2a: MEMENTO MORI\n|-unboost|p2a: MEMENTO MORI|evasion|1\n|-sideend|p1: looking 4 horizons|Stealth Rock|[from] move: Defog|[of] p1a: Gliscor\n|move|p2a: MEMENTO MORI|Chilly Reception|p2a: MEMENTO MORI\n|-weather|Snow\n|\n|t:|1700007874\n|switch|p2a: ASTRAL DISSARRAY|Kartana|100\/100|[from] Chilly Reception\n|\n|-weather|Snow|[upkeep]\n|upkeep\n|turn|10\n|\n|t:|1700007892\n|switch|p1a: Aegislash|Aegislash, M|100\/100\n|move|p2a: ASTRAL DISSARRAY|Leaf Blade|p1a: Aegislash\n|-resisted|p1a: Aegislash\n|-damage|p1a: Aegislash|74\/100\n|\n|-weather|Snow|[upkeep]\n|-heal|p1a: Aegislash|80\/100|[from] item: Leftovers\n|upkeep\n|turn|11\n|\n|t:|1700007900\n|switch|p2a: STYGIAN NYMPH|Gliscor, F|100\/100 tox\n|-formechange|p1a: Aegislash|Aegislash-Blade||[from] ability: Stance Change\n|move|p1a: Aegislash|Shadow Ball|p2a: STYGIAN NYMPH\n|-damage|p2a: STYGIAN NYMPH|66\/100 tox\n|\n|-weather|Snow|[upkeep]\n|-heal|p1a: Aegislash|86\/100|[from] item: Leftovers\n|-heal|p2a: STYGIAN NYMPH|79\/100 tox|[from] ability: Poison Heal\n|upkeep\n|turn|12\n|\n|t:|1700007907\n|-formechange|p1a: Aegislash|Aegislash||[from] ability: Stance Change\n|move|p1a: Aegislash|King's Shield|p1a: Aegislash\n|-singleturn|p1a: Aegislash|Protect\n|move|p2a: STYGIAN NYMPH|Stealth Rock|p1a: Aegislash\n|-sidestart|p1: looking 4 horizons|move: Stealth Rock\n|\n|-weather|Snow|[upkeep]\n|-heal|p1a: Aegislash|93\/100|[from] item: Leftovers\n|-heal|p2a: STYGIAN NYMPH|91\/100 tox|[from] ability: Poison Heal\n|upkeep\n|turn|13\n|\n|t:|1700007914\n|switch|p2a: ASTRAL DISSARRAY|Kartana|100\/100\n|-formechange|p1a: Aegislash|Aegislash-Blade||[from] ability: Stance Change\n|move|p1a: Aegislash|Shadow Ball|p2a: ASTRAL DISSARRAY\n|-damage|p2a: ASTRAL DISSARRAY|0 fnt\n|faint|p2a: ASTRAL DISSARRAY\n|\n|-weather|none\n|-heal|p1a: Aegislash|99\/100|[from] item: Leftovers\n|upkeep\n|\n|t:|1700007917\n|switch|p2a: VERMILLION RIPOSTE|Alomomola, M|100\/100\n|turn|14\n|\n|t:|1700007921\n|move|p1a: Aegislash|Shadow Ball|p2a: VERMILLION RIPOSTE\n|-damage|p2a: VERMILLION RIPOSTE|60\/100\n|move|p2a: VERMILLION RIPOSTE|Wish|p2a: VERMILLION RIPOSTE\n|\n|-heal|p1a: Aegislash|100\/100|[from] item: Leftovers\n|upkeep\n|turn|15\n|\n|t:|1700007927\n|move|p1a: Aegislash|Toxic|p2a: VERMILLION RIPOSTE|[miss]\n|-miss|p1a: Aegislash|p2a: VERMILLION RIPOSTE\n|move|p2a: VERMILLION RIPOSTE|Flip Turn|p1a: Aegislash\n|-damage|p1a: Aegislash|67\/100\n|\n|t:|1700007931\n|switch|p2a: RESOLUTE CHAOS|Zamazenta, shiny|100\/100|[from] Flip Turn\n|-ability|p2a: RESOLUTE CHAOS|Dauntless Shield|boost\n|-boost|p2a: RESOLUTE CHAOS|def|1\n|\n|-heal|p1a: Aegislash|73\/100|[from] item: Leftovers\n|upkeep\n|turn|16\n|\n|t:|1700007935\n|-formechange|p1a: Aegislash|Aegislash||[from] ability: Stance Change\n|move|p1a: Aegislash|King's Shield|p1a: Aegislash\n|-singleturn|p1a: Aegislash|Protect\n|move|p2a: RESOLUTE CHAOS|Substitute|p2a: RESOLUTE CHAOS\n|-start|p2a: RESOLUTE CHAOS|Substitute\n|-damage|p2a: RESOLUTE CHAOS|75\/100\n|\n|-heal|p2a: RESOLUTE CHAOS|82\/100|[from] item: Leftovers\n|-heal|p1a: Aegislash|80\/100|[from] item: Leftovers\n|upkeep\n|turn|17\n|\n|t:|1700007941\n|switch|p2a: STYGIAN NYMPH|Gliscor, F|91\/100 tox\n|-formechange|p1a: Aegislash|Aegislash-Blade||[from] ability: Stance Change\n|move|p1a: Aegislash|Shadow Ball|p2a: STYGIAN NYMPH\n|-damage|p2a: STYGIAN NYMPH|57\/100 tox\n|-unboost|p2a: STYGIAN NYMPH|spd|1\n|\n|-heal|p1a: Aegislash|86\/100|[from] item: Leftovers\n|-heal|p2a: STYGIAN NYMPH|69\/100 tox|[from] ability: Poison Heal\n|upkeep\n|turn|18\n|\n|t:|1700007954\n|-formechange|p1a: Aegislash|Aegislash||[from] ability: Stance Change\n|move|p1a: Aegislash|King's Shield|p1a: Aegislash\n|-singleturn|p1a: Aegislash|Protect\n|move|p2a: STYGIAN NYMPH|Earthquake|p1a: Aegislash\n|-activate|p1a: Aegislash|move: Protect\n|\n|-heal|p1a: Aegislash|92\/100|[from] item: Leftovers\n|-heal|p2a: STYGIAN NYMPH|82\/100 tox|[from] ability: Poison Heal\n|upkeep\n|turn|19\n|\n|t:|1700007963\n|move|p2a: STYGIAN NYMPH|Earthquake|p1a: Aegislash\n|-supereffective|p1a: Aegislash\n|-damage|p1a: Aegislash|36\/100\n|-formechange|p1a: Aegislash|Aegislash-Blade||[from] ability: Stance Change\n|move|p1a: Aegislash|Shadow Ball|p2a: STYGIAN NYMPH\n|-damage|p2a: STYGIAN NYMPH|30\/100 tox\n|\n|-heal|p1a: Aegislash|42\/100|[from] item: Leftovers\n|-heal|p2a: STYGIAN NYMPH|42\/100 tox|[from] ability: Poison Heal\n|upkeep\n|turn|20\n|\n|t:|1700007974\n|-terastallize|p1a: Aegislash|Flying\n|move|p2a: STYGIAN NYMPH|Earthquake|p1a: Aegislash\n|-immune|p1a: Aegislash\n|move|p1a: Aegislash|Shadow Ball|p2a: STYGIAN NYMPH\n|-damage|p2a: STYGIAN NYMPH|0 fnt\n|faint|p2a: STYGIAN NYMPH\n|\n|-heal|p1a: Aegislash|49\/100|[from] item: Leftovers\n|upkeep\n|\n|t:|1700007982\n|switch|p2a: VERMILLION RIPOSTE|Alomomola, M|93\/100\n|turn|21\n|\n|t:|1700007990\n|move|p1a: Aegislash|Toxic|p2a: VERMILLION RIPOSTE\n|-status|p2a: VERMILLION RIPOSTE|tox\n|move|p2a: VERMILLION RIPOSTE|Toxic|p1a: Aegislash\n|-status|p1a: Aegislash|tox\n|\n|-heal|p1a: Aegislash|55\/100 tox|[from] item: Leftovers\n|-damage|p1a: Aegislash|49\/100 tox|[from] psn\n|-damage|p2a: VERMILLION RIPOSTE|87\/100 tox|[from] psn\n|upkeep\n|turn|22\n|j| SegaSunnyD\n|\n|t:|1700007995\n|move|p1a: Aegislash|Shadow Ball|p2a: VERMILLION RIPOSTE\n|-damage|p2a: VERMILLION RIPOSTE|46\/100 tox\n|move|p2a: VERMILLION RIPOSTE|Wish|p2a: VERMILLION RIPOSTE\n|\n|-heal|p1a: Aegislash|55\/100 tox|[from] item: Leftovers\n|-damage|p1a: Aegislash|42\/100 tox|[from] psn\n|-damage|p2a: VERMILLION RIPOSTE|34\/100 tox|[from] psn\n|upkeep\n|turn|23\n|l| SegaSunnyD\n|\n|t:|1700008000\n|move|p2a: VERMILLION RIPOSTE|Protect|p2a: VERMILLION RIPOSTE\n|-singleturn|p2a: VERMILLION RIPOSTE|Protect\n|move|p1a: Aegislash|Shadow Ball|p2a: VERMILLION RIPOSTE\n|-activate|p2a: VERMILLION RIPOSTE|move: Protect\n|\n|-heal|p2a: VERMILLION RIPOSTE|84\/100 tox|[from] move: Wish|[wisher] VERMILLION RIPOSTE\n|-heal|p1a: Aegislash|49\/100 tox|[from] item: Leftovers\n|-damage|p1a: Aegislash|30\/100 tox|[from] psn\n|-damage|p2a: VERMILLION RIPOSTE|66\/100 tox|[from] psn\n|upkeep\n|turn|24\n|inactive|amstanley has 120 seconds left.\n|j| Ambipongus\n|\n|t:|1700008051\n|move|p1a: Aegislash|Shadow Ball|p2a: VERMILLION RIPOSTE\n|-crit|p2a: VERMILLION RIPOSTE\n|-damage|p2a: VERMILLION RIPOSTE|8\/100 tox\n|move|p2a: VERMILLION RIPOSTE|Flip Turn|p1a: Aegislash\n|-damage|p1a: Aegislash|0 fnt\n|faint|p1a: Aegislash\n|\n|t:|1700008054\n|switch|p2a: MEMENTO MORI|Slowking-Galar, M, shiny|100\/100|[from] Flip Turn\n|\n|upkeep\n|\n|t:|1700008069\n|switch|p1a: Chansey|Chansey, F|100\/100\n|-damage|p1a: Chansey|88\/100|[from] Stealth Rock\n|turn|25\n|\n|t:|1700008090\n|move|p1a: Chansey|Seismic Toss|p2a: MEMENTO MORI\n|-damage|p2a: MEMENTO MORI|75\/100\n|move|p2a: MEMENTO MORI|Future Sight|p1a: Chansey\n|-start|p2a: MEMENTO MORI|move: Future Sight\n|\n|upkeep\n|turn|26\n|\n|t:|1700008100\n|move|p1a: Chansey|Seismic Toss|p2a: MEMENTO MORI\n|-damage|p2a: MEMENTO MORI|50\/100\n|move|p2a: MEMENTO MORI|Chilly Reception|p2a: MEMENTO MORI\n|-weather|Snow\n|\n|t:|1700008107\n|switch|p2a: RESOLUTE CHAOS|Zamazenta, shiny|82\/100|[from] Chilly Reception\n|\n|-weather|Snow|[upkeep]\n|-heal|p2a: RESOLUTE CHAOS|88\/100|[from] item: Leftovers\n|upkeep\n|turn|27\n|\n|t:|1700008119\n|move|p2a: RESOLUTE CHAOS|Body Press|p1a: Chansey\n|-supereffective|p1a: Chansey\n|-damage|p1a: Chansey|48\/100\n|move|p1a: Chansey|Seismic Toss|p2a: RESOLUTE CHAOS\n|-damage|p2a: RESOLUTE CHAOS|62\/100\n|\n|-weather|Snow|[upkeep]\n|-end|p1a: Chansey|move: Future Sight\n|-damage|p1a: Chansey|33\/100\n|-heal|p2a: RESOLUTE CHAOS|68\/100|[from] item: Leftovers\n|upkeep\n|turn|28\n|inactive|amstanley has 120 seconds left.\n|\n|t:|1700008152\n|switch|p1a: Dondozo|Dondozo, F|100\/100\n|-damage|p1a: Dondozo|88\/100|[from] Stealth Rock\n|move|p2a: RESOLUTE CHAOS|Body Press|p1a: Dondozo\n|-damage|p1a: Dondozo|73\/100\n|\n|-weather|Snow|[upkeep]\n|-heal|p2a: RESOLUTE CHAOS|74\/100|[from] item: Leftovers\n|-heal|p1a: Dondozo|79\/100|[from] item: Leftovers\n|upkeep\n|turn|29\n|\n|t:|1700008159\n|switch|p2a: MEMENTO MORI|Slowking-Galar, M, shiny|83\/100\n|move|p1a: Dondozo|Curse|p1a: Dondozo\n|-unboost|p1a: Dondozo|spe|1\n|-boost|p1a: Dondozo|atk|1\n|-boost|p1a: Dondozo|def|1\n|\n|-weather|Snow|[upkeep]\n|-heal|p1a: Dondozo|85\/100|[from] item: Leftovers\n|upkeep\n|turn|30\n|\n|t:|1700008164\n|move|p1a: Dondozo|Liquidation|p2a: MEMENTO MORI\n|-damage|p2a: MEMENTO MORI|34\/100\n|move|p2a: MEMENTO MORI|Sludge Bomb|p1a: Dondozo\n|-damage|p1a: Dondozo|51\/100\n|\n|-weather|none\n|-heal|p1a: Dondozo|57\/100|[from] item: Leftovers\n|upkeep\n|turn|31\n|\n|t:|1700008169\n|switch|p2a: VERMILLION RIPOSTE|Alomomola, M|42\/100 tox\n|move|p1a: Dondozo|Liquidation|p2a: VERMILLION RIPOSTE\n|-resisted|p2a: VERMILLION RIPOSTE\n|-damage|p2a: VERMILLION RIPOSTE|28\/100 tox\n|\n|-heal|p1a: Dondozo|63\/100|[from] item: Leftovers\n|-damage|p2a: VERMILLION RIPOSTE|22\/100 tox|[from] psn\n|upkeep\n|turn|32\n|\n|t:|1700008174\n|move|p2a: VERMILLION RIPOSTE|Wish|p2a: VERMILLION RIPOSTE\n|move|p1a: Dondozo|Liquidation|p2a: VERMILLION RIPOSTE\n|-resisted|p2a: VERMILLION RIPOSTE\n|-damage|p2a: VERMILLION RIPOSTE|9\/100 tox\n|\n|-heal|p1a: Dondozo|70\/100|[from] item: Leftovers\n|-damage|p2a: VERMILLION RIPOSTE|0 fnt|[from] psn\n|faint|p2a: VERMILLION RIPOSTE\n|upkeep\n|inactive|amstanley has 120 seconds left.\n|\n|t:|1700008199\n|switch|p2a: MEMENTO MORI|Slowking-Galar, M, shiny|68\/100\n|turn|33\n|\n|t:|1700008201\n|move|p1a: Dondozo|Liquidation|p2a: MEMENTO MORI\n|-damage|p2a: MEMENTO MORI|22\/100\n|move|p2a: MEMENTO MORI|Sludge Bomb|p1a: Dondozo\n|-damage|p1a: Dondozo|40\/100\n|\n|-heal|p2a: MEMENTO MORI|82\/100|[from] move: Wish|[wisher] VERMILLION RIPOSTE\n|-heal|p1a: Dondozo|46\/100|[from] item: Leftovers\n|upkeep\n|turn|34\n|\n|t:|1700008209\n|move|p1a: Dondozo|Liquidation|p2a: MEMENTO MORI\n|-damage|p2a: MEMENTO MORI|40\/100\n|move|p2a: MEMENTO MORI|Sludge Bomb|p1a: Dondozo\n|-damage|p1a: Dondozo|17\/100\n|\n|-heal|p1a: Dondozo|23\/100|[from] item: Leftovers\n|upkeep\n|turn|35\n|\n|t:|1700008216\n|move|p1a: Dondozo|Liquidation|p2a: MEMENTO MORI\n|-damage|p2a: MEMENTO MORI|0 fnt\n|faint|p2a: MEMENTO MORI\n|\n|-heal|p1a: Dondozo|29\/100|[from] item: Leftovers\n|upkeep\n|\n|t:|1700008219\n|switch|p2a: RESOLUTE CHAOS|Zamazenta, shiny|74\/100\n|turn|36\n|\n|t:|1700008223\n|move|p2a: RESOLUTE CHAOS|Body Press|p1a: Dondozo\n|-damage|p1a: Dondozo|19\/100\n|move|p1a: Dondozo|Rest|p1a: Dondozo\n|-status|p1a: Dondozo|slp|[from] move: Rest\n|-heal|p1a: Dondozo|100\/100 slp|[silent]\n|\n|-heal|p2a: RESOLUTE CHAOS|81\/100|[from] item: Leftovers\n|upkeep\n|turn|37\n|\n|t:|1700008227\n|move|p2a: RESOLUTE CHAOS|Body Press|p1a: Dondozo\n|-damage|p1a: Dondozo|91\/100 slp\n|cant|p1a: Dondozo|slp\n|move|p1a: Dondozo|Sleep Talk|p1a: Dondozo\n|move|p1a: Dondozo|Liquidation|p2a: RESOLUTE CHAOS|[from]move: Sleep Talk\n|-damage|p2a: RESOLUTE CHAOS|44\/100\n|-unboost|p2a: RESOLUTE CHAOS|def|1\n|\n|-heal|p2a: RESOLUTE CHAOS|50\/100|[from] item: Leftovers\n|-heal|p1a: Dondozo|98\/100 slp|[from] item: Leftovers\n|upkeep\n|turn|38\n|c|\u2606looking 4 horizons|ggwp\n|c|\u2606amstanley|gg\n|\n|t:|1700008234\n|move|p2a: RESOLUTE CHAOS|Body Press|p1a: Dondozo\n|-damage|p1a: Dondozo|88\/100 slp\n|cant|p1a: Dondozo|slp\n|\n|-heal|p2a: RESOLUTE CHAOS|57\/100|[from] item: Leftovers\n|-heal|p1a: Dondozo|95\/100 slp|[from] item: Leftovers\n|upkeep\n|turn|39\n|\n|t:|1700008237\n|move|p2a: RESOLUTE CHAOS|Body Press|p1a: Dondozo\n|-damage|p1a: Dondozo|85\/100 slp\n|-curestatus|p1a: Dondozo|slp|[msg]\n|move|p1a: Dondozo|Sleep Talk||[still]\n|-fail|p1a: Dondozo\n|\n|-heal|p2a: RESOLUTE CHAOS|63\/100|[from] item: Leftovers\n|-heal|p1a: Dondozo|91\/100|[from] item: Leftovers\n|upkeep\n|turn|40\n|\n|t:|1700008240\n|move|p2a: RESOLUTE CHAOS|Body Press|p1a: Dondozo\n|-damage|p1a: Dondozo|82\/100\n|move|p1a: Dondozo|Liquidation|p2a: RESOLUTE CHAOS\n|-damage|p2a: RESOLUTE CHAOS|32\/100\n|\n|-heal|p2a: RESOLUTE CHAOS|38\/100|[from] item: Leftovers\n|-heal|p1a: Dondozo|88\/100|[from] item: Leftovers\n|upkeep\n|turn|41\n|\n|t:|1700008242\n|move|p2a: RESOLUTE CHAOS|Body Press|p1a: Dondozo\n|-damage|p1a: Dondozo|79\/100\n|move|p1a: Dondozo|Liquidation|p2a: RESOLUTE CHAOS\n|-damage|p2a: RESOLUTE CHAOS|4\/100\n|\n|-heal|p2a: RESOLUTE CHAOS|10\/100|[from] item: Leftovers\n|-heal|p1a: Dondozo|85\/100|[from] item: Leftovers\n|upkeep\n|turn|42\n|\n|t:|1700008245\n|move|p2a: RESOLUTE CHAOS|Body Press|p1a: Dondozo\n|-damage|p1a: Dondozo|76\/100\n|move|p1a: Dondozo|Liquidation|p2a: RESOLUTE CHAOS\n|-crit|p2a: RESOLUTE CHAOS\n|-damage|p2a: RESOLUTE CHAOS|0 fnt\n|faint|p2a: RESOLUTE CHAOS\n|\n|win|looking 4 horizons\n|n|\u2606looking 4 horizons|looking4horizons\n|n|\u2606amstanley|amstanley\n|n| XXMurdrXX|xxmurdrxx\n|n| Ambipongus|ambipongus\n|l|\u2606amstanley\n|l| Ambipongus\n","uploadtime":1700008256,"views":5,"p1id":"looking4horizons","p2id":"amstanley","formatid":"gen9nationaldex","rating":0,"private":0,"password":""}