{"id":"gen9nationaldex-1988759690","p1":"flysix","p2":"ZHEGER","format":"[Gen 9] National Dex","log":"|j|\u2606flysix\n|j|\u2606ZHEGER\n|t:|1699759540\n|gametype|singles\n|player|p1|flysix|rosa|1473\n|player|p2|ZHEGER|170|1510\n|teamsize|p1|6\n|teamsize|p2|6\n|gen|9\n|tier|[Gen 9] National Dex\n|rated|\n|rule|HP Percentage Mod: HP is shown in percentages\n|rule|Endless Battle Clause: Forcing endless battles is banned\n|rule|OHKO Clause: OHKO moves are banned\n|rule|Evasion Clause: Evasion abilities, items, and moves are banned\n|rule|Evasion Abilities Clause: Evasion abilities are banned\n|rule|Evasion Items Clause: Evasion items are banned\n|rule|Evasion Moves Clause: Evasion moves are banned\n|rule|Species Clause: Limit one of each Pok\u00e9mon\n|rule|Sleep Clause Mod: Limit one foe put to sleep\n|clearpoke\n|poke|p1|Charizard, M|\n|poke|p1|Serperior, F|\n|poke|p1|Tyranitar, F|\n|poke|p1|Great Tusk|\n|poke|p1|Doublade, M|\n|poke|p1|Alomomola, M|\n|poke|p2|Latios, M|\n|poke|p2|Gardevoir, M|\n|poke|p2|Pawmot, F|\n|poke|p2|Cinderace, F|\n|poke|p2|Smeargle, M|\n|poke|p2|Hatterene, F|\n|teampreview\n|inactive|Battle timer is ON: inactive players will automatically lose when time's up. (requested by flysix)\n|\n|t:|1699759558\n|start\n|switch|p1a: Serperior|Serperior, F|100\/100\n|switch|p2a: Latios|Latios, M|100\/100\n|turn|1\n|\n|t:|1699759566\n|move|p1a: Serperior|Glare|p2a: Latios\n|-status|p2a: Latios|par\n|move|p2a: Latios|Simple Beam|p1a: Serperior\n|-endability|p1a: Serperior|Contrary|[from] move: Simple Beam\n|-ability|p1a: Serperior|Simple|[from] move: Simple Beam\n|\n|upkeep\n|turn|2\n|\n|t:|1699759575\n|switch|p1a: Doublade|Doublade, M|100\/100\n|switch|p2a: Gardevoir|Gardevoir, M|100\/100\n|-ability|p2a: Gardevoir|No Guard|[from] ability: Trace|[of] p1a: Doublade\n|\n|upkeep\n|turn|3\n|\n|t:|1699759584\n|switch|p2a: Hatterene|Hatterene, F|100\/100\n|move|p1a: Doublade|Gyro Ball|p2a: Hatterene\n|-supereffective|p2a: Hatterene\n|-damage|p2a: Hatterene|68\/100\n|-enditem|p2a: Hatterene|Eject Button\n|\n|t:|1699759587\n|switch|p2a: Smeargle|Smeargle, M|100\/100\n|\n|upkeep\n|turn|4\n|\n|t:|1699759592\n|move|p2a: Smeargle|Simple Beam|p1a: Doublade\n|-endability|p1a: Doublade|No Guard|[from] move: Simple Beam\n|-ability|p1a: Doublade|Simple|[from] move: Simple Beam\n|move|p1a: Doublade|Close Combat|p2a: Smeargle\n|-supereffective|p2a: Smeargle\n|-enditem|p2a: Smeargle|Focus Sash\n|-damage|p2a: Smeargle|1\/100\n|-unboost|p1a: Doublade|def|2\n|-unboost|p1a: Doublade|spd|2\n|\n|upkeep\n|turn|5\n|\n|t:|1699759603\n|move|p2a: Smeargle|Memento|p1a: Doublade\n|-unboost|p1a: Doublade|atk|4\n|-unboost|p1a: Doublade|spa|4\n|faint|p2a: Smeargle\n|move|p1a: Doublade|Gyro Ball|p2: Smeargle|[notarget]\n|-fail|p1a: Doublade\n|\n|upkeep\n|\n|t:|1699759607\n|switch|p2a: Gardevoir|Gardevoir, M|100\/100\n|-ability|p2a: Gardevoir|Simple|[from] ability: Trace|[of] p1a: Doublade\n|turn|6\n|\n|t:|1699759612\n|switch|p1a: Serperior|Serperior, F|100\/100\n|move|p2a: Gardevoir|Calm Mind|p2a: Gardevoir\n|-boost|p2a: Gardevoir|spa|2\n|-boost|p2a: Gardevoir|spd|2\n|\n|upkeep\n|turn|7\n|\n|t:|1699759617\n|move|p1a: Serperior|Glare|p2a: Gardevoir\n|-status|p2a: Gardevoir|par\n|move|p2a: Gardevoir|Calm Mind|p2a: Gardevoir\n|-boost|p2a: Gardevoir|spa|2\n|-boost|p2a: Gardevoir|spd|2\n|\n|upkeep\n|turn|8\n|\n|t:|1699759627\n|move|p1a: Serperior|Substitute|p1a: Serperior\n|-start|p1a: Serperior|Substitute\n|-damage|p1a: Serperior|76\/100\n|move|p2a: Gardevoir|Stored Power|p1a: Serperior\n|-end|p1a: Serperior|Substitute\n|\n|-heal|p1a: Serperior|82\/100|[from] item: Leftovers\n|upkeep\n|turn|9\n|\n|t:|1699759646\n|move|p1a: Serperior|Substitute|p1a: Serperior\n|-start|p1a: Serperior|Substitute\n|-damage|p1a: Serperior|57\/100\n|move|p2a: Gardevoir|Stored Power|p1a: Serperior\n|-end|p1a: Serperior|Substitute\n|\n|-heal|p1a: Serperior|63\/100|[from] item: Leftovers\n|upkeep\n|turn|10\n|inactive|ZHEGER has 120 seconds left.\n|\n|t:|1699759690\n|switch|p1a: Tyranitar|Tyranitar, F|100\/100\n|-weather|Sandstorm|[from] ability: Sand Stream|[of] p1a: Tyranitar\n|cant|p2a: Gardevoir|par\n|\n|-weather|Sandstorm|[upkeep]\n|-damage|p2a: Gardevoir|94\/100 par|[from] Sandstorm\n|upkeep\n|turn|11\n|\n|t:|1699759698\n|move|p1a: Tyranitar|Knock Off|p2a: Gardevoir\n|-damage|p2a: Gardevoir|56\/100 par\n|-enditem|p2a: Gardevoir|Kee Berry|[from] move: Knock Off|[of] p1a: Tyranitar\n|cant|p2a: Gardevoir|par\n|\n|-weather|Sandstorm|[upkeep]\n|-damage|p2a: Gardevoir|50\/100 par|[from] Sandstorm\n|upkeep\n|turn|12\n|\n|t:|1699759706\n|move|p1a: Tyranitar|Stealth Rock|p2a: Gardevoir\n|-sidestart|p2: ZHEGER|move: Stealth Rock\n|cant|p2a: Gardevoir|par\n|\n|-weather|Sandstorm|[upkeep]\n|-damage|p2a: Gardevoir|44\/100 par|[from] Sandstorm\n|upkeep\n|turn|13\n|\n|t:|1699759710\n|move|p1a: Tyranitar|Knock Off|p2a: Gardevoir\n|-damage|p2a: Gardevoir|16\/100 par\n|cant|p2a: Gardevoir|par\n|\n|-weather|Sandstorm|[upkeep]\n|-damage|p2a: Gardevoir|10\/100 par|[from] Sandstorm\n|upkeep\n|turn|14\n|\n|t:|1699759725\n|move|p1a: Tyranitar|Knock Off|p2a: Gardevoir\n|-damage|p2a: Gardevoir|0 fnt\n|faint|p2a: Gardevoir\n|\n|-weather|none\n|upkeep\n|-message|ZHEGER forfeited.\n|\n|win|flysix\n|raw|flysix's rating: 1473 &rarr; <strong>1495<\/strong><br \/>(+22 for winning)\n|raw|ZHEGER's rating: 1510 &rarr; <strong>1488<\/strong><br \/>(-22 for losing)\n|l|\u2606ZHEGER\n","uploadtime":1699759738,"views":4,"p1id":"flysix","p2id":"zheger","formatid":"gen9nationaldex","rating":1488,"private":0,"password":""}