{"id":"gen9nationaldex-1987388019","p1":"SpecsGastr0","p2":"wutuobangzhongren","format":"[Gen 9] National Dex","log":"|j|\u2606SpecsGastr0\n|j|\u203dwutuobangzhongren\n|t:|1699584956\n|gametype|singles\n|player|p1|SpecsGastr0|colress|1136\n|player|p2|wutuobangzhongren|caitlin|1160\n|teamsize|p1|6\n|teamsize|p2|6\n|gen|9\n|tier|[Gen 9] National Dex\n|rated|\n|rule|HP Percentage Mod: HP is shown in percentages\n|rule|Endless Battle Clause: Forcing endless battles is banned\n|rule|OHKO Clause: OHKO moves are banned\n|rule|Evasion Clause: Evasion abilities, items, and moves are banned\n|rule|Evasion Abilities Clause: Evasion abilities are banned\n|rule|Evasion Items Clause: Evasion items are banned\n|rule|Evasion Moves Clause: Evasion moves are banned\n|rule|Species Clause: Limit one of each Pok\u00e9mon\n|rule|Sleep Clause Mod: Limit one foe put to sleep\n|clearpoke\n|poke|p1|Bellibolt, F|\n|poke|p1|Slowbro, F|\n|poke|p1|Arcanine-Hisui, M|\n|poke|p1|Swampert, M|\n|poke|p1|Lurantis, F|\n|poke|p1|Drifblim, M|\n|poke|p2|Arcanine-Hisui, M|\n|poke|p2|Charizard, M|\n|poke|p2|Great Tusk|\n|poke|p2|Samurott-Hisui, F|\n|poke|p2|Sneasler, F|\n|poke|p2|Tapu Koko|\n|teampreview\n|inactive|Battle timer is ON: inactive players will automatically lose when time's up. (requested by wutuobangzhongren)\n|\n|t:|1699584977\n|start\n|switch|p1a: Suwako|Bellibolt, F|100\/100\n|switch|p2a: Charizard|Charizard, M|100\/100\n|turn|1\n|\n|t:|1699584988\n|detailschange|p2a: Charizard|Charizard-Mega-Y, M\n|-mega|p2a: Charizard|Charizard|Charizardite Y\n|-weather|SunnyDay|[from] ability: Drought|[of] p2a: Charizard\n|move|p2a: Charizard|Weather Ball|p1a: Suwako\n|-damage|p1a: Suwako|44\/100\n|-start|p1a: Suwako|Charge|Weather Ball|[from] ability: Electromorphosis\n|move|p1a: Suwako|Muddy Water|p2a: Charizard\n|-supereffective|p2a: Charizard\n|-damage|p2a: Charizard|80\/100\n|\n|-weather|SunnyDay|[upkeep]\n|-heal|p1a: Suwako|50\/100|[from] item: Leftovers\n|upkeep\n|turn|2\n|inactive|SpecsGastr0 has 120 seconds left.\n|\n|t:|1699585024\n|switch|p1a: Lieutenant Garr|Arcanine-Hisui, M|100\/100\n|move|p2a: Charizard|Weather Ball|p1a: Lieutenant Garr\n|-resisted|p1a: Lieutenant Garr\n|-damage|p1a: Lieutenant Garr|71\/100\n|\n|-weather|SunnyDay|[upkeep]\n|upkeep\n|turn|3\n|inactive|SpecsGastr0 has 120 seconds left.\n|\n|t:|1699585042\n|switch|p2a: Great Tusk|Great Tusk|100\/100\n|-activate|p2a: Great Tusk|ability: Protosynthesis\n|-start|p2a: Great Tusk|protosynthesisspe\n|move|p1a: Lieutenant Garr|Head Smash|p2a: Great Tusk\n|-resisted|p2a: Great Tusk\n|-damage|p2a: Great Tusk|85\/100\n|\n|-weather|SunnyDay|[upkeep]\n|-heal|p2a: Great Tusk|91\/100|[from] item: Leftovers\n|upkeep\n|turn|4\n|\n|t:|1699585065\n|switch|p1a: Hot Pants|Lurantis, F|100\/100\n|move|p2a: Great Tusk|Headlong Rush|p1a: Hot Pants\n|-resisted|p1a: Hot Pants\n|-damage|p1a: Hot Pants|73\/100\n|-unboost|p2a: Great Tusk|def|1\n|-unboost|p2a: Great Tusk|spd|1\n|\n|-weather|SunnyDay|[upkeep]\n|-heal|p2a: Great Tusk|98\/100|[from] item: Leftovers\n|-heal|p1a: Hot Pants|79\/100|[from] item: Leftovers\n|upkeep\n|turn|5\n|\n|t:|1699585084\n|-end|p2a: Great Tusk|Protosynthesis|[silent]\n|switch|p2a: Charizard|Charizard-Mega-Y, M|80\/100\n|move|p1a: Hot Pants|Leaf Storm|p2a: Charizard\n|-resisted|p2a: Charizard\n|-damage|p2a: Charizard|72\/100\n|-boost|p1a: Hot Pants|spa|2\n|\n|-weather|none\n|-heal|p1a: Hot Pants|85\/100|[from] item: Leftovers\n|upkeep\n|turn|6\n|\n|t:|1699585102\n|switch|p1a: Slowsis|Slowbro, F, shiny|100\/100\n|move|p2a: Charizard|Air Slash|p1a: Slowsis\n|-damage|p1a: Slowsis|54\/100\n|\n|upkeep\n|turn|7\n|inactive|SpecsGastr0 has 90 seconds left.\n|\n|t:|1699585120\n|switch|p2a: Tapu Koko|Tapu Koko|100\/100\n|-fieldstart|move: Electric Terrain|[from] ability: Electric Surge|[of] p2a: Tapu Koko\n|switch|p1a: Lieutenant Garr|Arcanine-Hisui, M|71\/100\n|\n|upkeep\n|turn|8\n|inactive|SpecsGastr0 has 90 seconds left.\n|\n|t:|1699585134\n|switch|p1a: Suwako|Bellibolt, F|50\/100\n|move|p2a: Tapu Koko|Thunderbolt|p1a: Suwako\n|-resisted|p1a: Suwako\n|-damage|p1a: Suwako|26\/100\n|-start|p1a: Suwako|Charge|Thunderbolt|[from] ability: Electromorphosis\n|\n|-heal|p1a: Suwako|32\/100|[from] item: Leftovers\n|upkeep\n|turn|9\n|\n|t:|1699585160\n|switch|p2a: Samurott|Samurott-Hisui, F|100\/100\n|move|p1a: Suwako|Slack Off|p1a: Suwako\n|-heal|p1a: Suwako|82\/100\n|\n|-heal|p1a: Suwako|88\/100|[from] item: Leftovers\n|upkeep\n|turn|10\n|\n|t:|1699585174\n|move|p2a: Samurott|Ceaseless Edge|p1a: Suwako\n|-crit|p1a: Suwako\n|-damage|p1a: Suwako|25\/100\n|-start|p1a: Suwako|Charge|Ceaseless Edge|[from] ability: Electromorphosis\n|-sidestart|p1: SpecsGastr0|Spikes\n|move|p1a: Suwako|Thunderbolt|p2a: Samurott\n|-supereffective|p2a: Samurott\n|-damage|p2a: Samurott|0 fnt\n|faint|p2a: Samurott\n|-end|p1a: Suwako|Charge|[silent]\n|\n|-heal|p1a: Suwako|31\/100|[from] item: Leftovers\n|upkeep\n|\n|t:|1699585179\n|switch|p2a: Charizard|Charizard-Mega-Y, M|72\/100\n|-weather|SunnyDay|[from] ability: Drought|[of] p2a: Charizard\n|turn|11\n|inactive|SpecsGastr0 has 90 seconds left.\n|\n|t:|1699585206\n|switch|p1a: Lieutenant Garr|Arcanine-Hisui, M|71\/100\n|-damage|p1a: Lieutenant Garr|59\/100|[from] Spikes\n|move|p2a: Charizard|Weather Ball|p1a: Lieutenant Garr\n|-resisted|p1a: Lieutenant Garr\n|-crit|p1a: Lieutenant Garr\n|-damage|p1a: Lieutenant Garr|17\/100\n|\n|-weather|SunnyDay|[upkeep]\n|-fieldend|move: Electric Terrain\n|upkeep\n|turn|12\n|inactive|SpecsGastr0 has 90 seconds left.\n|\n|t:|1699585217\n|switch|p2a: Great Tusk|Great Tusk|98\/100\n|-activate|p2a: Great Tusk|ability: Protosynthesis\n|-start|p2a: Great Tusk|protosynthesisspe\n|move|p1a: Lieutenant Garr|Extreme Speed|p2a: Great Tusk\n|-damage|p2a: Great Tusk|74\/100\n|\n|-weather|SunnyDay|[upkeep]\n|-heal|p2a: Great Tusk|80\/100|[from] item: Leftovers\n|upkeep\n|turn|13\n|inactive|SpecsGastr0 has 90 seconds left.\n|\n|t:|1699585230\n|switch|p1a: Hot Pants|Lurantis, F|85\/100\n|-damage|p1a: Hot Pants|73\/100|[from] Spikes\n|move|p2a: Great Tusk|Headlong Rush|p1a: Hot Pants\n|-resisted|p1a: Hot Pants\n|-damage|p1a: Hot Pants|43\/100\n|-unboost|p2a: Great Tusk|def|1\n|-unboost|p2a: Great Tusk|spd|1\n|\n|-weather|SunnyDay|[upkeep]\n|-heal|p2a: Great Tusk|86\/100|[from] item: Leftovers\n|-heal|p1a: Hot Pants|49\/100|[from] item: Leftovers\n|upkeep\n|turn|14\n|inactive|SpecsGastr0 has 90 seconds left.\n|\n|t:|1699585241\n|move|p2a: Great Tusk|Ice Spinner|p1a: Hot Pants\n|-supereffective|p1a: Hot Pants\n|-damage|p1a: Hot Pants|0 fnt\n|faint|p1a: Hot Pants\n|\n|-weather|SunnyDay|[upkeep]\n|-heal|p2a: Great Tusk|92\/100|[from] item: Leftovers\n|upkeep\n|\n|t:|1699585270\n|switch|p1a: Slowsis|Slowbro, F, shiny|87\/100\n|-damage|p1a: Slowsis|75\/100|[from] Spikes\n|turn|15\n|\n|t:|1699585280\n|-end|p2a: Great Tusk|Protosynthesis|[silent]\n|switch|p2a: Tapu Koko|Tapu Koko|100\/100\n|-fieldstart|move: Electric Terrain|[from] ability: Electric Surge|[of] p2a: Tapu Koko\n|move|p1a: Slowsis|Toxic|p2a: Tapu Koko\n|-status|p2a: Tapu Koko|tox\n|\n|-weather|none\n|-damage|p2a: Tapu Koko|94\/100 tox|[from] psn\n|upkeep\n|turn|16\n|\n|t:|1699585292\n|switch|p1a: Potemkin|Swampert, M|100\/100\n|-damage|p1a: Potemkin|88\/100|[from] Spikes\n|move|p2a: Tapu Koko|U-turn|p1a: Potemkin\n|-damage|p1a: Potemkin|69\/100\n|\n|t:|1699585312\n|switch|p2a: Sneasler|Sneasler, F|100\/100|[from] U-turn\n|-enditem|p2a: Sneasler|Electric Seed\n|-boost|p2a: Sneasler|def|1|[from] item: Electric Seed\n|\n|upkeep\n|turn|17\n|\n|t:|1699585329\n|detailschange|p1a: Potemkin|Swampert-Mega, M\n|-mega|p1a: Potemkin|Swampert|Swampertite\n|-terastallize|p2a: Sneasler|Flying\n|move|p2a: Sneasler|Swords Dance|p2a: Sneasler\n|-boost|p2a: Sneasler|atk|2\n|move|p1a: Potemkin|Earthquake|p2a: Sneasler\n|-immune|p2a: Sneasler\n|\n|upkeep\n|turn|18\n|\n|t:|1699585340\n|move|p2a: Sneasler|Acrobatics|p1a: Potemkin\n|-damage|p1a: Potemkin|0 fnt\n|faint|p1a: Potemkin\n|\n|upkeep\n|\n|t:|1699585351\n|switch|p1a: Slowsis|Slowbro, F, shiny|100\/100\n|-damage|p1a: Slowsis|88\/100|[from] Spikes\n|turn|19\n|\n|t:|1699585365\n|move|p2a: Sneasler|Swords Dance|p2a: Sneasler\n|-boost|p2a: Sneasler|atk|2\n|move|p1a: Slowsis|Future Sight|p2a: Sneasler\n|-start|p1a: Slowsis|move: Future Sight\n|\n|-fieldend|move: Electric Terrain\n|upkeep\n|turn|20\n|\n|t:|1699585372\n|move|p2a: Sneasler|Acrobatics|p1a: Slowsis\n|-damage|p1a: Slowsis|0 fnt\n|-damage|p2a: Sneasler|84\/100|[from] item: Rocky Helmet|[of] p1a: Slowsis\n|faint|p1a: Slowsis\n|\n|upkeep\n|\n|t:|1699585379\n|switch|p1a: Lieutenant Garr|Arcanine-Hisui, M|17\/100\n|-damage|p1a: Lieutenant Garr|5\/100|[from] Spikes\n|turn|21\n|\n|t:|1699585382\n|move|p1a: Lieutenant Garr|Extreme Speed|p2a: Sneasler\n|-damage|p2a: Sneasler|42\/100\n|move|p2a: Sneasler|Acrobatics|p1a: Lieutenant Garr\n|-resisted|p1a: Lieutenant Garr\n|-damage|p1a: Lieutenant Garr|0 fnt\n|faint|p1a: Lieutenant Garr\n|\n|-end|p2a: Sneasler|move: Future Sight\n|-damage|p2a: Sneasler|0 fnt\n|faint|p2a: Sneasler\n|upkeep\n|inactive|SpecsGastr0 has 90 seconds left.\n|\n|t:|1699585396\n|switch|p2a: Arcanine|Arcanine-Hisui, M|100\/100\n|switch|p1a: Hisoutensoku|Drifblim, M, shiny|100\/100\n|turn|22\n|\n|t:|1699585405\n|-terastallize|p1a: Hisoutensoku|Ghost\n|move|p2a: Arcanine|Head Smash|p1a: Hisoutensoku|[miss]\n|-miss|p2a: Arcanine|p1a: Hisoutensoku\n|move|p1a: Hisoutensoku|Strength Sap|p2a: Arcanine\n|-unboost|p2a: Arcanine|atk|1\n|\n|-status|p1a: Hisoutensoku|brn|[from] item: Flame Orb\n|upkeep\n|turn|23\n|\n|t:|1699585417\n|switch|p2a: Tapu Koko|Tapu Koko|94\/100 tox\n|-fieldstart|move: Electric Terrain|[from] ability: Electric Surge|[of] p2a: Tapu Koko\n|move|p1a: Hisoutensoku|Shadow Ball|p2a: Tapu Koko\n|-damage|p2a: Tapu Koko|0 fnt\n|faint|p2a: Tapu Koko\n|\n|-damage|p1a: Hisoutensoku|94\/100 brn|[from] brn\n|upkeep\n|\n|t:|1699585432\n|switch|p2a: Charizard|Charizard-Mega-Y, M|72\/100\n|-weather|SunnyDay|[from] ability: Drought|[of] p2a: Charizard\n|turn|24\n|\n|t:|1699585437\n|move|p2a: Charizard|Weather Ball|p1a: Hisoutensoku\n|-damage|p1a: Hisoutensoku|0 fnt\n|faint|p1a: Hisoutensoku\n|\n|-weather|SunnyDay|[upkeep]\n|upkeep\n|\n|t:|1699585442\n|switch|p1a: Suwako|Bellibolt, F|31\/100\n|-damage|p1a: Suwako|19\/100|[from] Spikes\n|turn|25\n|\n|t:|1699585446\n|move|p2a: Charizard|Weather Ball|p1a: Suwako\n|-damage|p1a: Suwako|0 fnt\n|faint|p1a: Suwako\n|\n|win|wutuobangzhongren\n|raw|SpecsGastr0's rating: 1136 &rarr; <strong>1113<\/strong><br \/>(-23 for losing)\n|raw|wutuobangzhongren's rating: 1160 &rarr; <strong>1183<\/strong><br \/>(+23 for winning)\n|l|\u203dwutuobangzhongren\n","uploadtime":1699585453,"views":6,"p1id":"specsgastr0","p2id":"wutuobangzhongren","formatid":"gen9nationaldex","rating":1113,"private":0,"password":""}