{"id":"gen9nationaldex-1992047329","p1":"liuyu6666","p2":"Jackson4516","format":"[Gen 9] National Dex","log":"|j|\u2606liuyu6666\n|j|\u2606Jackson4516\n|t:|1700150651\n|gametype|singles\n|player|p1|liuyu6666|iono|1399\n|player|p2|Jackson4516|170|1465\n|teamsize|p1|6\n|teamsize|p2|6\n|gen|9\n|tier|[Gen 9] National Dex\n|rated|\n|rule|HP Percentage Mod: HP is shown in percentages\n|rule|Endless Battle Clause: Forcing endless battles is banned\n|rule|OHKO Clause: OHKO moves are banned\n|rule|Evasion Clause: Evasion abilities, items, and moves are banned\n|rule|Evasion Abilities Clause: Evasion abilities are banned\n|rule|Evasion Items Clause: Evasion items are banned\n|rule|Evasion Moves Clause: Evasion moves are banned\n|rule|Species Clause: Limit one of each Pok\u00e9mon\n|rule|Sleep Clause Mod: Limit one foe put to sleep\n|clearpoke\n|poke|p1|Weavile, M|\n|poke|p1|Landorus-Therian, M|\n|poke|p1|Zapdos|\n|poke|p1|Volcanion|\n|poke|p1|Ursaluna, M|\n|poke|p1|Kartana|\n|poke|p2|Tapu Koko|\n|poke|p2|Iron Valiant|\n|poke|p2|Sneasler, M|\n|poke|p2|Iron Moth|\n|poke|p2|Landorus-Therian, M|\n|poke|p2|Scizor, F|\n|teampreview\n|inactive|Battle timer is ON: inactive players will automatically lose when time's up. (requested by liuyu6666)\n|\n|t:|1700150656\n|start\n|switch|p1a: Weavile|Weavile, M|100\/100\n|switch|p2a: Tapu Koko|Tapu Koko|100\/100\n|-fieldstart|move: Electric Terrain|[from] ability: Electric Surge|[of] p2a: Tapu Koko\n|-ability|p1a: Weavile|Pressure\n|turn|1\n|\n|t:|1700150662\n|move|p2a: Tapu Koko|U-turn|p1a: Weavile\n|-supereffective|p1a: Weavile\n|-damage|p1a: Weavile|46\/100\n|\n|t:|1700150671\n|switch|p2a: Iron Moth|Iron Moth|100\/100|[from] U-turn\n|-activate|p2a: Iron Moth|ability: Quark Drive\n|-start|p2a: Iron Moth|quarkdrivespe\n|move|p1a: Weavile|Triple Axel|p2a: Iron Moth\n|-resisted|p2a: Iron Moth\n|-damage|p2a: Iron Moth|89\/100\n|-resisted|p2a: Iron Moth\n|-damage|p2a: Iron Moth|67\/100\n|-resisted|p2a: Iron Moth\n|-damage|p2a: Iron Moth|35\/100\n|-hitcount|p2a: Iron Moth|3\n|\n|upkeep\n|turn|2\n|\n|t:|1700150685\n|switch|p1a: Volcanion|Volcanion|100\/100\n|move|p2a: Iron Moth|Fiery Dance|p1a: Volcanion\n|-resisted|p1a: Volcanion\n|-damage|p1a: Volcanion|90\/100\n|\n|upkeep\n|turn|3\n|\n|t:|1700150695\n|-terastallize|p2a: Iron Moth|Ground\n|move|p2a: Iron Moth|Tera Blast|p1a: Volcanion|[anim] Tera Blast Ground\n|-supereffective|p1a: Volcanion\n|-damage|p1a: Volcanion|8\/100\n|move|p1a: Volcanion|Steam Eruption|p2a: Iron Moth\n|-supereffective|p2a: Iron Moth\n|-damage|p2a: Iron Moth|0 fnt\n|faint|p2a: Iron Moth\n|-end|p2a: Iron Moth|Quark Drive|[silent]\n|\n|upkeep\n|c|\u2606Jackson4516|Well then\n|\n|t:|1700150712\n|switch|p2a: Iron Valiant|Iron Valiant|100\/100\n|-activate|p2a: Iron Valiant|ability: Quark Drive\n|-start|p2a: Iron Valiant|quarkdrivespe\n|turn|4\n|\n|t:|1700150725\n|move|p2a: Iron Valiant|Moonblast|p1a: Volcanion\n|-resisted|p1a: Volcanion\n|-damage|p1a: Volcanion|0 fnt\n|faint|p1a: Volcanion\n|-damage|p2a: Iron Valiant|91\/100|[from] item: Life Orb\n|\n|upkeep\n|inactive|liuyu6666 has 120 seconds left.\n|\n|t:|1700150752\n|switch|p1a: Landorus|Landorus-Therian, M|100\/100\n|-ability|p1a: Landorus|Intimidate|boost\n|-unboost|p2a: Iron Valiant|atk|1\n|turn|5\n|\n|t:|1700150759\n|-end|p2a: Iron Valiant|Quark Drive|[silent]\n|switch|p2a: Landorus|Landorus-Therian, M|100\/100\n|-ability|p2a: Landorus|Intimidate|boost\n|-unboost|p1a: Landorus|atk|1\n|move|p1a: Landorus|Earthquake|p2a: Landorus\n|-immune|p2a: Landorus\n|\n|upkeep\n|turn|6\n|\n|t:|1700150767\n|move|p2a: Landorus|Hidden Power|p1a: Landorus\n|-supereffective|p1a: Landorus\n|-damage|p1a: Landorus|61\/100\n|move|p1a: Landorus|Stealth Rock|p2a: Landorus\n|-sidestart|p2: Jackson4516|move: Stealth Rock\n|\n|-heal|p1a: Landorus|67\/100|[from] item: Leftovers\n|upkeep\n|turn|7\n|\n|t:|1700150788\n|move|p2a: Landorus|Defog|p1a: Landorus\n|-unboost|p1a: Landorus|evasion|1\n|-sideend|p2: Jackson4516|Stealth Rock|[from] move: Defog|[of] p2a: Landorus\n|-fieldend|move: Electric Terrain\n|move|p1a: Landorus|U-turn|p2a: Landorus\n|-resisted|p2a: Landorus\n|-damage|p2a: Landorus|93\/100\n|-enditem|p2a: Landorus|Eject Button\n|\n|t:|1700150794\n|switch|p2a: Tapu Koko|Tapu Koko|100\/100\n|-fieldstart|move: Electric Terrain|[from] ability: Electric Surge|[of] p2a: Tapu Koko\n|\n|-heal|p1a: Landorus|73\/100|[from] item: Leftovers\n|upkeep\n|turn|8\n|\n|t:|1700150802\n|move|p2a: Tapu Koko|Hidden Power|p1a: Landorus\n|-supereffective|p1a: Landorus\n|-damage|p1a: Landorus|24\/100\n|move|p1a: Landorus|Stealth Rock|p2a: Tapu Koko\n|-sidestart|p2: Jackson4516|move: Stealth Rock\n|\n|-heal|p1a: Landorus|30\/100|[from] item: Leftovers\n|upkeep\n|turn|9\n|\n|t:|1700150810\n|switch|p1a: Weavile|Weavile, M|46\/100\n|-ability|p1a: Weavile|Pressure\n|move|p2a: Tapu Koko|Hidden Power|p1a: Weavile\n|-resisted|p1a: Weavile\n|-damage|p1a: Weavile|34\/100\n|\n|upkeep\n|turn|10\n|\n|t:|1700150826\n|switch|p1a: Zapdos|Zapdos|100\/100\n|move|p2a: Tapu Koko|U-turn|p1a: Zapdos\n|-resisted|p1a: Zapdos\n|-damage|p1a: Zapdos|95\/100\n|\n|t:|1700150838\n|switch|p2a: Iron Valiant|Iron Valiant|91\/100|[from] U-turn\n|-damage|p2a: Iron Valiant|85\/100|[from] Stealth Rock\n|-activate|p2a: Iron Valiant|ability: Quark Drive\n|-start|p2a: Iron Valiant|quarkdrivespe\n|\n|upkeep\n|turn|11\n|\n|t:|1700150846\n|move|p2a: Iron Valiant|Moonblast|p1a: Zapdos\n|-damage|p1a: Zapdos|33\/100\n|-unboost|p1a: Zapdos|spa|1\n|-damage|p2a: Iron Valiant|75\/100|[from] item: Life Orb\n|move|p1a: Zapdos|Hurricane|p2a: Iron Valiant\n|-supereffective|p2a: Iron Valiant\n|-damage|p2a: Iron Valiant|0 fnt\n|faint|p2a: Iron Valiant\n|-end|p2a: Iron Valiant|Quark Drive|[silent]\n|\n|upkeep\n|\n|t:|1700150856\n|switch|p2a: Sneasler|Sneasler, M|100\/100\n|-damage|p2a: Sneasler|95\/100|[from] Stealth Rock\n|-enditem|p2a: Sneasler|Electric Seed\n|-boost|p2a: Sneasler|def|1|[from] item: Electric Seed\n|turn|12\n|\n|t:|1700150868\n|switch|p1a: Landorus|Landorus-Therian, M|30\/100\n|-ability|p1a: Landorus|Intimidate|boost\n|-unboost|p2a: Sneasler|atk|1\n|move|p2a: Sneasler|Dire Claw|p1a: Landorus\n|-resisted|p1a: Landorus\n|-damage|p1a: Landorus|17\/100\n|\n|-heal|p1a: Landorus|23\/100|[from] item: Leftovers\n|upkeep\n|turn|13\n|\n|t:|1700150876\n|move|p2a: Sneasler|Acrobatics|p1a: Landorus\n|-damage|p1a: Landorus|0 fnt\n|faint|p1a: Landorus\n|\n|upkeep\n|\n|t:|1700150887\n|switch|p1a: Zapdos|Zapdos|33\/100\n|turn|14\n|\n|t:|1700150892\n|move|p2a: Sneasler|Dire Claw|p1a: Zapdos\n|-damage|p1a: Zapdos|12\/100\n|-status|p1a: Zapdos|slp\n|cant|p1a: Zapdos|slp\n|\n|-fieldend|move: Electric Terrain\n|upkeep\n|turn|15\n|\n|t:|1700150919\n|switch|p1a: Ursaluna|Ursaluna, M|100\/100\n|move|p2a: Sneasler|Swords Dance|p2a: Sneasler\n|-boost|p2a: Sneasler|atk|2\n|\n|-status|p1a: Ursaluna|brn|[from] item: Flame Orb\n|upkeep\n|turn|16\n|\n|t:|1700150934\n|-terastallize|p1a: Ursaluna|Grass\n|move|p2a: Sneasler|Close Combat|p1a: Ursaluna\n|-damage|p1a: Ursaluna|16\/100 brn\n|-unboost|p2a: Sneasler|def|1\n|-unboost|p2a: Sneasler|spd|1\n|move|p1a: Ursaluna|Facade|p2a: Sneasler\n|-damage|p2a: Sneasler|0 fnt\n|faint|p2a: Sneasler\n|\n|-damage|p1a: Ursaluna|10\/100 brn|[from] brn\n|upkeep\n|\n|t:|1700150937\n|switch|p2a: Scizor|Scizor, F, shiny|100\/100\n|-damage|p2a: Scizor|88\/100|[from] Stealth Rock\n|turn|17\n|\n|t:|1700150945\n|detailschange|p2a: Scizor|Scizor-Mega, F, shiny\n|-mega|p2a: Scizor|Scizor|Scizorite\n|move|p2a: Scizor|Bullet Punch|p1a: Ursaluna\n|-damage|p1a: Ursaluna|0 fnt\n|faint|p1a: Ursaluna\n|\n|upkeep\n|\n|t:|1700150952\n|switch|p1a: Kartana|Kartana|100\/100\n|turn|18\n|\n|t:|1700150960\n|switch|p2a: Landorus|Landorus-Therian, M|93\/100\n|-damage|p2a: Landorus|81\/100|[from] Stealth Rock\n|-ability|p2a: Landorus|Intimidate|boost\n|-unboost|p1a: Kartana|atk|1\n|move|p1a: Kartana|Sacred Sword|p2a: Landorus\n|-resisted|p2a: Landorus\n|-damage|p2a: Landorus|69\/100\n|\n|upkeep\n|turn|19\n|\n|t:|1700150969\n|switch|p1a: Zapdos|Zapdos|12\/100 slp\n|move|p2a: Landorus|Defog|p1a: Zapdos\n|-unboost|p1a: Zapdos|evasion|1\n|-sideend|p2: Jackson4516|Stealth Rock|[from] move: Defog|[of] p2a: Landorus\n|\n|upkeep\n|turn|20\n|\n|t:|1700150974\n|move|p2a: Landorus|Hidden Power|p1a: Zapdos\n|-supereffective|p1a: Zapdos\n|-damage|p1a: Zapdos|0 fnt\n|faint|p1a: Zapdos\n|\n|upkeep\n|\n|t:|1700150976\n|switch|p1a: Weavile|Weavile, M|34\/100\n|-ability|p1a: Weavile|Pressure\n|turn|21\n|\n|t:|1700150984\n|move|p1a: Weavile|Triple Axel|p2a: Landorus\n|-supereffective|p2a: Landorus\n|-damage|p2a: Landorus|14\/100\n|-hitcount|p2a: Landorus|1\n|move|p2a: Landorus|U-turn|p1a: Weavile\n|-supereffective|p1a: Weavile\n|-damage|p1a: Weavile|0 fnt\n|faint|p1a: Weavile\n|\n|t:|1700150992\n|switch|p2a: Scizor|Scizor-Mega, F, shiny|88\/100|[from] U-turn\n|\n|upkeep\n|\n|t:|1700150998\n|switch|p1a: Kartana|Kartana|100\/100\n|turn|22\n|\n|t:|1700151001\n|move|p1a: Kartana|Sacred Sword|p2a: Scizor\n|-damage|p2a: Scizor|52\/100\n|move|p2a: Scizor|Close Combat|p1a: Kartana\n|-supereffective|p1a: Kartana\n|-damage|p1a: Kartana|1\/100\n|-unboost|p2a: Scizor|def|1\n|-unboost|p2a: Scizor|spd|1\n|\n|upkeep\n|turn|23\n|-message|liuyu6666 forfeited.\n|\n|win|Jackson4516\n|raw|liuyu6666's rating: 1399 &rarr; <strong>1383<\/strong><br \/>(-16 for losing)\n|raw|Jackson4516's rating: 1465 &rarr; <strong>1481<\/strong><br \/>(+16 for winning)\n|l|\u2606liuyu6666\n|c|\u2606Jackson4516|Gg\n","uploadtime":1700151016,"views":6,"p1id":"liuyu6666","p2id":"jackson4516","formatid":"gen9nationaldex","rating":1383,"private":0,"password":""}