{"id":"gen9nationaldex-1996406015","p1":"DearNya","p2":"DutchyGold","format":"[Gen 9] National Dex","log":"|html|<div class=\"broadcast-blue\"><strong>[Gen 9] National Dex is currently suspecting Sneasler! For information on how to participate check out the <a href=\"https:\/\/www.smogon.com\/forums\/threads\/sv-national-dex-suspect-8-just-dance.3731534\/\">suspect thread<\/a>.<\/strong><\/div>\n|j|\u2606DearNya\n|j|\u2606DutchyGold\n|t:|1700678956\n|gametype|singles\n|player|p1|DearNya|kris-masters|\n|player|p2|DutchyGold|guzma|\n|teamsize|p1|6\n|teamsize|p2|6\n|gen|9\n|tier|[Gen 9] National Dex\n|rule|HP Percentage Mod: HP is shown in percentages\n|rule|Endless Battle Clause: Forcing endless battles is banned\n|rule|OHKO Clause: OHKO moves are banned\n|rule|Evasion Clause: Evasion abilities, items, and moves are banned\n|rule|Evasion Abilities Clause: Evasion abilities are banned\n|rule|Evasion Items Clause: Evasion items are banned\n|rule|Evasion Moves Clause: Evasion moves are banned\n|rule|Species Clause: Limit one of each Pok\u00e9mon\n|rule|Sleep Clause Mod: Limit one foe put to sleep\n|clearpoke\n|poke|p1|Grimmsnarl, M|\n|poke|p1|Tapu Lele|\n|poke|p1|Clefable, M|\n|poke|p1|Tapu Fini|\n|poke|p1|Mimikyu, F|\n|poke|p1|Weezing-Galar, M|\n|poke|p2|Tapu Koko|\n|poke|p2|Scolipede, F|\n|poke|p2|Scizor, M|\n|poke|p2|Volcarona, M|\n|poke|p2|Serperior, F|\n|poke|p2|Manaphy|\n|teampreview\n|\n|t:|1700679002\n|start\n|switch|p1a: Weezing|Weezing-Galar, M|100\/100\n|switch|p2a: Tapu Koko|Tapu Koko|100\/100\n|-ability|p1a: Weezing|Neutralizing Gas\n|turn|1\n|j| real kyao\n|\n|t:|1700679016\n|move|p2a: Tapu Koko|Light Screen|p2a: Tapu Koko\n|-sidestart|p2: DutchyGold|move: Light Screen\n|move|p1a: Weezing|Toxic Spikes|p2a: Tapu Koko\n|-sidestart|p2: DutchyGold|move: Toxic Spikes\n|\n|upkeep\n|turn|2\n|c|\u2606DearNya|ngl\n|\n|t:|1700679025\n|move|p2a: Tapu Koko|Reflect|p2a: Tapu Koko\n|-sidestart|p2: DutchyGold|Reflect\n|move|p1a: Weezing|Toxic Spikes|p2a: Tapu Koko\n|-sidestart|p2: DutchyGold|move: Toxic Spikes\n|\n|upkeep\n|turn|3\n|c|\u2606DearNya|this is the first time i see the 3D sprite of weezing\n|c|\u2606DearNya|what the fuck is this\n|c|\u2606DutchyGold|a whole factory\n|\n|t:|1700679066\n|switch|p2a: Scolipede|Scolipede, F|100\/100\n|-sideend|p2: DutchyGold|move: Toxic Spikes|[of] p2a: Scolipede\n|move|p1a: Weezing|Sludge Bomb|p2a: Scolipede\n|-resisted|p2a: Scolipede\n|-damage|p2a: Scolipede|88\/100\n|\n|upkeep\n|turn|4\n|\n|t:|1700679088\n|-end|p1a: Weezing|ability: Neutralizing Gas\n|switch|p1a: Grimmsnarl|Grimmsnarl, M|100\/100\n|move|p2a: Scolipede|Swords Dance|p2a: Scolipede\n|-boost|p2a: Scolipede|atk|2\n|\n|-ability|p2a: Scolipede|Speed Boost|boost\n|-boost|p2a: Scolipede|spe|1\n|upkeep\n|turn|5\n|c|\u2606DearNya|Ye im not warmed up mb\n|\n|t:|1700679105\n|move|p1a: Grimmsnarl|Reflect|p1a: Grimmsnarl\n|-sidestart|p1: DearNya|Reflect\n|move|p2a: Scolipede|Poison Jab|p1a: Grimmsnarl\n|-supereffective|p1a: Grimmsnarl\n|-damage|p1a: Grimmsnarl|5\/100\n|\n|-ability|p2a: Scolipede|Speed Boost|boost\n|-boost|p2a: Scolipede|spe|1\n|upkeep\n|turn|6\n|\n|t:|1700679118\n|move|p1a: Grimmsnarl|Taunt|p2a: Scolipede\n|-start|p2a: Scolipede|move: Taunt\n|move|p2a: Scolipede|Poison Jab|p1a: Grimmsnarl\n|-supereffective|p1a: Grimmsnarl\n|-damage|p1a: Grimmsnarl|0 fnt\n|faint|p1a: Grimmsnarl\n|\n|-ability|p2a: Scolipede|Speed Boost|boost\n|-boost|p2a: Scolipede|spe|1\n|upkeep\n|\n|t:|1700679141\n|switch|p1a: Tapu Lele|Tapu Lele|100\/100\n|-fieldstart|move: Psychic Terrain|[from] ability: Psychic Surge|[of] p1a: Tapu Lele\n|turn|7\n|\n|t:|1700679164\n|move|p2a: Scolipede|Poison Jab|p1a: Tapu Lele\n|-supereffective|p1a: Tapu Lele\n|-damage|p1a: Tapu Lele|0 fnt\n|faint|p1a: Tapu Lele\n|\n|-ability|p2a: Scolipede|Speed Boost|boost\n|-boost|p2a: Scolipede|spe|1\n|upkeep\n|\n|t:|1700679205\n|switch|p1a: Mimikyu|Mimikyu, F|100\/100\n|turn|8\n|\n|t:|1700679237\n|move|p2a: Scolipede|Poison Jab|p1a: Mimikyu\n|-activate|p1a: Mimikyu|ability: Disguise\n|-damage|p1a: Mimikyu|100\/100\n|detailschange|p1a: Mimikyu|Mimikyu-Busted, F\n|-damage|p1a: Mimikyu|88\/100|[from] pokemon: Mimikyu-Busted\n|move|p1a: Mimikyu|Swords Dance|p1a: Mimikyu\n|-boost|p1a: Mimikyu|atk|2\n|\n|-end|p2a: Scolipede|move: Taunt\n|-sideend|p2: DutchyGold|move: Light Screen\n|-ability|p2a: Scolipede|Speed Boost|boost\n|-boost|p2a: Scolipede|spe|1\n|upkeep\n|turn|9\n|c|\u2606DearNya|welp\n|c|\u2606DearNya|lots of fun ng\n|\n|t:|1700679256\n|move|p1a: Mimikyu|Shadow Sneak|p2a: Scolipede\n|-activate|p2a: Scolipede|move: Psychic Terrain\n|move|p2a: Scolipede|Poison Jab|p1a: Mimikyu\n|-damage|p1a: Mimikyu|21\/100\n|\n|-sideend|p2: DutchyGold|Reflect\n|-ability|p2a: Scolipede|Speed Boost|boost\n|-boost|p2a: Scolipede|spe|1\n|upkeep\n|turn|10\n|\n|t:|1700679279\n|move|p1a: Mimikyu|Shadow Sneak|p2a: Scolipede\n|-activate|p2a: Scolipede|move: Psychic Terrain\n|move|p2a: Scolipede|Poison Jab|p1a: Mimikyu\n|-damage|p1a: Mimikyu|0 fnt\n|faint|p1a: Mimikyu\n|\n|upkeep\n|c|\u2606DearNya|i\n|c|\u2606DearNya|am tired\n|c|\u2606DearNya|okay\n|c|\u2606DearNya|XD\n|c|\u2606DearNya|fdshjiuogsdaihgdsajhigdijhs+\n|c|\u2606DutchyGold|it's fine xD\n|\n|t:|1700679300\n|switch|p1a: Clefable|Clefable, M|100\/100\n|turn|11\n|c|\u2606DearNya|I mean not rly\n|c|\u2606DutchyGold|I tend to forget as well\n|c|\u2606DearNya|im just getting swept by a mon i have no real counterplay to\n|\n|t:|1700679316\n|move|p2a: Scolipede|Poison Jab|p1a: Clefable\n|-supereffective|p1a: Clefable\n|-damage|p1a: Clefable|41\/100\n|move|p1a: Clefable|Flamethrower|p2a: Scolipede\n|-supereffective|p2a: Scolipede\n|-damage|p2a: Scolipede|0 fnt\n|faint|p2a: Scolipede\n|\n|-fieldend|move: Psychic Terrain\n|upkeep\n|c|\u2606DearNya|okay\n|c|\u2606DearNya|one counterplay\n|c|\u2606DearNya|XD\n|c|\u2606DearNya|unaware would probs be better ngl\n|c| real kyao|yeah\n|\n|t:|1700679354\n|switch|p2a: Tapu Koko|Tapu Koko|100\/100\n|-fieldstart|move: Electric Terrain|[from] ability: Electric Surge|[of] p2a: Tapu Koko\n|turn|12\n|c|\u2606DearNya|but i dont think it fits into budget\n|c| real kyao|Unaware is much better here i'd say, since you have misty terrain anyway\n|\n|t:|1700679372\n|move|p2a: Tapu Koko|Taunt|p1a: Clefable\n|-start|p1a: Clefable|move: Taunt\n|cant|p1a: Clefable|move: Taunt|Calm Mind\n|\n|-sideend|p1: DearNya|Reflect\n|upkeep\n|turn|13\n|c|\u2606DearNya|oh ye\n|c|\u2606DearNya|forgot you knew my set aaa\n|\n|t:|1700679382\n|switch|p1a: Weezing|Weezing-Galar, M|100\/100\n|-ability|p1a: Weezing|Neutralizing Gas\n|move|p2a: Tapu Koko|Light Screen|p2a: Tapu Koko\n|-sidestart|p2: DutchyGold|move: Light Screen\n|\n|upkeep\n|turn|14\n|\n|t:|1700679389\n|move|p2a: Tapu Koko|Reflect|p2a: Tapu Koko\n|-sidestart|p2: DutchyGold|Reflect\n|move|p1a: Weezing|Sludge Bomb|p2a: Tapu Koko\n|-supereffective|p2a: Tapu Koko\n|-damage|p2a: Tapu Koko|67\/100\n|\n|upkeep\n|turn|15\n|\n|t:|1700679398\n|-end|p1a: Weezing|ability: Neutralizing Gas\n|switch|p1a: Tapu Fini|Tapu Fini|100\/100\n|-fieldstart|move: Misty Terrain|[from] ability: Misty Surge|[of] p1a: Tapu Fini\n|move|p2a: Tapu Koko|Taunt|p1a: Tapu Fini\n|-start|p1a: Tapu Fini|move: Taunt\n|\n|upkeep\n|turn|16\n|\n|t:|1700679415\n|switch|p2a: Serperior|Serperior, F|100\/100\n|switch|p1a: Weezing|Weezing-Galar, M|100\/100\n|-ability|p1a: Weezing|Neutralizing Gas\n|\n|upkeep\n|turn|17\n|\n|t:|1700679448\n|switch|p2a: Manaphy|Manaphy|100\/100\n|move|p1a: Weezing|Sludge Bomb|p2a: Manaphy\n|-damage|p2a: Manaphy|88\/100\n|\n|-heal|p2a: Manaphy|94\/100|[from] item: Leftovers\n|upkeep\n|turn|18\n|\n|t:|1700679460\n|-end|p1a: Weezing|ability: Neutralizing Gas\n|switch|p1a: Tapu Fini|Tapu Fini|100\/100\n|move|p2a: Manaphy|Tail Glow|p2a: Manaphy\n|-boost|p2a: Manaphy|spa|3\n|\n|-heal|p2a: Manaphy|99\/100|[from] item: Leftovers\n|upkeep\n|turn|19\n|\n|t:|1700679482\n|move|p2a: Manaphy|Tail Glow|p2a: Manaphy\n|-boost|p2a: Manaphy|spa|3\n|move|p1a: Tapu Fini|Calm Mind|p1a: Tapu Fini\n|-boost|p1a: Tapu Fini|spa|1\n|-boost|p1a: Tapu Fini|spd|1\n|\n|-heal|p2a: Manaphy|100\/100|[from] item: Leftovers\n|-fieldend|Misty Terrain\n|upkeep\n|turn|20\n|\n|t:|1700679491\n|move|p2a: Manaphy|Energy Ball|p1a: Tapu Fini\n|-supereffective|p1a: Tapu Fini\n|-damage|p1a: Tapu Fini|0 fnt\n|faint|p1a: Tapu Fini\n|\n|-sideend|p2: DutchyGold|move: Light Screen\n|upkeep\n|c|\u2606DearNya|ah yeeessss\n|c|\u2606DearNya|mb\n|c|\u2606DearNya|why did they not ban that thing again while we're at it?\n|\n|t:|1700679503\n|switch|p1a: Weezing|Weezing-Galar, M|100\/100\n|-ability|p1a: Weezing|Neutralizing Gas\n|turn|21\n|\n|t:|1700679510\n|move|p2a: Manaphy|Surf|p1a: Weezing\n|-crit|p1a: Weezing\n|-damage|p1a: Weezing|0 fnt\n|faint|p1a: Weezing\n|-end|p1a: Weezing|ability: Neutralizing Gas\n|\n|-sideend|p2: DutchyGold|Reflect\n|upkeep\n|\n|t:|1700679512\n|switch|p1a: Clefable|Clefable, M|41\/100\n|turn|22\n|\n|t:|1700679514\n|move|p2a: Manaphy|Surf|p1a: Clefable\n|-damage|p1a: Clefable|0 fnt\n|faint|p1a: Clefable\n|\n|win|DutchyGold\n","uploadtime":1700679520,"views":1,"p1id":"dearnya","p2id":"dutchygold","formatid":"gen9nationaldex","rating":0,"private":0,"password":""}