{"id":"gen9nationaldex-1997459395","p1":"Leuphorex","p2":"Oumo","format":"[Gen 9] National Dex","log":"|html|<div class=\"broadcast-blue\"><strong>[Gen 9] National Dex is currently suspecting Sneasler! For information on how to participate check out the <a href=\"https:\/\/www.smogon.com\/forums\/threads\/sv-national-dex-suspect-8-just-dance.3731534\/\">suspect thread<\/a>.<\/strong><\/div>\n|j|\u2606Leuphorex\n|j|\u2606Oumo\n|t:|1700809023\n|gametype|singles\n|player|p1|Leuphorex|emmet|1180\n|player|p2|Oumo|n|1058\n|teamsize|p1|6\n|teamsize|p2|6\n|gen|9\n|tier|[Gen 9] National Dex\n|rated|\n|rule|HP Percentage Mod: HP is shown in percentages\n|rule|Endless Battle Clause: Forcing endless battles is banned\n|rule|OHKO Clause: OHKO moves are banned\n|rule|Evasion Clause: Evasion abilities, items, and moves are banned\n|rule|Evasion Abilities Clause: Evasion abilities are banned\n|rule|Evasion Items Clause: Evasion items are banned\n|rule|Evasion Moves Clause: Evasion moves are banned\n|rule|Species Clause: Limit one of each Pok\u00e9mon\n|rule|Sleep Clause Mod: Limit one foe put to sleep\n|clearpoke\n|poke|p1|Alakazam, F|\n|poke|p1|Whimsicott, M|\n|poke|p1|Bisharp, F|\n|poke|p1|Ferrothorn, M|\n|poke|p1|Greninja-*, F|\n|poke|p1|Umbreon, F|\n|poke|p2|Corviknight, F|\n|poke|p2|Zoroark, F|\n|poke|p2|Manectric, M|\n|poke|p2|Scolipede, F|\n|poke|p2|Orbeetle, F|\n|poke|p2|Cinccino, F|\n|teampreview\n|c|\u2606Oumo|gl hf\n|\n|t:|1700809044\n|start\n|switch|p1a: Pique nique|Ferrothorn, M, shiny|100\/100\n|switch|p2a: Hivemind|Orbeetle, F|100\/100\n|-item|p1a: Pique nique|Rocky Helmet|[from] ability: Frisk|[of] p2a: Hivemind|[identify]\n|turn|1\n|inactive|Battle timer is ON: inactive players will automatically lose when time's up. (requested by Oumo)\n|\n|t:|1700809050\n|move|p2a: Hivemind|Sticky Web|p1a: Pique nique\n|-sidestart|p1: Leuphorex|move: Sticky Web\n|move|p1a: Pique nique|Stealth Rock|p2a: Hivemind\n|-sidestart|p2: Oumo|move: Stealth Rock\n|\n|upkeep\n|turn|2\n|\n|t:|1700809060\n|move|p2a: Hivemind|Reflect|p2a: Hivemind\n|-sidestart|p2: Oumo|Reflect\n|move|p1a: Pique nique|Leech Seed|p2a: Hivemind\n|-start|p2a: Hivemind|move: Leech Seed\n|\n|-damage|p2a: Hivemind|88\/100|[from] Leech Seed|[of] p1a: Pique nique\n|upkeep\n|turn|3\n|\n|t:|1700809065\n|move|p2a: Hivemind|U-turn|p1a: Pique nique\n|-damage|p1a: Pique nique|91\/100\n|-damage|p2a: Hivemind|76\/100|[from] ability: Iron Barbs|[of] p1a: Pique nique\n|-damage|p2a: Hivemind|59\/100|[from] item: Rocky Helmet|[of] p1a: Pique nique\n|\n|t:|1700809072\n|switch|p2a: Jeopardy|Corviknight, F, shiny|100\/100|[from] U-turn\n|-damage|p2a: Jeopardy|88\/100|[from] Stealth Rock\n|move|p1a: Pique nique|Toxic|p2a: Jeopardy\n|-immune|p2a: Jeopardy\n|\n|upkeep\n|turn|4\n|\n|t:|1700809083\n|move|p2a: Jeopardy|Bulk Up|p2a: Jeopardy\n|-boost|p2a: Jeopardy|atk|1\n|-boost|p2a: Jeopardy|def|1\n|move|p1a: Pique nique|Leech Seed|p2a: Jeopardy\n|-start|p2a: Jeopardy|move: Leech Seed\n|\n|-damage|p2a: Jeopardy|76\/100|[from] Leech Seed|[of] p1a: Pique nique\n|-heal|p1a: Pique nique|100\/100|[silent]\n|upkeep\n|turn|5\n|\n|t:|1700809096\n|switch|p1a: Toxic|Whimsicott, M, shiny|100\/100\n|-activate|p1a: Toxic|move: Sticky Web\n|-unboost|p1a: Toxic|spe|1\n|move|p2a: Jeopardy|Bulk Up|p2a: Jeopardy\n|-boost|p2a: Jeopardy|atk|1\n|-boost|p2a: Jeopardy|def|1\n|\n|-damage|p2a: Jeopardy|64\/100|[from] Leech Seed|[of] p1a: Toxic\n|upkeep\n|turn|6\n|\n|t:|1700809105\n|move|p1a: Toxic|Taunt|p2a: Jeopardy\n|-start|p2a: Jeopardy|move: Taunt\n|cant|p2a: Jeopardy|move: Taunt|Roost\n|\n|-damage|p2a: Jeopardy|51\/100|[from] Leech Seed|[of] p1a: Toxic\n|upkeep\n|turn|7\n|\n|t:|1700809123\n|switch|p2a: Sun|Manectric, M|100\/100\n|-damage|p2a: Sun|88\/100|[from] Stealth Rock\n|move|p1a: Toxic|Encore||[still]\n|-fail|p1a: Toxic\n|\n|upkeep\n|turn|8\n|\n|t:|1700809137\n|detailschange|p2a: Sun|Manectric-Mega, M\n|-mega|p2a: Sun|Manectric|Manectite\n|-ability|p2a: Sun|Intimidate|boost\n|-unboost|p1a: Toxic|atk|1\n|move|p1a: Toxic|Tailwind|p1a: Toxic\n|-sidestart|p1: Leuphorex|move: Tailwind\n|move|p2a: Sun|Flamethrower|p1a: Toxic\n|-supereffective|p1a: Toxic\n|-damage|p1a: Toxic|14\/100\n|\n|upkeep\n|turn|9\n|\n|t:|1700809146\n|move|p1a: Toxic|Memento|p2a: Sun\n|-unboost|p2a: Sun|atk|2\n|-unboost|p2a: Sun|spa|2\n|faint|p1a: Toxic\n|move|p2a: Sun|Volt Switch|p1: Toxic|[notarget]\n|-fail|p2a: Sun\n|\n|-sideend|p2: Oumo|Reflect\n|upkeep\n|\n|t:|1700809155\n|switch|p1a: Cass\u00e9|Bisharp, F, shiny|100\/100\n|-activate|p1a: Cass\u00e9|move: Sticky Web\n|-unboost|p1a: Cass\u00e9|spe|1\n|-ability|p1a: Cass\u00e9|Defiant|boost\n|-boost|p1a: Cass\u00e9|atk|2\n|turn|10\n|\n|t:|1700809161\n|switch|p2a: Jeopardy|Corviknight, F, shiny|51\/100\n|-damage|p2a: Jeopardy|39\/100|[from] Stealth Rock\n|move|p1a: Cass\u00e9|Rock Polish|p1a: Cass\u00e9\n|-boost|p1a: Cass\u00e9|spe|2\n|\n|upkeep\n|turn|11\n|\n|t:|1700809174\n|move|p1a: Cass\u00e9|Brick Break|p2a: Jeopardy\n|-damage|p2a: Jeopardy|0 fnt\n|faint|p2a: Jeopardy\n|-damage|p1a: Cass\u00e9|91\/100|[from] item: Life Orb\n|\n|-sideend|p1: Leuphorex|move: Tailwind\n|upkeep\n|\n|t:|1700809195\n|switch|p2a: Queen|Cinccino, F|100\/100\n|-damage|p2a: Queen|88\/100|[from] Stealth Rock\n|turn|12\n|inactive|Oumo has 120 seconds left.\n|\n|t:|1700809223\n|-terastallize|p2a: Queen|Ghost\n|-terastallize|p1a: Cass\u00e9|Dark\n|move|p2a: Queen|Triple Axel|p1a: Cass\u00e9\n|-damage|p1a: Cass\u00e9|84\/100\n|-damage|p1a: Cass\u00e9|69\/100\n|-damage|p1a: Cass\u00e9|46\/100\n|-hitcount|p1a: Cass\u00e9|3\n|move|p1a: Cass\u00e9|Iron Head|p2a: Queen\n|-damage|p2a: Queen|0 fnt\n|faint|p2a: Queen\n|-damage|p1a: Cass\u00e9|36\/100|[from] item: Life Orb\n|\n|upkeep\n|\n|t:|1700809250\n|switch|p2a: Truth|Scolipede, F|100\/100\n|-damage|p2a: Truth|88\/100|[from] Stealth Rock\n|turn|13\n|\n|t:|1700809259\n|move|p1a: Cass\u00e9|Iron Head|p2a: Truth\n|-damage|p2a: Truth|0 fnt\n|replace|p2a: Moon|Zoroark, F\n|-end|p2a: Moon|Illusion\n|faint|p2a: Moon\n|-damage|p1a: Cass\u00e9|26\/100|[from] item: Life Orb\n|\n|upkeep\n|\n|t:|1700809263\n|switch|p2a: Sun|Manectric-Mega, M|88\/100\n|-damage|p2a: Sun|76\/100|[from] Stealth Rock\n|-ability|p2a: Sun|Intimidate|boost\n|-unboost|p1a: Cass\u00e9|atk|1\n|-ability|p1a: Cass\u00e9|Defiant|boost\n|-boost|p1a: Cass\u00e9|atk|2\n|turn|14\n|\n|t:|1700809271\n|move|p1a: Cass\u00e9|Sucker Punch|p2a: Sun\n|-damage|p2a: Sun|0 fnt\n|faint|p2a: Sun\n|-damage|p1a: Cass\u00e9|16\/100|[from] item: Life Orb\n|\n|upkeep\n|\n|t:|1700809279\n|switch|p2a: Truth|Scolipede, F|100\/100\n|-damage|p2a: Truth|76\/100|[from] Stealth Rock\n|turn|15\n|\n|t:|1700809288\n|move|p1a: Cass\u00e9|Iron Head|p2a: Truth\n|-damage|p2a: Truth|0 fnt\n|faint|p2a: Truth\n|-damage|p1a: Cass\u00e9|6\/100|[from] item: Life Orb\n|\n|upkeep\n|c|\u2606Oumo|gg\n|-message|Oumo forfeited.\n|\n|win|Leuphorex\n|raw|Leuphorex's rating: 1180 &rarr; <strong>1197<\/strong><br \/>(+17 for winning)\n|raw|Oumo's rating: 1058 &rarr; <strong>1046<\/strong><br \/>(-12 for losing)\n","uploadtime":1700809301,"views":10,"p1id":"leuphorex","p2id":"oumo","formatid":"gen9nationaldex","rating":1046,"private":0,"password":""}