{"id":"gen9nationaldex-1997284922","p1":"TheSalsaKid","p2":"gen7wins","format":"[Gen 9] National Dex","log":"|html|<div class=\"broadcast-blue\"><strong>[Gen 9] National Dex is currently suspecting Sneasler! For information on how to participate check out the <a href=\"https:\/\/www.smogon.com\/forums\/threads\/sv-national-dex-suspect-8-just-dance.3731534\/\">suspect thread<\/a>.<\/strong><\/div>\n|j|\u2606TheSalsaKid\n|j|\u2606gen7wins\n|t:|1700784608\n|gametype|singles\n|player|p1|TheSalsaKid|170|1557\n|player|p2|gen7wins|265|1451\n|teamsize|p1|6\n|teamsize|p2|6\n|gen|9\n|tier|[Gen 9] National Dex\n|rated|\n|rule|HP Percentage Mod: HP is shown in percentages\n|rule|Endless Battle Clause: Forcing endless battles is banned\n|rule|OHKO Clause: OHKO moves are banned\n|rule|Evasion Clause: Evasion abilities, items, and moves are banned\n|rule|Evasion Abilities Clause: Evasion abilities are banned\n|rule|Evasion Items Clause: Evasion items are banned\n|rule|Evasion Moves Clause: Evasion moves are banned\n|rule|Species Clause: Limit one of each Pok\u00e9mon\n|rule|Sleep Clause Mod: Limit one foe put to sleep\n|clearpoke\n|poke|p1|Iron Valiant|\n|poke|p1|Garganacl, F|\n|poke|p1|Weavile, F|\n|poke|p1|Garchomp, F|\n|poke|p1|Volcarona, F|\n|poke|p1|Aegislash, M|\n|poke|p2|Scizor, M|\n|poke|p2|Rillaboom, F|\n|poke|p2|Hippowdon, F|\n|poke|p2|Rotom-Wash|\n|poke|p2|Heatran, M|\n|poke|p2|Greninja-*, M|\n|teampreview\n|\n|t:|1700784628\n|start\n|switch|p1a: Weavile|Weavile, F|100\/100\n|switch|p2a: Rotom|Rotom-Wash|100\/100\n|-ability|p1a: Weavile|Pressure\n|turn|1\n|\n|t:|1700784632\n|switch|p2a: Scizor|Scizor, M|100\/100\n|move|p1a: Weavile|Knock Off|p2a: Scizor\n|-damage|p2a: Scizor|73\/100\n|\n|upkeep\n|turn|2\n|\n|t:|1700784638\n|switch|p1a: Aegislash|Aegislash, M|100\/100\n|detailschange|p2a: Scizor|Scizor-Mega, M\n|-mega|p2a: Scizor|Scizor|Scizorite\n|move|p2a: Scizor|Knock Off|p1a: Aegislash\n|-supereffective|p1a: Aegislash\n|-damage|p1a: Aegislash|56\/100\n|-enditem|p1a: Aegislash|Leftovers|[from] move: Knock Off|[of] p2a: Scizor\n|\n|upkeep\n|turn|3\n|\n|t:|1700784645\n|move|p2a: Scizor|U-turn|p1a: Aegislash\n|-resisted|p1a: Aegislash\n|-damage|p1a: Aegislash|51\/100\n|\n|t:|1700784648\n|switch|p2a: Hippowdon|Hippowdon, F|100\/100|[from] U-turn\n|-weather|Sandstorm|[from] ability: Sand Stream|[of] p2a: Hippowdon\n|-formechange|p1a: Aegislash|Aegislash-Blade||[from] ability: Stance Change\n|move|p1a: Aegislash|Iron Head|p2a: Hippowdon\n|-damage|p2a: Hippowdon|79\/100\n|-damage|p1a: Aegislash|34\/100|[from] item: Rocky Helmet|[of] p2a: Hippowdon\n|\n|-weather|Sandstorm|[upkeep]\n|upkeep\n|turn|4\n|\n|t:|1700784651\n|move|p1a: Aegislash|Toxic|p2a: Hippowdon\n|-status|p2a: Hippowdon|tox\n|move|p2a: Hippowdon|Stealth Rock|p1a: Aegislash\n|-sidestart|p1: TheSalsaKid|move: Stealth Rock\n|\n|-weather|Sandstorm|[upkeep]\n|-damage|p2a: Hippowdon|73\/100 tox|[from] psn\n|upkeep\n|turn|5\n|\n|t:|1700784657\n|switch|p2a: Scizor|Scizor-Mega, M|73\/100\n|-formechange|p1a: Aegislash|Aegislash||[from] ability: Stance Change\n|move|p1a: Aegislash|King's Shield||[still]\n|-fail|p1a: Aegislash\n|\n|-weather|Sandstorm|[upkeep]\n|upkeep\n|turn|6\n|\n|t:|1700784666\n|move|p2a: Scizor|Knock Off|p1a: Aegislash\n|-supereffective|p1a: Aegislash\n|-damage|p1a: Aegislash|6\/100\n|-formechange|p1a: Aegislash|Aegislash-Blade||[from] ability: Stance Change\n|move|p1a: Aegislash|Iron Head|p2a: Scizor\n|-resisted|p2a: Scizor\n|-damage|p2a: Scizor|62\/100\n|\n|-weather|Sandstorm|[upkeep]\n|upkeep\n|turn|7\n|\n|t:|1700784669\n|-formechange|p1a: Aegislash|Aegislash||[from] ability: Stance Change\n|move|p1a: Aegislash|King's Shield|p1a: Aegislash\n|-singleturn|p1a: Aegislash|Protect\n|move|p2a: Scizor|Roost|p2a: Scizor\n|-heal|p2a: Scizor|100\/100\n|-singleturn|p2a: Scizor|move: Roost\n|\n|-weather|none\n|upkeep\n|turn|8\n|\n|t:|1700784673\n|move|p2a: Scizor|Knock Off|p1a: Aegislash\n|-supereffective|p1a: Aegislash\n|-damage|p1a: Aegislash|0 fnt\n|faint|p1a: Aegislash\n|\n|upkeep\n|\n|t:|1700784675\n|switch|p1a: Volcarona|Volcarona, F|100\/100\n|turn|9\n|\n|t:|1700784678\n|switch|p2a: Heatran|Heatran, M|100\/100\n|move|p1a: Volcarona|Quiver Dance|p1a: Volcarona\n|-boost|p1a: Volcarona|spa|1\n|-boost|p1a: Volcarona|spd|1\n|-boost|p1a: Volcarona|spe|1\n|\n|upkeep\n|turn|10\n|\n|t:|1700784683\n|-terastallize|p1a: Volcarona|Ground\n|-terastallize|p2a: Heatran|Flying\n|move|p1a: Volcarona|Tera Blast|p2a: Heatran|[anim] Tera Blast Ground\n|-immune|p2a: Heatran\n|move|p2a: Heatran|Taunt|p1a: Volcarona\n|-start|p1a: Volcarona|move: Taunt\n|\n|upkeep\n|turn|11\n|\n|t:|1700784692\n|move|p1a: Volcarona|Giga Drain|p2a: Heatran\n|-resisted|p2a: Heatran\n|-damage|p2a: Heatran|86\/100\n|move|p2a: Heatran|Toxic|p1a: Volcarona\n|-status|p1a: Volcarona|tox\n|\n|-heal|p2a: Heatran|92\/100|[from] item: Leftovers\n|-damage|p1a: Volcarona|94\/100 tox|[from] psn\n|upkeep\n|turn|12\n|\n|t:|1700784696\n|switch|p1a: Weavile|Weavile, F|100\/100\n|-ability|p1a: Weavile|Pressure\n|move|p2a: Heatran|Magma Storm|p1a: Weavile\n|-supereffective|p1a: Weavile\n|-damage|p1a: Weavile|0 fnt\n|faint|p1a: Weavile\n|\n|-heal|p2a: Heatran|98\/100|[from] item: Leftovers\n|upkeep\n|\n|t:|1700784701\n|switch|p1a: Iron Valiant|Iron Valiant|100\/100\n|-damage|p1a: Iron Valiant|94\/100|[from] Stealth Rock\n|-enditem|p1a: Iron Valiant|Booster Energy\n|-activate|p1a: Iron Valiant|ability: Quark Drive|[fromitem]\n|-start|p1a: Iron Valiant|quarkdrivespa\n|turn|13\n|\n|t:|1700784707\n|switch|p2a: Scizor|Scizor-Mega, M|100\/100\n|move|p1a: Iron Valiant|Thunderbolt|p2a: Scizor\n|-damage|p2a: Scizor|59\/100\n|\n|upkeep\n|turn|14\n|\n|t:|1700784712\n|-end|p1a: Iron Valiant|Quark Drive|[silent]\n|switch|p1a: Garchomp|Garchomp, F|100\/100\n|-damage|p1a: Garchomp|94\/100|[from] Stealth Rock\n|move|p2a: Scizor|Bullet Punch|p1a: Garchomp\n|-damage|p1a: Garchomp|63\/100\n|-damage|p2a: Scizor|47\/100|[from] ability: Rough Skin|[of] p1a: Garchomp\n|\n|upkeep\n|turn|15\n|\n|t:|1700784717\n|switch|p2a: Hippowdon|Hippowdon, F|73\/100 tox\n|-weather|Sandstorm|[from] ability: Sand Stream|[of] p2a: Hippowdon\n|move|p1a: Garchomp|Swords Dance|p1a: Garchomp\n|-boost|p1a: Garchomp|atk|2\n|\n|-weather|Sandstorm|[upkeep]\n|-damage|p2a: Hippowdon|67\/100 tox|[from] psn\n|upkeep\n|turn|16\n|\n|t:|1700784724\n|move|p1a: Garchomp|Earthquake|p2a: Hippowdon\n|-damage|p2a: Hippowdon|5\/100 tox\n|move|p2a: Hippowdon|Earthquake|p1a: Garchomp\n|-damage|p1a: Garchomp|26\/100\n|\n|-weather|Sandstorm|[upkeep]\n|-damage|p2a: Hippowdon|0 fnt|[from] psn\n|faint|p2a: Hippowdon\n|upkeep\n|\n|t:|1700784728\n|switch|p2a: Greninja|Greninja, M|100\/100\n|turn|17\n|\n|t:|1700784734\n|move|p2a: Greninja|Ice Beam|p1a: Garchomp\n|-start|p2a: Greninja|typechange|Ice|[from] ability: Protean\n|-supereffective|p1a: Garchomp\n|-damage|p1a: Garchomp|0 fnt\n|faint|p1a: Garchomp\n|\n|-weather|Sandstorm|[upkeep]\n|-damage|p2a: Greninja|95\/100|[from] Sandstorm\n|upkeep\n|\n|t:|1700784737\n|switch|p1a: Garganacl|Garganacl, F|100\/100\n|-damage|p1a: Garganacl|88\/100|[from] Stealth Rock\n|turn|18\n|\n|t:|1700784742\n|switch|p2a: Rotom|Rotom-Wash|100\/100\n|move|p1a: Garganacl|Salt Cure|p2a: Rotom\n|-damage|p2a: Rotom|86\/100\n|-start|p2a: Rotom|Salt Cure\n|\n|-weather|Sandstorm|[upkeep]\n|-damage|p2a: Rotom|80\/100|[from] Sandstorm\n|-heal|p2a: Rotom|86\/100|[from] item: Leftovers\n|-heal|p1a: Garganacl|94\/100|[from] item: Leftovers\n|-damage|p2a: Rotom|61\/100|[from] Salt Cure\n|upkeep\n|turn|19\n|\n|t:|1700784748\n|switch|p2a: Greninja|Greninja, M|95\/100\n|move|p1a: Garganacl|Salt Cure|p2a: Greninja\n|-damage|p2a: Greninja|70\/100\n|-start|p2a: Greninja|Salt Cure\n|\n|-weather|none\n|-heal|p1a: Garganacl|100\/100|[from] item: Leftovers\n|-damage|p2a: Greninja|45\/100|[from] Salt Cure\n|upkeep\n|turn|20\n|\n|t:|1700784751\n|move|p2a: Greninja|Hydro Pump|p1a: Garganacl\n|-start|p2a: Greninja|typechange|Water|[from] ability: Protean\n|-supereffective|p1a: Garganacl\n|-damage|p1a: Garganacl|26\/100\n|move|p1a: Garganacl|Recover|p1a: Garganacl\n|-heal|p1a: Garganacl|76\/100\n|\n|-heal|p1a: Garganacl|82\/100|[from] item: Leftovers\n|-damage|p2a: Greninja|20\/100|[from] Salt Cure\n|upkeep\n|turn|21\n|\n|t:|1700784757\n|switch|p2a: Rillaboom|Rillaboom, F|100\/100\n|-fieldstart|move: Grassy Terrain|[from] ability: Grassy Surge|[of] p2a: Rillaboom\n|move|p1a: Garganacl|Recover|p1a: Garganacl\n|-heal|p1a: Garganacl|100\/100\n|\n|upkeep\n|turn|22\n|\n|t:|1700784760\n|move|p2a: Rillaboom|Grassy Glide|p1a: Garganacl\n|-supereffective|p1a: Garganacl\n|-damage|p1a: Garganacl|38\/100\n|move|p1a: Garganacl|Iron Defense|p1a: Garganacl\n|-boost|p1a: Garganacl|def|2\n|\n|-heal|p1a: Garganacl|44\/100|[from] Grassy Terrain\n|-heal|p1a: Garganacl|50\/100|[from] item: Leftovers\n|upkeep\n|turn|23\n|inactive|Battle timer is ON: inactive players will automatically lose when time's up. (requested by TheSalsaKid)\n|\n|t:|1700784770\n|switch|p2a: Rotom|Rotom-Wash|61\/100\n|move|p1a: Garganacl|Recover|p1a: Garganacl\n|-heal|p1a: Garganacl|100\/100\n|\n|-heal|p2a: Rotom|67\/100|[from] item: Leftovers\n|upkeep\n|turn|24\n|\n|t:|1700784772\n|move|p2a: Rotom|Hydro Pump|p1a: Garganacl\n|-supereffective|p1a: Garganacl\n|-damage|p1a: Garganacl|41\/100\n|move|p1a: Garganacl|Salt Cure|p2a: Rotom\n|-damage|p2a: Rotom|53\/100\n|-start|p2a: Rotom|Salt Cure\n|\n|-heal|p2a: Rotom|59\/100|[from] item: Leftovers\n|-heal|p1a: Garganacl|47\/100|[from] Grassy Terrain\n|-heal|p1a: Garganacl|53\/100|[from] item: Leftovers\n|-damage|p2a: Rotom|34\/100|[from] Salt Cure\n|upkeep\n|turn|25\n|\n|t:|1700784775\n|move|p2a: Rotom|Hydro Pump|p1a: Garganacl\n|-supereffective|p1a: Garganacl\n|-damage|p1a: Garganacl|0 fnt\n|faint|p1a: Garganacl\n|\n|-heal|p2a: Rotom|40\/100|[from] item: Leftovers\n|-damage|p2a: Rotom|16\/100|[from] Salt Cure\n|-fieldend|move: Grassy Terrain\n|upkeep\n|\n|t:|1700784778\n|switch|p1a: Volcarona|Volcarona, F, tera:Ground|94\/100 tox\n|turn|26\n|\n|t:|1700784783\n|move|p1a: Volcarona|Quiver Dance|p1a: Volcarona\n|-boost|p1a: Volcarona|spa|1\n|-boost|p1a: Volcarona|spd|1\n|-boost|p1a: Volcarona|spe|1\n|move|p2a: Rotom|Hydro Pump|p1a: Volcarona\n|-supereffective|p1a: Volcarona\n|-damage|p1a: Volcarona|38\/100 tox\n|\n|-heal|p2a: Rotom|22\/100|[from] item: Leftovers\n|-damage|p1a: Volcarona|32\/100 tox|[from] psn\n|-damage|p2a: Rotom|0 fnt|[from] Salt Cure\n|faint|p2a: Rotom\n|upkeep\n|\n|t:|1700784787\n|switch|p2a: Heatran|Heatran, M, tera:Flying|98\/100\n|turn|27\n|\n|t:|1700784790\n|move|p1a: Volcarona|Giga Drain|p2a: Heatran\n|-resisted|p2a: Heatran\n|-damage|p2a: Heatran|84\/100\n|-heal|p1a: Volcarona|41\/100 tox|[from] drain|[of] p2a: Heatran\n|move|p2a: Heatran|Magma Storm|p1a: Volcarona\n|-damage|p1a: Volcarona|11\/100 tox\n|-activate|p1a: Volcarona|move: Magma Storm|[of] p2a: Heatran\n|\n|-heal|p2a: Heatran|90\/100|[from] item: Leftovers\n|-damage|p1a: Volcarona|0 fnt|[from] psn\n|faint|p1a: Volcarona\n|upkeep\n|\n|t:|1700784791\n|switch|p1a: Iron Valiant|Iron Valiant|94\/100\n|-damage|p1a: Iron Valiant|88\/100|[from] Stealth Rock\n|turn|28\n|\n|t:|1700784798\n|move|p1a: Iron Valiant|Thunderbolt|p2a: Heatran\n|-supereffective|p2a: Heatran\n|-damage|p2a: Heatran|54\/100\n|move|p2a: Heatran|Magma Storm|p1a: Iron Valiant\n|-damage|p1a: Iron Valiant|5\/100\n|-activate|p1a: Iron Valiant|move: Magma Storm|[of] p2a: Heatran\n|\n|-heal|p2a: Heatran|60\/100|[from] item: Leftovers\n|-damage|p1a: Iron Valiant|0 fnt|[from] move: Magma Storm|[partiallytrapped]\n|faint|p1a: Iron Valiant\n|-end|p1a: Iron Valiant|Quark Drive|[silent]\n|\n|win|gen7wins\n|upkeep\n|raw|TheSalsaKid's rating: 1557 &rarr; <strong>1531<\/strong><br \/>(-26 for losing)\n|raw|gen7wins's rating: 1451 &rarr; <strong>1477<\/strong><br \/>(+26 for winning)\n|l|\u2606TheSalsaKid\n|l|\u2606gen7wins\n|j|\u2606gen7wins\n|player|p2|gen7wins|265\n","uploadtime":1700784831,"views":3,"p1id":"thesalsakid","p2id":"gen7wins","formatid":"gen9nationaldex","rating":1477,"private":0,"password":""}