{"id":"gen9nationaldex-1989531773","p1":"potential paradox","p2":"Forever1507","format":"[Gen 9] National Dex","log":"|j|\u2606potential paradox\n|j|\u2606Forever1507\n|inactive|Battle timer is ON: inactive players will automatically lose when time's up.\n|t:|1699866747\n|gametype|singles\n|player|p1|potential paradox|ingo|\n|player|p2|Forever1507|265|\n|teamsize|p1|6\n|teamsize|p2|6\n|gen|9\n|tier|[Gen 9] National Dex\n|rated|Tournament battle\n|rule|HP Percentage Mod: HP is shown in percentages\n|rule|Endless Battle Clause: Forcing endless battles is banned\n|rule|OHKO Clause: OHKO moves are banned\n|rule|Evasion Clause: Evasion abilities, items, and moves are banned\n|rule|Evasion Abilities Clause: Evasion abilities are banned\n|rule|Evasion Items Clause: Evasion items are banned\n|rule|Evasion Moves Clause: Evasion moves are banned\n|rule|Species Clause: Limit one of each Pok\u00e9mon\n|rule|Sleep Clause Mod: Limit one foe put to sleep\n|clearpoke\n|poke|p1|Iron Valiant|\n|poke|p1|Glimmora, F|\n|poke|p1|Greninja-*, M|\n|poke|p1|Scizor, F|\n|poke|p1|Kommo-o, M|\n|poke|p1|Tornadus-Therian, M|\n|poke|p2|Charizard, F|\n|poke|p2|Kommo-o, M|\n|poke|p2|Rillaboom, M|\n|poke|p2|Sneasler, M|\n|poke|p2|Volcarona, F|\n|poke|p2|Rotom-Wash|\n|teampreview\n|\n|t:|1699866766\n|start\n|switch|p1a: Kommo-o|Kommo-o, M|100\/100\n|switch|p2a: Volcarona|Volcarona, F|100\/100\n|turn|1\n|\n|t:|1699866775\n|move|p2a: Volcarona|Quiver Dance|p2a: Volcarona\n|-boost|p2a: Volcarona|spa|1\n|-boost|p2a: Volcarona|spd|1\n|-boost|p2a: Volcarona|spe|1\n|move|p1a: Kommo-o|Clangorous Soul|p1a: Kommo-o\n|-boost|p1a: Kommo-o|atk|1\n|-boost|p1a: Kommo-o|def|1\n|-boost|p1a: Kommo-o|spa|1\n|-boost|p1a: Kommo-o|spd|1\n|-boost|p1a: Kommo-o|spe|1\n|-damage|p1a: Kommo-o|68\/100\n|-enditem|p1a: Kommo-o|Throat Spray\n|-boost|p1a: Kommo-o|spa|1|[from] item: Throat Spray\n|\n|upkeep\n|turn|2\n|\n|t:|1699866782\n|move|p2a: Volcarona|Quiver Dance|p2a: Volcarona\n|-boost|p2a: Volcarona|spa|1\n|-boost|p2a: Volcarona|spd|1\n|-boost|p2a: Volcarona|spe|1\n|move|p1a: Kommo-o|Clanging Scales|p2a: Volcarona\n|-damage|p2a: Volcarona|47\/100\n|-unboost|p1a: Kommo-o|def|1\n|\n|upkeep\n|turn|3\n|\n|t:|1699866797\n|move|p2a: Volcarona|Quiver Dance|p2a: Volcarona\n|-boost|p2a: Volcarona|spa|1\n|-boost|p2a: Volcarona|spd|1\n|-boost|p2a: Volcarona|spe|1\n|move|p1a: Kommo-o|Boomburst|p2a: Volcarona\n|-damage|p2a: Volcarona|16\/100\n|\n|upkeep\n|turn|4\n|\n|t:|1699866804\n|move|p2a: Volcarona|Tera Blast|p1a: Kommo-o\n|-damage|p1a: Kommo-o|18\/100\n|move|p1a: Kommo-o|Boomburst|p2a: Volcarona\n|-damage|p2a: Volcarona|0 fnt\n|faint|p2a: Volcarona\n|\n|upkeep\n|\n|t:|1699866815\n|switch|p2a: Rillaboom|Rillaboom, M|100\/100\n|-fieldstart|move: Grassy Terrain|[from] ability: Grassy Surge|[of] p2a: Rillaboom\n|turn|5\n|\n|t:|1699866818\n|move|p1a: Kommo-o|Flamethrower|p2a: Rillaboom\n|-supereffective|p2a: Rillaboom\n|-damage|p2a: Rillaboom|0 fnt\n|faint|p2a: Rillaboom\n|\n|-heal|p1a: Kommo-o|25\/100|[from] Grassy Terrain\n|upkeep\n|\n|t:|1699866823\n|switch|p2a: Sneasler|Sneasler, M|100\/100\n|-enditem|p2a: Sneasler|Grassy Seed\n|-boost|p2a: Sneasler|def|1|[from] item: Grassy Seed\n|turn|6\n|\n|t:|1699866828\n|switch|p1a: based|Glimmora, F|100\/100\n|move|p2a: Sneasler|Acrobatics|p1a: based\n|-resisted|p1a: based\n|-damage|p1a: based|74\/100\n|-activate|p1a: based|ability: Toxic Debris\n|-sidestart|p2: Forever1507|move: Toxic Spikes\n|\n|-heal|p1a: based|80\/100|[from] Grassy Terrain\n|upkeep\n|turn|7\n|\n|t:|1699866838\n|-terastallize|p2a: Sneasler|Flying\n|move|p2a: Sneasler|Swords Dance|p2a: Sneasler\n|-boost|p2a: Sneasler|atk|2\n|move|p1a: based|Power Gem|p2a: Sneasler\n|-supereffective|p2a: Sneasler\n|-damage|p2a: Sneasler|0 fnt\n|faint|p2a: Sneasler\n|\n|-heal|p1a: based|86\/100|[from] Grassy Terrain\n|upkeep\n|\n|t:|1699866844\n|switch|p2a: Rotom|Rotom-Wash|100\/100\n|turn|8\n|\n|t:|1699866849\n|move|p1a: based|Stealth Rock|p2a: Rotom\n|-sidestart|p2: Forever1507|move: Stealth Rock\n|move|p2a: Rotom|Defog|p1a: based\n|-unboost|p1a: based|evasion|1\n|-sideend|p2: Forever1507|Toxic Spikes|[from] move: Defog|[of] p2a: Rotom\n|-sideend|p2: Forever1507|Stealth Rock|[from] move: Defog|[of] p2a: Rotom\n|-fieldend|move: Grassy Terrain\n|\n|upkeep\n|turn|9\n|\n|t:|1699866854\n|move|p1a: based|Stealth Rock|p2a: Rotom\n|-sidestart|p2: Forever1507|move: Stealth Rock\n|move|p2a: Rotom|Hydro Pump|p1a: based\n|-supereffective|p1a: based\n|-damage|p1a: based|0 fnt\n|faint|p1a: based\n|\n|upkeep\n|\n|t:|1699866863\n|switch|p1a: Mettaton|Iron Valiant|100\/100\n|turn|10\n|\n|t:|1699866866\n|move|p1a: Mettaton|Moonblast|p2a: Rotom\n|-damage|p2a: Rotom|28\/100\n|-unboost|p2a: Rotom|spa|1\n|move|p2a: Rotom|Defog|p1a: Mettaton\n|-unboost|p1a: Mettaton|evasion|1\n|-sideend|p2: Forever1507|Stealth Rock|[from] move: Defog|[of] p2a: Rotom\n|\n|-heal|p2a: Rotom|34\/100|[from] item: Leftovers\n|upkeep\n|turn|11\n|\n|t:|1699866874\n|move|p1a: Mettaton|Moonblast|p2a: Rotom\n|-damage|p2a: Rotom|0 fnt\n|faint|p2a: Rotom\n|\n|upkeep\n|\n|t:|1699866877\n|switch|p2a: Charizard|Charizard, F|100\/100\n|turn|12\n|\n|t:|1699866882\n|-end|p1a: Mettaton|Quark Drive|[silent]\n|switch|p1a: Kommo-o|Kommo-o, M|25\/100\n|detailschange|p2a: Charizard|Charizard-Mega-X, F\n|-mega|p2a: Charizard|Charizard|Charizardite X\n|move|p2a: Charizard|Dragon Dance|p2a: Charizard\n|-boost|p2a: Charizard|atk|1\n|-boost|p2a: Charizard|spe|1\n|\n|upkeep\n|turn|13\n|\n|t:|1699866886\n|move|p2a: Charizard|Dragon Claw|p1a: Kommo-o\n|-supereffective|p1a: Kommo-o\n|-damage|p1a: Kommo-o|0 fnt\n|faint|p1a: Kommo-o\n|\n|upkeep\n|\n|t:|1699866890\n|switch|p1a: Tornadus|Tornadus-Therian, M|100\/100\n|turn|14\n|\n|t:|1699866896\n|move|p2a: Charizard|Dragon Dance|p2a: Charizard\n|-boost|p2a: Charizard|atk|1\n|-boost|p2a: Charizard|spe|1\n|move|p1a: Tornadus|Hurricane|p2a: Charizard\n|-damage|p2a: Charizard|46\/100\n|\n|upkeep\n|turn|15\n|\n|t:|1699866902\n|move|p2a: Charizard|Dragon Claw|p1a: Tornadus\n|-damage|p1a: Tornadus|0 fnt\n|faint|p1a: Tornadus\n|\n|upkeep\n|\n|t:|1699866907\n|switch|p1a: Gunslinger|Scizor, F, shiny|100\/100\n|turn|16\n|\n|t:|1699866911\n|detailschange|p1a: Gunslinger|Scizor-Mega, F, shiny\n|-mega|p1a: Gunslinger|Scizor|Scizorite\n|move|p1a: Gunslinger|Bullet Punch|p2a: Charizard\n|-resisted|p2a: Charizard\n|-damage|p2a: Charizard|25\/100\n|move|p2a: Charizard|Flare Blitz|p1a: Gunslinger\n|-supereffective|p1a: Gunslinger\n|-damage|p1a: Gunslinger|0 fnt\n|faint|p1a: Gunslinger\n|-damage|p2a: Charizard|0 fnt|[from] Recoil\n|faint|p2a: Charizard\n|\n|upkeep\n|\n|t:|1699866914\n|switch|p2a: Kommo-o|Kommo-o, M|100\/100\n|switch|p1a: Mettaton|Iron Valiant|100\/100\n|turn|17\n|\n|t:|1699866920\n|-terastallize|p1a: Mettaton|Fairy\n|move|p1a: Mettaton|Moonblast|p2a: Kommo-o\n|-supereffective|p2a: Kommo-o\n|-damage|p2a: Kommo-o|0 fnt\n|faint|p2a: Kommo-o\n|\n|win|potential paradox\n|n|\u2606potential paradox|potentialparadox\n|n|\u2606Forever1507|forever1507\n","uploadtime":1699866921,"views":6,"p1id":"potentialparadox","p2id":"forever1507","formatid":"gen9nationaldex","rating":0,"private":0,"password":""}