{"id":"gen9nationaldex-1996751866","p1":"Tyson Mikey 976","p2":"bignutta","format":"[Gen 9] National Dex","log":"|html|<div class=\"broadcast-blue\"><strong>[Gen 9] National Dex is currently suspecting Sneasler! For information on how to participate check out the <a href=\"https:\/\/www.smogon.com\/forums\/threads\/sv-national-dex-suspect-8-just-dance.3731534\/\">suspect thread<\/a>.<\/strong><\/div>\n|j|\u2606Tyson Mikey 976\n|j|\u2606bignutta\n|t:|1700719145\n|gametype|singles\n|player|p1|Tyson Mikey 976|biker-gen4|1030\n|player|p2|bignutta|brycenman|1090\n|teamsize|p1|6\n|teamsize|p2|6\n|gen|9\n|tier|[Gen 9] National Dex\n|rated|\n|rule|HP Percentage Mod: HP is shown in percentages\n|rule|Endless Battle Clause: Forcing endless battles is banned\n|rule|OHKO Clause: OHKO moves are banned\n|rule|Evasion Clause: Evasion abilities, items, and moves are banned\n|rule|Evasion Abilities Clause: Evasion abilities are banned\n|rule|Evasion Items Clause: Evasion items are banned\n|rule|Evasion Moves Clause: Evasion moves are banned\n|rule|Species Clause: Limit one of each Pok\u00e9mon\n|rule|Sleep Clause Mod: Limit one foe put to sleep\n|clearpoke\n|poke|p1|Clodsire, M|\n|poke|p1|Salazzle, F|\n|poke|p1|Togekiss, F|\n|poke|p1|Sableye, M|\n|poke|p1|Celesteela|\n|poke|p1|Alomomola, M|\n|poke|p2|Hitmontop, M|\n|poke|p2|Toxtricity, M|\n|poke|p2|Perrserker, F|\n|poke|p2|Golurk|\n|poke|p2|Araquanid, F|\n|poke|p2|Zygarde-10%|\n|teampreview\n|inactive|Battle timer is ON: inactive players will automatically lose when time's up. (requested by Tyson Mikey 976)\n|\n|t:|1700719154\n|start\n|switch|p1a: Sableye|Sableye, M|100\/100\n|switch|p2a: Hitmontop|Hitmontop, M, shiny|100\/100\n|turn|1\n|\n|t:|1700719165\n|detailschange|p1a: Sableye|Sableye-Mega, M\n|-mega|p1a: Sableye|Sableye|Sablenite\n|move|p2a: Hitmontop|Triple Axel|p1a: Sableye\n|-damage|p1a: Sableye|94\/100\n|-damage|p1a: Sableye|81\/100\n|-damage|p1a: Sableye|62\/100\n|-hitcount|p1a: Sableye|3\n|move|p1a: Sableye|Knock Off|p2a: Hitmontop\n|-resisted|p2a: Hitmontop\n|-damage|p2a: Hitmontop|84\/100\n|-enditem|p2a: Hitmontop|Assault Vest|[from] move: Knock Off|[of] p1a: Sableye\n|\n|upkeep\n|turn|2\n|\n|t:|1700719185\n|switch|p2a: Zygarde|Zygarde-10%|100\/100\n|-ability|p2a: Zygarde|Aura Break\n|move|p1a: Sableye|Toxic|p2a: Zygarde\n|-status|p2a: Zygarde|tox\n|\n|-damage|p2a: Zygarde|94\/100 tox|[from] psn\n|upkeep\n|turn|3\n|\n|t:|1700719198\n|move|p2a: Zygarde|Coil|p2a: Zygarde\n|-boost|p2a: Zygarde|atk|1\n|-boost|p2a: Zygarde|def|1\n|-boost|p2a: Zygarde|accuracy|1\n|move|p1a: Sableye|Recover|p1a: Sableye\n|-heal|p1a: Sableye|100\/100\n|\n|-damage|p2a: Zygarde|82\/100 tox|[from] psn\n|upkeep\n|turn|4\n|\n|t:|1700719208\n|move|p2a: Zygarde|Scale Shot|p1a: Sableye\n|-damage|p1a: Sableye|89\/100\n|-damage|p1a: Sableye|78\/100\n|-damage|p1a: Sableye|67\/100\n|-damage|p1a: Sableye|57\/100\n|-hitcount|p1a: Sableye|4\n|-unboost|p2a: Zygarde|def|1\n|-boost|p2a: Zygarde|spe|1\n|move|p1a: Sableye|Knock Off|p2a: Zygarde\n|-damage|p2a: Zygarde|26\/100 tox\n|-enditem|p2a: Zygarde|Loaded Dice|[from] move: Knock Off|[of] p1a: Sableye\n|\n|-damage|p2a: Zygarde|8\/100 tox|[from] psn\n|upkeep\n|turn|5\n|\n|t:|1700719226\n|move|p2a: Zygarde|Scale Shot|p1a: Sableye\n|-damage|p1a: Sableye|46\/100\n|-damage|p1a: Sableye|34\/100\n|-hitcount|p1a: Sableye|2\n|-unboost|p2a: Zygarde|def|1\n|-boost|p2a: Zygarde|spe|1\n|move|p1a: Sableye|Recover|p1a: Sableye\n|-heal|p1a: Sableye|84\/100\n|\n|-damage|p2a: Zygarde|0 fnt|[from] psn\n|faint|p2a: Zygarde\n|upkeep\n|inactive|bignutta has 120 seconds left.\n|\n|t:|1700719244\n|switch|p2a: Araquanid|Araquanid, F, shiny|100\/100\n|turn|6\n|\n|t:|1700719251\n|move|p2a: Araquanid|Liquidation|p1a: Sableye\n|-damage|p1a: Sableye|36\/100\n|move|p1a: Sableye|Toxic|p2a: Araquanid\n|-status|p2a: Araquanid|tox\n|\n|-damage|p2a: Araquanid|94\/100 tox|[from] psn\n|upkeep\n|turn|7\n|\n|t:|1700719260\n|move|p1a: Sableye|Protect|p1a: Sableye\n|-singleturn|p1a: Sableye|Protect\n|move|p2a: Araquanid|Liquidation|p1a: Sableye\n|-activate|p1a: Sableye|move: Protect\n|\n|-heal|p2a: Araquanid|100\/100 tox|[from] item: Leftovers\n|-damage|p2a: Araquanid|88\/100 tox|[from] psn\n|upkeep\n|turn|8\n|\n|t:|1700719270\n|switch|p1a: Clodsire|Clodsire, M|100\/100\n|move|p2a: Araquanid|Liquidation|p1a: Clodsire\n|-immune|p1a: Clodsire|[from] ability: Water Absorb\n|\n|-heal|p2a: Araquanid|94\/100 tox|[from] item: Leftovers\n|-damage|p2a: Araquanid|76\/100 tox|[from] psn\n|upkeep\n|turn|9\n|\n|t:|1700719280\n|move|p2a: Araquanid|Sticky Web|p1a: Clodsire\n|-sidestart|p1: Tyson Mikey 976|move: Sticky Web\n|move|p1a: Clodsire|Stealth Rock|p2a: Araquanid\n|-sidestart|p2: bignutta|move: Stealth Rock\n|\n|-heal|p2a: Araquanid|82\/100 tox|[from] item: Leftovers\n|-damage|p2a: Araquanid|57\/100 tox|[from] psn\n|upkeep\n|turn|10\n|\n|t:|1700719289\n|move|p1a: Clodsire|Protect|p1a: Clodsire\n|-singleturn|p1a: Clodsire|Protect\n|move|p2a: Araquanid|Lunge|p1a: Clodsire\n|-activate|p1a: Clodsire|move: Protect\n|\n|-heal|p2a: Araquanid|63\/100 tox|[from] item: Leftovers\n|-damage|p2a: Araquanid|32\/100 tox|[from] psn\n|upkeep\n|turn|11\n|\n|t:|1700719302\n|switch|p2a: Golurk|Golurk|100\/100\n|-damage|p2a: Golurk|94\/100|[from] Stealth Rock\n|switch|p1a: Togekiss|Togekiss, F|100\/100\n|\n|upkeep\n|turn|12\n|\n|t:|1700719312\n|move|p1a: Togekiss|Defog|p2a: Golurk\n|-unboost|p2a: Golurk|evasion|1\n|-sideend|p2: bignutta|Stealth Rock|[from] move: Defog|[of] p1a: Togekiss\n|-sideend|p1: Tyson Mikey 976|Sticky Web|[from] move: Defog|[of] p1a: Togekiss\n|move|p2a: Golurk|Stone Edge|p1a: Togekiss\n|-supereffective|p1a: Togekiss\n|-damage|p1a: Togekiss|30\/100\n|\n|upkeep\n|turn|13\n|\n|t:|1700719322\n|switch|p1a: Alomomola|Alomomola, M|100\/100\n|move|p2a: Golurk|Stone Edge|p1a: Alomomola\n|-crit|p1a: Alomomola\n|-damage|p1a: Alomomola|72\/100\n|\n|-heal|p1a: Alomomola|78\/100|[from] item: Leftovers\n|upkeep\n|turn|14\n|\n|t:|1700719335\n|move|p1a: Alomomola|Soak|p2a: Golurk\n|-start|p2a: Golurk|typechange|Water\n|move|p2a: Golurk|Poltergeist|p1a: Alomomola\n|-activate|p1a: Alomomola|move: Poltergeist|Leftovers\n|-damage|p1a: Alomomola|58\/100\n|\n|-heal|p1a: Alomomola|64\/100|[from] item: Leftovers\n|upkeep\n|turn|15\n|\n|t:|1700719346\n|switch|p2a: Toxtricity|Toxtricity, M|100\/100\n|move|p1a: Alomomola|Wish|p1a: Alomomola\n|\n|-heal|p1a: Alomomola|70\/100|[from] item: Leftovers\n|upkeep\n|turn|16\n|\n|t:|1700719357\n|switch|p1a: Salazzle|Salazzle, F|100\/100\n|move|p2a: Toxtricity|Volt Switch|p1a: Salazzle\n|-damage|p1a: Salazzle|24\/100\n|\n|t:|1700719365\n|switch|p2a: Perrserker|Perrserker, F|100\/100|[from] Volt Switch\n|\n|-heal|p1a: Salazzle|100\/100|[from] move: Wish|[wisher] Alomomola\n|upkeep\n|turn|17\n|\n|t:|1700719374\n|switch|p2a: Araquanid|Araquanid, F, shiny|32\/100 tox\n|move|p1a: Salazzle|Substitute|p1a: Salazzle\n|-start|p1a: Salazzle|Substitute\n|-damage|p1a: Salazzle|76\/100\n|\n|-heal|p1a: Salazzle|82\/100|[from] item: Black Sludge\n|-heal|p2a: Araquanid|39\/100 tox|[from] item: Leftovers\n|-damage|p2a: Araquanid|32\/100 tox|[from] psn\n|upkeep\n|turn|18\n|\n|t:|1700719386\n|move|p1a: Salazzle|Protect|p1a: Salazzle\n|-singleturn|p1a: Salazzle|Protect\n|move|p2a: Araquanid|Sticky Web|p1a: Salazzle\n|-sidestart|p1: Tyson Mikey 976|move: Sticky Web\n|\n|-heal|p1a: Salazzle|88\/100|[from] item: Black Sludge\n|-heal|p2a: Araquanid|39\/100 tox|[from] item: Leftovers\n|-damage|p2a: Araquanid|26\/100 tox|[from] psn\n|upkeep\n|turn|19\n|\n|t:|1700719396\n|move|p1a: Salazzle|Encore|p2a: Araquanid\n|-start|p2a: Araquanid|Encore\n|move|p2a: Araquanid|Sticky Web||[still]\n|-fail|p2a: Araquanid\n|\n|-heal|p1a: Salazzle|94\/100|[from] item: Black Sludge\n|-heal|p2a: Araquanid|32\/100 tox|[from] item: Leftovers\n|-damage|p2a: Araquanid|14\/100 tox|[from] psn\n|upkeep\n|turn|20\n|\n|t:|1700719413\n|switch|p2a: Hitmontop|Hitmontop, M, shiny|84\/100\n|move|p1a: Salazzle|Toxic|p2a: Hitmontop\n|-status|p2a: Hitmontop|tox\n|\n|-heal|p1a: Salazzle|100\/100|[from] item: Black Sludge\n|-damage|p2a: Hitmontop|78\/100 tox|[from] psn\n|upkeep\n|turn|21\n|\n|t:|1700719423\n|move|p1a: Salazzle|Protect|p1a: Salazzle\n|-singleturn|p1a: Salazzle|Protect\n|move|p2a: Hitmontop|Fake Out|p1a: Salazzle\n|-activate|p1a: Salazzle|move: Protect\n|\n|-damage|p2a: Hitmontop|67\/100 tox|[from] psn\n|upkeep\n|turn|22\n|\n|t:|1700719435\n|switch|p2a: Araquanid|Araquanid, F, shiny|14\/100 tox\n|move|p1a: Salazzle|Encore||[still]\n|-fail|p1a: Salazzle\n|\n|-heal|p2a: Araquanid|20\/100 tox|[from] item: Leftovers\n|-damage|p2a: Araquanid|14\/100 tox|[from] psn\n|upkeep\n|turn|23\n|\n|t:|1700719444\n|move|p1a: Salazzle|Protect|p1a: Salazzle\n|-singleturn|p1a: Salazzle|Protect\n|move|p2a: Araquanid|Liquidation|p1a: Salazzle\n|-activate|p1a: Salazzle|move: Protect\n|\n|-heal|p2a: Araquanid|20\/100 tox|[from] item: Leftovers\n|-damage|p2a: Araquanid|8\/100 tox|[from] psn\n|upkeep\n|turn|24\n|\n|t:|1700719454\n|move|p1a: Salazzle|Toxic|p2a: Araquanid\n|-fail|p2a: Araquanid|tox\n|move|p2a: Araquanid|Liquidation|p1a: Salazzle\n|-supereffective|p1a: Salazzle\n|-end|p1a: Salazzle|Substitute\n|\n|-heal|p2a: Araquanid|14\/100 tox|[from] item: Leftovers\n|-damage|p2a: Araquanid|0 fnt|[from] psn\n|faint|p2a: Araquanid\n|upkeep\n|\n|t:|1700719468\n|switch|p2a: Golurk|Golurk|94\/100\n|turn|25\n|\n|t:|1700719474\n|move|p1a: Salazzle|Substitute|p1a: Salazzle\n|-start|p1a: Salazzle|Substitute\n|-damage|p1a: Salazzle|76\/100\n|move|p2a: Golurk|Stone Edge|p1a: Salazzle\n|-supereffective|p1a: Salazzle\n|-end|p1a: Salazzle|Substitute\n|\n|-heal|p1a: Salazzle|82\/100|[from] item: Black Sludge\n|upkeep\n|turn|26\n|\n|t:|1700719483\n|move|p1a: Salazzle|Protect|p1a: Salazzle\n|-singleturn|p1a: Salazzle|Protect\n|move|p2a: Golurk|Stone Edge|p1a: Salazzle\n|-activate|p1a: Salazzle|move: Protect\n|\n|-heal|p1a: Salazzle|88\/100|[from] item: Black Sludge\n|upkeep\n|turn|27\n|\n|t:|1700719492\n|move|p1a: Salazzle|Substitute|p1a: Salazzle\n|-start|p1a: Salazzle|Substitute\n|-damage|p1a: Salazzle|63\/100\n|move|p2a: Golurk|Stone Edge|p1a: Salazzle\n|-supereffective|p1a: Salazzle\n|-end|p1a: Salazzle|Substitute\n|\n|-heal|p1a: Salazzle|70\/100|[from] item: Black Sludge\n|upkeep\n|turn|28\n|\n|t:|1700719502\n|move|p1a: Salazzle|Protect|p1a: Salazzle\n|-singleturn|p1a: Salazzle|Protect\n|move|p2a: Golurk|Mega Kick|p1a: Salazzle\n|-activate|p1a: Salazzle|move: Protect\n|\n|-heal|p1a: Salazzle|76\/100|[from] item: Black Sludge\n|upkeep\n|turn|29\n|\n|t:|1700719514\n|move|p1a: Salazzle|Substitute|p1a: Salazzle\n|-start|p1a: Salazzle|Substitute\n|-damage|p1a: Salazzle|51\/100\n|move|p2a: Golurk|Mega Kick|p1a: Salazzle\n|-end|p1a: Salazzle|Substitute\n|\n|-heal|p1a: Salazzle|57\/100|[from] item: Black Sludge\n|upkeep\n|turn|30\n|\n|t:|1700719523\n|move|p1a: Salazzle|Protect|p1a: Salazzle\n|-singleturn|p1a: Salazzle|Protect\n|move|p2a: Golurk|Mega Kick|p1a: Salazzle\n|-activate|p1a: Salazzle|move: Protect\n|\n|-heal|p1a: Salazzle|63\/100|[from] item: Black Sludge\n|upkeep\n|turn|31\n|\n|t:|1700719532\n|switch|p1a: Sableye|Sableye-Mega, M|36\/100\n|-activate|p1a: Sableye|move: Sticky Web\n|-unboost|p1a: Sableye|spe|1\n|move|p2a: Golurk|Mega Kick|p1a: Sableye\n|-immune|p1a: Sableye\n|\n|upkeep\n|turn|32\n|\n|t:|1700719547\n|-terastallize|p2a: Golurk|Normal\n|move|p1a: Sableye|Protect|p1a: Sableye\n|-singleturn|p1a: Sableye|Protect\n|move|p2a: Golurk|Poltergeist|p1a: Sableye\n|-activate|p1a: Sableye|move: Protect\n|\n|upkeep\n|turn|33\n|\n|t:|1700719560\n|move|p2a: Golurk|Stone Edge|p1a: Sableye\n|-damage|p1a: Sableye|9\/100\n|move|p1a: Sableye|Recover|p1a: Sableye\n|-heal|p1a: Sableye|59\/100\n|\n|upkeep\n|turn|34\n|\n|t:|1700719572\n|move|p2a: Golurk|Stone Edge|p1a: Sableye\n|-crit|p1a: Sableye\n|-damage|p1a: Sableye|18\/100\n|move|p1a: Sableye|Recover|p1a: Sableye\n|-heal|p1a: Sableye|68\/100\n|\n|upkeep\n|turn|35\n|\n|t:|1700719582\n|switch|p2a: Toxtricity|Toxtricity, M|100\/100\n|move|p1a: Sableye|Protect||[still]\n|-fail|p1a: Sableye\n|\n|upkeep\n|turn|36\n|\n|t:|1700719592\n|move|p2a: Toxtricity|Overdrive|p1a: Sableye\n|-damage|p1a: Sableye|0 fnt\n|faint|p1a: Sableye\n|\n|upkeep\n|\n|t:|1700719598\n|switch|p1a: Clodsire|Clodsire, M|100\/100\n|-activate|p1a: Clodsire|move: Sticky Web\n|-unboost|p1a: Clodsire|spe|1\n|turn|37\n|\n|t:|1700719603\n|switch|p2a: Golurk|Golurk, tera:Normal|94\/100\n|move|p1a: Clodsire|Stealth Rock|p2a: Golurk\n|-sidestart|p2: bignutta|move: Stealth Rock\n|\n|upkeep\n|turn|38\n|\n|t:|1700719613\n|move|p2a: Golurk|Poltergeist|p1a: Clodsire\n|-activate|p1a: Clodsire|move: Poltergeist|Black Sludge\n|-damage|p1a: Clodsire|37\/100\n|move|p1a: Clodsire|Toxic|p2a: Golurk\n|-status|p2a: Golurk|tox\n|\n|-heal|p1a: Clodsire|43\/100|[from] item: Black Sludge\n|-damage|p2a: Golurk|88\/100 tox|[from] psn\n|upkeep\n|turn|39\n|\n|t:|1700719624\n|move|p1a: Clodsire|Protect|p1a: Clodsire\n|-singleturn|p1a: Clodsire|Protect\n|move|p2a: Golurk|Poltergeist|p1a: Clodsire\n|-activate|p1a: Clodsire|move: Protect\n|\n|-heal|p1a: Clodsire|50\/100|[from] item: Black Sludge\n|-damage|p2a: Golurk|76\/100 tox|[from] psn\n|upkeep\n|turn|40\n|\n|t:|1700719634\n|switch|p1a: Alomomola|Alomomola, M|100\/100\n|-activate|p1a: Alomomola|move: Sticky Web\n|-unboost|p1a: Alomomola|spe|1\n|move|p2a: Golurk|Poltergeist|p1a: Alomomola\n|-activate|p1a: Alomomola|move: Poltergeist|Leftovers\n|-damage|p1a: Alomomola|69\/100\n|\n|-heal|p1a: Alomomola|75\/100|[from] item: Leftovers\n|-damage|p2a: Golurk|58\/100 tox|[from] psn\n|upkeep\n|turn|41\n|\n|t:|1700719649\n|switch|p2a: Toxtricity|Toxtricity, M|100\/100\n|-damage|p2a: Toxtricity|88\/100|[from] Stealth Rock\n|move|p1a: Alomomola|Wish|p1a: Alomomola\n|\n|-heal|p1a: Alomomola|81\/100|[from] item: Leftovers\n|upkeep\n|turn|42\n|\n|t:|1700719659\n|switch|p2a: Golurk|Golurk, tera:Normal|58\/100 tox\n|-damage|p2a: Golurk|46\/100 tox|[from] Stealth Rock\n|switch|p1a: Clodsire|Clodsire, M|50\/100\n|-activate|p1a: Clodsire|move: Sticky Web\n|-unboost|p1a: Clodsire|spe|1\n|\n|-heal|p1a: Clodsire|100\/100|[from] move: Wish|[wisher] Alomomola\n|-damage|p2a: Golurk|40\/100 tox|[from] psn\n|upkeep\n|turn|43\n|\n|t:|1700719672\n|move|p1a: Clodsire|Protect|p1a: Clodsire\n|-singleturn|p1a: Clodsire|Protect\n|move|p2a: Golurk|Poltergeist|p1a: Clodsire\n|-activate|p1a: Clodsire|move: Protect\n|\n|-damage|p2a: Golurk|28\/100 tox|[from] psn\n|upkeep\n|turn|44\n|\n|t:|1700719681\n|switch|p1a: Alomomola|Alomomola, M|100\/100\n|-activate|p1a: Alomomola|move: Sticky Web\n|-unboost|p1a: Alomomola|spe|1\n|move|p2a: Golurk|Poltergeist|p1a: Alomomola\n|-activate|p1a: Alomomola|move: Poltergeist|Leftovers\n|-damage|p1a: Alomomola|67\/100\n|\n|-heal|p1a: Alomomola|73\/100|[from] item: Leftovers\n|-damage|p2a: Golurk|10\/100 tox|[from] psn\n|upkeep\n|turn|45\n|\n|t:|1700719697\n|switch|p2a: Hitmontop|Hitmontop, M, shiny|67\/100 tox\n|-damage|p2a: Hitmontop|61\/100 tox|[from] Stealth Rock\n|move|p1a: Alomomola|Wish|p1a: Alomomola\n|\n|-heal|p1a: Alomomola|79\/100|[from] item: Leftovers\n|-damage|p2a: Hitmontop|55\/100 tox|[from] psn\n|upkeep\n|turn|46\n|\n|t:|1700719706\n|switch|p1a: Celesteela|Celesteela|100\/100\n|move|p2a: Hitmontop|Fake Out|p1a: Celesteela\n|-resisted|p1a: Celesteela\n|-damage|p1a: Celesteela|95\/100\n|\n|-heal|p1a: Celesteela|100\/100|[from] move: Wish|[wisher] Alomomola\n|-damage|p2a: Hitmontop|43\/100 tox|[from] psn\n|upkeep\n|turn|47\n|\n|t:|1700719717\n|move|p1a: Celesteela|Protect|p1a: Celesteela\n|-singleturn|p1a: Celesteela|Protect\n|move|p2a: Hitmontop|Triple Axel|p1a: Celesteela\n|-activate|p1a: Celesteela|move: Protect\n|\n|-damage|p2a: Hitmontop|25\/100 tox|[from] psn\n|upkeep\n|turn|48\n|\n|t:|1700719726\n|switch|p2a: Toxtricity|Toxtricity, M|88\/100\n|-damage|p2a: Toxtricity|76\/100|[from] Stealth Rock\n|switch|p1a: Alomomola|Alomomola, M|100\/100\n|-activate|p1a: Alomomola|move: Sticky Web\n|-unboost|p1a: Alomomola|spe|1\n|\n|upkeep\n|turn|49\n|\n|t:|1700719738\n|switch|p1a: Clodsire|Clodsire, M|100\/100\n|-activate|p1a: Clodsire|move: Sticky Web\n|-unboost|p1a: Clodsire|spe|1\n|move|p2a: Toxtricity|Boomburst|p1a: Clodsire\n|-damage|p1a: Clodsire|50\/100\n|\n|-heal|p1a: Clodsire|56\/100|[from] item: Black Sludge\n|upkeep\n|turn|50\n|\n|t:|1700719748\n|move|p1a: Clodsire|Protect|p1a: Clodsire\n|-singleturn|p1a: Clodsire|Protect\n|move|p2a: Toxtricity|Boomburst|p1a: Clodsire\n|-activate|p1a: Clodsire|move: Protect\n|\n|-heal|p1a: Clodsire|63\/100|[from] item: Black Sludge\n|upkeep\n|turn|51\n|\n|t:|1700719760\n|switch|p1a: Celesteela|Celesteela|100\/100\n|move|p2a: Toxtricity|Boomburst|p1a: Celesteela\n|-resisted|p1a: Celesteela\n|-damage|p1a: Celesteela|58\/100\n|\n|-heal|p1a: Celesteela|64\/100|[from] item: Leftovers\n|upkeep\n|turn|52\n|\n|t:|1700719770\n|switch|p2a: Hitmontop|Hitmontop, M, shiny|25\/100 tox\n|-damage|p2a: Hitmontop|19\/100 tox|[from] Stealth Rock\n|move|p1a: Celesteela|Leech Seed|p2a: Hitmontop\n|-start|p2a: Hitmontop|move: Leech Seed\n|\n|-heal|p1a: Celesteela|70\/100|[from] item: Leftovers\n|-damage|p2a: Hitmontop|7\/100 tox|[from] Leech Seed|[of] p1a: Celesteela\n|-heal|p1a: Celesteela|79\/100|[silent]\n|-damage|p2a: Hitmontop|1\/100 tox|[from] psn\n|upkeep\n|turn|53\n|\n|t:|1700719782\n|move|p1a: Celesteela|Protect|p1a: Celesteela\n|-singleturn|p1a: Celesteela|Protect\n|move|p2a: Hitmontop|Triple Axel|p1a: Celesteela\n|-activate|p1a: Celesteela|move: Protect\n|\n|-heal|p1a: Celesteela|85\/100|[from] item: Leftovers\n|-damage|p2a: Hitmontop|0 fnt|[from] Leech Seed|[of] p1a: Celesteela\n|-heal|p1a: Celesteela|86\/100|[silent]\n|faint|p2a: Hitmontop\n|upkeep\n|\n|t:|1700719793\n|switch|p2a: Toxtricity|Toxtricity, M|76\/100\n|-damage|p2a: Toxtricity|63\/100|[from] Stealth Rock\n|turn|54\n|\n|t:|1700719800\n|switch|p1a: Clodsire|Clodsire, M|63\/100\n|-activate|p1a: Clodsire|move: Sticky Web\n|-unboost|p1a: Clodsire|spe|1\n|move|p2a: Toxtricity|Boomburst|p1a: Clodsire\n|-damage|p1a: Clodsire|14\/100\n|\n|-heal|p1a: Clodsire|20\/100|[from] item: Black Sludge\n|upkeep\n|turn|55\n|\n|t:|1700719812\n|switch|p2a: Golurk|Golurk, tera:Normal|10\/100 tox\n|-damage|p2a: Golurk|0 fnt|[from] Stealth Rock\n|faint|p2a: Golurk\n|move|p1a: Clodsire|Protect||[still]\n|-fail|p1a: Clodsire\n|\n|-heal|p1a: Clodsire|26\/100|[from] item: Black Sludge\n|upkeep\n|\n|t:|1700719824\n|switch|p2a: Perrserker|Perrserker, F|100\/100\n|-damage|p2a: Perrserker|94\/100|[from] Stealth Rock\n|turn|56\n|\n|t:|1700719829\n|switch|p1a: Celesteela|Celesteela|86\/100\n|move|p2a: Perrserker|Swords Dance|p2a: Perrserker\n|-boost|p2a: Perrserker|atk|2\n|\n|-heal|p1a: Celesteela|92\/100|[from] item: Leftovers\n|-heal|p2a: Perrserker|100\/100|[from] item: Leftovers\n|upkeep\n|turn|57\n|j| Pwapled\n|\n|t:|1700719839\n|move|p1a: Celesteela|Leech Seed|p2a: Perrserker\n|-start|p2a: Perrserker|move: Leech Seed\n|move|p2a: Perrserker|U-turn|p1a: Celesteela\n|-resisted|p1a: Celesteela\n|-damage|p1a: Celesteela|84\/100\n|\n|t:|1700719844\n|switch|p2a: Toxtricity|Toxtricity, M|63\/100|[from] U-turn\n|-damage|p2a: Toxtricity|51\/100|[from] Stealth Rock\n|\n|-heal|p1a: Celesteela|90\/100|[from] item: Leftovers\n|upkeep\n|turn|58\n|\n|t:|1700719855\n|move|p1a: Celesteela|Protect|p1a: Celesteela\n|-singleturn|p1a: Celesteela|Protect\n|move|p2a: Toxtricity|Overdrive|p1a: Celesteela\n|-activate|p1a: Celesteela|move: Protect\n|\n|-heal|p1a: Celesteela|96\/100|[from] item: Leftovers\n|upkeep\n|turn|59\n|\n|t:|1700719864\n|switch|p2a: Perrserker|Perrserker, F|100\/100\n|-damage|p2a: Perrserker|94\/100|[from] Stealth Rock\n|switch|p1a: Clodsire|Clodsire, M|26\/100\n|-activate|p1a: Clodsire|move: Sticky Web\n|-unboost|p1a: Clodsire|spe|1\n|\n|-heal|p2a: Perrserker|100\/100|[from] item: Leftovers\n|-heal|p1a: Clodsire|33\/100|[from] item: Black Sludge\n|upkeep\n|turn|60\n|\n|t:|1700719876\n|switch|p1a: Alomomola|Alomomola, M|100\/100\n|-activate|p1a: Alomomola|move: Sticky Web\n|-unboost|p1a: Alomomola|spe|1\n|move|p2a: Perrserker|Trailblaze|p1a: Alomomola\n|-supereffective|p1a: Alomomola\n|-damage|p1a: Alomomola|83\/100\n|-boost|p2a: Perrserker|spe|1\n|\n|-heal|p1a: Alomomola|89\/100|[from] item: Leftovers\n|upkeep\n|turn|61\n|\n|t:|1700719890\n|move|p1a: Alomomola|Protect|p1a: Alomomola\n|-singleturn|p1a: Alomomola|Protect\n|move|p2a: Perrserker|Swords Dance|p2a: Perrserker\n|-boost|p2a: Perrserker|atk|2\n|\n|-heal|p1a: Alomomola|96\/100|[from] item: Leftovers\n|upkeep\n|turn|62\n|\n|t:|1700719901\n|move|p2a: Perrserker|Trailblaze|p1a: Alomomola\n|-supereffective|p1a: Alomomola\n|-damage|p1a: Alomomola|62\/100\n|-boost|p2a: Perrserker|spe|1\n|move|p1a: Alomomola|Wish|p1a: Alomomola\n|\n|-heal|p1a: Alomomola|68\/100|[from] item: Leftovers\n|upkeep\n|turn|63\n|\n|t:|1700719911\n|switch|p1a: Clodsire|Clodsire, M|33\/100\n|-activate|p1a: Clodsire|move: Sticky Web\n|-unboost|p1a: Clodsire|spe|1\n|move|p2a: Perrserker|Trailblaze|p1a: Clodsire\n|-damage|p1a: Clodsire|0 fnt\n|-boost|p2a: Perrserker|spe|1\n|faint|p1a: Clodsire\n|\n|upkeep\n|\n|t:|1700719922\n|switch|p1a: Togekiss|Togekiss, F|30\/100\n|turn|64\n|\n|t:|1700719927\n|move|p2a: Perrserker|Iron Head|p1a: Togekiss\n|-supereffective|p1a: Togekiss\n|-damage|p1a: Togekiss|0 fnt\n|faint|p1a: Togekiss\n|\n|upkeep\n|-message|Tyson Mikey 976 forfeited.\n|\n|win|bignutta\n|raw|Tyson Mikey 976's rating: 1030 &rarr; <strong>1018<\/strong><br \/>(-12 for losing)\n|raw|bignutta's rating: 1090 &rarr; <strong>1112<\/strong><br \/>(+22 for winning)\n|l|\u2606Tyson Mikey 976\n|c|\u2606bignutta|that dude stalled me for like 60 turns then gives up\n|c|\u2606bignutta|what a cuck\n|l|\u2606bignutta\n|c| Pwapled|thats how you play\n","uploadtime":1700719942,"views":8,"p1id":"tysonmikey976","p2id":"bignutta","formatid":"gen9nationaldex","rating":1018,"private":0,"password":""}