{"id":"gen9nationaldex-1996244269","p1":"TheSunKing1","p2":"Dracaufeu shiny","format":"[Gen 9] National Dex","log":"|html|<div class=\"broadcast-blue\"><strong>[Gen 9] National Dex is currently suspecting Sneasler! For information on how to participate check out the <a href=\"https:\/\/www.smogon.com\/forums\/threads\/sv-national-dex-suspect-8-just-dance.3731534\/\">suspect thread<\/a>.<\/strong><\/div>\n|j|\u2606TheSunKing1\n|j|\u2606Dracaufeu shiny\n|t:|1700663356\n|gametype|singles\n|player|p1|TheSunKing1|morty-masters2|1726\n|player|p2|Dracaufeu shiny|red|1661\n|teamsize|p1|6\n|teamsize|p2|6\n|gen|9\n|tier|[Gen 9] National Dex\n|rated|\n|rule|HP Percentage Mod: HP is shown in percentages\n|rule|Endless Battle Clause: Forcing endless battles is banned\n|rule|OHKO Clause: OHKO moves are banned\n|rule|Evasion Clause: Evasion abilities, items, and moves are banned\n|rule|Evasion Abilities Clause: Evasion abilities are banned\n|rule|Evasion Items Clause: Evasion items are banned\n|rule|Evasion Moves Clause: Evasion moves are banned\n|rule|Species Clause: Limit one of each Pok\u00e9mon\n|rule|Sleep Clause Mod: Limit one foe put to sleep\n|clearpoke\n|poke|p1|Torkoal, F|\n|poke|p1|Leafeon, F|\n|poke|p1|Landorus-Therian, M|\n|poke|p1|Heatran, F|\n|poke|p1|Scizor, F|\n|poke|p1|Houndoom, F|\n|poke|p2|Urshifu-*, F|\n|poke|p2|Samurott-Hisui, F|\n|poke|p2|Diancie|\n|poke|p2|Iron Valiant|\n|poke|p2|Landorus-Therian, M|\n|poke|p2|Dragonite, M|\n|teampreview\n|inactive|Battle timer is ON: inactive players will automatically lose when time's up. (requested by Dracaufeu shiny)\n|\n|t:|1700663381\n|start\n|switch|p1a: Torkoal|Torkoal, F|100\/100\n|switch|p2a: Diancie|Diancie|100\/100\n|-weather|SunnyDay|[from] ability: Drought|[of] p1a: Torkoal\n|turn|1\n|\n|t:|1700663389\n|switch|p1a: Scizor|Scizor, F|100\/100\n|detailschange|p2a: Diancie|Diancie-Mega\n|-mega|p2a: Diancie|Diancie|Diancite\n|move|p2a: Diancie|Stealth Rock|p1a: Scizor\n|-sidestart|p1: TheSunKing1|move: Stealth Rock\n|\n|-weather|SunnyDay|[upkeep]\n|upkeep\n|turn|2\n|\n|t:|1700663396\n|switch|p2a: Landorus|Landorus-Therian, M|100\/100\n|-ability|p2a: Landorus|Intimidate|boost\n|-unboost|p1a: Scizor|atk|1\n|move|p1a: Scizor|Bullet Punch|p2a: Landorus\n|-damage|p2a: Landorus|79\/100\n|\n|-weather|SunnyDay|[upkeep]\n|upkeep\n|turn|3\n|\n|t:|1700663404\n|move|p2a: Landorus|U-turn|p1a: Scizor\n|-resisted|p1a: Scizor\n|-damage|p1a: Scizor|83\/100\n|\n|t:|1700663407\n|switch|p2a: Samurott|Samurott-Hisui, F|100\/100|[from] U-turn\n|move|p1a: Scizor|U-turn|p2a: Samurott\n|-supereffective|p2a: Samurott\n|-damage|p2a: Samurott|48\/100\n|j| cyttorax\n|\n|t:|1700663413\n|switch|p1a: Landorus|Landorus-Therian, M|100\/100|[from] U-turn\n|-damage|p1a: Landorus|88\/100|[from] Stealth Rock\n|-ability|p1a: Landorus|Intimidate|boost\n|-unboost|p2a: Samurott|atk|1\n|\n|-weather|SunnyDay|[upkeep]\n|upkeep\n|turn|4\n|\n|t:|1700663418\n|move|p1a: Landorus|Defog|p2a: Samurott\n|-unboost|p2a: Samurott|evasion|1\n|-sideend|p1: TheSunKing1|Stealth Rock|[from] move: Defog|[of] p1a: Landorus\n|move|p2a: Samurott|Ceaseless Edge|p1a: Landorus|[miss]\n|-miss|p2a: Samurott|p1a: Landorus\n|\n|-weather|SunnyDay|[upkeep]\n|upkeep\n|turn|5\n|\n|t:|1700663424\n|move|p1a: Landorus|U-turn|p2a: Samurott\n|-supereffective|p2a: Samurott\n|-damage|p2a: Samurott|0 fnt\n|faint|p2a: Samurott\n|\n|t:|1700663438\n|switch|p1a: Scizor|Scizor, F|83\/100|[from] U-turn\n|\n|-weather|SunnyDay|[upkeep]\n|upkeep\n|\n|t:|1700663443\n|switch|p2a: Landorus|Landorus-Therian, M|79\/100\n|-ability|p2a: Landorus|Intimidate|boost\n|-unboost|p1a: Scizor|atk|1\n|turn|6\n|\n|t:|1700663449\n|switch|p1a: Landorus|Landorus-Therian, M|88\/100\n|-ability|p1a: Landorus|Intimidate|boost\n|-unboost|p2a: Landorus|atk|1\n|move|p2a: Landorus|U-turn|p1a: Landorus\n|-resisted|p1a: Landorus\n|-damage|p1a: Landorus|76\/100\n|-enditem|p1a: Landorus|Eject Button\n|\n|t:|1700663456\n|switch|p1a: Houndoom|Houndoom, F|100\/100\n|\n|-weather|SunnyDay|[upkeep]\n|upkeep\n|turn|7\n|\n|t:|1700663460\n|detailschange|p1a: Houndoom|Houndoom-Mega, F\n|-mega|p1a: Houndoom|Houndoom|Houndoominite\n|move|p1a: Houndoom|Fire Blast|p2a: Landorus\n|-damage|p2a: Landorus|0 fnt\n|faint|p2a: Landorus\n|\n|-weather|SunnyDay|[upkeep]\n|-damage|p1a: Houndoom|88\/100|[from] ability: Solar Power|[of] p1a: Houndoom\n|upkeep\n|\n|t:|1700663467\n|switch|p2a: Diancie|Diancie-Mega|100\/100\n|turn|8\n|\n|t:|1700663476\n|move|p1a: Houndoom|Fire Blast|p2a: Diancie\n|-resisted|p2a: Diancie\n|-damage|p2a: Diancie|7\/100\n|move|p2a: Diancie|Stealth Rock|p1a: Houndoom\n|-sidestart|p1: TheSunKing1|move: Stealth Rock\n|\n|-weather|none\n|upkeep\n|turn|9\n|\n|t:|1700663487\n|switch|p2a: Dragonite|Dragonite, M|100\/100\n|move|p1a: Houndoom|Dark Pulse|p2a: Dragonite\n|-damage|p2a: Dragonite|77\/100\n|\n|upkeep\n|turn|10\n|\n|t:|1700663493\n|move|p1a: Houndoom|Dark Pulse|p2a: Dragonite\n|-damage|p2a: Dragonite|32\/100\n|move|p2a: Dragonite|Dragon Dance|p2a: Dragonite\n|-boost|p2a: Dragonite|atk|1\n|-boost|p2a: Dragonite|spe|1\n|\n|upkeep\n|turn|11\n|\n|t:|1700663504\n|switch|p1a: Landorus|Landorus-Therian, M|76\/100\n|-damage|p1a: Landorus|63\/100|[from] Stealth Rock\n|-ability|p1a: Landorus|Intimidate|boost\n|-unboost|p2a: Dragonite|atk|1\n|move|p2a: Dragonite|Earthquake|p1a: Landorus\n|-immune|p1a: Landorus\n|\n|upkeep\n|turn|12\n|\n|t:|1700663511\n|move|p2a: Dragonite|Ice Spinner|p1a: Landorus\n|-supereffective|p1a: Landorus\n|-damage|p1a: Landorus|0 fnt\n|faint|p1a: Landorus\n|\n|upkeep\n|\n|t:|1700663521\n|switch|p1a: Scizor|Scizor, F|83\/100\n|turn|13\n|\n|t:|1700663527\n|move|p1a: Scizor|Bullet Punch|p2a: Dragonite\n|-damage|p2a: Dragonite|5\/100\n|move|p2a: Dragonite|Earthquake|p1a: Scizor\n|-damage|p1a: Scizor|51\/100\n|\n|upkeep\n|turn|14\n|\n|t:|1700663537\n|move|p2a: Dragonite|Extreme Speed|p1a: Scizor\n|-resisted|p1a: Scizor\n|-damage|p1a: Scizor|36\/100\n|move|p1a: Scizor|Roost|p1a: Scizor\n|-heal|p1a: Scizor|86\/100\n|-singleturn|p1a: Scizor|move: Roost\n|\n|upkeep\n|turn|15\n|\n|t:|1700663545\n|switch|p2a: Urshifu|Urshifu-Rapid-Strike, F|100\/100\n|move|p1a: Scizor|Swords Dance|p1a: Scizor\n|-boost|p1a: Scizor|atk|2\n|\n|upkeep\n|turn|16\n|\n|t:|1700663559\n|-terastallize|p2a: Urshifu|Water\n|move|p2a: Urshifu|Surging Strikes|p1a: Scizor\n|-crit|p1a: Scizor\n|-damage|p1a: Scizor|63\/100\n|-crit|p1a: Scizor\n|-damage|p1a: Scizor|40\/100\n|-crit|p1a: Scizor\n|-damage|p1a: Scizor|17\/100\n|-hitcount|p1a: Scizor|3\n|move|p1a: Scizor|U-turn|p2a: Urshifu\n|-damage|p2a: Urshifu|36\/100\n|\n|t:|1700663569\n|switch|p1a: Torkoal|Torkoal, F|100\/100|[from] U-turn\n|-damage|p1a: Torkoal|76\/100|[from] Stealth Rock\n|-weather|SunnyDay|[from] ability: Drought|[of] p1a: Torkoal\n|\n|-weather|SunnyDay|[upkeep]\n|upkeep\n|turn|17\n|\n|t:|1700663573\n|move|p2a: Urshifu|Surging Strikes|p1a: Torkoal\n|-supereffective|p1a: Torkoal\n|-crit|p1a: Torkoal\n|-damage|p1a: Torkoal|61\/100\n|-supereffective|p1a: Torkoal\n|-crit|p1a: Torkoal\n|-damage|p1a: Torkoal|44\/100\n|-supereffective|p1a: Torkoal\n|-crit|p1a: Torkoal\n|-damage|p1a: Torkoal|28\/100\n|-hitcount|p1a: Torkoal|3\n|move|p1a: Torkoal|Rapid Spin|p2a: Urshifu\n|-damage|p2a: Urshifu|27\/100\n|-boost|p1a: Torkoal|spe|1\n|-sideend|p1: TheSunKing1|Stealth Rock|[from] move: Rapid Spin|[of] p1a: Torkoal\n|\n|-weather|SunnyDay|[upkeep]\n|upkeep\n|turn|18\n|\n|t:|1700663581\n|move|p2a: Urshifu|Surging Strikes|p1a: Torkoal\n|-supereffective|p1a: Torkoal\n|-crit|p1a: Torkoal\n|-damage|p1a: Torkoal|12\/100\n|-supereffective|p1a: Torkoal\n|-crit|p1a: Torkoal\n|-damage|p1a: Torkoal|0 fnt\n|faint|p1a: Torkoal\n|-hitcount|p1: Torkoal|2\n|\n|-weather|SunnyDay|[upkeep]\n|upkeep\n|\n|t:|1700663583\n|switch|p1a: Leafeon|Leafeon, F|100\/100\n|turn|19\n|\n|t:|1700663587\n|switch|p2a: Diancie|Diancie-Mega|7\/100\n|move|p1a: Leafeon|Solar Blade||[still]\n|-prepare|p1a: Leafeon|Solar Blade\n|-anim|p1a: Leafeon|Solar Blade|p2a: Diancie\n|-supereffective|p2a: Diancie\n|-damage|p2a: Diancie|0 fnt\n|faint|p2a: Diancie\n|-damage|p1a: Leafeon|91\/100|[from] item: Life Orb\n|\n|-weather|SunnyDay|[upkeep]\n|upkeep\n|\n|t:|1700663589\n|switch|p2a: Dragonite|Dragonite, M|5\/100\n|turn|20\n|\n|t:|1700663591\n|move|p2a: Dragonite|Extreme Speed|p1a: Leafeon\n|-damage|p1a: Leafeon|60\/100\n|move|p1a: Leafeon|Solar Blade||[still]\n|-prepare|p1a: Leafeon|Solar Blade\n|-anim|p1a: Leafeon|Solar Blade|p2a: Dragonite\n|-resisted|p2a: Dragonite\n|-damage|p2a: Dragonite|0 fnt\n|faint|p2a: Dragonite\n|-damage|p1a: Leafeon|50\/100|[from] item: Life Orb\n|\n|-weather|SunnyDay|[upkeep]\n|upkeep\n|\n|t:|1700663605\n|switch|p2a: Iron Valiant|Iron Valiant|100\/100\n|-enditem|p2a: Iron Valiant|Booster Energy\n|-activate|p2a: Iron Valiant|ability: Quark Drive|[fromitem]\n|-start|p2a: Iron Valiant|quarkdrivespe\n|turn|21\n|\n|t:|1700663608\n|move|p1a: Leafeon|Solar Blade||[still]\n|-prepare|p1a: Leafeon|Solar Blade\n|-anim|p1a: Leafeon|Solar Blade|p2a: Iron Valiant\n|-damage|p2a: Iron Valiant|0 fnt\n|faint|p2a: Iron Valiant\n|-end|p2a: Iron Valiant|Quark Drive|[silent]\n|-damage|p1a: Leafeon|40\/100|[from] item: Life Orb\n|\n|-weather|SunnyDay|[upkeep]\n|upkeep\n|-message|Dracaufeu shiny forfeited.\n|\n|win|TheSunKing1\n|raw|TheSunKing1's rating: 1726 &rarr; <strong>1742<\/strong><br \/>(+16 for winning)\n|raw|Dracaufeu shiny's rating: 1661 &rarr; <strong>1645<\/strong><br \/>(-16 for losing)\n|l|\u2606Dracaufeu shiny\n","uploadtime":1700663621,"views":0,"p1id":"thesunking1","p2id":"dracaufeushiny","formatid":"gen9nationaldex","rating":1645,"private":0,"password":""}