{"id":"gen9nationaldex-1992431094","p1":"Ezael_Stormblood","p2":"NitebladeGod","format":"[Gen 9] National Dex","log":"|j|\u2606Ezael_Stormblood\n|j|\u2606NitebladeGod\n|t:|1700186752\n|gametype|singles\n|player|p1|Ezael_Stormblood|hiker-gen4|1127\n|player|p2|NitebladeGod|266|1040\n|teamsize|p1|6\n|teamsize|p2|2\n|gen|9\n|tier|[Gen 9] National Dex\n|rated|\n|rule|HP Percentage Mod: HP is shown in percentages\n|rule|Endless Battle Clause: Forcing endless battles is banned\n|rule|OHKO Clause: OHKO moves are banned\n|rule|Evasion Clause: Evasion abilities, items, and moves are banned\n|rule|Evasion Abilities Clause: Evasion abilities are banned\n|rule|Evasion Items Clause: Evasion items are banned\n|rule|Evasion Moves Clause: Evasion moves are banned\n|rule|Species Clause: Limit one of each Pok\u00e9mon\n|rule|Sleep Clause Mod: Limit one foe put to sleep\n|clearpoke\n|poke|p1|Spiritomb, M|\n|poke|p1|Milotic, F|\n|poke|p1|Lucario, F|\n|poke|p1|Absol, F|\n|poke|p1|Garchomp, F|\n|poke|p1|Togekiss, F|\n|poke|p2|Latias, F|\n|poke|p2|Empoleon, F|\n|teampreview\n|\n|t:|1700186764\n|start\n|switch|p1a: Spiritomb|Spiritomb, M|100\/100\n|switch|p2a: Latias|Latias, F|100\/100\n|turn|1\n|\n|t:|1700186773\n|detailschange|p2a: Latias|Latias-Mega, F\n|-mega|p2a: Latias|Latias|Latiasite\n|move|p1a: Spiritomb|Sucker Punch||[still]\n|-fail|p1a: Spiritomb\n|move|p2a: Latias|Light Screen|p2a: Latias\n|-sidestart|p2: NitebladeGod|move: Light Screen\n|\n|upkeep\n|turn|2\n|\n|t:|1700186778\n|move|p2a: Latias|Reflect|p2a: Latias\n|-sidestart|p2: NitebladeGod|Reflect\n|move|p1a: Spiritomb|Poltergeist|p2a: Latias\n|-activate|p2a: Latias|move: Poltergeist|Latiasite\n|-supereffective|p2a: Latias\n|-damage|p2a: Latias|15\/100\n|\n|upkeep\n|turn|3\n|\n|t:|1700186787\n|move|p1a: Spiritomb|Sucker Punch||[still]\n|-fail|p1a: Spiritomb\n|move|p2a: Latias|Rain Dance|p2a: Latias\n|-weather|RainDance\n|\n|-weather|RainDance|[upkeep]\n|upkeep\n|turn|4\n|\n|t:|1700186792\n|switch|p2a: Empoleon|Empoleon, F, shiny|100\/100\n|move|p1a: Spiritomb|Poltergeist|p2a: Empoleon\n|-activate|p2a: Empoleon|move: Poltergeist|Life Orb\n|-damage|p2a: Empoleon|37\/100\n|\n|-weather|RainDance|[upkeep]\n|upkeep\n|turn|5\n|\n|t:|1700186801\n|move|p2a: Empoleon|Agility|p2a: Empoleon\n|-boost|p2a: Empoleon|spe|2\n|move|p1a: Spiritomb|Will-O-Wisp|p2a: Empoleon|[miss]\n|-miss|p1a: Spiritomb|p2a: Empoleon\n|\n|-weather|RainDance|[upkeep]\n|-sideend|p2: NitebladeGod|move: Light Screen\n|upkeep\n|turn|6\n|\n|t:|1700186807\n|-terastallize|p2a: Empoleon|Water\n|move|p2a: Empoleon|Swords Dance|p2a: Empoleon\n|-boost|p2a: Empoleon|atk|2\n|move|p1a: Spiritomb|Will-O-Wisp|p2a: Empoleon\n|-status|p2a: Empoleon|brn\n|\n|-weather|RainDance|[upkeep]\n|-damage|p2a: Empoleon|31\/100 brn|[from] brn\n|-sideend|p2: NitebladeGod|Reflect\n|upkeep\n|turn|7\n|\n|t:|1700186817\n|move|p2a: Empoleon|Liquidation|p1a: Spiritomb\n|-damage|p1a: Spiritomb|18\/100\n|-enditem|p1a: Spiritomb|Mago Berry|[eat]\n|-heal|p1a: Spiritomb|51\/100|[from] item: Mago Berry\n|-damage|p2a: Empoleon|21\/100 brn|[from] item: Life Orb\n|move|p1a: Spiritomb|Disable|p2a: Empoleon\n|-start|p2a: Empoleon|Disable|Liquidation\n|\n|-weather|none\n|-damage|p2a: Empoleon|15\/100 brn|[from] brn\n|upkeep\n|turn|8\n|\n|t:|1700186828\n|move|p1a: Spiritomb|Sucker Punch|p2a: Empoleon\n|-damage|p2a: Empoleon|0 fnt\n|faint|p2a: Empoleon\n|\n|upkeep\n|-message|NitebladeGod forfeited.\n|\n|win|Ezael_Stormblood\n|raw|Ezael_Stormblood's rating: 1127 &rarr; <strong>1146<\/strong><br \/>(+19 for winning)\n|raw|NitebladeGod's rating: 1040 &rarr; <strong>1028<\/strong><br \/>(-12 for losing)\n|l|\u2606NitebladeGod\n|c|\u2606Ezael_Stormblood|gg\n","uploadtime":1700186846,"views":4,"p1id":"ezaelstormblood","p2id":"nitebladegod","formatid":"gen9nationaldex","rating":1028,"private":0,"password":""}