{"id":"gen9nationaldex-1992968894","p1":"Oxxo_ntsm","p2":"JesusPizzaCrusher","format":"[Gen 9] National Dex","log":"|j|\u2606Oxxo_ntsm\n|j|\u2606JesusPizzaCrusher\n|t:|1700251268\n|gametype|singles\n|player|p1|Oxxo_ntsm|hilbert-wonderlauncher|\n|player|p2|JesusPizzaCrusher|hugh|\n|teamsize|p1|6\n|teamsize|p2|6\n|gen|9\n|tier|[Gen 9] National Dex\n|rule|HP Percentage Mod: HP is shown in percentages\n|rule|Endless Battle Clause: Forcing endless battles is banned\n|rule|OHKO Clause: OHKO moves are banned\n|rule|Evasion Clause: Evasion abilities, items, and moves are banned\n|rule|Evasion Abilities Clause: Evasion abilities are banned\n|rule|Evasion Items Clause: Evasion items are banned\n|rule|Evasion Moves Clause: Evasion moves are banned\n|rule|Species Clause: Limit one of each Pok\u00e9mon\n|rule|Sleep Clause Mod: Limit one foe put to sleep\n|clearpoke\n|poke|p1|Charizard, M|\n|poke|p1|Volcarona, F|\n|poke|p1|Victini|\n|poke|p1|Ceruledge, M|\n|poke|p1|Chandelure, F|\n|poke|p1|Flareon, M|\n|poke|p2|Galvantula, F|\n|poke|p2|Heracross, F|\n|poke|p2|Volcarona, F|\n|poke|p2|Yanmega, F|\n|poke|p2|Crustle, F|\n|poke|p2|Kleavor, F|\n|teampreview\n|inactive|Battle timer is ON: inactive players will automatically lose when time's up. (requested by Oxxo_ntsm)\n|c|\u2606Oxxo_ntsm|Buena suerte\n|c|\u2606JesusPizzaCrusher|gracias\n|c|\u2606JesusPizzaCrusher|tambien a vos\n|c|\u2606JesusPizzaCrusher|diviertete\n|\n|t:|1700251295\n|start\n|switch|p1a: Nacho|Flareon, M|100\/100\n|switch|p2a: Galvantula|Galvantula, F, shiny|100\/100\n|turn|1\n|\n|t:|1700251306\n|move|p1a: Nacho|Protect|p1a: Nacho\n|-singleturn|p1a: Nacho|Protect\n|move|p2a: Galvantula|Thunder Wave|p1a: Nacho\n|-activate|p1a: Nacho|move: Protect\n|\n|upkeep\n|turn|2\n|\n|t:|1700251320\n|move|p2a: Galvantula|Thunder Wave|p1a: Nacho\n|-status|p1a: Nacho|par\n|move|p1a: Nacho|Flare Blitz|p2a: Galvantula\n|-supereffective|p2a: Galvantula\n|-enditem|p2a: Galvantula|Focus Sash\n|-damage|p2a: Galvantula|1\/100\n|-damage|p1a: Nacho|73\/100 par|[from] Recoil\n|\n|-heal|p1a: Nacho|79\/100 par|[from] item: Leftovers\n|upkeep\n|turn|3\n|\n|t:|1700251332\n|move|p2a: Galvantula|Sticky Web|p1a: Nacho\n|-sidestart|p1: Oxxo_ntsm|move: Sticky Web\n|cant|p1a: Nacho|par\n|\n|-heal|p1a: Nacho|85\/100 par|[from] item: Leftovers\n|upkeep\n|turn|4\n|\n|t:|1700251339\n|move|p2a: Galvantula|Discharge|p1a: Nacho\n|-damage|p1a: Nacho|59\/100 par\n|cant|p1a: Nacho|par\n|\n|-heal|p1a: Nacho|65\/100 par|[from] item: Leftovers\n|upkeep\n|turn|5\n|\n|t:|1700251348\n|move|p2a: Galvantula|Discharge|p1a: Nacho\n|-damage|p1a: Nacho|40\/100 par\n|move|p1a: Nacho|Flare Blitz|p2a: Galvantula\n|-supereffective|p2a: Galvantula\n|-damage|p2a: Galvantula|0 fnt\n|faint|p2a: Galvantula\n|-damage|p1a: Nacho|40\/100 par|[from] Recoil\n|\n|-heal|p1a: Nacho|46\/100 par|[from] item: Leftovers\n|upkeep\n|\n|t:|1700251359\n|switch|p2a: Kleavor|Kleavor, F|100\/100\n|turn|6\n|\n|t:|1700251365\n|move|p1a: Nacho|Protect|p1a: Nacho\n|-singleturn|p1a: Nacho|Protect\n|move|p2a: Kleavor|Stone Axe|p1a: Nacho\n|-activate|p1a: Nacho|move: Protect\n|\n|-heal|p1a: Nacho|52\/100 par|[from] item: Leftovers\n|upkeep\n|turn|7\n|\n|t:|1700251375\n|move|p2a: Kleavor|Stone Axe|p1a: Nacho\n|-supereffective|p1a: Nacho\n|-damage|p1a: Nacho|0 fnt\n|-sidestart|p1: Oxxo_ntsm|move: Stealth Rock\n|faint|p1a: Nacho\n|\n|upkeep\n|\n|t:|1700251383\n|switch|p1a: Shin Chan|Chandelure, F|100\/100\n|-activate|p1a: Shin Chan|move: Sticky Web\n|-unboost|p1a: Shin Chan|spe|1\n|-damage|p1a: Shin Chan|76\/100|[from] Stealth Rock\n|turn|8\n|\n|t:|1700251392\n|-terastallize|p1a: Shin Chan|Water\n|move|p2a: Kleavor|Stone Axe|p1a: Shin Chan\n|-damage|p1a: Shin Chan|4\/100\n|-enditem|p1a: Shin Chan|Aguav Berry|[eat]\n|-heal|p1a: Shin Chan|37\/100|[from] item: Aguav Berry\n|move|p1a: Shin Chan|Hidden Power|p2a: Kleavor\n|-supereffective|p2a: Kleavor\n|-damage|p2a: Kleavor|0 fnt\n|faint|p2a: Kleavor\n|\n|upkeep\n|\n|t:|1700251403\n|switch|p2a: Yanmega|Yanmega, F, shiny|100\/100\n|turn|9\n|\n|t:|1700251408\n|move|p2a: Yanmega|Detect|p2a: Yanmega\n|-singleturn|p2a: Yanmega|Protect\n|move|p1a: Shin Chan|Shadow Ball|p2a: Yanmega\n|-activate|p2a: Yanmega|move: Protect\n|\n|-ability|p2a: Yanmega|Speed Boost|boost\n|-boost|p2a: Yanmega|spe|1\n|upkeep\n|turn|10\n|\n|t:|1700251418\n|move|p2a: Yanmega|Bug Buzz|p1a: Shin Chan\n|-damage|p1a: Shin Chan|0 fnt\n|faint|p1a: Shin Chan\n|\n|-ability|p2a: Yanmega|Speed Boost|boost\n|-boost|p2a: Yanmega|spe|1\n|upkeep\n|\n|t:|1700251425\n|switch|p1a: Mothra|Volcarona, F|100\/100\n|turn|11\n|\n|t:|1700251430\n|move|p2a: Yanmega|Air Slash|p1a: Mothra\n|-supereffective|p1a: Mothra\n|-damage|p1a: Mothra|20\/100\n|move|p1a: Mothra|Quiver Dance|p1a: Mothra\n|-boost|p1a: Mothra|spa|1\n|-boost|p1a: Mothra|spd|1\n|-boost|p1a: Mothra|spe|1\n|\n|-ability|p2a: Yanmega|Speed Boost|boost\n|-boost|p2a: Yanmega|spe|1\n|upkeep\n|turn|12\n|\n|t:|1700251440\n|move|p2a: Yanmega|Air Slash|p1a: Mothra\n|-supereffective|p1a: Mothra\n|-damage|p1a: Mothra|0 fnt\n|faint|p1a: Mothra\n|\n|-ability|p2a: Yanmega|Speed Boost|boost\n|-boost|p2a: Yanmega|spe|1\n|upkeep\n|c|\u2606JesusPizzaCrusher|bonk\n|\n|t:|1700251452\n|switch|p1a: Vic|Victini|100\/100\n|-activate|p1a: Vic|move: Sticky Web\n|-unboost|p1a: Vic|spe|1\n|-damage|p1a: Vic|76\/100|[from] Stealth Rock\n|turn|13\n|\n|t:|1700251459\n|move|p2a: Yanmega|Air Slash|p1a: Vic\n|-damage|p1a: Vic|50\/100\n|cant|p1a: Vic|flinch\n|\n|-ability|p2a: Yanmega|Speed Boost|boost\n|-boost|p2a: Yanmega|spe|1\n|upkeep\n|turn|14\n|c|\u2606Oxxo_ntsm|Que suerte xd\n|\n|t:|1700251474\n|move|p2a: Yanmega|Air Slash|p1a: Vic\n|-damage|p1a: Vic|26\/100\n|move|p1a: Vic|Fusion Bolt|p2a: Yanmega\n|-supereffective|p2a: Yanmega\n|-damage|p2a: Yanmega|21\/100\n|\n|-ability|p2a: Yanmega|Speed Boost|boost\n|-boost|p2a: Yanmega|spe|1\n|upkeep\n|turn|15\n|c|\u2606JesusPizzaCrusher|sis\n|c|\u2606JesusPizzaCrusher|lo raro es que usualmente me falta suerte en otros juegos\n|c|\u2606JesusPizzaCrusher|supongo que los bichos me dan poder xd\n|\n|t:|1700251497\n|move|p2a: Yanmega|Air Slash|p1a: Vic\n|-damage|p1a: Vic|3\/100\n|cant|p1a: Vic|flinch\n|\n|upkeep\n|turn|16\n|c|\u2606Oxxo_ntsm|Noooo\n|c|\u2606Oxxo_ntsm|Mierda xd\n|\n|t:|1700251515\n|move|p2a: Yanmega|Air Slash|p1a: Vic\n|-damage|p1a: Vic|0 fnt\n|faint|p1a: Vic\n|\n|upkeep\n|c|\u2606JesusPizzaCrusher|grande yanmega\n|\n|t:|1700251520\n|switch|p1a: Anakin|Ceruledge, M|100\/100\n|-activate|p1a: Anakin|move: Sticky Web\n|-unboost|p1a: Anakin|spe|1\n|-damage|p1a: Anakin|76\/100|[from] Stealth Rock\n|turn|17\n|c|\u2606JesusPizzaCrusher|IT'S OVER ANAKIN\n|c|\u2606JesusPizzaCrusher|I HAVE THE HIGH GROUND\n|\n|t:|1700251548\n|move|p2a: Yanmega|Air Slash|p1a: Anakin\n|-damage|p1a: Anakin|30\/100\n|move|p1a: Anakin|Bitter Blade|p2a: Yanmega\n|-supereffective|p2a: Yanmega\n|-damage|p2a: Yanmega|0 fnt\n|-heal|p1a: Anakin|42\/100|[from] drain|[of] p2a: Yanmega\n|faint|p2a: Yanmega\n|\n|upkeep\n|inactive|JesusPizzaCrusher has 270 seconds left.\n|\n|t:|1700251558\n|switch|p2a: Battra|Volcarona, F|100\/100\n|turn|18\n|c|\u2606Oxxo_ntsm|Not this time Obi Wan\n|\n|t:|1700251569\n|-terastallize|p2a: Battra|Fire\n|move|p2a: Battra|Quiver Dance|p2a: Battra\n|-boost|p2a: Battra|spa|1\n|-boost|p2a: Battra|spd|1\n|-boost|p2a: Battra|spe|1\n|move|p1a: Anakin|Bitter Blade|p2a: Battra\n|-resisted|p2a: Battra\n|-damage|p2a: Battra|81\/100\n|-heal|p1a: Anakin|54\/100|[from] drain|[of] p2a: Battra\n|\n|upkeep\n|turn|19\n|inactive|JesusPizzaCrusher has 270 seconds left.\n|\n|t:|1700251585\n|move|p2a: Battra|Quiver Dance|p2a: Battra\n|-boost|p2a: Battra|spa|1\n|-boost|p2a: Battra|spd|1\n|-boost|p2a: Battra|spe|1\n|move|p1a: Anakin|Psycho Cut|p2a: Battra\n|-damage|p2a: Battra|58\/100\n|\n|upkeep\n|turn|20\n|\n|t:|1700251598\n|move|p2a: Battra|Roost|p2a: Battra\n|-heal|p2a: Battra|100\/100\n|move|p1a: Anakin|Night Slash|p2a: Battra\n|-damage|p2a: Battra|79\/100\n|\n|upkeep\n|turn|21\n|\n|t:|1700251605\n|move|p2a: Battra|Air Slash|p1a: Anakin\n|-damage|p1a: Anakin|3\/100\n|cant|p1a: Anakin|flinch\n|\n|upkeep\n|turn|22\n|c|\u2606Oxxo_ntsm|Joder xd\n|\n|t:|1700251620\n|move|p2a: Battra|Air Slash|p1a: Anakin\n|-damage|p1a: Anakin|0 fnt\n|faint|p1a: Anakin\n|\n|upkeep\n|\n|t:|1700251625\n|switch|p1a: Destripachorizo|Charizard, M, shiny|100\/100\n|-damage|p1a: Destripachorizo|51\/100|[from] Stealth Rock\n|turn|23\n|c|\u2606JesusPizzaCrusher|momento flinch xd\n|\n|t:|1700251635\n|detailschange|p1a: Destripachorizo|Charizard-Mega-Y, M, shiny\n|-mega|p1a: Destripachorizo|Charizard|Charizardite Y\n|-weather|SunnyDay|[from] ability: Drought|[of] p1a: Destripachorizo\n|move|p2a: Battra|Air Slash|p1a: Destripachorizo\n|-damage|p1a: Destripachorizo|2\/100\n|move|p1a: Destripachorizo|Ancient Power|p2a: Battra\n|-supereffective|p2a: Battra\n|-damage|p2a: Battra|57\/100\n|\n|-weather|SunnyDay|[upkeep]\n|upkeep\n|turn|24\n|c|\u2606JesusPizzaCrusher|SIGUE VIVO\n|c|\u2606Oxxo_ntsm|gg\n|\n|t:|1700251654\n|move|p2a: Battra|Air Slash|p1a: Destripachorizo\n|-damage|p1a: Destripachorizo|0 fnt\n|faint|p1a: Destripachorizo\n|\n|win|JesusPizzaCrusher\n|c|\u2606JesusPizzaCrusher|*seguia\n|c|\u2606JesusPizzaCrusher|gg\n|c|\u2606JesusPizzaCrusher|tuvo bueno\n|l|\u2606Oxxo_ntsm\n","uploadtime":1700251669,"views":8,"p1id":"oxxontsm","p2id":"jesuspizzacrusher","formatid":"gen9nationaldex","rating":0,"private":0,"password":""}