{"id":"gen9nationaldex-1989131296","p1":"BoltonX","p2":"xtheghostfairyx","format":"[Gen 9] National Dex","log":"|j|\u2606BoltonX\n|j|\u2606xtheghostfairyx\n|t:|1699815575\n|gametype|singles\n|player|p1|BoltonX|dragontamer|\n|player|p2|xtheghostfairyx|266|\n|teamsize|p1|6\n|teamsize|p2|6\n|gen|9\n|tier|[Gen 9] National Dex\n|rule|HP Percentage Mod: HP is shown in percentages\n|rule|Endless Battle Clause: Forcing endless battles is banned\n|rule|OHKO Clause: OHKO moves are banned\n|rule|Evasion Clause: Evasion abilities, items, and moves are banned\n|rule|Evasion Abilities Clause: Evasion abilities are banned\n|rule|Evasion Items Clause: Evasion items are banned\n|rule|Evasion Moves Clause: Evasion moves are banned\n|rule|Species Clause: Limit one of each Pok\u00e9mon\n|rule|Sleep Clause Mod: Limit one foe put to sleep\n|clearpoke\n|poke|p1|Goodra-Hisui, M|\n|poke|p1|Togekiss, M|\n|poke|p1|Infernape, M|\n|poke|p1|Krookodile, M|\n|poke|p1|Electrode-Hisui|\n|poke|p1|Klefki, M|\n|poke|p2|Swampert, F|\n|poke|p2|Charizard, M|\n|poke|p2|Gardevoir, F|\n|poke|p2|Walrein, F|\n|poke|p2|Jolteon, F|\n|poke|p2|Victreebel, M|\n|teampreview\n|\n|t:|1699815587\n|start\n|switch|p1a: Cobalt|Togekiss, M, shiny|100\/100\n|switch|p2a: Ruby|Charizard, M|100\/100\n|turn|1\n|\n|t:|1699815600\n|move|p1a: Cobalt|Ancient Power|p2a: Ruby\n|-supereffective|p2a: Ruby\n|-damage|p2a: Ruby|0 fnt\n|faint|p2a: Ruby\n|\n|upkeep\n|\n|t:|1699815608\n|switch|p2a: Frostii|Walrein, F|100\/100\n|turn|2\n|\n|t:|1699815624\n|switch|p1a: Gary|Goodra-Hisui, M, shiny|100\/100\n|-terastallize|p2a: Frostii|Ice\n|move|p2a: Frostii|Ice Beam|p1a: Gary\n|-damage|p1a: Gary|74\/100\n|\n|-heal|p1a: Gary|80\/100|[from] item: Leftovers\n|upkeep\n|turn|3\n|\n|t:|1699815636\n|move|p2a: Frostii|Iron Head|p1a: Gary\n|-resisted|p1a: Gary\n|-damage|p1a: Gary|72\/100\n|move|p1a: Gary|Flash Cannon|p2a: Frostii\n|-supereffective|p2a: Frostii\n|-damage|p2a: Frostii|34\/100\n|\n|-heal|p1a: Gary|79\/100|[from] item: Leftovers\n|upkeep\n|turn|4\n|\n|t:|1699815662\n|move|p2a: Frostii|Earthquake|p1a: Gary\n|-supereffective|p1a: Gary\n|-damage|p1a: Gary|43\/100\n|move|p1a: Gary|Flash Cannon|p2a: Frostii\n|-supereffective|p2a: Frostii\n|-damage|p2a: Frostii|0 fnt\n|faint|p2a: Frostii\n|\n|-heal|p1a: Gary|49\/100|[from] item: Leftovers\n|upkeep\n|\n|t:|1699815672\n|switch|p2a: Sapphire|Swampert, F|100\/100\n|turn|5\n|\n|t:|1699815676\n|switch|p1a: Cobalt|Togekiss, M, shiny|100\/100\n|move|p2a: Sapphire|Earthquake|p1a: Cobalt\n|-immune|p1a: Cobalt\n|\n|upkeep\n|turn|6\n|\n|t:|1699815684\n|move|p1a: Cobalt|Grass Knot|p2a: Sapphire\n|-supereffective|p2a: Sapphire\n|-damage|p2a: Sapphire|0 fnt\n|faint|p2a: Sapphire\n|\n|upkeep\n|\n|t:|1699815693\n|switch|p2a: Topaz|Jolteon, F|100\/100\n|turn|7\n|\n|t:|1699815696\n|switch|p1a: Lil Neeky|Krookodile, M|100\/100\n|move|p2a: Topaz|Thunderbolt|p1a: Lil Neeky\n|-immune|p1a: Lil Neeky\n|\n|upkeep\n|turn|8\n|\n|t:|1699815715\n|move|p1a: Lil Neeky|Earthquake|p2a: Topaz\n|-supereffective|p2a: Topaz\n|-damage|p2a: Topaz|0 fnt\n|faint|p2a: Topaz\n|-ability|p1a: Lil Neeky|Moxie|boost\n|-boost|p1a: Lil Neeky|atk|1\n|\n|upkeep\n|\n|t:|1699815726\n|switch|p2a: Victreebel|Victreebel, M|100\/100\n|turn|9\n|\n|t:|1699815744\n|move|p1a: Lil Neeky|Earthquake|p2a: Victreebel\n|-damage|p2a: Victreebel|0 fnt\n|faint|p2a: Victreebel\n|-ability|p1a: Lil Neeky|Moxie|boost\n|-boost|p1a: Lil Neeky|atk|1\n|\n|upkeep\n|\n|t:|1699815750\n|switch|p2a: Jade|Gardevoir, F|100\/100\n|turn|10\n|\n|t:|1699815755\n|move|p1a: Lil Neeky|Earthquake|p2a: Jade\n|-damage|p2a: Jade|0 fnt\n|faint|p2a: Jade\n|\n|win|BoltonX\n|c|\u2606BoltonX|gg\n","uploadtime":1699815768,"views":51,"p1id":"boltonx","p2id":"xtheghostfairyx","formatid":"gen9nationaldex","rating":0,"private":0,"password":""}