{"id":"gen9nationaldex-1998092956","p1":"OffbrandE","p2":"MMM12341234124","format":"[Gen 9] National Dex","log":"|html|<div class=\"broadcast-blue\"><strong>[Gen 9] National Dex is currently suspecting Sneasler! For information on how to participate check out the <a href=\"https:\/\/www.smogon.com\/forums\/threads\/sv-national-dex-suspect-8-just-dance.3731534\/\">suspect thread<\/a>.<\/strong><\/div>\n|j|\u2606OffbrandE\n|j|\u2606MMM12341234124\n|t:|1700890080\n|gametype|singles\n|player|p1|OffbrandE|102|1497\n|player|p2|MMM12341234124|iris|1527\n|teamsize|p1|6\n|teamsize|p2|6\n|gen|9\n|tier|[Gen 9] National Dex\n|rated|\n|rule|HP Percentage Mod: HP is shown in percentages\n|rule|Endless Battle Clause: Forcing endless battles is banned\n|rule|OHKO Clause: OHKO moves are banned\n|rule|Evasion Clause: Evasion abilities, items, and moves are banned\n|rule|Evasion Abilities Clause: Evasion abilities are banned\n|rule|Evasion Items Clause: Evasion items are banned\n|rule|Evasion Moves Clause: Evasion moves are banned\n|rule|Species Clause: Limit one of each Pok\u00e9mon\n|rule|Sleep Clause Mod: Limit one foe put to sleep\n|clearpoke\n|poke|p1|Tornadus-Therian, M|\n|poke|p1|Gliscor, F|\n|poke|p1|Clodsire, F|\n|poke|p1|Scizor, F|\n|poke|p1|Rotom-Wash|\n|poke|p1|Urshifu-*, F|\n|poke|p2|Nihilego|\n|poke|p2|Ting-Lu|\n|poke|p2|Moltres|\n|poke|p2|Scizor, M|\n|poke|p2|Kommo-o, F|\n|poke|p2|Sandy Shocks|\n|teampreview\n|inactive|Battle timer is ON: inactive players will automatically lose when time's up. (requested by MMM12341234124)\n|\n|t:|1700890094\n|start\n|switch|p1a: Scizor|Scizor, F|100\/100\n|switch|p2a: \u770b\u5230\u53d7\u961f\u5c31\u6295|Ting-Lu|100\/100\n|-ability|p2a: \u770b\u5230\u53d7\u961f\u5c31\u6295|Vessel of Ruin\n|turn|1\n|\n|t:|1700890108\n|switch|p2a: Moltres|Moltres|100\/100\n|detailschange|p1a: Scizor|Scizor-Mega, F\n|-mega|p1a: Scizor|Scizor|Scizorite\n|move|p1a: Scizor|U-turn|p2a: Moltres\n|-resisted|p2a: Moltres\n|-damage|p2a: Moltres|93\/100\n|\n|t:|1700890127\n|switch|p1a: Rotom|Rotom-Wash|100\/100|[from] U-turn\n|\n|upkeep\n|turn|2\n|\n|t:|1700890141\n|switch|p2a: \u770b\u5230\u53d7\u961f\u5c31\u6295|Ting-Lu|100\/100\n|-ability|p2a: \u770b\u5230\u53d7\u961f\u5c31\u6295|Vessel of Ruin\n|move|p1a: Rotom|Volt Switch|p2a: \u770b\u5230\u53d7\u961f\u5c31\u6295\n|-immune|p2a: \u770b\u5230\u53d7\u961f\u5c31\u6295\n|\n|upkeep\n|turn|3\n|\n|t:|1700890149\n|move|p1a: Rotom|Will-O-Wisp|p2a: \u770b\u5230\u53d7\u961f\u5c31\u6295\n|-status|p2a: \u770b\u5230\u53d7\u961f\u5c31\u6295|brn\n|move|p2a: \u770b\u5230\u53d7\u961f\u5c31\u6295|Stealth Rock|p1a: Rotom\n|-sidestart|p1: OffbrandE|move: Stealth Rock\n|\n|-damage|p2a: \u770b\u5230\u53d7\u961f\u5c31\u6295|94\/100 brn|[from] brn\n|upkeep\n|turn|4\n|\n|t:|1700890158\n|switch|p1a: Gliscor|Gliscor, F|100\/100\n|-damage|p1a: Gliscor|88\/100|[from] Stealth Rock\n|move|p2a: \u770b\u5230\u53d7\u961f\u5c31\u6295|Ruination|p1a: Gliscor\n|-damage|p1a: Gliscor|44\/100\n|\n|-heal|p2a: \u770b\u5230\u53d7\u961f\u5c31\u6295|100\/100 brn|[from] item: Leftovers\n|-damage|p2a: \u770b\u5230\u53d7\u961f\u5c31\u6295|94\/100 brn|[from] brn\n|-status|p1a: Gliscor|tox|[from] item: Toxic Orb\n|upkeep\n|turn|5\n|\n|t:|1700890171\n|move|p1a: Gliscor|Spikes|p2a: \u770b\u5230\u53d7\u961f\u5c31\u6295\n|-sidestart|p2: MMM12341234124|Spikes\n|move|p2a: \u770b\u5230\u53d7\u961f\u5c31\u6295|Whirlwind|p1a: Gliscor\n|drag|p1a: Scizor|Scizor-Mega, F|100\/100\n|-damage|p1a: Scizor|88\/100|[from] Stealth Rock\n|\n|-heal|p2a: \u770b\u5230\u53d7\u961f\u5c31\u6295|100\/100 brn|[from] item: Leftovers\n|-damage|p2a: \u770b\u5230\u53d7\u961f\u5c31\u6295|94\/100 brn|[from] brn\n|upkeep\n|turn|6\n|\n|t:|1700890183\n|switch|p1a: Gliscor|Gliscor, F|44\/100 tox\n|-damage|p1a: Gliscor|32\/100 tox|[from] Stealth Rock\n|switch|p2a: Moltres|Moltres|93\/100\n|\n|-heal|p1a: Gliscor|44\/100 tox|[from] ability: Poison Heal\n|upkeep\n|turn|7\n|\n|t:|1700890195\n|switch|p1a: Clodsire|Clodsire, F|100\/100\n|-damage|p1a: Clodsire|94\/100|[from] Stealth Rock\n|move|p2a: Moltres|Mystical Fire|p1a: Clodsire\n|-damage|p1a: Clodsire|77\/100\n|-unboost|p1a: Clodsire|spa|1\n|\n|-heal|p1a: Clodsire|84\/100|[from] item: Leftovers\n|upkeep\n|turn|8\n|\n|t:|1700890208\n|move|p2a: Moltres|Scorching Sands|p1a: Clodsire\n|-supereffective|p1a: Clodsire\n|-crit|p1a: Clodsire\n|-damage|p1a: Clodsire|54\/100\n|move|p1a: Clodsire|Stealth Rock|p2a: Moltres\n|-sidestart|p2: MMM12341234124|move: Stealth Rock\n|\n|-heal|p1a: Clodsire|60\/100|[from] item: Leftovers\n|upkeep\n|turn|9\n|\n|t:|1700890225\n|switch|p2a: \u522b\u73a9\u53d7\u4e86|Kommo-o, F|100\/100\n|-damage|p2a: \u522b\u73a9\u53d7\u4e86|88\/100|[from] Spikes\n|-damage|p2a: \u522b\u73a9\u53d7\u4e86|82\/100|[from] Stealth Rock\n|move|p1a: Clodsire|Toxic|p2a: \u522b\u73a9\u53d7\u4e86\n|-status|p2a: \u522b\u73a9\u53d7\u4e86|tox\n|\n|-heal|p1a: Clodsire|66\/100|[from] item: Leftovers\n|-damage|p2a: \u522b\u73a9\u53d7\u4e86|76\/100 tox|[from] psn\n|upkeep\n|turn|10\n|\n|t:|1700890239\n|-zpower|p2a: \u522b\u73a9\u53d7\u4e86\n|move|p2a: \u522b\u73a9\u53d7\u4e86|Clangorous Soulblaze|p1a: Clodsire|[zeffect]\n|-damage|p1a: Clodsire|24\/100\n|-boost|p2a: \u522b\u73a9\u53d7\u4e86|atk|1\n|-boost|p2a: \u522b\u73a9\u53d7\u4e86|def|1\n|-boost|p2a: \u522b\u73a9\u53d7\u4e86|spa|1\n|-boost|p2a: \u522b\u73a9\u53d7\u4e86|spd|1\n|-boost|p2a: \u522b\u73a9\u53d7\u4e86|spe|1\n|move|p1a: Clodsire|Recover|p1a: Clodsire\n|-heal|p1a: Clodsire|74\/100\n|\n|-heal|p1a: Clodsire|80\/100|[from] item: Leftovers\n|-damage|p2a: \u522b\u73a9\u53d7\u4e86|63\/100 tox|[from] psn\n|upkeep\n|turn|11\n|\n|t:|1700890258\n|move|p2a: \u522b\u73a9\u53d7\u4e86|Boomburst|p1a: Clodsire\n|-damage|p1a: Clodsire|60\/100\n|move|p1a: Clodsire|Recover|p1a: Clodsire\n|-heal|p1a: Clodsire|100\/100\n|\n|-damage|p2a: \u522b\u73a9\u53d7\u4e86|45\/100 tox|[from] psn\n|upkeep\n|turn|12\n|\n|t:|1700890269\n|move|p2a: \u522b\u73a9\u53d7\u4e86|Clanging Scales|p1a: Clodsire\n|-damage|p1a: Clodsire|76\/100\n|-unboost|p2a: \u522b\u73a9\u53d7\u4e86|def|1\n|move|p1a: Clodsire|Earthquake|p2a: \u522b\u73a9\u53d7\u4e86\n|-damage|p2a: \u522b\u73a9\u53d7\u4e86|18\/100 tox\n|\n|-heal|p1a: Clodsire|82\/100|[from] item: Leftovers\n|-damage|p2a: \u522b\u73a9\u53d7\u4e86|0 fnt|[from] psn\n|faint|p2a: \u522b\u73a9\u53d7\u4e86\n|upkeep\n|\n|t:|1700890272\n|switch|p2a: Sandy Shocks|Sandy Shocks|100\/100\n|-damage|p2a: Sandy Shocks|88\/100|[from] Spikes\n|-damage|p2a: Sandy Shocks|82\/100|[from] Stealth Rock\n|turn|13\n|\n|t:|1700890285\n|move|p2a: Sandy Shocks|Earth Power|p1a: Clodsire\n|-supereffective|p1a: Clodsire\n|-damage|p1a: Clodsire|11\/100\n|move|p1a: Clodsire|Earthquake|p2a: Sandy Shocks\n|-supereffective|p2a: Sandy Shocks\n|-damage|p2a: Sandy Shocks|22\/100\n|\n|-heal|p1a: Clodsire|17\/100|[from] item: Leftovers\n|upkeep\n|turn|14\n|\n|t:|1700890297\n|-end|p2a: Sandy Shocks|Protosynthesis|[silent]\n|switch|p2a: Nihilego|Nihilego, shiny|100\/100\n|-damage|p2a: Nihilego|88\/100|[from] Spikes\n|-damage|p2a: Nihilego|76\/100|[from] Stealth Rock\n|switch|p1a: Gliscor|Gliscor, F|44\/100 tox\n|-damage|p1a: Gliscor|32\/100 tox|[from] Stealth Rock\n|\n|-heal|p1a: Gliscor|44\/100 tox|[from] ability: Poison Heal\n|upkeep\n|turn|15\n|\n|t:|1700890314\n|switch|p1a: Clodsire|Clodsire, F|17\/100\n|-damage|p1a: Clodsire|11\/100|[from] Stealth Rock\n|move|p2a: Nihilego|Meteor Beam||[still]\n|-prepare|p2a: Nihilego|Meteor Beam\n|-boost|p2a: Nihilego|spa|1\n|-enditem|p2a: Nihilego|Power Herb\n|-anim|p2a: Nihilego|Meteor Beam|p1a: Clodsire\n|-resisted|p1a: Clodsire\n|-damage|p1a: Clodsire|0 fnt\n|faint|p1a: Clodsire\n|-ability|p2a: Nihilego|Beast Boost|boost\n|-boost|p2a: Nihilego|spe|1\n|\n|upkeep\n|\n|t:|1700890333\n|switch|p1a: Rotom|Rotom-Wash|100\/100\n|-damage|p1a: Rotom|88\/100|[from] Stealth Rock\n|turn|16\n|\n|t:|1700890343\n|move|p2a: Nihilego|Sludge Wave|p1a: Rotom\n|-damage|p1a: Rotom|30\/100\n|move|p1a: Rotom|Hydro Pump|p2a: Nihilego\n|-supereffective|p2a: Nihilego\n|-damage|p2a: Nihilego|14\/100\n|\n|-heal|p1a: Rotom|37\/100|[from] item: Leftovers\n|upkeep\n|turn|17\n|\n|t:|1700890355\n|switch|p1a: Scizor|Scizor-Mega, F|88\/100\n|-damage|p1a: Scizor|76\/100|[from] Stealth Rock\n|move|p2a: Nihilego|Hidden Power|p1a: Scizor\n|-supereffective|p1a: Scizor\n|-damage|p1a: Scizor|0 fnt\n|faint|p1a: Scizor\n|-ability|p2a: Nihilego|Beast Boost|boost\n|-boost|p2a: Nihilego|spe|1\n|\n|upkeep\n|\n|t:|1700890374\n|switch|p1a: Urshifu|Urshifu-Rapid-Strike, F|100\/100\n|-damage|p1a: Urshifu|94\/100|[from] Stealth Rock\n|turn|18\n|c|\u2606MMM12341234124|\u592a\u5e05\u4e86\n|\n|t:|1700890382\n|move|p2a: Nihilego|Sludge Wave|p1a: Urshifu\n|-damage|p1a: Urshifu|0 fnt\n|faint|p1a: Urshifu\n|-ability|p2a: Nihilego|Beast Boost|boost\n|-boost|p2a: Nihilego|spe|1\n|\n|upkeep\n|\n|t:|1700890390\n|switch|p1a: Rotom|Rotom-Wash|37\/100\n|-damage|p1a: Rotom|24\/100|[from] Stealth Rock\n|turn|19\n|\n|t:|1700890399\n|move|p2a: Nihilego|Sludge Wave|p1a: Rotom\n|-damage|p1a: Rotom|0 fnt\n|faint|p1a: Rotom\n|-ability|p2a: Nihilego|Beast Boost|boost\n|-boost|p2a: Nihilego|spe|1\n|\n|upkeep\n|\n|t:|1700890405\n|switch|p1a: Tornadus|Tornadus-Therian, M|100\/100\n|turn|20\n|\n|t:|1700890411\n|move|p2a: Nihilego|Sludge Wave|p1a: Tornadus\n|-damage|p1a: Tornadus|20\/100\n|move|p1a: Tornadus|Knock Off|p2a: Nihilego\n|-damage|p2a: Nihilego|0 fnt\n|faint|p2a: Nihilego\n|\n|upkeep\n|\n|t:|1700890414\n|switch|p2a: Scizor|Scizor, M|100\/100\n|-damage|p2a: Scizor|88\/100|[from] Spikes\n|-damage|p2a: Scizor|75\/100|[from] Stealth Rock\n|turn|21\n|\n|t:|1700890423\n|detailschange|p2a: Scizor|Scizor-Mega, M\n|-mega|p2a: Scizor|Scizor|Scizorite\n|-terastallize|p1a: Tornadus|Steel\n|move|p2a: Scizor|Bullet Punch|p1a: Tornadus\n|-resisted|p1a: Tornadus\n|-damage|p1a: Tornadus|0 fnt\n|faint|p1a: Tornadus\n|\n|upkeep\n|-message|OffbrandE forfeited.\n|\n|win|MMM12341234124\n|raw|OffbrandE's rating: 1497 &rarr; <strong>1479<\/strong><br \/>(-18 for losing)\n|raw|MMM12341234124's rating: 1527 &rarr; <strong>1545<\/strong><br \/>(+18 for winning)\n|l|\u2606OffbrandE\n","uploadtime":1700890437,"views":4,"p1id":"offbrande","p2id":"mmm12341234124","formatid":"gen9nationaldex","rating":1479,"private":0,"password":""}