{"id":"gen9nationaldex-1988287584","p1":"bibifff","p2":"shiyv","format":"[Gen 9] National Dex","log":"|j|\u2606bibifff\n|j|\u2606shiyv\n|t:|1699702124\n|gametype|singles\n|player|p1|bibifff|brycenman|1398\n|player|p2|shiyv|wallace|1428\n|teamsize|p1|6\n|teamsize|p2|6\n|gen|9\n|tier|[Gen 9] National Dex\n|rated|\n|rule|HP Percentage Mod: HP is shown in percentages\n|rule|Endless Battle Clause: Forcing endless battles is banned\n|rule|OHKO Clause: OHKO moves are banned\n|rule|Evasion Clause: Evasion abilities, items, and moves are banned\n|rule|Evasion Abilities Clause: Evasion abilities are banned\n|rule|Evasion Items Clause: Evasion items are banned\n|rule|Evasion Moves Clause: Evasion moves are banned\n|rule|Species Clause: Limit one of each Pok\u00e9mon\n|rule|Sleep Clause Mod: Limit one foe put to sleep\n|clearpoke\n|poke|p1|Aegislash, F|\n|poke|p1|Garchomp, M|\n|poke|p1|Alomomola, M|\n|poke|p1|Manectric, F|\n|poke|p1|Zamazenta-*|\n|poke|p1|Enamorus, F|\n|poke|p2|Tapu Koko|\n|poke|p2|Raichu-Alola, M|\n|poke|p2|Iron Leaves|\n|poke|p2|Iron Valiant|\n|poke|p2|Corviknight, M|\n|poke|p2|Clodsire, F|\n|teampreview\n|inactive|Battle timer is ON: inactive players will automatically lose when time's up. (requested by shiyv)\n|\n|t:|1699702148\n|start\n|switch|p1a: Garchomp|Garchomp, M, shiny|100\/100\n|switch|p2a: Iron Valiant|Iron Valiant|100\/100\n|turn|1\n|\n|t:|1699702155\n|move|p2a: Iron Valiant|Trick||[still]\n|-fail|p2a: Iron Valiant\n|move|p1a: Garchomp|Earthquake|p2a: Iron Valiant\n|-damage|p2a: Iron Valiant|33\/100\n|\n|upkeep\n|turn|2\n|\n|t:|1699702162\n|-end|p2a: Iron Valiant|Quark Drive|[silent]\n|switch|p2a: Corviknight|Corviknight, M|100\/100\n|move|p1a: Garchomp|Earthquake|p2a: Corviknight\n|-immune|p2a: Corviknight\n|\n|upkeep\n|turn|3\n|\n|t:|1699702167\n|switch|p1a: Manectric|Manectric, F, shiny|100\/100\n|move|p2a: Corviknight|U-turn|p1a: Manectric\n|-damage|p1a: Manectric|74\/100\n|\n|t:|1699702179\n|switch|p2a: Tapu Koko|Tapu Koko|100\/100|[from] U-turn\n|-fieldstart|move: Electric Terrain|[from] ability: Electric Surge|[of] p2a: Tapu Koko\n|\n|upkeep\n|turn|4\n|\n|t:|1699702189\n|detailschange|p1a: Manectric|Manectric-Mega, F, shiny\n|-mega|p1a: Manectric|Manectric|Manectite\n|-ability|p1a: Manectric|Intimidate|boost\n|-unboost|p2a: Tapu Koko|atk|1\n|move|p1a: Manectric|Flamethrower|p2a: Tapu Koko\n|-crit|p2a: Tapu Koko\n|-damage|p2a: Tapu Koko|16\/100\n|move|p2a: Tapu Koko|U-turn|p1a: Manectric\n|-damage|p1a: Manectric|52\/100\n|\n|t:|1699702199\n|switch|p2a: Iron Leaves|Iron Leaves|100\/100|[from] U-turn\n|-activate|p2a: Iron Leaves|ability: Quark Drive\n|-start|p2a: Iron Leaves|quarkdrivespe\n|\n|upkeep\n|turn|5\n|\n|t:|1699702208\n|move|p2a: Iron Leaves|Psyblade|p1a: Manectric\n|-damage|p1a: Manectric|0 fnt\n|faint|p1a: Manectric\n|-damage|p2a: Iron Leaves|91\/100|[from] item: Life Orb\n|\n|upkeep\n|\n|t:|1699702226\n|switch|p1a: Aegislash|Aegislash, F|100\/100\n|turn|6\n|inactive|bibifff has 120 seconds left.\n|\n|t:|1699702269\n|-end|p2a: Iron Leaves|Quark Drive|[silent]\n|switch|p2a: Clodsire|Clodsire, F|100\/100\n|switch|p1a: Garchomp|Garchomp, M, shiny|100\/100\n|\n|upkeep\n|turn|7\n|\n|t:|1699702276\n|switch|p2a: Corviknight|Corviknight, M|100\/100\n|move|p1a: Garchomp|Earthquake|p2a: Corviknight\n|-immune|p2a: Corviknight\n|\n|upkeep\n|turn|8\n|\n|t:|1699702286\n|switch|p1a: Enamorus|Enamorus, F|100\/100\n|move|p2a: Corviknight|U-turn|p1a: Enamorus\n|-resisted|p1a: Enamorus\n|-damage|p1a: Enamorus|94\/100\n|inactive|shiyv has 120 seconds left.\n|\n|t:|1699702316\n|switch|p2a: Iron Leaves|Iron Leaves|91\/100|[from] U-turn\n|-activate|p2a: Iron Leaves|ability: Quark Drive\n|-start|p2a: Iron Leaves|quarkdrivespe\n|\n|upkeep\n|turn|9\n|inactive|shiyv has 120 seconds left.\n|\n|t:|1699702335\n|move|p2a: Iron Leaves|Psyblade|p1a: Enamorus\n|-damage|p1a: Enamorus|0 fnt\n|faint|p1a: Enamorus\n|-damage|p2a: Iron Leaves|81\/100|[from] item: Life Orb\n|\n|upkeep\n|\n|t:|1699702347\n|switch|p1a: Garchomp|Garchomp, M, shiny|100\/100\n|turn|10\n|\n|t:|1699702354\n|move|p2a: Iron Leaves|Psyblade|p1a: Garchomp\n|-damage|p1a: Garchomp|28\/100\n|-damage|p2a: Iron Leaves|68\/100|[from] ability: Rough Skin|[of] p1a: Garchomp\n|-damage|p2a: Iron Leaves|58\/100|[from] item: Life Orb\n|-zpower|p1a: Garchomp\n|move|p1a: Garchomp|Devastating Drake|p2a: Iron Leaves|[zeffect]\n|-damage|p2a: Iron Leaves|0 fnt\n|faint|p2a: Iron Leaves\n|-end|p2a: Iron Leaves|Quark Drive|[silent]\n|\n|-fieldend|move: Electric Terrain\n|upkeep\n|\n|t:|1699702361\n|switch|p2a: Tapu Koko|Tapu Koko|16\/100\n|-fieldstart|move: Electric Terrain|[from] ability: Electric Surge|[of] p2a: Tapu Koko\n|turn|11\n|\n|t:|1699702365\n|move|p2a: Tapu Koko|Brave Bird|p1a: Garchomp\n|-damage|p1a: Garchomp|0 fnt\n|-damage|p2a: Tapu Koko|4\/100|[from] ability: Rough Skin|[of] p1a: Garchomp\n|faint|p1a: Garchomp\n|-damage|p2a: Tapu Koko|0 fnt|[from] Recoil\n|faint|p2a: Tapu Koko\n|\n|upkeep\n|\n|t:|1699702384\n|switch|p2a: Raichu|Raichu-Alola, M|100\/100\n|switch|p1a: Alomomola|Alomomola, M, shiny|100\/100\n|turn|12\n|\n|t:|1699702394\n|-terastallize|p1a: Alomomola|Dragon\n|move|p2a: Raichu|Rising Voltage|p1a: Alomomola\n|-hint|Rising Voltage's BP doubled on grounded target.\n|-resisted|p1a: Alomomola\n|-damage|p1a: Alomomola|49\/100\n|move|p1a: Alomomola|Toxic|p2a: Raichu\n|-status|p2a: Raichu|tox\n|\n|-damage|p2a: Raichu|94\/100 tox|[from] psn\n|upkeep\n|turn|13\n|\n|t:|1699702407\n|move|p1a: Alomomola|Protect|p1a: Alomomola\n|-singleturn|p1a: Alomomola|Protect\n|move|p2a: Raichu|Rising Voltage|p1a: Alomomola\n|-activate|p1a: Alomomola|move: Protect\n|\n|-damage|p2a: Raichu|82\/100 tox|[from] psn\n|upkeep\n|turn|14\n|\n|t:|1699702418\n|-terastallize|p2a: Raichu|Electric\n|move|p1a: Alomomola|Protect||[still]\n|-fail|p1a: Alomomola\n|move|p2a: Raichu|Rising Voltage|p1a: Alomomola\n|-hint|Rising Voltage's BP doubled on grounded target.\n|-resisted|p1a: Alomomola\n|-damage|p1a: Alomomola|0 fnt\n|faint|p1a: Alomomola\n|\n|-damage|p2a: Raichu|64\/100 tox|[from] psn\n|upkeep\n|\n|t:|1699702436\n|switch|p1a: Zamazenta|Zamazenta|100\/100\n|-ability|p1a: Zamazenta|Dauntless Shield|boost\n|-boost|p1a: Zamazenta|def|1\n|turn|15\n|\n|t:|1699702440\n|move|p1a: Zamazenta|Protect|p1a: Zamazenta\n|-singleturn|p1a: Zamazenta|Protect\n|move|p2a: Raichu|Rising Voltage|p1a: Zamazenta\n|-activate|p1a: Zamazenta|move: Protect\n|\n|-damage|p2a: Raichu|39\/100 tox|[from] psn\n|upkeep\n|turn|16\n|\n|t:|1699702454\n|move|p2a: Raichu|Rising Voltage|p1a: Zamazenta\n|-hint|Rising Voltage's BP doubled on grounded target.\n|-damage|p1a: Zamazenta|0 fnt\n|faint|p1a: Zamazenta\n|\n|-damage|p2a: Raichu|9\/100 tox|[from] psn\n|upkeep\n|\n|t:|1699702459\n|switch|p1a: Aegislash|Aegislash, F|100\/100\n|turn|17\n|\n|t:|1699702474\n|switch|p2a: Iron Valiant|Iron Valiant|33\/100\n|-activate|p2a: Iron Valiant|ability: Quark Drive\n|-start|p2a: Iron Valiant|quarkdrivespe\n|move|p1a: Aegislash|King's Shield||[still]\n|-fail|p1a: Aegislash\n|\n|upkeep\n|turn|18\n|\n|t:|1699702478\n|-formechange|p1a: Aegislash|Aegislash-Blade||[from] ability: Stance Change\n|move|p1a: Aegislash|Shadow Sneak|p2a: Iron Valiant\n|-damage|p2a: Iron Valiant|3\/100\n|move|p2a: Iron Valiant|Trick|p1a: Aegislash\n|-activate|p2a: Iron Valiant|move: Trick|[of] p1a: Aegislash\n|-item|p1a: Aegislash|Choice Specs|[from] move: Trick\n|-item|p2a: Iron Valiant|Leftovers|[from] move: Trick\n|\n|-heal|p2a: Iron Valiant|9\/100|[from] item: Leftovers\n|-fieldend|move: Electric Terrain\n|-end|p2a: Iron Valiant|Quark Drive\n|upkeep\n|turn|19\n|\n|t:|1699702494\n|-end|p2a: Iron Valiant|Quark Drive|[silent]\n|switch|p2a: Corviknight|Corviknight, M|100\/100\n|move|p1a: Aegislash|Shadow Sneak|p2a: Corviknight\n|-damage|p2a: Corviknight|83\/100\n|\n|-heal|p2a: Corviknight|89\/100|[from] item: Leftovers\n|upkeep\n|turn|20\n|\n|t:|1699702500\n|move|p1a: Aegislash|Shadow Sneak|p2a: Corviknight\n|-damage|p2a: Corviknight|70\/100\n|move|p2a: Corviknight|U-turn|p1a: Aegislash\n|-resisted|p1a: Aegislash\n|-damage|p1a: Aegislash|95\/100\n|\n|t:|1699702504\n|switch|p2a: Clodsire|Clodsire, F|100\/100|[from] U-turn\n|\n|upkeep\n|turn|21\n|\n|t:|1699702508\n|move|p1a: Aegislash|Shadow Sneak|p2a: Clodsire\n|-damage|p2a: Clodsire|72\/100\n|move|p2a: Clodsire|Earthquake|p1a: Aegislash\n|-supereffective|p1a: Aegislash\n|-damage|p1a: Aegislash|10\/100\n|\n|-heal|p2a: Clodsire|78\/100|[from] item: Leftovers\n|upkeep\n|turn|22\n|\n|t:|1699702513\n|move|p1a: Aegislash|Shadow Sneak|p2a: Clodsire\n|-damage|p2a: Clodsire|50\/100\n|move|p2a: Clodsire|Earthquake|p1a: Aegislash\n|-supereffective|p1a: Aegislash\n|-damage|p1a: Aegislash|0 fnt\n|faint|p1a: Aegislash\n|\n|win|shiyv\n|raw|bibifff's rating: 1398 &rarr; <strong>1380<\/strong><br \/>(-18 for losing)\n|raw|shiyv's rating: 1428 &rarr; <strong>1446<\/strong><br \/>(+18 for winning)\n","uploadtime":1699702517,"views":4,"p1id":"bibifff","p2id":"shiyv","formatid":"gen9nationaldex","rating":1380,"private":0,"password":""}