{"id":"gen9nationaldex-1992798995","p1":"K. Repola","p2":"dianciexia","format":"[Gen 9] National Dex","log":"|j|\u2606K. Repola\n|j|\u2606dianciexia\n|t:|1700236435\n|gametype|singles\n|player|p1|K. Repola|gentleman|1367\n|player|p2|dianciexia|caitlin-masters|1503\n|teamsize|p1|6\n|teamsize|p2|6\n|gen|9\n|tier|[Gen 9] National Dex\n|rated|\n|rule|HP Percentage Mod: HP is shown in percentages\n|rule|Endless Battle Clause: Forcing endless battles is banned\n|rule|OHKO Clause: OHKO moves are banned\n|rule|Evasion Clause: Evasion abilities, items, and moves are banned\n|rule|Evasion Abilities Clause: Evasion abilities are banned\n|rule|Evasion Items Clause: Evasion items are banned\n|rule|Evasion Moves Clause: Evasion moves are banned\n|rule|Species Clause: Limit one of each Pok\u00e9mon\n|rule|Sleep Clause Mod: Limit one foe put to sleep\n|clearpoke\n|poke|p1|Koffing, F|\n|poke|p1|Forretress, F|\n|poke|p1|Glimmora, F|\n|poke|p1|Corviknight, M|\n|poke|p1|Blissey, F|\n|poke|p1|Cofagrigus, M|\n|poke|p2|Heatran, F|\n|poke|p2|Diancie|\n|poke|p2|Alomomola, M|\n|poke|p2|Ting-Lu|\n|poke|p2|Moltres|\n|poke|p2|Tapu Lele|\n|teampreview\n|c|\u2606K. Repola|greetings\n|\n|t:|1700236454\n|start\n|switch|p1a: P\u00fc\u00f6ri|Forretress, F|100\/100\n|switch|p2a: Diancie|Diancie|100\/100\n|turn|1\n|\n|t:|1700236466\n|move|p2a: Diancie|Mystical Fire|p1a: P\u00fc\u00f6ri\n|-supereffective|p1a: P\u00fc\u00f6ri\n|-ability|p1a: P\u00fc\u00f6ri|Sturdy\n|-damage|p1a: P\u00fc\u00f6ri|1\/100\n|-unboost|p1a: P\u00fc\u00f6ri|spa|1\n|move|p1a: P\u00fc\u00f6ri|Iron Head|p2a: Diancie\n|-supereffective|p2a: Diancie\n|-damage|p2a: Diancie|0 fnt\n|faint|p2a: Diancie\n|\n|-heal|p1a: P\u00fc\u00f6ri|7\/100|[from] item: Leftovers\n|upkeep\n|\n|t:|1700236474\n|switch|p2a: Alomomola|Alomomola, M|100\/100\n|turn|2\n|\n|t:|1700236492\n|switch|p1a: Emmi|Blissey, F|100\/100\n|move|p2a: Alomomola|Flip Turn|p1a: Emmi\n|-crit|p1a: Emmi\n|-damage|p1a: Emmi|80\/100\n|\n|t:|1700236499\n|switch|p2a: Heatran|Heatran, F|100\/100|[from] Flip Turn\n|\n|-heal|p1a: Emmi|86\/100|[from] item: Leftovers\n|upkeep\n|turn|3\n|\n|t:|1700236508\n|move|p2a: Heatran|Taunt|p1a: Emmi\n|-start|p1a: Emmi|move: Taunt\n|move|p1a: Emmi|Seismic Toss|p2a: Heatran\n|-damage|p2a: Heatran|75\/100\n|\n|-heal|p2a: Heatran|81\/100|[from] item: Leftovers\n|-heal|p1a: Emmi|92\/100|[from] item: Leftovers\n|upkeep\n|turn|4\n|\n|t:|1700236516\n|move|p2a: Heatran|Magma Storm|p1a: Emmi\n|-damage|p1a: Emmi|77\/100\n|-activate|p1a: Emmi|move: Magma Storm|[of] p2a: Heatran\n|move|p1a: Emmi|Seismic Toss|p2a: Heatran\n|-damage|p2a: Heatran|55\/100\n|\n|-heal|p2a: Heatran|61\/100|[from] item: Leftovers\n|-heal|p1a: Emmi|83\/100|[from] item: Leftovers\n|-damage|p1a: Emmi|71\/100|[from] move: Magma Storm|[partiallytrapped]\n|upkeep\n|turn|5\n|\n|t:|1700236525\n|move|p2a: Heatran|Stealth Rock|p1a: Emmi\n|-sidestart|p1: K. Repola|move: Stealth Rock\n|move|p1a: Emmi|Seismic Toss|p2a: Heatran\n|-damage|p2a: Heatran|35\/100\n|\n|-heal|p2a: Heatran|41\/100|[from] item: Leftovers\n|-heal|p1a: Emmi|77\/100|[from] item: Leftovers\n|-damage|p1a: Emmi|64\/100|[from] move: Magma Storm|[partiallytrapped]\n|-end|p1a: Emmi|move: Taunt\n|upkeep\n|turn|6\n|\n|t:|1700236534\n|move|p2a: Heatran|Taunt|p1a: Emmi\n|-start|p1a: Emmi|move: Taunt\n|move|p1a: Emmi|Seismic Toss|p2a: Heatran\n|-damage|p2a: Heatran|16\/100\n|\n|-heal|p2a: Heatran|22\/100|[from] item: Leftovers\n|-heal|p1a: Emmi|71\/100|[from] item: Leftovers\n|-damage|p1a: Emmi|58\/100|[from] move: Magma Storm|[partiallytrapped]\n|upkeep\n|turn|7\n|\n|t:|1700236545\n|move|p2a: Heatran|Magma Storm|p1a: Emmi\n|-damage|p1a: Emmi|43\/100\n|move|p1a: Emmi|Seismic Toss|p2a: Heatran\n|-damage|p2a: Heatran|0 fnt\n|faint|p2a: Heatran\n|\n|-heal|p1a: Emmi|49\/100|[from] item: Leftovers\n|-end|p1a: Emmi|Magma Storm|[partiallytrapped]|[silent]\n|upkeep\n|\n|t:|1700236549\n|switch|p2a: Tapu Lele|Tapu Lele|100\/100\n|-fieldstart|move: Psychic Terrain|[from] ability: Psychic Surge|[of] p2a: Tapu Lele\n|turn|8\n|\n|t:|1700236567\n|switch|p1a: Ritari Peloton|Corviknight, M|100\/100\n|-damage|p1a: Ritari Peloton|88\/100|[from] Stealth Rock\n|move|p2a: Tapu Lele|Psyshock|p1a: Ritari Peloton\n|-resisted|p1a: Ritari Peloton\n|-damage|p1a: Ritari Peloton|69\/100\n|\n|upkeep\n|turn|9\n|\n|t:|1700236574\n|switch|p2a: Moltres|Moltres|100\/100\n|move|p1a: Ritari Peloton|Defog|p2a: Moltres\n|-unboost|p2a: Moltres|evasion|1\n|-sideend|p1: K. Repola|Stealth Rock|[from] move: Defog|[of] p1a: Ritari Peloton\n|-fieldend|move: Psychic Terrain\n|\n|upkeep\n|turn|10\n|\n|t:|1700236590\n|switch|p1a: Kimalle|Glimmora, F|100\/100\n|move|p2a: Moltres|U-turn|p1a: Kimalle\n|-resisted|p1a: Kimalle\n|-damage|p1a: Kimalle|92\/100\n|\n|t:|1700236598\n|switch|p2a: Tapu Lele|Tapu Lele|100\/100|[from] U-turn\n|-fieldstart|move: Psychic Terrain|[from] ability: Psychic Surge|[of] p2a: Tapu Lele\n|\n|upkeep\n|turn|11\n|\n|t:|1700236617\n|switch|p1a: P\u00fc\u00f6ri|Forretress, F|7\/100\n|-terastallize|p2a: Tapu Lele|Psychic\n|move|p2a: Tapu Lele|Psyshock|p1a: P\u00fc\u00f6ri\n|-resisted|p1a: P\u00fc\u00f6ri\n|-damage|p1a: P\u00fc\u00f6ri|0 fnt\n|faint|p1a: P\u00fc\u00f6ri\n|\n|upkeep\n|\n|t:|1700236633\n|switch|p1a: Ritari Peloton|Corviknight, M|69\/100\n|turn|12\n|\n|t:|1700236658\n|switch|p2a: Moltres|Moltres|100\/100\n|move|p1a: Ritari Peloton|U-turn|p2a: Moltres\n|-resisted|p2a: Moltres\n|-damage|p2a: Moltres|98\/100\n|-status|p1a: Ritari Peloton|brn|[from] ability: Flame Body|[of] p2a: Moltres\n|\n|t:|1700236666\n|switch|p1a: Kimalle|Glimmora, F|92\/100|[from] U-turn\n|\n|upkeep\n|turn|13\n|\n|t:|1700236672\n|switch|p2a: Ting-Lu|Ting-Lu|100\/100\n|-ability|p2a: Ting-Lu|Vessel of Ruin\n|move|p1a: Kimalle|Toxic|p2a: Ting-Lu\n|-status|p2a: Ting-Lu|tox\n|\n|-damage|p2a: Ting-Lu|94\/100 tox|[from] psn\n|upkeep\n|turn|14\n|\n|t:|1700236687\n|switch|p1a: Ritari Peloton|Corviknight, M|69\/100 brn\n|move|p2a: Ting-Lu|Earthquake|p1a: Ritari Peloton\n|-immune|p1a: Ritari Peloton\n|\n|-heal|p2a: Ting-Lu|100\/100 tox|[from] item: Leftovers\n|-damage|p2a: Ting-Lu|88\/100 tox|[from] psn\n|-damage|p1a: Ritari Peloton|63\/100 brn|[from] brn\n|-fieldend|move: Psychic Terrain\n|upkeep\n|turn|15\n|\n|t:|1700236706\n|switch|p2a: Moltres|Moltres|98\/100\n|move|p1a: Ritari Peloton|U-turn|p2a: Moltres\n|-resisted|p2a: Moltres\n|-damage|p2a: Moltres|97\/100\n|\n|t:|1700236712\n|switch|p1a: Kimalle|Glimmora, F|92\/100|[from] U-turn\n|\n|upkeep\n|turn|16\n|\n|t:|1700236717\n|move|p1a: Kimalle|Power Gem|p2a: Moltres\n|-supereffective|p2a: Moltres\n|-damage|p2a: Moltres|0 fnt\n|faint|p2a: Moltres\n|\n|upkeep\n|\n|t:|1700236720\n|switch|p2a: Tapu Lele|Tapu Lele, tera:Psychic|100\/100\n|-fieldstart|move: Psychic Terrain|[from] ability: Psychic Surge|[of] p2a: Tapu Lele\n|turn|17\n|\n|t:|1700236752\n|move|p2a: Tapu Lele|Psychic|p1a: Kimalle\n|-supereffective|p1a: Kimalle\n|-damage|p1a: Kimalle|0 fnt\n|faint|p1a: Kimalle\n|\n|upkeep\n|\n|t:|1700236757\n|switch|p1a: Emmi|Blissey, F|49\/100\n|turn|18\n|\n|t:|1700236760\n|move|p2a: Tapu Lele|Psychic|p1a: Emmi\n|-damage|p1a: Emmi|19\/100\n|move|p1a: Emmi|Soft-Boiled|p1a: Emmi\n|-heal|p1a: Emmi|69\/100\n|\n|-heal|p1a: Emmi|75\/100|[from] item: Leftovers\n|upkeep\n|turn|19\n|-message|dianciexia forfeited.\n|\n|win|K. Repola\n|raw|K. Repola's rating: 1367 &rarr; <strong>1394<\/strong><br \/>(+27 for winning)\n|raw|dianciexia's rating: 1503 &rarr; <strong>1476<\/strong><br \/>(-27 for losing)\n|l|\u2606dianciexia\n|c|\u2606K. Repola|gg\n","uploadtime":1700236808,"views":26,"p1id":"krepola","p2id":"dianciexia","formatid":"gen9nationaldex","rating":1394,"private":0,"password":""}