{"id":"gen9nationaldex-1998273956","p1":"TheV23","p2":"TeamYourNoobs","format":"[Gen 9] National Dex","log":"|j|\u2606TheV23\n|j|\u2606TeamYourNoobs\n|inactive|Battle timer is ON: inactive players will automatically lose when time's up.\n|t:|1700923216\n|gametype|singles\n|player|p1|TheV23|hilbert|\n|player|p2|TeamYourNoobs|102|\n|teamsize|p1|6\n|teamsize|p2|6\n|gen|9\n|tier|[Gen 9] National Dex\n|rated|Tournament battle\n|rule|HP Percentage Mod: HP is shown in percentages\n|rule|Endless Battle Clause: Forcing endless battles is banned\n|rule|OHKO Clause: OHKO moves are banned\n|rule|Evasion Clause: Evasion abilities, items, and moves are banned\n|rule|Evasion Abilities Clause: Evasion abilities are banned\n|rule|Evasion Items Clause: Evasion items are banned\n|rule|Evasion Moves Clause: Evasion moves are banned\n|rule|Species Clause: Limit one of each Pok\u00e9mon\n|rule|Sleep Clause Mod: Limit one foe put to sleep\n|rule|No Switching: All Pok\u00e9mon are trapped\n|clearpoke\n|poke|p1|Sneasler, M|\n|poke|p1|Heatran, M|\n|poke|p1|Ferrothorn, M|\n|poke|p1|Tapu Koko|\n|poke|p1|Great Tusk|\n|poke|p1|Charizard, M|\n|poke|p2|Garchomp, M|\n|poke|p2|Milotic, M|\n|poke|p2|Lucario, F|\n|poke|p2|Spiritomb, F|\n|poke|p2|Togekiss, F|\n|poke|p2|Roserade, M|\n|teampreview\n|j|*Lady Monita \u2746\n|inactive|TheV23 also wants the timer to be on.\n|inactive|TeamYourNoobs also wants the timer to be on.\n|c|\u2606TheV23|glhf\n|c|\u2606TeamYourNoobs|Isn\u2019t this national dex\n|c|\u2606TheV23|it is\n|\n|t:|1700923242\n|start\n|switch|p1a: Charizard|Charizard, M, shiny|100\/100\n|switch|p2a: Spiritomb|Spiritomb, F|100\/100\n|-ability|p2a: Spiritomb|Pressure\n|turn|1\n|c|\u2606TeamYourNoobs|I got too damn many rejection messages lmfao\n|\n|t:|1700923256\n|detailschange|p1a: Charizard|Charizard-Mega-Y, M, shiny\n|-mega|p1a: Charizard|Charizard|Charizardite Y\n|-weather|SunnyDay|[from] ability: Drought|[of] p1a: Charizard\n|move|p1a: Charizard|Air Slash|p2a: Spiritomb\n|-damage|p2a: Spiritomb|62\/100\n|move|p2a: Spiritomb|Poltergeist|p1a: Charizard\n|-activate|p1a: Charizard|move: Poltergeist|Charizardite Y\n|-damage|p1a: Charizard|57\/100\n|\n|-weather|SunnyDay|[upkeep]\n|-heal|p2a: Spiritomb|68\/100|[from] item: Leftovers\n|upkeep\n|turn|2\n|j| tylchi\n|\n|t:|1700923265\n|move|p1a: Charizard|Weather Ball|p2a: Spiritomb\n|-damage|p2a: Spiritomb|0 fnt\n|faint|p2a: Spiritomb\n|\n|-weather|SunnyDay|[upkeep]\n|upkeep\n|\n|t:|1700923274\n|switch|p2a: Garchomp|Garchomp, M|100\/100\n|turn|3\n|\n|t:|1700923279\n|move|p2a: Garchomp|Swords Dance|p2a: Garchomp\n|-boost|p2a: Garchomp|atk|2\n|move|p1a: Charizard|Air Slash|p2a: Garchomp\n|-damage|p2a: Garchomp|47\/100\n|\n|-weather|SunnyDay|[upkeep]\n|upkeep\n|turn|4\n|\n|t:|1700923282\n|move|p2a: Garchomp|Scale Shot|p1a: Charizard\n|-damage|p1a: Charizard|17\/100\n|-damage|p1a: Charizard|0 fnt\n|faint|p1a: Charizard\n|-hitcount|p1: Charizard|2\n|-unboost|p2a: Garchomp|def|1\n|-boost|p2a: Garchomp|spe|1\n|\n|-weather|SunnyDay|[upkeep]\n|upkeep\n|\n|t:|1700923304\n|switch|p1a: Sneasler|Sneasler, M|100\/100\n|turn|5\n|\n|t:|1700923307\n|move|p1a: Sneasler|Fake Out|p2a: Garchomp\n|-enditem|p1a: Sneasler|Normal Gem|[from] gem\n|-damage|p2a: Garchomp|16\/100\n|-damage|p1a: Sneasler|88\/100|[from] ability: Rough Skin|[of] p2a: Garchomp\n|cant|p2a: Garchomp|flinch\n|\n|-weather|none\n|upkeep\n|turn|6\n|\n|t:|1700923321\n|move|p1a: Sneasler|Acrobatics|p2a: Garchomp\n|-damage|p2a: Garchomp|0 fnt\n|-damage|p1a: Sneasler|76\/100|[from] ability: Rough Skin|[of] p2a: Garchomp\n|faint|p2a: Garchomp\n|\n|upkeep\n|\n|t:|1700923329\n|switch|p2a: Milotic|Milotic, M|100\/100\n|turn|7\n|\n|t:|1700923335\n|move|p1a: Sneasler|Close Combat|p2a: Milotic\n|-damage|p2a: Milotic|49\/100\n|-unboost|p1a: Sneasler|def|1\n|-unboost|p1a: Sneasler|spd|1\n|move|p2a: Milotic|Scald|p1a: Sneasler\n|-damage|p1a: Sneasler|19\/100\n|\n|-heal|p2a: Milotic|55\/100|[from] item: Leftovers\n|upkeep\n|turn|8\n|\n|t:|1700923345\n|move|p1a: Sneasler|Close Combat|p2a: Milotic\n|-damage|p2a: Milotic|4\/100\n|-unboost|p1a: Sneasler|def|1\n|-unboost|p1a: Sneasler|spd|1\n|move|p2a: Milotic|Scald|p1a: Sneasler\n|-damage|p1a: Sneasler|0 fnt\n|faint|p1a: Sneasler\n|\n|-heal|p2a: Milotic|10\/100|[from] item: Leftovers\n|upkeep\n|\n|t:|1700923353\n|switch|p1a: Great Tusk|Great Tusk, shiny|100\/100\n|turn|9\n|\n|t:|1700923369\n|move|p1a: Great Tusk|Rapid Spin|p2a: Milotic\n|-damage|p2a: Milotic|0 fnt\n|-boost|p1a: Great Tusk|spe|1\n|faint|p2a: Milotic\n|\n|upkeep\n|\n|t:|1700923372\n|switch|p2a: Roserade|Roserade, M|100\/100\n|turn|10\n|\n|t:|1700923376\n|move|p1a: Great Tusk|Ice Spinner|p2a: Roserade\n|-supereffective|p2a: Roserade\n|-enditem|p2a: Roserade|Focus Sash\n|-damage|p2a: Roserade|1\/100\n|move|p2a: Roserade|Magical Leaf|p1a: Great Tusk\n|-supereffective|p1a: Great Tusk\n|-damage|p1a: Great Tusk|0 fnt\n|faint|p1a: Great Tusk\n|-end|p1a: Great Tusk|Protosynthesis|[silent]\n|\n|upkeep\n|\n|t:|1700923387\n|switch|p1a: Tapu Koko|Tapu Koko, shiny|100\/100\n|-fieldstart|move: Electric Terrain|[from] ability: Electric Surge|[of] p1a: Tapu Koko\n|turn|11\n|\n|t:|1700923393\n|move|p1a: Tapu Koko|Quick Attack|p2a: Roserade\n|-damage|p2a: Roserade|0 fnt\n|faint|p2a: Roserade\n|\n|upkeep\n|\n|t:|1700923396\n|switch|p2a: Lucario|Lucario, F|100\/100\n|turn|12\n|\n|t:|1700923402\n|move|p2a: Lucario|Extreme Speed|p1a: Tapu Koko\n|-damage|p1a: Tapu Koko|65\/100\n|-zpower|p1a: Tapu Koko\n|move|p1a: Tapu Koko|Gigavolt Havoc|p2a: Lucario|[zeffect]\n|-enditem|p2a: Lucario|Focus Sash\n|-damage|p2a: Lucario|1\/100\n|\n|upkeep\n|turn|13\n|\n|t:|1700923411\n|move|p2a: Lucario|Extreme Speed|p1a: Tapu Koko\n|-damage|p1a: Tapu Koko|29\/100\n|move|p1a: Tapu Koko|Iron Head|p2a: Lucario\n|-resisted|p2a: Lucario\n|-damage|p2a: Lucario|0 fnt\n|faint|p2a: Lucario\n|\n|upkeep\n|\n|t:|1700923416\n|switch|p2a: Togekiss|Togekiss, F|100\/100\n|turn|14\n|c|\u2606TheV23|ggs\n|\n|t:|1700923422\n|move|p2a: Togekiss|Air Slash|p1a: Tapu Koko\n|-resisted|p1a: Tapu Koko\n|-damage|p1a: Tapu Koko|0 fnt\n|faint|p1a: Tapu Koko\n|\n|upkeep\n|c|\u2606TheV23|wp\n|\n|t:|1700923430\n|switch|p1a: Ferrothorn|Ferrothorn, M, shiny|100\/100\n|turn|15\n|inactive|TeamYourNoobs has 120 seconds left.\n|\n|t:|1700923463\n|-terastallize|p2a: Togekiss|Flying\n|move|p2a: Togekiss|Air Slash|p1a: Ferrothorn\n|-damage|p1a: Ferrothorn|57\/100\n|cant|p1a: Ferrothorn|flinch\n|\n|-heal|p1a: Ferrothorn|63\/100|[from] item: Leftovers\n|-fieldend|move: Electric Terrain\n|upkeep\n|turn|16\n|\n|t:|1700923471\n|move|p2a: Togekiss|Air Slash|p1a: Ferrothorn\n|-damage|p1a: Ferrothorn|24\/100\n|cant|p1a: Ferrothorn|flinch\n|\n|-heal|p1a: Ferrothorn|31\/100|[from] item: Leftovers\n|upkeep\n|turn|17\n|\n|t:|1700923474\n|move|p2a: Togekiss|Air Slash|p1a: Ferrothorn\n|-damage|p1a: Ferrothorn|0 fnt\n|faint|p1a: Ferrothorn\n|\n|upkeep\n|\n|t:|1700923476\n|switch|p1a: Heatran|Heatran, M|100\/100\n|turn|18\n|c|\u2606TeamYourNoobs|It\u2019s not over yet\n|j| Bunnysai\n|c|\u2606TeamYourNoobs|Holefully\n|c|\u2606TeamYourNoobs|hopefully\n|c|\u2606TheV23|if I lose purely because of flinches\n|\n|t:|1700923494\n|-terastallize|p1a: Heatran|Fire\n|move|p2a: Togekiss|Air Slash|p1a: Heatran\n|-damage|p1a: Heatran|48\/100\n|cant|p1a: Heatran|flinch\n|\n|upkeep\n|turn|19\n|c|\u2606TheV23|bruh\n|c|\u2606TeamYourNoobs|Why did u Tera lmfao\n|\n|t:|1700923509\n|move|p2a: Togekiss|Air Slash|p1a: Heatran\n|-damage|p1a: Heatran|0 fnt\n|faint|p1a: Heatran\n|\n|win|TeamYourNoobs\n|n|\u2606TheV23|thev23\n|n|\u2606TeamYourNoobs|teamyournoobs\n|n|*Lady Monita \u2746|ladymonita\n|n| tylchi|tylchi\n|n| Bunnysai|bunnysai\n|l|*Lady Monita \u2746\n|c|\u2606TheV23|idk\n|c|\u2606TheV23|im dumb\n|c|\u2606TeamYourNoobs|Ggs\n|l|\u2606TheV23\n","uploadtime":1700923522,"views":6,"p1id":"thev23","p2id":"teamyournoobs","formatid":"gen9nationaldex","rating":0,"private":0,"password":""}