{"id":"gen9nationaldex-1997603572","p1":"baigu2","p2":"minipokeneuron","format":"[Gen 9] National Dex","log":"|html|<div class=\"broadcast-blue\"><strong>[Gen 9] National Dex is currently suspecting Sneasler! For information on how to participate check out the <a href=\"https:\/\/www.smogon.com\/forums\/threads\/sv-national-dex-suspect-8-just-dance.3731534\/\">suspect thread<\/a>.<\/strong><\/div>\n|j|\u2606baigu2\n|j|\u2606minipokeneuron\n|t:|1700831756\n|gametype|singles\n|player|p1|baigu2|265|1572\n|player|p2|minipokeneuron|101|1617\n|teamsize|p1|6\n|teamsize|p2|6\n|gen|9\n|tier|[Gen 9] National Dex\n|rated|\n|rule|HP Percentage Mod: HP is shown in percentages\n|rule|Endless Battle Clause: Forcing endless battles is banned\n|rule|OHKO Clause: OHKO moves are banned\n|rule|Evasion Clause: Evasion abilities, items, and moves are banned\n|rule|Evasion Abilities Clause: Evasion abilities are banned\n|rule|Evasion Items Clause: Evasion items are banned\n|rule|Evasion Moves Clause: Evasion moves are banned\n|rule|Species Clause: Limit one of each Pok\u00e9mon\n|rule|Sleep Clause Mod: Limit one foe put to sleep\n|clearpoke\n|poke|p1|Ursaluna, M|\n|poke|p1|Dragonite, M|\n|poke|p1|Slowking, F|\n|poke|p1|Tapu Koko|\n|poke|p1|Hoopa-Unbound|\n|poke|p1|Corviknight, M|\n|poke|p2|Medicham, M|\n|poke|p2|Samurott-Hisui, F|\n|poke|p2|Landorus-Therian, M|\n|poke|p2|Grafaiai, M|\n|poke|p2|Moltres|\n|poke|p2|Swellow, M|\n|teampreview\n|\n|t:|1700831763\n|start\n|switch|p1a: Tapu Koko|Tapu Koko|100\/100\n|switch|p2a: Landorus|Landorus-Therian, M|100\/100\n|-fieldstart|move: Electric Terrain|[from] ability: Electric Surge|[of] p1a: Tapu Koko\n|-ability|p2a: Landorus|Intimidate|boost\n|-unboost|p1a: Tapu Koko|atk|1\n|turn|1\n|\n|t:|1700831774\n|move|p1a: Tapu Koko|U-turn|p2a: Landorus\n|-resisted|p2a: Landorus\n|-damage|p2a: Landorus|94\/100\n|inactive|Battle timer is ON: inactive players will automatically lose when time's up. (requested by minipokeneuron)\n|\n|t:|1700831780\n|switch|p1a: Corviknight|Corviknight, M|100\/100|[from] U-turn\n|-ability|p1a: Corviknight|Pressure\n|move|p2a: Landorus|Swords Dance|p2a: Landorus\n|-boost|p2a: Landorus|atk|2\n|\n|upkeep\n|turn|2\n|\n|t:|1700831786\n|-zpower|p2a: Landorus\n|move|p2a: Landorus|Supersonic Skystrike|p1a: Corviknight|[zeffect]\n|-resisted|p1a: Corviknight\n|-damage|p1a: Corviknight|44\/100\n|move|p1a: Corviknight|U-turn|p2a: Landorus\n|-resisted|p2a: Landorus\n|-damage|p2a: Landorus|85\/100\n|\n|t:|1700831799\n|switch|p1a: Dragonite|Dragonite, M|100\/100|[from] U-turn\n|\n|upkeep\n|turn|3\n|\n|t:|1700831802\n|-terastallize|p1a: Dragonite|Normal\n|move|p1a: Dragonite|Extreme Speed|p2a: Landorus\n|-damage|p2a: Landorus|0 fnt\n|faint|p2a: Landorus\n|\n|upkeep\n|\n|t:|1700831812\n|switch|p2a: Grafaiai|Grafaiai, M|100\/100\n|turn|4\n|\n|t:|1700831818\n|move|p1a: Dragonite|Extreme Speed|p2a: Grafaiai\n|-damage|p2a: Grafaiai|0 fnt\n|faint|p2a: Grafaiai\n|\n|upkeep\n|\n|t:|1700831824\n|switch|p2a: Samurott|Samurott-Hisui, F, shiny|100\/100\n|turn|5\n|\n|t:|1700831829\n|-terastallize|p2a: Samurott|Ghost\n|move|p1a: Dragonite|Extreme Speed|p2a: Samurott\n|-immune|p2a: Samurott\n|move|p2a: Samurott|Ceaseless Edge|p1a: Dragonite\n|-damage|p1a: Dragonite|78\/100\n|-sidestart|p1: baigu2|Spikes\n|\n|-fieldend|move: Electric Terrain\n|upkeep\n|turn|6\n|\n|t:|1700831838\n|switch|p1a: Tapu Koko|Tapu Koko|100\/100\n|-damage|p1a: Tapu Koko|88\/100|[from] Spikes\n|-fieldstart|move: Electric Terrain|[from] ability: Electric Surge|[of] p1a: Tapu Koko\n|move|p2a: Samurott|Ceaseless Edge|p1a: Tapu Koko\n|-resisted|p1a: Tapu Koko\n|-damage|p1a: Tapu Koko|59\/100\n|-sidestart|p1: baigu2|Spikes\n|\n|upkeep\n|turn|7\n|\n|t:|1700831846\n|move|p1a: Tapu Koko|Volt Switch|p2a: Samurott\n|-damage|p2a: Samurott|13\/100\n|\n|t:|1700831851\n|switch|p1a: Corviknight|Corviknight, M|44\/100|[from] Volt Switch\n|-ability|p1a: Corviknight|Pressure\n|move|p2a: Samurott|Razor Shell|p1a: Corviknight\n|-damage|p1a: Corviknight|12\/100\n|-unboost|p1a: Corviknight|def|1\n|\n|upkeep\n|turn|8\n|\n|t:|1700831859\n|move|p2a: Samurott|Ceaseless Edge|p1a: Corviknight\n|-damage|p1a: Corviknight|0 fnt\n|-sidestart|p1: baigu2|Spikes\n|faint|p1a: Corviknight\n|\n|upkeep\n|\n|t:|1700831869\n|switch|p1a: Tapu Koko|Tapu Koko|59\/100\n|-damage|p1a: Tapu Koko|35\/100|[from] Spikes\n|turn|9\n|\n|t:|1700831878\n|move|p2a: Samurott|Aqua Jet|p1a: Tapu Koko\n|-damage|p1a: Tapu Koko|9\/100\n|move|p1a: Tapu Koko|Volt Switch|p2a: Samurott\n|-damage|p2a: Samurott|0 fnt\n|faint|p2a: Samurott\n|\n|t:|1700831883\n|switch|p1a: Slowking|Slowking, F|100\/100|[from] Volt Switch\n|\n|upkeep\n|\n|t:|1700831888\n|switch|p2a: Medicham|Medicham, M|100\/100\n|turn|10\n|\n|t:|1700831894\n|switch|p1a: Tapu Koko|Tapu Koko|9\/100\n|-damage|p1a: Tapu Koko|0 fnt|[from] Spikes\n|faint|p1a: Tapu Koko\n|detailschange|p2a: Medicham|Medicham-Mega, M\n|-mega|p2a: Medicham|Medicham|Medichamite\n|move|p2a: Medicham|Fake Out|p1: Tapu Koko|[notarget]\n|-fail|p2a: Medicham\n|\n|-fieldend|move: Electric Terrain\n|upkeep\n|\n|t:|1700831897\n|switch|p1a: Slowking|Slowking, F|100\/100\n|turn|11\n|\n|t:|1700831902\n|switch|p2a: Moltres|Moltres|100\/100\n|move|p1a: Slowking|Trick Room|p1a: Slowking\n|-fieldstart|move: Trick Room|[of] p1a: Slowking\n|\n|upkeep\n|turn|12\n|\n|t:|1700831910\n|move|p2a: Moltres|Burn Up|p1a: Slowking\n|-resisted|p1a: Slowking\n|-damage|p1a: Slowking|85\/100\n|-start|p2a: Moltres|typechange|???\/Flying|[from] move: Burn Up\n|move|p1a: Slowking|Teleport|p1a: Slowking\n|\n|t:|1700831914\n|switch|p1a: Ursaluna|Ursaluna, M|100\/100|[from] Teleport\n|-damage|p1a: Ursaluna|75\/100|[from] Spikes\n|\n|-status|p1a: Ursaluna|brn|[from] item: Flame Orb\n|upkeep\n|turn|13\n|\n|t:|1700831919\n|move|p1a: Ursaluna|Facade|p2a: Moltres\n|-damage|p2a: Moltres|20\/100\n|move|p2a: Moltres|Roost|p2a: Moltres\n|-heal|p2a: Moltres|70\/100\n|-singleturn|p2a: Moltres|move: Roost\n|\n|-damage|p1a: Ursaluna|69\/100 brn|[from] brn\n|upkeep\n|turn|14\n|\n|t:|1700831928\n|move|p1a: Ursaluna|Facade|p2a: Moltres\n|-damage|p2a: Moltres|0 fnt\n|faint|p2a: Moltres\n|\n|-damage|p1a: Ursaluna|63\/100 brn|[from] brn\n|upkeep\n|\n|t:|1700831934\n|switch|p2a: Medicham|Medicham-Mega, M|100\/100\n|turn|15\n|\n|t:|1700831939\n|switch|p1a: Hoopa|Hoopa-Unbound|100\/100\n|-damage|p1a: Hoopa|76\/100|[from] Spikes\n|move|p2a: Medicham|Zen Headbutt|p1a: Hoopa\n|-immune|p1a: Hoopa\n|\n|-fieldend|move: Trick Room\n|upkeep\n|turn|16\n|\n|t:|1700831942\n|move|p2a: Medicham|Close Combat|p1a: Hoopa\n|-damage|p1a: Hoopa|0 fnt\n|-unboost|p2a: Medicham|def|1\n|-unboost|p2a: Medicham|spd|1\n|faint|p1a: Hoopa\n|\n|upkeep\n|\n|t:|1700831945\n|switch|p1a: Dragonite|Dragonite, M, tera:Normal|78\/100\n|-damage|p1a: Dragonite|53\/100|[from] Spikes\n|turn|17\n|\n|t:|1700831952\n|move|p1a: Dragonite|Extreme Speed|p2a: Medicham\n|-damage|p2a: Medicham|0 fnt\n|faint|p2a: Medicham\n|\n|upkeep\n|\n|t:|1700831955\n|switch|p2a: Swellow|Swellow, M|100\/100\n|turn|18\n|\n|t:|1700831957\n|move|p1a: Dragonite|Extreme Speed|p2a: Swellow\n|-damage|p2a: Swellow|0 fnt\n|faint|p2a: Swellow\n|\n|win|baigu2\n|raw|baigu2's rating: 1572 &rarr; <strong>1595<\/strong><br \/>(+23 for winning)\n|raw|minipokeneuron's rating: 1617 &rarr; <strong>1594<\/strong><br \/>(-23 for losing)\n","uploadtime":1700831961,"views":0,"p1id":"baigu2","p2id":"minipokeneuron","formatid":"gen9nationaldex","rating":1594,"private":0,"password":""}