{"id":"gen9nationaldex-1993926609","p1":"xzc2423762877","p2":"PASBMST","format":"[Gen 9] National Dex","log":"|j|\u2606xzc2423762877\n|j|\u2606PASBMST\n|t:|1700376729\n|gametype|singles\n|player|p1|xzc2423762877|dawn|1316\n|player|p2|PASBMST|flannery|1442\n|teamsize|p1|6\n|teamsize|p2|6\n|gen|9\n|tier|[Gen 9] National Dex\n|rated|\n|rule|HP Percentage Mod: HP is shown in percentages\n|rule|Endless Battle Clause: Forcing endless battles is banned\n|rule|OHKO Clause: OHKO moves are banned\n|rule|Evasion Clause: Evasion abilities, items, and moves are banned\n|rule|Evasion Abilities Clause: Evasion abilities are banned\n|rule|Evasion Items Clause: Evasion items are banned\n|rule|Evasion Moves Clause: Evasion moves are banned\n|rule|Species Clause: Limit one of each Pok\u00e9mon\n|rule|Sleep Clause Mod: Limit one foe put to sleep\n|clearpoke\n|poke|p1|Gardevoir, M|\n|poke|p1|Moltres|\n|poke|p1|Urshifu-*, F|\n|poke|p1|Ogerpon-Wellspring, F|\n|poke|p1|Great Tusk|\n|poke|p1|Tapu Koko|\n|poke|p2|Ambipom, M|\n|poke|p2|Bellibolt, M|\n|poke|p2|Rillaboom, M|\n|poke|p2|Aegislash, M|\n|poke|p2|Honchkrow, M|\n|poke|p2|Clefable, M|\n|teampreview\n|inactive|Battle timer is ON: inactive players will automatically lose when time's up. (requested by xzc2423762877)\n|\n|t:|1700376744\n|start\n|switch|p1a: Gardevoir|Gardevoir, M, shiny|100\/100\n|switch|p2a: Ambipom|Ambipom, M|100\/100\n|-ability|p1a: Gardevoir|Technician|[from] ability: Trace|[of] p2a: Ambipom\n|turn|1\n|\n|t:|1700376749\n|switch|p1a: Moltres|Moltres|100\/100\n|move|p2a: Ambipom|Double Hit|p1a: Moltres\n|-damage|p1a: Moltres|82\/100\n|-damage|p1a: Moltres|63\/100\n|-hitcount|p1a: Moltres|2\n|\n|upkeep\n|turn|2\n|\n|t:|1700376754\n|move|p2a: Ambipom|Knock Off|p1a: Moltres\n|-damage|p1a: Moltres|40\/100\n|-enditem|p1a: Moltres|Heavy-Duty Boots|[from] move: Knock Off|[of] p2a: Ambipom\n|move|p1a: Moltres|Roost|p1a: Moltres\n|-heal|p1a: Moltres|90\/100\n|-singleturn|p1a: Moltres|move: Roost\n|\n|upkeep\n|turn|3\n|\n|t:|1700376757\n|switch|p2a: Clefable|Clefable, M|100\/100\n|move|p1a: Moltres|Toxic|p2a: Clefable\n|-status|p2a: Clefable|tox\n|\n|upkeep\n|turn|4\n|\n|t:|1700376763\n|move|p1a: Moltres|U-turn|p2a: Clefable\n|-resisted|p2a: Clefable\n|-damage|p2a: Clefable|93\/100 tox\n|\n|t:|1700376772\n|switch|p1a: Gardevoir|Gardevoir, M, shiny|100\/100|[from] U-turn\n|-ability|p1a: Gardevoir|Magic Guard|[from] ability: Trace|[of] p2a: Clefable\n|move|p2a: Clefable|Stealth Rock|p1a: Gardevoir\n|-sidestart|p1: xzc2423762877|move: Stealth Rock\n|\n|-heal|p2a: Clefable|99\/100 tox|[from] item: Leftovers\n|upkeep\n|turn|5\n|\n|t:|1700376784\n|switch|p2a: Aegislash|Aegislash, M|100\/100\n|detailschange|p1a: Gardevoir|Gardevoir-Mega, M, shiny\n|-mega|p1a: Gardevoir|Gardevoir|Gardevoirite\n|move|p1a: Gardevoir|Hyper Voice|p2a: Aegislash\n|-resisted|p2a: Aegislash\n|-damage|p2a: Aegislash|82\/100\n|\n|-heal|p2a: Aegislash|88\/100|[from] item: Leftovers\n|upkeep\n|turn|6\n|\n|t:|1700376789\n|switch|p1a: Moltres|Moltres|90\/100\n|-damage|p1a: Moltres|40\/100|[from] Stealth Rock\n|move|p2a: Aegislash|Toxic|p1a: Moltres\n|-status|p1a: Moltres|tox\n|\n|-heal|p2a: Aegislash|94\/100|[from] item: Leftovers\n|-damage|p1a: Moltres|34\/100 tox|[from] psn\n|upkeep\n|turn|7\n|\n|t:|1700376794\n|switch|p2a: Clefable|Clefable, M|99\/100 tox\n|move|p1a: Moltres|Roost|p1a: Moltres\n|-heal|p1a: Moltres|85\/100 tox\n|-singleturn|p1a: Moltres|move: Roost\n|\n|-heal|p2a: Clefable|100\/100 tox|[from] item: Leftovers\n|-damage|p1a: Moltres|73\/100 tox|[from] psn\n|upkeep\n|turn|8\n|\n|t:|1700376803\n|move|p1a: Moltres|U-turn|p2a: Clefable\n|-resisted|p2a: Clefable\n|-damage|p2a: Clefable|93\/100 tox\n|\n|t:|1700376805\n|switch|p1a: Great Tusk|Great Tusk|100\/100|[from] U-turn\n|-damage|p1a: Great Tusk|97\/100|[from] Stealth Rock\n|move|p2a: Clefable|Moonblast|p1a: Great Tusk\n|-supereffective|p1a: Great Tusk\n|-damage|p1a: Great Tusk|17\/100\n|\n|-heal|p2a: Clefable|99\/100 tox|[from] item: Leftovers\n|upkeep\n|turn|9\n|\n|t:|1700376809\n|move|p1a: Great Tusk|Rapid Spin|p2a: Clefable\n|-damage|p2a: Clefable|82\/100 tox\n|-boost|p1a: Great Tusk|spe|1\n|-sideend|p1: xzc2423762877|Stealth Rock|[from] move: Rapid Spin|[of] p1a: Great Tusk\n|move|p2a: Clefable|Moonblast|p1a: Great Tusk\n|-supereffective|p1a: Great Tusk\n|-crit|p1a: Great Tusk\n|-damage|p1a: Great Tusk|0 fnt\n|faint|p1a: Great Tusk\n|-end|p1a: Great Tusk|Protosynthesis|[silent]\n|\n|-heal|p2a: Clefable|89\/100 tox|[from] item: Leftovers\n|upkeep\n|\n|t:|1700376815\n|switch|p1a: Ogerpon|Ogerpon-Wellspring, F|100\/100\n|turn|10\n|\n|t:|1700376820\n|switch|p2a: Rillaboom|Rillaboom, M|100\/100\n|-fieldstart|move: Grassy Terrain|[from] ability: Grassy Surge|[of] p2a: Rillaboom\n|move|p1a: Ogerpon|Spikes|p2a: Rillaboom\n|-sidestart|p2: PASBMST|Spikes\n|\n|upkeep\n|turn|11\n|\n|t:|1700376838\n|switch|p2a: Honchkrow|Honchkrow, M|100\/100\n|move|p1a: Ogerpon|U-turn|p2a: Honchkrow\n|-damage|p2a: Honchkrow|62\/100\n|\n|t:|1700376858\n|switch|p1a: Tapu Koko|Tapu Koko|100\/100|[from] U-turn\n|-fieldstart|move: Electric Terrain|[from] ability: Electric Surge|[of] p1a: Tapu Koko\n|\n|upkeep\n|turn|12\n|\n|t:|1700376867\n|switch|p2a: Bellibolt|Bellibolt, M|100\/100\n|-damage|p2a: Bellibolt|88\/100|[from] Spikes\n|move|p1a: Tapu Koko|U-turn|p2a: Bellibolt\n|-damage|p2a: Bellibolt|78\/100\n|-start|p2a: Bellibolt|Charge|U-turn|[from] ability: Electromorphosis\n|\n|t:|1700376872\n|switch|p1a: Gardevoir|Gardevoir-Mega, M, shiny|100\/100|[from] U-turn\n|\n|-heal|p2a: Bellibolt|84\/100|[from] item: Leftovers\n|upkeep\n|turn|13\n|\n|t:|1700376876\n|move|p1a: Gardevoir|Hyper Voice|p2a: Bellibolt\n|-crit|p2a: Bellibolt\n|-damage|p2a: Bellibolt|0 fnt\n|faint|p2a: Bellibolt\n|\n|upkeep\n|\n|t:|1700376884\n|switch|p2a: Ambipom|Ambipom, M|100\/100\n|-damage|p2a: Ambipom|88\/100|[from] Spikes\n|turn|14\n|\n|t:|1700376889\n|switch|p2a: Clefable|Clefable, M|89\/100 tox\n|switch|p1a: Moltres|Moltres|73\/100 tox\n|\n|-heal|p2a: Clefable|95\/100 tox|[from] item: Leftovers\n|-damage|p1a: Moltres|67\/100 tox|[from] psn\n|upkeep\n|turn|15\n|\n|t:|1700376893\n|move|p1a: Moltres|U-turn|p2a: Clefable\n|-resisted|p2a: Clefable\n|-damage|p2a: Clefable|87\/100 tox\n|\n|t:|1700376895\n|switch|p1a: Ogerpon|Ogerpon-Wellspring, F|100\/100|[from] U-turn\n|move|p2a: Clefable|Stealth Rock|p1a: Ogerpon\n|-sidestart|p1: xzc2423762877|move: Stealth Rock\n|\n|-heal|p2a: Clefable|93\/100 tox|[from] item: Leftovers\n|-fieldend|move: Electric Terrain\n|upkeep\n|turn|16\n|\n|t:|1700376898\n|switch|p2a: Rillaboom|Rillaboom, M|100\/100\n|-damage|p2a: Rillaboom|88\/100|[from] Spikes\n|-fieldstart|move: Grassy Terrain|[from] ability: Grassy Surge|[of] p2a: Rillaboom\n|move|p1a: Ogerpon|Spikes|p2a: Rillaboom\n|-sidestart|p2: PASBMST|Spikes\n|\n|-heal|p2a: Rillaboom|94\/100|[from] Grassy Terrain\n|-heal|p2a: Rillaboom|100\/100|[from] item: Leftovers\n|upkeep\n|turn|17\n|\n|t:|1700376903\n|move|p1a: Ogerpon|U-turn|p2a: Rillaboom\n|-supereffective|p2a: Rillaboom\n|-damage|p2a: Rillaboom|58\/100\n|\n|t:|1700376908\n|switch|p1a: Moltres|Moltres|67\/100 tox|[from] U-turn\n|-damage|p1a: Moltres|17\/100 tox|[from] Stealth Rock\n|move|p2a: Rillaboom|Swords Dance|p2a: Rillaboom\n|-boost|p2a: Rillaboom|atk|2\n|\n|-heal|p2a: Rillaboom|64\/100|[from] Grassy Terrain\n|-heal|p2a: Rillaboom|70\/100|[from] item: Leftovers\n|-damage|p1a: Moltres|11\/100 tox|[from] psn\n|upkeep\n|turn|18\n|\n|t:|1700376914\n|move|p2a: Rillaboom|Grassy Glide|p1a: Moltres\n|-resisted|p1a: Moltres\n|-damage|p1a: Moltres|0 fnt\n|-status|p2a: Rillaboom|brn|[from] ability: Flame Body|[of] p1a: Moltres\n|faint|p1a: Moltres\n|\n|-heal|p2a: Rillaboom|76\/100 brn|[from] Grassy Terrain\n|-heal|p2a: Rillaboom|83\/100 brn|[from] item: Leftovers\n|-damage|p2a: Rillaboom|76\/100 brn|[from] brn\n|upkeep\n|\n|t:|1700376919\n|switch|p1a: Tapu Koko|Tapu Koko|100\/100\n|-damage|p1a: Tapu Koko|88\/100|[from] Stealth Rock\n|-fieldstart|move: Electric Terrain|[from] ability: Electric Surge|[of] p1a: Tapu Koko\n|turn|19\n|\n|t:|1700376926\n|move|p1a: Tapu Koko|U-turn|p2a: Rillaboom\n|-supereffective|p2a: Rillaboom\n|-damage|p2a: Rillaboom|47\/100 brn\n|\n|t:|1700376944\n|switch|p1a: Ogerpon|Ogerpon-Wellspring, F|100\/100|[from] U-turn\n|-damage|p1a: Ogerpon|88\/100|[from] Stealth Rock\n|move|p2a: Rillaboom|Grassy Glide|p1a: Ogerpon\n|-damage|p1a: Ogerpon|46\/100\n|\n|-heal|p2a: Rillaboom|53\/100 brn|[from] item: Leftovers\n|-damage|p2a: Rillaboom|47\/100 brn|[from] brn\n|upkeep\n|turn|20\n|\n|t:|1700376949\n|move|p1a: Ogerpon|Spikes|p2a: Rillaboom\n|-sidestart|p2: PASBMST|Spikes\n|move|p2a: Rillaboom|Grassy Glide|p1a: Ogerpon\n|-damage|p1a: Ogerpon|5\/100\n|\n|-heal|p2a: Rillaboom|53\/100 brn|[from] item: Leftovers\n|-damage|p2a: Rillaboom|47\/100 brn|[from] brn\n|upkeep\n|turn|21\n|\n|t:|1700376956\n|move|p1a: Ogerpon|U-turn|p2a: Rillaboom\n|-supereffective|p2a: Rillaboom\n|-damage|p2a: Rillaboom|5\/100 brn\n|\n|t:|1700376964\n|switch|p1a: Gardevoir|Gardevoir-Mega, M, shiny|100\/100|[from] U-turn\n|-damage|p1a: Gardevoir|88\/100|[from] Stealth Rock\n|move|p2a: Rillaboom|Grassy Glide|p1a: Gardevoir\n|-damage|p1a: Gardevoir|38\/100\n|\n|-heal|p2a: Rillaboom|11\/100 brn|[from] item: Leftovers\n|-damage|p2a: Rillaboom|5\/100 brn|[from] brn\n|upkeep\n|turn|22\n|\n|t:|1700376970\n|move|p1a: Gardevoir|Hyper Voice|p2a: Rillaboom\n|-damage|p2a: Rillaboom|0 fnt\n|faint|p2a: Rillaboom\n|\n|upkeep\n|\n|t:|1700376977\n|switch|p2a: Aegislash|Aegislash, M|94\/100\n|-damage|p2a: Aegislash|69\/100|[from] Spikes\n|turn|23\n|\n|t:|1700376979\n|move|p2a: Aegislash|King's Shield|p2a: Aegislash\n|-singleturn|p2a: Aegislash|Protect\n|move|p1a: Gardevoir|Mystical Fire|p2a: Aegislash\n|-activate|p2a: Aegislash|move: Protect\n|\n|-heal|p2a: Aegislash|75\/100|[from] item: Leftovers\n|-fieldend|move: Electric Terrain\n|upkeep\n|turn|24\n|\n|t:|1700376985\n|move|p1a: Gardevoir|Mystical Fire|p2a: Aegislash\n|-supereffective|p2a: Aegislash\n|-damage|p2a: Aegislash|41\/100\n|-unboost|p2a: Aegislash|spa|1\n|-formechange|p2a: Aegislash|Aegislash-Blade||[from] ability: Stance Change\n|move|p2a: Aegislash|Shadow Ball|p1a: Gardevoir\n|-supereffective|p1a: Gardevoir\n|-damage|p1a: Gardevoir|0 fnt\n|faint|p1a: Gardevoir\n|\n|-heal|p2a: Aegislash|47\/100|[from] item: Leftovers\n|upkeep\n|\n|t:|1700376994\n|switch|p1a: Urshifu|Urshifu-Rapid-Strike, F|100\/100\n|-damage|p1a: Urshifu|94\/100|[from] Stealth Rock\n|turn|25\n|\n|t:|1700377012\n|switch|p2a: Honchkrow|Honchkrow, M|62\/100\n|move|p1a: Urshifu|Surging Strikes|p2a: Honchkrow\n|-crit|p2a: Honchkrow\n|-damage|p2a: Honchkrow|22\/100\n|-crit|p2a: Honchkrow\n|-damage|p2a: Honchkrow|0 fnt\n|faint|p2a: Honchkrow\n|-hitcount|p2: Honchkrow|2\n|\n|upkeep\n|\n|t:|1700377018\n|switch|p2a: Clefable|Clefable, M|93\/100 tox\n|turn|26\n|\n|t:|1700377023\n|-terastallize|p1a: Urshifu|Water\n|-terastallize|p2a: Clefable|Fairy\n|move|p1a: Urshifu|Surging Strikes|p2a: Clefable\n|-crit|p2a: Clefable\n|-damage|p2a: Clefable|60\/100 tox\n|-crit|p2a: Clefable\n|-damage|p2a: Clefable|27\/100 tox\n|-crit|p2a: Clefable\n|-damage|p2a: Clefable|0 fnt\n|faint|p2a: Clefable\n|-hitcount|p2: Clefable|3\n|\n|upkeep\n|\n|t:|1700377030\n|switch|p2a: Ambipom|Ambipom, M|88\/100\n|-damage|p2a: Ambipom|63\/100|[from] Spikes\n|turn|27\n|\n|t:|1700377031\n|move|p2a: Ambipom|Fake Out|p1a: Urshifu\n|-damage|p1a: Urshifu|66\/100\n|cant|p1a: Urshifu|flinch\n|\n|upkeep\n|turn|28\n|\n|t:|1700377034\n|move|p1a: Urshifu|Surging Strikes|p2a: Ambipom\n|-crit|p2a: Ambipom\n|-damage|p2a: Ambipom|18\/100\n|-crit|p2a: Ambipom\n|-damage|p2a: Ambipom|0 fnt\n|faint|p2a: Ambipom\n|-hitcount|p2: Ambipom|2\n|\n|upkeep\n|\n|t:|1700377038\n|switch|p2a: Aegislash|Aegislash, M|47\/100\n|-damage|p2a: Aegislash|22\/100|[from] Spikes\n|turn|29\n|\n|t:|1700377039\n|move|p1a: Urshifu|Surging Strikes|p2a: Aegislash\n|-crit|p2a: Aegislash\n|-damage|p2a: Aegislash|0 fnt\n|faint|p2a: Aegislash\n|-hitcount|p2: Aegislash|1\n|\n|win|xzc2423762877\n|raw|xzc2423762877's rating: 1316 &rarr; <strong>1343<\/strong><br \/>(+27 for winning)\n|raw|PASBMST's rating: 1442 &rarr; <strong>1415<\/strong><br \/>(-27 for losing)\n|l|\u2606PASBMST\n","uploadtime":1700377052,"views":9,"p1id":"xzc2423762877","p2id":"pasbmst","formatid":"gen9nationaldex","rating":1343,"private":0,"password":""}