{"id":"gen9nationaldex-1993215143","p1":"phantomclaw8888","p2":"wwaaa","format":"[Gen 9] National Dex","log":"|j|\u2606phantomclaw8888\n|j|\u2606wwaaa\n|t:|1700279134\n|gametype|singles\n|player|p1|phantomclaw8888|red|1714\n|player|p2|wwaaa|lillie-masters|1688\n|teamsize|p1|6\n|teamsize|p2|6\n|gen|9\n|tier|[Gen 9] National Dex\n|rated|\n|rule|HP Percentage Mod: HP is shown in percentages\n|rule|Endless Battle Clause: Forcing endless battles is banned\n|rule|OHKO Clause: OHKO moves are banned\n|rule|Evasion Clause: Evasion abilities, items, and moves are banned\n|rule|Evasion Abilities Clause: Evasion abilities are banned\n|rule|Evasion Items Clause: Evasion items are banned\n|rule|Evasion Moves Clause: Evasion moves are banned\n|rule|Species Clause: Limit one of each Pok\u00e9mon\n|rule|Sleep Clause Mod: Limit one foe put to sleep\n|clearpoke\n|poke|p1|Urshifu-*, M|\n|poke|p1|Heatran, M|\n|poke|p1|Diancie|\n|poke|p1|Zapdos|\n|poke|p1|Serperior, M|\n|poke|p1|Garchomp, F|\n|poke|p2|Weavile, F|\n|poke|p2|Zamazenta-*|\n|poke|p2|Banette, F|\n|poke|p2|Dragonite, M|\n|poke|p2|Slowking-Galar, M|\n|poke|p2|Ferrothorn, F|\n|teampreview\n|\n|t:|1700279149\n|start\n|switch|p1a: Diancie|Diancie|100\/100\n|switch|p2a: Ferrothorn|Ferrothorn, F|100\/100\n|turn|1\n|\n|t:|1700279166\n|switch|p1a: Heatran|Heatran, M|100\/100\n|move|p2a: Ferrothorn|Stealth Rock|p1a: Heatran\n|-sidestart|p1: phantomclaw8888|move: Stealth Rock\n|\n|upkeep\n|turn|2\n|\n|t:|1700279172\n|switch|p2a: Dragonite|Dragonite, M|100\/100\n|move|p1a: Heatran|Magma Storm|p2a: Dragonite\n|-resisted|p2a: Dragonite\n|-damage|p2a: Dragonite|90\/100\n|-activate|p2a: Dragonite|move: Magma Storm|[of] p1a: Heatran\n|\n|-damage|p2a: Dragonite|77\/100|[from] move: Magma Storm|[partiallytrapped]\n|upkeep\n|turn|3\n|\n|t:|1700279181\n|move|p2a: Dragonite|Earthquake|p1a: Heatran\n|-supereffective|p1a: Heatran\n|-damage|p1a: Heatran|0 fnt\n|faint|p1a: Heatran\n|\n|-end|p2a: Dragonite|Magma Storm|[partiallytrapped]|[silent]\n|upkeep\n|\n|t:|1700279185\n|switch|p1a: Diancie|Diancie|100\/100\n|-damage|p1a: Diancie|88\/100|[from] Stealth Rock\n|turn|4\n|\n|t:|1700279194\n|switch|p2a: Ferrothorn|Ferrothorn, F|100\/100\n|detailschange|p1a: Diancie|Diancie-Mega\n|-mega|p1a: Diancie|Diancie|Diancite\n|move|p1a: Diancie|Moonblast|p2a: Ferrothorn\n|-resisted|p2a: Ferrothorn\n|-damage|p2a: Ferrothorn|81\/100\n|\n|-heal|p2a: Ferrothorn|88\/100|[from] item: Leftovers\n|upkeep\n|turn|5\n|\n|t:|1700279202\n|switch|p1a: Zapdos|Zapdos|100\/100\n|move|p2a: Ferrothorn|Gyro Ball|p1a: Zapdos\n|-resisted|p1a: Zapdos\n|-damage|p1a: Zapdos|80\/100\n|\n|-heal|p2a: Ferrothorn|94\/100|[from] item: Leftovers\n|upkeep\n|turn|6\n|\n|t:|1700279210\n|switch|p2a: Slowking|Slowking-Galar, M|100\/100\n|move|p1a: Zapdos|Defog|p2a: Slowking\n|-unboost|p2a: Slowking|evasion|1\n|-sideend|p1: phantomclaw8888|Stealth Rock|[from] move: Defog|[of] p1a: Zapdos\n|\n|upkeep\n|turn|7\n|\n|t:|1700279222\n|move|p1a: Zapdos|Volt Switch|p2a: Slowking\n|-damage|p2a: Slowking|83\/100\n|\n|t:|1700279227\n|switch|p1a: Garchomp|Garchomp, F|100\/100|[from] Volt Switch\n|move|p2a: Slowking|Chilly Reception|p2a: Slowking\n|-weather|Snow\n|\n|t:|1700279232\n|switch|p2a: Weavile|Weavile, F|100\/100|[from] Chilly Reception\n|-ability|p2a: Weavile|Pressure\n|\n|-weather|Snow|[upkeep]\n|upkeep\n|turn|8\n|\n|t:|1700279238\n|switch|p1a: Zapdos|Zapdos|80\/100\n|move|p2a: Weavile|Triple Axel|p1a: Zapdos\n|-supereffective|p1a: Zapdos\n|-damage|p1a: Zapdos|53\/100\n|-supereffective|p1a: Zapdos\n|-damage|p1a: Zapdos|5\/100\n|-supereffective|p1a: Zapdos\n|-damage|p1a: Zapdos|0 fnt\n|faint|p1a: Zapdos\n|-hitcount|p1: Zapdos|3\n|\n|-weather|Snow|[upkeep]\n|upkeep\n|\n|t:|1700279248\n|switch|p1a: Urshifu|Urshifu-Rapid-Strike, M|100\/100\n|turn|9\n|\n|t:|1700279255\n|switch|p2a: Ferrothorn|Ferrothorn, F|94\/100\n|move|p1a: Urshifu|U-turn|p2a: Ferrothorn\n|-damage|p2a: Ferrothorn|67\/100\n|-damage|p1a: Urshifu|88\/100|[from] ability: Iron Barbs|[of] p2a: Ferrothorn\n|\n|t:|1700279263\n|switch|p1a: Garchomp|Garchomp, F|100\/100|[from] U-turn\n|\n|-weather|Snow|[upkeep]\n|-heal|p2a: Ferrothorn|74\/100|[from] item: Leftovers\n|upkeep\n|turn|10\n|\n|t:|1700279268\n|move|p1a: Garchomp|Substitute|p1a: Garchomp\n|-start|p1a: Garchomp|Substitute\n|-damage|p1a: Garchomp|76\/100\n|move|p2a: Ferrothorn|Leech Seed||[still]\n|-fail|p2a: Ferrothorn\n|\n|-weather|Snow|[upkeep]\n|-heal|p2a: Ferrothorn|80\/100|[from] item: Leftovers\n|upkeep\n|turn|11\n|\n|t:|1700279275\n|move|p1a: Garchomp|Swords Dance|p1a: Garchomp\n|-boost|p1a: Garchomp|atk|2\n|move|p2a: Ferrothorn|Gyro Ball|p1a: Garchomp\n|-end|p1a: Garchomp|Substitute\n|\n|-weather|none\n|-heal|p2a: Ferrothorn|86\/100|[from] item: Leftovers\n|upkeep\n|turn|12\n|\n|t:|1700279290\n|move|p1a: Garchomp|Earthquake|p2a: Ferrothorn\n|-damage|p2a: Ferrothorn|14\/100\n|move|p2a: Ferrothorn|Gyro Ball|p1a: Garchomp\n|-damage|p1a: Garchomp|27\/100\n|-damage|p2a: Ferrothorn|1\/100|[from] ability: Rough Skin|[of] p1a: Garchomp\n|\n|-heal|p2a: Ferrothorn|7\/100|[from] item: Leftovers\n|upkeep\n|turn|13\n|\n|t:|1700279299\n|move|p1a: Garchomp|Scale Shot|p2a: Ferrothorn\n|-resisted|p2a: Ferrothorn\n|-damage|p2a: Ferrothorn|0 fnt\n|faint|p2a: Ferrothorn\n|-hitcount|p2: Ferrothorn|1\n|-unboost|p1a: Garchomp|def|1\n|-boost|p1a: Garchomp|spe|1\n|\n|upkeep\n|\n|t:|1700279302\n|switch|p2a: Weavile|Weavile, F|100\/100\n|-ability|p2a: Weavile|Pressure\n|turn|14\n|\n|t:|1700279312\n|switch|p1a: Urshifu|Urshifu-Rapid-Strike, M|88\/100\n|move|p2a: Weavile|Ice Shard|p1a: Urshifu\n|-resisted|p1a: Urshifu\n|-damage|p1a: Urshifu|72\/100\n|\n|upkeep\n|turn|15\n|\n|t:|1700279332\n|switch|p2a: Slowking|Slowking-Galar, M|100\/100\n|move|p1a: Urshifu|U-turn|p2a: Slowking\n|-damage|p2a: Slowking|60\/100\n|inactive|Battle timer is ON: inactive players will automatically lose when time's up. (requested by wwaaa)\n|\n|t:|1700279340\n|switch|p1a: Garchomp|Garchomp, F|27\/100|[from] U-turn\n|\n|upkeep\n|turn|16\n|\n|t:|1700279344\n|move|p1a: Garchomp|Scale Shot|p2a: Slowking\n|-damage|p2a: Slowking|47\/100\n|-crit|p2a: Slowking\n|-damage|p2a: Slowking|27\/100\n|-damage|p2a: Slowking|13\/100\n|-crit|p2a: Slowking\n|-damage|p2a: Slowking|0 fnt\n|faint|p2a: Slowking\n|-hitcount|p2: Slowking|4\n|-unboost|p1a: Garchomp|def|1\n|-boost|p1a: Garchomp|spe|1\n|\n|upkeep\n|\n|t:|1700279350\n|switch|p2a: Dragonite|Dragonite, M|77\/100\n|turn|17\n|\n|t:|1700279356\n|move|p2a: Dragonite|Extreme Speed|p1a: Garchomp\n|-damage|p1a: Garchomp|0 fnt\n|-damage|p2a: Dragonite|65\/100|[from] ability: Rough Skin|[of] p1a: Garchomp\n|faint|p1a: Garchomp\n|\n|upkeep\n|\n|t:|1700279361\n|switch|p1a: Diancie|Diancie-Mega|88\/100\n|turn|18\n|\n|t:|1700279378\n|switch|p2a: Zamazenta|Zamazenta|100\/100\n|-ability|p2a: Zamazenta|Dauntless Shield|boost\n|-boost|p2a: Zamazenta|def|1\n|move|p1a: Diancie|Moonblast|p2a: Zamazenta\n|-supereffective|p2a: Zamazenta\n|-damage|p2a: Zamazenta|11\/100\n|-unboost|p2a: Zamazenta|spa|1\n|\n|upkeep\n|turn|19\n|\n|t:|1700279387\n|move|p2a: Zamazenta|Heavy Slam|p1a: Diancie\n|-supereffective|p1a: Diancie\n|-damage|p1a: Diancie|0 fnt\n|faint|p1a: Diancie\n|\n|upkeep\n|\n|t:|1700279393\n|switch|p1a: Urshifu|Urshifu-Rapid-Strike, M|72\/100\n|turn|20\n|\n|t:|1700279395\n|move|p2a: Zamazenta|Body Press|p1a: Urshifu\n|-damage|p1a: Urshifu|26\/100\n|move|p1a: Urshifu|U-turn|p2a: Zamazenta\n|-resisted|p2a: Zamazenta\n|-damage|p2a: Zamazenta|2\/100\n|\n|t:|1700279400\n|switch|p1a: Serperior|Serperior, M|100\/100|[from] U-turn\n|\n|upkeep\n|turn|21\n|\n|t:|1700279405\n|move|p2a: Zamazenta|Body Press|p1a: Serperior\n|-damage|p1a: Serperior|46\/100\n|move|p1a: Serperior|Leaf Storm|p2a: Zamazenta\n|-damage|p2a: Zamazenta|0 fnt\n|-boost|p1a: Serperior|spa|2\n|faint|p2a: Zamazenta\n|\n|-heal|p1a: Serperior|53\/100|[from] item: Leftovers\n|upkeep\n|\n|t:|1700279412\n|switch|p2a: Weavile|Weavile, F|100\/100\n|-ability|p2a: Weavile|Pressure\n|turn|22\n|\n|t:|1700279418\n|-terastallize|p1a: Serperior|Fire\n|move|p2a: Weavile|Knock Off|p1a: Serperior\n|-damage|p1a: Serperior|0 fnt\n|-enditem|p1a: Serperior|Leftovers|[from] move: Knock Off|[of] p2a: Weavile\n|faint|p1a: Serperior\n|\n|upkeep\n|\n|t:|1700279423\n|switch|p1a: Urshifu|Urshifu-Rapid-Strike, M|26\/100\n|turn|23\n|-message|phantomclaw8888 forfeited.\n|\n|win|wwaaa\n|raw|phantomclaw8888's rating: 1714 &rarr; <strong>1693<\/strong><br \/>(-21 for losing)\n|raw|wwaaa's rating: 1688 &rarr; <strong>1709<\/strong><br \/>(+21 for winning)\n|l|\u2606phantomclaw8888\n","uploadtime":1700279436,"views":6,"p1id":"phantomclaw8888","p2id":"wwaaa","formatid":"gen9nationaldex","rating":1693,"private":0,"password":""}