{"id":"gen9nationaldex-1990223690","p1":"Nemasilla","p2":"Sly Killdex 2","format":"[Gen 9] National Dex","log":"|j|\u2606Nemasilla\n|j|\u2606Sly Killdex 2\n|t:|1699939954\n|gametype|singles\n|player|p1|Nemasilla|irida|1081\n|player|p2|Sly Killdex 2|volkner|1098\n|teamsize|p1|6\n|teamsize|p2|6\n|gen|9\n|tier|[Gen 9] National Dex\n|rated|\n|rule|HP Percentage Mod: HP is shown in percentages\n|rule|Endless Battle Clause: Forcing endless battles is banned\n|rule|OHKO Clause: OHKO moves are banned\n|rule|Evasion Clause: Evasion abilities, items, and moves are banned\n|rule|Evasion Abilities Clause: Evasion abilities are banned\n|rule|Evasion Items Clause: Evasion items are banned\n|rule|Evasion Moves Clause: Evasion moves are banned\n|rule|Species Clause: Limit one of each Pok\u00e9mon\n|rule|Sleep Clause Mod: Limit one foe put to sleep\n|clearpoke\n|poke|p1|Miltank, F|\n|poke|p1|Dubwool, F|\n|poke|p1|Appletun, F|\n|poke|p1|Brute Bonnet|\n|poke|p1|Rotom-Mow|\n|poke|p1|Beedrill, M|\n|poke|p2|Silvally-*|\n|poke|p2|Pikipek, F|\n|poke|p2|Torracat, M|\n|poke|p2|Decidueye, M|\n|poke|p2|Diancie|\n|poke|p2|Zygarde-10%|\n|teampreview\n|inactive|Battle timer is ON: inactive players will automatically lose when time's up. (requested by Nemasilla)\n|\n|t:|1699939973\n|start\n|switch|p1a: Rotom|Rotom-Mow|100\/100\n|switch|p2a: Torracat|Torracat, M|100\/100\n|-ability|p2a: Torracat|Intimidate|boost\n|-unboost|p1a: Rotom|atk|1\n|turn|1\n|\n|t:|1699939979\n|-terastallize|p1a: Rotom|Poison\n|move|p1a: Rotom|Nasty Plot|p1a: Rotom\n|-boost|p1a: Rotom|spa|2\n|move|p2a: Torracat|Flare Blitz|p1a: Rotom\n|-damage|p1a: Rotom|43\/100\n|-damage|p2a: Torracat|83\/100|[from] Recoil\n|\n|-heal|p1a: Rotom|49\/100|[from] item: Leftovers\n|upkeep\n|turn|2\n|\n|t:|1699939991\n|switch|p2a: Zygarde|Zygarde-10%|100\/100\n|-ability|p2a: Zygarde|Aura Break\n|move|p1a: Rotom|Leaf Storm|p2a: Zygarde\n|-damage|p2a: Zygarde|0 fnt\n|-unboost|p1a: Rotom|spa|2\n|faint|p2a: Zygarde\n|\n|-heal|p1a: Rotom|55\/100|[from] item: Leftovers\n|upkeep\n|\n|t:|1699940002\n|switch|p2a: Pikipek|Pikipek, F|100\/100\n|turn|3\n|\n|t:|1699940024\n|move|p1a: Rotom|Will-O-Wisp|p2a: Pikipek|[miss]\n|-miss|p1a: Rotom|p2a: Pikipek\n|move|p2a: Pikipek|Brave Bird|p1a: Rotom\n|-damage|p1a: Rotom|3\/100\n|-damage|p2a: Pikipek|82\/100|[from] Recoil\n|\n|-heal|p1a: Rotom|9\/100|[from] item: Leftovers\n|upkeep\n|turn|4\n|\n|t:|1699940033\n|move|p1a: Rotom|Volt Switch|p2a: Pikipek\n|-supereffective|p2a: Pikipek\n|-damage|p2a: Pikipek|0 fnt\n|faint|p2a: Pikipek\n|\n|t:|1699940039\n|switch|p1a: Brute Bonnet|Brute Bonnet|100\/100|[from] Volt Switch\n|\n|upkeep\n|\n|t:|1699940043\n|switch|p2a: Torracat|Torracat, M|83\/100\n|-ability|p2a: Torracat|Intimidate|boost\n|-unboost|p1a: Brute Bonnet|atk|1\n|turn|5\n|\n|t:|1699940060\n|move|p2a: Torracat|Flare Blitz|p1a: Brute Bonnet\n|-supereffective|p1a: Brute Bonnet\n|-damage|p1a: Brute Bonnet|11\/100\n|-damage|p2a: Torracat|51\/100|[from] Recoil\n|move|p1a: Brute Bonnet|Spore|p2a: Torracat\n|-status|p2a: Torracat|slp|[from] move: Spore\n|\n|upkeep\n|turn|6\n|\n|t:|1699940066\n|cant|p2a: Torracat|slp\n|move|p1a: Brute Bonnet|Bullet Seed|p2a: Torracat\n|-resisted|p2a: Torracat\n|-damage|p2a: Torracat|46\/100 slp\n|-resisted|p2a: Torracat\n|-damage|p2a: Torracat|41\/100 slp\n|-resisted|p2a: Torracat\n|-damage|p2a: Torracat|35\/100 slp\n|-resisted|p2a: Torracat\n|-damage|p2a: Torracat|30\/100 slp\n|-resisted|p2a: Torracat\n|-damage|p2a: Torracat|24\/100 slp\n|-hitcount|p2a: Torracat|5\n|\n|upkeep\n|turn|7\n|\n|t:|1699940069\n|cant|p2a: Torracat|slp\n|move|p1a: Brute Bonnet|Bullet Seed|p2a: Torracat\n|-resisted|p2a: Torracat\n|-damage|p2a: Torracat|18\/100 slp\n|-resisted|p2a: Torracat\n|-damage|p2a: Torracat|13\/100 slp\n|-resisted|p2a: Torracat\n|-damage|p2a: Torracat|7\/100 slp\n|-resisted|p2a: Torracat\n|-damage|p2a: Torracat|2\/100 slp\n|-resisted|p2a: Torracat\n|-damage|p2a: Torracat|0 fnt\n|faint|p2a: Torracat\n|-hitcount|p2: Torracat|5\n|\n|upkeep\n|\n|t:|1699940074\n|switch|p2a: Silvally|Silvally-Rock|100\/100\n|turn|8\n|\n|t:|1699940080\n|move|p1a: Brute Bonnet|Sucker Punch|p2a: Silvally\n|-damage|p2a: Silvally|72\/100\n|move|p2a: Silvally|Multi-Attack|p1a: Brute Bonnet\n|-damage|p1a: Brute Bonnet|0 fnt\n|faint|p1a: Brute Bonnet\n|-end|p1a: Brute Bonnet|Protosynthesis|[silent]\n|\n|upkeep\n|\n|t:|1699940085\n|switch|p1a: Dubwool|Dubwool, F|100\/100\n|turn|9\n|inactive|Sly Killdex 2 has 120 seconds left.\n|\n|t:|1699940115\n|switch|p2a: Diancie|Diancie|100\/100\n|move|p1a: Dubwool|Body Press|p2a: Diancie\n|-crit|p2a: Diancie\n|-damage|p2a: Diancie|73\/100\n|\n|upkeep\n|turn|10\n|\n|t:|1699940131\n|switch|p1a: Rotom|Rotom-Mow, tera:Poison|9\/100\n|move|p2a: Diancie|Moonblast|p1a: Rotom\n|-resisted|p1a: Rotom\n|-damage|p1a: Rotom|0 fnt\n|faint|p1a: Rotom\n|\n|upkeep\n|\n|t:|1699940133\n|switch|p1a: Beedrill|Beedrill, M|100\/100\n|turn|11\n|inactive|Sly Killdex 2 has 120 seconds left.\n|\n|t:|1699940157\n|detailschange|p1a: Beedrill|Beedrill-Mega, M\n|-mega|p1a: Beedrill|Beedrill|Beedrillite\n|detailschange|p2a: Diancie|Diancie-Mega\n|-mega|p2a: Diancie|Diancie|Diancite\n|move|p1a: Beedrill|Drill Run|p2a: Diancie\n|-supereffective|p2a: Diancie\n|-damage|p2a: Diancie|0 fnt\n|faint|p2a: Diancie\n|\n|upkeep\n|inactive|Sly Killdex 2 has 120 seconds left.\n|\n|t:|1699940163\n|switch|p2a: Decidueye|Decidueye, M|100\/100\n|turn|12\n|\n|t:|1699940171\n|move|p1a: Beedrill|Poison Jab|p2a: Decidueye\n|-crit|p2a: Decidueye\n|-damage|p2a: Decidueye|0 fnt\n|faint|p2a: Decidueye\n|\n|upkeep\n|\n|t:|1699940174\n|switch|p2a: Silvally|Silvally-Rock|72\/100\n|turn|13\n|\n|t:|1699940179\n|move|p1a: Beedrill|Drill Run|p2a: Silvally\n|-supereffective|p2a: Silvally\n|-damage|p2a: Silvally|10\/100\n|move|p2a: Silvally|Swords Dance|p2a: Silvally\n|-boost|p2a: Silvally|atk|2\n|\n|upkeep\n|turn|14\n|\n|t:|1699940186\n|move|p1a: Beedrill|U-turn|p2a: Silvally\n|-damage|p2a: Silvally|0 fnt\n|faint|p2a: Silvally\n|\n|win|Nemasilla\n|raw|Nemasilla's rating: 1081 &rarr; <strong>1110<\/strong><br \/>(+29 for winning)\n|raw|Sly Killdex 2's rating: 1098 &rarr; <strong>1072<\/strong><br \/>(-26 for losing)\n|l|\u2606Nemasilla\n","uploadtime":1699940191,"views":4,"p1id":"nemasilla","p2id":"slykilldex2","formatid":"gen9nationaldex","rating":1072,"private":0,"password":""}