{"id":"gen9nationaldex-1994361154","p1":"NotAmazingYT","p2":"Th3K1ng123","format":"[Gen 9] National Dex","log":"|j|\u2606NotAmazingYT\n|j|\u2606Th3K1ng123\n|t:|1700435151\n|gametype|singles\n|player|p1|NotAmazingYT|cynthia-gen4|1215\n|player|p2|Th3K1ng123|turo|1262\n|teamsize|p1|6\n|teamsize|p2|6\n|gen|9\n|tier|[Gen 9] National Dex\n|rated|\n|rule|HP Percentage Mod: HP is shown in percentages\n|rule|Endless Battle Clause: Forcing endless battles is banned\n|rule|OHKO Clause: OHKO moves are banned\n|rule|Evasion Clause: Evasion abilities, items, and moves are banned\n|rule|Evasion Abilities Clause: Evasion abilities are banned\n|rule|Evasion Items Clause: Evasion items are banned\n|rule|Evasion Moves Clause: Evasion moves are banned\n|rule|Species Clause: Limit one of each Pok\u00e9mon\n|rule|Sleep Clause Mod: Limit one foe put to sleep\n|clearpoke\n|poke|p1|Garchomp, F|\n|poke|p1|Gliscor, M|\n|poke|p1|Heatran, M|\n|poke|p1|Manaphy|\n|poke|p1|Zoroark-Hisui, M|\n|poke|p1|Weavile, M|\n|poke|p2|Beedrill, M|\n|poke|p2|Arbok, M|\n|poke|p2|Crobat, M|\n|poke|p2|Toxapex, M|\n|poke|p2|Iron Moth|\n|poke|p2|Amoonguss, M|\n|teampreview\n|inactive|Battle timer is ON: inactive players will automatically lose when time's up. (requested by Th3K1ng123)\n|\n|t:|1700435178\n|start\n|switch|p1a: Heatran|Heatran, M|100\/100\n|switch|p2a: Warhead|Beedrill, M, shiny|100\/100\n|turn|1\n|\n|t:|1700435185\n|detailschange|p2a: Warhead|Beedrill-Mega, M, shiny\n|-mega|p2a: Warhead|Beedrill|Beedrillite\n|move|p2a: Warhead|Drill Run|p1a: Heatran\n|-supereffective|p1a: Heatran\n|-damage|p1a: Heatran|0 fnt\n|faint|p1a: Heatran\n|\n|upkeep\n|\n|t:|1700435206\n|switch|p1a: Weavile|Weavile, M|100\/100\n|turn|2\n|\n|t:|1700435210\n|move|p1a: Weavile|Hyper Voice|p2a: Warhead\n|-damage|p2a: Warhead|37\/100\n|move|p2a: Warhead|Fell Stinger|p1a: Weavile\n|-resisted|p1a: Weavile\n|-damage|p1a: Weavile|63\/100\n|replace|p1a: Zoroark|Zoroark-Hisui, M\n|-end|p1a: Zoroark|Illusion\n|\n|upkeep\n|turn|3\n|\n|t:|1700435232\n|switch|p2a: Bunker|Toxapex, M, shiny|100\/100\n|move|p1a: Zoroark|Hyper Voice|p2a: Bunker\n|-damage|p2a: Bunker|71\/100\n|\n|upkeep\n|turn|4\n|\n|t:|1700435248\n|switch|p1a: Garchomp|Garchomp, F|100\/100\n|move|p2a: Bunker|Knock Off|p1a: Garchomp\n|-damage|p1a: Garchomp|90\/100\n|-damage|p2a: Bunker|58\/100|[from] ability: Rough Skin|[of] p1a: Garchomp\n|\n|upkeep\n|turn|5\n|\n|t:|1700435265\n|switch|p2a: Brobat|Crobat, M, shiny|100\/100\n|detailschange|p1a: Garchomp|Garchomp-Mega, F\n|-mega|p1a: Garchomp|Garchomp|Garchompite\n|move|p1a: Garchomp|Earthquake|p2a: Brobat\n|-immune|p2a: Brobat\n|\n|upkeep\n|turn|6\n|\n|t:|1700435273\n|move|p2a: Brobat|Toxic|p1a: Garchomp\n|-status|p1a: Garchomp|tox\n|move|p1a: Garchomp|Swords Dance|p1a: Garchomp\n|-boost|p1a: Garchomp|atk|2\n|\n|-damage|p1a: Garchomp|84\/100 tox|[from] psn\n|upkeep\n|turn|7\n|\n|t:|1700435283\n|move|p2a: Brobat|Haze|p2a: Brobat\n|-clearallboost\n|move|p1a: Garchomp|Scale Shot|p2a: Brobat\n|-damage|p2a: Brobat|81\/100\n|-damage|p2a: Brobat|62\/100\n|-hitcount|p2a: Brobat|2\n|-unboost|p1a: Garchomp|def|1\n|-boost|p1a: Garchomp|spe|1\n|\n|-damage|p1a: Garchomp|71\/100 tox|[from] psn\n|upkeep\n|turn|8\n|\n|t:|1700435305\n|move|p1a: Garchomp|Scale Shot|p2a: Brobat\n|-damage|p2a: Brobat|43\/100\n|-damage|p2a: Brobat|21\/100\n|-damage|p2a: Brobat|0 fnt\n|faint|p2a: Brobat\n|-hitcount|p2: Brobat|3\n|-unboost|p1a: Garchomp|def|1\n|-boost|p1a: Garchomp|spe|1\n|\n|-damage|p1a: Garchomp|53\/100 tox|[from] psn\n|upkeep\n|inactive|Th3K1ng123 has 120 seconds left.\n|\n|t:|1700435334\n|switch|p2a: Noodler|Arbok, M, shiny|100\/100\n|-ability|p2a: Noodler|Intimidate|boost\n|-unboost|p1a: Garchomp|atk|1\n|turn|9\n|inactive|Th3K1ng123 has 120 seconds left.\n|\n|t:|1700435347\n|-terastallize|p2a: Noodler|Dragon\n|move|p1a: Garchomp|Earthquake|p2a: Noodler\n|-damage|p2a: Noodler|17\/100\n|move|p2a: Noodler|Scale Shot|p1a: Garchomp\n|-supereffective|p1a: Garchomp\n|-damage|p1a: Garchomp|20\/100 tox\n|-supereffective|p1a: Garchomp\n|-damage|p1a: Garchomp|0 fnt\n|faint|p1a: Garchomp\n|-hitcount|p1: Garchomp|2\n|-unboost|p2a: Noodler|def|1\n|-boost|p2a: Noodler|spe|1\n|\n|upkeep\n|\n|t:|1700435355\n|switch|p1a: Weavile|Weavile, M|100\/100\n|-ability|p1a: Weavile|Pressure\n|turn|10\n|\n|t:|1700435364\n|move|p2a: Noodler|Scale Shot|p1a: Weavile\n|-damage|p1a: Weavile|81\/100\n|-damage|p1a: Weavile|61\/100\n|-damage|p1a: Weavile|43\/100\n|-damage|p1a: Weavile|24\/100\n|-damage|p1a: Weavile|5\/100\n|-hitcount|p1a: Weavile|5\n|-unboost|p2a: Noodler|def|1\n|-boost|p2a: Noodler|spe|1\n|move|p1a: Weavile|Pursuit|p2a: Noodler\n|-damage|p2a: Noodler|0 fnt\n|faint|p2a: Noodler\n|\n|upkeep\n|inactive|Th3K1ng123 has 120 seconds left.\n|\n|t:|1700435382\n|switch|p2a: Flare|Iron Moth, shiny|100\/100\n|-enditem|p2a: Flare|Booster Energy\n|-activate|p2a: Flare|ability: Quark Drive|[fromitem]\n|-start|p2a: Flare|quarkdrivespe\n|turn|11\n|inactive|Th3K1ng123 has 120 seconds left.\n|inactive|NotAmazingYT has 120 seconds left.\n|\n|t:|1700435430\n|switch|p1a: Gliscor|Gliscor, M|100\/100\n|move|p2a: Flare|Fiery Dance|p1a: Gliscor\n|-damage|p1a: Gliscor|49\/100\n|\n|-status|p1a: Gliscor|tox|[from] item: Toxic Orb\n|upkeep\n|turn|12\n|inactive|Th3K1ng123 has 120 seconds left.\n|\n|t:|1700435455\n|switch|p1a: Manaphy|Manaphy|100\/100\n|move|p2a: Flare|Fiery Dance|p1a: Manaphy\n|-resisted|p1a: Manaphy\n|-damage|p1a: Manaphy|83\/100\n|-boost|p2a: Flare|spa|1\n|\n|upkeep\n|turn|13\n|\n|t:|1700435464\n|move|p2a: Flare|Energy Ball|p1a: Manaphy\n|-supereffective|p1a: Manaphy\n|-damage|p1a: Manaphy|1\/100\n|-enditem|p1a: Manaphy|Salac Berry|[eat]\n|-boost|p1a: Manaphy|spe|1|[from] item: Salac Berry\n|move|p1a: Manaphy|Tail Glow|p1a: Manaphy\n|-boost|p1a: Manaphy|spa|3\n|\n|upkeep\n|turn|14\n|inactive|NotAmazingYT has 120 seconds left.\n|inactive|Th3K1ng123 has 120 seconds left.\n|\n|t:|1700435479\n|move|p2a: Flare|Fiery Dance|p1a: Manaphy\n|-resisted|p1a: Manaphy\n|-damage|p1a: Manaphy|0 fnt\n|faint|p1a: Manaphy\n|\n|upkeep\n|\n|t:|1700435482\n|switch|p1a: Gliscor|Gliscor, M|63\/100\n|turn|15\n|inactive|NotAmazingYT has 120 seconds left.\n|\n|t:|1700435492\n|move|p1a: Gliscor|Hyper Voice|p2a: Flare\n|-damage|p2a: Flare|61\/100\n|move|p2a: Flare|Fiery Dance|p1a: Gliscor\n|-damage|p1a: Gliscor|0 fnt\n|-boost|p2a: Flare|spa|1\n|replace|p1a: Zoroark|Zoroark-Hisui, M\n|-end|p1a: Zoroark|Illusion\n|faint|p1a: Zoroark\n|\n|upkeep\n|-message|NotAmazingYT forfeited.\n|\n|win|Th3K1ng123\n|raw|NotAmazingYT's rating: 1244 &rarr; <strong>1220<\/strong><br \/>(-24 for losing)\n|raw|Th3K1ng123's rating: 1262 &rarr; <strong>1286<\/strong><br \/>(+24 for winning)\n|l|\u2606NotAmazingYT\n","uploadtime":1700435502,"views":4,"p1id":"notamazingyt","p2id":"th3k1ng123","formatid":"gen9nationaldex","rating":1220,"private":0,"password":""}