{"id":"gen9nationaldex-1987564354","p1":"gym of dragon type","p2":"Dark Umbreon 08","format":"[Gen 9] National Dex","log":"|j|\u2606gym of dragon type\n|j|\u2606Dark Umbreon 08\n|t:|1699612755\n|gametype|singles\n|player|p1|gym of dragon type|leon|1240\n|player|p2|Dark Umbreon 08|lass-gen4dp|1290\n|teamsize|p1|6\n|teamsize|p2|6\n|gen|9\n|tier|[Gen 9] National Dex\n|rated|\n|rule|HP Percentage Mod: HP is shown in percentages\n|rule|Endless Battle Clause: Forcing endless battles is banned\n|rule|OHKO Clause: OHKO moves are banned\n|rule|Evasion Clause: Evasion abilities, items, and moves are banned\n|rule|Evasion Abilities Clause: Evasion abilities are banned\n|rule|Evasion Items Clause: Evasion items are banned\n|rule|Evasion Moves Clause: Evasion moves are banned\n|rule|Species Clause: Limit one of each Pok\u00e9mon\n|rule|Sleep Clause Mod: Limit one foe put to sleep\n|clearpoke\n|poke|p1|Charizard, F|\n|poke|p1|Quaquaval, M|\n|poke|p1|Smeargle, F|\n|poke|p1|Garchomp, F|\n|poke|p1|Aegislash, M|\n|poke|p1|Lapras, F|\n|poke|p2|Blaziken, F|\n|poke|p2|Hoopa-Unbound|\n|poke|p2|Banette, F|\n|poke|p2|Ferrothorn, F|\n|poke|p2|Kommo-o, M|\n|poke|p2|Greninja-*, M|\n|teampreview\n|inactive|Battle timer is ON: inactive players will automatically lose when time's up. (requested by Dark Umbreon 08)\n|inactive|gym of dragon type also wants the timer to be on.\n|\n|t:|1699612763\n|start\n|switch|p1a: Vince|Smeargle, F|100\/100\n|switch|p2a: Ferrothorn|Ferrothorn, F|100\/100\n|turn|1\n|\n|t:|1699612768\n|move|p1a: Vince|Sticky Web|p2a: Ferrothorn\n|-sidestart|p2: Dark Umbreon 08|move: Sticky Web\n|move|p2a: Ferrothorn|Stealth Rock|p1a: Vince\n|-sidestart|p1: gym of dragon type|move: Stealth Rock\n|\n|upkeep\n|turn|2\n|\n|t:|1699612771\n|move|p1a: Vince|Stealth Rock|p2a: Ferrothorn\n|-sidestart|p2: Dark Umbreon 08|move: Stealth Rock\n|move|p2a: Ferrothorn|Spikes|p1a: Vince\n|-sidestart|p1: gym of dragon type|Spikes\n|\n|upkeep\n|turn|3\n|\n|t:|1699612776\n|switch|p1a: Josuke|Quaquaval, M|100\/100\n|move|p2a: Ferrothorn|Spikes|p1a: Josuke\n|-sidestart|p1: gym of dragon type|Spikes\n|\n|upkeep\n|turn|4\n|\n|t:|1699612780\n|switch|p2a: Banette|Banette, F|100\/100\n|-activate|p2a: Banette|move: Sticky Web\n|-unboost|p2a: Banette|spe|1\n|-damage|p2a: Banette|88\/100|[from] Stealth Rock\n|move|p1a: Josuke|Rapid Spin|p2a: Banette\n|-immune|p2a: Banette\n|\n|upkeep\n|turn|5\n|\n|t:|1699612789\n|detailschange|p2a: Banette|Banette-Mega, F\n|-mega|p2a: Banette|Banette|Banettite\n|move|p2a: Banette|Destiny Bond|p2a: Banette\n|-singlemove|p2a: Banette|Destiny Bond\n|move|p1a: Josuke|Aqua Step|p2a: Banette\n|-damage|p2a: Banette|35\/100\n|-boost|p1a: Josuke|spe|1\n|\n|upkeep\n|turn|6\n|\n|t:|1699612797\n|move|p1a: Josuke|Roost||[still]\n|-fail|p1a: Josuke|heal\n|move|p2a: Banette|Poltergeist|p1a: Josuke\n|-activate|p1a: Josuke|move: Poltergeist|Heavy-Duty Boots\n|-damage|p1a: Josuke|0 fnt\n|faint|p1a: Josuke\n|\n|upkeep\n|\n|t:|1699612804\n|switch|p1a: Vince|Smeargle, F|100\/100\n|-damage|p1a: Vince|88\/100|[from] Stealth Rock\n|-damage|p1a: Vince|71\/100|[from] Spikes\n|turn|7\n|\n|t:|1699612809\n|switch|p2a: Ferrothorn|Ferrothorn, F|100\/100\n|-activate|p2a: Ferrothorn|move: Sticky Web\n|-unboost|p2a: Ferrothorn|spe|1\n|-damage|p2a: Ferrothorn|94\/100|[from] Stealth Rock\n|move|p1a: Vince|Spore|p2a: Ferrothorn\n|-immune|p2a: Ferrothorn\n|\n|-heal|p2a: Ferrothorn|100\/100|[from] item: Leftovers\n|upkeep\n|turn|8\n|\n|t:|1699612816\n|switch|p1a: Garchomp|Garchomp, F|100\/100\n|-damage|p1a: Garchomp|95\/100|[from] Stealth Rock\n|-damage|p1a: Garchomp|78\/100|[from] Spikes\n|move|p2a: Ferrothorn|Leech Seed|p1a: Garchomp\n|-start|p1a: Garchomp|move: Leech Seed\n|\n|-damage|p1a: Garchomp|66\/100|[from] Leech Seed|[of] p2a: Ferrothorn\n|upkeep\n|turn|9\n|\n|t:|1699612823\n|move|p1a: Garchomp|Swords Dance|p1a: Garchomp\n|-boost|p1a: Garchomp|atk|2\n|move|p2a: Ferrothorn|Spikes|p1a: Garchomp\n|-sidestart|p1: gym of dragon type|Spikes\n|\n|-damage|p1a: Garchomp|53\/100|[from] Leech Seed|[of] p2a: Ferrothorn\n|upkeep\n|turn|10\n|\n|t:|1699612830\n|move|p1a: Garchomp|Earthquake|p2a: Ferrothorn\n|-damage|p2a: Ferrothorn|49\/100\n|move|p2a: Ferrothorn|Gyro Ball|p1a: Garchomp\n|-damage|p1a: Garchomp|9\/100\n|-damage|p2a: Ferrothorn|37\/100|[from] ability: Rough Skin|[of] p1a: Garchomp\n|-damage|p2a: Ferrothorn|20\/100|[from] item: Rocky Helmet|[of] p1a: Garchomp\n|\n|-heal|p2a: Ferrothorn|26\/100|[from] item: Leftovers\n|-damage|p1a: Garchomp|0 fnt|[from] Leech Seed|[of] p2a: Ferrothorn\n|-heal|p2a: Ferrothorn|35\/100|[silent]\n|faint|p1a: Garchomp\n|upkeep\n|\n|t:|1699612837\n|switch|p1a: Lara|Charizard, F|100\/100\n|-damage|p1a: Lara|50\/100|[from] Stealth Rock\n|turn|11\n|\n|t:|1699612845\n|switch|p2a: Greninja|Greninja, M|100\/100\n|-activate|p2a: Greninja|move: Sticky Web\n|-unboost|p2a: Greninja|spe|1\n|-damage|p2a: Greninja|88\/100|[from] Stealth Rock\n|move|p1a: Lara|Fire Blast|p2a: Greninja\n|-resisted|p2a: Greninja\n|-damage|p2a: Greninja|48\/100\n|\n|upkeep\n|turn|12\n|\n|t:|1699612854\n|detailschange|p1a: Lara|Charizard-Mega-Y, F\n|-mega|p1a: Lara|Charizard|Charizardite Y\n|-weather|SunnyDay|[from] ability: Drought|[of] p1a: Lara\n|move|p2a: Greninja|Water Shuriken|p1a: Lara\n|-supereffective|p1a: Lara\n|-damage|p1a: Lara|43\/100\n|-supereffective|p1a: Lara\n|-damage|p1a: Lara|35\/100\n|-supereffective|p1a: Lara\n|-damage|p1a: Lara|27\/100\n|-supereffective|p1a: Lara\n|-damage|p1a: Lara|19\/100\n|-hitcount|p1a: Lara|4\n|-damage|p2a: Greninja|38\/100|[from] item: Life Orb\n|move|p1a: Lara|Roost|p1a: Lara\n|-heal|p1a: Lara|69\/100\n|-singleturn|p1a: Lara|move: Roost\n|\n|-weather|SunnyDay|[upkeep]\n|upkeep\n|turn|13\n|\n|t:|1699612869\n|-terastallize|p2a: Greninja|Water\n|move|p1a: Lara|Solar Beam||[still]\n|-prepare|p1a: Lara|Solar Beam\n|-anim|p1a: Lara|Solar Beam|p2a: Greninja\n|-supereffective|p2a: Greninja\n|-damage|p2a: Greninja|0 fnt\n|faint|p2a: Greninja\n|\n|-weather|SunnyDay|[upkeep]\n|upkeep\n|\n|t:|1699612876\n|switch|p2a: Hoopa|Hoopa-Unbound|100\/100\n|-activate|p2a: Hoopa|move: Sticky Web\n|-unboost|p2a: Hoopa|spe|1\n|-damage|p2a: Hoopa|88\/100|[from] Stealth Rock\n|turn|14\n|\n|t:|1699612884\n|move|p1a: Lara|Fire Blast|p2a: Hoopa\n|-damage|p2a: Hoopa|3\/100\n|move|p2a: Hoopa|Hyperspace Fury|p1a: Lara\n|-damage|p1a: Lara|0 fnt\n|-unboost|p2a: Hoopa|def|1\n|faint|p1a: Lara\n|\n|-weather|SunnyDay|[upkeep]\n|upkeep\n|\n|t:|1699612894\n|switch|p1a: Vince|Smeargle, F|71\/100\n|-damage|p1a: Vince|59\/100|[from] Stealth Rock\n|-damage|p1a: Vince|34\/100|[from] Spikes\n|turn|15\n|\n|t:|1699612899\n|switch|p2a: Ferrothorn|Ferrothorn, F|35\/100\n|-activate|p2a: Ferrothorn|move: Sticky Web\n|-unboost|p2a: Ferrothorn|spe|1\n|-damage|p2a: Ferrothorn|29\/100|[from] Stealth Rock\n|move|p1a: Vince|Boomburst|p2a: Ferrothorn\n|-resisted|p2a: Ferrothorn\n|-damage|p2a: Ferrothorn|21\/100\n|\n|-weather|SunnyDay|[upkeep]\n|-heal|p2a: Ferrothorn|27\/100|[from] item: Leftovers\n|upkeep\n|turn|16\n|\n|t:|1699612912\n|switch|p1a: Aegislash|Aegislash, M, shiny|100\/100\n|-damage|p1a: Aegislash|94\/100|[from] Stealth Rock\n|-damage|p1a: Aegislash|69\/100|[from] Spikes\n|move|p2a: Ferrothorn|Leech Seed|p1a: Aegislash\n|-start|p1a: Aegislash|move: Leech Seed\n|\n|-weather|none\n|-heal|p1a: Aegislash|75\/100|[from] item: Leftovers\n|-heal|p2a: Ferrothorn|33\/100|[from] item: Leftovers\n|-damage|p1a: Aegislash|63\/100|[from] Leech Seed|[of] p2a: Ferrothorn\n|-heal|p2a: Ferrothorn|43\/100|[silent]\n|upkeep\n|turn|17\n|-message|gym of dragon type forfeited.\n|\n|win|Dark Umbreon 08\n|raw|gym of dragon type's rating: 1240 &rarr; <strong>1219<\/strong><br \/>(-21 for losing)\n|raw|Dark Umbreon 08's rating: 1290 &rarr; <strong>1311<\/strong><br \/>(+21 for winning)\n|l|\u2606gym of dragon type\n","uploadtime":1699612925,"views":6,"p1id":"gymofdragontype","p2id":"darkumbreon08","formatid":"gen9nationaldex","rating":1219,"private":0,"password":""}