{"id":"gen9nationaldex-1988530115","p1":"matu 1402","p2":"PeppsiAsiEs","format":"[Gen 9] National Dex","log":"|j|\u2606matu 1402\n|j|\u2606PeppsiAsiEs\n|t:|1699732815\n|gametype|singles\n|player|p1|matu 1402|cheren-gen5bw2|\n|player|p2|PeppsiAsiEs|poppy|\n|teamsize|p1|6\n|teamsize|p2|6\n|gen|9\n|tier|[Gen 9] National Dex\n|rule|HP Percentage Mod: HP is shown in percentages\n|rule|Endless Battle Clause: Forcing endless battles is banned\n|rule|OHKO Clause: OHKO moves are banned\n|rule|Evasion Clause: Evasion abilities, items, and moves are banned\n|rule|Evasion Abilities Clause: Evasion abilities are banned\n|rule|Evasion Items Clause: Evasion items are banned\n|rule|Evasion Moves Clause: Evasion moves are banned\n|rule|Species Clause: Limit one of each Pok\u00e9mon\n|rule|Sleep Clause Mod: Limit one foe put to sleep\n|clearpoke\n|poke|p1|Enamorus, F|\n|poke|p1|Samurott-Hisui, M|\n|poke|p1|Zapdos-Galar|\n|poke|p1|Corviknight, M|\n|poke|p1|Slowking-Galar, F|\n|poke|p1|Polteageist|\n|poke|p2|Samurott-Hisui, F|\n|poke|p2|Landorus-Therian, M|\n|poke|p2|Ferrothorn, F|\n|poke|p2|Volcarona, F|\n|poke|p2|Excadrill, F|\n|poke|p2|Whimsicott, M|\n|teampreview\n|inactive|Battle timer is ON: inactive players will automatically lose when time's up. (requested by matu 1402)\n|j| Sylveon(404)\n|c|\u2606PeppsiAsiEs|Ola\n|j| WSoldat\n|j| AjoFC\n|c|\u2606matu 1402|Ola\n|inactive|PeppsiAsiEs has 270 seconds left.\n|c|\u2606PeppsiAsiEs|Suerte mi amor\n|c|\u2606matu 1402|Justo me tocaba?\n|c|\u2606PeppsiAsiEs|si\n|c|\u2606matu 1402|Thanks mi vida <3\n|c|\u2606matu 1402|Fabri perdio?\n|j| Sai4rr\n|c|\u2606PeppsiAsiEs|si\n|c| Sylveon(404)|si\n|c|\u2606PeppsiAsiEs|le hice 5-0\n|c|\u2606matu 1402|Xd\n|inactive|PeppsiAsiEs has 240 seconds left.\n|c|\u2606matu 1402|Y tu compa\u00f1ero?\n|c|\u2606PeppsiAsiEs|finolo esta mas ausente que mi papa\n|c|\u2606PeppsiAsiEs|lo tengo q reemplazar\n|c|\u2606matu 1402|F\n|\n|t:|1699732889\n|start\n|switch|p1a: Zapdos kanto|Zapdos-Galar, shiny|100\/100\n|switch|p2a: Landorus|Landorus-Therian, M|100\/100\n|-ability|p2a: Landorus|Intimidate|boost\n|-unboost|p1a: Zapdos kanto|atk|1\n|-ability|p1a: Zapdos kanto|Defiant|boost\n|-boost|p1a: Zapdos kanto|atk|2\n|turn|1\n|c| Sylveon(404)|XDDDDDDDDDDDDD\n|c| WSoldat|Dale pep vos poded\n|c|\u2606PeppsiAsiEs|confi\u00f3\n|\n|t:|1699732903\n|move|p1a: Zapdos kanto|Knock Off|p2a: Landorus\n|-damage|p2a: Landorus|58\/100\n|-enditem|p2a: Landorus|Leftovers|[from] move: Knock Off|[of] p1a: Zapdos kanto\n|move|p2a: Landorus|U-turn|p1a: Zapdos kanto\n|-resisted|p1a: Zapdos kanto\n|-damage|p1a: Zapdos kanto|95\/100\n|\n|t:|1699732914\n|switch|p2a: Whimsicott|Whimsicott, M|100\/100|[from] U-turn\n|\n|upkeep\n|turn|2\n|c|\u2606matu 1402|La final cuando sera?\n|c| Sylveon(404)|hoy\n|\n|t:|1699732927\n|move|p2a: Whimsicott|Encore|p1a: Zapdos kanto\n|-start|p1a: Zapdos kanto|Encore\n|move|p1a: Zapdos kanto|Knock Off|p2a: Whimsicott\n|-resisted|p2a: Whimsicott\n|-damage|p2a: Whimsicott|74\/100\n|-enditem|p2a: Whimsicott|Focus Sash|[from] move: Knock Off|[of] p1a: Zapdos kanto\n|\n|upkeep\n|turn|3\n|c|\u2606matu 1402|F\n|\n|t:|1699732936\n|switch|p1a: Hermanos lento|Slowking-Galar, F|100\/100\n|move|p2a: Whimsicott|Tailwind|p2a: Whimsicott\n|-sidestart|p2: PeppsiAsiEs|move: Tailwind\n|\n|upkeep\n|turn|4\n|\n|t:|1699732944\n|move|p2a: Whimsicott|U-turn|p1a: Hermanos lento\n|-damage|p1a: Hermanos lento|89\/100\n|\n|t:|1699732948\n|switch|p2a: Excadrill|Excadrill, F|100\/100|[from] U-turn\n|-ability|p2a: Excadrill|Mold Breaker\n|move|p1a: Hermanos lento|Flamethrower|p2a: Excadrill\n|-supereffective|p2a: Excadrill\n|-damage|p2a: Excadrill|45\/100\n|\n|upkeep\n|turn|5\n|\n|t:|1699732962\n|switch|p1a: Doy asco lo se|Corviknight, M, shiny|100\/100\n|-ability|p1a: Doy asco lo se|Pressure\n|move|p2a: Excadrill|Earthquake|p1a: Doy asco lo se\n|-immune|p1a: Doy asco lo se\n|\n|upkeep\n|turn|6\n|\n|t:|1699732977\n|switch|p2a: Volcarona|Volcarona, F|100\/100\n|move|p1a: Doy asco lo se|Body Press|p2a: Volcarona\n|-resisted|p2a: Volcarona\n|-damage|p2a: Volcarona|82\/100\n|-status|p1a: Doy asco lo se|brn|[from] ability: Flame Body|[of] p2a: Volcarona\n|\n|-damage|p1a: Doy asco lo se|94\/100 brn|[from] brn\n|-sideend|p2: PeppsiAsiEs|move: Tailwind\n|upkeep\n|turn|7\n|\n|t:|1699732984\n|switch|p1a: Hermanos lento|Slowking-Galar, F|100\/100\n|move|p2a: Volcarona|Quiver Dance|p2a: Volcarona\n|-boost|p2a: Volcarona|spa|1\n|-boost|p2a: Volcarona|spd|1\n|-boost|p2a: Volcarona|spe|1\n|\n|upkeep\n|turn|8\n|l| AjoFC\n|\n|t:|1699732995\n|move|p2a: Volcarona|Fiery Dance|p1a: Hermanos lento\n|-damage|p1a: Hermanos lento|75\/100\n|-boost|p2a: Volcarona|spa|1\n|move|p1a: Hermanos lento|Scald|p2a: Volcarona\n|-supereffective|p2a: Volcarona\n|-damage|p2a: Volcarona|51\/100\n|\n|upkeep\n|turn|9\n|c| Sylveon(404)|tio\n|\n|t:|1699733008\n|move|p2a: Volcarona|Fiery Dance|p1a: Hermanos lento\n|-damage|p1a: Hermanos lento|40\/100\n|-boost|p2a: Volcarona|spa|1\n|move|p1a: Hermanos lento|Eerie Spell|p2a: Volcarona\n|-damage|p2a: Volcarona|29\/100\n|-activate|p2a: Volcarona|move: Eerie Spell|Fiery Dance|3\n|\n|upkeep\n|turn|10\n|\n|t:|1699733016\n|move|p2a: Volcarona|Fiery Dance|p1a: Hermanos lento\n|-damage|p1a: Hermanos lento|1\/100\n|move|p1a: Hermanos lento|Eerie Spell|p2a: Volcarona\n|-damage|p2a: Volcarona|9\/100\n|-activate|p2a: Volcarona|move: Eerie Spell|Fiery Dance|3\n|\n|upkeep\n|turn|11\n|\n|t:|1699733027\n|move|p2a: Volcarona|Fiery Dance|p1a: Hermanos lento\n|-damage|p1a: Hermanos lento|0 fnt\n|faint|p1a: Hermanos lento\n|\n|upkeep\n|\n|t:|1699733029\n|switch|p1a: El pibito Edgy|Samurott-Hisui, M|100\/100\n|turn|12\n|\n|t:|1699733037\n|move|p1a: El pibito Edgy|Sucker Punch|p2a: Volcarona\n|-damage|p2a: Volcarona|0 fnt\n|faint|p2a: Volcarona\n|\n|upkeep\n|\n|t:|1699733043\n|switch|p2a: Whimsicott|Whimsicott, M|74\/100\n|turn|13\n|\n|t:|1699733053\n|switch|p1a: Doy asco lo se|Corviknight, M, shiny|94\/100 brn\n|-ability|p1a: Doy asco lo se|Pressure\n|move|p2a: Whimsicott|Tailwind|p2a: Whimsicott\n|-sidestart|p2: PeppsiAsiEs|move: Tailwind\n|\n|-damage|p1a: Doy asco lo se|88\/100 brn|[from] brn\n|upkeep\n|turn|14\n|\n|t:|1699733066\n|move|p2a: Whimsicott|U-turn|p1a: Doy asco lo se\n|-resisted|p1a: Doy asco lo se\n|-damage|p1a: Doy asco lo se|87\/100 brn\n|-damage|p2a: Whimsicott|57\/100|[from] item: Rocky Helmet|[of] p1a: Doy asco lo se\n|\n|t:|1699733079\n|switch|p2a: Ferrothorn|Ferrothorn, F|100\/100|[from] U-turn\n|move|p1a: Doy asco lo se|Iron Defense|p1a: Doy asco lo se\n|-boost|p1a: Doy asco lo se|def|2\n|\n|-damage|p1a: Doy asco lo se|81\/100 brn|[from] brn\n|upkeep\n|turn|15\n|\n|t:|1699733095\n|-terastallize|p2a: Ferrothorn|Ghost\n|move|p1a: Doy asco lo se|Iron Defense|p1a: Doy asco lo se\n|-boost|p1a: Doy asco lo se|def|2\n|move|p2a: Ferrothorn|Leech Seed|p1a: Doy asco lo se|[miss]\n|-miss|p2a: Ferrothorn|p1a: Doy asco lo se\n|\n|-damage|p1a: Doy asco lo se|75\/100 brn|[from] brn\n|upkeep\n|turn|16\n|c|\u2606PeppsiAsiEs|:v\n|\n|t:|1699733107\n|switch|p1a: Zapdos kanto|Zapdos-Galar, shiny|95\/100\n|move|p2a: Ferrothorn|Leech Seed|p1a: Zapdos kanto\n|-start|p1a: Zapdos kanto|move: Leech Seed\n|\n|-damage|p1a: Zapdos kanto|82\/100|[from] Leech Seed|[of] p2a: Ferrothorn\n|-sideend|p2: PeppsiAsiEs|move: Tailwind\n|upkeep\n|turn|17\n|\n|t:|1699733117\n|switch|p2a: Landorus|Landorus-Therian, M|58\/100\n|-ability|p2a: Landorus|Intimidate|boost\n|-unboost|p1a: Zapdos kanto|atk|1\n|-ability|p1a: Zapdos kanto|Defiant|boost\n|-boost|p1a: Zapdos kanto|atk|2\n|move|p1a: Zapdos kanto|Knock Off|p2a: Landorus\n|-damage|p2a: Landorus|27\/100\n|\n|-damage|p1a: Zapdos kanto|70\/100|[from] Leech Seed|[of] p2a: Landorus\n|-heal|p2a: Landorus|40\/100|[silent]\n|upkeep\n|turn|18\n|c|\u2606PeppsiAsiEs|XDDD\n|c|\u2606PeppsiAsiEs|OTR AVEZ\n|c|\u2606matu 1402|Xd\n|\n|t:|1699733131\n|move|p1a: Zapdos kanto|Brave Bird|p2a: Landorus\n|-damage|p2a: Landorus|0 fnt\n|faint|p2a: Landorus\n|-damage|p1a: Zapdos kanto|57\/100|[from] Recoil\n|\n|upkeep\n|\n|t:|1699733147\n|switch|p2a: Whimsicott|Whimsicott, M|57\/100\n|turn|19\n|\n|t:|1699733151\n|move|p2a: Whimsicott|Tailwind|p2a: Whimsicott\n|-sidestart|p2: PeppsiAsiEs|move: Tailwind\n|move|p1a: Zapdos kanto|Brave Bird|p2a: Whimsicott\n|-supereffective|p2a: Whimsicott\n|-damage|p2a: Whimsicott|0 fnt\n|faint|p2a: Whimsicott\n|-damage|p1a: Zapdos kanto|38\/100|[from] Recoil\n|\n|upkeep\n|\n|t:|1699733154\n|switch|p2a: Samurott|Samurott-Hisui, F|100\/100\n|turn|20\n|\n|t:|1699733160\n|move|p2a: Samurott|Razor Shell|p1a: Zapdos kanto\n|-damage|p1a: Zapdos kanto|0 fnt\n|faint|p1a: Zapdos kanto\n|\n|upkeep\n|\n|t:|1699733173\n|switch|p1a: Mi primera paja|Enamorus, F|100\/100\n|turn|21\n|\n|t:|1699733185\n|move|p2a: Samurott|Razor Shell|p1a: Mi primera paja\n|-damage|p1a: Mi primera paja|0 fnt\n|faint|p1a: Mi primera paja\n|\n|upkeep\n|\n|t:|1699733189\n|switch|p1a: Doy asco lo se|Corviknight, M, shiny|75\/100 brn\n|-ability|p1a: Doy asco lo se|Pressure\n|turn|22\n|j| AjoFC\n|\n|t:|1699733194\n|move|p2a: Samurott|Razor Shell|p1a: Doy asco lo se\n|-crit|p1a: Doy asco lo se\n|-damage|p1a: Doy asco lo se|15\/100 brn\n|-damage|p2a: Samurott|84\/100|[from] item: Rocky Helmet|[of] p1a: Doy asco lo se\n|move|p1a: Doy asco lo se|Roost|p1a: Doy asco lo se\n|-heal|p1a: Doy asco lo se|65\/100 brn\n|-singleturn|p1a: Doy asco lo se|move: Roost\n|\n|-damage|p1a: Doy asco lo se|59\/100 brn|[from] brn\n|-sideend|p2: PeppsiAsiEs|move: Tailwind\n|upkeep\n|turn|23\n|\n|t:|1699733205\n|move|p2a: Samurott|Razor Shell|p1a: Doy asco lo se\n|-crit|p1a: Doy asco lo se\n|-damage|p1a: Doy asco lo se|0 fnt\n|-damage|p2a: Samurott|67\/100|[from] item: Rocky Helmet|[of] p1a: Doy asco lo se\n|faint|p1a: Doy asco lo se\n|\n|upkeep\n|c|\u2606matu 1402|El critico xd\n|c|\u2606matu 1402|Alto indice?\n|\n|t:|1699733227\n|switch|p1a: El pibito Edgy|Samurott-Hisui, M|100\/100\n|turn|24\n|c|\u2606matu 1402|No xd\n|c|\u2606matu 1402|Solo demasiada suerte jsjaja\n|inactive|matu 1402 has 270 seconds left.\n|\n|t:|1699733248\n|switch|p2a: Ferrothorn|Ferrothorn, F, tera:Ghost|100\/100\n|move|p1a: El pibito Edgy|Ceaseless Edge|p2a: Ferrothorn\n|-supereffective|p2a: Ferrothorn\n|-damage|p2a: Ferrothorn|49\/100\n|-damage|p1a: El pibito Edgy|88\/100|[from] ability: Iron Barbs|[of] p2a: Ferrothorn\n|-damage|p1a: El pibito Edgy|72\/100|[from] item: Rocky Helmet|[of] p2a: Ferrothorn\n|-sidestart|p2: PeppsiAsiEs|Spikes\n|\n|upkeep\n|turn|25\n|\n|t:|1699733266\n|move|p1a: El pibito Edgy|Ceaseless Edge|p2a: Ferrothorn\n|-supereffective|p2a: Ferrothorn\n|-damage|p2a: Ferrothorn|0 fnt\n|-damage|p1a: El pibito Edgy|59\/100|[from] ability: Iron Barbs|[of] p2a: Ferrothorn\n|-damage|p1a: El pibito Edgy|43\/100|[from] item: Rocky Helmet|[of] p2a: Ferrothorn\n|-sidestart|p2: PeppsiAsiEs|Spikes\n|faint|p2a: Ferrothorn\n|\n|upkeep\n|\n|t:|1699733272\n|switch|p2a: Excadrill|Excadrill, F|45\/100\n|-damage|p2a: Excadrill|28\/100|[from] Spikes\n|-ability|p2a: Excadrill|Mold Breaker\n|turn|26\n|\n|t:|1699733278\n|move|p1a: El pibito Edgy|Sucker Punch|p2a: Excadrill\n|-damage|p2a: Excadrill|0 fnt\n|faint|p2a: Excadrill\n|\n|upkeep\n|\n|t:|1699733280\n|switch|p2a: Samurott|Samurott-Hisui, F|67\/100\n|-damage|p2a: Samurott|51\/100|[from] Spikes\n|turn|27\n|c|\u2606PeppsiAsiEs|ya pues\n|\n|t:|1699733289\n|move|p1a: El pibito Edgy|Sucker Punch|p2a: Samurott\n|-resisted|p2a: Samurott\n|-crit|p2a: Samurott\n|-damage|p2a: Samurott|20\/100\n|move|p2a: Samurott|Sacred Sword|p1a: El pibito Edgy\n|-supereffective|p1a: El pibito Edgy\n|-damage|p1a: El pibito Edgy|0 fnt\n|faint|p1a: El pibito Edgy\n|\n|upkeep\n|\n|t:|1699733295\n|switch|p1a: Reyna isabella|Polteageist|100\/100\n|turn|28\n|\n|t:|1699733307\n|move|p2a: Samurott|Ceaseless Edge|p1a: Reyna isabella\n|-supereffective|p1a: Reyna isabella\n|-enditem|p1a: Reyna isabella|Focus Sash\n|-damage|p1a: Reyna isabella|1\/100\n|-ability|p1a: Reyna isabella|Weak Armor|boost\n|-unboost|p1a: Reyna isabella|def|1\n|-boost|p1a: Reyna isabella|spe|2\n|-sidestart|p1: matu 1402|Spikes\n|move|p1a: Reyna isabella|Shadow Ball|p2a: Samurott\n|-resisted|p2a: Samurott\n|-damage|p2a: Samurott|0 fnt\n|faint|p2a: Samurott\n|\n|win|matu 1402\n|c|\u2606PeppsiAsiEs|cague\n|c|\u2606PeppsiAsiEs|cringue\n|c|\u2606matu 1402|1ps\n|l| Sai4rr\n|c| AjoFC|GG\n|c|\u2606matu 1402|Gg\n","uploadtime":1699733323,"views":10,"p1id":"matu1402","p2id":"peppsiasies","formatid":"gen9nationaldex","rating":0,"private":0,"password":""}