{"id":"gen9nationaldex-1990373174","p1":"nintales","p2":"bigshoota","format":"[Gen 9] National Dex","log":"|j|\u2606nintales\n|j|\u2606bigshoota\n|t:|1699963755\n|gametype|singles\n|player|p1|nintales|266|\n|player|p2|bigshoota|skyla|\n|teamsize|p1|6\n|teamsize|p2|6\n|gen|9\n|tier|[Gen 9] National Dex\n|rule|HP Percentage Mod: HP is shown in percentages\n|rule|Endless Battle Clause: Forcing endless battles is banned\n|rule|OHKO Clause: OHKO moves are banned\n|rule|Evasion Clause: Evasion abilities, items, and moves are banned\n|rule|Evasion Abilities Clause: Evasion abilities are banned\n|rule|Evasion Items Clause: Evasion items are banned\n|rule|Evasion Moves Clause: Evasion moves are banned\n|rule|Species Clause: Limit one of each Pok\u00e9mon\n|rule|Sleep Clause Mod: Limit one foe put to sleep\n|clearpoke\n|poke|p1|Swoobat, M|\n|poke|p1|Slurpuff, F|\n|poke|p1|Typhlosion, M|\n|poke|p1|Kingdra, F|\n|poke|p1|Metagross|\n|poke|p1|Heliolisk, M|\n|poke|p2|Kingdra, M|\n|poke|p2|Steelix, F|\n|poke|p2|Mismagius, F|\n|poke|p2|Honchkrow, M|\n|poke|p2|Jellicent, F|\n|poke|p2|Klefki, F|\n|teampreview\n|c|\u2606bigshoota|glhf!\n|c|\u2606nintales|glhf!\n|\n|t:|1699963775\n|start\n|switch|p1a: Slurpuff|Slurpuff, F|100\/100\n|switch|p2a: Mismagius|Mismagius, F|100\/100\n|turn|1\n|\n|t:|1699963782\n|move|p1a: Slurpuff|Magic Coat|p1a: Slurpuff\n|-singleturn|p1a: Slurpuff|move: Magic Coat\n|move|p2a: Mismagius|Will-O-Wisp|p1a: Slurpuff\n|move|p1a: Slurpuff|Will-O-Wisp|p2a: Mismagius|[from]Magic Coat\n|-status|p2a: Mismagius|brn\n|\n|-damage|p2a: Mismagius|94\/100 brn|[from] brn\n|upkeep\n|turn|2\n|\n|t:|1699963787\n|move|p2a: Mismagius|Will-O-Wisp|p1a: Slurpuff\n|-status|p1a: Slurpuff|brn\n|move|p1a: Slurpuff|Sticky Web|p2a: Mismagius\n|-sidestart|p2: bigshoota|move: Sticky Web\n|\n|-heal|p2a: Mismagius|100\/100 brn|[from] item: Leftovers\n|-damage|p2a: Mismagius|94\/100 brn|[from] brn\n|-damage|p1a: Slurpuff|94\/100 brn|[from] brn\n|upkeep\n|turn|3\n|\n|t:|1699963796\n|move|p2a: Mismagius|Heal Bell|p2a: Mismagius\n|-activate|p2a: Mismagius|move: Heal Bell\n|-curestatus|p2a: Mismagius|brn|[msg]\n|move|p1a: Slurpuff|Misty Explosion|p2a: Mismagius\n|-damage|p2a: Mismagius|58\/100\n|faint|p1a: Slurpuff\n|\n|-heal|p2a: Mismagius|64\/100|[from] item: Leftovers\n|upkeep\n|\n|t:|1699963807\n|switch|p1a: Heliolisk|Heliolisk, M|100\/100\n|turn|4\n|\n|t:|1699963813\n|move|p1a: Heliolisk|Dark Pulse|p2a: Mismagius\n|-supereffective|p2a: Mismagius\n|-damage|p2a: Mismagius|0 fnt\n|faint|p2a: Mismagius\n|-damage|p1a: Heliolisk|91\/100|[from] item: Life Orb\n|\n|upkeep\n|\n|t:|1699963822\n|switch|p2a: Steelix|Steelix, F|100\/100\n|-activate|p2a: Steelix|move: Sticky Web\n|-unboost|p2a: Steelix|spe|1\n|turn|5\n|\n|t:|1699963827\n|switch|p1a: Swoobat|Swoobat, M|100\/100\n|move|p2a: Steelix|Body Press|p1a: Swoobat\n|-resisted|p1a: Swoobat\n|-damage|p1a: Swoobat|87\/100\n|\n|upkeep\n|turn|6\n|\n|t:|1699963834\n|move|p1a: Swoobat|Substitute|p1a: Swoobat\n|-start|p1a: Swoobat|Substitute\n|-damage|p1a: Swoobat|62\/100\n|move|p2a: Steelix|Toxic||[still]\n|-fail|p2a: Steelix\n|\n|upkeep\n|turn|7\n|\n|t:|1699963841\n|switch|p2a: Jellicent|Jellicent, F|100\/100\n|-activate|p2a: Jellicent|move: Sticky Web\n|-unboost|p2a: Jellicent|spe|1\n|move|p1a: Swoobat|Roost|p1a: Swoobat\n|-heal|p1a: Swoobat|100\/100\n|-singleturn|p1a: Swoobat|move: Roost\n|\n|upkeep\n|turn|8\n|\n|t:|1699963845\n|move|p1a: Swoobat|Calm Mind|p1a: Swoobat\n|-boost|p1a: Swoobat|spa|2\n|-boost|p1a: Swoobat|spd|2\n|move|p2a: Jellicent|Hex|p1a: Swoobat\n|-supereffective|p1a: Swoobat\n|-end|p1a: Swoobat|Substitute\n|\n|upkeep\n|turn|9\n|\n|t:|1699963862\n|switch|p2a: Klefki|Klefki, F|100\/100\n|-activate|p2a: Klefki|move: Sticky Web\n|-unboost|p2a: Klefki|spe|1\n|move|p1a: Swoobat|Stored Power|p2a: Klefki\n|-resisted|p2a: Klefki\n|-damage|p2a: Klefki|76\/100\n|\n|upkeep\n|turn|10\n|\n|t:|1699963872\n|switch|p1a: Heliolisk|Heliolisk, M|91\/100\n|move|p2a: Klefki|Toxic|p1a: Heliolisk\n|-status|p1a: Heliolisk|tox\n|\n|-damage|p1a: Heliolisk|85\/100 tox|[from] psn\n|upkeep\n|turn|11\n|\n|t:|1699963878\n|move|p2a: Klefki|Light Screen|p2a: Klefki\n|-sidestart|p2: bigshoota|move: Light Screen\n|move|p1a: Heliolisk|Surf|p2a: Klefki\n|-damage|p2a: Klefki|61\/100\n|-damage|p1a: Heliolisk|75\/100 tox|[from] item: Life Orb\n|\n|-damage|p1a: Heliolisk|63\/100 tox|[from] psn\n|upkeep\n|turn|12\n|\n|t:|1699963890\n|switch|p1a: Metagross|Metagross|100\/100\n|move|p2a: Klefki|Reflect|p2a: Klefki\n|-sidestart|p2: bigshoota|Reflect\n|\n|upkeep\n|turn|13\n|\n|t:|1699963898\n|switch|p2a: Jellicent|Jellicent, F|100\/100\n|-activate|p2a: Jellicent|move: Sticky Web\n|-unboost|p2a: Jellicent|spe|1\n|move|p1a: Metagross|Brick Break|p2a: Jellicent\n|-immune|p2a: Jellicent\n|\n|upkeep\n|turn|14\n|\n|t:|1699963905\n|switch|p1a: Heliolisk|Heliolisk, M|63\/100 tox\n|move|p2a: Jellicent|Toxic|p1a: Heliolisk|[miss]\n|-miss|p2a: Jellicent|p1a: Heliolisk\n|\n|-damage|p1a: Heliolisk|57\/100 tox|[from] psn\n|upkeep\n|turn|15\n|\n|t:|1699963914\n|move|p1a: Heliolisk|Surf|p2a: Jellicent\n|-immune|p2a: Jellicent|[from] ability: Water Absorb\n|move|p2a: Jellicent|Recover||[still]\n|-fail|p2a: Jellicent|heal\n|\n|-damage|p1a: Heliolisk|45\/100 tox|[from] psn\n|upkeep\n|turn|16\n|\n|t:|1699963920\n|switch|p2a: Steelix|Steelix, F|100\/100\n|-activate|p2a: Steelix|move: Sticky Web\n|-unboost|p2a: Steelix|spe|1\n|move|p1a: Heliolisk|Dark Pulse|p2a: Steelix\n|-damage|p2a: Steelix|87\/100\n|-damage|p1a: Heliolisk|35\/100 tox|[from] item: Life Orb\n|\n|-heal|p2a: Steelix|93\/100|[from] item: Leftovers\n|-damage|p1a: Heliolisk|17\/100 tox|[from] psn\n|upkeep\n|turn|17\n|\n|t:|1699963942\n|move|p1a: Heliolisk|Surf|p2a: Steelix\n|-supereffective|p2a: Steelix\n|-damage|p2a: Steelix|58\/100\n|-damage|p1a: Heliolisk|7\/100 tox|[from] item: Life Orb\n|move|p2a: Steelix|Iron Defense|p2a: Steelix\n|-boost|p2a: Steelix|def|2\n|\n|-heal|p2a: Steelix|64\/100|[from] item: Leftovers\n|-damage|p1a: Heliolisk|0 fnt|[from] psn\n|faint|p1a: Heliolisk\n|upkeep\n|\n|t:|1699963952\n|switch|p1a: Kingdra|Kingdra, F|100\/100\n|turn|18\n|\n|t:|1699963978\n|switch|p2a: Jellicent|Jellicent, F|100\/100\n|-activate|p2a: Jellicent|move: Sticky Web\n|-unboost|p2a: Jellicent|spe|1\n|move|p1a: Kingdra|Draco Meteor|p2a: Jellicent|[miss]\n|-miss|p1a: Kingdra|p2a: Jellicent\n|\n|-sideend|p2: bigshoota|move: Light Screen\n|upkeep\n|turn|19\n|\n|t:|1699963987\n|move|p1a: Kingdra|Draco Meteor|p2a: Jellicent\n|-damage|p2a: Jellicent|54\/100\n|-unboost|p1a: Kingdra|spa|2\n|move|p2a: Jellicent|Toxic|p1a: Kingdra\n|-status|p1a: Kingdra|tox\n|\n|-heal|p2a: Jellicent|60\/100|[from] item: Leftovers\n|-damage|p1a: Kingdra|94\/100 tox|[from] psn\n|-sideend|p2: bigshoota|Reflect\n|upkeep\n|turn|20\n|\n|t:|1699964000\n|switch|p1a: Typhlosion|Typhlosion, M|100\/100\n|move|p2a: Jellicent|Recover|p2a: Jellicent\n|-heal|p2a: Jellicent|100\/100\n|\n|upkeep\n|turn|21\n|\n|t:|1699964005\n|move|p1a: Typhlosion|Shadow Ball|p2a: Jellicent\n|-supereffective|p2a: Jellicent\n|-damage|p2a: Jellicent|57\/100\n|-unboost|p2a: Jellicent|spd|1\n|move|p2a: Jellicent|Toxic|p1a: Typhlosion\n|-status|p1a: Typhlosion|tox\n|\n|-heal|p2a: Jellicent|63\/100|[from] item: Leftovers\n|-damage|p1a: Typhlosion|94\/100 tox|[from] psn\n|upkeep\n|turn|22\n|\n|t:|1699964009\n|switch|p2a: Honchkrow|Honchkrow, M|100\/100\n|move|p1a: Typhlosion|Shadow Ball|p2a: Honchkrow\n|-resisted|p2a: Honchkrow\n|-damage|p2a: Honchkrow|74\/100\n|\n|-heal|p2a: Honchkrow|80\/100|[from] item: Leftovers\n|-damage|p1a: Typhlosion|82\/100 tox|[from] psn\n|upkeep\n|turn|23\n|\n|t:|1699964032\n|switch|p1a: Metagross|Metagross|100\/100\n|move|p2a: Honchkrow|Brave Bird|p1a: Metagross\n|-resisted|p1a: Metagross\n|-damage|p1a: Metagross|71\/100\n|-damage|p2a: Honchkrow|72\/100|[from] Recoil\n|\n|-heal|p2a: Honchkrow|78\/100|[from] item: Leftovers\n|upkeep\n|turn|24\n|\n|t:|1699964045\n|switch|p2a: Klefki|Klefki, F|61\/100\n|-activate|p2a: Klefki|move: Sticky Web\n|-unboost|p2a: Klefki|spe|1\n|move|p1a: Metagross|Trick|p2a: Klefki\n|-activate|p1a: Metagross|move: Trick|[of] p2a: Klefki\n|-item|p2a: Klefki|Choice Scarf|[from] move: Trick\n|-item|p1a: Metagross|Light Clay|[from] move: Trick\n|\n|upkeep\n|turn|25\n|\n|t:|1699964060\n|move|p2a: Klefki|Reflect|p2a: Klefki\n|-sidestart|p2: bigshoota|Reflect\n|move|p1a: Metagross|Earthquake|p2a: Klefki\n|-supereffective|p2a: Klefki\n|-damage|p2a: Klefki|23\/100\n|\n|upkeep\n|turn|26\n|\n|t:|1699964063\n|switch|p2a: Jellicent|Jellicent, F|63\/100\n|-activate|p2a: Jellicent|move: Sticky Web\n|-unboost|p2a: Jellicent|spe|1\n|move|p1a: Metagross|Brick Break|p2a: Jellicent\n|-immune|p2a: Jellicent\n|\n|-heal|p2a: Jellicent|69\/100|[from] item: Leftovers\n|upkeep\n|turn|27\n|\n|t:|1699964070\n|move|p1a: Metagross|Trick|p2a: Jellicent\n|-activate|p1a: Metagross|move: Trick|[of] p2a: Jellicent\n|-item|p2a: Jellicent|Light Clay|[from] move: Trick\n|-item|p1a: Metagross|Leftovers|[from] move: Trick\n|move|p2a: Jellicent|Toxic|p1a: Metagross\n|-immune|p1a: Metagross\n|\n|-heal|p1a: Metagross|77\/100|[from] item: Leftovers\n|upkeep\n|turn|28\n|\n|t:|1699964082\n|move|p1a: Metagross|Earthquake|p2a: Jellicent\n|-damage|p2a: Jellicent|47\/100\n|move|p2a: Jellicent|Hex|p1a: Metagross\n|-supereffective|p1a: Metagross\n|-damage|p1a: Metagross|30\/100\n|\n|-heal|p1a: Metagross|36\/100|[from] item: Leftovers\n|upkeep\n|turn|29\n|\n|t:|1699964089\n|move|p1a: Metagross|Meteor Mash|p2a: Jellicent\n|-resisted|p2a: Jellicent\n|-damage|p2a: Jellicent|34\/100\n|move|p2a: Jellicent|Recover|p2a: Jellicent\n|-heal|p2a: Jellicent|84\/100\n|\n|-heal|p1a: Metagross|42\/100|[from] item: Leftovers\n|-sideend|p2: bigshoota|Reflect\n|upkeep\n|turn|30\n|\n|t:|1699964098\n|move|p1a: Metagross|Earthquake|p2a: Jellicent\n|-damage|p2a: Jellicent|42\/100\n|move|p2a: Jellicent|Hex|p1a: Metagross\n|-supereffective|p1a: Metagross\n|-damage|p1a: Metagross|0 fnt\n|faint|p1a: Metagross\n|\n|upkeep\n|\n|t:|1699964105\n|switch|p1a: Typhlosion|Typhlosion, M|82\/100 tox\n|turn|31\n|\n|t:|1699964112\n|switch|p2a: Kingdra|Kingdra, M|100\/100\n|-activate|p2a: Kingdra|move: Sticky Web\n|-unboost|p2a: Kingdra|spe|1\n|move|p1a: Typhlosion|Eruption|p2a: Kingdra\n|-resisted|p2a: Kingdra\n|-damage|p2a: Kingdra|73\/100\n|\n|-damage|p1a: Typhlosion|76\/100 tox|[from] psn\n|upkeep\n|turn|32\n|c|\u2606nintales|that's a loss on me\n|c|\u2606nintales|gg!\n|\n|t:|1699964124\n|move|p1a: Typhlosion|Eruption|p2a: Kingdra\n|-resisted|p2a: Kingdra\n|-damage|p2a: Kingdra|50\/100\n|move|p2a: Kingdra|Substitute|p2a: Kingdra\n|-start|p2a: Kingdra|Substitute\n|-damage|p2a: Kingdra|25\/100\n|\n|-damage|p1a: Typhlosion|64\/100 tox|[from] psn\n|upkeep\n|turn|33\n|\n|t:|1699964130\n|move|p1a: Typhlosion|Eruption|p2a: Kingdra\n|-resisted|p2a: Kingdra\n|-activate|p2a: Kingdra|move: Substitute|[damage]\n|move|p2a: Kingdra|Surf|p1a: Typhlosion\n|-supereffective|p1a: Typhlosion\n|-damage|p1a: Typhlosion|0 fnt\n|faint|p1a: Typhlosion\n|\n|upkeep\n|\n|t:|1699964134\n|switch|p1a: Swoobat|Swoobat, M|100\/100\n|turn|34\n|\n|t:|1699964142\n|move|p1a: Swoobat|Calm Mind|p1a: Swoobat\n|-boost|p1a: Swoobat|spa|2\n|-boost|p1a: Swoobat|spd|2\n|move|p2a: Kingdra|Focus Energy|p2a: Kingdra\n|-start|p2a: Kingdra|move: Focus Energy\n|\n|upkeep\n|turn|35\n|\n|t:|1699964145\n|move|p1a: Swoobat|Stored Power|p2a: Kingdra\n|-end|p2a: Kingdra|Substitute\n|move|p2a: Kingdra|Surf|p1a: Swoobat\n|-crit|p1a: Swoobat\n|-damage|p1a: Swoobat|0 fnt\n|faint|p1a: Swoobat\n|\n|upkeep\n|\n|t:|1699964148\n|switch|p1a: Kingdra|Kingdra, F|94\/100 tox\n|turn|36\n|\n|t:|1699964153\n|move|p1a: Kingdra|Draco Meteor|p2a: Kingdra\n|-supereffective|p2a: Kingdra\n|-damage|p2a: Kingdra|0 fnt\n|-unboost|p1a: Kingdra|spa|2\n|faint|p2a: Kingdra\n|\n|-damage|p1a: Kingdra|88\/100 tox|[from] psn\n|upkeep\n|c|\u2606nintales|poof\n|\n|t:|1699964155\n|switch|p2a: Klefki|Klefki, F|23\/100\n|-activate|p2a: Klefki|move: Sticky Web\n|-unboost|p2a: Klefki|spe|1\n|turn|37\n|c|\u2606nintales|now walled by klefki haha\n|\n|t:|1699964163\n|move|p1a: Kingdra|Draco Meteor|p2a: Klefki\n|-immune|p2a: Klefki\n|move|p2a: Klefki|Dazzling Gleam|p1a: Kingdra\n|-supereffective|p1a: Kingdra\n|-damage|p1a: Kingdra|32\/100 tox\n|\n|-damage|p1a: Kingdra|20\/100 tox|[from] psn\n|upkeep\n|turn|38\n|\n|t:|1699964166\n|move|p1a: Kingdra|Draco Meteor|p2a: Klefki\n|-immune|p2a: Klefki\n|move|p2a: Klefki|Dazzling Gleam|p1a: Kingdra\n|-supereffective|p1a: Kingdra\n|-damage|p1a: Kingdra|0 fnt\n|faint|p1a: Kingdra\n|\n|win|bigshoota\n|c|\u2606bigshoota|gg\n|c|\u2606nintales|gg!\n|l|\u2606nintales\n","uploadtime":1699964178,"views":19,"p1id":"nintales","p2id":"bigshoota","formatid":"gen9nationaldex","rating":0,"private":0,"password":""}