{"id":"gen9nationaldex-1992631338","p1":"HUBOLOY","p2":"AlastorTheOverlord","format":"[Gen 9] National Dex","log":"|j|\u2606HUBOLOY\n|j|\u2606AlastorTheOverlord\n|t:|1700217624\n|gametype|singles\n|player|p1|HUBOLOY|hooligans|1147\n|player|p2|AlastorTheOverlord|n|1145\n|teamsize|p1|6\n|teamsize|p2|6\n|gen|9\n|tier|[Gen 9] National Dex\n|rated|\n|rule|HP Percentage Mod: HP is shown in percentages\n|rule|Endless Battle Clause: Forcing endless battles is banned\n|rule|OHKO Clause: OHKO moves are banned\n|rule|Evasion Clause: Evasion abilities, items, and moves are banned\n|rule|Evasion Abilities Clause: Evasion abilities are banned\n|rule|Evasion Items Clause: Evasion items are banned\n|rule|Evasion Moves Clause: Evasion moves are banned\n|rule|Species Clause: Limit one of each Pok\u00e9mon\n|rule|Sleep Clause Mod: Limit one foe put to sleep\n|clearpoke\n|poke|p1|Pelipper, M|\n|poke|p1|Rotom-Wash|\n|poke|p1|Crawdaunt, M|\n|poke|p1|Greninja-*, M|\n|poke|p1|Iron Hands|\n|poke|p1|Swampert, M|\n|poke|p2|Greninja-*, M|\n|poke|p2|Garchomp, M|\n|poke|p2|Chandelure, M|\n|poke|p2|Azumarill, M|\n|poke|p2|Aegislash, F|\n|poke|p2|Talonflame, M|\n|teampreview\n|inactive|Battle timer is ON: inactive players will automatically lose when time's up. (requested by AlastorTheOverlord)\n|\n|t:|1700217647\n|start\n|switch|p1a: Pelipper|Pelipper, M|100\/100\n|switch|p2a: Chandelure|Chandelure, M|100\/100\n|-weather|RainDance|[from] ability: Drizzle|[of] p1a: Pelipper\n|turn|1\n|\n|t:|1700217656\n|move|p2a: Chandelure|Energy Ball|p1a: Pelipper\n|-damage|p1a: Pelipper|57\/100\n|move|p1a: Pelipper|Hurricane|p2a: Chandelure\n|-damage|p2a: Chandelure|22\/100\n|-start|p2a: Chandelure|confusion\n|\n|-weather|RainDance|[upkeep]\n|upkeep\n|turn|2\n|\n|t:|1700217665\n|-activate|p2a: Chandelure|confusion\n|-damage|p2a: Chandelure|16\/100|[from] confusion\n|move|p1a: Pelipper|Hurricane|p2a: Chandelure\n|-damage|p2a: Chandelure|0 fnt\n|faint|p2a: Chandelure\n|\n|-weather|RainDance|[upkeep]\n|upkeep\n|\n|t:|1700217682\n|switch|p2a: Greninja|Greninja, M|100\/100\n|turn|3\n|\n|t:|1700217686\n|move|p2a: Greninja|Ice Beam|p1a: Pelipper\n|-start|p2a: Greninja|typechange|Ice|[from] ability: Protean\n|-damage|p1a: Pelipper|0 fnt\n|faint|p1a: Pelipper\n|-damage|p2a: Greninja|91\/100|[from] item: Life Orb\n|\n|-weather|RainDance|[upkeep]\n|upkeep\n|\n|t:|1700217697\n|switch|p1a: Iron Hands|Iron Hands|100\/100\n|-enditem|p1a: Iron Hands|Booster Energy\n|-activate|p1a: Iron Hands|ability: Quark Drive|[fromitem]\n|-start|p1a: Iron Hands|quarkdriveatk\n|turn|4\n|\n|t:|1700217709\n|move|p2a: Greninja|Surf|p1a: Iron Hands\n|-damage|p1a: Iron Hands|56\/100\n|-damage|p2a: Greninja|81\/100|[from] item: Life Orb\n|move|p1a: Iron Hands|Drain Punch|p2a: Greninja\n|-supereffective|p2a: Greninja\n|-damage|p2a: Greninja|0 fnt\n|-heal|p1a: Iron Hands|79\/100|[from] drain|[of] p2a: Greninja\n|faint|p2a: Greninja\n|\n|-weather|RainDance|[upkeep]\n|upkeep\n|\n|t:|1700217728\n|switch|p2a: Aegislash|Aegislash, F|100\/100\n|turn|5\n|\n|t:|1700217735\n|move|p2a: Aegislash|Swords Dance|p2a: Aegislash\n|-boost|p2a: Aegislash|atk|2\n|move|p1a: Iron Hands|Thunder Punch|p2a: Aegislash\n|-damage|p2a: Aegislash|54\/100\n|\n|-weather|RainDance|[upkeep]\n|-heal|p2a: Aegislash|60\/100|[from] item: Leftovers\n|upkeep\n|turn|6\n|\n|t:|1700217745\n|-formechange|p2a: Aegislash|Aegislash-Blade||[from] ability: Stance Change\n|move|p2a: Aegislash|Shadow Sneak|p1a: Iron Hands\n|-crit|p1a: Iron Hands\n|-damage|p1a: Iron Hands|34\/100\n|move|p1a: Iron Hands|Thunder Punch|p2a: Aegislash\n|-damage|p2a: Aegislash|0 fnt\n|faint|p2a: Aegislash\n|\n|-weather|RainDance|[upkeep]\n|upkeep\n|\n|t:|1700217755\n|switch|p2a: Talonflame|Talonflame, M|100\/100\n|turn|7\n|\n|t:|1700217759\n|move|p2a: Talonflame|Brave Bird|p1a: Iron Hands\n|-damage|p1a: Iron Hands|7\/100\n|-damage|p2a: Talonflame|85\/100|[from] Recoil\n|move|p1a: Iron Hands|Thunder Punch|p2a: Talonflame\n|-supereffective|p2a: Talonflame\n|-damage|p2a: Talonflame|0 fnt\n|faint|p2a: Talonflame\n|\n|-weather|RainDance|[upkeep]\n|upkeep\n|\n|t:|1700217763\n|switch|p2a: Azumarill|Azumarill, M|100\/100\n|turn|8\n|\n|t:|1700217775\n|move|p2a: Azumarill|Aqua Jet|p1a: Iron Hands\n|-damage|p1a: Iron Hands|0 fnt\n|faint|p1a: Iron Hands\n|-end|p1a: Iron Hands|Quark Drive|[silent]\n|\n|-weather|none\n|upkeep\n|\n|t:|1700217782\n|switch|p1a: Greninja|Greninja, M|100\/100\n|turn|9\n|\n|t:|1700217786\n|move|p1a: Greninja|Rain Dance|p1a: Greninja\n|-weather|RainDance\n|move|p2a: Azumarill|Belly Drum|p2a: Azumarill\n|-damage|p2a: Azumarill|51\/100\n|-setboost|p2a: Azumarill|atk|6|[from] move: Belly Drum\n|\n|-weather|RainDance|[upkeep]\n|upkeep\n|turn|10\n|\n|t:|1700217797\n|move|p2a: Azumarill|Aqua Jet|p1a: Greninja\n|-resisted|p1a: Greninja\n|-damage|p1a: Greninja|0 fnt\n|faint|p1a: Greninja\n|\n|-weather|RainDance|[upkeep]\n|upkeep\n|\n|t:|1700217804\n|switch|p1a: Rotom|Rotom-Wash|100\/100\n|turn|11\n|\n|t:|1700217809\n|move|p2a: Azumarill|Aqua Jet|p1a: Rotom\n|-resisted|p1a: Rotom\n|-damage|p1a: Rotom|0 fnt\n|faint|p1a: Rotom\n|\n|-weather|RainDance|[upkeep]\n|upkeep\n|\n|t:|1700217816\n|switch|p1a: Crawdaunt|Crawdaunt, M|100\/100\n|turn|12\n|\n|t:|1700217823\n|move|p2a: Azumarill|Aqua Jet|p1a: Crawdaunt\n|-resisted|p1a: Crawdaunt\n|-damage|p1a: Crawdaunt|0 fnt\n|faint|p1a: Crawdaunt\n|\n|-weather|RainDance|[upkeep]\n|upkeep\n|\n|t:|1700217830\n|switch|p1a: Swampert|Swampert, M|100\/100\n|turn|13\n|\n|t:|1700217835\n|detailschange|p1a: Swampert|Swampert-Mega, M\n|-mega|p1a: Swampert|Swampert|Swampertite\n|move|p2a: Azumarill|Aqua Jet|p1a: Swampert\n|-crit|p1a: Swampert\n|-damage|p1a: Swampert|0 fnt\n|faint|p1a: Swampert\n|\n|win|AlastorTheOverlord\n|raw|HUBOLOY's rating: 1147 &rarr; <strong>1122<\/strong><br \/>(-25 for losing)\n|raw|AlastorTheOverlord's rating: 1145 &rarr; <strong>1170<\/strong><br \/>(+25 for winning)\n|l|\u2606HUBOLOY\n","uploadtime":1700217849,"views":17,"p1id":"huboloy","p2id":"alastortheoverlord","formatid":"gen9nationaldex","rating":1122,"private":0,"password":""}