{"id":"gen9nationaldex-1993085611","p1":"hackilla15","p2":"vlpraca","format":"[Gen 9] National Dex","log":"|j|\u2606hackilla15\n|j|\u2606vlpraca\n|t:|1700263064\n|gametype|singles\n|player|p1|hackilla15|ethan|1337\n|player|p2|vlpraca|265|1426\n|teamsize|p1|6\n|teamsize|p2|6\n|gen|9\n|tier|[Gen 9] National Dex\n|rated|\n|rule|HP Percentage Mod: HP is shown in percentages\n|rule|Endless Battle Clause: Forcing endless battles is banned\n|rule|OHKO Clause: OHKO moves are banned\n|rule|Evasion Clause: Evasion abilities, items, and moves are banned\n|rule|Evasion Abilities Clause: Evasion abilities are banned\n|rule|Evasion Items Clause: Evasion items are banned\n|rule|Evasion Moves Clause: Evasion moves are banned\n|rule|Species Clause: Limit one of each Pok\u00e9mon\n|rule|Sleep Clause Mod: Limit one foe put to sleep\n|clearpoke\n|poke|p1|Torterra, M|\n|poke|p1|Latias, F|\n|poke|p1|Clodsire, F|\n|poke|p1|Volcarona, F|\n|poke|p1|Urshifu-*, M|\n|poke|p1|Garganacl, M|\n|poke|p2|Serperior, F|\n|poke|p2|Togekiss, F|\n|poke|p2|Ferrothorn, M|\n|poke|p2|Lucario, M|\n|poke|p2|Slowking, F|\n|poke|p2|Tyranitar, M|\n|teampreview\n|inactive|Battle timer is ON: inactive players will automatically lose when time's up. (requested by vlpraca)\n|\n|t:|1700263077\n|start\n|switch|p1a: TORTLE|Torterra, M|100\/100\n|switch|p2a: Slowking|Slowking, F|100\/100\n|turn|1\n|\n|t:|1700263083\n|move|p1a: TORTLE|Bullet Seed|p2a: Slowking\n|-supereffective|p2a: Slowking\n|-damage|p2a: Slowking|75\/100\n|-supereffective|p2a: Slowking\n|-damage|p2a: Slowking|50\/100\n|-supereffective|p2a: Slowking\n|-damage|p2a: Slowking|26\/100\n|-supereffective|p2a: Slowking\n|-damage|p2a: Slowking|2\/100\n|-supereffective|p2a: Slowking\n|-damage|p2a: Slowking|0 fnt\n|faint|p2a: Slowking\n|-hitcount|p2: Slowking|5\n|\n|upkeep\n|\n|t:|1700263086\n|switch|p2a: Togekiss|Togekiss, F|100\/100\n|turn|2\n|\n|t:|1700263096\n|-terastallize|p1a: TORTLE|Rock\n|move|p2a: Togekiss|Air Slash|p1a: TORTLE\n|-resisted|p1a: TORTLE\n|-damage|p1a: TORTLE|77\/100\n|move|p1a: TORTLE|Shell Smash|p1a: TORTLE\n|-unboost|p1a: TORTLE|def|1\n|-unboost|p1a: TORTLE|spd|1\n|-boost|p1a: TORTLE|atk|2\n|-boost|p1a: TORTLE|spa|2\n|-boost|p1a: TORTLE|spe|2\n|\n|upkeep\n|turn|3\n|\n|t:|1700263104\n|switch|p2a: Ferrothorn|Ferrothorn, M|100\/100\n|move|p1a: TORTLE|Rock Blast|p2a: Ferrothorn\n|-resisted|p2a: Ferrothorn\n|-damage|p2a: Ferrothorn|92\/100\n|-resisted|p2a: Ferrothorn\n|-damage|p2a: Ferrothorn|82\/100\n|-resisted|p2a: Ferrothorn\n|-damage|p2a: Ferrothorn|71\/100\n|-resisted|p2a: Ferrothorn\n|-damage|p2a: Ferrothorn|61\/100\n|-resisted|p2a: Ferrothorn\n|-damage|p2a: Ferrothorn|52\/100\n|-hitcount|p2a: Ferrothorn|5\n|\n|-heal|p2a: Ferrothorn|58\/100|[from] item: Leftovers\n|upkeep\n|turn|4\n|\n|t:|1700263107\n|move|p1a: TORTLE|Rock Blast|p2a: Ferrothorn|[miss]\n|-miss|p1a: TORTLE|p2a: Ferrothorn\n|move|p2a: Ferrothorn|Leech Seed|p1a: TORTLE\n|-start|p1a: TORTLE|move: Leech Seed\n|\n|-heal|p2a: Ferrothorn|64\/100|[from] item: Leftovers\n|-damage|p1a: TORTLE|65\/100|[from] Leech Seed|[of] p2a: Ferrothorn\n|-heal|p2a: Ferrothorn|78\/100|[silent]\n|upkeep\n|turn|5\n|\n|t:|1700263109\n|move|p2a: Ferrothorn|Protect|p2a: Ferrothorn\n|-singleturn|p2a: Ferrothorn|Protect\n|move|p1a: TORTLE|Rock Blast|p2a: Ferrothorn\n|-activate|p2a: Ferrothorn|move: Protect\n|\n|-heal|p2a: Ferrothorn|84\/100|[from] item: Leftovers\n|-damage|p1a: TORTLE|52\/100|[from] Leech Seed|[of] p2a: Ferrothorn\n|-heal|p2a: Ferrothorn|98\/100|[silent]\n|upkeep\n|turn|6\n|\n|t:|1700263114\n|switch|p1a: JET DRAGON II|Latias, F|100\/100\n|move|p2a: Ferrothorn|Thunder Wave|p1a: JET DRAGON II\n|-status|p1a: JET DRAGON II|par\n|\n|-heal|p2a: Ferrothorn|100\/100|[from] item: Leftovers\n|upkeep\n|turn|7\n|\n|t:|1700263118\n|detailschange|p1a: JET DRAGON II|Latias-Mega, F\n|-mega|p1a: JET DRAGON II|Latias|Latiasite\n|move|p1a: JET DRAGON II|Aura Sphere|p2a: Ferrothorn\n|-supereffective|p2a: Ferrothorn\n|-damage|p2a: Ferrothorn|56\/100\n|move|p2a: Ferrothorn|Leech Seed|p1a: JET DRAGON II\n|-start|p1a: JET DRAGON II|move: Leech Seed\n|\n|-heal|p2a: Ferrothorn|63\/100|[from] item: Leftovers\n|-damage|p1a: JET DRAGON II|88\/100 par|[from] Leech Seed|[of] p2a: Ferrothorn\n|-heal|p2a: Ferrothorn|77\/100|[silent]\n|upkeep\n|turn|8\n|\n|t:|1700263121\n|move|p2a: Ferrothorn|Protect|p2a: Ferrothorn\n|-singleturn|p2a: Ferrothorn|Protect\n|move|p1a: JET DRAGON II|Aura Sphere|p2a: Ferrothorn\n|-activate|p2a: Ferrothorn|move: Protect\n|\n|-heal|p2a: Ferrothorn|83\/100|[from] item: Leftovers\n|-damage|p1a: JET DRAGON II|76\/100 par|[from] Leech Seed|[of] p2a: Ferrothorn\n|-heal|p2a: Ferrothorn|98\/100|[silent]\n|upkeep\n|turn|9\n|\n|t:|1700263126\n|switch|p2a: Togekiss|Togekiss, F|100\/100\n|move|p1a: JET DRAGON II|Aura Sphere|p2a: Togekiss\n|-resisted|p2a: Togekiss\n|-damage|p2a: Togekiss|94\/100\n|\n|-damage|p1a: JET DRAGON II|63\/100 par|[from] Leech Seed|[of] p2a: Togekiss\n|-heal|p2a: Togekiss|100\/100|[silent]\n|upkeep\n|turn|10\n|\n|t:|1700263129\n|switch|p1a: Aneurysm|Clodsire, F|100\/100\n|move|p2a: Togekiss|Dazzling Gleam|p1a: Aneurysm\n|-resisted|p1a: Aneurysm\n|-damage|p1a: Aneurysm|88\/100\n|\n|-heal|p1a: Aneurysm|94\/100|[from] item: Black Sludge\n|upkeep\n|turn|11\n|\n|t:|1700263133\n|switch|p2a: Ferrothorn|Ferrothorn, M|98\/100\n|move|p1a: Aneurysm|Earthquake|p2a: Ferrothorn\n|-damage|p2a: Ferrothorn|73\/100\n|\n|-heal|p1a: Aneurysm|99\/100|[from] item: Black Sludge\n|-heal|p2a: Ferrothorn|79\/100|[from] item: Leftovers\n|upkeep\n|turn|12\n|\n|t:|1700263143\n|move|p1a: Aneurysm|Earthquake|p2a: Ferrothorn\n|-damage|p2a: Ferrothorn|54\/100\n|move|p2a: Ferrothorn|Leech Seed|p1a: Aneurysm\n|-start|p1a: Aneurysm|move: Leech Seed\n|\n|-heal|p1a: Aneurysm|100\/100|[from] item: Black Sludge\n|-heal|p2a: Ferrothorn|60\/100|[from] item: Leftovers\n|-damage|p1a: Aneurysm|88\/100|[from] Leech Seed|[of] p2a: Ferrothorn\n|-heal|p2a: Ferrothorn|79\/100|[silent]\n|upkeep\n|turn|13\n|\n|t:|1700263146\n|switch|p1a: Sunny D'|Volcarona, F, shiny|100\/100\n|switch|p2a: Serperior|Serperior, F|100\/100\n|\n|upkeep\n|turn|14\n|\n|t:|1700263148\n|switch|p2a: Tyranitar|Tyranitar, M|100\/100\n|-weather|Sandstorm|[from] ability: Sand Stream|[of] p2a: Tyranitar\n|move|p1a: Sunny D'|Fiery Dance|p2a: Tyranitar\n|-resisted|p2a: Tyranitar\n|-damage|p2a: Tyranitar|92\/100\n|-boost|p1a: Sunny D'|spa|1\n|\n|-weather|Sandstorm|[upkeep]\n|-damage|p1a: Sunny D'|94\/100|[from] Sandstorm\n|upkeep\n|turn|15\n|\n|t:|1700263151\n|detailschange|p2a: Tyranitar|Tyranitar-Mega, M\n|-mega|p2a: Tyranitar|Tyranitar|Tyranitarite\n|move|p1a: Sunny D'|Giga Drain|p2a: Tyranitar\n|-supereffective|p2a: Tyranitar\n|-damage|p2a: Tyranitar|63\/100\n|-heal|p1a: Sunny D'|100\/100|[from] drain|[of] p2a: Tyranitar\n|move|p2a: Tyranitar|Rock Slide|p1a: Sunny D'\n|-supereffective|p1a: Sunny D'\n|-damage|p1a: Sunny D'|0 fnt\n|faint|p1a: Sunny D'\n|\n|-weather|Sandstorm|[upkeep]\n|upkeep\n|\n|t:|1700263154\n|switch|p1a: TORTLE|Torterra, M, tera:Rock|52\/100\n|turn|16\n|\n|t:|1700263158\n|move|p1a: TORTLE|Earthquake|p2a: Tyranitar\n|-supereffective|p2a: Tyranitar\n|-damage|p2a: Tyranitar|5\/100\n|move|p2a: Tyranitar|Earthquake|p1a: TORTLE\n|-supereffective|p1a: TORTLE\n|-damage|p1a: TORTLE|0 fnt\n|faint|p1a: TORTLE\n|\n|-weather|Sandstorm|[upkeep]\n|upkeep\n|\n|t:|1700263161\n|switch|p1a: Bear|Urshifu-Rapid-Strike, M|100\/100\n|turn|17\n|\n|t:|1700263165\n|move|p1a: Bear|Trailblaze|p2a: Tyranitar\n|-supereffective|p2a: Tyranitar\n|-damage|p2a: Tyranitar|0 fnt\n|-boost|p1a: Bear|spe|1\n|faint|p2a: Tyranitar\n|\n|-weather|Sandstorm|[upkeep]\n|-damage|p1a: Bear|94\/100|[from] Sandstorm\n|upkeep\n|\n|t:|1700263168\n|switch|p2a: Togekiss|Togekiss, F|100\/100\n|turn|18\n|\n|t:|1700263171\n|move|p1a: Bear|Surging Strikes|p2a: Togekiss\n|-crit|p2a: Togekiss\n|-damage|p2a: Togekiss|80\/100\n|-crit|p2a: Togekiss\n|-damage|p2a: Togekiss|61\/100\n|-crit|p2a: Togekiss\n|-damage|p2a: Togekiss|43\/100\n|-hitcount|p2a: Togekiss|3\n|move|p2a: Togekiss|Air Slash|p1a: Bear\n|-supereffective|p1a: Bear\n|-damage|p1a: Bear|20\/100\n|\n|-weather|none\n|upkeep\n|turn|19\n|\n|t:|1700263175\n|switch|p2a: Ferrothorn|Ferrothorn, M|79\/100\n|move|p1a: Bear|Surging Strikes|p2a: Ferrothorn\n|-resisted|p2a: Ferrothorn\n|-crit|p2a: Ferrothorn\n|-damage|p2a: Ferrothorn|69\/100\n|-damage|p1a: Bear|7\/100|[from] ability: Iron Barbs|[of] p2a: Ferrothorn\n|-resisted|p2a: Ferrothorn\n|-crit|p2a: Ferrothorn\n|-damage|p2a: Ferrothorn|61\/100\n|-damage|p1a: Bear|0 fnt|[from] ability: Iron Barbs|[of] p2a: Ferrothorn\n|faint|p1a: Bear\n|-hitcount|p2a: Ferrothorn|2\n|\n|-heal|p2a: Ferrothorn|67\/100|[from] item: Leftovers\n|upkeep\n|\n|t:|1700263178\n|switch|p1a: Daily Salt Intake|Garganacl, M|100\/100\n|turn|20\n|\n|t:|1700263180\n|move|p1a: Daily Salt Intake|Salt Cure|p2a: Ferrothorn\n|-resisted|p2a: Ferrothorn\n|-damage|p2a: Ferrothorn|61\/100\n|-start|p2a: Ferrothorn|Salt Cure\n|move|p2a: Ferrothorn|Leech Seed|p1a: Daily Salt Intake\n|-start|p1a: Daily Salt Intake|move: Leech Seed\n|\n|-heal|p2a: Ferrothorn|67\/100|[from] item: Leftovers\n|-damage|p1a: Daily Salt Intake|88\/100|[from] Leech Seed|[of] p2a: Ferrothorn\n|-heal|p2a: Ferrothorn|84\/100|[silent]\n|-damage|p2a: Ferrothorn|59\/100|[from] Salt Cure\n|upkeep\n|turn|21\n|\n|t:|1700263182\n|switch|p1a: JET DRAGON II|Latias-Mega, F|63\/100 par\n|switch|p2a: Serperior|Serperior, F|100\/100\n|\n|upkeep\n|turn|22\n|\n|t:|1700263186\n|switch|p2a: Togekiss|Togekiss, F|43\/100\n|cant|p1a: JET DRAGON II|par\n|\n|upkeep\n|turn|23\n|\n|t:|1700263191\n|move|p2a: Togekiss|Air Slash|p1a: JET DRAGON II\n|-damage|p1a: JET DRAGON II|37\/100 par\n|cant|p1a: JET DRAGON II|flinch\n|\n|upkeep\n|turn|24\n|\n|t:|1700263193\n|move|p2a: Togekiss|Air Slash|p1a: JET DRAGON II\n|-damage|p1a: JET DRAGON II|11\/100 par\n|cant|p1a: JET DRAGON II|flinch\n|\n|upkeep\n|turn|25\n|\n|t:|1700263196\n|switch|p1a: Aneurysm|Clodsire, F|88\/100\n|move|p2a: Togekiss|Air Slash|p1a: Aneurysm\n|-damage|p1a: Aneurysm|67\/100\n|\n|-heal|p1a: Aneurysm|73\/100|[from] item: Black Sludge\n|upkeep\n|turn|26\n|\n|t:|1700263200\n|switch|p2a: Ferrothorn|Ferrothorn, M|59\/100\n|move|p1a: Aneurysm|Earthquake|p2a: Ferrothorn\n|-damage|p2a: Ferrothorn|32\/100\n|\n|-heal|p1a: Aneurysm|79\/100|[from] item: Black Sludge\n|-heal|p2a: Ferrothorn|38\/100|[from] item: Leftovers\n|upkeep\n|turn|27\n|\n|t:|1700263203\n|switch|p1a: JET DRAGON II|Latias-Mega, F|11\/100 par\n|move|p2a: Ferrothorn|Leech Seed|p1a: JET DRAGON II|[miss]\n|-miss|p2a: Ferrothorn|p1a: JET DRAGON II\n|\n|-heal|p2a: Ferrothorn|44\/100|[from] item: Leftovers\n|upkeep\n|turn|28\n|\n|t:|1700263207\n|move|p1a: JET DRAGON II|Aura Sphere|p2a: Ferrothorn\n|-supereffective|p2a: Ferrothorn\n|-damage|p2a: Ferrothorn|4\/100\n|move|p2a: Ferrothorn|Leech Seed|p1a: JET DRAGON II\n|-start|p1a: JET DRAGON II|move: Leech Seed\n|\n|-heal|p2a: Ferrothorn|10\/100|[from] item: Leftovers\n|-damage|p1a: JET DRAGON II|0 fnt|[from] Leech Seed|[of] p2a: Ferrothorn\n|-heal|p2a: Ferrothorn|22\/100|[silent]\n|faint|p1a: JET DRAGON II\n|upkeep\n|\n|t:|1700263211\n|switch|p1a: Aneurysm|Clodsire, F|79\/100\n|turn|29\n|\n|t:|1700263213\n|move|p1a: Aneurysm|Earthquake|p2a: Ferrothorn\n|-damage|p2a: Ferrothorn|0 fnt\n|faint|p2a: Ferrothorn\n|\n|-heal|p1a: Aneurysm|85\/100|[from] item: Black Sludge\n|upkeep\n|\n|t:|1700263216\n|switch|p2a: Serperior|Serperior, F|100\/100\n|turn|30\n|\n|t:|1700263217\n|move|p2a: Serperior|Substitute|p2a: Serperior\n|-start|p2a: Serperior|Substitute\n|-damage|p2a: Serperior|75\/100\n|move|p1a: Aneurysm|Poison Jab|p2a: Serperior\n|-supereffective|p2a: Serperior\n|-end|p2a: Serperior|Substitute\n|\n|-heal|p2a: Serperior|82\/100|[from] item: Leftovers\n|-heal|p1a: Aneurysm|91\/100|[from] item: Black Sludge\n|upkeep\n|turn|31\n|\n|t:|1700263222\n|switch|p2a: Togekiss|Togekiss, F|43\/100\n|move|p1a: Aneurysm|Poison Jab|p2a: Togekiss\n|-supereffective|p2a: Togekiss\n|-damage|p2a: Togekiss|0 fnt\n|faint|p2a: Togekiss\n|\n|-heal|p1a: Aneurysm|97\/100|[from] item: Black Sludge\n|upkeep\n|\n|t:|1700263226\n|switch|p2a: Serperior|Serperior, F|82\/100\n|turn|32\n|\n|t:|1700263229\n|-terastallize|p2a: Serperior|Rock\n|move|p2a: Serperior|Leaf Storm|p1a: Aneurysm|[miss]\n|-miss|p2a: Serperior|p1a: Aneurysm\n|move|p1a: Aneurysm|Poison Jab|p2a: Serperior\n|-resisted|p2a: Serperior\n|-damage|p2a: Serperior|67\/100\n|\n|-heal|p2a: Serperior|73\/100|[from] item: Leftovers\n|-heal|p1a: Aneurysm|100\/100|[from] item: Black Sludge\n|upkeep\n|turn|33\n|\n|t:|1700263232\n|move|p2a: Serperior|Leaf Storm|p1a: Aneurysm\n|-damage|p1a: Aneurysm|74\/100\n|-boost|p2a: Serperior|spa|2\n|move|p1a: Aneurysm|Earthquake|p2a: Serperior\n|-supereffective|p2a: Serperior\n|-damage|p2a: Serperior|0 fnt\n|faint|p2a: Serperior\n|\n|-heal|p1a: Aneurysm|81\/100|[from] item: Black Sludge\n|upkeep\n|\n|t:|1700263235\n|switch|p2a: Lucario|Lucario, M|100\/100\n|turn|34\n|\n|t:|1700263237\n|move|p2a: Lucario|Extreme Speed|p1a: Aneurysm\n|-crit|p1a: Aneurysm\n|-damage|p1a: Aneurysm|11\/100\n|-damage|p2a: Lucario|91\/100|[from] item: Life Orb\n|move|p1a: Aneurysm|Earthquake|p2a: Lucario\n|-supereffective|p2a: Lucario\n|-damage|p2a: Lucario|7\/100\n|\n|-heal|p1a: Aneurysm|17\/100|[from] item: Black Sludge\n|upkeep\n|turn|35\n|\n|t:|1700263242\n|move|p2a: Lucario|Extreme Speed|p1a: Aneurysm\n|-damage|p1a: Aneurysm|0 fnt\n|faint|p1a: Aneurysm\n|-damage|p2a: Lucario|0 fnt|[from] item: Life Orb\n|faint|p2a: Lucario\n|\n|win|hackilla15\n|raw|hackilla15's rating: 1337 &rarr; <strong>1362<\/strong><br \/>(+25 for winning)\n|raw|vlpraca's rating: 1426 &rarr; <strong>1401<\/strong><br \/>(-25 for losing)\n|l|\u2606vlpraca\n","uploadtime":1700263249,"views":9,"p1id":"hackilla15","p2id":"vlpraca","formatid":"gen9nationaldex","rating":1362,"private":0,"password":""}