{"id":"gen9nationaldex-1995799127","p1":"Maeby Mitenaut","p2":"5quephy","format":"[Gen 9] National Dex","log":"|html|<div class=\"broadcast-blue\"><strong>[Gen 9] National Dex is currently suspecting Sneasler! For information on how to participate check out the <a href=\"https:\/\/www.smogon.com\/forums\/threads\/sv-national-dex-suspect-8-just-dance.3731534\/\">suspect thread<\/a>.<\/strong><\/div>\n|j|\u2606Maeby Mitenaut\n|j|\u26065quephy\n|t:|1700604277\n|gametype|singles\n|player|p1|Maeby Mitenaut|dahlia|\n|player|p2|5quephy|170|\n|teamsize|p1|6\n|teamsize|p2|6\n|gen|9\n|tier|[Gen 9] National Dex\n|rule|HP Percentage Mod: HP is shown in percentages\n|rule|Endless Battle Clause: Forcing endless battles is banned\n|rule|OHKO Clause: OHKO moves are banned\n|rule|Evasion Clause: Evasion abilities, items, and moves are banned\n|rule|Evasion Abilities Clause: Evasion abilities are banned\n|rule|Evasion Items Clause: Evasion items are banned\n|rule|Evasion Moves Clause: Evasion moves are banned\n|rule|Species Clause: Limit one of each Pok\u00e9mon\n|rule|Sleep Clause Mod: Limit one foe put to sleep\n|clearpoke\n|poke|p1|Raichu-Alola, F|\n|poke|p1|Clodsire, M|\n|poke|p1|Tapu Koko|\n|poke|p1|Arctozolt|\n|poke|p1|Iron Hands|\n|poke|p1|Ninetales-Alola, M|\n|poke|p2|Diancie|\n|poke|p2|Sandaconda, M|\n|poke|p2|Rotom-Wash|\n|poke|p2|Kommo-o, F|\n|poke|p2|Swoobat, F|\n|poke|p2|Hatterene, F|\n|teampreview\n|c|\u26065quephy|Ill give you an actual battle this time\n|c|\u2606Maeby Mitenaut|oo i like this team too...i suspect trick roooom\n|\n|t:|1700604308\n|start\n|switch|p1a: Bluck Buck|Tapu Koko, shiny|100\/100\n|switch|p2a: Hatterene|Hatterene, F, shiny|100\/100\n|-fieldstart|move: Electric Terrain|[from] ability: Electric Surge|[of] p1a: Bluck Buck\n|turn|1\n|c|\u26065quephy|Noooo\n|\n|t:|1700604314\n|move|p1a: Bluck Buck|Taunt|p2a: Hatterene\n|move|p2a: Hatterene|Taunt|p1a: Bluck Buck|[from]ability: Magic Bounce\n|-start|p1a: Bluck Buck|move: Taunt\n|move|p2a: Hatterene|Trick|p1a: Bluck Buck\n|-activate|p2a: Hatterene|move: Trick|[of] p1a: Bluck Buck\n|-item|p1a: Bluck Buck|Toxic Orb|[from] move: Trick\n|-item|p2a: Hatterene|Terrain Extender|[from] move: Trick\n|\n|-status|p1a: Bluck Buck|tox|[from] item: Toxic Orb\n|upkeep\n|turn|2\n|c|\u2606Maeby Mitenaut|OOOOOO BABY you played tf outta me lmao\n|\n|t:|1700604332\n|move|p1a: Bluck Buck|U-turn|p2a: Hatterene\n|-damage|p2a: Hatterene|82\/100\n|c|\u26065quephy|Fr\n|\n|t:|1700604341\n|switch|p1a: Big Pap\u00ed|Iron Hands|100\/100|[from] U-turn\n|-activate|p1a: Big Pap\u00ed|ability: Quark Drive\n|-start|p1a: Big Pap\u00ed|quarkdriveatk\n|move|p2a: Hatterene|Reflect|p2a: Hatterene\n|-sidestart|p2: 5quephy|Reflect\n|\n|upkeep\n|turn|3\n|\n|t:|1700604366\n|move|p1a: Big Pap\u00ed|Earthquake|p2a: Hatterene\n|-damage|p2a: Hatterene|55\/100\n|move|p2a: Hatterene|Light Screen|p2a: Hatterene\n|-sidestart|p2: 5quephy|move: Light Screen\n|\n|upkeep\n|turn|4\n|\n|t:|1700604373\n|switch|p2a: Swoobat|Swoobat, F, shiny|100\/100\n|move|p1a: Big Pap\u00ed|Fire Punch|p2a: Swoobat\n|-damage|p2a: Swoobat|60\/100\n|\n|-heal|p2a: Swoobat|66\/100|[from] item: Leftovers\n|upkeep\n|turn|5\n|\n|t:|1700604381\n|move|p2a: Swoobat|Calm Mind|p2a: Swoobat\n|-boost|p2a: Swoobat|spa|2\n|-boost|p2a: Swoobat|spd|2\n|move|p1a: Big Pap\u00ed|Thunder Punch|p2a: Swoobat\n|-supereffective|p2a: Swoobat\n|-damage|p2a: Swoobat|0 fnt\n|faint|p2a: Swoobat\n|\n|upkeep\n|\n|t:|1700604387\n|switch|p2a: Sandaconda|Sandaconda, M, shiny|100\/100\n|turn|6\n|\n|t:|1700604404\n|-terastallize|p2a: Sandaconda|Flying\n|move|p2a: Sandaconda|Coil|p2a: Sandaconda\n|-boost|p2a: Sandaconda|atk|1\n|-boost|p2a: Sandaconda|def|1\n|-boost|p2a: Sandaconda|accuracy|1\n|move|p1a: Big Pap\u00ed|Drain Punch|p2a: Sandaconda\n|-resisted|p2a: Sandaconda\n|-damage|p2a: Sandaconda|94\/100\n|\n|-sideend|p2: 5quephy|Reflect\n|upkeep\n|turn|7\n|c|\u26065quephy|Poor swoobat. He never gets to do anything\n|\n|t:|1700604420\n|move|p2a: Sandaconda|Rock Blast|p1a: Big Pap\u00ed\n|-resisted|p1a: Big Pap\u00ed\n|-damage|p1a: Big Pap\u00ed|97\/100\n|-resisted|p1a: Big Pap\u00ed\n|-damage|p1a: Big Pap\u00ed|94\/100\n|-resisted|p1a: Big Pap\u00ed\n|-damage|p1a: Big Pap\u00ed|90\/100\n|-resisted|p1a: Big Pap\u00ed\n|-damage|p1a: Big Pap\u00ed|87\/100\n|-resisted|p1a: Big Pap\u00ed\n|-damage|p1a: Big Pap\u00ed|83\/100\n|-hitcount|p1a: Big Pap\u00ed|5\n|move|p1a: Big Pap\u00ed|Thunder Punch|p2a: Sandaconda\n|-supereffective|p2a: Sandaconda\n|-damage|p2a: Sandaconda|24\/100\n|\n|-sideend|p2: 5quephy|move: Light Screen\n|upkeep\n|turn|8\n|c|\u2606Maeby Mitenaut|hahah hes a soofty but this coil sanda is pretty gnarly\n|\n|t:|1700604438\n|move|p2a: Sandaconda|Scale Shot|p1a: Big Pap\u00ed\n|-damage|p1a: Big Pap\u00ed|75\/100\n|-damage|p1a: Big Pap\u00ed|68\/100\n|-damage|p1a: Big Pap\u00ed|61\/100\n|-crit|p1a: Big Pap\u00ed\n|-damage|p1a: Big Pap\u00ed|50\/100\n|-damage|p1a: Big Pap\u00ed|43\/100\n|-hitcount|p1a: Big Pap\u00ed|5\n|-unboost|p2a: Sandaconda|def|1\n|-boost|p2a: Sandaconda|spe|1\n|move|p1a: Big Pap\u00ed|Thunder Punch|p2a: Sandaconda\n|-supereffective|p2a: Sandaconda\n|-damage|p2a: Sandaconda|0 fnt\n|faint|p2a: Sandaconda\n|\n|-fieldend|move: Electric Terrain\n|-end|p1a: Big Pap\u00ed|Quark Drive\n|upkeep\n|c|\u26065quephy|But he is dead now\n|\n|t:|1700604454\n|switch|p2a: Rotom|Rotom-Wash|100\/100\n|turn|9\n|c|\u2606Maeby Mitenaut|yeah the tera cost ya\n|\n|t:|1700604464\n|-end|p1a: Big Pap\u00ed|Quark Drive|[silent]\n|switch|p1a: Bluck Buck|Tapu Koko, shiny|100\/100 tox\n|-fieldstart|move: Electric Terrain|[from] ability: Electric Surge|[of] p1a: Bluck Buck\n|move|p2a: Rotom|Nasty Plot|p2a: Rotom\n|-boost|p2a: Rotom|spa|2\n|\n|-damage|p1a: Bluck Buck|94\/100 tox|[from] psn\n|upkeep\n|turn|10\n|c|\u26065quephy|Yeah\n|\n|t:|1700604475\n|move|p1a: Bluck Buck|Taunt|p2a: Rotom\n|-start|p2a: Rotom|move: Taunt\n|move|p2a: Rotom|Shadow Ball|p1a: Bluck Buck\n|-damage|p1a: Bluck Buck|25\/100 tox\n|\n|-damage|p1a: Bluck Buck|13\/100 tox|[from] psn\n|upkeep\n|turn|11\n|\n|t:|1700604482\n|switch|p1a: 9er|Ninetales-Alola, M, shiny|100\/100\n|-weather|Snow|[from] ability: Snow Warning|[of] p1a: 9er\n|move|p2a: Rotom|Shadow Ball|p1a: 9er\n|-damage|p1a: 9er|52\/100\n|\n|-weather|Snow|[upkeep]\n|upkeep\n|turn|12\n|c|\u26065quephy|Only 1 nasty plot\n|\n|t:|1700604511\n|move|p1a: 9er|Aurora Veil|p1a: 9er\n|-sidestart|p1: Maeby Mitenaut|move: Aurora Veil\n|move|p2a: Rotom|Thunderbolt|p1a: 9er\n|-damage|p1a: 9er|4\/100\n|\n|-weather|Snow|[upkeep]\n|-end|p2a: Rotom|move: Taunt\n|upkeep\n|turn|13\n|c|\u2606Maeby Mitenaut|for now... lol\n|\n|t:|1700604530\n|move|p1a: 9er|Heal Bell|p1a: 9er\n|-activate|p1a: 9er|move: Heal Bell\n|-curestatus|p1: Bluck Buck|tox|[msg]\n|move|p2a: Rotom|Nasty Plot|p2a: Rotom\n|-boost|p2a: Rotom|spa|2\n|\n|-weather|Snow|[upkeep]\n|-fieldend|move: Electric Terrain\n|upkeep\n|turn|14\n|\n|t:|1700604537\n|move|p1a: 9er|Blizzard|p2a: Rotom\n|-resisted|p2a: Rotom\n|-damage|p2a: Rotom|79\/100\n|move|p2a: Rotom|Thunderbolt|p1a: 9er\n|-damage|p1a: 9er|0 fnt\n|faint|p1a: 9er\n|\n|-weather|Snow|[upkeep]\n|upkeep\n|c|\u26065quephy|Yeah\n|\n|t:|1700604547\n|switch|p1a: Muddy Buddy|Clodsire, M|100\/100\n|turn|15\n|\n|t:|1700604555\n|move|p2a: Rotom|Shadow Ball|p1a: Muddy Buddy\n|-damage|p1a: Muddy Buddy|94\/100\n|move|p1a: Muddy Buddy|Toxic|p2a: Rotom\n|-status|p2a: Rotom|tox\n|\n|-weather|Snow|[upkeep]\n|-heal|p1a: Muddy Buddy|99\/100|[from] item: Leftovers\n|-damage|p2a: Rotom|73\/100 tox|[from] psn\n|upkeep\n|turn|16\n|c|\u2606Maeby Mitenaut|unaware muddy buddy tho\n|c|\u2606Maeby Mitenaut|my lil durp i love em\n|c|\u26065quephy|That was week\n|\n|t:|1700604572\n|move|p2a: Rotom|Hydro Pump|p1a: Muddy Buddy\n|-supereffective|p1a: Muddy Buddy\n|-damage|p1a: Muddy Buddy|72\/100\n|move|p1a: Muddy Buddy|Stockpile|p1a: Muddy Buddy\n|-start|p1a: Muddy Buddy|stockpile1\n|-boost|p1a: Muddy Buddy|def|1\n|-boost|p1a: Muddy Buddy|spd|1\n|\n|-weather|Snow|[upkeep]\n|-heal|p1a: Muddy Buddy|79\/100|[from] item: Leftovers\n|-damage|p2a: Rotom|60\/100 tox|[from] psn\n|-sideend|p1: Maeby Mitenaut|move: Aurora Veil\n|upkeep\n|turn|17\n|\n|t:|1700604586\n|move|p2a: Rotom|Hydro Pump|p1a: Muddy Buddy\n|-supereffective|p1a: Muddy Buddy\n|-crit|p1a: Muddy Buddy\n|-damage|p1a: Muddy Buddy|0 fnt\n|faint|p1a: Muddy Buddy\n|\n|-weather|Snow|[upkeep]\n|-damage|p2a: Rotom|42\/100 tox|[from] psn\n|upkeep\n|c|\u2606Maeby Mitenaut|SHEEEESSH\n|c|\u2606Maeby Mitenaut|i fucked around tho i shouldve tera'd poor muddy budd\n|c|\u26065quephy|Ur veil\n|\n|t:|1700604609\n|switch|p1a: Gritty|Arctozolt, shiny|100\/100\n|turn|18\n|\n|t:|1700604624\n|move|p1a: Gritty|Iron Tail|p2a: Rotom\n|-resisted|p2a: Rotom\n|-damage|p2a: Rotom|33\/100 tox\n|move|p2a: Rotom|Shadow Ball|p1a: Gritty\n|-damage|p1a: Gritty|14\/100\n|-enditem|p1a: Gritty|Aguav Berry|[eat]\n|-heal|p1a: Gritty|47\/100|[from] item: Aguav Berry\n|\n|-weather|none\n|-damage|p2a: Rotom|8\/100 tox|[from] psn\n|upkeep\n|turn|19\n|\n|t:|1700604640\n|move|p2a: Rotom|Shadow Ball|p1a: Gritty\n|-damage|p1a: Gritty|0 fnt\n|faint|p1a: Gritty\n|\n|-damage|p2a: Rotom|0 fnt|[from] psn\n|faint|p2a: Rotom\n|upkeep\n|\n|t:|1700604646\n|switch|p2a: Diancie|Diancie, shiny|100\/100\n|switch|p1a: Bluck Buck|Tapu Koko, shiny|13\/100\n|-fieldstart|move: Electric Terrain|[from] ability: Electric Surge|[of] p1a: Bluck Buck\n|turn|20\n|c|\u26065quephy|Now time for my legend\n|\n|t:|1700604656\n|detailschange|p2a: Diancie|Diancie-Mega, shiny\n|-mega|p2a: Diancie|Diancie|Diancite\n|move|p1a: Bluck Buck|Taunt|p2a: Diancie\n|move|p2a: Diancie|Taunt|p1a: Bluck Buck|[from]ability: Magic Bounce\n|-start|p1a: Bluck Buck|move: Taunt\n|move|p2a: Diancie|Diamond Storm|p1a: Bluck Buck\n|-damage|p1a: Bluck Buck|0 fnt\n|-boost|p2a: Diancie|def|2\n|faint|p1a: Bluck Buck\n|\n|upkeep\n|c|\u2606Maeby Mitenaut|that bounce is so good lmaoo\n|c|\u26065quephy|Fr\n|c|\u26065quephy|I feel like its forgoten way to much\n|\n|t:|1700604703\n|switch|p1a: M'Boi|Raichu-Alola, F, shiny|100\/100\n|turn|21\n|\n|t:|1700604709\n|move|p1a: M'Boi|Surf|p2a: Diancie\n|-supereffective|p2a: Diancie\n|-damage|p2a: Diancie|23\/100\n|move|p2a: Diancie|Diamond Storm|p1a: M'Boi\n|-damage|p1a: M'Boi|10\/100\n|\n|upkeep\n|turn|22\n|\n|t:|1700604715\n|move|p1a: M'Boi|Surf|p2a: Diancie\n|-supereffective|p2a: Diancie\n|-damage|p2a: Diancie|0 fnt\n|faint|p2a: Diancie\n|\n|upkeep\n|\n|t:|1700604717\n|switch|p2a: Kommo-o|Kommo-o, F|100\/100\n|turn|23\n|\n|t:|1700604725\n|-zpower|p1a: M'Boi\n|move|p1a: M'Boi|Stoked Sparksurfer|p2a: Kommo-o|[zeffect]\n|-resisted|p2a: Kommo-o\n|-damage|p2a: Kommo-o|40\/100\n|-status|p2a: Kommo-o|par\n|move|p2a: Kommo-o|Iron Head|p1a: M'Boi\n|-resisted|p1a: M'Boi\n|-damage|p1a: M'Boi|0 fnt\n|faint|p1a: M'Boi\n|\n|upkeep\n|c|\u26065quephy|Ow\n|\n|t:|1700604736\n|switch|p1a: Big Pap\u00ed|Iron Hands|43\/100\n|-activate|p1a: Big Pap\u00ed|ability: Quark Drive\n|-start|p1a: Big Pap\u00ed|quarkdriveatk\n|turn|24\n|c|\u2606Maeby Mitenaut|idkkkk thooo\n|c|\u26065quephy|Now my z move\n|\n|t:|1700604750\n|-terastallize|p1a: Big Pap\u00ed|Fighting\n|cant|p2a: Kommo-o|par\n|move|p1a: Big Pap\u00ed|Drain Punch|p2a: Kommo-o\n|-damage|p2a: Kommo-o|0 fnt\n|-heal|p1a: Big Pap\u00ed|54\/100|[from] drain|[of] p2a: Kommo-o\n|faint|p2a: Kommo-o\n|\n|-fieldend|move: Electric Terrain\n|-end|p1a: Big Pap\u00ed|Quark Drive\n|upkeep\n|c|\u26065quephy|Nvm\n|c|\u2606Maeby Mitenaut|woowwww\n|\n|t:|1700604761\n|switch|p2a: Hatterene|Hatterene, F, shiny|55\/100\n|turn|25\n|c|\u2606Maeby Mitenaut|most clutch paralyze\n|c|\u26065quephy|Gg\n|c|\u26065quephy|Only atking move if a fire move\n|c|\u2606Maeby Mitenaut|gg indeed ! you're team is fierce\n|c|\u26065quephy|Yeah\n|\n|t:|1700604803\n|move|p1a: Big Pap\u00ed|Earthquake|p2a: Hatterene\n|-damage|p2a: Hatterene|8\/100\n|move|p2a: Hatterene|Mystical Fire|p1a: Big Pap\u00ed\n|-damage|p1a: Big Pap\u00ed|39\/100\n|-unboost|p1a: Big Pap\u00ed|spa|1\n|\n|upkeep\n|turn|26\n|c|\u26065quephy|See swoobat is suposed to calm mind with simple than stored power sweep\n|c|\u2606Maeby Mitenaut|imma send a friend request - reach out sometime if ya ever wanna workshop your team\n|\n|t:|1700604829\n|move|p1a: Big Pap\u00ed|Earthquake|p2a: Hatterene\n|-damage|p2a: Hatterene|0 fnt\n|faint|p2a: Hatterene\n|\n|win|Maeby Mitenaut\n|l|\u26065quephy\n|c|\u2606Maeby Mitenaut|yeah that switch in was unkind to ya that one - i tend to go speed too and electric so the flying is not optimal against this rendition of my team\n|c|\u2606Maeby Mitenaut|but totes wouldve crushed my others\n","uploadtime":1700604879,"views":3,"p1id":"maebymitenaut","p2id":"5quephy","formatid":"gen9nationaldex","rating":0,"private":0,"password":""}