{"id":"gen9nationaldex-1988697211","p1":"AerBlaziken","p2":"Brr97","format":"[Gen 9] National Dex","log":"|j|\u2606AerBlaziken\n|j|\u2606Brr97\n|t:|1699751914\n|gametype|singles\n|player|p1|AerBlaziken|hexmaniac-gen6|1286\n|player|p2|Brr97|unknown|1388\n|teamsize|p1|6\n|teamsize|p2|6\n|gen|9\n|tier|[Gen 9] National Dex\n|rated|\n|rule|HP Percentage Mod: HP is shown in percentages\n|rule|Endless Battle Clause: Forcing endless battles is banned\n|rule|OHKO Clause: OHKO moves are banned\n|rule|Evasion Clause: Evasion abilities, items, and moves are banned\n|rule|Evasion Abilities Clause: Evasion abilities are banned\n|rule|Evasion Items Clause: Evasion items are banned\n|rule|Evasion Moves Clause: Evasion moves are banned\n|rule|Species Clause: Limit one of each Pok\u00e9mon\n|rule|Sleep Clause Mod: Limit one foe put to sleep\n|clearpoke\n|poke|p1|Ogerpon-Wellspring, F|\n|poke|p1|Jirachi|\n|poke|p1|Cinderace, M|\n|poke|p1|Banette, M|\n|poke|p1|Thundurus-Therian, M|\n|poke|p1|Ninetales-Alola, F|\n|poke|p2|Swampert, M|\n|poke|p2|Greninja-*, M|\n|poke|p2|Urshifu-*, F|\n|poke|p2|Araquanid, M|\n|poke|p2|Pelipper, M|\n|poke|p2|Blastoise, M|\n|teampreview\n|inactive|Battle timer is ON: inactive players will automatically lose when time's up. (requested by Brr97)\n|inactive|AerBlaziken has 120 seconds left.\n|\n|t:|1699751950\n|start\n|switch|p1a: Kiriko|Ninetales-Alola, F, shiny|100\/100\n|switch|p2a: Greninja|Greninja, M|100\/100\n|-weather|Snow|[from] ability: Snow Warning|[of] p1a: Kiriko\n|turn|1\n|\n|t:|1699751955\n|-terastallize|p2a: Greninja|Water\n|move|p2a: Greninja|Surf|p1a: Kiriko\n|-damage|p1a: Kiriko|0 fnt\n|faint|p1a: Kiriko\n|\n|-weather|Snow|[upkeep]\n|upkeep\n|\n|t:|1699751964\n|switch|p1a: Naboo|Ogerpon-Wellspring, F|100\/100\n|turn|2\n|\n|t:|1699751968\n|switch|p2a: Pelipper|Pelipper, M|100\/100\n|-weather|RainDance|[from] ability: Drizzle|[of] p2a: Pelipper\n|move|p1a: Naboo|Trailblaze|p2a: Pelipper\n|-damage|p2a: Pelipper|80\/100\n|-boost|p1a: Naboo|spe|1\n|\n|-weather|RainDance|[upkeep]\n|upkeep\n|turn|3\n|\n|t:|1699751981\n|switch|p1a: zeus\u2026ZEUS!|Thundurus-Therian, M, shiny|100\/100\n|move|p2a: Pelipper|Hurricane|p1a: zeus\u2026ZEUS!\n|-resisted|p1a: zeus\u2026ZEUS!\n|-damage|p1a: zeus\u2026ZEUS!|75\/100\n|\n|-weather|RainDance|[upkeep]\n|upkeep\n|turn|4\n|\n|t:|1699751990\n|switch|p2a: Swampert|Swampert, M|100\/100\n|move|p1a: zeus\u2026ZEUS!|Nasty Plot|p1a: zeus\u2026ZEUS!\n|-boost|p1a: zeus\u2026ZEUS!|spa|2\n|\n|-weather|RainDance|[upkeep]\n|upkeep\n|turn|5\n|\n|t:|1699751992\n|detailschange|p2a: Swampert|Swampert-Mega, M\n|-mega|p2a: Swampert|Swampert|Swampertite\n|move|p2a: Swampert|Ice Punch|p1a: zeus\u2026ZEUS!\n|-supereffective|p1a: zeus\u2026ZEUS!\n|-damage|p1a: zeus\u2026ZEUS!|0 fnt\n|faint|p1a: zeus\u2026ZEUS!\n|\n|-weather|RainDance|[upkeep]\n|upkeep\n|\n|t:|1699751997\n|switch|p1a: Naboo|Ogerpon-Wellspring, F|100\/100\n|turn|6\n|\n|t:|1699752003\n|switch|p2a: Araquanid|Araquanid, M|100\/100\n|move|p1a: Naboo|Trailblaze|p2a: Araquanid\n|-crit|p2a: Araquanid\n|-damage|p2a: Araquanid|49\/100\n|-boost|p1a: Naboo|spe|1\n|\n|-weather|RainDance|[upkeep]\n|-heal|p2a: Araquanid|56\/100|[from] item: Leftovers\n|upkeep\n|turn|7\n|\n|t:|1699752016\n|-terastallize|p1a: Naboo|Water\n|detailschange|p1a: Naboo|Ogerpon-Wellspring-Tera, F, tera:Water\n|-ability|p1a: Naboo|Embody Aspect (Wellspring)|boost\n|-boost|p1a: Naboo|spd|1\n|move|p1a: Naboo|Swords Dance|p1a: Naboo\n|-boost|p1a: Naboo|atk|2\n|move|p2a: Araquanid|Toxic|p1a: Naboo\n|-status|p1a: Naboo|tox\n|\n|-weather|RainDance|[upkeep]\n|-heal|p2a: Araquanid|62\/100|[from] item: Leftovers\n|-damage|p1a: Naboo|95\/100 tox|[from] psn\n|upkeep\n|turn|8\n|\n|t:|1699752019\n|move|p1a: Naboo|Trailblaze|p2a: Araquanid\n|-damage|p2a: Araquanid|0 fnt\n|-boost|p1a: Naboo|spe|1\n|faint|p2a: Araquanid\n|\n|-weather|RainDance|[upkeep]\n|-damage|p1a: Naboo|83\/100 tox|[from] psn\n|upkeep\n|\n|t:|1699752026\n|switch|p2a: Pelipper|Pelipper, M|80\/100\n|turn|9\n|\n|t:|1699752031\n|move|p1a: Naboo|Ivy Cudgel|p2a: Pelipper\n|-resisted|p2a: Pelipper\n|-damage|p2a: Pelipper|0 fnt\n|faint|p2a: Pelipper\n|\n|-weather|none\n|-damage|p1a: Naboo|65\/100 tox|[from] psn\n|upkeep\n|\n|t:|1699752042\n|switch|p2a: Urshifu|Urshifu-Rapid-Strike, F|100\/100\n|turn|10\n|\n|t:|1699752046\n|move|p2a: Urshifu|Aqua Jet|p1a: Naboo\n|-resisted|p1a: Naboo\n|-damage|p1a: Naboo|52\/100 tox\n|move|p1a: Naboo|Trailblaze|p2a: Urshifu\n|-supereffective|p2a: Urshifu\n|-damage|p2a: Urshifu|0 fnt\n|-boost|p1a: Naboo|spe|1\n|faint|p2a: Urshifu\n|\n|-damage|p1a: Naboo|28\/100 tox|[from] psn\n|upkeep\n|\n|t:|1699752054\n|switch|p2a: Swampert|Swampert-Mega, M|100\/100\n|turn|11\n|\n|t:|1699752060\n|move|p1a: Naboo|Trailblaze|p2a: Swampert\n|-supereffective|p2a: Swampert\n|-damage|p2a: Swampert|0 fnt\n|-boost|p1a: Naboo|spe|1\n|faint|p2a: Swampert\n|\n|-damage|p1a: Naboo|0 fnt|[from] psn\n|faint|p1a: Naboo\n|upkeep\n|\n|t:|1699752082\n|switch|p1a: Luma|Jirachi, shiny|100\/100\n|switch|p2a: Greninja|Greninja, M, tera:Water|100\/100\n|turn|12\n|\n|t:|1699752087\n|move|p2a: Greninja|Surf|p1a: Luma\n|-damage|p1a: Luma|29\/100\n|move|p1a: Luma|Thunder Wave|p2a: Greninja\n|-status|p2a: Greninja|par\n|\n|-heal|p1a: Luma|35\/100|[from] item: Leftovers\n|upkeep\n|turn|13\n|\n|t:|1699752093\n|move|p1a: Luma|Future Sight|p2a: Greninja\n|-start|p1a: Luma|move: Future Sight\n|move|p2a: Greninja|Surf|p1a: Luma\n|-crit|p1a: Luma\n|-damage|p1a: Luma|0 fnt\n|faint|p1a: Luma\n|\n|upkeep\n|\n|t:|1699752103\n|switch|p1a: Cinnamon|Cinderace, M|100\/100\n|turn|14\n|\n|t:|1699752107\n|move|p1a: Cinnamon|Gunk Shot|p2a: Greninja\n|-start|p1a: Cinnamon|typechange|Poison|[from] ability: Libero\n|-damage|p2a: Greninja|0 fnt\n|faint|p2a: Greninja\n|\n|upkeep\n|\n|t:|1699752111\n|switch|p2a: Blastoise|Blastoise, M, shiny|100\/100\n|turn|15\n|\n|t:|1699752116\n|move|p1a: Cinnamon|Gunk Shot|p2a: Blastoise\n|-damage|p2a: Blastoise|30\/100\n|move|p2a: Blastoise|Shell Smash|p2a: Blastoise\n|-unboost|p2a: Blastoise|def|1\n|-unboost|p2a: Blastoise|spd|1\n|-boost|p2a: Blastoise|atk|2\n|-boost|p2a: Blastoise|spa|2\n|-boost|p2a: Blastoise|spe|2\n|-enditem|p2a: Blastoise|White Herb\n|-clearnegativeboost|p2a: Blastoise|[silent]\n|\n|-end|p2a: Blastoise|move: Future Sight\n|-damage|p2a: Blastoise|0 fnt\n|faint|p2a: Blastoise\n|\n|win|AerBlaziken\n|upkeep\n|raw|AerBlaziken's rating: 1286 &rarr; <strong>1318<\/strong><br \/>(+32 for winning)\n|raw|Brr97's rating: 1388 &rarr; <strong>1362<\/strong><br \/>(-26 for losing)\n|l|\u2606Brr97\n","uploadtime":1699752129,"views":6,"p1id":"aerblaziken","p2id":"brr97","formatid":"gen9nationaldex","rating":1318,"private":0,"password":""}