{"id":"gen9nationaldex-1999437639","p1":"15fpsguy","p2":"chuyuejd","format":"[Gen 9] National Dex","log":"|html|<div class=\"broadcast-blue\"><strong>[Gen 9] National Dex is currently suspecting Sneasler! For information on how to participate check out the <a href=\"https:\/\/www.smogon.com\/forums\/threads\/sv-national-dex-suspect-8-just-dance.3731534\/\">suspect thread<\/a>.<\/strong><\/div>\n|j|\u260615fpsguy\n|j|\u2606chuyuejd\n|t:|1701080435\n|gametype|singles\n|player|p1|15fpsguy|1|1249\n|player|p2|chuyuejd|smasher|1164\n|teamsize|p1|6\n|teamsize|p2|6\n|gen|9\n|tier|[Gen 9] National Dex\n|rated|\n|rule|HP Percentage Mod: HP is shown in percentages\n|rule|Endless Battle Clause: Forcing endless battles is banned\n|rule|OHKO Clause: OHKO moves are banned\n|rule|Evasion Clause: Evasion abilities, items, and moves are banned\n|rule|Evasion Abilities Clause: Evasion abilities are banned\n|rule|Evasion Items Clause: Evasion items are banned\n|rule|Evasion Moves Clause: Evasion moves are banned\n|rule|Species Clause: Limit one of each Pok\u00e9mon\n|rule|Sleep Clause Mod: Limit one foe put to sleep\n|clearpoke\n|poke|p1|Blaziken, F|\n|poke|p1|Charizard, M|\n|poke|p1|Volcarona, M|\n|poke|p1|Clodsire, F|\n|poke|p1|Dragonite, M|\n|poke|p1|Urshifu-*, F|\n|poke|p2|Gliscor, F|\n|poke|p2|Alomomola, F|\n|poke|p2|Garganacl, M|\n|poke|p2|Aegislash, F|\n|poke|p2|Scizor, M|\n|poke|p2|Skeledirge, M|\n|teampreview\n|inactive|Battle timer is ON: inactive players will automatically lose when time's up. (requested by chuyuejd)\n|\n|t:|1701080440\n|start\n|switch|p1a: Charizard|Charizard, M|100\/100\n|switch|p2a: Garganacl|Garganacl, M|100\/100\n|turn|1\n|\n|t:|1701080451\n|detailschange|p1a: Charizard|Charizard-Mega-Y, M\n|-mega|p1a: Charizard|Charizard|Charizardite Y\n|-weather|SunnyDay|[from] ability: Drought|[of] p1a: Charizard\n|-terastallize|p2a: Garganacl|Ghost\n|move|p1a: Charizard|Scorching Sands|p2a: Garganacl\n|-damage|p2a: Garganacl|78\/100\n|move|p2a: Garganacl|Stealth Rock|p1a: Charizard\n|-sidestart|p1: 15fpsguy|move: Stealth Rock\n|\n|-weather|SunnyDay|[upkeep]\n|upkeep\n|turn|2\n|\n|t:|1701080464\n|switch|p1a: Clodsire|Clodsire, F|100\/100\n|-damage|p1a: Clodsire|94\/100|[from] Stealth Rock\n|move|p2a: Garganacl|Recover|p2a: Garganacl\n|-heal|p2a: Garganacl|100\/100\n|\n|-weather|SunnyDay|[upkeep]\n|-heal|p1a: Clodsire|100\/100|[from] item: Leftovers\n|upkeep\n|turn|3\n|\n|t:|1701080477\n|switch|p2a: Gliscor|Gliscor, F|100\/100\n|move|p1a: Clodsire|Toxic Spikes|p2a: Gliscor\n|-sidestart|p2: chuyuejd|move: Toxic Spikes\n|\n|-weather|SunnyDay|[upkeep]\n|-status|p2a: Gliscor|tox|[from] item: Toxic Orb\n|upkeep\n|turn|4\n|\n|t:|1701080495\n|switch|p1a: Volcarona|Volcarona, M|100\/100\n|move|p2a: Gliscor|Earthquake|p1a: Volcarona\n|-damage|p1a: Volcarona|47\/100\n|\n|-weather|SunnyDay|[upkeep]\n|upkeep\n|turn|5\n|\n|t:|1701080509\n|move|p1a: Volcarona|Fiery Dance|p2a: Gliscor\n|-damage|p2a: Gliscor|41\/100 tox\n|move|p2a: Gliscor|Spikes|p1a: Volcarona\n|-sidestart|p1: 15fpsguy|Spikes\n|\n|-weather|none\n|-heal|p2a: Gliscor|53\/100 tox|[from] ability: Poison Heal\n|upkeep\n|turn|6\n|\n|t:|1701080520\n|move|p2a: Gliscor|Protect|p2a: Gliscor\n|-singleturn|p2a: Gliscor|Protect\n|move|p1a: Volcarona|Fiery Dance|p2a: Gliscor\n|-activate|p2a: Gliscor|move: Protect\n|\n|-heal|p2a: Gliscor|66\/100 tox|[from] ability: Poison Heal\n|upkeep\n|turn|7\n|\n|t:|1701080530\n|move|p1a: Volcarona|Fiery Dance|p2a: Gliscor\n|-damage|p2a: Gliscor|25\/100 tox\n|move|p2a: Gliscor|Spikes|p1a: Volcarona\n|-sidestart|p1: 15fpsguy|Spikes\n|\n|-heal|p2a: Gliscor|37\/100 tox|[from] ability: Poison Heal\n|upkeep\n|turn|8\n|\n|t:|1701080542\n|move|p2a: Gliscor|Protect|p2a: Gliscor\n|-singleturn|p2a: Gliscor|Protect\n|move|p1a: Volcarona|Quiver Dance|p1a: Volcarona\n|-boost|p1a: Volcarona|spa|1\n|-boost|p1a: Volcarona|spd|1\n|-boost|p1a: Volcarona|spe|1\n|\n|-heal|p2a: Gliscor|50\/100 tox|[from] ability: Poison Heal\n|upkeep\n|turn|9\n|\n|t:|1701080549\n|switch|p2a: Skeledirge|Skeledirge, M|100\/100\n|move|p1a: Volcarona|Fiery Dance|p2a: Skeledirge\n|-resisted|p2a: Skeledirge\n|-damage|p2a: Skeledirge|84\/100\n|\n|upkeep\n|turn|10\n|\n|t:|1701080562\n|switch|p1a: Clodsire|Clodsire, F|100\/100\n|-damage|p1a: Clodsire|94\/100|[from] Stealth Rock\n|-damage|p1a: Clodsire|78\/100|[from] Spikes\n|move|p2a: Skeledirge|Slack Off|p2a: Skeledirge\n|-heal|p2a: Skeledirge|100\/100\n|\n|-heal|p1a: Clodsire|84\/100|[from] item: Leftovers\n|upkeep\n|turn|11\n|\n|t:|1701080571\n|switch|p2a: Gliscor|Gliscor, F|50\/100 tox\n|move|p1a: Clodsire|Spikes|p2a: Gliscor\n|-sidestart|p2: chuyuejd|Spikes\n|\n|-heal|p1a: Clodsire|90\/100|[from] item: Leftovers\n|-heal|p2a: Gliscor|62\/100 tox|[from] ability: Poison Heal\n|upkeep\n|turn|12\n|\n|t:|1701080579\n|switch|p1a: Dragonite|Dragonite, M|100\/100\n|move|p2a: Gliscor|Spikes|p1a: Dragonite\n|-sidestart|p1: 15fpsguy|Spikes\n|\n|-heal|p2a: Gliscor|75\/100 tox|[from] ability: Poison Heal\n|upkeep\n|turn|13\n|\n|t:|1701080586\n|move|p2a: Gliscor|U-turn|p1a: Dragonite\n|-resisted|p1a: Dragonite\n|-damage|p1a: Dragonite|98\/100\n|\n|t:|1701080593\n|switch|p2a: Aegislash|Aegislash, F|100\/100|[from] U-turn\n|-damage|p2a: Aegislash|88\/100|[from] Spikes\n|move|p1a: Dragonite|Ice Beam|p2a: Aegislash\n|-resisted|p2a: Aegislash\n|-damage|p2a: Aegislash|80\/100\n|\n|-heal|p2a: Aegislash|87\/100|[from] item: Leftovers\n|upkeep\n|turn|14\n|\n|t:|1701080601\n|move|p2a: Aegislash|Substitute|p2a: Aegislash\n|-start|p2a: Aegislash|Substitute\n|-damage|p2a: Aegislash|62\/100\n|move|p1a: Dragonite|Defog|p2a: Aegislash\n|-sideend|p2: chuyuejd|Spikes|[from] move: Defog|[of] p1a: Dragonite\n|-sideend|p2: chuyuejd|Toxic Spikes|[from] move: Defog|[of] p1a: Dragonite\n|-sideend|p1: 15fpsguy|Spikes|[from] move: Defog|[of] p1a: Dragonite\n|-sideend|p1: 15fpsguy|Stealth Rock|[from] move: Defog|[of] p1a: Dragonite\n|\n|-heal|p2a: Aegislash|68\/100|[from] item: Leftovers\n|upkeep\n|turn|15\n|\n|t:|1701080611\n|-terastallize|p1a: Dragonite|Steel\n|move|p2a: Aegislash|King's Shield|p2a: Aegislash\n|-singleturn|p2a: Aegislash|Protect\n|move|p1a: Dragonite|Earthquake|p2a: Aegislash\n|-activate|p2a: Aegislash|move: Protect\n|\n|-heal|p2a: Aegislash|74\/100|[from] item: Leftovers\n|upkeep\n|turn|16\n|\n|t:|1701080622\n|-formechange|p2a: Aegislash|Aegislash-Blade||[from] ability: Stance Change\n|move|p2a: Aegislash|Shadow Ball|p1a: Dragonite\n|-damage|p1a: Dragonite|62\/100\n|move|p1a: Dragonite|Earthquake|p2a: Aegislash\n|-supereffective|p2a: Aegislash\n|-end|p2a: Aegislash|Substitute\n|\n|-heal|p2a: Aegislash|80\/100|[from] item: Leftovers\n|upkeep\n|turn|17\n|\n|t:|1701080632\n|-formechange|p2a: Aegislash|Aegislash||[from] ability: Stance Change\n|move|p2a: Aegislash|King's Shield|p2a: Aegislash\n|-singleturn|p2a: Aegislash|Protect\n|move|p1a: Dragonite|Roost|p1a: Dragonite\n|-heal|p1a: Dragonite|100\/100\n|\n|-heal|p2a: Aegislash|86\/100|[from] item: Leftovers\n|upkeep\n|turn|18\n|\n|t:|1701080639\n|move|p2a: Aegislash|Substitute|p2a: Aegislash\n|-start|p2a: Aegislash|Substitute\n|-damage|p2a: Aegislash|61\/100\n|move|p1a: Dragonite|Earthquake|p2a: Aegislash\n|-supereffective|p2a: Aegislash\n|-end|p2a: Aegislash|Substitute\n|\n|-heal|p2a: Aegislash|67\/100|[from] item: Leftovers\n|upkeep\n|turn|19\n|\n|t:|1701080653\n|switch|p2a: Scizor|Scizor, M|100\/100\n|move|p1a: Dragonite|Earthquake|p2a: Scizor\n|-damage|p2a: Scizor|75\/100\n|\n|upkeep\n|turn|20\n|\n|t:|1701080659\n|switch|p1a: Volcarona|Volcarona, M|47\/100\n|detailschange|p2a: Scizor|Scizor-Mega, M\n|-mega|p2a: Scizor|Scizor|Scizorite\n|move|p2a: Scizor|Knock Off|p1a: Volcarona\n|-damage|p1a: Volcarona|0 fnt\n|-enditem|p1a: Volcarona|Heavy-Duty Boots|[from] move: Knock Off|[of] p2a: Scizor\n|faint|p1a: Volcarona\n|\n|upkeep\n|\n|t:|1701080670\n|switch|p1a: Charizard|Charizard-Mega-Y, M|100\/100\n|-weather|SunnyDay|[from] ability: Drought|[of] p1a: Charizard\n|turn|21\n|\n|t:|1701080680\n|switch|p2a: Skeledirge|Skeledirge, M|100\/100\n|move|p1a: Charizard|Weather Ball|p2a: Skeledirge\n|-resisted|p2a: Skeledirge\n|-damage|p2a: Skeledirge|66\/100\n|\n|-weather|SunnyDay|[upkeep]\n|upkeep\n|turn|22\n|\n|t:|1701080687\n|move|p1a: Charizard|Scorching Sands|p2a: Skeledirge\n|-supereffective|p2a: Skeledirge\n|-damage|p2a: Skeledirge|23\/100\n|move|p2a: Skeledirge|Slack Off|p2a: Skeledirge\n|-heal|p2a: Skeledirge|73\/100\n|\n|-weather|SunnyDay|[upkeep]\n|upkeep\n|turn|23\n|\n|t:|1701080697\n|switch|p1a: Clodsire|Clodsire, F|90\/100\n|move|p2a: Skeledirge|Slack Off|p2a: Skeledirge\n|-heal|p2a: Skeledirge|100\/100\n|\n|-weather|SunnyDay|[upkeep]\n|-heal|p1a: Clodsire|96\/100|[from] item: Leftovers\n|upkeep\n|turn|24\n|\n|t:|1701080719\n|move|p2a: Skeledirge|Will-O-Wisp|p1a: Clodsire|[miss]\n|-miss|p2a: Skeledirge|p1a: Clodsire\n|move|p1a: Clodsire|Spikes|p2a: Skeledirge\n|-sidestart|p2: chuyuejd|Spikes\n|\n|-weather|SunnyDay|[upkeep]\n|-heal|p1a: Clodsire|100\/100|[from] item: Leftovers\n|upkeep\n|turn|25\n|\n|t:|1701080733\n|move|p2a: Skeledirge|Will-O-Wisp|p1a: Clodsire\n|-status|p1a: Clodsire|brn\n|move|p1a: Clodsire|Earthquake|p2a: Skeledirge\n|-supereffective|p2a: Skeledirge\n|-damage|p2a: Skeledirge|79\/100\n|\n|-weather|none\n|-damage|p1a: Clodsire|94\/100 brn|[from] brn\n|upkeep\n|turn|26\n|\n|t:|1701080741\n|move|p2a: Skeledirge|Hex|p1a: Clodsire\n|-damage|p1a: Clodsire|68\/100 brn\n|move|p1a: Clodsire|Toxic Spikes|p2a: Skeledirge\n|-sidestart|p2: chuyuejd|move: Toxic Spikes\n|\n|-heal|p1a: Clodsire|74\/100 brn|[from] item: Leftovers\n|-damage|p1a: Clodsire|68\/100 brn|[from] brn\n|upkeep\n|turn|27\n|\n|t:|1701080748\n|switch|p1a: Urshifu|Urshifu-Rapid-Strike, F|100\/100\n|move|p2a: Skeledirge|Hex|p1a: Urshifu\n|-damage|p1a: Urshifu|61\/100\n|\n|upkeep\n|turn|28\n|\n|t:|1701080758\n|switch|p2a: Scizor|Scizor-Mega, M|75\/100\n|-damage|p2a: Scizor|62\/100|[from] Spikes\n|move|p1a: Urshifu|Surging Strikes|p2a: Scizor\n|-crit|p2a: Scizor\n|-damage|p2a: Scizor|48\/100\n|-crit|p2a: Scizor\n|-damage|p2a: Scizor|33\/100\n|-crit|p2a: Scizor\n|-damage|p2a: Scizor|19\/100\n|-hitcount|p2a: Scizor|3\n|\n|upkeep\n|turn|29\n|\n|t:|1701080768\n|switch|p2a: Alomomola|Alomomola, F|100\/100\n|move|p1a: Urshifu|Surging Strikes|p2a: Alomomola\n|-resisted|p2a: Alomomola\n|-crit|p2a: Alomomola\n|-damage|p2a: Alomomola|95\/100\n|-resisted|p2a: Alomomola\n|-crit|p2a: Alomomola\n|-damage|p2a: Alomomola|91\/100\n|-resisted|p2a: Alomomola\n|-crit|p2a: Alomomola\n|-damage|p2a: Alomomola|86\/100\n|-hitcount|p2a: Alomomola|3\n|\n|upkeep\n|turn|30\n|\n|t:|1701080784\n|switch|p1a: Clodsire|Clodsire, F|68\/100 brn\n|move|p2a: Alomomola|Toxic||[still]\n|-fail|p2a: Alomomola\n|\n|-heal|p1a: Clodsire|74\/100 brn|[from] item: Leftovers\n|-damage|p1a: Clodsire|68\/100 brn|[from] brn\n|upkeep\n|turn|31\n|\n|t:|1701080795\n|move|p2a: Alomomola|Wish|p2a: Alomomola\n|move|p1a: Clodsire|Spikes|p2a: Alomomola\n|-sidestart|p2: chuyuejd|Spikes\n|\n|-heal|p1a: Clodsire|74\/100 brn|[from] item: Leftovers\n|-damage|p1a: Clodsire|68\/100 brn|[from] brn\n|upkeep\n|turn|32\n|\n|t:|1701080801\n|switch|p2a: Scizor|Scizor-Mega, M|19\/100\n|-damage|p2a: Scizor|2\/100|[from] Spikes\n|switch|p1a: Blaziken|Blaziken, F|100\/100\n|\n|-heal|p2a: Scizor|80\/100|[from] move: Wish|[wisher] Alomomola\n|upkeep\n|turn|33\n|\n|t:|1701080821\n|switch|p2a: Garganacl|Garganacl, M, tera:Ghost|100\/100\n|move|p1a: Blaziken|Protect||[still]\n|-fail|p1a: Blaziken\n|\n|-ability|p1a: Blaziken|Speed Boost|boost\n|-boost|p1a: Blaziken|spe|1\n|upkeep\n|turn|34\n|\n|t:|1701080827\n|move|p1a: Blaziken|Swords Dance|p1a: Blaziken\n|-boost|p1a: Blaziken|atk|2\n|move|p2a: Garganacl|Stealth Rock|p1a: Blaziken\n|-sidestart|p1: 15fpsguy|move: Stealth Rock\n|\n|-ability|p1a: Blaziken|Speed Boost|boost\n|-boost|p1a: Blaziken|spe|1\n|upkeep\n|turn|35\n|\n|t:|1701080838\n|move|p1a: Blaziken|Protect|p1a: Blaziken\n|-singleturn|p1a: Blaziken|Protect\n|move|p2a: Garganacl|Salt Cure|p1a: Blaziken\n|-activate|p1a: Blaziken|move: Protect\n|\n|-ability|p1a: Blaziken|Speed Boost|boost\n|-boost|p1a: Blaziken|spe|1\n|upkeep\n|turn|36\n|\n|t:|1701080846\n|move|p1a: Blaziken|Flare Blitz|p2a: Garganacl\n|-damage|p2a: Garganacl|0 fnt\n|faint|p2a: Garganacl\n|-damage|p1a: Blaziken|58\/100|[from] Recoil\n|-damage|p1a: Blaziken|48\/100|[from] item: Life Orb\n|\n|-ability|p1a: Blaziken|Speed Boost|boost\n|-boost|p1a: Blaziken|spe|1\n|upkeep\n|\n|t:|1701080851\n|switch|p2a: Aegislash|Aegislash, F|67\/100\n|-damage|p2a: Aegislash|51\/100|[from] Spikes\n|turn|37\n|\n|t:|1701080857\n|move|p1a: Blaziken|Protect|p1a: Blaziken\n|-singleturn|p1a: Blaziken|Protect\n|move|p2a: Aegislash|King's Shield||[still]\n|-fail|p2a: Aegislash\n|\n|-heal|p2a: Aegislash|57\/100|[from] item: Leftovers\n|-ability|p1a: Blaziken|Speed Boost|boost\n|-boost|p1a: Blaziken|spe|1\n|upkeep\n|turn|38\n|\n|t:|1701080865\n|switch|p2a: Alomomola|Alomomola, F|100\/100\n|move|p1a: Blaziken|Flare Blitz|p2a: Alomomola\n|-resisted|p2a: Alomomola\n|-damage|p2a: Alomomola|56\/100\n|-damage|p1a: Blaziken|21\/100|[from] Recoil\n|-damage|p1a: Blaziken|11\/100|[from] item: Life Orb\n|\n|-ability|p1a: Blaziken|Speed Boost|boost\n|-boost|p1a: Blaziken|spe|1\n|upkeep\n|turn|39\n|\n|t:|1701080879\n|move|p1a: Blaziken|Close Combat|p2a: Alomomola\n|-damage|p2a: Alomomola|0 fnt\n|-unboost|p1a: Blaziken|def|1\n|-unboost|p1a: Blaziken|spd|1\n|faint|p2a: Alomomola\n|-damage|p1a: Blaziken|1\/100|[from] item: Life Orb\n|\n|upkeep\n|\n|t:|1701080886\n|switch|p2a: Scizor|Scizor-Mega, M|80\/100\n|-damage|p2a: Scizor|63\/100|[from] Spikes\n|turn|40\n|\n|t:|1701080890\n|move|p2a: Scizor|Bullet Punch|p1a: Blaziken\n|-resisted|p1a: Blaziken\n|-damage|p1a: Blaziken|0 fnt\n|faint|p1a: Blaziken\n|\n|upkeep\n|\n|t:|1701080897\n|switch|p1a: Dragonite|Dragonite, M, tera:Steel|100\/100\n|turn|41\n|\n|t:|1701080906\n|move|p2a: Scizor|Knock Off|p1a: Dragonite\n|-damage|p1a: Dragonite|90\/100\n|-enditem|p1a: Dragonite|Heavy-Duty Boots|[from] move: Knock Off|[of] p2a: Scizor\n|move|p1a: Dragonite|Defog|p2a: Scizor\n|-unboost|p2a: Scizor|evasion|1\n|-sideend|p2: chuyuejd|Spikes|[from] move: Defog|[of] p1a: Dragonite\n|-sideend|p2: chuyuejd|Toxic Spikes|[from] move: Defog|[of] p1a: Dragonite\n|-sideend|p1: 15fpsguy|Stealth Rock|[from] move: Defog|[of] p1a: Dragonite\n|\n|upkeep\n|turn|42\n|\n|t:|1701080913\n|move|p2a: Scizor|Roost|p2a: Scizor\n|-heal|p2a: Scizor|100\/100\n|-singleturn|p2a: Scizor|move: Roost\n|move|p1a: Dragonite|Earthquake|p2a: Scizor\n|-damage|p2a: Scizor|79\/100\n|\n|upkeep\n|turn|43\n|\n|t:|1701080920\n|switch|p2a: Gliscor|Gliscor, F|75\/100 tox\n|move|p1a: Dragonite|Roost|p1a: Dragonite\n|-heal|p1a: Dragonite|100\/100\n|\n|-heal|p2a: Gliscor|87\/100 tox|[from] ability: Poison Heal\n|upkeep\n|turn|44\n|\n|t:|1701080927\n|move|p2a: Gliscor|Spikes|p1a: Dragonite\n|-sidestart|p1: 15fpsguy|Spikes\n|move|p1a: Dragonite|Ice Beam|p2a: Gliscor\n|-supereffective|p2a: Gliscor\n|-damage|p2a: Gliscor|19\/100 tox\n|\n|-heal|p2a: Gliscor|31\/100 tox|[from] ability: Poison Heal\n|upkeep\n|turn|45\n|\n|t:|1701080935\n|move|p2a: Gliscor|Protect|p2a: Gliscor\n|-singleturn|p2a: Gliscor|Protect\n|move|p1a: Dragonite|Ice Beam|p2a: Gliscor\n|-activate|p2a: Gliscor|move: Protect\n|\n|-heal|p2a: Gliscor|44\/100 tox|[from] ability: Poison Heal\n|upkeep\n|turn|46\n|\n|t:|1701080947\n|switch|p2a: Skeledirge|Skeledirge, M|79\/100\n|move|p1a: Dragonite|Ice Beam|p2a: Skeledirge\n|-resisted|p2a: Skeledirge\n|-damage|p2a: Skeledirge|71\/100\n|\n|upkeep\n|turn|47\n|\n|t:|1701080955\n|move|p2a: Skeledirge|Torch Song|p1a: Dragonite\n|-supereffective|p1a: Dragonite\n|-damage|p1a: Dragonite|74\/100\n|-boost|p2a: Skeledirge|spa|1\n|move|p1a: Dragonite|Earthquake|p2a: Skeledirge\n|-supereffective|p2a: Skeledirge\n|-crit|p2a: Skeledirge\n|-damage|p2a: Skeledirge|1\/100\n|\n|upkeep\n|turn|48\n|\n|t:|1701080975\n|switch|p1a: Urshifu|Urshifu-Rapid-Strike, F|61\/100\n|-damage|p1a: Urshifu|49\/100|[from] Spikes\n|move|p2a: Skeledirge|Slack Off|p2a: Skeledirge\n|-heal|p2a: Skeledirge|51\/100\n|\n|upkeep\n|turn|49\n|\n|t:|1701080986\n|switch|p2a: Aegislash|Aegislash, F|57\/100\n|move|p1a: Urshifu|Surging Strikes|p2a: Aegislash\n|-crit|p2a: Aegislash\n|-damage|p2a: Aegislash|41\/100\n|-crit|p2a: Aegislash\n|-damage|p2a: Aegislash|24\/100\n|-crit|p2a: Aegislash\n|-damage|p2a: Aegislash|9\/100\n|-hitcount|p2a: Aegislash|3\n|\n|-heal|p2a: Aegislash|15\/100|[from] item: Leftovers\n|upkeep\n|turn|50\n|\n|t:|1701080996\n|move|p2a: Aegislash|King's Shield|p2a: Aegislash\n|-singleturn|p2a: Aegislash|Protect\n|move|p1a: Urshifu|Surging Strikes|p2a: Aegislash\n|-crit|p2a: Aegislash\n|-damage|p2a: Aegislash|0 fnt\n|faint|p2a: Aegislash\n|-hitcount|p2: Aegislash|1\n|\n|upkeep\n|\n|t:|1701081003\n|switch|p2a: Scizor|Scizor-Mega, M|79\/100\n|turn|51\n|\n|t:|1701081010\n|switch|p1a: Charizard|Charizard-Mega-Y, M|100\/100\n|-weather|SunnyDay|[from] ability: Drought|[of] p1a: Charizard\n|move|p2a: Scizor|Knock Off|p1a: Charizard\n|-damage|p1a: Charizard|76\/100\n|\n|-weather|SunnyDay|[upkeep]\n|upkeep\n|turn|52\n|\n|t:|1701081019\n|switch|p2a: Skeledirge|Skeledirge, M|51\/100\n|move|p1a: Charizard|Weather Ball|p2a: Skeledirge\n|-resisted|p2a: Skeledirge\n|-damage|p2a: Skeledirge|13\/100\n|\n|-weather|SunnyDay|[upkeep]\n|upkeep\n|turn|53\n|-message|chuyuejd forfeited.\n|\n|win|15fpsguy\n|raw|15fpsguy's rating: 1249 &rarr; <strong>1268<\/strong><br \/>(+19 for winning)\n|raw|chuyuejd's rating: 1164 &rarr; <strong>1145<\/strong><br \/>(-19 for losing)\n|l|\u2606chuyuejd\n","uploadtime":1701081031,"views":5,"p1id":"15fpsguy","p2id":"chuyuejd","formatid":"gen9nationaldex","rating":1145,"private":0,"password":""}