{"id":"gen9nationaldex-1992609834","p1":"Tukitiko","p2":"Lajonnne","format":"[Gen 9] National Dex","log":"|j|\u2606Tukitiko\n|j|\u2606Lajonnne\n|t:|1700214231\n|gametype|singles\n|player|p1|Tukitiko|lusamine-nihilego|1096\n|player|p2|Lajonnne|riley|1113\n|teamsize|p1|6\n|teamsize|p2|6\n|gen|9\n|tier|[Gen 9] National Dex\n|rated|\n|rule|HP Percentage Mod: HP is shown in percentages\n|rule|Endless Battle Clause: Forcing endless battles is banned\n|rule|OHKO Clause: OHKO moves are banned\n|rule|Evasion Clause: Evasion abilities, items, and moves are banned\n|rule|Evasion Abilities Clause: Evasion abilities are banned\n|rule|Evasion Items Clause: Evasion items are banned\n|rule|Evasion Moves Clause: Evasion moves are banned\n|rule|Species Clause: Limit one of each Pok\u00e9mon\n|rule|Sleep Clause Mod: Limit one foe put to sleep\n|clearpoke\n|poke|p1|Inteleon, M|\n|poke|p1|Whimsicott, M|\n|poke|p1|Shelgon, M|\n|poke|p1|Alomomola, F|\n|poke|p1|Gumshoos, M|\n|poke|p1|Dudunsparce-*, M|\n|poke|p2|Meowscarada, M|\n|poke|p2|Gengar, M|\n|poke|p2|Rotom-Wash|\n|poke|p2|Iron Valiant|\n|poke|p2|Sneasler, F|\n|poke|p2|Mamoswine, F|\n|teampreview\n|inactive|Battle timer is ON: inactive players will automatically lose when time's up. (requested by Tukitiko)\n|\n|t:|1700214238\n|start\n|switch|p1a: Gumshoos|Gumshoos, M|100\/100\n|switch|p2a: Iron Valiant|Iron Valiant|100\/100\n|-enditem|p2a: Iron Valiant|Booster Energy\n|-activate|p2a: Iron Valiant|ability: Quark Drive|[fromitem]\n|-start|p2a: Iron Valiant|quarkdrivespe\n|turn|1\n|\n|t:|1700214245\n|move|p2a: Iron Valiant|Swords Dance|p2a: Iron Valiant\n|-boost|p2a: Iron Valiant|atk|2\n|move|p1a: Gumshoos|Body Slam|p2a: Iron Valiant\n|-damage|p2a: Iron Valiant|0 fnt\n|faint|p2a: Iron Valiant\n|-end|p2a: Iron Valiant|Quark Drive|[silent]\n|\n|upkeep\n|c|\u2606Lajonnne|what\n|\n|t:|1700214258\n|switch|p2a: fashion|Sneasler, F|100\/100\n|turn|2\n|\n|t:|1700214261\n|move|p2a: fashion|Bulk Up|p2a: fashion\n|-boost|p2a: fashion|atk|1\n|-boost|p2a: fashion|def|1\n|move|p1a: Gumshoos|Body Slam|p2a: fashion\n|-crit|p2a: fashion\n|-enditem|p2a: fashion|Focus Sash\n|-damage|p2a: fashion|1\/100\n|-status|p2a: fashion|par\n|\n|upkeep\n|turn|3\n|c|\u2606Lajonnne|what\n|\n|t:|1700214272\n|move|p2a: fashion|Brick Break|p1a: Gumshoos\n|-supereffective|p1a: Gumshoos\n|-damage|p1a: Gumshoos|0 fnt\n|faint|p1a: Gumshoos\n|\n|upkeep\n|\n|t:|1700214276\n|switch|p1a: Inteleon|Inteleon, M|100\/100\n|turn|4\n|\n|t:|1700214281\n|move|p1a: Inteleon|Fell Stinger|p2a: fashion\n|-resisted|p2a: fashion\n|-damage|p2a: fashion|0 fnt\n|faint|p2a: fashion\n|-boost|p1a: Inteleon|atk|3\n|\n|upkeep\n|\n|t:|1700214294\n|switch|p2a: cask|Meowscarada, M|100\/100\n|turn|5\n|\n|t:|1700214306\n|-terastallize|p1a: Inteleon|Bug\n|move|p2a: cask|Flower Trick|p1a: Inteleon\n|-start|p2a: cask|typechange|Grass|[from] ability: Protean\n|-resisted|p1a: Inteleon\n|-crit|p1a: Inteleon\n|-damage|p1a: Inteleon|52\/100\n|move|p1a: Inteleon|Fell Stinger|p2a: cask\n|-supereffective|p2a: cask\n|-damage|p2a: cask|0 fnt\n|faint|p2a: cask\n|-boost|p1a: Inteleon|atk|3\n|\n|upkeep\n|c|\u2606Lajonnne|GG\n|\n|t:|1700214324\n|switch|p2a: Mamoswine|Mamoswine, F|100\/100\n|turn|6\n|\n|t:|1700214329\n|move|p2a: Mamoswine|Ice Shard|p1a: Inteleon\n|-damage|p1a: Inteleon|0 fnt\n|faint|p1a: Inteleon\n|\n|upkeep\n|c|\u2606Lajonnne|what is fell stinger btw?\n|\n|t:|1700214342\n|switch|p1a: La Bumerana|Alomomola, F, shiny|100\/100\n|turn|7\n|\n|t:|1700214350\n|switch|p2a: toungue|Gengar, M|100\/100\n|move|p1a: La Bumerana|Liquidation|p2a: toungue\n|-damage|p2a: toungue|0 fnt\n|-start|p1a: La Bumerana|Disable|Liquidation|[from] ability: Cursed Body|[of] p2a: toungue\n|faint|p2a: toungue\n|\n|upkeep\n|\n|t:|1700214359\n|switch|p2a: powerd|Rotom-Wash|100\/100\n|turn|8\n|inactive|Tukitiko has 120 seconds left.\n|inactive|Tukitiko has 90 seconds left.\n|\n|t:|1700214425\n|switch|p1a: Testicul\u00edn|Shelgon, M|100\/100\n|move|p2a: powerd|Volt Switch|p1a: Testicul\u00edn\n|-resisted|p1a: Testicul\u00edn\n|-damage|p1a: Testicul\u00edn|74\/100\n|\n|t:|1700214431\n|switch|p2a: Mamoswine|Mamoswine, F|100\/100|[from] Volt Switch\n|\n|upkeep\n|turn|9\n|\n|t:|1700214441\n|move|p2a: Mamoswine|Icicle Crash|p1a: Testicul\u00edn\n|-supereffective|p1a: Testicul\u00edn\n|-damage|p1a: Testicul\u00edn|9\/100\n|move|p1a: Testicul\u00edn|Iron Head|p2a: Mamoswine\n|-supereffective|p2a: Mamoswine\n|-damage|p2a: Mamoswine|67\/100\n|\n|upkeep\n|turn|10\n|\n|t:|1700214449\n|move|p2a: Mamoswine|Icicle Crash|p1a: Testicul\u00edn\n|-supereffective|p1a: Testicul\u00edn\n|-damage|p1a: Testicul\u00edn|0 fnt\n|faint|p1a: Testicul\u00edn\n|\n|upkeep\n|\n|t:|1700214452\n|switch|p1a: La Bumerana|Alomomola, F, shiny|100\/100\n|turn|11\n|\n|t:|1700214456\n|switch|p2a: powerd|Rotom-Wash|100\/100\n|move|p1a: La Bumerana|Liquidation|p2a: powerd\n|-resisted|p2a: powerd\n|-damage|p2a: powerd|69\/100\n|\n|upkeep\n|turn|12\n|\n|t:|1700214462\n|switch|p1a: Scott|Whimsicott, M, shiny|100\/100\n|move|p2a: powerd|Volt Switch|p1a: Scott\n|-resisted|p1a: Scott\n|-damage|p1a: Scott|64\/100\n|\n|t:|1700214468\n|switch|p2a: Mamoswine|Mamoswine, F|67\/100|[from] Volt Switch\n|\n|upkeep\n|turn|13\n|\n|t:|1700214474\n|move|p2a: Mamoswine|Ice Shard|p1a: Scott\n|-supereffective|p1a: Scott\n|-damage|p1a: Scott|0 fnt\n|faint|p1a: Scott\n|\n|upkeep\n|\n|t:|1700214479\n|switch|p1a: Chill\u00f3n|Dudunsparce, M|100\/100\n|turn|14\n|\n|t:|1700214494\n|-terastallize|p2a: Mamoswine|Ice\n|move|p2a: Mamoswine|Ice Shard|p1a: Chill\u00f3n\n|-damage|p1a: Chill\u00f3n|55\/100\n|move|p1a: Chill\u00f3n|Calm Mind|p1a: Chill\u00f3n\n|-boost|p1a: Chill\u00f3n|spa|1\n|-boost|p1a: Chill\u00f3n|spd|1\n|\n|upkeep\n|turn|15\n|\n|t:|1700214516\n|move|p2a: Mamoswine|Ice Shard|p1a: Chill\u00f3n\n|-damage|p1a: Chill\u00f3n|12\/100\n|move|p1a: Chill\u00f3n|Boomburst|p2a: Mamoswine\n|-damage|p2a: Mamoswine|0 fnt\n|faint|p2a: Mamoswine\n|-enditem|p1a: Chill\u00f3n|Throat Spray\n|-boost|p1a: Chill\u00f3n|spa|1|[from] item: Throat Spray\n|\n|upkeep\n|\n|t:|1700214523\n|switch|p2a: powerd|Rotom-Wash|69\/100\n|turn|16\n|\n|t:|1700214531\n|move|p2a: powerd|Volt Switch|p1a: Chill\u00f3n\n|-damage|p1a: Chill\u00f3n|0 fnt\n|faint|p1a: Chill\u00f3n\n|\n|upkeep\n|\n|t:|1700214534\n|switch|p1a: La Bumerana|Alomomola, F, shiny|100\/100\n|turn|17\n|c|\u2606Lajonnne|final showdown\n|\n|t:|1700214543\n|move|p2a: powerd|Volt Switch|p1a: La Bumerana\n|-supereffective|p1a: La Bumerana\n|-damage|p1a: La Bumerana|0 fnt\n|faint|p1a: La Bumerana\n|\n|win|Lajonnne\n|raw|Tukitiko's rating: 1096 &rarr; <strong>1073<\/strong><br \/>(-23 for losing)\n|raw|Lajonnne's rating: 1113 &rarr; <strong>1137<\/strong><br \/>(+24 for winning)\n","uploadtime":1700214547,"views":5,"p1id":"tukitiko","p2id":"lajonnne","formatid":"gen9nationaldex","rating":1073,"private":0,"password":""}