{"id":"gen9nationaldex-1994306454","p1":"amorphageodddragon","p2":"RakzoTR","format":"[Gen 9] National Dex","log":"|j|\u2606amorphageodddragon\n|j|\u2606RakzoTR\n|t:|1700429277\n|gametype|singles\n|player|p1|amorphageodddragon|lucas|1320\n|player|p2|RakzoTR|gambler|1275\n|teamsize|p1|6\n|teamsize|p2|6\n|gen|9\n|tier|[Gen 9] National Dex\n|rated|\n|rule|HP Percentage Mod: HP is shown in percentages\n|rule|Endless Battle Clause: Forcing endless battles is banned\n|rule|OHKO Clause: OHKO moves are banned\n|rule|Evasion Clause: Evasion abilities, items, and moves are banned\n|rule|Evasion Abilities Clause: Evasion abilities are banned\n|rule|Evasion Items Clause: Evasion items are banned\n|rule|Evasion Moves Clause: Evasion moves are banned\n|rule|Species Clause: Limit one of each Pok\u00e9mon\n|rule|Sleep Clause Mod: Limit one foe put to sleep\n|clearpoke\n|poke|p1|Dragonite, M|\n|poke|p1|Ludicolo, F|\n|poke|p1|Tyranitar, M|\n|poke|p1|Gastrodon, M|\n|poke|p1|Aegislash, M|\n|poke|p1|Charizard, F|\n|poke|p2|Goodra-Hisui, F|\n|poke|p2|Ogerpon-Wellspring, F|\n|poke|p2|Donphan, M|\n|poke|p2|Zamazenta-*|\n|poke|p2|Cinderace, M|\n|poke|p2|Zapdos|\n|teampreview\n|inactive|Battle timer is ON: inactive players will automatically lose when time's up. (requested by amorphageodddragon)\n|\n|t:|1700429285\n|start\n|switch|p1a: Ludicolo|Ludicolo, F|100\/100\n|switch|p2a: Zip-Zap-Dos|Zapdos|100\/100\n|turn|1\n|\n|t:|1700429290\n|move|p2a: Zip-Zap-Dos|Hurricane|p1a: Ludicolo\n|-supereffective|p1a: Ludicolo\n|-damage|p1a: Ludicolo|0 fnt\n|faint|p1a: Ludicolo\n|\n|upkeep\n|\n|t:|1700429296\n|switch|p1a: Aegislash|Aegislash, M|100\/100\n|turn|2\n|\n|t:|1700429299\n|move|p2a: Zip-Zap-Dos|Heat Wave|p1a: Aegislash|[miss]\n|-miss|p2a: Zip-Zap-Dos|p1a: Aegislash\n|move|p1a: Aegislash|Swords Dance|p1a: Aegislash\n|-boost|p1a: Aegislash|atk|2\n|\n|upkeep\n|turn|3\n|\n|t:|1700429307\n|-terastallize|p1a: Aegislash|Flying\n|move|p2a: Zip-Zap-Dos|Heat Wave|p1a: Aegislash\n|-damage|p1a: Aegislash|71\/100\n|move|p1a: Aegislash|Swords Dance|p1a: Aegislash\n|-boost|p1a: Aegislash|atk|2\n|\n|upkeep\n|turn|4\n|\n|t:|1700429315\n|-formechange|p1a: Aegislash|Aegislash-Blade||[from] ability: Stance Change\n|move|p1a: Aegislash|Shadow Sneak|p2a: Zip-Zap-Dos\n|-damage|p2a: Zip-Zap-Dos|4\/100\n|-damage|p1a: Aegislash|55\/100|[from] item: Rocky Helmet|[of] p2a: Zip-Zap-Dos\n|-damage|p1a: Aegislash|45\/100|[from] item: Life Orb\n|move|p2a: Zip-Zap-Dos|Volt Switch|p1a: Aegislash\n|-supereffective|p1a: Aegislash\n|-damage|p1a: Aegislash|0 fnt\n|faint|p1a: Aegislash\n|\n|t:|1700429332\n|switch|p2a: Rammot|Cinderace, M|100\/100|[from] Volt Switch\n|\n|upkeep\n|\n|t:|1700429336\n|switch|p1a: Tyranitar|Tyranitar, M|100\/100\n|-weather|Sandstorm|[from] ability: Sand Stream|[of] p1a: Tyranitar\n|turn|5\n|\n|t:|1700429340\n|move|p2a: Rammot|Will-O-Wisp|p1a: Tyranitar\n|-status|p1a: Tyranitar|brn\n|move|p1a: Tyranitar|Stone Edge|p2a: Rammot\n|-supereffective|p2a: Rammot\n|-damage|p2a: Rammot|35\/100\n|\n|-weather|Sandstorm|[upkeep]\n|-damage|p2a: Rammot|29\/100|[from] Sandstorm\n|-damage|p1a: Tyranitar|94\/100 brn|[from] brn\n|upkeep\n|turn|6\n|\n|t:|1700429350\n|move|p2a: Rammot|U-turn|p1a: Tyranitar\n|-supereffective|p1a: Tyranitar\n|-damage|p1a: Tyranitar|65\/100 brn\n|\n|t:|1700429355\n|switch|p2a: Ogo|Ogerpon-Wellspring, F|100\/100|[from] U-turn\n|move|p1a: Tyranitar|Earthquake|p2a: Ogo\n|-resisted|p2a: Ogo\n|-damage|p2a: Ogo|88\/100\n|\n|-weather|Sandstorm|[upkeep]\n|-damage|p2a: Ogo|82\/100|[from] Sandstorm\n|-damage|p1a: Tyranitar|59\/100 brn|[from] brn\n|upkeep\n|turn|7\n|\n|t:|1700429366\n|move|p2a: Ogo|Substitute|p2a: Ogo\n|-start|p2a: Ogo|Substitute\n|-damage|p2a: Ogo|57\/100\n|move|p1a: Tyranitar|Stone Edge|p2a: Ogo\n|-end|p2a: Ogo|Substitute\n|\n|-weather|Sandstorm|[upkeep]\n|-damage|p2a: Ogo|51\/100|[from] Sandstorm\n|-damage|p1a: Tyranitar|53\/100 brn|[from] brn\n|upkeep\n|turn|8\n|\n|t:|1700429375\n|move|p2a: Ogo|Ivy Cudgel|p1a: Tyranitar|[anim] Ivy Cudgel Water\n|-supereffective|p1a: Tyranitar\n|-damage|p1a: Tyranitar|0 fnt\n|faint|p1a: Tyranitar\n|\n|-weather|Sandstorm|[upkeep]\n|-damage|p2a: Ogo|45\/100|[from] Sandstorm\n|upkeep\n|\n|t:|1700429381\n|switch|p1a: Charizard|Charizard, F|100\/100\n|turn|9\n|\n|t:|1700429388\n|detailschange|p1a: Charizard|Charizard-Mega-Y, F\n|-mega|p1a: Charizard|Charizard|Charizardite Y\n|-weather|SunnyDay|[from] ability: Drought|[of] p1a: Charizard\n|move|p2a: Ogo|Ivy Cudgel|p1a: Charizard|[anim] Ivy Cudgel Water\n|-supereffective|p1a: Charizard\n|-damage|p1a: Charizard|38\/100\n|move|p1a: Charizard|Flamethrower|p2a: Ogo\n|-damage|p2a: Ogo|0 fnt\n|faint|p2a: Ogo\n|\n|-weather|SunnyDay|[upkeep]\n|upkeep\n|\n|t:|1700429395\n|switch|p2a: Rammot|Cinderace, M|29\/100\n|turn|10\n|\n|t:|1700429400\n|move|p2a: Rammot|Pyro Ball|p1a: Charizard\n|-resisted|p1a: Charizard\n|-damage|p1a: Charizard|0 fnt\n|faint|p1a: Charizard\n|\n|-weather|SunnyDay|[upkeep]\n|upkeep\n|\n|t:|1700429405\n|switch|p1a: Dragonite|Dragonite, M|100\/100\n|turn|11\n|\n|t:|1700429411\n|move|p1a: Dragonite|Extreme Speed|p2a: Rammot\n|-damage|p2a: Rammot|0 fnt\n|faint|p2a: Rammot\n|\n|-weather|SunnyDay|[upkeep]\n|upkeep\n|\n|t:|1700429414\n|switch|p2a: Kandula|Donphan, M|100\/100\n|turn|12\n|\n|t:|1700429419\n|switch|p1a: Gastrodon|Gastrodon, M|100\/100\n|move|p2a: Kandula|Ice Shard|p1a: Gastrodon\n|-damage|p1a: Gastrodon|91\/100\n|\n|-weather|SunnyDay|[upkeep]\n|-heal|p1a: Gastrodon|97\/100|[from] item: Leftovers\n|upkeep\n|turn|13\n|\n|t:|1700429427\n|switch|p2a: Rhaenyra|Goodra-Hisui, F|100\/100\n|move|p1a: Gastrodon|Scald|p2a: Rhaenyra\n|-resisted|p2a: Rhaenyra\n|-damage|p2a: Rhaenyra|98\/100\n|\n|-weather|none\n|-heal|p1a: Gastrodon|100\/100|[from] item: Leftovers\n|upkeep\n|turn|14\n|\n|t:|1700429435\n|-terastallize|p2a: Rhaenyra|Fairy\n|move|p2a: Rhaenyra|Draco Meteor|p1a: Gastrodon\n|-damage|p1a: Gastrodon|41\/100\n|-unboost|p2a: Rhaenyra|spa|2\n|move|p1a: Gastrodon|Earth Power|p2a: Rhaenyra\n|-damage|p2a: Rhaenyra|84\/100\n|\n|-heal|p1a: Gastrodon|47\/100|[from] item: Leftovers\n|upkeep\n|turn|15\n|\n|t:|1700429444\n|switch|p2a: Kandula|Donphan, M|100\/100\n|move|p1a: Gastrodon|Recover|p1a: Gastrodon\n|-heal|p1a: Gastrodon|97\/100\n|\n|-heal|p1a: Gastrodon|100\/100|[from] item: Leftovers\n|upkeep\n|turn|16\n|\n|t:|1700429451\n|move|p2a: Kandula|Encore|p1a: Gastrodon\n|-start|p1a: Gastrodon|Encore\n|move|p1a: Gastrodon|Recover||[still]\n|-fail|p1a: Gastrodon|heal\n|\n|upkeep\n|turn|17\n|\n|t:|1700429456\n|switch|p1a: Dragonite|Dragonite, M|100\/100\n|move|p2a: Kandula|Ice Shard|p1a: Dragonite\n|-supereffective|p1a: Dragonite\n|-damage|p1a: Dragonite|76\/100\n|\n|upkeep\n|turn|18\n|\n|t:|1700429464\n|switch|p1a: Gastrodon|Gastrodon, M|100\/100\n|move|p2a: Kandula|Encore||[still]\n|-fail|p2a: Kandula\n|\n|upkeep\n|turn|19\n|\n|t:|1700429469\n|switch|p2a: Rhaenyra|Goodra-Hisui, F, tera:Fairy|84\/100\n|move|p1a: Gastrodon|Scald|p2a: Rhaenyra\n|-damage|p2a: Rhaenyra|73\/100\n|-status|p2a: Rhaenyra|brn\n|\n|-damage|p2a: Rhaenyra|67\/100 brn|[from] brn\n|upkeep\n|turn|20\n|\n|t:|1700429477\n|move|p2a: Rhaenyra|Draco Meteor|p1a: Gastrodon\n|-damage|p1a: Gastrodon|35\/100\n|-unboost|p2a: Rhaenyra|spa|2\n|move|p1a: Gastrodon|Scald|p2a: Rhaenyra\n|-damage|p2a: Rhaenyra|56\/100 brn\n|\n|-heal|p1a: Gastrodon|42\/100|[from] item: Leftovers\n|-damage|p2a: Rhaenyra|50\/100 brn|[from] brn\n|upkeep\n|turn|21\n|\n|t:|1700429487\n|switch|p2a: Kandula|Donphan, M|100\/100\n|move|p1a: Gastrodon|Scald|p2a: Kandula\n|-supereffective|p2a: Kandula\n|-damage|p2a: Kandula|24\/100\n|\n|-heal|p1a: Gastrodon|48\/100|[from] item: Leftovers\n|upkeep\n|turn|22\n|\n|t:|1700429494\n|move|p2a: Kandula|Earthquake|p1a: Gastrodon\n|-damage|p1a: Gastrodon|11\/100\n|move|p1a: Gastrodon|Scald|p2a: Kandula\n|-supereffective|p2a: Kandula\n|-damage|p2a: Kandula|0 fnt\n|faint|p2a: Kandula\n|\n|-heal|p1a: Gastrodon|17\/100|[from] item: Leftovers\n|upkeep\n|\n|t:|1700429498\n|switch|p2a: WhatTheDogDoing?|Zamazenta|100\/100\n|-ability|p2a: WhatTheDogDoing?|Dauntless Shield|boost\n|-boost|p2a: WhatTheDogDoing?|def|1\n|turn|23\n|\n|t:|1700429504\n|move|p2a: WhatTheDogDoing?|Play Rough|p1a: Gastrodon\n|-damage|p1a: Gastrodon|0 fnt\n|faint|p1a: Gastrodon\n|\n|upkeep\n|\n|t:|1700429509\n|switch|p1a: Dragonite|Dragonite, M|76\/100\n|turn|24\n|\n|t:|1700429515\n|move|p1a: Dragonite|Extreme Speed|p2a: WhatTheDogDoing?\n|-damage|p2a: WhatTheDogDoing?|82\/100\n|move|p2a: WhatTheDogDoing?|Play Rough|p1a: Dragonite\n|-supereffective|p1a: Dragonite\n|-damage|p1a: Dragonite|25\/100\n|-unboost|p1a: Dragonite|atk|1\n|\n|upkeep\n|turn|25\n|\n|t:|1700429523\n|move|p1a: Dragonite|Extreme Speed|p2a: WhatTheDogDoing?\n|-damage|p2a: WhatTheDogDoing?|68\/100\n|move|p2a: WhatTheDogDoing?|Play Rough|p1a: Dragonite\n|-supereffective|p1a: Dragonite\n|-damage|p1a: Dragonite|0 fnt\n|faint|p1a: Dragonite\n|\n|win|RakzoTR\n|raw|amorphageodddragon's rating: 1320 &rarr; <strong>1297<\/strong><br \/>(-23 for losing)\n|raw|RakzoTR's rating: 1275 &rarr; <strong>1303<\/strong><br \/>(+28 for winning)\n|l|\u2606amorphageodddragon\n","uploadtime":1700429606,"views":4,"p1id":"amorphageodddragon","p2id":"rakzotr","formatid":"gen9nationaldex","rating":1297,"private":0,"password":""}