{"id":"gen9nationaldex-1990711980","p1":"CharonsFerry596","p2":"Blake-Mamba","format":"[Gen 9] National Dex","log":"|j|\u2606CharonsFerry596\n|j|\u2606Blake-Mamba\n|t:|1699993939\n|gametype|singles\n|player|p1|CharonsFerry596|veteran|1340\n|player|p2|Blake-Mamba|juan|1432\n|teamsize|p1|6\n|teamsize|p2|6\n|gen|9\n|tier|[Gen 9] National Dex\n|rated|\n|rule|HP Percentage Mod: HP is shown in percentages\n|rule|Endless Battle Clause: Forcing endless battles is banned\n|rule|OHKO Clause: OHKO moves are banned\n|rule|Evasion Clause: Evasion abilities, items, and moves are banned\n|rule|Evasion Abilities Clause: Evasion abilities are banned\n|rule|Evasion Items Clause: Evasion items are banned\n|rule|Evasion Moves Clause: Evasion moves are banned\n|rule|Species Clause: Limit one of each Pok\u00e9mon\n|rule|Sleep Clause Mod: Limit one foe put to sleep\n|clearpoke\n|poke|p1|Toxapex, M|\n|poke|p1|Ferrothorn, M|\n|poke|p1|Zapdos|\n|poke|p1|Barraskewda, F|\n|poke|p1|Chandelure, M|\n|poke|p1|Bisharp, M|\n|poke|p2|Cinccino, F|\n|poke|p2|Zebstrika, F|\n|poke|p2|Ferrothorn, F|\n|poke|p2|Seismitoad, F|\n|poke|p2|Krookodile, F|\n|poke|p2|Emboar, F|\n|teampreview\n|inactive|Battle timer is ON: inactive players will automatically lose when time's up. (requested by CharonsFerry596)\n|\n|t:|1699993963\n|start\n|switch|p1a: Javelina|Barraskewda, F|100\/100\n|switch|p2a: Seismitoad|Seismitoad, F|100\/100\n|turn|1\n|\n|t:|1699993972\n|switch|p1a: Dingus|Ferrothorn, M|100\/100\n|move|p2a: Seismitoad|Earth Power|p1a: Dingus\n|-damage|p1a: Dingus|58\/100\n|\n|upkeep\n|turn|2\n|\n|t:|1699993979\n|switch|p2a: Zebstrika|Zebstrika, F, shiny|100\/100\n|move|p1a: Dingus|Power Whip|p2a: Zebstrika\n|-ability|p2a: Zebstrika|Sap Sipper|boost\n|-boost|p2a: Zebstrika|atk|1\n|\n|upkeep\n|turn|3\n|\n|t:|1699993986\n|move|p2a: Zebstrika|Flame Charge|p1a: Dingus\n|-supereffective|p1a: Dingus\n|-damage|p1a: Dingus|0 fnt\n|-boost|p2a: Zebstrika|spe|1\n|-damage|p2a: Zebstrika|88\/100|[from] ability: Iron Barbs|[of] p1a: Dingus\n|faint|p1a: Dingus\n|\n|upkeep\n|\n|t:|1699993994\n|switch|p1a: Chuck|Zapdos, shiny|100\/100\n|turn|4\n|\n|t:|1699993997\n|-zpower|p2a: Zebstrika\n|move|p2a: Zebstrika|Gigavolt Havoc|p1a: Chuck|[zeffect]\n|-damage|p1a: Chuck|0 fnt\n|faint|p1a: Chuck\n|\n|upkeep\n|\n|t:|1699994009\n|switch|p1a: Piton|Toxapex, M|100\/100\n|turn|5\n|\n|t:|1699994015\n|-terastallize|p1a: Piton|Dragon\n|move|p2a: Zebstrika|Wild Charge|p1a: Piton\n|-resisted|p1a: Piton\n|-damage|p1a: Piton|79\/100\n|-damage|p2a: Zebstrika|72\/100|[from] item: Rocky Helmet|[of] p1a: Piton\n|-damage|p2a: Zebstrika|66\/100|[from] Recoil\n|move|p1a: Piton|Haze|p1a: Piton\n|-clearallboost\n|\n|upkeep\n|turn|6\n|\n|t:|1699994030\n|switch|p2a: Ferrothorn|Ferrothorn, F, shiny|100\/100\n|move|p1a: Piton|Toxic|p2a: Ferrothorn\n|-immune|p2a: Ferrothorn\n|\n|upkeep\n|turn|7\n|\n|t:|1699994036\n|switch|p1a: Crisp|Chandelure, M|100\/100\n|move|p2a: Ferrothorn|Leech Seed|p1a: Crisp\n|-start|p1a: Crisp|move: Leech Seed\n|\n|-damage|p1a: Crisp|88\/100|[from] Leech Seed|[of] p2a: Ferrothorn\n|upkeep\n|turn|8\n|\n|t:|1699994044\n|switch|p2a: Emboar|Emboar, F, shiny|100\/100\n|move|p1a: Crisp|Energy Ball|p2a: Emboar\n|-resisted|p2a: Emboar\n|-damage|p2a: Emboar|78\/100\n|\n|-damage|p1a: Crisp|76\/100|[from] Leech Seed|[of] p2a: Emboar\n|-heal|p2a: Emboar|86\/100|[silent]\n|upkeep\n|turn|9\n|\n|t:|1699994054\n|switch|p1a: Piton|Toxapex, M, tera:Dragon|100\/100\n|move|p2a: Emboar|Head Smash|p1a: Piton\n|-damage|p1a: Piton|64\/100\n|-damage|p2a: Emboar|70\/100|[from] item: Rocky Helmet|[of] p1a: Piton\n|-damage|p2a: Emboar|55\/100|[from] Recoil\n|\n|upkeep\n|turn|10\n|\n|t:|1699994063\n|switch|p2a: Ferrothorn|Ferrothorn, F, shiny|100\/100\n|move|p1a: Piton|Recover|p1a: Piton\n|-heal|p1a: Piton|100\/100\n|\n|upkeep\n|turn|11\n|\n|t:|1699994069\n|switch|p1a: Oroku Saki|Bisharp, M|100\/100\n|move|p2a: Ferrothorn|Leech Seed|p1a: Oroku Saki\n|-start|p1a: Oroku Saki|move: Leech Seed\n|\n|-damage|p1a: Oroku Saki|88\/100|[from] Leech Seed|[of] p2a: Ferrothorn\n|upkeep\n|turn|12\n|\n|t:|1699994077\n|move|p1a: Oroku Saki|Knock Off|p2a: Ferrothorn\n|-damage|p2a: Ferrothorn|65\/100\n|-damage|p1a: Oroku Saki|76\/100|[from] ability: Iron Barbs|[of] p2a: Ferrothorn\n|-damage|p1a: Oroku Saki|59\/100|[from] item: Rocky Helmet|[of] p2a: Ferrothorn\n|-enditem|p2a: Ferrothorn|Rocky Helmet|[from] move: Knock Off|[of] p1a: Oroku Saki\n|move|p2a: Ferrothorn|Body Press|p1a: Oroku Saki\n|-supereffective|p1a: Oroku Saki\n|-damage|p1a: Oroku Saki|0 fnt\n|faint|p1a: Oroku Saki\n|\n|upkeep\n|-message|CharonsFerry596 forfeited.\n|\n|win|Blake-Mamba\n|raw|CharonsFerry596's rating: 1340 &rarr; <strong>1325<\/strong><br \/>(-15 for losing)\n|raw|Blake-Mamba's rating: 1432 &rarr; <strong>1447<\/strong><br \/>(+15 for winning)\n|l|\u2606CharonsFerry596\n","uploadtime":1699994104,"views":4,"p1id":"charonsferry596","p2id":"blakemamba","formatid":"gen9nationaldex","rating":1325,"private":0,"password":""}