{"id":"gen9nationaldex-1991520882","p1":"jgjvg","p2":"TheBoyOne1","format":"[Gen 9] National Dex","log":"|j|\u2606jgjvg\n|j|\u2606TheBoyOne1\n|t:|1700084549\n|gametype|singles\n|player|p1|jgjvg|veteran|1028\n|player|p2|TheBoyOne1|rocketgrunt|1023\n|teamsize|p1|6\n|teamsize|p2|6\n|gen|9\n|tier|[Gen 9] National Dex\n|rated|\n|rule|HP Percentage Mod: HP is shown in percentages\n|rule|Endless Battle Clause: Forcing endless battles is banned\n|rule|OHKO Clause: OHKO moves are banned\n|rule|Evasion Clause: Evasion abilities, items, and moves are banned\n|rule|Evasion Abilities Clause: Evasion abilities are banned\n|rule|Evasion Items Clause: Evasion items are banned\n|rule|Evasion Moves Clause: Evasion moves are banned\n|rule|Species Clause: Limit one of each Pok\u00e9mon\n|rule|Sleep Clause Mod: Limit one foe put to sleep\n|clearpoke\n|poke|p1|Slurpuff, M|\n|poke|p1|Pikachu, F|\n|poke|p1|Flareon, F|\n|poke|p1|Cottonee, L1, M|\n|poke|p1|Bidoof, M|\n|poke|p1|Golisopod, M|\n|poke|p2|Miltank, F|\n|poke|p2|Drednaw, M|\n|poke|p2|Ditto|\n|poke|p2|Kingdra, F|\n|poke|p2|Infernape, F|\n|poke|p2|Wobbuffet, F|\n|teampreview\n|\n|t:|1700084553\n|start\n|switch|p1a: Slurpuff|Slurpuff, M|100\/100\n|switch|p2a: whitney|Miltank, F|100\/100\n|turn|1\n|\n|t:|1700084558\n|move|p1a: Slurpuff|Yawn|p2a: whitney\n|-start|p2a: whitney|move: Yawn|[of] p1a: Slurpuff\n|move|p2a: whitney|Attract|p1a: Slurpuff\n|-start|p1a: Slurpuff|Attract\n|\n|upkeep\n|turn|2\n|\n|t:|1700084564\n|-activate|p1a: Slurpuff|move: Attract|[of] p2a: whitney\n|move|p1a: Slurpuff|Sticky Web|p2a: whitney\n|-sidestart|p2: TheBoyOne1|move: Sticky Web\n|move|p2a: whitney|Attract||[still]\n|-fail|p2a: whitney\n|\n|-end|p2a: whitney|move: Yawn|[silent]\n|-status|p2a: whitney|slp\n|-enditem|p2a: whitney|Lum Berry|[eat]\n|-curestatus|p2a: whitney|slp|[msg]\n|upkeep\n|turn|3\n|\n|t:|1700084576\n|-activate|p1a: Slurpuff|move: Attract|[of] p2a: whitney\n|move|p1a: Slurpuff|Yawn|p2a: whitney\n|-start|p2a: whitney|move: Yawn|[of] p1a: Slurpuff\n|move|p2a: whitney|Stomp|p1a: Slurpuff\n|-damage|p1a: Slurpuff|70\/100\n|\n|upkeep\n|turn|4\n|\n|t:|1700084586\n|switch|p1a: Pikachu|Pikachu, F|100\/100\n|move|p2a: whitney|Stomp|p1a: Pikachu\n|-damage|p1a: Pikachu|18\/100\n|\n|-end|p2a: whitney|move: Yawn|[silent]\n|-status|p2a: whitney|slp\n|upkeep\n|turn|5\n|\n|t:|1700084595\n|move|p1a: Pikachu|Nasty Plot|p1a: Pikachu\n|-boost|p1a: Pikachu|spa|2\n|cant|p2a: whitney|slp\n|\n|upkeep\n|turn|6\n|\n|t:|1700084603\n|move|p1a: Pikachu|Thunderbolt|p2a: whitney\n|-damage|p2a: whitney|0 fnt\n|faint|p2a: whitney\n|\n|upkeep\n|\n|t:|1700084606\n|switch|p2a: Nessa|Drednaw, M|100\/100\n|-activate|p2a: Nessa|move: Sticky Web\n|-unboost|p2a: Nessa|spe|1\n|turn|7\n|\n|t:|1700084615\n|move|p1a: Pikachu|Thunderbolt|p2a: Nessa\n|-supereffective|p2a: Nessa\n|-damage|p2a: Nessa|0 fnt\n|faint|p2a: Nessa\n|\n|upkeep\n|\n|t:|1700084617\n|switch|p2a: Spy!|Ditto|100\/100\n|-activate|p2a: Spy!|move: Sticky Web\n|-unboost|p2a: Spy!|spe|1\n|-transform|p2a: Spy!|p1a: Pikachu|[from] ability: Imposter\n|turn|8\n|inactive|Battle timer is ON: inactive players will automatically lose when time's up. (requested by TheBoyOne1)\n|\n|t:|1700084660\n|move|p1a: Pikachu|Thunderbolt|p2a: Spy!\n|-resisted|p2a: Spy!\n|-damage|p2a: Spy!|0 fnt\n|faint|p2a: Spy!\n|\n|upkeep\n|\n|t:|1700084664\n|switch|p2a: Juan|Kingdra, F|100\/100\n|-activate|p2a: Juan|move: Sticky Web\n|-unboost|p2a: Juan|spe|1\n|turn|9\n|\n|t:|1700084669\n|move|p1a: Pikachu|Thunderbolt|p2a: Juan\n|-damage|p2a: Juan|0 fnt\n|faint|p2a: Juan\n|\n|upkeep\n|\n|t:|1700084671\n|switch|p2a: Flint|Infernape, F|100\/100\n|-activate|p2a: Flint|move: Sticky Web\n|-unboost|p2a: Flint|spe|1\n|turn|10\n|\n|t:|1700084674\n|move|p1a: Pikachu|Surf|p2a: Flint\n|-supereffective|p2a: Flint\n|-damage|p2a: Flint|0 fnt\n|faint|p2a: Flint\n|\n|upkeep\n|\n|t:|1700084676\n|switch|p2a: punching bag|Wobbuffet, F|100\/100\n|-activate|p2a: punching bag|move: Sticky Web\n|-unboost|p2a: punching bag|spe|1\n|turn|11\n|\n|t:|1700084679\n|move|p1a: Pikachu|Thunderbolt|p2a: punching bag\n|-damage|p2a: punching bag|36\/100\n|move|p2a: punching bag|Mirror Coat|p1a: Pikachu\n|-damage|p1a: Pikachu|0 fnt\n|faint|p1a: Pikachu\n|\n|upkeep\n|\n|t:|1700084687\n|switch|p1a: Golisopod|Golisopod, M|100\/100\n|turn|12\n|\n|t:|1700084694\n|move|p1a: Golisopod|First Impression|p2a: punching bag\n|-supereffective|p2a: punching bag\n|-damage|p2a: punching bag|0 fnt\n|faint|p2a: punching bag\n|\n|win|jgjvg\n|raw|jgjvg's rating: 1028 &rarr; <strong>1063<\/strong><br \/>(+35 for winning)\n|raw|TheBoyOne1's rating: 1023 &rarr; <strong>1010<\/strong><br \/>(-13 for losing)\n","uploadtime":1700084700,"views":6,"p1id":"jgjvg","p2id":"theboyone1","formatid":"gen9nationaldex","rating":1010,"private":0,"password":""}