{"id":"gen9nationaldex-1992749125","p1":"a903608420","p2":"RandoTestAccount","format":"[Gen 9] National Dex","log":"|j|\u2606a903608420\n|j|\u2606RandoTestAccount\n|t:|1700231913\n|gametype|singles\n|player|p1|a903608420|170|1260\n|player|p2|RandoTestAccount|pokemonrangerf|1324\n|teamsize|p1|6\n|teamsize|p2|6\n|gen|9\n|tier|[Gen 9] National Dex\n|rated|\n|rule|HP Percentage Mod: HP is shown in percentages\n|rule|Endless Battle Clause: Forcing endless battles is banned\n|rule|OHKO Clause: OHKO moves are banned\n|rule|Evasion Clause: Evasion abilities, items, and moves are banned\n|rule|Evasion Abilities Clause: Evasion abilities are banned\n|rule|Evasion Items Clause: Evasion items are banned\n|rule|Evasion Moves Clause: Evasion moves are banned\n|rule|Species Clause: Limit one of each Pok\u00e9mon\n|rule|Sleep Clause Mod: Limit one foe put to sleep\n|clearpoke\n|poke|p1|Charizard, M|\n|poke|p1|Venusaur, M|\n|poke|p1|Darmanitan, M|\n|poke|p1|Torkoal, M|\n|poke|p1|Great Tusk|\n|poke|p1|Hatterene, F|\n|poke|p2|Umbreon, F|\n|poke|p2|Excadrill, F|\n|poke|p2|Corviknight, F|\n|poke|p2|Sableye, F|\n|poke|p2|Tapu Fini|\n|poke|p2|Dragalge, F|\n|teampreview\n|inactive|Battle timer is ON: inactive players will automatically lose when time's up. (requested by RandoTestAccount)\n|\n|t:|1700231921\n|start\n|switch|p1a: Torkoal|Torkoal, M|100\/100\n|switch|p2a: The Droplet Tear|Tapu Fini, shiny|100\/100\n|-fieldstart|move: Misty Terrain|[from] ability: Misty Surge|[of] p2a: The Droplet Tear\n|-weather|SunnyDay|[from] ability: Drought|[of] p1a: Torkoal\n|turn|1\n|\n|t:|1700231942\n|switch|p1a: Hatterene|Hatterene, F|100\/100\n|move|p2a: The Droplet Tear|Substitute|p2a: The Droplet Tear\n|-start|p2a: The Droplet Tear|Substitute\n|-damage|p2a: The Droplet Tear|76\/100\n|\n|-weather|SunnyDay|[upkeep]\n|-heal|p2a: The Droplet Tear|82\/100|[from] item: Leftovers\n|upkeep\n|turn|2\n|\n|t:|1700231953\n|move|p2a: The Droplet Tear|Calm Mind|p2a: The Droplet Tear\n|-boost|p2a: The Droplet Tear|spa|1\n|-boost|p2a: The Droplet Tear|spd|1\n|move|p1a: Hatterene|Nuzzle|p2a: The Droplet Tear\n|-supereffective|p2a: The Droplet Tear\n|-activate|p2a: The Droplet Tear|move: Substitute|[damage]\n|\n|-weather|SunnyDay|[upkeep]\n|-heal|p2a: The Droplet Tear|88\/100|[from] item: Leftovers\n|upkeep\n|turn|3\n|\n|t:|1700231964\n|move|p2a: The Droplet Tear|Calm Mind|p2a: The Droplet Tear\n|-boost|p2a: The Droplet Tear|spa|1\n|-boost|p2a: The Droplet Tear|spd|1\n|move|p1a: Hatterene|Psychic|p2a: The Droplet Tear\n|-end|p2a: The Droplet Tear|Substitute\n|\n|-weather|SunnyDay|[upkeep]\n|-heal|p2a: The Droplet Tear|94\/100|[from] item: Leftovers\n|upkeep\n|turn|4\n|\n|t:|1700231991\n|switch|p1a: Venusaur|Venusaur, M|100\/100\n|move|p2a: The Droplet Tear|Substitute|p2a: The Droplet Tear\n|-start|p2a: The Droplet Tear|Substitute\n|-damage|p2a: The Droplet Tear|69\/100\n|\n|-weather|SunnyDay|[upkeep]\n|-heal|p2a: The Droplet Tear|75\/100|[from] item: Leftovers\n|upkeep\n|turn|5\n|\n|t:|1700232000\n|move|p1a: Venusaur|Giga Drain|p2a: The Droplet Tear\n|-supereffective|p2a: The Droplet Tear\n|-end|p2a: The Droplet Tear|Substitute\n|move|p2a: The Droplet Tear|Moonblast|p1a: Venusaur\n|-resisted|p1a: Venusaur\n|-damage|p1a: Venusaur|64\/100\n|-unboost|p1a: Venusaur|spa|1\n|\n|-weather|SunnyDay|[upkeep]\n|-heal|p2a: The Droplet Tear|81\/100|[from] item: Leftovers\n|-fieldend|Misty Terrain\n|upkeep\n|turn|6\n|\n|t:|1700232014\n|move|p1a: Venusaur|Giga Drain|p2a: The Droplet Tear\n|-supereffective|p2a: The Droplet Tear\n|-damage|p2a: The Droplet Tear|63\/100\n|-heal|p1a: Venusaur|73\/100|[from] drain|[of] p2a: The Droplet Tear\n|move|p2a: The Droplet Tear|Moonblast|p1a: Venusaur\n|-resisted|p1a: Venusaur\n|-damage|p1a: Venusaur|38\/100\n|\n|-weather|SunnyDay|[upkeep]\n|-heal|p2a: The Droplet Tear|69\/100|[from] item: Leftovers\n|upkeep\n|turn|7\n|\n|t:|1700232028\n|move|p1a: Venusaur|Growth|p1a: Venusaur\n|-boost|p1a: Venusaur|atk|2\n|-boost|p1a: Venusaur|spa|2\n|move|p2a: The Droplet Tear|Moonblast|p1a: Venusaur\n|-resisted|p1a: Venusaur\n|-damage|p1a: Venusaur|5\/100\n|\n|-weather|SunnyDay|[upkeep]\n|-heal|p2a: The Droplet Tear|75\/100|[from] item: Leftovers\n|upkeep\n|turn|8\n|\n|t:|1700232049\n|move|p1a: Venusaur|Giga Drain|p2a: The Droplet Tear\n|-supereffective|p2a: The Droplet Tear\n|-damage|p2a: The Droplet Tear|23\/100\n|-heal|p1a: Venusaur|33\/100|[from] drain|[of] p2a: The Droplet Tear\n|move|p2a: The Droplet Tear|Moonblast|p1a: Venusaur\n|-resisted|p1a: Venusaur\n|-damage|p1a: Venusaur|0 fnt\n|faint|p1a: Venusaur\n|\n|-weather|none\n|-heal|p2a: The Droplet Tear|29\/100|[from] item: Leftovers\n|upkeep\n|\n|t:|1700232062\n|switch|p1a: Darmanitan|Darmanitan, M|100\/100\n|turn|9\n|\n|t:|1700232071\n|move|p1a: Darmanitan|U-turn|p2a: The Droplet Tear\n|-resisted|p2a: The Droplet Tear\n|-damage|p2a: The Droplet Tear|19\/100\n|\n|t:|1700232076\n|switch|p1a: Torkoal|Torkoal, M|100\/100|[from] U-turn\n|-weather|SunnyDay|[from] ability: Drought|[of] p1a: Torkoal\n|move|p2a: The Droplet Tear|Scald|p1a: Torkoal\n|-supereffective|p1a: Torkoal\n|-damage|p1a: Torkoal|27\/100\n|\n|-weather|SunnyDay|[upkeep]\n|-heal|p2a: The Droplet Tear|25\/100|[from] item: Leftovers\n|upkeep\n|turn|10\n|inactive|a903608420 has 120 seconds left.\n|\n|t:|1700232134\n|-terastallize|p1a: Torkoal|Water\n|move|p2a: The Droplet Tear|Calm Mind|p2a: The Droplet Tear\n|-boost|p2a: The Droplet Tear|spa|1\n|-boost|p2a: The Droplet Tear|spd|1\n|move|p1a: Torkoal|Toxic|p2a: The Droplet Tear|[miss]\n|-miss|p1a: Torkoal|p2a: The Droplet Tear\n|\n|-weather|SunnyDay|[upkeep]\n|-heal|p2a: The Droplet Tear|31\/100|[from] item: Leftovers\n|upkeep\n|turn|11\n|inactive|RandoTestAccount has 120 seconds left.\n|\n|t:|1700232176\n|move|p2a: The Droplet Tear|Substitute|p2a: The Droplet Tear\n|-start|p2a: The Droplet Tear|Substitute\n|-damage|p2a: The Droplet Tear|7\/100\n|move|p1a: Torkoal|Body Press|p2a: The Droplet Tear\n|-resisted|p2a: The Droplet Tear\n|-activate|p2a: The Droplet Tear|move: Substitute|[damage]\n|\n|-weather|SunnyDay|[upkeep]\n|-heal|p2a: The Droplet Tear|13\/100|[from] item: Leftovers\n|upkeep\n|turn|12\n|\n|t:|1700232186\n|switch|p1a: Darmanitan|Darmanitan, M|100\/100\n|move|p2a: The Droplet Tear|Calm Mind|p2a: The Droplet Tear\n|-boost|p2a: The Droplet Tear|spa|1\n|-boost|p2a: The Droplet Tear|spd|1\n|\n|-weather|SunnyDay|[upkeep]\n|-heal|p2a: The Droplet Tear|19\/100|[from] item: Leftovers\n|upkeep\n|turn|13\n|\n|t:|1700232200\n|switch|p1a: Torkoal|Torkoal, M, tera:Water|27\/100\n|move|p2a: The Droplet Tear|Scald|p1a: Torkoal\n|-resisted|p1a: Torkoal\n|-damage|p1a: Torkoal|2\/100\n|\n|-weather|SunnyDay|[upkeep]\n|-heal|p2a: The Droplet Tear|25\/100|[from] item: Leftovers\n|upkeep\n|turn|14\n|\n|t:|1700232214\n|move|p2a: The Droplet Tear|Calm Mind|p2a: The Droplet Tear\n|-boost|p2a: The Droplet Tear|spa|1\n|-boost|p2a: The Droplet Tear|spd|1\n|move|p1a: Torkoal|Stealth Rock|p2a: The Droplet Tear\n|-sidestart|p2: RandoTestAccount|move: Stealth Rock\n|\n|-weather|SunnyDay|[upkeep]\n|-heal|p2a: The Droplet Tear|31\/100|[from] item: Leftovers\n|upkeep\n|turn|15\n|\n|t:|1700232223\n|move|p2a: The Droplet Tear|Calm Mind|p2a: The Droplet Tear\n|-boost|p2a: The Droplet Tear|spa|1\n|-boost|p2a: The Droplet Tear|spd|1\n|move|p1a: Torkoal|Body Press|p2a: The Droplet Tear\n|-resisted|p2a: The Droplet Tear\n|-activate|p2a: The Droplet Tear|move: Substitute|[damage]\n|\n|-weather|SunnyDay|[upkeep]\n|-heal|p2a: The Droplet Tear|37\/100|[from] item: Leftovers\n|upkeep\n|turn|16\n|\n|t:|1700232234\n|move|p2a: The Droplet Tear|Scald|p1a: Torkoal\n|-resisted|p1a: Torkoal\n|-damage|p1a: Torkoal|0 fnt\n|faint|p1a: Torkoal\n|\n|-weather|none\n|-heal|p2a: The Droplet Tear|43\/100|[from] item: Leftovers\n|upkeep\n|\n|t:|1700232242\n|switch|p1a: Great Tusk|Great Tusk|100\/100\n|turn|17\n|\n|t:|1700232259\n|-zpower|p1a: Great Tusk\n|move|p1a: Great Tusk|Subzero Slammer|p2a: The Droplet Tear|[zeffect]\n|-resisted|p2a: The Droplet Tear\n|-end|p2a: The Droplet Tear|Substitute\n|move|p2a: The Droplet Tear|Moonblast|p1a: Great Tusk\n|-supereffective|p1a: Great Tusk\n|-damage|p1a: Great Tusk|0 fnt\n|faint|p1a: Great Tusk\n|-end|p1a: Great Tusk|Protosynthesis|[silent]\n|\n|-heal|p2a: The Droplet Tear|49\/100|[from] item: Leftovers\n|upkeep\n|\n|t:|1700232273\n|switch|p1a: Darmanitan|Darmanitan, M|100\/100\n|turn|18\n|\n|t:|1700232279\n|move|p1a: Darmanitan|Flare Blitz|p2a: The Droplet Tear\n|-resisted|p2a: The Droplet Tear\n|-damage|p2a: The Droplet Tear|16\/100\n|-damage|p1a: Darmanitan|91\/100|[from] Recoil\n|move|p2a: The Droplet Tear|Scald|p1a: Darmanitan\n|-supereffective|p1a: Darmanitan\n|-damage|p1a: Darmanitan|0 fnt\n|faint|p1a: Darmanitan\n|\n|-heal|p2a: The Droplet Tear|22\/100|[from] item: Leftovers\n|upkeep\n|inactive|a903608420 has 120 seconds left.\n|-message|a903608420 forfeited.\n|\n|win|RandoTestAccount\n|raw|a903608420's rating: 1260 &rarr; <strong>1241<\/strong><br \/>(-19 for losing)\n|raw|RandoTestAccount's rating: 1339 &rarr; <strong>1355<\/strong><br \/>(+16 for winning)\n|l|\u2606a903608420\n","uploadtime":1700232297,"views":5,"p1id":"a903608420","p2id":"randotestaccount","formatid":"gen9nationaldex","rating":1241,"private":0,"password":""}