{"id":"gen9nationaldex-1988365429","p1":"Saltakhbvbtor","p2":"PhantonSpectrum","format":"[Gen 9] National Dex","log":"|j|\u203dSaltakhbvbtor\n|j|\u2606PhantonSpectrum\n|t:|1699714464\n|gametype|singles\n|player|p1|Saltakhbvbtor|ghetsis|1109\n|player|p2|PhantonSpectrum|clown|1180\n|teamsize|p1|6\n|teamsize|p2|6\n|gen|9\n|tier|[Gen 9] National Dex\n|rated|\n|rule|HP Percentage Mod: HP is shown in percentages\n|rule|Endless Battle Clause: Forcing endless battles is banned\n|rule|OHKO Clause: OHKO moves are banned\n|rule|Evasion Clause: Evasion abilities, items, and moves are banned\n|rule|Evasion Abilities Clause: Evasion abilities are banned\n|rule|Evasion Items Clause: Evasion items are banned\n|rule|Evasion Moves Clause: Evasion moves are banned\n|rule|Species Clause: Limit one of each Pok\u00e9mon\n|rule|Sleep Clause Mod: Limit one foe put to sleep\n|clearpoke\n|poke|p1|Salazzle, F|\n|poke|p1|Magnemite, L1|\n|poke|p1|Probopass, L2, F|\n|poke|p1|Mandibuzz, F|\n|poke|p1|Nosepass, L1, F|\n|poke|p1|Tentacruel, M|\n|poke|p2|Eldegoss, F|\n|poke|p2|Zapdos|\n|poke|p2|Ferrothorn, M|\n|poke|p2|Landorus-Therian, M|\n|poke|p2|Rotom-Heat|\n|poke|p2|Greninja-*, F|\n|teampreview\n|\n|t:|1699714474\n|start\n|switch|p1a: Salazzle|Salazzle, F|100\/100\n|switch|p2a: Greninja|Greninja, F|100\/100\n|turn|1\n|inactive|Battle timer is ON: inactive players will automatically lose when time's up. (requested by PhantonSpectrum)\n|\n|t:|1699714497\n|move|p1a: Salazzle|Protect|p1a: Salazzle\n|-singleturn|p1a: Salazzle|Protect\n|move|p2a: Greninja|Surf|p1a: Salazzle\n|-start|p2a: Greninja|typechange|Water|[from] ability: Protean\n|-activate|p1a: Salazzle|move: Protect\n|\n|upkeep\n|turn|2\n|\n|t:|1699714501\n|switch|p1a: Tentacruel|Tentacruel, M|100\/100\n|move|p2a: Greninja|Surf|p1a: Tentacruel\n|-resisted|p1a: Tentacruel\n|-damage|p1a: Tentacruel|81\/100\n|-damage|p2a: Greninja|91\/100|[from] item: Life Orb\n|\n|-heal|p1a: Tentacruel|87\/100|[from] item: Leftovers\n|upkeep\n|turn|3\n|\n|t:|1699714506\n|switch|p1a: Salazzle|Salazzle, F|100\/100\n|move|p2a: Greninja|Spikes|p1a: Salazzle\n|-sidestart|p1: Saltakhbvbtor|Spikes\n|\n|upkeep\n|turn|4\n|\n|t:|1699714513\n|switch|p1a: Tentacruel|Tentacruel, M|87\/100\n|-damage|p1a: Tentacruel|75\/100|[from] Spikes\n|move|p2a: Greninja|Dark Pulse|p1a: Tentacruel\n|-damage|p1a: Tentacruel|49\/100\n|-damage|p2a: Greninja|81\/100|[from] item: Life Orb\n|\n|-heal|p1a: Tentacruel|55\/100|[from] item: Leftovers\n|upkeep\n|turn|5\n|\n|t:|1699714524\n|move|p2a: Greninja|U-turn|p1a: Tentacruel\n|-resisted|p1a: Tentacruel\n|-damage|p1a: Tentacruel|43\/100\n|-damage|p2a: Greninja|71\/100|[from] item: Life Orb\n|\n|t:|1699714526\n|switch|p2a: Ferrothorn|Ferrothorn, M|100\/100|[from] U-turn\n|move|p1a: Tentacruel|Rapid Spin|p2a: Ferrothorn\n|-resisted|p2a: Ferrothorn\n|-damage|p2a: Ferrothorn|98\/100\n|-boost|p1a: Tentacruel|spe|1\n|-damage|p1a: Tentacruel|31\/100|[from] ability: Iron Barbs|[of] p2a: Ferrothorn\n|-sideend|p1: Saltakhbvbtor|Spikes|[from] move: Rapid Spin|[of] p1a: Tentacruel\n|\n|-heal|p1a: Tentacruel|37\/100|[from] item: Leftovers\n|-heal|p2a: Ferrothorn|100\/100|[from] item: Leftovers\n|upkeep\n|turn|6\n|\n|t:|1699714539\n|switch|p1a: Salazzle|Salazzle, F|100\/100\n|move|p2a: Ferrothorn|Gyro Ball|p1a: Salazzle\n|-resisted|p1a: Salazzle\n|-damage|p1a: Salazzle|54\/100\n|\n|-heal|p1a: Salazzle|60\/100|[from] item: Leftovers\n|upkeep\n|turn|7\n|\n|t:|1699714546\n|switch|p2a: Rotom|Rotom-Heat|100\/100\n|move|p1a: Salazzle|Toxic|p2a: Rotom\n|-status|p2a: Rotom|tox\n|\n|-heal|p1a: Salazzle|66\/100|[from] item: Leftovers\n|-damage|p2a: Rotom|94\/100 tox|[from] psn\n|upkeep\n|turn|8\n|\n|t:|1699714552\n|move|p1a: Salazzle|Protect|p1a: Salazzle\n|-singleturn|p1a: Salazzle|Protect\n|move|p2a: Rotom|Discharge|p1a: Salazzle\n|-activate|p1a: Salazzle|move: Protect\n|\n|-heal|p1a: Salazzle|72\/100|[from] item: Leftovers\n|-damage|p2a: Rotom|82\/100 tox|[from] psn\n|upkeep\n|turn|9\n|\n|t:|1699714560\n|move|p1a: Salazzle|Substitute|p1a: Salazzle\n|-start|p1a: Salazzle|Substitute\n|-damage|p1a: Salazzle|47\/100\n|move|p2a: Rotom|Discharge|p1a: Salazzle\n|-end|p1a: Salazzle|Substitute\n|\n|-heal|p1a: Salazzle|54\/100|[from] item: Leftovers\n|-damage|p2a: Rotom|63\/100 tox|[from] psn\n|upkeep\n|turn|10\n|\n|t:|1699714564\n|switch|p2a: Greninja|Greninja, F|71\/100\n|move|p1a: Salazzle|Protect||[still]\n|-fail|p1a: Salazzle\n|\n|-heal|p1a: Salazzle|60\/100|[from] item: Leftovers\n|upkeep\n|turn|11\n|\n|t:|1699714568\n|switch|p1a: Magnemite|Magnemite, L1|100\/100\n|move|p2a: Greninja|Surf|p1a: Magnemite\n|-start|p2a: Greninja|typechange|Water|[from] ability: Protean\n|-ability|p1a: Magnemite|Sturdy\n|-damage|p1a: Magnemite|10\/100\n|-enditem|p1a: Magnemite|Berry Juice\n|-heal|p1a: Magnemite|100\/100|[from] item: Berry Juice\n|-damage|p2a: Greninja|61\/100|[from] item: Life Orb\n|\n|upkeep\n|turn|12\n|\n|t:|1699714571\n|move|p2a: Greninja|U-turn|p1a: Magnemite\n|-resisted|p1a: Magnemite\n|-ability|p1a: Magnemite|Sturdy\n|-damage|p1a: Magnemite|10\/100\n|-damage|p2a: Greninja|51\/100|[from] item: Life Orb\n|\n|t:|1699714581\n|switch|p2a: Rotom|Rotom-Heat|63\/100 tox|[from] U-turn\n|move|p1a: Magnemite|Recycle|p1a: Magnemite\n|-item|p1a: Magnemite|Berry Juice|[from] move: Recycle\n|-enditem|p1a: Magnemite|Berry Juice\n|-heal|p1a: Magnemite|100\/100|[from] item: Berry Juice\n|\n|-damage|p2a: Rotom|57\/100 tox|[from] psn\n|upkeep\n|turn|13\n|\n|t:|1699714588\n|move|p1a: Magnemite|Protect|p1a: Magnemite\n|-singleturn|p1a: Magnemite|Protect\n|move|p2a: Rotom|Volt Switch|p1a: Magnemite\n|-activate|p1a: Magnemite|move: Protect\n|\n|-damage|p2a: Rotom|44\/100 tox|[from] psn\n|upkeep\n|turn|14\n|\n|t:|1699714593\n|move|p2a: Rotom|Volt Switch|p1a: Magnemite\n|-resisted|p1a: Magnemite\n|-ability|p1a: Magnemite|Sturdy\n|-damage|p1a: Magnemite|10\/100\n|\n|t:|1699714596\n|switch|p2a: Ferrothorn|Ferrothorn, M|100\/100|[from] Volt Switch\n|move|p1a: Magnemite|Recycle|p1a: Magnemite\n|-item|p1a: Magnemite|Berry Juice|[from] move: Recycle\n|-enditem|p1a: Magnemite|Berry Juice\n|-heal|p1a: Magnemite|100\/100|[from] item: Berry Juice\n|\n|upkeep\n|turn|15\n|\n|t:|1699714604\n|move|p1a: Magnemite|Magic Coat|p1a: Magnemite\n|-singleturn|p1a: Magnemite|move: Magic Coat\n|move|p2a: Ferrothorn|Stealth Rock|p1a: Magnemite\n|move|p1a: Magnemite|Stealth Rock|p2a: Ferrothorn|[from]Magic Coat\n|-sidestart|p2: PhantonSpectrum|move: Stealth Rock\n|\n|upkeep\n|turn|16\n|\n|t:|1699714609\n|move|p1a: Magnemite|Magic Coat|p1a: Magnemite\n|-singleturn|p1a: Magnemite|move: Magic Coat\n|move|p2a: Ferrothorn|Leech Seed|p1a: Magnemite\n|move|p1a: Magnemite|Leech Seed|p2a: Ferrothorn|[from]Magic Coat\n|-immune|p2a: Ferrothorn\n|\n|upkeep\n|turn|17\n|\n|t:|1699714614\n|switch|p1a: Salazzle|Salazzle, F|60\/100\n|move|p2a: Ferrothorn|Stealth Rock|p1a: Salazzle\n|-sidestart|p1: Saltakhbvbtor|move: Stealth Rock\n|\n|-heal|p1a: Salazzle|66\/100|[from] item: Leftovers\n|upkeep\n|turn|18\n|\n|t:|1699714619\n|switch|p2a: Rotom|Rotom-Heat|44\/100 tox\n|move|p1a: Salazzle|Substitute|p1a: Salazzle\n|-start|p1a: Salazzle|Substitute\n|-damage|p1a: Salazzle|41\/100\n|\n|-heal|p1a: Salazzle|47\/100|[from] item: Leftovers\n|-damage|p2a: Rotom|38\/100 tox|[from] psn\n|upkeep\n|turn|19\n|\n|t:|1699714623\n|move|p1a: Salazzle|Protect|p1a: Salazzle\n|-singleturn|p1a: Salazzle|Protect\n|move|p2a: Rotom|Discharge|p1a: Salazzle\n|-activate|p1a: Salazzle|move: Protect\n|\n|-heal|p1a: Salazzle|53\/100|[from] item: Leftovers\n|-damage|p2a: Rotom|26\/100 tox|[from] psn\n|upkeep\n|turn|20\n|\n|t:|1699714638\n|move|p1a: Salazzle|Flamethrower|p2a: Rotom\n|-resisted|p2a: Rotom\n|-damage|p2a: Rotom|0 fnt\n|faint|p2a: Rotom\n|\n|-heal|p1a: Salazzle|59\/100|[from] item: Leftovers\n|upkeep\n|\n|t:|1699714646\n|switch|p2a: Landorus|Landorus-Therian, M|100\/100\n|-damage|p2a: Landorus|88\/100|[from] Stealth Rock\n|-ability|p2a: Landorus|Intimidate|boost\n|-immune|p1a: Salazzle\n|turn|21\n|\n|t:|1699714657\n|move|p1a: Salazzle|Protect|p1a: Salazzle\n|-singleturn|p1a: Salazzle|Protect\n|move|p2a: Landorus|Knock Off|p1a: Salazzle\n|-activate|p1a: Salazzle|move: Protect\n|\n|-heal|p1a: Salazzle|65\/100|[from] item: Leftovers\n|upkeep\n|turn|22\n|-message|PhantonSpectrum forfeited.\n|\n|win|Saltakhbvbtor\n|raw|Saltakhbvbtor's rating: 1109 &rarr; <strong>1139<\/strong><br \/>(+30 for winning)\n|raw|PhantonSpectrum's rating: 1180 &rarr; <strong>1150<\/strong><br \/>(-30 for losing)\n|l|\u2606PhantonSpectrum\n","uploadtime":1699714665,"views":4,"p1id":"saltakhbvbtor","p2id":"phantonspectrum","formatid":"gen9nationaldex","rating":1139,"private":0,"password":""}