{"id":"gen9nationaldex-1990182678","p1":"boppydop","p2":"Kuzwa","format":"[Gen 9] National Dex","log":"|j|\u203dboppydop\n|j|\u2606Kuzwa\n|t:|1699934009\n|gametype|singles\n|player|p1|boppydop|twins-gen4dp|1285\n|player|p2|Kuzwa|parasollady|1271\n|teamsize|p1|6\n|teamsize|p2|6\n|gen|9\n|tier|[Gen 9] National Dex\n|rated|\n|rule|HP Percentage Mod: HP is shown in percentages\n|rule|Endless Battle Clause: Forcing endless battles is banned\n|rule|OHKO Clause: OHKO moves are banned\n|rule|Evasion Clause: Evasion abilities, items, and moves are banned\n|rule|Evasion Abilities Clause: Evasion abilities are banned\n|rule|Evasion Items Clause: Evasion items are banned\n|rule|Evasion Moves Clause: Evasion moves are banned\n|rule|Species Clause: Limit one of each Pok\u00e9mon\n|rule|Sleep Clause Mod: Limit one foe put to sleep\n|clearpoke\n|poke|p1|Gliscor, M|\n|poke|p1|Ogerpon-Wellspring, F|\n|poke|p1|Rillaboom, F|\n|poke|p1|Banette, M|\n|poke|p1|Heatran, F|\n|poke|p1|Mamoswine, M|\n|poke|p2|Gallade, M|\n|poke|p2|Kartana|\n|poke|p2|Weavile, M|\n|poke|p2|Ogerpon-Wellspring, F|\n|poke|p2|Zeraora|\n|poke|p2|Glimmora, M|\n|teampreview\n|inactive|Battle timer is ON: inactive players will automatically lose when time's up. (requested by boppydop)\n|\n|t:|1699934024\n|start\n|switch|p1a: Mamoswine|Mamoswine, M|100\/100\n|switch|p2a: thing|Glimmora, M|100\/100\n|-item|p2a: thing|Air Balloon\n|turn|1\n|\n|t:|1699934036\n|move|p2a: thing|Power Gem|p1a: Mamoswine\n|-damage|p1a: Mamoswine|49\/100\n|move|p1a: Mamoswine|Knock Off|p2a: thing\n|-damage|p2a: thing|37\/100\n|-activate|p2a: thing|ability: Toxic Debris\n|-sidestart|p1: boppydop|move: Toxic Spikes\n|-enditem|p2a: thing|Air Balloon\n|\n|upkeep\n|turn|2\n|l|\u203dboppydop\n|inactive|boppydop disconnected and has a minute to reconnect!\n|player|p1|\n|inactive|boppydop has 30 seconds to reconnect!\n|j|\u203dboppydop\n|inactive|boppydop reconnected and has 120 seconds left.\n|player|p1|boppydop|twins-gen4dp\n|n|\u203dboppydop|boppydop\n|\n|t:|1699934079\n|move|p2a: thing|Sludge Wave|p1a: Mamoswine\n|-resisted|p1a: Mamoswine\n|-damage|p1a: Mamoswine|17\/100\n|move|p1a: Mamoswine|Knock Off|p2a: thing\n|-damage|p2a: thing|0 fnt\n|-activate|p2a: thing|ability: Toxic Debris\n|-sidestart|p1: boppydop|move: Toxic Spikes\n|faint|p2a: thing\n|\n|upkeep\n|\n|t:|1699934085\n|switch|p2a: Makoto Yuki|Kartana, shiny|100\/100\n|turn|3\n|inactive|boppydop has 120 seconds left.\n|\n|t:|1699934091\n|move|p2a: Makoto Yuki|Smart Strike|p1a: Mamoswine\n|-supereffective|p1a: Mamoswine\n|-damage|p1a: Mamoswine|0 fnt\n|faint|p1a: Mamoswine\n|-ability|p2a: Makoto Yuki|Beast Boost|boost\n|-boost|p2a: Makoto Yuki|atk|1\n|\n|upkeep\n|inactive|boppydop has 120 seconds left.\n|\n|t:|1699934099\n|switch|p1a: Heatran|Heatran, F|100\/100\n|turn|4\n|\n|t:|1699934104\n|move|p2a: Makoto Yuki|Sacred Sword|p1a: Heatran\n|-supereffective|p1a: Heatran\n|-damage|p1a: Heatran|4\/100\n|move|p1a: Heatran|Magma Storm|p2a: Makoto Yuki\n|-supereffective|p2a: Makoto Yuki\n|-enditem|p2a: Makoto Yuki|Focus Sash\n|-damage|p2a: Makoto Yuki|1\/100\n|-activate|p2a: Makoto Yuki|move: Magma Storm|[of] p1a: Heatran\n|\n|-damage|p2a: Makoto Yuki|0 fnt|[from] move: Magma Storm|[partiallytrapped]\n|faint|p2a: Makoto Yuki\n|upkeep\n|\n|t:|1699934111\n|switch|p2a: Junpei Iori|Weavile, M, shiny|100\/100\n|turn|5\n|\n|t:|1699934117\n|move|p2a: Junpei Iori|Ice Spinner|p1a: Heatran\n|-resisted|p1a: Heatran\n|-damage|p1a: Heatran|0 fnt\n|faint|p1a: Heatran\n|\n|upkeep\n|\n|t:|1699934124\n|switch|p1a: Ogerpon|Ogerpon-Wellspring, F|100\/100\n|-status|p1a: Ogerpon|tox\n|turn|6\n|\n|t:|1699934130\n|-terastallize|p1a: Ogerpon|Water\n|detailschange|p1a: Ogerpon|Ogerpon-Wellspring-Tera, F, tera:Water\n|-ability|p1a: Ogerpon|Embody Aspect (Wellspring)|boost\n|-boost|p1a: Ogerpon|spd|1\n|move|p2a: Junpei Iori|Swords Dance|p2a: Junpei Iori\n|-boost|p2a: Junpei Iori|atk|2\n|move|p1a: Ogerpon|Ivy Cudgel|p2a: Junpei Iori\n|-enditem|p2a: Junpei Iori|Focus Sash\n|-damage|p2a: Junpei Iori|1\/100\n|\n|-damage|p1a: Ogerpon|95\/100 tox|[from] psn\n|upkeep\n|turn|7\n|\n|t:|1699934140\n|switch|p1a: Banette|Banette, M|100\/100\n|-status|p1a: Banette|tox\n|move|p2a: Junpei Iori|Throat Chop|p1a: Banette\n|-supereffective|p1a: Banette\n|-damage|p1a: Banette|0 fnt\n|faint|p1a: Banette\n|\n|upkeep\n|\n|t:|1699934146\n|switch|p1a: Rillaboom|Rillaboom, F|100\/100\n|-status|p1a: Rillaboom|tox\n|-fieldstart|move: Grassy Terrain|[from] ability: Grassy Surge|[of] p1a: Rillaboom\n|turn|8\n|\n|t:|1699934149\n|move|p1a: Rillaboom|Grassy Glide|p2a: Junpei Iori\n|-damage|p2a: Junpei Iori|0 fnt\n|faint|p2a: Junpei Iori\n|\n|-damage|p1a: Rillaboom|94\/100 tox|[from] psn\n|upkeep\n|\n|t:|1699934154\n|switch|p2a: Ken Amada|Zeraora|100\/100\n|turn|9\n|\n|t:|1699934157\n|move|p2a: Ken Amada|Fake Out|p1a: Rillaboom\n|-damage|p1a: Rillaboom|83\/100 tox\n|cant|p1a: Rillaboom|flinch\n|\n|-heal|p1a: Rillaboom|90\/100 tox|[from] Grassy Terrain\n|-damage|p1a: Rillaboom|77\/100 tox|[from] psn\n|upkeep\n|turn|10\n|\n|t:|1699934161\n|-terastallize|p2a: Ken Amada|Flying\n|move|p1a: Rillaboom|Grassy Glide|p2a: Ken Amada\n|-resisted|p2a: Ken Amada\n|-damage|p2a: Ken Amada|63\/100\n|move|p2a: Ken Amada|Plasma Fists|p1a: Rillaboom\n|-resisted|p1a: Rillaboom\n|-damage|p1a: Rillaboom|55\/100 tox\n|-fieldactivate|move: Ion Deluge\n|-hint|Normal-type moves become Electric-type after using Plasma Fists.\n|\n|-heal|p1a: Rillaboom|61\/100 tox|[from] Grassy Terrain\n|-damage|p1a: Rillaboom|43\/100 tox|[from] psn\n|upkeep\n|turn|11\n|\n|t:|1699934173\n|switch|p2a: Ryoji Mochizuki|Gallade, M, shiny|100\/100\n|switch|p1a: Gliscor|Gliscor, M|100\/100\n|\n|-status|p1a: Gliscor|tox|[from] item: Toxic Orb\n|upkeep\n|turn|12\n|\n|t:|1699934181\n|move|p1a: Gliscor|Protect|p1a: Gliscor\n|-singleturn|p1a: Gliscor|Protect\n|move|p2a: Ryoji Mochizuki|Swords Dance|p2a: Ryoji Mochizuki\n|-boost|p2a: Ryoji Mochizuki|atk|2\n|\n|-fieldend|move: Grassy Terrain\n|upkeep\n|turn|13\n|\n|t:|1699934187\n|detailschange|p2a: Ryoji Mochizuki|Gallade-Mega, M, shiny\n|-mega|p2a: Ryoji Mochizuki|Gallade|Galladite\n|move|p2a: Ryoji Mochizuki|Swords Dance|p2a: Ryoji Mochizuki\n|-boost|p2a: Ryoji Mochizuki|atk|2\n|move|p1a: Gliscor|Toxic|p2a: Ryoji Mochizuki\n|-status|p2a: Ryoji Mochizuki|tox\n|\n|-damage|p2a: Ryoji Mochizuki|94\/100 tox|[from] psn\n|upkeep\n|turn|14\n|\n|t:|1699934192\n|move|p1a: Gliscor|Protect|p1a: Gliscor\n|-singleturn|p1a: Gliscor|Protect\n|move|p2a: Ryoji Mochizuki|Psycho Cut|p1a: Gliscor\n|-activate|p1a: Gliscor|move: Protect\n|\n|-damage|p2a: Ryoji Mochizuki|82\/100 tox|[from] psn\n|upkeep\n|turn|15\n|\n|t:|1699934199\n|move|p2a: Ryoji Mochizuki|Psycho Cut|p1a: Gliscor\n|-damage|p1a: Gliscor|20\/100 tox\n|move|p1a: Gliscor|Earthquake|p2a: Ryoji Mochizuki\n|-crit|p2a: Ryoji Mochizuki\n|-damage|p2a: Ryoji Mochizuki|14\/100 tox\n|\n|-damage|p2a: Ryoji Mochizuki|0 fnt|[from] psn\n|faint|p2a: Ryoji Mochizuki\n|-heal|p1a: Gliscor|32\/100 tox|[from] ability: Poison Heal\n|upkeep\n|\n|t:|1699934205\n|switch|p2a: Aigis|Ogerpon-Wellspring, F|100\/100\n|turn|16\n|\n|t:|1699934210\n|move|p1a: Gliscor|Protect|p1a: Gliscor\n|-singleturn|p1a: Gliscor|Protect\n|move|p2a: Aigis|Swords Dance|p2a: Aigis\n|-boost|p2a: Aigis|atk|2\n|\n|-heal|p1a: Gliscor|45\/100 tox|[from] ability: Poison Heal\n|upkeep\n|turn|17\n|\n|t:|1699934217\n|move|p2a: Aigis|Horn Leech|p1a: Gliscor\n|-damage|p1a: Gliscor|0 fnt\n|faint|p1a: Gliscor\n|\n|upkeep\n|\n|t:|1699934220\n|switch|p1a: Rillaboom|Rillaboom, F|43\/100 tox\n|-fieldstart|move: Grassy Terrain|[from] ability: Grassy Surge|[of] p1a: Rillaboom\n|turn|18\n|\n|t:|1699934225\n|move|p1a: Rillaboom|Grassy Glide|p2a: Aigis\n|-damage|p2a: Aigis|19\/100\n|move|p2a: Aigis|U-turn|p1a: Rillaboom\n|-supereffective|p1a: Rillaboom\n|-damage|p1a: Rillaboom|0 fnt\n|faint|p1a: Rillaboom\n|\n|t:|1699934230\n|switch|p2a: Ken Amada|Zeraora, tera:Flying|63\/100|[from] U-turn\n|\n|upkeep\n|\n|t:|1699934234\n|switch|p1a: Ogerpon|Ogerpon-Wellspring-Tera, F, tera:Water|95\/100 tox\n|-ability|p1a: Ogerpon|Embody Aspect (Wellspring)|boost\n|-boost|p1a: Ogerpon|spd|1\n|turn|19\n|\n|t:|1699934242\n|move|p2a: Ken Amada|Fake Out|p1a: Ogerpon\n|-damage|p1a: Ogerpon|79\/100 tox\n|cant|p1a: Ogerpon|flinch\n|\n|-heal|p1a: Ogerpon|85\/100 tox|[from] Grassy Terrain\n|-damage|p1a: Ogerpon|79\/100 tox|[from] psn\n|upkeep\n|turn|20\n|\n|t:|1699934245\n|move|p2a: Ken Amada|Plasma Fists|p1a: Ogerpon\n|-supereffective|p1a: Ogerpon\n|-damage|p1a: Ogerpon|0 fnt\n|-fieldactivate|move: Ion Deluge\n|-hint|Normal-type moves become Electric-type after using Plasma Fists.\n|faint|p1a: Ogerpon\n|\n|win|Kuzwa\n|raw|boppydop's rating: 1285 &rarr; <strong>1259<\/strong><br \/>(-26 for losing)\n|raw|Kuzwa's rating: 1271 &rarr; <strong>1297<\/strong><br \/>(+26 for winning)\n|l|\u203dboppydop\n","uploadtime":1699934251,"views":4,"p1id":"boppydop","p2id":"kuzwa","formatid":"gen9nationaldex","rating":1259,"private":0,"password":""}