{"id":"gen9nationaldex-1991359401","p1":"sky522","p2":"Markoakuma","format":"[Gen 9] National Dex","log":"|j|\u2606sky522\n|j|\u2606Markoakuma\n|t:|1700070567\n|gametype|singles\n|player|p1|sky522|ghetsis|1005\n|player|p2|Markoakuma|falkner|1000\n|teamsize|p1|6\n|teamsize|p2|6\n|gen|9\n|tier|[Gen 9] National Dex\n|rated|\n|rule|HP Percentage Mod: HP is shown in percentages\n|rule|Endless Battle Clause: Forcing endless battles is banned\n|rule|OHKO Clause: OHKO moves are banned\n|rule|Evasion Clause: Evasion abilities, items, and moves are banned\n|rule|Evasion Abilities Clause: Evasion abilities are banned\n|rule|Evasion Items Clause: Evasion items are banned\n|rule|Evasion Moves Clause: Evasion moves are banned\n|rule|Species Clause: Limit one of each Pok\u00e9mon\n|rule|Sleep Clause Mod: Limit one foe put to sleep\n|clearpoke\n|poke|p1|Garchomp, M|\n|poke|p1|Krookodile, F|\n|poke|p1|Gliscor, F|\n|poke|p1|Golurk|\n|poke|p1|Steelix, M|\n|poke|p1|Mudsdale, M|\n|poke|p2|Gallade, M|\n|poke|p2|Dusknoir, M|\n|poke|p2|Aromatisse, F|\n|poke|p2|Orbeetle, M|\n|poke|p2|Boltund, F|\n|poke|p2|Torkoal, F|\n|teampreview\n|inactive|Battle timer is ON: inactive players will automatically lose when time's up. (requested by sky522)\n|\n|t:|1700070576\n|start\n|switch|p1a: Golurk|Golurk|100\/100\n|switch|p2a: Torkoal|Torkoal, F|100\/100\n|-weather|SunnyDay|[from] ability: Drought|[of] p2a: Torkoal\n|turn|1\n|\n|t:|1700070585\n|move|p1a: Golurk|Earthquake|p2a: Torkoal\n|-supereffective|p2a: Torkoal\n|-damage|p2a: Torkoal|26\/100\n|-damage|p1a: Golurk|91\/100|[from] item: Life Orb\n|move|p2a: Torkoal|Yawn|p1a: Golurk\n|-start|p1a: Golurk|move: Yawn|[of] p2a: Torkoal\n|\n|-weather|SunnyDay|[upkeep]\n|upkeep\n|turn|2\n|\n|t:|1700070594\n|move|p1a: Golurk|Shadow Punch|p2a: Torkoal\n|-damage|p2a: Torkoal|0 fnt\n|-damage|p1a: Golurk|74\/100|[from] item: Rocky Helmet|[of] p2a: Torkoal\n|faint|p2a: Torkoal\n|-damage|p1a: Golurk|64\/100|[from] item: Life Orb\n|\n|-weather|SunnyDay|[upkeep]\n|-end|p1a: Golurk|move: Yawn|[silent]\n|-status|p1a: Golurk|slp\n|upkeep\n|\n|t:|1700070603\n|switch|p2a: Dusknoir|Dusknoir, M|100\/100\n|-ability|p2a: Dusknoir|Pressure\n|turn|3\n|\n|t:|1700070610\n|cant|p1a: Golurk|slp\n|move|p2a: Dusknoir|Poltergeist|p1a: Golurk\n|-activate|p1a: Golurk|move: Poltergeist|Life Orb\n|-supereffective|p1a: Golurk\n|-damage|p1a: Golurk|0 fnt\n|faint|p1a: Golurk\n|\n|-weather|SunnyDay|[upkeep]\n|upkeep\n|\n|t:|1700070622\n|switch|p1a: Krookodile|Krookodile, F|100\/100\n|turn|4\n|\n|t:|1700070627\n|-terastallize|p2a: Dusknoir|Dark\n|move|p1a: Krookodile|Crunch|p2a: Dusknoir\n|-resisted|p2a: Dusknoir\n|-damage|p2a: Dusknoir|82\/100\n|move|p2a: Dusknoir|Leech Life|p1a: Krookodile\n|-supereffective|p1a: Krookodile\n|-damage|p1a: Krookodile|53\/100\n|-heal|p2a: Dusknoir|100\/100|[from] drain|[of] p1a: Krookodile\n|\n|-weather|SunnyDay|[upkeep]\n|upkeep\n|turn|5\n|\n|t:|1700070649\n|move|p1a: Krookodile|Brick Break|p2a: Dusknoir\n|-supereffective|p2a: Dusknoir\n|-damage|p2a: Dusknoir|40\/100\n|move|p2a: Dusknoir|Leech Life|p1a: Krookodile\n|-supereffective|p1a: Krookodile\n|-damage|p1a: Krookodile|0 fnt\n|-heal|p2a: Dusknoir|78\/100|[from] drain|[of] p1a: Krookodile\n|faint|p1a: Krookodile\n|\n|-weather|none\n|upkeep\n|-message|sky522 forfeited.\n|\n|win|Markoakuma\n|raw|sky522's rating: 1005 &rarr; <strong>1000<\/strong><br \/>(-5 for losing)\n|raw|Markoakuma's rating: 1000 &rarr; <strong>1041<\/strong><br \/>(+41 for winning)\n|l|\u2606sky522\n","uploadtime":1700070754,"views":10,"p1id":"sky522","p2id":"markoakuma","formatid":"gen9nationaldex","rating":1000,"private":0,"password":""}