{"id":"gen9nationaldex-1993316305","p1":"mmm5","p2":"biedianla","format":"[Gen 9] National Dex","log":"|j|\u2606mmm5\n|j|\u2606biedianla\n|t:|1700296775\n|gametype|singles\n|player|p1|mmm5|ghetsis|1690\n|player|p2|biedianla|pokemaniac|1651\n|teamsize|p1|6\n|teamsize|p2|6\n|gen|9\n|tier|[Gen 9] National Dex\n|rated|\n|rule|HP Percentage Mod: HP is shown in percentages\n|rule|Endless Battle Clause: Forcing endless battles is banned\n|rule|OHKO Clause: OHKO moves are banned\n|rule|Evasion Clause: Evasion abilities, items, and moves are banned\n|rule|Evasion Abilities Clause: Evasion abilities are banned\n|rule|Evasion Items Clause: Evasion items are banned\n|rule|Evasion Moves Clause: Evasion moves are banned\n|rule|Species Clause: Limit one of each Pok\u00e9mon\n|rule|Sleep Clause Mod: Limit one foe put to sleep\n|clearpoke\n|poke|p1|Tapu Koko|\n|poke|p1|Mimikyu, M|\n|poke|p1|Skarmory, M|\n|poke|p1|Sneasler, M|\n|poke|p1|Greninja-*, M|\n|poke|p1|Zamazenta-*|\n|poke|p2|Rillaboom, F|\n|poke|p2|Heatran, M|\n|poke|p2|Medicham, M|\n|poke|p2|Dragonite, M|\n|poke|p2|Tornadus-Therian, M|\n|poke|p2|Alomomola, F|\n|teampreview\n|inactive|Battle timer is ON: inactive players will automatically lose when time's up. (requested by biedianla)\n|\n|t:|1700296788\n|start\n|switch|p1a: HerEx|Greninja, M|100\/100\n|switch|p2a: Heatran|Heatran, M|100\/100\n|turn|1\n|\n|t:|1700296797\n|move|p1a: HerEx|Toxic Spikes|p2a: Heatran\n|-start|p1a: HerEx|typechange|Poison|[from] ability: Protean\n|-sidestart|p2: biedianla|move: Toxic Spikes\n|move|p2a: Heatran|Toxic|p1a: HerEx|[miss]\n|-miss|p2a: Heatran|p1a: HerEx\n|\n|upkeep\n|turn|2\n|\n|t:|1700296802\n|move|p1a: HerEx|Taunt|p2a: Heatran\n|-start|p2a: Heatran|move: Taunt\n|move|p2a: Heatran|Magma Storm|p1a: HerEx\n|-damage|p1a: HerEx|42\/100\n|-activate|p1a: HerEx|move: Magma Storm|[of] p2a: Heatran\n|\n|-damage|p1a: HerEx|30\/100|[from] move: Magma Storm|[partiallytrapped]\n|upkeep\n|turn|3\n|\n|t:|1700296809\n|move|p1a: HerEx|Spikes|p2a: Heatran\n|-sidestart|p2: biedianla|Spikes\n|move|p2a: Heatran|Earth Power|p1a: HerEx\n|-supereffective|p1a: HerEx\n|-damage|p1a: HerEx|0 fnt\n|faint|p1a: HerEx\n|\n|upkeep\n|\n|t:|1700296822\n|switch|p1a: HerDad|Tapu Koko|100\/100\n|-fieldstart|move: Electric Terrain|[from] ability: Electric Surge|[of] p1a: HerDad\n|turn|4\n|\n|t:|1700296826\n|move|p1a: HerDad|Volt Switch|p2a: Heatran\n|-damage|p2a: Heatran|77\/100\n|\n|t:|1700296829\n|switch|p1a: HerFWB|Mimikyu, M|100\/100|[from] Volt Switch\n|move|p2a: Heatran|Magma Storm|p1a: HerFWB\n|-activate|p1a: HerFWB|ability: Disguise\n|-damage|p1a: HerFWB|100\/100\n|-activate|p1a: HerFWB|move: Magma Storm|[of] p2a: Heatran\n|detailschange|p1a: HerFWB|Mimikyu-Busted, M\n|-damage|p1a: HerFWB|88\/100|[from] pokemon: Mimikyu-Busted\n|-enditem|p1a: HerFWB|Red Card|[of] p2a: Heatran\n|drag|p2a: Alomomola|Alomomola, F, shiny|100\/100\n|-status|p2a: Alomomola|psn\n|-damage|p2a: Alomomola|88\/100 psn|[from] Spikes\n|\n|-damage|p2a: Alomomola|76\/100 psn|[from] psn\n|-end|p1a: HerFWB|Magma Storm|[partiallytrapped]|[silent]\n|upkeep\n|turn|5\n|\n|t:|1700296841\n|move|p1a: HerFWB|Taunt|p2a: Alomomola\n|-start|p2a: Alomomola|move: Taunt\n|move|p2a: Alomomola|Flip Turn|p1a: HerFWB\n|-damage|p1a: HerFWB|59\/100\n|\n|t:|1700296845\n|switch|p2a: Tornadus|Tornadus-Therian, M, shiny|100\/100|[from] Flip Turn\n|\n|upkeep\n|turn|6\n|\n|t:|1700296849\n|switch|p1a: HerDad|Tapu Koko|100\/100\n|move|p2a: Tornadus|Defog|p1a: HerDad\n|-unboost|p1a: HerDad|evasion|1\n|-sideend|p2: biedianla|Spikes|[from] move: Defog|[of] p2a: Tornadus\n|-sideend|p2: biedianla|Toxic Spikes|[from] move: Defog|[of] p2a: Tornadus\n|-fieldend|move: Electric Terrain\n|\n|upkeep\n|turn|7\n|\n|t:|1700296853\n|move|p1a: HerDad|Volt Switch|p2a: Tornadus\n|-supereffective|p2a: Tornadus\n|-damage|p2a: Tornadus|39\/100\n|\n|t:|1700296858\n|switch|p1a: HerLastEx|Skarmory, M|100\/100|[from] Volt Switch\n|move|p2a: Tornadus|U-turn|p1a: HerLastEx\n|-resisted|p1a: HerLastEx\n|-damage|p1a: HerLastEx|97\/100\n|-enditem|p1a: HerLastEx|Red Card|[of] p2a: Tornadus\n|drag|p2a: Rillaboom|Rillaboom, F|100\/100\n|-fieldstart|move: Grassy Terrain|[from] ability: Grassy Surge|[of] p2a: Rillaboom\n|\n|upkeep\n|turn|8\n|\n|t:|1700296866\n|move|p1a: HerLastEx|Stealth Rock|p2a: Rillaboom\n|-sidestart|p2: biedianla|move: Stealth Rock\n|move|p2a: Rillaboom|U-turn|p1a: HerLastEx\n|-resisted|p1a: HerLastEx\n|-damage|p1a: HerLastEx|89\/100\n|\n|t:|1700296868\n|switch|p2a: Heatran|Heatran, M|77\/100|[from] U-turn\n|-damage|p2a: Heatran|65\/100|[from] Stealth Rock\n|\n|-heal|p2a: Heatran|71\/100|[from] Grassy Terrain\n|-heal|p2a: Heatran|77\/100|[from] item: Leftovers\n|upkeep\n|turn|9\n|\n|t:|1700296873\n|move|p1a: HerLastEx|Spikes|p2a: Heatran\n|-sidestart|p2: biedianla|Spikes\n|move|p2a: Heatran|Magma Storm|p1a: HerLastEx\n|-supereffective|p1a: HerLastEx\n|-damage|p1a: HerLastEx|0 fnt\n|faint|p1a: HerLastEx\n|\n|-heal|p2a: Heatran|83\/100|[from] Grassy Terrain\n|-heal|p2a: Heatran|90\/100|[from] item: Leftovers\n|upkeep\n|\n|t:|1700296879\n|switch|p1a: Zamazenta|Zamazenta|100\/100\n|-ability|p1a: Zamazenta|Dauntless Shield|boost\n|-boost|p1a: Zamazenta|def|1\n|turn|10\n|\n|t:|1700296881\n|-terastallize|p2a: Heatran|Grass\n|move|p1a: Zamazenta|Close Combat|p2a: Heatran\n|-damage|p2a: Heatran|38\/100\n|-unboost|p1a: Zamazenta|def|1\n|-unboost|p1a: Zamazenta|spd|1\n|move|p2a: Heatran|Toxic|p1a: Zamazenta\n|-status|p1a: Zamazenta|tox\n|\n|-heal|p2a: Heatran|45\/100|[from] Grassy Terrain\n|-heal|p2a: Heatran|51\/100|[from] item: Leftovers\n|-damage|p1a: Zamazenta|94\/100 tox|[from] psn\n|upkeep\n|turn|11\n|\n|t:|1700296894\n|switch|p1a: HerFWB|Mimikyu-Busted, M|59\/100\n|switch|p2a: Alomomola|Alomomola, F, shiny|100\/100 psn\n|-damage|p2a: Alomomola|88\/100 psn|[from] Stealth Rock\n|-damage|p2a: Alomomola|76\/100 psn|[from] Spikes\n|\n|-heal|p1a: HerFWB|65\/100|[from] Grassy Terrain\n|-heal|p2a: Alomomola|82\/100 psn|[from] Grassy Terrain\n|-damage|p2a: Alomomola|70\/100 psn|[from] psn\n|-fieldend|move: Grassy Terrain\n|upkeep\n|turn|12\n|\n|t:|1700296899\n|switch|p1a: HerDad|Tapu Koko|100\/100\n|-fieldstart|move: Electric Terrain|[from] ability: Electric Surge|[of] p1a: HerDad\n|move|p2a: Alomomola|Toxic|p1a: HerDad\n|-status|p1a: HerDad|tox\n|\n|-damage|p1a: HerDad|94\/100 tox|[from] psn\n|-damage|p2a: Alomomola|57\/100 psn|[from] psn\n|upkeep\n|turn|13\n|\n|t:|1700296909\n|move|p2a: Alomomola|Protect|p2a: Alomomola\n|-singleturn|p2a: Alomomola|Protect\n|-zpower|p1a: HerDad\n|move|p1a: HerDad|Twinkle Tackle|p2a: Alomomola|[zeffect]\n|-zbroken|p2a: Alomomola\n|-damage|p2a: Alomomola|36\/100 psn\n|\n|-damage|p1a: HerDad|82\/100 tox|[from] psn\n|-damage|p2a: Alomomola|24\/100 psn|[from] psn\n|upkeep\n|turn|14\n|\n|t:|1700296914\n|switch|p2a: Rillaboom|Rillaboom, F|100\/100\n|-damage|p2a: Rillaboom|88\/100|[from] Stealth Rock\n|-damage|p2a: Rillaboom|76\/100|[from] Spikes\n|-fieldstart|move: Grassy Terrain|[from] ability: Grassy Surge|[of] p2a: Rillaboom\n|move|p1a: HerDad|Volt Switch|p2a: Rillaboom\n|-resisted|p2a: Rillaboom\n|-damage|p2a: Rillaboom|60\/100\n|\n|t:|1700296925\n|switch|p1a: Zamazenta|Zamazenta|94\/100 tox|[from] Volt Switch\n|\n|-heal|p1a: Zamazenta|100\/100 tox|[from] Grassy Terrain\n|-heal|p2a: Rillaboom|66\/100|[from] Grassy Terrain\n|-damage|p1a: Zamazenta|94\/100 tox|[from] psn\n|upkeep\n|turn|15\n|\n|t:|1700296930\n|switch|p2a: Alomomola|Alomomola, F, shiny|57\/100 psn\n|-damage|p2a: Alomomola|45\/100 psn|[from] Stealth Rock\n|-damage|p2a: Alomomola|33\/100 psn|[from] Spikes\n|move|p1a: Zamazenta|Close Combat|p2a: Alomomola\n|-damage|p2a: Alomomola|3\/100 psn\n|-unboost|p1a: Zamazenta|def|1\n|-unboost|p1a: Zamazenta|spd|1\n|-damage|p1a: Zamazenta|78\/100 tox|[from] item: Rocky Helmet|[of] p2a: Alomomola\n|\n|-heal|p1a: Zamazenta|84\/100 tox|[from] Grassy Terrain\n|-heal|p2a: Alomomola|9\/100 psn|[from] Grassy Terrain\n|-damage|p1a: Zamazenta|72\/100 tox|[from] psn\n|-damage|p2a: Alomomola|0 fnt|[from] psn\n|faint|p2a: Alomomola\n|upkeep\n|\n|t:|1700296938\n|switch|p2a: Tornadus|Tornadus-Therian, M, shiny|72\/100\n|turn|16\n|\n|t:|1700296950\n|move|p1a: Zamazenta|Stone Edge|p2a: Tornadus\n|-supereffective|p2a: Tornadus\n|-damage|p2a: Tornadus|0 fnt\n|faint|p2a: Tornadus\n|\n|-heal|p1a: Zamazenta|78\/100 tox|[from] Grassy Terrain\n|-damage|p1a: Zamazenta|59\/100 tox|[from] psn\n|upkeep\n|\n|t:|1700296956\n|switch|p2a: Dragonite|Dragonite, M, shiny|100\/100\n|turn|17\n|\n|t:|1700296962\n|move|p1a: Zamazenta|Play Rough|p2a: Dragonite\n|-supereffective|p2a: Dragonite\n|-damage|p2a: Dragonite|63\/100\n|move|p2a: Dragonite|Dragon Dance|p2a: Dragonite\n|-boost|p2a: Dragonite|atk|1\n|-boost|p2a: Dragonite|spe|1\n|\n|-heal|p1a: Zamazenta|66\/100 tox|[from] Grassy Terrain\n|-damage|p1a: Zamazenta|41\/100 tox|[from] psn\n|upkeep\n|turn|18\n|\n|t:|1700296971\n|move|p1a: Zamazenta|Play Rough|p2a: Dragonite\n|-supereffective|p2a: Dragonite\n|-damage|p2a: Dragonite|0 fnt\n|faint|p2a: Dragonite\n|\n|-heal|p1a: Zamazenta|47\/100 tox|[from] Grassy Terrain\n|-damage|p1a: Zamazenta|16\/100 tox|[from] psn\n|-fieldend|move: Grassy Terrain\n|upkeep\n|\n|t:|1700296978\n|switch|p2a: Medicham|Medicham, M|100\/100\n|-damage|p2a: Medicham|94\/100|[from] Stealth Rock\n|-damage|p2a: Medicham|82\/100|[from] Spikes\n|turn|19\n|\n|t:|1700296983\n|switch|p1a: HerFWB|Mimikyu-Busted, M|65\/100\n|detailschange|p2a: Medicham|Medicham-Mega, M\n|-mega|p2a: Medicham|Medicham|Medichamite\n|move|p2a: Medicham|Bullet Punch|p1a: HerFWB\n|-supereffective|p1a: HerFWB\n|-damage|p1a: HerFWB|0 fnt\n|faint|p1a: HerFWB\n|\n|upkeep\n|\n|t:|1700296990\n|switch|p1a: HerDad|Tapu Koko|82\/100 tox\n|-fieldstart|move: Electric Terrain|[from] ability: Electric Surge|[of] p1a: HerDad\n|turn|20\n|\n|t:|1700296995\n|move|p1a: HerDad|Dazzling Gleam|p2a: Medicham\n|-supereffective|p2a: Medicham\n|-damage|p2a: Medicham|0 fnt\n|faint|p2a: Medicham\n|\n|-damage|p1a: HerDad|76\/100 tox|[from] psn\n|upkeep\n|\n|t:|1700296998\n|switch|p2a: Rillaboom|Rillaboom, F|66\/100\n|-damage|p2a: Rillaboom|54\/100|[from] Stealth Rock\n|-damage|p2a: Rillaboom|41\/100|[from] Spikes\n|-fieldstart|move: Grassy Terrain|[from] ability: Grassy Surge|[of] p2a: Rillaboom\n|turn|21\n|\n|t:|1700297005\n|switch|p1a: Zamazenta|Zamazenta|16\/100 tox\n|move|p2a: Rillaboom|Grassy Glide|p1a: Zamazenta\n|-damage|p1a: Zamazenta|0 fnt\n|faint|p1a: Zamazenta\n|\n|-heal|p2a: Rillaboom|48\/100|[from] Grassy Terrain\n|upkeep\n|\n|t:|1700297010\n|switch|p1a: HerDad|Tapu Koko|76\/100 tox\n|-fieldstart|move: Electric Terrain|[from] ability: Electric Surge|[of] p1a: HerDad\n|turn|22\n|\n|t:|1700297012\n|switch|p2a: Heatran|Heatran, M, tera:Grass|51\/100\n|-damage|p2a: Heatran|38\/100|[from] Stealth Rock\n|-damage|p2a: Heatran|26\/100|[from] Spikes\n|move|p1a: HerDad|Volt Switch|p2a: Heatran\n|-resisted|p2a: Heatran\n|-damage|p2a: Heatran|14\/100\n|l|\u2606biedianla\n|inactive|biedianla disconnected and has a minute to reconnect!\n|player|p2|\n|\n|t:|1700297020\n|switch|p1a: HerBrother|Sneasler, M|100\/100|[from] Volt Switch\n|-enditem|p1a: HerBrother|Electric Seed\n|-boost|p1a: HerBrother|def|1|[from] item: Electric Seed\n|\n|-heal|p2a: Heatran|20\/100|[from] item: Leftovers\n|upkeep\n|turn|23\n|inactive|biedianla has 30 seconds to reconnect!\n|inactive|biedianla has 20 seconds to reconnect!\n|inactive|biedianla has 15 seconds to reconnect!\n|j|\u2606biedianla\n|inactive|biedianla reconnected and has 105 seconds left.\n|player|p2|biedianla|pokemaniac\n|\n|t:|1700297069\n|move|p1a: HerBrother|Dire Claw|p2a: Heatran\n|-supereffective|p2a: Heatran\n|-damage|p2a: Heatran|0 fnt\n|faint|p2a: Heatran\n|\n|upkeep\n|\n|t:|1700297071\n|switch|p2a: Rillaboom|Rillaboom, F|48\/100\n|-damage|p2a: Rillaboom|35\/100|[from] Stealth Rock\n|-damage|p2a: Rillaboom|23\/100|[from] Spikes\n|-fieldstart|move: Grassy Terrain|[from] ability: Grassy Surge|[of] p2a: Rillaboom\n|turn|24\n|\n|t:|1700297078\n|move|p2a: Rillaboom|Grassy Glide|p1a: HerBrother\n|-resisted|p1a: HerBrother\n|-damage|p1a: HerBrother|72\/100\n|move|p1a: HerBrother|Dire Claw|p2a: Rillaboom\n|-supereffective|p2a: Rillaboom\n|-damage|p2a: Rillaboom|0 fnt\n|faint|p2a: Rillaboom\n|\n|win|mmm5\n|raw|mmm5's rating: 1690 &rarr; <strong>1708<\/strong><br \/>(+18 for winning)\n|raw|biedianla's rating: 1651 &rarr; <strong>1633<\/strong><br \/>(-18 for losing)\n|l|\u2606biedianla\n","uploadtime":1700297091,"views":10,"p1id":"mmm5","p2id":"biedianla","formatid":"gen9nationaldex","rating":1633,"private":0,"password":""}