{"id":"gen9nationaldex-1999477044","p1":"QAQ333","p2":"7t77","format":"[Gen 9] National Dex","log":"|html|<div class=\"broadcast-blue\"><strong>[Gen 9] National Dex is currently suspecting Sneasler! For information on how to participate check out the <a href=\"https:\/\/www.smogon.com\/forums\/threads\/sv-national-dex-suspect-8-just-dance.3731534\/\">suspect thread<\/a>.<\/strong><\/div>\n|j|\u2606QAQ333\n|j|\u26067t77\n|t:|1701086452\n|gametype|singles\n|player|p1|QAQ333|102|1445\n|player|p2|7t77|unknown|1573\n|teamsize|p1|6\n|teamsize|p2|6\n|gen|9\n|tier|[Gen 9] National Dex\n|rated|\n|rule|HP Percentage Mod: HP is shown in percentages\n|rule|Endless Battle Clause: Forcing endless battles is banned\n|rule|OHKO Clause: OHKO moves are banned\n|rule|Evasion Clause: Evasion abilities, items, and moves are banned\n|rule|Evasion Abilities Clause: Evasion abilities are banned\n|rule|Evasion Items Clause: Evasion items are banned\n|rule|Evasion Moves Clause: Evasion moves are banned\n|rule|Species Clause: Limit one of each Pok\u00e9mon\n|rule|Sleep Clause Mod: Limit one foe put to sleep\n|clearpoke\n|poke|p1|Sinistcha-Masterpiece|\n|poke|p1|Pidgeot, F|\n|poke|p1|Rotom-Wash|\n|poke|p1|Mamoswine, F|\n|poke|p1|Blaziken, F|\n|poke|p1|Tapu Lele|\n|poke|p2|Mawile, M|\n|poke|p2|Marowak-Alola, F|\n|poke|p2|Hatterene, F|\n|poke|p2|Cresselia, F|\n|poke|p2|Porygon2|\n|poke|p2|Ursaluna, F|\n|teampreview\n|\n|t:|1701086458\n|start\n|switch|p1a: Pidgeot|Pidgeot, F|100\/100\n|switch|p2a: Hatterene|Hatterene, F|100\/100\n|turn|1\n|\n|t:|1701086467\n|detailschange|p1a: Pidgeot|Pidgeot-Mega, F\n|-mega|p1a: Pidgeot|Pidgeot|Pidgeotite\n|move|p1a: Pidgeot|Hurricane|p2a: Hatterene\n|-damage|p2a: Hatterene|43\/100\n|move|p2a: Hatterene|Trick Room|p2a: Hatterene\n|-fieldstart|move: Trick Room|[of] p2a: Hatterene\n|\n|upkeep\n|turn|2\n|\n|t:|1701086473\n|move|p2a: Hatterene|Misty Explosion|p1a: Pidgeot\n|-damage|p1a: Pidgeot|25\/100\n|faint|p2a: Hatterene\n|move|p1a: Pidgeot|Hurricane|p2: Hatterene|[notarget]\n|-fail|p1a: Pidgeot\n|\n|upkeep\n|\n|t:|1701086476\n|switch|p2a: Ursaluna|Ursaluna, F|100\/100\n|turn|3\n|\n|t:|1701086481\n|move|p2a: Ursaluna|Fire Punch|p1a: Pidgeot\n|-damage|p1a: Pidgeot|0 fnt\n|faint|p1a: Pidgeot\n|\n|-status|p2a: Ursaluna|brn|[from] item: Flame Orb\n|upkeep\n|\n|t:|1701086490\n|switch|p1a: Sinistcha|Sinistcha-Masterpiece|100\/100\n|turn|4\n|\n|t:|1701086496\n|move|p2a: Ursaluna|Fire Punch|p1a: Sinistcha\n|-supereffective|p1a: Sinistcha\n|-damage|p1a: Sinistcha|72\/100\n|move|p1a: Sinistcha|Strength Sap|p2a: Ursaluna\n|-unboost|p2a: Ursaluna|atk|1\n|-heal|p1a: Sinistcha|100\/100\n|\n|-damage|p2a: Ursaluna|94\/100 brn|[from] brn\n|upkeep\n|turn|5\n|\n|t:|1701086506\n|switch|p2a: Porygon2|Porygon2|100\/100\n|-ability|p2a: Porygon2|Heatproof|[from] ability: Trace|[of] p1a: Sinistcha\n|switch|p1a: Blaziken|Blaziken, F|100\/100\n|\n|-fieldend|move: Trick Room\n|upkeep\n|turn|6\n|\n|t:|1701086516\n|move|p1a: Blaziken|Swords Dance|p1a: Blaziken\n|-boost|p1a: Blaziken|atk|2\n|move|p2a: Porygon2|Trick Room|p2a: Porygon2\n|-fieldstart|move: Trick Room|[of] p2a: Porygon2\n|\n|-ability|p1a: Blaziken|Speed Boost|boost\n|-boost|p1a: Blaziken|spe|1\n|upkeep\n|turn|7\n|\n|t:|1701086526\n|move|p2a: Porygon2|Thunderbolt|p1a: Blaziken\n|-damage|p1a: Blaziken|69\/100\n|-zpower|p1a: Blaziken\n|move|p1a: Blaziken|Inferno Overdrive|p2a: Porygon2|[zeffect]\n|-damage|p2a: Porygon2|47\/100\n|\n|-ability|p1a: Blaziken|Speed Boost|boost\n|-boost|p1a: Blaziken|spe|1\n|upkeep\n|turn|8\n|\n|t:|1701086539\n|move|p1a: Blaziken|Flare Blitz|p2a: Porygon2\n|-damage|p2a: Porygon2|17\/100\n|-status|p2a: Porygon2|brn\n|-damage|p1a: Blaziken|57\/100|[from] Recoil\n|move|p2a: Porygon2|Teleport|p2a: Porygon2\n|\n|t:|1701086542\n|switch|p2a: Marowak|Marowak-Alola, F|100\/100|[from] Teleport\n|\n|-ability|p1a: Blaziken|Speed Boost|boost\n|-boost|p1a: Blaziken|spe|1\n|upkeep\n|turn|9\n|\n|t:|1701086549\n|-terastallize|p2a: Marowak|Ghost\n|move|p2a: Marowak|Poltergeist|p1a: Blaziken\n|-activate|p1a: Blaziken|move: Poltergeist|Firium Z\n|-damage|p1a: Blaziken|0 fnt\n|faint|p1a: Blaziken\n|\n|upkeep\n|\n|t:|1701086562\n|switch|p1a: Mamoswine|Mamoswine, F|100\/100\n|turn|10\n|\n|t:|1701086565\n|move|p2a: Marowak|Flare Blitz|p1a: Mamoswine\n|-supereffective|p1a: Mamoswine\n|-enditem|p1a: Mamoswine|Focus Sash\n|-damage|p1a: Mamoswine|1\/100\n|-status|p1a: Mamoswine|brn\n|move|p1a: Mamoswine|Knock Off|p2a: Marowak\n|-supereffective|p2a: Marowak\n|-damage|p2a: Marowak|68\/100\n|-enditem|p2a: Marowak|Thick Club|[from] move: Knock Off|[of] p1a: Mamoswine\n|\n|-damage|p1a: Mamoswine|0 fnt|[from] brn\n|faint|p1a: Mamoswine\n|-fieldend|move: Trick Room\n|upkeep\n|\n|t:|1701086604\n|switch|p1a: Sinistcha|Sinistcha-Masterpiece|100\/100\n|turn|11\n|\n|t:|1701086608\n|move|p1a: Sinistcha|Shadow Ball|p2a: Marowak\n|-supereffective|p2a: Marowak\n|-damage|p2a: Marowak|0 fnt\n|faint|p2a: Marowak\n|\n|upkeep\n|\n|t:|1701086611\n|switch|p2a: Mawile|Mawile, M|100\/100\n|-ability|p2a: Mawile|Intimidate|boost\n|-unboost|p1a: Sinistcha|atk|1\n|turn|12\n|\n|t:|1701086619\n|detailschange|p2a: Mawile|Mawile-Mega, M\n|-mega|p2a: Mawile|Mawile|Mawilite\n|move|p1a: Sinistcha|Shadow Ball|p2a: Mawile\n|-damage|p2a: Mawile|66\/100\n|move|p2a: Mawile|Play Rough|p1a: Sinistcha\n|-crit|p1a: Sinistcha\n|-damage|p1a: Sinistcha|6\/100\n|\n|-heal|p1a: Sinistcha|12\/100|[from] item: Leftovers\n|upkeep\n|turn|13\n|\n|t:|1701086630\n|switch|p2a: Cresselia|Cresselia, F|100\/100\n|move|p1a: Sinistcha|Shadow Ball|p2a: Cresselia\n|-supereffective|p2a: Cresselia\n|-damage|p2a: Cresselia|59\/100\n|\n|-heal|p1a: Sinistcha|18\/100|[from] item: Leftovers\n|upkeep\n|turn|14\n|\n|t:|1701086639\n|move|p1a: Sinistcha|Strength Sap|p2a: Cresselia\n|-unboost|p2a: Cresselia|atk|1\n|-heal|p1a: Sinistcha|55\/100\n|move|p2a: Cresselia|Trick Room|p2a: Cresselia\n|-fieldstart|move: Trick Room|[of] p2a: Cresselia\n|\n|-heal|p1a: Sinistcha|61\/100|[from] item: Leftovers\n|upkeep\n|turn|15\n|\n|t:|1701086647\n|move|p1a: Sinistcha|Strength Sap|p2a: Cresselia\n|-unboost|p2a: Cresselia|atk|1\n|-heal|p1a: Sinistcha|86\/100\n|move|p2a: Cresselia|Lunar Dance|p2a: Cresselia\n|faint|p2a: Cresselia\n|\n|-heal|p1a: Sinistcha|92\/100|[from] item: Leftovers\n|upkeep\n|\n|t:|1701086650\n|switch|p2a: Mawile|Mawile-Mega, M|66\/100\n|-heal|p2a: Mawile|100\/100|[from] move: Lunar Dance\n|turn|16\n|\n|t:|1701086665\n|move|p2a: Mawile|Play Rough|p1a: Sinistcha|[miss]\n|-miss|p2a: Mawile|p1a: Sinistcha\n|move|p1a: Sinistcha|Strength Sap|p2a: Mawile\n|-unboost|p2a: Mawile|atk|1\n|-heal|p1a: Sinistcha|100\/100\n|\n|upkeep\n|turn|17\n|-message|7t77 forfeited.\n|\n|win|QAQ333\n|raw|QAQ333's rating: 1445 &rarr; <strong>1472<\/strong><br \/>(+27 for winning)\n|raw|7t77's rating: 1573 &rarr; <strong>1546<\/strong><br \/>(-27 for losing)\n|l|\u26067t77\n","uploadtime":1701086680,"views":4,"p1id":"qaq333","p2id":"7t77","formatid":"gen9nationaldex","rating":1472,"private":0,"password":""}