{"id":"gen9nationaldex-1991982515","p1":"ND!I like","p2":"KarmaNightraide","format":"[Gen 9] National Dex","log":"|j|\u2606ND!I like\n|j|\u2606KarmaNightraide\n|t:|1700144920\n|gametype|singles\n|player|p1|ND!I like|102|1065\n|player|p2|KarmaNightraide|unknown|1140\n|teamsize|p1|6\n|teamsize|p2|6\n|gen|9\n|tier|[Gen 9] National Dex\n|rated|\n|rule|HP Percentage Mod: HP is shown in percentages\n|rule|Endless Battle Clause: Forcing endless battles is banned\n|rule|OHKO Clause: OHKO moves are banned\n|rule|Evasion Clause: Evasion abilities, items, and moves are banned\n|rule|Evasion Abilities Clause: Evasion abilities are banned\n|rule|Evasion Items Clause: Evasion items are banned\n|rule|Evasion Moves Clause: Evasion moves are banned\n|rule|Species Clause: Limit one of each Pok\u00e9mon\n|rule|Sleep Clause Mod: Limit one foe put to sleep\n|clearpoke\n|poke|p1|Rillaboom, F|\n|poke|p1|Scizor, F|\n|poke|p1|Sneasler, M|\n|poke|p1|Ogerpon-Wellspring, F|\n|poke|p1|Ceruledge, F|\n|poke|p1|Garchomp, M|\n|poke|p2|Ceruledge, F|\n|poke|p2|Basculegion-F, F|\n|poke|p2|Mimikyu, M|\n|poke|p2|Banette, F|\n|poke|p2|Polteageist-Antique|\n|poke|p2|Dhelmise|\n|teampreview\n|\n|t:|1700144930\n|start\n|switch|p1a: Ogerpon|Ogerpon-Wellspring, F|100\/100\n|switch|p2a: Go to sleep...|Banette, F|100\/100\n|turn|1\n|inactive|Battle timer is ON: inactive players will automatically lose when time's up. (requested by KarmaNightraide)\n|\n|t:|1700144939\n|detailschange|p2a: Go to sleep...|Banette-Mega, F\n|-mega|p2a: Go to sleep...|Banette|Banettite\n|move|p1a: Ogerpon|Swords Dance|p1a: Ogerpon\n|-boost|p1a: Ogerpon|atk|2\n|move|p2a: Go to sleep...|Gunk Shot|p1a: Ogerpon\n|-supereffective|p1a: Ogerpon\n|-damage|p1a: Ogerpon|0 fnt\n|faint|p1a: Ogerpon\n|\n|upkeep\n|\n|t:|1700144957\n|switch|p1a: Ceruledge|Ceruledge, F|100\/100\n|turn|2\n|\n|t:|1700144980\n|move|p2a: Go to sleep...|Destiny Bond|p2a: Go to sleep...\n|-singlemove|p2a: Go to sleep...|Destiny Bond\n|move|p1a: Ceruledge|Swords Dance|p1a: Ceruledge\n|-boost|p1a: Ceruledge|atk|2\n|\n|upkeep\n|turn|3\n|\n|t:|1700144988\n|move|p1a: Ceruledge|Swords Dance|p1a: Ceruledge\n|-boost|p1a: Ceruledge|atk|2\n|move|p2a: Go to sleep...|Poltergeist|p1a: Ceruledge\n|-activate|p1a: Ceruledge|move: Poltergeist|Focus Sash\n|-supereffective|p1a: Ceruledge\n|-enditem|p1a: Ceruledge|Focus Sash\n|-damage|p1a: Ceruledge|1\/100\n|-ability|p1a: Ceruledge|Weak Armor|boost\n|-unboost|p1a: Ceruledge|def|1\n|-boost|p1a: Ceruledge|spe|2\n|\n|upkeep\n|turn|4\n|\n|t:|1700145000\n|move|p2a: Go to sleep...|Destiny Bond|p2a: Go to sleep...\n|-singlemove|p2a: Go to sleep...|Destiny Bond\n|move|p1a: Ceruledge|Bitter Blade|p2a: Go to sleep...\n|-damage|p2a: Go to sleep...|0 fnt\n|-heal|p1a: Ceruledge|47\/100|[from] drain|[of] p2a: Go to sleep...\n|faint|p2a: Go to sleep...\n|-activate|p2a: Go to sleep...|move: Destiny Bond\n|faint|p1a: Ceruledge\n|\n|upkeep\n|\n|t:|1700145013\n|switch|p1a: Scizor|Scizor, F|100\/100\n|switch|p2a: Wanna sip?|Polteageist-Antique|100\/100\n|turn|5\n|\n|t:|1700145021\n|detailschange|p1a: Scizor|Scizor-Mega, F\n|-mega|p1a: Scizor|Scizor|Scizorite\n|move|p2a: Wanna sip?|Shell Smash|p2a: Wanna sip?\n|-unboost|p2a: Wanna sip?|def|1\n|-unboost|p2a: Wanna sip?|spd|1\n|-boost|p2a: Wanna sip?|atk|2\n|-boost|p2a: Wanna sip?|spa|2\n|-boost|p2a: Wanna sip?|spe|2\n|move|p1a: Scizor|U-turn|p2a: Wanna sip?\n|-resisted|p2a: Wanna sip?\n|-damage|p2a: Wanna sip?|54\/100\n|-ability|p2a: Wanna sip?|Weak Armor|boost\n|-unboost|p2a: Wanna sip?|def|1\n|-boost|p2a: Wanna sip?|spe|2\n|\n|t:|1700145024\n|switch|p1a: Rillaboom|Rillaboom, F|100\/100|[from] U-turn\n|-fieldstart|move: Grassy Terrain|[from] ability: Grassy Surge|[of] p1a: Rillaboom\n|\n|-heal|p2a: Wanna sip?|60\/100|[from] Grassy Terrain\n|upkeep\n|turn|6\n|inactive|KarmaNightraide has 120 seconds left.\n|\n|t:|1700145070\n|move|p2a: Wanna sip?|Stored Power|p1a: Rillaboom\n|-damage|p1a: Rillaboom|0 fnt\n|faint|p1a: Rillaboom\n|\n|-heal|p2a: Wanna sip?|66\/100|[from] Grassy Terrain\n|upkeep\n|\n|t:|1700145076\n|switch|p1a: Sneasler|Sneasler, M|100\/100\n|-enditem|p1a: Sneasler|Grassy Seed\n|-boost|p1a: Sneasler|def|1|[from] item: Grassy Seed\n|turn|7\n|\n|t:|1700145094\n|-terastallize|p1a: Sneasler|Flying\n|move|p2a: Wanna sip?|Stored Power|p1a: Sneasler\n|-damage|p1a: Sneasler|0 fnt\n|faint|p1a: Sneasler\n|\n|-heal|p2a: Wanna sip?|72\/100|[from] Grassy Terrain\n|upkeep\n|-message|ND!I like forfeited.\n|\n|win|KarmaNightraide\n|raw|ND!I like's rating: 1065 &rarr; <strong>1049<\/strong><br \/>(-16 for losing)\n|raw|KarmaNightraide's rating: 1140 &rarr; <strong>1160<\/strong><br \/>(+20 for winning)\n|l|\u2606ND!I like\n","uploadtime":1700145106,"views":6,"p1id":"ndilike","p2id":"karmanightraide","formatid":"gen9nationaldex","rating":1049,"private":0,"password":""}