{"id":"gen9nationaldex-1988255054","p1":"pocoYop","p2":"wangye114514","format":"[Gen 9] National Dex","log":"|j|\u2606pocoYop\n|j|\u2606wangye114514\n|t:|1699695507\n|gametype|singles\n|player|p1|pocoYop|101|1550\n|player|p2|wangye114514|102|1448\n|teamsize|p1|6\n|teamsize|p2|6\n|gen|9\n|tier|[Gen 9] National Dex\n|rated|\n|rule|HP Percentage Mod: HP is shown in percentages\n|rule|Endless Battle Clause: Forcing endless battles is banned\n|rule|OHKO Clause: OHKO moves are banned\n|rule|Evasion Clause: Evasion abilities, items, and moves are banned\n|rule|Evasion Abilities Clause: Evasion abilities are banned\n|rule|Evasion Items Clause: Evasion items are banned\n|rule|Evasion Moves Clause: Evasion moves are banned\n|rule|Species Clause: Limit one of each Pok\u00e9mon\n|rule|Sleep Clause Mod: Limit one foe put to sleep\n|clearpoke\n|poke|p1|Clefable, M|\n|poke|p1|Venusaur, F|\n|poke|p1|Chansey, F|\n|poke|p1|Slowbro, F|\n|poke|p1|Porygon2|\n|poke|p1|Ferrothorn, F|\n|poke|p2|Swellow, L86, F|\n|poke|p2|Glimmora, F|\n|poke|p2|Cottonee, L1, F|\n|poke|p2|Kyurem|\n|poke|p2|Magnemite, L1|\n|poke|p2|Banette, F|\n|teampreview\n|inactive|Battle timer is ON: inactive players will automatically lose when time's up. (requested by pocoYop)\n|\n|t:|1699695523\n|start\n|switch|p1a: Pichos|Ferrothorn, F|100\/100\n|switch|p2a: Glimmora|Glimmora, F|100\/100\n|turn|1\n|c|\u2606wangye114514|glhf\n|\n|t:|1699695536\n|move|p2a: Glimmora|Earth Power|p1a: Pichos\n|-damage|p1a: Pichos|73\/100\n|move|p1a: Pichos|Leech Seed|p2a: Glimmora\n|-start|p2a: Glimmora|move: Leech Seed\n|\n|-damage|p2a: Glimmora|88\/100|[from] Leech Seed|[of] p1a: Pichos\n|-heal|p1a: Pichos|84\/100|[silent]\n|upkeep\n|turn|2\n|\n|t:|1699695542\n|move|p2a: Glimmora|Stealth Rock|p1a: Pichos\n|-sidestart|p1: pocoYop|move: Stealth Rock\n|move|p1a: Pichos|Spikes|p2a: Glimmora\n|-sidestart|p2: wangye114514|Spikes\n|\n|-damage|p2a: Glimmora|76\/100|[from] Leech Seed|[of] p1a: Pichos\n|-heal|p1a: Pichos|95\/100|[silent]\n|upkeep\n|turn|3\n|\n|t:|1699695560\n|switch|p2a: Swellow|Swellow, L86, F|100\/100\n|move|p1a: Pichos|Stealth Rock|p2a: Swellow\n|-sidestart|p2: wangye114514|move: Stealth Rock\n|\n|upkeep\n|turn|4\n|\n|t:|1699695567\n|move|p2a: Swellow|Endeavor|p1a: Pichos\n|-damage|p1a: Pichos|57\/100\n|-damage|p2a: Swellow|88\/100|[from] ability: Iron Barbs|[of] p1a: Pichos\n|-damage|p2a: Swellow|72\/100|[from] item: Rocky Helmet|[of] p1a: Pichos\n|move|p1a: Pichos|Spikes|p2a: Swellow\n|-sidestart|p2: wangye114514|Spikes\n|\n|upkeep\n|turn|5\n|\n|t:|1699695578\n|move|p2a: Swellow|Defog|p1a: Pichos\n|-unboost|p1a: Pichos|evasion|1\n|-sideend|p1: pocoYop|Stealth Rock|[from] move: Defog|[of] p2a: Swellow\n|-sideend|p2: wangye114514|Spikes|[from] move: Defog|[of] p2a: Swellow\n|-sideend|p2: wangye114514|Stealth Rock|[from] move: Defog|[of] p2a: Swellow\n|move|p1a: Pichos|Leech Seed|p2a: Swellow\n|-start|p2a: Swellow|move: Leech Seed\n|\n|-damage|p2a: Swellow|60\/100|[from] Leech Seed|[of] p1a: Pichos\n|-heal|p1a: Pichos|64\/100|[silent]\n|upkeep\n|turn|6\n|\n|t:|1699695597\n|switch|p1a: El Rey lento|Slowbro, F|100\/100\n|move|p2a: Swellow|Endeavor|p1a: El Rey lento\n|-damage|p1a: El Rey lento|30\/100\n|\n|-heal|p1a: El Rey lento|37\/100|[from] item: Leftovers\n|-damage|p2a: Swellow|48\/100|[from] Leech Seed|[of] p1a: El Rey lento\n|-heal|p1a: El Rey lento|43\/100|[silent]\n|upkeep\n|turn|7\n|\n|t:|1699695607\n|switch|p2a: Banette|Banette, F|100\/100\n|-item|p1a: El Rey lento|Leftovers|[from] ability: Frisk|[of] p2a: Banette|[identify]\n|move|p1a: El Rey lento|Future Sight|p2a: Banette\n|-start|p1a: El Rey lento|move: Future Sight\n|\n|-heal|p1a: El Rey lento|49\/100|[from] item: Leftovers\n|upkeep\n|turn|8\n|\n|t:|1699695617\n|detailschange|p2a: Banette|Banette-Mega, F\n|-mega|p2a: Banette|Banette|Banettite\n|move|p1a: El Rey lento|Protect|p1a: El Rey lento\n|-singleturn|p1a: El Rey lento|Protect\n|move|p2a: Banette|Poltergeist|p1a: El Rey lento\n|-activate|p1a: El Rey lento|move: Protect\n|\n|-heal|p1a: El Rey lento|55\/100|[from] item: Leftovers\n|upkeep\n|turn|9\n|\n|t:|1699695627\n|switch|p1a: Sr Pato|Porygon2|100\/100\n|-ability|p1a: Sr Pato|Prankster|[from] ability: Trace|[of] p2a: Banette\n|move|p2a: Banette|Poltergeist|p1a: Sr Pato\n|-immune|p1a: Sr Pato\n|\n|-end|p2a: Banette|move: Future Sight\n|-damage|p2a: Banette|37\/100\n|upkeep\n|turn|10\n|\n|t:|1699695640\n|move|p2a: Banette|Destiny Bond|p2a: Banette\n|-singlemove|p2a: Banette|Destiny Bond\n|move|p1a: Sr Pato|Shadow Ball|p2a: Banette\n|-supereffective|p2a: Banette\n|-damage|p2a: Banette|0 fnt\n|faint|p2a: Banette\n|-activate|p2a: Banette|move: Destiny Bond\n|faint|p1a: Sr Pato\n|\n|upkeep\n|inactive|wangye114514 has 120 seconds left.\n|\n|t:|1699695671\n|switch|p2a: Swellow|Swellow, L86, F|48\/100\n|switch|p1a: Pichos|Ferrothorn, F|64\/100\n|turn|11\n|\n|t:|1699695679\n|move|p2a: Swellow|Endeavor|p1a: Pichos\n|-damage|p1a: Pichos|27\/100\n|-damage|p2a: Swellow|36\/100|[from] ability: Iron Barbs|[of] p1a: Pichos\n|-damage|p2a: Swellow|19\/100|[from] item: Rocky Helmet|[of] p1a: Pichos\n|move|p1a: Pichos|Leech Seed|p2a: Swellow|[miss]\n|-miss|p1a: Pichos|p2a: Swellow\n|\n|upkeep\n|turn|12\n|\n|t:|1699695691\n|switch|p1a: El Rey lento|Slowbro, F|88\/100\n|move|p2a: Swellow|Endeavor|p1a: El Rey lento\n|-damage|p1a: El Rey lento|10\/100\n|\n|-heal|p1a: El Rey lento|16\/100|[from] item: Leftovers\n|upkeep\n|turn|13\n|\n|t:|1699695703\n|move|p2a: Swellow|Thief|p1a: El Rey lento\n|-supereffective|p1a: El Rey lento\n|-damage|p1a: El Rey lento|3\/100\n|move|p1a: El Rey lento|Future Sight|p2a: Swellow\n|-start|p1a: El Rey lento|move: Future Sight\n|\n|-heal|p1a: El Rey lento|9\/100|[from] item: Leftovers\n|upkeep\n|turn|14\n|\n|t:|1699695718\n|move|p1a: El Rey lento|Protect|p1a: El Rey lento\n|-singleturn|p1a: El Rey lento|Protect\n|move|p2a: Swellow|Endeavor|p1a: El Rey lento\n|-activate|p1a: El Rey lento|move: Protect\n|\n|-heal|p1a: El Rey lento|15\/100|[from] item: Leftovers\n|upkeep\n|turn|15\n|\n|t:|1699695727\n|switch|p1a: Pichos|Ferrothorn, F|27\/100\n|move|p2a: Swellow|Thief|p1a: Pichos\n|-damage|p1a: Pichos|20\/100\n|-damage|p2a: Swellow|7\/100|[from] ability: Iron Barbs|[of] p1a: Pichos\n|-damage|p2a: Swellow|0 fnt|[from] item: Rocky Helmet|[of] p1a: Pichos\n|faint|p2a: Swellow\n|\n|-hint|Future Sight did not hit because the target is fainted.\n|upkeep\n|\n|t:|1699695740\n|switch|p2a: Glimmora|Glimmora, F|76\/100\n|turn|16\n|\n|t:|1699695744\n|switch|p1a: Nursita|Chansey, F|100\/100\n|move|p2a: Glimmora|Earth Power|p1a: Nursita\n|-crit|p1a: Nursita\n|-damage|p1a: Nursita|85\/100\n|\n|upkeep\n|turn|17\n|\n|t:|1699695750\n|move|p2a: Glimmora|Stealth Rock|p1a: Nursita\n|-sidestart|p1: pocoYop|move: Stealth Rock\n|move|p1a: Nursita|Wish|p1a: Nursita\n|\n|upkeep\n|turn|18\n|\n|t:|1699695763\n|switch|p1a: El Rey lento|Slowbro, F|48\/100\n|-damage|p1a: El Rey lento|36\/100|[from] Stealth Rock\n|move|p2a: Glimmora|Earth Power|p1a: El Rey lento\n|-damage|p1a: El Rey lento|3\/100\n|\n|-heal|p1a: El Rey lento|92\/100|[from] move: Wish|[wisher] Nursita\n|-heal|p1a: El Rey lento|98\/100|[from] item: Leftovers\n|upkeep\n|turn|19\n|\n|t:|1699695771\n|move|p2a: Glimmora|Energy Ball|p1a: El Rey lento\n|-supereffective|p1a: El Rey lento\n|-damage|p1a: El Rey lento|37\/100\n|move|p1a: El Rey lento|Future Sight|p2a: Glimmora\n|-start|p1a: El Rey lento|move: Future Sight\n|\n|-heal|p1a: El Rey lento|43\/100|[from] item: Leftovers\n|upkeep\n|turn|20\n|\n|t:|1699695790\n|switch|p2a: Cottonee|Cottonee, L1, F, shiny|100\/100\n|switch|p1a: Nursita|Chansey, F|85\/100\n|-damage|p1a: Nursita|73\/100|[from] Stealth Rock\n|\n|upkeep\n|turn|21\n|\n|t:|1699695798\n|move|p2a: Cottonee|Substitute|p2a: Cottonee\n|-start|p2a: Cottonee|Substitute\n|-damage|p2a: Cottonee|75\/100\n|move|p1a: Nursita|Wish|p1a: Nursita\n|\n|-end|p2a: Cottonee|move: Future Sight\n|-end|p2a: Cottonee|Substitute\n|upkeep\n|turn|22\n|\n|t:|1699695807\n|switch|p1a: Pichos|Ferrothorn, F|20\/100\n|-damage|p1a: Pichos|14\/100|[from] Stealth Rock\n|move|p2a: Cottonee|Substitute|p2a: Cottonee\n|-start|p2a: Cottonee|Substitute\n|-damage|p2a: Cottonee|50\/100\n|\n|-heal|p1a: Pichos|100\/100|[from] move: Wish|[wisher] Nursita\n|upkeep\n|turn|23\n|\n|t:|1699695814\n|move|p2a: Cottonee|Memento|p1a: Pichos\n|-unboost|p1a: Pichos|atk|2\n|-unboost|p1a: Pichos|spa|2\n|faint|p2a: Cottonee\n|move|p1a: Pichos|Spikes|p2: Cottonee\n|-sidestart|p2: wangye114514|Spikes\n|\n|upkeep\n|\n|t:|1699695822\n|switch|p2a: Kyurem|Kyurem, shiny|100\/100\n|-damage|p2a: Kyurem|88\/100|[from] Spikes\n|-ability|p2a: Kyurem|Pressure\n|turn|24\n|\n|t:|1699695831\n|move|p2a: Kyurem|Dragon Dance|p2a: Kyurem\n|-boost|p2a: Kyurem|atk|1\n|-boost|p2a: Kyurem|spe|1\n|move|p1a: Pichos|Spikes|p2a: Kyurem\n|-sidestart|p2: wangye114514|Spikes\n|\n|-heal|p2a: Kyurem|94\/100|[from] item: Leftovers\n|upkeep\n|turn|25\n|\n|t:|1699695837\n|move|p2a: Kyurem|Substitute|p2a: Kyurem\n|-start|p2a: Kyurem|Substitute\n|-damage|p2a: Kyurem|69\/100\n|move|p1a: Pichos|Leech Seed||[still]\n|-fail|p1a: Pichos\n|\n|-heal|p2a: Kyurem|76\/100|[from] item: Leftovers\n|upkeep\n|turn|26\n|\n|t:|1699695842\n|move|p2a: Kyurem|Dragon Dance|p2a: Kyurem\n|-boost|p2a: Kyurem|atk|1\n|-boost|p2a: Kyurem|spe|1\n|move|p1a: Pichos|Spikes|p2a: Kyurem\n|-sidestart|p2: wangye114514|Spikes\n|\n|-heal|p2a: Kyurem|82\/100|[from] item: Leftovers\n|upkeep\n|turn|27\n|\n|t:|1699695848\n|move|p2a: Kyurem|Dragon Dance|p2a: Kyurem\n|-boost|p2a: Kyurem|atk|1\n|-boost|p2a: Kyurem|spe|1\n|move|p1a: Pichos|Stealth Rock|p2a: Kyurem\n|-sidestart|p2: wangye114514|move: Stealth Rock\n|\n|-heal|p2a: Kyurem|88\/100|[from] item: Leftovers\n|upkeep\n|turn|28\n|\n|t:|1699695856\n|move|p2a: Kyurem|Dragon Dance|p2a: Kyurem\n|-boost|p2a: Kyurem|atk|1\n|-boost|p2a: Kyurem|spe|1\n|move|p1a: Pichos|Gyro Ball|p2a: Kyurem\n|-supereffective|p2a: Kyurem\n|-end|p2a: Kyurem|Substitute\n|\n|-heal|p2a: Kyurem|94\/100|[from] item: Leftovers\n|upkeep\n|turn|29\n|\n|t:|1699695867\n|move|p2a: Kyurem|Substitute|p2a: Kyurem\n|-start|p2a: Kyurem|Substitute\n|-damage|p2a: Kyurem|69\/100\n|move|p1a: Pichos|Gyro Ball|p2a: Kyurem\n|-supereffective|p2a: Kyurem\n|-end|p2a: Kyurem|Substitute\n|\n|-heal|p2a: Kyurem|75\/100|[from] item: Leftovers\n|upkeep\n|turn|30\n|\n|t:|1699695874\n|move|p2a: Kyurem|Substitute|p2a: Kyurem\n|-start|p2a: Kyurem|Substitute\n|-damage|p2a: Kyurem|50\/100\n|move|p1a: Pichos|Gyro Ball|p2a: Kyurem\n|-supereffective|p2a: Kyurem\n|-end|p2a: Kyurem|Substitute\n|\n|-heal|p2a: Kyurem|57\/100|[from] item: Leftovers\n|upkeep\n|turn|31\n|\n|t:|1699695879\n|move|p2a: Kyurem|Substitute|p2a: Kyurem\n|-start|p2a: Kyurem|Substitute\n|-damage|p2a: Kyurem|32\/100\n|move|p1a: Pichos|Gyro Ball|p2a: Kyurem\n|-supereffective|p2a: Kyurem\n|-end|p2a: Kyurem|Substitute\n|\n|-heal|p2a: Kyurem|38\/100|[from] item: Leftovers\n|upkeep\n|turn|32\n|\n|t:|1699695886\n|switch|p1a: Barrilete cosmico|Clefable, M|100\/100\n|-damage|p1a: Barrilete cosmico|88\/100|[from] Stealth Rock\n|move|p2a: Kyurem|Substitute|p2a: Kyurem\n|-start|p2a: Kyurem|Substitute\n|-damage|p2a: Kyurem|13\/100\n|\n|-heal|p2a: Kyurem|19\/100|[from] item: Leftovers\n|-heal|p1a: Barrilete cosmico|94\/100|[from] item: Leftovers\n|upkeep\n|turn|33\n|\n|t:|1699695890\n|move|p2a: Kyurem|Roost|p2a: Kyurem\n|-heal|p2a: Kyurem|69\/100\n|-singleturn|p2a: Kyurem|move: Roost\n|move|p1a: Barrilete cosmico|Cosmic Power|p1a: Barrilete cosmico\n|-boost|p1a: Barrilete cosmico|def|1\n|-boost|p1a: Barrilete cosmico|spd|1\n|\n|-heal|p2a: Kyurem|75\/100|[from] item: Leftovers\n|-heal|p1a: Barrilete cosmico|100\/100|[from] item: Leftovers\n|upkeep\n|turn|34\n|\n|t:|1699695902\n|move|p2a: Kyurem|Icicle Spear|p1a: Barrilete cosmico\n|-damage|p1a: Barrilete cosmico|93\/100\n|-damage|p1a: Barrilete cosmico|85\/100\n|-damage|p1a: Barrilete cosmico|77\/100\n|-hitcount|p1a: Barrilete cosmico|3\n|move|p1a: Barrilete cosmico|Cosmic Power|p1a: Barrilete cosmico\n|-boost|p1a: Barrilete cosmico|def|1\n|-boost|p1a: Barrilete cosmico|spd|1\n|\n|-heal|p2a: Kyurem|82\/100|[from] item: Leftovers\n|-heal|p1a: Barrilete cosmico|83\/100|[from] item: Leftovers\n|upkeep\n|turn|35\n|\n|t:|1699695915\n|move|p2a: Kyurem|Icicle Spear|p1a: Barrilete cosmico\n|-damage|p1a: Barrilete cosmico|77\/100\n|-damage|p1a: Barrilete cosmico|71\/100\n|-damage|p1a: Barrilete cosmico|66\/100\n|-hitcount|p1a: Barrilete cosmico|3\n|move|p1a: Barrilete cosmico|Cosmic Power|p1a: Barrilete cosmico\n|-boost|p1a: Barrilete cosmico|def|1\n|-boost|p1a: Barrilete cosmico|spd|1\n|\n|-heal|p2a: Kyurem|88\/100|[from] item: Leftovers\n|-heal|p1a: Barrilete cosmico|72\/100|[from] item: Leftovers\n|upkeep\n|turn|36\n|\n|t:|1699695922\n|move|p2a: Kyurem|Icicle Spear|p1a: Barrilete cosmico\n|-damage|p1a: Barrilete cosmico|67\/100\n|-damage|p1a: Barrilete cosmico|62\/100\n|-damage|p1a: Barrilete cosmico|57\/100\n|-damage|p1a: Barrilete cosmico|52\/100\n|-hitcount|p1a: Barrilete cosmico|4\n|move|p1a: Barrilete cosmico|Soft-Boiled|p1a: Barrilete cosmico\n|-heal|p1a: Barrilete cosmico|100\/100\n|\n|-heal|p2a: Kyurem|94\/100|[from] item: Leftovers\n|upkeep\n|turn|37\n|\n|t:|1699695932\n|move|p2a: Kyurem|Dragon Dance|p2a: Kyurem\n|-boost|p2a: Kyurem|atk|1\n|-boost|p2a: Kyurem|spe|1\n|move|p1a: Barrilete cosmico|Cosmic Power|p1a: Barrilete cosmico\n|-boost|p1a: Barrilete cosmico|def|1\n|-boost|p1a: Barrilete cosmico|spd|1\n|\n|-heal|p2a: Kyurem|99\/100|[from] item: Leftovers\n|upkeep\n|turn|38\n|c|\u2606pocoYop|Gg\n|\n|t:|1699695938\n|move|p2a: Kyurem|Icicle Spear|p1a: Barrilete cosmico\n|-damage|p1a: Barrilete cosmico|97\/100\n|-damage|p1a: Barrilete cosmico|93\/100\n|-hitcount|p1a: Barrilete cosmico|2\n|move|p1a: Barrilete cosmico|Cosmic Power|p1a: Barrilete cosmico\n|-boost|p1a: Barrilete cosmico|def|1\n|-boost|p1a: Barrilete cosmico|spd|1\n|\n|-heal|p2a: Kyurem|100\/100|[from] item: Leftovers\n|-heal|p1a: Barrilete cosmico|99\/100|[from] item: Leftovers\n|upkeep\n|turn|39\n|\n|t:|1699695944\n|move|p2a: Kyurem|Dragon Dance|p2a: Kyurem\n|-boost|p2a: Kyurem|atk|1\n|-boost|p2a: Kyurem|spe|1\n|move|p1a: Barrilete cosmico|Cosmic Power|p1a: Barrilete cosmico\n|-boost|p1a: Barrilete cosmico|def|1\n|-boost|p1a: Barrilete cosmico|spd|1\n|\n|-heal|p1a: Barrilete cosmico|100\/100|[from] item: Leftovers\n|upkeep\n|turn|40\n|\n|t:|1699695958\n|move|p2a: Kyurem|Icicle Spear|p1a: Barrilete cosmico\n|-damage|p1a: Barrilete cosmico|98\/100\n|-damage|p1a: Barrilete cosmico|95\/100\n|-hitcount|p1a: Barrilete cosmico|2\n|move|p1a: Barrilete cosmico|Stored Power|p2a: Kyurem\n|-end|p2a: Kyurem|Substitute\n|\n|-heal|p1a: Barrilete cosmico|100\/100|[from] item: Leftovers\n|upkeep\n|turn|41\n|\n|t:|1699695965\n|-terastallize|p1a: Barrilete cosmico|Fairy\n|move|p2a: Kyurem|Substitute|p2a: Kyurem\n|-start|p2a: Kyurem|Substitute\n|-damage|p2a: Kyurem|76\/100\n|move|p1a: Barrilete cosmico|Moonblast|p2a: Kyurem\n|-supereffective|p2a: Kyurem\n|-end|p2a: Kyurem|Substitute\n|\n|-heal|p2a: Kyurem|82\/100|[from] item: Leftovers\n|upkeep\n|turn|42\n|\n|t:|1699695974\n|-terastallize|p2a: Kyurem|Fairy\n|move|p2a: Kyurem|Substitute|p2a: Kyurem\n|-start|p2a: Kyurem|Substitute\n|-damage|p2a: Kyurem|57\/100\n|move|p1a: Barrilete cosmico|Moonblast|p2a: Kyurem\n|-end|p2a: Kyurem|Substitute\n|\n|-heal|p2a: Kyurem|63\/100|[from] item: Leftovers\n|upkeep\n|turn|43\n|\n|t:|1699695985\n|move|p2a: Kyurem|Roost|p2a: Kyurem\n|-heal|p2a: Kyurem|100\/100\n|move|p1a: Barrilete cosmico|Moonblast|p2a: Kyurem\n|-damage|p2a: Kyurem|67\/100\n|\n|-heal|p2a: Kyurem|74\/100|[from] item: Leftovers\n|upkeep\n|turn|44\n|\n|t:|1699695992\n|move|p2a: Kyurem|Substitute|p2a: Kyurem\n|-start|p2a: Kyurem|Substitute\n|-damage|p2a: Kyurem|49\/100\n|move|p1a: Barrilete cosmico|Stored Power|p2a: Kyurem\n|-end|p2a: Kyurem|Substitute\n|\n|-heal|p2a: Kyurem|55\/100|[from] item: Leftovers\n|upkeep\n|turn|45\n|\n|t:|1699696002\n|move|p2a: Kyurem|Roost|p2a: Kyurem\n|-heal|p2a: Kyurem|100\/100\n|move|p1a: Barrilete cosmico|Stored Power|p2a: Kyurem\n|-damage|p2a: Kyurem|58\/100\n|\n|-heal|p2a: Kyurem|64\/100|[from] item: Leftovers\n|upkeep\n|turn|46\n|\n|t:|1699696016\n|move|p2a: Kyurem|Dragon Dance|p2a: Kyurem\n|-boost|p2a: Kyurem|atk|0\n|-boost|p2a: Kyurem|spe|0\n|move|p1a: Barrilete cosmico|Moonblast|p2a: Kyurem\n|-damage|p2a: Kyurem|34\/100\n|\n|-heal|p2a: Kyurem|40\/100|[from] item: Leftovers\n|upkeep\n|turn|47\n|\n|t:|1699696026\n|switch|p1a: Pichos|Ferrothorn, F|100\/100\n|-damage|p1a: Pichos|95\/100|[from] Stealth Rock\n|move|p2a: Kyurem|Roost|p2a: Kyurem\n|-heal|p2a: Kyurem|90\/100\n|\n|-heal|p2a: Kyurem|96\/100|[from] item: Leftovers\n|upkeep\n|turn|48\n|\n|t:|1699696032\n|move|p2a: Kyurem|Substitute|p2a: Kyurem\n|-start|p2a: Kyurem|Substitute\n|-damage|p2a: Kyurem|71\/100\n|move|p1a: Pichos|Leech Seed||[still]\n|-fail|p1a: Pichos\n|\n|-heal|p2a: Kyurem|78\/100|[from] item: Leftovers\n|upkeep\n|turn|49\n|\n|t:|1699696038\n|move|p2a: Kyurem|Icicle Spear|p1a: Pichos\n|-damage|p1a: Pichos|68\/100\n|-damage|p1a: Pichos|42\/100\n|-hitcount|p1a: Pichos|2\n|move|p1a: Pichos|Stealth Rock||[still]\n|-fail|p1a: Pichos\n|\n|-heal|p2a: Kyurem|84\/100|[from] item: Leftovers\n|upkeep\n|turn|50\n|\n|t:|1699696045\n|move|p2a: Kyurem|Dragon Dance|p2a: Kyurem\n|-boost|p2a: Kyurem|atk|0\n|-boost|p2a: Kyurem|spe|0\n|move|p1a: Pichos|Stealth Rock||[still]\n|-fail|p1a: Pichos\n|\n|-heal|p2a: Kyurem|90\/100|[from] item: Leftovers\n|upkeep\n|turn|51\n|\n|t:|1699696051\n|move|p2a: Kyurem|Icicle Spear|p1a: Pichos\n|-damage|p1a: Pichos|17\/100\n|-damage|p1a: Pichos|0 fnt\n|faint|p1a: Pichos\n|-hitcount|p1: Pichos|2\n|\n|-heal|p2a: Kyurem|96\/100|[from] item: Leftovers\n|upkeep\n|\n|t:|1699696056\n|switch|p1a: El Rey lento|Slowbro, F|76\/100\n|-damage|p1a: El Rey lento|63\/100|[from] Stealth Rock\n|turn|52\n|\n|t:|1699696063\n|move|p1a: El Rey lento|Protect|p1a: El Rey lento\n|-singleturn|p1a: El Rey lento|Protect\n|move|p2a: Kyurem|Icicle Spear|p1a: El Rey lento\n|-activate|p1a: El Rey lento|move: Protect\n|\n|-heal|p2a: Kyurem|100\/100|[from] item: Leftovers\n|-heal|p1a: El Rey lento|70\/100|[from] item: Leftovers\n|upkeep\n|turn|53\n|\n|t:|1699696068\n|move|p2a: Kyurem|Icicle Spear|p1a: El Rey lento\n|-resisted|p1a: El Rey lento\n|-damage|p1a: El Rey lento|57\/100\n|-resisted|p1a: El Rey lento\n|-damage|p1a: El Rey lento|46\/100\n|-hitcount|p1a: El Rey lento|2\n|move|p1a: El Rey lento|Future Sight|p2a: Kyurem\n|-start|p1a: El Rey lento|move: Future Sight\n|\n|-heal|p1a: El Rey lento|52\/100|[from] item: Leftovers\n|upkeep\n|turn|54\n|\n|t:|1699696080\n|move|p1a: El Rey lento|Protect|p1a: El Rey lento\n|-singleturn|p1a: El Rey lento|Protect\n|move|p2a: Kyurem|Dragon Dance|p2a: Kyurem\n|-boost|p2a: Kyurem|atk|0\n|-boost|p2a: Kyurem|spe|0\n|\n|-heal|p1a: El Rey lento|58\/100|[from] item: Leftovers\n|upkeep\n|turn|55\n|\n|t:|1699696091\n|switch|p1a: Nursita|Chansey, F|73\/100\n|-damage|p1a: Nursita|60\/100|[from] Stealth Rock\n|move|p2a: Kyurem|Icicle Spear|p1a: Nursita\n|-damage|p1a: Nursita|32\/100\n|-damage|p1a: Nursita|3\/100\n|-damage|p1a: Nursita|0 fnt\n|faint|p1a: Nursita\n|-hitcount|p1: Nursita|3\n|\n|-end|p2a: Kyurem|move: Future Sight\n|-end|p2a: Kyurem|Substitute\n|upkeep\n|\n|t:|1699696098\n|switch|p1a: El Rey lento|Slowbro, F|91\/100\n|-damage|p1a: El Rey lento|79\/100|[from] Stealth Rock\n|turn|56\n|\n|t:|1699696109\n|move|p2a: Kyurem|Substitute|p2a: Kyurem\n|-start|p2a: Kyurem|Substitute\n|-damage|p2a: Kyurem|76\/100\n|move|p1a: El Rey lento|Scald|p2a: Kyurem\n|-activate|p2a: Kyurem|move: Substitute|[damage]\n|\n|-heal|p2a: Kyurem|82\/100|[from] item: Leftovers\n|-heal|p1a: El Rey lento|85\/100|[from] item: Leftovers\n|upkeep\n|turn|57\n|\n|t:|1699696117\n|move|p2a: Kyurem|Icicle Spear|p1a: El Rey lento\n|-resisted|p1a: El Rey lento\n|-damage|p1a: El Rey lento|72\/100\n|-resisted|p1a: El Rey lento\n|-damage|p1a: El Rey lento|58\/100\n|-resisted|p1a: El Rey lento\n|-damage|p1a: El Rey lento|45\/100\n|-hitcount|p1a: El Rey lento|3\n|move|p1a: El Rey lento|Future Sight|p2a: Kyurem\n|-start|p1a: El Rey lento|move: Future Sight\n|\n|-heal|p2a: Kyurem|88\/100|[from] item: Leftovers\n|-heal|p1a: El Rey lento|51\/100|[from] item: Leftovers\n|upkeep\n|turn|58\n|\n|t:|1699696131\n|move|p1a: El Rey lento|Protect|p1a: El Rey lento\n|-singleturn|p1a: El Rey lento|Protect\n|move|p2a: Kyurem|Icicle Spear|p1a: El Rey lento\n|-activate|p1a: El Rey lento|move: Protect\n|\n|-heal|p2a: Kyurem|94\/100|[from] item: Leftovers\n|-heal|p1a: El Rey lento|57\/100|[from] item: Leftovers\n|upkeep\n|turn|59\n|\n|t:|1699696137\n|switch|p1a: Barrilete cosmico|Clefable, M, tera:Fairy|100\/100\n|-damage|p1a: Barrilete cosmico|88\/100|[from] Stealth Rock\n|move|p2a: Kyurem|Icicle Spear|p1a: Barrilete cosmico\n|-damage|p1a: Barrilete cosmico|77\/100\n|-damage|p1a: Barrilete cosmico|64\/100\n|-damage|p1a: Barrilete cosmico|52\/100\n|-hitcount|p1a: Barrilete cosmico|3\n|\n|-end|p2a: Kyurem|move: Future Sight\n|-end|p2a: Kyurem|Substitute\n|-heal|p2a: Kyurem|99\/100|[from] item: Leftovers\n|-heal|p1a: Barrilete cosmico|58\/100|[from] item: Leftovers\n|upkeep\n|turn|60\n|\n|t:|1699696151\n|move|p2a: Kyurem|Icicle Spear|p1a: Barrilete cosmico\n|-damage|p1a: Barrilete cosmico|46\/100\n|-damage|p1a: Barrilete cosmico|34\/100\n|-hitcount|p1a: Barrilete cosmico|2\n|move|p1a: Barrilete cosmico|Soft-Boiled|p1a: Barrilete cosmico\n|-heal|p1a: Barrilete cosmico|84\/100\n|\n|-heal|p2a: Kyurem|100\/100|[from] item: Leftovers\n|-heal|p1a: Barrilete cosmico|90\/100|[from] item: Leftovers\n|upkeep\n|turn|61\n|\n|t:|1699696158\n|switch|p1a: El Rey lento|Slowbro, F|91\/100\n|-damage|p1a: El Rey lento|78\/100|[from] Stealth Rock\n|move|p2a: Kyurem|Icicle Spear|p1a: El Rey lento\n|-resisted|p1a: El Rey lento\n|-damage|p1a: El Rey lento|66\/100\n|-resisted|p1a: El Rey lento\n|-damage|p1a: El Rey lento|53\/100\n|-hitcount|p1a: El Rey lento|2\n|\n|-heal|p1a: El Rey lento|59\/100|[from] item: Leftovers\n|upkeep\n|turn|62\n|\n|t:|1699696172\n|move|p2a: Kyurem|Substitute|p2a: Kyurem\n|-start|p2a: Kyurem|Substitute\n|-damage|p2a: Kyurem|76\/100\n|move|p1a: El Rey lento|Toxic||[still]\n|-fail|p1a: El Rey lento\n|\n|-heal|p2a: Kyurem|82\/100|[from] item: Leftovers\n|-heal|p1a: El Rey lento|65\/100|[from] item: Leftovers\n|upkeep\n|turn|63\n|\n|t:|1699696179\n|move|p2a: Kyurem|Icicle Spear|p1a: El Rey lento\n|-resisted|p1a: El Rey lento\n|-damage|p1a: El Rey lento|52\/100\n|-resisted|p1a: El Rey lento\n|-damage|p1a: El Rey lento|40\/100\n|-hitcount|p1a: El Rey lento|2\n|move|p1a: El Rey lento|Future Sight|p2a: Kyurem\n|-start|p1a: El Rey lento|move: Future Sight\n|\n|-heal|p2a: Kyurem|88\/100|[from] item: Leftovers\n|-heal|p1a: El Rey lento|46\/100|[from] item: Leftovers\n|upkeep\n|turn|64\n|\n|t:|1699696187\n|move|p1a: El Rey lento|Protect|p1a: El Rey lento\n|-singleturn|p1a: El Rey lento|Protect\n|move|p2a: Kyurem|Dragon Dance|p2a: Kyurem\n|-boost|p2a: Kyurem|atk|0\n|-boost|p2a: Kyurem|spe|0\n|\n|-heal|p2a: Kyurem|94\/100|[from] item: Leftovers\n|-heal|p1a: El Rey lento|53\/100|[from] item: Leftovers\n|upkeep\n|turn|65\n|\n|t:|1699696197\n|switch|p1a: El Cebollita|Venusaur, F|100\/100\n|-damage|p1a: El Cebollita|88\/100|[from] Stealth Rock\n|move|p2a: Kyurem|Icicle Spear|p1a: El Cebollita\n|-supereffective|p1a: El Cebollita\n|-damage|p1a: El Cebollita|25\/100\n|-supereffective|p1a: El Cebollita\n|-damage|p1a: El Cebollita|0 fnt\n|faint|p1a: El Cebollita\n|-hitcount|p1: El Cebollita|2\n|\n|-end|p2a: Kyurem|move: Future Sight\n|-end|p2a: Kyurem|Substitute\n|-heal|p2a: Kyurem|99\/100|[from] item: Leftovers\n|upkeep\n|\n|t:|1699696199\n|switch|p1a: El Rey lento|Slowbro, F|86\/100\n|-damage|p1a: El Rey lento|73\/100|[from] Stealth Rock\n|turn|66\n|\n|t:|1699696211\n|move|p1a: El Rey lento|Protect|p1a: El Rey lento\n|-singleturn|p1a: El Rey lento|Protect\n|move|p2a: Kyurem|Substitute|p2a: Kyurem\n|-start|p2a: Kyurem|Substitute\n|-damage|p2a: Kyurem|75\/100\n|\n|-heal|p2a: Kyurem|82\/100|[from] item: Leftovers\n|-heal|p1a: El Rey lento|79\/100|[from] item: Leftovers\n|upkeep\n|turn|67\n|\n|t:|1699696221\n|move|p2a: Kyurem|Icicle Spear|p1a: El Rey lento\n|-resisted|p1a: El Rey lento\n|-damage|p1a: El Rey lento|67\/100\n|-resisted|p1a: El Rey lento\n|-damage|p1a: El Rey lento|55\/100\n|-hitcount|p1a: El Rey lento|2\n|move|p1a: El Rey lento|Future Sight|p2a: Kyurem\n|-start|p1a: El Rey lento|move: Future Sight\n|\n|-heal|p2a: Kyurem|88\/100|[from] item: Leftovers\n|-heal|p1a: El Rey lento|61\/100|[from] item: Leftovers\n|upkeep\n|turn|68\n|\n|t:|1699696230\n|move|p2a: Kyurem|Dragon Dance|p2a: Kyurem\n|-boost|p2a: Kyurem|atk|0\n|-boost|p2a: Kyurem|spe|0\n|move|p1a: El Rey lento|Scald|p2a: Kyurem\n|-activate|p2a: Kyurem|move: Substitute|[damage]\n|\n|-heal|p2a: Kyurem|94\/100|[from] item: Leftovers\n|-heal|p1a: El Rey lento|67\/100|[from] item: Leftovers\n|upkeep\n|turn|69\n|\n|t:|1699696237\n|move|p2a: Kyurem|Icicle Spear|p1a: El Rey lento\n|-resisted|p1a: El Rey lento\n|-damage|p1a: El Rey lento|54\/100\n|-resisted|p1a: El Rey lento\n|-damage|p1a: El Rey lento|40\/100\n|-hitcount|p1a: El Rey lento|2\n|move|p1a: El Rey lento|Scald|p2a: Kyurem\n|-end|p2a: Kyurem|Substitute\n|\n|-end|p2a: Kyurem|move: Future Sight\n|-damage|p2a: Kyurem|61\/100\n|-heal|p2a: Kyurem|67\/100|[from] item: Leftovers\n|-heal|p1a: El Rey lento|46\/100|[from] item: Leftovers\n|upkeep\n|turn|70\n|\n|t:|1699696248\n|move|p2a: Kyurem|Substitute|p2a: Kyurem\n|-start|p2a: Kyurem|Substitute\n|-damage|p2a: Kyurem|42\/100\n|move|p1a: El Rey lento|Future Sight|p2a: Kyurem\n|-start|p1a: El Rey lento|move: Future Sight\n|\n|-heal|p2a: Kyurem|48\/100|[from] item: Leftovers\n|-heal|p1a: El Rey lento|52\/100|[from] item: Leftovers\n|upkeep\n|turn|71\n|\n|t:|1699696254\n|move|p1a: El Rey lento|Protect|p1a: El Rey lento\n|-singleturn|p1a: El Rey lento|Protect\n|move|p2a: Kyurem|Icicle Spear|p1a: El Rey lento\n|-activate|p1a: El Rey lento|move: Protect\n|\n|-heal|p2a: Kyurem|54\/100|[from] item: Leftovers\n|-heal|p1a: El Rey lento|58\/100|[from] item: Leftovers\n|upkeep\n|turn|72\n|\n|t:|1699696261\n|switch|p1a: Barrilete cosmico|Clefable, M, tera:Fairy|90\/100\n|-damage|p1a: Barrilete cosmico|78\/100|[from] Stealth Rock\n|move|p2a: Kyurem|Icicle Spear|p1a: Barrilete cosmico\n|-damage|p1a: Barrilete cosmico|66\/100\n|-damage|p1a: Barrilete cosmico|55\/100\n|-damage|p1a: Barrilete cosmico|43\/100\n|-hitcount|p1a: Barrilete cosmico|3\n|\n|-end|p2a: Kyurem|move: Future Sight\n|-end|p2a: Kyurem|Substitute\n|-heal|p2a: Kyurem|61\/100|[from] item: Leftovers\n|-heal|p1a: Barrilete cosmico|49\/100|[from] item: Leftovers\n|upkeep\n|turn|73\n|\n|t:|1699696276\n|move|p2a: Kyurem|Roost|p2a: Kyurem\n|-heal|p2a: Kyurem|100\/100\n|move|p1a: Barrilete cosmico|Soft-Boiled|p1a: Barrilete cosmico\n|-heal|p1a: Barrilete cosmico|99\/100\n|\n|-heal|p1a: Barrilete cosmico|100\/100|[from] item: Leftovers\n|upkeep\n|turn|74\n|\n|t:|1699696283\n|move|p2a: Kyurem|Icicle Spear|p1a: Barrilete cosmico\n|-damage|p1a: Barrilete cosmico|90\/100\n|-damage|p1a: Barrilete cosmico|79\/100\n|-hitcount|p1a: Barrilete cosmico|2\n|move|p1a: Barrilete cosmico|Moonblast|p2a: Kyurem\n|-damage|p2a: Kyurem|71\/100\n|-unboost|p2a: Kyurem|spa|1\n|\n|-heal|p2a: Kyurem|77\/100|[from] item: Leftovers\n|-heal|p1a: Barrilete cosmico|85\/100|[from] item: Leftovers\n|upkeep\n|turn|75\n|\n|t:|1699696293\n|switch|p1a: El Rey lento|Slowbro, F|91\/100\n|-damage|p1a: El Rey lento|79\/100|[from] Stealth Rock\n|move|p2a: Kyurem|Icicle Spear|p1a: El Rey lento\n|-resisted|p1a: El Rey lento\n|-damage|p1a: El Rey lento|66\/100\n|-resisted|p1a: El Rey lento\n|-damage|p1a: El Rey lento|53\/100\n|-hitcount|p1a: El Rey lento|2\n|\n|-heal|p2a: Kyurem|83\/100|[from] item: Leftovers\n|-heal|p1a: El Rey lento|59\/100|[from] item: Leftovers\n|upkeep\n|turn|76\n|\n|t:|1699696299\n|move|p2a: Kyurem|Substitute|p2a: Kyurem\n|-start|p2a: Kyurem|Substitute\n|-damage|p2a: Kyurem|58\/100\n|move|p1a: El Rey lento|Future Sight|p2a: Kyurem\n|-start|p1a: El Rey lento|move: Future Sight\n|\n|-heal|p2a: Kyurem|65\/100|[from] item: Leftovers\n|-heal|p1a: El Rey lento|65\/100|[from] item: Leftovers\n|upkeep\n|turn|77\n|\n|t:|1699696305\n|move|p2a: Kyurem|Icicle Spear|p1a: El Rey lento\n|-resisted|p1a: El Rey lento\n|-damage|p1a: El Rey lento|52\/100\n|-resisted|p1a: El Rey lento\n|-damage|p1a: El Rey lento|40\/100\n|-resisted|p1a: El Rey lento\n|-damage|p1a: El Rey lento|28\/100\n|-resisted|p1a: El Rey lento\n|-damage|p1a: El Rey lento|16\/100\n|-hitcount|p1a: El Rey lento|4\n|move|p1a: El Rey lento|Scald|p2a: Kyurem\n|-activate|p2a: Kyurem|move: Substitute|[damage]\n|\n|-heal|p2a: Kyurem|71\/100|[from] item: Leftovers\n|-heal|p1a: El Rey lento|22\/100|[from] item: Leftovers\n|upkeep\n|turn|78\n|\n|t:|1699696316\n|move|p1a: El Rey lento|Protect|p1a: El Rey lento\n|-singleturn|p1a: El Rey lento|Protect\n|move|p2a: Kyurem|Dragon Dance|p2a: Kyurem\n|-boost|p2a: Kyurem|atk|0\n|-boost|p2a: Kyurem|spe|0\n|\n|-end|p2a: Kyurem|move: Future Sight\n|-end|p2a: Kyurem|Substitute\n|-heal|p2a: Kyurem|77\/100|[from] item: Leftovers\n|-heal|p1a: El Rey lento|28\/100|[from] item: Leftovers\n|upkeep\n|turn|79\n|\n|t:|1699696323\n|switch|p1a: Barrilete cosmico|Clefable, M, tera:Fairy|85\/100\n|-damage|p1a: Barrilete cosmico|72\/100|[from] Stealth Rock\n|move|p2a: Kyurem|Icicle Spear|p1a: Barrilete cosmico\n|-damage|p1a: Barrilete cosmico|61\/100\n|-damage|p1a: Barrilete cosmico|49\/100\n|-hitcount|p1a: Barrilete cosmico|2\n|\n|-heal|p2a: Kyurem|83\/100|[from] item: Leftovers\n|-heal|p1a: Barrilete cosmico|55\/100|[from] item: Leftovers\n|upkeep\n|turn|80\n|\n|t:|1699696332\n|move|p2a: Kyurem|Icicle Spear|p1a: Barrilete cosmico\n|-damage|p1a: Barrilete cosmico|43\/100\n|-damage|p1a: Barrilete cosmico|31\/100\n|-damage|p1a: Barrilete cosmico|20\/100\n|-hitcount|p1a: Barrilete cosmico|3\n|move|p1a: Barrilete cosmico|Soft-Boiled|p1a: Barrilete cosmico\n|-heal|p1a: Barrilete cosmico|71\/100\n|\n|-heal|p2a: Kyurem|89\/100|[from] item: Leftovers\n|-heal|p1a: Barrilete cosmico|77\/100|[from] item: Leftovers\n|upkeep\n|turn|81\n|\n|t:|1699696353\n|move|p2a: Kyurem|Icicle Spear|p1a: Barrilete cosmico\n|-damage|p1a: Barrilete cosmico|66\/100\n|-damage|p1a: Barrilete cosmico|54\/100\n|-damage|p1a: Barrilete cosmico|43\/100\n|-damage|p1a: Barrilete cosmico|31\/100\n|-damage|p1a: Barrilete cosmico|19\/100\n|-hitcount|p1a: Barrilete cosmico|5\n|move|p1a: Barrilete cosmico|Cosmic Power|p1a: Barrilete cosmico\n|-boost|p1a: Barrilete cosmico|def|1\n|-boost|p1a: Barrilete cosmico|spd|1\n|\n|-heal|p2a: Kyurem|95\/100|[from] item: Leftovers\n|-heal|p1a: Barrilete cosmico|26\/100|[from] item: Leftovers\n|upkeep\n|turn|82\n|\n|t:|1699696362\n|move|p2a: Kyurem|Icicle Spear|p1a: Barrilete cosmico\n|-damage|p1a: Barrilete cosmico|18\/100\n|-damage|p1a: Barrilete cosmico|10\/100\n|-hitcount|p1a: Barrilete cosmico|2\n|move|p1a: Barrilete cosmico|Soft-Boiled|p1a: Barrilete cosmico\n|-heal|p1a: Barrilete cosmico|60\/100\n|\n|-heal|p2a: Kyurem|100\/100|[from] item: Leftovers\n|-heal|p1a: Barrilete cosmico|66\/100|[from] item: Leftovers\n|upkeep\n|turn|83\n|\n|t:|1699696369\n|move|p2a: Kyurem|Icicle Spear|p1a: Barrilete cosmico\n|-damage|p1a: Barrilete cosmico|59\/100\n|-damage|p1a: Barrilete cosmico|51\/100\n|-damage|p1a: Barrilete cosmico|43\/100\n|-damage|p1a: Barrilete cosmico|35\/100\n|-hitcount|p1a: Barrilete cosmico|4\n|move|p1a: Barrilete cosmico|Cosmic Power|p1a: Barrilete cosmico\n|-boost|p1a: Barrilete cosmico|def|1\n|-boost|p1a: Barrilete cosmico|spd|1\n|\n|-heal|p1a: Barrilete cosmico|42\/100|[from] item: Leftovers\n|upkeep\n|turn|84\n|\n|t:|1699696379\n|move|p2a: Kyurem|Icicle Spear|p1a: Barrilete cosmico\n|-damage|p1a: Barrilete cosmico|36\/100\n|-damage|p1a: Barrilete cosmico|30\/100\n|-hitcount|p1a: Barrilete cosmico|2\n|move|p1a: Barrilete cosmico|Soft-Boiled|p1a: Barrilete cosmico\n|-heal|p1a: Barrilete cosmico|80\/100\n|\n|-heal|p1a: Barrilete cosmico|87\/100|[from] item: Leftovers\n|upkeep\n|turn|85\n|\n|t:|1699696389\n|move|p2a: Kyurem|Icicle Spear|p1a: Barrilete cosmico\n|-damage|p1a: Barrilete cosmico|80\/100\n|-damage|p1a: Barrilete cosmico|75\/100\n|-hitcount|p1a: Barrilete cosmico|2\n|move|p1a: Barrilete cosmico|Cosmic Power|p1a: Barrilete cosmico\n|-boost|p1a: Barrilete cosmico|def|1\n|-boost|p1a: Barrilete cosmico|spd|1\n|\n|-heal|p1a: Barrilete cosmico|81\/100|[from] item: Leftovers\n|upkeep\n|turn|86\n|\n|t:|1699696393\n|move|p2a: Kyurem|Icicle Spear|p1a: Barrilete cosmico\n|-damage|p1a: Barrilete cosmico|76\/100\n|-damage|p1a: Barrilete cosmico|71\/100\n|-damage|p1a: Barrilete cosmico|66\/100\n|-hitcount|p1a: Barrilete cosmico|3\n|move|p1a: Barrilete cosmico|Cosmic Power|p1a: Barrilete cosmico\n|-boost|p1a: Barrilete cosmico|def|1\n|-boost|p1a: Barrilete cosmico|spd|1\n|\n|-heal|p1a: Barrilete cosmico|72\/100|[from] item: Leftovers\n|upkeep\n|turn|87\n|\n|t:|1699696394\n|move|p2a: Kyurem|Icicle Spear|p1a: Barrilete cosmico\n|-damage|p1a: Barrilete cosmico|69\/100\n|-damage|p1a: Barrilete cosmico|64\/100\n|-hitcount|p1a: Barrilete cosmico|2\n|move|p1a: Barrilete cosmico|Cosmic Power|p1a: Barrilete cosmico\n|-boost|p1a: Barrilete cosmico|def|1\n|-boost|p1a: Barrilete cosmico|spd|1\n|\n|-heal|p1a: Barrilete cosmico|71\/100|[from] item: Leftovers\n|upkeep\n|turn|88\n|\n|t:|1699696397\n|move|p2a: Kyurem|Icicle Spear|p1a: Barrilete cosmico\n|-damage|p1a: Barrilete cosmico|67\/100\n|-damage|p1a: Barrilete cosmico|64\/100\n|-hitcount|p1a: Barrilete cosmico|2\n|move|p1a: Barrilete cosmico|Cosmic Power|p1a: Barrilete cosmico\n|-boost|p1a: Barrilete cosmico|def|1\n|-boost|p1a: Barrilete cosmico|spd|1\n|\n|-heal|p1a: Barrilete cosmico|70\/100|[from] item: Leftovers\n|upkeep\n|turn|89\n|\n|t:|1699696403\n|move|p2a: Kyurem|Icicle Spear|p1a: Barrilete cosmico\n|-damage|p1a: Barrilete cosmico|67\/100\n|-damage|p1a: Barrilete cosmico|64\/100\n|-damage|p1a: Barrilete cosmico|61\/100\n|-hitcount|p1a: Barrilete cosmico|3\n|move|p1a: Barrilete cosmico|Stored Power|p2a: Kyurem\n|-damage|p2a: Kyurem|60\/100\n|\n|-heal|p2a: Kyurem|66\/100|[from] item: Leftovers\n|-heal|p1a: Barrilete cosmico|67\/100|[from] item: Leftovers\n|upkeep\n|turn|90\n|\n|t:|1699696415\n|move|p2a: Kyurem|Icicle Spear|p1a: Barrilete cosmico\n|-damage|p1a: Barrilete cosmico|65\/100\n|-damage|p1a: Barrilete cosmico|62\/100\n|-hitcount|p1a: Barrilete cosmico|2\n|move|p1a: Barrilete cosmico|Cosmic Power|p1a: Barrilete cosmico\n|-boost|p1a: Barrilete cosmico|def|0\n|-boost|p1a: Barrilete cosmico|spd|0\n|\n|-heal|p2a: Kyurem|73\/100|[from] item: Leftovers\n|-heal|p1a: Barrilete cosmico|68\/100|[from] item: Leftovers\n|upkeep\n|turn|91\n|\n|t:|1699696436\n|move|p2a: Kyurem|Icicle Spear|p1a: Barrilete cosmico\n|-damage|p1a: Barrilete cosmico|66\/100\n|-damage|p1a: Barrilete cosmico|63\/100\n|-hitcount|p1a: Barrilete cosmico|2\n|move|p1a: Barrilete cosmico|Stored Power|p2a: Kyurem\n|-damage|p2a: Kyurem|30\/100\n|\n|-heal|p2a: Kyurem|36\/100|[from] item: Leftovers\n|-heal|p1a: Barrilete cosmico|69\/100|[from] item: Leftovers\n|upkeep\n|turn|92\n|\n|t:|1699696443\n|move|p2a: Kyurem|Roost|p2a: Kyurem\n|-heal|p2a: Kyurem|86\/100\n|move|p1a: Barrilete cosmico|Stored Power|p2a: Kyurem\n|-damage|p2a: Kyurem|45\/100\n|\n|-heal|p2a: Kyurem|51\/100|[from] item: Leftovers\n|-heal|p1a: Barrilete cosmico|75\/100|[from] item: Leftovers\n|upkeep\n|turn|93\n|\n|t:|1699696452\n|move|p2a: Kyurem|Icicle Spear|p1a: Barrilete cosmico\n|-damage|p1a: Barrilete cosmico|72\/100\n|-damage|p1a: Barrilete cosmico|69\/100\n|-damage|p1a: Barrilete cosmico|66\/100\n|-hitcount|p1a: Barrilete cosmico|3\n|move|p1a: Barrilete cosmico|Moonblast|p2a: Kyurem\n|-damage|p2a: Kyurem|22\/100\n|\n|-heal|p2a: Kyurem|28\/100|[from] item: Leftovers\n|-heal|p1a: Barrilete cosmico|72\/100|[from] item: Leftovers\n|upkeep\n|turn|94\n|\n|t:|1699696460\n|move|p2a: Kyurem|Roost|p2a: Kyurem\n|-heal|p2a: Kyurem|78\/100\n|move|p1a: Barrilete cosmico|Moonblast|p2a: Kyurem\n|-damage|p2a: Kyurem|47\/100\n|-unboost|p2a: Kyurem|spa|1\n|\n|-heal|p2a: Kyurem|53\/100|[from] item: Leftovers\n|-heal|p1a: Barrilete cosmico|78\/100|[from] item: Leftovers\n|upkeep\n|turn|95\n|\n|t:|1699696466\n|move|p2a: Kyurem|Icicle Spear|p1a: Barrilete cosmico\n|-damage|p1a: Barrilete cosmico|75\/100\n|-damage|p1a: Barrilete cosmico|72\/100\n|-damage|p1a: Barrilete cosmico|69\/100\n|-damage|p1a: Barrilete cosmico|65\/100\n|-damage|p1a: Barrilete cosmico|62\/100\n|-hitcount|p1a: Barrilete cosmico|5\n|move|p1a: Barrilete cosmico|Moonblast|p2a: Kyurem\n|-damage|p2a: Kyurem|20\/100\n|\n|-heal|p2a: Kyurem|26\/100|[from] item: Leftovers\n|-heal|p1a: Barrilete cosmico|69\/100|[from] item: Leftovers\n|upkeep\n|turn|96\n|\n|t:|1699696469\n|move|p2a: Kyurem|Roost|p2a: Kyurem\n|-heal|p2a: Kyurem|76\/100\n|move|p1a: Barrilete cosmico|Moonblast|p2a: Kyurem\n|-damage|p2a: Kyurem|47\/100\n|\n|-heal|p2a: Kyurem|53\/100|[from] item: Leftovers\n|-heal|p1a: Barrilete cosmico|75\/100|[from] item: Leftovers\n|upkeep\n|turn|97\n|\n|t:|1699696480\n|move|p2a: Kyurem|Substitute|p2a: Kyurem\n|-start|p2a: Kyurem|Substitute\n|-damage|p2a: Kyurem|28\/100\n|move|p1a: Barrilete cosmico|Moonblast|p2a: Kyurem\n|-end|p2a: Kyurem|Substitute\n|\n|-heal|p2a: Kyurem|34\/100|[from] item: Leftovers\n|-heal|p1a: Barrilete cosmico|81\/100|[from] item: Leftovers\n|upkeep\n|turn|98\n|c|\u2606pocoYop|Good try\n|\n|t:|1699696487\n|move|p2a: Kyurem|Substitute|p2a: Kyurem\n|-start|p2a: Kyurem|Substitute\n|-damage|p2a: Kyurem|9\/100\n|move|p1a: Barrilete cosmico|Moonblast|p2a: Kyurem\n|-end|p2a: Kyurem|Substitute\n|\n|-heal|p2a: Kyurem|15\/100|[from] item: Leftovers\n|-heal|p1a: Barrilete cosmico|87\/100|[from] item: Leftovers\n|upkeep\n|turn|99\n|\n|t:|1699696494\n|move|p2a: Kyurem|Icicle Spear|p1a: Barrilete cosmico\n|-damage|p1a: Barrilete cosmico|84\/100\n|-damage|p1a: Barrilete cosmico|81\/100\n|-hitcount|p1a: Barrilete cosmico|2\n|move|p1a: Barrilete cosmico|Moonblast|p2a: Kyurem\n|-damage|p2a: Kyurem|0 fnt\n|faint|p2a: Kyurem\n|\n|-heal|p1a: Barrilete cosmico|87\/100|[from] item: Leftovers\n|upkeep\n|\n|t:|1699696497\n|switch|p2a: Glimmora|Glimmora, F|76\/100\n|-damage|p2a: Glimmora|51\/100|[from] Spikes\n|-damage|p2a: Glimmora|39\/100|[from] Stealth Rock\n|turn|100\n|\n|t:|1699696500\n|move|p2a: Glimmora|Mortal Spin|p1a: Barrilete cosmico\n|-supereffective|p1a: Barrilete cosmico\n|-damage|p1a: Barrilete cosmico|84\/100\n|-status|p1a: Barrilete cosmico|psn\n|-sideend|p2: wangye114514|Spikes|[from] move: Mortal Spin|[of] p2a: Glimmora\n|-sideend|p2: wangye114514|Stealth Rock|[from] move: Mortal Spin|[of] p2a: Glimmora\n|move|p1a: Barrilete cosmico|Stored Power|p2a: Glimmora\n|-supereffective|p2a: Glimmora\n|-damage|p2a: Glimmora|0 fnt\n|faint|p2a: Glimmora\n|\n|-heal|p1a: Barrilete cosmico|90\/100 psn|[from] item: Leftovers\n|-damage|p1a: Barrilete cosmico|77\/100 psn|[from] psn\n|upkeep\n|\n|t:|1699696508\n|switch|p2a: Magnemite|Magnemite, L1|100\/100\n|turn|101\n|\n|t:|1699696514\n|move|p1a: Barrilete cosmico|Stored Power|p2a: Magnemite\n|-resisted|p2a: Magnemite\n|-ability|p2a: Magnemite|Sturdy\n|-damage|p2a: Magnemite|10\/100\n|-enditem|p2a: Magnemite|Berry Juice\n|-heal|p2a: Magnemite|100\/100|[from] item: Berry Juice\n|move|p2a: Magnemite|Recycle|p2a: Magnemite\n|-item|p2a: Magnemite|Berry Juice|[from] move: Recycle\n|\n|-heal|p1a: Barrilete cosmico|84\/100 psn|[from] item: Leftovers\n|-damage|p1a: Barrilete cosmico|71\/100 psn|[from] psn\n|upkeep\n|turn|102\n|\n|t:|1699696524\n|move|p1a: Barrilete cosmico|Stored Power|p2a: Magnemite\n|-resisted|p2a: Magnemite\n|-ability|p2a: Magnemite|Sturdy\n|-damage|p2a: Magnemite|10\/100\n|-enditem|p2a: Magnemite|Berry Juice\n|-heal|p2a: Magnemite|100\/100|[from] item: Berry Juice\n|move|p2a: Magnemite|Recycle|p2a: Magnemite\n|-item|p2a: Magnemite|Berry Juice|[from] move: Recycle\n|\n|-heal|p1a: Barrilete cosmico|77\/100 psn|[from] item: Leftovers\n|-damage|p1a: Barrilete cosmico|65\/100 psn|[from] psn\n|upkeep\n|turn|103\n|\n|t:|1699696541\n|move|p1a: Barrilete cosmico|Stored Power|p2a: Magnemite\n|-resisted|p2a: Magnemite\n|-ability|p2a: Magnemite|Sturdy\n|-damage|p2a: Magnemite|10\/100\n|-enditem|p2a: Magnemite|Berry Juice\n|-heal|p2a: Magnemite|100\/100|[from] item: Berry Juice\n|move|p2a: Magnemite|Recycle|p2a: Magnemite\n|-item|p2a: Magnemite|Berry Juice|[from] move: Recycle\n|\n|-heal|p1a: Barrilete cosmico|71\/100 psn|[from] item: Leftovers\n|-damage|p1a: Barrilete cosmico|59\/100 psn|[from] psn\n|upkeep\n|turn|104\n|c|\u2606pocoYop|Guau\n|\n|t:|1699696549\n|switch|p1a: El Rey lento|Slowbro, F|61\/100\n|-damage|p1a: El Rey lento|49\/100|[from] Stealth Rock\n|move|p2a: Magnemite|Recycle||[still]\n|-fail|p2a: Magnemite\n|\n|-heal|p1a: El Rey lento|55\/100|[from] item: Leftovers\n|upkeep\n|turn|105\n|\n|t:|1699696573\n|move|p1a: El Rey lento|Protect|p1a: El Rey lento\n|-singleturn|p1a: El Rey lento|Protect\n|move|p2a: Magnemite|Gravity|p2a: Magnemite\n|-fieldstart|move: Gravity\n|\n|-heal|p1a: El Rey lento|61\/100|[from] item: Leftovers\n|upkeep\n|turn|106\n|\n|t:|1699696583\n|move|p2a: Magnemite|Magic Coat|p2a: Magnemite\n|-singleturn|p2a: Magnemite|move: Magic Coat\n|move|p1a: El Rey lento|Scald|p2a: Magnemite\n|-ability|p2a: Magnemite|Sturdy\n|-damage|p2a: Magnemite|10\/100\n|-enditem|p2a: Magnemite|Berry Juice\n|-heal|p2a: Magnemite|100\/100|[from] item: Berry Juice\n|\n|-heal|p1a: El Rey lento|67\/100|[from] item: Leftovers\n|upkeep\n|turn|107\n|\n|t:|1699696592\n|move|p1a: El Rey lento|Scald|p2a: Magnemite\n|-ability|p2a: Magnemite|Sturdy\n|-damage|p2a: Magnemite|10\/100\n|move|p2a: Magnemite|Recycle|p2a: Magnemite\n|-item|p2a: Magnemite|Berry Juice|[from] move: Recycle\n|-enditem|p2a: Magnemite|Berry Juice\n|-heal|p2a: Magnemite|100\/100|[from] item: Berry Juice\n|\n|-heal|p1a: El Rey lento|73\/100|[from] item: Leftovers\n|upkeep\n|turn|108\n|\n|t:|1699696598\n|move|p1a: El Rey lento|Scald|p2a: Magnemite\n|-ability|p2a: Magnemite|Sturdy\n|-damage|p2a: Magnemite|10\/100\n|move|p2a: Magnemite|Recycle|p2a: Magnemite\n|-item|p2a: Magnemite|Berry Juice|[from] move: Recycle\n|-enditem|p2a: Magnemite|Berry Juice\n|-heal|p2a: Magnemite|100\/100|[from] item: Berry Juice\n|\n|-heal|p1a: El Rey lento|79\/100|[from] item: Leftovers\n|upkeep\n|turn|109\n|\n|t:|1699696607\n|move|p1a: El Rey lento|Future Sight|p2a: Magnemite\n|-start|p1a: El Rey lento|move: Future Sight\n|move|p2a: Magnemite|Recycle|p2a: Magnemite\n|-item|p2a: Magnemite|Berry Juice|[from] move: Recycle\n|\n|-heal|p1a: El Rey lento|86\/100|[from] item: Leftovers\n|-fieldend|move: Gravity\n|upkeep\n|turn|110\n|\n|t:|1699696613\n|move|p1a: El Rey lento|Scald|p2a: Magnemite\n|-ability|p2a: Magnemite|Sturdy\n|-damage|p2a: Magnemite|10\/100\n|-status|p2a: Magnemite|brn\n|-enditem|p2a: Magnemite|Berry Juice\n|-heal|p2a: Magnemite|100\/100 brn|[from] item: Berry Juice\n|move|p2a: Magnemite|Magnet Rise|p2a: Magnemite\n|-start|p2a: Magnemite|Magnet Rise\n|\n|-heal|p1a: El Rey lento|92\/100|[from] item: Leftovers\n|-damage|p2a: Magnemite|91\/100 brn|[from] brn\n|upkeep\n|turn|111\n|\n|t:|1699696619\n|move|p1a: El Rey lento|Scald|p2a: Magnemite\n|-damage|p2a: Magnemite|0 fnt\n|faint|p2a: Magnemite\n|\n|win|pocoYop\n|raw|pocoYop's rating: 1550 &rarr; <strong>1564<\/strong><br \/>(+14 for winning)\n|raw|wangye114514's rating: 1448 &rarr; <strong>1434<\/strong><br \/>(-14 for losing)\n|c|\u2606pocoYop|Good try\n|c|\u2606pocoYop|So borring strat\n|c|\u2606pocoYop|But okey\n|c|\u2606pocoYop|Gg\n|l|\u2606pocoYop\n|c|\u2606wangye114514|ok\n","uploadtime":1699696689,"views":4,"p1id":"pocoyop","p2id":"wangye114514","formatid":"gen9nationaldex","rating":1434,"private":0,"password":""}