{"id":"gen9nationaldex-1987792916","p1":"MEMMEM","p2":"Poup94","format":"[Gen 9] National Dex","log":"|j|\u2606MEMMEM\n|j|\u2606Poup94\n|t:|1699637365\n|gametype|singles\n|player|p1|MEMMEM|biker-gen4|1731\n|player|p2|Poup94|265|1818\n|teamsize|p1|6\n|teamsize|p2|6\n|gen|9\n|tier|[Gen 9] National Dex\n|rated|\n|rule|HP Percentage Mod: HP is shown in percentages\n|rule|Endless Battle Clause: Forcing endless battles is banned\n|rule|OHKO Clause: OHKO moves are banned\n|rule|Evasion Clause: Evasion abilities, items, and moves are banned\n|rule|Evasion Abilities Clause: Evasion abilities are banned\n|rule|Evasion Items Clause: Evasion items are banned\n|rule|Evasion Moves Clause: Evasion moves are banned\n|rule|Species Clause: Limit one of each Pok\u00e9mon\n|rule|Sleep Clause Mod: Limit one foe put to sleep\n|clearpoke\n|poke|p1|Azumarill, F|\n|poke|p1|Zapdos|\n|poke|p1|Ferrothorn, F|\n|poke|p1|Banette, F|\n|poke|p1|Gyarados, F|\n|poke|p1|Ting-Lu|\n|poke|p2|Garchomp, M|\n|poke|p2|Ogerpon-Wellspring, F|\n|poke|p2|Dondozo, M|\n|poke|p2|Heatran, M|\n|poke|p2|Zapdos|\n|poke|p2|Chansey, F|\n|teampreview\n|\n|t:|1699637380\n|start\n|switch|p1a: Azumarill|Azumarill, F|100\/100\n|switch|p2a: Ogerpon|Ogerpon-Wellspring, F|100\/100\n|turn|1\n|j| elvisma\n|\n|t:|1699637386\n|switch|p1a: Ferrothorn|Ferrothorn, F|100\/100\n|move|p2a: Ogerpon|Horn Leech|p1a: Ferrothorn\n|-resisted|p1a: Ferrothorn\n|-damage|p1a: Ferrothorn|94\/100\n|-damage|p2a: Ogerpon|88\/100|[from] ability: Iron Barbs|[of] p1a: Ferrothorn\n|-damage|p2a: Ogerpon|72\/100|[from] item: Rocky Helmet|[of] p1a: Ferrothorn\n|\n|upkeep\n|turn|2\n|\n|t:|1699637394\n|move|p2a: Ogerpon|Substitute|p2a: Ogerpon\n|-start|p2a: Ogerpon|Substitute\n|-damage|p2a: Ogerpon|47\/100\n|move|p1a: Ferrothorn|Stealth Rock|p2a: Ogerpon\n|-sidestart|p2: Poup94|move: Stealth Rock\n|\n|upkeep\n|turn|3\n|\n|t:|1699637400\n|move|p2a: Ogerpon|Swords Dance|p2a: Ogerpon\n|-boost|p2a: Ogerpon|atk|2\n|move|p1a: Ferrothorn|Power Whip|p2a: Ogerpon\n|-end|p2a: Ogerpon|Substitute\n|\n|upkeep\n|turn|4\n|\n|t:|1699637411\n|switch|p2a: Zapdos|Zapdos|100\/100\n|move|p1a: Ferrothorn|Power Whip|p2a: Zapdos\n|-resisted|p2a: Zapdos\n|-damage|p2a: Zapdos|76\/100\n|\n|upkeep\n|turn|5\n|\n|t:|1699637418\n|move|p2a: Zapdos|Defog|p1a: Ferrothorn\n|-unboost|p1a: Ferrothorn|evasion|1\n|-sideend|p2: Poup94|Stealth Rock|[from] move: Defog|[of] p2a: Zapdos\n|move|p1a: Ferrothorn|Leech Seed|p2a: Zapdos|[miss]\n|-miss|p1a: Ferrothorn|p2a: Zapdos\n|\n|upkeep\n|turn|6\n|\n|t:|1699637424\n|move|p2a: Zapdos|Hurricane|p1a: Ferrothorn\n|-damage|p1a: Ferrothorn|45\/100\n|move|p1a: Ferrothorn|Leech Seed|p2a: Zapdos\n|-start|p2a: Zapdos|move: Leech Seed\n|\n|-damage|p2a: Zapdos|64\/100|[from] Leech Seed|[of] p1a: Ferrothorn\n|-heal|p1a: Ferrothorn|56\/100|[silent]\n|upkeep\n|turn|7\n|\n|t:|1699637431\n|switch|p2a: Heatran|Heatran, M|100\/100\n|switch|p1a: Azumarill|Azumarill, F|100\/100\n|\n|upkeep\n|turn|8\n|\n|t:|1699637442\n|switch|p2a: Dondozo|Dondozo, M|100\/100\n|switch|p1a: Gyarados|Gyarados, F|100\/100\n|\n|upkeep\n|turn|9\n|\n|t:|1699637448\n|move|p1a: Gyarados|Dragon Dance|p1a: Gyarados\n|-boost|p1a: Gyarados|atk|1\n|-boost|p1a: Gyarados|spe|1\n|move|p2a: Dondozo|Curse|p2a: Dondozo\n|-unboost|p2a: Dondozo|spe|1\n|-boost|p2a: Dondozo|atk|1\n|-boost|p2a: Dondozo|def|1\n|\n|upkeep\n|turn|10\n|\n|t:|1699637457\n|move|p1a: Gyarados|Taunt|p2a: Dondozo\n|-start|p2a: Dondozo|move: Taunt\n|move|p2a: Dondozo|Body Press|p1a: Gyarados\n|-resisted|p1a: Gyarados\n|-damage|p1a: Gyarados|75\/100\n|\n|upkeep\n|turn|11\n|\n|t:|1699637463\n|switch|p1a: Zapdos|Zapdos|100\/100\n|move|p2a: Dondozo|Body Press|p1a: Zapdos\n|-resisted|p1a: Zapdos\n|-damage|p1a: Zapdos|86\/100\n|\n|upkeep\n|turn|12\n|\n|t:|1699637471\n|switch|p2a: Chansey|Chansey, F|100\/100\n|move|p1a: Zapdos|Volt Switch|p2a: Chansey\n|-damage|p2a: Chansey|91\/100\n|\n|t:|1699637482\n|switch|p1a: Ferrothorn|Ferrothorn, F|56\/100|[from] Volt Switch\n|\n|upkeep\n|turn|13\n|\n|t:|1699637487\n|switch|p2a: Heatran|Heatran, M|100\/100\n|move|p1a: Ferrothorn|Leech Seed|p2a: Heatran\n|-start|p2a: Heatran|move: Leech Seed\n|\n|-damage|p2a: Heatran|88\/100|[from] Leech Seed|[of] p1a: Ferrothorn\n|-heal|p1a: Ferrothorn|68\/100|[silent]\n|upkeep\n|turn|14\n|\n|t:|1699637493\n|switch|p2a: Zapdos|Zapdos|64\/100\n|switch|p1a: Ting-Lu|Ting-Lu|100\/100\n|-ability|p1a: Ting-Lu|Vessel of Ruin\n|\n|upkeep\n|turn|15\n|\n|t:|1699637503\n|move|p2a: Zapdos|Hurricane|p1a: Ting-Lu\n|-damage|p1a: Ting-Lu|79\/100\n|move|p1a: Ting-Lu|Spikes|p2a: Zapdos\n|-sidestart|p2: Poup94|Spikes\n|\n|-heal|p1a: Ting-Lu|85\/100|[from] item: Leftovers\n|upkeep\n|turn|16\n|\n|t:|1699637511\n|move|p2a: Zapdos|Hurricane|p1a: Ting-Lu\n|-damage|p1a: Ting-Lu|62\/100\n|-start|p1a: Ting-Lu|confusion\n|-activate|p1a: Ting-Lu|confusion\n|move|p1a: Ting-Lu|Ruination|p2a: Zapdos\n|-damage|p2a: Zapdos|32\/100\n|\n|-heal|p1a: Ting-Lu|68\/100|[from] item: Leftovers\n|upkeep\n|turn|17\n|\n|t:|1699637520\n|move|p2a: Zapdos|Defog|p1a: Ting-Lu\n|-unboost|p1a: Ting-Lu|evasion|1\n|-sideend|p2: Poup94|Spikes|[from] move: Defog|[of] p2a: Zapdos\n|-activate|p1a: Ting-Lu|confusion\n|-damage|p1a: Ting-Lu|62\/100|[from] confusion\n|\n|-heal|p1a: Ting-Lu|68\/100|[from] item: Leftovers\n|upkeep\n|turn|18\n|l| elvisma\n|\n|t:|1699637530\n|switch|p2a: Heatran|Heatran, M|88\/100\n|-activate|p1a: Ting-Lu|confusion\n|move|p1a: Ting-Lu|Earthquake|p2a: Heatran\n|-supereffective|p2a: Heatran\n|-damage|p2a: Heatran|0 fnt\n|faint|p2a: Heatran\n|\n|-heal|p1a: Ting-Lu|75\/100|[from] item: Leftovers\n|upkeep\n|\n|t:|1699637546\n|switch|p2a: Ogerpon|Ogerpon-Wellspring, F|47\/100\n|turn|19\n|\n|t:|1699637550\n|switch|p1a: Ferrothorn|Ferrothorn, F|68\/100\n|move|p2a: Ogerpon|Swords Dance|p2a: Ogerpon\n|-boost|p2a: Ogerpon|atk|2\n|\n|upkeep\n|turn|20\n|\n|t:|1699637556\n|move|p2a: Ogerpon|Ivy Cudgel|p1a: Ferrothorn\n|-resisted|p1a: Ferrothorn\n|-damage|p1a: Ferrothorn|34\/100\n|move|p1a: Ferrothorn|Power Whip|p2a: Ogerpon\n|-damage|p2a: Ogerpon|0 fnt\n|faint|p2a: Ogerpon\n|\n|upkeep\n|\n|t:|1699637571\n|switch|p2a: Zapdos|Zapdos|32\/100\n|turn|21\n|\n|t:|1699637574\n|move|p2a: Zapdos|Hurricane|p1a: Ferrothorn\n|-crit|p1a: Ferrothorn\n|-damage|p1a: Ferrothorn|0 fnt\n|faint|p1a: Ferrothorn\n|\n|upkeep\n|\n|t:|1699637584\n|switch|p1a: Azumarill|Azumarill, F|100\/100\n|turn|22\n|j| nd9gd dml\n|\n|t:|1699637588\n|switch|p2a: Dondozo|Dondozo, M|100\/100\n|move|p1a: Azumarill|Liquidation|p2a: Dondozo\n|-resisted|p2a: Dondozo\n|-damage|p2a: Dondozo|88\/100\n|\n|-heal|p2a: Dondozo|94\/100|[from] item: Leftovers\n|upkeep\n|turn|23\n|\n|t:|1699637596\n|switch|p1a: Banette|Banette, F|100\/100\n|-item|p2a: Dondozo|Leftovers|[from] ability: Frisk|[of] p1a: Banette|[identify]\n|move|p2a: Dondozo|Wave Crash|p1a: Banette\n|-damage|p1a: Banette|49\/100\n|-damage|p2a: Dondozo|85\/100|[from] Recoil\n|\n|-heal|p2a: Dondozo|91\/100|[from] item: Leftovers\n|upkeep\n|turn|24\n|\n|t:|1699637609\n|switch|p2a: Chansey|Chansey, F|91\/100\n|detailschange|p1a: Banette|Banette-Mega, F\n|-mega|p1a: Banette|Banette|Banettite\n|move|p1a: Banette|Poltergeist|p2a: Chansey\n|-immune|p2a: Chansey\n|\n|upkeep\n|turn|25\n|\n|t:|1699637617\n|switch|p1a: Ting-Lu|Ting-Lu|75\/100\n|-ability|p1a: Ting-Lu|Vessel of Ruin\n|move|p2a: Chansey|Toxic|p1a: Ting-Lu\n|-status|p1a: Ting-Lu|tox\n|\n|-heal|p1a: Ting-Lu|81\/100 tox|[from] item: Leftovers\n|-damage|p1a: Ting-Lu|75\/100 tox|[from] psn\n|upkeep\n|turn|26\n|\n|t:|1699637625\n|switch|p2a: Zapdos|Zapdos|32\/100\n|move|p1a: Ting-Lu|Spikes|p2a: Zapdos\n|-sidestart|p2: Poup94|Spikes\n|\n|-heal|p1a: Ting-Lu|81\/100 tox|[from] item: Leftovers\n|-damage|p1a: Ting-Lu|68\/100 tox|[from] psn\n|upkeep\n|turn|27\n|l| nd9gd dml\n|\n|t:|1699637633\n|move|p2a: Zapdos|Defog|p1a: Ting-Lu\n|-unboost|p1a: Ting-Lu|evasion|1\n|-sideend|p2: Poup94|Spikes|[from] move: Defog|[of] p2a: Zapdos\n|move|p1a: Ting-Lu|Earthquake|p2a: Zapdos\n|-immune|p2a: Zapdos\n|\n|-heal|p1a: Ting-Lu|75\/100 tox|[from] item: Leftovers\n|-damage|p1a: Ting-Lu|56\/100 tox|[from] psn\n|upkeep\n|turn|28\n|\n|t:|1699637641\n|move|p2a: Zapdos|Hurricane|p1a: Ting-Lu\n|-damage|p1a: Ting-Lu|31\/100 tox\n|-start|p1a: Ting-Lu|confusion\n|-activate|p1a: Ting-Lu|confusion\n|move|p1a: Ting-Lu|Spikes|p2a: Zapdos\n|-sidestart|p2: Poup94|Spikes\n|\n|-heal|p1a: Ting-Lu|37\/100 tox|[from] item: Leftovers\n|-damage|p1a: Ting-Lu|12\/100 tox|[from] psn\n|upkeep\n|turn|29\n|\n|t:|1699637649\n|move|p2a: Zapdos|Defog|p1a: Ting-Lu\n|-unboost|p1a: Ting-Lu|evasion|1\n|-sideend|p2: Poup94|Spikes|[from] move: Defog|[of] p2a: Zapdos\n|-activate|p1a: Ting-Lu|confusion\n|move|p1a: Ting-Lu|Ruination|p2a: Zapdos\n|-damage|p2a: Zapdos|16\/100\n|\n|-heal|p1a: Ting-Lu|18\/100 tox|[from] item: Leftovers\n|-damage|p1a: Ting-Lu|0 fnt|[from] psn\n|faint|p1a: Ting-Lu\n|upkeep\n|\n|t:|1699637655\n|switch|p1a: Banette|Banette-Mega, F|49\/100\n|turn|30\n|\n|t:|1699637660\n|switch|p2a: Chansey|Chansey, F|91\/100\n|switch|p1a: Gyarados|Gyarados, F|75\/100\n|\n|upkeep\n|turn|31\n|\n|t:|1699637668\n|switch|p2a: Garchomp|Garchomp, M|100\/100\n|move|p1a: Gyarados|Dragon Dance|p1a: Gyarados\n|-boost|p1a: Gyarados|atk|1\n|-boost|p1a: Gyarados|spe|1\n|\n|upkeep\n|turn|32\n|\n|t:|1699637680\n|move|p2a: Garchomp|Outrage|p1a: Gyarados\n|-damage|p1a: Gyarados|0 fnt\n|faint|p1a: Gyarados\n|\n|upkeep\n|\n|t:|1699637682\n|switch|p1a: Azumarill|Azumarill, F|100\/100\n|turn|33\n|\n|t:|1699637686\n|move|p2a: Garchomp|Outrage|p1a: Azumarill|[from]lockedmove\n|-immune|p1a: Azumarill\n|-start|p2a: Garchomp|confusion|[fatigue]\n|move|p1a: Azumarill|Play Rough|p2a: Garchomp\n|-supereffective|p2a: Garchomp\n|-damage|p2a: Garchomp|0 fnt\n|-damage|p1a: Azumarill|88\/100|[from] ability: Rough Skin|[of] p2a: Garchomp\n|faint|p2a: Garchomp\n|\n|upkeep\n|\n|t:|1699637696\n|switch|p2a: Dondozo|Dondozo, M|91\/100\n|turn|34\n|\n|t:|1699637703\n|switch|p1a: Zapdos|Zapdos|86\/100\n|move|p2a: Dondozo|Curse|p2a: Dondozo\n|-unboost|p2a: Dondozo|spe|1\n|-boost|p2a: Dondozo|atk|1\n|-boost|p2a: Dondozo|def|1\n|\n|-heal|p2a: Dondozo|97\/100|[from] item: Leftovers\n|upkeep\n|turn|35\n|\n|t:|1699637711\n|-terastallize|p2a: Dondozo|Dark\n|move|p1a: Zapdos|Volt Switch|p2a: Dondozo\n|-damage|p2a: Dondozo|72\/100\n|\n|t:|1699637714\n|switch|p1a: Azumarill|Azumarill, F|88\/100|[from] Volt Switch\n|move|p2a: Dondozo|Wave Crash|p1a: Azumarill\n|-resisted|p1a: Azumarill\n|-damage|p1a: Azumarill|55\/100\n|-damage|p2a: Dondozo|63\/100|[from] Recoil\n|\n|-heal|p2a: Dondozo|69\/100|[from] item: Leftovers\n|upkeep\n|turn|36\n|\n|t:|1699637723\n|move|p1a: Azumarill|Play Rough|p2a: Dondozo\n|-supereffective|p2a: Dondozo\n|-damage|p2a: Dondozo|37\/100\n|move|p2a: Dondozo|Curse|p2a: Dondozo\n|-unboost|p2a: Dondozo|spe|1\n|-boost|p2a: Dondozo|atk|1\n|-boost|p2a: Dondozo|def|1\n|\n|-heal|p2a: Dondozo|43\/100|[from] item: Leftovers\n|upkeep\n|turn|37\n|\n|t:|1699637733\n|move|p1a: Azumarill|Play Rough|p2a: Dondozo\n|-supereffective|p2a: Dondozo\n|-damage|p2a: Dondozo|15\/100\n|move|p2a: Dondozo|Rest|p2a: Dondozo\n|-status|p2a: Dondozo|slp|[from] move: Rest\n|-heal|p2a: Dondozo|100\/100 slp|[silent]\n|\n|upkeep\n|turn|38\n|\n|t:|1699637741\n|move|p1a: Azumarill|Play Rough|p2a: Dondozo\n|-supereffective|p2a: Dondozo\n|-damage|p2a: Dondozo|75\/100 slp\n|cant|p2a: Dondozo|slp\n|\n|-heal|p2a: Dondozo|82\/100 slp|[from] item: Leftovers\n|upkeep\n|turn|39\n|\n|t:|1699637747\n|move|p1a: Azumarill|Play Rough|p2a: Dondozo\n|-supereffective|p2a: Dondozo\n|-crit|p2a: Dondozo\n|-damage|p2a: Dondozo|9\/100 slp\n|cant|p2a: Dondozo|slp\n|\n|-heal|p2a: Dondozo|15\/100 slp|[from] item: Leftovers\n|upkeep\n|turn|40\n|\n|t:|1699637762\n|move|p1a: Azumarill|Play Rough|p2a: Dondozo\n|-supereffective|p2a: Dondozo\n|-damage|p2a: Dondozo|0 fnt\n|faint|p2a: Dondozo\n|\n|upkeep\n|\n|t:|1699637767\n|switch|p2a: Zapdos|Zapdos|16\/100\n|turn|41\n|\n|t:|1699637770\n|-terastallize|p1a: Azumarill|Water\n|move|p1a: Azumarill|Aqua Jet|p2a: Zapdos\n|-damage|p2a: Zapdos|0 fnt\n|-status|p1a: Azumarill|par|[from] ability: Static|[of] p2a: Zapdos\n|faint|p2a: Zapdos\n|\n|upkeep\n|\n|t:|1699637776\n|switch|p2a: Chansey|Chansey, F|91\/100\n|turn|42\n|\n|t:|1699637779\n|move|p2a: Chansey|Seismic Toss|p1a: Azumarill\n|-damage|p1a: Azumarill|30\/100 par\n|move|p1a: Azumarill|Liquidation|p2a: Chansey\n|-damage|p2a: Chansey|46\/100\n|\n|upkeep\n|turn|43\n|\n|t:|1699637787\n|move|p2a: Chansey|Soft-Boiled|p2a: Chansey\n|-heal|p2a: Chansey|96\/100\n|move|p1a: Azumarill|Liquidation|p2a: Chansey\n|-damage|p2a: Chansey|47\/100\n|\n|upkeep\n|turn|44\n|\n|t:|1699637793\n|move|p2a: Chansey|Soft-Boiled|p2a: Chansey\n|-heal|p2a: Chansey|97\/100\n|cant|p1a: Azumarill|par\n|\n|upkeep\n|turn|45\n|\n|t:|1699637800\n|move|p2a: Chansey|Seismic Toss|p1a: Azumarill\n|-damage|p1a: Azumarill|5\/100 par\n|move|p1a: Azumarill|Liquidation|p2a: Chansey\n|-damage|p2a: Chansey|55\/100\n|\n|upkeep\n|turn|46\n|\n|t:|1699637806\n|move|p2a: Chansey|Soft-Boiled|p2a: Chansey\n|-heal|p2a: Chansey|100\/100\n|move|p1a: Azumarill|Liquidation|p2a: Chansey\n|-damage|p2a: Chansey|55\/100\n|\n|upkeep\n|turn|47\n|\n|t:|1699637811\n|move|p2a: Chansey|Soft-Boiled|p2a: Chansey\n|-heal|p2a: Chansey|100\/100\n|move|p1a: Azumarill|Liquidation|p2a: Chansey\n|-damage|p2a: Chansey|58\/100\n|-unboost|p2a: Chansey|def|1\n|\n|upkeep\n|turn|48\n|\n|t:|1699637818\n|cant|p1a: Azumarill|par\n|move|p2a: Chansey|Soft-Boiled|p2a: Chansey\n|-heal|p2a: Chansey|100\/100\n|\n|upkeep\n|turn|49\n|\n|t:|1699637823\n|move|p1a: Azumarill|Aqua Jet|p2a: Chansey\n|-damage|p2a: Chansey|65\/100\n|move|p2a: Chansey|Seismic Toss|p1a: Azumarill\n|-damage|p1a: Azumarill|0 fnt\n|faint|p1a: Azumarill\n|\n|upkeep\n|j| elvisma\n|\n|t:|1699637834\n|switch|p1a: Zapdos|Zapdos|86\/100\n|turn|50\n|\n|t:|1699637837\n|move|p1a: Zapdos|Volt Switch|p2a: Chansey\n|-damage|p2a: Chansey|55\/100\n|\n|t:|1699637840\n|switch|p1a: Banette|Banette-Mega, F|49\/100|[from] Volt Switch\n|move|p2a: Chansey|Toxic|p1a: Banette\n|-status|p1a: Banette|tox\n|\n|-damage|p1a: Banette|43\/100 tox|[from] psn\n|upkeep\n|turn|51\n|\n|t:|1699637848\n|switch|p1a: Zapdos|Zapdos|86\/100\n|move|p2a: Chansey|Soft-Boiled|p2a: Chansey\n|-heal|p2a: Chansey|100\/100\n|\n|upkeep\n|turn|52\n|\n|t:|1699637859\n|move|p1a: Zapdos|Volt Switch|p2a: Chansey\n|-damage|p2a: Chansey|91\/100\n|\n|t:|1699637864\n|switch|p1a: Banette|Banette-Mega, F|43\/100 tox|[from] Volt Switch\n|move|p2a: Chansey|Seismic Toss|p1a: Banette\n|-immune|p1a: Banette\n|\n|-damage|p1a: Banette|37\/100 tox|[from] psn\n|upkeep\n|turn|53\n|\n|t:|1699637871\n|switch|p1a: Zapdos|Zapdos|86\/100\n|move|p2a: Chansey|Toxic|p1a: Zapdos\n|-status|p1a: Zapdos|tox\n|\n|-damage|p1a: Zapdos|80\/100 tox|[from] psn\n|upkeep\n|turn|54\n|-message|MEMMEM forfeited.\n|\n|win|Poup94\n|raw|MEMMEM's rating: 1731 &rarr; <strong>1716<\/strong><br \/>(-15 for losing)\n|raw|Poup94's rating: 1818 &rarr; <strong>1833<\/strong><br \/>(+15 for winning)\n|l|\u2606MEMMEM\n","uploadtime":1699637882,"views":5,"p1id":"memmem","p2id":"poup94","formatid":"gen9nationaldex","rating":1716,"private":0,"password":""}