{"id":"gen9nationaldex-1996223839","p1":"Rareazalea","p2":"JoaKingDex(X)","format":"[Gen 9] National Dex","log":"|html|<div class=\"broadcast-blue\"><strong>[Gen 9] National Dex is currently suspecting Sneasler! For information on how to participate check out the <a href=\"https:\/\/www.smogon.com\/forums\/threads\/sv-national-dex-suspect-8-just-dance.3731534\/\">suspect thread<\/a>.<\/strong><\/div>\n|j|\u2606Rareazalea\n|j|\u2606JoaKingDex(X)\n|t:|1700661120\n|gametype|singles\n|player|p1|Rareazalea|pokemonrangerf-gen4|1233\n|player|p2|JoaKingDex(X)|red-masters|1360\n|teamsize|p1|6\n|teamsize|p2|6\n|gen|9\n|tier|[Gen 9] National Dex\n|rated|\n|rule|HP Percentage Mod: HP is shown in percentages\n|rule|Endless Battle Clause: Forcing endless battles is banned\n|rule|OHKO Clause: OHKO moves are banned\n|rule|Evasion Clause: Evasion abilities, items, and moves are banned\n|rule|Evasion Abilities Clause: Evasion abilities are banned\n|rule|Evasion Items Clause: Evasion items are banned\n|rule|Evasion Moves Clause: Evasion moves are banned\n|rule|Species Clause: Limit one of each Pok\u00e9mon\n|rule|Sleep Clause Mod: Limit one foe put to sleep\n|clearpoke\n|poke|p1|Landorus-Therian, M|\n|poke|p1|Porygon2|\n|poke|p1|Skeledirge, F|\n|poke|p1|Tyrantrum, F|\n|poke|p1|Rotom-Wash|\n|poke|p1|Lopunny, M|\n|poke|p2|Charizard, M|\n|poke|p2|Ninetales-Alola, F|\n|poke|p2|Gastrodon, M|\n|poke|p2|Nidoking, M|\n|poke|p2|Kartana|\n|poke|p2|Corviknight, M|\n|teampreview\n|inactive|Battle timer is ON: inactive players will automatically lose when time's up. (requested by Rareazalea)\n|\n|t:|1700661135\n|start\n|switch|p1a: Prism|Porygon2|100\/100\n|switch|p2a: Kartana|Kartana|100\/100\n|-ability|p1a: Prism|Download|boost\n|-boost|p1a: Prism|spa|1\n|turn|1\n|\n|t:|1700661147\n|switch|p1a: Lopunny|Lopunny, M|100\/100\n|move|p2a: Kartana|Sacred Sword|p1a: Lopunny\n|-supereffective|p1a: Lopunny\n|-damage|p1a: Lopunny|0 fnt\n|faint|p1a: Lopunny\n|-ability|p2a: Kartana|Beast Boost|boost\n|-boost|p2a: Kartana|atk|1\n|\n|upkeep\n|\n|t:|1700661154\n|switch|p1a: Choral|Skeledirge, F|100\/100\n|turn|2\n|\n|t:|1700661160\n|switch|p2a: Nidoking|Nidoking, M|100\/100\n|move|p1a: Choral|Will-O-Wisp|p2a: Nidoking\n|-status|p2a: Nidoking|brn\n|\n|-damage|p2a: Nidoking|94\/100 brn|[from] brn\n|upkeep\n|turn|3\n|\n|t:|1700661164\n|switch|p1a: Dish|Rotom-Wash|100\/100\n|move|p2a: Nidoking|Earth Power|p1a: Dish\n|-immune|p1a: Dish|[from] ability: Levitate\n|\n|-damage|p2a: Nidoking|88\/100 brn|[from] brn\n|upkeep\n|turn|4\n|\n|t:|1700661171\n|move|p1a: Dish|Hydro Pump|p2a: Nidoking\n|-supereffective|p2a: Nidoking\n|-damage|p2a: Nidoking|0 fnt\n|faint|p2a: Nidoking\n|\n|upkeep\n|\n|t:|1700661176\n|switch|p2a: Ninetales|Ninetales-Alola, F|100\/100\n|-weather|Snow|[from] ability: Snow Warning|[of] p2a: Ninetales\n|turn|5\n|\n|t:|1700661181\n|switch|p1a: Prism|Porygon2|100\/100\n|-ability|p1a: Prism|Download|boost\n|-boost|p1a: Prism|atk|1\n|move|p2a: Ninetales|Aurora Veil|p2a: Ninetales\n|-sidestart|p2: JoaKingDex(X)|move: Aurora Veil\n|\n|-weather|Snow|[upkeep]\n|upkeep\n|turn|6\n|\n|t:|1700661189\n|move|p2a: Ninetales|Moonblast|p1a: Prism\n|-damage|p1a: Prism|76\/100\n|move|p1a: Prism|Gravity|p1a: Prism\n|-fieldstart|move: Gravity\n|\n|-weather|Snow|[upkeep]\n|upkeep\n|turn|7\n|\n|t:|1700661197\n|move|p2a: Ninetales|Moonblast|p1a: Prism\n|-damage|p1a: Prism|52\/100\n|move|p1a: Prism|Teleport|p1a: Prism\n|\n|t:|1700661202\n|switch|p1a: Granite|Tyrantrum, F|100\/100|[from] Teleport\n|\n|-weather|Snow|[upkeep]\n|upkeep\n|turn|8\n|\n|t:|1700661207\n|-terastallize|p1a: Granite|Rock\n|move|p2a: Ninetales|Moonblast|p1a: Granite\n|-damage|p1a: Granite|43\/100\n|move|p1a: Granite|Dragon Dance|p1a: Granite\n|-boost|p1a: Granite|atk|1\n|-boost|p1a: Granite|spe|1\n|\n|-weather|Snow|[upkeep]\n|upkeep\n|turn|9\n|\n|t:|1700661219\n|move|p1a: Granite|Head Smash|p2a: Ninetales\n|-supereffective|p2a: Ninetales\n|-damage|p2a: Ninetales|0 fnt\n|faint|p2a: Ninetales\n|\n|-weather|none\n|upkeep\n|\n|t:|1700661228\n|switch|p2a: Kartana|Kartana|100\/100\n|turn|10\n|\n|t:|1700661236\n|move|p2a: Kartana|Knock Off|p1a: Granite\n|-damage|p1a: Granite|0 fnt\n|-enditem|p1a: Granite|Clear Amulet|[from] move: Knock Off|[of] p2a: Kartana\n|faint|p1a: Granite\n|-ability|p2a: Kartana|Beast Boost|boost\n|-boost|p2a: Kartana|atk|1\n|\n|-fieldend|move: Gravity\n|upkeep\n|\n|t:|1700661241\n|switch|p1a: Choral|Skeledirge, F|100\/100\n|turn|11\n|\n|t:|1700661243\n|move|p2a: Kartana|Knock Off|p1a: Choral\n|-supereffective|p1a: Choral\n|-damage|p1a: Choral|16\/100\n|-enditem|p1a: Choral|Leftovers|[from] move: Knock Off|[of] p2a: Kartana\n|move|p1a: Choral|Will-O-Wisp|p2a: Kartana|[miss]\n|-miss|p1a: Choral|p2a: Kartana\n|\n|upkeep\n|turn|12\n|\n|t:|1700661249\n|move|p2a: Kartana|Knock Off|p1a: Choral\n|-supereffective|p1a: Choral\n|-damage|p1a: Choral|0 fnt\n|faint|p1a: Choral\n|-ability|p2a: Kartana|Beast Boost|boost\n|-boost|p2a: Kartana|atk|1\n|\n|-sideend|p2: JoaKingDex(X)|move: Aurora Veil\n|upkeep\n|\n|t:|1700661253\n|switch|p1a: Dish|Rotom-Wash|100\/100\n|turn|13\n|\n|t:|1700661256\n|move|p2a: Kartana|Knock Off|p1a: Dish\n|-damage|p1a: Dish|0 fnt\n|-enditem|p1a: Dish|Choice Scarf|[from] move: Knock Off|[of] p2a: Kartana\n|faint|p1a: Dish\n|-ability|p2a: Kartana|Beast Boost|boost\n|-boost|p2a: Kartana|atk|1\n|\n|upkeep\n|-message|Rareazalea forfeited.\n|\n|win|JoaKingDex(X)\n|raw|Rareazalea's rating: 1233 &rarr; <strong>1217<\/strong><br \/>(-16 for losing)\n|raw|JoaKingDex(X)'s rating: 1360 &rarr; <strong>1373<\/strong><br \/>(+13 for winning)\n|l|\u2606Rareazalea\n","uploadtime":1700661263,"views":14,"p1id":"rareazalea","p2id":"joakingdexx","formatid":"gen9nationaldex","rating":1217,"private":0,"password":""}