{"id":"gen9nationaldex-1987818917","p1":"Schummel_8","p2":"LaForce#Schlingel","format":"[Gen 9] National Dex","log":"|j|\u2606Schummel_8\n|j|\u2606LaForce#Schlingel\n|t:|1699639731\n|gametype|singles\n|player|p1|Schummel_8|palmer|\n|player|p2|LaForce#Schlingel|102|\n|teamsize|p1|6\n|teamsize|p2|6\n|gen|9\n|tier|[Gen 9] National Dex\n|rule|HP Percentage Mod: HP is shown in percentages\n|rule|Endless Battle Clause: Forcing endless battles is banned\n|rule|OHKO Clause: OHKO moves are banned\n|rule|Evasion Clause: Evasion abilities, items, and moves are banned\n|rule|Evasion Abilities Clause: Evasion abilities are banned\n|rule|Evasion Items Clause: Evasion items are banned\n|rule|Evasion Moves Clause: Evasion moves are banned\n|rule|Species Clause: Limit one of each Pok\u00e9mon\n|rule|Sleep Clause Mod: Limit one foe put to sleep\n|clearpoke\n|poke|p1|Tapu Koko|\n|poke|p1|Iron Valiant|\n|poke|p1|Hawlucha, M|\n|poke|p1|Iron Moth|\n|poke|p1|Landorus-Therian, M|\n|poke|p1|Scizor, F|\n|poke|p2|Tapu Koko|\n|poke|p2|Sneasler, F|\n|poke|p2|Kartana|\n|poke|p2|Samurott-Hisui, M|\n|poke|p2|Great Tusk|\n|poke|p2|Kommo-o, F|\n|teampreview\n|inactive|Battle timer is ON: inactive players will automatically lose when time's up. (requested by Schummel_8)\n|\n|t:|1699639758\n|start\n|switch|p1a: Tapu Koko|Tapu Koko|100\/100\n|switch|p2a: Samurott|Samurott-Hisui, M|100\/100\n|-fieldstart|move: Electric Terrain|[from] ability: Electric Surge|[of] p1a: Tapu Koko\n|turn|1\n|\n|t:|1699639783\n|move|p1a: Tapu Koko|Dazzling Gleam|p2a: Samurott\n|-supereffective|p2a: Samurott\n|-enditem|p2a: Samurott|Focus Sash\n|-damage|p2a: Samurott|1\/100\n|move|p2a: Samurott|Aqua Cutter|p1a: Tapu Koko\n|-damage|p1a: Tapu Koko|29\/100\n|\n|upkeep\n|turn|2\n|inactive|LaForce#Schlingel has 270 seconds left.\n|\n|t:|1699639830\n|move|p2a: Samurott|Aqua Jet|p1a: Tapu Koko\n|-damage|p1a: Tapu Koko|0 fnt\n|faint|p1a: Tapu Koko\n|\n|upkeep\n|inactive|Schummel_8 has 270 seconds left.\n|\n|t:|1699639867\n|switch|p1a: Hawlucha|Hawlucha, M|100\/100\n|-enditem|p1a: Hawlucha|Electric Seed\n|-boost|p1a: Hawlucha|def|1|[from] item: Electric Seed\n|turn|3\n|\n|t:|1699639887\n|move|p1a: Hawlucha|Swords Dance|p1a: Hawlucha\n|-boost|p1a: Hawlucha|atk|2\n|move|p2a: Samurott|Aqua Cutter|p1a: Hawlucha\n|-damage|p1a: Hawlucha|50\/100\n|\n|upkeep\n|turn|4\n|\n|t:|1699639894\n|move|p2a: Samurott|Aqua Jet|p1a: Hawlucha\n|-damage|p1a: Hawlucha|31\/100\n|move|p1a: Hawlucha|Acrobatics|p2a: Samurott\n|-damage|p2a: Samurott|0 fnt\n|faint|p2a: Samurott\n|\n|upkeep\n|inactive|LaForce#Schlingel has 240 seconds left.\n|\n|t:|1699639932\n|switch|p2a: Sneasler|Sneasler, F|100\/100\n|-enditem|p2a: Sneasler|Electric Seed\n|-boost|p2a: Sneasler|def|1|[from] item: Electric Seed\n|turn|5\n|inactive|Schummel_8 has 270 seconds left.\n|\n|t:|1699639950\n|-terastallize|p2a: Sneasler|Electric\n|-terastallize|p1a: Hawlucha|Steel\n|move|p2a: Sneasler|Dire Claw|p1a: Hawlucha\n|-immune|p1a: Hawlucha\n|move|p1a: Hawlucha|Acrobatics|p2a: Sneasler\n|-resisted|p2a: Sneasler\n|-damage|p2a: Sneasler|46\/100\n|\n|upkeep\n|turn|6\n|inactive|Schummel_8 has 270 seconds left.\n|\n|t:|1699639965\n|switch|p1a: Landorus|Landorus-Therian, M|100\/100\n|-ability|p1a: Landorus|Intimidate|boost\n|-unboost|p2a: Sneasler|atk|1\n|move|p2a: Sneasler|Close Combat|p1a: Landorus\n|-resisted|p1a: Landorus\n|-damage|p1a: Landorus|81\/100\n|-unboost|p2a: Sneasler|def|1\n|-unboost|p2a: Sneasler|spd|1\n|-enditem|p1a: Landorus|Eject Button\n|\n|t:|1699639994\n|switch|p1a: Scizor|Scizor, F|100\/100\n|\n|upkeep\n|turn|7\n|\n|t:|1699640009\n|switch|p2a: Tapu Koko|Tapu Koko|100\/100\n|switch|p1a: Landorus|Landorus-Therian, M|81\/100\n|-ability|p1a: Landorus|Intimidate|boost\n|-unboost|p2a: Tapu Koko|atk|1\n|\n|upkeep\n|turn|8\n|\n|t:|1699640019\n|move|p2a: Tapu Koko|Reflect|p2a: Tapu Koko\n|-sidestart|p2: LaForce#Schlingel|Reflect\n|move|p1a: Landorus|Earthquake|p2a: Tapu Koko\n|-supereffective|p2a: Tapu Koko\n|-damage|p2a: Tapu Koko|44\/100\n|\n|-fieldend|move: Electric Terrain\n|upkeep\n|turn|9\n|inactive|Schummel_8 has 240 seconds left.\n|\n|t:|1699640040\n|move|p2a: Tapu Koko|Light Screen|p2a: Tapu Koko\n|-sidestart|p2: LaForce#Schlingel|move: Light Screen\n|move|p1a: Landorus|Earthquake|p2a: Tapu Koko\n|-supereffective|p2a: Tapu Koko\n|-damage|p2a: Tapu Koko|0 fnt\n|faint|p2a: Tapu Koko\n|\n|upkeep\n|c|\u2606Schummel_8|clever von dir\n|inactive|LaForce#Schlingel has 210 seconds left.\n|\n|t:|1699640081\n|switch|p2a: Kartana|Kartana|100\/100\n|turn|10\n|inactive|Schummel_8 has 240 seconds left.\n|inactive|LaForce#Schlingel has 180 seconds left.\n|\n|t:|1699640109\n|switch|p1a: Hawlucha|Hawlucha, M, tera:Steel|31\/100\n|move|p2a: Kartana|Swords Dance|p2a: Kartana\n|-boost|p2a: Kartana|atk|2\n|\n|upkeep\n|turn|11\n|inactive|Schummel_8 has 240 seconds left.\n|\n|t:|1699640115\n|move|p2a: Kartana|Sacred Sword|p1a: Hawlucha\n|-supereffective|p1a: Hawlucha\n|-damage|p1a: Hawlucha|0 fnt\n|faint|p1a: Hawlucha\n|-ability|p2a: Kartana|Beast Boost|boost\n|-boost|p2a: Kartana|spe|1\n|\n|upkeep\n|inactive|Schummel_8 has 240 seconds left.\n|\n|t:|1699640122\n|switch|p1a: Landorus|Landorus-Therian, M|81\/100\n|-ability|p1a: Landorus|Intimidate|boost\n|-unboost|p2a: Kartana|atk|1\n|-enditem|p2a: Kartana|Adrenaline Orb\n|-boost|p2a: Kartana|spe|1|[from] item: Adrenaline Orb\n|turn|12\n|inactive|Schummel_8 has 240 seconds left.\n|\n|t:|1699640133\n|move|p2a: Kartana|Swords Dance|p2a: Kartana\n|-boost|p2a: Kartana|atk|2\n|move|p1a: Landorus|Hidden Power|p2a: Kartana\n|-damage|p2a: Kartana|85\/100\n|\n|upkeep\n|turn|13\n|inactive|Schummel_8 has 240 seconds left.\n|\n|t:|1699640152\n|move|p2a: Kartana|Leaf Blade|p1a: Landorus\n|-crit|p1a: Landorus\n|-damage|p1a: Landorus|0 fnt\n|faint|p1a: Landorus\n|-ability|p2a: Kartana|Beast Boost|boost\n|-boost|p2a: Kartana|spe|1\n|\n|upkeep\n|\n|t:|1699640159\n|switch|p1a: Iron Moth|Iron Moth|100\/100\n|turn|14\n|\n|t:|1699640163\n|move|p2a: Kartana|Knock Off|p1a: Iron Moth\n|-damage|p1a: Iron Moth|0 fnt\n|-enditem|p1a: Iron Moth|Heavy-Duty Boots|[from] move: Knock Off|[of] p2a: Kartana\n|faint|p1a: Iron Moth\n|-end|p1a: Iron Moth|Quark Drive|[silent]\n|-ability|p2a: Kartana|Beast Boost|boost\n|-boost|p2a: Kartana|spe|1\n|\n|upkeep\n|c|\u2606Schummel_8|gg\n|\n|t:|1699640172\n|switch|p1a: Scizor|Scizor, F|100\/100\n|turn|15\n|\n|t:|1699640178\n|detailschange|p1a: Scizor|Scizor-Mega, F\n|-mega|p1a: Scizor|Scizor|Scizorite\n|move|p2a: Kartana|Sacred Sword|p1a: Scizor\n|-damage|p1a: Scizor|37\/100\n|move|p1a: Scizor|Close Combat|p2a: Kartana\n|-supereffective|p2a: Kartana\n|-damage|p2a: Kartana|41\/100\n|-unboost|p1a: Scizor|def|1\n|-unboost|p1a: Scizor|spd|1\n|\n|-sideend|p2: LaForce#Schlingel|Reflect\n|upkeep\n|turn|16\n|\n|t:|1699640190\n|move|p1a: Scizor|Bullet Punch|p2a: Kartana\n|-resisted|p2a: Kartana\n|-damage|p2a: Kartana|25\/100\n|move|p2a: Kartana|Sacred Sword|p1a: Scizor\n|-damage|p1a: Scizor|0 fnt\n|faint|p1a: Scizor\n|-ability|p2a: Kartana|Beast Boost|boost\n|-boost|p2a: Kartana|spe|1\n|\n|-sideend|p2: LaForce#Schlingel|move: Light Screen\n|upkeep\n|\n|t:|1699640198\n|switch|p1a: Iron Valiant|Iron Valiant|100\/100\n|turn|17\n|\n|t:|1699640202\n|move|p2a: Kartana|Leaf Blade|p1a: Iron Valiant\n|-damage|p1a: Iron Valiant|0 fnt\n|faint|p1a: Iron Valiant\n|-end|p1a: Iron Valiant|Quark Drive|[silent]\n|\n|win|LaForce#Schlingel\n|c|\u2606LaForce#Schlingel|gg\n","uploadtime":1699640208,"views":5,"p1id":"schummel8","p2id":"laforceschlingel","formatid":"gen9nationaldex","rating":0,"private":0,"password":""}