{"id":"gen9nationaldex-1988846549","p1":"ghfhgsrfhssgf","p2":"sdruc","format":"[Gen 9] National Dex","log":"|j|\u2606ghfhgsrfhssgf\n|j|\u2606sdruc\n|t:|1699772795\n|gametype|singles\n|player|p1|ghfhgsrfhssgf|lady|1000\n|player|p2|sdruc|102|1000\n|teamsize|p1|6\n|teamsize|p2|6\n|gen|9\n|tier|[Gen 9] National Dex\n|rated|\n|rule|HP Percentage Mod: HP is shown in percentages\n|rule|Endless Battle Clause: Forcing endless battles is banned\n|rule|OHKO Clause: OHKO moves are banned\n|rule|Evasion Clause: Evasion abilities, items, and moves are banned\n|rule|Evasion Abilities Clause: Evasion abilities are banned\n|rule|Evasion Items Clause: Evasion items are banned\n|rule|Evasion Moves Clause: Evasion moves are banned\n|rule|Species Clause: Limit one of each Pok\u00e9mon\n|rule|Sleep Clause Mod: Limit one foe put to sleep\n|clearpoke\n|poke|p1|Vaporeon, F|\n|poke|p1|Dubwool, F|\n|poke|p1|Charizard, M|\n|poke|p1|Tyranitar, M|\n|poke|p1|Excadrill, F|\n|poke|p1|Haxorus, M|\n|poke|p2|Froslass, F|\n|poke|p2|Crawdaunt, M|\n|poke|p2|Jirachi|\n|poke|p2|Cloyster, M|\n|poke|p2|Milotic, F|\n|poke|p2|Spidops, M|\n|teampreview\n|\n|t:|1699772818\n|start\n|switch|p1a: Charizard|Charizard, M|100\/100\n|switch|p2a: Spidops|Spidops, M|100\/100\n|turn|1\n|\n|t:|1699772827\n|switch|p2a: Milotic|Milotic, F|100\/100\n|detailschange|p1a: Charizard|Charizard-Mega-Y, M\n|-mega|p1a: Charizard|Charizard|Charizardite Y\n|-weather|SunnyDay|[from] ability: Drought|[of] p1a: Charizard\n|move|p1a: Charizard|Heat Wave|p2a: Milotic\n|-resisted|p2a: Milotic\n|-damage|p2a: Milotic|66\/100\n|\n|-weather|SunnyDay|[upkeep]\n|upkeep\n|turn|2\n|\n|t:|1699772853\n|move|p1a: Charizard|Solar Beam||[still]\n|-prepare|p1a: Charizard|Solar Beam\n|-anim|p1a: Charizard|Solar Beam|p2a: Milotic\n|-supereffective|p2a: Milotic\n|-damage|p2a: Milotic|0 fnt\n|faint|p2a: Milotic\n|\n|-weather|SunnyDay|[upkeep]\n|upkeep\n|\n|t:|1699772863\n|switch|p2a: Cloyster|Cloyster, M, shiny|100\/100\n|turn|3\n|\n|t:|1699772884\n|move|p1a: Charizard|Heat Wave|p2a: Cloyster\n|-enditem|p2a: Cloyster|Focus Sash\n|-damage|p2a: Cloyster|1\/100\n|move|p2a: Cloyster|Shell Smash|p2a: Cloyster\n|-unboost|p2a: Cloyster|def|1\n|-unboost|p2a: Cloyster|spd|1\n|-boost|p2a: Cloyster|atk|2\n|-boost|p2a: Cloyster|spa|2\n|-boost|p2a: Cloyster|spe|2\n|\n|-weather|SunnyDay|[upkeep]\n|upkeep\n|turn|4\n|\n|t:|1699772897\n|move|p2a: Cloyster|Liquidation|p1a: Charizard\n|-supereffective|p1a: Charizard\n|-crit|p1a: Charizard\n|-damage|p1a: Charizard|0 fnt\n|faint|p1a: Charizard\n|\n|-weather|SunnyDay|[upkeep]\n|upkeep\n|\n|t:|1699772928\n|switch|p1a: Dubwool|Dubwool, F|100\/100\n|turn|5\n|inactive|Battle timer is ON: inactive players will automatically lose when time's up. (requested by ghfhgsrfhssgf)\n|\n|t:|1699772961\n|switch|p2a: Froslass|Froslass, F|100\/100\n|-terastallize|p1a: Dubwool|Steel\n|move|p1a: Dubwool|Cotton Guard|p1a: Dubwool\n|-boost|p1a: Dubwool|def|3\n|\n|-weather|none\n|upkeep\n|turn|6\n|\n|t:|1699772974\n|move|p2a: Froslass|Psychic|p1a: Dubwool\n|-resisted|p1a: Dubwool\n|-damage|p1a: Dubwool|90\/100\n|move|p1a: Dubwool|Substitute|p1a: Dubwool\n|-start|p1a: Dubwool|Substitute\n|-damage|p1a: Dubwool|65\/100\n|\n|-heal|p1a: Dubwool|71\/100|[from] item: Leftovers\n|upkeep\n|turn|7\n|\n|t:|1699772983\n|move|p2a: Froslass|Thunder|p1a: Dubwool\n|-activate|p1a: Dubwool|move: Substitute|[damage]\n|move|p1a: Dubwool|Cotton Guard|p1a: Dubwool\n|-boost|p1a: Dubwool|def|3\n|\n|-heal|p1a: Dubwool|77\/100|[from] item: Leftovers\n|upkeep\n|turn|8\n|\n|t:|1699772997\n|move|p2a: Froslass|Shadow Ball|p1a: Dubwool\n|-end|p1a: Dubwool|Substitute\n|move|p1a: Dubwool|Zen Headbutt|p2a: Froslass\n|-damage|p2a: Froslass|77\/100\n|-start|p1a: Dubwool|Disable|Zen Headbutt|[from] ability: Cursed Body|[of] p2a: Froslass\n|\n|-heal|p1a: Dubwool|83\/100|[from] item: Leftovers\n|upkeep\n|turn|9\n|\n|t:|1699773010\n|move|p2a: Froslass|Frost Breath|p1a: Dubwool\n|-resisted|p1a: Dubwool\n|-crit|p1a: Dubwool\n|-damage|p1a: Dubwool|68\/100\n|move|p1a: Dubwool|Substitute|p1a: Dubwool\n|-start|p1a: Dubwool|Substitute\n|-damage|p1a: Dubwool|43\/100\n|\n|-heal|p1a: Dubwool|49\/100|[from] item: Leftovers\n|upkeep\n|turn|10\n|\n|t:|1699773022\n|move|p2a: Froslass|Thunder|p1a: Dubwool\n|-end|p1a: Dubwool|Substitute\n|move|p1a: Dubwool|Body Press|p2a: Froslass\n|-immune|p2a: Froslass\n|\n|-heal|p1a: Dubwool|55\/100|[from] item: Leftovers\n|upkeep\n|turn|11\n|\n|t:|1699773031\n|move|p2a: Froslass|Thunder|p1a: Dubwool|[miss]\n|-miss|p2a: Froslass|p1a: Dubwool\n|move|p1a: Dubwool|Substitute|p1a: Dubwool\n|-start|p1a: Dubwool|Substitute\n|-damage|p1a: Dubwool|30\/100\n|\n|-heal|p1a: Dubwool|36\/100|[from] item: Leftovers\n|-end|p1a: Dubwool|Disable\n|upkeep\n|turn|12\n|\n|t:|1699773049\n|move|p2a: Froslass|Thunder|p1a: Dubwool|[miss]\n|-miss|p2a: Froslass|p1a: Dubwool\n|move|p1a: Dubwool|Zen Headbutt|p2a: Froslass\n|-damage|p2a: Froslass|52\/100\n|\n|-heal|p1a: Dubwool|42\/100|[from] item: Leftovers\n|upkeep\n|turn|13\n|\n|t:|1699773058\n|move|p2a: Froslass|Thunder|p1a: Dubwool\n|-end|p1a: Dubwool|Substitute\n|move|p1a: Dubwool|Zen Headbutt|p2a: Froslass\n|-damage|p2a: Froslass|28\/100\n|\n|-heal|p1a: Dubwool|48\/100|[from] item: Leftovers\n|upkeep\n|turn|14\n|\n|t:|1699773067\n|move|p2a: Froslass|Thunder|p1a: Dubwool\n|-damage|p1a: Dubwool|20\/100\n|move|p1a: Dubwool|Substitute|p1a: Dubwool\n|-fail|p1a: Dubwool|move: Substitute|[weak]\n|\n|-heal|p1a: Dubwool|26\/100|[from] item: Leftovers\n|upkeep\n|turn|15\n|\n|t:|1699773079\n|switch|p1a: Excadrill|Excadrill, F|100\/100\n|-terastallize|p2a: Froslass|Ice\n|move|p2a: Froslass|Thunder|p1a: Excadrill\n|-immune|p1a: Excadrill\n|\n|upkeep\n|turn|16\n|\n|t:|1699773089\n|move|p2a: Froslass|Frost Breath|p1a: Excadrill\n|-crit|p1a: Excadrill\n|-damage|p1a: Excadrill|35\/100\n|move|p1a: Excadrill|Earthquake|p2a: Froslass\n|-damage|p2a: Froslass|0 fnt\n|faint|p2a: Froslass\n|\n|upkeep\n|\n|t:|1699773113\n|switch|p2a: Spidops|Spidops, M|100\/100\n|turn|17\n|\n|t:|1699773137\n|switch|p1a: Vaporeon|Vaporeon, F|100\/100\n|move|p2a: Spidops|Circle Throw|p1a: Vaporeon\n|-damage|p1a: Vaporeon|75\/100\n|drag|p1a: Haxorus|Haxorus, M, shiny|100\/100\n|-ability|p1a: Haxorus|Mold Breaker\n|\n|upkeep\n|turn|18\n|inactive|ghfhgsrfhssgf has 120 seconds left.\n|inactive|sdruc has 120 seconds left.\n|\n|t:|1699773178\n|switch|p1a: Tyranitar|Tyranitar, M|100\/100\n|-weather|Sandstorm|[from] ability: Sand Stream|[of] p1a: Tyranitar\n|move|p2a: Spidops|Knock Off|p1a: Tyranitar\n|-resisted|p1a: Tyranitar\n|-damage|p1a: Tyranitar|80\/100\n|-enditem|p1a: Tyranitar|Assault Vest|[from] move: Knock Off|[of] p2a: Spidops\n|\n|-weather|Sandstorm|[upkeep]\n|-damage|p2a: Spidops|94\/100|[from] Sandstorm\n|upkeep\n|turn|19\n|\n|t:|1699773189\n|move|p1a: Tyranitar|Power-Up Punch|p2a: Spidops\n|-resisted|p2a: Spidops\n|-damage|p2a: Spidops|85\/100\n|-boost|p1a: Tyranitar|atk|1\n|move|p2a: Spidops|Circle Throw|p1a: Tyranitar\n|-supereffective|p1a: Tyranitar\n|-damage|p1a: Tyranitar|26\/100\n|drag|p1a: Haxorus|Haxorus, M, shiny|100\/100\n|-ability|p1a: Haxorus|Mold Breaker\n|\n|-weather|Sandstorm|[upkeep]\n|-damage|p1a: Haxorus|94\/100|[from] Sandstorm\n|-damage|p2a: Spidops|79\/100|[from] Sandstorm\n|upkeep\n|turn|20\n|\n|t:|1699773204\n|move|p1a: Haxorus|Outrage|p2a: Spidops\n|-damage|p2a: Spidops|0 fnt\n|faint|p2a: Spidops\n|\n|-weather|Sandstorm|[upkeep]\n|-damage|p1a: Haxorus|88\/100|[from] Sandstorm\n|upkeep\n|\n|t:|1699773222\n|switch|p2a: Jirachi|Jirachi|100\/100\n|turn|21\n|\n|t:|1699773227\n|move|p2a: Jirachi|Future Sight|p1a: Haxorus\n|-start|p2a: Jirachi|move: Future Sight\n|move|p1a: Haxorus|Outrage|p2a: Jirachi|[from]lockedmove\n|-resisted|p2a: Jirachi\n|-damage|p2a: Jirachi|61\/100\n|-start|p1a: Haxorus|confusion|[fatigue]\n|\n|-weather|Sandstorm|[upkeep]\n|-damage|p1a: Haxorus|82\/100|[from] Sandstorm\n|upkeep\n|turn|22\n|\n|t:|1699773237\n|move|p2a: Jirachi|Stealth Rock|p1a: Haxorus\n|-sidestart|p1: ghfhgsrfhssgf|move: Stealth Rock\n|-activate|p1a: Haxorus|confusion\n|-damage|p1a: Haxorus|62\/100|[from] confusion\n|\n|-weather|none\n|upkeep\n|turn|23\n|\n|t:|1699773244\n|move|p2a: Jirachi|Shadow Ball|p1a: Haxorus\n|-damage|p1a: Haxorus|23\/100\n|-activate|p1a: Haxorus|confusion\n|move|p1a: Haxorus|Earthquake|p2a: Jirachi\n|-supereffective|p2a: Jirachi\n|-crit|p2a: Jirachi\n|-damage|p2a: Jirachi|0 fnt\n|faint|p2a: Jirachi\n|\n|-end|p1a: Haxorus|move: Future Sight\n|-damage|p1a: Haxorus|0 fnt\n|faint|p1a: Haxorus\n|upkeep\n|inactive|sdruc has 120 seconds left.\n|\n|t:|1699773258\n|switch|p2a: Crawdaunt|Crawdaunt, M|100\/100\n|switch|p1a: Tyranitar|Tyranitar, M|26\/100\n|-damage|p1a: Tyranitar|13\/100|[from] Stealth Rock\n|-weather|Sandstorm|[from] ability: Sand Stream|[of] p1a: Tyranitar\n|turn|24\n|inactive|sdruc has 120 seconds left.\n|\n|t:|1699773268\n|move|p2a: Crawdaunt|Aqua Jet|p1a: Tyranitar\n|-supereffective|p1a: Tyranitar\n|-damage|p1a: Tyranitar|0 fnt\n|faint|p1a: Tyranitar\n|\n|-weather|Sandstorm|[upkeep]\n|-damage|p2a: Crawdaunt|95\/100|[from] Sandstorm\n|upkeep\n|\n|t:|1699773277\n|switch|p1a: Excadrill|Excadrill, F|35\/100\n|-damage|p1a: Excadrill|32\/100|[from] Stealth Rock\n|turn|25\n|\n|t:|1699773282\n|move|p2a: Crawdaunt|Aqua Jet|p1a: Excadrill\n|-supereffective|p1a: Excadrill\n|-damage|p1a: Excadrill|0 fnt\n|faint|p1a: Excadrill\n|\n|-weather|Sandstorm|[upkeep]\n|-damage|p2a: Crawdaunt|89\/100|[from] Sandstorm\n|upkeep\n|\n|t:|1699773285\n|switch|p1a: Vaporeon|Vaporeon, F|75\/100\n|turn|26\n|\n|t:|1699773293\n|move|p2a: Crawdaunt|Crunch|p1a: Vaporeon\n|-damage|p1a: Vaporeon|33\/100\n|-unboost|p1a: Vaporeon|def|1\n|move|p1a: Vaporeon|Wish|p1a: Vaporeon\n|\n|-weather|Sandstorm|[upkeep]\n|-damage|p2a: Crawdaunt|83\/100|[from] Sandstorm\n|-damage|p1a: Vaporeon|27\/100|[from] Sandstorm\n|upkeep\n|turn|27\n|\n|t:|1699773302\n|move|p2a: Crawdaunt|Crunch|p1a: Vaporeon\n|-damage|p1a: Vaporeon|0 fnt\n|faint|p1a: Vaporeon\n|\n|-weather|Sandstorm|[upkeep]\n|-damage|p2a: Crawdaunt|77\/100|[from] Sandstorm\n|upkeep\n|\n|t:|1699773306\n|switch|p1a: Dubwool|Dubwool, F, tera:Steel|26\/100\n|-damage|p1a: Dubwool|20\/100|[from] Stealth Rock\n|turn|28\n|\n|t:|1699773313\n|move|p2a: Crawdaunt|Aqua Jet|p1a: Dubwool\n|-damage|p1a: Dubwool|8\/100\n|move|p1a: Dubwool|Body Press|p2a: Crawdaunt\n|-supereffective|p2a: Crawdaunt\n|-damage|p2a: Crawdaunt|19\/100\n|\n|-weather|none\n|-heal|p1a: Dubwool|14\/100|[from] item: Leftovers\n|upkeep\n|turn|29\n|\n|t:|1699773322\n|move|p2a: Crawdaunt|Aqua Jet|p1a: Dubwool\n|-damage|p1a: Dubwool|2\/100\n|move|p1a: Dubwool|Body Press|p2a: Crawdaunt\n|-supereffective|p2a: Crawdaunt\n|-damage|p2a: Crawdaunt|0 fnt\n|faint|p2a: Crawdaunt\n|\n|-heal|p1a: Dubwool|8\/100|[from] item: Leftovers\n|upkeep\n|\n|t:|1699773333\n|switch|p2a: Cloyster|Cloyster, M, shiny|1\/100\n|turn|30\n|\n|t:|1699773336\n|move|p2a: Cloyster|Liquidation|p1a: Dubwool\n|-damage|p1a: Dubwool|0 fnt\n|faint|p1a: Dubwool\n|\n|win|sdruc\n|raw|ghfhgsrfhssgf's rating: 1000 &rarr; <strong>1000<\/strong><br \/>(+0 for losing)\n|raw|sdruc's rating: 1000 &rarr; <strong>1040<\/strong><br \/>(+40 for winning)\n","uploadtime":1699773349,"views":4,"p1id":"ghfhgsrfhssgf","p2id":"sdruc","formatid":"gen9nationaldex","rating":1000,"private":0,"password":""}