{"id":"gen9nationaldex-1994396178","p1":"lxlxlxlxlx","p2":"PunyPluto","format":"[Gen 9] National Dex","log":"|j|\u2606lxlxlxlxlx\n|j|\u2606PunyPluto\n|t:|1700439133\n|gametype|singles\n|player|p1|lxlxlxlxlx|dawn|1247\n|player|p2|PunyPluto|caitlin|1220\n|teamsize|p1|6\n|teamsize|p2|6\n|gen|9\n|tier|[Gen 9] National Dex\n|rated|\n|rule|HP Percentage Mod: HP is shown in percentages\n|rule|Endless Battle Clause: Forcing endless battles is banned\n|rule|OHKO Clause: OHKO moves are banned\n|rule|Evasion Clause: Evasion abilities, items, and moves are banned\n|rule|Evasion Abilities Clause: Evasion abilities are banned\n|rule|Evasion Items Clause: Evasion items are banned\n|rule|Evasion Moves Clause: Evasion moves are banned\n|rule|Species Clause: Limit one of each Pok\u00e9mon\n|rule|Sleep Clause Mod: Limit one foe put to sleep\n|clearpoke\n|poke|p1|Banette, F|\n|poke|p1|Celesteela|\n|poke|p1|Great Tusk|\n|poke|p1|Volcanion|\n|poke|p1|Ogerpon-Wellspring, F|\n|poke|p1|Dragonite, M|\n|poke|p2|Ninetales-Alola, F|\n|poke|p2|Lopunny, F|\n|poke|p2|Weavile, F|\n|poke|p2|Garchomp, M|\n|poke|p2|Rillaboom, F|\n|poke|p2|Xurkitree|\n|teampreview\n|inactive|Battle timer is ON: inactive players will automatically lose when time's up. (requested by lxlxlxlxlx)\n|inactive|lxlxlxlxlx has 120 seconds left.\n|\n|t:|1700439185\n|start\n|switch|p1a: Celesteela|Celesteela|100\/100\n|switch|p2a: Ninetales|Ninetales-Alola, F|100\/100\n|-weather|Snow|[from] ability: Snow Warning|[of] p2a: Ninetales\n|turn|1\n|\n|t:|1700439195\n|move|p2a: Ninetales|Aurora Veil|p2a: Ninetales\n|-sidestart|p2: PunyPluto|move: Aurora Veil\n|move|p1a: Celesteela|Toxic|p2a: Ninetales\n|-status|p2a: Ninetales|tox\n|\n|-weather|Snow|[upkeep]\n|-damage|p2a: Ninetales|94\/100 tox|[from] psn\n|upkeep\n|turn|2\n|\n|t:|1700439206\n|switch|p2a: Weavile|Weavile, F|100\/100\n|-ability|p2a: Weavile|Pressure\n|move|p1a: Celesteela|Leech Seed|p2a: Weavile\n|-start|p2a: Weavile|move: Leech Seed\n|\n|-weather|Snow|[upkeep]\n|-damage|p2a: Weavile|88\/100|[from] Leech Seed|[of] p1a: Celesteela\n|upkeep\n|turn|3\n|\n|t:|1700439217\n|move|p1a: Celesteela|Protect|p1a: Celesteela\n|-singleturn|p1a: Celesteela|Protect\n|move|p2a: Weavile|Swords Dance|p2a: Weavile\n|-boost|p2a: Weavile|atk|2\n|\n|-weather|Snow|[upkeep]\n|-damage|p2a: Weavile|76\/100|[from] Leech Seed|[of] p1a: Celesteela\n|upkeep\n|turn|4\n|\n|t:|1700439229\n|move|p2a: Weavile|Triple Axel|p1a: Celesteela\n|-damage|p1a: Celesteela|88\/100\n|-damage|p1a: Celesteela|62\/100\n|-damage|p1a: Celesteela|24\/100\n|-hitcount|p1a: Celesteela|3\n|move|p1a: Celesteela|Toxic|p2a: Weavile\n|-status|p2a: Weavile|tox\n|\n|-weather|Snow|[upkeep]\n|-heal|p1a: Celesteela|30\/100|[from] item: Leftovers\n|-damage|p2a: Weavile|63\/100 tox|[from] Leech Seed|[of] p1a: Celesteela\n|-heal|p1a: Celesteela|39\/100|[silent]\n|-damage|p2a: Weavile|57\/100 tox|[from] psn\n|upkeep\n|turn|5\n|\n|t:|1700439254\n|switch|p1a: Volcanion|Volcanion|100\/100\n|move|p2a: Weavile|Knock Off|p1a: Volcanion\n|-damage|p1a: Volcanion|21\/100\n|-enditem|p1a: Volcanion|Life Orb|[from] move: Knock Off|[of] p2a: Weavile\n|\n|-weather|none\n|-damage|p2a: Weavile|45\/100 tox|[from] Leech Seed|[of] p1a: Volcanion\n|-heal|p1a: Volcanion|31\/100|[silent]\n|-damage|p2a: Weavile|33\/100 tox|[from] psn\n|upkeep\n|turn|6\n|inactive|lxlxlxlxlx has 120 seconds left.\n|\n|t:|1700439282\n|switch|p1a: Ogerpon|Ogerpon-Wellspring, F|100\/100\n|move|p2a: Weavile|Knock Off|p1a: Ogerpon\n|-damage|p1a: Ogerpon|41\/100\n|\n|-damage|p2a: Weavile|20\/100 tox|[from] Leech Seed|[of] p1a: Ogerpon\n|-heal|p1a: Ogerpon|51\/100|[silent]\n|-damage|p2a: Weavile|2\/100 tox|[from] psn\n|upkeep\n|turn|7\n|inactive|lxlxlxlxlx has 120 seconds left.\n|\n|t:|1700439303\n|switch|p1a: Celesteela|Celesteela|39\/100\n|move|p2a: Weavile|Triple Axel|p1a: Celesteela\n|-damage|p1a: Celesteela|27\/100\n|-damage|p1a: Celesteela|0 fnt\n|faint|p1a: Celesteela\n|-hitcount|p1: Celesteela|2\n|\n|-damage|p2a: Weavile|0 fnt|[from] psn\n|faint|p2a: Weavile\n|upkeep\n|\n|t:|1700439321\n|switch|p2a: Rillaboom|Rillaboom, F|100\/100\n|switch|p1a: Ogerpon|Ogerpon-Wellspring, F|51\/100\n|-fieldstart|move: Grassy Terrain|[from] ability: Grassy Surge|[of] p2a: Rillaboom\n|turn|8\n|\n|t:|1700439338\n|switch|p1a: Dragonite|Dragonite, M|100\/100\n|move|p2a: Rillaboom|Grassy Glide|p1a: Dragonite\n|-resisted|p1a: Dragonite\n|-damage|p1a: Dragonite|94\/100\n|\n|-sideend|p2: PunyPluto|move: Aurora Veil\n|upkeep\n|turn|9\n|\n|t:|1700439353\n|switch|p2a: Xurkitree|Xurkitree|100\/100\n|move|p1a: Dragonite|Dual Wingbeat|p2a: Xurkitree\n|-resisted|p2a: Xurkitree\n|-damage|p2a: Xurkitree|82\/100\n|-resisted|p2a: Xurkitree\n|-damage|p2a: Xurkitree|63\/100\n|-hitcount|p2a: Xurkitree|2\n|\n|-heal|p2a: Xurkitree|70\/100|[from] Grassy Terrain\n|upkeep\n|turn|10\n|inactive|lxlxlxlxlx has 90 seconds left.\n|\n|t:|1700439379\n|switch|p1a: Great Tusk|Great Tusk, shiny|100\/100\n|move|p2a: Xurkitree|Tail Glow|p2a: Xurkitree\n|-boost|p2a: Xurkitree|spa|3\n|\n|-heal|p2a: Xurkitree|76\/100|[from] Grassy Terrain\n|upkeep\n|turn|11\n|\n|t:|1700439389\n|move|p2a: Xurkitree|Hidden Power|p1a: Great Tusk\n|-supereffective|p1a: Great Tusk\n|-damage|p1a: Great Tusk|19\/100\n|move|p1a: Great Tusk|Headlong Rush|p2a: Xurkitree\n|-supereffective|p2a: Xurkitree\n|-damage|p2a: Xurkitree|0 fnt\n|-unboost|p1a: Great Tusk|def|1\n|-unboost|p1a: Great Tusk|spd|1\n|faint|p2a: Xurkitree\n|\n|-heal|p1a: Great Tusk|25\/100|[from] Grassy Terrain\n|upkeep\n|\n|t:|1700439400\n|switch|p2a: Rillaboom|Rillaboom, F|100\/100\n|turn|12\n|\n|t:|1700439404\n|-end|p1a: Great Tusk|Protosynthesis|[silent]\n|switch|p1a: Dragonite|Dragonite, M|94\/100\n|move|p2a: Rillaboom|Grassy Glide|p1a: Dragonite\n|-resisted|p1a: Dragonite\n|-damage|p1a: Dragonite|82\/100\n|\n|-fieldend|move: Grassy Terrain\n|upkeep\n|turn|13\n|\n|t:|1700439418\n|switch|p2a: Ninetales|Ninetales-Alola, F|94\/100 tox\n|-weather|Snow|[from] ability: Snow Warning|[of] p2a: Ninetales\n|move|p1a: Dragonite|Earthquake|p2a: Ninetales\n|-damage|p2a: Ninetales|62\/100 tox\n|\n|-weather|Snow|[upkeep]\n|-damage|p2a: Ninetales|57\/100 tox|[from] psn\n|upkeep\n|turn|14\n|\n|t:|1700439429\n|switch|p1a: Ogerpon|Ogerpon-Wellspring, F|51\/100\n|move|p2a: Ninetales|Freeze-Dry|p1a: Ogerpon\n|-supereffective|p1a: Ogerpon\n|-damage|p1a: Ogerpon|0 fnt\n|faint|p1a: Ogerpon\n|\n|-weather|Snow|[upkeep]\n|-damage|p2a: Ninetales|44\/100 tox|[from] psn\n|upkeep\n|inactive|lxlxlxlxlx has 90 seconds left.\n|\n|t:|1700439455\n|switch|p1a: Banette|Banette, F|100\/100\n|-item|p2a: Ninetales|Light Clay|[from] ability: Frisk|[of] p1a: Banette|[identify]\n|turn|15\n|\n|t:|1700439466\n|detailschange|p1a: Banette|Banette-Mega, F\n|-mega|p1a: Banette|Banette|Banettite\n|move|p1a: Banette|Encore|p2a: Ninetales\n|-start|p2a: Ninetales|Encore\n|move|p2a: Ninetales|Freeze-Dry|p1a: Banette\n|-damage|p1a: Banette|77\/100\n|\n|-weather|Snow|[upkeep]\n|-damage|p2a: Ninetales|26\/100 tox|[from] psn\n|upkeep\n|turn|16\n|\n|t:|1700439477\n|move|p1a: Banette|Shadow Sneak|p2a: Ninetales\n|-damage|p2a: Ninetales|6\/100 tox\n|move|p2a: Ninetales|Freeze-Dry|p1a: Banette\n|-damage|p1a: Banette|54\/100\n|\n|-weather|Snow|[upkeep]\n|-damage|p2a: Ninetales|0 fnt|[from] psn\n|faint|p2a: Ninetales\n|upkeep\n|\n|t:|1700439485\n|switch|p2a: Lopunny|Lopunny, F|100\/100\n|turn|17\n|\n|t:|1700439504\n|switch|p1a: Dragonite|Dragonite, M|82\/100\n|detailschange|p2a: Lopunny|Lopunny-Mega, F\n|-mega|p2a: Lopunny|Lopunny|Lopunnite\n|move|p2a: Lopunny|Fake Out|p1a: Dragonite\n|-damage|p1a: Dragonite|62\/100\n|\n|-weather|none\n|upkeep\n|turn|18\n|\n|t:|1700439515\n|move|p2a: Lopunny|Frustration|p1a: Dragonite\n|-crit|p1a: Dragonite\n|-damage|p1a: Dragonite|0 fnt\n|faint|p1a: Dragonite\n|\n|upkeep\n|\n|t:|1700439522\n|switch|p1a: Banette|Banette-Mega, F|54\/100\n|turn|19\n|\n|t:|1700439526\n|move|p1a: Banette|Destiny Bond|p1a: Banette\n|-singlemove|p1a: Banette|Destiny Bond\n|move|p2a: Lopunny|Frustration|p1a: Banette\n|-damage|p1a: Banette|0 fnt\n|faint|p1a: Banette\n|-activate|p1a: Banette|move: Destiny Bond\n|faint|p2a: Lopunny\n|\n|upkeep\n|inactive|lxlxlxlxlx has 90 seconds left.\n|\n|t:|1700439536\n|switch|p2a: Rillaboom|Rillaboom, F|100\/100\n|switch|p1a: Great Tusk|Great Tusk, shiny|25\/100\n|-fieldstart|move: Grassy Terrain|[from] ability: Grassy Surge|[of] p2a: Rillaboom\n|turn|20\n|inactive|lxlxlxlxlx has 90 seconds left.\n|\n|t:|1700439573\n|move|p2a: Rillaboom|Grassy Glide|p1a: Great Tusk\n|-supereffective|p1a: Great Tusk\n|-damage|p1a: Great Tusk|0 fnt\n|faint|p1a: Great Tusk\n|-end|p1a: Great Tusk|Protosynthesis|[silent]\n|\n|upkeep\n|\n|t:|1700439579\n|switch|p1a: Volcanion|Volcanion|31\/100\n|turn|21\n|inactive|lxlxlxlxlx has 60 seconds left.\n|\n|t:|1700439601\n|move|p2a: Rillaboom|Grassy Glide|p1a: Volcanion\n|-damage|p1a: Volcanion|0 fnt\n|faint|p1a: Volcanion\n|\n|win|PunyPluto\n|raw|lxlxlxlxlx's rating: 1247 &rarr; <strong>1220<\/strong><br \/>(-27 for losing)\n|raw|PunyPluto's rating: 1220 &rarr; <strong>1247<\/strong><br \/>(+27 for winning)\n|c|\u2606PunyPluto|gg\n|l|\u2606lxlxlxlxlx\n","uploadtime":1700439609,"views":4,"p1id":"lxlxlxlxlx","p2id":"punypluto","formatid":"gen9nationaldex","rating":1220,"private":0,"password":""}