{"id":"gen9nationaldex-2000677640","p1":"Miku Nakano ily","p2":"Future king of ou","format":"[Gen 9] National Dex","log":"|html|<div class=\"broadcast-blue\"><strong>[Gen 9] National Dex is currently suspecting Sneasler! For information on how to participate check out the <a href=\"https:\/\/www.smogon.com\/forums\/threads\/sv-national-dex-suspect-8-just-dance.3731534\/\">suspect thread<\/a>.<\/strong><\/div>\n|j|\u2606Miku Nakano ily\n|j|\u2606Future king of ou\n|inactive|Battle timer is ON: inactive players will automatically lose when time's up.\n|t:|1701217725\n|gametype|singles\n|player|p1|Miku Nakano ily|red|\n|player|p2|Future king of ou|rosa-pokestar|\n|teamsize|p1|6\n|teamsize|p2|6\n|gen|9\n|tier|[Gen 9] National Dex\n|rated|Tournament battle\n|rule|HP Percentage Mod: HP is shown in percentages\n|rule|Endless Battle Clause: Forcing endless battles is banned\n|rule|OHKO Clause: OHKO moves are banned\n|rule|Evasion Clause: Evasion abilities, items, and moves are banned\n|rule|Evasion Abilities Clause: Evasion abilities are banned\n|rule|Evasion Items Clause: Evasion items are banned\n|rule|Evasion Moves Clause: Evasion moves are banned\n|rule|Species Clause: Limit one of each Pok\u00e9mon\n|rule|Sleep Clause Mod: Limit one foe put to sleep\n|clearpoke\n|poke|p1|Charizard, F|\n|poke|p1|Alomomola, M|\n|poke|p1|Slowking-Galar, M|\n|poke|p1|Iron Valiant|\n|poke|p1|Landorus-Therian, M|\n|poke|p1|Cinderace, F|\n|poke|p2|Corviknight, F|\n|poke|p2|Heatran, M|\n|poke|p2|Banette, M|\n|poke|p2|Tapu Koko|\n|poke|p2|Toxapex, M|\n|poke|p2|Blaziken, F|\n|teampreview\n|inactive|Miku Nakano ily also wants the timer to be on.\n|c|\u2606Miku Nakano ily|hf\n|c|\u2606Future king of ou|Hf\n|\n|t:|1701217742\n|start\n|switch|p1a: Landorus|Landorus-Therian, M|100\/100\n|switch|p2a: Tapu Koko|Tapu Koko|100\/100\n|-fieldstart|move: Electric Terrain|[from] ability: Electric Surge|[of] p2a: Tapu Koko\n|-ability|p1a: Landorus|Intimidate|boost\n|-unboost|p2a: Tapu Koko|atk|1\n|turn|1\n|\n|t:|1701217747\n|switch|p2a: Corviknight|Corviknight, F|100\/100\n|-ability|p2a: Corviknight|Pressure\n|move|p1a: Landorus|Taunt|p2a: Corviknight\n|-start|p2a: Corviknight|move: Taunt\n|\n|upkeep\n|turn|2\n|\n|t:|1701217752\n|move|p1a: Landorus|Knock Off|p2a: Corviknight\n|-damage|p2a: Corviknight|81\/100\n|-damage|p1a: Landorus|84\/100|[from] item: Rocky Helmet|[of] p2a: Corviknight\n|-enditem|p2a: Corviknight|Rocky Helmet|[from] move: Knock Off|[of] p1a: Landorus\n|move|p2a: Corviknight|Brave Bird|p1a: Landorus\n|-damage|p1a: Landorus|49\/100\n|-damage|p2a: Corviknight|70\/100|[from] Recoil\n|\n|-heal|p1a: Landorus|55\/100|[from] item: Leftovers\n|upkeep\n|turn|3\n|\n|t:|1701217758\n|switch|p1a: Charizard|Charizard, F|100\/100\n|move|p2a: Corviknight|U-turn|p1a: Charizard\n|-resisted|p1a: Charizard\n|-damage|p1a: Charizard|95\/100\n|\n|t:|1701217760\n|switch|p2a: Tapu Koko|Tapu Koko|100\/100|[from] U-turn\n|\n|upkeep\n|turn|4\n|\n|t:|1701217762\n|switch|p1a: Landorus|Landorus-Therian, M|55\/100\n|-ability|p1a: Landorus|Intimidate|boost\n|-unboost|p2a: Tapu Koko|atk|1\n|move|p2a: Tapu Koko|Volt Switch|p1a: Landorus\n|-immune|p1a: Landorus\n|\n|-heal|p1a: Landorus|61\/100|[from] item: Leftovers\n|upkeep\n|turn|5\n|\n|t:|1701217769\n|switch|p2a: Corviknight|Corviknight, F|70\/100\n|-ability|p2a: Corviknight|Pressure\n|switch|p1a: Charizard|Charizard, F|95\/100\n|\n|-fieldend|move: Electric Terrain\n|upkeep\n|turn|6\n|\n|t:|1701217793\n|switch|p1a: Landorus|Landorus-Therian, M|61\/100\n|-ability|p1a: Landorus|Intimidate|boost\n|-unboost|p2a: Corviknight|atk|1\n|switch|p2a: Heatran|Heatran, M|100\/100\n|\n|-heal|p1a: Landorus|67\/100|[from] item: Leftovers\n|upkeep\n|turn|7\n|\n|t:|1701217801\n|move|p2a: Heatran|Protect|p2a: Heatran\n|-singleturn|p2a: Heatran|Protect\n|move|p1a: Landorus|Earthquake|p2a: Heatran\n|-activate|p2a: Heatran|move: Protect\n|\n|-heal|p1a: Landorus|73\/100|[from] item: Leftovers\n|upkeep\n|turn|8\n|\n|t:|1701217805\n|switch|p1a: Cinderace|Cinderace, F|100\/100\n|switch|p2a: Corviknight|Corviknight, F|70\/100\n|-ability|p2a: Corviknight|Pressure\n|\n|upkeep\n|turn|9\n|\n|t:|1701217813\n|switch|p2a: Toxapex|Toxapex, M|100\/100\n|move|p1a: Cinderace|Pyro Ball|p2a: Toxapex\n|-resisted|p2a: Toxapex\n|-damage|p2a: Toxapex|84\/100\n|\n|upkeep\n|turn|10\n|\n|t:|1701217816\n|move|p1a: Cinderace|U-turn|p2a: Toxapex\n|-start|p1a: Cinderace|typechange|Bug|[from] ability: Libero\n|-resisted|p2a: Toxapex\n|-damage|p2a: Toxapex|73\/100\n|-damage|p1a: Cinderace|84\/100|[from] item: Rocky Helmet|[of] p2a: Toxapex\n|\n|t:|1701217818\n|switch|p1a: Slowking|Slowking-Galar, M|100\/100|[from] U-turn\n|move|p2a: Toxapex|Scald|p1a: Slowking\n|-crit|p1a: Slowking\n|-damage|p1a: Slowking|85\/100\n|-status|p1a: Slowking|brn\n|\n|-heal|p1a: Slowking|91\/100 brn|[from] item: Leftovers\n|-damage|p1a: Slowking|85\/100 brn|[from] brn\n|upkeep\n|turn|11\n|\n|t:|1701217823\n|switch|p2a: Heatran|Heatran, M|100\/100\n|move|p1a: Slowking|Future Sight|p2a: Heatran\n|-start|p1a: Slowking|move: Future Sight\n|\n|-heal|p1a: Slowking|91\/100 brn|[from] item: Leftovers\n|-damage|p1a: Slowking|85\/100 brn|[from] brn\n|upkeep\n|turn|12\n|\n|t:|1701217826\n|move|p2a: Heatran|Protect|p2a: Heatran\n|-singleturn|p2a: Heatran|Protect\n|move|p1a: Slowking|Chilly Reception|p1a: Slowking\n|-weather|Snow\n|\n|t:|1701217831\n|switch|p1a: Charizard|Charizard, F|95\/100|[from] Chilly Reception\n|\n|-weather|Snow|[upkeep]\n|upkeep\n|turn|13\n|\n|t:|1701217845\n|switch|p1a: Slowking|Slowking-Galar, M|100\/100 brn\n|move|p2a: Heatran|Magma Storm|p1a: Slowking\n|-damage|p1a: Slowking|75\/100 brn\n|-activate|p1a: Slowking|move: Magma Storm|[of] p2a: Heatran\n|\n|-weather|Snow|[upkeep]\n|-end|p2a: Heatran|move: Future Sight\n|-resisted|p2a: Heatran\n|-crit|p2a: Heatran\n|-damage|p2a: Heatran|81\/100\n|-heal|p2a: Heatran|87\/100|[from] item: Leftovers\n|-heal|p1a: Slowking|81\/100 brn|[from] item: Leftovers\n|-damage|p1a: Slowking|75\/100 brn|[from] brn\n|-damage|p1a: Slowking|63\/100 brn|[from] move: Magma Storm|[partiallytrapped]\n|upkeep\n|turn|14\n|\n|t:|1701217850\n|move|p2a: Heatran|Taunt|p1a: Slowking\n|-start|p1a: Slowking|move: Taunt\n|move|p1a: Slowking|Future Sight|p2a: Heatran\n|-start|p1a: Slowking|move: Future Sight\n|\n|-weather|Snow|[upkeep]\n|-heal|p2a: Heatran|94\/100|[from] item: Leftovers\n|-heal|p1a: Slowking|69\/100 brn|[from] item: Leftovers\n|-damage|p1a: Slowking|63\/100 brn|[from] brn\n|-damage|p1a: Slowking|50\/100 brn|[from] move: Magma Storm|[partiallytrapped]\n|upkeep\n|turn|15\n|\n|t:|1701217855\n|move|p2a: Heatran|Earth Power|p1a: Slowking\n|-supereffective|p1a: Slowking\n|-damage|p1a: Slowking|18\/100 brn\n|move|p1a: Slowking|Ice Beam|p2a: Heatran\n|-resisted|p2a: Heatran\n|-damage|p2a: Heatran|90\/100\n|\n|-weather|Snow|[upkeep]\n|-heal|p2a: Heatran|96\/100|[from] item: Leftovers\n|-heal|p1a: Slowking|24\/100 brn|[from] item: Leftovers\n|-damage|p1a: Slowking|18\/100 brn|[from] brn\n|-damage|p1a: Slowking|6\/100 brn|[from] move: Magma Storm|[partiallytrapped]\n|upkeep\n|turn|16\n|\n|t:|1701217859\n|move|p2a: Heatran|Earth Power|p1a: Slowking\n|-supereffective|p1a: Slowking\n|-damage|p1a: Slowking|0 fnt\n|faint|p1a: Slowking\n|\n|-weather|none\n|-end|p2a: Heatran|move: Future Sight\n|-resisted|p2a: Heatran\n|-damage|p2a: Heatran|82\/100\n|-heal|p2a: Heatran|88\/100|[from] item: Leftovers\n|upkeep\n|\n|t:|1701217865\n|switch|p1a: Landorus|Landorus-Therian, M|73\/100\n|-ability|p1a: Landorus|Intimidate|boost\n|-unboost|p2a: Heatran|atk|1\n|turn|17\n|\n|t:|1701217871\n|move|p2a: Heatran|Protect|p2a: Heatran\n|-singleturn|p2a: Heatran|Protect\n|move|p1a: Landorus|Earthquake|p2a: Heatran\n|-activate|p2a: Heatran|move: Protect\n|\n|-heal|p1a: Landorus|79\/100|[from] item: Leftovers\n|-heal|p2a: Heatran|94\/100|[from] item: Leftovers\n|upkeep\n|turn|18\n|\n|t:|1701217874\n|switch|p1a: Cinderace|Cinderace, F|84\/100\n|switch|p2a: Corviknight|Corviknight, F|70\/100\n|-ability|p2a: Corviknight|Pressure\n|\n|upkeep\n|turn|19\n|\n|t:|1701217882\n|switch|p2a: Toxapex|Toxapex, M|100\/100\n|move|p1a: Cinderace|U-turn|p2a: Toxapex\n|-start|p1a: Cinderace|typechange|Bug|[from] ability: Libero\n|-resisted|p2a: Toxapex\n|-damage|p2a: Toxapex|91\/100\n|-damage|p1a: Cinderace|67\/100|[from] item: Rocky Helmet|[of] p2a: Toxapex\n|\n|t:|1701217886\n|switch|p1a: Landorus|Landorus-Therian, M|79\/100|[from] U-turn\n|-ability|p1a: Landorus|Intimidate|boost\n|-unboost|p2a: Toxapex|atk|1\n|\n|-heal|p1a: Landorus|85\/100|[from] item: Leftovers\n|upkeep\n|turn|20\n|\n|t:|1701217902\n|move|p1a: Landorus|Knock Off|p2a: Toxapex\n|-damage|p2a: Toxapex|71\/100\n|-damage|p1a: Landorus|68\/100|[from] item: Rocky Helmet|[of] p2a: Toxapex\n|-enditem|p2a: Toxapex|Rocky Helmet|[from] move: Knock Off|[of] p1a: Landorus\n|move|p2a: Toxapex|Scald|p1a: Landorus\n|-supereffective|p1a: Landorus\n|-crit|p1a: Landorus\n|-damage|p1a: Landorus|29\/100\n|\n|-heal|p1a: Landorus|35\/100|[from] item: Leftovers\n|upkeep\n|turn|21\n|\n|t:|1701217910\n|move|p1a: Landorus|Earthquake|p2a: Toxapex\n|-supereffective|p2a: Toxapex\n|-damage|p2a: Toxapex|7\/100\n|move|p2a: Toxapex|Scald|p1a: Landorus\n|-supereffective|p1a: Landorus\n|-damage|p1a: Landorus|8\/100\n|\n|-heal|p1a: Landorus|14\/100|[from] item: Leftovers\n|upkeep\n|turn|22\n|\n|t:|1701217916\n|switch|p2a: Corviknight|Corviknight, F|70\/100\n|-ability|p2a: Corviknight|Pressure\n|move|p1a: Landorus|Knock Off|p2a: Corviknight\n|-damage|p2a: Corviknight|58\/100\n|\n|-heal|p1a: Landorus|20\/100|[from] item: Leftovers\n|upkeep\n|turn|23\n|\n|t:|1701217926\n|switch|p1a: Alomomola|Alomomola, M|100\/100\n|move|p2a: Corviknight|Roost|p2a: Corviknight\n|-heal|p2a: Corviknight|100\/100\n|-singleturn|p2a: Corviknight|move: Roost\n|\n|upkeep\n|turn|24\n|\n|t:|1701217930\n|move|p2a: Corviknight|U-turn|p1a: Alomomola\n|-damage|p1a: Alomomola|93\/100\n|\n|t:|1701217932\n|switch|p2a: Tapu Koko|Tapu Koko|100\/100|[from] U-turn\n|-fieldstart|move: Electric Terrain|[from] ability: Electric Surge|[of] p2a: Tapu Koko\n|move|p1a: Alomomola|Wish|p1a: Alomomola\n|\n|upkeep\n|turn|25\n|\n|t:|1701217937\n|move|p2a: Tapu Koko|Dazzling Gleam|p1a: Alomomola\n|-damage|p1a: Alomomola|36\/100\n|move|p1a: Alomomola|Flip Turn|p2a: Tapu Koko\n|-damage|p2a: Tapu Koko|80\/100\n|\n|t:|1701217942\n|switch|p1a: Landorus|Landorus-Therian, M|20\/100|[from] Flip Turn\n|-ability|p1a: Landorus|Intimidate|boost\n|-unboost|p2a: Tapu Koko|atk|1\n|\n|-heal|p1a: Landorus|90\/100|[from] move: Wish|[wisher] Alomomola\n|-heal|p1a: Landorus|96\/100|[from] item: Leftovers\n|upkeep\n|turn|26\n|\n|t:|1701217948\n|switch|p2a: Corviknight|Corviknight, F|100\/100\n|-ability|p2a: Corviknight|Pressure\n|switch|p1a: Charizard|Charizard, F|95\/100\n|\n|upkeep\n|turn|27\n|\n|t:|1701217961\n|switch|p2a: Heatran|Heatran, M|94\/100\n|detailschange|p1a: Charizard|Charizard-Mega-Y, F\n|-mega|p1a: Charizard|Charizard|Charizardite Y\n|-weather|SunnyDay|[from] ability: Drought|[of] p1a: Charizard\n|move|p1a: Charizard|Scorching Sands|p2a: Heatran\n|-supereffective|p2a: Heatran\n|-damage|p2a: Heatran|25\/100\n|\n|-weather|SunnyDay|[upkeep]\n|-heal|p2a: Heatran|31\/100|[from] item: Leftovers\n|upkeep\n|turn|28\n|c|\u2606Future king of ou|Alright\n|c|\u2606Future king of ou|So it's y\n|\n|t:|1701217978\n|move|p2a: Heatran|Protect|p2a: Heatran\n|-singleturn|p2a: Heatran|Protect\n|move|p1a: Charizard|Scorching Sands|p2a: Heatran\n|-activate|p2a: Heatran|move: Protect\n|\n|-weather|SunnyDay|[upkeep]\n|-heal|p2a: Heatran|37\/100|[from] item: Leftovers\n|-fieldend|move: Electric Terrain\n|upkeep\n|turn|29\n|\n|t:|1701217980\n|-terastallize|p2a: Heatran|Grass\n|move|p1a: Charizard|Air Slash|p2a: Heatran\n|-supereffective|p2a: Heatran\n|-damage|p2a: Heatran|0 fnt\n|faint|p2a: Heatran\n|\n|-weather|SunnyDay|[upkeep]\n|upkeep\n|c|\u2606Future king of ou|Nice plate\n|c|\u2606Future king of ou|Play*\n|c|\u2606Miku Nakano ily|Good riddance\n|\n|t:|1701217992\n|switch|p2a: Tapu Koko|Tapu Koko|80\/100\n|-fieldstart|move: Electric Terrain|[from] ability: Electric Surge|[of] p2a: Tapu Koko\n|turn|30\n|\n|t:|1701217996\n|switch|p1a: Landorus|Landorus-Therian, M|96\/100\n|-ability|p1a: Landorus|Intimidate|boost\n|-unboost|p2a: Tapu Koko|atk|1\n|move|p2a: Tapu Koko|Hidden Power|p1a: Landorus\n|-supereffective|p1a: Landorus\n|-damage|p1a: Landorus|13\/100\n|\n|-weather|SunnyDay|[upkeep]\n|-heal|p1a: Landorus|19\/100|[from] item: Leftovers\n|upkeep\n|turn|31\n|c|\u2606Miku Nakano ily|thx btw\n|\n|t:|1701218003\n|move|p2a: Tapu Koko|Hidden Power|p1a: Landorus\n|-supereffective|p1a: Landorus\n|-damage|p1a: Landorus|0 fnt\n|faint|p1a: Landorus\n|\n|-weather|none\n|upkeep\n|\n|t:|1701218008\n|switch|p1a: Iron Valiant|Iron Valiant, shiny|100\/100\n|-activate|p1a: Iron Valiant|ability: Quark Drive\n|-start|p1a: Iron Valiant|quarkdrivespe\n|turn|32\n|c|\u2606Future king of ou|For what? Terrain\n|\n|t:|1701218013\n|switch|p2a: Banette|Banette, M|100\/100\n|-item|p1a: Iron Valiant|Booster Energy|[from] ability: Frisk|[of] p2a: Banette|[identify]\n|move|p1a: Iron Valiant|Spirit Break|p2a: Banette\n|-damage|p2a: Banette|46\/100\n|-unboost|p2a: Banette|spa|1\n|\n|upkeep\n|turn|33\n|\n|t:|1701218020\n|-end|p1a: Iron Valiant|Quark Drive|[silent]\n|switch|p1a: Alomomola|Alomomola, M|70\/100\n|detailschange|p2a: Banette|Banette-Mega, M\n|-mega|p2a: Banette|Banette|Banettite\n|move|p2a: Banette|Destiny Bond|p2a: Banette\n|-singlemove|p2a: Banette|Destiny Bond\n|\n|upkeep\n|turn|34\n|\n|t:|1701218026\n|move|p2a: Banette|Poltergeist|p1a: Alomomola\n|-activate|p1a: Alomomola|move: Poltergeist|Lagging Tail\n|-damage|p1a: Alomomola|36\/100\n|move|p1a: Alomomola|Wish|p1a: Alomomola\n|\n|-fieldend|move: Electric Terrain\n|upkeep\n|turn|35\n|\n|t:|1701218035\n|move|p2a: Banette|Will-O-Wisp|p1a: Alomomola\n|-status|p1a: Alomomola|brn\n|move|p1a: Alomomola|Toxic|p2a: Banette\n|-status|p2a: Banette|tox\n|\n|-heal|p1a: Alomomola|86\/100 brn|[from] move: Wish|[wisher] Alomomola\n|-damage|p2a: Banette|40\/100 tox|[from] psn\n|-damage|p1a: Alomomola|80\/100 brn|[from] brn\n|upkeep\n|turn|36\n|\n|t:|1701218041\n|switch|p2a: Toxapex|Toxapex, M|40\/100\n|move|p1a: Alomomola|Wish|p1a: Alomomola\n|\n|-damage|p1a: Alomomola|74\/100 brn|[from] brn\n|upkeep\n|turn|37\n|\n|t:|1701218045\n|move|p2a: Toxapex|Toxic Spikes|p1a: Alomomola\n|-sidestart|p1: Miku Nakano ily|move: Toxic Spikes\n|move|p1a: Alomomola|Flip Turn|p2a: Toxapex\n|-resisted|p2a: Toxapex\n|-damage|p2a: Toxapex|37\/100\n|\n|t:|1701218055\n|switch|p1a: Charizard|Charizard-Mega-Y, F|95\/100|[from] Flip Turn\n|-weather|SunnyDay|[from] ability: Drought|[of] p1a: Charizard\n|\n|-weather|SunnyDay|[upkeep]\n|-heal|p1a: Charizard|100\/100|[from] move: Wish|[wisher] Alomomola\n|upkeep\n|turn|38\n|\n|t:|1701218060\n|switch|p2a: Blaziken|Blaziken, F|100\/100\n|move|p1a: Charizard|Scorching Sands|p2a: Blaziken\n|-supereffective|p2a: Blaziken\n|-damage|p2a: Blaziken|12\/100\n|\n|-weather|SunnyDay|[upkeep]\n|upkeep\n|turn|39\n|\n|t:|1701218065\n|move|p2a: Blaziken|Protect|p2a: Blaziken\n|-singleturn|p2a: Blaziken|Protect\n|move|p1a: Charizard|Scorching Sands|p2a: Blaziken\n|-activate|p2a: Blaziken|move: Protect\n|\n|-weather|SunnyDay|[upkeep]\n|-ability|p2a: Blaziken|Speed Boost|boost\n|-boost|p2a: Blaziken|spe|1\n|upkeep\n|turn|40\n|\n|t:|1701218068\n|-zpower|p2a: Blaziken\n|move|p2a: Blaziken|Inferno Overdrive|p1a: Charizard|[zeffect]\n|-resisted|p1a: Charizard\n|-damage|p1a: Charizard|0 fnt\n|faint|p1a: Charizard\n|\n|-weather|SunnyDay|[upkeep]\n|-ability|p2a: Blaziken|Speed Boost|boost\n|-boost|p2a: Blaziken|spe|1\n|upkeep\n|\n|t:|1701218073\n|switch|p1a: Alomomola|Alomomola, M|100\/100 brn\n|turn|41\n|c|\u2606Future king of ou|;)\n|\n|t:|1701218080\n|move|p2a: Blaziken|Swords Dance|p2a: Blaziken\n|-boost|p2a: Blaziken|atk|2\n|move|p1a: Alomomola|Flip Turn|p2a: Blaziken\n|-supereffective|p2a: Blaziken\n|-damage|p2a: Blaziken|0 fnt\n|faint|p2a: Blaziken\n|c|\u2606Miku Nakano ily|zamn didn't expect that lmao\n|c|\u2606Miku Nakano ily|and to kill at 95% too\n|\n|t:|1701218098\n|switch|p1a: Cinderace|Cinderace, F|67\/100|[from] Flip Turn\n|\n|-weather|none\n|upkeep\n|\n|t:|1701218104\n|switch|p2a: Tapu Koko|Tapu Koko|80\/100\n|-fieldstart|move: Electric Terrain|[from] ability: Electric Surge|[of] p2a: Tapu Koko\n|turn|42\n|\n|t:|1701218108\n|move|p2a: Tapu Koko|Thunderbolt|p1a: Cinderace\n|-damage|p1a: Cinderace|0 fnt\n|faint|p1a: Cinderace\n|\n|upkeep\n|c|\u2606Future king of ou|Yeah very strong move\n|\n|t:|1701218112\n|switch|p1a: Iron Valiant|Iron Valiant, shiny|100\/100\n|-status|p1a: Iron Valiant|psn\n|-activate|p1a: Iron Valiant|ability: Quark Drive\n|-start|p1a: Iron Valiant|quarkdrivespe\n|turn|43\n|\n|t:|1701218114\n|move|p1a: Iron Valiant|Spirit Break|p2a: Tapu Koko\n|-damage|p2a: Tapu Koko|27\/100\n|-unboost|p2a: Tapu Koko|spa|1\n|move|p2a: Tapu Koko|Thunderbolt|p1a: Iron Valiant\n|-damage|p1a: Iron Valiant|21\/100 psn\n|\n|-damage|p1a: Iron Valiant|8\/100 psn|[from] psn\n|upkeep\n|turn|44\n|\n|t:|1701218127\n|-end|p1a: Iron Valiant|Quark Drive|[silent]\n|switch|p1a: Alomomola|Alomomola, M|100\/100 brn\n|switch|p2a: Corviknight|Corviknight, F|100\/100\n|-ability|p2a: Corviknight|Pressure\n|\n|-damage|p1a: Alomomola|94\/100 brn|[from] brn\n|upkeep\n|turn|45\n|\n|t:|1701218131\n|move|p2a: Corviknight|U-turn|p1a: Alomomola\n|-damage|p1a: Alomomola|87\/100 brn\n|\n|t:|1701218133\n|switch|p2a: Tapu Koko|Tapu Koko|27\/100|[from] U-turn\n|move|p1a: Alomomola|Wish|p1a: Alomomola\n|\n|-damage|p1a: Alomomola|81\/100 brn|[from] brn\n|upkeep\n|turn|46\n|\n|t:|1701218136\n|move|p2a: Tapu Koko|Thunderbolt|p1a: Alomomola\n|-supereffective|p1a: Alomomola\n|-damage|p1a: Alomomola|0 fnt\n|faint|p1a: Alomomola\n|\n|-fieldend|move: Electric Terrain\n|upkeep\n|\n|t:|1701218139\n|switch|p1a: Iron Valiant|Iron Valiant, shiny|8\/100 psn\n|-enditem|p1a: Iron Valiant|Booster Energy\n|-activate|p1a: Iron Valiant|ability: Quark Drive|[fromitem]\n|-start|p1a: Iron Valiant|quarkdrivespe\n|turn|47\n|c|\u2606Miku Nakano ily|man sucks that wish pass doesn't work if the user dies anymore\n|\n|t:|1701218159\n|move|p1a: Iron Valiant|Spirit Break|p2a: Tapu Koko\n|-damage|p2a: Tapu Koko|0 fnt\n|faint|p2a: Tapu Koko\n|\n|-damage|p1a: Iron Valiant|0 fnt|[from] psn\n|faint|p1a: Iron Valiant\n|-end|p1a: Iron Valiant|Quark Drive|[silent]\n|\n|win|Future king of ou\n|upkeep\n|n|\u2606Miku Nakano ily|mikunakanoily\n|n|\u2606Future king of ou|futurekingofou\n|c|\u2606Miku Nakano ily|gg\n","uploadtime":1701218186,"views":2,"p1id":"mikunakanoily","p2id":"futurekingofou","formatid":"gen9nationaldex","rating":0,"private":0,"password":""}