{"id":"gen9nationaldex-1989013886","p1":"LaughingBlock","p2":"shenye","format":"[Gen 9] National Dex","log":"|j|\u2606LaughingBlock\n|j|\u2606shenye\n|t:|1699802257\n|gametype|singles\n|player|p1|LaughingBlock|gambler|1147\n|player|p2|shenye|n|1202\n|teamsize|p1|6\n|teamsize|p2|6\n|gen|9\n|tier|[Gen 9] National Dex\n|rated|\n|rule|HP Percentage Mod: HP is shown in percentages\n|rule|Endless Battle Clause: Forcing endless battles is banned\n|rule|OHKO Clause: OHKO moves are banned\n|rule|Evasion Clause: Evasion abilities, items, and moves are banned\n|rule|Evasion Abilities Clause: Evasion abilities are banned\n|rule|Evasion Items Clause: Evasion items are banned\n|rule|Evasion Moves Clause: Evasion moves are banned\n|rule|Species Clause: Limit one of each Pok\u00e9mon\n|rule|Sleep Clause Mod: Limit one foe put to sleep\n|clearpoke\n|poke|p1|Ting-Lu|\n|poke|p1|Sneasler, M|\n|poke|p1|Sinistcha-Masterpiece|\n|poke|p1|Rotom-Wash|\n|poke|p1|Garganacl, F|\n|poke|p1|Iron Valiant|\n|poke|p2|Dragonite, M|\n|poke|p2|Garchomp, M|\n|poke|p2|Kommo-o, M|\n|poke|p2|Goodra-Hisui, F|\n|poke|p2|Charizard, M|\n|poke|p2|Hydreigon, M|\n|teampreview\n|\n|t:|1699802283\n|start\n|switch|p1a: Iron Valiant|Iron Valiant|100\/100\n|switch|p2a: Charizard|Charizard, M|100\/100\n|turn|1\n|\n|t:|1699802300\n|detailschange|p2a: Charizard|Charizard-Mega-X, M\n|-mega|p2a: Charizard|Charizard|Charizardite X\n|move|p1a: Iron Valiant|Moonblast|p2a: Charizard\n|-damage|p2a: Charizard|2\/100\n|move|p2a: Charizard|Earthquake|p1a: Iron Valiant\n|-damage|p1a: Iron Valiant|52\/100\n|\n|upkeep\n|turn|2\n|\n|t:|1699802312\n|move|p1a: Iron Valiant|Moonblast|p2a: Charizard\n|-damage|p2a: Charizard|0 fnt\n|faint|p2a: Charizard\n|\n|upkeep\n|\n|t:|1699802317\n|switch|p2a: Goodra|Goodra-Hisui, F|100\/100\n|turn|3\n|\n|t:|1699802325\n|-end|p1a: Iron Valiant|Quark Drive|[silent]\n|switch|p1a: Dr. ClawS TM|Sneasler, M, shiny|100\/100\n|-terastallize|p2a: Goodra|Water\n|move|p2a: Goodra|Flash Cannon|p1a: Dr. ClawS TM\n|-damage|p1a: Dr. ClawS TM|49\/100\n|\n|upkeep\n|turn|4\n|\n|t:|1699802339\n|move|p1a: Dr. ClawS TM|U-turn|p2a: Goodra\n|-damage|p2a: Goodra|65\/100\n|-status|p2a: Goodra|psn|[from] ability: Poison Touch|[of] p1a: Dr. ClawS TM\n|\n|t:|1699802354\n|switch|p1a: Washu-Washu|Rotom-Wash, shiny|100\/100|[from] U-turn\n|move|p2a: Goodra|Surf|p1a: Washu-Washu\n|-resisted|p1a: Washu-Washu\n|-damage|p1a: Washu-Washu|78\/100\n|\n|-damage|p2a: Goodra|52\/100 psn|[from] psn\n|upkeep\n|turn|5\n|\n|t:|1699802368\n|switch|p2a: Kommo-o|Kommo-o, M|100\/100\n|move|p1a: Washu-Washu|Will-O-Wisp|p2a: Kommo-o|[miss]\n|-miss|p1a: Washu-Washu|p2a: Kommo-o\n|\n|upkeep\n|turn|6\n|\n|t:|1699802388\n|switch|p1a: Giga Stacey|Garganacl, F|100\/100\n|-zpower|p2a: Kommo-o\n|move|p2a: Kommo-o|Clangorous Soulblaze|p1a: Giga Stacey|[zeffect]\n|-damage|p1a: Giga Stacey|45\/100\n|-boost|p2a: Kommo-o|atk|1\n|-boost|p2a: Kommo-o|def|1\n|-boost|p2a: Kommo-o|spa|1\n|-boost|p2a: Kommo-o|spd|1\n|-boost|p2a: Kommo-o|spe|1\n|\n|upkeep\n|turn|7\n|\n|t:|1699802403\n|move|p2a: Kommo-o|Aura Sphere|p1a: Giga Stacey\n|-supereffective|p1a: Giga Stacey\n|-damage|p1a: Giga Stacey|0 fnt\n|faint|p1a: Giga Stacey\n|\n|upkeep\n|\n|t:|1699802413\n|switch|p1a: Iron Valiant|Iron Valiant|52\/100\n|turn|8\n|\n|t:|1699802427\n|switch|p2a: Goodra|Goodra-Hisui, F, tera:Water|52\/100 psn\n|move|p1a: Iron Valiant|Moonblast|p2a: Goodra\n|-damage|p2a: Goodra|20\/100 psn\n|-unboost|p2a: Goodra|spa|1\n|\n|-damage|p2a: Goodra|8\/100 psn|[from] psn\n|upkeep\n|turn|9\n|\n|t:|1699802451\n|move|p1a: Iron Valiant|Moonblast|p2a: Goodra\n|-damage|p2a: Goodra|0 fnt\n|faint|p2a: Goodra\n|\n|upkeep\n|\n|t:|1699802456\n|switch|p2a: Dragonite|Dragonite, M|100\/100\n|turn|10\n|\n|t:|1699802461\n|-end|p1a: Iron Valiant|Quark Drive|[silent]\n|switch|p1a: GOOP!|Sinistcha-Masterpiece|100\/100\n|move|p2a: Dragonite|Extreme Speed|p1a: GOOP!\n|-immune|p1a: GOOP!\n|\n|upkeep\n|turn|11\n|\n|t:|1699802473\n|switch|p2a: Hydreigon|Hydreigon, M|100\/100\n|move|p1a: GOOP!|Calm Mind|p1a: GOOP!\n|-boost|p1a: GOOP!|spa|1\n|-boost|p1a: GOOP!|spd|1\n|\n|upkeep\n|turn|12\n|\n|t:|1699802482\n|switch|p1a: City Wok|Ting-Lu|100\/100\n|-ability|p1a: City Wok|Vessel of Ruin\n|move|p2a: Hydreigon|Dark Pulse|p1a: City Wok\n|-resisted|p1a: City Wok\n|-damage|p1a: City Wok|91\/100\n|\n|-heal|p1a: City Wok|97\/100|[from] item: Leftovers\n|upkeep\n|turn|13\n|\n|t:|1699802496\n|move|p2a: Hydreigon|Draco Meteor|p1a: City Wok\n|-damage|p1a: City Wok|67\/100\n|-unboost|p2a: Hydreigon|spa|2\n|move|p1a: City Wok|Ruination|p2a: Hydreigon\n|-damage|p2a: Hydreigon|50\/100\n|\n|-heal|p1a: City Wok|73\/100|[from] item: Leftovers\n|upkeep\n|turn|14\n|\n|t:|1699802508\n|switch|p2a: Garchomp|Garchomp, M|100\/100\n|switch|p1a: GOOP!|Sinistcha-Masterpiece|100\/100\n|\n|upkeep\n|turn|15\n|\n|t:|1699802518\n|move|p2a: Garchomp|Stealth Rock|p1a: GOOP!\n|-sidestart|p1: LaughingBlock|move: Stealth Rock\n|move|p1a: GOOP!|Strength Sap|p2a: Garchomp\n|-unboost|p2a: Garchomp|atk|1\n|\n|upkeep\n|turn|16\n|\n|t:|1699802524\n|move|p2a: Garchomp|Spikes|p1a: GOOP!\n|-sidestart|p1: LaughingBlock|Spikes\n|move|p1a: GOOP!|Shadow Ball|p2a: Garchomp\n|-damage|p2a: Garchomp|75\/100\n|\n|upkeep\n|turn|17\n|\n|t:|1699802534\n|switch|p2a: Hydreigon|Hydreigon, M|50\/100\n|move|p1a: GOOP!|Calm Mind|p1a: GOOP!\n|-boost|p1a: GOOP!|spa|1\n|-boost|p1a: GOOP!|spd|1\n|\n|upkeep\n|turn|18\n|\n|t:|1699802558\n|switch|p1a: City Wok|Ting-Lu|73\/100\n|-damage|p1a: City Wok|67\/100|[from] Stealth Rock\n|-damage|p1a: City Wok|54\/100|[from] Spikes\n|-ability|p1a: City Wok|Vessel of Ruin\n|move|p2a: Hydreigon|Earth Power|p1a: City Wok\n|-damage|p1a: City Wok|42\/100\n|\n|-heal|p1a: City Wok|48\/100|[from] item: Leftovers\n|upkeep\n|turn|19\n|\n|t:|1699802579\n|switch|p2a: Garchomp|Garchomp, M|75\/100\n|move|p1a: City Wok|Ruination|p2a: Garchomp\n|-damage|p2a: Garchomp|38\/100\n|\n|-heal|p1a: City Wok|54\/100|[from] item: Leftovers\n|upkeep\n|turn|20\n|\n|t:|1699802590\n|move|p2a: Garchomp|Earthquake|p1a: City Wok\n|-damage|p1a: City Wok|30\/100\n|move|p1a: City Wok|Whirlwind|p2a: Garchomp\n|drag|p2a: Dragonite|Dragonite, M|100\/100\n|\n|-heal|p1a: City Wok|37\/100|[from] item: Leftovers\n|upkeep\n|turn|21\n|\n|t:|1699802599\n|move|p2a: Dragonite|Outrage|p1a: City Wok\n|-damage|p1a: City Wok|0 fnt\n|faint|p1a: City Wok\n|\n|upkeep\n|\n|t:|1699802605\n|switch|p1a: Iron Valiant|Iron Valiant|52\/100\n|-damage|p1a: Iron Valiant|46\/100|[from] Stealth Rock\n|-damage|p1a: Iron Valiant|33\/100|[from] Spikes\n|turn|22\n|\n|t:|1699802614\n|move|p1a: Iron Valiant|Moonblast|p2a: Dragonite\n|-supereffective|p2a: Dragonite\n|-damage|p2a: Dragonite|28\/100\n|move|p2a: Dragonite|Outrage|p1a: Iron Valiant|[from]lockedmove\n|-immune|p1a: Iron Valiant\n|\n|upkeep\n|turn|23\n|\n|t:|1699802630\n|switch|p2a: Garchomp|Garchomp, M|38\/100\n|move|p1a: Iron Valiant|Moonblast|p2a: Garchomp\n|-supereffective|p2a: Garchomp\n|-damage|p2a: Garchomp|0 fnt\n|faint|p2a: Garchomp\n|\n|upkeep\n|\n|t:|1699802637\n|switch|p2a: Dragonite|Dragonite, M|28\/100\n|turn|24\n|\n|t:|1699802641\n|-end|p1a: Iron Valiant|Quark Drive|[silent]\n|switch|p1a: GOOP!|Sinistcha-Masterpiece|100\/100\n|-damage|p1a: GOOP!|88\/100|[from] Stealth Rock\n|-damage|p1a: GOOP!|76\/100|[from] Spikes\n|move|p2a: Dragonite|Extreme Speed|p1a: GOOP!\n|-immune|p1a: GOOP!\n|\n|upkeep\n|turn|25\n|\n|t:|1699802653\n|switch|p2a: Hydreigon|Hydreigon, M|50\/100\n|move|p1a: GOOP!|Strength Sap|p2a: Hydreigon\n|-unboost|p2a: Hydreigon|atk|1\n|-heal|p1a: GOOP!|100\/100\n|\n|upkeep\n|turn|26\n|\n|t:|1699802666\n|switch|p1a: Washu-Washu|Rotom-Wash, shiny|78\/100\n|-damage|p1a: Washu-Washu|65\/100|[from] Stealth Rock\n|move|p2a: Hydreigon|Earth Power|p1a: Washu-Washu\n|-immune|p1a: Washu-Washu|[from] ability: Levitate\n|\n|upkeep\n|turn|27\n|\n|t:|1699802683\n|move|p1a: Washu-Washu|Hydro Pump|p2a: Hydreigon|[miss]\n|-miss|p1a: Washu-Washu|p2a: Hydreigon\n|move|p2a: Hydreigon|Draco Meteor|p1a: Washu-Washu\n|-damage|p1a: Washu-Washu|0 fnt\n|-unboost|p2a: Hydreigon|spa|2\n|faint|p1a: Washu-Washu\n|\n|upkeep\n|\n|t:|1699802698\n|switch|p1a: Dr. ClawS TM|Sneasler, M, shiny|49\/100\n|-damage|p1a: Dr. ClawS TM|43\/100|[from] Stealth Rock\n|-damage|p1a: Dr. ClawS TM|30\/100|[from] Spikes\n|turn|28\n|\n|t:|1699802715\n|switch|p2a: Kommo-o|Kommo-o, M|100\/100\n|move|p1a: Dr. ClawS TM|Close Combat|p2a: Kommo-o\n|-damage|p2a: Kommo-o|12\/100\n|-unboost|p1a: Dr. ClawS TM|def|1\n|-unboost|p1a: Dr. ClawS TM|spd|1\n|-status|p2a: Kommo-o|psn|[from] ability: Poison Touch|[of] p1a: Dr. ClawS TM\n|\n|-damage|p2a: Kommo-o|0 fnt|[from] psn\n|faint|p2a: Kommo-o\n|upkeep\n|\n|t:|1699802726\n|switch|p2a: Dragonite|Dragonite, M|28\/100\n|turn|29\n|\n|t:|1699802729\n|move|p2a: Dragonite|Extreme Speed|p1a: Dr. ClawS TM\n|-damage|p1a: Dr. ClawS TM|0 fnt\n|faint|p1a: Dr. ClawS TM\n|\n|upkeep\n|\n|t:|1699802736\n|switch|p1a: GOOP!|Sinistcha-Masterpiece|100\/100\n|-damage|p1a: GOOP!|88\/100|[from] Stealth Rock\n|-damage|p1a: GOOP!|76\/100|[from] Spikes\n|turn|30\n|\n|t:|1699802744\n|switch|p2a: Hydreigon|Hydreigon, M|50\/100\n|move|p1a: GOOP!|Shadow Ball|p2a: Hydreigon\n|-resisted|p2a: Hydreigon\n|-damage|p2a: Hydreigon|40\/100\n|\n|upkeep\n|turn|31\n|\n|t:|1699802762\n|move|p2a: Hydreigon|Draco Meteor|p1a: GOOP!\n|-damage|p1a: GOOP!|0 fnt\n|-unboost|p2a: Hydreigon|spa|2\n|faint|p1a: GOOP!\n|\n|upkeep\n|\n|t:|1699802767\n|switch|p1a: Iron Valiant|Iron Valiant|33\/100\n|-damage|p1a: Iron Valiant|27\/100|[from] Stealth Rock\n|-damage|p1a: Iron Valiant|15\/100|[from] Spikes\n|turn|32\n|-message|LaughingBlock forfeited.\n|\n|win|shenye\n|raw|LaughingBlock's rating: 1147 &rarr; <strong>1126<\/strong><br \/>(-21 for losing)\n|raw|shenye's rating: 1202 &rarr; <strong>1223<\/strong><br \/>(+21 for winning)\n|l|\u2606LaughingBlock\n","uploadtime":1699802780,"views":13,"p1id":"laughingblock","p2id":"shenye","formatid":"gen9nationaldex","rating":1126,"private":0,"password":""}