{"id":"gen9nationaldex-1996616340","p1":"GAGA233","p2":"bob_0728","format":"[Gen 9] National Dex","log":"|html|<div class=\"broadcast-blue\"><strong>[Gen 9] National Dex is currently suspecting Sneasler! For information on how to participate check out the <a href=\"https:\/\/www.smogon.com\/forums\/threads\/sv-national-dex-suspect-8-just-dance.3731534\/\">suspect thread<\/a>.<\/strong><\/div>\n|j|\u2606GAGA233\n|j|\u2606bob_0728\n|t:|1700701017\n|gametype|singles\n|player|p1|GAGA233|101|1675\n|player|p2|bob_0728|2|1558\n|teamsize|p1|6\n|teamsize|p2|6\n|gen|9\n|tier|[Gen 9] National Dex\n|rated|\n|rule|HP Percentage Mod: HP is shown in percentages\n|rule|Endless Battle Clause: Forcing endless battles is banned\n|rule|OHKO Clause: OHKO moves are banned\n|rule|Evasion Clause: Evasion abilities, items, and moves are banned\n|rule|Evasion Abilities Clause: Evasion abilities are banned\n|rule|Evasion Items Clause: Evasion items are banned\n|rule|Evasion Moves Clause: Evasion moves are banned\n|rule|Species Clause: Limit one of each Pok\u00e9mon\n|rule|Sleep Clause Mod: Limit one foe put to sleep\n|clearpoke\n|poke|p1|Alomomola, F|\n|poke|p1|Banette, M|\n|poke|p1|Rillaboom, M|\n|poke|p1|Slowking-Galar, F|\n|poke|p1|Garganacl, M|\n|poke|p1|Great Tusk|\n|poke|p2|Hatterene, F|\n|poke|p2|Ursaluna, M|\n|poke|p2|Cresselia, F|\n|poke|p2|Camerupt, F|\n|poke|p2|Mimikyu, F|\n|poke|p2|Glastrier|\n|teampreview\n|inactive|Battle timer is ON: inactive players will automatically lose when time's up. (requested by GAGA233)\n|\n|t:|1700701045\n|start\n|switch|p1a: Rillaboom|Rillaboom, M|100\/100\n|switch|p2a: Hatterene|Hatterene, F|100\/100\n|-fieldstart|move: Grassy Terrain|[from] ability: Grassy Surge|[of] p1a: Rillaboom\n|turn|1\n|inactive|bob_0728 has 120 seconds left.\n|\n|t:|1700701088\n|move|p1a: Rillaboom|Grassy Glide|p2a: Hatterene\n|-damage|p2a: Hatterene|38\/100\n|move|p2a: Hatterene|Trick Room|p2a: Hatterene\n|-fieldstart|move: Trick Room|[of] p2a: Hatterene\n|\n|-heal|p2a: Hatterene|44\/100|[from] Grassy Terrain\n|upkeep\n|turn|2\n|\n|t:|1700701099\n|move|p1a: Rillaboom|Grassy Glide|p2a: Hatterene\n|-damage|p2a: Hatterene|0 fnt\n|faint|p2a: Hatterene\n|\n|upkeep\n|\n|t:|1700701102\n|switch|p2a: Camerupt|Camerupt, F|100\/100\n|turn|3\n|\n|t:|1700701112\n|switch|p1a: Garganacl|Garganacl, M|100\/100\n|detailschange|p2a: Camerupt|Camerupt-Mega, F\n|-mega|p2a: Camerupt|Camerupt|Cameruptite\n|move|p2a: Camerupt|Earth Power|p1a: Garganacl\n|-supereffective|p1a: Garganacl\n|-damage|p1a: Garganacl|12\/100\n|\n|-heal|p1a: Garganacl|19\/100|[from] Grassy Terrain\n|-heal|p1a: Garganacl|25\/100|[from] item: Leftovers\n|upkeep\n|turn|4\n|\n|t:|1700701119\n|move|p1a: Garganacl|Protect|p1a: Garganacl\n|-singleturn|p1a: Garganacl|Protect\n|move|p2a: Camerupt|Earth Power|p1a: Garganacl\n|-activate|p1a: Garganacl|move: Protect\n|\n|-heal|p1a: Garganacl|31\/100|[from] Grassy Terrain\n|-heal|p1a: Garganacl|37\/100|[from] item: Leftovers\n|upkeep\n|turn|5\n|\n|t:|1700701124\n|switch|p1a: Slowking|Slowking-Galar, F|100\/100\n|move|p2a: Camerupt|Earth Power|p1a: Slowking\n|-supereffective|p1a: Slowking\n|-damage|p1a: Slowking|18\/100\n|\n|-heal|p1a: Slowking|24\/100|[from] Grassy Terrain\n|-fieldend|move: Trick Room\n|-fieldend|move: Grassy Terrain\n|upkeep\n|turn|6\n|\n|t:|1700701132\n|move|p2a: Camerupt|Earth Power|p1a: Slowking\n|-supereffective|p1a: Slowking\n|-damage|p1a: Slowking|0 fnt\n|faint|p1a: Slowking\n|\n|upkeep\n|\n|t:|1700701139\n|switch|p1a: Great Tusk|Great Tusk|100\/100\n|-enditem|p1a: Great Tusk|Booster Energy\n|-activate|p1a: Great Tusk|ability: Protosynthesis|[fromitem]\n|-start|p1a: Great Tusk|protosynthesisatk\n|turn|7\n|\n|t:|1700701144\n|-end|p1a: Great Tusk|Protosynthesis|[silent]\n|switch|p1a: Banette|Banette, M|100\/100\n|-item|p2a: Camerupt|Cameruptite|[from] ability: Frisk|[of] p1a: Banette|[identify]\n|switch|p2a: Cresselia|Cresselia, F|100\/100\n|\n|upkeep\n|turn|8\n|\n|t:|1700701150\n|switch|p2a: Ursaluna|Ursaluna, M|100\/100\n|detailschange|p1a: Banette|Banette-Mega, M\n|-mega|p1a: Banette|Banette|Banettite\n|move|p1a: Banette|Poltergeist|p2a: Ursaluna\n|-immune|p2a: Ursaluna\n|\n|-status|p2a: Ursaluna|brn|[from] item: Flame Orb\n|upkeep\n|turn|9\n|\n|t:|1700701154\n|move|p1a: Banette|Destiny Bond|p1a: Banette\n|-singlemove|p1a: Banette|Destiny Bond\n|move|p2a: Ursaluna|Crunch|p1a: Banette\n|-supereffective|p1a: Banette\n|-damage|p1a: Banette|0 fnt\n|faint|p1a: Banette\n|-activate|p1a: Banette|move: Destiny Bond\n|faint|p2a: Ursaluna\n|\n|upkeep\n|\n|t:|1700701172\n|switch|p1a: Rillaboom|Rillaboom, M|100\/100\n|switch|p2a: Cresselia|Cresselia, F|100\/100\n|-fieldstart|move: Grassy Terrain|[from] ability: Grassy Surge|[of] p1a: Rillaboom\n|turn|10\n|\n|t:|1700701174\n|-terastallize|p1a: Rillaboom|Grass\n|move|p1a: Rillaboom|Wood Hammer|p2a: Cresselia\n|-damage|p2a: Cresselia|0 fnt\n|faint|p2a: Cresselia\n|-damage|p1a: Rillaboom|60\/100|[from] Recoil\n|\n|-heal|p1a: Rillaboom|66\/100|[from] Grassy Terrain\n|upkeep\n|\n|t:|1700701178\n|switch|p2a: Mimikyu|Mimikyu, F|100\/100\n|turn|11\n|\n|t:|1700701191\n|move|p1a: Rillaboom|Wood Hammer|p2a: Mimikyu\n|-activate|p2a: Mimikyu|ability: Disguise\n|-damage|p2a: Mimikyu|100\/100\n|-damage|p1a: Rillaboom|49\/100|[from] item: Rocky Helmet|[of] p2a: Mimikyu\n|detailschange|p2a: Mimikyu|Mimikyu-Busted, F\n|-damage|p2a: Mimikyu|88\/100|[from] pokemon: Mimikyu-Busted\n|move|p2a: Mimikyu|Trick Room|p2a: Mimikyu\n|-fieldstart|move: Trick Room|[of] p2a: Mimikyu\n|\n|-heal|p2a: Mimikyu|94\/100|[from] Grassy Terrain\n|-heal|p1a: Rillaboom|55\/100|[from] Grassy Terrain\n|upkeep\n|turn|12\n|\n|t:|1700701195\n|switch|p1a: Garganacl|Garganacl, M|37\/100\n|move|p2a: Mimikyu|Curse|p1a: Garganacl\n|-start|p1a: Garganacl|Curse|[of] p2a: Mimikyu\n|-damage|p2a: Mimikyu|44\/100\n|\n|-heal|p1a: Garganacl|43\/100|[from] Grassy Terrain\n|-heal|p1a: Garganacl|50\/100|[from] item: Leftovers\n|-heal|p2a: Mimikyu|50\/100|[from] Grassy Terrain\n|-damage|p1a: Garganacl|25\/100|[from] Curse\n|upkeep\n|turn|13\n|\n|t:|1700701202\n|switch|p2a: Camerupt|Camerupt-Mega, F|100\/100\n|move|p1a: Garganacl|Salt Cure|p2a: Camerupt\n|-damage|p2a: Camerupt|87\/100\n|-start|p2a: Camerupt|Salt Cure\n|\n|-heal|p2a: Camerupt|94\/100|[from] Grassy Terrain\n|-heal|p1a: Garganacl|31\/100|[from] Grassy Terrain\n|-heal|p1a: Garganacl|37\/100|[from] item: Leftovers\n|-damage|p1a: Garganacl|12\/100|[from] Curse\n|-damage|p2a: Camerupt|81\/100|[from] Salt Cure\n|upkeep\n|turn|14\n|\n|t:|1700701208\n|move|p1a: Garganacl|Protect|p1a: Garganacl\n|-singleturn|p1a: Garganacl|Protect\n|move|p2a: Camerupt|Earth Power|p1a: Garganacl\n|-activate|p1a: Garganacl|move: Protect\n|\n|-heal|p2a: Camerupt|87\/100|[from] Grassy Terrain\n|-heal|p1a: Garganacl|18\/100|[from] Grassy Terrain\n|-heal|p1a: Garganacl|24\/100|[from] item: Leftovers\n|-damage|p1a: Garganacl|0 fnt|[from] Curse\n|faint|p1a: Garganacl\n|-damage|p2a: Camerupt|75\/100|[from] Salt Cure\n|-fieldend|move: Grassy Terrain\n|upkeep\n|\n|t:|1700701210\n|switch|p1a: Alomomola|Alomomola, F|100\/100\n|turn|15\n|\n|t:|1700701214\n|move|p2a: Camerupt|Earth Power|p1a: Alomomola\n|-crit|p1a: Alomomola\n|-damage|p1a: Alomomola|0 fnt\n|faint|p1a: Alomomola\n|\n|-damage|p2a: Camerupt|63\/100|[from] Salt Cure\n|-fieldend|move: Trick Room\n|upkeep\n|\n|t:|1700701218\n|switch|p1a: Great Tusk|Great Tusk|100\/100\n|turn|16\n|\n|t:|1700701221\n|move|p1a: Great Tusk|Headlong Rush|p2a: Camerupt\n|-supereffective|p2a: Camerupt\n|-damage|p2a: Camerupt|0 fnt\n|-unboost|p1a: Great Tusk|def|1\n|-unboost|p1a: Great Tusk|spd|1\n|faint|p2a: Camerupt\n|\n|upkeep\n|\n|t:|1700701224\n|switch|p2a: Mimikyu|Mimikyu-Busted, F|50\/100\n|turn|17\n|\n|t:|1700701226\n|move|p1a: Great Tusk|Headlong Rush|p2a: Mimikyu\n|-crit|p2a: Mimikyu\n|-damage|p2a: Mimikyu|0 fnt\n|-unboost|p1a: Great Tusk|def|1\n|-unboost|p1a: Great Tusk|spd|1\n|-damage|p1a: Great Tusk|84\/100|[from] item: Rocky Helmet|[of] p2a: Mimikyu\n|faint|p2a: Mimikyu\n|\n|upkeep\n|\n|t:|1700701229\n|switch|p2a: Glastrier|Glastrier|100\/100\n|turn|18\n|\n|t:|1700701231\n|move|p1a: Great Tusk|Close Combat|p2a: Glastrier\n|-supereffective|p2a: Glastrier\n|-damage|p2a: Glastrier|14\/100\n|-unboost|p1a: Great Tusk|def|1\n|-unboost|p1a: Great Tusk|spd|1\n|move|p2a: Glastrier|Icicle Spear|p1a: Great Tusk\n|-supereffective|p1a: Great Tusk\n|-damage|p1a: Great Tusk|25\/100\n|-supereffective|p1a: Great Tusk\n|-damage|p1a: Great Tusk|0 fnt\n|faint|p1a: Great Tusk\n|-end|p1a: Great Tusk|Protosynthesis|[silent]\n|-ability|p2a: Glastrier|Chilling Neigh|boost\n|-boost|p2a: Glastrier|atk|1\n|-hitcount|p1: Great Tusk|2\n|\n|upkeep\n|\n|t:|1700701234\n|switch|p1a: Rillaboom|Rillaboom, M, tera:Grass|55\/100\n|-fieldstart|move: Grassy Terrain|[from] ability: Grassy Surge|[of] p1a: Rillaboom\n|turn|19\n|-message|bob_0728 forfeited.\n|\n|win|GAGA233\n|raw|GAGA233's rating: 1675 &rarr; <strong>1689<\/strong><br \/>(+14 for winning)\n|raw|bob_0728's rating: 1573 &rarr; <strong>1559<\/strong><br \/>(-14 for losing)\n|l|\u2606bob_0728\n","uploadtime":1700701239,"views":21,"p1id":"gaga233","p2id":"bob0728","formatid":"gen9nationaldex","rating":1559,"private":0,"password":""}