{"id":"gen9nationaldex-1993206808","p1":"Kira Ignis","p2":"GoYouSureYeahGetit","format":"[Gen 9] National Dex","log":"|j|\u2606Kira Ignis\n|j|\u2606GoYouSureYeahGetit\n|t:|1700278025\n|gametype|singles\n|player|p1|Kira Ignis|janine|1592\n|player|p2|GoYouSureYeahGetit|bea|1541\n|teamsize|p1|6\n|teamsize|p2|6\n|gen|9\n|tier|[Gen 9] National Dex\n|rated|\n|rule|HP Percentage Mod: HP is shown in percentages\n|rule|Endless Battle Clause: Forcing endless battles is banned\n|rule|OHKO Clause: OHKO moves are banned\n|rule|Evasion Clause: Evasion abilities, items, and moves are banned\n|rule|Evasion Abilities Clause: Evasion abilities are banned\n|rule|Evasion Items Clause: Evasion items are banned\n|rule|Evasion Moves Clause: Evasion moves are banned\n|rule|Species Clause: Limit one of each Pok\u00e9mon\n|rule|Sleep Clause Mod: Limit one foe put to sleep\n|clearpoke\n|poke|p1|Iron Valiant|\n|poke|p1|Tapu Koko|\n|poke|p1|Sneasler, F|\n|poke|p1|Iron Treads|\n|poke|p1|Urshifu-*, F|\n|poke|p1|Pinsir, F|\n|poke|p2|Xurkitree|\n|poke|p2|Zapdos-Galar|\n|poke|p2|Landorus-Therian, M|\n|poke|p2|Alomomola, F|\n|poke|p2|Chansey, F|\n|poke|p2|Rillaboom, F|\n|teampreview\n|inactive|Battle timer is ON: inactive players will automatically lose when time's up. (requested by Kira Ignis)\n|c|\u2606GoYouSureYeahGetit|gl hf\n|\n|t:|1700278038\n|start\n|switch|p1a: Manny|Iron Treads|100\/100\n|switch|p2a: Rillaboom|Rillaboom, F|100\/100\n|-fieldstart|move: Grassy Terrain|[from] ability: Grassy Surge|[of] p2a: Rillaboom\n|turn|1\n|c|\u2606Kira Ignis|you too\n|\n|t:|1700278044\n|move|p2a: Rillaboom|Grassy Glide|p1a: Manny\n|-damage|p1a: Manny|48\/100\n|move|p1a: Manny|Stealth Rock|p2a: Rillaboom\n|-sidestart|p2: GoYouSureYeahGetit|move: Stealth Rock\n|\n|-heal|p1a: Manny|54\/100|[from] Grassy Terrain\n|-heal|p1a: Manny|60\/100|[from] item: Leftovers\n|upkeep\n|turn|2\n|\n|t:|1700278050\n|move|p2a: Rillaboom|Grassy Glide|p1a: Manny\n|-damage|p1a: Manny|10\/100\n|move|p1a: Manny|Ice Spinner|p2a: Rillaboom\n|-supereffective|p2a: Rillaboom\n|-damage|p2a: Rillaboom|54\/100\n|-fieldend|move: Grassy Terrain\n|\n|-heal|p1a: Manny|17\/100|[from] item: Leftovers\n|upkeep\n|turn|3\n|\n|t:|1700278053\n|move|p1a: Manny|Ice Spinner|p2a: Rillaboom\n|-supereffective|p2a: Rillaboom\n|-damage|p2a: Rillaboom|7\/100\n|move|p2a: Rillaboom|Grassy Glide|p1a: Manny\n|-damage|p1a: Manny|0 fnt\n|faint|p1a: Manny\n|-end|p1a: Manny|Quark Drive|[silent]\n|\n|upkeep\n|\n|t:|1700278067\n|switch|p1a: Shifu|Urshifu-Rapid-Strike, F|100\/100\n|turn|4\n|\n|t:|1700278073\n|switch|p2a: Alomomola|Alomomola, F, shiny|100\/100\n|-damage|p2a: Alomomola|88\/100|[from] Stealth Rock\n|move|p1a: Shifu|Surging Strikes|p2a: Alomomola\n|-resisted|p2a: Alomomola\n|-crit|p2a: Alomomola\n|-damage|p2a: Alomomola|81\/100\n|-damage|p1a: Shifu|84\/100|[from] item: Rocky Helmet|[of] p2a: Alomomola\n|-resisted|p2a: Alomomola\n|-crit|p2a: Alomomola\n|-damage|p2a: Alomomola|74\/100\n|-damage|p1a: Shifu|68\/100|[from] item: Rocky Helmet|[of] p2a: Alomomola\n|-resisted|p2a: Alomomola\n|-crit|p2a: Alomomola\n|-damage|p2a: Alomomola|67\/100\n|-damage|p1a: Shifu|51\/100|[from] item: Rocky Helmet|[of] p2a: Alomomola\n|-hitcount|p2a: Alomomola|3\n|-damage|p1a: Shifu|41\/100|[from] item: Life Orb\n|\n|upkeep\n|turn|5\n|\n|t:|1700278077\n|switch|p1a: Maui|Tapu Koko, shiny|100\/100\n|-fieldstart|move: Electric Terrain|[from] ability: Electric Surge|[of] p1a: Maui\n|move|p2a: Alomomola|Flip Turn|p1a: Maui\n|-damage|p1a: Maui|77\/100\n|\n|t:|1700278090\n|switch|p2a: Landorus|Landorus-Therian, M, shiny|100\/100|[from] Flip Turn\n|-damage|p2a: Landorus|88\/100|[from] Stealth Rock\n|-ability|p2a: Landorus|Intimidate|boost\n|-unboost|p1a: Maui|atk|1\n|\n|upkeep\n|turn|6\n|\n|t:|1700278097\n|move|p1a: Maui|Dazzling Gleam|p2a: Landorus\n|-damage|p2a: Landorus|37\/100\n|move|p2a: Landorus|Defog|p1a: Maui\n|-unboost|p1a: Maui|evasion|1\n|-sideend|p2: GoYouSureYeahGetit|Stealth Rock|[from] move: Defog|[of] p2a: Landorus\n|-fieldend|move: Electric Terrain\n|\n|upkeep\n|turn|7\n|\n|t:|1700278101\n|switch|p2a: Chansey|Chansey, F, shiny|100\/100\n|move|p1a: Maui|Dazzling Gleam|p2a: Chansey\n|-damage|p2a: Chansey|84\/100\n|\n|upkeep\n|turn|8\n|\n|t:|1700278104\n|switch|p1a: Shifu|Urshifu-Rapid-Strike, F|41\/100\n|move|p2a: Chansey|Teleport|p2a: Chansey\n|\n|t:|1700278109\n|switch|p2a: Rillaboom|Rillaboom, F|7\/100|[from] Teleport\n|-fieldstart|move: Grassy Terrain|[from] ability: Grassy Surge|[of] p2a: Rillaboom\n|\n|-heal|p1a: Shifu|47\/100|[from] Grassy Terrain\n|-heal|p2a: Rillaboom|13\/100|[from] Grassy Terrain\n|upkeep\n|turn|9\n|\n|t:|1700278117\n|switch|p2a: Alomomola|Alomomola, F, shiny|99\/100\n|move|p1a: Shifu|Aqua Jet|p2a: Alomomola\n|-resisted|p2a: Alomomola\n|-damage|p2a: Alomomola|92\/100\n|-damage|p1a: Shifu|31\/100|[from] item: Rocky Helmet|[of] p2a: Alomomola\n|-damage|p1a: Shifu|21\/100|[from] item: Life Orb\n|\n|-heal|p1a: Shifu|27\/100|[from] Grassy Terrain\n|-heal|p2a: Alomomola|99\/100|[from] Grassy Terrain\n|upkeep\n|turn|10\n|\n|t:|1700278122\n|switch|p1a: Maui|Tapu Koko, shiny|77\/100\n|-fieldstart|move: Electric Terrain|[from] ability: Electric Surge|[of] p1a: Maui\n|move|p2a: Alomomola|Flip Turn|p1a: Maui\n|-damage|p1a: Maui|56\/100\n|\n|t:|1700278124\n|switch|p2a: Rillaboom|Rillaboom, F|13\/100|[from] Flip Turn\n|-fieldstart|move: Grassy Terrain|[from] ability: Grassy Surge|[of] p2a: Rillaboom\n|\n|-heal|p1a: Maui|62\/100|[from] Grassy Terrain\n|-heal|p2a: Rillaboom|19\/100|[from] Grassy Terrain\n|upkeep\n|turn|11\n|\n|t:|1700278135\n|switch|p1a: BUG|Pinsir, F|100\/100\n|move|p2a: Rillaboom|Grassy Glide|p1a: BUG\n|-resisted|p1a: BUG\n|-damage|p1a: BUG|64\/100\n|\n|-heal|p1a: BUG|70\/100|[from] Grassy Terrain\n|-heal|p2a: Rillaboom|25\/100|[from] Grassy Terrain\n|upkeep\n|turn|12\n|\n|t:|1700278143\n|switch|p2a: Landorus|Landorus-Therian, M, shiny|37\/100\n|-ability|p2a: Landorus|Intimidate|boost\n|-fail|p1a: BUG|unboost|Attack|[from] ability: Hyper Cutter|[of] p1a: BUG\n|detailschange|p1a: BUG|Pinsir-Mega, F\n|-mega|p1a: BUG|Pinsir|Pinsirite\n|move|p1a: BUG|Return|p2a: Landorus\n|-damage|p2a: Landorus|0 fnt\n|faint|p2a: Landorus\n|\n|upkeep\n|\n|t:|1700278146\n|switch|p2a: Zapdos|Zapdos-Galar, shiny|100\/100\n|turn|13\n|\n|t:|1700278151\n|switch|p1a: Shifu|Urshifu-Rapid-Strike, F|27\/100\n|-terastallize|p2a: Zapdos|Flying\n|move|p2a: Zapdos|Brave Bird|p1a: Shifu\n|-supereffective|p1a: Shifu\n|-damage|p1a: Shifu|0 fnt\n|faint|p1a: Shifu\n|-damage|p2a: Zapdos|91\/100|[from] Recoil\n|\n|upkeep\n|\n|t:|1700278156\n|switch|p1a: Maui|Tapu Koko, shiny|62\/100\n|-fieldstart|move: Electric Terrain|[from] ability: Electric Surge|[of] p1a: Maui\n|turn|14\n|\n|t:|1700278171\n|switch|p2a: Chansey|Chansey, F, shiny|84\/100\n|move|p1a: Maui|Volt Switch|p2a: Chansey\n|-damage|p2a: Chansey|66\/100\n|\n|t:|1700278180\n|switch|p1a: Perma|Sneasler, F|100\/100|[from] Volt Switch\n|-enditem|p1a: Perma|Electric Seed\n|-boost|p1a: Perma|def|1|[from] item: Electric Seed\n|\n|upkeep\n|turn|15\n|\n|t:|1700278187\n|switch|p2a: Alomomola|Alomomola, F, shiny|100\/100\n|move|p1a: Perma|Swords Dance|p1a: Perma\n|-boost|p1a: Perma|atk|2\n|\n|upkeep\n|turn|16\n|\n|t:|1700278192\n|move|p1a: Perma|Close Combat|p2a: Alomomola\n|-damage|p2a: Alomomola|24\/100\n|-unboost|p1a: Perma|def|1\n|-unboost|p1a: Perma|spd|1\n|-damage|p1a: Perma|84\/100|[from] item: Rocky Helmet|[of] p2a: Alomomola\n|move|p2a: Alomomola|Flip Turn|p1a: Perma\n|-damage|p1a: Perma|54\/100\n|\n|t:|1700278201\n|switch|p2a: Rillaboom|Rillaboom, F|25\/100|[from] Flip Turn\n|-fieldstart|move: Grassy Terrain|[from] ability: Grassy Surge|[of] p2a: Rillaboom\n|\n|-heal|p1a: Perma|60\/100|[from] Grassy Terrain\n|-heal|p2a: Rillaboom|32\/100|[from] Grassy Terrain\n|upkeep\n|turn|17\n|\n|t:|1700278207\n|move|p2a: Rillaboom|Grassy Glide|p1a: Perma\n|-resisted|p1a: Perma\n|-damage|p1a: Perma|12\/100\n|move|p1a: Perma|Dire Claw|p2a: Rillaboom\n|-supereffective|p2a: Rillaboom\n|-damage|p2a: Rillaboom|0 fnt\n|faint|p2a: Rillaboom\n|\n|-heal|p1a: Perma|18\/100|[from] Grassy Terrain\n|upkeep\n|\n|t:|1700278211\n|switch|p2a: Alomomola|Alomomola, F, shiny|57\/100\n|turn|18\n|\n|t:|1700278219\n|move|p1a: Perma|Close Combat|p2a: Alomomola\n|-damage|p2a: Alomomola|0 fnt\n|-unboost|p1a: Perma|def|1\n|-unboost|p1a: Perma|spd|1\n|-damage|p1a: Perma|2\/100|[from] item: Rocky Helmet|[of] p2a: Alomomola\n|faint|p2a: Alomomola\n|\n|-heal|p1a: Perma|8\/100|[from] Grassy Terrain\n|upkeep\n|\n|t:|1700278234\n|switch|p2a: Zapdos|Zapdos-Galar, shiny, tera:Flying|91\/100\n|turn|19\n|\n|t:|1700278239\n|move|p1a: Perma|Dire Claw|p2a: Zapdos\n|-damage|p2a: Zapdos|0 fnt\n|faint|p2a: Zapdos\n|\n|-heal|p1a: Perma|14\/100|[from] Grassy Terrain\n|upkeep\n|c|\u2606GoYouSureYeahGetit|gg\n|-message|GoYouSureYeahGetit forfeited.\n|\n|win|Kira Ignis\n|raw|Kira Ignis's rating: 1592 &rarr; <strong>1609<\/strong><br \/>(+17 for winning)\n|raw|GoYouSureYeahGetit's rating: 1541 &rarr; <strong>1524<\/strong><br \/>(-17 for losing)\n|l|\u2606GoYouSureYeahGetit\n|c|\u2606Kira Ignis|gg\n","uploadtime":1700278258,"views":27,"p1id":"kiraignis","p2id":"goyousureyeahgetit","formatid":"gen9nationaldex","rating":1524,"private":0,"password":""}