{"id":"gen9nationaldex-1990620971","p1":"SkillzBP","p2":"Chili D Dewd","format":"[Gen 9] National Dex","log":"|j|\u2606SkillzBP\n|j|\u2606Chili D Dewd\n|t:|1699986370\n|gametype|singles\n|player|p1|SkillzBP|hau|1654\n|player|p2|Chili D Dewd|flint|1473\n|teamsize|p1|6\n|teamsize|p2|6\n|gen|9\n|tier|[Gen 9] National Dex\n|rated|\n|rule|HP Percentage Mod: HP is shown in percentages\n|rule|Endless Battle Clause: Forcing endless battles is banned\n|rule|OHKO Clause: OHKO moves are banned\n|rule|Evasion Clause: Evasion abilities, items, and moves are banned\n|rule|Evasion Abilities Clause: Evasion abilities are banned\n|rule|Evasion Items Clause: Evasion items are banned\n|rule|Evasion Moves Clause: Evasion moves are banned\n|rule|Species Clause: Limit one of each Pok\u00e9mon\n|rule|Sleep Clause Mod: Limit one foe put to sleep\n|clearpoke\n|poke|p1|Glimmora, F|\n|poke|p1|Heatran, M|\n|poke|p1|Sneasler, F|\n|poke|p1|Rotom-Wash|\n|poke|p1|Rillaboom, M|\n|poke|p1|Charizard, M|\n|poke|p2|Sableye, F|\n|poke|p2|Dondozo, M|\n|poke|p2|Clodsire, M|\n|poke|p2|Chansey, F|\n|poke|p2|Skarmory, F|\n|poke|p2|Clefable, M|\n|teampreview\n|inactive|Battle timer is ON: inactive players will automatically lose when time's up. (requested by SkillzBP)\n|\n|t:|1699986390\n|start\n|switch|p1a: Blood Moon|Heatran, M|100\/100\n|switch|p2a: Sableye|Sableye, F|100\/100\n|turn|1\n|\n|t:|1699986394\n|detailschange|p2a: Sableye|Sableye-Mega, F\n|-mega|p2a: Sableye|Sableye|Sablenite\n|move|p2a: Sableye|Protect|p2a: Sableye\n|-singleturn|p2a: Sableye|Protect\n|move|p1a: Blood Moon|Magma Storm|p2a: Sableye\n|-activate|p2a: Sableye|move: Protect\n|\n|upkeep\n|turn|2\n|\n|t:|1699986401\n|switch|p1a: The Zardinator|Charizard, M|100\/100\n|switch|p2a: Clodsire|Clodsire, M|100\/100\n|\n|upkeep\n|turn|3\n|\n|t:|1699986413\n|switch|p1a: hey check this out|Glimmora, F|100\/100\n|move|p2a: Clodsire|Stealth Rock|p1a: hey check this out\n|-sidestart|p1: SkillzBP|move: Stealth Rock\n|\n|upkeep\n|turn|4\n|\n|t:|1699986417\n|move|p1a: hey check this out|Mortal Spin|p2a: Clodsire\n|-resisted|p2a: Clodsire\n|-damage|p2a: Clodsire|99\/100\n|-sideend|p1: SkillzBP|Stealth Rock|[from] move: Mortal Spin|[of] p1a: hey check this out\n|move|p2a: Clodsire|Earthquake|p1a: hey check this out\n|-supereffective|p1a: hey check this out\n|-enditem|p1a: hey check this out|Focus Sash\n|-damage|p1a: hey check this out|1\/100\n|-activate|p1a: hey check this out|ability: Toxic Debris\n|-sidestart|p2: Chili D Dewd|move: Toxic Spikes\n|\n|upkeep\n|turn|5\n|\n|t:|1699986424\n|move|p1a: hey check this out|Stealth Rock|p2a: Clodsire\n|-sidestart|p2: Chili D Dewd|move: Stealth Rock\n|move|p2a: Clodsire|Earthquake|p1a: hey check this out\n|-supereffective|p1a: hey check this out\n|-damage|p1a: hey check this out|0 fnt\n|-activate|p1a: hey check this out|ability: Toxic Debris\n|-sidestart|p2: Chili D Dewd|move: Toxic Spikes\n|faint|p1a: hey check this out\n|\n|upkeep\n|\n|t:|1699986428\n|switch|p1a: Terrain Up?|Rillaboom, M|100\/100\n|-fieldstart|move: Grassy Terrain|[from] ability: Grassy Surge|[of] p1a: Terrain Up?\n|turn|6\n|\n|t:|1699986432\n|switch|p2a: Skarmory|Skarmory, F|100\/100\n|-damage|p2a: Skarmory|88\/100|[from] Stealth Rock\n|move|p1a: Terrain Up?|U-turn|p2a: Skarmory\n|-resisted|p2a: Skarmory\n|-damage|p2a: Skarmory|83\/100\n|-damage|p1a: Terrain Up?|84\/100|[from] item: Rocky Helmet|[of] p2a: Skarmory\n|-damage|p1a: Terrain Up?|74\/100|[from] item: Life Orb\n|\n|t:|1699986444\n|switch|p1a: Blood Moon|Heatran, M|100\/100|[from] U-turn\n|\n|upkeep\n|turn|7\n|\n|t:|1699986447\n|switch|p2a: Clodsire|Clodsire, M|99\/100\n|-sideend|p2: Chili D Dewd|move: Toxic Spikes|[of] p2a: Clodsire\n|move|p1a: Blood Moon|Magma Storm|p2a: Clodsire\n|-damage|p2a: Clodsire|67\/100\n|-activate|p2a: Clodsire|move: Magma Storm|[of] p1a: Blood Moon\n|\n|-heal|p2a: Clodsire|73\/100|[from] Grassy Terrain\n|-damage|p2a: Clodsire|60\/100|[from] move: Magma Storm|[partiallytrapped]\n|upkeep\n|turn|8\n|\n|t:|1699986462\n|move|p1a: Blood Moon|Earth Power|p2a: Clodsire\n|-supereffective|p2a: Clodsire\n|-damage|p2a: Clodsire|22\/100\n|move|p2a: Clodsire|Recover|p2a: Clodsire\n|-heal|p2a: Clodsire|72\/100\n|\n|-heal|p2a: Clodsire|78\/100|[from] Grassy Terrain\n|-damage|p2a: Clodsire|65\/100|[from] move: Magma Storm|[partiallytrapped]\n|upkeep\n|turn|9\n|inactive|SkillzBP has 120 seconds left.\n|\n|t:|1699986494\n|move|p1a: Blood Moon|Earth Power|p2a: Clodsire\n|-supereffective|p2a: Clodsire\n|-damage|p2a: Clodsire|26\/100\n|move|p2a: Clodsire|Recover|p2a: Clodsire\n|-heal|p2a: Clodsire|76\/100\n|\n|-heal|p2a: Clodsire|82\/100|[from] Grassy Terrain\n|-damage|p2a: Clodsire|69\/100|[from] move: Magma Storm|[partiallytrapped]\n|upkeep\n|turn|10\n|\n|t:|1699986500\n|-terastallize|p2a: Clodsire|Dark\n|move|p1a: Blood Moon|Earth Power|p2a: Clodsire\n|-damage|p2a: Clodsire|50\/100\n|move|p2a: Clodsire|Stealth Rock|p1a: Blood Moon\n|-sidestart|p1: SkillzBP|move: Stealth Rock\n|\n|-heal|p2a: Clodsire|56\/100|[from] Grassy Terrain\n|-damage|p2a: Clodsire|43\/100|[from] move: Magma Storm|[partiallytrapped]\n|-fieldend|move: Grassy Terrain\n|upkeep\n|turn|11\n|inactive|SkillzBP has 120 seconds left.\n|\n|t:|1699986523\n|switch|p1a: Knock Off Ghold|Rotom-Wash|100\/100\n|-damage|p1a: Knock Off Ghold|88\/100|[from] Stealth Rock\n|move|p2a: Clodsire|Recover|p2a: Clodsire\n|-heal|p2a: Clodsire|93\/100\n|\n|-end|p2a: Clodsire|Magma Storm|[partiallytrapped]\n|upkeep\n|turn|12\n|inactive|SkillzBP has 120 seconds left.\n|\n|t:|1699986531\n|switch|p2a: Clefable|Clefable, M|100\/100\n|move|p1a: Knock Off Ghold|Volt Switch|p2a: Clefable\n|-damage|p2a: Clefable|74\/100\n|inactive|SkillzBP has 120 seconds left.\n|\n|t:|1699986555\n|switch|p1a: Blood Moon|Heatran, M|100\/100|[from] Volt Switch\n|-damage|p1a: Blood Moon|88\/100|[from] Stealth Rock\n|\n|-heal|p2a: Clefable|80\/100|[from] item: Leftovers\n|upkeep\n|turn|13\n|\n|t:|1699986578\n|switch|p2a: Clodsire|Clodsire, M, tera:Dark|93\/100\n|move|p1a: Blood Moon|Magma Storm|p2a: Clodsire|[miss]\n|-miss|p1a: Blood Moon|p2a: Clodsire\n|\n|upkeep\n|turn|14\n|\n|t:|1699986585\n|switch|p1a: Knock Off Ghold|Rotom-Wash|88\/100\n|-damage|p1a: Knock Off Ghold|76\/100|[from] Stealth Rock\n|move|p2a: Clodsire|Earthquake|p1a: Knock Off Ghold\n|-immune|p1a: Knock Off Ghold|[from] ability: Levitate\n|\n|upkeep\n|turn|15\n|\n|t:|1699986592\n|move|p1a: Knock Off Ghold|Trick|p2a: Clodsire\n|-activate|p1a: Knock Off Ghold|move: Trick|[of] p2a: Clodsire\n|-item|p2a: Clodsire|Choice Scarf|[from] move: Trick\n|-item|p1a: Knock Off Ghold|Heavy-Duty Boots|[from] move: Trick\n|move|p2a: Clodsire|Toxic|p1a: Knock Off Ghold\n|-status|p1a: Knock Off Ghold|tox\n|\n|-damage|p1a: Knock Off Ghold|69\/100 tox|[from] psn\n|upkeep\n|turn|16\n|\n|t:|1699986599\n|move|p1a: Knock Off Ghold|Volt Switch|p2a: Clodsire\n|-damage|p2a: Clodsire|76\/100\n|\n|t:|1699986604\n|switch|p1a: U know the vibes\ud83d\udd25|Sneasler, F|100\/100|[from] Volt Switch\n|-damage|p1a: U know the vibes\ud83d\udd25|95\/100|[from] Stealth Rock\n|move|p2a: Clodsire|Toxic|p1a: U know the vibes\ud83d\udd25|[miss]\n|-miss|p2a: Clodsire|p1a: U know the vibes\ud83d\udd25\n|\n|upkeep\n|turn|17\n|\n|t:|1699986613\n|switch|p2a: Dondozo|Dondozo, M|100\/100\n|-damage|p2a: Dondozo|88\/100|[from] Stealth Rock\n|move|p1a: U know the vibes\ud83d\udd25|Swords Dance|p1a: U know the vibes\ud83d\udd25\n|-boost|p1a: U know the vibes\ud83d\udd25|atk|2\n|\n|-heal|p2a: Dondozo|94\/100|[from] item: Leftovers\n|upkeep\n|turn|18\n|\n|t:|1699986617\n|move|p1a: U know the vibes\ud83d\udd25|Dire Claw|p2a: Dondozo\n|-damage|p2a: Dondozo|72\/100\n|move|p2a: Dondozo|Liquidation|p1a: U know the vibes\ud83d\udd25\n|-damage|p1a: U know the vibes\ud83d\udd25|45\/100\n|\n|-heal|p2a: Dondozo|78\/100|[from] item: Leftovers\n|upkeep\n|turn|19\n|\n|t:|1699986625\n|switch|p1a: Terrain Up?|Rillaboom, M|74\/100\n|-damage|p1a: Terrain Up?|62\/100|[from] Stealth Rock\n|-fieldstart|move: Grassy Terrain|[from] ability: Grassy Surge|[of] p1a: Terrain Up?\n|move|p2a: Dondozo|Curse|p2a: Dondozo\n|-unboost|p2a: Dondozo|spe|1\n|-boost|p2a: Dondozo|atk|1\n|-boost|p2a: Dondozo|def|1\n|\n|-heal|p1a: Terrain Up?|68\/100|[from] Grassy Terrain\n|-heal|p2a: Dondozo|84\/100|[from] Grassy Terrain\n|-heal|p2a: Dondozo|91\/100|[from] item: Leftovers\n|upkeep\n|turn|20\n|\n|t:|1699986630\n|switch|p2a: Skarmory|Skarmory, F|83\/100\n|-damage|p2a: Skarmory|71\/100|[from] Stealth Rock\n|move|p1a: Terrain Up?|Wood Hammer|p2a: Skarmory\n|-resisted|p2a: Skarmory\n|-damage|p2a: Skarmory|55\/100\n|-damage|p1a: Terrain Up?|51\/100|[from] item: Rocky Helmet|[of] p2a: Skarmory\n|-damage|p1a: Terrain Up?|47\/100|[from] Recoil\n|-damage|p1a: Terrain Up?|37\/100|[from] item: Life Orb\n|\n|-heal|p1a: Terrain Up?|43\/100|[from] Grassy Terrain\n|upkeep\n|turn|21\n|inactive|SkillzBP has 120 seconds left.\n|\n|t:|1699986656\n|switch|p1a: U know the vibes\ud83d\udd25|Sneasler, F|45\/100\n|-damage|p1a: U know the vibes\ud83d\udd25|39\/100|[from] Stealth Rock\n|-enditem|p1a: U know the vibes\ud83d\udd25|Grassy Seed\n|-boost|p1a: U know the vibes\ud83d\udd25|def|1|[from] item: Grassy Seed\n|move|p2a: Skarmory|Roost|p2a: Skarmory\n|-heal|p2a: Skarmory|100\/100\n|-singleturn|p2a: Skarmory|move: Roost\n|\n|-heal|p1a: U know the vibes\ud83d\udd25|45\/100|[from] Grassy Terrain\n|upkeep\n|turn|22\n|\n|t:|1699986664\n|move|p1a: U know the vibes\ud83d\udd25|Swords Dance|p1a: U know the vibes\ud83d\udd25\n|-boost|p1a: U know the vibes\ud83d\udd25|atk|2\n|move|p2a: Skarmory|Iron Defense|p2a: Skarmory\n|-boost|p2a: Skarmory|def|2\n|\n|-heal|p1a: U know the vibes\ud83d\udd25|51\/100|[from] Grassy Terrain\n|upkeep\n|turn|23\n|c|\u2606Chili D Dewd|Wrong call\n|inactive|SkillzBP has 120 seconds left.\n|c|\u2606SkillzBP|ma fault gang i literally barely play against stall \ud83d\ude2d\n|\n|t:|1699986709\n|switch|p1a: Knock Off Ghold|Rotom-Wash|69\/100 tox\n|move|p2a: Skarmory|Body Press|p1a: Knock Off Ghold\n|-damage|p1a: Knock Off Ghold|0 fnt\n|faint|p1a: Knock Off Ghold\n|\n|-fieldend|move: Grassy Terrain\n|upkeep\n|\n|t:|1699986716\n|switch|p1a: Blood Moon|Heatran, M|88\/100\n|-damage|p1a: Blood Moon|76\/100|[from] Stealth Rock\n|turn|24\n|c|\u2606Chili D Dewd|Well u better prep for it lad, cuz stall is back...\n|\n|t:|1699986744\n|switch|p2a: Clodsire|Clodsire, M, tera:Dark|76\/100\n|-damage|p2a: Clodsire|63\/100|[from] Stealth Rock\n|move|p1a: Blood Moon|Magma Storm|p2a: Clodsire\n|-damage|p2a: Clodsire|32\/100\n|-activate|p2a: Clodsire|move: Magma Storm|[of] p1a: Blood Moon\n|\n|-damage|p2a: Clodsire|19\/100|[from] move: Magma Storm|[partiallytrapped]\n|upkeep\n|turn|25\n|inactive|SkillzBP has 90 seconds left.\n|c|\u2606SkillzBP|ykw i might because stall killing me on the inside\n|\n|t:|1699986778\n|move|p1a: Blood Moon|Magma Storm|p2a: Clodsire\n|-damage|p2a: Clodsire|0 fnt\n|faint|p2a: Clodsire\n|\n|upkeep\n|\n|t:|1699986781\n|switch|p2a: Chansey|Chansey, F|100\/100\n|-damage|p2a: Chansey|88\/100|[from] Stealth Rock\n|turn|26\n|\n|t:|1699986784\n|move|p1a: Blood Moon|Magma Storm|p2a: Chansey\n|-damage|p2a: Chansey|71\/100\n|-activate|p2a: Chansey|move: Magma Storm|[of] p1a: Blood Moon\n|move|p2a: Chansey|Seismic Toss|p1a: Blood Moon\n|-damage|p1a: Blood Moon|50\/100\n|\n|-damage|p2a: Chansey|58\/100|[from] move: Magma Storm|[partiallytrapped]\n|upkeep\n|turn|27\n|\n|t:|1699986790\n|move|p1a: Blood Moon|Earth Power|p2a: Chansey\n|-damage|p2a: Chansey|47\/100\n|move|p2a: Chansey|Seismic Toss|p1a: Blood Moon\n|-damage|p1a: Blood Moon|24\/100\n|\n|-damage|p2a: Chansey|35\/100|[from] move: Magma Storm|[partiallytrapped]\n|upkeep\n|turn|28\n|\n|t:|1699986803\n|move|p1a: Blood Moon|Magma Storm|p2a: Chansey\n|-damage|p2a: Chansey|16\/100\n|move|p2a: Chansey|Soft-Boiled|p2a: Chansey\n|-heal|p2a: Chansey|66\/100\n|\n|-damage|p2a: Chansey|54\/100|[from] move: Magma Storm|[partiallytrapped]\n|upkeep\n|turn|29\n|\n|t:|1699986807\n|move|p1a: Blood Moon|Magma Storm|p2a: Chansey\n|-damage|p2a: Chansey|34\/100\n|move|p2a: Chansey|Seismic Toss|p1a: Blood Moon\n|-damage|p1a: Blood Moon|0 fnt\n|faint|p1a: Blood Moon\n|\n|-end|p2a: Chansey|Magma Storm|[partiallytrapped]|[silent]\n|upkeep\n|\n|t:|1699986814\n|switch|p1a: The Zardinator|Charizard, M|100\/100\n|-damage|p1a: The Zardinator|51\/100|[from] Stealth Rock\n|turn|30\n|\n|t:|1699986816\n|detailschange|p1a: The Zardinator|Charizard-Mega-Y, M\n|-mega|p1a: The Zardinator|Charizard|Charizardite Y\n|-weather|SunnyDay|[from] ability: Drought|[of] p1a: The Zardinator\n|move|p1a: The Zardinator|Weather Ball|p2a: Chansey\n|-crit|p2a: Chansey\n|-damage|p2a: Chansey|0 fnt\n|faint|p2a: Chansey\n|\n|-weather|SunnyDay|[upkeep]\n|upkeep\n|\n|t:|1699986833\n|switch|p2a: Clefable|Clefable, M|80\/100\n|turn|31\n|\n|t:|1699986838\n|move|p1a: The Zardinator|Weather Ball|p2a: Clefable\n|-damage|p2a: Clefable|3\/100\n|move|p2a: Clefable|Toxic|p1a: The Zardinator\n|-status|p1a: The Zardinator|tox\n|\n|-weather|SunnyDay|[upkeep]\n|-heal|p2a: Clefable|9\/100|[from] item: Leftovers\n|-damage|p1a: The Zardinator|45\/100 tox|[from] psn\n|upkeep\n|turn|32\n|\n|t:|1699986844\n|move|p1a: The Zardinator|Weather Ball|p2a: Clefable\n|-damage|p2a: Clefable|0 fnt\n|faint|p2a: Clefable\n|\n|-weather|SunnyDay|[upkeep]\n|-damage|p1a: The Zardinator|32\/100 tox|[from] psn\n|upkeep\n|\n|t:|1699986847\n|switch|p2a: Sableye|Sableye-Mega, F|100\/100\n|-damage|p2a: Sableye|88\/100|[from] Stealth Rock\n|turn|33\n|\n|t:|1699986850\n|move|p1a: The Zardinator|Weather Ball|p2a: Sableye\n|-damage|p2a: Sableye|9\/100\n|move|p2a: Sableye|Knock Off|p1a: The Zardinator\n|-damage|p1a: The Zardinator|5\/100 tox\n|\n|-weather|SunnyDay|[upkeep]\n|-damage|p1a: The Zardinator|0 fnt|[from] psn\n|faint|p1a: The Zardinator\n|upkeep\n|\n|t:|1699986857\n|switch|p1a: Terrain Up?|Rillaboom, M|43\/100\n|-damage|p1a: Terrain Up?|31\/100|[from] Stealth Rock\n|-fieldstart|move: Grassy Terrain|[from] ability: Grassy Surge|[of] p1a: Terrain Up?\n|turn|34\n|\n|t:|1699986862\n|move|p2a: Sableye|Protect|p2a: Sableye\n|-singleturn|p2a: Sableye|Protect\n|move|p1a: Terrain Up?|Grassy Glide|p2a: Sableye\n|-activate|p2a: Sableye|move: Protect\n|\n|-weather|none\n|-heal|p1a: Terrain Up?|37\/100|[from] Grassy Terrain\n|-heal|p2a: Sableye|15\/100|[from] Grassy Terrain\n|upkeep\n|turn|35\n|\n|t:|1699986869\n|switch|p2a: Skarmory|Skarmory, F|100\/100\n|-damage|p2a: Skarmory|88\/100|[from] Stealth Rock\n|move|p1a: Terrain Up?|Grassy Glide|p2a: Skarmory\n|-resisted|p2a: Skarmory\n|-damage|p2a: Skarmory|80\/100\n|-damage|p1a: Terrain Up?|21\/100|[from] item: Rocky Helmet|[of] p2a: Skarmory\n|-damage|p1a: Terrain Up?|11\/100|[from] item: Life Orb\n|\n|-heal|p1a: Terrain Up?|17\/100|[from] Grassy Terrain\n|upkeep\n|turn|36\n|\n|t:|1699986874\n|move|p1a: Terrain Up?|Wood Hammer|p2a: Skarmory\n|-resisted|p2a: Skarmory\n|-damage|p2a: Skarmory|63\/100\n|-damage|p1a: Terrain Up?|0 fnt|[from] item: Rocky Helmet|[of] p2a: Skarmory\n|faint|p1a: Terrain Up?\n|move|p2a: Skarmory|Iron Defense|p2a: Skarmory\n|-boost|p2a: Skarmory|def|2\n|\n|upkeep\n|c|\u2606Chili D Dewd|Gg\n|\n|t:|1699986878\n|switch|p1a: U know the vibes\ud83d\udd25|Sneasler, F|51\/100\n|-damage|p1a: U know the vibes\ud83d\udd25|45\/100|[from] Stealth Rock\n|turn|37\n|\n|t:|1699986879\n|move|p1a: U know the vibes\ud83d\udd25|Swords Dance|p1a: U know the vibes\ud83d\udd25\n|-boost|p1a: U know the vibes\ud83d\udd25|atk|2\n|move|p2a: Skarmory|Roost|p2a: Skarmory\n|-heal|p2a: Skarmory|100\/100\n|-singleturn|p2a: Skarmory|move: Roost\n|\n|-heal|p1a: U know the vibes\ud83d\udd25|51\/100|[from] Grassy Terrain\n|upkeep\n|turn|38\n|\n|t:|1699986881\n|move|p1a: U know the vibes\ud83d\udd25|Close Combat|p2a: Skarmory\n|-damage|p2a: Skarmory|54\/100\n|-unboost|p1a: U know the vibes\ud83d\udd25|def|1\n|-unboost|p1a: U know the vibes\ud83d\udd25|spd|1\n|-damage|p1a: U know the vibes\ud83d\udd25|34\/100|[from] item: Rocky Helmet|[of] p2a: Skarmory\n|move|p2a: Skarmory|Iron Defense|p2a: Skarmory\n|-boost|p2a: Skarmory|def|2\n|\n|-heal|p1a: U know the vibes\ud83d\udd25|40\/100|[from] Grassy Terrain\n|-fieldend|move: Grassy Terrain\n|upkeep\n|turn|39\n|\n|t:|1699986883\n|move|p1a: U know the vibes\ud83d\udd25|Close Combat|p2a: Skarmory\n|-damage|p2a: Skarmory|27\/100\n|-unboost|p1a: U know the vibes\ud83d\udd25|def|1\n|-unboost|p1a: U know the vibes\ud83d\udd25|spd|1\n|-damage|p1a: U know the vibes\ud83d\udd25|23\/100|[from] item: Rocky Helmet|[of] p2a: Skarmory\n|move|p2a: Skarmory|Iron Defense|p2a: Skarmory\n|-boost|p2a: Skarmory|def|2\n|\n|upkeep\n|turn|40\n|\n|t:|1699986885\n|move|p1a: U know the vibes\ud83d\udd25|Close Combat|p2a: Skarmory\n|-damage|p2a: Skarmory|6\/100\n|-unboost|p1a: U know the vibes\ud83d\udd25|def|1\n|-unboost|p1a: U know the vibes\ud83d\udd25|spd|1\n|-damage|p1a: U know the vibes\ud83d\udd25|7\/100|[from] item: Rocky Helmet|[of] p2a: Skarmory\n|move|p2a: Skarmory|Roost|p2a: Skarmory\n|-heal|p2a: Skarmory|56\/100\n|-singleturn|p2a: Skarmory|move: Roost\n|\n|upkeep\n|turn|41\n|\n|t:|1699986887\n|move|p1a: U know the vibes\ud83d\udd25|Close Combat|p2a: Skarmory\n|-damage|p2a: Skarmory|34\/100\n|-unboost|p1a: U know the vibes\ud83d\udd25|def|1\n|-unboost|p1a: U know the vibes\ud83d\udd25|spd|1\n|-damage|p1a: U know the vibes\ud83d\udd25|0 fnt|[from] item: Rocky Helmet|[of] p2a: Skarmory\n|faint|p1a: U know the vibes\ud83d\udd25\n|\n|win|Chili D Dewd\n|raw|SkillzBP's rating: 1654 &rarr; <strong>1624<\/strong><br \/>(-30 for losing)\n|raw|Chili D Dewd's rating: 1473 &rarr; <strong>1503<\/strong><br \/>(+30 for winning)\n|c|\u2606SkillzBP|gg\n|l|\u2606SkillzBP\n","uploadtime":1699986896,"views":4,"p1id":"skillzbp","p2id":"chiliddewd","formatid":"gen9nationaldex","rating":1503,"private":0,"password":""}