{"id":"gen9nationaldex-1991699458","p1":"Buttersthedog9574","p2":"Dumbgimmic.png","format":"[Gen 9] National Dex","log":"|j|\u2606Buttersthedog9574\n|j|\u2606Dumbgimmic.png\n|t:|1700104135\n|gametype|singles\n|player|p1|Buttersthedog9574|pokemaniac|1065\n|player|p2|Dumbgimmic.png|lady-gen4|1156\n|teamsize|p1|6\n|teamsize|p2|6\n|gen|9\n|tier|[Gen 9] National Dex\n|rated|\n|rule|HP Percentage Mod: HP is shown in percentages\n|rule|Endless Battle Clause: Forcing endless battles is banned\n|rule|OHKO Clause: OHKO moves are banned\n|rule|Evasion Clause: Evasion abilities, items, and moves are banned\n|rule|Evasion Abilities Clause: Evasion abilities are banned\n|rule|Evasion Items Clause: Evasion items are banned\n|rule|Evasion Moves Clause: Evasion moves are banned\n|rule|Species Clause: Limit one of each Pok\u00e9mon\n|rule|Sleep Clause Mod: Limit one foe put to sleep\n|clearpoke\n|poke|p1|Sandaconda, F|\n|poke|p1|Scrafty, M|\n|poke|p1|Talonflame, M|\n|poke|p1|Revavroom, F|\n|poke|p1|Cursola, M|\n|poke|p1|Shiinotic, M|\n|poke|p2|Swoobat, M|\n|poke|p2|Florges, F|\n|poke|p2|Luvdisc, M|\n|poke|p2|Iron Valiant|\n|poke|p2|Diancie|\n|poke|p2|Manaphy|\n|teampreview\n|\n|t:|1700104160\n|start\n|switch|p1a: Revavroom|Revavroom, F|100\/100\n|switch|p2a: Iron Valiant|Iron Valiant|100\/100\n|-enditem|p2a: Iron Valiant|Booster Energy\n|-activate|p2a: Iron Valiant|ability: Quark Drive|[fromitem]\n|-start|p2a: Iron Valiant|quarkdrivespe\n|turn|1\n|\n|t:|1700104169\n|switch|p1a: Cursola|Cursola, M, shiny|100\/100\n|move|p2a: Iron Valiant|Close Combat|p1a: Cursola\n|-immune|p1a: Cursola\n|\n|upkeep\n|turn|2\n|\n|t:|1700104176\n|move|p2a: Iron Valiant|Spirit Break|p1a: Cursola\n|-damage|p1a: Cursola|34\/100\n|-unboost|p1a: Cursola|spa|1\n|-ability|p1a: Cursola|Perish Body\n|move|p1a: Cursola|Will-O-Wisp|p2a: Iron Valiant\n|-status|p2a: Iron Valiant|brn\n|\n|-damage|p2a: Iron Valiant|95\/100 brn|[from] brn\n|-start|p2a: Iron Valiant|perish3\n|-start|p1a: Cursola|perish3\n|upkeep\n|turn|3\n|\n|t:|1700104189\n|switch|p1a: Revavroom|Revavroom, F|100\/100\n|move|p2a: Iron Valiant|Spirit Break|p1a: Revavroom\n|-resisted|p1a: Revavroom\n|-damage|p1a: Revavroom|95\/100\n|-unboost|p1a: Revavroom|spa|1\n|\n|-damage|p2a: Iron Valiant|89\/100 brn|[from] brn\n|-start|p2a: Iron Valiant|perish2\n|upkeep\n|turn|4\n|\n|t:|1700104201\n|-end|p2a: Iron Valiant|Quark Drive|[silent]\n|switch|p2a: Manaphy|Manaphy|100\/100\n|move|p1a: Revavroom|Shift Gear|p1a: Revavroom\n|-boost|p1a: Revavroom|spe|2\n|-boost|p1a: Revavroom|atk|1\n|\n|upkeep\n|turn|5\n|\n|t:|1700104208\n|move|p1a: Revavroom|Shift Gear|p1a: Revavroom\n|-boost|p1a: Revavroom|spe|2\n|-boost|p1a: Revavroom|atk|1\n|move|p2a: Manaphy|Heart Swap|p1a: Revavroom\n|-swapboost|p2a: Manaphy|p1a: Revavroom|[from] move: Heart Swap\n|\n|upkeep\n|turn|6\n|\n|t:|1700104216\n|move|p2a: Manaphy|Rain Dance|p2a: Manaphy\n|-weather|RainDance\n|move|p1a: Revavroom|Gunk Shot|p2a: Manaphy\n|-damage|p2a: Manaphy|33\/100\n|-status|p2a: Manaphy|psn\n|-damage|p1a: Revavroom|85\/100|[from] item: Life Orb\n|\n|-weather|RainDance|[upkeep]\n|-activate|p2a: Manaphy|ability: Hydration\n|-curestatus|p2a: Manaphy|psn|[msg]\n|upkeep\n|turn|7\n|\n|t:|1700104227\n|-zpower|p2a: Manaphy\n|move|p2a: Manaphy|Hydro Vortex|p1a: Revavroom|[zeffect]\n|-damage|p1a: Revavroom|0 fnt\n|faint|p1a: Revavroom\n|\n|-weather|RainDance|[upkeep]\n|upkeep\n|\n|t:|1700104235\n|switch|p1a: Cursola|Cursola, M, shiny|34\/100\n|turn|8\n|\n|t:|1700104242\n|move|p2a: Manaphy|Rest|p2a: Manaphy\n|-status|p2a: Manaphy|slp|[from] move: Rest\n|-heal|p2a: Manaphy|100\/100 slp|[silent]\n|move|p1a: Cursola|Hydro Pump|p2a: Manaphy\n|-resisted|p2a: Manaphy\n|-damage|p2a: Manaphy|77\/100 slp\n|-heal|p1a: Cursola|38\/100|[from] item: Shell Bell|[of] p2a: Manaphy\n|\n|-weather|RainDance|[upkeep]\n|-activate|p2a: Manaphy|ability: Hydration\n|-curestatus|p2a: Manaphy|slp|[msg]\n|upkeep\n|turn|9\n|\n|t:|1700104254\n|move|p2a: Manaphy|Heart Swap|p1a: Cursola\n|-swapboost|p2a: Manaphy|p1a: Cursola|[from] move: Heart Swap\n|move|p1a: Cursola|Strength Sap|p2a: Manaphy\n|-unboost|p2a: Manaphy|atk|1\n|-heal|p1a: Cursola|100\/100\n|\n|-weather|RainDance|[upkeep]\n|upkeep\n|turn|10\n|\n|t:|1700104266\n|move|p1a: Cursola|Hydro Pump|p2a: Manaphy\n|-resisted|p2a: Manaphy\n|-damage|p2a: Manaphy|64\/100\n|move|p2a: Manaphy|Hydro Pump|p1a: Cursola|[miss]\n|-miss|p2a: Manaphy|p1a: Cursola\n|\n|-weather|none\n|upkeep\n|turn|11\n|\n|t:|1700104274\n|move|p1a: Cursola|Will-O-Wisp|p2a: Manaphy\n|-status|p2a: Manaphy|brn\n|move|p2a: Manaphy|Rain Dance|p2a: Manaphy\n|-weather|RainDance\n|\n|-weather|RainDance|[upkeep]\n|-activate|p2a: Manaphy|ability: Hydration\n|-curestatus|p2a: Manaphy|brn|[msg]\n|upkeep\n|turn|12\n|\n|t:|1700104284\n|move|p1a: Cursola|Hydro Pump|p2a: Manaphy|[miss]\n|-miss|p1a: Cursola|p2a: Manaphy\n|move|p2a: Manaphy|Hydro Pump|p1a: Cursola\n|-damage|p1a: Cursola|57\/100\n|\n|-weather|RainDance|[upkeep]\n|upkeep\n|turn|13\n|\n|t:|1700104292\n|move|p1a: Cursola|Strength Sap|p2a: Manaphy\n|-unboost|p2a: Manaphy|atk|1\n|-heal|p1a: Cursola|99\/100\n|move|p2a: Manaphy|Hydro Pump|p1a: Cursola|[miss]\n|-miss|p2a: Manaphy|p1a: Cursola\n|\n|-weather|RainDance|[upkeep]\n|upkeep\n|turn|14\n|\n|t:|1700104301\n|switch|p1a: Shiinotic|Shiinotic, M|100\/100\n|move|p2a: Manaphy|Hydro Pump|p1a: Shiinotic\n|-resisted|p1a: Shiinotic\n|-damage|p1a: Shiinotic|77\/100\n|\n|-weather|RainDance|[upkeep]\n|upkeep\n|turn|15\n|\n|t:|1700104316\n|switch|p2a: Iron Valiant|Iron Valiant|89\/100 brn\n|move|p1a: Shiinotic|Substitute|p1a: Shiinotic\n|-start|p1a: Shiinotic|Substitute\n|-damage|p1a: Shiinotic|52\/100\n|\n|-weather|none\n|-damage|p2a: Iron Valiant|83\/100 brn|[from] brn\n|upkeep\n|turn|16\n|\n|t:|1700104325\n|move|p2a: Iron Valiant|Encore|p1a: Shiinotic\n|-start|p1a: Shiinotic|Encore\n|move|p1a: Shiinotic|Substitute|p1a: Shiinotic\n|-fail|p1a: Shiinotic|move: Substitute\n|\n|-damage|p2a: Iron Valiant|77\/100 brn|[from] brn\n|upkeep\n|turn|17\n|\n|t:|1700104333\n|-end|p2a: Iron Valiant|Quark Drive|[silent]\n|switch|p2a: Diancie|Diancie|100\/100\n|move|p1a: Shiinotic|Substitute|p1a: Shiinotic\n|-fail|p1a: Shiinotic|move: Substitute\n|\n|upkeep\n|turn|18\n|\n|t:|1700104338\n|move|p2a: Diancie|Heal Bell|p2a: Diancie\n|-activate|p2a: Diancie|move: Heal Bell\n|-curestatus|p2: Iron Valiant|brn|[msg]\n|move|p1a: Shiinotic|Substitute|p1a: Shiinotic\n|-fail|p1a: Shiinotic|move: Substitute\n|\n|-end|p1a: Shiinotic|Encore\n|upkeep\n|turn|19\n|\n|t:|1700104347\n|detailschange|p2a: Diancie|Diancie-Mega\n|-mega|p2a: Diancie|Diancie|Diancite\n|move|p2a: Diancie|Encore|p1a: Shiinotic\n|-start|p1a: Shiinotic|Encore\n|move|p1a: Shiinotic|Substitute|p1a: Shiinotic\n|-fail|p1a: Shiinotic|move: Substitute\n|\n|upkeep\n|turn|20\n|\n|t:|1700104354\n|move|p2a: Diancie|Sharpen|p2a: Diancie\n|-boost|p2a: Diancie|atk|1\n|move|p1a: Shiinotic|Substitute|p1a: Shiinotic\n|-fail|p1a: Shiinotic|move: Substitute\n|\n|upkeep\n|turn|21\n|\n|t:|1700104360\n|move|p2a: Diancie|Diamond Storm|p1a: Shiinotic\n|-end|p1a: Shiinotic|Substitute\n|-boost|p2a: Diancie|def|2\n|move|p1a: Shiinotic|Substitute|p1a: Shiinotic\n|-start|p1a: Shiinotic|Substitute\n|-damage|p1a: Shiinotic|27\/100\n|\n|-end|p1a: Shiinotic|Encore\n|upkeep\n|turn|22\n|\n|t:|1700104375\n|switch|p1a: Talonflame|Talonflame, M|100\/100\n|move|p2a: Diancie|Encore||[still]\n|-fail|p2a: Diancie\n|\n|upkeep\n|turn|23\n|\n|t:|1700104381\n|move|p1a: Talonflame|U-turn|p2a: Diancie\n|-resisted|p2a: Diancie\n|-damage|p2a: Diancie|94\/100\n|\n|t:|1700104387\n|switch|p1a: Sandaconda|Sandaconda, F, shiny|100\/100|[from] U-turn\n|move|p2a: Diancie|Diamond Storm|p1a: Sandaconda\n|-resisted|p1a: Sandaconda\n|-damage|p1a: Sandaconda|71\/100\n|-boost|p2a: Diancie|def|2\n|\n|-heal|p1a: Sandaconda|77\/100|[from] item: Leftovers\n|upkeep\n|turn|24\n|\n|t:|1700104398\n|move|p2a: Diancie|Diamond Storm|p1a: Sandaconda\n|-resisted|p1a: Sandaconda\n|-damage|p1a: Sandaconda|43\/100\n|move|p1a: Sandaconda|Coil|p1a: Sandaconda\n|-boost|p1a: Sandaconda|atk|1\n|-boost|p1a: Sandaconda|def|1\n|-boost|p1a: Sandaconda|accuracy|1\n|\n|-heal|p1a: Sandaconda|49\/100|[from] item: Leftovers\n|upkeep\n|turn|25\n|\n|t:|1700104407\n|move|p2a: Diancie|Encore|p1a: Sandaconda\n|-start|p1a: Sandaconda|Encore\n|move|p1a: Sandaconda|Coil|p1a: Sandaconda\n|-boost|p1a: Sandaconda|atk|1\n|-boost|p1a: Sandaconda|def|1\n|-boost|p1a: Sandaconda|accuracy|1\n|\n|-heal|p1a: Sandaconda|55\/100|[from] item: Leftovers\n|upkeep\n|turn|26\n|inactive|Battle timer is ON: inactive players will automatically lose when time's up. (requested by Buttersthedog9574)\n|\n|t:|1700104416\n|switch|p2a: Swoobat|Swoobat, M|100\/100\n|move|p1a: Sandaconda|Coil|p1a: Sandaconda\n|-boost|p1a: Sandaconda|atk|1\n|-boost|p1a: Sandaconda|def|1\n|-boost|p1a: Sandaconda|accuracy|1\n|\n|-heal|p1a: Sandaconda|61\/100|[from] item: Leftovers\n|upkeep\n|turn|27\n|\n|t:|1700104425\n|move|p2a: Swoobat|Nasty Plot|p2a: Swoobat\n|-boost|p2a: Swoobat|spa|4\n|move|p1a: Sandaconda|Coil|p1a: Sandaconda\n|-boost|p1a: Sandaconda|atk|1\n|-boost|p1a: Sandaconda|def|1\n|-boost|p1a: Sandaconda|accuracy|1\n|\n|-heal|p1a: Sandaconda|67\/100|[from] item: Leftovers\n|-end|p1a: Sandaconda|Encore\n|upkeep\n|turn|28\n|\n|t:|1700104438\n|-terastallize|p2a: Swoobat|Psychic\n|move|p2a: Swoobat|Stored Power|p1a: Sandaconda\n|-damage|p1a: Sandaconda|0 fnt\n|faint|p1a: Sandaconda\n|\n|upkeep\n|\n|t:|1700104445\n|switch|p1a: Talonflame|Talonflame, M|100\/100\n|turn|29\n|\n|t:|1700104458\n|switch|p2a: Diancie|Diancie-Mega|94\/100\n|move|p1a: Talonflame|Brave Bird|p2a: Diancie\n|-resisted|p2a: Diancie\n|-damage|p2a: Diancie|58\/100\n|-damage|p1a: Talonflame|88\/100|[from] Recoil\n|\n|upkeep\n|turn|30\n|\n|t:|1700104466\n|move|p1a: Talonflame|Brave Bird|p2a: Diancie\n|-resisted|p2a: Diancie\n|-damage|p2a: Diancie|21\/100\n|-damage|p1a: Talonflame|76\/100|[from] Recoil\n|move|p2a: Diancie|Diamond Storm|p1a: Talonflame\n|-supereffective|p1a: Talonflame\n|-damage|p1a: Talonflame|0 fnt\n|faint|p1a: Talonflame\n|\n|upkeep\n|\n|t:|1700104476\n|switch|p1a: Scrafty|Scrafty, M|100\/100\n|turn|31\n|\n|t:|1700104481\n|switch|p2a: Florges|Florges, F|100\/100\n|-terastallize|p1a: Scrafty|Steel\n|move|p1a: Scrafty|Iron Head|p2a: Florges\n|-supereffective|p2a: Florges\n|-damage|p2a: Florges|32\/100\n|\n|-heal|p2a: Florges|38\/100|[from] item: Leftovers\n|upkeep\n|turn|32\n|\n|t:|1700104493\n|switch|p2a: Iron Valiant|Iron Valiant|77\/100\n|move|p1a: Scrafty|Bulk Up|p1a: Scrafty\n|-boost|p1a: Scrafty|atk|1\n|-boost|p1a: Scrafty|def|1\n|\n|upkeep\n|turn|33\n|\n|t:|1700104501\n|move|p2a: Iron Valiant|Encore|p1a: Scrafty\n|-start|p1a: Scrafty|Encore\n|move|p1a: Scrafty|Bulk Up|p1a: Scrafty\n|-boost|p1a: Scrafty|atk|1\n|-boost|p1a: Scrafty|def|1\n|\n|upkeep\n|turn|34\n|\n|t:|1700104513\n|-end|p2a: Iron Valiant|Quark Drive|[silent]\n|switch|p2a: Luvdisc|Luvdisc, M|100\/100\n|move|p1a: Scrafty|Bulk Up|p1a: Scrafty\n|-boost|p1a: Scrafty|atk|1\n|-boost|p1a: Scrafty|def|1\n|\n|upkeep\n|turn|35\n|\n|t:|1700104520\n|move|p2a: Luvdisc|Charm|p1a: Scrafty\n|-unboost|p1a: Scrafty|atk|2\n|move|p1a: Scrafty|Bulk Up|p1a: Scrafty\n|-boost|p1a: Scrafty|atk|1\n|-boost|p1a: Scrafty|def|1\n|\n|-end|p1a: Scrafty|Encore\n|upkeep\n|turn|36\n|\n|t:|1700104529\n|move|p2a: Luvdisc|Charm|p1a: Scrafty\n|-unboost|p1a: Scrafty|atk|2\n|move|p1a: Scrafty|Drain Punch|p2a: Luvdisc\n|-damage|p2a: Luvdisc|12\/100\n|\n|upkeep\n|turn|37\n|\n|t:|1700104536\n|move|p2a: Luvdisc|Charm|p1a: Scrafty\n|-unboost|p1a: Scrafty|atk|2\n|move|p1a: Scrafty|Iron Head|p2a: Luvdisc\n|-resisted|p2a: Luvdisc\n|-damage|p2a: Luvdisc|0 fnt\n|faint|p2a: Luvdisc\n|\n|upkeep\n|\n|t:|1700104543\n|switch|p2a: Swoobat|Swoobat, M, tera:Psychic|100\/100\n|turn|38\n|\n|t:|1700104548\n|move|p2a: Swoobat|Nasty Plot|p2a: Swoobat\n|-boost|p2a: Swoobat|spa|4\n|move|p1a: Scrafty|Knock Off|p2a: Swoobat\n|-supereffective|p2a: Swoobat\n|-damage|p2a: Swoobat|39\/100\n|\n|upkeep\n|turn|39\n|\n|t:|1700104555\n|move|p2a: Swoobat|Stored Power|p1a: Scrafty\n|-resisted|p1a: Scrafty\n|-damage|p1a: Scrafty|40\/100\n|move|p1a: Scrafty|Knock Off|p2a: Swoobat\n|-supereffective|p2a: Swoobat\n|-damage|p2a: Swoobat|0 fnt\n|faint|p2a: Swoobat\n|\n|-heal|p1a: Scrafty|46\/100|[from] item: Leftovers\n|upkeep\n|\n|t:|1700104572\n|switch|p2a: Diancie|Diancie-Mega|21\/100\n|turn|40\n|\n|t:|1700104575\n|move|p2a: Diancie|Encore|p1a: Scrafty\n|-start|p1a: Scrafty|Encore\n|move|p1a: Scrafty|Knock Off|p2a: Diancie\n|-resisted|p2a: Diancie\n|-damage|p2a: Diancie|13\/100\n|\n|-heal|p1a: Scrafty|52\/100|[from] item: Leftovers\n|upkeep\n|turn|41\n|\n|t:|1700104584\n|move|p2a: Diancie|Diamond Storm|p1a: Scrafty\n|-resisted|p1a: Scrafty\n|-damage|p1a: Scrafty|45\/100\n|move|p1a: Scrafty|Knock Off|p2a: Diancie\n|-resisted|p2a: Diancie\n|-damage|p2a: Diancie|6\/100\n|\n|-heal|p1a: Scrafty|51\/100|[from] item: Leftovers\n|upkeep\n|turn|42\n|\n|t:|1700104592\n|move|p2a: Diancie|Diamond Storm|p1a: Scrafty\n|-resisted|p1a: Scrafty\n|-damage|p1a: Scrafty|42\/100\n|move|p1a: Scrafty|Knock Off|p2a: Diancie\n|-resisted|p2a: Diancie\n|-damage|p2a: Diancie|0 fnt\n|faint|p2a: Diancie\n|\n|-heal|p1a: Scrafty|48\/100|[from] item: Leftovers\n|-end|p1a: Scrafty|Encore\n|upkeep\n|\n|t:|1700104603\n|switch|p2a: Manaphy|Manaphy|64\/100\n|turn|43\n|\n|t:|1700104606\n|move|p2a: Manaphy|Rain Dance|p2a: Manaphy\n|-weather|RainDance\n|move|p1a: Scrafty|Bulk Up|p1a: Scrafty\n|-boost|p1a: Scrafty|atk|1\n|-boost|p1a: Scrafty|def|1\n|\n|-weather|RainDance|[upkeep]\n|-heal|p1a: Scrafty|54\/100|[from] item: Leftovers\n|upkeep\n|turn|44\n|\n|t:|1700104615\n|move|p2a: Manaphy|Hydro Pump|p1a: Scrafty\n|-damage|p1a: Scrafty|0 fnt\n|faint|p1a: Scrafty\n|\n|-weather|RainDance|[upkeep]\n|upkeep\n|\n|t:|1700104622\n|switch|p1a: Shiinotic|Shiinotic, M|27\/100\n|turn|45\n|\n|t:|1700104627\n|move|p2a: Manaphy|Hydro Pump|p1a: Shiinotic\n|-resisted|p1a: Shiinotic\n|-damage|p1a: Shiinotic|2\/100\n|move|p1a: Shiinotic|Leech Seed|p2a: Manaphy\n|-start|p2a: Manaphy|move: Leech Seed\n|\n|-weather|RainDance|[upkeep]\n|-damage|p2a: Manaphy|51\/100|[from] Leech Seed|[of] p1a: Shiinotic\n|-heal|p1a: Shiinotic|22\/100|[silent]\n|upkeep\n|turn|46\n|\n|t:|1700104637\n|switch|p1a: Cursola|Cursola, M, shiny|99\/100\n|move|p2a: Manaphy|Hydro Pump|p1a: Cursola\n|-damage|p1a: Cursola|59\/100\n|\n|-weather|RainDance|[upkeep]\n|-damage|p2a: Manaphy|39\/100|[from] Leech Seed|[of] p1a: Cursola\n|-heal|p1a: Cursola|74\/100|[silent]\n|upkeep\n|turn|47\n|\n|t:|1700104647\n|move|p2a: Manaphy|Rest|p2a: Manaphy\n|-status|p2a: Manaphy|slp|[from] move: Rest\n|-heal|p2a: Manaphy|100\/100 slp|[silent]\n|move|p1a: Cursola|Strength Sap|p2a: Manaphy\n|-unboost|p2a: Manaphy|atk|1\n|-heal|p1a: Cursola|100\/100\n|\n|-weather|none\n|-damage|p2a: Manaphy|88\/100 slp|[from] Leech Seed|[of] p1a: Cursola\n|upkeep\n|turn|48\n|\n|t:|1700104668\n|cant|p2a: Manaphy|slp\n|move|p1a: Cursola|Will-O-Wisp||[still]\n|-fail|p1a: Cursola\n|\n|-damage|p2a: Manaphy|76\/100 slp|[from] Leech Seed|[of] p1a: Cursola\n|upkeep\n|turn|49\n|\n|t:|1700104675\n|cant|p2a: Manaphy|slp\n|move|p1a: Cursola|Hex|p2a: Manaphy\n|-damage|p2a: Manaphy|26\/100 slp\n|\n|-damage|p2a: Manaphy|14\/100 slp|[from] Leech Seed|[of] p1a: Cursola\n|upkeep\n|turn|50\n|\n|t:|1700104683\n|-curestatus|p2a: Manaphy|slp|[msg]\n|move|p2a: Manaphy|Rain Dance|p2a: Manaphy\n|-weather|RainDance\n|move|p1a: Cursola|Hex|p2a: Manaphy\n|-damage|p2a: Manaphy|0 fnt\n|faint|p2a: Manaphy\n|\n|-weather|RainDance|[upkeep]\n|upkeep\n|\n|t:|1700104690\n|switch|p2a: Florges|Florges, F|38\/100\n|turn|51\n|\n|t:|1700104699\n|move|p2a: Florges|Calm Mind|p2a: Florges\n|-boost|p2a: Florges|spa|1\n|-boost|p2a: Florges|spd|1\n|move|p1a: Cursola|Hydro Pump|p2a: Florges\n|-crit|p2a: Florges\n|-damage|p2a: Florges|0 fnt\n|faint|p2a: Florges\n|\n|-weather|RainDance|[upkeep]\n|upkeep\n|\n|t:|1700104707\n|switch|p2a: Iron Valiant|Iron Valiant|77\/100\n|turn|52\n|\n|t:|1700104717\n|move|p2a: Iron Valiant|Encore|p1a: Cursola\n|-start|p1a: Cursola|Encore\n|move|p1a: Cursola|Hydro Pump|p2a: Iron Valiant|[miss]\n|-miss|p1a: Cursola|p2a: Iron Valiant\n|\n|-weather|RainDance|[upkeep]\n|upkeep\n|turn|53\n|\n|t:|1700104724\n|move|p2a: Iron Valiant|Spirit Break|p1a: Cursola\n|-damage|p1a: Cursola|29\/100\n|-unboost|p1a: Cursola|spa|1\n|-ability|p1a: Cursola|Perish Body\n|move|p1a: Cursola|Hydro Pump|p2a: Iron Valiant\n|-damage|p2a: Iron Valiant|20\/100\n|-heal|p1a: Cursola|36\/100|[from] item: Shell Bell|[of] p2a: Iron Valiant\n|\n|-weather|RainDance|[upkeep]\n|-start|p2a: Iron Valiant|perish3\n|-start|p1a: Cursola|perish3\n|upkeep\n|turn|54\n|\n|t:|1700104737\n|move|p2a: Iron Valiant|Spirit Break|p1a: Cursola\n|-damage|p1a: Cursola|0 fnt\n|faint|p1a: Cursola\n|\n|-weather|none\n|-start|p2a: Iron Valiant|perish2\n|upkeep\n|\n|t:|1700104744\n|switch|p1a: Shiinotic|Shiinotic, M|22\/100\n|turn|55\n|\n|t:|1700104750\n|move|p2a: Iron Valiant|Spirit Break|p1a: Shiinotic\n|-damage|p1a: Shiinotic|0 fnt\n|faint|p1a: Shiinotic\n|\n|win|Dumbgimmic.png\n|raw|Buttersthedog9574's rating: 1065 &rarr; <strong>1050<\/strong><br \/>(-15 for losing)\n|raw|Dumbgimmic.png's rating: 1156 &rarr; <strong>1175<\/strong><br \/>(+19 for winning)\n","uploadtime":1700104762,"views":21,"p1id":"buttersthedog9574","p2id":"dumbgimmicpng","formatid":"gen9nationaldex","rating":1050,"private":0,"password":""}