{"id":"gen9nationaldex-1996617977","p1":"Lei Rouanet","p2":"Trainer Miqueias","format":"[Gen 9] National Dex","log":"|html|<div class=\"broadcast-blue\"><strong>[Gen 9] National Dex is currently suspecting Sneasler! For information on how to participate check out the <a href=\"https:\/\/www.smogon.com\/forums\/threads\/sv-national-dex-suspect-8-just-dance.3731534\/\">suspect thread<\/a>.<\/strong><\/div>\n|j|\u2606Lei Rouanet\n|j|\u2606Trainer Miqueias\n|t:|1700701214\n|gametype|singles\n|player|p1|Lei Rouanet|teamrocket|\n|player|p2|Trainer Miqueias|265|\n|teamsize|p1|6\n|teamsize|p2|6\n|gen|9\n|tier|[Gen 9] National Dex\n|rule|HP Percentage Mod: HP is shown in percentages\n|rule|Endless Battle Clause: Forcing endless battles is banned\n|rule|OHKO Clause: OHKO moves are banned\n|rule|Evasion Clause: Evasion abilities, items, and moves are banned\n|rule|Evasion Abilities Clause: Evasion abilities are banned\n|rule|Evasion Items Clause: Evasion items are banned\n|rule|Evasion Moves Clause: Evasion moves are banned\n|rule|Species Clause: Limit one of each Pok\u00e9mon\n|rule|Sleep Clause Mod: Limit one foe put to sleep\n|clearpoke\n|poke|p1|Rotom-Heat|\n|poke|p1|Infernape, M|\n|poke|p1|Monferno, F|\n|poke|p1|Emboar, M|\n|poke|p1|Talonflame, F|\n|poke|p1|Armarouge, M|\n|poke|p2|Braixen, M|\n|poke|p2|Marowak-Alola, F|\n|poke|p2|Delphox, M|\n|poke|p2|Skeledirge, M|\n|poke|p2|Rotom-Heat|\n|poke|p2|Camerupt, F|\n|teampreview\n|\n|t:|1700701235\n|start\n|switch|p1a: Monferno|Monferno, F|100\/100\n|switch|p2a: Rotom|Rotom-Heat|100\/100\n|turn|1\n|\n|t:|1700701245\n|move|p2a: Rotom|Volt Switch|p1a: Monferno\n|-damage|p1a: Monferno|28\/100\n|\n|t:|1700701249\n|switch|p2a: Delphox|Delphox, M|100\/100|[from] Volt Switch\n|move|p1a: Monferno|Rock Tomb|p2a: Delphox\n|-supereffective|p2a: Delphox\n|-damage|p2a: Delphox|62\/100\n|-unboost|p2a: Delphox|spe|1\n|\n|-heal|p2a: Delphox|68\/100|[from] item: Leftovers\n|upkeep\n|turn|2\n|\n|t:|1700701259\n|move|p1a: Monferno|Stealth Rock|p2a: Delphox\n|-sidestart|p2: Trainer Miqueias|move: Stealth Rock\n|move|p2a: Delphox|Trick Room|p2a: Delphox\n|-fieldstart|move: Trick Room|[of] p2a: Delphox\n|\n|-heal|p2a: Delphox|74\/100|[from] item: Leftovers\n|upkeep\n|turn|3\n|\n|t:|1700701269\n|move|p2a: Delphox|Future Sight|p1a: Monferno\n|-start|p2a: Delphox|move: Future Sight\n|move|p1a: Monferno|Rock Tomb|p2a: Delphox\n|-supereffective|p2a: Delphox\n|-damage|p2a: Delphox|36\/100\n|-unboost|p2a: Delphox|spe|1\n|\n|-heal|p2a: Delphox|42\/100|[from] item: Leftovers\n|upkeep\n|turn|4\n|\n|t:|1700701280\n|switch|p2a: Skeledirge|Skeledirge, M|100\/100\n|-damage|p2a: Skeledirge|75\/100|[from] Stealth Rock\n|move|p1a: Monferno|Rock Tomb|p2a: Skeledirge\n|-supereffective|p2a: Skeledirge\n|-damage|p2a: Skeledirge|47\/100\n|-unboost|p2a: Skeledirge|spe|1\n|-enditem|p2a: Skeledirge|Sitrus Berry|[eat]\n|-heal|p2a: Skeledirge|72\/100|[from] item: Sitrus Berry\n|\n|upkeep\n|turn|5\n|\n|t:|1700701292\n|move|p2a: Skeledirge|Torch Song|p1a: Monferno\n|-resisted|p1a: Monferno\n|-damage|p1a: Monferno|0 fnt\n|-boost|p2a: Skeledirge|spa|1\n|faint|p1a: Monferno\n|\n|-hint|Future Sight did not hit because the target is fainted.\n|upkeep\n|\n|t:|1700701318\n|switch|p1a: Rotom|Rotom-Heat|100\/100\n|turn|6\n|\n|t:|1700701329\n|switch|p2a: Camerupt|Camerupt, F|100\/100\n|-damage|p2a: Camerupt|88\/100|[from] Stealth Rock\n|move|p1a: Rotom|Rain Dance|p1a: Rotom\n|-weather|RainDance\n|\n|-weather|RainDance|[upkeep]\n|-fieldend|move: Trick Room\n|upkeep\n|turn|7\n|\n|t:|1700701340\n|move|p1a: Rotom|Hidden Power|p2a: Camerupt\n|-supereffective|p2a: Camerupt\n|-enditem|p2a: Camerupt|Passho Berry|[eat]\n|-enditem|p2a: Camerupt|Passho Berry|[weaken]\n|-damage|p2a: Camerupt|37\/100\n|move|p2a: Camerupt|Hidden Power|p1a: Rotom\n|-supereffective|p1a: Rotom\n|-damage|p1a: Rotom|40\/100\n|\n|-weather|RainDance|[upkeep]\n|upkeep\n|turn|8\n|\n|t:|1700701361\n|move|p1a: Rotom|Hidden Power|p2a: Camerupt\n|-supereffective|p2a: Camerupt\n|-damage|p2a: Camerupt|0 fnt\n|faint|p2a: Camerupt\n|\n|-weather|RainDance|[upkeep]\n|upkeep\n|\n|t:|1700701368\n|switch|p2a: Rotom|Rotom-Heat|100\/100\n|-damage|p2a: Rotom|76\/100|[from] Stealth Rock\n|turn|9\n|\n|t:|1700701375\n|move|p2a: Rotom|Hidden Power|p1a: Rotom\n|-supereffective|p1a: Rotom\n|-damage|p1a: Rotom|0 fnt\n|faint|p1a: Rotom\n|\n|-weather|RainDance|[upkeep]\n|upkeep\n|\n|t:|1700701389\n|switch|p1a: Infernape|Infernape, M|100\/100\n|turn|10\n|\n|t:|1700701394\n|switch|p2a: Skeledirge|Skeledirge, M|72\/100\n|-damage|p2a: Skeledirge|47\/100|[from] Stealth Rock\n|move|p1a: Infernape|Stone Edge|p2a: Skeledirge|[miss]\n|-miss|p1a: Infernape|p2a: Skeledirge\n|\n|-weather|RainDance|[upkeep]\n|upkeep\n|turn|11\n|\n|t:|1700701404\n|move|p1a: Infernape|Stone Edge|p2a: Skeledirge\n|-supereffective|p2a: Skeledirge\n|-damage|p2a: Skeledirge|0 fnt\n|faint|p2a: Skeledirge\n|\n|-weather|RainDance|[upkeep]\n|upkeep\n|\n|t:|1700701411\n|switch|p2a: Braixen|Braixen, M|100\/100\n|-damage|p2a: Braixen|76\/100|[from] Stealth Rock\n|turn|12\n|\n|t:|1700701418\n|switch|p1a: Armarouge|Armarouge, M|100\/100\n|move|p2a: Braixen|Trick Room|p2a: Braixen\n|-fieldstart|move: Trick Room|[of] p2a: Braixen\n|\n|-weather|RainDance|[upkeep]\n|upkeep\n|turn|13\n|\n|t:|1700701426\n|move|p2a: Braixen|Wish|p2a: Braixen\n|move|p1a: Armarouge|Calm Mind|p1a: Armarouge\n|-boost|p1a: Armarouge|spa|1\n|-boost|p1a: Armarouge|spd|1\n|\n|-weather|none\n|upkeep\n|turn|14\n|\n|t:|1700701433\n|switch|p2a: Delphox|Delphox, M|42\/100\n|-damage|p2a: Delphox|17\/100|[from] Stealth Rock\n|move|p1a: Armarouge|Iron Defense|p1a: Armarouge\n|-boost|p1a: Armarouge|def|2\n|\n|-heal|p2a: Delphox|63\/100|[from] move: Wish|[wisher] Braixen\n|-heal|p2a: Delphox|69\/100|[from] item: Leftovers\n|upkeep\n|turn|15\n|\n|t:|1700701444\n|switch|p2a: Marowak|Marowak-Alola, F|100\/100\n|-damage|p2a: Marowak|76\/100|[from] Stealth Rock\n|move|p1a: Armarouge|Calm Mind|p1a: Armarouge\n|-boost|p1a: Armarouge|spa|1\n|-boost|p1a: Armarouge|spd|1\n|\n|upkeep\n|turn|16\n|\n|t:|1700701459\n|-terastallize|p1a: Armarouge|Fire\n|move|p2a: Marowak|Earthquake|p1a: Armarouge\n|-supereffective|p1a: Armarouge\n|-damage|p1a: Armarouge|61\/100\n|-ability|p1a: Armarouge|Weak Armor|boost\n|-unboost|p1a: Armarouge|def|1\n|-boost|p1a: Armarouge|spe|2\n|move|p1a: Armarouge|Iron Defense|p1a: Armarouge\n|-boost|p1a: Armarouge|def|2\n|\n|-heal|p1a: Armarouge|67\/100|[from] item: Leftovers\n|-fieldend|move: Trick Room\n|upkeep\n|turn|17\n|\n|t:|1700701474\n|switch|p2a: Delphox|Delphox, M|69\/100\n|-damage|p2a: Delphox|44\/100|[from] Stealth Rock\n|move|p1a: Armarouge|Stored Power|p2a: Delphox\n|-resisted|p2a: Delphox\n|-damage|p2a: Delphox|0 fnt\n|faint|p2a: Delphox\n|\n|-heal|p1a: Armarouge|73\/100|[from] item: Leftovers\n|upkeep\n|\n|t:|1700701476\n|switch|p2a: Braixen|Braixen, M|76\/100\n|-damage|p2a: Braixen|51\/100|[from] Stealth Rock\n|turn|18\n|\n|t:|1700701483\n|move|p1a: Armarouge|Stored Power|p2a: Braixen\n|-damage|p2a: Braixen|0 fnt\n|faint|p2a: Braixen\n|\n|-heal|p1a: Armarouge|79\/100|[from] item: Leftovers\n|upkeep\n|\n|t:|1700701487\n|switch|p2a: Rotom|Rotom-Heat|76\/100\n|-damage|p2a: Rotom|51\/100|[from] Stealth Rock\n|turn|19\n|\n|t:|1700701492\n|move|p2a: Rotom|Hidden Power|p1a: Armarouge\n|-supereffective|p1a: Armarouge\n|-damage|p1a: Armarouge|57\/100\n|move|p1a: Armarouge|Stored Power|p2a: Rotom\n|-damage|p2a: Rotom|0 fnt\n|faint|p2a: Rotom\n|\n|-heal|p1a: Armarouge|64\/100|[from] item: Leftovers\n|upkeep\n|\n|t:|1700701496\n|switch|p2a: Marowak|Marowak-Alola, F|76\/100\n|-damage|p2a: Marowak|51\/100|[from] Stealth Rock\n|turn|20\n|\n|t:|1700701506\n|move|p1a: Armarouge|Stored Power|p2a: Marowak\n|-damage|p2a: Marowak|0 fnt\n|faint|p2a: Marowak\n|\n|win|Lei Rouanet\n","uploadtime":1700701513,"views":11,"p1id":"leirouanet","p2id":"trainermiqueias","formatid":"gen9nationaldex","rating":0,"private":0,"password":""}