{"id":"gen9nationaldex-1994173590","p1":"Rafal1133","p2":"takoks","format":"[Gen 9] National Dex","log":"|j|\u2606Rafal1133\n|j|\u2606takoks\n|t:|1700415312\n|gametype|singles\n|player|p1|Rafal1133|170|\n|player|p2|takoks|ethan|\n|teamsize|p1|6\n|teamsize|p2|6\n|gen|9\n|tier|[Gen 9] National Dex\n|rule|HP Percentage Mod: HP is shown in percentages\n|rule|Endless Battle Clause: Forcing endless battles is banned\n|rule|OHKO Clause: OHKO moves are banned\n|rule|Evasion Clause: Evasion abilities, items, and moves are banned\n|rule|Evasion Abilities Clause: Evasion abilities are banned\n|rule|Evasion Items Clause: Evasion items are banned\n|rule|Evasion Moves Clause: Evasion moves are banned\n|rule|Species Clause: Limit one of each Pok\u00e9mon\n|rule|Sleep Clause Mod: Limit one foe put to sleep\n|clearpoke\n|poke|p1|Camerupt, F|\n|poke|p1|Conkeldurr, M|\n|poke|p1|Cresselia, F|\n|poke|p1|Audino, M|\n|poke|p1|Iron Valiant|\n|poke|p1|Muk, M|\n|poke|p2|Ampharos, M|\n|poke|p2|Vaporeon, M|\n|poke|p2|Probopass, F|\n|poke|p2|Salazzle, F|\n|poke|p2|Wyrdeer, F|\n|poke|p2|Ariados, F|\n|teampreview\n|c|\u2606Rafal1133|glgl\n|\n|t:|1700415339\n|start\n|switch|p1a: Camerupt|Camerupt, F|100\/100\n|switch|p2a: Probopass|Probopass, F|100\/100\n|-item|p2a: Probopass|Air Balloon\n|turn|1\n|\n|t:|1700415349\n|detailschange|p1a: Camerupt|Camerupt-Mega, F\n|-mega|p1a: Camerupt|Camerupt|Cameruptite\n|move|p2a: Probopass|Stealth Rock|p1a: Camerupt\n|-sidestart|p1: Rafal1133|move: Stealth Rock\n|move|p1a: Camerupt|Fire Blast|p2a: Probopass\n|-damage|p2a: Probopass|35\/100\n|-enditem|p2a: Probopass|Air Balloon\n|\n|upkeep\n|turn|2\n|\n|t:|1700415363\n|switch|p2a: Vaporeon|Vaporeon, M|100\/100\n|move|p1a: Camerupt|Earth Power|p2a: Vaporeon\n|-damage|p2a: Vaporeon|41\/100\n|\n|-heal|p2a: Vaporeon|47\/100|[from] item: Leftovers\n|upkeep\n|turn|3\n|\n|t:|1700415370\n|switch|p1a: Muk|Muk, M|100\/100\n|-damage|p1a: Muk|88\/100|[from] Stealth Rock\n|move|p2a: Vaporeon|Calm Mind|p2a: Vaporeon\n|-boost|p2a: Vaporeon|spa|1\n|-boost|p2a: Vaporeon|spd|1\n|\n|-heal|p2a: Vaporeon|53\/100|[from] item: Leftovers\n|upkeep\n|turn|4\n|\n|t:|1700415379\n|move|p2a: Vaporeon|Wish|p2a: Vaporeon\n|move|p1a: Muk|Poison Jab|p2a: Vaporeon\n|-damage|p2a: Vaporeon|10\/100\n|\n|-heal|p2a: Vaporeon|16\/100|[from] item: Leftovers\n|upkeep\n|turn|5\n|\n|t:|1700415388\n|switch|p1a: Iron Valiant|Iron Valiant|100\/100\n|-damage|p1a: Iron Valiant|94\/100|[from] Stealth Rock\n|move|p2a: Vaporeon|Scald|p1a: Iron Valiant\n|-damage|p1a: Iron Valiant|0 fnt\n|faint|p1a: Iron Valiant\n|-end|p1a: Iron Valiant|Quark Drive|[silent]\n|\n|-heal|p2a: Vaporeon|66\/100|[from] move: Wish|[wisher] Vaporeon\n|-heal|p2a: Vaporeon|72\/100|[from] item: Leftovers\n|upkeep\n|c|\u2606takoks|Szkoda\n|c|\u2606Rafal1133|Oj cholipka\n|c|\u2606takoks|Czk\n|\n|t:|1700415414\n|switch|p1a: Cresselia|Cresselia, F|100\/100\n|-damage|p1a: Cresselia|88\/100|[from] Stealth Rock\n|turn|6\n|c|\u2606takoks|Ok\n|\n|t:|1700415432\n|move|p1a: Cresselia|Toxic|p2a: Vaporeon\n|-status|p2a: Vaporeon|tox\n|move|p2a: Vaporeon|Wish|p2a: Vaporeon\n|\n|-heal|p1a: Cresselia|94\/100|[from] item: Leftovers\n|-heal|p2a: Vaporeon|79\/100 tox|[from] item: Leftovers\n|-damage|p2a: Vaporeon|72\/100 tox|[from] psn\n|upkeep\n|turn|7\n|\n|t:|1700415437\n|switch|p2a: Probopass|Probopass, F|35\/100\n|move|p1a: Cresselia|Calm Mind|p1a: Cresselia\n|-boost|p1a: Cresselia|spa|1\n|-boost|p1a: Cresselia|spd|1\n|\n|-heal|p2a: Probopass|100\/100|[from] move: Wish|[wisher] Vaporeon\n|-heal|p1a: Cresselia|99\/100|[from] item: Leftovers\n|upkeep\n|turn|8\n|c|\u2606Rafal1133|To mn zagia\u0142es xd\n|\n|t:|1700415449\n|move|p1a: Cresselia|Calm Mind|p1a: Cresselia\n|-boost|p1a: Cresselia|spa|1\n|-boost|p1a: Cresselia|spd|1\n|move|p2a: Probopass|Thunder Wave|p1a: Cresselia\n|-status|p1a: Cresselia|par\n|\n|-heal|p1a: Cresselia|100\/100 par|[from] item: Leftovers\n|upkeep\n|turn|9\n|\n|t:|1700415463\n|switch|p2a: Wyrdeer|Wyrdeer, F|100\/100\n|move|p1a: Cresselia|Calm Mind|p1a: Cresselia\n|-boost|p1a: Cresselia|spa|1\n|-boost|p1a: Cresselia|spd|1\n|\n|upkeep\n|turn|10\n|\n|t:|1700415468\n|move|p2a: Wyrdeer|Lunge|p1a: Cresselia\n|-supereffective|p1a: Cresselia\n|-damage|p1a: Cresselia|70\/100 par\n|-unboost|p1a: Cresselia|atk|1\n|move|p1a: Cresselia|Psyshock|p2a: Wyrdeer\n|-resisted|p2a: Wyrdeer\n|-damage|p2a: Wyrdeer|62\/100\n|\n|-heal|p2a: Wyrdeer|68\/100|[from] item: Leftovers\n|-heal|p1a: Cresselia|76\/100 par|[from] item: Leftovers\n|upkeep\n|turn|11\n|\n|t:|1700415483\n|move|p2a: Wyrdeer|Lunge|p1a: Cresselia\n|-supereffective|p1a: Cresselia\n|-damage|p1a: Cresselia|48\/100 par\n|-unboost|p1a: Cresselia|atk|1\n|move|p1a: Cresselia|Toxic|p2a: Wyrdeer\n|-status|p2a: Wyrdeer|tox\n|\n|-heal|p2a: Wyrdeer|74\/100 tox|[from] item: Leftovers\n|-heal|p1a: Cresselia|54\/100 par|[from] item: Leftovers\n|-damage|p2a: Wyrdeer|68\/100 tox|[from] psn\n|upkeep\n|turn|12\n|\n|t:|1700415491\n|switch|p2a: Probopass|Probopass, F|100\/100\n|move|p1a: Cresselia|Moonlight|p1a: Cresselia\n|-heal|p1a: Cresselia|100\/100 par\n|\n|upkeep\n|turn|13\n|\n|t:|1700415496\n|move|p2a: Probopass|Pain Split|p1a: Cresselia\n|-sethp|p1a: Cresselia|80\/100 par|[from] move: Pain Split|[silent]\n|-sethp|p2a: Probopass|100\/100|[from] move: Pain Split\n|move|p1a: Cresselia|Psyshock|p2a: Probopass\n|-resisted|p2a: Probopass\n|-damage|p2a: Probopass|78\/100\n|\n|-heal|p1a: Cresselia|86\/100 par|[from] item: Leftovers\n|upkeep\n|turn|14\n|\n|t:|1700415509\n|move|p2a: Probopass|Pain Split|p1a: Cresselia\n|-sethp|p1a: Cresselia|66\/100 par|[from] move: Pain Split|[silent]\n|-sethp|p2a: Probopass|100\/100|[from] move: Pain Split\n|move|p1a: Cresselia|Calm Mind|p1a: Cresselia\n|-boost|p1a: Cresselia|spa|1\n|-boost|p1a: Cresselia|spd|1\n|\n|-heal|p1a: Cresselia|72\/100 par|[from] item: Leftovers\n|upkeep\n|turn|15\n|\n|t:|1700415525\n|switch|p2a: Ariados|Ariados, F|100\/100\n|move|p1a: Cresselia|Calm Mind|p1a: Cresselia\n|-boost|p1a: Cresselia|spa|1\n|-boost|p1a: Cresselia|spd|1\n|\n|-heal|p1a: Cresselia|78\/100 par|[from] item: Leftovers\n|upkeep\n|turn|16\n|\n|t:|1700415533\n|move|p2a: Ariados|Knock Off|p1a: Cresselia\n|-supereffective|p1a: Cresselia\n|-damage|p1a: Cresselia|54\/100 par\n|-enditem|p1a: Cresselia|Leftovers|[from] move: Knock Off|[of] p2a: Ariados\n|cant|p1a: Cresselia|par\n|\n|upkeep\n|turn|17\n|\n|t:|1700415538\n|move|p2a: Ariados|Sticky Web|p1a: Cresselia\n|-sidestart|p1: Rafal1133|move: Sticky Web\n|cant|p1a: Cresselia|par\n|\n|upkeep\n|turn|18\n|\n|t:|1700415544\n|move|p2a: Ariados|Foul Play|p1a: Cresselia\n|-supereffective|p1a: Cresselia\n|-damage|p1a: Cresselia|46\/100 par\n|move|p1a: Cresselia|Moonlight|p1a: Cresselia\n|-heal|p1a: Cresselia|96\/100 par\n|\n|upkeep\n|turn|19\n|\n|t:|1700415571\n|move|p2a: Ariados|Toxic Spikes|p1a: Cresselia\n|-sidestart|p1: Rafal1133|move: Toxic Spikes\n|cant|p1a: Cresselia|par\n|\n|upkeep\n|turn|20\n|\n|t:|1700415574\n|move|p2a: Ariados|Toxic Spikes|p1a: Cresselia\n|-sidestart|p1: Rafal1133|move: Toxic Spikes\n|move|p1a: Cresselia|Psyshock|p2a: Ariados\n|-supereffective|p2a: Ariados\n|-enditem|p2a: Ariados|Focus Sash\n|-damage|p2a: Ariados|1\/100\n|\n|upkeep\n|turn|21\n|\n|t:|1700415581\n|move|p2a: Ariados|Knock Off|p1a: Cresselia\n|-supereffective|p1a: Cresselia\n|-damage|p1a: Cresselia|81\/100 par\n|cant|p1a: Cresselia|par\n|\n|upkeep\n|turn|22\n|\n|t:|1700415586\n|move|p2a: Ariados|Knock Off|p1a: Cresselia\n|-supereffective|p1a: Cresselia\n|-damage|p1a: Cresselia|64\/100 par\n|move|p1a: Cresselia|Psyshock|p2a: Ariados\n|-supereffective|p2a: Ariados\n|-damage|p2a: Ariados|0 fnt\n|faint|p2a: Ariados\n|\n|upkeep\n|c|\u2606takoks|Cholibka\n|c|\u2606takoks|Ci\u0119\u017cka sytuacja\n|\n|t:|1700415632\n|switch|p2a: Wyrdeer|Wyrdeer, F|68\/100 tox\n|turn|23\n|\n|t:|1700415643\n|move|p2a: Wyrdeer|Lunge|p1a: Cresselia\n|-supereffective|p1a: Cresselia\n|-damage|p1a: Cresselia|35\/100 par\n|-unboost|p1a: Cresselia|atk|1\n|move|p1a: Cresselia|Moonlight|p1a: Cresselia\n|-heal|p1a: Cresselia|85\/100 par\n|\n|-heal|p2a: Wyrdeer|74\/100 tox|[from] item: Leftovers\n|-damage|p2a: Wyrdeer|68\/100 tox|[from] psn\n|upkeep\n|turn|24\n|\n|t:|1700415668\n|move|p2a: Wyrdeer|Lunge|p1a: Cresselia\n|-supereffective|p1a: Cresselia\n|-damage|p1a: Cresselia|57\/100 par\n|-unboost|p1a: Cresselia|atk|1\n|cant|p1a: Cresselia|par\n|\n|-heal|p2a: Wyrdeer|74\/100 tox|[from] item: Leftovers\n|-damage|p2a: Wyrdeer|62\/100 tox|[from] psn\n|upkeep\n|turn|25\n|\n|t:|1700415676\n|-terastallize|p2a: Wyrdeer|Normal\n|move|p2a: Wyrdeer|Return|p1a: Cresselia\n|-damage|p1a: Cresselia|18\/100 par\n|move|p1a: Cresselia|Moonlight|p1a: Cresselia\n|-heal|p1a: Cresselia|68\/100 par\n|\n|-heal|p2a: Wyrdeer|68\/100 tox|[from] item: Leftovers\n|-damage|p2a: Wyrdeer|50\/100 tox|[from] psn\n|upkeep\n|turn|26\n|\n|t:|1700415686\n|move|p2a: Wyrdeer|Return|p1a: Cresselia\n|-damage|p1a: Cresselia|32\/100 par\n|move|p1a: Cresselia|Moonlight|p1a: Cresselia\n|-heal|p1a: Cresselia|82\/100 par\n|\n|-heal|p2a: Wyrdeer|56\/100 tox|[from] item: Leftovers\n|-damage|p2a: Wyrdeer|32\/100 tox|[from] psn\n|upkeep\n|turn|27\n|c|\u2606takoks|Kurwa ma\u0107\n|c|\u2606Rafal1133|Uff\n|c|\u2606takoks|By\u0142 1 moment \u017ceby zadzia\u0142a\u0142 parali\u017c\n|c|\u2606takoks|XD\n|\n|t:|1700415709\n|move|p2a: Wyrdeer|Return|p1a: Cresselia\n|-damage|p1a: Cresselia|45\/100 par\n|move|p1a: Cresselia|Psyshock|p2a: Wyrdeer\n|-damage|p2a: Wyrdeer|0 fnt\n|faint|p2a: Wyrdeer\n|\n|upkeep\n|c|\u2606takoks|Dobra to GG raczej\n|c|\u2606Rafal1133|Wejdzie Ci z 6x para\n|\n|t:|1700415728\n|switch|p2a: Ampharos|Ampharos, M|100\/100\n|turn|28\n|\n|t:|1700415732\n|detailschange|p2a: Ampharos|Ampharos-Mega, M\n|-mega|p2a: Ampharos|Ampharos|Ampharosite\n|-ability|p2a: Ampharos|Mold Breaker\n|move|p2a: Ampharos|Charge|p2a: Ampharos\n|-boost|p2a: Ampharos|spd|1\n|-start|p2a: Ampharos|Charge\n|move|p1a: Cresselia|Moonlight|p1a: Cresselia\n|-heal|p1a: Cresselia|95\/100 par\n|\n|upkeep\n|turn|29\n|\n|t:|1700415740\n|move|p2a: Ampharos|Discharge|p1a: Cresselia\n|-damage|p1a: Cresselia|75\/100 par\n|-end|p2a: Ampharos|Charge|[silent]\n|move|p1a: Cresselia|Psyshock|p2a: Ampharos\n|-damage|p2a: Ampharos|19\/100\n|\n|upkeep\n|turn|30\n|c|\u2606Rafal1133|No dobra nie xd\n|\n|t:|1700415748\n|move|p2a: Ampharos|Dragon Pulse|p1a: Cresselia\n|-damage|p1a: Cresselia|63\/100 par\n|move|p1a: Cresselia|Psyshock|p2a: Ampharos\n|-damage|p2a: Ampharos|0 fnt\n|faint|p2a: Ampharos\n|\n|upkeep\n|\n|t:|1700415752\n|switch|p2a: Salazzle|Salazzle, F|100\/100\n|turn|31\n|\n|t:|1700415760\n|move|p2a: Salazzle|Nasty Plot|p2a: Salazzle\n|-boost|p2a: Salazzle|spa|2\n|move|p1a: Cresselia|Moonlight|p1a: Cresselia\n|-heal|p1a: Cresselia|100\/100 par\n|\n|upkeep\n|turn|32\n|\n|t:|1700415764\n|move|p2a: Salazzle|Sludge Bomb|p1a: Cresselia\n|-damage|p1a: Cresselia|81\/100 par\n|-damage|p2a: Salazzle|91\/100|[from] item: Life Orb\n|move|p1a: Cresselia|Psyshock|p2a: Salazzle\n|-supereffective|p2a: Salazzle\n|-damage|p2a: Salazzle|0 fnt\n|faint|p2a: Salazzle\n|\n|upkeep\n|\n|t:|1700415767\n|switch|p2a: Vaporeon|Vaporeon, M|72\/100 tox\n|turn|33\n|\n|t:|1700415772\n|move|p2a: Vaporeon|Calm Mind|p2a: Vaporeon\n|-boost|p2a: Vaporeon|spa|1\n|-boost|p2a: Vaporeon|spd|1\n|move|p1a: Cresselia|Psyshock|p2a: Vaporeon\n|-damage|p2a: Vaporeon|0 fnt\n|faint|p2a: Vaporeon\n|\n|upkeep\n|\n|t:|1700415774\n|switch|p2a: Probopass|Probopass, F|100\/100\n|turn|34\n|\n|t:|1700415777\n|move|p2a: Probopass|Body Press|p1a: Cresselia\n|-resisted|p1a: Cresselia\n|-damage|p1a: Cresselia|71\/100 par\n|move|p1a: Cresselia|Psyshock|p2a: Probopass\n|-resisted|p2a: Probopass\n|-damage|p2a: Probopass|69\/100\n|\n|upkeep\n|turn|35\n|\n|t:|1700415784\n|move|p2a: Probopass|Pain Split|p1a: Cresselia\n|-sethp|p1a: Cresselia|56\/100 par|[from] move: Pain Split|[silent]\n|-sethp|p2a: Probopass|94\/100|[from] move: Pain Split\n|move|p1a: Cresselia|Psyshock|p2a: Probopass\n|-resisted|p2a: Probopass\n|-damage|p2a: Probopass|63\/100\n|\n|upkeep\n|turn|36\n|\n|t:|1700415793\n|switch|p1a: Camerupt|Camerupt-Mega, F|100\/100\n|-damage|p1a: Camerupt|88\/100|[from] Stealth Rock\n|-activate|p1a: Camerupt|move: Sticky Web\n|-unboost|p1a: Camerupt|spe|1\n|-status|p1a: Camerupt|tox\n|move|p2a: Probopass|Body Press|p1a: Camerupt\n|-damage|p1a: Camerupt|58\/100 tox\n|\n|-damage|p1a: Camerupt|52\/100 tox|[from] psn\n|upkeep\n|turn|37\n|\n|t:|1700415799\n|move|p2a: Probopass|Pain Split|p1a: Camerupt\n|-sethp|p1a: Camerupt|50\/100 tox|[from] move: Pain Split|[silent]\n|-sethp|p2a: Probopass|65\/100|[from] move: Pain Split\n|move|p1a: Camerupt|Earth Power|p2a: Probopass\n|-supereffective|p2a: Probopass\n|-damage|p2a: Probopass|0 fnt\n|faint|p2a: Probopass\n|\n|win|Rafal1133\n|c|\u2606Rafal1133|gg\n","uploadtime":1700415804,"views":12,"p1id":"rafal1133","p2id":"takoks","formatid":"gen9nationaldex","rating":0,"private":0,"password":""}