{"id":"gen9nationaldex-1988684033","p1":"Sithstorm","p2":"py123456","format":"[Gen 9] National Dex","log":"|j|\u2606Sithstorm\n|j|\u2606py123456\n|t:|1699750285\n|gametype|singles\n|player|p1|Sithstorm|pokemonranger-gen6|1094\n|player|p2|py123456|steven|1083\n|teamsize|p1|6\n|teamsize|p2|6\n|gen|9\n|tier|[Gen 9] National Dex\n|rated|\n|rule|HP Percentage Mod: HP is shown in percentages\n|rule|Endless Battle Clause: Forcing endless battles is banned\n|rule|OHKO Clause: OHKO moves are banned\n|rule|Evasion Clause: Evasion abilities, items, and moves are banned\n|rule|Evasion Abilities Clause: Evasion abilities are banned\n|rule|Evasion Items Clause: Evasion items are banned\n|rule|Evasion Moves Clause: Evasion moves are banned\n|rule|Species Clause: Limit one of each Pok\u00e9mon\n|rule|Sleep Clause Mod: Limit one foe put to sleep\n|clearpoke\n|poke|p1|Torterra, F|\n|poke|p1|Dragonair, M|\n|poke|p1|Reuniclus, M|\n|poke|p1|Volcarona, M|\n|poke|p1|Zoroark-Hisui, M|\n|poke|p1|Samurott-Hisui, M|\n|poke|p2|Politoed, M|\n|poke|p2|Urshifu-*, F|\n|poke|p2|Kartana|\n|poke|p2|Swampert, M|\n|poke|p2|Tapu Koko|\n|poke|p2|Pelipper, M|\n|teampreview\n|inactive|Battle timer is ON: inactive players will automatically lose when time's up. (requested by Sithstorm)\n|\n|t:|1699750321\n|start\n|switch|p1a: Oasis|Torterra, F|100\/100\n|switch|p2a: Urshifu|Urshifu-Rapid-Strike, F|100\/100\n|turn|1\n|\n|t:|1699750328\n|-terastallize|p2a: Urshifu|Water\n|move|p2a: Urshifu|Surging Strikes|p1a: Oasis\n|-damage|p1a: Oasis|87\/100\n|-damage|p2a: Urshifu|84\/100|[from] item: Rocky Helmet|[of] p1a: Oasis\n|-damage|p1a: Oasis|73\/100\n|-damage|p2a: Urshifu|68\/100|[from] item: Rocky Helmet|[of] p1a: Oasis\n|-damage|p1a: Oasis|60\/100\n|-damage|p2a: Urshifu|51\/100|[from] item: Rocky Helmet|[of] p1a: Oasis\n|-hitcount|p1a: Oasis|3\n|move|p1a: Oasis|Stealth Rock|p2a: Urshifu\n|-sidestart|p2: py123456|move: Stealth Rock\n|\n|upkeep\n|turn|2\n|\n|t:|1699750341\n|switch|p2a: Pelipper|Pelipper, M|100\/100\n|-damage|p2a: Pelipper|76\/100|[from] Stealth Rock\n|-weather|RainDance|[from] ability: Drizzle|[of] p2a: Pelipper\n|move|p1a: Oasis|Leech Seed|p2a: Pelipper|[miss]\n|-miss|p1a: Oasis|p2a: Pelipper\n|\n|-weather|RainDance|[upkeep]\n|upkeep\n|turn|3\n|\n|t:|1699750349\n|move|p2a: Pelipper|Hurricane|p1a: Oasis\n|-supereffective|p1a: Oasis\n|-damage|p1a: Oasis|0 fnt\n|faint|p1a: Oasis\n|\n|-weather|RainDance|[upkeep]\n|upkeep\n|\n|t:|1699750358\n|switch|p1a: Spire|Dragonair, M|100\/100\n|turn|4\n|\n|t:|1699750363\n|move|p2a: Pelipper|Defog|p1a: Spire\n|-unboost|p1a: Spire|evasion|1\n|-sideend|p2: py123456|Stealth Rock|[from] move: Defog|[of] p2a: Pelipper\n|move|p1a: Spire|Dragon Dance|p1a: Spire\n|-boost|p1a: Spire|atk|1\n|-boost|p1a: Spire|spe|1\n|\n|-weather|RainDance|[upkeep]\n|upkeep\n|turn|5\n|\n|t:|1699750370\n|move|p1a: Spire|Dragon Dance|p1a: Spire\n|-boost|p1a: Spire|atk|1\n|-boost|p1a: Spire|spe|1\n|move|p2a: Pelipper|U-turn|p1a: Spire\n|-damage|p1a: Spire|92\/100\n|\n|t:|1699750374\n|switch|p2a: Swampert|Swampert, M|100\/100|[from] U-turn\n|\n|-weather|RainDance|[upkeep]\n|upkeep\n|turn|6\n|\n|t:|1699750385\n|detailschange|p2a: Swampert|Swampert-Mega, M\n|-mega|p2a: Swampert|Swampert|Swampertite\n|move|p2a: Swampert|Earthquake|p1a: Spire\n|-damage|p1a: Spire|34\/100\n|move|p1a: Spire|Dragon Tail|p2a: Swampert\n|-damage|p2a: Swampert|61\/100\n|drag|p2a: Urshifu|Urshifu-Rapid-Strike, F, tera:Water|51\/100\n|\n|-weather|RainDance|[upkeep]\n|upkeep\n|turn|7\n|\n|t:|1699750394\n|move|p2a: Urshifu|Surging Strikes|p1a: Spire\n|-resisted|p1a: Spire\n|-crit|p1a: Spire\n|-damage|p1a: Spire|11\/100\n|-resisted|p1a: Spire\n|-crit|p1a: Spire\n|-damage|p1a: Spire|0 fnt\n|faint|p1a: Spire\n|-hitcount|p1: Spire|2\n|\n|-weather|RainDance|[upkeep]\n|upkeep\n|\n|t:|1699750402\n|switch|p1a: Halo|Volcarona, M|100\/100\n|turn|8\n|\n|t:|1699750406\n|-terastallize|p1a: Halo|Grass\n|move|p2a: Urshifu|Surging Strikes|p1a: Halo\n|-resisted|p1a: Halo\n|-crit|p1a: Halo\n|-damage|p1a: Halo|71\/100\n|-resisted|p1a: Halo\n|-crit|p1a: Halo\n|-damage|p1a: Halo|37\/100\n|-status|p2a: Urshifu|brn|[from] ability: Flame Body|[of] p1a: Halo\n|-resisted|p1a: Halo\n|-crit|p1a: Halo\n|-damage|p1a: Halo|21\/100\n|-hitcount|p1a: Halo|3\n|move|p1a: Halo|Quiver Dance|p1a: Halo\n|-boost|p1a: Halo|spa|1\n|-boost|p1a: Halo|spd|1\n|-boost|p1a: Halo|spe|1\n|\n|-weather|RainDance|[upkeep]\n|-damage|p2a: Urshifu|45\/100 brn|[from] brn\n|upkeep\n|turn|9\n|\n|t:|1699750421\n|move|p2a: Urshifu|Surging Strikes|p1a: Halo\n|-resisted|p1a: Halo\n|-crit|p1a: Halo\n|-damage|p1a: Halo|5\/100\n|-resisted|p1a: Halo\n|-crit|p1a: Halo\n|-damage|p1a: Halo|0 fnt\n|faint|p1a: Halo\n|-hitcount|p1: Halo|2\n|\n|-weather|none\n|-damage|p2a: Urshifu|39\/100 brn|[from] brn\n|upkeep\n|-message|Sithstorm forfeited.\n|\n|win|py123456\n|raw|Sithstorm's rating: 1094 &rarr; <strong>1069<\/strong><br \/>(-25 for losing)\n|raw|py123456's rating: 1083 &rarr; <strong>1111<\/strong><br \/>(+28 for winning)\n|l|\u2606Sithstorm\n","uploadtime":1699750431,"views":3,"p1id":"sithstorm","p2id":"py123456","formatid":"gen9nationaldex","rating":1069,"private":0,"password":""}