{"id":"gen9nationaldex-1998376479","p1":"ShadowTopaz","p2":"Phillammon","format":"[Gen 9] National Dex","log":"|html|<div class=\"broadcast-blue\"><strong>[Gen 9] National Dex is currently suspecting Sneasler! For information on how to participate check out the <a href=\"https:\/\/www.smogon.com\/forums\/threads\/sv-national-dex-suspect-8-just-dance.3731534\/\">suspect thread<\/a>.<\/strong><\/div>\n|j|\u2606ShadowTopaz\n|j|\u2606Phillammon\n|t:|1700935444\n|gametype|singles\n|player|p1|ShadowTopaz|marley|\n|player|p2|Phillammon|erika|\n|teamsize|p1|6\n|teamsize|p2|6\n|gen|9\n|tier|[Gen 9] National Dex\n|rule|HP Percentage Mod: HP is shown in percentages\n|rule|Endless Battle Clause: Forcing endless battles is banned\n|rule|OHKO Clause: OHKO moves are banned\n|rule|Evasion Clause: Evasion abilities, items, and moves are banned\n|rule|Evasion Abilities Clause: Evasion abilities are banned\n|rule|Evasion Items Clause: Evasion items are banned\n|rule|Evasion Moves Clause: Evasion moves are banned\n|rule|Species Clause: Limit one of each Pok\u00e9mon\n|rule|Sleep Clause Mod: Limit one foe put to sleep\n|clearpoke\n|poke|p1|Gliscor, M|\n|poke|p1|Corviknight, F|\n|poke|p1|Great Tusk|\n|poke|p1|Indeedee, M|\n|poke|p1|Mienshao, M|\n|poke|p1|Hoopa-Unbound|\n|poke|p2|Garchomp, F|\n|poke|p2|Azumarill, F|\n|poke|p2|Sneasler, M|\n|poke|p2|Greninja-*, M|\n|poke|p2|Quaquaval, F|\n|poke|p2|Hydreigon, F|\n|teampreview\n|\n|t:|1700935458\n|start\n|switch|p1a: Dame|Corviknight, F, shiny|100\/100\n|switch|p2a: Garchomp|Garchomp, F|100\/100\n|turn|1\n|\n|t:|1700935465\n|move|p2a: Garchomp|Stealth Rock|p1a: Dame\n|-sidestart|p1: ShadowTopaz|move: Stealth Rock\n|move|p1a: Dame|Iron Defense|p1a: Dame\n|-boost|p1a: Dame|def|2\n|\n|upkeep\n|turn|2\n|\n|t:|1700935474\n|move|p2a: Garchomp|Swords Dance|p2a: Garchomp\n|-boost|p2a: Garchomp|atk|2\n|move|p1a: Dame|Body Press|p2a: Garchomp\n|-damage|p2a: Garchomp|49\/100\n|-damage|p1a: Dame|88\/100|[from] ability: Rough Skin|[of] p2a: Garchomp\n|\n|upkeep\n|turn|3\n|\n|t:|1700935482\n|move|p2a: Garchomp|Swords Dance|p2a: Garchomp\n|-boost|p2a: Garchomp|atk|2\n|move|p1a: Dame|Body Press|p2a: Garchomp\n|-damage|p2a: Garchomp|0 fnt\n|-damage|p1a: Dame|76\/100|[from] ability: Rough Skin|[of] p2a: Garchomp\n|faint|p2a: Garchomp\n|\n|upkeep\n|\n|t:|1700935502\n|switch|p2a: Greninja|Greninja, M|100\/100\n|turn|4\n|\n|t:|1700935517\n|-terastallize|p2a: Greninja|Water\n|move|p2a: Greninja|Surf|p1a: Dame\n|-damage|p1a: Dame|12\/100\n|-damage|p2a: Greninja|91\/100|[from] item: Life Orb\n|move|p1a: Dame|Body Press|p2a: Greninja\n|-damage|p2a: Greninja|9\/100\n|\n|upkeep\n|turn|5\n|\n|t:|1700935527\n|move|p2a: Greninja|Surf|p1a: Dame\n|-damage|p1a: Dame|0 fnt\n|faint|p1a: Dame\n|-ability|p2a: Greninja|Battle Bond|boost\n|-boost|p2a: Greninja|atk|1\n|-boost|p2a: Greninja|spa|1\n|-boost|p2a: Greninja|spe|1\n|-activate|p2a: Greninja|ability: Battle Bond\n|-damage|p2a: Greninja|0 fnt|[from] item: Life Orb\n|faint|p2a: Greninja\n|\n|upkeep\n|\n|t:|1700935539\n|switch|p2a: Sneasler|Sneasler, M|100\/100\n|switch|p1a: Eminence|Great Tusk|100\/100\n|-damage|p1a: Eminence|98\/100|[from] Stealth Rock\n|turn|6\n|\n|t:|1700935550\n|move|p2a: Sneasler|Fake Out|p1a: Eminence\n|-enditem|p2a: Sneasler|Normal Gem|[from] gem\n|-damage|p1a: Eminence|83\/100\n|cant|p1a: Eminence|flinch\n|\n|upkeep\n|turn|7\n|\n|t:|1700935574\n|move|p2a: Sneasler|Acrobatics|p1a: Eminence\n|-supereffective|p1a: Eminence\n|-damage|p1a: Eminence|25\/100\n|move|p1a: Eminence|Headlong Rush|p2a: Sneasler\n|-supereffective|p2a: Sneasler\n|-damage|p2a: Sneasler|0 fnt\n|-unboost|p1a: Eminence|def|1\n|-unboost|p1a: Eminence|spd|1\n|-enditem|p1a: Eminence|Eject Pack\n|faint|p2a: Sneasler\n|\n|t:|1700935630\n|-end|p1a: Eminence|Protosynthesis|[silent]\n|switch|p1a: Voivode|Gliscor, M|100\/100\n|-damage|p1a: Voivode|88\/100|[from] Stealth Rock\n|\n|-status|p1a: Voivode|tox|[from] item: Toxic Orb\n|upkeep\n|\n|t:|1700935646\n|switch|p2a: Quaquaval|Quaquaval, F|100\/100\n|turn|8\n|\n|t:|1700935658\n|move|p2a: Quaquaval|Aqua Step|p1a: Voivode\n|-supereffective|p1a: Voivode\n|-damage|p1a: Voivode|26\/100 tox\n|-boost|p2a: Quaquaval|spe|1\n|move|p1a: Voivode|Earthquake|p2a: Quaquaval\n|-crit|p2a: Quaquaval\n|-damage|p2a: Quaquaval|30\/100\n|\n|-heal|p1a: Voivode|39\/100 tox|[from] ability: Poison Heal\n|upkeep\n|turn|9\n|\n|t:|1700935668\n|move|p2a: Quaquaval|Aqua Step|p1a: Voivode\n|-supereffective|p1a: Voivode\n|-damage|p1a: Voivode|0 fnt\n|-boost|p2a: Quaquaval|spe|1\n|faint|p1a: Voivode\n|-ability|p2a: Quaquaval|Moxie|boost\n|-boost|p2a: Quaquaval|atk|1\n|\n|upkeep\n|\n|t:|1700935682\n|switch|p1a: Lord|Indeedee, M|100\/100\n|-damage|p1a: Lord|88\/100|[from] Stealth Rock\n|-fieldstart|move: Psychic Terrain|[from] ability: Psychic Surge|[of] p1a: Lord\n|turn|10\n|\n|t:|1700935695\n|move|p2a: Quaquaval|Aqua Step|p1a: Lord\n|-damage|p1a: Lord|0 fnt\n|-boost|p2a: Quaquaval|spe|1\n|faint|p1a: Lord\n|-ability|p2a: Quaquaval|Moxie|boost\n|-boost|p2a: Quaquaval|atk|1\n|\n|upkeep\n|\n|t:|1700935702\n|switch|p1a: Shah|Hoopa-Unbound|100\/100\n|-damage|p1a: Shah|88\/100|[from] Stealth Rock\n|turn|11\n|\n|t:|1700935709\n|move|p2a: Quaquaval|Close Combat|p1a: Shah\n|-damage|p1a: Shah|0 fnt\n|-unboost|p2a: Quaquaval|def|1\n|-unboost|p2a: Quaquaval|spd|1\n|faint|p1a: Shah\n|-ability|p2a: Quaquaval|Moxie|boost\n|-boost|p2a: Quaquaval|atk|1\n|\n|upkeep\n|\n|t:|1700935716\n|switch|p1a: Daimyo|Mienshao, M|100\/100\n|turn|12\n|\n|t:|1700935724\n|move|p2a: Quaquaval|Aqua Step|p1a: Daimyo\n|-damage|p1a: Daimyo|0 fnt\n|-boost|p2a: Quaquaval|spe|1\n|faint|p1a: Daimyo\n|-ability|p2a: Quaquaval|Moxie|boost\n|-boost|p2a: Quaquaval|atk|1\n|\n|upkeep\n|\n|t:|1700935730\n|switch|p1a: Eminence|Great Tusk|25\/100\n|-damage|p1a: Eminence|22\/100|[from] Stealth Rock\n|turn|13\n|\n|t:|1700935735\n|move|p2a: Quaquaval|Aqua Step|p1a: Eminence\n|-supereffective|p1a: Eminence\n|-damage|p1a: Eminence|0 fnt\n|-boost|p2a: Quaquaval|spe|1\n|faint|p1a: Eminence\n|-end|p1a: Eminence|Protosynthesis|[silent]\n|\n|win|Phillammon\n","uploadtime":1700935744,"views":2,"p1id":"shadowtopaz","p2id":"phillammon","formatid":"gen9nationaldex","rating":0,"private":0,"password":""}