{"id":"gen9nationaldex-1994365440","p1":"OrigamiPokemonFan","p2":"Syph0n_78","format":"[Gen 9] National Dex","log":"|j|\u2606OrigamiPokemonFan\n|j|\u2606Syph0n_78\n|t:|1700435632\n|gametype|singles\n|player|p1|OrigamiPokemonFan|whitney|1258\n|player|p2|Syph0n_78|iris-gen5bw2|1337\n|teamsize|p1|6\n|teamsize|p2|6\n|gen|9\n|tier|[Gen 9] National Dex\n|rated|\n|rule|HP Percentage Mod: HP is shown in percentages\n|rule|Endless Battle Clause: Forcing endless battles is banned\n|rule|OHKO Clause: OHKO moves are banned\n|rule|Evasion Clause: Evasion abilities, items, and moves are banned\n|rule|Evasion Abilities Clause: Evasion abilities are banned\n|rule|Evasion Items Clause: Evasion items are banned\n|rule|Evasion Moves Clause: Evasion moves are banned\n|rule|Species Clause: Limit one of each Pok\u00e9mon\n|rule|Sleep Clause Mod: Limit one foe put to sleep\n|clearpoke\n|poke|p1|Gliscor, F|\n|poke|p1|Gardevoir, M|\n|poke|p1|Lucario, M|\n|poke|p1|Gyarados, M|\n|poke|p1|Kommo-o, F|\n|poke|p1|Aegislash, M|\n|poke|p2|Arcanine, M|\n|poke|p2|Lopunny, M|\n|poke|p2|Hydreigon, F|\n|poke|p2|Zapdos|\n|poke|p2|Tapu Fini|\n|poke|p2|Iron Treads|\n|teampreview\n|inactive|Battle timer is ON: inactive players will automatically lose when time's up. (requested by OrigamiPokemonFan)\n|\n|t:|1700435638\n|start\n|switch|p1a: Aegislash|Aegislash, M|100\/100\n|switch|p2a: Iron Treads|Iron Treads|100\/100\n|turn|1\n|\n|t:|1700435645\n|move|p1a: Aegislash|King's Shield|p1a: Aegislash\n|-singleturn|p1a: Aegislash|Protect\n|move|p2a: Iron Treads|Stealth Rock|p1a: Aegislash\n|-sidestart|p1: OrigamiPokemonFan|move: Stealth Rock\n|\n|upkeep\n|turn|2\n|\n|t:|1700435651\n|move|p2a: Iron Treads|Earthquake|p1a: Aegislash\n|-supereffective|p1a: Aegislash\n|-damage|p1a: Aegislash|25\/100\n|-formechange|p1a: Aegislash|Aegislash-Blade||[from] ability: Stance Change\n|move|p1a: Aegislash|Sacred Sword|p2a: Iron Treads\n|-supereffective|p2a: Iron Treads\n|-damage|p2a: Iron Treads|48\/100\n|\n|-heal|p1a: Aegislash|31\/100|[from] item: Leftovers\n|upkeep\n|turn|3\n|\n|t:|1700435663\n|-formechange|p1a: Aegislash|Aegislash||[from] ability: Stance Change\n|move|p1a: Aegislash|King's Shield|p1a: Aegislash\n|-singleturn|p1a: Aegislash|Protect\n|move|p2a: Iron Treads|Volt Switch|p1a: Aegislash\n|-activate|p1a: Aegislash|move: Protect\n|\n|-heal|p1a: Aegislash|37\/100|[from] item: Leftovers\n|upkeep\n|turn|4\n|\n|t:|1700435682\n|-end|p2a: Iron Treads|Quark Drive|[silent]\n|switch|p2a: Tapu Fini|Tapu Fini|100\/100\n|-fieldstart|move: Misty Terrain|[from] ability: Misty Surge|[of] p2a: Tapu Fini\n|switch|p1a: Gliscor|Gliscor, F|100\/100\n|-damage|p1a: Gliscor|88\/100|[from] Stealth Rock\n|\n|-status|p1a: Gliscor|tox|[from] item: Toxic Orb\n|upkeep\n|turn|5\n|\n|t:|1700435694\n|move|p1a: Gliscor|Protect|p1a: Gliscor\n|-singleturn|p1a: Gliscor|Protect\n|move|p2a: Tapu Fini|Surf|p1a: Gliscor\n|-activate|p1a: Gliscor|move: Protect\n|\n|-heal|p1a: Gliscor|100\/100 tox|[from] ability: Poison Heal\n|upkeep\n|turn|6\n|\n|t:|1700435704\n|move|p1a: Gliscor|Toxic|p2a: Tapu Fini\n|-activate|p2a: Tapu Fini|move: Misty Terrain\n|move|p2a: Tapu Fini|Draining Kiss|p1a: Gliscor\n|-crit|p1a: Gliscor\n|-damage|p1a: Gliscor|67\/100 tox\n|\n|-heal|p1a: Gliscor|80\/100 tox|[from] ability: Poison Heal\n|upkeep\n|turn|7\n|\n|t:|1700435713\n|move|p1a: Gliscor|Protect|p1a: Gliscor\n|-singleturn|p1a: Gliscor|Protect\n|move|p2a: Tapu Fini|Draining Kiss|p1a: Gliscor\n|-activate|p1a: Gliscor|move: Protect\n|\n|-heal|p1a: Gliscor|92\/100 tox|[from] ability: Poison Heal\n|upkeep\n|turn|8\n|\n|t:|1700435721\n|move|p1a: Gliscor|Earthquake|p2a: Tapu Fini\n|-damage|p2a: Tapu Fini|69\/100\n|move|p2a: Tapu Fini|Surf|p1a: Gliscor\n|-supereffective|p1a: Gliscor\n|-damage|p1a: Gliscor|21\/100 tox\n|\n|-heal|p2a: Tapu Fini|75\/100|[from] item: Leftovers\n|-heal|p1a: Gliscor|33\/100 tox|[from] ability: Poison Heal\n|-fieldend|Misty Terrain\n|upkeep\n|turn|9\n|\n|t:|1700435732\n|switch|p2a: Iron Treads|Iron Treads|48\/100\n|move|p1a: Gliscor|Protect||[still]\n|-fail|p1a: Gliscor\n|\n|-heal|p1a: Gliscor|46\/100 tox|[from] ability: Poison Heal\n|upkeep\n|turn|10\n|\n|t:|1700435742\n|-end|p2a: Iron Treads|Quark Drive|[silent]\n|switch|p2a: Zapdos|Zapdos|100\/100\n|move|p1a: Gliscor|Protect||[still]\n|-fail|p1a: Gliscor\n|\n|-heal|p1a: Gliscor|58\/100 tox|[from] ability: Poison Heal\n|upkeep\n|turn|11\n|\n|t:|1700435754\n|switch|p2a: Tapu Fini|Tapu Fini|75\/100\n|-fieldstart|move: Misty Terrain|[from] ability: Misty Surge|[of] p2a: Tapu Fini\n|move|p1a: Gliscor|U-turn|p2a: Tapu Fini\n|-resisted|p2a: Tapu Fini\n|-damage|p2a: Tapu Fini|68\/100\n|\n|t:|1700435763\n|switch|p1a: Lucario|Lucario, M|100\/100|[from] U-turn\n|-damage|p1a: Lucario|98\/100|[from] Stealth Rock\n|\n|-heal|p2a: Tapu Fini|74\/100|[from] item: Leftovers\n|upkeep\n|turn|12\n|\n|t:|1700435772\n|move|p1a: Lucario|Thunder Punch|p2a: Tapu Fini\n|-supereffective|p2a: Tapu Fini\n|-damage|p2a: Tapu Fini|21\/100\n|move|p2a: Tapu Fini|Surf|p1a: Lucario\n|-damage|p1a: Lucario|50\/100\n|\n|-heal|p2a: Tapu Fini|28\/100|[from] item: Leftovers\n|upkeep\n|turn|13\n|\n|t:|1700435781\n|switch|p2a: Zapdos|Zapdos|100\/100\n|move|p1a: Lucario|Bullet Punch|p2a: Zapdos\n|-resisted|p2a: Zapdos\n|-damage|p2a: Zapdos|90\/100\n|\n|upkeep\n|turn|14\n|\n|t:|1700435795\n|move|p2a: Zapdos|Heat Wave|p1a: Lucario\n|-supereffective|p1a: Lucario\n|-damage|p1a: Lucario|0 fnt\n|faint|p1a: Lucario\n|\n|upkeep\n|\n|t:|1700435802\n|switch|p1a: Gliscor|Gliscor, F|58\/100 tox\n|-damage|p1a: Gliscor|46\/100 tox|[from] Stealth Rock\n|turn|15\n|\n|t:|1700435807\n|move|p2a: Zapdos|Hurricane|p1a: Gliscor|[miss]\n|-miss|p2a: Zapdos|p1a: Gliscor\n|move|p1a: Gliscor|Toxic|p2a: Zapdos\n|-status|p2a: Zapdos|tox\n|\n|-damage|p2a: Zapdos|84\/100 tox|[from] psn\n|-heal|p1a: Gliscor|58\/100 tox|[from] ability: Poison Heal\n|-fieldend|Misty Terrain\n|upkeep\n|turn|16\n|\n|t:|1700435828\n|move|p1a: Gliscor|Protect|p1a: Gliscor\n|-singleturn|p1a: Gliscor|Protect\n|move|p2a: Zapdos|Heat Wave|p1a: Gliscor\n|-activate|p1a: Gliscor|move: Protect\n|\n|-damage|p2a: Zapdos|71\/100 tox|[from] psn\n|-heal|p1a: Gliscor|71\/100 tox|[from] ability: Poison Heal\n|upkeep\n|turn|17\n|\n|t:|1700435839\n|switch|p2a: Tapu Fini|Tapu Fini|28\/100\n|-fieldstart|move: Misty Terrain|[from] ability: Misty Surge|[of] p2a: Tapu Fini\n|move|p1a: Gliscor|U-turn|p2a: Tapu Fini\n|-resisted|p2a: Tapu Fini\n|-damage|p2a: Tapu Fini|20\/100\n|\n|t:|1700435846\n|switch|p1a: Gyarados|Gyarados, M|100\/100|[from] U-turn\n|-damage|p1a: Gyarados|76\/100|[from] Stealth Rock\n|-ability|p1a: Gyarados|Intimidate|boost\n|-unboost|p2a: Tapu Fini|atk|1\n|\n|-heal|p2a: Tapu Fini|26\/100|[from] item: Leftovers\n|upkeep\n|turn|18\n|\n|t:|1700435858\n|move|p1a: Gyarados|Aqua Tail|p2a: Tapu Fini\n|-resisted|p2a: Tapu Fini\n|-damage|p2a: Tapu Fini|0 fnt\n|faint|p2a: Tapu Fini\n|-damage|p1a: Gyarados|66\/100|[from] item: Life Orb\n|\n|upkeep\n|\n|t:|1700435864\n|switch|p2a: Lopunny|Lopunny, M|100\/100\n|turn|19\n|\n|t:|1700435870\n|detailschange|p2a: Lopunny|Lopunny-Mega, M\n|-mega|p2a: Lopunny|Lopunny|Lopunnite\n|move|p2a: Lopunny|Fake Out|p1a: Gyarados\n|-damage|p1a: Gyarados|39\/100\n|cant|p1a: Gyarados|flinch\n|\n|upkeep\n|turn|20\n|\n|t:|1700435882\n|move|p2a: Lopunny|Return|p1a: Gyarados\n|-damage|p1a: Gyarados|0 fnt\n|faint|p1a: Gyarados\n|\n|upkeep\n|\n|t:|1700435891\n|switch|p1a: Gardevoir|Gardevoir, M|100\/100\n|-damage|p1a: Gardevoir|88\/100|[from] Stealth Rock\n|turn|21\n|\n|t:|1700435900\n|switch|p2a: Iron Treads|Iron Treads|48\/100\n|detailschange|p1a: Gardevoir|Gardevoir-Mega, M\n|-mega|p1a: Gardevoir|Gardevoir|Gardevoirite\n|move|p1a: Gardevoir|Psychic|p2a: Iron Treads\n|-resisted|p2a: Iron Treads\n|-damage|p2a: Iron Treads|14\/100\n|\n|-fieldend|Misty Terrain\n|upkeep\n|turn|22\n|\n|t:|1700435918\n|move|p2a: Iron Treads|Volt Switch|p1a: Gardevoir\n|-damage|p1a: Gardevoir|77\/100\n|\n|t:|1700435920\n|-end|p2a: Iron Treads|Quark Drive|[silent]\n|switch|p2a: Hydreigon|Hydreigon, F|100\/100|[from] Volt Switch\n|move|p1a: Gardevoir|Aura Sphere|p2a: Hydreigon\n|-supereffective|p2a: Hydreigon\n|-damage|p2a: Hydreigon|24\/100\n|\n|upkeep\n|turn|23\n|\n|t:|1700435929\n|move|p2a: Hydreigon|Flash Cannon|p1a: Gardevoir\n|-supereffective|p1a: Gardevoir\n|-damage|p1a: Gardevoir|20\/100\n|move|p1a: Gardevoir|Dazzling Gleam|p2a: Hydreigon\n|-supereffective|p2a: Hydreigon\n|-damage|p2a: Hydreigon|0 fnt\n|faint|p2a: Hydreigon\n|\n|upkeep\n|\n|t:|1700435939\n|switch|p2a: Lopunny|Lopunny-Mega, M|100\/100\n|turn|24\n|\n|t:|1700435943\n|move|p2a: Lopunny|Fake Out|p1a: Gardevoir\n|-damage|p1a: Gardevoir|0 fnt\n|faint|p1a: Gardevoir\n|\n|upkeep\n|\n|t:|1700435950\n|switch|p1a: Aegislash|Aegislash, M|37\/100\n|-damage|p1a: Aegislash|31\/100|[from] Stealth Rock\n|turn|25\n|\n|t:|1700435955\n|move|p1a: Aegislash|King's Shield|p1a: Aegislash\n|-singleturn|p1a: Aegislash|Protect\n|move|p2a: Lopunny|High Jump Kick|p1a: Aegislash\n|-activate|p1a: Aegislash|move: Protect\n|-unboost|p2a: Lopunny|atk|1\n|-damage|p2a: Lopunny|51\/100|[from] highjumpkick\n|\n|-heal|p1a: Aegislash|37\/100|[from] item: Leftovers\n|upkeep\n|turn|26\n|\n|t:|1700435968\n|move|p2a: Lopunny|High Jump Kick|p1a: Aegislash\n|-supereffective|p1a: Aegislash\n|-damage|p1a: Aegislash|0 fnt\n|faint|p1a: Aegislash\n|\n|upkeep\n|\n|t:|1700435974\n|switch|p1a: Gliscor|Gliscor, F|71\/100 tox\n|-damage|p1a: Gliscor|58\/100 tox|[from] Stealth Rock\n|turn|27\n|\n|t:|1700435978\n|move|p1a: Gliscor|Protect|p1a: Gliscor\n|-singleturn|p1a: Gliscor|Protect\n|move|p2a: Lopunny|Triple Axel|p1a: Gliscor\n|-activate|p1a: Gliscor|move: Protect\n|\n|-heal|p1a: Gliscor|71\/100 tox|[from] ability: Poison Heal\n|upkeep\n|turn|28\n|\n|t:|1700435989\n|move|p2a: Lopunny|Triple Axel|p1a: Gliscor\n|-supereffective|p1a: Gliscor\n|-damage|p1a: Gliscor|58\/100 tox\n|-supereffective|p1a: Gliscor\n|-damage|p1a: Gliscor|36\/100 tox\n|-supereffective|p1a: Gliscor\n|-damage|p1a: Gliscor|0 fnt\n|faint|p1a: Gliscor\n|-hitcount|p1: Gliscor|3\n|\n|upkeep\n|\n|t:|1700435997\n|switch|p1a: Kommo-o|Kommo-o, F|100\/100\n|-damage|p1a: Kommo-o|94\/100|[from] Stealth Rock\n|turn|29\n|\n|t:|1700436002\n|move|p2a: Lopunny|Triple Axel|p1a: Kommo-o\n|-supereffective|p1a: Kommo-o\n|-damage|p1a: Kommo-o|84\/100\n|-supereffective|p1a: Kommo-o\n|-damage|p1a: Kommo-o|66\/100\n|-supereffective|p1a: Kommo-o\n|-damage|p1a: Kommo-o|39\/100\n|-hitcount|p1a: Kommo-o|3\n|-zpower|p1a: Kommo-o\n|move|p1a: Kommo-o|Clangorous Soulblaze|p2a: Lopunny|[zeffect]\n|-damage|p2a: Lopunny|0 fnt\n|faint|p2a: Lopunny\n|-boost|p1a: Kommo-o|atk|1\n|-boost|p1a: Kommo-o|def|1\n|-boost|p1a: Kommo-o|spa|1\n|-boost|p1a: Kommo-o|spd|1\n|-boost|p1a: Kommo-o|spe|1\n|\n|upkeep\n|\n|t:|1700436026\n|switch|p2a: Zapdos|Zapdos|71\/100 tox\n|turn|30\n|\n|t:|1700436032\n|-terastallize|p2a: Zapdos|Steel\n|move|p1a: Kommo-o|Boomburst|p2a: Zapdos\n|-resisted|p2a: Zapdos\n|-damage|p2a: Zapdos|52\/100 tox\n|move|p2a: Zapdos|Hurricane|p1a: Kommo-o\n|-supereffective|p1a: Kommo-o\n|-damage|p1a: Kommo-o|0 fnt\n|faint|p1a: Kommo-o\n|\n|win|Syph0n_78\n|raw|OrigamiPokemonFan's rating: 1258 &rarr; <strong>1239<\/strong><br \/>(-19 for losing)\n|raw|Syph0n_78's rating: 1337 &rarr; <strong>1353<\/strong><br \/>(+16 for winning)\n|l|\u2606OrigamiPokemonFan\n|c|\u2606Syph0n_78|gg\n","uploadtime":1700436046,"views":13,"p1id":"origamipokemonfan","p2id":"syph0n78","formatid":"gen9nationaldex","rating":1239,"private":0,"password":""}