{"id":"gen9nationaldex-1995929170","p1":"Togatas","p2":"SirGiraffeIV","format":"[Gen 9] National Dex","log":"|html|<div class=\"broadcast-blue\"><strong>[Gen 9] National Dex is currently suspecting Sneasler! For information on how to participate check out the <a href=\"https:\/\/www.smogon.com\/forums\/threads\/sv-national-dex-suspect-8-just-dance.3731534\/\">suspect thread<\/a>.<\/strong><\/div>\n|j|\u2606Togatas\n|j|\u2606SirGiraffeIV\n|t:|1700618537\n|gametype|singles\n|player|p1|Togatas|gentleman-gen2|1005\n|player|p2|SirGiraffeIV|dawn|1000\n|teamsize|p1|6\n|teamsize|p2|6\n|gen|9\n|tier|[Gen 9] National Dex\n|rated|\n|rule|HP Percentage Mod: HP is shown in percentages\n|rule|Endless Battle Clause: Forcing endless battles is banned\n|rule|OHKO Clause: OHKO moves are banned\n|rule|Evasion Clause: Evasion abilities, items, and moves are banned\n|rule|Evasion Abilities Clause: Evasion abilities are banned\n|rule|Evasion Items Clause: Evasion items are banned\n|rule|Evasion Moves Clause: Evasion moves are banned\n|rule|Species Clause: Limit one of each Pok\u00e9mon\n|rule|Sleep Clause Mod: Limit one foe put to sleep\n|clearpoke\n|poke|p1|Weavile, F|\n|poke|p1|Roserade, F|\n|poke|p1|Gardevoir, F|\n|poke|p1|Pangoro, M|\n|poke|p1|Swampert, M|\n|poke|p1|Dragonite, F|\n|poke|p2|Moltres-Galar|\n|poke|p2|Landorus-Therian, M|\n|poke|p2|Tapu Lele|\n|poke|p2|Heatran, M|\n|poke|p2|Cloyster, F|\n|poke|p2|Kartana|\n|teampreview\n|\n|t:|1700618547\n|start\n|switch|p1a: Gil|Swampert, M|100\/100\n|switch|p2a: Landorus|Landorus-Therian, M|100\/100\n|-ability|p2a: Landorus|Intimidate|boost\n|-unboost|p1a: Gil|atk|1\n|turn|1\n|\n|t:|1700618562\n|detailschange|p1a: Gil|Swampert-Mega, M\n|-mega|p1a: Gil|Swampert|Swampertite\n|move|p2a: Landorus|Stealth Rock|p1a: Gil\n|-sidestart|p1: Togatas|move: Stealth Rock\n|move|p1a: Gil|Ice Beam|p2a: Landorus\n|-supereffective|p2a: Landorus\n|-damage|p2a: Landorus|6\/100\n|\n|upkeep\n|turn|2\n|\n|t:|1700618573\n|move|p2a: Landorus|Earthquake|p1a: Gil\n|-damage|p1a: Gil|54\/100\n|move|p1a: Gil|Ice Beam|p2a: Landorus\n|-supereffective|p2a: Landorus\n|-damage|p2a: Landorus|0 fnt\n|faint|p2a: Landorus\n|\n|upkeep\n|\n|t:|1700618580\n|switch|p2a: Kartana|Kartana|100\/100\n|turn|3\n|\n|t:|1700618587\n|move|p2a: Kartana|Leaf Blade|p1a: Gil\n|-supereffective|p1a: Gil\n|-damage|p1a: Gil|0 fnt\n|faint|p1a: Gil\n|-ability|p2a: Kartana|Beast Boost|boost\n|-boost|p2a: Kartana|atk|1\n|-damage|p2a: Kartana|91\/100|[from] item: Life Orb\n|\n|upkeep\n|\n|t:|1700618598\n|switch|p1a: Jacket|Pangoro, M, shiny|100\/100\n|-damage|p1a: Jacket|94\/100|[from] Stealth Rock\n|turn|4\n|\n|t:|1700618627\n|move|p2a: Kartana|Sacred Sword|p1a: Jacket\n|-supereffective|p1a: Jacket\n|-damage|p1a: Jacket|0 fnt\n|faint|p1a: Jacket\n|-ability|p2a: Kartana|Beast Boost|boost\n|-boost|p2a: Kartana|atk|1\n|-damage|p2a: Kartana|81\/100|[from] item: Life Orb\n|\n|upkeep\n|\n|t:|1700618636\n|switch|p1a: Ivy|Roserade, F, shiny|100\/100\n|-damage|p1a: Ivy|88\/100|[from] Stealth Rock\n|turn|5\n|\n|t:|1700618656\n|move|p2a: Kartana|Knock Off|p1a: Ivy\n|-damage|p1a: Ivy|0 fnt\n|-enditem|p1a: Ivy|Focus Sash|[from] move: Knock Off|[of] p2a: Kartana\n|faint|p1a: Ivy\n|-ability|p2a: Kartana|Beast Boost|boost\n|-boost|p2a: Kartana|atk|1\n|-damage|p2a: Kartana|72\/100|[from] item: Life Orb\n|\n|upkeep\n|\n|t:|1700618663\n|switch|p1a: Bessie|Dragonite, F|100\/100\n|-damage|p1a: Bessie|76\/100|[from] Stealth Rock\n|turn|6\n|\n|t:|1700618694\n|move|p2a: Kartana|Knock Off|p1a: Bessie\n|-damage|p1a: Bessie|0 fnt\n|-enditem|p1a: Bessie|Leftovers|[from] move: Knock Off|[of] p2a: Kartana\n|faint|p1a: Bessie\n|-ability|p2a: Kartana|Beast Boost|boost\n|-boost|p2a: Kartana|atk|1\n|-damage|p2a: Kartana|62\/100|[from] item: Life Orb\n|\n|upkeep\n|\n|t:|1700618703\n|switch|p1a: Delinquent|Weavile, F|100\/100\n|-damage|p1a: Delinquent|76\/100|[from] Stealth Rock\n|-ability|p1a: Delinquent|Pressure\n|turn|7\n|\n|t:|1700618717\n|move|p1a: Delinquent|Ice Punch|p2a: Kartana\n|-damage|p2a: Kartana|21\/100\n|move|p2a: Kartana|Sacred Sword|p1a: Delinquent\n|-supereffective|p1a: Delinquent\n|-crit|p1a: Delinquent\n|-damage|p1a: Delinquent|0 fnt\n|faint|p1a: Delinquent\n|-ability|p2a: Kartana|Beast Boost|boost\n|-boost|p2a: Kartana|atk|1\n|-damage|p2a: Kartana|12\/100|[from] item: Life Orb\n|\n|upkeep\n|\n|t:|1700618727\n|switch|p1a: Lady|Gardevoir, F|100\/100\n|-damage|p1a: Lady|88\/100|[from] Stealth Rock\n|-ability|p1a: Lady|Beast Boost|[from] ability: Trace|[of] p2a: Kartana\n|turn|8\n|c|\u2606Togatas|gg\n|\n|t:|1700618748\n|move|p2a: Kartana|Knock Off|p1a: Lady\n|-damage|p1a: Lady|0 fnt\n|faint|p1a: Lady\n|-damage|p2a: Kartana|2\/100|[from] item: Life Orb\n|\n|win|SirGiraffeIV\n|raw|Togatas's rating: 1005 &rarr; <strong>1000<\/strong><br \/>(-5 for losing)\n|raw|SirGiraffeIV's rating: 1000 &rarr; <strong>1041<\/strong><br \/>(+41 for winning)\n|l|\u2606Togatas\n|c|\u2606SirGiraffeIV|gg\n","uploadtime":1700618838,"views":7,"p1id":"togatas","p2id":"sirgiraffeiv","formatid":"gen9nationaldex","rating":1000,"private":0,"password":""}