{"id":"gen9nationaldex-1989467178","p1":"HometesterD","p2":"OrganicMaterial","format":"[Gen 9] National Dex","log":"|j|\u2606HometesterD\n|j|\u2606OrganicMaterial\n|t:|1699855081\n|gametype|singles\n|player|p1|HometesterD|roxie|1012\n|player|p2|OrganicMaterial|dragontamer|1048\n|teamsize|p1|6\n|teamsize|p2|6\n|gen|9\n|tier|[Gen 9] National Dex\n|rated|\n|rule|HP Percentage Mod: HP is shown in percentages\n|rule|Endless Battle Clause: Forcing endless battles is banned\n|rule|OHKO Clause: OHKO moves are banned\n|rule|Evasion Clause: Evasion abilities, items, and moves are banned\n|rule|Evasion Abilities Clause: Evasion abilities are banned\n|rule|Evasion Items Clause: Evasion items are banned\n|rule|Evasion Moves Clause: Evasion moves are banned\n|rule|Species Clause: Limit one of each Pok\u00e9mon\n|rule|Sleep Clause Mod: Limit one foe put to sleep\n|clearpoke\n|poke|p1|Cloyster, F|\n|poke|p1|Ninetales-Alola, M|\n|poke|p1|Piloswine, F|\n|poke|p1|Rotom-Frost|\n|poke|p1|Glalie, F|\n|poke|p1|Weavile, M|\n|poke|p2|Ditto|\n|poke|p2|Mew|\n|poke|p2|Lycanroc-Midnight, F|\n|poke|p2|Tyrantrum, F|\n|poke|p2|Corsola, M|\n|poke|p2|Empoleon, F|\n|teampreview\n|\n|t:|1699855091\n|start\n|switch|p1a: Ninetales|Ninetales-Alola, M, shiny|100\/100\n|switch|p2a: Penguin|Empoleon, F, shiny|100\/100\n|-weather|Snow|[from] ability: Snow Warning|[of] p1a: Ninetales\n|turn|1\n|\n|t:|1699855100\n|move|p1a: Ninetales|Aurora Veil|p1a: Ninetales\n|-sidestart|p1: HometesterD|move: Aurora Veil\n|move|p2a: Penguin|Flash Cannon|p1a: Ninetales\n|-supereffective|p1a: Ninetales\n|-damage|p1a: Ninetales|6\/100\n|\n|-weather|Snow|[upkeep]\n|upkeep\n|turn|2\n|\n|t:|1699855110\n|switch|p1a: Rotom|Rotom-Frost|100\/100\n|move|p2a: Penguin|Flash Cannon|p1a: Rotom\n|-damage|p1a: Rotom|77\/100\n|\n|-weather|Snow|[upkeep]\n|upkeep\n|turn|3\n|\n|t:|1699855131\n|switch|p2a: Werewolf|Lycanroc-Midnight, F, shiny|100\/100\n|move|p1a: Rotom|Thunderbolt|p2a: Werewolf\n|-damage|p2a: Werewolf|47\/100\n|\n|-weather|Snow|[upkeep]\n|upkeep\n|turn|4\n|\n|t:|1699855150\n|move|p1a: Rotom|Volt Switch|p2a: Werewolf\n|-damage|p2a: Werewolf|7\/100\n|\n|t:|1699855160\n|switch|p1a: Cloyster|Cloyster, F|100\/100|[from] Volt Switch\n|-zpower|p2a: Werewolf\n|move|p2a: Werewolf|Splintered Stormshards|p1a: Cloyster|[zeffect]\n|-supereffective|p1a: Cloyster\n|-damage|p1a: Cloyster|71\/100\n|\n|-weather|Snow|[upkeep]\n|upkeep\n|turn|5\n|\n|t:|1699855202\n|move|p2a: Werewolf|Close Combat|p1a: Cloyster\n|-supereffective|p1a: Cloyster\n|-damage|p1a: Cloyster|57\/100\n|-unboost|p2a: Werewolf|def|1\n|-unboost|p2a: Werewolf|spd|1\n|move|p1a: Cloyster|Hydro Pump|p2a: Werewolf\n|-supereffective|p2a: Werewolf\n|-damage|p2a: Werewolf|0 fnt\n|faint|p2a: Werewolf\n|\n|-weather|none\n|upkeep\n|\n|t:|1699855215\n|switch|p2a: King|Mew, shiny|100\/100\n|turn|6\n|\n|t:|1699855247\n|move|p2a: King|Psychic|p1a: Cloyster\n|-damage|p1a: Cloyster|16\/100\n|move|p1a: Cloyster|Spike Cannon|p2a: King\n|-damage|p2a: King|97\/100\n|-damage|p2a: King|93\/100\n|-damage|p2a: King|89\/100\n|-hitcount|p2a: King|3\n|\n|upkeep\n|turn|7\n|\n|t:|1699855263\n|move|p2a: King|Psychic|p1a: Cloyster\n|-damage|p1a: Cloyster|0 fnt\n|faint|p1a: Cloyster\n|\n|upkeep\n|\n|t:|1699855285\n|switch|p1a: Weavile|Weavile, M|100\/100\n|turn|8\n|\n|t:|1699855315\n|move|p1a: Weavile|Knock Off|p2a: King\n|-supereffective|p2a: King\n|-damage|p2a: King|4\/100\n|-damage|p1a: Weavile|91\/100|[from] item: Life Orb\n|move|p2a: King|Aura Sphere|p1a: Weavile\n|-supereffective|p1a: Weavile\n|-damage|p1a: Weavile|26\/100\n|\n|-sideend|p1: HometesterD|move: Aurora Veil\n|upkeep\n|turn|9\n|\n|t:|1699855363\n|move|p1a: Weavile|Ice Shard|p2a: King\n|-damage|p2a: King|0 fnt\n|faint|p2a: King\n|-damage|p1a: Weavile|17\/100|[from] item: Life Orb\n|\n|upkeep\n|\n|t:|1699855374\n|switch|p2a: Squish|Ditto, shiny|100\/100\n|-transform|p2a: Squish|p1a: Weavile|[from] ability: Imposter\n|turn|10\n|\n|t:|1699855395\n|switch|p1a: Ninetales|Ninetales-Alola, M, shiny|6\/100\n|-weather|Snow|[from] ability: Snow Warning|[of] p1a: Ninetales\n|-terastallize|p2a: Squish|Ghost\n|move|p2a: Squish|Low Kick|p1a: Ninetales\n|-damage|p1a: Ninetales|0 fnt\n|faint|p1a: Ninetales\n|\n|-weather|Snow|[upkeep]\n|upkeep\n|\n|t:|1699855404\n|switch|p1a: Weavile|Weavile, M|17\/100\n|turn|11\n|\n|t:|1699855411\n|move|p2a: Squish|Ice Shard|p1a: Weavile\n|-resisted|p1a: Weavile\n|-damage|p1a: Weavile|6\/100\n|move|p1a: Weavile|Knock Off|p2a: Squish\n|-supereffective|p2a: Squish\n|-damage|p2a: Squish|0 fnt\n|-enditem|p2a: Squish|Quick Powder|[from] move: Knock Off|[of] p1a: Weavile\n|faint|p2a: Squish\n|-damage|p1a: Weavile|0 fnt|[from] item: Life Orb\n|faint|p1a: Weavile\n|\n|-weather|Snow|[upkeep]\n|upkeep\n|\n|t:|1699855439\n|switch|p1a: Piloswine|Piloswine, F|100\/100\n|switch|p2a: Spiky Coral|Corsola, M, shiny|100\/100\n|turn|12\n|\n|t:|1699855455\n|move|p1a: Piloswine|Earthquake|p2a: Spiky Coral\n|-supereffective|p2a: Spiky Coral\n|-damage|p2a: Spiky Coral|34\/100\n|move|p2a: Spiky Coral|Light Screen|p2a: Spiky Coral\n|-sidestart|p2: OrganicMaterial|move: Light Screen\n|\n|-weather|Snow|[upkeep]\n|-heal|p2a: Spiky Coral|40\/100|[from] item: Leftovers\n|upkeep\n|turn|13\n|\n|t:|1699855465\n|move|p1a: Piloswine|Earthquake|p2a: Spiky Coral\n|-supereffective|p2a: Spiky Coral\n|-damage|p2a: Spiky Coral|0 fnt\n|faint|p2a: Spiky Coral\n|\n|-weather|Snow|[upkeep]\n|upkeep\n|\n|t:|1699855470\n|switch|p2a: Penguin|Empoleon, F, shiny|100\/100\n|turn|14\n|\n|t:|1699855483\n|switch|p1a: Rotom|Rotom-Frost|77\/100\n|move|p2a: Penguin|Flash Cannon|p1a: Rotom\n|-damage|p1a: Rotom|27\/100\n|\n|-weather|none\n|upkeep\n|turn|15\n|\n|t:|1699855536\n|move|p1a: Rotom|Thunderbolt|p2a: Penguin\n|-supereffective|p2a: Penguin\n|-damage|p2a: Penguin|66\/100\n|-status|p2a: Penguin|par\n|move|p2a: Penguin|Yawn|p1a: Rotom\n|-start|p1a: Rotom|move: Yawn|[of] p2a: Penguin\n|\n|-heal|p2a: Penguin|72\/100 par|[from] item: Leftovers\n|upkeep\n|turn|16\n|\n|t:|1699855548\n|-zpower|p1a: Rotom\n|move|p1a: Rotom|Subzero Slammer|p2a: Penguin|[zeffect]\n|-resisted|p2a: Penguin\n|-damage|p2a: Penguin|62\/100 par\n|move|p2a: Penguin|Flash Cannon|p1a: Rotom\n|-damage|p1a: Rotom|0 fnt\n|faint|p1a: Rotom\n|\n|-heal|p2a: Penguin|68\/100 par|[from] item: Leftovers\n|-sideend|p2: OrganicMaterial|move: Light Screen\n|upkeep\n|\n|t:|1699855557\n|switch|p1a: Piloswine|Piloswine, F|100\/100\n|turn|17\n|\n|t:|1699855564\n|move|p1a: Piloswine|Earthquake|p2a: Penguin\n|-supereffective|p2a: Penguin\n|-damage|p2a: Penguin|0 fnt\n|faint|p2a: Penguin\n|\n|upkeep\n|\n|t:|1699855569\n|switch|p2a: T-Rex Irl|Tyrantrum, F, shiny|100\/100\n|turn|18\n|\n|t:|1699855583\n|switch|p1a: Glalie|Glalie, F|100\/100\n|move|p2a: T-Rex Irl|Dragon Dance|p2a: T-Rex Irl\n|-boost|p2a: T-Rex Irl|atk|1\n|-boost|p2a: T-Rex Irl|spe|1\n|\n|upkeep\n|turn|19\n|\n|t:|1699855602\n|detailschange|p1a: Glalie|Glalie-Mega, F\n|-mega|p1a: Glalie|Glalie|Glalitite\n|move|p1a: Glalie|Explosion|p2a: T-Rex Irl\n|-supereffective|p2a: T-Rex Irl\n|-damage|p2a: T-Rex Irl|0 fnt\n|faint|p1a: Glalie\n|faint|p2a: T-Rex Irl\n|\n|win|HometesterD\n|raw|HometesterD's rating: 1012 &rarr; <strong>1054<\/strong><br \/>(+42 for winning)\n|raw|OrganicMaterial's rating: 1048 &rarr; <strong>1029<\/strong><br \/>(-19 for losing)\n|c|\u2606HometesterD|this is going to make Kaboom\n|c|\u2606OrganicMaterial|xd\n|c|\u2606HometesterD|jkjk\n|c|\u2606OrganicMaterial|it went kaboom fr\n|c|\u2606OrganicMaterial|..\n|l|\u2606OrganicMaterial\n","uploadtime":1699855858,"views":17,"p1id":"hometesterd","p2id":"organicmaterial","formatid":"gen9nationaldex","rating":1029,"private":0,"password":""}