{"id":"gen9nationaldex-1989046819","p1":"Voltaris33","p2":"TianBing","format":"[Gen 9] National Dex","log":"|j|\u2606Voltaris33\n|j|\u2606TianBing\n|t:|1699806218\n|gametype|singles\n|player|p1|Voltaris33|unknown|1426\n|player|p2|TianBing|cynthia|1409\n|teamsize|p1|6\n|teamsize|p2|6\n|gen|9\n|tier|[Gen 9] National Dex\n|rated|\n|rule|HP Percentage Mod: HP is shown in percentages\n|rule|Endless Battle Clause: Forcing endless battles is banned\n|rule|OHKO Clause: OHKO moves are banned\n|rule|Evasion Clause: Evasion abilities, items, and moves are banned\n|rule|Evasion Abilities Clause: Evasion abilities are banned\n|rule|Evasion Items Clause: Evasion items are banned\n|rule|Evasion Moves Clause: Evasion moves are banned\n|rule|Species Clause: Limit one of each Pok\u00e9mon\n|rule|Sleep Clause Mod: Limit one foe put to sleep\n|clearpoke\n|poke|p1|Aegislash, F|\n|poke|p1|Ceruledge, M|\n|poke|p1|Armarouge, F|\n|poke|p1|Falinks|\n|poke|p1|Gallade, M|\n|poke|p1|Dhelmise|\n|poke|p2|Skarmory, M|\n|poke|p2|Garganacl, M|\n|poke|p2|Toxapex, F|\n|poke|p2|Dondozo, F|\n|poke|p2|Sableye, M|\n|poke|p2|Chansey, F|\n|teampreview\n|inactive|Battle timer is ON: inactive players will automatically lose when time's up. (requested by Voltaris33)\n|\n|t:|1699806228\n|start\n|switch|p1a: Dhelmise|Dhelmise, shiny|100\/100\n|switch|p2a: Toxapex|Toxapex, F|100\/100\n|turn|1\n|\n|t:|1699806241\n|switch|p2a: Skarmory|Skarmory, M|100\/100\n|move|p1a: Dhelmise|Earthquake|p2a: Skarmory\n|-immune|p2a: Skarmory\n|\n|upkeep\n|turn|2\n|\n|t:|1699806247\n|switch|p1a: Ceruledge|Ceruledge, M|100\/100\n|move|p2a: Skarmory|Stealth Rock|p1a: Ceruledge\n|-sidestart|p1: Voltaris33|move: Stealth Rock\n|\n|upkeep\n|turn|3\n|\n|t:|1699806253\n|switch|p2a: Dondozo|Dondozo, F|100\/100\n|move|p1a: Ceruledge|Bitter Blade|p2a: Dondozo\n|-resisted|p2a: Dondozo\n|-damage|p2a: Dondozo|90\/100\n|\n|-heal|p2a: Dondozo|96\/100|[from] item: Leftovers\n|upkeep\n|turn|4\n|\n|t:|1699806256\n|switch|p1a: Dhelmise|Dhelmise, shiny|100\/100\n|-damage|p1a: Dhelmise|88\/100|[from] Stealth Rock\n|move|p2a: Dondozo|Liquidation|p1a: Dhelmise\n|-resisted|p1a: Dhelmise\n|-damage|p1a: Dhelmise|73\/100\n|\n|-heal|p2a: Dondozo|100\/100|[from] item: Leftovers\n|upkeep\n|turn|5\n|\n|t:|1699806263\n|move|p1a: Dhelmise|Rapid Spin|p2a: Dondozo\n|-damage|p2a: Dondozo|91\/100\n|-boost|p1a: Dhelmise|spe|1\n|-sideend|p1: Voltaris33|Stealth Rock|[from] move: Rapid Spin|[of] p1a: Dhelmise\n|move|p2a: Dondozo|Liquidation|p1a: Dhelmise\n|-resisted|p1a: Dhelmise\n|-damage|p1a: Dhelmise|57\/100\n|-unboost|p1a: Dhelmise|def|1\n|\n|-heal|p2a: Dondozo|97\/100|[from] item: Leftovers\n|upkeep\n|turn|6\n|\n|t:|1699806268\n|move|p1a: Dhelmise|Poltergeist|p2a: Dondozo\n|-activate|p2a: Dondozo|move: Poltergeist|Leftovers\n|-damage|p2a: Dondozo|67\/100\n|move|p2a: Dondozo|Liquidation|p1a: Dhelmise\n|-resisted|p1a: Dhelmise\n|-damage|p1a: Dhelmise|43\/100\n|\n|-heal|p2a: Dondozo|74\/100|[from] item: Leftovers\n|upkeep\n|turn|7\n|\n|t:|1699806272\n|move|p1a: Dhelmise|Poltergeist|p2a: Dondozo\n|-activate|p2a: Dondozo|move: Poltergeist|Leftovers\n|-damage|p2a: Dondozo|46\/100\n|move|p2a: Dondozo|Liquidation|p1a: Dhelmise\n|-resisted|p1a: Dhelmise\n|-damage|p1a: Dhelmise|28\/100\n|\n|-heal|p2a: Dondozo|52\/100|[from] item: Leftovers\n|upkeep\n|turn|8\n|\n|t:|1699806278\n|switch|p1a: Aegislash|Aegislash, F, shiny|100\/100\n|move|p2a: Dondozo|Rest|p2a: Dondozo\n|-status|p2a: Dondozo|slp|[from] move: Rest\n|-heal|p2a: Dondozo|100\/100 slp|[silent]\n|\n|upkeep\n|turn|9\n|\n|t:|1699806288\n|-formechange|p1a: Aegislash|Aegislash-Blade||[from] ability: Stance Change\n|move|p1a: Aegislash|Shadow Ball|p2a: Dondozo\n|-damage|p2a: Dondozo|58\/100 slp\n|cant|p2a: Dondozo|slp\n|move|p2a: Dondozo|Sleep Talk|p2a: Dondozo\n|move|p2a: Dondozo|Rest||[from]move: Sleep Talk|[still]\n|-fail|p2a: Dondozo\n|\n|-heal|p2a: Dondozo|64\/100 slp|[from] item: Leftovers\n|upkeep\n|turn|10\n|\n|t:|1699806298\n|switch|p2a: Toxapex|Toxapex, F|100\/100\n|move|p1a: Aegislash|Shadow Ball|p2a: Toxapex\n|-damage|p2a: Toxapex|70\/100\n|-unboost|p2a: Toxapex|spd|1\n|\n|upkeep\n|turn|11\n|\n|t:|1699806306\n|switch|p1a: Dhelmise|Dhelmise, shiny|28\/100\n|move|p2a: Toxapex|Recover|p2a: Toxapex\n|-heal|p2a: Toxapex|100\/100\n|\n|upkeep\n|turn|12\n|\n|t:|1699806313\n|switch|p2a: Dondozo|Dondozo, F|64\/100 slp\n|move|p1a: Dhelmise|Earthquake|p2a: Dondozo\n|-damage|p2a: Dondozo|46\/100 slp\n|\n|-heal|p2a: Dondozo|52\/100 slp|[from] item: Leftovers\n|upkeep\n|turn|13\n|\n|t:|1699806317\n|switch|p1a: Aegislash|Aegislash, F, shiny|100\/100\n|cant|p2a: Dondozo|slp\n|move|p2a: Dondozo|Sleep Talk|p2a: Dondozo\n|move|p2a: Dondozo|Liquidation|p1a: Aegislash|[from]move: Sleep Talk\n|-damage|p1a: Aegislash|70\/100\n|\n|-heal|p2a: Dondozo|58\/100 slp|[from] item: Leftovers\n|upkeep\n|turn|14\n|\n|t:|1699806322\n|switch|p2a: Chansey|Chansey, F|100\/100\n|-formechange|p1a: Aegislash|Aegislash-Blade||[from] ability: Stance Change\n|move|p1a: Aegislash|Shadow Ball|p2a: Chansey\n|-immune|p2a: Chansey\n|\n|upkeep\n|turn|15\n|\n|t:|1699806328\n|move|p1a: Aegislash|Sacred Sword|p2a: Chansey\n|-supereffective|p2a: Chansey\n|-damage|p2a: Chansey|0 fnt\n|faint|p2a: Chansey\n|\n|upkeep\n|c|\u2606TianBing|...\n|c|\u2606TianBing|\u53cc\u5200\u554a\n|\n|t:|1699806341\n|switch|p2a: Toxapex|Toxapex, F|100\/100\n|turn|16\n|\n|t:|1699806355\n|-formechange|p1a: Aegislash|Aegislash||[from] ability: Stance Change\n|move|p1a: Aegislash|King's Shield|p1a: Aegislash\n|-singleturn|p1a: Aegislash|Protect\n|move|p2a: Toxapex|Scald|p1a: Aegislash\n|-activate|p1a: Aegislash|move: Protect\n|\n|upkeep\n|turn|17\n|\n|t:|1699806359\n|switch|p1a: Dhelmise|Dhelmise, shiny|28\/100\n|switch|p2a: Sableye|Sableye, M|100\/100\n|\n|upkeep\n|turn|18\n|\n|t:|1699806365\n|detailschange|p2a: Sableye|Sableye-Mega, M\n|-mega|p2a: Sableye|Sableye|Sablenite\n|move|p1a: Dhelmise|Poltergeist|p2a: Sableye|[miss]\n|-miss|p1a: Dhelmise|p2a: Sableye\n|move|p2a: Sableye|Knock Off|p1a: Dhelmise\n|-supereffective|p1a: Dhelmise\n|-damage|p1a: Dhelmise|0 fnt\n|-enditem|p1a: Dhelmise|Assault Vest|[from] move: Knock Off|[of] p2a: Sableye\n|faint|p1a: Dhelmise\n|\n|upkeep\n|\n|t:|1699806370\n|switch|p1a: Ceruledge|Ceruledge, M|100\/100\n|turn|19\n|\n|t:|1699806377\n|switch|p2a: Toxapex|Toxapex, F|100\/100\n|move|p1a: Ceruledge|Swords Dance|p1a: Ceruledge\n|-boost|p1a: Ceruledge|atk|2\n|\n|upkeep\n|turn|20\n|\n|t:|1699806384\n|move|p1a: Ceruledge|Dragon Claw|p2a: Toxapex\n|-damage|p2a: Toxapex|58\/100\n|move|p2a: Toxapex|Toxic|p1a: Ceruledge\n|-status|p1a: Ceruledge|tox\n|\n|-damage|p1a: Ceruledge|94\/100 tox|[from] psn\n|upkeep\n|turn|21\n|\n|t:|1699806388\n|move|p1a: Ceruledge|Swords Dance|p1a: Ceruledge\n|-boost|p1a: Ceruledge|atk|2\n|move|p2a: Toxapex|Recover|p2a: Toxapex\n|-heal|p2a: Toxapex|100\/100\n|\n|-damage|p1a: Ceruledge|82\/100 tox|[from] psn\n|upkeep\n|turn|22\n|\n|t:|1699806392\n|switch|p2a: Dondozo|Dondozo, F|58\/100 slp\n|move|p1a: Ceruledge|Swords Dance|p1a: Ceruledge\n|-boost|p1a: Ceruledge|atk|2\n|\n|-heal|p2a: Dondozo|64\/100 slp|[from] item: Leftovers\n|-damage|p1a: Ceruledge|63\/100 tox|[from] psn\n|upkeep\n|turn|23\n|\n|t:|1699806394\n|move|p1a: Ceruledge|Dragon Claw|p2a: Dondozo\n|-damage|p2a: Dondozo|52\/100 slp\n|-curestatus|p2a: Dondozo|slp|[msg]\n|move|p2a: Dondozo|Sleep Talk||[still]\n|-fail|p2a: Dondozo\n|\n|-heal|p2a: Dondozo|58\/100|[from] item: Leftovers\n|-damage|p1a: Ceruledge|39\/100 tox|[from] psn\n|upkeep\n|turn|24\n|\n|t:|1699806398\n|switch|p1a: Aegislash|Aegislash, F, shiny|70\/100\n|move|p2a: Dondozo|Sleep Talk||[still]\n|-fail|p2a: Dondozo\n|\n|-heal|p2a: Dondozo|64\/100|[from] item: Leftovers\n|upkeep\n|turn|25\n|\n|t:|1699806407\n|switch|p2a: Sableye|Sableye-Mega, M|100\/100\n|-formechange|p1a: Aegislash|Aegislash-Blade||[from] ability: Stance Change\n|move|p1a: Aegislash|Shadow Ball|p2a: Sableye\n|-damage|p2a: Sableye|63\/100\n|\n|upkeep\n|turn|26\n|\n|t:|1699806417\n|-formechange|p1a: Aegislash|Aegislash||[from] ability: Stance Change\n|move|p1a: Aegislash|King's Shield|p1a: Aegislash\n|-singleturn|p1a: Aegislash|Protect\n|move|p2a: Sableye|Knock Off|p1a: Aegislash\n|-activate|p1a: Aegislash|move: Protect\n|-unboost|p2a: Sableye|atk|1\n|\n|upkeep\n|turn|27\n|\n|t:|1699806426\n|-formechange|p1a: Aegislash|Aegislash-Blade||[from] ability: Stance Change\n|move|p1a: Aegislash|Shadow Ball|p2a: Sableye\n|-damage|p2a: Sableye|25\/100\n|move|p2a: Sableye|Will-O-Wisp|p1a: Aegislash\n|-status|p1a: Aegislash|brn\n|\n|-damage|p1a: Aegislash|64\/100 brn|[from] brn\n|upkeep\n|turn|28\n|\n|t:|1699806432\n|move|p1a: Aegislash|Shadow Ball|p2a: Sableye\n|-damage|p2a: Sableye|0 fnt\n|faint|p2a: Sableye\n|\n|-damage|p1a: Aegislash|58\/100 brn|[from] brn\n|upkeep\n|\n|t:|1699806453\n|switch|p2a: Toxapex|Toxapex, F|100\/100\n|turn|29\n|\n|t:|1699806459\n|switch|p1a: Ceruledge|Ceruledge, M|39\/100 tox\n|move|p2a: Toxapex|Scald|p1a: Ceruledge\n|-supereffective|p1a: Ceruledge\n|-damage|p1a: Ceruledge|0 fnt\n|faint|p1a: Ceruledge\n|\n|upkeep\n|\n|t:|1699806464\n|switch|p1a: Gallade|Gallade, M, shiny|100\/100\n|turn|30\n|\n|t:|1699806472\n|switch|p2a: Dondozo|Dondozo, F|64\/100\n|detailschange|p1a: Gallade|Gallade-Mega, M, shiny\n|-mega|p1a: Gallade|Gallade|Galladite\n|move|p1a: Gallade|Psycho Cut|p2a: Dondozo\n|-damage|p2a: Dondozo|43\/100\n|\n|-heal|p2a: Dondozo|49\/100|[from] item: Leftovers\n|upkeep\n|turn|31\n|\n|t:|1699806480\n|switch|p1a: Aegislash|Aegislash, F, shiny|58\/100 brn\n|move|p2a: Dondozo|Rest|p2a: Dondozo\n|-status|p2a: Dondozo|slp|[from] move: Rest\n|-heal|p2a: Dondozo|100\/100 slp|[silent]\n|\n|-damage|p1a: Aegislash|52\/100 brn|[from] brn\n|upkeep\n|turn|32\n|\n|t:|1699806486\n|switch|p2a: Toxapex|Toxapex, F|100\/100\n|-formechange|p1a: Aegislash|Aegislash-Blade||[from] ability: Stance Change\n|move|p1a: Aegislash|Shadow Ball|p2a: Toxapex\n|-damage|p2a: Toxapex|69\/100\n|\n|-damage|p1a: Aegislash|46\/100 brn|[from] brn\n|upkeep\n|turn|33\n|\n|t:|1699806491\n|move|p1a: Aegislash|Shadow Ball|p2a: Toxapex\n|-damage|p2a: Toxapex|38\/100\n|move|p2a: Toxapex|Recover|p2a: Toxapex\n|-heal|p2a: Toxapex|88\/100\n|\n|-damage|p1a: Aegislash|40\/100 brn|[from] brn\n|upkeep\n|turn|34\n|\n|t:|1699806499\n|switch|p1a: Gallade|Gallade-Mega, M, shiny|100\/100\n|move|p2a: Toxapex|Scald|p1a: Gallade\n|-damage|p1a: Gallade|84\/100\n|-status|p1a: Gallade|brn\n|\n|-damage|p1a: Gallade|78\/100 brn|[from] brn\n|upkeep\n|turn|35\n|\n|t:|1699806507\n|switch|p2a: Dondozo|Dondozo, F|100\/100 slp\n|move|p1a: Gallade|Psycho Cut|p2a: Dondozo\n|-damage|p2a: Dondozo|90\/100 slp\n|\n|-heal|p2a: Dondozo|97\/100 slp|[from] item: Leftovers\n|-damage|p1a: Gallade|72\/100 brn|[from] brn\n|upkeep\n|turn|36\n|\n|t:|1699806510\n|switch|p1a: Aegislash|Aegislash, F, shiny|40\/100 brn\n|cant|p2a: Dondozo|slp\n|move|p2a: Dondozo|Sleep Talk|p2a: Dondozo\n|move|p2a: Dondozo|Curse|p2a: Dondozo|[from]move: Sleep Talk\n|-unboost|p2a: Dondozo|spe|1\n|-boost|p2a: Dondozo|atk|1\n|-boost|p2a: Dondozo|def|1\n|\n|-heal|p2a: Dondozo|100\/100 slp|[from] item: Leftovers\n|-damage|p1a: Aegislash|34\/100 brn|[from] brn\n|upkeep\n|turn|37\n|\n|t:|1699806514\n|-formechange|p1a: Aegislash|Aegislash-Blade||[from] ability: Stance Change\n|move|p1a: Aegislash|Shadow Ball|p2a: Dondozo\n|-damage|p2a: Dondozo|58\/100 slp\n|cant|p2a: Dondozo|slp\n|move|p2a: Dondozo|Sleep Talk|p2a: Dondozo\n|move|p2a: Dondozo|Liquidation|p1a: Aegislash|[from]move: Sleep Talk\n|-damage|p1a: Aegislash|0 fnt\n|faint|p1a: Aegislash\n|\n|-heal|p2a: Dondozo|64\/100 slp|[from] item: Leftovers\n|upkeep\n|\n|t:|1699806518\n|switch|p1a: Armarouge|Armarouge, F|100\/100\n|turn|38\n|\n|t:|1699806522\n|move|p1a: Armarouge|Psychic|p2a: Dondozo\n|-damage|p2a: Dondozo|17\/100 slp\n|-curestatus|p2a: Dondozo|slp|[msg]\n|move|p2a: Dondozo|Liquidation|p1a: Armarouge\n|-supereffective|p1a: Armarouge\n|-enditem|p1a: Armarouge|Focus Sash\n|-damage|p1a: Armarouge|1\/100\n|-ability|p1a: Armarouge|Weak Armor|boost\n|-unboost|p1a: Armarouge|def|1\n|-boost|p1a: Armarouge|spe|2\n|\n|-heal|p2a: Dondozo|24\/100|[from] item: Leftovers\n|upkeep\n|turn|39\n|\n|t:|1699806536\n|switch|p2a: Skarmory|Skarmory, M|100\/100\n|move|p1a: Armarouge|Psychic|p2a: Skarmory\n|-resisted|p2a: Skarmory\n|-damage|p2a: Skarmory|69\/100\n|\n|upkeep\n|turn|40\n|\n|t:|1699806539\n|move|p1a: Armarouge|Armor Cannon|p2a: Skarmory\n|-supereffective|p2a: Skarmory\n|-damage|p2a: Skarmory|0 fnt\n|-unboost|p1a: Armarouge|def|1\n|-unboost|p1a: Armarouge|spd|1\n|faint|p2a: Skarmory\n|\n|upkeep\n|\n|t:|1699806546\n|switch|p2a: Garganacl|Garganacl, M|100\/100\n|turn|41\n|\n|t:|1699806550\n|move|p1a: Armarouge|Aura Sphere|p2a: Garganacl\n|-supereffective|p2a: Garganacl\n|-crit|p2a: Garganacl\n|-damage|p2a: Garganacl|38\/100\n|move|p2a: Garganacl|Salt Cure|p1a: Armarouge\n|-supereffective|p1a: Armarouge\n|-damage|p1a: Armarouge|0 fnt\n|faint|p1a: Armarouge\n|\n|-heal|p2a: Garganacl|44\/100|[from] item: Leftovers\n|upkeep\n|\n|t:|1699806553\n|switch|p1a: Falinks|Falinks, shiny|100\/100\n|turn|42\n|\n|t:|1699806558\n|switch|p2a: Dondozo|Dondozo, F|24\/100\n|-terastallize|p1a: Falinks|Steel\n|move|p1a: Falinks|No Retreat|p1a: Falinks\n|-boost|p1a: Falinks|atk|1\n|-boost|p1a: Falinks|def|1\n|-boost|p1a: Falinks|spa|1\n|-boost|p1a: Falinks|spd|1\n|-boost|p1a: Falinks|spe|1\n|-start|p1a: Falinks|move: No Retreat\n|\n|-heal|p2a: Dondozo|30\/100|[from] item: Leftovers\n|upkeep\n|turn|43\n|\n|t:|1699806560\n|move|p1a: Falinks|Close Combat|p2a: Dondozo\n|-damage|p2a: Dondozo|8\/100\n|-unboost|p1a: Falinks|def|1\n|-unboost|p1a: Falinks|spd|1\n|move|p2a: Dondozo|Rest|p2a: Dondozo\n|-status|p2a: Dondozo|slp|[from] move: Rest\n|-heal|p2a: Dondozo|100\/100 slp|[silent]\n|\n|upkeep\n|turn|44\n|\n|t:|1699806564\n|move|p1a: Falinks|Close Combat|p2a: Dondozo\n|-damage|p2a: Dondozo|77\/100 slp\n|-unboost|p1a: Falinks|def|1\n|-unboost|p1a: Falinks|spd|1\n|cant|p2a: Dondozo|slp\n|move|p2a: Dondozo|Sleep Talk|p2a: Dondozo\n|move|p2a: Dondozo|Liquidation|p1a: Falinks|[from]move: Sleep Talk\n|-crit|p1a: Falinks\n|-damage|p1a: Falinks|41\/100\n|-unboost|p1a: Falinks|def|1\n|-ability|p1a: Falinks|Defiant|boost\n|-boost|p1a: Falinks|atk|2\n|\n|-heal|p2a: Dondozo|83\/100 slp|[from] item: Leftovers\n|upkeep\n|turn|45\n|\n|t:|1699806566\n|move|p1a: Falinks|Close Combat|p2a: Dondozo\n|-damage|p2a: Dondozo|58\/100 slp\n|-unboost|p1a: Falinks|def|1\n|-unboost|p1a: Falinks|spd|1\n|cant|p2a: Dondozo|slp\n|move|p2a: Dondozo|Sleep Talk|p2a: Dondozo\n|move|p2a: Dondozo|Liquidation|p1a: Falinks|[from]move: Sleep Talk\n|-damage|p1a: Falinks|3\/100\n|\n|-heal|p2a: Dondozo|65\/100 slp|[from] item: Leftovers\n|upkeep\n|turn|46\n|\n|t:|1699806570\n|move|p1a: Falinks|Close Combat|p2a: Dondozo\n|-damage|p2a: Dondozo|39\/100 slp\n|-unboost|p1a: Falinks|def|1\n|-unboost|p1a: Falinks|spd|1\n|-curestatus|p2a: Dondozo|slp|[msg]\n|move|p2a: Dondozo|Sleep Talk||[still]\n|-fail|p2a: Dondozo\n|\n|-heal|p2a: Dondozo|45\/100|[from] item: Leftovers\n|upkeep\n|turn|47\n|\n|t:|1699806573\n|move|p1a: Falinks|Close Combat|p2a: Dondozo\n|-damage|p2a: Dondozo|22\/100\n|-unboost|p1a: Falinks|def|1\n|-unboost|p1a: Falinks|spd|1\n|move|p2a: Dondozo|Rest|p2a: Dondozo\n|-status|p2a: Dondozo|slp|[from] move: Rest\n|-heal|p2a: Dondozo|100\/100 slp|[silent]\n|\n|upkeep\n|turn|48\n|\n|t:|1699806576\n|move|p1a: Falinks|Close Combat|p2a: Dondozo\n|-damage|p2a: Dondozo|78\/100 slp\n|-unboost|p1a: Falinks|def|1\n|-unboost|p1a: Falinks|spd|1\n|cant|p2a: Dondozo|slp\n|move|p2a: Dondozo|Sleep Talk|p2a: Dondozo\n|move|p2a: Dondozo|Curse|p2a: Dondozo|[from]move: Sleep Talk\n|-unboost|p2a: Dondozo|spe|1\n|-boost|p2a: Dondozo|atk|1\n|-boost|p2a: Dondozo|def|1\n|\n|-heal|p2a: Dondozo|84\/100 slp|[from] item: Leftovers\n|upkeep\n|turn|49\n|\n|t:|1699806579\n|move|p1a: Falinks|Rock Slide|p2a: Dondozo\n|-damage|p2a: Dondozo|77\/100 slp\n|cant|p2a: Dondozo|slp\n|move|p2a: Dondozo|Sleep Talk|p2a: Dondozo\n|move|p2a: Dondozo|Liquidation|p1a: Falinks|[from]move: Sleep Talk\n|-damage|p1a: Falinks|0 fnt\n|faint|p1a: Falinks\n|\n|-heal|p2a: Dondozo|83\/100 slp|[from] item: Leftovers\n|upkeep\n|\n|t:|1699806581\n|switch|p1a: Gallade|Gallade-Mega, M, shiny|72\/100 brn\n|turn|50\n|\n|t:|1699806583\n|move|p1a: Gallade|Bulk Up|p1a: Gallade\n|-boost|p1a: Gallade|atk|1\n|-boost|p1a: Gallade|def|1\n|-curestatus|p2a: Dondozo|slp|[msg]\n|move|p2a: Dondozo|Liquidation|p1a: Gallade\n|-damage|p1a: Gallade|16\/100 brn\n|\n|-heal|p2a: Dondozo|89\/100|[from] item: Leftovers\n|-damage|p1a: Gallade|10\/100 brn|[from] brn\n|upkeep\n|turn|51\n|\n|t:|1699806586\n|move|p1a: Gallade|Bulk Up|p1a: Gallade\n|-boost|p1a: Gallade|atk|1\n|-boost|p1a: Gallade|def|1\n|move|p2a: Dondozo|Liquidation|p1a: Gallade\n|-damage|p1a: Gallade|0 fnt\n|faint|p1a: Gallade\n|\n|win|TianBing\n|raw|Voltaris33's rating: 1426 &rarr; <strong>1405<\/strong><br \/>(-21 for losing)\n|raw|TianBing's rating: 1409 &rarr; <strong>1430<\/strong><br \/>(+21 for winning)\n|l|\u2606Voltaris33\n|c|\u2606TianBing|gg\n","uploadtime":1699806595,"views":11,"p1id":"voltaris33","p2id":"tianbing","formatid":"gen9nationaldex","rating":1405,"private":0,"password":""}