{"id":"gen9nationaldex-1990387675","p1":"Poppop1212","p2":"pheromosa's wig","format":"[Gen 9] National Dex","log":"|j|\u2606Poppop1212\n|j|\u2606pheromosa's wig\n|t:|1699965561\n|gametype|singles\n|player|p1|Poppop1212|265|\n|player|p2|pheromosa's wig|tulip|\n|teamsize|p1|6\n|teamsize|p2|6\n|gen|9\n|tier|[Gen 9] National Dex\n|rule|HP Percentage Mod: HP is shown in percentages\n|rule|Endless Battle Clause: Forcing endless battles is banned\n|rule|OHKO Clause: OHKO moves are banned\n|rule|Evasion Clause: Evasion abilities, items, and moves are banned\n|rule|Evasion Abilities Clause: Evasion abilities are banned\n|rule|Evasion Items Clause: Evasion items are banned\n|rule|Evasion Moves Clause: Evasion moves are banned\n|rule|Species Clause: Limit one of each Pok\u00e9mon\n|rule|Sleep Clause Mod: Limit one foe put to sleep\n|clearpoke\n|poke|p1|Honchkrow, M|\n|poke|p1|Garbodor, M|\n|poke|p1|Tyrantrum, M|\n|poke|p1|Kartana|\n|poke|p1|Infernape, M|\n|poke|p1|Runerigus, F|\n|poke|p2|Xatu, M|\n|poke|p2|Victini|\n|poke|p2|Skarmory, F|\n|poke|p2|Sinistcha|\n|poke|p2|Decidueye-Hisui, M|\n|poke|p2|Meloetta|\n|teampreview\n|\n|t:|1699965579\n|start\n|switch|p1a: Honchkrow|Honchkrow, M|100\/100\n|switch|p2a: TAYLOR SWIFT \u2728|Meloetta|100\/100\n|turn|1\n|\n|t:|1699965586\n|move|p1a: Honchkrow|Thunder Wave|p2a: TAYLOR SWIFT \u2728\n|-status|p2a: TAYLOR SWIFT \u2728|par\n|move|p2a: TAYLOR SWIFT \u2728|Charge Beam|p1a: Honchkrow|[miss]\n|-miss|p2a: TAYLOR SWIFT \u2728|p1a: Honchkrow\n|\n|upkeep\n|turn|2\n|\n|t:|1699965592\n|switch|p1a: Runerigus|Runerigus, F|100\/100\n|move|p2a: TAYLOR SWIFT \u2728|Charge Beam|p1a: Runerigus\n|-immune|p1a: Runerigus\n|\n|upkeep\n|turn|3\n|\n|t:|1699965602\n|move|p2a: TAYLOR SWIFT \u2728|Shadow Ball|p1a: Runerigus\n|-supereffective|p1a: Runerigus\n|-damage|p1a: Runerigus|23\/100\n|move|p1a: Runerigus|Earthquake|p2a: TAYLOR SWIFT \u2728\n|-damage|p2a: TAYLOR SWIFT \u2728|63\/100 par\n|\n|upkeep\n|turn|4\n|\n|t:|1699965609\n|move|p2a: TAYLOR SWIFT \u2728|Shadow Ball|p1a: Runerigus\n|-supereffective|p1a: Runerigus\n|-damage|p1a: Runerigus|0 fnt\n|faint|p1a: Runerigus\n|\n|upkeep\n|\n|t:|1699965626\n|switch|p1a: Infernape|Infernape, M|100\/100\n|turn|5\n|\n|t:|1699965637\n|move|p1a: Infernape|Flare Blitz|p2a: TAYLOR SWIFT \u2728\n|-damage|p2a: TAYLOR SWIFT \u2728|12\/100 par\n|-damage|p1a: Infernape|81\/100|[from] Recoil\n|move|p2a: TAYLOR SWIFT \u2728|Psychic|p1a: Infernape\n|-supereffective|p1a: Infernape\n|-damage|p1a: Infernape|0 fnt\n|faint|p1a: Infernape\n|\n|upkeep\n|\n|t:|1699965648\n|switch|p1a: Tyrantrum|Tyrantrum, M|100\/100\n|turn|6\n|\n|t:|1699965653\n|move|p1a: Tyrantrum|Dragon Dance|p1a: Tyrantrum\n|-boost|p1a: Tyrantrum|atk|1\n|-boost|p1a: Tyrantrum|spe|1\n|move|p2a: TAYLOR SWIFT \u2728|Dazzling Gleam|p1a: Tyrantrum\n|-supereffective|p1a: Tyrantrum\n|-enditem|p1a: Tyrantrum|Focus Sash\n|-damage|p1a: Tyrantrum|1\/100\n|\n|upkeep\n|turn|7\n|\n|t:|1699965662\n|move|p1a: Tyrantrum|Crunch|p2a: TAYLOR SWIFT \u2728\n|-supereffective|p2a: TAYLOR SWIFT \u2728\n|-damage|p2a: TAYLOR SWIFT \u2728|0 fnt\n|faint|p2a: TAYLOR SWIFT \u2728\n|\n|upkeep\n|\n|t:|1699965667\n|switch|p2a: toenail infection|Skarmory, F, shiny|100\/100\n|turn|8\n|\n|t:|1699965677\n|-terastallize|p1a: Tyrantrum|Fire\n|-terastallize|p2a: toenail infection|Fighting\n|move|p1a: Tyrantrum|Fire Fang|p2a: toenail infection\n|-damage|p2a: toenail infection|43\/100\n|-damage|p1a: Tyrantrum|0 fnt|[from] item: Rocky Helmet|[of] p2a: toenail infection\n|faint|p1a: Tyrantrum\n|move|p2a: toenail infection|Iron Defense|p2a: toenail infection\n|-boost|p2a: toenail infection|def|2\n|\n|upkeep\n|\n|t:|1699965690\n|switch|p1a: Kartana|Kartana|100\/100\n|turn|9\n|\n|t:|1699965699\n|switch|p2a: zazatu|Xatu, M, shiny|100\/100\n|move|p1a: Kartana|Air Slash|p2a: zazatu\n|-damage|p2a: zazatu|88\/100\n|\n|upkeep\n|turn|10\n|\n|t:|1699965706\n|switch|p1a: Garbodor|Garbodor, M|100\/100\n|move|p2a: zazatu|Reflect|p2a: zazatu\n|-sidestart|p2: pheromosa's wig|Reflect\n|\n|upkeep\n|turn|11\n|\n|t:|1699965712\n|move|p2a: zazatu|Night Shade|p1a: Garbodor\n|-damage|p1a: Garbodor|67\/100\n|move|p1a: Garbodor|Gunk Shot|p2a: zazatu\n|-damage|p2a: zazatu|67\/100\n|\n|upkeep\n|turn|12\n|\n|t:|1699965723\n|switch|p1a: Honchkrow|Honchkrow, M|100\/100\n|move|p2a: zazatu|Night Shade|p1a: Honchkrow\n|-damage|p1a: Honchkrow|71\/100\n|\n|upkeep\n|turn|13\n|\n|t:|1699965729\n|move|p1a: Honchkrow|Taunt|p2a: zazatu\n|move|p2a: zazatu|Taunt|p1a: Honchkrow|[from]ability: Magic Bounce\n|-start|p1a: Honchkrow|move: Taunt\n|move|p2a: zazatu|Light Screen|p2a: zazatu\n|-sidestart|p2: pheromosa's wig|move: Light Screen\n|\n|upkeep\n|turn|14\n|-message|Poppop1212 forfeited.\n|\n|win|pheromosa's wig\n|l|\u2606Poppop1212\n|c|\u2606pheromosa's wig|uh\n|c|\u2606pheromosa's wig|gg\n|c|\u2606pheromosa's wig|?\n","uploadtime":1699965745,"views":9,"p1id":"poppop1212","p2id":"pheromosaswig","formatid":"gen9nationaldex","rating":0,"private":0,"password":""}