{"id":"gen9nationaldex-1991029809","p1":"EVE09","p2":"GABRIEL_HU","format":"[Gen 9] National Dex","log":"|j|\u2606EVE09\n|j|\u2606GABRIEL_HU\n|t:|1700030927\n|gametype|singles\n|player|p1|EVE09|265|1457\n|player|p2|GABRIEL_HU|guitarist|1424\n|teamsize|p1|6\n|teamsize|p2|6\n|gen|9\n|tier|[Gen 9] National Dex\n|rated|\n|rule|HP Percentage Mod: HP is shown in percentages\n|rule|Endless Battle Clause: Forcing endless battles is banned\n|rule|OHKO Clause: OHKO moves are banned\n|rule|Evasion Clause: Evasion abilities, items, and moves are banned\n|rule|Evasion Abilities Clause: Evasion abilities are banned\n|rule|Evasion Items Clause: Evasion items are banned\n|rule|Evasion Moves Clause: Evasion moves are banned\n|rule|Species Clause: Limit one of each Pok\u00e9mon\n|rule|Sleep Clause Mod: Limit one foe put to sleep\n|clearpoke\n|poke|p1|Mimikyu, M|\n|poke|p1|Houndoom, M|\n|poke|p1|Bisharp, M|\n|poke|p1|Drakloak, F|\n|poke|p1|Kyurem|\n|poke|p1|Aegislash, F|\n|poke|p2|Garganacl, F|\n|poke|p2|Greninja-*, M|\n|poke|p2|Zapdos|\n|poke|p2|Great Tusk|\n|poke|p2|Heatran, M|\n|poke|p2|Scizor, M|\n|teampreview\n|inactive|Battle timer is ON: inactive players will automatically lose when time's up. (requested by EVE09)\n|\n|t:|1700030936\n|start\n|switch|p1a: Drakloak|Drakloak, F|100\/100\n|switch|p2a: Heatran|Heatran, M|100\/100\n|turn|1\n|\n|t:|1700030941\n|move|p1a: Drakloak|Thunder Wave|p2a: Heatran\n|-status|p2a: Heatran|par\n|move|p2a: Heatran|Toxic|p1a: Drakloak\n|-status|p1a: Drakloak|tox\n|\n|-damage|p1a: Drakloak|94\/100 tox|[from] psn\n|upkeep\n|turn|2\n|\n|t:|1700030947\n|move|p1a: Drakloak|Light Screen|p1a: Drakloak\n|-sidestart|p1: EVE09|move: Light Screen\n|move|p2a: Heatran|Stealth Rock|p1a: Drakloak\n|-sidestart|p1: EVE09|move: Stealth Rock\n|\n|-damage|p1a: Drakloak|82\/100 tox|[from] psn\n|upkeep\n|turn|3\n|\n|t:|1700030951\n|move|p1a: Drakloak|Reflect|p1a: Drakloak\n|-sidestart|p1: EVE09|Reflect\n|move|p2a: Heatran|Magma Storm|p1a: Drakloak\n|-resisted|p1a: Drakloak\n|-damage|p1a: Drakloak|68\/100 tox\n|-activate|p1a: Drakloak|move: Magma Storm|[of] p2a: Heatran\n|\n|-damage|p1a: Drakloak|50\/100 tox|[from] psn\n|-damage|p1a: Drakloak|38\/100 tox|[from] move: Magma Storm|[partiallytrapped]\n|upkeep\n|turn|4\n|\n|t:|1700030958\n|move|p2a: Heatran|Protect|p2a: Heatran\n|-singleturn|p2a: Heatran|Protect\n|move|p1a: Drakloak|Thunder Wave|p2a: Heatran\n|-activate|p2a: Heatran|move: Protect\n|\n|-damage|p1a: Drakloak|13\/100 tox|[from] psn\n|-damage|p1a: Drakloak|0 fnt|[from] move: Magma Storm|[partiallytrapped]\n|faint|p1a: Drakloak\n|upkeep\n|\n|t:|1700030965\n|switch|p1a: Kyurem|Kyurem|100\/100\n|-damage|p1a: Kyurem|75\/100|[from] Stealth Rock\n|-ability|p1a: Kyurem|Pressure\n|turn|5\n|\n|t:|1700030971\n|move|p1a: Kyurem|Earth Power|p2a: Heatran\n|-supereffective|p2a: Heatran\n|-damage|p2a: Heatran|22\/100 par\n|move|p2a: Heatran|Toxic|p1a: Kyurem\n|-status|p1a: Kyurem|tox\n|\n|-damage|p1a: Kyurem|69\/100 tox|[from] psn\n|upkeep\n|turn|6\n|\n|t:|1700030977\n|move|p2a: Heatran|Protect|p2a: Heatran\n|-singleturn|p2a: Heatran|Protect\n|move|p1a: Kyurem|Dragon Dance|p1a: Kyurem\n|-boost|p1a: Kyurem|atk|1\n|-boost|p1a: Kyurem|spe|1\n|\n|-damage|p1a: Kyurem|57\/100 tox|[from] psn\n|-sideend|p1: EVE09|move: Light Screen\n|upkeep\n|turn|7\n|\n|t:|1700030983\n|switch|p2a: Zapdos|Zapdos|100\/100\n|move|p1a: Kyurem|Scale Shot|p2a: Zapdos\n|-damage|p2a: Zapdos|89\/100\n|-damage|p2a: Zapdos|77\/100\n|-damage|p2a: Zapdos|65\/100\n|-damage|p2a: Zapdos|54\/100\n|-hitcount|p2a: Zapdos|4\n|-unboost|p1a: Kyurem|def|1\n|-boost|p1a: Kyurem|spe|1\n|\n|-damage|p1a: Kyurem|39\/100 tox|[from] psn\n|-sideend|p1: EVE09|Reflect\n|upkeep\n|turn|8\n|\n|t:|1700030990\n|move|p1a: Kyurem|Icicle Spear|p2a: Zapdos\n|-supereffective|p2a: Zapdos\n|-damage|p2a: Zapdos|32\/100\n|-supereffective|p2a: Zapdos\n|-damage|p2a: Zapdos|9\/100\n|-supereffective|p2a: Zapdos\n|-damage|p2a: Zapdos|0 fnt\n|faint|p2a: Zapdos\n|-hitcount|p2: Zapdos|3\n|\n|-damage|p1a: Kyurem|14\/100 tox|[from] psn\n|upkeep\n|\n|t:|1700030993\n|switch|p2a: Garganacl|Garganacl, F, shiny|100\/100\n|turn|9\n|\n|t:|1700030998\n|-terastallize|p2a: Garganacl|Water\n|move|p1a: Kyurem|Earth Power|p2a: Garganacl\n|-damage|p2a: Garganacl|79\/100\n|move|p2a: Garganacl|Iron Defense|p2a: Garganacl\n|-boost|p2a: Garganacl|def|2\n|\n|-heal|p2a: Garganacl|86\/100|[from] item: Leftovers\n|-damage|p1a: Kyurem|0 fnt|[from] psn\n|faint|p1a: Kyurem\n|upkeep\n|\n|t:|1700031012\n|switch|p1a: Mimikyu|Mimikyu, M|100\/100\n|-damage|p1a: Mimikyu|88\/100|[from] Stealth Rock\n|turn|10\n|\n|t:|1700031016\n|move|p1a: Mimikyu|Curse|p2a: Garganacl\n|-start|p2a: Garganacl|Curse|[of] p1a: Mimikyu\n|-damage|p1a: Mimikyu|38\/100\n|-enditem|p1a: Mimikyu|Sitrus Berry|[eat]\n|-heal|p1a: Mimikyu|63\/100|[from] item: Sitrus Berry\n|move|p2a: Garganacl|Salt Cure|p1a: Mimikyu\n|-activate|p1a: Mimikyu|ability: Disguise\n|-damage|p1a: Mimikyu|63\/100\n|-start|p1a: Mimikyu|Salt Cure\n|detailschange|p1a: Mimikyu|Mimikyu-Busted, M\n|-damage|p1a: Mimikyu|51\/100|[from] pokemon: Mimikyu-Busted\n|\n|-heal|p2a: Garganacl|92\/100|[from] item: Leftovers\n|-damage|p2a: Garganacl|67\/100|[from] Curse\n|-damage|p1a: Mimikyu|38\/100|[from] Salt Cure\n|upkeep\n|turn|11\n|\n|t:|1700031042\n|switch|p1a: Houndoom|Houndoom, M|100\/100\n|-damage|p1a: Houndoom|76\/100|[from] Stealth Rock\n|move|p2a: Garganacl|Recover|p2a: Garganacl\n|-heal|p2a: Garganacl|100\/100\n|\n|-damage|p2a: Garganacl|75\/100|[from] Curse\n|upkeep\n|turn|12\n|\n|t:|1700031050\n|switch|p2a: Greninja|Greninja, M|100\/100\n|detailschange|p1a: Houndoom|Houndoom-Mega, M\n|-mega|p1a: Houndoom|Houndoom|Houndoominite\n|move|p1a: Houndoom|Dark Pulse|p2a: Greninja\n|-resisted|p2a: Greninja\n|-damage|p2a: Greninja|64\/100\n|\n|upkeep\n|turn|13\n|\n|t:|1700031063\n|move|p2a: Greninja|Surf|p1a: Houndoom\n|-supereffective|p1a: Houndoom\n|-damage|p1a: Houndoom|0 fnt\n|faint|p1a: Houndoom\n|-ability|p2a: Greninja|Battle Bond|boost\n|-boost|p2a: Greninja|atk|1\n|-boost|p2a: Greninja|spa|1\n|-boost|p2a: Greninja|spe|1\n|-activate|p2a: Greninja|ability: Battle Bond\n|-damage|p2a: Greninja|54\/100|[from] item: Life Orb\n|\n|upkeep\n|\n|t:|1700031072\n|switch|p1a: Bisharp|Bisharp, M|100\/100\n|-damage|p1a: Bisharp|95\/100|[from] Stealth Rock\n|turn|14\n|\n|t:|1700031079\n|move|p2a: Greninja|Surf|p1a: Bisharp\n|-damage|p1a: Bisharp|22\/100\n|-damage|p2a: Greninja|44\/100|[from] item: Life Orb\n|move|p1a: Bisharp|Iron Head|p2a: Greninja\n|-resisted|p2a: Greninja\n|-damage|p2a: Greninja|5\/100\n|\n|upkeep\n|turn|15\n|\n|t:|1700031086\n|move|p1a: Bisharp|Sucker Punch|p2a: Greninja\n|-resisted|p2a: Greninja\n|-damage|p2a: Greninja|0 fnt\n|faint|p2a: Greninja\n|\n|upkeep\n|\n|t:|1700031090\n|switch|p2a: Great Tusk|Great Tusk|100\/100\n|turn|16\n|\n|t:|1700031097\n|move|p2a: Great Tusk|Headlong Rush|p1a: Bisharp\n|-supereffective|p1a: Bisharp\n|-damage|p1a: Bisharp|0 fnt\n|-unboost|p2a: Great Tusk|def|1\n|-unboost|p2a: Great Tusk|spd|1\n|faint|p1a: Bisharp\n|\n|upkeep\n|\n|t:|1700031101\n|switch|p1a: Mimikyu|Mimikyu-Busted, M|38\/100\n|-damage|p1a: Mimikyu|26\/100|[from] Stealth Rock\n|turn|17\n|\n|t:|1700031110\n|switch|p1a: Aegislash|Aegislash, F|100\/100\n|-damage|p1a: Aegislash|94\/100|[from] Stealth Rock\n|-end|p2a: Great Tusk|Protosynthesis|[silent]\n|switch|p2a: Heatran|Heatran, M|22\/100 par\n|\n|upkeep\n|turn|18\n|\n|t:|1700031121\n|-formechange|p1a: Aegislash|Aegislash-Blade||[from] ability: Stance Change\n|move|p1a: Aegislash|Shadow Ball|p2a: Heatran\n|-damage|p2a: Heatran|0 fnt\n|faint|p2a: Heatran\n|-damage|p1a: Aegislash|84\/100|[from] item: Life Orb\n|\n|upkeep\n|\n|t:|1700031130\n|switch|p2a: Garganacl|Garganacl, F, shiny, tera:Water|75\/100\n|turn|19\n|\n|t:|1700031135\n|-terastallize|p1a: Aegislash|Fighting\n|move|p1a: Aegislash|Close Combat|p2a: Garganacl\n|-damage|p2a: Garganacl|28\/100\n|-unboost|p1a: Aegislash|def|1\n|-unboost|p1a: Aegislash|spd|1\n|-damage|p1a: Aegislash|75\/100|[from] item: Life Orb\n|move|p2a: Garganacl|Salt Cure|p1a: Aegislash\n|-resisted|p1a: Aegislash\n|-damage|p1a: Aegislash|55\/100\n|-start|p1a: Aegislash|Salt Cure\n|\n|-heal|p2a: Garganacl|34\/100|[from] item: Leftovers\n|-damage|p1a: Aegislash|43\/100|[from] Salt Cure\n|upkeep\n|turn|20\n|\n|t:|1700031145\n|switch|p1a: Mimikyu|Mimikyu-Busted, M|26\/100\n|-damage|p1a: Mimikyu|14\/100|[from] Stealth Rock\n|switch|p2a: Great Tusk|Great Tusk|100\/100\n|\n|upkeep\n|turn|21\n|\n|t:|1700031153\n|move|p1a: Mimikyu|Play Rough|p2a: Great Tusk\n|-supereffective|p2a: Great Tusk\n|-damage|p2a: Great Tusk|44\/100\n|move|p2a: Great Tusk|Headlong Rush|p1a: Mimikyu\n|-damage|p1a: Mimikyu|0 fnt\n|-unboost|p2a: Great Tusk|def|1\n|-unboost|p2a: Great Tusk|spd|1\n|faint|p1a: Mimikyu\n|\n|upkeep\n|\n|t:|1700031160\n|switch|p1a: Aegislash|Aegislash, F, tera:Fighting|43\/100\n|-damage|p1a: Aegislash|37\/100|[from] Stealth Rock\n|turn|22\n|\n|t:|1700031164\n|move|p1a: Aegislash|King's Shield|p1a: Aegislash\n|-singleturn|p1a: Aegislash|Protect\n|move|p2a: Great Tusk|Rapid Spin|p1a: Aegislash\n|-activate|p1a: Aegislash|move: Protect\n|-unboost|p2a: Great Tusk|atk|1\n|\n|upkeep\n|turn|23\n|\n|t:|1700031173\n|-end|p2a: Great Tusk|Protosynthesis|[silent]\n|switch|p2a: Scizor|Scizor, M|100\/100\n|-formechange|p1a: Aegislash|Aegislash-Blade||[from] ability: Stance Change\n|move|p1a: Aegislash|Shadow Ball|p2a: Scizor\n|-damage|p2a: Scizor|39\/100\n|-unboost|p2a: Scizor|spd|1\n|-damage|p1a: Aegislash|27\/100|[from] item: Life Orb\n|\n|upkeep\n|turn|24\n|\n|t:|1700031183\n|detailschange|p2a: Scizor|Scizor-Mega, M\n|-mega|p2a: Scizor|Scizor|Scizorite\n|move|p2a: Scizor|Bullet Punch|p1a: Aegislash\n|-damage|p1a: Aegislash|0 fnt\n|faint|p1a: Aegislash\n|\n|win|GABRIEL_HU\n|raw|EVE09's rating: 1457 &rarr; <strong>1435<\/strong><br \/>(-22 for losing)\n|raw|GABRIEL_HU's rating: 1424 &rarr; <strong>1446<\/strong><br \/>(+22 for winning)\n|l|\u2606EVE09\n","uploadtime":1700031191,"views":4,"p1id":"eve09","p2id":"gabrielhu","formatid":"gen9nationaldex","rating":1435,"private":0,"password":""}