{"id":"gen9nationaldex-1994172648","p1":"galajan8989","p2":"blancasofia","format":"[Gen 9] National Dex","log":"|j|\u2606galajan8989\n|j|\u2606blancasofia\n|t:|1700415214\n|gametype|singles\n|player|p1|galajan8989|giovanni|\n|player|p2|blancasofia|acetrainerf|\n|teamsize|p1|6\n|teamsize|p2|6\n|gen|9\n|tier|[Gen 9] National Dex\n|rule|HP Percentage Mod: HP is shown in percentages\n|rule|Endless Battle Clause: Forcing endless battles is banned\n|rule|OHKO Clause: OHKO moves are banned\n|rule|Evasion Clause: Evasion abilities, items, and moves are banned\n|rule|Evasion Abilities Clause: Evasion abilities are banned\n|rule|Evasion Items Clause: Evasion items are banned\n|rule|Evasion Moves Clause: Evasion moves are banned\n|rule|Species Clause: Limit one of each Pok\u00e9mon\n|rule|Sleep Clause Mod: Limit one foe put to sleep\n|clearpoke\n|poke|p1|Talonflame, F|\n|poke|p1|Umbreon, F|\n|poke|p1|Crawdaunt, F|\n|poke|p1|Iron Valiant|\n|poke|p1|Gardevoir, M|\n|poke|p1|Quagsire, F|\n|poke|p2|Zebstrika, M|\n|poke|p2|Lapras, F|\n|poke|p2|Duraludon, M|\n|poke|p2|Incineroar, M|\n|poke|p2|Scolipede, F|\n|poke|p2|Metagross|\n|teampreview\n|c|\u2606galajan8989|Glhf\n|c|\u2606galajan8989|Sube replay de la otra si puedes\n|\n|t:|1700415257\n|start\n|switch|p1a: Gardevoir|Gardevoir, M|100\/100\n|switch|p2a: Dokumushi|Scolipede, F|100\/100\n|-ability|p1a: Gardevoir|Speed Boost|[from] ability: Trace|[of] p2a: Dokumushi\n|turn|1\n|\n|t:|1700415305\n|detailschange|p1a: Gardevoir|Gardevoir-Mega, M\n|-mega|p1a: Gardevoir|Gardevoir|Gardevoirite\n|move|p1a: Gardevoir|Psychic|p2a: Dokumushi\n|-supereffective|p2a: Dokumushi\n|-damage|p2a: Dokumushi|0 fnt\n|faint|p2a: Dokumushi\n|\n|upkeep\n|\n|t:|1700415311\n|switch|p2a: K\u014dtetsu|Metagross|100\/100\n|turn|2\n|\n|t:|1700415319\n|switch|p1a: Talonflame|Talonflame, F|100\/100\n|move|p2a: K\u014dtetsu|Meteor Mash|p1a: Talonflame\n|-resisted|p1a: Talonflame\n|-damage|p1a: Talonflame|50\/100\n|\n|upkeep\n|turn|3\n|\n|t:|1700415330\n|switch|p2a: Kurohyou|Incineroar, M|100\/100\n|-ability|p2a: Kurohyou|Intimidate|boost\n|-unboost|p1a: Talonflame|atk|1\n|move|p1a: Talonflame|Flare Blitz|p2a: Kurohyou\n|-resisted|p2a: Kurohyou\n|-crit|p2a: Kurohyou\n|-damage|p2a: Kurohyou|80\/100\n|-damage|p1a: Talonflame|43\/100|[from] Recoil\n|\n|upkeep\n|turn|4\n|\n|t:|1700415374\n|move|p2a: Kurohyou|Fake Out|p1a: Talonflame\n|-damage|p1a: Talonflame|30\/100\n|cant|p1a: Talonflame|flinch\n|\n|upkeep\n|turn|5\n|\n|t:|1700415391\n|move|p1a: Talonflame|Roost|p1a: Talonflame\n|-heal|p1a: Talonflame|80\/100\n|-singleturn|p1a: Talonflame|move: Roost\n|move|p2a: Kurohyou|Snarl|p1a: Talonflame\n|-damage|p1a: Talonflame|62\/100\n|-unboost|p1a: Talonflame|spa|1\n|\n|upkeep\n|turn|6\n|\n|t:|1700415400\n|move|p1a: Talonflame|Roost|p1a: Talonflame\n|-heal|p1a: Talonflame|100\/100\n|-singleturn|p1a: Talonflame|move: Roost\n|move|p2a: Kurohyou|Snarl|p1a: Talonflame\n|-damage|p1a: Talonflame|81\/100\n|-unboost|p1a: Talonflame|spa|1\n|\n|upkeep\n|turn|7\n|\n|t:|1700415415\n|switch|p1a: Gardevoir|Gardevoir-Mega, M|100\/100\n|move|p2a: Kurohyou|Parting Shot|p1a: Gardevoir\n|-unboost|p1a: Gardevoir|atk|1\n|-unboost|p1a: Gardevoir|spa|1\n|\n|t:|1700415433\n|switch|p2a: K\u014dtetsu|Metagross|100\/100|[from] Parting Shot\n|\n|upkeep\n|turn|8\n|\n|t:|1700415443\n|switch|p1a: Talonflame|Talonflame, F|81\/100\n|move|p2a: K\u014dtetsu|Meteor Mash|p1a: Talonflame|[miss]\n|-miss|p2a: K\u014dtetsu|p1a: Talonflame\n|\n|upkeep\n|turn|9\n|\n|t:|1700415449\n|switch|p2a: Kurohyou|Incineroar, M|80\/100\n|-ability|p2a: Kurohyou|Intimidate|boost\n|-unboost|p1a: Talonflame|atk|1\n|move|p1a: Talonflame|Flare Blitz|p2a: Kurohyou\n|-resisted|p2a: Kurohyou\n|-damage|p2a: Kurohyou|70\/100\n|-damage|p1a: Talonflame|78\/100|[from] Recoil\n|\n|upkeep\n|turn|10\n|\n|t:|1700415463\n|switch|p1a: Quagsire|Quagsire, F|100\/100\n|move|p2a: Kurohyou|Fake Out|p1a: Quagsire\n|-damage|p1a: Quagsire|92\/100\n|\n|-heal|p1a: Quagsire|98\/100|[from] item: Leftovers\n|upkeep\n|turn|11\n|\n|t:|1700415532\n|move|p2a: Kurohyou|Parting Shot|p1a: Quagsire\n|-unboost|p1a: Quagsire|atk|1\n|-unboost|p1a: Quagsire|spa|1\n|\n|t:|1700415541\n|switch|p2a: Denki|Zebstrika, M|100\/100|[from] Parting Shot\n|move|p1a: Quagsire|Toxic|p2a: Denki|[miss]\n|-miss|p1a: Quagsire|p2a: Denki\n|\n|-heal|p1a: Quagsire|100\/100|[from] item: Leftovers\n|upkeep\n|turn|12\n|\n|t:|1700415551\n|move|p2a: Denki|Volt Switch|p1a: Quagsire\n|-immune|p1a: Quagsire\n|move|p1a: Quagsire|Earthquake|p2a: Denki\n|-supereffective|p2a: Denki\n|-damage|p2a: Denki|26\/100\n|\n|upkeep\n|turn|13\n|\n|t:|1700415556\n|move|p2a: Denki|Hidden Power|p1a: Quagsire\n|-supereffective|p1a: Quagsire\n|-damage|p1a: Quagsire|2\/100\n|-damage|p2a: Denki|16\/100|[from] item: Life Orb\n|move|p1a: Quagsire|Toxic|p2a: Denki\n|-status|p2a: Denki|tox\n|\n|-heal|p1a: Quagsire|8\/100|[from] item: Leftovers\n|-damage|p2a: Denki|10\/100 tox|[from] psn\n|upkeep\n|turn|14\n|\n|t:|1700415576\n|move|p2a: Denki|Hidden Power|p1a: Quagsire\n|-supereffective|p1a: Quagsire\n|-damage|p1a: Quagsire|0 fnt\n|faint|p1a: Quagsire\n|-damage|p2a: Denki|0 fnt|[from] item: Life Orb\n|faint|p2a: Denki\n|\n|upkeep\n|\n|t:|1700415586\n|switch|p2a: K\u014dtetsu|Metagross|100\/100\n|switch|p1a: Crawdaunt|Crawdaunt, F|100\/100\n|turn|15\n|\n|t:|1700415595\n|move|p2a: K\u014dtetsu|Meteor Mash|p1a: Crawdaunt\n|-resisted|p1a: Crawdaunt\n|-damage|p1a: Crawdaunt|38\/100\n|move|p1a: Crawdaunt|Swords Dance|p1a: Crawdaunt\n|-boost|p1a: Crawdaunt|atk|2\n|\n|upkeep\n|turn|16\n|\n|t:|1700415633\n|move|p2a: K\u014dtetsu|Meteor Mash|p1a: Crawdaunt\n|-resisted|p1a: Crawdaunt\n|-damage|p1a: Crawdaunt|0 fnt\n|faint|p1a: Crawdaunt\n|\n|upkeep\n|\n|t:|1700415638\n|switch|p1a: Talonflame|Talonflame, F|78\/100\n|turn|17\n|\n|t:|1700415671\n|switch|p2a: Kurohyou|Incineroar, M|70\/100\n|-ability|p2a: Kurohyou|Intimidate|boost\n|-unboost|p1a: Talonflame|atk|1\n|move|p1a: Talonflame|Brave Bird|p2a: Kurohyou\n|-damage|p2a: Kurohyou|52\/100\n|-damage|p1a: Talonflame|71\/100|[from] Recoil\n|\n|upkeep\n|turn|18\n|\n|t:|1700415718\n|move|p2a: Kurohyou|Fake Out|p1a: Talonflame\n|-damage|p1a: Talonflame|58\/100\n|cant|p1a: Talonflame|flinch\n|\n|upkeep\n|turn|19\n|\n|t:|1700415726\n|move|p1a: Talonflame|Roost|p1a: Talonflame\n|-heal|p1a: Talonflame|100\/100\n|-singleturn|p1a: Talonflame|move: Roost\n|move|p2a: Kurohyou|Snarl|p1a: Talonflame\n|-damage|p1a: Talonflame|81\/100\n|-unboost|p1a: Talonflame|spa|1\n|\n|upkeep\n|turn|20\n|\n|t:|1700415735\n|move|p1a: Talonflame|Roost|p1a: Talonflame\n|-heal|p1a: Talonflame|100\/100\n|-singleturn|p1a: Talonflame|move: Roost\n|move|p2a: Kurohyou|Snarl|p1a: Talonflame\n|-damage|p1a: Talonflame|84\/100\n|-unboost|p1a: Talonflame|spa|1\n|\n|upkeep\n|turn|21\n|\n|t:|1700415745\n|switch|p2a: Mizu|Lapras, F|100\/100\n|move|p1a: Talonflame|Brave Bird|p2a: Mizu\n|-damage|p2a: Mizu|80\/100\n|-damage|p1a: Talonflame|75\/100|[from] Recoil\n|\n|upkeep\n|turn|22\n|\n|t:|1700415755\n|switch|p1a: Gardevoir|Gardevoir-Mega, M|100\/100\n|move|p2a: Mizu|Thunderbolt|p1a: Gardevoir\n|-damage|p1a: Gardevoir|77\/100\n|\n|upkeep\n|turn|23\n|\n|t:|1700415778\n|switch|p2a: K\u014dtetsu|Metagross|100\/100\n|move|p1a: Gardevoir|Hyper Voice|p2a: K\u014dtetsu\n|-resisted|p2a: K\u014dtetsu\n|-damage|p2a: K\u014dtetsu|62\/100\n|\n|upkeep\n|turn|24\n|\n|t:|1700415785\n|move|p1a: Gardevoir|Mystical Fire|p2a: K\u014dtetsu\n|-supereffective|p2a: K\u014dtetsu\n|-damage|p2a: K\u014dtetsu|0 fnt\n|faint|p2a: K\u014dtetsu\n|\n|upkeep\n|\n|t:|1700415792\n|switch|p2a: Kurohyou|Incineroar, M|52\/100\n|-ability|p2a: Kurohyou|Intimidate|boost\n|-unboost|p1a: Gardevoir|atk|1\n|turn|25\n|\n|t:|1700415806\n|move|p2a: Kurohyou|Fake Out|p1a: Gardevoir\n|-damage|p1a: Gardevoir|58\/100\n|cant|p1a: Gardevoir|flinch\n|\n|upkeep\n|turn|26\n|\n|t:|1700415815\n|move|p1a: Gardevoir|Hyper Voice|p2a: Kurohyou\n|-damage|p2a: Kurohyou|0 fnt\n|faint|p2a: Kurohyou\n|\n|upkeep\n|\n|t:|1700415819\n|switch|p2a: Mizu|Lapras, F|80\/100\n|turn|27\n|\n|t:|1700415828\n|move|p1a: Gardevoir|Mystical Fire|p2a: Mizu\n|-damage|p2a: Mizu|63\/100\n|-unboost|p2a: Mizu|spa|1\n|move|p2a: Mizu|Sparkling Aria|p1a: Gardevoir\n|-damage|p1a: Gardevoir|35\/100\n|\n|upkeep\n|turn|28\n|\n|t:|1700415838\n|move|p1a: Gardevoir|Hyper Voice|p2a: Mizu\n|-damage|p2a: Mizu|31\/100\n|move|p2a: Mizu|Sparkling Aria|p1a: Gardevoir\n|-damage|p1a: Gardevoir|11\/100\n|\n|upkeep\n|turn|29\n|\n|t:|1700415849\n|move|p2a: Mizu|Ice Shard|p1a: Gardevoir\n|-crit|p1a: Gardevoir\n|-damage|p1a: Gardevoir|0 fnt\n|faint|p1a: Gardevoir\n|\n|upkeep\n|\n|t:|1700415858\n|switch|p1a: Umbreon|Umbreon, F|100\/100\n|turn|30\n|\n|t:|1700415862\n|switch|p2a: Ludon|Duraludon, M|100\/100\n|move|p1a: Umbreon|Foul Play|p2a: Ludon\n|-damage|p2a: Ludon|71\/100\n|\n|upkeep\n|turn|31\n|\n|t:|1700415873\n|move|p2a: Ludon|Body Press|p1a: Umbreon\n|-supereffective|p1a: Umbreon\n|-damage|p1a: Umbreon|59\/100\n|move|p1a: Umbreon|Foul Play|p2a: Ludon\n|-damage|p2a: Ludon|42\/100\n|\n|-heal|p1a: Umbreon|65\/100|[from] item: Leftovers\n|upkeep\n|turn|32\n|\n|t:|1700415879\n|move|p2a: Ludon|Thunderbolt|p1a: Umbreon\n|-damage|p1a: Umbreon|48\/100\n|move|p1a: Umbreon|Foul Play|p2a: Ludon\n|-damage|p2a: Ludon|9\/100\n|\n|-heal|p1a: Umbreon|54\/100|[from] item: Leftovers\n|upkeep\n|turn|33\n|\n|t:|1700415882\n|move|p2a: Ludon|Body Press|p1a: Umbreon\n|-supereffective|p1a: Umbreon\n|-damage|p1a: Umbreon|17\/100\n|move|p1a: Umbreon|Foul Play|p2a: Ludon\n|-damage|p2a: Ludon|0 fnt\n|faint|p2a: Ludon\n|\n|-heal|p1a: Umbreon|23\/100|[from] item: Leftovers\n|upkeep\n|\n|t:|1700415887\n|switch|p2a: Mizu|Lapras, F|31\/100\n|turn|34\n|\n|t:|1700415892\n|move|p1a: Umbreon|Protect|p1a: Umbreon\n|-singleturn|p1a: Umbreon|Protect\n|move|p2a: Mizu|Sparkling Aria|p1a: Umbreon\n|-activate|p1a: Umbreon|move: Protect\n|\n|-heal|p1a: Umbreon|29\/100|[from] item: Leftovers\n|upkeep\n|turn|35\n|c|\u2606blancasofia|se vale el tera?\n|\n|t:|1700415925\n|move|p1a: Umbreon|Foul Play|p2a: Mizu\n|-damage|p2a: Mizu|7\/100\n|move|p2a: Mizu|Sparkling Aria|p1a: Umbreon\n|-crit|p1a: Umbreon\n|-damage|p1a: Umbreon|0 fnt\n|faint|p1a: Umbreon\n|\n|upkeep\n|\n|t:|1700415961\n|switch|p1a: Iron Valiant|Iron Valiant|100\/100\n|-enditem|p1a: Iron Valiant|Booster Energy\n|-activate|p1a: Iron Valiant|ability: Quark Drive|[fromitem]\n|-start|p1a: Iron Valiant|quarkdrivespe\n|turn|36\n|\n|t:|1700415985\n|move|p2a: Mizu|Ice Shard|p1a: Iron Valiant\n|-damage|p1a: Iron Valiant|85\/100\n|move|p1a: Iron Valiant|Drain Punch|p2a: Mizu\n|-supereffective|p2a: Mizu\n|-damage|p2a: Mizu|0 fnt\n|-heal|p1a: Iron Valiant|90\/100|[from] drain|[of] p2a: Mizu\n|faint|p2a: Mizu\n|\n|win|galajan8989\n|c|\u2606galajan8989|Gg\n|c|\u2606galajan8989|Si se vale Tera\n|c|\u2606galajan8989|Creo\n","uploadtime":1700416007,"views":16,"p1id":"galajan8989","p2id":"blancasofia","formatid":"gen9nationaldex","rating":0,"private":0,"password":""}