{"id":"gen9nationaldex-2000522201","p1":"Kingcheetah009","p2":"MarcusTalks","format":"[Gen 9] National Dex","log":"|html|<div class=\"broadcast-blue\"><strong>[Gen 9] National Dex is currently suspecting Sneasler! For information on how to participate check out the <a href=\"https:\/\/www.smogon.com\/forums\/threads\/sv-national-dex-suspect-8-just-dance.3731534\/\">suspect thread<\/a>.<\/strong><\/div>\n|j|\u2606Kingcheetah009\n|j|\u2606MarcusTalks\n|t:|1701201919\n|gametype|singles\n|player|p1|Kingcheetah009|265|\n|player|p2|MarcusTalks|steven|\n|teamsize|p1|6\n|teamsize|p2|6\n|gen|9\n|tier|[Gen 9] National Dex\n|rule|HP Percentage Mod: HP is shown in percentages\n|rule|Endless Battle Clause: Forcing endless battles is banned\n|rule|OHKO Clause: OHKO moves are banned\n|rule|Evasion Clause: Evasion abilities, items, and moves are banned\n|rule|Evasion Abilities Clause: Evasion abilities are banned\n|rule|Evasion Items Clause: Evasion items are banned\n|rule|Evasion Moves Clause: Evasion moves are banned\n|rule|Species Clause: Limit one of each Pok\u00e9mon\n|rule|Sleep Clause Mod: Limit one foe put to sleep\n|clearpoke\n|poke|p1|Eevee, M|\n|poke|p1|Umbreon, M|\n|poke|p1|Jolteon, M|\n|poke|p1|Espeon, F|\n|poke|p1|Vaporeon, F|\n|poke|p1|Sylveon, F|\n|poke|p2|Aegislash, M|\n|poke|p2|Ceruledge, M|\n|poke|p2|Sinistcha-Masterpiece|\n|poke|p2|Cofagrigus, M|\n|poke|p2|Rotom|\n|poke|p2|Lopunny, F|\n|teampreview\n|c|\u2606Kingcheetah009|Gl\n|c|\u2606MarcusTalks|Gl\n|\n|t:|1701201936\n|start\n|switch|p1a: Lectra|Jolteon, M, shiny|100\/100\n|switch|p2a: Cofagrigus|Cofagrigus, M|100\/100\n|turn|1\n|\n|t:|1701201949\n|move|p1a: Lectra|Volt Switch|p2a: Cofagrigus\n|-damage|p2a: Cofagrigus|69\/100\n|\n|t:|1701201952\n|switch|p1a: Coeus|Espeon, F, shiny|100\/100|[from] Volt Switch\n|move|p2a: Cofagrigus|Knock Off|p1a: Coeus\n|-supereffective|p1a: Coeus\n|-damage|p1a: Coeus|55\/100\n|-enditem|p1a: Coeus|Choice Specs|[from] move: Knock Off|[of] p2a: Cofagrigus\n|\n|-heal|p2a: Cofagrigus|75\/100|[from] item: Leftovers\n|upkeep\n|turn|2\n|\n|t:|1701201974\n|move|p1a: Coeus|Psychic|p2a: Cofagrigus\n|-damage|p2a: Cofagrigus|23\/100\n|move|p2a: Cofagrigus|Substitute|p2a: Cofagrigus\n|-fail|p2a: Cofagrigus|move: Substitute|[weak]\n|\n|-heal|p2a: Cofagrigus|29\/100|[from] item: Leftovers\n|upkeep\n|turn|3\n|\n|t:|1701201983\n|move|p1a: Coeus|Psychic|p2a: Cofagrigus\n|-damage|p2a: Cofagrigus|0 fnt\n|faint|p2a: Cofagrigus\n|\n|upkeep\n|\n|t:|1701201988\n|switch|p2a: Lopunny|Lopunny, F, shiny|100\/100\n|turn|4\n|\n|t:|1701201995\n|detailschange|p2a: Lopunny|Lopunny-Mega, F, shiny\n|-mega|p2a: Lopunny|Lopunny|Lopunnite\n|move|p2a: Lopunny|Fake Out|p1a: Coeus\n|-crit|p1a: Coeus\n|-damage|p1a: Coeus|0 fnt\n|faint|p1a: Coeus\n|\n|upkeep\n|c|\u2606MarcusTalks|What. The. Heck.\n|\n|t:|1701202011\n|switch|p1a: Erebus|Umbreon, M, shiny|100\/100\n|turn|5\n|c|\u2606Kingcheetah009|Man\n|\n|t:|1701202044\n|switch|p2a: Sinistcha|Sinistcha-Masterpiece, shiny|100\/100\n|-terastallize|p1a: Erebus|Ghost\n|move|p1a: Erebus|Thunder Wave|p2a: Sinistcha\n|-status|p2a: Sinistcha|par\n|\n|upkeep\n|turn|6\n|\n|t:|1701202063\n|switch|p1a: Lectra|Jolteon, M, shiny|100\/100\n|move|p2a: Sinistcha|Calm Mind|p2a: Sinistcha\n|-boost|p2a: Sinistcha|spa|1\n|-boost|p2a: Sinistcha|spd|1\n|\n|upkeep\n|turn|7\n|\n|t:|1701202076\n|move|p1a: Lectra|Shadow Ball|p2a: Sinistcha\n|-supereffective|p2a: Sinistcha\n|-damage|p2a: Sinistcha|63\/100 par\n|move|p2a: Sinistcha|Matcha Gotcha|p1a: Lectra\n|-damage|p1a: Lectra|17\/100\n|-heal|p2a: Sinistcha|96\/100 par|[from] drain|[of] p1a: Lectra\n|\n|-heal|p2a: Sinistcha|100\/100 par|[from] item: Leftovers\n|upkeep\n|turn|8\n|\n|t:|1701202089\n|move|p1a: Lectra|Shadow Ball|p2a: Sinistcha\n|-supereffective|p2a: Sinistcha\n|-damage|p2a: Sinistcha|62\/100 par\n|cant|p2a: Sinistcha|par\n|\n|-heal|p2a: Sinistcha|68\/100 par|[from] item: Leftovers\n|upkeep\n|turn|9\n|\n|t:|1701202102\n|move|p1a: Lectra|Shadow Ball|p2a: Sinistcha\n|-supereffective|p2a: Sinistcha\n|-damage|p2a: Sinistcha|30\/100 par\n|cant|p2a: Sinistcha|par\n|\n|-heal|p2a: Sinistcha|36\/100 par|[from] item: Leftovers\n|upkeep\n|turn|10\n|c|\u2606Kingcheetah009|:0\n|c|\u2606MarcusTalks|Got the double para\n|\n|t:|1701202114\n|move|p1a: Lectra|Shadow Ball|p2a: Sinistcha\n|-supereffective|p2a: Sinistcha\n|-damage|p2a: Sinistcha|0 fnt\n|faint|p2a: Sinistcha\n|\n|upkeep\n|c|\u2606Kingcheetah009|Rng baby\n|\n|t:|1701202121\n|switch|p2a: Lopunny|Lopunny-Mega, F, shiny|100\/100\n|turn|11\n|\n|t:|1701202128\n|switch|p1a: Erebus|Umbreon, M, shiny, tera:Ghost|100\/100\n|move|p2a: Lopunny|Fake Out|p1a: Erebus\n|-damage|p1a: Erebus|88\/100\n|\n|-heal|p1a: Erebus|94\/100|[from] item: Leftovers\n|upkeep\n|turn|12\n|\n|t:|1701202144\n|move|p2a: Lopunny|Ice Punch|p1a: Erebus\n|-crit|p1a: Erebus\n|-damage|p1a: Erebus|69\/100\n|-status|p1a: Erebus|frz\n|cant|p1a: Erebus|frz\n|\n|-heal|p1a: Erebus|75\/100 frz|[from] item: Leftovers\n|upkeep\n|turn|13\n|c|\u2606Kingcheetah009|Rng baby\n|\n|t:|1701202161\n|move|p2a: Lopunny|Return|p1a: Erebus\n|-damage|p1a: Erebus|41\/100 frz\n|cant|p1a: Erebus|frz\n|\n|-heal|p1a: Erebus|47\/100 frz|[from] item: Leftovers\n|upkeep\n|turn|14\n|\n|t:|1701202174\n|move|p2a: Lopunny|High Jump Kick|p1a: Erebus\n|-damage|p1a: Erebus|4\/100 frz\n|cant|p1a: Erebus|frz\n|\n|-heal|p1a: Erebus|10\/100 frz|[from] item: Leftovers\n|upkeep\n|turn|15\n|c|\u2606MarcusTalks|The million turn freeze\n|\n|t:|1701202189\n|move|p2a: Lopunny|Return|p1a: Erebus\n|-damage|p1a: Erebus|0 fnt\n|faint|p1a: Erebus\n|\n|upkeep\n|c|\u2606Kingcheetah009|This game man\n|c|\u2606MarcusTalks|If it was Synchronize\n|\n|t:|1701202211\n|switch|p1a: Lectra|Jolteon, M, shiny|17\/100\n|turn|16\n|c|\u2606MarcusTalks|that would\u2019ve been funny\n|\n|t:|1701202216\n|move|p1a: Lectra|Volt Switch|p2a: Lopunny\n|-damage|p2a: Lopunny|57\/100\n|\n|t:|1701202221\n|switch|p1a: Calyspo|Vaporeon, F, shiny|100\/100|[from] Volt Switch\n|move|p2a: Lopunny|Return|p1a: Calyspo\n|-crit|p1a: Calyspo\n|-damage|p1a: Calyspo|34\/100\n|\n|-heal|p1a: Calyspo|41\/100|[from] item: Leftovers\n|upkeep\n|turn|17\n|c|\u2606Kingcheetah009|RNG BABY\n|\n|t:|1701202240\n|switch|p2a: Aegislash|Aegislash, M, shiny|100\/100\n|move|p1a: Calyspo|Yawn|p2a: Aegislash\n|-start|p2a: Aegislash|move: Yawn|[of] p1a: Calyspo\n|\n|-heal|p1a: Calyspo|47\/100|[from] item: Leftovers\n|upkeep\n|turn|18\n|\n|t:|1701202254\n|switch|p2a: Rotom|Rotom, shiny|100\/100\n|move|p1a: Calyspo|Wish|p1a: Calyspo\n|\n|-heal|p1a: Calyspo|53\/100|[from] item: Leftovers\n|upkeep\n|turn|19\n|\n|t:|1701202283\n|switch|p1a: The Cheeto Man|Eevee, M, shiny|100\/100\n|move|p2a: Rotom|Defog|p1a: The Cheeto Man\n|-unboost|p1a: The Cheeto Man|evasion|1\n|\n|upkeep\n|turn|20\n|\n|t:|1701202294\n|move|p2a: Rotom|Thunder|p1a: The Cheeto Man\n|-damage|p1a: The Cheeto Man|6\/100\n|-status|p1a: The Cheeto Man|par\n|-zpower|p1a: The Cheeto Man\n|move|p1a: The Cheeto Man|Extreme Evoboost|p1a: The Cheeto Man\n|-boost|p1a: The Cheeto Man|atk|2\n|-boost|p1a: The Cheeto Man|def|2\n|-boost|p1a: The Cheeto Man|spa|2\n|-boost|p1a: The Cheeto Man|spd|2\n|-boost|p1a: The Cheeto Man|spe|2\n|\n|upkeep\n|turn|21\n|c|\u2606Kingcheetah009|That\u2019s wild\n|\n|t:|1701202314\n|move|p2a: Rotom|Volt Switch|p1a: The Cheeto Man\n|-damage|p1a: The Cheeto Man|0 fnt\n|faint|p1a: The Cheeto Man\n|c|\u2606MarcusTalks|I mean the evasion drop\n|\n|t:|1701202330\n|switch|p2a: Lopunny|Lopunny-Mega, F, shiny|57\/100|[from] Volt Switch\n|\n|upkeep\n|c|\u2606Kingcheetah009|I meant the paralyze\n|\n|t:|1701202343\n|switch|p1a: Lectra|Jolteon, M, shiny|17\/100\n|turn|22\n|c|\u2606MarcusTalks|At least it didn\u2019t Para on Evo boost too\n|c|\u2606Kingcheetah009|It stayed para tho didnt it?\n|\n|t:|1701202374\n|switch|p2a: Aegislash|Aegislash, M, shiny|100\/100\n|move|p1a: Lectra|Volt Switch|p2a: Aegislash\n|-damage|p2a: Aegislash|81\/100\n|c|\u2606MarcusTalks|It didnt\n|\n|t:|1701202385\n|switch|p1a: Calyspo|Vaporeon, F, shiny|53\/100|[from] Volt Switch\n|\n|-heal|p1a: Calyspo|59\/100|[from] item: Leftovers\n|-heal|p2a: Aegislash|87\/100|[from] item: Leftovers\n|upkeep\n|turn|23\n|\n|t:|1701202394\n|move|p1a: Calyspo|Wish|p1a: Calyspo\n|-formechange|p2a: Aegislash|Aegislash-Blade||[from] ability: Stance Change\n|move|p2a: Aegislash|Shadow Ball|p1a: Calyspo\n|-damage|p1a: Calyspo|34\/100\n|\n|-heal|p1a: Calyspo|40\/100|[from] item: Leftovers\n|-heal|p2a: Aegislash|93\/100|[from] item: Leftovers\n|upkeep\n|turn|24\n|\n|t:|1701202409\n|move|p1a: Calyspo|Yawn|p2a: Aegislash\n|-start|p2a: Aegislash|move: Yawn|[of] p1a: Calyspo\n|move|p2a: Aegislash|Shadow Ball|p1a: Calyspo\n|-damage|p1a: Calyspo|14\/100\n|-unboost|p1a: Calyspo|spd|1\n|\n|-heal|p1a: Calyspo|64\/100|[from] move: Wish|[wisher] Calyspo\n|-heal|p1a: Calyspo|70\/100|[from] item: Leftovers\n|-heal|p2a: Aegislash|99\/100|[from] item: Leftovers\n|upkeep\n|turn|25\n|\n|t:|1701202432\n|switch|p2a: Rotom|Rotom, shiny|100\/100\n|move|p1a: Calyspo|Haze|p1a: Calyspo\n|-clearallboost\n|\n|-heal|p1a: Calyspo|76\/100|[from] item: Leftovers\n|upkeep\n|turn|26\n|\n|t:|1701202445\n|switch|p1a: Lectra|Jolteon, M, shiny|17\/100\n|-zpower|p2a: Rotom\n|move|p2a: Rotom|Z-Defog|p1a: Lectra|[anim]Defog\n|-boost|p2a: Rotom|accuracy|1|[zeffect]\n|-unboost|p1a: Lectra|evasion|1\n|\n|upkeep\n|turn|27\n|\n|t:|1701202456\n|move|p1a: Lectra|Shadow Ball|p2a: Rotom\n|-supereffective|p2a: Rotom\n|-damage|p2a: Rotom|16\/100\n|move|p2a: Rotom|Foul Play|p1a: Lectra\n|-damage|p1a: Lectra|0 fnt\n|faint|p1a: Lectra\n|\n|upkeep\n|\n|t:|1701202467\n|switch|p1a: Sidney|Sylveon, F, shiny|100\/100\n|turn|28\n|\n|t:|1701202486\n|move|p2a: Rotom|Thunder|p1a: Sidney\n|-damage|p1a: Sidney|75\/100\n|move|p1a: Sidney|Draining Kiss|p2a: Rotom\n|-damage|p2a: Rotom|0 fnt\n|-heal|p1a: Sidney|82\/100|[from] drain|[of] p2a: Rotom\n|faint|p2a: Rotom\n|\n|upkeep\n|\n|t:|1701202499\n|switch|p2a: Ceruledge|Ceruledge, M|100\/100\n|turn|29\n|\n|t:|1701202532\n|move|p2a: Ceruledge|Swords Dance|p2a: Ceruledge\n|-boost|p2a: Ceruledge|atk|2\n|move|p1a: Sidney|Wish|p1a: Sidney\n|\n|upkeep\n|turn|30\n|\n|t:|1701202538\n|switch|p1a: Calyspo|Vaporeon, F, shiny|76\/100\n|move|p2a: Ceruledge|Poison Jab|p1a: Calyspo\n|-damage|p1a: Calyspo|35\/100\n|\n|-heal|p1a: Calyspo|78\/100|[from] move: Wish|[wisher] Sidney\n|-heal|p1a: Calyspo|84\/100|[from] item: Leftovers\n|upkeep\n|turn|31\n|\n|t:|1701202549\n|move|p2a: Ceruledge|Poison Jab|p1a: Calyspo\n|-damage|p1a: Calyspo|40\/100\n|move|p1a: Calyspo|Scald|p2a: Ceruledge\n|-supereffective|p2a: Ceruledge\n|-damage|p2a: Ceruledge|28\/100\n|\n|-heal|p1a: Calyspo|47\/100|[from] item: Leftovers\n|upkeep\n|turn|32\n|\n|t:|1701202561\n|move|p2a: Ceruledge|Poison Jab|p1a: Calyspo\n|-damage|p1a: Calyspo|6\/100\n|move|p1a: Calyspo|Scald|p2a: Ceruledge\n|-supereffective|p2a: Ceruledge\n|-damage|p2a: Ceruledge|0 fnt\n|faint|p2a: Ceruledge\n|\n|-heal|p1a: Calyspo|12\/100|[from] item: Leftovers\n|upkeep\n|\n|t:|1701202573\n|switch|p2a: Lopunny|Lopunny-Mega, F, shiny|57\/100\n|turn|33\n|\n|t:|1701202578\n|move|p2a: Lopunny|Fake Out|p1a: Calyspo\n|-damage|p1a: Calyspo|0 fnt\n|faint|p1a: Calyspo\n|\n|upkeep\n|\n|t:|1701202588\n|switch|p1a: Sidney|Sylveon, F, shiny|82\/100\n|turn|34\n|\n|t:|1701202605\n|move|p2a: Lopunny|Return|p1a: Sidney\n|-damage|p1a: Sidney|22\/100\n|move|p1a: Sidney|Draining Kiss|p2a: Lopunny\n|-supereffective|p2a: Lopunny\n|-damage|p2a: Lopunny|8\/100\n|-heal|p1a: Sidney|48\/100|[from] drain|[of] p2a: Lopunny\n|\n|upkeep\n|turn|35\n|c|\u2606MarcusTalks|It\u2019s over. I have the high ground\n|\n|t:|1701202621\n|move|p2a: Lopunny|Return|p1a: Sidney\n|-damage|p1a: Sidney|0 fnt\n|faint|p1a: Sidney\n|\n|win|MarcusTalks\n|c|\u2606Kingcheetah009|Gg\n|c|\u2606MarcusTalks|Gg\n|c|\u2606MarcusTalks|so close this time\n|c|\u2606Kingcheetah009|Almost\n|c|\u2606MarcusTalks|I\u2019m rooting for you\n|c|\u2606Kingcheetah009|Thanks lol\n|c|\u2606MarcusTalks|have you fought anyone else\n|c|\u2606Kingcheetah009|No, I have the time rn though so I was going to\n","uploadtime":1701202683,"views":1,"p1id":"kingcheetah009","p2id":"marcustalks","formatid":"gen9nationaldex","rating":0,"private":0,"password":""}