{"id":"gen9nationaldex-1997218508","p1":"KirinGoNeigh","p2":"MyBoiThomas","format":"[Gen 9] National Dex","log":"|html|<div class=\"broadcast-blue\"><strong>[Gen 9] National Dex is currently suspecting Sneasler! For information on how to participate check out the <a href=\"https:\/\/www.smogon.com\/forums\/threads\/sv-national-dex-suspect-8-just-dance.3731534\/\">suspect thread<\/a>.<\/strong><\/div>\n|j|\u2606KirinGoNeigh\n|j|\u2606MyBoiThomas\n|t:|1700776814\n|gametype|singles\n|player|p1|KirinGoNeigh|bruno|\n|player|p2|MyBoiThomas|steven|\n|teamsize|p1|6\n|teamsize|p2|6\n|gen|9\n|tier|[Gen 9] National Dex\n|rule|HP Percentage Mod: HP is shown in percentages\n|rule|Endless Battle Clause: Forcing endless battles is banned\n|rule|OHKO Clause: OHKO moves are banned\n|rule|Evasion Clause: Evasion abilities, items, and moves are banned\n|rule|Evasion Abilities Clause: Evasion abilities are banned\n|rule|Evasion Items Clause: Evasion items are banned\n|rule|Evasion Moves Clause: Evasion moves are banned\n|rule|Species Clause: Limit one of each Pok\u00e9mon\n|rule|Sleep Clause Mod: Limit one foe put to sleep\n|clearpoke\n|poke|p1|Sableye, M|\n|poke|p1|Corviknight, F|\n|poke|p1|Lanturn, M|\n|poke|p1|Farigiraf, F|\n|poke|p1|Dondozo, F|\n|poke|p1|Mudsdale, M|\n|poke|p2|Aegislash, M|\n|poke|p2|Clefable, M|\n|poke|p2|Gallade, M|\n|poke|p2|Tapu Koko|\n|poke|p2|Toxapex, M|\n|poke|p2|Wo-Chien|\n|teampreview\n|j| pencildropper\n|\n|t:|1700776845\n|start\n|switch|p1a: CG Valstrax|Corviknight, F, shiny|100\/100\n|switch|p2a: Emo Girl|Toxapex, M|100\/100\n|-ability|p1a: CG Valstrax|Pressure\n|turn|1\n|\n|t:|1700776854\n|move|p1a: CG Valstrax|U-turn|p2a: Emo Girl\n|-resisted|p2a: Emo Girl\n|-damage|p2a: Emo Girl|96\/100\n|j| hocobykanye\n|c| pencildropper|dope name\n|\n|t:|1700776855\n|switch|p1a: Rodrock (M)|Sableye, M|100\/100|[from] U-turn\n|move|p2a: Emo Girl|Toxic Spikes|p1a: Rodrock (M)\n|-sidestart|p1: KirinGoNeigh|move: Toxic Spikes\n|\n|-heal|p2a: Emo Girl|100\/100|[from] item: Leftovers\n|upkeep\n|turn|2\n|\n|t:|1700776862\n|switch|p2a: Demon|Clefable, M, shiny|100\/100\n|detailschange|p1a: Rodrock (M)|Sableye-Mega, M\n|-mega|p1a: Rodrock (M)|Sableye|Sablenite\n|move|p1a: Rodrock (M)|Knock Off|p2a: Demon\n|-resisted|p2a: Demon\n|-damage|p2a: Demon|86\/100\n|-enditem|p2a: Demon|Leftovers|[from] move: Knock Off|[of] p1a: Rodrock (M)\n|\n|upkeep\n|turn|3\n|\n|t:|1700776876\n|switch|p1a: CG Valstrax|Corviknight, F, shiny|100\/100\n|-ability|p1a: CG Valstrax|Pressure\n|move|p2a: Demon|Calm Mind|p2a: Demon\n|-boost|p2a: Demon|spa|1\n|-boost|p2a: Demon|spd|1\n|\n|upkeep\n|turn|4\n|\n|t:|1700776896\n|move|p1a: CG Valstrax|Defog|p2a: Demon\n|-unboost|p2a: Demon|evasion|1\n|-sideend|p1: KirinGoNeigh|Toxic Spikes|[from] move: Defog|[of] p1a: CG Valstrax\n|move|p2a: Demon|Moonblast|p1a: CG Valstrax\n|-resisted|p1a: CG Valstrax\n|-damage|p1a: CG Valstrax|70\/100\n|\n|-heal|p1a: CG Valstrax|76\/100|[from] item: Leftovers\n|upkeep\n|turn|5\n|\n|t:|1700776908\n|move|p1a: CG Valstrax|U-turn|p2a: Demon\n|-resisted|p2a: Demon\n|-damage|p2a: Demon|77\/100\n|\n|t:|1700776915\n|switch|p1a: Bama|Mudsdale, M|100\/100|[from] U-turn\n|move|p2a: Demon|Calm Mind|p2a: Demon\n|-boost|p2a: Demon|spa|1\n|-boost|p2a: Demon|spd|1\n|\n|upkeep\n|turn|6\n|\n|t:|1700776943\n|move|p2a: Demon|Moonlight|p2a: Demon\n|-heal|p2a: Demon|100\/100\n|move|p1a: Bama|Roar|p2a: Demon\n|drag|p2a: Emo Girl|Toxapex, M|100\/100\n|\n|upkeep\n|turn|7\n|\n|t:|1700776965\n|switch|p1a: Rodrock (M)|Sableye-Mega, M|100\/100\n|switch|p2a: Bing Chilllin|Wo-Chien|100\/100\n|-ability|p2a: Bing Chilllin|Tablets of Ruin\n|\n|upkeep\n|turn|8\n|c| pencildropper|phasing is extremely smart\n|\n|t:|1700776993\n|switch|p1a: Beamstalk|Farigiraf, F|100\/100\n|move|p2a: Bing Chilllin|Ruination|p1a: Beamstalk|[miss]\n|-miss|p2a: Bing Chilllin|p1a: Beamstalk\n|\n|upkeep\n|turn|9\n|\n|t:|1700777021\n|switch|p2a: Pookie Bear|Aegislash, M, shiny|100\/100\n|move|p1a: Beamstalk|Toxic|p2a: Pookie Bear\n|-immune|p2a: Pookie Bear\n|\n|upkeep\n|turn|10\n|c| pencildropper|ale goat\n|c| pencildropper|ale goat\n|\n|t:|1700777030\n|move|p2a: Pookie Bear|Metal Sound|p1a: Beamstalk\n|-unboost|p1a: Beamstalk|spd|2\n|move|p1a: Beamstalk|Shadow Ball|p2a: Pookie Bear\n|-supereffective|p2a: Pookie Bear\n|-damage|p2a: Pookie Bear|68\/100\n|-unboost|p2a: Pookie Bear|spd|1\n|\n|upkeep\n|turn|11\n|\n|t:|1700777070\n|switch|p1a: Rodrock (M)|Sableye-Mega, M|100\/100\n|-formechange|p2a: Pookie Bear|Aegislash-Blade||[from] ability: Stance Change\n|move|p2a: Pookie Bear|Shadow Ball|p1a: Rodrock (M)\n|-damage|p1a: Rodrock (M)|41\/100\n|-unboost|p1a: Rodrock (M)|spd|1\n|\n|upkeep\n|turn|12\n|c| pencildropper|ik that was a misclick\n|c|\u2606KirinGoNeigh|Either mega IQ or silly af\n|c|\u2606KirinGoNeigh|can't tell\n|c| pencildropper|ale goat ?\n|c|\u2606KirinGoNeigh|I figured it'd be special with Parks advising him\n|\n|t:|1700777115\n|switch|p1a: Beamstalk|Farigiraf, F|100\/100\n|move|p2a: Pookie Bear|Flash Cannon|p1a: Beamstalk\n|-damage|p1a: Beamstalk|47\/100\n|\n|-heal|p1a: Beamstalk|53\/100|[from] item: Leftovers\n|upkeep\n|turn|13\n|c| pencildropper|Ale goat??\n|\n|t:|1700777126\n|-formechange|p2a: Pookie Bear|Aegislash||[from] ability: Stance Change\n|move|p2a: Pookie Bear|King's Shield|p2a: Pookie Bear\n|-singleturn|p2a: Pookie Bear|Protect\n|move|p1a: Beamstalk|Protect||[still]\n|-fail|p1a: Beamstalk\n|\n|-heal|p1a: Beamstalk|59\/100|[from] item: Leftovers\n|upkeep\n|turn|14\n|\n|t:|1700777141\n|move|p1a: Beamstalk|Protect|p1a: Beamstalk\n|-singleturn|p1a: Beamstalk|Protect\n|-formechange|p2a: Pookie Bear|Aegislash-Blade||[from] ability: Stance Change\n|move|p2a: Pookie Bear|Flash Cannon|p1a: Beamstalk\n|-activate|p1a: Beamstalk|move: Protect\n|\n|-heal|p1a: Beamstalk|65\/100|[from] item: Leftovers\n|upkeep\n|turn|15\n|\n|t:|1700777173\n|switch|p2a: Bing Chilllin|Wo-Chien|100\/100\n|-ability|p2a: Bing Chilllin|Tablets of Ruin\n|move|p1a: Beamstalk|Shadow Ball|p2a: Bing Chilllin\n|-resisted|p2a: Bing Chilllin\n|-damage|p2a: Bing Chilllin|95\/100\n|\n|-heal|p1a: Beamstalk|71\/100|[from] item: Leftovers\n|upkeep\n|turn|16\n|\n|t:|1700777182\n|move|p2a: Bing Chilllin|Leech Seed|p1a: Beamstalk\n|-ability|p1a: Beamstalk|Sap Sipper|boost\n|-boost|p1a: Beamstalk|atk|1\n|move|p1a: Beamstalk|Toxic|p2a: Bing Chilllin\n|-status|p2a: Bing Chilllin|tox\n|\n|-heal|p1a: Beamstalk|77\/100|[from] item: Leftovers\n|-damage|p2a: Bing Chilllin|89\/100 tox|[from] psn\n|upkeep\n|turn|17\n|c| pencildropper|ale woat\n|c| pencildropper|its joever\n|\n|t:|1700777212\n|move|p2a: Bing Chilllin|Knock Off|p1a: Beamstalk\n|-supereffective|p1a: Beamstalk\n|-damage|p1a: Beamstalk|42\/100\n|-enditem|p1a: Beamstalk|Leftovers|[from] move: Knock Off|[of] p2a: Bing Chilllin\n|move|p1a: Beamstalk|Wish|p1a: Beamstalk\n|\n|-damage|p2a: Bing Chilllin|76\/100 tox|[from] psn\n|upkeep\n|turn|18\n|\n|t:|1700777230\n|move|p2a: Bing Chilllin|Giga Drain|p1a: Beamstalk\n|-ability|p1a: Beamstalk|Sap Sipper|boost\n|-boost|p1a: Beamstalk|atk|1\n|move|p1a: Beamstalk|Toxic|p2a: Bing Chilllin\n|-fail|p2a: Bing Chilllin|tox\n|\n|-heal|p1a: Beamstalk|92\/100|[from] move: Wish|[wisher] Beamstalk\n|-damage|p2a: Bing Chilllin|58\/100 tox|[from] psn\n|upkeep\n|turn|19\n|\n|t:|1700777254\n|switch|p2a: Drag Queen|Gallade, M|100\/100\n|move|p1a: Beamstalk|Shadow Ball|p2a: Drag Queen\n|-supereffective|p2a: Drag Queen\n|-damage|p2a: Drag Queen|60\/100\n|\n|upkeep\n|turn|20\n|\n|t:|1700777272\n|switch|p1a: Bama|Mudsdale, M|100\/100\n|detailschange|p2a: Drag Queen|Gallade-Mega, M\n|-mega|p2a: Drag Queen|Gallade|Galladite\n|move|p2a: Drag Queen|Knock Off|p1a: Bama\n|-damage|p1a: Bama|76\/100\n|-ability|p1a: Bama|Stamina|boost\n|-boost|p1a: Bama|def|1\n|-enditem|p1a: Bama|Leftovers|[from] move: Knock Off|[of] p2a: Drag Queen\n|\n|upkeep\n|turn|21\n|\n|t:|1700777282\n|move|p2a: Drag Queen|Sacred Sword|p1a: Bama\n|-damage|p1a: Bama|40\/100\n|-ability|p1a: Bama|Stamina|boost\n|-boost|p1a: Bama|def|1\n|move|p1a: Bama|Earthquake|p2a: Drag Queen\n|-damage|p2a: Drag Queen|3\/100\n|\n|upkeep\n|turn|22\n|c|\u2606KirinGoNeigh|ooh, sacred sword to break stamina\n|c|\u2606KirinGoNeigh|sneaky\n|c| pencildropper|ty\n|\n|t:|1700777305\n|move|p2a: Drag Queen|Sacred Sword|p1a: Bama\n|-damage|p1a: Bama|7\/100\n|-ability|p1a: Bama|Stamina|boost\n|-boost|p1a: Bama|def|1\n|move|p1a: Bama|Earthquake|p2a: Drag Queen\n|-damage|p2a: Drag Queen|0 fnt\n|faint|p2a: Drag Queen\n|\n|upkeep\n|\n|t:|1700777346\n|switch|p2a: Demon|Clefable, M, shiny|100\/100\n|turn|23\n|\n|t:|1700777353\n|move|p2a: Demon|Calm Mind|p2a: Demon\n|-boost|p2a: Demon|spa|1\n|-boost|p2a: Demon|spd|1\n|move|p1a: Bama|Stealth Rock|p2a: Demon\n|-sidestart|p2: MyBoiThomas|move: Stealth Rock\n|\n|upkeep\n|turn|24\n|\n|t:|1700777361\n|move|p2a: Demon|Moonblast|p1a: Bama\n|-crit|p1a: Bama\n|-damage|p1a: Bama|0 fnt\n|faint|p1a: Bama\n|\n|upkeep\n|c|\u2606MyBoiThomas|crit mattered\n|\n|t:|1700777367\n|switch|p1a: Broadside|Dondozo, F|100\/100\n|turn|25\n|\n|t:|1700777377\n|move|p2a: Demon|Thunderbolt|p1a: Broadside\n|-supereffective|p1a: Broadside\n|-damage|p1a: Broadside|50\/100\n|move|p1a: Broadside|Curse|p1a: Broadside\n|-unboost|p1a: Broadside|spe|1\n|-boost|p1a: Broadside|atk|1\n|-boost|p1a: Broadside|def|1\n|\n|-heal|p1a: Broadside|56\/100|[from] item: Leftovers\n|upkeep\n|turn|26\n|c|\u2606KirinGoNeigh|damn what is this set\n|\n|t:|1700777406\n|move|p2a: Demon|Calm Mind|p2a: Demon\n|-boost|p2a: Demon|spa|1\n|-boost|p2a: Demon|spd|1\n|move|p1a: Broadside|Liquidation|p2a: Demon\n|-crit|p2a: Demon\n|-damage|p2a: Demon|22\/100\n|\n|-heal|p1a: Broadside|62\/100|[from] item: Leftovers\n|upkeep\n|turn|27\n|c| pencildropper|I KNEW IT LMFAOOO\n|c|\u2606KirinGoNeigh|2hko anyway lol\n|c| pencildropper|ale somehow sheisty af and shit\n|\n|t:|1700777433\n|move|p2a: Demon|Thunderbolt|p1a: Broadside\n|-supereffective|p1a: Broadside\n|-damage|p1a: Broadside|13\/100\n|move|p1a: Broadside|Liquidation|p2a: Demon\n|-damage|p2a: Demon|0 fnt\n|faint|p2a: Demon\n|\n|-heal|p1a: Broadside|19\/100|[from] item: Leftovers\n|upkeep\n|\n|t:|1700777444\n|switch|p2a: Pookie Bear 2|Tapu Koko, shiny|100\/100\n|-damage|p2a: Pookie Bear 2|88\/100|[from] Stealth Rock\n|-fieldstart|move: Electric Terrain|[from] ability: Electric Surge|[of] p2a: Pookie Bear 2\n|turn|28\n|\n|t:|1700777453\n|switch|p1a: British Fish (T)|Lanturn, M|100\/100\n|move|p2a: Pookie Bear 2|Volt Switch|p1a: British Fish (T)\n|-immune|p1a: British Fish (T)|[from] ability: Volt Absorb\n|\n|upkeep\n|turn|29\n|\n|t:|1700777468\n|move|p2a: Pookie Bear 2|Nature's Madness|p1a: British Fish (T)\n|-damage|p1a: British Fish (T)|50\/100\n|move|p1a: British Fish (T)|Toxic|p2a: Pookie Bear 2\n|-status|p2a: Pookie Bear 2|tox\n|\n|-heal|p1a: British Fish (T)|57\/100|[from] item: Leftovers\n|-damage|p2a: Pookie Bear 2|82\/100 tox|[from] psn\n|upkeep\n|turn|30\n|\n|t:|1700777479\n|move|p1a: British Fish (T)|Protect|p1a: British Fish (T)\n|-singleturn|p1a: British Fish (T)|Protect\n|move|p2a: Pookie Bear 2|Nature's Madness|p1a: British Fish (T)\n|-activate|p1a: British Fish (T)|move: Protect\n|\n|-heal|p1a: British Fish (T)|63\/100|[from] item: Leftovers\n|-damage|p2a: Pookie Bear 2|70\/100 tox|[from] psn\n|upkeep\n|turn|31\n|\n|t:|1700777493\n|switch|p1a: Broadside|Dondozo, F|19\/100\n|move|p2a: Pookie Bear 2|Nature's Madness|p1a: Broadside\n|-damage|p1a: Broadside|10\/100\n|\n|-heal|p1a: Broadside|16\/100|[from] item: Leftovers\n|-damage|p2a: Pookie Bear 2|51\/100 tox|[from] psn\n|upkeep\n|turn|32\n|\n|t:|1700777502\n|move|p2a: Pookie Bear 2|Roost|p2a: Pookie Bear 2\n|-heal|p2a: Pookie Bear 2|100\/100 tox\n|-singleturn|p2a: Pookie Bear 2|move: Roost\n|move|p1a: Broadside|Rest||[still]\n|-activate|p1a: Broadside|move: Electric Terrain\n|-fail|p1a: Broadside\n|\n|-heal|p1a: Broadside|22\/100|[from] item: Leftovers\n|-damage|p2a: Pookie Bear 2|76\/100 tox|[from] psn\n|-fieldend|move: Electric Terrain\n|upkeep\n|turn|33\n|c| pencildropper|YOOOO\n|\n|t:|1700777514\n|move|p2a: Pookie Bear 2|Dazzling Gleam|p1a: Broadside\n|-damage|p1a: Broadside|0 fnt\n|faint|p1a: Broadside\n|\n|-damage|p2a: Pookie Bear 2|46\/100 tox|[from] psn\n|upkeep\n|\n|t:|1700777520\n|switch|p1a: British Fish (T)|Lanturn, M|63\/100\n|turn|34\n|\n|t:|1700777538\n|switch|p2a: Emo Girl|Toxapex, M|100\/100\n|-damage|p2a: Emo Girl|88\/100|[from] Stealth Rock\n|move|p1a: British Fish (T)|Volt Switch|p2a: Emo Girl\n|-supereffective|p2a: Emo Girl\n|-damage|p2a: Emo Girl|58\/100\n|\n|t:|1700777544\n|switch|p1a: Rodrock (M)|Sableye-Mega, M|41\/100|[from] Volt Switch\n|\n|-heal|p2a: Emo Girl|64\/100|[from] item: Leftovers\n|upkeep\n|turn|35\n|\n|t:|1700777563\n|move|p2a: Emo Girl|Scald|p1a: Rodrock (M)\n|-damage|p1a: Rodrock (M)|24\/100\n|-status|p1a: Rodrock (M)|brn\n|move|p1a: Rodrock (M)|Recover|p1a: Rodrock (M)\n|-heal|p1a: Rodrock (M)|74\/100 brn\n|\n|-heal|p2a: Emo Girl|70\/100|[from] item: Leftovers\n|-damage|p1a: Rodrock (M)|67\/100 brn|[from] brn\n|upkeep\n|turn|36\n|\n|t:|1700777573\n|move|p2a: Emo Girl|Toxic Spikes|p1a: Rodrock (M)\n|move|p1a: Rodrock (M)|Toxic Spikes|p2a: Emo Girl|[from]ability: Magic Bounce\n|-sidestart|p2: MyBoiThomas|move: Toxic Spikes\n|move|p1a: Rodrock (M)|Knock Off|p2a: Emo Girl\n|-damage|p2a: Emo Girl|60\/100\n|-enditem|p2a: Emo Girl|Leftovers|[from] move: Knock Off|[of] p1a: Rodrock (M)\n|\n|-damage|p1a: Rodrock (M)|61\/100 brn|[from] brn\n|upkeep\n|turn|37\n|c| pencildropper|why\n|c| pencildropper|after everything i've taught you\n|c|\u2606MyBoiThomas|i forgot\n|\n|t:|1700777589\n|move|p2a: Emo Girl|Recover|p2a: Emo Girl\n|-heal|p2a: Emo Girl|100\/100\n|move|p1a: Rodrock (M)|Recover|p1a: Rodrock (M)\n|-heal|p1a: Rodrock (M)|100\/100 brn\n|\n|-damage|p1a: Rodrock (M)|94\/100 brn|[from] brn\n|upkeep\n|turn|38\n|c|\u2606KirinGoNeigh|even with the amazing counter team Parker gave you\n|c|\u2606KirinGoNeigh|you are still WEAK\n|\n|t:|1700777610\n|move|p2a: Emo Girl|Scald|p1a: Rodrock (M)\n|-damage|p1a: Rodrock (M)|79\/100 brn\n|move|p1a: Rodrock (M)|Will-O-Wisp|p2a: Emo Girl|[miss]\n|-miss|p1a: Rodrock (M)|p2a: Emo Girl\n|\n|-damage|p1a: Rodrock (M)|73\/100 brn|[from] brn\n|upkeep\n|turn|39\n|c|\u2606KirinGoNeigh|not that it matters since everything not already poisoned is immune but\n|c|\u2606KirinGoNeigh|eh\n|\n|t:|1700777637\n|switch|p2a: Pookie Bear 2|Tapu Koko, shiny|46\/100 tox\n|-damage|p2a: Pookie Bear 2|33\/100 tox|[from] Stealth Rock\n|-fieldstart|move: Electric Terrain|[from] ability: Electric Surge|[of] p2a: Pookie Bear 2\n|move|p1a: Rodrock (M)|Will-O-Wisp||[still]\n|-fail|p1a: Rodrock (M)\n|\n|-damage|p2a: Pookie Bear 2|27\/100 tox|[from] psn\n|-damage|p1a: Rodrock (M)|67\/100 brn|[from] brn\n|upkeep\n|turn|40\n|\n|t:|1700777647\n|switch|p1a: British Fish (T)|Lanturn, M|63\/100\n|move|p2a: Pookie Bear 2|Roost|p2a: Pookie Bear 2\n|-heal|p2a: Pookie Bear 2|77\/100 tox\n|-singleturn|p2a: Pookie Bear 2|move: Roost\n|\n|-heal|p1a: British Fish (T)|69\/100|[from] item: Leftovers\n|-damage|p2a: Pookie Bear 2|65\/100 tox|[from] psn\n|upkeep\n|turn|41\n|\n|t:|1700777665\n|move|p2a: Pookie Bear 2|Roost|p2a: Pookie Bear 2\n|-heal|p2a: Pookie Bear 2|100\/100 tox\n|-singleturn|p2a: Pookie Bear 2|move: Roost\n|move|p1a: British Fish (T)|Scald|p2a: Pookie Bear 2\n|-damage|p2a: Pookie Bear 2|71\/100 tox\n|\n|-heal|p1a: British Fish (T)|75\/100|[from] item: Leftovers\n|-damage|p2a: Pookie Bear 2|52\/100 tox|[from] psn\n|upkeep\n|turn|42\n|\n|t:|1700777683\n|switch|p2a: Emo Girl|Toxapex, M|100\/100\n|-damage|p2a: Emo Girl|88\/100|[from] Stealth Rock\n|-sideend|p2: MyBoiThomas|move: Toxic Spikes|[of] p2a: Emo Girl\n|move|p1a: British Fish (T)|Scald|p2a: Emo Girl\n|-resisted|p2a: Emo Girl\n|-crit|p2a: Emo Girl\n|-damage|p2a: Emo Girl|75\/100\n|\n|-heal|p1a: British Fish (T)|81\/100|[from] item: Leftovers\n|upkeep\n|turn|43\n|\n|t:|1700777717\n|switch|p2a: Pookie Bear|Aegislash, M, shiny|68\/100\n|-damage|p2a: Pookie Bear|62\/100|[from] Stealth Rock\n|move|p1a: British Fish (T)|Volt Switch|p2a: Pookie Bear\n|-damage|p2a: Pookie Bear|40\/100\n|\n|t:|1700777723\n|switch|p1a: Beamstalk|Farigiraf, F|92\/100|[from] Volt Switch\n|\n|-fieldend|move: Electric Terrain\n|upkeep\n|turn|44\n|\n|t:|1700777733\n|switch|p2a: Bing Chilllin|Wo-Chien|58\/100 tox\n|-ability|p2a: Bing Chilllin|Tablets of Ruin\n|move|p1a: Beamstalk|Protect||[still]\n|-fail|p1a: Beamstalk\n|\n|-damage|p2a: Bing Chilllin|52\/100 tox|[from] psn\n|upkeep\n|turn|45\n|\n|t:|1700777743\n|move|p2a: Bing Chilllin|Giga Drain|p1a: Beamstalk\n|-ability|p1a: Beamstalk|Sap Sipper|boost\n|-boost|p1a: Beamstalk|atk|1\n|move|p1a: Beamstalk|Wish|p1a: Beamstalk\n|\n|-damage|p2a: Bing Chilllin|40\/100 tox|[from] psn\n|upkeep\n|turn|46\n|c| pencildropper|this guy is so ass\n|c|\u2606MyBoiThomas|I KEEP FORGETTING\n|c|\u2606MyBoiThomas|FUCK\n|\n|t:|1700777757\n|move|p2a: Bing Chilllin|Ruination|p1a: Beamstalk\n|-damage|p1a: Beamstalk|46\/100\n|move|p1a: Beamstalk|Shadow Ball|p2a: Bing Chilllin\n|-resisted|p2a: Bing Chilllin\n|-damage|p2a: Bing Chilllin|34\/100 tox\n|-unboost|p2a: Bing Chilllin|spd|1\n|\n|-heal|p1a: Beamstalk|96\/100|[from] move: Wish|[wisher] Beamstalk\n|-damage|p2a: Bing Chilllin|15\/100 tox|[from] psn\n|upkeep\n|turn|47\n|c| hocobykanye|bruh\n|\n|t:|1700777780\n|switch|p2a: Emo Girl|Toxapex, M|100\/100\n|-damage|p2a: Emo Girl|88\/100|[from] Stealth Rock\n|move|p1a: Beamstalk|Protect||[still]\n|-fail|p1a: Beamstalk\n|\n|upkeep\n|turn|48\n|\n|t:|1700777789\n|switch|p1a: Rodrock (M)|Sableye-Mega, M|67\/100 brn\n|move|p2a: Emo Girl|Scald|p1a: Rodrock (M)\n|-damage|p1a: Rodrock (M)|50\/100 brn\n|\n|-damage|p1a: Rodrock (M)|44\/100 brn|[from] brn\n|upkeep\n|turn|49\n|\n|t:|1700777800\n|move|p2a: Emo Girl|Scald|p1a: Rodrock (M)\n|-damage|p1a: Rodrock (M)|26\/100 brn\n|move|p1a: Rodrock (M)|Recover|p1a: Rodrock (M)\n|-heal|p1a: Rodrock (M)|76\/100 brn\n|\n|-damage|p1a: Rodrock (M)|70\/100 brn|[from] brn\n|upkeep\n|turn|50\n|\n|t:|1700777811\n|move|p2a: Emo Girl|Scald|p1a: Rodrock (M)\n|-damage|p1a: Rodrock (M)|53\/100 brn\n|move|p1a: Rodrock (M)|Will-O-Wisp|p2a: Emo Girl\n|-status|p2a: Emo Girl|brn\n|\n|-damage|p2a: Emo Girl|82\/100 brn|[from] brn\n|-damage|p1a: Rodrock (M)|47\/100 brn|[from] brn\n|upkeep\n|turn|51\n|\n|t:|1700777831\n|move|p2a: Emo Girl|Scald|p1a: Rodrock (M)\n|-damage|p1a: Rodrock (M)|31\/100 brn\n|move|p1a: Rodrock (M)|Recover|p1a: Rodrock (M)\n|-heal|p1a: Rodrock (M)|81\/100 brn\n|\n|-damage|p2a: Emo Girl|75\/100 brn|[from] brn\n|-damage|p1a: Rodrock (M)|75\/100 brn|[from] brn\n|upkeep\n|turn|52\n|\n|t:|1700777840\n|switch|p1a: Beamstalk|Farigiraf, F|96\/100\n|move|p2a: Emo Girl|Scald|p1a: Beamstalk\n|-damage|p1a: Beamstalk|80\/100\n|-status|p1a: Beamstalk|brn\n|\n|-damage|p1a: Beamstalk|74\/100 brn|[from] brn\n|-damage|p2a: Emo Girl|69\/100 brn|[from] brn\n|upkeep\n|turn|53\n|\n|t:|1700777849\n|switch|p1a: Rodrock (M)|Sableye-Mega, M|75\/100 brn\n|move|p2a: Emo Girl|Recover|p2a: Emo Girl\n|-heal|p2a: Emo Girl|100\/100 brn\n|\n|-damage|p2a: Emo Girl|94\/100 brn|[from] brn\n|-damage|p1a: Rodrock (M)|69\/100 brn|[from] brn\n|upkeep\n|turn|54\n|\n|t:|1700777856\n|switch|p1a: Beamstalk|Farigiraf, F|74\/100 brn\n|move|p2a: Emo Girl|Scald|p1a: Beamstalk\n|-damage|p1a: Beamstalk|57\/100 brn\n|\n|-damage|p1a: Beamstalk|51\/100 brn|[from] brn\n|-damage|p2a: Emo Girl|88\/100 brn|[from] brn\n|upkeep\n|turn|55\n|\n|t:|1700777868\n|switch|p1a: CG Valstrax|Corviknight, F, shiny|76\/100\n|-ability|p1a: CG Valstrax|Pressure\n|move|p2a: Emo Girl|Scald|p1a: CG Valstrax\n|-damage|p1a: CG Valstrax|60\/100\n|-status|p1a: CG Valstrax|brn\n|\n|-heal|p1a: CG Valstrax|66\/100 brn|[from] item: Leftovers\n|-damage|p1a: CG Valstrax|60\/100 brn|[from] brn\n|-damage|p2a: Emo Girl|82\/100 brn|[from] brn\n|upkeep\n|turn|56\n|c| pencildropper|ale has the rng on his side\n|c|\u2606KirinGoNeigh|he does\n|c| hocobykanye|emo girl vs the world\n|c|\u2606MyBoiThomas|this crazy\n|\n|t:|1700777895\n|move|p2a: Emo Girl|Baneful Bunker|p2a: Emo Girl\n|-singleturn|p2a: Emo Girl|move: Protect\n|move|p1a: CG Valstrax|Roost|p1a: CG Valstrax\n|-heal|p1a: CG Valstrax|100\/100 brn\n|-singleturn|p1a: CG Valstrax|move: Roost\n|\n|-damage|p1a: CG Valstrax|94\/100 brn|[from] brn\n|-damage|p2a: Emo Girl|75\/100 brn|[from] brn\n|upkeep\n|turn|57\n|\n|t:|1700777903\n|move|p1a: CG Valstrax|U-turn|p2a: Emo Girl\n|-resisted|p2a: Emo Girl\n|-damage|p2a: Emo Girl|73\/100 brn\n|\n|t:|1700777906\n|switch|p1a: Rodrock (M)|Sableye-Mega, M|69\/100 brn|[from] U-turn\n|move|p2a: Emo Girl|Recover|p2a: Emo Girl\n|-heal|p2a: Emo Girl|100\/100 brn\n|\n|-damage|p2a: Emo Girl|94\/100 brn|[from] brn\n|-damage|p1a: Rodrock (M)|62\/100 brn|[from] brn\n|upkeep\n|turn|58\n|\n|t:|1700777916\n|switch|p1a: Beamstalk|Farigiraf, F|51\/100 brn\n|move|p2a: Emo Girl|Scald|p1a: Beamstalk\n|-damage|p1a: Beamstalk|33\/100 brn\n|\n|-damage|p1a: Beamstalk|27\/100 brn|[from] brn\n|-damage|p2a: Emo Girl|88\/100 brn|[from] brn\n|upkeep\n|turn|59\n|\n|t:|1700777925\n|move|p1a: Beamstalk|Wish|p1a: Beamstalk\n|move|p2a: Emo Girl|Scald|p1a: Beamstalk\n|-damage|p1a: Beamstalk|9\/100 brn\n|\n|-damage|p1a: Beamstalk|3\/100 brn|[from] brn\n|-damage|p2a: Emo Girl|82\/100 brn|[from] brn\n|upkeep\n|turn|60\n|c|\u2606KirinGoNeigh|oh noes\n|\n|t:|1700777935\n|move|p1a: Beamstalk|Shadow Ball|p2a: Emo Girl\n|-damage|p2a: Emo Girl|68\/100 brn\n|move|p2a: Emo Girl|Scald|p1a: Beamstalk\n|-damage|p1a: Beamstalk|0 fnt\n|faint|p1a: Beamstalk\n|\n|-damage|p2a: Emo Girl|62\/100 brn|[from] brn\n|upkeep\n|\n|t:|1700777940\n|switch|p1a: Rodrock (M)|Sableye-Mega, M|62\/100 brn\n|turn|61\n|c| pencildropper|why no protec?\n|c|\u2606KirinGoNeigh|I died\n|c|\u2606KirinGoNeigh|no lefties\n|c| pencildropper|ohhh right\n|\n|t:|1700777961\n|move|p2a: Emo Girl|Recover|p2a: Emo Girl\n|-heal|p2a: Emo Girl|100\/100 brn\n|move|p1a: Rodrock (M)|Recover|p1a: Rodrock (M)\n|-heal|p1a: Rodrock (M)|100\/100 brn\n|\n|-damage|p2a: Emo Girl|94\/100 brn|[from] brn\n|-damage|p1a: Rodrock (M)|94\/100 brn|[from] brn\n|upkeep\n|turn|62\n|\n|t:|1700777969\n|switch|p1a: British Fish (T)|Lanturn, M|81\/100\n|move|p2a: Emo Girl|Scald|p1a: British Fish (T)\n|-resisted|p1a: British Fish (T)\n|-damage|p1a: British Fish (T)|76\/100\n|\n|-heal|p1a: British Fish (T)|83\/100|[from] item: Leftovers\n|-damage|p2a: Emo Girl|88\/100 brn|[from] brn\n|upkeep\n|turn|63\n|c|\u2606KirinGoNeigh|I'm just pp stalling at this point\n|\n|t:|1700777980\n|move|p1a: British Fish (T)|Volt Switch|p2a: Emo Girl\n|-supereffective|p2a: Emo Girl\n|-crit|p2a: Emo Girl\n|-damage|p2a: Emo Girl|45\/100 brn\n|\n|t:|1700777985\n|switch|p1a: CG Valstrax|Corviknight, F, shiny|94\/100 brn|[from] Volt Switch\n|-ability|p1a: CG Valstrax|Pressure\n|move|p2a: Emo Girl|Toxic Spikes|p1a: CG Valstrax\n|-sidestart|p1: KirinGoNeigh|move: Toxic Spikes\n|\n|-heal|p1a: CG Valstrax|100\/100 brn|[from] item: Leftovers\n|-damage|p1a: CG Valstrax|94\/100 brn|[from] brn\n|-damage|p2a: Emo Girl|38\/100 brn|[from] brn\n|upkeep\n|turn|64\n|c| pencildropper|crit mattered\n|\n|t:|1700777995\n|move|p1a: CG Valstrax|Defog|p2a: Emo Girl\n|-unboost|p2a: Emo Girl|evasion|1\n|-sideend|p2: MyBoiThomas|Stealth Rock|[from] move: Defog|[of] p1a: CG Valstrax\n|-sideend|p1: KirinGoNeigh|Toxic Spikes|[from] move: Defog|[of] p1a: CG Valstrax\n|move|p2a: Emo Girl|Recover|p2a: Emo Girl\n|-heal|p2a: Emo Girl|88\/100 brn\n|\n|-heal|p1a: CG Valstrax|100\/100 brn|[from] item: Leftovers\n|-damage|p1a: CG Valstrax|94\/100 brn|[from] brn\n|-damage|p2a: Emo Girl|82\/100 brn|[from] brn\n|upkeep\n|turn|65\n|\n|t:|1700778008\n|move|p1a: CG Valstrax|U-turn|p2a: Emo Girl\n|-resisted|p2a: Emo Girl\n|-damage|p2a: Emo Girl|80\/100 brn\n|\n|t:|1700778010\n|switch|p1a: British Fish (T)|Lanturn, M|83\/100|[from] U-turn\n|move|p2a: Emo Girl|Recover|p2a: Emo Girl\n|-heal|p2a: Emo Girl|100\/100 brn\n|\n|-heal|p1a: British Fish (T)|89\/100|[from] item: Leftovers\n|-damage|p2a: Emo Girl|94\/100 brn|[from] brn\n|upkeep\n|turn|66\n|\n|t:|1700778021\n|switch|p2a: Pookie Bear 2|Tapu Koko, shiny|52\/100 tox\n|-fieldstart|move: Electric Terrain|[from] ability: Electric Surge|[of] p2a: Pookie Bear 2\n|move|p1a: British Fish (T)|Volt Switch|p2a: Pookie Bear 2\n|-resisted|p2a: Pookie Bear 2\n|-damage|p2a: Pookie Bear 2|37\/100 tox\n|\n|t:|1700778026\n|switch|p1a: CG Valstrax|Corviknight, F, shiny|94\/100 brn|[from] Volt Switch\n|-ability|p1a: CG Valstrax|Pressure\n|\n|-heal|p1a: CG Valstrax|100\/100 brn|[from] item: Leftovers\n|-damage|p2a: Pookie Bear 2|31\/100 tox|[from] psn\n|-damage|p1a: CG Valstrax|94\/100 brn|[from] brn\n|upkeep\n|turn|67\n|\n|t:|1700778038\n|switch|p1a: British Fish (T)|Lanturn, M|89\/100\n|move|p2a: Pookie Bear 2|Nature's Madness|p1a: British Fish (T)\n|-damage|p1a: British Fish (T)|45\/100\n|\n|-heal|p1a: British Fish (T)|51\/100|[from] item: Leftovers\n|-damage|p2a: Pookie Bear 2|19\/100 tox|[from] psn\n|upkeep\n|turn|68\n|c| pencildropper|GOAT PLAYS\n|\n|t:|1700778053\n|move|p2a: Pookie Bear 2|Roost|p2a: Pookie Bear 2\n|-heal|p2a: Pookie Bear 2|69\/100 tox\n|-singleturn|p2a: Pookie Bear 2|move: Roost\n|move|p1a: British Fish (T)|Scald|p2a: Pookie Bear 2\n|-damage|p2a: Pookie Bear 2|39\/100 tox\n|\n|-heal|p1a: British Fish (T)|57\/100|[from] item: Leftovers\n|-damage|p2a: Pookie Bear 2|21\/100 tox|[from] psn\n|upkeep\n|turn|69\n|\n|t:|1700778073\n|move|p2a: Pookie Bear 2|Nature's Madness|p1a: British Fish (T)\n|-damage|p1a: British Fish (T)|29\/100\n|move|p1a: British Fish (T)|Scald|p2a: Pookie Bear 2\n|-damage|p2a: Pookie Bear 2|0 fnt\n|faint|p2a: Pookie Bear 2\n|\n|-heal|p1a: British Fish (T)|35\/100|[from] item: Leftovers\n|upkeep\n|\n|t:|1700778087\n|switch|p2a: Pookie Bear|Aegislash, M, shiny|40\/100\n|turn|70\n|\n|t:|1700778097\n|move|p1a: British Fish (T)|Protect|p1a: British Fish (T)\n|-singleturn|p1a: British Fish (T)|Protect\n|-formechange|p2a: Pookie Bear|Aegislash-Blade||[from] ability: Stance Change\n|move|p2a: Pookie Bear|Shadow Ball|p1a: British Fish (T)\n|-activate|p1a: British Fish (T)|move: Protect\n|\n|-heal|p1a: British Fish (T)|41\/100|[from] item: Leftovers\n|-fieldend|move: Electric Terrain\n|upkeep\n|turn|71\n|\n|t:|1700778107\n|move|p2a: Pookie Bear|Shadow Ball|p1a: British Fish (T)\n|-damage|p1a: British Fish (T)|7\/100\n|move|p1a: British Fish (T)|Scald|p2a: Pookie Bear\n|-damage|p2a: Pookie Bear|0 fnt\n|faint|p2a: Pookie Bear\n|\n|-heal|p1a: British Fish (T)|13\/100|[from] item: Leftovers\n|upkeep\n|c| pencildropper|NOOOOO\n|c| pencildropper|HES CHOKINH\n|c|\u2606KirinGoNeigh|this is a lot closer than I expected tbh\n|c|\u2606KirinGoNeigh|Parker armed him to the teeth with stallbreakers too\n|c|\u2606KirinGoNeigh|Half his team is stallbreakers\n|\n|t:|1700778149\n|switch|p2a: Emo Girl|Toxapex, M|100\/100 brn\n|turn|72\n|\n|t:|1700778154\n|move|p1a: British Fish (T)|Volt Switch|p2a: Emo Girl\n|-supereffective|p2a: Emo Girl\n|-damage|p2a: Emo Girl|71\/100 brn\n|\n|t:|1700778157\n|switch|p1a: CG Valstrax|Corviknight, F, shiny|94\/100 brn|[from] Volt Switch\n|-ability|p1a: CG Valstrax|Pressure\n|move|p2a: Emo Girl|Scald|p1a: CG Valstrax\n|-damage|p1a: CG Valstrax|77\/100 brn\n|\n|-heal|p1a: CG Valstrax|83\/100 brn|[from] item: Leftovers\n|-damage|p1a: CG Valstrax|77\/100 brn|[from] brn\n|-damage|p2a: Emo Girl|65\/100 brn|[from] brn\n|upkeep\n|turn|73\n|\n|t:|1700778173\n|move|p1a: CG Valstrax|U-turn|p2a: Emo Girl\n|-resisted|p2a: Emo Girl\n|-damage|p2a: Emo Girl|62\/100 brn\n|\n|t:|1700778175\n|switch|p1a: British Fish (T)|Lanturn, M|13\/100|[from] U-turn\n|move|p2a: Emo Girl|Toxic Spikes|p1a: British Fish (T)\n|-sidestart|p1: KirinGoNeigh|move: Toxic Spikes\n|\n|-heal|p1a: British Fish (T)|19\/100|[from] item: Leftovers\n|-damage|p2a: Emo Girl|56\/100 brn|[from] brn\n|upkeep\n|turn|74\n|c| pencildropper|Ale with the greatest choke i've ever seen\n|\n|t:|1700778184\n|move|p1a: British Fish (T)|Scald|p2a: Emo Girl\n|-resisted|p2a: Emo Girl\n|-damage|p2a: Emo Girl|47\/100 brn\n|move|p2a: Emo Girl|Recover|p2a: Emo Girl\n|-heal|p2a: Emo Girl|97\/100 brn\n|\n|-heal|p1a: British Fish (T)|25\/100|[from] item: Leftovers\n|-damage|p2a: Emo Girl|91\/100 brn|[from] brn\n|upkeep\n|turn|75\n|\n|t:|1700778194\n|move|p1a: British Fish (T)|Protect|p1a: British Fish (T)\n|-singleturn|p1a: British Fish (T)|Protect\n|move|p2a: Emo Girl|Baneful Bunker||[still]\n|-fail|p2a: Emo Girl\n|\n|-heal|p1a: British Fish (T)|32\/100|[from] item: Leftovers\n|-damage|p2a: Emo Girl|84\/100 brn|[from] brn\n|upkeep\n|turn|76\n|\n|t:|1700778201\n|move|p2a: Emo Girl|Baneful Bunker|p2a: Emo Girl\n|-singleturn|p2a: Emo Girl|move: Protect\n|move|p1a: British Fish (T)|Scald|p2a: Emo Girl\n|-activate|p2a: Emo Girl|move: Protect\n|\n|-heal|p1a: British Fish (T)|38\/100|[from] item: Leftovers\n|-damage|p2a: Emo Girl|78\/100 brn|[from] brn\n|upkeep\n|turn|77\n|\n|t:|1700778215\n|move|p1a: British Fish (T)|Scald|p2a: Emo Girl\n|-resisted|p2a: Emo Girl\n|-damage|p2a: Emo Girl|70\/100 brn\n|move|p2a: Emo Girl|Scald|p1a: British Fish (T)\n|-resisted|p1a: British Fish (T)\n|-damage|p1a: British Fish (T)|33\/100\n|\n|-heal|p1a: British Fish (T)|39\/100|[from] item: Leftovers\n|-damage|p2a: Emo Girl|64\/100 brn|[from] brn\n|upkeep\n|turn|78\n|c|\u2606KirinGoNeigh|I believe I win the scald war\n|\n|t:|1700778224\n|move|p1a: British Fish (T)|Scald|p2a: Emo Girl\n|-resisted|p2a: Emo Girl\n|-crit|p2a: Emo Girl\n|-damage|p2a: Emo Girl|52\/100 brn\n|move|p2a: Emo Girl|Recover|p2a: Emo Girl\n|-heal|p2a: Emo Girl|100\/100 brn\n|\n|-heal|p1a: British Fish (T)|45\/100|[from] item: Leftovers\n|-damage|p2a: Emo Girl|94\/100 brn|[from] brn\n|upkeep\n|turn|79\n|c| pencildropper|same\n|c|\u2606KirinGoNeigh|I have more uses left\n|c| pencildropper|wasting all the recovers\n|\n|t:|1700778235\n|switch|p2a: Bing Chilllin|Wo-Chien|15\/100 tox\n|-ability|p2a: Bing Chilllin|Tablets of Ruin\n|move|p1a: British Fish (T)|Protect||[still]\n|-fail|p1a: British Fish (T)\n|\n|-heal|p1a: British Fish (T)|51\/100|[from] item: Leftovers\n|-damage|p2a: Bing Chilllin|9\/100 tox|[from] psn\n|upkeep\n|turn|80\n|c| pencildropper|its joever\n|\n|t:|1700778245\n|switch|p1a: CG Valstrax|Corviknight, F, shiny|77\/100 brn\n|-ability|p1a: CG Valstrax|Pressure\n|move|p2a: Bing Chilllin|Giga Drain|p1a: CG Valstrax\n|-resisted|p1a: CG Valstrax\n|-damage|p1a: CG Valstrax|70\/100 brn\n|-heal|p2a: Bing Chilllin|13\/100 tox|[from] drain|[of] p1a: CG Valstrax\n|\n|-heal|p1a: CG Valstrax|77\/100 brn|[from] item: Leftovers\n|-damage|p2a: Bing Chilllin|0 fnt|[from] psn\n|faint|p2a: Bing Chilllin\n|-damage|p1a: CG Valstrax|70\/100 brn|[from] brn\n|upkeep\n|c| pencildropper|yo shouldve done that 10 turns ago\n|\n|t:|1700778257\n|switch|p2a: Emo Girl|Toxapex, M|100\/100 brn\n|turn|81\n|c| pencildropper|that's game\n|\n|t:|1700778263\n|move|p1a: CG Valstrax|Defog|p2a: Emo Girl\n|-unboost|p2a: Emo Girl|evasion|1\n|-sideend|p1: KirinGoNeigh|Toxic Spikes|[from] move: Defog|[of] p1a: CG Valstrax\n|move|p2a: Emo Girl|Scald|p1a: CG Valstrax\n|-damage|p1a: CG Valstrax|55\/100 brn\n|\n|-heal|p1a: CG Valstrax|61\/100 brn|[from] item: Leftovers\n|-damage|p1a: CG Valstrax|55\/100 brn|[from] brn\n|-damage|p2a: Emo Girl|94\/100 brn|[from] brn\n|upkeep\n|turn|82\n|c|\u2606KirinGoNeigh|and now\n|c|\u2606KirinGoNeigh|we ait\n|c|\u2606KirinGoNeigh|wait*\n|\n|t:|1700778272\n|move|p1a: CG Valstrax|Roost|p1a: CG Valstrax\n|-heal|p1a: CG Valstrax|100\/100 brn\n|-singleturn|p1a: CG Valstrax|move: Roost\n|move|p2a: Emo Girl|Scald|p1a: CG Valstrax\n|-crit|p1a: CG Valstrax\n|-damage|p1a: CG Valstrax|76\/100 brn\n|\n|-heal|p1a: CG Valstrax|82\/100 brn|[from] item: Leftovers\n|-damage|p1a: CG Valstrax|76\/100 brn|[from] brn\n|-damage|p2a: Emo Girl|88\/100 brn|[from] brn\n|upkeep\n|turn|83\n|c| pencildropper|nah\n|c| pencildropper|you ait\n|c|\u2606KirinGoNeigh|I did ait\n|c|\u2606KirinGoNeigh|I ait him\n|c| hocobykanye|damn\n|c|\u2606KirinGoNeigh|your training and counterteaming made him tougher than anticipated, but he got shreked anyway\n|c| pencildropper|now its death by one thousand cuts\n|\n|t:|1700778308\n|move|p1a: CG Valstrax|Brave Bird|p2a: Emo Girl\n|-damage|p2a: Emo Girl|75\/100 brn\n|-damage|p1a: CG Valstrax|73\/100 brn|[from] Recoil\n|move|p2a: Emo Girl|Toxic Spikes|p1a: CG Valstrax\n|-sidestart|p1: KirinGoNeigh|move: Toxic Spikes\n|\n|-heal|p1a: CG Valstrax|79\/100 brn|[from] item: Leftovers\n|-damage|p1a: CG Valstrax|73\/100 brn|[from] brn\n|-damage|p2a: Emo Girl|69\/100 brn|[from] brn\n|upkeep\n|turn|84\n|\n|t:|1700778317\n|move|p1a: CG Valstrax|Defog|p2a: Emo Girl\n|-unboost|p2a: Emo Girl|evasion|1\n|-sideend|p1: KirinGoNeigh|Toxic Spikes|[from] move: Defog|[of] p1a: CG Valstrax\n|move|p2a: Emo Girl|Scald|p1a: CG Valstrax\n|-damage|p1a: CG Valstrax|57\/100 brn\n|\n|-heal|p1a: CG Valstrax|63\/100 brn|[from] item: Leftovers\n|-damage|p1a: CG Valstrax|57\/100 brn|[from] brn\n|-damage|p2a: Emo Girl|63\/100 brn|[from] brn\n|upkeep\n|turn|85\n|c|\u2606KirinGoNeigh|neither of us even Terad\n|\n|t:|1700778328\n|move|p1a: CG Valstrax|Roost|p1a: CG Valstrax\n|-heal|p1a: CG Valstrax|100\/100 brn\n|-singleturn|p1a: CG Valstrax|move: Roost\n|move|p2a: Emo Girl|Scald|p1a: CG Valstrax\n|-damage|p1a: CG Valstrax|84\/100 brn\n|\n|-heal|p1a: CG Valstrax|90\/100 brn|[from] item: Leftovers\n|-damage|p1a: CG Valstrax|84\/100 brn|[from] brn\n|-damage|p2a: Emo Girl|56\/100 brn|[from] brn\n|upkeep\n|turn|86\n|l| hocobykanye\n|c|\u2606KirinGoNeigh|though he has no tera mons except woach\n|c| pencildropper|no poiint to tera poison woch\n|\n|t:|1700778345\n|move|p2a: Emo Girl|Baneful Bunker|p2a: Emo Girl\n|-singleturn|p2a: Emo Girl|move: Protect\n|move|p1a: CG Valstrax|U-turn|p2a: Emo Girl\n|-activate|p2a: Emo Girl|move: Protect\n|\n|-heal|p1a: CG Valstrax|90\/100 brn|[from] item: Leftovers\n|-damage|p1a: CG Valstrax|84\/100 brn|[from] brn\n|-damage|p2a: Emo Girl|50\/100 brn|[from] brn\n|upkeep\n|turn|87\n|c| pencildropper|he switched in to the tox\n|\n|t:|1700778356\n|switch|p1a: British Fish (T)|Lanturn, M|51\/100\n|move|p2a: Emo Girl|Toxic Spikes|p1a: British Fish (T)\n|-sidestart|p1: KirinGoNeigh|move: Toxic Spikes\n|\n|-heal|p1a: British Fish (T)|58\/100|[from] item: Leftovers\n|-damage|p2a: Emo Girl|44\/100 brn|[from] brn\n|upkeep\n|turn|88\n|c| pencildropper|now its just defog x 30\n|\n|t:|1700778364\n|switch|p1a: CG Valstrax|Corviknight, F, shiny|84\/100 brn\n|-ability|p1a: CG Valstrax|Pressure\n|move|p2a: Emo Girl|Baneful Bunker||[still]\n|-fail|p2a: Emo Girl\n|\n|-heal|p1a: CG Valstrax|90\/100 brn|[from] item: Leftovers\n|-damage|p1a: CG Valstrax|84\/100 brn|[from] brn\n|-damage|p2a: Emo Girl|38\/100 brn|[from] brn\n|upkeep\n|turn|89\n|\n|t:|1700778373\n|switch|p1a: Rodrock (M)|Sableye-Mega, M|94\/100 brn\n|move|p2a: Emo Girl|Toxic Spikes|p1a: Rodrock (M)\n|move|p1a: Rodrock (M)|Toxic Spikes|p2a: Emo Girl|[from]ability: Magic Bounce\n|-sidestart|p2: MyBoiThomas|move: Toxic Spikes\n|\n|-damage|p2a: Emo Girl|31\/100 brn|[from] brn\n|-damage|p1a: Rodrock (M)|88\/100 brn|[from] brn\n|upkeep\n|turn|90\n|c|\u2606KirinGoNeigh|not even tbh\n|\n|t:|1700778380\n|switch|p1a: CG Valstrax|Corviknight, F, shiny|84\/100 brn\n|-ability|p1a: CG Valstrax|Pressure\n|move|p2a: Emo Girl|Baneful Bunker||[still]\n|-fail|p2a: Emo Girl\n|\n|-heal|p1a: CG Valstrax|90\/100 brn|[from] item: Leftovers\n|-damage|p1a: CG Valstrax|84\/100 brn|[from] brn\n|-damage|p2a: Emo Girl|25\/100 brn|[from] brn\n|upkeep\n|turn|91\n|c|\u2606KirinGoNeigh|just spam switch\n|c| pencildropper|good game tho you cant lie\n|\n|t:|1700778389\n|switch|p1a: Rodrock (M)|Sableye-Mega, M|88\/100 brn\n|move|p2a: Emo Girl|Toxic Spikes|p1a: Rodrock (M)\n|move|p1a: Rodrock (M)|Toxic Spikes|p2a: Emo Girl|[from]ability: Magic Bounce\n|-sidestart|p2: MyBoiThomas|move: Toxic Spikes\n|\n|-damage|p2a: Emo Girl|19\/100 brn|[from] brn\n|-damage|p1a: Rodrock (M)|82\/100 brn|[from] brn\n|upkeep\n|turn|92\n|c|\u2606KirinGoNeigh|yeah the counterteaming was crazy, was not expecting Nature's Madness Koko\n|c| pencildropper|lowkey he had winning position but the koko sac and aegi sac were huge blunders\n|\n|t:|1700778411\n|switch|p1a: British Fish (T)|Lanturn, M|58\/100\n|-status|p1a: British Fish (T)|psn\n|move|p2a: Emo Girl|Toxic Spikes|p1a: British Fish (T)\n|-sidestart|p1: KirinGoNeigh|move: Toxic Spikes\n|\n|-heal|p1a: British Fish (T)|64\/100 psn|[from] item: Leftovers\n|-damage|p1a: British Fish (T)|51\/100 psn|[from] psn\n|-damage|p2a: Emo Girl|13\/100 brn|[from] brn\n|upkeep\n|turn|93\n|c| pencildropper|I was cooking with that\n|c| pencildropper|knew the lanturn was a lock\n|\n|t:|1700778421\n|switch|p1a: Rodrock (M)|Sableye-Mega, M|82\/100 brn\n|move|p2a: Emo Girl|Baneful Bunker||[still]\n|-fail|p2a: Emo Girl\n|\n|-damage|p2a: Emo Girl|6\/100 brn|[from] brn\n|-damage|p1a: Rodrock (M)|75\/100 brn|[from] brn\n|upkeep\n|turn|94\n|c|\u2606KirinGoNeigh|lanturn had toxic anyway\n|\n|t:|1700778430\n|switch|p1a: CG Valstrax|Corviknight, F, shiny|84\/100 brn\n|-ability|p1a: CG Valstrax|Pressure\n|move|p2a: Emo Girl|Baneful Bunker||[still]\n|-fail|p2a: Emo Girl\n|\n|-heal|p1a: CG Valstrax|90\/100 brn|[from] item: Leftovers\n|-damage|p1a: CG Valstrax|84\/100 brn|[from] brn\n|-damage|p2a: Emo Girl|0 fnt|[from] brn\n|faint|p2a: Emo Girl\n|\n|win|KirinGoNeigh\n|upkeep\n|c|\u2606MyBoiThomas|gg\n|c|\u2606KirinGoNeigh|gg Ale\n|c| pencildropper|should've seen the wisp imprison mega gallade lmfao\n|l|\u2606MyBoiThomas\n|c| pencildropper|ggs\n","uploadtime":1700778448,"views":24,"p1id":"kiringoneigh","p2id":"myboithomas","formatid":"gen9nationaldex","rating":0,"private":0,"password":""}