{"id":"gen9nationaldex-1998703207","p1":"JeanPierre693","p2":"kapukokikokikokiko","format":"[Gen 9] National Dex","log":"|html|<div class=\"broadcast-blue\"><strong>[Gen 9] National Dex is currently suspecting Sneasler! For information on how to participate check out the <a href=\"https:\/\/www.smogon.com\/forums\/threads\/sv-national-dex-suspect-8-just-dance.3731534\/\">suspect thread<\/a>.<\/strong><\/div>\n|j|\u2606JeanPierre693\n|j|\u2606kapukokikokikokiko\n|t:|1700974898\n|gametype|singles\n|player|p1|JeanPierre693|elio|1448\n|player|p2|kapukokikokikokiko|dawn-gen4pt|1318\n|teamsize|p1|6\n|teamsize|p2|6\n|gen|9\n|tier|[Gen 9] National Dex\n|rated|\n|rule|HP Percentage Mod: HP is shown in percentages\n|rule|Endless Battle Clause: Forcing endless battles is banned\n|rule|OHKO Clause: OHKO moves are banned\n|rule|Evasion Clause: Evasion abilities, items, and moves are banned\n|rule|Evasion Abilities Clause: Evasion abilities are banned\n|rule|Evasion Items Clause: Evasion items are banned\n|rule|Evasion Moves Clause: Evasion moves are banned\n|rule|Species Clause: Limit one of each Pok\u00e9mon\n|rule|Sleep Clause Mod: Limit one foe put to sleep\n|clearpoke\n|poke|p1|Meowscarada, F|\n|poke|p1|Kyurem|\n|poke|p1|Diancie|\n|poke|p1|Zapdos|\n|poke|p1|Heatran, M|\n|poke|p1|Buzzwole|\n|poke|p2|Ribombee, F|\n|poke|p2|Aegislash, M|\n|poke|p2|Heracross, F|\n|poke|p2|Nidoking, M|\n|poke|p2|Zapdos-Galar|\n|poke|p2|Urshifu-*, F|\n|teampreview\n|inactive|Battle timer is ON: inactive players will automatically lose when time's up. (requested by kapukokikokikokiko)\n|\n|t:|1700974909\n|start\n|switch|p1a: Diancie|Diancie|100\/100\n|switch|p2a: Ribombee|Ribombee, F|100\/100\n|turn|1\n|\n|t:|1700974923\n|switch|p2a: Aegislash|Aegislash, M|100\/100\n|detailschange|p1a: Diancie|Diancie-Mega\n|-mega|p1a: Diancie|Diancie|Diancite\n|move|p1a: Diancie|Diamond Storm|p2a: Aegislash\n|-resisted|p2a: Aegislash\n|-damage|p2a: Aegislash|80\/100\n|-boost|p1a: Diancie|def|2\n|\n|-heal|p2a: Aegislash|86\/100|[from] item: Leftovers\n|upkeep\n|turn|2\n|\n|t:|1700974939\n|switch|p1a: Heatran|Heatran, M|100\/100\n|move|p2a: Aegislash|King's Shield||[still]\n|-fail|p2a: Aegislash\n|\n|-heal|p2a: Aegislash|92\/100|[from] item: Leftovers\n|upkeep\n|turn|3\n|\n|t:|1700974946\n|move|p1a: Heatran|Magma Storm|p2a: Aegislash|[miss]\n|-miss|p1a: Heatran|p2a: Aegislash\n|move|p2a: Aegislash|Substitute|p2a: Aegislash\n|-start|p2a: Aegislash|Substitute\n|-damage|p2a: Aegislash|67\/100\n|\n|-heal|p2a: Aegislash|73\/100|[from] item: Leftovers\n|upkeep\n|turn|4\n|\n|t:|1700974951\n|move|p2a: Aegislash|King's Shield|p2a: Aegislash\n|-singleturn|p2a: Aegislash|Protect\n|move|p1a: Heatran|Earth Power|p2a: Aegislash\n|-activate|p2a: Aegislash|move: Protect\n|\n|-heal|p2a: Aegislash|80\/100|[from] item: Leftovers\n|upkeep\n|turn|5\n|\n|t:|1700974961\n|move|p1a: Heatran|Taunt|p2a: Aegislash\n|-start|p2a: Aegislash|move: Taunt\n|-formechange|p2a: Aegislash|Aegislash-Blade||[from] ability: Stance Change\n|move|p2a: Aegislash|Shadow Ball|p1a: Heatran\n|-damage|p1a: Heatran|66\/100\n|\n|-heal|p1a: Heatran|73\/100|[from] item: Leftovers\n|-heal|p2a: Aegislash|86\/100|[from] item: Leftovers\n|upkeep\n|turn|6\n|\n|t:|1700974972\n|move|p1a: Heatran|Earth Power|p2a: Aegislash\n|-supereffective|p2a: Aegislash\n|-end|p2a: Aegislash|Substitute\n|move|p2a: Aegislash|Shadow Ball|p1a: Heatran\n|-damage|p1a: Heatran|39\/100\n|\n|-heal|p1a: Heatran|45\/100|[from] item: Leftovers\n|-heal|p2a: Aegislash|92\/100|[from] item: Leftovers\n|upkeep\n|turn|7\n|\n|t:|1700974979\n|switch|p2a: Zapdos|Zapdos-Galar|100\/100\n|move|p1a: Heatran|Magma Storm|p2a: Zapdos\n|-damage|p2a: Zapdos|48\/100\n|-activate|p2a: Zapdos|move: Magma Storm|[of] p1a: Heatran\n|\n|-heal|p1a: Heatran|52\/100|[from] item: Leftovers\n|-damage|p2a: Zapdos|36\/100|[from] move: Magma Storm|[partiallytrapped]\n|upkeep\n|turn|8\n|\n|t:|1700974986\n|switch|p1a: Zapdos|Zapdos, shiny|100\/100\n|move|p2a: Zapdos|U-turn|p1a: Zapdos\n|-resisted|p1a: Zapdos\n|-damage|p1a: Zapdos|91\/100\n|-damage|p2a: Zapdos|19\/100|[from] item: Rocky Helmet|[of] p1a: Zapdos\n|\n|t:|1700975002\n|switch|p2a: Ribombee|Ribombee, F|100\/100|[from] U-turn\n|\n|upkeep\n|turn|9\n|\n|t:|1700975008\n|switch|p2a: Urshifu|Urshifu-Rapid-Strike, F|100\/100\n|switch|p1a: Diancie|Diancie-Mega|100\/100\n|\n|upkeep\n|turn|10\n|\n|t:|1700975018\n|switch|p1a: Zapdos|Zapdos, shiny|91\/100\n|-terastallize|p2a: Urshifu|Water\n|move|p2a: Urshifu|Surging Strikes|p1a: Zapdos\n|-crit|p1a: Zapdos\n|-damage|p1a: Zapdos|70\/100\n|-crit|p1a: Zapdos\n|-damage|p1a: Zapdos|46\/100\n|-crit|p1a: Zapdos\n|-damage|p1a: Zapdos|23\/100\n|-hitcount|p1a: Zapdos|3\n|\n|upkeep\n|turn|11\n|\n|t:|1700975030\n|move|p2a: Urshifu|Surging Strikes|p1a: Zapdos\n|-crit|p1a: Zapdos\n|-damage|p1a: Zapdos|0 fnt\n|faint|p1a: Zapdos\n|-hitcount|p1: Zapdos|1\n|\n|upkeep\n|\n|t:|1700975032\n|switch|p1a: Buzzwole|Buzzwole|100\/100\n|turn|12\n|\n|t:|1700975050\n|switch|p2a: Zapdos|Zapdos-Galar|19\/100\n|move|p1a: Buzzwole|Power-Up Punch|p2a: Zapdos\n|-resisted|p2a: Zapdos\n|-damage|p2a: Zapdos|10\/100\n|-boost|p1a: Buzzwole|atk|1\n|\n|upkeep\n|turn|13\n|\n|t:|1700975069\n|-terastallize|p1a: Buzzwole|Steel\n|move|p2a: Zapdos|Brave Bird|p1a: Buzzwole\n|-resisted|p1a: Buzzwole\n|-damage|p1a: Buzzwole|82\/100\n|-damage|p2a: Zapdos|1\/100|[from] Recoil\n|move|p1a: Buzzwole|Power-Up Punch|p2a: Zapdos\n|-resisted|p2a: Zapdos\n|-damage|p2a: Zapdos|0 fnt\n|-boost|p1a: Buzzwole|atk|1\n|faint|p2a: Zapdos\n|-ability|p1a: Buzzwole|Beast Boost|boost\n|-boost|p1a: Buzzwole|atk|1\n|\n|upkeep\n|\n|t:|1700975080\n|switch|p2a: Nidoking|Nidoking, M|100\/100\n|turn|14\n|\n|t:|1700975094\n|move|p2a: Nidoking|Earth Power|p1a: Buzzwole\n|-supereffective|p1a: Buzzwole\n|-damage|p1a: Buzzwole|14\/100\n|move|p1a: Buzzwole|Leech Life|p2a: Nidoking\n|-resisted|p2a: Nidoking\n|-damage|p2a: Nidoking|34\/100\n|-heal|p1a: Buzzwole|38\/100|[from] drain|[of] p2a: Nidoking\n|\n|upkeep\n|turn|15\n|\n|t:|1700975105\n|switch|p1a: Meowscarada|Meowscarada, F|100\/100\n|move|p2a: Nidoking|Flamethrower|p1a: Meowscarada\n|-supereffective|p1a: Meowscarada\n|-crit|p1a: Meowscarada\n|-damage|p1a: Meowscarada|0 fnt\n|faint|p1a: Meowscarada\n|\n|upkeep\n|\n|t:|1700975113\n|switch|p1a: Diancie|Diancie-Mega|100\/100\n|turn|16\n|\n|t:|1700975120\n|switch|p2a: Aegislash|Aegislash, M|92\/100\n|move|p1a: Diancie|Diamond Storm|p2a: Aegislash\n|-resisted|p2a: Aegislash\n|-damage|p2a: Aegislash|71\/100\n|\n|-heal|p2a: Aegislash|78\/100|[from] item: Leftovers\n|upkeep\n|turn|17\n|\n|t:|1700975128\n|move|p1a: Diancie|Mystical Fire|p2a: Aegislash\n|-supereffective|p2a: Aegislash\n|-damage|p2a: Aegislash|30\/100\n|-unboost|p2a: Aegislash|spa|1\n|move|p2a: Aegislash|Substitute|p2a: Aegislash\n|-start|p2a: Aegislash|Substitute\n|-damage|p2a: Aegislash|5\/100\n|\n|-heal|p2a: Aegislash|11\/100|[from] item: Leftovers\n|upkeep\n|turn|18\n|\n|t:|1700975136\n|move|p2a: Aegislash|King's Shield|p2a: Aegislash\n|-singleturn|p2a: Aegislash|Protect\n|move|p1a: Diancie|Mystical Fire|p2a: Aegislash\n|-activate|p2a: Aegislash|move: Protect\n|\n|-heal|p2a: Aegislash|17\/100|[from] item: Leftovers\n|upkeep\n|turn|19\n|\n|t:|1700975144\n|move|p1a: Diancie|Mystical Fire|p2a: Aegislash\n|-supereffective|p2a: Aegislash\n|-end|p2a: Aegislash|Substitute\n|-formechange|p2a: Aegislash|Aegislash-Blade||[from] ability: Stance Change\n|move|p2a: Aegislash|Shadow Ball|p1a: Diancie\n|-damage|p1a: Diancie|56\/100\n|\n|-heal|p2a: Aegislash|24\/100|[from] item: Leftovers\n|upkeep\n|turn|20\n|\n|t:|1700975152\n|-formechange|p2a: Aegislash|Aegislash||[from] ability: Stance Change\n|move|p2a: Aegislash|King's Shield|p2a: Aegislash\n|-singleturn|p2a: Aegislash|Protect\n|move|p1a: Diancie|Mystical Fire|p2a: Aegislash\n|-activate|p2a: Aegislash|move: Protect\n|\n|-heal|p2a: Aegislash|30\/100|[from] item: Leftovers\n|upkeep\n|turn|21\n|\n|t:|1700975161\n|switch|p2a: Urshifu|Urshifu-Rapid-Strike, F, tera:Water|100\/100\n|move|p1a: Diancie|Earth Power|p2a: Urshifu\n|-damage|p2a: Urshifu|47\/100\n|\n|upkeep\n|turn|22\n|\n|t:|1700975171\n|switch|p1a: Buzzwole|Buzzwole, tera:Steel|38\/100\n|move|p2a: Urshifu|Aqua Jet|p1a: Buzzwole\n|-damage|p1a: Buzzwole|21\/100\n|\n|upkeep\n|turn|23\n|\n|t:|1700975177\n|move|p2a: Urshifu|Surging Strikes|p1a: Buzzwole\n|-crit|p1a: Buzzwole\n|-damage|p1a: Buzzwole|4\/100\n|-crit|p1a: Buzzwole\n|-damage|p1a: Buzzwole|0 fnt\n|faint|p1a: Buzzwole\n|-hitcount|p1: Buzzwole|2\n|\n|upkeep\n|\n|t:|1700975181\n|switch|p1a: Kyurem|Kyurem|100\/100\n|-ability|p1a: Kyurem|Pressure\n|turn|24\n|\n|t:|1700975187\n|switch|p2a: Aegislash|Aegislash, M|30\/100\n|move|p1a: Kyurem|Earth Power|p2a: Aegislash\n|-supereffective|p2a: Aegislash\n|-damage|p2a: Aegislash|0 fnt\n|faint|p2a: Aegislash\n|-damage|p1a: Kyurem|91\/100|[from] item: Life Orb\n|\n|upkeep\n|\n|t:|1700975200\n|switch|p2a: Ribombee|Ribombee, F|100\/100\n|turn|25\n|\n|t:|1700975218\n|switch|p1a: Diancie|Diancie-Mega|56\/100\n|move|p2a: Ribombee|Moonblast|p1a: Diancie\n|-damage|p1a: Diancie|4\/100\n|\n|upkeep\n|turn|26\n|\n|t:|1700975230\n|move|p2a: Ribombee|Moonblast|p1a: Diancie\n|-damage|p1a: Diancie|0 fnt\n|faint|p1a: Diancie\n|\n|upkeep\n|\n|t:|1700975234\n|switch|p1a: Heatran|Heatran, M|52\/100\n|turn|27\n|\n|t:|1700975238\n|move|p2a: Ribombee|Sticky Web|p1a: Heatran\n|-sidestart|p1: JeanPierre693|move: Sticky Web\n|move|p1a: Heatran|Stealth Rock|p2a: Ribombee\n|-sidestart|p2: kapukokikokikokiko|move: Stealth Rock\n|\n|-heal|p1a: Heatran|58\/100|[from] item: Leftovers\n|upkeep\n|turn|28\n|\n|t:|1700975242\n|move|p2a: Ribombee|Stun Spore|p1a: Heatran\n|-status|p1a: Heatran|par\n|move|p1a: Heatran|Taunt|p2a: Ribombee\n|-start|p2a: Ribombee|move: Taunt\n|\n|-heal|p1a: Heatran|64\/100 par|[from] item: Leftovers\n|upkeep\n|turn|29\n|\n|t:|1700975254\n|switch|p2a: Heracross|Heracross, F|100\/100\n|-damage|p2a: Heracross|88\/100|[from] Stealth Rock\n|move|p1a: Heatran|Magma Storm|p2a: Heracross|[miss]\n|-miss|p1a: Heatran|p2a: Heracross\n|\n|-heal|p1a: Heatran|70\/100 par|[from] item: Leftovers\n|upkeep\n|turn|30\n|\n|t:|1700975261\n|detailschange|p2a: Heracross|Heracross-Mega, F\n|-mega|p2a: Heracross|Heracross|Heracronite\n|move|p2a: Heracross|Close Combat|p1a: Heatran\n|-supereffective|p1a: Heatran\n|-damage|p1a: Heatran|0 fnt\n|-unboost|p2a: Heracross|def|1\n|-unboost|p2a: Heracross|spd|1\n|faint|p1a: Heatran\n|\n|upkeep\n|\n|t:|1700975266\n|switch|p1a: Kyurem|Kyurem|91\/100\n|-activate|p1a: Kyurem|move: Sticky Web\n|-unboost|p1a: Kyurem|spe|1\n|-ability|p1a: Kyurem|Pressure\n|turn|31\n|\n|t:|1700975272\n|move|p2a: Heracross|Close Combat|p1a: Kyurem\n|-supereffective|p1a: Kyurem\n|-damage|p1a: Kyurem|0 fnt\n|-unboost|p2a: Heracross|def|1\n|-unboost|p2a: Heracross|spd|1\n|faint|p1a: Kyurem\n|\n|win|kapukokikokikokiko\n|raw|JeanPierre693's rating: 1448 &rarr; <strong>1421<\/strong><br \/>(-27 for losing)\n|raw|kapukokikokikokiko's rating: 1318 &rarr; <strong>1345<\/strong><br \/>(+27 for winning)\n|l|\u2606JeanPierre693\n","uploadtime":1700975279,"views":3,"p1id":"jeanpierre693","p2id":"kapukokikokikokiko","formatid":"gen9nationaldex","rating":1345,"private":0,"password":""}