{"id":"gen9nationaldex-1990924305","p1":"Gomaito","p2":"N0ximillion","format":"[Gen 9] National Dex","log":"|j|\u2606Gomaito\n|j|\u2606N0ximillion\n|t:|1700015712\n|gametype|singles\n|player|p1|Gomaito|rocketgrunt|1331\n|player|p2|N0ximillion|benga|1242\n|teamsize|p1|6\n|teamsize|p2|6\n|gen|9\n|tier|[Gen 9] National Dex\n|rated|\n|rule|HP Percentage Mod: HP is shown in percentages\n|rule|Endless Battle Clause: Forcing endless battles is banned\n|rule|OHKO Clause: OHKO moves are banned\n|rule|Evasion Clause: Evasion abilities, items, and moves are banned\n|rule|Evasion Abilities Clause: Evasion abilities are banned\n|rule|Evasion Items Clause: Evasion items are banned\n|rule|Evasion Moves Clause: Evasion moves are banned\n|rule|Species Clause: Limit one of each Pok\u00e9mon\n|rule|Sleep Clause Mod: Limit one foe put to sleep\n|clearpoke\n|poke|p1|Great Tusk|\n|poke|p1|Porygon2|\n|poke|p1|Hydreigon, M|\n|poke|p1|Aegislash, M|\n|poke|p1|Cinderace, F|\n|poke|p1|Galvantula, F|\n|poke|p2|Banette, M|\n|poke|p2|Landorus-Therian, M|\n|poke|p2|Tapu Koko|\n|poke|p2|Pawmot, F|\n|poke|p2|Sneasler, F|\n|poke|p2|Ogerpon-Wellspring, F|\n|teampreview\n|inactive|Battle timer is ON: inactive players will automatically lose when time's up. (requested by N0ximillion)\n|inactive|Gomaito also wants the timer to be on.\n|\n|t:|1700015740\n|start\n|switch|p1a: Hydreigon|Hydreigon, M|100\/100\n|switch|p2a: Landorus|Landorus-Therian, M|100\/100\n|-ability|p2a: Landorus|Intimidate|boost\n|-unboost|p1a: Hydreigon|atk|1\n|turn|1\n|\n|t:|1700015746\n|move|p1a: Hydreigon|Draco Meteor|p2a: Landorus\n|-damage|p2a: Landorus|24\/100\n|-unboost|p1a: Hydreigon|spa|2\n|move|p2a: Landorus|U-turn|p1a: Hydreigon\n|-supereffective|p1a: Hydreigon\n|-damage|p1a: Hydreigon|47\/100\n|\n|t:|1700015756\n|switch|p2a: Tapu Koko|Tapu Koko, shiny|100\/100|[from] U-turn\n|-fieldstart|move: Electric Terrain|[from] ability: Electric Surge|[of] p2a: Tapu Koko\n|\n|upkeep\n|turn|2\n|\n|t:|1700015769\n|switch|p1a: Porygon2|Porygon2|100\/100\n|-ability|p1a: Porygon2|Electric Surge|[from] ability: Trace|[of] p2a: Tapu Koko\n|move|p2a: Tapu Koko|U-turn|p1a: Porygon2\n|-damage|p1a: Porygon2|89\/100\n|\n|t:|1700015777\n|switch|p2a: Banette|Banette, M, shiny|100\/100|[from] U-turn\n|\n|upkeep\n|turn|3\n|\n|t:|1700015782\n|detailschange|p2a: Banette|Banette-Mega, M, shiny\n|-mega|p2a: Banette|Banette|Banettite\n|move|p1a: Porygon2|Toxic|p2a: Banette\n|-status|p2a: Banette|tox\n|move|p2a: Banette|Knock Off|p1a: Porygon2\n|-damage|p1a: Porygon2|64\/100\n|-enditem|p1a: Porygon2|Eviolite|[from] move: Knock Off|[of] p2a: Banette\n|\n|-damage|p2a: Banette|94\/100 tox|[from] psn\n|upkeep\n|turn|4\n|\n|t:|1700015790\n|move|p2a: Banette|Encore|p1a: Porygon2\n|-start|p1a: Porygon2|Encore\n|move|p1a: Porygon2|Toxic|p2a: Banette\n|-fail|p2a: Banette|tox\n|\n|-damage|p2a: Banette|82\/100 tox|[from] psn\n|upkeep\n|turn|5\n|\n|t:|1700015801\n|switch|p1a: Colmilargo|Great Tusk|100\/100\n|move|p2a: Banette|Knock Off|p1a: Colmilargo\n|-resisted|p1a: Colmilargo\n|-damage|p1a: Colmilargo|93\/100\n|-enditem|p1a: Colmilargo|Leftovers|[from] move: Knock Off|[of] p2a: Banette\n|\n|-damage|p2a: Banette|64\/100 tox|[from] psn\n|-fieldend|move: Electric Terrain\n|upkeep\n|turn|6\n|\n|t:|1700015807\n|move|p2a: Banette|Destiny Bond|p2a: Banette\n|-singlemove|p2a: Banette|Destiny Bond\n|move|p1a: Colmilargo|Roar|p2a: Banette\n|drag|p2a: Landorus|Landorus-Therian, M|24\/100\n|-ability|p2a: Landorus|Intimidate|boost\n|-unboost|p1a: Colmilargo|atk|1\n|\n|upkeep\n|turn|7\n|\n|t:|1700015815\n|move|p2a: Landorus|Taunt|p1a: Colmilargo\n|-start|p1a: Colmilargo|move: Taunt\n|move|p1a: Colmilargo|Knock Off|p2a: Landorus\n|-damage|p2a: Landorus|10\/100\n|-damage|p1a: Colmilargo|76\/100|[from] item: Rocky Helmet|[of] p2a: Landorus\n|-enditem|p2a: Landorus|Rocky Helmet|[from] move: Knock Off|[of] p1a: Colmilargo\n|\n|upkeep\n|turn|8\n|\n|t:|1700015825\n|move|p2a: Landorus|Stealth Rock|p1a: Colmilargo\n|-sidestart|p1: Gomaito|move: Stealth Rock\n|move|p1a: Colmilargo|Body Press|p2a: Landorus\n|-resisted|p2a: Landorus\n|-damage|p2a: Landorus|0 fnt\n|faint|p2a: Landorus\n|\n|upkeep\n|\n|t:|1700015830\n|switch|p2a: Tapu Koko|Tapu Koko, shiny|100\/100\n|-fieldstart|move: Electric Terrain|[from] ability: Electric Surge|[of] p2a: Tapu Koko\n|turn|9\n|\n|t:|1700015835\n|move|p2a: Tapu Koko|Dazzling Gleam|p1a: Colmilargo\n|-supereffective|p1a: Colmilargo\n|-damage|p1a: Colmilargo|0 fnt\n|faint|p1a: Colmilargo\n|-end|p1a: Colmilargo|Protosynthesis|[silent]\n|\n|upkeep\n|\n|t:|1700015839\n|switch|p1a: Aegislash|Aegislash, M|100\/100\n|-damage|p1a: Aegislash|94\/100|[from] Stealth Rock\n|turn|10\n|\n|t:|1700015856\n|switch|p2a: Ogerpon|Ogerpon-Wellspring, F|100\/100\n|move|p1a: Aegislash|Swords Dance|p1a: Aegislash\n|-boost|p1a: Aegislash|atk|2\n|\n|upkeep\n|turn|11\n|\n|t:|1700015863\n|move|p1a: Aegislash|King's Shield|p1a: Aegislash\n|-singleturn|p1a: Aegislash|Protect\n|move|p2a: Ogerpon|Taunt|p1a: Aegislash\n|-start|p1a: Aegislash|move: Taunt\n|\n|upkeep\n|turn|12\n|\n|t:|1700015875\n|move|p2a: Ogerpon|Swords Dance|p2a: Ogerpon\n|-boost|p2a: Ogerpon|atk|2\n|-formechange|p1a: Aegislash|Aegislash-Blade||[from] ability: Stance Change\n|move|p1a: Aegislash|Iron Head|p2a: Ogerpon\n|-resisted|p2a: Ogerpon\n|-damage|p2a: Ogerpon|32\/100\n|\n|upkeep\n|turn|13\n|\n|t:|1700015883\n|move|p1a: Aegislash|Shadow Sneak|p2a: Ogerpon\n|-damage|p2a: Ogerpon|0 fnt\n|faint|p2a: Ogerpon\n|\n|-fieldend|move: Electric Terrain\n|upkeep\n|\n|t:|1700015887\n|switch|p2a: Banette|Banette-Mega, M, shiny|64\/100 tox\n|turn|14\n|\n|t:|1700015894\n|switch|p1a: Galvantula|Galvantula, F|100\/100\n|-damage|p1a: Galvantula|76\/100|[from] Stealth Rock\n|move|p2a: Banette|Destiny Bond|p2a: Banette\n|-singlemove|p2a: Banette|Destiny Bond\n|\n|-damage|p2a: Banette|58\/100 tox|[from] psn\n|upkeep\n|turn|15\n|\n|t:|1700015900\n|move|p1a: Galvantula|Bug Buzz|p2a: Banette\n|-resisted|p2a: Banette\n|-damage|p2a: Banette|44\/100 tox\n|move|p2a: Banette|Infestation|p1a: Galvantula\n|-damage|p1a: Galvantula|67\/100\n|-activate|p1a: Galvantula|move: Infestation|[of] p2a: Banette\n|\n|-damage|p2a: Banette|32\/100 tox|[from] psn\n|-damage|p1a: Galvantula|55\/100|[from] move: Infestation|[partiallytrapped]\n|upkeep\n|turn|16\n|\n|t:|1700015912\n|move|p1a: Galvantula|Sticky Web|p2a: Banette\n|-sidestart|p2: N0ximillion|move: Sticky Web\n|move|p2a: Banette|Knock Off|p1a: Galvantula\n|-damage|p1a: Galvantula|0 fnt\n|-enditem|p1a: Galvantula|Focus Sash|[from] move: Knock Off|[of] p2a: Banette\n|faint|p1a: Galvantula\n|\n|-damage|p2a: Banette|13\/100 tox|[from] psn\n|upkeep\n|\n|t:|1700015921\n|switch|p1a: Hydreigon|Hydreigon, M|47\/100\n|-damage|p1a: Hydreigon|34\/100|[from] Stealth Rock\n|turn|17\n|\n|t:|1700015927\n|switch|p1a: Cinderace|Cinderace, F|100\/100\n|-damage|p1a: Cinderace|76\/100|[from] Stealth Rock\n|move|p2a: Banette|Destiny Bond|p2a: Banette\n|-singlemove|p2a: Banette|Destiny Bond\n|\n|-damage|p2a: Banette|0 fnt|[from] psn\n|faint|p2a: Banette\n|upkeep\n|\n|t:|1700015931\n|switch|p2a: Tapu Koko|Tapu Koko, shiny|100\/100\n|-activate|p2a: Tapu Koko|move: Sticky Web\n|-unboost|p2a: Tapu Koko|spe|1\n|-fieldstart|move: Electric Terrain|[from] ability: Electric Surge|[of] p2a: Tapu Koko\n|turn|18\n|\n|t:|1700015944\n|move|p1a: Cinderace|Pyro Ball|p2a: Tapu Koko\n|-damage|p2a: Tapu Koko|0 fnt\n|faint|p2a: Tapu Koko\n|-damage|p1a: Cinderace|66\/100|[from] item: Life Orb\n|\n|upkeep\n|\n|t:|1700015947\n|switch|p2a: Sneasler|Sneasler, F|100\/100\n|-activate|p2a: Sneasler|move: Sticky Web\n|-unboost|p2a: Sneasler|spe|1\n|-enditem|p2a: Sneasler|Electric Seed\n|-boost|p2a: Sneasler|def|1|[from] item: Electric Seed\n|turn|19\n|\n|t:|1700015960\n|-terastallize|p2a: Sneasler|Flying\n|move|p2a: Sneasler|Swords Dance|p2a: Sneasler\n|-boost|p2a: Sneasler|atk|2\n|move|p1a: Cinderace|Pyro Ball|p2a: Sneasler\n|-damage|p2a: Sneasler|27\/100\n|-damage|p1a: Cinderace|56\/100|[from] item: Life Orb\n|\n|upkeep\n|turn|20\n|\n|t:|1700015969\n|move|p2a: Sneasler|Acrobatics|p1a: Cinderace\n|-damage|p1a: Cinderace|0 fnt\n|faint|p1a: Cinderace\n|\n|upkeep\n|\n|t:|1700015973\n|switch|p1a: Aegislash|Aegislash, M|94\/100\n|-damage|p1a: Aegislash|88\/100|[from] Stealth Rock\n|turn|21\n|\n|t:|1700015977\n|-formechange|p1a: Aegislash|Aegislash-Blade||[from] ability: Stance Change\n|move|p1a: Aegislash|Shadow Sneak|p2a: Sneasler\n|-damage|p2a: Sneasler|0 fnt\n|faint|p2a: Sneasler\n|\n|upkeep\n|\n|t:|1700015981\n|switch|p2a: Pawmot|Pawmot, F|100\/100\n|-activate|p2a: Pawmot|move: Sticky Web\n|-unboost|p2a: Pawmot|spe|1\n|turn|22\n|\n|t:|1700015984\n|move|p2a: Pawmot|Revival Blessing|p2a: Pawmot\n|-enditem|p2a: Pawmot|Leppa Berry|[eat]\n|-activate|p2a: Pawmot|item: Leppa Berry|Revival Blessing|[consumed]\n|\n|t:|1700015996\n|-heal|p2: Sneasler|50\/100|[from] move: Revival Blessing\n|move|p1a: Aegislash|Swords Dance|p1a: Aegislash\n|-boost|p1a: Aegislash|atk|2\n|\n|-fieldend|move: Electric Terrain\n|upkeep\n|turn|23\n|\n|t:|1700016008\n|-formechange|p1a: Aegislash|Aegislash||[from] ability: Stance Change\n|move|p1a: Aegislash|King's Shield|p1a: Aegislash\n|-singleturn|p1a: Aegislash|Protect\n|move|p2a: Pawmot|Nuzzle|p1a: Aegislash\n|-activate|p1a: Aegislash|move: Protect\n|-unboost|p2a: Pawmot|atk|1\n|\n|upkeep\n|turn|24\n|\n|t:|1700016017\n|move|p2a: Pawmot|Nuzzle|p1a: Aegislash\n|-damage|p1a: Aegislash|83\/100\n|-status|p1a: Aegislash|par\n|-formechange|p1a: Aegislash|Aegislash-Blade||[from] ability: Stance Change\n|move|p1a: Aegislash|Iron Head|p2a: Pawmot\n|-resisted|p2a: Pawmot\n|-damage|p2a: Pawmot|19\/100\n|\n|upkeep\n|turn|25\n|\n|t:|1700016022\n|move|p1a: Aegislash|Shadow Sneak|p2a: Pawmot\n|-damage|p2a: Pawmot|0 fnt\n|faint|p2a: Pawmot\n|\n|upkeep\n|\n|t:|1700016028\n|switch|p2a: Sneasler|Sneasler, F|50\/100\n|-activate|p2a: Sneasler|move: Sticky Web\n|-unboost|p2a: Sneasler|spe|1\n|turn|26\n|\n|t:|1700016033\n|cant|p1a: Aegislash|par\n|move|p2a: Sneasler|Acrobatics|p1a: Aegislash\n|-resisted|p1a: Aegislash\n|-damage|p1a: Aegislash|41\/100 par\n|\n|upkeep\n|turn|27\n|\n|t:|1700016036\n|cant|p1a: Aegislash|par\n|move|p2a: Sneasler|Acrobatics|p1a: Aegislash\n|-resisted|p1a: Aegislash\n|-damage|p1a: Aegislash|1\/100 par\n|\n|upkeep\n|turn|28\n|\n|t:|1700016039\n|move|p1a: Aegislash|Shadow Sneak|p2a: Sneasler\n|-damage|p2a: Sneasler|0 fnt\n|faint|p2a: Sneasler\n|\n|win|Gomaito\n|raw|Gomaito's rating: 1331 &rarr; <strong>1346<\/strong><br \/>(+15 for winning)\n|raw|N0ximillion's rating: 1242 &rarr; <strong>1223<\/strong><br \/>(-19 for losing)\n|l|\u2606N0ximillion\n|l|\u2606Gomaito\n|j|\u2606Gomaito\n|player|p1|Gomaito|rocketgrunt\n","uploadtime":1700016132,"views":5,"p1id":"gomaito","p2id":"n0ximillion","formatid":"gen9nationaldex","rating":1223,"private":0,"password":""}