{"id":"gen9nationaldex-1992948833","p1":"bodi 69","p2":"The power of ROCK","format":"[Gen 9] National Dex","log":"|j|\u2606bodi 69\n|j|\u2606The power of ROCK\n|inactive|Battle timer is ON: inactive players will automatically lose when time's up.\n|t:|1700249452\n|gametype|singles\n|player|p1|bodi 69|leon|\n|player|p2|The power of ROCK|roark|\n|teamsize|p1|6\n|teamsize|p2|6\n|gen|9\n|tier|[Gen 9] National Dex\n|rated|Tournament battle\n|rule|HP Percentage Mod: HP is shown in percentages\n|rule|Endless Battle Clause: Forcing endless battles is banned\n|rule|OHKO Clause: OHKO moves are banned\n|rule|Evasion Clause: Evasion abilities, items, and moves are banned\n|rule|Evasion Abilities Clause: Evasion abilities are banned\n|rule|Evasion Items Clause: Evasion items are banned\n|rule|Evasion Moves Clause: Evasion moves are banned\n|rule|Species Clause: Limit one of each Pok\u00e9mon\n|rule|Sleep Clause Mod: Limit one foe put to sleep\n|clearpoke\n|poke|p1|Ribombee, M|\n|poke|p1|Serperior, F|\n|poke|p1|Togekiss, F|\n|poke|p1|Jirachi|\n|poke|p1|Diancie|\n|poke|p1|Glimmora, M|\n|poke|p2|Tyranitar, M|\n|poke|p2|Garganacl, M|\n|poke|p2|Aggron, M|\n|poke|p2|Cradily, F|\n|poke|p2|Glimmora, F|\n|poke|p2|Avalugg-Hisui, M|\n|teampreview\n|inactive|bodi 69 also wants the timer to be on.\n|j| Jedijake7505\n|c|\u2606bodi 69|not rocks\n|c|\u2606The power of ROCK|Welcome to the ROCK gym\n|j| Potatofromsinnoh\n|c|\u2606bodi 69|hi\n|c| Potatofromsinnoh|idk mr rock hes jogoing rn\n|inactive|bodi 69 has 120 seconds left.\n|inactive|The power of ROCK has 120 seconds left.\n|c|\u2606bodi 69|yes\n|c|\u2606The power of ROCK|me and bodi has played before\n|c| Jedijake7505|serp sweep\n|c|\u2606The power of ROCK|a few times and he always wins\n|inactive|The power of ROCK has 90 seconds left.\n|\n|t:|1700249514\n|start\n|switch|p1a: Ribombee|Ribombee, M|100\/100\n|switch|p2a: Tyranitar|Tyranitar, M|100\/100\n|-weather|Sandstorm|[from] ability: Sand Stream|[of] p2a: Tyranitar\n|turn|1\n|\n|t:|1700249535\n|move|p1a: Ribombee|Sticky Web|p2a: Tyranitar\n|-sidestart|p2: The power of ROCK|move: Sticky Web\n|move|p2a: Tyranitar|Rock Blast|p1a: Ribombee\n|-supereffective|p1a: Ribombee\n|-damage|p1a: Ribombee|56\/100\n|-supereffective|p1a: Ribombee\n|-damage|p1a: Ribombee|9\/100\n|-supereffective|p1a: Ribombee\n|-damage|p1a: Ribombee|0 fnt\n|faint|p1a: Ribombee\n|-hitcount|p1: Ribombee|3\n|\n|-weather|Sandstorm|[upkeep]\n|upkeep\n|c| Potatofromsinnoh|put your spores all ober him\n|c|\u2606bodi 69|o\n|inactive|bodi 69 has 120 seconds left.\n|c| Potatofromsinnoh|lmao\n|\n|t:|1700249556\n|switch|p1a: Glimmora|Glimmora, M|100\/100\n|turn|2\n|j| aimbotJames\n|\n|t:|1700249571\n|switch|p2a: Garganacl|Garganacl, M|100\/100\n|-activate|p2a: Garganacl|move: Sticky Web\n|-unboost|p2a: Garganacl|spe|1\n|move|p1a: Glimmora|Earth Power|p2a: Garganacl\n|-supereffective|p2a: Garganacl\n|-damage|p2a: Garganacl|71\/100\n|-enditem|p2a: Garganacl|Maranga Berry|[eat]\n|-boost|p2a: Garganacl|spd|1|[from] item: Maranga Berry\n|\n|-weather|Sandstorm|[upkeep]\n|upkeep\n|turn|3\n|\n|t:|1700249584\n|-terastallize|p2a: Garganacl|Ghost\n|move|p1a: Glimmora|Stealth Rock|p2a: Garganacl\n|-sidestart|p2: The power of ROCK|move: Stealth Rock\n|move|p2a: Garganacl|Iron Defense|p2a: Garganacl\n|-boost|p2a: Garganacl|def|2\n|\n|-weather|Sandstorm|[upkeep]\n|-damage|p2a: Garganacl|65\/100|[from] Sandstorm\n|upkeep\n|turn|4\n|c|\u2606bodi 69|wow\n|\n|t:|1700249594\n|switch|p1a: Serperior|Serperior, F|100\/100\n|move|p2a: Garganacl|Salt Cure|p1a: Serperior\n|-damage|p1a: Serperior|83\/100\n|-start|p1a: Serperior|Salt Cure\n|\n|-weather|Sandstorm|[upkeep]\n|-damage|p1a: Serperior|77\/100|[from] Sandstorm\n|-damage|p2a: Garganacl|59\/100|[from] Sandstorm\n|-heal|p1a: Serperior|83\/100|[from] item: Leftovers\n|-damage|p1a: Serperior|71\/100|[from] Salt Cure\n|upkeep\n|turn|5\n|\n|t:|1700249597\n|move|p1a: Serperior|Leaf Storm|p2a: Garganacl|[miss]\n|-miss|p1a: Serperior|p2a: Garganacl\n|move|p2a: Garganacl|Body Press|p1a: Serperior\n|-damage|p1a: Serperior|21\/100\n|\n|-weather|none\n|-heal|p1a: Serperior|28\/100|[from] item: Leftovers\n|-damage|p1a: Serperior|15\/100|[from] Salt Cure\n|upkeep\n|turn|6\n|\n|t:|1700249604\n|move|p1a: Serperior|Leaf Storm|p2a: Garganacl\n|-damage|p2a: Garganacl|39\/100\n|-boost|p1a: Serperior|spa|2\n|move|p2a: Garganacl|Recover|p2a: Garganacl\n|-heal|p2a: Garganacl|89\/100\n|\n|-heal|p1a: Serperior|21\/100|[from] item: Leftovers\n|-damage|p1a: Serperior|9\/100|[from] Salt Cure\n|upkeep\n|turn|7\n|\n|t:|1700249607\n|move|p1a: Serperior|Leaf Storm|p2a: Garganacl\n|-damage|p2a: Garganacl|49\/100\n|-boost|p1a: Serperior|spa|2\n|move|p2a: Garganacl|Recover|p2a: Garganacl\n|-heal|p2a: Garganacl|99\/100\n|\n|-heal|p1a: Serperior|15\/100|[from] item: Leftovers\n|-damage|p1a: Serperior|3\/100|[from] Salt Cure\n|upkeep\n|turn|8\n|\n|t:|1700249610\n|move|p1a: Serperior|Leaf Storm|p2a: Garganacl\n|-damage|p2a: Garganacl|46\/100\n|-boost|p1a: Serperior|spa|2\n|move|p2a: Garganacl|Recover|p2a: Garganacl\n|-heal|p2a: Garganacl|96\/100\n|\n|-heal|p1a: Serperior|9\/100|[from] item: Leftovers\n|-damage|p1a: Serperior|0 fnt|[from] Salt Cure\n|faint|p1a: Serperior\n|upkeep\n|c| Jedijake7505|devastating\n|c| Potatofromsinnoh|serp you are throwing rn\n|c|\u2606bodi 69|yup :(\n|\n|t:|1700249636\n|switch|p1a: Togekiss|Togekiss, F|100\/100\n|turn|9\n|\n|t:|1700249639\n|-terastallize|p1a: Togekiss|Steel\n|move|p1a: Togekiss|Substitute|p1a: Togekiss\n|-start|p1a: Togekiss|Substitute\n|-damage|p1a: Togekiss|76\/100\n|move|p2a: Garganacl|Salt Cure|p1a: Togekiss\n|-resisted|p1a: Togekiss\n|-activate|p1a: Togekiss|move: Substitute|[damage]\n|\n|upkeep\n|turn|10\n|\n|t:|1700249643\n|move|p1a: Togekiss|Air Slash|p2a: Garganacl\n|-damage|p2a: Garganacl|79\/100\n|cant|p2a: Garganacl|flinch\n|\n|upkeep\n|turn|11\n|\n|t:|1700249648\n|move|p1a: Togekiss|Air Slash|p2a: Garganacl\n|-damage|p2a: Garganacl|58\/100\n|cant|p2a: Garganacl|flinch\n|\n|upkeep\n|turn|12\n|c| Potatofromsinnoh|miss literally threw the game\n|\n|t:|1700249655\n|move|p1a: Togekiss|Air Slash|p2a: Garganacl\n|-damage|p2a: Garganacl|36\/100\n|cant|p2a: Garganacl|flinch\n|\n|upkeep\n|turn|13\n|c| Potatofromsinnoh|how unfortunate\n|c| Potatofromsinnoh|well i suppose kiss takin it back\n|c|\u2606bodi 69|man\n|c| Jedijake7505|its so dumb lol\n|\n|t:|1700249685\n|move|p1a: Togekiss|Air Slash|p2a: Garganacl\n|-damage|p2a: Garganacl|7\/100\n|cant|p2a: Garganacl|flinch\n|\n|upkeep\n|turn|14\n|c| Jedijake7505|the true mvp\n|\n|t:|1700249690\n|move|p1a: Togekiss|Air Slash|p2a: Garganacl\n|-damage|p2a: Garganacl|0 fnt\n|faint|p2a: Garganacl\n|\n|upkeep\n|\n|t:|1700249697\n|switch|p2a: Glimmora|Glimmora, F|100\/100\n|-activate|p2a: Glimmora|move: Sticky Web\n|-unboost|p2a: Glimmora|spe|1\n|-damage|p2a: Glimmora|88\/100|[from] Stealth Rock\n|turn|15\n|c| aimbotJames|lol\n|\n|t:|1700249704\n|move|p2a: Glimmora|Earth Power|p1a: Togekiss\n|-supereffective|p1a: Togekiss\n|-end|p1a: Togekiss|Substitute\n|move|p1a: Togekiss|Nasty Plot|p1a: Togekiss\n|-boost|p1a: Togekiss|spa|2\n|\n|upkeep\n|turn|16\n|c|\u2606bodi 69|ah wtf\n|\n|t:|1700249713\n|move|p2a: Glimmora|Earth Power|p1a: Togekiss\n|-supereffective|p1a: Togekiss\n|-damage|p1a: Togekiss|9\/100\n|move|p1a: Togekiss|Ancient Power|p2a: Glimmora\n|-damage|p2a: Glimmora|35\/100\n|-boost|p1a: Togekiss|atk|1\n|-boost|p1a: Togekiss|def|1\n|-boost|p1a: Togekiss|spa|1\n|-boost|p1a: Togekiss|spd|1\n|-boost|p1a: Togekiss|spe|1\n|\n|upkeep\n|turn|17\n|c|\u2606bodi 69|nvm\n|c| Potatofromsinnoh|yo\n|c| Jedijake7505|scarf moment\n|c| Potatofromsinnoh|aint no way\n|c| Jedijake7505|bruh\n|c| Potatofromsinnoh|its not scarf\n|c| Jedijake7505|this kiss\n|\n|t:|1700249735\n|switch|p2a: Cradily|Cradily, F|100\/100\n|-activate|p2a: Cradily|move: Sticky Web\n|-unboost|p2a: Cradily|spe|1\n|-damage|p2a: Cradily|88\/100|[from] Stealth Rock\n|move|p1a: Togekiss|Ancient Power|p2a: Cradily\n|-damage|p2a: Cradily|38\/100\n|\n|upkeep\n|turn|18\n|c| Potatofromsinnoh|theres mo way\n|\n|t:|1700249740\n|move|p1a: Togekiss|Ancient Power|p2a: Cradily\n|-damage|p2a: Cradily|0 fnt\n|faint|p2a: Cradily\n|\n|upkeep\n|\n|t:|1700249742\n|switch|p2a: Tyranitar|Tyranitar, M|100\/100\n|-activate|p2a: Tyranitar|move: Sticky Web\n|-unboost|p2a: Tyranitar|spe|1\n|-damage|p2a: Tyranitar|88\/100|[from] Stealth Rock\n|-weather|Sandstorm|[from] ability: Sand Stream|[of] p2a: Tyranitar\n|turn|19\n|\n|t:|1700249748\n|move|p1a: Togekiss|Air Slash|p2a: Tyranitar\n|-resisted|p2a: Tyranitar\n|-damage|p2a: Tyranitar|75\/100\n|move|p2a: Tyranitar|Knock Off|p1a: Togekiss\n|-damage|p1a: Togekiss|0 fnt\n|-enditem|p1a: Togekiss|Metronome|[from] move: Knock Off|[of] p2a: Tyranitar\n|faint|p1a: Togekiss\n|\n|-weather|Sandstorm|[upkeep]\n|upkeep\n|c|\u2606bodi 69|:P\n|c| Potatofromsinnoh|NOOOOOOO\n|c| Jedijake7505|thank god\n|\n|t:|1700249762\n|switch|p1a: Glimmora|Glimmora, M|100\/100\n|turn|20\n|c|\u2606bodi 69|still got it\n|c| aimbotJames|finally\n|\n|t:|1700249777\n|move|p1a: Glimmora|Earth Power|p2a: Tyranitar\n|-supereffective|p2a: Tyranitar\n|-damage|p2a: Tyranitar|57\/100\n|move|p2a: Tyranitar|Rock Blast|p1a: Glimmora\n|-damage|p1a: Glimmora|87\/100\n|-activate|p1a: Glimmora|ability: Toxic Debris\n|-sidestart|p2: The power of ROCK|move: Toxic Spikes\n|-damage|p1a: Glimmora|74\/100\n|-activate|p1a: Glimmora|ability: Toxic Debris\n|-sidestart|p2: The power of ROCK|move: Toxic Spikes\n|-hitcount|p1a: Glimmora|2\n|\n|-weather|Sandstorm|[upkeep]\n|upkeep\n|turn|21\n|\n|t:|1700249792\n|move|p1a: Glimmora|Earth Power|p2a: Tyranitar\n|-supereffective|p2a: Tyranitar\n|-damage|p2a: Tyranitar|40\/100\n|move|p2a: Tyranitar|Rock Blast|p1a: Glimmora\n|-damage|p1a: Glimmora|62\/100\n|-damage|p1a: Glimmora|47\/100\n|-damage|p1a: Glimmora|32\/100\n|-hitcount|p1a: Glimmora|3\n|\n|-weather|Sandstorm|[upkeep]\n|upkeep\n|turn|22\n|c|\u2606bodi 69|its assult vest right?\n|\n|t:|1700249800\n|move|p1a: Glimmora|Earth Power|p2a: Tyranitar\n|-supereffective|p2a: Tyranitar\n|-damage|p2a: Tyranitar|22\/100\n|move|p2a: Tyranitar|Knock Off|p1a: Glimmora\n|-damage|p1a: Glimmora|0 fnt\n|-enditem|p1a: Glimmora|Focus Sash|[from] move: Knock Off|[of] p2a: Tyranitar\n|faint|p1a: Glimmora\n|\n|-weather|Sandstorm|[upkeep]\n|upkeep\n|\n|t:|1700249814\n|switch|p1a: Jirachi|Jirachi, shiny|100\/100\n|turn|23\n|\n|t:|1700249816\n|-zpower|p1a: Jirachi\n|move|p1a: Jirachi|Z-Happy Hour|p1a: Jirachi|[anim]Happy Hour\n|-boost|p1a: Jirachi|atk|1|[zeffect]\n|-boost|p1a: Jirachi|def|1|[zeffect]\n|-boost|p1a: Jirachi|spa|1|[zeffect]\n|-boost|p1a: Jirachi|spd|1|[zeffect]\n|-boost|p1a: Jirachi|spe|1|[zeffect]\n|move|p2a: Tyranitar|Dragon Tail|p1a: Jirachi\n|-resisted|p1a: Jirachi\n|-damage|p1a: Jirachi|95\/100\n|drag|p1a: Diancie|Diancie|100\/100\n|\n|-weather|none\n|upkeep\n|turn|24\n|c|\u2606bodi 69|a\n|\n|t:|1700249824\n|detailschange|p1a: Diancie|Diancie-Mega\n|-mega|p1a: Diancie|Diancie|Diancite\n|move|p1a: Diancie|Earth Power|p2a: Tyranitar\n|-supereffective|p2a: Tyranitar\n|-damage|p2a: Tyranitar|0 fnt\n|faint|p2a: Tyranitar\n|\n|upkeep\n|\n|t:|1700249827\n|switch|p2a: Avalugg|Avalugg-Hisui, M|100\/100\n|turn|25\n|c| Jedijake7505|dang\n|\n|t:|1700249830\n|switch|p1a: Jirachi|Jirachi, shiny|95\/100\n|move|p2a: Avalugg|Rapid Spin|p1a: Jirachi\n|-resisted|p1a: Jirachi\n|-damage|p1a: Jirachi|88\/100\n|-boost|p2a: Avalugg|spe|1\n|-sideend|p2: The power of ROCK|Toxic Spikes|[from] move: Rapid Spin|[of] p2a: Avalugg\n|-sideend|p2: The power of ROCK|Stealth Rock|[from] move: Rapid Spin|[of] p2a: Avalugg\n|-sideend|p2: The power of ROCK|Sticky Web|[from] move: Rapid Spin|[of] p2a: Avalugg\n|\n|upkeep\n|turn|26\n|c| Jedijake7505|like a book\n|\n|t:|1700249834\n|move|p1a: Jirachi|Power-Up Punch|p2a: Avalugg\n|-supereffective|p2a: Avalugg\n|-damage|p2a: Avalugg|80\/100\n|-boost|p1a: Jirachi|atk|1\n|move|p2a: Avalugg|Body Press|p1a: Jirachi\n|-damage|p1a: Jirachi|49\/100\n|\n|upkeep\n|turn|27\n|\n|t:|1700249837\n|move|p1a: Jirachi|Iron Head|p2a: Avalugg\n|-supereffective|p2a: Avalugg\n|-damage|p2a: Avalugg|0 fnt\n|faint|p2a: Avalugg\n|\n|upkeep\n|\n|t:|1700249839\n|switch|p2a: Glimmora|Glimmora, F|35\/100\n|turn|28\n|\n|t:|1700249842\n|move|p2a: Glimmora|Earth Power|p1a: Jirachi\n|-supereffective|p1a: Jirachi\n|-damage|p1a: Jirachi|0 fnt\n|faint|p1a: Jirachi\n|\n|upkeep\n|\n|t:|1700249844\n|switch|p1a: Diancie|Diancie-Mega|100\/100\n|turn|29\n|\n|t:|1700249847\n|move|p2a: Glimmora|Earth Power|p1a: Diancie\n|-supereffective|p1a: Diancie\n|-damage|p1a: Diancie|23\/100\n|move|p1a: Diancie|Earth Power|p2a: Glimmora\n|-supereffective|p2a: Glimmora\n|-damage|p2a: Glimmora|0 fnt\n|faint|p2a: Glimmora\n|\n|upkeep\n|\n|t:|1700249849\n|switch|p2a: Aggron|Aggron, M|100\/100\n|turn|30\n|c|\u2606bodi 69|gg\n|c|\u2606The power of ROCK|: )\n|c|\u2606The power of ROCK|gg\n|\n|t:|1700249854\n|move|p1a: Diancie|Earth Power|p2a: Aggron\n|-supereffective|p2a: Aggron\n|-ability|p2a: Aggron|Sturdy\n|-damage|p2a: Aggron|1\/100\n|move|p2a: Aggron|Body Press|p1a: Diancie\n|-damage|p1a: Diancie|0 fnt\n|faint|p1a: Diancie\n|\n|win|The power of ROCK\n|n|\u2606bodi 69|bodi69\n|n|\u2606The power of ROCK|thepowerofrock\n|n| Jedijake7505|jedijake7505\n|n| Potatofromsinnoh|potatofromsinnoh\n|n| aimbotJames|aimbotjames\n|c| Potatofromsinnoh|NOOOOO\n|c|\u2606bodi 69|that dragon tail\n|l| Jedijake7505\n|l| aimbotJames\n|l| Potatofromsinnoh\n","uploadtime":1700249855,"views":15,"p1id":"bodi69","p2id":"thepowerofrock","formatid":"gen9nationaldex","rating":0,"private":0,"password":""}