{"id":"gen9nationaldex-1998101112","p1":"TheIllustriousYUBI","p2":"NightEmerald","format":"[Gen 9] National Dex","log":"|html|<div class=\"broadcast-blue\"><strong>[Gen 9] National Dex is currently suspecting Sneasler! For information on how to participate check out the <a href=\"https:\/\/www.smogon.com\/forums\/threads\/sv-national-dex-suspect-8-just-dance.3731534\/\">suspect thread<\/a>.<\/strong><\/div>\n|j|\u2606TheIllustriousYUBI\n|j|\u2606NightEmerald\n|t:|1700891454\n|gametype|singles\n|player|p1|TheIllustriousYUBI|brycenman|1558\n|player|p2|NightEmerald|colress|1551\n|teamsize|p1|6\n|teamsize|p2|6\n|gen|9\n|tier|[Gen 9] National Dex\n|rated|\n|rule|HP Percentage Mod: HP is shown in percentages\n|rule|Endless Battle Clause: Forcing endless battles is banned\n|rule|OHKO Clause: OHKO moves are banned\n|rule|Evasion Clause: Evasion abilities, items, and moves are banned\n|rule|Evasion Abilities Clause: Evasion abilities are banned\n|rule|Evasion Items Clause: Evasion items are banned\n|rule|Evasion Moves Clause: Evasion moves are banned\n|rule|Species Clause: Limit one of each Pok\u00e9mon\n|rule|Sleep Clause Mod: Limit one foe put to sleep\n|clearpoke\n|poke|p1|Steelix, F|\n|poke|p1|Tyranitar, M|\n|poke|p1|Rillaboom, M|\n|poke|p1|Sneasler, M|\n|poke|p1|Rotom-Wash|\n|poke|p1|Kartana|\n|poke|p2|Landorus-Therian, M|\n|poke|p2|Heatran, F|\n|poke|p2|Tangrowth, F|\n|poke|p2|Urshifu-*, M|\n|poke|p2|Tapu Lele|\n|poke|p2|Tyranitar, F|\n|teampreview\n|inactive|Battle timer is ON: inactive players will automatically lose when time's up. (requested by NightEmerald)\n|\n|t:|1700891476\n|start\n|switch|p1a: Tyranitar|Tyranitar, M|100\/100\n|switch|p2a: Tangrowth|Tangrowth, F|100\/100\n|-weather|Sandstorm|[from] ability: Sand Stream|[of] p1a: Tyranitar\n|turn|1\n|\n|t:|1700891483\n|switch|p1a: Rillaboom|Rillaboom, M|100\/100\n|-fieldstart|move: Grassy Terrain|[from] ability: Grassy Surge|[of] p1a: Rillaboom\n|move|p2a: Tangrowth|Sleep Powder|p1a: Rillaboom\n|-immune|p1a: Rillaboom\n|\n|-weather|Sandstorm|[upkeep]\n|-damage|p1a: Rillaboom|94\/100|[from] Sandstorm\n|-damage|p2a: Tangrowth|94\/100|[from] Sandstorm\n|-heal|p1a: Rillaboom|100\/100|[from] Grassy Terrain\n|-heal|p2a: Tangrowth|100\/100|[from] Grassy Terrain\n|upkeep\n|turn|2\n|\n|t:|1700891488\n|move|p1a: Rillaboom|Superpower|p2a: Tangrowth\n|-damage|p2a: Tangrowth|68\/100\n|-unboost|p1a: Rillaboom|atk|1\n|-unboost|p1a: Rillaboom|def|1\n|-damage|p1a: Rillaboom|84\/100|[from] item: Rocky Helmet|[of] p2a: Tangrowth\n|move|p2a: Tangrowth|Knock Off|p1a: Rillaboom\n|-damage|p1a: Rillaboom|49\/100\n|-enditem|p1a: Rillaboom|Choice Band|[from] move: Knock Off|[of] p2a: Tangrowth\n|\n|-weather|Sandstorm|[upkeep]\n|-damage|p1a: Rillaboom|43\/100|[from] Sandstorm\n|-damage|p2a: Tangrowth|61\/100|[from] Sandstorm\n|-heal|p1a: Rillaboom|49\/100|[from] Grassy Terrain\n|-heal|p2a: Tangrowth|68\/100|[from] Grassy Terrain\n|upkeep\n|turn|3\n|\n|t:|1700891498\n|move|p1a: Rillaboom|U-turn|p2a: Tangrowth\n|-supereffective|p2a: Tangrowth\n|-damage|p2a: Tangrowth|49\/100\n|-damage|p1a: Rillaboom|33\/100|[from] item: Rocky Helmet|[of] p2a: Tangrowth\n|\n|t:|1700891502\n|switch|p1a: Rotom|Rotom-Wash|100\/100|[from] U-turn\n|move|p2a: Tangrowth|Knock Off|p1a: Rotom\n|-damage|p1a: Rotom|89\/100\n|\n|-weather|Sandstorm|[upkeep]\n|-damage|p1a: Rotom|83\/100|[from] Sandstorm\n|-damage|p2a: Tangrowth|43\/100|[from] Sandstorm\n|-heal|p2a: Tangrowth|49\/100|[from] Grassy Terrain\n|upkeep\n|turn|4\n|\n|t:|1700891515\n|move|p1a: Rotom|Volt Switch|p2a: Tangrowth\n|-resisted|p2a: Tangrowth\n|-damage|p2a: Tangrowth|31\/100\n|\n|t:|1700891519\n|switch|p1a: Rillaboom|Rillaboom, M|33\/100|[from] Volt Switch\n|move|p2a: Tangrowth|Giga Drain|p1a: Rillaboom\n|-resisted|p1a: Rillaboom\n|-damage|p1a: Rillaboom|7\/100\n|-heal|p2a: Tangrowth|42\/100|[from] drain|[of] p1a: Rillaboom\n|\n|-weather|Sandstorm|[upkeep]\n|-damage|p1a: Rillaboom|1\/100|[from] Sandstorm\n|-damage|p2a: Tangrowth|36\/100|[from] Sandstorm\n|-heal|p1a: Rillaboom|7\/100|[from] Grassy Terrain\n|-heal|p2a: Tangrowth|42\/100|[from] Grassy Terrain\n|upkeep\n|turn|5\n|\n|t:|1700891525\n|switch|p2a: Landorus|Landorus-Therian, M|100\/100\n|-ability|p2a: Landorus|Intimidate|boost\n|-unboost|p1a: Rillaboom|atk|1\n|move|p1a: Rillaboom|Superpower|p2a: Landorus\n|-resisted|p2a: Landorus\n|-damage|p2a: Landorus|89\/100\n|-unboost|p1a: Rillaboom|atk|1\n|-unboost|p1a: Rillaboom|def|1\n|-damage|p1a: Rillaboom|0 fnt|[from] item: Rocky Helmet|[of] p2a: Landorus\n|faint|p1a: Rillaboom\n|\n|-weather|none\n|-fieldend|move: Grassy Terrain\n|upkeep\n|\n|t:|1700891529\n|switch|p1a: Rotom|Rotom-Wash|83\/100\n|turn|6\n|\n|t:|1700891535\n|switch|p2a: Tangrowth|Tangrowth, F|75\/100\n|move|p1a: Rotom|Volt Switch|p2a: Tangrowth\n|-resisted|p2a: Tangrowth\n|-damage|p2a: Tangrowth|56\/100\n|\n|t:|1700891554\n|switch|p1a: Kartana|Kartana|100\/100|[from] Volt Switch\n|\n|upkeep\n|turn|7\n|\n|t:|1700891560\n|switch|p2a: Landorus|Landorus-Therian, M|89\/100\n|-ability|p2a: Landorus|Intimidate|boost\n|-unboost|p1a: Kartana|atk|1\n|move|p1a: Kartana|Knock Off|p2a: Landorus\n|-damage|p2a: Landorus|70\/100\n|-damage|p1a: Kartana|84\/100|[from] item: Rocky Helmet|[of] p2a: Landorus\n|-enditem|p2a: Landorus|Rocky Helmet|[from] move: Knock Off|[of] p1a: Kartana\n|\n|upkeep\n|turn|8\n|\n|t:|1700891570\n|switch|p1a: Rotom|Rotom-Wash|83\/100\n|move|p2a: Landorus|Earthquake|p1a: Rotom\n|-immune|p1a: Rotom|[from] ability: Levitate\n|\n|upkeep\n|turn|9\n|\n|t:|1700891576\n|switch|p2a: Tangrowth|Tangrowth, F|90\/100\n|move|p1a: Rotom|Hydro Pump|p2a: Tangrowth\n|-resisted|p2a: Tangrowth\n|-damage|p2a: Tangrowth|61\/100\n|\n|upkeep\n|turn|10\n|\n|t:|1700891584\n|move|p1a: Rotom|Volt Switch|p2a: Tangrowth\n|-resisted|p2a: Tangrowth\n|-damage|p2a: Tangrowth|42\/100\n|\n|t:|1700891587\n|switch|p1a: Kartana|Kartana|84\/100|[from] Volt Switch\n|move|p2a: Tangrowth|Sleep Powder|p1a: Kartana\n|-immune|p1a: Kartana\n|\n|upkeep\n|turn|11\n|\n|t:|1700891613\n|move|p1a: Kartana|Knock Off|p2a: Tangrowth\n|-crit|p2a: Tangrowth\n|-damage|p2a: Tangrowth|11\/100\n|-damage|p1a: Kartana|67\/100|[from] item: Rocky Helmet|[of] p2a: Tangrowth\n|-enditem|p2a: Tangrowth|Rocky Helmet|[from] move: Knock Off|[of] p1a: Kartana\n|move|p2a: Tangrowth|Knock Off|p1a: Kartana\n|-damage|p1a: Kartana|43\/100\n|-enditem|p1a: Kartana|Choice Scarf|[from] move: Knock Off|[of] p2a: Tangrowth\n|\n|upkeep\n|turn|12\n|\n|t:|1700891626\n|switch|p2a: Heatran|Heatran, F|100\/100\n|move|p1a: Kartana|Sacred Sword|p2a: Heatran\n|-supereffective|p2a: Heatran\n|-damage|p2a: Heatran|33\/100\n|\n|-heal|p2a: Heatran|39\/100|[from] item: Leftovers\n|upkeep\n|turn|13\n|inactive|TheIllustriousYUBI has 120 seconds left.\n|\n|t:|1700891647\n|switch|p2a: Landorus|Landorus-Therian, M|70\/100\n|-ability|p2a: Landorus|Intimidate|boost\n|-unboost|p1a: Kartana|atk|1\n|move|p1a: Kartana|Smart Strike|p2a: Landorus\n|-damage|p2a: Landorus|47\/100\n|\n|upkeep\n|turn|14\n|inactive|TheIllustriousYUBI has 120 seconds left.\n|\n|t:|1700891654\n|switch|p1a: Rotom|Rotom-Wash|83\/100\n|move|p2a: Landorus|U-turn|p1a: Rotom\n|-damage|p1a: Rotom|63\/100\n|\n|t:|1700891658\n|switch|p2a: Tangrowth|Tangrowth, F|44\/100|[from] U-turn\n|\n|upkeep\n|turn|15\n|\n|t:|1700891664\n|-zpower|p1a: Rotom\n|move|p1a: Rotom|Hydro Vortex|p2a: Tangrowth|[zeffect]\n|-resisted|p2a: Tangrowth\n|-damage|p2a: Tangrowth|0 fnt\n|faint|p2a: Tangrowth\n|\n|upkeep\n|\n|t:|1700891671\n|switch|p2a: Tyranitar|Tyranitar, F|100\/100\n|-weather|Sandstorm|[from] ability: Sand Stream|[of] p2a: Tyranitar\n|turn|16\n|\n|t:|1700891677\n|detailschange|p2a: Tyranitar|Tyranitar-Mega, F\n|-mega|p2a: Tyranitar|Tyranitar|Tyranitarite\n|move|p2a: Tyranitar|Dragon Dance|p2a: Tyranitar\n|-boost|p2a: Tyranitar|atk|1\n|-boost|p2a: Tyranitar|spe|1\n|move|p1a: Rotom|Hydro Pump|p2a: Tyranitar|[miss]\n|-miss|p1a: Rotom|p2a: Tyranitar\n|\n|-weather|Sandstorm|[upkeep]\n|-damage|p1a: Rotom|57\/100|[from] Sandstorm\n|upkeep\n|turn|17\n|\n|t:|1700891684\n|move|p2a: Tyranitar|Stone Edge|p1a: Rotom|[miss]\n|-miss|p2a: Tyranitar|p1a: Rotom\n|move|p1a: Rotom|Hydro Pump|p2a: Tyranitar\n|-supereffective|p2a: Tyranitar\n|-damage|p2a: Tyranitar|58\/100\n|\n|-weather|Sandstorm|[upkeep]\n|-damage|p1a: Rotom|51\/100|[from] Sandstorm\n|upkeep\n|turn|18\n|\n|t:|1700891711\n|switch|p1a: Kartana|Kartana|43\/100\n|move|p2a: Tyranitar|Stone Edge|p1a: Kartana|[miss]\n|-miss|p2a: Tyranitar|p1a: Kartana\n|\n|-weather|Sandstorm|[upkeep]\n|upkeep\n|turn|19\n|\n|t:|1700891720\n|move|p2a: Tyranitar|Earthquake|p1a: Kartana\n|-damage|p1a: Kartana|0 fnt\n|faint|p1a: Kartana\n|\n|-weather|Sandstorm|[upkeep]\n|upkeep\n|\n|t:|1700891724\n|switch|p1a: Steelix|Steelix, F|100\/100\n|turn|20\n|\n|t:|1700891737\n|switch|p2a: Landorus|Landorus-Therian, M|47\/100\n|-ability|p2a: Landorus|Intimidate|boost\n|-unboost|p1a: Steelix|atk|1\n|detailschange|p1a: Steelix|Steelix-Mega, F\n|-mega|p1a: Steelix|Steelix|Steelixite\n|move|p1a: Steelix|Body Press|p2a: Landorus\n|-resisted|p2a: Landorus\n|-damage|p2a: Landorus|35\/100\n|\n|-weather|none\n|upkeep\n|turn|21\n|\n|t:|1700891741\n|move|p2a: Landorus|Earthquake|p1a: Steelix\n|-supereffective|p1a: Steelix\n|-damage|p1a: Steelix|57\/100\n|move|p1a: Steelix|Iron Defense|p1a: Steelix\n|-boost|p1a: Steelix|def|2\n|\n|upkeep\n|turn|22\n|\n|t:|1700891761\n|move|p2a: Landorus|Earthquake|p1a: Steelix\n|-supereffective|p1a: Steelix\n|-damage|p1a: Steelix|31\/100\n|move|p1a: Steelix|Rock Polish|p1a: Steelix\n|-boost|p1a: Steelix|spe|2\n|\n|upkeep\n|turn|23\n|\n|t:|1700891766\n|move|p1a: Steelix|Iron Defense|p1a: Steelix\n|-boost|p1a: Steelix|def|2\n|move|p2a: Landorus|Earthquake|p1a: Steelix\n|-supereffective|p1a: Steelix\n|-damage|p1a: Steelix|16\/100\n|\n|upkeep\n|turn|24\n|\n|t:|1700891769\n|move|p1a: Steelix|Body Press|p2a: Landorus\n|-resisted|p2a: Landorus\n|-damage|p2a: Landorus|0 fnt\n|faint|p2a: Landorus\n|\n|upkeep\n|\n|t:|1700891775\n|switch|p2a: Tapu Lele|Tapu Lele|100\/100\n|-fieldstart|move: Psychic Terrain|[from] ability: Psychic Surge|[of] p2a: Tapu Lele\n|turn|25\n|\n|t:|1700891784\n|move|p2a: Tapu Lele|Moonblast|p1a: Steelix\n|-resisted|p1a: Steelix\n|-damage|p1a: Steelix|0 fnt\n|faint|p1a: Steelix\n|\n|upkeep\n|\n|t:|1700891791\n|switch|p1a: Tyranitar|Tyranitar, M|100\/100\n|-weather|Sandstorm|[from] ability: Sand Stream|[of] p1a: Tyranitar\n|turn|26\n|\n|t:|1700891796\n|move|p2a: Tapu Lele|Moonblast|p1a: Tyranitar\n|-supereffective|p1a: Tyranitar\n|-damage|p1a: Tyranitar|64\/100\n|-unboost|p1a: Tyranitar|spa|1\n|move|p1a: Tyranitar|Heavy Slam|p2a: Tapu Lele\n|-supereffective|p2a: Tapu Lele\n|-damage|p2a: Tapu Lele|0 fnt\n|faint|p2a: Tapu Lele\n|\n|-weather|Sandstorm|[upkeep]\n|upkeep\n|\n|t:|1700891800\n|switch|p2a: Urshifu|Urshifu-Rapid-Strike, M|100\/100\n|turn|27\n|inactive|TheIllustriousYUBI has 120 seconds left.\n|\n|t:|1700891838\n|-terastallize|p1a: Tyranitar|Poison\n|move|p2a: Urshifu|Trailblaze|p1a: Tyranitar\n|-resisted|p1a: Tyranitar\n|-damage|p1a: Tyranitar|58\/100\n|-boost|p2a: Urshifu|spe|1\n|move|p1a: Tyranitar|Knock Off|p2a: Urshifu\n|-resisted|p2a: Urshifu\n|-damage|p2a: Urshifu|72\/100\n|-enditem|p2a: Urshifu|Punching Glove|[from] move: Knock Off|[of] p1a: Tyranitar\n|\n|-weather|Sandstorm|[upkeep]\n|-damage|p2a: Urshifu|66\/100|[from] Sandstorm\n|-damage|p1a: Tyranitar|52\/100|[from] Sandstorm\n|upkeep\n|turn|28\n|inactive|TheIllustriousYUBI has 120 seconds left.\n|\n|t:|1700891865\n|move|p2a: Urshifu|Swords Dance|p2a: Urshifu\n|-boost|p2a: Urshifu|atk|2\n|move|p1a: Tyranitar|Dragon Tail|p2a: Urshifu\n|-damage|p2a: Urshifu|43\/100\n|drag|p2a: Tyranitar|Tyranitar-Mega, F|58\/100\n|\n|-weather|Sandstorm|[upkeep]\n|-damage|p1a: Tyranitar|46\/100|[from] Sandstorm\n|upkeep\n|turn|29\n|\n|t:|1700891873\n|switch|p1a: Rotom|Rotom-Wash|51\/100\n|move|p2a: Tyranitar|Dragon Dance|p2a: Tyranitar\n|-boost|p2a: Tyranitar|atk|1\n|-boost|p2a: Tyranitar|spe|1\n|\n|-weather|Sandstorm|[upkeep]\n|-damage|p1a: Rotom|45\/100|[from] Sandstorm\n|-fieldend|move: Psychic Terrain\n|upkeep\n|turn|30\n|\n|t:|1700891878\n|move|p2a: Tyranitar|Stone Edge|p1a: Rotom\n|-damage|p1a: Rotom|0 fnt\n|faint|p1a: Rotom\n|\n|-weather|none\n|upkeep\n|inactive|TheIllustriousYUBI has 120 seconds left.\n|\n|t:|1700891894\n|switch|p1a: Sneasler|Sneasler, M|100\/100\n|turn|31\n|\n|t:|1700891897\n|move|p2a: Tyranitar|Earthquake|p1a: Sneasler\n|-supereffective|p1a: Sneasler\n|-damage|p1a: Sneasler|0 fnt\n|faint|p1a: Sneasler\n|\n|upkeep\n|inactive|TheIllustriousYUBI has 120 seconds left.\n|-message|TheIllustriousYUBI forfeited.\n|\n|win|NightEmerald\n|raw|TheIllustriousYUBI's rating: 1558 &rarr; <strong>1538<\/strong><br \/>(-20 for losing)\n|raw|NightEmerald's rating: 1551 &rarr; <strong>1571<\/strong><br \/>(+20 for winning)\n|l|\u2606TheIllustriousYUBI\n","uploadtime":1700892300,"views":2,"p1id":"theillustriousyubi","p2id":"nightemerald","formatid":"gen9nationaldex","rating":1538,"private":0,"password":""}