{"id":"gen9nationaldex-1991830799","p1":"Fire1020","p2":"August1923","format":"[Gen 9] National Dex","log":"|j|\u2606Fire1020\n|j|\u2606August1923\n|t:|1700124976\n|gametype|singles\n|player|p1|Fire1020|dawn|1424\n|player|p2|August1923|brock|1319\n|teamsize|p1|6\n|teamsize|p2|6\n|gen|9\n|tier|[Gen 9] National Dex\n|rated|\n|rule|HP Percentage Mod: HP is shown in percentages\n|rule|Endless Battle Clause: Forcing endless battles is banned\n|rule|OHKO Clause: OHKO moves are banned\n|rule|Evasion Clause: Evasion abilities, items, and moves are banned\n|rule|Evasion Abilities Clause: Evasion abilities are banned\n|rule|Evasion Items Clause: Evasion items are banned\n|rule|Evasion Moves Clause: Evasion moves are banned\n|rule|Species Clause: Limit one of each Pok\u00e9mon\n|rule|Sleep Clause Mod: Limit one foe put to sleep\n|clearpoke\n|poke|p1|Venusaur, F|\n|poke|p1|Torterra, F|\n|poke|p1|Serperior, F|\n|poke|p1|Rillaboom, F|\n|poke|p1|Meowscarada, M|\n|poke|p1|Decidueye-Hisui, F|\n|poke|p2|Skeledirge, F|\n|poke|p2|Corviknight, M|\n|poke|p2|Medicham, F|\n|poke|p2|Zapdos|\n|poke|p2|Gliscor, M|\n|poke|p2|Tapu Lele|\n|teampreview\n|inactive|Battle timer is ON: inactive players will automatically lose when time's up. (requested by August1923)\n|\n|t:|1700124999\n|start\n|switch|p1a: Serperior|Serperior, F, shiny|100\/100\n|switch|p2a: Corviknight|Corviknight, M|100\/100\n|-ability|p2a: Corviknight|Pressure\n|turn|1\n|\n|t:|1700125004\n|move|p1a: Serperior|Reflect|p1a: Serperior\n|-sidestart|p1: Fire1020|Reflect\n|move|p2a: Corviknight|Brave Bird|p1a: Serperior\n|-supereffective|p1a: Serperior\n|-damage|p1a: Serperior|63\/100\n|-damage|p2a: Corviknight|90\/100|[from] Recoil\n|\n|-heal|p1a: Serperior|70\/100|[from] item: Leftovers\n|-heal|p2a: Corviknight|96\/100|[from] item: Leftovers\n|upkeep\n|turn|2\n|\n|t:|1700125009\n|move|p1a: Serperior|Taunt|p2a: Corviknight\n|-start|p2a: Corviknight|move: Taunt\n|move|p2a: Corviknight|Brave Bird|p1a: Serperior\n|-supereffective|p1a: Serperior\n|-damage|p1a: Serperior|29\/100\n|-damage|p2a: Corviknight|85\/100|[from] Recoil\n|\n|-heal|p1a: Serperior|35\/100|[from] item: Leftovers\n|-heal|p2a: Corviknight|91\/100|[from] item: Leftovers\n|upkeep\n|turn|3\n|\n|t:|1700125016\n|move|p1a: Serperior|Glare|p2a: Corviknight\n|-status|p2a: Corviknight|par\n|move|p2a: Corviknight|Brave Bird|p1a: Serperior\n|-supereffective|p1a: Serperior\n|-damage|p1a: Serperior|0 fnt\n|faint|p1a: Serperior\n|-damage|p2a: Corviknight|81\/100 par|[from] Recoil\n|\n|-heal|p2a: Corviknight|87\/100 par|[from] item: Leftovers\n|upkeep\n|\n|t:|1700125022\n|switch|p1a: Torterra|Torterra, F|100\/100\n|turn|4\n|\n|t:|1700125035\n|-terastallize|p1a: Torterra|Rock\n|move|p1a: Torterra|Shell Smash|p1a: Torterra\n|-unboost|p1a: Torterra|def|1\n|-unboost|p1a: Torterra|spd|1\n|-boost|p1a: Torterra|atk|2\n|-boost|p1a: Torterra|spa|2\n|-boost|p1a: Torterra|spe|2\n|move|p2a: Corviknight|Brave Bird|p1a: Torterra\n|-resisted|p1a: Torterra\n|-damage|p1a: Torterra|87\/100\n|-damage|p2a: Corviknight|83\/100 par|[from] Recoil\n|\n|-heal|p2a: Corviknight|90\/100 par|[from] item: Leftovers\n|-end|p2a: Corviknight|move: Taunt\n|upkeep\n|turn|5\n|\n|t:|1700125045\n|move|p1a: Torterra|Shell Smash|p1a: Torterra\n|-unboost|p1a: Torterra|def|1\n|-unboost|p1a: Torterra|spd|1\n|-boost|p1a: Torterra|atk|2\n|-boost|p1a: Torterra|spa|2\n|-boost|p1a: Torterra|spe|2\n|move|p2a: Corviknight|Iron Defense|p2a: Corviknight\n|-boost|p2a: Corviknight|def|2\n|\n|-heal|p2a: Corviknight|96\/100 par|[from] item: Leftovers\n|-sideend|p1: Fire1020|Reflect\n|upkeep\n|turn|6\n|\n|t:|1700125050\n|move|p1a: Torterra|Rock Blast|p2a: Corviknight|[miss]\n|-miss|p1a: Torterra|p2a: Corviknight\n|move|p2a: Corviknight|Body Press|p1a: Torterra\n|-supereffective|p1a: Torterra\n|-damage|p1a: Torterra|0 fnt\n|faint|p1a: Torterra\n|\n|-heal|p2a: Corviknight|100\/100 par|[from] item: Leftovers\n|upkeep\n|\n|t:|1700125061\n|switch|p1a: Meowscarada|Meowscarada, M|100\/100\n|turn|7\n|-message|Fire1020 forfeited.\n|\n|win|August1923\n|raw|Fire1020's rating: 1424 &rarr; <strong>1398<\/strong><br \/>(-26 for losing)\n|raw|August1923's rating: 1319 &rarr; <strong>1345<\/strong><br \/>(+26 for winning)\n|l|\u2606Fire1020\n","uploadtime":1700125074,"views":4,"p1id":"fire1020","p2id":"august1923","formatid":"gen9nationaldex","rating":1345,"private":0,"password":""}