{"id":"gen9nationaldex-1989450823","p1":"ChaosEmperor96","p2":"PerhapsXolas","format":"[Gen 9] National Dex","log":"|j|\u2606ChaosEmperor96\n|j|\u2606PerhapsXolas\n|t:|1699852388\n|gametype|singles\n|player|p1|ChaosEmperor96|marshal|1199\n|player|p2|PerhapsXolas|1|1092\n|teamsize|p1|6\n|teamsize|p2|6\n|gen|9\n|tier|[Gen 9] National Dex\n|rated|\n|rule|HP Percentage Mod: HP is shown in percentages\n|rule|Endless Battle Clause: Forcing endless battles is banned\n|rule|OHKO Clause: OHKO moves are banned\n|rule|Evasion Clause: Evasion abilities, items, and moves are banned\n|rule|Evasion Abilities Clause: Evasion abilities are banned\n|rule|Evasion Items Clause: Evasion items are banned\n|rule|Evasion Moves Clause: Evasion moves are banned\n|rule|Species Clause: Limit one of each Pok\u00e9mon\n|rule|Sleep Clause Mod: Limit one foe put to sleep\n|clearpoke\n|poke|p1|Emboar, M|\n|poke|p1|Haxorus, M|\n|poke|p1|Excadrill, M|\n|poke|p1|Galvantula, M|\n|poke|p1|Mandibuzz, F|\n|poke|p1|Vanilluxe, M|\n|poke|p2|Diancie|\n|poke|p2|Sneasler, F|\n|poke|p2|Meowscarada, M|\n|poke|p2|Zoroark-Hisui, M|\n|poke|p2|Clodsire, F|\n|poke|p2|Goodra-Hisui, F|\n|teampreview\n|inactive|Battle timer is ON: inactive players will automatically lose when time's up. (requested by ChaosEmperor96)\n|\n|t:|1699852409\n|start\n|switch|p1a: Vanilluxe|Vanilluxe, M, shiny|100\/100\n|switch|p2a: Marina|Diancie|100\/100\n|turn|1\n|\n|t:|1699852417\n|detailschange|p2a: Marina|Diancie-Mega\n|-mega|p2a: Marina|Diancie|Diancite\n|-terastallize|p1a: Vanilluxe|Dragon\n|move|p2a: Marina|Rock Polish|p2a: Marina\n|-boost|p2a: Marina|spe|2\n|move|p1a: Vanilluxe|Flash Cannon|p2a: Marina\n|-supereffective|p2a: Marina\n|-damage|p2a: Marina|0 fnt\n|faint|p2a: Marina\n|\n|upkeep\n|\n|t:|1699852434\n|switch|p2a: Meowscaralho|Meowscarada, M|100\/100\n|turn|2\n|\n|t:|1699852440\n|switch|p1a: Mandibuzz|Mandibuzz, F, shiny|100\/100\n|move|p2a: Meowscaralho|Play Rough|p1a: Mandibuzz\n|-start|p2a: Meowscaralho|typechange|Fairy|[from] ability: Protean\n|-supereffective|p1a: Mandibuzz\n|-damage|p1a: Mandibuzz|42\/100\n|\n|upkeep\n|turn|3\n|\n|t:|1699852450\n|move|p2a: Meowscaralho|Play Rough|p1a: Mandibuzz\n|-supereffective|p1a: Mandibuzz\n|-damage|p1a: Mandibuzz|0 fnt\n|faint|p1a: Mandibuzz\n|\n|upkeep\n|\n|t:|1699852458\n|switch|p1a: Emboar|Emboar, M, shiny|100\/100\n|turn|4\n|\n|t:|1699852469\n|move|p2a: Meowscaralho|U-turn|p1a: Emboar\n|-resisted|p1a: Emboar\n|-damage|p1a: Emboar|93\/100\n|\n|t:|1699852480\n|switch|p2a: :)|Clodsire, F|100\/100|[from] U-turn\n|move|p1a: Emboar|Flare Blitz|p2a: :)\n|-damage|p2a: :)|22\/100\n|-damage|p1a: Emboar|60\/100|[from] Recoil\n|\n|-heal|p2a: :)|28\/100|[from] item: Leftovers\n|upkeep\n|turn|5\n|\n|t:|1699852489\n|move|p1a: Emboar|Flare Blitz|p2a: :)\n|-damage|p2a: :)|0 fnt\n|faint|p2a: :)\n|-damage|p1a: Emboar|48\/100|[from] Recoil\n|\n|upkeep\n|\n|t:|1699852496\n|switch|p2a: Coisa|Sneasler, F|100\/100\n|turn|6\n|\n|t:|1699852500\n|move|p2a: Coisa|Fake Out|p1a: Emboar\n|-enditem|p2a: Coisa|Normal Gem|[from] gem\n|-damage|p1a: Emboar|23\/100\n|cant|p1a: Emboar|flinch\n|\n|upkeep\n|turn|7\n|\n|t:|1699852506\n|move|p2a: Coisa|Acrobatics|p1a: Emboar\n|-supereffective|p1a: Emboar\n|-damage|p1a: Emboar|0 fnt\n|faint|p1a: Emboar\n|\n|upkeep\n|\n|t:|1699852511\n|switch|p1a: Galvantula|Galvantula, M, shiny|100\/100\n|turn|8\n|\n|t:|1699852516\n|-terastallize|p2a: Coisa|Flying\n|move|p2a: Coisa|Acrobatics|p1a: Galvantula\n|-enditem|p1a: Galvantula|Focus Sash\n|-damage|p1a: Galvantula|1\/100\n|move|p1a: Galvantula|Sticky Web|p2a: Coisa\n|-sidestart|p2: PerhapsXolas|move: Sticky Web\n|\n|upkeep\n|turn|9\n|\n|t:|1699852526\n|move|p2a: Coisa|Acrobatics|p1a: Galvantula\n|-damage|p1a: Galvantula|0 fnt\n|faint|p1a: Galvantula\n|\n|upkeep\n|\n|t:|1699852531\n|switch|p1a: Vanilluxe|Vanilluxe, M, shiny, tera:Dragon|100\/100\n|turn|10\n|inactive|PerhapsXolas has 120 seconds left.\n|\n|t:|1699852563\n|move|p2a: Coisa|Dire Claw|p1a: Vanilluxe\n|-damage|p1a: Vanilluxe|34\/100\n|-ability|p1a: Vanilluxe|Weak Armor|boost\n|-unboost|p1a: Vanilluxe|def|1\n|-boost|p1a: Vanilluxe|spe|2\n|move|p1a: Vanilluxe|Ice Beam|p2a: Coisa\n|-supereffective|p2a: Coisa\n|-damage|p2a: Coisa|0 fnt\n|faint|p2a: Coisa\n|\n|upkeep\n|inactive|PerhapsXolas has 120 seconds left.\n|\n|t:|1699852577\n|switch|p2a: Gozada|Goodra-Hisui, F|100\/100\n|-activate|p2a: Gozada|move: Sticky Web\n|-unboost|p2a: Gozada|spe|1\n|turn|11\n|inactive|PerhapsXolas has 120 seconds left.\n|\n|t:|1699852590\n|move|p1a: Vanilluxe|Ice Beam|p2a: Gozada\n|-damage|p2a: Gozada|72\/100\n|move|p2a: Gozada|Curse|p2a: Gozada\n|-unboost|p2a: Gozada|spe|1\n|-boost|p2a: Gozada|atk|1\n|-boost|p2a: Gozada|def|1\n|\n|upkeep\n|turn|12\n|inactive|PerhapsXolas has 120 seconds left.\n|\n|t:|1699852602\n|move|p1a: Vanilluxe|Ice Beam|p2a: Gozada\n|-damage|p2a: Gozada|40\/100\n|-status|p2a: Gozada|frz\n|cant|p2a: Gozada|frz\n|\n|upkeep\n|turn|13\n|\n|t:|1699852608\n|move|p1a: Vanilluxe|Ice Beam|p2a: Gozada\n|-damage|p2a: Gozada|7\/100 frz\n|cant|p2a: Gozada|frz\n|\n|upkeep\n|turn|14\n|\n|t:|1699852614\n|move|p1a: Vanilluxe|Ice Beam|p2a: Gozada\n|-damage|p2a: Gozada|0 fnt\n|faint|p2a: Gozada\n|\n|upkeep\n|\n|t:|1699852618\n|switch|p2a: Meowscaralho|Meowscarada, M|100\/100\n|-activate|p2a: Meowscaralho|move: Sticky Web\n|-unboost|p2a: Meowscaralho|spe|1\n|turn|15\n|\n|t:|1699852634\n|move|p1a: Vanilluxe|Ice Beam|p2a: Meowscaralho\n|-crit|p2a: Meowscaralho\n|-damage|p2a: Meowscaralho|0 fnt\n|replace|p2a: Mascarenhas|Zoroark-Hisui, M\n|-end|p2a: Mascarenhas|Illusion\n|faint|p2a: Mascarenhas\n|\n|upkeep\n|\n|t:|1699852637\n|switch|p2a: Meowscaralho|Meowscarada, M|100\/100\n|-activate|p2a: Meowscaralho|move: Sticky Web\n|-unboost|p2a: Meowscaralho|spe|1\n|turn|16\n|\n|t:|1699852643\n|move|p1a: Vanilluxe|Ice Beam|p2a: Meowscaralho\n|-supereffective|p2a: Meowscaralho\n|-damage|p2a: Meowscaralho|0 fnt\n|faint|p2a: Meowscaralho\n|\n|win|ChaosEmperor96\n|raw|ChaosEmperor96's rating: 1199 &rarr; <strong>1217<\/strong><br \/>(+18 for winning)\n|raw|PerhapsXolas's rating: 1092 &rarr; <strong>1075<\/strong><br \/>(-17 for losing)\n|c|\u2606ChaosEmperor96|Gg\n|l|\u2606PerhapsXolas\n","uploadtime":1699852661,"views":4,"p1id":"chaosemperor96","p2id":"perhapsxolas","formatid":"gen9nationaldex","rating":1075,"private":0,"password":""}