{"id":"gen9nationaldex-1990433660","p1":"Suco de Punk","p2":"bpmw07112","format":"[Gen 9] National Dex","log":"|j|\u2606Suco de Punk\n|j|\u2606bpmw07112\n|t:|1699970531\n|gametype|singles\n|player|p1|Suco de Punk|punkgirl-gen7|1138\n|player|p2|bpmw07112|lana|1194\n|teamsize|p1|6\n|teamsize|p2|6\n|gen|9\n|tier|[Gen 9] National Dex\n|rated|\n|rule|HP Percentage Mod: HP is shown in percentages\n|rule|Endless Battle Clause: Forcing endless battles is banned\n|rule|OHKO Clause: OHKO moves are banned\n|rule|Evasion Clause: Evasion abilities, items, and moves are banned\n|rule|Evasion Abilities Clause: Evasion abilities are banned\n|rule|Evasion Items Clause: Evasion items are banned\n|rule|Evasion Moves Clause: Evasion moves are banned\n|rule|Species Clause: Limit one of each Pok\u00e9mon\n|rule|Sleep Clause Mod: Limit one foe put to sleep\n|clearpoke\n|poke|p1|Tyrantrum, M|\n|poke|p1|Smeargle, F|\n|poke|p1|Ursaluna, M|\n|poke|p1|Salamence, M|\n|poke|p1|Whimsicott, L1, M|\n|poke|p1|Iron Moth|\n|poke|p2|Corsola-Galar, M|\n|poke|p2|Charizard, M|\n|poke|p2|Aurorus, F|\n|poke|p2|Great Tusk|\n|poke|p2|Muk-Alola, M|\n|poke|p2|Vaporeon, M|\n|teampreview\n|inactive|Battle timer is ON: inactive players will automatically lose when time's up. (requested by bpmw07112)\n|\n|t:|1699970563\n|start\n|switch|p1a: Smeargle|Smeargle, F|100\/100\n|switch|p2a: Great Tusk|Great Tusk|100\/100\n|turn|1\n|inactive|Suco de Punk has 120 seconds left.\n|\n|t:|1699970600\n|move|p2a: Great Tusk|Rapid Spin|p1a: Smeargle\n|-damage|p1a: Smeargle|59\/100\n|-boost|p2a: Great Tusk|spe|1\n|move|p1a: Smeargle|Sticky Web|p2a: Great Tusk\n|-sidestart|p2: bpmw07112|move: Sticky Web\n|\n|upkeep\n|turn|2\n|inactive|Suco de Punk has 120 seconds left.\n|\n|t:|1699970612\n|move|p2a: Great Tusk|Rapid Spin|p1a: Smeargle\n|-damage|p1a: Smeargle|18\/100\n|-boost|p2a: Great Tusk|spe|1\n|-sideend|p2: bpmw07112|Sticky Web|[from] move: Rapid Spin|[of] p2a: Great Tusk\n|move|p1a: Smeargle|Endeavor|p2a: Great Tusk\n|-damage|p2a: Great Tusk|15\/100\n|\n|upkeep\n|turn|3\n|\n|t:|1699970621\n|move|p1a: Smeargle|Ice Shard|p2a: Great Tusk\n|-supereffective|p2a: Great Tusk\n|-damage|p2a: Great Tusk|10\/100\n|move|p2a: Great Tusk|Earthquake|p1a: Smeargle\n|-damage|p1a: Smeargle|0 fnt\n|faint|p1a: Smeargle\n|\n|upkeep\n|inactive|Suco de Punk has 120 seconds left.\n|\n|t:|1699970636\n|switch|p1a: Whimsicott|Whimsicott, L1, M, shiny|100\/100\n|turn|4\n|\n|t:|1699970659\n|move|p1a: Whimsicott|Leech Seed|p2a: Great Tusk\n|-start|p2a: Great Tusk|move: Leech Seed\n|move|p2a: Great Tusk|Ice Spinner|p1a: Whimsicott\n|-supereffective|p1a: Whimsicott\n|-enditem|p1a: Whimsicott|Focus Sash\n|-damage|p1a: Whimsicott|8\/100\n|\n|-damage|p2a: Great Tusk|0 fnt|[from] Leech Seed|[of] p1a: Whimsicott\n|-heal|p1a: Whimsicott|100\/100|[silent]\n|faint|p2a: Great Tusk\n|-end|p2a: Great Tusk|Protosynthesis|[silent]\n|upkeep\n|inactive|bpmw07112 has 120 seconds left.\n|\n|t:|1699970676\n|switch|p2a: Muk|Muk-Alola, M|100\/100\n|turn|5\n|\n|t:|1699970685\n|move|p1a: Whimsicott|Substitute|p1a: Whimsicott\n|-start|p1a: Whimsicott|Substitute\n|-damage|p1a: Whimsicott|77\/100\n|move|p2a: Muk|Poison Jab|p1a: Whimsicott\n|-supereffective|p1a: Whimsicott\n|-end|p1a: Whimsicott|Substitute\n|\n|upkeep\n|turn|6\n|\n|t:|1699970695\n|-activate|p1a: Whimsicott|move: Pursuit\n|move|p2a: Muk|Pursuit|p1a: Whimsicott|[from]Pursuit\n|-resisted|p1a: Whimsicott\n|-damage|p1a: Whimsicott|0 fnt\n|faint|p1a: Whimsicott\n|-hint|A Pokemon can't switch between when it runs out of HP and when it faints\n|\n|upkeep\n|\n|t:|1699970701\n|switch|p1a: Tyrantrum|Tyrantrum, M|100\/100\n|turn|7\n|\n|t:|1699970723\n|switch|p2a: Vaporeon|Vaporeon, M|100\/100\n|move|p1a: Tyrantrum|Dragon Dance|p1a: Tyrantrum\n|-boost|p1a: Tyrantrum|atk|1\n|-boost|p1a: Tyrantrum|spe|1\n|\n|upkeep\n|turn|8\n|\n|t:|1699970733\n|-terastallize|p1a: Tyrantrum|Rock\n|move|p1a: Tyrantrum|Head Smash|p2a: Vaporeon\n|-damage|p2a: Vaporeon|0 fnt\n|faint|p2a: Vaporeon\n|-damage|p1a: Tyrantrum|91\/100|[from] item: Life Orb\n|\n|upkeep\n|inactive|bpmw07112 has 120 seconds left.\n|\n|t:|1699970758\n|switch|p2a: Corsola|Corsola-Galar, M|100\/100\n|turn|9\n|\n|t:|1699970761\n|move|p1a: Tyrantrum|Head Smash|p2a: Corsola\n|-damage|p2a: Corsola|0 fnt\n|faint|p2a: Corsola\n|-damage|p1a: Tyrantrum|81\/100|[from] item: Life Orb\n|\n|upkeep\n|inactive|bpmw07112 has 120 seconds left.\n|\n|t:|1699970767\n|switch|p2a: Aurorus|Aurorus, F|100\/100\n|turn|10\n|\n|t:|1699970770\n|-terastallize|p2a: Aurorus|Ground\n|move|p1a: Tyrantrum|Head Smash|p2a: Aurorus\n|-resisted|p2a: Aurorus\n|-damage|p2a: Aurorus|0 fnt\n|faint|p2a: Aurorus\n|-damage|p1a: Tyrantrum|71\/100|[from] item: Life Orb\n|\n|upkeep\n|\n|t:|1699970774\n|switch|p2a: Muk|Muk-Alola, M|100\/100\n|turn|11\n|\n|t:|1699970782\n|move|p1a: Tyrantrum|Head Smash|p2a: Muk\n|-damage|p2a: Muk|0 fnt\n|faint|p2a: Muk\n|-damage|p1a: Tyrantrum|61\/100|[from] item: Life Orb\n|\n|upkeep\n|\n|t:|1699970784\n|switch|p2a: Charizard|Charizard, M|100\/100\n|turn|12\n|\n|t:|1699970789\n|detailschange|p2a: Charizard|Charizard-Mega-Y, M\n|-mega|p2a: Charizard|Charizard|Charizardite Y\n|-weather|SunnyDay|[from] ability: Drought|[of] p2a: Charizard\n|move|p1a: Tyrantrum|Head Smash|p2a: Charizard|[miss]\n|-miss|p1a: Tyrantrum|p2a: Charizard\n|move|p2a: Charizard|Solar Beam||[still]\n|-prepare|p2a: Charizard|Solar Beam\n|-anim|p2a: Charizard|Solar Beam|p1a: Tyrantrum\n|-supereffective|p1a: Tyrantrum\n|-damage|p1a: Tyrantrum|0 fnt\n|faint|p1a: Tyrantrum\n|\n|-weather|SunnyDay|[upkeep]\n|upkeep\n|\n|t:|1699970806\n|switch|p1a: Salamence|Salamence, M|100\/100\n|-ability|p1a: Salamence|Intimidate|boost\n|-unboost|p2a: Charizard|atk|1\n|turn|13\n|\n|t:|1699970819\n|move|p2a: Charizard|Weather Ball|p1a: Salamence\n|-resisted|p1a: Salamence\n|-crit|p1a: Salamence\n|-damage|p1a: Salamence|14\/100\n|move|p1a: Salamence|Draco Meteor|p2a: Charizard\n|-damage|p2a: Charizard|3\/100\n|-unboost|p1a: Salamence|spa|2\n|\n|-weather|SunnyDay|[upkeep]\n|upkeep\n|turn|14\n|\n|t:|1699970826\n|move|p2a: Charizard|Weather Ball|p1a: Salamence\n|-resisted|p1a: Salamence\n|-damage|p1a: Salamence|0 fnt\n|faint|p1a: Salamence\n|\n|-weather|SunnyDay|[upkeep]\n|upkeep\n|\n|t:|1699970828\n|switch|p1a: Iron Moth|Iron Moth|100\/100\n|-enditem|p1a: Iron Moth|Booster Energy\n|-activate|p1a: Iron Moth|ability: Quark Drive|[fromitem]\n|-start|p1a: Iron Moth|quarkdrivespe\n|turn|15\n|\n|t:|1699970834\n|move|p1a: Iron Moth|Sludge Wave|p2a: Charizard\n|-damage|p2a: Charizard|0 fnt\n|faint|p2a: Charizard\n|\n|win|Suco de Punk\n|raw|Suco de Punk's rating: 1138 &rarr; <strong>1167<\/strong><br \/>(+29 for winning)\n|raw|bpmw07112's rating: 1194 &rarr; <strong>1165<\/strong><br \/>(-29 for losing)\n","uploadtime":1699970845,"views":4,"p1id":"sucodepunk","p2id":"bpmw07112","formatid":"gen9nationaldex","rating":1165,"private":0,"password":""}