{"id":"gen9nationaldex-1988189669","p1":"FreeGiza","p2":"ldsadsadcsf","format":"[Gen 9] National Dex","log":"|j|\u2606FreeGiza\n|j|\u2606ldsadsadcsf\n|t:|1699682071\n|gametype|singles\n|player|p1|FreeGiza|blackbelt-gen4dp|1263\n|player|p2|ldsadsadcsf|unknown|1328\n|teamsize|p1|6\n|teamsize|p2|6\n|gen|9\n|tier|[Gen 9] National Dex\n|rated|\n|rule|HP Percentage Mod: HP is shown in percentages\n|rule|Endless Battle Clause: Forcing endless battles is banned\n|rule|OHKO Clause: OHKO moves are banned\n|rule|Evasion Clause: Evasion abilities, items, and moves are banned\n|rule|Evasion Abilities Clause: Evasion abilities are banned\n|rule|Evasion Items Clause: Evasion items are banned\n|rule|Evasion Moves Clause: Evasion moves are banned\n|rule|Species Clause: Limit one of each Pok\u00e9mon\n|rule|Sleep Clause Mod: Limit one foe put to sleep\n|clearpoke\n|poke|p1|Ninetales-Alola, F|\n|poke|p1|Druddigon, M|\n|poke|p1|Moltres|\n|poke|p1|Kyurem|\n|poke|p1|Landorus-Therian, M|\n|poke|p1|Bisharp, F|\n|poke|p2|Heatran, M|\n|poke|p2|Great Tusk|\n|poke|p2|Ogerpon-Cornerstone, F|\n|poke|p2|Rillaboom, M|\n|poke|p2|Sneasler, F|\n|poke|p2|Zapdos|\n|teampreview\n|inactive|Battle timer is ON: inactive players will automatically lose when time's up. (requested by ldsadsadcsf)\n|\n|t:|1699682082\n|start\n|switch|p1a: Druddigon|Druddigon, M|100\/100\n|switch|p2a: turkey|Zapdos, shiny|100\/100\n|turn|1\n|\n|t:|1699682087\n|move|p2a: turkey|Volt Switch|p1a: Druddigon\n|-resisted|p1a: Druddigon\n|-damage|p1a: Druddigon|87\/100\n|\n|t:|1699682093\n|switch|p2a: Great Tusk|Great Tusk|100\/100|[from] Volt Switch\n|move|p1a: Druddigon|Glare|p2a: Great Tusk\n|-status|p2a: Great Tusk|par\n|\n|upkeep\n|turn|2\n|\n|t:|1699682103\n|switch|p1a: Ninetales|Ninetales-Alola, F|100\/100\n|-weather|Snow|[from] ability: Snow Warning|[of] p1a: Ninetales\n|move|p2a: Great Tusk|Stealth Rock|p1a: Ninetales\n|-sidestart|p1: FreeGiza|move: Stealth Rock\n|\n|-weather|Snow|[upkeep]\n|upkeep\n|turn|3\n|\n|t:|1699682118\n|-end|p2a: Great Tusk|Protosynthesis|[silent]\n|switch|p2a: Ogerpon|Ogerpon-Cornerstone, F|100\/100\n|move|p1a: Ninetales|Encore||[still]\n|-fail|p1a: Ninetales\n|\n|-weather|Snow|[upkeep]\n|upkeep\n|turn|4\n|\n|t:|1699682124\n|move|p1a: Ninetales|Aurora Veil|p1a: Ninetales\n|-sidestart|p1: FreeGiza|move: Aurora Veil\n|move|p2a: Ogerpon|Ivy Cudgel|p1a: Ninetales\n|-supereffective|p1a: Ninetales\n|-damage|p1a: Ninetales|35\/100\n|\n|-weather|Snow|[upkeep]\n|upkeep\n|turn|5\n|\n|t:|1699682132\n|switch|p1a: Moltres|Moltres|100\/100\n|move|p2a: Ogerpon|Ivy Cudgel|p1a: Moltres\n|-supereffective|p1a: Moltres\n|-damage|p1a: Moltres|0 fnt\n|faint|p1a: Moltres\n|\n|-weather|Snow|[upkeep]\n|upkeep\n|\n|t:|1699682143\n|switch|p1a: Landorus|Landorus-Therian, M|100\/100\n|-damage|p1a: Landorus|88\/100|[from] Stealth Rock\n|-ability|p1a: Landorus|Intimidate|boost\n|-unboost|p2a: Ogerpon|atk|1\n|turn|6\n|\n|t:|1699682148\n|move|p1a: Landorus|Earthquake|p2a: Ogerpon\n|-damage|p2a: Ogerpon|27\/100\n|move|p2a: Ogerpon|U-turn|p1a: Landorus\n|-resisted|p1a: Landorus\n|-damage|p1a: Landorus|82\/100\n|\n|t:|1699682153\n|switch|p2a: turkey|Zapdos, shiny|100\/100|[from] U-turn\n|\n|-weather|none\n|upkeep\n|turn|7\n|\n|t:|1699682160\n|switch|p1a: Bisharp|Bisharp, F|100\/100\n|-damage|p1a: Bisharp|95\/100|[from] Stealth Rock\n|move|p2a: turkey|Hurricane|p1a: Bisharp|[miss]\n|-miss|p2a: turkey|p1a: Bisharp\n|\n|upkeep\n|turn|8\n|\n|t:|1699682167\n|switch|p1a: Landorus|Landorus-Therian, M|82\/100\n|-damage|p1a: Landorus|70\/100|[from] Stealth Rock\n|-ability|p1a: Landorus|Intimidate|boost\n|-unboost|p2a: turkey|atk|1\n|move|p2a: turkey|Volt Switch|p1a: Landorus\n|-immune|p1a: Landorus\n|\n|upkeep\n|turn|9\n|\n|t:|1699682174\n|switch|p2a: Great Tusk|Great Tusk|100\/100 par\n|move|p1a: Landorus|Defog|p2a: Great Tusk\n|-unboost|p2a: Great Tusk|evasion|1\n|-sideend|p1: FreeGiza|Stealth Rock|[from] move: Defog|[of] p1a: Landorus\n|\n|upkeep\n|turn|10\n|\n|t:|1699682199\n|switch|p1a: Kyurem|Kyurem|100\/100\n|-ability|p1a: Kyurem|Pressure\n|cant|p2a: Great Tusk|par\n|\n|upkeep\n|turn|11\n|\n|t:|1699682214\n|move|p1a: Kyurem|Substitute|p1a: Kyurem\n|-start|p1a: Kyurem|Substitute\n|-damage|p1a: Kyurem|76\/100\n|move|p2a: Great Tusk|Close Combat|p1a: Kyurem\n|-supereffective|p1a: Kyurem\n|-end|p1a: Kyurem|Substitute\n|-unboost|p2a: Great Tusk|def|1\n|-unboost|p2a: Great Tusk|spd|1\n|\n|-sideend|p1: FreeGiza|move: Aurora Veil\n|upkeep\n|turn|12\n|\n|t:|1699682223\n|move|p1a: Kyurem|Substitute|p1a: Kyurem\n|-start|p1a: Kyurem|Substitute\n|-damage|p1a: Kyurem|51\/100\n|move|p2a: Great Tusk|Close Combat|p1a: Kyurem\n|-supereffective|p1a: Kyurem\n|-end|p1a: Kyurem|Substitute\n|-unboost|p2a: Great Tusk|def|1\n|-unboost|p2a: Great Tusk|spd|1\n|\n|upkeep\n|turn|13\n|\n|t:|1699682231\n|move|p1a: Kyurem|Substitute|p1a: Kyurem\n|-start|p1a: Kyurem|Substitute\n|-damage|p1a: Kyurem|26\/100\n|cant|p2a: Great Tusk|par\n|\n|upkeep\n|turn|14\n|\n|t:|1699682242\n|move|p1a: Kyurem|Roost|p1a: Kyurem\n|-heal|p1a: Kyurem|76\/100\n|-singleturn|p1a: Kyurem|move: Roost\n|cant|p2a: Great Tusk|par\n|\n|upkeep\n|turn|15\n|\n|t:|1699682250\n|move|p1a: Kyurem|Dragon Dance|p1a: Kyurem\n|-boost|p1a: Kyurem|atk|1\n|-boost|p1a: Kyurem|spe|1\n|move|p2a: Great Tusk|Close Combat|p1a: Kyurem\n|-supereffective|p1a: Kyurem\n|-end|p1a: Kyurem|Substitute\n|-unboost|p2a: Great Tusk|def|1\n|-unboost|p2a: Great Tusk|spd|1\n|\n|upkeep\n|turn|16\n|\n|t:|1699682259\n|move|p1a: Kyurem|Substitute|p1a: Kyurem\n|-start|p1a: Kyurem|Substitute\n|-damage|p1a: Kyurem|51\/100\n|move|p2a: Great Tusk|Close Combat|p1a: Kyurem\n|-supereffective|p1a: Kyurem\n|-end|p1a: Kyurem|Substitute\n|-unboost|p2a: Great Tusk|def|1\n|-unboost|p2a: Great Tusk|spd|1\n|\n|upkeep\n|turn|17\n|\n|t:|1699682267\n|move|p1a: Kyurem|Substitute|p1a: Kyurem\n|-start|p1a: Kyurem|Substitute\n|-damage|p1a: Kyurem|27\/100\n|move|p2a: Great Tusk|Earthquake|p1a: Kyurem\n|-end|p1a: Kyurem|Substitute\n|\n|upkeep\n|turn|18\n|\n|t:|1699682274\n|move|p1a: Kyurem|Icicle Spear|p2a: Great Tusk\n|-supereffective|p2a: Great Tusk\n|-damage|p2a: Great Tusk|27\/100 par\n|-supereffective|p2a: Great Tusk\n|-damage|p2a: Great Tusk|0 fnt\n|faint|p2a: Great Tusk\n|-end|p2a: Great Tusk|Protosynthesis|[silent]\n|-hitcount|p2: Great Tusk|2\n|\n|upkeep\n|\n|t:|1699682278\n|switch|p2a: Rillaboom|Rillaboom, M, shiny|100\/100\n|-fieldstart|move: Grassy Terrain|[from] ability: Grassy Surge|[of] p2a: Rillaboom\n|turn|19\n|\n|t:|1699682284\n|move|p2a: Rillaboom|Grassy Glide|p1a: Kyurem\n|-resisted|p1a: Kyurem\n|-damage|p1a: Kyurem|1\/100\n|move|p1a: Kyurem|Icicle Spear|p2a: Rillaboom\n|-supereffective|p2a: Rillaboom\n|-damage|p2a: Rillaboom|54\/100\n|-supereffective|p2a: Rillaboom\n|-damage|p2a: Rillaboom|8\/100\n|-supereffective|p2a: Rillaboom\n|-damage|p2a: Rillaboom|0 fnt\n|faint|p2a: Rillaboom\n|-hitcount|p2: Rillaboom|3\n|\n|-heal|p1a: Kyurem|7\/100|[from] Grassy Terrain\n|upkeep\n|\n|t:|1699682295\n|switch|p2a: Sneasler|Sneasler, F|100\/100\n|-enditem|p2a: Sneasler|Grassy Seed\n|-boost|p2a: Sneasler|def|1|[from] item: Grassy Seed\n|turn|20\n|\n|t:|1699682301\n|move|p2a: Sneasler|Dire Claw|p1a: Kyurem\n|-damage|p1a: Kyurem|0 fnt\n|faint|p1a: Kyurem\n|\n|upkeep\n|\n|t:|1699682309\n|switch|p1a: Druddigon|Druddigon, M|87\/100\n|turn|21\n|\n|t:|1699682337\n|move|p2a: Sneasler|Swords Dance|p2a: Sneasler\n|-boost|p2a: Sneasler|atk|2\n|move|p1a: Druddigon|Glare|p2a: Sneasler\n|-status|p2a: Sneasler|par\n|\n|-heal|p1a: Druddigon|93\/100|[from] Grassy Terrain\n|upkeep\n|turn|22\n|\n|t:|1699682344\n|move|p2a: Sneasler|Dire Claw|p1a: Druddigon\n|-damage|p1a: Druddigon|0 fnt\n|-damage|p2a: Sneasler|88\/100 par|[from] ability: Rough Skin|[of] p1a: Druddigon\n|faint|p1a: Druddigon\n|\n|-heal|p2a: Sneasler|94\/100 par|[from] Grassy Terrain\n|upkeep\n|\n|t:|1699682359\n|switch|p1a: Bisharp|Bisharp, F|95\/100\n|turn|23\n|\n|t:|1699682365\n|cant|p2a: Sneasler|par\n|move|p1a: Bisharp|Power-Up Punch|p2a: Sneasler\n|-resisted|p2a: Sneasler\n|-damage|p2a: Sneasler|85\/100 par\n|-boost|p1a: Bisharp|atk|1\n|\n|-heal|p2a: Sneasler|91\/100 par|[from] Grassy Terrain\n|-heal|p1a: Bisharp|100\/100|[from] Grassy Terrain\n|-fieldend|move: Grassy Terrain\n|upkeep\n|turn|24\n|\n|t:|1699682374\n|move|p1a: Bisharp|Sucker Punch|p2a: Sneasler\n|-resisted|p2a: Sneasler\n|-damage|p2a: Sneasler|59\/100 par\n|move|p2a: Sneasler|Close Combat|p1a: Bisharp\n|-supereffective|p1a: Bisharp\n|-damage|p1a: Bisharp|0 fnt\n|-unboost|p2a: Sneasler|def|1\n|-unboost|p2a: Sneasler|spd|1\n|faint|p1a: Bisharp\n|\n|upkeep\n|\n|t:|1699682382\n|switch|p1a: Landorus|Landorus-Therian, M|70\/100\n|-ability|p1a: Landorus|Intimidate|boost\n|-unboost|p2a: Sneasler|atk|1\n|turn|25\n|\n|t:|1699682387\n|-terastallize|p2a: Sneasler|Flying\n|move|p1a: Landorus|Earthquake|p2a: Sneasler\n|-immune|p2a: Sneasler\n|cant|p2a: Sneasler|par\n|\n|upkeep\n|turn|26\n|l|\u2606FreeGiza\n|inactive|FreeGiza disconnected and has a minute to reconnect!\n|player|p1|\n|inactive|FreeGiza has 30 seconds to reconnect!\n|inactive|FreeGiza has 20 seconds to reconnect!\n|inactive|FreeGiza has 15 seconds to reconnect!\n|inactive|FreeGiza has 10 seconds to reconnect!\n|inactive|FreeGiza has 5 seconds to reconnect!\n|-message|FreeGiza lost due to inactivity.\n|\n|win|ldsadsadcsf\n|raw|FreeGiza's rating: 1263 &rarr; <strong>1243<\/strong><br \/>(-20 for losing)\n|raw|ldsadsadcsf's rating: 1328 &rarr; <strong>1344<\/strong><br \/>(+16 for winning)\n","uploadtime":1699682677,"views":5,"p1id":"freegiza","p2id":"ldsadsadcsf","formatid":"gen9nationaldex","rating":1243,"private":0,"password":""}