{"id":"gen9nationaldex-1988789487","p1":"silentcementery","p2":"KyosukeKamijou","format":"[Gen 9] National Dex","log":"|j|\u2606silentcementery\n|j|\u2606KyosukeKamijou\n|t:|1699763426\n|gametype|singles\n|player|p1|silentcementery|170|1194\n|player|p2|KyosukeKamijou|ghetsis|1109\n|teamsize|p1|6\n|teamsize|p2|6\n|gen|9\n|tier|[Gen 9] National Dex\n|rated|\n|rule|HP Percentage Mod: HP is shown in percentages\n|rule|Endless Battle Clause: Forcing endless battles is banned\n|rule|OHKO Clause: OHKO moves are banned\n|rule|Evasion Clause: Evasion abilities, items, and moves are banned\n|rule|Evasion Abilities Clause: Evasion abilities are banned\n|rule|Evasion Items Clause: Evasion items are banned\n|rule|Evasion Moves Clause: Evasion moves are banned\n|rule|Species Clause: Limit one of each Pok\u00e9mon\n|rule|Sleep Clause Mod: Limit one foe put to sleep\n|clearpoke\n|poke|p1|Torterra, F|\n|poke|p1|Grimmsnarl, M|\n|poke|p1|Diancie|\n|poke|p1|Greninja-*, M|\n|poke|p1|Kommo-o, M|\n|poke|p1|Gliscor, M|\n|poke|p2|Kommo-o, M|\n|poke|p2|Great Tusk|\n|poke|p2|Ogerpon-Cornerstone, F|\n|poke|p2|Charizard, M|\n|poke|p2|Greninja-*, M|\n|poke|p2|Volcarona, F|\n|teampreview\n|\n|t:|1699763442\n|start\n|switch|p1a: Grimmsnarl|Grimmsnarl, M|100\/100\n|switch|p2a: Onisister|Ogerpon-Cornerstone, F|100\/100\n|turn|1\n|\n|t:|1699763451\n|move|p2a: Onisister|Spiky Shield|p2a: Onisister\n|-singleturn|p2a: Onisister|move: Protect\n|move|p1a: Grimmsnarl|Fake Out|p2a: Onisister\n|-activate|p2a: Onisister|move: Protect\n|-damage|p1a: Grimmsnarl|88\/100|[from] Spiky Shield|[of] p2a: Onisister\n|\n|upkeep\n|turn|2\n|\n|t:|1699763463\n|move|p1a: Grimmsnarl|Parting Shot|p2a: Onisister\n|-unboost|p2a: Onisister|atk|1\n|-unboost|p2a: Onisister|spa|1\n|\n|t:|1699763479\n|switch|p1a: Kommo-o|Kommo-o, M|100\/100|[from] Parting Shot\n|move|p2a: Onisister|Leech Seed|p1a: Kommo-o|[miss]\n|-miss|p2a: Onisister|p1a: Kommo-o\n|\n|upkeep\n|turn|3\n|\n|t:|1699763487\n|move|p2a: Onisister|Spiky Shield|p2a: Onisister\n|-singleturn|p2a: Onisister|move: Protect\n|move|p1a: Kommo-o|Flamethrower|p2a: Onisister\n|-activate|p2a: Onisister|move: Protect\n|\n|upkeep\n|turn|4\n|\n|t:|1699763498\n|switch|p2a: PapillonOhger|Volcarona, F, shiny|100\/100\n|switch|p1a: Torterra|Torterra, F|100\/100\n|\n|upkeep\n|turn|5\n|\n|t:|1699763511\n|switch|p1a: Greninja|Greninja, M|100\/100\n|move|p2a: PapillonOhger|Flamethrower|p1a: Greninja\n|-resisted|p1a: Greninja\n|-damage|p1a: Greninja|62\/100\n|\n|upkeep\n|turn|6\n|\n|t:|1699763528\n|-terastallize|p2a: PapillonOhger|Grass\n|move|p1a: Greninja|Dark Pulse|p2a: PapillonOhger\n|-damage|p2a: PapillonOhger|49\/100\n|-damage|p1a: Greninja|52\/100|[from] item: Life Orb\n|move|p2a: PapillonOhger|Giga Drain|p1a: Greninja\n|-supereffective|p1a: Greninja\n|-damage|p1a: Greninja|0 fnt\n|-heal|p2a: PapillonOhger|72\/100|[from] drain|[of] p1a: Greninja\n|faint|p1a: Greninja\n|\n|upkeep\n|\n|t:|1699763544\n|switch|p1a: Grimmsnarl|Grimmsnarl, M|88\/100\n|turn|7\n|\n|t:|1699763556\n|move|p1a: Grimmsnarl|Fake Out|p2a: PapillonOhger\n|-damage|p2a: PapillonOhger|55\/100\n|-status|p1a: Grimmsnarl|brn|[from] ability: Flame Body|[of] p2a: PapillonOhger\n|cant|p2a: PapillonOhger|flinch\n|\n|-damage|p1a: Grimmsnarl|82\/100 brn|[from] brn\n|upkeep\n|turn|8\n|\n|t:|1699763564\n|move|p1a: Grimmsnarl|Parting Shot|p2a: PapillonOhger\n|-unboost|p2a: PapillonOhger|atk|1\n|-unboost|p2a: PapillonOhger|spa|1\n|\n|t:|1699763568\n|switch|p1a: Kommo-o|Kommo-o, M|100\/100|[from] Parting Shot\n|move|p2a: PapillonOhger|Quiver Dance|p2a: PapillonOhger\n|-boost|p2a: PapillonOhger|spa|1\n|-boost|p2a: PapillonOhger|spd|1\n|-boost|p2a: PapillonOhger|spe|1\n|\n|upkeep\n|turn|9\n|\n|t:|1699763575\n|move|p2a: PapillonOhger|Giga Drain|p1a: Kommo-o\n|-resisted|p1a: Kommo-o\n|-damage|p1a: Kommo-o|75\/100\n|-heal|p2a: PapillonOhger|66\/100|[from] drain|[of] p1a: Kommo-o\n|move|p1a: Kommo-o|Flamethrower|p2a: PapillonOhger\n|-supereffective|p2a: PapillonOhger\n|-damage|p2a: PapillonOhger|26\/100\n|\n|upkeep\n|turn|10\n|\n|t:|1699763586\n|move|p2a: PapillonOhger|Giga Drain|p1a: Kommo-o\n|-resisted|p1a: Kommo-o\n|-damage|p1a: Kommo-o|51\/100\n|-heal|p2a: PapillonOhger|37\/100|[from] drain|[of] p1a: Kommo-o\n|move|p1a: Kommo-o|Flamethrower|p2a: PapillonOhger\n|-supereffective|p2a: PapillonOhger\n|-damage|p2a: PapillonOhger|2\/100\n|-status|p2a: PapillonOhger|brn\n|\n|-damage|p2a: PapillonOhger|0 fnt|[from] brn\n|faint|p2a: PapillonOhger\n|upkeep\n|\n|t:|1699763596\n|switch|p2a: Onisister|Ogerpon-Cornerstone, F|100\/100\n|turn|11\n|\n|t:|1699763606\n|move|p2a: Onisister|Leech Seed|p1a: Kommo-o\n|-start|p1a: Kommo-o|move: Leech Seed\n|-zpower|p1a: Kommo-o\n|move|p1a: Kommo-o|Clangorous Soulblaze|p2a: Onisister|[zeffect]\n|-damage|p2a: Onisister|17\/100\n|-boost|p1a: Kommo-o|atk|1\n|-boost|p1a: Kommo-o|def|1\n|-boost|p1a: Kommo-o|spa|1\n|-boost|p1a: Kommo-o|spd|1\n|-boost|p1a: Kommo-o|spe|1\n|\n|-damage|p1a: Kommo-o|39\/100|[from] Leech Seed|[of] p2a: Onisister\n|-heal|p2a: Onisister|27\/100|[silent]\n|upkeep\n|turn|12\n|\n|t:|1699763619\n|move|p2a: Onisister|Spiky Shield|p2a: Onisister\n|-singleturn|p2a: Onisister|move: Protect\n|move|p1a: Kommo-o|Boomburst|p2a: Onisister\n|-activate|p2a: Onisister|move: Protect\n|\n|-damage|p1a: Kommo-o|26\/100|[from] Leech Seed|[of] p2a: Onisister\n|-heal|p2a: Onisister|37\/100|[silent]\n|upkeep\n|turn|13\n|\n|t:|1699763627\n|move|p1a: Kommo-o|Flamethrower|p2a: Onisister\n|-damage|p2a: Onisister|0 fnt\n|faint|p2a: Onisister\n|\n|upkeep\n|\n|t:|1699763633\n|switch|p2a: Ninja Black|Greninja, M, shiny|100\/100\n|turn|14\n|c|\u2606silentcementery|wut\n|\n|t:|1699763648\n|move|p2a: Ninja Black|Ice Beam|p1a: Kommo-o\n|-start|p2a: Ninja Black|typechange|Ice|[from] ability: Protean\n|-supereffective|p1a: Kommo-o\n|-crit|p1a: Kommo-o\n|-damage|p1a: Kommo-o|0 fnt\n|faint|p1a: Kommo-o\n|\n|upkeep\n|\n|t:|1699763655\n|switch|p1a: Torterra|Torterra, F|100\/100\n|turn|15\n|\n|t:|1699763659\n|-terastallize|p1a: Torterra|Steel\n|move|p2a: Ninja Black|Ice Beam|p1a: Torterra\n|-resisted|p1a: Torterra\n|-damage|p1a: Torterra|76\/100\n|move|p1a: Torterra|Shell Smash|p1a: Torterra\n|-unboost|p1a: Torterra|def|1\n|-unboost|p1a: Torterra|spd|1\n|-boost|p1a: Torterra|atk|2\n|-boost|p1a: Torterra|spa|2\n|-boost|p1a: Torterra|spe|2\n|\n|upkeep\n|turn|16\n|\n|t:|1699763669\n|switch|p2a: Mammothranger|Great Tusk|100\/100\n|move|p1a: Torterra|Rock Blast|p2a: Mammothranger\n|-resisted|p2a: Mammothranger\n|-damage|p2a: Mammothranger|97\/100\n|-resisted|p2a: Mammothranger\n|-damage|p2a: Mammothranger|94\/100\n|-resisted|p2a: Mammothranger\n|-damage|p2a: Mammothranger|92\/100\n|-resisted|p2a: Mammothranger\n|-damage|p2a: Mammothranger|88\/100\n|-hitcount|p2a: Mammothranger|4\n|\n|upkeep\n|turn|17\n|\n|t:|1699763685\n|move|p2a: Mammothranger|Headlong Rush|p1a: Torterra\n|-supereffective|p1a: Torterra\n|-damage|p1a: Torterra|0 fnt\n|-unboost|p2a: Mammothranger|def|1\n|-unboost|p2a: Mammothranger|spd|1\n|faint|p1a: Torterra\n|\n|upkeep\n|-message|silentcementery forfeited.\n|\n|win|KyosukeKamijou\n|raw|silentcementery's rating: 1194 &rarr; <strong>1163<\/strong><br \/>(-31 for losing)\n|raw|KyosukeKamijou's rating: 1109 &rarr; <strong>1140<\/strong><br \/>(+31 for winning)\n|l|\u2606silentcementery\n","uploadtime":1699763700,"views":5,"p1id":"silentcementery","p2id":"kyosukekamijou","formatid":"gen9nationaldex","rating":1140,"private":0,"password":""}