{"id":"gen9nationaldex-1991999155","p1":"NekroTheFox","p2":"Horse95","format":"[Gen 9] National Dex","log":"|j|\u2606NekroTheFox\n|j|\u2606Horse95\n|t:|1700146457\n|gametype|singles\n|player|p1|NekroTheFox|shadowtriad|\n|player|p2|Horse95|colress|\n|teamsize|p1|6\n|teamsize|p2|6\n|gen|9\n|tier|[Gen 9] National Dex\n|rule|HP Percentage Mod: HP is shown in percentages\n|rule|Endless Battle Clause: Forcing endless battles is banned\n|rule|OHKO Clause: OHKO moves are banned\n|rule|Evasion Clause: Evasion abilities, items, and moves are banned\n|rule|Evasion Abilities Clause: Evasion abilities are banned\n|rule|Evasion Items Clause: Evasion items are banned\n|rule|Evasion Moves Clause: Evasion moves are banned\n|rule|Species Clause: Limit one of each Pok\u00e9mon\n|rule|Sleep Clause Mod: Limit one foe put to sleep\n|clearpoke\n|poke|p1|Kingdra, F|\n|poke|p1|Pelipper, F|\n|poke|p1|Toxapex, M|\n|poke|p1|Ogerpon-Wellspring, F|\n|poke|p1|Crawdaunt, M|\n|poke|p1|Basculegion, M|\n|poke|p2|Iron Valiant|\n|poke|p2|Torterra, F|\n|poke|p2|Rillaboom, M|\n|poke|p2|Bellibolt, M|\n|poke|p2|Electrode-Hisui|\n|poke|p2|Clodsire, F|\n|teampreview\n|c|\u2606NekroTheFox|Glhf\n|c|\u2606Horse95|took me time\n|inactive|Battle timer is ON: inactive players will automatically lose when time's up. (requested by NekroTheFox)\n|c|\u2606Horse95|you too\n|\n|t:|1700146471\n|start\n|switch|p1a: Pelipper|Pelipper, F|100\/100\n|switch|p2a: Rillaboom|Rillaboom, M|100\/100\n|-fieldstart|move: Grassy Terrain|[from] ability: Grassy Surge|[of] p2a: Rillaboom\n|-weather|RainDance|[from] ability: Drizzle|[of] p1a: Pelipper\n|turn|1\n|\n|t:|1700146482\n|move|p2a: Rillaboom|Fake Out|p1a: Pelipper\n|-damage|p1a: Pelipper|91\/100\n|cant|p1a: Pelipper|flinch\n|\n|-weather|RainDance|[upkeep]\n|upkeep\n|turn|2\n|\n|t:|1700146489\n|move|p2a: Rillaboom|U-turn|p1a: Pelipper\n|-resisted|p1a: Pelipper\n|-damage|p1a: Pelipper|83\/100\n|\n|t:|1700146496\n|switch|p2a: Bellibolt|Bellibolt, M|100\/100|[from] U-turn\n|move|p1a: Pelipper|U-turn|p2a: Bellibolt\n|-damage|p2a: Bellibolt|95\/100\n|-start|p2a: Bellibolt|Charge|U-turn|[from] ability: Electromorphosis\n|\n|t:|1700146511\n|switch|p1a: Basculegion|Basculegion, M|100\/100|[from] U-turn\n|\n|-weather|RainDance|[upkeep]\n|-heal|p2a: Bellibolt|100\/100|[from] Grassy Terrain\n|upkeep\n|turn|3\n|\n|t:|1700146526\n|move|p1a: Basculegion|Wave Crash|p2a: Bellibolt\n|-damage|p2a: Bellibolt|20\/100\n|-start|p2a: Bellibolt|Charge|Wave Crash|[from] ability: Electromorphosis\n|-damage|p1a: Basculegion|71\/100|[from] Recoil\n|move|p2a: Bellibolt|Discharge|p1a: Basculegion\n|-supereffective|p1a: Basculegion\n|-damage|p1a: Basculegion|0 fnt\n|faint|p1a: Basculegion\n|-end|p2a: Bellibolt|Charge|[silent]\n|\n|-weather|RainDance|[upkeep]\n|-heal|p2a: Bellibolt|26\/100|[from] Grassy Terrain\n|-heal|p2a: Bellibolt|32\/100|[from] item: Leftovers\n|upkeep\n|\n|t:|1700146541\n|switch|p1a: Kingdra|Kingdra, F|100\/100\n|turn|4\n|\n|t:|1700146549\n|switch|p2a: Clodsire|Clodsire, F|100\/100\n|move|p1a: Kingdra|Flip Turn|p2a: Clodsire\n|-immune|p2a: Clodsire|[from] ability: Water Absorb\n|\n|-weather|RainDance|[upkeep]\n|upkeep\n|turn|5\n|\n|t:|1700146559\n|switch|p1a: Crawdaunt|Crawdaunt, M|100\/100\n|move|p2a: Clodsire|Yawn|p1a: Crawdaunt\n|-start|p1a: Crawdaunt|move: Yawn|[of] p2a: Clodsire\n|\n|-weather|RainDance|[upkeep]\n|-fieldend|move: Grassy Terrain\n|upkeep\n|turn|6\n|\n|t:|1700146574\n|switch|p1a: Kingdra|Kingdra, F|100\/100\n|move|p2a: Clodsire|Stealth Rock|p1a: Kingdra\n|-sidestart|p1: NekroTheFox|move: Stealth Rock\n|\n|-weather|RainDance|[upkeep]\n|upkeep\n|turn|7\n|\n|t:|1700146588\n|move|p1a: Kingdra|Hurricane|p2a: Clodsire\n|-damage|p2a: Clodsire|78\/100\n|move|p2a: Clodsire|Yawn|p1a: Kingdra\n|-start|p1a: Kingdra|move: Yawn|[of] p2a: Clodsire\n|\n|-weather|RainDance|[upkeep]\n|upkeep\n|turn|8\n|\n|t:|1700146599\n|switch|p1a: Toxapex|Toxapex, M|100\/100\n|move|p2a: Clodsire|Trailblaze|p1a: Toxapex\n|-damage|p1a: Toxapex|94\/100\n|-boost|p2a: Clodsire|spe|1\n|\n|-weather|none\n|upkeep\n|turn|9\n|\n|t:|1700146610\n|switch|p2a: Electrode|Electrode-Hisui, shiny|100\/100\n|move|p1a: Toxapex|Haze|p1a: Toxapex\n|-clearallboost\n|\n|upkeep\n|turn|10\n|\n|t:|1700146619\n|move|p2a: Electrode|Substitute|p2a: Electrode\n|-start|p2a: Electrode|Substitute\n|-damage|p2a: Electrode|76\/100\n|move|p1a: Toxapex|Toxic||[still]\n|-fail|p1a: Toxapex\n|\n|-heal|p2a: Electrode|82\/100|[from] item: Leftovers\n|upkeep\n|turn|11\n|\n|t:|1700146629\n|move|p2a: Electrode|Leech Seed|p1a: Toxapex\n|-start|p1a: Toxapex|move: Leech Seed\n|move|p1a: Toxapex|Scald|p2a: Electrode\n|-resisted|p2a: Electrode\n|-activate|p2a: Electrode|move: Substitute|[damage]\n|\n|-heal|p2a: Electrode|88\/100|[from] item: Leftovers\n|-damage|p1a: Toxapex|82\/100|[from] Leech Seed|[of] p2a: Electrode\n|-heal|p2a: Electrode|99\/100|[silent]\n|upkeep\n|turn|12\n|\n|t:|1700146641\n|switch|p1a: Pelipper|Pelipper, F|83\/100\n|-damage|p1a: Pelipper|58\/100|[from] Stealth Rock\n|-weather|RainDance|[from] ability: Drizzle|[of] p1a: Pelipper\n|move|p2a: Electrode|Thunderbolt|p1a: Pelipper\n|-supereffective|p1a: Pelipper\n|-damage|p1a: Pelipper|0 fnt\n|faint|p1a: Pelipper\n|\n|-weather|RainDance|[upkeep]\n|-heal|p2a: Electrode|100\/100|[from] item: Leftovers\n|upkeep\n|\n|t:|1700146655\n|switch|p1a: Kingdra|Kingdra, F|100\/100\n|-damage|p1a: Kingdra|88\/100|[from] Stealth Rock\n|turn|13\n|\n|t:|1700146662\n|move|p1a: Kingdra|Hurricane|p2a: Electrode\n|-end|p2a: Electrode|Substitute\n|move|p2a: Electrode|Leech Seed|p1a: Kingdra\n|-start|p1a: Kingdra|move: Leech Seed\n|\n|-weather|RainDance|[upkeep]\n|-damage|p1a: Kingdra|76\/100|[from] Leech Seed|[of] p2a: Electrode\n|upkeep\n|turn|14\n|\n|t:|1700146675\n|move|p1a: Kingdra|Hurricane|p2a: Electrode\n|-damage|p2a: Electrode|40\/100\n|move|p2a: Electrode|Substitute|p2a: Electrode\n|-start|p2a: Electrode|Substitute\n|-damage|p2a: Electrode|15\/100\n|\n|-weather|RainDance|[upkeep]\n|-heal|p2a: Electrode|21\/100|[from] item: Leftovers\n|-damage|p1a: Kingdra|63\/100|[from] Leech Seed|[of] p2a: Electrode\n|-heal|p2a: Electrode|32\/100|[silent]\n|upkeep\n|turn|15\n|\n|t:|1700146686\n|move|p2a: Electrode|Protect|p2a: Electrode\n|-singleturn|p2a: Electrode|Protect\n|move|p1a: Kingdra|Hurricane|p2a: Electrode\n|-activate|p2a: Electrode|move: Protect\n|\n|-weather|RainDance|[upkeep]\n|-heal|p2a: Electrode|38\/100|[from] item: Leftovers\n|-damage|p1a: Kingdra|51\/100|[from] Leech Seed|[of] p2a: Electrode\n|-heal|p2a: Electrode|49\/100|[silent]\n|upkeep\n|turn|16\n|\n|t:|1700146696\n|move|p1a: Kingdra|Hurricane|p2a: Electrode\n|-end|p2a: Electrode|Substitute\n|move|p2a: Electrode|Thunderbolt|p1a: Kingdra\n|-damage|p1a: Kingdra|20\/100\n|\n|-weather|RainDance|[upkeep]\n|-heal|p2a: Electrode|56\/100|[from] item: Leftovers\n|-damage|p1a: Kingdra|8\/100|[from] Leech Seed|[of] p2a: Electrode\n|-heal|p2a: Electrode|67\/100|[silent]\n|upkeep\n|turn|17\n|\n|t:|1700146710\n|move|p2a: Electrode|Protect|p2a: Electrode\n|-singleturn|p2a: Electrode|Protect\n|move|p1a: Kingdra|Hurricane|p2a: Electrode\n|-activate|p2a: Electrode|move: Protect\n|\n|-weather|RainDance|[upkeep]\n|-heal|p2a: Electrode|73\/100|[from] item: Leftovers\n|-damage|p1a: Kingdra|0 fnt|[from] Leech Seed|[of] p2a: Electrode\n|-heal|p2a: Electrode|79\/100|[silent]\n|faint|p1a: Kingdra\n|upkeep\n|\n|t:|1700146727\n|switch|p1a: Ogerpon|Ogerpon-Wellspring, F|100\/100\n|-damage|p1a: Ogerpon|88\/100|[from] Stealth Rock\n|turn|18\n|\n|t:|1700146736\n|move|p2a: Electrode|Substitute|p2a: Electrode\n|-start|p2a: Electrode|Substitute\n|-damage|p2a: Electrode|55\/100\n|move|p1a: Ogerpon|Swords Dance|p1a: Ogerpon\n|-boost|p1a: Ogerpon|atk|2\n|\n|-weather|RainDance|[upkeep]\n|-heal|p2a: Electrode|61\/100|[from] item: Leftovers\n|upkeep\n|turn|19\n|\n|t:|1700146750\n|-terastallize|p1a: Ogerpon|Water\n|detailschange|p1a: Ogerpon|Ogerpon-Wellspring-Tera, F, tera:Water\n|-ability|p1a: Ogerpon|Embody Aspect (Wellspring)|boost\n|-boost|p1a: Ogerpon|spd|1\n|move|p2a: Electrode|Thunderbolt|p1a: Ogerpon\n|-supereffective|p1a: Ogerpon\n|-damage|p1a: Ogerpon|44\/100\n|move|p1a: Ogerpon|Play Rough|p2a: Electrode\n|-end|p2a: Electrode|Substitute\n|\n|-weather|none\n|-heal|p2a: Electrode|67\/100|[from] item: Leftovers\n|upkeep\n|turn|20\n|\n|t:|1700146764\n|move|p2a: Electrode|Thunderbolt|p1a: Ogerpon\n|-supereffective|p1a: Ogerpon\n|-damage|p1a: Ogerpon|4\/100\n|move|p1a: Ogerpon|Play Rough|p2a: Electrode\n|-damage|p2a: Electrode|0 fnt\n|faint|p2a: Electrode\n|\n|upkeep\n|\n|t:|1700146776\n|switch|p2a: Rillaboom|Rillaboom, M|100\/100\n|-fieldstart|move: Grassy Terrain|[from] ability: Grassy Surge|[of] p2a: Rillaboom\n|turn|21\n|\n|t:|1700146782\n|move|p2a: Rillaboom|Fake Out|p1a: Ogerpon\n|-damage|p1a: Ogerpon|0 fnt\n|faint|p1a: Ogerpon\n|\n|upkeep\n|\n|t:|1700146789\n|switch|p1a: Toxapex|Toxapex, M|100\/100\n|turn|22\n|\n|t:|1700146794\n|move|p2a: Rillaboom|U-turn|p1a: Toxapex\n|-resisted|p1a: Toxapex\n|-damage|p1a: Toxapex|93\/100\n|\n|t:|1700146800\n|switch|p2a: Torterra|Torterra, F|100\/100|[from] U-turn\n|move|p1a: Toxapex|Toxic|p2a: Torterra\n|-status|p2a: Torterra|tox\n|\n|-heal|p1a: Toxapex|99\/100|[from] Grassy Terrain\n|-damage|p2a: Torterra|94\/100 tox|[from] psn\n|upkeep\n|turn|23\n|\n|t:|1700146812\n|move|p2a: Torterra|Earthquake|p1a: Toxapex\n|-supereffective|p1a: Toxapex\n|-damage|p1a: Toxapex|70\/100\n|move|p1a: Toxapex|Scald|p2a: Torterra\n|-damage|p2a: Torterra|74\/100 tox\n|\n|-heal|p2a: Torterra|80\/100 tox|[from] Grassy Terrain\n|-heal|p1a: Toxapex|76\/100|[from] Grassy Terrain\n|-damage|p2a: Torterra|68\/100 tox|[from] psn\n|upkeep\n|turn|24\n|\n|t:|1700146825\n|move|p2a: Torterra|Shell Smash|p2a: Torterra\n|-unboost|p2a: Torterra|def|1\n|-unboost|p2a: Torterra|spd|1\n|-boost|p2a: Torterra|atk|2\n|-boost|p2a: Torterra|spa|2\n|-boost|p2a: Torterra|spe|2\n|-enditem|p2a: Torterra|White Herb\n|-clearnegativeboost|p2a: Torterra|[silent]\n|move|p1a: Toxapex|Scald|p2a: Torterra\n|-damage|p2a: Torterra|46\/100 tox\n|\n|-heal|p2a: Torterra|52\/100 tox|[from] Grassy Terrain\n|-heal|p1a: Toxapex|82\/100|[from] Grassy Terrain\n|-damage|p2a: Torterra|34\/100 tox|[from] psn\n|upkeep\n|turn|25\n|\n|t:|1700146842\n|move|p2a: Torterra|Earthquake|p1a: Toxapex\n|-supereffective|p1a: Toxapex\n|-damage|p1a: Toxapex|21\/100\n|move|p1a: Toxapex|Haze|p1a: Toxapex\n|-clearallboost\n|\n|-heal|p2a: Torterra|40\/100 tox|[from] Grassy Terrain\n|-heal|p1a: Toxapex|27\/100|[from] Grassy Terrain\n|-damage|p2a: Torterra|16\/100 tox|[from] psn\n|-fieldend|move: Grassy Terrain\n|upkeep\n|turn|26\n|\n|t:|1700146854\n|move|p2a: Torterra|Earthquake|p1a: Toxapex\n|-supereffective|p1a: Toxapex\n|-damage|p1a: Toxapex|0 fnt\n|faint|p1a: Toxapex\n|\n|-damage|p2a: Torterra|0 fnt|[from] psn\n|faint|p2a: Torterra\n|upkeep\n|\n|t:|1700146864\n|switch|p2a: Rillaboom|Rillaboom, M|100\/100\n|switch|p1a: Crawdaunt|Crawdaunt, M|100\/100\n|-fieldstart|move: Grassy Terrain|[from] ability: Grassy Surge|[of] p2a: Rillaboom\n|-damage|p1a: Crawdaunt|88\/100|[from] Stealth Rock\n|turn|27\n|\n|t:|1700146875\n|move|p2a: Rillaboom|Fake Out|p1a: Crawdaunt\n|-damage|p1a: Crawdaunt|68\/100\n|cant|p1a: Crawdaunt|flinch\n|\n|-heal|p1a: Crawdaunt|74\/100|[from] Grassy Terrain\n|upkeep\n|turn|28\n|\n|t:|1700146891\n|move|p2a: Rillaboom|Grassy Glide|p1a: Crawdaunt\n|-supereffective|p1a: Crawdaunt\n|-crit|p1a: Crawdaunt\n|-damage|p1a: Crawdaunt|0 fnt\n|faint|p1a: Crawdaunt\n|\n|win|Horse95\n|c|\u2606Horse95|gg\n|c|\u2606NekroTheFox|Gg\n","uploadtime":1700146902,"views":32,"p1id":"nekrothefox","p2id":"horse95","formatid":"gen9nationaldex","rating":0,"private":0,"password":""}