{"id":"gen9nationaldex-1988172313","p1":"cb der","p2":"Sprocket0835","format":"[Gen 9] National Dex","log":"|j|\u2606cb der\n|j|\u2606Sprocket0835\n|t:|1699679257\n|gametype|singles\n|player|p1|cb der|iono|1191\n|player|p2|Sprocket0835|hilbert|1213\n|teamsize|p1|6\n|teamsize|p2|6\n|gen|9\n|tier|[Gen 9] National Dex\n|rated|\n|rule|HP Percentage Mod: HP is shown in percentages\n|rule|Endless Battle Clause: Forcing endless battles is banned\n|rule|OHKO Clause: OHKO moves are banned\n|rule|Evasion Clause: Evasion abilities, items, and moves are banned\n|rule|Evasion Abilities Clause: Evasion abilities are banned\n|rule|Evasion Items Clause: Evasion items are banned\n|rule|Evasion Moves Clause: Evasion moves are banned\n|rule|Species Clause: Limit one of each Pok\u00e9mon\n|rule|Sleep Clause Mod: Limit one foe put to sleep\n|clearpoke\n|poke|p1|Throh, M|\n|poke|p1|Lanturn, M|\n|poke|p1|Ting-Lu|\n|poke|p1|Greninja-*, M|\n|poke|p1|Dondozo, M|\n|poke|p1|Delcatty, M|\n|poke|p2|Charizard, F|\n|poke|p2|Great Tusk|\n|poke|p2|Garganacl, M|\n|poke|p2|Victini|\n|poke|p2|Lilligant-Hisui, F|\n|poke|p2|Hatterene, F|\n|teampreview\n|\n|t:|1699679276\n|start\n|switch|p1a: Delcatty|Delcatty, M|100\/100\n|switch|p2a: Charizard|Charizard, F|100\/100\n|turn|1\n|\n|t:|1699679280\n|detailschange|p2a: Charizard|Charizard-Mega-Y, F\n|-mega|p2a: Charizard|Charizard|Charizardite Y\n|-weather|SunnyDay|[from] ability: Drought|[of] p2a: Charizard\n|-terastallize|p1a: Delcatty|Normal\n|move|p1a: Delcatty|Fake Out|p2a: Charizard\n|-damage|p2a: Charizard|62\/100\n|cant|p2a: Charizard|flinch\n|\n|-weather|SunnyDay|[upkeep]\n|upkeep\n|turn|2\n|\n|t:|1699679289\n|switch|p2a: Great Tusk|Great Tusk|100\/100\n|-activate|p2a: Great Tusk|ability: Protosynthesis\n|-start|p2a: Great Tusk|protosynthesisatk\n|move|p1a: Delcatty|Sucker Punch||[still]\n|-fail|p1a: Delcatty\n|\n|-weather|SunnyDay|[upkeep]\n|upkeep\n|turn|3\n|\n|t:|1699679307\n|switch|p1a: Dondozo|Dondozo, M|100\/100\n|move|p2a: Great Tusk|Rapid Spin|p1a: Dondozo\n|-damage|p1a: Dondozo|86\/100\n|-boost|p2a: Great Tusk|spe|1\n|\n|-weather|SunnyDay|[upkeep]\n|-heal|p1a: Dondozo|92\/100|[from] item: Leftovers\n|upkeep\n|turn|4\n|\n|t:|1699679317\n|-end|p2a: Great Tusk|Protosynthesis|[silent]\n|switch|p2a: Hatterene|Hatterene, F|100\/100\n|move|p1a: Dondozo|Curse|p1a: Dondozo\n|-unboost|p1a: Dondozo|spe|1\n|-boost|p1a: Dondozo|atk|1\n|-boost|p1a: Dondozo|def|1\n|\n|-weather|SunnyDay|[upkeep]\n|-heal|p1a: Dondozo|98\/100|[from] item: Leftovers\n|upkeep\n|turn|5\n|\n|t:|1699679322\n|move|p2a: Hatterene|Nuzzle|p1a: Dondozo\n|-supereffective|p1a: Dondozo\n|-damage|p1a: Dondozo|95\/100\n|-status|p1a: Dondozo|par\n|move|p1a: Dondozo|Curse|p1a: Dondozo\n|-unboost|p1a: Dondozo|spe|1\n|-boost|p1a: Dondozo|atk|1\n|-boost|p1a: Dondozo|def|1\n|\n|-weather|none\n|-heal|p1a: Dondozo|100\/100 par|[from] item: Leftovers\n|upkeep\n|turn|6\n|\n|t:|1699679336\n|switch|p2a: Garganacl|Garganacl, M|100\/100\n|move|p1a: Dondozo|Curse|p1a: Dondozo\n|-unboost|p1a: Dondozo|spe|1\n|-boost|p1a: Dondozo|atk|1\n|-boost|p1a: Dondozo|def|1\n|\n|upkeep\n|turn|7\n|\n|t:|1699679344\n|-terastallize|p2a: Garganacl|Fairy\n|move|p2a: Garganacl|Salt Cure|p1a: Dondozo\n|-damage|p1a: Dondozo|97\/100 par\n|-start|p1a: Dondozo|Salt Cure\n|move|p1a: Dondozo|Liquidation|p2a: Garganacl\n|-damage|p2a: Garganacl|54\/100\n|\n|-heal|p2a: Garganacl|60\/100|[from] item: Leftovers\n|-heal|p1a: Dondozo|100\/100 par|[from] item: Leftovers\n|-damage|p1a: Dondozo|75\/100 par|[from] Salt Cure\n|upkeep\n|turn|8\n|\n|t:|1699679351\n|move|p2a: Garganacl|Recover|p2a: Garganacl\n|-heal|p2a: Garganacl|100\/100\n|move|p1a: Dondozo|Curse|p1a: Dondozo\n|-unboost|p1a: Dondozo|spe|1\n|-boost|p1a: Dondozo|atk|1\n|-boost|p1a: Dondozo|def|1\n|\n|-heal|p1a: Dondozo|82\/100 par|[from] item: Leftovers\n|-damage|p1a: Dondozo|57\/100 par|[from] Salt Cure\n|upkeep\n|turn|9\n|\n|t:|1699679360\n|move|p2a: Garganacl|Body Press|p1a: Dondozo\n|-damage|p1a: Dondozo|52\/100 par\n|move|p1a: Dondozo|Curse|p1a: Dondozo\n|-unboost|p1a: Dondozo|spe|1\n|-boost|p1a: Dondozo|atk|1\n|-boost|p1a: Dondozo|def|1\n|\n|-heal|p1a: Dondozo|58\/100 par|[from] item: Leftovers\n|-damage|p1a: Dondozo|33\/100 par|[from] Salt Cure\n|upkeep\n|turn|10\n|\n|t:|1699679367\n|move|p2a: Garganacl|Salt Cure|p1a: Dondozo\n|-damage|p1a: Dondozo|31\/100 par\n|move|p1a: Dondozo|Rest|p1a: Dondozo\n|-status|p1a: Dondozo|slp|[from] move: Rest\n|-heal|p1a: Dondozo|100\/100 slp|[silent]\n|\n|-damage|p1a: Dondozo|75\/100 slp|[from] Salt Cure\n|upkeep\n|turn|11\n|\n|t:|1699679373\n|switch|p2a: Victini|Victini|100\/100\n|cant|p1a: Dondozo|slp\n|move|p1a: Dondozo|Sleep Talk|p1a: Dondozo\n|move|p1a: Dondozo|Curse|p1a: Dondozo|[from]move: Sleep Talk\n|-unboost|p1a: Dondozo|spe|1\n|-boost|p1a: Dondozo|atk|1\n|-boost|p1a: Dondozo|def|1\n|\n|-heal|p1a: Dondozo|82\/100 slp|[from] item: Leftovers\n|-damage|p1a: Dondozo|57\/100 slp|[from] Salt Cure\n|upkeep\n|turn|12\n|\n|t:|1699679380\n|move|p2a: Victini|Thunder|p1a: Dondozo|[miss]\n|-miss|p2a: Victini|p1a: Dondozo\n|cant|p1a: Dondozo|slp\n|move|p1a: Dondozo|Sleep Talk|p1a: Dondozo\n|move|p1a: Dondozo|Rest||[from]move: Sleep Talk|[still]\n|-fail|p1a: Dondozo\n|\n|-heal|p1a: Dondozo|63\/100 slp|[from] item: Leftovers\n|-damage|p1a: Dondozo|38\/100 slp|[from] Salt Cure\n|upkeep\n|turn|13\n|\n|t:|1699679388\n|move|p2a: Victini|Thunder|p1a: Dondozo\n|-supereffective|p1a: Dondozo\n|-damage|p1a: Dondozo|0 fnt\n|faint|p1a: Dondozo\n|\n|upkeep\n|\n|t:|1699679401\n|switch|p1a: Delcatty|Delcatty, M, tera:Normal|100\/100\n|turn|14\n|\n|t:|1699679407\n|switch|p2a: Great Tusk|Great Tusk|100\/100\n|move|p1a: Delcatty|Fake Out|p2a: Great Tusk\n|-damage|p2a: Great Tusk|77\/100\n|\n|-heal|p2a: Great Tusk|84\/100|[from] item: Leftovers\n|upkeep\n|turn|15\n|\n|t:|1699679425\n|move|p2a: Great Tusk|Rapid Spin|p1a: Delcatty\n|-damage|p1a: Delcatty|69\/100\n|-boost|p2a: Great Tusk|spe|1\n|move|p1a: Delcatty|Return|p2a: Great Tusk\n|-damage|p2a: Great Tusk|30\/100\n|\n|-heal|p2a: Great Tusk|36\/100|[from] item: Leftovers\n|upkeep\n|turn|16\n|\n|t:|1699679433\n|move|p1a: Delcatty|Sucker Punch|p2a: Great Tusk\n|-damage|p2a: Great Tusk|0 fnt\n|faint|p2a: Great Tusk\n|-end|p2a: Great Tusk|Protosynthesis|[silent]\n|\n|upkeep\n|\n|t:|1699679444\n|switch|p2a: Garganacl|Garganacl, M, tera:Fairy|100\/100\n|turn|17\n|\n|t:|1699679454\n|switch|p1a: Ting-Lu|Ting-Lu|100\/100\n|-ability|p1a: Ting-Lu|Vessel of Ruin\n|move|p2a: Garganacl|Iron Defense|p2a: Garganacl\n|-boost|p2a: Garganacl|def|2\n|\n|upkeep\n|turn|18\n|\n|t:|1699679469\n|move|p2a: Garganacl|Body Press|p1a: Ting-Lu\n|-supereffective|p1a: Ting-Lu\n|-crit|p1a: Ting-Lu\n|-damage|p1a: Ting-Lu|29\/100\n|move|p1a: Ting-Lu|Whirlwind|p2a: Garganacl\n|drag|p2a: Charizard|Charizard-Mega-Y, F|62\/100\n|-weather|SunnyDay|[from] ability: Drought|[of] p2a: Charizard\n|\n|-weather|SunnyDay|[upkeep]\n|-heal|p1a: Ting-Lu|36\/100|[from] item: Leftovers\n|upkeep\n|turn|19\n|\n|t:|1699679479\n|move|p2a: Charizard|Solar Beam||[still]\n|-prepare|p2a: Charizard|Solar Beam\n|-anim|p2a: Charizard|Solar Beam|p1a: Ting-Lu\n|-supereffective|p1a: Ting-Lu\n|-damage|p1a: Ting-Lu|0 fnt\n|faint|p1a: Ting-Lu\n|\n|-weather|SunnyDay|[upkeep]\n|upkeep\n|\n|t:|1699679483\n|switch|p1a: Delcatty|Delcatty, M, tera:Normal|69\/100\n|turn|20\n|\n|t:|1699679486\n|switch|p2a: Lilligant|Lilligant-Hisui, F|100\/100\n|move|p1a: Delcatty|Fake Out|p2a: Lilligant\n|-damage|p2a: Lilligant|56\/100\n|\n|-weather|SunnyDay|[upkeep]\n|upkeep\n|turn|21\n|\n|t:|1699679492\n|move|p1a: Delcatty|Sucker Punch|p2a: Lilligant\n|-damage|p2a: Lilligant|0 fnt\n|faint|p2a: Lilligant\n|\n|-weather|SunnyDay|[upkeep]\n|upkeep\n|c|\u2606Sprocket0835|okay\n|\n|t:|1699679500\n|switch|p2a: Garganacl|Garganacl, M, tera:Fairy|100\/100\n|turn|22\n|\n|t:|1699679508\n|move|p1a: Delcatty|Thunder Wave|p2a: Garganacl\n|-immune|p2a: Garganacl|[from] ability: Purifying Salt\n|move|p2a: Garganacl|Iron Defense|p2a: Garganacl\n|-boost|p2a: Garganacl|def|2\n|\n|-weather|none\n|upkeep\n|turn|23\n|\n|t:|1699679519\n|switch|p1a: Lanturn|Lanturn, M|100\/100\n|move|p2a: Garganacl|Iron Defense|p2a: Garganacl\n|-boost|p2a: Garganacl|def|2\n|\n|upkeep\n|turn|24\n|\n|t:|1699679526\n|move|p1a: Lanturn|Scald|p2a: Garganacl\n|-damage|p2a: Garganacl|86\/100\n|move|p2a: Garganacl|Salt Cure|p1a: Lanturn\n|-damage|p1a: Lanturn|89\/100\n|-start|p1a: Lanturn|Salt Cure\n|\n|-heal|p1a: Lanturn|95\/100|[from] item: Leftovers\n|-heal|p2a: Garganacl|92\/100|[from] item: Leftovers\n|-damage|p1a: Lanturn|71\/100|[from] Salt Cure\n|upkeep\n|turn|25\n|\n|t:|1699679531\n|move|p1a: Lanturn|Scald|p2a: Garganacl\n|-damage|p2a: Garganacl|77\/100\n|move|p2a: Garganacl|Body Press|p1a: Lanturn\n|-damage|p1a: Lanturn|22\/100\n|\n|-heal|p1a: Lanturn|28\/100|[from] item: Leftovers\n|-heal|p2a: Garganacl|83\/100|[from] item: Leftovers\n|-damage|p1a: Lanturn|3\/100|[from] Salt Cure\n|upkeep\n|turn|26\n|\n|t:|1699679537\n|move|p1a: Lanturn|Scald|p2a: Garganacl\n|-damage|p2a: Garganacl|68\/100\n|move|p2a: Garganacl|Body Press|p1a: Lanturn\n|-damage|p1a: Lanturn|0 fnt\n|faint|p1a: Lanturn\n|\n|-heal|p2a: Garganacl|74\/100|[from] item: Leftovers\n|upkeep\n|\n|t:|1699679542\n|switch|p1a: Greninja|Greninja, M|100\/100\n|turn|27\n|\n|t:|1699679549\n|move|p1a: Greninja|Surf|p2a: Garganacl\n|-damage|p2a: Garganacl|40\/100\n|-damage|p1a: Greninja|91\/100|[from] item: Life Orb\n|move|p2a: Garganacl|Recover|p2a: Garganacl\n|-heal|p2a: Garganacl|90\/100\n|\n|-heal|p2a: Garganacl|96\/100|[from] item: Leftovers\n|upkeep\n|turn|28\n|\n|t:|1699679556\n|move|p1a: Greninja|Surf|p2a: Garganacl\n|-damage|p2a: Garganacl|63\/100\n|-damage|p1a: Greninja|81\/100|[from] item: Life Orb\n|move|p2a: Garganacl|Body Press|p1a: Greninja\n|-supereffective|p1a: Greninja\n|-damage|p1a: Greninja|0 fnt\n|faint|p1a: Greninja\n|\n|-heal|p2a: Garganacl|69\/100|[from] item: Leftovers\n|upkeep\n|\n|t:|1699679561\n|switch|p1a: Delcatty|Delcatty, M, tera:Normal|69\/100\n|turn|29\n|\n|t:|1699679564\n|move|p1a: Delcatty|Fake Out|p2a: Garganacl\n|-damage|p2a: Garganacl|62\/100\n|cant|p2a: Garganacl|flinch\n|\n|-heal|p2a: Garganacl|69\/100|[from] item: Leftovers\n|upkeep\n|turn|30\n|\n|t:|1699679568\n|move|p1a: Delcatty|Return|p2a: Garganacl\n|-crit|p2a: Garganacl\n|-damage|p2a: Garganacl|0 fnt\n|faint|p2a: Garganacl\n|\n|upkeep\n|\n|t:|1699679575\n|switch|p2a: Hatterene|Hatterene, F|100\/100\n|turn|31\n|\n|t:|1699679579\n|switch|p1a: Throh|Throh, M|100\/100\n|move|p2a: Hatterene|Nuzzle|p1a: Throh\n|-damage|p1a: Throh|97\/100\n|-status|p1a: Throh|par\n|\n|upkeep\n|turn|32\n|\n|t:|1699679588\n|move|p2a: Hatterene|Psyshock|p1a: Throh\n|-supereffective|p1a: Throh\n|-damage|p1a: Throh|39\/100 par\n|cant|p1a: Throh|par\n|\n|upkeep\n|turn|33\n|\n|t:|1699679597\n|move|p2a: Hatterene|Psyshock|p1a: Throh\n|-supereffective|p1a: Throh\n|-damage|p1a: Throh|0 fnt\n|faint|p1a: Throh\n|\n|upkeep\n|\n|t:|1699679599\n|switch|p1a: Delcatty|Delcatty, M, tera:Normal|69\/100\n|turn|34\n|\n|t:|1699679604\n|switch|p2a: Charizard|Charizard-Mega-Y, F|62\/100\n|-weather|SunnyDay|[from] ability: Drought|[of] p2a: Charizard\n|move|p1a: Delcatty|Fake Out|p2a: Charizard\n|-damage|p2a: Charizard|18\/100\n|\n|-weather|SunnyDay|[upkeep]\n|upkeep\n|turn|35\n|\n|t:|1699679611\n|move|p1a: Delcatty|Sucker Punch||[still]\n|-fail|p1a: Delcatty\n|move|p2a: Charizard|Roost|p2a: Charizard\n|-heal|p2a: Charizard|69\/100\n|-singleturn|p2a: Charizard|move: Roost\n|\n|-weather|SunnyDay|[upkeep]\n|upkeep\n|turn|36\n|\n|t:|1699679620\n|move|p2a: Charizard|Roost|p2a: Charizard\n|-heal|p2a: Charizard|100\/100\n|-singleturn|p2a: Charizard|move: Roost\n|move|p1a: Delcatty|Return|p2a: Charizard\n|-damage|p2a: Charizard|0 fnt\n|faint|p2a: Charizard\n|\n|-weather|SunnyDay|[upkeep]\n|upkeep\n|\n|t:|1699679623\n|switch|p2a: Hatterene|Hatterene, F|100\/100\n|turn|37\n|\n|t:|1699679630\n|move|p1a: Delcatty|Return|p2a: Hatterene\n|-damage|p2a: Hatterene|38\/100\n|-enditem|p2a: Hatterene|Eject Button\n|\n|t:|1699679635\n|switch|p2a: Victini|Victini|100\/100\n|\n|-weather|SunnyDay|[upkeep]\n|upkeep\n|turn|38\n|\n|t:|1699679639\n|move|p1a: Delcatty|Sucker Punch||[still]\n|-fail|p1a: Delcatty\n|-zpower|p2a: Victini\n|move|p2a: Victini|Z-Celebrate|p2a: Victini|[anim]Celebrate\n|-boost|p2a: Victini|atk|1|[zeffect]\n|-boost|p2a: Victini|def|1|[zeffect]\n|-boost|p2a: Victini|spa|1|[zeffect]\n|-boost|p2a: Victini|spd|1|[zeffect]\n|-boost|p2a: Victini|spe|1|[zeffect]\n|-activate|p2a: Victini|move: Celebrate\n|\n|-weather|none\n|upkeep\n|turn|39\n|\n|t:|1699679647\n|move|p1a: Delcatty|Sucker Punch|p2a: Victini\n|-damage|p2a: Victini|66\/100\n|move|p2a: Victini|Stored Power|p1a: Delcatty\n|-damage|p1a: Delcatty|0 fnt\n|faint|p1a: Delcatty\n|\n|win|Sprocket0835\n|raw|cb der's rating: 1191 &rarr; <strong>1168<\/strong><br \/>(-23 for losing)\n|raw|Sprocket0835's rating: 1213 &rarr; <strong>1236<\/strong><br \/>(+23 for winning)\n","uploadtime":1699679651,"views":5,"p1id":"cbder","p2id":"sprocket0835","formatid":"gen9nationaldex","rating":1168,"private":0,"password":""}