{"id":"gen9nationaldex-2000591448","p1":"6AwA9","p2":"dorkwars","format":"[Gen 9] National Dex","log":"|html|<div class=\"broadcast-blue\"><strong>[Gen 9] National Dex is currently suspecting Sneasler! For information on how to participate check out the <a href=\"https:\/\/www.smogon.com\/forums\/threads\/sv-national-dex-suspect-8-just-dance.3731534\/\">suspect thread<\/a>.<\/strong><\/div>\n|j|\u26066AwA9\n|j|\u2606dorkwars\n|t:|1701208347\n|gametype|singles\n|player|p1|6AwA9|pokekid-gen8|1319\n|player|p2|dorkwars|palmer|1295\n|teamsize|p1|6\n|teamsize|p2|6\n|gen|9\n|tier|[Gen 9] National Dex\n|rated|\n|rule|HP Percentage Mod: HP is shown in percentages\n|rule|Endless Battle Clause: Forcing endless battles is banned\n|rule|OHKO Clause: OHKO moves are banned\n|rule|Evasion Clause: Evasion abilities, items, and moves are banned\n|rule|Evasion Abilities Clause: Evasion abilities are banned\n|rule|Evasion Items Clause: Evasion items are banned\n|rule|Evasion Moves Clause: Evasion moves are banned\n|rule|Species Clause: Limit one of each Pok\u00e9mon\n|rule|Sleep Clause Mod: Limit one foe put to sleep\n|clearpoke\n|poke|p1|Dondozo, F|\n|poke|p1|Corviknight, M|\n|poke|p1|Clodsire, F|\n|poke|p1|Toxapex, M|\n|poke|p1|Blissey, F|\n|poke|p1|Sableye, M|\n|poke|p2|Scizor, M|\n|poke|p2|Iron Moth|\n|poke|p2|Landorus-Therian, M|\n|poke|p2|Rillaboom, F|\n|poke|p2|Greninja-*, M|\n|poke|p2|Alomomola, F|\n|teampreview\n|\n|t:|1701208366\n|start\n|switch|p1a: Sableye|Sableye, M, shiny|100\/100\n|switch|p2a: Landorus|Landorus-Therian, M, shiny|100\/100\n|-ability|p2a: Landorus|Intimidate|boost\n|-unboost|p1a: Sableye|atk|1\n|turn|1\n|\n|t:|1701208372\n|switch|p2a: Iron Moth|Iron Moth|100\/100\n|-enditem|p2a: Iron Moth|Booster Energy\n|-activate|p2a: Iron Moth|ability: Quark Drive|[fromitem]\n|-start|p2a: Iron Moth|quarkdrivespe\n|detailschange|p1a: Sableye|Sableye-Mega, M, shiny\n|-mega|p1a: Sableye|Sableye|Sablenite\n|move|p1a: Sableye|Will-O-Wisp|p2a: Iron Moth\n|-immune|p2a: Iron Moth\n|\n|upkeep\n|turn|2\n|\n|t:|1701208379\n|move|p2a: Iron Moth|Fire Blast|p1a: Sableye\n|-damage|p1a: Sableye|59\/100\n|-status|p1a: Sableye|brn\n|move|p1a: Sableye|Knock Off|p2a: Iron Moth\n|-damage|p2a: Iron Moth|89\/100\n|\n|-damage|p1a: Sableye|53\/100 brn|[from] brn\n|upkeep\n|turn|3\n|\n|t:|1701208384\n|move|p2a: Iron Moth|Fire Blast|p1a: Sableye\n|-damage|p1a: Sableye|8\/100 brn\n|move|p1a: Sableye|Recover|p1a: Sableye\n|-heal|p1a: Sableye|59\/100 brn\n|\n|-damage|p1a: Sableye|53\/100 brn|[from] brn\n|upkeep\n|turn|4\n|\n|t:|1701208392\n|switch|p1a: Toxapex|Toxapex, M|100\/100\n|move|p2a: Iron Moth|Fire Blast|p1a: Toxapex\n|-resisted|p1a: Toxapex\n|-damage|p1a: Toxapex|83\/100\n|\n|-heal|p1a: Toxapex|90\/100|[from] item: Black Sludge\n|upkeep\n|turn|5\n|\n|t:|1701208399\n|move|p2a: Iron Moth|Discharge|p1a: Toxapex\n|-supereffective|p1a: Toxapex\n|-damage|p1a: Toxapex|55\/100\n|move|p1a: Toxapex|Scald|p2a: Iron Moth\n|-supereffective|p2a: Iron Moth\n|-damage|p2a: Iron Moth|56\/100\n|\n|-heal|p1a: Toxapex|61\/100|[from] item: Black Sludge\n|upkeep\n|turn|6\n|\n|t:|1701208405\n|move|p2a: Iron Moth|Discharge|p1a: Toxapex\n|-supereffective|p1a: Toxapex\n|-damage|p1a: Toxapex|24\/100\n|move|p1a: Toxapex|Recover|p1a: Toxapex\n|-heal|p1a: Toxapex|74\/100\n|\n|-heal|p1a: Toxapex|80\/100|[from] item: Black Sludge\n|upkeep\n|turn|7\n|\n|t:|1701208408\n|move|p2a: Iron Moth|Discharge|p1a: Toxapex\n|-supereffective|p1a: Toxapex\n|-damage|p1a: Toxapex|46\/100\n|move|p1a: Toxapex|Scald|p2a: Iron Moth\n|-supereffective|p2a: Iron Moth\n|-damage|p2a: Iron Moth|28\/100\n|\n|-heal|p1a: Toxapex|52\/100|[from] item: Black Sludge\n|upkeep\n|turn|8\n|\n|t:|1701208412\n|move|p2a: Iron Moth|Discharge|p1a: Toxapex\n|-supereffective|p1a: Toxapex\n|-damage|p1a: Toxapex|16\/100\n|-status|p1a: Toxapex|par\n|move|p1a: Toxapex|Recover|p1a: Toxapex\n|-heal|p1a: Toxapex|66\/100 par\n|\n|-heal|p1a: Toxapex|73\/100 par|[from] item: Black Sludge\n|upkeep\n|turn|9\n|\n|t:|1701208423\n|move|p2a: Iron Moth|Discharge|p1a: Toxapex\n|-supereffective|p1a: Toxapex\n|-damage|p1a: Toxapex|37\/100 par\n|cant|p1a: Toxapex|par\n|\n|-heal|p1a: Toxapex|43\/100 par|[from] item: Black Sludge\n|upkeep\n|turn|10\n|\n|t:|1701208427\n|move|p2a: Iron Moth|Discharge|p1a: Toxapex\n|-supereffective|p1a: Toxapex\n|-damage|p1a: Toxapex|8\/100 par\n|cant|p1a: Toxapex|par\n|\n|-heal|p1a: Toxapex|15\/100 par|[from] item: Black Sludge\n|upkeep\n|turn|11\n|\n|t:|1701208430\n|move|p2a: Iron Moth|Fire Blast|p1a: Toxapex\n|-resisted|p1a: Toxapex\n|-damage|p1a: Toxapex|0 fnt\n|faint|p1a: Toxapex\n|\n|upkeep\n|\n|t:|1701208443\n|switch|p1a: Blissey|Blissey, F, shiny|100\/100\n|turn|12\n|\n|t:|1701208448\n|-end|p2a: Iron Moth|Quark Drive|[silent]\n|switch|p2a: Landorus|Landorus-Therian, M, shiny|100\/100\n|-ability|p2a: Landorus|Intimidate|boost\n|-unboost|p1a: Blissey|atk|1\n|move|p1a: Blissey|Counter||[still]\n|-fail|p1a: Blissey\n|\n|upkeep\n|turn|13\n|\n|t:|1701208454\n|switch|p1a: Sableye|Sableye-Mega, M, shiny|53\/100 brn\n|-terastallize|p2a: Landorus|Ground\n|move|p2a: Landorus|Earthquake|p1a: Sableye\n|-damage|p1a: Sableye|0 fnt\n|faint|p1a: Sableye\n|\n|upkeep\n|\n|t:|1701208458\n|switch|p1a: \u5403\u5764\u9738|Dondozo, F|100\/100\n|turn|14\n|\n|t:|1701208460\n|move|p2a: Landorus|Earthquake|p1a: \u5403\u5764\u9738\n|-damage|p1a: \u5403\u5764\u9738|44\/100\n|move|p1a: \u5403\u5764\u9738|Curse|p1a: \u5403\u5764\u9738\n|-unboost|p1a: \u5403\u5764\u9738|spe|1\n|-boost|p1a: \u5403\u5764\u9738|atk|1\n|-boost|p1a: \u5403\u5764\u9738|def|1\n|\n|upkeep\n|turn|15\n|\n|t:|1701208466\n|switch|p2a: Rillaboom|Rillaboom, F|100\/100\n|-fieldstart|move: Grassy Terrain|[from] ability: Grassy Surge|[of] p2a: Rillaboom\n|move|p1a: \u5403\u5764\u9738|Curse|p1a: \u5403\u5764\u9738\n|-unboost|p1a: \u5403\u5764\u9738|spe|1\n|-boost|p1a: \u5403\u5764\u9738|atk|1\n|-boost|p1a: \u5403\u5764\u9738|def|1\n|\n|-heal|p1a: \u5403\u5764\u9738|50\/100|[from] Grassy Terrain\n|upkeep\n|turn|16\n|\n|t:|1701208469\n|move|p2a: Rillaboom|Wood Hammer|p1a: \u5403\u5764\u9738\n|-supereffective|p1a: \u5403\u5764\u9738\n|-damage|p1a: \u5403\u5764\u9738|1\/100\n|-damage|p2a: Rillaboom|84\/100|[from] item: Rocky Helmet|[of] p1a: \u5403\u5764\u9738\n|-damage|p2a: Rillaboom|60\/100|[from] Recoil\n|move|p1a: \u5403\u5764\u9738|Rest|p1a: \u5403\u5764\u9738\n|-status|p1a: \u5403\u5764\u9738|slp|[from] move: Rest\n|-heal|p1a: \u5403\u5764\u9738|100\/100 slp|[silent]\n|\n|-heal|p2a: Rillaboom|66\/100|[from] Grassy Terrain\n|upkeep\n|turn|17\n|\n|t:|1701208473\n|move|p2a: Rillaboom|Wood Hammer|p1a: \u5403\u5764\u9738\n|-supereffective|p1a: \u5403\u5764\u9738\n|-damage|p1a: \u5403\u5764\u9738|55\/100 slp\n|-damage|p2a: Rillaboom|50\/100|[from] item: Rocky Helmet|[of] p1a: \u5403\u5764\u9738\n|-damage|p2a: Rillaboom|28\/100|[from] Recoil\n|cant|p1a: \u5403\u5764\u9738|slp\n|\n|-heal|p2a: Rillaboom|34\/100|[from] Grassy Terrain\n|-heal|p1a: \u5403\u5764\u9738|61\/100 slp|[from] Grassy Terrain\n|upkeep\n|turn|18\n|\n|t:|1701208479\n|move|p2a: Rillaboom|Wood Hammer|p1a: \u5403\u5764\u9738\n|-supereffective|p1a: \u5403\u5764\u9738\n|-damage|p1a: \u5403\u5764\u9738|18\/100 slp\n|-damage|p2a: Rillaboom|18\/100|[from] item: Rocky Helmet|[of] p1a: \u5403\u5764\u9738\n|-damage|p2a: Rillaboom|0 fnt|[from] Recoil\n|faint|p2a: Rillaboom\n|cant|p1a: \u5403\u5764\u9738|slp\n|\n|-heal|p1a: \u5403\u5764\u9738|24\/100 slp|[from] Grassy Terrain\n|upkeep\n|\n|t:|1701208482\n|switch|p2a: Greninja|Greninja, M|100\/100\n|turn|19\n|\n|t:|1701208485\n|move|p2a: Greninja|Dark Pulse|p1a: \u5403\u5764\u9738\n|-damage|p1a: \u5403\u5764\u9738|0 fnt\n|faint|p1a: \u5403\u5764\u9738\n|-ability|p2a: Greninja|Battle Bond|boost\n|-boost|p2a: Greninja|atk|1\n|-boost|p2a: Greninja|spa|1\n|-boost|p2a: Greninja|spe|1\n|-activate|p2a: Greninja|ability: Battle Bond\n|\n|-fieldend|move: Grassy Terrain\n|upkeep\n|\n|t:|1701208498\n|switch|p1a: Clodsire|Clodsire, F|100\/100\n|turn|20\n|\n|t:|1701208501\n|move|p2a: Greninja|Dark Pulse|p1a: Clodsire\n|-damage|p1a: Clodsire|62\/100\n|move|p1a: Clodsire|Amnesia|p1a: Clodsire\n|-boost|p1a: Clodsire|spd|2\n|\n|upkeep\n|turn|21\n|\n|t:|1701208509\n|switch|p2a: Landorus|Landorus-Therian, M, shiny, tera:Ground|100\/100\n|-ability|p2a: Landorus|Intimidate|boost\n|-unboost|p1a: Clodsire|atk|1\n|move|p1a: Clodsire|Poison Jab|p2a: Landorus\n|-resisted|p2a: Landorus\n|-damage|p2a: Landorus|92\/100\n|\n|upkeep\n|turn|22\n|\n|t:|1701208514\n|switch|p1a: Corviknight|Corviknight, M|100\/100\n|move|p2a: Landorus|Earthquake|p1a: Corviknight\n|-immune|p1a: Corviknight\n|\n|upkeep\n|turn|23\n|\n|t:|1701208517\n|switch|p2a: Greninja|Greninja, M|100\/100\n|move|p1a: Corviknight|Bulk Up|p1a: Corviknight\n|-boost|p1a: Corviknight|atk|1\n|-boost|p1a: Corviknight|def|1\n|\n|upkeep\n|turn|24\n|\n|t:|1701208521\n|move|p2a: Greninja|Hydro Pump|p1a: Corviknight\n|-damage|p1a: Corviknight|46\/100\n|move|p1a: Corviknight|Bulk Up|p1a: Corviknight\n|-boost|p1a: Corviknight|atk|1\n|-boost|p1a: Corviknight|def|1\n|\n|upkeep\n|turn|25\n|\n|t:|1701208525\n|move|p2a: Greninja|Hydro Pump|p1a: Corviknight\n|-crit|p1a: Corviknight\n|-damage|p1a: Corviknight|0 fnt\n|faint|p1a: Corviknight\n|\n|upkeep\n|\n|t:|1701208529\n|switch|p1a: Clodsire|Clodsire, F|62\/100\n|turn|26\n|\n|t:|1701208532\n|switch|p2a: Landorus|Landorus-Therian, M, shiny, tera:Ground|92\/100\n|-ability|p2a: Landorus|Intimidate|boost\n|-unboost|p1a: Clodsire|atk|1\n|move|p1a: Clodsire|Earthquake|p2a: Landorus\n|-damage|p2a: Landorus|69\/100\n|\n|upkeep\n|turn|27\n|c|\u2606dorkwars|ggs\n|\n|t:|1701208537\n|move|p2a: Landorus|Earthquake|p1a: Clodsire\n|-supereffective|p1a: Clodsire\n|-damage|p1a: Clodsire|0 fnt\n|faint|p1a: Clodsire\n|\n|upkeep\n|\n|t:|1701208539\n|switch|p1a: Blissey|Blissey, F, shiny|100\/100\n|turn|28\n|\n|t:|1701208546\n|-terastallize|p1a: Blissey|Ghost\n|move|p2a: Landorus|Earthquake|p1a: Blissey\n|-damage|p1a: Blissey|1\/100\n|move|p1a: Blissey|Counter|p2a: Landorus\n|-damage|p2a: Landorus|0 fnt\n|faint|p2a: Landorus\n|\n|-heal|p1a: Blissey|7\/100|[from] item: Leftovers\n|upkeep\n|\n|t:|1701208549\n|switch|p2a: Scizor|Scizor, M|100\/100\n|turn|29\n|\n|t:|1701208553\n|detailschange|p2a: Scizor|Scizor-Mega, M\n|-mega|p2a: Scizor|Scizor|Scizorite\n|move|p1a: Blissey|Protect|p1a: Blissey\n|-singleturn|p1a: Blissey|Protect\n|move|p2a: Scizor|Bullet Punch|p1a: Blissey\n|-activate|p1a: Blissey|move: Protect\n|\n|-heal|p1a: Blissey|13\/100|[from] item: Leftovers\n|upkeep\n|turn|30\n|\n|t:|1701208559\n|move|p2a: Scizor|Bullet Punch|p1a: Blissey\n|-damage|p1a: Blissey|0 fnt\n|faint|p1a: Blissey\n|\n|win|dorkwars\n|raw|6AwA9's rating: 1319 &rarr; <strong>1298<\/strong><br \/>(-21 for losing)\n|raw|dorkwars's rating: 1295 &rarr; <strong>1322<\/strong><br \/>(+27 for winning)\n|l|\u26066AwA9\n","uploadtime":1701208571,"views":0,"p1id":"6awa9","p2id":"dorkwars","formatid":"gen9nationaldex","rating":1298,"private":0,"password":""}