{"id":"gen9nationaldex-1995295255","p1":"yanami-sleep","p2":"tensaiindustries","format":"[Gen 9] National Dex","log":"|html|<div class=\"broadcast-blue\"><strong>[Gen 9] National Dex is currently suspecting Sneasler! For information on how to participate check out the <a href=\"https:\/\/www.smogon.com\/forums\/threads\/sv-national-dex-suspect-8-just-dance.3731534\/\">suspect thread<\/a>.<\/strong><\/div>\n|j|\u2606yanami-sleep\n|j|\u2606tensaiindustries\n|t:|1700548646\n|gametype|singles\n|player|p1|yanami-sleep|dawn-masters3|1583\n|player|p2|tensaiindustries|lance|1672\n|teamsize|p1|6\n|teamsize|p2|6\n|gen|9\n|tier|[Gen 9] National Dex\n|rated|\n|rule|HP Percentage Mod: HP is shown in percentages\n|rule|Endless Battle Clause: Forcing endless battles is banned\n|rule|OHKO Clause: OHKO moves are banned\n|rule|Evasion Clause: Evasion abilities, items, and moves are banned\n|rule|Evasion Abilities Clause: Evasion abilities are banned\n|rule|Evasion Items Clause: Evasion items are banned\n|rule|Evasion Moves Clause: Evasion moves are banned\n|rule|Species Clause: Limit one of each Pok\u00e9mon\n|rule|Sleep Clause Mod: Limit one foe put to sleep\n|clearpoke\n|poke|p1|Tapu Koko|\n|poke|p1|Ditto|\n|poke|p1|Great Tusk|\n|poke|p1|Rillaboom, M|\n|poke|p1|Toxapex, F|\n|poke|p1|Latias, F|\n|poke|p2|Dragonite, F|\n|poke|p2|Chandelure, F|\n|poke|p2|Cresselia, F|\n|poke|p2|Ceruledge, M|\n|poke|p2|Landorus-Therian, M|\n|poke|p2|Rotom-Wash|\n|teampreview\n|inactive|Battle timer is ON: inactive players will automatically lose when time's up. (requested by yanami-sleep)\n|\n|t:|1700548669\n|start\n|switch|p1a: Great Tusk|Great Tusk|100\/100\n|switch|p2a: Rotom|Rotom-Wash|100\/100\n|turn|1\n|\n|t:|1700548674\n|-end|p1a: Great Tusk|Protosynthesis|[silent]\n|switch|p1a: Toxapex|Toxapex, F|100\/100\n|move|p2a: Rotom|Will-O-Wisp|p1a: Toxapex\n|-status|p1a: Toxapex|brn\n|\n|-damage|p1a: Toxapex|95\/100 brn|[from] brn\n|upkeep\n|turn|2\n|\n|t:|1700548681\n|switch|p2a: Landorus|Landorus-Therian, M|100\/100\n|-ability|p2a: Landorus|Intimidate|boost\n|-unboost|p1a: Toxapex|atk|1\n|move|p1a: Toxapex|Toxic|p2a: Landorus\n|-status|p2a: Landorus|tox\n|\n|-damage|p2a: Landorus|94\/100 tox|[from] psn\n|-damage|p1a: Toxapex|89\/100 brn|[from] brn\n|upkeep\n|turn|3\n|\n|t:|1700548685\n|switch|p1a: Great Tusk|Great Tusk|100\/100\n|move|p2a: Landorus|U-turn|p1a: Great Tusk\n|-resisted|p1a: Great Tusk\n|-damage|p1a: Great Tusk|94\/100\n|\n|t:|1700548703\n|switch|p2a: Cresselia|Cresselia, F|100\/100|[from] U-turn\n|\n|-heal|p1a: Great Tusk|99\/100|[from] item: Leftovers\n|upkeep\n|turn|4\n|\n|t:|1700548708\n|-end|p1a: Great Tusk|Protosynthesis|[silent]\n|switch|p1a: Rillaboom|Rillaboom, M|100\/100\n|-fieldstart|move: Grassy Terrain|[from] ability: Grassy Surge|[of] p1a: Rillaboom\n|move|p2a: Cresselia|Calm Mind|p2a: Cresselia\n|-boost|p2a: Cresselia|spa|1\n|-boost|p2a: Cresselia|spd|1\n|\n|upkeep\n|turn|5\n|\n|t:|1700548716\n|-terastallize|p1a: Rillaboom|Grass\n|move|p1a: Rillaboom|Wood Hammer|p2a: Cresselia\n|-damage|p2a: Cresselia|0 fnt\n|faint|p2a: Cresselia\n|-damage|p1a: Rillaboom|58\/100|[from] Recoil\n|\n|-heal|p1a: Rillaboom|64\/100|[from] Grassy Terrain\n|upkeep\n|\n|t:|1700548725\n|switch|p2a: Dragonite|Dragonite, F|100\/100\n|turn|6\n|\n|t:|1700548728\n|switch|p1a: Great Tusk|Great Tusk|99\/100\n|move|p2a: Dragonite|Curse|p2a: Dragonite\n|-unboost|p2a: Dragonite|spe|1\n|-boost|p2a: Dragonite|atk|1\n|-boost|p2a: Dragonite|def|1\n|\n|-heal|p1a: Great Tusk|100\/100|[from] Grassy Terrain\n|upkeep\n|turn|7\n|\n|t:|1700548733\n|move|p1a: Great Tusk|Ice Spinner|p2a: Dragonite\n|-supereffective|p2a: Dragonite\n|-damage|p2a: Dragonite|67\/100\n|-fieldend|move: Grassy Terrain\n|move|p2a: Dragonite|Curse|p2a: Dragonite\n|-unboost|p2a: Dragonite|spe|1\n|-boost|p2a: Dragonite|atk|1\n|-boost|p2a: Dragonite|def|1\n|\n|-heal|p2a: Dragonite|74\/100|[from] item: Leftovers\n|upkeep\n|turn|8\n|\n|t:|1700548742\n|move|p1a: Great Tusk|Ice Spinner|p2a: Dragonite\n|-supereffective|p2a: Dragonite\n|-damage|p2a: Dragonite|23\/100\n|move|p2a: Dragonite|Roost|p2a: Dragonite\n|-heal|p2a: Dragonite|73\/100\n|-singleturn|p2a: Dragonite|move: Roost\n|\n|-heal|p2a: Dragonite|79\/100|[from] item: Leftovers\n|upkeep\n|turn|9\n|\n|t:|1700548746\n|move|p1a: Great Tusk|Ice Spinner|p2a: Dragonite\n|-supereffective|p2a: Dragonite\n|-damage|p2a: Dragonite|26\/100\n|move|p2a: Dragonite|Roost|p2a: Dragonite\n|-heal|p2a: Dragonite|76\/100\n|-singleturn|p2a: Dragonite|move: Roost\n|\n|-heal|p2a: Dragonite|82\/100|[from] item: Leftovers\n|upkeep\n|turn|10\n|\n|t:|1700548750\n|move|p1a: Great Tusk|Ice Spinner|p2a: Dragonite\n|-supereffective|p2a: Dragonite\n|-damage|p2a: Dragonite|27\/100\n|move|p2a: Dragonite|Roost|p2a: Dragonite\n|-heal|p2a: Dragonite|77\/100\n|-singleturn|p2a: Dragonite|move: Roost\n|\n|-heal|p2a: Dragonite|84\/100|[from] item: Leftovers\n|upkeep\n|turn|11\n|\n|t:|1700548756\n|move|p1a: Great Tusk|Ice Spinner|p2a: Dragonite\n|-supereffective|p2a: Dragonite\n|-damage|p2a: Dragonite|34\/100\n|move|p2a: Dragonite|Roost|p2a: Dragonite\n|-heal|p2a: Dragonite|84\/100\n|-singleturn|p2a: Dragonite|move: Roost\n|\n|-heal|p2a: Dragonite|90\/100|[from] item: Leftovers\n|upkeep\n|turn|12\n|\n|t:|1700548761\n|move|p1a: Great Tusk|Ice Spinner|p2a: Dragonite\n|-supereffective|p2a: Dragonite\n|-damage|p2a: Dragonite|36\/100\n|move|p2a: Dragonite|Ice Spinner|p1a: Great Tusk\n|-supereffective|p1a: Great Tusk\n|-damage|p1a: Great Tusk|22\/100\n|\n|-heal|p1a: Great Tusk|29\/100|[from] item: Leftovers\n|-heal|p2a: Dragonite|42\/100|[from] item: Leftovers\n|upkeep\n|turn|13\n|\n|t:|1700548768\n|move|p2a: Dragonite|Extreme Speed|p1a: Great Tusk\n|-damage|p1a: Great Tusk|0 fnt\n|faint|p1a: Great Tusk\n|-end|p1a: Great Tusk|Protosynthesis|[silent]\n|\n|-heal|p2a: Dragonite|49\/100|[from] item: Leftovers\n|upkeep\n|\n|t:|1700548776\n|switch|p1a: Latias|Latias, F|100\/100\n|turn|14\n|\n|t:|1700548783\n|switch|p2a: Rotom|Rotom-Wash|100\/100\n|detailschange|p1a: Latias|Latias-Mega, F\n|-mega|p1a: Latias|Latias|Latiasite\n|move|p1a: Latias|Draco Meteor|p2a: Rotom\n|-damage|p2a: Rotom|14\/100\n|-unboost|p1a: Latias|spa|2\n|\n|upkeep\n|turn|15\n|\n|t:|1700548787\n|move|p2a: Rotom|Volt Switch|p1a: Latias\n|-resisted|p1a: Latias\n|-damage|p1a: Latias|90\/100\n|\n|t:|1700548791\n|switch|p2a: Landorus|Landorus-Therian, M|94\/100 tox|[from] Volt Switch\n|-ability|p2a: Landorus|Intimidate|boost\n|-unboost|p1a: Latias|atk|1\n|move|p1a: Latias|Draco Meteor|p2a: Landorus\n|-damage|p2a: Landorus|52\/100 tox\n|-unboost|p1a: Latias|spa|2\n|\n|-damage|p2a: Landorus|46\/100 tox|[from] psn\n|upkeep\n|turn|16\n|\n|t:|1700548805\n|switch|p1a: Ditto|Ditto|100\/100\n|-transform|p1a: Ditto|p2a: Landorus|[from] ability: Imposter\n|-ability|p1a: Ditto|Intimidate|boost\n|-unboost|p2a: Landorus|atk|1\n|move|p2a: Landorus|U-turn|p1a: Ditto\n|-resisted|p1a: Ditto\n|-damage|p1a: Ditto|93\/100\n|\n|t:|1700548824\n|switch|p2a: Chandelure|Chandelure, F|100\/100|[from] U-turn\n|\n|upkeep\n|turn|17\n|\n|t:|1700548833\n|move|p2a: Chandelure|Shadow Ball|p1a: Ditto\n|-damage|p1a: Ditto|24\/100\n|move|p1a: Ditto|U-turn|p2a: Chandelure\n|-resisted|p2a: Chandelure\n|-damage|p2a: Chandelure|92\/100\n|\n|t:|1700548839\n|switch|p1a: Tapu Koko|Tapu Koko|100\/100|[from] U-turn\n|-fieldstart|move: Electric Terrain|[from] ability: Electric Surge|[of] p1a: Tapu Koko\n|\n|upkeep\n|turn|18\n|\n|t:|1700548845\n|move|p1a: Tapu Koko|Thunderbolt|p2a: Chandelure\n|-damage|p2a: Chandelure|23\/100\n|move|p2a: Chandelure|Shadow Ball|p1a: Tapu Koko\n|-damage|p1a: Tapu Koko|18\/100\n|\n|upkeep\n|turn|19\n|\n|t:|1700548851\n|switch|p1a: Toxapex|Toxapex, F|100\/100 brn\n|switch|p2a: Landorus|Landorus-Therian, M|46\/100 tox\n|-ability|p2a: Landorus|Intimidate|boost\n|-unboost|p1a: Toxapex|atk|1\n|\n|-damage|p2a: Landorus|40\/100 tox|[from] psn\n|-damage|p1a: Toxapex|95\/100 brn|[from] brn\n|upkeep\n|turn|20\n|\n|t:|1700548856\n|switch|p1a: Latias|Latias-Mega, F|90\/100\n|move|p2a: Landorus|U-turn|p1a: Latias\n|-supereffective|p1a: Latias\n|-damage|p1a: Latias|49\/100\n|\n|t:|1700548860\n|switch|p2a: Chandelure|Chandelure, F|23\/100|[from] U-turn\n|\n|upkeep\n|turn|21\n|\n|t:|1700548865\n|switch|p1a: Toxapex|Toxapex, F|100\/100 brn\n|move|p2a: Chandelure|Shadow Ball|p1a: Toxapex\n|-damage|p1a: Toxapex|62\/100 brn\n|\n|-damage|p1a: Toxapex|56\/100 brn|[from] brn\n|-fieldend|move: Electric Terrain\n|upkeep\n|turn|22\n|\n|t:|1700548870\n|move|p2a: Chandelure|Shadow Ball|p1a: Toxapex\n|-damage|p1a: Toxapex|19\/100 brn\n|-unboost|p1a: Toxapex|spd|1\n|move|p1a: Toxapex|Scald|p2a: Chandelure\n|-supereffective|p2a: Chandelure\n|-damage|p2a: Chandelure|0 fnt\n|faint|p2a: Chandelure\n|\n|-damage|p1a: Toxapex|13\/100 brn|[from] brn\n|upkeep\n|\n|t:|1700548877\n|switch|p2a: Rotom|Rotom-Wash|14\/100\n|turn|23\n|\n|t:|1700548881\n|switch|p1a: Latias|Latias-Mega, F|49\/100\n|move|p2a: Rotom|Volt Switch|p1a: Latias\n|-resisted|p1a: Latias\n|-damage|p1a: Latias|38\/100\n|\n|t:|1700548893\n|switch|p2a: Ceruledge|Ceruledge, M|100\/100|[from] Volt Switch\n|\n|upkeep\n|turn|24\n|\n|t:|1700548900\n|move|p1a: Latias|Draco Meteor|p2a: Ceruledge\n|-damage|p2a: Ceruledge|13\/100\n|-unboost|p1a: Latias|spa|2\n|move|p2a: Ceruledge|Poltergeist|p1a: Latias\n|-activate|p1a: Latias|move: Poltergeist|Latiasite\n|-supereffective|p1a: Latias\n|-damage|p1a: Latias|0 fnt\n|faint|p1a: Latias\n|\n|upkeep\n|\n|t:|1700548904\n|switch|p1a: Ditto|Ditto|24\/100\n|-transform|p1a: Ditto|p2a: Ceruledge|[from] ability: Imposter\n|turn|25\n|\n|t:|1700548909\n|switch|p2a: Landorus|Landorus-Therian, M|40\/100 tox\n|-ability|p2a: Landorus|Intimidate|boost\n|-unboost|p1a: Ditto|atk|1\n|move|p1a: Ditto|Poltergeist|p2a: Landorus\n|-activate|p2a: Landorus|move: Poltergeist|Rocky Helmet\n|-damage|p2a: Landorus|12\/100 tox\n|\n|-damage|p2a: Landorus|6\/100 tox|[from] psn\n|upkeep\n|turn|26\n|\n|t:|1700548921\n|switch|p1a: Toxapex|Toxapex, F|46\/100 brn\n|move|p2a: Landorus|Toxic||[still]\n|-fail|p2a: Landorus\n|\n|-damage|p2a: Landorus|0 fnt|[from] psn\n|faint|p2a: Landorus\n|-damage|p1a: Toxapex|40\/100 brn|[from] brn\n|upkeep\n|\n|t:|1700548926\n|switch|p2a: Dragonite|Dragonite, F|49\/100\n|turn|27\n|\n|t:|1700548928\n|move|p2a: Dragonite|Roost|p2a: Dragonite\n|-heal|p2a: Dragonite|99\/100\n|-singleturn|p2a: Dragonite|move: Roost\n|move|p1a: Toxapex|Toxic|p2a: Dragonite\n|-status|p2a: Dragonite|tox\n|\n|-heal|p2a: Dragonite|100\/100 tox|[from] item: Leftovers\n|-damage|p2a: Dragonite|94\/100 tox|[from] psn\n|-damage|p1a: Toxapex|34\/100 brn|[from] brn\n|upkeep\n|turn|28\n|\n|t:|1700548931\n|move|p2a: Dragonite|Curse|p2a: Dragonite\n|-unboost|p2a: Dragonite|spe|1\n|-boost|p2a: Dragonite|atk|1\n|-boost|p2a: Dragonite|def|1\n|move|p1a: Toxapex|Recover|p1a: Toxapex\n|-heal|p1a: Toxapex|84\/100 brn\n|\n|-heal|p2a: Dragonite|100\/100 tox|[from] item: Leftovers\n|-damage|p2a: Dragonite|88\/100 tox|[from] psn\n|-damage|p1a: Toxapex|78\/100 brn|[from] brn\n|upkeep\n|turn|29\n|\n|t:|1700548934\n|move|p2a: Dragonite|Curse|p2a: Dragonite\n|-unboost|p2a: Dragonite|spe|1\n|-boost|p2a: Dragonite|atk|1\n|-boost|p2a: Dragonite|def|1\n|move|p1a: Toxapex|Haze|p1a: Toxapex\n|-clearallboost\n|\n|-heal|p2a: Dragonite|94\/100 tox|[from] item: Leftovers\n|-damage|p2a: Dragonite|76\/100 tox|[from] psn\n|-damage|p1a: Toxapex|72\/100 brn|[from] brn\n|upkeep\n|turn|30\n|\n|t:|1700548937\n|switch|p2a: Rotom|Rotom-Wash|14\/100\n|move|p1a: Toxapex|Recover|p1a: Toxapex\n|-heal|p1a: Toxapex|100\/100 brn\n|\n|-damage|p1a: Toxapex|95\/100 brn|[from] brn\n|upkeep\n|turn|31\n|\n|t:|1700548943\n|switch|p1a: Rillaboom|Rillaboom, M, tera:Grass|64\/100\n|-fieldstart|move: Grassy Terrain|[from] ability: Grassy Surge|[of] p1a: Rillaboom\n|move|p2a: Rotom|Trick|p1a: Rillaboom\n|-activate|p2a: Rotom|move: Trick|[of] p1a: Rillaboom\n|-item|p1a: Rillaboom|Choice Scarf|[from] move: Trick\n|-item|p2a: Rotom|Choice Band|[from] move: Trick\n|\n|-heal|p1a: Rillaboom|70\/100|[from] Grassy Terrain\n|upkeep\n|turn|32\n|\n|t:|1700548947\n|move|p1a: Rillaboom|Grassy Glide|p2a: Rotom\n|-supereffective|p2a: Rotom\n|-damage|p2a: Rotom|0 fnt\n|faint|p2a: Rotom\n|\n|-heal|p1a: Rillaboom|76\/100|[from] Grassy Terrain\n|upkeep\n|\n|t:|1700548950\n|switch|p2a: Dragonite|Dragonite, F|76\/100 tox\n|turn|33\n|\n|t:|1700548954\n|switch|p1a: Toxapex|Toxapex, F|100\/100 brn\n|move|p2a: Dragonite|Curse|p2a: Dragonite\n|-unboost|p2a: Dragonite|spe|1\n|-boost|p2a: Dragonite|atk|1\n|-boost|p2a: Dragonite|def|1\n|\n|-heal|p2a: Dragonite|82\/100 tox|[from] item: Leftovers\n|-damage|p2a: Dragonite|76\/100 tox|[from] psn\n|-damage|p1a: Toxapex|95\/100 brn|[from] brn\n|upkeep\n|turn|34\n|\n|t:|1700548957\n|-terastallize|p2a: Dragonite|Normal\n|move|p2a: Dragonite|Extreme Speed|p1a: Toxapex\n|-damage|p1a: Toxapex|51\/100 brn\n|-damage|p2a: Dragonite|59\/100 tox|[from] item: Rocky Helmet|[of] p1a: Toxapex\n|move|p1a: Toxapex|Haze|p1a: Toxapex\n|-clearallboost\n|\n|-heal|p2a: Dragonite|65\/100 tox|[from] Grassy Terrain\n|-heal|p2a: Dragonite|71\/100 tox|[from] item: Leftovers\n|-heal|p1a: Toxapex|57\/100 brn|[from] Grassy Terrain\n|-damage|p2a: Dragonite|59\/100 tox|[from] psn\n|-damage|p1a: Toxapex|51\/100 brn|[from] brn\n|upkeep\n|turn|35\n|\n|t:|1700548964\n|switch|p2a: Ceruledge|Ceruledge, M|13\/100\n|move|p1a: Toxapex|Recover|p1a: Toxapex\n|-heal|p1a: Toxapex|100\/100 brn\n|\n|-heal|p2a: Ceruledge|19\/100|[from] Grassy Terrain\n|-damage|p1a: Toxapex|95\/100 brn|[from] brn\n|-fieldend|move: Grassy Terrain\n|upkeep\n|turn|36\n|\n|t:|1700548971\n|move|p2a: Ceruledge|Poltergeist|p1a: Toxapex\n|-activate|p1a: Toxapex|move: Poltergeist|Rocky Helmet\n|-damage|p1a: Toxapex|62\/100 brn\n|move|p1a: Toxapex|Scald|p2a: Ceruledge\n|-supereffective|p2a: Ceruledge\n|-damage|p2a: Ceruledge|0 fnt\n|faint|p2a: Ceruledge\n|\n|-damage|p1a: Toxapex|56\/100 brn|[from] brn\n|upkeep\n|\n|t:|1700548975\n|switch|p2a: Dragonite|Dragonite, F, tera:Normal|59\/100 tox\n|turn|37\n|\n|t:|1700548976\n|move|p2a: Dragonite|Extreme Speed|p1a: Toxapex\n|-damage|p1a: Toxapex|27\/100 brn\n|-damage|p2a: Dragonite|42\/100 tox|[from] item: Rocky Helmet|[of] p1a: Toxapex\n|move|p1a: Toxapex|Recover|p1a: Toxapex\n|-heal|p1a: Toxapex|77\/100 brn\n|\n|-heal|p2a: Dragonite|49\/100 tox|[from] item: Leftovers\n|-damage|p2a: Dragonite|42\/100 tox|[from] psn\n|-damage|p1a: Toxapex|71\/100 brn|[from] brn\n|upkeep\n|turn|38\n|\n|t:|1700548980\n|move|p2a: Dragonite|Roost|p2a: Dragonite\n|-heal|p2a: Dragonite|92\/100 tox\n|move|p1a: Toxapex|Recover|p1a: Toxapex\n|-heal|p1a: Toxapex|100\/100 brn\n|\n|-heal|p2a: Dragonite|99\/100 tox|[from] item: Leftovers\n|-damage|p2a: Dragonite|86\/100 tox|[from] psn\n|-damage|p1a: Toxapex|95\/100 brn|[from] brn\n|upkeep\n|turn|39\n|-message|tensaiindustries forfeited.\n|\n|win|yanami-sleep\n|raw|yanami-sleep's rating: 1583 &rarr; <strong>1608<\/strong><br \/>(+25 for winning)\n|raw|tensaiindustries's rating: 1672 &rarr; <strong>1647<\/strong><br \/>(-25 for losing)\n|l|\u2606tensaiindustries\n","uploadtime":1700548989,"views":1,"p1id":"yanamisleep","p2id":"tensaiindustries","formatid":"gen9nationaldex","rating":1608,"private":0,"password":""}