{"id":"gen9nationaldex-1998880096","p1":"XxProxX20","p2":"longyugigt","format":"[Gen 9] National Dex","log":"|html|<div class=\"broadcast-blue\"><strong>[Gen 9] National Dex is currently suspecting Sneasler! For information on how to participate check out the <a href=\"https:\/\/www.smogon.com\/forums\/threads\/sv-national-dex-suspect-8-just-dance.3731534\/\">suspect thread<\/a>.<\/strong><\/div>\n|j|\u2606XxProxX20\n|j|\u2606longyugigt\n|t:|1701007724\n|gametype|singles\n|player|p1|XxProxX20|ltsurge|1266\n|player|p2|longyugigt|riley|1357\n|teamsize|p1|6\n|teamsize|p2|6\n|gen|9\n|tier|[Gen 9] National Dex\n|rated|\n|rule|HP Percentage Mod: HP is shown in percentages\n|rule|Endless Battle Clause: Forcing endless battles is banned\n|rule|OHKO Clause: OHKO moves are banned\n|rule|Evasion Clause: Evasion abilities, items, and moves are banned\n|rule|Evasion Abilities Clause: Evasion abilities are banned\n|rule|Evasion Items Clause: Evasion items are banned\n|rule|Evasion Moves Clause: Evasion moves are banned\n|rule|Species Clause: Limit one of each Pok\u00e9mon\n|rule|Sleep Clause Mod: Limit one foe put to sleep\n|clearpoke\n|poke|p1|Forretress, M|\n|poke|p1|Blissey, F|\n|poke|p1|Great Tusk|\n|poke|p1|Tapu Lele|\n|poke|p1|Gyarados, M|\n|poke|p1|Thundurus-Therian, M|\n|poke|p2|Gyarados, M|\n|poke|p2|Alomomola, F|\n|poke|p2|Salamence, M|\n|poke|p2|Iron Treads|\n|poke|p2|Iron Valiant|\n|poke|p2|Chansey, F|\n|teampreview\n|inactive|Battle timer is ON: inactive players will automatically lose when time's up. (requested by longyugigt)\n|\n|t:|1701007743\n|start\n|switch|p1a: Tapu Lele|Tapu Lele|100\/100\n|switch|p2a: Salamence|Salamence, M|100\/100\n|-fieldstart|move: Psychic Terrain|[from] ability: Psychic Surge|[of] p1a: Tapu Lele\n|turn|1\n|\n|t:|1701007754\n|switch|p2a: Chansey|Chansey, F|100\/100\n|move|p1a: Tapu Lele|Moonblast|p2a: Chansey\n|-damage|p2a: Chansey|86\/100\n|-unboost|p2a: Chansey|spa|1\n|\n|upkeep\n|turn|2\n|\n|t:|1701007762\n|switch|p1a: Blissey|Blissey, F|100\/100\n|move|p2a: Chansey|Stealth Rock|p1a: Blissey\n|-sidestart|p1: XxProxX20|move: Stealth Rock\n|\n|upkeep\n|turn|3\n|\n|t:|1701007767\n|move|p1a: Blissey|Thunder Wave|p2a: Chansey|[miss]\n|-miss|p1a: Blissey|p2a: Chansey\n|move|p2a: Chansey|Teleport|p2a: Chansey\n|\n|t:|1701007778\n|switch|p2a: Iron Valiant|Iron Valiant|100\/100|[from] Teleport\n|\n|upkeep\n|turn|4\n|\n|t:|1701007793\n|switch|p1a: Forretress|Forretress, M|100\/100\n|-damage|p1a: Forretress|88\/100|[from] Stealth Rock\n|move|p2a: Iron Valiant|Close Combat|p1a: Forretress\n|-crit|p1a: Forretress\n|-damage|p1a: Forretress|47\/100\n|-unboost|p2a: Iron Valiant|def|1\n|-unboost|p2a: Iron Valiant|spd|1\n|\n|-heal|p1a: Forretress|53\/100|[from] item: Leftovers\n|upkeep\n|turn|5\n|\n|t:|1701007803\n|-end|p2a: Iron Valiant|Quark Drive|[silent]\n|switch|p2a: Iron Treads|Iron Treads|100\/100\n|move|p1a: Forretress|Stealth Rock|p2a: Iron Treads\n|-sidestart|p2: longyugigt|move: Stealth Rock\n|\n|-heal|p1a: Forretress|60\/100|[from] item: Leftovers\n|-fieldend|move: Psychic Terrain\n|upkeep\n|turn|6\n|\n|t:|1701007812\n|move|p2a: Iron Treads|Rapid Spin|p1a: Forretress\n|-resisted|p1a: Forretress\n|-damage|p1a: Forretress|56\/100\n|-boost|p2a: Iron Treads|spe|1\n|-sideend|p2: longyugigt|Stealth Rock|[from] move: Rapid Spin|[of] p2a: Iron Treads\n|move|p1a: Forretress|Rapid Spin|p2a: Iron Treads\n|-resisted|p2a: Iron Treads\n|-damage|p2a: Iron Treads|97\/100\n|-boost|p1a: Forretress|spe|1\n|-sideend|p1: XxProxX20|Stealth Rock|[from] move: Rapid Spin|[of] p1a: Forretress\n|\n|-heal|p2a: Iron Treads|100\/100|[from] item: Leftovers\n|-heal|p1a: Forretress|63\/100|[from] item: Leftovers\n|upkeep\n|turn|7\n|\n|t:|1701007823\n|move|p2a: Iron Treads|Earthquake|p1a: Forretress\n|-damage|p1a: Forretress|41\/100\n|move|p1a: Forretress|Stealth Rock|p2a: Iron Treads\n|-sidestart|p2: longyugigt|move: Stealth Rock\n|\n|-heal|p1a: Forretress|48\/100|[from] item: Leftovers\n|upkeep\n|turn|8\n|\n|t:|1701007829\n|move|p2a: Iron Treads|Rapid Spin|p1a: Forretress\n|-resisted|p1a: Forretress\n|-crit|p1a: Forretress\n|-damage|p1a: Forretress|42\/100\n|-boost|p2a: Iron Treads|spe|1\n|-sideend|p2: longyugigt|Stealth Rock|[from] move: Rapid Spin|[of] p2a: Iron Treads\n|move|p1a: Forretress|Stealth Rock|p2a: Iron Treads\n|-sidestart|p2: longyugigt|move: Stealth Rock\n|\n|-heal|p1a: Forretress|49\/100|[from] item: Leftovers\n|upkeep\n|turn|9\n|\n|t:|1701007836\n|move|p2a: Iron Treads|Earthquake|p1a: Forretress\n|-damage|p1a: Forretress|26\/100\n|move|p1a: Forretress|Explosion|p2a: Iron Treads\n|-resisted|p2a: Iron Treads\n|-damage|p2a: Iron Treads|85\/100\n|faint|p1a: Forretress\n|\n|-heal|p2a: Iron Treads|91\/100|[from] item: Leftovers\n|upkeep\n|inactive|XxProxX20 has 120 seconds left.\n|\n|t:|1701007869\n|switch|p1a: Gyarados|Gyarados, M|100\/100\n|turn|10\n|\n|t:|1701007875\n|move|p2a: Iron Treads|Rapid Spin|p1a: Gyarados\n|-damage|p1a: Gyarados|85\/100\n|-boost|p2a: Iron Treads|spe|1\n|-sideend|p2: longyugigt|Stealth Rock|[from] move: Rapid Spin|[of] p2a: Iron Treads\n|move|p1a: Gyarados|Dragon Dance|p1a: Gyarados\n|-boost|p1a: Gyarados|atk|1\n|-boost|p1a: Gyarados|spe|1\n|\n|-heal|p2a: Iron Treads|97\/100|[from] item: Leftovers\n|upkeep\n|turn|11\n|\n|t:|1701007883\n|move|p2a: Iron Treads|Volt Switch|p1a: Gyarados\n|-supereffective|p1a: Gyarados\n|-damage|p1a: Gyarados|37\/100\n|\n|t:|1701007898\n|-end|p2a: Iron Treads|Quark Drive|[silent]\n|switch|p2a: Gyarados|Gyarados, M, shiny|100\/100|[from] Volt Switch\n|-ability|p2a: Gyarados|Intimidate|boost\n|-unboost|p1a: Gyarados|atk|1\n|move|p1a: Gyarados|Dragon Dance|p1a: Gyarados\n|-boost|p1a: Gyarados|atk|1\n|-boost|p1a: Gyarados|spe|1\n|\n|upkeep\n|turn|12\n|\n|t:|1701007909\n|detailschange|p2a: Gyarados|Gyarados-Mega, M, shiny\n|-mega|p2a: Gyarados|Gyarados|Gyaradosite\n|-ability|p2a: Gyarados|Mold Breaker\n|move|p1a: Gyarados|Bounce||[still]\n|-prepare|p1a: Gyarados|Bounce\n|move|p2a: Gyarados|Dragon Tail|p1a: Gyarados|[miss]\n|-miss|p2a: Gyarados|p1a: Gyarados\n|\n|upkeep\n|turn|13\n|\n|t:|1701007915\n|move|p1a: Gyarados|Bounce|p2a: Gyarados|[from]lockedmove\n|-damage|p2a: Gyarados|59\/100\n|move|p2a: Gyarados|Dragon Tail|p1a: Gyarados\n|-damage|p1a: Gyarados|13\/100\n|drag|p1a: Great Tusk|Great Tusk|100\/100\n|-enditem|p1a: Great Tusk|Booster Energy\n|-activate|p1a: Great Tusk|ability: Protosynthesis|[fromitem]\n|-start|p1a: Great Tusk|protosynthesisspe\n|\n|upkeep\n|turn|14\n|\n|t:|1701007934\n|move|p1a: Great Tusk|Close Combat|p2a: Gyarados\n|-supereffective|p2a: Gyarados\n|-damage|p2a: Gyarados|0 fnt\n|-unboost|p1a: Great Tusk|def|1\n|-unboost|p1a: Great Tusk|spd|1\n|faint|p2a: Gyarados\n|\n|upkeep\n|\n|t:|1701007953\n|switch|p2a: Iron Valiant|Iron Valiant|100\/100\n|turn|15\n|\n|t:|1701007968\n|move|p2a: Iron Valiant|Moonblast|p1a: Great Tusk\n|-supereffective|p1a: Great Tusk\n|-damage|p1a: Great Tusk|0 fnt\n|faint|p1a: Great Tusk\n|-end|p1a: Great Tusk|Protosynthesis|[silent]\n|\n|upkeep\n|\n|t:|1701007986\n|switch|p1a: Tapu Lele|Tapu Lele|100\/100\n|-fieldstart|move: Psychic Terrain|[from] ability: Psychic Surge|[of] p1a: Tapu Lele\n|turn|16\n|\n|t:|1701007992\n|-end|p2a: Iron Valiant|Quark Drive|[silent]\n|switch|p2a: Chansey|Chansey, F|86\/100\n|move|p1a: Tapu Lele|Psyshock|p2a: Chansey\n|-damage|p2a: Chansey|52\/100\n|\n|upkeep\n|turn|17\n|\n|t:|1701007998\n|-terastallize|p1a: Tapu Lele|Psychic\n|move|p1a: Tapu Lele|Psyshock|p2a: Chansey\n|-damage|p2a: Chansey|2\/100\n|move|p2a: Chansey|Soft-Boiled|p2a: Chansey\n|-heal|p2a: Chansey|52\/100\n|\n|upkeep\n|turn|18\n|\n|t:|1701008008\n|switch|p2a: Alomomola|Alomomola, F|100\/100\n|move|p1a: Tapu Lele|Psyshock|p2a: Alomomola\n|-damage|p2a: Alomomola|62\/100\n|\n|-heal|p2a: Alomomola|68\/100|[from] item: Leftovers\n|upkeep\n|turn|19\n|\n|t:|1701008015\n|switch|p1a: Thundurus|Thundurus-Therian, M|100\/100\n|move|p2a: Alomomola|Wish|p2a: Alomomola\n|\n|-heal|p2a: Alomomola|74\/100|[from] item: Leftovers\n|upkeep\n|turn|20\n|\n|t:|1701008027\n|move|p2a: Alomomola|Protect|p2a: Alomomola\n|-singleturn|p2a: Alomomola|Protect\n|move|p1a: Thundurus|Nasty Plot|p1a: Thundurus\n|-boost|p1a: Thundurus|spa|2\n|\n|-heal|p2a: Alomomola|100\/100|[from] move: Wish|[wisher] Alomomola\n|-fieldend|move: Psychic Terrain\n|upkeep\n|turn|21\n|\n|t:|1701008052\n|move|p1a: Thundurus|Thunderbolt|p2a: Alomomola\n|-supereffective|p2a: Alomomola\n|-damage|p2a: Alomomola|0 fnt\n|faint|p2a: Alomomola\n|\n|upkeep\n|\n|t:|1701008057\n|switch|p2a: Iron Valiant|Iron Valiant|100\/100\n|turn|22\n|\n|t:|1701008064\n|move|p2a: Iron Valiant|Moonblast|p1a: Thundurus\n|-damage|p1a: Thundurus|35\/100\n|-unboost|p1a: Thundurus|spa|1\n|move|p1a: Thundurus|Thunderbolt|p2a: Iron Valiant\n|-damage|p2a: Iron Valiant|0 fnt\n|faint|p2a: Iron Valiant\n|-end|p2a: Iron Valiant|Quark Drive|[silent]\n|\n|upkeep\n|\n|t:|1701008081\n|switch|p2a: Salamence|Salamence, M|100\/100\n|turn|23\n|\n|t:|1701008086\n|move|p1a: Thundurus|Thunderbolt|p2a: Salamence\n|-damage|p2a: Salamence|10\/100\n|move|p2a: Salamence|Dragon Dance|p2a: Salamence\n|-boost|p2a: Salamence|atk|1\n|-boost|p2a: Salamence|spe|1\n|\n|upkeep\n|turn|24\n|\n|t:|1701008105\n|move|p2a: Salamence|Fire Blast|p1a: Thundurus\n|-damage|p1a: Thundurus|0 fnt\n|faint|p1a: Thundurus\n|-ability|p2a: Salamence|Moxie|boost\n|-boost|p2a: Salamence|atk|1\n|\n|upkeep\n|\n|t:|1701008107\n|switch|p1a: Tapu Lele|Tapu Lele, tera:Psychic|100\/100\n|-fieldstart|move: Psychic Terrain|[from] ability: Psychic Surge|[of] p1a: Tapu Lele\n|turn|25\n|inactive|longyugigt has 120 seconds left.\n|\n|t:|1701008135\n|switch|p2a: Iron Treads|Iron Treads|97\/100\n|move|p1a: Tapu Lele|Psyshock|p2a: Iron Treads\n|-resisted|p2a: Iron Treads\n|-damage|p2a: Iron Treads|78\/100\n|\n|-heal|p2a: Iron Treads|84\/100|[from] item: Leftovers\n|upkeep\n|turn|26\n|\n|t:|1701008145\n|switch|p1a: Gyarados|Gyarados, M|13\/100\n|move|p2a: Iron Treads|Volt Switch|p1a: Gyarados\n|-supereffective|p1a: Gyarados\n|-damage|p1a: Gyarados|0 fnt\n|faint|p1a: Gyarados\n|\n|t:|1701008152\n|-end|p2a: Iron Treads|Quark Drive|[silent]\n|switch|p2a: Chansey|Chansey, F|52\/100|[from] Volt Switch\n|\n|upkeep\n|\n|t:|1701008156\n|switch|p1a: Tapu Lele|Tapu Lele, tera:Psychic|100\/100\n|turn|27\n|\n|t:|1701008169\n|switch|p2a: Iron Treads|Iron Treads|84\/100\n|move|p1a: Tapu Lele|Hidden Power|p2a: Iron Treads\n|-supereffective|p2a: Iron Treads\n|-damage|p2a: Iron Treads|30\/100\n|\n|-heal|p2a: Iron Treads|36\/100|[from] item: Leftovers\n|upkeep\n|turn|28\n|\n|t:|1701008178\n|switch|p1a: Blissey|Blissey, F|100\/100\n|-end|p2a: Iron Treads|Quark Drive|[silent]\n|switch|p2a: Chansey|Chansey, F|52\/100\n|\n|upkeep\n|turn|29\n|\n|t:|1701008185\n|move|p1a: Blissey|Thunder Wave|p2a: Chansey\n|-status|p2a: Chansey|par\n|move|p2a: Chansey|Soft-Boiled|p2a: Chansey\n|-heal|p2a: Chansey|100\/100 par\n|\n|-fieldend|move: Psychic Terrain\n|upkeep\n|turn|30\n|\n|t:|1701008193\n|move|p1a: Blissey|Seismic Toss|p2a: Chansey\n|-damage|p2a: Chansey|86\/100 par\n|move|p2a: Chansey|Teleport|p2a: Chansey\n|\n|t:|1701008213\n|-curestatus|p2a: Chansey|par|[from] ability: Natural Cure\n|switch|p2a: Salamence|Salamence, M|10\/100|[from] Teleport\n|\n|upkeep\n|turn|31\n|\n|t:|1701008219\n|-zpower|p2a: Salamence\n|move|p2a: Salamence|Devastating Drake|p1a: Blissey|[zeffect]\n|-crit|p1a: Blissey\n|-damage|p1a: Blissey|0 fnt\n|faint|p1a: Blissey\n|-ability|p2a: Salamence|Moxie|boost\n|-boost|p2a: Salamence|atk|1\n|\n|upkeep\n|\n|t:|1701008222\n|switch|p1a: Tapu Lele|Tapu Lele, tera:Psychic|100\/100\n|-fieldstart|move: Psychic Terrain|[from] ability: Psychic Surge|[of] p1a: Tapu Lele\n|turn|32\n|\n|t:|1701008235\n|move|p1a: Tapu Lele|Psyshock|p2a: Salamence\n|-damage|p2a: Salamence|0 fnt\n|faint|p2a: Salamence\n|\n|upkeep\n|\n|t:|1701008240\n|switch|p2a: Iron Treads|Iron Treads|36\/100\n|turn|33\n|\n|t:|1701008247\n|-terastallize|p2a: Iron Treads|Ground\n|move|p1a: Tapu Lele|Psyshock|p2a: Iron Treads\n|-damage|p2a: Iron Treads|0 fnt\n|faint|p2a: Iron Treads\n|-end|p2a: Iron Treads|Quark Drive|[silent]\n|\n|upkeep\n|\n|t:|1701008252\n|switch|p2a: Chansey|Chansey, F|86\/100\n|turn|34\n|\n|t:|1701008260\n|move|p1a: Tapu Lele|Psyshock|p2a: Chansey\n|-damage|p2a: Chansey|43\/100\n|move|p2a: Chansey|Soft-Boiled|p2a: Chansey\n|-heal|p2a: Chansey|93\/100\n|\n|upkeep\n|turn|35\n|\n|t:|1701008266\n|move|p1a: Tapu Lele|Psyshock|p2a: Chansey\n|-crit|p2a: Chansey\n|-damage|p2a: Chansey|28\/100\n|move|p2a: Chansey|Soft-Boiled|p2a: Chansey\n|-heal|p2a: Chansey|78\/100\n|\n|upkeep\n|turn|36\n|\n|t:|1701008272\n|move|p1a: Tapu Lele|Psyshock|p2a: Chansey\n|-damage|p2a: Chansey|35\/100\n|move|p2a: Chansey|Soft-Boiled|p2a: Chansey\n|-heal|p2a: Chansey|85\/100\n|\n|-fieldend|move: Psychic Terrain\n|upkeep\n|turn|37\n|\n|t:|1701008278\n|move|p1a: Tapu Lele|Psyshock|p2a: Chansey\n|-damage|p2a: Chansey|51\/100\n|move|p2a: Chansey|Soft-Boiled|p2a: Chansey\n|-heal|p2a: Chansey|100\/100\n|\n|upkeep\n|turn|38\n|\n|t:|1701008284\n|move|p1a: Tapu Lele|Psyshock|p2a: Chansey\n|-damage|p2a: Chansey|67\/100\n|move|p2a: Chansey|Toxic|p1a: Tapu Lele\n|-status|p1a: Tapu Lele|tox\n|\n|-damage|p1a: Tapu Lele|94\/100 tox|[from] psn\n|upkeep\n|turn|39\n|\n|t:|1701008291\n|move|p1a: Tapu Lele|Psyshock|p2a: Chansey\n|-damage|p2a: Chansey|33\/100\n|move|p2a: Chansey|Soft-Boiled|p2a: Chansey\n|-heal|p2a: Chansey|83\/100\n|\n|-damage|p1a: Tapu Lele|82\/100 tox|[from] psn\n|upkeep\n|turn|40\n|\n|t:|1701008300\n|move|p1a: Tapu Lele|Psyshock|p2a: Chansey\n|-crit|p2a: Chansey\n|-damage|p2a: Chansey|33\/100\n|move|p2a: Chansey|Soft-Boiled|p2a: Chansey\n|-heal|p2a: Chansey|83\/100\n|\n|-damage|p1a: Tapu Lele|64\/100 tox|[from] psn\n|upkeep\n|turn|41\n|\n|t:|1701008308\n|move|p1a: Tapu Lele|Psyshock|p2a: Chansey\n|-damage|p2a: Chansey|45\/100\n|move|p2a: Chansey|Toxic|p1a: Tapu Lele|[miss]\n|-miss|p2a: Chansey|p1a: Tapu Lele\n|\n|-damage|p1a: Tapu Lele|40\/100 tox|[from] psn\n|upkeep\n|turn|42\n|\n|t:|1701008314\n|move|p1a: Tapu Lele|Psyshock|p2a: Chansey\n|-damage|p2a: Chansey|9\/100\n|move|p2a: Chansey|Toxic|p1a: Tapu Lele\n|-fail|p1a: Tapu Lele|tox\n|\n|-damage|p1a: Tapu Lele|10\/100 tox|[from] psn\n|upkeep\n|turn|43\n|-message|longyugigt forfeited.\n|\n|win|XxProxX20\n|raw|XxProxX20's rating: 1266 &rarr; <strong>1297<\/strong><br \/>(+31 for winning)\n|raw|longyugigt's rating: 1357 &rarr; <strong>1332<\/strong><br \/>(-25 for losing)\n|l|\u2606longyugigt\n","uploadtime":1701008508,"views":7,"p1id":"xxproxx20","p2id":"longyugigt","formatid":"gen9nationaldex","rating":1297,"private":0,"password":""}