{"id":"gen9nationaldex-1998838677","p1":"Krokorockin","p2":"ashXYZmoments","format":"[Gen 9] National Dex","log":"|html|<div class=\"broadcast-blue\"><strong>[Gen 9] National Dex is currently suspecting Sneasler! For information on how to participate check out the <a href=\"https:\/\/www.smogon.com\/forums\/threads\/sv-national-dex-suspect-8-just-dance.3731534\/\">suspect thread<\/a>.<\/strong><\/div>\n|j|\u2606Krokorockin\n|j|\u2606ashXYZmoments\n|t:|1701000948\n|gametype|singles\n|player|p1|Krokorockin|guitarist-gen4|1190\n|player|p2|ashXYZmoments|emmet|1146\n|teamsize|p1|6\n|teamsize|p2|6\n|gen|9\n|tier|[Gen 9] National Dex\n|rated|\n|rule|HP Percentage Mod: HP is shown in percentages\n|rule|Endless Battle Clause: Forcing endless battles is banned\n|rule|OHKO Clause: OHKO moves are banned\n|rule|Evasion Clause: Evasion abilities, items, and moves are banned\n|rule|Evasion Abilities Clause: Evasion abilities are banned\n|rule|Evasion Items Clause: Evasion items are banned\n|rule|Evasion Moves Clause: Evasion moves are banned\n|rule|Species Clause: Limit one of each Pok\u00e9mon\n|rule|Sleep Clause Mod: Limit one foe put to sleep\n|clearpoke\n|poke|p1|Krookodile, M|\n|poke|p1|Mandibuzz, F|\n|poke|p1|Bisharp, M|\n|poke|p1|Gigalith, M|\n|poke|p1|Excadrill, M|\n|poke|p1|Luxray, M|\n|poke|p2|Serperior, M|\n|poke|p2|Liepard, M|\n|poke|p2|Seismitoad, F|\n|poke|p2|Darmanitan, F|\n|poke|p2|Krookodile, F|\n|poke|p2|Sawsbuck-Winter, F|\n|teampreview\n|inactive|Battle timer is ON: inactive players will automatically lose when time's up. (requested by ashXYZmoments)\n|c|\u2606Krokorockin|If only I didn\u2019t have Luxray lol\n|c|\u2606Krokorockin|Gen 5 battle\n|inactive|Krokorockin has 120 seconds left.\n|c|\u2606ashXYZmoments|this is my first unova team\n|\n|t:|1701001002\n|start\n|switch|p1a: Gigalith|Gigalith, M|100\/100\n|switch|p2a: Serperior|Serperior, M, shiny|100\/100\n|-weather|Sandstorm|[from] ability: Sand Stream|[of] p1a: Gigalith\n|turn|1\n|\n|t:|1701001007\n|switch|p1a: Mandibuzz|Mandibuzz, F|100\/100\n|move|p2a: Serperior|Leaf Storm|p1a: Mandibuzz|[miss]\n|-miss|p2a: Serperior|p1a: Mandibuzz\n|\n|-weather|Sandstorm|[upkeep]\n|-damage|p2a: Serperior|94\/100|[from] Sandstorm\n|-heal|p2a: Serperior|100\/100|[from] item: Leftovers\n|upkeep\n|turn|2\n|\n|t:|1701001012\n|move|p2a: Serperior|Hidden Power|p1a: Mandibuzz\n|-supereffective|p1a: Mandibuzz\n|-damage|p1a: Mandibuzz|76\/100\n|move|p1a: Mandibuzz|Toxic|p2a: Serperior|[miss]\n|-miss|p1a: Mandibuzz|p2a: Serperior\n|\n|-weather|Sandstorm|[upkeep]\n|-damage|p2a: Serperior|94\/100|[from] Sandstorm\n|-heal|p2a: Serperior|100\/100|[from] item: Leftovers\n|upkeep\n|turn|3\n|\n|t:|1701001023\n|switch|p1a: Bisharp|Bisharp, M|100\/100\n|move|p2a: Serperior|Leaf Storm|p1a: Bisharp\n|-resisted|p1a: Bisharp\n|-crit|p1a: Bisharp\n|-damage|p1a: Bisharp|70\/100\n|-boost|p2a: Serperior|spa|2\n|\n|-weather|Sandstorm|[upkeep]\n|-damage|p2a: Serperior|94\/100|[from] Sandstorm\n|-heal|p2a: Serperior|100\/100|[from] item: Leftovers\n|upkeep\n|turn|4\n|\n|t:|1701001030\n|move|p1a: Bisharp|Sucker Punch|p2a: Serperior\n|-damage|p2a: Serperior|54\/100\n|move|p2a: Serperior|Leaf Storm|p1a: Bisharp\n|-resisted|p1a: Bisharp\n|-damage|p1a: Bisharp|27\/100\n|-boost|p2a: Serperior|spa|2\n|\n|-weather|Sandstorm|[upkeep]\n|-damage|p2a: Serperior|48\/100|[from] Sandstorm\n|-heal|p2a: Serperior|54\/100|[from] item: Leftovers\n|upkeep\n|turn|5\n|\n|t:|1701001036\n|move|p1a: Bisharp|Sucker Punch|p2a: Serperior\n|-damage|p2a: Serperior|4\/100\n|move|p2a: Serperior|Giga Drain|p1a: Bisharp\n|-resisted|p1a: Bisharp\n|-damage|p1a: Bisharp|0 fnt\n|-heal|p2a: Serperior|19\/100|[from] drain|[of] p1a: Bisharp\n|faint|p1a: Bisharp\n|\n|-weather|Sandstorm|[upkeep]\n|-damage|p2a: Serperior|13\/100|[from] Sandstorm\n|-heal|p2a: Serperior|19\/100|[from] item: Leftovers\n|upkeep\n|\n|t:|1701001041\n|switch|p1a: Excadrill|Excadrill, M|100\/100\n|turn|6\n|\n|t:|1701001047\n|move|p1a: Excadrill|Rock Slide|p2a: Serperior\n|-damage|p2a: Serperior|0 fnt\n|faint|p2a: Serperior\n|\n|-weather|Sandstorm|[upkeep]\n|upkeep\n|\n|t:|1701001055\n|switch|p2a: Krookodile|Krookodile, F|100\/100\n|turn|7\n|\n|t:|1701001060\n|switch|p1a: Mandibuzz|Mandibuzz, F|76\/100\n|move|p2a: Krookodile|Earthquake|p1a: Mandibuzz\n|-immune|p1a: Mandibuzz\n|\n|-weather|Sandstorm|[upkeep]\n|upkeep\n|turn|8\n|\n|t:|1701001065\n|switch|p2a: Liepard|Liepard, M|100\/100\n|move|p1a: Mandibuzz|Toxic|p2a: Liepard\n|-status|p2a: Liepard|tox\n|\n|-weather|none\n|-damage|p2a: Liepard|95\/100 tox|[from] psn\n|upkeep\n|turn|9\n|\n|t:|1701001075\n|move|p2a: Liepard|Fake Out|p1a: Mandibuzz\n|-damage|p1a: Mandibuzz|68\/100\n|-damage|p2a: Liepard|78\/100 tox|[from] item: Rocky Helmet|[of] p1a: Mandibuzz\n|-damage|p2a: Liepard|69\/100 tox|[from] item: Life Orb\n|cant|p1a: Mandibuzz|flinch\n|\n|-damage|p2a: Liepard|57\/100 tox|[from] psn\n|upkeep\n|turn|10\n|\n|t:|1701001078\n|move|p2a: Liepard|Sucker Punch||[still]\n|-fail|p2a: Liepard\n|move|p1a: Mandibuzz|Roost|p1a: Mandibuzz\n|-heal|p1a: Mandibuzz|100\/100\n|-singleturn|p1a: Mandibuzz|move: Roost\n|\n|-damage|p2a: Liepard|39\/100 tox|[from] psn\n|upkeep\n|turn|11\n|\n|t:|1701001087\n|move|p2a: Liepard|Encore|p1a: Mandibuzz\n|-hint|Since gen 7, Dark is immune to Prankster moves.\n|-immune|p1a: Mandibuzz\n|move|p1a: Mandibuzz|Foul Play|p2a: Liepard\n|-resisted|p2a: Liepard\n|-damage|p2a: Liepard|0 fnt\n|faint|p2a: Liepard\n|\n|upkeep\n|\n|t:|1701001096\n|switch|p2a: Seismitoad|Seismitoad, F|100\/100\n|turn|12\n|\n|t:|1701001103\n|move|p1a: Mandibuzz|Toxic|p2a: Seismitoad\n|-status|p2a: Seismitoad|tox\n|move|p2a: Seismitoad|Liquidation|p1a: Mandibuzz\n|-damage|p1a: Mandibuzz|80\/100\n|-damage|p2a: Seismitoad|84\/100 tox|[from] item: Rocky Helmet|[of] p1a: Mandibuzz\n|\n|-damage|p2a: Seismitoad|78\/100 tox|[from] psn\n|upkeep\n|turn|13\n|\n|t:|1701001113\n|move|p1a: Mandibuzz|Foul Play|p2a: Seismitoad\n|-damage|p2a: Seismitoad|30\/100 tox\n|move|p2a: Seismitoad|Poison Jab|p1a: Mandibuzz\n|-damage|p1a: Mandibuzz|66\/100\n|-damage|p2a: Seismitoad|14\/100 tox|[from] item: Rocky Helmet|[of] p1a: Mandibuzz\n|\n|-damage|p2a: Seismitoad|2\/100 tox|[from] psn\n|upkeep\n|turn|14\n|\n|t:|1701001123\n|move|p1a: Mandibuzz|Foul Play|p2a: Seismitoad\n|-damage|p2a: Seismitoad|0 fnt\n|faint|p2a: Seismitoad\n|\n|upkeep\n|\n|t:|1701001126\n|switch|p2a: Darmanitan|Darmanitan, F|100\/100\n|turn|15\n|\n|t:|1701001132\n|-terastallize|p2a: Darmanitan|Fire\n|move|p2a: Darmanitan|Flare Blitz|p1a: Mandibuzz\n|-damage|p1a: Mandibuzz|7\/100\n|-damage|p2a: Darmanitan|84\/100|[from] item: Rocky Helmet|[of] p1a: Mandibuzz\n|-damage|p2a: Darmanitan|60\/100|[from] Recoil\n|move|p1a: Mandibuzz|Roost|p1a: Mandibuzz\n|-heal|p1a: Mandibuzz|57\/100\n|-singleturn|p1a: Mandibuzz|move: Roost\n|\n|upkeep\n|turn|16\n|\n|t:|1701001147\n|switch|p1a: Gigalith|Gigalith, M|100\/100\n|-weather|Sandstorm|[from] ability: Sand Stream|[of] p1a: Gigalith\n|move|p2a: Darmanitan|Flare Blitz|p1a: Gigalith\n|-resisted|p1a: Gigalith\n|-damage|p1a: Gigalith|58\/100\n|-damage|p2a: Darmanitan|45\/100|[from] Recoil\n|\n|-weather|Sandstorm|[upkeep]\n|-damage|p2a: Darmanitan|39\/100|[from] Sandstorm\n|upkeep\n|turn|17\n|\n|t:|1701001156\n|switch|p2a: Sawsbuck|Sawsbuck-Winter, F|100\/100\n|move|p1a: Gigalith|Body Press|p2a: Sawsbuck\n|-supereffective|p2a: Sawsbuck\n|-damage|p2a: Sawsbuck|33\/100\n|\n|-weather|Sandstorm|[upkeep]\n|-damage|p2a: Sawsbuck|27\/100|[from] Sandstorm\n|-heal|p2a: Sawsbuck|33\/100|[from] item: Leftovers\n|upkeep\n|turn|18\n|\n|t:|1701001164\n|switch|p1a: Mandibuzz|Mandibuzz, F|57\/100\n|move|p2a: Sawsbuck|Horn Leech|p1a: Mandibuzz\n|-resisted|p1a: Mandibuzz\n|-damage|p1a: Mandibuzz|48\/100\n|-heal|p2a: Sawsbuck|40\/100|[from] drain|[of] p1a: Mandibuzz\n|-damage|p2a: Sawsbuck|23\/100|[from] item: Rocky Helmet|[of] p1a: Mandibuzz\n|\n|-weather|Sandstorm|[upkeep]\n|-damage|p2a: Sawsbuck|17\/100|[from] Sandstorm\n|-heal|p2a: Sawsbuck|23\/100|[from] item: Leftovers\n|upkeep\n|turn|19\n|\n|t:|1701001169\n|move|p2a: Sawsbuck|Double-Edge|p1a: Mandibuzz\n|-damage|p1a: Mandibuzz|19\/100\n|-damage|p2a: Sawsbuck|6\/100|[from] item: Rocky Helmet|[of] p1a: Mandibuzz\n|-damage|p2a: Sawsbuck|0 fnt|[from] Recoil\n|faint|p2a: Sawsbuck\n|move|p1a: Mandibuzz|Roost|p1a: Mandibuzz\n|-heal|p1a: Mandibuzz|69\/100\n|-singleturn|p1a: Mandibuzz|move: Roost\n|\n|-weather|Sandstorm|[upkeep]\n|upkeep\n|\n|t:|1701001174\n|switch|p2a: Krookodile|Krookodile, F|100\/100\n|turn|20\n|\n|t:|1701001179\n|move|p2a: Krookodile|Dragon Claw|p1a: Mandibuzz\n|-damage|p1a: Mandibuzz|46\/100\n|-damage|p2a: Krookodile|84\/100|[from] item: Rocky Helmet|[of] p1a: Mandibuzz\n|move|p1a: Mandibuzz|Toxic|p2a: Krookodile\n|-status|p2a: Krookodile|tox\n|\n|-weather|Sandstorm|[upkeep]\n|-damage|p2a: Krookodile|78\/100 tox|[from] psn\n|upkeep\n|turn|21\n|\n|t:|1701001186\n|switch|p2a: Darmanitan|Darmanitan, F, tera:Fire|39\/100\n|move|p1a: Mandibuzz|Roost|p1a: Mandibuzz\n|-heal|p1a: Mandibuzz|96\/100\n|-singleturn|p1a: Mandibuzz|move: Roost\n|\n|-weather|Sandstorm|[upkeep]\n|-damage|p2a: Darmanitan|33\/100|[from] Sandstorm\n|upkeep\n|turn|22\n|\n|t:|1701001192\n|move|p2a: Darmanitan|Hammer Arm|p1a: Mandibuzz\n|-damage|p1a: Mandibuzz|77\/100\n|-unboost|p2a: Darmanitan|spe|1\n|-damage|p2a: Darmanitan|17\/100|[from] item: Rocky Helmet|[of] p1a: Mandibuzz\n|move|p1a: Mandibuzz|Foul Play|p2a: Darmanitan\n|-damage|p2a: Darmanitan|0 fnt\n|faint|p2a: Darmanitan\n|\n|-weather|Sandstorm|[upkeep]\n|upkeep\n|\n|t:|1701001196\n|switch|p2a: Krookodile|Krookodile, F|78\/100 tox\n|turn|23\n|c|\u2606ashXYZmoments|gg\n|-message|ashXYZmoments forfeited.\n|\n|win|Krokorockin\n|raw|Krokorockin's rating: 1190 &rarr; <strong>1212<\/strong><br \/>(+22 for winning)\n|raw|ashXYZmoments's rating: 1146 &rarr; <strong>1124<\/strong><br \/>(-22 for losing)\n|l|\u2606ashXYZmoments\n","uploadtime":1701001208,"views":4,"p1id":"krokorockin","p2id":"ashxyzmoments","formatid":"gen9nationaldex","rating":1124,"private":0,"password":""}