{"id":"gen9nationaldex-1989404287","p1":"TSL Luizao","p2":"Bianca deep mark","format":"[Gen 9] National Dex","log":"|j|\u2606TSL Luizao\n|j|\u2606Bianca deep mark\n|t:|1699845907\n|gametype|singles\n|player|p1|TSL Luizao|2|1112\n|player|p2|Bianca deep mark|266|1103\n|teamsize|p1|6\n|teamsize|p2|6\n|gen|9\n|tier|[Gen 9] National Dex\n|rated|\n|rule|HP Percentage Mod: HP is shown in percentages\n|rule|Endless Battle Clause: Forcing endless battles is banned\n|rule|OHKO Clause: OHKO moves are banned\n|rule|Evasion Clause: Evasion abilities, items, and moves are banned\n|rule|Evasion Abilities Clause: Evasion abilities are banned\n|rule|Evasion Items Clause: Evasion items are banned\n|rule|Evasion Moves Clause: Evasion moves are banned\n|rule|Species Clause: Limit one of each Pok\u00e9mon\n|rule|Sleep Clause Mod: Limit one foe put to sleep\n|clearpoke\n|poke|p1|Scizor, F|\n|poke|p1|Garchomp, M|\n|poke|p1|Tornadus-Therian, M|\n|poke|p1|Cinderace, F|\n|poke|p1|Weezing-Galar, M|\n|poke|p1|Slowking, M|\n|poke|p2|Lopunny, M|\n|poke|p2|Golisopod, F|\n|poke|p2|Ferrothorn, F|\n|poke|p2|Espeon, M|\n|poke|p2|Dondozo, F|\n|poke|p2|Zapdos|\n|teampreview\n|\n|t:|1699845926\n|start\n|switch|p1a: Garchomp|Garchomp, M|100\/100\n|switch|p2a: Lopunny|Lopunny, M|100\/100\n|turn|1\n|inactive|Battle timer is ON: inactive players will automatically lose when time's up. (requested by TSL Luizao)\n|\n|t:|1699845936\n|detailschange|p2a: Lopunny|Lopunny-Mega, M\n|-mega|p2a: Lopunny|Lopunny|Lopunnite\n|move|p2a: Lopunny|Fake Out|p1a: Garchomp\n|-damage|p1a: Garchomp|78\/100\n|-damage|p2a: Lopunny|88\/100|[from] ability: Rough Skin|[of] p1a: Garchomp\n|cant|p1a: Garchomp|flinch\n|\n|upkeep\n|turn|2\n|\n|t:|1699845943\n|move|p2a: Lopunny|U-turn|p1a: Garchomp\n|-damage|p1a: Garchomp|53\/100\n|-damage|p2a: Lopunny|75\/100|[from] ability: Rough Skin|[of] p1a: Garchomp\n|\n|t:|1699845948\n|switch|p2a: Zapdos|Zapdos|100\/100|[from] U-turn\n|move|p1a: Garchomp|Earthquake|p2a: Zapdos\n|-immune|p2a: Zapdos\n|\n|upkeep\n|turn|3\n|\n|t:|1699845957\n|-zpower|p1a: Garchomp\n|move|p1a: Garchomp|Continental Crush|p2a: Zapdos|[zeffect]\n|-supereffective|p2a: Zapdos\n|-damage|p2a: Zapdos|6\/100\n|move|p2a: Zapdos|Hidden Power|p1a: Garchomp\n|-supereffective|p1a: Garchomp\n|-damage|p1a: Garchomp|0 fnt\n|faint|p1a: Garchomp\n|\n|upkeep\n|\n|t:|1699845971\n|switch|p1a: Scizor|Scizor, F|100\/100\n|turn|4\n|\n|t:|1699845977\n|detailschange|p1a: Scizor|Scizor-Mega, F\n|-mega|p1a: Scizor|Scizor|Scizorite\n|move|p1a: Scizor|Bullet Punch|p2a: Zapdos\n|-resisted|p2a: Zapdos\n|-damage|p2a: Zapdos|0 fnt\n|faint|p2a: Zapdos\n|\n|upkeep\n|\n|t:|1699845982\n|switch|p2a: Golisopod|Golisopod, F|100\/100\n|turn|5\n|\n|t:|1699845988\n|move|p2a: Golisopod|First Impression|p1a: Scizor\n|-resisted|p1a: Scizor\n|-damage|p1a: Scizor|86\/100\n|move|p1a: Scizor|U-turn|p2a: Golisopod\n|-damage|p2a: Golisopod|73\/100\n|\n|t:|1699846002\n|switch|p1a: Tornadus|Tornadus-Therian, M|100\/100|[from] U-turn\n|\n|upkeep\n|turn|6\n|\n|t:|1699846009\n|move|p2a: Golisopod|Sucker Punch|p1a: Tornadus\n|-crit|p1a: Tornadus\n|-damage|p1a: Tornadus|51\/100\n|move|p1a: Tornadus|Hurricane|p2a: Golisopod|[miss]\n|-miss|p1a: Tornadus|p2a: Golisopod\n|\n|upkeep\n|turn|7\n|\n|t:|1699846020\n|switch|p1a: Weezing|Weezing-Galar, M|100\/100\n|move|p2a: Golisopod|Sucker Punch||[still]\n|-fail|p2a: Golisopod\n|\n|upkeep\n|turn|8\n|\n|t:|1699846028\n|move|p1a: Weezing|Will-O-Wisp|p2a: Golisopod\n|-status|p2a: Golisopod|brn\n|move|p2a: Golisopod|Leech Life|p1a: Weezing\n|-resisted|p1a: Weezing\n|-damage|p1a: Weezing|96\/100\n|-heal|p2a: Golisopod|76\/100 brn|[from] drain|[of] p1a: Weezing\n|\n|-heal|p1a: Weezing|100\/100|[from] item: Leftovers\n|-damage|p2a: Golisopod|69\/100 brn|[from] brn\n|upkeep\n|turn|9\n|\n|t:|1699846036\n|move|p1a: Weezing|Sludge Bomb|p2a: Golisopod\n|-damage|p2a: Golisopod|51\/100 brn\n|move|p2a: Golisopod|Liquidation|p1a: Weezing\n|-damage|p1a: Weezing|81\/100\n|-unboost|p1a: Weezing|def|1\n|\n|-heal|p1a: Weezing|87\/100|[from] item: Leftovers\n|-damage|p2a: Golisopod|45\/100 brn|[from] brn\n|upkeep\n|-activate|p2a: Golisopod|ability: Emergency Exit\n|\n|t:|1699846041\n|switch|p2a: Espeon|Espeon, M|100\/100\n|turn|10\n|\n|t:|1699846048\n|switch|p1a: Slowking|Slowking, M|100\/100\n|move|p2a: Espeon|Light Screen|p2a: Espeon\n|-sidestart|p2: Bianca deep mark|move: Light Screen\n|\n|upkeep\n|turn|11\n|\n|t:|1699846055\n|move|p2a: Espeon|Reflect|p2a: Espeon\n|-sidestart|p2: Bianca deep mark|Reflect\n|move|p1a: Slowking|Scald|p2a: Espeon\n|-damage|p2a: Espeon|81\/100\n|\n|upkeep\n|turn|12\n|\n|t:|1699846064\n|move|p2a: Espeon|Yawn|p1a: Slowking\n|-start|p1a: Slowking|move: Yawn|[of] p2a: Espeon\n|move|p1a: Slowking|Scald|p2a: Espeon\n|-damage|p2a: Espeon|62\/100\n|-status|p2a: Espeon|brn\n|\n|-damage|p2a: Espeon|56\/100 brn|[from] brn\n|upkeep\n|turn|13\n|\n|t:|1699846073\n|switch|p1a: Cinderace|Cinderace, F|100\/100\n|move|p2a: Espeon|Psychic|p1a: Cinderace\n|-damage|p1a: Cinderace|33\/100\n|\n|-damage|p2a: Espeon|49\/100 brn|[from] brn\n|upkeep\n|turn|14\n|\n|t:|1699846080\n|switch|p2a: Dondozo|Dondozo, F|100\/100\n|move|p1a: Cinderace|U-turn|p2a: Dondozo\n|-start|p1a: Cinderace|typechange|Bug|[from] ability: Libero\n|-damage|p2a: Dondozo|93\/100\n|\n|t:|1699846092\n|switch|p1a: Weezing|Weezing-Galar, M|87\/100|[from] U-turn\n|\n|-heal|p1a: Weezing|93\/100|[from] item: Leftovers\n|-heal|p2a: Dondozo|99\/100|[from] item: Leftovers\n|upkeep\n|turn|15\n|\n|t:|1699846098\n|move|p1a: Weezing|Sludge Bomb|p2a: Dondozo\n|-damage|p2a: Dondozo|88\/100\n|move|p2a: Dondozo|Curse|p2a: Dondozo\n|-unboost|p2a: Dondozo|spe|1\n|-boost|p2a: Dondozo|atk|1\n|-boost|p2a: Dondozo|def|1\n|\n|-heal|p1a: Weezing|99\/100|[from] item: Leftovers\n|-heal|p2a: Dondozo|94\/100|[from] item: Leftovers\n|upkeep\n|turn|16\n|\n|t:|1699846104\n|move|p1a: Weezing|Sludge Bomb|p2a: Dondozo\n|-damage|p2a: Dondozo|82\/100\n|move|p2a: Dondozo|Curse|p2a: Dondozo\n|-unboost|p2a: Dondozo|spe|1\n|-boost|p2a: Dondozo|atk|1\n|-boost|p2a: Dondozo|def|1\n|\n|-heal|p1a: Weezing|100\/100|[from] item: Leftovers\n|-heal|p2a: Dondozo|88\/100|[from] item: Leftovers\n|upkeep\n|turn|17\n|\n|t:|1699846111\n|move|p1a: Weezing|Sludge Bomb|p2a: Dondozo\n|-damage|p2a: Dondozo|75\/100\n|move|p2a: Dondozo|Curse|p2a: Dondozo\n|-unboost|p2a: Dondozo|spe|1\n|-boost|p2a: Dondozo|atk|1\n|-boost|p2a: Dondozo|def|1\n|\n|-heal|p2a: Dondozo|81\/100|[from] item: Leftovers\n|-sideend|p2: Bianca deep mark|move: Light Screen\n|upkeep\n|turn|18\n|\n|t:|1699846117\n|move|p1a: Weezing|Sludge Bomb|p2a: Dondozo\n|-crit|p2a: Dondozo\n|-damage|p2a: Dondozo|43\/100\n|move|p2a: Dondozo|Curse|p2a: Dondozo\n|-unboost|p2a: Dondozo|spe|1\n|-boost|p2a: Dondozo|atk|1\n|-boost|p2a: Dondozo|def|1\n|\n|-heal|p2a: Dondozo|50\/100|[from] item: Leftovers\n|-sideend|p2: Bianca deep mark|Reflect\n|upkeep\n|turn|19\n|\n|t:|1699846127\n|move|p1a: Weezing|Sludge Bomb|p2a: Dondozo\n|-damage|p2a: Dondozo|25\/100\n|move|p2a: Dondozo|Wave Crash|p1a: Weezing\n|-damage|p1a: Weezing|0 fnt\n|faint|p1a: Weezing\n|-damage|p2a: Dondozo|4\/100|[from] Recoil\n|\n|-heal|p2a: Dondozo|10\/100|[from] item: Leftovers\n|upkeep\n|\n|t:|1699846149\n|switch|p1a: Scizor|Scizor-Mega, F|86\/100\n|turn|20\n|\n|t:|1699846153\n|move|p1a: Scizor|U-turn|p2a: Dondozo\n|-damage|p2a: Dondozo|5\/100\n|\n|t:|1699846158\n|switch|p1a: Slowking|Slowking, M|100\/100|[from] U-turn\n|move|p2a: Dondozo|Sleep Talk||[still]\n|-fail|p2a: Dondozo\n|\n|-heal|p2a: Dondozo|11\/100|[from] item: Leftovers\n|upkeep\n|turn|21\n|\n|t:|1699846167\n|move|p1a: Slowking|Scald|p2a: Dondozo\n|-resisted|p2a: Dondozo\n|-damage|p2a: Dondozo|0 fnt\n|faint|p2a: Dondozo\n|\n|upkeep\n|\n|t:|1699846173\n|switch|p2a: Lopunny|Lopunny-Mega, M|75\/100\n|turn|22\n|\n|t:|1699846181\n|move|p2a: Lopunny|Fake Out|p1a: Slowking\n|-crit|p1a: Slowking\n|-damage|p1a: Slowking|70\/100\n|cant|p1a: Slowking|flinch\n|\n|upkeep\n|turn|23\n|\n|t:|1699846186\n|move|p2a: Lopunny|U-turn|p1a: Slowking\n|-supereffective|p1a: Slowking\n|-damage|p1a: Slowking|25\/100\n|\n|t:|1699846189\n|switch|p2a: Espeon|Espeon, M|49\/100 brn|[from] U-turn\n|move|p1a: Slowking|Psyshock|p2a: Espeon\n|-resisted|p2a: Espeon\n|-damage|p2a: Espeon|22\/100 brn\n|\n|-damage|p2a: Espeon|16\/100 brn|[from] brn\n|upkeep\n|turn|24\n|\n|t:|1699846204\n|switch|p1a: Scizor|Scizor-Mega, F|86\/100\n|move|p2a: Espeon|Psychic|p1a: Scizor\n|-resisted|p1a: Scizor\n|-damage|p1a: Scizor|61\/100\n|\n|-damage|p2a: Espeon|9\/100 brn|[from] brn\n|upkeep\n|turn|25\n|\n|t:|1699846212\n|move|p2a: Espeon|Reflect|p2a: Espeon\n|-sidestart|p2: Bianca deep mark|Reflect\n|move|p1a: Scizor|Swords Dance|p1a: Scizor\n|-boost|p1a: Scizor|atk|2\n|\n|-damage|p2a: Espeon|3\/100 brn|[from] brn\n|upkeep\n|turn|26\n|\n|t:|1699846215\n|move|p2a: Espeon|Light Screen|p2a: Espeon\n|-sidestart|p2: Bianca deep mark|move: Light Screen\n|move|p1a: Scizor|U-turn|p2a: Espeon\n|-supereffective|p2a: Espeon\n|-damage|p2a: Espeon|0 fnt\n|faint|p2a: Espeon\n|\n|t:|1699846222\n|switch|p1a: Cinderace|Cinderace, F|33\/100|[from] U-turn\n|\n|upkeep\n|\n|t:|1699846228\n|switch|p2a: Lopunny|Lopunny-Mega, M|75\/100\n|turn|27\n|\n|t:|1699846239\n|move|p2a: Lopunny|Fake Out|p1a: Cinderace\n|-damage|p1a: Cinderace|4\/100\n|cant|p1a: Cinderace|flinch\n|\n|upkeep\n|turn|28\n|\n|t:|1699846247\n|move|p1a: Cinderace|Sucker Punch|p2a: Lopunny\n|-start|p1a: Cinderace|typechange|Dark|[from] ability: Libero\n|-resisted|p2a: Lopunny\n|-damage|p2a: Lopunny|65\/100\n|move|p2a: Lopunny|Close Combat|p1a: Cinderace\n|-supereffective|p1a: Cinderace\n|-damage|p1a: Cinderace|0 fnt\n|-unboost|p2a: Lopunny|def|1\n|-unboost|p2a: Lopunny|spd|1\n|faint|p1a: Cinderace\n|\n|upkeep\n|\n|t:|1699846257\n|switch|p1a: Tornadus|Tornadus-Therian, M|84\/100\n|turn|29\n|\n|t:|1699846261\n|move|p2a: Lopunny|U-turn|p1a: Tornadus\n|-resisted|p1a: Tornadus\n|-damage|p1a: Tornadus|66\/100\n|\n|t:|1699846265\n|switch|p2a: Ferrothorn|Ferrothorn, F|100\/100|[from] U-turn\n|move|p1a: Tornadus|Hurricane|p2a: Ferrothorn|[miss]\n|-miss|p1a: Tornadus|p2a: Ferrothorn\n|\n|upkeep\n|turn|30\n|\n|t:|1699846286\n|move|p1a: Tornadus|Heat Wave|p2a: Ferrothorn\n|-supereffective|p2a: Ferrothorn\n|-damage|p2a: Ferrothorn|58\/100\n|move|p2a: Ferrothorn|Stealth Rock|p1a: Tornadus\n|-sidestart|p1: TSL Luizao|move: Stealth Rock\n|\n|upkeep\n|turn|31\n|\n|t:|1699846298\n|-terastallize|p2a: Ferrothorn|Ghost\n|move|p1a: Tornadus|Heat Wave|p2a: Ferrothorn\n|-damage|p2a: Ferrothorn|49\/100\n|move|p2a: Ferrothorn|Leech Seed|p1a: Tornadus\n|-start|p1a: Tornadus|move: Leech Seed\n|\n|-damage|p1a: Tornadus|54\/100|[from] Leech Seed|[of] p2a: Ferrothorn\n|-heal|p2a: Ferrothorn|59\/100|[silent]\n|upkeep\n|turn|32\n|\n|t:|1699846314\n|switch|p1a: Scizor|Scizor-Mega, F|61\/100\n|-damage|p1a: Scizor|49\/100|[from] Stealth Rock\n|move|p2a: Ferrothorn|Thunder Wave|p1a: Scizor\n|-status|p1a: Scizor|par\n|\n|-sideend|p2: Bianca deep mark|Reflect\n|upkeep\n|turn|33\n|\n|t:|1699846319\n|move|p1a: Scizor|Swords Dance|p1a: Scizor\n|-boost|p1a: Scizor|atk|2\n|move|p2a: Ferrothorn|Leech Seed|p1a: Scizor\n|-start|p1a: Scizor|move: Leech Seed\n|\n|-damage|p1a: Scizor|37\/100 par|[from] Leech Seed|[of] p2a: Ferrothorn\n|-heal|p2a: Ferrothorn|71\/100|[silent]\n|-sideend|p2: Bianca deep mark|move: Light Screen\n|upkeep\n|turn|34\n|\n|t:|1699846326\n|move|p1a: Scizor|Roost|p1a: Scizor\n|-heal|p1a: Scizor|87\/100 par\n|-singleturn|p1a: Scizor|move: Roost\n|move|p2a: Ferrothorn|Gyro Ball|p1a: Scizor\n|-resisted|p1a: Scizor\n|-damage|p1a: Scizor|82\/100 par\n|\n|-damage|p1a: Scizor|70\/100 par|[from] Leech Seed|[of] p2a: Ferrothorn\n|-heal|p2a: Ferrothorn|83\/100|[silent]\n|upkeep\n|turn|35\n|\n|t:|1699846352\n|switch|p2a: Golisopod|Golisopod, F|45\/100 brn\n|move|p1a: Scizor|Swords Dance|p1a: Scizor\n|-boost|p1a: Scizor|atk|2\n|\n|-damage|p1a: Scizor|58\/100 par|[from] Leech Seed|[of] p2a: Golisopod\n|-heal|p2a: Golisopod|56\/100 brn|[silent]\n|-damage|p2a: Golisopod|50\/100 brn|[from] brn\n|upkeep\n|turn|36\n|\n|t:|1699846363\n|move|p2a: Golisopod|Liquidation|p1a: Scizor\n|-damage|p1a: Scizor|43\/100 par\n|move|p1a: Scizor|Roost|p1a: Scizor\n|-heal|p1a: Scizor|93\/100 par\n|-singleturn|p1a: Scizor|move: Roost\n|\n|-damage|p1a: Scizor|81\/100 par|[from] Leech Seed|[of] p2a: Golisopod\n|-heal|p2a: Golisopod|62\/100 brn|[silent]\n|-damage|p2a: Golisopod|56\/100 brn|[from] brn\n|upkeep\n|turn|37\n|inactive|Bianca deep mark has 120 seconds left.\n|\n|t:|1699846378\n|move|p1a: Scizor|Bullet Punch|p2a: Golisopod\n|-resisted|p2a: Golisopod\n|-damage|p2a: Golisopod|22\/100 brn\n|-activate|p2a: Golisopod|ability: Emergency Exit\n|inactive|Bianca deep mark has 120 seconds left.\n|\n|t:|1699846385\n|switch|p2a: Lopunny|Lopunny-Mega, M|65\/100\n|\n|-damage|p1a: Scizor|68\/100 par|[from] Leech Seed|[of] p2a: Lopunny\n|-heal|p2a: Lopunny|81\/100|[silent]\n|upkeep\n|turn|38\n|\n|t:|1699846391\n|move|p2a: Lopunny|Fake Out|p1a: Scizor\n|-resisted|p1a: Scizor\n|-damage|p1a: Scizor|62\/100 par\n|cant|p1a: Scizor|flinch\n|\n|-damage|p1a: Scizor|50\/100 par|[from] Leech Seed|[of] p2a: Lopunny\n|-heal|p2a: Lopunny|96\/100|[silent]\n|upkeep\n|turn|39\n|\n|t:|1699846395\n|move|p1a: Scizor|Bullet Punch|p2a: Lopunny\n|-damage|p2a: Lopunny|0 fnt\n|faint|p2a: Lopunny\n|\n|upkeep\n|\n|t:|1699846400\n|switch|p2a: Ferrothorn|Ferrothorn, F, tera:Ghost|83\/100\n|turn|40\n|\n|t:|1699846411\n|switch|p1a: Tornadus|Tornadus-Therian, M|87\/100\n|move|p2a: Ferrothorn|Leech Seed|p1a: Tornadus\n|-start|p1a: Tornadus|move: Leech Seed\n|\n|-damage|p1a: Tornadus|75\/100|[from] Leech Seed|[of] p2a: Ferrothorn\n|-heal|p2a: Ferrothorn|93\/100|[silent]\n|upkeep\n|turn|41\n|\n|t:|1699846423\n|move|p1a: Tornadus|Heat Wave|p2a: Ferrothorn\n|-damage|p2a: Ferrothorn|71\/100\n|move|p2a: Ferrothorn|Leech Seed||[still]\n|-fail|p2a: Ferrothorn\n|\n|-damage|p1a: Tornadus|62\/100|[from] Leech Seed|[of] p2a: Ferrothorn\n|-heal|p2a: Ferrothorn|81\/100|[silent]\n|upkeep\n|turn|42\n|\n|t:|1699846433\n|switch|p1a: Slowking|Slowking, M|59\/100\n|-damage|p1a: Slowking|46\/100|[from] Stealth Rock\n|move|p2a: Ferrothorn|Gyro Ball|p1a: Slowking\n|-resisted|p1a: Slowking\n|-damage|p1a: Slowking|39\/100\n|\n|upkeep\n|turn|43\n|\n|t:|1699846448\n|switch|p1a: Tornadus|Tornadus-Therian, M|95\/100\n|move|p2a: Ferrothorn|Leech Seed|p1a: Tornadus\n|-start|p1a: Tornadus|move: Leech Seed\n|\n|-damage|p1a: Tornadus|83\/100|[from] Leech Seed|[of] p2a: Ferrothorn\n|-heal|p2a: Ferrothorn|92\/100|[silent]\n|upkeep\n|turn|44\n|\n|t:|1699846460\n|move|p1a: Tornadus|Hurricane|p2a: Ferrothorn|[miss]\n|-miss|p1a: Tornadus|p2a: Ferrothorn\n|move|p2a: Ferrothorn|Thunder Wave|p1a: Tornadus\n|-status|p1a: Tornadus|par\n|\n|-damage|p1a: Tornadus|71\/100 par|[from] Leech Seed|[of] p2a: Ferrothorn\n|-heal|p2a: Ferrothorn|100\/100|[silent]\n|upkeep\n|turn|45\n|\n|t:|1699846476\n|move|p1a: Tornadus|Hurricane|p2a: Ferrothorn\n|-damage|p2a: Ferrothorn|63\/100\n|-start|p2a: Ferrothorn|confusion\n|-activate|p2a: Ferrothorn|confusion\n|move|p2a: Ferrothorn|Gyro Ball|p1a: Tornadus\n|-crit|p1a: Tornadus\n|-damage|p1a: Tornadus|2\/100 par\n|\n|-damage|p1a: Tornadus|0 fnt|[from] Leech Seed|[of] p2a: Ferrothorn\n|-heal|p2a: Ferrothorn|64\/100|[silent]\n|faint|p1a: Tornadus\n|upkeep\n|\n|t:|1699846485\n|switch|p1a: Scizor|Scizor-Mega, F|50\/100 par\n|-damage|p1a: Scizor|38\/100 par|[from] Stealth Rock\n|turn|46\n|\n|t:|1699846500\n|cant|p1a: Scizor|par\n|-activate|p2a: Ferrothorn|confusion\n|-damage|p2a: Ferrothorn|58\/100|[from] confusion\n|\n|upkeep\n|turn|47\n|\n|t:|1699846510\n|move|p1a: Scizor|Roost|p1a: Scizor\n|-heal|p1a: Scizor|88\/100 par\n|-singleturn|p1a: Scizor|move: Roost\n|-activate|p2a: Ferrothorn|confusion\n|move|p2a: Ferrothorn|Leech Seed|p1a: Scizor\n|-start|p1a: Scizor|move: Leech Seed\n|\n|-damage|p1a: Scizor|76\/100 par|[from] Leech Seed|[of] p2a: Ferrothorn\n|-heal|p2a: Ferrothorn|70\/100|[silent]\n|upkeep\n|turn|48\n|\n|t:|1699846518\n|move|p1a: Scizor|Swords Dance|p1a: Scizor\n|-boost|p1a: Scizor|atk|2\n|-end|p2a: Ferrothorn|confusion\n|move|p2a: Ferrothorn|Thunder Wave|p1a: Scizor|[miss]\n|-miss|p2a: Ferrothorn|p1a: Scizor\n|\n|-damage|p1a: Scizor|63\/100 par|[from] Leech Seed|[of] p2a: Ferrothorn\n|-heal|p2a: Ferrothorn|82\/100|[silent]\n|upkeep\n|turn|49\n|\n|t:|1699846522\n|move|p1a: Scizor|Bullet Punch|p2a: Ferrothorn\n|-damage|p2a: Ferrothorn|41\/100\n|-damage|p1a: Scizor|51\/100 par|[from] ability: Iron Barbs|[of] p2a: Ferrothorn\n|-damage|p1a: Scizor|35\/100 par|[from] item: Rocky Helmet|[of] p2a: Ferrothorn\n|move|p2a: Ferrothorn|Gyro Ball|p1a: Scizor\n|-resisted|p1a: Scizor\n|-damage|p1a: Scizor|29\/100 par\n|\n|-damage|p1a: Scizor|17\/100 par|[from] Leech Seed|[of] p2a: Ferrothorn\n|-heal|p2a: Ferrothorn|52\/100|[silent]\n|upkeep\n|turn|50\n|\n|t:|1699846530\n|move|p1a: Scizor|Roost|p1a: Scizor\n|-heal|p1a: Scizor|67\/100 par\n|-singleturn|p1a: Scizor|move: Roost\n|move|p2a: Ferrothorn|Gyro Ball|p1a: Scizor\n|-resisted|p1a: Scizor\n|-damage|p1a: Scizor|63\/100 par\n|\n|-damage|p1a: Scizor|51\/100 par|[from] Leech Seed|[of] p2a: Ferrothorn\n|-heal|p2a: Ferrothorn|64\/100|[silent]\n|upkeep\n|turn|51\n|\n|t:|1699846533\n|switch|p1a: Slowking|Slowking, M|72\/100\n|-damage|p1a: Slowking|60\/100|[from] Stealth Rock\n|move|p2a: Ferrothorn|Gyro Ball|p1a: Slowking\n|-resisted|p1a: Slowking\n|-damage|p1a: Slowking|51\/100\n|\n|upkeep\n|turn|52\n|\n|t:|1699846546\n|move|p1a: Slowking|Scald|p2a: Ferrothorn\n|-damage|p2a: Ferrothorn|45\/100\n|move|p2a: Ferrothorn|Leech Seed|p1a: Slowking\n|-start|p1a: Slowking|move: Leech Seed\n|\n|-damage|p1a: Slowking|39\/100|[from] Leech Seed|[of] p2a: Ferrothorn\n|-heal|p2a: Ferrothorn|59\/100|[silent]\n|upkeep\n|turn|53\n|\n|t:|1699846552\n|move|p1a: Slowking|Scald|p2a: Ferrothorn\n|-damage|p2a: Ferrothorn|38\/100\n|-status|p2a: Ferrothorn|brn\n|move|p2a: Ferrothorn|Thunder Wave|p1a: Slowking|[miss]\n|-miss|p2a: Ferrothorn|p1a: Slowking\n|\n|-damage|p1a: Slowking|26\/100|[from] Leech Seed|[of] p2a: Ferrothorn\n|-heal|p2a: Ferrothorn|52\/100 brn|[silent]\n|-damage|p2a: Ferrothorn|46\/100 brn|[from] brn\n|upkeep\n|turn|54\n|\n|t:|1699846560\n|switch|p1a: Scizor|Scizor-Mega, F|51\/100 par\n|-damage|p1a: Scizor|38\/100 par|[from] Stealth Rock\n|move|p2a: Ferrothorn|Thunder Wave|p1a: Scizor\n|-fail|p1a: Scizor|par\n|\n|-damage|p2a: Ferrothorn|40\/100 brn|[from] brn\n|upkeep\n|turn|55\n|\n|t:|1699846570\n|move|p1a: Scizor|Roost|p1a: Scizor\n|-heal|p1a: Scizor|89\/100 par\n|-singleturn|p1a: Scizor|move: Roost\n|move|p2a: Ferrothorn|Leech Seed|p1a: Scizor\n|-start|p1a: Scizor|move: Leech Seed\n|\n|-damage|p1a: Scizor|76\/100 par|[from] Leech Seed|[of] p2a: Ferrothorn\n|-heal|p2a: Ferrothorn|52\/100 brn|[silent]\n|-damage|p2a: Ferrothorn|45\/100 brn|[from] brn\n|upkeep\n|turn|56\n|\n|t:|1699846594\n|move|p1a: Scizor|Bullet Punch|p2a: Ferrothorn\n|-damage|p2a: Ferrothorn|24\/100 brn\n|-damage|p1a: Scizor|64\/100 par|[from] ability: Iron Barbs|[of] p2a: Ferrothorn\n|-damage|p1a: Scizor|47\/100 par|[from] item: Rocky Helmet|[of] p2a: Ferrothorn\n|move|p2a: Ferrothorn|Gyro Ball|p1a: Scizor\n|-resisted|p1a: Scizor\n|-damage|p1a: Scizor|45\/100 par\n|\n|-damage|p1a: Scizor|33\/100 par|[from] Leech Seed|[of] p2a: Ferrothorn\n|-heal|p2a: Ferrothorn|36\/100 brn|[silent]\n|-damage|p2a: Ferrothorn|29\/100 brn|[from] brn\n|upkeep\n|turn|57\n|c|\u2606Bianca deep mark|\u6295\u4e86\u5427\u54e5\n|\n|t:|1699846616\n|switch|p1a: Slowking|Slowking, M|60\/100\n|-damage|p1a: Slowking|47\/100|[from] Stealth Rock\n|move|p2a: Ferrothorn|Thunder Wave|p1a: Slowking\n|-status|p1a: Slowking|par\n|\n|-damage|p2a: Ferrothorn|23\/100 brn|[from] brn\n|upkeep\n|turn|58\n|c|\u2606Bianca deep mark|\u6c42\u4f60\u4e86\n|\n|t:|1699846624\n|cant|p1a: Slowking|par\n|move|p2a: Ferrothorn|Leech Seed|p1a: Slowking\n|-start|p1a: Slowking|move: Leech Seed\n|\n|-damage|p1a: Slowking|35\/100 par|[from] Leech Seed|[of] p2a: Ferrothorn\n|-heal|p2a: Ferrothorn|37\/100 brn|[silent]\n|-damage|p2a: Ferrothorn|31\/100 brn|[from] brn\n|upkeep\n|turn|59\n|c|\u2606Bianca deep mark|Did you vote\n|\n|t:|1699846652\n|move|p1a: Slowking|Scald|p2a: Ferrothorn\n|-damage|p2a: Ferrothorn|10\/100 brn\n|move|p2a: Ferrothorn|Leech Seed||[still]\n|-fail|p2a: Ferrothorn\n|\n|-damage|p1a: Slowking|22\/100 par|[from] Leech Seed|[of] p2a: Ferrothorn\n|-heal|p2a: Ferrothorn|24\/100 brn|[silent]\n|-damage|p2a: Ferrothorn|17\/100 brn|[from] brn\n|upkeep\n|turn|60\n|\n|t:|1699846664\n|switch|p1a: Scizor|Scizor-Mega, F|33\/100 par\n|-damage|p1a: Scizor|20\/100 par|[from] Stealth Rock\n|switch|p2a: Golisopod|Golisopod, F|22\/100 brn\n|\n|-damage|p2a: Golisopod|16\/100 brn|[from] brn\n|upkeep\n|turn|61\n|\n|t:|1699846672\n|move|p2a: Golisopod|First Impression|p1a: Scizor\n|-resisted|p1a: Scizor\n|-damage|p1a: Scizor|14\/100 par\n|move|p1a: Scizor|Roost|p1a: Scizor\n|-heal|p1a: Scizor|64\/100 par\n|-singleturn|p1a: Scizor|move: Roost\n|\n|-damage|p2a: Golisopod|10\/100 brn|[from] brn\n|upkeep\n|turn|62\n|-message|Bianca deep mark forfeited.\n|\n|win|TSL Luizao\n|raw|TSL Luizao's rating: 1112 &rarr; <strong>1136<\/strong><br \/>(+24 for winning)\n|raw|Bianca deep mark's rating: 1103 &rarr; <strong>1079<\/strong><br \/>(-24 for losing)\n|l|\u2606Bianca deep mark\n|l|\u2606TSL Luizao\n|j|\u2606TSL Luizao\n|player|p1|TSL Luizao|2\n","uploadtime":1699847381,"views":5,"p1id":"tslluizao","p2id":"biancadeepmark","formatid":"gen9nationaldex","rating":1079,"private":0,"password":""}