{"id":"gen9nationaldex-1996917862","p1":"johim","p2":"adrianmeisg","format":"[Gen 9] National Dex","log":"|html|<div class=\"broadcast-blue\"><strong>[Gen 9] National Dex is currently suspecting Sneasler! For information on how to participate check out the <a href=\"https:\/\/www.smogon.com\/forums\/threads\/sv-national-dex-suspect-8-just-dance.3731534\/\">suspect thread<\/a>.<\/strong><\/div>\n|j|\u2606johim\n|j|\u2606adrianmeisg\n|t:|1700744643\n|gametype|singles\n|player|p1|johim|jogger|1220\n|player|p2|adrianmeisg|benga|1261\n|teamsize|p1|6\n|teamsize|p2|6\n|gen|9\n|tier|[Gen 9] National Dex\n|rated|\n|rule|HP Percentage Mod: HP is shown in percentages\n|rule|Endless Battle Clause: Forcing endless battles is banned\n|rule|OHKO Clause: OHKO moves are banned\n|rule|Evasion Clause: Evasion abilities, items, and moves are banned\n|rule|Evasion Abilities Clause: Evasion abilities are banned\n|rule|Evasion Items Clause: Evasion items are banned\n|rule|Evasion Moves Clause: Evasion moves are banned\n|rule|Species Clause: Limit one of each Pok\u00e9mon\n|rule|Sleep Clause Mod: Limit one foe put to sleep\n|clearpoke\n|poke|p1|Charizard, M|\n|poke|p1|Crobat, M|\n|poke|p1|Rhydon, M|\n|poke|p1|Cloyster, M|\n|poke|p1|Magneton|\n|poke|p1|Hitmonlee, M|\n|poke|p2|Pelipper, M|\n|poke|p2|Kingdra, F|\n|poke|p2|Toxapex, F|\n|poke|p2|Ferrothorn, F|\n|poke|p2|Tapu Koko|\n|poke|p2|Swampert, M|\n|teampreview\n|\n|t:|1700744663\n|start\n|switch|p1a: Hitmonlee|Hitmonlee, M|100\/100\n|switch|p2a: Pelipper|Pelipper, M|100\/100\n|-weather|RainDance|[from] ability: Drizzle|[of] p2a: Pelipper\n|turn|1\n|\n|t:|1700744676\n|switch|p2a: Ferrothorn|Ferrothorn, F|100\/100\n|move|p1a: Hitmonlee|Bulk Up|p1a: Hitmonlee\n|-boost|p1a: Hitmonlee|atk|1\n|-boost|p1a: Hitmonlee|def|1\n|\n|-weather|RainDance|[upkeep]\n|upkeep\n|turn|2\n|\n|t:|1700744688\n|move|p1a: Hitmonlee|Close Combat|p2a: Ferrothorn\n|-supereffective|p2a: Ferrothorn\n|-damage|p2a: Ferrothorn|0 fnt\n|-unboost|p1a: Hitmonlee|def|1\n|-unboost|p1a: Hitmonlee|spd|1\n|-damage|p1a: Hitmonlee|88\/100|[from] ability: Iron Barbs|[of] p2a: Ferrothorn\n|-damage|p1a: Hitmonlee|71\/100|[from] item: Rocky Helmet|[of] p2a: Ferrothorn\n|faint|p2a: Ferrothorn\n|\n|-weather|RainDance|[upkeep]\n|upkeep\n|\n|t:|1700744698\n|switch|p2a: Toxapex|Toxapex, F|100\/100\n|turn|3\n|\n|t:|1700744713\n|move|p1a: Hitmonlee|Bulk Up|p1a: Hitmonlee\n|-boost|p1a: Hitmonlee|atk|1\n|-boost|p1a: Hitmonlee|def|1\n|move|p2a: Toxapex|Haze|p2a: Toxapex\n|-clearallboost\n|\n|-weather|RainDance|[upkeep]\n|upkeep\n|turn|4\n|\n|t:|1700744724\n|move|p1a: Hitmonlee|Stone Edge|p2a: Toxapex\n|-damage|p2a: Toxapex|75\/100\n|move|p2a: Toxapex|Scald|p1a: Hitmonlee\n|-damage|p1a: Hitmonlee|35\/100\n|-status|p1a: Hitmonlee|brn\n|\n|-weather|RainDance|[upkeep]\n|-heal|p2a: Toxapex|81\/100|[from] item: Black Sludge\n|-damage|p1a: Hitmonlee|29\/100 brn|[from] brn\n|upkeep\n|turn|5\n|\n|t:|1700744736\n|move|p1a: Hitmonlee|Rapid Spin|p2a: Toxapex\n|-damage|p2a: Toxapex|74\/100\n|-boost|p1a: Hitmonlee|spe|1\n|move|p2a: Toxapex|Scald|p1a: Hitmonlee\n|-damage|p1a: Hitmonlee|0 fnt\n|faint|p1a: Hitmonlee\n|\n|-weather|RainDance|[upkeep]\n|-heal|p2a: Toxapex|80\/100|[from] item: Black Sludge\n|upkeep\n|\n|t:|1700744751\n|switch|p1a: Magneton|Magneton|100\/100\n|turn|6\n|\n|t:|1700744761\n|switch|p2a: Swampert|Swampert, M|100\/100\n|move|p1a: Magneton|Confuse Ray|p2a: Swampert\n|-start|p2a: Swampert|confusion\n|\n|-weather|RainDance|[upkeep]\n|upkeep\n|turn|7\n|\n|t:|1700744788\n|switch|p1a: Crobat|Crobat, M|100\/100\n|switch|p2a: Tapu Koko|Tapu Koko, shiny|100\/100\n|-fieldstart|move: Electric Terrain|[from] ability: Electric Surge|[of] p2a: Tapu Koko\n|\n|-weather|RainDance|[upkeep]\n|upkeep\n|turn|8\n|\n|t:|1700744802\n|switch|p1a: Rhydon|Rhydon, M|100\/100\n|move|p2a: Tapu Koko|Hidden Power|p1a: Rhydon\n|-supereffective|p1a: Rhydon\n|-damage|p1a: Rhydon|72\/100\n|\n|-weather|none\n|upkeep\n|turn|9\n|\n|t:|1700744813\n|switch|p2a: Pelipper|Pelipper, M|100\/100\n|-weather|RainDance|[from] ability: Drizzle|[of] p2a: Pelipper\n|-terastallize|p1a: Rhydon|Water\n|move|p1a: Rhydon|Swords Dance|p1a: Rhydon\n|-boost|p1a: Rhydon|atk|2\n|\n|-weather|RainDance|[upkeep]\n|upkeep\n|turn|10\n|\n|t:|1700744825\n|move|p2a: Pelipper|U-turn|p1a: Rhydon\n|-damage|p1a: Rhydon|67\/100\n|\n|t:|1700744829\n|switch|p2a: Toxapex|Toxapex, F|100\/100|[from] U-turn\n|move|p1a: Rhydon|Stone Edge|p2a: Toxapex\n|-damage|p2a: Toxapex|17\/100\n|\n|-weather|RainDance|[upkeep]\n|-heal|p2a: Toxapex|23\/100|[from] item: Black Sludge\n|upkeep\n|turn|11\n|\n|t:|1700744843\n|move|p1a: Rhydon|Earthquake|p2a: Toxapex\n|-supereffective|p2a: Toxapex\n|-damage|p2a: Toxapex|0 fnt\n|faint|p2a: Toxapex\n|\n|-weather|RainDance|[upkeep]\n|-fieldend|move: Electric Terrain\n|upkeep\n|\n|t:|1700744850\n|switch|p2a: Tapu Koko|Tapu Koko, shiny|100\/100\n|-fieldstart|move: Electric Terrain|[from] ability: Electric Surge|[of] p2a: Tapu Koko\n|turn|12\n|\n|t:|1700744856\n|move|p2a: Tapu Koko|Thunder|p1a: Rhydon\n|-ability|p1a: Rhydon|Lightning Rod|boost\n|-boost|p1a: Rhydon|spa|1\n|move|p1a: Rhydon|Earthquake|p2a: Tapu Koko\n|-supereffective|p2a: Tapu Koko\n|-damage|p2a: Tapu Koko|0 fnt\n|faint|p2a: Tapu Koko\n|\n|-weather|RainDance|[upkeep]\n|upkeep\n|\n|t:|1700744866\n|switch|p2a: Swampert|Swampert, M|100\/100\n|turn|13\n|\n|t:|1700744871\n|detailschange|p2a: Swampert|Swampert-Mega, M\n|-mega|p2a: Swampert|Swampert|Swampertite\n|move|p2a: Swampert|Earthquake|p1a: Rhydon\n|-damage|p1a: Rhydon|33\/100\n|move|p1a: Rhydon|Earthquake|p2a: Swampert\n|-damage|p2a: Swampert|2\/100\n|\n|-weather|RainDance|[upkeep]\n|upkeep\n|turn|14\n|\n|t:|1700744883\n|move|p2a: Swampert|Earthquake|p1a: Rhydon\n|-damage|p1a: Rhydon|0 fnt\n|faint|p1a: Rhydon\n|\n|-weather|RainDance|[upkeep]\n|upkeep\n|\n|t:|1700744887\n|switch|p1a: Charizard|Charizard, M|100\/100\n|turn|15\n|\n|t:|1700744899\n|detailschange|p1a: Charizard|Charizard-Mega-Y, M\n|-mega|p1a: Charizard|Charizard|Charizardite Y\n|-weather|SunnyDay|[from] ability: Drought|[of] p1a: Charizard\n|move|p1a: Charizard|Ancient Power|p2a: Swampert\n|-resisted|p2a: Swampert\n|-damage|p2a: Swampert|0 fnt\n|faint|p2a: Swampert\n|\n|-weather|SunnyDay|[upkeep]\n|upkeep\n|\n|t:|1700744909\n|switch|p2a: Pelipper|Pelipper, M|100\/100\n|-weather|RainDance|[from] ability: Drizzle|[of] p2a: Pelipper\n|turn|16\n|\n|t:|1700744916\n|switch|p1a: Magneton|Magneton|100\/100\n|move|p2a: Pelipper|Scald|p1a: Magneton\n|-damage|p1a: Magneton|51\/100\n|\n|-weather|RainDance|[upkeep]\n|-fieldend|move: Electric Terrain\n|upkeep\n|turn|17\n|\n|t:|1700744928\n|move|p1a: Magneton|Thunderbolt|p2a: Pelipper\n|-supereffective|p2a: Pelipper\n|-damage|p2a: Pelipper|0 fnt\n|faint|p2a: Pelipper\n|\n|-weather|RainDance|[upkeep]\n|upkeep\n|\n|t:|1700744934\n|switch|p2a: Kingdra|Kingdra, F, shiny|100\/100\n|turn|18\n|\n|t:|1700744943\n|move|p2a: Kingdra|Surf|p1a: Magneton\n|-damage|p1a: Magneton|0 fnt\n|faint|p1a: Magneton\n|\n|-weather|RainDance|[upkeep]\n|upkeep\n|\n|t:|1700744954\n|switch|p1a: Charizard|Charizard-Mega-Y, M|100\/100\n|-weather|SunnyDay|[from] ability: Drought|[of] p1a: Charizard\n|turn|19\n|\n|t:|1700744959\n|move|p1a: Charizard|Solar Beam||[still]\n|-prepare|p1a: Charizard|Solar Beam\n|-anim|p1a: Charizard|Solar Beam|p2a: Kingdra\n|-damage|p2a: Kingdra|45\/100\n|move|p2a: Kingdra|Surf|p1a: Charizard\n|-supereffective|p1a: Charizard\n|-damage|p1a: Charizard|40\/100\n|\n|-weather|SunnyDay|[upkeep]\n|upkeep\n|turn|20\n|\n|t:|1700744969\n|-terastallize|p2a: Kingdra|Flying\n|move|p1a: Charizard|Solar Beam||[still]\n|-prepare|p1a: Charizard|Solar Beam\n|-anim|p1a: Charizard|Solar Beam|p2a: Kingdra\n|-resisted|p2a: Kingdra\n|-damage|p2a: Kingdra|15\/100\n|move|p2a: Kingdra|Surf|p1a: Charizard\n|-supereffective|p1a: Charizard\n|-damage|p1a: Charizard|0 fnt\n|faint|p1a: Charizard\n|\n|-weather|SunnyDay|[upkeep]\n|upkeep\n|\n|t:|1700744976\n|switch|p1a: Crobat|Crobat, M|100\/100\n|turn|21\n|\n|t:|1700744980\n|move|p1a: Crobat|Air Slash|p2a: Kingdra\n|-damage|p2a: Kingdra|0 fnt\n|faint|p2a: Kingdra\n|\n|win|johim\n|raw|johim's rating: 1220 &rarr; <strong>1248<\/strong><br \/>(+28 for winning)\n|raw|adrianmeisg's rating: 1261 &rarr; <strong>1233<\/strong><br \/>(-28 for losing)\n|l|\u2606adrianmeisg\n","uploadtime":1700744985,"views":0,"p1id":"johim","p2id":"adrianmeisg","formatid":"gen9nationaldex","rating":1233,"private":0,"password":""}