{"id":"gen9nationaldex-1996157230","p1":"IceBerryCoffee","p2":"battlelllord","format":"[Gen 9] National Dex","log":"|html|<div class=\"broadcast-blue\"><strong>[Gen 9] National Dex is currently suspecting Sneasler! For information on how to participate check out the <a href=\"https:\/\/www.smogon.com\/forums\/threads\/sv-national-dex-suspect-8-just-dance.3731534\/\">suspect thread<\/a>.<\/strong><\/div>\n|j|\u2606IceBerryCoffee\n|j|\u2606battlelllord\n|t:|1700652675\n|gametype|singles\n|player|p1|IceBerryCoffee|266|1287\n|player|p2|battlelllord|266|1305\n|teamsize|p1|6\n|teamsize|p2|6\n|gen|9\n|tier|[Gen 9] National Dex\n|rated|\n|rule|HP Percentage Mod: HP is shown in percentages\n|rule|Endless Battle Clause: Forcing endless battles is banned\n|rule|OHKO Clause: OHKO moves are banned\n|rule|Evasion Clause: Evasion abilities, items, and moves are banned\n|rule|Evasion Abilities Clause: Evasion abilities are banned\n|rule|Evasion Items Clause: Evasion items are banned\n|rule|Evasion Moves Clause: Evasion moves are banned\n|rule|Species Clause: Limit one of each Pok\u00e9mon\n|rule|Sleep Clause Mod: Limit one foe put to sleep\n|clearpoke\n|poke|p1|Maushold-Four|\n|poke|p1|Empoleon, M|\n|poke|p1|Conkeldurr, F|\n|poke|p1|Typhlosion-Hisui, F|\n|poke|p1|Gyarados, M|\n|poke|p1|Hydreigon, M|\n|poke|p2|Grimmsnarl, M|\n|poke|p2|Polteageist|\n|poke|p2|Inteleon, M|\n|poke|p2|Torterra, M|\n|poke|p2|Salamence, M|\n|poke|p2|Blaziken, F|\n|teampreview\n|inactive|Battle timer is ON: inactive players will automatically lose when time's up. (requested by IceBerryCoffee)\n|\n|t:|1700652689\n|start\n|switch|p1a: Maushold|Maushold-Four|100\/100\n|switch|p2a: Grimmsnarl|Grimmsnarl, M|100\/100\n|turn|1\n|\n|t:|1700652695\n|move|p2a: Grimmsnarl|Reflect|p2a: Grimmsnarl\n|-sidestart|p2: battlelllord|Reflect\n|move|p1a: Maushold|Tidy Up|p1a: Maushold\n|-boost|p1a: Maushold|atk|1\n|-boost|p1a: Maushold|spe|1\n|\n|upkeep\n|turn|2\n|\n|t:|1700652700\n|move|p1a: Maushold|Encore|p2a: Grimmsnarl\n|-start|p2a: Grimmsnarl|Encore\n|move|p2a: Grimmsnarl|Reflect||[still]\n|-fail|p2a: Grimmsnarl\n|\n|upkeep\n|turn|3\n|\n|t:|1700652708\n|switch|p2a: Polteageist|Polteageist|100\/100\n|move|p1a: Maushold|Population Bomb|p2a: Polteageist\n|-immune|p2a: Polteageist\n|\n|upkeep\n|turn|4\n|\n|t:|1700652716\n|move|p1a: Maushold|Encore||[still]\n|-fail|p1a: Maushold\n|move|p2a: Polteageist|Shell Smash|p2a: Polteageist\n|-unboost|p2a: Polteageist|def|1\n|-unboost|p2a: Polteageist|spd|1\n|-boost|p2a: Polteageist|atk|2\n|-boost|p2a: Polteageist|spa|2\n|-boost|p2a: Polteageist|spe|2\n|\n|upkeep\n|turn|5\n|\n|t:|1700652723\n|move|p1a: Maushold|Encore|p2a: Polteageist\n|-start|p2a: Polteageist|Encore\n|move|p2a: Polteageist|Shell Smash|p2a: Polteageist\n|-unboost|p2a: Polteageist|def|1\n|-unboost|p2a: Polteageist|spd|1\n|-boost|p2a: Polteageist|atk|2\n|-boost|p2a: Polteageist|spa|2\n|-boost|p2a: Polteageist|spe|2\n|\n|upkeep\n|turn|6\n|\n|t:|1700652732\n|switch|p2a: Grimmsnarl|Grimmsnarl, M|100\/100\n|move|p1a: Maushold|Tidy Up|p1a: Maushold\n|-boost|p1a: Maushold|atk|1\n|-boost|p1a: Maushold|spe|1\n|\n|upkeep\n|turn|7\n|\n|t:|1700652739\n|move|p1a: Maushold|Population Bomb|p2a: Grimmsnarl\n|-damage|p2a: Grimmsnarl|90\/100\n|-damage|p2a: Grimmsnarl|78\/100\n|-damage|p2a: Grimmsnarl|65\/100\n|-damage|p2a: Grimmsnarl|54\/100\n|-damage|p2a: Grimmsnarl|42\/100\n|-damage|p2a: Grimmsnarl|30\/100\n|-damage|p2a: Grimmsnarl|18\/100\n|-damage|p2a: Grimmsnarl|7\/100\n|-damage|p2a: Grimmsnarl|0 fnt\n|faint|p2a: Grimmsnarl\n|-hitcount|p2: Grimmsnarl|9\n|\n|upkeep\n|\n|t:|1700652757\n|switch|p2a: Polteageist|Polteageist|100\/100\n|turn|8\n|\n|t:|1700652765\n|move|p1a: Maushold|Bite|p2a: Polteageist\n|-supereffective|p2a: Polteageist\n|-crit|p2a: Polteageist\n|-enditem|p2a: Polteageist|Focus Sash\n|-damage|p2a: Polteageist|1\/100\n|-ability|p2a: Polteageist|Weak Armor|boost\n|-unboost|p2a: Polteageist|def|1\n|-boost|p2a: Polteageist|spe|2\n|move|p2a: Polteageist|Stored Power|p1a: Maushold\n|-damage|p1a: Maushold|68\/100\n|\n|-sideend|p2: battlelllord|Reflect\n|upkeep\n|turn|9\n|-message|battlelllord forfeited.\n|\n|win|IceBerryCoffee\n|raw|IceBerryCoffee's rating: 1287 &rarr; <strong>1313<\/strong><br \/>(+26 for winning)\n|raw|battlelllord's rating: 1305 &rarr; <strong>1284<\/strong><br \/>(-21 for losing)\n","uploadtime":1700652782,"views":0,"p1id":"iceberrycoffee","p2id":"battlelllord","formatid":"gen9nationaldex","rating":1284,"private":0,"password":""}