{"id":"gen9nationaldex-1994428204","p1":"PolarKnight3739","p2":"ThatSlickBoi","format":"[Gen 9] National Dex","log":"|j|\u2606PolarKnight3739\n|j|\u2606ThatSlickBoi\n|t:|1700442828\n|gametype|singles\n|player|p1|PolarKnight3739|backpacker|\n|player|p2|ThatSlickBoi|harlequin|\n|teamsize|p1|6\n|teamsize|p2|6\n|gen|9\n|tier|[Gen 9] National Dex\n|rule|HP Percentage Mod: HP is shown in percentages\n|rule|Endless Battle Clause: Forcing endless battles is banned\n|rule|OHKO Clause: OHKO moves are banned\n|rule|Evasion Clause: Evasion abilities, items, and moves are banned\n|rule|Evasion Abilities Clause: Evasion abilities are banned\n|rule|Evasion Items Clause: Evasion items are banned\n|rule|Evasion Moves Clause: Evasion moves are banned\n|rule|Species Clause: Limit one of each Pok\u00e9mon\n|rule|Sleep Clause Mod: Limit one foe put to sleep\n|clearpoke\n|poke|p1|Gliscor, M|\n|poke|p1|Hatterene, F|\n|poke|p1|Haxorus, F|\n|poke|p1|Zapdos|\n|poke|p1|Mew|\n|poke|p1|Corviknight, F|\n|poke|p2|Great Tusk|\n|poke|p2|Iron Hands|\n|poke|p2|Heatran, M|\n|poke|p2|Walrein, F|\n|poke|p2|Iron Treads|\n|poke|p2|Celebi|\n|teampreview\n|\n|t:|1700442847\n|start\n|switch|p1a: Static Flamingo|Zapdos|100\/100\n|switch|p2a: Iron Hands|Iron Hands|100\/100\n|turn|1\n|\n|t:|1700442869\n|move|p1a: Static Flamingo|Rain Dance|p1a: Static Flamingo\n|-weather|RainDance\n|move|p2a: Iron Hands|Drain Punch|p1a: Static Flamingo\n|-resisted|p1a: Static Flamingo\n|-damage|p1a: Static Flamingo|78\/100\n|\n|-weather|RainDance|[upkeep]\n|upkeep\n|turn|2\n|\n|t:|1700442875\n|move|p1a: Static Flamingo|Hurricane|p2a: Iron Hands\n|-damage|p2a: Iron Hands|63\/100\n|move|p2a: Iron Hands|Swords Dance|p2a: Iron Hands\n|-boost|p2a: Iron Hands|atk|2\n|\n|-weather|RainDance|[upkeep]\n|-heal|p2a: Iron Hands|69\/100|[from] item: Leftovers\n|upkeep\n|turn|3\n|\n|t:|1700442887\n|move|p1a: Static Flamingo|Hurricane|p2a: Iron Hands\n|-damage|p2a: Iron Hands|32\/100\n|move|p2a: Iron Hands|Ice Punch|p1a: Static Flamingo\n|-supereffective|p1a: Static Flamingo\n|-damage|p1a: Static Flamingo|0 fnt\n|faint|p1a: Static Flamingo\n|\n|-weather|RainDance|[upkeep]\n|-heal|p2a: Iron Hands|38\/100|[from] item: Leftovers\n|upkeep\n|\n|t:|1700442901\n|switch|p1a: Psychic Rat|Mew|100\/100\n|turn|4\n|\n|t:|1700442942\n|-end|p2a: Iron Hands|Quark Drive|[silent]\n|switch|p2a: Celebi|Celebi, shiny|100\/100\n|move|p1a: Psychic Rat|Body Press|p2a: Celebi\n|-resisted|p2a: Celebi\n|-crit|p2a: Celebi\n|-damage|p2a: Celebi|84\/100\n|\n|-weather|RainDance|[upkeep]\n|upkeep\n|turn|5\n|\n|t:|1700442952\n|move|p2a: Celebi|Leaf Blade|p1a: Psychic Rat\n|-damage|p1a: Psychic Rat|71\/100\n|move|p1a: Psychic Rat|Stored Power|p2a: Celebi\n|-resisted|p2a: Celebi\n|-damage|p2a: Celebi|81\/100\n|\n|-weather|none\n|upkeep\n|turn|6\n|\n|t:|1700442971\n|switch|p1a: Edgy Lizard|Haxorus, F, shiny|100\/100\n|-ability|p1a: Edgy Lizard|Mold Breaker\n|move|p2a: Celebi|Psycho Cut|p1a: Edgy Lizard\n|-damage|p1a: Edgy Lizard|62\/100\n|\n|upkeep\n|turn|7\n|\n|t:|1700443016\n|switch|p2a: Walrein|Walrein, F|100\/100\n|move|p1a: Edgy Lizard|Shadow Claw|p2a: Walrein\n|-damage|p2a: Walrein|68\/100\n|-damage|p1a: Edgy Lizard|52\/100|[from] item: Life Orb\n|\n|upkeep\n|turn|8\n|\n|t:|1700443038\n|switch|p1a: Psychic Rat|Mew|71\/100\n|move|p2a: Walrein|Signal Beam|p1a: Psychic Rat\n|-supereffective|p1a: Psychic Rat\n|-damage|p1a: Psychic Rat|31\/100\n|\n|upkeep\n|turn|9\n|\n|t:|1700443046\n|switch|p2a: Celebi|Celebi, shiny|81\/100\n|move|p1a: Psychic Rat|Roost|p1a: Psychic Rat\n|-heal|p1a: Psychic Rat|81\/100\n|-singleturn|p1a: Psychic Rat|move: Roost\n|\n|upkeep\n|turn|10\n|\n|t:|1700443054\n|switch|p1a: Toxic Boi|Gliscor, M|100\/100\n|move|p2a: Celebi|Future Sight|p1a: Toxic Boi\n|-start|p2a: Celebi|move: Future Sight\n|\n|-status|p1a: Toxic Boi|tox|[from] item: Toxic Orb\n|upkeep\n|turn|11\n|\n|t:|1700443104\n|move|p2a: Celebi|Leaf Blade|p1a: Toxic Boi\n|-damage|p1a: Toxic Boi|71\/100 tox\n|move|p1a: Toxic Boi|Swords Dance|p1a: Toxic Boi\n|-boost|p1a: Toxic Boi|atk|2\n|\n|-heal|p1a: Toxic Boi|84\/100 tox|[from] ability: Poison Heal\n|upkeep\n|turn|12\n|\n|t:|1700443118\n|switch|p2a: Great Tusk|Great Tusk|100\/100\n|move|p1a: Toxic Boi|Facade|p2a: Great Tusk\n|-damage|p2a: Great Tusk|58\/100\n|\n|-end|p1a: Toxic Boi|move: Future Sight\n|-damage|p1a: Toxic Boi|49\/100 tox\n|-heal|p1a: Toxic Boi|62\/100 tox|[from] ability: Poison Heal\n|upkeep\n|turn|13\n|\n|t:|1700443130\n|move|p2a: Great Tusk|Headlong Rush|p1a: Toxic Boi\n|-immune|p1a: Toxic Boi\n|move|p1a: Toxic Boi|Facade|p2a: Great Tusk\n|-damage|p2a: Great Tusk|13\/100\n|\n|-heal|p1a: Toxic Boi|74\/100 tox|[from] ability: Poison Heal\n|upkeep\n|turn|14\n|\n|t:|1700443140\n|-end|p2a: Great Tusk|Protosynthesis|[silent]\n|switch|p2a: Celebi|Celebi, shiny|81\/100\n|move|p1a: Toxic Boi|Facade|p2a: Celebi\n|-damage|p2a: Celebi|12\/100\n|\n|-heal|p1a: Toxic Boi|87\/100 tox|[from] ability: Poison Heal\n|upkeep\n|turn|15\n|\n|t:|1700443149\n|move|p2a: Celebi|Psycho Cut|p1a: Toxic Boi\n|-damage|p1a: Toxic Boi|62\/100 tox\n|move|p1a: Toxic Boi|Facade|p2a: Celebi\n|-damage|p2a: Celebi|0 fnt\n|faint|p2a: Celebi\n|\n|-heal|p1a: Toxic Boi|75\/100 tox|[from] ability: Poison Heal\n|upkeep\n|\n|t:|1700443160\n|switch|p2a: Iron Treads|Iron Treads|100\/100\n|turn|16\n|\n|t:|1700443179\n|move|p2a: Iron Treads|Steel Beam|p1a: Toxic Boi\n|-damage|p1a: Toxic Boi|34\/100 tox\n|-damage|p2a: Iron Treads|50\/100|[from] steelbeam\n|move|p1a: Toxic Boi|Swords Dance|p1a: Toxic Boi\n|-boost|p1a: Toxic Boi|atk|2\n|\n|-heal|p1a: Toxic Boi|47\/100 tox|[from] ability: Poison Heal\n|upkeep\n|turn|17\n|\n|t:|1700443199\n|move|p2a: Iron Treads|Stealth Rock|p1a: Toxic Boi\n|-sidestart|p1: PolarKnight3739|move: Stealth Rock\n|move|p1a: Toxic Boi|Roost|p1a: Toxic Boi\n|-heal|p1a: Toxic Boi|97\/100 tox\n|-singleturn|p1a: Toxic Boi|move: Roost\n|\n|-heal|p1a: Toxic Boi|100\/100 tox|[from] ability: Poison Heal\n|upkeep\n|turn|18\n|\n|t:|1700443209\n|move|p2a: Iron Treads|Steel Beam|p1a: Toxic Boi\n|-damage|p1a: Toxic Boi|60\/100 tox\n|-damage|p2a: Iron Treads|0 fnt|[from] steelbeam\n|faint|p2a: Iron Treads\n|-end|p2a: Iron Treads|Quark Drive|[silent]\n|move|p1a: Toxic Boi|Facade|p2: Iron Treads|[notarget]\n|-fail|p1a: Toxic Boi\n|\n|-heal|p1a: Toxic Boi|73\/100 tox|[from] ability: Poison Heal\n|upkeep\n|\n|t:|1700443218\n|switch|p2a: Heatran|Heatran, M|100\/100\n|turn|19\n|\n|t:|1700443240\n|move|p2a: Heatran|Magma Storm|p1a: Toxic Boi|[miss]\n|-miss|p2a: Heatran|p1a: Toxic Boi\n|move|p1a: Toxic Boi|Earthquake|p2a: Heatran\n|-supereffective|p2a: Heatran\n|-crit|p2a: Heatran\n|-damage|p2a: Heatran|0 fnt\n|faint|p2a: Heatran\n|\n|-heal|p1a: Toxic Boi|85\/100 tox|[from] ability: Poison Heal\n|upkeep\n|\n|t:|1700443249\n|switch|p2a: Walrein|Walrein, F|68\/100\n|turn|20\n|\n|t:|1700443252\n|move|p1a: Toxic Boi|Earthquake|p2a: Walrein\n|-damage|p2a: Walrein|0 fnt\n|faint|p2a: Walrein\n|\n|-heal|p1a: Toxic Boi|98\/100 tox|[from] ability: Poison Heal\n|upkeep\n|\n|t:|1700443261\n|switch|p2a: Great Tusk|Great Tusk|13\/100\n|turn|21\n|\n|t:|1700443264\n|move|p2a: Great Tusk|Rapid Spin|p1a: Toxic Boi\n|-damage|p1a: Toxic Boi|84\/100 tox\n|-boost|p2a: Great Tusk|spe|1\n|move|p1a: Toxic Boi|Earthquake|p2a: Great Tusk\n|-damage|p2a: Great Tusk|0 fnt\n|faint|p2a: Great Tusk\n|-end|p2a: Great Tusk|Protosynthesis|[silent]\n|\n|-heal|p1a: Toxic Boi|96\/100 tox|[from] ability: Poison Heal\n|upkeep\n|\n|t:|1700443272\n|switch|p2a: Iron Hands|Iron Hands|38\/100\n|turn|22\n|\n|t:|1700443276\n|move|p1a: Toxic Boi|Earthquake|p2a: Iron Hands\n|-supereffective|p2a: Iron Hands\n|-damage|p2a: Iron Hands|0 fnt\n|faint|p2a: Iron Hands\n|-end|p2a: Iron Hands|Quark Drive|[silent]\n|\n|win|PolarKnight3739\n|l|\u2606ThatSlickBoi\n","uploadtime":1700443296,"views":20,"p1id":"polarknight3739","p2id":"thatslickboi","formatid":"gen9nationaldex","rating":0,"private":0,"password":""}