{"id":"gen9nationaldex-1998762150","p1":"beoneko111","p2":"qazserfvgyujnko","format":"[Gen 9] National Dex","log":"|html|<div class=\"broadcast-blue\"><strong>[Gen 9] National Dex is currently suspecting Sneasler! For information on how to participate check out the <a href=\"https:\/\/www.smogon.com\/forums\/threads\/sv-national-dex-suspect-8-just-dance.3731534\/\">suspect thread<\/a>.<\/strong><\/div>\n|j|\u2606beoneko111\n|j|\u2606qazserfvgyujnko\n|t:|1700985493\n|gametype|singles\n|player|p1|beoneko111|pilot|1241\n|player|p2|qazserfvgyujnko|linebacker|1276\n|teamsize|p1|6\n|teamsize|p2|6\n|gen|9\n|tier|[Gen 9] National Dex\n|rated|\n|rule|HP Percentage Mod: HP is shown in percentages\n|rule|Endless Battle Clause: Forcing endless battles is banned\n|rule|OHKO Clause: OHKO moves are banned\n|rule|Evasion Clause: Evasion abilities, items, and moves are banned\n|rule|Evasion Abilities Clause: Evasion abilities are banned\n|rule|Evasion Items Clause: Evasion items are banned\n|rule|Evasion Moves Clause: Evasion moves are banned\n|rule|Species Clause: Limit one of each Pok\u00e9mon\n|rule|Sleep Clause Mod: Limit one foe put to sleep\n|clearpoke\n|poke|p1|Clodsire, F|\n|poke|p1|Corviknight, F|\n|poke|p1|Samurott-Hisui, F|\n|poke|p1|Grimmsnarl, M|\n|poke|p1|Hatterene, F|\n|poke|p1|Scizor, F|\n|poke|p2|Hoopa-Unbound|\n|poke|p2|Lopunny, F|\n|poke|p2|Comfey, M|\n|poke|p2|Moltres|\n|poke|p2|Ninetales-Alola, F|\n|poke|p2|Urshifu-*, F|\n|teampreview\n|inactive|Battle timer is ON: inactive players will automatically lose when time's up. (requested by beoneko111)\n|\n|t:|1700985509\n|start\n|switch|p1a: Scizor|Scizor, F|100\/100\n|switch|p2a: Ninetales|Ninetales-Alola, F|100\/100\n|-weather|Snow|[from] ability: Snow Warning|[of] p2a: Ninetales\n|turn|1\n|\n|t:|1700985514\n|switch|p2a: Moltres|Moltres|100\/100\n|detailschange|p1a: Scizor|Scizor-Mega, F\n|-mega|p1a: Scizor|Scizor|Scizorite\n|move|p1a: Scizor|Bullet Punch|p2a: Moltres\n|-resisted|p2a: Moltres\n|-damage|p2a: Moltres|80\/100\n|\n|-weather|Snow|[upkeep]\n|upkeep\n|turn|2\n|\n|t:|1700985519\n|switch|p1a: Samurott|Samurott-Hisui, F|100\/100\n|move|p2a: Moltres|Flamethrower|p1a: Samurott\n|-resisted|p1a: Samurott\n|-damage|p1a: Samurott|70\/100\n|\n|-weather|Snow|[upkeep]\n|upkeep\n|turn|3\n|\n|t:|1700985525\n|move|p1a: Samurott|Ceaseless Edge|p2a: Moltres\n|-damage|p2a: Moltres|31\/100\n|-sidestart|p2: qazserfvgyujnko|Spikes\n|move|p2a: Moltres|U-turn|p1a: Samurott\n|-supereffective|p1a: Samurott\n|-damage|p1a: Samurott|36\/100\n|\n|t:|1700985535\n|switch|p2a: Comfey|Comfey, M|100\/100|[from] U-turn\n|-damage|p2a: Comfey|88\/100|[from] Spikes\n|\n|-weather|Snow|[upkeep]\n|upkeep\n|turn|4\n|\n|t:|1700985541\n|move|p2a: Comfey|Giga Drain|p1a: Samurott\n|-supereffective|p1a: Samurott\n|-damage|p1a: Samurott|0 fnt\n|-heal|p2a: Comfey|100\/100|[from] drain|[of] p1a: Samurott\n|faint|p1a: Samurott\n|-damage|p2a: Comfey|91\/100|[from] item: Life Orb\n|\n|-weather|Snow|[upkeep]\n|upkeep\n|\n|t:|1700985549\n|switch|p1a: Grimmsnarl|Grimmsnarl, M|100\/100\n|turn|5\n|\n|t:|1700985564\n|switch|p2a: Hoopa|Hoopa-Unbound|100\/100\n|-damage|p2a: Hoopa|88\/100|[from] Spikes\n|move|p1a: Grimmsnarl|Light Screen|p1a: Grimmsnarl\n|-sidestart|p1: beoneko111|move: Light Screen\n|\n|-weather|none\n|upkeep\n|turn|6\n|\n|t:|1700985571\n|move|p1a: Grimmsnarl|Reflect|p1a: Grimmsnarl\n|-sidestart|p1: beoneko111|Reflect\n|move|p2a: Hoopa|Gunk Shot|p1a: Grimmsnarl|[miss]\n|-miss|p2a: Hoopa|p1a: Grimmsnarl\n|\n|upkeep\n|turn|7\n|\n|t:|1700985581\n|switch|p1a: Corviknight|Corviknight, F|100\/100\n|move|p2a: Hoopa|Gunk Shot|p1a: Corviknight\n|-immune|p1a: Corviknight\n|\n|upkeep\n|turn|8\n|\n|t:|1700985589\n|switch|p2a: Urshifu|Urshifu-Rapid-Strike, F|100\/100\n|-damage|p2a: Urshifu|88\/100|[from] Spikes\n|move|p1a: Corviknight|Agility|p1a: Corviknight\n|-boost|p1a: Corviknight|spe|2\n|\n|upkeep\n|turn|9\n|\n|t:|1700985600\n|-terastallize|p1a: Corviknight|Dragon\n|move|p2a: Urshifu|Surging Strikes|p1a: Corviknight\n|-resisted|p1a: Corviknight\n|-crit|p1a: Corviknight\n|-damage|p1a: Corviknight|92\/100\n|-resisted|p1a: Corviknight\n|-crit|p1a: Corviknight\n|-damage|p1a: Corviknight|82\/100\n|-resisted|p1a: Corviknight\n|-crit|p1a: Corviknight\n|-damage|p1a: Corviknight|73\/100\n|-hitcount|p1a: Corviknight|3\n|move|p1a: Corviknight|Bulk Up|p1a: Corviknight\n|-boost|p1a: Corviknight|atk|1\n|-boost|p1a: Corviknight|def|1\n|\n|-heal|p1a: Corviknight|79\/100|[from] item: Leftovers\n|upkeep\n|turn|10\n|\n|t:|1700985618\n|switch|p2a: Comfey|Comfey, M|91\/100\n|-damage|p2a: Comfey|78\/100|[from] Spikes\n|move|p1a: Corviknight|Bulk Up|p1a: Corviknight\n|-boost|p1a: Corviknight|atk|1\n|-boost|p1a: Corviknight|def|1\n|\n|-heal|p1a: Corviknight|85\/100|[from] item: Leftovers\n|upkeep\n|turn|11\n|\n|t:|1700985627\n|move|p2a: Comfey|Draining Kiss|p1a: Corviknight\n|-supereffective|p1a: Corviknight\n|-damage|p1a: Corviknight|62\/100\n|-heal|p2a: Comfey|100\/100|[from] drain|[of] p1a: Corviknight\n|-damage|p2a: Comfey|91\/100|[from] item: Life Orb\n|move|p1a: Corviknight|Power Trip|p2a: Comfey\n|-resisted|p2a: Comfey\n|-damage|p2a: Comfey|24\/100\n|\n|-heal|p1a: Corviknight|68\/100|[from] item: Leftovers\n|upkeep\n|turn|12\n|\n|t:|1700985642\n|move|p2a: Comfey|Draining Kiss|p1a: Corviknight\n|-supereffective|p1a: Corviknight\n|-damage|p1a: Corviknight|43\/100\n|-heal|p2a: Comfey|52\/100|[from] drain|[of] p1a: Corviknight\n|-damage|p2a: Comfey|42\/100|[from] item: Life Orb\n|move|p1a: Corviknight|Agility|p1a: Corviknight\n|-boost|p1a: Corviknight|spe|2\n|\n|-heal|p1a: Corviknight|49\/100|[from] item: Leftovers\n|-sideend|p1: beoneko111|move: Light Screen\n|upkeep\n|turn|13\n|\n|t:|1700985646\n|move|p2a: Comfey|Draining Kiss|p1a: Corviknight\n|-supereffective|p1a: Corviknight\n|-crit|p1a: Corviknight\n|-damage|p1a: Corviknight|0 fnt\n|-heal|p2a: Comfey|96\/100|[from] drain|[of] p1a: Corviknight\n|faint|p1a: Corviknight\n|-damage|p2a: Comfey|87\/100|[from] item: Life Orb\n|\n|-sideend|p1: beoneko111|Reflect\n|upkeep\n|\n|t:|1700985653\n|switch|p1a: Scizor|Scizor-Mega, F|100\/100\n|turn|14\n|\n|t:|1700985661\n|switch|p2a: Urshifu|Urshifu-Rapid-Strike, F|88\/100\n|-damage|p2a: Urshifu|76\/100|[from] Spikes\n|move|p1a: Scizor|Swords Dance|p1a: Scizor\n|-boost|p1a: Scizor|atk|2\n|\n|upkeep\n|turn|15\n|\n|t:|1700985688\n|move|p2a: Urshifu|Surging Strikes|p1a: Scizor\n|-crit|p1a: Scizor\n|-damage|p1a: Scizor|85\/100\n|-crit|p1a: Scizor\n|-damage|p1a: Scizor|69\/100\n|-crit|p1a: Scizor\n|-damage|p1a: Scizor|53\/100\n|-hitcount|p1a: Scizor|3\n|move|p1a: Scizor|Dual Wingbeat|p2a: Urshifu\n|-supereffective|p2a: Urshifu\n|-damage|p2a: Urshifu|0 fnt\n|faint|p2a: Urshifu\n|-hitcount|p2: Urshifu|1\n|\n|upkeep\n|\n|t:|1700985692\n|switch|p2a: Moltres|Moltres|31\/100\n|turn|16\n|\n|t:|1700985700\n|move|p1a: Scizor|Bullet Punch|p2a: Moltres\n|-resisted|p2a: Moltres\n|-damage|p2a: Moltres|0 fnt\n|-status|p1a: Scizor|brn|[from] ability: Flame Body|[of] p2a: Moltres\n|faint|p2a: Moltres\n|\n|-damage|p1a: Scizor|47\/100 brn|[from] brn\n|upkeep\n|\n|t:|1700985705\n|switch|p2a: Lopunny|Lopunny, F|100\/100\n|-damage|p2a: Lopunny|88\/100|[from] Spikes\n|turn|17\n|\n|t:|1700985709\n|detailschange|p2a: Lopunny|Lopunny-Mega, F\n|-mega|p2a: Lopunny|Lopunny|Lopunnite\n|move|p2a: Lopunny|Fake Out|p1a: Scizor\n|-resisted|p1a: Scizor\n|-damage|p1a: Scizor|39\/100 brn\n|cant|p1a: Scizor|flinch\n|\n|-damage|p1a: Scizor|33\/100 brn|[from] brn\n|upkeep\n|turn|18\n|\n|t:|1700985713\n|move|p2a: Lopunny|Close Combat|p1a: Scizor\n|-damage|p1a: Scizor|0 fnt\n|-unboost|p2a: Lopunny|def|1\n|-unboost|p2a: Lopunny|spd|1\n|faint|p1a: Scizor\n|\n|upkeep\n|\n|t:|1700985723\n|switch|p1a: Clodsire|Clodsire, F|100\/100\n|turn|19\n|\n|t:|1700985727\n|switch|p2a: Ninetales|Ninetales-Alola, F|100\/100\n|-damage|p2a: Ninetales|88\/100|[from] Spikes\n|-weather|Snow|[from] ability: Snow Warning|[of] p2a: Ninetales\n|move|p1a: Clodsire|Toxic|p2a: Ninetales\n|-status|p2a: Ninetales|tox\n|\n|-weather|Snow|[upkeep]\n|-damage|p2a: Ninetales|82\/100 tox|[from] psn\n|upkeep\n|turn|20\n|\n|t:|1700985732\n|move|p2a: Ninetales|Blizzard|p1a: Clodsire\n|-supereffective|p1a: Clodsire\n|-damage|p1a: Clodsire|35\/100\n|-status|p1a: Clodsire|frz\n|cant|p1a: Clodsire|frz\n|\n|-weather|Snow|[upkeep]\n|-damage|p2a: Ninetales|71\/100 tox|[from] psn\n|upkeep\n|turn|21\n|\n|t:|1700985739\n|move|p2a: Ninetales|Blizzard|p1a: Clodsire\n|-supereffective|p1a: Clodsire\n|-damage|p1a: Clodsire|0 fnt\n|faint|p1a: Clodsire\n|\n|-weather|Snow|[upkeep]\n|-damage|p2a: Ninetales|53\/100 tox|[from] psn\n|upkeep\n|\n|t:|1700985741\n|switch|p1a: Grimmsnarl|Grimmsnarl, M|100\/100\n|turn|22\n|-message|beoneko111 forfeited.\n|\n|win|qazserfvgyujnko\n|raw|beoneko111's rating: 1241 &rarr; <strong>1219<\/strong><br \/>(-22 for losing)\n|raw|qazserfvgyujnko's rating: 1276 &rarr; <strong>1298<\/strong><br \/>(+22 for winning)\n|l|\u2606beoneko111\n","uploadtime":1700985757,"views":3,"p1id":"beoneko111","p2id":"qazserfvgyujnko","formatid":"gen9nationaldex","rating":1219,"private":0,"password":""}