{"id":"gen9nationaldex-1998251775","p1":"BeachCowboy","p2":"guixiyu114514","format":"[Gen 9] National Dex","log":"|html|<div class=\"broadcast-blue\"><strong>[Gen 9] National Dex is currently suspecting Sneasler! For information on how to participate check out the <a href=\"https:\/\/www.smogon.com\/forums\/threads\/sv-national-dex-suspect-8-just-dance.3731534\/\">suspect thread<\/a>.<\/strong><\/div>\n|j|\u2606BeachCowboy\n|j|\u2606guixiyu114514\n|t:|1700920063\n|gametype|singles\n|player|p1|BeachCowboy|2|1347\n|player|p2|guixiyu114514|170|1378\n|teamsize|p1|6\n|teamsize|p2|6\n|gen|9\n|tier|[Gen 9] National Dex\n|rated|\n|rule|HP Percentage Mod: HP is shown in percentages\n|rule|Endless Battle Clause: Forcing endless battles is banned\n|rule|OHKO Clause: OHKO moves are banned\n|rule|Evasion Clause: Evasion abilities, items, and moves are banned\n|rule|Evasion Abilities Clause: Evasion abilities are banned\n|rule|Evasion Items Clause: Evasion items are banned\n|rule|Evasion Moves Clause: Evasion moves are banned\n|rule|Species Clause: Limit one of each Pok\u00e9mon\n|rule|Sleep Clause Mod: Limit one foe put to sleep\n|clearpoke\n|poke|p1|Gyarados, F|\n|poke|p1|Ferrothorn, M|\n|poke|p1|Scyther, F|\n|poke|p1|Skeledirge, F|\n|poke|p1|Clefable, M|\n|poke|p1|Comfey, M|\n|poke|p2|Garchomp, F|\n|poke|p2|Tapu Lele|\n|poke|p2|Rillaboom, F|\n|poke|p2|Moltres|\n|poke|p2|Diancie|\n|poke|p2|Blaziken, F|\n|teampreview\n|\n|t:|1700920070\n|start\n|switch|p1a: Skeledirge|Skeledirge, F|100\/100\n|switch|p2a: Tapu Lele|Tapu Lele|100\/100\n|-fieldstart|move: Psychic Terrain|[from] ability: Psychic Surge|[of] p2a: Tapu Lele\n|turn|1\n|\n|t:|1700920077\n|move|p2a: Tapu Lele|Hidden Power|p1a: Skeledirge\n|-resisted|p1a: Skeledirge\n|-damage|p1a: Skeledirge|91\/100\n|move|p1a: Skeledirge|Shadow Ball|p2a: Tapu Lele\n|-supereffective|p2a: Tapu Lele\n|-damage|p2a: Tapu Lele|44\/100\n|\n|upkeep\n|turn|2\n|\n|t:|1700920084\n|switch|p2a: Moltres|Moltres|100\/100\n|move|p1a: Skeledirge|Torch Song|p2a: Moltres\n|-resisted|p2a: Moltres\n|-damage|p2a: Moltres|85\/100\n|-boost|p1a: Skeledirge|spa|1\n|\n|upkeep\n|turn|3\n|\n|t:|1700920092\n|move|p2a: Moltres|U-turn|p1a: Skeledirge\n|-resisted|p1a: Skeledirge\n|-damage|p1a: Skeledirge|88\/100\n|\n|t:|1700920094\n|switch|p2a: Diancie|Diancie|100\/100|[from] U-turn\n|move|p1a: Skeledirge|Shadow Ball|p2a: Diancie\n|-damage|p2a: Diancie|50\/100\n|\n|upkeep\n|turn|4\n|\n|t:|1700920108\n|detailschange|p2a: Diancie|Diancie-Mega\n|-mega|p2a: Diancie|Diancie|Diancite\n|move|p2a: Diancie|Power Gem|p1a: Skeledirge\n|-supereffective|p1a: Skeledirge\n|-damage|p1a: Skeledirge|35\/100\n|move|p1a: Skeledirge|Shadow Ball|p2a: Diancie\n|-damage|p2a: Diancie|0 fnt\n|faint|p2a: Diancie\n|\n|upkeep\n|\n|t:|1700920115\n|switch|p2a: Garchomp|Garchomp, F|100\/100\n|turn|5\n|\n|t:|1700920120\n|-terastallize|p1a: Skeledirge|Grass\n|move|p2a: Garchomp|Earthquake|p1a: Skeledirge\n|-resisted|p1a: Skeledirge\n|-damage|p1a: Skeledirge|15\/100\n|move|p1a: Skeledirge|Tera Blast|p2a: Garchomp|[anim] Tera Blast Grass\n|-damage|p2a: Garchomp|52\/100\n|\n|-fieldend|move: Psychic Terrain\n|upkeep\n|turn|6\n|\n|t:|1700920130\n|move|p2a: Garchomp|Swords Dance|p2a: Garchomp\n|-boost|p2a: Garchomp|atk|2\n|move|p1a: Skeledirge|Shadow Ball|p2a: Garchomp\n|-damage|p2a: Garchomp|0 fnt\n|faint|p2a: Garchomp\n|\n|upkeep\n|\n|t:|1700920135\n|switch|p2a: Blaziken|Blaziken, F|100\/100\n|turn|7\n|\n|t:|1700920139\n|move|p2a: Blaziken|Hone Claws|p2a: Blaziken\n|-boost|p2a: Blaziken|atk|1\n|-boost|p2a: Blaziken|accuracy|1\n|move|p1a: Skeledirge|Earth Power|p2a: Blaziken\n|-supereffective|p2a: Blaziken\n|-enditem|p2a: Blaziken|Focus Sash\n|-damage|p2a: Blaziken|1\/100\n|\n|-ability|p2a: Blaziken|Speed Boost|boost\n|-boost|p2a: Blaziken|spe|1\n|upkeep\n|turn|8\n|\n|t:|1700920148\n|move|p2a: Blaziken|Blaze Kick|p1a: Skeledirge\n|-supereffective|p1a: Skeledirge\n|-damage|p1a: Skeledirge|0 fnt\n|faint|p1a: Skeledirge\n|\n|-ability|p2a: Blaziken|Speed Boost|boost\n|-boost|p2a: Blaziken|spe|1\n|upkeep\n|\n|t:|1700920157\n|switch|p1a: Comfey|Comfey, M|100\/100\n|turn|9\n|\n|t:|1700920161\n|switch|p2a: Tapu Lele|Tapu Lele|44\/100\n|-fieldstart|move: Psychic Terrain|[from] ability: Psychic Surge|[of] p2a: Tapu Lele\n|move|p1a: Comfey|Draining Kiss|p2a: Tapu Lele\n|-activate|p2a: Tapu Lele|move: Psychic Terrain\n|\n|upkeep\n|turn|10\n|\n|t:|1700920169\n|switch|p1a: Ferrothorn|Ferrothorn, M|100\/100\n|move|p2a: Tapu Lele|Psychic|p1a: Ferrothorn\n|-resisted|p1a: Ferrothorn\n|-damage|p1a: Ferrothorn|60\/100\n|\n|upkeep\n|turn|11\n|\n|t:|1700920177\n|switch|p2a: Blaziken|Blaziken, F|1\/100\n|move|p1a: Ferrothorn|Leech Seed|p2a: Blaziken\n|-start|p2a: Blaziken|move: Leech Seed\n|\n|-damage|p2a: Blaziken|0 fnt|[from] Leech Seed|[of] p1a: Ferrothorn\n|-heal|p1a: Ferrothorn|60\/100|[silent]\n|faint|p2a: Blaziken\n|upkeep\n|\n|t:|1700920179\n|switch|p2a: Tapu Lele|Tapu Lele|44\/100\n|turn|12\n|\n|t:|1700920189\n|move|p2a: Tapu Lele|Hidden Power|p1a: Ferrothorn\n|-supereffective|p1a: Ferrothorn\n|-damage|p1a: Ferrothorn|0 fnt\n|faint|p1a: Ferrothorn\n|\n|upkeep\n|\n|t:|1700920201\n|switch|p1a: Scyther|Scyther, F|100\/100\n|turn|13\n|\n|t:|1700920203\n|move|p2a: Tapu Lele|Hidden Power|p1a: Scyther\n|-supereffective|p1a: Scyther\n|-damage|p1a: Scyther|53\/100\n|move|p1a: Scyther|Lunge|p2a: Tapu Lele\n|-damage|p2a: Tapu Lele|5\/100\n|-unboost|p2a: Tapu Lele|atk|1\n|\n|-fieldend|move: Psychic Terrain\n|upkeep\n|turn|14\n|\n|t:|1700920215\n|move|p2a: Tapu Lele|Hidden Power|p1a: Scyther\n|-supereffective|p1a: Scyther\n|-damage|p1a: Scyther|0 fnt\n|faint|p1a: Scyther\n|\n|upkeep\n|\n|t:|1700920225\n|switch|p1a: Clefable|Clefable, M|100\/100\n|turn|15\n|\n|t:|1700920230\n|switch|p2a: Rillaboom|Rillaboom, F|100\/100\n|-fieldstart|move: Grassy Terrain|[from] ability: Grassy Surge|[of] p2a: Rillaboom\n|move|p1a: Clefable|Cosmic Power|p1a: Clefable\n|-boost|p1a: Clefable|def|1\n|-boost|p1a: Clefable|spd|1\n|\n|upkeep\n|turn|16\n|\n|t:|1700920236\n|-terastallize|p2a: Rillaboom|Grass\n|move|p2a: Rillaboom|Wood Hammer|p1a: Clefable\n|-damage|p1a: Clefable|0 fnt\n|faint|p1a: Clefable\n|-damage|p2a: Rillaboom|73\/100|[from] Recoil\n|\n|-heal|p2a: Rillaboom|79\/100|[from] Grassy Terrain\n|upkeep\n|\n|t:|1700920248\n|switch|p1a: Comfey|Comfey, M|100\/100\n|turn|17\n|\n|t:|1700920255\n|move|p1a: Comfey|Hidden Power|p2a: Rillaboom\n|-supereffective|p2a: Rillaboom\n|-damage|p2a: Rillaboom|25\/100\n|move|p2a: Rillaboom|Wood Hammer|p1a: Comfey\n|-damage|p1a: Comfey|0 fnt\n|faint|p1a: Comfey\n|-damage|p2a: Rillaboom|4\/100|[from] Recoil\n|\n|-heal|p2a: Rillaboom|11\/100|[from] Grassy Terrain\n|upkeep\n|\n|t:|1700920265\n|switch|p1a: Gyarados|Gyarados, F|100\/100\n|turn|18\n|\n|t:|1700920268\n|switch|p2a: Tapu Lele|Tapu Lele|5\/100\n|-fieldstart|move: Psychic Terrain|[from] ability: Psychic Surge|[of] p2a: Tapu Lele\n|move|p1a: Gyarados|Dragon Dance|p1a: Gyarados\n|-boost|p1a: Gyarados|atk|1\n|-boost|p1a: Gyarados|spe|1\n|\n|upkeep\n|turn|19\n|\n|t:|1700920275\n|move|p1a: Gyarados|Earthquake|p2a: Tapu Lele\n|-damage|p2a: Tapu Lele|0 fnt\n|faint|p2a: Tapu Lele\n|-ability|p1a: Gyarados|Moxie|boost\n|-boost|p1a: Gyarados|atk|1\n|\n|upkeep\n|\n|t:|1700920278\n|switch|p2a: Moltres|Moltres|85\/100\n|turn|20\n|\n|t:|1700920282\n|move|p1a: Gyarados|Waterfall|p2a: Moltres\n|-supereffective|p2a: Moltres\n|-damage|p2a: Moltres|0 fnt\n|faint|p2a: Moltres\n|-ability|p1a: Gyarados|Moxie|boost\n|-boost|p1a: Gyarados|atk|1\n|\n|upkeep\n|\n|t:|1700920286\n|switch|p2a: Rillaboom|Rillaboom, F, tera:Grass|11\/100\n|-fieldstart|move: Grassy Terrain|[from] ability: Grassy Surge|[of] p2a: Rillaboom\n|turn|21\n|\n|t:|1700920291\n|move|p2a: Rillaboom|Grassy Glide|p1a: Gyarados\n|-damage|p1a: Gyarados|1\/100\n|move|p1a: Gyarados|Waterfall|p2a: Rillaboom\n|-resisted|p2a: Rillaboom\n|-damage|p2a: Rillaboom|0 fnt\n|faint|p2a: Rillaboom\n|\n|win|BeachCowboy\n|raw|BeachCowboy's rating: 1347 &rarr; <strong>1369<\/strong><br \/>(+22 for winning)\n|raw|guixiyu114514's rating: 1378 &rarr; <strong>1356<\/strong><br \/>(-22 for losing)\n","uploadtime":1700920298,"views":0,"p1id":"beachcowboy","p2id":"guixiyu114514","formatid":"gen9nationaldex","rating":1356,"private":0,"password":""}