{"id":"gen9nationaldex-1998844783","p1":"Asahi daisuki~~~","p2":"lawrenceyu","format":"[Gen 9] National Dex","log":"|html|<div class=\"broadcast-blue\"><strong>[Gen 9] National Dex is currently suspecting Sneasler! For information on how to participate check out the <a href=\"https:\/\/www.smogon.com\/forums\/threads\/sv-national-dex-suspect-8-just-dance.3731534\/\">suspect thread<\/a>.<\/strong><\/div>\n|j|\u2606Asahi daisuki~~~\n|j|\u2606lawrenceyu\n|t:|1701002021\n|gametype|singles\n|player|p1|Asahi daisuki~~~|101|1640\n|player|p2|lawrenceyu|1|1633\n|teamsize|p1|6\n|teamsize|p2|6\n|gen|9\n|tier|[Gen 9] National Dex\n|rated|\n|rule|HP Percentage Mod: HP is shown in percentages\n|rule|Endless Battle Clause: Forcing endless battles is banned\n|rule|OHKO Clause: OHKO moves are banned\n|rule|Evasion Clause: Evasion abilities, items, and moves are banned\n|rule|Evasion Abilities Clause: Evasion abilities are banned\n|rule|Evasion Items Clause: Evasion items are banned\n|rule|Evasion Moves Clause: Evasion moves are banned\n|rule|Species Clause: Limit one of each Pok\u00e9mon\n|rule|Sleep Clause Mod: Limit one foe put to sleep\n|clearpoke\n|poke|p1|Scizor, M|\n|poke|p1|Kyurem|\n|poke|p1|Azumarill, M|\n|poke|p1|Garganacl, F|\n|poke|p1|Landorus-Therian, M|\n|poke|p1|Cinderace, M|\n|poke|p2|Toxapex, M|\n|poke|p2|Sirfetch\u2019d, F|\n|poke|p2|Tapu Lele|\n|poke|p2|Ferrothorn, F|\n|poke|p2|Landorus-Therian, M|\n|poke|p2|Diancie|\n|teampreview\n|inactive|Battle timer is ON: inactive players will automatically lose when time's up. (requested by Asahi daisuki~~~)\n|\n|t:|1701002046\n|start\n|switch|p1a: Landorus|Landorus-Therian, M|100\/100\n|switch|p2a: Landorus|Landorus-Therian, M|100\/100\n|-ability|p1a: Landorus|Intimidate|boost\n|-unboost|p2a: Landorus|atk|1\n|-ability|p2a: Landorus|Intimidate|boost\n|-unboost|p1a: Landorus|atk|1\n|turn|1\n|\n|t:|1701002055\n|move|p1a: Landorus|Stealth Rock|p2a: Landorus\n|-sidestart|p2: lawrenceyu|move: Stealth Rock\n|move|p2a: Landorus|Stone Edge|p1a: Landorus\n|-damage|p1a: Landorus|68\/100\n|\n|upkeep\n|turn|2\n|j| NicksRokaya\n|\n|t:|1701002061\n|move|p1a: Landorus|U-turn|p2a: Landorus\n|-resisted|p2a: Landorus\n|-damage|p2a: Landorus|90\/100\n|\n|t:|1701002064\n|switch|p1a: Scizor|Scizor, M|100\/100|[from] U-turn\n|move|p2a: Landorus|Defog|p1a: Scizor\n|-unboost|p1a: Scizor|evasion|1\n|-sideend|p2: lawrenceyu|Stealth Rock|[from] move: Defog|[of] p2a: Landorus\n|\n|upkeep\n|turn|3\n|\n|t:|1701002071\n|switch|p2a: Toxapex|Toxapex, M|100\/100\n|detailschange|p1a: Scizor|Scizor-Mega, M\n|-mega|p1a: Scizor|Scizor|Scizorite\n|move|p1a: Scizor|Swords Dance|p1a: Scizor\n|-boost|p1a: Scizor|atk|2\n|\n|upkeep\n|turn|4\n|\n|t:|1701002077\n|move|p1a: Scizor|Knock Off|p2a: Toxapex\n|-damage|p2a: Toxapex|48\/100\n|-damage|p1a: Scizor|84\/100|[from] item: Rocky Helmet|[of] p2a: Toxapex\n|-enditem|p2a: Toxapex|Rocky Helmet|[from] move: Knock Off|[of] p1a: Scizor\n|move|p2a: Toxapex|Scald|p1a: Scizor\n|-damage|p1a: Scizor|69\/100\n|\n|upkeep\n|turn|5\n|\n|t:|1701002085\n|switch|p1a: Landorus|Landorus-Therian, M|68\/100\n|-ability|p1a: Landorus|Intimidate|boost\n|-unboost|p2a: Toxapex|atk|1\n|move|p2a: Toxapex|Scald|p1a: Landorus\n|-supereffective|p1a: Landorus\n|-damage|p1a: Landorus|24\/100\n|\n|upkeep\n|turn|6\n|\n|t:|1701002092\n|switch|p2a: Landorus|Landorus-Therian, M|90\/100\n|-ability|p2a: Landorus|Intimidate|boost\n|-unboost|p1a: Landorus|atk|1\n|move|p1a: Landorus|Stealth Rock|p2a: Landorus\n|-sidestart|p2: lawrenceyu|move: Stealth Rock\n|\n|upkeep\n|turn|7\n|\n|t:|1701002098\n|move|p1a: Landorus|Explosion|p2a: Landorus\n|-damage|p2a: Landorus|20\/100\n|faint|p1a: Landorus\n|move|p2a: Landorus|Defog|p1: Landorus|[notarget]\n|-fail|p2a: Landorus\n|\n|upkeep\n|\n|t:|1701002106\n|switch|p1a: Kyurem|Kyurem|100\/100\n|-ability|p1a: Kyurem|Pressure\n|turn|8\n|\n|t:|1701002111\n|move|p1a: Kyurem|Substitute|p1a: Kyurem\n|-start|p1a: Kyurem|Substitute\n|-damage|p1a: Kyurem|76\/100\n|move|p2a: Landorus|Stone Edge|p1a: Kyurem|[miss]\n|-miss|p2a: Landorus|p1a: Kyurem\n|\n|-heal|p1a: Kyurem|82\/100|[from] item: Leftovers\n|upkeep\n|turn|9\n|\n|t:|1701002119\n|move|p1a: Kyurem|Icicle Spear|p2a: Landorus\n|-supereffective|p2a: Landorus\n|-damage|p2a: Landorus|0 fnt\n|faint|p2a: Landorus\n|-hitcount|p2: Landorus|1\n|\n|-heal|p1a: Kyurem|88\/100|[from] item: Leftovers\n|upkeep\n|\n|t:|1701002130\n|switch|p2a: Diancie|Diancie|100\/100\n|-damage|p2a: Diancie|88\/100|[from] Stealth Rock\n|turn|10\n|\n|t:|1701002136\n|detailschange|p2a: Diancie|Diancie-Mega\n|-mega|p2a: Diancie|Diancie|Diancite\n|move|p2a: Diancie|Moonblast|p1a: Kyurem\n|-supereffective|p1a: Kyurem\n|-end|p1a: Kyurem|Substitute\n|move|p1a: Kyurem|Dragon Dance|p1a: Kyurem\n|-boost|p1a: Kyurem|atk|1\n|-boost|p1a: Kyurem|spe|1\n|\n|-heal|p1a: Kyurem|94\/100|[from] item: Leftovers\n|upkeep\n|turn|11\n|\n|t:|1701002145\n|move|p1a: Kyurem|Substitute|p1a: Kyurem\n|-start|p1a: Kyurem|Substitute\n|-damage|p1a: Kyurem|69\/100\n|move|p2a: Diancie|Moonblast|p1a: Kyurem\n|-supereffective|p1a: Kyurem\n|-end|p1a: Kyurem|Substitute\n|\n|-heal|p1a: Kyurem|75\/100|[from] item: Leftovers\n|upkeep\n|turn|12\n|\n|t:|1701002153\n|move|p1a: Kyurem|Icicle Spear|p2a: Diancie\n|-damage|p2a: Diancie|66\/100\n|-damage|p2a: Diancie|45\/100\n|-damage|p2a: Diancie|24\/100\n|-hitcount|p2a: Diancie|3\n|move|p2a: Diancie|Moonblast|p1a: Kyurem\n|-supereffective|p1a: Kyurem\n|-damage|p1a: Kyurem|0 fnt\n|faint|p1a: Kyurem\n|\n|upkeep\n|\n|t:|1701002159\n|switch|p1a: Scizor|Scizor-Mega, M|69\/100\n|turn|13\n|\n|t:|1701002164\n|move|p2a: Diancie|Mystical Fire|p1a: Scizor\n|-supereffective|p1a: Scizor\n|-damage|p1a: Scizor|0 fnt\n|faint|p1a: Scizor\n|\n|upkeep\n|\n|t:|1701002168\n|switch|p1a: Cinderace|Cinderace, M|100\/100\n|turn|14\n|\n|t:|1701002176\n|move|p1a: Cinderace|Pyro Ball|p2a: Diancie|[miss]\n|-miss|p1a: Cinderace|p2a: Diancie\n|move|p2a: Diancie|Earth Power|p1a: Cinderace\n|-supereffective|p1a: Cinderace\n|-damage|p1a: Cinderace|0 fnt\n|faint|p1a: Cinderace\n|\n|upkeep\n|\n|t:|1701002179\n|switch|p1a: Garganacl|Garganacl, F|100\/100\n|turn|15\n|c|\u2606lawrenceyu|\uff1f\n|\n|t:|1701002190\n|-terastallize|p1a: Garganacl|Ghost\n|move|p2a: Diancie|Moonblast|p1a: Garganacl\n|-damage|p1a: Garganacl|64\/100\n|-unboost|p1a: Garganacl|spa|1\n|move|p1a: Garganacl|Iron Defense|p1a: Garganacl\n|-boost|p1a: Garganacl|def|2\n|\n|-heal|p1a: Garganacl|70\/100|[from] item: Leftovers\n|upkeep\n|turn|16\n|\n|t:|1701002199\n|move|p2a: Diancie|Moonblast|p1a: Garganacl\n|-damage|p1a: Garganacl|33\/100\n|-unboost|p1a: Garganacl|spa|1\n|move|p1a: Garganacl|Recover|p1a: Garganacl\n|-heal|p1a: Garganacl|83\/100\n|\n|-heal|p1a: Garganacl|89\/100|[from] item: Leftovers\n|upkeep\n|turn|17\n|\n|t:|1701002207\n|move|p2a: Diancie|Moonblast|p1a: Garganacl\n|-damage|p1a: Garganacl|53\/100\n|move|p1a: Garganacl|Salt Cure|p2a: Diancie\n|-damage|p2a: Diancie|5\/100\n|-start|p2a: Diancie|Salt Cure\n|\n|-heal|p1a: Garganacl|59\/100|[from] item: Leftovers\n|-damage|p2a: Diancie|0 fnt|[from] Salt Cure\n|faint|p2a: Diancie\n|upkeep\n|\n|t:|1701002220\n|switch|p2a: Sirfetch\u2019d|Sirfetch\u2019d, F|100\/100\n|-damage|p2a: Sirfetch\u2019d|94\/100|[from] Stealth Rock\n|turn|18\n|\n|t:|1701002227\n|move|p1a: Garganacl|Protect|p1a: Garganacl\n|-singleturn|p1a: Garganacl|Protect\n|move|p2a: Sirfetch\u2019d|Knock Off|p1a: Garganacl\n|-activate|p1a: Garganacl|move: Protect\n|\n|-heal|p1a: Garganacl|66\/100|[from] item: Leftovers\n|upkeep\n|turn|19\n|\n|t:|1701002233\n|move|p2a: Sirfetch\u2019d|Knock Off|p1a: Garganacl\n|-supereffective|p1a: Garganacl\n|-crit|p1a: Garganacl\n|-damage|p1a: Garganacl|0 fnt\n|-enditem|p1a: Garganacl|Leftovers|[from] move: Knock Off|[of] p2a: Sirfetch\u2019d\n|faint|p1a: Garganacl\n|\n|upkeep\n|-message|Asahi daisuki~~~ forfeited.\n|\n|win|lawrenceyu\n|raw|Asahi daisuki~~~'s rating: 1640 &rarr; <strong>1620<\/strong><br \/>(-20 for losing)\n|raw|lawrenceyu's rating: 1633 &rarr; <strong>1653<\/strong><br \/>(+20 for winning)\n|l|\u2606Asahi daisuki~~~\n","uploadtime":1701002264,"views":1,"p1id":"asahidaisuki","p2id":"lawrenceyu","formatid":"gen9nationaldex","rating":1620,"private":0,"password":""}