{"id":"gen9nationaldex-1991231911","p1":"Charman 98","p2":"SlowySlow","format":"[Gen 9] National Dex","log":"|j|\u2606Charman 98\n|j|\u2606SlowySlow\n|t:|1700059572\n|gametype|singles\n|player|p1|Charman 98|ghetsis|1050\n|player|p2|SlowySlow|ash|1087\n|teamsize|p1|6\n|teamsize|p2|6\n|gen|9\n|tier|[Gen 9] National Dex\n|rated|\n|rule|HP Percentage Mod: HP is shown in percentages\n|rule|Endless Battle Clause: Forcing endless battles is banned\n|rule|OHKO Clause: OHKO moves are banned\n|rule|Evasion Clause: Evasion abilities, items, and moves are banned\n|rule|Evasion Abilities Clause: Evasion abilities are banned\n|rule|Evasion Items Clause: Evasion items are banned\n|rule|Evasion Moves Clause: Evasion moves are banned\n|rule|Species Clause: Limit one of each Pok\u00e9mon\n|rule|Sleep Clause Mod: Limit one foe put to sleep\n|clearpoke\n|poke|p1|Ariados, F|\n|poke|p1|Lokix, F|\n|poke|p1|Scizor, F|\n|poke|p1|Volcarona, M|\n|poke|p1|Rabsca, F|\n|poke|p1|Scolipede, F|\n|poke|p2|Beedrill, F|\n|poke|p2|Slurpuff, F|\n|poke|p2|Gyarados, F|\n|poke|p2|Cinderace, M|\n|poke|p2|Kartana|\n|poke|p2|Xurkitree|\n|teampreview\n|inactive|Battle timer is ON: inactive players will automatically lose when time's up. (requested by SlowySlow)\n|\n|t:|1700059585\n|start\n|switch|p1a: Ariados|Ariados, F|100\/100\n|switch|p2a: Xurkitree|Xurkitree|100\/100\n|turn|1\n|\n|t:|1700059598\n|move|p1a: Ariados|Sucker Punch||[still]\n|-fail|p1a: Ariados\n|-zpower|p2a: Xurkitree\n|move|p2a: Xurkitree|Z-Hypnosis|p1a: Ariados|[anim]Hypnosis\n|-boost|p2a: Xurkitree|spe|1|[zeffect]\n|-status|p1a: Ariados|slp|[from] move: Hypnosis\n|\n|upkeep\n|turn|2\n|\n|t:|1700059610\n|move|p2a: Xurkitree|Tail Glow|p2a: Xurkitree\n|-boost|p2a: Xurkitree|spa|3\n|cant|p1a: Ariados|slp\n|\n|upkeep\n|turn|3\n|\n|t:|1700059614\n|move|p2a: Xurkitree|Thunderbolt|p1a: Ariados\n|-damage|p1a: Ariados|0 fnt\n|faint|p1a: Ariados\n|-ability|p2a: Xurkitree|Beast Boost|boost\n|-boost|p2a: Xurkitree|spa|1\n|\n|upkeep\n|\n|t:|1700059617\n|switch|p1a: Lokix|Lokix, F, shiny|100\/100\n|turn|4\n|\n|t:|1700059623\n|-terastallize|p1a: Lokix|Bug\n|move|p1a: Lokix|First Impression|p2a: Xurkitree\n|-damage|p2a: Xurkitree|0 fnt\n|faint|p2a: Xurkitree\n|-damage|p1a: Lokix|91\/100|[from] item: Life Orb\n|\n|upkeep\n|\n|t:|1700059628\n|switch|p2a: Slurpuff|Slurpuff, F|100\/100\n|turn|5\n|\n|t:|1700059634\n|move|p1a: Lokix|Leech Life|p2a: Slurpuff\n|-resisted|p2a: Slurpuff\n|-crit|p2a: Slurpuff\n|-damage|p2a: Slurpuff|40\/100\n|-heal|p1a: Lokix|100\/100|[from] drain|[of] p2a: Slurpuff\n|-enditem|p2a: Slurpuff|Sitrus Berry|[eat]\n|-heal|p2a: Slurpuff|65\/100|[from] item: Sitrus Berry\n|-damage|p1a: Lokix|91\/100|[from] item: Life Orb\n|move|p2a: Slurpuff|Belly Drum|p2a: Slurpuff\n|-damage|p2a: Slurpuff|15\/100\n|-setboost|p2a: Slurpuff|atk|6|[from] move: Belly Drum\n|\n|upkeep\n|turn|6\n|\n|t:|1700059649\n|move|p2a: Slurpuff|Facade|p1a: Lokix\n|-damage|p1a: Lokix|0 fnt\n|faint|p1a: Lokix\n|\n|upkeep\n|\n|t:|1700059653\n|switch|p1a: Scizor|Scizor, F|100\/100\n|turn|7\n|\n|t:|1700059656\n|move|p1a: Scizor|Bullet Punch|p2a: Slurpuff\n|-supereffective|p2a: Slurpuff\n|-damage|p2a: Slurpuff|0 fnt\n|faint|p2a: Slurpuff\n|\n|upkeep\n|\n|t:|1700059661\n|switch|p2a: Gyarados|Gyarados, F, shiny|100\/100\n|turn|8\n|\n|t:|1700059670\n|move|p2a: Gyarados|Fire Blast|p1a: Scizor\n|-supereffective|p1a: Scizor\n|-damage|p1a: Scizor|0 fnt\n|faint|p1a: Scizor\n|-ability|p2a: Gyarados|Moxie|boost\n|-boost|p2a: Gyarados|atk|1\n|-damage|p2a: Gyarados|91\/100|[from] item: Life Orb\n|\n|upkeep\n|\n|t:|1700059681\n|switch|p1a: Scolipede|Scolipede, F|100\/100\n|turn|9\n|\n|t:|1700059686\n|-terastallize|p2a: Gyarados|Flying\n|move|p1a: Scolipede|Protect|p1a: Scolipede\n|-singleturn|p1a: Scolipede|Protect\n|move|p2a: Gyarados|Tera Blast|p1a: Scolipede|[anim] Tera Blast Flying\n|-activate|p1a: Scolipede|move: Protect\n|\n|-ability|p1a: Scolipede|Speed Boost|boost\n|-boost|p1a: Scolipede|spe|1\n|upkeep\n|turn|10\n|\n|t:|1700059693\n|move|p1a: Scolipede|Poison Jab|p2a: Gyarados\n|-damage|p2a: Gyarados|38\/100\n|move|p2a: Gyarados|Tera Blast|p1a: Scolipede|[anim] Tera Blast Flying\n|-supereffective|p1a: Scolipede\n|-damage|p1a: Scolipede|0 fnt\n|faint|p1a: Scolipede\n|-ability|p2a: Gyarados|Moxie|boost\n|-boost|p2a: Gyarados|atk|1\n|-damage|p2a: Gyarados|28\/100|[from] item: Life Orb\n|\n|upkeep\n|\n|t:|1700059701\n|switch|p1a: Volcarona|Volcarona, M|100\/100\n|turn|11\n|-message|Charman 98 forfeited.\n|\n|win|SlowySlow\n|raw|Charman 98's rating: 1050 &rarr; <strong>1034<\/strong><br \/>(-16 for losing)\n|raw|SlowySlow's rating: 1087 &rarr; <strong>1111<\/strong><br \/>(+24 for winning)\n|l|\u2606Charman 98\n","uploadtime":1700059716,"views":5,"p1id":"charman98","p2id":"slowyslow","formatid":"gen9nationaldex","rating":1034,"private":0,"password":""}