{"id":"gen9nationaldex-1994315210","p1":"Tokiwakano","p2":"rasb","format":"[Gen 9] National Dex","log":"|j|\u203dTokiwakano\n|j|\u2606rasb\n|t:|1700430213\n|gametype|singles\n|player|p1|Tokiwakano|caitlin|1653\n|player|p2|rasb|benga|1558\n|teamsize|p1|6\n|teamsize|p2|6\n|gen|9\n|tier|[Gen 9] National Dex\n|rated|\n|rule|HP Percentage Mod: HP is shown in percentages\n|rule|Endless Battle Clause: Forcing endless battles is banned\n|rule|OHKO Clause: OHKO moves are banned\n|rule|Evasion Clause: Evasion abilities, items, and moves are banned\n|rule|Evasion Abilities Clause: Evasion abilities are banned\n|rule|Evasion Items Clause: Evasion items are banned\n|rule|Evasion Moves Clause: Evasion moves are banned\n|rule|Species Clause: Limit one of each Pok\u00e9mon\n|rule|Sleep Clause Mod: Limit one foe put to sleep\n|clearpoke\n|poke|p1|Kyurem|\n|poke|p1|Clodsire, M|\n|poke|p1|Kartana|\n|poke|p1|Corviknight, F|\n|poke|p1|Ogerpon-Wellspring, F|\n|poke|p1|Heatran, M|\n|poke|p2|Clefable, M|\n|poke|p2|Urshifu-*, M|\n|poke|p2|Ninetales-Alola, M|\n|poke|p2|Great Tusk|\n|poke|p2|Tapu Lele|\n|poke|p2|Samurott-Hisui, M|\n|teampreview\n|inactive|Battle timer is ON: inactive players will automatically lose when time's up. (requested by Tokiwakano)\n|inactive|rasb has 120 seconds left.\n|\n|t:|1700430279\n|start\n|switch|p1a: Kyurem|Kyurem|100\/100\n|switch|p2a: Tapu Lele|Tapu Lele|100\/100\n|-fieldstart|move: Psychic Terrain|[from] ability: Psychic Surge|[of] p2a: Tapu Lele\n|-ability|p1a: Kyurem|Pressure\n|turn|1\n|j| yuzhibo\n|\n|t:|1700430290\n|switch|p1a: Clodsire|Clodsire, M|100\/100\n|move|p2a: Tapu Lele|Psychic|p1a: Clodsire\n|-supereffective|p1a: Clodsire\n|-damage|p1a: Clodsire|11\/100\n|\n|upkeep\n|turn|2\n|\n|t:|1700430309\n|switch|p1a: Heatran|Heatran, M|100\/100\n|-item|p1a: Heatran|Air Balloon\n|move|p2a: Tapu Lele|Psychic|p1a: Heatran\n|-resisted|p1a: Heatran\n|-damage|p1a: Heatran|71\/100\n|-enditem|p1a: Heatran|Air Balloon\n|\n|upkeep\n|turn|3\n|\n|t:|1700430316\n|switch|p2a: Samurott|Samurott-Hisui, M|100\/100\n|move|p1a: Heatran|Stealth Rock|p2a: Samurott\n|-sidestart|p2: rasb|move: Stealth Rock\n|\n|upkeep\n|turn|4\n|\n|t:|1700430328\n|move|p2a: Samurott|Ceaseless Edge|p1a: Heatran\n|-damage|p1a: Heatran|27\/100\n|-sidestart|p1: Tokiwakano|Spikes\n|move|p1a: Heatran|Toxic|p2a: Samurott\n|-status|p2a: Samurott|tox\n|\n|-damage|p2a: Samurott|94\/100 tox|[from] psn\n|upkeep\n|turn|5\n|\n|t:|1700430335\n|switch|p1a: Clodsire|Clodsire, M|11\/100\n|move|p2a: Samurott|Swords Dance|p2a: Samurott\n|-boost|p2a: Samurott|atk|2\n|\n|-damage|p2a: Samurott|82\/100 tox|[from] psn\n|-fieldend|move: Psychic Terrain\n|upkeep\n|turn|6\n|\n|t:|1700430342\n|move|p2a: Samurott|Ceaseless Edge|p1a: Clodsire\n|-damage|p1a: Clodsire|0 fnt\n|-sidestart|p1: Tokiwakano|Spikes\n|faint|p1a: Clodsire\n|\n|-damage|p2a: Samurott|63\/100 tox|[from] psn\n|upkeep\n|\n|t:|1700430348\n|switch|p1a: Kartana|Kartana|100\/100\n|-damage|p1a: Kartana|84\/100|[from] Spikes\n|turn|7\n|\n|t:|1700430357\n|move|p1a: Kartana|Leaf Blade|p2a: Samurott\n|-supereffective|p2a: Samurott\n|-damage|p2a: Samurott|0 fnt\n|faint|p2a: Samurott\n|-ability|p1a: Kartana|Beast Boost|boost\n|-boost|p1a: Kartana|atk|1\n|\n|upkeep\n|\n|t:|1700430365\n|switch|p2a: Clefable|Clefable, M|100\/100\n|-damage|p2a: Clefable|88\/100|[from] Stealth Rock\n|turn|8\n|\n|t:|1700430373\n|-terastallize|p1a: Kartana|Grass\n|move|p1a: Kartana|Leaf Blade|p2a: Clefable\n|-damage|p2a: Clefable|31\/100\n|-enditem|p2a: Clefable|Red Card|[of] p1a: Kartana\n|drag|p1a: Ogerpon|Ogerpon-Wellspring, F|100\/100\n|-damage|p1a: Ogerpon|84\/100|[from] Spikes\n|move|p2a: Clefable|Moonlight|p2a: Clefable\n|-heal|p2a: Clefable|81\/100\n|\n|upkeep\n|turn|9\n|\n|t:|1700430382\n|move|p1a: Ogerpon|Ivy Cudgel|p2a: Clefable|[anim] Ivy Cudgel Water\n|-damage|p2a: Clefable|36\/100\n|move|p2a: Clefable|Cosmic Power|p2a: Clefable\n|-boost|p2a: Clefable|def|1\n|-boost|p2a: Clefable|spd|1\n|\n|upkeep\n|turn|10\n|\n|t:|1700430407\n|switch|p1a: Heatran|Heatran, M|27\/100\n|-damage|p1a: Heatran|11\/100|[from] Spikes\n|move|p2a: Clefable|Moonlight|p2a: Clefable\n|-heal|p2a: Clefable|86\/100\n|\n|upkeep\n|turn|11\n|\n|t:|1700430415\n|-terastallize|p2a: Clefable|Poison\n|move|p1a: Heatran|Toxic|p2a: Clefable\n|-immune|p2a: Clefable\n|move|p2a: Clefable|Cosmic Power|p2a: Clefable\n|-boost|p2a: Clefable|def|1\n|-boost|p2a: Clefable|spd|1\n|\n|upkeep\n|turn|12\n|\n|t:|1700430422\n|switch|p1a: Corviknight|Corviknight, F|100\/100\n|-ability|p1a: Corviknight|Pressure\n|move|p2a: Clefable|Cosmic Power|p2a: Clefable\n|-boost|p2a: Clefable|def|1\n|-boost|p2a: Clefable|spd|1\n|\n|upkeep\n|turn|13\n|\n|t:|1700430425\n|move|p1a: Corviknight|Defog|p2a: Clefable\n|-unboost|p2a: Clefable|evasion|1\n|-sideend|p2: rasb|Stealth Rock|[from] move: Defog|[of] p1a: Corviknight\n|-sideend|p1: Tokiwakano|Spikes|[from] move: Defog|[of] p1a: Corviknight\n|move|p2a: Clefable|Cosmic Power|p2a: Clefable\n|-boost|p2a: Clefable|def|1\n|-boost|p2a: Clefable|spd|1\n|\n|upkeep\n|turn|14\n|\n|t:|1700430429\n|move|p1a: Corviknight|Brave Bird|p2a: Clefable\n|-damage|p2a: Clefable|77\/100\n|-damage|p1a: Corviknight|97\/100|[from] Recoil\n|move|p2a: Clefable|Cosmic Power|p2a: Clefable\n|-boost|p2a: Clefable|def|1\n|-boost|p2a: Clefable|spd|1\n|\n|upkeep\n|turn|15\n|\n|t:|1700430435\n|move|p1a: Corviknight|Brave Bird|p2a: Clefable\n|-damage|p2a: Clefable|69\/100\n|-damage|p1a: Corviknight|95\/100|[from] Recoil\n|move|p2a: Clefable|Stored Power|p1a: Corviknight\n|-resisted|p1a: Corviknight\n|-damage|p1a: Corviknight|73\/100\n|\n|upkeep\n|turn|16\n|\n|t:|1700430441\n|move|p1a: Corviknight|Brave Bird|p2a: Clefable\n|-damage|p2a: Clefable|60\/100\n|-damage|p1a: Corviknight|71\/100|[from] Recoil\n|move|p2a: Clefable|Stored Power|p1a: Corviknight\n|-resisted|p1a: Corviknight\n|-damage|p1a: Corviknight|48\/100\n|\n|upkeep\n|turn|17\n|\n|t:|1700430447\n|move|p1a: Corviknight|Roost|p1a: Corviknight\n|-heal|p1a: Corviknight|98\/100\n|-singleturn|p1a: Corviknight|move: Roost\n|move|p2a: Clefable|Stored Power|p1a: Corviknight\n|-resisted|p1a: Corviknight\n|-damage|p1a: Corviknight|77\/100\n|\n|upkeep\n|turn|18\n|\n|t:|1700430453\n|move|p1a: Corviknight|Brave Bird|p2a: Clefable\n|-damage|p2a: Clefable|53\/100\n|-damage|p1a: Corviknight|74\/100|[from] Recoil\n|move|p2a: Clefable|Stored Power|p1a: Corviknight\n|-resisted|p1a: Corviknight\n|-damage|p1a: Corviknight|49\/100\n|\n|upkeep\n|turn|19\n|\n|t:|1700430459\n|move|p1a: Corviknight|Roost|p1a: Corviknight\n|-heal|p1a: Corviknight|99\/100\n|-singleturn|p1a: Corviknight|move: Roost\n|move|p2a: Clefable|Moonlight|p2a: Clefable\n|-heal|p2a: Clefable|100\/100\n|\n|upkeep\n|turn|20\n|\n|t:|1700430466\n|switch|p2a: Ninetales|Ninetales-Alola, M|100\/100\n|-weather|Snow|[from] ability: Snow Warning|[of] p2a: Ninetales\n|move|p1a: Corviknight|Brave Bird|p2a: Ninetales\n|-damage|p2a: Ninetales|63\/100\n|-damage|p1a: Corviknight|90\/100|[from] Recoil\n|\n|-weather|Snow|[upkeep]\n|upkeep\n|turn|21\n|\n|t:|1700430473\n|move|p2a: Ninetales|Aurora Veil|p2a: Ninetales\n|-sidestart|p2: rasb|move: Aurora Veil\n|move|p1a: Corviknight|U-turn|p2a: Ninetales\n|-resisted|p2a: Ninetales\n|-damage|p2a: Ninetales|59\/100\n|\n|t:|1700430478\n|switch|p1a: Heatran|Heatran, M|11\/100|[from] U-turn\n|\n|-weather|Snow|[upkeep]\n|upkeep\n|turn|22\n|\n|t:|1700430505\n|move|p2a: Ninetales|Hypnosis|p1a: Heatran|[miss]\n|-miss|p2a: Ninetales|p1a: Heatran\n|move|p1a: Heatran|Toxic|p2a: Ninetales|[miss]\n|-miss|p1a: Heatran|p2a: Ninetales\n|\n|-weather|Snow|[upkeep]\n|upkeep\n|turn|23\n|\n|t:|1700430509\n|switch|p2a: Clefable|Clefable, M, tera:Poison|100\/100\n|move|p1a: Heatran|Stealth Rock|p2a: Clefable\n|-sidestart|p2: rasb|move: Stealth Rock\n|\n|-weather|Snow|[upkeep]\n|upkeep\n|turn|24\n|\n|t:|1700430516\n|switch|p1a: Corviknight|Corviknight, F|90\/100\n|-ability|p1a: Corviknight|Pressure\n|switch|p2a: Urshifu|Urshifu-Rapid-Strike, M|100\/100\n|-damage|p2a: Urshifu|94\/100|[from] Stealth Rock\n|\n|-weather|none\n|upkeep\n|turn|25\n|\n|t:|1700430523\n|move|p2a: Urshifu|Swords Dance|p2a: Urshifu\n|-boost|p2a: Urshifu|atk|2\n|move|p1a: Corviknight|U-turn|p2a: Urshifu\n|-resisted|p2a: Urshifu\n|-crit|p2a: Urshifu\n|-damage|p2a: Urshifu|83\/100\n|\n|t:|1700430529\n|switch|p1a: Kartana|Kartana, tera:Grass|84\/100|[from] U-turn\n|\n|upkeep\n|turn|26\n|inactive|rasb has 120 seconds left.\n|\n|t:|1700430564\n|switch|p1a: Heatran|Heatran, M|11\/100\n|move|p2a: Urshifu|Close Combat|p1a: Heatran\n|-supereffective|p1a: Heatran\n|-damage|p1a: Heatran|0 fnt\n|-unboost|p2a: Urshifu|def|1\n|-unboost|p2a: Urshifu|spd|1\n|faint|p1a: Heatran\n|\n|upkeep\n|\n|t:|1700430569\n|switch|p1a: Kartana|Kartana, tera:Grass|84\/100\n|turn|27\n|\n|t:|1700430578\n|switch|p2a: Clefable|Clefable, M, tera:Poison|100\/100\n|-damage|p2a: Clefable|88\/100|[from] Stealth Rock\n|move|p1a: Kartana|Leaf Blade|p2a: Clefable\n|-resisted|p2a: Clefable\n|-damage|p2a: Clefable|72\/100\n|\n|upkeep\n|turn|28\n|\n|t:|1700430585\n|switch|p1a: Kyurem|Kyurem|100\/100\n|-ability|p1a: Kyurem|Pressure\n|move|p2a: Clefable|Cosmic Power|p2a: Clefable\n|-boost|p2a: Clefable|def|1\n|-boost|p2a: Clefable|spd|1\n|\n|-sideend|p2: rasb|move: Aurora Veil\n|upkeep\n|turn|29\n|\n|t:|1700430591\n|move|p1a: Kyurem|Ice Beam|p2a: Clefable\n|-damage|p2a: Clefable|31\/100\n|move|p2a: Clefable|Cosmic Power|p2a: Clefable\n|-boost|p2a: Clefable|def|1\n|-boost|p2a: Clefable|spd|1\n|\n|upkeep\n|turn|30\n|\n|t:|1700430597\n|move|p1a: Kyurem|Ice Beam|p2a: Clefable\n|-damage|p2a: Clefable|0 fnt\n|faint|p2a: Clefable\n|\n|upkeep\n|\n|t:|1700430605\n|switch|p2a: Urshifu|Urshifu-Rapid-Strike, M|83\/100\n|-damage|p2a: Urshifu|77\/100|[from] Stealth Rock\n|turn|31\n|\n|t:|1700430612\n|switch|p1a: Corviknight|Corviknight, F|90\/100\n|-ability|p1a: Corviknight|Pressure\n|move|p2a: Urshifu|Close Combat|p1a: Corviknight\n|-damage|p1a: Corviknight|51\/100\n|-unboost|p2a: Urshifu|def|1\n|-unboost|p2a: Urshifu|spd|1\n|-damage|p2a: Urshifu|60\/100|[from] item: Rocky Helmet|[of] p1a: Corviknight\n|\n|upkeep\n|turn|32\n|\n|t:|1700430622\n|move|p2a: Urshifu|Surging Strikes|p1a: Corviknight\n|-crit|p1a: Corviknight\n|-damage|p1a: Corviknight|37\/100\n|-crit|p1a: Corviknight\n|-damage|p1a: Corviknight|25\/100\n|-crit|p1a: Corviknight\n|-damage|p1a: Corviknight|12\/100\n|-hitcount|p1a: Corviknight|3\n|move|p1a: Corviknight|U-turn|p2a: Urshifu\n|-resisted|p2a: Urshifu\n|-damage|p2a: Urshifu|50\/100\n|\n|t:|1700430624\n|switch|p1a: Kartana|Kartana, tera:Grass|84\/100|[from] U-turn\n|\n|upkeep\n|turn|33\n|\n|t:|1700430632\n|move|p1a: Kartana|Leaf Blade|p2a: Urshifu\n|-supereffective|p2a: Urshifu\n|-damage|p2a: Urshifu|0 fnt\n|faint|p2a: Urshifu\n|-ability|p1a: Kartana|Beast Boost|boost\n|-boost|p1a: Kartana|atk|1\n|\n|upkeep\n|\n|t:|1700430636\n|switch|p2a: Ninetales|Ninetales-Alola, M|59\/100\n|-damage|p2a: Ninetales|35\/100|[from] Stealth Rock\n|-weather|Snow|[from] ability: Snow Warning|[of] p2a: Ninetales\n|turn|34\n|\n|t:|1700430641\n|move|p1a: Kartana|Leaf Blade|p2a: Ninetales\n|-damage|p2a: Ninetales|0 fnt\n|faint|p2a: Ninetales\n|-ability|p1a: Kartana|Beast Boost|boost\n|-boost|p1a: Kartana|atk|1\n|\n|-weather|Snow|[upkeep]\n|upkeep\n|\n|t:|1700430648\n|switch|p2a: Tapu Lele|Tapu Lele|100\/100\n|-damage|p2a: Tapu Lele|88\/100|[from] Stealth Rock\n|-fieldstart|move: Psychic Terrain|[from] ability: Psychic Surge|[of] p2a: Tapu Lele\n|turn|35\n|\n|t:|1700430652\n|move|p1a: Kartana|Leaf Blade|p2a: Tapu Lele\n|-damage|p2a: Tapu Lele|0 fnt\n|faint|p2a: Tapu Lele\n|-ability|p1a: Kartana|Beast Boost|boost\n|-boost|p1a: Kartana|atk|1\n|\n|-weather|Snow|[upkeep]\n|upkeep\n|\n|t:|1700430654\n|switch|p2a: Great Tusk|Great Tusk|100\/100\n|-damage|p2a: Great Tusk|98\/100|[from] Stealth Rock\n|turn|36\n|\n|t:|1700430657\n|move|p1a: Kartana|Leaf Blade|p2a: Great Tusk\n|-supereffective|p2a: Great Tusk\n|-damage|p2a: Great Tusk|0 fnt\n|faint|p2a: Great Tusk\n|-end|p2a: Great Tusk|Protosynthesis|[silent]\n|\n|win|Tokiwakano\n|raw|Tokiwakano's rating: 1653 &rarr; <strong>1668<\/strong><br \/>(+15 for winning)\n|raw|rasb's rating: 1558 &rarr; <strong>1543<\/strong><br \/>(-15 for losing)\n","uploadtime":1700430661,"views":31,"p1id":"tokiwakano","p2id":"rasb","formatid":"gen9nationaldex","rating":1543,"private":0,"password":""}