{"id":"gen9nationaldex-1996516231","p1":"alphabet_donke","p2":"FlameAceGaming","format":"[Gen 9] National Dex","log":"|html|<div class=\"broadcast-blue\"><strong>[Gen 9] National Dex is currently suspecting Sneasler! For information on how to participate check out the <a href=\"https:\/\/www.smogon.com\/forums\/threads\/sv-national-dex-suspect-8-just-dance.3731534\/\">suspect thread<\/a>.<\/strong><\/div>\n|j|\u2606alphabet_donke\n|j|\u2606FlameAceGaming\n|t:|1700689680\n|gametype|singles\n|player|p1|alphabet_donke|colress|1089\n|player|p2|FlameAceGaming|norman|1142\n|teamsize|p1|6\n|teamsize|p2|6\n|gen|9\n|tier|[Gen 9] National Dex\n|rated|\n|rule|HP Percentage Mod: HP is shown in percentages\n|rule|Endless Battle Clause: Forcing endless battles is banned\n|rule|OHKO Clause: OHKO moves are banned\n|rule|Evasion Clause: Evasion abilities, items, and moves are banned\n|rule|Evasion Abilities Clause: Evasion abilities are banned\n|rule|Evasion Items Clause: Evasion items are banned\n|rule|Evasion Moves Clause: Evasion moves are banned\n|rule|Species Clause: Limit one of each Pok\u00e9mon\n|rule|Sleep Clause Mod: Limit one foe put to sleep\n|clearpoke\n|poke|p1|Lycanroc-Midnight, M|\n|poke|p1|Iron Treads|\n|poke|p1|Galvantula, M|\n|poke|p1|Zangoose, M|\n|poke|p1|Ceruledge, M|\n|poke|p1|Dragonite, M|\n|poke|p2|Zeraora|\n|poke|p2|Gardevoir, F|\n|poke|p2|Infernape, M|\n|poke|p2|Alcremie-Rainbow-Swirl, F|\n|poke|p2|Lycanroc-Dusk, M|\n|poke|p2|Urshifu-*, M|\n|teampreview\n|inactive|Battle timer is ON: inactive players will automatically lose when time's up. (requested by FlameAceGaming)\n|inactive|alphabet_donke also wants the timer to be on.\n|\n|t:|1700689689\n|start\n|switch|p1a: Galvantula|Galvantula, M, shiny|100\/100\n|switch|p2a: Zeraora|Zeraora|100\/100\n|turn|1\n|\n|t:|1700689694\n|move|p2a: Zeraora|Fake Out|p1a: Galvantula\n|-damage|p1a: Galvantula|75\/100\n|cant|p1a: Galvantula|flinch\n|\n|upkeep\n|turn|2\n|\n|t:|1700689702\n|move|p2a: Zeraora|Knock Off|p1a: Galvantula\n|-damage|p1a: Galvantula|10\/100\n|-enditem|p1a: Galvantula|Focus Sash|[from] move: Knock Off|[of] p2a: Zeraora\n|move|p1a: Galvantula|Sticky Web|p2a: Zeraora\n|-sidestart|p2: FlameAceGaming|move: Sticky Web\n|\n|upkeep\n|turn|3\n|\n|t:|1700689707\n|move|p2a: Zeraora|Plasma Fists|p1a: Galvantula\n|-resisted|p1a: Galvantula\n|-damage|p1a: Galvantula|0 fnt\n|-fieldactivate|move: Ion Deluge\n|-hint|Normal-type moves become Electric-type after using Plasma Fists.\n|faint|p1a: Galvantula\n|\n|upkeep\n|\n|t:|1700689716\n|switch|p1a: Iron Treads|Iron Treads|100\/100\n|turn|4\n|\n|t:|1700689731\n|move|p2a: Zeraora|Knock Off|p1a: Iron Treads\n|-damage|p1a: Iron Treads|74\/100\n|-enditem|p1a: Iron Treads|Mago Berry|[from] move: Knock Off|[of] p2a: Zeraora\n|move|p1a: Iron Treads|Iron Defense|p1a: Iron Treads\n|-boost|p1a: Iron Treads|def|2\n|\n|upkeep\n|turn|5\n|\n|t:|1700689740\n|move|p2a: Zeraora|Knock Off|p1a: Iron Treads\n|-damage|p1a: Iron Treads|65\/100\n|move|p1a: Iron Treads|Iron Defense|p1a: Iron Treads\n|-boost|p1a: Iron Treads|def|2\n|\n|upkeep\n|turn|6\n|\n|t:|1700689748\n|move|p2a: Zeraora|Knock Off|p1a: Iron Treads\n|-damage|p1a: Iron Treads|59\/100\n|move|p1a: Iron Treads|Iron Defense|p1a: Iron Treads\n|-boost|p1a: Iron Treads|def|2\n|\n|upkeep\n|turn|7\n|\n|t:|1700689753\n|move|p2a: Zeraora|Knock Off|p1a: Iron Treads\n|-damage|p1a: Iron Treads|54\/100\n|move|p1a: Iron Treads|Rapid Spin|p2a: Zeraora\n|-damage|p2a: Zeraora|81\/100\n|-boost|p1a: Iron Treads|spe|1\n|\n|upkeep\n|turn|8\n|\n|t:|1700689760\n|move|p1a: Iron Treads|Rapid Spin|p2a: Zeraora\n|-damage|p2a: Zeraora|61\/100\n|-boost|p1a: Iron Treads|spe|1\n|move|p2a: Zeraora|Drain Punch|p1a: Iron Treads\n|-supereffective|p1a: Iron Treads\n|-damage|p1a: Iron Treads|44\/100\n|-heal|p2a: Zeraora|66\/100|[from] drain|[of] p1a: Iron Treads\n|\n|upkeep\n|turn|9\n|\n|t:|1700689770\n|move|p1a: Iron Treads|Earthquake|p2a: Zeraora\n|-supereffective|p2a: Zeraora\n|-enditem|p2a: Zeraora|Shuca Berry|[eat]\n|-enditem|p2a: Zeraora|Shuca Berry|[weaken]\n|-damage|p2a: Zeraora|9\/100\n|move|p2a: Zeraora|Drain Punch|p1a: Iron Treads\n|-supereffective|p1a: Iron Treads\n|-damage|p1a: Iron Treads|34\/100\n|-heal|p2a: Zeraora|14\/100|[from] drain|[of] p1a: Iron Treads\n|\n|upkeep\n|turn|10\n|\n|t:|1700689781\n|move|p1a: Iron Treads|Earthquake|p2a: Zeraora\n|-supereffective|p2a: Zeraora\n|-damage|p2a: Zeraora|0 fnt\n|faint|p2a: Zeraora\n|\n|upkeep\n|\n|t:|1700689796\n|switch|p2a: Infernape|Infernape, M|100\/100\n|-activate|p2a: Infernape|move: Sticky Web\n|-unboost|p2a: Infernape|spe|1\n|turn|11\n|inactive|FlameAceGaming has 120 seconds left.\n|c|\u2606alphabet_donke|big tanky boi\n|\n|t:|1700689826\n|move|p1a: Iron Treads|Earthquake|p2a: Infernape\n|-supereffective|p2a: Infernape\n|-damage|p2a: Infernape|0 fnt\n|faint|p2a: Infernape\n|\n|upkeep\n|c|\u2606FlameAceGaming|yes\n|\n|t:|1700689832\n|switch|p2a: Urshifu|Urshifu-Rapid-Strike, M|100\/100\n|-activate|p2a: Urshifu|move: Sticky Web\n|-unboost|p2a: Urshifu|spe|1\n|turn|12\n|\n|t:|1700689839\n|-terastallize|p2a: Urshifu|Water\n|move|p1a: Iron Treads|Body Press|p2a: Urshifu\n|-damage|p2a: Urshifu|0 fnt\n|faint|p2a: Urshifu\n|\n|upkeep\n|\n|t:|1700689847\n|switch|p2a: Gardevoir|Gardevoir, F, shiny|100\/100\n|-activate|p2a: Gardevoir|move: Sticky Web\n|-unboost|p2a: Gardevoir|spe|1\n|turn|13\n|inactive|FlameAceGaming has 120 seconds left.\n|\n|t:|1700689854\n|detailschange|p2a: Gardevoir|Gardevoir-Mega, F, shiny\n|-mega|p2a: Gardevoir|Gardevoir|Gardevoirite\n|move|p1a: Iron Treads|Earthquake|p2a: Gardevoir\n|-damage|p2a: Gardevoir|15\/100\n|move|p2a: Gardevoir|Hyper Beam|p1a: Iron Treads\n|-resisted|p1a: Iron Treads\n|-damage|p1a: Iron Treads|0 fnt\n|-mustrecharge|p2a: Gardevoir\n|faint|p1a: Iron Treads\n|-end|p1a: Iron Treads|Quark Drive|[silent]\n|\n|upkeep\n|c|\u2606alphabet_donke|aw\n|\n|t:|1700689871\n|switch|p1a: Lycanroc|Lycanroc-Midnight, M, shiny|100\/100\n|turn|14\n|\n|t:|1700689876\n|move|p1a: Lycanroc|Swords Dance|p1a: Lycanroc\n|-boost|p1a: Lycanroc|atk|2\n|cant|p2a: Gardevoir|recharge\n|\n|upkeep\n|turn|15\n|c|\u2606FlameAceGaming|my fave Lycanroc form\n|c|\u2606alphabet_donke|yeah\n|c|\u2606alphabet_donke|same\n|inactive|FlameAceGaming has 120 seconds left.\n|\n|t:|1700689904\n|move|p1a: Lycanroc|Iron Tail|p2a: Gardevoir\n|-supereffective|p2a: Gardevoir\n|-damage|p2a: Gardevoir|0 fnt\n|faint|p2a: Gardevoir\n|\n|upkeep\n|c|\u2606alphabet_donke|cant run lycanrock zmove on the other forms main cuz accelerock\n|\n|t:|1700689926\n|switch|p2a: Warcrimes|Lycanroc-Dusk, M, shiny|100\/100\n|-activate|p2a: Warcrimes|move: Sticky Web\n|-unboost|p2a: Warcrimes|spe|1\n|turn|16\n|\n|t:|1700689938\n|move|p1a: Lycanroc|Iron Tail|p2a: Warcrimes\n|-supereffective|p2a: Warcrimes\n|-damage|p2a: Warcrimes|0 fnt\n|faint|p2a: Warcrimes\n|\n|upkeep\n|inactive|FlameAceGaming has 90 seconds left.\n|c|\u2606FlameAceGaming|I was about to do it anyway lol\n|\n|t:|1700689956\n|switch|p2a: Alcremie|Alcremie-Rainbow-Swirl, F|100\/100\n|-activate|p2a: Alcremie|move: Sticky Web\n|-unboost|p2a: Alcremie|spe|1\n|turn|17\n|inactive|FlameAceGaming has 90 seconds left.\n|c|\u2606alphabet_donke|no gaurd i can t miss\n|c|\u2606alphabet_donke|its a W ability\n|c|\u2606FlameAceGaming|yeah\n|c|\u2606FlameAceGaming|i thought it was No Guard\n|\n|t:|1700689989\n|-zpower|p1a: Lycanroc\n|move|p1a: Lycanroc|Splintered Stormshards|p2a: Alcremie|[zeffect]\n|-damage|p2a: Alcremie|0 fnt\n|faint|p2a: Alcremie\n|\n|win|alphabet_donke\n|raw|alphabet_donke's rating: 1089 &rarr; <strong>1120<\/strong><br \/>(+31 for winning)\n|raw|FlameAceGaming's rating: 1142 &rarr; <strong>1113<\/strong><br \/>(-29 for losing)\n|c|\u2606alphabet_donke|ggs\n|c|\u2606FlameAceGaming|welp, gg\n|c|\u2606FlameAceGaming|imagine No Guard Zap Cannon\n|l|\u2606FlameAceGaming\n","uploadtime":1700690024,"views":20,"p1id":"alphabetdonke","p2id":"flameacegaming","formatid":"gen9nationaldex","rating":1113,"private":0,"password":""}