{"id":"gen9nationaldex-1991204172","p1":"Wobbuffet 6s","p2":"lilpeski","format":"[Gen 9] National Dex","log":"|j|\u2606Wobbuffet 6s\n|j|\u2606lilpeski\n|t:|1700056848\n|gametype|singles\n|player|p1|Wobbuffet 6s|cynthia|1266\n|player|p2|lilpeski|hugh|1160\n|teamsize|p1|6\n|teamsize|p2|6\n|gen|9\n|tier|[Gen 9] National Dex\n|rated|\n|rule|HP Percentage Mod: HP is shown in percentages\n|rule|Endless Battle Clause: Forcing endless battles is banned\n|rule|OHKO Clause: OHKO moves are banned\n|rule|Evasion Clause: Evasion abilities, items, and moves are banned\n|rule|Evasion Abilities Clause: Evasion abilities are banned\n|rule|Evasion Items Clause: Evasion items are banned\n|rule|Evasion Moves Clause: Evasion moves are banned\n|rule|Species Clause: Limit one of each Pok\u00e9mon\n|rule|Sleep Clause Mod: Limit one foe put to sleep\n|clearpoke\n|poke|p1|Toxapex, M|\n|poke|p1|Clefable, F|\n|poke|p1|Gliscor, F|\n|poke|p1|Ferrothorn, F|\n|poke|p1|Kommo-o, M|\n|poke|p1|Gyarados, M|\n|poke|p2|Venusaur, M|\n|poke|p2|Jirachi|\n|poke|p2|Zapdos|\n|poke|p2|Blastoise, F|\n|poke|p2|Dragonite, M|\n|poke|p2|Mew|\n|teampreview\n|\n|t:|1700056858\n|start\n|switch|p1a: Dragon King|Kommo-o, M|100\/100\n|switch|p2a: Glock|Zapdos, shiny|100\/100\n|turn|1\n|\n|t:|1700056865\n|-zpower|p1a: Dragon King\n|move|p1a: Dragon King|Clangorous Soulblaze|p2a: Glock|[zeffect]\n|-damage|p2a: Glock|27\/100\n|-boost|p1a: Dragon King|atk|1\n|-boost|p1a: Dragon King|def|1\n|-boost|p1a: Dragon King|spa|1\n|-boost|p1a: Dragon King|spd|1\n|-boost|p1a: Dragon King|spe|1\n|move|p2a: Glock|Thunder Wave|p1a: Dragon King|[miss]\n|-miss|p2a: Glock|p1a: Dragon King\n|\n|upkeep\n|turn|2\n|\n|t:|1700056885\n|move|p1a: Dragon King|Clanging Scales|p2a: Glock\n|-damage|p2a: Glock|0 fnt\n|faint|p2a: Glock\n|-unboost|p1a: Dragon King|def|1\n|\n|upkeep\n|inactive|Battle timer is ON: inactive players will automatically lose when time's up. (requested by Wobbuffet 6s)\n|\n|t:|1700056888\n|switch|p2a: Codeine|Blastoise, F, shiny|100\/100\n|turn|3\n|\n|t:|1700056894\n|move|p1a: Dragon King|Clanging Scales|p2a: Codeine\n|-damage|p2a: Codeine|41\/100\n|-unboost|p1a: Dragon King|def|1\n|move|p2a: Codeine|Toxic|p1a: Dragon King\n|-status|p1a: Dragon King|tox\n|\n|-heal|p2a: Codeine|47\/100|[from] item: Leftovers\n|-damage|p1a: Dragon King|94\/100 tox|[from] psn\n|upkeep\n|turn|4\n|\n|t:|1700056902\n|move|p2a: Codeine|Protect|p2a: Codeine\n|-singleturn|p2a: Codeine|Protect\n|move|p1a: Dragon King|Clanging Scales|p2a: Codeine\n|-activate|p2a: Codeine|move: Protect\n|\n|-heal|p2a: Codeine|54\/100|[from] item: Leftovers\n|-damage|p1a: Dragon King|82\/100 tox|[from] psn\n|upkeep\n|turn|5\n|\n|t:|1700056913\n|move|p1a: Dragon King|Clanging Scales|p2a: Codeine\n|-damage|p2a: Codeine|0 fnt\n|faint|p2a: Codeine\n|-unboost|p1a: Dragon King|def|1\n|\n|-damage|p1a: Dragon King|63\/100 tox|[from] psn\n|upkeep\n|\n|t:|1700056917\n|switch|p2a: Subway|Venusaur, M, shiny|100\/100\n|turn|6\n|\n|t:|1700056922\n|move|p2a: Subway|Protect|p2a: Subway\n|-singleturn|p2a: Subway|Protect\n|move|p1a: Dragon King|Flamethrower|p2a: Subway\n|-activate|p2a: Subway|move: Protect\n|\n|-damage|p1a: Dragon King|39\/100 tox|[from] psn\n|upkeep\n|turn|7\n|c|\u2606Wobbuffet 6s|shamless fool\n|\n|t:|1700056932\n|switch|p2a: Sprite|Dragonite, M, shiny|100\/100\n|move|p1a: Dragon King|Flamethrower|p2a: Sprite\n|-resisted|p2a: Sprite\n|-damage|p2a: Sprite|80\/100\n|\n|-heal|p2a: Sprite|86\/100|[from] item: Leftovers\n|-damage|p1a: Dragon King|8\/100 tox|[from] psn\n|upkeep\n|turn|8\n|\n|t:|1700056948\n|-terastallize|p2a: Sprite|Steel\n|move|p1a: Dragon King|Clanging Scales|p2a: Sprite\n|-resisted|p2a: Sprite\n|-damage|p2a: Sprite|51\/100\n|-unboost|p1a: Dragon King|def|1\n|move|p2a: Sprite|Dragon Dance|p2a: Sprite\n|-boost|p2a: Sprite|atk|1\n|-boost|p2a: Sprite|spe|1\n|\n|-heal|p2a: Sprite|57\/100|[from] item: Leftovers\n|-damage|p1a: Dragon King|0 fnt|[from] psn\n|faint|p1a: Dragon King\n|upkeep\n|\n|t:|1700056959\n|switch|p1a: Ferrothorn|Ferrothorn, F, shiny|100\/100\n|turn|9\n|\n|t:|1700056964\n|move|p2a: Sprite|Dragon Dance|p2a: Sprite\n|-boost|p2a: Sprite|atk|1\n|-boost|p2a: Sprite|spe|1\n|move|p1a: Ferrothorn|Leech Seed|p2a: Sprite\n|-start|p2a: Sprite|move: Leech Seed\n|\n|-heal|p2a: Sprite|63\/100|[from] item: Leftovers\n|-damage|p2a: Sprite|51\/100|[from] Leech Seed|[of] p1a: Ferrothorn\n|upkeep\n|turn|10\n|\n|t:|1700056971\n|move|p2a: Sprite|Roost|p2a: Sprite\n|-heal|p2a: Sprite|100\/100\n|move|p1a: Ferrothorn|Bullet Seed|p2a: Sprite\n|-resisted|p2a: Sprite\n|-damage|p2a: Sprite|96\/100\n|-resisted|p2a: Sprite\n|-damage|p2a: Sprite|92\/100\n|-hitcount|p2a: Sprite|2\n|\n|-heal|p2a: Sprite|98\/100|[from] item: Leftovers\n|-damage|p2a: Sprite|86\/100|[from] Leech Seed|[of] p1a: Ferrothorn\n|upkeep\n|turn|11\n|\n|t:|1700056981\n|switch|p1a: The Great wall|Toxapex, M|100\/100\n|move|p2a: Sprite|Dragon Dance|p2a: Sprite\n|-boost|p2a: Sprite|atk|1\n|-boost|p2a: Sprite|spe|1\n|\n|-heal|p2a: Sprite|92\/100|[from] item: Leftovers\n|-damage|p2a: Sprite|79\/100|[from] Leech Seed|[of] p1a: The Great wall\n|upkeep\n|turn|12\n|\n|t:|1700056990\n|move|p2a: Sprite|Dragon Dance|p2a: Sprite\n|-boost|p2a: Sprite|atk|1\n|-boost|p2a: Sprite|spe|1\n|move|p1a: The Great wall|Haze|p1a: The Great wall\n|-clearallboost\n|\n|-heal|p2a: Sprite|86\/100|[from] item: Leftovers\n|-damage|p2a: Sprite|73\/100|[from] Leech Seed|[of] p1a: The Great wall\n|upkeep\n|turn|13\n|\n|t:|1700056999\n|switch|p2a: Subway|Venusaur, M, shiny|100\/100\n|move|p1a: The Great wall|Haze|p1a: The Great wall\n|-clearallboost\n|\n|upkeep\n|turn|14\n|\n|t:|1700057006\n|switch|p1a: Batman|Gliscor, F, shiny|100\/100\n|move|p2a: Subway|Leech Seed|p1a: Batman\n|-start|p1a: Batman|move: Leech Seed\n|\n|-damage|p1a: Batman|88\/100|[from] Leech Seed|[of] p2a: Subway\n|-status|p1a: Batman|tox|[from] item: Toxic Orb\n|upkeep\n|turn|15\n|\n|t:|1700057015\n|switch|p1a: Monster of ocean|Gyarados, M, shiny|100\/100\n|switch|p2a: Wok|Mew, shiny|100\/100\n|\n|upkeep\n|turn|16\n|\n|t:|1700057023\n|detailschange|p1a: Monster of ocean|Gyarados-Mega, M, shiny\n|-mega|p1a: Monster of ocean|Gyarados|Gyaradosite\n|-ability|p1a: Monster of ocean|Mold Breaker\n|move|p1a: Monster of ocean|Waterfall|p2a: Wok\n|-damage|p2a: Wok|57\/100\n|move|p2a: Wok|Toxic|p1a: Monster of ocean\n|-status|p1a: Monster of ocean|tox\n|\n|-heal|p2a: Wok|63\/100|[from] item: Leftovers\n|-damage|p1a: Monster of ocean|94\/100 tox|[from] psn\n|upkeep\n|turn|17\n|\n|t:|1700057033\n|move|p1a: Monster of ocean|Earthquake|p2a: Wok\n|-damage|p2a: Wok|25\/100\n|move|p2a: Wok|Soft-Boiled|p2a: Wok\n|-heal|p2a: Wok|75\/100\n|\n|-heal|p2a: Wok|81\/100|[from] item: Leftovers\n|-damage|p1a: Monster of ocean|82\/100 tox|[from] psn\n|upkeep\n|turn|18\n|\n|t:|1700057044\n|move|p1a: Monster of ocean|Dragon Dance|p1a: Monster of ocean\n|-boost|p1a: Monster of ocean|atk|1\n|-boost|p1a: Monster of ocean|spe|1\n|move|p2a: Wok|Ice Beam|p1a: Monster of ocean\n|-resisted|p1a: Monster of ocean\n|-damage|p1a: Monster of ocean|74\/100 tox\n|\n|-heal|p2a: Wok|88\/100|[from] item: Leftovers\n|-damage|p1a: Monster of ocean|55\/100 tox|[from] psn\n|upkeep\n|turn|19\n|\n|t:|1700057058\n|move|p1a: Monster of ocean|Dragon Dance|p1a: Monster of ocean\n|-boost|p1a: Monster of ocean|atk|1\n|-boost|p1a: Monster of ocean|spe|1\n|move|p2a: Wok|Soft-Boiled|p2a: Wok\n|-heal|p2a: Wok|100\/100\n|\n|-damage|p1a: Monster of ocean|31\/100 tox|[from] psn\n|upkeep\n|turn|20\n|\n|t:|1700057065\n|move|p1a: Monster of ocean|Earthquake|p2a: Wok\n|-damage|p2a: Wok|22\/100\n|move|p2a: Wok|Soft-Boiled|p2a: Wok\n|-heal|p2a: Wok|72\/100\n|\n|-heal|p2a: Wok|78\/100|[from] item: Leftovers\n|-damage|p1a: Monster of ocean|1\/100 tox|[from] psn\n|upkeep\n|turn|21\n|\n|t:|1700057074\n|move|p1a: Monster of ocean|Earthquake|p2a: Wok\n|-damage|p2a: Wok|4\/100\n|move|p2a: Wok|Soft-Boiled|p2a: Wok\n|-heal|p2a: Wok|54\/100\n|\n|-heal|p2a: Wok|61\/100|[from] item: Leftovers\n|-damage|p1a: Monster of ocean|0 fnt|[from] psn\n|faint|p1a: Monster of ocean\n|upkeep\n|\n|t:|1700057083\n|switch|p1a: Batman|Gliscor, F, shiny|88\/100 tox\n|turn|22\n|\n|t:|1700057089\n|switch|p1a: The Great wall|Toxapex, M|100\/100\n|move|p2a: Wok|Ice Beam|p1a: The Great wall\n|-resisted|p1a: The Great wall\n|-damage|p1a: The Great wall|92\/100\n|\n|-heal|p2a: Wok|67\/100|[from] item: Leftovers\n|-heal|p1a: The Great wall|99\/100|[from] item: Black Sludge\n|upkeep\n|turn|23\n|\n|t:|1700057098\n|switch|p2a: Subway|Venusaur, M, shiny|100\/100\n|move|p1a: The Great wall|Toxic|p2a: Subway\n|-immune|p2a: Subway\n|\n|-heal|p1a: The Great wall|100\/100|[from] item: Black Sludge\n|upkeep\n|turn|24\n|\n|t:|1700057105\n|switch|p1a: game changer|Clefable, F, shiny|100\/100\n|move|p2a: Subway|Sleep Powder|p1a: game changer|[miss]\n|-miss|p2a: Subway|p1a: game changer\n|\n|upkeep\n|turn|25\n|\n|t:|1700057111\n|switch|p2a: Uzi|Jirachi, shiny|100\/100\n|switch|p1a: Batman|Gliscor, F, shiny|88\/100 tox\n|\n|-heal|p1a: Batman|100\/100 tox|[from] ability: Poison Heal\n|upkeep\n|turn|26\n|\n|t:|1700057121\n|switch|p2a: Wok|Mew, shiny|67\/100\n|move|p1a: Batman|Swords Dance|p1a: Batman\n|-boost|p1a: Batman|atk|2\n|\n|-heal|p2a: Wok|73\/100|[from] item: Leftovers\n|upkeep\n|turn|27\n|\n|t:|1700057128\n|move|p1a: Batman|Facade|p2a: Wok\n|-damage|p2a: Wok|6\/100\n|move|p2a: Wok|Ice Beam|p1a: Batman\n|-supereffective|p1a: Batman\n|-damage|p1a: Batman|1\/100 tox\n|\n|-heal|p2a: Wok|13\/100|[from] item: Leftovers\n|-heal|p1a: Batman|13\/100 tox|[from] ability: Poison Heal\n|upkeep\n|turn|28\n|\n|t:|1700057141\n|move|p1a: Batman|Earthquake|p2a: Wok\n|-damage|p2a: Wok|0 fnt\n|faint|p2a: Wok\n|\n|-heal|p1a: Batman|26\/100 tox|[from] ability: Poison Heal\n|upkeep\n|\n|t:|1700057143\n|switch|p2a: Uzi|Jirachi, shiny|100\/100\n|turn|29\n|\n|t:|1700057152\n|move|p2a: Uzi|Ice Punch|p1a: Batman\n|-supereffective|p1a: Batman\n|-damage|p1a: Batman|0 fnt\n|faint|p1a: Batman\n|\n|upkeep\n|\n|t:|1700057161\n|switch|p1a: game changer|Clefable, F, shiny|100\/100\n|turn|30\n|\n|t:|1700057164\n|switch|p2a: Subway|Venusaur, M, shiny|100\/100\n|move|p1a: game changer|Cosmic Power|p1a: game changer\n|-boost|p1a: game changer|def|1\n|-boost|p1a: game changer|spd|1\n|\n|upkeep\n|turn|31\n|\n|t:|1700057170\n|switch|p2a: Uzi|Jirachi, shiny|100\/100\n|switch|p1a: The Great wall|Toxapex, M|100\/100\n|\n|upkeep\n|turn|32\n|\n|t:|1700057177\n|switch|p2a: Subway|Venusaur, M, shiny|100\/100\n|switch|p1a: Ferrothorn|Ferrothorn, F, shiny|100\/100\n|\n|upkeep\n|turn|33\n|\n|t:|1700057184\n|switch|p1a: game changer|Clefable, F, shiny|100\/100\n|move|p2a: Subway|Giga Drain|p1a: game changer\n|-damage|p1a: game changer|84\/100\n|\n|-heal|p1a: game changer|90\/100|[from] item: Leftovers\n|upkeep\n|turn|34\n|\n|t:|1700057191\n|switch|p2a: Uzi|Jirachi, shiny|100\/100\n|move|p1a: game changer|Cosmic Power|p1a: game changer\n|-boost|p1a: game changer|def|1\n|-boost|p1a: game changer|spd|1\n|\n|-heal|p1a: game changer|96\/100|[from] item: Leftovers\n|upkeep\n|turn|35\n|\n|t:|1700057198\n|move|p2a: Uzi|Iron Head|p1a: game changer\n|-supereffective|p1a: game changer\n|-damage|p1a: game changer|42\/100\n|cant|p1a: game changer|flinch\n|\n|-heal|p1a: game changer|48\/100|[from] item: Leftovers\n|upkeep\n|turn|36\n|\n|t:|1700057205\n|move|p2a: Uzi|Iron Head|p1a: game changer\n|-supereffective|p1a: game changer\n|-damage|p1a: game changer|0 fnt\n|faint|p1a: game changer\n|\n|upkeep\n|inactiveoff|Battle timer is now OFF.\n|c|\u2606Wobbuffet 6s|go suck ur mothers all hioles u basterd\n|n|\u203dWobbuffet 6s|wobbuffet6s\n|c|&|\/log Wobbuffet 6s was locked from talking by Artemis for a week. (\u2606Wobbuffet 6s: go suck ur mothers all hioles u basterd)\n|c|&|\/raw <small>This action was done automatically. Want to learn more about the AI? <a href=\"https:\/\/www.smogon.com\/forums\/threads\/3570628\/#post-9056769\">Visit the information thread<\/a>.<\/small>\n|inactive|Battle timer is ON: inactive players will automatically lose when time's up. (requested by lilpeski)\n|inactive|Wobbuffet 6s has 120 seconds left.\n|\n|t:|1700057305\n|switch|p1a: The Great wall|Toxapex, M|100\/100\n|turn|37\n|c|\u2606lilpeski|U have 120 seconds\n|inactive|Wobbuffet 6s has 90 seconds left.\n|c|\u2606lilpeski|U have 90 seconds\n|\n|t:|1700057356\n|switch|p2a: Subway|Venusaur, M, shiny|100\/100\n|switch|p1a: Ferrothorn|Ferrothorn, F, shiny|100\/100\n|\n|upkeep\n|turn|38\n|inactive|Wobbuffet 6s has 60 seconds left.\n|c|\u2606lilpeski|U have 60 seconds\n|inactive|Wobbuffet 6s has 30 seconds left.\n|inactive|Wobbuffet 6s has 20 seconds left.\n|c|\u2606lilpeski|U have 30 seconds\n|inactive|Wobbuffet 6s has 15 seconds left.\n|c|\u2606lilpeski|20\n|c|\u2606lilpeski|15\n|inactive|Wobbuffet 6s has 10 seconds left.\n|c|\u2606lilpeski|10\n|inactive|Wobbuffet 6s has 5 seconds left.\n|c|\u2606lilpeski|5\n|-message|Wobbuffet 6s lost due to inactivity.\n|\n|win|lilpeski\n|raw|Wobbuffet 6s's rating: 1266 &rarr; <strong>1234<\/strong><br \/>(-32 for losing)\n|raw|lilpeski's rating: 1160 &rarr; <strong>1192<\/strong><br \/>(+32 for winning)\n","uploadtime":1700057224,"views":4,"p1id":"wobbuffet6s","p2id":"lilpeski","formatid":"gen9nationaldex","rating":1192,"private":0,"password":""}