{"id":"gen9nationaldex-1990278915","p1":"Rinoss","p2":"runeatest","format":"[Gen 9] National Dex","log":"|j|\u2606Rinoss\n|j|\u2606runeatest\n|t:|1699949675\n|gametype|singles\n|player|p1|Rinoss|veteranf|1310\n|player|p2|runeatest|1|1272\n|teamsize|p1|6\n|teamsize|p2|6\n|gen|9\n|tier|[Gen 9] National Dex\n|rated|\n|rule|HP Percentage Mod: HP is shown in percentages\n|rule|Endless Battle Clause: Forcing endless battles is banned\n|rule|OHKO Clause: OHKO moves are banned\n|rule|Evasion Clause: Evasion abilities, items, and moves are banned\n|rule|Evasion Abilities Clause: Evasion abilities are banned\n|rule|Evasion Items Clause: Evasion items are banned\n|rule|Evasion Moves Clause: Evasion moves are banned\n|rule|Species Clause: Limit one of each Pok\u00e9mon\n|rule|Sleep Clause Mod: Limit one foe put to sleep\n|clearpoke\n|poke|p1|Scizor, F|\n|poke|p1|Heatran, F|\n|poke|p1|Rillaboom, F|\n|poke|p1|Iron Valiant|\n|poke|p1|Rotom-Wash|\n|poke|p1|Great Tusk|\n|poke|p2|Vaporeon, M|\n|poke|p2|Salamence, M|\n|poke|p2|Hitmontop, M|\n|poke|p2|Electivire, M|\n|poke|p2|Togekiss, M|\n|poke|p2|Houndoom, M|\n|teampreview\n|inactive|Battle timer is ON: inactive players will automatically lose when time's up. (requested by runeatest)\n|\n|t:|1699949683\n|start\n|switch|p1a: Rotom|Rotom-Wash|100\/100\n|switch|p2a: Salamence|Salamence, M|100\/100\n|-ability|p2a: Salamence|Intimidate|boost\n|-unboost|p1a: Rotom|atk|1\n|turn|1\n|inactive|runeatest has 120 seconds left.\n|\n|t:|1699949714\n|move|p2a: Salamence|Draco Meteor|p1a: Rotom\n|-damage|p1a: Rotom|0 fnt\n|-unboost|p2a: Salamence|spa|2\n|faint|p1a: Rotom\n|\n|upkeep\n|\n|t:|1699949723\n|switch|p1a: Scizor|Scizor, F|100\/100\n|turn|2\n|\n|t:|1699949726\n|switch|p2a: Houndoom|Houndoom, M|100\/100\n|detailschange|p1a: Scizor|Scizor-Mega, F\n|-mega|p1a: Scizor|Scizor|Scizorite\n|move|p1a: Scizor|Swords Dance|p1a: Scizor\n|-boost|p1a: Scizor|atk|2\n|\n|upkeep\n|turn|3\n|\n|t:|1699949732\n|switch|p1a: Great Tusk|Great Tusk|100\/100\n|move|p2a: Houndoom|Flamethrower|p1a: Great Tusk\n|-damage|p1a: Great Tusk|39\/100\n|\n|upkeep\n|turn|4\n|\n|t:|1699949741\n|-end|p1a: Great Tusk|Protosynthesis|[silent]\n|switch|p1a: Heatran|Heatran, F|100\/100\n|move|p2a: Houndoom|Flamethrower|p1a: Heatran\n|-start|p1a: Heatran|ability: Flash Fire\n|\n|upkeep\n|turn|5\n|\n|t:|1699949746\n|move|p2a: Houndoom|Nasty Plot|p2a: Houndoom\n|-boost|p2a: Houndoom|spa|2\n|move|p1a: Heatran|Stealth Rock|p2a: Houndoom\n|-sidestart|p2: runeatest|move: Stealth Rock\n|\n|upkeep\n|turn|6\n|\n|t:|1699949753\n|move|p2a: Houndoom|Dark Pulse|p1a: Heatran\n|-damage|p1a: Heatran|51\/100\n|move|p1a: Heatran|Earth Power|p2a: Houndoom\n|-supereffective|p2a: Houndoom\n|-damage|p2a: Houndoom|27\/100\n|\n|-heal|p1a: Heatran|57\/100|[from] item: Leftovers\n|upkeep\n|turn|7\n|\n|t:|1699949760\n|move|p2a: Houndoom|Dark Pulse|p1a: Heatran\n|-damage|p1a: Heatran|9\/100\n|move|p1a: Heatran|Earth Power|p2a: Houndoom\n|-supereffective|p2a: Houndoom\n|-damage|p2a: Houndoom|0 fnt\n|faint|p2a: Houndoom\n|\n|-heal|p1a: Heatran|15\/100|[from] item: Leftovers\n|upkeep\n|\n|t:|1699949770\n|switch|p2a: Hitmontop|Hitmontop, M|100\/100\n|-damage|p2a: Hitmontop|94\/100|[from] Stealth Rock\n|turn|8\n|\n|t:|1699949775\n|move|p2a: Hitmontop|Fake Out|p1a: Heatran\n|-resisted|p1a: Heatran\n|-damage|p1a: Heatran|7\/100\n|cant|p1a: Heatran|flinch\n|\n|-heal|p1a: Heatran|13\/100|[from] item: Leftovers\n|upkeep\n|turn|9\n|\n|t:|1699949781\n|-end|p1a: Heatran|ability: Flash Fire|[silent]\n|switch|p1a: Iron Valiant|Iron Valiant|100\/100\n|move|p2a: Hitmontop|Rapid Spin|p1a: Iron Valiant\n|-damage|p1a: Iron Valiant|71\/100\n|-boost|p2a: Hitmontop|spe|1\n|-sideend|p2: runeatest|Stealth Rock|[from] move: Rapid Spin|[of] p2a: Hitmontop\n|\n|upkeep\n|turn|10\n|\n|t:|1699949789\n|-end|p1a: Iron Valiant|Quark Drive|[silent]\n|switch|p1a: Rillaboom|Rillaboom, F|100\/100\n|-fieldstart|move: Grassy Terrain|[from] ability: Grassy Surge|[of] p1a: Rillaboom\n|switch|p2a: Togekiss|Togekiss, M, shiny|100\/100\n|\n|upkeep\n|turn|11\n|\n|t:|1699949796\n|switch|p1a: Scizor|Scizor-Mega, F|100\/100\n|move|p2a: Togekiss|Air Slash|p1a: Scizor\n|-damage|p1a: Scizor|66\/100\n|\n|-heal|p1a: Scizor|73\/100|[from] Grassy Terrain\n|upkeep\n|turn|12\n|\n|t:|1699949803\n|switch|p2a: Salamence|Salamence, M|100\/100\n|-ability|p2a: Salamence|Intimidate|boost\n|-unboost|p1a: Scizor|atk|1\n|move|p1a: Scizor|Bullet Punch|p2a: Salamence\n|-damage|p2a: Salamence|75\/100\n|\n|-heal|p1a: Scizor|79\/100|[from] Grassy Terrain\n|upkeep\n|turn|13\n|\n|t:|1699949811\n|switch|p1a: Heatran|Heatran, F|13\/100\n|move|p2a: Salamence|Hydro Pump|p1a: Heatran|[miss]\n|-miss|p2a: Salamence|p1a: Heatran\n|\n|-heal|p1a: Heatran|19\/100|[from] Grassy Terrain\n|-heal|p1a: Heatran|26\/100|[from] item: Leftovers\n|upkeep\n|turn|14\n|\n|t:|1699949818\n|switch|p1a: Rillaboom|Rillaboom, F|100\/100\n|move|p2a: Salamence|Hydro Pump|p1a: Rillaboom\n|-resisted|p1a: Rillaboom\n|-damage|p1a: Rillaboom|67\/100\n|\n|-heal|p1a: Rillaboom|73\/100|[from] Grassy Terrain\n|-fieldend|move: Grassy Terrain\n|upkeep\n|turn|15\n|\n|t:|1699949826\n|switch|p2a: Togekiss|Togekiss, M, shiny|100\/100\n|switch|p1a: Heatran|Heatran, F|26\/100\n|\n|-heal|p1a: Heatran|32\/100|[from] item: Leftovers\n|upkeep\n|turn|16\n|\n|t:|1699949833\n|switch|p1a: Scizor|Scizor-Mega, F|79\/100\n|move|p2a: Togekiss|Air Slash|p1a: Scizor\n|-damage|p1a: Scizor|46\/100\n|\n|upkeep\n|turn|17\n|\n|t:|1699949841\n|switch|p2a: Salamence|Salamence, M|75\/100\n|-ability|p2a: Salamence|Intimidate|boost\n|-unboost|p1a: Scizor|atk|1\n|move|p1a: Scizor|Roost|p1a: Scizor\n|-heal|p1a: Scizor|96\/100\n|-singleturn|p1a: Scizor|move: Roost\n|\n|upkeep\n|turn|18\n|\n|t:|1699949849\n|move|p2a: Salamence|Hydro Pump|p1a: Scizor\n|-damage|p1a: Scizor|48\/100\n|move|p1a: Scizor|U-turn|p2a: Salamence\n|-resisted|p2a: Salamence\n|-damage|p2a: Salamence|60\/100\n|\n|t:|1699949853\n|switch|p1a: Iron Valiant|Iron Valiant|71\/100|[from] U-turn\n|\n|upkeep\n|turn|19\n|\n|t:|1699949858\n|-terastallize|p2a: Salamence|Fire\n|move|p1a: Iron Valiant|Moonblast|p2a: Salamence\n|-resisted|p2a: Salamence\n|-damage|p2a: Salamence|32\/100\n|move|p2a: Salamence|Hydro Pump|p1a: Iron Valiant\n|-damage|p1a: Iron Valiant|0 fnt\n|faint|p1a: Iron Valiant\n|-end|p1a: Iron Valiant|Quark Drive|[silent]\n|\n|upkeep\n|\n|t:|1699949871\n|switch|p1a: Great Tusk|Great Tusk|39\/100\n|turn|20\n|\n|t:|1699949877\n|move|p2a: Salamence|Hydro Pump|p1a: Great Tusk|[miss]\n|-miss|p2a: Salamence|p1a: Great Tusk\n|move|p1a: Great Tusk|Rapid Spin|p2a: Salamence\n|-damage|p2a: Salamence|11\/100\n|-boost|p1a: Great Tusk|spe|1\n|\n|upkeep\n|turn|21\n|\n|t:|1699949884\n|move|p1a: Great Tusk|Rapid Spin|p2a: Salamence\n|-damage|p2a: Salamence|0 fnt\n|-boost|p1a: Great Tusk|spe|1\n|faint|p2a: Salamence\n|\n|upkeep\n|\n|t:|1699949889\n|switch|p2a: Vaporeon|Vaporeon, M|100\/100\n|turn|22\n|\n|t:|1699949893\n|-end|p1a: Great Tusk|Protosynthesis|[silent]\n|switch|p1a: Scizor|Scizor-Mega, F|48\/100\n|move|p2a: Vaporeon|Ice Beam|p1a: Scizor\n|-resisted|p1a: Scizor\n|-damage|p1a: Scizor|35\/100\n|\n|upkeep\n|turn|23\n|\n|t:|1699949899\n|move|p1a: Scizor|Roost|p1a: Scizor\n|-heal|p1a: Scizor|86\/100\n|-singleturn|p1a: Scizor|move: Roost\n|move|p2a: Vaporeon|Hydro Pump|p1a: Scizor\n|-damage|p1a: Scizor|32\/100\n|\n|upkeep\n|turn|24\n|\n|t:|1699949905\n|move|p1a: Scizor|Roost|p1a: Scizor\n|-heal|p1a: Scizor|82\/100\n|-singleturn|p1a: Scizor|move: Roost\n|move|p2a: Vaporeon|Hydro Pump|p1a: Scizor\n|-damage|p1a: Scizor|33\/100\n|\n|upkeep\n|turn|25\n|\n|t:|1699949911\n|switch|p2a: Electivire|Electivire, M, shiny|100\/100\n|-item|p2a: Electivire|Air Balloon\n|move|p1a: Scizor|Roost|p1a: Scizor\n|-heal|p1a: Scizor|83\/100\n|-singleturn|p1a: Scizor|move: Roost\n|\n|upkeep\n|turn|26\n|\n|t:|1699949917\n|move|p2a: Electivire|Fire Punch|p1a: Scizor\n|-supereffective|p1a: Scizor\n|-damage|p1a: Scizor|19\/100\n|move|p1a: Scizor|U-turn|p2a: Electivire\n|-damage|p2a: Electivire|43\/100\n|-enditem|p2a: Electivire|Air Balloon\n|\n|t:|1699949921\n|switch|p1a: Rillaboom|Rillaboom, F|73\/100|[from] U-turn\n|-fieldstart|move: Grassy Terrain|[from] ability: Grassy Surge|[of] p1a: Rillaboom\n|\n|-heal|p2a: Electivire|49\/100|[from] Grassy Terrain\n|-heal|p1a: Rillaboom|79\/100|[from] Grassy Terrain\n|upkeep\n|turn|27\n|\n|t:|1699949930\n|switch|p2a: Togekiss|Togekiss, M, shiny|100\/100\n|move|p1a: Rillaboom|Grassy Glide|p2a: Togekiss\n|-resisted|p2a: Togekiss\n|-damage|p2a: Togekiss|65\/100\n|\n|-heal|p1a: Rillaboom|85\/100|[from] Grassy Terrain\n|upkeep\n|turn|28\n|\n|t:|1699949942\n|switch|p1a: Heatran|Heatran, F|32\/100\n|move|p2a: Togekiss|Roost|p2a: Togekiss\n|-heal|p2a: Togekiss|100\/100\n|-singleturn|p2a: Togekiss|move: Roost\n|\n|-heal|p1a: Heatran|38\/100|[from] Grassy Terrain\n|-heal|p1a: Heatran|44\/100|[from] item: Leftovers\n|upkeep\n|turn|29\n|\n|t:|1699949952\n|move|p2a: Togekiss|Air Slash|p1a: Heatran\n|-resisted|p1a: Heatran\n|-damage|p1a: Heatran|33\/100\n|cant|p1a: Heatran|flinch\n|\n|-heal|p1a: Heatran|39\/100|[from] Grassy Terrain\n|-heal|p1a: Heatran|46\/100|[from] item: Leftovers\n|upkeep\n|turn|30\n|\n|t:|1699949959\n|switch|p2a: Electivire|Electivire, M, shiny|49\/100\n|move|p1a: Heatran|Stealth Rock|p2a: Electivire\n|-sidestart|p2: runeatest|move: Stealth Rock\n|\n|-heal|p2a: Electivire|55\/100|[from] Grassy Terrain\n|-heal|p1a: Heatran|52\/100|[from] Grassy Terrain\n|-heal|p1a: Heatran|58\/100|[from] item: Leftovers\n|-fieldend|move: Grassy Terrain\n|upkeep\n|turn|31\n|\n|t:|1699949969\n|switch|p1a: Great Tusk|Great Tusk|39\/100\n|move|p2a: Electivire|Earthquake|p1a: Great Tusk\n|-damage|p1a: Great Tusk|12\/100\n|\n|upkeep\n|turn|32\n|\n|t:|1699949974\n|move|p1a: Great Tusk|Headlong Rush|p2a: Electivire\n|-supereffective|p2a: Electivire\n|-damage|p2a: Electivire|0 fnt\n|-unboost|p1a: Great Tusk|def|1\n|-unboost|p1a: Great Tusk|spd|1\n|faint|p2a: Electivire\n|\n|upkeep\n|\n|t:|1699949980\n|switch|p2a: Hitmontop|Hitmontop, M|94\/100\n|-damage|p2a: Hitmontop|88\/100|[from] Stealth Rock\n|turn|33\n|\n|t:|1699949986\n|-end|p1a: Great Tusk|Protosynthesis|[silent]\n|switch|p1a: Heatran|Heatran, F|58\/100\n|move|p2a: Hitmontop|Rapid Spin|p1a: Heatran\n|-resisted|p1a: Heatran\n|-crit|p1a: Heatran\n|-damage|p1a: Heatran|45\/100\n|-boost|p2a: Hitmontop|spe|1\n|-sideend|p2: runeatest|Stealth Rock|[from] move: Rapid Spin|[of] p2a: Hitmontop\n|\n|-heal|p1a: Heatran|51\/100|[from] item: Leftovers\n|upkeep\n|turn|34\n|\n|t:|1699949994\n|-terastallize|p1a: Heatran|Grass\n|move|p2a: Hitmontop|High Jump Kick|p1a: Heatran\n|-damage|p1a: Heatran|4\/100\n|move|p1a: Heatran|Magma Storm|p2a: Hitmontop|[miss]\n|-miss|p1a: Heatran|p2a: Hitmontop\n|\n|-heal|p1a: Heatran|10\/100|[from] item: Leftovers\n|upkeep\n|turn|35\n|\n|t:|1699950003\n|move|p2a: Hitmontop|Rapid Spin|p1a: Heatran\n|-damage|p1a: Heatran|0 fnt\n|-boost|p2a: Hitmontop|spe|1\n|faint|p1a: Heatran\n|\n|upkeep\n|\n|t:|1699950006\n|switch|p1a: Rillaboom|Rillaboom, F|85\/100\n|-fieldstart|move: Grassy Terrain|[from] ability: Grassy Surge|[of] p1a: Rillaboom\n|turn|36\n|\n|t:|1699950011\n|switch|p2a: Togekiss|Togekiss, M, shiny|100\/100\n|move|p1a: Rillaboom|Grassy Glide|p2a: Togekiss\n|-resisted|p2a: Togekiss\n|-damage|p2a: Togekiss|67\/100\n|\n|-heal|p1a: Rillaboom|91\/100|[from] Grassy Terrain\n|upkeep\n|turn|37\n|\n|t:|1699950018\n|switch|p1a: Great Tusk|Great Tusk|12\/100\n|move|p2a: Togekiss|Thunder Wave|p1a: Great Tusk\n|-immune|p1a: Great Tusk\n|\n|-heal|p1a: Great Tusk|18\/100|[from] Grassy Terrain\n|upkeep\n|turn|38\n|\n|t:|1699950026\n|move|p1a: Great Tusk|Ice Spinner|p2a: Togekiss\n|-supereffective|p2a: Togekiss\n|-damage|p2a: Togekiss|4\/100\n|-fieldend|move: Grassy Terrain\n|move|p2a: Togekiss|Air Slash|p1a: Great Tusk\n|-supereffective|p1a: Great Tusk\n|-damage|p1a: Great Tusk|0 fnt\n|faint|p1a: Great Tusk\n|-end|p1a: Great Tusk|Protosynthesis|[silent]\n|\n|upkeep\n|\n|t:|1699950028\n|switch|p1a: Scizor|Scizor-Mega, F|19\/100\n|turn|39\n|\n|t:|1699950036\n|switch|p2a: Hitmontop|Hitmontop, M|88\/100\n|move|p1a: Scizor|Bullet Punch|p2a: Hitmontop\n|-damage|p2a: Hitmontop|48\/100\n|\n|upkeep\n|turn|40\n|\n|t:|1699950042\n|move|p1a: Scizor|Bullet Punch|p2a: Hitmontop\n|-damage|p2a: Hitmontop|8\/100\n|move|p2a: Hitmontop|High Jump Kick|p1a: Scizor|[miss]\n|-miss|p2a: Hitmontop|p1a: Scizor\n|-damage|p2a: Hitmontop|0 fnt|[from] highjumpkick\n|faint|p2a: Hitmontop\n|\n|upkeep\n|\n|t:|1699950051\n|switch|p2a: Vaporeon|Vaporeon, M|100\/100\n|turn|41\n|\n|t:|1699950054\n|move|p1a: Scizor|Roost|p1a: Scizor\n|-heal|p1a: Scizor|69\/100\n|-singleturn|p1a: Scizor|move: Roost\n|move|p2a: Vaporeon|Hydro Pump|p1a: Scizor\n|-damage|p1a: Scizor|19\/100\n|\n|upkeep\n|turn|42\n|\n|t:|1699950061\n|move|p1a: Scizor|Roost|p1a: Scizor\n|-heal|p1a: Scizor|69\/100\n|-singleturn|p1a: Scizor|move: Roost\n|move|p2a: Vaporeon|Hydro Pump|p1a: Scizor\n|-damage|p1a: Scizor|22\/100\n|\n|upkeep\n|turn|43\n|\n|t:|1699950066\n|move|p1a: Scizor|Roost|p1a: Scizor\n|-heal|p1a: Scizor|72\/100\n|-singleturn|p1a: Scizor|move: Roost\n|move|p2a: Vaporeon|Hydro Pump|p1a: Scizor\n|-damage|p1a: Scizor|21\/100\n|\n|upkeep\n|turn|44\n|\n|t:|1699950072\n|move|p1a: Scizor|Bullet Punch|p2a: Vaporeon\n|-resisted|p2a: Vaporeon\n|-damage|p2a: Vaporeon|87\/100\n|move|p2a: Vaporeon|Ice Beam|p1a: Scizor\n|-resisted|p1a: Scizor\n|-damage|p1a: Scizor|8\/100\n|-status|p1a: Scizor|frz\n|\n|-heal|p2a: Vaporeon|93\/100|[from] item: Leftovers\n|upkeep\n|turn|45\n|\n|t:|1699950093\n|switch|p2a: Togekiss|Togekiss, M, shiny|4\/100\n|cant|p1a: Scizor|frz\n|\n|upkeep\n|turn|46\n|\n|t:|1699950097\n|cant|p1a: Scizor|frz\n|move|p2a: Togekiss|Roost|p2a: Togekiss\n|-heal|p2a: Togekiss|54\/100\n|-singleturn|p2a: Togekiss|move: Roost\n|\n|upkeep\n|turn|47\n|\n|t:|1699950103\n|switch|p1a: Rillaboom|Rillaboom, F|91\/100\n|-fieldstart|move: Grassy Terrain|[from] ability: Grassy Surge|[of] p1a: Rillaboom\n|move|p2a: Togekiss|Roost|p2a: Togekiss\n|-heal|p2a: Togekiss|100\/100\n|-singleturn|p2a: Togekiss|move: Roost\n|\n|-heal|p1a: Rillaboom|98\/100|[from] Grassy Terrain\n|upkeep\n|turn|48\n|\n|t:|1699950113\n|move|p2a: Togekiss|Air Slash|p1a: Rillaboom\n|-supereffective|p1a: Rillaboom\n|-damage|p1a: Rillaboom|4\/100\n|move|p1a: Rillaboom|U-turn|p2a: Togekiss\n|-resisted|p2a: Togekiss\n|-damage|p2a: Togekiss|90\/100\n|\n|t:|1699950117\n|switch|p1a: Scizor|Scizor-Mega, F|8\/100 frz|[from] U-turn\n|\n|-heal|p1a: Scizor|14\/100 frz|[from] Grassy Terrain\n|upkeep\n|turn|49\n|\n|t:|1699950122\n|cant|p1a: Scizor|frz\n|move|p2a: Togekiss|Air Slash|p1a: Scizor|[miss]\n|-miss|p2a: Togekiss|p1a: Scizor\n|\n|-heal|p1a: Scizor|20\/100 frz|[from] Grassy Terrain\n|upkeep\n|turn|50\n|c|\u2606Rinoss|Great\n|\n|t:|1699950132\n|-curestatus|p1a: Scizor|frz|[msg]\n|move|p1a: Scizor|Bullet Punch|p2a: Togekiss\n|-supereffective|p2a: Togekiss\n|-damage|p2a: Togekiss|28\/100\n|move|p2a: Togekiss|Air Slash|p1a: Scizor\n|-damage|p1a: Scizor|0 fnt\n|faint|p1a: Scizor\n|\n|upkeep\n|\n|t:|1699950134\n|switch|p1a: Rillaboom|Rillaboom, F|4\/100\n|turn|51\n|\n|t:|1699950141\n|move|p1a: Rillaboom|Grassy Glide|p2a: Togekiss\n|-resisted|p2a: Togekiss\n|-damage|p2a: Togekiss|0 fnt\n|faint|p2a: Togekiss\n|\n|-heal|p1a: Rillaboom|10\/100|[from] Grassy Terrain\n|-fieldend|move: Grassy Terrain\n|upkeep\n|\n|t:|1699950148\n|switch|p2a: Vaporeon|Vaporeon, M|93\/100\n|turn|52\n|\n|t:|1699950151\n|move|p1a: Rillaboom|Grassy Glide|p2a: Vaporeon\n|-supereffective|p2a: Vaporeon\n|-damage|p2a: Vaporeon|5\/100\n|move|p2a: Vaporeon|Ice Beam|p1a: Rillaboom\n|-supereffective|p1a: Rillaboom\n|-damage|p1a: Rillaboom|0 fnt\n|faint|p1a: Rillaboom\n|\n|win|runeatest\n|raw|Rinoss's rating: 1310 &rarr; <strong>1288<\/strong><br \/>(-22 for losing)\n|raw|runeatest's rating: 1272 &rarr; <strong>1300<\/strong><br \/>(+28 for winning)\n|c|\u2606runeatest|STUPID\n|c|\u2606Rinoss|Ok\n","uploadtime":1699950173,"views":7,"p1id":"rinoss","p2id":"runeatest","formatid":"gen9nationaldex","rating":1288,"private":0,"password":""}