{"id":"gen9nationaldex-1993234384","p1":"drtysprte","p2":"tdd20070515\u5179\u4f0f\u5947\u5927\u543e","format":"[Gen 9] National Dex","log":"|j|\u2606drtysprte\n|j|\u2606tdd20070515\u5179\u4f0f\u5947\u5927\u543e\n|t:|1700281855\n|gametype|singles\n|player|p1|drtysprte|blue|1374\n|player|p2|tdd20070515\u5179\u4f0f\u5947\u5927\u543e|steven|1419\n|teamsize|p1|6\n|teamsize|p2|6\n|gen|9\n|tier|[Gen 9] National Dex\n|rated|\n|rule|HP Percentage Mod: HP is shown in percentages\n|rule|Endless Battle Clause: Forcing endless battles is banned\n|rule|OHKO Clause: OHKO moves are banned\n|rule|Evasion Clause: Evasion abilities, items, and moves are banned\n|rule|Evasion Abilities Clause: Evasion abilities are banned\n|rule|Evasion Items Clause: Evasion items are banned\n|rule|Evasion Moves Clause: Evasion moves are banned\n|rule|Species Clause: Limit one of each Pok\u00e9mon\n|rule|Sleep Clause Mod: Limit one foe put to sleep\n|clearpoke\n|poke|p1|Kartana|\n|poke|p1|Landorus-Therian, M|\n|poke|p1|Iron Valiant|\n|poke|p1|Tapu Koko|\n|poke|p1|Toxapex, M|\n|poke|p1|Scizor, M|\n|poke|p2|Tapu Lele|\n|poke|p2|Hawlucha, M|\n|poke|p2|Chansey, F|\n|poke|p2|Cinderace, F|\n|poke|p2|Polteageist-Antique|\n|poke|p2|Armarouge, F|\n|teampreview\n|l|\u2606tdd20070515\u5179\u4f0f\u5947\u5927\u543e\n|player|p2|\n|inactive|Battle timer is ON: inactive players will automatically lose when time's up. (requested by drtysprte)\n|j|\u2606tdd20070515\u5179\u4f0f\u5947\u5927\u543e\n|inactive|tdd20070515\u5179\u4f0f\u5947\u5927\u543e reconnected and has 125 seconds left.\n|player|p2|tdd20070515\u5179\u4f0f\u5947\u5927\u543e|steven\n|inactive|tdd20070515\u5179\u4f0f\u5947\u5927\u543e has 120 seconds left.\n|\n|t:|1700281901\n|start\n|switch|p1a: Tapu Koko|Tapu Koko|100\/100\n|switch|p2a: Tapu Lele|Tapu Lele|100\/100\n|-fieldstart|move: Electric Terrain|[from] ability: Electric Surge|[of] p1a: Tapu Koko\n|-fieldstart|move: Psychic Terrain|[from] ability: Psychic Surge|[of] p2a: Tapu Lele\n|turn|1\n|\n|t:|1700281916\n|switch|p1a: Scizor|Scizor, M|100\/100\n|move|p2a: Tapu Lele|Future Sight|p1a: Scizor\n|-start|p2a: Tapu Lele|move: Future Sight\n|\n|upkeep\n|turn|2\n|\n|t:|1700281921\n|detailschange|p1a: Scizor|Scizor-Mega, M\n|-mega|p1a: Scizor|Scizor|Scizorite\n|move|p2a: Tapu Lele|Moonblast|p1a: Scizor\n|-resisted|p1a: Scizor\n|-damage|p1a: Scizor|81\/100\n|move|p1a: Scizor|Knock Off|p2a: Tapu Lele\n|-damage|p2a: Tapu Lele|56\/100\n|-enditem|p2a: Tapu Lele|Terrain Extender|[from] move: Knock Off|[of] p1a: Scizor\n|\n|upkeep\n|turn|3\n|\n|t:|1700281930\n|switch|p2a: Hawlucha|Hawlucha, M, shiny|100\/100\n|-enditem|p2a: Hawlucha|Psychic Seed\n|-boost|p2a: Hawlucha|spd|1|[from] item: Psychic Seed\n|move|p1a: Scizor|Knock Off|p2a: Hawlucha\n|-resisted|p2a: Hawlucha\n|-damage|p2a: Hawlucha|84\/100\n|\n|-end|p1a: Scizor|move: Future Sight\n|-resisted|p1a: Scizor\n|-damage|p1a: Scizor|49\/100\n|upkeep\n|turn|4\n|\n|t:|1700281941\n|switch|p1a: Landorus|Landorus-Therian, M|100\/100\n|-ability|p1a: Landorus|Intimidate|boost\n|-unboost|p2a: Hawlucha|atk|1\n|move|p2a: Hawlucha|Encore||[still]\n|-fail|p2a: Hawlucha\n|\n|upkeep\n|turn|5\n|\n|t:|1700281963\n|move|p2a: Hawlucha|Acrobatics|p1a: Landorus\n|-damage|p1a: Landorus|69\/100\n|move|p1a: Landorus|Toxic|p2a: Hawlucha\n|-status|p2a: Hawlucha|tox\n|\n|-heal|p1a: Landorus|75\/100|[from] item: Leftovers\n|-damage|p2a: Hawlucha|78\/100 tox|[from] psn\n|upkeep\n|turn|6\n|\n|t:|1700281973\n|move|p2a: Hawlucha|Swords Dance|p2a: Hawlucha\n|-boost|p2a: Hawlucha|atk|2\n|move|p1a: Landorus|Stealth Rock|p2a: Hawlucha\n|-sidestart|p2: tdd20070515\u5179\u4f0f\u5947\u5927\u543e|move: Stealth Rock\n|\n|-heal|p1a: Landorus|81\/100|[from] item: Leftovers\n|-damage|p2a: Hawlucha|66\/100 tox|[from] psn\n|upkeep\n|turn|7\n|\n|t:|1700281992\n|move|p2a: Hawlucha|Acrobatics|p1a: Landorus\n|-damage|p1a: Landorus|8\/100\n|move|p1a: Landorus|Earthquake|p2a: Hawlucha\n|-immune|p2a: Hawlucha\n|\n|-heal|p1a: Landorus|14\/100|[from] item: Leftovers\n|-damage|p2a: Hawlucha|48\/100 tox|[from] psn\n|upkeep\n|turn|8\n|\n|t:|1700281997\n|move|p2a: Hawlucha|Acrobatics|p1a: Landorus\n|-damage|p1a: Landorus|0 fnt\n|faint|p1a: Landorus\n|\n|-damage|p2a: Hawlucha|24\/100 tox|[from] psn\n|-fieldend|move: Psychic Terrain\n|upkeep\n|\n|t:|1700282005\n|switch|p1a: Scizor|Scizor-Mega, M|49\/100\n|turn|9\n|\n|t:|1700282012\n|move|p1a: Scizor|Bullet Punch|p2a: Hawlucha\n|-damage|p2a: Hawlucha|0 fnt\n|faint|p2a: Hawlucha\n|\n|upkeep\n|\n|t:|1700282016\n|switch|p2a: Cinderace|Cinderace, F|100\/100\n|turn|10\n|\n|t:|1700282025\n|switch|p1a: Tapu Koko|Tapu Koko|100\/100\n|-fieldstart|move: Electric Terrain|[from] ability: Electric Surge|[of] p1a: Tapu Koko\n|move|p2a: Cinderace|Court Change|p2a: Cinderace\n|-start|p2a: Cinderace|typechange|Normal|[from] ability: Libero\n|-swapsideconditions\n|-activate|p2a: Cinderace|move: Court Change\n|\n|upkeep\n|turn|11\n|\n|t:|1700282030\n|switch|p2a: Tapu Lele|Tapu Lele|56\/100\n|-fieldstart|move: Psychic Terrain|[from] ability: Psychic Surge|[of] p2a: Tapu Lele\n|move|p1a: Tapu Koko|Volt Switch|p2a: Tapu Lele\n|-damage|p2a: Tapu Lele|28\/100\n|\n|t:|1700282038\n|switch|p1a: Scizor|Scizor-Mega, M|49\/100|[from] Volt Switch\n|-damage|p1a: Scizor|37\/100|[from] Stealth Rock\n|\n|upkeep\n|turn|12\n|\n|t:|1700282049\n|switch|p2a: Cinderace|Cinderace, F|100\/100\n|move|p1a: Scizor|Knock Off|p2a: Cinderace\n|-damage|p2a: Cinderace|57\/100\n|-enditem|p2a: Cinderace|Heavy-Duty Boots|[from] move: Knock Off|[of] p1a: Scizor\n|\n|upkeep\n|turn|13\n|\n|t:|1700282058\n|switch|p1a: Toxapex|Toxapex, M|100\/100\n|-damage|p1a: Toxapex|88\/100|[from] Stealth Rock\n|move|p2a: Cinderace|U-turn|p1a: Toxapex\n|-start|p2a: Cinderace|typechange|Bug|[from] ability: Libero\n|-resisted|p1a: Toxapex\n|-damage|p1a: Toxapex|78\/100\n|\n|t:|1700282061\n|switch|p2a: Armarouge|Armarouge, F|100\/100|[from] U-turn\n|\n|upkeep\n|turn|14\n|\n|t:|1700282070\n|switch|p1a: Tapu Koko|Tapu Koko|100\/100\n|-fieldstart|move: Electric Terrain|[from] ability: Electric Surge|[of] p1a: Tapu Koko\n|move|p2a: Armarouge|Expanding Force|p1a: Tapu Koko\n|-damage|p1a: Tapu Koko|40\/100\n|\n|upkeep\n|turn|15\n|\n|t:|1700282075\n|switch|p2a: Chansey|Chansey, F|100\/100\n|move|p1a: Tapu Koko|Volt Switch|p2a: Chansey\n|-damage|p2a: Chansey|89\/100\n|\n|t:|1700282083\n|switch|p1a: Kartana|Kartana|100\/100|[from] Volt Switch\n|-damage|p1a: Kartana|94\/100|[from] Stealth Rock\n|\n|upkeep\n|turn|16\n|\n|t:|1700282090\n|switch|p2a: Armarouge|Armarouge, F|100\/100\n|move|p1a: Kartana|Knock Off|p2a: Armarouge\n|-supereffective|p2a: Armarouge\n|-damage|p2a: Armarouge|8\/100\n|-ability|p2a: Armarouge|Weak Armor|boost\n|-unboost|p2a: Armarouge|def|1\n|-boost|p2a: Armarouge|spe|2\n|-enditem|p2a: Armarouge|Weakness Policy\n|-boost|p2a: Armarouge|atk|2|[from] item: Weakness Policy\n|-boost|p2a: Armarouge|spa|2|[from] item: Weakness Policy\n|\n|upkeep\n|turn|17\n|\n|t:|1700282100\n|switch|p1a: Toxapex|Toxapex, M|100\/100\n|-damage|p1a: Toxapex|88\/100|[from] Stealth Rock\n|move|p2a: Armarouge|Endure||[still]\n|-fail|p2a: Armarouge\n|\n|upkeep\n|turn|18\n|\n|t:|1700282106\n|move|p2a: Armarouge|Expanding Force|p1a: Toxapex\n|-supereffective|p1a: Toxapex\n|-damage|p1a: Toxapex|0 fnt\n|faint|p1a: Toxapex\n|\n|-fieldend|move: Electric Terrain\n|upkeep\n|\n|t:|1700282110\n|switch|p1a: Tapu Koko|Tapu Koko|40\/100\n|-fieldstart|move: Electric Terrain|[from] ability: Electric Surge|[of] p1a: Tapu Koko\n|turn|19\n|\n|t:|1700282113\n|move|p2a: Armarouge|Endure|p2a: Armarouge\n|-singleturn|p2a: Armarouge|move: Endure\n|move|p1a: Tapu Koko|Volt Switch|p2a: Armarouge\n|-activate|p2a: Armarouge|move: Endure\n|-damage|p2a: Armarouge|1\/100\n|\n|t:|1700282119\n|switch|p1a: Scizor|Scizor-Mega, M|37\/100|[from] Volt Switch\n|-damage|p1a: Scizor|25\/100|[from] Stealth Rock\n|\n|upkeep\n|turn|20\n|\n|t:|1700282127\n|switch|p2a: Tapu Lele|Tapu Lele|28\/100\n|-fieldstart|move: Psychic Terrain|[from] ability: Psychic Surge|[of] p2a: Tapu Lele\n|move|p1a: Scizor|Bullet Punch|p2a: Tapu Lele\n|-activate|p2a: Tapu Lele|move: Psychic Terrain\n|\n|upkeep\n|turn|21\n|\n|t:|1700282132\n|move|p2a: Tapu Lele|Moonblast|p1a: Scizor\n|-resisted|p1a: Scizor\n|-damage|p1a: Scizor|6\/100\n|move|p1a: Scizor|Roost|p1a: Scizor\n|-heal|p1a: Scizor|56\/100\n|-singleturn|p1a: Scizor|move: Roost\n|\n|upkeep\n|turn|22\n|\n|t:|1700282141\n|switch|p2a: Armarouge|Armarouge, F|1\/100\n|move|p1a: Scizor|Roost|p1a: Scizor\n|-heal|p1a: Scizor|100\/100\n|-singleturn|p1a: Scizor|move: Roost\n|\n|upkeep\n|turn|23\n|\n|t:|1700282146\n|move|p2a: Armarouge|Armor Cannon|p1a: Scizor\n|-supereffective|p1a: Scizor\n|-damage|p1a: Scizor|0 fnt\n|-unboost|p2a: Armarouge|def|1\n|-unboost|p2a: Armarouge|spd|1\n|faint|p1a: Scizor\n|\n|upkeep\n|\n|t:|1700282151\n|switch|p1a: Tapu Koko|Tapu Koko|40\/100\n|-fieldstart|move: Electric Terrain|[from] ability: Electric Surge|[of] p1a: Tapu Koko\n|turn|24\n|\n|t:|1700282156\n|move|p2a: Armarouge|Endure|p2a: Armarouge\n|-singleturn|p2a: Armarouge|move: Endure\n|move|p1a: Tapu Koko|Volt Switch|p2a: Armarouge\n|-activate|p2a: Armarouge|move: Endure\n|-damage|p2a: Armarouge|1\/100\n|\n|t:|1700282162\n|switch|p1a: Kartana|Kartana|94\/100|[from] Volt Switch\n|-damage|p1a: Kartana|88\/100|[from] Stealth Rock\n|\n|upkeep\n|turn|25\n|\n|t:|1700282171\n|switch|p2a: Cinderace|Cinderace, F|57\/100\n|move|p1a: Kartana|Knock Off|p2a: Cinderace\n|-damage|p2a: Cinderace|18\/100\n|\n|upkeep\n|turn|26\n|\n|t:|1700282182\n|switch|p1a: Iron Valiant|Iron Valiant|100\/100\n|-damage|p1a: Iron Valiant|94\/100|[from] Stealth Rock\n|-activate|p1a: Iron Valiant|ability: Quark Drive\n|-start|p1a: Iron Valiant|quarkdrivespe\n|move|p2a: Cinderace|Pyro Ball|p1a: Iron Valiant\n|-damage|p1a: Iron Valiant|21\/100\n|\n|upkeep\n|turn|27\n|\n|t:|1700282196\n|move|p1a: Iron Valiant|Psyshock|p2a: Cinderace\n|-damage|p2a: Cinderace|0 fnt\n|faint|p2a: Cinderace\n|\n|upkeep\n|\n|t:|1700282199\n|switch|p2a: Tapu Lele|Tapu Lele|28\/100\n|-fieldstart|move: Psychic Terrain|[from] ability: Psychic Surge|[of] p2a: Tapu Lele\n|-end|p1a: Iron Valiant|Quark Drive\n|turn|28\n|\n|t:|1700282211\n|-end|p1a: Iron Valiant|Quark Drive|[silent]\n|switch|p1a: Tapu Koko|Tapu Koko|40\/100\n|-fieldstart|move: Electric Terrain|[from] ability: Electric Surge|[of] p1a: Tapu Koko\n|move|p2a: Tapu Lele|Moonblast|p1a: Tapu Koko\n|-damage|p1a: Tapu Koko|0 fnt\n|faint|p1a: Tapu Koko\n|\n|upkeep\n|\n|t:|1700282215\n|switch|p1a: Iron Valiant|Iron Valiant|21\/100\n|-damage|p1a: Iron Valiant|15\/100|[from] Stealth Rock\n|-activate|p1a: Iron Valiant|ability: Quark Drive\n|-start|p1a: Iron Valiant|quarkdrivespe\n|turn|29\n|\n|t:|1700282220\n|switch|p2a: Chansey|Chansey, F|89\/100\n|move|p1a: Iron Valiant|Psyshock|p2a: Chansey\n|-damage|p2a: Chansey|63\/100\n|\n|upkeep\n|turn|30\n|\n|t:|1700282224\n|move|p1a: Iron Valiant|Psyshock|p2a: Chansey\n|-damage|p2a: Chansey|39\/100\n|move|p2a: Chansey|Thunder Wave|p1a: Iron Valiant\n|-status|p1a: Iron Valiant|par\n|\n|upkeep\n|turn|31\n|\n|t:|1700282228\n|move|p1a: Iron Valiant|Psyshock|p2a: Chansey\n|-damage|p2a: Chansey|14\/100\n|move|p2a: Chansey|Soft-Boiled|p2a: Chansey\n|-heal|p2a: Chansey|64\/100\n|\n|upkeep\n|turn|32\n|\n|t:|1700282232\n|move|p1a: Iron Valiant|Psyshock|p2a: Chansey\n|-damage|p2a: Chansey|37\/100\n|move|p2a: Chansey|Teleport|p2a: Chansey\n|\n|t:|1700282234\n|switch|p2a: Tapu Lele|Tapu Lele|28\/100|[from] Teleport\n|-fieldstart|move: Psychic Terrain|[from] ability: Psychic Surge|[of] p2a: Tapu Lele\n|-end|p1a: Iron Valiant|Quark Drive\n|\n|upkeep\n|turn|33\n|\n|t:|1700282237\n|move|p2a: Tapu Lele|Moonblast|p1a: Iron Valiant\n|-supereffective|p1a: Iron Valiant\n|-crit|p1a: Iron Valiant\n|-damage|p1a: Iron Valiant|0 fnt\n|faint|p1a: Iron Valiant\n|-end|p1a: Iron Valiant|Quark Drive|[silent]\n|\n|upkeep\n|\n|t:|1700282240\n|switch|p1a: Kartana|Kartana|88\/100\n|-damage|p1a: Kartana|82\/100|[from] Stealth Rock\n|turn|34\n|\n|t:|1700282250\n|-terastallize|p2a: Tapu Lele|Grass\n|move|p1a: Kartana|Leaf Blade|p2a: Tapu Lele\n|-resisted|p2a: Tapu Lele\n|-damage|p2a: Tapu Lele|0 fnt\n|faint|p2a: Tapu Lele\n|-ability|p1a: Kartana|Beast Boost|boost\n|-boost|p1a: Kartana|atk|1\n|\n|upkeep\n|\n|t:|1700282253\n|switch|p2a: Armarouge|Armarouge, F|1\/100\n|turn|35\n|\n|t:|1700282259\n|-terastallize|p1a: Kartana|Dark\n|move|p2a: Armarouge|Endure|p2a: Armarouge\n|-singleturn|p2a: Armarouge|move: Endure\n|move|p1a: Kartana|Knock Off|p2a: Armarouge\n|-supereffective|p2a: Armarouge\n|-activate|p2a: Armarouge|move: Endure\n|-damage|p2a: Armarouge|1\/100\n|-ability|p2a: Armarouge|Weak Armor|boost\n|-unboost|p2a: Armarouge|def|1\n|-boost|p2a: Armarouge|spe|2\n|\n|upkeep\n|turn|36\n|\n|t:|1700282263\n|move|p2a: Armarouge|Armor Cannon|p1a: Kartana\n|-damage|p1a: Kartana|0 fnt\n|-unboost|p2a: Armarouge|def|1\n|-unboost|p2a: Armarouge|spd|1\n|faint|p1a: Kartana\n|\n|win|tdd20070515\u5179\u4f0f\u5947\u5927\u543e\n|raw|drtysprte's rating: 1374 &rarr; <strong>1357<\/strong><br \/>(-17 for losing)\n|raw|tdd20070515\u5179\u4f0f\u5947\u5927\u543e's rating: 1419 &rarr; <strong>1436<\/strong><br \/>(+17 for winning)\n|l|\u2606drtysprte\n","uploadtime":1700282280,"views":9,"p1id":"drtysprte","p2id":"tdd20070515","formatid":"gen9nationaldex","rating":1357,"private":0,"password":""}