{"id":"gen9nationaldex-1988212217","p1":"BigFishyCheese","p2":"Dr Allen Hu","format":"[Gen 9] National Dex","log":"|j|\u2606BigFishyCheese\n|j|\u2606Dr Allen Hu\n|t:|1699686301\n|gametype|singles\n|player|p1|BigFishyCheese|cynthia-gen4|1028\n|player|p2|Dr Allen Hu|102|1000\n|teamsize|p1|6\n|teamsize|p2|6\n|gen|9\n|tier|[Gen 9] National Dex\n|rated|\n|rule|HP Percentage Mod: HP is shown in percentages\n|rule|Endless Battle Clause: Forcing endless battles is banned\n|rule|OHKO Clause: OHKO moves are banned\n|rule|Evasion Clause: Evasion abilities, items, and moves are banned\n|rule|Evasion Abilities Clause: Evasion abilities are banned\n|rule|Evasion Items Clause: Evasion items are banned\n|rule|Evasion Moves Clause: Evasion moves are banned\n|rule|Species Clause: Limit one of each Pok\u00e9mon\n|rule|Sleep Clause Mod: Limit one foe put to sleep\n|clearpoke\n|poke|p1|Zangoose, M|\n|poke|p1|Sinistcha|\n|poke|p1|Copperajah, M|\n|poke|p1|Carbink|\n|poke|p1|Typhlosion, M|\n|poke|p1|Dondozo, M|\n|poke|p2|Umbreon, F|\n|poke|p2|Ferrothorn, F|\n|poke|p2|Toxapex, F|\n|poke|p2|Alomomola, M|\n|poke|p2|Blissey, F|\n|poke|p2|Grimmsnarl, M|\n|teampreview\n|inactive|Battle timer is ON: inactive players will automatically lose when time's up. (requested by Dr Allen Hu)\n|inactive|BigFishyCheese also wants the timer to be on.\n|\n|t:|1699686308\n|start\n|switch|p1a: Dondozo|Dondozo, M|100\/100\n|switch|p2a: Grimmsnarl|Grimmsnarl, M|100\/100\n|turn|1\n|c|\u2606BigFishyCheese|Hello again\n|\n|t:|1699686322\n|move|p2a: Grimmsnarl|Taunt|p1a: Dondozo\n|-start|p1a: Dondozo|move: Taunt\n|move|p1a: Dondozo|Waterfall|p2a: Grimmsnarl\n|-damage|p2a: Grimmsnarl|56\/100\n|\n|upkeep\n|turn|2\n|\n|t:|1699686328\n|move|p2a: Grimmsnarl|Reflect|p2a: Grimmsnarl\n|-sidestart|p2: Dr Allen Hu|Reflect\n|move|p1a: Dondozo|Waterfall|p2a: Grimmsnarl\n|-damage|p2a: Grimmsnarl|32\/100\n|\n|upkeep\n|turn|3\n|\n|t:|1699686331\n|move|p2a: Grimmsnarl|Parting Shot|p1a: Dondozo\n|-unboost|p1a: Dondozo|atk|1\n|-unboost|p1a: Dondozo|spa|1\n|\n|t:|1699686334\n|switch|p2a: Umbreon|Umbreon, F, shiny|100\/100|[from] Parting Shot\n|move|p1a: Dondozo|Waterfall|p2a: Umbreon\n|-damage|p2a: Umbreon|93\/100\n|\n|-heal|p2a: Umbreon|99\/100|[from] item: Leftovers\n|-end|p1a: Dondozo|move: Taunt\n|upkeep\n|turn|4\n|\n|t:|1699686341\n|move|p2a: Umbreon|Calm Mind|p2a: Umbreon\n|-boost|p2a: Umbreon|spa|1\n|-boost|p2a: Umbreon|spd|1\n|move|p1a: Dondozo|Order Up|p2a: Umbreon\n|-damage|p2a: Umbreon|94\/100\n|\n|-heal|p2a: Umbreon|100\/100|[from] item: Leftovers\n|upkeep\n|turn|5\n|\n|t:|1699686347\n|move|p2a: Umbreon|Calm Mind|p2a: Umbreon\n|-boost|p2a: Umbreon|spa|1\n|-boost|p2a: Umbreon|spd|1\n|move|p1a: Dondozo|Body Slam|p2a: Umbreon\n|-damage|p2a: Umbreon|95\/100\n|\n|-heal|p2a: Umbreon|100\/100|[from] item: Leftovers\n|upkeep\n|turn|6\n|\n|t:|1699686355\n|move|p2a: Umbreon|Calm Mind|p2a: Umbreon\n|-boost|p2a: Umbreon|spa|1\n|-boost|p2a: Umbreon|spd|1\n|move|p1a: Dondozo|Waterfall|p2a: Umbreon\n|-crit|p2a: Umbreon\n|-damage|p2a: Umbreon|67\/100\n|\n|-heal|p2a: Umbreon|74\/100|[from] item: Leftovers\n|upkeep\n|turn|7\n|\n|t:|1699686360\n|move|p2a: Umbreon|Calm Mind|p2a: Umbreon\n|-boost|p2a: Umbreon|spa|1\n|-boost|p2a: Umbreon|spd|1\n|move|p1a: Dondozo|Waterfall|p2a: Umbreon\n|-damage|p2a: Umbreon|67\/100\n|\n|-heal|p2a: Umbreon|73\/100|[from] item: Leftovers\n|upkeep\n|turn|8\n|\n|t:|1699686366\n|move|p2a: Umbreon|Calm Mind|p2a: Umbreon\n|-boost|p2a: Umbreon|spa|1\n|-boost|p2a: Umbreon|spd|1\n|move|p1a: Dondozo|Waterfall|p2a: Umbreon\n|-damage|p2a: Umbreon|65\/100\n|\n|-heal|p2a: Umbreon|71\/100|[from] item: Leftovers\n|upkeep\n|turn|9\n|\n|t:|1699686372\n|move|p2a: Umbreon|Calm Mind|p2a: Umbreon\n|-boost|p2a: Umbreon|spa|1\n|-boost|p2a: Umbreon|spd|1\n|move|p1a: Dondozo|Waterfall|p2a: Umbreon\n|-damage|p2a: Umbreon|64\/100\n|\n|-heal|p2a: Umbreon|70\/100|[from] item: Leftovers\n|-sideend|p2: Dr Allen Hu|Reflect\n|upkeep\n|turn|10\n|\n|t:|1699686379\n|move|p2a: Umbreon|Moonlight|p2a: Umbreon\n|-heal|p2a: Umbreon|100\/100\n|move|p1a: Dondozo|Waterfall|p2a: Umbreon\n|-damage|p2a: Umbreon|87\/100\n|\n|-heal|p2a: Umbreon|93\/100|[from] item: Leftovers\n|upkeep\n|turn|11\n|\n|t:|1699686385\n|move|p2a: Umbreon|Stored Power|p1a: Dondozo\n|-damage|p1a: Dondozo|62\/100\n|move|p1a: Dondozo|Waterfall|p2a: Umbreon\n|-damage|p2a: Umbreon|78\/100\n|\n|-heal|p2a: Umbreon|84\/100|[from] item: Leftovers\n|-heal|p1a: Dondozo|68\/100|[from] item: Leftovers\n|upkeep\n|turn|12\n|\n|t:|1699686388\n|move|p2a: Umbreon|Stored Power|p1a: Dondozo\n|-damage|p1a: Dondozo|33\/100\n|move|p1a: Dondozo|Waterfall|p2a: Umbreon\n|-damage|p2a: Umbreon|69\/100\n|\n|-heal|p2a: Umbreon|75\/100|[from] item: Leftovers\n|-heal|p1a: Dondozo|39\/100|[from] item: Leftovers\n|upkeep\n|turn|13\n|\n|t:|1699686392\n|move|p2a: Umbreon|Stored Power|p1a: Dondozo\n|-damage|p1a: Dondozo|4\/100\n|move|p1a: Dondozo|Waterfall|p2a: Umbreon\n|-damage|p2a: Umbreon|60\/100\n|\n|-heal|p2a: Umbreon|66\/100|[from] item: Leftovers\n|-heal|p1a: Dondozo|10\/100|[from] item: Leftovers\n|upkeep\n|turn|14\n|\n|t:|1699686398\n|move|p2a: Umbreon|Stored Power|p1a: Dondozo\n|-damage|p1a: Dondozo|0 fnt\n|faint|p1a: Dondozo\n|\n|-heal|p2a: Umbreon|72\/100|[from] item: Leftovers\n|upkeep\n|\n|t:|1699686400\n|switch|p1a: Typhlosion|Typhlosion, M, shiny|100\/100\n|turn|15\n|\n|t:|1699686410\n|move|p1a: Typhlosion|Will-O-Wisp|p2a: Umbreon\n|-status|p2a: Umbreon|brn\n|-activate|p2a: Umbreon|ability: Synchronize\n|-immune|p1a: Typhlosion\n|move|p2a: Umbreon|Stored Power|p1a: Typhlosion\n|-damage|p1a: Typhlosion|0 fnt\n|faint|p1a: Typhlosion\n|\n|-heal|p2a: Umbreon|78\/100 brn|[from] item: Leftovers\n|-damage|p2a: Umbreon|72\/100 brn|[from] brn\n|upkeep\n|\n|t:|1699686414\n|switch|p1a: Carbink|Carbink, shiny|100\/100\n|turn|16\n|\n|t:|1699686431\n|-terastallize|p2a: Umbreon|Ghost\n|move|p2a: Umbreon|Stored Power|p1a: Carbink\n|-damage|p1a: Carbink|0 fnt\n|faint|p1a: Carbink\n|\n|-heal|p2a: Umbreon|78\/100 brn|[from] item: Leftovers\n|-damage|p2a: Umbreon|72\/100 brn|[from] brn\n|upkeep\n|\n|t:|1699686436\n|switch|p1a: Zangoose|Zangoose, M, shiny|100\/100\n|turn|17\n|\n|t:|1699686439\n|-terastallize|p1a: Zangoose|Dark\n|move|p1a: Zangoose|Night Slash|p2a: Umbreon\n|-supereffective|p2a: Umbreon\n|-damage|p2a: Umbreon|32\/100 brn\n|move|p2a: Umbreon|Stored Power|p1a: Zangoose\n|-immune|p1a: Zangoose\n|\n|-heal|p2a: Umbreon|38\/100 brn|[from] item: Leftovers\n|-damage|p2a: Umbreon|32\/100 brn|[from] brn\n|-status|p1a: Zangoose|tox|[from] item: Toxic Orb\n|upkeep\n|turn|18\n|\n|t:|1699686445\n|move|p1a: Zangoose|Night Slash|p2a: Umbreon\n|-supereffective|p2a: Umbreon\n|-damage|p2a: Umbreon|0 fnt\n|faint|p2a: Umbreon\n|\n|-damage|p1a: Zangoose|94\/100 tox|[from] psn\n|upkeep\n|\n|t:|1699686458\n|switch|p2a: Grimmsnarl|Grimmsnarl, M|32\/100\n|turn|19\n|\n|t:|1699686463\n|move|p1a: Zangoose|Poison Jab|p2a: Grimmsnarl\n|-supereffective|p2a: Grimmsnarl\n|-damage|p2a: Grimmsnarl|0 fnt\n|faint|p2a: Grimmsnarl\n|\n|-damage|p1a: Zangoose|82\/100 tox|[from] psn\n|upkeep\n|\n|t:|1699686484\n|switch|p2a: Ferrothorn|Ferrothorn, F|100\/100\n|turn|20\n|\n|t:|1699686488\n|move|p1a: Zangoose|Swords Dance|p1a: Zangoose\n|-boost|p1a: Zangoose|atk|2\n|move|p2a: Ferrothorn|Leech Seed|p1a: Zangoose\n|-start|p1a: Zangoose|move: Leech Seed\n|\n|-damage|p1a: Zangoose|69\/100 tox|[from] Leech Seed|[of] p2a: Ferrothorn\n|-damage|p1a: Zangoose|50\/100 tox|[from] psn\n|upkeep\n|turn|21\n|\n|t:|1699686492\n|move|p1a: Zangoose|Night Slash|p2a: Ferrothorn\n|-damage|p2a: Ferrothorn|31\/100\n|-damage|p1a: Zangoose|38\/100 tox|[from] ability: Iron Barbs|[of] p2a: Ferrothorn\n|-damage|p1a: Zangoose|21\/100 tox|[from] item: Rocky Helmet|[of] p2a: Ferrothorn\n|move|p2a: Ferrothorn|Swagger|p1a: Zangoose\n|-boost|p1a: Zangoose|atk|2\n|-start|p1a: Zangoose|confusion\n|\n|-damage|p1a: Zangoose|9\/100 tox|[from] Leech Seed|[of] p2a: Ferrothorn\n|-heal|p2a: Ferrothorn|42\/100|[silent]\n|-damage|p1a: Zangoose|0 fnt|[from] psn\n|faint|p1a: Zangoose\n|upkeep\n|\n|t:|1699686496\n|switch|p1a: Copperajah|Copperajah, M, shiny|100\/100\n|turn|22\n|\n|t:|1699686505\n|switch|p2a: Alomomola|Alomomola, M|100\/100\n|move|p1a: Copperajah|Iron Defense|p1a: Copperajah\n|-boost|p1a: Copperajah|def|2\n|\n|upkeep\n|turn|23\n|\n|t:|1699686518\n|move|p2a: Alomomola|Soak|p1a: Copperajah\n|-start|p1a: Copperajah|typechange|Water\n|move|p1a: Copperajah|Iron Defense|p1a: Copperajah\n|-boost|p1a: Copperajah|def|2\n|\n|upkeep\n|turn|24\n|\n|t:|1699686523\n|move|p2a: Alomomola|Toxic|p1a: Copperajah\n|-status|p1a: Copperajah|tox\n|move|p1a: Copperajah|Body Press|p2a: Alomomola\n|-damage|p2a: Alomomola|56\/100\n|-damage|p1a: Copperajah|84\/100 tox|[from] item: Rocky Helmet|[of] p2a: Alomomola\n|-damage|p1a: Copperajah|74\/100 tox|[from] item: Life Orb\n|\n|-damage|p1a: Copperajah|68\/100 tox|[from] psn\n|upkeep\n|turn|25\n|\n|t:|1699686539\n|switch|p2a: Toxapex|Toxapex, F|100\/100\n|move|p1a: Copperajah|Body Press|p2a: Toxapex\n|-resisted|p2a: Toxapex\n|-damage|p2a: Toxapex|76\/100\n|-damage|p1a: Copperajah|51\/100 tox|[from] item: Rocky Helmet|[of] p2a: Toxapex\n|-damage|p1a: Copperajah|42\/100 tox|[from] item: Life Orb\n|\n|-damage|p1a: Copperajah|29\/100 tox|[from] psn\n|upkeep\n|turn|26\n|\n|t:|1699686563\n|move|p2a: Toxapex|Baneful Bunker|p2a: Toxapex\n|-singleturn|p2a: Toxapex|move: Protect\n|move|p1a: Copperajah|High Horsepower|p2a: Toxapex\n|-activate|p2a: Toxapex|move: Protect\n|\n|-damage|p1a: Copperajah|10\/100 tox|[from] psn\n|upkeep\n|turn|27\n|\n|t:|1699686570\n|switch|p2a: Alomomola|Alomomola, M|89\/100\n|move|p1a: Copperajah|High Horsepower|p2a: Alomomola\n|-damage|p2a: Alomomola|68\/100\n|-damage|p1a: Copperajah|0 fnt|[from] item: Rocky Helmet|[of] p2a: Alomomola\n|faint|p1a: Copperajah\n|\n|upkeep\n|\n|t:|1699686581\n|switch|p1a: Sinistcha|Sinistcha|100\/100\n|turn|28\n|\n|t:|1699686583\n|switch|p2a: Blissey|Blissey, F|100\/100\n|move|p1a: Sinistcha|Matcha Gotcha|p2a: Blissey\n|-crit|p2a: Blissey\n|-damage|p2a: Blissey|83\/100\n|-status|p2a: Blissey|brn\n|\n|-heal|p2a: Blissey|89\/100 brn|[from] item: Leftovers\n|-damage|p2a: Blissey|83\/100 brn|[from] brn\n|upkeep\n|turn|29\n|\n|t:|1699686591\n|move|p1a: Sinistcha|Nasty Plot|p1a: Sinistcha\n|-boost|p1a: Sinistcha|spa|2\n|move|p2a: Blissey|Toxic|p1a: Sinistcha\n|-status|p1a: Sinistcha|tox\n|\n|-heal|p2a: Blissey|89\/100 brn|[from] item: Leftovers\n|-damage|p1a: Sinistcha|94\/100 tox|[from] psn\n|-damage|p2a: Blissey|83\/100 brn|[from] brn\n|upkeep\n|turn|30\n|\n|t:|1699686598\n|move|p1a: Sinistcha|Nasty Plot|p1a: Sinistcha\n|-boost|p1a: Sinistcha|spa|2\n|move|p2a: Blissey|Aromatherapy|p2a: Blissey\n|-activate|p2a: Blissey|move: Aromatherapy\n|-curestatus|p2a: Blissey|brn|[msg]\n|\n|-heal|p2a: Blissey|89\/100|[from] item: Leftovers\n|-damage|p1a: Sinistcha|82\/100 tox|[from] psn\n|upkeep\n|turn|31\n|\n|t:|1699686604\n|move|p1a: Sinistcha|Nasty Plot|p1a: Sinistcha\n|-boost|p1a: Sinistcha|spa|2\n|move|p2a: Blissey|Wish|p2a: Blissey\n|\n|-heal|p2a: Blissey|96\/100|[from] item: Leftovers\n|-damage|p1a: Sinistcha|64\/100 tox|[from] psn\n|upkeep\n|turn|32\n|\n|t:|1699686610\n|move|p1a: Sinistcha|Matcha Gotcha|p2a: Blissey|[miss]\n|-miss|p1a: Sinistcha|p2a: Blissey\n|move|p2a: Blissey|Aromatherapy||[still]\n|-activate|p2a: Blissey|move: Aromatherapy\n|-fail|p2a: Blissey\n|\n|-heal|p2a: Blissey|100\/100|[from] move: Wish|[wisher] Blissey\n|-damage|p1a: Sinistcha|40\/100 tox|[from] psn\n|upkeep\n|turn|33\n|\n|t:|1699686613\n|move|p1a: Sinistcha|Matcha Gotcha|p2a: Blissey\n|-damage|p2a: Blissey|51\/100\n|-heal|p1a: Sinistcha|91\/100 tox|[from] drain|[of] p2a: Blissey\n|move|p2a: Blissey|Toxic|p1a: Sinistcha\n|-fail|p1a: Sinistcha|tox\n|\n|-heal|p2a: Blissey|57\/100|[from] item: Leftovers\n|-damage|p1a: Sinistcha|61\/100 tox|[from] psn\n|upkeep\n|turn|34\n|\n|t:|1699686625\n|switch|p2a: Toxapex|Toxapex, F|100\/100\n|move|p1a: Sinistcha|Matcha Gotcha|p2a: Toxapex\n|-damage|p2a: Toxapex|0 fnt\n|-heal|p1a: Sinistcha|100\/100 tox|[from] drain|[of] p2a: Toxapex\n|faint|p2a: Toxapex\n|\n|-damage|p1a: Sinistcha|64\/100 tox|[from] psn\n|upkeep\n|\n|t:|1699686640\n|switch|p2a: Blissey|Blissey, F|57\/100\n|turn|35\n|\n|t:|1699686644\n|move|p1a: Sinistcha|Matcha Gotcha|p2a: Blissey\n|-damage|p2a: Blissey|10\/100\n|-heal|p1a: Sinistcha|100\/100 tox|[from] drain|[of] p2a: Blissey\n|move|p2a: Blissey|Wish|p2a: Blissey\n|\n|-heal|p2a: Blissey|16\/100|[from] item: Leftovers\n|-damage|p1a: Sinistcha|58\/100 tox|[from] psn\n|upkeep\n|turn|36\n|\n|t:|1699686649\n|switch|p2a: Ferrothorn|Ferrothorn, F|42\/100\n|move|p1a: Sinistcha|Matcha Gotcha|p2a: Ferrothorn\n|-resisted|p2a: Ferrothorn\n|-damage|p2a: Ferrothorn|7\/100\n|-heal|p1a: Sinistcha|76\/100 tox|[from] drain|[of] p2a: Ferrothorn\n|-status|p2a: Ferrothorn|brn\n|\n|-heal|p2a: Ferrothorn|100\/100 brn|[from] move: Wish|[wisher] Blissey\n|-damage|p1a: Sinistcha|27\/100 tox|[from] psn\n|-damage|p2a: Ferrothorn|95\/100 brn|[from] brn\n|upkeep\n|turn|37\n|\n|t:|1699686658\n|switch|p2a: Blissey|Blissey, F|16\/100\n|-zpower|p1a: Sinistcha\n|move|p1a: Sinistcha|Bloom Doom|p2a: Blissey|[zeffect]\n|-damage|p2a: Blissey|0 fnt\n|faint|p2a: Blissey\n|\n|-damage|p1a: Sinistcha|0 fnt|[from] psn\n|faint|p1a: Sinistcha\n|\n|win|Dr Allen Hu\n|upkeep\n|raw|BigFishyCheese's rating: 1028 &rarr; <strong>1013<\/strong><br \/>(-15 for losing)\n|raw|Dr Allen Hu's rating: 1000 &rarr; <strong>1043<\/strong><br \/>(+43 for winning)\n|l|\u2606Dr Allen Hu\n","uploadtime":1699686680,"views":43,"p1id":"bigfishycheese","p2id":"drallenhu","formatid":"gen9nationaldex","rating":1013,"private":0,"password":""}