{"id":"gen9nationaldex-1996197070","p1":"Anhkiet","p2":"GAGA233","format":"[Gen 9] National Dex","log":"|html|<div class=\"broadcast-blue\"><strong>[Gen 9] National Dex is currently suspecting Sneasler! For information on how to participate check out the <a href=\"https:\/\/www.smogon.com\/forums\/threads\/sv-national-dex-suspect-8-just-dance.3731534\/\">suspect thread<\/a>.<\/strong><\/div>\n|j|\u2606Anhkiet\n|j|\u2606GAGA233\n|t:|1700657943\n|gametype|singles\n|player|p1|Anhkiet|266|1622\n|player|p2|GAGA233|1|1657\n|teamsize|p1|6\n|teamsize|p2|6\n|gen|9\n|tier|[Gen 9] National Dex\n|rated|\n|rule|HP Percentage Mod: HP is shown in percentages\n|rule|Endless Battle Clause: Forcing endless battles is banned\n|rule|OHKO Clause: OHKO moves are banned\n|rule|Evasion Clause: Evasion abilities, items, and moves are banned\n|rule|Evasion Abilities Clause: Evasion abilities are banned\n|rule|Evasion Items Clause: Evasion items are banned\n|rule|Evasion Moves Clause: Evasion moves are banned\n|rule|Species Clause: Limit one of each Pok\u00e9mon\n|rule|Sleep Clause Mod: Limit one foe put to sleep\n|clearpoke\n|poke|p1|Banette, M|\n|poke|p1|Polteageist-Antique|\n|poke|p1|Tapu Lele|\n|poke|p1|Great Tusk|\n|poke|p1|Torkoal, F|\n|poke|p1|Pawmot, F|\n|poke|p2|Ogerpon, F|\n|poke|p2|Corviknight, M|\n|poke|p2|Clodsire, M|\n|poke|p2|Tyranitar, M|\n|poke|p2|Tapu Fini|\n|poke|p2|Banette, M|\n|teampreview\n|inactive|Battle timer is ON: inactive players will automatically lose when time's up. (requested by GAGA233)\n|\n|t:|1700657956\n|start\n|switch|p1a: Great Tusk|Great Tusk|100\/100\n|switch|p2a: Tapu Fini|Tapu Fini|100\/100\n|-fieldstart|move: Misty Terrain|[from] ability: Misty Surge|[of] p2a: Tapu Fini\n|turn|1\n|\n|t:|1700657972\n|-end|p1a: Great Tusk|Protosynthesis|[silent]\n|switch|p1a: Tapu Lele|Tapu Lele|100\/100\n|-fieldstart|move: Psychic Terrain|[from] ability: Psychic Surge|[of] p1a: Tapu Lele\n|move|p2a: Tapu Fini|Taunt|p1a: Tapu Lele\n|-start|p1a: Tapu Lele|move: Taunt\n|\n|upkeep\n|turn|2\n|\n|t:|1700657978\n|switch|p2a: Tyranitar|Tyranitar, M|100\/100\n|-weather|Sandstorm|[from] ability: Sand Stream|[of] p2a: Tyranitar\n|-terastallize|p1a: Tapu Lele|Psychic\n|move|p1a: Tapu Lele|Psyshock|p2a: Tyranitar\n|-immune|p2a: Tyranitar\n|\n|-weather|Sandstorm|[upkeep]\n|-damage|p1a: Tapu Lele|94\/100|[from] Sandstorm\n|upkeep\n|turn|3\n|\n|t:|1700657985\n|-activate|p1a: Tapu Lele|move: Pursuit\n|move|p2a: Tyranitar|Pursuit|p1a: Tapu Lele|[from]Pursuit\n|-supereffective|p1a: Tapu Lele\n|-damage|p1a: Tapu Lele|0 fnt\n|faint|p1a: Tapu Lele\n|-hint|A Pokemon can't switch between when it runs out of HP and when it faints\n|\n|-weather|Sandstorm|[upkeep]\n|upkeep\n|\n|t:|1700657989\n|switch|p1a: Great Tusk|Great Tusk|100\/100\n|turn|4\n|\n|t:|1700657993\n|switch|p2a: Corviknight|Corviknight, M|100\/100\n|-ability|p2a: Corviknight|Pressure\n|move|p1a: Great Tusk|Headlong Rush|p2a: Corviknight\n|-immune|p2a: Corviknight\n|\n|-weather|Sandstorm|[upkeep]\n|upkeep\n|turn|5\n|\n|t:|1700658001\n|-end|p1a: Great Tusk|Protosynthesis|[silent]\n|switch|p1a: Torkoal|Torkoal, F|100\/100\n|-weather|SunnyDay|[from] ability: Drought|[of] p1a: Torkoal\n|move|p2a: Corviknight|U-turn|p1a: Torkoal\n|-resisted|p1a: Torkoal\n|-damage|p1a: Torkoal|95\/100\n|\n|t:|1700658009\n|switch|p2a: Tyranitar|Tyranitar, M|100\/100|[from] U-turn\n|-weather|Sandstorm|[from] ability: Sand Stream|[of] p2a: Tyranitar\n|\n|-weather|Sandstorm|[upkeep]\n|-damage|p1a: Torkoal|89\/100|[from] Sandstorm\n|-fieldend|move: Psychic Terrain\n|upkeep\n|turn|6\n|\n|t:|1700658012\n|move|p2a: Tyranitar|Earthquake|p1a: Torkoal\n|-supereffective|p1a: Torkoal\n|-damage|p1a: Torkoal|46\/100\n|move|p1a: Torkoal|Yawn|p2a: Tyranitar\n|-start|p2a: Tyranitar|move: Yawn|[of] p1a: Torkoal\n|\n|-weather|Sandstorm|[upkeep]\n|-damage|p1a: Torkoal|40\/100|[from] Sandstorm\n|upkeep\n|turn|7\n|\n|t:|1700658025\n|switch|p2a: Tapu Fini|Tapu Fini|100\/100\n|-fieldstart|move: Misty Terrain|[from] ability: Misty Surge|[of] p2a: Tapu Fini\n|switch|p1a: Pawmot|Pawmot, F|100\/100\n|\n|-weather|Sandstorm|[upkeep]\n|-damage|p1a: Pawmot|94\/100|[from] Sandstorm\n|-damage|p2a: Tapu Fini|94\/100|[from] Sandstorm\n|-heal|p2a: Tapu Fini|100\/100|[from] item: Leftovers\n|upkeep\n|turn|8\n|\n|t:|1700658037\n|switch|p1a: Great Tusk|Great Tusk|100\/100\n|move|p2a: Tapu Fini|Draining Kiss|p1a: Great Tusk\n|-supereffective|p1a: Great Tusk\n|-damage|p1a: Great Tusk|67\/100\n|\n|-weather|Sandstorm|[upkeep]\n|-damage|p2a: Tapu Fini|94\/100|[from] Sandstorm\n|-heal|p2a: Tapu Fini|100\/100|[from] item: Leftovers\n|upkeep\n|turn|9\n|\n|t:|1700658052\n|move|p1a: Great Tusk|Headlong Rush|p2a: Tapu Fini\n|-damage|p2a: Tapu Fini|56\/100\n|-unboost|p1a: Great Tusk|def|1\n|-unboost|p1a: Great Tusk|spd|1\n|move|p2a: Tapu Fini|Calm Mind|p2a: Tapu Fini\n|-boost|p2a: Tapu Fini|spa|1\n|-boost|p2a: Tapu Fini|spd|1\n|\n|-weather|none\n|-heal|p2a: Tapu Fini|62\/100|[from] item: Leftovers\n|upkeep\n|turn|10\n|\n|t:|1700658060\n|-end|p1a: Great Tusk|Protosynthesis|[silent]\n|switch|p1a: Torkoal|Torkoal, F|40\/100\n|-weather|SunnyDay|[from] ability: Drought|[of] p1a: Torkoal\n|move|p2a: Tapu Fini|Draining Kiss|p1a: Torkoal\n|-resisted|p1a: Torkoal\n|-damage|p1a: Torkoal|25\/100\n|-heal|p2a: Tapu Fini|73\/100|[from] drain|[of] p1a: Torkoal\n|\n|-weather|SunnyDay|[upkeep]\n|-heal|p2a: Tapu Fini|79\/100|[from] item: Leftovers\n|upkeep\n|turn|11\n|\n|t:|1700658065\n|switch|p1a: Pawmot|Pawmot, F|94\/100\n|move|p2a: Tapu Fini|Taunt|p1a: Pawmot\n|-start|p1a: Pawmot|move: Taunt\n|\n|-weather|SunnyDay|[upkeep]\n|-heal|p2a: Tapu Fini|85\/100|[from] item: Leftovers\n|-fieldend|Misty Terrain\n|upkeep\n|turn|12\n|\n|t:|1700658080\n|switch|p2a: Ogerpon|Ogerpon, F|100\/100\n|move|p1a: Pawmot|Double Shock|p2a: Ogerpon\n|-resisted|p2a: Ogerpon\n|-damage|p2a: Ogerpon|64\/100\n|-start|p1a: Pawmot|typechange|???\/Fighting|[from] move: Double Shock\n|\n|-weather|SunnyDay|[upkeep]\n|upkeep\n|turn|13\n|\n|t:|1700658091\n|-terastallize|p2a: Ogerpon|Grass\n|detailschange|p2a: Ogerpon|Ogerpon-Teal-Tera, F, tera:Grass\n|-ability|p2a: Ogerpon|Embody Aspect (Teal)|boost\n|-boost|p2a: Ogerpon|spe|1\n|move|p2a: Ogerpon|Ivy Cudgel|p1a: Pawmot\n|-damage|p1a: Pawmot|0 fnt\n|faint|p1a: Pawmot\n|\n|-weather|SunnyDay|[upkeep]\n|upkeep\n|\n|t:|1700658101\n|switch|p1a: Polteageist|Polteageist-Antique|100\/100\n|turn|14\n|\n|t:|1700658111\n|switch|p2a: Banette|Banette, M|100\/100\n|-item|p1a: Polteageist|Focus Sash|[from] ability: Frisk|[of] p2a: Banette|[identify]\n|move|p1a: Polteageist|Shadow Ball|p2a: Banette\n|-supereffective|p2a: Banette\n|-damage|p2a: Banette|0 fnt\n|faint|p2a: Banette\n|\n|-weather|none\n|upkeep\n|\n|t:|1700658119\n|switch|p2a: Tyranitar|Tyranitar, M|100\/100\n|-weather|Sandstorm|[from] ability: Sand Stream|[of] p2a: Tyranitar\n|turn|15\n|\n|t:|1700658126\n|move|p1a: Polteageist|Shadow Ball|p2a: Tyranitar\n|-resisted|p2a: Tyranitar\n|-damage|p2a: Tyranitar|91\/100\n|move|p2a: Tyranitar|Pursuit|p1a: Polteageist\n|-supereffective|p1a: Polteageist\n|-damage|p1a: Polteageist|35\/100\n|-ability|p1a: Polteageist|Weak Armor|boost\n|-unboost|p1a: Polteageist|def|1\n|-boost|p1a: Polteageist|spe|2\n|\n|-weather|Sandstorm|[upkeep]\n|-damage|p1a: Polteageist|29\/100|[from] Sandstorm\n|upkeep\n|turn|16\n|\n|t:|1700658131\n|move|p1a: Polteageist|Shadow Ball|p2a: Tyranitar\n|-resisted|p2a: Tyranitar\n|-damage|p2a: Tyranitar|80\/100\n|move|p2a: Tyranitar|Pursuit|p1a: Polteageist\n|-supereffective|p1a: Polteageist\n|-damage|p1a: Polteageist|0 fnt\n|faint|p1a: Polteageist\n|\n|-weather|Sandstorm|[upkeep]\n|upkeep\n|\n|t:|1700658134\n|switch|p1a: Great Tusk|Great Tusk|67\/100\n|turn|17\n|\n|t:|1700658139\n|switch|p2a: Corviknight|Corviknight, M|100\/100\n|-ability|p2a: Corviknight|Pressure\n|move|p1a: Great Tusk|Close Combat|p2a: Corviknight\n|-damage|p2a: Corviknight|62\/100\n|-unboost|p1a: Great Tusk|def|1\n|-unboost|p1a: Great Tusk|spd|1\n|\n|-weather|Sandstorm|[upkeep]\n|upkeep\n|turn|18\n|\n|t:|1700658148\n|move|p1a: Great Tusk|Close Combat|p2a: Corviknight\n|-damage|p2a: Corviknight|24\/100\n|-unboost|p1a: Great Tusk|def|1\n|-unboost|p1a: Great Tusk|spd|1\n|move|p2a: Corviknight|Roost|p2a: Corviknight\n|-heal|p2a: Corviknight|74\/100\n|-singleturn|p2a: Corviknight|move: Roost\n|\n|-weather|Sandstorm|[upkeep]\n|upkeep\n|turn|19\n|j| hainiumm\n|l| hainiumm\n|\n|t:|1700658177\n|-end|p1a: Great Tusk|Protosynthesis|[silent]\n|switch|p1a: Torkoal|Torkoal, F|25\/100\n|-weather|SunnyDay|[from] ability: Drought|[of] p1a: Torkoal\n|move|p2a: Corviknight|Roost|p2a: Corviknight\n|-heal|p2a: Corviknight|100\/100\n|-singleturn|p2a: Corviknight|move: Roost\n|\n|-weather|SunnyDay|[upkeep]\n|upkeep\n|turn|20\n|\n|t:|1700658183\n|switch|p2a: Tapu Fini|Tapu Fini|85\/100\n|-fieldstart|move: Misty Terrain|[from] ability: Misty Surge|[of] p2a: Tapu Fini\n|switch|p1a: Great Tusk|Great Tusk|67\/100\n|-activate|p1a: Great Tusk|ability: Protosynthesis\n|-start|p1a: Great Tusk|protosynthesisatk\n|\n|-weather|SunnyDay|[upkeep]\n|-heal|p2a: Tapu Fini|91\/100|[from] item: Leftovers\n|upkeep\n|turn|21\n|\n|t:|1700658192\n|move|p1a: Great Tusk|Headlong Rush|p2a: Tapu Fini\n|-damage|p2a: Tapu Fini|31\/100\n|-unboost|p1a: Great Tusk|def|1\n|-unboost|p1a: Great Tusk|spd|1\n|move|p2a: Tapu Fini|Draining Kiss|p1a: Great Tusk\n|-supereffective|p1a: Great Tusk\n|-damage|p1a: Great Tusk|19\/100\n|-heal|p2a: Tapu Fini|73\/100|[from] drain|[of] p1a: Great Tusk\n|\n|-weather|SunnyDay|[upkeep]\n|-heal|p2a: Tapu Fini|80\/100|[from] item: Leftovers\n|upkeep\n|turn|22\n|\n|t:|1700658203\n|switch|p2a: Corviknight|Corviknight, M|100\/100\n|-ability|p2a: Corviknight|Pressure\n|move|p1a: Great Tusk|Headlong Rush|p2a: Corviknight\n|-immune|p2a: Corviknight\n|\n|-weather|SunnyDay|[upkeep]\n|upkeep\n|turn|23\n|\n|t:|1700658210\n|move|p1a: Great Tusk|Close Combat|p2a: Corviknight\n|-damage|p2a: Corviknight|45\/100\n|-unboost|p1a: Great Tusk|def|1\n|-unboost|p1a: Great Tusk|spd|1\n|move|p2a: Corviknight|U-turn|p1a: Great Tusk\n|-resisted|p1a: Great Tusk\n|-damage|p1a: Great Tusk|9\/100\n|\n|t:|1700658216\n|switch|p2a: Ogerpon|Ogerpon-Teal-Tera, F, tera:Grass|64\/100|[from] U-turn\n|-ability|p2a: Ogerpon|Embody Aspect (Teal)|boost\n|-boost|p2a: Ogerpon|spe|1\n|\n|-weather|none\n|-end|p1a: Great Tusk|Protosynthesis\n|upkeep\n|turn|24\n|\n|t:|1700658226\n|move|p2a: Ogerpon|Ivy Cudgel|p1a: Great Tusk\n|-supereffective|p1a: Great Tusk\n|-damage|p1a: Great Tusk|0 fnt\n|faint|p1a: Great Tusk\n|-end|p1a: Great Tusk|Protosynthesis|[silent]\n|\n|-fieldend|Misty Terrain\n|upkeep\n|\n|t:|1700658235\n|switch|p1a: Banette|Banette, M|100\/100\n|-item|p2a: Ogerpon|Heavy-Duty Boots|[from] ability: Frisk|[of] p1a: Banette|[identify]\n|turn|25\n|\n|t:|1700658239\n|switch|p2a: Tyranitar|Tyranitar, M|80\/100\n|-weather|Sandstorm|[from] ability: Sand Stream|[of] p2a: Tyranitar\n|detailschange|p1a: Banette|Banette-Mega, M\n|-mega|p1a: Banette|Banette|Banettite\n|move|p1a: Banette|Poltergeist|p2a: Tyranitar\n|-activate|p2a: Tyranitar|move: Poltergeist|Assault Vest\n|-resisted|p2a: Tyranitar\n|-damage|p2a: Tyranitar|39\/100\n|\n|-weather|Sandstorm|[upkeep]\n|-damage|p1a: Banette|94\/100|[from] Sandstorm\n|upkeep\n|turn|26\n|\n|t:|1700658247\n|move|p2a: Tyranitar|Pursuit|p1a: Banette\n|-supereffective|p1a: Banette\n|-damage|p1a: Banette|47\/100\n|move|p1a: Banette|Poltergeist|p2a: Tyranitar\n|-activate|p2a: Tyranitar|move: Poltergeist|Assault Vest\n|-resisted|p2a: Tyranitar\n|-damage|p2a: Tyranitar|0 fnt\n|faint|p2a: Tyranitar\n|\n|-weather|Sandstorm|[upkeep]\n|-damage|p1a: Banette|41\/100|[from] Sandstorm\n|upkeep\n|\n|t:|1700658252\n|switch|p2a: Ogerpon|Ogerpon-Teal-Tera, F, tera:Grass|64\/100\n|-ability|p2a: Ogerpon|Embody Aspect (Teal)|boost\n|-boost|p2a: Ogerpon|spe|1\n|turn|27\n|\n|t:|1700658268\n|move|p1a: Banette|Destiny Bond|p1a: Banette\n|-singlemove|p1a: Banette|Destiny Bond\n|move|p2a: Ogerpon|Ivy Cudgel|p1a: Banette\n|-damage|p1a: Banette|0 fnt\n|faint|p1a: Banette\n|-activate|p1a: Banette|move: Destiny Bond\n|faint|p2a: Ogerpon\n|\n|-weather|Sandstorm|[upkeep]\n|upkeep\n|\n|t:|1700658274\n|switch|p2a: Clodsire|Clodsire, M|100\/100\n|switch|p1a: Torkoal|Torkoal, F|25\/100\n|-weather|SunnyDay|[from] ability: Drought|[of] p1a: Torkoal\n|turn|28\n|\n|t:|1700658294\n|move|p2a: Clodsire|Earthquake|p1a: Torkoal\n|-supereffective|p1a: Torkoal\n|-damage|p1a: Torkoal|0 fnt\n|faint|p1a: Torkoal\n|\n|win|GAGA233\n|raw|Anhkiet's rating: 1622 &rarr; <strong>1604<\/strong><br \/>(-18 for losing)\n|raw|GAGA233's rating: 1657 &rarr; <strong>1675<\/strong><br \/>(+18 for winning)\n|l|\u2606Anhkiet\n","uploadtime":1700658301,"views":19,"p1id":"anhkiet","p2id":"gaga233","formatid":"gen9nationaldex","rating":1604,"private":0,"password":""}