{"id":"gen9nationaldex-1995061525","p1":"Gamerfunnnnny","p2":"kenshiro33","format":"[Gen 9] National Dex","log":"|html|<div class=\"broadcast-blue\"><strong>[Gen 9] National Dex is currently suspecting Sneasler! For information on how to participate check out the <a href=\"https:\/\/www.smogon.com\/forums\/threads\/sv-national-dex-suspect-8-just-dance.3731534\/\">suspect thread<\/a>.<\/strong><\/div>\n|j|\u2606Gamerfunnnnny\n|j|\u2606kenshiro33\n|t:|1700518372\n|gametype|singles\n|player|p1|Gamerfunnnnny|170|1212\n|player|p2|kenshiro33|2|1341\n|teamsize|p1|6\n|teamsize|p2|6\n|gen|9\n|tier|[Gen 9] National Dex\n|rated|\n|rule|HP Percentage Mod: HP is shown in percentages\n|rule|Endless Battle Clause: Forcing endless battles is banned\n|rule|OHKO Clause: OHKO moves are banned\n|rule|Evasion Clause: Evasion abilities, items, and moves are banned\n|rule|Evasion Abilities Clause: Evasion abilities are banned\n|rule|Evasion Items Clause: Evasion items are banned\n|rule|Evasion Moves Clause: Evasion moves are banned\n|rule|Species Clause: Limit one of each Pok\u00e9mon\n|rule|Sleep Clause Mod: Limit one foe put to sleep\n|clearpoke\n|poke|p1|Lopunny, F|\n|poke|p1|Greninja-*, M|\n|poke|p1|Clefable, F|\n|poke|p1|Togekiss, F|\n|poke|p1|Forretress, M|\n|poke|p1|Breloom, M|\n|poke|p2|Typhlosion-Hisui, F|\n|poke|p2|Porygon2|\n|poke|p2|Great Tusk|\n|poke|p2|Ditto|\n|poke|p2|Sneasler, F|\n|poke|p2|Masquerain, F|\n|teampreview\n|inactive|Battle timer is ON: inactive players will automatically lose when time's up. (requested by Gamerfunnnnny)\n|\n|t:|1700518382\n|start\n|switch|p1a: Lopunny|Lopunny, F|100\/100\n|switch|p2a: Masquerain|Masquerain, F|100\/100\n|-ability|p2a: Masquerain|Intimidate|boost\n|-unboost|p1a: Lopunny|atk|1\n|turn|1\n|\n|t:|1700518409\n|detailschange|p1a: Lopunny|Lopunny-Mega, F\n|-mega|p1a: Lopunny|Lopunny|Lopunnite\n|move|p1a: Lopunny|Fake Out|p2a: Masquerain\n|-damage|p2a: Masquerain|74\/100\n|cant|p2a: Masquerain|flinch\n|\n|upkeep\n|turn|2\n|inactive|kenshiro33 has 120 seconds left.\n|\n|t:|1700518427\n|move|p1a: Lopunny|Ice Punch|p2a: Masquerain\n|-supereffective|p2a: Masquerain\n|-damage|p2a: Masquerain|9\/100\n|move|p2a: Masquerain|Sticky Web|p1a: Lopunny\n|-sidestart|p1: Gamerfunnnnny|move: Sticky Web\n|\n|upkeep\n|turn|3\n|inactive|kenshiro33 has 120 seconds left.\n|\n|t:|1700518440\n|switch|p2a: Sneasler|Sneasler, F|100\/100\n|move|p1a: Lopunny|U-turn|p2a: Sneasler\n|-resisted|p2a: Sneasler\n|-damage|p2a: Sneasler|94\/100\n|\n|t:|1700518443\n|switch|p1a: Forretress|Forretress, M|100\/100|[from] U-turn\n|-activate|p1a: Forretress|move: Sticky Web\n|-unboost|p1a: Forretress|spe|1\n|\n|upkeep\n|turn|4\n|\n|t:|1700518454\n|move|p2a: Sneasler|U-turn|p1a: Forretress\n|-resisted|p1a: Forretress\n|-damage|p1a: Forretress|87\/100\n|-damage|p2a: Sneasler|77\/100|[from] item: Rocky Helmet|[of] p1a: Forretress\n|\n|t:|1700518459\n|switch|p2a: Typhlosion|Typhlosion-Hisui, F|100\/100|[from] U-turn\n|-item|p1a: Forretress|Rocky Helmet|[from] ability: Frisk|[of] p2a: Typhlosion|[identify]\n|move|p1a: Forretress|Rapid Spin|p2a: Typhlosion\n|-immune|p2a: Typhlosion\n|\n|upkeep\n|turn|5\n|\n|t:|1700518468\n|switch|p1a: Togekiss|Togekiss, F, shiny|100\/100\n|move|p2a: Typhlosion|Eruption|p1a: Togekiss\n|-damage|p1a: Togekiss|50\/100\n|\n|-heal|p1a: Togekiss|56\/100|[from] item: Leftovers\n|upkeep\n|turn|6\n|\n|t:|1700518480\n|-zpower|p2a: Typhlosion\n|move|p2a: Typhlosion|Inferno Overdrive|p1a: Togekiss|[zeffect]\n|-damage|p1a: Togekiss|0 fnt\n|faint|p1a: Togekiss\n|\n|upkeep\n|\n|t:|1700518502\n|switch|p1a: Clefable|Clefable, F|100\/100\n|-activate|p1a: Clefable|move: Sticky Web\n|-unboost|p1a: Clefable|spe|1\n|turn|7\n|\n|t:|1700518519\n|switch|p2a: Porygon2|Porygon2|100\/100\n|-ability|p2a: Porygon2|Magic Guard|[from] ability: Trace|[of] p1a: Clefable\n|move|p1a: Clefable|Toxic|p2a: Porygon2\n|-status|p2a: Porygon2|tox\n|\n|upkeep\n|turn|8\n|\n|t:|1700518526\n|move|p2a: Porygon2|Toxic|p1a: Clefable\n|-status|p1a: Clefable|tox\n|move|p1a: Clefable|Cosmic Power|p1a: Clefable\n|-boost|p1a: Clefable|def|1\n|-boost|p1a: Clefable|spd|1\n|\n|upkeep\n|turn|9\n|\n|t:|1700518543\n|switch|p2a: Masquerain|Masquerain, F|9\/100\n|-ability|p2a: Masquerain|Intimidate|boost\n|-unboost|p1a: Clefable|atk|1\n|move|p1a: Clefable|Moonblast|p2a: Masquerain\n|-damage|p2a: Masquerain|0 fnt\n|faint|p2a: Masquerain\n|\n|upkeep\n|\n|t:|1700518564\n|switch|p2a: Sneasler|Sneasler, F|77\/100\n|turn|10\n|\n|t:|1700518572\n|switch|p1a: Forretress|Forretress, M|87\/100\n|-activate|p1a: Forretress|move: Sticky Web\n|-unboost|p1a: Forretress|spe|1\n|move|p2a: Sneasler|Dire Claw|p1a: Forretress\n|-immune|p1a: Forretress\n|\n|upkeep\n|turn|11\n|\n|t:|1700518582\n|switch|p2a: Typhlosion|Typhlosion-Hisui, F|100\/100\n|-item|p1a: Forretress|Rocky Helmet|[from] ability: Frisk|[of] p2a: Typhlosion|[identify]\n|move|p1a: Forretress|Volt Switch|p2a: Typhlosion\n|-damage|p2a: Typhlosion|86\/100\n|\n|t:|1700518593\n|switch|p1a: Breloom|Breloom, M|100\/100|[from] Volt Switch\n|-activate|p1a: Breloom|move: Sticky Web\n|-unboost|p1a: Breloom|spe|1\n|\n|upkeep\n|turn|12\n|\n|t:|1700518601\n|move|p2a: Typhlosion|Eruption|p1a: Breloom\n|-supereffective|p1a: Breloom\n|-enditem|p1a: Breloom|Focus Sash\n|-damage|p1a: Breloom|1\/100\n|move|p1a: Breloom|Spore|p2a: Typhlosion\n|-status|p2a: Typhlosion|slp|[from] move: Spore\n|\n|upkeep\n|turn|13\n|\n|t:|1700518620\n|cant|p2a: Typhlosion|slp\n|move|p1a: Breloom|Swords Dance|p1a: Breloom\n|-boost|p1a: Breloom|atk|2\n|\n|upkeep\n|turn|14\n|\n|t:|1700518625\n|-curestatus|p2a: Typhlosion|slp|[msg]\n|move|p2a: Typhlosion|Lava Plume|p1a: Breloom\n|-supereffective|p1a: Breloom\n|-damage|p1a: Breloom|0 fnt\n|faint|p1a: Breloom\n|\n|upkeep\n|\n|t:|1700518634\n|switch|p1a: Lopunny|Lopunny-Mega, F|100\/100\n|-activate|p1a: Lopunny|move: Sticky Web\n|-unboost|p1a: Lopunny|spe|1\n|turn|15\n|inactive|kenshiro33 has 120 seconds left.\n|\n|t:|1700518692\n|move|p1a: Lopunny|Fake Out|p2a: Typhlosion\n|-damage|p2a: Typhlosion|56\/100\n|cant|p2a: Typhlosion|flinch\n|\n|upkeep\n|turn|16\n|\n|t:|1700518700\n|move|p2a: Typhlosion|Lava Plume|p1a: Lopunny\n|-damage|p1a: Lopunny|52\/100\n|-status|p1a: Lopunny|brn\n|move|p1a: Lopunny|Close Combat|p2a: Typhlosion\n|-damage|p2a: Typhlosion|8\/100\n|-unboost|p1a: Lopunny|def|1\n|-unboost|p1a: Lopunny|spd|1\n|\n|-damage|p1a: Lopunny|46\/100 brn|[from] brn\n|upkeep\n|turn|17\n|\n|t:|1700518711\n|move|p2a: Typhlosion|Lava Plume|p1a: Lopunny\n|-damage|p1a: Lopunny|0 fnt\n|faint|p1a: Lopunny\n|\n|upkeep\n|\n|t:|1700518717\n|switch|p1a: Clefable|Clefable, F|100\/100 tox\n|-activate|p1a: Clefable|move: Sticky Web\n|-unboost|p1a: Clefable|spe|1\n|turn|18\n|\n|t:|1700518725\n|move|p2a: Typhlosion|Infernal Parade|p1a: Clefable\n|-damage|p1a: Clefable|56\/100 tox\n|move|p1a: Clefable|Cosmic Power|p1a: Clefable\n|-boost|p1a: Clefable|def|1\n|-boost|p1a: Clefable|spd|1\n|\n|-heal|p1a: Clefable|62\/100 tox|[from] item: Leftovers\n|upkeep\n|turn|19\n|inactive|kenshiro33 has 120 seconds left.\n|\n|t:|1700518731\n|move|p2a: Typhlosion|Infernal Parade|p1a: Clefable\n|-damage|p1a: Clefable|28\/100 tox\n|move|p1a: Clefable|Soft-Boiled|p1a: Clefable\n|-heal|p1a: Clefable|78\/100 tox\n|\n|-heal|p1a: Clefable|84\/100 tox|[from] item: Leftovers\n|upkeep\n|turn|20\n|inactive|kenshiro33 has 120 seconds left.\n|\n|t:|1700518742\n|switch|p2a: Sneasler|Sneasler, F|77\/100\n|move|p1a: Clefable|Cosmic Power|p1a: Clefable\n|-boost|p1a: Clefable|def|1\n|-boost|p1a: Clefable|spd|1\n|\n|-heal|p1a: Clefable|91\/100 tox|[from] item: Leftovers\n|upkeep\n|turn|21\n|\n|t:|1700518754\n|-terastallize|p1a: Clefable|Steel\n|move|p2a: Sneasler|U-turn|p1a: Clefable\n|-resisted|p1a: Clefable\n|-damage|p1a: Clefable|80\/100 tox\n|\n|t:|1700518763\n|switch|p2a: Great Tusk|Great Tusk|100\/100|[from] U-turn\n|move|p1a: Clefable|Moonblast|p2a: Great Tusk\n|-supereffective|p2a: Great Tusk\n|-damage|p2a: Great Tusk|0 fnt\n|faint|p2a: Great Tusk\n|-end|p2a: Great Tusk|Protosynthesis|[silent]\n|\n|-heal|p1a: Clefable|86\/100 tox|[from] item: Leftovers\n|upkeep\n|inactive|kenshiro33 has 120 seconds left.\n|inactive|kenshiro33 has 90 seconds left.\n|inactive|kenshiro33 has 60 seconds left.\n|inactive|kenshiro33 has 30 seconds left.\n|\n|t:|1700518864\n|switch|p2a: Porygon2|Porygon2|100\/100 tox\n|-ability|p2a: Porygon2|Magic Guard|[from] ability: Trace|[of] p1a: Clefable\n|turn|22\n|inactive|kenshiro33 has 30 seconds left.\n|\n|t:|1700518880\n|switch|p1a: Forretress|Forretress, M|87\/100\n|-activate|p1a: Forretress|move: Sticky Web\n|-unboost|p1a: Forretress|spe|1\n|move|p2a: Porygon2|Shadow Ball|p1a: Forretress\n|-damage|p1a: Forretress|49\/100\n|\n|upkeep\n|turn|23\n|inactive|kenshiro33 has 30 seconds left.\n|inactive|kenshiro33 has 20 seconds left.\n|\n|t:|1700518901\n|-terastallize|p2a: Porygon2|Ghost\n|move|p2a: Porygon2|Shadow Ball|p1a: Forretress\n|-damage|p1a: Forretress|0 fnt\n|faint|p1a: Forretress\n|\n|upkeep\n|inactive|kenshiro33 has 25 seconds left this turn.\n|\n|t:|1700518909\n|switch|p1a: Greninja|Greninja, M|100\/100\n|-activate|p1a: Greninja|move: Sticky Web\n|-unboost|p1a: Greninja|spe|1\n|turn|24\n|inactive|kenshiro33 has 30 seconds left.\n|\n|t:|1700518922\n|move|p1a: Greninja|Dark Pulse|p2a: Porygon2\n|-start|p1a: Greninja|typechange|Dark|[from] ability: Protean\n|-supereffective|p2a: Porygon2\n|-damage|p2a: Porygon2|49\/100 tox\n|cant|p2a: Porygon2|flinch\n|\n|upkeep\n|turn|25\n|inactive|kenshiro33 has 30 seconds left.\n|\n|t:|1700518934\n|switch|p2a: Sneasler|Sneasler, F|77\/100\n|move|p1a: Greninja|Dark Pulse|p2a: Sneasler\n|-resisted|p2a: Sneasler\n|-damage|p2a: Sneasler|55\/100\n|\n|upkeep\n|turn|26\n|inactive|kenshiro33 has 30 seconds left.\n|\n|t:|1700518956\n|move|p2a: Sneasler|Close Combat|p1a: Greninja\n|-supereffective|p1a: Greninja\n|-damage|p1a: Greninja|0 fnt\n|-unboost|p2a: Sneasler|def|1\n|-unboost|p2a: Sneasler|spd|1\n|faint|p1a: Greninja\n|\n|upkeep\n|inactive|kenshiro33 has 30 seconds left this turn.\n|\n|t:|1700518958\n|switch|p1a: Clefable|Clefable, F, tera:Steel|86\/100 tox\n|-activate|p1a: Clefable|move: Sticky Web\n|-unboost|p1a: Clefable|spe|1\n|turn|27\n|\n|t:|1700518963\n|move|p2a: Sneasler|Close Combat|p1a: Clefable\n|-supereffective|p1a: Clefable\n|-damage|p1a: Clefable|0 fnt\n|-unboost|p2a: Sneasler|def|1\n|-unboost|p2a: Sneasler|spd|1\n|faint|p1a: Clefable\n|\n|win|kenshiro33\n|raw|Gamerfunnnnny's rating: 1212 &rarr; <strong>1196<\/strong><br \/>(-16 for losing)\n|raw|kenshiro33's rating: 1341 &rarr; <strong>1354<\/strong><br \/>(+13 for winning)\n|l|\u2606Gamerfunnnnny\n","uploadtime":1700518971,"views":1,"p1id":"gamerfunnnnny","p2id":"kenshiro33","formatid":"gen9nationaldex","rating":1196,"private":0,"password":""}