{"id":"gen9nationaldex-1993719819","p1":"Arlo Ghost","p2":"Fabrizio8","format":"[Gen 9] National Dex","log":"|j|\u2606Arlo Ghost\n|j|\u2606Fabrizio8\n|t:|1700349255\n|gametype|singles\n|player|p1|Arlo Ghost|mars|\n|player|p2|Fabrizio8|blue|\n|teamsize|p1|6\n|teamsize|p2|6\n|gen|9\n|tier|[Gen 9] National Dex\n|rule|HP Percentage Mod: HP is shown in percentages\n|rule|Endless Battle Clause: Forcing endless battles is banned\n|rule|OHKO Clause: OHKO moves are banned\n|rule|Evasion Clause: Evasion abilities, items, and moves are banned\n|rule|Evasion Abilities Clause: Evasion abilities are banned\n|rule|Evasion Items Clause: Evasion items are banned\n|rule|Evasion Moves Clause: Evasion moves are banned\n|rule|Species Clause: Limit one of each Pok\u00e9mon\n|rule|Sleep Clause Mod: Limit one foe put to sleep\n|clearpoke\n|poke|p1|Tapu Fini|\n|poke|p1|Heatran, M|\n|poke|p1|Corviknight, F|\n|poke|p1|Greninja-*, M|\n|poke|p1|Mawile, F|\n|poke|p1|Kommo-o, M|\n|poke|p2|Glimmora, F|\n|poke|p2|Okidogi, M|\n|poke|p2|Hydreigon, F|\n|poke|p2|Toxtricity, M|\n|poke|p2|Beedrill, F|\n|poke|p2|Slowbro-Galar, M|\n|teampreview\n|j| Dios Typhlosion\n|c|\u2606Arlo Ghost|https:\/\/www.youtube.com\/watch?v=llWW8Y4EZw4&t=243s\n|c|\u2606Arlo Ghost|suerte\n|c|\u2606Fabrizio8|xd jeje\n|\n|t:|1700349275\n|start\n|switch|p1a: El Cumbia Ikuze|Greninja, M|100\/100\n|switch|p2a: cummora|Glimmora, F, shiny|100\/100\n|turn|1\n|c| Dios Typhlosion|Goys\n|\n|t:|1700349285\n|move|p1a: El Cumbia Ikuze|Water Shuriken|p2a: cummora\n|-supereffective|p2a: cummora\n|-damage|p2a: cummora|78\/100\n|-supereffective|p2a: cummora\n|-damage|p2a: cummora|58\/100\n|-supereffective|p2a: cummora\n|-damage|p2a: cummora|38\/100\n|-hitcount|p2a: cummora|3\n|move|p2a: cummora|Toxic|p1a: El Cumbia Ikuze\n|-status|p1a: El Cumbia Ikuze|tox\n|\n|-damage|p1a: El Cumbia Ikuze|95\/100 tox|[from] psn\n|upkeep\n|turn|2\n|\n|t:|1700349297\n|move|p1a: El Cumbia Ikuze|Water Shuriken|p2a: cummora\n|-supereffective|p2a: cummora\n|-damage|p2a: cummora|16\/100\n|-supereffective|p2a: cummora\n|-damage|p2a: cummora|0 fnt\n|faint|p2a: cummora\n|-ability|p1a: El Cumbia Ikuze|Battle Bond|boost\n|-boost|p1a: El Cumbia Ikuze|atk|1\n|-boost|p1a: El Cumbia Ikuze|spa|1\n|-boost|p1a: El Cumbia Ikuze|spe|1\n|-activate|p1a: El Cumbia Ikuze|ability: Battle Bond\n|-hitcount|p2: cummora|2\n|\n|-damage|p1a: El Cumbia Ikuze|83\/100 tox|[from] psn\n|upkeep\n|\n|t:|1700349315\n|switch|p2a: todo bien|Okidogi, M|100\/100\n|turn|3\n|\n|t:|1700349321\n|switch|p1a: Metalera|Corviknight, F, shiny|100\/100\n|-ability|p1a: Metalera|Pressure\n|move|p2a: todo bien|Knock Off|p1a: Metalera\n|-damage|p1a: Metalera|80\/100\n|-damage|p2a: todo bien|84\/100|[from] item: Rocky Helmet|[of] p1a: Metalera\n|-enditem|p1a: Metalera|Rocky Helmet|[from] move: Knock Off|[of] p2a: todo bien\n|\n|upkeep\n|turn|4\n|\n|t:|1700349332\n|switch|p2a: tsohg olra|Hydreigon, F|100\/100\n|move|p1a: Metalera|Defog|p2a: tsohg olra\n|-unboost|p2a: tsohg olra|evasion|1\n|\n|upkeep\n|turn|5\n|\n|t:|1700349342\n|switch|p1a: Mamu Finish-her|Tapu Fini, shiny|100\/100\n|-fieldstart|move: Misty Terrain|[from] ability: Misty Surge|[of] p1a: Mamu Finish-her\n|move|p2a: tsohg olra|Nasty Plot|p2a: tsohg olra\n|-boost|p2a: tsohg olra|spa|2\n|\n|upkeep\n|turn|6\n|\n|t:|1700349351\n|-terastallize|p2a: tsohg olra|Steel\n|-terastallize|p1a: Mamu Finish-her|Steel\n|move|p2a: tsohg olra|Flash Cannon|p1a: Mamu Finish-her\n|-resisted|p1a: Mamu Finish-her\n|-damage|p1a: Mamu Finish-her|73\/100\n|move|p1a: Mamu Finish-her|Moonblast|p2a: tsohg olra\n|-resisted|p2a: tsohg olra\n|-damage|p2a: tsohg olra|83\/100\n|\n|-heal|p1a: Mamu Finish-her|79\/100|[from] item: Leftovers\n|upkeep\n|turn|7\n|c|\u2606Fabrizio8|lol\n|c|\u2606Arlo Ghost|me esperaba un tera veneno\n|\n|t:|1700349363\n|move|p2a: tsohg olra|Flamethrower|p1a: Mamu Finish-her\n|-supereffective|p1a: Mamu Finish-her\n|-damage|p1a: Mamu Finish-her|0 fnt\n|faint|p1a: Mamu Finish-her\n|\n|upkeep\n|\n|t:|1700349372\n|switch|p1a: Erica Jueves|Mawile, F|100\/100\n|-ability|p1a: Erica Jueves|Intimidate|boost\n|-unboost|p2a: tsohg olra|atk|1\n|turn|8\n|\n|t:|1700349377\n|detailschange|p1a: Erica Jueves|Mawile-Mega, F\n|-mega|p1a: Erica Jueves|Mawile|Mawilite\n|move|p1a: Erica Jueves|Sucker Punch|p2a: tsohg olra\n|-damage|p2a: tsohg olra|37\/100\n|move|p2a: tsohg olra|Flamethrower|p1a: Erica Jueves\n|-supereffective|p1a: Erica Jueves\n|-damage|p1a: Erica Jueves|0 fnt\n|faint|p1a: Erica Jueves\n|\n|upkeep\n|\n|t:|1700349382\n|switch|p1a: El Cumbia Ikuze|Greninja, M|83\/100 tox\n|turn|9\n|\n|t:|1700349391\n|switch|p2a: todo bien|Okidogi, M|84\/100\n|move|p1a: El Cumbia Ikuze|Hydro Pump|p2a: todo bien\n|-damage|p2a: todo bien|26\/100\n|\n|-damage|p1a: El Cumbia Ikuze|77\/100 tox|[from] psn\n|-fieldend|Misty Terrain\n|upkeep\n|turn|10\n|\n|t:|1700349400\n|switch|p1a: Kokum-o|Kommo-o, M|100\/100\n|move|p2a: todo bien|Drain Punch|p1a: Kokum-o\n|-damage|p1a: Kokum-o|60\/100\n|-heal|p2a: todo bien|45\/100|[from] drain|[of] p1a: Kokum-o\n|\n|upkeep\n|turn|11\n|\n|t:|1700349412\n|move|p1a: Kokum-o|Earthquake|p2a: todo bien\n|-supereffective|p2a: todo bien\n|-damage|p2a: todo bien|4\/100\n|move|p2a: todo bien|Gunk Shot|p1a: Kokum-o\n|-damage|p1a: Kokum-o|3\/100\n|-status|p1a: Kokum-o|psn\n|\n|-damage|p1a: Kokum-o|0 fnt|[from] psn\n|faint|p1a: Kokum-o\n|upkeep\n|\n|t:|1700349417\n|switch|p1a: El Cumbia Ikuze|Greninja, M|77\/100 tox\n|turn|12\n|c|\u2606Fabrizio8|lol\n|\n|t:|1700349428\n|move|p1a: El Cumbia Ikuze|Dark Pulse|p2a: todo bien\n|-resisted|p2a: todo bien\n|-damage|p2a: todo bien|0 fnt\n|faint|p2a: todo bien\n|\n|-damage|p1a: El Cumbia Ikuze|71\/100 tox|[from] psn\n|upkeep\n|c| Dios Typhlosion|FabriGOD\n|\n|t:|1700349436\n|switch|p2a: toxico|Toxtricity, M|100\/100\n|turn|13\n|\n|t:|1700349442\n|switch|p1a: Magmado|Heatran, M|100\/100\n|move|p2a: toxico|Shift Gear|p2a: toxico\n|-boost|p2a: toxico|spe|2\n|-boost|p2a: toxico|atk|1\n|\n|upkeep\n|turn|14\n|\n|t:|1700349455\n|switch|p2a: tsohg olra|Hydreigon, F, tera:Steel|37\/100\n|move|p1a: Magmado|Earth Power|p2a: tsohg olra\n|-immune|p2a: tsohg olra|[from] ability: Levitate\n|\n|upkeep\n|turn|15\n|c|\u2606Arlo Ghost|mmm\n|c|\u2606Fabrizio8|no tengo nada para heatran lol\n|\n|t:|1700349487\n|switch|p2a: Slowbro|Slowbro-Galar, M|100\/100\n|switch|p1a: El Cumbia Ikuze|Greninja, M|71\/100 tox\n|\n|-damage|p1a: El Cumbia Ikuze|65\/100 tox|[from] psn\n|upkeep\n|turn|16\n|\n|t:|1700349502\n|move|p1a: El Cumbia Ikuze|Dark Pulse|p2a: Slowbro\n|-supereffective|p2a: Slowbro\n|-damage|p2a: Slowbro|0 fnt\n|faint|p2a: Slowbro\n|\n|-damage|p1a: El Cumbia Ikuze|53\/100 tox|[from] psn\n|upkeep\n|\n|t:|1700349526\n|switch|p2a: toxico|Toxtricity, M|100\/100\n|turn|17\n|\n|t:|1700349530\n|move|p1a: El Cumbia Ikuze|Dark Pulse|p2a: toxico\n|-damage|p2a: toxico|14\/100\n|move|p2a: toxico|Shift Gear|p2a: toxico\n|-boost|p2a: toxico|spe|2\n|-boost|p2a: toxico|atk|1\n|\n|-damage|p1a: El Cumbia Ikuze|35\/100 tox|[from] psn\n|upkeep\n|turn|18\n|\n|t:|1700349541\n|move|p2a: toxico|Overdrive|p1a: El Cumbia Ikuze\n|-supereffective|p1a: El Cumbia Ikuze\n|-damage|p1a: El Cumbia Ikuze|0 fnt\n|faint|p1a: El Cumbia Ikuze\n|-enditem|p2a: toxico|Throat Spray\n|-boost|p2a: toxico|spa|1|[from] item: Throat Spray\n|\n|upkeep\n|\n|t:|1700349543\n|switch|p1a: Magmado|Heatran, M|100\/100\n|turn|19\n|\n|t:|1700349556\n|move|p2a: toxico|Boomburst|p1a: Magmado\n|-resisted|p1a: Magmado\n|-damage|p1a: Magmado|74\/100\n|move|p1a: Magmado|Magma Storm|p2a: toxico\n|-crit|p2a: toxico\n|-damage|p2a: toxico|0 fnt\n|faint|p2a: toxico\n|\n|-heal|p1a: Magmado|80\/100|[from] item: Leftovers\n|upkeep\n|\n|t:|1700349573\n|switch|p2a: Beedrill|Beedrill, F|100\/100\n|turn|20\n|\n|t:|1700349577\n|switch|p1a: Metalera|Corviknight, F, shiny|80\/100\n|-ability|p1a: Metalera|Pressure\n|detailschange|p2a: Beedrill|Beedrill-Mega, F\n|-mega|p2a: Beedrill|Beedrill|Beedrillite\n|move|p2a: Beedrill|Frustration|p1a: Metalera\n|-resisted|p1a: Metalera\n|-damage|p1a: Metalera|68\/100\n|\n|upkeep\n|turn|21\n|\n|t:|1700349597\n|move|p2a: Beedrill|U-turn|p1a: Metalera\n|-resisted|p1a: Metalera\n|-damage|p1a: Metalera|59\/100\n|\n|t:|1700349600\n|switch|p2a: tsohg olra|Hydreigon, F, tera:Steel|37\/100|[from] U-turn\n|move|p1a: Metalera|Roost|p1a: Metalera\n|-heal|p1a: Metalera|100\/100\n|-singleturn|p1a: Metalera|move: Roost\n|\n|upkeep\n|turn|22\n|\n|t:|1700349609\n|switch|p1a: Magmado|Heatran, M|80\/100\n|move|p2a: tsohg olra|Nasty Plot|p2a: tsohg olra\n|-boost|p2a: tsohg olra|spa|2\n|\n|-heal|p1a: Magmado|86\/100|[from] item: Leftovers\n|upkeep\n|turn|23\n|\n|t:|1700349621\n|move|p2a: tsohg olra|Draco Meteor|p1a: Magmado\n|-resisted|p1a: Magmado\n|-damage|p1a: Magmado|43\/100\n|-unboost|p2a: tsohg olra|spa|2\n|move|p1a: Magmado|Magma Storm|p2a: tsohg olra|[miss]\n|-miss|p1a: Magmado|p2a: tsohg olra\n|\n|-heal|p1a: Magmado|49\/100|[from] item: Leftovers\n|upkeep\n|turn|24\n|c|\u2606Arlo Ghost|me esperaba dark pulse\n|c|\u2606Arlo Ghost|que susto\n|c|\u2606Fabrizio8|lol\n|\n|t:|1700349654\n|move|p2a: tsohg olra|Draco Meteor|p1a: Magmado\n|-resisted|p1a: Magmado\n|-damage|p1a: Magmado|28\/100\n|-unboost|p2a: tsohg olra|spa|2\n|move|p1a: Magmado|Magma Storm|p2a: tsohg olra\n|-supereffective|p2a: tsohg olra\n|-damage|p2a: tsohg olra|0 fnt\n|faint|p2a: tsohg olra\n|\n|-heal|p1a: Magmado|34\/100|[from] item: Leftovers\n|upkeep\n|\n|t:|1700349665\n|switch|p2a: Beedrill|Beedrill-Mega, F|100\/100\n|turn|25\n|\n|t:|1700349670\n|move|p2a: Beedrill|Frustration|p1a: Magmado\n|-resisted|p1a: Magmado\n|-damage|p1a: Magmado|19\/100\n|move|p1a: Magmado|Magma Storm|p2a: Beedrill|[miss]\n|-miss|p1a: Magmado|p2a: Beedrill\n|\n|-heal|p1a: Magmado|25\/100|[from] item: Leftovers\n|upkeep\n|turn|26\n|\n|t:|1700349679\n|move|p2a: Beedrill|Frustration|p1a: Magmado\n|-resisted|p1a: Magmado\n|-damage|p1a: Magmado|8\/100\n|move|p1a: Magmado|Magma Storm|p2a: Beedrill|[miss]\n|-miss|p1a: Magmado|p2a: Beedrill\n|\n|-heal|p1a: Magmado|15\/100|[from] item: Leftovers\n|upkeep\n|turn|27\n|\n|t:|1700349689\n|move|p2a: Beedrill|Frustration|p1a: Magmado\n|-resisted|p1a: Magmado\n|-damage|p1a: Magmado|0 fnt\n|faint|p1a: Magmado\n|\n|upkeep\n|\n|t:|1700349691\n|switch|p1a: Metalera|Corviknight, F, shiny|100\/100\n|-ability|p1a: Metalera|Pressure\n|turn|28\n|c|\u2606Fabrizio8|lol\n|c|\u2606Arlo Ghost|tienes mucha suerte\n|\n|t:|1700349702\n|move|p2a: Beedrill|Frustration|p1a: Metalera\n|-resisted|p1a: Metalera\n|-damage|p1a: Metalera|87\/100\n|move|p1a: Metalera|Iron Defense|p1a: Metalera\n|-boost|p1a: Metalera|def|2\n|\n|upkeep\n|turn|29\n|\n|t:|1700349709\n|move|p2a: Beedrill|Frustration|p1a: Metalera\n|-resisted|p1a: Metalera\n|-damage|p1a: Metalera|81\/100\n|move|p1a: Metalera|Iron Defense|p1a: Metalera\n|-boost|p1a: Metalera|def|2\n|\n|upkeep\n|turn|30\n|\n|t:|1700349720\n|move|p2a: Beedrill|Frustration|p1a: Metalera\n|-resisted|p1a: Metalera\n|-damage|p1a: Metalera|76\/100\n|move|p1a: Metalera|Iron Defense|p1a: Metalera\n|-boost|p1a: Metalera|def|2\n|\n|upkeep\n|turn|31\n|l| Dios Typhlosion\n|\n|t:|1700349727\n|move|p2a: Beedrill|Frustration|p1a: Metalera\n|-resisted|p1a: Metalera\n|-damage|p1a: Metalera|73\/100\n|move|p1a: Metalera|Body Press|p2a: Beedrill\n|-resisted|p2a: Beedrill\n|-damage|p2a: Beedrill|39\/100\n|\n|upkeep\n|turn|32\n|\n|t:|1700349735\n|move|p2a: Beedrill|Frustration|p1a: Metalera\n|-resisted|p1a: Metalera\n|-damage|p1a: Metalera|70\/100\n|move|p1a: Metalera|Body Press|p2a: Beedrill\n|-resisted|p2a: Beedrill\n|-damage|p2a: Beedrill|0 fnt\n|faint|p2a: Beedrill\n|\n|win|Arlo Ghost\n","uploadtime":1700349739,"views":9,"p1id":"arloghost","p2id":"fabrizio8","formatid":"gen9nationaldex","rating":0,"private":0,"password":""}