{"id":"gen9nationaldex-1997514328","p1":"189t","p2":"Followers of Roxy","format":"[Gen 9] National Dex","log":"|html|<div class=\"broadcast-blue\"><strong>[Gen 9] National Dex is currently suspecting Sneasler! For information on how to participate check out the <a href=\"https:\/\/www.smogon.com\/forums\/threads\/sv-national-dex-suspect-8-just-dance.3731534\/\">suspect thread<\/a>.<\/strong><\/div>\n|j|\u2606189t\n|j|\u2606Followers of Roxy\n|t:|1700818393\n|gametype|singles\n|player|p1|189t|cynthia|1468\n|player|p2|Followers of Roxy|riley|1457\n|teamsize|p1|6\n|teamsize|p2|6\n|gen|9\n|tier|[Gen 9] National Dex\n|rated|\n|rule|HP Percentage Mod: HP is shown in percentages\n|rule|Endless Battle Clause: Forcing endless battles is banned\n|rule|OHKO Clause: OHKO moves are banned\n|rule|Evasion Clause: Evasion abilities, items, and moves are banned\n|rule|Evasion Abilities Clause: Evasion abilities are banned\n|rule|Evasion Items Clause: Evasion items are banned\n|rule|Evasion Moves Clause: Evasion moves are banned\n|rule|Species Clause: Limit one of each Pok\u00e9mon\n|rule|Sleep Clause Mod: Limit one foe put to sleep\n|clearpoke\n|poke|p1|Greninja-*, M|\n|poke|p1|Banette, M|\n|poke|p1|Heatran, M|\n|poke|p1|Clodsire, F|\n|poke|p1|Ferrothorn, M|\n|poke|p1|Great Tusk|\n|poke|p2|Ursaluna, F|\n|poke|p2|Corviknight, M|\n|poke|p2|Alomomola, F|\n|poke|p2|Urshifu-*, M|\n|poke|p2|Clefable, F|\n|poke|p2|Banette, M|\n|teampreview\n|inactive|Battle timer is ON: inactive players will automatically lose when time's up. (requested by 189t)\n|\n|t:|1700818409\n|start\n|switch|p1a: Ferrothorn|Ferrothorn, M, shiny|100\/100\n|switch|p2a: \u9b54\u738b\u57ce\u306e\u5931\u843d\u9b54\u50cf|Corviknight, M, shiny|100\/100\n|turn|1\n|\n|t:|1700818416\n|move|p2a: \u9b54\u738b\u57ce\u306e\u5931\u843d\u9b54\u50cf|U-turn|p1a: Ferrothorn\n|-damage|p1a: Ferrothorn|91\/100\n|-damage|p2a: \u9b54\u738b\u57ce\u306e\u5931\u843d\u9b54\u50cf|88\/100|[from] ability: Iron Barbs|[of] p1a: Ferrothorn\n|-damage|p2a: \u9b54\u738b\u57ce\u306e\u5931\u843d\u9b54\u50cf|72\/100|[from] item: Rocky Helmet|[of] p1a: Ferrothorn\n|\n|t:|1700818425\n|switch|p2a: \u5403\u6211\u86ee\u718a\u9707\u6012\uff01\uff01\uff01|Ursaluna, F|100\/100|[from] U-turn\n|move|p1a: Ferrothorn|Leech Seed|p2a: \u5403\u6211\u86ee\u718a\u9707\u6012\uff01\uff01\uff01\n|-start|p2a: \u5403\u6211\u86ee\u718a\u9707\u6012\uff01\uff01\uff01|move: Leech Seed\n|\n|-damage|p2a: \u5403\u6211\u86ee\u718a\u9707\u6012\uff01\uff01\uff01|88\/100|[from] Leech Seed|[of] p1a: Ferrothorn\n|-heal|p1a: Ferrothorn|100\/100|[silent]\n|-status|p2a: \u5403\u6211\u86ee\u718a\u9707\u6012\uff01\uff01\uff01|brn|[from] item: Flame Orb\n|upkeep\n|turn|2\n|\n|t:|1700818450\n|move|p2a: \u5403\u6211\u86ee\u718a\u9707\u6012\uff01\uff01\uff01|Headlong Rush|p1a: Ferrothorn\n|-damage|p1a: Ferrothorn|42\/100\n|-unboost|p2a: \u5403\u6211\u86ee\u718a\u9707\u6012\uff01\uff01\uff01|def|1\n|-unboost|p2a: \u5403\u6211\u86ee\u718a\u9707\u6012\uff01\uff01\uff01|spd|1\n|-damage|p2a: \u5403\u6211\u86ee\u718a\u9707\u6012\uff01\uff01\uff01|76\/100 brn|[from] ability: Iron Barbs|[of] p1a: Ferrothorn\n|-damage|p2a: \u5403\u6211\u86ee\u718a\u9707\u6012\uff01\uff01\uff01|59\/100 brn|[from] item: Rocky Helmet|[of] p1a: Ferrothorn\n|move|p1a: Ferrothorn|Stealth Rock|p2a: \u5403\u6211\u86ee\u718a\u9707\u6012\uff01\uff01\uff01\n|-sidestart|p2: Followers of Roxy|move: Stealth Rock\n|\n|-damage|p2a: \u5403\u6211\u86ee\u718a\u9707\u6012\uff01\uff01\uff01|47\/100 brn|[from] Leech Seed|[of] p1a: Ferrothorn\n|-heal|p1a: Ferrothorn|57\/100|[silent]\n|-damage|p2a: \u5403\u6211\u86ee\u718a\u9707\u6012\uff01\uff01\uff01|41\/100 brn|[from] brn\n|upkeep\n|turn|3\n|\n|t:|1700818464\n|switch|p2a: \u359e\u56d6\u8b00\u61b6\u80bb\u5692\u5692|Banette, M|100\/100\n|-damage|p2a: \u359e\u56d6\u8b00\u61b6\u80bb\u5692\u5692|88\/100|[from] Stealth Rock\n|-item|p1a: Ferrothorn|Rocky Helmet|[from] ability: Frisk|[of] p2a: \u359e\u56d6\u8b00\u61b6\u80bb\u5692\u5692|[identify]\n|move|p1a: Ferrothorn|Knock Off|p2a: \u359e\u56d6\u8b00\u61b6\u80bb\u5692\u5692\n|-supereffective|p2a: \u359e\u56d6\u8b00\u61b6\u80bb\u5692\u5692\n|-damage|p2a: \u359e\u56d6\u8b00\u61b6\u80bb\u5692\u5692|52\/100\n|\n|upkeep\n|turn|4\n|inactive|189t has 120 seconds left.\n|\n|t:|1700818480\n|detailschange|p2a: \u359e\u56d6\u8b00\u61b6\u80bb\u5692\u5692|Banette-Mega, M\n|-mega|p2a: \u359e\u56d6\u8b00\u61b6\u80bb\u5692\u5692|Banette|Banettite\n|move|p2a: \u359e\u56d6\u8b00\u61b6\u80bb\u5692\u5692|Poltergeist|p1a: Ferrothorn\n|-activate|p1a: Ferrothorn|move: Poltergeist|Rocky Helmet\n|-damage|p1a: Ferrothorn|11\/100\n|move|p1a: Ferrothorn|Leech Seed|p2a: \u359e\u56d6\u8b00\u61b6\u80bb\u5692\u5692\n|-start|p2a: \u359e\u56d6\u8b00\u61b6\u80bb\u5692\u5692|move: Leech Seed\n|\n|-damage|p2a: \u359e\u56d6\u8b00\u61b6\u80bb\u5692\u5692|40\/100|[from] Leech Seed|[of] p1a: Ferrothorn\n|-heal|p1a: Ferrothorn|21\/100|[silent]\n|upkeep\n|turn|5\n|inactive|189t has 120 seconds left.\n|\n|t:|1700818497\n|switch|p2a: \u9b54\u738b\u57ce\u306e\u5931\u843d\u9b54\u50cf|Corviknight, M, shiny|72\/100\n|-damage|p2a: \u9b54\u738b\u57ce\u306e\u5931\u843d\u9b54\u50cf|59\/100|[from] Stealth Rock\n|switch|p1a: Greninja|Greninja, M|100\/100\n|\n|upkeep\n|turn|6\n|inactive|189t has 120 seconds left.\n|\n|t:|1700818505\n|move|p1a: Greninja|Hydro Pump|p2a: \u9b54\u738b\u57ce\u306e\u5931\u843d\u9b54\u50cf\n|-damage|p2a: \u9b54\u738b\u57ce\u306e\u5931\u843d\u9b54\u50cf|3\/100\n|-damage|p1a: Greninja|91\/100|[from] item: Life Orb\n|move|p2a: \u9b54\u738b\u57ce\u306e\u5931\u843d\u9b54\u50cf|Defog|p1a: Greninja\n|-unboost|p1a: Greninja|evasion|1\n|-sideend|p2: Followers of Roxy|Stealth Rock|[from] move: Defog|[of] p2a: \u9b54\u738b\u57ce\u306e\u5931\u843d\u9b54\u50cf\n|\n|upkeep\n|turn|7\n|\n|t:|1700818515\n|switch|p2a: Alomomola|Alomomola, F|100\/100\n|move|p1a: Greninja|U-turn|p2a: Alomomola\n|-damage|p2a: Alomomola|90\/100\n|-damage|p1a: Greninja|74\/100|[from] item: Rocky Helmet|[of] p2a: Alomomola\n|-damage|p1a: Greninja|64\/100|[from] item: Life Orb\n|\n|t:|1700818524\n|switch|p1a: Clodsire|Clodsire, F, shiny|100\/100|[from] U-turn\n|\n|upkeep\n|turn|8\n|\n|t:|1700818528\n|move|p2a: Alomomola|Wish|p2a: Alomomola\n|move|p1a: Clodsire|Toxic Spikes|p2a: Alomomola\n|-sidestart|p2: Followers of Roxy|move: Toxic Spikes\n|\n|upkeep\n|turn|9\n|\n|t:|1700818536\n|switch|p2a: \u9b54\u738b\u57ce\u306e\u5931\u843d\u9b54\u50cf|Corviknight, M, shiny|3\/100\n|switch|p1a: Ferrothorn|Ferrothorn, M, shiny|21\/100\n|\n|-heal|p2a: \u9b54\u738b\u57ce\u306e\u5931\u843d\u9b54\u50cf|70\/100|[from] move: Wish|[wisher] Alomomola\n|upkeep\n|turn|10\n|\n|t:|1700818542\n|move|p2a: \u9b54\u738b\u57ce\u306e\u5931\u843d\u9b54\u50cf|Defog|p1a: Ferrothorn\n|-unboost|p1a: Ferrothorn|evasion|1\n|-sideend|p2: Followers of Roxy|Toxic Spikes|[from] move: Defog|[of] p2a: \u9b54\u738b\u57ce\u306e\u5931\u843d\u9b54\u50cf\n|move|p1a: Ferrothorn|Leech Seed|p2a: \u9b54\u738b\u57ce\u306e\u5931\u843d\u9b54\u50cf\n|-start|p2a: \u9b54\u738b\u57ce\u306e\u5931\u843d\u9b54\u50cf|move: Leech Seed\n|\n|-damage|p2a: \u9b54\u738b\u57ce\u306e\u5931\u843d\u9b54\u50cf|57\/100|[from] Leech Seed|[of] p1a: Ferrothorn\n|-heal|p1a: Ferrothorn|34\/100|[silent]\n|upkeep\n|turn|11\n|\n|t:|1700818550\n|switch|p2a: Alomomola|Alomomola, F|100\/100\n|move|p1a: Ferrothorn|Stealth Rock|p2a: Alomomola\n|-sidestart|p2: Followers of Roxy|move: Stealth Rock\n|\n|upkeep\n|turn|12\n|\n|t:|1700818561\n|move|p2a: Alomomola|Wish|p2a: Alomomola\n|move|p1a: Ferrothorn|Leech Seed|p2a: Alomomola\n|-start|p2a: Alomomola|move: Leech Seed\n|\n|-damage|p2a: Alomomola|88\/100|[from] Leech Seed|[of] p1a: Ferrothorn\n|-heal|p1a: Ferrothorn|52\/100|[silent]\n|upkeep\n|turn|13\n|\n|t:|1700818571\n|switch|p2a: \u5403\u6211\u86ee\u718a\u9707\u6012\uff01\uff01\uff01|Ursaluna, F|41\/100 brn\n|-damage|p2a: \u5403\u6211\u86ee\u718a\u9707\u6012\uff01\uff01\uff01|35\/100 brn|[from] Stealth Rock\n|switch|p1a: Heatran|Heatran, M, shiny|100\/100\n|\n|-heal|p2a: \u5403\u6211\u86ee\u718a\u9707\u6012\uff01\uff01\uff01|95\/100 brn|[from] move: Wish|[wisher] Alomomola\n|-damage|p2a: \u5403\u6211\u86ee\u718a\u9707\u6012\uff01\uff01\uff01|89\/100 brn|[from] brn\n|upkeep\n|turn|14\n|\n|t:|1700818584\n|-terastallize|p1a: Heatran|Flying\n|move|p1a: Heatran|Magma Storm|p2a: \u5403\u6211\u86ee\u718a\u9707\u6012\uff01\uff01\uff01\n|-damage|p2a: \u5403\u6211\u86ee\u718a\u9707\u6012\uff01\uff01\uff01|38\/100 brn\n|-activate|p2a: \u5403\u6211\u86ee\u718a\u9707\u6012\uff01\uff01\uff01|move: Magma Storm|[of] p1a: Heatran\n|move|p2a: \u5403\u6211\u86ee\u718a\u9707\u6012\uff01\uff01\uff01|Facade|p1a: Heatran\n|-damage|p1a: Heatran|0 fnt\n|faint|p1a: Heatran\n|\n|-damage|p2a: \u5403\u6211\u86ee\u718a\u9707\u6012\uff01\uff01\uff01|32\/100 brn|[from] brn\n|-end|p2a: \u5403\u6211\u86ee\u718a\u9707\u6012\uff01\uff01\uff01|Magma Storm|[partiallytrapped]|[silent]\n|upkeep\n|\n|t:|1700818597\n|switch|p1a: Greninja|Greninja, M|64\/100\n|turn|15\n|\n|t:|1700818602\n|switch|p2a: Alomomola|Alomomola, F|100\/100\n|-damage|p2a: Alomomola|88\/100|[from] Stealth Rock\n|move|p1a: Greninja|U-turn|p2a: Alomomola\n|-damage|p2a: Alomomola|78\/100\n|-damage|p1a: Greninja|48\/100|[from] item: Rocky Helmet|[of] p2a: Alomomola\n|-damage|p1a: Greninja|38\/100|[from] item: Life Orb\n|\n|t:|1700818620\n|switch|p1a: Clodsire|Clodsire, F, shiny|100\/100|[from] U-turn\n|\n|upkeep\n|turn|16\n|\n|t:|1700818627\n|move|p2a: Alomomola|Wish|p2a: Alomomola\n|move|p1a: Clodsire|Toxic Spikes|p2a: Alomomola\n|-sidestart|p2: Followers of Roxy|move: Toxic Spikes\n|\n|upkeep\n|turn|17\n|\n|t:|1700818635\n|switch|p2a: \u9b54\u738b\u57ce\u306e\u5931\u843d\u9b54\u50cf|Corviknight, M, shiny|57\/100\n|-damage|p2a: \u9b54\u738b\u57ce\u306e\u5931\u843d\u9b54\u50cf|45\/100|[from] Stealth Rock\n|switch|p1a: Ferrothorn|Ferrothorn, M, shiny|52\/100\n|\n|-heal|p2a: \u9b54\u738b\u57ce\u306e\u5931\u843d\u9b54\u50cf|100\/100|[from] move: Wish|[wisher] Alomomola\n|upkeep\n|turn|18\n|\n|t:|1700818641\n|move|p2a: \u9b54\u738b\u57ce\u306e\u5931\u843d\u9b54\u50cf|Defog|p1a: Ferrothorn\n|-unboost|p1a: Ferrothorn|evasion|1\n|-sideend|p2: Followers of Roxy|Toxic Spikes|[from] move: Defog|[of] p2a: \u9b54\u738b\u57ce\u306e\u5931\u843d\u9b54\u50cf\n|-sideend|p2: Followers of Roxy|Stealth Rock|[from] move: Defog|[of] p2a: \u9b54\u738b\u57ce\u306e\u5931\u843d\u9b54\u50cf\n|move|p1a: Ferrothorn|Leech Seed|p2a: \u9b54\u738b\u57ce\u306e\u5931\u843d\u9b54\u50cf\n|-start|p2a: \u9b54\u738b\u57ce\u306e\u5931\u843d\u9b54\u50cf|move: Leech Seed\n|\n|-damage|p2a: \u9b54\u738b\u57ce\u306e\u5931\u843d\u9b54\u50cf|88\/100|[from] Leech Seed|[of] p1a: Ferrothorn\n|-heal|p1a: Ferrothorn|65\/100|[silent]\n|upkeep\n|turn|19\n|\n|t:|1700818648\n|switch|p2a: \u5403\u6211\u86ee\u718a\u9707\u6012\uff01\uff01\uff01|Ursaluna, F|32\/100 brn\n|move|p1a: Ferrothorn|Stealth Rock|p2a: \u5403\u6211\u86ee\u718a\u9707\u6012\uff01\uff01\uff01\n|-sidestart|p2: Followers of Roxy|move: Stealth Rock\n|\n|-damage|p2a: \u5403\u6211\u86ee\u718a\u9707\u6012\uff01\uff01\uff01|26\/100 brn|[from] brn\n|upkeep\n|turn|20\n|\n|t:|1700818654\n|switch|p1a: Banette|Banette, M, shiny|100\/100\n|move|p2a: \u5403\u6211\u86ee\u718a\u9707\u6012\uff01\uff01\uff01|Headlong Rush|p1a: Banette\n|-damage|p1a: Banette|0 fnt\n|-unboost|p2a: \u5403\u6211\u86ee\u718a\u9707\u6012\uff01\uff01\uff01|def|1\n|-unboost|p2a: \u5403\u6211\u86ee\u718a\u9707\u6012\uff01\uff01\uff01|spd|1\n|faint|p1a: Banette\n|\n|-damage|p2a: \u5403\u6211\u86ee\u718a\u9707\u6012\uff01\uff01\uff01|20\/100 brn|[from] brn\n|upkeep\n|\n|t:|1700818669\n|switch|p1a: Great Tusk|Great Tusk, shiny|100\/100\n|turn|21\n|\n|t:|1700818678\n|switch|p2a: Alomomola|Alomomola, F|100\/100\n|-damage|p2a: Alomomola|88\/100|[from] Stealth Rock\n|move|p1a: Great Tusk|Headlong Rush|p2a: Alomomola\n|-damage|p2a: Alomomola|46\/100\n|-unboost|p1a: Great Tusk|def|1\n|-unboost|p1a: Great Tusk|spd|1\n|-damage|p1a: Great Tusk|84\/100|[from] item: Rocky Helmet|[of] p2a: Alomomola\n|\n|upkeep\n|turn|22\n|\n|t:|1700818687\n|move|p1a: Great Tusk|Close Combat|p2a: Alomomola\n|-damage|p2a: Alomomola|4\/100\n|-unboost|p1a: Great Tusk|def|1\n|-unboost|p1a: Great Tusk|spd|1\n|-damage|p1a: Great Tusk|67\/100|[from] item: Rocky Helmet|[of] p2a: Alomomola\n|move|p2a: Alomomola|Flip Turn|p1a: Great Tusk\n|-supereffective|p1a: Great Tusk\n|-damage|p1a: Great Tusk|26\/100\n|\n|t:|1700818695\n|switch|p2a: \u52c7\u8005-\u5df4\u6258\u6d1b\u53f8|Urshifu-Rapid-Strike, M|100\/100|[from] Flip Turn\n|-damage|p2a: \u52c7\u8005-\u5df4\u6258\u6d1b\u53f8|94\/100|[from] Stealth Rock\n|\n|upkeep\n|turn|23\n|\n|t:|1700818699\n|-end|p1a: Great Tusk|Protosynthesis|[silent]\n|switch|p1a: Ferrothorn|Ferrothorn, M, shiny|65\/100\n|move|p2a: \u52c7\u8005-\u5df4\u6258\u6d1b\u53f8|Close Combat|p1a: Ferrothorn\n|-supereffective|p1a: Ferrothorn\n|-damage|p1a: Ferrothorn|0 fnt\n|-unboost|p2a: \u52c7\u8005-\u5df4\u6258\u6d1b\u53f8|def|1\n|-unboost|p2a: \u52c7\u8005-\u5df4\u6258\u6d1b\u53f8|spd|1\n|-damage|p2a: \u52c7\u8005-\u5df4\u6258\u6d1b\u53f8|82\/100|[from] ability: Iron Barbs|[of] p1a: Ferrothorn\n|-damage|p2a: \u52c7\u8005-\u5df4\u6258\u6d1b\u53f8|65\/100|[from] item: Rocky Helmet|[of] p1a: Ferrothorn\n|faint|p1a: Ferrothorn\n|\n|upkeep\n|\n|t:|1700818705\n|switch|p1a: Clodsire|Clodsire, F, shiny|100\/100\n|turn|24\n|\n|t:|1700818711\n|switch|p2a: \u9b54\u738b\u57ce\u306e\u5931\u843d\u9b54\u50cf|Corviknight, M, shiny|88\/100\n|-damage|p2a: \u9b54\u738b\u57ce\u306e\u5931\u843d\u9b54\u50cf|76\/100|[from] Stealth Rock\n|move|p1a: Clodsire|Toxic Spikes|p2a: \u9b54\u738b\u57ce\u306e\u5931\u843d\u9b54\u50cf\n|-sidestart|p2: Followers of Roxy|move: Toxic Spikes\n|\n|upkeep\n|turn|25\n|\n|t:|1700818720\n|move|p2a: \u9b54\u738b\u57ce\u306e\u5931\u843d\u9b54\u50cf|Defog|p1a: Clodsire\n|-unboost|p1a: Clodsire|evasion|1\n|-sideend|p2: Followers of Roxy|Toxic Spikes|[from] move: Defog|[of] p2a: \u9b54\u738b\u57ce\u306e\u5931\u843d\u9b54\u50cf\n|-sideend|p2: Followers of Roxy|Stealth Rock|[from] move: Defog|[of] p2a: \u9b54\u738b\u57ce\u306e\u5931\u843d\u9b54\u50cf\n|move|p1a: Clodsire|Toxic Spikes|p2a: \u9b54\u738b\u57ce\u306e\u5931\u843d\u9b54\u50cf\n|-sidestart|p2: Followers of Roxy|move: Toxic Spikes\n|\n|upkeep\n|turn|26\n|\n|t:|1700818730\n|move|p2a: \u9b54\u738b\u57ce\u306e\u5931\u843d\u9b54\u50cf|Defog|p1a: Clodsire\n|-unboost|p1a: Clodsire|evasion|1\n|-sideend|p2: Followers of Roxy|Toxic Spikes|[from] move: Defog|[of] p2a: \u9b54\u738b\u57ce\u306e\u5931\u843d\u9b54\u50cf\n|move|p1a: Clodsire|Toxic Spikes|p2a: \u9b54\u738b\u57ce\u306e\u5931\u843d\u9b54\u50cf\n|-sidestart|p2: Followers of Roxy|move: Toxic Spikes\n|\n|upkeep\n|turn|27\n|\n|t:|1700818735\n|move|p2a: \u9b54\u738b\u57ce\u306e\u5931\u843d\u9b54\u50cf|Brave Bird|p1a: Clodsire\n|-damage|p1a: Clodsire|57\/100\n|-damage|p2a: \u9b54\u738b\u57ce\u306e\u5931\u843d\u9b54\u50cf|58\/100|[from] Recoil\n|move|p1a: Clodsire|Toxic Spikes|p2a: \u9b54\u738b\u57ce\u306e\u5931\u843d\u9b54\u50cf\n|-sidestart|p2: Followers of Roxy|move: Toxic Spikes\n|\n|-heal|p1a: Clodsire|63\/100|[from] item: Leftovers\n|upkeep\n|turn|28\n|\n|t:|1700818744\n|move|p2a: \u9b54\u738b\u57ce\u306e\u5931\u843d\u9b54\u50cf|Defog|p1a: Clodsire\n|-unboost|p1a: Clodsire|evasion|1\n|-sideend|p2: Followers of Roxy|Toxic Spikes|[from] move: Defog|[of] p2a: \u9b54\u738b\u57ce\u306e\u5931\u843d\u9b54\u50cf\n|move|p1a: Clodsire|Recover|p1a: Clodsire\n|-heal|p1a: Clodsire|100\/100\n|\n|upkeep\n|turn|29\n|\n|t:|1700818751\n|move|p2a: \u9b54\u738b\u57ce\u306e\u5931\u843d\u9b54\u50cf|U-turn|p1a: Clodsire\n|-resisted|p1a: Clodsire\n|-damage|p1a: Clodsire|92\/100\n|\n|t:|1700818754\n|switch|p2a: Alomomola|Alomomola, F|38\/100|[from] U-turn\n|move|p1a: Clodsire|Earthquake|p2a: Alomomola\n|-damage|p2a: Alomomola|22\/100\n|\n|-heal|p1a: Clodsire|98\/100|[from] item: Leftovers\n|upkeep\n|turn|30\n|\n|t:|1700818765\n|switch|p1a: Greninja|Greninja, M|38\/100\n|move|p2a: Alomomola|Wish|p2a: Alomomola\n|\n|upkeep\n|turn|31\n|\n|t:|1700818772\n|switch|p2a: \u9b54\u738b\u57ce\u306e\u5931\u843d\u9b54\u50cf|Corviknight, M, shiny|58\/100\n|move|p1a: Greninja|Dark Pulse|p2a: \u9b54\u738b\u57ce\u306e\u5931\u843d\u9b54\u50cf\n|-crit|p2a: \u9b54\u738b\u57ce\u306e\u5931\u843d\u9b54\u50cf\n|-damage|p2a: \u9b54\u738b\u57ce\u306e\u5931\u843d\u9b54\u50cf|0 fnt\n|faint|p2a: \u9b54\u738b\u57ce\u306e\u5931\u843d\u9b54\u50cf\n|-ability|p1a: Greninja|Battle Bond|boost\n|-boost|p1a: Greninja|atk|1\n|-boost|p1a: Greninja|spa|1\n|-boost|p1a: Greninja|spe|1\n|-activate|p1a: Greninja|ability: Battle Bond\n|-damage|p1a: Greninja|28\/100|[from] item: Life Orb\n|\n|upkeep\n|\n|t:|1700818783\n|switch|p2a: \u6740\u624b\u7687\u540e|Clefable, F|100\/100\n|turn|32\n|\n|t:|1700818788\n|move|p1a: Greninja|Hydro Pump|p2a: \u6740\u624b\u7687\u540e\n|-damage|p2a: \u6740\u624b\u7687\u540e|38\/100\n|-damage|p1a: Greninja|18\/100|[from] item: Life Orb\n|move|p2a: \u6740\u624b\u7687\u540e|Cosmic Power|p2a: \u6740\u624b\u7687\u540e\n|-boost|p2a: \u6740\u624b\u7687\u540e|def|1\n|-boost|p2a: \u6740\u624b\u7687\u540e|spd|1\n|\n|-heal|p2a: \u6740\u624b\u7687\u540e|44\/100|[from] item: Leftovers\n|upkeep\n|turn|33\n|\n|t:|1700818795\n|move|p1a: Greninja|Hydro Pump|p2a: \u6740\u624b\u7687\u540e|[miss]\n|-miss|p1a: Greninja|p2a: \u6740\u624b\u7687\u540e\n|move|p2a: \u6740\u624b\u7687\u540e|Soft-Boiled|p2a: \u6740\u624b\u7687\u540e\n|-heal|p2a: \u6740\u624b\u7687\u540e|94\/100\n|\n|-heal|p2a: \u6740\u624b\u7687\u540e|100\/100|[from] item: Leftovers\n|upkeep\n|turn|34\n|\n|t:|1700818801\n|move|p1a: Greninja|Hydro Pump|p2a: \u6740\u624b\u7687\u540e\n|-damage|p2a: \u6740\u624b\u7687\u540e|65\/100\n|-damage|p1a: Greninja|9\/100|[from] item: Life Orb\n|move|p2a: \u6740\u624b\u7687\u540e|Cosmic Power|p2a: \u6740\u624b\u7687\u540e\n|-boost|p2a: \u6740\u624b\u7687\u540e|def|1\n|-boost|p2a: \u6740\u624b\u7687\u540e|spd|1\n|\n|-heal|p2a: \u6740\u624b\u7687\u540e|71\/100|[from] item: Leftovers\n|upkeep\n|turn|35\n|\n|t:|1700818806\n|move|p1a: Greninja|Hydro Pump|p2a: \u6740\u624b\u7687\u540e|[miss]\n|-miss|p1a: Greninja|p2a: \u6740\u624b\u7687\u540e\n|move|p2a: \u6740\u624b\u7687\u540e|Cosmic Power|p2a: \u6740\u624b\u7687\u540e\n|-boost|p2a: \u6740\u624b\u7687\u540e|def|1\n|-boost|p2a: \u6740\u624b\u7687\u540e|spd|1\n|\n|-heal|p2a: \u6740\u624b\u7687\u540e|77\/100|[from] item: Leftovers\n|upkeep\n|turn|36\n|\n|t:|1700818809\n|move|p1a: Greninja|Hydro Pump|p2a: \u6740\u624b\u7687\u540e\n|-damage|p2a: \u6740\u624b\u7687\u540e|51\/100\n|-damage|p1a: Greninja|0 fnt|[from] item: Life Orb\n|faint|p1a: Greninja\n|move|p2a: \u6740\u624b\u7687\u540e|Cosmic Power|p2a: \u6740\u624b\u7687\u540e\n|-boost|p2a: \u6740\u624b\u7687\u540e|def|1\n|-boost|p2a: \u6740\u624b\u7687\u540e|spd|1\n|\n|-heal|p2a: \u6740\u624b\u7687\u540e|57\/100|[from] item: Leftovers\n|upkeep\n|\n|t:|1700818815\n|switch|p1a: Clodsire|Clodsire, F, shiny|98\/100\n|turn|37\n|\n|t:|1700818818\n|move|p2a: \u6740\u624b\u7687\u540e|Cosmic Power|p2a: \u6740\u624b\u7687\u540e\n|-boost|p2a: \u6740\u624b\u7687\u540e|def|1\n|-boost|p2a: \u6740\u624b\u7687\u540e|spd|1\n|move|p1a: Clodsire|Gunk Shot|p2a: \u6740\u624b\u7687\u540e\n|-supereffective|p2a: \u6740\u624b\u7687\u540e\n|-damage|p2a: \u6740\u624b\u7687\u540e|4\/100\n|\n|-heal|p2a: \u6740\u624b\u7687\u540e|10\/100|[from] item: Leftovers\n|-heal|p1a: Clodsire|100\/100|[from] item: Leftovers\n|upkeep\n|turn|38\n|\n|t:|1700818826\n|-terastallize|p2a: \u6740\u624b\u7687\u540e|Poison\n|move|p2a: \u6740\u624b\u7687\u540e|Soft-Boiled|p2a: \u6740\u624b\u7687\u540e\n|-heal|p2a: \u6740\u624b\u7687\u540e|60\/100\n|move|p1a: Clodsire|Gunk Shot|p2a: \u6740\u624b\u7687\u540e\n|-resisted|p2a: \u6740\u624b\u7687\u540e\n|-damage|p2a: \u6740\u624b\u7687\u540e|46\/100\n|\n|-heal|p2a: \u6740\u624b\u7687\u540e|52\/100|[from] item: Leftovers\n|upkeep\n|turn|39\n|\n|t:|1700818836\n|move|p2a: \u6740\u624b\u7687\u540e|Cosmic Power|p2a: \u6740\u624b\u7687\u540e\n|-boost|p2a: \u6740\u624b\u7687\u540e|def|1\n|-boost|p2a: \u6740\u624b\u7687\u540e|spd|1\n|move|p1a: Clodsire|Earthquake|p2a: \u6740\u624b\u7687\u540e\n|-supereffective|p2a: \u6740\u624b\u7687\u540e\n|-damage|p2a: \u6740\u624b\u7687\u540e|4\/100\n|\n|-heal|p2a: \u6740\u624b\u7687\u540e|10\/100|[from] item: Leftovers\n|upkeep\n|turn|40\n|\n|t:|1700818843\n|move|p2a: \u6740\u624b\u7687\u540e|Soft-Boiled|p2a: \u6740\u624b\u7687\u540e\n|-heal|p2a: \u6740\u624b\u7687\u540e|60\/100\n|move|p1a: Clodsire|Earthquake|p2a: \u6740\u624b\u7687\u540e\n|-supereffective|p2a: \u6740\u624b\u7687\u540e\n|-damage|p2a: \u6740\u624b\u7687\u540e|14\/100\n|\n|-heal|p2a: \u6740\u624b\u7687\u540e|20\/100|[from] item: Leftovers\n|upkeep\n|turn|41\n|\n|t:|1700818848\n|move|p2a: \u6740\u624b\u7687\u540e|Stored Power|p1a: Clodsire\n|-supereffective|p1a: Clodsire\n|-damage|p1a: Clodsire|39\/100\n|move|p1a: Clodsire|Earthquake|p2a: \u6740\u624b\u7687\u540e\n|-supereffective|p2a: \u6740\u624b\u7687\u540e\n|-damage|p2a: \u6740\u624b\u7687\u540e|0 fnt\n|faint|p2a: \u6740\u624b\u7687\u540e\n|\n|-heal|p1a: Clodsire|46\/100|[from] item: Leftovers\n|upkeep\n|\n|t:|1700818859\n|switch|p2a: \u5403\u6211\u86ee\u718a\u9707\u6012\uff01\uff01\uff01|Ursaluna, F|20\/100 brn\n|turn|42\n|\n|t:|1700818864\n|move|p2a: \u5403\u6211\u86ee\u718a\u9707\u6012\uff01\uff01\uff01|Facade|p1a: Clodsire\n|-damage|p1a: Clodsire|0 fnt\n|faint|p1a: Clodsire\n|\n|-damage|p2a: \u5403\u6211\u86ee\u718a\u9707\u6012\uff01\uff01\uff01|14\/100 brn|[from] brn\n|upkeep\n|\n|t:|1700818867\n|switch|p1a: Great Tusk|Great Tusk, shiny|26\/100\n|turn|43\n|\n|t:|1700818873\n|switch|p2a: Alomomola|Alomomola, F|56\/100\n|move|p1a: Great Tusk|Rapid Spin|p2a: Alomomola\n|-damage|p2a: Alomomola|44\/100\n|-boost|p1a: Great Tusk|spe|1\n|-damage|p1a: Great Tusk|9\/100|[from] item: Rocky Helmet|[of] p2a: Alomomola\n|\n|upkeep\n|turn|44\n|\n|t:|1700818881\n|move|p1a: Great Tusk|Close Combat|p2a: Alomomola\n|-damage|p2a: Alomomola|1\/100\n|-unboost|p1a: Great Tusk|def|1\n|-unboost|p1a: Great Tusk|spd|1\n|-damage|p1a: Great Tusk|0 fnt|[from] item: Rocky Helmet|[of] p2a: Alomomola\n|faint|p1a: Great Tusk\n|-end|p1a: Great Tusk|Protosynthesis|[silent]\n|\n|win|Followers of Roxy\n|raw|189t's rating: 1468 &rarr; <strong>1447<\/strong><br \/>(-21 for losing)\n|raw|Followers of Roxy's rating: 1457 &rarr; <strong>1478<\/strong><br \/>(+21 for winning)\n","uploadtime":1700818894,"views":4,"p1id":"189t","p2id":"followersofroxy","formatid":"gen9nationaldex","rating":1447,"private":0,"password":""}