{"id":"gen9nationaldex-1988056009","p1":"seeingtwice","p2":"Hysuto","format":"[Gen 9] National Dex","log":"|j|\u2606seeingtwice\n|j|\u2606Hysuto\n|t:|1699664148\n|gametype|singles\n|player|p1|seeingtwice|roxie|1439\n|player|p2|Hysuto|burglar|1541\n|teamsize|p1|6\n|teamsize|p2|6\n|gen|9\n|tier|[Gen 9] National Dex\n|rated|\n|rule|HP Percentage Mod: HP is shown in percentages\n|rule|Endless Battle Clause: Forcing endless battles is banned\n|rule|OHKO Clause: OHKO moves are banned\n|rule|Evasion Clause: Evasion abilities, items, and moves are banned\n|rule|Evasion Abilities Clause: Evasion abilities are banned\n|rule|Evasion Items Clause: Evasion items are banned\n|rule|Evasion Moves Clause: Evasion moves are banned\n|rule|Species Clause: Limit one of each Pok\u00e9mon\n|rule|Sleep Clause Mod: Limit one foe put to sleep\n|clearpoke\n|poke|p1|Charizard, F|\n|poke|p1|Ogerpon-Cornerstone, F|\n|poke|p1|Tyranitar, F|\n|poke|p1|Excadrill, F|\n|poke|p1|Alomomola, M|\n|poke|p1|Tapu Lele|\n|poke|p2|Alomomola, F|\n|poke|p2|Aggron, M|\n|poke|p2|Heatran, M|\n|poke|p2|Rillaboom, F|\n|poke|p2|Sneasler, M|\n|poke|p2|Moltres|\n|teampreview\n|inactive|Battle timer is ON: inactive players will automatically lose when time's up. (requested by Hysuto)\n|\n|t:|1699664155\n|start\n|switch|p1a: Charizard|Charizard, F|100\/100\n|switch|p2a: Rillaboom|Rillaboom, F|100\/100\n|-fieldstart|move: Grassy Terrain|[from] ability: Grassy Surge|[of] p2a: Rillaboom\n|turn|1\n|\n|t:|1699664163\n|switch|p2a: Heatran|Heatran, M|100\/100\n|detailschange|p1a: Charizard|Charizard-Mega-Y, F\n|-mega|p1a: Charizard|Charizard|Charizardite Y\n|-weather|SunnyDay|[from] ability: Drought|[of] p1a: Charizard\n|move|p1a: Charizard|Air Slash|p2a: Heatran\n|-resisted|p2a: Heatran\n|-damage|p2a: Heatran|92\/100\n|\n|-weather|SunnyDay|[upkeep]\n|-heal|p2a: Heatran|98\/100|[from] Grassy Terrain\n|upkeep\n|turn|2\n|\n|t:|1699664177\n|switch|p1a: Tyranitar|Tyranitar, F|100\/100\n|-weather|Sandstorm|[from] ability: Sand Stream|[of] p1a: Tyranitar\n|move|p2a: Heatran|Power Gem|p1a: Tyranitar\n|-damage|p1a: Tyranitar|91\/100\n|\n|-weather|Sandstorm|[upkeep]\n|-heal|p2a: Heatran|100\/100|[from] Grassy Terrain\n|-heal|p1a: Tyranitar|97\/100|[from] Grassy Terrain\n|upkeep\n|turn|3\n|\n|t:|1699664186\n|switch|p2a: Aggron|Aggron, M|100\/100\n|move|p1a: Tyranitar|Knock Off|p2a: Aggron\n|-damage|p2a: Aggron|84\/100\n|\n|-weather|Sandstorm|[upkeep]\n|-heal|p1a: Tyranitar|100\/100|[from] Grassy Terrain\n|-heal|p2a: Aggron|90\/100|[from] Grassy Terrain\n|upkeep\n|turn|4\n|\n|t:|1699664196\n|switch|p1a: Charizard|Charizard-Mega-Y, F|100\/100\n|-weather|SunnyDay|[from] ability: Drought|[of] p1a: Charizard\n|detailschange|p2a: Aggron|Aggron-Mega, M\n|-mega|p2a: Aggron|Aggron|Aggronite\n|move|p2a: Aggron|Body Press|p1a: Charizard\n|-resisted|p1a: Charizard\n|-damage|p1a: Charizard|67\/100\n|\n|-weather|SunnyDay|[upkeep]\n|-heal|p2a: Aggron|96\/100|[from] Grassy Terrain\n|upkeep\n|turn|5\n|\n|t:|1699664207\n|switch|p1a: Excadrill|Excadrill, F|100\/100\n|switch|p2a: Moltres|Moltres|100\/100\n|\n|-weather|SunnyDay|[upkeep]\n|-fieldend|move: Grassy Terrain\n|upkeep\n|turn|6\n|\n|t:|1699664216\n|switch|p2a: Aggron|Aggron-Mega, M|96\/100\n|move|p1a: Excadrill|Rock Slide|p2a: Aggron\n|-resisted|p2a: Aggron\n|-damage|p2a: Aggron|88\/100\n|-damage|p1a: Excadrill|91\/100|[from] item: Life Orb\n|\n|-weather|SunnyDay|[upkeep]\n|upkeep\n|turn|7\n|\n|t:|1699664224\n|switch|p2a: Rillaboom|Rillaboom, F|100\/100\n|-fieldstart|move: Grassy Terrain|[from] ability: Grassy Surge|[of] p2a: Rillaboom\n|move|p1a: Excadrill|Earthquake|p2a: Rillaboom\n|-resisted|p2a: Rillaboom\n|-damage|p2a: Rillaboom|79\/100\n|-damage|p1a: Excadrill|81\/100|[from] item: Life Orb\n|\n|-weather|SunnyDay|[upkeep]\n|-heal|p2a: Rillaboom|85\/100|[from] Grassy Terrain\n|-heal|p1a: Excadrill|87\/100|[from] Grassy Terrain\n|upkeep\n|turn|8\n|\n|t:|1699664239\n|switch|p1a: Charizard|Charizard-Mega-Y, F|67\/100\n|-terastallize|p2a: Rillaboom|Grass\n|move|p2a: Rillaboom|Grassy Glide|p1a: Charizard\n|-resisted|p1a: Charizard\n|-crit|p1a: Charizard\n|-damage|p1a: Charizard|28\/100\n|\n|-weather|none\n|-heal|p2a: Rillaboom|91\/100|[from] Grassy Terrain\n|upkeep\n|turn|9\n|\n|t:|1699664253\n|switch|p2a: Heatran|Heatran, M|100\/100\n|move|p1a: Charizard|Air Slash|p2a: Heatran\n|-resisted|p2a: Heatran\n|-damage|p2a: Heatran|91\/100\n|\n|-heal|p2a: Heatran|97\/100|[from] Grassy Terrain\n|upkeep\n|turn|10\n|\n|t:|1699664260\n|switch|p1a: Alomomola|Alomomola, M|100\/100\n|move|p2a: Heatran|Magma Storm|p1a: Alomomola\n|-resisted|p1a: Alomomola\n|-damage|p1a: Alomomola|74\/100\n|-activate|p1a: Alomomola|move: Magma Storm|[of] p2a: Heatran\n|\n|-heal|p2a: Heatran|100\/100|[from] Grassy Terrain\n|-heal|p1a: Alomomola|80\/100|[from] Grassy Terrain\n|-damage|p1a: Alomomola|68\/100|[from] move: Magma Storm|[partiallytrapped]\n|upkeep\n|turn|11\n|\n|t:|1699664271\n|switch|p2a: Rillaboom|Rillaboom, F, tera:Grass|91\/100\n|move|p1a: Alomomola|Wish|p1a: Alomomola\n|\n|-heal|p2a: Rillaboom|97\/100|[from] Grassy Terrain\n|-heal|p1a: Alomomola|74\/100|[from] Grassy Terrain\n|-end|p1a: Alomomola|Magma Storm|[partiallytrapped]|[silent]\n|-fieldend|move: Grassy Terrain\n|upkeep\n|turn|12\n|\n|t:|1699664278\n|switch|p1a: Charizard|Charizard-Mega-Y, F|28\/100\n|-weather|SunnyDay|[from] ability: Drought|[of] p1a: Charizard\n|move|p2a: Rillaboom|Wood Hammer|p1a: Charizard\n|-resisted|p1a: Charizard\n|-damage|p1a: Charizard|0 fnt\n|faint|p1a: Charizard\n|-damage|p2a: Rillaboom|89\/100|[from] Recoil\n|\n|-weather|SunnyDay|[upkeep]\n|upkeep\n|\n|t:|1699664288\n|switch|p1a: Tapu Lele|Tapu Lele, shiny|100\/100\n|-fieldstart|move: Psychic Terrain|[from] ability: Psychic Surge|[of] p1a: Tapu Lele\n|turn|13\n|c|\u2606Hysuto|Not a chance\n|\n|t:|1699664294\n|switch|p2a: Heatran|Heatran, M|100\/100\n|move|p1a: Tapu Lele|Focus Blast|p2a: Heatran|[miss]\n|-miss|p1a: Tapu Lele|p2a: Heatran\n|\n|-weather|SunnyDay|[upkeep]\n|upkeep\n|turn|14\n|\n|t:|1699664300\n|switch|p1a: Tyranitar|Tyranitar, F|100\/100\n|-weather|Sandstorm|[from] ability: Sand Stream|[of] p1a: Tyranitar\n|move|p2a: Heatran|Magma Storm|p1a: Tyranitar\n|-resisted|p1a: Tyranitar\n|-damage|p1a: Tyranitar|93\/100\n|-activate|p1a: Tyranitar|move: Magma Storm|[of] p2a: Heatran\n|\n|-weather|Sandstorm|[upkeep]\n|-damage|p1a: Tyranitar|81\/100|[from] move: Magma Storm|[partiallytrapped]\n|upkeep\n|turn|15\n|-message|seeingtwice forfeited.\n|\n|win|Hysuto\n|raw|seeingtwice's rating: 1439 &rarr; <strong>1425<\/strong><br \/>(-14 for losing)\n|raw|Hysuto's rating: 1541 &rarr; <strong>1555<\/strong><br \/>(+14 for winning)\n|l|\u2606seeingtwice\n","uploadtime":1699664318,"views":14,"p1id":"seeingtwice","p2id":"hysuto","formatid":"gen9nationaldex","rating":1425,"private":0,"password":""}