{"id":"gen9nationaldex-1997407547","p1":"UUbers Vesp","p2":"hyh666\u4e01\u771fpromax","format":"[Gen 9] National Dex","log":"|html|<div class=\"broadcast-blue\"><strong>[Gen 9] National Dex is currently suspecting Sneasler! For information on how to participate check out the <a href=\"https:\/\/www.smogon.com\/forums\/threads\/sv-national-dex-suspect-8-just-dance.3731534\/\">suspect thread<\/a>.<\/strong><\/div>\n|j|\u2606UUbers Vesp\n|j|\u2606hyh666\u4e01\u771fpromax\n|t:|1700800379\n|gametype|singles\n|player|p1|UUbers Vesp|juggler|1738\n|player|p2|hyh666\u4e01\u771fpromax|iono|1778\n|teamsize|p1|6\n|teamsize|p2|6\n|gen|9\n|tier|[Gen 9] National Dex\n|rated|\n|rule|HP Percentage Mod: HP is shown in percentages\n|rule|Endless Battle Clause: Forcing endless battles is banned\n|rule|OHKO Clause: OHKO moves are banned\n|rule|Evasion Clause: Evasion abilities, items, and moves are banned\n|rule|Evasion Abilities Clause: Evasion abilities are banned\n|rule|Evasion Items Clause: Evasion items are banned\n|rule|Evasion Moves Clause: Evasion moves are banned\n|rule|Species Clause: Limit one of each Pok\u00e9mon\n|rule|Sleep Clause Mod: Limit one foe put to sleep\n|clearpoke\n|poke|p1|Ursaluna, F|\n|poke|p1|Alomomola, F|\n|poke|p1|Iron Valiant|\n|poke|p1|Scizor, M|\n|poke|p1|Zapdos|\n|poke|p1|Garchomp, F|\n|poke|p2|Aerodactyl, M|\n|poke|p2|Alomomola, M|\n|poke|p2|Garchomp, F|\n|poke|p2|Iron Treads|\n|poke|p2|Hydreigon, M|\n|poke|p2|Tapu Lele|\n|teampreview\n|\n|t:|1700800398\n|start\n|switch|p1a: I WISH I KNEW YOU|Alomomola, F|100\/100\n|switch|p2a: Alomomola|Alomomola, M|100\/100\n|turn|1\n|\n|t:|1700800423\n|switch|p1a: COMPARE COMBUST|Ursaluna, F|100\/100\n|move|p2a: Alomomola|Protect||[still]\n|-fail|p2a: Alomomola\n|\n|-status|p1a: COMPARE COMBUST|brn|[from] item: Flame Orb\n|upkeep\n|turn|2\n|\n|t:|1700800427\n|move|p1a: COMPARE COMBUST|Swords Dance|p1a: COMPARE COMBUST\n|-boost|p1a: COMPARE COMBUST|atk|2\n|move|p2a: Alomomola|Flip Turn|p1a: COMPARE COMBUST\n|-supereffective|p1a: COMPARE COMBUST\n|-damage|p1a: COMPARE COMBUST|78\/100 brn\n|\n|t:|1700800483\n|switch|p2a: Tapu Lele|Tapu Lele|100\/100|[from] Flip Turn\n|-fieldstart|move: Psychic Terrain|[from] ability: Psychic Surge|[of] p2a: Tapu Lele\n|\n|-damage|p1a: COMPARE COMBUST|72\/100 brn|[from] brn\n|upkeep\n|turn|3\n|\n|t:|1700800491\n|switch|p1a: LIBERATE ME|Scizor, M|100\/100\n|-terastallize|p2a: Tapu Lele|Psychic\n|move|p2a: Tapu Lele|Psychic|p1a: LIBERATE ME\n|-resisted|p1a: LIBERATE ME\n|-damage|p1a: LIBERATE ME|58\/100\n|\n|upkeep\n|turn|4\n|\n|t:|1700800497\n|switch|p2a: Garchomp|Garchomp, F|100\/100\n|detailschange|p1a: LIBERATE ME|Scizor-Mega, M\n|-mega|p1a: LIBERATE ME|Scizor|Scizorite\n|move|p1a: LIBERATE ME|Roost|p1a: LIBERATE ME\n|-heal|p1a: LIBERATE ME|100\/100\n|-singleturn|p1a: LIBERATE ME|move: Roost\n|\n|upkeep\n|turn|5\n|\n|t:|1700800500\n|switch|p1a: I WISH I KNEW YOU|Alomomola, F|100\/100\n|move|p2a: Garchomp|Stealth Rock|p1a: I WISH I KNEW YOU\n|-sidestart|p1: UUbers Vesp|move: Stealth Rock\n|\n|upkeep\n|turn|6\n|\n|t:|1700800505\n|switch|p2a: Iron Treads|Iron Treads|100\/100\n|move|p1a: I WISH I KNEW YOU|Toxic|p2a: Iron Treads|[miss]\n|-miss|p1a: I WISH I KNEW YOU|p2a: Iron Treads\n|\n|-fieldend|move: Psychic Terrain\n|upkeep\n|turn|7\n|\n|t:|1700800509\n|move|p2a: Iron Treads|Knock Off|p1a: I WISH I KNEW YOU\n|-crit|p1a: I WISH I KNEW YOU\n|-damage|p1a: I WISH I KNEW YOU|77\/100\n|-enditem|p1a: I WISH I KNEW YOU|Heavy-Duty Boots|[from] move: Knock Off|[of] p2a: Iron Treads\n|move|p1a: I WISH I KNEW YOU|Flip Turn|p2a: Iron Treads\n|-supereffective|p2a: Iron Treads\n|-damage|p2a: Iron Treads|78\/100\n|\n|t:|1700800517\n|switch|p1a: BOLT TO THE HEAD|Garchomp, F|100\/100|[from] Flip Turn\n|-damage|p1a: BOLT TO THE HEAD|94\/100|[from] Stealth Rock\n|\n|upkeep\n|turn|8\n|\n|t:|1700800521\n|-end|p2a: Iron Treads|Quark Drive|[silent]\n|switch|p2a: Aerodactyl|Aerodactyl, M|100\/100\n|-ability|p2a: Aerodactyl|Unnerve\n|move|p1a: BOLT TO THE HEAD|Earthquake|p2a: Aerodactyl\n|-immune|p2a: Aerodactyl\n|\n|upkeep\n|turn|9\n|\n|t:|1700800525\n|detailschange|p2a: Aerodactyl|Aerodactyl-Mega, M\n|-mega|p2a: Aerodactyl|Aerodactyl|Aerodactylite\n|move|p2a: Aerodactyl|Ice Fang|p1a: BOLT TO THE HEAD\n|-supereffective|p1a: BOLT TO THE HEAD\n|-damage|p1a: BOLT TO THE HEAD|0 fnt\n|-damage|p2a: Aerodactyl|88\/100|[from] ability: Rough Skin|[of] p1a: BOLT TO THE HEAD\n|faint|p1a: BOLT TO THE HEAD\n|\n|upkeep\n|\n|t:|1700800531\n|switch|p1a: LIBERATE ME|Scizor-Mega, M|100\/100\n|-damage|p1a: LIBERATE ME|88\/100|[from] Stealth Rock\n|turn|10\n|\n|t:|1700800535\n|switch|p2a: Garchomp|Garchomp, F|100\/100\n|move|p1a: LIBERATE ME|Swords Dance|p1a: LIBERATE ME\n|-boost|p1a: LIBERATE ME|atk|2\n|\n|upkeep\n|turn|11\n|\n|t:|1700800542\n|switch|p1a: I WISH I KNEW YOU|Alomomola, F|100\/100\n|-damage|p1a: I WISH I KNEW YOU|88\/100|[from] Stealth Rock\n|move|p2a: Garchomp|Dragon Tail|p1a: I WISH I KNEW YOU\n|-damage|p1a: I WISH I KNEW YOU|73\/100\n|drag|p1a: CHASING CLOUDS YEA|Zapdos|100\/100\n|\n|upkeep\n|turn|12\n|\n|t:|1700800551\n|switch|p2a: Iron Treads|Iron Treads|78\/100\n|move|p1a: CHASING CLOUDS YEA|Defog|p2a: Iron Treads\n|-unboost|p2a: Iron Treads|evasion|1\n|-sideend|p1: UUbers Vesp|Stealth Rock|[from] move: Defog|[of] p1a: CHASING CLOUDS YEA\n|\n|upkeep\n|turn|13\n|\n|t:|1700800555\n|switch|p1a: 21ST CENTURY|Iron Valiant|100\/100\n|move|p2a: Iron Treads|Volt Switch|p1a: 21ST CENTURY\n|-damage|p1a: 21ST CENTURY|79\/100\n|\n|t:|1700800565\n|-end|p2a: Iron Treads|Quark Drive|[silent]\n|switch|p2a: Tapu Lele|Tapu Lele, tera:Psychic|100\/100|[from] Volt Switch\n|-fieldstart|move: Psychic Terrain|[from] ability: Psychic Surge|[of] p2a: Tapu Lele\n|\n|upkeep\n|turn|14\n|\n|t:|1700800568\n|-end|p1a: 21ST CENTURY|Quark Drive|[silent]\n|switch|p1a: LIBERATE ME|Scizor-Mega, M|88\/100\n|move|p2a: Tapu Lele|Psychic|p1a: LIBERATE ME\n|-resisted|p1a: LIBERATE ME\n|-damage|p1a: LIBERATE ME|50\/100\n|\n|upkeep\n|turn|15\n|\n|t:|1700800575\n|switch|p2a: Garchomp|Garchomp, F|100\/100\n|move|p1a: LIBERATE ME|Roost|p1a: LIBERATE ME\n|-heal|p1a: LIBERATE ME|100\/100\n|-singleturn|p1a: LIBERATE ME|move: Roost\n|\n|upkeep\n|turn|16\n|\n|t:|1700800603\n|switch|p1a: I WISH I KNEW YOU|Alomomola, F|100\/100\n|move|p2a: Garchomp|Stealth Rock|p1a: I WISH I KNEW YOU\n|-sidestart|p1: UUbers Vesp|move: Stealth Rock\n|\n|upkeep\n|turn|17\n|j| elvisma\n|\n|t:|1700800622\n|switch|p2a: Alomomola|Alomomola, M|100\/100\n|move|p1a: I WISH I KNEW YOU|Flip Turn|p2a: Alomomola\n|-resisted|p2a: Alomomola\n|-damage|p2a: Alomomola|95\/100\n|\n|t:|1700800648\n|switch|p1a: 21ST CENTURY|Iron Valiant|79\/100|[from] Flip Turn\n|-damage|p1a: 21ST CENTURY|73\/100|[from] Stealth Rock\n|\n|-fieldend|move: Psychic Terrain\n|upkeep\n|turn|18\n|j| KoKoual\n|\n|t:|1700800655\n|-terastallize|p1a: 21ST CENTURY|Fairy\n|move|p1a: 21ST CENTURY|Moonblast|p2a: Alomomola\n|-damage|p2a: Alomomola|18\/100\n|move|p2a: Alomomola|Toxic|p1a: 21ST CENTURY\n|-status|p1a: 21ST CENTURY|tox\n|\n|-damage|p1a: 21ST CENTURY|67\/100 tox|[from] psn\n|upkeep\n|turn|19\n|\n|t:|1700800660\n|move|p2a: Alomomola|Protect|p2a: Alomomola\n|-singleturn|p2a: Alomomola|Protect\n|move|p1a: 21ST CENTURY|Moonblast|p2a: Alomomola\n|-activate|p2a: Alomomola|move: Protect\n|\n|-damage|p1a: 21ST CENTURY|54\/100 tox|[from] psn\n|upkeep\n|turn|20\n|\n|t:|1700800662\n|switch|p2a: Iron Treads|Iron Treads|78\/100\n|move|p1a: 21ST CENTURY|Moonblast|p2a: Iron Treads\n|-resisted|p2a: Iron Treads\n|-damage|p2a: Iron Treads|51\/100\n|\n|-damage|p1a: 21ST CENTURY|35\/100 tox|[from] psn\n|upkeep\n|turn|21\n|j| Fhow\u2740\n|\n|t:|1700800670\n|-end|p1a: 21ST CENTURY|Quark Drive|[silent]\n|switch|p1a: I WISH I KNEW YOU|Alomomola, F|100\/100\n|-damage|p1a: I WISH I KNEW YOU|88\/100|[from] Stealth Rock\n|move|p2a: Iron Treads|Knock Off|p1a: I WISH I KNEW YOU\n|-damage|p1a: I WISH I KNEW YOU|77\/100\n|\n|upkeep\n|turn|22\n|\n|t:|1700800676\n|move|p2a: Iron Treads|Earthquake|p1a: I WISH I KNEW YOU\n|-damage|p1a: I WISH I KNEW YOU|56\/100\n|move|p1a: I WISH I KNEW YOU|Wish|p1a: I WISH I KNEW YOU\n|\n|upkeep\n|turn|23\n|\n|t:|1700800682\n|move|p2a: Iron Treads|Volt Switch|p1a: I WISH I KNEW YOU\n|-supereffective|p1a: I WISH I KNEW YOU\n|-damage|p1a: I WISH I KNEW YOU|36\/100\n|\n|t:|1700800684\n|-end|p2a: Iron Treads|Quark Drive|[silent]\n|switch|p2a: Garchomp|Garchomp, F|100\/100|[from] Volt Switch\n|move|p1a: I WISH I KNEW YOU|Flip Turn|p2a: Garchomp\n|-damage|p2a: Garchomp|91\/100\n|-damage|p1a: I WISH I KNEW YOU|23\/100|[from] ability: Rough Skin|[of] p2a: Garchomp\n|-damage|p1a: I WISH I KNEW YOU|7\/100|[from] item: Rocky Helmet|[of] p2a: Garchomp\n|\n|t:|1700800694\n|switch|p1a: 21ST CENTURY|Iron Valiant, tera:Fairy|35\/100 tox|[from] Flip Turn\n|-damage|p1a: 21ST CENTURY|23\/100 tox|[from] Stealth Rock\n|\n|-heal|p1a: 21ST CENTURY|100\/100 tox|[from] move: Wish|[wisher] I WISH I KNEW YOU\n|-damage|p1a: 21ST CENTURY|94\/100 tox|[from] psn\n|upkeep\n|turn|24\n|j| xuxiansheng\n|\n|t:|1700800705\n|switch|p2a: Iron Treads|Iron Treads|51\/100\n|move|p1a: 21ST CENTURY|Moonblast|p2a: Iron Treads\n|-resisted|p2a: Iron Treads\n|-damage|p2a: Iron Treads|25\/100\n|\n|-damage|p1a: 21ST CENTURY|82\/100 tox|[from] psn\n|upkeep\n|turn|25\n|\n|t:|1700800722\n|move|p1a: 21ST CENTURY|Moonblast|p2a: Iron Treads\n|-resisted|p2a: Iron Treads\n|-damage|p2a: Iron Treads|0 fnt\n|faint|p2a: Iron Treads\n|-end|p2a: Iron Treads|Quark Drive|[silent]\n|\n|-damage|p1a: 21ST CENTURY|63\/100 tox|[from] psn\n|upkeep\n|\n|t:|1700800725\n|switch|p2a: Aerodactyl|Aerodactyl-Mega, M|88\/100\n|turn|26\n|\n|t:|1700800732\n|-end|p1a: 21ST CENTURY|Quark Drive|[silent]\n|switch|p1a: LIBERATE ME|Scizor-Mega, M|100\/100\n|-damage|p1a: LIBERATE ME|88\/100|[from] Stealth Rock\n|move|p2a: Aerodactyl|Fire Fang|p1a: LIBERATE ME\n|-supereffective|p1a: LIBERATE ME\n|-damage|p1a: LIBERATE ME|0 fnt\n|faint|p1a: LIBERATE ME\n|\n|upkeep\n|l| xuxiansheng\n|\n|t:|1700800743\n|switch|p1a: COMPARE COMBUST|Ursaluna, F|72\/100 brn\n|-damage|p1a: COMPARE COMBUST|66\/100 brn|[from] Stealth Rock\n|turn|27\n|\n|t:|1700800749\n|switch|p2a: Garchomp|Garchomp, F|91\/100\n|move|p1a: COMPARE COMBUST|Facade|p2a: Garchomp\n|-damage|p2a: Garchomp|29\/100\n|-damage|p1a: COMPARE COMBUST|54\/100 brn|[from] ability: Rough Skin|[of] p2a: Garchomp\n|-damage|p1a: COMPARE COMBUST|37\/100 brn|[from] item: Rocky Helmet|[of] p2a: Garchomp\n|\n|-damage|p1a: COMPARE COMBUST|31\/100 brn|[from] brn\n|upkeep\n|turn|28\n|\n|t:|1700800755\n|move|p2a: Garchomp|Earthquake|p1a: COMPARE COMBUST\n|-damage|p1a: COMPARE COMBUST|0 fnt\n|faint|p1a: COMPARE COMBUST\n|\n|upkeep\n|\n|t:|1700800758\n|switch|p1a: 21ST CENTURY|Iron Valiant, tera:Fairy|63\/100 tox\n|-damage|p1a: 21ST CENTURY|51\/100 tox|[from] Stealth Rock\n|turn|29\n|\n|t:|1700800766\n|move|p1a: 21ST CENTURY|Moonblast|p2a: Garchomp\n|-supereffective|p2a: Garchomp\n|-damage|p2a: Garchomp|0 fnt\n|faint|p2a: Garchomp\n|\n|-damage|p1a: 21ST CENTURY|44\/100 tox|[from] psn\n|upkeep\n|\n|t:|1700800768\n|switch|p2a: Tapu Lele|Tapu Lele, tera:Psychic|100\/100\n|-fieldstart|move: Psychic Terrain|[from] ability: Psychic Surge|[of] p2a: Tapu Lele\n|turn|30\n|-message|UUbers Vesp forfeited.\n|\n|win|hyh666\u4e01\u771fpromax\n|raw|UUbers Vesp's rating: 1738 &rarr; <strong>1720<\/strong><br \/>(-18 for losing)\n|raw|hyh666\u4e01\u771fpromax's rating: 1778 &rarr; <strong>1796<\/strong><br \/>(+18 for winning)\n|l|\u2606UUbers Vesp\n|c|\u2606hyh666\u4e01\u771fpromax|gg\n|c|\u2606hyh666\u4e01\u771fpromax|\u3011\n|l| elvisma\n|l| KoKoual\n","uploadtime":1700801322,"views":22,"p1id":"uubersvesp","p2id":"hyh666promax","formatid":"gen9nationaldex","rating":1720,"private":0,"password":""}