{"id":"gen9nationaldex-1996959540","p1":"VivaLaResistance","p2":"ShriveledMonkey","format":"[Gen 9] National Dex","log":"|html|<div class=\"broadcast-blue\"><strong>[Gen 9] National Dex is currently suspecting Sneasler! For information on how to participate check out the <a href=\"https:\/\/www.smogon.com\/forums\/threads\/sv-national-dex-suspect-8-just-dance.3731534\/\">suspect thread<\/a>.<\/strong><\/div>\n|j|\u2606VivaLaResistance\n|j|\u2606ShriveledMonkey\n|t:|1700749779\n|gametype|singles\n|player|p1|VivaLaResistance|acerola|1190\n|player|p2|ShriveledMonkey|169|1143\n|teamsize|p1|6\n|teamsize|p2|6\n|gen|9\n|tier|[Gen 9] National Dex\n|rated|\n|rule|HP Percentage Mod: HP is shown in percentages\n|rule|Endless Battle Clause: Forcing endless battles is banned\n|rule|OHKO Clause: OHKO moves are banned\n|rule|Evasion Clause: Evasion abilities, items, and moves are banned\n|rule|Evasion Abilities Clause: Evasion abilities are banned\n|rule|Evasion Items Clause: Evasion items are banned\n|rule|Evasion Moves Clause: Evasion moves are banned\n|rule|Species Clause: Limit one of each Pok\u00e9mon\n|rule|Sleep Clause Mod: Limit one foe put to sleep\n|clearpoke\n|poke|p1|Lopunny, F|\n|poke|p1|Urshifu-*, M|\n|poke|p1|Moltres|\n|poke|p1|Sylveon, M|\n|poke|p1|Grimmsnarl, M|\n|poke|p1|Rotom-Mow|\n|poke|p2|Coalossal, F|\n|poke|p2|Sudowoodo, M|\n|poke|p2|Cinderace, F|\n|poke|p2|Mantine, M|\n|poke|p2|Bewear, F|\n|poke|p2|Flamigo, F|\n|teampreview\n|\n|t:|1700749787\n|start\n|switch|p1a: Rotom|Rotom-Mow|100\/100\n|switch|p2a: Flamigo|Flamigo, F|100\/100\n|turn|1\n|\n|t:|1700749798\n|move|p2a: Flamigo|U-turn|p1a: Rotom\n|-supereffective|p1a: Rotom\n|-damage|p1a: Rotom|24\/100\n|-damage|p2a: Flamigo|91\/100|[from] item: Life Orb\n|\n|t:|1700749805\n|switch|p2a: Cinderace|Cinderace, F|100\/100|[from] U-turn\n|move|p1a: Rotom|Volt Switch|p2a: Cinderace\n|-damage|p2a: Cinderace|33\/100\n|\n|t:|1700749815\n|switch|p1a: Grimmsnarl|Grimmsnarl, M|100\/100|[from] Volt Switch\n|\n|upkeep\n|turn|2\n|\n|t:|1700749822\n|move|p1a: Grimmsnarl|Trick|p2a: Cinderace\n|-activate|p1a: Grimmsnarl|move: Trick|[of] p2a: Cinderace\n|-item|p2a: Cinderace|Iron Ball|[from] move: Trick\n|-item|p1a: Grimmsnarl|Heavy-Duty Boots|[from] move: Trick\n|move|p2a: Cinderace|U-turn|p1a: Grimmsnarl\n|-start|p2a: Cinderace|typechange|Bug|[from] ability: Libero\n|-damage|p1a: Grimmsnarl|62\/100\n|\n|t:|1700749838\n|switch|p2a: Mantine|Mantine, M|100\/100|[from] U-turn\n|\n|upkeep\n|turn|3\n|\n|t:|1700749847\n|move|p1a: Grimmsnarl|Light Screen|p1a: Grimmsnarl\n|-sidestart|p1: VivaLaResistance|move: Light Screen\n|move|p2a: Mantine|Toxic|p1a: Grimmsnarl\n|-status|p1a: Grimmsnarl|tox\n|\n|-damage|p1a: Grimmsnarl|56\/100 tox|[from] psn\n|upkeep\n|turn|4\n|\n|t:|1700749863\n|switch|p1a: Sylveon|Sylveon, M|100\/100\n|move|p2a: Mantine|Hurricane|p1a: Sylveon\n|-damage|p1a: Sylveon|89\/100\n|-start|p1a: Sylveon|confusion\n|\n|upkeep\n|turn|5\n|\n|t:|1700749870\n|move|p2a: Mantine|Toxic|p1a: Sylveon\n|-status|p1a: Sylveon|tox\n|-activate|p1a: Sylveon|confusion\n|move|p1a: Sylveon|Hyper Beam|p2a: Mantine|[miss]\n|-miss|p1a: Sylveon|p2a: Mantine\n|\n|-damage|p1a: Sylveon|83\/100 tox|[from] psn\n|upkeep\n|turn|6\n|\n|t:|1700749897\n|move|p2a: Mantine|Hurricane|p1a: Sylveon|[miss]\n|-miss|p2a: Mantine|p1a: Sylveon\n|-activate|p1a: Sylveon|confusion\n|move|p1a: Sylveon|Wish|p1a: Sylveon\n|\n|-damage|p1a: Sylveon|71\/100 tox|[from] psn\n|upkeep\n|turn|7\n|\n|t:|1700749903\n|move|p2a: Mantine|Hurricane|p1a: Sylveon\n|-damage|p1a: Sylveon|61\/100 tox\n|-activate|p1a: Sylveon|confusion\n|move|p1a: Sylveon|Hyper Beam|p2a: Mantine\n|-damage|p2a: Mantine|30\/100\n|-mustrecharge|p1a: Sylveon\n|\n|-heal|p1a: Sylveon|100\/100 tox|[from] move: Wish|[wisher] Sylveon\n|-damage|p1a: Sylveon|82\/100 tox|[from] psn\n|-sideend|p1: VivaLaResistance|move: Light Screen\n|upkeep\n|turn|8\n|\n|t:|1700749913\n|move|p2a: Mantine|Roost|p2a: Mantine\n|-heal|p2a: Mantine|80\/100\n|-singleturn|p2a: Mantine|move: Roost\n|cant|p1a: Sylveon|recharge\n|\n|-damage|p1a: Sylveon|58\/100 tox|[from] psn\n|upkeep\n|turn|9\n|\n|t:|1700749925\n|switch|p1a: Rotom|Rotom-Mow|24\/100\n|move|p2a: Mantine|Hurricane|p1a: Rotom\n|-damage|p1a: Rotom|0 fnt\n|faint|p1a: Rotom\n|\n|upkeep\n|\n|t:|1700749930\n|switch|p1a: Urshifu|Urshifu-Rapid-Strike, M|100\/100\n|turn|10\n|\n|t:|1700749936\n|move|p1a: Urshifu|Rock Slide|p2a: Mantine\n|-supereffective|p2a: Mantine\n|-damage|p2a: Mantine|29\/100\n|move|p2a: Mantine|Toxic|p1a: Urshifu\n|-status|p1a: Urshifu|tox\n|\n|-damage|p1a: Urshifu|94\/100 tox|[from] psn\n|upkeep\n|turn|11\n|\n|t:|1700749947\n|-terastallize|p2a: Mantine|Ground\n|move|p1a: Urshifu|Rock Slide|p2a: Mantine\n|-resisted|p2a: Mantine\n|-damage|p2a: Mantine|17\/100\n|cant|p2a: Mantine|flinch\n|\n|-damage|p1a: Urshifu|82\/100 tox|[from] psn\n|upkeep\n|turn|12\n|\n|t:|1700749955\n|move|p1a: Urshifu|Aqua Jet|p2a: Mantine\n|-heal|p2a: Mantine|42\/100|[from] ability: Water Absorb|[of] p1a: Urshifu\n|move|p2a: Mantine|Roost|p2a: Mantine\n|-heal|p2a: Mantine|92\/100\n|\n|-damage|p1a: Urshifu|64\/100 tox|[from] psn\n|upkeep\n|turn|13\n|\n|t:|1700749966\n|move|p1a: Urshifu|Surging Strikes|p2a: Mantine\n|-heal|p2a: Mantine|100\/100|[from] ability: Water Absorb|[of] p1a: Urshifu\n|move|p2a: Mantine|Hurricane|p1a: Urshifu|[miss]\n|-miss|p2a: Mantine|p1a: Urshifu\n|\n|-damage|p1a: Urshifu|39\/100 tox|[from] psn\n|upkeep\n|turn|14\n|\n|t:|1700749973\n|move|p1a: Urshifu|Drain Punch|p2a: Mantine\n|-damage|p2a: Mantine|63\/100\n|-heal|p1a: Urshifu|59\/100 tox|[from] drain|[of] p2a: Mantine\n|move|p2a: Mantine|Hurricane|p1a: Urshifu\n|-supereffective|p1a: Urshifu\n|-damage|p1a: Urshifu|0 fnt\n|faint|p1a: Urshifu\n|\n|upkeep\n|\n|t:|1700749978\n|switch|p1a: Lopunny|Lopunny, F|100\/100\n|turn|15\n|\n|t:|1700749985\n|detailschange|p1a: Lopunny|Lopunny-Mega, F\n|-mega|p1a: Lopunny|Lopunny|Lopunnite\n|move|p1a: Lopunny|Fake Out|p2a: Mantine\n|-damage|p2a: Mantine|42\/100\n|cant|p2a: Mantine|flinch\n|\n|upkeep\n|turn|16\n|\n|t:|1700749993\n|move|p1a: Lopunny|Triple Axel|p2a: Mantine\n|-supereffective|p2a: Mantine\n|-damage|p2a: Mantine|27\/100\n|-supereffective|p2a: Mantine\n|-damage|p2a: Mantine|0 fnt\n|faint|p2a: Mantine\n|-hitcount|p2: Mantine|2\n|\n|upkeep\n|\n|t:|1700750009\n|switch|p2a: Flamigo|Flamigo, F|91\/100\n|turn|17\n|\n|t:|1700750015\n|move|p1a: Lopunny|Triple Axel|p2a: Flamigo\n|-supereffective|p2a: Flamigo\n|-damage|p2a: Flamigo|68\/100\n|-supereffective|p2a: Flamigo\n|-damage|p2a: Flamigo|28\/100\n|-supereffective|p2a: Flamigo\n|-damage|p2a: Flamigo|0 fnt\n|faint|p2a: Flamigo\n|-hitcount|p2: Flamigo|3\n|\n|upkeep\n|\n|t:|1700750030\n|switch|p2a: Bewear|Bewear, F|100\/100\n|turn|18\n|\n|t:|1700750034\n|move|p1a: Lopunny|High Jump Kick|p2a: Bewear\n|-supereffective|p2a: Bewear\n|-damage|p2a: Bewear|32\/100\n|move|p2a: Bewear|Hammer Arm|p1a: Lopunny\n|-supereffective|p1a: Lopunny\n|-damage|p1a: Lopunny|0 fnt\n|-unboost|p2a: Bewear|spe|1\n|faint|p1a: Lopunny\n|\n|upkeep\n|\n|t:|1700750041\n|switch|p1a: Moltres|Moltres|100\/100\n|-ability|p1a: Moltres|Pressure\n|turn|19\n|\n|t:|1700750048\n|switch|p2a: Coalossal|Coalossal, F|100\/100\n|move|p1a: Moltres|Hurricane|p2a: Coalossal\n|-resisted|p2a: Coalossal\n|-damage|p2a: Coalossal|81\/100\n|\n|upkeep\n|turn|20\n|\n|t:|1700750056\n|switch|p1a: Grimmsnarl|Grimmsnarl, M|56\/100 tox\n|move|p2a: Coalossal|Rock Blast|p1a: Grimmsnarl|[miss]\n|-miss|p2a: Coalossal|p1a: Grimmsnarl\n|\n|-damage|p1a: Grimmsnarl|49\/100 tox|[from] psn\n|upkeep\n|turn|21\n|\n|t:|1700750069\n|move|p1a: Grimmsnarl|Reflect|p1a: Grimmsnarl\n|-sidestart|p1: VivaLaResistance|Reflect\n|move|p2a: Coalossal|Stealth Rock|p1a: Grimmsnarl\n|-sidestart|p1: VivaLaResistance|move: Stealth Rock\n|\n|-damage|p1a: Grimmsnarl|37\/100 tox|[from] psn\n|upkeep\n|turn|22\n|\n|t:|1700750079\n|switch|p1a: Sylveon|Sylveon, M|58\/100 tox\n|-damage|p1a: Sylveon|45\/100 tox|[from] Stealth Rock\n|move|p2a: Coalossal|Spikes|p1a: Sylveon\n|-sidestart|p1: VivaLaResistance|Spikes\n|\n|-damage|p1a: Sylveon|39\/100 tox|[from] psn\n|upkeep\n|turn|23\n|\n|t:|1700750088\n|move|p1a: Sylveon|Hyper Beam|p2a: Coalossal\n|-resisted|p2a: Coalossal\n|-damage|p2a: Coalossal|47\/100\n|-mustrecharge|p1a: Sylveon\n|move|p2a: Coalossal|Rock Blast|p1a: Sylveon\n|-damage|p1a: Sylveon|35\/100 tox\n|-damage|p1a: Sylveon|31\/100 tox\n|-damage|p1a: Sylveon|27\/100 tox\n|-hitcount|p1a: Sylveon|3\n|\n|-damage|p1a: Sylveon|14\/100 tox|[from] psn\n|upkeep\n|turn|24\n|\n|t:|1700750097\n|cant|p1a: Sylveon|recharge\n|move|p2a: Coalossal|Rock Blast|p1a: Sylveon|[miss]\n|-miss|p2a: Coalossal|p1a: Sylveon\n|\n|-damage|p1a: Sylveon|0 fnt|[from] psn\n|faint|p1a: Sylveon\n|upkeep\n|\n|t:|1700750100\n|switch|p1a: Moltres|Moltres|100\/100\n|-ability|p1a: Moltres|Pressure\n|turn|25\n|\n|t:|1700750109\n|move|p1a: Moltres|Hurricane|p2a: Coalossal\n|-resisted|p2a: Coalossal\n|-damage|p2a: Coalossal|27\/100\n|-start|p2a: Coalossal|confusion\n|-activate|p2a: Coalossal|confusion\n|move|p2a: Coalossal|Rock Blast|p1a: Moltres\n|-supereffective|p1a: Moltres\n|-damage|p1a: Moltres|86\/100\n|-supereffective|p1a: Moltres\n|-damage|p1a: Moltres|74\/100\n|-supereffective|p1a: Moltres\n|-damage|p1a: Moltres|61\/100\n|-hitcount|p1a: Moltres|3\n|\n|-sideend|p1: VivaLaResistance|Reflect\n|upkeep\n|turn|26\n|\n|t:|1700750121\n|move|p1a: Moltres|Defog|p2a: Coalossal\n|-unboost|p2a: Coalossal|evasion|1\n|-sideend|p1: VivaLaResistance|Spikes|[from] move: Defog|[of] p1a: Moltres\n|-sideend|p1: VivaLaResistance|Stealth Rock|[from] move: Defog|[of] p1a: Moltres\n|-activate|p2a: Coalossal|confusion\n|-damage|p2a: Coalossal|22\/100|[from] confusion\n|\n|upkeep\n|turn|27\n|\n|t:|1700750128\n|switch|p1a: Grimmsnarl|Grimmsnarl, M|37\/100 tox\n|-end|p2a: Coalossal|confusion\n|move|p2a: Coalossal|Rock Blast|p1a: Grimmsnarl\n|-damage|p1a: Grimmsnarl|30\/100 tox\n|-damage|p1a: Grimmsnarl|22\/100 tox\n|-damage|p1a: Grimmsnarl|13\/100 tox\n|-hitcount|p1a: Grimmsnarl|3\n|\n|-damage|p1a: Grimmsnarl|7\/100 tox|[from] psn\n|upkeep\n|turn|28\n|\n|t:|1700750140\n|move|p1a: Grimmsnarl|Spirit Break|p2a: Coalossal\n|-resisted|p2a: Coalossal\n|-damage|p2a: Coalossal|12\/100\n|-unboost|p2a: Coalossal|spa|1\n|move|p2a: Coalossal|Rock Blast|p1a: Grimmsnarl\n|-damage|p1a: Grimmsnarl|0 fnt\n|faint|p1a: Grimmsnarl\n|-hitcount|p1: Grimmsnarl|1\n|\n|upkeep\n|\n|t:|1700750145\n|switch|p1a: Moltres|Moltres|61\/100\n|-ability|p1a: Moltres|Pressure\n|turn|29\n|\n|t:|1700750150\n|move|p1a: Moltres|Hurricane|p2a: Coalossal\n|-resisted|p2a: Coalossal\n|-damage|p2a: Coalossal|0 fnt\n|faint|p2a: Coalossal\n|\n|upkeep\n|\n|t:|1700750155\n|switch|p2a: Sudowoodo|Sudowoodo, M|100\/100\n|turn|30\n|\n|t:|1700750162\n|move|p1a: Moltres|Hurricane|p2a: Sudowoodo\n|-resisted|p2a: Sudowoodo\n|-damage|p2a: Sudowoodo|57\/100\n|-start|p2a: Sudowoodo|confusion\n|-activate|p2a: Sudowoodo|confusion\n|move|p2a: Sudowoodo|Head Smash|p1a: Moltres\n|-supereffective|p1a: Moltres\n|-damage|p1a: Moltres|0 fnt\n|faint|p1a: Moltres\n|\n|win|ShriveledMonkey\n|raw|VivaLaResistance's rating: 1190 &rarr; <strong>1162<\/strong><br \/>(-28 for losing)\n|raw|ShriveledMonkey's rating: 1143 &rarr; <strong>1171<\/strong><br \/>(+28 for winning)\n|l|\u2606VivaLaResistance\n","uploadtime":1700750174,"views":0,"p1id":"vivalaresistance","p2id":"shriveledmonkey","formatid":"gen9nationaldex","rating":1162,"private":0,"password":""}