{"id":"gen9nationaldex-1996378343","p1":"PokemineGamers","p2":"Hyeenaa","format":"[Gen 9] National Dex","log":"|html|<div class=\"broadcast-blue\"><strong>[Gen 9] National Dex is currently suspecting Sneasler! For information on how to participate check out the <a href=\"https:\/\/www.smogon.com\/forums\/threads\/sv-national-dex-suspect-8-just-dance.3731534\/\">suspect thread<\/a>.<\/strong><\/div>\n|j|\u2606PokemineGamers\n|j|\u2606Hyeenaa\n|t:|1700676344\n|gametype|singles\n|player|p1|PokemineGamers|lucas-gen4pt|1000\n|player|p2|Hyeenaa|pokekid|1005\n|teamsize|p1|6\n|teamsize|p2|6\n|gen|9\n|tier|[Gen 9] National Dex\n|rated|\n|rule|HP Percentage Mod: HP is shown in percentages\n|rule|Endless Battle Clause: Forcing endless battles is banned\n|rule|OHKO Clause: OHKO moves are banned\n|rule|Evasion Clause: Evasion abilities, items, and moves are banned\n|rule|Evasion Abilities Clause: Evasion abilities are banned\n|rule|Evasion Items Clause: Evasion items are banned\n|rule|Evasion Moves Clause: Evasion moves are banned\n|rule|Species Clause: Limit one of each Pok\u00e9mon\n|rule|Sleep Clause Mod: Limit one foe put to sleep\n|clearpoke\n|poke|p1|Blaziken, M|\n|poke|p1|Kommo-o, F|\n|poke|p1|Swampert, F|\n|poke|p1|Ditto|\n|poke|p1|Hatterene, F|\n|poke|p1|Great Tusk|\n|poke|p2|Altaria, F|\n|poke|p2|Dragonite, F|\n|poke|p2|Goodra, F|\n|poke|p2|Feraligatr, F|\n|poke|p2|Ninetales-Alola, F|\n|poke|p2|Togekiss, F|\n|teampreview\n|inactive|Battle timer is ON: inactive players will automatically lose when time's up. (requested by PokemineGamers)\n|\n|t:|1700676351\n|start\n|switch|p1a: Blaziken|Blaziken, M|100\/100\n|switch|p2a: Ninetales|Ninetales-Alola, F|100\/100\n|-weather|Snow|[from] ability: Snow Warning|[of] p2a: Ninetales\n|turn|1\n|\n|t:|1700676364\n|move|p2a: Ninetales|Aurora Veil|p2a: Ninetales\n|-sidestart|p2: Hyeenaa|move: Aurora Veil\n|-zpower|p1a: Blaziken\n|move|p1a: Blaziken|Inferno Overdrive|p2a: Ninetales|[zeffect]\n|-supereffective|p2a: Ninetales\n|-damage|p2a: Ninetales|11\/100\n|\n|-weather|Snow|[upkeep]\n|-ability|p1a: Blaziken|Speed Boost|boost\n|-boost|p1a: Blaziken|spe|1\n|upkeep\n|turn|2\n|\n|t:|1700676378\n|move|p1a: Blaziken|Swords Dance|p1a: Blaziken\n|-boost|p1a: Blaziken|atk|2\n|move|p2a: Ninetales|Pain Split|p1a: Blaziken\n|-sethp|p1a: Blaziken|57\/100|[from] move: Pain Split|[silent]\n|-sethp|p2a: Ninetales|49\/100|[from] move: Pain Split\n|\n|-weather|Snow|[upkeep]\n|-ability|p1a: Blaziken|Speed Boost|boost\n|-boost|p1a: Blaziken|spe|1\n|upkeep\n|turn|3\n|\n|t:|1700676388\n|move|p1a: Blaziken|Flare Blitz|p2a: Ninetales\n|-supereffective|p2a: Ninetales\n|-damage|p2a: Ninetales|0 fnt\n|faint|p2a: Ninetales\n|-damage|p1a: Blaziken|38\/100|[from] Recoil\n|\n|-weather|Snow|[upkeep]\n|-ability|p1a: Blaziken|Speed Boost|boost\n|-boost|p1a: Blaziken|spe|1\n|upkeep\n|\n|t:|1700676392\n|switch|p2a: Feraligatr|Feraligatr, F|100\/100\n|turn|4\n|\n|t:|1700676402\n|move|p1a: Blaziken|Protect|p1a: Blaziken\n|-singleturn|p1a: Blaziken|Protect\n|move|p2a: Feraligatr|Dragon Dance|p2a: Feraligatr\n|-boost|p2a: Feraligatr|atk|1\n|-boost|p2a: Feraligatr|spe|1\n|\n|-weather|Snow|[upkeep]\n|-ability|p1a: Blaziken|Speed Boost|boost\n|-boost|p1a: Blaziken|spe|1\n|upkeep\n|turn|5\n|\n|t:|1700676410\n|move|p1a: Blaziken|Close Combat|p2a: Feraligatr\n|-damage|p2a: Feraligatr|33\/100\n|-unboost|p1a: Blaziken|def|1\n|-unboost|p1a: Blaziken|spd|1\n|move|p2a: Feraligatr|Liquidation|p1a: Blaziken\n|-supereffective|p1a: Blaziken\n|-damage|p1a: Blaziken|0 fnt\n|faint|p1a: Blaziken\n|\n|-weather|Snow|[upkeep]\n|-sideend|p2: Hyeenaa|move: Aurora Veil\n|upkeep\n|\n|t:|1700676423\n|switch|p1a: Swampert|Swampert, F|100\/100\n|turn|6\n|\n|t:|1700676433\n|detailschange|p1a: Swampert|Swampert-Mega, F\n|-mega|p1a: Swampert|Swampert|Swampertite\n|move|p2a: Feraligatr|Crunch|p1a: Swampert\n|-damage|p1a: Swampert|37\/100\n|move|p1a: Swampert|Ice Punch|p2a: Feraligatr\n|-resisted|p2a: Feraligatr\n|-damage|p2a: Feraligatr|18\/100\n|\n|-weather|Snow|[upkeep]\n|upkeep\n|turn|7\n|\n|t:|1700676443\n|move|p2a: Feraligatr|Crunch|p1a: Swampert\n|-damage|p1a: Swampert|0 fnt\n|faint|p1a: Swampert\n|\n|-weather|Snow|[upkeep]\n|upkeep\n|-message|PokemineGamers forfeited.\n|\n|win|Hyeenaa\n|raw|PokemineGamers's rating: 1000 &rarr; <strong>1000<\/strong><br \/>(+0 for losing)\n|raw|Hyeenaa's rating: 1005 &rarr; <strong>1044<\/strong><br \/>(+39 for winning)\n|l|\u2606PokemineGamers\n","uploadtime":1700676461,"views":1,"p1id":"pokeminegamers","p2id":"hyeenaa","formatid":"gen9nationaldex","rating":1000,"private":0,"password":""}