{"id":"gen9nationaldex-1999108286","p1":"shaggysoloo","p2":"HuntixL","format":"[Gen 9] National Dex","log":"|html|<div class=\"broadcast-blue\"><strong>[Gen 9] National Dex is currently suspecting Sneasler! For information on how to participate check out the <a href=\"https:\/\/www.smogon.com\/forums\/threads\/sv-national-dex-suspect-8-just-dance.3731534\/\">suspect thread<\/a>.<\/strong><\/div>\n|j|\u2606shaggysoloo\n|j|\u2606HuntixL\n|t:|1701034002\n|gametype|singles\n|player|p1|shaggysoloo|169|\n|player|p2|HuntixL|erika|\n|teamsize|p1|6\n|teamsize|p2|6\n|gen|9\n|tier|[Gen 9] National Dex\n|rule|HP Percentage Mod: HP is shown in percentages\n|rule|Endless Battle Clause: Forcing endless battles is banned\n|rule|OHKO Clause: OHKO moves are banned\n|rule|Evasion Clause: Evasion abilities, items, and moves are banned\n|rule|Evasion Abilities Clause: Evasion abilities are banned\n|rule|Evasion Items Clause: Evasion items are banned\n|rule|Evasion Moves Clause: Evasion moves are banned\n|rule|Species Clause: Limit one of each Pok\u00e9mon\n|rule|Sleep Clause Mod: Limit one foe put to sleep\n|clearpoke\n|poke|p1|Tyranitar, F|\n|poke|p1|Kingdra, M|\n|poke|p1|Houndoom, M|\n|poke|p1|Granbull, M|\n|poke|p1|Feraligatr, M|\n|poke|p1|Scizor, M|\n|poke|p2|Raichu-Alola, M|\n|poke|p2|Ninetales-Alola, F|\n|poke|p2|Dugtrio-Alola, F|\n|poke|p2|Meowth-Alola, M|\n|poke|p2|Sandslash-Alola, F|\n|poke|p2|Exeggutor-Alola, M|\n|teampreview\n|\n|t:|1701034013\n|start\n|switch|p1a: Granbull|Granbull, M|100\/100\n|switch|p2a: Meowth|Meowth-Alola, M|100\/100\n|-ability|p1a: Granbull|Intimidate|boost\n|-unboost|p2a: Meowth|atk|1\n|-ability|p2a: Meowth|Rattled|boost\n|-boost|p2a: Meowth|spe|1\n|turn|1\n|\n|t:|1701034073\n|-terastallize|p1a: Granbull|Fairy\n|move|p2a: Meowth|Nasty Plot|p2a: Meowth\n|-boost|p2a: Meowth|spa|2\n|move|p1a: Granbull|Dazzling Gleam|p2a: Meowth\n|-supereffective|p2a: Meowth\n|-damage|p2a: Meowth|0 fnt\n|faint|p2a: Meowth\n|\n|upkeep\n|\n|t:|1701034096\n|switch|p2a: Exeggutor|Exeggutor-Alola, M|100\/100\n|turn|2\n|\n|t:|1701034099\n|move|p1a: Granbull|Dazzling Gleam|p2a: Exeggutor\n|-supereffective|p2a: Exeggutor\n|-damage|p2a: Exeggutor|43\/100\n|move|p2a: Exeggutor|Breaking Swipe|p1a: Granbull\n|-immune|p1a: Granbull\n|\n|-heal|p2a: Exeggutor|49\/100|[from] item: Leftovers\n|upkeep\n|turn|3\n|\n|t:|1701034142\n|switch|p2a: Sandslash|Sandslash-Alola, F|100\/100\n|move|p1a: Granbull|Dazzling Gleam|p2a: Sandslash\n|-resisted|p2a: Sandslash\n|-damage|p2a: Sandslash|80\/100\n|\n|-heal|p2a: Sandslash|86\/100|[from] item: Leftovers\n|upkeep\n|turn|4\n|\n|t:|1701034155\n|switch|p1a: Houndoom|Houndoom, M|100\/100\n|-singleturn|p2a: Sandslash|move: Focus Punch\n|move|p2a: Sandslash|Focus Punch|p1a: Houndoom\n|-supereffective|p1a: Houndoom\n|-damage|p1a: Houndoom|2\/100\n|\n|-heal|p2a: Sandslash|92\/100|[from] item: Leftovers\n|upkeep\n|turn|5\n|\n|t:|1701034177\n|move|p1a: Houndoom|Fire Blast|p2a: Sandslash\n|-supereffective|p2a: Sandslash\n|-damage|p2a: Sandslash|0 fnt\n|faint|p2a: Sandslash\n|\n|upkeep\n|\n|t:|1701034185\n|switch|p2a: Dugtrio|Dugtrio-Alola, F|100\/100\n|turn|6\n|\n|t:|1701034191\n|move|p1a: Houndoom|Iron Tail|p2a: Dugtrio\n|-resisted|p2a: Dugtrio\n|-damage|p2a: Dugtrio|77\/100\n|-unboost|p2a: Dugtrio|def|1\n|-ability|p2a: Dugtrio|Tangling Hair\n|-unboost|p1a: Houndoom|spe|1\n|move|p2a: Dugtrio|Stone Edge|p1a: Houndoom|[miss]\n|-miss|p2a: Dugtrio|p1a: Houndoom\n|\n|-heal|p2a: Dugtrio|83\/100|[from] item: Leftovers\n|upkeep\n|turn|7\n|\n|t:|1701034205\n|move|p2a: Dugtrio|Body Slam|p1a: Houndoom\n|-damage|p1a: Houndoom|0 fnt\n|faint|p1a: Houndoom\n|\n|-heal|p2a: Dugtrio|89\/100|[from] item: Leftovers\n|upkeep\n|\n|t:|1701034213\n|switch|p1a: Feraligatr|Feraligatr, M|100\/100\n|turn|8\n|\n|t:|1701034254\n|move|p2a: Dugtrio|Iron Head|p1a: Feraligatr\n|-resisted|p1a: Feraligatr\n|-damage|p1a: Feraligatr|88\/100\n|cant|p1a: Feraligatr|flinch\n|\n|-heal|p2a: Dugtrio|95\/100|[from] item: Leftovers\n|upkeep\n|turn|9\n|\n|t:|1701034262\n|switch|p2a: Ninetales|Ninetales-Alola, F|100\/100\n|-weather|Snow|[from] ability: Snow Warning|[of] p2a: Ninetales\n|move|p1a: Feraligatr|Ancient Power|p2a: Ninetales\n|-supereffective|p2a: Ninetales\n|-damage|p2a: Ninetales|60\/100\n|-damage|p1a: Feraligatr|78\/100|[from] item: Life Orb\n|\n|-weather|Snow|[upkeep]\n|upkeep\n|turn|10\n|\n|t:|1701034279\n|move|p2a: Ninetales|Ice Beam|p1a: Feraligatr\n|-resisted|p1a: Feraligatr\n|-damage|p1a: Feraligatr|60\/100\n|-damage|p2a: Ninetales|50\/100|[from] item: Life Orb\n|move|p1a: Feraligatr|Earthquake|p2a: Ninetales\n|-damage|p2a: Ninetales|22\/100\n|-damage|p1a: Feraligatr|50\/100|[from] item: Life Orb\n|\n|-weather|Snow|[upkeep]\n|upkeep\n|turn|11\n|\n|t:|1701034320\n|switch|p2a: Raichu|Raichu-Alola, M|100\/100\n|move|p1a: Feraligatr|Blizzard|p2a: Raichu\n|-damage|p2a: Raichu|61\/100\n|-damage|p1a: Feraligatr|41\/100|[from] item: Life Orb\n|\n|-weather|Snow|[upkeep]\n|upkeep\n|turn|12\n|\n|t:|1701034335\n|move|p2a: Raichu|Discharge|p1a: Feraligatr\n|-supereffective|p1a: Feraligatr\n|-damage|p1a: Feraligatr|0 fnt\n|faint|p1a: Feraligatr\n|\n|-weather|Snow|[upkeep]\n|upkeep\n|\n|t:|1701034340\n|switch|p1a: Granbull|Granbull, M, tera:Fairy|100\/100\n|-ability|p1a: Granbull|Intimidate|boost\n|-unboost|p2a: Raichu|atk|1\n|turn|13\n|\n|t:|1701034359\n|move|p2a: Raichu|Discharge|p1a: Granbull\n|-damage|p1a: Granbull|63\/100\n|-status|p1a: Granbull|par\n|move|p1a: Granbull|Play Rough|p2a: Raichu\n|-damage|p2a: Raichu|0 fnt\n|faint|p2a: Raichu\n|\n|-weather|none\n|upkeep\n|\n|t:|1701034393\n|switch|p2a: Dugtrio|Dugtrio-Alola, F|95\/100\n|turn|14\n|\n|t:|1701034419\n|switch|p1a: Tyranitar|Tyranitar, F|100\/100\n|-weather|Sandstorm|[from] ability: Sand Stream|[of] p1a: Tyranitar\n|move|p2a: Dugtrio|Iron Head|p1a: Tyranitar\n|-supereffective|p1a: Tyranitar\n|-damage|p1a: Tyranitar|58\/100\n|\n|-weather|Sandstorm|[upkeep]\n|-heal|p2a: Dugtrio|100\/100|[from] item: Leftovers\n|upkeep\n|turn|15\n|\n|t:|1701034447\n|detailschange|p1a: Tyranitar|Tyranitar-Mega, F\n|-mega|p1a: Tyranitar|Tyranitar|Tyranitarite\n|move|p2a: Dugtrio|Iron Head|p1a: Tyranitar\n|-supereffective|p1a: Tyranitar\n|-damage|p1a: Tyranitar|27\/100\n|cant|p1a: Tyranitar|flinch\n|\n|-weather|Sandstorm|[upkeep]\n|upkeep\n|turn|16\n|\n|t:|1701034459\n|move|p2a: Dugtrio|Iron Head|p1a: Tyranitar\n|-supereffective|p1a: Tyranitar\n|-damage|p1a: Tyranitar|0 fnt\n|faint|p1a: Tyranitar\n|\n|-weather|Sandstorm|[upkeep]\n|upkeep\n|\n|t:|1701034468\n|switch|p1a: Granbull|Granbull, M, tera:Fairy|63\/100 par\n|-ability|p1a: Granbull|Intimidate|boost\n|-unboost|p2a: Dugtrio|atk|1\n|turn|17\n|\n|t:|1701034482\n|move|p2a: Dugtrio|Iron Head|p1a: Granbull\n|-supereffective|p1a: Granbull\n|-damage|p1a: Granbull|25\/100 par\n|move|p1a: Granbull|Fire Blast|p2a: Dugtrio|[miss]\n|-miss|p1a: Granbull|p2a: Dugtrio\n|\n|-weather|Sandstorm|[upkeep]\n|-damage|p1a: Granbull|19\/100 par|[from] Sandstorm\n|upkeep\n|turn|18\n|\n|t:|1701034492\n|move|p2a: Dugtrio|Iron Head|p1a: Granbull\n|-supereffective|p1a: Granbull\n|-damage|p1a: Granbull|0 fnt\n|faint|p1a: Granbull\n|\n|-weather|none\n|upkeep\n|\n|t:|1701034498\n|switch|p1a: Scizor|Scizor, M, shiny|100\/100\n|turn|19\n|\n|t:|1701034520\n|move|p2a: Dugtrio|Stone Edge|p1a: Scizor|[miss]\n|-miss|p2a: Dugtrio|p1a: Scizor\n|move|p1a: Scizor|Close Combat|p2a: Dugtrio\n|-supereffective|p2a: Dugtrio\n|-damage|p2a: Dugtrio|0 fnt\n|-unboost|p1a: Scizor|def|1\n|-unboost|p1a: Scizor|spd|1\n|-ability|p2a: Dugtrio|Tangling Hair\n|-unboost|p1a: Scizor|spe|1\n|faint|p2a: Dugtrio\n|\n|upkeep\n|\n|t:|1701034551\n|switch|p2a: Exeggutor|Exeggutor-Alola, M|49\/100\n|turn|20\n|\n|t:|1701034561\n|move|p2a: Exeggutor|Breaking Swipe|p1a: Scizor\n|-resisted|p1a: Scizor\n|-damage|p1a: Scizor|86\/100\n|-unboost|p1a: Scizor|atk|1\n|move|p1a: Scizor|Air Slash|p2a: Exeggutor\n|-supereffective|p2a: Exeggutor\n|-damage|p2a: Exeggutor|23\/100\n|\n|-heal|p2a: Exeggutor|29\/100|[from] item: Leftovers\n|upkeep\n|turn|21\n|\n|t:|1701034575\n|switch|p1a: Kingdra|Kingdra, M, shiny|100\/100\n|move|p2a: Exeggutor|Leaf Storm|p1a: Kingdra|[miss]\n|-miss|p2a: Exeggutor|p1a: Kingdra\n|\n|-heal|p2a: Exeggutor|35\/100|[from] item: Leftovers\n|upkeep\n|turn|22\n|\n|t:|1701034584\n|switch|p2a: Ninetales|Ninetales-Alola, F|22\/100\n|-weather|Snow|[from] ability: Snow Warning|[of] p2a: Ninetales\n|move|p1a: Kingdra|Draco Meteor|p2a: Ninetales\n|-immune|p2a: Ninetales\n|\n|-weather|Snow|[upkeep]\n|upkeep\n|turn|23\n|\n|t:|1701034595\n|move|p2a: Ninetales|Icicle Spear|p1a: Kingdra\n|-damage|p1a: Kingdra|90\/100\n|-damage|p1a: Kingdra|79\/100\n|-damage|p1a: Kingdra|67\/100\n|-hitcount|p1a: Kingdra|3\n|-damage|p2a: Ninetales|12\/100|[from] item: Life Orb\n|move|p1a: Kingdra|Clear Smog|p2a: Ninetales\n|-supereffective|p2a: Ninetales\n|-damage|p2a: Ninetales|0 fnt\n|-clearboost|p2a: Ninetales\n|faint|p2a: Ninetales\n|\n|-weather|Snow|[upkeep]\n|upkeep\n|\n|t:|1701034607\n|switch|p2a: Exeggutor|Exeggutor-Alola, M|35\/100\n|turn|24\n|\n|t:|1701034610\n|move|p1a: Kingdra|Draco Meteor|p2a: Exeggutor\n|-supereffective|p2a: Exeggutor\n|-damage|p2a: Exeggutor|0 fnt\n|-unboost|p1a: Kingdra|spa|2\n|faint|p2a: Exeggutor\n|\n|win|shaggysoloo\n|l|\u2606HuntixL\n","uploadtime":1701034627,"views":26,"p1id":"shaggysoloo","p2id":"huntixl","formatid":"gen9nationaldex","rating":0,"private":0,"password":""}