{"id":"gen9nationaldex-1987370074","p1":"Danwine","p2":"Arlo Ghost","format":"[Gen 9] National Dex","log":"|j|\u2606Danwine\n|j|\u2606Arlo Ghost\n|t:|1699582808\n|gametype|singles\n|player|p1|Danwine|brycen|\n|player|p2|Arlo Ghost|mars|\n|teamsize|p1|6\n|teamsize|p2|6\n|gen|9\n|tier|[Gen 9] National Dex\n|rule|HP Percentage Mod: HP is shown in percentages\n|rule|Endless Battle Clause: Forcing endless battles is banned\n|rule|OHKO Clause: OHKO moves are banned\n|rule|Evasion Clause: Evasion abilities, items, and moves are banned\n|rule|Evasion Abilities Clause: Evasion abilities are banned\n|rule|Evasion Items Clause: Evasion items are banned\n|rule|Evasion Moves Clause: Evasion moves are banned\n|rule|Species Clause: Limit one of each Pok\u00e9mon\n|rule|Sleep Clause Mod: Limit one foe put to sleep\n|clearpoke\n|poke|p1|Clodsire, M|\n|poke|p1|Pelipper, F|\n|poke|p1|Volcarona, M|\n|poke|p1|Bellibolt, F|\n|poke|p1|Sinistcha-Masterpiece|\n|poke|p1|Ninetales-Alola, M|\n|poke|p2|Mandibuzz, F|\n|poke|p2|Greninja-*, M|\n|poke|p2|Tyranitar, M|\n|poke|p2|Muk-Alola, M|\n|poke|p2|Grimmsnarl, M|\n|poke|p2|Hydreigon, M|\n|teampreview\n|j| WSoldat\n|j| Sylveon(404)\n|c| Sylveon(404)|paliza\n|c| Sylveon(404)|se viene\n|c| WSoldat|Dale con la silla arlo\n|c| Sylveon(404)|esoo\n|c|\u2606Arlo Ghost|https:\/\/www.youtube.com\/watch?v=Gb6wU5dsATY\n|c|\u2606Arlo Ghost|suerte\n|\n|t:|1699582884\n|start\n|switch|p1a: Ninetales|Ninetales-Alola, M|100\/100\n|switch|p2a: El Cumbia Ninja|Greninja, M|100\/100\n|-weather|Snow|[from] ability: Snow Warning|[of] p1a: Ninetales\n|turn|1\n|c|\u2606Danwine|Ya me dieron miedo\n|\n|t:|1699582894\n|move|p2a: El Cumbia Ninja|Gunk Shot|p1a: Ninetales\n|-start|p2a: El Cumbia Ninja|typechange|Poison|[from] ability: Protean\n|-supereffective|p1a: Ninetales\n|-damage|p1a: Ninetales|12\/100\n|move|p1a: Ninetales|Moonblast|p2a: El Cumbia Ninja\n|-resisted|p2a: El Cumbia Ninja\n|-damage|p2a: El Cumbia Ninja|73\/100\n|\n|-weather|Snow|[upkeep]\n|upkeep\n|turn|2\n|\n|t:|1699582906\n|move|p2a: El Cumbia Ninja|Gunk Shot|p1a: Ninetales\n|-supereffective|p1a: Ninetales\n|-damage|p1a: Ninetales|0 fnt\n|faint|p1a: Ninetales\n|\n|-weather|Snow|[upkeep]\n|upkeep\n|c|\u2606Danwine|Mi baxcalibur ten\u00eda terremoto pipipi\n|\n|t:|1699582932\n|switch|p1a: Clodsire|Clodsire, M|100\/100\n|turn|3\n|c|\u2606Arlo Ghost|y yo ten\u00eda un mandibuz\n|\n|t:|1699582939\n|switch|p2a: Sherkemo|Grimmsnarl, M|100\/100\n|move|p1a: Clodsire|Curse|p1a: Clodsire\n|-unboost|p1a: Clodsire|spe|1\n|-boost|p1a: Clodsire|atk|1\n|-boost|p1a: Clodsire|def|1\n|\n|-weather|Snow|[upkeep]\n|upkeep\n|turn|4\n|\n|t:|1699582948\n|move|p2a: Sherkemo|Reflect|p2a: Sherkemo\n|-sidestart|p2: Arlo Ghost|Reflect\n|move|p1a: Clodsire|Gunk Shot|p2a: Sherkemo\n|-supereffective|p2a: Sherkemo\n|-damage|p2a: Sherkemo|51\/100\n|\n|-weather|Snow|[upkeep]\n|upkeep\n|turn|5\n|\n|t:|1699582956\n|move|p2a: Sherkemo|Light Screen|p2a: Sherkemo\n|-sidestart|p2: Arlo Ghost|move: Light Screen\n|move|p1a: Clodsire|Curse|p1a: Clodsire\n|-unboost|p1a: Clodsire|spe|1\n|-boost|p1a: Clodsire|atk|1\n|-boost|p1a: Clodsire|def|1\n|\n|-weather|none\n|upkeep\n|turn|6\n|\n|t:|1699582968\n|move|p2a: Sherkemo|Parting Shot|p1a: Clodsire\n|-unboost|p1a: Clodsire|atk|1\n|-unboost|p1a: Clodsire|spa|1\n|\n|t:|1699582971\n|switch|p2a: Hydrarlo|Hydreigon, M|100\/100|[from] Parting Shot\n|move|p1a: Clodsire|Gunk Shot|p2a: Hydrarlo\n|-damage|p2a: Hydrarlo|75\/100\n|\n|-heal|p2a: Hydrarlo|81\/100|[from] item: Leftovers\n|upkeep\n|turn|7\n|\n|t:|1699582981\n|-terastallize|p2a: Hydrarlo|Steel\n|move|p2a: Hydrarlo|Substitute|p2a: Hydrarlo\n|-start|p2a: Hydrarlo|Substitute\n|-damage|p2a: Hydrarlo|56\/100\n|move|p1a: Clodsire|Gunk Shot|p2a: Hydrarlo\n|-immune|p2a: Hydrarlo\n|\n|-heal|p2a: Hydrarlo|62\/100|[from] item: Leftovers\n|upkeep\n|turn|8\n|\n|t:|1699582993\n|switch|p1a: Volcarona|Volcarona, M, shiny|100\/100\n|move|p2a: Hydrarlo|Nasty Plot|p2a: Hydrarlo\n|-boost|p2a: Hydrarlo|spa|2\n|\n|-heal|p2a: Hydrarlo|68\/100|[from] item: Leftovers\n|upkeep\n|turn|9\n|\n|t:|1699583003\n|move|p2a: Hydrarlo|Flash Cannon|p1a: Volcarona\n|-resisted|p1a: Volcarona\n|-damage|p1a: Volcarona|68\/100\n|move|p1a: Volcarona|Quiver Dance|p1a: Volcarona\n|-boost|p1a: Volcarona|spa|1\n|-boost|p1a: Volcarona|spd|1\n|-boost|p1a: Volcarona|spe|1\n|\n|-heal|p2a: Hydrarlo|75\/100|[from] item: Leftovers\n|upkeep\n|turn|10\n|\n|t:|1699583012\n|switch|p2a: Rockzilla|Tyranitar, M, shiny|100\/100\n|-weather|Sandstorm|[from] ability: Sand Stream|[of] p2a: Rockzilla\n|move|p1a: Volcarona|Fiery Dance|p2a: Rockzilla\n|-resisted|p2a: Rockzilla\n|-damage|p2a: Rockzilla|92\/100\n|\n|-weather|Sandstorm|[upkeep]\n|-damage|p1a: Volcarona|61\/100|[from] Sandstorm\n|upkeep\n|turn|11\n|\n|t:|1699583023\n|-terastallize|p1a: Volcarona|Grass\n|move|p1a: Volcarona|Giga Drain|p2a: Rockzilla\n|-supereffective|p2a: Rockzilla\n|-damage|p2a: Rockzilla|55\/100\n|-heal|p1a: Volcarona|80\/100|[from] drain|[of] p2a: Rockzilla\n|move|p2a: Rockzilla|Rock Slide|p1a: Volcarona\n|-damage|p1a: Volcarona|33\/100\n|\n|-weather|Sandstorm|[upkeep]\n|-damage|p1a: Volcarona|27\/100|[from] Sandstorm\n|-sideend|p2: Arlo Ghost|Reflect\n|upkeep\n|turn|12\n|\n|t:|1699583036\n|detailschange|p2a: Rockzilla|Tyranitar-Mega, M, shiny\n|-mega|p2a: Rockzilla|Tyranitar|Tyranitarite\n|move|p1a: Volcarona|Giga Drain|p2a: Rockzilla\n|-supereffective|p2a: Rockzilla\n|-damage|p2a: Rockzilla|24\/100\n|-heal|p1a: Volcarona|42\/100|[from] drain|[of] p2a: Rockzilla\n|move|p2a: Rockzilla|Fire Punch|p1a: Volcarona\n|-supereffective|p1a: Volcarona\n|-damage|p1a: Volcarona|0 fnt\n|faint|p1a: Volcarona\n|\n|-weather|Sandstorm|[upkeep]\n|-sideend|p2: Arlo Ghost|move: Light Screen\n|upkeep\n|\n|t:|1699583049\n|switch|p1a: Sinistcha|Sinistcha-Masterpiece, shiny|100\/100\n|turn|13\n|\n|t:|1699583052\n|move|p2a: Rockzilla|Fire Punch|p1a: Sinistcha\n|-supereffective|p1a: Sinistcha\n|-damage|p1a: Sinistcha|76\/100\n|move|p1a: Sinistcha|Matcha Gotcha|p2a: Rockzilla|[miss]\n|-miss|p1a: Sinistcha|p2a: Rockzilla\n|\n|-weather|Sandstorm|[upkeep]\n|-damage|p1a: Sinistcha|70\/100|[from] Sandstorm\n|-heal|p1a: Sinistcha|76\/100|[from] item: Leftovers\n|upkeep\n|turn|14\n|\n|t:|1699583062\n|move|p2a: Rockzilla|Fire Punch|p1a: Sinistcha\n|-supereffective|p1a: Sinistcha\n|-damage|p1a: Sinistcha|51\/100\n|move|p1a: Sinistcha|Matcha Gotcha|p2a: Rockzilla\n|-supereffective|p2a: Rockzilla\n|-damage|p2a: Rockzilla|0 fnt\n|-heal|p1a: Sinistcha|64\/100|[from] drain|[of] p2a: Rockzilla\n|faint|p2a: Rockzilla\n|\n|-weather|none\n|-heal|p1a: Sinistcha|70\/100|[from] item: Leftovers\n|upkeep\n|\n|t:|1699583066\n|switch|p2a: Marijuano|Muk-Alola, M|100\/100\n|turn|15\n|c|\u2606Danwine|Por qu\u00e9 cambian tanto de Pok\u00e9mon\n|\n|t:|1699583086\n|switch|p1a: Clodsire|Clodsire, M|100\/100\n|move|p2a: Marijuano|Knock Off|p1a: Clodsire\n|-damage|p1a: Clodsire|64\/100\n|-enditem|p1a: Clodsire|Black Sludge|[from] move: Knock Off|[of] p2a: Marijuano\n|\n|upkeep\n|turn|16\n|c|\u2606Arlo Ghost|por que podemos\n|c| Sylveon(404)|guion\n|\n|t:|1699583094\n|switch|p2a: Hydrarlo|Hydreigon, M, tera:Steel|75\/100\n|move|p1a: Clodsire|Curse|p1a: Clodsire\n|-unboost|p1a: Clodsire|spe|1\n|-boost|p1a: Clodsire|atk|1\n|-boost|p1a: Clodsire|def|1\n|\n|-heal|p2a: Hydrarlo|81\/100|[from] item: Leftovers\n|upkeep\n|turn|17\n|\n|t:|1699583103\n|switch|p1a: Pelipper|Pelipper, F, shiny|100\/100\n|-weather|RainDance|[from] ability: Drizzle|[of] p1a: Pelipper\n|move|p2a: Hydrarlo|Substitute|p2a: Hydrarlo\n|-start|p2a: Hydrarlo|Substitute\n|-damage|p2a: Hydrarlo|56\/100\n|\n|-weather|RainDance|[upkeep]\n|-heal|p2a: Hydrarlo|62\/100|[from] item: Leftovers\n|upkeep\n|turn|18\n|\n|t:|1699583114\n|move|p2a: Hydrarlo|Dark Pulse|p1a: Pelipper\n|-damage|p1a: Pelipper|44\/100\n|move|p1a: Pelipper|Scald|p2a: Hydrarlo\n|-end|p2a: Hydrarlo|Substitute\n|\n|-weather|RainDance|[upkeep]\n|-heal|p2a: Hydrarlo|68\/100|[from] item: Leftovers\n|upkeep\n|turn|19\n|\n|t:|1699583124\n|move|p2a: Hydrarlo|Dark Pulse|p1a: Pelipper\n|-damage|p1a: Pelipper|0 fnt\n|faint|p1a: Pelipper\n|\n|-weather|RainDance|[upkeep]\n|-heal|p2a: Hydrarlo|75\/100|[from] item: Leftovers\n|upkeep\n|c| Sylveon(404)|arlo mode rage\n|\n|t:|1699583131\n|switch|p1a: Bellibolt|Bellibolt, F|100\/100\n|turn|20\n|c|\u2606Arlo Ghost|por el bien de un nuevo universo\n|c|\u2606Arlo Ghost|viva el equipo galaxia\n|\n|t:|1699583149\n|switch|p2a: Marijuano|Muk-Alola, M|100\/100\n|move|p1a: Bellibolt|Thunderbolt|p2a: Marijuano\n|-damage|p2a: Marijuano|82\/100\n|\n|-weather|RainDance|[upkeep]\n|upkeep\n|turn|21\n|\n|t:|1699583157\n|move|p1a: Bellibolt|Thunder Wave|p2a: Marijuano\n|-status|p2a: Marijuano|par\n|move|p2a: Marijuano|Knock Off|p1a: Bellibolt\n|-damage|p1a: Bellibolt|66\/100\n|-start|p1a: Bellibolt|Charge|Knock Off|[from] ability: Electromorphosis\n|-enditem|p1a: Bellibolt|Leftovers|[from] move: Knock Off|[of] p2a: Marijuano\n|\n|-weather|none\n|upkeep\n|turn|22\n|\n|t:|1699583167\n|move|p1a: Bellibolt|Muddy Water|p2a: Marijuano\n|-damage|p2a: Marijuano|71\/100 par\n|move|p2a: Marijuano|Poison Jab|p1a: Bellibolt\n|-damage|p1a: Bellibolt|36\/100\n|-start|p1a: Bellibolt|Charge|Poison Jab|[from] ability: Electromorphosis\n|\n|upkeep\n|turn|23\n|\n|t:|1699583174\n|move|p1a: Bellibolt|Muddy Water|p2a: Marijuano\n|-damage|p2a: Marijuano|58\/100 par\n|cant|p2a: Marijuano|par\n|\n|upkeep\n|turn|24\n|\n|t:|1699583180\n|move|p1a: Bellibolt|Muddy Water|p2a: Marijuano|[miss]\n|-miss|p1a: Bellibolt|p2a: Marijuano\n|move|p2a: Marijuano|Poison Jab|p1a: Bellibolt\n|-damage|p1a: Bellibolt|6\/100\n|-start|p1a: Bellibolt|Charge|Poison Jab|[from] ability: Electromorphosis\n|\n|upkeep\n|turn|25\n|\n|t:|1699583188\n|cant|p2a: Marijuano|par\n|move|p1a: Bellibolt|Slack Off|p1a: Bellibolt\n|-heal|p1a: Bellibolt|56\/100\n|\n|upkeep\n|turn|26\n|\n|t:|1699583193\n|move|p1a: Bellibolt|Slack Off|p1a: Bellibolt\n|-heal|p1a: Bellibolt|100\/100\n|move|p2a: Marijuano|Poison Jab|p1a: Bellibolt\n|-crit|p1a: Bellibolt\n|-damage|p1a: Bellibolt|60\/100\n|-start|p1a: Bellibolt|Charge|Poison Jab|[from] ability: Electromorphosis\n|\n|upkeep\n|turn|27\n|\n|t:|1699583204\n|move|p1a: Bellibolt|Muddy Water|p2a: Marijuano|[miss]\n|-miss|p1a: Bellibolt|p2a: Marijuano\n|cant|p2a: Marijuano|par\n|\n|upkeep\n|turn|28\n|\n|t:|1699583209\n|move|p1a: Bellibolt|Muddy Water|p2a: Marijuano\n|-damage|p2a: Marijuano|46\/100 par\n|move|p2a: Marijuano|Poison Jab|p1a: Bellibolt\n|-damage|p1a: Bellibolt|29\/100\n|-status|p1a: Bellibolt|psn\n|-start|p1a: Bellibolt|Charge|Poison Jab|[from] ability: Electromorphosis\n|\n|-damage|p1a: Bellibolt|17\/100 psn|[from] psn\n|upkeep\n|turn|29\n|\n|t:|1699583220\n|move|p1a: Bellibolt|Thunderbolt|p2a: Marijuano\n|-damage|p2a: Marijuano|11\/100 par\n|-end|p1a: Bellibolt|Charge|[silent]\n|cant|p2a: Marijuano|par\n|\n|-damage|p1a: Bellibolt|4\/100 psn|[from] psn\n|upkeep\n|turn|30\n|\n|t:|1699583228\n|cant|p2a: Marijuano|par\n|move|p1a: Bellibolt|Thunderbolt|p2a: Marijuano\n|-damage|p2a: Marijuano|0 fnt\n|faint|p2a: Marijuano\n|\n|-damage|p1a: Bellibolt|0 fnt|[from] psn\n|faint|p1a: Bellibolt\n|upkeep\n|\n|t:|1699583237\n|switch|p1a: Clodsire|Clodsire, M|64\/100\n|switch|p2a: Hydrarlo|Hydreigon, M, tera:Steel|75\/100\n|turn|31\n|\n|t:|1699583248\n|move|p2a: Hydrarlo|Substitute|p2a: Hydrarlo\n|-start|p2a: Hydrarlo|Substitute\n|-damage|p2a: Hydrarlo|50\/100\n|move|p1a: Clodsire|Recover|p1a: Clodsire\n|-heal|p1a: Clodsire|100\/100\n|\n|-heal|p2a: Hydrarlo|56\/100|[from] item: Leftovers\n|upkeep\n|turn|32\n|\n|t:|1699583258\n|switch|p1a: Sinistcha|Sinistcha-Masterpiece, shiny|70\/100\n|move|p2a: Hydrarlo|Nasty Plot|p2a: Hydrarlo\n|-boost|p2a: Hydrarlo|spa|2\n|\n|-heal|p2a: Hydrarlo|62\/100|[from] item: Leftovers\n|-heal|p1a: Sinistcha|76\/100|[from] item: Leftovers\n|upkeep\n|turn|33\n|c|\u2606Danwine|Na buena partida\n|-message|Danwine forfeited.\n|\n|win|Arlo Ghost\n|l|\u2606Danwine\n|c|\u2606Arlo Ghost|juego, set y partido\n|l| WSoldat\n","uploadtime":1699583285,"views":5,"p1id":"danwine","p2id":"arloghost","formatid":"gen9nationaldex","rating":0,"private":0,"password":""}