{"id":"gen9nationaldex-1989272708","p1":"Aragmar","p2":"Brick_Enjoyer_144","format":"[Gen 9] National Dex","log":"|j|\u2606Aragmar\n|j|\u2606Brick_Enjoyer_144\n|t:|1699830460\n|gametype|singles\n|player|p1|Aragmar|red|1183\n|player|p2|Brick_Enjoyer_144|shauntal|1095\n|teamsize|p1|6\n|teamsize|p2|6\n|gen|9\n|tier|[Gen 9] National Dex\n|rated|\n|rule|HP Percentage Mod: HP is shown in percentages\n|rule|Endless Battle Clause: Forcing endless battles is banned\n|rule|OHKO Clause: OHKO moves are banned\n|rule|Evasion Clause: Evasion abilities, items, and moves are banned\n|rule|Evasion Abilities Clause: Evasion abilities are banned\n|rule|Evasion Items Clause: Evasion items are banned\n|rule|Evasion Moves Clause: Evasion moves are banned\n|rule|Species Clause: Limit one of each Pok\u00e9mon\n|rule|Sleep Clause Mod: Limit one foe put to sleep\n|clearpoke\n|poke|p1|Glimmora, M|\n|poke|p1|Haunter, M|\n|poke|p1|Sneasler, M|\n|poke|p1|Iron Moth|\n|poke|p1|Aggron, M|\n|poke|p1|Landorus-Therian, M|\n|poke|p2|Iron Valiant|\n|poke|p2|Medicham, F|\n|poke|p2|Durant, F|\n|poke|p2|Urshifu-*, F|\n|poke|p2|Hydreigon, F|\n|poke|p2|Maushold|\n|teampreview\n|inactive|Battle timer is ON: inactive players will automatically lose when time's up. (requested by Brick_Enjoyer_144)\n|\n|t:|1699830468\n|start\n|switch|p1a: Glimmora|Glimmora, M|100\/100\n|switch|p2a: Durant|Durant, F|100\/100\n|turn|1\n|\n|t:|1699830476\n|move|p2a: Durant|Hone Claws|p2a: Durant\n|-boost|p2a: Durant|atk|1\n|-boost|p2a: Durant|accuracy|1\n|move|p1a: Glimmora|Spikes|p2a: Durant\n|-sidestart|p2: Brick_Enjoyer_144|Spikes\n|\n|upkeep\n|turn|2\n|c|\u2606Aragmar|Rykard set\n|\n|t:|1699830489\n|move|p1a: Glimmora|Spiky Shield|p1a: Glimmora\n|-singleturn|p1a: Glimmora|move: Protect\n|move|p2a: Durant|Iron Head|p1a: Glimmora\n|-activate|p1a: Glimmora|move: Protect\n|-damage|p2a: Durant|88\/100|[from] Spiky Shield|[of] p1a: Glimmora\n|\n|upkeep\n|turn|3\n|\n|t:|1699830496\n|move|p2a: Durant|Iron Head|p1a: Glimmora\n|-supereffective|p1a: Glimmora\n|-enditem|p1a: Glimmora|Focus Sash\n|-damage|p1a: Glimmora|1\/100\n|-activate|p1a: Glimmora|ability: Toxic Debris\n|-sidestart|p2: Brick_Enjoyer_144|move: Toxic Spikes\n|move|p1a: Glimmora|Spikes|p2a: Durant\n|-sidestart|p2: Brick_Enjoyer_144|Spikes\n|\n|upkeep\n|turn|4\n|\n|t:|1699830506\n|move|p1a: Glimmora|Spiky Shield|p1a: Glimmora\n|-singleturn|p1a: Glimmora|move: Protect\n|move|p2a: Durant|Iron Head|p1a: Glimmora\n|-activate|p1a: Glimmora|move: Protect\n|-damage|p2a: Durant|76\/100|[from] Spiky Shield|[of] p1a: Glimmora\n|\n|upkeep\n|turn|5\n|\n|t:|1699830514\n|move|p2a: Durant|Iron Head|p1a: Glimmora\n|-supereffective|p1a: Glimmora\n|-damage|p1a: Glimmora|0 fnt\n|-activate|p1a: Glimmora|ability: Toxic Debris\n|-sidestart|p2: Brick_Enjoyer_144|move: Toxic Spikes\n|faint|p1a: Glimmora\n|\n|upkeep\n|\n|t:|1699830523\n|switch|p1a: Iron Moth|Iron Moth|100\/100\n|turn|6\n|\n|t:|1699830526\n|move|p1a: Iron Moth|Fiery Dance|p2a: Durant\n|-supereffective|p2a: Durant\n|-damage|p2a: Durant|0 fnt\n|faint|p2a: Durant\n|\n|upkeep\n|\n|t:|1699830535\n|switch|p2a: Maushold|Maushold|100\/100\n|-damage|p2a: Maushold|84\/100|[from] Spikes\n|-status|p2a: Maushold|tox\n|turn|7\n|\n|t:|1699830541\n|move|p2a: Maushold|Tidy Up|p2a: Maushold\n|-sideend|p2: Brick_Enjoyer_144|Spikes\n|-sideend|p2: Brick_Enjoyer_144|Toxic Spikes\n|-activate|p2a: Maushold|move: Tidy Up\n|-boost|p2a: Maushold|atk|1\n|-boost|p2a: Maushold|spe|1\n|move|p1a: Iron Moth|Fiery Dance|p2a: Maushold\n|-damage|p2a: Maushold|0 fnt\n|faint|p2a: Maushold\n|\n|upkeep\n|\n|t:|1699830556\n|switch|p2a: Hydreigon|Hydreigon, F|100\/100\n|turn|8\n|\n|t:|1699830564\n|-end|p1a: Iron Moth|Quark Drive|[silent]\n|switch|p1a: Landorus|Landorus-Therian, M|100\/100\n|-ability|p1a: Landorus|Intimidate|boost\n|-unboost|p2a: Hydreigon|atk|1\n|move|p2a: Hydreigon|Earth Power|p1a: Landorus\n|-immune|p1a: Landorus\n|\n|upkeep\n|turn|9\n|\n|t:|1699830578\n|switch|p2a: Urshifu|Urshifu-Rapid-Strike, F|100\/100\n|move|p1a: Landorus|Toxic|p2a: Urshifu\n|-status|p2a: Urshifu|tox\n|\n|-damage|p2a: Urshifu|94\/100 tox|[from] psn\n|upkeep\n|turn|10\n|\n|t:|1699830588\n|switch|p1a: Haunter|Haunter, M|100\/100\n|move|p2a: Urshifu|Ice Spinner|p1a: Haunter\n|-damage|p1a: Haunter|52\/100\n|\n|-damage|p2a: Urshifu|82\/100 tox|[from] psn\n|upkeep\n|turn|11\n|\n|t:|1699830597\n|move|p2a: Urshifu|Surging Strikes|p1a: Haunter\n|-crit|p1a: Haunter\n|-damage|p1a: Haunter|19\/100\n|-crit|p1a: Haunter\n|-damage|p1a: Haunter|0 fnt\n|faint|p1a: Haunter\n|-hitcount|p1: Haunter|2\n|\n|-damage|p2a: Urshifu|64\/100 tox|[from] psn\n|upkeep\n|\n|t:|1699830608\n|switch|p1a: Aggron|Aggron, M|100\/100\n|turn|12\n|\n|t:|1699830615\n|detailschange|p1a: Aggron|Aggron-Mega, M\n|-mega|p1a: Aggron|Aggron|Aggronite\n|move|p2a: Urshifu|Surging Strikes|p1a: Aggron\n|-crit|p1a: Aggron\n|-damage|p1a: Aggron|91\/100\n|-crit|p1a: Aggron\n|-damage|p1a: Aggron|81\/100\n|-crit|p1a: Aggron\n|-damage|p1a: Aggron|71\/100\n|-hitcount|p1a: Aggron|3\n|move|p1a: Aggron|Seismic Toss|p2a: Urshifu\n|-damage|p2a: Urshifu|34\/100 tox\n|\n|-damage|p2a: Urshifu|10\/100 tox|[from] psn\n|upkeep\n|turn|13\n|\n|t:|1699830629\n|move|p2a: Urshifu|Close Combat|p1a: Aggron\n|-supereffective|p1a: Aggron\n|-damage|p1a: Aggron|23\/100\n|-unboost|p2a: Urshifu|def|1\n|-unboost|p2a: Urshifu|spd|1\n|move|p1a: Aggron|Roar|p2a: Urshifu\n|drag|p2a: Iron Valiant|Iron Valiant|100\/100\n|\n|upkeep\n|turn|14\n|\n|t:|1699830640\n|switch|p1a: Landorus|Landorus-Therian, M|100\/100\n|-ability|p1a: Landorus|Intimidate|boost\n|-unboost|p2a: Iron Valiant|atk|1\n|move|p2a: Iron Valiant|Aura Sphere|p1a: Landorus\n|-resisted|p1a: Landorus\n|-damage|p1a: Landorus|59\/100\n|\n|-heal|p1a: Landorus|65\/100|[from] item: Leftovers\n|upkeep\n|turn|15\n|\n|t:|1699830651\n|-end|p2a: Iron Valiant|Quark Drive|[silent]\n|switch|p2a: Hydreigon|Hydreigon, F|100\/100\n|move|p1a: Landorus|Toxic|p2a: Hydreigon\n|-status|p2a: Hydreigon|tox\n|\n|-heal|p1a: Landorus|71\/100|[from] item: Leftovers\n|-damage|p2a: Hydreigon|94\/100 tox|[from] psn\n|upkeep\n|turn|16\n|\n|t:|1699830661\n|switch|p1a: Aggron|Aggron-Mega, M|23\/100\n|move|p2a: Hydreigon|Draco Meteor|p1a: Aggron\n|-resisted|p1a: Aggron\n|-damage|p1a: Aggron|0 fnt\n|-unboost|p2a: Hydreigon|spa|2\n|faint|p1a: Aggron\n|\n|-damage|p2a: Hydreigon|82\/100 tox|[from] psn\n|upkeep\n|\n|t:|1699830672\n|switch|p1a: Sneasler|Sneasler, M|100\/100\n|turn|17\n|\n|t:|1699830676\n|move|p1a: Sneasler|U-turn|p2a: Hydreigon\n|-supereffective|p2a: Hydreigon\n|-damage|p2a: Hydreigon|24\/100 tox\n|\n|t:|1699830680\n|switch|p1a: Iron Moth|Iron Moth|100\/100|[from] U-turn\n|move|p2a: Hydreigon|Draco Meteor|p1a: Iron Moth\n|-damage|p1a: Iron Moth|53\/100\n|-unboost|p2a: Hydreigon|spa|2\n|\n|-damage|p2a: Hydreigon|6\/100 tox|[from] psn\n|upkeep\n|turn|18\n|\n|t:|1699830690\n|move|p1a: Iron Moth|Venoshock|p2a: Hydreigon\n|-damage|p2a: Hydreigon|0 fnt\n|faint|p2a: Hydreigon\n|\n|upkeep\n|\n|t:|1699830696\n|switch|p2a: Medicham|Medicham, F|100\/100\n|turn|19\n|\n|t:|1699830700\n|-end|p1a: Iron Moth|Quark Drive|[silent]\n|switch|p1a: Landorus|Landorus-Therian, M|71\/100\n|-ability|p1a: Landorus|Intimidate|boost\n|-unboost|p2a: Medicham|atk|1\n|detailschange|p2a: Medicham|Medicham-Mega, F\n|-mega|p2a: Medicham|Medicham|Medichamite\n|move|p2a: Medicham|Bulk Up|p2a: Medicham\n|-boost|p2a: Medicham|atk|1\n|-boost|p2a: Medicham|def|1\n|\n|-heal|p1a: Landorus|77\/100|[from] item: Leftovers\n|upkeep\n|turn|20\n|\n|t:|1699830713\n|move|p2a: Medicham|Ice Punch|p1a: Landorus\n|-supereffective|p1a: Landorus\n|-damage|p1a: Landorus|0 fnt\n|faint|p1a: Landorus\n|\n|upkeep\n|\n|t:|1699830718\n|switch|p1a: Sneasler|Sneasler, M|100\/100\n|turn|21\n|\n|t:|1699830726\n|move|p1a: Sneasler|Fling|p2a: Medicham\n|-damage|p2a: Medicham|78\/100\n|-status|p2a: Medicham|psn\n|-enditem|p1a: Sneasler|Poison Barb|[from] move: Fling\n|move|p2a: Medicham|Zen Headbutt|p1a: Sneasler\n|-supereffective|p1a: Sneasler\n|-damage|p1a: Sneasler|0 fnt\n|faint|p1a: Sneasler\n|\n|-damage|p2a: Medicham|65\/100 psn|[from] psn\n|upkeep\n|\n|t:|1699830737\n|switch|p1a: Iron Moth|Iron Moth|53\/100\n|turn|22\n|\n|t:|1699830742\n|move|p1a: Iron Moth|Venoshock|p2a: Medicham\n|-damage|p2a: Medicham|0 fnt\n|faint|p2a: Medicham\n|\n|upkeep\n|\n|t:|1699830750\n|switch|p2a: Urshifu|Urshifu-Rapid-Strike, F|10\/100 tox\n|turn|23\n|\n|t:|1699830756\n|move|p1a: Iron Moth|Venoshock|p2a: Urshifu\n|-damage|p2a: Urshifu|0 fnt\n|faint|p2a: Urshifu\n|\n|upkeep\n|\n|t:|1699830762\n|switch|p2a: Iron Valiant|Iron Valiant|100\/100\n|turn|24\n|\n|t:|1699830766\n|move|p2a: Iron Valiant|Psychic|p1a: Iron Moth\n|-supereffective|p1a: Iron Moth\n|-damage|p1a: Iron Moth|0 fnt\n|faint|p1a: Iron Moth\n|-end|p1a: Iron Moth|Quark Drive|[silent]\n|\n|win|Brick_Enjoyer_144\n|raw|Aragmar's rating: 1183 &rarr; <strong>1152<\/strong><br \/>(-31 for losing)\n|raw|Brick_Enjoyer_144's rating: 1095 &rarr; <strong>1127<\/strong><br \/>(+32 for winning)\n|c|\u2606Aragmar|GG\n","uploadtime":1699830775,"views":5,"p1id":"aragmar","p2id":"brickenjoyer144","formatid":"gen9nationaldex","rating":1127,"private":0,"password":""}