{"id":"gen9nationaldex-1988564206","p1":"10RUB","p2":"Prtbl_Trash","format":"[Gen 9] National Dex","log":"|j|\u260610RUB\n|j|\u2606Prtbl_Trash\n|t:|1699736594\n|gametype|singles\n|player|p1|10RUB|steven|1346\n|player|p2|Prtbl_Trash|rosa|1384\n|teamsize|p1|6\n|teamsize|p2|6\n|gen|9\n|tier|[Gen 9] National Dex\n|rated|\n|rule|HP Percentage Mod: HP is shown in percentages\n|rule|Endless Battle Clause: Forcing endless battles is banned\n|rule|OHKO Clause: OHKO moves are banned\n|rule|Evasion Clause: Evasion abilities, items, and moves are banned\n|rule|Evasion Abilities Clause: Evasion abilities are banned\n|rule|Evasion Items Clause: Evasion items are banned\n|rule|Evasion Moves Clause: Evasion moves are banned\n|rule|Species Clause: Limit one of each Pok\u00e9mon\n|rule|Sleep Clause Mod: Limit one foe put to sleep\n|clearpoke\n|poke|p1|Medicham, M|\n|poke|p1|Tapu Fini|\n|poke|p1|Scizor, M|\n|poke|p1|Porygon2|\n|poke|p1|Gliscor, F|\n|poke|p1|Zoroark-Hisui, M|\n|poke|p2|Thundurus-Therian, M|\n|poke|p2|Toxapex, M|\n|poke|p2|Excadrill, M|\n|poke|p2|Skeledirge, F|\n|poke|p2|Meowscarada, F|\n|poke|p2|Lopunny, F|\n|teampreview\n|inactive|Battle timer is ON: inactive players will automatically lose when time's up. (requested by Prtbl_Trash)\n|\n|t:|1699736606\n|start\n|switch|p1a: Medicham|Medicham, M|100\/100\n|switch|p2a: Lopunny|Lopunny, F|100\/100\n|turn|1\n|\n|t:|1699736613\n|switch|p1a: Scizor|Scizor, M|100\/100\n|detailschange|p2a: Lopunny|Lopunny-Mega, F\n|-mega|p2a: Lopunny|Lopunny|Lopunnite\n|move|p2a: Lopunny|Fake Out|p1a: Scizor\n|-resisted|p1a: Scizor\n|-damage|p1a: Scizor|90\/100\n|\n|-heal|p1a: Scizor|96\/100|[from] item: Leftovers\n|upkeep\n|turn|2\n|\n|t:|1699736618\n|move|p2a: Lopunny|U-turn|p1a: Scizor\n|-resisted|p1a: Scizor\n|-damage|p1a: Scizor|84\/100\n|\n|t:|1699736620\n|switch|p2a: Skeledirge|Skeledirge, F|100\/100|[from] U-turn\n|move|p1a: Scizor|Swords Dance|p1a: Scizor\n|-boost|p1a: Scizor|atk|2\n|\n|-heal|p1a: Scizor|90\/100|[from] item: Leftovers\n|upkeep\n|turn|3\n|\n|t:|1699736623\n|move|p2a: Skeledirge|Torch Song|p1a: Scizor\n|-supereffective|p1a: Scizor\n|-damage|p1a: Scizor|0 fnt\n|-boost|p2a: Skeledirge|spa|1\n|faint|p1a: Scizor\n|\n|upkeep\n|\n|t:|1699736628\n|switch|p1a: Medicham|Medicham, M|100\/100\n|turn|4\n|\n|t:|1699736632\n|replace|p1a: Zoroark|Zoroark-Hisui, M\n|-end|p1a: Zoroark|Illusion\n|-zpower|p1a: Zoroark\n|move|p1a: Zoroark|Never-Ending Nightmare|p2a: Skeledirge|[zeffect]\n|-supereffective|p2a: Skeledirge\n|-damage|p2a: Skeledirge|0 fnt\n|faint|p2a: Skeledirge\n|\n|upkeep\n|\n|t:|1699736645\n|switch|p2a: Meowscarada|Meowscarada, F|100\/100\n|turn|5\n|\n|t:|1699736652\n|switch|p1a: Gliscor|Gliscor, F|100\/100\n|move|p2a: Meowscarada|Sucker Punch||[still]\n|-fail|p2a: Meowscarada\n|\n|-status|p1a: Gliscor|tox|[from] item: Toxic Orb\n|upkeep\n|turn|6\n|\n|t:|1699736658\n|switch|p2a: Thundurus|Thundurus-Therian, M|100\/100\n|move|p1a: Gliscor|Toxic|p2a: Thundurus\n|-status|p2a: Thundurus|tox\n|\n|-damage|p2a: Thundurus|94\/100 tox|[from] psn\n|upkeep\n|turn|7\n|\n|t:|1699736662\n|switch|p1a: Porygon2|Porygon2|100\/100\n|-ability|p1a: Porygon2|Download|boost\n|-boost|p1a: Porygon2|atk|1\n|-terastallize|p2a: Thundurus|Ice\n|move|p2a: Thundurus|Tera Blast|p1a: Porygon2|[anim] Tera Blast Ice\n|-damage|p1a: Porygon2|57\/100\n|\n|-damage|p2a: Thundurus|82\/100 tox|[from] psn\n|upkeep\n|turn|8\n|\n|t:|1699736672\n|switch|p2a: Excadrill|Excadrill, M|100\/100\n|-ability|p2a: Excadrill|Mold Breaker\n|move|p1a: Porygon2|Recover|p1a: Porygon2\n|-heal|p1a: Porygon2|100\/100\n|\n|upkeep\n|turn|9\n|\n|t:|1699736676\n|move|p2a: Excadrill|Stealth Rock|p1a: Porygon2\n|-sidestart|p1: 10RUB|move: Stealth Rock\n|move|p1a: Porygon2|Tri Attack|p2a: Excadrill\n|-resisted|p2a: Excadrill\n|-damage|p2a: Excadrill|74\/100\n|\n|upkeep\n|turn|10\n|\n|t:|1699736680\n|move|p2a: Excadrill|Rapid Spin|p1a: Porygon2\n|-damage|p1a: Porygon2|86\/100\n|-boost|p2a: Excadrill|spe|1\n|move|p1a: Porygon2|Tri Attack|p2a: Excadrill\n|-resisted|p2a: Excadrill\n|-damage|p2a: Excadrill|50\/100\n|\n|upkeep\n|turn|11\n|\n|t:|1699736686\n|move|p2a: Excadrill|Iron Head|p1a: Porygon2\n|-damage|p1a: Porygon2|49\/100\n|cant|p1a: Porygon2|flinch\n|\n|upkeep\n|turn|12\n|\n|t:|1699736691\n|move|p2a: Excadrill|Earthquake|p1a: Porygon2\n|-damage|p1a: Porygon2|8\/100\n|move|p1a: Porygon2|Recover|p1a: Porygon2\n|-heal|p1a: Porygon2|58\/100\n|\n|upkeep\n|turn|13\n|\n|t:|1699736695\n|switch|p1a: Gliscor|Gliscor, F|100\/100 tox\n|-damage|p1a: Gliscor|88\/100 tox|[from] Stealth Rock\n|move|p2a: Excadrill|Iron Head|p1a: Gliscor\n|-damage|p1a: Gliscor|64\/100 tox\n|\n|-heal|p1a: Gliscor|76\/100 tox|[from] ability: Poison Heal\n|upkeep\n|turn|14\n|\n|t:|1699736703\n|move|p2a: Excadrill|Iron Head|p1a: Gliscor\n|-damage|p1a: Gliscor|53\/100 tox\n|move|p1a: Gliscor|Defog|p2a: Excadrill\n|-unboost|p2a: Excadrill|evasion|1\n|-sideend|p1: 10RUB|Stealth Rock|[from] move: Defog|[of] p1a: Gliscor\n|\n|-heal|p1a: Gliscor|65\/100 tox|[from] ability: Poison Heal\n|upkeep\n|turn|15\n|\n|t:|1699736707\n|move|p2a: Excadrill|Stealth Rock|p1a: Gliscor\n|-sidestart|p1: 10RUB|move: Stealth Rock\n|move|p1a: Gliscor|Earthquake|p2a: Excadrill\n|-supereffective|p2a: Excadrill\n|-damage|p2a: Excadrill|0 fnt\n|faint|p2a: Excadrill\n|\n|-heal|p1a: Gliscor|78\/100 tox|[from] ability: Poison Heal\n|upkeep\n|\n|t:|1699736709\n|switch|p2a: Thundurus|Thundurus-Therian, M, tera:Ice|82\/100 tox\n|turn|16\n|\n|t:|1699736715\n|switch|p1a: Tapu Fini|Tapu Fini|100\/100\n|-damage|p1a: Tapu Fini|88\/100|[from] Stealth Rock\n|-fieldstart|move: Misty Terrain|[from] ability: Misty Surge|[of] p1a: Tapu Fini\n|move|p2a: Thundurus|Volt Switch|p1a: Tapu Fini\n|-supereffective|p1a: Tapu Fini\n|-damage|p1a: Tapu Fini|0 fnt\n|faint|p1a: Tapu Fini\n|\n|t:|1699736725\n|switch|p2a: Lopunny|Lopunny-Mega, F|100\/100|[from] Volt Switch\n|\n|upkeep\n|\n|t:|1699736729\n|switch|p1a: Porygon2|Porygon2|58\/100\n|-damage|p1a: Porygon2|45\/100|[from] Stealth Rock\n|-ability|p1a: Porygon2|Download|boost\n|-boost|p1a: Porygon2|atk|1\n|turn|17\n|\n|t:|1699736733\n|move|p2a: Lopunny|Fake Out|p1a: Porygon2\n|-damage|p1a: Porygon2|27\/100\n|cant|p1a: Porygon2|flinch\n|\n|upkeep\n|turn|18\n|\n|t:|1699736736\n|switch|p1a: Medicham|Medicham, M|100\/100\n|-damage|p1a: Medicham|88\/100|[from] Stealth Rock\n|move|p2a: Lopunny|Close Combat|p1a: Medicham\n|-supereffective|p1a: Medicham\n|-crit|p1a: Medicham\n|-damage|p1a: Medicham|0 fnt\n|-unboost|p2a: Lopunny|def|1\n|-unboost|p2a: Lopunny|spd|1\n|replace|p1a: Zoroark|Zoroark-Hisui, M\n|-end|p1a: Zoroark|Illusion\n|faint|p1a: Zoroark\n|\n|upkeep\n|\n|t:|1699736739\n|switch|p1a: Gliscor|Gliscor, F|78\/100 tox\n|-damage|p1a: Gliscor|65\/100 tox|[from] Stealth Rock\n|turn|19\n|\n|t:|1699736749\n|move|p2a: Lopunny|Ice Punch|p1a: Gliscor\n|-supereffective|p1a: Gliscor\n|-damage|p1a: Gliscor|0 fnt\n|faint|p1a: Gliscor\n|\n|upkeep\n|\n|t:|1699736753\n|switch|p1a: Medicham|Medicham, M|100\/100\n|-damage|p1a: Medicham|94\/100|[from] Stealth Rock\n|turn|20\n|\n|t:|1699736756\n|switch|p2a: Toxapex|Toxapex, M|100\/100\n|detailschange|p1a: Medicham|Medicham-Mega, M\n|-mega|p1a: Medicham|Medicham|Medichamite\n|move|p1a: Medicham|Fake Out|p2a: Toxapex\n|-damage|p2a: Toxapex|86\/100\n|\n|-fieldend|Misty Terrain\n|upkeep\n|turn|21\n|\n|t:|1699736762\n|move|p1a: Medicham|Zen Headbutt|p2a: Toxapex\n|-supereffective|p2a: Toxapex\n|-damage|p2a: Toxapex|0 fnt\n|faint|p2a: Toxapex\n|\n|upkeep\n|\n|t:|1699736765\n|switch|p2a: Lopunny|Lopunny-Mega, F|100\/100\n|turn|22\n|\n|t:|1699736768\n|move|p2a: Lopunny|Fake Out|p1a: Medicham\n|-damage|p1a: Medicham|62\/100\n|cant|p1a: Medicham|flinch\n|\n|upkeep\n|turn|23\n|\n|t:|1699736771\n|move|p2a: Lopunny|U-turn|p1a: Medicham\n|-damage|p1a: Medicham|25\/100\n|\n|t:|1699736773\n|switch|p2a: Meowscarada|Meowscarada, F|100\/100|[from] U-turn\n|move|p1a: Medicham|High Jump Kick|p2a: Meowscarada\n|-supereffective|p2a: Meowscarada\n|-damage|p2a: Meowscarada|0 fnt\n|faint|p2a: Meowscarada\n|\n|upkeep\n|\n|t:|1699736774\n|switch|p2a: Lopunny|Lopunny-Mega, F|100\/100\n|turn|24\n|\n|t:|1699736778\n|move|p2a: Lopunny|U-turn|p1a: Medicham\n|-damage|p1a: Medicham|0 fnt\n|faint|p1a: Medicham\n|\n|t:|1699736780\n|switch|p2a: Thundurus|Thundurus-Therian, M, tera:Ice|82\/100 tox|[from] U-turn\n|\n|-damage|p2a: Thundurus|76\/100 tox|[from] psn\n|upkeep\n|\n|t:|1699736782\n|switch|p1a: Porygon2|Porygon2|27\/100\n|-damage|p1a: Porygon2|14\/100|[from] Stealth Rock\n|-ability|p1a: Porygon2|Download|boost\n|-boost|p1a: Porygon2|atk|1\n|turn|25\n|\n|t:|1699736788\n|move|p2a: Thundurus|Volt Switch|p1a: Porygon2\n|-damage|p1a: Porygon2|0 fnt\n|faint|p1a: Porygon2\n|\n|win|Prtbl_Trash\n|raw|10RUB's rating: 1346 &rarr; <strong>1328<\/strong><br \/>(-18 for losing)\n|raw|Prtbl_Trash's rating: 1384 &rarr; <strong>1402<\/strong><br \/>(+18 for winning)\n|l|\u260610RUB\n","uploadtime":1699736800,"views":15,"p1id":"10rub","p2id":"prtbltrash","formatid":"gen9nationaldex","rating":1328,"private":0,"password":""}