{"id":"gen9nationaldex-1998012908","p1":"ScAMRoF","p2":"syjrt","format":"[Gen 9] National Dex","log":"|html|<div class=\"broadcast-blue\"><strong>[Gen 9] National Dex is currently suspecting Sneasler! For information on how to participate check out the <a href=\"https:\/\/www.smogon.com\/forums\/threads\/sv-national-dex-suspect-8-just-dance.3731534\/\">suspect thread<\/a>.<\/strong><\/div>\n|j|\u2606ScAMRoF\n|j|\u2606syjrt\n|t:|1700878916\n|gametype|singles\n|player|p1|ScAMRoF|170|1043\n|player|p2|syjrt|lady-gen4|1105\n|teamsize|p1|6\n|teamsize|p2|6\n|gen|9\n|tier|[Gen 9] National Dex\n|rated|\n|rule|HP Percentage Mod: HP is shown in percentages\n|rule|Endless Battle Clause: Forcing endless battles is banned\n|rule|OHKO Clause: OHKO moves are banned\n|rule|Evasion Clause: Evasion abilities, items, and moves are banned\n|rule|Evasion Abilities Clause: Evasion abilities are banned\n|rule|Evasion Items Clause: Evasion items are banned\n|rule|Evasion Moves Clause: Evasion moves are banned\n|rule|Species Clause: Limit one of each Pok\u00e9mon\n|rule|Sleep Clause Mod: Limit one foe put to sleep\n|clearpoke\n|poke|p1|Galvantula, F|\n|poke|p1|Typhlosion-Hisui, M|\n|poke|p1|Abomasnow, F|\n|poke|p1|Swellow, M|\n|poke|p1|Glimmora, M|\n|poke|p1|Milotic, M|\n|poke|p2|Lopunny, M|\n|poke|p2|Chansey, F|\n|poke|p2|Zoroark-Hisui, M|\n|poke|p2|Hoopa-Unbound|\n|poke|p2|Mew|\n|poke|p2|Hatterene, F|\n|teampreview\n|\n|t:|1700878931\n|start\n|switch|p1a: Obama\u00b4s Now|Abomasnow, F, shiny|100\/100\n|switch|p2a: Mew|Mew|100\/100\n|-weather|Snow|[from] ability: Snow Warning|[of] p1a: Obama\u00b4s Now\n|turn|1\n|\n|t:|1700878938\n|move|p2a: Mew|Toxic Spikes|p1a: Obama\u00b4s Now\n|-sidestart|p1: ScAMRoF|move: Toxic Spikes\n|move|p1a: Obama\u00b4s Now|Aurora Veil|p1a: Obama\u00b4s Now\n|-sidestart|p1: ScAMRoF|move: Aurora Veil\n|\n|-weather|Snow|[upkeep]\n|upkeep\n|turn|2\n|\n|t:|1700878953\n|move|p2a: Mew|Stealth Rock|p1a: Obama\u00b4s Now\n|-sidestart|p1: ScAMRoF|move: Stealth Rock\n|move|p1a: Obama\u00b4s Now|Leech Seed|p2a: Mew\n|-start|p2a: Mew|move: Leech Seed\n|\n|-weather|Snow|[upkeep]\n|-damage|p2a: Mew|88\/100|[from] Leech Seed|[of] p1a: Obama\u00b4s Now\n|upkeep\n|turn|3\n|\n|t:|1700878963\n|move|p2a: Mew|Spikes|p1a: Obama\u00b4s Now\n|-sidestart|p1: ScAMRoF|Spikes\n|move|p1a: Obama\u00b4s Now|Blizzard|p2a: Mew\n|-damage|p2a: Mew|61\/100\n|-enditem|p2a: Mew|Red Card|[of] p1a: Obama\u00b4s Now\n|drag|p1a: Ravenclaw Melfoy|Glimmora, M|100\/100\n|-damage|p1a: Ravenclaw Melfoy|88\/100|[from] Stealth Rock\n|-item|p1a: Ravenclaw Melfoy|Air Balloon\n|\n|-weather|Snow|[upkeep]\n|-damage|p2a: Mew|48\/100|[from] Leech Seed|[of] p1a: Ravenclaw Melfoy\n|-heal|p1a: Ravenclaw Melfoy|100\/100|[silent]\n|upkeep\n|turn|4\n|\n|t:|1700878974\n|move|p1a: Ravenclaw Melfoy|Mortal Spin|p2a: Mew\n|-damage|p2a: Mew|43\/100\n|-status|p2a: Mew|psn\n|-activate|p2a: Mew|ability: Synchronize\n|-immune|p1a: Ravenclaw Melfoy\n|-sideend|p1: ScAMRoF|Spikes|[from] move: Mortal Spin|[of] p1a: Ravenclaw Melfoy\n|-sideend|p1: ScAMRoF|Toxic Spikes|[from] move: Mortal Spin|[of] p1a: Ravenclaw Melfoy\n|-sideend|p1: ScAMRoF|Stealth Rock|[from] move: Mortal Spin|[of] p1a: Ravenclaw Melfoy\n|move|p2a: Mew|Roost|p2a: Mew\n|-heal|p2a: Mew|93\/100 psn\n|-singleturn|p2a: Mew|move: Roost\n|\n|-weather|Snow|[upkeep]\n|-damage|p2a: Mew|81\/100 psn|[from] Leech Seed|[of] p1a: Ravenclaw Melfoy\n|-damage|p2a: Mew|68\/100 psn|[from] psn\n|upkeep\n|turn|5\n|\n|t:|1700878994\n|switch|p2a: Hatterene|Hatterene, F|100\/100\n|move|p1a: Ravenclaw Melfoy|Stealth Rock|p2a: Hatterene\n|move|p2a: Hatterene|Stealth Rock|p1a: Ravenclaw Melfoy|[from]ability: Magic Bounce\n|-sidestart|p1: ScAMRoF|move: Stealth Rock\n|\n|-weather|none\n|upkeep\n|turn|6\n|\n|t:|1700879002\n|move|p1a: Ravenclaw Melfoy|Mortal Spin|p2a: Hatterene\n|-supereffective|p2a: Hatterene\n|-damage|p2a: Hatterene|90\/100\n|-status|p2a: Hatterene|psn\n|-sideend|p1: ScAMRoF|Stealth Rock|[from] move: Mortal Spin|[of] p1a: Ravenclaw Melfoy\n|move|p2a: Hatterene|Calm Mind|p2a: Hatterene\n|-boost|p2a: Hatterene|spa|1\n|-boost|p2a: Hatterene|spd|1\n|\n|-heal|p2a: Hatterene|96\/100 psn|[from] item: Leftovers\n|-damage|p2a: Hatterene|84\/100 psn|[from] psn\n|upkeep\n|turn|7\n|\n|t:|1700879016\n|move|p1a: Ravenclaw Melfoy|Stealth Rock|p2a: Hatterene\n|move|p2a: Hatterene|Stealth Rock|p1a: Ravenclaw Melfoy|[from]ability: Magic Bounce\n|-sidestart|p1: ScAMRoF|move: Stealth Rock\n|move|p2a: Hatterene|Calm Mind|p2a: Hatterene\n|-boost|p2a: Hatterene|spa|1\n|-boost|p2a: Hatterene|spd|1\n|\n|-heal|p2a: Hatterene|90\/100 psn|[from] item: Leftovers\n|-damage|p2a: Hatterene|78\/100 psn|[from] psn\n|upkeep\n|turn|8\n|\n|t:|1700879024\n|move|p1a: Ravenclaw Melfoy|Mortal Spin|p2a: Hatterene\n|-supereffective|p2a: Hatterene\n|-damage|p2a: Hatterene|68\/100 psn\n|-sideend|p1: ScAMRoF|Stealth Rock|[from] move: Mortal Spin|[of] p1a: Ravenclaw Melfoy\n|move|p2a: Hatterene|Draining Kiss|p1a: Ravenclaw Melfoy\n|-resisted|p1a: Ravenclaw Melfoy\n|-damage|p1a: Ravenclaw Melfoy|86\/100\n|-heal|p2a: Hatterene|78\/100 psn|[from] drain|[of] p1a: Ravenclaw Melfoy\n|-enditem|p1a: Ravenclaw Melfoy|Air Balloon\n|\n|-heal|p2a: Hatterene|84\/100 psn|[from] item: Leftovers\n|-damage|p2a: Hatterene|72\/100 psn|[from] psn\n|-sideend|p1: ScAMRoF|move: Aurora Veil\n|upkeep\n|turn|9\n|\n|t:|1700879036\n|move|p1a: Ravenclaw Melfoy|Power Gem|p2a: Hatterene\n|-damage|p2a: Hatterene|48\/100 psn\n|move|p2a: Hatterene|Psyshock|p1a: Ravenclaw Melfoy\n|-supereffective|p1a: Ravenclaw Melfoy\n|-damage|p1a: Ravenclaw Melfoy|0 fnt\n|faint|p1a: Ravenclaw Melfoy\n|\n|-heal|p2a: Hatterene|54\/100 psn|[from] item: Leftovers\n|-damage|p2a: Hatterene|42\/100 psn|[from] psn\n|upkeep\n|\n|t:|1700879047\n|switch|p1a: Socket Spidey|Galvantula, F, shiny|100\/100\n|turn|10\n|\n|t:|1700879051\n|move|p1a: Socket Spidey|Sticky Web|p2a: Hatterene\n|move|p2a: Hatterene|Sticky Web|p1a: Socket Spidey|[from]ability: Magic Bounce\n|-sidestart|p1: ScAMRoF|move: Sticky Web\n|move|p2a: Hatterene|Mystical Fire|p1a: Socket Spidey\n|-supereffective|p1a: Socket Spidey\n|-enditem|p1a: Socket Spidey|Focus Sash\n|-damage|p1a: Socket Spidey|1\/100\n|-unboost|p1a: Socket Spidey|spa|1\n|\n|-heal|p2a: Hatterene|48\/100 psn|[from] item: Leftovers\n|-damage|p2a: Hatterene|36\/100 psn|[from] psn\n|upkeep\n|turn|11\n|-message|ScAMRoF forfeited.\n|\n|win|syjrt\n|raw|ScAMRoF's rating: 1043 &rarr; <strong>1029<\/strong><br \/>(-14 for losing)\n|raw|syjrt's rating: 1105 &rarr; <strong>1126<\/strong><br \/>(+21 for winning)\n|l|\u2606ScAMRoF\n","uploadtime":1700879063,"views":2,"p1id":"scamrof","p2id":"syjrt","formatid":"gen9nationaldex","rating":1029,"private":0,"password":""}