{"id":"gen9nationaldex-1997043252","p1":"shasinagefanqie","p2":"sowa_limez","format":"[Gen 9] National Dex","log":"|html|<div class=\"broadcast-blue\"><strong>[Gen 9] National Dex is currently suspecting Sneasler! For information on how to participate check out the <a href=\"https:\/\/www.smogon.com\/forums\/threads\/sv-national-dex-suspect-8-just-dance.3731534\/\">suspect thread<\/a>.<\/strong><\/div>\n|j|\u2606shasinagefanqie\n|j|\u2606sowa_limez\n|t:|1700758780\n|gametype|singles\n|player|p1|shasinagefanqie|266|1098\n|player|p2|sowa_limez|blue-gen1champion|1022\n|teamsize|p1|6\n|teamsize|p2|6\n|gen|9\n|tier|[Gen 9] National Dex\n|rated|\n|rule|HP Percentage Mod: HP is shown in percentages\n|rule|Endless Battle Clause: Forcing endless battles is banned\n|rule|OHKO Clause: OHKO moves are banned\n|rule|Evasion Clause: Evasion abilities, items, and moves are banned\n|rule|Evasion Abilities Clause: Evasion abilities are banned\n|rule|Evasion Items Clause: Evasion items are banned\n|rule|Evasion Moves Clause: Evasion moves are banned\n|rule|Species Clause: Limit one of each Pok\u00e9mon\n|rule|Sleep Clause Mod: Limit one foe put to sleep\n|clearpoke\n|poke|p1|Diancie|\n|poke|p1|Serperior, F|\n|poke|p1|Haxorus, M|\n|poke|p1|Sneasler, F|\n|poke|p1|Tapu Lele|\n|poke|p1|Glimmora, M|\n|poke|p2|Sharpedo, M|\n|poke|p2|Scolipede, F|\n|poke|p2|Blaziken, F|\n|poke|p2|Yanmega, F|\n|poke|p2|Yanma, M|\n|poke|p2|Ninjask, F|\n|teampreview\n|inactive|Battle timer is ON: inactive players will automatically lose when time's up. (requested by shasinagefanqie)\n|\n|t:|1700758786\n|start\n|switch|p1a: Glimmora|Glimmora, M|100\/100\n|switch|p2a: Sharpedo|Sharpedo, M|100\/100\n|turn|1\n|\n|t:|1700758796\n|move|p2a: Sharpedo|Flip Turn|p1a: Glimmora\n|-supereffective|p1a: Glimmora\n|-damage|p1a: Glimmora|11\/100\n|-activate|p1a: Glimmora|ability: Toxic Debris\n|-sidestart|p2: sowa_limez|move: Toxic Spikes\n|\n|t:|1700758802\n|switch|p2a: Scolipede|Scolipede, F|100\/100|[from] Flip Turn\n|-sideend|p2: sowa_limez|move: Toxic Spikes|[of] p2a: Scolipede\n|move|p1a: Glimmora|Stealth Rock|p2a: Scolipede\n|-sidestart|p2: sowa_limez|move: Stealth Rock\n|\n|upkeep\n|turn|2\n|\n|t:|1700758809\n|move|p1a: Glimmora|Spiky Shield|p1a: Glimmora\n|-singleturn|p1a: Glimmora|move: Protect\n|move|p2a: Scolipede|Earthquake|p1a: Glimmora\n|-activate|p1a: Glimmora|move: Protect\n|\n|-ability|p2a: Scolipede|Speed Boost|boost\n|-boost|p2a: Scolipede|spe|1\n|upkeep\n|turn|3\n|\n|t:|1700758819\n|move|p2a: Scolipede|Swords Dance|p2a: Scolipede\n|-boost|p2a: Scolipede|atk|2\n|move|p1a: Glimmora|Spikes|p2a: Scolipede\n|-sidestart|p2: sowa_limez|Spikes\n|\n|-ability|p2a: Scolipede|Speed Boost|boost\n|-boost|p2a: Scolipede|spe|1\n|upkeep\n|turn|4\n|\n|t:|1700758826\n|move|p2a: Scolipede|Swords Dance|p2a: Scolipede\n|-boost|p2a: Scolipede|atk|2\n|move|p1a: Glimmora|Spikes|p2a: Scolipede\n|-sidestart|p2: sowa_limez|Spikes\n|\n|-ability|p2a: Scolipede|Speed Boost|boost\n|-boost|p2a: Scolipede|spe|1\n|upkeep\n|turn|5\n|\n|t:|1700758832\n|move|p2a: Scolipede|Swords Dance|p2a: Scolipede\n|-boost|p2a: Scolipede|atk|2\n|move|p1a: Glimmora|Spikes|p2a: Scolipede\n|-sidestart|p2: sowa_limez|Spikes\n|\n|-ability|p2a: Scolipede|Speed Boost|boost\n|-boost|p2a: Scolipede|spe|1\n|upkeep\n|turn|6\n|\n|t:|1700758840\n|move|p1a: Glimmora|Spiky Shield|p1a: Glimmora\n|-singleturn|p1a: Glimmora|move: Protect\n|move|p2a: Scolipede|Earthquake|p1a: Glimmora\n|-activate|p1a: Glimmora|move: Protect\n|\n|-ability|p2a: Scolipede|Speed Boost|boost\n|-boost|p2a: Scolipede|spe|1\n|upkeep\n|turn|7\n|\n|t:|1700758847\n|move|p2a: Scolipede|Earthquake|p1a: Glimmora\n|-supereffective|p1a: Glimmora\n|-damage|p1a: Glimmora|0 fnt\n|-activate|p1a: Glimmora|ability: Toxic Debris\n|-sidestart|p2: sowa_limez|move: Toxic Spikes\n|faint|p1a: Glimmora\n|\n|-ability|p2a: Scolipede|Speed Boost|boost\n|-boost|p2a: Scolipede|spe|1\n|upkeep\n|\n|t:|1700758855\n|switch|p1a: Tapu Lele|Tapu Lele|100\/100\n|-fieldstart|move: Psychic Terrain|[from] ability: Psychic Surge|[of] p1a: Tapu Lele\n|turn|8\n|\n|t:|1700758861\n|move|p2a: Scolipede|Poison Jab|p1a: Tapu Lele\n|-supereffective|p1a: Tapu Lele\n|-damage|p1a: Tapu Lele|0 fnt\n|faint|p1a: Tapu Lele\n|\n|upkeep\n|\n|t:|1700758866\n|switch|p1a: Sneasler|Sneasler, F|100\/100\n|-enditem|p1a: Sneasler|Psychic Seed\n|-boost|p1a: Sneasler|spd|1|[from] item: Psychic Seed\n|turn|9\n|\n|t:|1700758872\n|move|p2a: Scolipede|Earthquake|p1a: Sneasler\n|-supereffective|p1a: Sneasler\n|-damage|p1a: Sneasler|0 fnt\n|faint|p1a: Sneasler\n|\n|upkeep\n|\n|t:|1700758878\n|switch|p1a: Haxorus|Haxorus, M|100\/100\n|-ability|p1a: Haxorus|Mold Breaker\n|turn|10\n|c|\u2606sowa_limez|Why'd you let me set up lol\n|inactive|sowa_limez has 120 seconds left.\n|\n|t:|1700758910\n|move|p2a: Scolipede|X-Scissor|p1a: Haxorus\n|-damage|p1a: Haxorus|0 fnt\n|faint|p1a: Haxorus\n|\n|upkeep\n|c|\u2606shasinagefanqie|i'm asleep\n|\n|t:|1700758931\n|switch|p1a: Diancie|Diancie|100\/100\n|turn|11\n|\n|t:|1700758938\n|detailschange|p1a: Diancie|Diancie-Mega\n|-mega|p1a: Diancie|Diancie|Diancite\n|move|p2a: Scolipede|Earthquake|p1a: Diancie\n|-supereffective|p1a: Diancie\n|-damage|p1a: Diancie|0 fnt\n|faint|p1a: Diancie\n|\n|upkeep\n|\n|t:|1700758943\n|switch|p1a: Serperior|Serperior, F|100\/100\n|turn|12\n|\n|t:|1700758947\n|move|p2a: Scolipede|Poison Jab|p1a: Serperior\n|-supereffective|p1a: Serperior\n|-damage|p1a: Serperior|0 fnt\n|faint|p1a: Serperior\n|\n|win|sowa_limez\n|raw|shasinagefanqie's rating: 1098 &rarr; <strong>1068<\/strong><br \/>(-30 for losing)\n|raw|sowa_limez's rating: 1022 &rarr; <strong>1067<\/strong><br \/>(+45 for winning)\n|c|\u2606sowa_limez|Gg\n|l|\u2606shasinagefanqie\n","uploadtime":1700758959,"views":1,"p1id":"shasinagefanqie","p2id":"sowalimez","formatid":"gen9nationaldex","rating":1067,"private":0,"password":""}