{"id":"gen9nationaldex-1999238520","p1":"the great mega","p2":"hydroj","format":"[Gen 9] National Dex","log":"|j|\u2606the great mega\n|j|\u2606hydroj\n|inactive|Battle timer is ON: inactive players will automatically lose when time's up.\n|t:|1701049306\n|gametype|singles\n|player|p1|the great mega|depotagent|\n|player|p2|hydroj|266|\n|teamsize|p1|6\n|teamsize|p2|6\n|gen|9\n|tier|[Gen 9] National Dex\n|rated|Tournament battle\n|rule|HP Percentage Mod: HP is shown in percentages\n|rule|Endless Battle Clause: Forcing endless battles is banned\n|rule|OHKO Clause: OHKO moves are banned\n|rule|Evasion Clause: Evasion abilities, items, and moves are banned\n|rule|Evasion Abilities Clause: Evasion abilities are banned\n|rule|Evasion Items Clause: Evasion items are banned\n|rule|Evasion Moves Clause: Evasion moves are banned\n|rule|Species Clause: Limit one of each Pok\u00e9mon\n|rule|Sleep Clause Mod: Limit one foe put to sleep\n|clearpoke\n|poke|p1|Great Tusk|\n|poke|p1|Scizor, F|\n|poke|p1|Volcarona, F|\n|poke|p1|Sneasler, F|\n|poke|p1|Rillaboom, M|\n|poke|p1|Mewtwo|\n|poke|p2|Aegislash, F|\n|poke|p2|Alomomola, F|\n|poke|p2|Gliscor, M|\n|poke|p2|Iron Valiant|\n|poke|p2|Tapu Koko|\n|poke|p2|Scizor, F|\n|teampreview\n|inactive|the great mega also wants the timer to be on.\n|j| i hate fs\n|c|\u2606hydroj|oops\n|c|\u2606the great mega|wrong team lol\n|inactive|hydroj has 120 seconds left.\n|c|\u2606hydroj|I didnt peep that's what they meant by mewtwo\n|j| Huryuijujilo\n|\n|t:|1701049351\n|start\n|switch|p1a: Scizor|Scizor, F, shiny|100\/100\n|switch|p2a: Scizor|Scizor, F|100\/100\n|turn|1\n|c|\u2606the great mega|i meant to use my lele team\n|\n|t:|1701049360\n|detailschange|p2a: Scizor|Scizor-Mega, F\n|-mega|p2a: Scizor|Scizor|Scizorite\n|detailschange|p1a: Scizor|Scizor-Mega, F, shiny\n|-mega|p1a: Scizor|Scizor|Scizorite\n|move|p2a: Scizor|U-turn|p1a: Scizor\n|-resisted|p1a: Scizor\n|-damage|p1a: Scizor|89\/100\n|\n|t:|1701049366\n|switch|p2a: Alomomola|Alomomola, F|100\/100|[from] U-turn\n|move|p1a: Scizor|U-turn|p2a: Alomomola\n|-damage|p2a: Alomomola|74\/100\n|\n|t:|1701049371\n|switch|p1a: Rillaboom|Rillaboom, M, shiny|100\/100|[from] U-turn\n|-fieldstart|move: Grassy Terrain|[from] ability: Grassy Surge|[of] p1a: Rillaboom\n|\n|-heal|p2a: Alomomola|80\/100|[from] Grassy Terrain\n|upkeep\n|turn|2\n|j| woatan\n|\n|t:|1701049383\n|move|p2a: Alomomola|Protect|p2a: Alomomola\n|-singleturn|p2a: Alomomola|Protect\n|move|p1a: Rillaboom|Knock Off|p2a: Alomomola\n|-activate|p2a: Alomomola|move: Protect\n|\n|-heal|p2a: Alomomola|86\/100|[from] Grassy Terrain\n|upkeep\n|turn|3\n|\n|t:|1701049389\n|switch|p1a: Scizor|Scizor-Mega, F, shiny|89\/100\n|switch|p2a: Scizor|Scizor-Mega, F|100\/100\n|\n|-heal|p1a: Scizor|95\/100|[from] Grassy Terrain\n|upkeep\n|turn|4\n|l| woatan\n|\n|t:|1701049395\n|move|p2a: Scizor|U-turn|p1a: Scizor\n|-resisted|p1a: Scizor\n|-damage|p1a: Scizor|83\/100\n|\n|t:|1701049397\n|switch|p2a: Alomomola|Alomomola, F|100\/100|[from] U-turn\n|move|p1a: Scizor|U-turn|p2a: Alomomola\n|-damage|p2a: Alomomola|74\/100\n|l| i hate fs\n|\n|t:|1701049401\n|switch|p1a: Rillaboom|Rillaboom, M, shiny|100\/100|[from] U-turn\n|\n|-heal|p2a: Alomomola|81\/100|[from] Grassy Terrain\n|upkeep\n|turn|5\n|\n|t:|1701049406\n|switch|p2a: Scizor|Scizor-Mega, F|100\/100\n|move|p1a: Rillaboom|Wood Hammer|p2a: Scizor\n|-resisted|p2a: Scizor\n|-damage|p2a: Scizor|81\/100\n|-damage|p1a: Rillaboom|95\/100|[from] Recoil\n|\n|-heal|p1a: Rillaboom|100\/100|[from] Grassy Terrain\n|-heal|p2a: Scizor|87\/100|[from] Grassy Terrain\n|-fieldend|move: Grassy Terrain\n|upkeep\n|turn|6\n|\n|t:|1701049410\n|switch|p1a: Volcarona|Volcarona, F, shiny|100\/100\n|move|p2a: Scizor|U-turn|p1a: Volcarona\n|-resisted|p1a: Volcarona\n|-damage|p1a: Volcarona|75\/100\n|\n|t:|1701049414\n|switch|p2a: Gliscor|Gliscor, M|100\/100|[from] U-turn\n|\n|-status|p2a: Gliscor|tox|[from] item: Toxic Orb\n|upkeep\n|turn|7\n|\n|t:|1701049419\n|move|p1a: Volcarona|Quiver Dance|p1a: Volcarona\n|-boost|p1a: Volcarona|spa|1\n|-boost|p1a: Volcarona|spd|1\n|-boost|p1a: Volcarona|spe|1\n|move|p2a: Gliscor|Earthquake|p1a: Volcarona\n|-damage|p1a: Volcarona|22\/100\n|\n|upkeep\n|turn|8\n|\n|t:|1701049424\n|move|p1a: Volcarona|Fiery Dance|p2a: Gliscor\n|-damage|p2a: Gliscor|41\/100 tox\n|move|p2a: Gliscor|Toxic|p1a: Volcarona\n|-status|p1a: Volcarona|tox\n|\n|-damage|p1a: Volcarona|16\/100 tox|[from] psn\n|-heal|p2a: Gliscor|53\/100 tox|[from] ability: Poison Heal\n|upkeep\n|turn|9\n|\n|t:|1701049431\n|move|p1a: Volcarona|Fiery Dance|p2a: Gliscor\n|-damage|p2a: Gliscor|0 fnt\n|faint|p2a: Gliscor\n|\n|-damage|p1a: Volcarona|4\/100 tox|[from] psn\n|upkeep\n|j| XXMurdrXX\n|\n|t:|1701049438\n|switch|p2a: Scizor|Scizor-Mega, F|87\/100\n|turn|10\n|\n|t:|1701049441\n|move|p2a: Scizor|Bullet Punch|p1a: Volcarona\n|-resisted|p1a: Volcarona\n|-damage|p1a: Volcarona|0 fnt\n|-status|p2a: Scizor|brn|[from] ability: Flame Body|[of] p1a: Volcarona\n|faint|p1a: Volcarona\n|\n|-damage|p2a: Scizor|81\/100 brn|[from] brn\n|upkeep\n|c|\u2606the great mega|yessir\n|\n|t:|1701049452\n|switch|p1a: Great Tusk|Great Tusk|100\/100\n|turn|11\n|\n|t:|1701049455\n|move|p1a: Great Tusk|Rapid Spin|p2a: Scizor\n|-resisted|p2a: Scizor\n|-damage|p2a: Scizor|75\/100 brn\n|-boost|p1a: Great Tusk|spe|1\n|move|p2a: Scizor|U-turn|p1a: Great Tusk\n|-resisted|p1a: Great Tusk\n|-damage|p1a: Great Tusk|95\/100\n|\n|t:|1701049462\n|switch|p2a: Iron Valiant|Iron Valiant|100\/100|[from] U-turn\n|-enditem|p2a: Iron Valiant|Booster Energy\n|-activate|p2a: Iron Valiant|ability: Quark Drive|[fromitem]\n|-start|p2a: Iron Valiant|quarkdrivespe\n|\n|-heal|p1a: Great Tusk|100\/100|[from] item: Leftovers\n|upkeep\n|turn|12\n|c|\u2606the great mega|no koko for u\n|j| i hate fs\n|\n|t:|1701049475\n|-terastallize|p1a: Great Tusk|Steel\n|move|p2a: Iron Valiant|Encore|p1a: Great Tusk\n|-start|p1a: Great Tusk|Encore\n|move|p1a: Great Tusk|Rapid Spin|p2a: Iron Valiant\n|-damage|p2a: Iron Valiant|79\/100\n|-boost|p1a: Great Tusk|spe|1\n|\n|upkeep\n|turn|13\n|j|+sealoo\n|c|\u2606hydroj|koko will return\n|\n|t:|1701049487\n|-end|p1a: Great Tusk|Protosynthesis|[silent]\n|switch|p1a: Scizor|Scizor-Mega, F, shiny|83\/100\n|move|p2a: Iron Valiant|Knock Off|p1a: Scizor\n|-damage|p1a: Scizor|67\/100\n|\n|upkeep\n|turn|14\n|\n|t:|1701049497\n|-end|p2a: Iron Valiant|Quark Drive|[silent]\n|switch|p2a: Alomomola|Alomomola, F|100\/100\n|move|p1a: Scizor|Swords Dance|p1a: Scizor\n|-boost|p1a: Scizor|atk|2\n|\n|upkeep\n|turn|15\n|\n|t:|1701049499\n|move|p1a: Scizor|Dual Wingbeat|p2a: Alomomola\n|-damage|p2a: Alomomola|68\/100\n|-damage|p2a: Alomomola|39\/100\n|-hitcount|p2a: Alomomola|2\n|move|p2a: Alomomola|Flip Turn|p1a: Scizor\n|-damage|p1a: Scizor|55\/100\n|\n|t:|1701049508\n|switch|p2a: Aegislash|Aegislash, F|100\/100|[from] Flip Turn\n|\n|upkeep\n|turn|16\n|\n|t:|1701049512\n|-formechange|p2a: Aegislash|Aegislash-Blade||[from] ability: Stance Change\n|move|p2a: Aegislash|Shadow Ball|p1a: Scizor\n|-damage|p1a: Scizor|0 fnt\n|faint|p1a: Scizor\n|\n|upkeep\n|\n|t:|1701049518\n|switch|p1a: Great Tusk|Great Tusk, tera:Steel|100\/100\n|turn|17\n|\n|t:|1701049524\n|switch|p2a: Scizor|Scizor-Mega, F|75\/100 brn\n|move|p1a: Great Tusk|Rapid Spin|p2a: Scizor\n|-resisted|p2a: Scizor\n|-damage|p2a: Scizor|70\/100 brn\n|-boost|p1a: Great Tusk|spe|1\n|\n|-damage|p2a: Scizor|63\/100 brn|[from] brn\n|upkeep\n|turn|18\n|\n|t:|1701049529\n|move|p1a: Great Tusk|Headlong Rush|p2a: Scizor\n|-damage|p2a: Scizor|22\/100 brn\n|-unboost|p1a: Great Tusk|def|1\n|-unboost|p1a: Great Tusk|spd|1\n|move|p2a: Scizor|U-turn|p1a: Great Tusk\n|-resisted|p1a: Great Tusk\n|-crit|p1a: Great Tusk\n|-damage|p1a: Great Tusk|86\/100\n|l|+sealoo\n|j| prince5\n|c|\u2606the great mega|the koko block\n|\n|t:|1701049546\n|switch|p2a: Alomomola|Alomomola, F|72\/100|[from] U-turn\n|\n|-heal|p1a: Great Tusk|92\/100|[from] item: Leftovers\n|upkeep\n|turn|19\n|\n|t:|1701049556\n|move|p1a: Great Tusk|Close Combat|p2a: Alomomola\n|-damage|p2a: Alomomola|37\/100\n|-unboost|p1a: Great Tusk|def|1\n|-unboost|p1a: Great Tusk|spd|1\n|move|p2a: Alomomola|Flip Turn|p1a: Great Tusk\n|-damage|p1a: Great Tusk|68\/100\n|\n|t:|1701049565\n|switch|p2a: Tapu Koko|Tapu Koko|100\/100|[from] Flip Turn\n|-fieldstart|move: Electric Terrain|[from] ability: Electric Surge|[of] p2a: Tapu Koko\n|\n|-heal|p1a: Great Tusk|75\/100|[from] item: Leftovers\n|upkeep\n|turn|20\n|\n|t:|1701049571\n|-terastallize|p2a: Tapu Koko|Grass\n|move|p1a: Great Tusk|Rapid Spin|p2a: Tapu Koko\n|-damage|p2a: Tapu Koko|77\/100\n|-boost|p1a: Great Tusk|spe|1\n|move|p2a: Tapu Koko|Thunderbolt|p1a: Great Tusk\n|-damage|p1a: Great Tusk|0 fnt\n|faint|p1a: Great Tusk\n|-end|p1a: Great Tusk|Protosynthesis|[silent]\n|\n|upkeep\n|\n|t:|1701049576\n|switch|p1a: Rillaboom|Rillaboom, M, shiny|100\/100\n|-fieldstart|move: Grassy Terrain|[from] ability: Grassy Surge|[of] p1a: Rillaboom\n|turn|21\n|c|\u2606the great mega|no koko surge\n|\n|t:|1701049598\n|switch|p1a: Sneasler|Sneasler, F, shiny|100\/100\n|-enditem|p1a: Sneasler|Grassy Seed\n|-boost|p1a: Sneasler|def|1|[from] item: Grassy Seed\n|move|p2a: Tapu Koko|Defog|p1a: Sneasler\n|-unboost|p1a: Sneasler|evasion|1\n|-fieldend|move: Grassy Terrain\n|\n|upkeep\n|turn|22\n|\n|t:|1701049605\n|switch|p2a: Scizor|Scizor-Mega, F|22\/100 brn\n|move|p1a: Sneasler|Swords Dance|p1a: Sneasler\n|-boost|p1a: Sneasler|atk|2\n|\n|-damage|p2a: Scizor|16\/100 brn|[from] brn\n|upkeep\n|turn|23\n|\n|t:|1701049609\n|move|p1a: Sneasler|Acrobatics|p2a: Scizor\n|-damage|p2a: Scizor|0 fnt\n|faint|p2a: Scizor\n|\n|upkeep\n|\n|t:|1701049611\n|switch|p2a: Aegislash|Aegislash, F|100\/100\n|turn|24\n|\n|t:|1701049614\n|move|p1a: Sneasler|Lash Out|p2a: Aegislash\n|-supereffective|p2a: Aegislash\n|-damage|p2a: Aegislash|0 fnt\n|faint|p2a: Aegislash\n|\n|upkeep\n|c|\u2606hydroj|oh\n|c|\u2606the great mega|dang\n|c|\u2606hydroj|acro and lashout\n|c|\u2606hydroj|I thought people stop running dark coverage loool\n|l| i hate fs\n|c|\u2606the great mega|nah\n|c|\u2606the great mega|i am outdated\n|c|\u2606hydroj|gg\n|inactive|hydroj has 120 seconds left.\n|c| prince5|yo got this\n|c|\u2606the great mega|i have not played nat dex in weeks\n|c|\u2606the great mega|and gg\n|c| prince5|don't give up\n|c| prince5|you got this\n|inactive|hydroj has 90 seconds left.\n|\n|t:|1701049675\n|switch|p2a: Alomomola|Alomomola, F|70\/100\n|turn|25\n|j| Klawf Up A Lung\n|c|\u2606the great mega|your only hope\n|l| Huryuijujilo\n|c|\u2606the great mega|is low def better be 252+ mola\n|\n|t:|1701049702\n|move|p1a: Sneasler|Close Combat|p2a: Alomomola\n|-damage|p2a: Alomomola|0 fnt\n|-unboost|p1a: Sneasler|def|1\n|-unboost|p1a: Sneasler|spd|1\n|faint|p2a: Alomomola\n|\n|upkeep\n|c|\u2606the great mega|oh gg\n|c|\u2606hydroj|it is\n|c|\u2606hydroj|252+\n|inactive|hydroj has 90 seconds left.\n|c|\u2606the great mega|oh wow\n|c|\u2606hydroj|not max hp tho\n|\n|t:|1701049720\n|switch|p2a: Tapu Koko|Tapu Koko, tera:Grass|77\/100\n|-fieldstart|move: Electric Terrain|[from] ability: Electric Surge|[of] p2a: Tapu Koko\n|turn|26\n|c|\u2606the great mega|thats why\n|c|\u2606the great mega|what you 48 spd\n|\n|t:|1701049733\n|move|p1a: Sneasler|Acrobatics|p2a: Tapu Koko\n|-supereffective|p2a: Tapu Koko\n|-damage|p2a: Tapu Koko|0 fnt\n|faint|p2a: Tapu Koko\n|\n|upkeep\n|c|\u2606hydroj|252 def and spdef\n|c|\u2606the great mega|oh\n|inactive|hydroj has 90 seconds left.\n|\n|t:|1701049744\n|switch|p2a: Iron Valiant|Iron Valiant|79\/100\n|-activate|p2a: Iron Valiant|ability: Quark Drive\n|-start|p2a: Iron Valiant|quarkdrivespe\n|turn|27\n|\n|t:|1701049748\n|move|p1a: Sneasler|Acrobatics|p2a: Iron Valiant\n|-supereffective|p2a: Iron Valiant\n|-damage|p2a: Iron Valiant|0 fnt\n|faint|p2a: Iron Valiant\n|-end|p2a: Iron Valiant|Quark Drive|[silent]\n|\n|win|the great mega\n|n|\u2606the great mega|thegreatmega\n|n|\u2606hydroj|hydroj\n|n| XXMurdrXX|xxmurdrxx\n|n| prince5|prince5\n|n| Klawf Up A Lung|klawfupalung\n|l| prince5\n|c|\u2606the great mega|gg\n|c|\u2606hydroj|gg\n|l|\u2606the great mega\n|l| Klawf Up A Lung\n","uploadtime":1701049776,"views":2,"p1id":"thegreatmega","p2id":"hydroj","formatid":"gen9nationaldex","rating":0,"private":0,"password":""}