{"id":"gen9nationaldex-1992335753","p1":"AstralXS6","p2":"Sinnohcrusader","format":"[Gen 9] National Dex","log":"|j|\u2606AstralXS6\n|j|\u203dSinnohcrusader\n|t:|1700175955\n|gametype|singles\n|player|p1|AstralXS6|hilbert|1131\n|player|p2|Sinnohcrusader|hoopster|1250\n|teamsize|p1|6\n|teamsize|p2|6\n|gen|9\n|tier|[Gen 9] National Dex\n|rated|\n|rule|HP Percentage Mod: HP is shown in percentages\n|rule|Endless Battle Clause: Forcing endless battles is banned\n|rule|OHKO Clause: OHKO moves are banned\n|rule|Evasion Clause: Evasion abilities, items, and moves are banned\n|rule|Evasion Abilities Clause: Evasion abilities are banned\n|rule|Evasion Items Clause: Evasion items are banned\n|rule|Evasion Moves Clause: Evasion moves are banned\n|rule|Species Clause: Limit one of each Pok\u00e9mon\n|rule|Sleep Clause Mod: Limit one foe put to sleep\n|clearpoke\n|poke|p1|Swampert, M|\n|poke|p1|Magneton|\n|poke|p1|Lapras, M|\n|poke|p1|Floatzel, M|\n|poke|p1|Jolteon, M|\n|poke|p1|Umbreon, M|\n|poke|p2|Ferrothorn, F|\n|poke|p2|Pelipper, F|\n|poke|p2|Swampert, F|\n|poke|p2|Urshifu-*, M|\n|poke|p2|Toxapex, M|\n|poke|p2|Tornadus-Therian, M|\n|teampreview\n|inactive|Battle timer is ON: inactive players will automatically lose when time's up. (requested by AstralXS6)\n|\n|t:|1700175964\n|start\n|switch|p1a: Umbreon|Umbreon, M, shiny|100\/100\n|switch|p2a: Pelipper|Pelipper, F|100\/100\n|-weather|RainDance|[from] ability: Drizzle|[of] p2a: Pelipper\n|turn|1\n|\n|t:|1700175967\n|move|p2a: Pelipper|U-turn|p1a: Umbreon\n|-supereffective|p1a: Umbreon\n|-damage|p1a: Umbreon|86\/100\n|\n|t:|1700175970\n|switch|p2a: Swampert|Swampert, F|100\/100|[from] U-turn\n|move|p1a: Umbreon|Curse|p1a: Umbreon\n|-unboost|p1a: Umbreon|spe|1\n|-boost|p1a: Umbreon|atk|1\n|-boost|p1a: Umbreon|def|1\n|\n|-weather|RainDance|[upkeep]\n|-heal|p1a: Umbreon|92\/100|[from] item: Leftovers\n|upkeep\n|turn|2\n|\n|t:|1700175976\n|detailschange|p2a: Swampert|Swampert-Mega, F\n|-mega|p2a: Swampert|Swampert|Swampertite\n|move|p2a: Swampert|Waterfall|p1a: Umbreon\n|-damage|p1a: Umbreon|54\/100\n|move|p1a: Umbreon|Curse|p1a: Umbreon\n|-unboost|p1a: Umbreon|spe|1\n|-boost|p1a: Umbreon|atk|1\n|-boost|p1a: Umbreon|def|1\n|\n|-weather|RainDance|[upkeep]\n|-heal|p1a: Umbreon|60\/100|[from] item: Leftovers\n|upkeep\n|turn|3\n|\n|t:|1700175983\n|move|p2a: Swampert|Waterfall|p1a: Umbreon\n|-damage|p1a: Umbreon|33\/100\n|move|p1a: Umbreon|Moonlight|p1a: Umbreon\n|-heal|p1a: Umbreon|58\/100\n|\n|-weather|RainDance|[upkeep]\n|-heal|p1a: Umbreon|64\/100|[from] item: Leftovers\n|upkeep\n|turn|4\n|\n|t:|1700175989\n|switch|p2a: Ferrothorn|Ferrothorn, F|100\/100\n|move|p1a: Umbreon|Payback|p2a: Ferrothorn\n|-damage|p2a: Ferrothorn|81\/100\n|-damage|p1a: Umbreon|52\/100|[from] ability: Iron Barbs|[of] p2a: Ferrothorn\n|\n|-weather|RainDance|[upkeep]\n|-heal|p1a: Umbreon|58\/100|[from] item: Leftovers\n|-heal|p2a: Ferrothorn|87\/100|[from] item: Leftovers\n|upkeep\n|turn|5\n|\n|t:|1700175998\n|move|p1a: Umbreon|Curse|p1a: Umbreon\n|-unboost|p1a: Umbreon|spe|1\n|-boost|p1a: Umbreon|atk|1\n|-boost|p1a: Umbreon|def|1\n|move|p2a: Ferrothorn|Leech Seed|p1a: Umbreon\n|-start|p1a: Umbreon|move: Leech Seed\n|\n|-weather|RainDance|[upkeep]\n|-heal|p2a: Ferrothorn|93\/100|[from] item: Leftovers\n|-heal|p1a: Umbreon|64\/100|[from] item: Leftovers\n|-damage|p1a: Umbreon|52\/100|[from] Leech Seed|[of] p2a: Ferrothorn\n|-heal|p2a: Ferrothorn|100\/100|[silent]\n|upkeep\n|turn|6\n|\n|t:|1700176000\n|move|p2a: Ferrothorn|Knock Off|p1a: Umbreon\n|-resisted|p1a: Umbreon\n|-damage|p1a: Umbreon|48\/100\n|-enditem|p1a: Umbreon|Leftovers|[from] move: Knock Off|[of] p2a: Ferrothorn\n|move|p1a: Umbreon|Moonlight|p1a: Umbreon\n|-heal|p1a: Umbreon|73\/100\n|\n|-weather|RainDance|[upkeep]\n|-damage|p1a: Umbreon|60\/100|[from] Leech Seed|[of] p2a: Ferrothorn\n|upkeep\n|turn|7\n|\n|t:|1700176007\n|switch|p2a: Toxapex|Toxapex, M|100\/100\n|move|p1a: Umbreon|Moonlight|p1a: Umbreon\n|-heal|p1a: Umbreon|85\/100\n|\n|-weather|RainDance|[upkeep]\n|-damage|p1a: Umbreon|73\/100|[from] Leech Seed|[of] p2a: Toxapex\n|upkeep\n|turn|8\n|\n|t:|1700176010\n|move|p2a: Toxapex|Haze|p2a: Toxapex\n|-clearallboost\n|move|p1a: Umbreon|Payback|p2a: Toxapex\n|-damage|p2a: Toxapex|85\/100\n|\n|-weather|none\n|-damage|p1a: Umbreon|60\/100|[from] Leech Seed|[of] p2a: Toxapex\n|-heal|p2a: Toxapex|100\/100|[silent]\n|upkeep\n|turn|9\n|\n|t:|1700176014\n|move|p1a: Umbreon|Sucker Punch||[still]\n|-fail|p1a: Umbreon\n|move|p2a: Toxapex|Toxic|p1a: Umbreon\n|-status|p1a: Umbreon|tox\n|\n|-damage|p1a: Umbreon|48\/100 tox|[from] Leech Seed|[of] p2a: Toxapex\n|-damage|p1a: Umbreon|42\/100 tox|[from] psn\n|upkeep\n|turn|10\n|\n|t:|1700176024\n|switch|p1a: Jolteon|Jolteon, M|100\/100\n|move|p2a: Toxapex|Scald|p1a: Jolteon\n|-damage|p1a: Jolteon|79\/100\n|\n|upkeep\n|turn|11\n|\n|t:|1700176032\n|switch|p2a: Ferrothorn|Ferrothorn, F|100\/100\n|move|p1a: Jolteon|Thunderbolt|p2a: Ferrothorn\n|-resisted|p2a: Ferrothorn\n|-damage|p2a: Ferrothorn|88\/100\n|\n|-heal|p2a: Ferrothorn|94\/100|[from] item: Leftovers\n|upkeep\n|turn|12\n|\n|t:|1700176041\n|move|p1a: Jolteon|Volt Switch|p2a: Ferrothorn\n|-resisted|p2a: Ferrothorn\n|-damage|p2a: Ferrothorn|83\/100\n|\n|t:|1700176045\n|switch|p1a: Umbreon|Umbreon, M, shiny|42\/100 tox|[from] Volt Switch\n|move|p2a: Ferrothorn|Leech Seed|p1a: Umbreon\n|-start|p1a: Umbreon|move: Leech Seed\n|\n|-heal|p2a: Ferrothorn|89\/100|[from] item: Leftovers\n|-damage|p1a: Umbreon|29\/100 tox|[from] Leech Seed|[of] p2a: Ferrothorn\n|-heal|p2a: Ferrothorn|100\/100|[silent]\n|-damage|p1a: Umbreon|23\/100 tox|[from] psn\n|upkeep\n|turn|13\n|\n|t:|1700176057\n|switch|p2a: Pelipper|Pelipper, F|100\/100\n|-weather|RainDance|[from] ability: Drizzle|[of] p2a: Pelipper\n|move|p1a: Umbreon|Moonlight|p1a: Umbreon\n|-heal|p1a: Umbreon|48\/100 tox\n|\n|-weather|RainDance|[upkeep]\n|-damage|p1a: Umbreon|36\/100 tox|[from] Leech Seed|[of] p2a: Pelipper\n|-damage|p1a: Umbreon|24\/100 tox|[from] psn\n|upkeep\n|turn|14\n|\n|t:|1700176069\n|move|p1a: Umbreon|Sucker Punch|p2a: Pelipper\n|-damage|p2a: Pelipper|86\/100\n|move|p2a: Pelipper|U-turn|p1a: Umbreon\n|-supereffective|p1a: Umbreon\n|-damage|p1a: Umbreon|11\/100 tox\n|\n|t:|1700176075\n|switch|p2a: Swampert|Swampert-Mega, F|100\/100|[from] U-turn\n|\n|-weather|RainDance|[upkeep]\n|-damage|p1a: Umbreon|0 fnt|[from] Leech Seed|[of] p2a: Swampert\n|faint|p1a: Umbreon\n|upkeep\n|\n|t:|1700176079\n|switch|p1a: Lapras|Lapras, M|100\/100\n|turn|15\n|\n|t:|1700176087\n|move|p2a: Swampert|Earthquake|p1a: Lapras\n|-damage|p1a: Lapras|57\/100\n|move|p1a: Lapras|Freeze-Dry|p2a: Swampert\n|-supereffective|p2a: Swampert\n|-damage|p2a: Swampert|22\/100\n|-status|p2a: Swampert|frz\n|\n|-weather|RainDance|[upkeep]\n|upkeep\n|turn|16\n|\n|t:|1700176097\n|cant|p2a: Swampert|frz\n|move|p1a: Lapras|Freeze-Dry|p2a: Swampert\n|-supereffective|p2a: Swampert\n|-damage|p2a: Swampert|0 fnt\n|faint|p2a: Swampert\n|\n|-weather|RainDance|[upkeep]\n|upkeep\n|\n|t:|1700176099\n|switch|p2a: Tornadus|Tornadus-Therian, M|100\/100\n|turn|17\n|\n|t:|1700176102\n|move|p2a: Tornadus|Hurricane|p1a: Lapras\n|-damage|p1a: Lapras|28\/100\n|move|p1a: Lapras|Ancient Power|p2a: Tornadus\n|-supereffective|p2a: Tornadus\n|-damage|p2a: Tornadus|74\/100\n|\n|-weather|RainDance|[upkeep]\n|upkeep\n|turn|18\n|\n|t:|1700176108\n|move|p2a: Tornadus|Hurricane|p1a: Lapras\n|-crit|p1a: Lapras\n|-damage|p1a: Lapras|0 fnt\n|faint|p1a: Lapras\n|\n|-weather|RainDance|[upkeep]\n|upkeep\n|\n|t:|1700176112\n|switch|p1a: Jolteon|Jolteon, M|79\/100\n|turn|19\n|\n|t:|1700176118\n|switch|p2a: Ferrothorn|Ferrothorn, F|100\/100\n|move|p1a: Jolteon|Thunderbolt|p2a: Ferrothorn\n|-resisted|p2a: Ferrothorn\n|-damage|p2a: Ferrothorn|88\/100\n|\n|-weather|RainDance|[upkeep]\n|-heal|p2a: Ferrothorn|94\/100|[from] item: Leftovers\n|upkeep\n|turn|20\n|\n|t:|1700176128\n|move|p1a: Jolteon|Volt Switch|p2a: Ferrothorn\n|-resisted|p2a: Ferrothorn\n|-damage|p2a: Ferrothorn|83\/100\n|\n|t:|1700176131\n|switch|p1a: Floatzel|Floatzel, M|100\/100|[from] Volt Switch\n|move|p2a: Ferrothorn|Leech Seed|p1a: Floatzel\n|-start|p1a: Floatzel|move: Leech Seed\n|\n|-weather|none\n|-heal|p2a: Ferrothorn|90\/100|[from] item: Leftovers\n|-damage|p1a: Floatzel|88\/100|[from] Leech Seed|[of] p2a: Ferrothorn\n|-heal|p2a: Ferrothorn|100\/100|[silent]\n|upkeep\n|turn|21\n|\n|t:|1700176141\n|move|p1a: Floatzel|Low Kick|p2a: Ferrothorn\n|-supereffective|p2a: Ferrothorn\n|-damage|p2a: Ferrothorn|29\/100\n|-damage|p1a: Floatzel|76\/100|[from] ability: Iron Barbs|[of] p2a: Ferrothorn\n|move|p2a: Ferrothorn|Knock Off|p1a: Floatzel\n|-damage|p1a: Floatzel|42\/100\n|-enditem|p1a: Floatzel|Choice Band|[from] move: Knock Off|[of] p2a: Ferrothorn\n|\n|-heal|p2a: Ferrothorn|36\/100|[from] item: Leftovers\n|-damage|p1a: Floatzel|29\/100|[from] Leech Seed|[of] p2a: Ferrothorn\n|-heal|p2a: Ferrothorn|47\/100|[silent]\n|upkeep\n|turn|22\n|\n|t:|1700176146\n|move|p2a: Ferrothorn|Protect|p2a: Ferrothorn\n|-singleturn|p2a: Ferrothorn|Protect\n|move|p1a: Floatzel|Low Kick|p2a: Ferrothorn\n|-activate|p2a: Ferrothorn|move: Protect\n|\n|-heal|p2a: Ferrothorn|53\/100|[from] item: Leftovers\n|-damage|p1a: Floatzel|17\/100|[from] Leech Seed|[of] p2a: Ferrothorn\n|-heal|p2a: Ferrothorn|64\/100|[silent]\n|upkeep\n|turn|23\n|\n|t:|1700176152\n|switch|p2a: Toxapex|Toxapex, M|100\/100\n|move|p1a: Floatzel|Low Kick|p2a: Toxapex\n|-resisted|p2a: Toxapex\n|-damage|p2a: Toxapex|97\/100\n|\n|-damage|p1a: Floatzel|5\/100|[from] Leech Seed|[of] p2a: Toxapex\n|-heal|p2a: Toxapex|100\/100|[silent]\n|upkeep\n|turn|24\n|\n|t:|1700176162\n|move|p1a: Floatzel|Wave Crash|p2a: Toxapex\n|-resisted|p2a: Toxapex\n|-damage|p2a: Toxapex|84\/100\n|-damage|p1a: Floatzel|0 fnt|[from] Recoil\n|faint|p1a: Floatzel\n|move|p2a: Toxapex|Toxic|p1: Floatzel|[notarget]\n|-fail|p2a: Toxapex\n|\n|upkeep\n|\n|t:|1700176167\n|switch|p1a: Swampert|Swampert, M|100\/100\n|turn|25\n|\n|t:|1700176171\n|move|p1a: Swampert|Substitute|p1a: Swampert\n|-start|p1a: Swampert|Substitute\n|-damage|p1a: Swampert|75\/100\n|move|p2a: Toxapex|Toxic||[still]\n|-fail|p2a: Toxapex\n|\n|-heal|p1a: Swampert|82\/100|[from] item: Leftovers\n|upkeep\n|turn|26\n|\n|t:|1700176174\n|move|p1a: Swampert|Bulk Up|p1a: Swampert\n|-boost|p1a: Swampert|atk|1\n|-boost|p1a: Swampert|def|1\n|move|p2a: Toxapex|Scald|p1a: Swampert\n|-activate|p1a: Swampert|move: Substitute|[damage]\n|\n|-heal|p1a: Swampert|88\/100|[from] item: Leftovers\n|upkeep\n|turn|27\n|\n|t:|1700176177\n|move|p1a: Swampert|Earthquake|p2a: Toxapex\n|-supereffective|p2a: Toxapex\n|-damage|p2a: Toxapex|14\/100\n|move|p2a: Toxapex|Haze|p2a: Toxapex\n|-clearallboost\n|\n|-heal|p1a: Swampert|94\/100|[from] item: Leftovers\n|upkeep\n|turn|28\n|\n|t:|1700176185\n|move|p1a: Swampert|Bulk Up|p1a: Swampert\n|-boost|p1a: Swampert|atk|1\n|-boost|p1a: Swampert|def|1\n|move|p2a: Toxapex|Scald|p1a: Swampert\n|-end|p1a: Swampert|Substitute\n|\n|-heal|p1a: Swampert|99\/100|[from] item: Leftovers\n|upkeep\n|turn|29\n|\n|t:|1700176195\n|move|p1a: Swampert|Substitute|p1a: Swampert\n|-start|p1a: Swampert|Substitute\n|-damage|p1a: Swampert|75\/100\n|move|p2a: Toxapex|Haze|p2a: Toxapex\n|-clearallboost\n|\n|-heal|p1a: Swampert|81\/100|[from] item: Leftovers\n|upkeep\n|turn|30\n|\n|t:|1700176200\n|switch|p2a: Pelipper|Pelipper, F|86\/100\n|-weather|RainDance|[from] ability: Drizzle|[of] p2a: Pelipper\n|move|p1a: Swampert|Earthquake|p2a: Pelipper\n|-immune|p2a: Pelipper\n|\n|-weather|RainDance|[upkeep]\n|-heal|p1a: Swampert|88\/100|[from] item: Leftovers\n|upkeep\n|turn|31\n|\n|t:|1700176204\n|move|p1a: Swampert|Bulk Up|p1a: Swampert\n|-boost|p1a: Swampert|atk|1\n|-boost|p1a: Swampert|def|1\n|move|p2a: Pelipper|U-turn|p1a: Swampert\n|-activate|p1a: Swampert|move: Substitute|[damage]\n|\n|t:|1700176206\n|switch|p2a: Tornadus|Tornadus-Therian, M|100\/100|[from] U-turn\n|\n|-weather|RainDance|[upkeep]\n|-heal|p1a: Swampert|94\/100|[from] item: Leftovers\n|upkeep\n|turn|32\n|\n|t:|1700176209\n|move|p2a: Tornadus|Hurricane|p1a: Swampert\n|-end|p1a: Swampert|Substitute\n|move|p1a: Swampert|Bulk Up|p1a: Swampert\n|-boost|p1a: Swampert|atk|1\n|-boost|p1a: Swampert|def|1\n|\n|-weather|RainDance|[upkeep]\n|-heal|p1a: Swampert|99\/100|[from] item: Leftovers\n|upkeep\n|turn|33\n|\n|t:|1700176218\n|-terastallize|p1a: Swampert|Fairy\n|move|p2a: Tornadus|Hurricane|p1a: Swampert\n|-damage|p1a: Swampert|73\/100\n|move|p1a: Swampert|Liquidation|p2a: Tornadus\n|-damage|p2a: Tornadus|7\/100\n|\n|-weather|RainDance|[upkeep]\n|-heal|p1a: Swampert|79\/100|[from] item: Leftovers\n|upkeep\n|turn|34\n|\n|t:|1700176226\n|move|p2a: Tornadus|Hurricane|p1a: Swampert\n|-damage|p1a: Swampert|49\/100\n|-start|p1a: Swampert|confusion\n|-activate|p1a: Swampert|confusion\n|-damage|p1a: Swampert|39\/100|[from] confusion\n|\n|-weather|RainDance|[upkeep]\n|-heal|p1a: Swampert|45\/100|[from] item: Leftovers\n|upkeep\n|turn|35\n|c|\u2606AstralXS6|no grass knot\n|c|\u2606AstralXS6|AND WHY DO YOU HIT YOURSELF SWAMPERT?\n|\n|t:|1700176249\n|move|p2a: Tornadus|Hurricane|p1a: Swampert\n|-damage|p1a: Swampert|16\/100\n|-activate|p1a: Swampert|confusion\n|-damage|p1a: Swampert|7\/100|[from] confusion\n|\n|-weather|RainDance|[upkeep]\n|-heal|p1a: Swampert|14\/100|[from] item: Leftovers\n|upkeep\n|turn|36\n|c|\u2606AstralXS6|DUDE\n|\n|t:|1700176261\n|move|p2a: Tornadus|Hurricane|p1a: Swampert\n|-damage|p1a: Swampert|0 fnt\n|faint|p1a: Swampert\n|\n|-weather|RainDance|[upkeep]\n|upkeep\n|\n|t:|1700176265\n|switch|p1a: Jolteon|Jolteon, M|79\/100\n|turn|37\n|\n|t:|1700176269\n|switch|p2a: Ferrothorn|Ferrothorn, F|64\/100\n|move|p1a: Jolteon|Calm Mind|p1a: Jolteon\n|-boost|p1a: Jolteon|spa|1\n|-boost|p1a: Jolteon|spd|1\n|\n|-weather|none\n|-heal|p2a: Ferrothorn|70\/100|[from] item: Leftovers\n|upkeep\n|turn|38\n|\n|t:|1700176273\n|move|p1a: Jolteon|Tera Blast|p2a: Ferrothorn\n|-resisted|p2a: Ferrothorn\n|-damage|p2a: Ferrothorn|58\/100\n|move|p2a: Ferrothorn|Leech Seed|p1a: Jolteon\n|-start|p1a: Jolteon|move: Leech Seed\n|\n|-heal|p2a: Ferrothorn|64\/100|[from] item: Leftovers\n|-damage|p1a: Jolteon|67\/100|[from] Leech Seed|[of] p2a: Ferrothorn\n|-heal|p2a: Ferrothorn|74\/100|[silent]\n|upkeep\n|turn|39\n|\n|t:|1700176284\n|move|p1a: Jolteon|Calm Mind|p1a: Jolteon\n|-boost|p1a: Jolteon|spa|1\n|-boost|p1a: Jolteon|spd|1\n|move|p2a: Ferrothorn|Knock Off|p1a: Jolteon\n|-damage|p1a: Jolteon|26\/100\n|-enditem|p1a: Jolteon|Heavy-Duty Boots|[from] move: Knock Off|[of] p2a: Ferrothorn\n|\n|-heal|p2a: Ferrothorn|80\/100|[from] item: Leftovers\n|-damage|p1a: Jolteon|13\/100|[from] Leech Seed|[of] p2a: Ferrothorn\n|-heal|p2a: Ferrothorn|89\/100|[silent]\n|upkeep\n|turn|40\n|c|\u2606AstralXS6|thats so much rng\n|\n|t:|1700176295\n|move|p1a: Jolteon|Thunderbolt|p2a: Ferrothorn\n|-resisted|p2a: Ferrothorn\n|-damage|p2a: Ferrothorn|63\/100\n|move|p2a: Ferrothorn|Power Whip|p1a: Jolteon\n|-damage|p1a: Jolteon|0 fnt\n|faint|p1a: Jolteon\n|\n|-heal|p2a: Ferrothorn|69\/100|[from] item: Leftovers\n|upkeep\n|\n|t:|1700176303\n|switch|p1a: Magneton|Magneton|100\/100\n|turn|41\n|\n|t:|1700176312\n|move|p1a: Magneton|Thunder Wave|p2a: Ferrothorn\n|-status|p2a: Ferrothorn|par\n|move|p2a: Ferrothorn|Leech Seed|p1a: Magneton\n|-start|p1a: Magneton|move: Leech Seed\n|\n|-heal|p2a: Ferrothorn|75\/100 par|[from] item: Leftovers\n|-damage|p1a: Magneton|88\/100|[from] Leech Seed|[of] p2a: Ferrothorn\n|-heal|p2a: Ferrothorn|84\/100 par|[silent]\n|upkeep\n|turn|42\n|-message|AstralXS6 forfeited.\n|\n|win|Sinnohcrusader\n|raw|AstralXS6's rating: 1131 &rarr; <strong>1114<\/strong><br \/>(-17 for losing)\n|raw|Sinnohcrusader's rating: 1250 &rarr; <strong>1267<\/strong><br \/>(+17 for winning)\n|l|\u2606AstralXS6\n","uploadtime":1700176330,"views":17,"p1id":"astralxs6","p2id":"sinnohcrusader","formatid":"gen9nationaldex","rating":1114,"private":0,"password":""}