{"id":"gen9nationaldex-1988823073","p1":"qiyuanxing oc","p2":"southeast sirius","format":"[Gen 9] National Dex","log":"|j|\u2606qiyuanxing oc\n|j|\u2606southeast sirius\n|t:|1699768489\n|gametype|singles\n|player|p1|qiyuanxing oc|lillie-masters|1648\n|player|p2|southeast sirius|swimmerf-gen6|1594\n|teamsize|p1|6\n|teamsize|p2|6\n|gen|9\n|tier|[Gen 9] National Dex\n|rated|\n|rule|HP Percentage Mod: HP is shown in percentages\n|rule|Endless Battle Clause: Forcing endless battles is banned\n|rule|OHKO Clause: OHKO moves are banned\n|rule|Evasion Clause: Evasion abilities, items, and moves are banned\n|rule|Evasion Abilities Clause: Evasion abilities are banned\n|rule|Evasion Items Clause: Evasion items are banned\n|rule|Evasion Moves Clause: Evasion moves are banned\n|rule|Species Clause: Limit one of each Pok\u00e9mon\n|rule|Sleep Clause Mod: Limit one foe put to sleep\n|clearpoke\n|poke|p1|Ogerpon-Wellspring, F|\n|poke|p1|Kyurem|\n|poke|p1|Great Tusk|\n|poke|p1|Aegislash, M|\n|poke|p1|Latias, F|\n|poke|p1|Minior-Blue|\n|poke|p2|Cresselia, F|\n|poke|p2|Skarmory, M|\n|poke|p2|Toxapex, F|\n|poke|p2|Garganacl, F|\n|poke|p2|Gliscor, M|\n|poke|p2|Lopunny, F|\n|teampreview\n|\n|t:|1699768498\n|start\n|switch|p1a: Minior|Minior-Blue|100\/100\n|switch|p2a: Gliscor|Gliscor, M|100\/100\n|-formechange|p1a: Minior|Minior-Meteor||[from] ability: Shields Down\n|turn|1\n|\n|t:|1699768517\n|move|p2a: Gliscor|Stealth Rock|p1a: Minior\n|-sidestart|p1: qiyuanxing oc|move: Stealth Rock\n|move|p1a: Minior|Shell Smash|p1a: Minior\n|-unboost|p1a: Minior|def|1\n|-unboost|p1a: Minior|spd|1\n|-boost|p1a: Minior|atk|2\n|-boost|p1a: Minior|spa|2\n|-boost|p1a: Minior|spe|2\n|-enditem|p1a: Minior|White Herb\n|-clearnegativeboost|p1a: Minior|[silent]\n|\n|-status|p2a: Gliscor|tox|[from] item: Toxic Orb\n|upkeep\n|turn|2\n|\n|t:|1699768532\n|move|p1a: Minior|Acrobatics|p2a: Gliscor\n|-damage|p2a: Gliscor|37\/100 tox\n|move|p2a: Gliscor|Knock Off|p1a: Minior\n|-damage|p1a: Minior|79\/100\n|\n|-heal|p2a: Gliscor|50\/100 tox|[from] ability: Poison Heal\n|upkeep\n|turn|3\n|\n|t:|1699768546\n|switch|p2a: Skarmory|Skarmory, M|100\/100\n|move|p1a: Minior|Acrobatics|p2a: Skarmory\n|-resisted|p2a: Skarmory\n|-damage|p2a: Skarmory|78\/100\n|-damage|p1a: Minior|63\/100|[from] item: Rocky Helmet|[of] p2a: Skarmory\n|\n|upkeep\n|turn|4\n|\n|t:|1699768552\n|move|p1a: Minior|Power Gem|p2a: Skarmory\n|-damage|p2a: Skarmory|27\/100\n|move|p2a: Skarmory|Iron Defense|p2a: Skarmory\n|-boost|p2a: Skarmory|def|2\n|\n|upkeep\n|turn|5\n|\n|t:|1699768556\n|move|p1a: Minior|Power Gem|p2a: Skarmory\n|-damage|p2a: Skarmory|0 fnt\n|faint|p2a: Skarmory\n|\n|upkeep\n|\n|t:|1699768558\n|switch|p2a: Lopunny|Lopunny, F|100\/100\n|turn|6\n|\n|t:|1699768561\n|detailschange|p2a: Lopunny|Lopunny-Mega, F\n|-mega|p2a: Lopunny|Lopunny|Lopunnite\n|move|p2a: Lopunny|Fake Out|p1a: Minior\n|-resisted|p1a: Minior\n|-damage|p1a: Minior|48\/100\n|cant|p1a: Minior|flinch\n|\n|-formechange|p1a: Minior|Minior-Blue||[from] ability: Shields Down\n|upkeep\n|turn|7\n|\n|t:|1699768579\n|switch|p2a: Gliscor|Gliscor, M|50\/100 tox\n|move|p1a: Minior|Acrobatics|p2a: Gliscor\n|-damage|p2a: Gliscor|0 fnt\n|faint|p2a: Gliscor\n|\n|upkeep\n|\n|t:|1699768581\n|switch|p2a: Toxapex|Toxapex, F|100\/100\n|turn|8\n|\n|t:|1699768586\n|-terastallize|p1a: Minior|Ground\n|move|p1a: Minior|Earthquake|p2a: Toxapex\n|-supereffective|p2a: Toxapex\n|-damage|p2a: Toxapex|0 fnt\n|faint|p2a: Toxapex\n|\n|upkeep\n|-message|southeast sirius forfeited.\n|\n|win|qiyuanxing oc\n|raw|qiyuanxing oc's rating: 1648 &rarr; <strong>1665<\/strong><br \/>(+17 for winning)\n|raw|southeast sirius's rating: 1594 &rarr; <strong>1577<\/strong><br \/>(-17 for losing)\n|l|\u2606southeast sirius\n","uploadtime":1699768604,"views":18,"p1id":"qiyuanxingoc","p2id":"southeastsirius","formatid":"gen9nationaldex","rating":1577,"private":0,"password":""}