{"id":"gen9nationaldex-1987631169","p1":"Corbanpy05","p2":"IceBerryCoffee","format":"[Gen 9] National Dex","log":"|j|\u2606Corbanpy05\n|j|\u2606IceBerryCoffee\n|t:|1699621841\n|gametype|singles\n|player|p1|Corbanpy05|red|1270\n|player|p2|IceBerryCoffee|101|1336\n|teamsize|p1|6\n|teamsize|p2|6\n|gen|9\n|tier|[Gen 9] National Dex\n|rated|\n|rule|HP Percentage Mod: HP is shown in percentages\n|rule|Endless Battle Clause: Forcing endless battles is banned\n|rule|OHKO Clause: OHKO moves are banned\n|rule|Evasion Clause: Evasion abilities, items, and moves are banned\n|rule|Evasion Abilities Clause: Evasion abilities are banned\n|rule|Evasion Items Clause: Evasion items are banned\n|rule|Evasion Moves Clause: Evasion moves are banned\n|rule|Species Clause: Limit one of each Pok\u00e9mon\n|rule|Sleep Clause Mod: Limit one foe put to sleep\n|clearpoke\n|poke|p1|Charizard, M|\n|poke|p1|Haxorus, M|\n|poke|p1|Ferrothorn, M|\n|poke|p1|Corviknight, M|\n|poke|p1|Tyranitar, M|\n|poke|p1|Skeledirge, M|\n|poke|p2|Scizor, M|\n|poke|p2|Great Tusk|\n|poke|p2|Volcarona, M|\n|poke|p2|Landorus-Therian, M|\n|poke|p2|Munkidori, M|\n|poke|p2|Rotom-Wash|\n|teampreview\n|inactive|Battle timer is ON: inactive players will automatically lose when time's up. (requested by IceBerryCoffee)\n|\n|t:|1699621854\n|start\n|switch|p1a: Skeledirge|Skeledirge, M|100\/100\n|switch|p2a: Rotom|Rotom-Wash|100\/100\n|turn|1\n|\n|t:|1699621861\n|switch|p1a: Ferrothorn|Ferrothorn, M|100\/100\n|move|p2a: Rotom|Hydro Pump|p1a: Ferrothorn|[miss]\n|-miss|p2a: Rotom|p1a: Ferrothorn\n|\n|upkeep\n|turn|2\n|\n|t:|1699621868\n|switch|p2a: Volcarona|Volcarona, M|100\/100\n|move|p1a: Ferrothorn|Thunder Wave|p2a: Volcarona\n|-status|p2a: Volcarona|par\n|\n|upkeep\n|turn|3\n|\n|t:|1699621881\n|switch|p1a: Skeledirge|Skeledirge, M|100\/100\n|move|p2a: Volcarona|Giga Drain|p1a: Skeledirge\n|-resisted|p1a: Skeledirge\n|-damage|p1a: Skeledirge|86\/100\n|\n|-heal|p1a: Skeledirge|92\/100|[from] item: Leftovers\n|upkeep\n|turn|4\n|\n|t:|1699621888\n|switch|p2a: Landorus|Landorus-Therian, M|100\/100\n|-ability|p2a: Landorus|Intimidate|boost\n|-unboost|p1a: Skeledirge|atk|1\n|move|p1a: Skeledirge|Torch Song|p2a: Landorus\n|-damage|p2a: Landorus|62\/100\n|-boost|p1a: Skeledirge|spa|1\n|\n|-heal|p1a: Skeledirge|98\/100|[from] item: Leftovers\n|upkeep\n|turn|5\n|\n|t:|1699621898\n|move|p2a: Landorus|Earthquake|p1a: Skeledirge\n|-supereffective|p1a: Skeledirge\n|-damage|p1a: Skeledirge|35\/100\n|move|p1a: Skeledirge|Will-O-Wisp|p2a: Landorus\n|-status|p2a: Landorus|brn\n|\n|-heal|p1a: Skeledirge|42\/100|[from] item: Leftovers\n|-damage|p2a: Landorus|56\/100 brn|[from] brn\n|upkeep\n|turn|6\n|\n|t:|1699621907\n|switch|p1a: Corviknight|Corviknight, M|100\/100\n|move|p2a: Landorus|Stealth Rock|p1a: Corviknight\n|-sidestart|p1: Corbanpy05|move: Stealth Rock\n|\n|-damage|p2a: Landorus|50\/100 brn|[from] brn\n|upkeep\n|turn|7\n|\n|t:|1699621914\n|switch|p2a: Rotom|Rotom-Wash|100\/100\n|move|p1a: Corviknight|Defog|p2a: Rotom\n|-unboost|p2a: Rotom|evasion|1\n|-sideend|p1: Corbanpy05|Stealth Rock|[from] move: Defog|[of] p1a: Corviknight\n|\n|upkeep\n|turn|8\n|\n|t:|1699621922\n|switch|p1a: Ferrothorn|Ferrothorn, M|100\/100\n|move|p2a: Rotom|Hydro Pump|p1a: Ferrothorn\n|-resisted|p1a: Ferrothorn\n|-damage|p1a: Ferrothorn|83\/100\n|\n|upkeep\n|turn|9\n|\n|t:|1699621929\n|switch|p2a: Volcarona|Volcarona, M|100\/100 par\n|move|p1a: Ferrothorn|Leech Seed|p2a: Volcarona\n|-start|p2a: Volcarona|move: Leech Seed\n|\n|-damage|p2a: Volcarona|88\/100 par|[from] Leech Seed|[of] p1a: Ferrothorn\n|-heal|p1a: Ferrothorn|94\/100|[silent]\n|upkeep\n|turn|10\n|\n|t:|1699621936\n|switch|p2a: Rotom|Rotom-Wash|100\/100\n|move|p1a: Ferrothorn|Protect||[still]\n|-fail|p1a: Ferrothorn\n|\n|upkeep\n|turn|11\n|\n|t:|1699621942\n|move|p2a: Rotom|Trick|p1a: Ferrothorn\n|-activate|p2a: Rotom|move: Trick|[of] p1a: Ferrothorn\n|-item|p1a: Ferrothorn|Choice Scarf|[from] move: Trick\n|-item|p2a: Rotom|Rocky Helmet|[from] move: Trick\n|move|p1a: Ferrothorn|Thunder Wave|p2a: Rotom\n|-immune|p2a: Rotom\n|\n|upkeep\n|turn|12\n|\n|t:|1699621950\n|move|p2a: Rotom|Will-O-Wisp|p1a: Ferrothorn|[miss]\n|-miss|p2a: Rotom|p1a: Ferrothorn\n|move|p1a: Ferrothorn|Thunder Wave|p2a: Rotom\n|-immune|p2a: Rotom\n|\n|upkeep\n|turn|13\n|\n|t:|1699621966\n|switch|p1a: Skeledirge|Skeledirge, M|42\/100\n|move|p2a: Rotom|Hydro Pump|p1a: Skeledirge\n|-supereffective|p1a: Skeledirge\n|-damage|p1a: Skeledirge|0 fnt\n|faint|p1a: Skeledirge\n|\n|upkeep\n|\n|t:|1699621971\n|switch|p1a: Charizard|Charizard, M, shiny|100\/100\n|turn|14\n|\n|t:|1699621989\n|detailschange|p1a: Charizard|Charizard-Mega-Y, M, shiny\n|-mega|p1a: Charizard|Charizard|Charizardite Y\n|-weather|SunnyDay|[from] ability: Drought|[of] p1a: Charizard\n|-terastallize|p2a: Rotom|Ghost\n|move|p1a: Charizard|Solar Beam||[still]\n|-prepare|p1a: Charizard|Solar Beam\n|-anim|p1a: Charizard|Solar Beam|p2a: Rotom\n|-damage|p2a: Rotom|48\/100\n|move|p2a: Rotom|Volt Switch|p1a: Charizard\n|-supereffective|p1a: Charizard\n|-damage|p1a: Charizard|53\/100\n|\n|t:|1699622009\n|switch|p2a: Munkidori|Munkidori, M|100\/100|[from] Volt Switch\n|\n|-weather|SunnyDay|[upkeep]\n|upkeep\n|turn|15\n|\n|t:|1699622022\n|switch|p1a: Corviknight|Corviknight, M|100\/100\n|move|p2a: Munkidori|Psychic|p1a: Corviknight\n|-resisted|p1a: Corviknight\n|-damage|p1a: Corviknight|78\/100\n|\n|-weather|SunnyDay|[upkeep]\n|upkeep\n|turn|16\n|\n|t:|1699622031\n|switch|p2a: Volcarona|Volcarona, M|88\/100 par\n|move|p1a: Corviknight|Tailwind|p1a: Corviknight\n|-sidestart|p1: Corbanpy05|move: Tailwind\n|\n|-weather|SunnyDay|[upkeep]\n|upkeep\n|turn|17\n|\n|t:|1699622037\n|move|p1a: Corviknight|Brave Bird|p2a: Volcarona\n|-supereffective|p2a: Volcarona\n|-damage|p2a: Volcarona|0 fnt\n|faint|p2a: Volcarona\n|-damage|p1a: Corviknight|56\/100|[from] Recoil\n|\n|-weather|SunnyDay|[upkeep]\n|upkeep\n|\n|t:|1699622055\n|switch|p2a: Rotom|Rotom-Wash, tera:Ghost|48\/100\n|turn|18\n|\n|t:|1699622061\n|move|p1a: Corviknight|Brave Bird|p2a: Rotom\n|-damage|p2a: Rotom|7\/100\n|-damage|p1a: Corviknight|39\/100|[from] item: Rocky Helmet|[of] p2a: Rotom\n|-damage|p1a: Corviknight|29\/100|[from] Recoil\n|move|p2a: Rotom|Volt Switch|p1a: Corviknight\n|-supereffective|p1a: Corviknight\n|-damage|p1a: Corviknight|0 fnt\n|faint|p1a: Corviknight\n|\n|t:|1699622073\n|switch|p2a: Landorus|Landorus-Therian, M|50\/100 brn|[from] Volt Switch\n|\n|-weather|none\n|-damage|p2a: Landorus|44\/100 brn|[from] brn\n|upkeep\n|\n|t:|1699622080\n|switch|p1a: Charizard|Charizard-Mega-Y, M, shiny|53\/100\n|-weather|SunnyDay|[from] ability: Drought|[of] p1a: Charizard\n|turn|19\n|\n|t:|1699622084\n|move|p1a: Charizard|Flamethrower|p2a: Landorus\n|-damage|p2a: Landorus|0 fnt\n|faint|p2a: Landorus\n|\n|-weather|SunnyDay|[upkeep]\n|-sideend|p1: Corbanpy05|move: Tailwind\n|upkeep\n|\n|t:|1699622091\n|switch|p2a: Munkidori|Munkidori, M|100\/100\n|turn|20\n|\n|t:|1699622096\n|switch|p1a: Tyranitar|Tyranitar, M|100\/100\n|-weather|Sandstorm|[from] ability: Sand Stream|[of] p1a: Tyranitar\n|move|p2a: Munkidori|Parting Shot|p1a: Tyranitar\n|-unboost|p1a: Tyranitar|atk|1\n|-unboost|p1a: Tyranitar|spa|1\n|\n|t:|1699622109\n|switch|p2a: Great Tusk|Great Tusk|100\/100|[from] Parting Shot\n|\n|-weather|Sandstorm|[upkeep]\n|upkeep\n|turn|21\n|\n|t:|1699622116\n|switch|p1a: Ferrothorn|Ferrothorn, M|94\/100\n|move|p2a: Great Tusk|Rapid Spin|p1a: Ferrothorn\n|-resisted|p1a: Ferrothorn\n|-damage|p1a: Ferrothorn|88\/100\n|-boost|p2a: Great Tusk|spe|1\n|-damage|p2a: Great Tusk|88\/100|[from] ability: Iron Barbs|[of] p1a: Ferrothorn\n|\n|-weather|Sandstorm|[upkeep]\n|upkeep\n|turn|22\n|\n|t:|1699622125\n|move|p2a: Great Tusk|Close Combat|p1a: Ferrothorn\n|-supereffective|p1a: Ferrothorn\n|-damage|p1a: Ferrothorn|18\/100\n|-unboost|p2a: Great Tusk|def|1\n|-unboost|p2a: Great Tusk|spd|1\n|-damage|p2a: Great Tusk|76\/100|[from] ability: Iron Barbs|[of] p1a: Ferrothorn\n|move|p1a: Ferrothorn|Leech Seed|p2a: Great Tusk\n|-start|p2a: Great Tusk|move: Leech Seed\n|\n|-weather|Sandstorm|[upkeep]\n|-damage|p2a: Great Tusk|63\/100|[from] Leech Seed|[of] p1a: Ferrothorn\n|-heal|p1a: Ferrothorn|31\/100|[silent]\n|upkeep\n|turn|23\n|\n|t:|1699622135\n|move|p2a: Great Tusk|Close Combat|p1a: Ferrothorn\n|-supereffective|p1a: Ferrothorn\n|-damage|p1a: Ferrothorn|0 fnt\n|-unboost|p2a: Great Tusk|def|1\n|-unboost|p2a: Great Tusk|spd|1\n|-damage|p2a: Great Tusk|51\/100|[from] ability: Iron Barbs|[of] p1a: Ferrothorn\n|faint|p1a: Ferrothorn\n|\n|-weather|Sandstorm|[upkeep]\n|upkeep\n|\n|t:|1699622138\n|switch|p1a: Charizard|Charizard-Mega-Y, M, shiny|53\/100\n|-weather|SunnyDay|[from] ability: Drought|[of] p1a: Charizard\n|-activate|p2a: Great Tusk|ability: Protosynthesis\n|-start|p2a: Great Tusk|protosynthesisspe\n|turn|24\n|\n|t:|1699622152\n|move|p2a: Great Tusk|Ice Spinner|p1a: Charizard\n|-damage|p1a: Charizard|12\/100\n|move|p1a: Charizard|Solar Beam||[still]\n|-prepare|p1a: Charizard|Solar Beam\n|-anim|p1a: Charizard|Solar Beam|p2a: Great Tusk\n|-supereffective|p2a: Great Tusk\n|-damage|p2a: Great Tusk|0 fnt\n|faint|p2a: Great Tusk\n|-end|p2a: Great Tusk|Protosynthesis|[silent]\n|\n|-weather|SunnyDay|[upkeep]\n|upkeep\n|\n|t:|1699622166\n|switch|p2a: Scizor|Scizor, M|100\/100\n|turn|25\n|\n|t:|1699622178\n|switch|p1a: Tyranitar|Tyranitar, M|100\/100\n|-weather|Sandstorm|[from] ability: Sand Stream|[of] p1a: Tyranitar\n|move|p2a: Scizor|Bullet Punch|p1a: Tyranitar\n|-supereffective|p1a: Tyranitar\n|-damage|p1a: Tyranitar|47\/100\n|\n|-weather|Sandstorm|[upkeep]\n|upkeep\n|turn|26\n|\n|t:|1699622191\n|switch|p1a: Haxorus|Haxorus, M, shiny|100\/100\n|-ability|p1a: Haxorus|Mold Breaker\n|move|p2a: Scizor|Bullet Punch|p1a: Haxorus\n|-damage|p1a: Haxorus|58\/100\n|\n|-weather|Sandstorm|[upkeep]\n|-damage|p1a: Haxorus|52\/100|[from] Sandstorm\n|upkeep\n|turn|27\n|\n|t:|1699622211\n|detailschange|p2a: Scizor|Scizor-Mega, M\n|-mega|p2a: Scizor|Scizor|Scizorite\n|-terastallize|p1a: Haxorus|Steel\n|move|p1a: Haxorus|Dragon Dance|p1a: Haxorus\n|-boost|p1a: Haxorus|atk|1\n|-boost|p1a: Haxorus|spe|1\n|move|p2a: Scizor|Swords Dance|p2a: Scizor\n|-boost|p2a: Scizor|atk|2\n|\n|-weather|Sandstorm|[upkeep]\n|upkeep\n|turn|28\n|\n|t:|1699622227\n|move|p1a: Haxorus|Earthquake|p2a: Scizor\n|-damage|p2a: Scizor|61\/100\n|move|p2a: Scizor|Close Combat|p1a: Haxorus\n|-supereffective|p1a: Haxorus\n|-damage|p1a: Haxorus|0 fnt\n|-unboost|p2a: Scizor|def|1\n|-unboost|p2a: Scizor|spd|1\n|faint|p1a: Haxorus\n|\n|-weather|Sandstorm|[upkeep]\n|upkeep\n|\n|t:|1699622234\n|switch|p1a: Charizard|Charizard-Mega-Y, M, shiny|12\/100\n|-weather|SunnyDay|[from] ability: Drought|[of] p1a: Charizard\n|turn|29\n|\n|t:|1699622238\n|move|p2a: Scizor|Bullet Punch|p1a: Charizard\n|-resisted|p1a: Charizard\n|-damage|p1a: Charizard|0 fnt\n|faint|p1a: Charizard\n|\n|-weather|SunnyDay|[upkeep]\n|upkeep\n|-message|Corbanpy05 forfeited.\n|\n|win|IceBerryCoffee\n|raw|Corbanpy05's rating: 1270 &rarr; <strong>1250<\/strong><br \/>(-20 for losing)\n|raw|IceBerryCoffee's rating: 1336 &rarr; <strong>1352<\/strong><br \/>(+16 for winning)\n|l|\u2606Corbanpy05\n","uploadtime":1699622247,"views":4,"p1id":"corbanpy05","p2id":"iceberrycoffee","formatid":"gen9nationaldex","rating":1250,"private":0,"password":""}