{"id":"gen9nationaldex-1997059128","p1":"AhiruChan","p2":"gliscorforuu","format":"[Gen 9] National Dex","log":"|html|<div class=\"broadcast-blue\"><strong>[Gen 9] National Dex is currently suspecting Sneasler! For information on how to participate check out the <a href=\"https:\/\/www.smogon.com\/forums\/threads\/sv-national-dex-suspect-8-just-dance.3731534\/\">suspect thread<\/a>.<\/strong><\/div>\n|j|\u2606AhiruChan\n|j|\u2606gliscorforuu\n|t:|1700760382\n|gametype|singles\n|player|p1|AhiruChan|waitress|1296\n|player|p2|gliscorforuu|ingo|1402\n|teamsize|p1|6\n|teamsize|p2|6\n|gen|9\n|tier|[Gen 9] National Dex\n|rated|\n|rule|HP Percentage Mod: HP is shown in percentages\n|rule|Endless Battle Clause: Forcing endless battles is banned\n|rule|OHKO Clause: OHKO moves are banned\n|rule|Evasion Clause: Evasion abilities, items, and moves are banned\n|rule|Evasion Abilities Clause: Evasion abilities are banned\n|rule|Evasion Items Clause: Evasion items are banned\n|rule|Evasion Moves Clause: Evasion moves are banned\n|rule|Species Clause: Limit one of each Pok\u00e9mon\n|rule|Sleep Clause Mod: Limit one foe put to sleep\n|clearpoke\n|poke|p1|Empoleon, F|\n|poke|p1|Lopunny, F|\n|poke|p1|Rillaboom, F|\n|poke|p1|Sneasler, M|\n|poke|p1|Volcarona, M|\n|poke|p1|Gliscor, M|\n|poke|p2|Blacephalon|\n|poke|p2|Gliscor, F|\n|poke|p2|Lilligant-Hisui, F|\n|poke|p2|Toxapex, F|\n|poke|p2|Diancie|\n|poke|p2|Tapu Lele|\n|teampreview\n|inactive|Battle timer is ON: inactive players will automatically lose when time's up. (requested by gliscorforuu)\n|inactive|AhiruChan also wants the timer to be on.\n|\n|t:|1700760406\n|start\n|switch|p1a: Lopunny|Lopunny, F|100\/100\n|switch|p2a: Diancie|Diancie|100\/100\n|turn|1\n|inactive|AhiruChan has 120 seconds left.\n|inactive|gliscorforuu has 120 seconds left.\n|j| drop a burn\n|inactive|AhiruChan has 90 seconds left.\n|inactive|AhiruChan has 60 seconds left.\n|inactive|AhiruChan has 30 seconds left.\n|\n|t:|1700760529\n|detailschange|p1a: Lopunny|Lopunny-Mega, F\n|-mega|p1a: Lopunny|Lopunny|Lopunnite\n|detailschange|p2a: Diancie|Diancie-Mega\n|-mega|p2a: Diancie|Diancie|Diancite\n|move|p1a: Lopunny|Fake Out|p2a: Diancie\n|-resisted|p2a: Diancie\n|-damage|p2a: Diancie|85\/100\n|cant|p2a: Diancie|flinch\n|\n|upkeep\n|turn|2\n|\n|t:|1700760537\n|move|p1a: Lopunny|U-turn|p2a: Diancie\n|-resisted|p2a: Diancie\n|-damage|p2a: Diancie|69\/100\n|\n|t:|1700760543\n|switch|p1a: Gliscor|Gliscor, M|100\/100|[from] U-turn\n|move|p2a: Diancie|Moonblast|p1a: Gliscor\n|-damage|p1a: Gliscor|34\/100\n|\n|-status|p1a: Gliscor|tox|[from] item: Toxic Orb\n|upkeep\n|turn|3\n|inactive|AhiruChan has 30 seconds left.\n|inactive|AhiruChan has 20 seconds left.\n|inactive|gliscorforuu has 120 seconds left.\n|inactive|AhiruChan has 15 seconds left.\n|\n|t:|1700760586\n|move|p1a: Gliscor|Protect|p1a: Gliscor\n|-singleturn|p1a: Gliscor|Protect\n|move|p2a: Diancie|Moonblast|p1a: Gliscor\n|-activate|p1a: Gliscor|move: Protect\n|\n|-heal|p1a: Gliscor|47\/100 tox|[from] ability: Poison Heal\n|upkeep\n|turn|4\n|inactive|AhiruChan has 25 seconds left this turn.\n|\n|t:|1700760591\n|switch|p1a: Empoleon|Empoleon, F|100\/100\n|move|p2a: Diancie|Moonblast|p1a: Empoleon\n|-resisted|p1a: Empoleon\n|-damage|p1a: Empoleon|80\/100\n|\n|-heal|p1a: Empoleon|87\/100|[from] item: Leftovers\n|upkeep\n|turn|5\n|inactive|gliscorforuu has 120 seconds left.\n|\n|t:|1700760608\n|switch|p2a: Lilligant|Lilligant-Hisui, F|100\/100\n|move|p1a: Empoleon|Scald|p2a: Lilligant\n|-resisted|p2a: Lilligant\n|-damage|p2a: Lilligant|76\/100\n|\n|-heal|p1a: Empoleon|93\/100|[from] item: Leftovers\n|upkeep\n|turn|6\n|inactive|AhiruChan has 30 seconds left.\n|inactive|AhiruChan has 20 seconds left.\n|inactive|AhiruChan has 15 seconds left.\n|inactive|AhiruChan has 10 seconds left.\n|\n|t:|1700760647\n|switch|p1a: Gliscor|Gliscor, M|47\/100 tox\n|move|p2a: Lilligant|Victory Dance|p2a: Lilligant\n|-boost|p2a: Lilligant|atk|1\n|-boost|p2a: Lilligant|def|1\n|-boost|p2a: Lilligant|spe|1\n|\n|-heal|p1a: Gliscor|59\/100 tox|[from] ability: Poison Heal\n|upkeep\n|turn|7\n|inactive|AhiruChan has 20 seconds left this turn.\n|inactive|AhiruChan has 15 seconds left.\n|inactive|gliscorforuu has 120 seconds left.\n|\n|t:|1700760653\n|move|p2a: Lilligant|Leaf Blade|p1a: Gliscor\n|-damage|p1a: Gliscor|0 fnt\n|faint|p1a: Gliscor\n|\n|upkeep\n|inactive|AhiruChan has 20 seconds left this turn.\n|inactive|AhiruChan has 15 seconds left.\n|\n|t:|1700760660\n|switch|p1a: Lopunny|Lopunny-Mega, F|100\/100\n|turn|8\n|inactive|AhiruChan has 25 seconds left this turn.\n|\n|t:|1700760664\n|move|p1a: Lopunny|Fake Out|p2a: Lilligant\n|-damage|p2a: Lilligant|52\/100\n|move|p2a: Lilligant|Victory Dance|p2a: Lilligant\n|-boost|p2a: Lilligant|atk|1\n|-boost|p2a: Lilligant|def|1\n|-boost|p2a: Lilligant|spe|1\n|\n|upkeep\n|turn|9\n|inactive|AhiruChan has 30 seconds left.\n|\n|t:|1700760680\n|switch|p1a: Rillaboom|Rillaboom, F|100\/100\n|-fieldstart|move: Grassy Terrain|[from] ability: Grassy Surge|[of] p1a: Rillaboom\n|move|p2a: Lilligant|Leaf Blade|p1a: Rillaboom\n|-resisted|p1a: Rillaboom\n|-damage|p1a: Rillaboom|12\/100\n|\n|-heal|p2a: Lilligant|59\/100|[from] Grassy Terrain\n|-heal|p1a: Rillaboom|18\/100|[from] Grassy Terrain\n|upkeep\n|turn|10\n|\n|t:|1700760686\n|move|p1a: Rillaboom|Grassy Glide|p2a: Lilligant\n|-resisted|p2a: Lilligant\n|-damage|p2a: Lilligant|40\/100\n|-damage|p1a: Rillaboom|8\/100|[from] item: Life Orb\n|move|p2a: Lilligant|Synthesis|p2a: Lilligant\n|-heal|p2a: Lilligant|90\/100\n|\n|-heal|p2a: Lilligant|96\/100|[from] Grassy Terrain\n|-heal|p1a: Rillaboom|14\/100|[from] Grassy Terrain\n|upkeep\n|turn|11\n|\n|t:|1700760693\n|move|p2a: Lilligant|Victory Dance|p2a: Lilligant\n|-boost|p2a: Lilligant|atk|1\n|-boost|p2a: Lilligant|def|1\n|-boost|p2a: Lilligant|spe|1\n|move|p1a: Rillaboom|Wood Hammer|p2a: Lilligant\n|-resisted|p2a: Lilligant\n|-damage|p2a: Lilligant|66\/100\n|-damage|p1a: Rillaboom|6\/100|[from] Recoil\n|-damage|p1a: Rillaboom|0 fnt|[from] item: Life Orb\n|faint|p1a: Rillaboom\n|\n|-heal|p2a: Lilligant|72\/100|[from] Grassy Terrain\n|upkeep\n|\n|t:|1700760696\n|switch|p1a: Sneasler|Sneasler, M|100\/100\n|-enditem|p1a: Sneasler|Grassy Seed\n|-boost|p1a: Sneasler|def|1|[from] item: Grassy Seed\n|turn|12\n|\n|t:|1700760711\n|-terastallize|p2a: Lilligant|Fighting\n|-terastallize|p1a: Sneasler|Flying\n|move|p2a: Lilligant|Close Combat|p1a: Sneasler\n|-resisted|p1a: Sneasler\n|-damage|p1a: Sneasler|0 fnt\n|-unboost|p2a: Lilligant|def|1\n|-unboost|p2a: Lilligant|spd|1\n|faint|p1a: Sneasler\n|\n|-heal|p2a: Lilligant|78\/100|[from] Grassy Terrain\n|upkeep\n|-message|AhiruChan forfeited.\n|\n|win|gliscorforuu\n|raw|AhiruChan's rating: 1296 &rarr; <strong>1278<\/strong><br \/>(-18 for losing)\n|raw|gliscorforuu's rating: 1402 &rarr; <strong>1416<\/strong><br \/>(+14 for winning)\n|l|\u2606AhiruChan\n","uploadtime":1700760732,"views":11,"p1id":"ahiruchan","p2id":"gliscorforuu","formatid":"gen9nationaldex","rating":1278,"private":0,"password":""}