{"id":"gen9nationaldex-1994474662","p1":"psng","p2":"Preppy dude","format":"[Gen 9] National Dex","log":"|j|\u2606psng\n|j|\u2606Preppy dude\n|t:|1700448148\n|gametype|singles\n|player|p1|psng|wallace|1475\n|player|p2|Preppy dude|101|1516\n|teamsize|p1|6\n|teamsize|p2|6\n|gen|9\n|tier|[Gen 9] National Dex\n|rated|\n|rule|HP Percentage Mod: HP is shown in percentages\n|rule|Endless Battle Clause: Forcing endless battles is banned\n|rule|OHKO Clause: OHKO moves are banned\n|rule|Evasion Clause: Evasion abilities, items, and moves are banned\n|rule|Evasion Abilities Clause: Evasion abilities are banned\n|rule|Evasion Items Clause: Evasion items are banned\n|rule|Evasion Moves Clause: Evasion moves are banned\n|rule|Species Clause: Limit one of each Pok\u00e9mon\n|rule|Sleep Clause Mod: Limit one foe put to sleep\n|clearpoke\n|poke|p1|Pelipper, M|\n|poke|p1|Tapu Lele|\n|poke|p1|Swampert, F|\n|poke|p1|Greninja-*, M|\n|poke|p1|Zapdos|\n|poke|p1|Ferrothorn, F|\n|poke|p2|Metagross|\n|poke|p2|Sneasler, F|\n|poke|p2|Scizor, F|\n|poke|p2|Sharpedo, M|\n|poke|p2|Spiritomb, F|\n|poke|p2|Magnezone|\n|teampreview\n|inactive|Battle timer is ON: inactive players will automatically lose when time's up. (requested by Preppy dude)\n|inactive|psng also wants the timer to be on.\n|\n|t:|1700448152\n|start\n|switch|p1a: Pelipper|Pelipper, M, shiny|100\/100\n|switch|p2a: Sneasler|Sneasler, F|100\/100\n|-weather|RainDance|[from] ability: Drizzle|[of] p1a: Pelipper\n|turn|1\n|\n|t:|1700448159\n|switch|p1a: Zapdos|Zapdos, shiny|100\/100\n|move|p2a: Sneasler|Fake Out|p1a: Zapdos\n|-damage|p1a: Zapdos|91\/100\n|-status|p1a: Zapdos|psn|[from] ability: Poison Touch|[of] p2a: Sneasler\n|\n|-weather|RainDance|[upkeep]\n|-damage|p1a: Zapdos|79\/100 psn|[from] psn\n|upkeep\n|turn|2\n|\n|t:|1700448170\n|move|p2a: Sneasler|Dire Claw|p1a: Zapdos\n|-damage|p1a: Zapdos|48\/100 psn\n|move|p1a: Zapdos|Hurricane|p2a: Sneasler\n|-supereffective|p2a: Sneasler\n|-enditem|p2a: Sneasler|Focus Sash\n|-damage|p2a: Sneasler|1\/100\n|\n|-weather|RainDance|[upkeep]\n|-damage|p1a: Zapdos|36\/100 psn|[from] psn\n|upkeep\n|turn|3\n|\n|t:|1700448181\n|move|p2a: Sneasler|Close Combat|p1a: Zapdos\n|-resisted|p1a: Zapdos\n|-damage|p1a: Zapdos|13\/100 psn\n|-unboost|p2a: Sneasler|def|1\n|-unboost|p2a: Sneasler|spd|1\n|move|p1a: Zapdos|U-turn|p2a: Sneasler\n|-resisted|p2a: Sneasler\n|-damage|p2a: Sneasler|0 fnt\n|faint|p2a: Sneasler\n|\n|t:|1700448191\n|switch|p1a: Swampert|Swampert, F, shiny|100\/100|[from] U-turn\n|\n|-weather|RainDance|[upkeep]\n|upkeep\n|\n|t:|1700448201\n|switch|p2a: Spiritomb|Spiritomb, F|100\/100\n|turn|4\n|\n|t:|1700448206\n|detailschange|p1a: Swampert|Swampert-Mega, F, shiny\n|-mega|p1a: Swampert|Swampert|Swampertite\n|move|p2a: Spiritomb|Sucker Punch|p1a: Swampert\n|-damage|p1a: Swampert|55\/100\n|move|p1a: Swampert|Flip Turn|p2a: Spiritomb\n|-damage|p2a: Spiritomb|39\/100\n|\n|t:|1700448213\n|switch|p1a: Tapu Lele|Tapu Lele, shiny|100\/100|[from] Flip Turn\n|-fieldstart|move: Psychic Terrain|[from] ability: Psychic Surge|[of] p1a: Tapu Lele\n|\n|-weather|RainDance|[upkeep]\n|upkeep\n|turn|5\n|\n|t:|1700448221\n|switch|p2a: Metagross|Metagross|100\/100\n|move|p1a: Tapu Lele|Psychic|p2a: Metagross\n|-resisted|p2a: Metagross\n|-damage|p2a: Metagross|91\/100\n|\n|-weather|RainDance|[upkeep]\n|upkeep\n|turn|6\n|\n|t:|1700448233\n|switch|p1a: Ferrothorn|Ferrothorn, F, shiny|100\/100\n|-terastallize|p2a: Metagross|Steel\n|move|p2a: Metagross|Earthquake|p1a: Ferrothorn\n|-damage|p1a: Ferrothorn|71\/100\n|\n|-weather|RainDance|[upkeep]\n|-heal|p1a: Ferrothorn|77\/100|[from] item: Leftovers\n|upkeep\n|turn|7\n|\n|t:|1700448245\n|move|p2a: Metagross|Body Press|p1a: Ferrothorn\n|-supereffective|p1a: Ferrothorn\n|-damage|p1a: Ferrothorn|44\/100\n|-damage|p2a: Metagross|79\/100|[from] ability: Iron Barbs|[of] p1a: Ferrothorn\n|move|p1a: Ferrothorn|Leech Seed|p2a: Metagross\n|-start|p2a: Metagross|move: Leech Seed\n|\n|-weather|RainDance|[upkeep]\n|-heal|p1a: Ferrothorn|50\/100|[from] item: Leftovers\n|-damage|p2a: Metagross|66\/100|[from] Leech Seed|[of] p1a: Ferrothorn\n|-heal|p1a: Ferrothorn|63\/100|[silent]\n|upkeep\n|turn|8\n|\n|t:|1700448257\n|switch|p2a: Magnezone|Magnezone|100\/100\n|move|p1a: Ferrothorn|Stealth Rock|p2a: Magnezone\n|-sidestart|p2: Preppy dude|move: Stealth Rock\n|\n|-weather|none\n|-heal|p1a: Ferrothorn|69\/100|[from] item: Leftovers\n|-fieldend|move: Psychic Terrain\n|upkeep\n|turn|9\n|\n|t:|1700448268\n|move|p2a: Magnezone|Discharge|p1a: Ferrothorn\n|-resisted|p1a: Ferrothorn\n|-damage|p1a: Ferrothorn|56\/100\n|-status|p1a: Ferrothorn|par\n|move|p1a: Ferrothorn|Leech Seed|p2a: Magnezone\n|-start|p2a: Magnezone|move: Leech Seed\n|\n|-heal|p1a: Ferrothorn|62\/100 par|[from] item: Leftovers\n|-damage|p2a: Magnezone|88\/100|[from] Leech Seed|[of] p1a: Ferrothorn\n|-heal|p1a: Ferrothorn|72\/100 par|[silent]\n|upkeep\n|turn|10\n|\n|t:|1700448293\n|switch|p2a: Scizor|Scizor, F|100\/100\n|-damage|p2a: Scizor|88\/100|[from] Stealth Rock\n|move|p1a: Ferrothorn|Gyro Ball|p2a: Scizor\n|-resisted|p2a: Scizor\n|-crit|p2a: Scizor\n|-damage|p2a: Scizor|55\/100\n|\n|-heal|p1a: Ferrothorn|78\/100 par|[from] item: Leftovers\n|upkeep\n|turn|11\n|\n|t:|1700448303\n|switch|p1a: Pelipper|Pelipper, M, shiny|100\/100\n|-weather|RainDance|[from] ability: Drizzle|[of] p1a: Pelipper\n|move|p2a: Scizor|Close Combat|p1a: Pelipper\n|-resisted|p1a: Pelipper\n|-damage|p1a: Pelipper|74\/100\n|-unboost|p2a: Scizor|def|1\n|-unboost|p2a: Scizor|spd|1\n|\n|-weather|RainDance|[upkeep]\n|upkeep\n|turn|12\n|\n|t:|1700448315\n|switch|p2a: Metagross|Metagross, tera:Steel|66\/100\n|-damage|p2a: Metagross|60\/100|[from] Stealth Rock\n|move|p1a: Pelipper|U-turn|p2a: Metagross\n|-resisted|p2a: Metagross\n|-damage|p2a: Metagross|57\/100\n|\n|t:|1700448328\n|switch|p1a: Swampert|Swampert-Mega, F, shiny|55\/100|[from] U-turn\n|\n|-weather|RainDance|[upkeep]\n|upkeep\n|turn|13\n|\n|t:|1700448336\n|move|p2a: Metagross|Bullet Punch|p1a: Swampert\n|-resisted|p1a: Swampert\n|-damage|p1a: Swampert|39\/100\n|move|p1a: Swampert|Earthquake|p2a: Metagross\n|-supereffective|p2a: Metagross\n|-damage|p2a: Metagross|0 fnt\n|faint|p2a: Metagross\n|\n|-weather|RainDance|[upkeep]\n|upkeep\n|\n|t:|1700448347\n|switch|p2a: Spiritomb|Spiritomb, F|39\/100\n|-damage|p2a: Spiritomb|27\/100|[from] Stealth Rock\n|turn|14\n|\n|t:|1700448357\n|-activate|p1a: Swampert|move: Pursuit\n|move|p2a: Spiritomb|Pursuit|p1a: Swampert|[from]Pursuit\n|-damage|p1a: Swampert|0 fnt\n|faint|p1a: Swampert\n|-hint|A Pokemon can't switch between when it runs out of HP and when it faints\n|\n|-weather|RainDance|[upkeep]\n|upkeep\n|\n|t:|1700448366\n|switch|p1a: Greninja|Greninja, M|100\/100\n|turn|15\n|\n|t:|1700448372\n|-terastallize|p1a: Greninja|Water\n|move|p1a: Greninja|Water Shuriken|p2a: Spiritomb\n|-damage|p2a: Spiritomb|7\/100\n|-damage|p2a: Spiritomb|0 fnt\n|faint|p2a: Spiritomb\n|-ability|p1a: Greninja|Battle Bond|boost\n|-boost|p1a: Greninja|atk|1\n|-boost|p1a: Greninja|spa|1\n|-boost|p1a: Greninja|spe|1\n|-activate|p1a: Greninja|ability: Battle Bond\n|-hitcount|p2: Spiritomb|2\n|-damage|p1a: Greninja|91\/100|[from] item: Life Orb\n|\n|-weather|RainDance|[upkeep]\n|upkeep\n|\n|t:|1700448388\n|switch|p2a: Scizor|Scizor, F|55\/100\n|-damage|p2a: Scizor|43\/100|[from] Stealth Rock\n|turn|16\n|\n|t:|1700448392\n|move|p1a: Greninja|Water Shuriken|p2a: Scizor\n|-damage|p2a: Scizor|8\/100\n|-damage|p2a: Scizor|0 fnt\n|faint|p2a: Scizor\n|-hitcount|p2: Scizor|2\n|-damage|p1a: Greninja|81\/100|[from] item: Life Orb\n|\n|-weather|RainDance|[upkeep]\n|upkeep\n|\n|t:|1700448403\n|switch|p2a: Magnezone|Magnezone|88\/100\n|-damage|p2a: Magnezone|82\/100|[from] Stealth Rock\n|turn|17\n|\n|t:|1700448409\n|move|p1a: Greninja|Surf|p2a: Magnezone\n|-damage|p2a: Magnezone|0 fnt\n|faint|p2a: Magnezone\n|-damage|p1a: Greninja|71\/100|[from] item: Life Orb\n|\n|-weather|RainDance|[upkeep]\n|upkeep\n|\n|t:|1700448416\n|switch|p2a: Sharpedo|Sharpedo, M|100\/100\n|-damage|p2a: Sharpedo|88\/100|[from] Stealth Rock\n|turn|18\n|\n|t:|1700448427\n|detailschange|p2a: Sharpedo|Sharpedo-Mega, M\n|-mega|p2a: Sharpedo|Sharpedo|Sharpedonite\n|move|p1a: Greninja|Surf|p2a: Sharpedo\n|-resisted|p2a: Sharpedo\n|-damage|p2a: Sharpedo|0 fnt\n|faint|p2a: Sharpedo\n|-damage|p1a: Greninja|61\/100|[from] item: Life Orb\n|\n|win|psng\n|raw|psng's rating: 1475 &rarr; <strong>1497<\/strong><br \/>(+22 for winning)\n|raw|Preppy dude's rating: 1516 &rarr; <strong>1494<\/strong><br \/>(-22 for losing)\n","uploadtime":1700448433,"views":4,"p1id":"psng","p2id":"preppydude","formatid":"gen9nationaldex","rating":1494,"private":0,"password":""}