{"id":"gen9nationaldex-1989674009","p1":"cyqy06210703","p2":"YG97","format":"[Gen 9] National Dex","log":"|j|\u2606cyqy06210703\n|j|\u2606YG97\n|t:|1699885635\n|gametype|singles\n|player|p1|cyqy06210703|marnie|1180\n|player|p2|YG97|dawn|1159\n|teamsize|p1|6\n|teamsize|p2|6\n|gen|9\n|tier|[Gen 9] National Dex\n|rated|\n|rule|HP Percentage Mod: HP is shown in percentages\n|rule|Endless Battle Clause: Forcing endless battles is banned\n|rule|OHKO Clause: OHKO moves are banned\n|rule|Evasion Clause: Evasion abilities, items, and moves are banned\n|rule|Evasion Abilities Clause: Evasion abilities are banned\n|rule|Evasion Items Clause: Evasion items are banned\n|rule|Evasion Moves Clause: Evasion moves are banned\n|rule|Species Clause: Limit one of each Pok\u00e9mon\n|rule|Sleep Clause Mod: Limit one foe put to sleep\n|clearpoke\n|poke|p1|Tapu Lele|\n|poke|p1|Grimmsnarl, M|\n|poke|p1|Garchomp, F|\n|poke|p1|Morpeko, M|\n|poke|p1|Scizor, M|\n|poke|p1|Sneasler, F|\n|poke|p2|Heatran, M|\n|poke|p2|Alomomola, M|\n|poke|p2|Dragonite, F|\n|poke|p2|Urshifu-*, M|\n|poke|p2|Garganacl, M|\n|poke|p2|Great Tusk|\n|teampreview\n|\n|t:|1699885649\n|start\n|switch|p1a: Scizor|Scizor, M|100\/100\n|switch|p2a: Garganacl|Garganacl, M|100\/100\n|turn|1\n|\n|t:|1699885655\n|detailschange|p1a: Scizor|Scizor-Mega, M\n|-mega|p1a: Scizor|Scizor|Scizorite\n|-terastallize|p2a: Garganacl|Water\n|move|p1a: Scizor|Swords Dance|p1a: Scizor\n|-boost|p1a: Scizor|atk|2\n|move|p2a: Garganacl|Salt Cure|p1a: Scizor\n|-damage|p1a: Scizor|89\/100\n|-start|p1a: Scizor|Salt Cure\n|\n|-damage|p1a: Scizor|64\/100|[from] Salt Cure\n|upkeep\n|turn|2\n|\n|t:|1699885668\n|move|p2a: Garganacl|Protect|p2a: Garganacl\n|-singleturn|p2a: Garganacl|Protect\n|move|p1a: Scizor|U-turn|p2a: Garganacl\n|-activate|p2a: Garganacl|move: Protect\n|\n|-damage|p1a: Scizor|39\/100|[from] Salt Cure\n|upkeep\n|turn|3\n|\n|t:|1699885679\n|move|p1a: Scizor|Roost|p1a: Scizor\n|-heal|p1a: Scizor|89\/100\n|-singleturn|p1a: Scizor|move: Roost\n|move|p2a: Garganacl|Stealth Rock|p1a: Scizor\n|-sidestart|p1: cyqy06210703|move: Stealth Rock\n|\n|-damage|p1a: Scizor|64\/100|[from] Salt Cure\n|upkeep\n|turn|4\n|\n|t:|1699885686\n|move|p2a: Garganacl|Protect|p2a: Garganacl\n|-singleturn|p2a: Garganacl|Protect\n|move|p1a: Scizor|Roost|p1a: Scizor\n|-heal|p1a: Scizor|100\/100\n|-singleturn|p1a: Scizor|move: Roost\n|\n|-damage|p1a: Scizor|75\/100|[from] Salt Cure\n|upkeep\n|turn|5\n|\n|t:|1699885694\n|move|p1a: Scizor|U-turn|p2a: Garganacl\n|-crit|p2a: Garganacl\n|-damage|p2a: Garganacl|10\/100\n|\n|t:|1699885701\n|switch|p1a: Grimmsnarl|Grimmsnarl, M|100\/100|[from] U-turn\n|-damage|p1a: Grimmsnarl|88\/100|[from] Stealth Rock\n|move|p2a: Garganacl|Salt Cure|p1a: Grimmsnarl\n|-damage|p1a: Grimmsnarl|71\/100\n|-start|p1a: Grimmsnarl|Salt Cure\n|\n|-heal|p1a: Grimmsnarl|77\/100|[from] item: Leftovers\n|-heal|p2a: Garganacl|17\/100|[from] item: Leftovers\n|-damage|p1a: Grimmsnarl|65\/100|[from] Salt Cure\n|upkeep\n|turn|6\n|\n|t:|1699885713\n|move|p2a: Garganacl|Protect|p2a: Garganacl\n|-singleturn|p2a: Garganacl|Protect\n|move|p1a: Grimmsnarl|Darkest Lariat|p2a: Garganacl\n|-activate|p2a: Garganacl|move: Protect\n|\n|-heal|p1a: Grimmsnarl|71\/100|[from] item: Leftovers\n|-heal|p2a: Garganacl|23\/100|[from] item: Leftovers\n|-damage|p1a: Grimmsnarl|58\/100|[from] Salt Cure\n|upkeep\n|turn|7\n|\n|t:|1699885724\n|switch|p2a: Alomomola|Alomomola, M|100\/100\n|move|p1a: Grimmsnarl|Darkest Lariat|p2a: Alomomola\n|-damage|p2a: Alomomola|76\/100\n|-damage|p1a: Grimmsnarl|42\/100|[from] item: Rocky Helmet|[of] p2a: Alomomola\n|\n|-heal|p1a: Grimmsnarl|48\/100|[from] item: Leftovers\n|-damage|p1a: Grimmsnarl|35\/100|[from] Salt Cure\n|upkeep\n|turn|8\n|\n|t:|1699885733\n|move|p1a: Grimmsnarl|Reflect|p1a: Grimmsnarl\n|-sidestart|p1: cyqy06210703|Reflect\n|move|p2a: Alomomola|Wish|p2a: Alomomola\n|\n|-heal|p1a: Grimmsnarl|42\/100|[from] item: Leftovers\n|-damage|p1a: Grimmsnarl|29\/100|[from] Salt Cure\n|upkeep\n|turn|9\n|\n|t:|1699885745\n|switch|p1a: Morpeko|Morpeko, M|100\/100\n|-damage|p1a: Morpeko|88\/100|[from] Stealth Rock\n|move|p2a: Alomomola|Flip Turn|p1a: Morpeko\n|-damage|p1a: Morpeko|73\/100\n|\n|t:|1699885752\n|switch|p2a: Garganacl|Garganacl, M, tera:Water|23\/100|[from] Flip Turn\n|\n|-heal|p2a: Garganacl|89\/100|[from] move: Wish|[wisher] Alomomola\n|-heal|p2a: Garganacl|95\/100|[from] item: Leftovers\n|-formechange|p1a: Morpeko|Morpeko-Hangry||[from] ability: Hunger Switch\n|upkeep\n|turn|10\n|\n|t:|1699885763\n|move|p1a: Morpeko|Rapid Spin|p2a: Garganacl\n|-damage|p2a: Garganacl|85\/100\n|-boost|p1a: Morpeko|spe|1\n|-sideend|p1: cyqy06210703|Stealth Rock|[from] move: Rapid Spin|[of] p1a: Morpeko\n|move|p2a: Garganacl|Salt Cure|p1a: Morpeko\n|-damage|p1a: Morpeko|59\/100\n|-start|p1a: Morpeko|Salt Cure\n|\n|-heal|p2a: Garganacl|91\/100|[from] item: Leftovers\n|-damage|p1a: Morpeko|46\/100|[from] Salt Cure\n|-formechange|p1a: Morpeko|Morpeko||[from] ability: Hunger Switch\n|upkeep\n|turn|11\n|inactive|Battle timer is ON: inactive players will automatically lose when time's up. (requested by cyqy06210703)\n|\n|t:|1699885774\n|switch|p2a: Great Tusk|Great Tusk|100\/100\n|move|p1a: Morpeko|Super Fang|p2a: Great Tusk\n|-damage|p2a: Great Tusk|50\/100\n|\n|-damage|p1a: Morpeko|34\/100|[from] Salt Cure\n|-formechange|p1a: Morpeko|Morpeko-Hangry||[from] ability: Hunger Switch\n|upkeep\n|turn|12\n|\n|t:|1699885783\n|-end|p2a: Great Tusk|Protosynthesis|[silent]\n|switch|p2a: Alomomola|Alomomola, M|100\/100\n|move|p1a: Morpeko|Aura Wheel|p2a: Alomomola\n|-damage|p2a: Alomomola|74\/100\n|-boost|p1a: Morpeko|spe|1\n|\n|-damage|p1a: Morpeko|22\/100|[from] Salt Cure\n|-sideend|p1: cyqy06210703|Reflect\n|-formechange|p1a: Morpeko|Morpeko||[from] ability: Hunger Switch\n|upkeep\n|turn|13\n|\n|t:|1699885793\n|move|p2a: Alomomola|Protect|p2a: Alomomola\n|-singleturn|p2a: Alomomola|Protect\n|move|p1a: Morpeko|Super Fang|p2a: Alomomola\n|-activate|p2a: Alomomola|move: Protect\n|\n|-damage|p1a: Morpeko|9\/100|[from] Salt Cure\n|-formechange|p1a: Morpeko|Morpeko-Hangry||[from] ability: Hunger Switch\n|upkeep\n|turn|14\n|\n|t:|1699885804\n|move|p1a: Morpeko|Super Fang|p2a: Alomomola\n|-damage|p2a: Alomomola|37\/100\n|-damage|p1a: Morpeko|0 fnt|[from] item: Rocky Helmet|[of] p2a: Alomomola\n|faint|p1a: Morpeko\n|move|p2a: Alomomola|Wish|p2a: Alomomola\n|\n|upkeep\n|\n|t:|1699885812\n|switch|p1a: Tapu Lele|Tapu Lele|100\/100\n|-fieldstart|move: Psychic Terrain|[from] ability: Psychic Surge|[of] p1a: Tapu Lele\n|turn|15\n|\n|t:|1699885818\n|switch|p1a: Garchomp|Garchomp, F|100\/100\n|move|p2a: Alomomola|Protect||[still]\n|-fail|p2a: Alomomola\n|\n|-heal|p2a: Alomomola|87\/100|[from] move: Wish|[wisher] Alomomola\n|upkeep\n|turn|16\n|\n|t:|1699885825\n|move|p1a: Garchomp|Swords Dance|p1a: Garchomp\n|-boost|p1a: Garchomp|atk|2\n|move|p2a: Alomomola|Toxic|p1a: Garchomp|[miss]\n|-miss|p2a: Alomomola|p1a: Garchomp\n|\n|upkeep\n|turn|17\n|\n|t:|1699885831\n|-zpower|p1a: Garchomp\n|move|p1a: Garchomp|Devastating Drake|p2a: Alomomola|[zeffect]\n|-damage|p2a: Alomomola|0 fnt\n|faint|p2a: Alomomola\n|\n|upkeep\n|\n|t:|1699885841\n|switch|p2a: Great Tusk|Great Tusk|50\/100\n|turn|18\n|\n|t:|1699885845\n|move|p1a: Garchomp|Earthquake|p2a: Great Tusk\n|-damage|p2a: Great Tusk|0 fnt\n|faint|p2a: Great Tusk\n|-end|p2a: Great Tusk|Protosynthesis|[silent]\n|\n|upkeep\n|\n|t:|1699885855\n|switch|p2a: Urshifu|Urshifu-Rapid-Strike, M|100\/100\n|turn|19\n|\n|t:|1699885859\n|switch|p1a: Grimmsnarl|Grimmsnarl, M|29\/100\n|move|p2a: Urshifu|Ice Punch|p1a: Grimmsnarl\n|-damage|p1a: Grimmsnarl|0 fnt\n|faint|p1a: Grimmsnarl\n|\n|-fieldend|move: Psychic Terrain\n|upkeep\n|\n|t:|1699885866\n|switch|p1a: Tapu Lele|Tapu Lele|100\/100\n|-fieldstart|move: Psychic Terrain|[from] ability: Psychic Surge|[of] p1a: Tapu Lele\n|turn|20\n|\n|t:|1699885877\n|switch|p2a: Heatran|Heatran, M|100\/100\n|-terastallize|p1a: Tapu Lele|Psychic\n|move|p1a: Tapu Lele|Psychic|p2a: Heatran\n|-resisted|p2a: Heatran\n|-damage|p2a: Heatran|74\/100\n|\n|-heal|p2a: Heatran|81\/100|[from] item: Leftovers\n|upkeep\n|turn|21\n|\n|t:|1699885890\n|switch|p1a: Sneasler|Sneasler, F, shiny|100\/100\n|-enditem|p1a: Sneasler|Psychic Seed\n|-boost|p1a: Sneasler|spd|1|[from] item: Psychic Seed\n|move|p2a: Heatran|Magma Storm|p1a: Sneasler|[miss]\n|-miss|p2a: Heatran|p1a: Sneasler\n|\n|-heal|p2a: Heatran|87\/100|[from] item: Leftovers\n|upkeep\n|turn|22\n|\n|t:|1699885904\n|move|p2a: Heatran|Protect|p2a: Heatran\n|-singleturn|p2a: Heatran|Protect\n|move|p1a: Sneasler|Swords Dance|p1a: Sneasler\n|-boost|p1a: Sneasler|atk|2\n|\n|-heal|p2a: Heatran|93\/100|[from] item: Leftovers\n|upkeep\n|turn|23\n|\n|t:|1699885914\n|switch|p2a: Dragonite|Dragonite, F, shiny|100\/100\n|move|p1a: Sneasler|Dire Claw|p2a: Dragonite\n|-damage|p2a: Dragonite|59\/100\n|\n|upkeep\n|turn|24\n|\n|t:|1699885925\n|switch|p2a: Heatran|Heatran, M|93\/100\n|move|p1a: Sneasler|Dire Claw|p2a: Heatran\n|-immune|p2a: Heatran\n|\n|-heal|p2a: Heatran|99\/100|[from] item: Leftovers\n|-fieldend|move: Psychic Terrain\n|upkeep\n|turn|25\n|\n|t:|1699885937\n|move|p2a: Heatran|Protect|p2a: Heatran\n|-singleturn|p2a: Heatran|Protect\n|move|p1a: Sneasler|Close Combat|p2a: Heatran\n|-activate|p2a: Heatran|move: Protect\n|\n|-heal|p2a: Heatran|100\/100|[from] item: Leftovers\n|upkeep\n|turn|26\n|\n|t:|1699885949\n|switch|p2a: Dragonite|Dragonite, F, shiny|59\/100\n|move|p1a: Sneasler|Close Combat|p2a: Dragonite\n|-resisted|p2a: Dragonite\n|-damage|p2a: Dragonite|0 fnt\n|-unboost|p1a: Sneasler|def|1\n|-unboost|p1a: Sneasler|spd|1\n|faint|p2a: Dragonite\n|\n|upkeep\n|\n|t:|1699885957\n|switch|p2a: Urshifu|Urshifu-Rapid-Strike, M|100\/100\n|turn|27\n|\n|t:|1699885965\n|move|p1a: Sneasler|Close Combat|p2a: Urshifu\n|-damage|p2a: Urshifu|0 fnt\n|-unboost|p1a: Sneasler|def|1\n|-unboost|p1a: Sneasler|spd|1\n|faint|p2a: Urshifu\n|\n|upkeep\n|-message|YG97 forfeited.\n|\n|win|cyqy06210703\n|raw|cyqy06210703's rating: 1180 &rarr; <strong>1203<\/strong><br \/>(+23 for winning)\n|raw|YG97's rating: 1159 &rarr; <strong>1136<\/strong><br \/>(-23 for losing)\n|l|\u2606YG97\n","uploadtime":1699885982,"views":4,"p1id":"cyqy06210703","p2id":"yg97","formatid":"gen9nationaldex","rating":1136,"private":0,"password":""}