{"id":"gen9nationaldex-1999129659","p1":"Huryuijujilo","p2":"newshowdown","format":"[Gen 9] National Dex","log":"|html|<div class=\"broadcast-blue\"><strong>[Gen 9] National Dex is currently suspecting Sneasler! For information on how to participate check out the <a href=\"https:\/\/www.smogon.com\/forums\/threads\/sv-national-dex-suspect-8-just-dance.3731534\/\">suspect thread<\/a>.<\/strong><\/div>\n|j|\u2606Huryuijujilo\n|j|\u2606newshowdown\n|inactive|Battle timer is ON: inactive players will automatically lose when time's up.\n|t:|1701036330\n|gametype|singles\n|player|p1|Huryuijujilo|clown|\n|player|p2|newshowdown|youngster-gen4dp|\n|teamsize|p1|6\n|teamsize|p2|6\n|gen|9\n|tier|[Gen 9] National Dex\n|rated|Tournament battle\n|rule|HP Percentage Mod: HP is shown in percentages\n|rule|Endless Battle Clause: Forcing endless battles is banned\n|rule|OHKO Clause: OHKO moves are banned\n|rule|Evasion Clause: Evasion abilities, items, and moves are banned\n|rule|Evasion Abilities Clause: Evasion abilities are banned\n|rule|Evasion Items Clause: Evasion items are banned\n|rule|Evasion Moves Clause: Evasion moves are banned\n|rule|Species Clause: Limit one of each Pok\u00e9mon\n|rule|Sleep Clause Mod: Limit one foe put to sleep\n|clearpoke\n|poke|p1|Venusaur, M|\n|poke|p1|Parasect, F|\n|poke|p1|Heatran, F|\n|poke|p1|Gastrodon-East, M|\n|poke|p1|Moltres|\n|poke|p1|Raticate, F|\n|poke|p2|Pelipper, F|\n|poke|p2|Urshifu-*, M|\n|poke|p2|Swampert, F|\n|poke|p2|Kartana|\n|poke|p2|Cloyster, F|\n|poke|p2|Ludicolo, M|\n|teampreview\n|c|\u2606newshowdown|hm\n|\n|t:|1701036346\n|start\n|switch|p1a: Gastrodon|Gastrodon-East, M|100\/100\n|switch|p2a: Pelipper|Pelipper, F|100\/100\n|-weather|RainDance|[from] ability: Drizzle|[of] p2a: Pelipper\n|turn|1\n|\n|t:|1701036354\n|move|p2a: Pelipper|U-turn|p1a: Gastrodon\n|-damage|p1a: Gastrodon|92\/100\n|\n|t:|1701036357\n|switch|p2a: Kartana|Kartana|100\/100|[from] U-turn\n|move|p1a: Gastrodon|Toxic|p2a: Kartana\n|-immune|p2a: Kartana\n|\n|-weather|RainDance|[upkeep]\n|upkeep\n|turn|2\n|\n|t:|1701036374\n|switch|p1a: Venusaur|Venusaur, M|100\/100\n|move|p2a: Kartana|Knock Off|p1a: Venusaur\n|-damage|p1a: Venusaur|65\/100\n|\n|-weather|RainDance|[upkeep]\n|upkeep\n|turn|3\n|c|\u2606newshowdown|oh\n|c|\u2606newshowdown|mega venu\n|c|\u2606newshowdown|ic\n|\n|t:|1701036395\n|switch|p2a: Pelipper|Pelipper, F|100\/100\n|detailschange|p1a: Venusaur|Venusaur-Mega, M\n|-mega|p1a: Venusaur|Venusaur|Venusaurite\n|move|p1a: Venusaur|Earth Power|p2a: Pelipper\n|-immune|p2a: Pelipper\n|\n|-weather|RainDance|[upkeep]\n|upkeep\n|turn|4\n|\n|t:|1701036409\n|move|p2a: Pelipper|Hurricane|p1a: Venusaur\n|-supereffective|p1a: Venusaur\n|-damage|p1a: Venusaur|0 fnt\n|faint|p1a: Venusaur\n|\n|-weather|RainDance|[upkeep]\n|upkeep\n|\n|t:|1701036417\n|switch|p1a: Gastrodon|Gastrodon-East, M|92\/100\n|turn|5\n|\n|t:|1701036420\n|move|p2a: Pelipper|U-turn|p1a: Gastrodon\n|-damage|p1a: Gastrodon|84\/100\n|\n|t:|1701036423\n|switch|p2a: Kartana|Kartana|100\/100|[from] U-turn\n|move|p1a: Gastrodon|Earth Power|p2a: Kartana\n|-damage|p2a: Kartana|1\/100\n|\n|-weather|RainDance|[upkeep]\n|upkeep\n|turn|6\n|\n|t:|1701036438\n|switch|p1a: Moltres|Moltres|100\/100\n|-zpower|p2a: Kartana\n|move|p2a: Kartana|Bloom Doom|p1a: Moltres|[zeffect]\n|-resisted|p1a: Moltres\n|-damage|p1a: Moltres|76\/100\n|\n|-weather|RainDance|[upkeep]\n|upkeep\n|turn|7\n|\n|t:|1701036450\n|move|p2a: Kartana|Knock Off|p1a: Moltres\n|-damage|p1a: Moltres|39\/100\n|-enditem|p1a: Moltres|Heavy-Duty Boots|[from] move: Knock Off|[of] p2a: Kartana\n|move|p1a: Moltres|Ancient Power|p2a: Kartana\n|-resisted|p2a: Kartana\n|-damage|p2a: Kartana|0 fnt\n|faint|p2a: Kartana\n|\n|-weather|RainDance|[upkeep]\n|upkeep\n|\n|t:|1701036458\n|switch|p2a: Cloyster|Cloyster, F|100\/100\n|turn|8\n|\n|t:|1701036464\n|move|p2a: Cloyster|Shell Smash|p2a: Cloyster\n|-unboost|p2a: Cloyster|def|1\n|-unboost|p2a: Cloyster|spd|1\n|-boost|p2a: Cloyster|atk|2\n|-boost|p2a: Cloyster|spa|2\n|-boost|p2a: Cloyster|spe|2\n|-enditem|p2a: Cloyster|White Herb\n|-clearnegativeboost|p2a: Cloyster|[silent]\n|move|p1a: Moltres|Ancient Power|p2a: Cloyster\n|-supereffective|p2a: Cloyster\n|-damage|p2a: Cloyster|0 fnt\n|faint|p2a: Cloyster\n|\n|-weather|none\n|upkeep\n|\n|t:|1701036474\n|switch|p2a: Pelipper|Pelipper, F|100\/100\n|-weather|RainDance|[from] ability: Drizzle|[of] p2a: Pelipper\n|turn|9\n|\n|t:|1701036480\n|move|p2a: Pelipper|Scald|p1a: Moltres\n|-supereffective|p1a: Moltres\n|-damage|p1a: Moltres|0 fnt\n|faint|p1a: Moltres\n|\n|-weather|RainDance|[upkeep]\n|upkeep\n|\n|t:|1701036490\n|switch|p1a: Gastrodon|Gastrodon-East, M|84\/100\n|turn|10\n|\n|t:|1701036494\n|move|p2a: Pelipper|Hurricane|p1a: Gastrodon\n|-damage|p1a: Gastrodon|49\/100\n|move|p1a: Gastrodon|Toxic|p2a: Pelipper\n|-status|p2a: Pelipper|tox\n|\n|-weather|RainDance|[upkeep]\n|-damage|p2a: Pelipper|95\/100 tox|[from] psn\n|upkeep\n|turn|11\n|\n|t:|1701036503\n|move|p2a: Pelipper|U-turn|p1a: Gastrodon\n|-damage|p1a: Gastrodon|42\/100\n|\n|t:|1701036506\n|switch|p2a: Ludicolo|Ludicolo, M|100\/100|[from] U-turn\n|move|p1a: Gastrodon|Recover|p1a: Gastrodon\n|-heal|p1a: Gastrodon|92\/100\n|\n|-weather|RainDance|[upkeep]\n|upkeep\n|turn|12\n|\n|t:|1701036515\n|switch|p1a: Heatran|Heatran, F|100\/100\n|move|p2a: Ludicolo|Giga Drain|p1a: Heatran\n|-resisted|p1a: Heatran\n|-damage|p1a: Heatran|93\/100\n|\n|-weather|RainDance|[upkeep]\n|-heal|p1a: Heatran|99\/100|[from] item: Leftovers\n|upkeep\n|turn|13\n|\n|t:|1701036525\n|switch|p1a: Parasect|Parasect, F|100\/100\n|move|p2a: Ludicolo|Weather Ball|p1a: Parasect\n|-immune|p1a: Parasect|[from] ability: Dry Skin\n|\n|-weather|RainDance|[upkeep]\n|upkeep\n|turn|14\n|\n|t:|1701036535\n|switch|p2a: Pelipper|Pelipper, F|95\/100 tox\n|move|p1a: Parasect|Leech Life|p2a: Pelipper\n|-resisted|p2a: Pelipper\n|-damage|p2a: Pelipper|79\/100 tox\n|\n|-weather|RainDance|[upkeep]\n|-damage|p2a: Pelipper|73\/100 tox|[from] psn\n|upkeep\n|turn|15\n|\n|t:|1701036543\n|switch|p1a: Gastrodon|Gastrodon-East, M|92\/100\n|move|p2a: Pelipper|Hurricane|p1a: Gastrodon\n|-damage|p1a: Gastrodon|59\/100\n|-start|p1a: Gastrodon|confusion\n|\n|-weather|RainDance|[upkeep]\n|-damage|p2a: Pelipper|61\/100 tox|[from] psn\n|upkeep\n|turn|16\n|\n|t:|1701036553\n|switch|p2a: Ludicolo|Ludicolo, M|100\/100\n|-activate|p1a: Gastrodon|confusion\n|move|p1a: Gastrodon|Recover|p1a: Gastrodon\n|-heal|p1a: Gastrodon|100\/100\n|\n|-weather|none\n|upkeep\n|turn|17\n|\n|t:|1701036565\n|switch|p2a: Pelipper|Pelipper, F|61\/100 tox\n|-weather|RainDance|[from] ability: Drizzle|[of] p2a: Pelipper\n|switch|p1a: Parasect|Parasect, F|100\/100\n|\n|-weather|RainDance|[upkeep]\n|-damage|p2a: Pelipper|55\/100 tox|[from] psn\n|upkeep\n|turn|18\n|\n|t:|1701036577\n|switch|p1a: Heatran|Heatran, F|99\/100\n|move|p2a: Pelipper|Hurricane|p1a: Heatran\n|-resisted|p1a: Heatran\n|-damage|p1a: Heatran|79\/100\n|-start|p1a: Heatran|confusion\n|\n|-weather|RainDance|[upkeep]\n|-heal|p1a: Heatran|85\/100|[from] item: Leftovers\n|-damage|p2a: Pelipper|43\/100 tox|[from] psn\n|upkeep\n|turn|19\n|\n|t:|1701036588\n|switch|p2a: Swampert|Swampert, F|100\/100\n|switch|p1a: Gastrodon|Gastrodon-East, M|100\/100\n|\n|-weather|RainDance|[upkeep]\n|upkeep\n|turn|20\n|\n|t:|1701036607\n|detailschange|p2a: Swampert|Swampert-Mega, F\n|-mega|p2a: Swampert|Swampert|Swampertite\n|move|p2a: Swampert|Earthquake|p1a: Gastrodon\n|-damage|p1a: Gastrodon|39\/100\n|move|p1a: Gastrodon|Toxic|p2a: Swampert\n|-status|p2a: Swampert|tox\n|\n|-weather|RainDance|[upkeep]\n|-damage|p2a: Swampert|94\/100 tox|[from] psn\n|upkeep\n|turn|21\n|\n|t:|1701036618\n|switch|p1a: Parasect|Parasect, F|100\/100\n|move|p2a: Swampert|Earthquake|p1a: Parasect\n|-resisted|p1a: Parasect\n|-damage|p1a: Parasect|83\/100\n|\n|-weather|RainDance|[upkeep]\n|-heal|p1a: Parasect|96\/100|[from] ability: Dry Skin\n|-damage|p2a: Swampert|82\/100 tox|[from] psn\n|upkeep\n|turn|22\n|\n|t:|1701036630\n|move|p2a: Swampert|Ice Punch|p1a: Parasect\n|-supereffective|p1a: Parasect\n|-damage|p1a: Parasect|22\/100\n|move|p1a: Parasect|Knock Off|p2a: Swampert\n|-damage|p2a: Swampert|69\/100 tox\n|\n|-weather|RainDance|[upkeep]\n|-heal|p1a: Parasect|34\/100|[from] ability: Dry Skin\n|-damage|p2a: Swampert|50\/100 tox|[from] psn\n|upkeep\n|turn|23\n|\n|t:|1701036640\n|switch|p2a: Ludicolo|Ludicolo, M|100\/100\n|switch|p1a: Heatran|Heatran, F|85\/100\n|\n|-weather|RainDance|[upkeep]\n|-heal|p1a: Heatran|91\/100|[from] item: Leftovers\n|upkeep\n|turn|24\n|\n|t:|1701036649\n|switch|p2a: Pelipper|Pelipper, F|43\/100 tox\n|switch|p1a: Gastrodon|Gastrodon-East, M|39\/100\n|\n|-weather|none\n|-damage|p2a: Pelipper|37\/100 tox|[from] psn\n|upkeep\n|turn|25\n|\n|t:|1701036660\n|switch|p2a: Ludicolo|Ludicolo, M|100\/100\n|switch|p1a: Heatran|Heatran, F|91\/100\n|\n|-heal|p1a: Heatran|97\/100|[from] item: Leftovers\n|upkeep\n|turn|26\n|\n|t:|1701036667\n|switch|p1a: Parasect|Parasect, F|34\/100\n|move|p2a: Ludicolo|Rain Dance|p2a: Ludicolo\n|-weather|RainDance\n|\n|-weather|RainDance|[upkeep]\n|-heal|p1a: Parasect|47\/100|[from] ability: Dry Skin\n|upkeep\n|turn|27\n|\n|t:|1701036686\n|switch|p2a: Swampert|Swampert-Mega, F|50\/100 tox\n|move|p1a: Parasect|Leech Life|p2a: Swampert\n|-damage|p2a: Swampert|28\/100 tox\n|-heal|p1a: Parasect|61\/100|[from] drain|[of] p2a: Swampert\n|\n|-weather|RainDance|[upkeep]\n|-heal|p1a: Parasect|73\/100|[from] ability: Dry Skin\n|-damage|p2a: Swampert|22\/100 tox|[from] psn\n|upkeep\n|turn|28\n|\n|t:|1701036700\n|switch|p1a: Heatran|Heatran, F|97\/100\n|move|p2a: Swampert|Earthquake|p1a: Heatran\n|-supereffective|p1a: Heatran\n|-damage|p1a: Heatran|0 fnt\n|faint|p1a: Heatran\n|\n|-weather|RainDance|[upkeep]\n|-damage|p2a: Swampert|9\/100 tox|[from] psn\n|upkeep\n|\n|t:|1701036710\n|switch|p1a: Raticate|Raticate, F|100\/100\n|turn|29\n|\n|t:|1701036723\n|move|p1a: Raticate|Quick Attack|p2a: Swampert\n|-damage|p2a: Swampert|0 fnt\n|faint|p2a: Swampert\n|\n|-weather|RainDance|[upkeep]\n|-status|p1a: Raticate|brn|[from] item: Flame Orb\n|upkeep\n|\n|t:|1701036731\n|switch|p2a: Urshifu|Urshifu-Rapid-Strike, M|100\/100\n|turn|30\n|\n|t:|1701036735\n|switch|p1a: Parasect|Parasect, F|73\/100\n|move|p2a: Urshifu|Swords Dance|p2a: Urshifu\n|-boost|p2a: Urshifu|atk|2\n|\n|-weather|none\n|upkeep\n|turn|31\n|\n|t:|1701036753\n|switch|p2a: Pelipper|Pelipper, F|37\/100 tox\n|-weather|RainDance|[from] ability: Drizzle|[of] p2a: Pelipper\n|-terastallize|p1a: Parasect|Fire\n|move|p1a: Parasect|Spore||[still]\n|-fail|p1a: Parasect\n|\n|-weather|RainDance|[upkeep]\n|-heal|p1a: Parasect|86\/100|[from] ability: Dry Skin\n|-damage|p2a: Pelipper|32\/100 tox|[from] psn\n|upkeep\n|turn|32\n|\n|t:|1701036767\n|move|p2a: Pelipper|Scald|p1a: Parasect\n|-heal|p1a: Parasect|100\/100|[from] ability: Dry Skin|[of] p2a: Pelipper\n|move|p1a: Parasect|Swords Dance|p1a: Parasect\n|-boost|p1a: Parasect|atk|2\n|\n|-weather|RainDance|[upkeep]\n|-damage|p2a: Pelipper|20\/100 tox|[from] psn\n|upkeep\n|turn|33\n|\n|t:|1701036777\n|move|p2a: Pelipper|U-turn|p1a: Parasect\n|-resisted|p1a: Parasect\n|-damage|p1a: Parasect|96\/100\n|\n|t:|1701036784\n|switch|p2a: Urshifu|Urshifu-Rapid-Strike, M|100\/100|[from] U-turn\n|move|p1a: Parasect|Knock Off|p2a: Urshifu\n|-resisted|p2a: Urshifu\n|-damage|p2a: Urshifu|78\/100\n|-enditem|p2a: Urshifu|Mystic Water|[from] move: Knock Off|[of] p1a: Parasect\n|\n|-weather|RainDance|[upkeep]\n|-heal|p1a: Parasect|100\/100|[from] ability: Dry Skin\n|upkeep\n|turn|34\n|\n|t:|1701036795\n|move|p2a: Urshifu|Swords Dance|p2a: Urshifu\n|-boost|p2a: Urshifu|atk|2\n|move|p1a: Parasect|Spore|p2a: Urshifu\n|-status|p2a: Urshifu|slp|[from] move: Spore\n|\n|-weather|RainDance|[upkeep]\n|upkeep\n|turn|35\n|\n|t:|1701036803\n|cant|p2a: Urshifu|slp\n|move|p1a: Parasect|Leech Life|p2a: Urshifu\n|-resisted|p2a: Urshifu\n|-damage|p2a: Urshifu|51\/100 slp\n|\n|-weather|RainDance|[upkeep]\n|upkeep\n|turn|36\n|\n|t:|1701036811\n|cant|p2a: Urshifu|slp\n|move|p1a: Parasect|Leech Life|p2a: Urshifu\n|-resisted|p2a: Urshifu\n|-damage|p2a: Urshifu|25\/100 slp\n|\n|-weather|RainDance|[upkeep]\n|upkeep\n|turn|37\n|\n|t:|1701036819\n|switch|p1a: Gastrodon|Gastrodon-East, M|39\/100\n|-terastallize|p2a: Urshifu|Fighting\n|-curestatus|p2a: Urshifu|slp|[msg]\n|move|p2a: Urshifu|Brick Break|p1a: Gastrodon\n|-damage|p1a: Gastrodon|0 fnt\n|faint|p1a: Gastrodon\n|\n|-weather|RainDance|[upkeep]\n|upkeep\n|\n|t:|1701036830\n|switch|p1a: Raticate|Raticate, F|100\/100 brn\n|turn|38\n|\n|t:|1701036837\n|move|p1a: Raticate|Quick Attack|p2a: Urshifu\n|-damage|p2a: Urshifu|0 fnt\n|faint|p2a: Urshifu\n|\n|-weather|none\n|-damage|p1a: Raticate|95\/100 brn|[from] brn\n|upkeep\n|\n|t:|1701036840\n|switch|p2a: Pelipper|Pelipper, F|20\/100 tox\n|-weather|RainDance|[from] ability: Drizzle|[of] p2a: Pelipper\n|turn|39\n|\n|t:|1701036856\n|switch|p2a: Ludicolo|Ludicolo, M|100\/100\n|move|p1a: Raticate|Quick Attack|p2a: Ludicolo\n|-crit|p2a: Ludicolo\n|-damage|p2a: Ludicolo|52\/100\n|\n|-weather|RainDance|[upkeep]\n|-heal|p2a: Ludicolo|58\/100|[from] item: Leftovers\n|-damage|p1a: Raticate|89\/100 brn|[from] brn\n|upkeep\n|turn|40\n|\n|t:|1701036866\n|switch|p1a: Parasect|Parasect, F, tera:Fire|100\/100\n|move|p2a: Ludicolo|Weather Ball|p1a: Parasect\n|-immune|p1a: Parasect|[from] ability: Dry Skin\n|\n|-weather|RainDance|[upkeep]\n|-heal|p2a: Ludicolo|64\/100|[from] item: Leftovers\n|upkeep\n|turn|41\n|\n|t:|1701036875\n|move|p2a: Ludicolo|Leech Seed|p1a: Parasect\n|-start|p1a: Parasect|move: Leech Seed\n|move|p1a: Parasect|Knock Off|p2a: Ludicolo\n|-damage|p2a: Ludicolo|34\/100\n|-enditem|p2a: Ludicolo|Leftovers|[from] move: Knock Off|[of] p1a: Parasect\n|\n|-weather|RainDance|[upkeep]\n|-damage|p1a: Parasect|88\/100|[from] Leech Seed|[of] p2a: Ludicolo\n|-heal|p2a: Ludicolo|44\/100|[silent]\n|upkeep\n|turn|42\n|\n|t:|1701036887\n|move|p2a: Ludicolo|Giga Drain|p1a: Parasect\n|-resisted|p1a: Parasect\n|-damage|p1a: Parasect|69\/100\n|-heal|p2a: Ludicolo|52\/100|[from] drain|[of] p1a: Parasect\n|move|p1a: Parasect|Knock Off|p2a: Ludicolo\n|-damage|p2a: Ludicolo|32\/100\n|\n|-weather|RainDance|[upkeep]\n|-heal|p1a: Parasect|81\/100|[from] ability: Dry Skin\n|-damage|p1a: Parasect|69\/100|[from] Leech Seed|[of] p2a: Ludicolo\n|-heal|p2a: Ludicolo|42\/100|[silent]\n|upkeep\n|turn|43\n|\n|t:|1701036898\n|move|p2a: Ludicolo|Giga Drain|p1a: Parasect\n|-resisted|p1a: Parasect\n|-damage|p1a: Parasect|49\/100\n|-heal|p2a: Ludicolo|50\/100|[from] drain|[of] p1a: Parasect\n|move|p1a: Parasect|Leech Life|p2a: Ludicolo\n|-supereffective|p2a: Ludicolo\n|-damage|p2a: Ludicolo|0 fnt\n|-heal|p1a: Parasect|80\/100|[from] drain|[of] p2a: Ludicolo\n|faint|p2a: Ludicolo\n|\n|-weather|RainDance|[upkeep]\n|-heal|p1a: Parasect|92\/100|[from] ability: Dry Skin\n|upkeep\n|\n|t:|1701036906\n|switch|p2a: Pelipper|Pelipper, F|20\/100 tox\n|turn|44\n|c|\u2606newshowdown|crit\n|\n|t:|1701036915\n|move|p2a: Pelipper|Hurricane|p1a: Parasect\n|-damage|p1a: Parasect|39\/100\n|move|p1a: Parasect|Swords Dance|p1a: Parasect\n|-boost|p1a: Parasect|atk|2\n|\n|-weather|RainDance|[upkeep]\n|-heal|p1a: Parasect|51\/100|[from] ability: Dry Skin\n|-damage|p1a: Parasect|39\/100|[from] Leech Seed|[of] p2a: Pelipper\n|-heal|p2a: Pelipper|31\/100 tox|[silent]\n|-damage|p2a: Pelipper|25\/100 tox|[from] psn\n|upkeep\n|turn|45\n|c|\u2606newshowdown|crit\n|c|\u2606newshowdown|crit\n|c|\u2606newshowdown|breh\n|c|\u2606newshowdown|cri\n|c|\u2606newshowdown|crit\n|c|\u2606newshowdown|crit\n|\n|t:|1701036927\n|move|p2a: Pelipper|Hurricane|p1a: Parasect\n|-damage|p1a: Parasect|0 fnt\n|faint|p1a: Parasect\n|\n|-weather|RainDance|[upkeep]\n|-damage|p2a: Pelipper|13\/100 tox|[from] psn\n|upkeep\n|c|\u2606newshowdown|crit\n|c|\u2606newshowdown|nvm\n|c|\u2606newshowdown|OH WAIT\n|\n|t:|1701036935\n|switch|p1a: Raticate|Raticate, F|89\/100 brn\n|turn|46\n|c|\u2606newshowdown|gg\n|\n|t:|1701036940\n|move|p1a: Raticate|Quick Attack|p2a: Pelipper\n|-damage|p2a: Pelipper|0 fnt\n|faint|p2a: Pelipper\n|\n|win|Huryuijujilo\n|n|\u2606Huryuijujilo|huryuijujilo\n|n|\u2606newshowdown|newshowdown\n|c|\u2606Huryuijujilo|Gg\n","uploadtime":1701036958,"views":2,"p1id":"huryuijujilo","p2id":"newshowdown","formatid":"gen9nationaldex","rating":0,"private":0,"password":""}