{"id":"gen9nationaldex-1999184673","p1":"Onlymanever","p2":"Anthoonyy96","format":"[Gen 9] National Dex","log":"|html|<div class=\"broadcast-blue\"><strong>[Gen 9] National Dex is currently suspecting Sneasler! For information on how to participate check out the <a href=\"https:\/\/www.smogon.com\/forums\/threads\/sv-national-dex-suspect-8-just-dance.3731534\/\">suspect thread<\/a>.<\/strong><\/div>\n|j|\u2606Onlymanever\n|j|\u2606Anthoonyy96\n|t:|1701042700\n|gametype|singles\n|player|p1|Onlymanever|lyra|1088\n|player|p2|Anthoonyy96|265|1107\n|teamsize|p1|6\n|teamsize|p2|6\n|gen|9\n|tier|[Gen 9] National Dex\n|rated|\n|rule|HP Percentage Mod: HP is shown in percentages\n|rule|Endless Battle Clause: Forcing endless battles is banned\n|rule|OHKO Clause: OHKO moves are banned\n|rule|Evasion Clause: Evasion abilities, items, and moves are banned\n|rule|Evasion Abilities Clause: Evasion abilities are banned\n|rule|Evasion Items Clause: Evasion items are banned\n|rule|Evasion Moves Clause: Evasion moves are banned\n|rule|Species Clause: Limit one of each Pok\u00e9mon\n|rule|Sleep Clause Mod: Limit one foe put to sleep\n|clearpoke\n|poke|p1|Inteleon, F|\n|poke|p1|Rapidash-Galar, F|\n|poke|p1|Basculin-Blue-Striped, F|\n|poke|p1|Sableye, M|\n|poke|p1|Toxicroak, M|\n|poke|p1|Tyranitar, M|\n|poke|p2|Alomomola, M|\n|poke|p2|Clodsire, F|\n|poke|p2|Scizor, F|\n|poke|p2|Ceruledge, F|\n|poke|p2|Thundurus-Therian, M|\n|poke|p2|Hatterene, F|\n|teampreview\n|\n|t:|1701042711\n|start\n|switch|p1a: Inteleon|Inteleon, F|100\/100\n|switch|p2a: Clodsire|Clodsire, F|100\/100\n|turn|1\n|inactive|Battle timer is ON: inactive players will automatically lose when time's up. (requested by Onlymanever)\n|\n|t:|1701042727\n|move|p1a: Inteleon|Snipe Shot|p2a: Clodsire\n|-supereffective|p2a: Clodsire\n|-damage|p2a: Clodsire|55\/100\n|move|p2a: Clodsire|Earthquake|p1a: Inteleon\n|-damage|p1a: Inteleon|50\/100\n|\n|-heal|p1a: Inteleon|56\/100|[from] item: Leftovers\n|-heal|p2a: Clodsire|61\/100|[from] item: Leftovers\n|upkeep\n|turn|2\n|\n|t:|1701042742\n|move|p1a: Inteleon|Snipe Shot|p2a: Clodsire\n|-supereffective|p2a: Clodsire\n|-damage|p2a: Clodsire|15\/100\n|move|p2a: Clodsire|Earthquake|p1a: Inteleon\n|-damage|p1a: Inteleon|10\/100\n|\n|-heal|p1a: Inteleon|17\/100|[from] item: Leftovers\n|-heal|p2a: Clodsire|21\/100|[from] item: Leftovers\n|upkeep\n|turn|3\n|\n|t:|1701042758\n|switch|p2a: Alomomola|Alomomola, M|100\/100\n|move|p1a: Inteleon|Snipe Shot|p2a: Alomomola\n|-resisted|p2a: Alomomola\n|-damage|p2a: Alomomola|78\/100\n|\n|-heal|p1a: Inteleon|23\/100|[from] item: Leftovers\n|-heal|p2a: Alomomola|84\/100|[from] item: Leftovers\n|upkeep\n|turn|4\n|\n|t:|1701042768\n|move|p1a: Inteleon|Snipe Shot|p2a: Alomomola\n|-resisted|p2a: Alomomola\n|-crit|p2a: Alomomola\n|-damage|p2a: Alomomola|30\/100\n|move|p2a: Alomomola|Scald|p1a: Inteleon\n|-resisted|p1a: Inteleon\n|-damage|p1a: Inteleon|11\/100\n|\n|-heal|p1a: Inteleon|17\/100|[from] item: Leftovers\n|-heal|p2a: Alomomola|36\/100|[from] item: Leftovers\n|upkeep\n|turn|5\n|\n|t:|1701042781\n|move|p2a: Alomomola|Protect|p2a: Alomomola\n|-singleturn|p2a: Alomomola|Protect\n|move|p1a: Inteleon|Snipe Shot|p2a: Alomomola\n|-activate|p2a: Alomomola|move: Protect\n|\n|-heal|p1a: Inteleon|23\/100|[from] item: Leftovers\n|-heal|p2a: Alomomola|43\/100|[from] item: Leftovers\n|upkeep\n|turn|6\n|\n|t:|1701042792\n|move|p1a: Inteleon|Snipe Shot|p2a: Alomomola\n|-resisted|p2a: Alomomola\n|-damage|p2a: Alomomola|21\/100\n|move|p2a: Alomomola|Wish|p2a: Alomomola\n|\n|-heal|p1a: Inteleon|29\/100|[from] item: Leftovers\n|-heal|p2a: Alomomola|27\/100|[from] item: Leftovers\n|upkeep\n|turn|7\n|\n|t:|1701042802\n|switch|p2a: Clodsire|Clodsire, F|21\/100\n|move|p1a: Inteleon|Snipe Shot|p2a: Clodsire\n|-supereffective|p2a: Clodsire\n|-damage|p2a: Clodsire|0 fnt\n|faint|p2a: Clodsire\n|\n|-heal|p1a: Inteleon|35\/100|[from] item: Leftovers\n|upkeep\n|\n|t:|1701042811\n|switch|p2a: Scizor|Scizor, F|100\/100\n|turn|8\n|\n|t:|1701042832\n|move|p1a: Inteleon|Snipe Shot|p2a: Scizor\n|-damage|p2a: Scizor|49\/100\n|move|p2a: Scizor|Pursuit|p1a: Inteleon\n|-damage|p1a: Inteleon|0 fnt\n|faint|p1a: Inteleon\n|\n|upkeep\n|inactive|Onlymanever has 120 seconds left.\n|\n|t:|1701042863\n|switch|p1a: Basculin|Basculin-Blue-Striped, F|100\/100\n|turn|9\n|\n|t:|1701042870\n|detailschange|p2a: Scizor|Scizor-Mega, F\n|-mega|p2a: Scizor|Scizor|Scizorite\n|move|p2a: Scizor|Bullet Punch|p1a: Basculin\n|-resisted|p1a: Basculin\n|-damage|p1a: Basculin|68\/100\n|move|p1a: Basculin|Wave Crash|p2a: Scizor\n|-damage|p2a: Scizor|12\/100\n|\n|-heal|p1a: Basculin|74\/100|[from] item: Leftovers\n|upkeep\n|turn|10\n|\n|t:|1701042880\n|move|p1a: Basculin|Wave Crash|p2a: Scizor\n|-damage|p2a: Scizor|0 fnt\n|faint|p2a: Scizor\n|\n|-heal|p1a: Basculin|80\/100|[from] item: Leftovers\n|upkeep\n|\n|t:|1701042887\n|switch|p2a: Thundurus|Thundurus-Therian, M|100\/100\n|turn|11\n|\n|t:|1701042895\n|-terastallize|p1a: Basculin|Electric\n|move|p2a: Thundurus|Grass Knot|p1a: Basculin\n|-damage|p1a: Basculin|49\/100\n|move|p1a: Basculin|Head Smash|p2a: Thundurus\n|-supereffective|p2a: Thundurus\n|-damage|p2a: Thundurus|0 fnt\n|faint|p2a: Thundurus\n|\n|-heal|p1a: Basculin|55\/100|[from] item: Leftovers\n|upkeep\n|\n|t:|1701042905\n|switch|p2a: Hatterene|Hatterene, F|100\/100\n|turn|12\n|\n|t:|1701042913\n|move|p1a: Basculin|Wave Crash|p2a: Hatterene\n|-damage|p2a: Hatterene|45\/100\n|move|p2a: Hatterene|Psyshock|p1a: Basculin\n|-damage|p1a: Basculin|0 fnt\n|faint|p1a: Basculin\n|\n|-heal|p2a: Hatterene|50\/100|[from] item: Leftovers\n|upkeep\n|\n|t:|1701042926\n|switch|p1a: Toxicroak|Toxicroak, M|100\/100\n|turn|13\n|\n|t:|1701042931\n|move|p1a: Toxicroak|Poison Jab|p2a: Hatterene\n|-supereffective|p2a: Hatterene\n|-damage|p2a: Hatterene|0 fnt\n|faint|p2a: Hatterene\n|\n|upkeep\n|\n|t:|1701042942\n|switch|p2a: Alomomola|Alomomola, M|60\/100\n|turn|14\n|\n|t:|1701042946\n|move|p1a: Toxicroak|Poison Jab|p2a: Alomomola\n|-damage|p2a: Alomomola|41\/100\n|move|p2a: Alomomola|Scald|p1a: Toxicroak\n|-damage|p1a: Toxicroak|80\/100\n|\n|-heal|p1a: Toxicroak|86\/100|[from] item: Leftovers\n|-heal|p2a: Alomomola|47\/100|[from] item: Leftovers\n|upkeep\n|turn|15\n|\n|t:|1701042968\n|move|p1a: Toxicroak|Poison Jab|p2a: Alomomola\n|-damage|p2a: Alomomola|29\/100\n|move|p2a: Alomomola|Scald|p1a: Toxicroak\n|-damage|p1a: Toxicroak|64\/100\n|\n|-heal|p1a: Toxicroak|71\/100|[from] item: Leftovers\n|-heal|p2a: Alomomola|35\/100|[from] item: Leftovers\n|upkeep\n|turn|16\n|\n|t:|1701042979\n|move|p1a: Toxicroak|Poison Jab|p2a: Alomomola\n|-damage|p2a: Alomomola|15\/100\n|move|p2a: Alomomola|Wish|p2a: Alomomola\n|\n|-heal|p1a: Toxicroak|77\/100|[from] item: Leftovers\n|-heal|p2a: Alomomola|21\/100|[from] item: Leftovers\n|upkeep\n|turn|17\n|\n|t:|1701042990\n|move|p2a: Alomomola|Protect|p2a: Alomomola\n|-singleturn|p2a: Alomomola|Protect\n|move|p1a: Toxicroak|Bulk Up|p1a: Toxicroak\n|-boost|p1a: Toxicroak|atk|1\n|-boost|p1a: Toxicroak|def|1\n|\n|-heal|p2a: Alomomola|71\/100|[from] move: Wish|[wisher] Alomomola\n|-heal|p1a: Toxicroak|83\/100|[from] item: Leftovers\n|-heal|p2a: Alomomola|77\/100|[from] item: Leftovers\n|upkeep\n|turn|18\n|\n|t:|1701043005\n|move|p1a: Toxicroak|Encore|p2a: Alomomola\n|-start|p2a: Alomomola|Encore\n|move|p2a: Alomomola|Protect||[still]\n|-fail|p2a: Alomomola\n|\n|-heal|p1a: Toxicroak|89\/100|[from] item: Leftovers\n|-heal|p2a: Alomomola|83\/100|[from] item: Leftovers\n|upkeep\n|turn|19\n|\n|t:|1701043016\n|move|p2a: Alomomola|Protect|p2a: Alomomola\n|-singleturn|p2a: Alomomola|Protect\n|move|p1a: Toxicroak|Bulk Up|p1a: Toxicroak\n|-boost|p1a: Toxicroak|atk|1\n|-boost|p1a: Toxicroak|def|1\n|\n|-heal|p1a: Toxicroak|95\/100|[from] item: Leftovers\n|-heal|p2a: Alomomola|90\/100|[from] item: Leftovers\n|upkeep\n|turn|20\n|\n|t:|1701043026\n|switch|p2a: Ceruledge|Ceruledge, F|100\/100\n|move|p1a: Toxicroak|Poison Jab|p2a: Ceruledge\n|-resisted|p2a: Ceruledge\n|-damage|p2a: Ceruledge|54\/100\n|-ability|p2a: Ceruledge|Weak Armor|boost\n|-unboost|p2a: Ceruledge|def|1\n|-boost|p2a: Ceruledge|spe|2\n|-status|p2a: Ceruledge|psn|[from] ability: Poison Touch|[of] p1a: Toxicroak\n|\n|-heal|p1a: Toxicroak|100\/100|[from] item: Leftovers\n|-damage|p2a: Ceruledge|41\/100 psn|[from] psn\n|upkeep\n|turn|21\n|\n|t:|1701043042\n|move|p2a: Ceruledge|Poltergeist|p1a: Toxicroak\n|-activate|p1a: Toxicroak|move: Poltergeist|Leftovers\n|-damage|p1a: Toxicroak|59\/100\n|move|p1a: Toxicroak|Poison Jab|p2a: Ceruledge\n|-resisted|p2a: Ceruledge\n|-damage|p2a: Ceruledge|0 fnt\n|faint|p2a: Ceruledge\n|\n|-heal|p1a: Toxicroak|65\/100|[from] item: Leftovers\n|upkeep\n|\n|t:|1701043053\n|switch|p2a: Alomomola|Alomomola, M|100\/100\n|turn|22\n|\n|t:|1701043058\n|move|p1a: Toxicroak|Poison Jab|p2a: Alomomola\n|-damage|p2a: Alomomola|59\/100\n|-status|p2a: Alomomola|psn\n|move|p2a: Alomomola|Toxic|p1a: Toxicroak|[miss]\n|-miss|p2a: Alomomola|p1a: Toxicroak\n|\n|-heal|p1a: Toxicroak|72\/100|[from] item: Leftovers\n|-heal|p2a: Alomomola|66\/100 psn|[from] item: Leftovers\n|-damage|p2a: Alomomola|53\/100 psn|[from] psn\n|upkeep\n|turn|23\n|\n|t:|1701043072\n|-terastallize|p2a: Alomomola|Water\n|move|p1a: Toxicroak|Encore|p2a: Alomomola\n|-start|p2a: Alomomola|Encore\n|move|p2a: Alomomola|Toxic|p1a: Toxicroak\n|-immune|p1a: Toxicroak\n|\n|-heal|p1a: Toxicroak|78\/100|[from] item: Leftovers\n|-heal|p2a: Alomomola|59\/100 psn|[from] item: Leftovers\n|-damage|p2a: Alomomola|47\/100 psn|[from] psn\n|upkeep\n|turn|24\n|\n|t:|1701043085\n|move|p1a: Toxicroak|Poison Jab|p2a: Alomomola\n|-damage|p2a: Alomomola|8\/100 psn\n|move|p2a: Alomomola|Toxic|p1a: Toxicroak\n|-immune|p1a: Toxicroak\n|\n|-heal|p1a: Toxicroak|84\/100|[from] item: Leftovers\n|-heal|p2a: Alomomola|14\/100 psn|[from] item: Leftovers\n|-damage|p2a: Alomomola|1\/100 psn|[from] psn\n|upkeep\n|turn|25\n|\n|t:|1701043101\n|move|p1a: Toxicroak|Close Combat|p2a: Alomomola\n|-damage|p2a: Alomomola|0 fnt\n|-unboost|p1a: Toxicroak|def|1\n|-unboost|p1a: Toxicroak|spd|1\n|faint|p2a: Alomomola\n|\n|win|Onlymanever\n|raw|Onlymanever's rating: 1088 &rarr; <strong>1116<\/strong><br \/>(+28 for winning)\n|raw|Anthoonyy96's rating: 1107 &rarr; <strong>1081<\/strong><br \/>(-26 for losing)\n","uploadtime":1701043108,"views":1,"p1id":"onlymanever","p2id":"anthoonyy96","formatid":"gen9nationaldex","rating":1081,"private":0,"password":""}