{"id":"gen9nationaldex-1993187719","p1":"Shadow Mewtwo 1234","p2":"st.john52","format":"[Gen 9] National Dex","log":"|j|\u2606Shadow Mewtwo 1234\n|j|\u2606st.john52\n|t:|1700275568\n|gametype|singles\n|player|p1|Shadow Mewtwo 1234|cynthia-gen4|1100\n|player|p2|st.john52|clay|1117\n|teamsize|p1|6\n|teamsize|p2|6\n|gen|9\n|tier|[Gen 9] National Dex\n|rated|\n|rule|HP Percentage Mod: HP is shown in percentages\n|rule|Endless Battle Clause: Forcing endless battles is banned\n|rule|OHKO Clause: OHKO moves are banned\n|rule|Evasion Clause: Evasion abilities, items, and moves are banned\n|rule|Evasion Abilities Clause: Evasion abilities are banned\n|rule|Evasion Items Clause: Evasion items are banned\n|rule|Evasion Moves Clause: Evasion moves are banned\n|rule|Species Clause: Limit one of each Pok\u00e9mon\n|rule|Sleep Clause Mod: Limit one foe put to sleep\n|clearpoke\n|poke|p1|Greninja-*, M|\n|poke|p1|Blissey, F|\n|poke|p1|Excadrill, F|\n|poke|p1|Jirachi|\n|poke|p1|Galvantula, F|\n|poke|p1|Ninetales-Alola, F|\n|poke|p2|Mimikyu, M|\n|poke|p2|Vikavolt, M|\n|poke|p2|Bewear, M|\n|poke|p2|Wishiwashi, M|\n|poke|p2|Incineroar, M|\n|poke|p2|Silvally-*|\n|teampreview\n|inactive|Battle timer is ON: inactive players will automatically lose when time's up. (requested by st.john52)\n|\n|t:|1700275578\n|start\n|switch|p1a: Excadrill|Excadrill, F|100\/100\n|switch|p2a: Incineroar|Incineroar, M, shiny|100\/100\n|-ability|p1a: Excadrill|Mold Breaker\n|turn|1\n|\n|t:|1700275590\n|switch|p1a: Jirachi|Jirachi|100\/100\n|move|p2a: Incineroar|Fake Out|p1a: Jirachi\n|-resisted|p1a: Jirachi\n|-damage|p1a: Jirachi|95\/100\n|\n|-heal|p1a: Jirachi|100\/100|[from] item: Leftovers\n|upkeep\n|turn|2\n|\n|t:|1700275601\n|move|p1a: Jirachi|Thunder Wave|p2a: Incineroar\n|-status|p2a: Incineroar|par\n|move|p2a: Incineroar|Fire Punch|p1a: Jirachi\n|-supereffective|p1a: Jirachi\n|-damage|p1a: Jirachi|39\/100\n|\n|-heal|p1a: Jirachi|45\/100|[from] item: Leftovers\n|upkeep\n|turn|3\n|\n|t:|1700275616\n|move|p1a: Jirachi|Ancient Power|p2a: Incineroar\n|-supereffective|p2a: Incineroar\n|-damage|p2a: Incineroar|73\/100 par\n|cant|p2a: Incineroar|par\n|\n|-heal|p1a: Jirachi|51\/100|[from] item: Leftovers\n|upkeep\n|turn|4\n|\n|t:|1700275624\n|move|p1a: Jirachi|Ancient Power|p2a: Incineroar\n|-supereffective|p2a: Incineroar\n|-damage|p2a: Incineroar|46\/100 par\n|move|p2a: Incineroar|Fire Punch|p1a: Jirachi\n|-supereffective|p1a: Jirachi\n|-damage|p1a: Jirachi|0 fnt\n|faint|p1a: Jirachi\n|\n|upkeep\n|\n|t:|1700275639\n|switch|p1a: Greninja|Greninja, M|100\/100\n|turn|5\n|\n|t:|1700275647\n|switch|p2a: Wishiwashi|Wishiwashi, M, shiny|100\/100\n|-formechange|p2a: Wishiwashi|Wishiwashi-School||[from] ability: Schooling\n|move|p1a: Greninja|Water Shuriken|p2a: Wishiwashi\n|-resisted|p2a: Wishiwashi\n|-crit|p2a: Wishiwashi\n|-damage|p2a: Wishiwashi|95\/100\n|-resisted|p2a: Wishiwashi\n|-damage|p2a: Wishiwashi|91\/100\n|-resisted|p2a: Wishiwashi\n|-damage|p2a: Wishiwashi|87\/100\n|-hitcount|p2a: Wishiwashi|3\n|\n|-heal|p2a: Wishiwashi|93\/100|[from] item: Leftovers\n|upkeep\n|turn|6\n|\n|t:|1700275663\n|move|p2a: Wishiwashi|Protect|p2a: Wishiwashi\n|-singleturn|p2a: Wishiwashi|Protect\n|move|p1a: Greninja|Grass Knot|p2a: Wishiwashi\n|-activate|p2a: Wishiwashi|move: Protect\n|\n|-heal|p2a: Wishiwashi|99\/100|[from] item: Leftovers\n|upkeep\n|turn|7\n|\n|t:|1700275672\n|move|p1a: Greninja|Dark Pulse|p2a: Wishiwashi\n|-damage|p2a: Wishiwashi|63\/100\n|move|p2a: Wishiwashi|Ice Beam|p1a: Greninja\n|-resisted|p1a: Greninja\n|-damage|p1a: Greninja|73\/100\n|\n|-heal|p2a: Wishiwashi|69\/100|[from] item: Leftovers\n|upkeep\n|turn|8\n|\n|t:|1700275682\n|move|p2a: Wishiwashi|Protect|p2a: Wishiwashi\n|-singleturn|p2a: Wishiwashi|Protect\n|move|p1a: Greninja|Grass Knot|p2a: Wishiwashi\n|-activate|p2a: Wishiwashi|move: Protect\n|\n|-heal|p2a: Wishiwashi|75\/100|[from] item: Leftovers\n|upkeep\n|turn|9\n|\n|t:|1700275690\n|move|p1a: Greninja|Grass Knot|p2a: Wishiwashi\n|-supereffective|p2a: Wishiwashi\n|-damage|p2a: Wishiwashi|10\/100\n|move|p2a: Wishiwashi|Ice Beam|p1a: Greninja\n|-resisted|p1a: Greninja\n|-damage|p1a: Greninja|43\/100\n|\n|-heal|p2a: Wishiwashi|16\/100|[from] item: Leftovers\n|-formechange|p2a: Wishiwashi|Wishiwashi||[from] ability: Schooling\n|upkeep\n|turn|10\n|\n|t:|1700275700\n|move|p2a: Wishiwashi|Protect|p2a: Wishiwashi\n|-singleturn|p2a: Wishiwashi|Protect\n|move|p1a: Greninja|Dark Pulse|p2a: Wishiwashi\n|-activate|p2a: Wishiwashi|move: Protect\n|\n|-heal|p2a: Wishiwashi|22\/100|[from] item: Leftovers\n|upkeep\n|turn|11\n|\n|t:|1700275709\n|move|p1a: Greninja|Dark Pulse|p2a: Wishiwashi\n|-damage|p2a: Wishiwashi|0 fnt\n|faint|p2a: Wishiwashi\n|-ability|p1a: Greninja|Battle Bond|boost\n|-boost|p1a: Greninja|atk|1\n|-boost|p1a: Greninja|spa|1\n|-boost|p1a: Greninja|spe|1\n|-activate|p1a: Greninja|ability: Battle Bond\n|\n|upkeep\n|\n|t:|1700275721\n|switch|p2a: Bewear|Bewear, M, shiny|100\/100\n|turn|12\n|\n|t:|1700275730\n|move|p1a: Greninja|Grass Knot|p2a: Bewear\n|-damage|p2a: Bewear|74\/100\n|move|p2a: Bewear|Close Combat|p1a: Greninja\n|-supereffective|p1a: Greninja\n|-damage|p1a: Greninja|0 fnt\n|-unboost|p2a: Bewear|def|1\n|-unboost|p2a: Bewear|spd|1\n|faint|p1a: Greninja\n|\n|-heal|p2a: Bewear|80\/100|[from] item: Leftovers\n|upkeep\n|\n|t:|1700275735\n|switch|p1a: Galvantula|Galvantula, F|100\/100\n|turn|13\n|\n|t:|1700275746\n|switch|p2a: Silvally|Silvally-Ground, shiny|100\/100\n|move|p1a: Galvantula|Thunder Wave|p2a: Silvally\n|-immune|p2a: Silvally\n|\n|upkeep\n|turn|14\n|\n|t:|1700275757\n|move|p2a: Silvally|Multi-Attack|p1a: Galvantula\n|-damage|p1a: Galvantula|16\/100\n|move|p1a: Galvantula|Sticky Web|p2a: Silvally\n|-sidestart|p2: st.john52|move: Sticky Web\n|\n|upkeep\n|turn|15\n|\n|t:|1700275769\n|move|p2a: Silvally|Iron Head|p1a: Galvantula\n|-resisted|p1a: Galvantula\n|-damage|p1a: Galvantula|0 fnt\n|faint|p1a: Galvantula\n|\n|upkeep\n|\n|t:|1700275775\n|switch|p1a: Ninetales|Ninetales-Alola, F|100\/100\n|-weather|Snow|[from] ability: Snow Warning|[of] p1a: Ninetales\n|turn|16\n|\n|t:|1700275779\n|move|p1a: Ninetales|Aurora Veil|p1a: Ninetales\n|-sidestart|p1: Shadow Mewtwo 1234|move: Aurora Veil\n|move|p2a: Silvally|Defog|p1a: Ninetales\n|-unboost|p1a: Ninetales|evasion|1\n|-sideend|p1: Shadow Mewtwo 1234|move: Aurora Veil\n|-sideend|p2: st.john52|Sticky Web|[from] move: Defog|[of] p2a: Silvally\n|\n|-weather|Snow|[upkeep]\n|upkeep\n|turn|17\n|\n|t:|1700275788\n|move|p1a: Ninetales|Nasty Plot|p1a: Ninetales\n|-boost|p1a: Ninetales|spa|2\n|move|p2a: Silvally|Iron Head|p1a: Ninetales\n|-supereffective|p1a: Ninetales\n|-damage|p1a: Ninetales|13\/100\n|\n|-weather|Snow|[upkeep]\n|-heal|p1a: Ninetales|19\/100|[from] item: Leftovers\n|upkeep\n|turn|18\n|\n|t:|1700275798\n|move|p2a: Silvally|Iron Head|p1a: Ninetales\n|-supereffective|p1a: Ninetales\n|-crit|p1a: Ninetales\n|-damage|p1a: Ninetales|0 fnt\n|faint|p1a: Ninetales\n|\n|-weather|Snow|[upkeep]\n|upkeep\n|-message|Shadow Mewtwo 1234 forfeited.\n|\n|win|st.john52\n|raw|Shadow Mewtwo 1234's rating: 1100 &rarr; <strong>1076<\/strong><br \/>(-24 for losing)\n|raw|st.john52's rating: 1117 &rarr; <strong>1141<\/strong><br \/>(+24 for winning)\n|l|\u2606Shadow Mewtwo 1234\n","uploadtime":1700275807,"views":7,"p1id":"shadowmewtwo1234","p2id":"stjohn52","formatid":"gen9nationaldex","rating":1076,"private":0,"password":""}