{"id":"gen9nationaldex-1988354713","p1":"hsenb\u59da\u67d0","p2":"danyukeainie","format":"[Gen 9] National Dex","log":"|j|\u2606hsenb\u59da\u67d0\n|j|\u2606danyukeainie\n|t:|1699713056\n|gametype|singles\n|player|p1|hsenb\u59da\u67d0|may-contest|1683\n|player|p2|danyukeainie|caitlin|1571\n|teamsize|p1|6\n|teamsize|p2|6\n|gen|9\n|tier|[Gen 9] National Dex\n|rated|\n|rule|HP Percentage Mod: HP is shown in percentages\n|rule|Endless Battle Clause: Forcing endless battles is banned\n|rule|OHKO Clause: OHKO moves are banned\n|rule|Evasion Clause: Evasion abilities, items, and moves are banned\n|rule|Evasion Abilities Clause: Evasion abilities are banned\n|rule|Evasion Items Clause: Evasion items are banned\n|rule|Evasion Moves Clause: Evasion moves are banned\n|rule|Species Clause: Limit one of each Pok\u00e9mon\n|rule|Sleep Clause Mod: Limit one foe put to sleep\n|clearpoke\n|poke|p1|Diancie|\n|poke|p1|Garganacl, M|\n|poke|p1|Arcanine-Hisui, F|\n|poke|p1|Nihilego|\n|poke|p1|Glimmora, M|\n|poke|p1|Kleavor, F|\n|poke|p2|Urshifu-*, M|\n|poke|p2|Aegislash, F|\n|poke|p2|Zapdos|\n|poke|p2|Diancie|\n|poke|p2|Garchomp, F|\n|poke|p2|Chansey, F|\n|teampreview\n|inactive|Battle timer is ON: inactive players will automatically lose when time's up. (requested by danyukeainie)\n|\n|t:|1699713086\n|start\n|switch|p1a: Glimmora|Glimmora, M|100\/100\n|switch|p2a: Aegislash|Aegislash, F|100\/100\n|turn|1\n|inactive|hsenb\u59da\u67d0 has 120 seconds left.\n|\n|t:|1699713122\n|move|p1a: Glimmora|Earth Power|p2a: Aegislash\n|-supereffective|p2a: Aegislash\n|-damage|p2a: Aegislash|48\/100\n|-formechange|p2a: Aegislash|Aegislash-Blade||[from] ability: Stance Change\n|move|p2a: Aegislash|Iron Head|p1a: Glimmora\n|-supereffective|p1a: Glimmora\n|-enditem|p1a: Glimmora|Focus Sash\n|-damage|p1a: Glimmora|1\/100\n|-activate|p1a: Glimmora|ability: Toxic Debris\n|-sidestart|p2: danyukeainie|move: Toxic Spikes\n|-damage|p2a: Aegislash|38\/100|[from] item: Life Orb\n|\n|upkeep\n|turn|2\n|inactive|hsenb\u59da\u67d0 has 120 seconds left.\n|\n|t:|1699713128\n|move|p2a: Aegislash|Shadow Sneak|p1a: Glimmora\n|-damage|p1a: Glimmora|0 fnt\n|-activate|p1a: Glimmora|ability: Toxic Debris\n|-sidestart|p2: danyukeainie|move: Toxic Spikes\n|faint|p1a: Glimmora\n|-damage|p2a: Aegislash|28\/100|[from] item: Life Orb\n|\n|upkeep\n|\n|t:|1699713132\n|switch|p1a: Diancie|Diancie|100\/100\n|turn|3\n|\n|t:|1699713137\n|detailschange|p1a: Diancie|Diancie-Mega\n|-mega|p1a: Diancie|Diancie|Diancite\n|-formechange|p2a: Aegislash|Aegislash||[from] ability: Stance Change\n|move|p2a: Aegislash|King's Shield|p2a: Aegislash\n|-singleturn|p2a: Aegislash|Protect\n|move|p1a: Diancie|Diamond Storm|p2a: Aegislash\n|-activate|p2a: Aegislash|move: Protect\n|\n|upkeep\n|turn|4\n|\n|t:|1699713153\n|-formechange|p2a: Aegislash|Aegislash-Blade||[from] ability: Stance Change\n|move|p2a: Aegislash|Shadow Sneak|p1a: Diancie\n|-damage|p1a: Diancie|54\/100\n|-damage|p2a: Aegislash|18\/100|[from] item: Life Orb\n|move|p1a: Diancie|Earth Power|p2a: Aegislash\n|-supereffective|p2a: Aegislash\n|-damage|p2a: Aegislash|0 fnt\n|faint|p2a: Aegislash\n|\n|upkeep\n|inactive|danyukeainie has 120 seconds left.\n|\n|t:|1699713178\n|switch|p2a: Urshifu|Urshifu-Rapid-Strike, M|100\/100\n|-status|p2a: Urshifu|tox\n|turn|5\n|inactive|danyukeainie has 120 seconds left.\n|\n|t:|1699713197\n|move|p2a: Urshifu|Surging Strikes|p1a: Diancie\n|-supereffective|p1a: Diancie\n|-crit|p1a: Diancie\n|-damage|p1a: Diancie|0 fnt\n|faint|p1a: Diancie\n|-hitcount|p1: Diancie|1\n|\n|-damage|p2a: Urshifu|94\/100 tox|[from] psn\n|upkeep\n|\n|t:|1699713203\n|switch|p1a: Garganacl|Garganacl, M|100\/100\n|turn|6\n|\n|t:|1699713209\n|switch|p2a: Zapdos|Zapdos|100\/100\n|-terastallize|p1a: Garganacl|Grass\n|move|p1a: Garganacl|Iron Defense|p1a: Garganacl\n|-boost|p1a: Garganacl|def|2\n|\n|upkeep\n|turn|7\n|\n|t:|1699713218\n|move|p2a: Zapdos|Defog|p1a: Garganacl\n|-unboost|p1a: Garganacl|evasion|1\n|-sideend|p2: danyukeainie|Toxic Spikes|[from] move: Defog|[of] p2a: Zapdos\n|move|p1a: Garganacl|Salt Cure|p2a: Zapdos\n|-supereffective|p2a: Zapdos\n|-damage|p2a: Zapdos|79\/100\n|-start|p2a: Zapdos|Salt Cure\n|\n|-damage|p2a: Zapdos|67\/100|[from] Salt Cure\n|upkeep\n|turn|8\n|inactive|hsenb\u59da\u67d0 has 120 seconds left.\n|inactive|hsenb\u59da\u67d0 has 90 seconds left.\n|\n|t:|1699713295\n|move|p1a: Garganacl|Protect|p1a: Garganacl\n|-singleturn|p1a: Garganacl|Protect\n|move|p2a: Zapdos|Hurricane|p1a: Garganacl\n|-activate|p1a: Garganacl|move: Protect\n|\n|-damage|p2a: Zapdos|55\/100|[from] Salt Cure\n|upkeep\n|turn|9\n|inactive|hsenb\u59da\u67d0 has 60 seconds left.\n|\n|t:|1699713326\n|move|p2a: Zapdos|Volt Switch|p1a: Garganacl\n|-resisted|p1a: Garganacl\n|-damage|p1a: Garganacl|90\/100\n|\n|t:|1699713345\n|switch|p2a: Diancie|Diancie|100\/100|[from] Volt Switch\n|move|p1a: Garganacl|Salt Cure|p2a: Diancie\n|-damage|p2a: Diancie|89\/100\n|-start|p2a: Diancie|Salt Cure\n|\n|-heal|p1a: Garganacl|96\/100|[from] item: Leftovers\n|-damage|p2a: Diancie|76\/100|[from] Salt Cure\n|upkeep\n|turn|10\n|\n|t:|1699713351\n|detailschange|p2a: Diancie|Diancie-Mega\n|-mega|p2a: Diancie|Diancie|Diancite\n|move|p2a: Diancie|Stealth Rock|p1a: Garganacl\n|-sidestart|p1: hsenb\u59da\u67d0|move: Stealth Rock\n|move|p1a: Garganacl|Salt Cure|p2a: Diancie\n|-damage|p2a: Diancie|61\/100\n|\n|-heal|p1a: Garganacl|100\/100|[from] item: Leftovers\n|-damage|p2a: Diancie|49\/100|[from] Salt Cure\n|upkeep\n|turn|11\n|\n|t:|1699713361\n|move|p1a: Garganacl|Protect|p1a: Garganacl\n|-singleturn|p1a: Garganacl|Protect\n|move|p2a: Diancie|Moonblast|p1a: Garganacl\n|-activate|p1a: Garganacl|move: Protect\n|\n|-damage|p2a: Diancie|37\/100|[from] Salt Cure\n|upkeep\n|turn|12\n|\n|t:|1699713368\n|move|p2a: Diancie|Moonblast|p1a: Garganacl\n|-damage|p1a: Garganacl|62\/100\n|move|p1a: Garganacl|Salt Cure|p2a: Diancie\n|-damage|p2a: Diancie|20\/100\n|\n|-heal|p1a: Garganacl|68\/100|[from] item: Leftovers\n|-damage|p2a: Diancie|7\/100|[from] Salt Cure\n|upkeep\n|turn|13\n|\n|t:|1699713378\n|move|p1a: Garganacl|Protect|p1a: Garganacl\n|-singleturn|p1a: Garganacl|Protect\n|move|p2a: Diancie|Moonblast|p1a: Garganacl\n|-activate|p1a: Garganacl|move: Protect\n|\n|-heal|p1a: Garganacl|74\/100|[from] item: Leftovers\n|-damage|p2a: Diancie|0 fnt|[from] Salt Cure\n|faint|p2a: Diancie\n|upkeep\n|\n|t:|1699713385\n|switch|p2a: Zapdos|Zapdos|55\/100\n|turn|14\n|inactive|hsenb\u59da\u67d0 has 90 seconds left.\n|\n|t:|1699713393\n|switch|p1a: Nihilego|Nihilego|100\/100\n|-damage|p1a: Nihilego|88\/100|[from] Stealth Rock\n|move|p2a: Zapdos|Hurricane|p1a: Nihilego\n|-resisted|p1a: Nihilego\n|-damage|p1a: Nihilego|71\/100\n|-start|p1a: Nihilego|confusion\n|\n|upkeep\n|turn|15\n|\n|t:|1699713406\n|switch|p2a: Chansey|Chansey, F|100\/100\n|-activate|p1a: Nihilego|confusion\n|move|p1a: Nihilego|Meteor Beam||[still]\n|-prepare|p1a: Nihilego|Meteor Beam\n|-boost|p1a: Nihilego|spa|1\n|-enditem|p1a: Nihilego|Power Herb\n|-anim|p1a: Nihilego|Meteor Beam|p2a: Chansey\n|-damage|p2a: Chansey|81\/100\n|\n|upkeep\n|turn|16\n|\n|t:|1699713420\n|-activate|p1a: Nihilego|confusion\n|-damage|p1a: Nihilego|65\/100|[from] confusion\n|move|p2a: Chansey|Chilling Water|p1a: Nihilego\n|-supereffective|p1a: Nihilego\n|-damage|p1a: Nihilego|58\/100\n|-unboost|p1a: Nihilego|atk|1\n|\n|upkeep\n|turn|17\n|\n|t:|1699713428\n|-end|p1a: Nihilego|confusion\n|move|p1a: Nihilego|Psyshock|p2a: Chansey\n|-damage|p2a: Chansey|13\/100\n|move|p2a: Chansey|Seismic Toss|p1a: Nihilego\n|-damage|p1a: Nihilego|31\/100\n|\n|upkeep\n|turn|18\n|inactive|hsenb\u59da\u67d0 has 120 seconds left.\n|\n|t:|1699713440\n|switch|p2a: Zapdos|Zapdos|55\/100\n|move|p1a: Nihilego|Psyshock|p2a: Zapdos\n|-crit|p2a: Zapdos\n|-damage|p2a: Zapdos|13\/100\n|\n|upkeep\n|turn|19\n|inactive|hsenb\u59da\u67d0 has 120 seconds left.\n|\n|t:|1699713461\n|move|p1a: Nihilego|Sludge Wave|p2a: Zapdos\n|-damage|p2a: Zapdos|0 fnt\n|faint|p2a: Zapdos\n|-ability|p1a: Nihilego|Beast Boost|boost\n|-boost|p1a: Nihilego|spe|1\n|\n|upkeep\n|\n|t:|1699713470\n|switch|p2a: Urshifu|Urshifu-Rapid-Strike, M|94\/100 tox\n|turn|20\n|\n|t:|1699713475\n|move|p1a: Nihilego|Psyshock|p2a: Urshifu\n|-supereffective|p2a: Urshifu\n|-damage|p2a: Urshifu|11\/100 tox\n|move|p2a: Urshifu|Surging Strikes|p1a: Nihilego\n|-supereffective|p1a: Nihilego\n|-crit|p1a: Nihilego\n|-damage|p1a: Nihilego|0 fnt\n|faint|p1a: Nihilego\n|-hitcount|p1: Nihilego|1\n|\n|-damage|p2a: Urshifu|5\/100 tox|[from] psn\n|upkeep\n|\n|t:|1699713484\n|switch|p1a: Garganacl|Garganacl, M, tera:Grass|74\/100\n|-damage|p1a: Garganacl|62\/100|[from] Stealth Rock\n|turn|21\n|\n|t:|1699713489\n|move|p2a: Urshifu|Surging Strikes|p1a: Garganacl\n|-resisted|p1a: Garganacl\n|-crit|p1a: Garganacl\n|-damage|p1a: Garganacl|55\/100\n|-resisted|p1a: Garganacl\n|-crit|p1a: Garganacl\n|-damage|p1a: Garganacl|48\/100\n|-resisted|p1a: Garganacl\n|-crit|p1a: Garganacl\n|-damage|p1a: Garganacl|40\/100\n|-hitcount|p1a: Garganacl|3\n|move|p1a: Garganacl|Iron Defense|p1a: Garganacl\n|-boost|p1a: Garganacl|def|2\n|\n|-heal|p1a: Garganacl|46\/100|[from] item: Leftovers\n|-damage|p2a: Urshifu|0 fnt|[from] psn\n|faint|p2a: Urshifu\n|upkeep\n|\n|t:|1699713504\n|switch|p2a: Chansey|Chansey, F|13\/100\n|turn|22\n|\n|t:|1699713513\n|move|p2a: Chansey|Soft-Boiled|p2a: Chansey\n|-heal|p2a: Chansey|63\/100\n|move|p1a: Garganacl|Salt Cure|p2a: Chansey\n|-damage|p2a: Chansey|42\/100\n|-start|p2a: Chansey|Salt Cure\n|\n|-heal|p1a: Garganacl|52\/100|[from] item: Leftovers\n|-damage|p2a: Chansey|29\/100|[from] Salt Cure\n|upkeep\n|turn|23\n|\n|t:|1699713523\n|move|p2a: Chansey|Toxic|p1a: Garganacl\n|-immune|p1a: Garganacl|[from] ability: Purifying Salt\n|move|p1a: Garganacl|Recover|p1a: Garganacl\n|-heal|p1a: Garganacl|100\/100\n|\n|-damage|p2a: Chansey|17\/100|[from] Salt Cure\n|upkeep\n|turn|24\n|\n|t:|1699713528\n|switch|p1a: Arcanine|Arcanine-Hisui, F|100\/100\n|-damage|p1a: Arcanine|76\/100|[from] Stealth Rock\n|move|p2a: Chansey|Seismic Toss|p1a: Arcanine\n|-damage|p1a: Arcanine|46\/100\n|\n|-damage|p2a: Chansey|4\/100|[from] Salt Cure\n|upkeep\n|turn|25\n|\n|t:|1699713535\n|move|p1a: Arcanine|Extreme Speed|p2a: Chansey\n|-damage|p2a: Chansey|0 fnt\n|faint|p2a: Chansey\n|\n|upkeep\n|\n|t:|1699713539\n|switch|p2a: Garchomp|Garchomp, F|100\/100\n|turn|26\n|\n|t:|1699713547\n|move|p1a: Arcanine|Extreme Speed|p2a: Garchomp\n|-damage|p2a: Garchomp|58\/100\n|-damage|p1a: Arcanine|33\/100|[from] ability: Rough Skin|[of] p2a: Garchomp\n|move|p2a: Garchomp|Swords Dance|p2a: Garchomp\n|-boost|p2a: Garchomp|atk|2\n|\n|upkeep\n|turn|27\n|\n|t:|1699713554\n|move|p1a: Arcanine|Extreme Speed|p2a: Garchomp\n|-damage|p2a: Garchomp|19\/100\n|-damage|p1a: Arcanine|21\/100|[from] ability: Rough Skin|[of] p2a: Garchomp\n|move|p2a: Garchomp|Scale Shot|p1a: Arcanine\n|-damage|p1a: Arcanine|0 fnt\n|faint|p1a: Arcanine\n|-hitcount|p1: Arcanine|1\n|-unboost|p2a: Garchomp|def|1\n|-boost|p2a: Garchomp|spe|1\n|\n|upkeep\n|\n|t:|1699713559\n|switch|p1a: Garganacl|Garganacl, M, tera:Grass|100\/100\n|-damage|p1a: Garganacl|88\/100|[from] Stealth Rock\n|turn|28\n|\n|t:|1699713563\n|-terastallize|p2a: Garchomp|Fire\n|move|p2a: Garchomp|Tera Blast|p1a: Garganacl|[anim] Tera Blast Fire\n|-supereffective|p1a: Garganacl\n|-damage|p1a: Garganacl|0 fnt\n|faint|p1a: Garganacl\n|\n|upkeep\n|\n|t:|1699713568\n|switch|p1a: Kleavor|Kleavor, F|100\/100\n|-damage|p1a: Kleavor|76\/100|[from] Stealth Rock\n|turn|29\n|\n|t:|1699713576\n|move|p2a: Garchomp|Tera Blast|p1a: Kleavor|[anim] Tera Blast Fire\n|-damage|p1a: Kleavor|0 fnt\n|faint|p1a: Kleavor\n|\n|win|danyukeainie\n|raw|hsenb\u59da\u67d0's rating: 1668 &rarr; <strong>1643<\/strong><br \/>(-25 for losing)\n|raw|danyukeainie's rating: 1571 &rarr; <strong>1596<\/strong><br \/>(+25 for winning)\n|l|\u2606hsenb\u59da\u67d0\n","uploadtime":1699713602,"views":7,"p1id":"hsenb","p2id":"danyukeainie","formatid":"gen9nationaldex","rating":1596,"private":0,"password":""}