{"id":"gen9nationaldex-1992581654","p1":"kingkongshuffle","p2":"Croquetini","format":"[Gen 9] National Dex","log":"|j|\u2606kingkongshuffle\n|j|\u2606Croquetini\n|t:|1700209619\n|gametype|singles\n|player|p1|kingkongshuffle|chuck|1091\n|player|p2|Croquetini|clown|1110\n|teamsize|p1|6\n|teamsize|p2|6\n|gen|9\n|tier|[Gen 9] National Dex\n|rated|\n|rule|HP Percentage Mod: HP is shown in percentages\n|rule|Endless Battle Clause: Forcing endless battles is banned\n|rule|OHKO Clause: OHKO moves are banned\n|rule|Evasion Clause: Evasion abilities, items, and moves are banned\n|rule|Evasion Abilities Clause: Evasion abilities are banned\n|rule|Evasion Items Clause: Evasion items are banned\n|rule|Evasion Moves Clause: Evasion moves are banned\n|rule|Species Clause: Limit one of each Pok\u00e9mon\n|rule|Sleep Clause Mod: Limit one foe put to sleep\n|clearpoke\n|poke|p1|Guzzlord|\n|poke|p1|Rampardos, M|\n|poke|p1|Deoxys-Defense|\n|poke|p1|Thundurus-Therian, M|\n|poke|p1|Goodra-Hisui, F|\n|poke|p1|Tapu Koko|\n|poke|p2|Clodsire, M|\n|poke|p2|Urshifu-*, M|\n|poke|p2|Venusaur, M|\n|poke|p2|Gliscor, M|\n|poke|p2|Azumarill, M|\n|poke|p2|Cetoddle, M|\n|teampreview\n|inactive|Battle timer is ON: inactive players will automatically lose when time's up. (requested by kingkongshuffle)\n|inactive|kingkongshuffle has 120 seconds left.\n|\n|t:|1700209660\n|start\n|switch|p1a: Deoxys|Deoxys-Defense|100\/100\n|switch|p2a: Clodsire|Clodsire, M, shiny|100\/100\n|-ability|p1a: Deoxys|Pressure\n|turn|1\n|\n|t:|1700209678\n|move|p1a: Deoxys|Reflect|p1a: Deoxys\n|-sidestart|p1: kingkongshuffle|Reflect\n|move|p2a: Clodsire|Toxic|p1a: Deoxys\n|-status|p1a: Deoxys|tox\n|\n|-damage|p1a: Deoxys|95\/100 tox|[from] psn\n|upkeep\n|turn|2\n|\n|t:|1700209687\n|move|p1a: Deoxys|Light Screen|p1a: Deoxys\n|-sidestart|p1: kingkongshuffle|move: Light Screen\n|move|p2a: Clodsire|Toxic Spikes|p1a: Deoxys\n|-sidestart|p1: kingkongshuffle|move: Toxic Spikes\n|\n|-damage|p1a: Deoxys|83\/100 tox|[from] psn\n|upkeep\n|turn|3\n|\n|t:|1700209694\n|move|p1a: Deoxys|Stealth Rock|p2a: Clodsire\n|-sidestart|p2: Croquetini|move: Stealth Rock\n|move|p2a: Clodsire|Toxic Spikes|p1a: Deoxys\n|-sidestart|p1: kingkongshuffle|move: Toxic Spikes\n|\n|-damage|p1a: Deoxys|65\/100 tox|[from] psn\n|upkeep\n|turn|4\n|\n|t:|1700209706\n|switch|p1a: Goodra|Goodra-Hisui, F|100\/100\n|move|p2a: Clodsire|Spikes|p1a: Goodra\n|-sidestart|p1: kingkongshuffle|Spikes\n|\n|upkeep\n|turn|5\n|\n|t:|1700209719\n|move|p2a: Clodsire|Earthquake|p1a: Goodra\n|-supereffective|p1a: Goodra\n|-damage|p1a: Goodra|74\/100\n|move|p1a: Goodra|Dragon Tail|p2a: Clodsire\n|-damage|p2a: Clodsire|76\/100\n|drag|p2a: Gliscor|Gliscor, M|100\/100\n|-damage|p2a: Gliscor|88\/100|[from] Stealth Rock\n|\n|-status|p2a: Gliscor|tox|[from] item: Toxic Orb\n|upkeep\n|turn|6\n|\n|t:|1700209731\n|move|p2a: Gliscor|Earthquake|p1a: Goodra\n|-supereffective|p1a: Goodra\n|-damage|p1a: Goodra|34\/100\n|move|p1a: Goodra|Chilling Water|p2a: Gliscor\n|-supereffective|p2a: Gliscor\n|-damage|p2a: Gliscor|50\/100 tox\n|-unboost|p2a: Gliscor|atk|1\n|\n|-heal|p2a: Gliscor|63\/100 tox|[from] ability: Poison Heal\n|upkeep\n|turn|7\n|\n|t:|1700209747\n|switch|p2a: Venusaur|Venusaur, M, shiny|100\/100\n|-damage|p2a: Venusaur|88\/100|[from] Stealth Rock\n|move|p1a: Goodra|Rest|p1a: Goodra\n|-status|p1a: Goodra|slp|[from] move: Rest\n|-heal|p1a: Goodra|100\/100 slp|[silent]\n|-enditem|p1a: Goodra|Chesto Berry|[eat]\n|-curestatus|p1a: Goodra|slp|[msg]\n|\n|upkeep\n|turn|8\n|\n|t:|1700209763\n|switch|p2a: Urshifu|Urshifu-Rapid-Strike, M|100\/100\n|-damage|p2a: Urshifu|94\/100|[from] Stealth Rock\n|move|p1a: Goodra|Dragon Tail|p2a: Urshifu\n|-damage|p2a: Urshifu|72\/100\n|drag|p2a: Clodsire|Clodsire, M, shiny|76\/100\n|-damage|p2a: Clodsire|70\/100|[from] Stealth Rock\n|\n|-heal|p2a: Clodsire|76\/100|[from] item: Leftovers\n|-sideend|p1: kingkongshuffle|Reflect\n|upkeep\n|turn|9\n|inactive|kingkongshuffle has 120 seconds left.\n|\n|t:|1700209798\n|move|p1a: Goodra|Chilling Water|p2a: Clodsire\n|-supereffective|p2a: Clodsire\n|-damage|p2a: Clodsire|63\/100\n|-unboost|p2a: Clodsire|atk|1\n|move|p2a: Clodsire|Earthquake|p1a: Goodra\n|-supereffective|p1a: Goodra\n|-damage|p1a: Goodra|69\/100\n|\n|-heal|p2a: Clodsire|69\/100|[from] item: Leftovers\n|-sideend|p1: kingkongshuffle|move: Light Screen\n|upkeep\n|turn|10\n|inactive|kingkongshuffle has 120 seconds left.\n|\n|t:|1700209810\n|move|p1a: Goodra|Chilling Water|p2a: Clodsire\n|-supereffective|p2a: Clodsire\n|-crit|p2a: Clodsire\n|-damage|p2a: Clodsire|49\/100\n|-unboost|p2a: Clodsire|atk|1\n|move|p2a: Clodsire|Spikes|p1a: Goodra\n|-sidestart|p1: kingkongshuffle|Spikes\n|\n|-heal|p2a: Clodsire|55\/100|[from] item: Leftovers\n|upkeep\n|turn|11\n|inactive|kingkongshuffle has 120 seconds left.\n|\n|t:|1700209820\n|move|p1a: Goodra|Chilling Water|p2a: Clodsire\n|-supereffective|p2a: Clodsire\n|-damage|p2a: Clodsire|42\/100\n|-unboost|p2a: Clodsire|atk|1\n|move|p2a: Clodsire|Spikes|p1a: Goodra\n|-sidestart|p1: kingkongshuffle|Spikes\n|\n|-heal|p2a: Clodsire|49\/100|[from] item: Leftovers\n|upkeep\n|turn|12\n|inactive|kingkongshuffle has 120 seconds left.\n|\n|t:|1700209836\n|switch|p2a: Cetoddle|Cetoddle, M, shiny|100\/100\n|-damage|p2a: Cetoddle|76\/100|[from] Stealth Rock\n|move|p1a: Goodra|Chilling Water|p2a: Cetoddle\n|-damage|p2a: Cetoddle|62\/100\n|-unboost|p2a: Cetoddle|atk|1\n|\n|upkeep\n|turn|13\n|inactive|kingkongshuffle has 120 seconds left.\n|\n|t:|1700209847\n|move|p2a: Cetoddle|Superpower|p1a: Goodra\n|-supereffective|p1a: Goodra\n|-damage|p1a: Goodra|32\/100\n|-unboost|p2a: Cetoddle|atk|1\n|-unboost|p2a: Cetoddle|def|1\n|-ability|p1a: Goodra|Gooey\n|-unboost|p2a: Cetoddle|spe|1\n|move|p1a: Goodra|Dragon Tail|p2a: Cetoddle\n|-damage|p2a: Cetoddle|32\/100\n|drag|p2a: Azumarill|Azumarill, M, shiny|100\/100\n|-damage|p2a: Azumarill|88\/100|[from] Stealth Rock\n|\n|upkeep\n|turn|14\n|inactive|kingkongshuffle has 120 seconds left.\n|\n|t:|1700209863\n|move|p1a: Goodra|Rest|p1a: Goodra\n|-status|p1a: Goodra|slp|[from] move: Rest\n|-heal|p1a: Goodra|100\/100 slp|[silent]\n|move|p2a: Azumarill|Belly Drum|p2a: Azumarill\n|-damage|p2a: Azumarill|38\/100\n|-setboost|p2a: Azumarill|atk|6|[from] move: Belly Drum\n|-enditem|p2a: Azumarill|Sitrus Berry|[eat]\n|-heal|p2a: Azumarill|63\/100|[from] item: Sitrus Berry\n|\n|upkeep\n|turn|15\n|inactive|kingkongshuffle has 120 seconds left.\n|\n|t:|1700209877\n|cant|p1a: Goodra|slp\n|move|p1a: Goodra|Sleep Talk|p1a: Goodra\n|move|p1a: Goodra|Dragon Tail|p2a: Azumarill|[from]move: Sleep Talk\n|-immune|p2a: Azumarill\n|move|p2a: Azumarill|Play Rough|p1a: Goodra\n|-damage|p1a: Goodra|0 fnt\n|-ability|p1a: Goodra|Gooey\n|-unboost|p2a: Azumarill|spe|1\n|faint|p1a: Goodra\n|\n|upkeep\n|\n|t:|1700209897\n|switch|p1a: Deoxys|Deoxys-Defense|65\/100 tox\n|-damage|p1a: Deoxys|40\/100 tox|[from] Spikes\n|-ability|p1a: Deoxys|Pressure\n|turn|16\n|\n|t:|1700209903\n|move|p2a: Azumarill|Aqua Jet|p1a: Deoxys\n|-damage|p1a: Deoxys|0 fnt\n|faint|p1a: Deoxys\n|\n|upkeep\n|\n|t:|1700209913\n|switch|p1a: Thundurus|Thundurus-Therian, M, shiny|100\/100\n|turn|17\n|\n|t:|1700209922\n|move|p2a: Azumarill|Aqua Jet|p1a: Thundurus\n|-damage|p1a: Thundurus|0 fnt\n|faint|p1a: Thundurus\n|\n|upkeep\n|\n|t:|1700209930\n|switch|p1a: Tapu Koko|Tapu Koko, shiny|100\/100\n|-status|p1a: Tapu Koko|tox\n|-damage|p1a: Tapu Koko|76\/100 tox|[from] Spikes\n|-fieldstart|move: Electric Terrain|[from] ability: Electric Surge|[of] p1a: Tapu Koko\n|turn|18\n|\n|t:|1700209948\n|move|p2a: Azumarill|Aqua Jet|p1a: Tapu Koko\n|-damage|p1a: Tapu Koko|0 fnt\n|faint|p1a: Tapu Koko\n|\n|upkeep\n|\n|t:|1700209954\n|switch|p1a: Guzzlord|Guzzlord|100\/100\n|-status|p1a: Guzzlord|tox\n|-damage|p1a: Guzzlord|76\/100 tox|[from] Spikes\n|turn|19\n|\n|t:|1700209963\n|move|p2a: Azumarill|Aqua Jet|p1a: Guzzlord\n|-resisted|p1a: Guzzlord\n|-damage|p1a: Guzzlord|42\/100 tox\n|move|p1a: Guzzlord|Substitute|p1a: Guzzlord\n|-start|p1a: Guzzlord|Substitute\n|-damage|p1a: Guzzlord|17\/100 tox\n|\n|-heal|p1a: Guzzlord|23\/100 tox|[from] item: Leftovers\n|-damage|p1a: Guzzlord|17\/100 tox|[from] psn\n|upkeep\n|turn|20\n|\n|t:|1700209984\n|-terastallize|p1a: Guzzlord|Poison\n|move|p2a: Azumarill|Aqua Jet|p1a: Guzzlord\n|-end|p1a: Guzzlord|Substitute\n|move|p1a: Guzzlord|Stockpile|p1a: Guzzlord\n|-start|p1a: Guzzlord|stockpile1\n|-boost|p1a: Guzzlord|def|1\n|-boost|p1a: Guzzlord|spd|1\n|\n|-heal|p1a: Guzzlord|23\/100 tox|[from] item: Leftovers\n|-damage|p1a: Guzzlord|11\/100 tox|[from] psn\n|upkeep\n|turn|21\n|\n|t:|1700209998\n|move|p2a: Azumarill|Aqua Jet|p1a: Guzzlord\n|-damage|p1a: Guzzlord|0 fnt\n|faint|p1a: Guzzlord\n|\n|upkeep\n|\n|t:|1700210003\n|switch|p1a: Rampardos|Rampardos, M|100\/100\n|-status|p1a: Rampardos|tox\n|-damage|p1a: Rampardos|76\/100 tox|[from] Spikes\n|turn|22\n|\n|t:|1700210010\n|move|p2a: Azumarill|Aqua Jet|p1a: Rampardos\n|-supereffective|p1a: Rampardos\n|-damage|p1a: Rampardos|0 fnt\n|faint|p1a: Rampardos\n|\n|win|Croquetini\n|raw|kingkongshuffle's rating: 1091 &rarr; <strong>1069<\/strong><br \/>(-22 for losing)\n|raw|Croquetini's rating: 1110 &rarr; <strong>1134<\/strong><br \/>(+24 for winning)\n|l|\u2606kingkongshuffle\n","uploadtime":1700210018,"views":10,"p1id":"kingkongshuffle","p2id":"croquetini","formatid":"gen9nationaldex","rating":1069,"private":0,"password":""}