{"id":"gen9nationaldex-2000225124","p1":"DeathRayKPK","p2":"eelektrik funeral","format":"[Gen 9] National Dex","log":"|html|<div class=\"broadcast-blue\"><strong>[Gen 9] National Dex is currently suspecting Sneasler! For information on how to participate check out the <a href=\"https:\/\/www.smogon.com\/forums\/threads\/sv-national-dex-suspect-8-just-dance.3731534\/\">suspect thread<\/a>.<\/strong><\/div>\n|j|\u2606DeathRayKPK\n|j|\u2606eelektrik funeral\n|t:|1701174507\n|gametype|singles\n|player|p1|DeathRayKPK|2|1371\n|player|p2|eelektrik funeral|workerice|1530\n|teamsize|p1|6\n|teamsize|p2|6\n|gen|9\n|tier|[Gen 9] National Dex\n|rated|\n|rule|HP Percentage Mod: HP is shown in percentages\n|rule|Endless Battle Clause: Forcing endless battles is banned\n|rule|OHKO Clause: OHKO moves are banned\n|rule|Evasion Clause: Evasion abilities, items, and moves are banned\n|rule|Evasion Abilities Clause: Evasion abilities are banned\n|rule|Evasion Items Clause: Evasion items are banned\n|rule|Evasion Moves Clause: Evasion moves are banned\n|rule|Species Clause: Limit one of each Pok\u00e9mon\n|rule|Sleep Clause Mod: Limit one foe put to sleep\n|clearpoke\n|poke|p1|Pelipper, F|\n|poke|p1|Ferrothorn, F|\n|poke|p1|Barraskewda, F|\n|poke|p1|Tapu Lele|\n|poke|p1|Zapdos|\n|poke|p1|Kommo-o, F|\n|poke|p2|Heracross, M|\n|poke|p2|Kyurem|\n|poke|p2|Ninjask, F|\n|poke|p2|Rillaboom, M|\n|poke|p2|Sneasler, M|\n|poke|p2|Zapdos|\n|teampreview\n|\n|t:|1701174513\n|start\n|switch|p1a: Pelipper|Pelipper, F|100\/100\n|switch|p2a: Ninjask|Ninjask, F|100\/100\n|-weather|RainDance|[from] ability: Drizzle|[of] p1a: Pelipper\n|turn|1\n|\n|t:|1701174523\n|switch|p1a: Ferrothorn|Ferrothorn, F|100\/100\n|move|p2a: Ninjask|Final Gambit|p1a: Ferrothorn\n|-damage|p1a: Ferrothorn|8\/100\n|faint|p2a: Ninjask\n|\n|-weather|RainDance|[upkeep]\n|-heal|p1a: Ferrothorn|14\/100|[from] item: Leftovers\n|upkeep\n|\n|t:|1701174532\n|switch|p2a: Heracross|Heracross, M|100\/100\n|turn|2\n|\n|t:|1701174552\n|move|p2a: Heracross|Trailblaze|p1a: Ferrothorn\n|-resisted|p1a: Ferrothorn\n|-damage|p1a: Ferrothorn|12\/100\n|-boost|p2a: Heracross|spe|1\n|-damage|p2a: Heracross|88\/100|[from] ability: Iron Barbs|[of] p1a: Ferrothorn\n|move|p1a: Ferrothorn|Thunder Wave|p2a: Heracross\n|-status|p2a: Heracross|par\n|\n|-weather|RainDance|[upkeep]\n|-heal|p1a: Ferrothorn|18\/100|[from] item: Leftovers\n|upkeep\n|turn|3\n|\n|t:|1701174570\n|move|p2a: Heracross|Rock Blast|p1a: Ferrothorn|[miss]\n|-miss|p2a: Heracross|p1a: Ferrothorn\n|move|p1a: Ferrothorn|Leech Seed|p2a: Heracross|[miss]\n|-miss|p1a: Ferrothorn|p2a: Heracross\n|\n|-weather|RainDance|[upkeep]\n|-heal|p1a: Ferrothorn|24\/100|[from] item: Leftovers\n|upkeep\n|turn|4\n|\n|t:|1701174577\n|cant|p2a: Heracross|par\n|move|p1a: Ferrothorn|Gyro Ball|p2a: Heracross\n|-damage|p2a: Heracross|20\/100 par\n|\n|-weather|RainDance|[upkeep]\n|-heal|p1a: Ferrothorn|30\/100|[from] item: Leftovers\n|upkeep\n|turn|5\n|\n|t:|1701174585\n|detailschange|p2a: Heracross|Heracross-Mega, M\n|-mega|p2a: Heracross|Heracross|Heracronite\n|cant|p2a: Heracross|par\n|move|p1a: Ferrothorn|Gyro Ball|p2a: Heracross\n|-damage|p2a: Heracross|0 fnt\n|faint|p2a: Heracross\n|\n|-weather|RainDance|[upkeep]\n|-heal|p1a: Ferrothorn|37\/100|[from] item: Leftovers\n|upkeep\n|\n|t:|1701174591\n|switch|p2a: Zapdos|Zapdos|100\/100\n|turn|6\n|\n|t:|1701174603\n|switch|p1a: Zapdos|Zapdos|100\/100\n|move|p2a: Zapdos|Hurricane|p1a: Zapdos\n|-resisted|p1a: Zapdos\n|-damage|p1a: Zapdos|79\/100\n|\n|-weather|RainDance|[upkeep]\n|upkeep\n|turn|7\n|\n|t:|1701174611\n|move|p2a: Zapdos|Volt Switch|p1a: Zapdos\n|-damage|p1a: Zapdos|53\/100\n|\n|t:|1701174615\n|switch|p2a: Kyurem|Kyurem|100\/100|[from] Volt Switch\n|-ability|p2a: Kyurem|Pressure\n|move|p1a: Zapdos|Thunder|p2a: Kyurem\n|-resisted|p2a: Kyurem\n|-damage|p2a: Kyurem|75\/100\n|-status|p2a: Kyurem|par\n|\n|-weather|RainDance|[upkeep]\n|upkeep\n|turn|8\n|\n|t:|1701174638\n|switch|p1a: Ferrothorn|Ferrothorn, F|37\/100\n|move|p2a: Kyurem|Freeze-Dry|p1a: Ferrothorn\n|-damage|p1a: Ferrothorn|4\/100\n|\n|-weather|none\n|-heal|p1a: Ferrothorn|10\/100|[from] item: Leftovers\n|upkeep\n|turn|9\n|\n|t:|1701174645\n|cant|p2a: Kyurem|par\n|move|p1a: Ferrothorn|Gyro Ball|p2a: Kyurem\n|-supereffective|p2a: Kyurem\n|-damage|p2a: Kyurem|15\/100 par\n|\n|-heal|p1a: Ferrothorn|16\/100|[from] item: Leftovers\n|upkeep\n|turn|10\n|\n|t:|1701174664\n|move|p2a: Kyurem|Freeze-Dry|p1a: Ferrothorn\n|-damage|p1a: Ferrothorn|0 fnt\n|faint|p1a: Ferrothorn\n|\n|upkeep\n|\n|t:|1701174673\n|switch|p1a: Tapu Lele|Tapu Lele|100\/100\n|-fieldstart|move: Psychic Terrain|[from] ability: Psychic Surge|[of] p1a: Tapu Lele\n|turn|11\n|\n|t:|1701174728\n|move|p1a: Tapu Lele|Psyshock|p2a: Kyurem\n|-damage|p2a: Kyurem|0 fnt\n|faint|p2a: Kyurem\n|\n|upkeep\n|\n|t:|1701174731\n|switch|p2a: Rillaboom|Rillaboom, M|100\/100\n|-fieldstart|move: Grassy Terrain|[from] ability: Grassy Surge|[of] p2a: Rillaboom\n|turn|12\n|\n|t:|1701174747\n|switch|p1a: Pelipper|Pelipper, F|100\/100\n|-weather|RainDance|[from] ability: Drizzle|[of] p1a: Pelipper\n|move|p2a: Rillaboom|U-turn|p1a: Pelipper\n|-resisted|p1a: Pelipper\n|-damage|p1a: Pelipper|79\/100\n|\n|t:|1701174751\n|switch|p2a: Zapdos|Zapdos|100\/100|[from] U-turn\n|\n|-weather|RainDance|[upkeep]\n|upkeep\n|turn|13\n|\n|t:|1701174772\n|switch|p1a: Zapdos|Zapdos|53\/100\n|move|p2a: Zapdos|Volt Switch|p1a: Zapdos\n|-damage|p1a: Zapdos|26\/100\n|\n|t:|1701174779\n|switch|p2a: Sneasler|Sneasler, M|100\/100|[from] Volt Switch\n|-enditem|p2a: Sneasler|Grassy Seed\n|-boost|p2a: Sneasler|def|1|[from] item: Grassy Seed\n|\n|-weather|RainDance|[upkeep]\n|upkeep\n|turn|14\n|\n|t:|1701174790\n|move|p2a: Sneasler|Gunk Shot|p1a: Zapdos\n|-damage|p1a: Zapdos|0 fnt\n|faint|p1a: Zapdos\n|\n|-weather|RainDance|[upkeep]\n|upkeep\n|\n|t:|1701174792\n|switch|p1a: Barraskewda|Barraskewda, F|100\/100\n|turn|15\n|\n|t:|1701174837\n|switch|p1a: Pelipper|Pelipper, F|79\/100\n|switch|p2a: Rillaboom|Rillaboom, M|100\/100\n|\n|-weather|RainDance|[upkeep]\n|upkeep\n|turn|16\n|\n|t:|1701174846\n|move|p2a: Rillaboom|Wood Hammer|p1a: Pelipper\n|-damage|p1a: Pelipper|0 fnt\n|faint|p1a: Pelipper\n|-damage|p2a: Rillaboom|76\/100|[from] Recoil\n|\n|-weather|RainDance|[upkeep]\n|-heal|p2a: Rillaboom|82\/100|[from] Grassy Terrain\n|-fieldend|move: Grassy Terrain\n|upkeep\n|\n|t:|1701174859\n|switch|p1a: Kommo-o|Kommo-o, F|100\/100\n|turn|17\n|\n|t:|1701174863\n|switch|p2a: Zapdos|Zapdos|100\/100\n|-zpower|p1a: Kommo-o\n|move|p1a: Kommo-o|Clangorous Soulblaze|p2a: Zapdos|[zeffect]\n|-damage|p2a: Zapdos|25\/100\n|-boost|p1a: Kommo-o|atk|1\n|-boost|p1a: Kommo-o|def|1\n|-boost|p1a: Kommo-o|spa|1\n|-boost|p1a: Kommo-o|spd|1\n|-boost|p1a: Kommo-o|spe|1\n|\n|-weather|RainDance|[upkeep]\n|upkeep\n|turn|18\n|\n|t:|1701174885\n|move|p1a: Kommo-o|Boomburst|p2a: Zapdos\n|-damage|p2a: Zapdos|0 fnt\n|faint|p2a: Zapdos\n|\n|-weather|RainDance|[upkeep]\n|upkeep\n|\n|t:|1701174900\n|switch|p2a: Sneasler|Sneasler, M|100\/100\n|turn|19\n|\n|t:|1701174911\n|move|p1a: Kommo-o|Clanging Scales|p2a: Sneasler\n|-damage|p2a: Sneasler|0 fnt\n|faint|p2a: Sneasler\n|-unboost|p1a: Kommo-o|def|1\n|\n|-weather|none\n|upkeep\n|\n|t:|1701174914\n|switch|p2a: Rillaboom|Rillaboom, M|82\/100\n|-fieldstart|move: Grassy Terrain|[from] ability: Grassy Surge|[of] p2a: Rillaboom\n|turn|20\n|\n|t:|1701174923\n|-terastallize|p2a: Rillaboom|Grass\n|move|p1a: Kommo-o|Flamethrower|p2a: Rillaboom\n|-supereffective|p2a: Rillaboom\n|-damage|p2a: Rillaboom|0 fnt\n|faint|p2a: Rillaboom\n|\n|win|DeathRayKPK\n|raw|DeathRayKPK's rating: 1371 &rarr; <strong>1400<\/strong><br \/>(+29 for winning)\n|raw|eelektrik funeral's rating: 1530 &rarr; <strong>1501<\/strong><br \/>(-29 for losing)\n|l|\u2606eelektrik funeral\n","uploadtime":1701174938,"views":8,"p1id":"deathraykpk","p2id":"eelektrikfuneral","formatid":"gen9nationaldex","rating":1400,"private":0,"password":""}