{"id":"gen9nationaldex-1988083386","p1":"Arlo Ghost","p2":"xCookieBallx","format":"[Gen 9] National Dex","log":"|j|\u2606Arlo Ghost\n|j|\u2606xCookieBallx\n|t:|1699667481\n|gametype|singles\n|player|p1|Arlo Ghost|mars|\n|player|p2|xCookieBallx|marnie|\n|teamsize|p1|6\n|teamsize|p2|6\n|gen|9\n|tier|[Gen 9] National Dex\n|rule|HP Percentage Mod: HP is shown in percentages\n|rule|Endless Battle Clause: Forcing endless battles is banned\n|rule|OHKO Clause: OHKO moves are banned\n|rule|Evasion Clause: Evasion abilities, items, and moves are banned\n|rule|Evasion Abilities Clause: Evasion abilities are banned\n|rule|Evasion Items Clause: Evasion items are banned\n|rule|Evasion Moves Clause: Evasion moves are banned\n|rule|Species Clause: Limit one of each Pok\u00e9mon\n|rule|Sleep Clause Mod: Limit one foe put to sleep\n|clearpoke\n|poke|p1|Iron Valiant|\n|poke|p1|Tapu Koko|\n|poke|p1|Sableye, M|\n|poke|p1|Ferrothorn, F|\n|poke|p1|Ursaluna, F|\n|poke|p1|Kyurem|\n|poke|p2|Cetitan, M|\n|poke|p2|Ninetales-Alola, M|\n|poke|p2|Mamoswine, M|\n|poke|p2|Kyurem|\n|poke|p2|Glastrier|\n|poke|p2|Frosmoth, F|\n|teampreview\n|\n|t:|1699667494\n|start\n|switch|p1a: Ferrothorn|Ferrothorn, F|100\/100\n|switch|p2a: Yukio|Ninetales-Alola, M|100\/100\n|-weather|Snow|[from] ability: Snow Warning|[of] p2a: Yukio\n|turn|1\n|j| Sylveon(404)\n|n| Sylveon(404)|sylveon404\n|j| WSoldat\n|j| PeppsiAsiEs\n|c|\u2606Arlo Ghost|https:\/\/www.youtube.com\/watch?v=HkWuS4ZOuHQ\n|c|\u2606Arlo Ghost|suerte\n|\n|t:|1699667514\n|move|p2a: Yukio|Aurora Veil|p2a: Yukio\n|-sidestart|p2: xCookieBallx|move: Aurora Veil\n|move|p1a: Ferrothorn|Gyro Ball|p2a: Yukio\n|-supereffective|p2a: Yukio\n|-damage|p2a: Yukio|6\/100\n|\n|-weather|Snow|[upkeep]\n|upkeep\n|turn|2\n|c| PeppsiAsiEs|Olaaa\n|\n|t:|1699667531\n|move|p2a: Yukio|Blizzard|p1a: Ferrothorn\n|-damage|p1a: Ferrothorn|67\/100\n|move|p1a: Ferrothorn|Stealth Rock|p2a: Yukio\n|-sidestart|p2: xCookieBallx|move: Stealth Rock\n|\n|-weather|Snow|[upkeep]\n|upkeep\n|turn|3\n|c| PeppsiAsiEs|QUE\n|c| PeppsiAsiEs|VOLVIO URSALUNA\n|c| PeppsiAsiEs|NO LE DIGAN A AJO\n|c| PeppsiAsiEs|NI A ERIC\n|\n|t:|1699667542\n|move|p2a: Yukio|Blizzard|p1a: Ferrothorn\n|-damage|p1a: Ferrothorn|31\/100\n|move|p1a: Ferrothorn|Leech Seed|p2a: Yukio\n|-start|p2a: Yukio|move: Leech Seed\n|\n|-weather|Snow|[upkeep]\n|-damage|p2a: Yukio|0 fnt|[from] Leech Seed|[of] p1a: Ferrothorn\n|-heal|p1a: Ferrothorn|35\/100|[silent]\n|faint|p2a: Yukio\n|upkeep\n|\n|t:|1699667544\n|switch|p2a: Barney|Cetitan, M|100\/100\n|-damage|p2a: Barney|76\/100|[from] Stealth Rock\n|turn|4\n|\n|t:|1699667551\n|-terastallize|p2a: Barney|Fire\n|move|p2a: Barney|Tera Blast|p1a: Ferrothorn|[anim] Tera Blast Fire\n|-supereffective|p1a: Ferrothorn\n|-damage|p1a: Ferrothorn|0 fnt\n|faint|p1a: Ferrothorn\n|\n|-weather|Snow|[upkeep]\n|upkeep\n|c| Sylveon(404)|tio\n|c| Sylveon(404)|el luna de sangre\n|c| Sylveon(404)|era el ban\n|c| Sylveon(404)|no el normal\n|\n|t:|1699667567\n|switch|p1a: Tapu Koko|Tapu Koko|100\/100\n|-fieldstart|move: Electric Terrain|[from] ability: Electric Surge|[of] p1a: Tapu Koko\n|turn|5\n|\n|t:|1699667576\n|move|p1a: Tapu Koko|Thunderbolt|p2a: Barney\n|-damage|p2a: Barney|49\/100\n|move|p2a: Barney|Earthquake|p1a: Tapu Koko\n|-supereffective|p1a: Tapu Koko\n|-damage|p1a: Tapu Koko|0 fnt\n|faint|p1a: Tapu Koko\n|\n|-weather|none\n|upkeep\n|c| PeppsiAsiEs|waos\n|c| PeppsiAsiEs|una ballena papeando a arlo\n|\n|t:|1699667593\n|switch|p1a: Iron Valiant|Iron Valiant|100\/100\n|-activate|p1a: Iron Valiant|ability: Quark Drive\n|-start|p1a: Iron Valiant|quarkdrivespe\n|turn|6\n|c| Sylveon(404)|pep\n|c| Sylveon(404)|...\n|\n|t:|1699667606\n|move|p1a: Iron Valiant|Close Combat|p2a: Barney\n|-damage|p2a: Barney|13\/100\n|-unboost|p1a: Iron Valiant|def|1\n|-unboost|p1a: Iron Valiant|spd|1\n|-damage|p1a: Iron Valiant|91\/100|[from] item: Life Orb\n|move|p2a: Barney|Ice Spinner|p1a: Iron Valiant\n|-damage|p1a: Iron Valiant|14\/100\n|-fieldend|move: Electric Terrain\n|-end|p1a: Iron Valiant|Quark Drive\n|\n|upkeep\n|turn|7\n|c| Sylveon(404)|haterene+ursa+tric room\n|\n|t:|1699667614\n|move|p1a: Iron Valiant|Close Combat|p2a: Barney\n|-damage|p2a: Barney|0 fnt\n|-unboost|p1a: Iron Valiant|def|1\n|-unboost|p1a: Iron Valiant|spd|1\n|faint|p2a: Barney\n|-damage|p1a: Iron Valiant|4\/100|[from] item: Life Orb\n|\n|upkeep\n|c| Sylveon(404)|cagamos\n|\n|t:|1699667625\n|switch|p2a: Online|Mamoswine, M|100\/100\n|-damage|p2a: Online|88\/100|[from] Stealth Rock\n|turn|8\n|\n|t:|1699667629\n|move|p2a: Online|Ice Shard|p1a: Iron Valiant\n|-crit|p1a: Iron Valiant\n|-damage|p1a: Iron Valiant|0 fnt\n|faint|p1a: Iron Valiant\n|-end|p1a: Iron Valiant|Quark Drive|[silent]\n|\n|-sideend|p2: xCookieBallx|move: Aurora Veil\n|upkeep\n|\n|t:|1699667632\n|switch|p1a: Sableye|Sableye, M|100\/100\n|turn|9\n|c| PeppsiAsiEs|menos mal que los de galar son subnormales y no llevaron eso\n|\n|t:|1699667638\n|switch|p2a: Eva|Frosmoth, F|100\/100\n|move|p1a: Sableye|Will-O-Wisp|p2a: Eva\n|-status|p2a: Eva|brn\n|\n|-damage|p2a: Eva|94\/100 brn|[from] brn\n|upkeep\n|turn|10\n|\n|t:|1699667649\n|switch|p1a: Ursaluna|Ursaluna, F|100\/100\n|move|p2a: Eva|Defog|p1a: Ursaluna\n|-unboost|p1a: Ursaluna|evasion|1\n|-sideend|p2: xCookieBallx|Stealth Rock|[from] move: Defog|[of] p2a: Eva\n|\n|-damage|p2a: Eva|88\/100 brn|[from] brn\n|-status|p1a: Ursaluna|brn|[from] item: Flame Orb\n|upkeep\n|turn|11\n|\n|t:|1699667656\n|-terastallize|p1a: Ursaluna|Fairy\n|move|p2a: Eva|Ice Beam|p1a: Ursaluna\n|-damage|p1a: Ursaluna|70\/100 brn\n|move|p1a: Ursaluna|Fire Punch|p2a: Eva\n|-supereffective|p2a: Eva\n|-damage|p2a: Eva|0 fnt\n|faint|p2a: Eva\n|\n|-damage|p1a: Ursaluna|64\/100 brn|[from] brn\n|upkeep\n|c| Sylveon(404)|uff\n|c| Sylveon(404)|menos mal\n|\n|t:|1699667665\n|switch|p2a: Cyclone|Glastrier|100\/100\n|turn|12\n|\n|t:|1699667669\n|move|p1a: Ursaluna|Drain Punch|p2a: Cyclone\n|-supereffective|p2a: Cyclone\n|-damage|p2a: Cyclone|53\/100\n|-heal|p1a: Ursaluna|83\/100 brn|[from] drain|[of] p2a: Cyclone\n|move|p2a: Cyclone|Avalanche|p1a: Ursaluna\n|-damage|p1a: Ursaluna|40\/100 brn\n|\n|-damage|p1a: Ursaluna|34\/100 brn|[from] brn\n|upkeep\n|turn|13\n|\n|t:|1699667677\n|move|p1a: Ursaluna|Facade|p2a: Cyclone\n|-damage|p2a: Cyclone|0 fnt\n|faint|p2a: Cyclone\n|\n|-damage|p1a: Ursaluna|28\/100 brn|[from] brn\n|upkeep\n|c| Sylveon(404)|si era yo galar lo usaba XD\n|\n|t:|1699667689\n|switch|p2a: Online|Mamoswine, M|88\/100\n|turn|14\n|c| PeppsiAsiEs|joder\n|\n|t:|1699667693\n|move|p2a: Online|Icicle Crash|p1a: Ursaluna\n|-damage|p1a: Ursaluna|0 fnt\n|faint|p1a: Ursaluna\n|\n|upkeep\n|\n|t:|1699667696\n|switch|p1a: Sableye|Sableye, M|100\/100\n|turn|15\n|\n|t:|1699667697\n|switch|p2a: Erago|Kyurem|100\/100\n|-ability|p2a: Erago|Pressure\n|move|p1a: Sableye|Will-O-Wisp|p2a: Erago\n|-status|p2a: Erago|brn\n|\n|-damage|p2a: Erago|94\/100 brn|[from] brn\n|upkeep\n|turn|16\n|c| PeppsiAsiEs|menos mal existe celeestela en mi equipo\n|\n|t:|1699667700\n|detailschange|p1a: Sableye|Sableye-Mega, M\n|-mega|p1a: Sableye|Sableye|Sablenite\n|-zpower|p2a: Erago\n|move|p2a: Erago|Devastating Drake|p1a: Sableye|[zeffect]\n|-damage|p1a: Sableye|19\/100\n|move|p1a: Sableye|Recover|p1a: Sableye\n|-heal|p1a: Sableye|69\/100\n|\n|-damage|p2a: Erago|88\/100 brn|[from] brn\n|upkeep\n|turn|17\n|c| PeppsiAsiEs|para ese ursaluna\n|\n|t:|1699667706\n|move|p2a: Erago|Ice Beam|p1a: Sableye\n|-damage|p1a: Sableye|30\/100\n|move|p1a: Sableye|Recover|p1a: Sableye\n|-heal|p1a: Sableye|80\/100\n|\n|-damage|p2a: Erago|82\/100 brn|[from] brn\n|upkeep\n|turn|18\n|c| Sylveon(404)|q ursa q ursa\n|\n|t:|1699667712\n|move|p2a: Erago|Earth Power|p1a: Sableye\n|-damage|p1a: Sableye|57\/100\n|move|p1a: Sableye|Recover|p1a: Sableye\n|-heal|p1a: Sableye|100\/100\n|\n|-damage|p2a: Erago|75\/100 brn|[from] brn\n|upkeep\n|turn|19\n|c| Sylveon(404)|minior le gana\n|\n|t:|1699667715\n|move|p2a: Erago|Earth Power|p1a: Sableye\n|-damage|p1a: Sableye|75\/100\n|move|p1a: Sableye|Calm Mind|p1a: Sableye\n|-boost|p1a: Sableye|spa|1\n|-boost|p1a: Sableye|spd|1\n|\n|-damage|p2a: Erago|69\/100 brn|[from] brn\n|upkeep\n|turn|20\n|\n|t:|1699667719\n|move|p2a: Erago|Ice Beam|p1a: Sableye\n|-damage|p1a: Sableye|49\/100\n|-status|p1a: Sableye|frz\n|cant|p1a: Sableye|frz\n|\n|-damage|p2a: Erago|63\/100 brn|[from] brn\n|upkeep\n|turn|21\n|\n|t:|1699667723\n|move|p2a: Erago|Ice Beam|p1a: Sableye\n|-damage|p1a: Sableye|23\/100 frz\n|cant|p1a: Sableye|frz\n|\n|-damage|p2a: Erago|57\/100 brn|[from] brn\n|upkeep\n|turn|22\n|c|\u2606Arlo Ghost|noo\n|\n|t:|1699667728\n|move|p2a: Erago|Draco Meteor|p1a: Sableye\n|-damage|p1a: Sableye|0 fnt\n|-unboost|p2a: Erago|spa|2\n|faint|p1a: Sableye\n|\n|-damage|p2a: Erago|50\/100 brn|[from] brn\n|upkeep\n|\n|t:|1699667730\n|switch|p1a: Kyurem|Kyurem|100\/100\n|-ability|p1a: Kyurem|Pressure\n|turn|23\n|\n|t:|1699667733\n|move|p1a: Kyurem|Dragon Dance|p1a: Kyurem\n|-boost|p1a: Kyurem|atk|1\n|-boost|p1a: Kyurem|spe|1\n|move|p2a: Erago|Draco Meteor|p1a: Kyurem\n|-supereffective|p1a: Kyurem\n|-damage|p1a: Kyurem|42\/100\n|-unboost|p2a: Erago|spa|2\n|\n|-damage|p2a: Erago|44\/100 brn|[from] brn\n|upkeep\n|turn|24\n|c| PeppsiAsiEs|XDDDDDDDD\n|c| PeppsiAsiEs|XDDDDDDDDDDDDDDDD\n|c| Sylveon(404)|ajajajajja\n|\n|t:|1699667740\n|move|p1a: Kyurem|Icicle Spear|p2a: Erago\n|-damage|p2a: Erago|32\/100 brn\n|-damage|p2a: Erago|21\/100 brn\n|-damage|p2a: Erago|8\/100 brn\n|-damage|p2a: Erago|0 fnt\n|faint|p2a: Erago\n|-hitcount|p2: Erago|4\n|\n|upkeep\n|\n|t:|1699667743\n|switch|p2a: Online|Mamoswine, M|88\/100\n|turn|25\n|\n|t:|1699667747\n|move|p2a: Online|Ice Shard|p1a: Kyurem\n|-damage|p1a: Kyurem|19\/100\n|move|p1a: Kyurem|Icicle Spear|p2a: Online\n|-damage|p2a: Online|78\/100\n|-damage|p2a: Online|67\/100\n|-damage|p2a: Online|56\/100\n|-damage|p2a: Online|45\/100\n|-hitcount|p2a: Online|4\n|\n|upkeep\n|turn|26\n|c| Sylveon(404)|quien dijo q kyurem no era util?\n|c|\u2606Arlo Ghost|puta suerte\n|\n|t:|1699667757\n|move|p2a: Online|Ice Shard|p1a: Kyurem\n|-damage|p1a: Kyurem|0 fnt\n|faint|p1a: Kyurem\n|\n|win|xCookieBallx\n|l|\u2606Arlo Ghost\n|c|\u2606xCookieBallx|gg\n|c| Sylveon(404)|ggs\n|l|\u2606xCookieBallx\n|c| PeppsiAsiEs|gg\n|l| Sylveon(404)\n|l| PeppsiAsiEs\n","uploadtime":1699667806,"views":10,"p1id":"arloghost","p2id":"xcookieballx","formatid":"gen9nationaldex","rating":0,"private":0,"password":""}