{"id":"gen9nationaldex-1993143282","p1":"vishu666","p2":"LazyGudetama","format":"[Gen 9] National Dex","log":"|j|\u2606vishu666\n|j|\u2606LazyGudetama\n|t:|1700269954\n|gametype|singles\n|player|p1|vishu666|169|1096\n|player|p2|LazyGudetama|hanbei-conquest|1063\n|teamsize|p1|6\n|teamsize|p2|6\n|gen|9\n|tier|[Gen 9] National Dex\n|rated|\n|rule|HP Percentage Mod: HP is shown in percentages\n|rule|Endless Battle Clause: Forcing endless battles is banned\n|rule|OHKO Clause: OHKO moves are banned\n|rule|Evasion Clause: Evasion abilities, items, and moves are banned\n|rule|Evasion Abilities Clause: Evasion abilities are banned\n|rule|Evasion Items Clause: Evasion items are banned\n|rule|Evasion Moves Clause: Evasion moves are banned\n|rule|Species Clause: Limit one of each Pok\u00e9mon\n|rule|Sleep Clause Mod: Limit one foe put to sleep\n|clearpoke\n|poke|p1|Rillaboom, F|\n|poke|p1|Kartana|\n|poke|p1|Altaria, M|\n|poke|p1|Nidoking, M|\n|poke|p1|Chansey, F|\n|poke|p1|Gliscor, F|\n|poke|p2|Pineco, L1, M|\n|poke|p2|Magnemite, L1|\n|poke|p2|Cottonee, L1, M|\n|poke|p2|Taillow, L1, M|\n|poke|p2|Aron, L1, M|\n|poke|p2|Lechonk, L1, M|\n|teampreview\n|inactive|Battle timer is ON: inactive players will automatically lose when time's up. (requested by vishu666)\n|\n|t:|1700269965\n|start\n|switch|p1a: Chansey|Chansey, F|100\/100\n|switch|p2a: BleyBlade|Pineco, L1, M, shiny|100\/100\n|turn|1\n|\n|t:|1700269976\n|move|p1a: Chansey|Curse|p1a: Chansey\n|-unboost|p1a: Chansey|spe|1\n|-boost|p1a: Chansey|atk|1\n|-boost|p1a: Chansey|def|1\n|move|p2a: BleyBlade|Toxic Spikes|p1a: Chansey\n|-sidestart|p1: vishu666|move: Toxic Spikes\n|\n|upkeep\n|turn|2\n|\n|t:|1700269984\n|move|p1a: Chansey|Toxic|p2a: BleyBlade\n|-status|p2a: BleyBlade|tox\n|move|p2a: BleyBlade|Stealth Rock|p1a: Chansey\n|-sidestart|p1: vishu666|move: Stealth Rock\n|\n|-damage|p2a: BleyBlade|92\/100 tox|[from] psn\n|upkeep\n|turn|3\n|\n|t:|1700269992\n|move|p1a: Chansey|Seismic Toss|p2a: BleyBlade\n|-damage|p2a: BleyBlade|0 fnt\n|faint|p2a: BleyBlade\n|\n|upkeep\n|c|\u2606LazyGudetama|toxic vs lvl1 xd\n|\n|t:|1700270005\n|switch|p2a: Magneto|Magnemite, L1, shiny|100\/100\n|turn|4\n|c|\u2606vishu666|Bro srsly y u foing this\n|\n|t:|1700270019\n|move|p1a: Chansey|Seismic Toss|p2a: Magneto\n|-ability|p2a: Magneto|Sturdy\n|-damage|p2a: Magneto|10\/100\n|-enditem|p2a: Magneto|Oran Berry|[eat]\n|-heal|p2a: Magneto|100\/100|[from] item: Oran Berry\n|move|p2a: Magneto|Toxic|p1a: Chansey\n|-status|p1a: Chansey|tox\n|\n|-damage|p1a: Chansey|94\/100 tox|[from] psn\n|upkeep\n|turn|5\n|\n|t:|1700270032\n|move|p1a: Chansey|Seismic Toss|p2a: Magneto\n|-ability|p2a: Magneto|Sturdy\n|-damage|p2a: Magneto|10\/100\n|move|p2a: Magneto|Recycle|p2a: Magneto\n|-item|p2a: Magneto|Oran Berry|[from] move: Recycle\n|-enditem|p2a: Magneto|Oran Berry|[eat]\n|-heal|p2a: Magneto|100\/100|[from] item: Oran Berry\n|\n|-damage|p1a: Chansey|82\/100 tox|[from] psn\n|upkeep\n|turn|6\n|\n|t:|1700270043\n|move|p1a: Chansey|Curse|p1a: Chansey\n|-unboost|p1a: Chansey|spe|1\n|-boost|p1a: Chansey|atk|1\n|-boost|p1a: Chansey|def|1\n|move|p2a: Magneto|Recycle|p2a: Magneto\n|-item|p2a: Magneto|Oran Berry|[from] move: Recycle\n|\n|-damage|p1a: Chansey|64\/100 tox|[from] psn\n|upkeep\n|turn|7\n|\n|t:|1700270051\n|move|p1a: Chansey|Aromatherapy|p1a: Chansey\n|-activate|p1a: Chansey|move: Aromatherapy\n|-curestatus|p1a: Chansey|tox|[msg]\n|move|p2a: Magneto|Confuse Ray|p1a: Chansey\n|-start|p1a: Chansey|confusion\n|\n|upkeep\n|turn|8\n|\n|t:|1700270057\n|-activate|p1a: Chansey|confusion\n|move|p1a: Chansey|Curse|p1a: Chansey\n|-unboost|p1a: Chansey|spe|1\n|-boost|p1a: Chansey|atk|1\n|-boost|p1a: Chansey|def|1\n|move|p2a: Magneto|Toxic|p1a: Chansey\n|-status|p1a: Chansey|tox\n|\n|-damage|p1a: Chansey|58\/100 tox|[from] psn\n|upkeep\n|turn|9\n|\n|t:|1700270073\n|-end|p1a: Chansey|confusion\n|move|p1a: Chansey|Seismic Toss|p2a: Magneto\n|-ability|p2a: Magneto|Sturdy\n|-damage|p2a: Magneto|10\/100\n|-enditem|p2a: Magneto|Oran Berry|[eat]\n|-heal|p2a: Magneto|100\/100|[from] item: Oran Berry\n|move|p2a: Magneto|Toxic|p1a: Chansey\n|-fail|p1a: Chansey|tox\n|\n|-damage|p1a: Chansey|45\/100 tox|[from] psn\n|upkeep\n|turn|10\n|\n|t:|1700270097\n|switch|p1a: Gliscor|Gliscor, F|100\/100\n|-damage|p1a: Gliscor|88\/100|[from] Stealth Rock\n|move|p2a: Magneto|Recycle|p2a: Magneto\n|-item|p2a: Magneto|Oran Berry|[from] move: Recycle\n|\n|-status|p1a: Gliscor|tox|[from] item: Toxic Orb\n|upkeep\n|turn|11\n|c|\u2606vishu666|Do toxic on it\n|\n|t:|1700270114\n|switch|p2a: Spider-Cerdo|Lechonk, L1, M, shiny|100\/100\n|move|p1a: Gliscor|Swords Dance|p1a: Gliscor\n|-boost|p1a: Gliscor|atk|2\n|\n|-heal|p1a: Gliscor|100\/100 tox|[from] ability: Poison Heal\n|upkeep\n|turn|12\n|\n|t:|1700270127\n|move|p1a: Gliscor|Facade|p2a: Spider-Cerdo\n|-enditem|p2a: Spider-Cerdo|Focus Sash\n|-damage|p2a: Spider-Cerdo|8\/100\n|move|p2a: Spider-Cerdo|Endeavor|p1a: Gliscor\n|-damage|p1a: Gliscor|1\/100 tox\n|\n|-heal|p1a: Gliscor|13\/100 tox|[from] ability: Poison Heal\n|upkeep\n|turn|13\n|\n|t:|1700270133\n|move|p1a: Gliscor|Roost|p1a: Gliscor\n|-heal|p1a: Gliscor|63\/100 tox\n|-singleturn|p1a: Gliscor|move: Roost\n|move|p2a: Spider-Cerdo|Yawn||[still]\n|-fail|p2a: Spider-Cerdo\n|\n|-heal|p1a: Gliscor|76\/100 tox|[from] ability: Poison Heal\n|upkeep\n|turn|14\n|\n|t:|1700270143\n|move|p1a: Gliscor|Facade|p2a: Spider-Cerdo\n|-damage|p2a: Spider-Cerdo|0 fnt\n|faint|p2a: Spider-Cerdo\n|\n|-heal|p1a: Gliscor|88\/100 tox|[from] ability: Poison Heal\n|upkeep\n|\n|t:|1700270145\n|switch|p2a: Just a Parnk|Cottonee, L1, M, shiny|100\/100\n|turn|15\n|\n|t:|1700270155\n|move|p2a: Just a Parnk|Leech Seed|p1a: Gliscor\n|-start|p1a: Gliscor|move: Leech Seed\n|move|p1a: Gliscor|Facade|p2a: Just a Parnk\n|-enditem|p2a: Just a Parnk|Focus Sash\n|-damage|p2a: Just a Parnk|9\/100\n|\n|-damage|p1a: Gliscor|76\/100 tox|[from] Leech Seed|[of] p2a: Just a Parnk\n|-heal|p2a: Just a Parnk|100\/100|[silent]\n|-heal|p1a: Gliscor|88\/100 tox|[from] ability: Poison Heal\n|upkeep\n|turn|16\n|\n|t:|1700270167\n|move|p2a: Just a Parnk|Substitute|p2a: Just a Parnk\n|-start|p2a: Just a Parnk|Substitute\n|-damage|p2a: Just a Parnk|75\/100\n|move|p1a: Gliscor|Facade|p2a: Just a Parnk\n|-end|p2a: Just a Parnk|Substitute\n|\n|-damage|p1a: Gliscor|76\/100 tox|[from] Leech Seed|[of] p2a: Just a Parnk\n|-heal|p2a: Just a Parnk|100\/100|[silent]\n|-heal|p1a: Gliscor|88\/100 tox|[from] ability: Poison Heal\n|upkeep\n|turn|17\n|\n|t:|1700270177\n|move|p2a: Just a Parnk|Substitute|p2a: Just a Parnk\n|-start|p2a: Just a Parnk|Substitute\n|-damage|p2a: Just a Parnk|75\/100\n|move|p1a: Gliscor|Swords Dance|p1a: Gliscor\n|-boost|p1a: Gliscor|atk|2\n|\n|-damage|p1a: Gliscor|76\/100 tox|[from] Leech Seed|[of] p2a: Just a Parnk\n|-heal|p2a: Just a Parnk|100\/100|[silent]\n|-heal|p1a: Gliscor|88\/100 tox|[from] ability: Poison Heal\n|upkeep\n|turn|18\n|\n|t:|1700270193\n|move|p2a: Just a Parnk|Encore|p1a: Gliscor\n|-start|p1a: Gliscor|Encore\n|move|p1a: Gliscor|Swords Dance|p1a: Gliscor\n|-boost|p1a: Gliscor|atk|2\n|\n|-damage|p1a: Gliscor|76\/100 tox|[from] Leech Seed|[of] p2a: Just a Parnk\n|-heal|p1a: Gliscor|88\/100 tox|[from] ability: Poison Heal\n|upkeep\n|turn|19\n|\n|t:|1700270203\n|move|p1a: Gliscor|Swords Dance|p1a: Gliscor\n|-boost|p1a: Gliscor|atk|0\n|move|p2a: Just a Parnk|Endeavor|p1a: Gliscor\n|-damage|p1a: Gliscor|4\/100 tox\n|\n|-damage|p1a: Gliscor|0 fnt|[from] Leech Seed|[of] p2a: Just a Parnk\n|faint|p1a: Gliscor\n|upkeep\n|inactive|vishu666 has 120 seconds left.\n|\n|t:|1700270225\n|switch|p1a: Altaria|Altaria, M|100\/100\n|-damage|p1a: Altaria|76\/100|[from] Stealth Rock\n|turn|20\n|\n|t:|1700270233\n|detailschange|p1a: Altaria|Altaria-Mega, M\n|-mega|p1a: Altaria|Altaria|Altarianite\n|move|p2a: Just a Parnk|Leech Seed|p1a: Altaria\n|-start|p1a: Altaria|move: Leech Seed\n|move|p1a: Altaria|Fire Blast|p2a: Just a Parnk\n|-supereffective|p2a: Just a Parnk\n|-end|p2a: Just a Parnk|Substitute\n|\n|-damage|p1a: Altaria|63\/100|[from] Leech Seed|[of] p2a: Just a Parnk\n|upkeep\n|turn|21\n|\n|t:|1700270244\n|move|p2a: Just a Parnk|Substitute|p2a: Just a Parnk\n|-start|p2a: Just a Parnk|Substitute\n|-damage|p2a: Just a Parnk|75\/100\n|move|p1a: Altaria|Fire Blast|p2a: Just a Parnk|[miss]\n|-miss|p1a: Altaria|p2a: Just a Parnk\n|\n|-damage|p1a: Altaria|51\/100|[from] Leech Seed|[of] p2a: Just a Parnk\n|-heal|p2a: Just a Parnk|100\/100|[silent]\n|upkeep\n|turn|22\n|c|\u2606vishu666|Breh\n|c|\u2606vishu666|F 7 team\n|\n|t:|1700270270\n|move|p2a: Just a Parnk|Substitute|p2a: Just a Parnk\n|-fail|p2a: Just a Parnk|move: Substitute\n|move|p1a: Altaria|Dragon Dance|p1a: Altaria\n|-boost|p1a: Altaria|atk|1\n|-boost|p1a: Altaria|spe|1\n|\n|-damage|p1a: Altaria|39\/100|[from] Leech Seed|[of] p2a: Just a Parnk\n|upkeep\n|turn|23\n|\n|t:|1700270278\n|move|p2a: Just a Parnk|Encore|p1a: Altaria\n|-start|p1a: Altaria|Encore\n|move|p1a: Altaria|Dragon Dance|p1a: Altaria\n|-boost|p1a: Altaria|atk|1\n|-boost|p1a: Altaria|spe|1\n|\n|-damage|p1a: Altaria|26\/100|[from] Leech Seed|[of] p2a: Just a Parnk\n|upkeep\n|turn|24\n|\n|t:|1700270288\n|move|p1a: Altaria|Dragon Dance|p1a: Altaria\n|-boost|p1a: Altaria|atk|1\n|-boost|p1a: Altaria|spe|1\n|move|p2a: Just a Parnk|Endeavor|p1a: Altaria\n|-damage|p1a: Altaria|5\/100\n|\n|-damage|p1a: Altaria|0 fnt|[from] Leech Seed|[of] p2a: Just a Parnk\n|faint|p1a: Altaria\n|upkeep\n|\n|t:|1700270292\n|switch|p1a: Chansey|Chansey, F|45\/100 tox\n|-damage|p1a: Chansey|33\/100 tox|[from] Stealth Rock\n|turn|25\n|\n|t:|1700270310\n|move|p2a: Just a Parnk|Leech Seed|p1a: Chansey|[miss]\n|-miss|p2a: Just a Parnk|p1a: Chansey\n|move|p1a: Chansey|Toxic||[still]\n|-fail|p1a: Chansey\n|\n|-damage|p1a: Chansey|27\/100 tox|[from] psn\n|upkeep\n|turn|26\n|\n|t:|1700270317\n|move|p2a: Just a Parnk|Encore|p1a: Chansey\n|-start|p1a: Chansey|Encore\n|move|p1a: Chansey|Toxic||[still]\n|-fail|p1a: Chansey\n|\n|-damage|p1a: Chansey|15\/100 tox|[from] psn\n|upkeep\n|turn|27\n|\n|t:|1700270322\n|move|p2a: Just a Parnk|Leech Seed|p1a: Chansey\n|-start|p1a: Chansey|move: Leech Seed\n|move|p1a: Chansey|Toxic||[still]\n|-fail|p1a: Chansey\n|\n|-damage|p1a: Chansey|2\/100 tox|[from] Leech Seed|[of] p2a: Just a Parnk\n|-damage|p1a: Chansey|0 fnt|[from] psn\n|faint|p1a: Chansey\n|upkeep\n|c|\u2606vishu666|Good job\n|\n|t:|1700270334\n|switch|p1a: Nidoking|Nidoking, M|100\/100\n|-sideend|p1: vishu666|move: Toxic Spikes|[of] p1a: Nidoking\n|-damage|p1a: Nidoking|95\/100|[from] Stealth Rock\n|turn|28\n|c|\u2606LazyGudetama|thx\n|\n|t:|1700270343\n|move|p2a: Just a Parnk|Leech Seed|p1a: Nidoking\n|-start|p1a: Nidoking|move: Leech Seed\n|move|p1a: Nidoking|Ice Beam|p2a: Just a Parnk\n|-supereffective|p2a: Just a Parnk\n|-end|p2a: Just a Parnk|Substitute\n|\n|-damage|p1a: Nidoking|82\/100|[from] Leech Seed|[of] p2a: Just a Parnk\n|upkeep\n|turn|29\n|\n|t:|1700270352\n|move|p2a: Just a Parnk|Substitute|p2a: Just a Parnk\n|-start|p2a: Just a Parnk|Substitute\n|-damage|p2a: Just a Parnk|75\/100\n|move|p1a: Nidoking|Ice Beam|p2a: Just a Parnk\n|-supereffective|p2a: Just a Parnk\n|-end|p2a: Just a Parnk|Substitute\n|\n|-damage|p1a: Nidoking|70\/100|[from] Leech Seed|[of] p2a: Just a Parnk\n|-heal|p2a: Just a Parnk|100\/100|[silent]\n|upkeep\n|turn|30\n|\n|t:|1700270360\n|move|p2a: Just a Parnk|Substitute|p2a: Just a Parnk\n|-start|p2a: Just a Parnk|Substitute\n|-damage|p2a: Just a Parnk|75\/100\n|move|p1a: Nidoking|Ice Beam|p2a: Just a Parnk\n|-supereffective|p2a: Just a Parnk\n|-end|p2a: Just a Parnk|Substitute\n|\n|-damage|p1a: Nidoking|58\/100|[from] Leech Seed|[of] p2a: Just a Parnk\n|-heal|p2a: Just a Parnk|100\/100|[silent]\n|upkeep\n|turn|31\n|\n|t:|1700270369\n|move|p2a: Just a Parnk|Substitute|p2a: Just a Parnk\n|-start|p2a: Just a Parnk|Substitute\n|-damage|p2a: Just a Parnk|75\/100\n|move|p1a: Nidoking|Ice Beam|p2a: Just a Parnk\n|-supereffective|p2a: Just a Parnk\n|-end|p2a: Just a Parnk|Substitute\n|\n|-damage|p1a: Nidoking|46\/100|[from] Leech Seed|[of] p2a: Just a Parnk\n|-heal|p2a: Just a Parnk|100\/100|[silent]\n|upkeep\n|turn|32\n|\n|t:|1700270380\n|move|p2a: Just a Parnk|Substitute|p2a: Just a Parnk\n|-start|p2a: Just a Parnk|Substitute\n|-damage|p2a: Just a Parnk|75\/100\n|move|p1a: Nidoking|Ice Beam|p2a: Just a Parnk\n|-supereffective|p2a: Just a Parnk\n|-end|p2a: Just a Parnk|Substitute\n|\n|-damage|p1a: Nidoking|34\/100|[from] Leech Seed|[of] p2a: Just a Parnk\n|-heal|p2a: Just a Parnk|100\/100|[silent]\n|upkeep\n|turn|33\n|\n|t:|1700270390\n|-terastallize|p1a: Nidoking|Poison\n|move|p2a: Just a Parnk|Substitute|p2a: Just a Parnk\n|-start|p2a: Just a Parnk|Substitute\n|-damage|p2a: Just a Parnk|75\/100\n|move|p1a: Nidoking|Ice Beam|p2a: Just a Parnk\n|-supereffective|p2a: Just a Parnk\n|-end|p2a: Just a Parnk|Substitute\n|\n|-damage|p1a: Nidoking|21\/100|[from] Leech Seed|[of] p2a: Just a Parnk\n|-heal|p2a: Just a Parnk|100\/100|[silent]\n|upkeep\n|turn|34\n|c|\u2606vishu666|I should get noivern '-'\n|c|\u2606vishu666|Boomburst will do tuis\n|\n|t:|1700270417\n|move|p2a: Just a Parnk|Substitute|p2a: Just a Parnk\n|-start|p2a: Just a Parnk|Substitute\n|-damage|p2a: Just a Parnk|75\/100\n|move|p1a: Nidoking|Ice Beam|p2a: Just a Parnk\n|-supereffective|p2a: Just a Parnk\n|-crit|p2a: Just a Parnk\n|-end|p2a: Just a Parnk|Substitute\n|\n|-damage|p1a: Nidoking|9\/100|[from] Leech Seed|[of] p2a: Just a Parnk\n|-heal|p2a: Just a Parnk|100\/100|[silent]\n|upkeep\n|turn|35\n|\n|t:|1700270427\n|move|p2a: Just a Parnk|Substitute|p2a: Just a Parnk\n|-start|p2a: Just a Parnk|Substitute\n|-damage|p2a: Just a Parnk|75\/100\n|move|p1a: Nidoking|Ice Beam|p2a: Just a Parnk\n|-supereffective|p2a: Just a Parnk\n|-end|p2a: Just a Parnk|Substitute\n|\n|-damage|p1a: Nidoking|0 fnt|[from] Leech Seed|[of] p2a: Just a Parnk\n|-heal|p2a: Just a Parnk|100\/100|[silent]\n|faint|p1a: Nidoking\n|upkeep\n|\n|t:|1700270436\n|switch|p1a: Rillaboom|Rillaboom, F|100\/100\n|-damage|p1a: Rillaboom|88\/100|[from] Stealth Rock\n|-fieldstart|move: Grassy Terrain|[from] ability: Grassy Surge|[of] p1a: Rillaboom\n|turn|36\n|\n|t:|1700270449\n|move|p1a: Rillaboom|Grassy Glide|p2a: Just a Parnk\n|-resisted|p2a: Just a Parnk\n|-damage|p2a: Just a Parnk|0 fnt\n|faint|p2a: Just a Parnk\n|\n|-heal|p1a: Rillaboom|94\/100|[from] Grassy Terrain\n|upkeep\n|\n|t:|1700270457\n|switch|p2a: Magneto|Magnemite, L1, shiny|100\/100\n|turn|37\n|\n|t:|1700270461\n|move|p1a: Rillaboom|Grassy Glide|p2a: Magneto\n|-resisted|p2a: Magneto\n|-ability|p2a: Magneto|Sturdy\n|-damage|p2a: Magneto|10\/100\n|-enditem|p2a: Magneto|Oran Berry|[eat]\n|-heal|p2a: Magneto|100\/100|[from] item: Oran Berry\n|move|p2a: Magneto|Toxic|p1a: Rillaboom\n|-status|p1a: Rillaboom|tox\n|\n|-heal|p1a: Rillaboom|100\/100 tox|[from] Grassy Terrain\n|-damage|p1a: Rillaboom|94\/100 tox|[from] psn\n|upkeep\n|turn|38\n|\n|t:|1700270471\n|move|p1a: Rillaboom|Grassy Glide|p2a: Magneto\n|-resisted|p2a: Magneto\n|-ability|p2a: Magneto|Sturdy\n|-damage|p2a: Magneto|10\/100\n|move|p2a: Magneto|Recycle|p2a: Magneto\n|-item|p2a: Magneto|Oran Berry|[from] move: Recycle\n|-enditem|p2a: Magneto|Oran Berry|[eat]\n|-heal|p2a: Magneto|100\/100|[from] item: Oran Berry\n|\n|-heal|p1a: Rillaboom|100\/100 tox|[from] Grassy Terrain\n|-damage|p1a: Rillaboom|88\/100 tox|[from] psn\n|upkeep\n|turn|39\n|\n|t:|1700270485\n|switch|p1a: Kartana|Kartana|100\/100\n|-damage|p1a: Kartana|94\/100|[from] Stealth Rock\n|move|p2a: Magneto|Recycle|p2a: Magneto\n|-item|p2a: Magneto|Oran Berry|[from] move: Recycle\n|\n|-heal|p1a: Kartana|100\/100|[from] Grassy Terrain\n|upkeep\n|turn|40\n|\n|t:|1700270499\n|move|p1a: Kartana|Sacred Sword|p2a: Magneto\n|-supereffective|p2a: Magneto\n|-ability|p2a: Magneto|Sturdy\n|-damage|p2a: Magneto|10\/100\n|-enditem|p2a: Magneto|Oran Berry|[eat]\n|-heal|p2a: Magneto|100\/100|[from] item: Oran Berry\n|move|p2a: Magneto|Confuse Ray|p1a: Kartana\n|-start|p1a: Kartana|confusion\n|\n|-fieldend|move: Grassy Terrain\n|upkeep\n|turn|41\n|\n|t:|1700270507\n|-activate|p1a: Kartana|confusion\n|-damage|p1a: Kartana|83\/100|[from] confusion\n|move|p2a: Magneto|Recycle|p2a: Magneto\n|-item|p2a: Magneto|Oran Berry|[from] move: Recycle\n|\n|upkeep\n|turn|42\n|\n|t:|1700270514\n|switch|p2a: Red Eyes Dragon|Aron, L1, M, shiny|100\/100\n|-activate|p1a: Kartana|confusion\n|move|p1a: Kartana|Sacred Sword|p2a: Red Eyes Dragon\n|-supereffective|p2a: Red Eyes Dragon\n|-ability|p2a: Red Eyes Dragon|Sturdy\n|-damage|p2a: Red Eyes Dragon|9\/100\n|\n|upkeep\n|turn|43\n|\n|t:|1700270524\n|-activate|p1a: Kartana|confusion\n|-damage|p1a: Kartana|64\/100|[from] confusion\n|move|p2a: Red Eyes Dragon|Endeavor|p1a: Kartana\n|-damage|p1a: Kartana|1\/100\n|-heal|p2a: Red Eyes Dragon|100\/100|[from] item: Shell Bell|[of] p1a: Kartana\n|\n|upkeep\n|turn|44\n|\n|t:|1700270532\n|-activate|p1a: Kartana|confusion\n|-damage|p1a: Kartana|0 fnt|[from] confusion\n|faint|p1a: Kartana\n|move|p2a: Red Eyes Dragon|Metal Burst|p1: Kartana|[notarget]\n|-fail|p2a: Red Eyes Dragon\n|\n|upkeep\n|c|\u2606vishu666|Good team f\n|\n|t:|1700270543\n|switch|p1a: Rillaboom|Rillaboom, F|88\/100 tox\n|-damage|p1a: Rillaboom|76\/100 tox|[from] Stealth Rock\n|-fieldstart|move: Grassy Terrain|[from] ability: Grassy Surge|[of] p1a: Rillaboom\n|turn|45\n|\n|t:|1700270552\n|move|p1a: Rillaboom|Knock Off|p2a: Red Eyes Dragon\n|-ability|p2a: Red Eyes Dragon|Sturdy\n|-damage|p2a: Red Eyes Dragon|9\/100\n|-enditem|p2a: Red Eyes Dragon|Shell Bell|[from] move: Knock Off|[of] p1a: Rillaboom\n|move|p2a: Red Eyes Dragon|Endeavor|p1a: Rillaboom\n|-damage|p1a: Rillaboom|1\/100 tox\n|\n|-heal|p1a: Rillaboom|7\/100 tox|[from] Grassy Terrain\n|-heal|p2a: Red Eyes Dragon|17\/100|[from] Grassy Terrain\n|-damage|p1a: Rillaboom|1\/100 tox|[from] psn\n|upkeep\n|turn|46\n|\n|t:|1700270566\n|move|p2a: Red Eyes Dragon|Protect|p2a: Red Eyes Dragon\n|-singleturn|p2a: Red Eyes Dragon|Protect\n|move|p1a: Rillaboom|Knock Off|p2a: Red Eyes Dragon\n|-activate|p2a: Red Eyes Dragon|move: Protect\n|\n|-heal|p1a: Rillaboom|7\/100 tox|[from] Grassy Terrain\n|-heal|p2a: Red Eyes Dragon|25\/100|[from] Grassy Terrain\n|-damage|p1a: Rillaboom|0 fnt|[from] psn\n|faint|p1a: Rillaboom\n|\n|win|LazyGudetama\n|upkeep\n|raw|vishu666's rating: 1096 &rarr; <strong>1069<\/strong><br \/>(-27 for losing)\n|raw|LazyGudetama's rating: 1063 &rarr; <strong>1096<\/strong><br \/>(+33 for winning)\n|c|\u2606LazyGudetama|gg\n|c|\u2606vishu666|Fu\n|l|\u2606vishu666\n","uploadtime":1700270578,"views":19,"p1id":"vishu666","p2id":"lazygudetama","formatid":"gen9nationaldex","rating":1069,"private":0,"password":""}