{"id":"gen9nationaldex-1999384601","p1":"daybreak wave4","p2":"2764ou","format":"[Gen 9] National Dex","log":"|html|<div class=\"broadcast-blue\"><strong>[Gen 9] National Dex is currently suspecting Sneasler! For information on how to participate check out the <a href=\"https:\/\/www.smogon.com\/forums\/threads\/sv-national-dex-suspect-8-just-dance.3731534\/\">suspect thread<\/a>.<\/strong><\/div>\n|j|\u2606daybreak wave4\n|j|\u26062764ou\n|t:|1701071241\n|gametype|singles\n|player|p1|daybreak wave4|lillie-masters2|1486\n|player|p2|2764ou|dawn|1326\n|teamsize|p1|6\n|teamsize|p2|6\n|gen|9\n|tier|[Gen 9] National Dex\n|rated|\n|rule|HP Percentage Mod: HP is shown in percentages\n|rule|Endless Battle Clause: Forcing endless battles is banned\n|rule|OHKO Clause: OHKO moves are banned\n|rule|Evasion Clause: Evasion abilities, items, and moves are banned\n|rule|Evasion Abilities Clause: Evasion abilities are banned\n|rule|Evasion Items Clause: Evasion items are banned\n|rule|Evasion Moves Clause: Evasion moves are banned\n|rule|Species Clause: Limit one of each Pok\u00e9mon\n|rule|Sleep Clause Mod: Limit one foe put to sleep\n|clearpoke\n|poke|p1|Toxtricity, M|\n|poke|p1|Samurott-Hisui, F|\n|poke|p1|Moltres|\n|poke|p1|Ferrothorn, M|\n|poke|p1|Garchomp, M|\n|poke|p1|Tapu Koko|\n|poke|p2|Leafeon, F|\n|poke|p2|Charizard, M|\n|poke|p2|Hatterene, F|\n|poke|p2|Great Tusk|\n|poke|p2|Victini|\n|poke|p2|Torkoal, F|\n|teampreview\n|\n|t:|1701071270\n|start\n|switch|p1a: Samurott|Samurott-Hisui, F|100\/100\n|switch|p2a: Great Tusk|Great Tusk|100\/100\n|turn|1\n|\n|t:|1701071276\n|move|p1a: Samurott|Flip Turn|p2a: Great Tusk\n|-supereffective|p2a: Great Tusk\n|-damage|p2a: Great Tusk|58\/100\n|\n|t:|1701071280\n|switch|p1a: Moltres|Moltres|100\/100|[from] Flip Turn\n|move|p2a: Great Tusk|Close Combat|p1a: Moltres\n|-resisted|p1a: Moltres\n|-damage|p1a: Moltres|77\/100\n|-unboost|p2a: Great Tusk|def|1\n|-unboost|p2a: Great Tusk|spd|1\n|\n|upkeep\n|turn|2\n|\n|t:|1701071290\n|-end|p2a: Great Tusk|Protosynthesis|[silent]\n|switch|p2a: Torkoal|Torkoal, F|100\/100\n|-weather|SunnyDay|[from] ability: Drought|[of] p2a: Torkoal\n|move|p1a: Moltres|Flamethrower|p2a: Torkoal\n|-resisted|p2a: Torkoal\n|-damage|p2a: Torkoal|66\/100\n|\n|-weather|SunnyDay|[upkeep]\n|upkeep\n|turn|3\n|\n|t:|1701071299\n|move|p1a: Moltres|Flamethrower|p2a: Torkoal\n|-resisted|p2a: Torkoal\n|-damage|p2a: Torkoal|27\/100\n|move|p2a: Torkoal|Toxic|p1a: Moltres\n|-status|p1a: Moltres|tox\n|\n|-weather|SunnyDay|[upkeep]\n|-damage|p1a: Moltres|71\/100 tox|[from] psn\n|upkeep\n|turn|4\n|\n|t:|1701071312\n|switch|p2a: Victini|Victini|100\/100\n|move|p1a: Moltres|Flamethrower|p2a: Victini\n|-resisted|p2a: Victini\n|-damage|p2a: Victini|74\/100\n|\n|-weather|SunnyDay|[upkeep]\n|-damage|p1a: Moltres|59\/100 tox|[from] psn\n|upkeep\n|turn|5\n|\n|t:|1701071325\n|move|p2a: Victini|Bolt Strike|p1a: Moltres\n|-supereffective|p1a: Moltres\n|-damage|p1a: Moltres|8\/100 tox\n|move|p1a: Moltres|U-turn|p2a: Victini\n|-damage|p2a: Victini|59\/100\n|\n|t:|1701071333\n|switch|p1a: Samurott|Samurott-Hisui, F|100\/100|[from] U-turn\n|\n|-weather|SunnyDay|[upkeep]\n|upkeep\n|turn|6\n|\n|t:|1701071339\n|move|p2a: Victini|Bolt Strike|p1a: Samurott\n|-supereffective|p1a: Samurott\n|-damage|p1a: Samurott|1\/100\n|move|p1a: Samurott|Ceaseless Edge|p2a: Victini\n|-supereffective|p2a: Victini\n|-damage|p2a: Victini|0 fnt\n|-sidestart|p2: 2764ou|Spikes\n|faint|p2a: Victini\n|\n|-weather|SunnyDay|[upkeep]\n|upkeep\n|\n|t:|1701071353\n|switch|p2a: Leafeon|Leafeon, F|100\/100\n|-damage|p2a: Leafeon|88\/100|[from] Spikes\n|turn|7\n|\n|t:|1701071361\n|switch|p1a: Moltres|Moltres|8\/100 tox\n|move|p2a: Leafeon|Solar Blade||[still]\n|-prepare|p2a: Leafeon|Solar Blade\n|-anim|p2a: Leafeon|Solar Blade|p1a: Moltres\n|-resisted|p1a: Moltres\n|-damage|p1a: Moltres|0 fnt\n|-status|p2a: Leafeon|brn|[from] ability: Flame Body|[of] p1a: Moltres\n|faint|p1a: Moltres\n|\n|-weather|SunnyDay|[upkeep]\n|-damage|p2a: Leafeon|82\/100 brn|[from] brn\n|upkeep\n|\n|t:|1701071384\n|switch|p1a: Tapu Koko|Tapu Koko|100\/100\n|-fieldstart|move: Electric Terrain|[from] ability: Electric Surge|[of] p1a: Tapu Koko\n|turn|8\n|\n|t:|1701071390\n|move|p2a: Leafeon|Dig||[still]\n|-prepare|p2a: Leafeon|Dig\n|-enditem|p2a: Leafeon|Power Herb\n|-anim|p2a: Leafeon|Dig|p1a: Tapu Koko\n|-supereffective|p1a: Tapu Koko\n|-damage|p1a: Tapu Koko|68\/100\n|move|p1a: Tapu Koko|U-turn|p2a: Leafeon\n|-supereffective|p2a: Leafeon\n|-damage|p2a: Leafeon|51\/100 brn\n|\n|t:|1701071397\n|switch|p1a: Toxtricity|Toxtricity, M|100\/100|[from] U-turn\n|\n|-weather|SunnyDay|[upkeep]\n|-damage|p2a: Leafeon|45\/100 brn|[from] brn\n|upkeep\n|turn|9\n|\n|t:|1701071405\n|-terastallize|p1a: Toxtricity|Normal\n|move|p2a: Leafeon|Dig||[still]\n|-prepare|p2a: Leafeon|Dig\n|move|p1a: Toxtricity|Shift Gear|p1a: Toxtricity\n|-boost|p1a: Toxtricity|spe|2\n|-boost|p1a: Toxtricity|atk|1\n|\n|-weather|none\n|-damage|p2a: Leafeon|38\/100 brn|[from] brn\n|upkeep\n|turn|10\n|\n|t:|1701071418\n|move|p1a: Toxtricity|Overdrive|p2a: Leafeon|[miss]\n|-miss|p1a: Toxtricity|p2a: Leafeon\n|move|p2a: Leafeon|Dig|p1a: Toxtricity|[from]lockedmove\n|-damage|p1a: Toxtricity|81\/100\n|\n|-damage|p2a: Leafeon|32\/100 brn|[from] brn\n|upkeep\n|turn|11\n|\n|t:|1701071428\n|switch|p2a: Great Tusk|Great Tusk|58\/100\n|move|p1a: Toxtricity|Boomburst|p2a: Great Tusk\n|-damage|p2a: Great Tusk|0 fnt\n|faint|p2a: Great Tusk\n|-end|p2a: Great Tusk|Protosynthesis|[silent]\n|-enditem|p1a: Toxtricity|Throat Spray\n|-boost|p1a: Toxtricity|spa|1|[from] item: Throat Spray\n|\n|upkeep\n|\n|t:|1701071438\n|switch|p2a: Charizard|Charizard, M|100\/100\n|turn|12\n|\n|t:|1701071442\n|detailschange|p2a: Charizard|Charizard-Mega-Y, M\n|-mega|p2a: Charizard|Charizard|Charizardite Y\n|-weather|SunnyDay|[from] ability: Drought|[of] p2a: Charizard\n|move|p1a: Toxtricity|Overdrive|p2a: Charizard\n|-supereffective|p2a: Charizard\n|-damage|p2a: Charizard|0 fnt\n|faint|p2a: Charizard\n|\n|-weather|SunnyDay|[upkeep]\n|-fieldend|move: Electric Terrain\n|upkeep\n|\n|t:|1701071452\n|switch|p2a: Leafeon|Leafeon, F|32\/100 brn\n|-damage|p2a: Leafeon|20\/100 brn|[from] Spikes\n|turn|13\n|\n|t:|1701071457\n|-terastallize|p2a: Leafeon|Fire\n|move|p2a: Leafeon|Tera Blast|p1a: Toxtricity|[anim] Tera Blast Fire\n|-damage|p1a: Toxtricity|39\/100\n|move|p1a: Toxtricity|Boomburst|p2a: Leafeon\n|-damage|p2a: Leafeon|0 fnt\n|faint|p2a: Leafeon\n|\n|-weather|SunnyDay|[upkeep]\n|upkeep\n|-message|2764ou forfeited.\n|\n|win|daybreak wave4\n|raw|daybreak wave4's rating: 1486 &rarr; <strong>1497<\/strong><br \/>(+11 for winning)\n|raw|2764ou's rating: 1326 &rarr; <strong>1315<\/strong><br \/>(-11 for losing)\n|l|\u26062764ou\n","uploadtime":1701071470,"views":1,"p1id":"daybreakwave4","p2id":"2764ou","formatid":"gen9nationaldex","rating":1315,"private":0,"password":""}