{"id":"gen9nationaldex-1993118494","p1":"d dropkicks","p2":"Maxer59","format":"[Gen 9] National Dex","log":"|j|\u2606d dropkicks\n|j|\u2606Maxer59\n|t:|1700266931\n|gametype|singles\n|player|p1|d dropkicks|265|1153\n|player|p2|Maxer59|lucas|1191\n|teamsize|p1|6\n|teamsize|p2|6\n|gen|9\n|tier|[Gen 9] National Dex\n|rated|\n|rule|HP Percentage Mod: HP is shown in percentages\n|rule|Endless Battle Clause: Forcing endless battles is banned\n|rule|OHKO Clause: OHKO moves are banned\n|rule|Evasion Clause: Evasion abilities, items, and moves are banned\n|rule|Evasion Abilities Clause: Evasion abilities are banned\n|rule|Evasion Items Clause: Evasion items are banned\n|rule|Evasion Moves Clause: Evasion moves are banned\n|rule|Species Clause: Limit one of each Pok\u00e9mon\n|rule|Sleep Clause Mod: Limit one foe put to sleep\n|clearpoke\n|poke|p1|Liepard, M|\n|poke|p1|Persian, F|\n|poke|p1|Raikou|\n|poke|p1|Pyroar, F|\n|poke|p1|Purugly, M|\n|poke|p1|Luxray, M|\n|poke|p2|Politoed, M|\n|poke|p2|Floatzel, M|\n|poke|p2|Indeedee, M|\n|poke|p2|Espeon, F|\n|poke|p2|Salamence, F|\n|poke|p2|Hydreigon, F|\n|teampreview\n|inactive|Battle timer is ON: inactive players will automatically lose when time's up. (requested by Maxer59)\n|\n|t:|1700266952\n|start\n|switch|p1a: snarf|Purugly, M|100\/100\n|switch|p2a: Politoed|Politoed, M|100\/100\n|-weather|RainDance|[from] ability: Drizzle|[of] p2a: Politoed\n|turn|1\n|\n|t:|1700266959\n|switch|p2a: Indeedee|Indeedee, M|100\/100\n|-fieldstart|move: Psychic Terrain|[from] ability: Psychic Surge|[of] p2a: Indeedee\n|move|p1a: snarf|Fake Out|p2a: Indeedee\n|-activate|p2a: Indeedee|move: Psychic Terrain\n|\n|-weather|RainDance|[upkeep]\n|upkeep\n|turn|2\n|\n|t:|1700266968\n|move|p1a: snarf|Body Slam|p2a: Indeedee\n|-damage|p2a: Indeedee|20\/100\n|move|p2a: Indeedee|Expanding Force|p1a: snarf\n|-damage|p1a: snarf|0 fnt\n|faint|p1a: snarf\n|\n|-weather|RainDance|[upkeep]\n|upkeep\n|\n|t:|1700266973\n|switch|p1a: weasley|Liepard, M|100\/100\n|turn|3\n|\n|t:|1700266976\n|move|p1a: weasley|Foul Play|p2a: Indeedee\n|-supereffective|p2a: Indeedee\n|-damage|p2a: Indeedee|0 fnt\n|faint|p2a: Indeedee\n|\n|-weather|RainDance|[upkeep]\n|upkeep\n|\n|t:|1700266983\n|switch|p2a: Floatzel|Floatzel, M|100\/100\n|turn|4\n|\n|t:|1700266992\n|switch|p1a: wilykit|Luxray, M|100\/100\n|-terastallize|p2a: Floatzel|Water\n|move|p2a: Floatzel|Flip Turn|p1a: wilykit\n|-damage|p1a: wilykit|2\/100\n|\n|t:|1700267005\n|switch|p2a: Salamence|Salamence, F|100\/100|[from] Flip Turn\n|\n|-weather|RainDance|[upkeep]\n|upkeep\n|turn|5\n|\n|t:|1700267010\n|move|p2a: Salamence|Earthquake|p1a: wilykit\n|-supereffective|p1a: wilykit\n|-damage|p1a: wilykit|0 fnt\n|faint|p1a: wilykit\n|-ability|p2a: Salamence|Moxie|boost\n|-boost|p2a: Salamence|atk|1\n|\n|-weather|RainDance|[upkeep]\n|upkeep\n|\n|t:|1700267018\n|switch|p1a: chettara|Persian, F|100\/100\n|turn|6\n|\n|t:|1700267032\n|move|p1a: chettara|Fury Swipes|p2a: Salamence|[miss]\n|-miss|p1a: chettara|p2a: Salamence\n|move|p2a: Salamence|Dragon Claw|p1a: chettara\n|-damage|p1a: chettara|0 fnt\n|faint|p1a: chettara\n|-ability|p2a: Salamence|Moxie|boost\n|-boost|p2a: Salamence|atk|1\n|\n|-weather|RainDance|[upkeep]\n|upkeep\n|\n|t:|1700267036\n|switch|p1a: tygra|Raikou|100\/100\n|turn|7\n|\n|t:|1700267039\n|move|p1a: tygra|Thunderbolt|p2a: Salamence\n|-damage|p2a: Salamence|62\/100\n|move|p2a: Salamence|Earthquake|p1a: tygra\n|-supereffective|p1a: tygra\n|-damage|p1a: tygra|0 fnt\n|faint|p1a: tygra\n|-ability|p2a: Salamence|Moxie|boost\n|-boost|p2a: Salamence|atk|1\n|\n|-weather|RainDance|[upkeep]\n|upkeep\n|-message|d dropkicks forfeited.\n|\n|win|Maxer59\n|raw|d dropkicks's rating: 1153 &rarr; <strong>1132<\/strong><br \/>(-21 for losing)\n|raw|Maxer59's rating: 1213 &rarr; <strong>1234<\/strong><br \/>(+21 for winning)\n|l|\u2606d dropkicks\n","uploadtime":1700267050,"views":8,"p1id":"ddropkicks","p2id":"maxer59","formatid":"gen9nationaldex","rating":1132,"private":0,"password":""}