{"id":"gen9nationaldex-1993166362","p1":"runeatest","p2":"link210","format":"[Gen 9] National Dex","log":"|j|\u2606runeatest\n|j|\u2606link210\n|t:|1700272855\n|gametype|singles\n|player|p1|runeatest|fisherman-gen4|1076\n|player|p2|link210|morty|1161\n|teamsize|p1|6\n|teamsize|p2|6\n|gen|9\n|tier|[Gen 9] National Dex\n|rated|\n|rule|HP Percentage Mod: HP is shown in percentages\n|rule|Endless Battle Clause: Forcing endless battles is banned\n|rule|OHKO Clause: OHKO moves are banned\n|rule|Evasion Clause: Evasion abilities, items, and moves are banned\n|rule|Evasion Abilities Clause: Evasion abilities are banned\n|rule|Evasion Items Clause: Evasion items are banned\n|rule|Evasion Moves Clause: Evasion moves are banned\n|rule|Species Clause: Limit one of each Pok\u00e9mon\n|rule|Sleep Clause Mod: Limit one foe put to sleep\n|clearpoke\n|poke|p1|Vaporeon, M|\n|poke|p1|Salamence, M|\n|poke|p1|Hitmontop, M|\n|poke|p1|Electivire, M|\n|poke|p1|Togekiss, M|\n|poke|p1|Houndoom, M|\n|poke|p2|Kommo-o, M|\n|poke|p2|Scolipede, F|\n|poke|p2|Chandelure, M|\n|poke|p2|Manectric, F|\n|poke|p2|Gliscor, M|\n|poke|p2|Urshifu-*, M|\n|teampreview\n|inactive|Battle timer is ON: inactive players will automatically lose when time's up. (requested by runeatest)\n|\n|t:|1700272870\n|start\n|switch|p1a: Salamence|Salamence, M|100\/100\n|switch|p2a: Kounde|Scolipede, F|100\/100\n|-ability|p1a: Salamence|Intimidate|boost\n|-unboost|p2a: Kounde|atk|1\n|turn|1\n|\n|t:|1700272884\n|move|p2a: Kounde|Toxic Spikes|p1a: Salamence\n|-sidestart|p1: runeatest|move: Toxic Spikes\n|move|p1a: Salamence|Air Slash|p2a: Kounde\n|-supereffective|p2a: Kounde\n|-enditem|p2a: Kounde|Focus Sash\n|-damage|p2a: Kounde|1\/100\n|\n|upkeep\n|turn|2\n|\n|t:|1700272898\n|move|p2a: Kounde|Toxic Spikes|p1a: Salamence\n|-sidestart|p1: runeatest|move: Toxic Spikes\n|move|p1a: Salamence|Air Slash|p2a: Kounde\n|-supereffective|p2a: Kounde\n|-damage|p2a: Kounde|0 fnt\n|faint|p2a: Kounde\n|\n|upkeep\n|\n|t:|1700272903\n|switch|p2a: Gliscor|Gliscor, M|100\/100\n|turn|3\n|\n|t:|1700272907\n|move|p1a: Salamence|Air Slash|p2a: Gliscor\n|-damage|p2a: Gliscor|46\/100\n|move|p2a: Gliscor|Swords Dance|p2a: Gliscor\n|-boost|p2a: Gliscor|atk|2\n|\n|-status|p2a: Gliscor|tox|[from] item: Toxic Orb\n|upkeep\n|turn|4\n|\n|t:|1700272914\n|move|p1a: Salamence|Air Slash|p2a: Gliscor\n|-damage|p2a: Gliscor|0 fnt\n|faint|p2a: Gliscor\n|\n|upkeep\n|\n|t:|1700272933\n|switch|p2a: Lewandowski|Urshifu-Rapid-Strike, M|100\/100\n|turn|5\n|\n|t:|1700272939\n|-terastallize|p2a: Lewandowski|Ghost\n|move|p1a: Salamence|Air Slash|p2a: Lewandowski\n|-damage|p2a: Lewandowski|18\/100\n|move|p2a: Lewandowski|Bulk Up|p2a: Lewandowski\n|-boost|p2a: Lewandowski|atk|1\n|-boost|p2a: Lewandowski|def|1\n|\n|upkeep\n|turn|6\n|\n|t:|1700272947\n|move|p1a: Salamence|Air Slash|p2a: Lewandowski\n|-damage|p2a: Lewandowski|0 fnt\n|faint|p2a: Lewandowski\n|\n|upkeep\n|\n|t:|1700272949\n|switch|p2a: Pedri|Kommo-o, M|100\/100\n|turn|7\n|\n|t:|1700272955\n|switch|p1a: Togekiss|Togekiss, M, shiny|100\/100\n|move|p2a: Pedri|Dragon Dance|p2a: Pedri\n|-boost|p2a: Pedri|atk|1\n|-boost|p2a: Pedri|spe|1\n|\n|upkeep\n|turn|8\n|\n|t:|1700272961\n|move|p2a: Pedri|Ice Punch|p1a: Togekiss\n|-supereffective|p1a: Togekiss\n|-damage|p1a: Togekiss|15\/100\n|move|p1a: Togekiss|Thunder Wave|p2a: Pedri\n|-status|p2a: Pedri|par\n|\n|upkeep\n|turn|9\n|\n|t:|1700272968\n|move|p1a: Togekiss|Air Slash|p2a: Pedri\n|-supereffective|p2a: Pedri\n|-damage|p2a: Pedri|20\/100 par\n|cant|p2a: Pedri|flinch\n|\n|upkeep\n|turn|10\n|\n|t:|1700272976\n|move|p1a: Togekiss|Dazzling Gleam|p2a: Pedri\n|-supereffective|p2a: Pedri\n|-damage|p2a: Pedri|0 fnt\n|faint|p2a: Pedri\n|\n|upkeep\n|\n|t:|1700272980\n|switch|p2a: Amarillolosplatan|Manectric, F, shiny|100\/100\n|turn|11\n|\n|t:|1700272983\n|switch|p1a: Electivire|Electivire, M, shiny|100\/100\n|-item|p1a: Electivire|Air Balloon\n|detailschange|p2a: Amarillolosplatan|Manectric-Mega, F, shiny\n|-mega|p2a: Amarillolosplatan|Manectric|Manectite\n|-ability|p2a: Amarillolosplatan|Intimidate|boost\n|-unboost|p1a: Electivire|atk|1\n|move|p2a: Amarillolosplatan|Thunder|p1a: Electivire\n|-ability|p1a: Electivire|Motor Drive|boost\n|-boost|p1a: Electivire|spe|1\n|\n|upkeep\n|turn|12\n|\n|t:|1700272992\n|move|p1a: Electivire|Earthquake|p2a: Amarillolosplatan\n|-supereffective|p2a: Amarillolosplatan\n|-damage|p2a: Amarillolosplatan|35\/100\n|move|p2a: Amarillolosplatan|Hyper Beam|p1a: Electivire|[miss]\n|-miss|p2a: Amarillolosplatan|p1a: Electivire\n|\n|upkeep\n|turn|13\n|\n|t:|1700273001\n|move|p1a: Electivire|Earthquake|p2a: Amarillolosplatan\n|-supereffective|p2a: Amarillolosplatan\n|-damage|p2a: Amarillolosplatan|0 fnt\n|faint|p2a: Amarillolosplatan\n|\n|upkeep\n|\n|t:|1700273003\n|switch|p2a: Chandelure|Chandelure, M|100\/100\n|turn|14\n|\n|t:|1700273007\n|move|p1a: Electivire|Earthquake|p2a: Chandelure\n|-supereffective|p2a: Chandelure\n|-damage|p2a: Chandelure|31\/100\n|move|p2a: Chandelure|Shadow Ball|p1a: Electivire\n|-damage|p1a: Electivire|19\/100\n|-enditem|p1a: Electivire|Air Balloon\n|-damage|p2a: Chandelure|21\/100|[from] item: Life Orb\n|\n|upkeep\n|turn|15\n|\n|t:|1700273015\n|move|p1a: Electivire|Earthquake|p2a: Chandelure\n|-supereffective|p2a: Chandelure\n|-damage|p2a: Chandelure|0 fnt\n|faint|p2a: Chandelure\n|\n|win|runeatest\n|raw|runeatest's rating: 1076 &rarr; <strong>1111<\/strong><br \/>(+35 for winning)\n|raw|link210's rating: 1161 &rarr; <strong>1130<\/strong><br \/>(-31 for losing)\n","uploadtime":1700273022,"views":7,"p1id":"runeatest","p2id":"link210","formatid":"gen9nationaldex","rating":1111,"private":0,"password":""}