{"id":"gen9nationaldex-1987309822","p1":"Maxer59","p2":"Venusrafa","format":"[Gen 9] National Dex","log":"|j|\u2606Maxer59\n|j|\u2606Venusrafa\n|t:|1699575953\n|gametype|singles\n|player|p1|Maxer59|lucas|1167\n|player|p2|Venusrafa|pokemonbreeder|1097\n|teamsize|p1|6\n|teamsize|p2|6\n|gen|9\n|tier|[Gen 9] National Dex\n|rated|\n|rule|HP Percentage Mod: HP is shown in percentages\n|rule|Endless Battle Clause: Forcing endless battles is banned\n|rule|OHKO Clause: OHKO moves are banned\n|rule|Evasion Clause: Evasion abilities, items, and moves are banned\n|rule|Evasion Abilities Clause: Evasion abilities are banned\n|rule|Evasion Items Clause: Evasion items are banned\n|rule|Evasion Moves Clause: Evasion moves are banned\n|rule|Species Clause: Limit one of each Pok\u00e9mon\n|rule|Sleep Clause Mod: Limit one foe put to sleep\n|clearpoke\n|poke|p1|Xurkitree|\n|poke|p1|Tapu Koko|\n|poke|p1|Raichu-Alola, F|\n|poke|p1|Heliolisk, F|\n|poke|p1|Rotom-Wash|\n|poke|p1|Iron Hands|\n|poke|p2|Vikavolt, F|\n|poke|p2|Mawile, M|\n|poke|p2|Golisopod, M|\n|poke|p2|Scizor, M|\n|poke|p2|Ribombee, M|\n|poke|p2|Scolipede, M|\n|teampreview\n|inactive|Battle timer is ON: inactive players will automatically lose when time's up. (requested by Maxer59)\n|\n|t:|1699575966\n|start\n|switch|p1a: Raichu|Raichu-Alola, F|100\/100\n|switch|p2a: Zancudo|Vikavolt, F|100\/100\n|turn|1\n|\n|t:|1699575979\n|-terastallize|p1a: Raichu|Normal\n|move|p1a: Raichu|Fake Out|p2a: Zancudo\n|-damage|p2a: Zancudo|76\/100\n|-damage|p1a: Raichu|91\/100|[from] item: Life Orb\n|cant|p2a: Zancudo|flinch\n|\n|upkeep\n|turn|2\n|\n|t:|1699575988\n|switch|p1a: Rotom|Rotom-Wash|100\/100\n|move|p2a: Zancudo|Bug Buzz|p1a: Rotom\n|-damage|p1a: Rotom|48\/100\n|\n|-heal|p1a: Rotom|54\/100|[from] item: Leftovers\n|upkeep\n|turn|3\n|\n|t:|1699576002\n|switch|p2a: Coco|Scizor, M|100\/100\n|move|p1a: Rotom|Electric Terrain|p1a: Rotom\n|-fieldstart|move: Electric Terrain\n|\n|-heal|p1a: Rotom|60\/100|[from] item: Leftovers\n|upkeep\n|turn|4\n|\n|t:|1699576017\n|move|p1a: Rotom|Volt Switch|p2a: Coco\n|-damage|p2a: Coco|68\/100\n|-activate|p1a: Rotom|move: Pursuit\n|move|p2a: Coco|Pursuit|p1a: Rotom|[from]Pursuit\n|-damage|p1a: Rotom|25\/100\n|\n|t:|1699576026\n|switch|p1a: Heliolisk|Heliolisk, F|100\/100|[from] Volt Switch\n|-enditem|p1a: Heliolisk|Electric Seed\n|-boost|p1a: Heliolisk|def|1|[from] item: Electric Seed\n|\n|upkeep\n|turn|5\n|\n|t:|1699576031\n|move|p1a: Heliolisk|Thunderbolt|p2a: Coco\n|-damage|p2a: Coco|1\/100\n|move|p2a: Coco|Superpower|p1a: Heliolisk\n|-supereffective|p1a: Heliolisk\n|-damage|p1a: Heliolisk|0 fnt\n|-unboost|p2a: Coco|atk|1\n|-unboost|p2a: Coco|def|1\n|faint|p1a: Heliolisk\n|\n|upkeep\n|\n|t:|1699576049\n|switch|p1a: Iron Hands|Iron Hands|100\/100\n|-activate|p1a: Iron Hands|ability: Quark Drive\n|-start|p1a: Iron Hands|quarkdriveatk\n|turn|6\n|\n|t:|1699576069\n|move|p1a: Iron Hands|Fake Out|p2a: Coco\n|-resisted|p2a: Coco\n|-damage|p2a: Coco|0 fnt\n|faint|p2a: Coco\n|\n|upkeep\n|\n|t:|1699576073\n|switch|p2a: Cien|Scolipede, M|100\/100\n|turn|7\n|\n|t:|1699576078\n|move|p2a: Cien|Earthquake|p1a: Iron Hands\n|-supereffective|p1a: Iron Hands\n|-damage|p1a: Iron Hands|52\/100\n|-damage|p2a: Cien|91\/100|[from] item: Life Orb\n|move|p1a: Iron Hands|Wild Charge|p2a: Cien\n|-damage|p2a: Cien|0 fnt\n|faint|p2a: Cien\n|-damage|p1a: Iron Hands|41\/100|[from] Recoil\n|\n|-fieldend|move: Electric Terrain\n|-end|p1a: Iron Hands|Quark Drive\n|upkeep\n|\n|t:|1699576084\n|switch|p2a: Chiripa|Golisopod, M|100\/100\n|turn|8\n|\n|t:|1699576090\n|-end|p1a: Iron Hands|Quark Drive|[silent]\n|switch|p1a: Rotom|Rotom-Wash|25\/100\n|-terastallize|p2a: Chiripa|Bug\n|move|p2a: Chiripa|Fury Cutter|p1a: Rotom\n|-crit|p1a: Rotom\n|-damage|p1a: Rotom|0 fnt\n|faint|p1a: Rotom\n|\n|upkeep\n|\n|t:|1699576099\n|switch|p1a: Tapu Koko|Tapu Koko|100\/100\n|-fieldstart|move: Electric Terrain|[from] ability: Electric Surge|[of] p1a: Tapu Koko\n|turn|9\n|\n|t:|1699576113\n|move|p1a: Tapu Koko|Thunderbolt|p2a: Chiripa\n|-damage|p2a: Chiripa|42\/100\n|-activate|p2a: Chiripa|ability: Emergency Exit\n|\n|t:|1699576123\n|switch|p2a: Hidden|Mawile, M|100\/100\n|-ability|p2a: Hidden|Intimidate|boost\n|-unboost|p1a: Tapu Koko|atk|1\n|\n|upkeep\n|turn|10\n|\n|t:|1699576131\n|detailschange|p2a: Hidden|Mawile-Mega, M\n|-mega|p2a: Hidden|Mawile|Mawilite\n|move|p1a: Tapu Koko|Thunderbolt|p2a: Hidden\n|-damage|p2a: Hidden|37\/100\n|move|p2a: Hidden|Iron Head|p1a: Tapu Koko\n|-damage|p1a: Tapu Koko|0 fnt\n|faint|p1a: Tapu Koko\n|\n|upkeep\n|\n|t:|1699576151\n|switch|p1a: Xurkitree|Xurkitree|100\/100\n|turn|11\n|\n|t:|1699576160\n|move|p1a: Xurkitree|Rising Voltage|p2a: Hidden\n|-hint|Rising Voltage's BP doubled on grounded target.\n|-damage|p2a: Hidden|0 fnt\n|faint|p2a: Hidden\n|-ability|p1a: Xurkitree|Beast Boost|boost\n|-boost|p1a: Xurkitree|spa|1\n|\n|upkeep\n|\n|t:|1699576165\n|switch|p2a: Chiripa|Golisopod, M, tera:Bug|42\/100\n|turn|12\n|\n|t:|1699576169\n|move|p1a: Xurkitree|Rising Voltage|p2a: Chiripa\n|-hint|Rising Voltage's BP doubled on grounded target.\n|-damage|p2a: Chiripa|0 fnt\n|faint|p2a: Chiripa\n|-ability|p1a: Xurkitree|Beast Boost|boost\n|-boost|p1a: Xurkitree|spa|1\n|\n|upkeep\n|\n|t:|1699576174\n|switch|p2a: Mosca|Ribombee, M|100\/100\n|turn|13\n|\n|t:|1699576182\n|move|p2a: Mosca|Moonblast|p1a: Xurkitree\n|-damage|p1a: Xurkitree|42\/100\n|move|p1a: Xurkitree|Rising Voltage|p2a: Mosca\n|-hint|Rising Voltage's BP doubled on grounded target.\n|-enditem|p2a: Mosca|Focus Sash\n|-damage|p2a: Mosca|1\/100\n|\n|-fieldend|move: Electric Terrain\n|upkeep\n|turn|14\n|\n|t:|1699576190\n|move|p2a: Mosca|Moonblast|p1a: Xurkitree\n|-damage|p1a: Xurkitree|0 fnt\n|faint|p1a: Xurkitree\n|\n|upkeep\n|\n|t:|1699576194\n|switch|p1a: Iron Hands|Iron Hands|41\/100\n|turn|15\n|\n|t:|1699576198\n|move|p1a: Iron Hands|Fake Out|p2a: Mosca\n|-damage|p2a: Mosca|0 fnt\n|faint|p2a: Mosca\n|\n|upkeep\n|\n|t:|1699576201\n|switch|p2a: Zancudo|Vikavolt, F|76\/100\n|turn|16\n|\n|t:|1699576208\n|move|p1a: Iron Hands|Brick Break|p2a: Zancudo\n|-resisted|p2a: Zancudo\n|-damage|p2a: Zancudo|54\/100\n|move|p2a: Zancudo|Bug Buzz|p1a: Iron Hands\n|-resisted|p1a: Iron Hands\n|-damage|p1a: Iron Hands|25\/100\n|\n|upkeep\n|turn|17\n|\n|t:|1699576218\n|move|p1a: Iron Hands|Wild Charge|p2a: Zancudo\n|-resisted|p2a: Zancudo\n|-damage|p2a: Zancudo|23\/100\n|-damage|p1a: Iron Hands|19\/100|[from] Recoil\n|move|p2a: Zancudo|Bug Buzz|p1a: Iron Hands\n|-resisted|p1a: Iron Hands\n|-damage|p1a: Iron Hands|1\/100\n|\n|upkeep\n|turn|18\n|\n|t:|1699576225\n|move|p1a: Iron Hands|Wild Charge|p2a: Zancudo\n|-resisted|p2a: Zancudo\n|-damage|p2a: Zancudo|0 fnt\n|faint|p2a: Zancudo\n|-damage|p1a: Iron Hands|0 fnt|[from] Recoil\n|faint|p1a: Iron Hands\n|-end|p1a: Iron Hands|Quark Drive|[silent]\n|\n|win|Maxer59\n|raw|Maxer59's rating: 1167 &rarr; <strong>1187<\/strong><br \/>(+20 for winning)\n|raw|Venusrafa's rating: 1097 &rarr; <strong>1077<\/strong><br \/>(-20 for losing)\n|l|\u2606Venusrafa\n","uploadtime":1699576235,"views":5,"p1id":"maxer59","p2id":"venusrafa","formatid":"gen9nationaldex","rating":1077,"private":0,"password":""}