{"id":"gen9nationaldex-1987530400","p1":"Miku Nakano ily","p2":"Forever1507","format":"[Gen 9] National Dex","log":"|j|\u2606Miku Nakano ily\n|j|\u2606Forever1507\n|inactive|Battle timer is ON: inactive players will automatically lose when time's up.\n|t:|1699607423\n|gametype|singles\n|player|p1|Miku Nakano ily|red|\n|player|p2|Forever1507|266|\n|teamsize|p1|6\n|teamsize|p2|6\n|gen|9\n|tier|[Gen 9] National Dex\n|rated|Tournament battle\n|rule|HP Percentage Mod: HP is shown in percentages\n|rule|Endless Battle Clause: Forcing endless battles is banned\n|rule|OHKO Clause: OHKO moves are banned\n|rule|Evasion Clause: Evasion abilities, items, and moves are banned\n|rule|Evasion Abilities Clause: Evasion abilities are banned\n|rule|Evasion Items Clause: Evasion items are banned\n|rule|Evasion Moves Clause: Evasion moves are banned\n|rule|Species Clause: Limit one of each Pok\u00e9mon\n|rule|Sleep Clause Mod: Limit one foe put to sleep\n|clearpoke\n|poke|p1|Charizard, F|\n|poke|p1|Alomomola, F|\n|poke|p1|Slowking-Galar, F|\n|poke|p1|Iron Valiant|\n|poke|p1|Landorus-Therian, M|\n|poke|p1|Lilligant-Hisui, F|\n|poke|p2|Charizard, F|\n|poke|p2|Corviknight, M|\n|poke|p2|Kommo-o, M|\n|poke|p2|Rillaboom, M|\n|poke|p2|Sneasler, F|\n|poke|p2|Volcarona, F|\n|teampreview\n|inactive|Miku Nakano ily also wants the timer to be on.\n|j| programofuse\n|c|\u2606Miku Nakano ily|hf\n|c|\u2606Forever1507|hf\n|\n|t:|1699607432\n|start\n|switch|p1a: Charizard|Charizard, F|100\/100\n|switch|p2a: I HATE HEATRAN|Volcarona, F|100\/100\n|turn|1\n|\n|t:|1699607437\n|detailschange|p1a: Charizard|Charizard-Mega-Y, F\n|-mega|p1a: Charizard|Charizard|Charizardite Y\n|-weather|SunnyDay|[from] ability: Drought|[of] p1a: Charizard\n|move|p1a: Charizard|Air Slash|p2a: I HATE HEATRAN|[miss]\n|-miss|p1a: Charizard|p2a: I HATE HEATRAN\n|move|p2a: I HATE HEATRAN|Quiver Dance|p2a: I HATE HEATRAN\n|-boost|p2a: I HATE HEATRAN|spa|1\n|-boost|p2a: I HATE HEATRAN|spd|1\n|-boost|p2a: I HATE HEATRAN|spe|1\n|\n|-weather|SunnyDay|[upkeep]\n|upkeep\n|turn|2\n|\n|t:|1699607442\n|move|p2a: I HATE HEATRAN|Fiery Dance|p1a: Charizard\n|-resisted|p1a: Charizard\n|-damage|p1a: Charizard|53\/100\n|-boost|p2a: I HATE HEATRAN|spa|1\n|move|p1a: Charizard|Air Slash|p2a: I HATE HEATRAN\n|-supereffective|p2a: I HATE HEATRAN\n|-damage|p2a: I HATE HEATRAN|39\/100\n|\n|-weather|SunnyDay|[upkeep]\n|upkeep\n|turn|3\n|\n|t:|1699607454\n|switch|p1a: Landorus|Landorus-Therian, M|100\/100\n|-ability|p1a: Landorus|Intimidate|boost\n|-unboost|p2a: I HATE HEATRAN|atk|1\n|move|p2a: I HATE HEATRAN|Fiery Dance|p1a: Landorus\n|-damage|p1a: Landorus|0 fnt\n|-boost|p2a: I HATE HEATRAN|spa|1\n|faint|p1a: Landorus\n|\n|-weather|SunnyDay|[upkeep]\n|upkeep\n|\n|t:|1699607461\n|switch|p1a: Lilligant|Lilligant-Hisui, F|100\/100\n|turn|4\n|\n|t:|1699607468\n|move|p1a: Lilligant|Close Combat|p2a: I HATE HEATRAN\n|-resisted|p2a: I HATE HEATRAN\n|-damage|p2a: I HATE HEATRAN|0 fnt\n|-unboost|p1a: Lilligant|def|1\n|-unboost|p1a: Lilligant|spd|1\n|faint|p2a: I HATE HEATRAN\n|\n|-weather|SunnyDay|[upkeep]\n|upkeep\n|inactive|Forever1507 has 120 seconds left.\n|c|\u2606Miku Nakano ily|based heatran hater\n|\n|t:|1699607517\n|switch|p2a: I AM STALL|Corviknight, M|100\/100\n|-ability|p2a: I AM STALL|Pressure\n|turn|5\n|c| programofuse|agreed\n|\n|t:|1699607535\n|switch|p1a: Alomomola|Alomomola, F|100\/100\n|move|p2a: I AM STALL|Bulk Up|p2a: I AM STALL\n|-boost|p2a: I AM STALL|atk|1\n|-boost|p2a: I AM STALL|def|1\n|\n|-weather|none\n|upkeep\n|turn|6\n|c| programofuse|flash fire flareon is also a great heatran killer\n|inactive|Forever1507 has 120 seconds left.\n|inactive|Miku Nakano ily has 120 seconds left.\n|\n|t:|1699607572\n|move|p2a: I AM STALL|Bulk Up|p2a: I AM STALL\n|-boost|p2a: I AM STALL|atk|1\n|-boost|p2a: I AM STALL|def|1\n|move|p1a: Alomomola|Flip Turn|p2a: I AM STALL\n|-damage|p2a: I AM STALL|96\/100\n|-damage|p1a: Alomomola|84\/100|[from] item: Rocky Helmet|[of] p2a: I AM STALL\n|\n|t:|1699607575\n|switch|p1a: Charizard|Charizard-Mega-Y, F|53\/100|[from] Flip Turn\n|-weather|SunnyDay|[from] ability: Drought|[of] p1a: Charizard\n|\n|-weather|SunnyDay|[upkeep]\n|upkeep\n|turn|7\n|\n|t:|1699607589\n|-terastallize|p2a: I AM STALL|Dragon\n|move|p1a: Charizard|Weather Ball|p2a: I AM STALL\n|-resisted|p2a: I AM STALL\n|-damage|p2a: I AM STALL|57\/100\n|move|p2a: I AM STALL|Brave Bird|p1a: Charizard\n|-damage|p1a: Charizard|0 fnt\n|faint|p1a: Charizard\n|-damage|p2a: I AM STALL|44\/100|[from] Recoil\n|\n|-weather|SunnyDay|[upkeep]\n|upkeep\n|inactive|Miku Nakano ily has 120 seconds left.\n|inactive|Miku Nakano ily has 90 seconds left.\n|\n|t:|1699607637\n|switch|p1a: Iron Valiant|Iron Valiant, shiny|100\/100\n|-enditem|p1a: Iron Valiant|Booster Energy\n|-activate|p1a: Iron Valiant|ability: Quark Drive|[fromitem]\n|-start|p1a: Iron Valiant|quarkdrivespe\n|turn|8\n|\n|t:|1699607641\n|-terastallize|p1a: Iron Valiant|Steel\n|move|p1a: Iron Valiant|Swords Dance|p1a: Iron Valiant\n|-boost|p1a: Iron Valiant|atk|2\n|move|p2a: I AM STALL|Brave Bird|p1a: Iron Valiant\n|-resisted|p1a: Iron Valiant\n|-damage|p1a: Iron Valiant|49\/100\n|-damage|p2a: I AM STALL|32\/100|[from] Recoil\n|\n|-weather|SunnyDay|[upkeep]\n|upkeep\n|turn|9\n|inactive|Miku Nakano ily has 90 seconds left.\n|j| gowae\n|\n|t:|1699607666\n|move|p1a: Iron Valiant|Spirit Break|p2a: I AM STALL\n|-supereffective|p2a: I AM STALL\n|-damage|p2a: I AM STALL|0 fnt\n|-damage|p1a: Iron Valiant|33\/100|[from] item: Rocky Helmet|[of] p2a: I AM STALL\n|faint|p2a: I AM STALL\n|\n|-weather|SunnyDay|[upkeep]\n|upkeep\n|l| gowae\n|\n|t:|1699607696\n|switch|p2a: GENSHIN IMPACT|Rillaboom, M|100\/100\n|-fieldstart|move: Grassy Terrain|[from] ability: Grassy Surge|[of] p2a: GENSHIN IMPACT\n|turn|10\n|inactive|Miku Nakano ily has 90 seconds left.\n|inactive|Forever1507 has 120 seconds left.\n|\n|t:|1699607721\n|move|p1a: Iron Valiant|Drain Punch|p2a: GENSHIN IMPACT\n|-damage|p2a: GENSHIN IMPACT|18\/100\n|-heal|p1a: Iron Valiant|81\/100|[from] drain|[of] p2a: GENSHIN IMPACT\n|move|p2a: GENSHIN IMPACT|U-turn|p1a: Iron Valiant\n|-resisted|p1a: Iron Valiant\n|-damage|p1a: Iron Valiant|54\/100\n|inactive|Forever1507 has 120 seconds left.\n|inactive|Forever1507 has 90 seconds left.\n|inactive|Forever1507 has 60 seconds left.\n|j| ppyyy-inertia\n|\n|t:|1699607805\n|switch|p2a: R YOU BANNING ME?|Sneasler, F|100\/100|[from] U-turn\n|-enditem|p2a: R YOU BANNING ME?|Grassy Seed\n|-boost|p2a: R YOU BANNING ME?|def|1|[from] item: Grassy Seed\n|\n|-weather|none\n|-heal|p1a: Iron Valiant|60\/100|[from] Grassy Terrain\n|upkeep\n|turn|11\n|\n|t:|1699607810\n|-end|p1a: Iron Valiant|Quark Drive|[silent]\n|switch|p1a: Alomomola|Alomomola, F|100\/100\n|move|p2a: R YOU BANNING ME?|Close Combat|p1a: Alomomola\n|-damage|p1a: Alomomola|62\/100\n|-unboost|p2a: R YOU BANNING ME?|def|1\n|-unboost|p2a: R YOU BANNING ME?|spd|1\n|\n|-heal|p1a: Alomomola|68\/100|[from] Grassy Terrain\n|upkeep\n|turn|12\n|\n|t:|1699607820\n|move|p2a: R YOU BANNING ME?|Swords Dance|p2a: R YOU BANNING ME?\n|-boost|p2a: R YOU BANNING ME?|atk|2\n|move|p1a: Alomomola|Wish|p1a: Alomomola\n|\n|-heal|p1a: Alomomola|74\/100|[from] Grassy Terrain\n|upkeep\n|turn|13\n|inactive|Miku Nakano ily has 90 seconds left.\n|\n|t:|1699607832\n|move|p2a: R YOU BANNING ME?|Swords Dance|p2a: R YOU BANNING ME?\n|-boost|p2a: R YOU BANNING ME?|atk|2\n|move|p1a: Alomomola|Flip Turn|p2a: R YOU BANNING ME?\n|-damage|p2a: R YOU BANNING ME?|73\/100\n|\n|t:|1699607840\n|switch|p1a: Iron Valiant|Iron Valiant, shiny, tera:Steel|60\/100|[from] Flip Turn\n|\n|-heal|p1a: Iron Valiant|100\/100|[from] move: Wish|[wisher] Alomomola\n|-heal|p2a: R YOU BANNING ME?|79\/100|[from] Grassy Terrain\n|upkeep\n|turn|14\n|inactive|Miku Nakano ily has 90 seconds left.\n|\n|t:|1699607853\n|-end|p1a: Iron Valiant|Quark Drive|[silent]\n|switch|p1a: Slowking|Slowking-Galar, F|100\/100\n|move|p2a: R YOU BANNING ME?|Close Combat|p1a: Slowking\n|-resisted|p1a: Slowking\n|-damage|p1a: Slowking|44\/100\n|-unboost|p2a: R YOU BANNING ME?|def|1\n|-unboost|p2a: R YOU BANNING ME?|spd|1\n|\n|-heal|p2a: R YOU BANNING ME?|85\/100|[from] Grassy Terrain\n|-heal|p1a: Slowking|50\/100|[from] Grassy Terrain\n|-heal|p1a: Slowking|57\/100|[from] item: Leftovers\n|-fieldend|move: Grassy Terrain\n|upkeep\n|turn|15\n|inactive|Miku Nakano ily has 90 seconds left.\n|\n|t:|1699607875\n|switch|p1a: Alomomola|Alomomola, F|100\/100\n|move|p2a: R YOU BANNING ME?|Acrobatics|p1a: Alomomola\n|-damage|p1a: Alomomola|38\/100\n|\n|upkeep\n|turn|16\n|\n|t:|1699607885\n|move|p1a: Alomomola|Protect|p1a: Alomomola\n|-singleturn|p1a: Alomomola|Protect\n|move|p2a: R YOU BANNING ME?|Acrobatics|p1a: Alomomola\n|-activate|p1a: Alomomola|move: Protect\n|\n|upkeep\n|turn|17\n|\n|t:|1699607896\n|switch|p1a: Slowking|Slowking-Galar, F|90\/100\n|move|p2a: R YOU BANNING ME?|Acrobatics|p1a: Slowking\n|-damage|p1a: Slowking|0 fnt\n|faint|p1a: Slowking\n|\n|upkeep\n|inactive|Miku Nakano ily has 60 seconds left.\n|\n|t:|1699607937\n|switch|p1a: Alomomola|Alomomola, F|71\/100\n|turn|18\n|inactive|Forever1507 has 90 seconds left.\n|inactive|Forever1507 has 60 seconds left.\n|\n|t:|1699607999\n|move|p1a: Alomomola|Protect|p1a: Alomomola\n|-singleturn|p1a: Alomomola|Protect\n|move|p2a: R YOU BANNING ME?|Acrobatics|p1a: Alomomola\n|-activate|p1a: Alomomola|move: Protect\n|\n|upkeep\n|turn|19\n|inactive|Miku Nakano ily has 60 seconds left.\n|\n|t:|1699608030\n|switch|p1a: Iron Valiant|Iron Valiant, shiny, tera:Steel|100\/100\n|move|p2a: R YOU BANNING ME?|Acrobatics|p1a: Iron Valiant\n|-resisted|p1a: Iron Valiant\n|-damage|p1a: Iron Valiant|16\/100\n|\n|upkeep\n|turn|20\n|inactive|Miku Nakano ily has 30 seconds left.\n|inactive|Miku Nakano ily has 20 seconds left.\n|inactive|Miku Nakano ily has 15 seconds left.\n|\n|t:|1699608061\n|-end|p1a: Iron Valiant|Quark Drive|[silent]\n|switch|p1a: Alomomola|Alomomola, F|100\/100\n|move|p2a: R YOU BANNING ME?|Acrobatics|p1a: Alomomola\n|-damage|p1a: Alomomola|30\/100\n|\n|upkeep\n|turn|21\n|inactive|Miku Nakano ily has 25 seconds left this turn.\n|inactive|Miku Nakano ily has 20 seconds left.\n|inactive|Forever1507 has 60 seconds left.\n|\n|t:|1699608069\n|move|p1a: Alomomola|Protect|p1a: Alomomola\n|-singleturn|p1a: Alomomola|Protect\n|move|p2a: R YOU BANNING ME?|Acrobatics|p1a: Alomomola\n|-activate|p1a: Alomomola|move: Protect\n|\n|upkeep\n|turn|22\n|inactive|Miku Nakano ily has 30 seconds left this turn.\n|\n|t:|1699608075\n|move|p2a: R YOU BANNING ME?|Acrobatics|p1a: Alomomola\n|-damage|p1a: Alomomola|0 fnt\n|faint|p1a: Alomomola\n|\n|upkeep\n|inactive|Miku Nakano ily has 30 seconds left this turn.\n|inactive|Miku Nakano ily has 20 seconds left.\n|inactive|Miku Nakano ily has 15 seconds left.\n|\n|t:|1699608090\n|switch|p1a: Lilligant|Lilligant-Hisui, F|100\/100\n|turn|23\n|inactive|Miku Nakano ily has 25 seconds left this turn.\n|\n|t:|1699608103\n|move|p2a: R YOU BANNING ME?|Acrobatics|p1a: Lilligant\n|-supereffective|p1a: Lilligant\n|-damage|p1a: Lilligant|0 fnt\n|faint|p1a: Lilligant\n|\n|upkeep\n|inactive|Miku Nakano ily has 30 seconds left this turn.\n|\n|t:|1699608107\n|switch|p1a: Iron Valiant|Iron Valiant, shiny, tera:Steel|16\/100\n|turn|24\n|\n|t:|1699608109\n|move|p2a: R YOU BANNING ME?|Acrobatics|p1a: Iron Valiant\n|-resisted|p1a: Iron Valiant\n|-damage|p1a: Iron Valiant|0 fnt\n|faint|p1a: Iron Valiant\n|-end|p1a: Iron Valiant|Quark Drive|[silent]\n|\n|win|Forever1507\n|n|\u2606Miku Nakano ily|mikunakanoily\n|n|\u2606Forever1507|forever1507\n|n| programofuse|programofuse\n|n| ppyyy-inertia|ppyyyinertia\n","uploadtime":1699608110,"views":6,"p1id":"mikunakanoily","p2id":"forever1507","formatid":"gen9nationaldex","rating":0,"private":0,"password":""}