{"id":"gen9nationaldex-1994487787","p1":"RU WAS SPEED","p2":"akjdnwqa","format":"[Gen 9] National Dex","log":"|j|\u2606RU WAS SPEED\n|j|\u2606akjdnwqa\n|t:|1700449721\n|gametype|singles\n|player|p1|RU WAS SPEED|gardenia|1066\n|player|p2|akjdnwqa|pokemaniac|1000\n|teamsize|p1|6\n|teamsize|p2|1\n|gen|9\n|tier|[Gen 9] National Dex\n|rated|\n|rule|HP Percentage Mod: HP is shown in percentages\n|rule|Endless Battle Clause: Forcing endless battles is banned\n|rule|OHKO Clause: OHKO moves are banned\n|rule|Evasion Clause: Evasion abilities, items, and moves are banned\n|rule|Evasion Abilities Clause: Evasion abilities are banned\n|rule|Evasion Items Clause: Evasion items are banned\n|rule|Evasion Moves Clause: Evasion moves are banned\n|rule|Species Clause: Limit one of each Pok\u00e9mon\n|rule|Sleep Clause Mod: Limit one foe put to sleep\n|clearpoke\n|poke|p1|Gourgeist-*, F|\n|poke|p1|Trevenant, F|\n|poke|p1|Sinistcha|\n|poke|p1|Dhelmise|\n|poke|p1|Decidueye, F|\n|poke|p1|Brambleghast, F|\n|poke|p2|Hawlucha, F|\n|teampreview\n|\n|t:|1700449724\n|start\n|switch|p1a: Spooky|Gourgeist-Super, F|100\/100\n|switch|p2a: Hawlucha|Hawlucha, F|100\/100\n|-item|p2a: Hawlucha|Power Herb|[from] ability: Frisk|[of] p1a: Spooky|[identify]\n|turn|1\n|\n|t:|1700449730\n|-terastallize|p1a: Spooky|Fire\n|move|p2a: Hawlucha|Sky Attack||[still]\n|-prepare|p2a: Hawlucha|Sky Attack\n|-enditem|p2a: Hawlucha|Power Herb\n|-anim|p2a: Hawlucha|Sky Attack|p1a: Spooky\n|-damage|p1a: Spooky|50\/100\n|cant|p1a: Spooky|flinch\n|\n|upkeep\n|turn|2\n|\n|t:|1700449737\n|move|p2a: Hawlucha|Acrobatics|p1a: Spooky\n|-damage|p1a: Spooky|12\/100\n|move|p1a: Spooky|Fire Blast|p2a: Hawlucha|[miss]\n|-miss|p1a: Spooky|p2a: Hawlucha\n|-enditem|p1a: Spooky|Blunder Policy\n|-boost|p1a: Spooky|spe|2\n|\n|upkeep\n|turn|3\n|\n|t:|1700449742\n|move|p2a: Hawlucha|Acrobatics|p1a: Spooky\n|-damage|p1a: Spooky|0 fnt\n|faint|p1a: Spooky\n|\n|upkeep\n|\n|t:|1700449749\n|switch|p1a: Shipwreck|Dhelmise|100\/100\n|turn|4\n|\n|t:|1700449753\n|move|p2a: Hawlucha|Acrobatics|p1a: Shipwreck\n|-supereffective|p1a: Shipwreck\n|-damage|p1a: Shipwreck|2\/100\n|move|p1a: Shipwreck|Toxic|p2a: Hawlucha\n|-status|p2a: Hawlucha|tox\n|\n|-damage|p2a: Hawlucha|94\/100 tox|[from] psn\n|upkeep\n|turn|5\n|\n|t:|1700449756\n|move|p2a: Hawlucha|Acrobatics|p1a: Shipwreck\n|-supereffective|p1a: Shipwreck\n|-crit|p1a: Shipwreck\n|-damage|p1a: Shipwreck|0 fnt\n|faint|p1a: Shipwreck\n|\n|-damage|p2a: Hawlucha|82\/100 tox|[from] psn\n|upkeep\n|\n|t:|1700449761\n|switch|p1a: Guardian|Trevenant, F|100\/100\n|turn|6\n|\n|t:|1700449763\n|move|p2a: Hawlucha|Acrobatics|p1a: Guardian\n|-supereffective|p1a: Guardian\n|-damage|p1a: Guardian|0 fnt\n|faint|p1a: Guardian\n|\n|-damage|p2a: Hawlucha|64\/100 tox|[from] psn\n|upkeep\n|\n|t:|1700449766\n|switch|p1a: Brewery|Sinistcha|100\/100\n|turn|7\n|\n|t:|1700449770\n|move|p2a: Hawlucha|Acrobatics|p1a: Brewery\n|-supereffective|p1a: Brewery\n|-damage|p1a: Brewery|0 fnt\n|faint|p1a: Brewery\n|\n|-damage|p2a: Hawlucha|40\/100 tox|[from] psn\n|upkeep\n|\n|t:|1700449773\n|switch|p1a: Tumbleweed|Brambleghast, F|100\/100\n|turn|8\n|\n|t:|1700449776\n|move|p2a: Hawlucha|Acrobatics|p1a: Tumbleweed\n|-supereffective|p1a: Tumbleweed\n|-enditem|p1a: Tumbleweed|Focus Sash\n|-damage|p1a: Tumbleweed|1\/100\n|move|p1a: Tumbleweed|Giga Impact|p2a: Hawlucha\n|-damage|p2a: Hawlucha|0 fnt\n|-mustrecharge|p1a: Tumbleweed\n|faint|p2a: Hawlucha\n|\n|win|RU WAS SPEED\n|raw|RU WAS SPEED's rating: 1066 &rarr; <strong>1090<\/strong><br \/>(+24 for winning)\n|raw|akjdnwqa's rating: 1000 &rarr; <strong>1000<\/strong><br \/>(+0 for losing)\n","uploadtime":1700449783,"views":7,"p1id":"ruwasspeed","p2id":"akjdnwqa","formatid":"gen9nationaldex","rating":1000,"private":0,"password":""}