{"id":"gen9nationaldex-1988234100","p1":"atomicheartstart2","p2":"Blubbex","format":"[Gen 9] National Dex","log":"|j|\u2606atomicheartstart2\n|j|\u2606Blubbex\n|t:|1699690877\n|gametype|singles\n|player|p1|atomicheartstart2|picnicker|1108\n|player|p2|Blubbex|265|1085\n|teamsize|p1|6\n|teamsize|p2|6\n|gen|9\n|tier|[Gen 9] National Dex\n|rated|\n|rule|HP Percentage Mod: HP is shown in percentages\n|rule|Endless Battle Clause: Forcing endless battles is banned\n|rule|OHKO Clause: OHKO moves are banned\n|rule|Evasion Clause: Evasion abilities, items, and moves are banned\n|rule|Evasion Abilities Clause: Evasion abilities are banned\n|rule|Evasion Items Clause: Evasion items are banned\n|rule|Evasion Moves Clause: Evasion moves are banned\n|rule|Species Clause: Limit one of each Pok\u00e9mon\n|rule|Sleep Clause Mod: Limit one foe put to sleep\n|clearpoke\n|poke|p1|Tapu Lele|\n|poke|p1|Armarouge, M|\n|poke|p1|Polteageist-Antique|\n|poke|p1|Gyarados, F|\n|poke|p1|Minior|\n|poke|p1|Sneasler, F|\n|poke|p2|Arbok, F|\n|poke|p2|Bombirdier, M|\n|poke|p2|Houndoom, M|\n|poke|p2|Cryogonal|\n|poke|p2|Avalugg-Hisui, M|\n|poke|p2|Ursaring, F|\n|teampreview\n|inactive|Battle timer is ON: inactive players will automatically lose when time's up. (requested by atomicheartstart2)\n|\n|t:|1699690885\n|start\n|switch|p1a: Minior|Minior|100\/100\n|switch|p2a: Arbok|Arbok, F|100\/100\n|-formechange|p1a: Minior|Minior-Meteor||[from] ability: Shields Down\n|-ability|p2a: Arbok|Intimidate|boost\n|-unboost|p1a: Minior|atk|1\n|-item|p2a: Arbok|Air Balloon\n|-enditem|p1a: Minior|White Herb\n|-clearnegativeboost|p1a: Minior|[silent]\n|turn|1\n|\n|t:|1699690904\n|-terastallize|p1a: Minior|Steel\n|move|p2a: Arbok|Coil|p2a: Arbok\n|-boost|p2a: Arbok|atk|1\n|-boost|p2a: Arbok|def|1\n|-boost|p2a: Arbok|accuracy|1\n|move|p1a: Minior|Shell Smash|p1a: Minior\n|-unboost|p1a: Minior|def|1\n|-unboost|p1a: Minior|spd|1\n|-boost|p1a: Minior|atk|2\n|-boost|p1a: Minior|spa|2\n|-boost|p1a: Minior|spe|2\n|\n|upkeep\n|turn|2\n|\n|t:|1699690914\n|move|p1a: Minior|Acrobatics|p2a: Arbok\n|-damage|p2a: Arbok|13\/100\n|-enditem|p2a: Arbok|Air Balloon\n|move|p2a: Arbok|Earthquake|p1a: Minior\n|-supereffective|p1a: Minior\n|-damage|p1a: Minior|0 fnt\n|faint|p1a: Minior\n|\n|upkeep\n|\n|t:|1699690922\n|switch|p1a: Tapu Lele|Tapu Lele|100\/100\n|-fieldstart|move: Psychic Terrain|[from] ability: Psychic Surge|[of] p1a: Tapu Lele\n|turn|3\n|\n|t:|1699690927\n|move|p1a: Tapu Lele|Moonblast|p2a: Arbok\n|-resisted|p2a: Arbok\n|-damage|p2a: Arbok|0 fnt\n|faint|p2a: Arbok\n|\n|upkeep\n|\n|t:|1699690938\n|switch|p2a: Cryogonal|Cryogonal|100\/100\n|turn|4\n|\n|t:|1699690941\n|move|p1a: Tapu Lele|Moonblast|p2a: Cryogonal\n|-damage|p2a: Cryogonal|70\/100\n|-unboost|p2a: Cryogonal|spa|1\n|move|p2a: Cryogonal|Freeze-Dry|p1a: Tapu Lele\n|-damage|p1a: Tapu Lele|84\/100\n|\n|upkeep\n|turn|5\n|\n|t:|1699690951\n|switch|p1a: Armarouge|Armarouge, M|100\/100\n|move|p2a: Cryogonal|Freeze-Dry|p1a: Armarouge\n|-resisted|p1a: Armarouge\n|-damage|p1a: Armarouge|92\/100\n|\n|upkeep\n|turn|6\n|c|\u2606Blubbex|!data armarouge\n|raw|<div class=\"message\"><ul class=\"utilichart\"><li class=\"result\"><span class=\"col numcol\">RU<\/span> <span class=\"col iconcol\"><psicon pokemon=\"armarouge\"\/><\/span> <span class=\"col pokemonnamecol\" style=\"white-space:nowrap\"><a href=\"https:\/\/dex.pokemonshowdown.com\/pokemon\/armarouge\" target=\"_blank\">Armarouge<\/a><\/span> <span class=\"col typecol\"><img src=\"https:\/\/play.pokemonshowdown.com\/sprites\/types\/Fire.png\" alt=\"Fire\" height=\"14\" width=\"32\"><img src=\"https:\/\/play.pokemonshowdown.com\/sprites\/types\/Psychic.png\" alt=\"Psychic\" height=\"14\" width=\"32\"><\/span> <span style=\"float:left;min-height:26px\"><span class=\"col abilitycol\">Flash Fire<\/span><span class=\"col abilitycol\"><em>Weak Armor<\/em><\/span><\/span><span style=\"float:left;min-height:26px\"><span class=\"col statcol\"><em>HP<\/em><br \/>85<\/span> <span class=\"col statcol\"><em>Atk<\/em><br \/>60<\/span> <span class=\"col statcol\"><em>Def<\/em><br \/>100<\/span> <span class=\"col statcol\"><em>SpA<\/em><br \/>125<\/span> <span class=\"col statcol\"><em>SpD<\/em><br \/>80<\/span> <span class=\"col statcol\"><em>Spe<\/em><br \/>75<\/span> <span class=\"col bstcol\"><em>BST<br \/>525<\/em><\/span> <\/span><\/li><li style=\"clear:both\"><\/li><\/ul><\/div>\n\n|\n|t:|1699690967\n|switch|p2a: Houndoom|Houndoom, M|100\/100\n|move|p1a: Armarouge|Expanding Force|p2a: Houndoom\n|-immune|p2a: Houndoom\n|\n|upkeep\n|turn|7\n|\n|t:|1699690983\n|move|p1a: Armarouge|Endure|p1a: Armarouge\n|-singleturn|p1a: Armarouge|move: Endure\n|move|p2a: Houndoom|Nasty Plot|p2a: Houndoom\n|-boost|p2a: Houndoom|spa|2\n|\n|-fieldend|move: Psychic Terrain\n|upkeep\n|turn|8\n|\n|t:|1699690997\n|switch|p1a: Tapu Lele|Tapu Lele|84\/100\n|-fieldstart|move: Psychic Terrain|[from] ability: Psychic Surge|[of] p1a: Tapu Lele\n|move|p2a: Houndoom|Dark Pulse|p1a: Tapu Lele\n|-damage|p1a: Tapu Lele|0 fnt\n|faint|p1a: Tapu Lele\n|-damage|p2a: Houndoom|91\/100|[from] item: Life Orb\n|\n|upkeep\n|\n|t:|1699691004\n|switch|p1a: Sneasler|Sneasler, F|100\/100\n|-enditem|p1a: Sneasler|Psychic Seed\n|-boost|p1a: Sneasler|spd|1|[from] item: Psychic Seed\n|turn|9\n|\n|t:|1699691029\n|move|p1a: Sneasler|Close Combat|p2a: Houndoom\n|-supereffective|p2a: Houndoom\n|-crit|p2a: Houndoom\n|-damage|p2a: Houndoom|0 fnt\n|-unboost|p1a: Sneasler|def|1\n|-unboost|p1a: Sneasler|spd|1\n|faint|p2a: Houndoom\n|\n|upkeep\n|\n|t:|1699691039\n|switch|p2a: Bombirdier|Bombirdier, M|100\/100\n|turn|10\n|\n|t:|1699691053\n|move|p1a: Sneasler|Acrobatics|p2a: Bombirdier\n|-damage|p2a: Bombirdier|43\/100\n|move|p2a: Bombirdier|Dual Wingbeat|p1a: Sneasler\n|-supereffective|p1a: Sneasler\n|-damage|p1a: Sneasler|6\/100\n|-supereffective|p1a: Sneasler\n|-damage|p1a: Sneasler|0 fnt\n|faint|p1a: Sneasler\n|-hitcount|p1: Sneasler|2\n|\n|upkeep\n|\n|t:|1699691063\n|switch|p1a: Armarouge|Armarouge, M|92\/100\n|turn|11\n|\n|t:|1699691075\n|switch|p2a: Cryogonal|Cryogonal|70\/100\n|move|p1a: Armarouge|Endure||[still]\n|-fail|p1a: Armarouge\n|\n|upkeep\n|turn|12\n|\n|t:|1699691087\n|move|p2a: Cryogonal|Freeze-Dry|p1a: Armarouge\n|-resisted|p1a: Armarouge\n|-damage|p1a: Armarouge|79\/100\n|move|p1a: Armarouge|Expanding Force|p2a: Cryogonal\n|-damage|p2a: Cryogonal|15\/100\n|\n|-fieldend|move: Psychic Terrain\n|upkeep\n|turn|13\n|\n|t:|1699691094\n|move|p2a: Cryogonal|Freeze-Dry|p1a: Armarouge\n|-resisted|p1a: Armarouge\n|-damage|p1a: Armarouge|67\/100\n|move|p1a: Armarouge|Expanding Force|p2a: Cryogonal\n|-damage|p2a: Cryogonal|0 fnt\n|faint|p2a: Cryogonal\n|\n|upkeep\n|\n|t:|1699691100\n|switch|p2a: Ursaring|Ursaring, F|100\/100\n|turn|14\n|\n|t:|1699691105\n|move|p1a: Armarouge|Endure|p1a: Armarouge\n|-singleturn|p1a: Armarouge|move: Endure\n|move|p2a: Ursaring|Swords Dance|p2a: Ursaring\n|-boost|p2a: Ursaring|atk|2\n|\n|-status|p2a: Ursaring|brn|[from] item: Flame Orb\n|upkeep\n|turn|15\n|\n|t:|1699691120\n|switch|p1a: Polteageist|Polteageist-Antique|100\/100\n|move|p2a: Ursaring|Facade|p1a: Polteageist\n|-immune|p1a: Polteageist\n|\n|-damage|p2a: Ursaring|94\/100 brn|[from] brn\n|upkeep\n|turn|16\n|\n|t:|1699691130\n|move|p1a: Polteageist|Shell Smash|p1a: Polteageist\n|-unboost|p1a: Polteageist|def|1\n|-unboost|p1a: Polteageist|spd|1\n|-boost|p1a: Polteageist|atk|2\n|-boost|p1a: Polteageist|spa|2\n|-boost|p1a: Polteageist|spe|2\n|move|p2a: Ursaring|Earthquake|p1a: Polteageist\n|-enditem|p1a: Polteageist|Focus Sash\n|-damage|p1a: Polteageist|1\/100\n|-ability|p1a: Polteageist|Weak Armor|boost\n|-unboost|p1a: Polteageist|def|1\n|-boost|p1a: Polteageist|spe|2\n|\n|-damage|p2a: Ursaring|88\/100 brn|[from] brn\n|upkeep\n|turn|17\n|\n|t:|1699691144\n|move|p1a: Polteageist|Stored Power|p2a: Ursaring\n|-damage|p2a: Ursaring|0 fnt\n|faint|p2a: Ursaring\n|\n|upkeep\n|\n|t:|1699691154\n|switch|p2a: Bombirdier|Bombirdier, M|43\/100\n|turn|18\n|\n|t:|1699691163\n|move|p1a: Polteageist|Dark Pulse|p2a: Bombirdier\n|-resisted|p2a: Bombirdier\n|-damage|p2a: Bombirdier|0 fnt\n|faint|p2a: Bombirdier\n|\n|upkeep\n|\n|t:|1699691167\n|switch|p2a: Avalugg|Avalugg-Hisui, M|100\/100\n|turn|19\n|\n|t:|1699691173\n|move|p1a: Polteageist|Stored Power|p2a: Avalugg\n|-damage|p2a: Avalugg|0 fnt\n|faint|p2a: Avalugg\n|\n|win|atomicheartstart2\n|raw|atomicheartstart2's rating: 1108 &rarr; <strong>1131<\/strong><br \/>(+23 for winning)\n|raw|Blubbex's rating: 1085 &rarr; <strong>1064<\/strong><br \/>(-21 for losing)\n|l|\u2606Blubbex\n","uploadtime":1699691180,"views":6,"p1id":"atomicheartstart2","p2id":"blubbex","formatid":"gen9nationaldex","rating":1064,"private":0,"password":""}