{"id":"gen9nationaldex-1994494512","p1":"FTLJustice","p2":"az985","format":"[Gen 9] National Dex","log":"|j|\u2606FTLJustice\n|j|\u2606az985\n|t:|1700450540\n|gametype|singles\n|player|p1|FTLJustice|alain|1239\n|player|p2|az985|170|1196\n|teamsize|p1|6\n|teamsize|p2|6\n|gen|9\n|tier|[Gen 9] National Dex\n|rated|\n|rule|HP Percentage Mod: HP is shown in percentages\n|rule|Endless Battle Clause: Forcing endless battles is banned\n|rule|OHKO Clause: OHKO moves are banned\n|rule|Evasion Clause: Evasion abilities, items, and moves are banned\n|rule|Evasion Abilities Clause: Evasion abilities are banned\n|rule|Evasion Items Clause: Evasion items are banned\n|rule|Evasion Moves Clause: Evasion moves are banned\n|rule|Species Clause: Limit one of each Pok\u00e9mon\n|rule|Sleep Clause Mod: Limit one foe put to sleep\n|clearpoke\n|poke|p1|Charizard, M|\n|poke|p1|Metagross|\n|poke|p1|Tyranitar, M|\n|poke|p1|Weavile, F|\n|poke|p1|Bisharp, M|\n|poke|p1|Unfezant, M|\n|poke|p2|Aggron, F|\n|poke|p2|Rillaboom, F|\n|poke|p2|Ogerpon-Wellspring, F|\n|poke|p2|Pelipper, F|\n|poke|p2|Latias, F|\n|poke|p2|Inteleon, F|\n|teampreview\n|\n|t:|1700450560\n|start\n|switch|p1a: Bisharp|Bisharp, M|100\/100\n|switch|p2a: \u90aa\u6076\u7334\u5b50|Rillaboom, F|100\/100\n|-fieldstart|move: Grassy Terrain|[from] ability: Grassy Surge|[of] p2a: \u90aa\u6076\u7334\u5b50\n|turn|1\n|\n|t:|1700450571\n|switch|p1a: Unfezant|Unfezant, M|100\/100\n|move|p2a: \u90aa\u6076\u7334\u5b50|Knock Off|p1a: Unfezant\n|-damage|p1a: Unfezant|48\/100\n|-enditem|p1a: Unfezant|Scope Lens|[from] move: Knock Off|[of] p2a: \u90aa\u6076\u7334\u5b50\n|\n|upkeep\n|turn|2\n|\n|t:|1700450581\n|move|p2a: \u90aa\u6076\u7334\u5b50|Grassy Glide|p1a: Unfezant\n|-resisted|p1a: Unfezant\n|-damage|p1a: Unfezant|19\/100\n|move|p1a: Unfezant|Dual Wingbeat|p2a: \u90aa\u6076\u7334\u5b50\n|-supereffective|p2a: \u90aa\u6076\u7334\u5b50\n|-damage|p2a: \u90aa\u6076\u7334\u5b50|67\/100\n|-supereffective|p2a: \u90aa\u6076\u7334\u5b50\n|-damage|p2a: \u90aa\u6076\u7334\u5b50|33\/100\n|-hitcount|p2a: \u90aa\u6076\u7334\u5b50|2\n|\n|-heal|p2a: \u90aa\u6076\u7334\u5b50|39\/100|[from] Grassy Terrain\n|upkeep\n|turn|3\n|\n|t:|1700450607\n|switch|p1a: Charizard|Charizard, M|100\/100\n|move|p2a: \u90aa\u6076\u7334\u5b50|Grassy Glide|p1a: Charizard\n|-resisted|p1a: Charizard\n|-damage|p1a: Charizard|87\/100\n|\n|-heal|p2a: \u90aa\u6076\u7334\u5b50|45\/100|[from] Grassy Terrain\n|upkeep\n|turn|4\n|\n|t:|1700450625\n|switch|p2a: \u53ef\u6076\u6d77\u9e25|Pelipper, F|100\/100\n|-weather|RainDance|[from] ability: Drizzle|[of] p2a: \u53ef\u6076\u6d77\u9e25\n|detailschange|p1a: Charizard|Charizard-Mega-X, M\n|-mega|p1a: Charizard|Charizard|Charizardite X\n|move|p1a: Charizard|Dragon Dance|p1a: Charizard\n|-boost|p1a: Charizard|atk|1\n|-boost|p1a: Charizard|spe|1\n|\n|-weather|RainDance|[upkeep]\n|-heal|p1a: Charizard|93\/100|[from] Grassy Terrain\n|upkeep\n|turn|5\n|\n|t:|1700450634\n|move|p1a: Charizard|Dragon Claw|p2a: \u53ef\u6076\u6d77\u9e25\n|-damage|p2a: \u53ef\u6076\u6d77\u9e25|29\/100\n|move|p2a: \u53ef\u6076\u6d77\u9e25|Toxic|p1a: Charizard\n|-status|p1a: Charizard|tox\n|\n|-weather|RainDance|[upkeep]\n|-heal|p1a: Charizard|99\/100 tox|[from] Grassy Terrain\n|-damage|p1a: Charizard|93\/100 tox|[from] psn\n|-fieldend|move: Grassy Terrain\n|upkeep\n|turn|6\n|\n|t:|1700450638\n|switch|p2a: \u53f9\u606f\u4e4b\u5899|Aggron, F|100\/100\n|move|p1a: Charizard|Quick Attack|p2a: \u53f9\u606f\u4e4b\u5899\n|-resisted|p2a: \u53f9\u606f\u4e4b\u5899\n|-damage|p2a: \u53f9\u606f\u4e4b\u5899|97\/100\n|\n|-weather|RainDance|[upkeep]\n|-damage|p1a: Charizard|81\/100 tox|[from] psn\n|upkeep\n|turn|7\n|\n|t:|1700450642\n|detailschange|p2a: \u53f9\u606f\u4e4b\u5899|Aggron-Mega, F\n|-mega|p2a: \u53f9\u606f\u4e4b\u5899|Aggron|Aggronite\n|move|p1a: Charizard|Flare Blitz|p2a: \u53f9\u606f\u4e4b\u5899\n|-supereffective|p2a: \u53f9\u606f\u4e4b\u5899\n|-damage|p2a: \u53f9\u606f\u4e4b\u5899|55\/100\n|-damage|p1a: Charizard|65\/100 tox|[from] Recoil\n|move|p2a: \u53f9\u606f\u4e4b\u5899|Curse|p2a: \u53f9\u606f\u4e4b\u5899\n|-unboost|p2a: \u53f9\u606f\u4e4b\u5899|spe|1\n|-boost|p2a: \u53f9\u606f\u4e4b\u5899|atk|1\n|-boost|p2a: \u53f9\u606f\u4e4b\u5899|def|1\n|\n|-weather|RainDance|[upkeep]\n|-damage|p1a: Charizard|47\/100 tox|[from] psn\n|upkeep\n|turn|8\n|\n|t:|1700450655\n|move|p1a: Charizard|Dragon Dance|p1a: Charizard\n|-boost|p1a: Charizard|atk|1\n|-boost|p1a: Charizard|spe|1\n|move|p2a: \u53f9\u606f\u4e4b\u5899|Curse|p2a: \u53f9\u606f\u4e4b\u5899\n|-unboost|p2a: \u53f9\u606f\u4e4b\u5899|spe|1\n|-boost|p2a: \u53f9\u606f\u4e4b\u5899|atk|1\n|-boost|p2a: \u53f9\u606f\u4e4b\u5899|def|1\n|\n|-weather|RainDance|[upkeep]\n|-damage|p1a: Charizard|23\/100 tox|[from] psn\n|upkeep\n|turn|9\n|\n|t:|1700450660\n|move|p1a: Charizard|Flare Blitz|p2a: \u53f9\u606f\u4e4b\u5899\n|-supereffective|p2a: \u53f9\u606f\u4e4b\u5899\n|-damage|p2a: \u53f9\u606f\u4e4b\u5899|29\/100\n|-damage|p1a: Charizard|13\/100 tox|[from] Recoil\n|move|p2a: \u53f9\u606f\u4e4b\u5899|Curse|p2a: \u53f9\u606f\u4e4b\u5899\n|-unboost|p2a: \u53f9\u606f\u4e4b\u5899|spe|1\n|-boost|p2a: \u53f9\u606f\u4e4b\u5899|atk|1\n|-boost|p2a: \u53f9\u606f\u4e4b\u5899|def|1\n|\n|-weather|RainDance|[upkeep]\n|-damage|p1a: Charizard|0 fnt|[from] psn\n|faint|p1a: Charizard\n|upkeep\n|\n|t:|1700450678\n|switch|p1a: Tyranitar|Tyranitar, M|100\/100\n|-weather|Sandstorm|[from] ability: Sand Stream|[of] p1a: Tyranitar\n|turn|10\n|\n|t:|1700450684\n|move|p1a: Tyranitar|Thunder Wave|p2a: \u53f9\u606f\u4e4b\u5899|[miss]\n|-miss|p1a: Tyranitar|p2a: \u53f9\u606f\u4e4b\u5899\n|move|p2a: \u53f9\u606f\u4e4b\u5899|Body Press|p1a: Tyranitar\n|-supereffective|p1a: Tyranitar\n|-damage|p1a: Tyranitar|0 fnt\n|faint|p1a: Tyranitar\n|\n|-weather|Sandstorm|[upkeep]\n|upkeep\n|\n|t:|1700450703\n|switch|p1a: Unfezant|Unfezant, M|19\/100\n|turn|11\n|\n|t:|1700450707\n|-terastallize|p1a: Unfezant|Dark\n|move|p1a: Unfezant|Night Slash|p2a: \u53f9\u606f\u4e4b\u5899\n|-damage|p2a: \u53f9\u606f\u4e4b\u5899|23\/100\n|move|p2a: \u53f9\u606f\u4e4b\u5899|Body Press|p1a: Unfezant\n|-supereffective|p1a: Unfezant\n|-damage|p1a: Unfezant|0 fnt\n|faint|p1a: Unfezant\n|\n|-weather|Sandstorm|[upkeep]\n|upkeep\n|\n|t:|1700450717\n|switch|p1a: Weavile|Weavile, F|100\/100\n|turn|12\n|\n|t:|1700450720\n|move|p1a: Weavile|Triple Axel|p2a: \u53f9\u606f\u4e4b\u5899\n|-resisted|p2a: \u53f9\u606f\u4e4b\u5899\n|-damage|p2a: \u53f9\u606f\u4e4b\u5899|22\/100\n|-resisted|p2a: \u53f9\u606f\u4e4b\u5899\n|-damage|p2a: \u53f9\u606f\u4e4b\u5899|21\/100\n|-resisted|p2a: \u53f9\u606f\u4e4b\u5899\n|-damage|p2a: \u53f9\u606f\u4e4b\u5899|18\/100\n|-hitcount|p2a: \u53f9\u606f\u4e4b\u5899|3\n|move|p2a: \u53f9\u606f\u4e4b\u5899|Body Press|p1a: Weavile\n|-supereffective|p1a: Weavile\n|-enditem|p1a: Weavile|Focus Sash\n|-damage|p1a: Weavile|1\/100\n|\n|-weather|Sandstorm|[upkeep]\n|-damage|p1a: Weavile|0 fnt|[from] Sandstorm\n|faint|p1a: Weavile\n|upkeep\n|\n|t:|1700450728\n|switch|p1a: Metagross|Metagross|100\/100\n|turn|13\n|\n|t:|1700450734\n|move|p1a: Metagross|Bullet Punch|p2a: \u53f9\u606f\u4e4b\u5899\n|-resisted|p2a: \u53f9\u606f\u4e4b\u5899\n|-damage|p2a: \u53f9\u606f\u4e4b\u5899|16\/100\n|move|p2a: \u53f9\u606f\u4e4b\u5899|Body Press|p1a: Metagross\n|-damage|p1a: Metagross|33\/100\n|\n|-weather|Sandstorm|[upkeep]\n|upkeep\n|turn|14\n|-message|FTLJustice forfeited.\n|\n|win|az985\n|raw|FTLJustice's rating: 1239 &rarr; <strong>1211<\/strong><br \/>(-28 for losing)\n|raw|az985's rating: 1196 &rarr; <strong>1224<\/strong><br \/>(+28 for winning)\n|l|\u2606FTLJustice\n","uploadtime":1700450749,"views":7,"p1id":"ftljustice","p2id":"az985","formatid":"gen9nationaldex","rating":1211,"private":0,"password":""}