{"id":"gen9nationaldex-1999069596","p1":"PyraFox","p2":"tommycousins","format":"[Gen 9] National Dex","log":"|html|<div class=\"broadcast-blue\"><strong>[Gen 9] National Dex is currently suspecting Sneasler! For information on how to participate check out the <a href=\"https:\/\/www.smogon.com\/forums\/threads\/sv-national-dex-suspect-8-just-dance.3731534\/\">suspect thread<\/a>.<\/strong><\/div>\n|j|\u2606PyraFox\n|j|\u2606tommycousins\n|t:|1701029898\n|gametype|singles\n|player|p1|PyraFox|veteran|1122\n|player|p2|tommycousins|hoopster|1069\n|teamsize|p1|6\n|teamsize|p2|6\n|gen|9\n|tier|[Gen 9] National Dex\n|rated|\n|rule|HP Percentage Mod: HP is shown in percentages\n|rule|Endless Battle Clause: Forcing endless battles is banned\n|rule|OHKO Clause: OHKO moves are banned\n|rule|Evasion Clause: Evasion abilities, items, and moves are banned\n|rule|Evasion Abilities Clause: Evasion abilities are banned\n|rule|Evasion Items Clause: Evasion items are banned\n|rule|Evasion Moves Clause: Evasion moves are banned\n|rule|Species Clause: Limit one of each Pok\u00e9mon\n|rule|Sleep Clause Mod: Limit one foe put to sleep\n|clearpoke\n|poke|p1|Salazzle, F|\n|poke|p1|Weavile, M|\n|poke|p1|Roserade, F|\n|poke|p1|Zoroark, M|\n|poke|p1|Gardevoir, F|\n|poke|p1|Delphox, M|\n|poke|p2|Charizard, M|\n|poke|p2|Great Tusk|\n|poke|p2|Hatterene, F|\n|poke|p2|Kommo-o, F|\n|poke|p2|Weavile, F|\n|poke|p2|Landorus-Therian, M|\n|teampreview\n|inactive|Battle timer is ON: inactive players will automatically lose when time's up. (requested by tommycousins)\n|\n|t:|1701029915\n|start\n|switch|p1a: Salazzle|Salazzle, F|100\/100\n|switch|p2a: Landorus|Landorus-Therian, M|100\/100\n|-ability|p2a: Landorus|Intimidate|boost\n|-unboost|p1a: Salazzle|atk|1\n|turn|1\n|\n|t:|1701029923\n|move|p1a: Salazzle|Protect|p1a: Salazzle\n|-singleturn|p1a: Salazzle|Protect\n|move|p2a: Landorus|Stealth Rock|p1a: Salazzle\n|-sidestart|p1: PyraFox|move: Stealth Rock\n|\n|upkeep\n|turn|2\n|\n|t:|1701029929\n|move|p1a: Salazzle|Toxic|p2a: Landorus\n|-status|p2a: Landorus|tox\n|move|p2a: Landorus|Earthquake|p1a: Salazzle\n|-supereffective|p1a: Salazzle\n|-enditem|p1a: Salazzle|Focus Sash\n|-damage|p1a: Salazzle|1\/100\n|\n|-damage|p2a: Landorus|94\/100 tox|[from] psn\n|upkeep\n|turn|3\n|\n|t:|1701029938\n|move|p1a: Salazzle|Disable|p2a: Landorus\n|-start|p2a: Landorus|Disable|Earthquake\n|move|p2a: Landorus|U-turn|p1a: Salazzle\n|-resisted|p1a: Salazzle\n|-damage|p1a: Salazzle|0 fnt\n|faint|p1a: Salazzle\n|\n|t:|1701029955\n|switch|p2a: Great Tusk|Great Tusk|100\/100|[from] U-turn\n|\n|upkeep\n|\n|t:|1701029960\n|switch|p1a: Weavile|Weavile, M|100\/100\n|-damage|p1a: Weavile|76\/100|[from] Stealth Rock\n|-ability|p1a: Weavile|Pressure\n|turn|4\n|\n|t:|1701029973\n|-terastallize|p1a: Weavile|Ghost\n|move|p1a: Weavile|Icicle Crash|p2a: Great Tusk\n|-supereffective|p2a: Great Tusk\n|-damage|p2a: Great Tusk|24\/100\n|-damage|p1a: Weavile|66\/100|[from] item: Life Orb\n|cant|p2a: Great Tusk|flinch\n|\n|upkeep\n|turn|5\n|inactive|tommycousins has 120 seconds left.\n|\n|t:|1701030012\n|-end|p2a: Great Tusk|Protosynthesis|[silent]\n|switch|p2a: Weavile|Weavile, F|100\/100\n|-ability|p2a: Weavile|Pressure\n|move|p1a: Weavile|Icicle Crash|p2a: Weavile\n|-resisted|p2a: Weavile\n|-damage|p2a: Weavile|52\/100\n|-damage|p1a: Weavile|56\/100|[from] item: Life Orb\n|\n|upkeep\n|turn|6\n|inactive|tommycousins has 120 seconds left.\n|\n|t:|1701030021\n|move|p1a: Weavile|Brick Break|p2a: Weavile\n|-supereffective|p2a: Weavile\n|-damage|p2a: Weavile|0 fnt\n|faint|p2a: Weavile\n|-damage|p1a: Weavile|46\/100|[from] item: Life Orb\n|\n|upkeep\n|inactive|tommycousins has 120 seconds left.\n|\n|t:|1701030039\n|switch|p2a: Charizard|Charizard, M|100\/100\n|turn|7\n|\n|t:|1701030049\n|detailschange|p2a: Charizard|Charizard-Mega-Y, M\n|-mega|p2a: Charizard|Charizard|Charizardite Y\n|-weather|SunnyDay|[from] ability: Drought|[of] p2a: Charizard\n|move|p1a: Weavile|Poison Jab|p2a: Charizard\n|-damage|p2a: Charizard|55\/100\n|-damage|p1a: Weavile|36\/100|[from] item: Life Orb\n|move|p2a: Charizard|Scorching Sands|p1a: Weavile\n|-damage|p1a: Weavile|0 fnt\n|faint|p1a: Weavile\n|\n|-weather|SunnyDay|[upkeep]\n|upkeep\n|\n|t:|1701030062\n|switch|p1a: Delphox|Delphox, M|100\/100\n|turn|8\n|inactive|tommycousins has 120 seconds left.\n|\n|t:|1701030072\n|move|p1a: Delphox|Hyper Voice|p2a: Charizard\n|-damage|p2a: Charizard|23\/100\n|move|p2a: Charizard|Scorching Sands|p1a: Delphox\n|-damage|p1a: Delphox|45\/100\n|replace|p1a: Zoroark|Zoroark, M\n|-end|p1a: Zoroark|Illusion\n|\n|-weather|SunnyDay|[upkeep]\n|upkeep\n|turn|9\n|inactive|tommycousins has 120 seconds left.\n|\n|t:|1701030091\n|switch|p2a: Hatterene|Hatterene, F|100\/100\n|move|p1a: Zoroark|Hyper Voice|p2a: Hatterene\n|-damage|p2a: Hatterene|70\/100\n|-enditem|p2a: Hatterene|Eject Button\n|\n|t:|1701030106\n|switch|p2a: Landorus|Landorus-Therian, M|94\/100 tox\n|-ability|p2a: Landorus|Intimidate|boost\n|-unboost|p1a: Zoroark|atk|1\n|\n|-weather|SunnyDay|[upkeep]\n|-damage|p2a: Landorus|88\/100 tox|[from] psn\n|upkeep\n|turn|10\n|\n|t:|1701030113\n|move|p1a: Zoroark|Night Daze|p2a: Landorus\n|-damage|p2a: Landorus|45\/100 tox\n|move|p2a: Landorus|U-turn|p1a: Zoroark\n|-supereffective|p1a: Zoroark\n|-damage|p1a: Zoroark|0 fnt\n|faint|p1a: Zoroark\n|\n|t:|1701030128\n|switch|p2a: Hatterene|Hatterene, F|70\/100|[from] U-turn\n|\n|-weather|SunnyDay|[upkeep]\n|upkeep\n|\n|t:|1701030153\n|switch|p1a: Roserade|Roserade, F|100\/100\n|-damage|p1a: Roserade|88\/100|[from] Stealth Rock\n|turn|11\n|inactive|tommycousins has 120 seconds left.\n|\n|t:|1701030165\n|-terastallize|p2a: Hatterene|Steel\n|move|p1a: Roserade|Sludge Bomb|p2a: Hatterene\n|-immune|p2a: Hatterene\n|move|p2a: Hatterene|Nuzzle|p1a: Roserade\n|-resisted|p1a: Roserade\n|-damage|p1a: Roserade|85\/100\n|-status|p1a: Roserade|par\n|\n|-weather|none\n|upkeep\n|turn|12\n|inactive|tommycousins has 120 seconds left.\n|\n|t:|1701030176\n|move|p1a: Roserade|Shadow Ball|p2a: Hatterene\n|-damage|p2a: Hatterene|44\/100\n|move|p2a: Hatterene|Mystical Fire|p1a: Roserade\n|-supereffective|p1a: Roserade\n|-damage|p1a: Roserade|49\/100 par\n|-unboost|p1a: Roserade|spa|1\n|\n|upkeep\n|turn|13\n|inactive|tommycousins has 120 seconds left.\n|\n|t:|1701030184\n|switch|p1a: Gardevoir|Gardevoir, F|100\/100\n|-damage|p1a: Gardevoir|88\/100|[from] Stealth Rock\n|-ability|p1a: Gardevoir|Magic Bounce|[from] ability: Trace|[of] p2a: Hatterene\n|move|p2a: Hatterene|Psyshock|p1a: Gardevoir\n|-resisted|p1a: Gardevoir\n|-damage|p1a: Gardevoir|59\/100\n|\n|upkeep\n|turn|14\n|\n|t:|1701030194\n|detailschange|p1a: Gardevoir|Gardevoir-Mega, F\n|-mega|p1a: Gardevoir|Gardevoir|Gardevoirite\n|move|p1a: Gardevoir|Shadow Ball|p2a: Hatterene\n|-damage|p2a: Hatterene|6\/100\n|move|p2a: Hatterene|Nuzzle|p1a: Gardevoir\n|-damage|p1a: Gardevoir|52\/100\n|-status|p1a: Gardevoir|par\n|\n|upkeep\n|turn|15\n|\n|t:|1701030205\n|move|p1a: Gardevoir|Shadow Ball|p2a: Hatterene\n|-damage|p2a: Hatterene|0 fnt\n|faint|p2a: Hatterene\n|\n|upkeep\n|\n|t:|1701030212\n|switch|p2a: Landorus|Landorus-Therian, M|45\/100 tox\n|-ability|p2a: Landorus|Intimidate|boost\n|-unboost|p1a: Gardevoir|atk|1\n|turn|16\n|\n|t:|1701030219\n|move|p2a: Landorus|Earthquake|p1a: Gardevoir\n|-damage|p1a: Gardevoir|0 fnt\n|faint|p1a: Gardevoir\n|\n|-damage|p2a: Landorus|39\/100 tox|[from] psn\n|upkeep\n|\n|t:|1701030222\n|switch|p1a: Roserade|Roserade, F|49\/100 par\n|-damage|p1a: Roserade|37\/100 par|[from] Stealth Rock\n|turn|17\n|\n|t:|1701030229\n|move|p2a: Landorus|Earthquake|p1a: Roserade\n|-damage|p1a: Roserade|0 fnt\n|faint|p1a: Roserade\n|\n|-damage|p2a: Landorus|27\/100 tox|[from] psn\n|upkeep\n|\n|t:|1701030235\n|switch|p1a: Delphox|Delphox, M|100\/100\n|-damage|p1a: Delphox|76\/100|[from] Stealth Rock\n|turn|18\n|\n|t:|1701030240\n|move|p1a: Delphox|Psychic|p2a: Landorus\n|-damage|p2a: Landorus|0 fnt\n|faint|p2a: Landorus\n|\n|upkeep\n|\n|t:|1701030252\n|switch|p2a: Kommo-o|Kommo-o, F|100\/100\n|turn|19\n|\n|t:|1701030258\n|move|p1a: Delphox|Hypnosis|p2a: Kommo-o\n|-status|p2a: Kommo-o|slp|[from] move: Hypnosis\n|cant|p2a: Kommo-o|slp\n|\n|upkeep\n|turn|20\n|\n|t:|1701030264\n|move|p1a: Delphox|Calm Mind|p1a: Delphox\n|-boost|p1a: Delphox|spa|1\n|-boost|p1a: Delphox|spd|1\n|cant|p2a: Kommo-o|slp\n|\n|upkeep\n|turn|21\n|\n|t:|1701030269\n|move|p1a: Delphox|Psychic|p2a: Kommo-o\n|-supereffective|p2a: Kommo-o\n|-damage|p2a: Kommo-o|0 fnt\n|faint|p2a: Kommo-o\n|\n|upkeep\n|\n|t:|1701030276\n|switch|p2a: Charizard|Charizard-Mega-Y, M|23\/100\n|-weather|SunnyDay|[from] ability: Drought|[of] p2a: Charizard\n|turn|22\n|\n|t:|1701030283\n|move|p1a: Delphox|Psychic|p2a: Charizard\n|-damage|p2a: Charizard|0 fnt\n|faint|p2a: Charizard\n|\n|-weather|SunnyDay|[upkeep]\n|upkeep\n|-message|tommycousins forfeited.\n|\n|win|PyraFox\n|raw|PyraFox's rating: 1122 &rarr; <strong>1143<\/strong><br \/>(+21 for winning)\n|raw|tommycousins's rating: 1069 &rarr; <strong>1052<\/strong><br \/>(-17 for losing)\n|l|\u2606tommycousins\n|c|\u2606PyraFox|Gg\n","uploadtime":1701030293,"views":2,"p1id":"pyrafox","p2id":"tommycousins","formatid":"gen9nationaldex","rating":1052,"private":0,"password":""}