{"id":"gen9nationaldex-1992471558","p1":"gogotaxi","p2":"yakuza0KUZA","format":"[Gen 9] National Dex","log":"|j|\u2606gogotaxi\n|j|\u2606yakuza0KUZA\n|t:|1700191689\n|gametype|singles\n|player|p1|gogotaxi|shauntal|1067\n|player|p2|yakuza0KUZA|cheren-gen5bw2|1034\n|teamsize|p1|6\n|teamsize|p2|6\n|gen|9\n|tier|[Gen 9] National Dex\n|rated|\n|rule|HP Percentage Mod: HP is shown in percentages\n|rule|Endless Battle Clause: Forcing endless battles is banned\n|rule|OHKO Clause: OHKO moves are banned\n|rule|Evasion Clause: Evasion abilities, items, and moves are banned\n|rule|Evasion Abilities Clause: Evasion abilities are banned\n|rule|Evasion Items Clause: Evasion items are banned\n|rule|Evasion Moves Clause: Evasion moves are banned\n|rule|Species Clause: Limit one of each Pok\u00e9mon\n|rule|Sleep Clause Mod: Limit one foe put to sleep\n|clearpoke\n|poke|p1|Pachirisu, M|\n|poke|p1|Sableye, F|\n|poke|p1|Gligar, M|\n|poke|p1|Ditto|\n|poke|p1|Qwilfish, F|\n|poke|p1|Salazzle, F|\n|poke|p2|Cinccino, F|\n|poke|p2|Smeargle, F|\n|poke|p2|Indeedee-F, F|\n|poke|p2|Ditto|\n|poke|p2|Komala, F|\n|poke|p2|Bibarel, M|\n|teampreview\n|inactive|Battle timer is ON: inactive players will automatically lose when time's up. (requested by gogotaxi)\n|\n|t:|1700191695\n|start\n|switch|p1a: sadie|Sableye, F, shiny|100\/100\n|switch|p2a: Freelancer|Ditto|100\/100\n|-transform|p2a: Freelancer|p1a: sadie|[from] ability: Imposter\n|turn|1\n|c|\u2606gogotaxi|freelancer is funny\n|\n|t:|1700191716\n|detailschange|p1a: sadie|Sableye-Mega, F, shiny\n|-mega|p1a: sadie|Sableye|Sablenite\n|move|p2a: Freelancer|Will-O-Wisp|p1a: sadie\n|move|p1a: sadie|Will-O-Wisp|p2a: Freelancer|[from]ability: Magic Bounce\n|-status|p2a: Freelancer|brn\n|move|p1a: sadie|Taunt|p2a: Freelancer\n|-start|p2a: Freelancer|move: Taunt\n|\n|-damage|p2a: Freelancer|94\/100 brn|[from] brn\n|upkeep\n|turn|2\n|\n|t:|1700191729\n|switch|p2a: Alkene|Smeargle, F|100\/100\n|move|p1a: sadie|Night Shade|p2a: Alkene\n|-immune|p2a: Alkene\n|\n|upkeep\n|turn|3\n|\n|t:|1700191740\n|switch|p2a: Freelancer|Ditto|94\/100 brn\n|-transform|p2a: Freelancer|p1a: sadie|[from] ability: Imposter\n|move|p1a: sadie|Taunt|p2a: Freelancer\n|move|p2a: Freelancer|Taunt|p1a: sadie|[from]ability: Magic Bounce\n|-start|p1a: sadie|move: Taunt\n|\n|-damage|p2a: Freelancer|88\/100 brn|[from] brn\n|upkeep\n|turn|4\n|\n|t:|1700191762\n|switch|p1a: risu|Pachirisu, M, shiny|100\/100\n|move|p2a: Freelancer|Night Shade|p1a: risu\n|-damage|p1a: risu|70\/100\n|\n|-heal|p1a: risu|76\/100|[from] item: Leftovers\n|-damage|p2a: Freelancer|82\/100 brn|[from] brn\n|upkeep\n|turn|5\n|inactive|yakuza0KUZA has 120 seconds left.\n|\n|t:|1700191781\n|switch|p2a: Alkene|Smeargle, F|100\/100\n|move|p1a: risu|Volt Switch|p2a: Alkene\n|-damage|p2a: Alkene|70\/100\n|\n|t:|1700191789\n|switch|p1a: ok|Qwilfish, F, shiny|100\/100|[from] Volt Switch\n|-ability|p1a: ok|Intimidate|boost\n|-fail|p2a: Alkene|unboost|Attack|[from] ability: Own Tempo|[of] p2a: Alkene\n|\n|upkeep\n|turn|6\n|inactive|yakuza0KUZA has 120 seconds left.\n|\n|t:|1700191806\n|move|p1a: ok|Waterfall|p2a: Alkene\n|-damage|p2a: Alkene|23\/100\n|move|p2a: Alkene|Sticky Web|p1a: ok\n|-sidestart|p1: gogotaxi|move: Sticky Web\n|\n|upkeep\n|turn|7\n|inactive|yakuza0KUZA has 120 seconds left.\n|\n|t:|1700191818\n|move|p1a: ok|Waterfall|p2a: Alkene\n|-damage|p2a: Alkene|0 fnt\n|faint|p2a: Alkene\n|\n|upkeep\n|inactive|yakuza0KUZA has 120 seconds left.\n|\n|t:|1700191825\n|switch|p2a: Ketone|Komala, F|100\/100\n|-ability|p2a: Ketone|Comatose\n|turn|8\n|\n|t:|1700191830\n|move|p1a: ok|Spikes|p2a: Ketone\n|-sidestart|p2: yakuza0KUZA|Spikes\n|move|p2a: Ketone|Sleep Talk|p2a: Ketone\n|move|p2a: Ketone|Last Resort|p1a: ok|[from]move: Sleep Talk\n|-damage|p1a: ok|0 fnt\n|-damage|p2a: Ketone|84\/100|[from] item: Rocky Helmet|[of] p1a: ok\n|faint|p1a: ok\n|\n|upkeep\n|\n|t:|1700191839\n|switch|p1a: sadie|Sableye-Mega, F, shiny|100\/100\n|-activate|p1a: sadie|move: Sticky Web\n|-unboost|p1a: sadie|spe|1\n|turn|9\n|\n|t:|1700191856\n|switch|p2a: Amide|Indeedee-F, F|100\/100\n|-damage|p2a: Amide|88\/100|[from] Spikes\n|-fieldstart|move: Psychic Terrain|[from] ability: Psychic Surge|[of] p2a: Amide\n|move|p1a: sadie|Recover||[still]\n|-fail|p1a: sadie|heal\n|\n|upkeep\n|turn|10\n|\n|t:|1700191872\n|switch|p1a: gliggy|Gligar, M, shiny|100\/100\n|-terastallize|p2a: Amide|Psychic\n|move|p2a: Amide|Expanding Force|p1a: gliggy\n|-damage|p1a: gliggy|29\/100\n|\n|upkeep\n|turn|11\n|-message|gogotaxi forfeited.\n|\n|win|yakuza0KUZA\n|raw|gogotaxi's rating: 1067 &rarr; <strong>1045<\/strong><br \/>(-22 for losing)\n|raw|yakuza0KUZA's rating: 1034 &rarr; <strong>1072<\/strong><br \/>(+38 for winning)\n|l|\u2606gogotaxi\n","uploadtime":1700191909,"views":13,"p1id":"gogotaxi","p2id":"yakuza0kuza","formatid":"gen9nationaldex","rating":1045,"private":0,"password":""}