{"id":"gen9nationaldex-1991970870","p1":"NekroTheFox","p2":"guzmfran","format":"[Gen 9] National Dex","log":"|j|\u2606NekroTheFox\n|j|\u2606guzmfran\n|t:|1700143807\n|gametype|singles\n|player|p1|NekroTheFox|shadowtriad|\n|player|p2|guzmfran|102|\n|teamsize|p1|6\n|teamsize|p2|6\n|gen|9\n|tier|[Gen 9] National Dex\n|rule|HP Percentage Mod: HP is shown in percentages\n|rule|Endless Battle Clause: Forcing endless battles is banned\n|rule|OHKO Clause: OHKO moves are banned\n|rule|Evasion Clause: Evasion abilities, items, and moves are banned\n|rule|Evasion Abilities Clause: Evasion abilities are banned\n|rule|Evasion Items Clause: Evasion items are banned\n|rule|Evasion Moves Clause: Evasion moves are banned\n|rule|Species Clause: Limit one of each Pok\u00e9mon\n|rule|Sleep Clause Mod: Limit one foe put to sleep\n|clearpoke\n|poke|p1|Kingdra, M|\n|poke|p1|Pelipper, M|\n|poke|p1|Toxapex, M|\n|poke|p1|Ogerpon-Wellspring, F|\n|poke|p1|Crawdaunt, M|\n|poke|p1|Basculegion, M|\n|poke|p2|Grimmsnarl, M|\n|poke|p2|Ferrothorn, M|\n|poke|p2|Articuno|\n|poke|p2|Bellibolt, F|\n|poke|p2|Glimmora, M|\n|poke|p2|Mimikyu, M|\n|teampreview\n|c|\u2606NekroTheFox|Glhf\n|inactive|Battle timer is ON: inactive players will automatically lose when time's up. (requested by NekroTheFox)\n|\n|t:|1700143822\n|start\n|switch|p1a: Pelipper|Pelipper, M|100\/100\n|switch|p2a: Articuno|Articuno|100\/100\n|-ability|p2a: Articuno|Pressure\n|-weather|RainDance|[from] ability: Drizzle|[of] p1a: Pelipper\n|turn|1\n|\n|t:|1700143834\n|move|p2a: Articuno|Freeze-Dry|p1a: Pelipper\n|-supereffective|p1a: Pelipper\n|-damage|p1a: Pelipper|0 fnt\n|faint|p1a: Pelipper\n|\n|-weather|RainDance|[upkeep]\n|upkeep\n|\n|t:|1700143848\n|switch|p1a: Basculegion|Basculegion, M|100\/100\n|turn|2\n|\n|t:|1700143854\n|switch|p2a: Ferrothorn|Ferrothorn, M|100\/100\n|move|p1a: Basculegion|Wave Crash|p2a: Ferrothorn\n|-resisted|p2a: Ferrothorn\n|-damage|p2a: Ferrothorn|59\/100\n|-damage|p1a: Basculegion|88\/100|[from] ability: Iron Barbs|[of] p2a: Ferrothorn\n|-damage|p1a: Basculegion|72\/100|[from] item: Rocky Helmet|[of] p2a: Ferrothorn\n|-damage|p1a: Basculegion|59\/100|[from] Recoil\n|\n|-weather|RainDance|[upkeep]\n|upkeep\n|turn|3\n|\n|t:|1700143867\n|move|p1a: Basculegion|Wave Crash|p2a: Ferrothorn\n|-resisted|p2a: Ferrothorn\n|-damage|p2a: Ferrothorn|18\/100\n|-damage|p1a: Basculegion|46\/100|[from] ability: Iron Barbs|[of] p2a: Ferrothorn\n|-damage|p1a: Basculegion|30\/100|[from] item: Rocky Helmet|[of] p2a: Ferrothorn\n|-damage|p1a: Basculegion|17\/100|[from] Recoil\n|move|p2a: Ferrothorn|Stealth Rock|p1a: Basculegion\n|-sidestart|p1: NekroTheFox|move: Stealth Rock\n|\n|-weather|RainDance|[upkeep]\n|upkeep\n|turn|4\n|\n|t:|1700143881\n|switch|p2a: Glimmora|Glimmora, M|100\/100\n|-item|p2a: Glimmora|Air Balloon\n|move|p1a: Basculegion|Wave Crash|p2a: Glimmora\n|-supereffective|p2a: Glimmora\n|-damage|p2a: Glimmora|0 fnt\n|-activate|p2a: Glimmora|ability: Toxic Debris\n|-sidestart|p1: NekroTheFox|move: Toxic Spikes\n|-enditem|p2a: Glimmora|Air Balloon\n|faint|p2a: Glimmora\n|-damage|p1a: Basculegion|0 fnt|[from] Recoil\n|faint|p1a: Basculegion\n|\n|-weather|RainDance|[upkeep]\n|upkeep\n|\n|t:|1700143900\n|switch|p2a: Ferrothorn|Ferrothorn, M|18\/100\n|switch|p1a: Toxapex|Toxapex, M|100\/100\n|-sideend|p1: NekroTheFox|move: Toxic Spikes|[of] p1a: Toxapex\n|turn|5\n|\n|t:|1700143915\n|move|p1a: Toxapex|Scald|p2a: Ferrothorn\n|-resisted|p2a: Ferrothorn\n|-crit|p2a: Ferrothorn\n|-damage|p2a: Ferrothorn|1\/100\n|-status|p2a: Ferrothorn|brn\n|move|p2a: Ferrothorn|Leech Seed|p1a: Toxapex\n|-start|p1a: Toxapex|move: Leech Seed\n|\n|-weather|RainDance|[upkeep]\n|-damage|p1a: Toxapex|88\/100|[from] Leech Seed|[of] p2a: Ferrothorn\n|-heal|p2a: Ferrothorn|12\/100 brn|[silent]\n|-damage|p2a: Ferrothorn|5\/100 brn|[from] brn\n|upkeep\n|turn|6\n|\n|t:|1700143927\n|move|p1a: Toxapex|Scald|p2a: Ferrothorn\n|-resisted|p2a: Ferrothorn\n|-damage|p2a: Ferrothorn|0 fnt\n|faint|p2a: Ferrothorn\n|\n|-weather|RainDance|[upkeep]\n|upkeep\n|\n|t:|1700143935\n|switch|p2a: Grimmsnarl|Grimmsnarl, M|100\/100\n|turn|7\n|\n|t:|1700143939\n|move|p2a: Grimmsnarl|Light Screen|p2a: Grimmsnarl\n|-sidestart|p2: guzmfran|move: Light Screen\n|move|p1a: Toxapex|Toxic|p2a: Grimmsnarl\n|-status|p2a: Grimmsnarl|tox\n|\n|-weather|RainDance|[upkeep]\n|-damage|p1a: Toxapex|76\/100|[from] Leech Seed|[of] p2a: Grimmsnarl\n|-damage|p2a: Grimmsnarl|94\/100 tox|[from] psn\n|upkeep\n|turn|8\n|\n|t:|1700143954\n|move|p2a: Grimmsnarl|Reflect|p2a: Grimmsnarl\n|-sidestart|p2: guzmfran|Reflect\n|move|p1a: Toxapex|Scald|p2a: Grimmsnarl\n|-damage|p2a: Grimmsnarl|81\/100 tox\n|\n|-weather|none\n|-damage|p1a: Toxapex|64\/100|[from] Leech Seed|[of] p2a: Grimmsnarl\n|-heal|p2a: Grimmsnarl|91\/100 tox|[silent]\n|-damage|p2a: Grimmsnarl|79\/100 tox|[from] psn\n|upkeep\n|turn|9\n|\n|t:|1700143966\n|move|p2a: Grimmsnarl|Parting Shot|p1a: Toxapex\n|-unboost|p1a: Toxapex|atk|1\n|-unboost|p1a: Toxapex|spa|1\n|\n|t:|1700143969\n|switch|p2a: Articuno|Articuno|100\/100|[from] Parting Shot\n|-ability|p2a: Articuno|Pressure\n|move|p1a: Toxapex|Recover|p1a: Toxapex\n|-heal|p1a: Toxapex|100\/100\n|\n|-damage|p1a: Toxapex|88\/100|[from] Leech Seed|[of] p2a: Articuno\n|upkeep\n|turn|10\n|\n|t:|1700143984\n|switch|p2a: Grimmsnarl|Grimmsnarl, M|79\/100 tox\n|move|p1a: Toxapex|Haze|p1a: Toxapex\n|-clearallboost\n|\n|-damage|p1a: Toxapex|76\/100|[from] Leech Seed|[of] p2a: Grimmsnarl\n|-heal|p2a: Grimmsnarl|88\/100 tox|[silent]\n|-damage|p2a: Grimmsnarl|82\/100 tox|[from] psn\n|upkeep\n|turn|11\n|\n|t:|1700143995\n|move|p2a: Grimmsnarl|Parting Shot|p1a: Toxapex\n|-unboost|p1a: Toxapex|atk|1\n|-unboost|p1a: Toxapex|spa|1\n|\n|t:|1700143998\n|switch|p2a: Articuno|Articuno|100\/100|[from] Parting Shot\n|-ability|p2a: Articuno|Pressure\n|move|p1a: Toxapex|Scald|p2a: Articuno\n|-damage|p2a: Articuno|96\/100\n|\n|-damage|p1a: Toxapex|64\/100|[from] Leech Seed|[of] p2a: Articuno\n|-heal|p2a: Articuno|100\/100|[silent]\n|upkeep\n|turn|12\n|\n|t:|1700144010\n|switch|p1a: Kingdra|Kingdra, M|100\/100\n|-damage|p1a: Kingdra|88\/100|[from] Stealth Rock\n|move|p2a: Articuno|Freeze-Dry|p1a: Kingdra\n|-supereffective|p1a: Kingdra\n|-crit|p1a: Kingdra\n|-damage|p1a: Kingdra|0 fnt\n|faint|p1a: Kingdra\n|\n|upkeep\n|\n|t:|1700144021\n|switch|p1a: Ogerpon|Ogerpon-Wellspring, F|100\/100\n|-damage|p1a: Ogerpon|88\/100|[from] Stealth Rock\n|turn|13\n|\n|t:|1700144028\n|-terastallize|p1a: Ogerpon|Water\n|detailschange|p1a: Ogerpon|Ogerpon-Wellspring-Tera, F, tera:Water\n|-ability|p1a: Ogerpon|Embody Aspect (Wellspring)|boost\n|-boost|p1a: Ogerpon|spd|1\n|move|p2a: Articuno|Freeze-Dry|p1a: Ogerpon\n|-supereffective|p1a: Ogerpon\n|-damage|p1a: Ogerpon|40\/100\n|move|p1a: Ogerpon|Play Rough|p2a: Articuno\n|-damage|p2a: Articuno|81\/100\n|\n|upkeep\n|turn|14\n|\n|t:|1700144040\n|move|p2a: Articuno|Freeze-Dry|p1a: Ogerpon\n|-supereffective|p1a: Ogerpon\n|-damage|p1a: Ogerpon|0 fnt\n|faint|p1a: Ogerpon\n|\n|-sideend|p2: guzmfran|move: Light Screen\n|upkeep\n|\n|t:|1700144049\n|switch|p1a: Toxapex|Toxapex, M|97\/100\n|turn|15\n|\n|t:|1700144057\n|switch|p2a: Grimmsnarl|Grimmsnarl, M|82\/100 tox\n|move|p1a: Toxapex|Scald|p2a: Grimmsnarl\n|-damage|p2a: Grimmsnarl|63\/100 tox\n|\n|-damage|p2a: Grimmsnarl|57\/100 tox|[from] psn\n|-sideend|p2: guzmfran|Reflect\n|upkeep\n|turn|16\n|\n|t:|1700144076\n|move|p2a: Grimmsnarl|Reflect|p2a: Grimmsnarl\n|-sidestart|p2: guzmfran|Reflect\n|move|p1a: Toxapex|Scald|p2a: Grimmsnarl\n|-damage|p2a: Grimmsnarl|40\/100 tox\n|\n|-damage|p2a: Grimmsnarl|27\/100 tox|[from] psn\n|upkeep\n|turn|17\n|\n|t:|1700144084\n|move|p2a: Grimmsnarl|Foul Play|p1a: Toxapex\n|-damage|p1a: Toxapex|87\/100\n|move|p1a: Toxapex|Scald|p2a: Grimmsnarl\n|-damage|p2a: Grimmsnarl|9\/100 tox\n|\n|-damage|p2a: Grimmsnarl|0 fnt|[from] psn\n|faint|p2a: Grimmsnarl\n|upkeep\n|\n|t:|1700144096\n|switch|p2a: Articuno|Articuno|81\/100\n|-ability|p2a: Articuno|Pressure\n|turn|18\n|\n|t:|1700144105\n|move|p2a: Articuno|Freeze-Dry|p1a: Toxapex\n|-supereffective|p1a: Toxapex\n|-damage|p1a: Toxapex|37\/100\n|move|p1a: Toxapex|Toxic|p2a: Articuno\n|-status|p2a: Articuno|tox\n|\n|-damage|p2a: Articuno|75\/100 tox|[from] psn\n|upkeep\n|turn|19\n|\n|t:|1700144115\n|switch|p1a: Crawdaunt|Crawdaunt, M|100\/100\n|-damage|p1a: Crawdaunt|88\/100|[from] Stealth Rock\n|move|p2a: Articuno|Freeze-Dry|p1a: Crawdaunt\n|-supereffective|p1a: Crawdaunt\n|-damage|p1a: Crawdaunt|0 fnt\n|faint|p1a: Crawdaunt\n|\n|-damage|p2a: Articuno|63\/100 tox|[from] psn\n|upkeep\n|\n|t:|1700144127\n|switch|p1a: Toxapex|Toxapex, M|70\/100\n|turn|20\n|\n|t:|1700144132\n|switch|p2a: Bellibolt|Bellibolt, F|100\/100\n|move|p1a: Toxapex|Scald|p2a: Bellibolt\n|-damage|p2a: Bellibolt|84\/100\n|-start|p2a: Bellibolt|Charge|Scald|[from] ability: Electromorphosis\n|\n|-heal|p2a: Bellibolt|90\/100|[from] item: Leftovers\n|upkeep\n|turn|21\n|\n|t:|1700144145\n|move|p2a: Bellibolt|Acid Spray|p1a: Toxapex\n|-resisted|p1a: Toxapex\n|-damage|p1a: Toxapex|67\/100\n|-unboost|p1a: Toxapex|spd|2\n|move|p1a: Toxapex|Scald|p2a: Bellibolt\n|-damage|p2a: Bellibolt|75\/100\n|-start|p2a: Bellibolt|Charge|Scald|[from] ability: Electromorphosis\n|\n|-heal|p2a: Bellibolt|81\/100|[from] item: Leftovers\n|upkeep\n|turn|22\n|\n|t:|1700144158\n|move|p2a: Bellibolt|Parabolic Charge|p1a: Toxapex\n|-supereffective|p1a: Toxapex\n|-damage|p1a: Toxapex|0 fnt\n|-heal|p2a: Bellibolt|100\/100|[from] drain|[of] p1a: Toxapex\n|faint|p1a: Toxapex\n|-end|p2a: Bellibolt|Charge|[silent]\n|\n|win|guzmfran\n|c|\u2606NekroTheFox|Gg\n","uploadtime":1700144168,"views":5,"p1id":"nekrothefox","p2id":"guzmfran","formatid":"gen9nationaldex","rating":0,"private":0,"password":""}