{"id":"gen9nationaldex-1988485924","p1":"Spring_Trapx","p2":"female charizard","format":"[Gen 9] National Dex","log":"|j|\u2606Spring_Trapx\n|j|\u2606female charizard\n|t:|1699728065\n|gametype|singles\n|player|p1|Spring_Trapx|iono|1231\n|player|p2|female charizard|170|1189\n|teamsize|p1|6\n|teamsize|p2|6\n|gen|9\n|tier|[Gen 9] National Dex\n|rated|\n|rule|HP Percentage Mod: HP is shown in percentages\n|rule|Endless Battle Clause: Forcing endless battles is banned\n|rule|OHKO Clause: OHKO moves are banned\n|rule|Evasion Clause: Evasion abilities, items, and moves are banned\n|rule|Evasion Abilities Clause: Evasion abilities are banned\n|rule|Evasion Items Clause: Evasion items are banned\n|rule|Evasion Moves Clause: Evasion moves are banned\n|rule|Species Clause: Limit one of each Pok\u00e9mon\n|rule|Sleep Clause Mod: Limit one foe put to sleep\n|clearpoke\n|poke|p1|Ting-Lu|\n|poke|p1|Muk-Alola, M|\n|poke|p1|Moltres-Galar|\n|poke|p1|Tyranitar, M|\n|poke|p1|Grimmsnarl, M|\n|poke|p1|Morpeko, M|\n|poke|p2|Zangoose, M|\n|poke|p2|Charizard, F|\n|poke|p2|Alakazam, F|\n|poke|p2|Slowbro-Galar, M|\n|poke|p2|Vigoroth, F|\n|poke|p2|Dudunsparce-*, F|\n|teampreview\n|\n|t:|1699728080\n|start\n|switch|p1a: Grimmsnarl|Grimmsnarl, M|100\/100\n|switch|p2a: dwagon|Charizard, F|100\/100\n|turn|1\n|j| Lonsol\n|\n|t:|1699728085\n|detailschange|p2a: dwagon|Charizard-Mega-Y, F\n|-mega|p2a: dwagon|Charizard|Charizardite Y\n|-weather|SunnyDay|[from] ability: Drought|[of] p2a: dwagon\n|move|p1a: Grimmsnarl|Light Screen|p1a: Grimmsnarl\n|-sidestart|p1: Spring_Trapx|move: Light Screen\n|move|p2a: dwagon|Fire Blast|p1a: Grimmsnarl\n|-damage|p1a: Grimmsnarl|36\/100\n|\n|-weather|SunnyDay|[upkeep]\n|upkeep\n|turn|2\n|j| imbleach\n|\n|t:|1699728093\n|move|p1a: Grimmsnarl|Parting Shot|p2a: dwagon\n|-unboost|p2a: dwagon|atk|1\n|-unboost|p2a: dwagon|spa|1\n|\n|t:|1699728096\n|switch|p1a: Tyranitar|Tyranitar, M|100\/100|[from] Parting Shot\n|-weather|Sandstorm|[from] ability: Sand Stream|[of] p1a: Tyranitar\n|move|p2a: dwagon|Fire Blast|p1a: Tyranitar\n|-resisted|p1a: Tyranitar\n|-damage|p1a: Tyranitar|96\/100\n|\n|-weather|Sandstorm|[upkeep]\n|-damage|p2a: dwagon|94\/100|[from] Sandstorm\n|upkeep\n|turn|3\n|j| magikarpfisherman\n|\n|t:|1699728106\n|switch|p2a: Le pringle man|Alakazam, F|100\/100\n|move|p1a: Tyranitar|Thunder Wave|p2a: Le pringle man\n|-status|p2a: Le pringle man|par\n|\n|-weather|Sandstorm|[upkeep]\n|upkeep\n|turn|4\n|\n|t:|1699728111\n|move|p2a: Le pringle man|Focus Blast|p1a: Tyranitar\n|-supereffective|p1a: Tyranitar\n|-enditem|p1a: Tyranitar|Chople Berry|[eat]\n|-enditem|p1a: Tyranitar|Chople Berry|[weaken]\n|-damage|p1a: Tyranitar|77\/100\n|move|p1a: Tyranitar|Knock Off|p2a: Le pringle man\n|-supereffective|p2a: Le pringle man\n|-damage|p2a: Le pringle man|0 fnt\n|faint|p2a: Le pringle man\n|\n|-weather|Sandstorm|[upkeep]\n|upkeep\n|\n|t:|1699728128\n|switch|p2a: Maori warrior|Vigoroth, F|100\/100\n|turn|5\n|\n|t:|1699728131\n|move|p1a: Tyranitar|Knock Off|p2a: Maori warrior\n|-damage|p2a: Maori warrior|70\/100\n|-enditem|p2a: Maori warrior|Eviolite|[from] move: Knock Off|[of] p1a: Tyranitar\n|move|p2a: Maori warrior|Counter|p1a: Tyranitar\n|-damage|p1a: Tyranitar|22\/100\n|\n|-weather|Sandstorm|[upkeep]\n|-damage|p2a: Maori warrior|64\/100|[from] Sandstorm\n|upkeep\n|turn|6\n|\n|t:|1699728138\n|move|p2a: Maori warrior|Body Slam|p1a: Tyranitar\n|-resisted|p1a: Tyranitar\n|-damage|p1a: Tyranitar|9\/100\n|move|p1a: Tyranitar|Thunder Wave|p2a: Maori warrior\n|-status|p2a: Maori warrior|par\n|\n|-weather|none\n|upkeep\n|turn|7\n|\n|t:|1699728143\n|move|p1a: Tyranitar|Rest|p1a: Tyranitar\n|-status|p1a: Tyranitar|slp|[from] move: Rest\n|-heal|p1a: Tyranitar|100\/100 slp|[silent]\n|move|p2a: Maori warrior|Body Slam|p1a: Tyranitar\n|-resisted|p1a: Tyranitar\n|-damage|p1a: Tyranitar|88\/100 slp\n|\n|upkeep\n|turn|8\n|\n|t:|1699728153\n|switch|p2a: I don't get it.|Zangoose, M|100\/100\n|cant|p1a: Tyranitar|slp\n|\n|-sideend|p1: Spring_Trapx|move: Light Screen\n|-status|p2a: I don't get it.|tox|[from] item: Toxic Orb\n|upkeep\n|turn|9\n|\n|t:|1699728157\n|move|p2a: I don't get it.|Close Combat|p1a: Tyranitar\n|-supereffective|p1a: Tyranitar\n|-damage|p1a: Tyranitar|0 fnt\n|-unboost|p2a: I don't get it.|def|1\n|-unboost|p2a: I don't get it.|spd|1\n|faint|p1a: Tyranitar\n|\n|-damage|p2a: I don't get it.|95\/100 tox|[from] psn\n|upkeep\n|\n|t:|1699728161\n|switch|p1a: Grimmsnarl|Grimmsnarl, M|36\/100\n|turn|10\n|j| Zangoosefriend96\n|\n|t:|1699728168\n|move|p1a: Grimmsnarl|Reflect|p1a: Grimmsnarl\n|-sidestart|p1: Spring_Trapx|Reflect\n|move|p2a: I don't get it.|Facade|p1a: Grimmsnarl\n|-damage|p1a: Grimmsnarl|0 fnt\n|faint|p1a: Grimmsnarl\n|\n|-damage|p2a: I don't get it.|83\/100 tox|[from] psn\n|upkeep\n|\n|t:|1699728175\n|switch|p1a: Moltres|Moltres-Galar|100\/100\n|turn|11\n|\n|t:|1699728181\n|move|p2a: I don't get it.|Facade|p1a: Moltres\n|-damage|p1a: Moltres|42\/100\n|-ability|p1a: Moltres|Berserk|boost\n|-boost|p1a: Moltres|spa|1\n|move|p1a: Moltres|Fiery Wrath|p2a: I don't get it.\n|-damage|p2a: I don't get it.|0 fnt\n|faint|p2a: I don't get it.\n|\n|upkeep\n|\n|t:|1699728206\n|switch|p2a: dwagon|Charizard-Mega-Y, F|94\/100\n|-weather|SunnyDay|[from] ability: Drought|[of] p2a: dwagon\n|turn|12\n|\n|t:|1699728223\n|move|p2a: dwagon|Fire Blast|p1a: Moltres\n|-damage|p1a: Moltres|0 fnt\n|faint|p1a: Moltres\n|\n|-weather|SunnyDay|[upkeep]\n|upkeep\n|\n|t:|1699728225\n|switch|p1a: Muk|Muk-Alola, M|100\/100\n|turn|13\n|\n|t:|1699728241\n|move|p2a: dwagon|Scorching Sands|p1a: Muk\n|-supereffective|p1a: Muk\n|-damage|p1a: Muk|46\/100\n|move|p1a: Muk|Rock Slide|p2a: dwagon\n|-supereffective|p2a: dwagon\n|-damage|p2a: dwagon|0 fnt\n|faint|p2a: dwagon\n|\n|-weather|SunnyDay|[upkeep]\n|-heal|p1a: Muk|52\/100|[from] item: Leftovers\n|upkeep\n|c| magikarpfisherman|thicc\n|c|\u2606Spring_Trapx|hes a thick lad fr\n|\n|t:|1699728259\n|switch|p2a: it's high noon|Slowbro-Galar, M|100\/100\n|turn|14\n|\n|t:|1699728263\n|-terastallize|p2a: it's high noon|Poison\n|move|p1a: Muk|Knock Off|p2a: it's high noon\n|-damage|p2a: it's high noon|57\/100\n|-enditem|p2a: it's high noon|Sitrus Berry|[from] move: Knock Off|[of] p1a: Muk\n|move|p2a: it's high noon|Belly Drum|p2a: it's high noon\n|-damage|p2a: it's high noon|7\/100\n|-setboost|p2a: it's high noon|atk|6|[from] move: Belly Drum\n|\n|-weather|SunnyDay|[upkeep]\n|-heal|p1a: Muk|58\/100|[from] item: Leftovers\n|upkeep\n|turn|15\n|\n|t:|1699728271\n|move|p1a: Muk|Clear Smog|p2a: it's high noon\n|-resisted|p2a: it's high noon\n|-damage|p2a: it's high noon|0 fnt\n|-clearboost|p2a: it's high noon\n|faint|p2a: it's high noon\n|\n|-weather|SunnyDay|[upkeep]\n|-heal|p1a: Muk|64\/100|[from] item: Leftovers\n|upkeep\n|\n|t:|1699728279\n|switch|p2a: trump forever|Dudunsparce, F|100\/100\n|turn|16\n|\n|t:|1699728282\n|move|p2a: trump forever|Glare|p1a: Muk\n|-status|p1a: Muk|par\n|move|p1a: Muk|Knock Off|p2a: trump forever\n|-damage|p2a: trump forever|68\/100\n|-status|p2a: trump forever|psn|[from] ability: Poison Touch|[of] p1a: Muk\n|-enditem|p2a: trump forever|Leftovers|[from] move: Knock Off|[of] p1a: Muk\n|\n|-weather|none\n|-heal|p1a: Muk|70\/100 par|[from] item: Leftovers\n|-damage|p2a: trump forever|56\/100 psn|[from] psn\n|upkeep\n|turn|17\n|\n|t:|1699728289\n|move|p2a: trump forever|Boomburst|p1a: Muk\n|-damage|p1a: Muk|35\/100 par\n|move|p1a: Muk|Gunk Shot|p2a: trump forever\n|-damage|p2a: trump forever|21\/100 psn\n|\n|-heal|p1a: Muk|41\/100 par|[from] item: Leftovers\n|-damage|p2a: trump forever|9\/100 psn|[from] psn\n|-sideend|p1: Spring_Trapx|Reflect\n|upkeep\n|turn|18\n|\n|t:|1699728295\n|move|p2a: trump forever|Boomburst|p1a: Muk\n|-damage|p1a: Muk|5\/100 par\n|move|p1a: Muk|Knock Off|p2a: trump forever\n|-damage|p2a: trump forever|0 fnt\n|faint|p2a: trump forever\n|\n|-heal|p1a: Muk|11\/100 par|[from] item: Leftovers\n|upkeep\n|\n|t:|1699728297\n|switch|p2a: Maori warrior|Vigoroth, F|64\/100 par\n|turn|19\n|\n|t:|1699728301\n|move|p2a: Maori warrior|Body Slam|p1a: Muk\n|-damage|p1a: Muk|0 fnt\n|faint|p1a: Muk\n|\n|upkeep\n|\n|t:|1699728303\n|switch|p1a: Morpeko|Morpeko, M|100\/100\n|turn|20\n|c| magikarpfisherman|para never\n|\n|t:|1699728308\n|move|p1a: Morpeko|Aura Wheel|p2a: Maori warrior\n|-damage|p2a: Maori warrior|25\/100 par\n|-boost|p1a: Morpeko|spe|1\n|move|p2a: Maori warrior|Counter|p1a: Morpeko\n|-damage|p1a: Morpeko|12\/100\n|\n|-heal|p1a: Morpeko|18\/100|[from] item: Leftovers\n|-formechange|p1a: Morpeko|Morpeko-Hangry||[from] ability: Hunger Switch\n|upkeep\n|turn|21\n|\n|t:|1699728316\n|move|p1a: Morpeko|Aura Wheel|p2a: Maori warrior\n|-damage|p2a: Maori warrior|0 fnt\n|-boost|p1a: Morpeko|spe|1\n|faint|p2a: Maori warrior\n|\n|win|Spring_Trapx\n|raw|Spring_Trapx's rating: 1231 &rarr; <strong>1253<\/strong><br \/>(+22 for winning)\n|raw|female charizard's rating: 1189 &rarr; <strong>1167<\/strong><br \/>(-22 for losing)\n|c|\u2606female charizard|bg\n|c|\u2606Spring_Trapx|muk is built diff\n|l| magikarpfisherman\n|l| Zangoosefriend96\n|c|\u2606Spring_Trapx|well ggs and cya everyone who joined lol\n|l| imbleach\n","uploadtime":1699728334,"views":5,"p1id":"springtrapx","p2id":"femalecharizard","formatid":"gen9nationaldex","rating":1167,"private":0,"password":""}