{"id":"gen9nationaldex-1998080445","p1":"DreamFreedom","p2":"BiscuitBoi101","format":"[Gen 9] National Dex","log":"|html|<div class=\"broadcast-blue\"><strong>[Gen 9] National Dex is currently suspecting Sneasler! For information on how to participate check out the <a href=\"https:\/\/www.smogon.com\/forums\/threads\/sv-national-dex-suspect-8-just-dance.3731534\/\">suspect thread<\/a>.<\/strong><\/div>\n|j|\u2606DreamFreedom\n|j|\u2606BiscuitBoi101\n|t:|1700888112\n|gametype|singles\n|player|p1|DreamFreedom|bianca|1592\n|player|p2|BiscuitBoi101|steven|1624\n|teamsize|p1|6\n|teamsize|p2|6\n|gen|9\n|tier|[Gen 9] National Dex\n|rated|\n|rule|HP Percentage Mod: HP is shown in percentages\n|rule|Endless Battle Clause: Forcing endless battles is banned\n|rule|OHKO Clause: OHKO moves are banned\n|rule|Evasion Clause: Evasion abilities, items, and moves are banned\n|rule|Evasion Abilities Clause: Evasion abilities are banned\n|rule|Evasion Items Clause: Evasion items are banned\n|rule|Evasion Moves Clause: Evasion moves are banned\n|rule|Species Clause: Limit one of each Pok\u00e9mon\n|rule|Sleep Clause Mod: Limit one foe put to sleep\n|clearpoke\n|poke|p1|Kyurem|\n|poke|p1|Moltres|\n|poke|p1|Garchomp, M|\n|poke|p1|Tapu Lele|\n|poke|p1|Sneasler, F|\n|poke|p1|Ogerpon-Wellspring, F|\n|poke|p2|Charizard, M|\n|poke|p2|Rillaboom, F|\n|poke|p2|Great Tusk|\n|poke|p2|Sneasler, F|\n|poke|p2|Heatran, M|\n|poke|p2|Blissey, F|\n|teampreview\n|\n|t:|1700888135\n|start\n|switch|p1a: Tapu Lele|Tapu Lele|100\/100\n|switch|p2a: Rillaboom|Rillaboom, F|100\/100\n|-fieldstart|move: Psychic Terrain|[from] ability: Psychic Surge|[of] p1a: Tapu Lele\n|-fieldstart|move: Grassy Terrain|[from] ability: Grassy Surge|[of] p2a: Rillaboom\n|turn|1\n|\n|t:|1700888143\n|switch|p1a: Moltres|Moltres|100\/100\n|switch|p2a: Blissey|Blissey, F, shiny|100\/100\n|\n|upkeep\n|turn|2\n|\n|t:|1700888149\n|move|p1a: Moltres|U-turn|p2a: Blissey\n|-damage|p2a: Blissey|87\/100\n|\n|t:|1700888151\n|switch|p1a: Garchomp|Garchomp, M|100\/100|[from] U-turn\n|move|p2a: Blissey|Stealth Rock|p1a: Garchomp\n|-sidestart|p1: DreamFreedom|move: Stealth Rock\n|\n|-heal|p2a: Blissey|93\/100|[from] Grassy Terrain\n|upkeep\n|turn|3\n|\n|t:|1700888158\n|move|p1a: Garchomp|Stealth Rock|p2a: Blissey\n|-sidestart|p2: BiscuitBoi101|move: Stealth Rock\n|move|p2a: Blissey|Teleport|p2a: Blissey\n|\n|t:|1700888163\n|switch|p2a: Great Tusk|Great Tusk|100\/100|[from] Teleport\n|-damage|p2a: Great Tusk|98\/100|[from] Stealth Rock\n|\n|-heal|p2a: Great Tusk|100\/100|[from] Grassy Terrain\n|upkeep\n|turn|4\n|\n|t:|1700888170\n|move|p1a: Garchomp|Toxic|p2a: Great Tusk\n|-status|p2a: Great Tusk|tox\n|move|p2a: Great Tusk|Bulk Up|p2a: Great Tusk\n|-boost|p2a: Great Tusk|atk|1\n|-boost|p2a: Great Tusk|def|1\n|\n|-damage|p2a: Great Tusk|94\/100 tox|[from] psn\n|upkeep\n|turn|5\n|j| dumpiergoose\n|\n|t:|1700888177\n|move|p2a: Great Tusk|Rapid Spin|p1a: Garchomp\n|-damage|p1a: Garchomp|88\/100\n|-boost|p2a: Great Tusk|spe|1\n|-damage|p2a: Great Tusk|82\/100 tox|[from] ability: Rough Skin|[of] p1a: Garchomp\n|-damage|p2a: Great Tusk|65\/100 tox|[from] item: Rocky Helmet|[of] p1a: Garchomp\n|-sideend|p2: BiscuitBoi101|Stealth Rock|[from] move: Rapid Spin|[of] p2a: Great Tusk\n|move|p1a: Garchomp|Dragon Tail|p2a: Great Tusk\n|-damage|p2a: Great Tusk|57\/100 tox\n|-end|p2a: Great Tusk|Protosynthesis|[silent]\n|drag|p2a: Heatran|Heatran, M|100\/100\n|\n|-heal|p1a: Garchomp|94\/100|[from] Grassy Terrain\n|-fieldend|move: Grassy Terrain\n|upkeep\n|turn|6\n|inactive|Battle timer is ON: inactive players will automatically lose when time's up. (requested by DreamFreedom)\n|\n|t:|1700888196\n|switch|p2a: Charizard|Charizard, M, shiny|100\/100\n|move|p1a: Garchomp|Stealth Rock|p2a: Charizard\n|-sidestart|p2: BiscuitBoi101|move: Stealth Rock\n|\n|upkeep\n|turn|7\n|\n|t:|1700888207\n|detailschange|p2a: Charizard|Charizard-Mega-Y, M, shiny\n|-mega|p2a: Charizard|Charizard|Charizardite Y\n|-weather|SunnyDay|[from] ability: Drought|[of] p2a: Charizard\n|move|p2a: Charizard|Weather Ball|p1a: Garchomp\n|-resisted|p1a: Garchomp\n|-damage|p1a: Garchomp|49\/100\n|move|p1a: Garchomp|Dragon Tail|p2a: Charizard\n|-crit|p2a: Charizard\n|-damage|p2a: Charizard|44\/100\n|drag|p2a: Heatran|Heatran, M|100\/100\n|-damage|p2a: Heatran|88\/100|[from] Stealth Rock\n|\n|-weather|SunnyDay|[upkeep]\n|upkeep\n|turn|8\n|\n|t:|1700888219\n|move|p2a: Heatran|Eruption|p1a: Garchomp\n|-resisted|p1a: Garchomp\n|-damage|p1a: Garchomp|5\/100\n|move|p1a: Garchomp|Earthquake|p2a: Heatran\n|-supereffective|p2a: Heatran\n|-damage|p2a: Heatran|0 fnt\n|faint|p2a: Heatran\n|\n|-weather|SunnyDay|[upkeep]\n|upkeep\n|-message|BiscuitBoi101 forfeited.\n|\n|win|DreamFreedom\n|raw|DreamFreedom's rating: 1592 &rarr; <strong>1614<\/strong><br \/>(+22 for winning)\n|raw|BiscuitBoi101's rating: 1624 &rarr; <strong>1602<\/strong><br \/>(-22 for losing)\n|l|\u2606BiscuitBoi101\n","uploadtime":1700888230,"views":5,"p1id":"dreamfreedom","p2id":"biscuitboi101","formatid":"gen9nationaldex","rating":1602,"private":0,"password":""}