{"id":"gen9nationaldex-1989407528","p1":"Jam20Jam","p2":"Solaris2003","format":"[Gen 9] National Dex","log":"|j|\u2606Jam20Jam\n|j|\u2606Solaris2003\n|t:|1699846315\n|gametype|singles\n|player|p1|Jam20Jam|carmine|\n|player|p2|Solaris2003|1|\n|teamsize|p1|6\n|teamsize|p2|6\n|gen|9\n|tier|[Gen 9] National Dex\n|rule|HP Percentage Mod: HP is shown in percentages\n|rule|Endless Battle Clause: Forcing endless battles is banned\n|rule|OHKO Clause: OHKO moves are banned\n|rule|Evasion Clause: Evasion abilities, items, and moves are banned\n|rule|Evasion Abilities Clause: Evasion abilities are banned\n|rule|Evasion Items Clause: Evasion items are banned\n|rule|Evasion Moves Clause: Evasion moves are banned\n|rule|Species Clause: Limit one of each Pok\u00e9mon\n|rule|Sleep Clause Mod: Limit one foe put to sleep\n|clearpoke\n|poke|p1|Amoonguss, M|\n|poke|p1|Skeledirge, F|\n|poke|p1|Grimer-Alola, M|\n|poke|p1|Coalossal, F|\n|poke|p1|Veluza, M|\n|poke|p1|Cetitan, F|\n|poke|p2|Cinderace, F|\n|poke|p2|Lycanroc-Dusk, M|\n|poke|p2|Noivern, F|\n|poke|p2|Copperajah, M|\n|poke|p2|Leafeon, M|\n|poke|p2|Flaaffy, M|\n|teampreview\n|\n|t:|1699846362\n|start\n|switch|p1a: Amoonguss|Amoonguss, M|100\/100\n|switch|p2a: Flaaffy|Flaaffy, M|100\/100\n|turn|1\n|\n|t:|1699846374\n|move|p2a: Flaaffy|Sunny Day|p2a: Flaaffy\n|-weather|SunnyDay\n|move|p1a: Amoonguss|Toxic|p2a: Flaaffy\n|-status|p2a: Flaaffy|tox\n|\n|-weather|SunnyDay|[upkeep]\n|-damage|p2a: Flaaffy|94\/100 tox|[from] psn\n|upkeep\n|turn|2\n|j| lunchbox5536\n|\n|t:|1699846381\n|move|p2a: Flaaffy|Light Screen|p2a: Flaaffy\n|-sidestart|p2: Solaris2003|move: Light Screen\n|move|p1a: Amoonguss|Sludge Bomb|p2a: Flaaffy\n|-damage|p2a: Flaaffy|81\/100 tox\n|\n|-weather|SunnyDay|[upkeep]\n|-damage|p2a: Flaaffy|69\/100 tox|[from] psn\n|upkeep\n|turn|3\n|\n|t:|1699846389\n|switch|p1a: Cetitan|Cetitan, F|100\/100\n|move|p2a: Flaaffy|Reflect|p2a: Flaaffy\n|-sidestart|p2: Solaris2003|Reflect\n|\n|-weather|SunnyDay|[upkeep]\n|-damage|p2a: Flaaffy|51\/100 tox|[from] psn\n|upkeep\n|turn|4\n|\n|t:|1699846396\n|move|p1a: Cetitan|Belly Drum|p1a: Cetitan\n|-damage|p1a: Cetitan|50\/100\n|-setboost|p1a: Cetitan|atk|6|[from] move: Belly Drum\n|-enditem|p1a: Cetitan|Sitrus Berry|[eat]\n|-heal|p1a: Cetitan|75\/100|[from] item: Sitrus Berry\n|move|p2a: Flaaffy|Volt Switch|p1a: Cetitan\n|-damage|p1a: Cetitan|53\/100\n|\n|t:|1699846410\n|switch|p2a: Glockeon Jr|Leafeon, M|100\/100|[from] Volt Switch\n|\n|-weather|SunnyDay|[upkeep]\n|upkeep\n|turn|5\n|\n|t:|1699846428\n|move|p1a: Cetitan|Protect|p1a: Cetitan\n|-singleturn|p1a: Cetitan|Protect\n|move|p2a: Glockeon Jr|Solar Blade||[still]\n|-prepare|p2a: Glockeon Jr|Solar Blade\n|-anim|p2a: Glockeon Jr|Solar Blade|p1a: Cetitan\n|-activate|p1a: Cetitan|move: Protect\n|\n|-weather|SunnyDay|[upkeep]\n|upkeep\n|turn|6\n|\n|t:|1699846439\n|move|p1a: Cetitan|Ice Shard|p2a: Glockeon Jr\n|-supereffective|p2a: Glockeon Jr\n|-damage|p2a: Glockeon Jr|24\/100\n|move|p2a: Glockeon Jr|Solar Blade||[still]\n|-prepare|p2a: Glockeon Jr|Solar Blade\n|-anim|p2a: Glockeon Jr|Solar Blade|p1a: Cetitan\n|-damage|p1a: Cetitan|0 fnt\n|faint|p1a: Cetitan\n|-damage|p2a: Glockeon Jr|14\/100|[from] item: Life Orb\n|\n|-weather|SunnyDay|[upkeep]\n|-sideend|p2: Solaris2003|move: Light Screen\n|upkeep\n|\n|t:|1699846453\n|switch|p1a: Amoonguss|Amoonguss, M|100\/100\n|turn|7\n|\n|t:|1699846472\n|switch|p2a: Flaaffy|Flaaffy, M|51\/100 tox\n|move|p1a: Amoonguss|Sludge Bomb|p2a: Flaaffy\n|-damage|p2a: Flaaffy|21\/100 tox\n|\n|-weather|SunnyDay|[upkeep]\n|-damage|p2a: Flaaffy|15\/100 tox|[from] psn\n|-sideend|p2: Solaris2003|Reflect\n|upkeep\n|turn|8\n|\n|t:|1699846488\n|move|p2a: Flaaffy|Light Screen|p2a: Flaaffy\n|-sidestart|p2: Solaris2003|move: Light Screen\n|move|p1a: Amoonguss|Sludge Bomb|p2a: Flaaffy\n|-damage|p2a: Flaaffy|2\/100 tox\n|\n|-weather|none\n|-damage|p2a: Flaaffy|0 fnt|[from] psn\n|faint|p2a: Flaaffy\n|upkeep\n|\n|t:|1699846495\n|switch|p2a: Noivern|Noivern, F|100\/100\n|turn|9\n|\n|t:|1699846506\n|switch|p1a: Coalossal|Coalossal, F|100\/100\n|move|p2a: Noivern|Air Slash|p1a: Coalossal\n|-resisted|p1a: Coalossal\n|-damage|p1a: Coalossal|83\/100\n|-damage|p2a: Noivern|91\/100|[from] item: Life Orb\n|\n|upkeep\n|turn|10\n|\n|t:|1699846527\n|move|p2a: Noivern|Sunny Day|p2a: Noivern\n|-weather|SunnyDay\n|move|p1a: Coalossal|Power Gem|p2a: Noivern\n|-supereffective|p2a: Noivern\n|-damage|p2a: Noivern|42\/100\n|-damage|p1a: Coalossal|73\/100|[from] item: Life Orb\n|\n|-weather|SunnyDay|[upkeep]\n|upkeep\n|turn|11\n|\n|t:|1699846537\n|switch|p1a: Amoonguss|Amoonguss, M|100\/100\n|move|p2a: Noivern|Air Slash|p1a: Amoonguss\n|-supereffective|p1a: Amoonguss\n|-damage|p1a: Amoonguss|41\/100\n|-damage|p2a: Noivern|32\/100|[from] item: Life Orb\n|\n|-weather|SunnyDay|[upkeep]\n|-heal|p1a: Amoonguss|47\/100|[from] item: Black Sludge\n|upkeep\n|turn|12\n|\n|t:|1699846572\n|switch|p2a: Copperajah|Copperajah, M|100\/100\n|move|p1a: Amoonguss|Toxic|p2a: Copperajah\n|-immune|p2a: Copperajah\n|\n|-weather|SunnyDay|[upkeep]\n|-heal|p1a: Amoonguss|53\/100|[from] item: Black Sludge\n|-sideend|p2: Solaris2003|move: Light Screen\n|upkeep\n|turn|13\n|\n|t:|1699846592\n|switch|p1a: Grimer|Grimer-Alola, M|100\/100\n|move|p2a: Copperajah|Stealth Rock|p1a: Grimer\n|-sidestart|p1: Jam20Jam|move: Stealth Rock\n|\n|-weather|SunnyDay|[upkeep]\n|upkeep\n|turn|14\n|\n|t:|1699846602\n|move|p2a: Copperajah|Stone Edge|p1a: Grimer|[miss]\n|-miss|p2a: Copperajah|p1a: Grimer\n|move|p1a: Grimer|Knock Off|p2a: Copperajah\n|-damage|p2a: Copperajah|56\/100\n|-enditem|p2a: Copperajah|Leftovers|[from] move: Knock Off|[of] p1a: Grimer\n|\n|-weather|none\n|upkeep\n|turn|15\n|\n|t:|1699846618\n|move|p2a: Copperajah|Heat Crash|p1a: Grimer\n|-damage|p1a: Grimer|53\/100\n|move|p1a: Grimer|Knock Off|p2a: Copperajah\n|-damage|p2a: Copperajah|29\/100\n|\n|upkeep\n|turn|16\n|\n|t:|1699846627\n|move|p2a: Copperajah|Stone Edge|p1a: Grimer\n|-crit|p1a: Grimer\n|-damage|p1a: Grimer|0 fnt\n|faint|p1a: Grimer\n|\n|upkeep\n|\n|t:|1699846634\n|switch|p1a: Skeledirge|Skeledirge, F|100\/100\n|-damage|p1a: Skeledirge|75\/100|[from] Stealth Rock\n|turn|17\n|\n|t:|1699846662\n|move|p1a: Skeledirge|Torch Song|p2a: Copperajah\n|-supereffective|p2a: Copperajah\n|-damage|p2a: Copperajah|0 fnt\n|-boost|p1a: Skeledirge|spa|1\n|faint|p2a: Copperajah\n|\n|-heal|p1a: Skeledirge|82\/100|[from] item: Leftovers\n|upkeep\n|\n|t:|1699846670\n|switch|p2a: Cinderace|Cinderace, F|100\/100\n|turn|18\n|\n|t:|1699846686\n|-terastallize|p1a: Skeledirge|Fire\n|move|p2a: Cinderace|Sucker Punch|p1a: Skeledirge\n|-start|p2a: Cinderace|typechange|Dark|[from] ability: Libero\n|-damage|p1a: Skeledirge|54\/100\n|move|p1a: Skeledirge|Torch Song|p2a: Cinderace\n|-damage|p2a: Cinderace|20\/100\n|-boost|p1a: Skeledirge|spa|1\n|\n|-heal|p1a: Skeledirge|60\/100|[from] item: Leftovers\n|upkeep\n|turn|19\n|\n|t:|1699846708\n|move|p2a: Cinderace|Gunk Shot|p1a: Skeledirge\n|-damage|p1a: Skeledirge|25\/100\n|move|p1a: Skeledirge|Slack Off|p1a: Skeledirge\n|-heal|p1a: Skeledirge|75\/100\n|\n|-heal|p1a: Skeledirge|81\/100|[from] item: Leftovers\n|upkeep\n|turn|20\n|\n|t:|1699846744\n|move|p2a: Cinderace|Gunk Shot|p1a: Skeledirge\n|-damage|p1a: Skeledirge|49\/100\n|move|p1a: Skeledirge|Torch Song|p2a: Cinderace\n|-damage|p2a: Cinderace|0 fnt\n|-boost|p1a: Skeledirge|spa|1\n|faint|p2a: Cinderace\n|\n|-heal|p1a: Skeledirge|55\/100|[from] item: Leftovers\n|upkeep\n|\n|t:|1699846755\n|switch|p2a: Lycanroc|Lycanroc-Dusk, M|100\/100\n|turn|21\n|\n|t:|1699846765\n|move|p2a: Lycanroc|Accelerock|p1a: Skeledirge\n|-supereffective|p1a: Skeledirge\n|-damage|p1a: Skeledirge|0 fnt\n|faint|p1a: Skeledirge\n|\n|upkeep\n|\n|t:|1699846770\n|switch|p1a: Amoonguss|Amoonguss, M|86\/100\n|-damage|p1a: Amoonguss|74\/100|[from] Stealth Rock\n|turn|22\n|\n|t:|1699846782\n|move|p2a: Lycanroc|Accelerock|p1a: Amoonguss\n|-damage|p1a: Amoonguss|34\/100\n|move|p1a: Amoonguss|Giga Drain|p2a: Lycanroc\n|-supereffective|p2a: Lycanroc\n|-damage|p2a: Lycanroc|28\/100\n|-heal|p1a: Amoonguss|58\/100|[from] drain|[of] p2a: Lycanroc\n|\n|-heal|p1a: Amoonguss|64\/100|[from] item: Black Sludge\n|upkeep\n|turn|23\n|\n|t:|1699846796\n|move|p2a: Lycanroc|Accelerock|p1a: Amoonguss\n|-damage|p1a: Amoonguss|22\/100\n|move|p1a: Amoonguss|Giga Drain|p2a: Lycanroc\n|-supereffective|p2a: Lycanroc\n|-damage|p2a: Lycanroc|0 fnt\n|-heal|p1a: Amoonguss|32\/100|[from] drain|[of] p2a: Lycanroc\n|faint|p2a: Lycanroc\n|\n|-heal|p1a: Amoonguss|38\/100|[from] item: Black Sludge\n|upkeep\n|\n|t:|1699846804\n|switch|p2a: Noivern|Noivern, F|32\/100\n|turn|24\n|\n|t:|1699846808\n|switch|p1a: Coalossal|Coalossal, F|73\/100\n|-damage|p1a: Coalossal|48\/100|[from] Stealth Rock\n|move|p2a: Noivern|Air Slash|p1a: Coalossal\n|-resisted|p1a: Coalossal\n|-damage|p1a: Coalossal|28\/100\n|-damage|p2a: Noivern|22\/100|[from] item: Life Orb\n|\n|upkeep\n|turn|25\n|\n|t:|1699846819\n|move|p2a: Noivern|Draco Meteor|p1a: Coalossal\n|-damage|p1a: Coalossal|0 fnt\n|-unboost|p2a: Noivern|spa|2\n|faint|p1a: Coalossal\n|-damage|p2a: Noivern|12\/100|[from] item: Life Orb\n|\n|upkeep\n|\n|t:|1699846839\n|switch|p1a: Veluza|Veluza, M|100\/100\n|-damage|p1a: Veluza|88\/100|[from] Stealth Rock\n|turn|26\n|\n|t:|1699846845\n|move|p1a: Veluza|Psycho Cut|p2a: Noivern\n|-damage|p2a: Noivern|0 fnt\n|faint|p2a: Noivern\n|\n|upkeep\n|\n|t:|1699846849\n|switch|p2a: Glockeon Jr|Leafeon, M|14\/100\n|turn|27\n|\n|t:|1699846863\n|move|p1a: Veluza|Psycho Cut|p2a: Glockeon Jr\n|-damage|p2a: Glockeon Jr|0 fnt\n|faint|p2a: Glockeon Jr\n|\n|win|Jam20Jam\n|l|\u2606Solaris2003\n|player|p1|Jam20Jam|carmine\n","uploadtime":1699846969,"views":5,"p1id":"jam20jam","p2id":"solaris2003","formatid":"gen9nationaldex","rating":0,"private":0,"password":""}