{"id":"gen9nationaldex-1988907404","p1":"Fealieya","p2":"wimblewomp","format":"[Gen 9] National Dex","log":"|j|\u2606Fealieya\n|j|\u2606wimblewomp\n|t:|1699785473\n|gametype|singles\n|player|p1|Fealieya|102|1200\n|player|p2|wimblewomp|crasherwake|1103\n|teamsize|p1|6\n|teamsize|p2|6\n|gen|9\n|tier|[Gen 9] National Dex\n|rated|\n|rule|HP Percentage Mod: HP is shown in percentages\n|rule|Endless Battle Clause: Forcing endless battles is banned\n|rule|OHKO Clause: OHKO moves are banned\n|rule|Evasion Clause: Evasion abilities, items, and moves are banned\n|rule|Evasion Abilities Clause: Evasion abilities are banned\n|rule|Evasion Items Clause: Evasion items are banned\n|rule|Evasion Moves Clause: Evasion moves are banned\n|rule|Species Clause: Limit one of each Pok\u00e9mon\n|rule|Sleep Clause Mod: Limit one foe put to sleep\n|clearpoke\n|poke|p1|Banette, F|\n|poke|p1|Zapdos|\n|poke|p1|Nihilego|\n|poke|p1|Kartana|\n|poke|p1|Celesteela|\n|poke|p1|Entei|\n|poke|p2|Rabsca, M|\n|poke|p2|Drednaw, F|\n|poke|p2|Hoopa-Unbound|\n|poke|p2|Goodra-Hisui, F|\n|poke|p2|Blaziken, M|\n|poke|p2|Meowscarada, F|\n|teampreview\n|\n|t:|1699785487\n|start\n|switch|p1a: Nihilego|Nihilego|100\/100\n|switch|p2a: Blaziken|Blaziken, M|100\/100\n|turn|1\n|\n|t:|1699785507\n|switch|p2a: Hoopa|Hoopa-Unbound|100\/100\n|move|p1a: Nihilego|Sludge Wave|p2a: Hoopa\n|-damage|p2a: Hoopa|57\/100\n|\n|upkeep\n|turn|2\n|\n|t:|1699785530\n|-terastallize|p1a: Nihilego|Rock\n|move|p1a: Nihilego|Stealth Rock|p2a: Hoopa\n|-sidestart|p2: wimblewomp|move: Stealth Rock\n|move|p2a: Hoopa|Zen Headbutt|p1a: Nihilego\n|-damage|p1a: Nihilego|0 fnt\n|faint|p1a: Nihilego\n|\n|upkeep\n|\n|t:|1699785542\n|switch|p1a: Entei|Entei|100\/100\n|turn|3\n|inactive|Battle timer is ON: inactive players will automatically lose when time's up. (requested by Fealieya)\n|\n|t:|1699785560\n|move|p1a: Entei|Curse|p1a: Entei\n|-unboost|p1a: Entei|spe|1\n|-boost|p1a: Entei|atk|1\n|-boost|p1a: Entei|def|1\n|move|p2a: Hoopa|Zen Headbutt|p1a: Entei\n|-damage|p1a: Entei|57\/100\n|\n|-heal|p1a: Entei|63\/100|[from] item: Leftovers\n|upkeep\n|turn|4\n|\n|t:|1699785577\n|switch|p2a: Goodra|Goodra-Hisui, F|100\/100\n|-damage|p2a: Goodra|94\/100|[from] Stealth Rock\n|move|p1a: Entei|Curse|p1a: Entei\n|-unboost|p1a: Entei|spe|1\n|-boost|p1a: Entei|atk|1\n|-boost|p1a: Entei|def|1\n|\n|-heal|p1a: Entei|69\/100|[from] item: Leftovers\n|upkeep\n|turn|5\n|\n|t:|1699785585\n|move|p2a: Goodra|Surf|p1a: Entei\n|-supereffective|p1a: Entei\n|-damage|p1a: Entei|0 fnt\n|faint|p1a: Entei\n|\n|upkeep\n|\n|t:|1699785597\n|switch|p1a: Kartana|Kartana|100\/100\n|turn|6\n|\n|t:|1699785605\n|switch|p2a: Blaziken|Blaziken, M|100\/100\n|-damage|p2a: Blaziken|88\/100|[from] Stealth Rock\n|move|p1a: Kartana|Swords Dance|p1a: Kartana\n|-boost|p1a: Kartana|atk|2\n|\n|upkeep\n|turn|7\n|\n|t:|1699785617\n|move|p1a: Kartana|Sacred Sword|p2a: Blaziken\n|-damage|p2a: Blaziken|0 fnt\n|faint|p2a: Blaziken\n|-ability|p1a: Kartana|Beast Boost|boost\n|-boost|p1a: Kartana|atk|1\n|\n|upkeep\n|\n|t:|1699785637\n|switch|p2a: Hoopa|Hoopa-Unbound|57\/100\n|-damage|p2a: Hoopa|44\/100|[from] Stealth Rock\n|turn|8\n|\n|t:|1699785646\n|move|p1a: Kartana|Smart Strike|p2a: Hoopa\n|-damage|p2a: Hoopa|0 fnt\n|faint|p2a: Hoopa\n|-ability|p1a: Kartana|Beast Boost|boost\n|-boost|p1a: Kartana|atk|1\n|\n|upkeep\n|inactive|wimblewomp has 120 seconds left.\n|\n|t:|1699785678\n|switch|p2a: Meowscarada|Meowscarada, F|100\/100\n|-damage|p2a: Meowscarada|88\/100|[from] Stealth Rock\n|turn|9\n|\n|t:|1699785686\n|move|p2a: Meowscarada|Sucker Punch|p1a: Kartana\n|-damage|p1a: Kartana|69\/100\n|move|p1a: Kartana|Sacred Sword|p2a: Meowscarada\n|-supereffective|p2a: Meowscarada\n|-damage|p2a: Meowscarada|0 fnt\n|faint|p2a: Meowscarada\n|-ability|p1a: Kartana|Beast Boost|boost\n|-boost|p1a: Kartana|atk|1\n|\n|upkeep\n|\n|t:|1699785695\n|switch|p2a: Rabsca|Rabsca, M|100\/100\n|-damage|p2a: Rabsca|76\/100|[from] Stealth Rock\n|turn|10\n|\n|t:|1699785703\n|move|p1a: Kartana|Smart Strike|p2a: Rabsca\n|-damage|p2a: Rabsca|0 fnt\n|faint|p2a: Rabsca\n|-ability|p1a: Kartana|Beast Boost|boost\n|-boost|p1a: Kartana|atk|1\n|\n|upkeep\n|-message|wimblewomp forfeited.\n|\n|win|Fealieya\n|raw|Fealieya's rating: 1200 &rarr; <strong>1218<\/strong><br \/>(+18 for winning)\n|raw|wimblewomp's rating: 1103 &rarr; <strong>1085<\/strong><br \/>(-18 for losing)\n|l|\u2606wimblewomp\n","uploadtime":1699785711,"views":4,"p1id":"fealieya","p2id":"wimblewomp","formatid":"gen9nationaldex","rating":1085,"private":0,"password":""}