{"id":"gen9nationaldex-1994751696","p1":"lchx","p2":"The Np sweep","format":"[Gen 9] National Dex","log":"|html|<div class=\"broadcast-blue\"><strong>[Gen 9] National Dex is currently suspecting Sneasler! For information on how to participate check out the <a href=\"https:\/\/www.smogon.com\/forums\/threads\/sv-national-dex-suspect-8-just-dance.3731534\/\">suspect thread<\/a>.<\/strong><\/div>\n|j|\u203dlchx\n|j|\u203dThe Np sweep\n|t:|1700489115\n|gametype|singles\n|player|p1|lchx|ghetsis|1818\n|player|p2|The Np sweep|hilbert|1843\n|teamsize|p1|6\n|teamsize|p2|6\n|gen|9\n|tier|[Gen 9] National Dex\n|rated|\n|rule|HP Percentage Mod: HP is shown in percentages\n|rule|Endless Battle Clause: Forcing endless battles is banned\n|rule|OHKO Clause: OHKO moves are banned\n|rule|Evasion Clause: Evasion abilities, items, and moves are banned\n|rule|Evasion Abilities Clause: Evasion abilities are banned\n|rule|Evasion Items Clause: Evasion items are banned\n|rule|Evasion Moves Clause: Evasion moves are banned\n|rule|Species Clause: Limit one of each Pok\u00e9mon\n|rule|Sleep Clause Mod: Limit one foe put to sleep\n|clearpoke\n|poke|p1|Rillaboom, F|\n|poke|p1|Iron Treads|\n|poke|p1|Iron Valiant|\n|poke|p1|Ceruledge, F|\n|poke|p1|Sneasler, F|\n|poke|p1|Nihilego|\n|poke|p2|Tapu Lele|\n|poke|p2|Iron Valiant|\n|poke|p2|Ferrothorn, F|\n|poke|p2|Zamazenta-*|\n|poke|p2|Aegislash, F|\n|poke|p2|Zapdos|\n|teampreview\n|\n|t:|1700489123\n|start\n|switch|p1a: Iron Treads|Iron Treads, shiny|100\/100\n|switch|p2a: Iron Valiant|Iron Valiant|100\/100\n|-enditem|p1a: Iron Treads|Booster Energy\n|-activate|p1a: Iron Treads|ability: Quark Drive|[fromitem]\n|-start|p1a: Iron Treads|quarkdrivespe\n|turn|1\n|\n|t:|1700489133\n|-end|p2a: Iron Valiant|Quark Drive|[silent]\n|switch|p2a: Zapdos|Zapdos, shiny|100\/100\n|move|p1a: Iron Treads|Steel Beam|p2a: Zapdos\n|-resisted|p2a: Zapdos\n|-damage|p2a: Zapdos|79\/100\n|-damage|p1a: Iron Treads|50\/100|[from] steelbeam\n|\n|upkeep\n|turn|2\n|\n|t:|1700489139\n|move|p1a: Iron Treads|Stealth Rock|p2a: Zapdos\n|-sidestart|p2: The Np sweep|move: Stealth Rock\n|move|p2a: Zapdos|Hurricane|p1a: Iron Treads\n|-resisted|p1a: Iron Treads\n|-damage|p1a: Iron Treads|20\/100\n|\n|upkeep\n|turn|3\n|inactive|Battle timer is ON: inactive players will automatically lose when time's up. (requested by lchx)\n|\n|t:|1700489146\n|move|p1a: Iron Treads|Steel Beam|p2a: Zapdos\n|-resisted|p2a: Zapdos\n|-damage|p2a: Zapdos|54\/100\n|-damage|p1a: Iron Treads|0 fnt|[from] steelbeam\n|faint|p1a: Iron Treads\n|-end|p1a: Iron Treads|Quark Drive|[silent]\n|move|p2a: Zapdos|Roost|p2a: Zapdos\n|-heal|p2a: Zapdos|100\/100\n|-singleturn|p2a: Zapdos|move: Roost\n|\n|upkeep\n|\n|t:|1700489155\n|switch|p1a: Nihilego|Nihilego|100\/100\n|turn|4\n|\n|t:|1700489163\n|switch|p1a: Ceruledge|Ceruledge, F, shiny|100\/100\n|switch|p2a: Iron Valiant|Iron Valiant|100\/100\n|-damage|p2a: Iron Valiant|94\/100|[from] Stealth Rock\n|\n|upkeep\n|turn|5\n|inactive|lchx has 120 seconds left.\n|\n|t:|1700489208\n|switch|p1a: Iron Valiant|Iron Valiant, shiny|100\/100\n|-enditem|p1a: Iron Valiant|Booster Energy\n|-activate|p1a: Iron Valiant|ability: Quark Drive|[fromitem]\n|-start|p1a: Iron Valiant|quarkdrivespe\n|move|p2a: Iron Valiant|Thunderbolt|p1a: Iron Valiant\n|-damage|p1a: Iron Valiant|35\/100\n|-damage|p2a: Iron Valiant|85\/100|[from] item: Life Orb\n|\n|upkeep\n|turn|6\n|\n|t:|1700489225\n|-end|p2a: Iron Valiant|Quark Drive|[silent]\n|switch|p2a: Aegislash|Aegislash, F, shiny|100\/100\n|-damage|p2a: Aegislash|94\/100|[from] Stealth Rock\n|move|p1a: Iron Valiant|Moonblast|p2a: Aegislash\n|-resisted|p2a: Aegislash\n|-crit|p2a: Aegislash\n|-damage|p2a: Aegislash|73\/100\n|\n|upkeep\n|turn|7\n|\n|t:|1700489232\n|move|p1a: Iron Valiant|Destiny Bond|p1a: Iron Valiant\n|-singlemove|p1a: Iron Valiant|Destiny Bond\n|-formechange|p2a: Aegislash|Aegislash-Blade||[from] ability: Stance Change\n|move|p2a: Aegislash|Shadow Ball|p1a: Iron Valiant\n|-damage|p1a: Iron Valiant|0 fnt\n|faint|p1a: Iron Valiant\n|-activate|p1a: Iron Valiant|move: Destiny Bond\n|-end|p1a: Iron Valiant|Quark Drive|[silent]\n|faint|p2a: Aegislash\n|\n|upkeep\n|\n|t:|1700489248\n|switch|p1a: Rillaboom|Rillaboom, F, shiny|100\/100\n|switch|p2a: Zapdos|Zapdos, shiny|100\/100\n|-fieldstart|move: Grassy Terrain|[from] ability: Grassy Surge|[of] p1a: Rillaboom\n|turn|8\n|\n|t:|1700489256\n|switch|p1a: Nihilego|Nihilego|100\/100\n|move|p2a: Zapdos|Volt Switch|p1a: Nihilego\n|-damage|p1a: Nihilego|78\/100\n|\n|t:|1700489264\n|switch|p2a: Zamazenta|Zamazenta|100\/100|[from] Volt Switch\n|-damage|p2a: Zamazenta|94\/100|[from] Stealth Rock\n|-ability|p2a: Zamazenta|Dauntless Shield|boost\n|-boost|p2a: Zamazenta|def|1\n|\n|-heal|p2a: Zamazenta|100\/100|[from] Grassy Terrain\n|-heal|p1a: Nihilego|84\/100|[from] Grassy Terrain\n|upkeep\n|turn|9\n|\n|t:|1700489280\n|move|p2a: Zamazenta|Psychic Fangs|p1a: Nihilego\n|-supereffective|p1a: Nihilego\n|-damage|p1a: Nihilego|0 fnt\n|faint|p1a: Nihilego\n|-damage|p2a: Zamazenta|91\/100|[from] item: Life Orb\n|\n|-heal|p2a: Zamazenta|97\/100|[from] Grassy Terrain\n|upkeep\n|\n|t:|1700489294\n|switch|p1a: Ceruledge|Ceruledge, F, shiny|100\/100\n|turn|10\n|\n|t:|1700489297\n|move|p2a: Zamazenta|Crunch|p1a: Ceruledge\n|-supereffective|p1a: Ceruledge\n|-damage|p1a: Ceruledge|10\/100\n|-ability|p1a: Ceruledge|Weak Armor|boost\n|-unboost|p1a: Ceruledge|def|1\n|-boost|p1a: Ceruledge|spe|2\n|-damage|p2a: Zamazenta|87\/100|[from] item: Life Orb\n|move|p1a: Ceruledge|Swords Dance|p1a: Ceruledge\n|-boost|p1a: Ceruledge|atk|2\n|\n|-heal|p1a: Ceruledge|16\/100|[from] Grassy Terrain\n|-heal|p2a: Zamazenta|93\/100|[from] Grassy Terrain\n|upkeep\n|turn|11\n|\n|t:|1700489314\n|-terastallize|p1a: Ceruledge|Ghost\n|move|p1a: Ceruledge|Poltergeist|p2a: Zamazenta\n|-activate|p2a: Zamazenta|move: Poltergeist|Life Orb\n|-damage|p2a: Zamazenta|0 fnt\n|faint|p2a: Zamazenta\n|\n|-heal|p1a: Ceruledge|22\/100|[from] Grassy Terrain\n|upkeep\n|\n|t:|1700489320\n|switch|p2a: Ferrothorn|Ferrothorn, F|100\/100\n|-damage|p2a: Ferrothorn|94\/100|[from] Stealth Rock\n|turn|12\n|\n|t:|1700489331\n|-terastallize|p2a: Ferrothorn|Water\n|move|p1a: Ceruledge|Bitter Blade|p2a: Ferrothorn\n|-resisted|p2a: Ferrothorn\n|-damage|p2a: Ferrothorn|62\/100\n|-heal|p1a: Ceruledge|42\/100|[from] drain|[of] p2a: Ferrothorn\n|-damage|p1a: Ceruledge|29\/100|[from] ability: Iron Barbs|[of] p2a: Ferrothorn\n|move|p2a: Ferrothorn|Gyro Ball|p1a: Ceruledge\n|-damage|p1a: Ceruledge|0 fnt\n|faint|p1a: Ceruledge\n|\n|-heal|p2a: Ferrothorn|69\/100|[from] Grassy Terrain\n|-heal|p2a: Ferrothorn|75\/100|[from] item: Leftovers\n|upkeep\n|\n|t:|1700489342\n|switch|p1a: Rillaboom|Rillaboom, F, shiny|100\/100\n|turn|13\n|\n|t:|1700489349\n|move|p1a: Rillaboom|Taunt|p2a: Ferrothorn\n|-start|p2a: Ferrothorn|move: Taunt\n|move|p2a: Ferrothorn|Gyro Ball|p1a: Rillaboom\n|-damage|p1a: Rillaboom|63\/100\n|\n|-heal|p1a: Rillaboom|70\/100|[from] Grassy Terrain\n|-heal|p2a: Ferrothorn|81\/100|[from] Grassy Terrain\n|-heal|p2a: Ferrothorn|87\/100|[from] item: Leftovers\n|upkeep\n|turn|14\n|inactive|lchx has 120 seconds left.\n|\n|t:|1700489355\n|move|p1a: Rillaboom|Grassy Glide|p2a: Ferrothorn\n|-supereffective|p2a: Ferrothorn\n|-damage|p2a: Ferrothorn|35\/100\n|-damage|p1a: Rillaboom|57\/100|[from] ability: Iron Barbs|[of] p2a: Ferrothorn\n|move|p2a: Ferrothorn|Gyro Ball|p1a: Rillaboom\n|-crit|p1a: Rillaboom\n|-damage|p1a: Rillaboom|6\/100\n|\n|-heal|p1a: Rillaboom|12\/100|[from] Grassy Terrain\n|-heal|p2a: Ferrothorn|41\/100|[from] Grassy Terrain\n|-heal|p2a: Ferrothorn|47\/100|[from] item: Leftovers\n|upkeep\n|turn|15\n|inactive|lchx has 120 seconds left.\n|\n|t:|1700489366\n|switch|p2a: Tapu Lele|Tapu Lele, shiny|100\/100\n|-damage|p2a: Tapu Lele|88\/100|[from] Stealth Rock\n|-fieldstart|move: Psychic Terrain|[from] ability: Psychic Surge|[of] p2a: Tapu Lele\n|move|p1a: Rillaboom|Grassy Glide|p2a: Tapu Lele\n|-damage|p2a: Tapu Lele|48\/100\n|\n|upkeep\n|turn|16\n|inactive|lchx has 120 seconds left.\n|\n|t:|1700489380\n|move|p2a: Tapu Lele|Psychic|p1a: Rillaboom\n|-damage|p1a: Rillaboom|0 fnt\n|faint|p1a: Rillaboom\n|\n|upkeep\n|\n|t:|1700489382\n|switch|p1a: Sneasler|Sneasler, F|100\/100\n|turn|17\n|\n|t:|1700489385\n|move|p2a: Tapu Lele|Psychic|p1a: Sneasler\n|-supereffective|p1a: Sneasler\n|-damage|p1a: Sneasler|0 fnt\n|faint|p1a: Sneasler\n|\n|win|The Np sweep\n|raw|lchx's rating: 1818 &rarr; <strong>1799<\/strong><br \/>(-19 for losing)\n|raw|The Np sweep's rating: 1843 &rarr; <strong>1862<\/strong><br \/>(+19 for winning)\n|l|\u203dThe Np sweep\n|l|\u203dlchx\n","uploadtime":1700489470,"views":9,"p1id":"lchx","p2id":"thenpsweep","formatid":"gen9nationaldex","rating":1799,"private":0,"password":""}