{"id":"gen9nationaldex-1997011118","p1":"wjshxbr","p2":"Onlymanever","format":"[Gen 9] National Dex","log":"|html|<div class=\"broadcast-blue\"><strong>[Gen 9] National Dex is currently suspecting Sneasler! For information on how to participate check out the <a href=\"https:\/\/www.smogon.com\/forums\/threads\/sv-national-dex-suspect-8-just-dance.3731534\/\">suspect thread<\/a>.<\/strong><\/div>\n|j|\u2606wjshxbr\n|j|\u203dOnlymanever\n|t:|1700755423\n|gametype|singles\n|player|p1|wjshxbr|fisherman-gen4|1001\n|player|p2|Onlymanever|lyra|1000\n|teamsize|p1|6\n|teamsize|p2|6\n|gen|9\n|tier|[Gen 9] National Dex\n|rated|\n|rule|HP Percentage Mod: HP is shown in percentages\n|rule|Endless Battle Clause: Forcing endless battles is banned\n|rule|OHKO Clause: OHKO moves are banned\n|rule|Evasion Clause: Evasion abilities, items, and moves are banned\n|rule|Evasion Abilities Clause: Evasion abilities are banned\n|rule|Evasion Items Clause: Evasion items are banned\n|rule|Evasion Moves Clause: Evasion moves are banned\n|rule|Species Clause: Limit one of each Pok\u00e9mon\n|rule|Sleep Clause Mod: Limit one foe put to sleep\n|clearpoke\n|poke|p1|Nidoking, M|\n|poke|p1|Arcanine, F|\n|poke|p1|Blissey, F|\n|poke|p1|Raichu, M|\n|poke|p1|Primeape, M|\n|poke|p1|Dragonite, M|\n|poke|p2|Mr. Mime, F|\n|poke|p2|Inteleon, F|\n|poke|p2|Gallade, M|\n|poke|p2|Arcanine, M|\n|poke|p2|Staraptor, M|\n|poke|p2|Electivire, F|\n|teampreview\n|\n|t:|1700755430\n|start\n|switch|p1a: Nidoking|Nidoking, M|100\/100\n|switch|p2a: Inteleon|Inteleon, F|100\/100\n|turn|1\n|\n|t:|1700755440\n|move|p1a: Nidoking|Earth Power|p2a: Inteleon\n|-damage|p2a: Inteleon|21\/100\n|move|p2a: Inteleon|Snipe Shot|p1a: Nidoking\n|-supereffective|p1a: Nidoking\n|-damage|p1a: Nidoking|0 fnt\n|faint|p1a: Nidoking\n|\n|-heal|p2a: Inteleon|27\/100|[from] item: Leftovers\n|upkeep\n|\n|t:|1700755451\n|switch|p1a: Dragonite|Dragonite, M|100\/100\n|turn|2\n|\n|t:|1700755463\n|move|p2a: Inteleon|Ice Beam|p1a: Dragonite\n|-supereffective|p1a: Dragonite\n|-damage|p1a: Dragonite|39\/100\n|move|p1a: Dragonite|Dual Wingbeat|p2a: Inteleon\n|-damage|p2a: Inteleon|0 fnt\n|faint|p2a: Inteleon\n|-hitcount|p2: Inteleon|1\n|\n|upkeep\n|\n|t:|1700755477\n|switch|p2a: Staraptor|Staraptor, M|100\/100\n|turn|3\n|inactive|Battle timer is ON: inactive players will automatically lose when time's up. (requested by Onlymanever)\n|\n|t:|1700755496\n|move|p1a: Dragonite|Extreme Speed|p2a: Staraptor\n|-damage|p2a: Staraptor|55\/100\n|move|p2a: Staraptor|Brave Bird|p1a: Dragonite\n|-damage|p1a: Dragonite|0 fnt\n|-damage|p2a: Staraptor|38\/100|[from] item: Rocky Helmet|[of] p1a: Dragonite\n|faint|p1a: Dragonite\n|-damage|p2a: Staraptor|25\/100|[from] Recoil\n|\n|-heal|p2a: Staraptor|31\/100|[from] item: Leftovers\n|upkeep\n|\n|t:|1700755507\n|switch|p1a: Primeape|Primeape, M|100\/100\n|turn|4\n|\n|t:|1700755517\n|move|p2a: Staraptor|Brave Bird|p1a: Primeape\n|-supereffective|p1a: Primeape\n|-crit|p1a: Primeape\n|-enditem|p1a: Primeape|Focus Sash\n|-damage|p1a: Primeape|1\/100\n|-damage|p2a: Staraptor|0 fnt|[from] Recoil\n|faint|p2a: Staraptor\n|move|p1a: Primeape|Close Combat|p2: Staraptor|[notarget]\n|-fail|p1a: Primeape\n|\n|upkeep\n|\n|t:|1700755527\n|switch|p2a: Gallade|Gallade, M|100\/100\n|turn|5\n|\n|t:|1700755540\n|switch|p1a: Arcanine|Arcanine, F|100\/100\n|-ability|p1a: Arcanine|Intimidate|boost\n|-unboost|p2a: Gallade|atk|1\n|move|p2a: Gallade|Shadow Sneak|p1a: Arcanine\n|-damage|p1a: Arcanine|90\/100\n|\n|-heal|p1a: Arcanine|96\/100|[from] item: Leftovers\n|upkeep\n|turn|6\n|\n|t:|1700755558\n|switch|p2a: Arcanine|Arcanine, M|100\/100\n|move|p1a: Arcanine|Flare Blitz|p2a: Arcanine\n|-start|p2a: Arcanine|ability: Flash Fire\n|\n|-heal|p1a: Arcanine|100\/100|[from] item: Leftovers\n|upkeep\n|turn|7\n|\n|t:|1700755580\n|move|p1a: Arcanine|Close Combat|p2a: Arcanine\n|-damage|p2a: Arcanine|48\/100\n|-unboost|p1a: Arcanine|def|1\n|-unboost|p1a: Arcanine|spd|1\n|move|p2a: Arcanine|Howl|p2a: Arcanine\n|-boost|p2a: Arcanine|atk|1\n|\n|-heal|p2a: Arcanine|54\/100|[from] item: Leftovers\n|upkeep\n|turn|8\n|\n|t:|1700755593\n|-terastallize|p2a: Arcanine|Bug\n|move|p1a: Arcanine|Close Combat|p2a: Arcanine\n|-resisted|p2a: Arcanine\n|-damage|p2a: Arcanine|28\/100\n|-unboost|p1a: Arcanine|def|1\n|-unboost|p1a: Arcanine|spd|1\n|move|p2a: Arcanine|Morning Sun|p2a: Arcanine\n|-heal|p2a: Arcanine|78\/100\n|\n|-heal|p2a: Arcanine|85\/100|[from] item: Leftovers\n|upkeep\n|turn|9\n|\n|t:|1700755606\n|move|p1a: Arcanine|Wild Charge|p2a: Arcanine\n|-damage|p2a: Arcanine|49\/100\n|-damage|p1a: Arcanine|91\/100|[from] Recoil\n|move|p2a: Arcanine|Howl|p2a: Arcanine\n|-boost|p2a: Arcanine|atk|1\n|\n|-heal|p2a: Arcanine|55\/100|[from] item: Leftovers\n|-heal|p1a: Arcanine|98\/100|[from] item: Leftovers\n|upkeep\n|turn|10\n|\n|t:|1700755617\n|move|p2a: Arcanine|Morning Sun|p2a: Arcanine\n|-heal|p2a: Arcanine|100\/100\n|move|p1a: Arcanine|Wild Charge|p2a: Arcanine\n|-damage|p2a: Arcanine|61\/100\n|-damage|p1a: Arcanine|88\/100|[from] Recoil\n|\n|-heal|p2a: Arcanine|67\/100|[from] item: Leftovers\n|-heal|p1a: Arcanine|94\/100|[from] item: Leftovers\n|upkeep\n|turn|11\n|\n|t:|1700755628\n|switch|p1a: Raichu|Raichu, M|100\/100\n|-item|p1a: Raichu|Air Balloon\n|move|p2a: Arcanine|Howl|p2a: Arcanine\n|-boost|p2a: Arcanine|atk|1\n|\n|-heal|p2a: Arcanine|73\/100|[from] item: Leftovers\n|upkeep\n|turn|12\n|\n|t:|1700755639\n|move|p1a: Raichu|Fake Out|p2a: Arcanine\n|-damage|p2a: Arcanine|61\/100\n|cant|p2a: Arcanine|flinch\n|\n|-heal|p2a: Arcanine|67\/100|[from] item: Leftovers\n|upkeep\n|turn|13\n|\n|t:|1700755648\n|move|p1a: Raichu|Yawn|p2a: Arcanine\n|-start|p2a: Arcanine|move: Yawn|[of] p1a: Raichu\n|move|p2a: Arcanine|Flare Blitz|p1a: Raichu\n|-damage|p1a: Raichu|0 fnt\n|-status|p2a: Arcanine|par|[from] ability: Static|[of] p1a: Raichu\n|-enditem|p1a: Raichu|Air Balloon\n|faint|p1a: Raichu\n|-damage|p2a: Arcanine|38\/100 par|[from] Recoil\n|\n|-heal|p2a: Arcanine|45\/100 par|[from] item: Leftovers\n|upkeep\n|\n|t:|1700755659\n|switch|p1a: Blissey|Blissey, F|100\/100\n|turn|14\n|\n|t:|1700755670\n|-end|p2a: Arcanine|ability: Flash Fire|[silent]\n|switch|p2a: Mr. Mime|Mr. Mime, F|100\/100\n|-terastallize|p1a: Blissey|Ghost\n|move|p1a: Blissey|Thunder|p2a: Mr. Mime\n|-damage|p2a: Mr. Mime|73\/100\n|-status|p2a: Mr. Mime|par\n|\n|-heal|p2a: Mr. Mime|79\/100 par|[from] item: Leftovers\n|upkeep\n|turn|15\n|\n|t:|1700755685\n|move|p1a: Blissey|Curse|p2a: Mr. Mime\n|-start|p2a: Mr. Mime|Curse|[of] p1a: Blissey\n|-damage|p1a: Blissey|50\/100\n|move|p2a: Mr. Mime|Encore|p1a: Blissey\n|-start|p1a: Blissey|Encore\n|\n|-heal|p2a: Mr. Mime|85\/100 par|[from] item: Leftovers\n|-damage|p2a: Mr. Mime|60\/100 par|[from] Curse\n|upkeep\n|turn|16\n|\n|t:|1700755697\n|switch|p1a: Arcanine|Arcanine, F|94\/100\n|-ability|p1a: Arcanine|Intimidate|boost\n|-unboost|p2a: Mr. Mime|atk|1\n|switch|p2a: Electivire|Electivire, F|100\/100\n|\n|-heal|p1a: Arcanine|99\/100|[from] item: Leftovers\n|upkeep\n|turn|17\n|inactive|wjshxbr has 120 seconds left.\n|\n|t:|1700755713\n|move|p1a: Arcanine|Flare Blitz|p2a: Electivire\n|-damage|p2a: Electivire|22\/100\n|-damage|p1a: Arcanine|76\/100|[from] Recoil\n|move|p2a: Electivire|Thunder Punch|p1a: Arcanine\n|-damage|p1a: Arcanine|25\/100\n|\n|-heal|p1a: Arcanine|32\/100|[from] item: Leftovers\n|-heal|p2a: Electivire|28\/100|[from] item: Leftovers\n|upkeep\n|turn|18\n|inactive|wjshxbr has 120 seconds left.\n|\n|t:|1700755725\n|move|p1a: Arcanine|Close Combat|p2a: Electivire\n|-damage|p2a: Electivire|0 fnt\n|-unboost|p1a: Arcanine|def|1\n|-unboost|p1a: Arcanine|spd|1\n|faint|p2a: Electivire\n|\n|-heal|p1a: Arcanine|38\/100|[from] item: Leftovers\n|upkeep\n|\n|t:|1700755734\n|switch|p2a: Gallade|Gallade, M|100\/100\n|turn|19\n|\n|t:|1700755742\n|move|p1a: Arcanine|Flare Blitz|p2a: Gallade\n|-damage|p2a: Gallade|20\/100\n|-damage|p1a: Arcanine|15\/100|[from] Recoil\n|move|p2a: Gallade|Psycho Cut|p1a: Arcanine\n|-damage|p1a: Arcanine|0 fnt\n|faint|p1a: Arcanine\n|\n|-heal|p2a: Gallade|26\/100|[from] item: Leftovers\n|upkeep\n|\n|t:|1700755751\n|switch|p1a: Blissey|Blissey, F, tera:Ghost|50\/100\n|turn|20\n|\n|t:|1700755762\n|move|p2a: Gallade|Shadow Sneak|p1a: Blissey\n|-supereffective|p1a: Blissey\n|-damage|p1a: Blissey|0 fnt\n|faint|p1a: Blissey\n|\n|-heal|p2a: Gallade|32\/100|[from] item: Leftovers\n|upkeep\n|\n|t:|1700755766\n|switch|p1a: Primeape|Primeape, M|1\/100\n|turn|21\n|\n|t:|1700755771\n|move|p2a: Gallade|Shadow Sneak|p1a: Primeape\n|-damage|p1a: Primeape|0 fnt\n|faint|p1a: Primeape\n|\n|win|Onlymanever\n|raw|wjshxbr's rating: 1001 &rarr; <strong>1000<\/strong><br \/>(-1 for losing)\n|raw|Onlymanever's rating: 1000 &rarr; <strong>1040<\/strong><br \/>(+40 for winning)\n|c|\u2606wjshxbr|GG\n","uploadtime":1700755782,"views":0,"p1id":"wjshxbr","p2id":"onlymanever","formatid":"gen9nationaldex","rating":1000,"private":0,"password":""}