{"id":"gen9nationaldex-1991550801","p1":"Elpathion","p2":"biro biru","format":"[Gen 9] National Dex","log":"|j|\u2606Elpathion\n|j|\u2606biro biru\n|t:|1700087471\n|gametype|singles\n|player|p1|Elpathion|ghetsis|1093\n|player|p2|biro biru|1|1048\n|teamsize|p1|6\n|teamsize|p2|6\n|gen|9\n|tier|[Gen 9] National Dex\n|rated|\n|rule|HP Percentage Mod: HP is shown in percentages\n|rule|Endless Battle Clause: Forcing endless battles is banned\n|rule|OHKO Clause: OHKO moves are banned\n|rule|Evasion Clause: Evasion abilities, items, and moves are banned\n|rule|Evasion Abilities Clause: Evasion abilities are banned\n|rule|Evasion Items Clause: Evasion items are banned\n|rule|Evasion Moves Clause: Evasion moves are banned\n|rule|Species Clause: Limit one of each Pok\u00e9mon\n|rule|Sleep Clause Mod: Limit one foe put to sleep\n|clearpoke\n|poke|p1|Salazzle, F|\n|poke|p1|Magnemite, L1|\n|poke|p1|Probopass, L2, M|\n|poke|p1|Mandibuzz, F|\n|poke|p1|Nosepass, L1, M|\n|poke|p1|Tentacruel, M|\n|poke|p2|Pikachu, F|\n|poke|p2|Blaziken, M|\n|poke|p2|Grimmsnarl, M|\n|poke|p2|Corviknight, M|\n|poke|p2|Garchomp, M|\n|poke|p2|Greninja-*, M|\n|teampreview\n|\n|t:|1700087482\n|start\n|switch|p1a: Literally Level 1|Magnemite, L1|100\/100\n|switch|p2a: Grimmsnarl|Grimmsnarl, M, shiny|100\/100\n|turn|1\n|\n|t:|1700087494\n|move|p2a: Grimmsnarl|Light Screen|p2a: Grimmsnarl\n|-sidestart|p2: biro biru|move: Light Screen\n|move|p1a: Literally Level 1|Toxic|p2a: Grimmsnarl\n|-status|p2a: Grimmsnarl|tox\n|\n|-damage|p2a: Grimmsnarl|94\/100 tox|[from] psn\n|upkeep\n|turn|2\n|\n|t:|1700087507\n|switch|p1a: Sh\ud83d\udca9tsquid|Tentacruel, M|100\/100\n|move|p2a: Grimmsnarl|Reflect|p2a: Grimmsnarl\n|-sidestart|p2: biro biru|Reflect\n|\n|-damage|p2a: Grimmsnarl|82\/100 tox|[from] psn\n|upkeep\n|turn|3\n|inactive|Battle timer is ON: inactive players will automatically lose when time's up. (requested by biro biru)\n|\n|t:|1700087527\n|switch|p2a: Corviknight|Corviknight, M, shiny|100\/100\n|-ability|p2a: Corviknight|Pressure\n|move|p1a: Sh\ud83d\udca9tsquid|Toxic|p2a: Corviknight\n|-immune|p2a: Corviknight\n|\n|upkeep\n|turn|4\n|\n|t:|1700087537\n|switch|p1a: No Fun Allowed|Salazzle, F|100\/100\n|move|p2a: Corviknight|Iron Defense|p2a: Corviknight\n|-boost|p2a: Corviknight|def|2\n|\n|upkeep\n|turn|5\n|\n|t:|1700087547\n|switch|p2a: Greninja|Greninja, M|100\/100\n|move|p1a: No Fun Allowed|Toxic|p2a: Greninja\n|-status|p2a: Greninja|tox\n|\n|-damage|p2a: Greninja|95\/100 tox|[from] psn\n|upkeep\n|turn|6\n|\n|t:|1700087559\n|move|p1a: No Fun Allowed|Protect|p1a: No Fun Allowed\n|-singleturn|p1a: No Fun Allowed|Protect\n|move|p2a: Greninja|Hydro Pump|p1a: No Fun Allowed\n|-activate|p1a: No Fun Allowed|move: Protect\n|\n|-damage|p2a: Greninja|83\/100 tox|[from] psn\n|upkeep\n|turn|7\n|\n|t:|1700087565\n|switch|p1a: Sh\ud83d\udca9tsquid|Tentacruel, M|100\/100\n|move|p2a: Greninja|Hydro Pump|p1a: Sh\ud83d\udca9tsquid|[miss]\n|-miss|p2a: Greninja|p1a: Sh\ud83d\udca9tsquid\n|\n|-damage|p2a: Greninja|65\/100 tox|[from] psn\n|upkeep\n|turn|8\n|\n|t:|1700087578\n|switch|p2a: Corviknight|Corviknight, M, shiny|100\/100\n|-ability|p2a: Corviknight|Pressure\n|move|p1a: Sh\ud83d\udca9tsquid|Knock Off|p2a: Corviknight\n|-crit|p2a: Corviknight\n|-damage|p2a: Corviknight|86\/100\n|-damage|p1a: Sh\ud83d\udca9tsquid|84\/100|[from] item: Rocky Helmet|[of] p2a: Corviknight\n|-enditem|p2a: Corviknight|Rocky Helmet|[from] move: Knock Off|[of] p1a: Sh\ud83d\udca9tsquid\n|\n|-heal|p1a: Sh\ud83d\udca9tsquid|90\/100|[from] item: Leftovers\n|-sideend|p2: biro biru|move: Light Screen\n|upkeep\n|turn|9\n|\n|t:|1700087606\n|switch|p1a: No Fun Allowed|Salazzle, F|100\/100\n|switch|p2a: Garchomp|Garchomp, M, shiny|100\/100\n|\n|-sideend|p2: biro biru|Reflect\n|upkeep\n|turn|10\n|\n|t:|1700087627\n|switch|p1a: Sh\ud83d\udca9tbird|Mandibuzz, F|100\/100\n|move|p2a: Garchomp|Stealth Rock|p1a: Sh\ud83d\udca9tbird\n|-sidestart|p1: Elpathion|move: Stealth Rock\n|\n|upkeep\n|turn|11\n|\n|t:|1700087643\n|switch|p2a: Grimmsnarl|Grimmsnarl, M, shiny|82\/100 tox\n|move|p1a: Sh\ud83d\udca9tbird|Defog|p2a: Grimmsnarl\n|-unboost|p2a: Grimmsnarl|evasion|1\n|-sideend|p1: Elpathion|Stealth Rock|[from] move: Defog|[of] p1a: Sh\ud83d\udca9tbird\n|\n|-damage|p2a: Grimmsnarl|76\/100 tox|[from] psn\n|upkeep\n|turn|12\n|\n|t:|1700087658\n|switch|p1a: Sh\ud83d\udca9tsquid|Tentacruel, M|90\/100\n|move|p2a: Grimmsnarl|Reflect|p2a: Grimmsnarl\n|-sidestart|p2: biro biru|Reflect\n|\n|-heal|p1a: Sh\ud83d\udca9tsquid|96\/100|[from] item: Leftovers\n|-damage|p2a: Grimmsnarl|64\/100 tox|[from] psn\n|upkeep\n|turn|13\n|\n|t:|1700087671\n|switch|p2a: Corviknight|Corviknight, M, shiny|86\/100\n|-ability|p2a: Corviknight|Pressure\n|move|p1a: Sh\ud83d\udca9tsquid|Knock Off|p2a: Corviknight\n|-damage|p2a: Corviknight|83\/100\n|\n|-heal|p1a: Sh\ud83d\udca9tsquid|100\/100|[from] item: Leftovers\n|upkeep\n|turn|14\n|\n|t:|1700087680\n|move|p1a: Sh\ud83d\udca9tsquid|Toxic|p2a: Corviknight\n|-immune|p2a: Corviknight\n|move|p2a: Corviknight|Iron Defense|p2a: Corviknight\n|-boost|p2a: Corviknight|def|2\n|\n|upkeep\n|turn|15\n|\n|t:|1700087692\n|switch|p1a: No Fun Allowed|Salazzle, F|100\/100\n|move|p2a: Corviknight|Body Press|p1a: No Fun Allowed\n|-resisted|p1a: No Fun Allowed\n|-damage|p1a: No Fun Allowed|52\/100\n|\n|-heal|p1a: No Fun Allowed|58\/100|[from] item: Leftovers\n|upkeep\n|turn|16\n|\n|t:|1700087709\n|move|p1a: No Fun Allowed|Toxic|p2a: Corviknight\n|-status|p2a: Corviknight|tox\n|move|p2a: Corviknight|Body Press|p1a: No Fun Allowed\n|-resisted|p1a: No Fun Allowed\n|-crit|p1a: No Fun Allowed\n|-damage|p1a: No Fun Allowed|0 fnt\n|faint|p1a: No Fun Allowed\n|\n|-damage|p2a: Corviknight|77\/100 tox|[from] psn\n|upkeep\n|\n|t:|1700087719\n|switch|p1a: Click the \u274c|Nosepass, L1, M, shiny|100\/100\n|turn|17\n|\n|t:|1700087732\n|move|p2a: Corviknight|Body Press|p1a: Click the \u274c\n|-supereffective|p1a: Click the \u274c\n|-ability|p1a: Click the \u274c|Sturdy\n|-damage|p1a: Click the \u274c|10\/100\n|-enditem|p1a: Click the \u274c|Berry Juice\n|-heal|p1a: Click the \u274c|100\/100|[from] item: Berry Juice\n|move|p1a: Click the \u274c|Pain Split|p2a: Corviknight\n|-sethp|p2a: Corviknight|40\/100 tox|[from] move: Pain Split|[silent]\n|-sethp|p1a: Click the \u274c|100\/100|[from] move: Pain Split\n|\n|-damage|p2a: Corviknight|27\/100 tox|[from] psn\n|upkeep\n|turn|18\n|\n|t:|1700087745\n|move|p2a: Corviknight|Body Press|p1a: Click the \u274c\n|-supereffective|p1a: Click the \u274c\n|-ability|p1a: Click the \u274c|Sturdy\n|-damage|p1a: Click the \u274c|10\/100\n|move|p1a: Click the \u274c|Pain Split|p2a: Corviknight\n|-sethp|p2a: Corviknight|14\/100 tox|[from] move: Pain Split|[silent]\n|-sethp|p1a: Click the \u274c|100\/100|[from] move: Pain Split\n|\n|-damage|p2a: Corviknight|0 fnt|[from] psn\n|faint|p2a: Corviknight\n|upkeep\n|\n|t:|1700087756\n|switch|p2a: Greninja|Greninja, M|65\/100 tox\n|turn|19\n|\n|t:|1700087761\n|move|p1a: Click the \u274c|Protect|p1a: Click the \u274c\n|-singleturn|p1a: Click the \u274c|Protect\n|move|p2a: Greninja|Hydro Pump|p1a: Click the \u274c\n|-activate|p1a: Click the \u274c|move: Protect\n|\n|-damage|p2a: Greninja|59\/100 tox|[from] psn\n|-sideend|p2: biro biru|Reflect\n|upkeep\n|turn|20\n|\n|t:|1700087770\n|move|p2a: Greninja|Hydro Pump|p1a: Click the \u274c\n|-supereffective|p1a: Click the \u274c\n|-ability|p1a: Click the \u274c|Sturdy\n|-damage|p1a: Click the \u274c|10\/100\n|move|p1a: Click the \u274c|Pain Split|p2a: Greninja\n|-sethp|p2a: Greninja|30\/100 tox|[from] move: Pain Split|[silent]\n|-sethp|p1a: Click the \u274c|100\/100|[from] move: Pain Split\n|\n|-damage|p2a: Greninja|18\/100 tox|[from] psn\n|upkeep\n|turn|21\n|\n|t:|1700087782\n|move|p2a: Greninja|Hydro Pump|p1a: Click the \u274c\n|-supereffective|p1a: Click the \u274c\n|-ability|p1a: Click the \u274c|Sturdy\n|-damage|p1a: Click the \u274c|10\/100\n|move|p1a: Click the \u274c|Pain Split|p2a: Greninja\n|-sethp|p2a: Greninja|9\/100 tox|[from] move: Pain Split|[silent]\n|-sethp|p1a: Click the \u274c|100\/100|[from] move: Pain Split\n|\n|-damage|p2a: Greninja|0 fnt|[from] psn\n|faint|p2a: Greninja\n|upkeep\n|c|\u2606biro biru|omg\n|c|\u2606biro biru|very nice\n|\n|t:|1700087800\n|switch|p2a: Garchomp|Garchomp, M, shiny|100\/100\n|turn|22\n|c|\u2606Elpathion|:)\n|\n|t:|1700087808\n|move|p2a: Garchomp|Draco Meteor|p1a: Click the \u274c\n|-ability|p1a: Click the \u274c|Sturdy\n|-damage|p1a: Click the \u274c|10\/100\n|-unboost|p2a: Garchomp|spa|2\n|move|p1a: Click the \u274c|Toxic|p2a: Garchomp\n|-status|p2a: Garchomp|tox\n|\n|-damage|p2a: Garchomp|94\/100 tox|[from] psn\n|upkeep\n|turn|23\n|\n|t:|1700087822\n|move|p1a: Click the \u274c|Magic Coat|p1a: Click the \u274c\n|-singleturn|p1a: Click the \u274c|move: Magic Coat\n|move|p2a: Garchomp|Earthquake|p1a: Click the \u274c\n|-supereffective|p1a: Click the \u274c\n|-damage|p1a: Click the \u274c|0 fnt\n|faint|p1a: Click the \u274c\n|\n|-damage|p2a: Garchomp|82\/100 tox|[from] psn\n|upkeep\n|\n|t:|1700087834\n|switch|p1a: Sh\ud83d\udca9tbird|Mandibuzz, F|100\/100\n|turn|24\n|\n|t:|1700087843\n|switch|p2a: Grimmsnarl|Grimmsnarl, M, shiny|64\/100 tox\n|move|p1a: Sh\ud83d\udca9tbird|Defog|p2a: Grimmsnarl\n|-unboost|p2a: Grimmsnarl|evasion|1\n|\n|-damage|p2a: Grimmsnarl|58\/100 tox|[from] psn\n|upkeep\n|turn|25\n|\n|t:|1700087850\n|move|p2a: Grimmsnarl|Reflect|p2a: Grimmsnarl\n|-sidestart|p2: biro biru|Reflect\n|move|p1a: Sh\ud83d\udca9tbird|Defog|p2a: Grimmsnarl\n|-unboost|p2a: Grimmsnarl|evasion|1\n|-sideend|p2: biro biru|Reflect\n|\n|-damage|p2a: Grimmsnarl|46\/100 tox|[from] psn\n|upkeep\n|turn|26\n|\n|t:|1700087860\n|move|p2a: Grimmsnarl|Reflect|p2a: Grimmsnarl\n|-sidestart|p2: biro biru|Reflect\n|move|p1a: Sh\ud83d\udca9tbird|Defog|p2a: Grimmsnarl\n|-unboost|p2a: Grimmsnarl|evasion|1\n|-sideend|p2: biro biru|Reflect\n|\n|-damage|p2a: Grimmsnarl|27\/100 tox|[from] psn\n|upkeep\n|turn|27\n|\n|t:|1700087872\n|move|p1a: Sh\ud83d\udca9tbird|Defog|p2a: Grimmsnarl\n|-unboost|p2a: Grimmsnarl|evasion|1\n|move|p2a: Grimmsnarl|Play Rough|p1a: Sh\ud83d\udca9tbird\n|-supereffective|p1a: Sh\ud83d\udca9tbird\n|-damage|p1a: Sh\ud83d\udca9tbird|62\/100\n|\n|-damage|p2a: Grimmsnarl|3\/100 tox|[from] psn\n|upkeep\n|turn|28\n|\n|t:|1700087879\n|move|p1a: Sh\ud83d\udca9tbird|Roost|p1a: Sh\ud83d\udca9tbird\n|-heal|p1a: Sh\ud83d\udca9tbird|100\/100\n|-singleturn|p1a: Sh\ud83d\udca9tbird|move: Roost\n|move|p2a: Grimmsnarl|Play Rough|p1a: Sh\ud83d\udca9tbird\n|-supereffective|p1a: Sh\ud83d\udca9tbird\n|-damage|p1a: Sh\ud83d\udca9tbird|62\/100\n|\n|-damage|p2a: Grimmsnarl|0 fnt|[from] psn\n|faint|p2a: Grimmsnarl\n|upkeep\n|\n|t:|1700087887\n|switch|p2a: Pikachu|Pikachu, F|100\/100\n|turn|29\n|\n|t:|1700087908\n|-terastallize|p1a: Sh\ud83d\udca9tbird|Ground\n|move|p2a: Pikachu|Volt Tackle|p1a: Sh\ud83d\udca9tbird\n|-immune|p1a: Sh\ud83d\udca9tbird\n|move|p1a: Sh\ud83d\udca9tbird|Toxic|p2a: Pikachu|[miss]\n|-miss|p1a: Sh\ud83d\udca9tbird|p2a: Pikachu\n|\n|upkeep\n|turn|30\n|c|\u2606Elpathion|lol\n|\n|t:|1700087920\n|-terastallize|p2a: Pikachu|Normal\n|move|p2a: Pikachu|Fake Out||[still]\n|-hint|Fake Out only works on your first turn out.\n|-fail|p2a: Pikachu\n|move|p1a: Sh\ud83d\udca9tbird|Toxic|p2a: Pikachu\n|-status|p2a: Pikachu|tox\n|\n|-damage|p2a: Pikachu|94\/100 tox|[from] psn\n|upkeep\n|turn|31\n|c|\u2606Elpathion|?\n|\n|t:|1700087932\n|move|p2a: Pikachu|Fake Out||[still]\n|-hint|Fake Out only works on your first turn out.\n|-fail|p2a: Pikachu\n|move|p1a: Sh\ud83d\udca9tbird|Roost|p1a: Sh\ud83d\udca9tbird\n|-heal|p1a: Sh\ud83d\udca9tbird|100\/100\n|\n|-damage|p2a: Pikachu|82\/100 tox|[from] psn\n|upkeep\n|turn|32\n|c|\u2606Elpathion|?\n|c|\u2606Elpathion|Bro what?\n|\n|t:|1700087940\n|move|p2a: Pikachu|Knock Off|p1a: Sh\ud83d\udca9tbird\n|-damage|p1a: Sh\ud83d\udca9tbird|76\/100\n|-enditem|p1a: Sh\ud83d\udca9tbird|Heavy-Duty Boots|[from] move: Knock Off|[of] p2a: Pikachu\n|move|p1a: Sh\ud83d\udca9tbird|Foul Play|p2a: Pikachu\n|-damage|p2a: Pikachu|0 fnt\n|faint|p2a: Pikachu\n|\n|upkeep\n|\n|t:|1700087955\n|switch|p2a: Garchomp|Garchomp, M, shiny|82\/100 tox\n|turn|33\n|\n|t:|1700087962\n|detailschange|p2a: Garchomp|Garchomp-Mega, M, shiny\n|-mega|p2a: Garchomp|Garchomp|Garchompite\n|move|p2a: Garchomp|Draco Meteor|p1a: Sh\ud83d\udca9tbird\n|-damage|p1a: Sh\ud83d\udca9tbird|17\/100\n|-unboost|p2a: Garchomp|spa|2\n|move|p1a: Sh\ud83d\udca9tbird|Roost|p1a: Sh\ud83d\udca9tbird\n|-heal|p1a: Sh\ud83d\udca9tbird|67\/100\n|\n|-damage|p2a: Garchomp|76\/100 tox|[from] psn\n|upkeep\n|turn|34\n|\n|t:|1700087973\n|move|p2a: Garchomp|Draco Meteor|p1a: Sh\ud83d\udca9tbird\n|-damage|p1a: Sh\ud83d\udca9tbird|39\/100\n|-unboost|p2a: Garchomp|spa|2\n|move|p1a: Sh\ud83d\udca9tbird|Foul Play|p2a: Garchomp\n|-damage|p2a: Garchomp|26\/100 tox\n|\n|-damage|p2a: Garchomp|14\/100 tox|[from] psn\n|upkeep\n|turn|35\n|\n|t:|1700087982\n|move|p2a: Garchomp|Earthquake|p1a: Sh\ud83d\udca9tbird\n|-damage|p1a: Sh\ud83d\udca9tbird|7\/100\n|move|p1a: Sh\ud83d\udca9tbird|Roost|p1a: Sh\ud83d\udca9tbird\n|-heal|p1a: Sh\ud83d\udca9tbird|57\/100\n|\n|-damage|p2a: Garchomp|0 fnt|[from] psn\n|faint|p2a: Garchomp\n|upkeep\n|\n|t:|1700087988\n|switch|p2a: Blaziken|Blaziken, M, shiny|100\/100\n|turn|36\n|\n|t:|1700087991\n|move|p2a: Blaziken|Thunder Punch|p1a: Sh\ud83d\udca9tbird\n|-immune|p1a: Sh\ud83d\udca9tbird\n|move|p1a: Sh\ud83d\udca9tbird|Toxic|p2a: Blaziken\n|-status|p2a: Blaziken|tox\n|\n|-damage|p2a: Blaziken|95\/100 tox|[from] psn\n|-ability|p2a: Blaziken|Speed Boost|boost\n|-boost|p2a: Blaziken|spe|1\n|upkeep\n|turn|37\n|\n|t:|1700087997\n|move|p2a: Blaziken|Close Combat|p1a: Sh\ud83d\udca9tbird\n|-damage|p1a: Sh\ud83d\udca9tbird|19\/100\n|-unboost|p2a: Blaziken|def|1\n|-unboost|p2a: Blaziken|spd|1\n|move|p1a: Sh\ud83d\udca9tbird|Foul Play|p2a: Blaziken\n|-resisted|p2a: Blaziken\n|-damage|p2a: Blaziken|36\/100 tox\n|\n|-damage|p2a: Blaziken|24\/100 tox|[from] psn\n|-ability|p2a: Blaziken|Speed Boost|boost\n|-boost|p2a: Blaziken|spe|1\n|upkeep\n|turn|38\n|\n|t:|1700088009\n|switch|p1a: Sh\ud83d\udca9tsquid|Tentacruel, M|100\/100\n|move|p2a: Blaziken|Close Combat|p1a: Sh\ud83d\udca9tsquid\n|-resisted|p1a: Sh\ud83d\udca9tsquid\n|-damage|p1a: Sh\ud83d\udca9tsquid|54\/100\n|-unboost|p2a: Blaziken|def|1\n|-unboost|p2a: Blaziken|spd|1\n|\n|-heal|p1a: Sh\ud83d\udca9tsquid|60\/100|[from] item: Leftovers\n|-damage|p2a: Blaziken|6\/100 tox|[from] psn\n|-ability|p2a: Blaziken|Speed Boost|boost\n|-boost|p2a: Blaziken|spe|1\n|upkeep\n|turn|39\n|\n|t:|1700088017\n|switch|p1a: Sh\ud83d\udca9tbird|Mandibuzz, F, tera:Ground|19\/100\n|move|p2a: Blaziken|Thunder Punch|p1a: Sh\ud83d\udca9tbird\n|-immune|p1a: Sh\ud83d\udca9tbird\n|\n|-damage|p2a: Blaziken|0 fnt|[from] psn\n|faint|p2a: Blaziken\n|\n|win|Elpathion\n|upkeep\n|raw|Elpathion's rating: 1093 &rarr; <strong>1116<\/strong><br \/>(+23 for winning)\n|raw|biro biru's rating: 1048 &rarr; <strong>1033<\/strong><br \/>(-15 for losing)\n","uploadtime":1700088022,"views":4,"p1id":"elpathion","p2id":"birobiru","formatid":"gen9nationaldex","rating":1033,"private":0,"password":""}