{"id":"gen9nationaldex-2000642065","p1":"by pekka","p2":"TheOneShobby","format":"[Gen 9] National Dex","log":"|html|<div class=\"broadcast-blue\"><strong>[Gen 9] National Dex is currently suspecting Sneasler! For information on how to participate check out the <a href=\"https:\/\/www.smogon.com\/forums\/threads\/sv-national-dex-suspect-8-just-dance.3731534\/\">suspect thread<\/a>.<\/strong><\/div>\n|j|\u2606by pekka\n|j|\u2606TheOneShobby\n|t:|1701213648\n|gametype|singles\n|player|p1|by pekka|hilbert|1256\n|player|p2|TheOneShobby|clair|1230\n|teamsize|p1|6\n|teamsize|p2|6\n|gen|9\n|tier|[Gen 9] National Dex\n|rated|\n|rule|HP Percentage Mod: HP is shown in percentages\n|rule|Endless Battle Clause: Forcing endless battles is banned\n|rule|OHKO Clause: OHKO moves are banned\n|rule|Evasion Clause: Evasion abilities, items, and moves are banned\n|rule|Evasion Abilities Clause: Evasion abilities are banned\n|rule|Evasion Items Clause: Evasion items are banned\n|rule|Evasion Moves Clause: Evasion moves are banned\n|rule|Species Clause: Limit one of each Pok\u00e9mon\n|rule|Sleep Clause Mod: Limit one foe put to sleep\n|clearpoke\n|poke|p1|Grimmsnarl, M|\n|poke|p1|Gyarados, F|\n|poke|p1|Cresselia, F|\n|poke|p1|Iron Hands|\n|poke|p1|Ursaluna, M|\n|poke|p1|Iron Valiant|\n|poke|p2|Alomomola, F|\n|poke|p2|Lopunny, F|\n|poke|p2|Heatran, M|\n|poke|p2|Rotom-Wash|\n|poke|p2|Landorus-Therian, M|\n|poke|p2|Tapu Lele|\n|teampreview\n|\n|t:|1701213665\n|start\n|switch|p1a: Grimmsnarl|Grimmsnarl, M|100\/100\n|switch|p2a: Dirty Socks|Rotom-Wash|100\/100\n|turn|1\n|inactive|Battle timer is ON: inactive players will automatically lose when time's up. (requested by by pekka)\n|\n|t:|1701213674\n|move|p1a: Grimmsnarl|Reflect|p1a: Grimmsnarl\n|-sidestart|p1: by pekka|Reflect\n|move|p2a: Dirty Socks|Will-O-Wisp|p1a: Grimmsnarl\n|-status|p1a: Grimmsnarl|brn\n|\n|-damage|p1a: Grimmsnarl|94\/100 brn|[from] brn\n|upkeep\n|turn|2\n|\n|t:|1701213682\n|move|p1a: Grimmsnarl|Light Screen|p1a: Grimmsnarl\n|-sidestart|p1: by pekka|move: Light Screen\n|move|p2a: Dirty Socks|Hydro Pump|p1a: Grimmsnarl\n|-damage|p1a: Grimmsnarl|70\/100 brn\n|\n|-damage|p1a: Grimmsnarl|63\/100 brn|[from] brn\n|upkeep\n|turn|3\n|\n|t:|1701213695\n|switch|p1a: Cresselia|Cresselia, F|100\/100\n|move|p2a: Dirty Socks|Hydro Pump|p1a: Cresselia\n|-crit|p1a: Cresselia\n|-damage|p1a: Cresselia|47\/100\n|\n|-heal|p1a: Cresselia|54\/100|[from] item: Leftovers\n|upkeep\n|turn|4\n|\n|t:|1701213707\n|move|p2a: Dirty Socks|Volt Switch|p1a: Cresselia\n|-damage|p1a: Cresselia|44\/100\n|\n|t:|1701213716\n|switch|p2a: Da big boy|Landorus-Therian, M|100\/100|[from] Volt Switch\n|-ability|p2a: Da big boy|Intimidate|boost\n|-unboost|p1a: Cresselia|atk|1\n|move|p1a: Cresselia|Calm Mind|p1a: Cresselia\n|-boost|p1a: Cresselia|spa|1\n|-boost|p1a: Cresselia|spd|1\n|\n|-heal|p1a: Cresselia|50\/100|[from] item: Leftovers\n|upkeep\n|turn|5\n|\n|t:|1701213724\n|move|p2a: Da big boy|Knock Off|p1a: Cresselia\n|-supereffective|p1a: Cresselia\n|-damage|p1a: Cresselia|24\/100\n|-enditem|p1a: Cresselia|Leftovers|[from] move: Knock Off|[of] p2a: Da big boy\n|move|p1a: Cresselia|Moonlight|p1a: Cresselia\n|-heal|p1a: Cresselia|74\/100\n|\n|upkeep\n|turn|6\n|\n|t:|1701213740\n|move|p2a: Da big boy|U-turn|p1a: Cresselia\n|-supereffective|p1a: Cresselia\n|-damage|p1a: Cresselia|54\/100\n|\n|t:|1701213754\n|switch|p2a: Kenshiko|Lopunny, F|100\/100|[from] U-turn\n|move|p1a: Cresselia|Calm Mind|p1a: Cresselia\n|-boost|p1a: Cresselia|spa|1\n|-boost|p1a: Cresselia|spd|1\n|\n|upkeep\n|turn|7\n|\n|t:|1701213761\n|move|p2a: Kenshiko|U-turn|p1a: Cresselia\n|-supereffective|p1a: Cresselia\n|-damage|p1a: Cresselia|43\/100\n|\n|t:|1701213769\n|switch|p2a: Da big boy|Landorus-Therian, M|100\/100|[from] U-turn\n|-ability|p2a: Da big boy|Intimidate|boost\n|-unboost|p1a: Cresselia|atk|1\n|move|p1a: Cresselia|Stored Power|p2a: Da big boy\n|-damage|p2a: Da big boy|28\/100\n|\n|-heal|p2a: Da big boy|34\/100|[from] item: Leftovers\n|upkeep\n|turn|8\n|\n|t:|1701213779\n|move|p2a: Da big boy|U-turn|p1a: Cresselia\n|-supereffective|p1a: Cresselia\n|-damage|p1a: Cresselia|25\/100\n|\n|t:|1701213794\n|switch|p2a: Kenshiko|Lopunny, F|100\/100|[from] U-turn\n|move|p1a: Cresselia|Moonlight|p1a: Cresselia\n|-heal|p1a: Cresselia|75\/100\n|\n|-sideend|p1: by pekka|Reflect\n|upkeep\n|turn|9\n|\n|t:|1701213803\n|detailschange|p2a: Kenshiko|Lopunny-Mega, F\n|-mega|p2a: Kenshiko|Lopunny|Lopunnite\n|move|p2a: Kenshiko|U-turn|p1a: Cresselia\n|-supereffective|p1a: Cresselia\n|-damage|p1a: Cresselia|40\/100\n|\n|t:|1701213816\n|switch|p2a: Anton|Heatran, M|100\/100|[from] U-turn\n|move|p1a: Cresselia|Hidden Power|p2a: Anton\n|-supereffective|p2a: Anton\n|-damage|p2a: Anton|63\/100\n|\n|-heal|p2a: Anton|69\/100|[from] item: Leftovers\n|-sideend|p1: by pekka|move: Light Screen\n|upkeep\n|turn|10\n|\n|t:|1701213826\n|move|p1a: Cresselia|Moonlight|p1a: Cresselia\n|-heal|p1a: Cresselia|90\/100\n|move|p2a: Anton|Magma Storm|p1a: Cresselia\n|-damage|p1a: Cresselia|73\/100\n|-activate|p1a: Cresselia|move: Magma Storm|[of] p2a: Anton\n|\n|-heal|p2a: Anton|75\/100|[from] item: Leftovers\n|-damage|p1a: Cresselia|60\/100|[from] move: Magma Storm|[partiallytrapped]\n|upkeep\n|turn|11\n|\n|t:|1701213836\n|move|p1a: Cresselia|Calm Mind|p1a: Cresselia\n|-boost|p1a: Cresselia|spa|1\n|-boost|p1a: Cresselia|spd|1\n|move|p2a: Anton|Stealth Rock|p1a: Cresselia\n|-sidestart|p1: by pekka|move: Stealth Rock\n|\n|-heal|p2a: Anton|81\/100|[from] item: Leftovers\n|-damage|p1a: Cresselia|48\/100|[from] move: Magma Storm|[partiallytrapped]\n|upkeep\n|turn|12\n|\n|t:|1701213844\n|move|p1a: Cresselia|Moonlight|p1a: Cresselia\n|-heal|p1a: Cresselia|98\/100\n|move|p2a: Anton|Magma Storm|p1a: Cresselia\n|-damage|p1a: Cresselia|82\/100\n|\n|-heal|p2a: Anton|88\/100|[from] item: Leftovers\n|-damage|p1a: Cresselia|70\/100|[from] move: Magma Storm|[partiallytrapped]\n|upkeep\n|turn|13\n|\n|t:|1701213849\n|move|p1a: Cresselia|Calm Mind|p1a: Cresselia\n|-boost|p1a: Cresselia|spa|1\n|-boost|p1a: Cresselia|spd|1\n|move|p2a: Anton|Magma Storm|p1a: Cresselia\n|-damage|p1a: Cresselia|57\/100\n|\n|-heal|p2a: Anton|94\/100|[from] item: Leftovers\n|-damage|p1a: Cresselia|45\/100|[from] move: Magma Storm|[partiallytrapped]\n|upkeep\n|turn|14\n|\n|t:|1701213853\n|move|p1a: Cresselia|Moonlight|p1a: Cresselia\n|-heal|p1a: Cresselia|95\/100\n|move|p2a: Anton|Magma Storm|p1a: Cresselia\n|-damage|p1a: Cresselia|82\/100\n|\n|-heal|p2a: Anton|99\/100|[from] item: Leftovers\n|-end|p1a: Cresselia|Magma Storm|[partiallytrapped]\n|upkeep\n|turn|15\n|\n|t:|1701213857\n|switch|p2a: Kenshiko|Lopunny-Mega, F|100\/100\n|move|p1a: Cresselia|Calm Mind|p1a: Cresselia\n|-boost|p1a: Cresselia|spa|1\n|-boost|p1a: Cresselia|spd|1\n|\n|upkeep\n|turn|16\n|\n|t:|1701213863\n|move|p2a: Kenshiko|Encore|p1a: Cresselia\n|-start|p1a: Cresselia|Encore\n|move|p1a: Cresselia|Calm Mind|p1a: Cresselia\n|-boost|p1a: Cresselia|spa|1\n|-boost|p1a: Cresselia|spd|1\n|\n|upkeep\n|turn|17\n|\n|t:|1701213867\n|move|p2a: Kenshiko|Return|p1a: Cresselia\n|-damage|p1a: Cresselia|43\/100\n|move|p1a: Cresselia|Calm Mind|p1a: Cresselia\n|-boost|p1a: Cresselia|spa|0\n|-boost|p1a: Cresselia|spd|0\n|\n|upkeep\n|turn|18\n|\n|t:|1701213886\n|switch|p1a: Iron Hands|Iron Hands|100\/100\n|-damage|p1a: Iron Hands|94\/100|[from] Stealth Rock\n|move|p2a: Kenshiko|Return|p1a: Iron Hands\n|-damage|p1a: Iron Hands|58\/100\n|\n|upkeep\n|turn|19\n|\n|t:|1701213894\n|move|p2a: Kenshiko|U-turn|p1a: Iron Hands\n|-resisted|p1a: Iron Hands\n|-damage|p1a: Iron Hands|49\/100\n|\n|t:|1701213898\n|switch|p2a: Da big boy|Landorus-Therian, M|34\/100|[from] U-turn\n|-ability|p2a: Da big boy|Intimidate|boost\n|-unboost|p1a: Iron Hands|atk|1\n|move|p1a: Iron Hands|Drain Punch|p2a: Da big boy\n|-resisted|p2a: Da big boy\n|-damage|p2a: Da big boy|12\/100\n|-heal|p1a: Iron Hands|56\/100|[from] drain|[of] p2a: Da big boy\n|\n|-heal|p2a: Da big boy|18\/100|[from] item: Leftovers\n|upkeep\n|turn|20\n|\n|t:|1701213915\n|move|p2a: Da big boy|U-turn|p1a: Iron Hands\n|-resisted|p1a: Iron Hands\n|-damage|p1a: Iron Hands|47\/100\n|\n|t:|1701213920\n|switch|p2a: Love Deluxe|Alomomola, F|100\/100|[from] U-turn\n|move|p1a: Iron Hands|Ice Punch|p2a: Love Deluxe\n|-resisted|p2a: Love Deluxe\n|-damage|p2a: Love Deluxe|95\/100\n|\n|upkeep\n|turn|21\n|\n|t:|1701213929\n|-end|p1a: Iron Hands|Quark Drive|[silent]\n|switch|p1a: Cresselia|Cresselia, F|43\/100\n|-damage|p1a: Cresselia|31\/100|[from] Stealth Rock\n|move|p2a: Love Deluxe|Wish|p2a: Love Deluxe\n|\n|upkeep\n|turn|22\n|\n|t:|1701213936\n|move|p1a: Cresselia|Moonlight|p1a: Cresselia\n|-heal|p1a: Cresselia|80\/100\n|move|p2a: Love Deluxe|Flip Turn|p1a: Cresselia\n|-damage|p1a: Cresselia|69\/100\n|\n|t:|1701213939\n|switch|p2a: Da big boy|Landorus-Therian, M|18\/100|[from] Flip Turn\n|-ability|p2a: Da big boy|Intimidate|boost\n|-unboost|p1a: Cresselia|atk|1\n|\n|-heal|p2a: Da big boy|100\/100|[from] move: Wish|[wisher] Love Deluxe\n|upkeep\n|turn|23\n|\n|t:|1701213953\n|move|p2a: Da big boy|U-turn|p1a: Cresselia\n|-supereffective|p1a: Cresselia\n|-crit|p1a: Cresselia\n|-damage|p1a: Cresselia|11\/100\n|\n|t:|1701213961\n|switch|p2a: Kenshiko|Lopunny-Mega, F|100\/100|[from] U-turn\n|move|p1a: Cresselia|Calm Mind|p1a: Cresselia\n|-boost|p1a: Cresselia|spa|1\n|-boost|p1a: Cresselia|spd|1\n|\n|upkeep\n|turn|24\n|\n|t:|1701213965\n|move|p2a: Kenshiko|Return|p1a: Cresselia\n|-damage|p1a: Cresselia|0 fnt\n|faint|p1a: Cresselia\n|\n|upkeep\n|\n|t:|1701213975\n|switch|p1a: Iron Valiant|Iron Valiant|100\/100\n|-damage|p1a: Iron Valiant|94\/100|[from] Stealth Rock\n|-enditem|p1a: Iron Valiant|Booster Energy\n|-activate|p1a: Iron Valiant|ability: Quark Drive|[fromitem]\n|-start|p1a: Iron Valiant|quarkdrivespe\n|turn|25\n|\n|t:|1701213992\n|switch|p2a: Girlboss|Tapu Lele|100\/100\n|-fieldstart|move: Psychic Terrain|[from] ability: Psychic Surge|[of] p2a: Girlboss\n|move|p1a: Iron Valiant|Moonblast|p2a: Girlboss\n|-damage|p2a: Girlboss|49\/100\n|\n|upkeep\n|turn|26\n|\n|t:|1701214016\n|switch|p2a: Dirty Socks|Rotom-Wash|100\/100\n|move|p1a: Iron Valiant|Moonblast|p2a: Dirty Socks\n|-damage|p2a: Dirty Socks|42\/100\n|\n|-heal|p2a: Dirty Socks|48\/100|[from] item: Leftovers\n|upkeep\n|turn|27\n|\n|t:|1701214024\n|switch|p2a: Anton|Heatran, M|99\/100\n|move|p1a: Iron Valiant|Moonblast|p2a: Anton\n|-resisted|p2a: Anton\n|-damage|p2a: Anton|90\/100\n|-unboost|p2a: Anton|spa|1\n|\n|-heal|p2a: Anton|96\/100|[from] item: Leftovers\n|upkeep\n|turn|28\n|\n|t:|1701214049\n|move|p1a: Iron Valiant|Focus Blast|p2a: Anton\n|-supereffective|p2a: Anton\n|-damage|p2a: Anton|0 fnt\n|faint|p2a: Anton\n|\n|upkeep\n|inactive|TheOneShobby has 120 seconds left.\n|\n|t:|1701214066\n|switch|p2a: Da big boy|Landorus-Therian, M|100\/100\n|-ability|p2a: Da big boy|Intimidate|boost\n|-unboost|p1a: Iron Valiant|atk|1\n|turn|29\n|inactive|TheOneShobby has 120 seconds left.\n|\n|t:|1701214077\n|move|p1a: Iron Valiant|Moonblast|p2a: Da big boy\n|-damage|p2a: Da big boy|41\/100\n|move|p2a: Da big boy|Earthquake|p1a: Iron Valiant\n|-damage|p1a: Iron Valiant|25\/100\n|\n|-heal|p2a: Da big boy|47\/100|[from] item: Leftovers\n|-fieldend|move: Psychic Terrain\n|upkeep\n|turn|30\n|inactive|TheOneShobby has 120 seconds left.\n|\n|t:|1701214089\n|switch|p2a: Girlboss|Tapu Lele|49\/100\n|-fieldstart|move: Psychic Terrain|[from] ability: Psychic Surge|[of] p2a: Girlboss\n|move|p1a: Iron Valiant|Moonblast|p2a: Girlboss\n|-damage|p2a: Girlboss|2\/100\n|\n|upkeep\n|turn|31\n|\n|t:|1701214095\n|move|p1a: Iron Valiant|Moonblast|p2a: Girlboss\n|-damage|p2a: Girlboss|0 fnt\n|faint|p2a: Girlboss\n|\n|upkeep\n|\n|t:|1701214109\n|switch|p2a: Love Deluxe|Alomomola, F|100\/100\n|turn|32\n|\n|t:|1701214114\n|move|p1a: Iron Valiant|Moonblast|p2a: Love Deluxe\n|-damage|p2a: Love Deluxe|43\/100\n|move|p2a: Love Deluxe|Flip Turn|p1a: Iron Valiant\n|-damage|p1a: Iron Valiant|5\/100\n|\n|t:|1701214124\n|switch|p2a: Kenshiko|Lopunny-Mega, F|100\/100|[from] Flip Turn\n|\n|upkeep\n|turn|33\n|\n|t:|1701214130\n|move|p1a: Iron Valiant|Moonblast|p2a: Kenshiko\n|-supereffective|p2a: Kenshiko\n|-damage|p2a: Kenshiko|0 fnt\n|faint|p2a: Kenshiko\n|\n|upkeep\n|-message|TheOneShobby forfeited.\n|\n|win|by pekka\n|raw|by pekka's rating: 1256 &rarr; <strong>1279<\/strong><br \/>(+23 for winning)\n|raw|TheOneShobby's rating: 1230 &rarr; <strong>1207<\/strong><br \/>(-23 for losing)\n|l|\u2606TheOneShobby\n","uploadtime":1701214143,"views":1,"p1id":"bypekka","p2id":"theoneshobby","formatid":"gen9nationaldex","rating":1207,"private":0,"password":""}