{"id":"gen9nationaldex-1999433519","p1":"lindao.1.","p2":"Gen6UberOG","format":"[Gen 9] National Dex","log":"|html|<div class=\"broadcast-blue\"><strong>[Gen 9] National Dex is currently suspecting Sneasler! For information on how to participate check out the <a href=\"https:\/\/www.smogon.com\/forums\/threads\/sv-national-dex-suspect-8-just-dance.3731534\/\">suspect thread<\/a>.<\/strong><\/div>\n|j|\u2606lindao.1.\n|j|\u2606Gen6UberOG\n|t:|1701079752\n|gametype|singles\n|player|p1|lindao.1.|shadowtriad|1151\n|player|p2|Gen6UberOG|170|1000\n|teamsize|p1|6\n|teamsize|p2|6\n|gen|9\n|tier|[Gen 9] National Dex\n|rated|\n|rule|HP Percentage Mod: HP is shown in percentages\n|rule|Endless Battle Clause: Forcing endless battles is banned\n|rule|OHKO Clause: OHKO moves are banned\n|rule|Evasion Clause: Evasion abilities, items, and moves are banned\n|rule|Evasion Abilities Clause: Evasion abilities are banned\n|rule|Evasion Items Clause: Evasion items are banned\n|rule|Evasion Moves Clause: Evasion moves are banned\n|rule|Species Clause: Limit one of each Pok\u00e9mon\n|rule|Sleep Clause Mod: Limit one foe put to sleep\n|clearpoke\n|poke|p1|Rillaboom, F|\n|poke|p1|Sneasler, M|\n|poke|p1|Salamence, F|\n|poke|p1|Blacephalon|\n|poke|p1|Corviknight, M|\n|poke|p1|Diancie|\n|poke|p2|Greninja-*, F|\n|poke|p2|Talonflame, M|\n|poke|p2|Aegislash, M|\n|poke|p2|Forretress, F|\n|poke|p2|Weavile, F|\n|poke|p2|Goodra, F|\n|teampreview\n|\n|t:|1701079767\n|start\n|switch|p1a: Diancie|Diancie|100\/100\n|switch|p2a: Greninja|Greninja, F|100\/100\n|turn|1\n|\n|t:|1701079789\n|switch|p1a: Rillaboom|Rillaboom, F|100\/100\n|-fieldstart|move: Grassy Terrain|[from] ability: Grassy Surge|[of] p1a: Rillaboom\n|move|p2a: Greninja|Toxic Spikes|p1a: Rillaboom\n|-start|p2a: Greninja|typechange|Poison|[from] ability: Protean\n|-sidestart|p1: lindao.1.|move: Toxic Spikes\n|\n|upkeep\n|turn|2\n|\n|t:|1701079802\n|move|p2a: Greninja|Toxic Spikes|p1a: Rillaboom\n|-sidestart|p1: lindao.1.|move: Toxic Spikes\n|move|p1a: Rillaboom|U-turn|p2a: Greninja\n|-resisted|p2a: Greninja\n|-damage|p2a: Greninja|66\/100\n|\n|t:|1701079808\n|switch|p1a: Corviknight|Corviknight, M|100\/100|[from] U-turn\n|-ability|p1a: Corviknight|Pressure\n|\n|-heal|p2a: Greninja|72\/100|[from] Grassy Terrain\n|-heal|p2a: Greninja|78\/100|[from] item: Leftovers\n|upkeep\n|turn|3\n|\n|t:|1701079825\n|move|p2a: Greninja|U-turn|p1a: Corviknight\n|-resisted|p1a: Corviknight\n|-damage|p1a: Corviknight|97\/100\n|-damage|p2a: Greninja|62\/100|[from] item: Rocky Helmet|[of] p1a: Corviknight\n|\n|t:|1701079835\n|switch|p2a: Aegislash|Aegislash, M|100\/100|[from] U-turn\n|move|p1a: Corviknight|Defog|p2a: Aegislash\n|-unboost|p2a: Aegislash|evasion|1\n|-sideend|p1: lindao.1.|Toxic Spikes|[from] move: Defog|[of] p1a: Corviknight\n|-fieldend|move: Grassy Terrain\n|\n|upkeep\n|turn|4\n|inactive|Battle timer is ON: inactive players will automatically lose when time's up. (requested by Gen6UberOG)\n|\n|t:|1701079851\n|move|p2a: Aegislash|King's Shield|p2a: Aegislash\n|-singleturn|p2a: Aegislash|Protect\n|move|p1a: Corviknight|U-turn|p2a: Aegislash\n|-activate|p2a: Aegislash|move: Protect\n|-unboost|p1a: Corviknight|atk|1\n|\n|upkeep\n|turn|5\n|\n|t:|1701079859\n|move|p1a: Corviknight|U-turn|p2a: Aegislash\n|-resisted|p2a: Aegislash\n|-damage|p2a: Aegislash|98\/100\n|\n|t:|1701079866\n|switch|p1a: Salamence|Salamence, F|100\/100|[from] U-turn\n|-ability|p1a: Salamence|Intimidate|boost\n|-unboost|p2a: Aegislash|atk|1\n|-formechange|p2a: Aegislash|Aegislash-Blade||[from] ability: Stance Change\n|move|p2a: Aegislash|Shadow Ball|p1a: Salamence\n|-damage|p1a: Salamence|16\/100\n|-damage|p2a: Aegislash|88\/100|[from] item: Life Orb\n|\n|upkeep\n|turn|6\n|\n|t:|1701079876\n|move|p2a: Aegislash|Shadow Sneak|p1a: Salamence\n|-damage|p1a: Salamence|0 fnt\n|faint|p1a: Salamence\n|-damage|p2a: Aegislash|79\/100|[from] item: Life Orb\n|\n|upkeep\n|\n|t:|1701079887\n|switch|p1a: Rillaboom|Rillaboom, F|100\/100\n|-fieldstart|move: Grassy Terrain|[from] ability: Grassy Surge|[of] p1a: Rillaboom\n|turn|7\n|\n|t:|1701079892\n|-formechange|p2a: Aegislash|Aegislash||[from] ability: Stance Change\n|move|p2a: Aegislash|King's Shield|p2a: Aegislash\n|-singleturn|p2a: Aegislash|Protect\n|move|p1a: Rillaboom|Knock Off|p2a: Aegislash\n|-activate|p2a: Aegislash|move: Protect\n|-unboost|p1a: Rillaboom|atk|1\n|\n|-heal|p2a: Aegislash|85\/100|[from] Grassy Terrain\n|upkeep\n|turn|8\n|\n|t:|1701079914\n|move|p1a: Rillaboom|Knock Off|p2a: Aegislash\n|-supereffective|p2a: Aegislash\n|-damage|p2a: Aegislash|26\/100\n|-enditem|p2a: Aegislash|Life Orb|[from] move: Knock Off|[of] p1a: Rillaboom\n|-formechange|p2a: Aegislash|Aegislash-Blade||[from] ability: Stance Change\n|move|p2a: Aegislash|Shadow Ball|p1a: Rillaboom\n|-damage|p1a: Rillaboom|40\/100\n|\n|-heal|p1a: Rillaboom|46\/100|[from] Grassy Terrain\n|-heal|p2a: Aegislash|32\/100|[from] Grassy Terrain\n|upkeep\n|turn|9\n|\n|t:|1701079926\n|-formechange|p2a: Aegislash|Aegislash||[from] ability: Stance Change\n|move|p2a: Aegislash|King's Shield|p2a: Aegislash\n|-singleturn|p2a: Aegislash|Protect\n|move|p1a: Rillaboom|Knock Off|p2a: Aegislash\n|-activate|p2a: Aegislash|move: Protect\n|-unboost|p1a: Rillaboom|atk|1\n|\n|-heal|p1a: Rillaboom|52\/100|[from] Grassy Terrain\n|-heal|p2a: Aegislash|38\/100|[from] Grassy Terrain\n|upkeep\n|turn|10\n|\n|t:|1701079938\n|switch|p2a: Talonflame|Talonflame, M|100\/100\n|move|p1a: Rillaboom|Knock Off|p2a: Talonflame\n|-damage|p2a: Talonflame|57\/100\n|-enditem|p2a: Talonflame|Choice Band|[from] move: Knock Off|[of] p1a: Rillaboom\n|\n|-heal|p1a: Rillaboom|58\/100|[from] Grassy Terrain\n|upkeep\n|turn|11\n|\n|t:|1701079958\n|switch|p1a: Diancie|Diancie|100\/100\n|move|p2a: Talonflame|Flare Blitz|p1a: Diancie\n|-resisted|p1a: Diancie\n|-damage|p1a: Diancie|79\/100\n|-damage|p2a: Talonflame|52\/100|[from] Recoil\n|\n|-heal|p1a: Diancie|85\/100|[from] Grassy Terrain\n|-fieldend|move: Grassy Terrain\n|upkeep\n|turn|12\n|\n|t:|1701079974\n|detailschange|p1a: Diancie|Diancie-Mega\n|-mega|p1a: Diancie|Diancie|Diancite\n|move|p2a: Talonflame|U-turn|p1a: Diancie\n|-resisted|p1a: Diancie\n|-damage|p1a: Diancie|74\/100\n|\n|t:|1701079984\n|switch|p2a: Aegislash|Aegislash, M|38\/100|[from] U-turn\n|move|p1a: Diancie|Diamond Storm|p2a: Aegislash\n|-resisted|p2a: Aegislash\n|-damage|p2a: Aegislash|19\/100\n|\n|upkeep\n|turn|13\n|\n|t:|1701079992\n|move|p2a: Aegislash|King's Shield|p2a: Aegislash\n|-singleturn|p2a: Aegislash|Protect\n|move|p1a: Diancie|Mystical Fire|p2a: Aegislash\n|-activate|p2a: Aegislash|move: Protect\n|\n|upkeep\n|turn|14\n|\n|t:|1701079999\n|switch|p2a: Greninja|Greninja, F|62\/100\n|move|p1a: Diancie|Mystical Fire|p2a: Greninja\n|-resisted|p2a: Greninja\n|-damage|p2a: Greninja|38\/100\n|-unboost|p2a: Greninja|spa|1\n|\n|-heal|p2a: Greninja|44\/100|[from] item: Leftovers\n|upkeep\n|turn|15\n|inactive|lindao.1. has 120 seconds left.\n|\n|t:|1701080037\n|switch|p1a: Rillaboom|Rillaboom, F|58\/100\n|-fieldstart|move: Grassy Terrain|[from] ability: Grassy Surge|[of] p1a: Rillaboom\n|move|p2a: Greninja|Water Shuriken|p1a: Rillaboom\n|-start|p2a: Greninja|typechange|Water|[from] ability: Protean\n|-resisted|p1a: Rillaboom\n|-damage|p1a: Rillaboom|56\/100\n|-resisted|p1a: Rillaboom\n|-damage|p1a: Rillaboom|53\/100\n|-resisted|p1a: Rillaboom\n|-damage|p1a: Rillaboom|51\/100\n|-resisted|p1a: Rillaboom\n|-damage|p1a: Rillaboom|48\/100\n|-hitcount|p1a: Rillaboom|4\n|\n|-heal|p2a: Greninja|50\/100|[from] Grassy Terrain\n|-heal|p2a: Greninja|56\/100|[from] item: Leftovers\n|-heal|p1a: Rillaboom|54\/100|[from] Grassy Terrain\n|upkeep\n|turn|16\n|\n|t:|1701080055\n|move|p2a: Greninja|U-turn|p1a: Rillaboom\n|-supereffective|p1a: Rillaboom\n|-damage|p1a: Rillaboom|10\/100\n|\n|t:|1701080064\n|switch|p2a: Talonflame|Talonflame, M|52\/100|[from] U-turn\n|move|p1a: Rillaboom|U-turn|p2a: Talonflame\n|-resisted|p2a: Talonflame\n|-damage|p2a: Talonflame|38\/100\n|inactive|lindao.1. has 120 seconds left.\n|\n|t:|1701080090\n|switch|p1a: Sneasler|Sneasler, M|100\/100|[from] U-turn\n|-enditem|p1a: Sneasler|Grassy Seed\n|-boost|p1a: Sneasler|def|1|[from] item: Grassy Seed\n|\n|upkeep\n|turn|17\n|\n|t:|1701080102\n|move|p1a: Sneasler|Dire Claw|p2a: Talonflame\n|-damage|p2a: Talonflame|0 fnt\n|faint|p2a: Talonflame\n|\n|upkeep\n|inactive|Gen6UberOG has 120 seconds left.\n|\n|t:|1701080123\n|switch|p2a: Aegislash|Aegislash, M|19\/100\n|turn|18\n|inactive|lindao.1. has 120 seconds left.\n|\n|t:|1701080135\n|move|p2a: Aegislash|King's Shield|p2a: Aegislash\n|-singleturn|p2a: Aegislash|Protect\n|move|p1a: Sneasler|Swords Dance|p1a: Sneasler\n|-boost|p1a: Sneasler|atk|2\n|\n|-heal|p2a: Aegislash|25\/100|[from] Grassy Terrain\n|upkeep\n|turn|19\n|\n|t:|1701080152\n|switch|p2a: Forretress|Forretress, F|100\/100\n|move|p1a: Sneasler|Acrobatics|p2a: Forretress\n|-damage|p2a: Forretress|55\/100\n|-damage|p1a: Sneasler|84\/100|[from] item: Rocky Helmet|[of] p2a: Forretress\n|\n|-heal|p1a: Sneasler|90\/100|[from] Grassy Terrain\n|-heal|p2a: Forretress|61\/100|[from] Grassy Terrain\n|-fieldend|move: Grassy Terrain\n|upkeep\n|turn|20\n|\n|t:|1701080164\n|move|p2a: Forretress|Protect|p2a: Forretress\n|-singleturn|p2a: Forretress|Protect\n|move|p1a: Sneasler|Close Combat|p2a: Forretress\n|-activate|p2a: Forretress|move: Protect\n|\n|upkeep\n|turn|21\n|\n|t:|1701080176\n|move|p1a: Sneasler|Close Combat|p2a: Forretress\n|-damage|p2a: Forretress|0 fnt\n|-unboost|p1a: Sneasler|def|1\n|-unboost|p1a: Sneasler|spd|1\n|-damage|p1a: Sneasler|73\/100|[from] item: Rocky Helmet|[of] p2a: Forretress\n|faint|p2a: Forretress\n|\n|upkeep\n|inactive|Gen6UberOG has 120 seconds left.\n|\n|t:|1701080206\n|switch|p2a: Aegislash|Aegislash, M|25\/100\n|turn|22\n|\n|t:|1701080210\n|move|p1a: Sneasler|Acrobatics|p2a: Aegislash\n|-resisted|p2a: Aegislash\n|-damage|p2a: Aegislash|0 fnt\n|faint|p2a: Aegislash\n|\n|upkeep\n|\n|t:|1701080221\n|switch|p2a: Weavile|Weavile, F|100\/100\n|-ability|p2a: Weavile|Pressure\n|turn|23\n|\n|t:|1701080230\n|move|p2a: Weavile|Fake Out|p1a: Sneasler\n|-damage|p1a: Sneasler|51\/100\n|cant|p1a: Sneasler|flinch\n|\n|upkeep\n|turn|24\n|\n|t:|1701080236\n|move|p1a: Sneasler|Close Combat|p2a: Weavile\n|-supereffective|p2a: Weavile\n|-enditem|p2a: Weavile|Focus Sash\n|-damage|p2a: Weavile|1\/100\n|-unboost|p1a: Sneasler|def|1\n|-unboost|p1a: Sneasler|spd|1\n|move|p2a: Weavile|Icicle Crash|p1a: Sneasler\n|-damage|p1a: Sneasler|0 fnt\n|faint|p1a: Sneasler\n|\n|upkeep\n|\n|t:|1701080241\n|switch|p1a: Rillaboom|Rillaboom, F|10\/100\n|-fieldstart|move: Grassy Terrain|[from] ability: Grassy Surge|[of] p1a: Rillaboom\n|turn|25\n|\n|t:|1701080249\n|move|p2a: Weavile|Ice Shard|p1a: Rillaboom\n|-supereffective|p1a: Rillaboom\n|-crit|p1a: Rillaboom\n|-damage|p1a: Rillaboom|0 fnt\n|faint|p1a: Rillaboom\n|\n|-heal|p2a: Weavile|7\/100|[from] Grassy Terrain\n|upkeep\n|\n|t:|1701080253\n|switch|p1a: Blacephalon|Blacephalon|100\/100\n|turn|26\n|\n|t:|1701080259\n|move|p2a: Weavile|Knock Off|p1a: Blacephalon\n|-supereffective|p1a: Blacephalon\n|-damage|p1a: Blacephalon|0 fnt\n|-enditem|p1a: Blacephalon|Assault Vest|[from] move: Knock Off|[of] p2a: Weavile\n|faint|p1a: Blacephalon\n|\n|-heal|p2a: Weavile|13\/100|[from] Grassy Terrain\n|upkeep\n|\n|t:|1701080266\n|switch|p1a: Diancie|Diancie-Mega|74\/100\n|turn|27\n|\n|t:|1701080289\n|switch|p2a: Greninja|Greninja, F|56\/100\n|move|p1a: Diancie|Diamond Storm|p2a: Greninja\n|-damage|p2a: Greninja|0 fnt\n|faint|p2a: Greninja\n|\n|-heal|p1a: Diancie|80\/100|[from] Grassy Terrain\n|upkeep\n|\n|t:|1701080297\n|switch|p2a: Goodra|Goodra, F|100\/100\n|turn|28\n|\n|t:|1701080311\n|-terastallize|p2a: Goodra|Dragon\n|move|p1a: Diancie|Moonblast|p2a: Goodra\n|-supereffective|p2a: Goodra\n|-damage|p2a: Goodra|54\/100\n|move|p2a: Goodra|Sludge Bomb|p1a: Diancie\n|-damage|p1a: Diancie|39\/100\n|-status|p1a: Diancie|psn\n|\n|-heal|p1a: Diancie|45\/100 psn|[from] Grassy Terrain\n|-heal|p2a: Goodra|60\/100|[from] Grassy Terrain\n|-damage|p1a: Diancie|32\/100 psn|[from] psn\n|upkeep\n|turn|29\n|\n|t:|1701080326\n|switch|p1a: Corviknight|Corviknight, M|97\/100\n|-ability|p1a: Corviknight|Pressure\n|move|p2a: Goodra|Sludge Bomb|p1a: Corviknight\n|-immune|p1a: Corviknight\n|\n|-heal|p2a: Goodra|66\/100|[from] Grassy Terrain\n|-fieldend|move: Grassy Terrain\n|upkeep\n|turn|30\n|\n|t:|1701080336\n|move|p2a: Goodra|Fire Blast|p1a: Corviknight\n|-supereffective|p1a: Corviknight\n|-damage|p1a: Corviknight|29\/100\n|move|p1a: Corviknight|Brave Bird|p2a: Goodra\n|-damage|p2a: Goodra|19\/100\n|-damage|p1a: Corviknight|15\/100|[from] Recoil\n|\n|upkeep\n|turn|31\n|\n|t:|1701080353\n|move|p2a: Goodra|Fire Blast|p1a: Corviknight\n|-supereffective|p1a: Corviknight\n|-damage|p1a: Corviknight|0 fnt\n|faint|p1a: Corviknight\n|\n|upkeep\n|\n|t:|1701080355\n|switch|p1a: Diancie|Diancie-Mega|32\/100 psn\n|turn|32\n|-message|lindao.1. forfeited.\n|\n|win|Gen6UberOG\n|raw|lindao.1.'s rating: 1151 &rarr; <strong>1116<\/strong><br \/>(-35 for losing)\n|raw|Gen6UberOG's rating: 1000 &rarr; <strong>1056<\/strong><br \/>(+56 for winning)\n|l|\u2606lindao.1.\n","uploadtime":1701080388,"views":6,"p1id":"lindao1","p2id":"gen6uberog","formatid":"gen9nationaldex","rating":1056,"private":0,"password":""}