{"id":"gen9nationaldex-1997991444","p1":"Man02","p2":"gzp666","format":"[Gen 9] National Dex","log":"|html|<div class=\"broadcast-blue\"><strong>[Gen 9] National Dex is currently suspecting Sneasler! For information on how to participate check out the <a href=\"https:\/\/www.smogon.com\/forums\/threads\/sv-national-dex-suspect-8-just-dance.3731534\/\">suspect thread<\/a>.<\/strong><\/div>\n|j|\u2606Man02\n|j|\u2606gzp666\n|t:|1700876239\n|gametype|singles\n|player|p1|Man02|brycenman|1390\n|player|p2|gzp666|ghetsis|1275\n|teamsize|p1|6\n|teamsize|p2|6\n|gen|9\n|tier|[Gen 9] National Dex\n|rated|\n|rule|HP Percentage Mod: HP is shown in percentages\n|rule|Endless Battle Clause: Forcing endless battles is banned\n|rule|OHKO Clause: OHKO moves are banned\n|rule|Evasion Clause: Evasion abilities, items, and moves are banned\n|rule|Evasion Abilities Clause: Evasion abilities are banned\n|rule|Evasion Items Clause: Evasion items are banned\n|rule|Evasion Moves Clause: Evasion moves are banned\n|rule|Species Clause: Limit one of each Pok\u00e9mon\n|rule|Sleep Clause Mod: Limit one foe put to sleep\n|clearpoke\n|poke|p1|Sneasler, F|\n|poke|p1|Corviknight, M|\n|poke|p1|Grimmsnarl, M|\n|poke|p1|Cinderace, M|\n|poke|p1|Rillaboom, M|\n|poke|p1|Samurott-Hisui, M|\n|poke|p2|Tapu Koko|\n|poke|p2|Iron Valiant|\n|poke|p2|Sneasler, F|\n|poke|p2|Zapdos|\n|poke|p2|Clodsire, F|\n|poke|p2|Great Tusk|\n|teampreview\n|inactive|Battle timer is ON: inactive players will automatically lose when time's up. (requested by Man02)\n|inactive|Man02 has 120 seconds left.\n|\n|t:|1700876277\n|start\n|switch|p1a: Rillaboom|Rillaboom, M|100\/100\n|switch|p2a: Zapdos|Zapdos|100\/100\n|-fieldstart|move: Grassy Terrain|[from] ability: Grassy Surge|[of] p1a: Rillaboom\n|turn|1\n|\n|t:|1700876287\n|move|p1a: Rillaboom|Knock Off|p2a: Zapdos\n|-damage|p2a: Zapdos|61\/100\n|-enditem|p2a: Zapdos|Heavy-Duty Boots|[from] move: Knock Off|[of] p1a: Rillaboom\n|move|p2a: Zapdos|Heat Wave|p1a: Rillaboom\n|-supereffective|p1a: Rillaboom\n|-damage|p1a: Rillaboom|34\/100\n|\n|-heal|p1a: Rillaboom|40\/100|[from] Grassy Terrain\n|upkeep\n|turn|2\n|\n|t:|1700876300\n|switch|p1a: Samurott|Samurott-Hisui, M|100\/100\n|move|p2a: Zapdos|Heat Wave|p1a: Samurott\n|-resisted|p1a: Samurott\n|-damage|p1a: Samurott|81\/100\n|\n|-heal|p1a: Samurott|87\/100|[from] Grassy Terrain\n|upkeep\n|turn|3\n|\n|t:|1700876307\n|switch|p2a: Tapu Koko|Tapu Koko|100\/100\n|-fieldstart|move: Electric Terrain|[from] ability: Electric Surge|[of] p2a: Tapu Koko\n|move|p1a: Samurott|Razor Shell|p2a: Tapu Koko\n|-damage|p2a: Tapu Koko|31\/100\n|\n|upkeep\n|turn|4\n|\n|t:|1700876317\n|switch|p1a: Rillaboom|Rillaboom, M|40\/100\n|-fieldstart|move: Grassy Terrain|[from] ability: Grassy Surge|[of] p1a: Rillaboom\n|move|p2a: Tapu Koko|U-turn|p1a: Rillaboom\n|-supereffective|p1a: Rillaboom\n|-damage|p1a: Rillaboom|5\/100\n|\n|t:|1700876327\n|switch|p2a: Zapdos|Zapdos|61\/100|[from] U-turn\n|\n|-heal|p1a: Rillaboom|11\/100|[from] Grassy Terrain\n|upkeep\n|turn|5\n|\n|t:|1700876337\n|move|p1a: Rillaboom|U-turn|p2a: Zapdos\n|-resisted|p2a: Zapdos\n|-damage|p2a: Zapdos|48\/100\n|\n|t:|1700876354\n|switch|p1a: Cinderace|Cinderace, M|100\/100|[from] U-turn\n|move|p2a: Zapdos|Volt Switch|p1a: Cinderace\n|-damage|p1a: Cinderace|58\/100\n|\n|t:|1700876374\n|switch|p2a: Iron Valiant|Iron Valiant|100\/100|[from] Volt Switch\n|-enditem|p2a: Iron Valiant|Booster Energy\n|-activate|p2a: Iron Valiant|ability: Quark Drive|[fromitem]\n|-start|p2a: Iron Valiant|quarkdrivespe\n|\n|-heal|p1a: Cinderace|64\/100|[from] Grassy Terrain\n|upkeep\n|turn|6\n|\n|t:|1700876395\n|move|p2a: Iron Valiant|Moonblast|p1a: Cinderace\n|-resisted|p1a: Cinderace\n|-damage|p1a: Cinderace|28\/100\n|move|p1a: Cinderace|Pyro Ball|p2a: Iron Valiant\n|-damage|p2a: Iron Valiant|30\/100\n|\n|-heal|p2a: Iron Valiant|36\/100|[from] Grassy Terrain\n|-heal|p1a: Cinderace|34\/100|[from] Grassy Terrain\n|upkeep\n|turn|7\n|\n|t:|1700876407\n|move|p2a: Iron Valiant|Aura Sphere|p1a: Cinderace\n|-damage|p1a: Cinderace|0 fnt\n|faint|p1a: Cinderace\n|\n|-heal|p2a: Iron Valiant|42\/100|[from] Grassy Terrain\n|upkeep\n|\n|t:|1700876430\n|switch|p1a: Sneasler|Sneasler, F|100\/100\n|-enditem|p1a: Sneasler|Grassy Seed\n|-boost|p1a: Sneasler|def|1|[from] item: Grassy Seed\n|turn|8\n|\n|t:|1700876442\n|-end|p2a: Iron Valiant|Quark Drive|[silent]\n|switch|p2a: Great Tusk|Great Tusk|100\/100\n|move|p1a: Sneasler|Swords Dance|p1a: Sneasler\n|-boost|p1a: Sneasler|atk|2\n|\n|-fieldend|move: Grassy Terrain\n|upkeep\n|turn|9\n|\n|t:|1700876466\n|-terastallize|p1a: Sneasler|Dark\n|-terastallize|p2a: Great Tusk|Ground\n|move|p1a: Sneasler|Close Combat|p2a: Great Tusk\n|-damage|p2a: Great Tusk|10\/100\n|-unboost|p1a: Sneasler|def|1\n|-unboost|p1a: Sneasler|spd|1\n|move|p2a: Great Tusk|Ice Spinner|p1a: Sneasler\n|-damage|p1a: Sneasler|59\/100\n|\n|-heal|p2a: Great Tusk|17\/100|[from] item: Leftovers\n|upkeep\n|turn|10\n|\n|t:|1700876487\n|move|p1a: Sneasler|Dire Claw|p2a: Great Tusk\n|-resisted|p2a: Great Tusk\n|-damage|p2a: Great Tusk|0 fnt\n|faint|p2a: Great Tusk\n|-end|p2a: Great Tusk|Protosynthesis|[silent]\n|\n|upkeep\n|\n|t:|1700876489\n|switch|p2a: Tapu Koko|Tapu Koko|31\/100\n|-fieldstart|move: Electric Terrain|[from] ability: Electric Surge|[of] p2a: Tapu Koko\n|turn|11\n|\n|t:|1700876502\n|move|p1a: Sneasler|Dire Claw|p2a: Tapu Koko\n|-supereffective|p2a: Tapu Koko\n|-crit|p2a: Tapu Koko\n|-damage|p2a: Tapu Koko|0 fnt\n|faint|p2a: Tapu Koko\n|\n|upkeep\n|\n|t:|1700876504\n|switch|p2a: Sneasler|Sneasler, F|100\/100\n|-enditem|p2a: Sneasler|Electric Seed\n|-boost|p2a: Sneasler|def|1|[from] item: Electric Seed\n|turn|12\n|\n|t:|1700876515\n|move|p2a: Sneasler|Close Combat|p1a: Sneasler\n|-supereffective|p1a: Sneasler\n|-damage|p1a: Sneasler|0 fnt\n|-unboost|p2a: Sneasler|def|1\n|-unboost|p2a: Sneasler|spd|1\n|faint|p1a: Sneasler\n|\n|upkeep\n|\n|t:|1700876528\n|switch|p1a: Grimmsnarl|Grimmsnarl, M|100\/100\n|turn|13\n|\n|t:|1700876533\n|move|p1a: Grimmsnarl|Reflect|p1a: Grimmsnarl\n|-sidestart|p1: Man02|Reflect\n|move|p2a: Sneasler|Dire Claw|p1a: Grimmsnarl\n|-supereffective|p1a: Grimmsnarl\n|-damage|p1a: Grimmsnarl|50\/100\n|-status|p1a: Grimmsnarl|par\n|\n|upkeep\n|turn|14\n|\n|t:|1700876540\n|move|p1a: Grimmsnarl|Parting Shot|p2a: Sneasler\n|-unboost|p2a: Sneasler|atk|1\n|-unboost|p2a: Sneasler|spa|1\n|\n|t:|1700876543\n|switch|p1a: Corviknight|Corviknight, M|100\/100|[from] Parting Shot\n|move|p2a: Sneasler|Swords Dance|p2a: Sneasler\n|-boost|p2a: Sneasler|atk|2\n|\n|upkeep\n|turn|15\n|\n|t:|1700876561\n|switch|p2a: Zapdos|Zapdos|48\/100\n|move|p1a: Corviknight|Brave Bird|p2a: Zapdos\n|-resisted|p2a: Zapdos\n|-damage|p2a: Zapdos|33\/100\n|-damage|p1a: Corviknight|96\/100|[from] Recoil\n|\n|-fieldend|move: Electric Terrain\n|upkeep\n|turn|16\n|\n|t:|1700876568\n|switch|p1a: Grimmsnarl|Grimmsnarl, M|50\/100 par\n|move|p2a: Zapdos|Roost|p2a: Zapdos\n|-heal|p2a: Zapdos|83\/100\n|-singleturn|p2a: Zapdos|move: Roost\n|\n|upkeep\n|turn|17\n|\n|t:|1700876584\n|move|p1a: Grimmsnarl|Light Screen|p1a: Grimmsnarl\n|-sidestart|p1: Man02|move: Light Screen\n|move|p2a: Zapdos|Defog|p1a: Grimmsnarl\n|-unboost|p1a: Grimmsnarl|evasion|1\n|-sideend|p1: Man02|Reflect\n|-sideend|p1: Man02|move: Light Screen\n|\n|upkeep\n|turn|18\n|\n|t:|1700876594\n|move|p1a: Grimmsnarl|Reflect|p1a: Grimmsnarl\n|-sidestart|p1: Man02|Reflect\n|move|p2a: Zapdos|Volt Switch|p1a: Grimmsnarl\n|-damage|p1a: Grimmsnarl|29\/100 par\n|\n|t:|1700876599\n|switch|p2a: Sneasler|Sneasler, F|100\/100|[from] Volt Switch\n|\n|upkeep\n|turn|19\n|\n|t:|1700876612\n|cant|p1a: Grimmsnarl|par\n|move|p2a: Sneasler|Close Combat|p1a: Grimmsnarl\n|-damage|p1a: Grimmsnarl|0 fnt\n|-unboost|p2a: Sneasler|def|1\n|-unboost|p2a: Sneasler|spd|1\n|faint|p1a: Grimmsnarl\n|\n|upkeep\n|\n|t:|1700876623\n|switch|p1a: Samurott|Samurott-Hisui, M|87\/100\n|turn|20\n|\n|t:|1700876630\n|switch|p2a: Zapdos|Zapdos|83\/100\n|move|p1a: Samurott|Razor Shell|p2a: Zapdos\n|-damage|p2a: Zapdos|47\/100\n|-status|p1a: Samurott|par|[from] ability: Static|[of] p2a: Zapdos\n|\n|upkeep\n|turn|21\n|\n|t:|1700876644\n|move|p2a: Zapdos|Roost|p2a: Zapdos\n|-heal|p2a: Zapdos|97\/100\n|-singleturn|p2a: Zapdos|move: Roost\n|move|p1a: Samurott|Razor Shell|p2a: Zapdos\n|-damage|p2a: Zapdos|59\/100\n|\n|upkeep\n|turn|22\n|\n|t:|1700876649\n|move|p2a: Zapdos|Volt Switch|p1a: Samurott\n|-supereffective|p1a: Samurott\n|-damage|p1a: Samurott|0 fnt\n|faint|p1a: Samurott\n|\n|t:|1700876658\n|switch|p2a: Iron Valiant|Iron Valiant|42\/100|[from] Volt Switch\n|\n|upkeep\n|\n|t:|1700876661\n|switch|p1a: Rillaboom|Rillaboom, M|11\/100\n|-fieldstart|move: Grassy Terrain|[from] ability: Grassy Surge|[of] p1a: Rillaboom\n|turn|23\n|\n|t:|1700876667\n|-end|p2a: Iron Valiant|Quark Drive|[silent]\n|switch|p2a: Zapdos|Zapdos|59\/100\n|move|p1a: Rillaboom|Grassy Glide|p2a: Zapdos\n|-resisted|p2a: Zapdos\n|-damage|p2a: Zapdos|40\/100\n|\n|-heal|p1a: Rillaboom|17\/100|[from] Grassy Terrain\n|upkeep\n|turn|24\n|\n|t:|1700876672\n|move|p1a: Rillaboom|Grassy Glide|p2a: Zapdos\n|-resisted|p2a: Zapdos\n|-damage|p2a: Zapdos|18\/100\n|move|p2a: Zapdos|Roost|p2a: Zapdos\n|-heal|p2a: Zapdos|68\/100\n|-singleturn|p2a: Zapdos|move: Roost\n|\n|-heal|p1a: Rillaboom|23\/100|[from] Grassy Terrain\n|-heal|p2a: Zapdos|74\/100|[from] Grassy Terrain\n|upkeep\n|turn|25\n|c|\u2606Man02|Gg\n|-message|Man02 forfeited.\n|\n|win|gzp666\n|raw|Man02's rating: 1390 &rarr; <strong>1364<\/strong><br \/>(-26 for losing)\n|raw|gzp666's rating: 1275 &rarr; <strong>1308<\/strong><br \/>(+33 for winning)\n|l|\u2606Man02\n","uploadtime":1700876686,"views":1,"p1id":"man02","p2id":"gzp666","formatid":"gen9nationaldex","rating":1308,"private":0,"password":""}