{"id":"gen9nationaldex-1995499735","p1":"Xurkiyee","p2":"i like serperior","format":"[Gen 9] National Dex","log":"|html|<div class=\"broadcast-blue\"><strong>[Gen 9] National Dex is currently suspecting Sneasler! For information on how to participate check out the <a href=\"https:\/\/www.smogon.com\/forums\/threads\/sv-national-dex-suspect-8-just-dance.3731534\/\">suspect thread<\/a>.<\/strong><\/div>\n|j|\u2606Xurkiyee\n|j|\u2606i like serperior\n|t:|1700577416\n|gametype|singles\n|player|p1|Xurkiyee|kimonogirl|1679\n|player|p2|i like serperior|colress|1767\n|teamsize|p1|6\n|teamsize|p2|6\n|gen|9\n|tier|[Gen 9] National Dex\n|rated|\n|rule|HP Percentage Mod: HP is shown in percentages\n|rule|Endless Battle Clause: Forcing endless battles is banned\n|rule|OHKO Clause: OHKO moves are banned\n|rule|Evasion Clause: Evasion abilities, items, and moves are banned\n|rule|Evasion Abilities Clause: Evasion abilities are banned\n|rule|Evasion Items Clause: Evasion items are banned\n|rule|Evasion Moves Clause: Evasion moves are banned\n|rule|Species Clause: Limit one of each Pok\u00e9mon\n|rule|Sleep Clause Mod: Limit one foe put to sleep\n|clearpoke\n|poke|p1|Reuniclus, F|\n|poke|p1|Toxapex, F|\n|poke|p1|Gliscor, M|\n|poke|p1|Zamazenta-*|\n|poke|p1|Garganacl, F|\n|poke|p1|Diancie|\n|poke|p2|Tyranitar, M|\n|poke|p2|Garchomp, F|\n|poke|p2|Dracozolt|\n|poke|p2|Moltres|\n|poke|p2|Gigalith, F|\n|poke|p2|Serperior, F|\n|teampreview\n|\n|t:|1700577426\n|start\n|switch|p1a: Toxapex|Toxapex, F|100\/100\n|switch|p2a: Myosotis|Serperior, F, shiny|100\/100\n|turn|1\n|\n|t:|1700577428\n|move|p2a: Myosotis|Substitute|p2a: Myosotis\n|-start|p2a: Myosotis|Substitute\n|-damage|p2a: Myosotis|75\/100\n|move|p1a: Toxapex|Haze|p1a: Toxapex\n|-clearallboost\n|\n|-heal|p2a: Myosotis|82\/100|[from] item: Leftovers\n|upkeep\n|turn|2\n|\n|t:|1700577431\n|move|p2a: Myosotis|Leaf Storm|p1a: Toxapex\n|-damage|p1a: Toxapex|61\/100\n|-boost|p2a: Myosotis|spa|2\n|move|p1a: Toxapex|Haze|p1a: Toxapex\n|-clearallboost\n|\n|-heal|p2a: Myosotis|88\/100|[from] item: Leftovers\n|upkeep\n|turn|3\n|\n|t:|1700577440\n|move|p2a: Myosotis|Leaf Storm|p1a: Toxapex\n|-crit|p1a: Toxapex\n|-damage|p1a: Toxapex|0 fnt\n|-boost|p2a: Myosotis|spa|2\n|faint|p1a: Toxapex\n|\n|-heal|p2a: Myosotis|94\/100|[from] item: Leftovers\n|upkeep\n|\n|t:|1700577450\n|switch|p1a: Zamazenta|Zamazenta|100\/100\n|-ability|p1a: Zamazenta|Dauntless Shield|boost\n|-boost|p1a: Zamazenta|def|1\n|turn|4\n|\n|t:|1700577453\n|-terastallize|p1a: Zamazenta|Steel\n|move|p1a: Zamazenta|Body Press|p2a: Myosotis\n|-end|p2a: Myosotis|Substitute\n|move|p2a: Myosotis|Leaf Storm|p1a: Zamazenta|[miss]\n|-miss|p2a: Myosotis|p1a: Zamazenta\n|\n|-heal|p2a: Myosotis|99\/100|[from] item: Leftovers\n|upkeep\n|turn|5\n|\n|t:|1700577459\n|move|p1a: Zamazenta|Substitute|p1a: Zamazenta\n|-start|p1a: Zamazenta|Substitute\n|-damage|p1a: Zamazenta|75\/100\n|move|p2a: Myosotis|Leech Seed||[still]\n|-fail|p2a: Myosotis\n|\n|-heal|p1a: Zamazenta|82\/100|[from] item: Leftovers\n|-heal|p2a: Myosotis|100\/100|[from] item: Leftovers\n|upkeep\n|turn|6\n|\n|t:|1700577464\n|switch|p2a: Moltres|Moltres, shiny|100\/100\n|move|p1a: Zamazenta|Iron Defense|p1a: Zamazenta\n|-boost|p1a: Zamazenta|def|2\n|\n|-heal|p1a: Zamazenta|88\/100|[from] item: Leftovers\n|upkeep\n|turn|7\n|\n|t:|1700577470\n|switch|p1a: Garganacl|Garganacl, F|100\/100\n|move|p2a: Moltres|Fire Blast|p1a: Garganacl\n|-resisted|p1a: Garganacl\n|-damage|p1a: Garganacl|84\/100\n|\n|-heal|p1a: Garganacl|91\/100|[from] item: Leftovers\n|upkeep\n|turn|8\n|\n|t:|1700577473\n|switch|p2a: Azurite|Gigalith, F, shiny|100\/100\n|-weather|Sandstorm|[from] ability: Sand Stream|[of] p2a: Azurite\n|move|p1a: Garganacl|Salt Cure|p2a: Azurite\n|-damage|p2a: Azurite|90\/100\n|-start|p2a: Azurite|Salt Cure\n|\n|-weather|Sandstorm|[upkeep]\n|-heal|p1a: Garganacl|97\/100|[from] item: Leftovers\n|-damage|p2a: Azurite|77\/100|[from] Salt Cure\n|upkeep\n|turn|9\n|\n|t:|1700577476\n|move|p1a: Garganacl|Stealth Rock|p2a: Azurite\n|-sidestart|p2: i like serperior|move: Stealth Rock\n|move|p2a: Azurite|Stealth Rock|p1a: Garganacl\n|-sidestart|p1: Xurkiyee|move: Stealth Rock\n|\n|-weather|Sandstorm|[upkeep]\n|-heal|p1a: Garganacl|100\/100|[from] item: Leftovers\n|-damage|p2a: Azurite|65\/100|[from] Salt Cure\n|upkeep\n|turn|10\n|\n|t:|1700577485\n|switch|p1a: Gliscor|Gliscor, M|100\/100\n|-damage|p1a: Gliscor|88\/100|[from] Stealth Rock\n|move|p2a: Azurite|Explosion|p1a: Gliscor\n|-enditem|p2a: Azurite|Normal Gem|[from] gem\n|-crit|p1a: Gliscor\n|-damage|p1a: Gliscor|0 fnt\n|faint|p2a: Azurite\n|faint|p1a: Gliscor\n|\n|-weather|Sandstorm|[upkeep]\n|upkeep\n|\n|t:|1700577488\n|switch|p1a: Zamazenta|Zamazenta, tera:Steel|88\/100\n|switch|p2a: Zyglak|Dracozolt|100\/100\n|-damage|p2a: Zyglak|88\/100|[from] Stealth Rock\n|-damage|p1a: Zamazenta|82\/100|[from] Stealth Rock\n|turn|11\n|\n|t:|1700577494\n|-terastallize|p2a: Zyglak|Electric\n|move|p2a: Zyglak|Bolt Beak|p1a: Zamazenta\n|-damage|p1a: Zamazenta|0 fnt\n|faint|p1a: Zamazenta\n|-damage|p2a: Zyglak|78\/100|[from] item: Life Orb\n|\n|-weather|Sandstorm|[upkeep]\n|upkeep\n|c|\u2606Xurkiyee|gg\n|-message|Xurkiyee forfeited.\n|\n|win|i like serperior\n|raw|Xurkiyee's rating: 1679 &rarr; <strong>1664<\/strong><br \/>(-15 for losing)\n|raw|i like serperior's rating: 1767 &rarr; <strong>1782<\/strong><br \/>(+15 for winning)\n|l|\u2606Xurkiyee\n","uploadtime":1700577515,"views":0,"p1id":"xurkiyee","p2id":"ilikeserperior","formatid":"gen9nationaldex","rating":1664,"private":0,"password":""}