{"id":"gen9nationaldex-1990059268","p1":"ImagineWagins","p2":"yanami-go","format":"[Gen 9] National Dex","log":"|j|\u2606ImagineWagins\n|j|\u2606yanami-go\n|t:|1699920143\n|gametype|singles\n|player|p1|ImagineWagins|blaine|1661\n|player|p2|yanami-go|dawn-masters3|1617\n|teamsize|p1|6\n|teamsize|p2|6\n|gen|9\n|tier|[Gen 9] National Dex\n|rated|\n|rule|HP Percentage Mod: HP is shown in percentages\n|rule|Endless Battle Clause: Forcing endless battles is banned\n|rule|OHKO Clause: OHKO moves are banned\n|rule|Evasion Clause: Evasion abilities, items, and moves are banned\n|rule|Evasion Abilities Clause: Evasion abilities are banned\n|rule|Evasion Items Clause: Evasion items are banned\n|rule|Evasion Moves Clause: Evasion moves are banned\n|rule|Species Clause: Limit one of each Pok\u00e9mon\n|rule|Sleep Clause Mod: Limit one foe put to sleep\n|clearpoke\n|poke|p1|Charizard, M|\n|poke|p1|Cloyster, F|\n|poke|p1|Smeargle, M|\n|poke|p1|Zapdos-Galar|\n|poke|p1|Landorus-Therian, M|\n|poke|p1|Jirachi|\n|poke|p2|Ogerpon-Wellspring, F|\n|poke|p2|Ditto|\n|poke|p2|Tapu Koko|\n|poke|p2|Garganacl, F|\n|poke|p2|Zapdos|\n|poke|p2|Dragonite, F|\n|teampreview\n|inactive|Battle timer is ON: inactive players will automatically lose when time's up. (requested by ImagineWagins)\n|\n|t:|1699920154\n|start\n|switch|p1a: Smeargle|Smeargle, M|100\/100\n|switch|p2a: Tapu Koko|Tapu Koko|100\/100\n|-fieldstart|move: Electric Terrain|[from] ability: Electric Surge|[of] p2a: Tapu Koko\n|turn|1\n|\n|t:|1699920159\n|move|p2a: Tapu Koko|Volt Switch|p1a: Smeargle\n|-damage|p1a: Smeargle|29\/100\n|\n|t:|1699920161\n|switch|p2a: Zapdos|Zapdos|100\/100|[from] Volt Switch\n|-ability|p2a: Zapdos|Pressure\n|move|p1a: Smeargle|Sticky Web|p2a: Zapdos\n|-sidestart|p2: yanami-go|move: Sticky Web\n|\n|upkeep\n|turn|2\n|\n|t:|1699920164\n|move|p1a: Smeargle|Spore|p2a: Zapdos\n|-status|p2a: Zapdos|slp|[from] move: Spore\n|cant|p2a: Zapdos|slp\n|\n|upkeep\n|turn|3\n|\n|t:|1699920171\n|switch|p1a: Charizard|Charizard, M|100\/100\n|cant|p2a: Zapdos|slp\n|\n|upkeep\n|turn|4\n|\n|t:|1699920173\n|detailschange|p1a: Charizard|Charizard-Mega-Y, M\n|-mega|p1a: Charizard|Charizard|Charizardite Y\n|-weather|SunnyDay|[from] ability: Drought|[of] p1a: Charizard\n|move|p1a: Charizard|Weather Ball|p2a: Zapdos\n|-damage|p2a: Zapdos|15\/100 slp\n|cant|p2a: Zapdos|slp\n|\n|-weather|SunnyDay|[upkeep]\n|upkeep\n|turn|5\n|\n|t:|1699920179\n|move|p1a: Charizard|Weather Ball|p2a: Zapdos\n|-damage|p2a: Zapdos|0 fnt\n|faint|p2a: Zapdos\n|\n|-weather|SunnyDay|[upkeep]\n|-fieldend|move: Electric Terrain\n|upkeep\n|\n|t:|1699920180\n|switch|p2a: Garganacl|Garganacl, F|100\/100\n|-activate|p2a: Garganacl|move: Sticky Web\n|-unboost|p2a: Garganacl|spe|1\n|turn|6\n|\n|t:|1699920189\n|switch|p1a: Landorus|Landorus-Therian, M|100\/100\n|-ability|p1a: Landorus|Intimidate|boost\n|-unboost|p2a: Garganacl|atk|1\n|-terastallize|p2a: Garganacl|Ghost\n|move|p2a: Garganacl|Salt Cure|p1a: Landorus\n|-damage|p1a: Landorus|89\/100\n|-start|p1a: Landorus|Salt Cure\n|\n|-weather|SunnyDay|[upkeep]\n|-damage|p1a: Landorus|77\/100|[from] Salt Cure\n|upkeep\n|turn|7\n|\n|t:|1699920192\n|move|p1a: Landorus|U-turn|p2a: Garganacl\n|-resisted|p2a: Garganacl\n|-damage|p2a: Garganacl|91\/100\n|\n|t:|1699920194\n|switch|p1a: Smeargle|Smeargle, M|29\/100|[from] U-turn\n|move|p2a: Garganacl|Iron Defense|p2a: Garganacl\n|-boost|p2a: Garganacl|def|2\n|\n|-weather|SunnyDay|[upkeep]\n|-heal|p2a: Garganacl|97\/100|[from] item: Leftovers\n|upkeep\n|turn|8\n|\n|t:|1699920198\n|move|p1a: Smeargle|Ceaseless Edge|p2a: Garganacl\n|-supereffective|p2a: Garganacl\n|-damage|p2a: Garganacl|93\/100\n|-sidestart|p2: yanami-go|Spikes\n|move|p2a: Garganacl|Iron Defense|p2a: Garganacl\n|-boost|p2a: Garganacl|def|2\n|\n|-weather|none\n|-heal|p2a: Garganacl|99\/100|[from] item: Leftovers\n|upkeep\n|turn|9\n|\n|t:|1699920202\n|move|p1a: Smeargle|Stone Axe|p2a: Garganacl\n|-damage|p2a: Garganacl|98\/100\n|-sidestart|p2: yanami-go|move: Stealth Rock\n|move|p2a: Garganacl|Iron Defense|p2a: Garganacl\n|-boost|p2a: Garganacl|def|2\n|\n|-heal|p2a: Garganacl|100\/100|[from] item: Leftovers\n|upkeep\n|turn|10\n|\n|t:|1699920207\n|move|p1a: Smeargle|Sticky Web||[still]\n|-fail|p1a: Smeargle\n|move|p2a: Garganacl|Salt Cure|p1a: Smeargle\n|-damage|p1a: Smeargle|8\/100\n|-start|p1a: Smeargle|Salt Cure\n|\n|-damage|p1a: Smeargle|0 fnt|[from] Salt Cure\n|faint|p1a: Smeargle\n|upkeep\n|\n|t:|1699920215\n|switch|p1a: Charizard|Charizard-Mega-Y, M|100\/100\n|-weather|SunnyDay|[from] ability: Drought|[of] p1a: Charizard\n|turn|11\n|\n|t:|1699920219\n|move|p1a: Charizard|Weather Ball|p2a: Garganacl\n|-damage|p2a: Garganacl|45\/100\n|move|p2a: Garganacl|Salt Cure|p1a: Charizard\n|-supereffective|p1a: Charizard\n|-damage|p1a: Charizard|47\/100\n|-start|p1a: Charizard|Salt Cure\n|\n|-weather|SunnyDay|[upkeep]\n|-heal|p2a: Garganacl|51\/100|[from] item: Leftovers\n|-damage|p1a: Charizard|34\/100|[from] Salt Cure\n|upkeep\n|turn|12\n|\n|t:|1699920222\n|move|p1a: Charizard|Weather Ball|p2a: Garganacl\n|-damage|p2a: Garganacl|0 fnt\n|faint|p2a: Garganacl\n|\n|-weather|SunnyDay|[upkeep]\n|-damage|p1a: Charizard|22\/100|[from] Salt Cure\n|upkeep\n|\n|t:|1699920231\n|switch|p2a: Ditto|Ditto|100\/100\n|-activate|p2a: Ditto|move: Sticky Web\n|-unboost|p2a: Ditto|spe|1\n|-damage|p2a: Ditto|88\/100|[from] Spikes\n|-damage|p2a: Ditto|76\/100|[from] Stealth Rock\n|-transform|p2a: Ditto|p1a: Charizard|[from] ability: Imposter\n|turn|13\n|\n|t:|1699920238\n|move|p2a: Ditto|Weather Ball|p1a: Charizard\n|-resisted|p1a: Charizard\n|-damage|p1a: Charizard|0 fnt\n|faint|p1a: Charizard\n|\n|-weather|SunnyDay|[upkeep]\n|upkeep\n|\n|t:|1699920245\n|switch|p1a: Cloyster|Cloyster, F|100\/100\n|turn|14\n|\n|t:|1699920247\n|move|p2a: Ditto|Weather Ball|p1a: Cloyster\n|-enditem|p1a: Cloyster|Focus Sash\n|-damage|p1a: Cloyster|1\/100\n|move|p1a: Cloyster|Shell Smash|p1a: Cloyster\n|-unboost|p1a: Cloyster|def|1\n|-unboost|p1a: Cloyster|spd|1\n|-boost|p1a: Cloyster|atk|2\n|-boost|p1a: Cloyster|spa|2\n|-boost|p1a: Cloyster|spe|2\n|\n|-weather|SunnyDay|[upkeep]\n|upkeep\n|turn|15\n|\n|t:|1699920249\n|move|p2a: Ditto|Weather Ball|p1a: Cloyster\n|-damage|p1a: Cloyster|0 fnt\n|faint|p1a: Cloyster\n|\n|-weather|none\n|upkeep\n|\n|t:|1699920255\n|switch|p1a: Jirachi|Jirachi, shiny|100\/100\n|turn|16\n|\n|t:|1699920260\n|switch|p2a: Ogerpon|Ogerpon-Wellspring, F|100\/100\n|-activate|p2a: Ogerpon|move: Sticky Web\n|-unboost|p2a: Ogerpon|spe|1\n|-damage|p2a: Ogerpon|88\/100|[from] Spikes\n|-damage|p2a: Ogerpon|76\/100|[from] Stealth Rock\n|-zpower|p1a: Jirachi\n|move|p1a: Jirachi|Z-Happy Hour|p1a: Jirachi|[anim]Happy Hour\n|-boost|p1a: Jirachi|atk|1|[zeffect]\n|-boost|p1a: Jirachi|def|1|[zeffect]\n|-boost|p1a: Jirachi|spa|1|[zeffect]\n|-boost|p1a: Jirachi|spd|1|[zeffect]\n|-boost|p1a: Jirachi|spe|1|[zeffect]\n|\n|upkeep\n|turn|17\n|\n|t:|1699920265\n|move|p1a: Jirachi|Stored Power|p2a: Ogerpon\n|-damage|p2a: Ogerpon|0 fnt\n|faint|p2a: Ogerpon\n|\n|upkeep\n|\n|t:|1699920272\n|switch|p2a: Ditto|Ditto|76\/100\n|-activate|p2a: Ditto|move: Sticky Web\n|-unboost|p2a: Ditto|spe|1\n|-damage|p2a: Ditto|63\/100|[from] Spikes\n|-damage|p2a: Ditto|51\/100|[from] Stealth Rock\n|-transform|p2a: Ditto|p1a: Jirachi|[from] ability: Imposter\n|turn|18\n|\n|t:|1699920280\n|move|p2a: Ditto|Thunderbolt|p1a: Jirachi\n|-damage|p1a: Jirachi|73\/100\n|-status|p1a: Jirachi|par\n|cant|p1a: Jirachi|par\n|\n|upkeep\n|turn|19\n|\n|t:|1699920285\n|move|p2a: Ditto|Thunderbolt|p1a: Jirachi\n|-damage|p1a: Jirachi|48\/100 par\n|move|p1a: Jirachi|Thunderbolt|p2a: Ditto\n|-damage|p2a: Ditto|21\/100\n|\n|upkeep\n|turn|20\n|\n|t:|1699920287\n|move|p2a: Ditto|Thunderbolt|p1a: Jirachi\n|-damage|p1a: Jirachi|23\/100 par\n|cant|p1a: Jirachi|par\n|\n|upkeep\n|turn|21\n|\n|t:|1699920294\n|move|p2a: Ditto|Thunderbolt|p1a: Jirachi\n|-damage|p1a: Jirachi|0 fnt\n|faint|p1a: Jirachi\n|\n|upkeep\n|\n|t:|1699920298\n|switch|p1a: Zapdos|Zapdos-Galar|100\/100\n|turn|22\n|\n|t:|1699920304\n|move|p2a: Ditto|Thunderbolt|p1a: Zapdos\n|-supereffective|p1a: Zapdos\n|-damage|p1a: Zapdos|17\/100\n|move|p1a: Zapdos|Close Combat|p2a: Ditto\n|-damage|p2a: Ditto|0 fnt\n|-unboost|p1a: Zapdos|def|1\n|-unboost|p1a: Zapdos|spd|1\n|faint|p2a: Ditto\n|\n|upkeep\n|\n|t:|1699920307\n|switch|p2a: Dragonite|Dragonite, F|100\/100\n|turn|23\n|\n|t:|1699920309\n|switch|p1a: Landorus|Landorus-Therian, M|77\/100\n|-ability|p1a: Landorus|Intimidate|boost\n|-unboost|p2a: Dragonite|atk|1\n|move|p2a: Dragonite|Extreme Speed|p1a: Landorus\n|-damage|p1a: Landorus|53\/100\n|\n|upkeep\n|turn|24\n|\n|t:|1699920313\n|move|p1a: Landorus|U-turn|p2a: Dragonite\n|-resisted|p2a: Dragonite\n|-damage|p2a: Dragonite|95\/100\n|\n|t:|1699920315\n|switch|p1a: Zapdos|Zapdos-Galar|17\/100|[from] U-turn\n|move|p2a: Dragonite|Curse|p2a: Dragonite\n|-unboost|p2a: Dragonite|spe|1\n|-boost|p2a: Dragonite|atk|1\n|-boost|p2a: Dragonite|def|1\n|\n|upkeep\n|turn|25\n|\n|t:|1699920318\n|move|p1a: Zapdos|Brave Bird|p2a: Dragonite\n|-damage|p2a: Dragonite|57\/100\n|-damage|p1a: Zapdos|2\/100|[from] Recoil\n|move|p2a: Dragonite|Curse|p2a: Dragonite\n|-unboost|p2a: Dragonite|spe|1\n|-boost|p2a: Dragonite|atk|1\n|-boost|p2a: Dragonite|def|1\n|\n|upkeep\n|turn|26\n|-message|ImagineWagins forfeited.\n|\n|win|yanami-go\n|raw|ImagineWagins's rating: 1661 &rarr; <strong>1638<\/strong><br \/>(-23 for losing)\n|raw|yanami-go's rating: 1617 &rarr; <strong>1640<\/strong><br \/>(+23 for winning)\n|l|\u2606ImagineWagins\n","uploadtime":1699920338,"views":7,"p1id":"imaginewagins","p2id":"yanamigo","formatid":"gen9nationaldex","rating":1638,"private":0,"password":""}