{"id":"gen9nationaldex-1991481219","p1":"Knight-Umbreon","p2":"oscarlord","format":"[Gen 9] National Dex","log":"|j|\u2606Knight-Umbreon\n|j|\u2606oscarlord\n|t:|1700080890\n|gametype|singles\n|player|p1|Knight-Umbreon|266|\n|player|p2|oscarlord|169|\n|teamsize|p1|6\n|teamsize|p2|6\n|gen|9\n|tier|[Gen 9] National Dex\n|rule|HP Percentage Mod: HP is shown in percentages\n|rule|Endless Battle Clause: Forcing endless battles is banned\n|rule|OHKO Clause: OHKO moves are banned\n|rule|Evasion Clause: Evasion abilities, items, and moves are banned\n|rule|Evasion Abilities Clause: Evasion abilities are banned\n|rule|Evasion Items Clause: Evasion items are banned\n|rule|Evasion Moves Clause: Evasion moves are banned\n|rule|Species Clause: Limit one of each Pok\u00e9mon\n|rule|Sleep Clause Mod: Limit one foe put to sleep\n|clearpoke\n|poke|p1|Vivillon-Pokeball, F|\n|poke|p1|Gengar, F|\n|poke|p1|Crobat, F|\n|poke|p1|Mamoswine, F|\n|poke|p1|Metagross|\n|poke|p1|Tatsugiri, M|\n|poke|p2|Rotom-Frost|\n|poke|p2|Vivillon-Fancy, F|\n|poke|p2|Crobat, M|\n|poke|p2|Metagross|\n|poke|p2|Gengar, M|\n|poke|p2|Cyclizar, M|\n|teampreview\n|c|\u2606oscarlord|:D\n|c|\u2606Knight-Umbreon|Bueno\n|c|\u2606Knight-Umbreon|veremos como termina esto\n|\n|t:|1700080930\n|start\n|switch|p1a: Vivillon|Vivillon-Pokeball, F|100\/100\n|switch|p2a: Vivillon|Vivillon-Fancy, F|100\/100\n|turn|1\n|\n|t:|1700080940\n|move|p2a: Vivillon|Quiver Dance|p2a: Vivillon\n|-boost|p2a: Vivillon|spa|1\n|-boost|p2a: Vivillon|spd|1\n|-boost|p2a: Vivillon|spe|1\n|move|p1a: Vivillon|Substitute|p1a: Vivillon\n|-start|p1a: Vivillon|Substitute\n|-damage|p1a: Vivillon|76\/100\n|\n|upkeep\n|turn|2\n|\n|t:|1700080953\n|move|p2a: Vivillon|Quiver Dance|p2a: Vivillon\n|-boost|p2a: Vivillon|spa|1\n|-boost|p2a: Vivillon|spd|1\n|-boost|p2a: Vivillon|spe|1\n|move|p1a: Vivillon|Quiver Dance|p1a: Vivillon\n|-boost|p1a: Vivillon|spa|1\n|-boost|p1a: Vivillon|spd|1\n|-boost|p1a: Vivillon|spe|1\n|\n|upkeep\n|turn|3\n|\n|t:|1700080961\n|move|p2a: Vivillon|Hurricane|p1a: Vivillon\n|-supereffective|p1a: Vivillon\n|-end|p1a: Vivillon|Substitute\n|move|p1a: Vivillon|Hurricane|p2a: Vivillon\n|-supereffective|p2a: Vivillon\n|-enditem|p2a: Vivillon|Focus Sash\n|-damage|p2a: Vivillon|1\/100\n|-start|p2a: Vivillon|confusion\n|\n|upkeep\n|turn|4\n|\n|t:|1700080971\n|-activate|p2a: Vivillon|confusion\n|move|p2a: Vivillon|Hurricane|p1a: Vivillon\n|-supereffective|p1a: Vivillon\n|-damage|p1a: Vivillon|0 fnt\n|faint|p1a: Vivillon\n|\n|upkeep\n|\n|t:|1700080979\n|switch|p1a: Crobat|Crobat, F|100\/100\n|turn|5\n|\n|t:|1700080983\n|-activate|p2a: Vivillon|confusion\n|move|p2a: Vivillon|Sleep Powder|p1a: Crobat\n|-status|p1a: Crobat|slp|[from] move: Sleep Powder\n|cant|p1a: Crobat|slp\n|\n|upkeep\n|turn|6\n|\n|t:|1700080990\n|-activate|p2a: Vivillon|confusion\n|-damage|p2a: Vivillon|0 fnt|[from] confusion\n|faint|p2a: Vivillon\n|cant|p1a: Crobat|slp\n|\n|upkeep\n|\n|t:|1700080995\n|switch|p2a: Rotom|Rotom-Frost|100\/100\n|turn|7\n|\n|t:|1700081000\n|move|p2a: Rotom|Thunderbolt|p1a: Crobat\n|-supereffective|p1a: Crobat\n|-damage|p1a: Crobat|0 fnt\n|faint|p1a: Crobat\n|\n|upkeep\n|\n|t:|1700081019\n|switch|p1a: Metagross|Metagross, shiny|100\/100\n|turn|8\n|\n|t:|1700081045\n|switch|p2a: Cyclizar|Cyclizar, M|100\/100\n|move|p1a: Metagross|Iron Head|p2a: Cyclizar\n|-crit|p2a: Cyclizar\n|-damage|p2a: Cyclizar|0 fnt\n|faint|p2a: Cyclizar\n|\n|upkeep\n|\n|t:|1700081055\n|switch|p2a: Metagross|Metagross|100\/100\n|turn|9\n|\n|t:|1700081086\n|switch|p1a: Mamoswine|Mamoswine, F|100\/100\n|move|p2a: Metagross|Earthquake|p1a: Mamoswine\n|-damage|p1a: Mamoswine|58\/100\n|\n|upkeep\n|turn|10\n|\n|t:|1700081097\n|-terastallize|p2a: Metagross|Dark\n|move|p1a: Mamoswine|Stealth Rock|p2a: Metagross\n|-sidestart|p2: oscarlord|move: Stealth Rock\n|move|p2a: Metagross|Meteor Mash|p1a: Mamoswine\n|-supereffective|p1a: Mamoswine\n|-damage|p1a: Mamoswine|0 fnt\n|faint|p1a: Mamoswine\n|\n|upkeep\n|\n|t:|1700081111\n|switch|p1a: Gengar|Gengar, F|100\/100\n|turn|11\n|\n|t:|1700081120\n|-terastallize|p1a: Gengar|Normal\n|move|p1a: Gengar|Focus Blast|p2a: Metagross\n|-supereffective|p2a: Metagross\n|-damage|p2a: Metagross|23\/100\n|-damage|p1a: Gengar|91\/100|[from] item: Life Orb\n|move|p2a: Metagross|Pursuit|p1a: Gengar\n|-damage|p1a: Gengar|25\/100\n|\n|upkeep\n|turn|12\n|\n|t:|1700081132\n|switch|p2a: Crobat|Crobat, M|100\/100\n|-damage|p2a: Crobat|76\/100|[from] Stealth Rock\n|move|p1a: Gengar|Sludge Bomb|p2a: Crobat\n|-resisted|p2a: Crobat\n|-damage|p2a: Crobat|40\/100\n|-damage|p1a: Gengar|15\/100|[from] item: Life Orb\n|\n|-heal|p2a: Crobat|46\/100|[from] item: Black Sludge\n|upkeep\n|turn|13\n|\n|t:|1700081149\n|move|p2a: Crobat|Roost|p2a: Crobat\n|-heal|p2a: Crobat|96\/100\n|-singleturn|p2a: Crobat|move: Roost\n|move|p1a: Gengar|Dark Pulse|p2a: Crobat\n|-crit|p2a: Crobat\n|-damage|p2a: Crobat|40\/100\n|-damage|p1a: Gengar|5\/100|[from] item: Life Orb\n|\n|-heal|p2a: Crobat|46\/100|[from] item: Black Sludge\n|upkeep\n|turn|14\n|\n|t:|1700081158\n|move|p2a: Crobat|Roost|p2a: Crobat\n|-heal|p2a: Crobat|96\/100\n|-singleturn|p2a: Crobat|move: Roost\n|move|p1a: Gengar|Dark Pulse|p2a: Crobat\n|-damage|p2a: Crobat|57\/100\n|-damage|p1a: Gengar|0 fnt|[from] item: Life Orb\n|faint|p1a: Gengar\n|\n|-heal|p2a: Crobat|63\/100|[from] item: Black Sludge\n|upkeep\n|\n|t:|1700081168\n|switch|p1a: Tatsugiri|Tatsugiri, M|100\/100\n|turn|15\n|\n|t:|1700081171\n|move|p2a: Crobat|Taunt|p1a: Tatsugiri\n|-start|p1a: Tatsugiri|move: Taunt\n|move|p1a: Tatsugiri|Rapid Spin|p2a: Crobat\n|-damage|p2a: Crobat|56\/100\n|-boost|p1a: Tatsugiri|spe|1\n|\n|-heal|p2a: Crobat|63\/100|[from] item: Black Sludge\n|upkeep\n|turn|16\n|\n|t:|1700081179\n|move|p1a: Tatsugiri|Hydro Pump|p2a: Crobat\n|-damage|p2a: Crobat|1\/100\n|move|p2a: Crobat|Super Fang|p1a: Tatsugiri\n|-damage|p1a: Tatsugiri|51\/100\n|\n|-heal|p1a: Tatsugiri|57\/100|[from] item: Leftovers\n|-heal|p2a: Crobat|7\/100|[from] item: Black Sludge\n|upkeep\n|turn|17\n|\n|t:|1700081190\n|switch|p2a: Rotom|Rotom-Frost|100\/100\n|-damage|p2a: Rotom|76\/100|[from] Stealth Rock\n|move|p1a: Tatsugiri|Rapid Spin|p2a: Rotom\n|-damage|p2a: Rotom|67\/100\n|-boost|p1a: Tatsugiri|spe|1\n|\n|-heal|p1a: Tatsugiri|63\/100|[from] item: Leftovers\n|-end|p1a: Tatsugiri|move: Taunt\n|upkeep\n|turn|18\n|\n|t:|1700081200\n|move|p1a: Tatsugiri|Draco Meteor|p2a: Rotom|[miss]\n|-miss|p1a: Tatsugiri|p2a: Rotom\n|move|p2a: Rotom|Trick|p1a: Tatsugiri\n|-activate|p2a: Rotom|move: Trick|[of] p1a: Tatsugiri\n|-item|p1a: Tatsugiri|Choice Scarf|[from] move: Trick\n|-item|p2a: Rotom|Leftovers|[from] move: Trick\n|\n|-heal|p2a: Rotom|74\/100|[from] item: Leftovers\n|upkeep\n|turn|19\n|\n|t:|1700081210\n|move|p1a: Tatsugiri|Draco Meteor|p2a: Rotom\n|-damage|p2a: Rotom|0 fnt\n|-unboost|p1a: Tatsugiri|spa|2\n|faint|p2a: Rotom\n|\n|upkeep\n|\n|t:|1700081219\n|switch|p2a: Gengar|Gengar, M, shiny|100\/100\n|-damage|p2a: Gengar|88\/100|[from] Stealth Rock\n|turn|20\n|\n|t:|1700081225\n|move|p1a: Tatsugiri|Draco Meteor|p2a: Gengar|[miss]\n|-miss|p1a: Tatsugiri|p2a: Gengar\n|move|p2a: Gengar|Dazzling Gleam|p1a: Tatsugiri\n|-supereffective|p1a: Tatsugiri\n|-damage|p1a: Tatsugiri|0 fnt\n|faint|p1a: Tatsugiri\n|\n|upkeep\n|\n|t:|1700081228\n|switch|p1a: Metagross|Metagross, shiny|100\/100\n|turn|21\n|\n|t:|1700081238\n|move|p2a: Gengar|Dazzling Gleam|p1a: Metagross\n|-resisted|p1a: Metagross\n|-damage|p1a: Metagross|79\/100\n|move|p1a: Metagross|Hone Claws|p1a: Metagross\n|-boost|p1a: Metagross|atk|1\n|-boost|p1a: Metagross|accuracy|1\n|\n|-heal|p1a: Metagross|85\/100|[from] item: Leftovers\n|upkeep\n|turn|22\n|\n|t:|1700081246\n|switch|p2a: Crobat|Crobat, M|7\/100\n|-damage|p2a: Crobat|0 fnt|[from] Stealth Rock\n|faint|p2a: Crobat\n|move|p1a: Metagross|Iron Head|p2: Crobat|[notarget]\n|-fail|p1a: Metagross\n|\n|-heal|p1a: Metagross|91\/100|[from] item: Leftovers\n|upkeep\n|\n|t:|1700081257\n|switch|p2a: Gengar|Gengar, M, shiny|88\/100\n|-damage|p2a: Gengar|76\/100|[from] Stealth Rock\n|turn|23\n|\n|t:|1700081264\n|move|p2a: Gengar|Shadow Ball|p1a: Metagross\n|-supereffective|p1a: Metagross\n|-damage|p1a: Metagross|0 fnt\n|faint|p1a: Metagross\n|\n|win|oscarlord\n","uploadtime":1700081292,"views":4,"p1id":"knightumbreon","p2id":"oscarlord","formatid":"gen9nationaldex","rating":0,"private":0,"password":""}