{"id":"gen9nationaldex-1995506834","p1":"SrPorquet","p2":"ElisaIsATransDinos","format":"[Gen 9] National Dex","log":"|html|<div class=\"broadcast-blue\"><strong>[Gen 9] National Dex is currently suspecting Sneasler! For information on how to participate check out the <a href=\"https:\/\/www.smogon.com\/forums\/threads\/sv-national-dex-suspect-8-just-dance.3731534\/\">suspect thread<\/a>.<\/strong><\/div>\n|j|\u203dSrPorquet\n|j|\u2606ElisaIsATransDinos\n|t:|1700578088\n|gametype|singles\n|player|p1|SrPorquet|falkner|1223\n|player|p2|ElisaIsATransDinos|evelyn|1177\n|teamsize|p1|6\n|teamsize|p2|6\n|gen|9\n|tier|[Gen 9] National Dex\n|rated|\n|rule|HP Percentage Mod: HP is shown in percentages\n|rule|Endless Battle Clause: Forcing endless battles is banned\n|rule|OHKO Clause: OHKO moves are banned\n|rule|Evasion Clause: Evasion abilities, items, and moves are banned\n|rule|Evasion Abilities Clause: Evasion abilities are banned\n|rule|Evasion Items Clause: Evasion items are banned\n|rule|Evasion Moves Clause: Evasion moves are banned\n|rule|Species Clause: Limit one of each Pok\u00e9mon\n|rule|Sleep Clause Mod: Limit one foe put to sleep\n|clearpoke\n|poke|p1|Pidgeot, M|\n|poke|p1|Magmortar, M|\n|poke|p1|Raichu, F|\n|poke|p1|Clefable, M|\n|poke|p1|Vileplume, M|\n|poke|p1|Politoed, M|\n|poke|p2|Scolipede, F|\n|poke|p2|Tornadus-Therian, M|\n|poke|p2|Gothitelle, F|\n|poke|p2|Serperior, F|\n|poke|p2|Cinccino, F|\n|poke|p2|Keldeo-Resolute|\n|teampreview\n|inactive|Battle timer is ON: inactive players will automatically lose when time's up. (requested by ElisaIsATransDinos)\n|\n|t:|1700578099\n|start\n|switch|p1a: Raichu|Raichu, F|100\/100\n|switch|p2a: Scolipede|Scolipede, F, shiny|100\/100\n|turn|1\n|\n|t:|1700578124\n|move|p1a: Raichu|Nuzzle|p2a: Scolipede\n|-damage|p2a: Scolipede|86\/100\n|-status|p2a: Scolipede|par\n|-damage|p1a: Raichu|91\/100|[from] item: Life Orb\n|cant|p2a: Scolipede|par\n|\n|-ability|p2a: Scolipede|Speed Boost|boost\n|-boost|p2a: Scolipede|spe|1\n|upkeep\n|turn|2\n|\n|t:|1700578129\n|move|p1a: Raichu|Volt Tackle|p2a: Scolipede\n|-damage|p2a: Scolipede|0 fnt\n|faint|p2a: Scolipede\n|-damage|p1a: Raichu|63\/100|[from] Recoil\n|-damage|p1a: Raichu|53\/100|[from] item: Life Orb\n|\n|upkeep\n|\n|t:|1700578135\n|switch|p2a: Serperior|Serperior, F, shiny|100\/100\n|turn|3\n|\n|t:|1700578140\n|switch|p1a: Vileplume|Vileplume, M|100\/100\n|move|p2a: Serperior|Leaf Storm|p1a: Vileplume\n|-resisted|p1a: Vileplume\n|-damage|p1a: Vileplume|89\/100\n|-boost|p2a: Serperior|spa|2\n|\n|-heal|p1a: Vileplume|95\/100|[from] item: Leftovers\n|upkeep\n|turn|4\n|\n|t:|1700578146\n|move|p2a: Serperior|Hidden Power|p1a: Vileplume\n|-supereffective|p1a: Vileplume\n|-damage|p1a: Vileplume|37\/100\n|move|p1a: Vileplume|Sludge Bomb|p2a: Serperior\n|-supereffective|p2a: Serperior\n|-crit|p2a: Serperior\n|-damage|p2a: Serperior|0 fnt\n|faint|p2a: Serperior\n|\n|-heal|p1a: Vileplume|43\/100|[from] item: Leftovers\n|upkeep\n|\n|t:|1700578152\n|switch|p2a: Tornadus|Tornadus-Therian, M, shiny|100\/100\n|turn|5\n|\n|t:|1700578162\n|move|p2a: Tornadus|Bleakwind Storm|p1a: Vileplume\n|-supereffective|p1a: Vileplume\n|-damage|p1a: Vileplume|0 fnt\n|faint|p1a: Vileplume\n|\n|upkeep\n|\n|t:|1700578187\n|switch|p1a: Politoed|Politoed, M|100\/100\n|turn|6\n|\n|t:|1700578192\n|move|p2a: Tornadus|Bleakwind Storm|p1a: Politoed\n|-damage|p1a: Politoed|54\/100\n|move|p1a: Politoed|Ice Beam|p2a: Tornadus\n|-supereffective|p2a: Tornadus\n|-damage|p2a: Tornadus|39\/100\n|\n|-heal|p1a: Politoed|60\/100|[from] item: Leftovers\n|upkeep\n|turn|7\n|\n|t:|1700578203\n|switch|p2a: Keldeo|Keldeo-Resolute|100\/100\n|move|p1a: Politoed|Psychic|p2a: Keldeo\n|-supereffective|p2a: Keldeo\n|-damage|p2a: Keldeo|62\/100\n|\n|-heal|p1a: Politoed|66\/100|[from] item: Leftovers\n|upkeep\n|turn|8\n|\n|t:|1700578210\n|move|p2a: Keldeo|Air Slash|p1a: Politoed\n|-crit|p1a: Politoed\n|-damage|p1a: Politoed|26\/100\n|move|p1a: Politoed|Psychic|p2a: Keldeo\n|-supereffective|p2a: Keldeo\n|-damage|p2a: Keldeo|28\/100\n|\n|-heal|p1a: Politoed|32\/100|[from] item: Leftovers\n|upkeep\n|turn|9\n|\n|t:|1700578218\n|move|p2a: Keldeo|Secret Sword|p1a: Politoed\n|-damage|p1a: Politoed|0 fnt\n|faint|p1a: Politoed\n|\n|upkeep\n|\n|t:|1700578224\n|switch|p1a: Pidgeot|Pidgeot, M|100\/100\n|turn|10\n|\n|t:|1700578227\n|detailschange|p1a: Pidgeot|Pidgeot-Mega, M\n|-mega|p1a: Pidgeot|Pidgeot|Pidgeotite\n|move|p1a: Pidgeot|Hurricane|p2a: Keldeo\n|-supereffective|p2a: Keldeo\n|-damage|p2a: Keldeo|0 fnt\n|faint|p2a: Keldeo\n|\n|upkeep\n|\n|t:|1700578237\n|switch|p2a: Gothitelle|Gothitelle, F, shiny|100\/100\n|turn|11\n|\n|t:|1700578240\n|move|p2a: Gothitelle|Fake Out|p1a: Pidgeot\n|-damage|p1a: Pidgeot|94\/100\n|cant|p1a: Pidgeot|flinch\n|\n|upkeep\n|turn|12\n|\n|t:|1700578243\n|move|p1a: Pidgeot|Hurricane|p2a: Gothitelle\n|-damage|p2a: Gothitelle|66\/100\n|move|p2a: Gothitelle|Charge Beam|p1a: Pidgeot\n|-supereffective|p1a: Pidgeot\n|-damage|p1a: Pidgeot|56\/100\n|-boost|p2a: Gothitelle|spa|1\n|\n|upkeep\n|turn|13\n|\n|t:|1700578248\n|switch|p1a: Raichu|Raichu, F|53\/100\n|move|p2a: Gothitelle|Charge Beam|p1a: Raichu\n|-ability|p1a: Raichu|Lightning Rod|boost\n|-boost|p1a: Raichu|spa|1\n|\n|upkeep\n|turn|14\n|\n|t:|1700578262\n|-terastallize|p1a: Raichu|Electric\n|move|p1a: Raichu|Volt Tackle|p2a: Gothitelle\n|-damage|p2a: Gothitelle|0 fnt\n|faint|p2a: Gothitelle\n|-damage|p1a: Raichu|24\/100|[from] Recoil\n|-damage|p1a: Raichu|14\/100|[from] item: Life Orb\n|\n|upkeep\n|\n|t:|1700578285\n|switch|p2a: Fav Mon Ever|Cinccino, F, shiny|100\/100\n|turn|15\n|\n|t:|1700578289\n|move|p1a: Raichu|Extreme Speed|p2a: Fav Mon Ever\n|-damage|p2a: Fav Mon Ever|52\/100\n|-damage|p1a: Raichu|4\/100|[from] item: Life Orb\n|move|p2a: Fav Mon Ever|U-turn|p1a: Raichu\n|-damage|p1a: Raichu|0 fnt\n|faint|p1a: Raichu\n|\n|t:|1700578298\n|switch|p2a: Tornadus|Tornadus-Therian, M, shiny|72\/100|[from] U-turn\n|\n|upkeep\n|\n|t:|1700578300\n|switch|p1a: Magmortar|Magmortar, M|100\/100\n|turn|16\n|inactive|ElisaIsATransDinos has 120 seconds left.\n|l|\u2606ElisaIsATransDinos\n|inactive|ElisaIsATransDinos disconnected and has a minute to reconnect!\n|player|p2|\n|inactive|ElisaIsATransDinos has 30 seconds to reconnect!\n|inactive|ElisaIsATransDinos has 20 seconds to reconnect!\n|inactive|ElisaIsATransDinos has 15 seconds to reconnect!\n|inactive|ElisaIsATransDinos has 10 seconds to reconnect!\n|inactive|ElisaIsATransDinos has 5 seconds to reconnect!\n|-message|ElisaIsATransDinos lost due to inactivity.\n|\n|win|SrPorquet\n|raw|SrPorquet's rating: 1223 &rarr; <strong>1245<\/strong><br \/>(+22 for winning)\n|raw|ElisaIsATransDinos's rating: 1177 &rarr; <strong>1155<\/strong><br \/>(-22 for losing)\n","uploadtime":1700578413,"views":3,"p1id":"srporquet","p2id":"elisaisatransdinos","formatid":"gen9nationaldex","rating":1155,"private":0,"password":""}