{"id":"gen9nationaldex-1998708381","p1":"Ivan9plus","p2":"Red Ragnor","format":"[Gen 9] National Dex","log":"|html|<div class=\"broadcast-blue\"><strong>[Gen 9] National Dex is currently suspecting Sneasler! For information on how to participate check out the <a href=\"https:\/\/www.smogon.com\/forums\/threads\/sv-national-dex-suspect-8-just-dance.3731534\/\">suspect thread<\/a>.<\/strong><\/div>\n|j|\u2606Ivan9plus\n|j|\u2606Red Ragnor\n|t:|1700975707\n|gametype|singles\n|player|p1|Ivan9plus|lucas|\n|player|p2|Red Ragnor|265|\n|teamsize|p1|6\n|teamsize|p2|6\n|gen|9\n|tier|[Gen 9] National Dex\n|rule|HP Percentage Mod: HP is shown in percentages\n|rule|Endless Battle Clause: Forcing endless battles is banned\n|rule|OHKO Clause: OHKO moves are banned\n|rule|Evasion Clause: Evasion abilities, items, and moves are banned\n|rule|Evasion Abilities Clause: Evasion abilities are banned\n|rule|Evasion Items Clause: Evasion items are banned\n|rule|Evasion Moves Clause: Evasion moves are banned\n|rule|Species Clause: Limit one of each Pok\u00e9mon\n|rule|Sleep Clause Mod: Limit one foe put to sleep\n|clearpoke\n|poke|p1|Audino, F|\n|poke|p1|Corsola, F|\n|poke|p1|Togekiss, M|\n|poke|p1|Dragonair, F|\n|poke|p1|Pachirisu, M|\n|poke|p1|Meloetta|\n|poke|p2|Chansey, F|\n|poke|p2|Ninetales-Alola, M|\n|poke|p2|Manaphy|\n|poke|p2|Ceruledge, F|\n|poke|p2|Ribombee, M|\n|poke|p2|Pachirisu, M|\n|teampreview\n|inactive|Battle timer is ON: inactive players will automatically lose when time's up. (requested by Red Ragnor)\n|inactiveoff|Battle timer is now OFF.\n|\n|t:|1700975743\n|start\n|switch|p1a: Corsola|Corsola, F|100\/100\n|switch|p2a: Ribombee|Ribombee, M|100\/100\n|turn|1\n|\n|t:|1700975753\n|move|p2a: Ribombee|Sticky Web|p1a: Corsola\n|-sidestart|p1: Ivan9plus|move: Sticky Web\n|move|p1a: Corsola|Toxic|p2a: Ribombee\n|-status|p2a: Ribombee|tox\n|\n|-damage|p2a: Ribombee|94\/100 tox|[from] psn\n|upkeep\n|turn|2\n|\n|t:|1700975783\n|move|p2a: Ribombee|Moonblast|p1a: Corsola\n|-damage|p1a: Corsola|71\/100\n|move|p1a: Corsola|Stealth Rock|p2a: Ribombee\n|-sidestart|p2: Red Ragnor|move: Stealth Rock\n|\n|-damage|p2a: Ribombee|82\/100 tox|[from] psn\n|upkeep\n|turn|3\n|\n|t:|1700975799\n|switch|p2a: Pachirisu|Pachirisu, M|100\/100\n|-damage|p2a: Pachirisu|88\/100|[from] Stealth Rock\n|move|p1a: Corsola|Rock Blast|p2a: Pachirisu|[miss]\n|-miss|p1a: Corsola|p2a: Pachirisu\n|\n|upkeep\n|turn|4\n|c|\u2606Ivan9plus|XD\n|\n|t:|1700975819\n|switch|p1a: Pachirisu|Pachirisu, M|100\/100\n|-item|p1a: Pachirisu|Air Balloon\n|move|p2a: Pachirisu|Volt Switch|p1a: Pachirisu\n|-resisted|p1a: Pachirisu\n|-damage|p1a: Pachirisu|93\/100\n|-enditem|p1a: Pachirisu|Air Balloon\n|\n|t:|1700975835\n|switch|p2a: Ninetales|Ninetales-Alola, M|100\/100|[from] Volt Switch\n|-damage|p2a: Ninetales|76\/100|[from] Stealth Rock\n|-weather|Snow|[from] ability: Snow Warning|[of] p2a: Ninetales\n|\n|-weather|Snow|[upkeep]\n|upkeep\n|turn|5\n|\n|t:|1700975845\n|move|p2a: Ninetales|Aurora Veil|p2a: Ninetales\n|-sidestart|p2: Red Ragnor|move: Aurora Veil\n|move|p1a: Pachirisu|Nuzzle|p2a: Ninetales\n|-damage|p2a: Ninetales|74\/100\n|-status|p2a: Ninetales|par\n|\n|-weather|Snow|[upkeep]\n|upkeep\n|turn|6\n|\n|t:|1700975857\n|move|p1a: Pachirisu|Encore|p2a: Ninetales\n|-start|p2a: Ninetales|Encore\n|move|p2a: Ninetales|Aurora Veil||[still]\n|-fail|p2a: Ninetales\n|\n|-weather|Snow|[upkeep]\n|upkeep\n|turn|7\n|\n|t:|1700975872\n|switch|p2a: Pachirisu|Pachirisu, M|88\/100\n|-damage|p2a: Pachirisu|76\/100|[from] Stealth Rock\n|move|p1a: Pachirisu|Super Fang|p2a: Pachirisu\n|-damage|p2a: Pachirisu|38\/100\n|-enditem|p2a: Pachirisu|Sitrus Berry|[eat]\n|-heal|p2a: Pachirisu|63\/100|[from] item: Sitrus Berry\n|\n|-weather|Snow|[upkeep]\n|-item|p1a: Pachirisu|Sitrus Berry|[from] ability: Pickup\n|upkeep\n|turn|8\n|\n|t:|1700975892\n|move|p2a: Pachirisu|Super Fang|p1a: Pachirisu\n|-damage|p1a: Pachirisu|47\/100\n|-enditem|p1a: Pachirisu|Sitrus Berry|[eat]\n|-heal|p1a: Pachirisu|72\/100|[from] item: Sitrus Berry\n|move|p1a: Pachirisu|Super Fang|p2a: Pachirisu\n|-damage|p2a: Pachirisu|32\/100\n|\n|-weather|none\n|upkeep\n|turn|9\n|\n|t:|1700975905\n|move|p2a: Pachirisu|Super Fang|p1a: Pachirisu|[miss]\n|-miss|p2a: Pachirisu|p1a: Pachirisu\n|move|p1a: Pachirisu|Discharge|p2a: Pachirisu\n|-heal|p2a: Pachirisu|57\/100|[from] ability: Volt Absorb|[of] p1a: Pachirisu\n|\n|upkeep\n|turn|10\n|c|\u2606Ivan9plus|XDXDXD\n|\n|t:|1700975928\n|move|p2a: Pachirisu|Super Fang|p1a: Pachirisu\n|-damage|p1a: Pachirisu|36\/100\n|move|p1a: Pachirisu|Super Fang|p2a: Pachirisu\n|-damage|p2a: Pachirisu|29\/100\n|\n|upkeep\n|turn|11\n|\n|t:|1700975945\n|switch|p1a: Meloetta|Meloetta|100\/100\n|-activate|p1a: Meloetta|move: Sticky Web\n|-unboost|p1a: Meloetta|spe|1\n|move|p2a: Pachirisu|Super Fang|p1a: Meloetta\n|-damage|p1a: Meloetta|50\/100\n|\n|upkeep\n|turn|12\n|\n|t:|1700975957\n|move|p2a: Pachirisu|Volt Switch|p1a: Meloetta\n|-damage|p1a: Meloetta|41\/100\n|\n|t:|1700975966\n|switch|p2a: Chansey|Chansey, F|100\/100|[from] Volt Switch\n|-damage|p2a: Chansey|88\/100|[from] Stealth Rock\n|move|p1a: Meloetta|Trick Room|p1a: Meloetta\n|-fieldstart|move: Trick Room|[of] p1a: Meloetta\n|\n|-sideend|p2: Red Ragnor|move: Aurora Veil\n|upkeep\n|turn|13\n|\n|t:|1700975978\n|-zpower|p1a: Meloetta\n|move|p1a: Meloetta|Breakneck Blitz|p2a: Chansey|[zeffect]\n|-damage|p2a: Chansey|63\/100\n|move|p2a: Chansey|Stealth Rock|p1a: Meloetta\n|-sidestart|p1: Ivan9plus|move: Stealth Rock\n|\n|upkeep\n|turn|14\n|c|\u2606Ivan9plus|NMMMs que no esa cosa era fragil\n|c|\u2606Red Ragnor|Por la parte f\u00edsica\n|c|\u2606Ivan9plus|aahhh\n|\n|t:|1700976015\n|switch|p1a: Dragonair|Dragonair, F|100\/100\n|-activate|p1a: Dragonair|move: Sticky Web\n|-unboost|p1a: Dragonair|spe|1\n|-damage|p1a: Dragonair|88\/100|[from] Stealth Rock\n|move|p2a: Chansey|Seismic Toss|p1a: Dragonair\n|-damage|p1a: Dragonair|50\/100\n|\n|upkeep\n|turn|15\n|\n|t:|1700976032\n|switch|p2a: Ninetales|Ninetales-Alola, M|74\/100 par\n|-damage|p2a: Ninetales|49\/100 par|[from] Stealth Rock\n|-weather|Snow|[from] ability: Snow Warning|[of] p2a: Ninetales\n|move|p1a: Dragonair|Extreme Speed|p2a: Ninetales\n|-damage|p2a: Ninetales|26\/100 par\n|\n|-weather|Snow|[upkeep]\n|upkeep\n|turn|16\n|\n|t:|1700976051\n|switch|p1a: Togekiss|Togekiss, M|100\/100\n|move|p2a: Ninetales|Aurora Veil|p2a: Ninetales\n|-sidestart|p2: Red Ragnor|move: Aurora Veil\n|\n|-weather|Snow|[upkeep]\n|-fieldend|move: Trick Room\n|upkeep\n|turn|17\n|\n|t:|1700976064\n|move|p1a: Togekiss|Aura Sphere|p2a: Ninetales\n|-damage|p2a: Ninetales|10\/100 par\n|cant|p2a: Ninetales|par\n|\n|-weather|Snow|[upkeep]\n|upkeep\n|turn|18\n|\n|t:|1700976073\n|move|p1a: Togekiss|Ancient Power|p2a: Ninetales\n|-supereffective|p2a: Ninetales\n|-damage|p2a: Ninetales|0 fnt\n|faint|p2a: Ninetales\n|\n|-weather|Snow|[upkeep]\n|upkeep\n|\n|t:|1700976079\n|switch|p2a: Manaphy|Manaphy|100\/100\n|-damage|p2a: Manaphy|88\/100|[from] Stealth Rock\n|turn|19\n|\n|t:|1700976098\n|move|p1a: Togekiss|Defog|p2a: Manaphy\n|-unboost|p2a: Manaphy|evasion|1\n|-sideend|p2: Red Ragnor|move: Aurora Veil\n|-sideend|p2: Red Ragnor|Stealth Rock|[from] move: Defog|[of] p1a: Togekiss\n|-sideend|p1: Ivan9plus|Stealth Rock|[from] move: Defog|[of] p1a: Togekiss\n|-sideend|p1: Ivan9plus|Sticky Web|[from] move: Defog|[of] p1a: Togekiss\n|move|p2a: Manaphy|Take Heart|p2a: Manaphy\n|-boost|p2a: Manaphy|spa|1\n|-boost|p2a: Manaphy|spd|1\n|\n|-weather|none\n|-heal|p2a: Manaphy|94\/100|[from] item: Leftovers\n|upkeep\n|turn|20\n|\n|t:|1700976117\n|switch|p1a: Corsola|Corsola, F|100\/100\n|move|p2a: Manaphy|Take Heart|p2a: Manaphy\n|-boost|p2a: Manaphy|spa|1\n|-boost|p2a: Manaphy|spd|1\n|\n|-heal|p2a: Manaphy|100\/100|[from] item: Leftovers\n|upkeep\n|turn|21\n|\n|t:|1700976126\n|move|p2a: Manaphy|Acid Armor|p2a: Manaphy\n|-boost|p2a: Manaphy|def|2\n|move|p1a: Corsola|Toxic|p2a: Manaphy\n|-status|p2a: Manaphy|tox\n|\n|-damage|p2a: Manaphy|94\/100 tox|[from] psn\n|upkeep\n|turn|22\n|\n|t:|1700976136\n|move|p2a: Manaphy|Acid Armor|p2a: Manaphy\n|-boost|p2a: Manaphy|def|2\n|move|p1a: Corsola|Stealth Rock|p2a: Manaphy\n|-sidestart|p2: Red Ragnor|move: Stealth Rock\n|\n|-heal|p2a: Manaphy|100\/100 tox|[from] item: Leftovers\n|-damage|p2a: Manaphy|88\/100 tox|[from] psn\n|upkeep\n|turn|23\n|\n|t:|1700976155\n|switch|p1a: Meloetta|Meloetta|41\/100\n|move|p2a: Manaphy|Take Heart|p2a: Manaphy\n|-boost|p2a: Manaphy|spa|1\n|-boost|p2a: Manaphy|spd|1\n|-curestatus|p2a: Manaphy|tox|[msg]\n|\n|-heal|p2a: Manaphy|94\/100|[from] item: Leftovers\n|upkeep\n|turn|24\n|\n|t:|1700976168\n|move|p2a: Manaphy|Take Heart|p2a: Manaphy\n|-boost|p2a: Manaphy|spa|1\n|-boost|p2a: Manaphy|spd|1\n|move|p1a: Meloetta|Relic Song|p2a: Manaphy\n|-damage|p2a: Manaphy|82\/100\n|-formechange|p1a: Meloetta|Meloetta-Pirouette|[msg]\n|\n|-heal|p2a: Manaphy|88\/100|[from] item: Leftovers\n|upkeep\n|turn|25\n|\n|t:|1700976178\n|move|p1a: Meloetta|Relic Song|p2a: Manaphy\n|-damage|p2a: Manaphy|79\/100\n|-formechange|p1a: Meloetta|Meloetta|[msg]\n|move|p2a: Manaphy|Take Heart|p2a: Manaphy\n|-boost|p2a: Manaphy|spa|1\n|-boost|p2a: Manaphy|spd|1\n|\n|-heal|p2a: Manaphy|85\/100|[from] item: Leftovers\n|upkeep\n|turn|26\n|\n|t:|1700976186\n|switch|p1a: Dragonair|Dragonair, F|50\/100\n|move|p2a: Manaphy|Take Heart|p2a: Manaphy\n|-boost|p2a: Manaphy|spa|1\n|-boost|p2a: Manaphy|spd|1\n|\n|-heal|p2a: Manaphy|92\/100|[from] item: Leftovers\n|upkeep\n|turn|27\n|\n|t:|1700976193\n|move|p1a: Dragonair|Haze|p1a: Dragonair\n|-clearallboost\n|move|p2a: Manaphy|Acid Armor|p2a: Manaphy\n|-boost|p2a: Manaphy|def|2\n|\n|-heal|p2a: Manaphy|98\/100|[from] item: Leftovers\n|upkeep\n|turn|28\n|c|\u2606Red Ragnor|NOOOO JAJSJASJAJS\n|c|\u2606Ivan9plus|Por eso deje q te maxearas\n|\n|t:|1700976281\n|switch|p1a: Corsola|Corsola, F|100\/100\n|move|p2a: Manaphy|Dazzling Gleam|p1a: Corsola\n|-damage|p1a: Corsola|80\/100\n|\n|-heal|p2a: Manaphy|100\/100|[from] item: Leftovers\n|upkeep\n|turn|29\n|\n|t:|1700976289\n|move|p2a: Manaphy|Take Heart|p2a: Manaphy\n|-boost|p2a: Manaphy|spa|1\n|-boost|p2a: Manaphy|spd|1\n|move|p1a: Corsola|Toxic|p2a: Manaphy\n|-status|p2a: Manaphy|tox\n|\n|-damage|p2a: Manaphy|94\/100 tox|[from] psn\n|upkeep\n|turn|30\n|\n|t:|1700976314\n|switch|p1a: Meloetta|Meloetta|41\/100\n|move|p2a: Manaphy|Take Heart|p2a: Manaphy\n|-boost|p2a: Manaphy|spa|1\n|-boost|p2a: Manaphy|spd|1\n|-curestatus|p2a: Manaphy|tox|[msg]\n|\n|-heal|p2a: Manaphy|100\/100|[from] item: Leftovers\n|upkeep\n|turn|31\n|\n|t:|1700976327\n|move|p2a: Manaphy|Take Heart|p2a: Manaphy\n|-boost|p2a: Manaphy|spa|1\n|-boost|p2a: Manaphy|spd|1\n|move|p1a: Meloetta|Relic Song|p2a: Manaphy\n|-damage|p2a: Manaphy|85\/100\n|-formechange|p1a: Meloetta|Meloetta-Pirouette|[msg]\n|\n|-heal|p2a: Manaphy|91\/100|[from] item: Leftovers\n|upkeep\n|turn|32\n|\n|t:|1700976339\n|move|p1a: Meloetta|Shadow Ball|p2a: Manaphy\n|-damage|p2a: Manaphy|83\/100\n|-unboost|p2a: Manaphy|spd|1\n|move|p2a: Manaphy|Take Heart|p2a: Manaphy\n|-boost|p2a: Manaphy|spa|1\n|-boost|p2a: Manaphy|spd|1\n|\n|-heal|p2a: Manaphy|90\/100|[from] item: Leftovers\n|upkeep\n|turn|33\n|\n|t:|1700976350\n|move|p1a: Meloetta|Relic Song|p2a: Manaphy\n|-damage|p2a: Manaphy|79\/100\n|-formechange|p1a: Meloetta|Meloetta|[msg]\n|move|p2a: Manaphy|Take Heart|p2a: Manaphy\n|-boost|p2a: Manaphy|spa|1\n|-boost|p2a: Manaphy|spd|1\n|\n|-heal|p2a: Manaphy|85\/100|[from] item: Leftovers\n|upkeep\n|turn|34\n|\n|t:|1700976367\n|move|p2a: Manaphy|Take Heart|p2a: Manaphy\n|-boost|p2a: Manaphy|spa|1\n|-boost|p2a: Manaphy|spd|1\n|move|p1a: Meloetta|Trick Room|p1a: Meloetta\n|-fieldstart|move: Trick Room|[of] p1a: Meloetta\n|\n|-heal|p2a: Manaphy|92\/100|[from] item: Leftovers\n|upkeep\n|turn|35\n|\n|t:|1700976379\n|move|p1a: Meloetta|Relic Song|p2a: Manaphy\n|-damage|p2a: Manaphy|80\/100\n|-formechange|p1a: Meloetta|Meloetta-Pirouette|[msg]\n|move|p2a: Manaphy|Dazzling Gleam|p1a: Meloetta\n|-supereffective|p1a: Meloetta\n|-damage|p1a: Meloetta|0 fnt\n|faint|p1a: Meloetta\n|\n|-heal|p2a: Manaphy|86\/100|[from] item: Leftovers\n|upkeep\n|\n|t:|1700976388\n|switch|p1a: Dragonair|Dragonair, F|50\/100\n|turn|36\n|\n|t:|1700976391\n|move|p2a: Manaphy|Dazzling Gleam|p1a: Dragonair\n|-supereffective|p1a: Dragonair\n|-damage|p1a: Dragonair|0 fnt\n|faint|p1a: Dragonair\n|\n|-heal|p2a: Manaphy|93\/100|[from] item: Leftovers\n|upkeep\n|c|\u2606Ivan9plus|Pense q eras mas rapido\n|\n|t:|1700976408\n|switch|p1a: Audino|Audino, F|100\/100\n|turn|37\n|c|\u2606Red Ragnor|No tiene nada de inversi\u00f3n en velocidad\n|\n|t:|1700976424\n|detailschange|p1a: Audino|Audino-Mega, F\n|-mega|p1a: Audino|Audino|Audinite\n|move|p1a: Audino|Yawn|p2a: Manaphy\n|-start|p2a: Manaphy|move: Yawn|[of] p1a: Audino\n|move|p2a: Manaphy|Acid Armor|p2a: Manaphy\n|-boost|p2a: Manaphy|def|2\n|\n|-heal|p2a: Manaphy|99\/100|[from] item: Leftovers\n|upkeep\n|turn|38\n|c|\u2606Ivan9plus|ohh\n|\n|t:|1700976436\n|move|p1a: Audino|Dazzling Gleam|p2a: Manaphy\n|-damage|p2a: Manaphy|93\/100\n|move|p2a: Manaphy|Stored Power|p1a: Audino\n|-damage|p1a: Audino|0 fnt\n|faint|p1a: Audino\n|\n|-heal|p2a: Manaphy|99\/100|[from] item: Leftovers\n|-end|p2a: Manaphy|move: Yawn|[silent]\n|-status|p2a: Manaphy|slp\n|-fieldend|move: Trick Room\n|upkeep\n|c|\u2606Ivan9plus|kheeeee\n|c|\u2606Ivan9plus|pero q ha pasado\n|\n|t:|1700976466\n|switch|p1a: Pachirisu|Pachirisu, M|36\/100\n|turn|39\n|c|\u2606Red Ragnor|El stored power aumenta en 20 la potencia por cada boosteo\n|\n|t:|1700976485\n|move|p1a: Pachirisu|Super Fang|p2a: Manaphy\n|-damage|p2a: Manaphy|50\/100 slp\n|cant|p2a: Manaphy|slp\n|\n|-heal|p2a: Manaphy|56\/100 slp|[from] item: Leftovers\n|upkeep\n|turn|40\n|\n|t:|1700976531\n|move|p1a: Pachirisu|Super Fang|p2a: Manaphy\n|-damage|p2a: Manaphy|28\/100 slp\n|-curestatus|p2a: Manaphy|slp|[msg]\n|move|p2a: Manaphy|Stored Power|p1a: Pachirisu\n|-damage|p1a: Pachirisu|0 fnt\n|faint|p1a: Pachirisu\n|\n|-heal|p2a: Manaphy|35\/100|[from] item: Leftovers\n|upkeep\n|\n|t:|1700976546\n|switch|p1a: Togekiss|Togekiss, M|100\/100\n|turn|41\n|\n|t:|1700976556\n|move|p1a: Togekiss|Aura Sphere|p2a: Manaphy\n|-damage|p2a: Manaphy|28\/100\n|move|p2a: Manaphy|Stored Power|p1a: Togekiss\n|-damage|p1a: Togekiss|0 fnt\n|faint|p1a: Togekiss\n|\n|-heal|p2a: Manaphy|34\/100|[from] item: Leftovers\n|upkeep\n|\n|t:|1700976564\n|switch|p1a: Corsola|Corsola, F|100\/100\n|turn|42\n|\n|t:|1700976571\n|-terastallize|p1a: Corsola|Water\n|move|p2a: Manaphy|Stored Power|p1a: Corsola\n|-damage|p1a: Corsola|0 fnt\n|faint|p1a: Corsola\n|\n|win|Red Ragnor\n|c|\u2606Ivan9plus|Gg\n|c|\u2606Red Ragnor|gg\n","uploadtime":1700976582,"views":22,"p1id":"ivan9plus","p2id":"redragnor","formatid":"gen9nationaldex","rating":0,"private":0,"password":""}