{"id":"gen9nationaldex-1987823238","p1":"Kiroz-Snow","p2":"ryan_farhan","format":"[Gen 9] National Dex","log":"|j|\u2606Kiroz-Snow\n|j|\u2606ryan_farhan\n|t:|1699640120\n|gametype|singles\n|player|p1|Kiroz-Snow|archer|1135\n|player|p2|ryan_farhan|265|1036\n|teamsize|p1|6\n|teamsize|p2|6\n|gen|9\n|tier|[Gen 9] National Dex\n|rated|\n|rule|HP Percentage Mod: HP is shown in percentages\n|rule|Endless Battle Clause: Forcing endless battles is banned\n|rule|OHKO Clause: OHKO moves are banned\n|rule|Evasion Clause: Evasion abilities, items, and moves are banned\n|rule|Evasion Abilities Clause: Evasion abilities are banned\n|rule|Evasion Items Clause: Evasion items are banned\n|rule|Evasion Moves Clause: Evasion moves are banned\n|rule|Species Clause: Limit one of each Pok\u00e9mon\n|rule|Sleep Clause Mod: Limit one foe put to sleep\n|clearpoke\n|poke|p1|Cinderace, F|\n|poke|p1|Goodra-Hisui, F|\n|poke|p1|Gengar, M|\n|poke|p1|Manaphy|\n|poke|p1|Slaking, F|\n|poke|p1|Krookodile, F|\n|poke|p2|Pikachu, M|\n|poke|p2|Bulbasaur, M|\n|poke|p2|Squirtle, M|\n|poke|p2|Charizard, M|\n|poke|p2|Lapras, M|\n|poke|p2|Snorlax, M|\n|teampreview\n|inactive|Battle timer is ON: inactive players will automatically lose when time's up. (requested by ryan_farhan)\n|\n|t:|1699640145\n|start\n|switch|p1a: Slaking|Slaking, F|100\/100\n|switch|p2a: Squirtle|Squirtle, M|100\/100\n|turn|1\n|\n|t:|1699640156\n|move|p1a: Slaking|Giga Impact|p2a: Squirtle\n|-damage|p2a: Squirtle|0 fnt\n|-mustrecharge|p1a: Slaking\n|faint|p2a: Squirtle\n|\n|upkeep\n|\n|t:|1699640165\n|switch|p2a: Pikachu|Pikachu, M|100\/100\n|turn|2\n|\n|t:|1699640176\n|move|p2a: Pikachu|Nuzzle|p1a: Slaking\n|-damage|p1a: Slaking|95\/100\n|-status|p1a: Slaking|par\n|cant|p1a: Slaking|recharge\n|\n|upkeep\n|turn|3\n|\n|t:|1699640183\n|move|p2a: Pikachu|Substitute|p2a: Pikachu\n|-start|p2a: Pikachu|Substitute\n|-damage|p2a: Pikachu|75\/100\n|cant|p1a: Slaking|par\n|\n|upkeep\n|turn|4\n|\n|t:|1699640193\n|switch|p1a: Krookodile|Krookodile, F|100\/100\n|-ability|p1a: Krookodile|Intimidate|boost\n|-immune|p2a: Pikachu\n|move|p2a: Pikachu|Thunderbolt|p1a: Krookodile\n|-immune|p1a: Krookodile\n|\n|upkeep\n|turn|5\n|\n|t:|1699640201\n|move|p1a: Krookodile|Earthquake|p2a: Pikachu\n|-supereffective|p2a: Pikachu\n|-end|p2a: Pikachu|Substitute\n|move|p2a: Pikachu|Grass Knot|p1a: Krookodile\n|-supereffective|p1a: Krookodile\n|-damage|p1a: Krookodile|13\/100\n|\n|upkeep\n|turn|6\n|\n|t:|1699640208\n|-terastallize|p2a: Pikachu|Flying\n|move|p1a: Krookodile|Earthquake|p2a: Pikachu\n|-immune|p2a: Pikachu\n|move|p2a: Pikachu|Grass Knot|p1a: Krookodile\n|-supereffective|p1a: Krookodile\n|-damage|p1a: Krookodile|0 fnt\n|faint|p1a: Krookodile\n|\n|upkeep\n|inactive|Kiroz-Snow has 120 seconds left.\n|\n|t:|1699640240\n|switch|p1a: Goodra|Goodra-Hisui, F|100\/100\n|turn|7\n|inactive|Kiroz-Snow has 120 seconds left.\n|\n|t:|1699640257\n|switch|p2a: Snorlax|Snorlax, M|100\/100\n|move|p1a: Goodra|Flash Cannon|p2a: Snorlax\n|-damage|p2a: Snorlax|74\/100\n|\n|upkeep\n|turn|8\n|inactive|Kiroz-Snow has 120 seconds left.\n|\n|t:|1699640275\n|move|p1a: Goodra|Draco Meteor|p2a: Snorlax\n|-damage|p2a: Snorlax|34\/100\n|-unboost|p1a: Goodra|spa|2\n|-enditem|p2a: Snorlax|Aguav Berry|[eat]\n|-heal|p2a: Snorlax|67\/100|[from] item: Aguav Berry\n|move|p2a: Snorlax|Curse|p2a: Snorlax\n|-unboost|p2a: Snorlax|spe|1\n|-boost|p2a: Snorlax|atk|1\n|-boost|p2a: Snorlax|def|1\n|\n|upkeep\n|turn|9\n|\n|t:|1699640286\n|move|p1a: Goodra|Earthquake|p2a: Snorlax\n|-damage|p2a: Snorlax|59\/100\n|move|p2a: Snorlax|Earthquake|p1a: Goodra\n|-supereffective|p1a: Goodra\n|-damage|p1a: Goodra|29\/100\n|\n|upkeep\n|turn|10\n|inactive|Kiroz-Snow has 120 seconds left.\n|\n|t:|1699640302\n|switch|p1a: Cinderace|Cinderace, F|100\/100\n|move|p2a: Snorlax|Recycle|p2a: Snorlax\n|-item|p2a: Snorlax|Aguav Berry|[from] move: Recycle\n|\n|upkeep\n|turn|11\n|inactive|Kiroz-Snow has 120 seconds left.\n|\n|t:|1699640315\n|move|p1a: Cinderace|High Jump Kick|p2a: Snorlax\n|-start|p1a: Cinderace|typechange|Fighting|[from] ability: Libero\n|-supereffective|p2a: Snorlax\n|-damage|p2a: Snorlax|4\/100\n|-enditem|p2a: Snorlax|Aguav Berry|[eat]\n|-heal|p2a: Snorlax|37\/100|[from] item: Aguav Berry\n|move|p2a: Snorlax|Earthquake|p1a: Cinderace\n|-damage|p1a: Cinderace|51\/100\n|\n|upkeep\n|turn|12\n|\n|t:|1699640325\n|move|p1a: Cinderace|High Jump Kick|p2a: Snorlax\n|-supereffective|p2a: Snorlax\n|-damage|p2a: Snorlax|0 fnt\n|faint|p2a: Snorlax\n|\n|upkeep\n|\n|t:|1699640332\n|switch|p2a: Charizard|Charizard, M|100\/100\n|turn|13\n|\n|t:|1699640336\n|switch|p1a: Manaphy|Manaphy|100\/100\n|detailschange|p2a: Charizard|Charizard-Mega-X, M\n|-mega|p2a: Charizard|Charizard|Charizardite X\n|move|p2a: Charizard|Dragon Dance|p2a: Charizard\n|-boost|p2a: Charizard|atk|1\n|-boost|p2a: Charizard|spe|1\n|\n|upkeep\n|turn|14\n|\n|t:|1699640344\n|move|p2a: Charizard|Earthquake|p1a: Manaphy\n|-damage|p1a: Manaphy|53\/100\n|-zpower|p1a: Manaphy\n|move|p1a: Manaphy|Hydro Vortex|p2a: Charizard|[zeffect]\n|-damage|p2a: Charizard|22\/100\n|\n|upkeep\n|turn|15\n|\n|t:|1699640353\n|move|p2a: Charizard|Roost|p2a: Charizard\n|-heal|p2a: Charizard|72\/100\n|-singleturn|p2a: Charizard|move: Roost\n|move|p1a: Manaphy|Surf|p2a: Charizard\n|-damage|p2a: Charizard|31\/100\n|\n|upkeep\n|turn|16\n|\n|t:|1699640360\n|move|p2a: Charizard|Roost|p2a: Charizard\n|-heal|p2a: Charizard|81\/100\n|-singleturn|p2a: Charizard|move: Roost\n|move|p1a: Manaphy|Surf|p2a: Charizard\n|-damage|p2a: Charizard|41\/100\n|\n|upkeep\n|turn|17\n|\n|t:|1699640366\n|move|p2a: Charizard|Roost|p2a: Charizard\n|-heal|p2a: Charizard|91\/100\n|-singleturn|p2a: Charizard|move: Roost\n|move|p1a: Manaphy|Surf|p2a: Charizard\n|-crit|p2a: Charizard\n|-damage|p2a: Charizard|30\/100\n|\n|upkeep\n|turn|18\n|\n|t:|1699640373\n|move|p2a: Charizard|Roost|p2a: Charizard\n|-heal|p2a: Charizard|80\/100\n|-singleturn|p2a: Charizard|move: Roost\n|move|p1a: Manaphy|Surf|p2a: Charizard\n|-damage|p2a: Charizard|38\/100\n|\n|upkeep\n|turn|19\n|\n|t:|1699640379\n|move|p2a: Charizard|Roost|p2a: Charizard\n|-heal|p2a: Charizard|88\/100\n|-singleturn|p2a: Charizard|move: Roost\n|move|p1a: Manaphy|Surf|p2a: Charizard\n|-crit|p2a: Charizard\n|-damage|p2a: Charizard|27\/100\n|\n|upkeep\n|turn|20\n|\n|t:|1699640386\n|move|p2a: Charizard|Roost|p2a: Charizard\n|-heal|p2a: Charizard|77\/100\n|-singleturn|p2a: Charizard|move: Roost\n|move|p1a: Manaphy|Surf|p2a: Charizard\n|-damage|p2a: Charizard|39\/100\n|\n|upkeep\n|turn|21\n|\n|t:|1699640392\n|move|p2a: Charizard|Roost|p2a: Charizard\n|-heal|p2a: Charizard|89\/100\n|-singleturn|p2a: Charizard|move: Roost\n|move|p1a: Manaphy|Surf|p2a: Charizard\n|-damage|p2a: Charizard|47\/100\n|\n|upkeep\n|turn|22\n|\n|t:|1699640400\n|move|p2a: Charizard|Flare Blitz|p1a: Manaphy\n|-resisted|p1a: Manaphy\n|-damage|p1a: Manaphy|0 fnt\n|faint|p1a: Manaphy\n|-damage|p2a: Charizard|24\/100|[from] Recoil\n|\n|upkeep\n|\n|t:|1699640408\n|switch|p1a: Cinderace|Cinderace, F|51\/100\n|turn|23\n|\n|t:|1699640413\n|move|p2a: Charizard|Earthquake|p1a: Cinderace\n|-supereffective|p1a: Cinderace\n|-damage|p1a: Cinderace|0 fnt\n|faint|p1a: Cinderace\n|\n|upkeep\n|\n|t:|1699640416\n|switch|p1a: Goodra|Goodra-Hisui, F|29\/100\n|turn|24\n|\n|t:|1699640420\n|move|p2a: Charizard|Earthquake|p1a: Goodra\n|-supereffective|p1a: Goodra\n|-damage|p1a: Goodra|0 fnt\n|faint|p1a: Goodra\n|\n|upkeep\n|\n|t:|1699640423\n|switch|p1a: Gengar|Gengar, M|100\/100\n|turn|25\n|\n|t:|1699640434\n|move|p1a: Gengar|Focus Blast|p2a: Charizard\n|-damage|p2a: Charizard|0 fnt\n|faint|p2a: Charizard\n|\n|upkeep\n|\n|t:|1699640440\n|switch|p2a: Lapras|Lapras, M|100\/100\n|turn|26\n|\n|t:|1699640450\n|move|p1a: Gengar|Focus Blast|p2a: Lapras|[miss]\n|-miss|p1a: Gengar|p2a: Lapras\n|move|p2a: Lapras|Perish Song|p2a: Lapras\n|-start|p1a: Gengar|perish3|[silent]\n|-start|p2a: Lapras|perish3|[silent]\n|-fieldactivate|move: Perish Song\n|\n|-start|p1a: Gengar|perish3\n|-start|p2a: Lapras|perish3\n|upkeep\n|turn|27\n|\n|t:|1699640459\n|move|p1a: Gengar|Focus Blast|p2a: Lapras|[miss]\n|-miss|p1a: Gengar|p2a: Lapras\n|move|p2a: Lapras|Whirlpool|p1a: Gengar\n|-damage|p1a: Gengar|82\/100\n|-activate|p1a: Gengar|move: Whirlpool|[of] p2a: Lapras\n|-start|p2a: Lapras|Disable|Whirlpool|[from] ability: Cursed Body|[of] p1a: Gengar\n|\n|-damage|p1a: Gengar|70\/100|[from] move: Whirlpool|[partiallytrapped]\n|-start|p1a: Gengar|perish2\n|-start|p2a: Lapras|perish2\n|upkeep\n|turn|28\n|\n|t:|1699640471\n|move|p2a: Lapras|Protect|p2a: Lapras\n|-singleturn|p2a: Lapras|Protect\n|move|p1a: Gengar|Focus Blast|p2a: Lapras\n|-activate|p2a: Lapras|move: Protect\n|\n|-damage|p1a: Gengar|58\/100|[from] move: Whirlpool|[partiallytrapped]\n|-start|p1a: Gengar|perish1\n|-start|p2a: Lapras|perish1\n|upkeep\n|turn|29\n|\n|t:|1699640482\n|switch|p2a: Bulbasaur|Bulbasaur, M|100\/100\n|move|p1a: Gengar|Focus Blast|p2a: Bulbasaur\n|-resisted|p2a: Bulbasaur\n|-damage|p2a: Bulbasaur|76\/100\n|\n|-end|p1a: Gengar|Whirlpool|[partiallytrapped]|[silent]\n|-start|p1a: Gengar|perish0\n|upkeep\n|faint|p1a: Gengar\n|\n|t:|1699640485\n|switch|p1a: Slaking|Slaking, F|95\/100 par\n|turn|30\n|inactive|Kiroz-Snow has 120 seconds left.\n|\n|t:|1699640517\n|move|p1a: Slaking|Outrage|p2a: Bulbasaur\n|-damage|p2a: Bulbasaur|0 fnt\n|faint|p2a: Bulbasaur\n|\n|upkeep\n|\n|t:|1699640522\n|switch|p2a: Lapras|Lapras, M|100\/100\n|turn|31\n|\n|t:|1699640526\n|move|p2a: Lapras|Perish Song|p2a: Lapras\n|-start|p1a: Slaking|perish3|[silent]\n|-start|p2a: Lapras|perish3|[silent]\n|-fieldactivate|move: Perish Song\n|cant|p1a: Slaking|ability: Truant\n|\n|-start|p2a: Lapras|perish3\n|-start|p1a: Slaking|perish3\n|-start|p1a: Slaking|confusion|[fatigue]\n|upkeep\n|turn|32\n|\n|t:|1699640536\n|move|p2a: Lapras|Protect|p2a: Lapras\n|-singleturn|p2a: Lapras|Protect\n|-activate|p1a: Slaking|confusion\n|move|p1a: Slaking|Outrage|p2a: Lapras\n|-activate|p2a: Lapras|move: Protect\n|\n|-start|p2a: Lapras|perish2\n|-start|p1a: Slaking|perish2\n|upkeep\n|turn|33\n|\n|t:|1699640547\n|move|p2a: Lapras|Whirlpool|p1a: Slaking\n|-damage|p1a: Slaking|83\/100 par\n|-activate|p1a: Slaking|move: Whirlpool|[of] p2a: Lapras\n|cant|p1a: Slaking|ability: Truant\n|\n|-damage|p1a: Slaking|71\/100 par|[from] move: Whirlpool|[partiallytrapped]\n|-start|p2a: Lapras|perish1\n|-start|p1a: Slaking|perish1\n|upkeep\n|turn|34\n|\n|t:|1699640557\n|move|p2a: Lapras|Freeze-Dry|p1a: Slaking\n|-damage|p1a: Slaking|46\/100 par\n|-activate|p1a: Slaking|confusion\n|-damage|p1a: Slaking|32\/100 par|[from] confusion\n|\n|-damage|p1a: Slaking|20\/100 par|[from] move: Whirlpool|[partiallytrapped]\n|-start|p2a: Lapras|perish0\n|-start|p1a: Slaking|perish0\n|upkeep\n|faint|p2a: Lapras\n|faint|p1a: Slaking\n|\n|win|ryan_farhan\n|raw|Kiroz-Snow's rating: 1135 &rarr; <strong>1103<\/strong><br \/>(-32 for losing)\n|raw|ryan_farhan's rating: 1036 &rarr; <strong>1080<\/strong><br \/>(+44 for winning)\n|l|\u2606Kiroz-Snow\n","uploadtime":1699640575,"views":7,"p1id":"kirozsnow","p2id":"ryanfarhan","formatid":"gen9nationaldex","rating":1080,"private":0,"password":""}