{"id":"gen9nationaldex-1990202611","p1":"InfernoWolf07","p2":"mtyqjltz5","format":"[Gen 9] National Dex","log":"|j|\u2606InfernoWolf07\n|j|\u2606mtyqjltz5\n|t:|1699936735\n|gametype|singles\n|player|p1|InfernoWolf07|veteran|1144\n|player|p2|mtyqjltz5|elesa|1093\n|teamsize|p1|6\n|teamsize|p2|6\n|gen|9\n|tier|[Gen 9] National Dex\n|rated|\n|rule|HP Percentage Mod: HP is shown in percentages\n|rule|Endless Battle Clause: Forcing endless battles is banned\n|rule|OHKO Clause: OHKO moves are banned\n|rule|Evasion Clause: Evasion abilities, items, and moves are banned\n|rule|Evasion Abilities Clause: Evasion abilities are banned\n|rule|Evasion Items Clause: Evasion items are banned\n|rule|Evasion Moves Clause: Evasion moves are banned\n|rule|Species Clause: Limit one of each Pok\u00e9mon\n|rule|Sleep Clause Mod: Limit one foe put to sleep\n|clearpoke\n|poke|p1|Lairon, M|\n|poke|p1|Honchkrow, F|\n|poke|p1|Delphox, F|\n|poke|p1|Ampharos, M|\n|poke|p1|Dhelmise|\n|poke|p1|Barbaracle, M|\n|poke|p2|Beedrill, M|\n|poke|p2|Chansey, F|\n|poke|p2|Garchomp, M|\n|poke|p2|Urshifu-*, M|\n|poke|p2|Zapdos|\n|poke|p2|Tapu Lele|\n|teampreview\n|inactive|Battle timer is ON: inactive players will automatically lose when time's up. (requested by mtyqjltz5)\n|\n|t:|1699936742\n|start\n|switch|p1a: Lairon|Lairon, M|100\/100\n|switch|p2a: Garchomp|Garchomp, M, shiny|100\/100\n|turn|1\n|\n|t:|1699936747\n|move|p2a: Garchomp|Stealth Rock|p1a: Lairon\n|-sidestart|p1: InfernoWolf07|move: Stealth Rock\n|move|p1a: Lairon|Stealth Rock|p2a: Garchomp\n|-sidestart|p2: mtyqjltz5|move: Stealth Rock\n|\n|upkeep\n|turn|2\n|\n|t:|1699936756\n|switch|p2a: Urshifu|Urshifu-Rapid-Strike, M|100\/100\n|-damage|p2a: Urshifu|94\/100|[from] Stealth Rock\n|move|p1a: Lairon|Curse|p1a: Lairon\n|-unboost|p1a: Lairon|spe|1\n|-boost|p1a: Lairon|atk|1\n|-boost|p1a: Lairon|def|1\n|\n|upkeep\n|turn|3\n|\n|t:|1699936766\n|move|p2a: Urshifu|Swords Dance|p2a: Urshifu\n|-boost|p2a: Urshifu|atk|2\n|move|p1a: Lairon|Body Press|p2a: Urshifu\n|-damage|p2a: Urshifu|43\/100\n|\n|upkeep\n|turn|4\n|\n|t:|1699936776\n|move|p2a: Urshifu|Surging Strikes|p1a: Lairon\n|-supereffective|p1a: Lairon\n|-crit|p1a: Lairon\n|-damage|p1a: Lairon|67\/100\n|-supereffective|p1a: Lairon\n|-crit|p1a: Lairon\n|-damage|p1a: Lairon|27\/100\n|-supereffective|p1a: Lairon\n|-crit|p1a: Lairon\n|-damage|p1a: Lairon|0 fnt\n|faint|p1a: Lairon\n|-hitcount|p1: Lairon|3\n|\n|upkeep\n|\n|t:|1699936779\n|switch|p1a: Honchkrow|Honchkrow, F|100\/100\n|-damage|p1a: Honchkrow|76\/100|[from] Stealth Rock\n|turn|5\n|\n|t:|1699936795\n|move|p1a: Honchkrow|Sucker Punch|p2a: Urshifu\n|-resisted|p2a: Urshifu\n|-damage|p2a: Urshifu|24\/100\n|move|p2a: Urshifu|Surging Strikes|p1a: Honchkrow\n|-crit|p1a: Honchkrow\n|-damage|p1a: Honchkrow|2\/100\n|-enditem|p1a: Honchkrow|Salac Berry|[eat]\n|-boost|p1a: Honchkrow|spe|1|[from] item: Salac Berry\n|-crit|p1a: Honchkrow\n|-damage|p1a: Honchkrow|0 fnt\n|faint|p1a: Honchkrow\n|-hitcount|p1: Honchkrow|2\n|\n|upkeep\n|\n|t:|1699936800\n|switch|p1a: Delphox|Delphox, F|100\/100\n|-damage|p1a: Delphox|76\/100|[from] Stealth Rock\n|turn|6\n|\n|t:|1699936811\n|move|p1a: Delphox|Psychic|p2a: Urshifu\n|-supereffective|p2a: Urshifu\n|-damage|p2a: Urshifu|0 fnt\n|faint|p2a: Urshifu\n|\n|upkeep\n|\n|t:|1699936820\n|switch|p2a: Chansey|Chansey, F|100\/100\n|-damage|p2a: Chansey|88\/100|[from] Stealth Rock\n|turn|7\n|\n|t:|1699936825\n|switch|p1a: Dhelmise|Dhelmise|100\/100\n|-damage|p1a: Dhelmise|88\/100|[from] Stealth Rock\n|move|p2a: Chansey|Toxic|p1a: Dhelmise\n|-status|p1a: Dhelmise|tox\n|\n|-damage|p1a: Dhelmise|82\/100 tox|[from] psn\n|upkeep\n|turn|8\n|\n|t:|1699936828\n|switch|p2a: Zapdos|Zapdos|100\/100\n|move|p1a: Dhelmise|Anchor Shot|p2a: Zapdos\n|-resisted|p2a: Zapdos\n|-damage|p2a: Zapdos|77\/100\n|-activate|p2a: Zapdos|trapped\n|\n|-damage|p1a: Dhelmise|70\/100 tox|[from] psn\n|upkeep\n|turn|9\n|\n|t:|1699936835\n|move|p2a: Zapdos|Hurricane|p1a: Dhelmise\n|-supereffective|p1a: Dhelmise\n|-damage|p1a: Dhelmise|0 fnt\n|faint|p1a: Dhelmise\n|\n|upkeep\n|\n|t:|1699936837\n|switch|p1a: Barbaracle|Barbaracle, M|100\/100\n|-damage|p1a: Barbaracle|88\/100|[from] Stealth Rock\n|turn|10\n|\n|t:|1699936852\n|move|p2a: Zapdos|Volt Switch|p1a: Barbaracle\n|-supereffective|p1a: Barbaracle\n|-damage|p1a: Barbaracle|4\/100\n|inactive|mtyqjltz5 has 120 seconds left.\n|\n|t:|1699936890\n|switch|p2a: Tapu Lele|Tapu Lele|100\/100|[from] Volt Switch\n|-damage|p2a: Tapu Lele|88\/100|[from] Stealth Rock\n|-fieldstart|move: Psychic Terrain|[from] ability: Psychic Surge|[of] p2a: Tapu Lele\n|move|p1a: Barbaracle|Shell Smash|p1a: Barbaracle\n|-unboost|p1a: Barbaracle|def|1\n|-unboost|p1a: Barbaracle|spd|1\n|-boost|p1a: Barbaracle|atk|2\n|-boost|p1a: Barbaracle|spa|2\n|-boost|p1a: Barbaracle|spe|2\n|\n|-heal|p1a: Barbaracle|10\/100|[from] item: Leftovers\n|upkeep\n|turn|11\n|\n|t:|1699936899\n|move|p2a: Tapu Lele|Psychic|p1a: Barbaracle\n|-damage|p1a: Barbaracle|0 fnt\n|faint|p1a: Barbaracle\n|\n|upkeep\n|\n|t:|1699936903\n|switch|p1a: Ampharos|Ampharos, M|100\/100\n|-damage|p1a: Ampharos|88\/100|[from] Stealth Rock\n|turn|12\n|\n|t:|1699936908\n|switch|p2a: Chansey|Chansey, F|88\/100\n|-damage|p2a: Chansey|76\/100|[from] Stealth Rock\n|detailschange|p1a: Ampharos|Ampharos-Mega, M\n|-mega|p1a: Ampharos|Ampharos|Ampharosite\n|-ability|p1a: Ampharos|Mold Breaker\n|move|p1a: Ampharos|Charge Beam|p2a: Chansey\n|-damage|p2a: Chansey|65\/100\n|-boost|p1a: Ampharos|spa|1\n|\n|upkeep\n|turn|13\n|-message|InfernoWolf07 forfeited.\n|\n|win|mtyqjltz5\n|raw|InfernoWolf07's rating: 1144 &rarr; <strong>1115<\/strong><br \/>(-29 for losing)\n|raw|mtyqjltz5's rating: 1093 &rarr; <strong>1123<\/strong><br \/>(+30 for winning)\n|l|\u2606InfernoWolf07\n","uploadtime":1699936927,"views":5,"p1id":"infernowolf07","p2id":"mtyqjltz5","formatid":"gen9nationaldex","rating":1115,"private":0,"password":""}