{"id":"gen9nationaldex-1993931201","p1":"daybreak wave2","p2":"alcatel999","format":"[Gen 9] National Dex","log":"|j|\u2606daybreak wave2\n|j|\u2606alcatel999\n|t:|1700377570\n|gametype|singles\n|player|p1|daybreak wave2|lillie-masters2|1460\n|player|p2|alcatel999|rocketgrunt|1360\n|teamsize|p1|6\n|teamsize|p2|6\n|gen|9\n|tier|[Gen 9] National Dex\n|rated|\n|rule|HP Percentage Mod: HP is shown in percentages\n|rule|Endless Battle Clause: Forcing endless battles is banned\n|rule|OHKO Clause: OHKO moves are banned\n|rule|Evasion Clause: Evasion abilities, items, and moves are banned\n|rule|Evasion Abilities Clause: Evasion abilities are banned\n|rule|Evasion Items Clause: Evasion items are banned\n|rule|Evasion Moves Clause: Evasion moves are banned\n|rule|Species Clause: Limit one of each Pok\u00e9mon\n|rule|Sleep Clause Mod: Limit one foe put to sleep\n|clearpoke\n|poke|p1|Pinsir, M|\n|poke|p1|Aegislash, F|\n|poke|p1|Ogerpon-Wellspring, F|\n|poke|p1|Moltres|\n|poke|p1|Electrode-Hisui|\n|poke|p1|Clodsire, F|\n|poke|p2|Gastrodon, M|\n|poke|p2|Ferrothorn, F|\n|poke|p2|Zoroark-Hisui, M|\n|poke|p2|Hydreigon, M|\n|poke|p2|Sneasler, F|\n|poke|p2|Talonflame, F|\n|teampreview\n|\n|t:|1700377608\n|start\n|switch|p1a: \u6d1b\u6258\u59c6-\u5207\u5272|Electrode-Hisui|100\/100\n|switch|p2a: Hydreigon|Hydreigon, M|100\/100\n|turn|1\n|\n|t:|1700377626\n|move|p1a: \u6d1b\u6258\u59c6-\u5207\u5272|Volt Switch|p2a: Hydreigon\n|-resisted|p2a: Hydreigon\n|-damage|p2a: Hydreigon|79\/100\n|\n|t:|1700377630\n|switch|p1a: \u571f~\u2191\u738b|Clodsire, F|100\/100|[from] Volt Switch\n|move|p2a: Hydreigon|Dark Pulse|p1a: \u571f~\u2191\u738b\n|-damage|p1a: \u571f~\u2191\u738b|68\/100\n|\n|upkeep\n|turn|2\n|\n|t:|1700377637\n|switch|p2a: Ferrothorn|Ferrothorn, F|100\/100\n|move|p1a: \u571f~\u2191\u738b|Recover|p1a: \u571f~\u2191\u738b\n|-heal|p1a: \u571f~\u2191\u738b|100\/100\n|\n|upkeep\n|turn|3\n|\n|t:|1700377641\n|move|p1a: \u571f~\u2191\u738b|Stealth Rock|p2a: Ferrothorn\n|-sidestart|p2: alcatel999|move: Stealth Rock\n|move|p2a: Ferrothorn|Stealth Rock|p1a: \u571f~\u2191\u738b\n|-sidestart|p1: daybreak wave2|move: Stealth Rock\n|\n|upkeep\n|turn|4\n|\n|t:|1700377647\n|switch|p1a: \u70c8\u7bad\u9e70|Moltres|100\/100\n|move|p2a: Ferrothorn|Knock Off|p1a: \u70c8\u7bad\u9e70\n|-damage|p1a: \u70c8\u7bad\u9e70|84\/100\n|-enditem|p1a: \u70c8\u7bad\u9e70|Heavy-Duty Boots|[from] move: Knock Off|[of] p2a: Ferrothorn\n|\n|upkeep\n|turn|5\n|\n|t:|1700377663\n|move|p2a: Ferrothorn|Protect|p2a: Ferrothorn\n|-singleturn|p2a: Ferrothorn|Protect\n|move|p1a: \u70c8\u7bad\u9e70|Defog|p2a: Ferrothorn\n|-activate|p2a: Ferrothorn|move: Protect\n|\n|upkeep\n|turn|6\n|\n|t:|1700377672\n|switch|p2a: Gastrodon|Gastrodon, M|100\/100\n|-damage|p2a: Gastrodon|94\/100|[from] Stealth Rock\n|move|p1a: \u70c8\u7bad\u9e70|Defog|p2a: Gastrodon\n|-unboost|p2a: Gastrodon|evasion|1\n|-sideend|p2: alcatel999|Stealth Rock|[from] move: Defog|[of] p1a: \u70c8\u7bad\u9e70\n|-sideend|p1: daybreak wave2|Stealth Rock|[from] move: Defog|[of] p1a: \u70c8\u7bad\u9e70\n|\n|-heal|p2a: Gastrodon|100\/100|[from] item: Leftovers\n|upkeep\n|turn|7\n|\n|t:|1700377679\n|move|p1a: \u70c8\u7bad\u9e70|U-turn|p2a: Gastrodon\n|-damage|p2a: Gastrodon|86\/100\n|\n|t:|1700377687\n|switch|p1a: \u6c34\u72f1\u5352|Ogerpon-Wellspring, F|100\/100|[from] U-turn\n|move|p2a: Gastrodon|Ice Beam|p1a: \u6c34\u72f1\u5352\n|-damage|p1a: \u6c34\u72f1\u5352|79\/100\n|\n|-heal|p2a: Gastrodon|92\/100|[from] item: Leftovers\n|upkeep\n|turn|8\n|\n|t:|1700377716\n|switch|p2a: Talonflame|Talonflame, F|100\/100\n|move|p1a: \u6c34\u72f1\u5352|Horn Leech|p2a: Talonflame\n|-resisted|p2a: Talonflame\n|-damage|p2a: Talonflame|87\/100\n|-heal|p1a: \u6c34\u72f1\u5352|86\/100|[from] drain|[of] p2a: Talonflame\n|\n|upkeep\n|turn|9\n|\n|t:|1700377726\n|switch|p1a: \u70c8\u7bad\u9e70|Moltres|84\/100\n|move|p2a: Talonflame|Brave Bird|p1a: \u70c8\u7bad\u9e70\n|-damage|p1a: \u70c8\u7bad\u9e70|52\/100\n|-damage|p2a: Talonflame|74\/100|[from] Recoil\n|\n|upkeep\n|turn|10\n|\n|t:|1700377736\n|switch|p2a: Gastrodon|Gastrodon, M|92\/100\n|move|p1a: \u70c8\u7bad\u9e70|Roost|p1a: \u70c8\u7bad\u9e70\n|-heal|p1a: \u70c8\u7bad\u9e70|100\/100\n|-singleturn|p1a: \u70c8\u7bad\u9e70|move: Roost\n|\n|-heal|p2a: Gastrodon|98\/100|[from] item: Leftovers\n|upkeep\n|turn|11\n|\n|t:|1700377744\n|move|p1a: \u70c8\u7bad\u9e70|U-turn|p2a: Gastrodon\n|-damage|p2a: Gastrodon|83\/100\n|\n|t:|1700377752\n|switch|p1a: \u6d1b\u6258\u59c6-\u5207\u5272|Electrode-Hisui|100\/100|[from] U-turn\n|move|p2a: Gastrodon|Toxic|p1a: \u6d1b\u6258\u59c6-\u5207\u5272\n|-status|p1a: \u6d1b\u6258\u59c6-\u5207\u5272|tox\n|\n|-heal|p2a: Gastrodon|89\/100|[from] item: Leftovers\n|-damage|p1a: \u6d1b\u6258\u59c6-\u5207\u5272|94\/100 tox|[from] psn\n|upkeep\n|turn|12\n|\n|t:|1700377757\n|switch|p2a: Ferrothorn|Ferrothorn, F|100\/100\n|move|p1a: \u6d1b\u6258\u59c6-\u5207\u5272|Volt Switch|p2a: Ferrothorn\n|-resisted|p2a: Ferrothorn\n|-damage|p2a: Ferrothorn|85\/100\n|\n|t:|1700377766\n|switch|p1a: \u70c8\u7bad\u9e70|Moltres|100\/100|[from] Volt Switch\n|\n|-heal|p2a: Ferrothorn|91\/100|[from] item: Leftovers\n|upkeep\n|turn|13\n|\n|t:|1700377771\n|move|p2a: Ferrothorn|Protect|p2a: Ferrothorn\n|-singleturn|p2a: Ferrothorn|Protect\n|move|p1a: \u70c8\u7bad\u9e70|Flamethrower|p2a: Ferrothorn\n|-activate|p2a: Ferrothorn|move: Protect\n|\n|-heal|p2a: Ferrothorn|98\/100|[from] item: Leftovers\n|upkeep\n|turn|14\n|\n|t:|1700377778\n|switch|p2a: Gastrodon|Gastrodon, M|89\/100\n|move|p1a: \u70c8\u7bad\u9e70|Flamethrower|p2a: Gastrodon\n|-resisted|p2a: Gastrodon\n|-damage|p2a: Gastrodon|77\/100\n|\n|-heal|p2a: Gastrodon|83\/100|[from] item: Leftovers\n|upkeep\n|turn|15\n|\n|t:|1700377785\n|move|p1a: \u70c8\u7bad\u9e70|U-turn|p2a: Gastrodon\n|-damage|p2a: Gastrodon|66\/100\n|\n|t:|1700377790\n|switch|p1a: \u6c34\u72f1\u5352|Ogerpon-Wellspring, F|86\/100|[from] U-turn\n|move|p2a: Gastrodon|Earth Power|p1a: \u6c34\u72f1\u5352\n|-resisted|p1a: \u6c34\u72f1\u5352\n|-damage|p1a: \u6c34\u72f1\u5352|68\/100\n|\n|-heal|p2a: Gastrodon|72\/100|[from] item: Leftovers\n|upkeep\n|turn|16\n|\n|t:|1700377798\n|switch|p2a: Ferrothorn|Ferrothorn, F|98\/100\n|move|p1a: \u6c34\u72f1\u5352|Ivy Cudgel|p2a: Ferrothorn|[anim] Ivy Cudgel Water\n|-resisted|p2a: Ferrothorn\n|-damage|p2a: Ferrothorn|82\/100\n|\n|-heal|p2a: Ferrothorn|88\/100|[from] item: Leftovers\n|upkeep\n|turn|17\n|\n|t:|1700377806\n|switch|p1a: \u70c8\u7bad\u9e70|Moltres|100\/100\n|move|p2a: Ferrothorn|Stealth Rock|p1a: \u70c8\u7bad\u9e70\n|-sidestart|p1: daybreak wave2|move: Stealth Rock\n|\n|-heal|p2a: Ferrothorn|95\/100|[from] item: Leftovers\n|upkeep\n|turn|18\n|\n|t:|1700377811\n|move|p1a: \u70c8\u7bad\u9e70|Defog|p2a: Ferrothorn\n|-unboost|p2a: Ferrothorn|evasion|1\n|-sideend|p1: daybreak wave2|Stealth Rock|[from] move: Defog|[of] p1a: \u70c8\u7bad\u9e70\n|move|p2a: Ferrothorn|Leech Seed|p1a: \u70c8\u7bad\u9e70\n|-start|p1a: \u70c8\u7bad\u9e70|move: Leech Seed\n|\n|-heal|p2a: Ferrothorn|100\/100|[from] item: Leftovers\n|-damage|p1a: \u70c8\u7bad\u9e70|88\/100|[from] Leech Seed|[of] p2a: Ferrothorn\n|upkeep\n|turn|19\n|\n|t:|1700377817\n|switch|p1a: \u585e\u8c6a\u5bcc|Aegislash, F, shiny|100\/100\n|switch|p2a: Gastrodon|Gastrodon, M|72\/100\n|\n|-heal|p2a: Gastrodon|78\/100|[from] item: Leftovers\n|upkeep\n|turn|20\n|\n|t:|1700377822\n|-zpower|p1a: \u585e\u8c6a\u5bcc\n|-formechange|p1a: \u585e\u8c6a\u5bcc|Aegislash-Blade||[from] ability: Stance Change\n|move|p1a: \u585e\u8c6a\u5bcc|Never-Ending Nightmare|p2a: Gastrodon|[zeffect]\n|-damage|p2a: Gastrodon|19\/100\n|move|p2a: Gastrodon|Earth Power|p1a: \u585e\u8c6a\u5bcc\n|-supereffective|p1a: \u585e\u8c6a\u5bcc\n|-damage|p1a: \u585e\u8c6a\u5bcc|2\/100\n|\n|-heal|p2a: Gastrodon|25\/100|[from] item: Leftovers\n|upkeep\n|turn|21\n|\n|t:|1700377835\n|move|p1a: \u585e\u8c6a\u5bcc|Shadow Ball|p2a: Gastrodon\n|-damage|p2a: Gastrodon|0 fnt\n|faint|p2a: Gastrodon\n|\n|upkeep\n|\n|t:|1700377839\n|switch|p2a: Sneasler|Sneasler, F|100\/100\n|turn|22\n|\n|t:|1700377848\n|switch|p1a: \u70c8\u7bad\u9e70|Moltres|88\/100\n|move|p2a: Sneasler|Nasty Plot|p2a: Sneasler\n|-boost|p2a: Sneasler|spa|2\n|\n|upkeep\n|turn|23\n|\n|t:|1700377863\n|move|p2a: Sneasler|Bitter Malice|p1a: \u70c8\u7bad\u9e70\n|-damage|p1a: \u70c8\u7bad\u9e70|20\/100\n|-unboost|p1a: \u70c8\u7bad\u9e70|atk|1\n|move|p1a: \u70c8\u7bad\u9e70|U-turn|p2a: Sneasler\n|-resisted|p2a: Sneasler\n|-damage|p2a: Sneasler|91\/100\n|replace|p2a: Amongus|Zoroark-Hisui, M\n|-end|p2a: Amongus|Illusion\n|\n|t:|1700377896\n|switch|p1a: \u6c34\u72f1\u5352|Ogerpon-Wellspring, F|68\/100|[from] U-turn\n|\n|upkeep\n|turn|24\n|\n|t:|1700377902\n|-terastallize|p1a: \u6c34\u72f1\u5352|Water\n|detailschange|p1a: \u6c34\u72f1\u5352|Ogerpon-Wellspring-Tera, F, tera:Water\n|-ability|p1a: \u6c34\u72f1\u5352|Embody Aspect (Wellspring)|boost\n|-boost|p1a: \u6c34\u72f1\u5352|spd|1\n|move|p2a: Amongus|Bitter Malice|p1a: \u6c34\u72f1\u5352\n|-damage|p1a: \u6c34\u72f1\u5352|11\/100\n|-unboost|p1a: \u6c34\u72f1\u5352|atk|1\n|move|p1a: \u6c34\u72f1\u5352|Ivy Cudgel|p2a: Amongus|[anim] Ivy Cudgel Water\n|-damage|p2a: Amongus|0 fnt\n|faint|p2a: Amongus\n|\n|upkeep\n|\n|t:|1700377910\n|switch|p2a: Talonflame|Talonflame, F|74\/100\n|turn|25\n|\n|t:|1700377918\n|switch|p1a: \u585e\u8c6a\u5bcc|Aegislash, F, shiny|2\/100\n|move|p2a: Talonflame|Brave Bird|p1a: \u585e\u8c6a\u5bcc\n|-resisted|p1a: \u585e\u8c6a\u5bcc\n|-damage|p1a: \u585e\u8c6a\u5bcc|0 fnt\n|faint|p1a: \u585e\u8c6a\u5bcc\n|-damage|p2a: Talonflame|74\/100|[from] Recoil\n|\n|upkeep\n|\n|t:|1700377926\n|switch|p1a: \u6d1b\u6258\u59c6-\u5207\u5272|Electrode-Hisui|94\/100 tox\n|turn|26\n|\n|t:|1700377933\n|-terastallize|p2a: Talonflame|Grass\n|move|p1a: \u6d1b\u6258\u59c6-\u5207\u5272|Volt Switch|p2a: Talonflame\n|-resisted|p2a: Talonflame\n|-damage|p2a: Talonflame|48\/100\n|\n|t:|1700377947\n|switch|p1a: \u6c34\u72f1\u5352|Ogerpon-Wellspring-Tera, F, tera:Water|11\/100|[from] Volt Switch\n|-ability|p1a: \u6c34\u72f1\u5352|Embody Aspect (Wellspring)|boost\n|-boost|p1a: \u6c34\u72f1\u5352|spd|1\n|move|p2a: Talonflame|Brave Bird|p1a: \u6c34\u72f1\u5352\n|-damage|p1a: \u6c34\u72f1\u5352|0 fnt\n|faint|p1a: \u6c34\u72f1\u5352\n|-damage|p2a: Talonflame|45\/100|[from] Recoil\n|\n|upkeep\n|\n|t:|1700377961\n|switch|p1a: \u7532\u54e5|Pinsir, M, shiny|100\/100\n|turn|27\n|\n|t:|1700377967\n|switch|p2a: Ferrothorn|Ferrothorn, F|100\/100\n|detailschange|p1a: \u7532\u54e5|Pinsir-Mega, M, shiny\n|-mega|p1a: \u7532\u54e5|Pinsir|Pinsirite\n|move|p1a: \u7532\u54e5|Quick Attack|p2a: Ferrothorn\n|-damage|p2a: Ferrothorn|83\/100\n|-damage|p1a: \u7532\u54e5|88\/100|[from] ability: Iron Barbs|[of] p2a: Ferrothorn\n|\n|-heal|p2a: Ferrothorn|89\/100|[from] item: Leftovers\n|upkeep\n|turn|28\n|\n|t:|1700377980\n|move|p1a: \u7532\u54e5|Swords Dance|p1a: \u7532\u54e5\n|-boost|p1a: \u7532\u54e5|atk|2\n|move|p2a: Ferrothorn|Leech Seed|p1a: \u7532\u54e5\n|-start|p1a: \u7532\u54e5|move: Leech Seed\n|\n|-heal|p2a: Ferrothorn|96\/100|[from] item: Leftovers\n|-damage|p1a: \u7532\u54e5|76\/100|[from] Leech Seed|[of] p2a: Ferrothorn\n|-heal|p2a: Ferrothorn|100\/100|[silent]\n|upkeep\n|turn|29\n|j| Lonsol\n|\n|t:|1700377991\n|move|p1a: \u7532\u54e5|Swords Dance|p1a: \u7532\u54e5\n|-boost|p1a: \u7532\u54e5|atk|2\n|move|p2a: Ferrothorn|Stealth Rock|p1a: \u7532\u54e5\n|-sidestart|p1: daybreak wave2|move: Stealth Rock\n|\n|-damage|p1a: \u7532\u54e5|64\/100|[from] Leech Seed|[of] p2a: Ferrothorn\n|upkeep\n|turn|30\n|l| Lonsol\n|\n|t:|1700377997\n|move|p1a: \u7532\u54e5|Return|p2a: Ferrothorn\n|-damage|p2a: Ferrothorn|0 fnt\n|-damage|p1a: \u7532\u54e5|52\/100|[from] ability: Iron Barbs|[of] p2a: Ferrothorn\n|faint|p2a: Ferrothorn\n|\n|upkeep\n|\n|t:|1700378003\n|switch|p2a: Sneasler|Sneasler, F|100\/100\n|turn|31\n|\n|t:|1700378009\n|move|p2a: Sneasler|Fake Out|p1a: \u7532\u54e5\n|-enditem|p2a: Sneasler|Normal Gem|[from] gem\n|-damage|p1a: \u7532\u54e5|29\/100\n|cant|p1a: \u7532\u54e5|flinch\n|\n|-damage|p1a: \u7532\u54e5|17\/100|[from] Leech Seed|[of] p2a: Sneasler\n|upkeep\n|turn|32\n|\n|t:|1700378022\n|switch|p2a: Talonflame|Talonflame, F, tera:Grass|45\/100\n|move|p1a: \u7532\u54e5|Quick Attack|p2a: Talonflame\n|-supereffective|p2a: Talonflame\n|-damage|p2a: Talonflame|0 fnt\n|faint|p2a: Talonflame\n|\n|upkeep\n|\n|t:|1700378027\n|switch|p2a: Sneasler|Sneasler, F|100\/100\n|turn|33\n|\n|t:|1700378038\n|switch|p1a: \u70c8\u7bad\u9e70|Moltres|20\/100\n|-damage|p1a: \u70c8\u7bad\u9e70|0 fnt|[from] Stealth Rock\n|faint|p1a: \u70c8\u7bad\u9e70\n|move|p2a: Sneasler|Fake Out|p1: \u70c8\u7bad\u9e70|[notarget]\n|-fail|p2a: Sneasler\n|\n|upkeep\n|\n|t:|1700378055\n|switch|p1a: \u571f~\u2191\u738b|Clodsire, F|100\/100\n|turn|34\n|\n|t:|1700378059\n|switch|p2a: Hydreigon|Hydreigon, M|79\/100\n|move|p1a: \u571f~\u2191\u738b|Earthquake|p2a: Hydreigon\n|-immune|p2a: Hydreigon|[from] ability: Levitate\n|\n|upkeep\n|turn|35\n|\n|t:|1700378066\n|move|p2a: Hydreigon|Draco Meteor|p1a: \u571f~\u2191\u738b\n|-damage|p1a: \u571f~\u2191\u738b|52\/100\n|-unboost|p2a: Hydreigon|spa|2\n|move|p1a: \u571f~\u2191\u738b|Toxic|p2a: Hydreigon\n|-status|p2a: Hydreigon|tox\n|\n|-damage|p2a: Hydreigon|73\/100 tox|[from] psn\n|upkeep\n|turn|36\n|\n|t:|1700378072\n|switch|p2a: Sneasler|Sneasler, F|100\/100\n|move|p1a: \u571f~\u2191\u738b|Recover|p1a: \u571f~\u2191\u738b\n|-heal|p1a: \u571f~\u2191\u738b|100\/100\n|\n|upkeep\n|turn|37\n|\n|t:|1700378076\n|move|p2a: Sneasler|Fake Out|p1a: \u571f~\u2191\u738b\n|-damage|p1a: \u571f~\u2191\u738b|85\/100\n|cant|p1a: \u571f~\u2191\u738b|flinch\n|\n|upkeep\n|turn|38\n|\n|t:|1700378080\n|switch|p2a: Hydreigon|Hydreigon, M|73\/100 tox\n|move|p1a: \u571f~\u2191\u738b|Earthquake|p2a: Hydreigon\n|-immune|p2a: Hydreigon|[from] ability: Levitate\n|\n|-damage|p2a: Hydreigon|66\/100 tox|[from] psn\n|upkeep\n|turn|39\n|\n|t:|1700378087\n|move|p2a: Hydreigon|Earth Power|p1a: \u571f~\u2191\u738b\n|-supereffective|p1a: \u571f~\u2191\u738b\n|-damage|p1a: \u571f~\u2191\u738b|33\/100\n|move|p1a: \u571f~\u2191\u738b|Recover|p1a: \u571f~\u2191\u738b\n|-heal|p1a: \u571f~\u2191\u738b|83\/100\n|\n|-damage|p2a: Hydreigon|54\/100 tox|[from] psn\n|upkeep\n|turn|40\n|\n|t:|1700378095\n|move|p2a: Hydreigon|Earth Power|p1a: \u571f~\u2191\u738b\n|-supereffective|p1a: \u571f~\u2191\u738b\n|-damage|p1a: \u571f~\u2191\u738b|31\/100\n|move|p1a: \u571f~\u2191\u738b|Recover|p1a: \u571f~\u2191\u738b\n|-heal|p1a: \u571f~\u2191\u738b|81\/100\n|\n|-damage|p2a: Hydreigon|36\/100 tox|[from] psn\n|upkeep\n|turn|41\n|\n|t:|1700378101\n|move|p2a: Hydreigon|Earth Power|p1a: \u571f~\u2191\u738b\n|-supereffective|p1a: \u571f~\u2191\u738b\n|-damage|p1a: \u571f~\u2191\u738b|32\/100\n|move|p1a: \u571f~\u2191\u738b|Recover|p1a: \u571f~\u2191\u738b\n|-heal|p1a: \u571f~\u2191\u738b|82\/100\n|\n|-damage|p2a: Hydreigon|11\/100 tox|[from] psn\n|upkeep\n|turn|42\n|\n|t:|1700378105\n|move|p2a: Hydreigon|Earth Power|p1a: \u571f~\u2191\u738b\n|-supereffective|p1a: \u571f~\u2191\u738b\n|-damage|p1a: \u571f~\u2191\u738b|34\/100\n|move|p1a: \u571f~\u2191\u738b|Recover|p1a: \u571f~\u2191\u738b\n|-heal|p1a: \u571f~\u2191\u738b|84\/100\n|\n|-damage|p2a: Hydreigon|0 fnt|[from] psn\n|faint|p2a: Hydreigon\n|upkeep\n|\n|t:|1700378109\n|switch|p2a: Sneasler|Sneasler, F|100\/100\n|turn|43\n|\n|t:|1700378111\n|move|p2a: Sneasler|Fake Out|p1a: \u571f~\u2191\u738b\n|-damage|p1a: \u571f~\u2191\u738b|66\/100\n|cant|p1a: \u571f~\u2191\u738b|flinch\n|\n|upkeep\n|turn|44\n|\n|t:|1700378116\n|move|p2a: Sneasler|Close Combat|p1a: \u571f~\u2191\u738b\n|-resisted|p1a: \u571f~\u2191\u738b\n|-damage|p1a: \u571f~\u2191\u738b|27\/100\n|-unboost|p2a: Sneasler|def|1\n|-unboost|p2a: Sneasler|spd|1\n|move|p1a: \u571f~\u2191\u738b|Recover|p1a: \u571f~\u2191\u738b\n|-heal|p1a: \u571f~\u2191\u738b|77\/100\n|\n|upkeep\n|turn|45\n|c|\u2606alcatel999|Gg\n|-message|alcatel999 forfeited.\n|\n|win|daybreak wave2\n|raw|daybreak wave2's rating: 1460 &rarr; <strong>1474<\/strong><br \/>(+14 for winning)\n|raw|alcatel999's rating: 1360 &rarr; <strong>1346<\/strong><br \/>(-14 for losing)\n|l|\u2606alcatel999\n","uploadtime":1700378128,"views":7,"p1id":"daybreakwave2","p2id":"alcatel999","formatid":"gen9nationaldex","rating":1346,"private":0,"password":""}