{"id":"gen9nationaldex-1991833679","p1":"KrickeMan\u97f3\u7bb1\u87c0\u4fa0","p2":"Parakram28","format":"[Gen 9] National Dex","log":"|j|\u2606KrickeMan\u97f3\u7bb1\u87c0\u4fa0\n|j|\u203dParakram28\n|t:|1700125458\n|gametype|singles\n|player|p1|KrickeMan\u97f3\u7bb1\u87c0\u4fa0|cyrus|1011\n|player|p2|Parakram28|lance|1054\n|teamsize|p1|6\n|teamsize|p2|6\n|gen|9\n|tier|[Gen 9] National Dex\n|rated|\n|rule|HP Percentage Mod: HP is shown in percentages\n|rule|Endless Battle Clause: Forcing endless battles is banned\n|rule|OHKO Clause: OHKO moves are banned\n|rule|Evasion Clause: Evasion abilities, items, and moves are banned\n|rule|Evasion Abilities Clause: Evasion abilities are banned\n|rule|Evasion Items Clause: Evasion items are banned\n|rule|Evasion Moves Clause: Evasion moves are banned\n|rule|Species Clause: Limit one of each Pok\u00e9mon\n|rule|Sleep Clause Mod: Limit one foe put to sleep\n|clearpoke\n|poke|p1|Pikachu, F|\n|poke|p1|Venusaur, F|\n|poke|p1|Charizard, M|\n|poke|p1|Blastoise, F|\n|poke|p1|Butterfree, F|\n|poke|p1|Pidgeot, F|\n|poke|p2|Volcarona, F|\n|poke|p2|Gliscor, F|\n|poke|p2|Electrode-Hisui|\n|poke|p2|Garganacl, F|\n|poke|p2|Throh, M|\n|poke|p2|Garchomp, F|\n|teampreview\n|inactive|Battle timer is ON: inactive players will automatically lose when time's up. (requested by KrickeMan\u97f3\u7bb1\u87c0\u4fa0)\n|\n|t:|1700125477\n|start\n|switch|p1a: Pidgeot|Pidgeot, F|100\/100\n|switch|p2a: Garganacl|Garganacl, F|100\/100\n|turn|1\n|\n|t:|1700125492\n|move|p1a: Pidgeot|Tailwind|p1a: Pidgeot\n|-sidestart|p1: KrickeMan\u97f3\u7bb1\u87c0\u4fa0|move: Tailwind\n|move|p2a: Garganacl|Body Press|p1a: Pidgeot\n|-damage|p1a: Pidgeot|75\/100\n|\n|upkeep\n|turn|2\n|\n|t:|1700125507\n|switch|p1a: Blastoise|Blastoise, F|100\/100\n|move|p2a: Garganacl|Iron Defense|p2a: Garganacl\n|-boost|p2a: Garganacl|def|2\n|\n|upkeep\n|turn|3\n|\n|t:|1700125530\n|switch|p2a: Electrode|Electrode-Hisui|100\/100\n|move|p1a: Blastoise|Shell Smash|p1a: Blastoise\n|-unboost|p1a: Blastoise|def|1\n|-unboost|p1a: Blastoise|spd|1\n|-boost|p1a: Blastoise|atk|2\n|-boost|p1a: Blastoise|spa|2\n|-boost|p1a: Blastoise|spe|2\n|-enditem|p1a: Blastoise|White Herb\n|-clearnegativeboost|p1a: Blastoise|[silent]\n|\n|upkeep\n|turn|4\n|inactive|Parakram28 has 120 seconds left.\n|\n|t:|1700125551\n|move|p1a: Blastoise|Ice Beam|p2a: Electrode\n|-supereffective|p2a: Electrode\n|-damage|p2a: Electrode|0 fnt\n|faint|p2a: Electrode\n|\n|-sideend|p1: KrickeMan\u97f3\u7bb1\u87c0\u4fa0|move: Tailwind\n|upkeep\n|inactive|Parakram28 has 120 seconds left.\n|\n|t:|1700125557\n|switch|p2a: Throh|Throh, M|100\/100\n|turn|5\n|\n|t:|1700125565\n|-terastallize|p1a: Blastoise|Water\n|move|p1a: Blastoise|Hydro Pump|p2a: Throh|[miss]\n|-miss|p1a: Blastoise|p2a: Throh\n|move|p2a: Throh|Rest|p2a: Throh\n|-fail|p2a: Throh|heal\n|\n|upkeep\n|turn|6\n|\n|t:|1700125575\n|move|p1a: Blastoise|Hydro Pump|p2a: Throh\n|-damage|p2a: Throh|0 fnt\n|faint|p2a: Throh\n|\n|upkeep\n|\n|t:|1700125585\n|switch|p2a: Volcarona|Volcarona, F|100\/100\n|turn|7\n|\n|t:|1700125590\n|move|p1a: Blastoise|Hydro Pump|p2a: Volcarona\n|-supereffective|p2a: Volcarona\n|-damage|p2a: Volcarona|0 fnt\n|faint|p2a: Volcarona\n|\n|upkeep\n|\n|t:|1700125597\n|switch|p2a: Gliscor|Gliscor, F|100\/100\n|turn|8\n|\n|t:|1700125602\n|move|p1a: Blastoise|Ice Beam|p2a: Gliscor\n|-supereffective|p2a: Gliscor\n|-damage|p2a: Gliscor|0 fnt\n|faint|p2a: Gliscor\n|\n|upkeep\n|\n|t:|1700125608\n|switch|p2a: Garchomp|Garchomp, F|100\/100\n|turn|9\n|\n|t:|1700125614\n|detailschange|p2a: Garchomp|Garchomp-Mega, F\n|-mega|p2a: Garchomp|Garchomp|Garchompite\n|move|p1a: Blastoise|Ice Beam|p2a: Garchomp\n|-supereffective|p2a: Garchomp\n|-damage|p2a: Garchomp|0 fnt\n|faint|p2a: Garchomp\n|\n|upkeep\n|\n|t:|1700125620\n|switch|p2a: Garganacl|Garganacl, F|100\/100\n|turn|10\n|\n|t:|1700125624\n|move|p1a: Blastoise|Hydro Pump|p2a: Garganacl\n|-supereffective|p2a: Garganacl\n|-damage|p2a: Garganacl|0 fnt\n|faint|p2a: Garganacl\n|\n|win|KrickeMan\u97f3\u7bb1\u87c0\u4fa0\n|raw|KrickeMan\u97f3\u7bb1\u87c0\u4fa0's rating: 1011 &rarr; <strong>1054<\/strong><br \/>(+43 for winning)\n|raw|Parakram28's rating: 1054 &rarr; <strong>1034<\/strong><br \/>(-20 for losing)\n","uploadtime":1700125630,"views":5,"p1id":"krickeman","p2id":"parakram28","formatid":"gen9nationaldex","rating":1034,"private":0,"password":""}