{"id":"gen9nationaldex-1995954349","p1":"aceman2798","p2":"Horse95","format":"[Gen 9] National Dex","log":"|html|<div class=\"broadcast-blue\"><strong>[Gen 9] National Dex is currently suspecting Sneasler! For information on how to participate check out the <a href=\"https:\/\/www.smogon.com\/forums\/threads\/sv-national-dex-suspect-8-just-dance.3731534\/\">suspect thread<\/a>.<\/strong><\/div>\n|j|\u2606aceman2798\n|j|\u2606Horse95\n|t:|1700621564\n|gametype|singles\n|player|p1|aceman2798|byron|\n|player|p2|Horse95|colress|\n|teamsize|p1|6\n|teamsize|p2|6\n|gen|9\n|tier|[Gen 9] National Dex\n|rule|HP Percentage Mod: HP is shown in percentages\n|rule|Endless Battle Clause: Forcing endless battles is banned\n|rule|OHKO Clause: OHKO moves are banned\n|rule|Evasion Clause: Evasion abilities, items, and moves are banned\n|rule|Evasion Abilities Clause: Evasion abilities are banned\n|rule|Evasion Items Clause: Evasion items are banned\n|rule|Evasion Moves Clause: Evasion moves are banned\n|rule|Species Clause: Limit one of each Pok\u00e9mon\n|rule|Sleep Clause Mod: Limit one foe put to sleep\n|clearpoke\n|poke|p1|Metagross|\n|poke|p1|Bronzong|\n|poke|p1|Empoleon, M|\n|poke|p1|Corviknight, F|\n|poke|p1|Heatran, M|\n|poke|p1|Aegislash, M|\n|poke|p2|Kommo-o, F|\n|poke|p2|Volbeat, M|\n|poke|p2|Torterra, M|\n|poke|p2|Ceruledge, F|\n|poke|p2|Quaquaval, M|\n|poke|p2|Rotom-Heat|\n|teampreview\n|c|\u2606Horse95|hello!\n|c|\u2606Horse95|I am honored to battle you\n|c|\u2606Horse95|glhf\n|c|\u2606Horse95|you here?\n|\n|t:|1700621629\n|start\n|switch|p1a: Aegislash|Aegislash, M|100\/100\n|switch|p2a: Kommo-o|Kommo-o, F|100\/100\n|turn|1\n|\n|t:|1700621676\n|switch|p1a: Empoleon|Empoleon, M|100\/100\n|move|p2a: Kommo-o|Iron Defense|p2a: Kommo-o\n|-boost|p2a: Kommo-o|def|2\n|\n|upkeep\n|turn|2\n|\n|t:|1700621690\n|move|p2a: Kommo-o|Clangorous Soul|p2a: Kommo-o\n|-boost|p2a: Kommo-o|atk|1\n|-boost|p2a: Kommo-o|def|1\n|-boost|p2a: Kommo-o|spa|1\n|-boost|p2a: Kommo-o|spd|1\n|-boost|p2a: Kommo-o|spe|1\n|-damage|p2a: Kommo-o|68\/100\n|move|p1a: Empoleon|Agility|p1a: Empoleon\n|-boost|p1a: Empoleon|spe|2\n|\n|-heal|p2a: Kommo-o|74\/100|[from] item: Leftovers\n|upkeep\n|turn|3\n|\n|t:|1700621701\n|move|p1a: Empoleon|Air Slash|p2a: Kommo-o\n|-supereffective|p2a: Kommo-o\n|-damage|p2a: Kommo-o|37\/100\n|move|p2a: Kommo-o|Body Press|p1a: Empoleon\n|-supereffective|p1a: Empoleon\n|-crit|p1a: Empoleon\n|-enditem|p1a: Empoleon|Focus Sash\n|-damage|p1a: Empoleon|1\/100\n|\n|-heal|p2a: Kommo-o|43\/100|[from] item: Leftovers\n|upkeep\n|turn|4\n|\n|t:|1700621712\n|-terastallize|p2a: Kommo-o|Fire\n|move|p1a: Empoleon|Air Slash|p2a: Kommo-o\n|-damage|p2a: Kommo-o|25\/100\n|cant|p2a: Kommo-o|flinch\n|\n|-heal|p2a: Kommo-o|31\/100|[from] item: Leftovers\n|upkeep\n|turn|5\n|\n|t:|1700621721\n|move|p1a: Empoleon|Hydro Pump|p2a: Kommo-o\n|-supereffective|p2a: Kommo-o\n|-damage|p2a: Kommo-o|0 fnt\n|faint|p2a: Kommo-o\n|\n|upkeep\n|\n|t:|1700621729\n|switch|p2a: Ceruledge|Ceruledge, F|100\/100\n|turn|6\n|\n|t:|1700621738\n|move|p2a: Ceruledge|Shadow Sneak|p1a: Empoleon\n|-damage|p1a: Empoleon|0 fnt\n|faint|p1a: Empoleon\n|\n|upkeep\n|\n|t:|1700621767\n|switch|p1a: Aegislash|Aegislash, M|100\/100\n|turn|7\n|\n|t:|1700621776\n|move|p2a: Ceruledge|Swords Dance|p2a: Ceruledge\n|-boost|p2a: Ceruledge|atk|2\n|-formechange|p1a: Aegislash|Aegislash-Blade||[from] ability: Stance Change\n|move|p1a: Aegislash|Shadow Ball|p2a: Ceruledge\n|-supereffective|p2a: Ceruledge\n|-damage|p2a: Ceruledge|10\/100\n|\n|upkeep\n|turn|8\n|\n|t:|1700621785\n|switch|p1a: Heatran|Heatran, M|100\/100\n|move|p2a: Ceruledge|Poltergeist|p1a: Heatran\n|-activate|p1a: Heatran|move: Poltergeist|Choice Scarf\n|-damage|p1a: Heatran|0 fnt\n|faint|p1a: Heatran\n|\n|upkeep\n|\n|t:|1700621811\n|switch|p1a: Aegislash|Aegislash, M|100\/100\n|turn|9\n|\n|t:|1700621821\n|move|p1a: Aegislash|King's Shield|p1a: Aegislash\n|-singleturn|p1a: Aegislash|Protect\n|move|p2a: Ceruledge|Bitter Blade|p1a: Aegislash\n|-activate|p1a: Aegislash|move: Protect\n|-unboost|p2a: Ceruledge|atk|1\n|\n|upkeep\n|turn|10\n|\n|t:|1700621828\n|move|p2a: Ceruledge|Poltergeist|p1a: Aegislash\n|-activate|p1a: Aegislash|move: Poltergeist|Leftovers\n|-supereffective|p1a: Aegislash\n|-damage|p1a: Aegislash|0 fnt\n|faint|p1a: Aegislash\n|\n|upkeep\n|\n|t:|1700621836\n|switch|p1a: Bronzong|Bronzong|100\/100\n|turn|11\n|\n|t:|1700621840\n|-terastallize|p1a: Bronzong|Steel\n|move|p1a: Bronzong|Protect|p1a: Bronzong\n|-singleturn|p1a: Bronzong|Protect\n|move|p2a: Ceruledge|Poltergeist|p1a: Bronzong\n|-activate|p1a: Bronzong|move: Protect\n|\n|upkeep\n|turn|12\n|\n|t:|1700621851\n|move|p2a: Ceruledge|Poltergeist|p1a: Bronzong\n|-activate|p1a: Bronzong|move: Poltergeist|Leftovers\n|-damage|p1a: Bronzong|46\/100\n|move|p1a: Bronzong|Iron Defense|p1a: Bronzong\n|-boost|p1a: Bronzong|def|2\n|\n|-heal|p1a: Bronzong|52\/100|[from] item: Leftovers\n|upkeep\n|turn|13\n|\n|t:|1700621862\n|move|p1a: Bronzong|Protect|p1a: Bronzong\n|-singleturn|p1a: Bronzong|Protect\n|move|p2a: Ceruledge|Swords Dance|p2a: Ceruledge\n|-boost|p2a: Ceruledge|atk|2\n|\n|-heal|p1a: Bronzong|58\/100|[from] item: Leftovers\n|upkeep\n|turn|14\n|\n|t:|1700621869\n|move|p2a: Ceruledge|Poltergeist|p1a: Bronzong\n|-activate|p1a: Bronzong|move: Poltergeist|Leftovers\n|-damage|p1a: Bronzong|16\/100\n|move|p1a: Bronzong|Stored Power|p2a: Ceruledge\n|-damage|p2a: Ceruledge|0 fnt\n|faint|p2a: Ceruledge\n|\n|-heal|p1a: Bronzong|22\/100|[from] item: Leftovers\n|upkeep\n|\n|t:|1700621886\n|switch|p2a: Rotom|Rotom-Heat|100\/100\n|turn|15\n|\n|t:|1700621892\n|move|p1a: Bronzong|Protect|p1a: Bronzong\n|-singleturn|p1a: Bronzong|Protect\n|move|p2a: Rotom|Volt Switch|p1a: Bronzong\n|-activate|p1a: Bronzong|move: Protect\n|\n|-heal|p1a: Bronzong|28\/100|[from] item: Leftovers\n|upkeep\n|turn|16\n|\n|t:|1700621924\n|move|p2a: Rotom|Volt Switch|p1a: Bronzong\n|-damage|p1a: Bronzong|1\/100\n|\n|t:|1700621928\n|switch|p2a: Volbeat|Volbeat, M|100\/100|[from] Volt Switch\n|move|p1a: Bronzong|Calm Mind|p1a: Bronzong\n|-boost|p1a: Bronzong|spa|1\n|-boost|p1a: Bronzong|spd|1\n|\n|-heal|p1a: Bronzong|7\/100|[from] item: Leftovers\n|upkeep\n|turn|17\n|\n|t:|1700621940\n|move|p2a: Volbeat|Encore|p1a: Bronzong\n|-start|p1a: Bronzong|Encore\n|move|p1a: Bronzong|Calm Mind|p1a: Bronzong\n|-boost|p1a: Bronzong|spa|1\n|-boost|p1a: Bronzong|spd|1\n|\n|-heal|p1a: Bronzong|14\/100|[from] item: Leftovers\n|upkeep\n|turn|18\n|\n|t:|1700621947\n|switch|p2a: Quaquaval|Quaquaval, M|100\/100\n|move|p1a: Bronzong|Calm Mind|p1a: Bronzong\n|-boost|p1a: Bronzong|spa|1\n|-boost|p1a: Bronzong|spd|1\n|\n|-heal|p1a: Bronzong|20\/100|[from] item: Leftovers\n|upkeep\n|turn|19\n|\n|t:|1700621958\n|move|p2a: Quaquaval|Bulk Up|p2a: Quaquaval\n|-boost|p2a: Quaquaval|atk|1\n|-boost|p2a: Quaquaval|def|1\n|move|p1a: Bronzong|Calm Mind|p1a: Bronzong\n|-boost|p1a: Bronzong|spa|1\n|-boost|p1a: Bronzong|spd|1\n|\n|-heal|p1a: Bronzong|26\/100|[from] item: Leftovers\n|-end|p1a: Bronzong|Encore\n|upkeep\n|turn|20\n|\n|t:|1700621968\n|move|p2a: Quaquaval|Close Combat|p1a: Bronzong\n|-supereffective|p1a: Bronzong\n|-damage|p1a: Bronzong|0 fnt\n|-unboost|p2a: Quaquaval|def|1\n|-unboost|p2a: Quaquaval|spd|1\n|faint|p1a: Bronzong\n|-ability|p2a: Quaquaval|Moxie|boost\n|-boost|p2a: Quaquaval|atk|1\n|\n|upkeep\n|\n|t:|1700621974\n|switch|p1a: Metagross|Metagross|100\/100\n|turn|21\n|\n|t:|1700621983\n|switch|p2a: Rotom|Rotom-Heat|100\/100\n|move|p1a: Metagross|Stealth Rock|p2a: Rotom\n|-sidestart|p2: Horse95|move: Stealth Rock\n|\n|upkeep\n|turn|22\n|j| guzmfran\n|\n|t:|1700621990\n|move|p1a: Metagross|Protect|p1a: Metagross\n|-singleturn|p1a: Metagross|Protect\n|move|p2a: Rotom|Reflect|p2a: Rotom\n|-sidestart|p2: Horse95|Reflect\n|\n|upkeep\n|turn|23\n|\n|t:|1700621996\n|move|p2a: Rotom|Overheat|p1a: Metagross\n|-supereffective|p1a: Metagross\n|-damage|p1a: Metagross|30\/100\n|-unboost|p2a: Rotom|spa|2\n|move|p1a: Metagross|Body Press|p2a: Rotom\n|-damage|p2a: Rotom|90\/100\n|\n|-heal|p1a: Metagross|36\/100|[from] item: Leftovers\n|upkeep\n|turn|24\n|\n|t:|1700622005\n|move|p1a: Metagross|Protect|p1a: Metagross\n|-singleturn|p1a: Metagross|Protect\n|move|p2a: Rotom|Light Screen|p2a: Rotom\n|-sidestart|p2: Horse95|move: Light Screen\n|\n|-heal|p1a: Metagross|42\/100|[from] item: Leftovers\n|upkeep\n|turn|25\n|l| guzmfran\n|\n|t:|1700622013\n|move|p2a: Rotom|Overheat|p1a: Metagross\n|-supereffective|p1a: Metagross\n|-damage|p1a: Metagross|7\/100\n|-unboost|p2a: Rotom|spa|2\n|move|p1a: Metagross|Body Press|p2a: Rotom\n|-crit|p2a: Rotom\n|-damage|p2a: Rotom|59\/100\n|\n|-heal|p1a: Metagross|13\/100|[from] item: Leftovers\n|upkeep\n|turn|26\n|\n|t:|1700622027\n|switch|p2a: Volbeat|Volbeat, M|100\/100\n|-damage|p2a: Volbeat|76\/100|[from] Stealth Rock\n|move|p1a: Metagross|Body Press|p2a: Volbeat\n|-resisted|p2a: Volbeat\n|-damage|p2a: Volbeat|70\/100\n|\n|-heal|p2a: Volbeat|76\/100|[from] item: Leftovers\n|-heal|p1a: Metagross|19\/100|[from] item: Leftovers\n|upkeep\n|turn|27\n|\n|t:|1700622039\n|move|p1a: Metagross|Protect|p1a: Metagross\n|-singleturn|p1a: Metagross|Protect\n|move|p2a: Volbeat|Roost|p2a: Volbeat\n|-heal|p2a: Volbeat|100\/100\n|-singleturn|p2a: Volbeat|move: Roost\n|\n|-heal|p1a: Metagross|25\/100|[from] item: Leftovers\n|upkeep\n|turn|28\n|\n|t:|1700622045\n|switch|p1a: Corviknight|Corviknight, F|100\/100\n|-ability|p1a: Corviknight|Pressure\n|move|p2a: Volbeat|Encore||[still]\n|-fail|p2a: Volbeat\n|\n|upkeep\n|turn|29\n|\n|t:|1700622053\n|move|p2a: Volbeat|Thunder Wave|p1a: Corviknight\n|-status|p1a: Corviknight|par\n|move|p1a: Corviknight|Brave Bird|p2a: Volbeat\n|-supereffective|p2a: Volbeat\n|-damage|p2a: Volbeat|65\/100\n|-damage|p1a: Corviknight|91\/100 par|[from] Recoil\n|\n|-heal|p2a: Volbeat|71\/100|[from] item: Leftovers\n|-sideend|p2: Horse95|Reflect\n|upkeep\n|turn|30\n|\n|t:|1700622063\n|switch|p2a: Rotom|Rotom-Heat|59\/100\n|-damage|p2a: Rotom|35\/100|[from] Stealth Rock\n|move|p1a: Corviknight|Brave Bird|p2a: Rotom\n|-resisted|p2a: Rotom\n|-damage|p2a: Rotom|18\/100\n|-damage|p1a: Corviknight|87\/100 par|[from] Recoil\n|\n|upkeep\n|turn|31\n|\n|t:|1700622075\n|move|p2a: Rotom|Overheat|p1a: Corviknight\n|-supereffective|p1a: Corviknight\n|-damage|p1a: Corviknight|0 fnt\n|-unboost|p2a: Rotom|spa|2\n|faint|p1a: Corviknight\n|\n|-sideend|p2: Horse95|move: Light Screen\n|upkeep\n|\n|t:|1700622078\n|switch|p1a: Metagross|Metagross|25\/100\n|turn|32\n|\n|t:|1700622085\n|move|p2a: Rotom|Reflect|p2a: Rotom\n|-sidestart|p2: Horse95|Reflect\n|move|p1a: Metagross|Body Press|p2a: Rotom\n|-damage|p2a: Rotom|7\/100\n|\n|-heal|p1a: Metagross|31\/100|[from] item: Leftovers\n|upkeep\n|turn|33\n|c|\u2606aceman2798|gg\n|\n|t:|1700622093\n|switch|p2a: Torterra|Torterra, M|100\/100\n|-damage|p2a: Torterra|94\/100|[from] Stealth Rock\n|move|p1a: Metagross|Body Press|p2a: Torterra\n|-damage|p2a: Torterra|83\/100\n|\n|-heal|p1a: Metagross|37\/100|[from] item: Leftovers\n|upkeep\n|turn|34\n|\n|t:|1700622103\n|move|p2a: Torterra|Earthquake|p1a: Metagross\n|-supereffective|p1a: Metagross\n|-damage|p1a: Metagross|0 fnt\n|faint|p1a: Metagross\n|\n|win|Horse95\n|c|\u2606Horse95|gg\n","uploadtime":1700622116,"views":8,"p1id":"aceman2798","p2id":"horse95","formatid":"gen9nationaldex","rating":0,"private":0,"password":""}