{"id":"gen9nationaldex-1996016463","p1":"NDSNEZ COCAKK2","p2":"CF. Xynix","format":"[Gen 9] National Dex","log":"|html|<div class=\"broadcast-blue\"><strong>[Gen 9] National Dex is currently suspecting Sneasler! For information on how to participate check out the <a href=\"https:\/\/www.smogon.com\/forums\/threads\/sv-national-dex-suspect-8-just-dance.3731534\/\">suspect thread<\/a>.<\/strong><\/div>\n|j|\u2606NDSNEZ COCAKK2\n|j|\u2606CF. Xynix\n|t:|1700629841\n|gametype|singles\n|player|p1|NDSNEZ COCAKK2|iris-gen5bw2|1248\n|player|p2|CF. Xynix|lady|1255\n|teamsize|p1|6\n|teamsize|p2|6\n|gen|9\n|tier|[Gen 9] National Dex\n|rated|\n|rule|HP Percentage Mod: HP is shown in percentages\n|rule|Endless Battle Clause: Forcing endless battles is banned\n|rule|OHKO Clause: OHKO moves are banned\n|rule|Evasion Clause: Evasion abilities, items, and moves are banned\n|rule|Evasion Abilities Clause: Evasion abilities are banned\n|rule|Evasion Items Clause: Evasion items are banned\n|rule|Evasion Moves Clause: Evasion moves are banned\n|rule|Species Clause: Limit one of each Pok\u00e9mon\n|rule|Sleep Clause Mod: Limit one foe put to sleep\n|clearpoke\n|poke|p1|Hatterene, F|\n|poke|p1|Ursaluna, F|\n|poke|p1|Marowak-Alola, F|\n|poke|p1|Mawile, F|\n|poke|p1|Porygon2|\n|poke|p1|Cresselia, F|\n|poke|p2|Tapu Lele|\n|poke|p2|Hatterene, F|\n|poke|p2|Victini|\n|poke|p2|Medicham, M|\n|poke|p2|Deoxys-Defense|\n|poke|p2|Oricorio-Pa'u, M|\n|teampreview\n|inactive|Battle timer is ON: inactive players will automatically lose when time's up. (requested by CF. Xynix)\n|inactive|NDSNEZ COCAKK2 also wants the timer to be on.\n|\n|t:|1700629857\n|start\n|switch|p1a: Hatterene|Hatterene, F|100\/100\n|switch|p2a: Hatterene|Hatterene, F|100\/100\n|turn|1\n|\n|t:|1700629862\n|move|p2a: Hatterene|Nuzzle|p1a: Hatterene\n|-damage|p1a: Hatterene|97\/100\n|-status|p1a: Hatterene|par\n|move|p1a: Hatterene|Trick Room|p1a: Hatterene\n|-fieldstart|move: Trick Room|[of] p1a: Hatterene\n|\n|upkeep\n|turn|2\n|\n|t:|1700629864\n|move|p1a: Hatterene|Healing Wish|p1a: Hatterene\n|faint|p1a: Hatterene\n|move|p2a: Hatterene|Future Sight|p1: Hatterene\n|-start|p2a: Hatterene|move: Future Sight\n|\n|upkeep\n|\n|t:|1700629867\n|switch|p1a: Marowak|Marowak-Alola, F|100\/100\n|turn|3\n|\n|t:|1700629870\n|switch|p2a: Deoxys|Deoxys-Defense|100\/100\n|-ability|p2a: Deoxys|Pressure\n|move|p1a: Marowak|Poltergeist|p2a: Deoxys\n|-activate|p2a: Deoxys|move: Poltergeist|Leftovers\n|-supereffective|p2a: Deoxys\n|-damage|p2a: Deoxys|0 fnt\n|faint|p2a: Deoxys\n|\n|upkeep\n|\n|t:|1700629882\n|switch|p2a: Oricorio|Oricorio-Pa'u, M|100\/100\n|turn|4\n|\n|t:|1700629890\n|move|p1a: Marowak|Poltergeist|p2a: Oricorio\n|-activate|p2a: Oricorio|move: Poltergeist|Heavy-Duty Boots\n|-supereffective|p2a: Oricorio\n|-damage|p2a: Oricorio|0 fnt\n|faint|p2a: Oricorio\n|\n|-end|p1a: Marowak|move: Future Sight\n|-damage|p1a: Marowak|10\/100\n|upkeep\n|\n|t:|1700629895\n|switch|p2a: Medicham|Medicham, M|100\/100\n|turn|5\n|\n|t:|1700629898\n|switch|p1a: Cresselia|Cresselia, F|100\/100\n|detailschange|p2a: Medicham|Medicham-Mega, M\n|-mega|p2a: Medicham|Medicham|Medichamite\n|move|p2a: Medicham|Bullet Punch|p1a: Cresselia\n|-damage|p1a: Cresselia|85\/100\n|\n|-fieldend|move: Trick Room\n|upkeep\n|turn|6\n|\n|t:|1700629901\n|move|p2a: Medicham|Zen Headbutt|p1a: Cresselia\n|-resisted|p1a: Cresselia\n|-damage|p1a: Cresselia|64\/100\n|move|p1a: Cresselia|Trick Room|p1a: Cresselia\n|-fieldstart|move: Trick Room|[of] p1a: Cresselia\n|\n|upkeep\n|turn|7\n|\n|t:|1700629912\n|switch|p2a: Hatterene|Hatterene, F|100\/100\n|move|p1a: Cresselia|Lunar Dance|p1a: Cresselia\n|faint|p1a: Cresselia\n|\n|upkeep\n|\n|t:|1700629917\n|switch|p1a: Marowak|Marowak-Alola, F|10\/100\n|-heal|p1a: Marowak|100\/100|[from] move: Healing Wish\n|-heal|p1a: Marowak|100\/100|[from] move: Lunar Dance\n|turn|8\n|\n|t:|1700629921\n|move|p2a: Hatterene|Nuzzle|p1a: Marowak\n|-damage|p1a: Marowak|96\/100\n|-status|p1a: Marowak|par\n|cant|p1a: Marowak|par\n|\n|upkeep\n|turn|9\n|\n|t:|1700629923\n|cant|p1a: Marowak|par\n|move|p2a: Hatterene|Future Sight|p1a: Marowak\n|-start|p2a: Hatterene|move: Future Sight\n|\n|upkeep\n|turn|10\n|\n|t:|1700629928\n|move|p1a: Marowak|Poltergeist|p2a: Hatterene\n|-activate|p2a: Hatterene|move: Poltergeist|Leftovers\n|-supereffective|p2a: Hatterene\n|-damage|p2a: Hatterene|0 fnt\n|faint|p2a: Hatterene\n|\n|-fieldend|move: Trick Room\n|upkeep\n|\n|t:|1700629932\n|switch|p2a: Victini|Victini|100\/100\n|turn|11\n|\n|t:|1700629936\n|switch|p1a: Mawile|Mawile, F|100\/100\n|-zpower|p2a: Victini\n|move|p2a: Victini|Z-Celebrate|p2a: Victini|[anim]Celebrate\n|-boost|p2a: Victini|atk|1|[zeffect]\n|-boost|p2a: Victini|def|1|[zeffect]\n|-boost|p2a: Victini|spa|1|[zeffect]\n|-boost|p2a: Victini|spd|1|[zeffect]\n|-boost|p2a: Victini|spe|1|[zeffect]\n|-activate|p2a: Victini|move: Celebrate\n|\n|-end|p1a: Mawile|move: Future Sight\n|-resisted|p1a: Mawile\n|-damage|p1a: Mawile|40\/100\n|upkeep\n|turn|12\n|\n|t:|1700629940\n|detailschange|p1a: Mawile|Mawile-Mega, F\n|-mega|p1a: Mawile|Mawile|Mawilite\n|move|p2a: Victini|Searing Shot|p1a: Mawile\n|-supereffective|p1a: Mawile\n|-damage|p1a: Mawile|0 fnt\n|faint|p1a: Mawile\n|\n|upkeep\n|\n|t:|1700629943\n|switch|p1a: Porygon2|Porygon2|100\/100\n|-ability|p1a: Porygon2|Download|boost\n|-boost|p1a: Porygon2|atk|1\n|turn|13\n|\n|t:|1700629946\n|move|p2a: Victini|Stored Power|p1a: Porygon2\n|-damage|p1a: Porygon2|61\/100\n|move|p1a: Porygon2|Trick Room|p1a: Porygon2\n|-fieldstart|move: Trick Room|[of] p1a: Porygon2\n|\n|upkeep\n|turn|14\n|\n|t:|1700629951\n|move|p2a: Victini|Stored Power|p1a: Porygon2\n|-damage|p1a: Porygon2|21\/100\n|move|p1a: Porygon2|Teleport|p1a: Porygon2\n|\n|t:|1700629955\n|switch|p1a: Ursaluna|Ursaluna, F|100\/100|[from] Teleport\n|\n|-status|p1a: Ursaluna|brn|[from] item: Flame Orb\n|upkeep\n|turn|15\n|\n|t:|1700629957\n|move|p1a: Ursaluna|Headlong Rush|p2a: Victini\n|-supereffective|p2a: Victini\n|-damage|p2a: Victini|0 fnt\n|-unboost|p1a: Ursaluna|def|1\n|-unboost|p1a: Ursaluna|spd|1\n|faint|p2a: Victini\n|\n|-damage|p1a: Ursaluna|94\/100 brn|[from] brn\n|upkeep\n|\n|t:|1700629965\n|switch|p2a: Medicham|Medicham-Mega, M|100\/100\n|turn|16\n|\n|t:|1700629968\n|move|p2a: Medicham|Fake Out|p1a: Ursaluna\n|-damage|p1a: Ursaluna|71\/100 brn\n|cant|p1a: Ursaluna|flinch\n|\n|-damage|p1a: Ursaluna|65\/100 brn|[from] brn\n|upkeep\n|turn|17\n|\n|t:|1700629971\n|switch|p2a: Tapu Lele|Tapu Lele|100\/100\n|-fieldstart|move: Psychic Terrain|[from] ability: Psychic Surge|[of] p2a: Tapu Lele\n|move|p1a: Ursaluna|Facade|p2a: Tapu Lele\n|-damage|p2a: Tapu Lele|0 fnt\n|faint|p2a: Tapu Lele\n|\n|-damage|p1a: Ursaluna|59\/100 brn|[from] brn\n|-fieldend|move: Trick Room\n|upkeep\n|\n|t:|1700629972\n|switch|p2a: Medicham|Medicham-Mega, M|100\/100\n|turn|18\n|\n|t:|1700629978\n|switch|p1a: Porygon2|Porygon2|21\/100\n|-ability|p1a: Porygon2|Download|boost\n|-boost|p1a: Porygon2|atk|1\n|move|p2a: Medicham|High Jump Kick|p1a: Porygon2\n|-supereffective|p1a: Porygon2\n|-damage|p1a: Porygon2|0 fnt\n|faint|p1a: Porygon2\n|\n|upkeep\n|\n|t:|1700629980\n|switch|p1a: Marowak|Marowak-Alola, F|96\/100 par\n|turn|19\n|\n|t:|1700629984\n|move|p2a: Medicham|Zen Headbutt|p1a: Marowak\n|-damage|p1a: Marowak|13\/100 par\n|cant|p1a: Marowak|par\n|\n|upkeep\n|turn|20\n|\n|t:|1700629987\n|move|p2a: Medicham|Zen Headbutt|p1a: Marowak\n|-damage|p1a: Marowak|0 fnt\n|faint|p1a: Marowak\n|\n|upkeep\n|\n|t:|1700629990\n|switch|p1a: Ursaluna|Ursaluna, F|59\/100 brn\n|turn|21\n|\n|t:|1700629992\n|-terastallize|p1a: Ursaluna|Normal\n|move|p2a: Medicham|High Jump Kick|p1a: Ursaluna\n|-supereffective|p1a: Ursaluna\n|-damage|p1a: Ursaluna|0 fnt\n|faint|p1a: Ursaluna\n|\n|win|CF. Xynix\n|raw|NDSNEZ COCAKK2's rating: 1248 &rarr; <strong>1224<\/strong><br \/>(-24 for losing)\n|raw|CF. Xynix's rating: 1255 &rarr; <strong>1279<\/strong><br \/>(+24 for winning)\n","uploadtime":1700630002,"views":0,"p1id":"ndsnezcocakk2","p2id":"cfxynix","formatid":"gen9nationaldex","rating":1224,"private":0,"password":""}