{"id":"gen9nationaldex-1990862006","p1":"Chocolate de cacao","p2":"fancyostriches","format":"[Gen 9] National Dex","log":"|j|\u2606Chocolate de cacao\n|j|\u2606fancyostriches\n|t:|1700008741\n|gametype|singles\n|player|p1|Chocolate de cacao|170|1141\n|player|p2|fancyostriches|pokemaniac|1042\n|teamsize|p1|6\n|teamsize|p2|6\n|gen|9\n|tier|[Gen 9] National Dex\n|rated|\n|rule|HP Percentage Mod: HP is shown in percentages\n|rule|Endless Battle Clause: Forcing endless battles is banned\n|rule|OHKO Clause: OHKO moves are banned\n|rule|Evasion Clause: Evasion abilities, items, and moves are banned\n|rule|Evasion Abilities Clause: Evasion abilities are banned\n|rule|Evasion Items Clause: Evasion items are banned\n|rule|Evasion Moves Clause: Evasion moves are banned\n|rule|Species Clause: Limit one of each Pok\u00e9mon\n|rule|Sleep Clause Mod: Limit one foe put to sleep\n|clearpoke\n|poke|p1|Glimmora, M|\n|poke|p1|Gyarados, M|\n|poke|p1|Iron Valiant|\n|poke|p1|Tapu Koko|\n|poke|p1|Charizard, F|\n|poke|p1|Alakazam, M|\n|poke|p2|Venomoth, M|\n|poke|p2|Uxie|\n|poke|p2|Quaquaval, F|\n|poke|p2|Minior-Indigo|\n|poke|p2|Banette, F|\n|poke|p2|Slowbro-Galar, F|\n|teampreview\n|\n|t:|1700008759\n|start\n|switch|p1a: Glimmora|Glimmora, M|100\/100\n|switch|p2a: Uxie|Uxie|100\/100\n|turn|1\n|\n|t:|1700008770\n|move|p2a: Uxie|Stealth Rock|p1a: Glimmora\n|-sidestart|p1: Chocolate de cacao|move: Stealth Rock\n|move|p1a: Glimmora|Sludge Bomb|p2a: Uxie\n|-damage|p2a: Uxie|62\/100\n|\n|upkeep\n|turn|2\n|\n|t:|1700008792\n|move|p2a: Uxie|Light Screen|p2a: Uxie\n|-sidestart|p2: fancyostriches|move: Light Screen\n|move|p1a: Glimmora|Sludge Bomb|p2a: Uxie\n|-damage|p2a: Uxie|44\/100\n|-status|p2a: Uxie|psn\n|\n|-damage|p2a: Uxie|31\/100 psn|[from] psn\n|upkeep\n|turn|3\n|\n|t:|1700008801\n|move|p2a: Uxie|Memento|p1a: Glimmora\n|-unboost|p1a: Glimmora|atk|2\n|-unboost|p1a: Glimmora|spa|2\n|faint|p2a: Uxie\n|move|p1a: Glimmora|Sludge Bomb|p2: Uxie|[notarget]\n|-fail|p1a: Glimmora\n|\n|upkeep\n|\n|t:|1700008809\n|switch|p2a: Quaquaval|Quaquaval, F|100\/100\n|turn|4\n|\n|t:|1700008814\n|move|p2a: Quaquaval|Swords Dance|p2a: Quaquaval\n|-boost|p2a: Quaquaval|atk|2\n|move|p1a: Glimmora|Sludge Bomb|p2a: Quaquaval\n|-damage|p2a: Quaquaval|83\/100\n|\n|upkeep\n|turn|5\n|\n|t:|1700008820\n|move|p2a: Quaquaval|Aqua Step|p1a: Glimmora\n|-supereffective|p1a: Glimmora\n|-damage|p1a: Glimmora|0 fnt\n|-boost|p2a: Quaquaval|spe|1\n|-activate|p1a: Glimmora|ability: Toxic Debris\n|-sidestart|p2: fancyostriches|move: Toxic Spikes\n|faint|p1a: Glimmora\n|-ability|p2a: Quaquaval|Moxie|boost\n|-boost|p2a: Quaquaval|atk|1\n|\n|upkeep\n|\n|t:|1700008841\n|switch|p1a: Alakazam|Alakazam, M|100\/100\n|turn|6\n|\n|t:|1700008857\n|move|p2a: Quaquaval|Aqua Step|p1a: Alakazam\n|-damage|p1a: Alakazam|0 fnt\n|-boost|p2a: Quaquaval|spe|1\n|faint|p1a: Alakazam\n|-ability|p2a: Quaquaval|Moxie|boost\n|-boost|p2a: Quaquaval|atk|1\n|\n|upkeep\n|\n|t:|1700008865\n|switch|p1a: Gyarados|Gyarados, M|100\/100\n|-damage|p1a: Gyarados|76\/100|[from] Stealth Rock\n|turn|7\n|\n|t:|1700008878\n|move|p2a: Quaquaval|Ice Spinner|p1a: Gyarados\n|-damage|p1a: Gyarados|0 fnt\n|faint|p1a: Gyarados\n|-ability|p2a: Quaquaval|Moxie|boost\n|-boost|p2a: Quaquaval|atk|1\n|\n|upkeep\n|\n|t:|1700008884\n|switch|p1a: Charizard|Charizard, F|100\/100\n|-damage|p1a: Charizard|51\/100|[from] Stealth Rock\n|turn|8\n|\n|t:|1700008890\n|detailschange|p1a: Charizard|Charizard-Mega-X, F\n|-mega|p1a: Charizard|Charizard|Charizardite X\n|move|p2a: Quaquaval|Aqua Step|p1a: Charizard\n|-damage|p1a: Charizard|0 fnt\n|-boost|p2a: Quaquaval|spe|1\n|faint|p1a: Charizard\n|-ability|p2a: Quaquaval|Moxie|boost\n|-boost|p2a: Quaquaval|atk|1\n|\n|upkeep\n|\n|t:|1700008894\n|switch|p1a: Tapu Koko|Tapu Koko|100\/100\n|-damage|p1a: Tapu Koko|88\/100|[from] Stealth Rock\n|-fieldstart|move: Electric Terrain|[from] ability: Electric Surge|[of] p1a: Tapu Koko\n|turn|9\n|\n|t:|1700008909\n|move|p2a: Quaquaval|Ice Spinner|p1a: Tapu Koko\n|-damage|p1a: Tapu Koko|0 fnt\n|-fieldend|move: Electric Terrain\n|faint|p1a: Tapu Koko\n|\n|-sideend|p2: fancyostriches|move: Light Screen\n|upkeep\n|\n|t:|1700008911\n|switch|p1a: Iron Valiant|Iron Valiant|100\/100\n|-damage|p1a: Iron Valiant|94\/100|[from] Stealth Rock\n|turn|10\n|\n|t:|1700008920\n|-terastallize|p1a: Iron Valiant|Fairy\n|move|p2a: Quaquaval|Aqua Step|p1a: Iron Valiant\n|-damage|p1a: Iron Valiant|0 fnt\n|-boost|p2a: Quaquaval|spe|1\n|faint|p1a: Iron Valiant\n|-end|p1a: Iron Valiant|Quark Drive|[silent]\n|\n|win|fancyostriches\n|raw|Chocolate de cacao's rating: 1141 &rarr; <strong>1109<\/strong><br \/>(-32 for losing)\n|raw|fancyostriches's rating: 1042 &rarr; <strong>1085<\/strong><br \/>(+43 for winning)\n","uploadtime":1700008929,"views":7,"p1id":"chocolatedecacao","p2id":"fancyostriches","formatid":"gen9nationaldex","rating":1085,"private":0,"password":""}