{"id":"gen9nationaldex-1987204082","p1":"HTGC","p2":"vexolos","format":"[Gen 9] National Dex","log":"|j|\u2606HTGC\n|j|\u2606vexolos\n|t:|1699564990\n|gametype|singles\n|player|p1|HTGC|2|1189\n|player|p2|vexolos|teamrocket|1152\n|teamsize|p1|6\n|teamsize|p2|6\n|gen|9\n|tier|[Gen 9] National Dex\n|rated|\n|rule|HP Percentage Mod: HP is shown in percentages\n|rule|Endless Battle Clause: Forcing endless battles is banned\n|rule|OHKO Clause: OHKO moves are banned\n|rule|Evasion Clause: Evasion abilities, items, and moves are banned\n|rule|Evasion Abilities Clause: Evasion abilities are banned\n|rule|Evasion Items Clause: Evasion items are banned\n|rule|Evasion Moves Clause: Evasion moves are banned\n|rule|Species Clause: Limit one of each Pok\u00e9mon\n|rule|Sleep Clause Mod: Limit one foe put to sleep\n|clearpoke\n|poke|p1|Greninja-*, M|\n|poke|p1|Cinderace, M|\n|poke|p1|Tapu Koko|\n|poke|p1|Banette, F|\n|poke|p1|Ferrothorn, M|\n|poke|p1|Rotom-Wash|\n|poke|p2|Tyranitar, M|\n|poke|p2|Charizard, M|\n|poke|p2|Duraludon, M|\n|poke|p2|Gengar, M|\n|poke|p2|Gyarados, M|\n|poke|p2|Iron Valiant|\n|teampreview\n|\n|t:|1699564996\n|start\n|switch|p1a: Greninja|Greninja, M|100\/100\n|switch|p2a: Tyranitar|Tyranitar, M|100\/100\n|-weather|Sandstorm|[from] ability: Sand Stream|[of] p2a: Tyranitar\n|turn|1\n|\n|t:|1699565010\n|move|p1a: Greninja|U-turn|p2a: Tyranitar\n|-start|p1a: Greninja|typechange|Bug|[from] ability: Protean\n|-supereffective|p2a: Tyranitar\n|-damage|p2a: Tyranitar|49\/100\n|\n|t:|1699565020\n|switch|p1a: Ferrothorn|Ferrothorn, M|100\/100|[from] U-turn\n|move|p2a: Tyranitar|Dragon Dance|p2a: Tyranitar\n|-boost|p2a: Tyranitar|atk|1\n|-boost|p2a: Tyranitar|spe|1\n|\n|-weather|Sandstorm|[upkeep]\n|upkeep\n|turn|2\n|\n|t:|1699565034\n|move|p2a: Tyranitar|Rock Slide|p1a: Ferrothorn|[miss]\n|-miss|p2a: Tyranitar|p1a: Ferrothorn\n|move|p1a: Ferrothorn|Gyro Ball|p2a: Tyranitar\n|-supereffective|p2a: Tyranitar\n|-damage|p2a: Tyranitar|0 fnt\n|faint|p2a: Tyranitar\n|\n|-weather|Sandstorm|[upkeep]\n|upkeep\n|c|\u2606vexolos|Fuck this\n|c|\u2606vexolos|Fucking tyranitar\n|c|\u2606vexolos|It's off my team after this\n|\n|t:|1699565049\n|switch|p2a: Charizard|Charizard, M, shiny|100\/100\n|turn|3\n|\n|t:|1699565055\n|switch|p1a: Rotom|Rotom-Wash|100\/100\n|detailschange|p2a: Charizard|Charizard-Mega-Y, M, shiny\n|-mega|p2a: Charizard|Charizard|Charizardite Y\n|-weather|SunnyDay|[from] ability: Drought|[of] p2a: Charizard\n|move|p2a: Charizard|Flamethrower|p1a: Rotom\n|-resisted|p1a: Rotom\n|-damage|p1a: Rotom|71\/100\n|\n|-weather|SunnyDay|[upkeep]\n|-heal|p1a: Rotom|77\/100|[from] item: Leftovers\n|upkeep\n|turn|4\n|\n|t:|1699565070\n|move|p2a: Charizard|Solar Beam||[still]\n|-prepare|p2a: Charizard|Solar Beam\n|-anim|p2a: Charizard|Solar Beam|p1a: Rotom\n|-supereffective|p1a: Rotom\n|-crit|p1a: Rotom\n|-damage|p1a: Rotom|0 fnt\n|faint|p1a: Rotom\n|\n|-weather|SunnyDay|[upkeep]\n|upkeep\n|\n|t:|1699565075\n|switch|p1a: Tapu Koko|Tapu Koko|100\/100\n|-fieldstart|move: Electric Terrain|[from] ability: Electric Surge|[of] p1a: Tapu Koko\n|turn|5\n|\n|t:|1699565085\n|switch|p2a: Duraludon|Duraludon, M|100\/100\n|move|p1a: Tapu Koko|Thunderbolt|p2a: Duraludon\n|-resisted|p2a: Duraludon\n|-damage|p2a: Duraludon|46\/100\n|\n|-weather|SunnyDay|[upkeep]\n|upkeep\n|turn|6\n|\n|t:|1699565093\n|move|p1a: Tapu Koko|Thunderbolt|p2a: Duraludon\n|-resisted|p2a: Duraludon\n|-damage|p2a: Duraludon|0 fnt\n|faint|p2a: Duraludon\n|\n|-weather|SunnyDay|[upkeep]\n|upkeep\n|\n|t:|1699565107\n|switch|p2a: Gengar|Gengar, M|100\/100\n|turn|7\n|\n|t:|1699565115\n|move|p1a: Tapu Koko|Thunderbolt|p2a: Gengar\n|-damage|p2a: Gengar|0 fnt\n|faint|p2a: Gengar\n|\n|-weather|none\n|upkeep\n|c|\u2606vexolos|Bro\n|\n|t:|1699565120\n|switch|p2a: Iron Valiant|Iron Valiant, shiny|100\/100\n|-activate|p2a: Iron Valiant|ability: Quark Drive\n|-start|p2a: Iron Valiant|quarkdrivespe\n|turn|8\n|\n|t:|1699565126\n|move|p2a: Iron Valiant|Spirit Break|p1a: Tapu Koko\n|-damage|p1a: Tapu Koko|45\/100\n|-unboost|p1a: Tapu Koko|spa|1\n|move|p1a: Tapu Koko|Thunderbolt|p2a: Iron Valiant\n|-damage|p2a: Iron Valiant|18\/100\n|\n|upkeep\n|turn|9\n|\n|t:|1699565133\n|switch|p1a: Ferrothorn|Ferrothorn, M|100\/100\n|move|p2a: Iron Valiant|Spirit Break|p1a: Ferrothorn\n|-resisted|p1a: Ferrothorn\n|-damage|p1a: Ferrothorn|88\/100\n|-unboost|p1a: Ferrothorn|spa|1\n|-damage|p2a: Iron Valiant|6\/100|[from] ability: Iron Barbs|[of] p1a: Ferrothorn\n|-damage|p2a: Iron Valiant|0 fnt|[from] item: Rocky Helmet|[of] p1a: Ferrothorn\n|faint|p2a: Iron Valiant\n|-end|p2a: Iron Valiant|Quark Drive|[silent]\n|\n|-fieldend|move: Electric Terrain\n|upkeep\n|\n|t:|1699565143\n|switch|p2a: Charizard|Charizard-Mega-Y, M, shiny|100\/100\n|-weather|SunnyDay|[from] ability: Drought|[of] p2a: Charizard\n|turn|10\n|c|\u2606vexolos|Fuck these cheap strats man\n|\n|t:|1699565153\n|switch|p1a: Greninja|Greninja, M|100\/100\n|move|p2a: Charizard|Flamethrower|p1a: Greninja\n|-resisted|p1a: Greninja\n|-damage|p1a: Greninja|31\/100\n|\n|-weather|SunnyDay|[upkeep]\n|upkeep\n|turn|11\n|\n|t:|1699565159\n|move|p1a: Greninja|Rock Slide|p2a: Charizard\n|-start|p1a: Greninja|typechange|Rock|[from] ability: Protean\n|-supereffective|p2a: Charizard\n|-damage|p2a: Charizard|0 fnt\n|faint|p2a: Charizard\n|\n|-weather|SunnyDay|[upkeep]\n|upkeep\n|c|\u2606vexolos|Bro genuinely who the fuck has U turn and rock slide on greninja\n|\n|t:|1699565171\n|switch|p2a: Gyarados|Gyarados, M, shiny|100\/100\n|-ability|p2a: Gyarados|Intimidate|boost\n|-unboost|p1a: Greninja|atk|1\n|turn|12\n|\n|t:|1699565181\n|move|p1a: Greninja|Rock Slide|p2a: Gyarados\n|-supereffective|p2a: Gyarados\n|-damage|p2a: Gyarados|48\/100\n|cant|p2a: Gyarados|flinch\n|\n|-weather|SunnyDay|[upkeep]\n|-heal|p2a: Gyarados|54\/100|[from] item: Leftovers\n|upkeep\n|turn|13\n|c|\u2606vexolos|Ur like that guy that put defense curl on charizard\n|c|\u2606vexolos|Ofc its flinch\n|c|\u2606vexolos|Man these rng reliant people on pokemon showdown r so annoying\n|\n|t:|1699565203\n|move|p1a: Greninja|Rock Slide|p2a: Gyarados\n|-supereffective|p2a: Gyarados\n|-damage|p2a: Gyarados|4\/100\n|move|p2a: Gyarados|Waterfall|p1a: Greninja\n|-supereffective|p1a: Greninja\n|-damage|p1a: Greninja|0 fnt\n|faint|p1a: Greninja\n|\n|-weather|SunnyDay|[upkeep]\n|-heal|p2a: Gyarados|10\/100|[from] item: Leftovers\n|upkeep\n|\n|t:|1699565214\n|switch|p1a: Tapu Koko|Tapu Koko|45\/100\n|-fieldstart|move: Electric Terrain|[from] ability: Electric Surge|[of] p1a: Tapu Koko\n|turn|14\n|-message|vexolos forfeited.\n|\n|win|HTGC\n|raw|HTGC's rating: 1189 &rarr; <strong>1211<\/strong><br \/>(+22 for winning)\n|raw|vexolos's rating: 1152 &rarr; <strong>1130<\/strong><br \/>(-22 for losing)\n|l|\u2606vexolos\n","uploadtime":1699565250,"views":30,"p1id":"htgc","p2id":"vexolos","formatid":"gen9nationaldex","rating":1130,"private":0,"password":""}