{"id":"gen9nationaldex-1989316901","p1":"klangerstein","p2":"yfleshcatchy","format":"[Gen 9] National Dex","log":"|j|\u2606klangerstein\n|j|\u2606yfleshcatchy\n|t:|1699835594\n|gametype|singles\n|player|p1|klangerstein|wallace|1381\n|player|p2|yfleshcatchy|266|1330\n|teamsize|p1|6\n|teamsize|p2|6\n|gen|9\n|tier|[Gen 9] National Dex\n|rated|\n|rule|HP Percentage Mod: HP is shown in percentages\n|rule|Endless Battle Clause: Forcing endless battles is banned\n|rule|OHKO Clause: OHKO moves are banned\n|rule|Evasion Clause: Evasion abilities, items, and moves are banned\n|rule|Evasion Abilities Clause: Evasion abilities are banned\n|rule|Evasion Items Clause: Evasion items are banned\n|rule|Evasion Moves Clause: Evasion moves are banned\n|rule|Species Clause: Limit one of each Pok\u00e9mon\n|rule|Sleep Clause Mod: Limit one foe put to sleep\n|clearpoke\n|poke|p1|Iron Thorns|\n|poke|p1|Okidogi, M|\n|poke|p1|Amoonguss, M|\n|poke|p1|Brute Bonnet|\n|poke|p1|Orthworm, F|\n|poke|p1|Volcanion|\n|poke|p2|Arbok, M|\n|poke|p2|Ninetales-Alola, F|\n|poke|p2|Kyurem|\n|poke|p2|Drifblim, F|\n|poke|p2|Sharpedo, F|\n|poke|p2|Sneasler, M|\n|teampreview\n|inactive|Battle timer is ON: inactive players will automatically lose when time's up. (requested by klangerstein)\n|inactive|yfleshcatchy has 120 seconds left.\n|\n|t:|1699835648\n|start\n|switch|p1a: Orthworm|Orthworm, F|100\/100\n|switch|p2a: Ninetales|Ninetales-Alola, F|100\/100\n|-weather|Snow|[from] ability: Snow Warning|[of] p2a: Ninetales\n|turn|1\n|j| Fritze107\n|\n|t:|1699835656\n|move|p2a: Ninetales|Aurora Veil|p2a: Ninetales\n|-sidestart|p2: yfleshcatchy|move: Aurora Veil\n|move|p1a: Orthworm|Stealth Rock|p2a: Ninetales\n|-sidestart|p2: yfleshcatchy|move: Stealth Rock\n|\n|-weather|Snow|[upkeep]\n|upkeep\n|turn|2\n|\n|t:|1699835668\n|switch|p2a: Sharpedo|Sharpedo, F|100\/100\n|-damage|p2a: Sharpedo|88\/100|[from] Stealth Rock\n|move|p1a: Orthworm|Iron Head|p2a: Sharpedo\n|-resisted|p2a: Sharpedo\n|-damage|p2a: Sharpedo|72\/100\n|-damage|p1a: Orthworm|88\/100|[from] ability: Rough Skin|[of] p2a: Sharpedo\n|\n|-weather|Snow|[upkeep]\n|-heal|p1a: Orthworm|94\/100|[from] item: Leftovers\n|upkeep\n|turn|3\n|\n|t:|1699835674\n|move|p2a: Sharpedo|Swagger|p1a: Orthworm\n|-boost|p1a: Orthworm|atk|2\n|-enditem|p2a: Sharpedo|Mirror Herb\n|-boost|p2a: Sharpedo|atk|2|[from] item: Mirror Herb\n|-start|p1a: Orthworm|confusion\n|-activate|p1a: Orthworm|confusion\n|move|p1a: Orthworm|Body Press|p2a: Sharpedo\n|-supereffective|p2a: Sharpedo\n|-damage|p2a: Sharpedo|0 fnt\n|-damage|p1a: Orthworm|82\/100|[from] ability: Rough Skin|[of] p2a: Sharpedo\n|faint|p2a: Sharpedo\n|\n|-weather|Snow|[upkeep]\n|-heal|p1a: Orthworm|88\/100|[from] item: Leftovers\n|upkeep\n|\n|t:|1699835680\n|switch|p2a: Arbok|Arbok, M|100\/100\n|-damage|p2a: Arbok|88\/100|[from] Stealth Rock\n|-ability|p2a: Arbok|Intimidate|boost\n|-unboost|p1a: Orthworm|atk|1\n|turn|4\n|\n|t:|1699835687\n|move|p2a: Arbok|Coil|p2a: Arbok\n|-boost|p2a: Arbok|atk|1\n|-boost|p2a: Arbok|def|1\n|-boost|p2a: Arbok|accuracy|1\n|-activate|p1a: Orthworm|confusion\n|move|p1a: Orthworm|Iron Head|p2a: Arbok\n|-damage|p2a: Arbok|72\/100\n|\n|-weather|Snow|[upkeep]\n|-heal|p1a: Orthworm|94\/100|[from] item: Leftovers\n|upkeep\n|turn|5\n|\n|t:|1699835692\n|move|p2a: Arbok|Coil|p2a: Arbok\n|-boost|p2a: Arbok|atk|1\n|-boost|p2a: Arbok|def|1\n|-boost|p2a: Arbok|accuracy|1\n|-activate|p1a: Orthworm|confusion\n|move|p1a: Orthworm|Coil|p1a: Orthworm\n|-boost|p1a: Orthworm|atk|1\n|-boost|p1a: Orthworm|def|1\n|-boost|p1a: Orthworm|accuracy|1\n|\n|-weather|none\n|-heal|p1a: Orthworm|99\/100|[from] item: Leftovers\n|upkeep\n|turn|6\n|\n|t:|1699835695\n|move|p2a: Arbok|Earthquake|p1a: Orthworm\n|-heal|p1a: Orthworm|100\/100|[from] ability: Earth Eater|[of] p2a: Arbok\n|-activate|p1a: Orthworm|confusion\n|move|p1a: Orthworm|Coil|p1a: Orthworm\n|-boost|p1a: Orthworm|atk|1\n|-boost|p1a: Orthworm|def|1\n|-boost|p1a: Orthworm|accuracy|1\n|\n|upkeep\n|turn|7\n|\n|t:|1699835703\n|switch|p2a: Sneasler|Sneasler, M|100\/100\n|-damage|p2a: Sneasler|95\/100|[from] Stealth Rock\n|-item|p2a: Sneasler|Air Balloon\n|-end|p1a: Orthworm|confusion\n|move|p1a: Orthworm|Iron Head|p2a: Sneasler\n|-crit|p2a: Sneasler\n|-damage|p2a: Sneasler|0 fnt\n|-enditem|p2a: Sneasler|Air Balloon\n|faint|p2a: Sneasler\n|\n|upkeep\n|\n|t:|1699835708\n|switch|p2a: Ninetales|Ninetales-Alola, F|100\/100\n|-damage|p2a: Ninetales|76\/100|[from] Stealth Rock\n|-weather|Snow|[from] ability: Snow Warning|[of] p2a: Ninetales\n|turn|8\n|-message|yfleshcatchy forfeited.\n|\n|win|klangerstein\n|raw|klangerstein's rating: 1381 &rarr; <strong>1398<\/strong><br \/>(+17 for winning)\n|raw|yfleshcatchy's rating: 1330 &rarr; <strong>1313<\/strong><br \/>(-17 for losing)\n|l|\u2606yfleshcatchy\n","uploadtime":1699835718,"views":12,"p1id":"klangerstein","p2id":"yfleshcatchy","formatid":"gen9nationaldex","rating":1313,"private":0,"password":""}