{"id":"gen9nationaldex-1987181235","p1":"rjp05","p2":"King Tarleo","format":"[Gen 9] National Dex","log":"|j|\u2606rjp05\n|j|\u2606King Tarleo\n|t:|1699562939\n|gametype|singles\n|player|p1|rjp05|alder|1322\n|player|p2|King Tarleo|wallace|1294\n|teamsize|p1|6\n|teamsize|p2|6\n|gen|9\n|tier|[Gen 9] National Dex\n|rated|\n|rule|HP Percentage Mod: HP is shown in percentages\n|rule|Endless Battle Clause: Forcing endless battles is banned\n|rule|OHKO Clause: OHKO moves are banned\n|rule|Evasion Clause: Evasion abilities, items, and moves are banned\n|rule|Evasion Abilities Clause: Evasion abilities are banned\n|rule|Evasion Items Clause: Evasion items are banned\n|rule|Evasion Moves Clause: Evasion moves are banned\n|rule|Species Clause: Limit one of each Pok\u00e9mon\n|rule|Sleep Clause Mod: Limit one foe put to sleep\n|clearpoke\n|poke|p1|Heatran, F|\n|poke|p1|Kommo-o, M|\n|poke|p1|Tapu Koko|\n|poke|p1|Gyarados, F|\n|poke|p1|Gliscor, F|\n|poke|p1|Ogerpon-Wellspring, F|\n|poke|p2|Rillaboom, M|\n|poke|p2|Scizor, M|\n|poke|p2|Arcanine-Hisui, F|\n|poke|p2|Pelipper, M|\n|poke|p2|Clodsire, M|\n|poke|p2|Enamorus, F|\n|teampreview\n|inactive|Battle timer is ON: inactive players will automatically lose when time's up. (requested by King Tarleo)\n|inactive|rjp05 also wants the timer to be on.\n|\n|t:|1699562957\n|start\n|switch|p1a: Tapu Koko|Tapu Koko|100\/100\n|switch|p2a: Blade|Scizor, M|100\/100\n|-fieldstart|move: Electric Terrain|[from] ability: Electric Surge|[of] p1a: Tapu Koko\n|turn|1\n|\n|t:|1699562965\n|switch|p1a: Heatran|Heatran, F|100\/100\n|-item|p1a: Heatran|Air Balloon\n|detailschange|p2a: Blade|Scizor-Mega, M\n|-mega|p2a: Blade|Scizor|Scizorite\n|move|p2a: Blade|Knock Off|p1a: Heatran\n|-damage|p1a: Heatran|68\/100\n|-enditem|p1a: Heatran|Air Balloon\n|\n|upkeep\n|turn|2\n|\n|t:|1699562978\n|switch|p2a: Misty|Pelipper, M|100\/100\n|-weather|RainDance|[from] ability: Drizzle|[of] p2a: Misty\n|move|p1a: Heatran|Will-O-Wisp|p2a: Misty\n|-status|p2a: Misty|brn\n|\n|-weather|RainDance|[upkeep]\n|-damage|p2a: Misty|94\/100 brn|[from] brn\n|upkeep\n|turn|3\n|\n|t:|1699562988\n|switch|p1a: Gyarados|Gyarados, F|100\/100\n|-ability|p1a: Gyarados|Intimidate|boost\n|-unboost|p2a: Misty|atk|1\n|move|p2a: Misty|Tailwind|p2a: Misty\n|-sidestart|p2: King Tarleo|move: Tailwind\n|\n|-weather|RainDance|[upkeep]\n|-damage|p2a: Misty|88\/100 brn|[from] brn\n|upkeep\n|turn|4\n|\n|t:|1699562995\n|move|p2a: Misty|Hurricane|p1a: Gyarados\n|-damage|p1a: Gyarados|60\/100\n|-start|p1a: Gyarados|confusion\n|-activate|p1a: Gyarados|confusion\n|move|p1a: Gyarados|Dragon Dance|p1a: Gyarados\n|-boost|p1a: Gyarados|atk|1\n|-boost|p1a: Gyarados|spe|1\n|\n|-weather|RainDance|[upkeep]\n|-damage|p2a: Misty|82\/100 brn|[from] brn\n|upkeep\n|turn|5\n|\n|t:|1699563005\n|detailschange|p1a: Gyarados|Gyarados-Mega, F\n|-mega|p1a: Gyarados|Gyarados|Gyaradosite\n|-ability|p1a: Gyarados|Mold Breaker\n|-activate|p1a: Gyarados|confusion\n|move|p1a: Gyarados|Dragon Dance|p1a: Gyarados\n|-boost|p1a: Gyarados|atk|1\n|-boost|p1a: Gyarados|spe|1\n|move|p2a: Misty|Hurricane|p1a: Gyarados\n|-damage|p1a: Gyarados|30\/100\n|\n|-weather|RainDance|[upkeep]\n|-damage|p2a: Misty|76\/100 brn|[from] brn\n|-fieldend|move: Electric Terrain\n|upkeep\n|turn|6\n|\n|t:|1699563018\n|-activate|p1a: Gyarados|confusion\n|move|p1a: Gyarados|Crunch|p2a: Misty\n|-damage|p2a: Misty|0 fnt\n|faint|p2a: Misty\n|\n|-weather|none\n|-sideend|p2: King Tarleo|move: Tailwind\n|upkeep\n|\n|t:|1699563029\n|switch|p2a: Blade|Scizor-Mega, M|100\/100\n|turn|7\n|\n|t:|1699563038\n|-activate|p1a: Gyarados|confusion\n|move|p1a: Gyarados|Waterfall|p2a: Blade\n|-damage|p2a: Blade|30\/100\n|move|p2a: Blade|U-turn|p1a: Gyarados\n|-supereffective|p1a: Gyarados\n|-damage|p1a: Gyarados|0 fnt\n|faint|p1a: Gyarados\n|\n|t:|1699563050\n|switch|p2a: Clodsire|Clodsire, M|100\/100|[from] U-turn\n|\n|upkeep\n|\n|t:|1699563059\n|switch|p1a: Gliscor|Gliscor, F|100\/100\n|turn|8\n|\n|t:|1699563071\n|move|p1a: Gliscor|Toxic|p2a: Clodsire\n|-immune|p2a: Clodsire\n|move|p2a: Clodsire|Stealth Rock|p1a: Gliscor\n|-sidestart|p1: rjp05|move: Stealth Rock\n|\n|-status|p1a: Gliscor|tox|[from] item: Toxic Orb\n|upkeep\n|turn|9\n|\n|t:|1699563076\n|switch|p2a: Blade|Scizor-Mega, M|30\/100\n|move|p1a: Gliscor|Defog|p2a: Blade\n|-unboost|p2a: Blade|evasion|1\n|-sideend|p1: rjp05|Stealth Rock|[from] move: Defog|[of] p1a: Gliscor\n|\n|upkeep\n|turn|10\n|\n|t:|1699563082\n|move|p1a: Gliscor|Earthquake|p2a: Blade\n|-damage|p2a: Blade|3\/100\n|move|p2a: Blade|Knock Off|p1a: Gliscor\n|-damage|p1a: Gliscor|71\/100 tox\n|-enditem|p1a: Gliscor|Toxic Orb|[from] move: Knock Off|[of] p2a: Blade\n|\n|-heal|p1a: Gliscor|83\/100 tox|[from] ability: Poison Heal\n|upkeep\n|turn|11\n|\n|t:|1699563096\n|switch|p2a: Jungle Beats|Rillaboom, M|100\/100\n|-fieldstart|move: Grassy Terrain|[from] ability: Grassy Surge|[of] p2a: Jungle Beats\n|move|p1a: Gliscor|U-turn|p2a: Jungle Beats\n|-supereffective|p2a: Jungle Beats\n|-damage|p2a: Jungle Beats|71\/100\n|\n|t:|1699563112\n|switch|p1a: Tapu Koko|Tapu Koko|100\/100|[from] U-turn\n|-fieldstart|move: Electric Terrain|[from] ability: Electric Surge|[of] p1a: Tapu Koko\n|\n|upkeep\n|turn|12\n|\n|t:|1699563118\n|move|p1a: Tapu Koko|Volt Switch|p2a: Jungle Beats\n|-resisted|p2a: Jungle Beats\n|-damage|p2a: Jungle Beats|35\/100\n|\n|t:|1699563125\n|switch|p1a: Gliscor|Gliscor, F|83\/100 tox|[from] Volt Switch\n|move|p2a: Jungle Beats|Earthquake|p1a: Gliscor\n|-immune|p1a: Gliscor\n|\n|-heal|p1a: Gliscor|95\/100 tox|[from] ability: Poison Heal\n|upkeep\n|turn|13\n|\n|t:|1699563132\n|switch|p2a: Sakura|Enamorus, F, shiny|100\/100\n|move|p1a: Gliscor|U-turn|p2a: Sakura\n|-resisted|p2a: Sakura\n|-damage|p2a: Sakura|94\/100\n|\n|t:|1699563135\n|switch|p1a: Tapu Koko|Tapu Koko|100\/100|[from] U-turn\n|\n|upkeep\n|turn|14\n|\n|t:|1699563144\n|-terastallize|p2a: Sakura|Fairy\n|move|p2a: Sakura|Moonblast|p1a: Tapu Koko\n|-damage|p1a: Tapu Koko|0 fnt\n|faint|p1a: Tapu Koko\n|\n|upkeep\n|\n|t:|1699563150\n|switch|p1a: Heatran|Heatran, F|68\/100\n|turn|15\n|\n|t:|1699563153\n|switch|p2a: Clodsire|Clodsire, M|100\/100\n|move|p1a: Heatran|Flash Cannon|p2a: Clodsire\n|-damage|p2a: Clodsire|74\/100\n|\n|-heal|p2a: Clodsire|80\/100|[from] item: Leftovers\n|-fieldend|move: Electric Terrain\n|upkeep\n|turn|16\n|\n|t:|1699563161\n|switch|p1a: Gliscor|Gliscor, F|95\/100 tox\n|move|p2a: Clodsire|Stealth Rock|p1a: Gliscor\n|-sidestart|p1: rjp05|move: Stealth Rock\n|\n|-heal|p2a: Clodsire|86\/100|[from] item: Leftovers\n|-heal|p1a: Gliscor|100\/100 tox|[from] ability: Poison Heal\n|upkeep\n|turn|17\n|\n|t:|1699563168\n|switch|p2a: Jungle Beats|Rillaboom, M|35\/100\n|-fieldstart|move: Grassy Terrain|[from] ability: Grassy Surge|[of] p2a: Jungle Beats\n|move|p1a: Gliscor|Defog|p2a: Jungle Beats\n|-unboost|p2a: Jungle Beats|evasion|1\n|-sideend|p1: rjp05|Stealth Rock|[from] move: Defog|[of] p1a: Gliscor\n|-fieldend|move: Grassy Terrain\n|\n|upkeep\n|turn|18\n|\n|t:|1699563178\n|move|p2a: Jungle Beats|Fake Out|p1a: Gliscor\n|-damage|p1a: Gliscor|86\/100 tox\n|cant|p1a: Gliscor|flinch\n|\n|-heal|p1a: Gliscor|98\/100 tox|[from] ability: Poison Heal\n|upkeep\n|turn|19\n|\n|t:|1699563185\n|switch|p2a: Sakura|Enamorus, F, shiny, tera:Fairy|94\/100\n|move|p1a: Gliscor|Toxic|p2a: Sakura|[miss]\n|-miss|p1a: Gliscor|p2a: Sakura\n|\n|-heal|p1a: Gliscor|100\/100 tox|[from] ability: Poison Heal\n|upkeep\n|turn|20\n|\n|t:|1699563190\n|move|p2a: Sakura|Moonblast|p1a: Gliscor\n|-damage|p1a: Gliscor|2\/100 tox\n|move|p1a: Gliscor|Toxic|p2a: Sakura|[miss]\n|-miss|p1a: Gliscor|p2a: Sakura\n|\n|-heal|p1a: Gliscor|15\/100 tox|[from] ability: Poison Heal\n|upkeep\n|turn|21\n|c|\u2606rjp05|jesus\n|\n|t:|1699563201\n|move|p2a: Sakura|Moonblast|p1a: Gliscor\n|-damage|p1a: Gliscor|0 fnt\n|faint|p1a: Gliscor\n|\n|upkeep\n|\n|t:|1699563204\n|switch|p1a: Ogerpon|Ogerpon-Wellspring, F|100\/100\n|turn|22\n|c|\u2606King Tarleo|shes dodging them\n|c|\u2606rjp05|fuckkkk her\n|\n|t:|1699563219\n|-terastallize|p1a: Ogerpon|Water\n|detailschange|p1a: Ogerpon|Ogerpon-Wellspring-Tera, F, tera:Water\n|-ability|p1a: Ogerpon|Embody Aspect (Wellspring)|boost\n|-boost|p1a: Ogerpon|spd|1\n|move|p2a: Sakura|Moonblast|p1a: Ogerpon\n|-damage|p1a: Ogerpon|37\/100\n|move|p1a: Ogerpon|Knock Off|p2a: Sakura\n|-resisted|p2a: Sakura\n|-damage|p2a: Sakura|64\/100\n|-enditem|p2a: Sakura|Choice Scarf|[from] move: Knock Off|[of] p1a: Ogerpon\n|\n|upkeep\n|turn|23\n|\n|t:|1699563231\n|switch|p2a: Clodsire|Clodsire, M|86\/100\n|move|p1a: Ogerpon|Ivy Cudgel|p2a: Clodsire\n|-heal|p2a: Clodsire|100\/100|[from] ability: Water Absorb|[of] p1a: Ogerpon\n|\n|upkeep\n|turn|24\n|c|\u2606King Tarleo|nahhhh\n|\n|t:|1699563241\n|move|p1a: Ogerpon|Horn Leech|p2a: Clodsire\n|-damage|p2a: Clodsire|68\/100\n|-heal|p1a: Ogerpon|63\/100|[from] drain|[of] p2a: Clodsire\n|move|p2a: Clodsire|Toxic|p1a: Ogerpon\n|-status|p1a: Ogerpon|tox\n|\n|-heal|p2a: Clodsire|74\/100|[from] item: Leftovers\n|-damage|p1a: Ogerpon|57\/100 tox|[from] psn\n|upkeep\n|turn|25\n|\n|t:|1699563250\n|move|p1a: Ogerpon|Knock Off|p2a: Clodsire\n|-damage|p2a: Clodsire|47\/100\n|-enditem|p2a: Clodsire|Leftovers|[from] move: Knock Off|[of] p1a: Ogerpon\n|move|p2a: Clodsire|Stealth Rock|p1a: Ogerpon\n|-sidestart|p1: rjp05|move: Stealth Rock\n|\n|-damage|p1a: Ogerpon|45\/100 tox|[from] psn\n|upkeep\n|turn|26\n|\n|t:|1699563260\n|switch|p1a: Heatran|Heatran, F|68\/100\n|-damage|p1a: Heatran|55\/100|[from] Stealth Rock\n|move|p2a: Clodsire|Recover|p2a: Clodsire\n|-heal|p2a: Clodsire|97\/100\n|\n|upkeep\n|turn|27\n|\n|t:|1699563268\n|move|p1a: Heatran|Stealth Rock|p2a: Clodsire\n|-sidestart|p2: King Tarleo|move: Stealth Rock\n|move|p2a: Clodsire|Earthquake|p1a: Heatran\n|-supereffective|p1a: Heatran\n|-damage|p1a: Heatran|0 fnt\n|faint|p1a: Heatran\n|\n|upkeep\n|\n|t:|1699563273\n|switch|p1a: Kommo-o|Kommo-o, M|100\/100\n|-damage|p1a: Kommo-o|94\/100|[from] Stealth Rock\n|turn|28\n|-message|rjp05 forfeited.\n|\n|win|King Tarleo\n|raw|rjp05's rating: 1322 &rarr; <strong>1300<\/strong><br \/>(-22 for losing)\n|raw|King Tarleo's rating: 1294 &rarr; <strong>1321<\/strong><br \/>(+27 for winning)\n","uploadtime":1699563218,"views":4,"p1id":"rjp05","p2id":"kingtarleo","formatid":"gen9nationaldex","rating":1300,"private":0,"password":""}