{"id":"gen9nationaldex-1999159440","p1":"monsterapper","p2":"Rakhesha","format":"[Gen 9] National Dex","log":"|html|<div class=\"broadcast-blue\"><strong>[Gen 9] National Dex is currently suspecting Sneasler! For information on how to participate check out the <a href=\"https:\/\/www.smogon.com\/forums\/threads\/sv-national-dex-suspect-8-just-dance.3731534\/\">suspect thread<\/a>.<\/strong><\/div>\n|j|\u2606monsterapper\n|j|\u2606Rakhesha\n|t:|1701039701\n|gametype|singles\n|player|p1|monsterapper|veteran|1384\n|player|p2|Rakhesha|266|1403\n|teamsize|p1|6\n|teamsize|p2|6\n|gen|9\n|tier|[Gen 9] National Dex\n|rated|\n|rule|HP Percentage Mod: HP is shown in percentages\n|rule|Endless Battle Clause: Forcing endless battles is banned\n|rule|OHKO Clause: OHKO moves are banned\n|rule|Evasion Clause: Evasion abilities, items, and moves are banned\n|rule|Evasion Abilities Clause: Evasion abilities are banned\n|rule|Evasion Items Clause: Evasion items are banned\n|rule|Evasion Moves Clause: Evasion moves are banned\n|rule|Species Clause: Limit one of each Pok\u00e9mon\n|rule|Sleep Clause Mod: Limit one foe put to sleep\n|clearpoke\n|poke|p1|Lopunny, F|\n|poke|p1|Zoroark-Hisui, F|\n|poke|p1|Blissey, F|\n|poke|p1|Ditto|\n|poke|p1|Staraptor, F|\n|poke|p1|Ursaluna, M|\n|poke|p2|Ursaluna, F|\n|poke|p2|Hatterene, F|\n|poke|p2|Marowak-Alola, F|\n|poke|p2|Stakataka|\n|poke|p2|Camerupt, F|\n|poke|p2|Cresselia, F|\n|teampreview\n|inactive|Battle timer is ON: inactive players will automatically lose when time's up. (requested by Rakhesha)\n|\n|t:|1701039730\n|start\n|switch|p1a: Oliver|Ursaluna, M|100\/100\n|switch|p2a: Stakataka|Stakataka|100\/100\n|turn|1\n|\n|t:|1701039741\n|switch|p2a: Cresselia|Cresselia, F|100\/100\n|move|p1a: Oliver|Earthquake|p2a: Cresselia\n|-immune|p2a: Cresselia|[from] ability: Levitate\n|\n|-status|p1a: Oliver|brn|[from] item: Flame Orb\n|upkeep\n|turn|2\n|\n|t:|1701039750\n|move|p1a: Oliver|Swords Dance|p1a: Oliver\n|-boost|p1a: Oliver|atk|2\n|move|p2a: Cresselia|Trick Room|p2a: Cresselia\n|-fieldstart|move: Trick Room|[of] p2a: Cresselia\n|\n|-damage|p1a: Oliver|94\/100 brn|[from] brn\n|upkeep\n|turn|3\n|\n|t:|1701039765\n|move|p1a: Oliver|Facade|p2a: Cresselia\n|-damage|p2a: Cresselia|0 fnt\n|faint|p2a: Cresselia\n|\n|-damage|p1a: Oliver|88\/100 brn|[from] brn\n|upkeep\n|\n|t:|1701039776\n|switch|p2a: Marowak|Marowak-Alola, F|100\/100\n|turn|4\n|\n|t:|1701039782\n|move|p2a: Marowak|Flare Blitz|p1a: Oliver\n|-damage|p1a: Oliver|19\/100 brn\n|move|p1a: Oliver|Earthquake|p2a: Marowak\n|-supereffective|p2a: Marowak\n|-damage|p2a: Marowak|0 fnt\n|faint|p2a: Marowak\n|\n|-damage|p1a: Oliver|13\/100 brn|[from] brn\n|upkeep\n|\n|t:|1701039792\n|switch|p2a: Camerupt|Camerupt, F|100\/100\n|turn|5\n|\n|t:|1701039797\n|move|p2a: Camerupt|Eruption|p1a: Oliver\n|-damage|p1a: Oliver|0 fnt\n|faint|p1a: Oliver\n|\n|upkeep\n|\n|t:|1701039818\n|switch|p1a: Shang Tsung|Ditto|100\/100\n|-transform|p1a: Shang Tsung|p2a: Camerupt|[from] ability: Imposter\n|turn|6\n|\n|t:|1701039828\n|switch|p1a: Tamago|Blissey, F|100\/100\n|detailschange|p2a: Camerupt|Camerupt-Mega, F\n|-mega|p2a: Camerupt|Camerupt|Cameruptite\n|move|p2a: Camerupt|Earth Power|p1a: Tamago\n|-damage|p1a: Tamago|75\/100\n|\n|-fieldend|move: Trick Room\n|upkeep\n|turn|7\n|\n|t:|1701039838\n|switch|p2a: Stakataka|Stakataka|100\/100\n|move|p1a: Tamago|Teleport|p1a: Tamago\n|\n|t:|1701039844\n|switch|p1a: Miruko|Lopunny, F|100\/100|[from] Teleport\n|\n|upkeep\n|turn|8\n|\n|t:|1701039851\n|detailschange|p1a: Miruko|Lopunny-Mega, F\n|-mega|p1a: Miruko|Lopunny|Lopunnite\n|move|p1a: Miruko|Return|p2a: Stakataka\n|-resisted|p2a: Stakataka\n|-damage|p2a: Stakataka|93\/100\n|move|p2a: Stakataka|Trick Room|p2a: Stakataka\n|-fieldstart|move: Trick Room|[of] p2a: Stakataka\n|\n|-heal|p2a: Stakataka|99\/100|[from] item: Leftovers\n|upkeep\n|turn|9\n|\n|t:|1701039870\n|switch|p1a: DemonDice|Staraptor, F|100\/100\n|-ability|p1a: DemonDice|Intimidate|boost\n|-unboost|p2a: Stakataka|atk|1\n|move|p2a: Stakataka|Gyro Ball|p1a: DemonDice\n|-damage|p1a: DemonDice|66\/100\n|\n|-heal|p2a: Stakataka|100\/100|[from] item: Leftovers\n|upkeep\n|turn|10\n|\n|t:|1701039880\n|switch|p2a: Ursaluna|Ursaluna, F|100\/100\n|move|p1a: DemonDice|Roost|p1a: DemonDice\n|-heal|p1a: DemonDice|100\/100\n|-singleturn|p1a: DemonDice|move: Roost\n|\n|-status|p2a: Ursaluna|brn|[from] item: Flame Orb\n|upkeep\n|turn|11\n|\n|t:|1701039894\n|switch|p1a: Tamago|Blissey, F|100\/100\n|-terastallize|p2a: Ursaluna|Normal\n|move|p2a: Ursaluna|Swords Dance|p2a: Ursaluna\n|-boost|p2a: Ursaluna|atk|2\n|\n|-damage|p2a: Ursaluna|94\/100 brn|[from] brn\n|upkeep\n|turn|12\n|\n|t:|1701039913\n|move|p2a: Ursaluna|Headlong Rush|p1a: Tamago\n|-enditem|p1a: Tamago|Focus Sash\n|-damage|p1a: Tamago|1\/100\n|-unboost|p2a: Ursaluna|def|1\n|-unboost|p2a: Ursaluna|spd|1\n|replace|p1a: E621|Zoroark-Hisui, F\n|-end|p1a: E621|Illusion\n|move|p1a: E621|Nasty Plot|p1a: E621\n|-boost|p1a: E621|spa|2\n|\n|-damage|p2a: Ursaluna|88\/100 brn|[from] brn\n|-fieldend|move: Trick Room\n|upkeep\n|turn|13\n|\n|t:|1701039927\n|switch|p2a: Stakataka|Stakataka|100\/100\n|-terastallize|p1a: E621|Normal\n|move|p1a: E621|Hyper Voice|p2a: Stakataka\n|-resisted|p2a: Stakataka\n|-damage|p2a: Stakataka|76\/100\n|\n|-heal|p2a: Stakataka|82\/100|[from] item: Leftovers\n|upkeep\n|turn|14\n|\n|t:|1701039938\n|move|p1a: E621|Flamethrower|p2a: Stakataka\n|-damage|p2a: Stakataka|35\/100\n|move|p2a: Stakataka|Trick Room|p2a: Stakataka\n|-fieldstart|move: Trick Room|[of] p2a: Stakataka\n|\n|-heal|p2a: Stakataka|42\/100|[from] item: Leftovers\n|upkeep\n|turn|15\n|\n|t:|1701039959\n|switch|p1a: Shang Tsung|Ditto|100\/100\n|-transform|p1a: Shang Tsung|p2a: Stakataka|[from] ability: Imposter\n|move|p2a: Stakataka|Stealth Rock|p1a: Shang Tsung\n|-sidestart|p1: monsterapper|move: Stealth Rock\n|\n|-heal|p2a: Stakataka|48\/100|[from] item: Leftovers\n|upkeep\n|turn|16\n|\n|t:|1701039972\n|switch|p2a: Camerupt|Camerupt-Mega, F|100\/100\n|move|p1a: Shang Tsung|Trick Room|p1a: Shang Tsung\n|-fieldend|move: Trick Room\n|\n|upkeep\n|turn|17\n|\n|t:|1701039979\n|switch|p1a: Tamago|Blissey, F|75\/100\n|move|p2a: Camerupt|Eruption|p1a: Tamago\n|-damage|p1a: Tamago|38\/100\n|\n|upkeep\n|turn|18\n|\n|t:|1701039987\n|move|p2a: Camerupt|Eruption|p1a: Tamago\n|-damage|p1a: Tamago|1\/100\n|move|p1a: Tamago|Teleport|p1a: Tamago\n|\n|t:|1701039995\n|switch|p1a: Shang Tsung|Ditto|100\/100|[from] Teleport\n|-damage|p1a: Shang Tsung|88\/100|[from] Stealth Rock\n|-transform|p1a: Shang Tsung|p2a: Camerupt|[from] ability: Imposter\n|\n|upkeep\n|turn|19\n|\n|t:|1701040010\n|switch|p2a: Stakataka|Stakataka|48\/100\n|move|p1a: Shang Tsung|Earth Power|p2a: Stakataka\n|-supereffective|p2a: Stakataka\n|-damage|p2a: Stakataka|0 fnt\n|faint|p2a: Stakataka\n|\n|upkeep\n|\n|t:|1701040018\n|switch|p2a: Hatterene|Hatterene, F|100\/100\n|turn|20\n|\n|t:|1701040022\n|move|p1a: Shang Tsung|Earth Power|p2a: Hatterene\n|-damage|p2a: Hatterene|18\/100\n|move|p2a: Hatterene|Trick Room|p2a: Hatterene\n|-fieldstart|move: Trick Room|[of] p2a: Hatterene\n|\n|upkeep\n|turn|21\n|\n|t:|1701040028\n|move|p2a: Hatterene|Misty Explosion|p1a: Shang Tsung\n|-resisted|p1a: Shang Tsung\n|-damage|p1a: Shang Tsung|57\/100\n|faint|p2a: Hatterene\n|move|p1a: Shang Tsung|Earth Power|p2: Hatterene|[notarget]\n|-fail|p1a: Shang Tsung\n|\n|upkeep\n|\n|t:|1701040035\n|switch|p2a: Camerupt|Camerupt-Mega, F|100\/100\n|turn|22\n|\n|t:|1701040065\n|switch|p1a: Tamago|Blissey, F|1\/100\n|move|p2a: Camerupt|Earth Power|p1a: Tamago\n|-damage|p1a: Tamago|0 fnt\n|faint|p1a: Tamago\n|\n|upkeep\n|inactive|monsterapper has 120 seconds left.\n|\n|t:|1701040079\n|switch|p1a: Miruko|Lopunny-Mega, F|100\/100\n|-damage|p1a: Miruko|94\/100|[from] Stealth Rock\n|turn|23\n|\n|t:|1701040084\n|move|p1a: Miruko|Fake Out|p2a: Camerupt\n|-damage|p2a: Camerupt|80\/100\n|cant|p2a: Camerupt|flinch\n|\n|upkeep\n|turn|24\n|inactive|monsterapper has 120 seconds left.\n|\n|t:|1701040107\n|switch|p1a: DemonDice|Staraptor, F|100\/100\n|-ability|p1a: DemonDice|Intimidate|boost\n|-unboost|p2a: Camerupt|atk|1\n|move|p2a: Camerupt|Eruption|p1a: DemonDice\n|-damage|p1a: DemonDice|8\/100\n|\n|-fieldend|move: Trick Room\n|upkeep\n|turn|25\n|\n|t:|1701040117\n|move|p1a: DemonDice|Defog|p2a: Camerupt\n|-unboost|p2a: Camerupt|evasion|1\n|-sideend|p1: monsterapper|Stealth Rock|[from] move: Defog|[of] p1a: DemonDice\n|move|p2a: Camerupt|Eruption|p1a: DemonDice\n|-damage|p1a: DemonDice|0 fnt\n|faint|p1a: DemonDice\n|\n|upkeep\n|\n|t:|1701040127\n|switch|p1a: Shang Tsung|Ditto|57\/100\n|-transform|p1a: Shang Tsung|p2a: Camerupt|[from] ability: Imposter\n|turn|26\n|\n|t:|1701040134\n|move|p1a: Shang Tsung|Earth Power|p2a: Camerupt\n|-supereffective|p2a: Camerupt\n|-damage|p2a: Camerupt|0 fnt\n|faint|p2a: Camerupt\n|\n|upkeep\n|\n|t:|1701040140\n|switch|p2a: Ursaluna|Ursaluna, F, tera:Normal|88\/100 brn\n|turn|27\n|-message|Rakhesha forfeited.\n|\n|win|monsterapper\n|raw|monsterapper's rating: 1384 &rarr; <strong>1405<\/strong><br \/>(+21 for winning)\n|raw|Rakhesha's rating: 1403 &rarr; <strong>1382<\/strong><br \/>(-21 for losing)\n|l|\u2606Rakhesha\n","uploadtime":1701040159,"views":2,"p1id":"monsterapper","p2id":"rakhesha","formatid":"gen9nationaldex","rating":1382,"private":0,"password":""}