{"id":"gen9nationaldex-1994613351","p1":"NDSNEZFurinaGaming","p2":"Rankuroi","format":"[Gen 9] National Dex","log":"|html|<div class=\"broadcast-blue\"><strong>[Gen 9] National Dex is currently suspecting Sneasler! For information on how to participate check out the <a href=\"https:\/\/www.smogon.com\/forums\/threads\/sv-national-dex-suspect-8-just-dance.3731534\/\">suspect thread<\/a>.<\/strong><\/div>\n|j|\u2606NDSNEZFurinaGaming\n|j|\u2606Rankuroi\n|t:|1700469444\n|gametype|singles\n|player|p1|NDSNEZFurinaGaming|winona|1300\n|player|p2|Rankuroi|erika|1280\n|teamsize|p1|6\n|teamsize|p2|6\n|gen|9\n|tier|[Gen 9] National Dex\n|rated|\n|rule|HP Percentage Mod: HP is shown in percentages\n|rule|Endless Battle Clause: Forcing endless battles is banned\n|rule|OHKO Clause: OHKO moves are banned\n|rule|Evasion Clause: Evasion abilities, items, and moves are banned\n|rule|Evasion Abilities Clause: Evasion abilities are banned\n|rule|Evasion Items Clause: Evasion items are banned\n|rule|Evasion Moves Clause: Evasion moves are banned\n|rule|Species Clause: Limit one of each Pok\u00e9mon\n|rule|Sleep Clause Mod: Limit one foe put to sleep\n|clearpoke\n|poke|p1|Tapu Koko|\n|poke|p1|Volcarona, F|\n|poke|p1|Sneasler, M|\n|poke|p1|Gyarados, F|\n|poke|p1|Tapu Lele|\n|poke|p1|Iron Valiant|\n|poke|p2|Victreebel, M|\n|poke|p2|Torkoal, F|\n|poke|p2|Seaking, F|\n|poke|p2|Octillery, M|\n|poke|p2|Spiritomb, M|\n|poke|p2|Sunflora, M|\n|teampreview\n|inactive|Battle timer is ON: inactive players will automatically lose when time's up. (requested by Rankuroi)\n|\n|t:|1700469450\n|start\n|switch|p1a: Tapu Coco|Tapu Koko|100\/100\n|switch|p2a: Octillery|Octillery, M|100\/100\n|-fieldstart|move: Electric Terrain|[from] ability: Electric Surge|[of] p1a: Tapu Coco\n|turn|1\n|\n|t:|1700469458\n|switch|p2a: Seaking|Seaking, F|100\/100\n|move|p1a: Tapu Coco|Taunt|p2a: Seaking\n|-start|p2a: Seaking|move: Taunt\n|\n|upkeep\n|turn|2\n|\n|t:|1700469465\n|move|p1a: Tapu Coco|Reflect|p1a: Tapu Coco\n|-sidestart|p1: NDSNEZFurinaGaming|Reflect\n|move|p2a: Seaking|Poison Jab|p1a: Tapu Coco\n|-supereffective|p1a: Tapu Coco\n|-damage|p1a: Tapu Coco|62\/100\n|-damage|p2a: Seaking|91\/100|[from] item: Life Orb\n|\n|upkeep\n|turn|3\n|\n|t:|1700469471\n|move|p1a: Tapu Coco|Light Screen|p1a: Tapu Coco\n|-sidestart|p1: NDSNEZFurinaGaming|move: Light Screen\n|move|p2a: Seaking|Poison Jab|p1a: Tapu Coco\n|-supereffective|p1a: Tapu Coco\n|-damage|p1a: Tapu Coco|27\/100\n|-damage|p2a: Seaking|81\/100|[from] item: Life Orb\n|\n|-end|p2a: Seaking|move: Taunt\n|upkeep\n|turn|4\n|\n|t:|1700469480\n|move|p1a: Tapu Coco|Taunt|p2a: Seaking\n|-start|p2a: Seaking|move: Taunt\n|move|p2a: Seaking|Poison Jab|p1a: Tapu Coco\n|-supereffective|p1a: Tapu Coco\n|-damage|p1a: Tapu Coco|0 fnt\n|faint|p1a: Tapu Coco\n|-damage|p2a: Seaking|71\/100|[from] item: Life Orb\n|\n|upkeep\n|\n|t:|1700469485\n|switch|p1a: Sneasler|Sneasler, M|100\/100\n|-enditem|p1a: Sneasler|Electric Seed\n|-boost|p1a: Sneasler|def|1|[from] item: Electric Seed\n|turn|5\n|\n|t:|1700469493\n|move|p1a: Sneasler|Swords Dance|p1a: Sneasler\n|-boost|p1a: Sneasler|atk|2\n|move|p2a: Seaking|Drill Run|p1a: Sneasler\n|-supereffective|p1a: Sneasler\n|-damage|p1a: Sneasler|64\/100\n|-damage|p2a: Seaking|61\/100|[from] item: Life Orb\n|\n|-fieldend|move: Electric Terrain\n|upkeep\n|turn|6\n|\n|t:|1700469503\n|-terastallize|p1a: Sneasler|Flying\n|move|p1a: Sneasler|Acrobatics|p2a: Seaking\n|-damage|p2a: Seaking|0 fnt\n|faint|p2a: Seaking\n|\n|upkeep\n|\n|t:|1700469511\n|switch|p2a: Torkoal|Torkoal, F, shiny|100\/100\n|-weather|SunnyDay|[from] ability: Drought|[of] p2a: Torkoal\n|turn|7\n|\n|t:|1700469519\n|move|p1a: Sneasler|Acrobatics|p2a: Torkoal\n|-damage|p2a: Torkoal|15\/100\n|move|p2a: Torkoal|Flamethrower|p1a: Sneasler\n|-damage|p1a: Sneasler|35\/100\n|\n|-weather|SunnyDay|[upkeep]\n|upkeep\n|turn|8\n|\n|t:|1700469530\n|switch|p2a: Octillery|Octillery, M|100\/100\n|move|p1a: Sneasler|Acrobatics|p2a: Octillery\n|-damage|p2a: Octillery|0 fnt\n|faint|p2a: Octillery\n|\n|-weather|SunnyDay|[upkeep]\n|upkeep\n|\n|t:|1700469539\n|switch|p2a: Spiritomb|Spiritomb, M, shiny|100\/100\n|turn|9\n|\n|t:|1700469542\n|move|p2a: Spiritomb|Sucker Punch|p1a: Sneasler\n|-damage|p1a: Sneasler|0 fnt\n|faint|p1a: Sneasler\n|\n|-weather|SunnyDay|[upkeep]\n|-sideend|p1: NDSNEZFurinaGaming|Reflect\n|upkeep\n|\n|t:|1700469549\n|switch|p1a: Maniac|Volcarona, F|100\/100\n|turn|10\n|\n|t:|1700469552\n|move|p1a: Maniac|Quiver Dance|p1a: Maniac\n|-boost|p1a: Maniac|spa|1\n|-boost|p1a: Maniac|spd|1\n|-boost|p1a: Maniac|spe|1\n|move|p2a: Spiritomb|Rock Tomb|p1a: Maniac\n|-supereffective|p1a: Maniac\n|-damage|p1a: Maniac|0 fnt\n|faint|p1a: Maniac\n|\n|-weather|SunnyDay|[upkeep]\n|-sideend|p1: NDSNEZFurinaGaming|move: Light Screen\n|upkeep\n|\n|t:|1700469560\n|switch|p1a: Tapu Lele|Tapu Lele|100\/100\n|-fieldstart|move: Psychic Terrain|[from] ability: Psychic Surge|[of] p1a: Tapu Lele\n|turn|11\n|\n|t:|1700469567\n|-terastallize|p2a: Spiritomb|Fairy\n|move|p1a: Tapu Lele|Moonblast|p2a: Spiritomb\n|-damage|p2a: Spiritomb|61\/100\n|move|p2a: Spiritomb|Poltergeist|p1a: Tapu Lele\n|-activate|p1a: Tapu Lele|move: Poltergeist|Choice Scarf\n|-supereffective|p1a: Tapu Lele\n|-damage|p1a: Tapu Lele|0 fnt\n|faint|p1a: Tapu Lele\n|\n|-weather|SunnyDay|[upkeep]\n|upkeep\n|\n|t:|1700469578\n|switch|p1a: Iron Valiant|Iron Valiant|100\/100\n|-enditem|p1a: Iron Valiant|Booster Energy\n|-activate|p1a: Iron Valiant|ability: Quark Drive|[fromitem]\n|-start|p1a: Iron Valiant|quarkdrivespe\n|turn|12\n|\n|t:|1700469586\n|move|p1a: Iron Valiant|Moonblast|p2a: Spiritomb\n|-damage|p2a: Spiritomb|23\/100\n|move|p2a: Spiritomb|Rock Tomb|p1a: Iron Valiant\n|-resisted|p1a: Iron Valiant\n|-damage|p1a: Iron Valiant|89\/100\n|-unboost|p1a: Iron Valiant|spe|1\n|\n|-weather|SunnyDay|[upkeep]\n|upkeep\n|turn|13\n|\n|t:|1700469600\n|move|p1a: Iron Valiant|Calm Mind|p1a: Iron Valiant\n|-boost|p1a: Iron Valiant|spa|1\n|-boost|p1a: Iron Valiant|spd|1\n|move|p2a: Spiritomb|Rock Tomb|p1a: Iron Valiant\n|-resisted|p1a: Iron Valiant\n|-damage|p1a: Iron Valiant|76\/100\n|-unboost|p1a: Iron Valiant|spe|1\n|\n|-weather|SunnyDay|[upkeep]\n|upkeep\n|turn|14\n|\n|t:|1700469610\n|move|p1a: Iron Valiant|Moonblast|p2a: Spiritomb\n|-damage|p2a: Spiritomb|0 fnt\n|faint|p2a: Spiritomb\n|\n|-weather|none\n|upkeep\n|\n|t:|1700469617\n|switch|p2a: Torkoal|Torkoal, F, shiny|15\/100\n|-weather|SunnyDay|[from] ability: Drought|[of] p2a: Torkoal\n|turn|15\n|\n|t:|1700469621\n|-end|p1a: Iron Valiant|Quark Drive|[silent]\n|switch|p1a: Gyarados|Gyarados, F|100\/100\n|-ability|p1a: Gyarados|Intimidate|boost\n|-unboost|p2a: Torkoal|atk|1\n|move|p2a: Torkoal|Explosion|p1a: Gyarados\n|-damage|p1a: Gyarados|61\/100\n|faint|p2a: Torkoal\n|\n|-weather|SunnyDay|[upkeep]\n|-fieldend|move: Psychic Terrain\n|upkeep\n|-message|NDSNEZFurinaGaming forfeited.\n|\n|win|Rankuroi\n|raw|NDSNEZFurinaGaming's rating: 1300 &rarr; <strong>1274<\/strong><br \/>(-26 for losing)\n|raw|Rankuroi's rating: 1280 &rarr; <strong>1306<\/strong><br \/>(+26 for winning)\n|c|\u2606Rankuroi|Gg\n","uploadtime":1700469645,"views":3,"p1id":"ndsnezfurinagaming","p2id":"rankuroi","formatid":"gen9nationaldex","rating":1274,"private":0,"password":""}