{"id":"gen9nationaldex-1999923320","p1":"Dasocks (^-^)","p2":"Bigrokof","format":"[Gen 9] National Dex","log":"|j|\u2606Dasocks (^-^)\n|j|\u2606Bigrokof\n|t:|1701130541\n|gametype|singles\n|player|p1|Dasocks (^-^)|hanbei-conquest|\n|player|p2|Bigrokof|hiker-gen4|\n|teamsize|p1|6\n|teamsize|p2|6\n|gen|9\n|tier|[Gen 9] National Dex\n|rated|Tournament battle\n|rule|HP Percentage Mod: HP is shown in percentages\n|rule|Endless Battle Clause: Forcing endless battles is banned\n|rule|OHKO Clause: OHKO moves are banned\n|rule|Evasion Clause: Evasion abilities, items, and moves are banned\n|rule|Evasion Abilities Clause: Evasion abilities are banned\n|rule|Evasion Items Clause: Evasion items are banned\n|rule|Evasion Moves Clause: Evasion moves are banned\n|rule|Species Clause: Limit one of each Pok\u00e9mon\n|rule|Sleep Clause Mod: Limit one foe put to sleep\n|rule|Camomons Mod: Pok\u00e9mon have their types set to match their first two moves.\n|rule|CFZ Clause: Crystal-free Z-Moves are banned\n|rule|Sleep Moves Clause: Sleep-inducing moves are banned\n|rule|Terastal Clause: You cannot Terastallize\n|clearpoke\n|poke|p1|Aggron, F|\n|poke|p1|Darkrai|\n|poke|p1|Basculegion, M|\n|poke|p1|Deoxys-Speed|\n|poke|p1|Tornadus-Therian, M|\n|poke|p1|Goodra-Hisui, F|\n|poke|p2|Slowking-Galar, M|\n|poke|p2|Coalossal, M|\n|poke|p2|Magnezone|\n|poke|p2|Mabosstiff, F|\n|poke|p2|Rhyperior, F|\n|poke|p2|Porygon-Z|\n|teampreview\n|j|%Iolanthe\n|inactive|Battle timer is ON: inactive players will automatically lose when time's up. (requested by Dasocks (^-^))\n|\n|t:|1701130561\n|start\n|switch|p1a: Ego|Basculegion, M|100\/100\n|switch|p2a: Slowking|Slowking-Galar, M|100\/100\n|-start|p1a: Ego|typechange|Dark\/Steel|[silent]\n|-start|p2a: Slowking|typechange|Dark\/Poison|[silent]\n|-start|p1a: Ego|typechange|Dark\/Steel|[silent]\n|-start|p2a: Slowking|typechange|Dark\/Poison|[silent]\n|turn|1\n|l|%Iolanthe\n|\n|t:|1701130569\n|move|p1a: Ego|Knock Off|p2a: Slowking\n|-resisted|p2a: Slowking\n|-damage|p2a: Slowking|69\/100\n|-enditem|p2a: Slowking|Assault Vest|[from] move: Knock Off|[of] p1a: Ego\n|move|p2a: Slowking|Stone Axe|p1a: Ego|[miss]\n|-miss|p2a: Slowking|p1a: Ego\n|\n|upkeep\n|turn|2\n|c|\u2606Bigrokof|DAMN\n|\n|t:|1701130579\n|switch|p2a: Rhyperior|Rhyperior, F|100\/100\n|-start|p2a: Rhyperior|typechange|Steel\/Flying|[silent]\n|move|p1a: Ego|Gigaton Hammer|p2a: Rhyperior\n|-resisted|p2a: Rhyperior\n|-damage|p2a: Rhyperior|73\/100\n|\n|upkeep\n|-start|p2a: Rhyperior|typechange|Steel\/Flying|[silent]\n|turn|3\n|\n|t:|1701130588\n|switch|p1a: STAR WALKIN'|Goodra-Hisui, F|100\/100\n|-start|p1a: STAR WALKIN'|typechange|Water\/Ground|[silent]\n|-singleturn|p2a: Rhyperior|move: Beak Blast\n|move|p2a: Rhyperior|Beak Blast|p1a: STAR WALKIN'\n|-crit|p1a: STAR WALKIN'\n|-damage|p1a: STAR WALKIN'|35\/100\n|\n|upkeep\n|-start|p1a: STAR WALKIN'|typechange|Water\/Ground|[silent]\n|turn|4\n|c|\u2606Dasocks (^-^)|a\n|\n|t:|1701130595\n|switch|p2a: Slowking|Slowking-Galar, M|100\/100\n|-start|p2a: Slowking|typechange|Dark\/Poison|[silent]\n|move|p1a: STAR WALKIN'|Heal Order|p1a: STAR WALKIN'\n|-heal|p1a: STAR WALKIN'|85\/100\n|\n|upkeep\n|-start|p2a: Slowking|typechange|Dark\/Poison|[silent]\n|turn|5\n|\n|t:|1701130599\n|switch|p1a: Ego|Basculegion, M|100\/100\n|-start|p1a: Ego|typechange|Dark\/Steel|[silent]\n|move|p2a: Slowking|Stone Axe|p1a: Ego\n|-resisted|p1a: Ego\n|-damage|p1a: Ego|95\/100\n|-sidestart|p1: Dasocks (^-^)|move: Stealth Rock\n|\n|upkeep\n|-start|p1a: Ego|typechange|Dark\/Steel|[silent]\n|turn|6\n|\n|t:|1701130602\n|move|p1a: Ego|Knock Off|p2a: Slowking\n|-resisted|p2a: Slowking\n|-damage|p2a: Slowking|79\/100\n|move|p2a: Slowking|Knock Off|p1a: Ego\n|-resisted|p1a: Ego\n|-damage|p1a: Ego|82\/100\n|-enditem|p1a: Ego|Assault Vest|[from] move: Knock Off|[of] p2a: Slowking\n|\n|upkeep\n|turn|7\n|c|\u2606Dasocks (^-^)|why are you like this\n|\n|t:|1701130610\n|switch|p2a: Rhyperior|Rhyperior, F|73\/100\n|-start|p2a: Rhyperior|typechange|Steel\/Flying|[silent]\n|move|p1a: Ego|Knock Off|p2a: Rhyperior\n|-damage|p2a: Rhyperior|43\/100\n|-enditem|p2a: Rhyperior|Ability Shield|[from] move: Knock Off|[of] p1a: Ego\n|\n|upkeep\n|-start|p2a: Rhyperior|typechange|Steel\/Flying|[silent]\n|turn|8\n|inactive|Dasocks (^-^) has 120 seconds left.\n|\n|t:|1701130645\n|switch|p1a: Overdose|Tornadus-Therian, M|100\/100\n|-start|p1a: Overdose|typechange|Ground\/Fairy|[silent]\n|move|p2a: Rhyperior|Heal Order|p2a: Rhyperior\n|-heal|p2a: Rhyperior|93\/100\n|\n|upkeep\n|-start|p1a: Overdose|typechange|Ground\/Fairy|[silent]\n|turn|9\n|\n|t:|1701130653\n|switch|p2a: Slowking|Slowking-Galar, M|100\/100\n|-start|p2a: Slowking|typechange|Dark\/Poison|[silent]\n|move|p1a: Overdose|Tidy Up|p1a: Overdose\n|-sideend|p1: Dasocks (^-^)|Stealth Rock\n|-activate|p1a: Overdose|move: Tidy Up\n|-boost|p1a: Overdose|atk|1\n|-boost|p1a: Overdose|spe|1\n|\n|upkeep\n|-start|p2a: Slowking|typechange|Dark\/Poison|[silent]\n|turn|10\n|c|\u2606Bigrokof|YOU\n|\n|t:|1701130660\n|switch|p2a: Rhyperior|Rhyperior, F|93\/100\n|-start|p2a: Rhyperior|typechange|Steel\/Flying|[silent]\n|move|p1a: Overdose|Headlong Rush|p2a: Rhyperior\n|-immune|p2a: Rhyperior\n|\n|upkeep\n|-start|p2a: Rhyperior|typechange|Steel\/Flying|[silent]\n|turn|11\n|\n|t:|1701130677\n|-singleturn|p2a: Rhyperior|move: Beak Blast\n|move|p1a: Overdose|Magical Torque|p2a: Rhyperior\n|-resisted|p2a: Rhyperior\n|-damage|p2a: Rhyperior|77\/100\n|-start|p2a: Rhyperior|confusion\n|-activate|p2a: Rhyperior|confusion\n|move|p2a: Rhyperior|Beak Blast|p1a: Overdose\n|-damage|p1a: Overdose|34\/100\n|\n|upkeep\n|turn|12\n|\n|t:|1701130681\n|switch|p1a: STAR WALKIN'|Goodra-Hisui, F|85\/100\n|-start|p1a: STAR WALKIN'|typechange|Water\/Ground|[silent]\n|-activate|p2a: Rhyperior|confusion\n|-damage|p2a: Rhyperior|71\/100|[from] confusion\n|\n|upkeep\n|-start|p1a: STAR WALKIN'|typechange|Water\/Ground|[silent]\n|turn|13\n|\n|t:|1701130689\n|switch|p2a: Slowking|Slowking-Galar, M|100\/100\n|-start|p2a: Slowking|typechange|Dark\/Poison|[silent]\n|move|p1a: STAR WALKIN'|Flip Turn|p2a: Slowking\n|-damage|p2a: Slowking|80\/100\n|\n|t:|1701130697\n|switch|p1a: Ego|Basculegion, M|82\/100|[from] Flip Turn\n|-start|p1a: Ego|typechange|Dark\/Steel|[silent]\n|\n|upkeep\n|-start|p1a: Ego|typechange|Dark\/Steel|[silent]\n|-start|p2a: Slowking|typechange|Dark\/Poison|[silent]\n|turn|14\n|\n|t:|1701130702\n|move|p1a: Ego|Gigaton Hammer|p2a: Slowking\n|-damage|p2a: Slowking|0 fnt\n|faint|p2a: Slowking\n|\n|upkeep\n|\n|t:|1701130705\n|switch|p2a: Magnezone|Magnezone|100\/100\n|-start|p2a: Magnezone|typechange|Ground\/Electric|[silent]\n|-start|p2a: Magnezone|typechange|Ground\/Electric|[silent]\n|turn|15\n|\n|t:|1701130710\n|move|p1a: Ego|Sucker Punch|p2a: Magnezone\n|-damage|p2a: Magnezone|51\/100\n|move|p2a: Magnezone|Sandsear Storm|p1a: Ego\n|-supereffective|p1a: Ego\n|-damage|p1a: Ego|0 fnt\n|faint|p1a: Ego\n|\n|upkeep\n|c|\u2606Dasocks (^-^)|im bringing back glastrier\n|\n|t:|1701130734\n|switch|p1a: Idola|Deoxys-Speed|100\/100\n|-start|p1a: Idola|typechange|Fire\/Electric|[silent]\n|-ability|p1a: Idola|Pressure\n|-start|p1a: Idola|typechange|Fire\/Electric|[silent]\n|turn|16\n|\n|t:|1701130739\n|move|p1a: Idola|Freeze-Dry|p2a: Magnezone\n|-supereffective|p2a: Magnezone\n|-damage|p2a: Magnezone|0 fnt\n|faint|p2a: Magnezone\n|\n|upkeep\n|\n|t:|1701130751\n|switch|p2a: Coalossal|Coalossal, M|100\/100\n|-start|p2a: Coalossal|typechange|Steel\/Bug|[silent]\n|-start|p2a: Coalossal|typechange|Steel\/Bug|[silent]\n|turn|17\n|\n|t:|1701130755\n|switch|p1a: STAR WALKIN'|Goodra-Hisui, F|85\/100\n|-start|p1a: STAR WALKIN'|typechange|Water\/Ground|[silent]\n|move|p2a: Coalossal|Rapid Spin|p1a: STAR WALKIN'\n|-damage|p1a: STAR WALKIN'|76\/100\n|-boost|p2a: Coalossal|spe|1\n|\n|upkeep\n|-start|p1a: STAR WALKIN'|typechange|Water\/Ground|[silent]\n|turn|18\n|\n|t:|1701130760\n|switch|p2a: Porygon-Z|Porygon-Z|100\/100\n|-start|p2a: Porygon-Z|typechange|Fighting\/Water|[silent]\n|move|p1a: STAR WALKIN'|Flip Turn|p2a: Porygon-Z\n|-resisted|p2a: Porygon-Z\n|-damage|p2a: Porygon-Z|85\/100\n|\n|t:|1701130769\n|switch|p1a: Overdose|Tornadus-Therian, M|67\/100|[from] Flip Turn\n|-start|p1a: Overdose|typechange|Ground\/Fairy|[silent]\n|\n|upkeep\n|-start|p1a: Overdose|typechange|Ground\/Fairy|[silent]\n|-start|p2a: Porygon-Z|typechange|Fighting\/Water|[silent]\n|turn|19\n|\n|t:|1701130776\n|switch|p2a: Coalossal|Coalossal, M|100\/100\n|-start|p2a: Coalossal|typechange|Steel\/Bug|[silent]\n|move|p1a: Overdose|Magical Torque|p2a: Coalossal\n|-resisted|p2a: Coalossal\n|-damage|p2a: Coalossal|90\/100\n|\n|-heal|p2a: Coalossal|96\/100|[from] item: Leftovers\n|upkeep\n|-start|p2a: Coalossal|typechange|Steel\/Bug|[silent]\n|turn|20\n|\n|t:|1701130779\n|switch|p1a: STAR WALKIN'|Goodra-Hisui, F|76\/100\n|-start|p1a: STAR WALKIN'|typechange|Water\/Ground|[silent]\n|move|p2a: Coalossal|U-turn|p1a: STAR WALKIN'\n|-damage|p1a: STAR WALKIN'|57\/100\n|\n|t:|1701130782\n|switch|p2a: Porygon-Z|Porygon-Z|85\/100|[from] U-turn\n|-start|p2a: Porygon-Z|typechange|Fighting\/Water|[silent]\n|\n|upkeep\n|-start|p1a: STAR WALKIN'|typechange|Water\/Ground|[silent]\n|-start|p2a: Porygon-Z|typechange|Fighting\/Water|[silent]\n|turn|21\n|\n|t:|1701130786\n|move|p2a: Porygon-Z|Freeze-Dry|p1a: STAR WALKIN'\n|-supereffective|p1a: STAR WALKIN'\n|-damage|p1a: STAR WALKIN'|0 fnt\n|faint|p1a: STAR WALKIN'\n|-damage|p2a: Porygon-Z|75\/100|[from] item: Life Orb\n|\n|upkeep\n|inactive|Dasocks (^-^) has 120 seconds left.\n|\n|t:|1701130817\n|switch|p1a: Live in Life|Darkrai|100\/100\n|-start|p1a: Live in Life|typechange|Psychic\/Fairy|[silent]\n|-start|p1a: Live in Life|typechange|Psychic\/Fairy|[silent]\n|turn|22\n|\n|t:|1701130824\n|switch|p2a: Coalossal|Coalossal, M|96\/100\n|-start|p2a: Coalossal|typechange|Steel\/Bug|[silent]\n|move|p1a: Live in Life|Moonblast|p2a: Coalossal\n|-resisted|p2a: Coalossal\n|-damage|p2a: Coalossal|70\/100\n|-unboost|p2a: Coalossal|spa|1\n|\n|-heal|p2a: Coalossal|76\/100|[from] item: Leftovers\n|upkeep\n|-start|p2a: Coalossal|typechange|Steel\/Bug|[silent]\n|turn|23\n|\n|t:|1701130833\n|move|p1a: Live in Life|Nasty Plot|p1a: Live in Life\n|-boost|p1a: Live in Life|spa|2\n|move|p2a: Coalossal|U-turn|p1a: Live in Life\n|-damage|p1a: Live in Life|76\/100\n|\n|t:|1701130838\n|switch|p2a: Mabosstiff|Mabosstiff, F|100\/100|[from] U-turn\n|-start|p2a: Mabosstiff|typechange|Steel\/Ground|[silent]\n|\n|upkeep\n|-start|p2a: Mabosstiff|typechange|Steel\/Ground|[silent]\n|turn|24\n|\n|t:|1701130842\n|move|p1a: Live in Life|Earth Power|p2a: Mabosstiff\n|-supereffective|p2a: Mabosstiff\n|-damage|p2a: Mabosstiff|0 fnt\n|faint|p2a: Mabosstiff\n|\n|upkeep\n|\n|t:|1701130845\n|switch|p2a: Coalossal|Coalossal, M|76\/100\n|-start|p2a: Coalossal|typechange|Steel\/Bug|[silent]\n|-start|p2a: Coalossal|typechange|Steel\/Bug|[silent]\n|turn|25\n|c|\u2606Bigrokof|why are you like this\n|c|\u2606Dasocks (^-^)|?\n|c|\u2606Bigrokof|anchor shot\n|c|\u2606Bigrokof|stab\n|c|\u2606Dasocks (^-^)|yeah and\n|c|\u2606Dasocks (^-^)|you wouldn't click it.\n|inactive|Dasocks (^-^) has 120 seconds left.\n|c|\u2606Bigrokof|you...\n|c|\u2606Dasocks (^-^)|im not the one that stayed in on a gigaton hammer basculegion with slowking three times\n|c|\u2606Dasocks (^-^)|gg\n|c|\u2606Bigrokof|didnt know was ton tbh\n|\n|t:|1701130897\n|switch|p1a: Idola|Deoxys-Speed|100\/100\n|-start|p1a: Idola|typechange|Fire\/Electric|[silent]\n|-ability|p1a: Idola|Pressure\n|move|p2a: Coalossal|Anchor Shot|p1a: Idola\n|-resisted|p1a: Idola\n|-damage|p1a: Idola|93\/100\n|-activate|p1a: Idola|trapped\n|\n|-heal|p2a: Coalossal|82\/100|[from] item: Leftovers\n|upkeep\n|-start|p1a: Idola|typechange|Fire\/Electric|[silent]\n|turn|26\n|\n|t:|1701130901\n|move|p1a: Idola|Trick|p2a: Coalossal\n|-activate|p1a: Idola|move: Trick|[of] p2a: Coalossal\n|-item|p2a: Coalossal|Choice Specs|[from] move: Trick\n|-item|p1a: Idola|Leftovers|[from] move: Trick\n|move|p2a: Coalossal|Rapid Spin|p1a: Idola\n|-damage|p1a: Idola|80\/100\n|-boost|p2a: Coalossal|spe|1\n|\n|-heal|p1a: Idola|87\/100|[from] item: Leftovers\n|upkeep\n|turn|27\n|\n|t:|1701130905\n|move|p1a: Idola|Electro Drift|p2a: Coalossal\n|-damage|p2a: Coalossal|40\/100\n|move|p2a: Coalossal|Rapid Spin|p1a: Idola\n|-damage|p1a: Idola|75\/100\n|-boost|p2a: Coalossal|spe|1\n|\n|-heal|p1a: Idola|81\/100|[from] item: Leftovers\n|upkeep\n|turn|28\n|c|\u2606Bigrokof|gg\n|-message|Bigrokof forfeited.\n|\n|win|Dasocks (^-^)\n|n|\u2606Dasocks (^-^)|dasocks\n|n|\u2606Bigrokof|bigrokof\n|l|\u2606Bigrokof\n|l|\u2606Dasocks (^-^)\n|j| TheTrueLtaker\n|l| TheTrueLtaker\n|j| Pure Hackmons@!\n|l| Pure Hackmons\n|j|\u2606Dasocks (^-^)\n|player|p1|Dasocks (^-^)|hanbei-conquest\n","uploadtime":1701131873,"views":1,"p1id":"dasocks","p2id":"bigrokof","formatid":"gen9nationaldex","rating":0,"private":0,"password":""}