{"id":"gen9nationaldex-1994828849","p1":"weirdnomad","p2":"ohousha","format":"[Gen 9] National Dex","log":"|html|<div class=\"broadcast-blue\"><strong>[Gen 9] National Dex is currently suspecting Sneasler! For information on how to participate check out the <a href=\"https:\/\/www.smogon.com\/forums\/threads\/sv-national-dex-suspect-8-just-dance.3731534\/\">suspect thread<\/a>.<\/strong><\/div>\n|j|\u203dweirdnomad\n|j|\u2606ohousha\n|t:|1700496609\n|gametype|singles\n|player|p1|weirdnomad|hiker-gen4|1508\n|player|p2|ohousha|roxanne|1416\n|teamsize|p1|6\n|teamsize|p2|6\n|gen|9\n|tier|[Gen 9] National Dex\n|rated|\n|rule|HP Percentage Mod: HP is shown in percentages\n|rule|Endless Battle Clause: Forcing endless battles is banned\n|rule|OHKO Clause: OHKO moves are banned\n|rule|Evasion Clause: Evasion abilities, items, and moves are banned\n|rule|Evasion Abilities Clause: Evasion abilities are banned\n|rule|Evasion Items Clause: Evasion items are banned\n|rule|Evasion Moves Clause: Evasion moves are banned\n|rule|Species Clause: Limit one of each Pok\u00e9mon\n|rule|Sleep Clause Mod: Limit one foe put to sleep\n|clearpoke\n|poke|p1|Corviknight, M|\n|poke|p1|Mamoswine, M|\n|poke|p1|Azumarill, F|\n|poke|p1|Gengar, M|\n|poke|p1|Blaziken, M|\n|poke|p1|Hydreigon, F|\n|poke|p2|Tyranitar, M|\n|poke|p2|Urshifu-*, M|\n|poke|p2|Zapdos|\n|poke|p2|Ferrothorn, F|\n|poke|p2|Excadrill, M|\n|poke|p2|Tapu Lele|\n|teampreview\n|inactive|Battle timer is ON: inactive players will automatically lose when time's up. (requested by ohousha)\n|\n|t:|1700496626\n|start\n|switch|p1a: Blaziken|Blaziken, M|100\/100\n|switch|p2a: Urshifu|Urshifu-Rapid-Strike, M|100\/100\n|turn|1\n|\n|t:|1700496636\n|switch|p1a: Corviknight|Corviknight, M, shiny|100\/100\n|-ability|p1a: Corviknight|Pressure\n|move|p2a: Urshifu|Surging Strikes|p1a: Corviknight\n|-crit|p1a: Corviknight\n|-damage|p1a: Corviknight|84\/100\n|-damage|p2a: Urshifu|84\/100|[from] item: Rocky Helmet|[of] p1a: Corviknight\n|-crit|p1a: Corviknight\n|-damage|p1a: Corviknight|67\/100\n|-damage|p2a: Urshifu|68\/100|[from] item: Rocky Helmet|[of] p1a: Corviknight\n|-crit|p1a: Corviknight\n|-damage|p1a: Corviknight|51\/100\n|-damage|p2a: Urshifu|51\/100|[from] item: Rocky Helmet|[of] p1a: Corviknight\n|-hitcount|p1a: Corviknight|3\n|\n|upkeep\n|turn|2\n|\n|t:|1700496651\n|switch|p2a: Zapdos|Zapdos|100\/100\n|move|p1a: Corviknight|Roost|p1a: Corviknight\n|-heal|p1a: Corviknight|100\/100\n|-singleturn|p1a: Corviknight|move: Roost\n|\n|upkeep\n|turn|3\n|\n|t:|1700496662\n|switch|p1a: Mamoswine|Mamoswine, M|100\/100\n|move|p2a: Zapdos|Hurricane|p1a: Mamoswine|[miss]\n|-miss|p2a: Zapdos|p1a: Mamoswine\n|\n|upkeep\n|turn|4\n|\n|t:|1700496669\n|switch|p2a: Ferrothorn|Ferrothorn, F|100\/100\n|move|p1a: Mamoswine|Knock Off|p2a: Ferrothorn\n|-crit|p2a: Ferrothorn\n|-damage|p2a: Ferrothorn|67\/100\n|-damage|p1a: Mamoswine|88\/100|[from] ability: Iron Barbs|[of] p2a: Ferrothorn\n|-enditem|p2a: Ferrothorn|Leftovers|[from] move: Knock Off|[of] p1a: Mamoswine\n|\n|upkeep\n|turn|5\n|\n|t:|1700496679\n|switch|p1a: Corviknight|Corviknight, M, shiny|100\/100\n|-ability|p1a: Corviknight|Pressure\n|move|p2a: Ferrothorn|Knock Off|p1a: Corviknight\n|-damage|p1a: Corviknight|87\/100\n|-damage|p2a: Ferrothorn|50\/100|[from] item: Rocky Helmet|[of] p1a: Corviknight\n|-enditem|p1a: Corviknight|Rocky Helmet|[from] move: Knock Off|[of] p2a: Ferrothorn\n|\n|upkeep\n|turn|6\n|\n|t:|1700496689\n|switch|p1a: Blaziken|Blaziken, M|100\/100\n|move|p2a: Ferrothorn|Leech Seed|p1a: Blaziken\n|-start|p1a: Blaziken|move: Leech Seed\n|\n|-damage|p1a: Blaziken|88\/100|[from] Leech Seed|[of] p2a: Ferrothorn\n|-heal|p2a: Ferrothorn|61\/100|[silent]\n|upkeep\n|turn|7\n|\n|t:|1700496700\n|switch|p2a: Urshifu|Urshifu-Rapid-Strike, M|51\/100\n|move|p1a: Blaziken|Swords Dance|p1a: Blaziken\n|-boost|p1a: Blaziken|atk|2\n|\n|-damage|p1a: Blaziken|76\/100|[from] Leech Seed|[of] p2a: Urshifu\n|-heal|p2a: Urshifu|62\/100|[silent]\n|-ability|p1a: Blaziken|Speed Boost|boost\n|-boost|p1a: Blaziken|spe|1\n|upkeep\n|turn|8\n|\n|t:|1700496714\n|switch|p1a: Azumarill|Azumarill, F, shiny|100\/100\n|move|p2a: Urshifu|Surging Strikes|p1a: Azumarill\n|-resisted|p1a: Azumarill\n|-crit|p1a: Azumarill\n|-damage|p1a: Azumarill|84\/100\n|-resisted|p1a: Azumarill\n|-crit|p1a: Azumarill\n|-damage|p1a: Azumarill|68\/100\n|-resisted|p1a: Azumarill\n|-crit|p1a: Azumarill\n|-damage|p1a: Azumarill|53\/100\n|-hitcount|p1a: Azumarill|3\n|\n|upkeep\n|turn|9\n|\n|t:|1700496725\n|switch|p2a: Ferrothorn|Ferrothorn, F|61\/100\n|move|p1a: Azumarill|Superpower|p2a: Ferrothorn\n|-supereffective|p2a: Ferrothorn\n|-damage|p2a: Ferrothorn|0 fnt\n|-unboost|p1a: Azumarill|atk|1\n|-unboost|p1a: Azumarill|def|1\n|-damage|p1a: Azumarill|41\/100|[from] ability: Iron Barbs|[of] p2a: Ferrothorn\n|faint|p2a: Ferrothorn\n|\n|upkeep\n|\n|t:|1700496731\n|switch|p2a: Tyranitar|Tyranitar, M|100\/100\n|-weather|Sandstorm|[from] ability: Sand Stream|[of] p2a: Tyranitar\n|turn|10\n|\n|t:|1700496739\n|detailschange|p2a: Tyranitar|Tyranitar-Mega, M\n|-mega|p2a: Tyranitar|Tyranitar|Tyranitarite\n|move|p2a: Tyranitar|Stealth Rock|p1a: Azumarill\n|-sidestart|p1: weirdnomad|move: Stealth Rock\n|move|p1a: Azumarill|Superpower|p2a: Tyranitar\n|-supereffective|p2a: Tyranitar\n|-damage|p2a: Tyranitar|0 fnt\n|-unboost|p1a: Azumarill|atk|1\n|-unboost|p1a: Azumarill|def|1\n|faint|p2a: Tyranitar\n|\n|-weather|Sandstorm|[upkeep]\n|-damage|p1a: Azumarill|34\/100|[from] Sandstorm\n|upkeep\n|\n|t:|1700496745\n|switch|p2a: Excadrill|Excadrill, M|100\/100\n|turn|11\n|\n|t:|1700496755\n|switch|p1a: Corviknight|Corviknight, M, shiny|87\/100\n|-damage|p1a: Corviknight|74\/100|[from] Stealth Rock\n|-ability|p1a: Corviknight|Pressure\n|move|p2a: Excadrill|Swords Dance|p2a: Excadrill\n|-boost|p2a: Excadrill|atk|2\n|\n|-weather|Sandstorm|[upkeep]\n|upkeep\n|turn|12\n|\n|t:|1700496765\n|-zpower|p2a: Excadrill\n|move|p2a: Excadrill|Corkscrew Crash|p1a: Corviknight|[zeffect]\n|-resisted|p1a: Corviknight\n|-damage|p1a: Corviknight|23\/100\n|move|p1a: Corviknight|Defog|p2a: Excadrill\n|-unboost|p2a: Excadrill|evasion|1\n|-sideend|p1: weirdnomad|Stealth Rock|[from] move: Defog|[of] p1a: Corviknight\n|\n|-weather|Sandstorm|[upkeep]\n|upkeep\n|turn|13\n|\n|t:|1700496776\n|move|p2a: Excadrill|Iron Head|p1a: Corviknight\n|-resisted|p1a: Corviknight\n|-damage|p1a: Corviknight|0 fnt\n|faint|p1a: Corviknight\n|\n|-weather|Sandstorm|[upkeep]\n|upkeep\n|\n|t:|1700496783\n|switch|p1a: Azumarill|Azumarill, F, shiny|34\/100\n|turn|14\n|\n|t:|1700496787\n|move|p1a: Azumarill|Aqua Jet|p2a: Excadrill\n|-supereffective|p2a: Excadrill\n|-damage|p2a: Excadrill|0 fnt\n|faint|p2a: Excadrill\n|\n|-weather|none\n|upkeep\n|\n|t:|1700496793\n|switch|p2a: Zapdos|Zapdos|100\/100\n|turn|15\n|\n|t:|1700496802\n|switch|p1a: Hydreigon|Hydreigon, F, shiny|100\/100\n|move|p2a: Zapdos|Hurricane|p1a: Hydreigon\n|-damage|p1a: Hydreigon|68\/100\n|-start|p1a: Hydreigon|confusion\n|\n|-heal|p1a: Hydreigon|74\/100|[from] item: Leftovers\n|upkeep\n|turn|16\n|\n|t:|1700496813\n|move|p2a: Zapdos|Hidden Power|p1a: Hydreigon\n|-supereffective|p1a: Hydreigon\n|-damage|p1a: Hydreigon|49\/100\n|-activate|p1a: Hydreigon|confusion\n|-damage|p1a: Hydreigon|39\/100|[from] confusion\n|\n|-heal|p1a: Hydreigon|45\/100|[from] item: Leftovers\n|upkeep\n|turn|17\n|\n|t:|1700496822\n|move|p2a: Zapdos|Volt Switch|p1a: Hydreigon\n|-resisted|p1a: Hydreigon\n|-damage|p1a: Hydreigon|35\/100\n|\n|t:|1700496826\n|switch|p2a: Urshifu|Urshifu-Rapid-Strike, M|62\/100|[from] Volt Switch\n|-activate|p1a: Hydreigon|confusion\n|move|p1a: Hydreigon|Stealth Rock|p2a: Urshifu\n|-sidestart|p2: ohousha|move: Stealth Rock\n|\n|-heal|p1a: Hydreigon|41\/100|[from] item: Leftovers\n|upkeep\n|turn|18\n|\n|t:|1700496839\n|move|p2a: Urshifu|Surging Strikes|p1a: Hydreigon\n|-resisted|p1a: Hydreigon\n|-crit|p1a: Hydreigon\n|-damage|p1a: Hydreigon|28\/100\n|-resisted|p1a: Hydreigon\n|-crit|p1a: Hydreigon\n|-damage|p1a: Hydreigon|14\/100\n|-resisted|p1a: Hydreigon\n|-crit|p1a: Hydreigon\n|-damage|p1a: Hydreigon|1\/100\n|-hitcount|p1a: Hydreigon|3\n|-activate|p1a: Hydreigon|confusion\n|move|p1a: Hydreigon|Thunder Wave|p2a: Urshifu\n|-status|p2a: Urshifu|par\n|\n|-heal|p1a: Hydreigon|7\/100|[from] item: Leftovers\n|upkeep\n|turn|19\n|\n|t:|1700496855\n|-activate|p1a: Hydreigon|confusion\n|move|p1a: Hydreigon|Dark Pulse|p2a: Urshifu\n|-resisted|p2a: Urshifu\n|-damage|p2a: Urshifu|39\/100 par\n|cant|p2a: Urshifu|flinch\n|\n|-heal|p1a: Hydreigon|13\/100|[from] item: Leftovers\n|upkeep\n|turn|20\n|\n|t:|1700496863\n|-end|p1a: Hydreigon|confusion\n|move|p1a: Hydreigon|Dark Pulse|p2a: Urshifu\n|-resisted|p2a: Urshifu\n|-damage|p2a: Urshifu|13\/100 par\n|move|p2a: Urshifu|Surging Strikes|p1a: Hydreigon\n|-resisted|p1a: Hydreigon\n|-crit|p1a: Hydreigon\n|-damage|p1a: Hydreigon|0 fnt\n|faint|p1a: Hydreigon\n|-hitcount|p1: Hydreigon|1\n|\n|upkeep\n|\n|t:|1700496880\n|switch|p1a: Gengar|Gengar, M, shiny|100\/100\n|turn|21\n|\n|t:|1700496884\n|move|p1a: Gengar|Shadow Ball|p2a: Urshifu\n|-damage|p2a: Urshifu|0 fnt\n|faint|p2a: Urshifu\n|\n|upkeep\n|\n|t:|1700496887\n|switch|p2a: Tapu Lele|Tapu Lele|100\/100\n|-damage|p2a: Tapu Lele|88\/100|[from] Stealth Rock\n|-fieldstart|move: Psychic Terrain|[from] ability: Psychic Surge|[of] p2a: Tapu Lele\n|turn|22\n|\n|t:|1700496894\n|switch|p1a: Azumarill|Azumarill, F, shiny|34\/100\n|-terastallize|p2a: Tapu Lele|Psychic\n|move|p2a: Tapu Lele|Psychic|p1a: Azumarill\n|-damage|p1a: Azumarill|0 fnt\n|faint|p1a: Azumarill\n|\n|upkeep\n|\n|t:|1700496904\n|switch|p1a: Mamoswine|Mamoswine, M|88\/100\n|turn|23\n|\n|t:|1700496912\n|-terastallize|p1a: Mamoswine|Steel\n|move|p2a: Tapu Lele|Psychic|p1a: Mamoswine\n|-resisted|p1a: Mamoswine\n|-damage|p1a: Mamoswine|57\/100\n|-unboost|p1a: Mamoswine|spd|1\n|move|p1a: Mamoswine|Knock Off|p2a: Tapu Lele\n|-supereffective|p2a: Tapu Lele\n|-damage|p2a: Tapu Lele|0 fnt\n|-enditem|p2a: Tapu Lele|Choice Scarf|[from] move: Knock Off|[of] p1a: Mamoswine\n|faint|p2a: Tapu Lele\n|\n|upkeep\n|\n|t:|1700496916\n|switch|p2a: Zapdos|Zapdos|100\/100\n|turn|24\n|\n|t:|1700496934\n|move|p2a: Zapdos|Hurricane|p1a: Mamoswine|[miss]\n|-miss|p2a: Zapdos|p1a: Mamoswine\n|move|p1a: Mamoswine|Heavy Slam|p2a: Zapdos\n|-resisted|p2a: Zapdos\n|-damage|p2a: Zapdos|76\/100\n|-status|p1a: Mamoswine|par|[from] ability: Static|[of] p2a: Zapdos\n|\n|upkeep\n|turn|25\n|\n|t:|1700496944\n|move|p2a: Zapdos|Hurricane|p1a: Mamoswine\n|-resisted|p1a: Mamoswine\n|-damage|p1a: Mamoswine|34\/100 par\n|-start|p1a: Mamoswine|confusion\n|-activate|p1a: Mamoswine|confusion\n|move|p1a: Mamoswine|Knock Off|p2a: Zapdos\n|-damage|p2a: Zapdos|49\/100\n|-enditem|p2a: Zapdos|Heavy-Duty Boots|[from] move: Knock Off|[of] p1a: Mamoswine\n|\n|upkeep\n|turn|26\n|\n|t:|1700496961\n|move|p2a: Zapdos|Roost|p2a: Zapdos\n|-heal|p2a: Zapdos|99\/100\n|-singleturn|p2a: Zapdos|move: Roost\n|-activate|p1a: Mamoswine|confusion\n|move|p1a: Mamoswine|Knock Off|p2a: Zapdos\n|-damage|p2a: Zapdos|80\/100\n|\n|-fieldend|move: Psychic Terrain\n|upkeep\n|turn|27\n|\n|t:|1700496971\n|-activate|p1a: Mamoswine|confusion\n|-damage|p1a: Mamoswine|16\/100 par|[from] confusion\n|move|p2a: Zapdos|Hurricane|p1a: Mamoswine\n|-resisted|p1a: Mamoswine\n|-damage|p1a: Mamoswine|0 fnt\n|faint|p1a: Mamoswine\n|\n|upkeep\n|\n|t:|1700496979\n|switch|p1a: Blaziken|Blaziken, M|76\/100\n|turn|28\n|\n|t:|1700496982\n|move|p1a: Blaziken|Protect|p1a: Blaziken\n|-singleturn|p1a: Blaziken|Protect\n|move|p2a: Zapdos|Hurricane|p1a: Blaziken\n|-activate|p1a: Blaziken|move: Protect\n|\n|-ability|p1a: Blaziken|Speed Boost|boost\n|-boost|p1a: Blaziken|spe|1\n|upkeep\n|turn|29\n|\n|t:|1700496991\n|move|p1a: Blaziken|Flare Blitz|p2a: Zapdos\n|-damage|p2a: Zapdos|39\/100\n|-damage|p1a: Blaziken|59\/100|[from] Recoil\n|move|p2a: Zapdos|Hurricane|p1a: Blaziken\n|-supereffective|p1a: Blaziken\n|-damage|p1a: Blaziken|0 fnt\n|faint|p1a: Blaziken\n|\n|upkeep\n|\n|t:|1700497000\n|switch|p1a: Gengar|Gengar, M, shiny|100\/100\n|turn|30\n|\n|t:|1700497006\n|move|p1a: Gengar|Sludge Bomb|p2a: Zapdos\n|-damage|p2a: Zapdos|0 fnt\n|faint|p2a: Zapdos\n|\n|win|weirdnomad\n|raw|weirdnomad's rating: 1508 &rarr; <strong>1522<\/strong><br \/>(+14 for winning)\n|raw|ohousha's rating: 1400 &rarr; <strong>1386<\/strong><br \/>(-14 for losing)\n|l|\u2606ohousha\n","uploadtime":1700497017,"views":2,"p1id":"weirdnomad","p2id":"ohousha","formatid":"gen9nationaldex","rating":1386,"private":0,"password":""}