{"id":"gen9nationaldex-1999177120","p1":"Saltator","p2":"ResidentCraft","format":"[Gen 9] National Dex","log":"|html|<div class=\"broadcast-blue\"><strong>[Gen 9] National Dex is currently suspecting Sneasler! For information on how to participate check out the <a href=\"https:\/\/www.smogon.com\/forums\/threads\/sv-national-dex-suspect-8-just-dance.3731534\/\">suspect thread<\/a>.<\/strong><\/div>\n|j|\u2606Saltator\n|j|\u2606ResidentCraft\n|t:|1701041781\n|gametype|singles\n|player|p1|Saltator|ghetsis|1353\n|player|p2|ResidentCraft|red|1323\n|teamsize|p1|6\n|teamsize|p2|6\n|gen|9\n|tier|[Gen 9] National Dex\n|rated|\n|rule|HP Percentage Mod: HP is shown in percentages\n|rule|Endless Battle Clause: Forcing endless battles is banned\n|rule|OHKO Clause: OHKO moves are banned\n|rule|Evasion Clause: Evasion abilities, items, and moves are banned\n|rule|Evasion Abilities Clause: Evasion abilities are banned\n|rule|Evasion Items Clause: Evasion items are banned\n|rule|Evasion Moves Clause: Evasion moves are banned\n|rule|Species Clause: Limit one of each Pok\u00e9mon\n|rule|Sleep Clause Mod: Limit one foe put to sleep\n|clearpoke\n|poke|p1|Salazzle, F|\n|poke|p1|Magnemite, L1|\n|poke|p1|Probopass, L2, F|\n|poke|p1|Mandibuzz, F|\n|poke|p1|Nosepass, L1, M|\n|poke|p1|Tentacruel, F|\n|poke|p2|Corsola-Galar, F|\n|poke|p2|Garchomp, M|\n|poke|p2|Chansey, F|\n|poke|p2|Scizor, M|\n|poke|p2|Tapu Koko|\n|poke|p2|Rotom-Wash|\n|teampreview\n|inactive|Battle timer is ON: inactive players will automatically lose when time's up. (requested by ResidentCraft)\n|\n|t:|1701041783\n|start\n|switch|p1a: Sh\ud83d\udca9tsquid|Tentacruel, F|100\/100\n|switch|p2a: Rotom|Rotom-Wash|100\/100\n|turn|1\n|\n|t:|1701041787\n|move|p2a: Rotom|Volt Switch|p1a: Sh\ud83d\udca9tsquid\n|-supereffective|p1a: Sh\ud83d\udca9tsquid\n|-damage|p1a: Sh\ud83d\udca9tsquid|48\/100\n|\n|t:|1701041791\n|switch|p2a: Scizor|Scizor, M|100\/100|[from] Volt Switch\n|move|p1a: Sh\ud83d\udca9tsquid|Toxic|p2a: Scizor\n|-immune|p2a: Scizor\n|\n|-heal|p1a: Sh\ud83d\udca9tsquid|54\/100|[from] item: Leftovers\n|upkeep\n|turn|2\n|\n|t:|1701041799\n|switch|p1a: Sh\ud83d\udca9tbird|Mandibuzz, F|100\/100\n|detailschange|p2a: Scizor|Scizor-Mega, M\n|-mega|p2a: Scizor|Scizor|Scizorite\n|move|p2a: Scizor|U-turn|p1a: Sh\ud83d\udca9tbird\n|-damage|p1a: Sh\ud83d\udca9tbird|75\/100\n|\n|t:|1701041804\n|switch|p2a: Tapu Koko|Tapu Koko, shiny|100\/100|[from] U-turn\n|-fieldstart|move: Electric Terrain|[from] ability: Electric Surge|[of] p2a: Tapu Koko\n|\n|upkeep\n|turn|3\n|\n|t:|1701041814\n|-terastallize|p1a: Sh\ud83d\udca9tbird|Ground\n|move|p2a: Tapu Koko|Volt Switch|p1a: Sh\ud83d\udca9tbird\n|-immune|p1a: Sh\ud83d\udca9tbird\n|move|p1a: Sh\ud83d\udca9tbird|Toxic|p2a: Tapu Koko\n|-status|p2a: Tapu Koko|tox\n|\n|-damage|p2a: Tapu Koko|94\/100 tox|[from] psn\n|upkeep\n|turn|4\n|\n|t:|1701041822\n|switch|p2a: Chansey|Chansey, F|100\/100\n|move|p1a: Sh\ud83d\udca9tbird|Toxic|p2a: Chansey\n|-status|p2a: Chansey|tox\n|\n|-damage|p2a: Chansey|94\/100 tox|[from] psn\n|upkeep\n|turn|5\n|\n|t:|1701041826\n|switch|p1a: Sh\ud83d\udca9tsquid|Tentacruel, F|54\/100\n|move|p2a: Chansey|Teleport|p2a: Chansey\n|\n|t:|1701041831\n|-curestatus|p2a: Chansey|tox|[from] ability: Natural Cure\n|switch|p2a: Rotom|Rotom-Wash|100\/100|[from] Teleport\n|\n|-heal|p1a: Sh\ud83d\udca9tsquid|60\/100|[from] item: Leftovers\n|upkeep\n|turn|6\n|\n|t:|1701041836\n|move|p2a: Rotom|Volt Switch|p1a: Sh\ud83d\udca9tsquid\n|-supereffective|p1a: Sh\ud83d\udca9tsquid\n|-damage|p1a: Sh\ud83d\udca9tsquid|10\/100\n|\n|t:|1701041839\n|switch|p2a: Scizor|Scizor-Mega, M|100\/100|[from] Volt Switch\n|move|p1a: Sh\ud83d\udca9tsquid|Knock Off|p2a: Scizor\n|-damage|p2a: Scizor|93\/100\n|\n|-heal|p1a: Sh\ud83d\udca9tsquid|16\/100|[from] item: Leftovers\n|-fieldend|move: Electric Terrain\n|upkeep\n|turn|7\n|\n|t:|1701041845\n|move|p1a: Sh\ud83d\udca9tsquid|Scald|p2a: Scizor\n|-damage|p2a: Scizor|69\/100\n|move|p2a: Scizor|U-turn|p1a: Sh\ud83d\udca9tsquid\n|-resisted|p1a: Sh\ud83d\udca9tsquid\n|-damage|p1a: Sh\ud83d\udca9tsquid|0 fnt\n|faint|p1a: Sh\ud83d\udca9tsquid\n|\n|t:|1701041853\n|switch|p2a: Rotom|Rotom-Wash|100\/100|[from] U-turn\n|\n|upkeep\n|\n|t:|1701041859\n|switch|p1a: Literally Level 1|Magnemite, L1|100\/100\n|turn|8\n|\n|t:|1701041861\n|move|p1a: Literally Level 1|Protect|p1a: Literally Level 1\n|-singleturn|p1a: Literally Level 1|Protect\n|move|p2a: Rotom|Hydro Pump|p1a: Literally Level 1\n|-activate|p1a: Literally Level 1|move: Protect\n|\n|upkeep\n|turn|9\n|\n|t:|1701041888\n|move|p2a: Rotom|Hydro Pump|p1a: Literally Level 1\n|-ability|p1a: Literally Level 1|Sturdy\n|-damage|p1a: Literally Level 1|10\/100\n|-enditem|p1a: Literally Level 1|Berry Juice\n|-heal|p1a: Literally Level 1|100\/100|[from] item: Berry Juice\n|move|p1a: Literally Level 1|Recycle|p1a: Literally Level 1\n|-item|p1a: Literally Level 1|Berry Juice|[from] move: Recycle\n|\n|upkeep\n|turn|10\n|\n|t:|1701041902\n|move|p2a: Rotom|Hydro Pump|p1a: Literally Level 1\n|-ability|p1a: Literally Level 1|Sturdy\n|-damage|p1a: Literally Level 1|10\/100\n|-enditem|p1a: Literally Level 1|Berry Juice\n|-heal|p1a: Literally Level 1|100\/100|[from] item: Berry Juice\n|move|p1a: Literally Level 1|Toxic|p2a: Rotom\n|-status|p2a: Rotom|tox\n|\n|-damage|p2a: Rotom|94\/100 tox|[from] psn\n|upkeep\n|turn|11\n|\n|t:|1701041914\n|switch|p2a: Corsola|Corsola-Galar, F|100\/100\n|move|p1a: Literally Level 1|Recycle|p1a: Literally Level 1\n|-item|p1a: Literally Level 1|Berry Juice|[from] move: Recycle\n|\n|upkeep\n|turn|12\n|c|\u2606ResidentCraft|Wtf is that\n|\n|t:|1701041940\n|switch|p1a: No Fun Allowed|Salazzle, F|100\/100\n|move|p2a: Corsola|Whirlpool|p1a: No Fun Allowed\n|-supereffective|p1a: No Fun Allowed\n|-damage|p1a: No Fun Allowed|77\/100\n|-activate|p1a: No Fun Allowed|move: Whirlpool|[of] p2a: Corsola\n|\n|-heal|p1a: No Fun Allowed|83\/100|[from] item: Leftovers\n|-damage|p1a: No Fun Allowed|71\/100|[from] move: Whirlpool|[partiallytrapped]\n|upkeep\n|turn|13\n|c|\u2606Saltator|magnmeite\n|c|\u2606Saltator|!dt magnemite\n|raw|<div class=\"message\"><ul class=\"utilichart\"><li class=\"result\"><span class=\"col numcol\">LC<\/span> <span class=\"col iconcol\"><psicon pokemon=\"magnemite\"\/><\/span> <span class=\"col pokemonnamecol\" style=\"white-space:nowrap\"><a href=\"https:\/\/dex.pokemonshowdown.com\/pokemon\/magnemite\" target=\"_blank\">Magnemite<\/a><\/span> <span class=\"col typecol\"><img src=\"https:\/\/play.pokemonshowdown.com\/sprites\/types\/Electric.png\" alt=\"Electric\" height=\"14\" width=\"32\"><img src=\"https:\/\/play.pokemonshowdown.com\/sprites\/types\/Steel.png\" alt=\"Steel\" height=\"14\" width=\"32\"><\/span> <span style=\"float:left;min-height:26px\"><span class=\"col twoabilitycol\">Magnet Pull<br \/>Sturdy<\/span><span class=\"col abilitycol\"><em>Analytic<\/em><\/span><\/span><span style=\"float:left;min-height:26px\"><span class=\"col statcol\"><em>HP<\/em><br \/>25<\/span> <span class=\"col statcol\"><em>Atk<\/em><br \/>35<\/span> <span class=\"col statcol\"><em>Def<\/em><br \/>70<\/span> <span class=\"col statcol\"><em>SpA<\/em><br \/>95<\/span> <span class=\"col statcol\"><em>SpD<\/em><br \/>55<\/span> <span class=\"col statcol\"><em>Spe<\/em><br \/>45<\/span> <span class=\"col bstcol\"><em>BST<br \/>325<\/em><\/span> <\/span><\/li><li style=\"clear:both\"><\/li><\/ul><\/div>\n|raw|<font size=\"1\"><font color=\"#686868\">Dex#:<\/font> 81&nbsp;|&ThickSpace;<font color=\"#686868\">Gen:<\/font> 1&nbsp;|&ThickSpace;<font color=\"#686868\">Height:<\/font> 0.3 m&nbsp;|&ThickSpace;<font color=\"#686868\">Weight:<\/font> 6 kg <em>(20 BP)<\/em>&nbsp;|&ThickSpace;<font color=\"#686868\">Dex Colour:<\/font> Gray&nbsp;|&ThickSpace;<font color=\"#686868\">Egg Group(s):<\/font> Mineral&nbsp;|&ThickSpace;<font color=\"#686868\">Evolution:<\/font> Magneton (30)<\/font>\n\n|\n|t:|1701041949\n|move|p1a: No Fun Allowed|Toxic|p2a: Corsola\n|-status|p2a: Corsola|tox\n|move|p2a: Corsola|Night Shade|p1a: No Fun Allowed\n|-damage|p1a: No Fun Allowed|34\/100\n|\n|-heal|p1a: No Fun Allowed|41\/100|[from] item: Leftovers\n|-damage|p2a: Corsola|94\/100 tox|[from] psn\n|-damage|p1a: No Fun Allowed|28\/100|[from] move: Whirlpool|[partiallytrapped]\n|upkeep\n|turn|14\n|\n|t:|1701041956\n|move|p1a: No Fun Allowed|Protect|p1a: No Fun Allowed\n|-singleturn|p1a: No Fun Allowed|Protect\n|move|p2a: Corsola|Strength Sap|p1a: No Fun Allowed\n|-activate|p1a: No Fun Allowed|move: Protect\n|\n|-heal|p1a: No Fun Allowed|34\/100|[from] item: Leftovers\n|-damage|p2a: Corsola|82\/100 tox|[from] psn\n|-damage|p1a: No Fun Allowed|22\/100|[from] move: Whirlpool|[partiallytrapped]\n|upkeep\n|turn|15\n|\n|t:|1701041965\n|move|p1a: No Fun Allowed|Flamethrower|p2a: Corsola\n|-damage|p2a: Corsola|54\/100 tox\n|move|p2a: Corsola|Strength Sap|p1a: No Fun Allowed\n|-unboost|p1a: No Fun Allowed|atk|1\n|-heal|p2a: Corsola|91\/100 tox\n|\n|-heal|p1a: No Fun Allowed|28\/100|[from] item: Leftovers\n|-damage|p2a: Corsola|72\/100 tox|[from] psn\n|-damage|p1a: No Fun Allowed|16\/100|[from] move: Whirlpool|[partiallytrapped]\n|upkeep\n|turn|16\n|\n|t:|1701041972\n|move|p1a: No Fun Allowed|Protect|p1a: No Fun Allowed\n|-singleturn|p1a: No Fun Allowed|Protect\n|move|p2a: Corsola|Strength Sap|p1a: No Fun Allowed\n|-activate|p1a: No Fun Allowed|move: Protect\n|\n|-heal|p1a: No Fun Allowed|22\/100|[from] item: Leftovers\n|-damage|p2a: Corsola|48\/100 tox|[from] psn\n|-end|p1a: No Fun Allowed|Whirlpool|[partiallytrapped]\n|upkeep\n|turn|17\n|c|\u2606Saltator|thx\n|\n|t:|1701041979\n|switch|p1a: Sh\ud83d\udca9tbird|Mandibuzz, F, tera:Ground|75\/100\n|switch|p2a: Chansey|Chansey, F|94\/100\n|\n|upkeep\n|turn|18\n|-message|ResidentCraft forfeited.\n|\n|win|Saltator\n|raw|Saltator's rating: 1323 &rarr; <strong>1343<\/strong><br \/>(+20 for winning)\n|raw|ResidentCraft's rating: 1323 &rarr; <strong>1303<\/strong><br \/>(-20 for losing)\n|l|\u2606ResidentCraft\n","uploadtime":1701041994,"views":1,"p1id":"saltator","p2id":"residentcraft","formatid":"gen9nationaldex","rating":1303,"private":0,"password":""}