{"id":"gen9nationaldex-1996366170","p1":"Eirg","p2":"ghostkinggengar","format":"[Gen 9] National Dex","log":"|html|<div class=\"broadcast-blue\"><strong>[Gen 9] National Dex is currently suspecting Sneasler! For information on how to participate check out the <a href=\"https:\/\/www.smogon.com\/forums\/threads\/sv-national-dex-suspect-8-just-dance.3731534\/\">suspect thread<\/a>.<\/strong><\/div>\n|j|\u2606Eirg\n|j|\u2606ghostkinggengar\n|t:|1700675175\n|gametype|singles\n|player|p1|Eirg|winona|1750\n|player|p2|ghostkinggengar|swimmerf|1750\n|teamsize|p1|6\n|teamsize|p2|6\n|gen|9\n|tier|[Gen 9] National Dex\n|rated|\n|rule|HP Percentage Mod: HP is shown in percentages\n|rule|Endless Battle Clause: Forcing endless battles is banned\n|rule|OHKO Clause: OHKO moves are banned\n|rule|Evasion Clause: Evasion abilities, items, and moves are banned\n|rule|Evasion Abilities Clause: Evasion abilities are banned\n|rule|Evasion Items Clause: Evasion items are banned\n|rule|Evasion Moves Clause: Evasion moves are banned\n|rule|Species Clause: Limit one of each Pok\u00e9mon\n|rule|Sleep Clause Mod: Limit one foe put to sleep\n|clearpoke\n|poke|p1|Corviknight, M|\n|poke|p1|Greninja-*, M|\n|poke|p1|Garchomp, M|\n|poke|p1|Charizard, F|\n|poke|p1|Grafaiai, M|\n|poke|p1|Ogerpon-Wellspring, F|\n|poke|p2|Slowbro, F|\n|poke|p2|Ursaluna, F|\n|poke|p2|Blacephalon|\n|poke|p2|Empoleon, M|\n|poke|p2|Garchomp, M|\n|poke|p2|Ferrothorn, F|\n|teampreview\n|inactive|Battle timer is ON: inactive players will automatically lose when time's up. (requested by Eirg)\n|\n|t:|1700675198\n|start\n|switch|p1a: Greninja|Greninja, M|100\/100\n|switch|p2a: Garchomp|Garchomp, M|100\/100\n|turn|1\n|\n|t:|1700675201\n|switch|p2a: Empoleon|Empoleon, M|100\/100\n|move|p1a: Greninja|Ice Beam|p2a: Empoleon\n|-start|p1a: Greninja|typechange|Ice|[from] ability: Protean\n|-resisted|p2a: Empoleon\n|-damage|p2a: Empoleon|90\/100\n|\n|-heal|p2a: Empoleon|96\/100|[from] item: Leftovers\n|upkeep\n|turn|2\n|\n|t:|1700675209\n|switch|p1a: Grafaiai|Grafaiai, M|100\/100\n|move|p2a: Empoleon|Scald|p1a: Grafaiai\n|-damage|p1a: Grafaiai|62\/100\n|-status|p1a: Grafaiai|brn\n|\n|-heal|p1a: Grafaiai|68\/100 brn|[from] item: Leftovers\n|-heal|p2a: Empoleon|100\/100|[from] item: Leftovers\n|-damage|p1a: Grafaiai|62\/100 brn|[from] brn\n|upkeep\n|turn|3\n|\n|t:|1700675218\n|move|p1a: Grafaiai|Knock Off|p2a: Empoleon\n|-damage|p2a: Empoleon|89\/100\n|-enditem|p2a: Empoleon|Leftovers|[from] move: Knock Off|[of] p1a: Grafaiai\n|move|p2a: Empoleon|Flip Turn|p1a: Grafaiai\n|-damage|p1a: Grafaiai|36\/100 brn\n|inactive|ghostkinggengar has 120 seconds left.\n|\n|t:|1700675252\n|switch|p2a: Ursaluna|Ursaluna, F|100\/100|[from] Flip Turn\n|\n|-heal|p1a: Grafaiai|42\/100 brn|[from] item: Leftovers\n|-damage|p1a: Grafaiai|36\/100 brn|[from] brn\n|-status|p2a: Ursaluna|brn|[from] item: Flame Orb\n|upkeep\n|turn|4\n|\n|t:|1700675267\n|move|p1a: Grafaiai|U-turn|p2a: Ursaluna\n|-damage|p2a: Ursaluna|95\/100 brn\n|\n|t:|1700675268\n|switch|p1a: Corviknight|Corviknight, M, shiny|100\/100|[from] U-turn\n|move|p2a: Ursaluna|Facade|p1a: Corviknight\n|-resisted|p1a: Corviknight\n|-damage|p1a: Corviknight|65\/100\n|-damage|p2a: Ursaluna|78\/100 brn|[from] item: Rocky Helmet|[of] p1a: Corviknight\n|\n|-damage|p2a: Ursaluna|72\/100 brn|[from] brn\n|upkeep\n|turn|5\n|\n|t:|1700675276\n|switch|p2a: Blacephalon|Blacephalon|100\/100\n|move|p1a: Corviknight|Iron Defense|p1a: Corviknight\n|-boost|p1a: Corviknight|def|2\n|\n|upkeep\n|turn|6\n|\n|t:|1700675285\n|switch|p1a: Grafaiai|Grafaiai, M|36\/100 brn\n|move|p2a: Blacephalon|Shadow Ball|p1a: Grafaiai\n|-immune|p1a: Grafaiai\n|\n|-heal|p1a: Grafaiai|42\/100 brn|[from] item: Leftovers\n|-damage|p1a: Grafaiai|36\/100 brn|[from] brn\n|upkeep\n|turn|7\n|\n|t:|1700675296\n|switch|p2a: Empoleon|Empoleon, M|89\/100\n|move|p1a: Grafaiai|U-turn|p2a: Empoleon\n|-resisted|p2a: Empoleon\n|-damage|p2a: Empoleon|85\/100\n|\n|t:|1700675318\n|switch|p1a: Ogerpon|Ogerpon-Wellspring, F|100\/100|[from] U-turn\n|\n|upkeep\n|turn|8\n|\n|t:|1700675344\n|switch|p2a: Slowbro|Slowbro, F|100\/100\n|move|p1a: Ogerpon|Swords Dance|p1a: Ogerpon\n|-boost|p1a: Ogerpon|atk|2\n|\n|upkeep\n|turn|9\n|\n|t:|1700675349\n|-terastallize|p2a: Slowbro|Fairy\n|move|p1a: Ogerpon|Horn Leech|p2a: Slowbro\n|-damage|p2a: Slowbro|51\/100\n|-damage|p1a: Ogerpon|84\/100|[from] item: Rocky Helmet|[of] p2a: Slowbro\n|move|p2a: Slowbro|Trick Room|p2a: Slowbro\n|-fieldstart|move: Trick Room|[of] p2a: Slowbro\n|\n|upkeep\n|turn|10\n|j| Floppy_Bananas\n|\n|t:|1700675372\n|switch|p2a: Empoleon|Empoleon, M|85\/100\n|move|p1a: Ogerpon|Ivy Cudgel|p2a: Empoleon|[anim] Ivy Cudgel Water\n|-resisted|p2a: Empoleon\n|-damage|p2a: Empoleon|20\/100\n|\n|upkeep\n|turn|11\n|\n|t:|1700675379\n|move|p2a: Empoleon|Roost|p2a: Empoleon\n|-heal|p2a: Empoleon|70\/100\n|-singleturn|p2a: Empoleon|move: Roost\n|move|p1a: Ogerpon|Horn Leech|p2a: Empoleon\n|-damage|p2a: Empoleon|0 fnt\n|-heal|p1a: Ogerpon|100\/100|[from] drain|[of] p2a: Empoleon\n|faint|p2a: Empoleon\n|\n|upkeep\n|\n|t:|1700675382\n|switch|p2a: Ursaluna|Ursaluna, F|72\/100 brn\n|turn|12\n|\n|t:|1700675393\n|switch|p1a: Corviknight|Corviknight, M, shiny|65\/100\n|move|p2a: Ursaluna|Facade|p1a: Corviknight\n|-resisted|p1a: Corviknight\n|-damage|p1a: Corviknight|29\/100\n|-damage|p2a: Ursaluna|55\/100 brn|[from] item: Rocky Helmet|[of] p1a: Corviknight\n|\n|-damage|p2a: Ursaluna|49\/100 brn|[from] brn\n|upkeep\n|turn|13\n|\n|t:|1700675399\n|move|p2a: Ursaluna|Facade|p1a: Corviknight\n|-resisted|p1a: Corviknight\n|-damage|p1a: Corviknight|0 fnt\n|-damage|p2a: Ursaluna|33\/100 brn|[from] item: Rocky Helmet|[of] p1a: Corviknight\n|faint|p1a: Corviknight\n|\n|-damage|p2a: Ursaluna|27\/100 brn|[from] brn\n|-fieldend|move: Trick Room\n|upkeep\n|\n|t:|1700675404\n|switch|p1a: Greninja|Greninja, M|100\/100\n|turn|14\n|\n|t:|1700675414\n|switch|p2a: Ferrothorn|Ferrothorn, F|100\/100\n|move|p1a: Greninja|Ice Beam|p2a: Ferrothorn\n|-start|p1a: Greninja|typechange|Ice|[from] ability: Protean\n|-damage|p2a: Ferrothorn|58\/100\n|\n|-heal|p2a: Ferrothorn|64\/100|[from] item: Leftovers\n|upkeep\n|turn|15\n|\n|t:|1700675422\n|move|p1a: Greninja|Ice Beam|p2a: Ferrothorn\n|-damage|p2a: Ferrothorn|23\/100\n|move|p2a: Ferrothorn|Gyro Ball|p1a: Greninja\n|-supereffective|p1a: Greninja\n|-damage|p1a: Greninja|0 fnt\n|faint|p1a: Greninja\n|\n|-heal|p2a: Ferrothorn|29\/100|[from] item: Leftovers\n|upkeep\n|\n|t:|1700675428\n|switch|p1a: Garchomp|Garchomp, M|100\/100\n|turn|16\n|\n|t:|1700675433\n|switch|p2a: Slowbro|Slowbro, F, tera:Fairy|84\/100\n|move|p1a: Garchomp|Swords Dance|p1a: Garchomp\n|-boost|p1a: Garchomp|atk|2\n|\n|upkeep\n|turn|17\n|\n|t:|1700675440\n|move|p1a: Garchomp|Iron Head|p2a: Slowbro\n|-supereffective|p2a: Slowbro\n|-damage|p2a: Slowbro|19\/100\n|-damage|p1a: Garchomp|84\/100|[from] item: Rocky Helmet|[of] p2a: Slowbro\n|move|p2a: Slowbro|Trick Room|p2a: Slowbro\n|-fieldstart|move: Trick Room|[of] p2a: Slowbro\n|\n|upkeep\n|turn|18\n|\n|t:|1700675447\n|switch|p2a: Ferrothorn|Ferrothorn, F|29\/100\n|move|p1a: Garchomp|Earthquake|p2a: Ferrothorn\n|-damage|p2a: Ferrothorn|0 fnt\n|faint|p2a: Ferrothorn\n|\n|upkeep\n|\n|t:|1700675454\n|switch|p2a: Ursaluna|Ursaluna, F|27\/100 brn\n|turn|19\n|\n|t:|1700675458\n|move|p2a: Ursaluna|Facade|p1a: Garchomp\n|-damage|p1a: Garchomp|0 fnt\n|-damage|p2a: Ursaluna|14\/100 brn|[from] ability: Rough Skin|[of] p1a: Garchomp\n|faint|p1a: Garchomp\n|\n|-damage|p2a: Ursaluna|8\/100 brn|[from] brn\n|upkeep\n|\n|t:|1700675463\n|switch|p1a: Grafaiai|Grafaiai, M|36\/100 brn\n|turn|20\n|\n|t:|1700675480\n|move|p2a: Ursaluna|Facade|p1a: Grafaiai\n|-damage|p1a: Grafaiai|0 fnt\n|faint|p1a: Grafaiai\n|\n|-damage|p2a: Ursaluna|2\/100 brn|[from] brn\n|upkeep\n|\n|t:|1700675485\n|switch|p1a: Charizard|Charizard, F|100\/100\n|turn|21\n|\n|t:|1700675489\n|detailschange|p1a: Charizard|Charizard-Mega-Y, F\n|-mega|p1a: Charizard|Charizard|Charizardite Y\n|-weather|SunnyDay|[from] ability: Drought|[of] p1a: Charizard\n|move|p2a: Ursaluna|Facade|p1a: Charizard\n|-damage|p1a: Charizard|0 fnt\n|faint|p1a: Charizard\n|\n|-weather|SunnyDay|[upkeep]\n|-damage|p2a: Ursaluna|0 fnt|[from] brn\n|faint|p2a: Ursaluna\n|-fieldend|move: Trick Room\n|upkeep\n|\n|t:|1700675508\n|switch|p1a: Ogerpon|Ogerpon-Wellspring, F|100\/100\n|switch|p2a: Garchomp|Garchomp, M|100\/100\n|turn|22\n|\n|t:|1700675513\n|move|p1a: Ogerpon|Swords Dance|p1a: Ogerpon\n|-boost|p1a: Ogerpon|atk|2\n|-zpower|p2a: Garchomp\n|move|p2a: Garchomp|Devastating Drake|p1a: Ogerpon|[zeffect]\n|-damage|p1a: Ogerpon|0 fnt\n|faint|p1a: Ogerpon\n|\n|win|ghostkinggengar\n|raw|Eirg's rating: 1750 &rarr; <strong>1730<\/strong><br \/>(-20 for losing)\n|raw|ghostkinggengar's rating: 1750 &rarr; <strong>1770<\/strong><br \/>(+20 for winning)\n|l|\u2606Eirg\n","uploadtime":1700675524,"views":1,"p1id":"eirg","p2id":"ghostkinggengar","formatid":"gen9nationaldex","rating":1730,"private":0,"password":""}