{"id":"gen9nationaldex-1995964906","p1":"h0t water","p2":"ClassicPatrick55","format":"[Gen 9] National Dex","log":"|html|<div class=\"broadcast-blue\"><strong>[Gen 9] National Dex is currently suspecting Sneasler! For information on how to participate check out the <a href=\"https:\/\/www.smogon.com\/forums\/threads\/sv-national-dex-suspect-8-just-dance.3731534\/\">suspect thread<\/a>.<\/strong><\/div>\n|j|\u2606h0t water\n|j|\u2606ClassicPatrick55\n|t:|1700622860\n|gametype|singles\n|player|p1|h0t water|2|1183\n|player|p2|ClassicPatrick55|steven|1274\n|teamsize|p1|6\n|teamsize|p2|6\n|gen|9\n|tier|[Gen 9] National Dex\n|rated|\n|rule|HP Percentage Mod: HP is shown in percentages\n|rule|Endless Battle Clause: Forcing endless battles is banned\n|rule|OHKO Clause: OHKO moves are banned\n|rule|Evasion Clause: Evasion abilities, items, and moves are banned\n|rule|Evasion Abilities Clause: Evasion abilities are banned\n|rule|Evasion Items Clause: Evasion items are banned\n|rule|Evasion Moves Clause: Evasion moves are banned\n|rule|Species Clause: Limit one of each Pok\u00e9mon\n|rule|Sleep Clause Mod: Limit one foe put to sleep\n|clearpoke\n|poke|p1|Iron Valiant|\n|poke|p1|Ribombee, M|\n|poke|p1|Uxie|\n|poke|p1|Blaziken, M|\n|poke|p1|Inteleon, F|\n|poke|p1|Haxorus, F|\n|poke|p2|Ceruledge, M|\n|poke|p2|Great Tusk|\n|poke|p2|Sneasler, M|\n|poke|p2|Dragonite, F|\n|poke|p2|Clefable, M|\n|poke|p2|Garganacl, F|\n|teampreview\n|inactive|Battle timer is ON: inactive players will automatically lose when time's up. (requested by ClassicPatrick55)\n|inactive|h0t water also wants the timer to be on.\n|\n|t:|1700622889\n|start\n|switch|p1a: Uxie|Uxie|100\/100\n|switch|p2a: Sneasler|Sneasler, M|100\/100\n|turn|1\n|\n|t:|1700622896\n|move|p2a: Sneasler|Fake Out|p1a: Uxie\n|-damage|p1a: Uxie|89\/100\n|-status|p1a: Uxie|psn|[from] ability: Poison Touch|[of] p2a: Sneasler\n|cant|p1a: Uxie|flinch\n|\n|-damage|p1a: Uxie|77\/100 psn|[from] psn\n|upkeep\n|turn|2\n|\n|t:|1700622916\n|switch|p2a: Clefable|Clefable, M|100\/100\n|move|p1a: Uxie|Trick|p2a: Clefable\n|-activate|p1a: Uxie|move: Trick|[of] p2a: Clefable\n|-item|p2a: Clefable|Choice Scarf|[from] move: Trick\n|-item|p1a: Uxie|Leftovers|[from] move: Trick\n|\n|-heal|p1a: Uxie|83\/100 psn|[from] item: Leftovers\n|-damage|p1a: Uxie|71\/100 psn|[from] psn\n|upkeep\n|turn|3\n|\n|t:|1700622926\n|move|p1a: Uxie|Stealth Rock|p2a: Clefable\n|-sidestart|p2: ClassicPatrick55|move: Stealth Rock\n|move|p2a: Clefable|Knock Off|p1a: Uxie\n|-supereffective|p1a: Uxie\n|-damage|p1a: Uxie|48\/100 psn\n|-enditem|p1a: Uxie|Leftovers|[from] move: Knock Off|[of] p2a: Clefable\n|\n|-damage|p1a: Uxie|35\/100 psn|[from] psn\n|upkeep\n|turn|4\n|\n|t:|1700622934\n|move|p1a: Uxie|Thunder Wave|p2a: Clefable\n|-status|p2a: Clefable|par\n|move|p2a: Clefable|Knock Off|p1a: Uxie\n|-supereffective|p1a: Uxie\n|-damage|p1a: Uxie|18\/100 psn\n|\n|-damage|p1a: Uxie|6\/100 psn|[from] psn\n|upkeep\n|turn|5\n|\n|t:|1700622942\n|move|p1a: Uxie|Memento|p2a: Clefable\n|-unboost|p2a: Clefable|atk|2\n|-unboost|p2a: Clefable|spa|2\n|faint|p1a: Uxie\n|cant|p2a: Clefable|par\n|\n|upkeep\n|\n|t:|1700622948\n|switch|p1a: Blaziken|Blaziken, M|100\/100\n|turn|6\n|\n|t:|1700622952\n|move|p1a: Blaziken|Swords Dance|p1a: Blaziken\n|-boost|p1a: Blaziken|atk|2\n|move|p2a: Clefable|Knock Off|p1a: Blaziken\n|-resisted|p1a: Blaziken\n|-damage|p1a: Blaziken|95\/100\n|-enditem|p1a: Blaziken|Focus Sash|[from] move: Knock Off|[of] p2a: Clefable\n|\n|-ability|p1a: Blaziken|Speed Boost|boost\n|-boost|p1a: Blaziken|spe|1\n|upkeep\n|turn|7\n|\n|t:|1700622960\n|switch|p2a: Garganacl|Garganacl, F, shiny|100\/100\n|-damage|p2a: Garganacl|88\/100|[from] Stealth Rock\n|move|p1a: Blaziken|Swords Dance|p1a: Blaziken\n|-boost|p1a: Blaziken|atk|2\n|\n|-heal|p2a: Garganacl|94\/100|[from] item: Leftovers\n|-ability|p1a: Blaziken|Speed Boost|boost\n|-boost|p1a: Blaziken|spe|1\n|upkeep\n|turn|8\n|\n|t:|1700622966\n|-terastallize|p2a: Garganacl|Flying\n|move|p1a: Blaziken|Protect|p1a: Blaziken\n|-singleturn|p1a: Blaziken|Protect\n|move|p2a: Garganacl|Salt Cure|p1a: Blaziken\n|-activate|p1a: Blaziken|move: Protect\n|\n|-heal|p2a: Garganacl|100\/100|[from] item: Leftovers\n|-ability|p1a: Blaziken|Speed Boost|boost\n|-boost|p1a: Blaziken|spe|1\n|upkeep\n|turn|9\n|\n|t:|1700622973\n|move|p1a: Blaziken|Blaze Kick|p2a: Garganacl\n|-damage|p2a: Garganacl|21\/100\n|move|p2a: Garganacl|Salt Cure|p1a: Blaziken\n|-damage|p1a: Blaziken|74\/100\n|-start|p1a: Blaziken|Salt Cure\n|\n|-heal|p2a: Garganacl|27\/100|[from] item: Leftovers\n|-damage|p1a: Blaziken|62\/100|[from] Salt Cure\n|-ability|p1a: Blaziken|Speed Boost|boost\n|-boost|p1a: Blaziken|spe|1\n|upkeep\n|turn|10\n|\n|t:|1700622983\n|move|p2a: Garganacl|Protect|p2a: Garganacl\n|-singleturn|p2a: Garganacl|Protect\n|move|p1a: Blaziken|Blaze Kick|p2a: Garganacl\n|-activate|p2a: Garganacl|move: Protect\n|\n|-heal|p2a: Garganacl|34\/100|[from] item: Leftovers\n|-damage|p1a: Blaziken|50\/100|[from] Salt Cure\n|-ability|p1a: Blaziken|Speed Boost|boost\n|-boost|p1a: Blaziken|spe|1\n|upkeep\n|turn|11\n|\n|t:|1700622994\n|move|p1a: Blaziken|Blaze Kick|p2a: Garganacl|[miss]\n|-miss|p1a: Blaziken|p2a: Garganacl\n|move|p2a: Garganacl|Recover|p2a: Garganacl\n|-heal|p2a: Garganacl|84\/100\n|\n|-heal|p2a: Garganacl|90\/100|[from] item: Leftovers\n|-damage|p1a: Blaziken|37\/100|[from] Salt Cure\n|-ability|p1a: Blaziken|Speed Boost|boost\n|-boost|p1a: Blaziken|spe|1\n|upkeep\n|turn|12\n|\n|t:|1700623005\n|move|p2a: Garganacl|Protect|p2a: Garganacl\n|-singleturn|p2a: Garganacl|Protect\n|move|p1a: Blaziken|Swords Dance|p1a: Blaziken\n|-boost|p1a: Blaziken|atk|2\n|\n|-heal|p2a: Garganacl|96\/100|[from] item: Leftovers\n|-damage|p1a: Blaziken|25\/100|[from] Salt Cure\n|upkeep\n|turn|13\n|\n|t:|1700623013\n|move|p1a: Blaziken|Blaze Kick|p2a: Garganacl\n|-damage|p2a: Garganacl|0 fnt\n|faint|p2a: Garganacl\n|\n|-damage|p1a: Blaziken|13\/100|[from] Salt Cure\n|upkeep\n|\n|t:|1700623019\n|switch|p2a: Sneasler|Sneasler, M|100\/100\n|-damage|p2a: Sneasler|95\/100|[from] Stealth Rock\n|turn|14\n|\n|t:|1700623022\n|move|p1a: Blaziken|Protect|p1a: Blaziken\n|-singleturn|p1a: Blaziken|Protect\n|move|p2a: Sneasler|Fake Out|p1a: Blaziken\n|-activate|p1a: Blaziken|move: Protect\n|\n|-heal|p2a: Sneasler|100\/100|[from] item: Black Sludge\n|-damage|p1a: Blaziken|0 fnt|[from] Salt Cure\n|faint|p1a: Blaziken\n|upkeep\n|\n|t:|1700623038\n|switch|p1a: Ribombee|Ribombee, M|100\/100\n|turn|15\n|\n|t:|1700623043\n|move|p1a: Ribombee|Sticky Web|p2a: Sneasler\n|-sidestart|p2: ClassicPatrick55|move: Sticky Web\n|move|p2a: Sneasler|Dire Claw|p1a: Ribombee\n|-supereffective|p1a: Ribombee\n|-enditem|p1a: Ribombee|Focus Sash\n|-damage|p1a: Ribombee|1\/100\n|\n|upkeep\n|turn|16\n|\n|t:|1700623050\n|move|p1a: Ribombee|Stun Spore|p2a: Sneasler\n|-status|p2a: Sneasler|par\n|move|p2a: Sneasler|Dire Claw|p1a: Ribombee\n|-supereffective|p1a: Ribombee\n|-damage|p1a: Ribombee|0 fnt\n|faint|p1a: Ribombee\n|\n|upkeep\n|\n|t:|1700623059\n|switch|p1a: Inteleon|Inteleon, F|100\/100\n|turn|17\n|\n|t:|1700623062\n|move|p1a: Inteleon|Focus Energy|p1a: Inteleon\n|-start|p1a: Inteleon|move: Focus Energy\n|move|p2a: Sneasler|Switcheroo|p1a: Inteleon\n|-activate|p2a: Sneasler|move: Trick|[of] p1a: Inteleon\n|-item|p1a: Inteleon|Black Sludge|[from] move: Switcheroo\n|-item|p2a: Sneasler|Scope Lens|[from] move: Switcheroo\n|\n|-damage|p1a: Inteleon|88\/100|[from] item: Black Sludge\n|upkeep\n|turn|18\n|\n|t:|1700623070\n|move|p1a: Inteleon|Snipe Shot|p2a: Sneasler\n|-crit|p2a: Sneasler\n|-damage|p2a: Sneasler|0 fnt\n|faint|p2a: Sneasler\n|\n|-damage|p1a: Inteleon|76\/100|[from] item: Black Sludge\n|upkeep\n|\n|t:|1700623076\n|switch|p2a: Great Tusk|Great Tusk|100\/100\n|-damage|p2a: Great Tusk|98\/100|[from] Stealth Rock\n|-activate|p2a: Great Tusk|move: Sticky Web\n|-unboost|p2a: Great Tusk|spe|1\n|-enditem|p2a: Great Tusk|Booster Energy\n|-activate|p2a: Great Tusk|ability: Protosynthesis|[fromitem]\n|-start|p2a: Great Tusk|protosynthesisatk\n|turn|19\n|\n|t:|1700623080\n|move|p1a: Inteleon|Snipe Shot|p2a: Great Tusk\n|-supereffective|p2a: Great Tusk\n|-crit|p2a: Great Tusk\n|-damage|p2a: Great Tusk|0 fnt\n|faint|p2a: Great Tusk\n|-end|p2a: Great Tusk|Protosynthesis|[silent]\n|\n|-damage|p1a: Inteleon|63\/100|[from] item: Black Sludge\n|upkeep\n|\n|t:|1700623084\n|switch|p2a: Clefable|Clefable, M|100\/100 par\n|-activate|p2a: Clefable|move: Sticky Web\n|-unboost|p2a: Clefable|spe|1\n|turn|20\n|\n|t:|1700623090\n|move|p1a: Inteleon|Snipe Shot|p2a: Clefable\n|-crit|p2a: Clefable\n|-damage|p2a: Clefable|36\/100 par\n|move|p2a: Clefable|Thunder Wave|p1a: Inteleon\n|-status|p1a: Inteleon|par\n|\n|-damage|p1a: Inteleon|51\/100 par|[from] item: Black Sludge\n|upkeep\n|turn|21\n|\n|t:|1700623095\n|switch|p2a: Ceruledge|Ceruledge, M|100\/100\n|-damage|p2a: Ceruledge|76\/100|[from] Stealth Rock\n|-activate|p2a: Ceruledge|move: Sticky Web\n|-unboost|p2a: Ceruledge|spe|1\n|move|p1a: Inteleon|Snipe Shot|p2a: Ceruledge\n|-supereffective|p2a: Ceruledge\n|-crit|p2a: Ceruledge\n|-damage|p2a: Ceruledge|0 fnt\n|faint|p2a: Ceruledge\n|\n|-damage|p1a: Inteleon|38\/100 par|[from] item: Black Sludge\n|upkeep\n|\n|t:|1700623098\n|switch|p2a: Clefable|Clefable, M|36\/100 par\n|-activate|p2a: Clefable|move: Sticky Web\n|-unboost|p2a: Clefable|spe|1\n|turn|22\n|\n|t:|1700623103\n|cant|p1a: Inteleon|par\n|cant|p2a: Clefable|par\n|\n|-damage|p1a: Inteleon|26\/100 par|[from] item: Black Sludge\n|upkeep\n|turn|23\n|\n|t:|1700623107\n|cant|p1a: Inteleon|par\n|move|p2a: Clefable|Wish|p2a: Clefable\n|\n|-damage|p1a: Inteleon|13\/100 par|[from] item: Black Sludge\n|upkeep\n|turn|24\n|\n|t:|1700623114\n|switch|p2a: Dragonite|Dragonite, F|100\/100\n|-damage|p2a: Dragonite|76\/100|[from] Stealth Rock\n|cant|p1a: Inteleon|par\n|\n|-heal|p2a: Dragonite|100\/100|[from] move: Wish|[wisher] Clefable\n|-damage|p1a: Inteleon|1\/100 par|[from] item: Black Sludge\n|upkeep\n|turn|25\n|\n|t:|1700623119\n|move|p2a: Dragonite|Extreme Speed|p1a: Inteleon\n|-damage|p1a: Inteleon|0 fnt\n|faint|p1a: Inteleon\n|\n|upkeep\n|\n|t:|1700623127\n|switch|p1a: Haxorus|Haxorus, F|100\/100\n|-ability|p1a: Haxorus|Mold Breaker\n|turn|26\n|\n|t:|1700623136\n|-terastallize|p1a: Haxorus|Steel\n|move|p1a: Haxorus|Scale Shot|p2a: Dragonite\n|-supereffective|p2a: Dragonite\n|-damage|p2a: Dragonite|67\/100\n|-enditem|p2a: Dragonite|Weakness Policy\n|-boost|p2a: Dragonite|atk|2|[from] item: Weakness Policy\n|-boost|p2a: Dragonite|spa|2|[from] item: Weakness Policy\n|-supereffective|p2a: Dragonite\n|-damage|p2a: Dragonite|35\/100\n|-supereffective|p2a: Dragonite\n|-damage|p2a: Dragonite|3\/100\n|-supereffective|p2a: Dragonite\n|-damage|p2a: Dragonite|0 fnt\n|faint|p2a: Dragonite\n|-hitcount|p2: Dragonite|4\n|-unboost|p1a: Haxorus|def|1\n|-boost|p1a: Haxorus|spe|1\n|\n|upkeep\n|\n|t:|1700623141\n|switch|p2a: Clefable|Clefable, M|36\/100 par\n|-activate|p2a: Clefable|move: Sticky Web\n|-unboost|p2a: Clefable|spe|1\n|turn|27\n|\n|t:|1700623147\n|move|p1a: Haxorus|Iron Head|p2a: Clefable\n|-supereffective|p2a: Clefable\n|-damage|p2a: Clefable|0 fnt\n|faint|p2a: Clefable\n|\n|win|h0t water\n|raw|h0t water's rating: 1183 &rarr; <strong>1214<\/strong><br \/>(+31 for winning)\n|raw|ClassicPatrick55's rating: 1274 &rarr; <strong>1243<\/strong><br \/>(-31 for losing)\n|l|\u2606ClassicPatrick55\n","uploadtime":1700623162,"views":4,"p1id":"h0twater","p2id":"classicpatrick55","formatid":"gen9nationaldex","rating":1214,"private":0,"password":""}