{"id":"gen9nationaldex-1997959019","p1":"burnpoke","p2":"vnappy","format":"[Gen 9] National Dex","log":"|html|<div class=\"broadcast-blue\"><strong>[Gen 9] National Dex is currently suspecting Sneasler! For information on how to participate check out the <a href=\"https:\/\/www.smogon.com\/forums\/threads\/sv-national-dex-suspect-8-just-dance.3731534\/\">suspect thread<\/a>.<\/strong><\/div>\n|j|\u2606burnpoke\n|j|\u2606vnappy\n|t:|1700872262\n|gametype|singles\n|player|p1|burnpoke|lucas|1066\n|player|p2|vnappy|acetrainer-gen4dp|1082\n|teamsize|p1|6\n|teamsize|p2|6\n|gen|9\n|tier|[Gen 9] National Dex\n|rated|\n|rule|HP Percentage Mod: HP is shown in percentages\n|rule|Endless Battle Clause: Forcing endless battles is banned\n|rule|OHKO Clause: OHKO moves are banned\n|rule|Evasion Clause: Evasion abilities, items, and moves are banned\n|rule|Evasion Abilities Clause: Evasion abilities are banned\n|rule|Evasion Items Clause: Evasion items are banned\n|rule|Evasion Moves Clause: Evasion moves are banned\n|rule|Species Clause: Limit one of each Pok\u00e9mon\n|rule|Sleep Clause Mod: Limit one foe put to sleep\n|clearpoke\n|poke|p1|Steelix, F|\n|poke|p1|Iron Valiant|\n|poke|p1|Lopunny, F|\n|poke|p1|Scizor, F|\n|poke|p1|Breloom, M|\n|poke|p1|Landorus-Therian, M|\n|poke|p2|Steelix, M|\n|poke|p2|Milotic, M|\n|poke|p2|Serperior, M|\n|poke|p2|Gyarados, M|\n|poke|p2|Dragonair, F|\n|poke|p2|Seviper, M|\n|teampreview\n|inactive|Battle timer is ON: inactive players will automatically lose when time's up. (requested by vnappy)\n|c|\u2606burnpoke|dragonair\n|c|\u2606burnpoke|cool\n|c|\u2606vnappy|thanks\n|\n|t:|1700872283\n|start\n|switch|p1a: Steelix|Steelix, F|100\/100\n|switch|p2a: Gyarados|Gyarados, M, shiny|100\/100\n|turn|1\n|\n|t:|1700872292\n|switch|p1a: Breloom|Breloom, M|100\/100\n|move|p2a: Gyarados|Dragon Dance|p2a: Gyarados\n|-boost|p2a: Gyarados|atk|1\n|-boost|p2a: Gyarados|spe|1\n|\n|-status|p1a: Breloom|tox|[from] item: Toxic Orb\n|upkeep\n|turn|2\n|\n|t:|1700872300\n|move|p2a: Gyarados|Bounce||[still]\n|-prepare|p2a: Gyarados|Bounce\n|move|p1a: Breloom|Substitute|p1a: Breloom\n|-start|p1a: Breloom|Substitute\n|-damage|p1a: Breloom|76\/100 tox\n|\n|-heal|p1a: Breloom|88\/100 tox|[from] ability: Poison Heal\n|upkeep\n|turn|3\n|\n|t:|1700872308\n|move|p2a: Gyarados|Bounce|p1a: Breloom|[from]lockedmove\n|-supereffective|p1a: Breloom\n|-end|p1a: Breloom|Substitute\n|move|p1a: Breloom|Spore|p2a: Gyarados\n|-status|p2a: Gyarados|slp|[from] move: Spore\n|-enditem|p2a: Gyarados|Lum Berry|[eat]\n|-curestatus|p2a: Gyarados|slp|[msg]\n|\n|-heal|p1a: Breloom|100\/100 tox|[from] ability: Poison Heal\n|upkeep\n|turn|4\n|\n|t:|1700872322\n|move|p2a: Gyarados|Waterfall|p1a: Breloom\n|-resisted|p1a: Breloom\n|-damage|p1a: Breloom|72\/100 tox\n|cant|p1a: Breloom|flinch\n|\n|-heal|p1a: Breloom|84\/100 tox|[from] ability: Poison Heal\n|upkeep\n|turn|5\n|\n|t:|1700872334\n|switch|p2a: Seviper|Seviper, M|100\/100\n|move|p1a: Breloom|Spore|p2a: Seviper\n|-status|p2a: Seviper|slp|[from] move: Spore\n|\n|-heal|p1a: Breloom|96\/100 tox|[from] ability: Poison Heal\n|upkeep\n|turn|6\n|\n|t:|1700872341\n|move|p1a: Breloom|Leech Seed|p2a: Seviper\n|-start|p2a: Seviper|move: Leech Seed\n|cant|p2a: Seviper|slp\n|\n|-activate|p2a: Seviper|ability: Shed Skin\n|-curestatus|p2a: Seviper|slp|[msg]\n|-damage|p2a: Seviper|88\/100|[from] Leech Seed|[of] p1a: Breloom\n|-heal|p1a: Breloom|100\/100 tox|[silent]\n|upkeep\n|turn|7\n|\n|t:|1700872350\n|move|p1a: Breloom|Toxic|p2a: Seviper\n|-immune|p2a: Seviper\n|move|p2a: Seviper|Flamethrower|p1a: Breloom\n|-supereffective|p1a: Breloom\n|-damage|p1a: Breloom|21\/100 tox\n|\n|-damage|p2a: Seviper|75\/100|[from] Leech Seed|[of] p1a: Breloom\n|-heal|p1a: Breloom|32\/100 tox|[silent]\n|-heal|p1a: Breloom|44\/100 tox|[from] ability: Poison Heal\n|upkeep\n|turn|8\n|\n|t:|1700872361\n|move|p1a: Breloom|Substitute|p1a: Breloom\n|-start|p1a: Breloom|Substitute\n|-damage|p1a: Breloom|19\/100 tox\n|move|p2a: Seviper|Flamethrower|p1a: Breloom\n|-supereffective|p1a: Breloom\n|-end|p1a: Breloom|Substitute\n|\n|-damage|p2a: Seviper|63\/100|[from] Leech Seed|[of] p1a: Breloom\n|-heal|p1a: Breloom|31\/100 tox|[silent]\n|-heal|p1a: Breloom|43\/100 tox|[from] ability: Poison Heal\n|upkeep\n|turn|9\n|\n|t:|1700872371\n|move|p1a: Breloom|Substitute|p1a: Breloom\n|-start|p1a: Breloom|Substitute\n|-damage|p1a: Breloom|18\/100 tox\n|move|p2a: Seviper|Flamethrower|p1a: Breloom\n|-supereffective|p1a: Breloom\n|-end|p1a: Breloom|Substitute\n|\n|-damage|p2a: Seviper|50\/100|[from] Leech Seed|[of] p1a: Breloom\n|-heal|p1a: Breloom|29\/100 tox|[silent]\n|-heal|p1a: Breloom|42\/100 tox|[from] ability: Poison Heal\n|upkeep\n|turn|10\n|\n|t:|1700872382\n|move|p1a: Breloom|Substitute|p1a: Breloom\n|-start|p1a: Breloom|Substitute\n|-damage|p1a: Breloom|17\/100 tox\n|move|p2a: Seviper|Sludge Wave|p1a: Breloom\n|-supereffective|p1a: Breloom\n|-end|p1a: Breloom|Substitute\n|\n|-damage|p2a: Seviper|38\/100|[from] Leech Seed|[of] p1a: Breloom\n|-heal|p1a: Breloom|28\/100 tox|[silent]\n|-heal|p1a: Breloom|40\/100 tox|[from] ability: Poison Heal\n|upkeep\n|turn|11\n|\n|t:|1700872390\n|move|p1a: Breloom|Substitute|p1a: Breloom\n|-start|p1a: Breloom|Substitute\n|-damage|p1a: Breloom|16\/100 tox\n|move|p2a: Seviper|Sludge Wave|p1a: Breloom\n|-supereffective|p1a: Breloom\n|-end|p1a: Breloom|Substitute\n|\n|-damage|p2a: Seviper|25\/100|[from] Leech Seed|[of] p1a: Breloom\n|-heal|p1a: Breloom|27\/100 tox|[silent]\n|-heal|p1a: Breloom|39\/100 tox|[from] ability: Poison Heal\n|upkeep\n|turn|12\n|\n|t:|1700872400\n|move|p1a: Breloom|Substitute|p1a: Breloom\n|-start|p1a: Breloom|Substitute\n|-damage|p1a: Breloom|14\/100 tox\n|move|p2a: Seviper|Sludge Wave|p1a: Breloom\n|-supereffective|p1a: Breloom\n|-end|p1a: Breloom|Substitute\n|\n|-damage|p2a: Seviper|13\/100|[from] Leech Seed|[of] p1a: Breloom\n|-heal|p1a: Breloom|26\/100 tox|[silent]\n|-heal|p1a: Breloom|38\/100 tox|[from] ability: Poison Heal\n|upkeep\n|turn|13\n|\n|t:|1700872409\n|move|p1a: Breloom|Substitute|p1a: Breloom\n|-start|p1a: Breloom|Substitute\n|-damage|p1a: Breloom|13\/100 tox\n|move|p2a: Seviper|Sludge Wave|p1a: Breloom\n|-supereffective|p1a: Breloom\n|-end|p1a: Breloom|Substitute\n|\n|-damage|p2a: Seviper|0 fnt|[from] Leech Seed|[of] p1a: Breloom\n|-heal|p1a: Breloom|24\/100 tox|[silent]\n|faint|p2a: Seviper\n|-heal|p1a: Breloom|37\/100 tox|[from] ability: Poison Heal\n|upkeep\n|\n|t:|1700872412\n|switch|p2a: Dragonair|Dragonair, F, shiny|100\/100\n|turn|14\n|c|\u2606burnpoke|gg\n|\n|t:|1700872420\n|move|p2a: Dragonair|Extreme Speed|p1a: Breloom\n|-damage|p1a: Breloom|18\/100 tox\n|move|p1a: Breloom|Leech Seed|p2a: Dragonair\n|-start|p2a: Dragonair|move: Leech Seed\n|\n|-damage|p2a: Dragonair|88\/100|[from] Leech Seed|[of] p1a: Breloom\n|-heal|p1a: Breloom|28\/100 tox|[silent]\n|-heal|p1a: Breloom|40\/100 tox|[from] ability: Poison Heal\n|upkeep\n|turn|15\n|\n|t:|1700872429\n|move|p2a: Dragonair|Dragon Dance|p2a: Dragonair\n|-boost|p2a: Dragonair|atk|1\n|-boost|p2a: Dragonair|spe|1\n|move|p1a: Breloom|Substitute|p1a: Breloom\n|-start|p1a: Breloom|Substitute\n|-damage|p1a: Breloom|15\/100 tox\n|\n|-damage|p2a: Dragonair|75\/100|[from] Leech Seed|[of] p1a: Breloom\n|-heal|p1a: Breloom|26\/100 tox|[silent]\n|-heal|p1a: Breloom|38\/100 tox|[from] ability: Poison Heal\n|upkeep\n|turn|16\n|\n|t:|1700872438\n|move|p2a: Dragonair|Scale Shot|p1a: Breloom\n|-activate|p1a: Breloom|move: Substitute|[damage]\n|-end|p1a: Breloom|Substitute\n|-damage|p1a: Breloom|24\/100 tox\n|-hitcount|p1a: Breloom|3\n|-unboost|p2a: Dragonair|def|1\n|-boost|p2a: Dragonair|spe|1\n|move|p1a: Breloom|Toxic|p2a: Dragonair\n|-status|p2a: Dragonair|tox\n|\n|-activate|p2a: Dragonair|ability: Shed Skin\n|-curestatus|p2a: Dragonair|tox|[msg]\n|-damage|p2a: Dragonair|63\/100|[from] Leech Seed|[of] p1a: Breloom\n|-heal|p1a: Breloom|34\/100 tox|[silent]\n|-heal|p1a: Breloom|46\/100 tox|[from] ability: Poison Heal\n|upkeep\n|turn|17\n|\n|t:|1700872460\n|move|p2a: Dragonair|Outrage|p1a: Breloom\n|-damage|p1a: Breloom|0 fnt\n|faint|p1a: Breloom\n|\n|upkeep\n|\n|t:|1700872466\n|switch|p1a: Steelix|Steelix, F|100\/100\n|turn|18\n|\n|t:|1700872470\n|move|p2a: Dragonair|Outrage|p1a: Steelix|[from]lockedmove\n|-resisted|p1a: Steelix\n|-damage|p1a: Steelix|81\/100\n|-start|p2a: Dragonair|confusion|[fatigue]\n|move|p1a: Steelix|Iron Defense|p1a: Steelix\n|-boost|p1a: Steelix|def|2\n|\n|-damage|p2a: Dragonair|50\/100|[from] Leech Seed|[of] p1a: Steelix\n|-heal|p1a: Steelix|92\/100|[silent]\n|upkeep\n|turn|19\n|\n|t:|1700872480\n|switch|p2a: Serperior|Serperior, M|100\/100\n|detailschange|p1a: Steelix|Steelix-Mega, F\n|-mega|p1a: Steelix|Steelix|Steelixite\n|move|p1a: Steelix|Iron Defense|p1a: Steelix\n|-boost|p1a: Steelix|def|2\n|\n|upkeep\n|turn|20\n|\n|t:|1700872488\n|move|p2a: Serperior|Glare|p1a: Steelix\n|-status|p1a: Steelix|par\n|cant|p1a: Steelix|par\n|\n|upkeep\n|turn|21\n|\n|t:|1700872495\n|move|p2a: Serperior|Leaf Storm|p1a: Steelix\n|-damage|p1a: Steelix|48\/100 par\n|-boost|p2a: Serperior|spa|2\n|move|p1a: Steelix|Iron Defense|p1a: Steelix\n|-boost|p1a: Steelix|def|2\n|\n|upkeep\n|turn|22\n|\n|t:|1700872501\n|move|p2a: Serperior|Leaf Storm|p1a: Steelix\n|-damage|p1a: Steelix|0 fnt\n|-boost|p2a: Serperior|spa|2\n|faint|p1a: Steelix\n|\n|upkeep\n|\n|t:|1700872506\n|switch|p1a: Scizor|Scizor, F|100\/100\n|turn|23\n|\n|t:|1700872510\n|move|p1a: Scizor|Bullet Punch|p2a: Serperior\n|-damage|p2a: Serperior|59\/100\n|move|p2a: Serperior|Glare|p1a: Scizor\n|-status|p1a: Scizor|par\n|\n|-heal|p2a: Serperior|65\/100|[from] item: Leftovers\n|upkeep\n|turn|24\n|\n|t:|1700872517\n|cant|p1a: Scizor|par\n|move|p2a: Serperior|Hidden Power|p1a: Scizor\n|-damage|p1a: Scizor|35\/100 par\n|\n|-heal|p2a: Serperior|71\/100|[from] item: Leftovers\n|upkeep\n|turn|25\n|\n|t:|1700872526\n|move|p2a: Serperior|Hidden Power|p1a: Scizor\n|-damage|p1a: Scizor|0 fnt\n|faint|p1a: Scizor\n|\n|-heal|p2a: Serperior|78\/100|[from] item: Leftovers\n|upkeep\n|\n|t:|1700872531\n|switch|p1a: Landorus|Landorus-Therian, M|100\/100\n|-ability|p1a: Landorus|Intimidate|boost\n|-boost|p2a: Serperior|atk|1\n|turn|26\n|\n|t:|1700872537\n|move|p2a: Serperior|Glare|p1a: Landorus\n|-status|p1a: Landorus|par\n|cant|p1a: Landorus|par\n|\n|-heal|p2a: Serperior|84\/100|[from] item: Leftovers\n|upkeep\n|turn|27\n|\n|t:|1700872548\n|move|p2a: Serperior|Leaf Storm|p1a: Landorus\n|-damage|p1a: Landorus|0 fnt\n|-boost|p2a: Serperior|spa|2\n|faint|p1a: Landorus\n|\n|-heal|p2a: Serperior|90\/100|[from] item: Leftovers\n|upkeep\n|c|\u2606vnappy|gg\n|c|\u2606burnpoke|gg\n|\n|t:|1700872555\n|switch|p1a: Lopunny|Lopunny, F|100\/100\n|turn|28\n|\n|t:|1700872559\n|move|p1a: Lopunny|Fake Out|p2a: Serperior\n|-damage|p2a: Serperior|70\/100\n|cant|p2a: Serperior|flinch\n|\n|-heal|p2a: Serperior|77\/100|[from] item: Leftovers\n|upkeep\n|turn|29\n|\n|t:|1700872566\n|move|p2a: Serperior|Hidden Power|p1a: Lopunny\n|-supereffective|p1a: Lopunny\n|-damage|p1a: Lopunny|0 fnt\n|faint|p1a: Lopunny\n|\n|-heal|p2a: Serperior|83\/100|[from] item: Leftovers\n|upkeep\n|\n|t:|1700872572\n|switch|p1a: Iron Valiant|Iron Valiant|100\/100\n|turn|30\n|\n|t:|1700872585\n|move|p1a: Iron Valiant|Dazzling Gleam|p2a: Serperior\n|-damage|p2a: Serperior|7\/100\n|move|p2a: Serperior|Glare|p1a: Iron Valiant\n|-status|p1a: Iron Valiant|par\n|\n|-heal|p2a: Serperior|13\/100|[from] item: Leftovers\n|upkeep\n|turn|31\n|\n|t:|1700872593\n|move|p2a: Serperior|Leaf Storm|p1a: Iron Valiant\n|-damage|p1a: Iron Valiant|0 fnt\n|faint|p1a: Iron Valiant\n|-end|p1a: Iron Valiant|Quark Drive|[silent]\n|\n|win|vnappy\n|raw|burnpoke's rating: 1066 &rarr; <strong>1047<\/strong><br \/>(-19 for losing)\n|raw|vnappy's rating: 1082 &rarr; <strong>1108<\/strong><br \/>(+26 for winning)\n","uploadtime":1700872599,"views":3,"p1id":"burnpoke","p2id":"vnappy","formatid":"gen9nationaldex","rating":1047,"private":0,"password":""}