{"id":"gen9nationaldex-1998553270","p1":"UCL KING","p2":"Mob Boss Joey","format":"[Gen 9] National Dex","log":"|html|<div class=\"broadcast-blue\"><strong>[Gen 9] National Dex is currently suspecting Sneasler! For information on how to participate check out the <a href=\"https:\/\/www.smogon.com\/forums\/threads\/sv-national-dex-suspect-8-just-dance.3731534\/\">suspect thread<\/a>.<\/strong><\/div>\n|j|\u2606UCL KING\n|j|\u2606Mob Boss Joey\n|t:|1700955557\n|gametype|singles\n|player|p1|UCL KING|palmer|1110\n|player|p2|Mob Boss Joey|169|1109\n|teamsize|p1|6\n|teamsize|p2|6\n|gen|9\n|tier|[Gen 9] National Dex\n|rated|\n|rule|HP Percentage Mod: HP is shown in percentages\n|rule|Endless Battle Clause: Forcing endless battles is banned\n|rule|OHKO Clause: OHKO moves are banned\n|rule|Evasion Clause: Evasion abilities, items, and moves are banned\n|rule|Evasion Abilities Clause: Evasion abilities are banned\n|rule|Evasion Items Clause: Evasion items are banned\n|rule|Evasion Moves Clause: Evasion moves are banned\n|rule|Species Clause: Limit one of each Pok\u00e9mon\n|rule|Sleep Clause Mod: Limit one foe put to sleep\n|clearpoke\n|poke|p1|Toxtricity, F|\n|poke|p1|Mawile, F|\n|poke|p1|Gallade, M|\n|poke|p1|Maushold-Four|\n|poke|p1|Crawdaunt, M|\n|poke|p1|Crobat, F|\n|poke|p2|Munkidori, M|\n|poke|p2|Quagsire, M|\n|poke|p2|Wormadam-Trash, F|\n|poke|p2|Iron Valiant|\n|poke|p2|Banette, M|\n|poke|p2|Pawmot, M|\n|teampreview\n|\n|t:|1700955567\n|start\n|switch|p1a: Gallade|Gallade, M|100\/100\n|switch|p2a: Basura|Wormadam-Trash, F|100\/100\n|turn|1\n|j| Alpha Arceus\n|\n|t:|1700955573\n|move|p1a: Gallade|Bulk Up|p1a: Gallade\n|-boost|p1a: Gallade|atk|1\n|-boost|p1a: Gallade|def|1\n|move|p2a: Basura|Quiver Dance|p2a: Basura\n|-boost|p2a: Basura|spa|1\n|-boost|p2a: Basura|spd|1\n|-boost|p2a: Basura|spe|1\n|\n|upkeep\n|turn|2\n|\n|t:|1700955584\n|move|p1a: Gallade|Drain Punch|p2a: Basura\n|-damage|p2a: Basura|26\/100\n|move|p2a: Basura|Bug Buzz|p1a: Gallade\n|-damage|p1a: Gallade|42\/100\n|\n|-heal|p1a: Gallade|48\/100|[from] item: Leftovers\n|upkeep\n|turn|3\n|\n|t:|1700955596\n|-terastallize|p2a: Basura|Bug\n|move|p1a: Gallade|Drain Punch|p2a: Basura\n|-resisted|p2a: Basura\n|-damage|p2a: Basura|0 fnt\n|-heal|p1a: Gallade|60\/100|[from] drain|[of] p2a: Basura\n|faint|p2a: Basura\n|\n|-heal|p1a: Gallade|66\/100|[from] item: Leftovers\n|upkeep\n|\n|t:|1700955625\n|switch|p2a: Eddy Valiant|Iron Valiant|100\/100\n|-enditem|p2a: Eddy Valiant|Booster Energy\n|-activate|p2a: Eddy Valiant|ability: Quark Drive|[fromitem]\n|-start|p2a: Eddy Valiant|quarkdrivespe\n|turn|4\n|\n|t:|1700955632\n|move|p2a: Eddy Valiant|Spirit Break|p1a: Gallade\n|-supereffective|p1a: Gallade\n|-damage|p1a: Gallade|0 fnt\n|faint|p1a: Gallade\n|\n|upkeep\n|\n|t:|1700955639\n|switch|p1a: Toxtricity|Toxtricity, F|100\/100\n|turn|5\n|\n|t:|1700955652\n|-end|p2a: Eddy Valiant|Quark Drive|[silent]\n|switch|p2a: No b8 m8|Quagsire, M, shiny|100\/100\n|move|p1a: Toxtricity|Sludge Wave|p2a: No b8 m8\n|-resisted|p2a: No b8 m8\n|-damage|p2a: No b8 m8|72\/100\n|\n|-heal|p2a: No b8 m8|78\/100|[from] item: Leftovers\n|upkeep\n|turn|6\n|\n|t:|1700955661\n|switch|p1a: Crobat|Crobat, F|100\/100\n|move|p2a: No b8 m8|Spikes|p1a: Crobat\n|-sidestart|p1: UCL KING|Spikes\n|\n|-heal|p2a: No b8 m8|85\/100|[from] item: Leftovers\n|upkeep\n|turn|7\n|\n|t:|1700955668\n|move|p1a: Crobat|Defog|p2a: No b8 m8\n|-unboost|p2a: No b8 m8|evasion|1\n|-sideend|p1: UCL KING|Spikes|[from] move: Defog|[of] p1a: Crobat\n|move|p2a: No b8 m8|Spikes|p1a: Crobat\n|-sidestart|p1: UCL KING|Spikes\n|\n|-heal|p2a: No b8 m8|91\/100|[from] item: Leftovers\n|upkeep\n|turn|8\n|\n|t:|1700955675\n|move|p1a: Crobat|Defog|p2a: No b8 m8\n|-unboost|p2a: No b8 m8|evasion|1\n|-sideend|p1: UCL KING|Spikes|[from] move: Defog|[of] p1a: Crobat\n|move|p2a: No b8 m8|Scald|p1a: Crobat\n|-damage|p1a: Crobat|76\/100\n|\n|-heal|p2a: No b8 m8|97\/100|[from] item: Leftovers\n|upkeep\n|turn|9\n|\n|t:|1700955682\n|move|p1a: Crobat|U-turn|p2a: No b8 m8\n|-damage|p2a: No b8 m8|81\/100\n|\n|t:|1700955685\n|switch|p1a: Crawdaunt|Crawdaunt, M|100\/100|[from] U-turn\n|move|p2a: No b8 m8|Scald|p1a: Crawdaunt\n|-resisted|p1a: Crawdaunt\n|-damage|p1a: Crawdaunt|84\/100\n|\n|-heal|p2a: No b8 m8|88\/100|[from] item: Leftovers\n|upkeep\n|turn|10\n|\n|t:|1700955692\n|move|p1a: Crawdaunt|Crabhammer|p2a: No b8 m8\n|-damage|p2a: No b8 m8|16\/100\n|move|p2a: No b8 m8|Scald|p1a: Crawdaunt\n|-resisted|p1a: Crawdaunt\n|-damage|p1a: Crawdaunt|69\/100\n|\n|-heal|p2a: No b8 m8|23\/100|[from] item: Leftovers\n|upkeep\n|turn|11\n|\n|t:|1700955724\n|switch|p2a: Eddy Valiant|Iron Valiant|100\/100\n|move|p1a: Crawdaunt|Crabhammer|p2a: Eddy Valiant\n|-crit|p2a: Eddy Valiant\n|-damage|p2a: Eddy Valiant|0 fnt\n|faint|p2a: Eddy Valiant\n|-end|p2a: Eddy Valiant|Quark Drive|[silent]\n|\n|upkeep\n|\n|t:|1700955731\n|switch|p2a: Pawmot|Pawmot, M|100\/100\n|turn|12\n|\n|t:|1700955738\n|switch|p1a: Toxtricity|Toxtricity, F|100\/100\n|move|p2a: Pawmot|Double Shock|p1a: Toxtricity\n|-resisted|p1a: Toxtricity\n|-damage|p1a: Toxtricity|55\/100\n|-start|p2a: Pawmot|typechange|???\/Fighting|[from] move: Double Shock\n|\n|upkeep\n|turn|13\n|\n|t:|1700955755\n|move|p1a: Toxtricity|Sludge Wave|p2a: Pawmot\n|-damage|p2a: Pawmot|21\/100\n|move|p2a: Pawmot|Close Combat|p1a: Toxtricity\n|-resisted|p1a: Toxtricity\n|-crit|p1a: Toxtricity\n|-damage|p1a: Toxtricity|0 fnt\n|-unboost|p2a: Pawmot|def|1\n|-unboost|p2a: Pawmot|spd|1\n|faint|p1a: Toxtricity\n|\n|upkeep\n|\n|t:|1700955768\n|switch|p1a: Crawdaunt|Crawdaunt, M|69\/100\n|turn|14\n|\n|t:|1700955777\n|switch|p2a: No b8 m8|Quagsire, M, shiny|23\/100\n|-terastallize|p1a: Crawdaunt|Water\n|move|p1a: Crawdaunt|Aqua Jet|p2a: No b8 m8\n|-damage|p2a: No b8 m8|0 fnt\n|faint|p2a: No b8 m8\n|\n|upkeep\n|\n|t:|1700955785\n|switch|p2a: Master of Puppets|Banette, M|100\/100\n|turn|15\n|\n|t:|1700955792\n|switch|p1a: Crobat|Crobat, F|76\/100\n|detailschange|p2a: Master of Puppets|Banette-Mega, M\n|-mega|p2a: Master of Puppets|Banette|Banettite\n|move|p2a: Master of Puppets|Destiny Bond|p2a: Master of Puppets\n|-singlemove|p2a: Master of Puppets|Destiny Bond\n|\n|upkeep\n|turn|16\n|\n|t:|1700955799\n|move|p1a: Crobat|Crunch|p2a: Master of Puppets\n|-supereffective|p2a: Master of Puppets\n|-damage|p2a: Master of Puppets|40\/100\n|move|p2a: Master of Puppets|Poltergeist|p1a: Crobat\n|-activate|p1a: Crobat|move: Poltergeist|Heavy-Duty Boots\n|-damage|p1a: Crobat|0 fnt\n|faint|p1a: Crobat\n|\n|upkeep\n|\n|t:|1700955811\n|switch|p1a: Mawile|Mawile, F|100\/100\n|turn|17\n|\n|t:|1700955819\n|detailschange|p1a: Mawile|Mawile-Mega, F\n|-mega|p1a: Mawile|Mawile|Mawilite\n|move|p2a: Master of Puppets|Destiny Bond|p2a: Master of Puppets\n|-singlemove|p2a: Master of Puppets|Destiny Bond\n|move|p1a: Mawile|Iron Head|p2a: Master of Puppets\n|-damage|p2a: Master of Puppets|0 fnt\n|faint|p2a: Master of Puppets\n|-activate|p2a: Master of Puppets|move: Destiny Bond\n|faint|p1a: Mawile\n|\n|upkeep\n|\n|t:|1700955838\n|switch|p2a: DVD Player|Munkidori, M|100\/100\n|switch|p1a: Crawdaunt|Crawdaunt, M, tera:Water|69\/100\n|turn|18\n|\n|t:|1700955852\n|move|p2a: DVD Player|Sludge Wave|p1a: Crawdaunt\n|-damage|p1a: Crawdaunt|0 fnt\n|faint|p1a: Crawdaunt\n|-damage|p2a: DVD Player|91\/100|[from] item: Life Orb\n|\n|upkeep\n|\n|t:|1700955856\n|switch|p1a: Maushold|Maushold-Four|100\/100\n|turn|19\n|\n|t:|1700955862\n|move|p1a: Maushold|Tidy Up|p1a: Maushold\n|-boost|p1a: Maushold|atk|1\n|-boost|p1a: Maushold|spe|1\n|move|p2a: DVD Player|Focus Blast|p1a: Maushold\n|-supereffective|p1a: Maushold\n|-damage|p1a: Maushold|0 fnt\n|faint|p1a: Maushold\n|-damage|p2a: DVD Player|81\/100|[from] item: Life Orb\n|\n|win|Mob Boss Joey\n|raw|UCL KING's rating: 1110 &rarr; <strong>1085<\/strong><br \/>(-25 for losing)\n|raw|Mob Boss Joey's rating: 1109 &rarr; <strong>1134<\/strong><br \/>(+25 for winning)\n|l|\u2606UCL KING\n","uploadtime":1700955873,"views":2,"p1id":"uclking","p2id":"mobbossjoey","formatid":"gen9nationaldex","rating":1085,"private":0,"password":""}