{"id":"gen9nationaldex-1990233044","p1":"Da1ba Nana","p2":"chaojibojiaman","format":"[Gen 9] National Dex","log":"|j|\u2606Da1ba Nana\n|j|\u2606chaojibojiaman\n|t:|1699941522\n|gametype|singles\n|player|p1|Da1ba Nana|baker|1246\n|player|p2|chaojibojiaman|170|1147\n|teamsize|p1|6\n|teamsize|p2|6\n|gen|9\n|tier|[Gen 9] National Dex\n|rated|\n|rule|HP Percentage Mod: HP is shown in percentages\n|rule|Endless Battle Clause: Forcing endless battles is banned\n|rule|OHKO Clause: OHKO moves are banned\n|rule|Evasion Clause: Evasion abilities, items, and moves are banned\n|rule|Evasion Abilities Clause: Evasion abilities are banned\n|rule|Evasion Items Clause: Evasion items are banned\n|rule|Evasion Moves Clause: Evasion moves are banned\n|rule|Species Clause: Limit one of each Pok\u00e9mon\n|rule|Sleep Clause Mod: Limit one foe put to sleep\n|clearpoke\n|poke|p1|Slurpuff, M|\n|poke|p1|Aegislash, M|\n|poke|p1|Charizard, F|\n|poke|p1|Flygon, F|\n|poke|p1|Nidoking, M|\n|poke|p1|Milotic, M|\n|poke|p2|Samurott-Hisui, M|\n|poke|p2|Volcarona, F|\n|poke|p2|Great Tusk|\n|poke|p2|Tornadus-Therian, M|\n|poke|p2|Corviknight, F|\n|poke|p2|Beedrill, M|\n|teampreview\n|\n|t:|1699941527\n|start\n|switch|p1a: Slurpuff|Slurpuff, M|100\/100\n|switch|p2a: Samurott|Samurott-Hisui, M|100\/100\n|turn|1\n|\n|t:|1699941529\n|move|p2a: Samurott|Ceaseless Edge|p1a: Slurpuff\n|-resisted|p1a: Slurpuff\n|-damage|p1a: Slurpuff|71\/100\n|-sidestart|p1: Da1ba Nana|Spikes\n|move|p1a: Slurpuff|Sticky Web|p2a: Samurott\n|-sidestart|p2: chaojibojiaman|move: Sticky Web\n|\n|upkeep\n|turn|2\n|\n|t:|1699941535\n|move|p2a: Samurott|Ceaseless Edge|p1a: Slurpuff\n|-resisted|p1a: Slurpuff\n|-damage|p1a: Slurpuff|45\/100\n|-sidestart|p1: Da1ba Nana|Spikes\n|move|p1a: Slurpuff|Misty Explosion|p2a: Samurott\n|-supereffective|p2a: Samurott\n|-damage|p2a: Samurott|0 fnt\n|faint|p1a: Slurpuff\n|faint|p2a: Samurott\n|\n|upkeep\n|\n|t:|1699941547\n|switch|p2a: Great Tusk|Great Tusk|100\/100\n|switch|p1a: Charizard|Charizard, F|100\/100\n|-activate|p2a: Great Tusk|move: Sticky Web\n|-unboost|p2a: Great Tusk|spe|1\n|turn|3\n|\n|t:|1699941554\n|detailschange|p1a: Charizard|Charizard-Mega-Y, F\n|-mega|p1a: Charizard|Charizard|Charizardite Y\n|-weather|SunnyDay|[from] ability: Drought|[of] p1a: Charizard\n|-activate|p2a: Great Tusk|ability: Protosynthesis\n|-start|p2a: Great Tusk|protosynthesisatk\n|move|p1a: Charizard|Solar Beam||[still]\n|-prepare|p1a: Charizard|Solar Beam\n|-anim|p1a: Charizard|Solar Beam|p2a: Great Tusk\n|-supereffective|p2a: Great Tusk\n|-damage|p2a: Great Tusk|0 fnt\n|faint|p2a: Great Tusk\n|-end|p2a: Great Tusk|Protosynthesis|[silent]\n|\n|-weather|SunnyDay|[upkeep]\n|upkeep\n|\n|t:|1699941576\n|switch|p2a: Tornadus|Tornadus-Therian, M|100\/100\n|turn|4\n|\n|t:|1699941580\n|-terastallize|p2a: Tornadus|Water\n|move|p2a: Tornadus|Bleakwind Storm|p1a: Charizard\n|-damage|p1a: Charizard|26\/100\n|move|p1a: Charizard|Weather Ball|p2a: Tornadus\n|-resisted|p2a: Tornadus\n|-damage|p2a: Tornadus|42\/100\n|\n|-weather|SunnyDay|[upkeep]\n|upkeep\n|turn|5\n|\n|t:|1699941587\n|switch|p1a: Aegislash|Aegislash, M|100\/100\n|-damage|p1a: Aegislash|84\/100|[from] Spikes\n|move|p2a: Tornadus|Bleakwind Storm|p1a: Aegislash|[miss]\n|-miss|p2a: Tornadus|p1a: Aegislash\n|\n|-weather|SunnyDay|[upkeep]\n|-heal|p1a: Aegislash|90\/100|[from] item: Leftovers\n|upkeep\n|turn|6\n|\n|t:|1699941596\n|-activate|p2a: Tornadus|move: Pursuit\n|-formechange|p1a: Aegislash|Aegislash-Blade||[from] ability: Stance Change\n|move|p1a: Aegislash|Pursuit|p2a: Tornadus|[from]Pursuit\n|-damage|p2a: Tornadus|0 fnt\n|faint|p2a: Tornadus\n|-hint|A Pokemon can't switch between when it runs out of HP and when it faints\n|\n|-weather|SunnyDay|[upkeep]\n|-heal|p1a: Aegislash|96\/100|[from] item: Leftovers\n|upkeep\n|\n|t:|1699941602\n|switch|p2a: Volcarona|Volcarona, F|100\/100\n|turn|7\n|\n|t:|1699941607\n|switch|p1a: Flygon|Flygon, F|100\/100\n|move|p2a: Volcarona|Quiver Dance|p2a: Volcarona\n|-boost|p2a: Volcarona|spa|1\n|-boost|p2a: Volcarona|spd|1\n|-boost|p2a: Volcarona|spe|1\n|\n|-weather|none\n|upkeep\n|turn|8\n|\n|t:|1699941617\n|move|p2a: Volcarona|Fiery Dance|p1a: Flygon\n|-resisted|p1a: Flygon\n|-damage|p1a: Flygon|56\/100\n|move|p1a: Flygon|Earthquake|p2a: Volcarona\n|-damage|p2a: Volcarona|30\/100\n|\n|upkeep\n|turn|9\n|\n|t:|1699941624\n|move|p2a: Volcarona|Giga Drain|p1a: Flygon\n|-damage|p1a: Flygon|2\/100\n|-heal|p2a: Volcarona|57\/100|[from] drain|[of] p1a: Flygon\n|move|p1a: Flygon|Earthquake|p2a: Volcarona\n|-damage|p2a: Volcarona|0 fnt\n|faint|p2a: Volcarona\n|\n|upkeep\n|\n|t:|1699941631\n|switch|p2a: Corviknight|Corviknight, F|100\/100\n|turn|10\n|\n|t:|1699941636\n|move|p1a: Flygon|Dual Wingbeat|p2a: Corviknight|[miss]\n|-miss|p1a: Flygon|p2a: Corviknight\n|move|p2a: Corviknight|Iron Defense|p2a: Corviknight\n|-boost|p2a: Corviknight|def|2\n|\n|upkeep\n|turn|11\n|\n|t:|1699941639\n|move|p1a: Flygon|Dual Wingbeat|p2a: Corviknight\n|-resisted|p2a: Corviknight\n|-damage|p2a: Corviknight|99\/100\n|-resisted|p2a: Corviknight\n|-damage|p2a: Corviknight|97\/100\n|-hitcount|p2a: Corviknight|2\n|move|p2a: Corviknight|Iron Defense|p2a: Corviknight\n|-boost|p2a: Corviknight|def|2\n|\n|-heal|p2a: Corviknight|100\/100|[from] item: Leftovers\n|upkeep\n|turn|12\n|\n|t:|1699941644\n|move|p1a: Flygon|Dual Wingbeat|p2a: Corviknight\n|-resisted|p2a: Corviknight\n|-damage|p2a: Corviknight|99\/100\n|-resisted|p2a: Corviknight\n|-damage|p2a: Corviknight|98\/100\n|-hitcount|p2a: Corviknight|2\n|move|p2a: Corviknight|Iron Defense|p2a: Corviknight\n|-boost|p2a: Corviknight|def|2\n|\n|-heal|p2a: Corviknight|100\/100|[from] item: Leftovers\n|upkeep\n|turn|13\n|\n|t:|1699941647\n|move|p1a: Flygon|Dual Wingbeat|p2a: Corviknight\n|-resisted|p2a: Corviknight\n|-damage|p2a: Corviknight|99\/100\n|-resisted|p2a: Corviknight\n|-damage|p2a: Corviknight|98\/100\n|-hitcount|p2a: Corviknight|2\n|move|p2a: Corviknight|Body Press|p1a: Flygon\n|-damage|p1a: Flygon|0 fnt\n|faint|p1a: Flygon\n|\n|-heal|p2a: Corviknight|100\/100|[from] item: Leftovers\n|upkeep\n|\n|t:|1699941652\n|switch|p1a: Charizard|Charizard-Mega-Y, F|26\/100\n|-weather|SunnyDay|[from] ability: Drought|[of] p1a: Charizard\n|turn|14\n|\n|t:|1699941661\n|move|p1a: Charizard|Weather Ball|p2a: Corviknight\n|-supereffective|p2a: Corviknight\n|-damage|p2a: Corviknight|0 fnt\n|faint|p2a: Corviknight\n|\n|-weather|SunnyDay|[upkeep]\n|upkeep\n|\n|t:|1699941665\n|switch|p2a: Beedrill|Beedrill, M|100\/100\n|-activate|p2a: Beedrill|move: Sticky Web\n|-unboost|p2a: Beedrill|spe|1\n|turn|15\n|\n|t:|1699941676\n|detailschange|p2a: Beedrill|Beedrill-Mega, M\n|-mega|p2a: Beedrill|Beedrill|Beedrillite\n|move|p1a: Charizard|Weather Ball|p2a: Beedrill\n|-supereffective|p2a: Beedrill\n|-damage|p2a: Beedrill|0 fnt\n|faint|p2a: Beedrill\n|\n|win|Da1ba Nana\n|raw|Da1ba Nana's rating: 1246 &rarr; <strong>1264<\/strong><br \/>(+18 for winning)\n|raw|chaojibojiaman's rating: 1147 &rarr; <strong>1129<\/strong><br \/>(-18 for losing)\n|l|\u2606chaojibojiaman\n","uploadtime":1699941694,"views":8,"p1id":"da1banana","p2id":"chaojibojiaman","formatid":"gen9nationaldex","rating":1129,"private":0,"password":""}