{"id":"gen9nationaldex-1988062577","p1":"Team-Rocket-3rio","p2":"Oxijinn","format":"[Gen 9] National Dex","log":"|j|\u2606Team-Rocket-3rio\n|j|\u2606Oxijinn\n|t:|1699664955\n|gametype|singles\n|player|p1|Team-Rocket-3rio|teamrocket|1127\n|player|p2|Oxijinn|n|1056\n|teamsize|p1|6\n|teamsize|p2|6\n|gen|9\n|tier|[Gen 9] National Dex\n|rated|\n|rule|HP Percentage Mod: HP is shown in percentages\n|rule|Endless Battle Clause: Forcing endless battles is banned\n|rule|OHKO Clause: OHKO moves are banned\n|rule|Evasion Clause: Evasion abilities, items, and moves are banned\n|rule|Evasion Abilities Clause: Evasion abilities are banned\n|rule|Evasion Items Clause: Evasion items are banned\n|rule|Evasion Moves Clause: Evasion moves are banned\n|rule|Species Clause: Limit one of each Pok\u00e9mon\n|rule|Sleep Clause Mod: Limit one foe put to sleep\n|clearpoke\n|poke|p1|Meowth, M|\n|poke|p1|Weezing, F|\n|poke|p1|Arbok, F|\n|poke|p1|Mimikyu, M|\n|poke|p1|Yanmega, M|\n|poke|p1|Victreebel, F|\n|poke|p2|Espeon, F|\n|poke|p2|Sharpedo, M|\n|poke|p2|Porygon|\n|poke|p2|Mimikyu, M|\n|poke|p2|Umbreon, M|\n|poke|p2|Metagross|\n|teampreview\n|inactive|Battle timer is ON: inactive players will automatically lose when time's up. (requested by Oxijinn)\n|c|\u2606Team-Rocket-3rio|Prepare for trouble!\n|c|\u2606Team-Rocket-3rio|And make it double!\n|c|\u2606Team-Rocket-3rio|To protect the world from devastation!\n|c|\u2606Team-Rocket-3rio|To unite all peoples within our nation!\n|c|\u2606Team-Rocket-3rio|To denounce the evils of truth and love!\n|c|\u2606Team-Rocket-3rio|To extend our reach to the stars above!\n|c|\u2606Oxijinn|Jessie?\n|c|\u2606Team-Rocket-3rio|Jessie!\n|c|\u2606Team-Rocket-3rio|James!\n|c|\u2606Team-Rocket-3rio|Team Rocket blasts off at the speed of light!\n|c|\u2606Team-Rocket-3rio|Surrender now, or prepare to fight!\n|c|\u2606Team-Rocket-3rio|Meowth!\n|c|\u2606Team-Rocket-3rio|That's right!\n|inactive|Team-Rocket-3rio has 120 seconds left.\n|\n|t:|1699664989\n|start\n|switch|p1a: Meowth|Meowth, M|100\/100\n|switch|p2a: Porygon|Porygon|100\/100\n|turn|1\n|\n|t:|1699665010\n|move|p1a: Meowth|Fake Out|p2a: Porygon\n|-damage|p2a: Porygon|78\/100\n|-damage|p1a: Meowth|91\/100|[from] item: Life Orb\n|cant|p2a: Porygon|flinch\n|\n|upkeep\n|turn|2\n|c|\u2606Team-Rocket-3rio|Hand over that precious Porygon you little twerp!\n|\n|t:|1699665017\n|move|p1a: Meowth|Knock Off|p2a: Porygon\n|-damage|p2a: Porygon|50\/100\n|-enditem|p2a: Porygon|Light Clay|[from] move: Knock Off|[of] p1a: Meowth\n|-damage|p1a: Meowth|81\/100|[from] item: Life Orb\n|move|p2a: Porygon|Reflect|p2a: Porygon\n|-sidestart|p2: Oxijinn|Reflect\n|\n|upkeep\n|turn|3\n|c|\u2606Oxijinn|Never to the likes of you Team Rocket!\n|c|\u2606Team-Rocket-3rio|You brat!\n|inactive|Team-Rocket-3rio has 120 seconds left.\n|\n|t:|1699665060\n|switch|p1a: Victreebel|Victreebel, F|100\/100\n|move|p2a: Porygon|Toxic|p1a: Victreebel\n|-immune|p1a: Victreebel\n|\n|upkeep\n|turn|4\n|c|\u2606Oxijinn|You got this Porygon!\n|\n|t:|1699665065\n|move|p1a: Victreebel|Swords Dance|p1a: Victreebel\n|-boost|p1a: Victreebel|atk|2\n|move|p2a: Porygon|Tri Attack|p1a: Victreebel\n|-damage|p1a: Victreebel|41\/100\n|-enditem|p1a: Victreebel|Salac Berry|[eat]\n|-boost|p1a: Victreebel|spe|1|[from] item: Salac Berry\n|\n|upkeep\n|turn|5\n|\n|t:|1699665075\n|move|p1a: Victreebel|Leaf Blade|p2a: Porygon\n|-damage|p2a: Porygon|7\/100\n|move|p2a: Porygon|Tri Attack|p1a: Victreebel\n|-damage|p1a: Victreebel|0 fnt\n|faint|p1a: Victreebel\n|\n|upkeep\n|inactive|Team-Rocket-3rio has 120 seconds left.\n|c|\u2606Oxijinn|Yeah lets go buddy!\n|c|\u2606Team-Rocket-3rio|Meowth do something!\n|\n|t:|1699665091\n|switch|p1a: Meowth|Meowth, M|81\/100\n|turn|6\n|inactive|Team-Rocket-3rio has 120 seconds left.\n|\n|t:|1699665097\n|move|p2a: Porygon|Protect|p2a: Porygon\n|-singleturn|p2a: Porygon|Protect\n|move|p1a: Meowth|Fake Out|p2a: Porygon\n|-activate|p2a: Porygon|move: Protect\n|\n|-sideend|p2: Oxijinn|Reflect\n|upkeep\n|turn|7\n|\n|t:|1699665103\n|move|p1a: Meowth|Knock Off|p2a: Porygon\n|-damage|p2a: Porygon|0 fnt\n|faint|p2a: Porygon\n|-damage|p1a: Meowth|71\/100|[from] item: Life Orb\n|\n|upkeep\n|c|\u2606Oxijinn|Oh no! Porygon!\n|c|\u2606Oxijinn|I choose you Umbreon!\n|c|\u2606Team-Rocket-3rio|Bwahahaha!\n|\n|t:|1699665123\n|switch|p2a: Umbreon|Umbreon, M|100\/100\n|turn|8\n|\n|t:|1699665128\n|move|p1a: Meowth|Knock Off|p2a: Umbreon\n|-resisted|p2a: Umbreon\n|-damage|p2a: Umbreon|91\/100\n|-enditem|p2a: Umbreon|Leftovers|[from] move: Knock Off|[of] p1a: Meowth\n|-damage|p1a: Meowth|61\/100|[from] item: Life Orb\n|move|p2a: Umbreon|Toxic|p1a: Meowth\n|-status|p1a: Meowth|tox\n|\n|-damage|p1a: Meowth|55\/100 tox|[from] psn\n|upkeep\n|turn|9\n|\n|t:|1699665142\n|switch|p1a: Arbok|Arbok, F|100\/100\n|-ability|p1a: Arbok|Intimidate|boost\n|-fail|p2a: Umbreon|unboost|Attack|[from] ability: Inner Focus|[of] p2a: Umbreon\n|move|p2a: Umbreon|Foul Play|p1a: Arbok\n|-damage|p1a: Arbok|34\/100\n|\n|upkeep\n|turn|10\n|\n|t:|1699665152\n|switch|p1a: Weezing|Weezing, F|100\/100\n|move|p2a: Umbreon|Foul Play|p1a: Weezing\n|-damage|p1a: Weezing|85\/100\n|-damage|p2a: Umbreon|75\/100|[from] item: Rocky Helmet|[of] p1a: Weezing\n|\n|upkeep\n|turn|11\n|\n|t:|1699665157\n|switch|p2a: Metagross|Metagross|100\/100\n|move|p1a: Weezing|Toxic Spikes|p2a: Metagross\n|-sidestart|p2: Oxijinn|move: Toxic Spikes\n|\n|upkeep\n|turn|12\n|\n|t:|1699665163\n|switch|p2a: Espeon|Espeon, F|100\/100\n|-status|p2a: Espeon|psn\n|move|p1a: Weezing|Will-O-Wisp|p2a: Espeon\n|move|p2a: Espeon|Will-O-Wisp|p1a: Weezing|[from]ability: Magic Bounce\n|-status|p1a: Weezing|brn\n|\n|-damage|p2a: Espeon|88\/100 psn|[from] psn\n|-damage|p1a: Weezing|79\/100 brn|[from] brn\n|upkeep\n|turn|13\n|\n|t:|1699665171\n|switch|p1a: Mimikyu|Mimikyu, M|100\/100\n|move|p2a: Espeon|Psyshock|p1a: Mimikyu\n|-activate|p1a: Mimikyu|ability: Disguise\n|-damage|p1a: Mimikyu|100\/100\n|detailschange|p1a: Mimikyu|Mimikyu-Busted, M\n|-damage|p1a: Mimikyu|88\/100|[from] pokemon: Mimikyu-Busted\n|\n|-heal|p2a: Espeon|94\/100 psn|[from] item: Leftovers\n|-damage|p2a: Espeon|82\/100 psn|[from] psn\n|upkeep\n|turn|14\n|\n|t:|1699665177\n|-terastallize|p2a: Espeon|Fairy\n|move|p2a: Espeon|Shadow Ball|p1a: Mimikyu\n|-supereffective|p1a: Mimikyu\n|-damage|p1a: Mimikyu|14\/100\n|move|p1a: Mimikyu|Swords Dance|p1a: Mimikyu\n|-boost|p1a: Mimikyu|atk|2\n|\n|-heal|p2a: Espeon|88\/100 psn|[from] item: Leftovers\n|-damage|p2a: Espeon|76\/100 psn|[from] psn\n|upkeep\n|turn|15\n|\n|t:|1699665186\n|move|p1a: Mimikyu|Shadow Sneak|p2a: Espeon\n|-damage|p2a: Espeon|0 fnt\n|faint|p2a: Espeon\n|-damage|p1a: Mimikyu|4\/100|[from] item: Life Orb\n|\n|upkeep\n|\n|t:|1699665190\n|switch|p2a: Mimikyu|Mimikyu, M|100\/100\n|-status|p2a: Mimikyu|psn\n|turn|16\n|\n|t:|1699665194\n|move|p1a: Mimikyu|Shadow Sneak|p2a: Mimikyu\n|-activate|p2a: Mimikyu|ability: Disguise\n|-damage|p2a: Mimikyu|100\/100 psn\n|detailschange|p2a: Mimikyu|Mimikyu-Busted, M\n|-damage|p2a: Mimikyu|88\/100 psn|[from] pokemon: Mimikyu-Busted\n|-damage|p1a: Mimikyu|0 fnt|[from] item: Life Orb\n|faint|p1a: Mimikyu\n|move|p2a: Mimikyu|Shadow Sneak|p1: Mimikyu|[notarget]\n|-fail|p2a: Mimikyu\n|\n|-damage|p2a: Mimikyu|76\/100 psn|[from] psn\n|upkeep\n|c|\u2606Oxijinn|All right Mimikyu!\n|\n|t:|1699665210\n|switch|p1a: Meowth|Meowth, M|55\/100 tox\n|turn|17\n|\n|t:|1699665214\n|move|p1a: Meowth|Knock Off|p2a: Mimikyu\n|-damage|p2a: Mimikyu|34\/100 psn\n|-enditem|p2a: Mimikyu|Life Orb|[from] move: Knock Off|[of] p1a: Meowth\n|-damage|p1a: Meowth|45\/100 tox|[from] item: Life Orb\n|move|p2a: Mimikyu|Play Rough|p1a: Meowth\n|-damage|p1a: Meowth|0 fnt\n|faint|p1a: Meowth\n|\n|-damage|p2a: Mimikyu|22\/100 psn|[from] psn\n|upkeep\n|\n|t:|1699665220\n|switch|p1a: Weezing|Weezing, F|79\/100 brn\n|turn|18\n|\n|t:|1699665226\n|move|p2a: Mimikyu|Shadow Claw|p1a: Weezing\n|-damage|p1a: Weezing|58\/100 brn\n|-damage|p2a: Mimikyu|6\/100 psn|[from] item: Rocky Helmet|[of] p1a: Weezing\n|move|p1a: Weezing|Toxic Spikes|p2a: Mimikyu\n|-sidestart|p2: Oxijinn|move: Toxic Spikes\n|\n|-damage|p2a: Mimikyu|0 fnt|[from] psn\n|faint|p2a: Mimikyu\n|-damage|p1a: Weezing|52\/100 brn|[from] brn\n|upkeep\n|\n|t:|1699665238\n|switch|p2a: Umbreon|Umbreon, M|75\/100\n|-status|p2a: Umbreon|tox\n|turn|19\n|\n|t:|1699665243\n|move|p2a: Umbreon|Foul Play|p1a: Weezing\n|-damage|p1a: Weezing|37\/100 brn\n|-damage|p2a: Umbreon|58\/100 tox|[from] item: Rocky Helmet|[of] p1a: Weezing\n|move|p1a: Weezing|Pain Split|p2a: Umbreon\n|-sethp|p2a: Umbreon|45\/100 tox|[from] move: Pain Split|[silent]\n|-sethp|p1a: Weezing|53\/100 brn|[from] move: Pain Split\n|\n|-damage|p2a: Umbreon|39\/100 tox|[from] psn\n|-damage|p1a: Weezing|47\/100 brn|[from] brn\n|upkeep\n|turn|20\n|\n|t:|1699665255\n|switch|p1a: Yanmega|Yanmega, M|100\/100\n|move|p2a: Umbreon|Moonlight|p2a: Umbreon\n|-heal|p2a: Umbreon|89\/100 tox\n|\n|-damage|p2a: Umbreon|77\/100 tox|[from] psn\n|upkeep\n|turn|21\n|\n|t:|1699665263\n|move|p1a: Yanmega|Bug Buzz|p2a: Umbreon\n|-supereffective|p2a: Umbreon\n|-damage|p2a: Umbreon|5\/100 tox\n|move|p2a: Umbreon|Toxic|p1a: Yanmega\n|-status|p1a: Yanmega|tox\n|\n|-damage|p1a: Yanmega|94\/100 tox|[from] psn\n|-damage|p2a: Umbreon|0 fnt|[from] psn\n|faint|p2a: Umbreon\n|upkeep\n|\n|t:|1699665267\n|switch|p2a: Metagross|Metagross|100\/100\n|turn|22\n|\n|t:|1699665279\n|-terastallize|p1a: Yanmega|Bug\n|move|p1a: Yanmega|Bug Buzz|p2a: Metagross\n|-damage|p2a: Metagross|18\/100\n|move|p2a: Metagross|Cosmic Power|p2a: Metagross\n|-boost|p2a: Metagross|def|1\n|-boost|p2a: Metagross|spd|1\n|\n|-heal|p2a: Metagross|24\/100|[from] item: Leftovers\n|-damage|p1a: Yanmega|82\/100 tox|[from] psn\n|upkeep\n|turn|23\n|\n|t:|1699665284\n|move|p1a: Yanmega|Bug Buzz|p2a: Metagross\n|-damage|p2a: Metagross|0 fnt\n|faint|p2a: Metagross\n|\n|-damage|p1a: Yanmega|64\/100 tox|[from] psn\n|upkeep\n|\n|t:|1699665290\n|switch|p2a: Sharpedo|Sharpedo, M|100\/100\n|-status|p2a: Sharpedo|tox\n|turn|24\n|\n|t:|1699665295\n|move|p2a: Sharpedo|Protect|p2a: Sharpedo\n|-singleturn|p2a: Sharpedo|Protect\n|move|p1a: Yanmega|Bug Buzz|p2a: Sharpedo\n|-activate|p2a: Sharpedo|move: Protect\n|\n|-damage|p1a: Yanmega|40\/100 tox|[from] psn\n|-damage|p2a: Sharpedo|94\/100 tox|[from] psn\n|-ability|p2a: Sharpedo|Speed Boost|boost\n|-boost|p2a: Sharpedo|spe|1\n|upkeep\n|turn|25\n|\n|t:|1699665300\n|detailschange|p2a: Sharpedo|Sharpedo-Mega, M\n|-mega|p2a: Sharpedo|Sharpedo|Sharpedonite\n|move|p2a: Sharpedo|Crunch|p1a: Yanmega\n|-damage|p1a: Yanmega|0 fnt\n|faint|p1a: Yanmega\n|\n|-damage|p2a: Sharpedo|82\/100 tox|[from] psn\n|upkeep\n|c|\u2606Team-Rocket-3rio|Alright kid! youve done it now!\n|\n|t:|1699665314\n|switch|p1a: Arbok|Arbok, F|34\/100\n|-ability|p1a: Arbok|Intimidate|boost\n|-unboost|p2a: Sharpedo|atk|1\n|turn|26\n|c|\u2606Oxijinn|I believe in you Sharpedo!\n|\n|t:|1699665332\n|move|p2a: Sharpedo|Earthquake|p1a: Arbok\n|-supereffective|p1a: Arbok\n|-damage|p1a: Arbok|0 fnt\n|faint|p1a: Arbok\n|\n|-damage|p2a: Sharpedo|64\/100 tox|[from] psn\n|upkeep\n|\n|t:|1699665335\n|switch|p1a: Weezing|Weezing, F|47\/100 brn\n|turn|27\n|\n|t:|1699665343\n|move|p2a: Sharpedo|Crunch|p1a: Weezing\n|-damage|p1a: Weezing|14\/100 brn\n|-damage|p2a: Sharpedo|48\/100 tox|[from] item: Rocky Helmet|[of] p1a: Weezing\n|move|p1a: Weezing|Pain Split|p2a: Sharpedo\n|-sethp|p2a: Sharpedo|32\/100 tox|[from] move: Pain Split|[silent]\n|-sethp|p1a: Weezing|27\/100 brn|[from] move: Pain Split\n|\n|-damage|p2a: Sharpedo|8\/100 tox|[from] psn\n|-damage|p1a: Weezing|21\/100 brn|[from] brn\n|upkeep\n|turn|28\n|\n|t:|1699665354\n|move|p2a: Sharpedo|Crunch|p1a: Weezing\n|-damage|p1a: Weezing|0 fnt\n|-damage|p2a: Sharpedo|0 fnt|[from] item: Rocky Helmet|[of] p1a: Weezing\n|faint|p1a: Weezing\n|faint|p2a: Sharpedo\n|\n|win|Oxijinn\n|raw|Team-Rocket-3rio's rating: 1127 &rarr; <strong>1097<\/strong><br \/>(-30 for losing)\n|raw|Oxijinn's rating: 1056 &rarr; <strong>1094<\/strong><br \/>(+38 for winning)\n|c|\u2606Oxijinn|Yeah we did it!\n|c|\u2606Team-Rocket-3rio|Team Rocket blasting off again!\n|c|\u2606Oxijinn|*blink*\n|c|\u2606Team-Rocket-3rio|Toodles twerp!\n|l|\u2606Team-Rocket-3rio\n|c|\u2606Oxijinn|YOU BETTER RUN!\n","uploadtime":1699665395,"views":13,"p1id":"teamrocket3rio","p2id":"oxijinn","formatid":"gen9nationaldex","rating":1094,"private":0,"password":""}