{"id":"gen9nationaldex-1998155755","p1":"yueyue12345","p2":"FLAREfofo","format":"[Gen 9] National Dex","log":"|html|<div class=\"broadcast-blue\"><strong>[Gen 9] National Dex is currently suspecting Sneasler! For information on how to participate check out the <a href=\"https:\/\/www.smogon.com\/forums\/threads\/sv-national-dex-suspect-8-just-dance.3731534\/\">suspect thread<\/a>.<\/strong><\/div>\n|j|\u2606yueyue12345\n|j|\u2606FLAREfofo\n|t:|1700902308\n|gametype|singles\n|player|p1|yueyue12345|lucas|1355\n|player|p2|FLAREfofo|170|1374\n|teamsize|p1|6\n|teamsize|p2|6\n|gen|9\n|tier|[Gen 9] National Dex\n|rated|\n|rule|HP Percentage Mod: HP is shown in percentages\n|rule|Endless Battle Clause: Forcing endless battles is banned\n|rule|OHKO Clause: OHKO moves are banned\n|rule|Evasion Clause: Evasion abilities, items, and moves are banned\n|rule|Evasion Abilities Clause: Evasion abilities are banned\n|rule|Evasion Items Clause: Evasion items are banned\n|rule|Evasion Moves Clause: Evasion moves are banned\n|rule|Species Clause: Limit one of each Pok\u00e9mon\n|rule|Sleep Clause Mod: Limit one foe put to sleep\n|clearpoke\n|poke|p1|Alomomola, M|\n|poke|p1|Hoopa-Unbound|\n|poke|p1|Heatran, M|\n|poke|p1|Hatterene, F|\n|poke|p1|Greninja-*, M|\n|poke|p1|Ribombee, M|\n|poke|p2|Zamazenta-*|\n|poke|p2|Rillaboom, M|\n|poke|p2|Charizard, M|\n|poke|p2|Golem-Alola, F|\n|poke|p2|Urshifu-*, M|\n|poke|p2|Tornadus-Therian, M|\n|teampreview\n|\n|t:|1700902334\n|start\n|switch|p1a: Ribombee|Ribombee, M|100\/100\n|switch|p2a: Rillaboom|Rillaboom, M, shiny|100\/100\n|-fieldstart|move: Grassy Terrain|[from] ability: Grassy Surge|[of] p2a: Rillaboom\n|turn|1\n|\n|t:|1700902343\n|move|p1a: Ribombee|Sticky Web|p2a: Rillaboom\n|-sidestart|p2: FLAREfofo|move: Sticky Web\n|move|p2a: Rillaboom|U-turn|p1a: Ribombee\n|-resisted|p1a: Ribombee\n|-damage|p1a: Ribombee|65\/100\n|\n|t:|1700902352\n|switch|p2a: Tornadus|Tornadus-Therian, M|100\/100|[from] U-turn\n|\n|-heal|p1a: Ribombee|71\/100|[from] Grassy Terrain\n|upkeep\n|turn|2\n|\n|t:|1700902356\n|move|p1a: Ribombee|Moonblast|p2a: Tornadus\n|-damage|p2a: Tornadus|69\/100\n|move|p2a: Tornadus|Bleakwind Storm|p1a: Ribombee\n|-supereffective|p1a: Ribombee\n|-damage|p1a: Ribombee|0 fnt\n|faint|p1a: Ribombee\n|\n|upkeep\n|\n|t:|1700902364\n|switch|p1a: Heatran|Heatran, M|100\/100\n|turn|3\n|\n|t:|1700902368\n|move|p2a: Tornadus|Defog|p1a: Heatran\n|-unboost|p1a: Heatran|evasion|1\n|-sideend|p2: FLAREfofo|Sticky Web|[from] move: Defog|[of] p2a: Tornadus\n|-fieldend|move: Grassy Terrain\n|move|p1a: Heatran|Eruption|p2a: Tornadus\n|-damage|p2a: Tornadus|0 fnt\n|faint|p2a: Tornadus\n|\n|upkeep\n|\n|t:|1700902372\n|switch|p2a: Golem|Golem-Alola, F|100\/100\n|turn|4\n|inactive|Battle timer is ON: inactive players will automatically lose when time's up. (requested by FLAREfofo)\n|\n|t:|1700902381\n|-terastallize|p1a: Heatran|Grass\n|move|p2a: Golem|High Horsepower|p1a: Heatran\n|-resisted|p1a: Heatran\n|-damage|p1a: Heatran|84\/100\n|move|p1a: Heatran|Eruption|p2a: Golem\n|-resisted|p2a: Golem\n|-damage|p2a: Golem|21\/100\n|\n|upkeep\n|turn|5\n|\n|t:|1700902389\n|move|p2a: Golem|High Horsepower|p1a: Heatran\n|-resisted|p1a: Heatran\n|-damage|p1a: Heatran|70\/100\n|move|p1a: Heatran|Eruption|p2a: Golem\n|-resisted|p2a: Golem\n|-damage|p2a: Golem|0 fnt\n|faint|p2a: Golem\n|\n|upkeep\n|\n|t:|1700902401\n|switch|p2a: Rillaboom|Rillaboom, M, shiny|100\/100\n|-fieldstart|move: Grassy Terrain|[from] ability: Grassy Surge|[of] p2a: Rillaboom\n|turn|6\n|\n|t:|1700902408\n|switch|p1a: Hatterene|Hatterene, F|100\/100\n|move|p2a: Rillaboom|U-turn|p1a: Hatterene\n|-damage|p1a: Hatterene|59\/100\n|-enditem|p1a: Hatterene|Eject Button\n|\n|t:|1700902415\n|switch|p1a: Hoopa|Hoopa-Unbound|100\/100\n|\n|upkeep\n|turn|7\n|\n|t:|1700902427\n|switch|p1a: Hatterene|Hatterene, F|59\/100\n|move|p2a: Rillaboom|U-turn|p1a: Hatterene\n|-damage|p1a: Hatterene|13\/100\n|\n|t:|1700902442\n|switch|p2a: Urshifu|Urshifu-Rapid-Strike, M|100\/100|[from] U-turn\n|\n|-heal|p1a: Hatterene|19\/100|[from] Grassy Terrain\n|upkeep\n|turn|8\n|\n|t:|1700902446\n|move|p2a: Urshifu|Surging Strikes|p1a: Hatterene\n|-crit|p1a: Hatterene\n|-damage|p1a: Hatterene|0 fnt\n|faint|p1a: Hatterene\n|-hitcount|p1: Hatterene|1\n|\n|upkeep\n|\n|t:|1700902449\n|switch|p1a: Alomomola|Alomomola, M|100\/100\n|turn|9\n|\n|t:|1700902468\n|switch|p2a: Rillaboom|Rillaboom, M, shiny|100\/100\n|move|p1a: Alomomola|Toxic|p2a: Rillaboom\n|-status|p2a: Rillaboom|tox\n|\n|-damage|p2a: Rillaboom|94\/100 tox|[from] psn\n|upkeep\n|turn|10\n|\n|t:|1700902473\n|move|p1a: Alomomola|Protect|p1a: Alomomola\n|-singleturn|p1a: Alomomola|Protect\n|move|p2a: Rillaboom|U-turn|p1a: Alomomola\n|-activate|p1a: Alomomola|move: Protect\n|\n|-heal|p2a: Rillaboom|100\/100 tox|[from] Grassy Terrain\n|-damage|p2a: Rillaboom|88\/100 tox|[from] psn\n|-fieldend|move: Grassy Terrain\n|upkeep\n|turn|11\n|\n|t:|1700902480\n|move|p2a: Rillaboom|U-turn|p1a: Alomomola\n|-damage|p1a: Alomomola|81\/100\n|\n|t:|1700902483\n|switch|p2a: Zamazenta|Zamazenta, shiny|100\/100|[from] U-turn\n|-ability|p2a: Zamazenta|Dauntless Shield|boost\n|-boost|p2a: Zamazenta|def|1\n|move|p1a: Alomomola|Wish|p1a: Alomomola\n|\n|-heal|p1a: Alomomola|87\/100|[from] item: Leftovers\n|upkeep\n|turn|12\n|\n|t:|1700902487\n|move|p2a: Zamazenta|Close Combat|p1a: Alomomola\n|-damage|p1a: Alomomola|43\/100\n|-unboost|p2a: Zamazenta|def|1\n|-unboost|p2a: Zamazenta|spd|1\n|move|p1a: Alomomola|Toxic|p2a: Zamazenta\n|-status|p2a: Zamazenta|tox\n|\n|-heal|p1a: Alomomola|93\/100|[from] move: Wish|[wisher] Alomomola\n|-heal|p1a: Alomomola|99\/100|[from] item: Leftovers\n|-damage|p2a: Zamazenta|94\/100 tox|[from] psn\n|upkeep\n|turn|13\n|\n|t:|1700902498\n|switch|p2a: Rillaboom|Rillaboom, M, shiny|88\/100 tox\n|-fieldstart|move: Grassy Terrain|[from] ability: Grassy Surge|[of] p2a: Rillaboom\n|move|p1a: Alomomola|Protect||[still]\n|-fail|p1a: Alomomola\n|\n|-heal|p2a: Rillaboom|94\/100 tox|[from] Grassy Terrain\n|-heal|p1a: Alomomola|100\/100|[from] Grassy Terrain\n|-damage|p2a: Rillaboom|88\/100 tox|[from] psn\n|upkeep\n|turn|14\n|\n|t:|1700902502\n|move|p1a: Alomomola|Protect|p1a: Alomomola\n|-singleturn|p1a: Alomomola|Protect\n|move|p2a: Rillaboom|Wood Hammer|p1a: Alomomola\n|-activate|p1a: Alomomola|move: Protect\n|\n|-heal|p2a: Rillaboom|94\/100 tox|[from] Grassy Terrain\n|-damage|p2a: Rillaboom|82\/100 tox|[from] psn\n|upkeep\n|turn|15\n|\n|t:|1700902508\n|switch|p1a: Heatran|Heatran, M, tera:Grass|70\/100\n|move|p2a: Rillaboom|Wood Hammer|p1a: Heatran\n|-resisted|p1a: Heatran\n|-damage|p1a: Heatran|3\/100\n|-damage|p2a: Rillaboom|61\/100 tox|[from] Recoil\n|\n|-heal|p1a: Heatran|9\/100|[from] Grassy Terrain\n|-heal|p2a: Rillaboom|67\/100 tox|[from] Grassy Terrain\n|-damage|p2a: Rillaboom|49\/100 tox|[from] psn\n|upkeep\n|turn|16\n|\n|t:|1700902523\n|switch|p2a: Urshifu|Urshifu-Rapid-Strike, M|100\/100\n|move|p1a: Heatran|Power Gem|p2a: Urshifu\n|-resisted|p2a: Urshifu\n|-damage|p2a: Urshifu|71\/100\n|\n|-heal|p2a: Urshifu|78\/100|[from] Grassy Terrain\n|-heal|p1a: Heatran|15\/100|[from] Grassy Terrain\n|upkeep\n|turn|17\n|\n|t:|1700902528\n|move|p2a: Urshifu|Swords Dance|p2a: Urshifu\n|-boost|p2a: Urshifu|atk|2\n|move|p1a: Heatran|Power Gem|p2a: Urshifu\n|-resisted|p2a: Urshifu\n|-damage|p2a: Urshifu|44\/100\n|\n|-heal|p2a: Urshifu|51\/100|[from] Grassy Terrain\n|-heal|p1a: Heatran|21\/100|[from] Grassy Terrain\n|-fieldend|move: Grassy Terrain\n|upkeep\n|turn|18\n|\n|t:|1700902535\n|move|p2a: Urshifu|Swords Dance|p2a: Urshifu\n|-boost|p2a: Urshifu|atk|2\n|move|p1a: Heatran|Power Gem|p2a: Urshifu\n|-resisted|p2a: Urshifu\n|-damage|p2a: Urshifu|17\/100\n|\n|upkeep\n|turn|19\n|\n|t:|1700902539\n|move|p2a: Urshifu|Surging Strikes|p1a: Heatran\n|-resisted|p1a: Heatran\n|-crit|p1a: Heatran\n|-damage|p1a: Heatran|0 fnt\n|faint|p1a: Heatran\n|-hitcount|p1: Heatran|1\n|\n|upkeep\n|\n|t:|1700902542\n|switch|p1a: Greninja|Greninja, M|100\/100\n|turn|20\n|\n|t:|1700902543\n|move|p1a: Greninja|Water Shuriken|p2a: Urshifu\n|-resisted|p2a: Urshifu\n|-damage|p2a: Urshifu|11\/100\n|-resisted|p2a: Urshifu\n|-damage|p2a: Urshifu|6\/100\n|-hitcount|p2a: Urshifu|2\n|move|p2a: Urshifu|Aqua Jet|p1a: Greninja\n|-resisted|p1a: Greninja\n|-damage|p1a: Greninja|38\/100\n|\n|upkeep\n|turn|21\n|\n|t:|1700902550\n|switch|p2a: Rillaboom|Rillaboom, M, shiny|49\/100 tox\n|-fieldstart|move: Grassy Terrain|[from] ability: Grassy Surge|[of] p2a: Rillaboom\n|move|p1a: Greninja|Water Shuriken|p2a: Rillaboom\n|-resisted|p2a: Rillaboom\n|-damage|p2a: Rillaboom|44\/100 tox\n|-resisted|p2a: Rillaboom\n|-damage|p2a: Rillaboom|40\/100 tox\n|-resisted|p2a: Rillaboom\n|-damage|p2a: Rillaboom|36\/100 tox\n|-resisted|p2a: Rillaboom\n|-damage|p2a: Rillaboom|31\/100 tox\n|-hitcount|p2a: Rillaboom|4\n|\n|-heal|p1a: Greninja|44\/100|[from] Grassy Terrain\n|-heal|p2a: Rillaboom|37\/100 tox|[from] Grassy Terrain\n|-damage|p2a: Rillaboom|31\/100 tox|[from] psn\n|upkeep\n|turn|22\n|\n|t:|1700902554\n|switch|p1a: Alomomola|Alomomola, M|100\/100\n|move|p2a: Rillaboom|Grassy Glide|p1a: Alomomola\n|-supereffective|p1a: Alomomola\n|-damage|p1a: Alomomola|36\/100\n|\n|-heal|p2a: Rillaboom|37\/100 tox|[from] Grassy Terrain\n|-heal|p1a: Alomomola|42\/100|[from] Grassy Terrain\n|-heal|p1a: Alomomola|48\/100|[from] item: Leftovers\n|-damage|p2a: Rillaboom|25\/100 tox|[from] psn\n|upkeep\n|turn|23\n|\n|t:|1700902560\n|switch|p2a: Urshifu|Urshifu-Rapid-Strike, M|6\/100\n|move|p1a: Alomomola|Protect||[still]\n|-fail|p1a: Alomomola\n|\n|-heal|p2a: Urshifu|12\/100|[from] Grassy Terrain\n|-heal|p1a: Alomomola|55\/100|[from] Grassy Terrain\n|-heal|p1a: Alomomola|61\/100|[from] item: Leftovers\n|upkeep\n|turn|24\n|\n|t:|1700902564\n|move|p2a: Urshifu|Close Combat|p1a: Alomomola\n|-damage|p1a: Alomomola|26\/100\n|-unboost|p2a: Urshifu|def|1\n|-unboost|p2a: Urshifu|spd|1\n|move|p1a: Alomomola|Flip Turn|p2a: Urshifu\n|-resisted|p2a: Urshifu\n|-damage|p2a: Urshifu|2\/100\n|\n|t:|1700902568\n|switch|p1a: Greninja|Greninja, M|44\/100|[from] Flip Turn\n|\n|-heal|p1a: Greninja|50\/100|[from] Grassy Terrain\n|-heal|p2a: Urshifu|8\/100|[from] Grassy Terrain\n|upkeep\n|turn|25\n|\n|t:|1700902585\n|move|p1a: Greninja|Water Shuriken|p2a: Urshifu\n|-resisted|p2a: Urshifu\n|-damage|p2a: Urshifu|0 fnt\n|faint|p2a: Urshifu\n|-ability|p1a: Greninja|Battle Bond|boost\n|-boost|p1a: Greninja|atk|1\n|-boost|p1a: Greninja|spa|1\n|-boost|p1a: Greninja|spe|1\n|-activate|p1a: Greninja|ability: Battle Bond\n|-hitcount|p2: Urshifu|1\n|\n|-heal|p1a: Greninja|56\/100|[from] Grassy Terrain\n|-fieldend|move: Grassy Terrain\n|upkeep\n|\n|t:|1700902589\n|switch|p2a: Charizard|Charizard, M, shiny|100\/100\n|turn|26\n|\n|t:|1700902595\n|detailschange|p2a: Charizard|Charizard-Mega-X, M, shiny\n|-mega|p2a: Charizard|Charizard|Charizardite X\n|move|p1a: Greninja|Hydro Pump|p2a: Charizard\n|-damage|p2a: Charizard|25\/100\n|move|p2a: Charizard|Dragon Claw|p1a: Greninja\n|-damage|p1a: Greninja|0 fnt\n|faint|p1a: Greninja\n|\n|upkeep\n|\n|t:|1700902602\n|switch|p1a: Alomomola|Alomomola, M|59\/100\n|turn|27\n|\n|t:|1700902608\n|switch|p2a: Zamazenta|Zamazenta, shiny|94\/100 tox\n|move|p1a: Alomomola|Wish|p1a: Alomomola\n|\n|-heal|p1a: Alomomola|65\/100|[from] item: Leftovers\n|-damage|p2a: Zamazenta|88\/100 tox|[from] psn\n|upkeep\n|turn|28\n|\n|t:|1700902618\n|move|p1a: Alomomola|Protect|p1a: Alomomola\n|-singleturn|p1a: Alomomola|Protect\n|move|p2a: Zamazenta|Close Combat|p1a: Alomomola\n|-activate|p1a: Alomomola|move: Protect\n|\n|-heal|p1a: Alomomola|100\/100|[from] move: Wish|[wisher] Alomomola\n|-damage|p2a: Zamazenta|76\/100 tox|[from] psn\n|upkeep\n|turn|29\n|\n|t:|1700902624\n|move|p2a: Zamazenta|Close Combat|p1a: Alomomola\n|-damage|p1a: Alomomola|57\/100\n|-unboost|p2a: Zamazenta|def|1\n|-unboost|p2a: Zamazenta|spd|1\n|move|p1a: Alomomola|Wish|p1a: Alomomola\n|\n|-heal|p1a: Alomomola|63\/100|[from] item: Leftovers\n|-damage|p2a: Zamazenta|57\/100 tox|[from] psn\n|upkeep\n|turn|30\n|\n|t:|1700902631\n|switch|p2a: Rillaboom|Rillaboom, M, shiny|25\/100 tox\n|-fieldstart|move: Grassy Terrain|[from] ability: Grassy Surge|[of] p2a: Rillaboom\n|move|p1a: Alomomola|Toxic|p2a: Rillaboom\n|-fail|p2a: Rillaboom|tox\n|\n|-heal|p1a: Alomomola|100\/100|[from] move: Wish|[wisher] Alomomola\n|-heal|p2a: Rillaboom|31\/100 tox|[from] Grassy Terrain\n|-damage|p2a: Rillaboom|25\/100 tox|[from] psn\n|upkeep\n|turn|31\n|\n|t:|1700902635\n|move|p1a: Alomomola|Protect|p1a: Alomomola\n|-singleturn|p1a: Alomomola|Protect\n|move|p2a: Rillaboom|Wood Hammer|p1a: Alomomola\n|-activate|p1a: Alomomola|move: Protect\n|\n|-heal|p2a: Rillaboom|31\/100 tox|[from] Grassy Terrain\n|-damage|p2a: Rillaboom|19\/100 tox|[from] psn\n|upkeep\n|turn|32\n|\n|t:|1700902643\n|switch|p2a: Zamazenta|Zamazenta, shiny|57\/100 tox\n|switch|p1a: Hoopa|Hoopa-Unbound|100\/100\n|\n|-heal|p2a: Zamazenta|64\/100 tox|[from] Grassy Terrain\n|-damage|p2a: Zamazenta|57\/100 tox|[from] psn\n|upkeep\n|turn|33\n|\n|t:|1700902648\n|move|p2a: Zamazenta|Close Combat|p1a: Hoopa\n|-damage|p1a: Hoopa|0 fnt\n|-unboost|p2a: Zamazenta|def|1\n|-unboost|p2a: Zamazenta|spd|1\n|faint|p1a: Hoopa\n|\n|-heal|p2a: Zamazenta|64\/100 tox|[from] Grassy Terrain\n|-damage|p2a: Zamazenta|51\/100 tox|[from] psn\n|upkeep\n|\n|t:|1700902650\n|switch|p1a: Alomomola|Alomomola, M|100\/100\n|turn|34\n|\n|t:|1700902652\n|move|p2a: Zamazenta|Close Combat|p1a: Alomomola\n|-damage|p1a: Alomomola|52\/100\n|-unboost|p2a: Zamazenta|def|1\n|-unboost|p2a: Zamazenta|spd|1\n|move|p1a: Alomomola|Flip Turn|p2a: Zamazenta\n|-damage|p2a: Zamazenta|25\/100 tox\n|\n|-heal|p2a: Zamazenta|32\/100 tox|[from] Grassy Terrain\n|-heal|p1a: Alomomola|58\/100|[from] Grassy Terrain\n|-heal|p1a: Alomomola|65\/100|[from] item: Leftovers\n|-damage|p2a: Zamazenta|13\/100 tox|[from] psn\n|-fieldend|move: Grassy Terrain\n|upkeep\n|turn|35\n|\n|t:|1700902657\n|move|p2a: Zamazenta|Close Combat|p1a: Alomomola\n|-damage|p1a: Alomomola|16\/100\n|-unboost|p2a: Zamazenta|def|1\n|-unboost|p2a: Zamazenta|spd|1\n|move|p1a: Alomomola|Wish|p1a: Alomomola\n|\n|-heal|p1a: Alomomola|22\/100|[from] item: Leftovers\n|-damage|p2a: Zamazenta|0 fnt|[from] psn\n|faint|p2a: Zamazenta\n|upkeep\n|\n|t:|1700902661\n|switch|p2a: Rillaboom|Rillaboom, M, shiny|19\/100 tox\n|-fieldstart|move: Grassy Terrain|[from] ability: Grassy Surge|[of] p2a: Rillaboom\n|turn|36\n|\n|t:|1700902663\n|move|p1a: Alomomola|Protect|p1a: Alomomola\n|-singleturn|p1a: Alomomola|Protect\n|move|p2a: Rillaboom|Grassy Glide|p1a: Alomomola\n|-activate|p1a: Alomomola|move: Protect\n|\n|-heal|p1a: Alomomola|72\/100|[from] move: Wish|[wisher] Alomomola\n|-heal|p2a: Rillaboom|25\/100 tox|[from] Grassy Terrain\n|-heal|p1a: Alomomola|79\/100|[from] Grassy Terrain\n|-heal|p1a: Alomomola|85\/100|[from] item: Leftovers\n|-damage|p2a: Rillaboom|19\/100 tox|[from] psn\n|upkeep\n|turn|37\n|\n|t:|1700902667\n|move|p2a: Rillaboom|Grassy Glide|p1a: Alomomola\n|-supereffective|p1a: Alomomola\n|-damage|p1a: Alomomola|21\/100\n|move|p1a: Alomomola|Flip Turn|p2a: Rillaboom\n|-resisted|p2a: Rillaboom\n|-damage|p2a: Rillaboom|11\/100 tox\n|\n|-heal|p2a: Rillaboom|17\/100 tox|[from] Grassy Terrain\n|-heal|p1a: Alomomola|27\/100|[from] Grassy Terrain\n|-heal|p1a: Alomomola|33\/100|[from] item: Leftovers\n|-damage|p2a: Rillaboom|5\/100 tox|[from] psn\n|upkeep\n|turn|38\n|\n|t:|1700902673\n|switch|p2a: Charizard|Charizard-Mega-X, M, shiny|25\/100\n|move|p1a: Alomomola|Protect||[still]\n|-fail|p1a: Alomomola\n|\n|-heal|p2a: Charizard|31\/100|[from] Grassy Terrain\n|-heal|p1a: Alomomola|39\/100|[from] Grassy Terrain\n|-heal|p1a: Alomomola|45\/100|[from] item: Leftovers\n|upkeep\n|turn|39\n|\n|t:|1700902682\n|switch|p2a: Rillaboom|Rillaboom, M, shiny|5\/100 tox\n|move|p1a: Alomomola|Wish|p1a: Alomomola\n|\n|-heal|p2a: Rillaboom|11\/100 tox|[from] Grassy Terrain\n|-heal|p1a: Alomomola|52\/100|[from] Grassy Terrain\n|-heal|p1a: Alomomola|58\/100|[from] item: Leftovers\n|-damage|p2a: Rillaboom|5\/100 tox|[from] psn\n|upkeep\n|turn|40\n|\n|t:|1700902686\n|move|p1a: Alomomola|Protect|p1a: Alomomola\n|-singleturn|p1a: Alomomola|Protect\n|move|p2a: Rillaboom|Wood Hammer|p1a: Alomomola\n|-activate|p1a: Alomomola|move: Protect\n|\n|-heal|p1a: Alomomola|100\/100|[from] move: Wish|[wisher] Alomomola\n|-heal|p2a: Rillaboom|11\/100 tox|[from] Grassy Terrain\n|-damage|p2a: Rillaboom|0 fnt|[from] psn\n|faint|p2a: Rillaboom\n|-fieldend|move: Grassy Terrain\n|upkeep\n|\n|t:|1700902690\n|switch|p2a: Charizard|Charizard-Mega-X, M, shiny|31\/100\n|turn|41\n|\n|t:|1700902694\n|move|p2a: Charizard|Roost|p2a: Charizard\n|-heal|p2a: Charizard|82\/100\n|-singleturn|p2a: Charizard|move: Roost\n|move|p1a: Alomomola|Toxic|p2a: Charizard\n|-status|p2a: Charizard|tox\n|\n|-damage|p2a: Charizard|75\/100 tox|[from] psn\n|upkeep\n|turn|42\n|\n|t:|1700902698\n|move|p2a: Charizard|Dragon Dance|p2a: Charizard\n|-boost|p2a: Charizard|atk|1\n|-boost|p2a: Charizard|spe|1\n|move|p1a: Alomomola|Flip Turn|p2a: Charizard\n|-damage|p2a: Charizard|63\/100 tox\n|\n|-damage|p2a: Charizard|51\/100 tox|[from] psn\n|upkeep\n|turn|43\n|\n|t:|1700902701\n|move|p2a: Charizard|Dragon Dance|p2a: Charizard\n|-boost|p2a: Charizard|atk|1\n|-boost|p2a: Charizard|spe|1\n|move|p1a: Alomomola|Wish|p1a: Alomomola\n|\n|-damage|p2a: Charizard|33\/100 tox|[from] psn\n|upkeep\n|turn|44\n|\n|t:|1700902705\n|move|p2a: Charizard|Roost|p2a: Charizard\n|-heal|p2a: Charizard|83\/100 tox\n|-singleturn|p2a: Charizard|move: Roost\n|move|p1a: Alomomola|Flip Turn|p2a: Charizard\n|-damage|p2a: Charizard|70\/100 tox\n|\n|-damage|p2a: Charizard|45\/100 tox|[from] psn\n|upkeep\n|turn|45\n|\n|t:|1700902713\n|move|p2a: Charizard|Roost|p2a: Charizard\n|-heal|p2a: Charizard|95\/100 tox\n|-singleturn|p2a: Charizard|move: Roost\n|move|p1a: Alomomola|Flip Turn|p2a: Charizard\n|-damage|p2a: Charizard|84\/100 tox\n|\n|-damage|p2a: Charizard|53\/100 tox|[from] psn\n|upkeep\n|turn|46\n|\n|t:|1700902722\n|move|p2a: Charizard|Dragon Claw|p1a: Alomomola\n|-damage|p1a: Alomomola|51\/100\n|move|p1a: Alomomola|Flip Turn|p2a: Charizard\n|-damage|p2a: Charizard|41\/100 tox\n|\n|-heal|p1a: Alomomola|57\/100|[from] item: Leftovers\n|-damage|p2a: Charizard|4\/100 tox|[from] psn\n|upkeep\n|turn|47\n|\n|t:|1700902737\n|move|p1a: Alomomola|Protect|p1a: Alomomola\n|-singleturn|p1a: Alomomola|Protect\n|move|p2a: Charizard|Dragon Claw|p1a: Alomomola\n|-activate|p1a: Alomomola|move: Protect\n|\n|-heal|p1a: Alomomola|63\/100|[from] item: Leftovers\n|-damage|p2a: Charizard|0 fnt|[from] psn\n|faint|p2a: Charizard\n|\n|win|yueyue12345\n|upkeep\n|raw|yueyue12345's rating: 1355 &rarr; <strong>1376<\/strong><br \/>(+21 for winning)\n|raw|FLAREfofo's rating: 1374 &rarr; <strong>1353<\/strong><br \/>(-21 for losing)\n|l|\u2606FLAREfofo\n","uploadtime":1700902760,"views":1,"p1id":"yueyue12345","p2id":"flarefofo","formatid":"gen9nationaldex","rating":1353,"private":0,"password":""}