{"id":"gen9nationaldex-2000571788","p1":"Greedy Monarch","p2":"Durr plant100","format":"[Gen 9] National Dex","log":"|html|<div class=\"broadcast-blue\"><strong>[Gen 9] National Dex is currently suspecting Sneasler! For information on how to participate check out the <a href=\"https:\/\/www.smogon.com\/forums\/threads\/sv-national-dex-suspect-8-just-dance.3731534\/\">suspect thread<\/a>.<\/strong><\/div>\n|j|\u2606Greedy Monarch\n|j|\u2606Durr plant100\n|t:|1701206458\n|gametype|singles\n|player|p1|Greedy Monarch|102|1378\n|player|p2|Durr plant100|ultraforestkartenvoy|1422\n|teamsize|p1|6\n|teamsize|p2|6\n|gen|9\n|tier|[Gen 9] National Dex\n|rated|\n|rule|HP Percentage Mod: HP is shown in percentages\n|rule|Endless Battle Clause: Forcing endless battles is banned\n|rule|OHKO Clause: OHKO moves are banned\n|rule|Evasion Clause: Evasion abilities, items, and moves are banned\n|rule|Evasion Abilities Clause: Evasion abilities are banned\n|rule|Evasion Items Clause: Evasion items are banned\n|rule|Evasion Moves Clause: Evasion moves are banned\n|rule|Species Clause: Limit one of each Pok\u00e9mon\n|rule|Sleep Clause Mod: Limit one foe put to sleep\n|clearpoke\n|poke|p1|Magnezone|\n|poke|p1|Meganium, M|\n|poke|p1|Scyther, F|\n|poke|p1|Nidoking, M|\n|poke|p1|Houndoom, M|\n|poke|p1|Shuckle, M|\n|poke|p2|Tyranitar, M|\n|poke|p2|Gliscor, F|\n|poke|p2|Golisopod, M|\n|poke|p2|Excadrill, M|\n|poke|p2|Hydreigon, M|\n|poke|p2|Volcarona, F|\n|teampreview\n|inactive|Battle timer is ON: inactive players will automatically lose when time's up. (requested by Durr plant100)\n|\n|t:|1701206477\n|start\n|switch|p1a: FMD|Shuckle, M|100\/100\n|switch|p2a: Anguirus|Excadrill, M|100\/100\n|turn|1\n|\n|t:|1701206485\n|move|p2a: Anguirus|Iron Head|p1a: FMD\n|-supereffective|p1a: FMD\n|-damage|p1a: FMD|43\/100\n|cant|p1a: FMD|flinch\n|\n|upkeep\n|turn|2\n|\n|t:|1701206494\n|move|p2a: Anguirus|Swords Dance|p2a: Anguirus\n|-boost|p2a: Anguirus|atk|2\n|move|p1a: FMD|Infestation|p2a: Anguirus\n|-resisted|p2a: Anguirus\n|-crit|p2a: Anguirus\n|-damage|p2a: Anguirus|99\/100\n|-activate|p2a: Anguirus|move: Infestation|[of] p1a: FMD\n|\n|-damage|p2a: Anguirus|82\/100|[from] move: Infestation|[partiallytrapped]\n|upkeep\n|turn|3\n|\n|t:|1701206500\n|move|p2a: Anguirus|Rapid Spin|p1a: FMD\n|-resisted|p1a: FMD\n|-damage|p1a: FMD|32\/100\n|-boost|p2a: Anguirus|spe|1\n|-end|p2a: Anguirus|Infestation|[partiallytrapped]\n|move|p1a: FMD|Rest|p1a: FMD\n|-status|p1a: FMD|slp|[from] move: Rest\n|-heal|p1a: FMD|100\/100 slp|[silent]\n|\n|upkeep\n|turn|4\n|\n|t:|1701206504\n|move|p2a: Anguirus|Iron Head|p1a: FMD\n|-supereffective|p1a: FMD\n|-ability|p1a: FMD|Sturdy\n|-damage|p1a: FMD|1\/100 slp\n|cant|p1a: FMD|slp\n|\n|upkeep\n|turn|5\n|\n|t:|1701206507\n|move|p2a: Anguirus|Rapid Spin|p1a: FMD\n|-resisted|p1a: FMD\n|-crit|p1a: FMD\n|-damage|p1a: FMD|0 fnt\n|-boost|p2a: Anguirus|spe|1\n|faint|p1a: FMD\n|\n|upkeep\n|\n|t:|1701206532\n|switch|p1a: Regno|Magnezone|100\/100\n|turn|6\n|\n|t:|1701206551\n|-terastallize|p1a: Regno|Bug\n|move|p2a: Anguirus|Earthquake|p1a: Regno\n|-resisted|p1a: Regno\n|-damage|p1a: Regno|52\/100\n|move|p1a: Regno|Tera Blast|p2a: Anguirus|[anim] Tera Blast Bug\n|-resisted|p2a: Anguirus\n|-damage|p2a: Anguirus|43\/100\n|\n|upkeep\n|turn|7\n|\n|t:|1701206563\n|move|p2a: Anguirus|Iron Head|p1a: Regno\n|-damage|p1a: Regno|0 fnt\n|faint|p1a: Regno\n|\n|upkeep\n|\n|t:|1701206571\n|switch|p1a: Meganium|Meganium, M|100\/100\n|turn|8\n|\n|t:|1701206582\n|-zpower|p2a: Anguirus\n|move|p2a: Anguirus|Corkscrew Crash|p1a: Meganium|[zeffect]\n|-damage|p1a: Meganium|0 fnt\n|faint|p1a: Meganium\n|\n|upkeep\n|\n|t:|1701206587\n|switch|p1a: Vitiosis|Scyther, F|100\/100\n|turn|9\n|\n|t:|1701206590\n|move|p2a: Anguirus|Iron Head|p1a: Vitiosis\n|-damage|p1a: Vitiosis|10\/100\n|move|p1a: Vitiosis|Close Combat|p2a: Anguirus\n|-supereffective|p2a: Anguirus\n|-damage|p2a: Anguirus|0 fnt\n|-unboost|p1a: Vitiosis|def|1\n|-unboost|p1a: Vitiosis|spd|1\n|faint|p2a: Anguirus\n|\n|upkeep\n|\n|t:|1701206597\n|switch|p2a: Shockirus|Golisopod, M|100\/100\n|turn|10\n|\n|t:|1701206601\n|move|p2a: Shockirus|First Impression|p1a: Vitiosis\n|-resisted|p1a: Vitiosis\n|-damage|p1a: Vitiosis|0 fnt\n|faint|p1a: Vitiosis\n|\n|upkeep\n|\n|t:|1701206609\n|switch|p1a: Nightcore|Nidoking, M, shiny|100\/100\n|turn|11\n|l|\u2606Durr plant100\n|inactive|Durr plant100 disconnected and has a minute to reconnect!\n|player|p2|\n|j|\u2606Durr plant100\n|inactive|Durr plant100 reconnected and has 145 seconds left.\n|player|p2|Durr plant100|ultraforestkartenvoy\n|\n|t:|1701206617\n|move|p2a: Shockirus|Aqua Jet|p1a: Nightcore\n|-supereffective|p1a: Nightcore\n|-damage|p1a: Nightcore|35\/100\n|move|p1a: Nightcore|Thunder Punch|p2a: Shockirus\n|-supereffective|p2a: Shockirus\n|-damage|p2a: Shockirus|48\/100\n|\n|upkeep\n|turn|12\n|\n|t:|1701206628\n|move|p2a: Shockirus|Aqua Jet|p1a: Nightcore\n|-supereffective|p1a: Nightcore\n|-damage|p1a: Nightcore|0 fnt\n|faint|p1a: Nightcore\n|\n|upkeep\n|\n|t:|1701206637\n|switch|p1a: D00M|Houndoom, M|100\/100\n|turn|13\n|c|\u2606Greedy Monarch|How did golisopod not leave?\n|inactive|Greedy Monarch has 120 seconds left.\n|c|\u2606Durr plant100|I don\u2019t know either\n|c|\u2606Greedy Monarch|K\n|\n|t:|1701206690\n|detailschange|p1a: D00M|Houndoom-Mega, M\n|-mega|p1a: D00M|Houndoom|Houndoominite\n|move|p2a: Shockirus|Aqua Jet|p1a: D00M\n|-supereffective|p1a: D00M\n|-damage|p1a: D00M|46\/100\n|move|p1a: D00M|Dark Pulse|p2a: Shockirus\n|-damage|p2a: Shockirus|2\/100\n|\n|upkeep\n|turn|14\n|\n|t:|1701206704\n|move|p2a: Shockirus|Aqua Jet|p1a: D00M\n|-supereffective|p1a: D00M\n|-damage|p1a: D00M|0 fnt\n|faint|p1a: D00M\n|\n|win|Durr plant100\n|raw|Greedy Monarch's rating: 1378 &rarr; <strong>1361<\/strong><br \/>(-17 for losing)\n|raw|Durr plant100's rating: 1422 &rarr; <strong>1439<\/strong><br \/>(+17 for winning)\n","uploadtime":1701206711,"views":16,"p1id":"greedymonarch","p2id":"durrplant100","formatid":"gen9nationaldex","rating":1361,"private":0,"password":""}