{"id":"gen9nationaldex-1996918795","p1":"penpen233","p2":"bazhujiadenvfen","format":"[Gen 9] National Dex","log":"|html|<div class=\"broadcast-blue\"><strong>[Gen 9] National Dex is currently suspecting Sneasler! For information on how to participate check out the <a href=\"https:\/\/www.smogon.com\/forums\/threads\/sv-national-dex-suspect-8-just-dance.3731534\/\">suspect thread<\/a>.<\/strong><\/div>\n|j|\u2606penpen233\n|j|\u2606bazhujiadenvfen\n|t:|1700744763\n|gametype|singles\n|player|p1|penpen233|ash-kalos|1615\n|player|p2|bazhujiadenvfen|169|1680\n|teamsize|p1|6\n|teamsize|p2|6\n|gen|9\n|tier|[Gen 9] National Dex\n|rated|\n|rule|HP Percentage Mod: HP is shown in percentages\n|rule|Endless Battle Clause: Forcing endless battles is banned\n|rule|OHKO Clause: OHKO moves are banned\n|rule|Evasion Clause: Evasion abilities, items, and moves are banned\n|rule|Evasion Abilities Clause: Evasion abilities are banned\n|rule|Evasion Items Clause: Evasion items are banned\n|rule|Evasion Moves Clause: Evasion moves are banned\n|rule|Species Clause: Limit one of each Pok\u00e9mon\n|rule|Sleep Clause Mod: Limit one foe put to sleep\n|clearpoke\n|poke|p1|Sneasler, F|\n|poke|p1|Serperior, M|\n|poke|p1|Galvantula, M|\n|poke|p1|Charizard, F|\n|poke|p1|Iron Treads|\n|poke|p1|Tapu Lele|\n|poke|p2|Slowbro-Galar, M|\n|poke|p2|Zamazenta-*|\n|poke|p2|Rillaboom, M|\n|poke|p2|Torterra, F|\n|poke|p2|Samurott-Hisui, F|\n|poke|p2|Kommo-o, F|\n|teampreview\n|inactive|Battle timer is ON: inactive players will automatically lose when time's up. (requested by penpen233)\n|\n|t:|1700744793\n|start\n|switch|p1a: \u6492\u4e2a\u7f51|Galvantula, M|100\/100\n|switch|p2a: Rillaboom|Rillaboom, M|100\/100\n|-fieldstart|move: Grassy Terrain|[from] ability: Grassy Surge|[of] p2a: Rillaboom\n|turn|1\n|\n|t:|1700744804\n|move|p1a: \u6492\u4e2a\u7f51|Sticky Web|p2a: Rillaboom\n|-sidestart|p2: bazhujiadenvfen|move: Sticky Web\n|move|p2a: Rillaboom|U-turn|p1a: \u6492\u4e2a\u7f51\n|-damage|p1a: \u6492\u4e2a\u7f51|56\/100\n|inactive|bazhujiadenvfen has 120 seconds left.\n|\n|t:|1700744836\n|switch|p2a: Torterra|Torterra, F|100\/100|[from] U-turn\n|-activate|p2a: Torterra|move: Sticky Web\n|-unboost|p2a: Torterra|spe|1\n|\n|-heal|p1a: \u6492\u4e2a\u7f51|62\/100|[from] Grassy Terrain\n|upkeep\n|turn|2\n|\n|t:|1700744850\n|move|p1a: \u6492\u4e2a\u7f51|Energy Ball|p2a: Torterra\n|-damage|p2a: Torterra|68\/100\n|move|p2a: Torterra|Shell Smash|p2a: Torterra\n|-unboost|p2a: Torterra|def|1\n|-unboost|p2a: Torterra|spd|1\n|-boost|p2a: Torterra|atk|2\n|-boost|p2a: Torterra|spa|2\n|-boost|p2a: Torterra|spe|2\n|\n|-heal|p1a: \u6492\u4e2a\u7f51|68\/100|[from] Grassy Terrain\n|-heal|p2a: Torterra|74\/100|[from] Grassy Terrain\n|upkeep\n|turn|3\n|\n|t:|1700744862\n|move|p1a: \u6492\u4e2a\u7f51|Energy Ball|p2a: Torterra\n|-damage|p2a: Torterra|22\/100\n|move|p2a: Torterra|Headlong Rush|p1a: \u6492\u4e2a\u7f51\n|-damage|p1a: \u6492\u4e2a\u7f51|0 fnt\n|-unboost|p2a: Torterra|def|1\n|-unboost|p2a: Torterra|spd|1\n|faint|p1a: \u6492\u4e2a\u7f51\n|\n|-heal|p2a: Torterra|28\/100|[from] Grassy Terrain\n|upkeep\n|\n|t:|1700744885\n|switch|p1a: \u654c\u4e0d\u52a8\u6211\u5c31\u52a8|Serperior, M|100\/100\n|turn|4\n|inactive|bazhujiadenvfen has 120 seconds left.\n|inactive|bazhujiadenvfen has 90 seconds left.\n|\n|t:|1700744940\n|move|p2a: Torterra|Grassy Glide|p1a: \u654c\u4e0d\u52a8\u6211\u5c31\u52a8\n|-resisted|p1a: \u654c\u4e0d\u52a8\u6211\u5c31\u52a8\n|-damage|p1a: \u654c\u4e0d\u52a8\u6211\u5c31\u52a8|30\/100\n|move|p1a: \u654c\u4e0d\u52a8\u6211\u5c31\u52a8|Leaf Storm|p2a: Torterra\n|-damage|p2a: Torterra|0 fnt\n|-boost|p1a: \u654c\u4e0d\u52a8\u6211\u5c31\u52a8|spa|2\n|faint|p2a: Torterra\n|\n|-heal|p1a: \u654c\u4e0d\u52a8\u6211\u5c31\u52a8|36\/100|[from] Grassy Terrain\n|-heal|p1a: \u654c\u4e0d\u52a8\u6211\u5c31\u52a8|42\/100|[from] item: Leftovers\n|upkeep\n|inactive|bazhujiadenvfen has 90 seconds left.\n|inactive|bazhujiadenvfen has 60 seconds left.\n|inactive|bazhujiadenvfen has 30 seconds left.\n|\n|t:|1700745008\n|switch|p2a: Kommo-o|Kommo-o, F|100\/100\n|-activate|p2a: Kommo-o|move: Sticky Web\n|-unboost|p2a: Kommo-o|spe|1\n|turn|5\n|\n|t:|1700745016\n|move|p1a: \u654c\u4e0d\u52a8\u6211\u5c31\u52a8|Glare|p2a: Kommo-o\n|-status|p2a: Kommo-o|par\n|cant|p2a: Kommo-o|par\n|\n|-heal|p1a: \u654c\u4e0d\u52a8\u6211\u5c31\u52a8|48\/100|[from] Grassy Terrain\n|-heal|p1a: \u654c\u4e0d\u52a8\u6211\u5c31\u52a8|55\/100|[from] item: Leftovers\n|upkeep\n|turn|6\n|\n|t:|1700745028\n|move|p1a: \u654c\u4e0d\u52a8\u6211\u5c31\u52a8|Substitute|p1a: \u654c\u4e0d\u52a8\u6211\u5c31\u52a8\n|-start|p1a: \u654c\u4e0d\u52a8\u6211\u5c31\u52a8|Substitute\n|-damage|p1a: \u654c\u4e0d\u52a8\u6211\u5c31\u52a8|30\/100\n|cant|p2a: Kommo-o|par\n|\n|-heal|p1a: \u654c\u4e0d\u52a8\u6211\u5c31\u52a8|36\/100|[from] Grassy Terrain\n|-heal|p1a: \u654c\u4e0d\u52a8\u6211\u5c31\u52a8|42\/100|[from] item: Leftovers\n|upkeep\n|turn|7\n|c|\u2606penpen233|..\n|inactive|bazhujiadenvfen has 30 seconds left.\n|\n|t:|1700745058\n|move|p1a: \u654c\u4e0d\u52a8\u6211\u5c31\u52a8|Leaf Storm|p2a: Kommo-o\n|-resisted|p2a: Kommo-o\n|-damage|p2a: Kommo-o|35\/100 par\n|-boost|p1a: \u654c\u4e0d\u52a8\u6211\u5c31\u52a8|spa|2\n|-zpower|p2a: Kommo-o\n|move|p2a: Kommo-o|Clangorous Soulblaze|p1a: \u654c\u4e0d\u52a8\u6211\u5c31\u52a8|[zeffect]\n|-damage|p1a: \u654c\u4e0d\u52a8\u6211\u5c31\u52a8|0 fnt\n|faint|p1a: \u654c\u4e0d\u52a8\u6211\u5c31\u52a8\n|-boost|p2a: Kommo-o|atk|1\n|-boost|p2a: Kommo-o|def|1\n|-boost|p2a: Kommo-o|spa|1\n|-boost|p2a: Kommo-o|spd|1\n|-boost|p2a: Kommo-o|spe|1\n|\n|-heal|p2a: Kommo-o|41\/100 par|[from] Grassy Terrain\n|upkeep\n|inactive|bazhujiadenvfen has 30 seconds left this turn.\n|c|\u2606penpen233|\u8001\u54e5\u6709\u70b9\u975e\u554a\n|\n|t:|1700745085\n|switch|p1a: \u6ca1\u5e26\u56f4\u5dfe|Tapu Lele|100\/100\n|-fieldstart|move: Psychic Terrain|[from] ability: Psychic Surge|[of] p1a: \u6ca1\u5e26\u56f4\u5dfe\n|turn|8\n|\n|t:|1700745093\n|move|p1a: \u6ca1\u5e26\u56f4\u5dfe|Moonblast|p2a: Kommo-o\n|-supereffective|p2a: Kommo-o\n|-crit|p2a: Kommo-o\n|-damage|p2a: Kommo-o|0 fnt\n|faint|p2a: Kommo-o\n|\n|upkeep\n|\n|t:|1700745102\n|switch|p2a: Rillaboom|Rillaboom, M|100\/100\n|-activate|p2a: Rillaboom|move: Sticky Web\n|-unboost|p2a: Rillaboom|spe|1\n|-fieldstart|move: Grassy Terrain|[from] ability: Grassy Surge|[of] p2a: Rillaboom\n|turn|9\n|\n|t:|1700745110\n|switch|p1a: \u56fd\u4ea7\u55b7|Charizard, F|100\/100\n|move|p2a: Rillaboom|U-turn|p1a: \u56fd\u4ea7\u55b7\n|-resisted|p1a: \u56fd\u4ea7\u55b7\n|-damage|p1a: \u56fd\u4ea7\u55b7|93\/100\n|\n|t:|1700745129\n|switch|p2a: Slowbro|Slowbro-Galar, M|100\/100|[from] U-turn\n|-activate|p2a: Slowbro|move: Sticky Web\n|-unboost|p2a: Slowbro|spe|1\n|\n|upkeep\n|turn|10\n|\n|t:|1700745139\n|switch|p1a: \u94c1\u5e9f\u7269|Iron Treads|100\/100\n|detailschange|p2a: Slowbro|Slowbro-Mega, M\n|-mega|p2a: Slowbro|Slowbro|Slowbronite\n|move|p2a: Slowbro|Scald|p1a: \u94c1\u5e9f\u7269\n|-supereffective|p1a: \u94c1\u5e9f\u7269\n|-damage|p1a: \u94c1\u5e9f\u7269|59\/100\n|\n|-heal|p1a: \u94c1\u5e9f\u7269|66\/100|[from] Grassy Terrain\n|upkeep\n|turn|11\n|\n|t:|1700745158\n|-end|p1a: \u94c1\u5e9f\u7269|Quark Drive|[silent]\n|switch|p1a: \u6ca1\u5e26\u56f4\u5dfe|Tapu Lele|100\/100\n|-fieldstart|move: Psychic Terrain|[from] ability: Psychic Surge|[of] p1a: \u6ca1\u5e26\u56f4\u5dfe\n|move|p2a: Slowbro|Scald|p1a: \u6ca1\u5e26\u56f4\u5dfe\n|-damage|p1a: \u6ca1\u5e26\u56f4\u5dfe|66\/100\n|\n|upkeep\n|turn|12\n|\n|t:|1700745177\n|move|p1a: \u6ca1\u5e26\u56f4\u5dfe|Psychic|p2a: Slowbro\n|-resisted|p2a: Slowbro\n|-damage|p2a: Slowbro|51\/100\n|-unboost|p2a: Slowbro|spd|1\n|move|p2a: Slowbro|Shell Side Arm|p1a: \u6ca1\u5e26\u56f4\u5dfe|[anim] Shell Side Arm Special\n|-supereffective|p1a: \u6ca1\u5e26\u56f4\u5dfe\n|-damage|p1a: \u6ca1\u5e26\u56f4\u5dfe|14\/100\n|-hint|Special Shell Side Arm\n|-status|p1a: \u6ca1\u5e26\u56f4\u5dfe|psn\n|\n|-damage|p1a: \u6ca1\u5e26\u56f4\u5dfe|2\/100 psn|[from] psn\n|upkeep\n|turn|13\n|\n|t:|1700745191\n|switch|p2a: Samurott|Samurott-Hisui, F|100\/100\n|-activate|p2a: Samurott|move: Sticky Web\n|-unboost|p2a: Samurott|spe|1\n|move|p1a: \u6ca1\u5e26\u56f4\u5dfe|Psychic|p2a: Samurott\n|-immune|p2a: Samurott\n|\n|-damage|p1a: \u6ca1\u5e26\u56f4\u5dfe|0 fnt|[from] psn\n|faint|p1a: \u6ca1\u5e26\u56f4\u5dfe\n|upkeep\n|\n|t:|1700745199\n|switch|p1a: \u51fb\u638c\u5947\u88ad|Sneasler, F|100\/100\n|-enditem|p1a: \u51fb\u638c\u5947\u88ad|Psychic Seed\n|-boost|p1a: \u51fb\u638c\u5947\u88ad|spd|1|[from] item: Psychic Seed\n|turn|14\n|inactive|penpen233 has 120 seconds left.\n|\n|t:|1700745219\n|-terastallize|p2a: Samurott|Water\n|move|p1a: \u51fb\u638c\u5947\u88ad|Close Combat|p2a: Samurott\n|-damage|p2a: Samurott|13\/100\n|-unboost|p1a: \u51fb\u638c\u5947\u88ad|def|1\n|-unboost|p1a: \u51fb\u638c\u5947\u88ad|spd|1\n|move|p2a: Samurott|Aqua Cutter|p1a: \u51fb\u638c\u5947\u88ad\n|-damage|p1a: \u51fb\u638c\u5947\u88ad|0 fnt\n|faint|p1a: \u51fb\u638c\u5947\u88ad\n|\n|upkeep\n|inactive|penpen233 has 120 seconds left.\n|\n|t:|1700745229\n|switch|p1a: \u94c1\u5e9f\u7269|Iron Treads|66\/100\n|turn|15\n|inactive|bazhujiadenvfen has 60 seconds left.\n|\n|t:|1700745243\n|switch|p2a: Rillaboom|Rillaboom, M|100\/100\n|-activate|p2a: Rillaboom|move: Sticky Web\n|-unboost|p2a: Rillaboom|spe|1\n|-fieldstart|move: Grassy Terrain|[from] ability: Grassy Surge|[of] p2a: Rillaboom\n|-terastallize|p1a: \u94c1\u5e9f\u7269|Flying\n|move|p1a: \u94c1\u5e9f\u7269|Rapid Spin|p2a: Rillaboom\n|-damage|p2a: Rillaboom|88\/100\n|-boost|p1a: \u94c1\u5e9f\u7269|spe|1\n|\n|-heal|p2a: Rillaboom|94\/100|[from] Grassy Terrain\n|upkeep\n|turn|16\n|inactive|bazhujiadenvfen has 60 seconds left.\n|\n|t:|1700745257\n|move|p1a: \u94c1\u5e9f\u7269|Knock Off|p2a: Rillaboom\n|-damage|p2a: Rillaboom|68\/100\n|-enditem|p2a: Rillaboom|Terrain Extender|[from] move: Knock Off|[of] p1a: \u94c1\u5e9f\u7269\n|move|p2a: Rillaboom|Knock Off|p1a: \u94c1\u5e9f\u7269\n|-damage|p1a: \u94c1\u5e9f\u7269|37\/100\n|-enditem|p1a: \u94c1\u5e9f\u7269|Assault Vest|[from] move: Knock Off|[of] p2a: Rillaboom\n|\n|-heal|p2a: Rillaboom|74\/100|[from] Grassy Terrain\n|upkeep\n|turn|17\n|\n|t:|1700745269\n|-end|p1a: \u94c1\u5e9f\u7269|Quark Drive|[silent]\n|switch|p1a: \u56fd\u4ea7\u55b7|Charizard, F|93\/100\n|move|p2a: Rillaboom|U-turn|p1a: \u56fd\u4ea7\u55b7\n|-resisted|p1a: \u56fd\u4ea7\u55b7\n|-damage|p1a: \u56fd\u4ea7\u55b7|85\/100\n|\n|t:|1700745277\n|switch|p2a: Samurott|Samurott-Hisui, F, tera:Water|13\/100|[from] U-turn\n|-activate|p2a: Samurott|move: Sticky Web\n|-unboost|p2a: Samurott|spe|1\n|\n|-heal|p2a: Samurott|19\/100|[from] Grassy Terrain\n|upkeep\n|turn|18\n|\n|t:|1700745284\n|detailschange|p1a: \u56fd\u4ea7\u55b7|Charizard-Mega-X, F\n|-mega|p1a: \u56fd\u4ea7\u55b7|Charizard|Charizardite X\n|move|p2a: Samurott|Sucker Punch||[still]\n|-fail|p2a: Samurott\n|move|p1a: \u56fd\u4ea7\u55b7|Belly Drum|p1a: \u56fd\u4ea7\u55b7\n|-damage|p1a: \u56fd\u4ea7\u55b7|35\/100\n|-setboost|p1a: \u56fd\u4ea7\u55b7|atk|6|[from] move: Belly Drum\n|\n|-heal|p1a: \u56fd\u4ea7\u55b7|41\/100|[from] Grassy Terrain\n|-heal|p2a: Samurott|25\/100|[from] Grassy Terrain\n|upkeep\n|turn|19\n|\n|t:|1700745303\n|switch|p2a: Slowbro|Slowbro-Mega, M|51\/100\n|-activate|p2a: Slowbro|move: Sticky Web\n|-unboost|p2a: Slowbro|spe|1\n|move|p1a: \u56fd\u4ea7\u55b7|Roost|p1a: \u56fd\u4ea7\u55b7\n|-heal|p1a: \u56fd\u4ea7\u55b7|92\/100\n|-singleturn|p1a: \u56fd\u4ea7\u55b7|move: Roost\n|\n|-heal|p1a: \u56fd\u4ea7\u55b7|98\/100|[from] Grassy Terrain\n|-heal|p2a: Slowbro|57\/100|[from] Grassy Terrain\n|upkeep\n|turn|20\n|\n|t:|1700745316\n|move|p1a: \u56fd\u4ea7\u55b7|Dragon Claw|p2a: Slowbro\n|-damage|p2a: Slowbro|0 fnt\n|faint|p2a: Slowbro\n|\n|-heal|p1a: \u56fd\u4ea7\u55b7|100\/100|[from] Grassy Terrain\n|upkeep\n|inactive|bazhujiadenvfen has 60 seconds left.\n|\n|t:|1700745328\n|switch|p2a: Samurott|Samurott-Hisui, F, tera:Water|25\/100\n|-activate|p2a: Samurott|move: Sticky Web\n|-unboost|p2a: Samurott|spe|1\n|turn|21\n|\n|t:|1700745334\n|move|p2a: Samurott|Aqua Jet|p1a: \u56fd\u4ea7\u55b7\n|-damage|p1a: \u56fd\u4ea7\u55b7|65\/100\n|move|p1a: \u56fd\u4ea7\u55b7|Flame Charge|p2a: Samurott\n|-resisted|p2a: Samurott\n|-damage|p2a: Samurott|0 fnt\n|-boost|p1a: \u56fd\u4ea7\u55b7|spe|1\n|faint|p2a: Samurott\n|\n|-heal|p1a: \u56fd\u4ea7\u55b7|71\/100|[from] Grassy Terrain\n|upkeep\n|inactive|bazhujiadenvfen has 60 seconds left.\n|\n|t:|1700745346\n|switch|p2a: Zamazenta|Zamazenta|100\/100\n|-activate|p2a: Zamazenta|move: Sticky Web\n|-unboost|p2a: Zamazenta|spe|1\n|-ability|p2a: Zamazenta|Dauntless Shield|boost\n|-boost|p2a: Zamazenta|def|1\n|turn|22\n|\n|t:|1700745355\n|move|p1a: \u56fd\u4ea7\u55b7|Dragon Claw|p2a: Zamazenta\n|-damage|p2a: Zamazenta|0 fnt\n|faint|p2a: Zamazenta\n|\n|-heal|p1a: \u56fd\u4ea7\u55b7|77\/100|[from] Grassy Terrain\n|-fieldend|move: Grassy Terrain\n|upkeep\n|-message|bazhujiadenvfen forfeited.\n|\n|win|penpen233\n|raw|penpen233's rating: 1615 &rarr; <strong>1639<\/strong><br \/>(+24 for winning)\n|raw|bazhujiadenvfen's rating: 1680 &rarr; <strong>1656<\/strong><br \/>(-24 for losing)\n|l|\u2606bazhujiadenvfen\n","uploadtime":1700745366,"views":4,"p1id":"penpen233","p2id":"bazhujiadenvfen","formatid":"gen9nationaldex","rating":1639,"private":0,"password":""}