{"id":"gen9nationaldex-1989170294","p1":"mr.4wkward","p2":"AlastorTheOverlord","format":"[Gen 9] National Dex","log":"|j|\u2606mr.4wkward\n|j|\u2606AlastorTheOverlord\n|t:|1699819643\n|gametype|singles\n|player|p1|mr.4wkward|102|1250\n|player|p2|AlastorTheOverlord|n|1199\n|teamsize|p1|6\n|teamsize|p2|6\n|gen|9\n|tier|[Gen 9] National Dex\n|rated|\n|rule|HP Percentage Mod: HP is shown in percentages\n|rule|Endless Battle Clause: Forcing endless battles is banned\n|rule|OHKO Clause: OHKO moves are banned\n|rule|Evasion Clause: Evasion abilities, items, and moves are banned\n|rule|Evasion Abilities Clause: Evasion abilities are banned\n|rule|Evasion Items Clause: Evasion items are banned\n|rule|Evasion Moves Clause: Evasion moves are banned\n|rule|Species Clause: Limit one of each Pok\u00e9mon\n|rule|Sleep Clause Mod: Limit one foe put to sleep\n|clearpoke\n|poke|p1|Ribombee, M|\n|poke|p1|Crobat, F|\n|poke|p1|Heracross, M|\n|poke|p1|Tyrantrum, F|\n|poke|p1|Iron Moth|\n|poke|p1|Tsareena, F|\n|poke|p2|Greninja-*, M|\n|poke|p2|Garchomp, M|\n|poke|p2|Chandelure, M|\n|poke|p2|Azumarill, M|\n|poke|p2|Aegislash, M|\n|poke|p2|Talonflame, M|\n|teampreview\n|inactive|Battle timer is ON: inactive players will automatically lose when time's up. (requested by AlastorTheOverlord)\n|\n|t:|1699819658\n|start\n|switch|p1a: Ribombee|Ribombee, M|100\/100\n|switch|p2a: Chandelure|Chandelure, M|100\/100\n|turn|1\n|\n|t:|1699819667\n|move|p2a: Chandelure|Flamethrower|p1a: Ribombee\n|-supereffective|p1a: Ribombee\n|-enditem|p1a: Ribombee|Focus Sash\n|-damage|p1a: Ribombee|1\/100\n|move|p1a: Ribombee|Tailwind|p1a: Ribombee\n|-sidestart|p1: mr.4wkward|move: Tailwind\n|\n|upkeep\n|turn|2\n|\n|t:|1699819674\n|move|p1a: Ribombee|Sticky Web|p2a: Chandelure\n|-sidestart|p2: AlastorTheOverlord|move: Sticky Web\n|move|p2a: Chandelure|Flamethrower|p1a: Ribombee\n|-supereffective|p1a: Ribombee\n|-damage|p1a: Ribombee|0 fnt\n|faint|p1a: Ribombee\n|\n|upkeep\n|\n|t:|1699819691\n|switch|p1a: Iron Moth|Iron Moth|100\/100\n|turn|3\n|\n|t:|1699819699\n|switch|p2a: Aegislash|Aegislash, M|100\/100\n|-activate|p2a: Aegislash|move: Sticky Web\n|-unboost|p2a: Aegislash|spe|1\n|move|p1a: Iron Moth|Sludge Wave|p2a: Aegislash\n|-immune|p2a: Aegislash\n|\n|upkeep\n|turn|4\n|\n|t:|1699819708\n|-end|p1a: Iron Moth|Quark Drive|[silent]\n|switch|p1a: Crobat|Crobat, F|100\/100\n|-formechange|p2a: Aegislash|Aegislash-Blade||[from] ability: Stance Change\n|move|p2a: Aegislash|Shadow Sneak|p1a: Crobat\n|-crit|p1a: Crobat\n|-damage|p1a: Crobat|55\/100\n|\n|-sideend|p1: mr.4wkward|move: Tailwind\n|upkeep\n|turn|5\n|\n|t:|1699819716\n|move|p1a: Crobat|Taunt|p2a: Aegislash\n|-start|p2a: Aegislash|move: Taunt\n|cant|p2a: Aegislash|move: Taunt|Swords Dance\n|\n|upkeep\n|turn|6\n|\n|t:|1699819721\n|move|p1a: Crobat|U-turn|p2a: Aegislash\n|-resisted|p2a: Aegislash\n|-damage|p2a: Aegislash|92\/100\n|\n|t:|1699819731\n|switch|p1a: Tsareena|Tsareena, F|100\/100|[from] U-turn\n|move|p2a: Aegislash|Iron Head|p1a: Tsareena\n|-damage|p1a: Tsareena|44\/100\n|\n|-heal|p2a: Aegislash|99\/100|[from] item: Leftovers\n|upkeep\n|turn|7\n|\n|t:|1699819740\n|move|p2a: Aegislash|Shadow Sneak||[still]\n|cant|p1a: Tsareena|ability: Queenly Majesty|Shadow Sneak|[of] p2a: Aegislash\n|move|p1a: Tsareena|Knock Off|p2a: Aegislash\n|-supereffective|p2a: Aegislash\n|-damage|p2a: Aegislash|0 fnt\n|-enditem|p2a: Aegislash|Leftovers|[from] move: Knock Off|[of] p1a: Tsareena\n|faint|p2a: Aegislash\n|\n|upkeep\n|inactive|AlastorTheOverlord has 120 seconds left.\n|\n|t:|1699819787\n|switch|p2a: Talonflame|Talonflame, M|100\/100\n|turn|8\n|\n|t:|1699819807\n|-terastallize|p1a: Tsareena|Water\n|move|p2a: Talonflame|Defog||[still]\n|cant|p1a: Tsareena|ability: Queenly Majesty|Defog|[of] p2a: Talonflame\n|move|p1a: Tsareena|Knock Off|p2a: Talonflame\n|-damage|p2a: Talonflame|48\/100\n|-enditem|p2a: Talonflame|Heavy-Duty Boots|[from] move: Knock Off|[of] p1a: Tsareena\n|\n|upkeep\n|turn|9\n|inactive|AlastorTheOverlord has 120 seconds left.\n|inactive|mr.4wkward has 120 seconds left.\n|c|\u2606mr.4wkward|whelp that sucks\n|\n|t:|1699819836\n|move|p2a: Talonflame|Brave Bird|p1a: Tsareena\n|-damage|p1a: Tsareena|0 fnt\n|faint|p1a: Tsareena\n|-damage|p2a: Talonflame|35\/100|[from] Recoil\n|\n|upkeep\n|\n|t:|1699819847\n|switch|p1a: Iron Moth|Iron Moth|100\/100\n|turn|10\n|\n|t:|1699819853\n|move|p1a: Iron Moth|Air Slash|p2a: Talonflame\n|-damage|p2a: Talonflame|0 fnt\n|faint|p2a: Talonflame\n|\n|upkeep\n|\n|t:|1699819860\n|switch|p2a: Azumarill|Azumarill, M|100\/100\n|-activate|p2a: Azumarill|move: Sticky Web\n|-unboost|p2a: Azumarill|spe|1\n|turn|11\n|inactive|mr.4wkward has 120 seconds left.\n|\n|t:|1699819875\n|move|p1a: Iron Moth|Air Slash|p2a: Azumarill\n|-damage|p2a: Azumarill|72\/100\n|move|p2a: Azumarill|Belly Drum|p2a: Azumarill\n|-damage|p2a: Azumarill|22\/100\n|-setboost|p2a: Azumarill|atk|6|[from] move: Belly Drum\n|-enditem|p2a: Azumarill|Sitrus Berry|[eat]\n|-heal|p2a: Azumarill|47\/100|[from] item: Sitrus Berry\n|\n|upkeep\n|turn|12\n|\n|t:|1699819883\n|-terastallize|p2a: Azumarill|Water\n|move|p2a: Azumarill|Aqua Jet|p1a: Iron Moth\n|-supereffective|p1a: Iron Moth\n|-damage|p1a: Iron Moth|0 fnt\n|faint|p1a: Iron Moth\n|-end|p1a: Iron Moth|Quark Drive|[silent]\n|\n|upkeep\n|\n|t:|1699819891\n|switch|p1a: Heracross|Heracross, M|100\/100\n|turn|13\n|\n|t:|1699819900\n|detailschange|p1a: Heracross|Heracross-Mega, M\n|-mega|p1a: Heracross|Heracross|Heracronite\n|move|p1a: Heracross|Pin Missile|p2a: Azumarill\n|-damage|p2a: Azumarill|29\/100\n|-damage|p2a: Azumarill|11\/100\n|-damage|p2a: Azumarill|0 fnt\n|faint|p2a: Azumarill\n|-hitcount|p2: Azumarill|3\n|\n|upkeep\n|\n|t:|1699819907\n|switch|p2a: Chandelure|Chandelure, M|100\/100\n|-activate|p2a: Chandelure|move: Sticky Web\n|-unboost|p2a: Chandelure|spe|1\n|turn|14\n|\n|t:|1699819911\n|move|p2a: Chandelure|Flamethrower|p1a: Heracross\n|-supereffective|p1a: Heracross\n|-damage|p1a: Heracross|0 fnt\n|faint|p1a: Heracross\n|\n|upkeep\n|\n|t:|1699819917\n|switch|p1a: Crobat|Crobat, F|55\/100\n|turn|15\n|\n|t:|1699819924\n|move|p1a: Crobat|Brave Bird|p2a: Chandelure\n|-damage|p2a: Chandelure|29\/100\n|-damage|p1a: Crobat|35\/100|[from] Recoil\n|move|p2a: Chandelure|Flamethrower|p1a: Crobat\n|-damage|p1a: Crobat|0 fnt\n|faint|p1a: Crobat\n|\n|upkeep\n|\n|t:|1699819931\n|switch|p1a: Tyrantrum|Tyrantrum, F|100\/100\n|turn|16\n|\n|t:|1699819937\n|move|p2a: Chandelure|Flamethrower|p1a: Tyrantrum\n|-resisted|p1a: Tyrantrum\n|-damage|p1a: Tyrantrum|78\/100\n|move|p1a: Tyrantrum|Dragon Claw|p2a: Chandelure\n|-damage|p2a: Chandelure|0 fnt\n|faint|p2a: Chandelure\n|\n|upkeep\n|c|\u2606mr.4wkward|i goofed\n|c|\u2606mr.4wkward|ggs...\n|\n|t:|1699819961\n|switch|p2a: Greninja|Greninja, M|100\/100\n|-activate|p2a: Greninja|move: Sticky Web\n|-unboost|p2a: Greninja|spe|1\n|turn|17\n|\n|t:|1699819968\n|move|p1a: Tyrantrum|Close Combat|p2a: Greninja\n|-supereffective|p2a: Greninja\n|-damage|p2a: Greninja|0 fnt\n|-unboost|p1a: Tyrantrum|def|1\n|-unboost|p1a: Tyrantrum|spd|1\n|faint|p2a: Greninja\n|\n|upkeep\n|\n|t:|1699819976\n|switch|p2a: Garchomp|Garchomp, M|100\/100\n|-activate|p2a: Garchomp|move: Sticky Web\n|-unboost|p2a: Garchomp|spe|1\n|turn|18\n|\n|t:|1699819983\n|detailschange|p2a: Garchomp|Garchomp-Mega, M\n|-mega|p2a: Garchomp|Garchomp|Garchompite\n|move|p1a: Tyrantrum|Dragon Claw|p2a: Garchomp\n|-supereffective|p2a: Garchomp\n|-damage|p2a: Garchomp|31\/100\n|move|p2a: Garchomp|Scale Shot|p1a: Tyrantrum\n|-supereffective|p1a: Tyrantrum\n|-damage|p1a: Tyrantrum|33\/100\n|-supereffective|p1a: Tyrantrum\n|-damage|p1a: Tyrantrum|0 fnt\n|faint|p1a: Tyrantrum\n|-hitcount|p1: Tyrantrum|2\n|\n|win|AlastorTheOverlord\n|raw|mr.4wkward's rating: 1250 &rarr; <strong>1221<\/strong><br \/>(-29 for losing)\n|raw|AlastorTheOverlord's rating: 1199 &rarr; <strong>1228<\/strong><br \/>(+29 for winning)\n|l|\u2606AlastorTheOverlord\n|j|\u2606AlastorTheOverlord\n|player|p2|AlastorTheOverlord|n\n","uploadtime":1699819991,"views":4,"p1id":"mr4wkward","p2id":"alastortheoverlord","formatid":"gen9nationaldex","rating":1221,"private":0,"password":""}