{"id":"gen9nationaldex-1988852431","p1":"hsenb\u59da\u67d0","p2":"OuoouoouO","format":"[Gen 9] National Dex","log":"|j|\u2606hsenb\u59da\u67d0\n|j|\u2606OuoouoouO\n|t:|1699774016\n|gametype|singles\n|player|p1|hsenb\u59da\u67d0|may-contest|\n|player|p2|OuoouoouO|elesa|\n|teamsize|p1|6\n|teamsize|p2|6\n|gen|9\n|tier|[Gen 9] National Dex\n|rule|HP Percentage Mod: HP is shown in percentages\n|rule|Endless Battle Clause: Forcing endless battles is banned\n|rule|OHKO Clause: OHKO moves are banned\n|rule|Evasion Clause: Evasion abilities, items, and moves are banned\n|rule|Evasion Abilities Clause: Evasion abilities are banned\n|rule|Evasion Items Clause: Evasion items are banned\n|rule|Evasion Moves Clause: Evasion moves are banned\n|rule|Species Clause: Limit one of each Pok\u00e9mon\n|rule|Sleep Clause Mod: Limit one foe put to sleep\n|clearpoke\n|poke|p1|Diancie|\n|poke|p1|Garganacl, M|\n|poke|p1|Arcanine-Hisui, F|\n|poke|p1|Nihilego|\n|poke|p1|Glimmora, M|\n|poke|p1|Kleavor, F|\n|poke|p2|Ampharos, F|\n|poke|p2|Victini|\n|poke|p2|Iron Valiant|\n|poke|p2|Alakazam, M|\n|poke|p2|Heatran, M|\n|poke|p2|Salamence, M|\n|teampreview\n|inactive|Battle timer is ON: inactive players will automatically lose when time's up. (requested by OuoouoouO)\n|\n|t:|1699774033\n|start\n|switch|p1a: Glimmora|Glimmora, M|100\/100\n|switch|p2a: Salamence|Salamence, M|100\/100\n|-ability|p2a: Salamence|Intimidate|boost\n|-unboost|p1a: Glimmora|atk|1\n|turn|1\n|j| handplay1\n|\n|t:|1699774039\n|move|p2a: Salamence|Hydro Pump|p1a: Glimmora\n|-supereffective|p1a: Glimmora\n|-enditem|p1a: Glimmora|Focus Sash\n|-damage|p1a: Glimmora|1\/100\n|move|p1a: Glimmora|Stealth Rock|p2a: Salamence\n|-sidestart|p2: OuoouoouO|move: Stealth Rock\n|\n|upkeep\n|turn|2\n|j| chensheng25800\n|j| cocakk\n|\n|t:|1699774044\n|move|p2a: Salamence|Hydro Pump|p1a: Glimmora\n|-supereffective|p1a: Glimmora\n|-damage|p1a: Glimmora|0 fnt\n|faint|p1a: Glimmora\n|\n|upkeep\n|\n|t:|1699774046\n|switch|p1a: Kleavor|Kleavor, F|100\/100\n|turn|3\n|\n|t:|1699774049\n|-terastallize|p2a: Salamence|Water\n|move|p1a: Kleavor|Stone Axe|p2a: Salamence\n|-damage|p2a: Salamence|38\/100\n|move|p2a: Salamence|Hydro Pump|p1a: Kleavor\n|-supereffective|p1a: Kleavor\n|-damage|p1a: Kleavor|0 fnt\n|faint|p1a: Kleavor\n|\n|upkeep\n|j| czcyf\n|c| cocakk|\u6211\u8349\n|c| cocakk|\u8fd9\u87b3\u8782\u597djb\u5927\n|c|\u2606hsenb\u59da\u67d0|\u4ec0\u4e48\u52fe\u5df4\n|c|\u2606OuoouoouO|\u4e50\n|\n|t:|1699774066\n|switch|p1a: Diancie|Diancie|100\/100\n|turn|4\n|\n|t:|1699774070\n|switch|p2a: Heatran|Heatran, M|100\/100\n|-damage|p2a: Heatran|88\/100|[from] Stealth Rock\n|detailschange|p1a: Diancie|Diancie-Mega\n|-mega|p1a: Diancie|Diancie|Diancite\n|move|p1a: Diancie|Moonblast|p2a: Heatran\n|-resisted|p2a: Heatran\n|-damage|p2a: Heatran|79\/100\n|-unboost|p2a: Heatran|spa|1\n|\n|-heal|p2a: Heatran|85\/100|[from] item: Leftovers\n|upkeep\n|turn|5\n|\n|t:|1699774078\n|switch|p2a: Alakazam|Alakazam, M|100\/100\n|move|p1a: Diancie|Earth Power|p2a: Alakazam\n|-damage|p2a: Alakazam|52\/100\n|\n|upkeep\n|turn|6\n|\n|t:|1699774082\n|move|p2a: Alakazam|Zap Cannon|p1a: Diancie|[miss]\n|-miss|p2a: Alakazam|p1a: Diancie\n|move|p1a: Diancie|Moonblast|p2a: Alakazam\n|-damage|p2a: Alakazam|0 fnt\n|faint|p2a: Alakazam\n|\n|upkeep\n|\n|t:|1699774086\n|switch|p2a: Victini|Victini|100\/100\n|-damage|p2a: Victini|76\/100|[from] Stealth Rock\n|turn|7\n|\n|t:|1699774090\n|move|p1a: Diancie|Diamond Storm|p2a: Victini\n|-supereffective|p2a: Victini\n|-damage|p2a: Victini|0 fnt\n|faint|p2a: Victini\n|\n|upkeep\n|c|\u2606OuoouoouO|\u98de\u821e\n|c| cocakk|\u7b11\u529b\u4e86\n|c|\u2606OuoouoouO|\u8fd9\u90fd\u8eb2\u4e0d\u5f00\ud83d\ude21\n|\n|t:|1699774107\n|switch|p2a: Iron Valiant|Iron Valiant|100\/100\n|-damage|p2a: Iron Valiant|94\/100|[from] Stealth Rock\n|-enditem|p2a: Iron Valiant|Booster Energy\n|-activate|p2a: Iron Valiant|ability: Quark Drive|[fromitem]\n|-start|p2a: Iron Valiant|quarkdrivespe\n|turn|8\n|c|\u2606hsenb\u59da\u67d0|\u8482\u5b89\u5e0c\u79d2\u4e86\ud83d\ude03\n|\n|t:|1699774121\n|move|p2a: Iron Valiant|Close Combat|p1a: Diancie\n|-damage|p1a: Diancie|7\/100\n|-unboost|p2a: Iron Valiant|def|1\n|-unboost|p2a: Iron Valiant|spd|1\n|move|p1a: Diancie|Moonblast|p2a: Iron Valiant\n|-supereffective|p2a: Iron Valiant\n|-damage|p2a: Iron Valiant|0 fnt\n|faint|p2a: Iron Valiant\n|-end|p2a: Iron Valiant|Quark Drive|[silent]\n|\n|upkeep\n|c|\u2606OuoouoouO|byd\n|l| cocakk\n|\n|t:|1699774130\n|switch|p2a: Ampharos|Ampharos, F|100\/100\n|-damage|p2a: Ampharos|88\/100|[from] Stealth Rock\n|turn|9\n|\n|t:|1699774139\n|switch|p1a: Garganacl|Garganacl, M|100\/100\n|move|p2a: Ampharos|Volt Switch|p1a: Garganacl\n|-damage|p1a: Garganacl|75\/100\n|\n|t:|1699774144\n|switch|p2a: Salamence|Salamence, M, tera:Water|38\/100|[from] Volt Switch\n|-damage|p2a: Salamence|25\/100|[from] Stealth Rock\n|-ability|p2a: Salamence|Intimidate|boost\n|-unboost|p1a: Garganacl|atk|1\n|\n|-heal|p1a: Garganacl|81\/100|[from] item: Leftovers\n|upkeep\n|turn|10\n|j| cocakk\n|\n|t:|1699774159\n|move|p1a: Garganacl|Protect|p1a: Garganacl\n|-singleturn|p1a: Garganacl|Protect\n|move|p2a: Salamence|Draco Meteor|p1a: Garganacl\n|-activate|p1a: Garganacl|move: Protect\n|\n|-heal|p1a: Garganacl|88\/100|[from] item: Leftovers\n|upkeep\n|turn|11\n|\n|t:|1699774177\n|switch|p2a: Ampharos|Ampharos, F|88\/100\n|-damage|p2a: Ampharos|76\/100|[from] Stealth Rock\n|switch|p1a: Diancie|Diancie-Mega|7\/100\n|\n|upkeep\n|turn|12\n|\n|t:|1699774185\n|switch|p1a: Garganacl|Garganacl, M|88\/100\n|move|p2a: Ampharos|Focus Blast|p1a: Garganacl\n|-supereffective|p1a: Garganacl\n|-damage|p1a: Garganacl|31\/100\n|\n|-heal|p1a: Garganacl|37\/100|[from] item: Leftovers\n|upkeep\n|turn|13\n|\n|t:|1699774195\n|-terastallize|p1a: Garganacl|Grass\n|move|p2a: Ampharos|Focus Blast|p1a: Garganacl|[miss]\n|-miss|p2a: Ampharos|p1a: Garganacl\n|move|p1a: Garganacl|Recover|p1a: Garganacl\n|-heal|p1a: Garganacl|87\/100\n|\n|-heal|p1a: Garganacl|94\/100|[from] item: Leftovers\n|upkeep\n|turn|14\n|\n|t:|1699774201\n|move|p2a: Ampharos|Volt Switch|p1a: Garganacl\n|-resisted|p1a: Garganacl\n|-damage|p1a: Garganacl|82\/100\n|\n|t:|1699774203\n|switch|p2a: Salamence|Salamence, M, tera:Water|25\/100|[from] Volt Switch\n|-damage|p2a: Salamence|13\/100|[from] Stealth Rock\n|-ability|p2a: Salamence|Intimidate|boost\n|-unboost|p1a: Garganacl|atk|1\n|move|p1a: Garganacl|Salt Cure|p2a: Salamence\n|-damage|p2a: Salamence|2\/100\n|-start|p2a: Salamence|Salt Cure\n|\n|-heal|p1a: Garganacl|89\/100|[from] item: Leftovers\n|-damage|p2a: Salamence|0 fnt|[from] Salt Cure\n|faint|p2a: Salamence\n|upkeep\n|\n|t:|1699774205\n|switch|p2a: Heatran|Heatran, M|85\/100\n|-damage|p2a: Heatran|73\/100|[from] Stealth Rock\n|turn|15\n|\n|t:|1699774209\n|move|p2a: Heatran|Magma Storm|p1a: Garganacl\n|-supereffective|p1a: Garganacl\n|-damage|p1a: Garganacl|35\/100\n|-activate|p1a: Garganacl|move: Magma Storm|[of] p2a: Heatran\n|move|p1a: Garganacl|Salt Cure|p2a: Heatran\n|-damage|p2a: Heatran|65\/100\n|-start|p2a: Heatran|Salt Cure\n|\n|-heal|p2a: Heatran|71\/100|[from] item: Leftovers\n|-heal|p1a: Garganacl|41\/100|[from] item: Leftovers\n|-damage|p2a: Heatran|46\/100|[from] Salt Cure\n|-damage|p1a: Garganacl|29\/100|[from] move: Magma Storm|[partiallytrapped]\n|upkeep\n|turn|16\n|\n|t:|1699774215\n|move|p2a: Heatran|Magma Storm|p1a: Garganacl\n|-supereffective|p1a: Garganacl\n|-damage|p1a: Garganacl|0 fnt\n|faint|p1a: Garganacl\n|\n|-heal|p2a: Heatran|52\/100|[from] item: Leftovers\n|-damage|p2a: Heatran|27\/100|[from] Salt Cure\n|upkeep\n|\n|t:|1699774220\n|switch|p1a: Nihilego|Nihilego|100\/100\n|turn|17\n|\n|t:|1699774223\n|move|p1a: Nihilego|Meteor Beam||[still]\n|-prepare|p1a: Nihilego|Meteor Beam\n|-boost|p1a: Nihilego|spa|1\n|-enditem|p1a: Nihilego|Power Herb\n|-anim|p1a: Nihilego|Meteor Beam|p2a: Heatran\n|-damage|p2a: Heatran|0 fnt\n|faint|p2a: Heatran\n|-ability|p1a: Nihilego|Beast Boost|boost\n|-boost|p1a: Nihilego|spe|1\n|\n|upkeep\n|\n|t:|1699774225\n|switch|p2a: Ampharos|Ampharos, F|76\/100\n|-damage|p2a: Ampharos|64\/100|[from] Stealth Rock\n|turn|18\n|\n|t:|1699774230\n|detailschange|p2a: Ampharos|Ampharos-Mega, F\n|-mega|p2a: Ampharos|Ampharos|Ampharosite\n|-ability|p2a: Ampharos|Mold Breaker\n|move|p1a: Nihilego|Sludge Wave|p2a: Ampharos\n|-damage|p2a: Ampharos|10\/100\n|-status|p2a: Ampharos|psn\n|move|p2a: Ampharos|Zap Cannon|p1a: Nihilego\n|-damage|p1a: Nihilego|37\/100\n|-status|p1a: Nihilego|par\n|\n|-damage|p2a: Ampharos|0 fnt|[from] psn\n|faint|p2a: Ampharos\n|\n|win|hsenb\u59da\u67d0\n|upkeep\n|c|\u2606hsenb\u59da\u67d0|6\n","uploadtime":1699774250,"views":4,"p1id":"hsenb","p2id":"ouoouoouo","formatid":"gen9nationaldex","rating":0,"private":0,"password":""}