{"id":"gen9nationaldex-1990491087","p1":"qualitysalt","p2":"KyosukeKamijou","format":"[Gen 9] National Dex","log":"|j|\u2606qualitysalt\n|j|\u2606KyosukeKamijou\n|t:|1699975747\n|gametype|singles\n|player|p1|qualitysalt|169|1206\n|player|p2|KyosukeKamijou|ghetsis|1182\n|teamsize|p1|6\n|teamsize|p2|6\n|gen|9\n|tier|[Gen 9] National Dex\n|rated|\n|rule|HP Percentage Mod: HP is shown in percentages\n|rule|Endless Battle Clause: Forcing endless battles is banned\n|rule|OHKO Clause: OHKO moves are banned\n|rule|Evasion Clause: Evasion abilities, items, and moves are banned\n|rule|Evasion Abilities Clause: Evasion abilities are banned\n|rule|Evasion Items Clause: Evasion items are banned\n|rule|Evasion Moves Clause: Evasion moves are banned\n|rule|Species Clause: Limit one of each Pok\u00e9mon\n|rule|Sleep Clause Mod: Limit one foe put to sleep\n|clearpoke\n|poke|p1|Metagross|\n|poke|p1|Lilligant-Hisui, F|\n|poke|p1|Garchomp, M|\n|poke|p1|Zapdos|\n|poke|p1|Garganacl, F|\n|poke|p1|Iron Valiant|\n|poke|p2|Kommo-o, M|\n|poke|p2|Great Tusk|\n|poke|p2|Ogerpon-Cornerstone, F|\n|poke|p2|Charizard, M|\n|poke|p2|Greninja-*, M|\n|poke|p2|Volcarona, F|\n|teampreview\n|inactive|Battle timer is ON: inactive players will automatically lose when time's up. (requested by qualitysalt)\n|\n|t:|1699975762\n|start\n|switch|p1a: Lilligant|Lilligant-Hisui, F|100\/100\n|switch|p2a: Change Dragon|Charizard, M|100\/100\n|turn|1\n|\n|t:|1699975769\n|detailschange|p2a: Change Dragon|Charizard-Mega-Y, M\n|-mega|p2a: Change Dragon|Charizard|Charizardite Y\n|-weather|SunnyDay|[from] ability: Drought|[of] p2a: Change Dragon\n|move|p2a: Change Dragon|Air Slash|p1a: Lilligant\n|-supereffective|p1a: Lilligant\n|-damage|p1a: Lilligant|0 fnt\n|faint|p1a: Lilligant\n|\n|-weather|SunnyDay|[upkeep]\n|upkeep\n|\n|t:|1699975776\n|switch|p1a: Zapdos|Zapdos|100\/100\n|turn|2\n|\n|t:|1699975779\n|switch|p2a: Mammothranger|Great Tusk|100\/100\n|-activate|p2a: Mammothranger|ability: Protosynthesis\n|-start|p2a: Mammothranger|protosynthesisatk\n|move|p1a: Zapdos|Volt Switch|p2a: Mammothranger\n|-immune|p2a: Mammothranger\n|\n|-weather|SunnyDay|[upkeep]\n|upkeep\n|turn|3\n|\n|t:|1699975787\n|move|p2a: Mammothranger|Rock Slide|p1a: Zapdos\n|-supereffective|p1a: Zapdos\n|-damage|p1a: Zapdos|38\/100\n|cant|p1a: Zapdos|flinch\n|\n|-weather|SunnyDay|[upkeep]\n|upkeep\n|turn|4\n|\n|t:|1699975793\n|switch|p1a: Ass-Blaster|Metagross|100\/100\n|move|p2a: Mammothranger|Rock Slide|p1a: Ass-Blaster\n|-resisted|p1a: Ass-Blaster\n|-crit|p1a: Ass-Blaster\n|-damage|p1a: Ass-Blaster|76\/100\n|\n|-weather|SunnyDay|[upkeep]\n|upkeep\n|turn|5\n|\n|t:|1699975801\n|-end|p2a: Mammothranger|Protosynthesis|[silent]\n|switch|p2a: PapillonOhger|Volcarona, F, shiny|100\/100\n|move|p1a: Ass-Blaster|Zen Headbutt|p2a: PapillonOhger\n|-damage|p2a: PapillonOhger|0 fnt\n|faint|p2a: PapillonOhger\n|\n|-weather|none\n|upkeep\n|\n|t:|1699975808\n|switch|p2a: Change Dragon|Charizard-Mega-Y, M|100\/100\n|-weather|SunnyDay|[from] ability: Drought|[of] p2a: Change Dragon\n|turn|6\n|\n|t:|1699975812\n|switch|p1a: Garga Deez Nuts|Garganacl, F|100\/100\n|move|p2a: Change Dragon|Flamethrower|p1a: Garga Deez Nuts\n|-resisted|p1a: Garga Deez Nuts\n|-damage|p1a: Garga Deez Nuts|73\/100\n|\n|-weather|SunnyDay|[upkeep]\n|-heal|p1a: Garga Deez Nuts|79\/100|[from] item: Leftovers\n|upkeep\n|turn|7\n|\n|t:|1699975820\n|move|p2a: Change Dragon|Solar Beam||[still]\n|-prepare|p2a: Change Dragon|Solar Beam\n|-anim|p2a: Change Dragon|Solar Beam|p1a: Garga Deez Nuts\n|-supereffective|p1a: Garga Deez Nuts\n|-damage|p1a: Garga Deez Nuts|17\/100\n|move|p1a: Garga Deez Nuts|Stealth Rock|p2a: Change Dragon\n|-sidestart|p2: KyosukeKamijou|move: Stealth Rock\n|\n|-weather|SunnyDay|[upkeep]\n|-heal|p1a: Garga Deez Nuts|24\/100|[from] item: Leftovers\n|upkeep\n|turn|8\n|\n|t:|1699975828\n|move|p1a: Garga Deez Nuts|Protect|p1a: Garga Deez Nuts\n|-singleturn|p1a: Garga Deez Nuts|Protect\n|move|p2a: Change Dragon|Solar Beam||[still]\n|-prepare|p2a: Change Dragon|Solar Beam\n|-anim|p2a: Change Dragon|Solar Beam|p1a: Garga Deez Nuts\n|-activate|p1a: Garga Deez Nuts|move: Protect\n|\n|-weather|SunnyDay|[upkeep]\n|-heal|p1a: Garga Deez Nuts|30\/100|[from] item: Leftovers\n|upkeep\n|turn|9\n|\n|t:|1699975836\n|switch|p1a: Zapdos|Zapdos|38\/100\n|move|p2a: Change Dragon|Solar Beam||[still]\n|-prepare|p2a: Change Dragon|Solar Beam\n|-anim|p2a: Change Dragon|Solar Beam|p1a: Zapdos\n|-resisted|p1a: Zapdos\n|-damage|p1a: Zapdos|16\/100\n|\n|-weather|SunnyDay|[upkeep]\n|upkeep\n|turn|10\n|\n|t:|1699975844\n|move|p2a: Change Dragon|Flamethrower|p1a: Zapdos\n|-damage|p1a: Zapdos|0 fnt\n|faint|p1a: Zapdos\n|\n|-weather|none\n|upkeep\n|\n|t:|1699975848\n|switch|p1a: Garga Deez Nuts|Garganacl, F|30\/100\n|turn|11\n|\n|t:|1699975852\n|move|p2a: Change Dragon|Defog|p1a: Garga Deez Nuts\n|-unboost|p1a: Garga Deez Nuts|evasion|1\n|-sideend|p2: KyosukeKamijou|Stealth Rock|[from] move: Defog|[of] p2a: Change Dragon\n|move|p1a: Garga Deez Nuts|Salt Cure|p2a: Change Dragon\n|-supereffective|p2a: Change Dragon\n|-damage|p2a: Change Dragon|28\/100\n|-start|p2a: Change Dragon|Salt Cure\n|\n|-heal|p1a: Garga Deez Nuts|36\/100|[from] item: Leftovers\n|-damage|p2a: Change Dragon|15\/100|[from] Salt Cure\n|upkeep\n|turn|12\n|\n|t:|1699975862\n|switch|p2a: Ryuranger|Kommo-o, M|100\/100\n|move|p1a: Garga Deez Nuts|Recover|p1a: Garga Deez Nuts\n|-heal|p1a: Garga Deez Nuts|86\/100\n|\n|-heal|p1a: Garga Deez Nuts|92\/100|[from] item: Leftovers\n|upkeep\n|turn|13\n|\n|t:|1699975869\n|-zpower|p2a: Ryuranger\n|move|p2a: Ryuranger|Clangorous Soulblaze|p1a: Garga Deez Nuts|[zeffect]\n|-damage|p1a: Garga Deez Nuts|42\/100\n|-boost|p2a: Ryuranger|atk|1\n|-boost|p2a: Ryuranger|def|1\n|-boost|p2a: Ryuranger|spa|1\n|-boost|p2a: Ryuranger|spd|1\n|-boost|p2a: Ryuranger|spe|1\n|move|p1a: Garga Deez Nuts|Salt Cure|p2a: Ryuranger\n|-resisted|p2a: Ryuranger\n|-damage|p2a: Ryuranger|96\/100\n|-start|p2a: Ryuranger|Salt Cure\n|\n|-heal|p1a: Garga Deez Nuts|48\/100|[from] item: Leftovers\n|-damage|p2a: Ryuranger|84\/100|[from] Salt Cure\n|upkeep\n|turn|14\n|\n|t:|1699975885\n|move|p1a: Garga Deez Nuts|Protect|p1a: Garga Deez Nuts\n|-singleturn|p1a: Garga Deez Nuts|Protect\n|move|p2a: Ryuranger|Aura Sphere|p1a: Garga Deez Nuts\n|-activate|p1a: Garga Deez Nuts|move: Protect\n|\n|-heal|p1a: Garga Deez Nuts|54\/100|[from] item: Leftovers\n|-damage|p2a: Ryuranger|72\/100|[from] Salt Cure\n|upkeep\n|turn|15\n|\n|t:|1699975896\n|move|p2a: Ryuranger|Aura Sphere|p1a: Garga Deez Nuts\n|-supereffective|p1a: Garga Deez Nuts\n|-damage|p1a: Garga Deez Nuts|0 fnt\n|faint|p1a: Garga Deez Nuts\n|\n|-damage|p2a: Ryuranger|59\/100|[from] Salt Cure\n|upkeep\n|\n|t:|1699975899\n|switch|p1a: Iron Valiant|Iron Valiant|100\/100\n|-enditem|p1a: Iron Valiant|Booster Energy\n|-activate|p1a: Iron Valiant|ability: Quark Drive|[fromitem]\n|-start|p1a: Iron Valiant|quarkdrivespe\n|turn|16\n|\n|t:|1699975906\n|move|p1a: Iron Valiant|Moonblast|p2a: Ryuranger\n|-supereffective|p2a: Ryuranger\n|-crit|p2a: Ryuranger\n|-damage|p2a: Ryuranger|0 fnt\n|faint|p2a: Ryuranger\n|\n|upkeep\n|\n|t:|1699975911\n|switch|p2a: Change Dragon|Charizard-Mega-Y, M|15\/100\n|-weather|SunnyDay|[from] ability: Drought|[of] p2a: Change Dragon\n|turn|17\n|\n|t:|1699975915\n|move|p1a: Iron Valiant|Thunderbolt|p2a: Change Dragon\n|-supereffective|p2a: Change Dragon\n|-crit|p2a: Change Dragon\n|-damage|p2a: Change Dragon|0 fnt\n|faint|p2a: Change Dragon\n|\n|-weather|SunnyDay|[upkeep]\n|upkeep\n|\n|t:|1699975922\n|switch|p2a: Mammothranger|Great Tusk|100\/100\n|-activate|p2a: Mammothranger|ability: Protosynthesis\n|-start|p2a: Mammothranger|protosynthesisatk\n|turn|18\n|\n|t:|1699975931\n|-terastallize|p2a: Mammothranger|Ground\n|move|p1a: Iron Valiant|Moonblast|p2a: Mammothranger\n|-damage|p2a: Mammothranger|30\/100\n|move|p2a: Mammothranger|Headlong Rush|p1a: Iron Valiant\n|-damage|p1a: Iron Valiant|0 fnt\n|-unboost|p2a: Mammothranger|def|1\n|-unboost|p2a: Mammothranger|spd|1\n|faint|p1a: Iron Valiant\n|-end|p1a: Iron Valiant|Quark Drive|[silent]\n|\n|-weather|SunnyDay|[upkeep]\n|upkeep\n|\n|t:|1699975939\n|switch|p1a: Garchomp|Garchomp, M|100\/100\n|turn|19\n|\n|t:|1699975946\n|detailschange|p1a: Garchomp|Garchomp-Mega, M\n|-mega|p1a: Garchomp|Garchomp|Garchompite\n|move|p2a: Mammothranger|Headlong Rush|p1a: Garchomp\n|-damage|p1a: Garchomp|9\/100\n|-unboost|p2a: Mammothranger|def|1\n|-unboost|p2a: Mammothranger|spd|1\n|move|p1a: Garchomp|Scale Shot|p2a: Mammothranger\n|-damage|p2a: Mammothranger|8\/100\n|-damage|p2a: Mammothranger|0 fnt\n|faint|p2a: Mammothranger\n|-end|p2a: Mammothranger|Protosynthesis|[silent]\n|-hitcount|p2: Mammothranger|2\n|-unboost|p1a: Garchomp|def|1\n|-boost|p1a: Garchomp|spe|1\n|\n|-weather|SunnyDay|[upkeep]\n|upkeep\n|\n|t:|1699975960\n|switch|p2a: Ninja Black|Greninja, M, shiny|100\/100\n|turn|20\n|\n|t:|1699975966\n|move|p2a: Ninja Black|Water Shuriken|p1a: Garchomp\n|-start|p2a: Ninja Black|typechange|Water|[from] ability: Protean\n|-damage|p1a: Garchomp|4\/100\n|-damage|p1a: Garchomp|0 fnt\n|faint|p1a: Garchomp\n|-hitcount|p1: Garchomp|2\n|\n|-weather|SunnyDay|[upkeep]\n|upkeep\n|\n|t:|1699975968\n|switch|p1a: Ass-Blaster|Metagross|76\/100\n|turn|21\n|\n|t:|1699975975\n|-terastallize|p1a: Ass-Blaster|Steel\n|move|p2a: Ninja Black|Water Shuriken|p1a: Ass-Blaster\n|-damage|p1a: Ass-Blaster|70\/100\n|-damage|p1a: Ass-Blaster|63\/100\n|-hitcount|p1a: Ass-Blaster|2\n|move|p1a: Ass-Blaster|Meteor Mash|p2a: Ninja Black\n|-resisted|p2a: Ninja Black\n|-damage|p2a: Ninja Black|18\/100\n|\n|-weather|none\n|upkeep\n|turn|22\n|\n|t:|1699975984\n|move|p2a: Ninja Black|Water Shuriken|p1a: Ass-Blaster\n|-damage|p1a: Ass-Blaster|51\/100\n|-damage|p1a: Ass-Blaster|37\/100\n|-damage|p1a: Ass-Blaster|24\/100\n|-hitcount|p1a: Ass-Blaster|3\n|move|p1a: Ass-Blaster|Meteor Mash|p2a: Ninja Black\n|-resisted|p2a: Ninja Black\n|-crit|p2a: Ninja Black\n|-damage|p2a: Ninja Black|0 fnt\n|faint|p2a: Ninja Black\n|\n|upkeep\n|\n|t:|1699975994\n|switch|p2a: Onisister|Ogerpon-Cornerstone, F|100\/100\n|turn|23\n|\n|t:|1699975997\n|move|p2a: Onisister|Spiky Shield|p2a: Onisister\n|-singleturn|p2a: Onisister|move: Protect\n|move|p1a: Ass-Blaster|Meteor Mash|p2a: Onisister\n|-activate|p2a: Onisister|move: Protect\n|-damage|p1a: Ass-Blaster|12\/100|[from] Spiky Shield|[of] p2a: Onisister\n|\n|upkeep\n|turn|24\n|\n|t:|1699976003\n|move|p2a: Onisister|Leech Seed|p1a: Ass-Blaster\n|-start|p1a: Ass-Blaster|move: Leech Seed\n|move|p1a: Ass-Blaster|Meteor Mash|p2a: Onisister\n|-supereffective|p2a: Onisister\n|-ability|p2a: Onisister|Sturdy\n|-damage|p2a: Onisister|1\/100\n|\n|-damage|p1a: Ass-Blaster|0 fnt|[from] Leech Seed|[of] p2a: Onisister\n|-heal|p2a: Onisister|10\/100|[silent]\n|faint|p1a: Ass-Blaster\n|\n|win|KyosukeKamijou\n|upkeep\n|raw|qualitysalt's rating: 1206 &rarr; <strong>1179<\/strong><br \/>(-27 for losing)\n|raw|KyosukeKamijou's rating: 1182 &rarr; <strong>1209<\/strong><br \/>(+27 for winning)\n|l|\u2606qualitysalt\n","uploadtime":1699976013,"views":5,"p1id":"qualitysalt","p2id":"kyosukekamijou","formatid":"gen9nationaldex","rating":1179,"private":0,"password":""}