{"id":"gen9nationaldex-1989360870","p1":"qingxiaoqing","p2":"LorGin98","format":"[Gen 9] National Dex","log":"|j|\u2606qingxiaoqing\n|j|\u2606LorGin98\n|t:|1699840682\n|gametype|singles\n|player|p1|qingxiaoqing|265|1295\n|player|p2|LorGin98|clown|1198\n|teamsize|p1|6\n|teamsize|p2|6\n|gen|9\n|tier|[Gen 9] National Dex\n|rated|\n|rule|HP Percentage Mod: HP is shown in percentages\n|rule|Endless Battle Clause: Forcing endless battles is banned\n|rule|OHKO Clause: OHKO moves are banned\n|rule|Evasion Clause: Evasion abilities, items, and moves are banned\n|rule|Evasion Abilities Clause: Evasion abilities are banned\n|rule|Evasion Items Clause: Evasion items are banned\n|rule|Evasion Moves Clause: Evasion moves are banned\n|rule|Species Clause: Limit one of each Pok\u00e9mon\n|rule|Sleep Clause Mod: Limit one foe put to sleep\n|clearpoke\n|poke|p1|Swampert, M|\n|poke|p1|Pelipper, F|\n|poke|p1|Hoopa-Unbound|\n|poke|p1|Glimmora, F|\n|poke|p1|Urshifu-*, M|\n|poke|p1|Ogerpon-Wellspring, F|\n|poke|p2|Deoxys-Defense|\n|poke|p2|Volcarona, M|\n|poke|p2|Toxapex, M|\n|poke|p2|Corviknight, M|\n|poke|p2|Cofagrigus, M|\n|poke|p2|Volcanion|\n|teampreview\n|inactive|Battle timer is ON: inactive players will automatically lose when time's up. (requested by LorGin98)\n|\n|t:|1699840693\n|start\n|switch|p1a: Hoopa|Hoopa-Unbound|100\/100\n|switch|p2a: Volcarona|Volcarona, M|100\/100\n|turn|1\n|\n|t:|1699840703\n|move|p2a: Volcarona|Bug Buzz|p1a: Hoopa\n|-supereffective|p1a: Hoopa\n|-damage|p1a: Hoopa|0 fnt\n|faint|p1a: Hoopa\n|\n|upkeep\n|\n|t:|1699840707\n|switch|p1a: Pelipper|Pelipper, F|100\/100\n|-weather|RainDance|[from] ability: Drizzle|[of] p1a: Pelipper\n|turn|2\n|\n|t:|1699840715\n|-terastallize|p2a: Volcarona|Grass\n|move|p2a: Volcarona|Quiver Dance|p2a: Volcarona\n|-boost|p2a: Volcarona|spa|1\n|-boost|p2a: Volcarona|spd|1\n|-boost|p2a: Volcarona|spe|1\n|move|p1a: Pelipper|Hurricane|p2a: Volcarona\n|-supereffective|p2a: Volcarona\n|-enditem|p2a: Volcarona|Focus Sash\n|-damage|p2a: Volcarona|1\/100\n|\n|-weather|RainDance|[upkeep]\n|upkeep\n|turn|3\n|\n|t:|1699840734\n|move|p2a: Volcarona|Giga Drain|p1a: Pelipper\n|-damage|p1a: Pelipper|0 fnt\n|-heal|p2a: Volcarona|43\/100|[from] drain|[of] p1a: Pelipper\n|faint|p1a: Pelipper\n|\n|-weather|RainDance|[upkeep]\n|upkeep\n|\n|t:|1699840738\n|switch|p1a: Ogerpon|Ogerpon-Wellspring, F|100\/100\n|turn|4\n|\n|t:|1699840747\n|move|p2a: Volcarona|Giga Drain|p1a: Ogerpon\n|-damage|p1a: Ogerpon|28\/100\n|-heal|p2a: Volcarona|78\/100|[from] drain|[of] p1a: Ogerpon\n|move|p1a: Ogerpon|Ivy Cudgel|p2a: Volcarona\n|-resisted|p2a: Volcarona\n|-damage|p2a: Volcarona|10\/100\n|\n|-weather|RainDance|[upkeep]\n|upkeep\n|turn|5\n|\n|t:|1699840755\n|move|p2a: Volcarona|Giga Drain|p1a: Ogerpon\n|-damage|p1a: Ogerpon|0 fnt\n|-heal|p2a: Volcarona|23\/100|[from] drain|[of] p1a: Ogerpon\n|faint|p1a: Ogerpon\n|\n|-weather|RainDance|[upkeep]\n|upkeep\n|\n|t:|1699840758\n|switch|p1a: Urshifu|Urshifu-Rapid-Strike, M|100\/100\n|turn|6\n|\n|t:|1699840761\n|-terastallize|p1a: Urshifu|Water\n|move|p1a: Urshifu|Aqua Jet|p2a: Volcarona\n|-resisted|p2a: Volcarona\n|-damage|p2a: Volcarona|0 fnt\n|-status|p1a: Urshifu|brn|[from] ability: Flame Body|[of] p2a: Volcarona\n|faint|p2a: Volcarona\n|\n|-weather|none\n|-damage|p1a: Urshifu|94\/100 brn|[from] brn\n|upkeep\n|\n|t:|1699840768\n|switch|p2a: Cofagrigus|Cofagrigus, M|100\/100\n|turn|7\n|\n|t:|1699840779\n|switch|p1a: Glimmora|Glimmora, F|100\/100\n|move|p2a: Cofagrigus|Hex|p1a: Glimmora\n|-damage|p1a: Glimmora|74\/100\n|\n|upkeep\n|turn|8\n|\n|t:|1699840788\n|move|p1a: Glimmora|Mortal Spin|p2a: Cofagrigus\n|-resisted|p2a: Cofagrigus\n|-damage|p2a: Cofagrigus|98\/100\n|-status|p2a: Cofagrigus|psn\n|-activate|p2a: Cofagrigus|ability: Mummy|Toxic Debris|[of] p1a: Glimmora\n|move|p2a: Cofagrigus|Will-O-Wisp|p1a: Glimmora\n|-status|p1a: Glimmora|brn\n|\n|-heal|p2a: Cofagrigus|100\/100 psn|[from] item: Leftovers\n|-damage|p2a: Cofagrigus|88\/100 psn|[from] psn\n|-damage|p1a: Glimmora|68\/100 brn|[from] brn\n|upkeep\n|turn|9\n|\n|t:|1699840795\n|move|p1a: Glimmora|Stealth Rock|p2a: Cofagrigus\n|-sidestart|p2: LorGin98|move: Stealth Rock\n|move|p2a: Cofagrigus|Hex|p1a: Glimmora\n|-damage|p1a: Glimmora|15\/100 brn\n|\n|-heal|p2a: Cofagrigus|94\/100 psn|[from] item: Leftovers\n|-damage|p2a: Cofagrigus|82\/100 psn|[from] psn\n|-damage|p1a: Glimmora|9\/100 brn|[from] brn\n|upkeep\n|turn|10\n|\n|t:|1699840798\n|move|p1a: Glimmora|Earth Power|p2a: Cofagrigus\n|-crit|p2a: Cofagrigus\n|-damage|p2a: Cofagrigus|42\/100 psn\n|move|p2a: Cofagrigus|Hex|p1a: Glimmora\n|-damage|p1a: Glimmora|0 fnt\n|faint|p1a: Glimmora\n|\n|-heal|p2a: Cofagrigus|49\/100 psn|[from] item: Leftovers\n|-damage|p2a: Cofagrigus|36\/100 psn|[from] psn\n|upkeep\n|\n|t:|1699840813\n|switch|p1a: Swampert|Swampert, M|100\/100\n|turn|11\n|\n|t:|1699840817\n|detailschange|p1a: Swampert|Swampert-Mega, M\n|-mega|p1a: Swampert|Swampert|Swampertite\n|move|p1a: Swampert|Earthquake|p2a: Cofagrigus\n|-damage|p2a: Cofagrigus|0 fnt\n|faint|p2a: Cofagrigus\n|\n|upkeep\n|\n|t:|1699840834\n|switch|p2a: Corviknight|Corviknight, M|100\/100\n|-damage|p2a: Corviknight|88\/100|[from] Stealth Rock\n|-ability|p2a: Corviknight|Pressure\n|turn|12\n|\n|t:|1699840842\n|move|p1a: Swampert|Rain Dance|p1a: Swampert\n|-weather|RainDance\n|move|p2a: Corviknight|Bulk Up|p2a: Corviknight\n|-boost|p2a: Corviknight|atk|1\n|-boost|p2a: Corviknight|def|1\n|\n|-weather|RainDance|[upkeep]\n|-heal|p2a: Corviknight|94\/100|[from] item: Leftovers\n|upkeep\n|turn|13\n|\n|t:|1699840865\n|move|p1a: Swampert|Waterfall|p2a: Corviknight\n|-damage|p2a: Corviknight|50\/100\n|move|p2a: Corviknight|Bulk Up|p2a: Corviknight\n|-boost|p2a: Corviknight|atk|1\n|-boost|p2a: Corviknight|def|1\n|\n|-weather|RainDance|[upkeep]\n|-heal|p2a: Corviknight|56\/100|[from] item: Leftovers\n|upkeep\n|turn|14\n|\n|t:|1699840870\n|move|p1a: Swampert|Waterfall|p2a: Corviknight\n|-damage|p2a: Corviknight|24\/100\n|move|p2a: Corviknight|Roost|p2a: Corviknight\n|-heal|p2a: Corviknight|74\/100\n|-singleturn|p2a: Corviknight|move: Roost\n|\n|-weather|RainDance|[upkeep]\n|-heal|p2a: Corviknight|81\/100|[from] item: Leftovers\n|upkeep\n|turn|15\n|\n|t:|1699840879\n|switch|p1a: Urshifu|Urshifu-Rapid-Strike, M, tera:Water|94\/100 brn\n|move|p2a: Corviknight|Bulk Up|p2a: Corviknight\n|-boost|p2a: Corviknight|atk|1\n|-boost|p2a: Corviknight|def|1\n|\n|-weather|RainDance|[upkeep]\n|-heal|p2a: Corviknight|87\/100|[from] item: Leftovers\n|-damage|p1a: Urshifu|88\/100 brn|[from] brn\n|upkeep\n|turn|16\n|\n|t:|1699840886\n|move|p1a: Urshifu|Surging Strikes|p2a: Corviknight\n|-crit|p2a: Corviknight\n|-damage|p2a: Corviknight|62\/100\n|-crit|p2a: Corviknight\n|-damage|p2a: Corviknight|39\/100\n|-crit|p2a: Corviknight\n|-damage|p2a: Corviknight|16\/100\n|-hitcount|p2a: Corviknight|3\n|move|p2a: Corviknight|Body Press|p1a: Urshifu\n|-damage|p1a: Urshifu|41\/100 brn\n|\n|-weather|none\n|-heal|p2a: Corviknight|22\/100|[from] item: Leftovers\n|-damage|p1a: Urshifu|35\/100 brn|[from] brn\n|upkeep\n|turn|17\n|\n|t:|1699840901\n|switch|p2a: Toxapex|Toxapex, M|100\/100\n|-damage|p2a: Toxapex|88\/100|[from] Stealth Rock\n|move|p1a: Urshifu|Surging Strikes|p2a: Toxapex\n|-resisted|p2a: Toxapex\n|-crit|p2a: Toxapex\n|-damage|p2a: Toxapex|82\/100\n|-resisted|p2a: Toxapex\n|-crit|p2a: Toxapex\n|-damage|p2a: Toxapex|76\/100\n|-resisted|p2a: Toxapex\n|-crit|p2a: Toxapex\n|-damage|p2a: Toxapex|70\/100\n|-hitcount|p2a: Toxapex|3\n|\n|-heal|p2a: Toxapex|76\/100|[from] item: Leftovers\n|-damage|p1a: Urshifu|29\/100 brn|[from] brn\n|upkeep\n|turn|18\n|\n|t:|1699840909\n|switch|p2a: Deoxys|Deoxys-Defense|100\/100\n|-damage|p2a: Deoxys|88\/100|[from] Stealth Rock\n|-ability|p2a: Deoxys|Pressure\n|move|p1a: Urshifu|Surging Strikes|p2a: Deoxys\n|-crit|p2a: Deoxys\n|-damage|p2a: Deoxys|75\/100\n|-crit|p2a: Deoxys\n|-damage|p2a: Deoxys|63\/100\n|-crit|p2a: Deoxys\n|-damage|p2a: Deoxys|51\/100\n|-hitcount|p2a: Deoxys|3\n|\n|-heal|p2a: Deoxys|58\/100|[from] item: Leftovers\n|-damage|p1a: Urshifu|22\/100 brn|[from] brn\n|upkeep\n|turn|19\n|\n|t:|1699840918\n|move|p2a: Deoxys|Protect|p2a: Deoxys\n|-singleturn|p2a: Deoxys|Protect\n|move|p1a: Urshifu|Surging Strikes|p2a: Deoxys\n|-crit|p2a: Deoxys\n|-damage|p2a: Deoxys|47\/100\n|-crit|p2a: Deoxys\n|-damage|p2a: Deoxys|35\/100\n|-crit|p2a: Deoxys\n|-damage|p2a: Deoxys|23\/100\n|-hitcount|p2a: Deoxys|3\n|\n|-heal|p2a: Deoxys|29\/100|[from] item: Leftovers\n|-damage|p1a: Urshifu|16\/100 brn|[from] brn\n|upkeep\n|turn|20\n|\n|t:|1699840933\n|move|p1a: Urshifu|Surging Strikes|p2a: Deoxys\n|-crit|p2a: Deoxys\n|-damage|p2a: Deoxys|18\/100\n|-crit|p2a: Deoxys\n|-damage|p2a: Deoxys|7\/100\n|-crit|p2a: Deoxys\n|-damage|p2a: Deoxys|0 fnt\n|faint|p2a: Deoxys\n|-hitcount|p2: Deoxys|3\n|\n|-damage|p1a: Urshifu|10\/100 brn|[from] brn\n|upkeep\n|\n|t:|1699840940\n|switch|p2a: Corviknight|Corviknight, M|22\/100\n|-damage|p2a: Corviknight|10\/100|[from] Stealth Rock\n|-ability|p2a: Corviknight|Pressure\n|turn|21\n|\n|t:|1699840957\n|-activate|p1a: Urshifu|move: Struggle\n|move|p1a: Urshifu|Struggle|p2a: Corviknight\n|-damage|p2a: Corviknight|0 fnt\n|faint|p2a: Corviknight\n|-damage|p1a: Urshifu|0 fnt|[from] recoil\n|faint|p1a: Urshifu\n|\n|upkeep\n|\n|t:|1699840972\n|switch|p1a: Swampert|Swampert-Mega, M|100\/100\n|switch|p2a: Toxapex|Toxapex, M|100\/100\n|-damage|p2a: Toxapex|88\/100|[from] Stealth Rock\n|turn|22\n|\n|t:|1699840976\n|move|p2a: Toxapex|Baneful Bunker|p2a: Toxapex\n|-singleturn|p2a: Toxapex|move: Protect\n|move|p1a: Swampert|Earthquake|p2a: Toxapex\n|-activate|p2a: Toxapex|move: Protect\n|\n|-heal|p2a: Toxapex|94\/100|[from] item: Leftovers\n|upkeep\n|turn|23\n|\n|t:|1699840980\n|move|p1a: Swampert|Earthquake|p2a: Toxapex\n|-supereffective|p2a: Toxapex\n|-damage|p2a: Toxapex|15\/100\n|move|p2a: Toxapex|Scald|p1a: Swampert\n|-damage|p1a: Swampert|84\/100\n|\n|-heal|p2a: Toxapex|22\/100|[from] item: Leftovers\n|upkeep\n|turn|24\n|\n|t:|1699840986\n|move|p2a: Toxapex|Baneful Bunker|p2a: Toxapex\n|-singleturn|p2a: Toxapex|move: Protect\n|move|p1a: Swampert|Earthquake|p2a: Toxapex\n|-activate|p2a: Toxapex|move: Protect\n|\n|-heal|p2a: Toxapex|28\/100|[from] item: Leftovers\n|upkeep\n|turn|25\n|\n|t:|1699840992\n|move|p1a: Swampert|Earthquake|p2a: Toxapex\n|-supereffective|p2a: Toxapex\n|-damage|p2a: Toxapex|0 fnt\n|faint|p2a: Toxapex\n|\n|upkeep\n|\n|t:|1699840993\n|switch|p2a: Volcanion|Volcanion|100\/100\n|-damage|p2a: Volcanion|76\/100|[from] Stealth Rock\n|turn|26\n|\n|t:|1699840995\n|move|p1a: Swampert|Earthquake|p2a: Volcanion\n|-supereffective|p2a: Volcanion\n|-damage|p2a: Volcanion|0 fnt\n|faint|p2a: Volcanion\n|\n|win|qingxiaoqing\n|raw|qingxiaoqing's rating: 1295 &rarr; <strong>1313<\/strong><br \/>(+18 for winning)\n|raw|LorGin98's rating: 1198 &rarr; <strong>1180<\/strong><br \/>(-18 for losing)\n","uploadtime":1699841007,"views":5,"p1id":"qingxiaoqing","p2id":"lorgin98","formatid":"gen9nationaldex","rating":1180,"private":0,"password":""}