{"id":"gen9nationaldex-1989930518","p1":"coolepicman598","p2":"97Graham","format":"[Gen 9] National Dex","log":"|j|\u2606coolepicman598\n|j|\u260697Graham\n|t:|1699907710\n|gametype|singles\n|player|p1|coolepicman598|n|1637\n|player|p2|97Graham|punkguy-gen7|1613\n|teamsize|p1|6\n|teamsize|p2|6\n|gen|9\n|tier|[Gen 9] National Dex\n|rated|\n|rule|HP Percentage Mod: HP is shown in percentages\n|rule|Endless Battle Clause: Forcing endless battles is banned\n|rule|OHKO Clause: OHKO moves are banned\n|rule|Evasion Clause: Evasion abilities, items, and moves are banned\n|rule|Evasion Abilities Clause: Evasion abilities are banned\n|rule|Evasion Items Clause: Evasion items are banned\n|rule|Evasion Moves Clause: Evasion moves are banned\n|rule|Species Clause: Limit one of each Pok\u00e9mon\n|rule|Sleep Clause Mod: Limit one foe put to sleep\n|clearpoke\n|poke|p1|Scizor, F|\n|poke|p1|Heatran, M|\n|poke|p1|Glimmora, M|\n|poke|p1|Landorus-Therian, M|\n|poke|p1|Zapdos|\n|poke|p1|Greninja-*, M|\n|poke|p2|Sceptile, F|\n|poke|p2|Glimmora, M|\n|poke|p2|Iron Valiant|\n|poke|p2|Garchomp, M|\n|poke|p2|Volcarona, F|\n|poke|p2|Tapu Lele|\n|teampreview\n|inactive|Battle timer is ON: inactive players will automatically lose when time's up. (requested by coolepicman598)\n|\n|t:|1699907717\n|start\n|switch|p1a: Landorus|Landorus-Therian, M|100\/100\n|switch|p2a: Goodyear|Glimmora, M|100\/100\n|-ability|p1a: Landorus|Intimidate|boost\n|-unboost|p2a: Goodyear|atk|1\n|turn|1\n|\n|t:|1699907721\n|move|p1a: Landorus|Earthquake|p2a: Goodyear\n|-supereffective|p2a: Goodyear\n|-enditem|p2a: Goodyear|Focus Sash\n|-damage|p2a: Goodyear|1\/100\n|-activate|p2a: Goodyear|ability: Toxic Debris\n|-sidestart|p1: coolepicman598|move: Toxic Spikes\n|move|p2a: Goodyear|Stealth Rock|p1a: Landorus\n|-sidestart|p1: coolepicman598|move: Stealth Rock\n|\n|upkeep\n|turn|2\n|\n|t:|1699907724\n|move|p1a: Landorus|Earthquake|p2a: Goodyear\n|-supereffective|p2a: Goodyear\n|-damage|p2a: Goodyear|0 fnt\n|-activate|p2a: Goodyear|ability: Toxic Debris\n|-sidestart|p1: coolepicman598|move: Toxic Spikes\n|faint|p2a: Goodyear\n|\n|upkeep\n|\n|t:|1699907729\n|switch|p2a: Logan Paul|Sceptile, F|100\/100\n|turn|3\n|\n|t:|1699907733\n|switch|p1a: Scizor|Scizor, F|100\/100\n|-damage|p1a: Scizor|88\/100|[from] Stealth Rock\n|move|p2a: Logan Paul|Swagger|p1a: Scizor\n|-boost|p1a: Scizor|atk|2\n|-enditem|p2a: Logan Paul|Mirror Herb\n|-boost|p2a: Logan Paul|atk|2|[from] item: Mirror Herb\n|-start|p1a: Scizor|confusion\n|\n|upkeep\n|turn|4\n|\n|t:|1699907752\n|detailschange|p1a: Scizor|Scizor-Mega, F\n|-mega|p1a: Scizor|Scizor|Scizorite\n|-terastallize|p2a: Logan Paul|Flying\n|move|p2a: Logan Paul|Acrobatics|p1a: Scizor\n|-damage|p1a: Scizor|28\/100\n|-activate|p1a: Scizor|confusion\n|move|p1a: Scizor|Knock Off|p2a: Logan Paul\n|-damage|p2a: Logan Paul|26\/100\n|\n|upkeep\n|turn|5\n|\n|t:|1699907762\n|-activate|p1a: Scizor|confusion\n|move|p1a: Scizor|Bullet Punch|p2a: Logan Paul\n|-damage|p2a: Logan Paul|0 fnt\n|faint|p2a: Logan Paul\n|\n|upkeep\n|j| Aziz Le Bledart\n|l| Aziz Le Bledart\n|\n|t:|1699907770\n|switch|p2a: Slurch|Volcarona, F|100\/100\n|turn|6\n|\n|t:|1699907773\n|switch|p1a: Heatran|Heatran, M|100\/100\n|-damage|p1a: Heatran|88\/100|[from] Stealth Rock\n|-item|p1a: Heatran|Air Balloon\n|move|p2a: Slurch|Quiver Dance|p2a: Slurch\n|-boost|p2a: Slurch|spa|1\n|-boost|p2a: Slurch|spd|1\n|-boost|p2a: Slurch|spe|1\n|\n|upkeep\n|turn|7\n|\n|t:|1699907779\n|move|p2a: Slurch|Quiver Dance|p2a: Slurch\n|-boost|p2a: Slurch|spa|1\n|-boost|p2a: Slurch|spd|1\n|-boost|p2a: Slurch|spe|1\n|move|p1a: Heatran|Magma Storm|p2a: Slurch\n|-damage|p2a: Slurch|77\/100\n|-activate|p2a: Slurch|move: Magma Storm|[of] p1a: Heatran\n|\n|-damage|p2a: Slurch|65\/100|[from] move: Magma Storm|[partiallytrapped]\n|upkeep\n|turn|8\n|\n|t:|1699907785\n|move|p2a: Slurch|Quiver Dance|p2a: Slurch\n|-boost|p2a: Slurch|spa|1\n|-boost|p2a: Slurch|spd|1\n|-boost|p2a: Slurch|spe|1\n|move|p1a: Heatran|Taunt|p2a: Slurch\n|-start|p2a: Slurch|move: Taunt\n|\n|-damage|p2a: Slurch|53\/100|[from] move: Magma Storm|[partiallytrapped]\n|upkeep\n|turn|9\n|\n|t:|1699907790\n|move|p2a: Slurch|Giga Drain|p1a: Heatran\n|-resisted|p1a: Heatran\n|-damage|p1a: Heatran|78\/100\n|-heal|p2a: Slurch|59\/100|[from] drain|[of] p1a: Heatran\n|-enditem|p1a: Heatran|Air Balloon\n|move|p1a: Heatran|Earth Power|p2a: Slurch\n|-damage|p2a: Slurch|48\/100\n|\n|-damage|p2a: Slurch|36\/100|[from] move: Magma Storm|[partiallytrapped]\n|upkeep\n|turn|10\n|\n|t:|1699907799\n|move|p1a: Heatran|Protect|p1a: Heatran\n|-singleturn|p1a: Heatran|Protect\n|move|p2a: Slurch|Bug Buzz|p1a: Heatran\n|-activate|p1a: Heatran|move: Protect\n|\n|-damage|p2a: Slurch|23\/100|[from] move: Magma Storm|[partiallytrapped]\n|upkeep\n|turn|11\n|\n|t:|1699907804\n|move|p2a: Slurch|Giga Drain|p1a: Heatran\n|-resisted|p1a: Heatran\n|-damage|p1a: Heatran|69\/100\n|-heal|p2a: Slurch|29\/100|[from] drain|[of] p1a: Heatran\n|move|p1a: Heatran|Earth Power|p2a: Slurch\n|-damage|p2a: Slurch|19\/100\n|\n|-damage|p2a: Slurch|7\/100|[from] move: Magma Storm|[partiallytrapped]\n|-end|p2a: Slurch|move: Taunt\n|upkeep\n|turn|12\n|\n|t:|1699907809\n|move|p2a: Slurch|Flamethrower|p1a: Heatran\n|-start|p1a: Heatran|ability: Flash Fire\n|move|p1a: Heatran|Magma Storm|p2a: Slurch|[miss]\n|-miss|p1a: Heatran|p2a: Slurch\n|\n|-end|p2a: Slurch|Magma Storm|[partiallytrapped]\n|upkeep\n|turn|13\n|\n|t:|1699907816\n|move|p2a: Slurch|Giga Drain|p1a: Heatran\n|-resisted|p1a: Heatran\n|-damage|p1a: Heatran|59\/100\n|-heal|p2a: Slurch|13\/100|[from] drain|[of] p1a: Heatran\n|move|p1a: Heatran|Earth Power|p2a: Slurch\n|-damage|p2a: Slurch|3\/100\n|\n|upkeep\n|turn|14\n|\n|t:|1699907822\n|move|p2a: Slurch|Giga Drain|p1a: Heatran\n|-resisted|p1a: Heatran\n|-damage|p1a: Heatran|49\/100\n|-heal|p2a: Slurch|9\/100|[from] drain|[of] p1a: Heatran\n|move|p1a: Heatran|Earth Power|p2a: Slurch\n|-damage|p2a: Slurch|0 fnt\n|faint|p2a: Slurch\n|\n|upkeep\n|\n|t:|1699907824\n|switch|p2a: RUDAKKA|Garchomp, M|100\/100\n|turn|15\n|\n|t:|1699907828\n|move|p2a: RUDAKKA|Swords Dance|p2a: RUDAKKA\n|-boost|p2a: RUDAKKA|atk|2\n|move|p1a: Heatran|Magma Storm|p2a: RUDAKKA\n|-resisted|p2a: RUDAKKA\n|-damage|p2a: RUDAKKA|68\/100\n|-activate|p2a: RUDAKKA|move: Magma Storm|[of] p1a: Heatran\n|\n|-damage|p2a: RUDAKKA|56\/100|[from] move: Magma Storm|[partiallytrapped]\n|upkeep\n|turn|16\n|\n|t:|1699907834\n|move|p1a: Heatran|Protect|p1a: Heatran\n|-singleturn|p1a: Heatran|Protect\n|move|p2a: RUDAKKA|Swords Dance|p2a: RUDAKKA\n|-boost|p2a: RUDAKKA|atk|2\n|\n|-damage|p2a: RUDAKKA|44\/100|[from] move: Magma Storm|[partiallytrapped]\n|upkeep\n|turn|17\n|\n|t:|1699907840\n|move|p2a: RUDAKKA|Scale Shot|p1a: Heatran\n|-resisted|p1a: Heatran\n|-damage|p1a: Heatran|33\/100\n|-resisted|p1a: Heatran\n|-damage|p1a: Heatran|18\/100\n|-resisted|p1a: Heatran\n|-damage|p1a: Heatran|0 fnt\n|faint|p1a: Heatran\n|-hitcount|p1: Heatran|3\n|-unboost|p2a: RUDAKKA|def|1\n|-boost|p2a: RUDAKKA|spe|1\n|\n|-end|p2a: RUDAKKA|Magma Storm|[partiallytrapped]|[silent]\n|upkeep\n|\n|t:|1699907850\n|switch|p1a: Scizor|Scizor-Mega, F|28\/100\n|-damage|p1a: Scizor|16\/100|[from] Stealth Rock\n|turn|18\n|\n|t:|1699907852\n|switch|p2a: Oh god no|Tapu Lele|100\/100\n|-fieldstart|move: Psychic Terrain|[from] ability: Psychic Surge|[of] p2a: Oh god no\n|move|p1a: Scizor|Bullet Punch|p2a: Oh god no\n|-activate|p2a: Oh god no|move: Psychic Terrain\n|\n|upkeep\n|turn|19\n|\n|t:|1699907859\n|switch|p1a: Landorus|Landorus-Therian, M|100\/100\n|-damage|p1a: Landorus|88\/100|[from] Stealth Rock\n|-ability|p1a: Landorus|Intimidate|boost\n|-unboost|p2a: Oh god no|atk|1\n|move|p2a: Oh god no|Iron Defense|p2a: Oh god no\n|-boost|p2a: Oh god no|def|2\n|\n|upkeep\n|turn|20\n|\n|t:|1699907877\n|move|p1a: Landorus|U-turn|p2a: Oh god no\n|-damage|p2a: Oh god no|86\/100\n|\n|t:|1699907879\n|switch|p1a: Zapdos|Zapdos|100\/100|[from] U-turn\n|move|p2a: Oh god no|Calm Mind|p2a: Oh god no\n|-boost|p2a: Oh god no|spa|1\n|-boost|p2a: Oh god no|spd|1\n|\n|-heal|p2a: Oh god no|92\/100|[from] item: Leftovers\n|upkeep\n|turn|21\n|\n|t:|1699907883\n|move|p2a: Oh god no|Calm Mind|p2a: Oh god no\n|-boost|p2a: Oh god no|spa|1\n|-boost|p2a: Oh god no|spd|1\n|move|p1a: Zapdos|Defog|p2a: Oh god no\n|-unboost|p2a: Oh god no|evasion|1\n|-sideend|p1: coolepicman598|Toxic Spikes|[from] move: Defog|[of] p1a: Zapdos\n|-sideend|p1: coolepicman598|Stealth Rock|[from] move: Defog|[of] p1a: Zapdos\n|-fieldend|move: Psychic Terrain\n|\n|-heal|p2a: Oh god no|98\/100|[from] item: Leftovers\n|upkeep\n|turn|22\n|\n|t:|1699907891\n|move|p2a: Oh god no|Stored Power|p1a: Zapdos\n|-damage|p1a: Zapdos|0 fnt\n|faint|p1a: Zapdos\n|\n|-heal|p2a: Oh god no|100\/100|[from] item: Leftovers\n|upkeep\n|\n|t:|1699907893\n|switch|p1a: Glimmora|Glimmora, M|100\/100\n|turn|23\n|\n|t:|1699907896\n|move|p1a: Glimmora|Mortal Spin|p2a: Oh god no\n|-supereffective|p2a: Oh god no\n|-damage|p2a: Oh god no|93\/100\n|-status|p2a: Oh god no|psn\n|move|p2a: Oh god no|Stored Power|p1a: Glimmora\n|-supereffective|p1a: Glimmora\n|-enditem|p1a: Glimmora|Focus Sash\n|-damage|p1a: Glimmora|1\/100\n|\n|-heal|p2a: Oh god no|99\/100 psn|[from] item: Leftovers\n|-damage|p2a: Oh god no|87\/100 psn|[from] psn\n|upkeep\n|turn|24\n|\n|t:|1699907902\n|move|p1a: Glimmora|Stealth Rock|p2a: Oh god no\n|-sidestart|p2: 97Graham|move: Stealth Rock\n|move|p2a: Oh god no|Draining Kiss|p1a: Glimmora\n|-resisted|p1a: Glimmora\n|-damage|p1a: Glimmora|0 fnt\n|-heal|p2a: Oh god no|87\/100 psn|[from] drain|[of] p1a: Glimmora\n|faint|p1a: Glimmora\n|\n|-heal|p2a: Oh god no|93\/100 psn|[from] item: Leftovers\n|-damage|p2a: Oh god no|80\/100 psn|[from] psn\n|upkeep\n|\n|t:|1699907906\n|switch|p1a: Landorus|Landorus-Therian, M|88\/100\n|-ability|p1a: Landorus|Intimidate|boost\n|-unboost|p2a: Oh god no|atk|1\n|turn|25\n|\n|t:|1699907908\n|move|p1a: Landorus|Knock Off|p2a: Oh god no\n|-damage|p2a: Oh god no|58\/100 psn\n|-enditem|p2a: Oh god no|Leftovers|[from] move: Knock Off|[of] p1a: Landorus\n|move|p2a: Oh god no|Stored Power|p1a: Landorus\n|-damage|p1a: Landorus|0 fnt\n|faint|p1a: Landorus\n|\n|-damage|p2a: Oh god no|45\/100 psn|[from] psn\n|upkeep\n|\n|t:|1699907913\n|switch|p1a: Scizor|Scizor-Mega, F|16\/100\n|turn|26\n|\n|t:|1699907918\n|move|p1a: Scizor|Bullet Punch|p2a: Oh god no\n|-supereffective|p2a: Oh god no\n|-damage|p2a: Oh god no|10\/100 psn\n|move|p2a: Oh god no|Stored Power|p1a: Scizor\n|-resisted|p1a: Scizor\n|-damage|p1a: Scizor|0 fnt\n|faint|p1a: Scizor\n|\n|-damage|p2a: Oh god no|0 fnt|[from] psn\n|faint|p2a: Oh god no\n|upkeep\n|\n|t:|1699907922\n|switch|p2a: Possible Power|Iron Valiant|100\/100\n|switch|p1a: Greninja|Greninja, M|100\/100\n|-damage|p2a: Possible Power|94\/100|[from] Stealth Rock\n|-enditem|p2a: Possible Power|Booster Energy\n|-activate|p2a: Possible Power|ability: Quark Drive|[fromitem]\n|-start|p2a: Possible Power|quarkdrivespe\n|turn|27\n|\n|t:|1699907925\n|move|p2a: Possible Power|Moonblast|p1a: Greninja\n|-supereffective|p1a: Greninja\n|-damage|p1a: Greninja|0 fnt\n|faint|p1a: Greninja\n|\n|win|97Graham\n|raw|coolepicman598's rating: 1637 &rarr; <strong>1616<\/strong><br \/>(-21 for losing)\n|raw|97Graham's rating: 1613 &rarr; <strong>1634<\/strong><br \/>(+21 for winning)\n","uploadtime":1699907930,"views":10,"p1id":"coolepicman598","p2id":"97graham","formatid":"gen9nationaldex","rating":1616,"private":0,"password":""}