{"id":"gen9nationaldex-1988166930","p1":"QSR-ZY","p2":"Trainer-Yanwu","format":"[Gen 9] National Dex","log":"|j|\u2606QSR-ZY\n|j|\u2606Trainer-Yanwu\n|t:|1699678416\n|gametype|singles\n|player|p1|QSR-ZY|hilda|1140\n|player|p2|Trainer-Yanwu|red|1233\n|teamsize|p1|6\n|teamsize|p2|6\n|gen|9\n|tier|[Gen 9] National Dex\n|rated|\n|rule|HP Percentage Mod: HP is shown in percentages\n|rule|Endless Battle Clause: Forcing endless battles is banned\n|rule|OHKO Clause: OHKO moves are banned\n|rule|Evasion Clause: Evasion abilities, items, and moves are banned\n|rule|Evasion Abilities Clause: Evasion abilities are banned\n|rule|Evasion Items Clause: Evasion items are banned\n|rule|Evasion Moves Clause: Evasion moves are banned\n|rule|Species Clause: Limit one of each Pok\u00e9mon\n|rule|Sleep Clause Mod: Limit one foe put to sleep\n|clearpoke\n|poke|p1|Meowscarada, F|\n|poke|p1|Sneasler, F|\n|poke|p1|Garchomp, F|\n|poke|p1|Milotic, F|\n|poke|p1|Gardevoir, F|\n|poke|p1|Tapu Lele|\n|poke|p2|Ninetales-Alola, F|\n|poke|p2|Sandslash-Alola, M|\n|poke|p2|Slowking, M|\n|poke|p2|Weavile, F|\n|poke|p2|Vanilluxe, F|\n|poke|p2|Kommo-o, M|\n|teampreview\n|\n|t:|1699678429\n|start\n|switch|p1a: Tapu Lele|Tapu Lele|100\/100\n|switch|p2a: \u4e5d\u4e5d|Ninetales-Alola, F|100\/100\n|-weather|Snow|[from] ability: Snow Warning|[of] p2a: \u4e5d\u4e5d\n|-fieldstart|move: Psychic Terrain|[from] ability: Psychic Surge|[of] p1a: Tapu Lele\n|turn|1\n|\n|t:|1699678450\n|move|p2a: \u4e5d\u4e5d|Aurora Veil|p2a: \u4e5d\u4e5d\n|-sidestart|p2: Trainer-Yanwu|move: Aurora Veil\n|move|p1a: Tapu Lele|Psychic|p2a: \u4e5d\u4e5d\n|-damage|p2a: \u4e5d\u4e5d|65\/100\n|\n|-weather|Snow|[upkeep]\n|upkeep\n|turn|2\n|\n|t:|1699678458\n|switch|p2a: Weavile|Weavile, F|100\/100\n|-ability|p2a: Weavile|Pressure\n|move|p1a: Tapu Lele|Calm Mind|p1a: Tapu Lele\n|-boost|p1a: Tapu Lele|spa|1\n|-boost|p1a: Tapu Lele|spd|1\n|\n|-weather|Snow|[upkeep]\n|upkeep\n|turn|3\n|\n|t:|1699678475\n|move|p2a: Weavile|Knock Off|p1a: Tapu Lele\n|-damage|p1a: Tapu Lele|6\/100\n|-enditem|p1a: Tapu Lele|Terrain Extender|[from] move: Knock Off|[of] p2a: Weavile\n|move|p1a: Tapu Lele|Moonblast|p2a: Weavile\n|-supereffective|p2a: Weavile\n|-damage|p2a: Weavile|0 fnt\n|faint|p2a: Weavile\n|\n|-weather|Snow|[upkeep]\n|upkeep\n|\n|t:|1699678484\n|switch|p2a: \u7a7f\u7a7f|Sandslash-Alola, M|100\/100\n|turn|4\n|\n|t:|1699678497\n|switch|p1a: Garchomp|Garchomp, F, shiny|100\/100\n|move|p2a: \u7a7f\u7a7f|Iron Head|p1a: Garchomp\n|-damage|p1a: Garchomp|56\/100\n|-damage|p2a: \u7a7f\u7a7f|88\/100|[from] ability: Rough Skin|[of] p1a: Garchomp\n|-damage|p2a: \u7a7f\u7a7f|72\/100|[from] item: Rocky Helmet|[of] p1a: Garchomp\n|-damage|p2a: \u7a7f\u7a7f|62\/100|[from] item: Life Orb\n|\n|-weather|Snow|[upkeep]\n|upkeep\n|turn|5\n|\n|t:|1699678512\n|-terastallize|p1a: Garchomp|Steel\n|move|p2a: \u7a7f\u7a7f|Icicle Crash|p1a: Garchomp\n|-resisted|p1a: Garchomp\n|-damage|p1a: Garchomp|34\/100\n|-damage|p2a: \u7a7f\u7a7f|52\/100|[from] item: Life Orb\n|cant|p1a: Garchomp|flinch\n|\n|-weather|none\n|upkeep\n|turn|6\n|\n|t:|1699678525\n|move|p1a: Garchomp|Earthquake|p2a: \u7a7f\u7a7f\n|-supereffective|p2a: \u7a7f\u7a7f\n|-damage|p2a: \u7a7f\u7a7f|0 fnt\n|faint|p2a: \u7a7f\u7a7f\n|\n|upkeep\n|\n|t:|1699678543\n|switch|p2a: Kommo-o|Kommo-o, M|100\/100\n|turn|7\n|\n|t:|1699678550\n|move|p1a: Garchomp|Outrage|p2a: Kommo-o\n|-supereffective|p2a: Kommo-o\n|-damage|p2a: Kommo-o|36\/100\n|move|p2a: Kommo-o|Aura Sphere|p1a: Garchomp\n|-supereffective|p1a: Garchomp\n|-damage|p1a: Garchomp|0 fnt\n|faint|p1a: Garchomp\n|\n|upkeep\n|\n|t:|1699678562\n|switch|p1a: Meowscarada|Meowscarada, F|100\/100\n|turn|8\n|\n|t:|1699678569\n|move|p1a: Meowscarada|U-turn|p2a: Kommo-o\n|-start|p1a: Meowscarada|typechange|Bug|[from] ability: Protean\n|-resisted|p2a: Kommo-o\n|-damage|p2a: Kommo-o|27\/100\n|\n|t:|1699678578\n|switch|p1a: Milotic|Milotic, F|100\/100|[from] U-turn\n|-zpower|p2a: Kommo-o\n|move|p2a: Kommo-o|Clangorous Soulblaze|p1a: Milotic|[zeffect]\n|-damage|p1a: Milotic|61\/100\n|-boost|p2a: Kommo-o|atk|1\n|-boost|p2a: Kommo-o|def|1\n|-boost|p2a: Kommo-o|spa|1\n|-boost|p2a: Kommo-o|spd|1\n|-boost|p2a: Kommo-o|spe|1\n|\n|-heal|p1a: Milotic|67\/100|[from] item: Leftovers\n|-sideend|p2: Trainer-Yanwu|move: Aurora Veil\n|-fieldend|move: Psychic Terrain\n|upkeep\n|turn|9\n|\n|t:|1699678592\n|move|p2a: Kommo-o|Clanging Scales|p1a: Milotic\n|-damage|p1a: Milotic|27\/100\n|-unboost|p2a: Kommo-o|def|1\n|move|p1a: Milotic|Toxic|p2a: Kommo-o\n|-status|p2a: Kommo-o|tox\n|\n|-heal|p1a: Milotic|33\/100|[from] item: Leftovers\n|-damage|p2a: Kommo-o|21\/100 tox|[from] psn\n|upkeep\n|turn|10\n|\n|t:|1699678601\n|move|p1a: Milotic|Protect|p1a: Milotic\n|-singleturn|p1a: Milotic|Protect\n|move|p2a: Kommo-o|Stealth Rock|p1a: Milotic\n|-sidestart|p1: QSR-ZY|move: Stealth Rock\n|\n|-heal|p1a: Milotic|39\/100|[from] item: Leftovers\n|-damage|p2a: Kommo-o|9\/100 tox|[from] psn\n|upkeep\n|turn|11\n|\n|t:|1699678609\n|move|p2a: Kommo-o|Clanging Scales|p1a: Milotic\n|-damage|p1a: Milotic|1\/100\n|-unboost|p2a: Kommo-o|def|1\n|move|p1a: Milotic|Recover|p1a: Milotic\n|-heal|p1a: Milotic|51\/100\n|\n|-heal|p1a: Milotic|57\/100|[from] item: Leftovers\n|-damage|p2a: Kommo-o|0 fnt|[from] psn\n|faint|p2a: Kommo-o\n|upkeep\n|\n|t:|1699678622\n|switch|p2a: \u4e5d\u4e5d|Ninetales-Alola, F|65\/100\n|-weather|Snow|[from] ability: Snow Warning|[of] p2a: \u4e5d\u4e5d\n|turn|12\n|\n|t:|1699678626\n|switch|p1a: Tapu Lele|Tapu Lele|6\/100\n|-damage|p1a: Tapu Lele|0 fnt|[from] Stealth Rock\n|faint|p1a: Tapu Lele\n|move|p2a: \u4e5d\u4e5d|Aurora Veil|p2a: \u4e5d\u4e5d\n|-sidestart|p2: Trainer-Yanwu|move: Aurora Veil\n|\n|-weather|Snow|[upkeep]\n|upkeep\n|\n|t:|1699678639\n|switch|p1a: Meowscarada|Meowscarada, F|100\/100\n|-damage|p1a: Meowscarada|88\/100|[from] Stealth Rock\n|turn|13\n|\n|t:|1699678646\n|move|p1a: Meowscarada|Flower Trick|p2a: \u4e5d\u4e5d\n|-start|p1a: Meowscarada|typechange|Grass|[from] ability: Protean\n|-crit|p2a: \u4e5d\u4e5d\n|-damage|p2a: \u4e5d\u4e5d|17\/100\n|move|p2a: \u4e5d\u4e5d|Blizzard|p1a: Meowscarada\n|-supereffective|p1a: Meowscarada\n|-damage|p1a: Meowscarada|0 fnt\n|faint|p1a: Meowscarada\n|\n|-weather|Snow|[upkeep]\n|upkeep\n|\n|t:|1699678656\n|switch|p1a: Gardevoir|Gardevoir, F, shiny|100\/100\n|-damage|p1a: Gardevoir|88\/100|[from] Stealth Rock\n|-ability|p1a: Gardevoir|Snow Warning|[from] ability: Trace|[of] p2a: \u4e5d\u4e5d\n|turn|14\n|\n|t:|1699678665\n|detailschange|p1a: Gardevoir|Gardevoir-Mega, F, shiny\n|-mega|p1a: Gardevoir|Gardevoir|Gardevoirite\n|move|p2a: \u4e5d\u4e5d|Blizzard|p1a: Gardevoir\n|-damage|p1a: Gardevoir|50\/100\n|move|p1a: Gardevoir|Aura Sphere|p2a: \u4e5d\u4e5d\n|-damage|p2a: \u4e5d\u4e5d|0 fnt\n|faint|p2a: \u4e5d\u4e5d\n|\n|-weather|Snow|[upkeep]\n|upkeep\n|\n|t:|1699678683\n|switch|p2a: \u51b7\u51b7|Slowking, M|100\/100\n|turn|15\n|\n|t:|1699678698\n|move|p1a: Gardevoir|Moonblast|p2a: \u51b7\u51b7\n|-damage|p2a: \u51b7\u51b7|78\/100\n|move|p2a: \u51b7\u51b7|Scald|p1a: Gardevoir\n|-damage|p1a: Gardevoir|24\/100\n|\n|-weather|Snow|[upkeep]\n|upkeep\n|turn|16\n|\n|t:|1699678708\n|move|p1a: Gardevoir|Calm Mind|p1a: Gardevoir\n|-boost|p1a: Gardevoir|spa|1\n|-boost|p1a: Gardevoir|spd|1\n|move|p2a: \u51b7\u51b7|Scald|p1a: Gardevoir\n|-damage|p1a: Gardevoir|8\/100\n|\n|-weather|none\n|upkeep\n|turn|17\n|\n|t:|1699678716\n|move|p1a: Gardevoir|Moonblast|p2a: \u51b7\u51b7\n|-damage|p2a: \u51b7\u51b7|42\/100\n|move|p2a: \u51b7\u51b7|Scald|p1a: Gardevoir\n|-damage|p1a: Gardevoir|0 fnt\n|faint|p1a: Gardevoir\n|\n|upkeep\n|\n|t:|1699678725\n|switch|p1a: Sneasler|Sneasler, F|100\/100\n|-damage|p1a: Sneasler|95\/100|[from] Stealth Rock\n|turn|18\n|\n|t:|1699678729\n|move|p1a: Sneasler|Dire Claw|p2a: \u51b7\u51b7\n|-damage|p2a: \u51b7\u51b7|24\/100\n|move|p2a: \u51b7\u51b7|Future Sight|p1a: Sneasler\n|-start|p2a: \u51b7\u51b7|move: Future Sight\n|\n|upkeep\n|turn|19\n|\n|t:|1699678739\n|move|p1a: Sneasler|Dire Claw|p2a: \u51b7\u51b7\n|-damage|p2a: \u51b7\u51b7|5\/100\n|move|p2a: \u51b7\u51b7|Scald|p1a: Sneasler\n|-damage|p1a: Sneasler|58\/100\n|\n|-sideend|p2: Trainer-Yanwu|move: Aurora Veil\n|upkeep\n|turn|20\n|\n|t:|1699678752\n|move|p1a: Sneasler|Endure|p1a: Sneasler\n|-singleturn|p1a: Sneasler|move: Endure\n|move|p2a: \u51b7\u51b7|Scald|p1a: Sneasler\n|-damage|p1a: Sneasler|22\/100\n|-enditem|p1a: Sneasler|Liechi Berry|[eat]\n|-boost|p1a: Sneasler|atk|1|[from] item: Liechi Berry\n|\n|-end|p1a: Sneasler|move: Future Sight\n|-supereffective|p1a: Sneasler\n|-damage|p1a: Sneasler|0 fnt\n|faint|p1a: Sneasler\n|upkeep\n|\n|t:|1699678762\n|switch|p1a: Milotic|Milotic, F|57\/100\n|-damage|p1a: Milotic|45\/100|[from] Stealth Rock\n|turn|21\n|\n|t:|1699678769\n|move|p1a: Milotic|Bind|p2a: \u51b7\u51b7|[miss]\n|-miss|p1a: Milotic|p2a: \u51b7\u51b7\n|move|p2a: \u51b7\u51b7|Chilly Reception|p2a: \u51b7\u51b7\n|-weather|Snow\n|\n|t:|1699678774\n|switch|p2a: \u53cc\u53cc|Vanilluxe, F|100\/100|[from] Chilly Reception\n|\n|-weather|Snow|[upkeep]\n|-heal|p1a: Milotic|51\/100|[from] item: Leftovers\n|upkeep\n|turn|22\n|\n|t:|1699678781\n|-terastallize|p2a: \u53cc\u53cc|Ice\n|move|p2a: \u53cc\u53cc|Freeze-Dry|p1a: Milotic\n|-supereffective|p1a: Milotic\n|-damage|p1a: Milotic|5\/100\n|-status|p1a: Milotic|frz\n|cant|p1a: Milotic|frz\n|\n|-weather|Snow|[upkeep]\n|-heal|p1a: Milotic|11\/100 frz|[from] item: Leftovers\n|upkeep\n|turn|23\n|-message|QSR-ZY forfeited.\n|\n|win|Trainer-Yanwu\n|raw|QSR-ZY's rating: 1140 &rarr; <strong>1122<\/strong><br \/>(-18 for losing)\n|raw|Trainer-Yanwu's rating: 1233 &rarr; <strong>1251<\/strong><br \/>(+18 for winning)\n|l|\u2606QSR-ZY\n","uploadtime":1699678802,"views":6,"p1id":"qsrzy","p2id":"traineryanwu","formatid":"gen9nationaldex","rating":1122,"private":0,"password":""}