{"id":"gen9nationaldex-1994219787","p1":"Tpd le Spew","p2":"popo4456","format":"[Gen 9] National Dex","log":"|j|\u2606Tpd le Spew\n|j|\u2606popo4456\n|t:|1700420273\n|gametype|singles\n|player|p1|Tpd le Spew|drayden|1762\n|player|p2|popo4456|galacticgrunt|1826\n|teamsize|p1|6\n|teamsize|p2|6\n|gen|9\n|tier|[Gen 9] National Dex\n|rated|\n|rule|HP Percentage Mod: HP is shown in percentages\n|rule|Endless Battle Clause: Forcing endless battles is banned\n|rule|OHKO Clause: OHKO moves are banned\n|rule|Evasion Clause: Evasion abilities, items, and moves are banned\n|rule|Evasion Abilities Clause: Evasion abilities are banned\n|rule|Evasion Items Clause: Evasion items are banned\n|rule|Evasion Moves Clause: Evasion moves are banned\n|rule|Species Clause: Limit one of each Pok\u00e9mon\n|rule|Sleep Clause Mod: Limit one foe put to sleep\n|clearpoke\n|poke|p1|Raikou|\n|poke|p1|Suicune|\n|poke|p1|Entei|\n|poke|p1|Tyranitar, F|\n|poke|p1|Celebi|\n|poke|p1|Skarmory, F|\n|poke|p2|Banette, M|\n|poke|p2|Ting-Lu|\n|poke|p2|Ribombee, F|\n|poke|p2|Celesteela|\n|poke|p2|Kommo-o, M|\n|poke|p2|Serperior, F|\n|teampreview\n|j| slobadd\n|j| Olia<3\n|j| Dark Umbreon 08\n|l| Dark Umbreon 08\n|c|\u2606Tpd le Spew|Glhf man\n|c|\u2606popo4456|glhf\n|\n|t:|1700420297\n|start\n|switch|p1a: Simba|Entei, shiny|100\/100\n|switch|p2a: Ting-Lu|Ting-Lu|100\/100\n|-ability|p1a: Simba|Pressure\n|-ability|p2a: Ting-Lu|Vessel of Ruin\n|turn|1\n|\n|t:|1700420302\n|move|p1a: Simba|Sacred Fire|p2a: Ting-Lu\n|-damage|p2a: Ting-Lu|82\/100\n|-status|p2a: Ting-Lu|brn\n|move|p2a: Ting-Lu|Earthquake|p1a: Simba\n|-supereffective|p1a: Simba\n|-damage|p1a: Simba|66\/100\n|\n|-heal|p1a: Simba|73\/100|[from] item: Leftovers\n|-heal|p2a: Ting-Lu|88\/100 brn|[from] item: Leftovers\n|-damage|p2a: Ting-Lu|82\/100 brn|[from] brn\n|upkeep\n|turn|2\n|l|slobadd\n|\n|t:|1700420312\n|move|p1a: Simba|Curse|p1a: Simba\n|-unboost|p1a: Simba|spe|1\n|-boost|p1a: Simba|atk|1\n|-boost|p1a: Simba|def|1\n|move|p2a: Ting-Lu|Stealth Rock|p1a: Simba\n|-sidestart|p1: Tpd le Spew|move: Stealth Rock\n|\n|-heal|p1a: Simba|79\/100|[from] item: Leftovers\n|-heal|p2a: Ting-Lu|88\/100 brn|[from] item: Leftovers\n|-damage|p2a: Ting-Lu|82\/100 brn|[from] brn\n|upkeep\n|turn|3\n|\n|t:|1700420320\n|move|p1a: Simba|Sacred Fire|p2a: Ting-Lu\n|-damage|p2a: Ting-Lu|55\/100 brn\n|move|p2a: Ting-Lu|Whirlwind|p1a: Simba\n|drag|p1a: Scissors|Skarmory, F, shiny|100\/100\n|-damage|p1a: Scissors|88\/100|[from] Stealth Rock\n|\n|-heal|p2a: Ting-Lu|61\/100 brn|[from] item: Leftovers\n|-damage|p2a: Ting-Lu|55\/100 brn|[from] brn\n|upkeep\n|turn|4\n|\n|t:|1700420326\n|switch|p2a: Serperior|Serperior, F|100\/100\n|move|p1a: Scissors|Defog|p2a: Serperior\n|-boost|p2a: Serperior|evasion|1\n|-sideend|p1: Tpd le Spew|Stealth Rock|[from] move: Defog|[of] p1a: Scissors\n|\n|upkeep\n|turn|5\n|\n|t:|1700420333\n|move|p2a: Serperior|Leaf Storm|p1a: Scissors|[miss]\n|-miss|p2a: Serperior|p1a: Scissors\n|move|p1a: Scissors|Whirlwind|p2a: Serperior\n|drag|p2a: Ribombee|Ribombee, F|100\/100\n|\n|upkeep\n|turn|6\n|\n|t:|1700420340\n|switch|p1a: Simba|Entei, shiny|79\/100\n|-ability|p1a: Simba|Pressure\n|move|p2a: Ribombee|Sticky Web|p1a: Simba\n|-sidestart|p1: Tpd le Spew|move: Sticky Web\n|\n|-heal|p1a: Simba|85\/100|[from] item: Leftovers\n|upkeep\n|turn|7\n|\n|t:|1700420345\n|switch|p2a: Ting-Lu|Ting-Lu|55\/100 brn\n|-ability|p2a: Ting-Lu|Vessel of Ruin\n|move|p1a: Simba|Sacred Fire|p2a: Ting-Lu\n|-damage|p2a: Ting-Lu|39\/100 brn\n|\n|-heal|p1a: Simba|91\/100|[from] item: Leftovers\n|-heal|p2a: Ting-Lu|45\/100 brn|[from] item: Leftovers\n|-damage|p2a: Ting-Lu|39\/100 brn|[from] brn\n|upkeep\n|turn|8\n|\n|t:|1700420360\n|move|p1a: Simba|Curse|p1a: Simba\n|-unboost|p1a: Simba|spe|1\n|-boost|p1a: Simba|atk|1\n|-boost|p1a: Simba|def|1\n|move|p2a: Ting-Lu|Whirlwind|p1a: Simba\n|drag|p1a: Kubo|Raikou, shiny|100\/100\n|-activate|p1a: Kubo|move: Sticky Web\n|-unboost|p1a: Kubo|spe|1\n|-ability|p1a: Kubo|Pressure\n|\n|-heal|p2a: Ting-Lu|45\/100 brn|[from] item: Leftovers\n|-damage|p2a: Ting-Lu|39\/100 brn|[from] brn\n|upkeep\n|turn|9\n|\n|t:|1700420373\n|switch|p1a: Moose|Suicune, shiny|100\/100\n|-activate|p1a: Moose|move: Sticky Web\n|-unboost|p1a: Moose|spe|1\n|-ability|p1a: Moose|Pressure\n|move|p2a: Ting-Lu|Earthquake|p1a: Moose\n|-damage|p1a: Moose|91\/100\n|\n|-heal|p1a: Moose|97\/100|[from] item: Leftovers\n|-heal|p2a: Ting-Lu|45\/100 brn|[from] item: Leftovers\n|-damage|p2a: Ting-Lu|39\/100 brn|[from] brn\n|upkeep\n|turn|10\n|\n|t:|1700420381\n|switch|p2a: Serperior|Serperior, F|100\/100\n|move|p1a: Moose|Scald|p2a: Serperior\n|-resisted|p2a: Serperior\n|-damage|p2a: Serperior|86\/100\n|\n|-heal|p2a: Serperior|92\/100|[from] item: Leftovers\n|-heal|p1a: Moose|100\/100|[from] item: Leftovers\n|upkeep\n|turn|11\n|\n|t:|1700420385\n|switch|p1a: Simba|Entei, shiny|91\/100\n|-activate|p1a: Simba|move: Sticky Web\n|-unboost|p1a: Simba|spe|1\n|-ability|p1a: Simba|Pressure\n|move|p2a: Serperior|Substitute|p2a: Serperior\n|-start|p2a: Serperior|Substitute\n|-damage|p2a: Serperior|67\/100\n|\n|-heal|p2a: Serperior|73\/100|[from] item: Leftovers\n|-heal|p1a: Simba|98\/100|[from] item: Leftovers\n|upkeep\n|turn|12\n|\n|t:|1700420400\n|move|p2a: Serperior|Leaf Storm|p1a: Simba\n|-resisted|p1a: Simba\n|-damage|p1a: Simba|83\/100\n|-boost|p2a: Serperior|spa|2\n|move|p1a: Simba|Sacred Fire|p2a: Serperior\n|-supereffective|p2a: Serperior\n|-end|p2a: Serperior|Substitute\n|\n|-heal|p2a: Serperior|79\/100|[from] item: Leftovers\n|-heal|p1a: Simba|89\/100|[from] item: Leftovers\n|upkeep\n|turn|13\n|\n|t:|1700420413\n|switch|p2a: Ting-Lu|Ting-Lu|39\/100 brn\n|-ability|p2a: Ting-Lu|Vessel of Ruin\n|move|p1a: Simba|Sacred Fire|p2a: Ting-Lu|[miss]\n|-miss|p1a: Simba|p2a: Ting-Lu\n|\n|-heal|p1a: Simba|95\/100|[from] item: Leftovers\n|-heal|p2a: Ting-Lu|45\/100 brn|[from] item: Leftovers\n|-damage|p2a: Ting-Lu|39\/100 brn|[from] brn\n|upkeep\n|turn|14\n|\n|t:|1700420420\n|move|p1a: Simba|Curse|p1a: Simba\n|-unboost|p1a: Simba|spe|1\n|-boost|p1a: Simba|atk|1\n|-boost|p1a: Simba|def|1\n|move|p2a: Ting-Lu|Earthquake|p1a: Simba\n|-supereffective|p1a: Simba\n|-damage|p1a: Simba|71\/100\n|\n|-heal|p2a: Ting-Lu|45\/100 brn|[from] item: Leftovers\n|-heal|p1a: Simba|78\/100|[from] item: Leftovers\n|-damage|p2a: Ting-Lu|39\/100 brn|[from] brn\n|upkeep\n|turn|15\n|\n|t:|1700420429\n|move|p1a: Simba|Extreme Speed|p2a: Ting-Lu\n|-damage|p2a: Ting-Lu|25\/100 brn\n|move|p2a: Ting-Lu|Earthquake|p1a: Simba\n|-supereffective|p1a: Simba\n|-damage|p1a: Simba|57\/100\n|\n|-heal|p2a: Ting-Lu|31\/100 brn|[from] item: Leftovers\n|-heal|p1a: Simba|63\/100|[from] item: Leftovers\n|-damage|p2a: Ting-Lu|25\/100 brn|[from] brn\n|upkeep\n|turn|16\n|\n|t:|1700420438\n|move|p1a: Simba|Extreme Speed|p2a: Ting-Lu\n|-damage|p2a: Ting-Lu|12\/100 brn\n|move|p2a: Ting-Lu|Earthquake|p1a: Simba\n|-supereffective|p1a: Simba\n|-damage|p1a: Simba|40\/100\n|\n|-heal|p2a: Ting-Lu|18\/100 brn|[from] item: Leftovers\n|-heal|p1a: Simba|47\/100|[from] item: Leftovers\n|-damage|p2a: Ting-Lu|12\/100 brn|[from] brn\n|upkeep\n|turn|17\n|\n|t:|1700420445\n|move|p2a: Ting-Lu|Earthquake|p1a: Simba\n|-supereffective|p1a: Simba\n|-damage|p1a: Simba|22\/100\n|move|p1a: Simba|Curse|p1a: Simba\n|-unboost|p1a: Simba|spe|1\n|-boost|p1a: Simba|atk|1\n|-boost|p1a: Simba|def|1\n|\n|-heal|p2a: Ting-Lu|18\/100 brn|[from] item: Leftovers\n|-heal|p1a: Simba|29\/100|[from] item: Leftovers\n|-damage|p2a: Ting-Lu|12\/100 brn|[from] brn\n|upkeep\n|turn|18\n|\n|t:|1700420449\n|move|p1a: Simba|Extreme Speed|p2a: Ting-Lu\n|-damage|p2a: Ting-Lu|0 fnt\n|faint|p2a: Ting-Lu\n|\n|-heal|p1a: Simba|35\/100|[from] item: Leftovers\n|upkeep\n|\n|t:|1700420452\n|switch|p2a: Celesteela|Celesteela|100\/100\n|turn|19\n|\n|t:|1700420456\n|-terastallize|p1a: Simba|Normal\n|move|p2a: Celesteela|Meteor Beam||[still]\n|-prepare|p2a: Celesteela|Meteor Beam\n|-boost|p2a: Celesteela|spa|1\n|-enditem|p2a: Celesteela|Power Herb\n|-anim|p2a: Celesteela|Meteor Beam|p1a: Simba\n|-damage|p1a: Simba|0 fnt\n|faint|p1a: Simba\n|-ability|p2a: Celesteela|Beast Boost|boost\n|-boost|p2a: Celesteela|spa|1\n|\n|upkeep\n|\n|t:|1700420467\n|switch|p1a: Rock|Tyranitar, F, shiny|100\/100\n|-activate|p1a: Rock|move: Sticky Web\n|-unboost|p1a: Rock|spe|1\n|-weather|Sandstorm|[from] ability: Sand Stream|[of] p1a: Rock\n|turn|20\n|\n|t:|1700420471\n|move|p2a: Celesteela|Giga Drain|p1a: Rock\n|-supereffective|p1a: Rock\n|-damage|p1a: Rock|58\/100\n|move|p1a: Rock|Roar|p2a: Celesteela\n|drag|p2a: Banette|Banette, M|100\/100\n|\n|-weather|Sandstorm|[upkeep]\n|-damage|p2a: Banette|94\/100|[from] Sandstorm\n|-heal|p1a: Rock|65\/100|[from] item: Leftovers\n|upkeep\n|turn|21\n|\n|t:|1700420480\n|switch|p2a: Ribombee|Ribombee, F|100\/100\n|switch|p1a: Scissors|Skarmory, F, shiny|88\/100\n|\n|-weather|Sandstorm|[upkeep]\n|-damage|p2a: Ribombee|94\/100|[from] Sandstorm\n|upkeep\n|turn|22\n|\n|t:|1700420485\n|switch|p2a: Serperior|Serperior, F|79\/100\n|move|p1a: Scissors|Defog|p2a: Serperior\n|-boost|p2a: Serperior|evasion|1\n|-sideend|p1: Tpd le Spew|Sticky Web|[from] move: Defog|[of] p1a: Scissors\n|\n|-weather|Sandstorm|[upkeep]\n|-damage|p2a: Serperior|73\/100|[from] Sandstorm\n|-heal|p2a: Serperior|79\/100|[from] item: Leftovers\n|upkeep\n|turn|23\n|\n|t:|1700420489\n|move|p2a: Serperior|Taunt|p1a: Scissors\n|-start|p1a: Scissors|move: Taunt\n|cant|p1a: Scissors|move: Taunt|Whirlwind\n|\n|-weather|Sandstorm|[upkeep]\n|-damage|p2a: Serperior|73\/100|[from] Sandstorm\n|-heal|p2a: Serperior|79\/100|[from] item: Leftovers\n|upkeep\n|turn|24\n|\n|t:|1700420493\n|switch|p1a: Kubo|Raikou, shiny|100\/100\n|-ability|p1a: Kubo|Pressure\n|move|p2a: Serperior|Leaf Storm|p1a: Kubo\n|-damage|p1a: Kubo|58\/100\n|-boost|p2a: Serperior|spa|2\n|\n|-weather|none\n|-heal|p1a: Kubo|64\/100|[from] item: Leftovers\n|-heal|p2a: Serperior|85\/100|[from] item: Leftovers\n|upkeep\n|turn|25\n|\n|t:|1700420501\n|move|p1a: Kubo|Protect|p1a: Kubo\n|-singleturn|p1a: Kubo|Protect\n|move|p2a: Serperior|Leaf Storm|p1a: Kubo\n|-activate|p1a: Kubo|move: Protect\n|\n|-heal|p1a: Kubo|70\/100|[from] item: Leftovers\n|-heal|p2a: Serperior|92\/100|[from] item: Leftovers\n|upkeep\n|turn|26\n|\n|t:|1700420507\n|move|p1a: Kubo|Substitute|p1a: Kubo\n|-start|p1a: Kubo|Substitute\n|-damage|p1a: Kubo|45\/100\n|move|p2a: Serperior|Substitute|p2a: Serperior\n|-start|p2a: Serperior|Substitute\n|-damage|p2a: Serperior|67\/100\n|\n|-heal|p1a: Kubo|51\/100|[from] item: Leftovers\n|-heal|p2a: Serperior|73\/100|[from] item: Leftovers\n|upkeep\n|turn|27\n|\n|t:|1700420515\n|move|p1a: Kubo|Protect|p1a: Kubo\n|-singleturn|p1a: Kubo|Protect\n|move|p2a: Serperior|Taunt|p1a: Kubo\n|-activate|p1a: Kubo|move: Protect\n|\n|-heal|p1a: Kubo|58\/100|[from] item: Leftovers\n|-heal|p2a: Serperior|79\/100|[from] item: Leftovers\n|upkeep\n|turn|28\n|\n|t:|1700420559\n|move|p1a: Kubo|Calm Mind|p1a: Kubo\n|-boost|p1a: Kubo|spa|1\n|-boost|p1a: Kubo|spd|1\n|move|p2a: Serperior|Taunt|p1a: Kubo\n|-start|p1a: Kubo|move: Taunt\n|\n|-heal|p1a: Kubo|64\/100|[from] item: Leftovers\n|-heal|p2a: Serperior|85\/100|[from] item: Leftovers\n|upkeep\n|turn|29\n|\n|t:|1700420569\n|move|p1a: Kubo|Scald|p2a: Serperior|[miss]\n|-miss|p1a: Kubo|p2a: Serperior\n|move|p2a: Serperior|Leaf Storm|p1a: Kubo\n|-end|p1a: Kubo|Substitute\n|-boost|p2a: Serperior|spa|2\n|\n|-heal|p1a: Kubo|70\/100|[from] item: Leftovers\n|-heal|p2a: Serperior|91\/100|[from] item: Leftovers\n|upkeep\n|turn|30\n|\n|t:|1700420577\n|move|p1a: Kubo|Scald|p2a: Serperior\n|-resisted|p2a: Serperior\n|-activate|p2a: Serperior|move: Substitute|[damage]\n|move|p2a: Serperior|Hidden Power|p1a: Kubo\n|-damage|p1a: Kubo|43\/100\n|\n|-heal|p1a: Kubo|49\/100|[from] item: Leftovers\n|-heal|p2a: Serperior|97\/100|[from] item: Leftovers\n|upkeep\n|turn|31\n|\n|t:|1700420585\n|move|p1a: Kubo|Scald|p2a: Serperior\n|-resisted|p2a: Serperior\n|-end|p2a: Serperior|Substitute\n|move|p2a: Serperior|Hidden Power|p1a: Kubo\n|-damage|p1a: Kubo|24\/100\n|\n|-heal|p1a: Kubo|30\/100|[from] item: Leftovers\n|-heal|p2a: Serperior|100\/100|[from] item: Leftovers\n|-end|p1a: Kubo|move: Taunt\n|upkeep\n|turn|32\n|\n|t:|1700420591\n|move|p1a: Kubo|Protect|p1a: Kubo\n|-singleturn|p1a: Kubo|Protect\n|move|p2a: Serperior|Taunt|p1a: Kubo\n|-activate|p1a: Kubo|move: Protect\n|\n|-heal|p1a: Kubo|37\/100|[from] item: Leftovers\n|upkeep\n|turn|33\n|\n|t:|1700420604\n|move|p1a: Kubo|Scald|p2a: Serperior\n|-resisted|p2a: Serperior\n|-damage|p2a: Serperior|82\/100\n|-status|p2a: Serperior|brn\n|move|p2a: Serperior|Taunt|p1a: Kubo\n|-start|p1a: Kubo|move: Taunt\n|\n|-heal|p1a: Kubo|43\/100|[from] item: Leftovers\n|-heal|p2a: Serperior|88\/100 brn|[from] item: Leftovers\n|-damage|p2a: Serperior|82\/100 brn|[from] brn\n|upkeep\n|turn|34\n|\n|t:|1700420613\n|switch|p1a: Moose|Suicune, shiny|100\/100\n|-ability|p1a: Moose|Pressure\n|move|p2a: Serperior|Substitute|p2a: Serperior\n|-start|p2a: Serperior|Substitute\n|-damage|p2a: Serperior|57\/100 brn\n|\n|-heal|p2a: Serperior|63\/100 brn|[from] item: Leftovers\n|-damage|p2a: Serperior|57\/100 brn|[from] brn\n|upkeep\n|turn|35\n|l| Olia<3\n|\n|t:|1700420619\n|move|p2a: Serperior|Taunt|p1a: Moose\n|-start|p1a: Moose|move: Taunt\n|cant|p1a: Moose|move: Taunt|Calm Mind\n|\n|-heal|p2a: Serperior|63\/100 brn|[from] item: Leftovers\n|-damage|p2a: Serperior|57\/100 brn|[from] brn\n|upkeep\n|turn|36\n|\n|t:|1700420625\n|switch|p1a: Rock|Tyranitar, F, shiny|65\/100\n|-weather|Sandstorm|[from] ability: Sand Stream|[of] p1a: Rock\n|move|p2a: Serperior|Hidden Power|p1a: Rock\n|-resisted|p1a: Rock\n|-damage|p1a: Rock|55\/100\n|\n|-weather|Sandstorm|[upkeep]\n|-damage|p2a: Serperior|50\/100 brn|[from] Sandstorm\n|-heal|p2a: Serperior|57\/100 brn|[from] item: Leftovers\n|-heal|p1a: Rock|62\/100|[from] item: Leftovers\n|-damage|p2a: Serperior|50\/100 brn|[from] brn\n|upkeep\n|turn|37\n|\n|t:|1700420635\n|move|p2a: Serperior|Taunt|p1a: Rock\n|-start|p1a: Rock|move: Taunt\n|move|p1a: Rock|Pursuit|p2a: Serperior|[miss]\n|-miss|p1a: Rock|p2a: Serperior\n|\n|-weather|Sandstorm|[upkeep]\n|-damage|p2a: Serperior|44\/100 brn|[from] Sandstorm\n|-heal|p2a: Serperior|50\/100 brn|[from] item: Leftovers\n|-heal|p1a: Rock|68\/100|[from] item: Leftovers\n|-damage|p2a: Serperior|44\/100 brn|[from] brn\n|upkeep\n|turn|38\n|\n|t:|1700420658\n|move|p2a: Serperior|Hidden Power|p1a: Rock\n|-resisted|p1a: Rock\n|-damage|p1a: Rock|59\/100\n|move|p1a: Rock|Pursuit|p2a: Serperior\n|-activate|p2a: Serperior|move: Substitute|[damage]\n|\n|-weather|Sandstorm|[upkeep]\n|-damage|p2a: Serperior|38\/100 brn|[from] Sandstorm\n|-heal|p2a: Serperior|44\/100 brn|[from] item: Leftovers\n|-heal|p1a: Rock|65\/100|[from] item: Leftovers\n|-damage|p2a: Serperior|38\/100 brn|[from] brn\n|upkeep\n|turn|39\n|j| Aziz Le Bledart\n|\n|t:|1700420670\n|switch|p1a: Moose|Suicune, shiny|100\/100\n|-ability|p1a: Moose|Pressure\n|move|p2a: Serperior|Hidden Power|p1a: Moose\n|-resisted|p1a: Moose\n|-damage|p1a: Moose|86\/100\n|\n|-weather|Sandstorm|[upkeep]\n|-damage|p2a: Serperior|32\/100 brn|[from] Sandstorm\n|-damage|p1a: Moose|79\/100|[from] Sandstorm\n|-heal|p2a: Serperior|38\/100 brn|[from] item: Leftovers\n|-heal|p1a: Moose|86\/100|[from] item: Leftovers\n|-damage|p2a: Serperior|32\/100 brn|[from] brn\n|upkeep\n|turn|40\n|\n|t:|1700420680\n|move|p2a: Serperior|Taunt|p1a: Moose\n|-start|p1a: Moose|move: Taunt\n|move|p1a: Moose|Scald|p2a: Serperior\n|-resisted|p2a: Serperior\n|-end|p2a: Serperior|Substitute\n|\n|-weather|none\n|-heal|p2a: Serperior|38\/100 brn|[from] item: Leftovers\n|-heal|p1a: Moose|92\/100|[from] item: Leftovers\n|-damage|p2a: Serperior|32\/100 brn|[from] brn\n|upkeep\n|turn|41\n|\n|t:|1700420687\n|move|p2a: Serperior|Hidden Power|p1a: Moose\n|-resisted|p1a: Moose\n|-damage|p1a: Moose|75\/100\n|move|p1a: Moose|Scald|p2a: Serperior\n|-resisted|p2a: Serperior\n|-damage|p2a: Serperior|17\/100 brn\n|\n|-heal|p2a: Serperior|23\/100 brn|[from] item: Leftovers\n|-heal|p1a: Moose|82\/100|[from] item: Leftovers\n|-damage|p2a: Serperior|17\/100 brn|[from] brn\n|upkeep\n|turn|42\n|\n|t:|1700420692\n|move|p2a: Serperior|Hidden Power|p1a: Moose\n|-resisted|p1a: Moose\n|-damage|p1a: Moose|64\/100\n|move|p1a: Moose|Scald|p2a: Serperior\n|-resisted|p2a: Serperior\n|-damage|p2a: Serperior|2\/100 brn\n|\n|-heal|p2a: Serperior|8\/100 brn|[from] item: Leftovers\n|-heal|p1a: Moose|71\/100|[from] item: Leftovers\n|-damage|p2a: Serperior|2\/100 brn|[from] brn\n|-end|p1a: Moose|move: Taunt\n|upkeep\n|turn|43\n|\n|t:|1700420710\n|move|p2a: Serperior|Taunt|p1a: Moose\n|-start|p1a: Moose|move: Taunt\n|move|p1a: Moose|Scald|p2a: Serperior|[miss]\n|-miss|p1a: Moose|p2a: Serperior\n|\n|-heal|p2a: Serperior|8\/100 brn|[from] item: Leftovers\n|-heal|p1a: Moose|77\/100|[from] item: Leftovers\n|-damage|p2a: Serperior|2\/100 brn|[from] brn\n|upkeep\n|turn|44\n|l| Aziz Le Bledart\n|\n|t:|1700420726\n|move|p2a: Serperior|Hidden Power|p1a: Moose\n|-resisted|p1a: Moose\n|-damage|p1a: Moose|60\/100\n|move|p1a: Moose|Scald|p2a: Serperior\n|-resisted|p2a: Serperior\n|-damage|p2a: Serperior|0 fnt\n|faint|p2a: Serperior\n|\n|-heal|p1a: Moose|66\/100|[from] item: Leftovers\n|upkeep\n|\n|t:|1700420745\n|switch|p2a: Kommo-o|Kommo-o, M|100\/100\n|turn|45\n|\n|t:|1700420762\n|switch|p1a: Paper|Celebi|100\/100\n|-zpower|p2a: Kommo-o\n|move|p2a: Kommo-o|Clangorous Soulblaze|p1a: Paper|[zeffect]\n|-damage|p1a: Paper|54\/100\n|-boost|p2a: Kommo-o|atk|1\n|-boost|p2a: Kommo-o|def|1\n|-boost|p2a: Kommo-o|spa|1\n|-boost|p2a: Kommo-o|spd|1\n|-boost|p2a: Kommo-o|spe|1\n|\n|-heal|p1a: Paper|61\/100|[from] item: Leftovers\n|upkeep\n|turn|46\n|\n|t:|1700420809\n|move|p2a: Kommo-o|Poison Jab|p1a: Paper\n|-supereffective|p1a: Paper\n|-damage|p1a: Paper|15\/100\n|move|p1a: Paper|Psychic|p2a: Kommo-o\n|-supereffective|p2a: Kommo-o\n|-damage|p2a: Kommo-o|55\/100\n|\n|-heal|p1a: Paper|21\/100|[from] item: Leftovers\n|upkeep\n|turn|47\n|\n|t:|1700420821\n|move|p2a: Kommo-o|Clanging Scales|p1a: Paper\n|-damage|p1a: Paper|0 fnt\n|faint|p1a: Paper\n|-unboost|p2a: Kommo-o|def|1\n|\n|upkeep\n|\n|t:|1700420826\n|switch|p1a: Scissors|Skarmory, F, shiny|88\/100\n|turn|48\n|\n|t:|1700420829\n|move|p2a: Kommo-o|Close Combat|p1a: Scissors\n|-damage|p1a: Scissors|39\/100\n|-unboost|p2a: Kommo-o|def|1\n|-unboost|p2a: Kommo-o|spd|1\n|-damage|p2a: Kommo-o|39\/100|[from] item: Rocky Helmet|[of] p1a: Scissors\n|move|p1a: Scissors|Whirlwind|p2a: Kommo-o\n|drag|p2a: Celesteela|Celesteela|100\/100\n|\n|upkeep\n|turn|49\n|\n|t:|1700420854\n|switch|p1a: Rock|Tyranitar, F, shiny|65\/100\n|-weather|Sandstorm|[from] ability: Sand Stream|[of] p1a: Rock\n|move|p2a: Celesteela|Air Slash|p1a: Rock\n|-resisted|p1a: Rock\n|-damage|p1a: Rock|57\/100\n|\n|-weather|Sandstorm|[upkeep]\n|-heal|p1a: Rock|63\/100|[from] item: Leftovers\n|upkeep\n|turn|50\n|\n|t:|1700420867\n|move|p2a: Celesteela|Giga Drain|p1a: Rock\n|-supereffective|p1a: Rock\n|-damage|p1a: Rock|43\/100\n|move|p1a: Rock|Stealth Rock|p2a: Celesteela\n|-sidestart|p2: popo4456|move: Stealth Rock\n|\n|-weather|Sandstorm|[upkeep]\n|-heal|p1a: Rock|50\/100|[from] item: Leftovers\n|upkeep\n|turn|51\n|\n|t:|1700420881\n|move|p2a: Celesteela|Giga Drain|p1a: Rock\n|-supereffective|p1a: Rock\n|-damage|p1a: Rock|30\/100\n|move|p1a: Rock|Roar|p2a: Celesteela\n|drag|p2a: Ribombee|Ribombee, F|94\/100\n|-damage|p2a: Ribombee|69\/100|[from] Stealth Rock\n|\n|-weather|Sandstorm|[upkeep]\n|-damage|p2a: Ribombee|63\/100|[from] Sandstorm\n|-heal|p1a: Rock|36\/100|[from] item: Leftovers\n|upkeep\n|turn|52\n|\n|t:|1700420897\n|switch|p2a: Banette|Banette, M|94\/100\n|-damage|p2a: Banette|82\/100|[from] Stealth Rock\n|move|p1a: Rock|Rest|p1a: Rock\n|-status|p1a: Rock|slp|[from] move: Rest\n|-heal|p1a: Rock|100\/100 slp|[silent]\n|\n|-weather|Sandstorm|[upkeep]\n|-damage|p2a: Banette|76\/100|[from] Sandstorm\n|upkeep\n|turn|53\n|\n|t:|1700420906\n|switch|p2a: Kommo-o|Kommo-o, M|39\/100\n|-damage|p2a: Kommo-o|32\/100|[from] Stealth Rock\n|cant|p1a: Rock|slp\n|\n|-weather|none\n|upkeep\n|turn|54\n|\n|t:|1700420917\n|switch|p1a: Moose|Suicune, shiny|66\/100\n|-ability|p1a: Moose|Pressure\n|move|p2a: Kommo-o|Close Combat|p1a: Moose\n|-damage|p1a: Moose|32\/100\n|-unboost|p2a: Kommo-o|def|1\n|-unboost|p2a: Kommo-o|spd|1\n|\n|-heal|p1a: Moose|39\/100|[from] item: Leftovers\n|upkeep\n|turn|55\n|\n|t:|1700420949\n|switch|p2a: Celesteela|Celesteela|100\/100\n|-damage|p2a: Celesteela|88\/100|[from] Stealth Rock\n|move|p1a: Moose|Scald|p2a: Celesteela\n|-damage|p2a: Celesteela|62\/100\n|\n|-heal|p1a: Moose|45\/100|[from] item: Leftovers\n|upkeep\n|turn|56\n|\n|t:|1700420966\n|move|p1a: Moose|Calm Mind|p1a: Moose\n|-boost|p1a: Moose|spa|1\n|-boost|p1a: Moose|spd|1\n|move|p2a: Celesteela|Giga Drain|p1a: Moose\n|-supereffective|p1a: Moose\n|-damage|p1a: Moose|19\/100\n|-heal|p2a: Celesteela|78\/100|[from] drain|[of] p1a: Moose\n|\n|-heal|p1a: Moose|25\/100|[from] item: Leftovers\n|upkeep\n|turn|57\n|\n|t:|1700420973\n|move|p1a: Moose|Calm Mind|p1a: Moose\n|-boost|p1a: Moose|spa|1\n|-boost|p1a: Moose|spd|1\n|move|p2a: Celesteela|Giga Drain|p1a: Moose\n|-supereffective|p1a: Moose\n|-damage|p1a: Moose|5\/100\n|-heal|p2a: Celesteela|90\/100|[from] drain|[of] p1a: Moose\n|\n|-heal|p1a: Moose|12\/100|[from] item: Leftovers\n|upkeep\n|turn|58\n|\n|t:|1700420979\n|move|p1a: Moose|Rest|p1a: Moose\n|-status|p1a: Moose|slp|[from] move: Rest\n|-heal|p1a: Moose|100\/100 slp|[silent]\n|move|p2a: Celesteela|Giga Drain|p1a: Moose\n|-supereffective|p1a: Moose\n|-damage|p1a: Moose|81\/100 slp\n|-heal|p2a: Celesteela|100\/100|[from] drain|[of] p1a: Moose\n|\n|-heal|p1a: Moose|87\/100 slp|[from] item: Leftovers\n|upkeep\n|turn|59\n|\n|t:|1700420983\n|switch|p2a: Banette|Banette, M|76\/100\n|-damage|p2a: Banette|63\/100|[from] Stealth Rock\n|cant|p1a: Moose|slp\n|\n|-heal|p1a: Moose|94\/100 slp|[from] item: Leftovers\n|upkeep\n|turn|60\n|\n|t:|1700420987\n|detailschange|p2a: Banette|Banette-Mega, M\n|-mega|p2a: Banette|Banette|Banettite\n|cant|p1a: Moose|slp\n|move|p2a: Banette|Shadow Claw|p1a: Moose\n|-damage|p1a: Moose|71\/100 slp\n|\n|-heal|p1a: Moose|77\/100 slp|[from] item: Leftovers\n|upkeep\n|turn|61\n|\n|t:|1700420996\n|-curestatus|p1a: Moose|slp|[msg]\n|move|p1a: Moose|Scald|p2a: Banette\n|-damage|p2a: Banette|4\/100\n|move|p2a: Banette|Shadow Claw|p1a: Moose\n|-damage|p1a: Moose|54\/100\n|\n|-heal|p1a: Moose|60\/100|[from] item: Leftovers\n|upkeep\n|turn|62\n|\n|t:|1700421006\n|switch|p1a: Rock|Tyranitar, F, shiny|100\/100 slp\n|-weather|Sandstorm|[from] ability: Sand Stream|[of] p1a: Rock\n|move|p2a: Banette|Destiny Bond|p2a: Banette\n|-singlemove|p2a: Banette|Destiny Bond\n|\n|-weather|Sandstorm|[upkeep]\n|-damage|p2a: Banette|0 fnt|[from] Sandstorm\n|faint|p2a: Banette\n|upkeep\n|\n|t:|1700421009\n|switch|p2a: Kommo-o|Kommo-o, M|32\/100\n|-damage|p2a: Kommo-o|26\/100|[from] Stealth Rock\n|turn|63\n|\n|t:|1700421022\n|switch|p1a: Scissors|Skarmory, F, shiny|39\/100\n|move|p2a: Kommo-o|Close Combat|p1a: Scissors\n|-damage|p1a: Scissors|9\/100\n|-unboost|p2a: Kommo-o|def|1\n|-unboost|p2a: Kommo-o|spd|1\n|-damage|p2a: Kommo-o|10\/100|[from] item: Rocky Helmet|[of] p1a: Scissors\n|\n|-weather|Sandstorm|[upkeep]\n|-damage|p2a: Kommo-o|4\/100|[from] Sandstorm\n|upkeep\n|turn|64\n|\n|t:|1700421031\n|move|p2a: Kommo-o|Close Combat|p1a: Scissors\n|-damage|p1a: Scissors|0 fnt\n|-unboost|p2a: Kommo-o|def|1\n|-unboost|p2a: Kommo-o|spd|1\n|-damage|p2a: Kommo-o|0 fnt|[from] item: Rocky Helmet|[of] p1a: Scissors\n|faint|p1a: Scissors\n|faint|p2a: Kommo-o\n|\n|-weather|Sandstorm|[upkeep]\n|upkeep\n|\n|t:|1700421041\n|switch|p2a: Celesteela|Celesteela|100\/100\n|switch|p1a: Moose|Suicune, shiny|60\/100\n|-ability|p1a: Moose|Pressure\n|-damage|p2a: Celesteela|88\/100|[from] Stealth Rock\n|turn|65\n|\n|t:|1700421044\n|move|p1a: Moose|Calm Mind|p1a: Moose\n|-boost|p1a: Moose|spa|1\n|-boost|p1a: Moose|spd|1\n|move|p2a: Celesteela|Autotomize|p2a: Celesteela\n|-boost|p2a: Celesteela|spe|2\n|-start|p2a: Celesteela|Autotomize\n|\n|-weather|Sandstorm|[upkeep]\n|-damage|p1a: Moose|54\/100|[from] Sandstorm\n|-heal|p1a: Moose|60\/100|[from] item: Leftovers\n|upkeep\n|turn|66\n|\n|t:|1700421051\n|move|p2a: Celesteela|Air Slash|p1a: Moose\n|-damage|p1a: Moose|42\/100\n|move|p1a: Moose|Calm Mind|p1a: Moose\n|-boost|p1a: Moose|spa|1\n|-boost|p1a: Moose|spd|1\n|\n|-weather|none\n|-heal|p1a: Moose|48\/100|[from] item: Leftovers\n|upkeep\n|turn|67\n|\n|t:|1700421056\n|move|p2a: Celesteela|Air Slash|p1a: Moose\n|-damage|p1a: Moose|34\/100\n|move|p1a: Moose|Calm Mind|p1a: Moose\n|-boost|p1a: Moose|spa|1\n|-boost|p1a: Moose|spd|1\n|\n|-heal|p1a: Moose|40\/100|[from] item: Leftovers\n|upkeep\n|turn|68\n|\n|t:|1700421062\n|move|p2a: Celesteela|Air Slash|p1a: Moose\n|-damage|p1a: Moose|29\/100\n|move|p1a: Moose|Substitute|p1a: Moose\n|-start|p1a: Moose|Substitute\n|-damage|p1a: Moose|4\/100\n|\n|-heal|p1a: Moose|10\/100|[from] item: Leftovers\n|upkeep\n|turn|69\n|\n|t:|1700421070\n|move|p2a: Celesteela|Giga Drain|p1a: Moose\n|-supereffective|p1a: Moose\n|-activate|p1a: Moose|move: Substitute|[damage]\n|-heal|p2a: Celesteela|98\/100|[from] drain|[of] p1a: Moose\n|move|p1a: Moose|Calm Mind|p1a: Moose\n|-boost|p1a: Moose|spa|1\n|-boost|p1a: Moose|spd|1\n|\n|-heal|p1a: Moose|16\/100|[from] item: Leftovers\n|upkeep\n|turn|70\n|\n|t:|1700421076\n|move|p2a: Celesteela|Air Slash|p1a: Moose\n|-crit|p1a: Moose\n|-end|p1a: Moose|Substitute\n|move|p1a: Moose|Rest|p1a: Moose\n|-status|p1a: Moose|slp|[from] move: Rest\n|-heal|p1a: Moose|100\/100 slp|[silent]\n|\n|upkeep\n|turn|71\n|\n|t:|1700421084\n|move|p2a: Celesteela|Meteor Beam||[still]\n|-prepare|p2a: Celesteela|Meteor Beam\n|-boost|p2a: Celesteela|spa|1\n|cant|p1a: Moose|slp\n|\n|upkeep\n|turn|72\n|\n|t:|1700421086\n|move|p2a: Celesteela|Meteor Beam|p1a: Moose|[from]lockedmove\n|-damage|p1a: Moose|86\/100 slp\n|cant|p1a: Moose|slp\n|\n|-heal|p1a: Moose|92\/100 slp|[from] item: Leftovers\n|upkeep\n|turn|73\n|\n|t:|1700421096\n|move|p2a: Celesteela|Air Slash|p1a: Moose\n|-damage|p1a: Moose|77\/100 slp\n|-curestatus|p1a: Moose|slp|[msg]\n|move|p1a: Moose|Scald|p2a: Celesteela\n|-damage|p2a: Celesteela|21\/100\n|-status|p2a: Celesteela|brn\n|\n|-heal|p1a: Moose|83\/100|[from] item: Leftovers\n|-damage|p2a: Celesteela|15\/100 brn|[from] brn\n|upkeep\n|turn|74\n|c|\u2606popo4456|well played, i appreciate seeing a different stall team\n|\n|t:|1700421116\n|move|p2a: Celesteela|Air Slash|p1a: Moose\n|-damage|p1a: Moose|69\/100\n|cant|p1a: Moose|flinch\n|\n|-heal|p1a: Moose|75\/100|[from] item: Leftovers\n|-damage|p2a: Celesteela|9\/100 brn|[from] brn\n|upkeep\n|turn|75\n|\n|t:|1700421122\n|move|p2a: Celesteela|Air Slash|p1a: Moose\n|-damage|p1a: Moose|61\/100\n|move|p1a: Moose|Substitute|p1a: Moose\n|-start|p1a: Moose|Substitute\n|-damage|p1a: Moose|36\/100\n|\n|-heal|p1a: Moose|42\/100|[from] item: Leftovers\n|-damage|p2a: Celesteela|3\/100 brn|[from] brn\n|upkeep\n|turn|76\n|\n|t:|1700421127\n|move|p2a: Celesteela|Air Slash|p1a: Moose\n|-activate|p1a: Moose|move: Substitute|[damage]\n|move|p1a: Moose|Scald|p2a: Celesteela\n|-crit|p2a: Celesteela\n|-damage|p2a: Celesteela|0 fnt\n|faint|p2a: Celesteela\n|\n|-heal|p1a: Moose|48\/100|[from] item: Leftovers\n|upkeep\n|\n|t:|1700421130\n|switch|p2a: Ribombee|Ribombee, F|63\/100\n|-damage|p2a: Ribombee|38\/100|[from] Stealth Rock\n|turn|77\n|c|\u2606Tpd le Spew|Ggwp\n|c|\u2606popo4456|gg\n|\n|t:|1700421140\n|move|p2a: Ribombee|Moonblast|p1a: Moose\n|-activate|p1a: Moose|move: Substitute|[damage]\n|move|p1a: Moose|Scald|p2a: Ribombee\n|-damage|p2a: Ribombee|0 fnt\n|faint|p2a: Ribombee\n|\n|win|Tpd le Spew\n|raw|Tpd le Spew's rating: 1762 &rarr; <strong>1786<\/strong><br \/>(+24 for winning)\n|raw|popo4456's rating: 1826 &rarr; <strong>1802<\/strong><br \/>(-24 for losing)\n|l|\u2606popo4456\n|l|\u2606Tpd le Spew\n|j|\u2606Tpd le Spew\n|player|p1|Tpd le Spew|drayden\n","uploadtime":1700421310,"views":21,"p1id":"tpdlespew","p2id":"popo4456","formatid":"gen9nationaldex","rating":1786,"private":0,"password":""}