{"id":"gen9nationaldex-1996146638","p1":"189t","p2":"Kiviruweinau","format":"[Gen 9] National Dex","log":"|html|<div class=\"broadcast-blue\"><strong>[Gen 9] National Dex is currently suspecting Sneasler! For information on how to participate check out the <a href=\"https:\/\/www.smogon.com\/forums\/threads\/sv-national-dex-suspect-8-just-dance.3731534\/\">suspect thread<\/a>.<\/strong><\/div>\n|j|\u2606189t\n|j|\u2606Kiviruweinau\n|t:|1700651127\n|gametype|singles\n|player|p1|189t|cynthia|1416\n|player|p2|Kiviruweinau|roughneck|1472\n|teamsize|p1|6\n|teamsize|p2|6\n|gen|9\n|tier|[Gen 9] National Dex\n|rated|\n|rule|HP Percentage Mod: HP is shown in percentages\n|rule|Endless Battle Clause: Forcing endless battles is banned\n|rule|OHKO Clause: OHKO moves are banned\n|rule|Evasion Clause: Evasion abilities, items, and moves are banned\n|rule|Evasion Abilities Clause: Evasion abilities are banned\n|rule|Evasion Items Clause: Evasion items are banned\n|rule|Evasion Moves Clause: Evasion moves are banned\n|rule|Species Clause: Limit one of each Pok\u00e9mon\n|rule|Sleep Clause Mod: Limit one foe put to sleep\n|clearpoke\n|poke|p1|Ogerpon-Wellspring, F|\n|poke|p1|Banette, F|\n|poke|p1|Heatran, M|\n|poke|p1|Clodsire, M|\n|poke|p1|Ferrothorn, M|\n|poke|p1|Great Tusk|\n|poke|p2|Greninja-*, M|\n|poke|p2|Lopunny, M|\n|poke|p2|Nihilego|\n|poke|p2|Ferrothorn, F|\n|poke|p2|Zapdos|\n|poke|p2|Great Tusk|\n|teampreview\n|inactive|Battle timer is ON: inactive players will automatically lose when time's up. (requested by 189t)\n|\n|t:|1700651155\n|start\n|switch|p1a: Heatran|Heatran, M, shiny|100\/100\n|switch|p2a: Lopunny|Lopunny, M|100\/100\n|turn|1\n|\n|t:|1700651169\n|switch|p1a: Ferrothorn|Ferrothorn, M, shiny|100\/100\n|detailschange|p2a: Lopunny|Lopunny-Mega, M\n|-mega|p2a: Lopunny|Lopunny|Lopunnite\n|move|p2a: Lopunny|Fake Out|p1a: Ferrothorn\n|-resisted|p1a: Ferrothorn\n|-damage|p1a: Ferrothorn|95\/100\n|-damage|p2a: Lopunny|88\/100|[from] ability: Iron Barbs|[of] p1a: Ferrothorn\n|-damage|p2a: Lopunny|72\/100|[from] item: Rocky Helmet|[of] p1a: Ferrothorn\n|\n|upkeep\n|turn|2\n|\n|t:|1700651179\n|switch|p2a: Zapdos|Zapdos|100\/100\n|move|p1a: Ferrothorn|Stealth Rock|p2a: Zapdos\n|-sidestart|p2: Kiviruweinau|move: Stealth Rock\n|\n|upkeep\n|turn|3\n|\n|t:|1700651185\n|move|p2a: Zapdos|Defog|p1a: Ferrothorn\n|-unboost|p1a: Ferrothorn|evasion|1\n|-sideend|p2: Kiviruweinau|Stealth Rock|[from] move: Defog|[of] p2a: Zapdos\n|move|p1a: Ferrothorn|Leech Seed|p2a: Zapdos|[miss]\n|-miss|p1a: Ferrothorn|p2a: Zapdos\n|\n|upkeep\n|turn|4\n|\n|t:|1700651193\n|switch|p1a: Clodsire|Clodsire, M, shiny|100\/100\n|move|p2a: Zapdos|Heat Wave|p1a: Clodsire\n|-damage|p1a: Clodsire|85\/100\n|\n|-heal|p1a: Clodsire|91\/100|[from] item: Leftovers\n|upkeep\n|turn|5\n|\n|t:|1700651213\n|switch|p2a: Ferrothorn|Ferrothorn, F|100\/100\n|move|p1a: Clodsire|Toxic Spikes|p2a: Ferrothorn\n|-sidestart|p2: Kiviruweinau|move: Toxic Spikes\n|\n|-heal|p1a: Clodsire|98\/100|[from] item: Leftovers\n|upkeep\n|turn|6\n|\n|t:|1700651231\n|move|p1a: Clodsire|Toxic Spikes|p2a: Ferrothorn\n|-sidestart|p2: Kiviruweinau|move: Toxic Spikes\n|move|p2a: Ferrothorn|Leech Seed|p1a: Clodsire\n|-start|p1a: Clodsire|move: Leech Seed\n|\n|-heal|p1a: Clodsire|100\/100|[from] item: Leftovers\n|-damage|p1a: Clodsire|88\/100|[from] Leech Seed|[of] p2a: Ferrothorn\n|upkeep\n|turn|7\n|\n|t:|1700651240\n|switch|p1a: Ferrothorn|Ferrothorn, M, shiny|95\/100\n|move|p2a: Ferrothorn|Gyro Ball|p1a: Ferrothorn\n|-resisted|p1a: Ferrothorn\n|-damage|p1a: Ferrothorn|92\/100\n|-damage|p2a: Ferrothorn|88\/100|[from] ability: Iron Barbs|[of] p1a: Ferrothorn\n|-damage|p2a: Ferrothorn|72\/100|[from] item: Rocky Helmet|[of] p1a: Ferrothorn\n|\n|-heal|p2a: Ferrothorn|78\/100|[from] item: Leftovers\n|upkeep\n|turn|8\n|\n|t:|1700651253\n|move|p1a: Ferrothorn|Stealth Rock|p2a: Ferrothorn\n|-sidestart|p2: Kiviruweinau|move: Stealth Rock\n|move|p2a: Ferrothorn|Thunder Wave|p1a: Ferrothorn\n|-status|p1a: Ferrothorn|par\n|\n|-heal|p2a: Ferrothorn|84\/100|[from] item: Leftovers\n|upkeep\n|turn|9\n|\n|t:|1700651269\n|switch|p2a: Zapdos|Zapdos|100\/100\n|-damage|p2a: Zapdos|75\/100|[from] Stealth Rock\n|switch|p1a: Clodsire|Clodsire, M, shiny|88\/100\n|\n|-heal|p1a: Clodsire|94\/100|[from] item: Leftovers\n|upkeep\n|turn|10\n|\n|t:|1700651277\n|move|p2a: Zapdos|Defog|p1a: Clodsire\n|-unboost|p1a: Clodsire|evasion|1\n|-sideend|p2: Kiviruweinau|Toxic Spikes|[from] move: Defog|[of] p2a: Zapdos\n|-sideend|p2: Kiviruweinau|Stealth Rock|[from] move: Defog|[of] p2a: Zapdos\n|move|p1a: Clodsire|Gunk Shot|p2a: Zapdos\n|-damage|p2a: Zapdos|53\/100\n|\n|-heal|p1a: Clodsire|100\/100|[from] item: Leftovers\n|upkeep\n|turn|11\n|\n|t:|1700651285\n|switch|p2a: Great Tusk|Great Tusk|100\/100\n|move|p1a: Clodsire|Toxic Spikes|p2a: Great Tusk\n|-sidestart|p2: Kiviruweinau|move: Toxic Spikes\n|\n|upkeep\n|turn|12\n|\n|t:|1700651293\n|switch|p1a: Banette|Banette, F, shiny|100\/100\n|move|p2a: Great Tusk|Stealth Rock|p1a: Banette\n|-sidestart|p1: 189t|move: Stealth Rock\n|\n|upkeep\n|turn|13\n|\n|t:|1700651300\n|detailschange|p1a: Banette|Banette-Mega, F, shiny\n|-mega|p1a: Banette|Banette|Banettite\n|move|p1a: Banette|Destiny Bond|p1a: Banette\n|-singlemove|p1a: Banette|Destiny Bond\n|move|p2a: Great Tusk|Headlong Rush|p1a: Banette\n|-damage|p1a: Banette|0 fnt\n|-unboost|p2a: Great Tusk|def|1\n|-unboost|p2a: Great Tusk|spd|1\n|faint|p1a: Banette\n|-activate|p1a: Banette|move: Destiny Bond\n|faint|p2a: Great Tusk\n|-end|p2a: Great Tusk|Protosynthesis|[silent]\n|\n|upkeep\n|\n|t:|1700651310\n|switch|p1a: Great Tusk|Great Tusk, shiny|100\/100\n|switch|p2a: Nihilego|Nihilego|100\/100\n|-sideend|p2: Kiviruweinau|move: Toxic Spikes|[of] p2a: Nihilego\n|-damage|p1a: Great Tusk|98\/100|[from] Stealth Rock\n|turn|14\n|\n|t:|1700651318\n|-terastallize|p2a: Nihilego|Psychic\n|move|p2a: Nihilego|Psychic|p1a: Great Tusk\n|-supereffective|p1a: Great Tusk\n|-damage|p1a: Great Tusk|13\/100\n|move|p1a: Great Tusk|Rapid Spin|p2a: Nihilego\n|-damage|p2a: Nihilego|72\/100\n|-boost|p1a: Great Tusk|spe|1\n|-sideend|p1: 189t|Stealth Rock|[from] move: Rapid Spin|[of] p1a: Great Tusk\n|\n|upkeep\n|turn|15\n|\n|t:|1700651330\n|switch|p2a: Zapdos|Zapdos|53\/100\n|move|p1a: Great Tusk|Headlong Rush|p2a: Zapdos\n|-immune|p2a: Zapdos\n|\n|upkeep\n|turn|16\n|\n|t:|1700651336\n|move|p1a: Great Tusk|Ice Spinner|p2a: Zapdos\n|-supereffective|p2a: Zapdos\n|-damage|p2a: Zapdos|11\/100\n|-damage|p1a: Great Tusk|0 fnt|[from] item: Rocky Helmet|[of] p2a: Zapdos\n|faint|p1a: Great Tusk\n|-end|p1a: Great Tusk|Protosynthesis|[silent]\n|move|p2a: Zapdos|Roost|p2a: Zapdos\n|-heal|p2a: Zapdos|61\/100\n|-singleturn|p2a: Zapdos|move: Roost\n|\n|upkeep\n|\n|t:|1700651346\n|switch|p1a: Heatran|Heatran, M, shiny|100\/100\n|turn|17\n|\n|t:|1700651349\n|move|p2a: Zapdos|Volt Switch|p1a: Heatran\n|-damage|p1a: Heatran|76\/100\n|\n|t:|1700651355\n|switch|p2a: Nihilego|Nihilego, tera:Psychic|72\/100|[from] Volt Switch\n|move|p1a: Heatran|Magma Storm|p2a: Nihilego\n|-damage|p2a: Nihilego|49\/100\n|-activate|p2a: Nihilego|move: Magma Storm|[of] p1a: Heatran\n|\n|-damage|p2a: Nihilego|37\/100|[from] move: Magma Storm|[partiallytrapped]\n|upkeep\n|turn|18\n|\n|t:|1700651367\n|move|p2a: Nihilego|Power Gem|p1a: Heatran\n|-damage|p1a: Heatran|42\/100\n|move|p1a: Heatran|Taunt|p2a: Nihilego\n|-start|p2a: Nihilego|move: Taunt\n|\n|-damage|p2a: Nihilego|24\/100|[from] move: Magma Storm|[partiallytrapped]\n|upkeep\n|turn|19\n|\n|t:|1700651377\n|move|p2a: Nihilego|Power Gem|p1a: Heatran\n|-damage|p1a: Heatran|6\/100\n|move|p1a: Heatran|Flash Cannon|p2a: Nihilego\n|-damage|p2a: Nihilego|5\/100\n|\n|-damage|p2a: Nihilego|0 fnt|[from] move: Magma Storm|[partiallytrapped]\n|faint|p2a: Nihilego\n|upkeep\n|\n|t:|1700651385\n|switch|p2a: Greninja|Greninja, M|100\/100\n|turn|20\n|\n|t:|1700651396\n|switch|p1a: Ferrothorn|Ferrothorn, M, shiny|92\/100 par\n|move|p2a: Greninja|Extrasensory|p1a: Ferrothorn\n|-resisted|p1a: Ferrothorn\n|-damage|p1a: Ferrothorn|79\/100 par\n|-damage|p2a: Greninja|91\/100|[from] item: Life Orb\n|\n|upkeep\n|turn|21\n|\n|t:|1700651406\n|switch|p2a: Lopunny|Lopunny-Mega, M|72\/100\n|move|p1a: Ferrothorn|Stealth Rock|p2a: Lopunny\n|-sidestart|p2: Kiviruweinau|move: Stealth Rock\n|\n|upkeep\n|turn|22\n|\n|t:|1700651411\n|move|p2a: Lopunny|High Jump Kick|p1a: Ferrothorn\n|-supereffective|p1a: Ferrothorn\n|-damage|p1a: Ferrothorn|3\/100 par\n|-damage|p2a: Lopunny|60\/100|[from] ability: Iron Barbs|[of] p1a: Ferrothorn\n|-damage|p2a: Lopunny|43\/100|[from] item: Rocky Helmet|[of] p1a: Ferrothorn\n|cant|p1a: Ferrothorn|par\n|\n|upkeep\n|turn|23\n|\n|t:|1700651419\n|move|p2a: Lopunny|Quick Attack|p1a: Ferrothorn\n|-resisted|p1a: Ferrothorn\n|-damage|p1a: Ferrothorn|0 fnt\n|-damage|p2a: Lopunny|31\/100|[from] ability: Iron Barbs|[of] p1a: Ferrothorn\n|-damage|p2a: Lopunny|14\/100|[from] item: Rocky Helmet|[of] p1a: Ferrothorn\n|faint|p1a: Ferrothorn\n|\n|upkeep\n|\n|t:|1700651429\n|switch|p1a: Clodsire|Clodsire, M, shiny|100\/100\n|turn|24\n|\n|t:|1700651433\n|switch|p2a: Zapdos|Zapdos|61\/100\n|-damage|p2a: Zapdos|36\/100|[from] Stealth Rock\n|move|p1a: Clodsire|Toxic Spikes|p2a: Zapdos\n|-sidestart|p2: Kiviruweinau|move: Toxic Spikes\n|\n|upkeep\n|turn|25\n|\n|t:|1700651440\n|switch|p1a: Heatran|Heatran, M, shiny|6\/100\n|move|p2a: Zapdos|Roost|p2a: Zapdos\n|-heal|p2a: Zapdos|86\/100\n|-singleturn|p2a: Zapdos|move: Roost\n|\n|upkeep\n|turn|26\n|\n|t:|1700651449\n|move|p2a: Zapdos|Volt Switch|p1a: Heatran\n|-damage|p1a: Heatran|0 fnt\n|faint|p1a: Heatran\n|\n|t:|1700651453\n|switch|p2a: Ferrothorn|Ferrothorn, F|84\/100|[from] Volt Switch\n|-damage|p2a: Ferrothorn|78\/100|[from] Stealth Rock\n|\n|-heal|p2a: Ferrothorn|84\/100|[from] item: Leftovers\n|upkeep\n|\n|t:|1700651461\n|switch|p1a: Clodsire|Clodsire, M, shiny|100\/100\n|turn|27\n|\n|t:|1700651468\n|-terastallize|p1a: Clodsire|Grass\n|move|p1a: Clodsire|Toxic Spikes|p2a: Ferrothorn\n|-sidestart|p2: Kiviruweinau|move: Toxic Spikes\n|move|p2a: Ferrothorn|Leech Seed|p1a: Clodsire\n|-immune|p1a: Clodsire\n|\n|-heal|p2a: Ferrothorn|90\/100|[from] item: Leftovers\n|upkeep\n|turn|28\n|\n|t:|1700651475\n|move|p1a: Clodsire|Gunk Shot|p2a: Ferrothorn\n|-immune|p2a: Ferrothorn\n|move|p2a: Ferrothorn|Thunder Wave|p1a: Clodsire\n|-status|p1a: Clodsire|par\n|\n|-heal|p2a: Ferrothorn|97\/100|[from] item: Leftovers\n|upkeep\n|turn|29\n|\n|t:|1700651495\n|switch|p2a: Zapdos|Zapdos|86\/100\n|-damage|p2a: Zapdos|61\/100|[from] Stealth Rock\n|move|p1a: Clodsire|Gunk Shot|p2a: Zapdos\n|-damage|p2a: Zapdos|39\/100\n|\n|upkeep\n|turn|30\n|\n|t:|1700651505\n|move|p2a: Zapdos|Roost|p2a: Zapdos\n|-heal|p2a: Zapdos|89\/100\n|-singleturn|p2a: Zapdos|move: Roost\n|move|p1a: Clodsire|Toxic Spikes||[still]\n|-fail|p1a: Clodsire\n|\n|upkeep\n|turn|31\n|\n|t:|1700651513\n|move|p2a: Zapdos|Defog|p1a: Clodsire\n|-unboost|p1a: Clodsire|evasion|1\n|-sideend|p2: Kiviruweinau|Toxic Spikes|[from] move: Defog|[of] p2a: Zapdos\n|-sideend|p2: Kiviruweinau|Stealth Rock|[from] move: Defog|[of] p2a: Zapdos\n|cant|p1a: Clodsire|par\n|\n|upkeep\n|turn|32\n|\n|t:|1700651519\n|move|p2a: Zapdos|Heat Wave|p1a: Clodsire\n|-supereffective|p1a: Clodsire\n|-damage|p1a: Clodsire|71\/100 par\n|move|p1a: Clodsire|Toxic Spikes|p2a: Zapdos\n|-sidestart|p2: Kiviruweinau|move: Toxic Spikes\n|\n|-heal|p1a: Clodsire|77\/100 par|[from] item: Leftovers\n|upkeep\n|turn|33\n|\n|t:|1700651525\n|move|p2a: Zapdos|Heat Wave|p1a: Clodsire\n|-supereffective|p1a: Clodsire\n|-damage|p1a: Clodsire|48\/100 par\n|move|p1a: Clodsire|Toxic Spikes|p2a: Zapdos\n|-sidestart|p2: Kiviruweinau|move: Toxic Spikes\n|\n|-heal|p1a: Clodsire|54\/100 par|[from] item: Leftovers\n|upkeep\n|turn|34\n|\n|t:|1700651534\n|move|p2a: Zapdos|Heat Wave|p1a: Clodsire\n|-supereffective|p1a: Clodsire\n|-damage|p1a: Clodsire|29\/100 par\n|move|p1a: Clodsire|Recover|p1a: Clodsire\n|-heal|p1a: Clodsire|79\/100 par\n|\n|-heal|p1a: Clodsire|85\/100 par|[from] item: Leftovers\n|upkeep\n|turn|35\n|\n|t:|1700651543\n|switch|p1a: Ogerpon|Ogerpon-Wellspring, F|100\/100\n|move|p2a: Zapdos|Heat Wave|p1a: Ogerpon\n|-damage|p1a: Ogerpon|72\/100\n|\n|upkeep\n|turn|36\n|\n|t:|1700651554\n|move|p1a: Ogerpon|Encore|p2a: Zapdos\n|-start|p2a: Zapdos|Encore\n|move|p2a: Zapdos|Heat Wave|p1a: Ogerpon\n|-damage|p1a: Ogerpon|40\/100\n|\n|upkeep\n|turn|37\n|\n|t:|1700651562\n|move|p1a: Ogerpon|Ivy Cudgel|p2a: Zapdos|[anim] Ivy Cudgel Water\n|-crit|p2a: Zapdos\n|-damage|p2a: Zapdos|22\/100\n|move|p2a: Zapdos|Heat Wave|p1a: Ogerpon\n|-damage|p1a: Ogerpon|11\/100\n|\n|upkeep\n|turn|38\n|\n|t:|1700651569\n|move|p1a: Ogerpon|Ivy Cudgel|p2a: Zapdos|[anim] Ivy Cudgel Water\n|-damage|p2a: Zapdos|0 fnt\n|faint|p2a: Zapdos\n|\n|upkeep\n|\n|t:|1700651573\n|switch|p2a: Greninja|Greninja, M|91\/100\n|-status|p2a: Greninja|tox\n|turn|39\n|\n|t:|1700651578\n|switch|p1a: Clodsire|Clodsire, M, shiny, tera:Grass|85\/100 par\n|move|p2a: Greninja|Extrasensory|p1a: Clodsire\n|-damage|p1a: Clodsire|69\/100 par\n|-damage|p2a: Greninja|81\/100 tox|[from] item: Life Orb\n|\n|-heal|p1a: Clodsire|76\/100 par|[from] item: Leftovers\n|-damage|p2a: Greninja|75\/100 tox|[from] psn\n|upkeep\n|turn|40\n|\n|t:|1700651587\n|move|p2a: Greninja|Ice Beam|p1a: Clodsire\n|-supereffective|p1a: Clodsire\n|-damage|p1a: Clodsire|40\/100 par\n|-damage|p2a: Greninja|65\/100 tox|[from] item: Life Orb\n|move|p1a: Clodsire|Gunk Shot|p2a: Greninja|[miss]\n|-miss|p1a: Clodsire|p2a: Greninja\n|\n|-heal|p1a: Clodsire|46\/100 par|[from] item: Leftovers\n|-damage|p2a: Greninja|53\/100 tox|[from] psn\n|upkeep\n|turn|41\n|\n|t:|1700651600\n|switch|p2a: Ferrothorn|Ferrothorn, F|97\/100\n|cant|p1a: Clodsire|par\n|\n|-heal|p2a: Ferrothorn|100\/100|[from] item: Leftovers\n|-heal|p1a: Clodsire|52\/100 par|[from] item: Leftovers\n|upkeep\n|turn|42\n|\n|t:|1700651608\n|move|p2a: Ferrothorn|Gyro Ball|p1a: Clodsire\n|-damage|p1a: Clodsire|43\/100 par\n|move|p1a: Clodsire|Recover|p1a: Clodsire\n|-heal|p1a: Clodsire|93\/100 par\n|\n|-heal|p1a: Clodsire|99\/100 par|[from] item: Leftovers\n|upkeep\n|turn|43\n|\n|t:|1700651620\n|move|p2a: Ferrothorn|Thunder Wave|p1a: Clodsire\n|-fail|p1a: Clodsire|par\n|move|p1a: Clodsire|Earthquake|p2a: Ferrothorn\n|-damage|p2a: Ferrothorn|81\/100\n|\n|-heal|p2a: Ferrothorn|87\/100|[from] item: Leftovers\n|-heal|p1a: Clodsire|100\/100 par|[from] item: Leftovers\n|upkeep\n|turn|44\n|\n|t:|1700651628\n|move|p2a: Ferrothorn|Thunder Wave|p1a: Clodsire\n|-fail|p1a: Clodsire|par\n|move|p1a: Clodsire|Earthquake|p2a: Ferrothorn\n|-damage|p2a: Ferrothorn|66\/100\n|\n|-heal|p2a: Ferrothorn|72\/100|[from] item: Leftovers\n|upkeep\n|turn|45\n|-message|Kiviruweinau forfeited.\n|\n|win|189t\n|raw|189t's rating: 1416 &rarr; <strong>1439<\/strong><br \/>(+23 for winning)\n|raw|Kiviruweinau's rating: 1472 &rarr; <strong>1449<\/strong><br \/>(-23 for losing)\n|l|\u2606Kiviruweinau\n","uploadtime":1700651646,"views":5,"p1id":"189t","p2id":"kiviruweinau","formatid":"gen9nationaldex","rating":1439,"private":0,"password":""}