{"id":"gen9nationaldex-1991436465","p1":"Amstan","p2":"VicoSenpai","format":"[Gen 9] National Dex","log":"|j|\u2606Amstan\n|j|\u2606VicoSenpai\n|inactive|Battle timer is ON: inactive players will automatically lose when time's up.\n|t:|1700076967\n|gametype|singles\n|player|p1|Amstan|erika-masters|\n|player|p2|VicoSenpai|grimsley-gen7|\n|teamsize|p1|6\n|teamsize|p2|6\n|gen|9\n|tier|[Gen 9] National Dex\n|rated|Tournament battle\n|rule|HP Percentage Mod: HP is shown in percentages\n|rule|Endless Battle Clause: Forcing endless battles is banned\n|rule|OHKO Clause: OHKO moves are banned\n|rule|Evasion Clause: Evasion abilities, items, and moves are banned\n|rule|Evasion Abilities Clause: Evasion abilities are banned\n|rule|Evasion Items Clause: Evasion items are banned\n|rule|Evasion Moves Clause: Evasion moves are banned\n|rule|Species Clause: Limit one of each Pok\u00e9mon\n|rule|Sleep Clause Mod: Limit one foe put to sleep\n|clearpoke\n|poke|p1|Slowbro, F|\n|poke|p1|Mawile, M|\n|poke|p1|Greninja-*, M|\n|poke|p1|Clodsire, F|\n|poke|p1|Corviknight, F|\n|poke|p1|Dragonite, M|\n|poke|p2|Tornadus-Therian, M|\n|poke|p2|Garchomp, M|\n|poke|p2|Celebi|\n|poke|p2|Magnezone|\n|poke|p2|Medicham, M|\n|poke|p2|Dondozo, F|\n|teampreview\n|inactive|VicoSenpai also wants the timer to be on.\n|j| asoespresso\n|j| nongyboii\n|c|\u2606Amstan|Hf\n|j| Animemer\n|c|\u2606VicoSenpai|u 2\n|inactive|VicoSenpai has 120 seconds left.\n|\n|t:|1700077005\n|start\n|switch|p1a: The Final Waltz|Greninja, M|100\/100\n|switch|p2a: Garchomp|Garchomp, M|100\/100\n|turn|1\n|\n|t:|1700077017\n|switch|p1a: Stygian Scythe|Corviknight, F, shiny|100\/100\n|-ability|p1a: Stygian Scythe|Pressure\n|switch|p2a: Magnezone|Magnezone|100\/100\n|\n|upkeep\n|turn|2\n|\n|t:|1700077023\n|-terastallize|p1a: Stygian Scythe|Dragon\n|move|p2a: Magnezone|Volt Switch|p1a: Stygian Scythe\n|-resisted|p1a: Stygian Scythe\n|-damage|p1a: Stygian Scythe|76\/100\n|c| Animemer|oh word\n|\n|t:|1700077028\n|switch|p2a: Dondozo|Dondozo, F|100\/100|[from] Volt Switch\n|move|p1a: Stygian Scythe|U-turn|p2a: Dondozo\n|-damage|p2a: Dondozo|95\/100\n|\n|t:|1700077030\n|switch|p1a: The Final Waltz|Greninja, M|100\/100|[from] U-turn\n|\n|upkeep\n|turn|3\n|l| Animemer\n|\n|t:|1700077049\n|switch|p2a: Tornadus|Tornadus-Therian, M|100\/100\n|move|p1a: The Final Waltz|U-turn|p2a: Tornadus\n|-start|p1a: The Final Waltz|typechange|Bug|[from] ability: Protean\n|-resisted|p2a: Tornadus\n|-damage|p2a: Tornadus|87\/100\n|-damage|p1a: The Final Waltz|84\/100|[from] item: Rocky Helmet|[of] p2a: Tornadus\n|\n|t:|1700077053\n|switch|p1a: Astral Dissarray|Clodsire, F|100\/100|[from] U-turn\n|\n|upkeep\n|turn|4\n|\n|t:|1700077058\n|move|p2a: Tornadus|Knock Off|p1a: Astral Dissarray\n|-damage|p1a: Astral Dissarray|79\/100\n|-enditem|p1a: Astral Dissarray|Heavy-Duty Boots|[from] move: Knock Off|[of] p2a: Tornadus\n|move|p1a: Astral Dissarray|Toxic|p2a: Tornadus\n|-status|p2a: Tornadus|tox\n|\n|-damage|p2a: Tornadus|81\/100 tox|[from] psn\n|upkeep\n|turn|5\n|\n|t:|1700077087\n|move|p2a: Tornadus|Hurricane|p1a: Astral Dissarray\n|-damage|p1a: Astral Dissarray|57\/100\n|move|p1a: Astral Dissarray|Toxic|p2a: Tornadus\n|-fail|p2a: Tornadus|tox\n|\n|-damage|p2a: Tornadus|69\/100 tox|[from] psn\n|upkeep\n|turn|6\n|\n|t:|1700077093\n|move|p2a: Tornadus|Hurricane|p1a: Astral Dissarray\n|-damage|p1a: Astral Dissarray|35\/100\n|move|p1a: Astral Dissarray|Recover|p1a: Astral Dissarray\n|-heal|p1a: Astral Dissarray|85\/100\n|\n|-damage|p2a: Tornadus|50\/100 tox|[from] psn\n|upkeep\n|turn|7\n|\n|t:|1700077099\n|switch|p2a: Magnezone|Magnezone|100\/100\n|move|p1a: Astral Dissarray|Spikes|p2a: Magnezone\n|-sidestart|p2: VicoSenpai|Spikes\n|\n|upkeep\n|turn|8\n|\n|t:|1700077102\n|move|p2a: Magnezone|Flash Cannon|p1a: Astral Dissarray\n|-damage|p1a: Astral Dissarray|55\/100\n|move|p1a: Astral Dissarray|Earthquake|p2a: Magnezone\n|-supereffective|p2a: Magnezone\n|-damage|p2a: Magnezone|0 fnt\n|faint|p2a: Magnezone\n|\n|upkeep\n|\n|t:|1700077111\n|switch|p2a: Dondozo|Dondozo, F|95\/100\n|turn|9\n|\n|t:|1700077113\n|switch|p1a: The Final Waltz|Greninja, M|84\/100\n|move|p2a: Dondozo|Curse|p2a: Dondozo\n|-unboost|p2a: Dondozo|spe|1\n|-boost|p2a: Dondozo|atk|1\n|-boost|p2a: Dondozo|def|1\n|\n|upkeep\n|turn|10\n|\n|t:|1700077118\n|-zpower|p1a: The Final Waltz\n|move|p1a: The Final Waltz|Bloom Doom|p2a: Dondozo|[zeffect]\n|-start|p1a: The Final Waltz|typechange|Grass|[from] ability: Protean\n|-supereffective|p2a: Dondozo\n|-damage|p2a: Dondozo|0 fnt\n|faint|p2a: Dondozo\n|\n|upkeep\n|c|\u2606VicoSenpai|OOF\n|\n|t:|1700077125\n|switch|p2a: Medicham|Medicham, M|100\/100\n|-damage|p2a: Medicham|88\/100|[from] Spikes\n|turn|11\n|\n|t:|1700077129\n|switch|p1a: Undercity Lights|Slowbro, F, shiny|100\/100\n|detailschange|p2a: Medicham|Medicham-Mega, M\n|-mega|p2a: Medicham|Medicham|Medichamite\n|move|p2a: Medicham|Zen Headbutt|p1a: Undercity Lights\n|-resisted|p1a: Undercity Lights\n|-damage|p1a: Undercity Lights|80\/100\n|-damage|p2a: Medicham|72\/100|[from] item: Rocky Helmet|[of] p1a: Undercity Lights\n|\n|upkeep\n|turn|12\n|\n|t:|1700077136\n|switch|p2a: Tornadus|Tornadus-Therian, M|84\/100 tox\n|move|p1a: Undercity Lights|Teleport|p1a: Undercity Lights\n|\n|t:|1700077143\n|switch|p1a: Crimson Outbreak|Mawile, M, shiny|100\/100|[from] Teleport\n|-ability|p1a: Crimson Outbreak|Intimidate|boost\n|-unboost|p2a: Tornadus|atk|1\n|\n|-damage|p2a: Tornadus|78\/100 tox|[from] psn\n|upkeep\n|turn|13\n|\n|t:|1700077149\n|detailschange|p1a: Crimson Outbreak|Mawile-Mega, M, shiny\n|-mega|p1a: Crimson Outbreak|Mawile|Mawilite\n|move|p2a: Tornadus|Hurricane|p1a: Crimson Outbreak|[miss]\n|-miss|p2a: Tornadus|p1a: Crimson Outbreak\n|move|p1a: Crimson Outbreak|Play Rough|p2a: Tornadus\n|-damage|p2a: Tornadus|0 fnt\n|-damage|p1a: Crimson Outbreak|84\/100|[from] item: Rocky Helmet|[of] p2a: Tornadus\n|faint|p2a: Tornadus\n|\n|upkeep\n|\n|t:|1700077154\n|switch|p2a: Garchomp|Garchomp, M|100\/100\n|-damage|p2a: Garchomp|88\/100|[from] Spikes\n|turn|14\n|j| Kuhrrohsion\n|\n|t:|1700077159\n|switch|p1a: Undercity Lights|Slowbro, F, shiny|100\/100\n|move|p2a: Garchomp|Earthquake|p1a: Undercity Lights\n|-damage|p1a: Undercity Lights|69\/100\n|\n|upkeep\n|turn|15\n|\n|t:|1700077164\n|move|p2a: Garchomp|Swords Dance|p2a: Garchomp\n|-boost|p2a: Garchomp|atk|2\n|move|p1a: Undercity Lights|Scald|p2a: Garchomp\n|-damage|p2a: Garchomp|60\/100\n|\n|upkeep\n|turn|16\n|\n|t:|1700077171\n|switch|p1a: Astral Dissarray|Clodsire, F|55\/100\n|move|p2a: Garchomp|Earthquake|p1a: Astral Dissarray\n|-supereffective|p1a: Astral Dissarray\n|-damage|p1a: Astral Dissarray|0 fnt\n|faint|p1a: Astral Dissarray\n|\n|upkeep\n|\n|t:|1700077175\n|switch|p1a: The Final Waltz|Greninja, M|84\/100\n|turn|17\n|j| leona misa\n|\n|t:|1700077179\n|move|p1a: The Final Waltz|Grass Knot|p2a: Garchomp\n|-start|p1a: The Final Waltz|typechange|Grass|[from] ability: Protean\n|-damage|p2a: Garchomp|23\/100\n|-damage|p1a: The Final Waltz|72\/100|[from] ability: Rough Skin|[of] p2a: Garchomp\n|-zpower|p2a: Garchomp\n|move|p2a: Garchomp|Devastating Drake|p1a: The Final Waltz|[zeffect]\n|-damage|p1a: The Final Waltz|0 fnt\n|faint|p1a: The Final Waltz\n|\n|upkeep\n|\n|t:|1700077185\n|switch|p1a: Undercity Lights|Slowbro, F, shiny|100\/100\n|turn|18\n|\n|t:|1700077202\n|move|p2a: Garchomp|Outrage|p1a: Undercity Lights\n|-damage|p1a: Undercity Lights|26\/100\n|-damage|p2a: Garchomp|7\/100|[from] item: Rocky Helmet|[of] p1a: Undercity Lights\n|move|p1a: Undercity Lights|Scald|p2a: Garchomp\n|-damage|p2a: Garchomp|0 fnt\n|faint|p2a: Garchomp\n|\n|upkeep\n|\n|t:|1700077212\n|switch|p2a: Celebi|Celebi|100\/100\n|-damage|p2a: Celebi|88\/100|[from] Spikes\n|turn|19\n|\n|t:|1700077217\n|switch|p1a: Crimson Outbreak|Mawile-Mega, M, shiny|84\/100\n|move|p2a: Celebi|Giga Drain|p1a: Crimson Outbreak\n|-resisted|p1a: Crimson Outbreak\n|-damage|p1a: Crimson Outbreak|67\/100\n|-heal|p2a: Celebi|94\/100|[from] drain|[of] p1a: Crimson Outbreak\n|\n|-heal|p2a: Celebi|99\/100|[from] item: Leftovers\n|upkeep\n|turn|20\n|\n|t:|1700077222\n|move|p2a: Celebi|Thunder Wave|p1a: Crimson Outbreak\n|-status|p1a: Crimson Outbreak|par\n|move|p1a: Crimson Outbreak|Play Rough|p2a: Celebi\n|-damage|p2a: Celebi|43\/100\n|\n|-heal|p2a: Celebi|49\/100|[from] item: Leftovers\n|upkeep\n|turn|21\n|\n|t:|1700077231\n|move|p2a: Celebi|Giga Drain|p1a: Crimson Outbreak\n|-resisted|p1a: Crimson Outbreak\n|-damage|p1a: Crimson Outbreak|49\/100 par\n|-heal|p2a: Celebi|55\/100|[from] drain|[of] p1a: Crimson Outbreak\n|move|p1a: Crimson Outbreak|Play Rough|p2a: Celebi\n|-damage|p2a: Celebi|0 fnt\n|faint|p2a: Celebi\n|\n|upkeep\n|\n|t:|1700077235\n|switch|p2a: Medicham|Medicham-Mega, M|72\/100\n|-damage|p2a: Medicham|60\/100|[from] Spikes\n|turn|22\n|\n|t:|1700077241\n|move|p2a: Medicham|Fake Out|p1a: Crimson Outbreak\n|-resisted|p1a: Crimson Outbreak\n|-damage|p1a: Crimson Outbreak|37\/100 par\n|cant|p1a: Crimson Outbreak|flinch\n|\n|upkeep\n|turn|23\n|\n|t:|1700077246\n|cant|p1a: Crimson Outbreak|par\n|move|p2a: Medicham|Zen Headbutt|p1a: Crimson Outbreak\n|-resisted|p1a: Crimson Outbreak\n|-damage|p1a: Crimson Outbreak|0 fnt\n|faint|p1a: Crimson Outbreak\n|\n|upkeep\n|c|\u2606Amstan|Ggs\n|\n|t:|1700077251\n|switch|p1a: Undercity Lights|Slowbro, F, shiny|59\/100\n|turn|24\n|c|\u2606VicoSenpai|i lost ggss\n|\n|t:|1700077259\n|move|p2a: Medicham|Bullet Punch|p1a: Undercity Lights\n|-resisted|p1a: Undercity Lights\n|-damage|p1a: Undercity Lights|53\/100\n|-damage|p2a: Medicham|43\/100|[from] item: Rocky Helmet|[of] p1a: Undercity Lights\n|move|p1a: Undercity Lights|Scald|p2a: Medicham\n|-damage|p2a: Medicham|0 fnt\n|faint|p2a: Medicham\n|\n|win|Amstan\n|n|\u2606Amstan|amstan\n|n|\u2606VicoSenpai|vicosenpai\n|n| asoespresso|asoespresso\n|n| nongyboii|nongyboii\n|n| Kuhrrohsion|kuhrrohsion\n|n| leona misa|leonamisa\n","uploadtime":1700077260,"views":4,"p1id":"amstan","p2id":"vicosenpai","formatid":"gen9nationaldex","rating":0,"private":0,"password":""}