{"id":"gen9nationaldex-1996314025","p1":"NekroTheFox","p2":"Djujao","format":"[Gen 9] National Dex","log":"|html|<div class=\"broadcast-blue\"><strong>[Gen 9] National Dex is currently suspecting Sneasler! For information on how to participate check out the <a href=\"https:\/\/www.smogon.com\/forums\/threads\/sv-national-dex-suspect-8-just-dance.3731534\/\">suspect thread<\/a>.<\/strong><\/div>\n|j|\u2606NekroTheFox\n|j|\u2606Djujao\n|t:|1700670256\n|gametype|singles\n|player|p1|NekroTheFox|shadowtriad|\n|player|p2|Djujao|pilot|\n|teamsize|p1|6\n|teamsize|p2|6\n|gen|9\n|tier|[Gen 9] National Dex\n|rule|HP Percentage Mod: HP is shown in percentages\n|rule|Endless Battle Clause: Forcing endless battles is banned\n|rule|OHKO Clause: OHKO moves are banned\n|rule|Evasion Clause: Evasion abilities, items, and moves are banned\n|rule|Evasion Abilities Clause: Evasion abilities are banned\n|rule|Evasion Items Clause: Evasion items are banned\n|rule|Evasion Moves Clause: Evasion moves are banned\n|rule|Species Clause: Limit one of each Pok\u00e9mon\n|rule|Sleep Clause Mod: Limit one foe put to sleep\n|clearpoke\n|poke|p1|Kingdra, F|\n|poke|p1|Pelipper, F|\n|poke|p1|Toxapex, M|\n|poke|p1|Ogerpon-Wellspring, F|\n|poke|p1|Crawdaunt, F|\n|poke|p1|Basculegion, M|\n|poke|p2|Infernape, M|\n|poke|p2|Torkoal, M|\n|poke|p2|Iron Hands|\n|poke|p2|Clodsire, F|\n|poke|p2|Leafeon, F|\n|poke|p2|Dragonite, F|\n|teampreview\n|c|\u2606Djujao|glhf!\n|l|\u2606NekroTheFox\n|player|p1|\n|j|\u2606NekroTheFox\n|player|p1|NekroTheFox|shadowtriad\n|c|\u2606NekroTheFox|Soz, had to check something.\n|c|\u2606NekroTheFox|glhf\n|inactive|Battle timer is ON: inactive players will automatically lose when time's up. (requested by NekroTheFox)\n|\n|t:|1700670298\n|start\n|switch|p1a: Pelipper|Pelipper, F|100\/100\n|switch|p2a: Torkoal|Torkoal, M|100\/100\n|-weather|RainDance|[from] ability: Drizzle|[of] p1a: Pelipper\n|-weather|SunnyDay|[from] ability: Drought|[of] p2a: Torkoal\n|turn|1\n|\n|t:|1700670318\n|switch|p1a: Crawdaunt|Crawdaunt, F|100\/100\n|move|p2a: Torkoal|Shell Smash|p2a: Torkoal\n|-unboost|p2a: Torkoal|def|1\n|-unboost|p2a: Torkoal|spd|1\n|-boost|p2a: Torkoal|atk|2\n|-boost|p2a: Torkoal|spa|2\n|-boost|p2a: Torkoal|spe|2\n|-enditem|p2a: Torkoal|Eject Pack\n|\n|t:|1700670326\n|switch|p2a: Leafeon|Leafeon, F|100\/100\n|\n|-weather|SunnyDay|[upkeep]\n|upkeep\n|turn|2\n|c|\u2606NekroTheFox|What was the point there?\n|\n|t:|1700670354\n|switch|p1a: Pelipper|Pelipper, F|100\/100\n|-weather|RainDance|[from] ability: Drizzle|[of] p1a: Pelipper\n|move|p2a: Leafeon|Copycat|p2a: Leafeon\n|move|p2a: Leafeon|Shell Smash|p2a: Leafeon|[from]move: Copycat\n|-unboost|p2a: Leafeon|def|1\n|-unboost|p2a: Leafeon|spd|1\n|-boost|p2a: Leafeon|atk|2\n|-boost|p2a: Leafeon|spa|2\n|-boost|p2a: Leafeon|spe|2\n|\n|-weather|RainDance|[upkeep]\n|upkeep\n|turn|3\n|\n|t:|1700670369\n|move|p2a: Leafeon|Leaf Blade|p1a: Pelipper\n|-damage|p1a: Pelipper|33\/100\n|move|p1a: Pelipper|U-turn|p2a: Leafeon\n|-supereffective|p2a: Leafeon\n|-damage|p2a: Leafeon|74\/100\n|inactive|NekroTheFox has 270 seconds left.\n|\n|t:|1700670380\n|switch|p1a: Kingdra|Kingdra, F|100\/100|[from] U-turn\n|\n|-weather|RainDance|[upkeep]\n|upkeep\n|turn|4\n|inactive|NekroTheFox has 270 seconds left.\n|\n|t:|1700670393\n|move|p1a: Kingdra|Hurricane|p2a: Leafeon\n|-supereffective|p2a: Leafeon\n|-damage|p2a: Leafeon|0 fnt\n|faint|p2a: Leafeon\n|\n|-weather|RainDance|[upkeep]\n|upkeep\n|c|\u2606Djujao|sad\n|c|\u2606NekroTheFox|Can\u2019t sweep that easily.\n|c|\u2606Djujao|i know\n|inactive|Djujao has 270 seconds left.\n|c|\u2606Djujao|worth a try\n|\n|t:|1700670428\n|switch|p2a: Torkoal|Torkoal, M|100\/100\n|-weather|SunnyDay|[from] ability: Drought|[of] p2a: Torkoal\n|turn|5\n|\n|t:|1700670437\n|switch|p1a: Pelipper|Pelipper, F|33\/100\n|-weather|RainDance|[from] ability: Drizzle|[of] p1a: Pelipper\n|move|p2a: Torkoal|Stealth Rock|p1a: Pelipper\n|-sidestart|p1: NekroTheFox|move: Stealth Rock\n|\n|-weather|RainDance|[upkeep]\n|upkeep\n|turn|6\n|inactive|Djujao has 270 seconds left.\n|\n|t:|1700670456\n|switch|p1a: Toxapex|Toxapex, M|100\/100\n|switch|p2a: Clodsire|Clodsire, F|100\/100\n|\n|-weather|RainDance|[upkeep]\n|upkeep\n|turn|7\n|inactive|Djujao has 270 seconds left.\n|inactive|NekroTheFox has 270 seconds left.\n|\n|t:|1700670473\n|switch|p1a: Crawdaunt|Crawdaunt, F|100\/100\n|-damage|p1a: Crawdaunt|88\/100|[from] Stealth Rock\n|move|p2a: Clodsire|Earthquake|p1a: Crawdaunt\n|-damage|p1a: Crawdaunt|47\/100\n|\n|-weather|RainDance|[upkeep]\n|upkeep\n|turn|8\n|inactive|Djujao has 270 seconds left.\n|\n|t:|1700670482\n|move|p1a: Crawdaunt|Swords Dance|p1a: Crawdaunt\n|-boost|p1a: Crawdaunt|atk|2\n|move|p2a: Clodsire|Earthquake|p1a: Crawdaunt\n|-damage|p1a: Crawdaunt|6\/100\n|\n|-weather|RainDance|[upkeep]\n|upkeep\n|turn|9\n|\n|t:|1700670497\n|move|p1a: Crawdaunt|Knock Off|p2a: Clodsire\n|-damage|p2a: Clodsire|0 fnt\n|-enditem|p2a: Clodsire|Black Sludge|[from] move: Knock Off|[of] p1a: Crawdaunt\n|faint|p2a: Clodsire\n|-damage|p1a: Crawdaunt|0 fnt|[from] item: Life Orb\n|faint|p1a: Crawdaunt\n|\n|-weather|RainDance|[upkeep]\n|upkeep\n|\n|t:|1700670511\n|switch|p1a: Ogerpon|Ogerpon-Wellspring, F|100\/100\n|switch|p2a: Dragonite|Dragonite, F|100\/100\n|-damage|p1a: Ogerpon|88\/100|[from] Stealth Rock\n|turn|10\n|\n|t:|1700670520\n|-terastallize|p1a: Ogerpon|Water\n|detailschange|p1a: Ogerpon|Ogerpon-Wellspring-Tera, F, tera:Water\n|-ability|p1a: Ogerpon|Embody Aspect (Wellspring)|boost\n|-boost|p1a: Ogerpon|spd|1\n|move|p1a: Ogerpon|Play Rough|p2a: Dragonite\n|-supereffective|p2a: Dragonite\n|-damage|p2a: Dragonite|58\/100\n|move|p2a: Dragonite|Dragon Dance|p2a: Dragonite\n|-boost|p2a: Dragonite|atk|1\n|-boost|p2a: Dragonite|spe|1\n|\n|-weather|RainDance|[upkeep]\n|upkeep\n|turn|11\n|\n|t:|1700670533\n|-terastallize|p2a: Dragonite|Normal\n|move|p2a: Dragonite|Extreme Speed|p1a: Ogerpon\n|-damage|p1a: Ogerpon|0 fnt\n|faint|p1a: Ogerpon\n|\n|-weather|RainDance|[upkeep]\n|upkeep\n|\n|t:|1700670545\n|switch|p1a: Kingdra|Kingdra, F|100\/100\n|-damage|p1a: Kingdra|88\/100|[from] Stealth Rock\n|turn|12\n|\n|t:|1700670555\n|move|p2a: Dragonite|Extreme Speed|p1a: Kingdra\n|-damage|p1a: Kingdra|0 fnt\n|faint|p1a: Kingdra\n|\n|-weather|none\n|upkeep\n|\n|t:|1700670562\n|switch|p1a: Toxapex|Toxapex, M|100\/100\n|turn|13\n|\n|t:|1700670566\n|move|p2a: Dragonite|Earthquake|p1a: Toxapex\n|-supereffective|p1a: Toxapex\n|-damage|p1a: Toxapex|26\/100\n|move|p1a: Toxapex|Toxic|p2a: Dragonite\n|-status|p2a: Dragonite|tox\n|\n|-damage|p2a: Dragonite|52\/100 tox|[from] psn\n|upkeep\n|turn|14\n|\n|t:|1700670576\n|switch|p1a: Pelipper|Pelipper, F|33\/100\n|-damage|p1a: Pelipper|8\/100|[from] Stealth Rock\n|-weather|RainDance|[from] ability: Drizzle|[of] p1a: Pelipper\n|move|p2a: Dragonite|Dragon Claw|p1a: Pelipper\n|-damage|p1a: Pelipper|0 fnt\n|faint|p1a: Pelipper\n|\n|-weather|RainDance|[upkeep]\n|-damage|p2a: Dragonite|39\/100 tox|[from] psn\n|upkeep\n|\n|t:|1700670592\n|switch|p1a: Toxapex|Toxapex, M|59\/100\n|turn|15\n|\n|t:|1700670596\n|move|p2a: Dragonite|Earthquake|p1a: Toxapex\n|-supereffective|p1a: Toxapex\n|-damage|p1a: Toxapex|0 fnt\n|faint|p1a: Toxapex\n|\n|-weather|RainDance|[upkeep]\n|-damage|p2a: Dragonite|21\/100 tox|[from] psn\n|upkeep\n|\n|t:|1700670603\n|switch|p1a: Basculegion|Basculegion, M|100\/100\n|-damage|p1a: Basculegion|88\/100|[from] Stealth Rock\n|turn|16\n|\n|t:|1700670612\n|move|p1a: Basculegion|Liquidation|p2a: Dragonite\n|-damage|p2a: Dragonite|0 fnt\n|faint|p2a: Dragonite\n|\n|-weather|RainDance|[upkeep]\n|upkeep\n|\n|t:|1700670618\n|switch|p2a: Torkoal|Torkoal, M|100\/100\n|-weather|SunnyDay|[from] ability: Drought|[of] p2a: Torkoal\n|turn|17\n|\n|t:|1700670622\n|move|p1a: Basculegion|Liquidation|p2a: Torkoal\n|-supereffective|p2a: Torkoal\n|-damage|p2a: Torkoal|53\/100\n|move|p2a: Torkoal|Solar Beam||[still]\n|-prepare|p2a: Torkoal|Solar Beam\n|-anim|p2a: Torkoal|Solar Beam|p1a: Basculegion\n|-supereffective|p1a: Basculegion\n|-crit|p1a: Basculegion\n|-damage|p1a: Basculegion|0 fnt\n|faint|p1a: Basculegion\n|\n|win|Djujao\n|c|\u2606NekroTheFox|Gg\n|c|\u2606Djujao|gg\n","uploadtime":1700670636,"views":1,"p1id":"nekrothefox","p2id":"djujao","formatid":"gen9nationaldex","rating":0,"private":0,"password":""}