{"id":"gen9nationaldex-1996521703","p1":"Link_I_Guess","p2":"MikazukiRex_","format":"[Gen 9] National Dex","log":"|html|<div class=\"broadcast-blue\"><strong>[Gen 9] National Dex is currently suspecting Sneasler! For information on how to participate check out the <a href=\"https:\/\/www.smogon.com\/forums\/threads\/sv-national-dex-suspect-8-just-dance.3731534\/\">suspect thread<\/a>.<\/strong><\/div>\n|j|\u2606Link_I_Guess\n|j|\u2606MikazukiRex_\n|t:|1700690239\n|gametype|singles\n|player|p1|Link_I_Guess|1|1133\n|player|p2|MikazukiRex_|ltsurge|1210\n|teamsize|p1|6\n|teamsize|p2|6\n|gen|9\n|tier|[Gen 9] National Dex\n|rated|\n|rule|HP Percentage Mod: HP is shown in percentages\n|rule|Endless Battle Clause: Forcing endless battles is banned\n|rule|OHKO Clause: OHKO moves are banned\n|rule|Evasion Clause: Evasion abilities, items, and moves are banned\n|rule|Evasion Abilities Clause: Evasion abilities are banned\n|rule|Evasion Items Clause: Evasion items are banned\n|rule|Evasion Moves Clause: Evasion moves are banned\n|rule|Species Clause: Limit one of each Pok\u00e9mon\n|rule|Sleep Clause Mod: Limit one foe put to sleep\n|clearpoke\n|poke|p1|Gliscor, M|\n|poke|p1|Swampert, M|\n|poke|p1|Scizor, F|\n|poke|p1|Skeledirge, F|\n|poke|p1|Dragonite, F|\n|poke|p1|Garchomp, F|\n|poke|p2|Beedrill, M|\n|poke|p2|Garganacl, M|\n|poke|p2|Tapu Lele|\n|poke|p2|Clodsire, M|\n|poke|p2|Conkeldurr, F|\n|poke|p2|Bronzong|\n|teampreview\n|\n|t:|1700690246\n|start\n|switch|p1a: Dragonite|Dragonite, F, shiny|100\/100\n|switch|p2a: Tapu Lele|Tapu Lele, shiny|100\/100\n|-fieldstart|move: Psychic Terrain|[from] ability: Psychic Surge|[of] p2a: Tapu Lele\n|turn|1\n|\n|t:|1700690272\n|switch|p1a: Scizor|Scizor, F|100\/100\n|move|p2a: Tapu Lele|Future Sight|p1a: Scizor\n|-start|p2a: Tapu Lele|move: Future Sight\n|\n|upkeep\n|turn|2\n|\n|t:|1700690280\n|switch|p2a: Clodsire|Clodsire, M|100\/100\n|move|p1a: Scizor|Bullet Punch|p2a: Clodsire\n|-activate|p2a: Clodsire|move: Psychic Terrain\n|\n|upkeep\n|turn|3\n|\n|t:|1700690287\n|move|p1a: Scizor|Detect|p1a: Scizor\n|-singleturn|p1a: Scizor|Protect\n|move|p2a: Clodsire|Stockpile|p2a: Clodsire\n|-start|p2a: Clodsire|stockpile1\n|-boost|p2a: Clodsire|def|1\n|-boost|p2a: Clodsire|spd|1\n|\n|-end|p1a: Scizor|move: Future Sight\n|-resisted|p1a: Scizor\n|-damage|p1a: Scizor|29\/100\n|upkeep\n|turn|4\n|\n|t:|1700690298\n|move|p1a: Scizor|Close Combat|p2a: Clodsire\n|-resisted|p2a: Clodsire\n|-damage|p2a: Clodsire|89\/100\n|-unboost|p1a: Scizor|def|1\n|-unboost|p1a: Scizor|spd|1\n|move|p2a: Clodsire|Stockpile|p2a: Clodsire\n|-start|p2a: Clodsire|stockpile2\n|-boost|p2a: Clodsire|def|1\n|-boost|p2a: Clodsire|spd|1\n|\n|-heal|p2a: Clodsire|95\/100|[from] item: Leftovers\n|upkeep\n|turn|5\n|\n|t:|1700690312\n|move|p1a: Scizor|Close Combat|p2a: Clodsire\n|-resisted|p2a: Clodsire\n|-damage|p2a: Clodsire|86\/100\n|-unboost|p1a: Scizor|def|1\n|-unboost|p1a: Scizor|spd|1\n|move|p2a: Clodsire|Body Slam|p1a: Scizor\n|-resisted|p1a: Scizor\n|-damage|p1a: Scizor|18\/100\n|\n|-heal|p2a: Clodsire|92\/100|[from] item: Leftovers\n|-fieldend|move: Psychic Terrain\n|upkeep\n|turn|6\n|\n|t:|1700690322\n|move|p1a: Scizor|Detect|p1a: Scizor\n|-singleturn|p1a: Scizor|Protect\n|move|p2a: Clodsire|Stockpile|p2a: Clodsire\n|-start|p2a: Clodsire|stockpile3\n|-boost|p2a: Clodsire|def|1\n|-boost|p2a: Clodsire|spd|1\n|\n|-heal|p2a: Clodsire|98\/100|[from] item: Leftovers\n|upkeep\n|turn|7\n|\n|t:|1700690331\n|switch|p1a: Swampert|Swampert, M|100\/100\n|move|p2a: Clodsire|Body Slam|p1a: Swampert\n|-damage|p1a: Swampert|83\/100\n|-status|p1a: Swampert|par\n|-damage|p2a: Clodsire|82\/100|[from] item: Rocky Helmet|[of] p1a: Swampert\n|\n|-heal|p2a: Clodsire|88\/100|[from] item: Leftovers\n|upkeep\n|turn|8\n|\n|t:|1700690342\n|move|p1a: Swampert|Earthquake|p2a: Clodsire\n|-supereffective|p2a: Clodsire\n|-damage|p2a: Clodsire|60\/100\n|move|p2a: Clodsire|Body Slam|p1a: Swampert\n|-damage|p1a: Swampert|66\/100 par\n|-damage|p2a: Clodsire|44\/100|[from] item: Rocky Helmet|[of] p1a: Swampert\n|\n|-heal|p2a: Clodsire|50\/100|[from] item: Leftovers\n|upkeep\n|turn|9\n|\n|t:|1700690351\n|move|p1a: Swampert|Earthquake|p2a: Clodsire\n|-supereffective|p2a: Clodsire\n|-damage|p2a: Clodsire|20\/100\n|move|p2a: Clodsire|Recover|p2a: Clodsire\n|-heal|p2a: Clodsire|70\/100\n|\n|-heal|p2a: Clodsire|76\/100|[from] item: Leftovers\n|upkeep\n|turn|10\n|\n|t:|1700690360\n|move|p1a: Swampert|Earthquake|p2a: Clodsire\n|-supereffective|p2a: Clodsire\n|-damage|p2a: Clodsire|49\/100\n|move|p2a: Clodsire|Recover|p2a: Clodsire\n|-heal|p2a: Clodsire|99\/100\n|\n|-heal|p2a: Clodsire|100\/100|[from] item: Leftovers\n|upkeep\n|turn|11\n|inactive|Battle timer is ON: inactive players will automatically lose when time's up. (requested by Link_I_Guess)\n|\n|t:|1700690370\n|move|p1a: Swampert|Liquidation|p2a: Clodsire\n|-supereffective|p2a: Clodsire\n|-damage|p2a: Clodsire|77\/100\n|-unboost|p2a: Clodsire|def|1\n|move|p2a: Clodsire|Body Slam|p1a: Swampert\n|-damage|p1a: Swampert|50\/100 par\n|-damage|p2a: Clodsire|60\/100|[from] item: Rocky Helmet|[of] p1a: Swampert\n|\n|-heal|p2a: Clodsire|66\/100|[from] item: Leftovers\n|upkeep\n|turn|12\n|\n|t:|1700690381\n|move|p1a: Swampert|Earthquake|p2a: Clodsire\n|-supereffective|p2a: Clodsire\n|-crit|p2a: Clodsire\n|-damage|p2a: Clodsire|0 fnt\n|faint|p2a: Clodsire\n|\n|upkeep\n|\n|t:|1700690403\n|switch|p2a: Tapu Lele|Tapu Lele, shiny|100\/100\n|-fieldstart|move: Psychic Terrain|[from] ability: Psychic Surge|[of] p2a: Tapu Lele\n|turn|13\n|\n|t:|1700690409\n|-terastallize|p1a: Swampert|Poison\n|move|p2a: Tapu Lele|Psychic|p1a: Swampert\n|-supereffective|p1a: Swampert\n|-damage|p1a: Swampert|0 fnt\n|faint|p1a: Swampert\n|\n|upkeep\n|\n|t:|1700690417\n|switch|p1a: Gliscor|Gliscor, M|100\/100\n|turn|14\n|\n|t:|1700690430\n|switch|p2a: Bronzong|Bronzong|100\/100\n|move|p1a: Gliscor|Protect||[still]\n|-fail|p1a: Gliscor\n|\n|-status|p1a: Gliscor|tox|[from] item: Toxic Orb\n|upkeep\n|turn|15\n|\n|t:|1700690440\n|move|p1a: Gliscor|Earthquake|p2a: Bronzong\n|-immune|p2a: Bronzong|[from] ability: Levitate\n|move|p2a: Bronzong|Night Shade|p1a: Gliscor\n|-damage|p1a: Gliscor|69\/100 tox\n|\n|-heal|p1a: Gliscor|82\/100 tox|[from] ability: Poison Heal\n|upkeep\n|turn|16\n|\n|t:|1700690449\n|move|p1a: Gliscor|Protect|p1a: Gliscor\n|-singleturn|p1a: Gliscor|Protect\n|move|p2a: Bronzong|Expanding Force|p1a: Gliscor\n|-activate|p1a: Gliscor|move: Protect\n|\n|-heal|p1a: Gliscor|94\/100 tox|[from] ability: Poison Heal\n|upkeep\n|turn|17\n|\n|t:|1700690459\n|move|p1a: Gliscor|Psychic Fangs|p2a: Bronzong\n|-resisted|p2a: Bronzong\n|-damage|p2a: Bronzong|97\/100\n|-damage|p1a: Gliscor|78\/100 tox|[from] item: Rocky Helmet|[of] p2a: Bronzong\n|move|p2a: Bronzong|Expanding Force|p1a: Gliscor\n|-damage|p1a: Gliscor|51\/100 tox\n|\n|-heal|p1a: Gliscor|63\/100 tox|[from] ability: Poison Heal\n|-fieldend|move: Psychic Terrain\n|upkeep\n|turn|18\n|\n|t:|1700690468\n|move|p1a: Gliscor|Protect|p1a: Gliscor\n|-singleturn|p1a: Gliscor|Protect\n|move|p2a: Bronzong|Night Shade|p1a: Gliscor\n|-activate|p1a: Gliscor|move: Protect\n|\n|-heal|p1a: Gliscor|76\/100 tox|[from] ability: Poison Heal\n|upkeep\n|turn|19\n|\n|t:|1700690475\n|switch|p1a: Scizor|Scizor, F|18\/100\n|move|p2a: Bronzong|Night Shade|p1a: Scizor\n|-damage|p1a: Scizor|0 fnt\n|faint|p1a: Scizor\n|\n|upkeep\n|\n|t:|1700690482\n|switch|p1a: Skeledirge|Skeledirge, F|100\/100\n|turn|20\n|\n|t:|1700690486\n|move|p1a: Skeledirge|Torch Song|p2a: Bronzong\n|-supereffective|p2a: Bronzong\n|-damage|p2a: Bronzong|48\/100\n|-boost|p1a: Skeledirge|spa|1\n|move|p2a: Bronzong|Toxic|p1a: Skeledirge\n|-status|p1a: Skeledirge|tox\n|\n|-damage|p1a: Skeledirge|94\/100 tox|[from] psn\n|upkeep\n|turn|21\n|\n|t:|1700690495\n|move|p2a: Bronzong|Protect|p2a: Bronzong\n|-singleturn|p2a: Bronzong|Protect\n|move|p1a: Skeledirge|Torch Song|p2a: Bronzong\n|-activate|p2a: Bronzong|move: Protect\n|\n|-damage|p1a: Skeledirge|82\/100 tox|[from] psn\n|upkeep\n|turn|22\n|inactive|MikazukiRex_ has 120 seconds left.\n|\n|t:|1700690533\n|move|p1a: Skeledirge|Torch Song|p2a: Bronzong\n|-supereffective|p2a: Bronzong\n|-damage|p2a: Bronzong|0 fnt\n|-boost|p1a: Skeledirge|spa|1\n|faint|p2a: Bronzong\n|\n|-damage|p1a: Skeledirge|64\/100 tox|[from] psn\n|upkeep\n|\n|t:|1700690544\n|switch|p2a: Beedrill|Beedrill, M|100\/100\n|turn|23\n|\n|t:|1700690549\n|detailschange|p2a: Beedrill|Beedrill-Mega, M\n|-mega|p2a: Beedrill|Beedrill|Beedrillite\n|move|p2a: Beedrill|Drill Run|p1a: Skeledirge\n|-supereffective|p1a: Skeledirge\n|-damage|p1a: Skeledirge|7\/100 tox\n|-damage|p2a: Beedrill|84\/100|[from] item: Rocky Helmet|[of] p1a: Skeledirge\n|move|p1a: Skeledirge|Torch Song|p2a: Beedrill\n|-supereffective|p2a: Beedrill\n|-damage|p2a: Beedrill|0 fnt\n|-boost|p1a: Skeledirge|spa|1\n|faint|p2a: Beedrill\n|\n|-damage|p1a: Skeledirge|0 fnt|[from] psn\n|faint|p1a: Skeledirge\n|upkeep\n|inactive|MikazukiRex_ has 120 seconds left.\n|\n|t:|1700690566\n|switch|p2a: Garganacl|Garganacl, M|100\/100\n|switch|p1a: Garchomp|Garchomp, F|100\/100\n|turn|24\n|\n|t:|1700690571\n|move|p1a: Garchomp|Earthquake|p2a: Garganacl\n|-supereffective|p2a: Garganacl\n|-damage|p2a: Garganacl|29\/100\n|move|p2a: Garganacl|Stealth Rock|p1a: Garchomp\n|-sidestart|p1: Link_I_Guess|move: Stealth Rock\n|\n|-heal|p2a: Garganacl|35\/100|[from] item: Leftovers\n|upkeep\n|turn|25\n|\n|t:|1700690579\n|move|p2a: Garganacl|Protect|p2a: Garganacl\n|-singleturn|p2a: Garganacl|Protect\n|move|p1a: Garchomp|Earthquake|p2a: Garganacl\n|-activate|p2a: Garganacl|move: Protect\n|\n|-heal|p2a: Garganacl|42\/100|[from] item: Leftovers\n|upkeep\n|turn|26\n|inactive|MikazukiRex_ has 120 seconds left.\n|\n|t:|1700690600\n|-terastallize|p2a: Garganacl|Water\n|move|p1a: Garchomp|Earthquake|p2a: Garganacl\n|-damage|p2a: Garganacl|4\/100\n|move|p2a: Garganacl|Recover|p2a: Garganacl\n|-heal|p2a: Garganacl|54\/100\n|\n|-heal|p2a: Garganacl|60\/100|[from] item: Leftovers\n|upkeep\n|turn|27\n|\n|t:|1700690609\n|move|p1a: Garchomp|Swords Dance|p1a: Garchomp\n|-boost|p1a: Garchomp|atk|2\n|move|p2a: Garganacl|Salt Cure|p1a: Garchomp\n|-resisted|p1a: Garchomp\n|-damage|p1a: Garchomp|94\/100\n|-start|p1a: Garchomp|Salt Cure\n|\n|-heal|p2a: Garganacl|67\/100|[from] item: Leftovers\n|-damage|p1a: Garchomp|81\/100|[from] Salt Cure\n|upkeep\n|turn|28\n|\n|t:|1700690618\n|move|p2a: Garganacl|Protect|p2a: Garganacl\n|-singleturn|p2a: Garganacl|Protect\n|move|p1a: Garchomp|Thunder Fang|p2a: Garganacl\n|-activate|p2a: Garganacl|move: Protect\n|\n|-heal|p2a: Garganacl|73\/100|[from] item: Leftovers\n|-damage|p1a: Garchomp|69\/100|[from] Salt Cure\n|upkeep\n|turn|29\n|\n|t:|1700690627\n|move|p1a: Garchomp|Thunder Fang|p2a: Garganacl\n|-supereffective|p2a: Garganacl\n|-damage|p2a: Garganacl|6\/100\n|move|p2a: Garganacl|Recover|p2a: Garganacl\n|-heal|p2a: Garganacl|56\/100\n|\n|-heal|p2a: Garganacl|62\/100|[from] item: Leftovers\n|-damage|p1a: Garchomp|57\/100|[from] Salt Cure\n|upkeep\n|turn|30\n|\n|t:|1700690638\n|move|p2a: Garganacl|Protect|p2a: Garganacl\n|-singleturn|p2a: Garganacl|Protect\n|move|p1a: Garchomp|Swords Dance|p1a: Garchomp\n|-boost|p1a: Garchomp|atk|2\n|\n|-heal|p2a: Garganacl|68\/100|[from] item: Leftovers\n|-damage|p1a: Garchomp|44\/100|[from] Salt Cure\n|upkeep\n|turn|31\n|\n|t:|1700690646\n|move|p2a: Garganacl|Protect||[still]\n|-fail|p2a: Garganacl\n|move|p1a: Garchomp|Thunder Fang|p2a: Garganacl\n|-supereffective|p2a: Garganacl\n|-damage|p2a: Garganacl|0 fnt\n|faint|p2a: Garganacl\n|\n|-damage|p1a: Garchomp|32\/100|[from] Salt Cure\n|upkeep\n|inactive|MikazukiRex_ has 120 seconds left.\n|\n|t:|1700690675\n|switch|p2a: Conkeldurr|Conkeldurr, F|100\/100\n|turn|32\n|\n|t:|1700690679\n|move|p2a: Conkeldurr|Mach Punch|p1a: Garchomp\n|-damage|p1a: Garchomp|9\/100\n|-damage|p2a: Conkeldurr|88\/100|[from] ability: Rough Skin|[of] p1a: Garchomp\n|-damage|p2a: Conkeldurr|72\/100|[from] item: Rocky Helmet|[of] p1a: Garchomp\n|move|p1a: Garchomp|Earthquake|p2a: Conkeldurr\n|-damage|p2a: Conkeldurr|0 fnt\n|faint|p2a: Conkeldurr\n|\n|-damage|p1a: Garchomp|0 fnt|[from] Salt Cure\n|faint|p1a: Garchomp\n|upkeep\n|\n|t:|1700690690\n|switch|p1a: Dragonite|Dragonite, F, shiny|100\/100\n|switch|p2a: Tapu Lele|Tapu Lele, shiny|100\/100\n|-fieldstart|move: Psychic Terrain|[from] ability: Psychic Surge|[of] p2a: Tapu Lele\n|-damage|p1a: Dragonite|76\/100|[from] Stealth Rock\n|turn|33\n|\n|t:|1700690698\n|move|p2a: Tapu Lele|Moonblast|p1a: Dragonite\n|-supereffective|p1a: Dragonite\n|-damage|p1a: Dragonite|0 fnt\n|faint|p1a: Dragonite\n|\n|upkeep\n|\n|t:|1700690702\n|switch|p1a: Gliscor|Gliscor, M|76\/100 tox\n|-damage|p1a: Gliscor|63\/100 tox|[from] Stealth Rock\n|turn|34\n|\n|t:|1700690706\n|move|p1a: Gliscor|Protect|p1a: Gliscor\n|-singleturn|p1a: Gliscor|Protect\n|move|p2a: Tapu Lele|Moonblast|p1a: Gliscor\n|-activate|p1a: Gliscor|move: Protect\n|\n|-heal|p1a: Gliscor|76\/100 tox|[from] ability: Poison Heal\n|upkeep\n|turn|35\n|\n|t:|1700690713\n|move|p2a: Tapu Lele|Moonblast|p1a: Gliscor\n|-damage|p1a: Gliscor|18\/100 tox\n|move|p1a: Gliscor|Earthquake|p2a: Tapu Lele\n|-damage|p2a: Tapu Lele|54\/100\n|\n|-heal|p1a: Gliscor|30\/100 tox|[from] ability: Poison Heal\n|upkeep\n|turn|36\n|\n|t:|1700690721\n|move|p1a: Gliscor|Protect|p1a: Gliscor\n|-singleturn|p1a: Gliscor|Protect\n|move|p2a: Tapu Lele|Moonblast|p1a: Gliscor\n|-activate|p1a: Gliscor|move: Protect\n|\n|-heal|p1a: Gliscor|43\/100 tox|[from] ability: Poison Heal\n|upkeep\n|turn|37\n|\n|t:|1700690728\n|move|p2a: Tapu Lele|Moonblast|p1a: Gliscor\n|-damage|p1a: Gliscor|0 fnt\n|faint|p1a: Gliscor\n|\n|win|MikazukiRex_\n|raw|Link_I_Guess's rating: 1133 &rarr; <strong>1113<\/strong><br \/>(-20 for losing)\n|raw|MikazukiRex_'s rating: 1210 &rarr; <strong>1230<\/strong><br \/>(+20 for winning)\n|c|\u2606Link_I_Guess|gg\n|c|\u2606MikazukiRex_|ggs\n","uploadtime":1700690744,"views":17,"p1id":"linkiguess","p2id":"mikazukirex","formatid":"gen9nationaldex","rating":1113,"private":0,"password":""}