{"id":"gen9nationaldex-1993811219","p1":"BurritoSave","p2":"hhhhhh111111","format":"[Gen 9] National Dex","log":"|j|\u2606BurritoSave\n|j|\u2606hhhhhh111111\n|t:|1700360183\n|gametype|singles\n|player|p1|BurritoSave|101|1645\n|player|p2|hhhhhh111111|steven|1753\n|teamsize|p1|6\n|teamsize|p2|6\n|gen|9\n|tier|[Gen 9] National Dex\n|rated|\n|rule|HP Percentage Mod: HP is shown in percentages\n|rule|Endless Battle Clause: Forcing endless battles is banned\n|rule|OHKO Clause: OHKO moves are banned\n|rule|Evasion Clause: Evasion abilities, items, and moves are banned\n|rule|Evasion Abilities Clause: Evasion abilities are banned\n|rule|Evasion Items Clause: Evasion items are banned\n|rule|Evasion Moves Clause: Evasion moves are banned\n|rule|Species Clause: Limit one of each Pok\u00e9mon\n|rule|Sleep Clause Mod: Limit one foe put to sleep\n|clearpoke\n|poke|p1|Ribombee, M|\n|poke|p1|Tyranitar, F|\n|poke|p1|Victini|\n|poke|p1|Mimikyu, F|\n|poke|p1|Dragonite, F|\n|poke|p1|Xurkitree|\n|poke|p2|Garganacl, M|\n|poke|p2|Great Tusk|\n|poke|p2|Charizard, M|\n|poke|p2|Tapu Lele|\n|poke|p2|Urshifu-*, M|\n|poke|p2|Heatran, M|\n|teampreview\n|j| YJLF\n|inactive|Battle timer is ON: inactive players will automatically lose when time's up. (requested by BurritoSave)\n|inactive|hhhhhh111111 also wants the timer to be on.\n|\n|t:|1700360206\n|start\n|switch|p1a: Ribombee|Ribombee, M|100\/100\n|switch|p2a: Garganacl|Garganacl, M|100\/100\n|turn|1\n|\n|t:|1700360213\n|move|p1a: Ribombee|Skill Swap|p2a: Garganacl\n|-activate|p1a: Ribombee|move: Skill Swap|Purifying Salt|Shield Dust|[of] p2a: Garganacl\n|move|p2a: Garganacl|Stealth Rock|p1a: Ribombee\n|-sidestart|p1: BurritoSave|move: Stealth Rock\n|\n|upkeep\n|turn|2\n|\n|t:|1700360220\n|move|p1a: Ribombee|Stun Spore|p2a: Garganacl\n|-status|p2a: Garganacl|par\n|move|p2a: Garganacl|Salt Cure|p1a: Ribombee\n|-supereffective|p1a: Ribombee\n|-damage|p1a: Ribombee|47\/100\n|-start|p1a: Ribombee|Salt Cure\n|\n|-damage|p1a: Ribombee|34\/100|[from] Salt Cure\n|upkeep\n|turn|3\n|\n|t:|1700360226\n|switch|p2a: Great Tusk|Great Tusk|100\/100\n|move|p1a: Ribombee|Sticky Web|p2a: Great Tusk\n|-sidestart|p2: hhhhhh111111|move: Sticky Web\n|\n|-damage|p1a: Ribombee|22\/100|[from] Salt Cure\n|upkeep\n|turn|4\n|\n|t:|1700360233\n|-terastallize|p2a: Great Tusk|Steel\n|move|p1a: Ribombee|Moonblast|p2a: Great Tusk\n|-resisted|p2a: Great Tusk\n|-damage|p2a: Great Tusk|79\/100\n|move|p2a: Great Tusk|Rapid Spin|p1a: Ribombee\n|-damage|p1a: Ribombee|0 fnt\n|-boost|p2a: Great Tusk|spe|1\n|-sideend|p2: hhhhhh111111|Sticky Web|[from] move: Rapid Spin|[of] p2a: Great Tusk\n|faint|p1a: Ribombee\n|\n|-heal|p2a: Great Tusk|86\/100|[from] item: Leftovers\n|upkeep\n|\n|t:|1700360256\n|switch|p1a: Dragonite|Dragonite, F|100\/100\n|-damage|p1a: Dragonite|76\/100|[from] Stealth Rock\n|turn|5\n|\n|t:|1700360282\n|move|p2a: Great Tusk|Ice Spinner|p1a: Dragonite\n|-supereffective|p1a: Dragonite\n|-damage|p1a: Dragonite|0 fnt\n|faint|p1a: Dragonite\n|\n|-heal|p2a: Great Tusk|92\/100|[from] item: Leftovers\n|upkeep\n|\n|t:|1700360290\n|switch|p1a: Mimikyu|Mimikyu, F|100\/100\n|-damage|p1a: Mimikyu|88\/100|[from] Stealth Rock\n|turn|6\n|\n|t:|1700360296\n|move|p2a: Great Tusk|Bulk Up|p2a: Great Tusk\n|-boost|p2a: Great Tusk|atk|1\n|-boost|p2a: Great Tusk|def|1\n|move|p1a: Mimikyu|Drain Punch|p2a: Great Tusk\n|-supereffective|p2a: Great Tusk\n|-damage|p2a: Great Tusk|73\/100\n|-heal|p1a: Mimikyu|100\/100|[from] drain|[of] p2a: Great Tusk\n|-damage|p1a: Mimikyu|91\/100|[from] item: Life Orb\n|\n|-heal|p2a: Great Tusk|79\/100|[from] item: Leftovers\n|upkeep\n|turn|7\n|\n|t:|1700360302\n|move|p2a: Great Tusk|Ice Spinner|p1a: Mimikyu\n|-activate|p1a: Mimikyu|ability: Disguise\n|-damage|p1a: Mimikyu|91\/100\n|detailschange|p1a: Mimikyu|Mimikyu-Busted, F\n|-damage|p1a: Mimikyu|78\/100|[from] pokemon: Mimikyu-Busted\n|move|p1a: Mimikyu|Swords Dance|p1a: Mimikyu\n|-boost|p1a: Mimikyu|atk|2\n|\n|-heal|p2a: Great Tusk|86\/100|[from] item: Leftovers\n|upkeep\n|turn|8\n|\n|t:|1700360309\n|move|p2a: Great Tusk|Earthquake|p1a: Mimikyu\n|-damage|p1a: Mimikyu|0 fnt\n|faint|p1a: Mimikyu\n|\n|-heal|p2a: Great Tusk|92\/100|[from] item: Leftovers\n|upkeep\n|\n|t:|1700360313\n|switch|p1a: Xurkitree|Xurkitree|100\/100\n|-damage|p1a: Xurkitree|88\/100|[from] Stealth Rock\n|turn|9\n|\n|t:|1700360316\n|-terastallize|p1a: Xurkitree|Grass\n|move|p2a: Great Tusk|Earthquake|p1a: Xurkitree\n|-resisted|p1a: Xurkitree\n|-damage|p1a: Xurkitree|41\/100\n|move|p1a: Xurkitree|Hypnosis|p2a: Great Tusk|[miss]\n|-miss|p1a: Xurkitree|p2a: Great Tusk\n|-enditem|p1a: Xurkitree|Blunder Policy\n|-boost|p1a: Xurkitree|spe|2\n|\n|-heal|p2a: Great Tusk|98\/100|[from] item: Leftovers\n|upkeep\n|turn|10\n|\n|t:|1700360324\n|move|p1a: Xurkitree|Hypnosis|p2a: Great Tusk\n|-status|p2a: Great Tusk|slp|[from] move: Hypnosis\n|cant|p2a: Great Tusk|slp\n|\n|-heal|p2a: Great Tusk|100\/100 slp|[from] item: Leftovers\n|upkeep\n|turn|11\n|\n|t:|1700360327\n|move|p1a: Xurkitree|Tail Glow|p1a: Xurkitree\n|-boost|p1a: Xurkitree|spa|3\n|cant|p2a: Great Tusk|slp\n|\n|upkeep\n|turn|12\n|\n|t:|1700360331\n|move|p1a: Xurkitree|Thunderbolt|p2a: Great Tusk\n|-damage|p2a: Great Tusk|0 fnt\n|faint|p2a: Great Tusk\n|-end|p2a: Great Tusk|Protosynthesis|[silent]\n|-ability|p1a: Xurkitree|Beast Boost|boost\n|-boost|p1a: Xurkitree|spa|1\n|\n|upkeep\n|\n|t:|1700360337\n|switch|p2a: Garganacl|Garganacl, M|100\/100 par\n|turn|13\n|\n|t:|1700360341\n|move|p1a: Xurkitree|Energy Ball|p2a: Garganacl\n|-supereffective|p2a: Garganacl\n|-damage|p2a: Garganacl|0 fnt\n|faint|p2a: Garganacl\n|-ability|p1a: Xurkitree|Beast Boost|boost\n|-boost|p1a: Xurkitree|spa|1\n|\n|upkeep\n|j| elvisma\n|\n|t:|1700360349\n|switch|p2a: Heatran|Heatran, M|100\/100\n|turn|14\n|\n|t:|1700360354\n|move|p1a: Xurkitree|Hypnosis|p2a: Heatran\n|-status|p2a: Heatran|slp|[from] move: Hypnosis\n|cant|p2a: Heatran|slp\n|\n|upkeep\n|turn|15\n|\n|t:|1700360359\n|switch|p2a: Charizard|Charizard, M, shiny|100\/100\n|move|p1a: Xurkitree|Thunderbolt|p2a: Charizard\n|-supereffective|p2a: Charizard\n|-damage|p2a: Charizard|0 fnt\n|faint|p2a: Charizard\n|-ability|p1a: Xurkitree|Beast Boost|boost\n|-boost|p1a: Xurkitree|spa|1\n|\n|upkeep\n|-message|hhhhhh111111 forfeited.\n|\n|win|BurritoSave\n|raw|BurritoSave's rating: 1645 &rarr; <strong>1671<\/strong><br \/>(+26 for winning)\n|raw|hhhhhh111111's rating: 1753 &rarr; <strong>1727<\/strong><br \/>(-26 for losing)\n|l|\u2606hhhhhh111111\n|l| YJLF\n","uploadtime":1700360535,"views":16,"p1id":"burritosave","p2id":"hhhhhh111111","formatid":"gen9nationaldex","rating":1671,"private":0,"password":""}