{"id":"gen9nationaldex-1997359797","p1":"dwill16","p2":"OkcThunder0","format":"[Gen 9] National Dex","log":"|html|<div class=\"broadcast-blue\"><strong>[Gen 9] National Dex is currently suspecting Sneasler! For information on how to participate check out the <a href=\"https:\/\/www.smogon.com\/forums\/threads\/sv-national-dex-suspect-8-just-dance.3731534\/\">suspect thread<\/a>.<\/strong><\/div>\n|j|\u2606dwill16\n|j|\u2606OkcThunder0\n|t:|1700793978\n|gametype|singles\n|player|p1|dwill16|lady-gen4|1602\n|player|p2|OkcThunder0|266|1687\n|teamsize|p1|6\n|teamsize|p2|6\n|gen|9\n|tier|[Gen 9] National Dex\n|rated|\n|rule|HP Percentage Mod: HP is shown in percentages\n|rule|Endless Battle Clause: Forcing endless battles is banned\n|rule|OHKO Clause: OHKO moves are banned\n|rule|Evasion Clause: Evasion abilities, items, and moves are banned\n|rule|Evasion Abilities Clause: Evasion abilities are banned\n|rule|Evasion Items Clause: Evasion items are banned\n|rule|Evasion Moves Clause: Evasion moves are banned\n|rule|Species Clause: Limit one of each Pok\u00e9mon\n|rule|Sleep Clause Mod: Limit one foe put to sleep\n|clearpoke\n|poke|p1|Tapu Lele|\n|poke|p1|Great Tusk|\n|poke|p1|Charizard, M|\n|poke|p1|Garganacl, M|\n|poke|p1|Skarmory, M|\n|poke|p1|Aegislash, F|\n|poke|p2|Banette, F|\n|poke|p2|Gliscor, F|\n|poke|p2|Heatran, F|\n|poke|p2|Alomomola, M|\n|poke|p2|Iron Valiant|\n|poke|p2|Tapu Koko|\n|teampreview\n|inactive|Battle timer is ON: inactive players will automatically lose when time's up. (requested by OkcThunder0)\n|\n|t:|1700793996\n|start\n|switch|p1a: \u571f\u738b|Garganacl, M|100\/100\n|switch|p2a: Banette|Banette, F|100\/100\n|-item|p1a: \u571f\u738b|Leftovers|[from] ability: Frisk|[of] p2a: Banette|[identify]\n|turn|1\n|\n|t:|1700794005\n|detailschange|p2a: Banette|Banette-Mega, F\n|-mega|p2a: Banette|Banette|Banettite\n|move|p1a: \u571f\u738b|Protect|p1a: \u571f\u738b\n|-singleturn|p1a: \u571f\u738b|Protect\n|move|p2a: Banette|Knock Off|p1a: \u571f\u738b\n|-activate|p1a: \u571f\u738b|move: Protect\n|\n|upkeep\n|turn|2\n|\n|t:|1700794013\n|switch|p1a: \u94a2\u94e0\u9e26|Skarmory, M|100\/100\n|move|p2a: Banette|Infestation|p1a: \u94a2\u94e0\u9e26\n|-resisted|p1a: \u94a2\u94e0\u9e26\n|-damage|p1a: \u94a2\u94e0\u9e26|99\/100\n|-activate|p1a: \u94a2\u94e0\u9e26|move: Infestation|[of] p2a: Banette\n|-damage|p2a: Banette|84\/100|[from] item: Rocky Helmet|[of] p1a: \u94a2\u94e0\u9e26\n|\n|-damage|p1a: \u94a2\u94e0\u9e26|87\/100|[from] move: Infestation|[partiallytrapped]\n|upkeep\n|turn|3\n|\n|t:|1700794025\n|move|p2a: Banette|Knock Off|p1a: \u94a2\u94e0\u9e26\n|-damage|p1a: \u94a2\u94e0\u9e26|64\/100\n|-damage|p2a: Banette|67\/100|[from] item: Rocky Helmet|[of] p1a: \u94a2\u94e0\u9e26\n|-enditem|p1a: \u94a2\u94e0\u9e26|Rocky Helmet|[from] move: Knock Off|[of] p2a: Banette\n|move|p1a: \u94a2\u94e0\u9e26|Whirlwind|p2a: Banette\n|drag|p2a: Alomomola|Alomomola, M|100\/100\n|\n|-end|p1a: \u94a2\u94e0\u9e26|Infestation|[partiallytrapped]|[silent]\n|upkeep\n|turn|4\n|\n|t:|1700794032\n|move|p1a: \u94a2\u94e0\u9e26|Roost|p1a: \u94a2\u94e0\u9e26\n|-heal|p1a: \u94a2\u94e0\u9e26|100\/100\n|-singleturn|p1a: \u94a2\u94e0\u9e26|move: Roost\n|move|p2a: Alomomola|Scald|p1a: \u94a2\u94e0\u9e26\n|-damage|p1a: \u94a2\u94e0\u9e26|88\/100\n|\n|upkeep\n|turn|5\n|\n|t:|1700794036\n|switch|p1a: \u571f\u738b|Garganacl, M|100\/100\n|move|p2a: Alomomola|Scald|p1a: \u571f\u738b\n|-supereffective|p1a: \u571f\u738b\n|-damage|p1a: \u571f\u738b|84\/100\n|\n|-heal|p1a: \u571f\u738b|90\/100|[from] item: Leftovers\n|upkeep\n|turn|6\n|\n|t:|1700794041\n|move|p2a: Alomomola|Flip Turn|p1a: \u571f\u738b\n|-supereffective|p1a: \u571f\u738b\n|-damage|p1a: \u571f\u738b|67\/100\n|\n|t:|1700794044\n|switch|p2a: Gliscor|Gliscor, F|100\/100|[from] Flip Turn\n|move|p1a: \u571f\u738b|Salt Cure|p2a: Gliscor\n|-damage|p2a: Gliscor|90\/100\n|-start|p2a: Gliscor|Salt Cure\n|\n|-heal|p1a: \u571f\u738b|73\/100|[from] item: Leftovers\n|-damage|p2a: Gliscor|77\/100|[from] Salt Cure\n|-status|p2a: Gliscor|tox|[from] item: Toxic Orb\n|upkeep\n|turn|7\n|\n|t:|1700794049\n|move|p1a: \u571f\u738b|Protect|p1a: \u571f\u738b\n|-singleturn|p1a: \u571f\u738b|Protect\n|move|p2a: Gliscor|Spikes|p1a: \u571f\u738b\n|-sidestart|p1: dwill16|Spikes\n|\n|-heal|p1a: \u571f\u738b|79\/100|[from] item: Leftovers\n|-heal|p2a: Gliscor|90\/100 tox|[from] ability: Poison Heal\n|-damage|p2a: Gliscor|77\/100 tox|[from] Salt Cure\n|upkeep\n|turn|8\n|\n|t:|1700794053\n|switch|p1a: \u94c1\u8f99\u8ff9|Great Tusk|100\/100\n|-damage|p1a: \u94c1\u8f99\u8ff9|88\/100|[from] Spikes\n|move|p2a: Gliscor|Knock Off|p1a: \u94c1\u8f99\u8ff9\n|-resisted|p1a: \u94c1\u8f99\u8ff9\n|-damage|p1a: \u94c1\u8f99\u8ff9|84\/100\n|\n|-heal|p2a: Gliscor|90\/100 tox|[from] ability: Poison Heal\n|-damage|p2a: Gliscor|77\/100 tox|[from] Salt Cure\n|upkeep\n|turn|9\n|\n|t:|1700794056\n|switch|p2a: Banette|Banette-Mega, F|67\/100\n|move|p1a: \u94c1\u8f99\u8ff9|Rapid Spin|p2a: Banette\n|-immune|p2a: Banette\n|\n|upkeep\n|turn|10\n|\n|t:|1700794059\n|-end|p1a: \u94c1\u8f99\u8ff9|Protosynthesis|[silent]\n|switch|p1a: \u94a2\u94e0\u9e26|Skarmory, M|88\/100\n|move|p2a: Banette|Encore||[still]\n|-fail|p2a: Banette\n|\n|upkeep\n|turn|11\n|\n|t:|1700794062\n|switch|p2a: Heatran|Heatran, F|100\/100\n|move|p1a: \u94a2\u94e0\u9e26|Defog|p2a: Heatran\n|-unboost|p2a: Heatran|evasion|1\n|-sideend|p1: dwill16|Spikes|[from] move: Defog|[of] p1a: \u94a2\u94e0\u9e26\n|\n|upkeep\n|turn|12\n|\n|t:|1700794067\n|switch|p1a: \u571f\u738b|Garganacl, M|79\/100\n|move|p2a: Heatran|Magma Storm|p1a: \u571f\u738b|[miss]\n|-miss|p2a: Heatran|p1a: \u571f\u738b\n|\n|-heal|p1a: \u571f\u738b|86\/100|[from] item: Leftovers\n|upkeep\n|turn|13\n|\n|t:|1700794073\n|switch|p2a: Gliscor|Gliscor, F|77\/100 tox\n|move|p1a: \u571f\u738b|Salt Cure|p2a: Gliscor\n|-damage|p2a: Gliscor|66\/100 tox\n|-start|p2a: Gliscor|Salt Cure\n|\n|-heal|p1a: \u571f\u738b|92\/100|[from] item: Leftovers\n|-heal|p2a: Gliscor|79\/100 tox|[from] ability: Poison Heal\n|-damage|p2a: Gliscor|66\/100 tox|[from] Salt Cure\n|upkeep\n|turn|14\n|\n|t:|1700794079\n|switch|p1a: \u55b7\u706b\u9f99X|Charizard, M|100\/100\n|move|p2a: Gliscor|Spikes|p1a: \u55b7\u706b\u9f99X\n|-sidestart|p1: dwill16|Spikes\n|\n|-heal|p2a: Gliscor|79\/100 tox|[from] ability: Poison Heal\n|-damage|p2a: Gliscor|66\/100 tox|[from] Salt Cure\n|upkeep\n|turn|15\n|\n|t:|1700794085\n|switch|p2a: Alomomola|Alomomola, M|100\/100\n|detailschange|p1a: \u55b7\u706b\u9f99X|Charizard-Mega-Y, M\n|-mega|p1a: \u55b7\u706b\u9f99X|Charizard|Charizardite Y\n|-weather|SunnyDay|[from] ability: Drought|[of] p1a: \u55b7\u706b\u9f99X\n|move|p1a: \u55b7\u706b\u9f99X|Scorching Sands|p2a: Alomomola\n|-damage|p2a: Alomomola|76\/100\n|\n|-weather|SunnyDay|[upkeep]\n|upkeep\n|turn|16\n|\n|t:|1700794089\n|switch|p2a: Heatran|Heatran, F|100\/100\n|move|p1a: \u55b7\u706b\u9f99X|Solar Beam||[still]\n|-prepare|p1a: \u55b7\u706b\u9f99X|Solar Beam\n|-anim|p1a: \u55b7\u706b\u9f99X|Solar Beam|p2a: Heatran\n|-resisted|p2a: Heatran\n|-damage|p2a: Heatran|93\/100\n|\n|-weather|SunnyDay|[upkeep]\n|-heal|p2a: Heatran|99\/100|[from] item: Leftovers\n|upkeep\n|turn|17\n|\n|t:|1700794101\n|switch|p2a: Gliscor|Gliscor, F|66\/100 tox\n|move|p1a: \u55b7\u706b\u9f99X|Scorching Sands|p2a: Gliscor\n|-immune|p2a: Gliscor\n|\n|-weather|SunnyDay|[upkeep]\n|-heal|p2a: Gliscor|79\/100 tox|[from] ability: Poison Heal\n|upkeep\n|turn|18\n|\n|t:|1700794109\n|switch|p2a: Alomomola|Alomomola, M|100\/100\n|move|p1a: \u55b7\u706b\u9f99X|Weather Ball|p2a: Alomomola\n|-resisted|p2a: Alomomola\n|-damage|p2a: Alomomola|59\/100\n|\n|-weather|SunnyDay|[upkeep]\n|upkeep\n|turn|19\n|\n|t:|1700794114\n|move|p2a: Alomomola|Protect|p2a: Alomomola\n|-singleturn|p2a: Alomomola|Protect\n|move|p1a: \u55b7\u706b\u9f99X|Scorching Sands|p2a: Alomomola\n|-activate|p2a: Alomomola|move: Protect\n|\n|-weather|none\n|upkeep\n|turn|20\n|\n|t:|1700794120\n|switch|p1a: \u94a2\u94e0\u9e26|Skarmory, M|88\/100\n|move|p2a: Alomomola|Flip Turn|p1a: \u94a2\u94e0\u9e26\n|-damage|p1a: \u94a2\u94e0\u9e26|76\/100\n|\n|t:|1700794124\n|switch|p2a: Tapu Koko|Tapu Koko|100\/100|[from] Flip Turn\n|-fieldstart|move: Electric Terrain|[from] ability: Electric Surge|[of] p2a: Tapu Koko\n|\n|upkeep\n|turn|21\n|\n|t:|1700794129\n|switch|p1a: \u571f\u738b|Garganacl, M|92\/100\n|-damage|p1a: \u571f\u738b|79\/100|[from] Spikes\n|move|p2a: Tapu Koko|U-turn|p1a: \u571f\u738b\n|-damage|p1a: \u571f\u738b|67\/100\n|\n|t:|1700794137\n|switch|p2a: Iron Valiant|Iron Valiant|100\/100|[from] U-turn\n|-activate|p2a: Iron Valiant|ability: Quark Drive\n|-start|p2a: Iron Valiant|quarkdrivespe\n|\n|-heal|p1a: \u571f\u738b|74\/100|[from] item: Leftovers\n|upkeep\n|turn|22\n|\n|t:|1700794141\n|move|p1a: \u571f\u738b|Protect|p1a: \u571f\u738b\n|-singleturn|p1a: \u571f\u738b|Protect\n|move|p2a: Iron Valiant|Moonblast|p1a: \u571f\u738b\n|-activate|p1a: \u571f\u738b|move: Protect\n|\n|-heal|p1a: \u571f\u738b|80\/100|[from] item: Leftovers\n|upkeep\n|turn|23\n|\n|t:|1700794146\n|move|p2a: Iron Valiant|Moonblast|p1a: \u571f\u738b\n|-damage|p1a: \u571f\u738b|32\/100\n|move|p1a: \u571f\u738b|Salt Cure|p2a: Iron Valiant\n|-resisted|p2a: Iron Valiant\n|-damage|p2a: Iron Valiant|91\/100\n|-start|p2a: Iron Valiant|Salt Cure\n|\n|-heal|p1a: \u571f\u738b|38\/100|[from] item: Leftovers\n|-damage|p2a: Iron Valiant|79\/100|[from] Salt Cure\n|upkeep\n|turn|24\n|\n|t:|1700794159\n|-end|p2a: Iron Valiant|Quark Drive|[silent]\n|switch|p2a: Banette|Banette-Mega, F|67\/100\n|move|p1a: \u571f\u738b|Protect||[still]\n|-fail|p1a: \u571f\u738b\n|\n|-heal|p1a: \u571f\u738b|44\/100|[from] item: Leftovers\n|-fieldend|move: Electric Terrain\n|upkeep\n|turn|25\n|\n|t:|1700794162\n|move|p1a: \u571f\u738b|Protect|p1a: \u571f\u738b\n|-singleturn|p1a: \u571f\u738b|Protect\n|move|p2a: Banette|Infestation|p1a: \u571f\u738b\n|-activate|p1a: \u571f\u738b|move: Protect\n|\n|-heal|p1a: \u571f\u738b|50\/100|[from] item: Leftovers\n|upkeep\n|turn|26\n|\n|t:|1700794168\n|switch|p1a: \u94a2\u94e0\u9e26|Skarmory, M|76\/100\n|move|p2a: Banette|Infestation|p1a: \u94a2\u94e0\u9e26\n|-resisted|p1a: \u94a2\u94e0\u9e26\n|-damage|p1a: \u94a2\u94e0\u9e26|75\/100\n|-activate|p1a: \u94a2\u94e0\u9e26|move: Infestation|[of] p2a: Banette\n|\n|-damage|p1a: \u94a2\u94e0\u9e26|62\/100|[from] move: Infestation|[partiallytrapped]\n|upkeep\n|turn|27\n|\n|t:|1700794172\n|move|p2a: Banette|Knock Off|p1a: \u94a2\u94e0\u9e26\n|-damage|p1a: \u94a2\u94e0\u9e26|46\/100\n|move|p1a: \u94a2\u94e0\u9e26|Defog|p2a: Banette\n|-unboost|p2a: Banette|evasion|1\n|-sideend|p1: dwill16|Spikes|[from] move: Defog|[of] p1a: \u94a2\u94e0\u9e26\n|\n|-damage|p1a: \u94a2\u94e0\u9e26|34\/100|[from] move: Infestation|[partiallytrapped]\n|upkeep\n|turn|28\n|\n|t:|1700794176\n|move|p2a: Banette|Encore|p1a: \u94a2\u94e0\u9e26\n|-start|p1a: \u94a2\u94e0\u9e26|Encore\n|move|p1a: \u94a2\u94e0\u9e26|Defog|p2a: Banette\n|-unboost|p2a: Banette|evasion|1\n|\n|-damage|p1a: \u94a2\u94e0\u9e26|22\/100|[from] move: Infestation|[partiallytrapped]\n|upkeep\n|turn|29\n|\n|t:|1700794180\n|move|p2a: Banette|Knock Off|p1a: \u94a2\u94e0\u9e26\n|-damage|p1a: \u94a2\u94e0\u9e26|6\/100\n|move|p1a: \u94a2\u94e0\u9e26|Defog|p2a: Banette\n|-unboost|p2a: Banette|evasion|1\n|\n|-damage|p1a: \u94a2\u94e0\u9e26|0 fnt|[from] move: Infestation|[partiallytrapped]\n|faint|p1a: \u94a2\u94e0\u9e26\n|upkeep\n|\n|t:|1700794189\n|switch|p1a: \u571f\u738b|Garganacl, M|50\/100\n|turn|30\n|\n|t:|1700794195\n|switch|p2a: Gliscor|Gliscor, F|79\/100 tox\n|move|p1a: \u571f\u738b|Protect||[still]\n|-fail|p1a: \u571f\u738b\n|\n|-heal|p1a: \u571f\u738b|57\/100|[from] item: Leftovers\n|-heal|p2a: Gliscor|91\/100 tox|[from] ability: Poison Heal\n|upkeep\n|turn|31\n|\n|t:|1700794198\n|switch|p1a: \u94c1\u8f99\u8ff9|Great Tusk|84\/100\n|move|p2a: Gliscor|Spikes|p1a: \u94c1\u8f99\u8ff9\n|-sidestart|p1: dwill16|Spikes\n|\n|-heal|p2a: Gliscor|100\/100 tox|[from] ability: Poison Heal\n|upkeep\n|turn|32\n|\n|t:|1700794204\n|move|p1a: \u94c1\u8f99\u8ff9|Headlong Rush|p2a: Gliscor\n|-immune|p2a: Gliscor\n|move|p2a: Gliscor|Knock Off|p1a: \u94c1\u8f99\u8ff9\n|-resisted|p1a: \u94c1\u8f99\u8ff9\n|-damage|p1a: \u94c1\u8f99\u8ff9|79\/100\n|\n|upkeep\n|turn|33\n|\n|t:|1700794210\n|switch|p2a: Banette|Banette-Mega, F|67\/100\n|-zpower|p1a: \u94c1\u8f99\u8ff9\n|move|p1a: \u94c1\u8f99\u8ff9|Subzero Slammer|p2a: Banette|[zeffect]\n|-damage|p2a: Banette|0 fnt\n|faint|p2a: Banette\n|\n|upkeep\n|\n|t:|1700794217\n|switch|p2a: Iron Valiant|Iron Valiant|79\/100\n|turn|34\n|\n|t:|1700794221\n|-end|p2a: Iron Valiant|Quark Drive|[silent]\n|switch|p2a: Heatran|Heatran, F|99\/100\n|-end|p1a: \u94c1\u8f99\u8ff9|Protosynthesis|[silent]\n|switch|p1a: \u8d5b\u5bcc\u8c6a|Aegislash, F|100\/100\n|-damage|p1a: \u8d5b\u5bcc\u8c6a|88\/100|[from] Spikes\n|\n|-heal|p2a: Heatran|100\/100|[from] item: Leftovers\n|upkeep\n|turn|35\n|\n|t:|1700794227\n|switch|p1a: \u571f\u738b|Garganacl, M|57\/100\n|-damage|p1a: \u571f\u738b|44\/100|[from] Spikes\n|move|p2a: Heatran|Magma Storm|p1a: \u571f\u738b\n|-resisted|p1a: \u571f\u738b\n|-damage|p1a: \u571f\u738b|30\/100\n|-activate|p1a: \u571f\u738b|move: Magma Storm|[of] p2a: Heatran\n|\n|-heal|p1a: \u571f\u738b|36\/100|[from] item: Leftovers\n|-damage|p1a: \u571f\u738b|24\/100|[from] move: Magma Storm|[partiallytrapped]\n|upkeep\n|turn|36\n|\n|t:|1700794234\n|move|p1a: \u571f\u738b|Protect|p1a: \u571f\u738b\n|-singleturn|p1a: \u571f\u738b|Protect\n|move|p2a: Heatran|Earth Power|p1a: \u571f\u738b\n|-activate|p1a: \u571f\u738b|move: Protect\n|\n|-heal|p1a: \u571f\u738b|30\/100|[from] item: Leftovers\n|-damage|p1a: \u571f\u738b|18\/100|[from] move: Magma Storm|[partiallytrapped]\n|upkeep\n|turn|37\n|\n|t:|1700794237\n|-terastallize|p1a: \u571f\u738b|Dragon\n|move|p2a: Heatran|Earth Power|p1a: \u571f\u738b\n|-damage|p1a: \u571f\u738b|0 fnt\n|faint|p1a: \u571f\u738b\n|\n|upkeep\n|\n|t:|1700794240\n|switch|p1a: \u55b7\u706b\u9f99X|Charizard-Mega-Y, M|100\/100\n|-weather|SunnyDay|[from] ability: Drought|[of] p1a: \u55b7\u706b\u9f99X\n|turn|38\n|\n|t:|1700794249\n|move|p1a: \u55b7\u706b\u9f99X|Scorching Sands|p2a: Heatran\n|-supereffective|p2a: Heatran\n|-damage|p2a: Heatran|35\/100\n|move|p2a: Heatran|Stealth Rock|p1a: \u55b7\u706b\u9f99X\n|-sidestart|p1: dwill16|move: Stealth Rock\n|\n|-weather|SunnyDay|[upkeep]\n|-heal|p2a: Heatran|41\/100|[from] item: Leftovers\n|upkeep\n|turn|39\n|inactive|OkcThunder0 has 120 seconds left.\n|inactive|OkcThunder0 has 90 seconds left.\n|\n|t:|1700794322\n|switch|p2a: Gliscor|Gliscor, F|100\/100 tox\n|move|p1a: \u55b7\u706b\u9f99X|Weather Ball|p2a: Gliscor\n|-damage|p2a: Gliscor|22\/100 tox\n|\n|-weather|SunnyDay|[upkeep]\n|-heal|p2a: Gliscor|34\/100 tox|[from] ability: Poison Heal\n|upkeep\n|turn|40\n|inactive|dwill16 has 120 seconds left.\n|\n|t:|1700794367\n|move|p1a: \u55b7\u706b\u9f99X|Solar Beam||[still]\n|-prepare|p1a: \u55b7\u706b\u9f99X|Solar Beam\n|-anim|p1a: \u55b7\u706b\u9f99X|Solar Beam|p2a: Gliscor\n|-damage|p2a: Gliscor|0 fnt\n|faint|p2a: Gliscor\n|\n|-weather|SunnyDay|[upkeep]\n|upkeep\n|\n|t:|1700794380\n|switch|p2a: Alomomola|Alomomola, M|92\/100\n|turn|41\n|\n|t:|1700794394\n|move|p1a: \u55b7\u706b\u9f99X|Solar Beam||[still]\n|-prepare|p1a: \u55b7\u706b\u9f99X|Solar Beam\n|-anim|p1a: \u55b7\u706b\u9f99X|Solar Beam|p2a: Alomomola\n|-supereffective|p2a: Alomomola\n|-damage|p2a: Alomomola|4\/100\n|move|p2a: Alomomola|Wish|p2a: Alomomola\n|\n|-weather|SunnyDay|[upkeep]\n|upkeep\n|turn|42\n|\n|t:|1700794407\n|move|p2a: Alomomola|Protect|p2a: Alomomola\n|-singleturn|p2a: Alomomola|Protect\n|move|p1a: \u55b7\u706b\u9f99X|Scorching Sands|p2a: Alomomola\n|-activate|p2a: Alomomola|move: Protect\n|\n|-weather|none\n|-heal|p2a: Alomomola|54\/100|[from] move: Wish|[wisher] Alomomola\n|upkeep\n|turn|43\n|\n|t:|1700794414\n|switch|p1a: \u8d5b\u5bcc\u8c6a|Aegislash, F|88\/100\n|-damage|p1a: \u8d5b\u5bcc\u8c6a|76\/100|[from] Spikes\n|-damage|p1a: \u8d5b\u5bcc\u8c6a|70\/100|[from] Stealth Rock\n|move|p2a: Alomomola|Flip Turn|p1a: \u8d5b\u5bcc\u8c6a\n|-damage|p1a: \u8d5b\u5bcc\u8c6a|57\/100\n|inactive|OkcThunder0 has 90 seconds left.\n|\n|t:|1700794431\n|switch|p2a: Heatran|Heatran, F|41\/100|[from] Flip Turn\n|\n|-heal|p2a: Heatran|48\/100|[from] item: Leftovers\n|upkeep\n|turn|44\n|\n|t:|1700794434\n|move|p2a: Heatran|Magma Storm|p1a: \u8d5b\u5bcc\u8c6a|[miss]\n|-miss|p2a: Heatran|p1a: \u8d5b\u5bcc\u8c6a\n|-formechange|p1a: \u8d5b\u5bcc\u8c6a|Aegislash-Blade||[from] ability: Stance Change\n|move|p1a: \u8d5b\u5bcc\u8c6a|Shadow Claw|p2a: Heatran\n|-damage|p2a: Heatran|19\/100\n|\n|-heal|p2a: Heatran|25\/100|[from] item: Leftovers\n|upkeep\n|turn|45\n|\n|t:|1700794443\n|-formechange|p1a: \u8d5b\u5bcc\u8c6a|Aegislash||[from] ability: Stance Change\n|move|p1a: \u8d5b\u5bcc\u8c6a|King's Shield|p1a: \u8d5b\u5bcc\u8c6a\n|-singleturn|p1a: \u8d5b\u5bcc\u8c6a|Protect\n|move|p2a: Heatran|Earth Power|p1a: \u8d5b\u5bcc\u8c6a\n|-activate|p1a: \u8d5b\u5bcc\u8c6a|move: Protect\n|\n|-heal|p2a: Heatran|31\/100|[from] item: Leftovers\n|upkeep\n|turn|46\n|\n|t:|1700794445\n|move|p2a: Heatran|Magma Storm|p1a: \u8d5b\u5bcc\u8c6a|[miss]\n|-miss|p2a: Heatran|p1a: \u8d5b\u5bcc\u8c6a\n|-formechange|p1a: \u8d5b\u5bcc\u8c6a|Aegislash-Blade||[from] ability: Stance Change\n|move|p1a: \u8d5b\u5bcc\u8c6a|Shadow Claw|p2a: Heatran\n|-damage|p2a: Heatran|4\/100\n|\n|-heal|p2a: Heatran|10\/100|[from] item: Leftovers\n|upkeep\n|turn|47\n|\n|t:|1700794450\n|-formechange|p1a: \u8d5b\u5bcc\u8c6a|Aegislash||[from] ability: Stance Change\n|move|p1a: \u8d5b\u5bcc\u8c6a|King's Shield|p1a: \u8d5b\u5bcc\u8c6a\n|-singleturn|p1a: \u8d5b\u5bcc\u8c6a|Protect\n|move|p2a: Heatran|Earth Power|p1a: \u8d5b\u5bcc\u8c6a\n|-activate|p1a: \u8d5b\u5bcc\u8c6a|move: Protect\n|\n|-heal|p2a: Heatran|16\/100|[from] item: Leftovers\n|upkeep\n|turn|48\n|\n|t:|1700794453\n|move|p2a: Heatran|Magma Storm|p1a: \u8d5b\u5bcc\u8c6a\n|-supereffective|p1a: \u8d5b\u5bcc\u8c6a\n|-damage|p1a: \u8d5b\u5bcc\u8c6a|0 fnt\n|faint|p1a: \u8d5b\u5bcc\u8c6a\n|\n|-heal|p2a: Heatran|22\/100|[from] item: Leftovers\n|upkeep\n|\n|t:|1700794456\n|switch|p1a: \u94c1\u8f99\u8ff9|Great Tusk|79\/100\n|-damage|p1a: \u94c1\u8f99\u8ff9|66\/100|[from] Spikes\n|-damage|p1a: \u94c1\u8f99\u8ff9|63\/100|[from] Stealth Rock\n|turn|49\n|\n|t:|1700794475\n|switch|p2a: Alomomola|Alomomola, M|87\/100\n|move|p1a: \u94c1\u8f99\u8ff9|Rapid Spin|p2a: Alomomola\n|-damage|p2a: Alomomola|78\/100\n|-boost|p1a: \u94c1\u8f99\u8ff9|spe|1\n|-sideend|p1: dwill16|Spikes|[from] move: Rapid Spin|[of] p1a: \u94c1\u8f99\u8ff9\n|-sideend|p1: dwill16|Stealth Rock|[from] move: Rapid Spin|[of] p1a: \u94c1\u8f99\u8ff9\n|\n|upkeep\n|turn|50\n|\n|t:|1700794479\n|-end|p1a: \u94c1\u8f99\u8ff9|Protosynthesis|[silent]\n|switch|p1a: \u55b7\u706b\u9f99X|Charizard-Mega-Y, M|100\/100\n|-weather|SunnyDay|[from] ability: Drought|[of] p1a: \u55b7\u706b\u9f99X\n|move|p2a: Alomomola|Flip Turn|p1a: \u55b7\u706b\u9f99X\n|-supereffective|p1a: \u55b7\u706b\u9f99X\n|-damage|p1a: \u55b7\u706b\u9f99X|78\/100\n|\n|t:|1700794481\n|switch|p2a: Tapu Koko|Tapu Koko|100\/100|[from] Flip Turn\n|-fieldstart|move: Electric Terrain|[from] ability: Electric Surge|[of] p2a: Tapu Koko\n|\n|-weather|SunnyDay|[upkeep]\n|upkeep\n|turn|51\n|\n|t:|1700794486\n|switch|p1a: \u94c1\u8f99\u8ff9|Great Tusk|63\/100\n|-activate|p1a: \u94c1\u8f99\u8ff9|ability: Protosynthesis\n|-start|p1a: \u94c1\u8f99\u8ff9|protosynthesisspe\n|move|p2a: Tapu Koko|Thunderbolt|p1a: \u94c1\u8f99\u8ff9\n|-immune|p1a: \u94c1\u8f99\u8ff9\n|\n|-weather|SunnyDay|[upkeep]\n|upkeep\n|turn|52\n|\n|t:|1700794490\n|switch|p2a: Alomomola|Alomomola, M|100\/100\n|move|p1a: \u94c1\u8f99\u8ff9|Headlong Rush|p2a: Alomomola\n|-damage|p2a: Alomomola|66\/100\n|-unboost|p1a: \u94c1\u8f99\u8ff9|def|1\n|-unboost|p1a: \u94c1\u8f99\u8ff9|spd|1\n|\n|-weather|SunnyDay|[upkeep]\n|upkeep\n|turn|53\n|\n|t:|1700794498\n|move|p1a: \u94c1\u8f99\u8ff9|Headlong Rush|p2a: Alomomola\n|-damage|p2a: Alomomola|35\/100\n|-unboost|p1a: \u94c1\u8f99\u8ff9|def|1\n|-unboost|p1a: \u94c1\u8f99\u8ff9|spd|1\n|move|p2a: Alomomola|Flip Turn|p1a: \u94c1\u8f99\u8ff9\n|-supereffective|p1a: \u94c1\u8f99\u8ff9\n|-damage|p1a: \u94c1\u8f99\u8ff9|45\/100\n|\n|t:|1700794504\n|switch|p2a: Iron Valiant|Iron Valiant|79\/100|[from] Flip Turn\n|-activate|p2a: Iron Valiant|ability: Quark Drive\n|-start|p2a: Iron Valiant|quarkdrivespe\n|\n|-weather|SunnyDay|[upkeep]\n|upkeep\n|turn|54\n|\n|t:|1700794509\n|move|p2a: Iron Valiant|Moonblast|p1a: \u94c1\u8f99\u8ff9\n|-supereffective|p1a: \u94c1\u8f99\u8ff9\n|-damage|p1a: \u94c1\u8f99\u8ff9|0 fnt\n|faint|p1a: \u94c1\u8f99\u8ff9\n|-end|p1a: \u94c1\u8f99\u8ff9|Protosynthesis|[silent]\n|\n|-weather|none\n|-fieldend|move: Electric Terrain\n|-end|p2a: Iron Valiant|Quark Drive\n|upkeep\n|\n|t:|1700794512\n|switch|p1a: \u5361\u666e\u9e23\u9e23|Tapu Lele|100\/100\n|-fieldstart|move: Psychic Terrain|[from] ability: Psychic Surge|[of] p1a: \u5361\u666e\u9e23\u9e23\n|turn|55\n|\n|t:|1700794516\n|-end|p2a: Iron Valiant|Quark Drive|[silent]\n|switch|p2a: Heatran|Heatran, F|22\/100\n|move|p1a: \u5361\u666e\u9e23\u9e23|Psyshock|p2a: Heatran\n|-resisted|p2a: Heatran\n|-damage|p2a: Heatran|0 fnt\n|faint|p2a: Heatran\n|\n|upkeep\n|\n|t:|1700794518\n|switch|p2a: Tapu Koko|Tapu Koko|100\/100\n|-fieldstart|move: Electric Terrain|[from] ability: Electric Surge|[of] p2a: Tapu Koko\n|turn|56\n|\n|t:|1700794520\n|move|p1a: \u5361\u666e\u9e23\u9e23|Psyshock|p2a: Tapu Koko\n|-damage|p2a: Tapu Koko|44\/100\n|move|p2a: Tapu Koko|Thunderbolt|p1a: \u5361\u666e\u9e23\u9e23\n|-damage|p1a: \u5361\u666e\u9e23\u9e23|48\/100\n|\n|upkeep\n|turn|57\n|\n|t:|1700794530\n|switch|p2a: Alomomola|Alomomola, M|68\/100\n|move|p1a: \u5361\u666e\u9e23\u9e23|Psyshock|p2a: Alomomola\n|-damage|p2a: Alomomola|43\/100\n|\n|upkeep\n|turn|58\n|\n|t:|1700794536\n|move|p1a: \u5361\u666e\u9e23\u9e23|Psyshock|p2a: Alomomola\n|-damage|p2a: Alomomola|19\/100\n|move|p2a: Alomomola|Flip Turn|p1a: \u5361\u666e\u9e23\u9e23\n|-damage|p1a: \u5361\u666e\u9e23\u9e23|21\/100\n|\n|t:|1700794539\n|switch|p2a: Iron Valiant|Iron Valiant|79\/100|[from] Flip Turn\n|-activate|p2a: Iron Valiant|ability: Quark Drive\n|-start|p2a: Iron Valiant|quarkdrivespe\n|\n|upkeep\n|turn|59\n|\n|t:|1700794547\n|switch|p1a: \u55b7\u706b\u9f99X|Charizard-Mega-Y, M|78\/100\n|-weather|SunnyDay|[from] ability: Drought|[of] p1a: \u55b7\u706b\u9f99X\n|move|p2a: Iron Valiant|Thunderbolt|p1a: \u55b7\u706b\u9f99X\n|-supereffective|p1a: \u55b7\u706b\u9f99X\n|-damage|p1a: \u55b7\u706b\u9f99X|0 fnt\n|faint|p1a: \u55b7\u706b\u9f99X\n|\n|-weather|SunnyDay|[upkeep]\n|upkeep\n|\n|t:|1700794549\n|switch|p1a: \u5361\u666e\u9e23\u9e23|Tapu Lele|21\/100\n|-fieldstart|move: Psychic Terrain|[from] ability: Psychic Surge|[of] p1a: \u5361\u666e\u9e23\u9e23\n|-end|p2a: Iron Valiant|Quark Drive\n|turn|60\n|\n|t:|1700794552\n|-end|p2a: Iron Valiant|Quark Drive|[silent]\n|switch|p2a: Tapu Koko|Tapu Koko|44\/100\n|-fieldstart|move: Electric Terrain|[from] ability: Electric Surge|[of] p2a: Tapu Koko\n|move|p1a: \u5361\u666e\u9e23\u9e23|Psyshock|p2a: Tapu Koko\n|-damage|p2a: Tapu Koko|0 fnt\n|faint|p2a: Tapu Koko\n|\n|-weather|SunnyDay|[upkeep]\n|upkeep\n|\n|t:|1700794554\n|switch|p2a: Iron Valiant|Iron Valiant|79\/100\n|-activate|p2a: Iron Valiant|ability: Quark Drive\n|-start|p2a: Iron Valiant|quarkdrivespe\n|turn|61\n|-message|dwill16 forfeited.\n|\n|win|OkcThunder0\n|raw|dwill16's rating: 1602 &rarr; <strong>1587<\/strong><br \/>(-15 for losing)\n|raw|OkcThunder0's rating: 1687 &rarr; <strong>1702<\/strong><br \/>(+15 for winning)\n|l|\u2606dwill16\n","uploadtime":1700794562,"views":4,"p1id":"dwill16","p2id":"okcthunder0","formatid":"gen9nationaldex","rating":1587,"private":0,"password":""}