{"id":"gen9nationaldex-1987057490","p1":"konl","p2":"BaconG0d1","format":"[Gen 9] National Dex","log":"|j|\u2606konl\n|j|\u2606BaconG0d1\n|t:|1699552593\n|gametype|singles\n|player|p1|konl|bugcatcher-gen4dp|1321\n|player|p2|BaconG0d1|gentleman|1457\n|teamsize|p1|6\n|teamsize|p2|6\n|gen|9\n|tier|[Gen 9] National Dex\n|rated|\n|rule|HP Percentage Mod: HP is shown in percentages\n|rule|Endless Battle Clause: Forcing endless battles is banned\n|rule|OHKO Clause: OHKO moves are banned\n|rule|Evasion Clause: Evasion abilities, items, and moves are banned\n|rule|Evasion Abilities Clause: Evasion abilities are banned\n|rule|Evasion Items Clause: Evasion items are banned\n|rule|Evasion Moves Clause: Evasion moves are banned\n|rule|Species Clause: Limit one of each Pok\u00e9mon\n|rule|Sleep Clause Mod: Limit one foe put to sleep\n|clearpoke\n|poke|p1|Slowking-Galar, F|\n|poke|p1|Meowscarada, F|\n|poke|p1|Heatran, F|\n|poke|p1|Cloyster, F|\n|poke|p1|Kommo-o, F|\n|poke|p1|Latios, M|\n|poke|p2|Slowbro, M|\n|poke|p2|Scizor, F|\n|poke|p2|Hoopa-Unbound|\n|poke|p2|Golurk|\n|poke|p2|Porygon2|\n|poke|p2|Volcanion|\n|teampreview\n|\n|t:|1699552602\n|start\n|switch|p1a: Heatran|Heatran, F|100\/100\n|switch|p2a: Porygon2|Porygon2, shiny|100\/100\n|-ability|p2a: Porygon2|Download|boost\n|-boost|p2a: Porygon2|spa|1\n|turn|1\n|\n|t:|1699552608\n|move|p1a: Heatran|Lava Plume|p2a: Porygon2\n|-damage|p2a: Porygon2|81\/100\n|move|p2a: Porygon2|Trick Room|p2a: Porygon2\n|-fieldstart|move: Trick Room|[of] p2a: Porygon2\n|\n|upkeep\n|turn|2\n|\n|t:|1699552613\n|move|p1a: Heatran|Will-O-Wisp|p2a: Porygon2\n|-status|p2a: Porygon2|brn\n|move|p2a: Porygon2|Teleport|p2a: Porygon2\n|j| iluvbills\n|\n|t:|1699552627\n|switch|p2a: Volcanion|Volcanion|100\/100|[from] Teleport\n|\n|upkeep\n|turn|3\n|\n|t:|1699552634\n|move|p2a: Volcanion|Steam Eruption|p1a: Heatran\n|-supereffective|p1a: Heatran\n|-damage|p1a: Heatran|0 fnt\n|faint|p1a: Heatran\n|\n|upkeep\n|inactive|Battle timer is ON: inactive players will automatically lose when time's up. (requested by BaconG0d1)\n|\n|t:|1699552643\n|switch|p1a: Slowking|Slowking-Galar, F|100\/100\n|turn|4\n|\n|t:|1699552655\n|switch|p2a: Hoopa|Hoopa-Unbound|100\/100\n|move|p1a: Slowking|Sludge Wave|p2a: Hoopa\n|-damage|p2a: Hoopa|63\/100\n|\n|-heal|p2a: Hoopa|69\/100|[from] item: Leftovers\n|upkeep\n|turn|5\n|\n|t:|1699552662\n|move|p1a: Slowking|Yawn|p2a: Hoopa\n|-start|p2a: Hoopa|move: Yawn|[of] p1a: Slowking\n|move|p2a: Hoopa|Psyshock|p1a: Slowking\n|-damage|p1a: Slowking|48\/100\n|\n|-heal|p2a: Hoopa|75\/100|[from] item: Leftovers\n|-fieldend|move: Trick Room\n|upkeep\n|turn|6\n|\n|t:|1699552671\n|switch|p2a: Porygon2|Porygon2, shiny|81\/100 brn\n|-ability|p2a: Porygon2|Download|boost\n|-boost|p2a: Porygon2|atk|1\n|switch|p1a: Meowscarada|Meowscarada, F|100\/100\n|\n|-damage|p2a: Porygon2|75\/100 brn|[from] brn\n|upkeep\n|turn|7\n|\n|t:|1699552677\n|move|p1a: Meowscarada|Flower Trick|p2a: Porygon2\n|-start|p1a: Meowscarada|typechange|Grass|[from] ability: Protean\n|-crit|p2a: Porygon2\n|-damage|p2a: Porygon2|41\/100 brn\n|move|p2a: Porygon2|Trick Room|p2a: Porygon2\n|-fieldstart|move: Trick Room|[of] p2a: Porygon2\n|\n|-damage|p2a: Porygon2|35\/100 brn|[from] brn\n|upkeep\n|turn|8\n|\n|t:|1699552685\n|move|p2a: Porygon2|Ice Beam|p1a: Meowscarada\n|-supereffective|p1a: Meowscarada\n|-damage|p1a: Meowscarada|35\/100\n|-status|p1a: Meowscarada|frz\n|cant|p1a: Meowscarada|frz\n|\n|-damage|p2a: Porygon2|29\/100 brn|[from] brn\n|upkeep\n|turn|9\n|\n|t:|1699552691\n|move|p2a: Porygon2|Recover|p2a: Porygon2\n|-heal|p2a: Porygon2|79\/100 brn\n|cant|p1a: Meowscarada|frz\n|\n|-damage|p2a: Porygon2|73\/100 brn|[from] brn\n|upkeep\n|turn|10\n|\n|t:|1699552695\n|cant|p1a: Meowscarada|frz\n|move|p2a: Porygon2|Teleport|p2a: Porygon2\n|\n|t:|1699552699\n|switch|p2a: Volcanion|Volcanion|100\/100|[from] Teleport\n|\n|upkeep\n|turn|11\n|\n|t:|1699552703\n|move|p2a: Volcanion|Flamethrower|p1a: Meowscarada\n|-supereffective|p1a: Meowscarada\n|-damage|p1a: Meowscarada|0 fnt\n|faint|p1a: Meowscarada\n|\n|-fieldend|move: Trick Room\n|upkeep\n|\n|t:|1699552707\n|switch|p1a: Latios|Latios, M|100\/100\n|turn|12\n|\n|t:|1699552715\n|switch|p2a: Porygon2|Porygon2, shiny|73\/100 brn\n|-ability|p2a: Porygon2|Download|boost\n|-boost|p2a: Porygon2|atk|1\n|move|p1a: Latios|Calm Mind|p1a: Latios\n|-boost|p1a: Latios|spa|1\n|-boost|p1a: Latios|spd|1\n|\n|-damage|p2a: Porygon2|67\/100 brn|[from] brn\n|upkeep\n|turn|13\n|\n|t:|1699552728\n|move|p1a: Latios|Dragon Pulse|p2a: Porygon2\n|-damage|p2a: Porygon2|25\/100 brn\n|-damage|p1a: Latios|91\/100|[from] item: Life Orb\n|move|p2a: Porygon2|Trick Room|p2a: Porygon2\n|-fieldstart|move: Trick Room|[of] p2a: Porygon2\n|\n|-damage|p2a: Porygon2|19\/100 brn|[from] brn\n|upkeep\n|turn|14\n|\n|t:|1699552735\n|move|p2a: Porygon2|Ice Beam|p1a: Latios\n|-supereffective|p1a: Latios\n|-damage|p1a: Latios|55\/100\n|move|p1a: Latios|Calm Mind|p1a: Latios\n|-boost|p1a: Latios|spa|1\n|-boost|p1a: Latios|spd|1\n|\n|-damage|p2a: Porygon2|13\/100 brn|[from] brn\n|upkeep\n|turn|15\n|\n|t:|1699552743\n|-terastallize|p1a: Latios|Psychic\n|move|p2a: Porygon2|Ice Beam|p1a: Latios\n|-damage|p1a: Latios|43\/100\n|move|p1a: Latios|Calm Mind|p1a: Latios\n|-boost|p1a: Latios|spa|1\n|-boost|p1a: Latios|spd|1\n|\n|-damage|p2a: Porygon2|6\/100 brn|[from] brn\n|upkeep\n|turn|16\n|\n|t:|1699552753\n|move|p1a: Latios|Dragon Pulse|p2a: Porygon2\n|-damage|p2a: Porygon2|0 fnt\n|faint|p2a: Porygon2\n|-damage|p1a: Latios|33\/100|[from] item: Life Orb\n|\n|upkeep\n|\n|t:|1699552759\n|switch|p2a: Scizor|Scizor, F, shiny|100\/100\n|turn|17\n|\n|t:|1699552765\n|detailschange|p2a: Scizor|Scizor-Mega, F, shiny\n|-mega|p2a: Scizor|Scizor|Scizorite\n|move|p2a: Scizor|Bug Bite|p1a: Latios\n|-supereffective|p1a: Latios\n|-damage|p1a: Latios|0 fnt\n|faint|p1a: Latios\n|\n|-fieldend|move: Trick Room\n|upkeep\n|\n|t:|1699552773\n|switch|p1a: Kommo-o|Kommo-o, F|100\/100\n|turn|18\n|\n|t:|1699552776\n|move|p1a: Kommo-o|Clangorous Soul|p1a: Kommo-o\n|-boost|p1a: Kommo-o|atk|1\n|-boost|p1a: Kommo-o|def|1\n|-boost|p1a: Kommo-o|spa|1\n|-boost|p1a: Kommo-o|spd|1\n|-boost|p1a: Kommo-o|spe|1\n|-damage|p1a: Kommo-o|68\/100\n|-enditem|p1a: Kommo-o|Throat Spray\n|-boost|p1a: Kommo-o|spa|1|[from] item: Throat Spray\n|move|p2a: Scizor|Dual Wingbeat|p1a: Kommo-o\n|-supereffective|p1a: Kommo-o\n|-damage|p1a: Kommo-o|38\/100\n|-supereffective|p1a: Kommo-o\n|-damage|p1a: Kommo-o|11\/100\n|-hitcount|p1a: Kommo-o|2\n|\n|upkeep\n|turn|19\n|\n|t:|1699552787\n|move|p2a: Scizor|Bullet Punch|p1a: Kommo-o\n|-damage|p1a: Kommo-o|0 fnt\n|faint|p1a: Kommo-o\n|\n|upkeep\n|\n|t:|1699552797\n|switch|p1a: Slowking|Slowking-Galar, F|81\/100\n|turn|20\n|\n|t:|1699552801\n|switch|p2a: Volcanion|Volcanion|100\/100\n|move|p1a: Slowking|Scald|p2a: Volcanion\n|-immune|p2a: Volcanion|[from] ability: Water Absorb\n|\n|upkeep\n|turn|21\n|\n|t:|1699552813\n|move|p2a: Volcanion|Will-O-Wisp|p1a: Slowking\n|-status|p1a: Slowking|brn\n|move|p1a: Slowking|Yawn|p2a: Volcanion\n|-start|p2a: Volcanion|move: Yawn|[of] p1a: Slowking\n|\n|-damage|p1a: Slowking|75\/100 brn|[from] brn\n|upkeep\n|turn|22\n|\n|t:|1699552821\n|switch|p2a: Hoopa|Hoopa-Unbound|75\/100\n|move|p1a: Slowking|Sludge Wave|p2a: Hoopa\n|-damage|p2a: Hoopa|40\/100\n|\n|-heal|p2a: Hoopa|46\/100|[from] item: Leftovers\n|-damage|p1a: Slowking|69\/100 brn|[from] brn\n|upkeep\n|turn|23\n|\n|t:|1699552826\n|move|p2a: Hoopa|Dark Pulse|p1a: Slowking\n|-supereffective|p1a: Slowking\n|-damage|p1a: Slowking|0 fnt\n|faint|p1a: Slowking\n|\n|-heal|p2a: Hoopa|52\/100|[from] item: Leftovers\n|upkeep\n|\n|t:|1699552829\n|switch|p1a: Cloyster|Cloyster, F|100\/100\n|turn|24\n|\n|t:|1699552833\n|move|p2a: Hoopa|Drain Punch|p1a: Cloyster\n|-supereffective|p1a: Cloyster\n|-damage|p1a: Cloyster|64\/100\n|-heal|p2a: Hoopa|67\/100|[from] drain|[of] p1a: Cloyster\n|move|p1a: Cloyster|Shell Smash|p1a: Cloyster\n|-unboost|p1a: Cloyster|def|1\n|-unboost|p1a: Cloyster|spd|1\n|-boost|p1a: Cloyster|atk|2\n|-boost|p1a: Cloyster|spa|2\n|-boost|p1a: Cloyster|spe|2\n|\n|-heal|p2a: Hoopa|74\/100|[from] item: Leftovers\n|upkeep\n|turn|25\n|\n|t:|1699552840\n|move|p1a: Cloyster|Ice Beam|p2a: Hoopa\n|-damage|p2a: Hoopa|13\/100\n|move|p2a: Hoopa|Drain Punch|p1a: Cloyster\n|-supereffective|p1a: Cloyster\n|-damage|p1a: Cloyster|11\/100\n|-heal|p2a: Hoopa|35\/100|[from] drain|[of] p1a: Cloyster\n|\n|-heal|p2a: Hoopa|41\/100|[from] item: Leftovers\n|upkeep\n|turn|26\n|\n|t:|1699552845\n|move|p1a: Cloyster|Ice Beam|p2a: Hoopa\n|-damage|p2a: Hoopa|0 fnt\n|faint|p2a: Hoopa\n|\n|upkeep\n|\n|t:|1699552848\n|switch|p2a: Scizor|Scizor-Mega, F, shiny|100\/100\n|turn|27\n|-message|konl forfeited.\n|\n|win|BaconG0d1\n|raw|konl's rating: 1321 &rarr; <strong>1308<\/strong><br \/>(-13 for losing)\n|raw|BaconG0d1's rating: 1457 &rarr; <strong>1470<\/strong><br \/>(+13 for winning)\n|l|\u2606konl\n|l| iluvbills\n","uploadtime":1699553064,"views":12,"p1id":"konl","p2id":"bacong0d1","formatid":"gen9nationaldex","rating":1308,"private":0,"password":""}