{"id":"gen9nationaldex-1999498821","p1":"sdsslsy","p2":"BringBackTogekiss","format":"[Gen 9] National Dex","log":"|html|<div class=\"broadcast-blue\"><strong>[Gen 9] National Dex is currently suspecting Sneasler! For information on how to participate check out the <a href=\"https:\/\/www.smogon.com\/forums\/threads\/sv-national-dex-suspect-8-just-dance.3731534\/\">suspect thread<\/a>.<\/strong><\/div>\n|j|\u2606sdsslsy\n|j|\u2606BringBackTogekiss\n|t:|1701089356\n|gametype|singles\n|player|p1|sdsslsy|ethan|1628\n|player|p2|BringBackTogekiss|cynthia-masters3|1581\n|teamsize|p1|6\n|teamsize|p2|6\n|gen|9\n|tier|[Gen 9] National Dex\n|rated|\n|rule|HP Percentage Mod: HP is shown in percentages\n|rule|Endless Battle Clause: Forcing endless battles is banned\n|rule|OHKO Clause: OHKO moves are banned\n|rule|Evasion Clause: Evasion abilities, items, and moves are banned\n|rule|Evasion Abilities Clause: Evasion abilities are banned\n|rule|Evasion Items Clause: Evasion items are banned\n|rule|Evasion Moves Clause: Evasion moves are banned\n|rule|Species Clause: Limit one of each Pok\u00e9mon\n|rule|Sleep Clause Mod: Limit one foe put to sleep\n|clearpoke\n|poke|p1|Zeraora|\n|poke|p1|Great Tusk|\n|poke|p1|Aegislash, F|\n|poke|p1|Venusaur, F|\n|poke|p1|Ribombee, M|\n|poke|p1|Manaphy|\n|poke|p2|Togekiss, M|\n|poke|p2|Hatterene, F|\n|poke|p2|Manaphy|\n|poke|p2|Ninetales-Alola, F|\n|poke|p2|Banette, F|\n|poke|p2|Great Tusk|\n|teampreview\n|inactive|Battle timer is ON: inactive players will automatically lose when time's up. (requested by sdsslsy)\n|\n|t:|1701089366\n|start\n|switch|p1a: Zeraora|Zeraora|100\/100\n|switch|p2a: Ninetales|Ninetales-Alola, F|100\/100\n|-weather|Snow|[from] ability: Snow Warning|[of] p2a: Ninetales\n|turn|1\n|\n|t:|1701089378\n|move|p1a: Zeraora|Blaze Kick|p2a: Ninetales\n|-supereffective|p2a: Ninetales\n|-damage|p2a: Ninetales|27\/100\n|move|p2a: Ninetales|Aurora Veil|p2a: Ninetales\n|-sidestart|p2: BringBackTogekiss|move: Aurora Veil\n|\n|-weather|Snow|[upkeep]\n|upkeep\n|turn|2\n|\n|t:|1701089385\n|move|p1a: Zeraora|Blaze Kick|p2a: Ninetales\n|-supereffective|p2a: Ninetales\n|-damage|p2a: Ninetales|0 fnt\n|faint|p2a: Ninetales\n|\n|-weather|Snow|[upkeep]\n|upkeep\n|\n|t:|1701089391\n|switch|p2a: Hatterene|Hatterene, F|100\/100\n|turn|3\n|\n|t:|1701089395\n|switch|p1a: Aegislash|Aegislash, F|100\/100\n|-item|p1a: Aegislash|Air Balloon\n|move|p2a: Hatterene|Calm Mind|p2a: Hatterene\n|-boost|p2a: Hatterene|spa|1\n|-boost|p2a: Hatterene|spd|1\n|\n|-weather|Snow|[upkeep]\n|upkeep\n|turn|4\n|\n|t:|1701089405\n|-formechange|p1a: Aegislash|Aegislash-Blade||[from] ability: Stance Change\n|move|p1a: Aegislash|Shadow Ball|p2a: Hatterene\n|-supereffective|p2a: Hatterene\n|-damage|p2a: Hatterene|67\/100\n|move|p2a: Hatterene|Calm Mind|p2a: Hatterene\n|-boost|p2a: Hatterene|spa|1\n|-boost|p2a: Hatterene|spd|1\n|\n|-weather|Snow|[upkeep]\n|-heal|p2a: Hatterene|73\/100|[from] item: Leftovers\n|upkeep\n|turn|5\n|\n|t:|1701089416\n|move|p1a: Aegislash|Shadow Sneak|p2a: Hatterene\n|-supereffective|p2a: Hatterene\n|-damage|p2a: Hatterene|58\/100\n|move|p2a: Hatterene|Nuzzle|p1a: Aegislash\n|-damage|p1a: Aegislash|93\/100\n|-status|p1a: Aegislash|par\n|-enditem|p1a: Aegislash|Air Balloon\n|\n|-weather|none\n|-heal|p2a: Hatterene|64\/100|[from] item: Leftovers\n|upkeep\n|turn|6\n|\n|t:|1701089431\n|-formechange|p1a: Aegislash|Aegislash||[from] ability: Stance Change\n|move|p1a: Aegislash|King's Shield|p1a: Aegislash\n|-singleturn|p1a: Aegislash|Protect\n|move|p2a: Hatterene|Mystical Fire|p1a: Aegislash\n|-activate|p1a: Aegislash|move: Protect\n|\n|-heal|p2a: Hatterene|70\/100|[from] item: Leftovers\n|upkeep\n|turn|7\n|\n|t:|1701089443\n|move|p2a: Hatterene|Draining Kiss|p1a: Aegislash\n|-resisted|p1a: Aegislash\n|-damage|p1a: Aegislash|76\/100 par\n|-heal|p2a: Hatterene|84\/100|[from] drain|[of] p1a: Aegislash\n|cant|p1a: Aegislash|par\n|\n|-heal|p2a: Hatterene|90\/100|[from] item: Leftovers\n|upkeep\n|turn|8\n|\n|t:|1701089452\n|move|p2a: Hatterene|Calm Mind|p2a: Hatterene\n|-boost|p2a: Hatterene|spa|1\n|-boost|p2a: Hatterene|spd|1\n|-formechange|p1a: Aegislash|Aegislash-Blade||[from] ability: Stance Change\n|move|p1a: Aegislash|Shadow Ball|p2a: Hatterene\n|-supereffective|p2a: Hatterene\n|-damage|p2a: Hatterene|70\/100\n|\n|-heal|p2a: Hatterene|76\/100|[from] item: Leftovers\n|-sideend|p2: BringBackTogekiss|move: Aurora Veil\n|upkeep\n|turn|9\n|\n|t:|1701089463\n|move|p1a: Aegislash|Shadow Sneak|p2a: Hatterene\n|-supereffective|p2a: Hatterene\n|-damage|p2a: Hatterene|45\/100\n|move|p2a: Hatterene|Mystical Fire|p1a: Aegislash\n|-supereffective|p1a: Aegislash\n|-damage|p1a: Aegislash|0 fnt\n|faint|p1a: Aegislash\n|\n|-heal|p2a: Hatterene|51\/100|[from] item: Leftovers\n|upkeep\n|\n|t:|1701089466\n|switch|p1a: Zeraora|Zeraora|100\/100\n|turn|10\n|\n|t:|1701089473\n|-terastallize|p1a: Zeraora|Electric\n|move|p1a: Zeraora|Plasma Fists|p2a: Hatterene\n|-damage|p2a: Hatterene|0 fnt\n|-fieldactivate|move: Ion Deluge\n|-hint|Normal-type moves become Electric-type after using Plasma Fists.\n|faint|p2a: Hatterene\n|\n|upkeep\n|\n|t:|1701089480\n|switch|p2a: Great Tusk|Great Tusk|100\/100\n|turn|11\n|\n|t:|1701089489\n|switch|p1a: Venusaur|Venusaur, F|100\/100\n|move|p2a: Great Tusk|Rapid Spin|p1a: Venusaur\n|-damage|p1a: Venusaur|89\/100\n|-boost|p2a: Great Tusk|spe|1\n|\n|upkeep\n|turn|12\n|\n|t:|1701089499\n|detailschange|p1a: Venusaur|Venusaur-Mega, F\n|-mega|p1a: Venusaur|Venusaur|Venusaurite\n|-terastallize|p2a: Great Tusk|Steel\n|move|p2a: Great Tusk|Bulk Up|p2a: Great Tusk\n|-boost|p2a: Great Tusk|atk|1\n|-boost|p2a: Great Tusk|def|1\n|move|p1a: Venusaur|Giga Drain|p2a: Great Tusk\n|-resisted|p2a: Great Tusk\n|-damage|p2a: Great Tusk|82\/100\n|-heal|p1a: Venusaur|99\/100|[from] drain|[of] p2a: Great Tusk\n|\n|-heal|p2a: Great Tusk|88\/100|[from] item: Leftovers\n|upkeep\n|turn|13\n|\n|t:|1701089510\n|move|p2a: Great Tusk|Bulk Up|p2a: Great Tusk\n|-boost|p2a: Great Tusk|atk|1\n|-boost|p2a: Great Tusk|def|1\n|move|p1a: Venusaur|Earth Power|p2a: Great Tusk\n|-supereffective|p2a: Great Tusk\n|-damage|p2a: Great Tusk|27\/100\n|\n|-heal|p2a: Great Tusk|33\/100|[from] item: Leftovers\n|upkeep\n|turn|14\n|\n|t:|1701089520\n|move|p2a: Great Tusk|Headlong Rush|p1a: Venusaur\n|-damage|p1a: Venusaur|31\/100\n|-unboost|p2a: Great Tusk|def|1\n|-unboost|p2a: Great Tusk|spd|1\n|move|p1a: Venusaur|Earth Power|p2a: Great Tusk\n|-supereffective|p2a: Great Tusk\n|-damage|p2a: Great Tusk|0 fnt\n|faint|p2a: Great Tusk\n|-end|p2a: Great Tusk|Protosynthesis|[silent]\n|\n|upkeep\n|\n|t:|1701089528\n|switch|p2a: Togekiss|Togekiss, M|100\/100\n|turn|15\n|\n|t:|1701089538\n|move|p2a: Togekiss|Substitute|p2a: Togekiss\n|-start|p2a: Togekiss|Substitute\n|-damage|p2a: Togekiss|76\/100\n|move|p1a: Venusaur|Sludge Bomb|p2a: Togekiss\n|-supereffective|p2a: Togekiss\n|-end|p2a: Togekiss|Substitute\n|\n|-heal|p2a: Togekiss|82\/100|[from] item: Leftovers\n|upkeep\n|turn|16\n|\n|t:|1701089546\n|move|p2a: Togekiss|Air Slash|p1a: Venusaur\n|-supereffective|p1a: Venusaur\n|-damage|p1a: Venusaur|0 fnt\n|faint|p1a: Venusaur\n|\n|-heal|p2a: Togekiss|88\/100|[from] item: Leftovers\n|upkeep\n|\n|t:|1701089548\n|switch|p1a: Zeraora|Zeraora, tera:Electric|100\/100\n|turn|17\n|\n|t:|1701089555\n|move|p1a: Zeraora|Plasma Fists|p2a: Togekiss\n|-supereffective|p2a: Togekiss\n|-damage|p2a: Togekiss|0 fnt\n|-fieldactivate|move: Ion Deluge\n|-hint|Normal-type moves become Electric-type after using Plasma Fists.\n|faint|p2a: Togekiss\n|\n|upkeep\n|\n|t:|1701089561\n|switch|p2a: Banette|Banette, F|100\/100\n|turn|18\n|\n|t:|1701089565\n|switch|p1a: Ribombee|Ribombee, M|100\/100\n|detailschange|p2a: Banette|Banette-Mega, F\n|-mega|p2a: Banette|Banette|Banettite\n|move|p2a: Banette|Destiny Bond|p2a: Banette\n|-singlemove|p2a: Banette|Destiny Bond\n|\n|upkeep\n|turn|19\n|\n|t:|1701089572\n|move|p2a: Banette|Swords Dance|p2a: Banette\n|-boost|p2a: Banette|atk|2\n|move|p1a: Ribombee|Moonblast|p2a: Banette\n|-damage|p2a: Banette|49\/100\n|-unboost|p2a: Banette|spa|1\n|\n|upkeep\n|turn|20\n|\n|t:|1701089583\n|move|p2a: Banette|Destiny Bond|p2a: Banette\n|-singlemove|p2a: Banette|Destiny Bond\n|move|p1a: Ribombee|Moonblast|p2a: Banette\n|-damage|p2a: Banette|0 fnt\n|faint|p2a: Banette\n|-activate|p2a: Banette|move: Destiny Bond\n|faint|p1a: Ribombee\n|\n|upkeep\n|\n|t:|1701089591\n|switch|p1a: Zeraora|Zeraora, tera:Electric|100\/100\n|switch|p2a: Manaphy|Manaphy|100\/100\n|turn|21\n|-message|BringBackTogekiss forfeited.\n|\n|win|sdsslsy\n|raw|sdsslsy's rating: 1628 &rarr; <strong>1645<\/strong><br \/>(+17 for winning)\n|raw|BringBackTogekiss's rating: 1581 &rarr; <strong>1564<\/strong><br \/>(-17 for losing)\n|l|\u2606BringBackTogekiss\n","uploadtime":1701089600,"views":8,"p1id":"sdsslsy","p2id":"bringbacktogekiss","formatid":"gen9nationaldex","rating":1564,"private":0,"password":""}