{"id":"gen9nationaldex-1993899589","p1":"Spiderki","p2":"ohiomoment1","format":"[Gen 9] National Dex","log":"|j|\u2606Spiderki\n|j|\u2606ohiomoment1\n|t:|1700372193\n|gametype|singles\n|player|p1|Spiderki|ethan|\n|player|p2|ohiomoment1|2|\n|teamsize|p1|6\n|teamsize|p2|6\n|gen|9\n|tier|[Gen 9] National Dex\n|rule|HP Percentage Mod: HP is shown in percentages\n|rule|Endless Battle Clause: Forcing endless battles is banned\n|rule|OHKO Clause: OHKO moves are banned\n|rule|Evasion Clause: Evasion abilities, items, and moves are banned\n|rule|Evasion Abilities Clause: Evasion abilities are banned\n|rule|Evasion Items Clause: Evasion items are banned\n|rule|Evasion Moves Clause: Evasion moves are banned\n|rule|Species Clause: Limit one of each Pok\u00e9mon\n|rule|Sleep Clause Mod: Limit one foe put to sleep\n|clearpoke\n|poke|p1|Pawmot, M|\n|poke|p1|Furfrou, F|\n|poke|p1|Flygon, M|\n|poke|p1|Carracosta, M|\n|poke|p1|Cobalion|\n|poke|p1|Araquanid, M|\n|poke|p2|Steelix, F|\n|poke|p2|Beedrill, F|\n|poke|p2|Exploud, F|\n|poke|p2|Scrafty, M|\n|poke|p2|Hypno, F|\n|poke|p2|Omastar, F|\n|teampreview\n|j| DragonSlayer103\n|inactive|Battle timer is ON: inactive players will automatically lose when time's up. (requested by Spiderki)\n|inactiveoff|Battle timer is now OFF.\n|j| Dekugon\n|inactive|Battle timer is ON: inactive players will automatically lose when time's up. (requested by Spiderki)\n|\n|t:|1700372297\n|start\n|switch|p1a: Carracosta|Carracosta, M|100\/100\n|switch|p2a: Scrafty|Scrafty, M|100\/100\n|turn|1\n|inactive|ohiomoment1 has 270 seconds left.\n|\n|t:|1700372322\n|-terastallize|p1a: Carracosta|Fighting\n|move|p2a: Scrafty|Fake Out|p1a: Carracosta\n|-damage|p1a: Carracosta|93\/100\n|cant|p1a: Carracosta|flinch\n|\n|upkeep\n|turn|2\n|inactive|ohiomoment1 has 270 seconds left.\n|\n|t:|1700372352\n|switch|p2a: Hypno|Hypno, F|100\/100\n|move|p1a: Carracosta|Shell Smash|p1a: Carracosta\n|-unboost|p1a: Carracosta|def|1\n|-unboost|p1a: Carracosta|spd|1\n|-boost|p1a: Carracosta|atk|2\n|-boost|p1a: Carracosta|spa|2\n|-boost|p1a: Carracosta|spe|2\n|-enditem|p1a: Carracosta|White Herb\n|-clearnegativeboost|p1a: Carracosta|[silent]\n|\n|upkeep\n|turn|3\n|inactive|ohiomoment1 has 240 seconds left.\n|\n|t:|1700372368\n|move|p2a: Hypno|Protect|p2a: Hypno\n|-singleturn|p2a: Hypno|Protect\n|move|p1a: Carracosta|Stone Edge|p2a: Hypno\n|-activate|p2a: Hypno|move: Protect\n|\n|upkeep\n|turn|4\n|inactive|ohiomoment1 has 240 seconds left.\n|\n|t:|1700372398\n|switch|p2a: Steelix|Steelix, F|100\/100\n|move|p1a: Carracosta|Stone Edge|p2a: Steelix\n|-resisted|p2a: Steelix\n|-crit|p2a: Steelix\n|-damage|p2a: Steelix|80\/100\n|\n|upkeep\n|turn|5\n|c|\u2606Spiderki|HURRY\n|\n|t:|1700372417\n|move|p1a: Carracosta|Aqua Jet|p2a: Steelix\n|-supereffective|p2a: Steelix\n|-damage|p2a: Steelix|39\/100\n|move|p2a: Steelix|Gyro Ball|p1a: Carracosta\n|-damage|p1a: Carracosta|36\/100\n|\n|upkeep\n|turn|6\n|inactive|ohiomoment1 has 210 seconds left.\n|\n|t:|1700372435\n|switch|p2a: Omastar|Omastar, F|100\/100\n|move|p1a: Carracosta|Aqua Jet|p2a: Omastar\n|-damage|p2a: Omastar|63\/100\n|-ability|p2a: Omastar|Weak Armor|boost\n|-unboost|p2a: Omastar|def|1\n|-boost|p2a: Omastar|spe|2\n|-enditem|p2a: Omastar|White Herb\n|-clearnegativeboost|p2a: Omastar|[silent]\n|\n|upkeep\n|turn|7\n|inactive|ohiomoment1 has 210 seconds left.\n|\n|t:|1700372469\n|move|p2a: Omastar|Hydro Pump|p1a: Carracosta\n|-damage|p1a: Carracosta|0 fnt\n|faint|p1a: Carracosta\n|\n|upkeep\n|\n|t:|1700372474\n|switch|p1a: Cobalion|Cobalion|100\/100\n|turn|8\n|\n|t:|1700372496\n|move|p2a: Omastar|Hydro Pump|p1a: Cobalion\n|-damage|p1a: Cobalion|9\/100\n|move|p1a: Cobalion|Close Combat|p2a: Omastar\n|-supereffective|p2a: Omastar\n|-damage|p2a: Omastar|0 fnt\n|-unboost|p1a: Cobalion|def|1\n|-unboost|p1a: Cobalion|spd|1\n|faint|p2a: Omastar\n|\n|upkeep\n|inactive|ohiomoment1 has 180 seconds left.\n|\n|t:|1700372510\n|switch|p2a: Beedrill|Beedrill, F|100\/100\n|turn|9\n|inactive|ohiomoment1 has 180 seconds left.\n|\n|t:|1700372526\n|move|p1a: Cobalion|Swords Dance|p1a: Cobalion\n|-boost|p1a: Cobalion|atk|2\n|move|p2a: Beedrill|U-turn|p1a: Cobalion\n|-resisted|p1a: Cobalion\n|-damage|p1a: Cobalion|0 fnt\n|faint|p1a: Cobalion\n|inactive|ohiomoment1 has 180 seconds left.\n|\n|t:|1700372541\n|switch|p2a: Hypno|Hypno, F|100\/100|[from] U-turn\n|\n|upkeep\n|\n|t:|1700372547\n|switch|p1a: Araquanid|Araquanid, M, shiny|100\/100\n|turn|10\n|inactive|ohiomoment1 has 180 seconds left.\n|\n|t:|1700372558\n|move|p2a: Hypno|Protect|p2a: Hypno\n|-singleturn|p2a: Hypno|Protect\n|move|p1a: Araquanid|Leech Life|p2a: Hypno\n|-activate|p2a: Hypno|move: Protect\n|\n|upkeep\n|turn|11\n|inactive|ohiomoment1 has 180 seconds left.\n|\n|t:|1700372581\n|switch|p2a: Steelix|Steelix, F|39\/100\n|move|p1a: Araquanid|Leech Life|p2a: Steelix\n|-resisted|p2a: Steelix\n|-damage|p2a: Steelix|34\/100\n|\n|upkeep\n|turn|12\n|\n|t:|1700372591\n|move|p1a: Araquanid|Liquidation|p2a: Steelix\n|-supereffective|p2a: Steelix\n|-damage|p2a: Steelix|0 fnt\n|faint|p2a: Steelix\n|\n|upkeep\n|inactive|ohiomoment1 has 150 seconds left.\n|\n|t:|1700372618\n|switch|p2a: Exploud|Exploud, F|100\/100\n|turn|13\n|\n|t:|1700372626\n|move|p2a: Exploud|Boomburst|p1a: Araquanid\n|-damage|p1a: Araquanid|51\/100\n|move|p1a: Araquanid|Toxic|p2a: Exploud\n|-status|p2a: Exploud|tox\n|\n|-heal|p1a: Araquanid|57\/100|[from] item: Leftovers\n|-damage|p2a: Exploud|94\/100 tox|[from] psn\n|upkeep\n|turn|14\n|\n|t:|1700372643\n|move|p2a: Exploud|Boomburst|p1a: Araquanid\n|-damage|p1a: Araquanid|9\/100\n|move|p1a: Araquanid|Liquidation|p2a: Exploud\n|-damage|p2a: Exploud|37\/100 tox\n|\n|-heal|p1a: Araquanid|15\/100|[from] item: Leftovers\n|-damage|p2a: Exploud|25\/100 tox|[from] psn\n|upkeep\n|turn|15\n|\n|t:|1700372651\n|move|p1a: Araquanid|Protect|p1a: Araquanid\n|-singleturn|p1a: Araquanid|Protect\n|move|p2a: Exploud|Boomburst|p1a: Araquanid\n|-activate|p1a: Araquanid|move: Protect\n|\n|-heal|p1a: Araquanid|21\/100|[from] item: Leftovers\n|-damage|p2a: Exploud|7\/100 tox|[from] psn\n|upkeep\n|turn|16\n|\n|t:|1700372662\n|move|p1a: Araquanid|Protect||[still]\n|-fail|p1a: Araquanid\n|move|p2a: Exploud|Boomburst|p1a: Araquanid\n|-damage|p1a: Araquanid|0 fnt\n|faint|p1a: Araquanid\n|\n|-damage|p2a: Exploud|0 fnt|[from] psn\n|faint|p2a: Exploud\n|upkeep\n|\n|t:|1700372675\n|switch|p2a: Beedrill|Beedrill, F|100\/100\n|switch|p1a: Furfrou|Furfrou, F, shiny|100\/100\n|turn|17\n|\n|t:|1700372695\n|detailschange|p2a: Beedrill|Beedrill-Mega, F\n|-mega|p2a: Beedrill|Beedrill|Beedrillite\n|move|p2a: Beedrill|U-turn|p1a: Furfrou\n|-damage|p1a: Furfrou|54\/100\n|inactive|ohiomoment1 has 150 seconds left.\n|\n|t:|1700372717\n|switch|p2a: Hypno|Hypno, F|100\/100|[from] U-turn\n|move|p1a: Furfrou|Thunder Wave|p2a: Hypno\n|-status|p2a: Hypno|par\n|\n|-heal|p1a: Furfrou|61\/100|[from] item: Leftovers\n|upkeep\n|turn|18\n|\n|t:|1700372726\n|move|p1a: Furfrou|U-turn|p2a: Hypno\n|-supereffective|p2a: Hypno\n|-damage|p2a: Hypno|54\/100 par\n|\n|t:|1700372729\n|switch|p1a: Pawmot|Pawmot, M|100\/100|[from] U-turn\n|move|p2a: Hypno|Taunt|p1a: Pawmot\n|-start|p1a: Pawmot|move: Taunt\n|\n|-heal|p2a: Hypno|61\/100 par|[from] item: Leftovers\n|upkeep\n|turn|19\n|inactive|ohiomoment1 has 150 seconds left.\n|\n|t:|1700372754\n|move|p1a: Pawmot|Tera Blast|p2a: Hypno\n|-damage|p2a: Hypno|52\/100 par\n|cant|p2a: Hypno|par\n|\n|-heal|p2a: Hypno|58\/100 par|[from] item: Leftovers\n|upkeep\n|turn|20\n|\n|t:|1700372763\n|move|p1a: Pawmot|Tera Blast|p2a: Hypno\n|-damage|p2a: Hypno|50\/100 par\n|cant|p2a: Hypno|par\n|\n|-heal|p2a: Hypno|57\/100 par|[from] item: Leftovers\n|-end|p1a: Pawmot|move: Taunt\n|upkeep\n|turn|21\n|\n|t:|1700372770\n|move|p1a: Pawmot|Revival Blessing|p1a: Pawmot\n|\n|t:|1700372780\n|-heal|p1: Araquanid|50\/100|[from] move: Revival Blessing\n|cant|p2a: Hypno|par\n|\n|-heal|p2a: Hypno|63\/100 par|[from] item: Leftovers\n|upkeep\n|turn|22\n|\n|t:|1700372799\n|switch|p1a: Araquanid|Araquanid, M, shiny|50\/100\n|move|p2a: Hypno|Wish|p2a: Hypno\n|\n|-heal|p1a: Araquanid|57\/100|[from] item: Leftovers\n|-heal|p2a: Hypno|69\/100 par|[from] item: Leftovers\n|upkeep\n|turn|23\n|inactive|ohiomoment1 has 150 seconds left.\n|\n|t:|1700372831\n|move|p2a: Hypno|Protect|p2a: Hypno\n|-singleturn|p2a: Hypno|Protect\n|move|p1a: Araquanid|Leech Life|p2a: Hypno\n|-activate|p2a: Hypno|move: Protect\n|\n|-heal|p2a: Hypno|100\/100 par|[from] move: Wish|[wisher] Hypno\n|-heal|p1a: Araquanid|63\/100|[from] item: Leftovers\n|upkeep\n|turn|24\n|\n|t:|1700372857\n|move|p1a: Araquanid|Leech Life|p2a: Hypno\n|-supereffective|p2a: Hypno\n|-damage|p2a: Hypno|54\/100 par\n|-heal|p1a: Araquanid|88\/100|[from] drain|[of] p2a: Hypno\n|move|p2a: Hypno|Wish|p2a: Hypno\n|\n|-heal|p1a: Araquanid|95\/100|[from] item: Leftovers\n|-heal|p2a: Hypno|60\/100 par|[from] item: Leftovers\n|upkeep\n|turn|25\n|inactive|ohiomoment1 has 120 seconds left.\n|\n|t:|1700372876\n|switch|p2a: Beedrill|Beedrill-Mega, F|100\/100\n|move|p1a: Araquanid|Leech Life|p2a: Beedrill\n|-resisted|p2a: Beedrill\n|-damage|p2a: Beedrill|74\/100\n|-heal|p1a: Araquanid|100\/100|[from] drain|[of] p2a: Beedrill\n|\n|-heal|p2a: Beedrill|100\/100|[from] move: Wish|[wisher] Hypno\n|upkeep\n|turn|26\n|inactive|ohiomoment1 has 120 seconds left.\n|inactive|ohiomoment1 has 90 seconds left.\n|\n|t:|1700372920\n|move|p2a: Beedrill|U-turn|p1a: Araquanid\n|-damage|p1a: Araquanid|42\/100\n|\n|t:|1700372923\n|switch|p2a: Hypno|Hypno, F|60\/100 par|[from] U-turn\n|move|p1a: Araquanid|Liquidation|p2a: Hypno\n|-damage|p2a: Hypno|9\/100 par\n|-unboost|p2a: Hypno|def|1\n|\n|-heal|p1a: Araquanid|48\/100|[from] item: Leftovers\n|-heal|p2a: Hypno|15\/100 par|[from] item: Leftovers\n|upkeep\n|turn|27\n|\n|t:|1700372936\n|move|p2a: Hypno|Protect|p2a: Hypno\n|-singleturn|p2a: Hypno|Protect\n|move|p1a: Araquanid|Leech Life|p2a: Hypno\n|-activate|p2a: Hypno|move: Protect\n|\n|-heal|p1a: Araquanid|54\/100|[from] item: Leftovers\n|-heal|p2a: Hypno|21\/100 par|[from] item: Leftovers\n|upkeep\n|turn|28\n|\n|t:|1700372946\n|move|p1a: Araquanid|Leech Life|p2a: Hypno\n|-supereffective|p2a: Hypno\n|-damage|p2a: Hypno|0 fnt\n|-heal|p1a: Araquanid|65\/100|[from] drain|[of] p2a: Hypno\n|faint|p2a: Hypno\n|\n|-heal|p1a: Araquanid|72\/100|[from] item: Leftovers\n|upkeep\n|\n|t:|1700372960\n|switch|p2a: Beedrill|Beedrill-Mega, F|100\/100\n|turn|29\n|\n|t:|1700372972\n|move|p2a: Beedrill|X-Scissor|p1a: Araquanid\n|-damage|p1a: Araquanid|8\/100\n|move|p1a: Araquanid|Liquidation|p2a: Beedrill\n|-damage|p2a: Beedrill|0 fnt\n|faint|p2a: Beedrill\n|\n|-heal|p1a: Araquanid|14\/100|[from] item: Leftovers\n|upkeep\n|\n|t:|1700372979\n|switch|p2a: Scrafty|Scrafty, M|100\/100\n|turn|30\n|\n|t:|1700372988\n|-terastallize|p2a: Scrafty|Fighting\n|move|p2a: Scrafty|Fake Out|p1a: Araquanid\n|-damage|p1a: Araquanid|4\/100\n|cant|p1a: Araquanid|flinch\n|\n|-heal|p1a: Araquanid|10\/100|[from] item: Leftovers\n|upkeep\n|turn|31\n|\n|t:|1700372998\n|move|p2a: Scrafty|Drain Punch|p1a: Araquanid\n|-resisted|p1a: Araquanid\n|-damage|p1a: Araquanid|0 fnt\n|faint|p1a: Araquanid\n|-ability|p2a: Scrafty|Moxie|boost\n|-boost|p2a: Scrafty|atk|1\n|\n|upkeep\n|\n|t:|1700373002\n|switch|p1a: Pawmot|Pawmot, M|100\/100\n|turn|32\n|inactive|ohiomoment1 has 120 seconds left.\n|c| DragonSlayer103|Nah I win\n|inactive|ohiomoment1 has 90 seconds left.\n|\n|t:|1700373043\n|move|p1a: Pawmot|Nuzzle|p2a: Scrafty\n|-damage|p2a: Scrafty|93\/100\n|-status|p2a: Scrafty|par\n|move|p2a: Scrafty|Bulk Up|p2a: Scrafty\n|-boost|p2a: Scrafty|atk|1\n|-boost|p2a: Scrafty|def|1\n|\n|-heal|p2a: Scrafty|99\/100 par|[from] item: Leftovers\n|upkeep\n|turn|33\n|inactive|ohiomoment1 has 90 seconds left.\n|\n|t:|1700373054\n|switch|p1a: Flygon|Flygon, M|100\/100\n|move|p2a: Scrafty|Drain Punch|p1a: Flygon\n|-damage|p1a: Flygon|21\/100\n|-heal|p2a: Scrafty|100\/100 par|[from] drain|[of] p1a: Flygon\n|\n|upkeep\n|turn|34\n|inactive|ohiomoment1 has 90 seconds left.\n|\n|t:|1700373062\n|move|p1a: Flygon|Earthquake|p2a: Scrafty\n|-damage|p2a: Scrafty|75\/100 par\n|move|p2a: Scrafty|Drain Punch|p1a: Flygon\n|-damage|p1a: Flygon|0 fnt\n|-heal|p2a: Scrafty|85\/100 par|[from] drain|[of] p1a: Flygon\n|faint|p1a: Flygon\n|-ability|p2a: Scrafty|Moxie|boost\n|-boost|p2a: Scrafty|atk|1\n|\n|-heal|p2a: Scrafty|91\/100 par|[from] item: Leftovers\n|upkeep\n|\n|t:|1700373065\n|switch|p1a: Furfrou|Furfrou, F, shiny|61\/100\n|turn|35\n|\n|t:|1700373073\n|move|p1a: Furfrou|Return|p2a: Scrafty\n|-damage|p2a: Scrafty|66\/100 par\n|move|p2a: Scrafty|Drain Punch|p1a: Furfrou\n|-supereffective|p1a: Furfrou\n|-crit|p1a: Furfrou\n|-damage|p1a: Furfrou|0 fnt\n|-heal|p2a: Scrafty|92\/100 par|[from] drain|[of] p1a: Furfrou\n|faint|p1a: Furfrou\n|-ability|p2a: Scrafty|Moxie|boost\n|-boost|p2a: Scrafty|atk|1\n|\n|-heal|p2a: Scrafty|98\/100 par|[from] item: Leftovers\n|upkeep\n|\n|t:|1700373076\n|switch|p1a: Pawmot|Pawmot, M|100\/100\n|turn|36\n|\n|t:|1700373093\n|move|p1a: Pawmot|Substitute|p1a: Pawmot\n|-start|p1a: Pawmot|Substitute\n|-damage|p1a: Pawmot|76\/100\n|move|p2a: Scrafty|Drain Punch|p1a: Pawmot\n|-end|p1a: Pawmot|Substitute\n|-heal|p2a: Scrafty|100\/100 par|[from] drain|[of] p1a: Pawmot\n|\n|upkeep\n|turn|37\n|\n|t:|1700373104\n|move|p1a: Pawmot|Tera Blast|p2a: Scrafty\n|-damage|p2a: Scrafty|91\/100 par\n|move|p2a: Scrafty|Drain Punch|p1a: Pawmot\n|-damage|p1a: Pawmot|0 fnt\n|-heal|p2a: Scrafty|100\/100 par|[from] drain|[of] p1a: Pawmot\n|faint|p1a: Pawmot\n|\n|win|ohiomoment1\n","uploadtime":1700373114,"views":19,"p1id":"spiderki","p2id":"ohiomoment1","formatid":"gen9nationaldex","rating":0,"private":0,"password":""}