{"id":"gen9nationaldex-1995795375","p1":"TexanFarmersMarket","p2":"kingcow_thegoat","format":"[Gen 9] National Dex","log":"|html|<div class=\"broadcast-blue\"><strong>[Gen 9] National Dex is currently suspecting Sneasler! For information on how to participate check out the <a href=\"https:\/\/www.smogon.com\/forums\/threads\/sv-national-dex-suspect-8-just-dance.3731534\/\">suspect thread<\/a>.<\/strong><\/div>\n|j|\u2606TexanFarmersMarket\n|j|\u2606kingcow_thegoat\n|t:|1700603912\n|gametype|singles\n|player|p1|TexanFarmersMarket|gambler|\n|player|p2|kingcow_thegoat|266|\n|teamsize|p1|6\n|teamsize|p2|6\n|gen|9\n|tier|[Gen 9] National Dex\n|rule|HP Percentage Mod: HP is shown in percentages\n|rule|Endless Battle Clause: Forcing endless battles is banned\n|rule|OHKO Clause: OHKO moves are banned\n|rule|Evasion Clause: Evasion abilities, items, and moves are banned\n|rule|Evasion Abilities Clause: Evasion abilities are banned\n|rule|Evasion Items Clause: Evasion items are banned\n|rule|Evasion Moves Clause: Evasion moves are banned\n|rule|Species Clause: Limit one of each Pok\u00e9mon\n|rule|Sleep Clause Mod: Limit one foe put to sleep\n|clearpoke\n|poke|p1|Farigiraf, M|\n|poke|p1|Ditto|\n|poke|p1|Swellow, F|\n|poke|p1|Ursaluna, M|\n|poke|p1|Zoroark-Hisui, F|\n|poke|p1|Lopunny, F|\n|poke|p2|Tapu Bulu|\n|poke|p2|Sneasler, M|\n|poke|p2|Milotic, F|\n|poke|p2|Ninetales-Alola, F|\n|poke|p2|Toxapex, F|\n|poke|p2|Lopunny, F|\n|teampreview\n|inactive|Battle timer is ON: inactive players will automatically lose when time's up. (requested by TexanFarmersMarket)\n|\n|t:|1700603920\n|start\n|switch|p1a: Lopunny|Lopunny, F|100\/100\n|switch|p2a: Tapu Bulu|Tapu Bulu|100\/100\n|-fieldstart|move: Grassy Terrain|[from] ability: Grassy Surge|[of] p2a: Tapu Bulu\n|turn|1\n|\n|t:|1700603927\n|move|p1a: Lopunny|Taunt|p2a: Tapu Bulu\n|-start|p2a: Tapu Bulu|move: Taunt\n|move|p2a: Tapu Bulu|Horn Leech|p1a: Lopunny\n|-damage|p1a: Lopunny|0 fnt\n|replace|p1a: Zoroark|Zoroark-Hisui, F\n|-end|p1a: Zoroark|Illusion\n|faint|p1a: Zoroark\n|\n|upkeep\n|\n|t:|1700603934\n|switch|p1a: Ditto|Ditto|100\/100\n|-transform|p1a: Ditto|p2a: Tapu Bulu|[from] ability: Imposter\n|turn|2\n|\n|t:|1700603945\n|switch|p2a: Ninetales|Ninetales-Alola, F|100\/100\n|-weather|Snow|[from] ability: Snow Warning|[of] p2a: Ninetales\n|move|p1a: Ditto|Megahorn|p2a: Ninetales\n|-resisted|p2a: Ninetales\n|-damage|p2a: Ninetales|79\/100\n|\n|-weather|Snow|[upkeep]\n|-heal|p2a: Ninetales|84\/100|[from] Grassy Terrain\n|upkeep\n|turn|3\n|\n|t:|1700603951\n|switch|p1a: Farigiraf|Farigiraf, M|100\/100\n|move|p2a: Ninetales|Aurora Veil|p2a: Ninetales\n|-sidestart|p2: kingcow_thegoat|move: Aurora Veil\n|\n|-weather|Snow|[upkeep]\n|-heal|p2a: Ninetales|90\/100|[from] Grassy Terrain\n|upkeep\n|turn|4\n|\n|t:|1700603955\n|move|p2a: Ninetales|Nasty Plot|p2a: Ninetales\n|-boost|p2a: Ninetales|spa|2\n|move|p1a: Farigiraf|Calm Mind|p1a: Farigiraf\n|-boost|p1a: Farigiraf|spa|1\n|-boost|p1a: Farigiraf|spd|1\n|\n|-weather|Snow|[upkeep]\n|-heal|p2a: Ninetales|96\/100|[from] Grassy Terrain\n|upkeep\n|turn|5\n|\n|t:|1700603961\n|move|p2a: Ninetales|Blizzard|p1a: Farigiraf\n|-damage|p1a: Farigiraf|46\/100\n|-enditem|p1a: Farigiraf|Sitrus Berry|[eat]\n|-heal|p1a: Farigiraf|71\/100|[from] item: Sitrus Berry\n|move|p1a: Farigiraf|Calm Mind|p1a: Farigiraf\n|-boost|p1a: Farigiraf|spa|1\n|-boost|p1a: Farigiraf|spd|1\n|\n|-weather|Snow|[upkeep]\n|-heal|p2a: Ninetales|100\/100|[from] Grassy Terrain\n|-heal|p1a: Farigiraf|77\/100|[from] Grassy Terrain\n|-fieldend|move: Grassy Terrain\n|upkeep\n|turn|6\n|\n|t:|1700603968\n|move|p2a: Ninetales|Nasty Plot|p2a: Ninetales\n|-boost|p2a: Ninetales|spa|2\n|move|p1a: Farigiraf|Psychic|p2a: Ninetales\n|-damage|p2a: Ninetales|45\/100\n|\n|-weather|Snow|[upkeep]\n|-activate|p1a: Farigiraf|ability: Cud Chew\n|-enditem|p1a: Farigiraf|Sitrus Berry|[eat]\n|-heal|p1a: Farigiraf|100\/100|[from] item: Sitrus Berry\n|upkeep\n|turn|7\n|\n|t:|1700603973\n|move|p2a: Ninetales|Blizzard|p1a: Farigiraf\n|-damage|p1a: Farigiraf|37\/100\n|move|p1a: Farigiraf|Psychic|p2a: Ninetales\n|-damage|p2a: Ninetales|0 fnt\n|faint|p2a: Ninetales\n|\n|-weather|Snow|[upkeep]\n|-sideend|p2: kingcow_thegoat|move: Aurora Veil\n|upkeep\n|\n|t:|1700603986\n|switch|p2a: Lopunny|Lopunny, F|100\/100\n|turn|8\n|\n|t:|1700603992\n|move|p2a: Lopunny|Fake Out|p1a: Farigiraf\n|-damage|p1a: Farigiraf|22\/100\n|cant|p1a: Farigiraf|flinch\n|\n|-weather|Snow|[upkeep]\n|upkeep\n|turn|9\n|\n|t:|1700603996\n|detailschange|p2a: Lopunny|Lopunny-Mega, F\n|-mega|p2a: Lopunny|Lopunny|Lopunnite\n|move|p2a: Lopunny|Return|p1a: Farigiraf\n|-damage|p1a: Farigiraf|0 fnt\n|faint|p1a: Farigiraf\n|\n|-weather|none\n|upkeep\n|\n|t:|1700603997\n|switch|p1a: Ditto|Ditto|100\/100\n|-transform|p1a: Ditto|p2a: Lopunny|[from] ability: Imposter\n|turn|10\n|\n|t:|1700604004\n|switch|p2a: Toxapex|Toxapex, F|100\/100\n|move|p1a: Ditto|Close Combat|p2a: Toxapex\n|-resisted|p2a: Toxapex\n|-damage|p2a: Toxapex|81\/100\n|-unboost|p1a: Ditto|def|1\n|-unboost|p1a: Ditto|spd|1\n|\n|-heal|p2a: Toxapex|88\/100|[from] item: Leftovers\n|upkeep\n|turn|11\n|\n|t:|1700604010\n|switch|p1a: Ursaluna|Ursaluna, M|100\/100\n|move|p2a: Toxapex|Toxic|p1a: Ursaluna\n|-status|p1a: Ursaluna|tox\n|\n|-heal|p2a: Toxapex|94\/100|[from] item: Leftovers\n|-damage|p1a: Ursaluna|94\/100 tox|[from] psn\n|upkeep\n|turn|12\n|\n|t:|1700604018\n|move|p2a: Toxapex|Baneful Bunker|p2a: Toxapex\n|-singleturn|p2a: Toxapex|move: Protect\n|move|p1a: Ursaluna|Headlong Rush|p2a: Toxapex\n|-activate|p2a: Toxapex|move: Protect\n|\n|-heal|p2a: Toxapex|99\/100|[from] item: Leftovers\n|-damage|p1a: Ursaluna|82\/100 tox|[from] psn\n|upkeep\n|turn|13\n|\n|t:|1700604027\n|switch|p2a: Tapu Bulu|Tapu Bulu|100\/100\n|-fieldstart|move: Grassy Terrain|[from] ability: Grassy Surge|[of] p2a: Tapu Bulu\n|move|p1a: Ursaluna|Facade|p2a: Tapu Bulu\n|-crit|p2a: Tapu Bulu\n|-damage|p2a: Tapu Bulu|0 fnt\n|faint|p2a: Tapu Bulu\n|\n|-heal|p1a: Ursaluna|88\/100 tox|[from] Grassy Terrain\n|-damage|p1a: Ursaluna|70\/100 tox|[from] psn\n|upkeep\n|\n|t:|1700604031\n|switch|p2a: Sneasler|Sneasler, M|100\/100\n|-enditem|p2a: Sneasler|Grassy Seed\n|-boost|p2a: Sneasler|def|1|[from] item: Grassy Seed\n|turn|14\n|\n|t:|1700604039\n|move|p2a: Sneasler|Close Combat|p1a: Ursaluna\n|-supereffective|p1a: Ursaluna\n|-damage|p1a: Ursaluna|0 fnt\n|-unboost|p2a: Sneasler|def|1\n|-unboost|p2a: Sneasler|spd|1\n|faint|p1a: Ursaluna\n|\n|upkeep\n|\n|t:|1700604042\n|switch|p1a: Ditto|Ditto|100\/100\n|-transform|p1a: Ditto|p2a: Sneasler|[from] ability: Imposter\n|turn|15\n|\n|t:|1700604045\n|-terastallize|p2a: Sneasler|Flying\n|move|p2a: Sneasler|Acrobatics|p1a: Ditto\n|-supereffective|p1a: Ditto\n|-damage|p1a: Ditto|0 fnt\n|faint|p1a: Ditto\n|\n|upkeep\n|\n|t:|1700604049\n|switch|p1a: Lopunny|Lopunny, F|100\/100\n|turn|16\n|\n|t:|1700604053\n|detailschange|p1a: Lopunny|Lopunny-Mega, F\n|-mega|p1a: Lopunny|Lopunny|Lopunnite\n|move|p1a: Lopunny|Fake Out|p2a: Sneasler\n|-damage|p2a: Sneasler|65\/100\n|cant|p2a: Sneasler|flinch\n|\n|upkeep\n|turn|17\n|\n|t:|1700604059\n|move|p2a: Sneasler|Close Combat|p1a: Lopunny\n|-supereffective|p1a: Lopunny\n|-crit|p1a: Lopunny\n|-damage|p1a: Lopunny|0 fnt\n|-unboost|p2a: Sneasler|def|1\n|-unboost|p2a: Sneasler|spd|1\n|faint|p1a: Lopunny\n|\n|-fieldend|move: Grassy Terrain\n|upkeep\n|\n|t:|1700604061\n|switch|p1a: Swellow|Swellow, F|100\/100\n|turn|18\n|\n|t:|1700604066\n|-terastallize|p1a: Swellow|Normal\n|move|p2a: Sneasler|Acrobatics|p1a: Swellow\n|-damage|p1a: Swellow|0 fnt\n|faint|p1a: Swellow\n|\n|win|kingcow_thegoat\n|c|\u2606kingcow_thegoat|gg\n|c|\u2606TexanFarmersMarket|ggwp\n|c|\u2606kingcow_thegoat|you too\n","uploadtime":1700604073,"views":9,"p1id":"texanfarmersmarket","p2id":"kingcowthegoat","formatid":"gen9nationaldex","rating":0,"private":0,"password":""}