{"id":"gen9nationaldex-1993336015","p1":"disenchanted2914","p2":"shenghua\u597d\u96be","format":"[Gen 9] National Dex","log":"|j|\u2606disenchanted2914\n|j|\u203dshenghua\u597d\u96be\n|t:|1700300892\n|gametype|singles\n|player|p1|disenchanted2914|alec-anime|1353\n|player|p2|shenghua\u597d\u96be|170|1377\n|teamsize|p1|6\n|teamsize|p2|6\n|gen|9\n|tier|[Gen 9] National Dex\n|rated|\n|rule|HP Percentage Mod: HP is shown in percentages\n|rule|Endless Battle Clause: Forcing endless battles is banned\n|rule|OHKO Clause: OHKO moves are banned\n|rule|Evasion Clause: Evasion abilities, items, and moves are banned\n|rule|Evasion Abilities Clause: Evasion abilities are banned\n|rule|Evasion Items Clause: Evasion items are banned\n|rule|Evasion Moves Clause: Evasion moves are banned\n|rule|Species Clause: Limit one of each Pok\u00e9mon\n|rule|Sleep Clause Mod: Limit one foe put to sleep\n|clearpoke\n|poke|p1|Ceruledge, M|\n|poke|p1|Sableye, F|\n|poke|p1|Aegislash, M|\n|poke|p1|Mimikyu, F|\n|poke|p1|Brambleghast, M|\n|poke|p1|Blacephalon|\n|poke|p2|Rillaboom, M|\n|poke|p2|Sneasler, M|\n|poke|p2|Mew|\n|poke|p2|Heatran, M|\n|poke|p2|Kartana|\n|poke|p2|Moltres|\n|teampreview\n|inactive|Battle timer is ON: inactive players will automatically lose when time's up. (requested by shenghua\u597d\u96be)\n|\n|t:|1700300908\n|start\n|switch|p1a: Blacephalon|Blacephalon|100\/100\n|switch|p2a: Rillaboom|Rillaboom, M|100\/100\n|-fieldstart|move: Grassy Terrain|[from] ability: Grassy Surge|[of] p2a: Rillaboom\n|turn|1\n|\n|t:|1700300915\n|switch|p1a: Sableye|Sableye, F|100\/100\n|switch|p2a: Heatran|Heatran, M|100\/100\n|\n|upkeep\n|turn|2\n|\n|t:|1700300921\n|move|p1a: Sableye|Taunt|p2a: Heatran\n|-start|p2a: Heatran|move: Taunt\n|move|p2a: Heatran|Magma Storm|p1a: Sableye|[miss]\n|-miss|p2a: Heatran|p1a: Sableye\n|\n|upkeep\n|turn|3\n|\n|t:|1700300929\n|switch|p1a: Blacephalon|Blacephalon|100\/100\n|move|p2a: Heatran|Magma Storm|p1a: Blacephalon\n|-resisted|p1a: Blacephalon\n|-damage|p1a: Blacephalon|75\/100\n|-activate|p1a: Blacephalon|move: Magma Storm|[of] p2a: Heatran\n|\n|-heal|p1a: Blacephalon|81\/100|[from] Grassy Terrain\n|-damage|p1a: Blacephalon|69\/100|[from] move: Magma Storm|[partiallytrapped]\n|upkeep\n|turn|4\n|\n|t:|1700300939\n|move|p1a: Blacephalon|Calm Mind|p1a: Blacephalon\n|-boost|p1a: Blacephalon|spa|1\n|-boost|p1a: Blacephalon|spd|1\n|move|p2a: Heatran|Earth Power|p1a: Blacephalon\n|-supereffective|p1a: Blacephalon\n|-damage|p1a: Blacephalon|22\/100\n|\n|-heal|p1a: Blacephalon|28\/100|[from] Grassy Terrain\n|-damage|p1a: Blacephalon|16\/100|[from] move: Magma Storm|[partiallytrapped]\n|-end|p2a: Heatran|move: Taunt\n|upkeep\n|turn|5\n|\n|t:|1700300944\n|move|p2a: Heatran|Protect|p2a: Heatran\n|-singleturn|p2a: Heatran|Protect\n|move|p1a: Blacephalon|Shadow Ball|p2a: Heatran\n|-activate|p2a: Heatran|move: Protect\n|\n|-heal|p1a: Blacephalon|22\/100|[from] Grassy Terrain\n|-damage|p1a: Blacephalon|10\/100|[from] move: Magma Storm|[partiallytrapped]\n|-fieldend|move: Grassy Terrain\n|upkeep\n|turn|6\n|\n|t:|1700300947\n|move|p1a: Blacephalon|Shadow Ball|p2a: Heatran\n|-damage|p2a: Heatran|67\/100\n|move|p2a: Heatran|Toxic|p1a: Blacephalon\n|-status|p1a: Blacephalon|tox\n|\n|-heal|p2a: Heatran|73\/100|[from] item: Leftovers\n|-damage|p1a: Blacephalon|4\/100 tox|[from] psn\n|-damage|p1a: Blacephalon|0 fnt|[from] move: Magma Storm|[partiallytrapped]\n|faint|p1a: Blacephalon\n|upkeep\n|\n|t:|1700300954\n|switch|p1a: Mimikyu|Mimikyu, F|100\/100\n|turn|7\n|\n|t:|1700300961\n|switch|p2a: Moltres|Moltres|100\/100\n|move|p1a: Mimikyu|Swords Dance|p1a: Mimikyu\n|-boost|p1a: Mimikyu|atk|2\n|\n|upkeep\n|turn|8\n|\n|t:|1700300970\n|switch|p1a: Ceruledge|Ceruledge, M|100\/100\n|move|p2a: Moltres|Flamethrower|p1a: Ceruledge\n|-resisted|p1a: Ceruledge\n|-damage|p1a: Ceruledge|79\/100\n|\n|upkeep\n|turn|9\n|\n|t:|1700300977\n|move|p1a: Ceruledge|Swords Dance|p1a: Ceruledge\n|-boost|p1a: Ceruledge|atk|2\n|move|p2a: Moltres|Flamethrower|p1a: Ceruledge\n|-resisted|p1a: Ceruledge\n|-damage|p1a: Ceruledge|58\/100\n|\n|upkeep\n|turn|10\n|\n|t:|1700300982\n|move|p1a: Ceruledge|Poltergeist|p2a: Moltres|[miss]\n|-miss|p1a: Ceruledge|p2a: Moltres\n|move|p2a: Moltres|Flamethrower|p1a: Ceruledge\n|-resisted|p1a: Ceruledge\n|-crit|p1a: Ceruledge\n|-damage|p1a: Ceruledge|25\/100\n|\n|upkeep\n|turn|11\n|\n|t:|1700300986\n|move|p1a: Ceruledge|Poltergeist|p2a: Moltres|[miss]\n|-miss|p1a: Ceruledge|p2a: Moltres\n|move|p2a: Moltres|Flamethrower|p1a: Ceruledge\n|-resisted|p1a: Ceruledge\n|-damage|p1a: Ceruledge|2\/100\n|\n|upkeep\n|turn|12\n|\n|t:|1700300988\n|move|p1a: Ceruledge|Poltergeist|p2a: Moltres\n|-activate|p2a: Moltres|move: Poltergeist|Heavy-Duty Boots\n|-damage|p2a: Moltres|22\/100\n|move|p2a: Moltres|Flamethrower|p1a: Ceruledge\n|-resisted|p1a: Ceruledge\n|-damage|p1a: Ceruledge|0 fnt\n|faint|p1a: Ceruledge\n|\n|upkeep\n|\n|t:|1700300996\n|switch|p1a: Mimikyu|Mimikyu, F|100\/100\n|turn|13\n|\n|t:|1700300999\n|move|p1a: Mimikyu|Swords Dance|p1a: Mimikyu\n|-boost|p1a: Mimikyu|atk|2\n|move|p2a: Moltres|Flamethrower|p1a: Mimikyu\n|-activate|p1a: Mimikyu|ability: Disguise\n|-damage|p1a: Mimikyu|100\/100\n|detailschange|p1a: Mimikyu|Mimikyu-Busted, F\n|-damage|p1a: Mimikyu|88\/100|[from] pokemon: Mimikyu-Busted\n|\n|upkeep\n|turn|14\n|\n|t:|1700301001\n|move|p1a: Mimikyu|Shadow Sneak|p2a: Moltres\n|-damage|p2a: Moltres|0 fnt\n|faint|p2a: Moltres\n|-damage|p1a: Mimikyu|78\/100|[from] item: Life Orb\n|\n|upkeep\n|\n|t:|1700301003\n|switch|p2a: Rillaboom|Rillaboom, M|100\/100\n|-fieldstart|move: Grassy Terrain|[from] ability: Grassy Surge|[of] p2a: Rillaboom\n|turn|15\n|\n|t:|1700301009\n|switch|p1a: Brambleghast|Brambleghast, M|100\/100\n|move|p2a: Rillaboom|Grassy Glide|p1a: Brambleghast\n|-resisted|p1a: Brambleghast\n|-damage|p1a: Brambleghast|59\/100\n|\n|-heal|p1a: Brambleghast|65\/100|[from] Grassy Terrain\n|upkeep\n|turn|16\n|\n|t:|1700301016\n|switch|p2a: Heatran|Heatran, M|73\/100\n|move|p1a: Brambleghast|Poltergeist|p2a: Heatran\n|-activate|p2a: Heatran|move: Poltergeist|Leftovers\n|-damage|p2a: Heatran|26\/100\n|\n|-heal|p1a: Brambleghast|71\/100|[from] Grassy Terrain\n|-heal|p2a: Heatran|32\/100|[from] Grassy Terrain\n|-heal|p2a: Heatran|38\/100|[from] item: Leftovers\n|upkeep\n|turn|17\n|\n|t:|1700301024\n|move|p1a: Brambleghast|Poltergeist|p2a: Heatran\n|-activate|p2a: Heatran|move: Poltergeist|Leftovers\n|-damage|p2a: Heatran|0 fnt\n|faint|p2a: Heatran\n|\n|-heal|p1a: Brambleghast|77\/100|[from] Grassy Terrain\n|upkeep\n|\n|t:|1700301027\n|switch|p2a: Sneasler|Sneasler, M|100\/100\n|-enditem|p2a: Sneasler|Grassy Seed\n|-boost|p2a: Sneasler|def|1|[from] item: Grassy Seed\n|turn|18\n|\n|t:|1700301033\n|move|p2a: Sneasler|Acrobatics|p1a: Brambleghast\n|-supereffective|p1a: Brambleghast\n|-damage|p1a: Brambleghast|0 fnt\n|faint|p1a: Brambleghast\n|\n|upkeep\n|\n|t:|1700301037\n|switch|p1a: Aegislash|Aegislash, M|100\/100\n|turn|19\n|\n|t:|1700301045\n|-terastallize|p1a: Aegislash|Ghost\n|move|p2a: Sneasler|Swords Dance|p2a: Sneasler\n|-boost|p2a: Sneasler|atk|2\n|-formechange|p1a: Aegislash|Aegislash-Blade||[from] ability: Stance Change\n|move|p1a: Aegislash|Shadow Ball|p2a: Sneasler\n|-damage|p2a: Sneasler|20\/100\n|\n|-heal|p2a: Sneasler|26\/100|[from] Grassy Terrain\n|-fieldend|move: Grassy Terrain\n|upkeep\n|turn|20\n|\n|t:|1700301051\n|-formechange|p1a: Aegislash|Aegislash||[from] ability: Stance Change\n|move|p1a: Aegislash|King's Shield|p1a: Aegislash\n|-singleturn|p1a: Aegislash|Protect\n|move|p2a: Sneasler|Acrobatics|p1a: Aegislash\n|-activate|p1a: Aegislash|move: Protect\n|-unboost|p2a: Sneasler|atk|1\n|\n|upkeep\n|turn|21\n|\n|t:|1700301054\n|-formechange|p1a: Aegislash|Aegislash-Blade||[from] ability: Stance Change\n|move|p1a: Aegislash|Shadow Sneak|p2a: Sneasler\n|-damage|p2a: Sneasler|2\/100\n|move|p2a: Sneasler|Acrobatics|p1a: Aegislash\n|-damage|p1a: Aegislash|1\/100\n|\n|-heal|p1a: Aegislash|7\/100|[from] item: Leftovers\n|upkeep\n|turn|22\n|\n|t:|1700301059\n|move|p1a: Aegislash|Shadow Sneak|p2a: Sneasler\n|-damage|p2a: Sneasler|0 fnt\n|faint|p2a: Sneasler\n|\n|-heal|p1a: Aegislash|13\/100|[from] item: Leftovers\n|upkeep\n|\n|t:|1700301066\n|switch|p2a: Kartana|Kartana|100\/100\n|turn|23\n|\n|t:|1700301072\n|-formechange|p1a: Aegislash|Aegislash||[from] ability: Stance Change\n|move|p1a: Aegislash|King's Shield|p1a: Aegislash\n|-singleturn|p1a: Aegislash|Protect\n|move|p2a: Kartana|Leaf Blade|p1a: Aegislash\n|-activate|p1a: Aegislash|move: Protect\n|-unboost|p2a: Kartana|atk|1\n|\n|-heal|p1a: Aegislash|20\/100|[from] item: Leftovers\n|upkeep\n|turn|24\n|\n|t:|1700301076\n|move|p1a: Aegislash|King's Shield|p1a: Aegislash\n|-singleturn|p1a: Aegislash|Protect\n|move|p2a: Kartana|Leaf Blade|p1a: Aegislash\n|-activate|p1a: Aegislash|move: Protect\n|-unboost|p2a: Kartana|atk|1\n|\n|-heal|p1a: Aegislash|26\/100|[from] item: Leftovers\n|upkeep\n|turn|25\n|\n|t:|1700301087\n|switch|p2a: Rillaboom|Rillaboom, M|100\/100\n|-fieldstart|move: Grassy Terrain|[from] ability: Grassy Surge|[of] p2a: Rillaboom\n|-formechange|p1a: Aegislash|Aegislash-Blade||[from] ability: Stance Change\n|move|p1a: Aegislash|Shadow Sneak|p2a: Rillaboom\n|-damage|p2a: Rillaboom|84\/100\n|\n|-heal|p2a: Rillaboom|90\/100|[from] Grassy Terrain\n|-heal|p1a: Aegislash|32\/100|[from] Grassy Terrain\n|-heal|p1a: Aegislash|38\/100|[from] item: Leftovers\n|upkeep\n|turn|26\n|\n|t:|1700301095\n|switch|p2a: Kartana|Kartana|100\/100\n|-formechange|p1a: Aegislash|Aegislash||[from] ability: Stance Change\n|move|p1a: Aegislash|King's Shield||[still]\n|-fail|p1a: Aegislash\n|\n|-heal|p1a: Aegislash|45\/100|[from] Grassy Terrain\n|-heal|p1a: Aegislash|51\/100|[from] item: Leftovers\n|upkeep\n|turn|27\n|\n|t:|1700301102\n|move|p1a: Aegislash|King's Shield|p1a: Aegislash\n|-singleturn|p1a: Aegislash|Protect\n|move|p2a: Kartana|Leaf Blade|p1a: Aegislash\n|-activate|p1a: Aegislash|move: Protect\n|-unboost|p2a: Kartana|atk|1\n|\n|-heal|p1a: Aegislash|57\/100|[from] Grassy Terrain\n|-heal|p1a: Aegislash|63\/100|[from] item: Leftovers\n|upkeep\n|turn|28\n|\n|t:|1700301108\n|move|p2a: Kartana|Swords Dance|p2a: Kartana\n|-boost|p2a: Kartana|atk|2\n|-formechange|p1a: Aegislash|Aegislash-Blade||[from] ability: Stance Change\n|move|p1a: Aegislash|Shadow Ball|p2a: Kartana\n|-damage|p2a: Kartana|0 fnt\n|faint|p2a: Kartana\n|\n|-heal|p1a: Aegislash|70\/100|[from] Grassy Terrain\n|-heal|p1a: Aegislash|76\/100|[from] item: Leftovers\n|upkeep\n|\n|t:|1700301111\n|switch|p2a: Mew|Mew|100\/100\n|turn|29\n|\n|t:|1700301114\n|move|p2a: Mew|Cosmic Power|p2a: Mew\n|-boost|p2a: Mew|def|1\n|-boost|p2a: Mew|spd|1\n|move|p1a: Aegislash|Shadow Ball|p2a: Mew\n|-supereffective|p2a: Mew\n|-damage|p2a: Mew|26\/100\n|\n|-heal|p2a: Mew|32\/100|[from] Grassy Terrain\n|-heal|p1a: Aegislash|82\/100|[from] Grassy Terrain\n|-heal|p1a: Aegislash|88\/100|[from] item: Leftovers\n|-fieldend|move: Grassy Terrain\n|upkeep\n|turn|30\n|-message|shenghua\u597d\u96be forfeited.\n|\n|win|disenchanted2914\n|raw|disenchanted2914's rating: 1353 &rarr; <strong>1374<\/strong><br \/>(+21 for winning)\n|raw|shenghua\u597d\u96be's rating: 1377 &rarr; <strong>1356<\/strong><br \/>(-21 for losing)\n|l|\u203dshenghua\u597d\u96be\n","uploadtime":1700301124,"views":8,"p1id":"disenchanted2914","p2id":"shenghua","formatid":"gen9nationaldex","rating":1356,"private":0,"password":""}