{"id":"gen9nationaldex-1993382040","p1":"woaijk","p2":"IceBerryCoffee","format":"[Gen 9] National Dex","log":"|j|\u2606woaijk\n|j|\u2606IceBerryCoffee\n|t:|1700309611\n|gametype|singles\n|player|p1|woaijk|2|1169\n|player|p2|IceBerryCoffee|266|1285\n|teamsize|p1|6\n|teamsize|p2|6\n|gen|9\n|tier|[Gen 9] National Dex\n|rated|\n|rule|HP Percentage Mod: HP is shown in percentages\n|rule|Endless Battle Clause: Forcing endless battles is banned\n|rule|OHKO Clause: OHKO moves are banned\n|rule|Evasion Clause: Evasion abilities, items, and moves are banned\n|rule|Evasion Abilities Clause: Evasion abilities are banned\n|rule|Evasion Items Clause: Evasion items are banned\n|rule|Evasion Moves Clause: Evasion moves are banned\n|rule|Species Clause: Limit one of each Pok\u00e9mon\n|rule|Sleep Clause Mod: Limit one foe put to sleep\n|clearpoke\n|poke|p1|Scizor, M|\n|poke|p1|Samurott-Hisui, M|\n|poke|p1|Pelipper, F|\n|poke|p1|Rillaboom, M|\n|poke|p1|Gliscor, M|\n|poke|p1|Barraskewda, M|\n|poke|p2|Torkoal, M|\n|poke|p2|Buzzwole|\n|poke|p2|Kartana|\n|poke|p2|Blacephalon|\n|poke|p2|Lopunny, M|\n|poke|p2|Arcanine-Hisui, F|\n|teampreview\n|inactive|Battle timer is ON: inactive players will automatically lose when time's up. (requested by IceBerryCoffee)\n|\n|t:|1700309637\n|start\n|switch|p1a: Samurott|Samurott-Hisui, M|100\/100\n|switch|p2a: Torkoal|Torkoal, M|100\/100\n|-weather|SunnyDay|[from] ability: Drought|[of] p2a: Torkoal\n|turn|1\n|\n|t:|1700309645\n|move|p1a: Samurott|Ceaseless Edge|p2a: Torkoal\n|-damage|p2a: Torkoal|67\/100\n|-sidestart|p2: IceBerryCoffee|Spikes\n|move|p2a: Torkoal|Shell Smash|p2a: Torkoal\n|-unboost|p2a: Torkoal|def|1\n|-unboost|p2a: Torkoal|spd|1\n|-boost|p2a: Torkoal|atk|2\n|-boost|p2a: Torkoal|spa|2\n|-boost|p2a: Torkoal|spe|2\n|-enditem|p2a: Torkoal|Eject Pack\n|\n|t:|1700309653\n|switch|p2a: Lopunny|Lopunny, M|100\/100\n|-damage|p2a: Lopunny|88\/100|[from] Spikes\n|\n|-weather|SunnyDay|[upkeep]\n|upkeep\n|turn|2\n|\n|t:|1700309664\n|detailschange|p2a: Lopunny|Lopunny-Mega, M\n|-mega|p2a: Lopunny|Lopunny|Lopunnite\n|move|p2a: Lopunny|Copycat|p2a: Lopunny\n|move|p2a: Lopunny|Shell Smash|p2a: Lopunny|[from]move: Copycat\n|-unboost|p2a: Lopunny|def|1\n|-unboost|p2a: Lopunny|spd|1\n|-boost|p2a: Lopunny|atk|2\n|-boost|p2a: Lopunny|spa|2\n|-boost|p2a: Lopunny|spe|2\n|move|p1a: Samurott|Ceaseless Edge|p2a: Lopunny\n|-resisted|p2a: Lopunny\n|-damage|p2a: Lopunny|45\/100\n|-sidestart|p2: IceBerryCoffee|Spikes\n|\n|-weather|SunnyDay|[upkeep]\n|upkeep\n|turn|3\n|\n|t:|1700309676\n|move|p2a: Lopunny|Return|p1a: Samurott\n|-damage|p1a: Samurott|0 fnt\n|faint|p1a: Samurott\n|\n|-weather|SunnyDay|[upkeep]\n|upkeep\n|\n|t:|1700309685\n|switch|p1a: Pelipper|Pelipper, F|100\/100\n|-weather|RainDance|[from] ability: Drizzle|[of] p1a: Pelipper\n|turn|4\n|\n|t:|1700309692\n|move|p2a: Lopunny|Return|p1a: Pelipper\n|-damage|p1a: Pelipper|20\/100\n|move|p1a: Pelipper|U-turn|p2a: Lopunny\n|-resisted|p2a: Lopunny\n|-damage|p2a: Lopunny|36\/100\n|\n|t:|1700309699\n|switch|p1a: Barraskewda|Barraskewda, M|100\/100|[from] U-turn\n|\n|-weather|RainDance|[upkeep]\n|upkeep\n|turn|5\n|\n|t:|1700309717\n|move|p1a: Barraskewda|Liquidation|p2a: Lopunny\n|-damage|p2a: Lopunny|0 fnt\n|faint|p2a: Lopunny\n|\n|-weather|RainDance|[upkeep]\n|upkeep\n|\n|t:|1700309725\n|switch|p2a: Torkoal|Torkoal, M|67\/100\n|-damage|p2a: Torkoal|51\/100|[from] Spikes\n|-weather|SunnyDay|[from] ability: Drought|[of] p2a: Torkoal\n|turn|6\n|\n|t:|1700309733\n|move|p1a: Barraskewda|Liquidation|p2a: Torkoal\n|-supereffective|p2a: Torkoal\n|-damage|p2a: Torkoal|4\/100\n|move|p2a: Torkoal|Shell Smash|p2a: Torkoal\n|-unboost|p2a: Torkoal|def|1\n|-unboost|p2a: Torkoal|spd|1\n|-boost|p2a: Torkoal|atk|2\n|-boost|p2a: Torkoal|spa|2\n|-boost|p2a: Torkoal|spe|2\n|\n|-weather|SunnyDay|[upkeep]\n|upkeep\n|turn|7\n|\n|t:|1700309741\n|move|p1a: Barraskewda|Liquidation|p2a: Torkoal\n|-supereffective|p2a: Torkoal\n|-damage|p2a: Torkoal|0 fnt\n|faint|p2a: Torkoal\n|\n|-weather|SunnyDay|[upkeep]\n|upkeep\n|\n|t:|1700309763\n|switch|p2a: Blacephalon|Blacephalon|100\/100\n|-damage|p2a: Blacephalon|84\/100|[from] Spikes\n|turn|8\n|\n|t:|1700309768\n|switch|p1a: Pelipper|Pelipper, F|20\/100\n|-weather|RainDance|[from] ability: Drizzle|[of] p1a: Pelipper\n|move|p2a: Blacephalon|Flamethrower|p1a: Pelipper\n|-resisted|p1a: Pelipper\n|-damage|p1a: Pelipper|2\/100\n|-status|p1a: Pelipper|brn\n|\n|-weather|RainDance|[upkeep]\n|-damage|p1a: Pelipper|0 fnt|[from] brn\n|faint|p1a: Pelipper\n|upkeep\n|\n|t:|1700309776\n|switch|p1a: Barraskewda|Barraskewda, M|100\/100\n|turn|9\n|\n|t:|1700309781\n|move|p1a: Barraskewda|Liquidation|p2a: Blacephalon\n|-supereffective|p2a: Blacephalon\n|-crit|p2a: Blacephalon\n|-damage|p2a: Blacephalon|0 fnt\n|faint|p2a: Blacephalon\n|\n|-weather|RainDance|[upkeep]\n|upkeep\n|\n|t:|1700309787\n|switch|p2a: Kartana|Kartana|100\/100\n|-damage|p2a: Kartana|84\/100|[from] Spikes\n|turn|10\n|\n|t:|1700309804\n|switch|p1a: Gliscor|Gliscor, M, shiny|100\/100\n|-terastallize|p2a: Kartana|Grass\n|move|p2a: Kartana|Leaf Blade|p1a: Gliscor\n|-damage|p1a: Gliscor|53\/100\n|\n|-weather|RainDance|[upkeep]\n|-status|p1a: Gliscor|tox|[from] item: Toxic Orb\n|upkeep\n|turn|11\n|\n|t:|1700309814\n|move|p1a: Gliscor|Protect|p1a: Gliscor\n|-singleturn|p1a: Gliscor|Protect\n|move|p2a: Kartana|Leaf Blade|p1a: Gliscor\n|-activate|p1a: Gliscor|move: Protect\n|\n|-weather|RainDance|[upkeep]\n|-heal|p1a: Gliscor|65\/100 tox|[from] ability: Poison Heal\n|upkeep\n|turn|12\n|\n|t:|1700309826\n|move|p2a: Kartana|Leaf Blade|p1a: Gliscor\n|-crit|p1a: Gliscor\n|-damage|p1a: Gliscor|0 fnt\n|faint|p1a: Gliscor\n|-ability|p2a: Kartana|Beast Boost|boost\n|-boost|p2a: Kartana|atk|1\n|\n|-weather|RainDance|[upkeep]\n|upkeep\n|\n|t:|1700309835\n|switch|p1a: Barraskewda|Barraskewda, M|100\/100\n|turn|13\n|\n|t:|1700309839\n|move|p1a: Barraskewda|Close Combat|p2a: Kartana\n|-damage|p2a: Kartana|22\/100\n|-unboost|p1a: Barraskewda|def|1\n|-unboost|p1a: Barraskewda|spd|1\n|move|p2a: Kartana|Leaf Blade|p1a: Barraskewda\n|-supereffective|p1a: Barraskewda\n|-crit|p1a: Barraskewda\n|-damage|p1a: Barraskewda|0 fnt\n|faint|p1a: Barraskewda\n|-ability|p2a: Kartana|Beast Boost|boost\n|-boost|p2a: Kartana|atk|1\n|\n|-weather|RainDance|[upkeep]\n|upkeep\n|\n|t:|1700309844\n|switch|p1a: Scizor|Scizor, M|100\/100\n|turn|14\n|\n|t:|1700309853\n|move|p1a: Scizor|Bullet Punch|p2a: Kartana\n|-damage|p2a: Kartana|0 fnt\n|faint|p2a: Kartana\n|\n|-weather|RainDance|[upkeep]\n|upkeep\n|\n|t:|1700309864\n|switch|p2a: Buzzwole|Buzzwole|100\/100\n|-damage|p2a: Buzzwole|84\/100|[from] Spikes\n|turn|15\n|\n|t:|1700309869\n|move|p1a: Scizor|Bullet Punch|p2a: Buzzwole\n|-damage|p2a: Buzzwole|47\/100\n|move|p2a: Buzzwole|Close Combat|p1a: Scizor\n|-damage|p1a: Scizor|24\/100\n|-unboost|p2a: Buzzwole|def|1\n|-unboost|p2a: Buzzwole|spd|1\n|\n|-weather|none\n|upkeep\n|turn|16\n|\n|t:|1700309876\n|move|p1a: Scizor|Bullet Punch|p2a: Buzzwole\n|-damage|p2a: Buzzwole|0 fnt\n|faint|p2a: Buzzwole\n|\n|upkeep\n|\n|t:|1700309880\n|switch|p2a: Arcanine|Arcanine-Hisui, F|100\/100\n|-damage|p2a: Arcanine|84\/100|[from] Spikes\n|turn|17\n|\n|t:|1700309887\n|move|p1a: Scizor|Bullet Punch|p2a: Arcanine\n|-damage|p2a: Arcanine|19\/100\n|move|p2a: Arcanine|Flare Blitz|p1a: Scizor\n|-supereffective|p1a: Scizor\n|-damage|p1a: Scizor|0 fnt\n|faint|p1a: Scizor\n|\n|upkeep\n|\n|t:|1700309890\n|switch|p1a: Rillaboom|Rillaboom, M|100\/100\n|-fieldstart|move: Grassy Terrain|[from] ability: Grassy Surge|[of] p1a: Rillaboom\n|turn|18\n|\n|t:|1700309896\n|move|p2a: Arcanine|Flare Blitz|p1a: Rillaboom\n|-supereffective|p1a: Rillaboom\n|-damage|p1a: Rillaboom|0 fnt\n|faint|p1a: Rillaboom\n|\n|win|IceBerryCoffee\n|raw|woaijk's rating: 1169 &rarr; <strong>1152<\/strong><br \/>(-17 for losing)\n|raw|IceBerryCoffee's rating: 1285 &rarr; <strong>1302<\/strong><br \/>(+17 for winning)\n","uploadtime":1700309902,"views":6,"p1id":"woaijk","p2id":"iceberrycoffee","formatid":"gen9nationaldex","rating":1152,"private":0,"password":""}