{"id":"gen9nationaldex-1993454374","p1":"necro1117014","p2":"InnateAzucarado","format":"[Gen 9] National Dex","log":"|j|\u2606necro1117014\n|j|\u2606InnateAzucarado\n|t:|1700319914\n|gametype|singles\n|player|p1|necro1117014|will|1053\n|player|p2|InnateAzucarado|hilbert|1043\n|teamsize|p1|6\n|teamsize|p2|6\n|gen|9\n|tier|[Gen 9] National Dex\n|rated|\n|rule|HP Percentage Mod: HP is shown in percentages\n|rule|Endless Battle Clause: Forcing endless battles is banned\n|rule|OHKO Clause: OHKO moves are banned\n|rule|Evasion Clause: Evasion abilities, items, and moves are banned\n|rule|Evasion Abilities Clause: Evasion abilities are banned\n|rule|Evasion Items Clause: Evasion items are banned\n|rule|Evasion Moves Clause: Evasion moves are banned\n|rule|Species Clause: Limit one of each Pok\u00e9mon\n|rule|Sleep Clause Mod: Limit one foe put to sleep\n|clearpoke\n|poke|p1|Mimikyu, F|\n|poke|p1|Blacephalon|\n|poke|p1|Necrozma|\n|poke|p1|Primarina, F|\n|poke|p1|Vikavolt, M|\n|poke|p1|Lycanroc-Midnight, M|\n|poke|p2|Forretress, M|\n|poke|p2|Blaziken, M|\n|poke|p2|Swampert, M|\n|poke|p2|Pelipper, M|\n|poke|p2|Murkrow, F|\n|poke|p2|Serperior, F|\n|teampreview\n|inactive|Battle timer is ON: inactive players will automatically lose when time's up. (requested by necro1117014)\n|\n|t:|1700319922\n|start\n|switch|p1a: Vikavolt|Vikavolt, M|100\/100\n|switch|p2a: Murkrow|Murkrow, F|100\/100\n|turn|1\n|\n|t:|1700319929\n|move|p2a: Murkrow|Taunt|p1a: Vikavolt\n|-start|p1a: Vikavolt|move: Taunt\n|cant|p1a: Vikavolt|move: Taunt|Agility\n|\n|upkeep\n|turn|2\n|\n|t:|1700319937\n|move|p2a: Murkrow|Tailwind|p2a: Murkrow\n|-sidestart|p2: InnateAzucarado|move: Tailwind\n|move|p1a: Vikavolt|Bug Buzz|p2a: Murkrow\n|-enditem|p2a: Murkrow|Focus Sash\n|-damage|p2a: Murkrow|1\/100\n|-enditem|p1a: Vikavolt|Throat Spray\n|-boost|p1a: Vikavolt|spa|1|[from] item: Throat Spray\n|\n|upkeep\n|turn|3\n|\n|t:|1700319947\n|move|p2a: Murkrow|Foul Play|p1a: Vikavolt\n|-damage|p1a: Vikavolt|78\/100\n|move|p1a: Vikavolt|Charge Beam|p2a: Murkrow\n|-supereffective|p2a: Murkrow\n|-damage|p2a: Murkrow|0 fnt\n|-boost|p1a: Vikavolt|spa|1\n|faint|p2a: Murkrow\n|\n|-end|p1a: Vikavolt|move: Taunt\n|upkeep\n|\n|t:|1700319963\n|switch|p2a: Blaziken|Blaziken, M|100\/100\n|turn|4\n|\n|t:|1700319987\n|move|p2a: Blaziken|Protect|p2a: Blaziken\n|-singleturn|p2a: Blaziken|Protect\n|move|p1a: Vikavolt|Charge Beam|p2a: Blaziken\n|-activate|p2a: Blaziken|move: Protect\n|\n|-ability|p2a: Blaziken|Speed Boost|boost\n|-boost|p2a: Blaziken|spe|1\n|upkeep\n|turn|5\n|\n|t:|1700320001\n|move|p2a: Blaziken|Swords Dance|p2a: Blaziken\n|-boost|p2a: Blaziken|atk|2\n|move|p1a: Vikavolt|Charge Beam|p2a: Blaziken\n|-damage|p2a: Blaziken|11\/100\n|-boost|p1a: Vikavolt|spa|1\n|\n|-sideend|p2: InnateAzucarado|move: Tailwind\n|-ability|p2a: Blaziken|Speed Boost|boost\n|-boost|p2a: Blaziken|spe|1\n|upkeep\n|turn|6\n|\n|t:|1700320011\n|move|p2a: Blaziken|Rock Slide|p1a: Vikavolt\n|-supereffective|p1a: Vikavolt\n|-damage|p1a: Vikavolt|0 fnt\n|faint|p1a: Vikavolt\n|\n|-ability|p2a: Blaziken|Speed Boost|boost\n|-boost|p2a: Blaziken|spe|1\n|upkeep\n|\n|t:|1700320021\n|switch|p1a: Mimikyu|Mimikyu, F|100\/100\n|turn|7\n|\n|t:|1700320028\n|-terastallize|p2a: Blaziken|Normal\n|move|p2a: Blaziken|Rock Slide|p1a: Mimikyu\n|-activate|p1a: Mimikyu|ability: Disguise\n|-damage|p1a: Mimikyu|100\/100\n|detailschange|p1a: Mimikyu|Mimikyu-Busted, F\n|-damage|p1a: Mimikyu|88\/100|[from] pokemon: Mimikyu-Busted\n|cant|p1a: Mimikyu|flinch\n|\n|-ability|p2a: Blaziken|Speed Boost|boost\n|-boost|p2a: Blaziken|spe|1\n|upkeep\n|turn|8\n|\n|t:|1700320042\n|move|p2a: Blaziken|Rock Slide|p1a: Mimikyu\n|-damage|p1a: Mimikyu|0 fnt\n|faint|p1a: Mimikyu\n|\n|-ability|p2a: Blaziken|Speed Boost|boost\n|-boost|p2a: Blaziken|spe|1\n|upkeep\n|\n|t:|1700320047\n|switch|p1a: Lycanroc|Lycanroc-Midnight, M|100\/100\n|turn|9\n|\n|t:|1700320054\n|move|p2a: Blaziken|Flare Blitz|p1a: Lycanroc\n|-resisted|p1a: Lycanroc\n|-damage|p1a: Lycanroc|17\/100\n|-damage|p2a: Blaziken|0 fnt|[from] Recoil\n|faint|p2a: Blaziken\n|move|p1a: Lycanroc|Counter|p2: Blaziken|[notarget]\n|-fail|p1a: Lycanroc\n|\n|upkeep\n|\n|t:|1700320062\n|switch|p2a: Forretress|Forretress, M|100\/100\n|turn|10\n|inactive|InnateAzucarado has 120 seconds left.\n|\n|t:|1700320104\n|move|p1a: Lycanroc|Close Combat|p2a: Forretress\n|-damage|p2a: Forretress|69\/100\n|-unboost|p1a: Lycanroc|def|1\n|-unboost|p1a: Lycanroc|spd|1\n|move|p2a: Forretress|Stealth Rock|p1a: Lycanroc\n|-sidestart|p1: necro1117014|move: Stealth Rock\n|\n|upkeep\n|turn|11\n|\n|t:|1700320114\n|move|p1a: Lycanroc|Close Combat|p2a: Forretress\n|-damage|p2a: Forretress|37\/100\n|-unboost|p1a: Lycanroc|def|1\n|-unboost|p1a: Lycanroc|spd|1\n|move|p2a: Forretress|Spikes|p1a: Lycanroc\n|-sidestart|p1: necro1117014|Spikes\n|\n|upkeep\n|turn|12\n|\n|t:|1700320136\n|move|p1a: Lycanroc|Close Combat|p2a: Forretress\n|-damage|p2a: Forretress|2\/100\n|-unboost|p1a: Lycanroc|def|1\n|-unboost|p1a: Lycanroc|spd|1\n|move|p2a: Forretress|Toxic Spikes|p1a: Lycanroc\n|-sidestart|p1: necro1117014|move: Toxic Spikes\n|\n|upkeep\n|turn|13\n|\n|t:|1700320143\n|move|p1a: Lycanroc|Close Combat|p2a: Forretress\n|-crit|p2a: Forretress\n|-damage|p2a: Forretress|0 fnt\n|-unboost|p1a: Lycanroc|def|1\n|-unboost|p1a: Lycanroc|spd|1\n|faint|p2a: Forretress\n|\n|upkeep\n|\n|t:|1700320151\n|switch|p2a: Serperior|Serperior, F|100\/100\n|turn|14\n|\n|t:|1700320155\n|move|p2a: Serperior|Leaf Storm|p1a: Lycanroc\n|-supereffective|p1a: Lycanroc\n|-damage|p1a: Lycanroc|0 fnt\n|-boost|p2a: Serperior|spa|2\n|faint|p1a: Lycanroc\n|\n|upkeep\n|\n|t:|1700320169\n|switch|p1a: Blacephalon|Blacephalon|100\/100\n|-damage|p1a: Blacephalon|75\/100|[from] Stealth Rock\n|-damage|p1a: Blacephalon|63\/100|[from] Spikes\n|-status|p1a: Blacephalon|psn\n|turn|15\n|\n|t:|1700320198\n|switch|p2a: Pelipper|Pelipper, M|100\/100\n|-weather|RainDance|[from] ability: Drizzle|[of] p2a: Pelipper\n|move|p1a: Blacephalon|Shadow Ball|p2a: Pelipper\n|-damage|p2a: Pelipper|18\/100\n|\n|-weather|RainDance|[upkeep]\n|-damage|p1a: Blacephalon|50\/100 psn|[from] psn\n|upkeep\n|turn|16\n|\n|t:|1700320207\n|move|p1a: Blacephalon|Shadow Ball|p2a: Pelipper\n|-damage|p2a: Pelipper|0 fnt\n|faint|p2a: Pelipper\n|-ability|p1a: Blacephalon|Beast Boost|boost\n|-boost|p1a: Blacephalon|spa|1\n|\n|-weather|RainDance|[upkeep]\n|-damage|p1a: Blacephalon|38\/100 psn|[from] psn\n|upkeep\n|\n|t:|1700320215\n|switch|p2a: Swampert|Swampert, M|100\/100\n|turn|17\n|\n|t:|1700320223\n|detailschange|p2a: Swampert|Swampert-Mega, M\n|-mega|p2a: Swampert|Swampert|Swampertite\n|move|p1a: Blacephalon|Shadow Ball|p2a: Swampert\n|-damage|p2a: Swampert|34\/100\n|move|p2a: Swampert|Waterfall|p1a: Blacephalon\n|-supereffective|p1a: Blacephalon\n|-damage|p1a: Blacephalon|0 fnt\n|faint|p1a: Blacephalon\n|\n|-weather|RainDance|[upkeep]\n|upkeep\n|\n|t:|1700320236\n|switch|p1a: Primarina|Primarina, F|100\/100\n|-damage|p1a: Primarina|88\/100|[from] Stealth Rock\n|-damage|p1a: Primarina|76\/100|[from] Spikes\n|-status|p1a: Primarina|psn\n|turn|18\n|\n|t:|1700320244\n|move|p2a: Swampert|Earthquake|p1a: Primarina\n|-damage|p1a: Primarina|0 fnt\n|faint|p1a: Primarina\n|\n|-weather|RainDance|[upkeep]\n|upkeep\n|-message|necro1117014 forfeited.\n|\n|win|InnateAzucarado\n|raw|necro1117014's rating: 1053 &rarr; <strong>1035<\/strong><br \/>(-18 for losing)\n|raw|InnateAzucarado's rating: 1043 &rarr; <strong>1078<\/strong><br \/>(+35 for winning)\n|l|\u2606necro1117014\n","uploadtime":1700320256,"views":7,"p1id":"necro1117014","p2id":"innateazucarado","formatid":"gen9nationaldex","rating":1035,"private":0,"password":""}