{"id":"gen9nationaldex-1994868961","p1":"RYhiarim","p2":"Aesti","format":"[Gen 9] National Dex","log":"|html|<div class=\"broadcast-blue\"><strong>[Gen 9] National Dex is currently suspecting Sneasler! For information on how to participate check out the <a href=\"https:\/\/www.smogon.com\/forums\/threads\/sv-national-dex-suspect-8-just-dance.3731534\/\">suspect thread<\/a>.<\/strong><\/div>\n|j|\u2606RYhiarim\n|j|\u2606Aesti\n|t:|1700500196\n|gametype|singles\n|player|p1|RYhiarim|harlequin|1076\n|player|p2|Aesti|1|1115\n|teamsize|p1|6\n|teamsize|p2|6\n|gen|9\n|tier|[Gen 9] National Dex\n|rated|\n|rule|HP Percentage Mod: HP is shown in percentages\n|rule|Endless Battle Clause: Forcing endless battles is banned\n|rule|OHKO Clause: OHKO moves are banned\n|rule|Evasion Clause: Evasion abilities, items, and moves are banned\n|rule|Evasion Abilities Clause: Evasion abilities are banned\n|rule|Evasion Items Clause: Evasion items are banned\n|rule|Evasion Moves Clause: Evasion moves are banned\n|rule|Species Clause: Limit one of each Pok\u00e9mon\n|rule|Sleep Clause Mod: Limit one foe put to sleep\n|clearpoke\n|poke|p1|Venusaur, F|\n|poke|p1|Whimsicott, F|\n|poke|p1|Torkoal, F|\n|poke|p1|Heatran, M|\n|poke|p1|Rillaboom, F|\n|poke|p1|Bewear, M|\n|poke|p2|Chandelure, M|\n|poke|p2|Porygon-Z|\n|poke|p2|Xurkitree|\n|poke|p2|Iron Valiant|\n|poke|p2|Deoxys-Defense|\n|poke|p2|Aerodactyl, M|\n|teampreview\n|\n|t:|1700500215\n|start\n|switch|p1a: Whimsicott|Whimsicott, F, shiny|100\/100\n|switch|p2a: Deoxys|Deoxys-Defense|100\/100\n|-ability|p2a: Deoxys|Pressure\n|turn|1\n|\n|t:|1700500223\n|move|p1a: Whimsicott|Toxic|p2a: Deoxys\n|-status|p2a: Deoxys|tox\n|move|p2a: Deoxys|Toxic|p1a: Whimsicott\n|-status|p1a: Whimsicott|tox\n|\n|-damage|p1a: Whimsicott|94\/100 tox|[from] psn\n|-damage|p2a: Deoxys|94\/100 tox|[from] psn\n|upkeep\n|turn|2\n|\n|t:|1700500235\n|move|p1a: Whimsicott|Encore|p2a: Deoxys\n|-start|p2a: Deoxys|Encore\n|move|p2a: Deoxys|Toxic|p1a: Whimsicott\n|-fail|p1a: Whimsicott|tox\n|\n|-heal|p1a: Whimsicott|100\/100 tox|[from] item: Leftovers\n|-damage|p1a: Whimsicott|88\/100 tox|[from] psn\n|-damage|p2a: Deoxys|82\/100 tox|[from] psn\n|upkeep\n|turn|3\n|\n|t:|1700500246\n|switch|p2a: Chandelure|Chandelure, M|100\/100\n|move|p1a: Whimsicott|Toxic|p2a: Chandelure\n|-status|p2a: Chandelure|tox\n|\n|-heal|p1a: Whimsicott|94\/100 tox|[from] item: Leftovers\n|-damage|p2a: Chandelure|94\/100 tox|[from] psn\n|-damage|p1a: Whimsicott|76\/100 tox|[from] psn\n|upkeep\n|turn|4\n|\n|t:|1700500260\n|switch|p1a: Heatran|Heatran, M|100\/100\n|move|p2a: Chandelure|Shadow Ball|p1a: Heatran\n|-damage|p1a: Heatran|41\/100\n|\n|-damage|p2a: Chandelure|82\/100 tox|[from] psn\n|upkeep\n|turn|5\n|\n|t:|1700500280\n|switch|p1a: Bewear|Bewear, M, shiny|100\/100\n|move|p2a: Chandelure|Shadow Ball|p1a: Bewear\n|-immune|p1a: Bewear\n|\n|-damage|p2a: Chandelure|64\/100 tox|[from] psn\n|upkeep\n|turn|6\n|\n|t:|1700500293\n|switch|p2a: Iron Valiant|Iron Valiant|100\/100\n|-terastallize|p1a: Bewear|Fire\n|move|p1a: Bewear|Rock Slide|p2a: Iron Valiant|[miss]\n|-miss|p1a: Bewear|p2a: Iron Valiant\n|\n|upkeep\n|turn|7\n|\n|t:|1700500311\n|switch|p1a: Torkoal|Torkoal, F|100\/100\n|-weather|SunnyDay|[from] ability: Drought|[of] p1a: Torkoal\n|move|p2a: Iron Valiant|Knock Off|p1a: Torkoal\n|-damage|p1a: Torkoal|65\/100\n|-enditem|p1a: Torkoal|Heat Rock|[from] move: Knock Off|[of] p2a: Iron Valiant\n|-damage|p2a: Iron Valiant|91\/100|[from] item: Life Orb\n|\n|-weather|SunnyDay|[upkeep]\n|upkeep\n|turn|8\n|\n|t:|1700500323\n|-end|p2a: Iron Valiant|Quark Drive|[silent]\n|switch|p2a: Chandelure|Chandelure, M|64\/100 tox\n|move|p1a: Torkoal|Stealth Rock|p2a: Chandelure\n|-sidestart|p2: Aesti|move: Stealth Rock\n|\n|-weather|SunnyDay|[upkeep]\n|-damage|p2a: Chandelure|58\/100 tox|[from] psn\n|upkeep\n|turn|9\n|\n|t:|1700500335\n|switch|p1a: Bewear|Bewear, M, shiny, tera:Fire|100\/100\n|move|p2a: Chandelure|Flamethrower|p1a: Bewear\n|-resisted|p1a: Bewear\n|-damage|p1a: Bewear|36\/100\n|\n|-weather|SunnyDay|[upkeep]\n|-damage|p2a: Chandelure|45\/100 tox|[from] psn\n|upkeep\n|turn|10\n|\n|t:|1700500349\n|switch|p2a: Deoxys|Deoxys-Defense|82\/100 tox\n|-damage|p2a: Deoxys|69\/100 tox|[from] Stealth Rock\n|-ability|p2a: Deoxys|Pressure\n|switch|p1a: Heatran|Heatran, M|41\/100\n|\n|-weather|SunnyDay|[upkeep]\n|-damage|p2a: Deoxys|63\/100 tox|[from] psn\n|upkeep\n|turn|11\n|\n|t:|1700500369\n|switch|p1a: Rillaboom|Rillaboom, F|100\/100\n|-fieldstart|move: Grassy Terrain|[from] ability: Grassy Surge|[of] p1a: Rillaboom\n|move|p2a: Deoxys|Light Screen|p2a: Deoxys\n|-sidestart|p2: Aesti|move: Light Screen\n|\n|-weather|SunnyDay|[upkeep]\n|-heal|p2a: Deoxys|69\/100 tox|[from] Grassy Terrain\n|-damage|p2a: Deoxys|57\/100 tox|[from] psn\n|upkeep\n|turn|12\n|\n|t:|1700500379\n|move|p2a: Deoxys|Toxic|p1a: Rillaboom\n|-status|p1a: Rillaboom|tox\n|move|p1a: Rillaboom|Brick Break|p2a: Deoxys\n|-sideend|p2: Aesti|move: Light Screen\n|-resisted|p2a: Deoxys\n|-damage|p2a: Deoxys|47\/100 tox\n|\n|-weather|SunnyDay|[upkeep]\n|-heal|p2a: Deoxys|53\/100 tox|[from] Grassy Terrain\n|-damage|p2a: Deoxys|34\/100 tox|[from] psn\n|-damage|p1a: Rillaboom|94\/100 tox|[from] psn\n|upkeep\n|turn|13\n|\n|t:|1700500395\n|switch|p1a: Whimsicott|Whimsicott, F, shiny|76\/100 tox\n|move|p2a: Deoxys|Stealth Rock|p1a: Whimsicott\n|-sidestart|p1: RYhiarim|move: Stealth Rock\n|\n|-weather|SunnyDay|[upkeep]\n|-heal|p1a: Whimsicott|82\/100 tox|[from] Grassy Terrain\n|-heal|p1a: Whimsicott|88\/100 tox|[from] item: Leftovers\n|-heal|p2a: Deoxys|40\/100 tox|[from] Grassy Terrain\n|-damage|p1a: Whimsicott|82\/100 tox|[from] psn\n|-damage|p2a: Deoxys|15\/100 tox|[from] psn\n|upkeep\n|turn|14\n|\n|t:|1700500410\n|switch|p2a: Chandelure|Chandelure, M|45\/100 tox\n|-damage|p2a: Chandelure|20\/100 tox|[from] Stealth Rock\n|move|p1a: Whimsicott|Substitute|p1a: Whimsicott\n|-start|p1a: Whimsicott|Substitute\n|-damage|p1a: Whimsicott|57\/100 tox\n|\n|-weather|none\n|-heal|p2a: Chandelure|27\/100 tox|[from] Grassy Terrain\n|-heal|p1a: Whimsicott|63\/100 tox|[from] Grassy Terrain\n|-heal|p1a: Whimsicott|69\/100 tox|[from] item: Leftovers\n|-damage|p2a: Chandelure|20\/100 tox|[from] psn\n|-damage|p1a: Whimsicott|57\/100 tox|[from] psn\n|upkeep\n|turn|15\n|\n|t:|1700500425\n|move|p1a: Whimsicott|Leech Seed|p2a: Chandelure\n|-start|p2a: Chandelure|move: Leech Seed\n|move|p2a: Chandelure|Psychic|p1a: Whimsicott\n|-end|p1a: Whimsicott|Substitute\n|\n|-heal|p2a: Chandelure|27\/100 tox|[from] Grassy Terrain\n|-heal|p1a: Whimsicott|63\/100 tox|[from] Grassy Terrain\n|-heal|p1a: Whimsicott|69\/100 tox|[from] item: Leftovers\n|-damage|p2a: Chandelure|14\/100 tox|[from] Leech Seed|[of] p1a: Whimsicott\n|-heal|p1a: Whimsicott|79\/100 tox|[silent]\n|-damage|p2a: Chandelure|2\/100 tox|[from] psn\n|-damage|p1a: Whimsicott|61\/100 tox|[from] psn\n|upkeep\n|turn|16\n|\n|t:|1700500443\n|move|p1a: Whimsicott|Substitute|p1a: Whimsicott\n|-start|p1a: Whimsicott|Substitute\n|-damage|p1a: Whimsicott|36\/100 tox\n|move|p2a: Chandelure|Psychic|p1a: Whimsicott\n|-end|p1a: Whimsicott|Substitute\n|\n|-heal|p2a: Chandelure|8\/100 tox|[from] Grassy Terrain\n|-heal|p1a: Whimsicott|42\/100 tox|[from] Grassy Terrain\n|-heal|p1a: Whimsicott|48\/100 tox|[from] item: Leftovers\n|-damage|p2a: Chandelure|0 fnt|[from] Leech Seed|[of] p1a: Whimsicott\n|-heal|p1a: Whimsicott|54\/100 tox|[silent]\n|faint|p2a: Chandelure\n|-damage|p1a: Whimsicott|30\/100 tox|[from] psn\n|upkeep\n|\n|t:|1700500454\n|switch|p2a: Deoxys|Deoxys-Defense|15\/100 tox\n|-damage|p2a: Deoxys|3\/100 tox|[from] Stealth Rock\n|-ability|p2a: Deoxys|Pressure\n|turn|17\n|\n|t:|1700500465\n|switch|p1a: Torkoal|Torkoal, F|65\/100\n|-damage|p1a: Torkoal|40\/100|[from] Stealth Rock\n|-weather|SunnyDay|[from] ability: Drought|[of] p1a: Torkoal\n|move|p2a: Deoxys|Reflect|p2a: Deoxys\n|-sidestart|p2: Aesti|Reflect\n|\n|-weather|SunnyDay|[upkeep]\n|-heal|p2a: Deoxys|9\/100 tox|[from] Grassy Terrain\n|-heal|p1a: Torkoal|46\/100|[from] Grassy Terrain\n|-damage|p2a: Deoxys|3\/100 tox|[from] psn\n|upkeep\n|turn|18\n|\n|t:|1700500480\n|move|p2a: Deoxys|Toxic|p1a: Torkoal\n|-status|p1a: Torkoal|tox\n|move|p1a: Torkoal|Rapid Spin|p2a: Deoxys\n|-damage|p2a: Deoxys|0 fnt\n|-boost|p1a: Torkoal|spe|1\n|-sideend|p1: RYhiarim|Stealth Rock|[from] move: Rapid Spin|[of] p1a: Torkoal\n|faint|p2a: Deoxys\n|\n|-weather|SunnyDay|[upkeep]\n|-heal|p1a: Torkoal|52\/100 tox|[from] Grassy Terrain\n|-damage|p1a: Torkoal|46\/100 tox|[from] psn\n|-fieldend|move: Grassy Terrain\n|upkeep\n|\n|t:|1700500491\n|switch|p2a: Xurkitree|Xurkitree|100\/100\n|-damage|p2a: Xurkitree|88\/100|[from] Stealth Rock\n|turn|19\n|\n|t:|1700500498\n|move|p2a: Xurkitree|Volt Switch|p1a: Torkoal\n|-damage|p1a: Torkoal|3\/100 tox\n|\n|t:|1700500509\n|switch|p2a: Iron Valiant|Iron Valiant|91\/100|[from] Volt Switch\n|-damage|p2a: Iron Valiant|85\/100|[from] Stealth Rock\n|move|p1a: Torkoal|Yawn|p2a: Iron Valiant\n|-start|p2a: Iron Valiant|move: Yawn|[of] p1a: Torkoal\n|\n|-weather|SunnyDay|[upkeep]\n|-damage|p1a: Torkoal|0 fnt|[from] psn\n|faint|p1a: Torkoal\n|upkeep\n|\n|t:|1700500520\n|switch|p1a: Venusaur|Venusaur, F|100\/100\n|turn|20\n|\n|t:|1700500527\n|move|p1a: Venusaur|Growth|p1a: Venusaur\n|-boost|p1a: Venusaur|atk|2\n|-boost|p1a: Venusaur|spa|2\n|move|p2a: Iron Valiant|Psycho Cut|p1a: Venusaur\n|-supereffective|p1a: Venusaur\n|-damage|p1a: Venusaur|24\/100\n|-damage|p2a: Iron Valiant|75\/100|[from] item: Life Orb\n|\n|-weather|SunnyDay|[upkeep]\n|-end|p2a: Iron Valiant|move: Yawn|[silent]\n|-status|p2a: Iron Valiant|slp\n|upkeep\n|turn|21\n|\n|t:|1700500544\n|-end|p2a: Iron Valiant|Quark Drive|[silent]\n|switch|p2a: Aerodactyl|Aerodactyl, M|100\/100\n|-damage|p2a: Aerodactyl|76\/100|[from] Stealth Rock\n|move|p1a: Venusaur|Sludge Bomb|p2a: Aerodactyl\n|-resisted|p2a: Aerodactyl\n|-damage|p2a: Aerodactyl|0 fnt\n|faint|p2a: Aerodactyl\n|-damage|p1a: Venusaur|14\/100|[from] item: Life Orb\n|\n|-weather|none\n|upkeep\n|\n|t:|1700500554\n|switch|p2a: Xurkitree|Xurkitree|88\/100\n|-damage|p2a: Xurkitree|76\/100|[from] Stealth Rock\n|turn|22\n|\n|t:|1700500566\n|move|p2a: Xurkitree|Discharge|p1a: Venusaur\n|-resisted|p1a: Venusaur\n|-damage|p1a: Venusaur|0 fnt\n|faint|p1a: Venusaur\n|-ability|p2a: Xurkitree|Beast Boost|boost\n|-boost|p2a: Xurkitree|spa|1\n|\n|upkeep\n|\n|t:|1700500574\n|switch|p1a: Rillaboom|Rillaboom, F|94\/100 tox\n|-fieldstart|move: Grassy Terrain|[from] ability: Grassy Surge|[of] p1a: Rillaboom\n|turn|23\n|\n|t:|1700500579\n|-terastallize|p2a: Xurkitree|Electric\n|move|p1a: Rillaboom|Grassy Glide|p2a: Xurkitree\n|-crit|p2a: Xurkitree\n|-damage|p2a: Xurkitree|0 fnt\n|faint|p2a: Xurkitree\n|\n|-heal|p1a: Rillaboom|100\/100 tox|[from] Grassy Terrain\n|-damage|p1a: Rillaboom|94\/100 tox|[from] psn\n|upkeep\n|c|\u2606Aesti|REALLY?!?!\n|c|\u2606Aesti|A CRIT?!?!\n|c|\u2606Aesti|Cmon man, as if my luck was not bad already qwq\n|\n|t:|1700500608\n|switch|p2a: Porygon-Z|Porygon-Z|100\/100\n|-damage|p2a: Porygon-Z|88\/100|[from] Stealth Rock\n|turn|24\n|\n|t:|1700500615\n|-zpower|p2a: Porygon-Z\n|move|p2a: Porygon-Z|Breakneck Blitz|p1a: Rillaboom|[zeffect]\n|-damage|p1a: Rillaboom|0 fnt\n|faint|p1a: Rillaboom\n|\n|-heal|p2a: Porygon-Z|94\/100|[from] Grassy Terrain\n|-sideend|p2: Aesti|Reflect\n|upkeep\n|\n|t:|1700500626\n|switch|p1a: Bewear|Bewear, M, shiny, tera:Fire|36\/100\n|turn|25\n|\n|t:|1700500630\n|move|p2a: Porygon-Z|Tri Attack|p1a: Bewear\n|-damage|p1a: Bewear|7\/100\n|move|p1a: Bewear|Drain Punch|p2a: Porygon-Z\n|-supereffective|p2a: Porygon-Z\n|-damage|p2a: Porygon-Z|10\/100\n|-heal|p1a: Bewear|37\/100|[from] drain|[of] p2a: Porygon-Z\n|\n|-heal|p2a: Porygon-Z|16\/100|[from] Grassy Terrain\n|-heal|p1a: Bewear|43\/100|[from] Grassy Terrain\n|upkeep\n|turn|26\n|\n|t:|1700500641\n|move|p2a: Porygon-Z|Tri Attack|p1a: Bewear\n|-damage|p1a: Bewear|12\/100\n|move|p1a: Bewear|Drain Punch|p2a: Porygon-Z\n|-supereffective|p2a: Porygon-Z\n|-damage|p2a: Porygon-Z|0 fnt\n|-heal|p1a: Bewear|18\/100|[from] drain|[of] p2a: Porygon-Z\n|faint|p2a: Porygon-Z\n|\n|-heal|p1a: Bewear|24\/100|[from] Grassy Terrain\n|upkeep\n|\n|t:|1700500645\n|switch|p2a: Iron Valiant|Iron Valiant|75\/100 slp\n|-damage|p2a: Iron Valiant|69\/100 slp|[from] Stealth Rock\n|turn|27\n|inactive|Battle timer is ON: inactive players will automatically lose when time's up. (requested by Aesti)\n|\n|t:|1700500677\n|switch|p1a: Whimsicott|Whimsicott, F, shiny|30\/100 tox\n|cant|p2a: Iron Valiant|slp\n|\n|-heal|p2a: Iron Valiant|75\/100 slp|[from] Grassy Terrain\n|-heal|p1a: Whimsicott|36\/100 tox|[from] Grassy Terrain\n|-heal|p1a: Whimsicott|42\/100 tox|[from] item: Leftovers\n|-damage|p1a: Whimsicott|36\/100 tox|[from] psn\n|upkeep\n|turn|28\n|\n|t:|1700500688\n|move|p1a: Whimsicott|Leech Seed|p2a: Iron Valiant\n|-start|p2a: Iron Valiant|move: Leech Seed\n|cant|p2a: Iron Valiant|slp\n|\n|-heal|p2a: Iron Valiant|81\/100 slp|[from] Grassy Terrain\n|-heal|p1a: Whimsicott|42\/100 tox|[from] Grassy Terrain\n|-heal|p1a: Whimsicott|48\/100 tox|[from] item: Leftovers\n|-damage|p2a: Iron Valiant|69\/100 slp|[from] Leech Seed|[of] p1a: Whimsicott\n|-heal|p1a: Whimsicott|59\/100 tox|[silent]\n|-damage|p1a: Whimsicott|47\/100 tox|[from] psn\n|upkeep\n|turn|29\n|\n|t:|1700500703\n|move|p1a: Whimsicott|Substitute|p1a: Whimsicott\n|-start|p1a: Whimsicott|Substitute\n|-damage|p1a: Whimsicott|22\/100 tox\n|cant|p2a: Iron Valiant|slp\n|\n|-heal|p2a: Iron Valiant|75\/100 slp|[from] Grassy Terrain\n|-heal|p1a: Whimsicott|28\/100 tox|[from] Grassy Terrain\n|-heal|p1a: Whimsicott|34\/100 tox|[from] item: Leftovers\n|-damage|p2a: Iron Valiant|62\/100 slp|[from] Leech Seed|[of] p1a: Whimsicott\n|-heal|p1a: Whimsicott|45\/100 tox|[silent]\n|-damage|p1a: Whimsicott|27\/100 tox|[from] psn\n|upkeep\n|turn|30\n|\n|t:|1700500724\n|move|p1a: Whimsicott|Leech Seed||[still]\n|-fail|p1a: Whimsicott\n|-curestatus|p2a: Iron Valiant|slp|[msg]\n|move|p2a: Iron Valiant|Spirit Break|p1a: Whimsicott\n|-end|p1a: Whimsicott|Substitute\n|-damage|p2a: Iron Valiant|53\/100|[from] item: Life Orb\n|\n|-heal|p2a: Iron Valiant|59\/100|[from] Grassy Terrain\n|-heal|p1a: Whimsicott|33\/100 tox|[from] Grassy Terrain\n|-heal|p1a: Whimsicott|39\/100 tox|[from] item: Leftovers\n|-damage|p2a: Iron Valiant|47\/100|[from] Leech Seed|[of] p1a: Whimsicott\n|-heal|p1a: Whimsicott|50\/100 tox|[silent]\n|-damage|p1a: Whimsicott|25\/100 tox|[from] psn\n|-fieldend|move: Grassy Terrain\n|upkeep\n|turn|31\n|\n|t:|1700500744\n|move|p1a: Whimsicott|Toxic|p2a: Iron Valiant\n|-status|p2a: Iron Valiant|tox\n|move|p2a: Iron Valiant|Spirit Break|p1a: Whimsicott\n|-damage|p1a: Whimsicott|0 fnt\n|faint|p1a: Whimsicott\n|-damage|p2a: Iron Valiant|37\/100 tox|[from] item: Life Orb\n|\n|-damage|p2a: Iron Valiant|31\/100 tox|[from] psn\n|upkeep\n|inactive|RYhiarim has 120 seconds left.\n|\n|t:|1700500755\n|switch|p1a: Bewear|Bewear, M, shiny, tera:Fire|24\/100\n|turn|32\n|\n|t:|1700500761\n|move|p2a: Iron Valiant|Close Combat|p1a: Bewear\n|-damage|p1a: Bewear|0 fnt\n|-unboost|p2a: Iron Valiant|def|1\n|-unboost|p2a: Iron Valiant|spd|1\n|faint|p1a: Bewear\n|-damage|p2a: Iron Valiant|21\/100 tox|[from] item: Life Orb\n|\n|-damage|p2a: Iron Valiant|8\/100 tox|[from] psn\n|upkeep\n|\n|t:|1700500770\n|switch|p1a: Heatran|Heatran, M|41\/100\n|turn|33\n|\n|t:|1700500787\n|move|p1a: Heatran|Protect|p1a: Heatran\n|-singleturn|p1a: Heatran|Protect\n|move|p2a: Iron Valiant|Close Combat|p1a: Heatran\n|-activate|p1a: Heatran|move: Protect\n|\n|-damage|p2a: Iron Valiant|0 fnt|[from] Leech Seed|[of] p1a: Heatran\n|-heal|p1a: Heatran|47\/100|[silent]\n|faint|p2a: Iron Valiant\n|-end|p2a: Iron Valiant|Quark Drive|[silent]\n|\n|win|RYhiarim\n|upkeep\n|raw|RYhiarim's rating: 1076 &rarr; <strong>1108<\/strong><br \/>(+32 for winning)\n|raw|Aesti's rating: 1115 &rarr; <strong>1087<\/strong><br \/>(-28 for losing)\n|l|\u2606Aesti\n","uploadtime":1700500842,"views":4,"p1id":"ryhiarim","p2id":"aesti","formatid":"gen9nationaldex","rating":1087,"private":0,"password":""}