{"id":"gen9nationaldex-1996645413","p1":"Toreliano","p2":"Onlymanever","format":"[Gen 9] National Dex","log":"|html|<div class=\"broadcast-blue\"><strong>[Gen 9] National Dex is currently suspecting Sneasler! For information on how to participate check out the <a href=\"https:\/\/www.smogon.com\/forums\/threads\/sv-national-dex-suspect-8-just-dance.3731534\/\">suspect thread<\/a>.<\/strong><\/div>\n|j|\u2606Toreliano\n|j|\u203dOnlymanever\n|t:|1700704585\n|gametype|singles\n|player|p1|Toreliano|kieran-festival|1035\n|player|p2|Onlymanever|lyra|1072\n|teamsize|p1|6\n|teamsize|p2|6\n|gen|9\n|tier|[Gen 9] National Dex\n|rated|\n|rule|HP Percentage Mod: HP is shown in percentages\n|rule|Endless Battle Clause: Forcing endless battles is banned\n|rule|OHKO Clause: OHKO moves are banned\n|rule|Evasion Clause: Evasion abilities, items, and moves are banned\n|rule|Evasion Abilities Clause: Evasion abilities are banned\n|rule|Evasion Items Clause: Evasion items are banned\n|rule|Evasion Moves Clause: Evasion moves are banned\n|rule|Species Clause: Limit one of each Pok\u00e9mon\n|rule|Sleep Clause Mod: Limit one foe put to sleep\n|clearpoke\n|poke|p1|Ogerpon, F|\n|poke|p1|Skeledirge, M|\n|poke|p1|Mimikyu, M|\n|poke|p1|Lurantis, F|\n|poke|p1|Swampert, M|\n|poke|p1|Tatsugiri, M|\n|poke|p2|Inteleon, M|\n|poke|p2|Gallade, M|\n|poke|p2|Arcanine, F|\n|poke|p2|Staraptor, F|\n|poke|p2|Mr. Mime, M|\n|poke|p2|Electivire, M|\n|teampreview\n|\n|t:|1700704614\n|start\n|switch|p1a: Alfa|Swampert, M, shiny|100\/100\n|switch|p2a: Inteleon|Inteleon, M|100\/100\n|turn|1\n|\n|t:|1700704625\n|detailschange|p1a: Alfa|Swampert-Mega, M, shiny\n|-mega|p1a: Alfa|Swampert|Swampertite\n|move|p2a: Inteleon|Snipe Shot|p1a: Alfa\n|-crit|p1a: Alfa\n|-damage|p1a: Alfa|25\/100\n|move|p1a: Alfa|Flip Turn|p2a: Inteleon\n|-resisted|p2a: Inteleon\n|-damage|p2a: Inteleon|65\/100\n|\n|t:|1700704634\n|switch|p1a: Ogerpon|Ogerpon, F|100\/100|[from] Flip Turn\n|\n|-heal|p2a: Inteleon|71\/100|[from] item: Leftovers\n|upkeep\n|turn|2\n|\n|t:|1700704643\n|switch|p2a: Arcanine|Arcanine, F|100\/100\n|-terastallize|p1a: Ogerpon|Grass\n|detailschange|p1a: Ogerpon|Ogerpon-Teal-Tera, F, tera:Grass\n|-ability|p1a: Ogerpon|Embody Aspect (Teal)|boost\n|-boost|p1a: Ogerpon|spe|1\n|move|p1a: Ogerpon|Ivy Cudgel|p2a: Arcanine\n|-resisted|p2a: Arcanine\n|-damage|p2a: Arcanine|53\/100\n|\n|-heal|p2a: Arcanine|60\/100|[from] item: Leftovers\n|upkeep\n|turn|3\n|\n|t:|1700704657\n|move|p1a: Ogerpon|Knock Off|p2a: Arcanine\n|-damage|p2a: Arcanine|17\/100\n|-enditem|p2a: Arcanine|Leftovers|[from] move: Knock Off|[of] p1a: Ogerpon\n|move|p2a: Arcanine|Flare Blitz|p1a: Ogerpon\n|-supereffective|p1a: Ogerpon\n|-damage|p1a: Ogerpon|0 fnt\n|faint|p1a: Ogerpon\n|-damage|p2a: Arcanine|0 fnt|[from] Recoil\n|faint|p2a: Arcanine\n|\n|upkeep\n|\n|t:|1700704676\n|switch|p2a: Inteleon|Inteleon, M|71\/100\n|switch|p1a: Skeledirge|Skeledirge, M|100\/100\n|turn|4\n|\n|t:|1700704689\n|move|p2a: Inteleon|Snipe Shot|p1a: Skeledirge\n|-supereffective|p1a: Skeledirge\n|-damage|p1a: Skeledirge|20\/100\n|move|p1a: Skeledirge|Hyper Voice|p2a: Inteleon\n|-damage|p2a: Inteleon|32\/100\n|\n|-heal|p2a: Inteleon|38\/100|[from] item: Leftovers\n|-heal|p1a: Skeledirge|26\/100|[from] item: Leftovers\n|upkeep\n|turn|5\n|\n|t:|1700704699\n|move|p2a: Inteleon|Snipe Shot|p1a: Skeledirge\n|-supereffective|p1a: Skeledirge\n|-damage|p1a: Skeledirge|0 fnt\n|faint|p1a: Skeledirge\n|\n|-heal|p2a: Inteleon|44\/100|[from] item: Leftovers\n|upkeep\n|\n|t:|1700704707\n|switch|p1a: El d\u00eda al rev\u00e9s :v|Lurantis, F, shiny|100\/100\n|turn|6\n|\n|t:|1700704720\n|switch|p2a: Staraptor|Staraptor, F|100\/100\n|move|p1a: El d\u00eda al rev\u00e9s :v|Leaf Storm|p2a: Staraptor\n|-resisted|p2a: Staraptor\n|-damage|p2a: Staraptor|64\/100\n|-boost|p1a: El d\u00eda al rev\u00e9s :v|spa|2\n|\n|-heal|p2a: Staraptor|70\/100|[from] item: Leftovers\n|upkeep\n|turn|7\n|\n|t:|1700704730\n|move|p2a: Staraptor|Brave Bird|p1a: El d\u00eda al rev\u00e9s :v\n|-supereffective|p1a: El d\u00eda al rev\u00e9s :v\n|-damage|p1a: El d\u00eda al rev\u00e9s :v|0 fnt\n|faint|p1a: El d\u00eda al rev\u00e9s :v\n|-damage|p2a: Staraptor|40\/100|[from] Recoil\n|\n|-heal|p2a: Staraptor|46\/100|[from] item: Leftovers\n|upkeep\n|\n|t:|1700704739\n|switch|p1a: Alfa|Swampert-Mega, M, shiny|25\/100\n|turn|8\n|\n|t:|1700704742\n|move|p2a: Staraptor|Brave Bird|p1a: Alfa\n|-damage|p1a: Alfa|0 fnt\n|faint|p1a: Alfa\n|-damage|p2a: Staraptor|37\/100|[from] Recoil\n|\n|-heal|p2a: Staraptor|43\/100|[from] item: Leftovers\n|upkeep\n|\n|t:|1700704751\n|switch|p1a: Ricardo|Tatsugiri, M|100\/100\n|turn|9\n|\n|t:|1700704760\n|move|p2a: Staraptor|Brave Bird|p1a: Ricardo\n|-damage|p1a: Ricardo|0 fnt\n|faint|p1a: Ricardo\n|-damage|p2a: Staraptor|14\/100|[from] Recoil\n|\n|-heal|p2a: Staraptor|20\/100|[from] item: Leftovers\n|upkeep\n|\n|t:|1700704769\n|switch|p1a: Angelito|Mimikyu, M|100\/100\n|turn|10\n|\n|t:|1700704774\n|move|p2a: Staraptor|Brave Bird|p1a: Angelito\n|-activate|p1a: Angelito|ability: Disguise\n|-damage|p1a: Angelito|100\/100\n|detailschange|p1a: Angelito|Mimikyu-Busted, M\n|-damage|p1a: Angelito|88\/100|[from] pokemon: Mimikyu-Busted\n|move|p1a: Angelito|Play Rough|p2a: Staraptor\n|-damage|p2a: Staraptor|0 fnt\n|faint|p2a: Staraptor\n|-damage|p1a: Angelito|78\/100|[from] item: Life Orb\n|\n|upkeep\n|\n|t:|1700704788\n|switch|p2a: Electivire|Electivire, M|100\/100\n|turn|11\n|\n|t:|1700704794\n|move|p1a: Angelito|Swords Dance|p1a: Angelito\n|-boost|p1a: Angelito|atk|2\n|move|p2a: Electivire|Thunderbolt|p1a: Angelito\n|-damage|p1a: Angelito|41\/100\n|\n|upkeep\n|turn|12\n|\n|t:|1700704802\n|move|p1a: Angelito|Shadow Claw|p2a: Electivire\n|-crit|p2a: Electivire\n|-damage|p2a: Electivire|0 fnt\n|faint|p2a: Electivire\n|-damage|p1a: Angelito|31\/100|[from] item: Life Orb\n|\n|upkeep\n|\n|t:|1700704810\n|switch|p2a: Gallade|Gallade, M|100\/100\n|turn|13\n|\n|t:|1700704814\n|move|p2a: Gallade|Shadow Sneak|p1a: Angelito\n|-supereffective|p1a: Angelito\n|-damage|p1a: Angelito|0 fnt\n|faint|p1a: Angelito\n|\n|win|Onlymanever\n|raw|Toreliano's rating: 1035 &rarr; <strong>1021<\/strong><br \/>(-14 for losing)\n|raw|Onlymanever's rating: 1072 &rarr; <strong>1098<\/strong><br \/>(+26 for winning)\n","uploadtime":1700704883,"views":1,"p1id":"toreliano","p2id":"onlymanever","formatid":"gen9nationaldex","rating":1021,"private":0,"password":""}