{"id":"gen9nationaldex-1992689475","p1":"htrrrr","p2":"johim","format":"[Gen 9] National Dex","log":"|j|\u2606htrrrr\n|j|\u2606johim\n|t:|1700225543\n|gametype|singles\n|player|p1|htrrrr|clerkf|1104\n|player|p2|johim|riley|1093\n|teamsize|p1|6\n|teamsize|p2|6\n|gen|9\n|tier|[Gen 9] National Dex\n|rated|\n|rule|HP Percentage Mod: HP is shown in percentages\n|rule|Endless Battle Clause: Forcing endless battles is banned\n|rule|OHKO Clause: OHKO moves are banned\n|rule|Evasion Clause: Evasion abilities, items, and moves are banned\n|rule|Evasion Abilities Clause: Evasion abilities are banned\n|rule|Evasion Items Clause: Evasion items are banned\n|rule|Evasion Moves Clause: Evasion moves are banned\n|rule|Species Clause: Limit one of each Pok\u00e9mon\n|rule|Sleep Clause Mod: Limit one foe put to sleep\n|clearpoke\n|poke|p1|Typhlosion, F|\n|poke|p1|Tyranitar, M|\n|poke|p1|Torterra, M|\n|poke|p1|Torkoal, M|\n|poke|p1|Tentacruel, F|\n|poke|p1|Garchomp, F|\n|poke|p2|Charizard, M|\n|poke|p2|Rhydon, M|\n|poke|p2|Cloyster, M|\n|poke|p2|Crobat, M|\n|poke|p2|Magneton|\n|poke|p2|Hitmonlee, M|\n|teampreview\n|\n|t:|1700225549\n|start\n|switch|p1a: Tyler|Typhlosion, F, shiny|100\/100\n|switch|p2a: Rhydon|Rhydon, M|100\/100\n|turn|1\n|\n|t:|1700225558\n|move|p1a: Tyler|Eruption|p2a: Rhydon\n|-resisted|p2a: Rhydon\n|-damage|p2a: Rhydon|78\/100\n|move|p2a: Rhydon|Earthquake|p1a: Tyler\n|-supereffective|p1a: Tyler\n|-damage|p1a: Tyler|0 fnt\n|faint|p1a: Tyler\n|\n|upkeep\n|\n|t:|1700225567\n|switch|p1a: Tyler 2|Tyranitar, M, shiny|100\/100\n|-weather|Sandstorm|[from] ability: Sand Stream|[of] p1a: Tyler 2\n|turn|2\n|\n|t:|1700225576\n|-terastallize|p2a: Rhydon|Water\n|move|p1a: Tyler 2|Earthquake|p2a: Rhydon\n|-damage|p2a: Rhydon|63\/100\n|move|p2a: Rhydon|Swords Dance|p2a: Rhydon\n|-boost|p2a: Rhydon|atk|2\n|\n|-weather|Sandstorm|[upkeep]\n|-damage|p2a: Rhydon|57\/100|[from] Sandstorm\n|upkeep\n|turn|3\n|\n|t:|1700225584\n|move|p1a: Tyler 2|Thunderbolt|p2a: Rhydon\n|-ability|p2a: Rhydon|Lightning Rod|boost\n|-boost|p2a: Rhydon|spa|1\n|move|p2a: Rhydon|Earthquake|p1a: Tyler 2\n|-supereffective|p1a: Tyler 2\n|-damage|p1a: Tyler 2|0 fnt\n|faint|p1a: Tyler 2\n|\n|-weather|Sandstorm|[upkeep]\n|-damage|p2a: Rhydon|50\/100|[from] Sandstorm\n|upkeep\n|\n|t:|1700225592\n|switch|p1a: Tyler 3|Torterra, M, shiny|100\/100\n|turn|4\n|\n|t:|1700225595\n|move|p1a: Tyler 3|Giga Drain|p2a: Rhydon\n|-supereffective|p2a: Rhydon\n|-damage|p2a: Rhydon|24\/100\n|move|p2a: Rhydon|Ice Punch|p1a: Tyler 3\n|-supereffective|p1a: Tyler 3\n|-damage|p1a: Tyler 3|0 fnt\n|-damage|p2a: Rhydon|8\/100|[from] item: Rocky Helmet|[of] p1a: Tyler 3\n|faint|p1a: Tyler 3\n|\n|-weather|Sandstorm|[upkeep]\n|-damage|p2a: Rhydon|2\/100|[from] Sandstorm\n|upkeep\n|\n|t:|1700225605\n|switch|p1a: Tyler 4|Torkoal, M, shiny|100\/100\n|-weather|SunnyDay|[from] ability: Drought|[of] p1a: Tyler 4\n|turn|5\n|\n|t:|1700225611\n|move|p2a: Rhydon|Earthquake|p1a: Tyler 4\n|-supereffective|p1a: Tyler 4\n|-enditem|p1a: Tyler 4|Focus Sash\n|-damage|p1a: Tyler 4|1\/100\n|move|p1a: Tyler 4|Rapid Spin|p2a: Rhydon\n|-damage|p2a: Rhydon|0 fnt\n|-boost|p1a: Tyler 4|spe|1\n|faint|p2a: Rhydon\n|\n|-weather|SunnyDay|[upkeep]\n|upkeep\n|\n|t:|1700225641\n|switch|p2a: Hitmonlee|Hitmonlee, M|100\/100\n|turn|6\n|\n|t:|1700225645\n|move|p2a: Hitmonlee|Rapid Spin|p1a: Tyler 4\n|-damage|p1a: Tyler 4|0 fnt\n|-boost|p2a: Hitmonlee|spe|1\n|faint|p1a: Tyler 4\n|\n|-weather|SunnyDay|[upkeep]\n|upkeep\n|\n|t:|1700225651\n|switch|p1a: Tyler 5|Tentacruel, F, shiny|100\/100\n|turn|7\n|\n|t:|1700225656\n|move|p2a: Hitmonlee|Bulk Up|p2a: Hitmonlee\n|-boost|p2a: Hitmonlee|atk|1\n|-boost|p2a: Hitmonlee|def|1\n|move|p1a: Tyler 5|Sludge Wave|p2a: Hitmonlee\n|-damage|p2a: Hitmonlee|55\/100\n|\n|-weather|SunnyDay|[upkeep]\n|upkeep\n|turn|8\n|\n|t:|1700225664\n|move|p2a: Hitmonlee|Bulk Up|p2a: Hitmonlee\n|-boost|p2a: Hitmonlee|atk|1\n|-boost|p2a: Hitmonlee|def|1\n|move|p1a: Tyler 5|Sludge Wave|p2a: Hitmonlee\n|-damage|p2a: Hitmonlee|10\/100\n|\n|-weather|SunnyDay|[upkeep]\n|upkeep\n|turn|9\n|\n|t:|1700225670\n|move|p2a: Hitmonlee|Stone Edge|p1a: Tyler 5\n|-damage|p1a: Tyler 5|0 fnt\n|faint|p1a: Tyler 5\n|\n|-weather|none\n|upkeep\n|\n|t:|1700225675\n|switch|p1a: Gary|Garchomp, F, shiny|100\/100\n|turn|10\n|\n|t:|1700225683\n|move|p2a: Hitmonlee|Close Combat|p1a: Gary\n|-damage|p1a: Gary|0 fnt\n|-unboost|p2a: Hitmonlee|def|1\n|-unboost|p2a: Hitmonlee|spd|1\n|-damage|p2a: Hitmonlee|0 fnt|[from] ability: Rough Skin|[of] p1a: Gary\n|faint|p1a: Gary\n|faint|p2a: Hitmonlee\n|\n|win|johim\n|raw|htrrrr's rating: 1104 &rarr; <strong>1078<\/strong><br \/>(-26 for losing)\n|raw|johim's rating: 1093 &rarr; <strong>1120<\/strong><br \/>(+27 for winning)\n","uploadtime":1700225694,"views":12,"p1id":"htrrrr","p2id":"johim","formatid":"gen9nationaldex","rating":1078,"private":0,"password":""}