{"id":"gen9nationaldex-1996533057","p1":"Killa_Ant","p2":"kimi777","format":"[Gen 9] National Dex","log":"|html|<div class=\"broadcast-blue\"><strong>[Gen 9] National Dex is currently suspecting Sneasler! For information on how to participate check out the <a href=\"https:\/\/www.smogon.com\/forums\/threads\/sv-national-dex-suspect-8-just-dance.3731534\/\">suspect thread<\/a>.<\/strong><\/div>\n|j|\u2606Killa_Ant\n|j|\u2606kimi777\n|t:|1700691414\n|gametype|singles\n|player|p1|Killa_Ant|az|1249\n|player|p2|kimi777|giovanni|1364\n|teamsize|p1|6\n|teamsize|p2|6\n|gen|9\n|tier|[Gen 9] National Dex\n|rated|\n|rule|HP Percentage Mod: HP is shown in percentages\n|rule|Endless Battle Clause: Forcing endless battles is banned\n|rule|OHKO Clause: OHKO moves are banned\n|rule|Evasion Clause: Evasion abilities, items, and moves are banned\n|rule|Evasion Abilities Clause: Evasion abilities are banned\n|rule|Evasion Items Clause: Evasion items are banned\n|rule|Evasion Moves Clause: Evasion moves are banned\n|rule|Species Clause: Limit one of each Pok\u00e9mon\n|rule|Sleep Clause Mod: Limit one foe put to sleep\n|clearpoke\n|poke|p1|Ludicolo, M|\n|poke|p1|Pelipper, M|\n|poke|p1|Kilowattrel, F|\n|poke|p1|Toxicroak, F|\n|poke|p1|Corviknight, M|\n|poke|p1|Goodra, F|\n|poke|p2|Aegislash, M|\n|poke|p2|Alomomola, F|\n|poke|p2|Ting-Lu|\n|poke|p2|Rillaboom, M|\n|poke|p2|Zapdos|\n|poke|p2|Lopunny, M|\n|teampreview\n|inactive|Battle timer is ON: inactive players will automatically lose when time's up. (requested by kimi777)\n|\n|t:|1700691430\n|start\n|switch|p1a: Pelipper|Pelipper, M|100\/100\n|switch|p2a: \u5361\u666e\u7329\u7329|Rillaboom, M, shiny|100\/100\n|-fieldstart|move: Grassy Terrain|[from] ability: Grassy Surge|[of] p2a: \u5361\u666e\u7329\u7329\n|-weather|RainDance|[from] ability: Drizzle|[of] p1a: Pelipper\n|turn|1\n|\n|t:|1700691439\n|move|p2a: \u5361\u666e\u7329\u7329|Knock Off|p1a: Pelipper\n|-damage|p1a: Pelipper|60\/100\n|-enditem|p1a: Pelipper|Damp Rock|[from] move: Knock Off|[of] p2a: \u5361\u666e\u7329\u7329\n|move|p1a: Pelipper|Hurricane|p2a: \u5361\u666e\u7329\u7329\n|-supereffective|p2a: \u5361\u666e\u7329\u7329\n|-damage|p2a: \u5361\u666e\u7329\u7329|0 fnt\n|faint|p2a: \u5361\u666e\u7329\u7329\n|\n|-weather|RainDance|[upkeep]\n|upkeep\n|\n|t:|1700691448\n|switch|p2a: \u9ebb|Zapdos, shiny|100\/100\n|turn|2\n|\n|t:|1700691452\n|switch|p1a: Kilowattrel|Kilowattrel, F|100\/100\n|move|p2a: \u9ebb|Volt Switch|p1a: Kilowattrel\n|-immune|p1a: Kilowattrel|[from] ability: Volt Absorb\n|\n|-weather|RainDance|[upkeep]\n|upkeep\n|turn|3\n|\n|t:|1700691463\n|switch|p2a: \u4fdd\u9556|Ting-Lu|100\/100\n|-ability|p2a: \u4fdd\u9556|Vessel of Ruin\n|move|p1a: Kilowattrel|Weather Ball|p2a: \u4fdd\u9556\n|-supereffective|p2a: \u4fdd\u9556\n|-damage|p2a: \u4fdd\u9556|34\/100\n|-damage|p1a: Kilowattrel|91\/100|[from] item: Life Orb\n|\n|-weather|RainDance|[upkeep]\n|-heal|p2a: \u4fdd\u9556|40\/100|[from] Grassy Terrain\n|-heal|p2a: \u4fdd\u9556|46\/100|[from] item: Leftovers\n|upkeep\n|turn|4\n|\n|t:|1700691487\n|move|p2a: \u4fdd\u9556|Protect|p2a: \u4fdd\u9556\n|-singleturn|p2a: \u4fdd\u9556|Protect\n|move|p1a: Kilowattrel|Volt Switch|p2a: \u4fdd\u9556\n|-activate|p2a: \u4fdd\u9556|move: Protect\n|\n|-weather|RainDance|[upkeep]\n|-heal|p2a: \u4fdd\u9556|52\/100|[from] Grassy Terrain\n|-heal|p2a: \u4fdd\u9556|59\/100|[from] item: Leftovers\n|upkeep\n|turn|5\n|\n|t:|1700691499\n|-terastallize|p1a: Kilowattrel|Water\n|move|p1a: Kilowattrel|Weather Ball|p2a: \u4fdd\u9556\n|-supereffective|p2a: \u4fdd\u9556\n|-damage|p2a: \u4fdd\u9556|0 fnt\n|faint|p2a: \u4fdd\u9556\n|-damage|p1a: Kilowattrel|81\/100|[from] item: Life Orb\n|\n|-weather|RainDance|[upkeep]\n|-heal|p1a: Kilowattrel|87\/100|[from] Grassy Terrain\n|-fieldend|move: Grassy Terrain\n|upkeep\n|\n|t:|1700691509\n|switch|p2a: \u8001\u5a46|Lopunny, M, shiny|100\/100\n|turn|6\n|\n|t:|1700691511\n|switch|p1a: Corviknight|Corviknight, M|100\/100\n|detailschange|p2a: \u8001\u5a46|Lopunny-Mega, M, shiny\n|-mega|p2a: \u8001\u5a46|Lopunny|Lopunnite\n|move|p2a: \u8001\u5a46|Fake Out|p1a: Corviknight\n|-resisted|p1a: Corviknight\n|-damage|p1a: Corviknight|94\/100\n|\n|-weather|RainDance|[upkeep]\n|-heal|p1a: Corviknight|99\/100|[from] item: Leftovers\n|upkeep\n|turn|7\n|\n|t:|1700691529\n|switch|p2a: \u9ebb|Zapdos, shiny|100\/100\n|switch|p1a: Ludicolo|Ludicolo, M|100\/100\n|\n|-weather|RainDance|[upkeep]\n|upkeep\n|turn|8\n|\n|t:|1700691537\n|switch|p2a: \u53ef\u9760\u7684\u80cc\u5f71|Alomomola, F, shiny|100\/100\n|move|p1a: Ludicolo|Ice Beam|p2a: \u53ef\u9760\u7684\u80cc\u5f71\n|-resisted|p2a: \u53ef\u9760\u7684\u80cc\u5f71\n|-damage|p2a: \u53ef\u9760\u7684\u80cc\u5f71|80\/100\n|\n|-weather|none\n|upkeep\n|turn|9\n|\n|t:|1700691540\n|switch|p1a: Pelipper|Pelipper, M|60\/100\n|-weather|RainDance|[from] ability: Drizzle|[of] p1a: Pelipper\n|move|p2a: \u53ef\u9760\u7684\u80cc\u5f71|Toxic|p1a: Pelipper\n|-status|p1a: Pelipper|tox\n|\n|-weather|RainDance|[upkeep]\n|-damage|p1a: Pelipper|54\/100 tox|[from] psn\n|upkeep\n|turn|10\n|\n|t:|1700691544\n|move|p2a: \u53ef\u9760\u7684\u80cc\u5f71|Flip Turn|p1a: Pelipper\n|-resisted|p1a: Pelipper\n|-damage|p1a: Pelipper|45\/100 tox\n|\n|t:|1700691547\n|switch|p2a: \u672c\u4f53|Aegislash, M, shiny|100\/100|[from] Flip Turn\n|move|p1a: Pelipper|Roost|p1a: Pelipper\n|-heal|p1a: Pelipper|95\/100 tox\n|-singleturn|p1a: Pelipper|move: Roost\n|\n|-weather|RainDance|[upkeep]\n|-damage|p1a: Pelipper|83\/100 tox|[from] psn\n|upkeep\n|turn|11\n|\n|t:|1700691556\n|switch|p1a: Ludicolo|Ludicolo, M|100\/100\n|move|p2a: \u672c\u4f53|Substitute|p2a: \u672c\u4f53\n|-start|p2a: \u672c\u4f53|Substitute\n|-damage|p2a: \u672c\u4f53|76\/100\n|\n|-weather|RainDance|[upkeep]\n|-heal|p2a: \u672c\u4f53|82\/100|[from] item: Leftovers\n|upkeep\n|turn|12\n|\n|t:|1700691560\n|move|p1a: Ludicolo|Weather Ball|p2a: \u672c\u4f53\n|-end|p2a: \u672c\u4f53|Substitute\n|move|p2a: \u672c\u4f53|Toxic|p1a: Ludicolo\n|-status|p1a: Ludicolo|tox\n|\n|-weather|RainDance|[upkeep]\n|-heal|p2a: \u672c\u4f53|88\/100|[from] item: Leftovers\n|-damage|p1a: Ludicolo|95\/100 tox|[from] psn\n|upkeep\n|turn|13\n|\n|t:|1700691565\n|move|p2a: \u672c\u4f53|King's Shield|p2a: \u672c\u4f53\n|-singleturn|p2a: \u672c\u4f53|Protect\n|move|p1a: Ludicolo|Weather Ball|p2a: \u672c\u4f53\n|-activate|p2a: \u672c\u4f53|move: Protect\n|\n|-weather|none\n|-heal|p2a: \u672c\u4f53|94\/100|[from] item: Leftovers\n|-damage|p1a: Ludicolo|83\/100 tox|[from] psn\n|upkeep\n|turn|14\n|\n|t:|1700691570\n|switch|p1a: Pelipper|Pelipper, M|83\/100 tox\n|-weather|RainDance|[from] ability: Drizzle|[of] p1a: Pelipper\n|move|p2a: \u672c\u4f53|Substitute|p2a: \u672c\u4f53\n|-start|p2a: \u672c\u4f53|Substitute\n|-damage|p2a: \u672c\u4f53|70\/100\n|\n|-weather|RainDance|[upkeep]\n|-heal|p2a: \u672c\u4f53|76\/100|[from] item: Leftovers\n|-damage|p1a: Pelipper|76\/100 tox|[from] psn\n|upkeep\n|turn|15\n|\n|t:|1700691573\n|move|p1a: Pelipper|Hurricane|p2a: \u672c\u4f53\n|-resisted|p2a: \u672c\u4f53\n|-activate|p2a: \u672c\u4f53|move: Substitute|[damage]\n|-formechange|p2a: \u672c\u4f53|Aegislash-Blade||[from] ability: Stance Change\n|move|p2a: \u672c\u4f53|Shadow Ball|p1a: Pelipper\n|-damage|p1a: Pelipper|22\/100 tox\n|\n|-weather|RainDance|[upkeep]\n|-heal|p2a: \u672c\u4f53|82\/100|[from] item: Leftovers\n|-damage|p1a: Pelipper|10\/100 tox|[from] psn\n|upkeep\n|turn|16\n|\n|t:|1700691578\n|-formechange|p2a: \u672c\u4f53|Aegislash||[from] ability: Stance Change\n|move|p2a: \u672c\u4f53|King's Shield|p2a: \u672c\u4f53\n|-singleturn|p2a: \u672c\u4f53|Protect\n|move|p1a: Pelipper|Scald|p2a: \u672c\u4f53\n|-activate|p2a: \u672c\u4f53|move: Protect\n|\n|-weather|RainDance|[upkeep]\n|-heal|p2a: \u672c\u4f53|88\/100|[from] item: Leftovers\n|-damage|p1a: Pelipper|0 fnt|[from] psn\n|faint|p1a: Pelipper\n|upkeep\n|\n|t:|1700691588\n|switch|p1a: Goodra|Goodra, F|100\/100\n|turn|17\n|\n|t:|1700691592\n|move|p1a: Goodra|Weather Ball|p2a: \u672c\u4f53\n|-end|p2a: \u672c\u4f53|Substitute\n|move|p2a: \u672c\u4f53|Toxic|p1a: Goodra|[miss]\n|-miss|p2a: \u672c\u4f53|p1a: Goodra\n|\n|-weather|RainDance|[upkeep]\n|-heal|p2a: \u672c\u4f53|94\/100|[from] item: Leftovers\n|upkeep\n|turn|18\n|\n|t:|1700691596\n|move|p2a: \u672c\u4f53|King's Shield|p2a: \u672c\u4f53\n|-singleturn|p2a: \u672c\u4f53|Protect\n|move|p1a: Goodra|Flamethrower|p2a: \u672c\u4f53\n|-activate|p2a: \u672c\u4f53|move: Protect\n|\n|-weather|none\n|-heal|p2a: \u672c\u4f53|100\/100|[from] item: Leftovers\n|upkeep\n|turn|19\n|\n|t:|1700691599\n|move|p1a: Goodra|Flamethrower|p2a: \u672c\u4f53\n|-supereffective|p2a: \u672c\u4f53\n|-damage|p2a: \u672c\u4f53|63\/100\n|move|p2a: \u672c\u4f53|Toxic|p1a: Goodra\n|-status|p1a: Goodra|tox\n|\n|-heal|p2a: \u672c\u4f53|69\/100|[from] item: Leftovers\n|-damage|p1a: Goodra|94\/100 tox|[from] psn\n|upkeep\n|turn|20\n|\n|t:|1700691602\n|move|p1a: Goodra|Flamethrower|p2a: \u672c\u4f53\n|-supereffective|p2a: \u672c\u4f53\n|-damage|p2a: \u672c\u4f53|31\/100\n|move|p2a: \u672c\u4f53|Substitute|p2a: \u672c\u4f53\n|-start|p2a: \u672c\u4f53|Substitute\n|-damage|p2a: \u672c\u4f53|6\/100\n|\n|-heal|p1a: Goodra|100\/100 tox|[from] item: Leftovers\n|-heal|p2a: \u672c\u4f53|13\/100|[from] item: Leftovers\n|-damage|p1a: Goodra|88\/100 tox|[from] psn\n|upkeep\n|turn|21\n|\n|t:|1700691607\n|move|p2a: \u672c\u4f53|King's Shield|p2a: \u672c\u4f53\n|-singleturn|p2a: \u672c\u4f53|Protect\n|move|p1a: Goodra|Flamethrower|p2a: \u672c\u4f53\n|-activate|p2a: \u672c\u4f53|move: Protect\n|\n|-heal|p1a: Goodra|94\/100 tox|[from] item: Leftovers\n|-heal|p2a: \u672c\u4f53|19\/100|[from] item: Leftovers\n|-damage|p1a: Goodra|75\/100 tox|[from] psn\n|upkeep\n|turn|22\n|\n|t:|1700691610\n|move|p1a: Goodra|Flamethrower|p2a: \u672c\u4f53\n|-supereffective|p2a: \u672c\u4f53\n|-end|p2a: \u672c\u4f53|Substitute\n|-formechange|p2a: \u672c\u4f53|Aegislash-Blade||[from] ability: Stance Change\n|move|p2a: \u672c\u4f53|Shadow Ball|p1a: Goodra\n|-damage|p1a: Goodra|50\/100 tox\n|\n|-heal|p1a: Goodra|56\/100 tox|[from] item: Leftovers\n|-heal|p2a: \u672c\u4f53|25\/100|[from] item: Leftovers\n|-damage|p1a: Goodra|31\/100 tox|[from] psn\n|upkeep\n|turn|23\n|\n|t:|1700691614\n|switch|p2a: \u53ef\u9760\u7684\u80cc\u5f71|Alomomola, F, shiny|100\/100\n|move|p1a: Goodra|Flamethrower|p2a: \u53ef\u9760\u7684\u80cc\u5f71\n|-resisted|p2a: \u53ef\u9760\u7684\u80cc\u5f71\n|-damage|p2a: \u53ef\u9760\u7684\u80cc\u5f71|84\/100\n|\n|-heal|p1a: Goodra|38\/100 tox|[from] item: Leftovers\n|-damage|p1a: Goodra|6\/100 tox|[from] psn\n|upkeep\n|turn|24\n|\n|t:|1700691616\n|move|p1a: Goodra|Rest|p1a: Goodra\n|-status|p1a: Goodra|slp|[from] move: Rest\n|-heal|p1a: Goodra|100\/100 slp|[silent]\n|move|p2a: \u53ef\u9760\u7684\u80cc\u5f71|Wish|p2a: \u53ef\u9760\u7684\u80cc\u5f71\n|\n|upkeep\n|turn|25\n|\n|t:|1700691622\n|switch|p1a: Toxicroak|Toxicroak, F|100\/100\n|move|p2a: \u53ef\u9760\u7684\u80cc\u5f71|Flip Turn|p1a: Toxicroak\n|-immune|p1a: Toxicroak|[from] ability: Dry Skin\n|\n|-heal|p2a: \u53ef\u9760\u7684\u80cc\u5f71|100\/100|[from] move: Wish|[wisher] \u53ef\u9760\u7684\u80cc\u5f71\n|upkeep\n|turn|26\n|\n|t:|1700691626\n|switch|p2a: \u672c\u4f53|Aegislash, M, shiny|25\/100\n|move|p1a: Toxicroak|Gunk Shot|p2a: \u672c\u4f53\n|-immune|p2a: \u672c\u4f53\n|\n|-heal|p2a: \u672c\u4f53|31\/100|[from] item: Leftovers\n|upkeep\n|turn|27\n|\n|t:|1700691637\n|switch|p2a: \u9ebb|Zapdos, shiny|100\/100\n|move|p1a: Toxicroak|Sucker Punch||[still]\n|-fail|p1a: Toxicroak\n|\n|upkeep\n|turn|28\n|\n|t:|1700691642\n|move|p1a: Toxicroak|Ice Punch|p2a: \u9ebb\n|-supereffective|p2a: \u9ebb\n|-damage|p2a: \u9ebb|41\/100\n|-status|p1a: Toxicroak|par|[from] ability: Static|[of] p2a: \u9ebb\n|-damage|p1a: Toxicroak|91\/100 par|[from] item: Life Orb\n|move|p2a: \u9ebb|Heat Wave|p1a: Toxicroak\n|-damage|p1a: Toxicroak|21\/100 par\n|\n|upkeep\n|turn|29\n|\n|t:|1700691647\n|move|p1a: Toxicroak|Sucker Punch||[still]\n|-fail|p1a: Toxicroak\n|move|p2a: \u9ebb|Roost|p2a: \u9ebb\n|-heal|p2a: \u9ebb|91\/100\n|-singleturn|p2a: \u9ebb|move: Roost\n|\n|upkeep\n|turn|30\n|\n|t:|1700691650\n|move|p1a: Toxicroak|Sucker Punch|p2a: \u9ebb\n|-crit|p2a: \u9ebb\n|-damage|p2a: \u9ebb|47\/100\n|-damage|p1a: Toxicroak|11\/100 par|[from] item: Life Orb\n|move|p2a: \u9ebb|Volt Switch|p1a: Toxicroak\n|-damage|p1a: Toxicroak|0 fnt\n|faint|p1a: Toxicroak\n|\n|t:|1700691655\n|switch|p2a: \u53ef\u9760\u7684\u80cc\u5f71|Alomomola, F, shiny|100\/100|[from] Volt Switch\n|\n|upkeep\n|\n|t:|1700691659\n|switch|p1a: Kilowattrel|Kilowattrel, F, tera:Water|87\/100\n|turn|31\n|\n|t:|1700691668\n|-terastallize|p2a: \u53ef\u9760\u7684\u80cc\u5f71|Steel\n|move|p1a: Kilowattrel|Thunder|p2a: \u53ef\u9760\u7684\u80cc\u5f71|[miss]\n|-miss|p1a: Kilowattrel|p2a: \u53ef\u9760\u7684\u80cc\u5f71\n|move|p2a: \u53ef\u9760\u7684\u80cc\u5f71|Toxic|p1a: Kilowattrel\n|-status|p1a: Kilowattrel|tox\n|\n|-damage|p1a: Kilowattrel|81\/100 tox|[from] psn\n|upkeep\n|turn|32\n|\n|t:|1700691672\n|move|p2a: \u53ef\u9760\u7684\u80cc\u5f71|Protect|p2a: \u53ef\u9760\u7684\u80cc\u5f71\n|-singleturn|p2a: \u53ef\u9760\u7684\u80cc\u5f71|Protect\n|move|p1a: Kilowattrel|Volt Switch|p2a: \u53ef\u9760\u7684\u80cc\u5f71\n|-activate|p2a: \u53ef\u9760\u7684\u80cc\u5f71|move: Protect\n|\n|-damage|p1a: Kilowattrel|68\/100 tox|[from] psn\n|upkeep\n|turn|33\n|\n|t:|1700691676\n|switch|p2a: \u9ebb|Zapdos, shiny|47\/100\n|move|p1a: Kilowattrel|Volt Switch|p2a: \u9ebb\n|-damage|p2a: \u9ebb|11\/100\n|-damage|p1a: Kilowattrel|59\/100 tox|[from] item: Life Orb\n|c|\u2606Killa_Ant|Holy shit you woke up and chose to play boring as hell lmao\n|\n|t:|1700691693\n|switch|p1a: Goodra|Goodra, F|100\/100 slp|[from] Volt Switch\n|\n|upkeep\n|turn|34\n|\n|t:|1700691696\n|move|p2a: \u9ebb|Roost|p2a: \u9ebb\n|-heal|p2a: \u9ebb|61\/100\n|-singleturn|p2a: \u9ebb|move: Roost\n|cant|p1a: Goodra|slp\n|\n|upkeep\n|turn|35\n|\n|t:|1700691699\n|move|p2a: \u9ebb|Volt Switch|p1a: Goodra\n|-resisted|p1a: Goodra\n|-damage|p1a: Goodra|88\/100 slp\n|\n|t:|1700691702\n|switch|p2a: \u8001\u5a46|Lopunny-Mega, M, shiny|100\/100|[from] Volt Switch\n|cant|p1a: Goodra|slp\n|\n|-heal|p1a: Goodra|95\/100 slp|[from] item: Leftovers\n|upkeep\n|turn|36\n|\n|t:|1700691706\n|switch|p1a: Corviknight|Corviknight, M|99\/100\n|move|p2a: \u8001\u5a46|Triple Axel|p1a: Corviknight\n|-damage|p1a: Corviknight|95\/100\n|-damage|p1a: Corviknight|87\/100\n|-damage|p1a: Corviknight|73\/100\n|-hitcount|p1a: Corviknight|3\n|\n|-heal|p1a: Corviknight|79\/100|[from] item: Leftovers\n|upkeep\n|turn|37\n|\n|t:|1700691710\n|switch|p2a: \u9ebb|Zapdos, shiny|61\/100\n|switch|p1a: Goodra|Goodra, F|95\/100 slp\n|\n|-heal|p1a: Goodra|100\/100 slp|[from] item: Leftovers\n|upkeep\n|turn|38\n|\n|t:|1700691712\n|move|p2a: \u9ebb|Volt Switch|p1a: Goodra\n|-resisted|p1a: Goodra\n|-damage|p1a: Goodra|89\/100 slp\n|\n|t:|1700691714\n|switch|p2a: \u672c\u4f53|Aegislash, M, shiny|31\/100|[from] Volt Switch\n|-curestatus|p1a: Goodra|slp|[msg]\n|move|p1a: Goodra|Flamethrower|p2a: \u672c\u4f53\n|-supereffective|p2a: \u672c\u4f53\n|-crit|p2a: \u672c\u4f53\n|-damage|p2a: \u672c\u4f53|0 fnt\n|faint|p2a: \u672c\u4f53\n|\n|-heal|p1a: Goodra|95\/100|[from] item: Leftovers\n|upkeep\n|\n|t:|1700691717\n|switch|p2a: \u53ef\u9760\u7684\u80cc\u5f71|Alomomola, F, shiny, tera:Steel|100\/100\n|turn|39\n|\n|t:|1700691724\n|switch|p1a: Ludicolo|Ludicolo, M|83\/100 tox\n|move|p2a: \u53ef\u9760\u7684\u80cc\u5f71|Toxic|p1a: Ludicolo\n|-fail|p1a: Ludicolo|tox\n|\n|-damage|p1a: Ludicolo|77\/100 tox|[from] psn\n|upkeep\n|turn|40\n|\n|t:|1700691728\n|move|p2a: \u53ef\u9760\u7684\u80cc\u5f71|Protect|p2a: \u53ef\u9760\u7684\u80cc\u5f71\n|-singleturn|p2a: \u53ef\u9760\u7684\u80cc\u5f71|Protect\n|move|p1a: Ludicolo|Leaf Storm|p2a: \u53ef\u9760\u7684\u80cc\u5f71\n|-activate|p2a: \u53ef\u9760\u7684\u80cc\u5f71|move: Protect\n|\n|-damage|p1a: Ludicolo|65\/100 tox|[from] psn\n|upkeep\n|turn|41\n|\n|t:|1700691732\n|switch|p1a: Kilowattrel|Kilowattrel, F, tera:Water|59\/100 tox\n|move|p2a: \u53ef\u9760\u7684\u80cc\u5f71|Flip Turn|p1a: Kilowattrel\n|-resisted|p1a: Kilowattrel\n|-damage|p1a: Kilowattrel|44\/100 tox\n|\n|t:|1700691735\n|switch|p2a: \u8001\u5a46|Lopunny-Mega, M, shiny|100\/100|[from] Flip Turn\n|\n|-damage|p1a: Kilowattrel|38\/100 tox|[from] psn\n|upkeep\n|turn|42\n|\n|t:|1700691738\n|switch|p1a: Corviknight|Corviknight, M|79\/100\n|move|p2a: \u8001\u5a46|Close Combat|p1a: Corviknight\n|-damage|p1a: Corviknight|43\/100\n|-unboost|p2a: \u8001\u5a46|def|1\n|-unboost|p2a: \u8001\u5a46|spd|1\n|\n|-heal|p1a: Corviknight|50\/100|[from] item: Leftovers\n|upkeep\n|turn|43\n|\n|t:|1700691741\n|switch|p2a: \u9ebb|Zapdos, shiny|61\/100\n|move|p1a: Corviknight|Roost|p1a: Corviknight\n|-heal|p1a: Corviknight|99\/100\n|-singleturn|p1a: Corviknight|move: Roost\n|\n|-heal|p1a: Corviknight|100\/100|[from] item: Leftovers\n|upkeep\n|turn|44\n|\n|t:|1700691754\n|switch|p1a: Goodra|Goodra, F|95\/100\n|move|p2a: \u9ebb|Roost|p2a: \u9ebb\n|-heal|p2a: \u9ebb|100\/100\n|-singleturn|p2a: \u9ebb|move: Roost\n|\n|-heal|p1a: Goodra|100\/100|[from] item: Leftovers\n|upkeep\n|turn|45\n|\n|t:|1700691761\n|move|p2a: \u9ebb|Volt Switch|p1a: Goodra\n|-resisted|p1a: Goodra\n|-damage|p1a: Goodra|89\/100\n|\n|t:|1700691770\n|switch|p2a: \u53ef\u9760\u7684\u80cc\u5f71|Alomomola, F, shiny, tera:Steel|100\/100|[from] Volt Switch\n|move|p1a: Goodra|Flamethrower|p2a: \u53ef\u9760\u7684\u80cc\u5f71\n|-supereffective|p2a: \u53ef\u9760\u7684\u80cc\u5f71\n|-damage|p2a: \u53ef\u9760\u7684\u80cc\u5f71|33\/100\n|\n|-heal|p1a: Goodra|95\/100|[from] item: Leftovers\n|upkeep\n|turn|46\n|c|\u2606Killa_Ant|Gg\n|c|\u2606Killa_Ant|Lopunny cant touch corv\n|\n|t:|1700691787\n|move|p1a: Goodra|Flamethrower|p2a: \u53ef\u9760\u7684\u80cc\u5f71\n|-supereffective|p2a: \u53ef\u9760\u7684\u80cc\u5f71\n|-damage|p2a: \u53ef\u9760\u7684\u80cc\u5f71|0 fnt\n|faint|p2a: \u53ef\u9760\u7684\u80cc\u5f71\n|\n|-heal|p1a: Goodra|100\/100|[from] item: Leftovers\n|upkeep\n|c|\u2606Killa_Ant|Zapdos loses to kilo\n|\n|t:|1700691791\n|switch|p2a: \u8001\u5a46|Lopunny-Mega, M, shiny|100\/100\n|turn|47\n|\n|t:|1700691797\n|switch|p1a: Corviknight|Corviknight, M|100\/100\n|move|p2a: \u8001\u5a46|Close Combat|p1a: Corviknight\n|-damage|p1a: Corviknight|61\/100\n|-unboost|p2a: \u8001\u5a46|def|1\n|-unboost|p2a: \u8001\u5a46|spd|1\n|\n|-heal|p1a: Corviknight|68\/100|[from] item: Leftovers\n|upkeep\n|turn|48\n|\n|t:|1700691825\n|move|p2a: \u8001\u5a46|Triple Axel|p1a: Corviknight\n|-damage|p1a: Corviknight|63\/100\n|-damage|p1a: Corviknight|54\/100\n|-damage|p1a: Corviknight|40\/100\n|-hitcount|p1a: Corviknight|3\n|move|p1a: Corviknight|Roost|p1a: Corviknight\n|-heal|p1a: Corviknight|90\/100\n|-singleturn|p1a: Corviknight|move: Roost\n|\n|-heal|p1a: Corviknight|97\/100|[from] item: Leftovers\n|upkeep\n|turn|49\n|\n|t:|1700691829\n|switch|p2a: \u9ebb|Zapdos, shiny|100\/100\n|move|p1a: Corviknight|Brave Bird|p2a: \u9ebb\n|-resisted|p2a: \u9ebb\n|-damage|p2a: \u9ebb|82\/100\n|-status|p1a: Corviknight|par|[from] ability: Static|[of] p2a: \u9ebb\n|-damage|p1a: Corviknight|91\/100 par|[from] Recoil\n|\n|-heal|p1a: Corviknight|97\/100 par|[from] item: Leftovers\n|upkeep\n|turn|50\n|\n|t:|1700691836\n|switch|p1a: Goodra|Goodra, F|100\/100\n|move|p2a: \u9ebb|Volt Switch|p1a: Goodra\n|-resisted|p1a: Goodra\n|-damage|p1a: Goodra|88\/100\n|\n|t:|1700691838\n|switch|p2a: \u8001\u5a46|Lopunny-Mega, M, shiny|100\/100|[from] Volt Switch\n|\n|-heal|p1a: Goodra|94\/100|[from] item: Leftovers\n|upkeep\n|turn|51\n|\n|t:|1700691843\n|switch|p1a: Ludicolo|Ludicolo, M|65\/100 tox\n|move|p2a: \u8001\u5a46|Triple Axel|p1a: Ludicolo\n|-damage|p1a: Ludicolo|53\/100 tox\n|-damage|p1a: Ludicolo|31\/100 tox\n|-damage|p1a: Ludicolo|0 fnt\n|faint|p1a: Ludicolo\n|-hitcount|p1: Ludicolo|3\n|\n|upkeep\n|\n|t:|1700691844\n|switch|p1a: Corviknight|Corviknight, M|97\/100 par\n|turn|52\n|\n|t:|1700691855\n|switch|p2a: \u9ebb|Zapdos, shiny|82\/100\n|move|p1a: Corviknight|Brave Bird|p2a: \u9ebb\n|-resisted|p2a: \u9ebb\n|-damage|p2a: \u9ebb|62\/100\n|-damage|p1a: Corviknight|91\/100 par|[from] Recoil\n|\n|-heal|p1a: Corviknight|97\/100 par|[from] item: Leftovers\n|upkeep\n|turn|53\n|\n|t:|1700691879\n|switch|p1a: Goodra|Goodra, F|94\/100\n|move|p2a: \u9ebb|Roost|p2a: \u9ebb\n|-heal|p2a: \u9ebb|100\/100\n|-singleturn|p2a: \u9ebb|move: Roost\n|\n|-heal|p1a: Goodra|99\/100|[from] item: Leftovers\n|upkeep\n|turn|54\n|\n|t:|1700691885\n|move|p2a: \u9ebb|Volt Switch|p1a: Goodra\n|-resisted|p1a: Goodra\n|-crit|p1a: Goodra\n|-damage|p1a: Goodra|82\/100\n|\n|t:|1700691888\n|switch|p2a: \u8001\u5a46|Lopunny-Mega, M, shiny|100\/100|[from] Volt Switch\n|move|p1a: Goodra|Flamethrower|p2a: \u8001\u5a46\n|-damage|p2a: \u8001\u5a46|57\/100\n|\n|-heal|p1a: Goodra|89\/100|[from] item: Leftovers\n|upkeep\n|turn|55\n|\n|t:|1700691900\n|switch|p1a: Corviknight|Corviknight, M|97\/100 par\n|move|p2a: \u8001\u5a46|Close Combat|p1a: Corviknight\n|-damage|p1a: Corviknight|57\/100 par\n|-unboost|p2a: \u8001\u5a46|def|1\n|-unboost|p2a: \u8001\u5a46|spd|1\n|\n|-heal|p1a: Corviknight|63\/100 par|[from] item: Leftovers\n|upkeep\n|turn|56\n|\n|t:|1700691903\n|switch|p2a: \u9ebb|Zapdos, shiny|100\/100\n|move|p1a: Corviknight|Roost|p1a: Corviknight\n|-heal|p1a: Corviknight|100\/100 par\n|-singleturn|p1a: Corviknight|move: Roost\n|\n|upkeep\n|turn|57\n|\n|t:|1700691906\n|switch|p1a: Goodra|Goodra, F|89\/100\n|move|p2a: \u9ebb|Volt Switch|p1a: Goodra\n|-resisted|p1a: Goodra\n|-damage|p1a: Goodra|78\/100\n|\n|t:|1700691909\n|switch|p2a: \u8001\u5a46|Lopunny-Mega, M, shiny|57\/100|[from] Volt Switch\n|\n|-heal|p1a: Goodra|84\/100|[from] item: Leftovers\n|upkeep\n|turn|58\n|\n|t:|1700691912\n|switch|p1a: Corviknight|Corviknight, M|100\/100 par\n|move|p2a: \u8001\u5a46|Close Combat|p1a: Corviknight\n|-damage|p1a: Corviknight|65\/100 par\n|-unboost|p2a: \u8001\u5a46|def|1\n|-unboost|p2a: \u8001\u5a46|spd|1\n|\n|-heal|p1a: Corviknight|71\/100 par|[from] item: Leftovers\n|upkeep\n|turn|59\n|\n|t:|1700691918\n|switch|p2a: \u9ebb|Zapdos, shiny|100\/100\n|move|p1a: Corviknight|Brave Bird|p2a: \u9ebb\n|-resisted|p2a: \u9ebb\n|-damage|p2a: \u9ebb|82\/100\n|-damage|p1a: Corviknight|65\/100 par|[from] Recoil\n|\n|-heal|p1a: Corviknight|72\/100 par|[from] item: Leftovers\n|upkeep\n|turn|60\n|\n|t:|1700691921\n|switch|p1a: Kilowattrel|Kilowattrel, F, tera:Water|38\/100 tox\n|move|p2a: \u9ebb|Volt Switch|p1a: Kilowattrel\n|-heal|p1a: Kilowattrel|62\/100 tox|[from] ability: Volt Absorb|[of] p2a: \u9ebb\n|\n|-damage|p1a: Kilowattrel|56\/100 tox|[from] psn\n|upkeep\n|turn|61\n|\n|t:|1700691928\n|move|p1a: Kilowattrel|Thunder|p2a: \u9ebb|[miss]\n|-miss|p1a: Kilowattrel|p2a: \u9ebb\n|move|p2a: \u9ebb|Heat Wave|p1a: Kilowattrel\n|-resisted|p1a: Kilowattrel\n|-damage|p1a: Kilowattrel|25\/100 tox\n|\n|-damage|p1a: Kilowattrel|13\/100 tox|[from] psn\n|upkeep\n|turn|62\n|\n|t:|1700691931\n|move|p1a: Kilowattrel|Thunder|p2a: \u9ebb|[miss]\n|-miss|p1a: Kilowattrel|p2a: \u9ebb\n|move|p2a: \u9ebb|Heat Wave|p1a: Kilowattrel\n|-resisted|p1a: Kilowattrel\n|-damage|p1a: Kilowattrel|0 fnt\n|faint|p1a: Kilowattrel\n|\n|upkeep\n|c|\u2606Killa_Ant|3 thunder misses\n|\n|t:|1700691939\n|switch|p1a: Goodra|Goodra, F|84\/100\n|turn|63\n|\n|t:|1700691942\n|move|p2a: \u9ebb|Heat Wave|p1a: Goodra|[miss]\n|-miss|p2a: \u9ebb|p1a: Goodra\n|move|p1a: Goodra|Flamethrower|p2a: \u9ebb\n|-damage|p2a: \u9ebb|51\/100\n|\n|-heal|p1a: Goodra|90\/100|[from] item: Leftovers\n|upkeep\n|turn|64\n|\n|t:|1700691945\n|move|p2a: \u9ebb|Roost|p2a: \u9ebb\n|-heal|p2a: \u9ebb|100\/100\n|-singleturn|p2a: \u9ebb|move: Roost\n|move|p1a: Goodra|Flamethrower|p2a: \u9ebb\n|-damage|p2a: \u9ebb|71\/100\n|\n|-heal|p1a: Goodra|96\/100|[from] item: Leftovers\n|upkeep\n|turn|65\n|\n|t:|1700691949\n|move|p2a: \u9ebb|Volt Switch|p1a: Goodra\n|-resisted|p1a: Goodra\n|-damage|p1a: Goodra|84\/100\n|\n|t:|1700691951\n|switch|p2a: \u8001\u5a46|Lopunny-Mega, M, shiny|57\/100|[from] Volt Switch\n|move|p1a: Goodra|Flamethrower|p2a: \u8001\u5a46\n|-damage|p2a: \u8001\u5a46|17\/100\n|\n|-heal|p1a: Goodra|90\/100|[from] item: Leftovers\n|upkeep\n|turn|66\n|\n|t:|1700691960\n|move|p2a: \u8001\u5a46|Return|p1a: Goodra\n|-damage|p1a: Goodra|23\/100\n|move|p1a: Goodra|Flamethrower|p2a: \u8001\u5a46\n|-damage|p2a: \u8001\u5a46|0 fnt\n|faint|p2a: \u8001\u5a46\n|\n|-heal|p1a: Goodra|29\/100|[from] item: Leftovers\n|upkeep\n|\n|t:|1700691962\n|switch|p2a: \u9ebb|Zapdos, shiny|71\/100\n|turn|67\n|\n|t:|1700691968\n|move|p2a: \u9ebb|Heat Wave|p1a: Goodra\n|-resisted|p1a: Goodra\n|-damage|p1a: Goodra|19\/100\n|move|p1a: Goodra|Rest|p1a: Goodra\n|-status|p1a: Goodra|slp|[from] move: Rest\n|-heal|p1a: Goodra|100\/100 slp|[silent]\n|\n|upkeep\n|turn|68\n|\n|t:|1700691970\n|move|p2a: \u9ebb|Volt Switch|p1a: Goodra\n|-resisted|p1a: Goodra\n|-damage|p1a: Goodra|88\/100 slp\n|cant|p1a: Goodra|slp\n|\n|-heal|p1a: Goodra|94\/100 slp|[from] item: Leftovers\n|upkeep\n|turn|69\n|\n|t:|1700691973\n|move|p2a: \u9ebb|Volt Switch|p1a: Goodra\n|-resisted|p1a: Goodra\n|-damage|p1a: Goodra|82\/100 slp\n|cant|p1a: Goodra|slp\n|\n|-heal|p1a: Goodra|89\/100 slp|[from] item: Leftovers\n|upkeep\n|turn|70\n|c|\u2606Killa_Ant|Play boring and lose boring ig\n|\n|t:|1700691980\n|move|p2a: \u9ebb|Volt Switch|p1a: Goodra\n|-resisted|p1a: Goodra\n|-damage|p1a: Goodra|78\/100 slp\n|-curestatus|p1a: Goodra|slp|[msg]\n|move|p1a: Goodra|Flamethrower|p2a: \u9ebb\n|-damage|p2a: \u9ebb|41\/100\n|\n|-heal|p1a: Goodra|84\/100|[from] item: Leftovers\n|upkeep\n|turn|71\n|\n|t:|1700691986\n|move|p2a: \u9ebb|Roost|p2a: \u9ebb\n|-heal|p2a: \u9ebb|91\/100\n|-singleturn|p2a: \u9ebb|move: Roost\n|move|p1a: Goodra|Dragon Pulse|p2a: \u9ebb\n|-damage|p2a: \u9ebb|53\/100\n|\n|-heal|p1a: Goodra|90\/100|[from] item: Leftovers\n|upkeep\n|turn|72\n|\n|t:|1700691991\n|move|p2a: \u9ebb|Roost|p2a: \u9ebb\n|-heal|p2a: \u9ebb|100\/100\n|-singleturn|p2a: \u9ebb|move: Roost\n|move|p1a: Goodra|Dragon Pulse|p2a: \u9ebb\n|-damage|p2a: \u9ebb|60\/100\n|\n|-heal|p1a: Goodra|96\/100|[from] item: Leftovers\n|upkeep\n|turn|73\n|\n|t:|1700691994\n|move|p2a: \u9ebb|Heat Wave|p1a: Goodra\n|-resisted|p1a: Goodra\n|-damage|p1a: Goodra|86\/100\n|move|p1a: Goodra|Dragon Pulse|p2a: \u9ebb\n|-damage|p2a: \u9ebb|20\/100\n|\n|-heal|p1a: Goodra|92\/100|[from] item: Leftovers\n|upkeep\n|turn|74\n|\n|t:|1700691997\n|move|p2a: \u9ebb|Roost|p2a: \u9ebb\n|-heal|p2a: \u9ebb|70\/100\n|-singleturn|p2a: \u9ebb|move: Roost\n|move|p1a: Goodra|Dragon Pulse|p2a: \u9ebb\n|-damage|p2a: \u9ebb|25\/100\n|\n|-heal|p1a: Goodra|98\/100|[from] item: Leftovers\n|upkeep\n|turn|75\n|\n|t:|1700692001\n|move|p2a: \u9ebb|Volt Switch|p1a: Goodra\n|-resisted|p1a: Goodra\n|-damage|p1a: Goodra|87\/100\n|move|p1a: Goodra|Dragon Pulse|p2a: \u9ebb\n|-damage|p2a: \u9ebb|0 fnt\n|faint|p2a: \u9ebb\n|\n|win|Killa_Ant\n|raw|Killa_Ant's rating: 1249 &rarr; <strong>1282<\/strong><br \/>(+33 for winning)\n|raw|kimi777's rating: 1364 &rarr; <strong>1338<\/strong><br \/>(-26 for losing)\n|l|\u2606kimi777\n","uploadtime":1700691689,"views":2,"p1id":"killaant","p2id":"kimi777","formatid":"gen9nationaldex","rating":1282,"private":0,"password":""}