{"id":"gen9nationaldex-1992178514","p1":"Sivilea","p2":"The power of ROCK","format":"[Gen 9] National Dex","log":"|j|\u2606Sivilea\n|j|\u2606The power of ROCK\n|t:|1700161506\n|gametype|singles\n|player|p1|Sivilea|cheryl|\n|player|p2|The power of ROCK|roark|\n|teamsize|p1|6\n|teamsize|p2|6\n|gen|9\n|tier|[Gen 9] National Dex\n|rule|HP Percentage Mod: HP is shown in percentages\n|rule|Endless Battle Clause: Forcing endless battles is banned\n|rule|OHKO Clause: OHKO moves are banned\n|rule|Evasion Clause: Evasion abilities, items, and moves are banned\n|rule|Evasion Abilities Clause: Evasion abilities are banned\n|rule|Evasion Items Clause: Evasion items are banned\n|rule|Evasion Moves Clause: Evasion moves are banned\n|rule|Species Clause: Limit one of each Pok\u00e9mon\n|rule|Sleep Clause Mod: Limit one foe put to sleep\n|clearpoke\n|poke|p1|Goodra-Hisui, F|\n|poke|p1|Centiskorch, F|\n|poke|p1|Rotom-Wash|\n|poke|p1|Venusaur, F|\n|poke|p1|Gliscor, M|\n|poke|p1|Zamazenta-*|\n|poke|p2|Tyranitar, F|\n|poke|p2|Garganacl, F|\n|poke|p2|Aggron, M|\n|poke|p2|Cradily, F|\n|poke|p2|Glimmora, M|\n|poke|p2|Avalugg-Hisui, M|\n|teampreview\n|inactive|Battle timer is ON: inactive players will automatically lose when time's up. (requested by Sivilea)\n|j| Rillamaui\n|c|\u2606The power of ROCK|Welcome to the ROCK gym\n|c|\u2606Sivilea|no u\n|inactive|Sivilea has 270 seconds left.\n|\n|t:|1700161537\n|start\n|switch|p1a: Venusaur|Venusaur, F|100\/100\n|switch|p2a: Tyranitar|Tyranitar, F|100\/100\n|-weather|Sandstorm|[from] ability: Sand Stream|[of] p2a: Tyranitar\n|turn|1\n|c| Rillamaui|https:\/\/www.youtube.com\/watch?v=bNzBAWdkWfw\n|c|\u2606Sivilea|free cow\n|inactive|The power of ROCK has 270 seconds left.\n|c| Rillamaui|SO WHEN IT COMES TO IT AND YA CANT GO THROUGH IT AND YOU CAN'T KNOCK IT DOWN\n|c| Rillamaui|YOU KNOW THAT YOU FOUND\n|c| Rillamaui|THE WALL\n|c| Rillamaui|THE WALL\n|c| Rillamaui|THE WALL\n|c|\u2606Sivilea|they should put life orb and wide lens and and and and and malamar and rotom-win to cobblemon\n|c| Rillamaui|THE WALL\n|inactive|The power of ROCK has 240 seconds left.\n|\n|t:|1700161600\n|detailschange|p1a: Venusaur|Venusaur-Mega, F\n|-mega|p1a: Venusaur|Venusaur|Venusaurite\n|move|p1a: Venusaur|Earth Power|p2a: Tyranitar\n|-supereffective|p2a: Tyranitar\n|-damage|p2a: Tyranitar|83\/100\n|move|p2a: Tyranitar|Knock Off|p1a: Venusaur\n|-damage|p1a: Venusaur|79\/100\n|\n|-weather|Sandstorm|[upkeep]\n|-damage|p1a: Venusaur|73\/100|[from] Sandstorm\n|upkeep\n|turn|2\n|c|\u2606The power of ROCK|lol\n|\n|t:|1700161612\n|switch|p1a: Zamazenta|Zamazenta|100\/100\n|-ability|p1a: Zamazenta|Dauntless Shield|boost\n|-boost|p1a: Zamazenta|def|1\n|switch|p2a: Garganacl|Garganacl, F|100\/100\n|\n|-weather|Sandstorm|[upkeep]\n|-damage|p1a: Zamazenta|94\/100|[from] Sandstorm\n|upkeep\n|turn|3\n|inactive|The power of ROCK has 240 seconds left.\n|inactive|The power of ROCK has 210 seconds left.\n|\n|t:|1700161657\n|-terastallize|p2a: Garganacl|Ghost\n|move|p1a: Zamazenta|Wild Charge|p2a: Garganacl\n|-damage|p2a: Garganacl|81\/100\n|-damage|p1a: Zamazenta|88\/100|[from] Recoil\n|move|p2a: Garganacl|Salt Cure|p1a: Zamazenta\n|-resisted|p1a: Zamazenta\n|-damage|p1a: Zamazenta|84\/100\n|-start|p1a: Zamazenta|Salt Cure\n|\n|-weather|Sandstorm|[upkeep]\n|-damage|p1a: Zamazenta|77\/100|[from] Sandstorm\n|-damage|p2a: Garganacl|75\/100|[from] Sandstorm\n|-damage|p1a: Zamazenta|65\/100|[from] Salt Cure\n|upkeep\n|turn|4\n|inactive|Sivilea has 270 seconds left.\n|\n|t:|1700161687\n|-zpower|p1a: Zamazenta\n|move|p1a: Zamazenta|Gigavolt Havoc|p2a: Garganacl|[zeffect]\n|-damage|p2a: Garganacl|34\/100\n|move|p2a: Garganacl|Iron Defense|p2a: Garganacl\n|-boost|p2a: Garganacl|def|2\n|\n|-weather|Sandstorm|[upkeep]\n|-damage|p1a: Zamazenta|59\/100|[from] Sandstorm\n|-damage|p2a: Garganacl|28\/100|[from] Sandstorm\n|-damage|p1a: Zamazenta|47\/100|[from] Salt Cure\n|upkeep\n|turn|5\n|c|\u2606Sivilea|frick u\n|inactive|Sivilea has 270 seconds left.\n|inactive|The power of ROCK has 210 seconds left.\n|\n|t:|1700161721\n|switch|p1a: Gliscor|Gliscor, M|100\/100\n|move|p2a: Garganacl|Recover|p2a: Garganacl\n|-heal|p2a: Garganacl|78\/100\n|\n|-weather|none\n|-status|p1a: Gliscor|tox|[from] item: Toxic Orb\n|upkeep\n|turn|6\n|\n|t:|1700161724\n|move|p1a: Gliscor|Swords Dance|p1a: Gliscor\n|-boost|p1a: Gliscor|atk|2\n|move|p2a: Garganacl|Salt Cure|p1a: Gliscor\n|-damage|p1a: Gliscor|89\/100 tox\n|-start|p1a: Gliscor|Salt Cure\n|\n|-heal|p1a: Gliscor|100\/100 tox|[from] ability: Poison Heal\n|-damage|p1a: Gliscor|88\/100 tox|[from] Salt Cure\n|upkeep\n|turn|7\n|\n|t:|1700161726\n|move|p1a: Gliscor|Swords Dance|p1a: Gliscor\n|-boost|p1a: Gliscor|atk|2\n|move|p2a: Garganacl|Iron Defense|p2a: Garganacl\n|-boost|p2a: Garganacl|def|2\n|\n|-heal|p1a: Gliscor|100\/100 tox|[from] ability: Poison Heal\n|-damage|p1a: Gliscor|88\/100 tox|[from] Salt Cure\n|upkeep\n|turn|8\n|\n|t:|1700161729\n|move|p1a: Gliscor|Swords Dance|p1a: Gliscor\n|-boost|p1a: Gliscor|atk|2\n|move|p2a: Garganacl|Iron Defense|p2a: Garganacl\n|-boost|p2a: Garganacl|def|2\n|\n|-heal|p1a: Gliscor|100\/100 tox|[from] ability: Poison Heal\n|-damage|p1a: Gliscor|88\/100 tox|[from] Salt Cure\n|upkeep\n|turn|9\n|\n|t:|1700161735\n|move|p1a: Gliscor|Earthquake|p2a: Garganacl\n|-damage|p2a: Garganacl|55\/100\n|move|p2a: Garganacl|Recover|p2a: Garganacl\n|-heal|p2a: Garganacl|100\/100\n|\n|-heal|p1a: Gliscor|100\/100 tox|[from] ability: Poison Heal\n|-damage|p1a: Gliscor|88\/100 tox|[from] Salt Cure\n|upkeep\n|turn|10\n|\n|t:|1700161738\n|move|p1a: Gliscor|Earthquake|p2a: Garganacl\n|-damage|p2a: Garganacl|74\/100\n|move|p2a: Garganacl|Body Press|p1a: Gliscor\n|-resisted|p1a: Gliscor\n|-damage|p1a: Gliscor|49\/100 tox\n|\n|-heal|p1a: Gliscor|62\/100 tox|[from] ability: Poison Heal\n|-damage|p1a: Gliscor|49\/100 tox|[from] Salt Cure\n|upkeep\n|turn|11\n|\n|t:|1700161740\n|move|p1a: Gliscor|Detect|p1a: Gliscor\n|-singleturn|p1a: Gliscor|Protect\n|move|p2a: Garganacl|Body Press|p1a: Gliscor\n|-activate|p1a: Gliscor|move: Protect\n|\n|-heal|p1a: Gliscor|62\/100 tox|[from] ability: Poison Heal\n|-damage|p1a: Gliscor|49\/100 tox|[from] Salt Cure\n|upkeep\n|turn|12\n|\n|t:|1700161744\n|move|p1a: Gliscor|Detect|p1a: Gliscor\n|-singleturn|p1a: Gliscor|Protect\n|move|p2a: Garganacl|Body Press|p1a: Gliscor\n|-activate|p1a: Gliscor|move: Protect\n|\n|-heal|p1a: Gliscor|62\/100 tox|[from] ability: Poison Heal\n|-damage|p1a: Gliscor|49\/100 tox|[from] Salt Cure\n|upkeep\n|turn|13\n|\n|t:|1700161759\n|move|p1a: Gliscor|Earthquake|p2a: Garganacl\n|-damage|p2a: Garganacl|49\/100\n|move|p2a: Garganacl|Body Press|p1a: Gliscor\n|-resisted|p1a: Gliscor\n|-damage|p1a: Gliscor|15\/100 tox\n|\n|-heal|p1a: Gliscor|27\/100 tox|[from] ability: Poison Heal\n|-damage|p1a: Gliscor|15\/100 tox|[from] Salt Cure\n|upkeep\n|turn|14\n|\n|t:|1700161772\n|switch|p1a: Venusaur|Venusaur-Mega, F|73\/100\n|move|p2a: Garganacl|Recover|p2a: Garganacl\n|-heal|p2a: Garganacl|99\/100\n|\n|upkeep\n|turn|15\n|\n|t:|1700161777\n|move|p1a: Venusaur|Sludge Bomb|p2a: Garganacl\n|-resisted|p2a: Garganacl\n|-damage|p2a: Garganacl|82\/100\n|-enditem|p2a: Garganacl|Maranga Berry|[eat]\n|-boost|p2a: Garganacl|spd|1|[from] item: Maranga Berry\n|move|p2a: Garganacl|Salt Cure|p1a: Venusaur\n|-damage|p1a: Venusaur|63\/100\n|-start|p1a: Venusaur|Salt Cure\n|\n|-damage|p1a: Venusaur|50\/100|[from] Salt Cure\n|upkeep\n|turn|16\n|\n|t:|1700161788\n|switch|p1a: Goodra|Goodra-Hisui, F|100\/100\n|move|p2a: Garganacl|Body Press|p1a: Goodra\n|-supereffective|p1a: Goodra\n|-damage|p1a: Goodra|0 fnt\n|faint|p1a: Goodra\n|\n|upkeep\n|\n|t:|1700161789\n|switch|p1a: Centiskorch|Centiskorch, F|100\/100\n|turn|17\n|\n|t:|1700161795\n|-terastallize|p1a: Centiskorch|Steel\n|move|p1a: Centiskorch|Will-O-Wisp|p2a: Garganacl\n|-immune|p2a: Garganacl|[from] ability: Purifying Salt\n|move|p2a: Garganacl|Salt Cure|p1a: Centiskorch\n|-resisted|p1a: Centiskorch\n|-damage|p1a: Centiskorch|93\/100\n|-start|p1a: Centiskorch|Salt Cure\n|\n|-heal|p1a: Centiskorch|99\/100|[from] item: Leftovers\n|-damage|p1a: Centiskorch|74\/100|[from] Salt Cure\n|upkeep\n|turn|18\n|c|\u2606Sivilea|bro im so dumb\n|\n|t:|1700161804\n|move|p1a: Centiskorch|Knock Off|p2a: Garganacl\n|-supereffective|p2a: Garganacl\n|-damage|p2a: Garganacl|75\/100\n|move|p2a: Garganacl|Body Press|p1a: Centiskorch\n|-supereffective|p1a: Centiskorch\n|-damage|p1a: Centiskorch|0 fnt\n|faint|p1a: Centiskorch\n|\n|upkeep\n|c|\u2606Sivilea|i wanna die\n|\n|t:|1700161812\n|switch|p1a: Rotom|Rotom-Wash|100\/100\n|turn|19\n|\n|t:|1700161824\n|move|p1a: Rotom|Hydro Pump|p2a: Garganacl\n|-damage|p2a: Garganacl|57\/100\n|move|p2a: Garganacl|Salt Cure|p1a: Rotom\n|-damage|p1a: Rotom|89\/100\n|-start|p1a: Rotom|Salt Cure\n|\n|-damage|p1a: Rotom|64\/100|[from] Salt Cure\n|upkeep\n|turn|20\n|-message|Sivilea forfeited.\n|\n|win|The power of ROCK\n|l|\u2606Sivilea\n|c|\u2606The power of ROCK|gg xD\n","uploadtime":1700161836,"views":4,"p1id":"sivilea","p2id":"thepowerofrock","formatid":"gen9nationaldex","rating":0,"private":0,"password":""}