{"id":"gen9nationaldex-2000480410","p1":"RandoTestAccount","p2":"Starving fartist","format":"[Gen 9] National Dex","log":"|html|<div class=\"broadcast-blue\"><strong>[Gen 9] National Dex is currently suspecting Sneasler! For information on how to participate check out the <a href=\"https:\/\/www.smogon.com\/forums\/threads\/sv-national-dex-suspect-8-just-dance.3731534\/\">suspect thread<\/a>.<\/strong><\/div>\n|j|\u2606RandoTestAccount\n|j|\u2606Starving fartist\n|t:|1701198348\n|gametype|singles\n|player|p1|RandoTestAccount|pokemonrangerf|1184\n|player|p2|Starving fartist|mina|1256\n|teamsize|p1|6\n|teamsize|p2|6\n|gen|9\n|tier|[Gen 9] National Dex\n|rated|\n|rule|HP Percentage Mod: HP is shown in percentages\n|rule|Endless Battle Clause: Forcing endless battles is banned\n|rule|OHKO Clause: OHKO moves are banned\n|rule|Evasion Clause: Evasion abilities, items, and moves are banned\n|rule|Evasion Abilities Clause: Evasion abilities are banned\n|rule|Evasion Items Clause: Evasion items are banned\n|rule|Evasion Moves Clause: Evasion moves are banned\n|rule|Species Clause: Limit one of each Pok\u00e9mon\n|rule|Sleep Clause Mod: Limit one foe put to sleep\n|clearpoke\n|poke|p1|Umbreon, F|\n|poke|p1|Excadrill, F|\n|poke|p1|Corviknight, F|\n|poke|p1|Sableye, F|\n|poke|p1|Tapu Fini|\n|poke|p1|Dragalge, F|\n|poke|p2|Samurott-Hisui, F|\n|poke|p2|Kleavor, M|\n|poke|p2|Zapdos|\n|poke|p2|Sneasler, F|\n|poke|p2|Banette, F|\n|poke|p2|Smeargle, M|\n|teampreview\n|inactive|Battle timer is ON: inactive players will automatically lose when time's up. (requested by RandoTestAccount)\n|inactive|Starving fartist has 120 seconds left.\n|\n|t:|1701198407\n|start\n|switch|p1a: Spectre of Emerald|Sableye, F, shiny|100\/100\n|switch|p2a: Samurott|Samurott-Hisui, F|100\/100\n|turn|1\n|\n|t:|1701198430\n|detailschange|p1a: Spectre of Emerald|Sableye-Mega, F, shiny\n|-mega|p1a: Spectre of Emerald|Sableye|Sablenite\n|move|p2a: Samurott|Ceaseless Edge|p1a: Spectre of Emerald\n|-damage|p1a: Spectre of Emerald|50\/100\n|-sidestart|p1: RandoTestAccount|Spikes\n|move|p1a: Spectre of Emerald|Will-O-Wisp|p2a: Samurott|[miss]\n|-miss|p1a: Spectre of Emerald|p2a: Samurott\n|\n|upkeep\n|turn|2\n|\n|t:|1701198438\n|move|p2a: Samurott|Ceaseless Edge|p1a: Spectre of Emerald\n|-damage|p1a: Spectre of Emerald|2\/100\n|-sidestart|p1: RandoTestAccount|Spikes\n|move|p1a: Spectre of Emerald|Recover|p1a: Spectre of Emerald\n|-heal|p1a: Spectre of Emerald|52\/100\n|\n|upkeep\n|turn|3\n|\n|t:|1701198441\n|move|p2a: Samurott|Ceaseless Edge|p1a: Spectre of Emerald\n|-damage|p1a: Spectre of Emerald|1\/100\n|-sidestart|p1: RandoTestAccount|Spikes\n|move|p1a: Spectre of Emerald|Will-O-Wisp|p2a: Samurott\n|-status|p2a: Samurott|brn\n|\n|-damage|p2a: Samurott|94\/100 brn|[from] brn\n|upkeep\n|turn|4\n|\n|t:|1701198446\n|switch|p1a: Ephialtes Keeper|Corviknight, F, shiny|100\/100\n|-ability|p1a: Ephialtes Keeper|Pressure\n|move|p2a: Samurott|Ceaseless Edge|p1a: Ephialtes Keeper\n|-damage|p1a: Ephialtes Keeper|74\/100\n|-damage|p2a: Samurott|78\/100 brn|[from] item: Rocky Helmet|[of] p1a: Ephialtes Keeper\n|\n|-damage|p2a: Samurott|72\/100 brn|[from] brn\n|upkeep\n|turn|5\n|\n|t:|1701198459\n|switch|p2a: Zapdos|Zapdos|100\/100\n|-ability|p2a: Zapdos|Pressure\n|move|p1a: Ephialtes Keeper|Defog|p2a: Zapdos\n|-unboost|p2a: Zapdos|evasion|1\n|-sideend|p1: RandoTestAccount|Spikes|[from] move: Defog|[of] p1a: Ephialtes Keeper\n|\n|upkeep\n|turn|6\n|\n|t:|1701198462\n|switch|p1a: The Lonesome One|Excadrill, F, shiny|100\/100\n|-ability|p1a: The Lonesome One|Mold Breaker\n|move|p2a: Zapdos|Heat Wave|p1a: The Lonesome One\n|-supereffective|p1a: The Lonesome One\n|-damage|p1a: The Lonesome One|13\/100\n|\n|-heal|p1a: The Lonesome One|19\/100|[from] item: Leftovers\n|upkeep\n|turn|7\n|\n|t:|1701198472\n|move|p2a: Zapdos|Heat Wave|p1a: The Lonesome One\n|-supereffective|p1a: The Lonesome One\n|-damage|p1a: The Lonesome One|0 fnt\n|faint|p1a: The Lonesome One\n|\n|upkeep\n|\n|t:|1701198480\n|switch|p1a: Agony Steelheart|Dragalge, F, shiny|100\/100\n|turn|8\n|\n|t:|1701198494\n|switch|p2a: Samurott|Samurott-Hisui, F|72\/100 brn\n|move|p1a: Agony Steelheart|Toxic||[still]\n|-fail|p1a: Agony Steelheart\n|\n|-damage|p2a: Samurott|65\/100 brn|[from] brn\n|upkeep\n|turn|9\n|inactive|RandoTestAccount has 120 seconds left.\n|\n|t:|1701198529\n|switch|p1a: The Droplet Tear|Tapu Fini, shiny|100\/100\n|-fieldstart|move: Misty Terrain|[from] ability: Misty Surge|[of] p1a: The Droplet Tear\n|move|p2a: Samurott|Flip Turn|p1a: The Droplet Tear\n|-resisted|p1a: The Droplet Tear\n|-damage|p1a: The Droplet Tear|93\/100\n|\n|t:|1701198541\n|switch|p2a: Sneasler|Sneasler, F|100\/100|[from] Flip Turn\n|\n|-heal|p1a: The Droplet Tear|99\/100|[from] item: Leftovers\n|upkeep\n|turn|10\n|inactive|RandoTestAccount has 120 seconds left.\n|\n|t:|1701198564\n|move|p2a: Sneasler|Swords Dance|p2a: Sneasler\n|-boost|p2a: Sneasler|atk|2\n|move|p1a: The Droplet Tear|Moonblast|p2a: Sneasler\n|-damage|p2a: Sneasler|57\/100\n|-unboost|p2a: Sneasler|spa|1\n|\n|-heal|p1a: The Droplet Tear|100\/100|[from] item: Leftovers\n|upkeep\n|turn|11\n|inactive|RandoTestAccount has 120 seconds left.\n|\n|t:|1701198580\n|-terastallize|p1a: The Droplet Tear|Ghost\n|move|p2a: Sneasler|Gunk Shot|p1a: The Droplet Tear\n|-resisted|p1a: The Droplet Tear\n|-damage|p1a: The Droplet Tear|52\/100\n|move|p1a: The Droplet Tear|Calm Mind|p1a: The Droplet Tear\n|-boost|p1a: The Droplet Tear|spa|1\n|-boost|p1a: The Droplet Tear|spd|1\n|\n|-heal|p1a: The Droplet Tear|58\/100|[from] item: Leftovers\n|upkeep\n|turn|12\n|\n|t:|1701198586\n|move|p2a: Sneasler|Gunk Shot|p1a: The Droplet Tear\n|-resisted|p1a: The Droplet Tear\n|-damage|p1a: The Droplet Tear|14\/100\n|move|p1a: The Droplet Tear|Moonblast|p2a: Sneasler\n|-damage|p2a: Sneasler|0 fnt\n|faint|p2a: Sneasler\n|\n|-heal|p1a: The Droplet Tear|20\/100|[from] item: Leftovers\n|upkeep\n|\n|t:|1701198601\n|switch|p2a: Kleavor|Kleavor, M|100\/100\n|turn|13\n|\n|t:|1701198615\n|move|p2a: Kleavor|Stone Axe|p1a: The Droplet Tear\n|-damage|p1a: The Droplet Tear|0 fnt\n|-sidestart|p1: RandoTestAccount|move: Stealth Rock\n|faint|p1a: The Droplet Tear\n|\n|-fieldend|Misty Terrain\n|upkeep\n|inactive|RandoTestAccount has 120 seconds left.\n|\n|t:|1701198638\n|switch|p1a: Agony Steelheart|Dragalge, F, shiny|100\/100\n|-damage|p1a: Agony Steelheart|88\/100|[from] Stealth Rock\n|turn|14\n|\n|t:|1701198645\n|move|p2a: Kleavor|Stone Axe|p1a: Agony Steelheart|[miss]\n|-miss|p2a: Kleavor|p1a: Agony Steelheart\n|move|p1a: Agony Steelheart|Toxic|p2a: Kleavor\n|-status|p2a: Kleavor|tox\n|\n|-heal|p1a: Agony Steelheart|94\/100|[from] item: Black Sludge\n|-damage|p2a: Kleavor|94\/100 tox|[from] psn\n|upkeep\n|turn|15\n|inactive|RandoTestAccount has 120 seconds left.\n|\n|t:|1701198655\n|move|p2a: Kleavor|Stone Axe|p1a: Agony Steelheart\n|-damage|p1a: Agony Steelheart|31\/100\n|move|p1a: Agony Steelheart|Dragon Pulse|p2a: Kleavor\n|-damage|p2a: Kleavor|35\/100 tox\n|\n|-heal|p1a: Agony Steelheart|37\/100|[from] item: Black Sludge\n|-damage|p2a: Kleavor|23\/100 tox|[from] psn\n|upkeep\n|turn|16\n|inactive|RandoTestAccount has 120 seconds left.\n|\n|t:|1701198665\n|move|p2a: Kleavor|Stone Axe|p1a: Agony Steelheart\n|-damage|p1a: Agony Steelheart|0 fnt\n|faint|p1a: Agony Steelheart\n|\n|-damage|p2a: Kleavor|5\/100 tox|[from] psn\n|upkeep\n|\n|t:|1701198668\n|switch|p1a: Ephialtes Keeper|Corviknight, F, shiny|74\/100\n|-damage|p1a: Ephialtes Keeper|62\/100|[from] Stealth Rock\n|-ability|p1a: Ephialtes Keeper|Pressure\n|turn|17\n|\n|t:|1701198676\n|move|p2a: Kleavor|Stone Axe|p1a: Ephialtes Keeper|[miss]\n|-miss|p2a: Kleavor|p1a: Ephialtes Keeper\n|move|p1a: Ephialtes Keeper|Defog|p2a: Kleavor\n|-unboost|p2a: Kleavor|evasion|1\n|-sideend|p1: RandoTestAccount|Stealth Rock|[from] move: Defog|[of] p1a: Ephialtes Keeper\n|\n|-damage|p2a: Kleavor|0 fnt|[from] psn\n|faint|p2a: Kleavor\n|upkeep\n|\n|t:|1701198689\n|switch|p2a: Smeargle|Smeargle, M|100\/100\n|turn|18\n|\n|t:|1701198717\n|switch|p1a: Spectre of Emerald|Sableye-Mega, F, shiny|1\/100\n|move|p2a: Smeargle|Shell Smash|p2a: Smeargle\n|-unboost|p2a: Smeargle|def|1\n|-unboost|p2a: Smeargle|spd|1\n|-boost|p2a: Smeargle|atk|2\n|-boost|p2a: Smeargle|spa|2\n|-boost|p2a: Smeargle|spe|2\n|\n|upkeep\n|turn|19\n|\n|t:|1701198723\n|move|p2a: Smeargle|Power Trip|p1a: Spectre of Emerald\n|-damage|p1a: Spectre of Emerald|0 fnt\n|faint|p1a: Spectre of Emerald\n|\n|upkeep\n|\n|t:|1701198731\n|switch|p1a: Ephialtes Keeper|Corviknight, F, shiny|62\/100\n|-ability|p1a: Ephialtes Keeper|Pressure\n|turn|20\n|\n|t:|1701198737\n|move|p2a: Smeargle|Shell Smash|p2a: Smeargle\n|-unboost|p2a: Smeargle|def|1\n|-unboost|p2a: Smeargle|spd|1\n|-boost|p2a: Smeargle|atk|2\n|-boost|p2a: Smeargle|spa|2\n|-boost|p2a: Smeargle|spe|2\n|move|p1a: Ephialtes Keeper|Brave Bird|p2a: Smeargle\n|-enditem|p2a: Smeargle|Focus Sash\n|-damage|p2a: Smeargle|1\/100\n|-damage|p1a: Ephialtes Keeper|37\/100|[from] Recoil\n|\n|upkeep\n|turn|21\n|\n|t:|1701198757\n|move|p2a: Smeargle|Power Trip|p1a: Ephialtes Keeper\n|-damage|p1a: Ephialtes Keeper|0 fnt\n|-damage|p2a: Smeargle|0 fnt|[from] item: Rocky Helmet|[of] p1a: Ephialtes Keeper\n|faint|p1a: Ephialtes Keeper\n|faint|p2a: Smeargle\n|\n|upkeep\n|\n|t:|1701198770\n|switch|p2a: Zapdos|Zapdos|100\/100\n|switch|p1a: Nika Reanukko|Umbreon, F, shiny|100\/100\n|-ability|p2a: Zapdos|Pressure\n|turn|22\n|inactive|RandoTestAccount has 120 seconds left.\n|\n|t:|1701198814\n|move|p2a: Zapdos|Thunder Wave|p1a: Nika Reanukko\n|-status|p1a: Nika Reanukko|par\n|-activate|p1a: Nika Reanukko|ability: Synchronize\n|-immune|p2a: Zapdos\n|move|p1a: Nika Reanukko|Wish|p1a: Nika Reanukko\n|\n|upkeep\n|turn|23\n|\n|t:|1701198827\n|move|p2a: Zapdos|Volt Switch|p1a: Nika Reanukko\n|-damage|p1a: Nika Reanukko|80\/100 par\n|\n|t:|1701198829\n|switch|p2a: Banette|Banette, F|100\/100|[from] Volt Switch\n|move|p1a: Nika Reanukko|Curse|p1a: Nika Reanukko\n|-unboost|p1a: Nika Reanukko|spe|1\n|-boost|p1a: Nika Reanukko|atk|1\n|-boost|p1a: Nika Reanukko|def|1\n|\n|-heal|p1a: Nika Reanukko|100\/100 par|[from] move: Wish|[wisher] Nika Reanukko\n|upkeep\n|turn|24\n|inactive|RandoTestAccount has 120 seconds left.\n|inactive|RandoTestAccount has 90 seconds left.\n|\n|t:|1701198877\n|detailschange|p2a: Banette|Banette-Mega, F\n|-mega|p2a: Banette|Banette|Banettite\n|move|p2a: Banette|Encore|p1a: Nika Reanukko\n|-hint|Since gen 7, Dark is immune to Prankster moves.\n|-immune|p1a: Nika Reanukko\n|cant|p1a: Nika Reanukko|par\n|\n|upkeep\n|turn|25\n|\n|t:|1701198886\n|move|p2a: Banette|Swords Dance|p2a: Banette\n|-boost|p2a: Banette|atk|2\n|move|p1a: Nika Reanukko|Wish|p1a: Nika Reanukko\n|\n|upkeep\n|turn|26\n|\n|t:|1701198890\n|move|p2a: Banette|Swords Dance|p2a: Banette\n|-boost|p2a: Banette|atk|2\n|move|p1a: Nika Reanukko|Payback|p2a: Banette\n|-supereffective|p2a: Banette\n|-damage|p2a: Banette|0 fnt\n|faint|p2a: Banette\n|\n|upkeep\n|\n|t:|1701198893\n|switch|p2a: Samurott|Samurott-Hisui, F|65\/100 brn\n|turn|27\n|\n|t:|1701198897\n|move|p2a: Samurott|Megahorn|p1a: Nika Reanukko\n|-supereffective|p1a: Nika Reanukko\n|-damage|p1a: Nika Reanukko|68\/100 par\n|move|p1a: Nika Reanukko|Heal Bell|p1a: Nika Reanukko\n|-activate|p1a: Nika Reanukko|move: Heal Bell\n|-curestatus|p1a: Nika Reanukko|par|[msg]\n|\n|-heal|p1a: Nika Reanukko|74\/100|[from] item: Leftovers\n|-damage|p2a: Samurott|59\/100 brn|[from] brn\n|upkeep\n|turn|28\n|\n|t:|1701198901\n|move|p2a: Samurott|Megahorn|p1a: Nika Reanukko\n|-supereffective|p1a: Nika Reanukko\n|-damage|p1a: Nika Reanukko|39\/100\n|move|p1a: Nika Reanukko|Wish|p1a: Nika Reanukko\n|\n|-heal|p1a: Nika Reanukko|45\/100|[from] item: Leftovers\n|-damage|p2a: Samurott|53\/100 brn|[from] brn\n|upkeep\n|turn|29\n|\n|t:|1701198904\n|move|p2a: Samurott|Megahorn|p1a: Nika Reanukko\n|-supereffective|p1a: Nika Reanukko\n|-damage|p1a: Nika Reanukko|11\/100\n|move|p1a: Nika Reanukko|Payback|p2a: Samurott\n|-resisted|p2a: Samurott\n|-damage|p2a: Samurott|30\/100 brn\n|\n|-heal|p1a: Nika Reanukko|61\/100|[from] move: Wish|[wisher] Nika Reanukko\n|-heal|p1a: Nika Reanukko|68\/100|[from] item: Leftovers\n|-damage|p2a: Samurott|24\/100 brn|[from] brn\n|upkeep\n|turn|30\n|\n|t:|1701198909\n|move|p2a: Samurott|Megahorn|p1a: Nika Reanukko|[miss]\n|-miss|p2a: Samurott|p1a: Nika Reanukko\n|move|p1a: Nika Reanukko|Payback|p2a: Samurott\n|-resisted|p2a: Samurott\n|-damage|p2a: Samurott|1\/100 brn\n|\n|-heal|p1a: Nika Reanukko|74\/100|[from] item: Leftovers\n|-damage|p2a: Samurott|0 fnt|[from] brn\n|faint|p2a: Samurott\n|upkeep\n|\n|t:|1701198911\n|switch|p2a: Zapdos|Zapdos|100\/100\n|-ability|p2a: Zapdos|Pressure\n|turn|31\n|\n|t:|1701198916\n|move|p2a: Zapdos|Thunder Wave|p1a: Nika Reanukko\n|-status|p1a: Nika Reanukko|par\n|-activate|p1a: Nika Reanukko|ability: Synchronize\n|-immune|p2a: Zapdos\n|move|p1a: Nika Reanukko|Wish|p1a: Nika Reanukko\n|\n|-heal|p1a: Nika Reanukko|80\/100 par|[from] item: Leftovers\n|upkeep\n|turn|32\n|\n|t:|1701198922\n|move|p2a: Zapdos|Volt Switch|p1a: Nika Reanukko\n|-damage|p1a: Nika Reanukko|59\/100 par\n|move|p1a: Nika Reanukko|Curse|p1a: Nika Reanukko\n|-unboost|p1a: Nika Reanukko|spe|1\n|-boost|p1a: Nika Reanukko|atk|1\n|-boost|p1a: Nika Reanukko|def|1\n|\n|-heal|p1a: Nika Reanukko|100\/100 par|[from] move: Wish|[wisher] Nika Reanukko\n|upkeep\n|turn|33\n|\n|t:|1701198926\n|move|p2a: Zapdos|Volt Switch|p1a: Nika Reanukko\n|-damage|p1a: Nika Reanukko|79\/100 par\n|cant|p1a: Nika Reanukko|par\n|\n|-heal|p1a: Nika Reanukko|85\/100 par|[from] item: Leftovers\n|upkeep\n|turn|34\n|\n|t:|1701198930\n|move|p2a: Zapdos|Volt Switch|p1a: Nika Reanukko\n|-damage|p1a: Nika Reanukko|63\/100 par\n|move|p1a: Nika Reanukko|Curse|p1a: Nika Reanukko\n|-unboost|p1a: Nika Reanukko|spe|1\n|-boost|p1a: Nika Reanukko|atk|1\n|-boost|p1a: Nika Reanukko|def|1\n|\n|-heal|p1a: Nika Reanukko|69\/100 par|[from] item: Leftovers\n|upkeep\n|turn|35\n|\n|t:|1701198934\n|move|p2a: Zapdos|Volt Switch|p1a: Nika Reanukko\n|-damage|p1a: Nika Reanukko|50\/100 par\n|move|p1a: Nika Reanukko|Wish|p1a: Nika Reanukko\n|\n|-heal|p1a: Nika Reanukko|56\/100 par|[from] item: Leftovers\n|upkeep\n|turn|36\n|\n|t:|1701198939\n|move|p2a: Zapdos|Volt Switch|p1a: Nika Reanukko\n|-damage|p1a: Nika Reanukko|37\/100 par\n|cant|p1a: Nika Reanukko|par\n|\n|-heal|p1a: Nika Reanukko|87\/100 par|[from] move: Wish|[wisher] Nika Reanukko\n|-heal|p1a: Nika Reanukko|93\/100 par|[from] item: Leftovers\n|upkeep\n|turn|37\n|\n|t:|1701198944\n|move|p2a: Zapdos|Volt Switch|p1a: Nika Reanukko\n|-damage|p1a: Nika Reanukko|73\/100 par\n|cant|p1a: Nika Reanukko|par\n|\n|-heal|p1a: Nika Reanukko|79\/100 par|[from] item: Leftovers\n|upkeep\n|turn|38\n|\n|t:|1701198946\n|move|p2a: Zapdos|Volt Switch|p1a: Nika Reanukko\n|-damage|p1a: Nika Reanukko|59\/100 par\n|move|p1a: Nika Reanukko|Curse|p1a: Nika Reanukko\n|-unboost|p1a: Nika Reanukko|spe|1\n|-boost|p1a: Nika Reanukko|atk|1\n|-boost|p1a: Nika Reanukko|def|1\n|\n|-heal|p1a: Nika Reanukko|65\/100 par|[from] item: Leftovers\n|upkeep\n|turn|39\n|\n|t:|1701198949\n|move|p2a: Zapdos|Volt Switch|p1a: Nika Reanukko\n|-damage|p1a: Nika Reanukko|46\/100 par\n|cant|p1a: Nika Reanukko|par\n|\n|-heal|p1a: Nika Reanukko|52\/100 par|[from] item: Leftovers\n|upkeep\n|turn|40\n|\n|t:|1701198953\n|move|p2a: Zapdos|Volt Switch|p1a: Nika Reanukko\n|-damage|p1a: Nika Reanukko|31\/100 par\n|cant|p1a: Nika Reanukko|par\n|\n|-heal|p1a: Nika Reanukko|37\/100 par|[from] item: Leftovers\n|upkeep\n|turn|41\n|\n|t:|1701198959\n|move|p2a: Zapdos|Volt Switch|p1a: Nika Reanukko\n|-damage|p1a: Nika Reanukko|17\/100 par\n|move|p1a: Nika Reanukko|Wish|p1a: Nika Reanukko\n|\n|-heal|p1a: Nika Reanukko|23\/100 par|[from] item: Leftovers\n|upkeep\n|turn|42\n|\n|t:|1701198968\n|move|p2a: Zapdos|Volt Switch|p1a: Nika Reanukko\n|-damage|p1a: Nika Reanukko|3\/100 par\n|cant|p1a: Nika Reanukko|par\n|\n|-heal|p1a: Nika Reanukko|53\/100 par|[from] move: Wish|[wisher] Nika Reanukko\n|-heal|p1a: Nika Reanukko|59\/100 par|[from] item: Leftovers\n|upkeep\n|turn|43\n|\n|t:|1701198973\n|move|p2a: Zapdos|Volt Switch|p1a: Nika Reanukko\n|-damage|p1a: Nika Reanukko|39\/100 par\n|move|p1a: Nika Reanukko|Wish|p1a: Nika Reanukko\n|\n|-heal|p1a: Nika Reanukko|45\/100 par|[from] item: Leftovers\n|upkeep\n|turn|44\n|\n|t:|1701198978\n|move|p2a: Zapdos|Volt Switch|p1a: Nika Reanukko\n|-damage|p1a: Nika Reanukko|23\/100 par\n|cant|p1a: Nika Reanukko|par\n|\n|-heal|p1a: Nika Reanukko|73\/100 par|[from] move: Wish|[wisher] Nika Reanukko\n|-heal|p1a: Nika Reanukko|79\/100 par|[from] item: Leftovers\n|upkeep\n|turn|45\n|\n|t:|1701198981\n|move|p2a: Zapdos|Volt Switch|p1a: Nika Reanukko\n|-damage|p1a: Nika Reanukko|58\/100 par\n|move|p1a: Nika Reanukko|Heal Bell|p1a: Nika Reanukko\n|-activate|p1a: Nika Reanukko|move: Heal Bell\n|-curestatus|p1a: Nika Reanukko|par|[msg]\n|\n|-heal|p1a: Nika Reanukko|64\/100|[from] item: Leftovers\n|upkeep\n|turn|46\n|\n|t:|1701198985\n|move|p2a: Zapdos|Thunder Wave|p1a: Nika Reanukko\n|-status|p1a: Nika Reanukko|par\n|-activate|p1a: Nika Reanukko|ability: Synchronize\n|-immune|p2a: Zapdos\n|move|p1a: Nika Reanukko|Wish|p1a: Nika Reanukko\n|\n|-heal|p1a: Nika Reanukko|70\/100 par|[from] item: Leftovers\n|upkeep\n|turn|47\n|\n|t:|1701198991\n|move|p2a: Zapdos|Volt Switch|p1a: Nika Reanukko\n|-damage|p1a: Nika Reanukko|48\/100 par\n|move|p1a: Nika Reanukko|Curse|p1a: Nika Reanukko\n|-unboost|p1a: Nika Reanukko|spe|1\n|-boost|p1a: Nika Reanukko|atk|1\n|-boost|p1a: Nika Reanukko|def|1\n|\n|-heal|p1a: Nika Reanukko|98\/100 par|[from] move: Wish|[wisher] Nika Reanukko\n|-heal|p1a: Nika Reanukko|100\/100 par|[from] item: Leftovers\n|upkeep\n|turn|48\n|\n|t:|1701198996\n|move|p2a: Zapdos|Volt Switch|p1a: Nika Reanukko\n|-damage|p1a: Nika Reanukko|79\/100 par\n|move|p1a: Nika Reanukko|Wish|p1a: Nika Reanukko\n|\n|-heal|p1a: Nika Reanukko|85\/100 par|[from] item: Leftovers\n|upkeep\n|turn|49\n|\n|t:|1701199000\n|move|p2a: Zapdos|Volt Switch|p1a: Nika Reanukko\n|-damage|p1a: Nika Reanukko|63\/100 par\n|cant|p1a: Nika Reanukko|par\n|\n|-heal|p1a: Nika Reanukko|100\/100 par|[from] move: Wish|[wisher] Nika Reanukko\n|upkeep\n|turn|50\n|\n|t:|1701199002\n|move|p2a: Zapdos|Volt Switch|p1a: Nika Reanukko\n|-damage|p1a: Nika Reanukko|81\/100 par\n|move|p1a: Nika Reanukko|Curse|p1a: Nika Reanukko\n|-unboost|p1a: Nika Reanukko|spe|1\n|-boost|p1a: Nika Reanukko|atk|1\n|-boost|p1a: Nika Reanukko|def|1\n|\n|-heal|p1a: Nika Reanukko|88\/100 par|[from] item: Leftovers\n|upkeep\n|turn|51\n|\n|t:|1701199004\n|move|p2a: Zapdos|Volt Switch|p1a: Nika Reanukko\n|-damage|p1a: Nika Reanukko|66\/100 par\n|cant|p1a: Nika Reanukko|par\n|\n|-heal|p1a: Nika Reanukko|72\/100 par|[from] item: Leftovers\n|upkeep\n|turn|52\n|\n|t:|1701199008\n|move|p2a: Zapdos|Volt Switch|p1a: Nika Reanukko\n|-damage|p1a: Nika Reanukko|52\/100 par\n|move|p1a: Nika Reanukko|Wish|p1a: Nika Reanukko\n|\n|-heal|p1a: Nika Reanukko|58\/100 par|[from] item: Leftovers\n|upkeep\n|turn|53\n|\n|t:|1701199012\n|move|p2a: Zapdos|Volt Switch|p1a: Nika Reanukko\n|-damage|p1a: Nika Reanukko|36\/100 par\n|move|p1a: Nika Reanukko|Payback|p2a: Zapdos\n|-damage|p2a: Zapdos|10\/100\n|\n|-heal|p1a: Nika Reanukko|86\/100 par|[from] move: Wish|[wisher] Nika Reanukko\n|-heal|p2a: Zapdos|16\/100|[from] item: Leftovers\n|-heal|p1a: Nika Reanukko|92\/100 par|[from] item: Leftovers\n|upkeep\n|turn|54\n|\n|t:|1701199019\n|move|p2a: Zapdos|Volt Switch|p1a: Nika Reanukko\n|-damage|p1a: Nika Reanukko|73\/100 par\n|move|p1a: Nika Reanukko|Payback|p2a: Zapdos\n|-damage|p2a: Zapdos|0 fnt\n|faint|p2a: Zapdos\n|\n|win|RandoTestAccount\n|raw|RandoTestAccount's rating: 1207 &rarr; <strong>1236<\/strong><br \/>(+29 for winning)\n|raw|Starving fartist's rating: 1256 &rarr; <strong>1227<\/strong><br \/>(-29 for losing)\n|l|\u2606Starving fartist\n","uploadtime":1701199025,"views":5,"p1id":"randotestaccount","p2id":"starvingfartist","formatid":"gen9nationaldex","rating":1227,"private":0,"password":""}