{"id":"gen9nationaldex-1990972781","p1":"haliyundou2","p2":"loch2009","format":"[Gen 9] National Dex","log":"|j|\u2606haliyundou2\n|j|\u2606loch2009\n|t:|1700021723\n|gametype|singles\n|player|p1|haliyundou2|170|1297\n|player|p2|loch2009|lance|1266\n|teamsize|p1|6\n|teamsize|p2|6\n|gen|9\n|tier|[Gen 9] National Dex\n|rated|\n|rule|HP Percentage Mod: HP is shown in percentages\n|rule|Endless Battle Clause: Forcing endless battles is banned\n|rule|OHKO Clause: OHKO moves are banned\n|rule|Evasion Clause: Evasion abilities, items, and moves are banned\n|rule|Evasion Abilities Clause: Evasion abilities are banned\n|rule|Evasion Items Clause: Evasion items are banned\n|rule|Evasion Moves Clause: Evasion moves are banned\n|rule|Species Clause: Limit one of each Pok\u00e9mon\n|rule|Sleep Clause Mod: Limit one foe put to sleep\n|clearpoke\n|poke|p1|Tapu Koko|\n|poke|p1|Rillaboom, F|\n|poke|p1|Manectric, F|\n|poke|p1|Landorus-Therian, M|\n|poke|p1|Weavile, M|\n|poke|p1|Slowking-Galar, M|\n|poke|p2|Duraludon, F|\n|poke|p2|Kingdra, F|\n|poke|p2|Dragonite, F|\n|poke|p2|Noivern, F|\n|poke|p2|Latios, M|\n|poke|p2|Regidrago|\n|teampreview\n|inactive|Battle timer is ON: inactive players will automatically lose when time's up. (requested by haliyundou2)\n|c|\u2606loch2009|glfh\n|\n|t:|1700021761\n|start\n|switch|p1a: Tapu Koko|Tapu Koko|100\/100\n|switch|p2a: Duraludon|Duraludon, F, shiny|100\/100\n|-fieldstart|move: Electric Terrain|[from] ability: Electric Surge|[of] p1a: Tapu Koko\n|turn|1\n|\n|t:|1700021770\n|move|p1a: Tapu Koko|U-turn|p2a: Duraludon\n|-resisted|p2a: Duraludon\n|-damage|p2a: Duraludon|93\/100\n|-damage|p1a: Tapu Koko|84\/100|[from] item: Rocky Helmet|[of] p2a: Duraludon\n|\n|t:|1700021774\n|switch|p1a: Landorus|Landorus-Therian, M|100\/100|[from] U-turn\n|-ability|p1a: Landorus|Intimidate|boost\n|-unboost|p2a: Duraludon|atk|1\n|move|p2a: Duraludon|Stealth Rock|p1a: Landorus\n|-sidestart|p1: haliyundou2|move: Stealth Rock\n|\n|upkeep\n|turn|2\n|\n|t:|1700021783\n|move|p1a: Landorus|Stealth Rock|p2a: Duraludon\n|-sidestart|p2: loch2009|move: Stealth Rock\n|move|p2a: Duraludon|Dragon Pulse|p1a: Landorus\n|-damage|p1a: Landorus|63\/100\n|\n|upkeep\n|turn|3\n|\n|t:|1700021790\n|move|p1a: Landorus|Earthquake|p2a: Duraludon\n|-supereffective|p2a: Duraludon\n|-damage|p2a: Duraludon|11\/100\n|move|p2a: Duraludon|Dragon Pulse|p1a: Landorus\n|-damage|p1a: Landorus|24\/100\n|\n|upkeep\n|turn|4\n|\n|t:|1700021797\n|move|p1a: Landorus|Earthquake|p2a: Duraludon\n|-supereffective|p2a: Duraludon\n|-damage|p2a: Duraludon|0 fnt\n|faint|p2a: Duraludon\n|\n|upkeep\n|\n|t:|1700021801\n|switch|p2a: Noivern|Noivern, F|100\/100\n|-item|p1a: Landorus|Rocky Helmet|[from] ability: Frisk|[of] p2a: Noivern|[identify]\n|turn|5\n|\n|t:|1700021810\n|move|p2a: Noivern|Defog|p1a: Landorus\n|-unboost|p1a: Landorus|evasion|1\n|-sideend|p1: haliyundou2|Stealth Rock|[from] move: Defog|[of] p2a: Noivern\n|-sideend|p2: loch2009|Stealth Rock|[from] move: Defog|[of] p2a: Noivern\n|-fieldend|move: Electric Terrain\n|move|p1a: Landorus|Toxic|p2a: Noivern\n|-status|p2a: Noivern|tox\n|\n|-damage|p2a: Noivern|94\/100 tox|[from] psn\n|upkeep\n|turn|6\n|\n|t:|1700021818\n|switch|p1a: Slowking|Slowking-Galar, M|100\/100\n|move|p2a: Noivern|Boomburst|p1a: Slowking\n|-damage|p1a: Slowking|75\/100\n|\n|-damage|p2a: Noivern|82\/100 tox|[from] psn\n|upkeep\n|turn|7\n|\n|t:|1700021830\n|switch|p2a: Kingdra|Kingdra, F, shiny|100\/100\n|move|p1a: Slowking|Chilly Reception|p1a: Slowking\n|-weather|Snow\n|\n|t:|1700021843\n|switch|p1a: Tapu Koko|Tapu Koko|84\/100|[from] Chilly Reception\n|-fieldstart|move: Electric Terrain|[from] ability: Electric Surge|[of] p1a: Tapu Koko\n|\n|-weather|Snow|[upkeep]\n|upkeep\n|turn|8\n|\n|t:|1700021851\n|move|p1a: Tapu Koko|Thunderbolt|p2a: Kingdra\n|-damage|p2a: Kingdra|37\/100\n|move|p2a: Kingdra|Rain Dance|p2a: Kingdra\n|-weather|RainDance\n|\n|-weather|RainDance|[upkeep]\n|upkeep\n|turn|9\n|\n|t:|1700021862\n|switch|p1a: Slowking|Slowking-Galar, M|100\/100\n|move|p2a: Kingdra|Hydro Pump|p1a: Slowking\n|-damage|p1a: Slowking|40\/100\n|-damage|p2a: Kingdra|27\/100|[from] item: Life Orb\n|\n|-weather|RainDance|[upkeep]\n|upkeep\n|turn|10\n|\n|t:|1700021882\n|switch|p1a: Landorus|Landorus-Therian, M|24\/100\n|-ability|p1a: Landorus|Intimidate|boost\n|-unboost|p2a: Kingdra|atk|1\n|move|p2a: Kingdra|Ice Beam|p1a: Landorus\n|-supereffective|p1a: Landorus\n|-damage|p1a: Landorus|0 fnt\n|faint|p1a: Landorus\n|-damage|p2a: Kingdra|17\/100|[from] item: Life Orb\n|\n|-weather|RainDance|[upkeep]\n|upkeep\n|\n|t:|1700021892\n|switch|p1a: Rillaboom|Rillaboom, F|100\/100\n|-fieldstart|move: Grassy Terrain|[from] ability: Grassy Surge|[of] p1a: Rillaboom\n|turn|11\n|\n|t:|1700021899\n|move|p1a: Rillaboom|Grassy Glide|p2a: Kingdra\n|-damage|p2a: Kingdra|0 fnt\n|faint|p2a: Kingdra\n|\n|-weather|RainDance|[upkeep]\n|upkeep\n|\n|t:|1700021910\n|switch|p2a: Regidrago|Regidrago|100\/100\n|turn|12\n|\n|t:|1700021918\n|switch|p1a: Slowking|Slowking-Galar, M|73\/100\n|move|p2a: Regidrago|Ancient Power|p1a: Slowking\n|-crit|p1a: Slowking\n|-damage|p1a: Slowking|57\/100\n|\n|-weather|none\n|-heal|p1a: Slowking|63\/100|[from] Grassy Terrain\n|upkeep\n|turn|13\n|\n|t:|1700021927\n|move|p2a: Regidrago|Earth Power|p1a: Slowking\n|-supereffective|p1a: Slowking\n|-damage|p1a: Slowking|28\/100\n|move|p1a: Slowking|Chilly Reception|p1a: Slowking\n|-weather|Snow\n|\n|t:|1700021933\n|switch|p1a: Weavile|Weavile, M|100\/100|[from] Chilly Reception\n|-ability|p1a: Weavile|Pressure\n|\n|-weather|Snow|[upkeep]\n|upkeep\n|turn|14\n|\n|t:|1700021940\n|-terastallize|p2a: Regidrago|Steel\n|move|p1a: Weavile|Triple Axel|p2a: Regidrago\n|-resisted|p2a: Regidrago\n|-damage|p2a: Regidrago|94\/100\n|-resisted|p2a: Regidrago\n|-damage|p2a: Regidrago|81\/100\n|-hitcount|p2a: Regidrago|2\n|-damage|p1a: Weavile|91\/100|[from] item: Life Orb\n|move|p2a: Regidrago|Tera Blast|p1a: Weavile|[anim] Tera Blast Steel\n|-supereffective|p1a: Weavile\n|-damage|p1a: Weavile|0 fnt\n|faint|p1a: Weavile\n|\n|-weather|Snow|[upkeep]\n|-heal|p2a: Regidrago|87\/100|[from] Grassy Terrain\n|-heal|p2a: Regidrago|93\/100|[from] item: Leftovers\n|upkeep\n|\n|t:|1700021956\n|switch|p1a: Manectric|Manectric, F|100\/100\n|turn|15\n|\n|t:|1700021961\n|detailschange|p1a: Manectric|Manectric-Mega, F\n|-mega|p1a: Manectric|Manectric|Manectite\n|-ability|p1a: Manectric|Intimidate|boost\n|-unboost|p2a: Regidrago|atk|1\n|move|p1a: Manectric|Overheat|p2a: Regidrago\n|-supereffective|p2a: Regidrago\n|-damage|p2a: Regidrago|3\/100\n|-unboost|p1a: Manectric|spa|2\n|move|p2a: Regidrago|Earth Power|p1a: Manectric\n|-supereffective|p1a: Manectric\n|-damage|p1a: Manectric|23\/100\n|-unboost|p1a: Manectric|spd|1\n|\n|-weather|Snow|[upkeep]\n|-heal|p1a: Manectric|29\/100|[from] Grassy Terrain\n|-heal|p2a: Regidrago|9\/100|[from] Grassy Terrain\n|-heal|p2a: Regidrago|15\/100|[from] item: Leftovers\n|-fieldend|move: Grassy Terrain\n|upkeep\n|turn|16\n|\n|t:|1700021979\n|move|p1a: Manectric|Volt Switch|p2a: Regidrago\n|-damage|p2a: Regidrago|0 fnt\n|faint|p2a: Regidrago\n|\n|t:|1700021984\n|switch|p1a: Tapu Koko|Tapu Koko|84\/100|[from] Volt Switch\n|-fieldstart|move: Electric Terrain|[from] ability: Electric Surge|[of] p1a: Tapu Koko\n|\n|-weather|Snow|[upkeep]\n|upkeep\n|\n|t:|1700021992\n|switch|p2a: Noivern|Noivern, F|82\/100 tox\n|-item|p1a: Tapu Koko|Heavy-Duty Boots|[from] ability: Frisk|[of] p2a: Noivern|[identify]\n|turn|17\n|\n|t:|1700022000\n|move|p1a: Tapu Koko|Thunderbolt|p2a: Noivern\n|-damage|p2a: Noivern|16\/100 tox\n|move|p2a: Noivern|Boomburst|p1a: Tapu Koko\n|-damage|p1a: Tapu Koko|18\/100\n|\n|-weather|none\n|-damage|p2a: Noivern|10\/100 tox|[from] psn\n|upkeep\n|turn|18\n|\n|t:|1700022010\n|switch|p1a: Slowking|Slowking-Galar, M|61\/100\n|move|p2a: Noivern|Boomburst|p1a: Slowking\n|-damage|p1a: Slowking|40\/100\n|\n|-damage|p2a: Noivern|0 fnt|[from] psn\n|faint|p2a: Noivern\n|upkeep\n|\n|t:|1700022014\n|switch|p2a: Dragonite|Dragonite, F|100\/100\n|turn|19\n|\n|t:|1700022025\n|move|p2a: Dragonite|Dragon Dance|p2a: Dragonite\n|-boost|p2a: Dragonite|atk|1\n|-boost|p2a: Dragonite|spe|1\n|move|p1a: Slowking|Sludge Bomb|p2a: Dragonite\n|-damage|p2a: Dragonite|82\/100\n|\n|upkeep\n|turn|20\n|\n|t:|1700022033\n|move|p2a: Dragonite|Earthquake|p1a: Slowking\n|-supereffective|p1a: Slowking\n|-damage|p1a: Slowking|0 fnt\n|faint|p1a: Slowking\n|\n|-fieldend|move: Electric Terrain\n|upkeep\n|\n|t:|1700022040\n|switch|p1a: Manectric|Manectric-Mega, F|29\/100\n|-ability|p1a: Manectric|Intimidate|boost\n|-unboost|p2a: Dragonite|atk|1\n|turn|21\n|\n|t:|1700022046\n|move|p2a: Dragonite|Extreme Speed|p1a: Manectric\n|-damage|p1a: Manectric|0 fnt\n|faint|p1a: Manectric\n|\n|upkeep\n|\n|t:|1700022050\n|switch|p1a: Tapu Koko|Tapu Koko|18\/100\n|-fieldstart|move: Electric Terrain|[from] ability: Electric Surge|[of] p1a: Tapu Koko\n|turn|22\n|-message|haliyundou2 forfeited.\n|\n|win|loch2009\n|raw|haliyundou2's rating: 1297 &rarr; <strong>1270<\/strong><br \/>(-27 for losing)\n|raw|loch2009's rating: 1266 &rarr; <strong>1293<\/strong><br \/>(+27 for winning)\n|l|\u2606haliyundou2\n|c|\u2606loch2009|gg\n","uploadtime":1700022071,"views":13,"p1id":"haliyundou2","p2id":"loch2009","formatid":"gen9nationaldex","rating":1270,"private":0,"password":""}