{"id":"gen9nationaldex-1997769197","p1":"vandesaarr","p2":"Modarkrai","format":"[Gen 9] National Dex","log":"|html|<div class=\"broadcast-blue\"><strong>[Gen 9] National Dex is currently suspecting Sneasler! For information on how to participate check out the <a href=\"https:\/\/www.smogon.com\/forums\/threads\/sv-national-dex-suspect-8-just-dance.3731534\/\">suspect thread<\/a>.<\/strong><\/div>\n|j|\u2606vandesaarr\n|j|\u2606Modarkrai\n|t:|1700850681\n|gametype|singles\n|player|p1|vandesaarr|pokemaniac|\n|player|p2|Modarkrai|266|\n|teamsize|p1|6\n|teamsize|p2|6\n|gen|9\n|tier|[Gen 9] National Dex\n|rule|HP Percentage Mod: HP is shown in percentages\n|rule|Endless Battle Clause: Forcing endless battles is banned\n|rule|OHKO Clause: OHKO moves are banned\n|rule|Evasion Clause: Evasion abilities, items, and moves are banned\n|rule|Evasion Abilities Clause: Evasion abilities are banned\n|rule|Evasion Items Clause: Evasion items are banned\n|rule|Evasion Moves Clause: Evasion moves are banned\n|rule|Species Clause: Limit one of each Pok\u00e9mon\n|rule|Sleep Clause Mod: Limit one foe put to sleep\n|clearpoke\n|poke|p1|Tyranitar, M|\n|poke|p1|Excadrill, F|\n|poke|p1|Dracozolt|\n|poke|p1|Moltres|\n|poke|p1|Garchomp, F|\n|poke|p1|Keldeo-Resolute|\n|poke|p2|Morpeko, M|\n|poke|p2|Indeedee, M|\n|poke|p2|Tsareena, F|\n|poke|p2|Meowstic, M|\n|poke|p2|Comfey, F|\n|poke|p2|Altaria, F|\n|teampreview\n|\n|t:|1700850693\n|start\n|switch|p1a: Tyranitar|Tyranitar, M|100\/100\n|switch|p2a: Meowstic|Meowstic, M|100\/100\n|-weather|Sandstorm|[from] ability: Sand Stream|[of] p1a: Tyranitar\n|turn|1\n|j| josh770\n|c|\u2606vandesaarr|is bro trolling\n|\n|t:|1700850701\n|move|p2a: Meowstic|Reflect|p2a: Meowstic\n|-sidestart|p2: Modarkrai|Reflect\n|move|p1a: Tyranitar|Pursuit|p2a: Meowstic\n|-supereffective|p2a: Meowstic\n|-damage|p2a: Meowstic|80\/100\n|\n|-weather|Sandstorm|[upkeep]\n|-damage|p2a: Meowstic|74\/100|[from] Sandstorm\n|upkeep\n|turn|2\n|\n|t:|1700850705\n|move|p2a: Meowstic|Light Screen|p2a: Meowstic\n|-sidestart|p2: Modarkrai|move: Light Screen\n|move|p1a: Tyranitar|Stealth Rock|p2a: Meowstic\n|-sidestart|p2: Modarkrai|move: Stealth Rock\n|\n|-weather|Sandstorm|[upkeep]\n|-damage|p2a: Meowstic|68\/100|[from] Sandstorm\n|upkeep\n|turn|3\n|\n|t:|1700850710\n|switch|p1a: Excadrill|Excadrill, F|100\/100\n|move|p2a: Meowstic|Yawn|p1a: Excadrill\n|-start|p1a: Excadrill|move: Yawn|[of] p2a: Meowstic\n|\n|-weather|Sandstorm|[upkeep]\n|-damage|p2a: Meowstic|62\/100|[from] Sandstorm\n|upkeep\n|turn|4\n|\n|t:|1700850734\n|switch|p1a: Garchomp|Garchomp, F|100\/100\n|switch|p2a: Indeedee|Indeedee, M|100\/100\n|-damage|p2a: Indeedee|88\/100|[from] Stealth Rock\n|-fieldstart|move: Psychic Terrain|[from] ability: Psychic Surge|[of] p2a: Indeedee\n|\n|-weather|Sandstorm|[upkeep]\n|-damage|p2a: Indeedee|82\/100|[from] Sandstorm\n|upkeep\n|turn|5\n|\n|t:|1700850747\n|detailschange|p1a: Garchomp|Garchomp-Mega, F\n|-mega|p1a: Garchomp|Garchomp|Garchompite\n|move|p2a: Indeedee|Terrain Pulse|p1a: Garchomp\n|-damage|p1a: Garchomp|40\/100\n|move|p1a: Garchomp|Earthquake|p2a: Indeedee\n|-damage|p2a: Indeedee|0 fnt\n|faint|p2a: Indeedee\n|\n|-weather|Sandstorm|[upkeep]\n|upkeep\n|c| josh770|el oh el\n|\n|t:|1700850763\n|switch|p2a: Morpeko|Morpeko, M|100\/100\n|-damage|p2a: Morpeko|88\/100|[from] Stealth Rock\n|turn|6\n|c|\u2606vandesaarr|!dt terrain pulse\n|raw|<ul class=\"utilichart\"><li class=\"result\"><span class=\"col movenamecol\"><a href=\"https:\/\/dex.pokemonshowdown.com\/moves\/terrainpulse\">Terrain Pulse<\/a><\/span> <span class=\"col typecol\"><img src=\"\/\/play.pokemonshowdown.com\/sprites\/types\/Normal.png\" alt=\"Normal\" width=\"32\" height=\"14\"><img src=\"\/\/play.pokemonshowdown.com\/sprites\/categories\/Special.png\" alt=\"Special\" width=\"32\" height=\"14\"><\/span> <span class=\"col labelcol\"><em>Power<\/em><br>50<\/span> <span class=\"col widelabelcol\"><em>Accuracy<\/em><br>100%<\/span> <span class=\"col pplabelcol\"><em>PP<\/em><br>16<\/span> <span class=\"col movedesccol\">User on terrain: power doubles, type varies.<\/span> <\/li><li style=\"clear:both\"><\/li><\/ul>\n|raw|<font size=\"1\"><font color=\"#686868\">Priority:<\/font> 0&nbsp;|&ThickSpace;<font color=\"#686868\">Gen:<\/font> 8&nbsp;|&ThickSpace;&#10003; Pulse&nbsp;|&ThickSpace;<font color=\"#686868\">Z-Power:<\/font> 160&nbsp;|&ThickSpace;<font color=\"#686868\">Dynamax Power:<\/font> 130&nbsp;|&ThickSpace;<font color=\"#686868\">Target:<\/font> One Adjacent Pok\u00e9mon<\/font>\n\n|\n|t:|1700850770\n|move|p2a: Morpeko|Stomping Tantrum|p1a: Garchomp\n|-damage|p1a: Garchomp|21\/100\n|move|p1a: Garchomp|Earthquake|p2a: Morpeko\n|-supereffective|p2a: Morpeko\n|-crit|p2a: Morpeko\n|-damage|p2a: Morpeko|0 fnt\n|faint|p2a: Morpeko\n|\n|-weather|Sandstorm|[upkeep]\n|upkeep\n|c| josh770|aw hell naw\n|c|\u2606vandesaarr|questionable move\n|c|\u2606vandesaarr|no dark move\n|\n|t:|1700850794\n|switch|p2a: Meowstic|Meowstic, M|62\/100\n|-damage|p2a: Meowstic|50\/100|[from] Stealth Rock\n|turn|7\n|\n|t:|1700850798\n|move|p1a: Garchomp|Earthquake|p2a: Meowstic\n|-damage|p2a: Meowstic|0 fnt\n|faint|p2a: Meowstic\n|\n|-weather|Sandstorm|[upkeep]\n|upkeep\n|\n|t:|1700850804\n|switch|p2a: Tsareena|Tsareena, F|100\/100\n|-damage|p2a: Tsareena|88\/100|[from] Stealth Rock\n|turn|8\n|c|\u2606vandesaarr|reflect aint stopping the chomp\n|\n|t:|1700850811\n|move|p1a: Garchomp|Poison Jab|p2a: Tsareena\n|-supereffective|p2a: Tsareena\n|-damage|p2a: Tsareena|53\/100\n|move|p2a: Tsareena|Power Whip|p1a: Garchomp\n|-damage|p1a: Garchomp|0 fnt\n|faint|p1a: Garchomp\n|\n|-weather|none\n|-sideend|p2: Modarkrai|Reflect\n|-fieldend|move: Psychic Terrain\n|upkeep\n|c|\u2606vandesaarr|nvm\n|\n|t:|1700850818\n|switch|p1a: Moltres|Moltres|100\/100\n|turn|9\n|\n|t:|1700850827\n|switch|p2a: Altaria|Altaria, F|100\/100\n|-damage|p2a: Altaria|76\/100|[from] Stealth Rock\n|move|p1a: Moltres|U-turn|p2a: Altaria\n|-resisted|p2a: Altaria\n|-damage|p2a: Altaria|66\/100\n|\n|t:|1700850830\n|switch|p1a: Tyranitar|Tyranitar, M|100\/100|[from] U-turn\n|-weather|Sandstorm|[from] ability: Sand Stream|[of] p1a: Tyranitar\n|\n|-weather|Sandstorm|[upkeep]\n|-damage|p2a: Altaria|60\/100|[from] Sandstorm\n|-sideend|p2: Modarkrai|move: Light Screen\n|upkeep\n|turn|10\n|c|\u2606vandesaarr|ggs\n|\n|t:|1700850848\n|switch|p1a: Dracozolt|Dracozolt|100\/100\n|detailschange|p2a: Altaria|Altaria-Mega, F\n|-mega|p2a: Altaria|Altaria|Altarianite\n|move|p2a: Altaria|Earthquake|p1a: Dracozolt\n|-supereffective|p1a: Dracozolt\n|-damage|p1a: Dracozolt|22\/100\n|\n|-weather|Sandstorm|[upkeep]\n|-damage|p2a: Altaria|54\/100|[from] Sandstorm\n|upkeep\n|turn|11\n|\n|t:|1700850860\n|move|p1a: Dracozolt|Bolt Beak|p2a: Altaria\n|-resisted|p2a: Altaria\n|-damage|p2a: Altaria|0 fnt\n|faint|p2a: Altaria\n|\n|-weather|Sandstorm|[upkeep]\n|upkeep\n|\n|t:|1700850865\n|switch|p2a: Tsareena|Tsareena, F|53\/100\n|-damage|p2a: Tsareena|41\/100|[from] Stealth Rock\n|turn|12\n|\n|t:|1700850873\n|move|p1a: Dracozolt|Bolt Beak|p2a: Tsareena\n|-resisted|p2a: Tsareena\n|-damage|p2a: Tsareena|0 fnt\n|faint|p2a: Tsareena\n|\n|-weather|Sandstorm|[upkeep]\n|upkeep\n|\n|t:|1700850875\n|switch|p2a: Comfey|Comfey, F|100\/100\n|-damage|p2a: Comfey|88\/100|[from] Stealth Rock\n|turn|13\n|\n|t:|1700850878\n|-terastallize|p2a: Comfey|Fairy\n|move|p2a: Comfey|Draining Kiss|p1a: Dracozolt\n|-supereffective|p1a: Dracozolt\n|-damage|p1a: Dracozolt|0 fnt\n|-heal|p2a: Comfey|100\/100|[from] drain|[of] p1a: Dracozolt\n|faint|p1a: Dracozolt\n|\n|-weather|Sandstorm|[upkeep]\n|-damage|p2a: Comfey|94\/100|[from] Sandstorm\n|upkeep\n|\n|t:|1700850887\n|switch|p1a: Excadrill|Excadrill, F|100\/100\n|turn|14\n|\n|t:|1700850890\n|-zpower|p1a: Excadrill\n|move|p1a: Excadrill|Corkscrew Crash|p2a: Comfey|[zeffect]\n|-supereffective|p2a: Comfey\n|-damage|p2a: Comfey|0 fnt\n|faint|p2a: Comfey\n|\n|win|vandesaarr\n|l|\u2606Modarkrai\n|l|\u2606vandesaarr\n","uploadtime":1700850910,"views":1,"p1id":"vandesaarr","p2id":"modarkrai","formatid":"gen9nationaldex","rating":0,"private":0,"password":""}