{"id":"gen9nationaldex-2000517222","p1":"Atacka scoot","p2":"doodiiddleding","format":"[Gen 9] National Dex","log":"|html|<div class=\"broadcast-blue\"><strong>[Gen 9] National Dex is currently suspecting Sneasler! For information on how to participate check out the <a href=\"https:\/\/www.smogon.com\/forums\/threads\/sv-national-dex-suspect-8-just-dance.3731534\/\">suspect thread<\/a>.<\/strong><\/div>\n|j|\u203dAtacka scoot\n|j|\u2606doodiiddleding\n|t:|1701201468\n|gametype|singles\n|player|p1|Atacka scoot|169|1039\n|player|p2|doodiiddleding|iris|1000\n|teamsize|p1|6\n|teamsize|p2|6\n|gen|9\n|tier|[Gen 9] National Dex\n|rated|\n|rule|HP Percentage Mod: HP is shown in percentages\n|rule|Endless Battle Clause: Forcing endless battles is banned\n|rule|OHKO Clause: OHKO moves are banned\n|rule|Evasion Clause: Evasion abilities, items, and moves are banned\n|rule|Evasion Abilities Clause: Evasion abilities are banned\n|rule|Evasion Items Clause: Evasion items are banned\n|rule|Evasion Moves Clause: Evasion moves are banned\n|rule|Species Clause: Limit one of each Pok\u00e9mon\n|rule|Sleep Clause Mod: Limit one foe put to sleep\n|clearpoke\n|poke|p1|Absol, F|\n|poke|p1|Haxorus, M|\n|poke|p1|Espeon, M|\n|poke|p1|Toxapex, F|\n|poke|p1|Chesnaught, F|\n|poke|p1|Houndoom, F|\n|poke|p2|Honchkrow, F|\n|poke|p2|Golem, M|\n|poke|p2|Armarouge, F|\n|poke|p2|Lopunny, M|\n|poke|p2|Mew|\n|poke|p2|Victreebel, M|\n|teampreview\n|\n|t:|1701201473\n|start\n|switch|p1a: Espeon|Espeon, M|100\/100\n|switch|p2a: balls|Golem, M|100\/100\n|turn|1\n|\n|t:|1701201479\n|move|p1a: Espeon|Calm Mind|p1a: Espeon\n|-boost|p1a: Espeon|spa|1\n|-boost|p1a: Espeon|spd|1\n|move|p2a: balls|Earthquake|p1a: Espeon\n|-damage|p1a: Espeon|0 fnt\n|faint|p1a: Espeon\n|\n|upkeep\n|\n|t:|1701201491\n|switch|p1a: Chesnaught|Chesnaught, F|100\/100\n|turn|2\n|\n|t:|1701201496\n|move|p2a: balls|Stealth Rock|p1a: Chesnaught\n|-sidestart|p1: Atacka scoot|move: Stealth Rock\n|move|p1a: Chesnaught|Seed Bomb|p2a: balls\n|-supereffective|p2a: balls\n|-ability|p2a: balls|Sturdy\n|-damage|p2a: balls|1\/100\n|\n|upkeep\n|turn|3\n|\n|t:|1701201508\n|switch|p2a: disappointment|Honchkrow, F|100\/100\n|switch|p1a: Toxapex|Toxapex, F|100\/100\n|-damage|p1a: Toxapex|88\/100|[from] Stealth Rock\n|\n|-heal|p1a: Toxapex|94\/100|[from] item: Black Sludge\n|upkeep\n|turn|4\n|\n|t:|1701201519\n|switch|p2a: ok|Victreebel, M|100\/100\n|move|p1a: Toxapex|Toxic|p2a: ok\n|-immune|p2a: ok\n|\n|-heal|p1a: Toxapex|100\/100|[from] item: Black Sludge\n|upkeep\n|turn|5\n|\n|t:|1701201531\n|switch|p1a: Haxorus|Haxorus, M|100\/100\n|-damage|p1a: Haxorus|88\/100|[from] Stealth Rock\n|-ability|p1a: Haxorus|Mold Breaker\n|move|p2a: ok|Sunny Day|p2a: ok\n|-weather|SunnyDay\n|\n|-weather|SunnyDay|[upkeep]\n|-heal|p1a: Haxorus|94\/100|[from] item: Leftovers\n|upkeep\n|turn|6\n|\n|t:|1701201546\n|move|p2a: ok|Sludge Bomb|p1a: Haxorus\n|-damage|p1a: Haxorus|8\/100\n|-damage|p2a: ok|91\/100|[from] item: Life Orb\n|move|p1a: Haxorus|Swords Dance|p1a: Haxorus\n|-boost|p1a: Haxorus|atk|2\n|\n|-weather|SunnyDay|[upkeep]\n|-heal|p1a: Haxorus|14\/100|[from] item: Leftovers\n|upkeep\n|turn|7\n|\n|t:|1701201561\n|switch|p1a: Toxapex|Toxapex, F|100\/100\n|-damage|p1a: Toxapex|88\/100|[from] Stealth Rock\n|move|p2a: ok|Solar Beam||[still]\n|-prepare|p2a: ok|Solar Beam\n|-anim|p2a: ok|Solar Beam|p1a: Toxapex\n|-damage|p1a: Toxapex|30\/100\n|-damage|p2a: ok|81\/100|[from] item: Life Orb\n|\n|-weather|SunnyDay|[upkeep]\n|-heal|p1a: Toxapex|37\/100|[from] item: Black Sludge\n|upkeep\n|turn|8\n|\n|t:|1701201575\n|switch|p1a: Houndoom|Houndoom, F|100\/100\n|-damage|p1a: Houndoom|76\/100|[from] Stealth Rock\n|move|p2a: ok|Solar Beam||[still]\n|-prepare|p2a: ok|Solar Beam\n|-anim|p2a: ok|Solar Beam|p1a: Houndoom\n|-resisted|p1a: Houndoom\n|-damage|p1a: Houndoom|21\/100\n|-damage|p2a: ok|71\/100|[from] item: Life Orb\n|\n|-weather|SunnyDay|[upkeep]\n|upkeep\n|turn|9\n|\n|t:|1701201590\n|detailschange|p1a: Houndoom|Houndoom-Mega, F\n|-mega|p1a: Houndoom|Houndoom|Houndoominite\n|move|p2a: ok|Solar Beam||[still]\n|-prepare|p2a: ok|Solar Beam\n|-anim|p2a: ok|Solar Beam|p1a: Houndoom\n|-resisted|p1a: Houndoom\n|-damage|p1a: Houndoom|0 fnt\n|faint|p1a: Houndoom\n|-damage|p2a: ok|61\/100|[from] item: Life Orb\n|\n|-weather|none\n|upkeep\n|\n|t:|1701201602\n|switch|p1a: Haxorus|Haxorus, M|14\/100\n|-damage|p1a: Haxorus|2\/100|[from] Stealth Rock\n|-ability|p1a: Haxorus|Mold Breaker\n|turn|10\n|\n|t:|1701201611\n|move|p1a: Haxorus|Dragon Claw|p2a: ok\n|-damage|p2a: ok|0 fnt\n|faint|p2a: ok\n|\n|-heal|p1a: Haxorus|8\/100|[from] item: Leftovers\n|upkeep\n|\n|t:|1701201616\n|switch|p2a: disappointment|Honchkrow, F|100\/100\n|turn|11\n|\n|t:|1701201626\n|move|p1a: Haxorus|Dragon Claw|p2a: disappointment\n|-damage|p2a: disappointment|34\/100\n|move|p2a: disappointment|Brave Bird|p1a: Haxorus\n|-damage|p1a: Haxorus|0 fnt\n|faint|p1a: Haxorus\n|-ability|p2a: disappointment|Moxie|boost\n|-boost|p2a: disappointment|atk|1\n|-damage|p2a: disappointment|33\/100|[from] Recoil\n|\n|upkeep\n|\n|t:|1701201636\n|switch|p1a: Chesnaught|Chesnaught, F|100\/100\n|-damage|p1a: Chesnaught|94\/100|[from] Stealth Rock\n|turn|12\n|\n|t:|1701201643\n|move|p2a: disappointment|Brave Bird|p1a: Chesnaught\n|-supereffective|p1a: Chesnaught\n|-damage|p1a: Chesnaught|0 fnt\n|faint|p1a: Chesnaught\n|-ability|p2a: disappointment|Moxie|boost\n|-boost|p2a: disappointment|atk|1\n|-damage|p2a: disappointment|3\/100|[from] Recoil\n|\n|upkeep\n|\n|t:|1701201650\n|switch|p1a: Toxapex|Toxapex, F|70\/100\n|-damage|p1a: Toxapex|57\/100|[from] Stealth Rock\n|turn|13\n|\n|t:|1701201654\n|move|p2a: disappointment|Brave Bird|p1a: Toxapex\n|-damage|p1a: Toxapex|0 fnt\n|faint|p1a: Toxapex\n|-ability|p2a: disappointment|Moxie|boost\n|-boost|p2a: disappointment|atk|1\n|-damage|p2a: disappointment|0 fnt|[from] Recoil\n|faint|p2a: disappointment\n|\n|upkeep\n|\n|t:|1701201661\n|switch|p2a: balls|Golem, M|1\/100\n|switch|p1a: Absol|Absol, F|100\/100\n|-damage|p1a: Absol|88\/100|[from] Stealth Rock\n|turn|14\n|-enditem|p2a: balls|Custap Berry|[eat]\n|-activate|p2a: balls|item: Custap Berry|[consumed]\n|\n|t:|1701201669\n|-terastallize|p1a: Absol|Dark\n|move|p2a: balls|Explosion|p1a: Absol\n|-damage|p1a: Absol|0 fnt\n|faint|p2a: balls\n|faint|p1a: Absol\n|\n|win|doodiiddleding\n|raw|Atacka scoot's rating: 1039 &rarr; <strong>1021<\/strong><br \/>(-18 for losing)\n|raw|doodiiddleding's rating: 1000 &rarr; <strong>1044<\/strong><br \/>(+44 for winning)\n|l|\u203dAtacka scoot\n","uploadtime":1701201684,"views":2,"p1id":"atackascoot","p2id":"doodiiddleding","formatid":"gen9nationaldex","rating":1021,"private":0,"password":""}