{"id":"gen9nationaldex-1998893431","p1":"lawrenceyu","p2":"A Ira de Deus","format":"[Gen 9] National Dex","log":"|html|<div class=\"broadcast-blue\"><strong>[Gen 9] National Dex is currently suspecting Sneasler! For information on how to participate check out the <a href=\"https:\/\/www.smogon.com\/forums\/threads\/sv-national-dex-suspect-8-just-dance.3731534\/\">suspect thread<\/a>.<\/strong><\/div>\n|j|\u2606lawrenceyu\n|j|\u2606A Ira de Deus\n|t:|1701009669\n|gametype|singles\n|player|p1|lawrenceyu|1|1625\n|player|p2|A Ira de Deus|unknown|1718\n|teamsize|p1|6\n|teamsize|p2|6\n|gen|9\n|tier|[Gen 9] National Dex\n|rated|\n|rule|HP Percentage Mod: HP is shown in percentages\n|rule|Endless Battle Clause: Forcing endless battles is banned\n|rule|OHKO Clause: OHKO moves are banned\n|rule|Evasion Clause: Evasion abilities, items, and moves are banned\n|rule|Evasion Abilities Clause: Evasion abilities are banned\n|rule|Evasion Items Clause: Evasion items are banned\n|rule|Evasion Moves Clause: Evasion moves are banned\n|rule|Species Clause: Limit one of each Pok\u00e9mon\n|rule|Sleep Clause Mod: Limit one foe put to sleep\n|clearpoke\n|poke|p1|Toxapex, F|\n|poke|p1|Sirfetch\u2019d, M|\n|poke|p1|Tapu Lele|\n|poke|p1|Ferrothorn, M|\n|poke|p1|Landorus-Therian, M|\n|poke|p1|Diancie|\n|poke|p2|Charizard, M|\n|poke|p2|Ursaluna, M|\n|poke|p2|Clefable, M|\n|poke|p2|Toxapex, M|\n|poke|p2|Chansey, F|\n|poke|p2|Gliscor, M|\n|teampreview\n|inactive|Battle timer is ON: inactive players will automatically lose when time's up. (requested by lawrenceyu)\n|\n|t:|1701009680\n|start\n|switch|p1a: Sirfetch\u2019d|Sirfetch\u2019d, M|100\/100\n|switch|p2a: Hover on Water|Toxapex, M|100\/100\n|turn|1\n|\n|t:|1701009689\n|move|p1a: Sirfetch\u2019d|Knock Off|p2a: Hover on Water\n|-damage|p2a: Hover on Water|76\/100\n|-damage|p1a: Sirfetch\u2019d|84\/100|[from] item: Rocky Helmet|[of] p2a: Hover on Water\n|-enditem|p2a: Hover on Water|Rocky Helmet|[from] move: Knock Off|[of] p1a: Sirfetch\u2019d\n|move|p2a: Hover on Water|Scald|p1a: Sirfetch\u2019d\n|-damage|p1a: Sirfetch\u2019d|60\/100\n|-status|p1a: Sirfetch\u2019d|brn\n|\n|-damage|p1a: Sirfetch\u2019d|54\/100 brn|[from] brn\n|upkeep\n|turn|2\n|\n|t:|1701009703\n|switch|p1a: Ferrothorn|Ferrothorn, M|100\/100\n|move|p2a: Hover on Water|Scald|p1a: Ferrothorn\n|-resisted|p1a: Ferrothorn\n|-damage|p1a: Ferrothorn|95\/100\n|-status|p1a: Ferrothorn|brn\n|\n|-heal|p1a: Ferrothorn|100\/100 brn|[from] item: Leftovers\n|-damage|p1a: Ferrothorn|94\/100 brn|[from] brn\n|upkeep\n|turn|3\n|\n|t:|1701009713\n|move|p2a: Hover on Water|Toxic Spikes|p1a: Ferrothorn\n|-sidestart|p1: lawrenceyu|move: Toxic Spikes\n|move|p1a: Ferrothorn|Spikes|p2a: Hover on Water\n|-sidestart|p2: A Ira de Deus|Spikes\n|\n|-heal|p1a: Ferrothorn|100\/100 brn|[from] item: Leftovers\n|-damage|p1a: Ferrothorn|94\/100 brn|[from] brn\n|upkeep\n|turn|4\n|\n|t:|1701009719\n|switch|p2a: Flat Earth|Gliscor, M, shiny|100\/100\n|move|p1a: Ferrothorn|Leech Seed|p2a: Flat Earth\n|-start|p2a: Flat Earth|move: Leech Seed\n|\n|-heal|p1a: Ferrothorn|100\/100 brn|[from] item: Leftovers\n|-damage|p2a: Flat Earth|88\/100|[from] Leech Seed|[of] p1a: Ferrothorn\n|-damage|p1a: Ferrothorn|94\/100 brn|[from] brn\n|-status|p2a: Flat Earth|tox|[from] item: Toxic Orb\n|upkeep\n|turn|5\n|j| BurritoSave\n|l| BurritoSave\n|\n|t:|1701009729\n|switch|p1a: Toxapex|Toxapex, F|100\/100\n|-sideend|p1: lawrenceyu|move: Toxic Spikes|[of] p1a: Toxapex\n|move|p2a: Flat Earth|Knock Off|p1a: Toxapex\n|-damage|p1a: Toxapex|87\/100\n|-damage|p2a: Flat Earth|72\/100 tox|[from] item: Rocky Helmet|[of] p1a: Toxapex\n|-enditem|p1a: Toxapex|Rocky Helmet|[from] move: Knock Off|[of] p2a: Flat Earth\n|\n|-damage|p2a: Flat Earth|59\/100 tox|[from] Leech Seed|[of] p1a: Toxapex\n|-heal|p1a: Toxapex|100\/100|[silent]\n|-heal|p2a: Flat Earth|72\/100 tox|[from] ability: Poison Heal\n|upkeep\n|turn|6\n|\n|t:|1701009740\n|switch|p2a: Hover on Water|Toxapex, M|100\/100\n|-damage|p2a: Hover on Water|88\/100|[from] Spikes\n|move|p1a: Toxapex|Scald|p2a: Hover on Water\n|-resisted|p2a: Hover on Water\n|-damage|p2a: Hover on Water|81\/100\n|-status|p2a: Hover on Water|brn\n|\n|-damage|p2a: Hover on Water|75\/100 brn|[from] brn\n|upkeep\n|turn|7\n|\n|t:|1701009751\n|switch|p1a: Ferrothorn|Ferrothorn, M|94\/100 brn\n|move|p2a: Hover on Water|Scald|p1a: Ferrothorn\n|-resisted|p1a: Ferrothorn\n|-damage|p1a: Ferrothorn|89\/100 brn\n|\n|-heal|p1a: Ferrothorn|95\/100 brn|[from] item: Leftovers\n|-damage|p2a: Hover on Water|68\/100 brn|[from] brn\n|-damage|p1a: Ferrothorn|89\/100 brn|[from] brn\n|upkeep\n|turn|8\n|\n|t:|1701009759\n|move|p2a: Hover on Water|Toxic Spikes|p1a: Ferrothorn\n|-sidestart|p1: lawrenceyu|move: Toxic Spikes\n|move|p1a: Ferrothorn|Leech Seed|p2a: Hover on Water\n|-start|p2a: Hover on Water|move: Leech Seed\n|\n|-heal|p1a: Ferrothorn|95\/100 brn|[from] item: Leftovers\n|-damage|p2a: Hover on Water|56\/100 brn|[from] Leech Seed|[of] p1a: Ferrothorn\n|-heal|p1a: Ferrothorn|100\/100 brn|[silent]\n|-damage|p2a: Hover on Water|50\/100 brn|[from] brn\n|-damage|p1a: Ferrothorn|94\/100 brn|[from] brn\n|upkeep\n|turn|9\n|\n|t:|1701009767\n|switch|p2a: Flat Earth|Gliscor, M, shiny|72\/100 tox\n|move|p1a: Ferrothorn|Spikes|p2a: Flat Earth\n|-sidestart|p2: A Ira de Deus|Spikes\n|\n|-heal|p1a: Ferrothorn|100\/100 brn|[from] item: Leftovers\n|-heal|p2a: Flat Earth|84\/100 tox|[from] ability: Poison Heal\n|-damage|p1a: Ferrothorn|94\/100 brn|[from] brn\n|upkeep\n|turn|10\n|\n|t:|1701009775\n|move|p2a: Flat Earth|Defog|p1a: Ferrothorn\n|-unboost|p1a: Ferrothorn|evasion|1\n|-sideend|p1: lawrenceyu|Toxic Spikes|[from] move: Defog|[of] p2a: Flat Earth\n|-sideend|p2: A Ira de Deus|Spikes|[from] move: Defog|[of] p2a: Flat Earth\n|move|p1a: Ferrothorn|Leech Seed|p2a: Flat Earth\n|-start|p2a: Flat Earth|move: Leech Seed\n|\n|-heal|p1a: Ferrothorn|100\/100 brn|[from] item: Leftovers\n|-damage|p2a: Flat Earth|72\/100 tox|[from] Leech Seed|[of] p1a: Ferrothorn\n|-heal|p2a: Flat Earth|84\/100 tox|[from] ability: Poison Heal\n|-damage|p1a: Ferrothorn|94\/100 brn|[from] brn\n|upkeep\n|turn|11\n|\n|t:|1701009792\n|move|p2a: Flat Earth|Knock Off|p1a: Ferrothorn\n|-crit|p1a: Ferrothorn\n|-damage|p1a: Ferrothorn|70\/100 brn\n|-damage|p2a: Flat Earth|72\/100 tox|[from] ability: Iron Barbs|[of] p1a: Ferrothorn\n|-enditem|p1a: Ferrothorn|Leftovers|[from] move: Knock Off|[of] p2a: Flat Earth\n|move|p1a: Ferrothorn|Spikes|p2a: Flat Earth\n|-sidestart|p2: A Ira de Deus|Spikes\n|\n|-damage|p2a: Flat Earth|59\/100 tox|[from] Leech Seed|[of] p1a: Ferrothorn\n|-heal|p1a: Ferrothorn|82\/100 brn|[silent]\n|-heal|p2a: Flat Earth|72\/100 tox|[from] ability: Poison Heal\n|-damage|p1a: Ferrothorn|76\/100 brn|[from] brn\n|upkeep\n|turn|12\n|\n|t:|1701009803\n|switch|p2a: Consuming Fire|Charizard, M|100\/100\n|move|p1a: Ferrothorn|Spikes|p2a: Consuming Fire\n|-sidestart|p2: A Ira de Deus|Spikes\n|\n|-damage|p1a: Ferrothorn|69\/100 brn|[from] brn\n|upkeep\n|turn|13\n|\n|t:|1701009810\n|switch|p1a: Diancie|Diancie|100\/100\n|detailschange|p2a: Consuming Fire|Charizard-Mega-X, M\n|-mega|p2a: Consuming Fire|Charizard|Charizardite X\n|move|p2a: Consuming Fire|Dragon Dance|p2a: Consuming Fire\n|-boost|p2a: Consuming Fire|atk|1\n|-boost|p2a: Consuming Fire|spe|1\n|\n|upkeep\n|turn|14\n|\n|t:|1701009824\n|switch|p2a: Tree of Life|Chansey, F|100\/100\n|-damage|p2a: Tree of Life|84\/100|[from] Spikes\n|move|p1a: Diancie|Earth Power|p2a: Tree of Life\n|-damage|p2a: Tree of Life|75\/100\n|\n|upkeep\n|turn|15\n|\n|t:|1701009831\n|move|p1a: Diancie|Stealth Rock|p2a: Tree of Life\n|-sidestart|p2: A Ira de Deus|move: Stealth Rock\n|move|p2a: Tree of Life|Soft-Boiled|p2a: Tree of Life\n|-heal|p2a: Tree of Life|100\/100\n|\n|upkeep\n|turn|16\n|\n|t:|1701009839\n|switch|p1a: Landorus|Landorus-Therian, M|100\/100\n|-ability|p1a: Landorus|Intimidate|boost\n|-unboost|p2a: Tree of Life|atk|1\n|move|p2a: Tree of Life|Seismic Toss|p1a: Landorus\n|-damage|p1a: Landorus|70\/100\n|\n|upkeep\n|turn|17\n|\n|t:|1701009847\n|switch|p2a: Flat Earth|Gliscor, M, shiny|72\/100 tox\n|-damage|p2a: Flat Earth|59\/100 tox|[from] Stealth Rock\n|-zpower|p1a: Landorus\n|move|p1a: Landorus|Continental Crush|p2a: Flat Earth|[zeffect]\n|-damage|p2a: Flat Earth|0 fnt\n|faint|p2a: Flat Earth\n|\n|upkeep\n|-message|A Ira de Deus forfeited.\n|\n|win|lawrenceyu\n|raw|lawrenceyu's rating: 1625 &rarr; <strong>1650<\/strong><br \/>(+25 for winning)\n|raw|A Ira de Deus's rating: 1718 &rarr; <strong>1693<\/strong><br \/>(-25 for losing)\n|l|\u2606A Ira de Deus\n","uploadtime":1701009859,"views":1,"p1id":"lawrenceyu","p2id":"airadedeus","formatid":"gen9nationaldex","rating":1650,"private":0,"password":""}