{"id":"gen9nationaldex-1996362258","p1":"Robinsintherain","p2":"antelite","format":"[Gen 9] National Dex","log":"|html|<div class=\"broadcast-blue\"><strong>[Gen 9] National Dex is currently suspecting Sneasler! For information on how to participate check out the <a href=\"https:\/\/www.smogon.com\/forums\/threads\/sv-national-dex-suspect-8-just-dance.3731534\/\">suspect thread<\/a>.<\/strong><\/div>\n|j|\u2606Robinsintherain\n|j|\u2606antelite\n|t:|1700674807\n|gametype|singles\n|player|p1|Robinsintherain|blackbelt|1241\n|player|p2|antelite|riley|1149\n|teamsize|p1|6\n|teamsize|p2|6\n|gen|9\n|tier|[Gen 9] National Dex\n|rated|\n|rule|HP Percentage Mod: HP is shown in percentages\n|rule|Endless Battle Clause: Forcing endless battles is banned\n|rule|OHKO Clause: OHKO moves are banned\n|rule|Evasion Clause: Evasion abilities, items, and moves are banned\n|rule|Evasion Abilities Clause: Evasion abilities are banned\n|rule|Evasion Items Clause: Evasion items are banned\n|rule|Evasion Moves Clause: Evasion moves are banned\n|rule|Species Clause: Limit one of each Pok\u00e9mon\n|rule|Sleep Clause Mod: Limit one foe put to sleep\n|clearpoke\n|poke|p1|Regigigas|\n|poke|p1|Gastrodon-East, F|\n|poke|p1|Heracross, M|\n|poke|p1|Porygon-Z|\n|poke|p1|Salazzle, F|\n|poke|p1|Regidrago|\n|poke|p2|Gallade, M|\n|poke|p2|Victini|\n|poke|p2|Vileplume, M|\n|poke|p2|Sylveon, M|\n|poke|p2|Ditto|\n|poke|p2|Scream Tail|\n|teampreview\n|inactive|Battle timer is ON: inactive players will automatically lose when time's up. (requested by antelite)\n|\n|t:|1700674813\n|start\n|switch|p1a: Porygon-Z|Porygon-Z, shiny|100\/100\n|switch|p2a: Scream Tail|Scream Tail|100\/100\n|turn|1\n|\n|t:|1700674820\n|-zpower|p1a: Porygon-Z\n|move|p1a: Porygon-Z|Z-Conversion|p1a: Porygon-Z|[anim]Conversion\n|-boost|p1a: Porygon-Z|atk|1|[zeffect]\n|-boost|p1a: Porygon-Z|def|1|[zeffect]\n|-boost|p1a: Porygon-Z|spa|1|[zeffect]\n|-boost|p1a: Porygon-Z|spd|1|[zeffect]\n|-boost|p1a: Porygon-Z|spe|1|[zeffect]\n|-start|p1a: Porygon-Z|typechange|Electric\n|move|p2a: Scream Tail|Light Screen|p2a: Scream Tail\n|-sidestart|p2: antelite|move: Light Screen\n|\n|upkeep\n|turn|2\n|\n|t:|1700674830\n|move|p1a: Porygon-Z|Thunderbolt|p2a: Scream Tail\n|-damage|p2a: Scream Tail|68\/100\n|move|p2a: Scream Tail|Reflect|p2a: Scream Tail\n|-sidestart|p2: antelite|Reflect\n|\n|upkeep\n|turn|3\n|\n|t:|1700674836\n|move|p1a: Porygon-Z|Thunderbolt|p2a: Scream Tail\n|-crit|p2a: Scream Tail\n|-damage|p2a: Scream Tail|0 fnt\n|faint|p2a: Scream Tail\n|-end|p2a: Scream Tail|Protosynthesis|[silent]\n|\n|upkeep\n|\n|t:|1700674841\n|switch|p2a: Ditto|Ditto|100\/100\n|-transform|p2a: Ditto|p1a: Porygon-Z|[from] ability: Imposter\n|turn|4\n|\n|t:|1700674855\n|switch|p1a: Gastrodon|Gastrodon-East, F|100\/100\n|move|p2a: Ditto|Ice Beam|p1a: Gastrodon\n|-damage|p1a: Gastrodon|54\/100\n|\n|-heal|p1a: Gastrodon|61\/100|[from] item: Leftovers\n|upkeep\n|turn|5\n|\n|t:|1700674869\n|move|p2a: Ditto|Conversion||[still]\n|-fail|p2a: Ditto\n|move|p1a: Gastrodon|Yawn|p2a: Ditto\n|-start|p2a: Ditto|move: Yawn|[of] p1a: Gastrodon\n|\n|-heal|p1a: Gastrodon|67\/100|[from] item: Leftovers\n|upkeep\n|turn|6\n|\n|t:|1700674877\n|move|p2a: Ditto|Hyper Beam|p1a: Gastrodon\n|-damage|p1a: Gastrodon|0 fnt\n|-mustrecharge|p2a: Ditto\n|faint|p1a: Gastrodon\n|\n|-end|p2a: Ditto|move: Yawn|[silent]\n|-status|p2a: Ditto|slp\n|upkeep\n|\n|t:|1700674883\n|switch|p1a: Regigigas|Regigigas|100\/100\n|-start|p1a: Regigigas|ability: Slow Start\n|turn|7\n|\n|t:|1700674888\n|cant|p2a: Ditto|recharge\n|move|p1a: Regigigas|Psych Up|p2a: Ditto\n|-copyboost|p1a: Regigigas|p2a: Ditto|[from] move: Psych Up\n|\n|upkeep\n|turn|8\n|\n|t:|1700674894\n|cant|p2a: Ditto|slp\n|move|p1a: Regigigas|Return|p2a: Ditto\n|-damage|p2a: Ditto|78\/100 slp\n|\n|-sideend|p2: antelite|move: Light Screen\n|upkeep\n|turn|9\n|\n|t:|1700674903\n|-curestatus|p2a: Ditto|slp|[msg]\n|move|p2a: Ditto|Hyper Beam|p1a: Regigigas\n|-damage|p1a: Regigigas|58\/100\n|-mustrecharge|p2a: Ditto\n|move|p1a: Regigigas|Return|p2a: Ditto\n|-damage|p2a: Ditto|56\/100\n|\n|-heal|p1a: Regigigas|64\/100|[from] item: Leftovers\n|-sideend|p2: antelite|Reflect\n|upkeep\n|turn|10\n|\n|t:|1700674914\n|cant|p2a: Ditto|recharge\n|move|p1a: Regigigas|Return|p2a: Ditto\n|-damage|p2a: Ditto|10\/100\n|\n|-heal|p1a: Regigigas|71\/100|[from] item: Leftovers\n|upkeep\n|turn|11\n|\n|t:|1700674924\n|move|p1a: Regigigas|Protect|p1a: Regigigas\n|-singleturn|p1a: Regigigas|Protect\n|move|p2a: Ditto|Hyper Beam|p1a: Regigigas\n|-activate|p1a: Regigigas|move: Protect\n|\n|-heal|p1a: Regigigas|77\/100|[from] item: Leftovers\n|-end|p1a: Regigigas|Slow Start\n|upkeep\n|turn|12\n|\n|t:|1700674933\n|move|p2a: Ditto|Hyper Beam|p1a: Regigigas\n|-damage|p1a: Regigigas|35\/100\n|-mustrecharge|p2a: Ditto\n|move|p1a: Regigigas|Return|p2a: Ditto\n|-damage|p2a: Ditto|0 fnt\n|faint|p2a: Ditto\n|\n|-heal|p1a: Regigigas|41\/100|[from] item: Leftovers\n|upkeep\n|\n|t:|1700674946\n|switch|p2a: Victini|Victini|100\/100\n|turn|13\n|\n|t:|1700674950\n|move|p1a: Regigigas|Protect|p1a: Regigigas\n|-singleturn|p1a: Regigigas|Protect\n|move|p2a: Victini|V-create|p1a: Regigigas\n|-activate|p1a: Regigigas|move: Protect\n|\n|-heal|p1a: Regigigas|47\/100|[from] item: Leftovers\n|upkeep\n|turn|14\n|\n|t:|1700674955\n|move|p1a: Regigigas|Earthquake|p2a: Victini\n|-supereffective|p2a: Victini\n|-damage|p2a: Victini|0 fnt\n|faint|p2a: Victini\n|\n|-heal|p1a: Regigigas|53\/100|[from] item: Leftovers\n|upkeep\n|\n|t:|1700674964\n|switch|p2a: Sylveon|Sylveon, M|100\/100\n|turn|15\n|\n|t:|1700674967\n|move|p1a: Regigigas|Protect|p1a: Regigigas\n|-singleturn|p1a: Regigigas|Protect\n|move|p2a: Sylveon|Hyper Voice|p1a: Regigigas\n|-activate|p1a: Regigigas|move: Protect\n|\n|-heal|p1a: Regigigas|59\/100|[from] item: Leftovers\n|upkeep\n|turn|16\n|\n|t:|1700674972\n|move|p1a: Regigigas|Return|p2a: Sylveon\n|-damage|p2a: Sylveon|0 fnt\n|faint|p2a: Sylveon\n|\n|-heal|p1a: Regigigas|66\/100|[from] item: Leftovers\n|upkeep\n|-message|antelite forfeited.\n|\n|win|Robinsintherain\n|raw|Robinsintherain's rating: 1241 &rarr; <strong>1260<\/strong><br \/>(+19 for winning)\n|raw|antelite's rating: 1149 &rarr; <strong>1130<\/strong><br \/>(-19 for losing)\n|l|\u2606antelite\n","uploadtime":1700674981,"views":3,"p1id":"robinsintherain","p2id":"antelite","formatid":"gen9nationaldex","rating":1130,"private":0,"password":""}