{"id":"gen9nationaldex-1990440936","p1":"heich369","p2":"Juiceswilldie","format":"[Gen 9] National Dex","log":"|j|\u2606heich369\n|j|\u2606Juiceswilldie\n|t:|1699971250\n|gametype|singles\n|player|p1|heich369|caitlin|1186\n|player|p2|Juiceswilldie|dawn-gen4pt|1233\n|teamsize|p1|6\n|teamsize|p2|6\n|gen|9\n|tier|[Gen 9] National Dex\n|rated|\n|rule|HP Percentage Mod: HP is shown in percentages\n|rule|Endless Battle Clause: Forcing endless battles is banned\n|rule|OHKO Clause: OHKO moves are banned\n|rule|Evasion Clause: Evasion abilities, items, and moves are banned\n|rule|Evasion Abilities Clause: Evasion abilities are banned\n|rule|Evasion Items Clause: Evasion items are banned\n|rule|Evasion Moves Clause: Evasion moves are banned\n|rule|Species Clause: Limit one of each Pok\u00e9mon\n|rule|Sleep Clause Mod: Limit one foe put to sleep\n|clearpoke\n|poke|p1|Umbreon, M|\n|poke|p1|Mimikyu, M|\n|poke|p1|Araquanid, F|\n|poke|p1|Dracozolt|\n|poke|p1|Hippowdon, F|\n|poke|p1|Lycanroc-Dusk, M|\n|poke|p2|Pikachu, F|\n|poke|p2|Venusaur, F|\n|poke|p2|Charizard, F|\n|poke|p2|Blastoise, F|\n|poke|p2|Espeon, F|\n|poke|p2|Snorlax, F|\n|teampreview\n|inactive|Battle timer is ON: inactive players will automatically lose when time's up. (requested by Juiceswilldie)\n|\n|t:|1699971261\n|start\n|switch|p1a: Umbreon|Umbreon, M|100\/100\n|switch|p2a: Wrath|Charizard, F|100\/100\n|turn|1\n|\n|t:|1699971268\n|move|p2a: Wrath|Focus Blast|p1a: Umbreon\n|-supereffective|p1a: Umbreon\n|-damage|p1a: Umbreon|52\/100\n|move|p1a: Umbreon|Yawn|p2a: Wrath\n|-start|p2a: Wrath|move: Yawn|[of] p1a: Umbreon\n|\n|-heal|p1a: Umbreon|58\/100|[from] item: Leftovers\n|upkeep\n|turn|2\n|\n|t:|1699971283\n|switch|p2a: Pride|Blastoise, F|100\/100\n|move|p1a: Umbreon|Moonlight|p1a: Umbreon\n|-heal|p1a: Umbreon|100\/100\n|\n|upkeep\n|turn|3\n|\n|t:|1699971299\n|switch|p2a: Envy|Espeon, F|100\/100\n|move|p1a: Umbreon|Toxic|p2a: Envy\n|move|p2a: Envy|Toxic|p1a: Umbreon|[from]ability: Magic Bounce\n|-status|p1a: Umbreon|tox\n|\n|-damage|p1a: Umbreon|94\/100 tox|[from] psn\n|upkeep\n|turn|4\n|inactive|Juiceswilldie has 120 seconds left.\n|\n|t:|1699971325\n|switch|p1a: Araquanid|Araquanid, F|100\/100\n|move|p2a: Envy|Tera Blast|p1a: Araquanid\n|-damage|p1a: Araquanid|69\/100\n|\n|-heal|p1a: Araquanid|75\/100|[from] item: Leftovers\n|upkeep\n|turn|5\n|inactive|Juiceswilldie has 120 seconds left.\n|inactive|Juiceswilldie has 90 seconds left.\n|\n|t:|1699971372\n|switch|p2a: Greed|Venusaur, F|100\/100\n|move|p1a: Araquanid|Liquidation|p2a: Greed\n|-resisted|p2a: Greed\n|-damage|p2a: Greed|65\/100\n|\n|-heal|p1a: Araquanid|81\/100|[from] item: Leftovers\n|upkeep\n|turn|6\n|\n|t:|1699971379\n|move|p2a: Greed|Giga Drain|p1a: Araquanid\n|-damage|p1a: Araquanid|43\/100\n|-heal|p2a: Greed|84\/100|[from] drain|[of] p1a: Araquanid\n|-damage|p2a: Greed|74\/100|[from] item: Life Orb\n|move|p1a: Araquanid|Sticky Web|p2a: Greed\n|-sidestart|p2: Juiceswilldie|move: Sticky Web\n|\n|-heal|p1a: Araquanid|50\/100|[from] item: Leftovers\n|upkeep\n|turn|7\n|inactive|Juiceswilldie has 90 seconds left.\n|\n|t:|1699971387\n|move|p2a: Greed|Giga Drain|p1a: Araquanid\n|-damage|p1a: Araquanid|10\/100\n|-heal|p2a: Greed|93\/100|[from] drain|[of] p1a: Araquanid\n|-damage|p2a: Greed|83\/100|[from] item: Life Orb\n|move|p1a: Araquanid|Leech Life|p2a: Greed\n|-damage|p2a: Greed|49\/100\n|-heal|p1a: Araquanid|28\/100|[from] drain|[of] p2a: Greed\n|\n|-heal|p1a: Araquanid|34\/100|[from] item: Leftovers\n|upkeep\n|turn|8\n|inactive|Juiceswilldie has 90 seconds left.\n|\n|t:|1699971398\n|move|p2a: Greed|Giga Drain|p1a: Araquanid\n|-damage|p1a: Araquanid|0 fnt\n|-heal|p2a: Greed|66\/100|[from] drain|[of] p1a: Araquanid\n|faint|p1a: Araquanid\n|-damage|p2a: Greed|56\/100|[from] item: Life Orb\n|\n|upkeep\n|\n|t:|1699971419\n|switch|p1a: Dracozolt|Dracozolt|100\/100\n|turn|9\n|\n|t:|1699971425\n|move|p1a: Dracozolt|Fire Fang|p2a: Greed\n|-supereffective|p2a: Greed\n|-damage|p2a: Greed|0 fnt\n|faint|p2a: Greed\n|\n|upkeep\n|\n|t:|1699971432\n|switch|p2a: Pride|Blastoise, F|100\/100\n|-activate|p2a: Pride|move: Sticky Web\n|-unboost|p2a: Pride|spe|1\n|turn|10\n|\n|t:|1699971437\n|switch|p1a: Umbreon|Umbreon, M|94\/100 tox\n|move|p2a: Pride|Rapid Spin|p1a: Umbreon\n|-damage|p1a: Umbreon|89\/100 tox\n|-boost|p2a: Pride|spe|1\n|-sideend|p2: Juiceswilldie|Sticky Web|[from] move: Rapid Spin|[of] p2a: Pride\n|\n|-heal|p1a: Umbreon|95\/100 tox|[from] item: Leftovers\n|-damage|p1a: Umbreon|89\/100 tox|[from] psn\n|upkeep\n|turn|11\n|\n|t:|1699971455\n|switch|p2a: Envy|Espeon, F|100\/100\n|move|p1a: Umbreon|Yawn|p2a: Envy\n|move|p2a: Envy|Yawn||[from]ability: Magic Bounce|[still]\n|-fail|p2a: Envy\n|\n|-heal|p1a: Umbreon|95\/100 tox|[from] item: Leftovers\n|-damage|p1a: Umbreon|83\/100 tox|[from] psn\n|upkeep\n|turn|12\n|\n|t:|1699971476\n|switch|p1a: Hippowdon|Hippowdon, F|100\/100\n|-weather|Sandstorm|[from] ability: Sand Stream|[of] p1a: Hippowdon\n|move|p2a: Envy|Trick|p1a: Hippowdon\n|-activate|p2a: Envy|move: Trick|[of] p1a: Hippowdon\n|-item|p1a: Hippowdon|Choice Specs|[from] move: Trick\n|-item|p2a: Envy|Blunder Policy|[from] move: Trick\n|\n|-weather|Sandstorm|[upkeep]\n|-damage|p2a: Envy|94\/100|[from] Sandstorm\n|upkeep\n|turn|13\n|\n|t:|1699971491\n|switch|p2a: Wrath|Charizard, F|100\/100\n|move|p1a: Hippowdon|Whirlwind|p2a: Wrath\n|drag|p2a: Envy|Espeon, F|94\/100\n|\n|-weather|Sandstorm|[upkeep]\n|-damage|p2a: Envy|88\/100|[from] Sandstorm\n|upkeep\n|turn|14\n|\n|t:|1699971499\n|move|p2a: Envy|Psychic|p1a: Hippowdon\n|-damage|p1a: Hippowdon|52\/100\n|move|p1a: Hippowdon|Whirlwind|p2a: Envy\n|move|p2a: Envy|Whirlwind|p1a: Hippowdon|[from]ability: Magic Bounce\n|drag|p1a: Dracozolt|Dracozolt|100\/100\n|\n|-weather|Sandstorm|[upkeep]\n|-damage|p2a: Envy|82\/100|[from] Sandstorm\n|upkeep\n|turn|15\n|\n|t:|1699971509\n|switch|p2a: Lust|Pikachu, F|100\/100\n|-terastallize|p1a: Dracozolt|Electric\n|move|p1a: Dracozolt|Bolt Beak|p2a: Lust\n|-ability|p2a: Lust|Lightning Rod|boost\n|-boost|p2a: Lust|spa|1\n|\n|-weather|Sandstorm|[upkeep]\n|-damage|p2a: Lust|94\/100|[from] Sandstorm\n|upkeep\n|turn|16\n|inactive|Juiceswilldie has 90 seconds left.\n|\n|t:|1699971551\n|switch|p1a: Umbreon|Umbreon, M|83\/100 tox\n|-terastallize|p2a: Lust|Normal\n|move|p2a: Lust|Extreme Speed|p1a: Umbreon\n|-damage|p1a: Umbreon|50\/100 tox\n|\n|-weather|none\n|-heal|p1a: Umbreon|57\/100 tox|[from] item: Leftovers\n|-damage|p1a: Umbreon|50\/100 tox|[from] psn\n|upkeep\n|turn|17\n|\n|t:|1699971562\n|move|p2a: Lust|Volt Tackle|p1a: Umbreon\n|-damage|p1a: Umbreon|0 fnt\n|faint|p1a: Umbreon\n|-damage|p2a: Lust|64\/100|[from] Recoil\n|\n|upkeep\n|\n|t:|1699971575\n|switch|p1a: Lycanroc|Lycanroc-Dusk, M|100\/100\n|turn|18\n|\n|t:|1699971580\n|switch|p2a: Pride|Blastoise, F|100\/100\n|move|p1a: Lycanroc|Rock Slide|p2a: Pride\n|-damage|p2a: Pride|75\/100\n|\n|-heal|p2a: Pride|81\/100|[from] item: Leftovers\n|upkeep\n|turn|19\n|\n|t:|1699971589\n|switch|p1a: Hippowdon|Hippowdon, F|52\/100\n|-weather|Sandstorm|[from] ability: Sand Stream|[of] p1a: Hippowdon\n|move|p2a: Pride|Scald|p1a: Hippowdon\n|-supereffective|p1a: Hippowdon\n|-damage|p1a: Hippowdon|0 fnt\n|faint|p1a: Hippowdon\n|\n|-weather|Sandstorm|[upkeep]\n|-damage|p2a: Pride|75\/100|[from] Sandstorm\n|-heal|p2a: Pride|81\/100|[from] item: Leftovers\n|upkeep\n|\n|t:|1699971596\n|switch|p1a: Dracozolt|Dracozolt, tera:Electric|100\/100\n|turn|20\n|\n|t:|1699971613\n|move|p1a: Dracozolt|Outrage|p2a: Pride\n|-damage|p2a: Pride|25\/100\n|move|p2a: Pride|Scald|p1a: Dracozolt\n|-damage|p1a: Dracozolt|65\/100\n|-status|p1a: Dracozolt|brn\n|\n|-weather|Sandstorm|[upkeep]\n|-damage|p2a: Pride|19\/100|[from] Sandstorm\n|-heal|p2a: Pride|25\/100|[from] item: Leftovers\n|-damage|p1a: Dracozolt|59\/100 brn|[from] brn\n|upkeep\n|turn|21\n|\n|t:|1699971624\n|move|p1a: Dracozolt|Outrage|p2a: Pride|[from]lockedmove\n|-damage|p2a: Pride|0 fnt\n|faint|p2a: Pride\n|\n|-weather|Sandstorm|[upkeep]\n|-damage|p1a: Dracozolt|52\/100 brn|[from] brn\n|upkeep\n|\n|t:|1699971631\n|switch|p2a: Sloth|Snorlax, F|100\/100\n|turn|22\n|\n|t:|1699971633\n|move|p1a: Dracozolt|Outrage|p2a: Sloth|[from]lockedmove\n|-damage|p2a: Sloth|68\/100\n|-start|p1a: Dracozolt|confusion|[fatigue]\n|move|p2a: Sloth|Curse|p2a: Sloth\n|-unboost|p2a: Sloth|spe|1\n|-boost|p2a: Sloth|atk|1\n|-boost|p2a: Sloth|def|1\n|\n|-weather|Sandstorm|[upkeep]\n|-damage|p2a: Sloth|62\/100|[from] Sandstorm\n|-heal|p2a: Sloth|68\/100|[from] item: Leftovers\n|-damage|p1a: Dracozolt|46\/100 brn|[from] brn\n|upkeep\n|turn|23\n|\n|t:|1699971648\n|switch|p1a: Mimikyu|Mimikyu, M|100\/100\n|move|p2a: Sloth|Earthquake|p1a: Mimikyu\n|-activate|p1a: Mimikyu|ability: Disguise\n|-damage|p1a: Mimikyu|100\/100\n|detailschange|p1a: Mimikyu|Mimikyu-Busted, M\n|-damage|p1a: Mimikyu|88\/100|[from] pokemon: Mimikyu-Busted\n|\n|-weather|none\n|-heal|p2a: Sloth|74\/100|[from] item: Leftovers\n|upkeep\n|turn|24\n|\n|t:|1699971658\n|move|p1a: Mimikyu|Swords Dance|p1a: Mimikyu\n|-boost|p1a: Mimikyu|atk|2\n|move|p2a: Sloth|Earthquake|p1a: Mimikyu\n|-damage|p1a: Mimikyu|37\/100\n|\n|-heal|p2a: Sloth|80\/100|[from] item: Leftovers\n|upkeep\n|turn|25\n|\n|t:|1699971666\n|move|p1a: Mimikyu|Drain Punch|p2a: Sloth\n|-supereffective|p2a: Sloth\n|-crit|p2a: Sloth\n|-damage|p2a: Sloth|0 fnt\n|-heal|p1a: Mimikyu|100\/100|[from] drain|[of] p2a: Sloth\n|faint|p2a: Sloth\n|\n|upkeep\n|\n|t:|1699971674\n|switch|p2a: Wrath|Charizard, F|100\/100\n|turn|26\n|\n|t:|1699971685\n|detailschange|p2a: Wrath|Charizard-Mega-Y, F\n|-mega|p2a: Wrath|Charizard|Charizardite Y\n|-weather|SunnyDay|[from] ability: Drought|[of] p2a: Wrath\n|move|p2a: Wrath|Overheat|p1a: Mimikyu\n|-damage|p1a: Mimikyu|0 fnt\n|-unboost|p2a: Wrath|spa|2\n|faint|p1a: Mimikyu\n|\n|-weather|SunnyDay|[upkeep]\n|upkeep\n|\n|t:|1699971692\n|switch|p1a: Lycanroc|Lycanroc-Dusk, M|100\/100\n|turn|27\n|inactive|Juiceswilldie has 120 seconds left.\n|\n|t:|1699971704\n|move|p1a: Lycanroc|Accelerock|p2a: Wrath\n|-supereffective|p2a: Wrath\n|-damage|p2a: Wrath|0 fnt\n|faint|p2a: Wrath\n|\n|-weather|SunnyDay|[upkeep]\n|upkeep\n|\n|t:|1699971712\n|switch|p2a: Envy|Espeon, F|82\/100\n|turn|28\n|\n|t:|1699971717\n|move|p2a: Envy|Psychic|p1a: Lycanroc\n|-damage|p1a: Lycanroc|17\/100\n|move|p1a: Lycanroc|Rock Slide|p2a: Envy\n|-damage|p2a: Envy|8\/100\n|\n|-weather|SunnyDay|[upkeep]\n|upkeep\n|turn|29\n|\n|t:|1699971724\n|move|p1a: Lycanroc|Accelerock|p2a: Envy\n|-damage|p2a: Envy|0 fnt\n|faint|p2a: Envy\n|\n|-weather|SunnyDay|[upkeep]\n|upkeep\n|\n|t:|1699971729\n|switch|p2a: Lust|Pikachu, F, tera:Normal|64\/100\n|turn|30\n|\n|t:|1699971733\n|move|p2a: Lust|Extreme Speed|p1a: Lycanroc\n|-resisted|p1a: Lycanroc\n|-damage|p1a: Lycanroc|0 fnt\n|faint|p1a: Lycanroc\n|\n|-weather|none\n|upkeep\n|\n|t:|1699971736\n|switch|p1a: Dracozolt|Dracozolt, tera:Electric|46\/100 brn\n|turn|31\n|\n|t:|1699971749\n|move|p2a: Lust|Volt Tackle|p1a: Dracozolt\n|-resisted|p1a: Dracozolt\n|-damage|p1a: Dracozolt|2\/100 brn\n|-damage|p2a: Lust|42\/100|[from] Recoil\n|move|p1a: Dracozolt|High Horsepower|p2a: Lust\n|-crit|p2a: Lust\n|-damage|p2a: Lust|0 fnt\n|faint|p2a: Lust\n|\n|win|heich369\n|raw|heich369's rating: 1186 &rarr; <strong>1214<\/strong><br \/>(+28 for winning)\n|raw|Juiceswilldie's rating: 1233 &rarr; <strong>1205<\/strong><br \/>(-28 for losing)\n","uploadtime":1699971760,"views":4,"p1id":"heich369","p2id":"juiceswilldie","formatid":"gen9nationaldex","rating":1205,"private":0,"password":""}