{"id":"gen9nationaldex-1994814253","p1":"Xero Dracohart","p2":"dryankee17","format":"[Gen 9] National Dex","log":"|html|<div class=\"broadcast-blue\"><strong>[Gen 9] National Dex is currently suspecting Sneasler! For information on how to participate check out the <a href=\"https:\/\/www.smogon.com\/forums\/threads\/sv-national-dex-suspect-8-just-dance.3731534\/\">suspect thread<\/a>.<\/strong><\/div>\n|j|\u2606Xero Dracohart\n|j|\u2606dryankee17\n|t:|1700495280\n|gametype|singles\n|player|p1|Xero Dracohart|ingo|1150\n|player|p2|dryankee17|acetrainer-gen4dp|1204\n|teamsize|p1|6\n|teamsize|p2|6\n|gen|9\n|tier|[Gen 9] National Dex\n|rated|\n|rule|HP Percentage Mod: HP is shown in percentages\n|rule|Endless Battle Clause: Forcing endless battles is banned\n|rule|OHKO Clause: OHKO moves are banned\n|rule|Evasion Clause: Evasion abilities, items, and moves are banned\n|rule|Evasion Abilities Clause: Evasion abilities are banned\n|rule|Evasion Items Clause: Evasion items are banned\n|rule|Evasion Moves Clause: Evasion moves are banned\n|rule|Species Clause: Limit one of each Pok\u00e9mon\n|rule|Sleep Clause Mod: Limit one foe put to sleep\n|clearpoke\n|poke|p1|Zeraora|\n|poke|p1|Vaporeon, M|\n|poke|p1|Armarouge, F|\n|poke|p1|Goodra-Hisui, F|\n|poke|p1|Snorlax, F|\n|poke|p1|Aegislash, M|\n|poke|p2|Arcanine-Hisui, M|\n|poke|p2|Haxorus, M|\n|poke|p2|Braviary-Hisui, M|\n|poke|p2|Scizor, M|\n|poke|p2|Sceptile, M|\n|poke|p2|Armarouge, F|\n|teampreview\n|\n|t:|1700495290\n|start\n|switch|p1a: Zeraora|Zeraora|100\/100\n|switch|p2a: Arcanine|Arcanine-Hisui, M|100\/100\n|turn|1\n|\n|t:|1700495297\n|move|p1a: Zeraora|Close Combat|p2a: Arcanine\n|-supereffective|p2a: Arcanine\n|-damage|p2a: Arcanine|3\/100\n|-unboost|p1a: Zeraora|def|1\n|-unboost|p1a: Zeraora|spd|1\n|move|p2a: Arcanine|Stealth Rock|p1a: Zeraora\n|-sidestart|p1: Xero Dracohart|move: Stealth Rock\n|\n|upkeep\n|turn|2\n|\n|t:|1700495310\n|move|p1a: Zeraora|Close Combat|p2a: Arcanine\n|-supereffective|p2a: Arcanine\n|-damage|p2a: Arcanine|0 fnt\n|-unboost|p1a: Zeraora|def|1\n|-unboost|p1a: Zeraora|spd|1\n|faint|p2a: Arcanine\n|\n|upkeep\n|\n|t:|1700495318\n|switch|p2a: Scizor|Scizor, M|100\/100\n|turn|3\n|\n|t:|1700495321\n|move|p2a: Scizor|Bullet Punch|p1a: Zeraora\n|-resisted|p1a: Zeraora\n|-damage|p1a: Zeraora|39\/100\n|-damage|p2a: Scizor|91\/100|[from] item: Life Orb\n|move|p1a: Zeraora|Blaze Kick|p2a: Scizor\n|-supereffective|p2a: Scizor\n|-damage|p2a: Scizor|0 fnt\n|faint|p2a: Scizor\n|\n|upkeep\n|\n|t:|1700495331\n|switch|p2a: Haxorus|Haxorus, M|100\/100\n|-ability|p2a: Haxorus|Mold Breaker\n|turn|4\n|inactive|Battle timer is ON: inactive players will automatically lose when time's up. (requested by dryankee17)\n|c|\u2606Xero Dracohart|Go on\n|inactive|dryankee17 has 120 seconds left.\n|inactive|dryankee17 has 90 seconds left.\n|\n|t:|1700495399\n|move|p1a: Zeraora|Play Rough|p2a: Haxorus\n|-supereffective|p2a: Haxorus\n|-damage|p2a: Haxorus|30\/100\n|-unboost|p2a: Haxorus|atk|1\n|move|p2a: Haxorus|Scale Shot|p1a: Zeraora\n|-damage|p1a: Zeraora|11\/100\n|-damage|p1a: Zeraora|0 fnt\n|faint|p1a: Zeraora\n|-hitcount|p1: Zeraora|2\n|-unboost|p2a: Haxorus|def|1\n|-boost|p2a: Haxorus|spe|1\n|\n|upkeep\n|\n|t:|1700495409\n|switch|p1a: Aegislash|Aegislash, M|100\/100\n|-damage|p1a: Aegislash|94\/100|[from] Stealth Rock\n|turn|5\n|\n|t:|1700495415\n|move|p2a: Haxorus|Earthquake|p1a: Aegislash\n|-supereffective|p1a: Aegislash\n|-damage|p1a: Aegislash|50\/100\n|-enditem|p1a: Aegislash|Weakness Policy\n|-boost|p1a: Aegislash|atk|2|[from] item: Weakness Policy\n|-boost|p1a: Aegislash|spa|2|[from] item: Weakness Policy\n|move|p1a: Aegislash|Swords Dance|p1a: Aegislash\n|-boost|p1a: Aegislash|atk|2\n|\n|upkeep\n|turn|6\n|\n|t:|1700495423\n|-formechange|p1a: Aegislash|Aegislash-Blade||[from] ability: Stance Change\n|move|p1a: Aegislash|Shadow Sneak|p2a: Haxorus\n|-damage|p2a: Haxorus|0 fnt\n|faint|p2a: Haxorus\n|\n|upkeep\n|\n|t:|1700495436\n|switch|p2a: Wargle|Braviary-Hisui, M|100\/100\n|turn|7\n|\n|t:|1700495440\n|move|p1a: Aegislash|Shadow Sneak|p2a: Wargle\n|-supereffective|p2a: Wargle\n|-damage|p2a: Wargle|0 fnt\n|faint|p2a: Wargle\n|\n|upkeep\n|\n|t:|1700495445\n|switch|p2a: Aguni|Armarouge, F|100\/100\n|turn|8\n|\n|t:|1700495451\n|-terastallize|p2a: Aguni|Fire\n|move|p1a: Aegislash|Shadow Sneak|p2a: Aguni\n|-damage|p2a: Aguni|20\/100\n|-ability|p2a: Aguni|Weak Armor|boost\n|-unboost|p2a: Aguni|def|1\n|-boost|p2a: Aguni|spe|2\n|move|p2a: Aguni|Armor Cannon|p1a: Aegislash\n|-supereffective|p1a: Aegislash\n|-damage|p1a: Aegislash|0 fnt\n|-unboost|p2a: Aguni|def|1\n|-unboost|p2a: Aguni|spd|1\n|faint|p1a: Aegislash\n|\n|upkeep\n|\n|t:|1700495471\n|switch|p1a: Armarouge|Armarouge, F|100\/100\n|-damage|p1a: Armarouge|76\/100|[from] Stealth Rock\n|turn|9\n|\n|t:|1700495482\n|move|p2a: Aguni|Armor Cannon|p1a: Armarouge\n|-start|p1a: Armarouge|ability: Flash Fire\n|move|p1a: Armarouge|Shadow Ball|p2a: Aguni\n|-damage|p2a: Aguni|0 fnt\n|faint|p2a: Aguni\n|\n|upkeep\n|c|\u2606Xero Dracohart|Bro..\n|\n|t:|1700495489\n|switch|p2a: Sceptile|Sceptile, M|100\/100\n|turn|10\n|\n|t:|1700495494\n|detailschange|p2a: Sceptile|Sceptile-Mega, M\n|-mega|p2a: Sceptile|Sceptile|Sceptilite\n|move|p2a: Sceptile|Dragon Pulse|p1a: Armarouge\n|-damage|p1a: Armarouge|35\/100\n|move|p1a: Armarouge|Lava Plume|p2a: Sceptile\n|-damage|p2a: Sceptile|33\/100\n|-status|p2a: Sceptile|brn\n|\n|-damage|p2a: Sceptile|27\/100 brn|[from] brn\n|upkeep\n|turn|11\n|\n|t:|1700495504\n|-end|p1a: Armarouge|ability: Flash Fire|[silent]\n|switch|p1a: Goodra|Goodra-Hisui, F|100\/100\n|-damage|p1a: Goodra|94\/100|[from] Stealth Rock\n|move|p2a: Sceptile|Dragon Pulse|p1a: Goodra\n|-damage|p1a: Goodra|66\/100\n|\n|-damage|p2a: Sceptile|21\/100 brn|[from] brn\n|upkeep\n|turn|12\n|\n|t:|1700495511\n|-terastallize|p1a: Goodra|Steel\n|move|p2a: Sceptile|Giga Drain|p1a: Goodra\n|-ability|p1a: Goodra|Sap Sipper|boost\n|-boost|p1a: Goodra|atk|1\n|move|p1a: Goodra|Dragon Pulse|p2a: Sceptile\n|-supereffective|p2a: Sceptile\n|-damage|p2a: Sceptile|0 fnt\n|faint|p2a: Sceptile\n|\n|win|Xero Dracohart\n|raw|Xero Dracohart's rating: 1150 &rarr; <strong>1179<\/strong><br \/>(+29 for winning)\n|raw|dryankee17's rating: 1204 &rarr; <strong>1175<\/strong><br \/>(-29 for losing)\n|l|\u2606dryankee17\n","uploadtime":1700495528,"views":15,"p1id":"xerodracohart","p2id":"dryankee17","formatid":"gen9nationaldex","rating":1175,"private":0,"password":""}