{"id":"gen9nationaldex-1997516853","p1":"playeraccount","p2":"djx","format":"[Gen 9] National Dex","log":"|html|<div class=\"broadcast-blue\"><strong>[Gen 9] National Dex is currently suspecting Sneasler! For information on how to participate check out the <a href=\"https:\/\/www.smogon.com\/forums\/threads\/sv-national-dex-suspect-8-just-dance.3731534\/\">suspect thread<\/a>.<\/strong><\/div>\n|j|\u2606playeraccount\n|j|\u203ddjx\n|t:|1700818806\n|gametype|singles\n|player|p1|playeraccount|bea|1552\n|player|p2|djx|dawn-gen4pt|1480\n|teamsize|p1|6\n|teamsize|p2|6\n|gen|9\n|tier|[Gen 9] National Dex\n|rated|\n|rule|HP Percentage Mod: HP is shown in percentages\n|rule|Endless Battle Clause: Forcing endless battles is banned\n|rule|OHKO Clause: OHKO moves are banned\n|rule|Evasion Clause: Evasion abilities, items, and moves are banned\n|rule|Evasion Abilities Clause: Evasion abilities are banned\n|rule|Evasion Items Clause: Evasion items are banned\n|rule|Evasion Moves Clause: Evasion moves are banned\n|rule|Species Clause: Limit one of each Pok\u00e9mon\n|rule|Sleep Clause Mod: Limit one foe put to sleep\n|clearpoke\n|poke|p1|Tyranitar, F|\n|poke|p1|Zapdos|\n|poke|p1|Jirachi|\n|poke|p1|Alomomola, F|\n|poke|p1|Garchomp, M|\n|poke|p1|Iron Valiant|\n|poke|p2|Great Tusk|\n|poke|p2|Gyarados, M|\n|poke|p2|Iron Valiant|\n|poke|p2|Volcarona, M|\n|poke|p2|Tapu Koko|\n|poke|p2|Sneasler, M|\n|teampreview\n|c|\u2606playeraccount|gl\n|c|\u2606playeraccount|hf\n|inactive|Battle timer is ON: inactive players will automatically lose when time's up. (requested by playeraccount)\n|inactive|playeraccount has 120 seconds left.\n|\n|t:|1700818852\n|start\n|switch|p1a: Tyranitar|Tyranitar, F, shiny|100\/100\n|switch|p2a: Volcarona|Volcarona, M|100\/100\n|-weather|Sandstorm|[from] ability: Sand Stream|[of] p1a: Tyranitar\n|turn|1\n|inactive|djx has 120 seconds left.\n|c|\u2606playeraccount|\u3002\u3002\n|\n|t:|1700818890\n|move|p2a: Volcarona|Bug Buzz|p1a: Tyranitar\n|-supereffective|p1a: Tyranitar\n|-damage|p1a: Tyranitar|36\/100\n|move|p1a: Tyranitar|Thunder Wave|p2a: Volcarona\n|-status|p2a: Volcarona|par\n|\n|-weather|Sandstorm|[upkeep]\n|-damage|p2a: Volcarona|94\/100 par|[from] Sandstorm\n|upkeep\n|turn|2\n|\n|t:|1700818900\n|switch|p1a: Zapdos|Zapdos|100\/100\n|cant|p2a: Volcarona|par\n|\n|-weather|Sandstorm|[upkeep]\n|-damage|p1a: Zapdos|94\/100|[from] Sandstorm\n|-damage|p2a: Volcarona|88\/100 par|[from] Sandstorm\n|upkeep\n|turn|3\n|\n|t:|1700818903\n|move|p1a: Zapdos|Hurricane|p2a: Volcarona|[miss]\n|-miss|p1a: Zapdos|p2a: Volcarona\n|move|p2a: Volcarona|Quiver Dance|p2a: Volcarona\n|-boost|p2a: Volcarona|spa|1\n|-boost|p2a: Volcarona|spd|1\n|-boost|p2a: Volcarona|spe|1\n|\n|-weather|Sandstorm|[upkeep]\n|-damage|p1a: Zapdos|88\/100|[from] Sandstorm\n|-damage|p2a: Volcarona|82\/100 par|[from] Sandstorm\n|upkeep\n|turn|4\n|\n|t:|1700818906\n|move|p1a: Zapdos|Hurricane|p2a: Volcarona|[miss]\n|-miss|p1a: Zapdos|p2a: Volcarona\n|move|p2a: Volcarona|Quiver Dance|p2a: Volcarona\n|-boost|p2a: Volcarona|spa|1\n|-boost|p2a: Volcarona|spd|1\n|-boost|p2a: Volcarona|spe|1\n|\n|-weather|Sandstorm|[upkeep]\n|-damage|p2a: Volcarona|76\/100 par|[from] Sandstorm\n|-damage|p1a: Zapdos|82\/100|[from] Sandstorm\n|upkeep\n|turn|5\n|\n|t:|1700818909\n|move|p2a: Volcarona|Fiery Dance|p1a: Zapdos\n|-damage|p1a: Zapdos|0 fnt\n|faint|p1a: Zapdos\n|\n|-weather|none\n|upkeep\n|\n|t:|1700818918\n|switch|p1a: Garchomp|Garchomp, M|100\/100\n|turn|6\n|\n|t:|1700818922\n|detailschange|p1a: Garchomp|Garchomp-Mega, M\n|-mega|p1a: Garchomp|Garchomp|Garchompite\n|move|p1a: Garchomp|Scale Shot|p2a: Volcarona\n|-damage|p2a: Volcarona|52\/100 par\n|-damage|p2a: Volcarona|24\/100 par\n|-damage|p2a: Volcarona|1\/100 par\n|-damage|p2a: Volcarona|0 fnt\n|faint|p2a: Volcarona\n|-hitcount|p2: Volcarona|4\n|-unboost|p1a: Garchomp|def|1\n|-boost|p1a: Garchomp|spe|1\n|\n|upkeep\n|\n|t:|1700818934\n|switch|p2a: Great Tusk|Great Tusk|100\/100\n|-enditem|p2a: Great Tusk|Booster Energy\n|-activate|p2a: Great Tusk|ability: Protosynthesis|[fromitem]\n|-start|p2a: Great Tusk|protosynthesisatk\n|turn|7\n|\n|t:|1700818946\n|switch|p1a: Alomomola|Alomomola, F, shiny|100\/100\n|move|p2a: Great Tusk|Rapid Spin|p1a: Alomomola\n|-damage|p1a: Alomomola|88\/100\n|-boost|p2a: Great Tusk|spe|1\n|-damage|p2a: Great Tusk|84\/100|[from] item: Rocky Helmet|[of] p1a: Alomomola\n|\n|upkeep\n|turn|8\n|\n|t:|1700818953\n|move|p2a: Great Tusk|Earthquake|p1a: Alomomola\n|-damage|p1a: Alomomola|49\/100\n|move|p1a: Alomomola|Toxic|p2a: Great Tusk\n|-status|p2a: Great Tusk|tox\n|\n|-damage|p2a: Great Tusk|78\/100 tox|[from] psn\n|upkeep\n|turn|9\n|\n|t:|1700818962\n|move|p2a: Great Tusk|Close Combat|p1a: Alomomola\n|-damage|p1a: Alomomola|5\/100\n|-unboost|p2a: Great Tusk|def|1\n|-unboost|p2a: Great Tusk|spd|1\n|-damage|p2a: Great Tusk|61\/100 tox|[from] item: Rocky Helmet|[of] p1a: Alomomola\n|move|p1a: Alomomola|Wish|p1a: Alomomola\n|\n|-damage|p2a: Great Tusk|49\/100 tox|[from] psn\n|upkeep\n|turn|10\n|\n|t:|1700818966\n|move|p1a: Alomomola|Protect|p1a: Alomomola\n|-singleturn|p1a: Alomomola|Protect\n|move|p2a: Great Tusk|Close Combat|p1a: Alomomola\n|-activate|p1a: Alomomola|move: Protect\n|\n|-heal|p1a: Alomomola|55\/100|[from] move: Wish|[wisher] Alomomola\n|-damage|p2a: Great Tusk|30\/100 tox|[from] psn\n|upkeep\n|turn|11\n|\n|t:|1700818971\n|move|p2a: Great Tusk|Close Combat|p1a: Alomomola\n|-damage|p1a: Alomomola|9\/100\n|-unboost|p2a: Great Tusk|def|1\n|-unboost|p2a: Great Tusk|spd|1\n|-damage|p2a: Great Tusk|14\/100 tox|[from] item: Rocky Helmet|[of] p1a: Alomomola\n|move|p1a: Alomomola|Flip Turn|p2a: Great Tusk\n|-supereffective|p2a: Great Tusk\n|-damage|p2a: Great Tusk|0 fnt\n|faint|p2a: Great Tusk\n|-end|p2a: Great Tusk|Protosynthesis|[silent]\n|\n|t:|1700818974\n|switch|p1a: Tyranitar|Tyranitar, F, shiny|36\/100|[from] Flip Turn\n|-weather|Sandstorm|[from] ability: Sand Stream|[of] p1a: Tyranitar\n|\n|-weather|Sandstorm|[upkeep]\n|upkeep\n|inactive|djx has 120 seconds left.\n|\n|t:|1700819012\n|switch|p2a: Gyarados|Gyarados, M|100\/100\n|turn|12\n|\n|t:|1700819019\n|switch|p1a: Garchomp|Garchomp-Mega, M|100\/100\n|move|p2a: Gyarados|Waterfall|p1a: Garchomp\n|-damage|p1a: Garchomp|69\/100\n|\n|-weather|Sandstorm|[upkeep]\n|-damage|p2a: Gyarados|94\/100|[from] Sandstorm\n|upkeep\n|turn|13\n|\n|t:|1700819026\n|detailschange|p2a: Gyarados|Gyarados-Mega, M\n|-mega|p2a: Gyarados|Gyarados|Gyaradosite\n|-ability|p2a: Gyarados|Mold Breaker\n|move|p1a: Garchomp|Scale Shot|p2a: Gyarados\n|-damage|p2a: Gyarados|80\/100\n|-damage|p2a: Gyarados|64\/100\n|-damage|p2a: Gyarados|49\/100\n|-damage|p2a: Gyarados|32\/100\n|-hitcount|p2a: Gyarados|4\n|-unboost|p1a: Garchomp|def|1\n|-boost|p1a: Garchomp|spe|1\n|move|p2a: Gyarados|Dragon Dance|p2a: Gyarados\n|-boost|p2a: Gyarados|atk|1\n|-boost|p2a: Gyarados|spe|1\n|\n|-weather|Sandstorm|[upkeep]\n|-damage|p2a: Gyarados|26\/100|[from] Sandstorm\n|upkeep\n|turn|14\n|\n|t:|1700819033\n|move|p1a: Garchomp|Earthquake|p2a: Gyarados\n|-damage|p2a: Gyarados|0 fnt\n|faint|p2a: Gyarados\n|\n|-weather|Sandstorm|[upkeep]\n|upkeep\n|\n|t:|1700819036\n|switch|p2a: Tapu Koko|Tapu Koko|100\/100\n|-fieldstart|move: Electric Terrain|[from] ability: Electric Surge|[of] p2a: Tapu Koko\n|turn|15\n|\n|t:|1700819040\n|move|p1a: Garchomp|Earthquake|p2a: Tapu Koko\n|-supereffective|p2a: Tapu Koko\n|-damage|p2a: Tapu Koko|0 fnt\n|faint|p2a: Tapu Koko\n|\n|-weather|none\n|upkeep\n|\n|t:|1700819043\n|switch|p2a: Sneasler|Sneasler, M|100\/100\n|-enditem|p2a: Sneasler|Electric Seed\n|-boost|p2a: Sneasler|def|1|[from] item: Electric Seed\n|turn|16\n|\n|t:|1700819051\n|-terastallize|p2a: Sneasler|Flying\n|move|p2a: Sneasler|Acrobatics|p1a: Garchomp\n|-damage|p1a: Garchomp|0 fnt\n|faint|p1a: Garchomp\n|\n|upkeep\n|\n|t:|1700819059\n|switch|p1a: Tyranitar|Tyranitar, F, shiny|36\/100\n|-weather|Sandstorm|[from] ability: Sand Stream|[of] p1a: Tyranitar\n|turn|17\n|\n|t:|1700819062\n|move|p2a: Sneasler|Low Kick|p1a: Tyranitar\n|-supereffective|p1a: Tyranitar\n|-damage|p1a: Tyranitar|0 fnt\n|faint|p1a: Tyranitar\n|\n|-weather|Sandstorm|[upkeep]\n|-damage|p2a: Sneasler|94\/100|[from] Sandstorm\n|upkeep\n|\n|t:|1700819065\n|switch|p1a: Alomomola|Alomomola, F, shiny|42\/100\n|turn|18\n|\n|t:|1700819072\n|move|p2a: Sneasler|Substitute|p2a: Sneasler\n|-start|p2a: Sneasler|Substitute\n|-damage|p2a: Sneasler|69\/100\n|move|p1a: Alomomola|Flip Turn|p2a: Sneasler\n|-activate|p2a: Sneasler|move: Substitute|[damage]\n|\n|t:|1700819077\n|switch|p1a: Jirachi|Jirachi|100\/100|[from] Flip Turn\n|\n|-weather|Sandstorm|[upkeep]\n|-damage|p2a: Sneasler|63\/100|[from] Sandstorm\n|upkeep\n|turn|19\n|\n|t:|1700819084\n|move|p2a: Sneasler|Bulk Up|p2a: Sneasler\n|-boost|p2a: Sneasler|atk|1\n|-boost|p2a: Sneasler|def|1\n|-zpower|p1a: Jirachi\n|move|p1a: Jirachi|Z-Flash||[anim]Flash|[still]\n|-boost|p1a: Jirachi|evasion|1|[zeffect]\n|-fail|p1a: Jirachi\n|\n|-weather|Sandstorm|[upkeep]\n|-damage|p2a: Sneasler|57\/100|[from] Sandstorm\n|upkeep\n|turn|20\n|\n|t:|1700819092\n|move|p2a: Sneasler|Bulk Up|p2a: Sneasler\n|-boost|p2a: Sneasler|atk|1\n|-boost|p2a: Sneasler|def|1\n|move|p1a: Jirachi|Iron Head|p2a: Sneasler\n|-end|p2a: Sneasler|Substitute\n|\n|-weather|Sandstorm|[upkeep]\n|-damage|p2a: Sneasler|51\/100|[from] Sandstorm\n|upkeep\n|turn|21\n|\n|t:|1700819096\n|move|p2a: Sneasler|Acrobatics|p1a: Jirachi\n|-resisted|p1a: Jirachi\n|-damage|p1a: Jirachi|56\/100\n|move|p1a: Jirachi|Iron Head|p2a: Sneasler\n|-damage|p2a: Sneasler|33\/100\n|\n|-weather|none\n|upkeep\n|turn|22\n|\n|t:|1700819108\n|move|p2a: Sneasler|Acrobatics|p1a: Jirachi\n|-resisted|p1a: Jirachi\n|-damage|p1a: Jirachi|15\/100\n|move|p1a: Jirachi|Iron Head|p2a: Sneasler\n|-damage|p2a: Sneasler|17\/100\n|\n|-fieldend|move: Electric Terrain\n|upkeep\n|turn|23\n|\n|t:|1700819119\n|move|p2a: Sneasler|Acrobatics|p1a: Jirachi|[miss]\n|-miss|p2a: Sneasler|p1a: Jirachi\n|move|p1a: Jirachi|Rest|p1a: Jirachi\n|-status|p1a: Jirachi|slp|[from] move: Rest\n|-heal|p1a: Jirachi|100\/100 slp|[silent]\n|\n|upkeep\n|turn|24\n|\n|t:|1700819122\n|move|p2a: Sneasler|Acrobatics|p1a: Jirachi\n|-resisted|p1a: Jirachi\n|-damage|p1a: Jirachi|57\/100 slp\n|cant|p1a: Jirachi|slp\n|move|p1a: Jirachi|Snore|p2a: Sneasler\n|-damage|p2a: Sneasler|3\/100\n|\n|upkeep\n|turn|25\n|\n|t:|1700819125\n|move|p2a: Sneasler|Acrobatics|p1a: Jirachi\n|-resisted|p1a: Jirachi\n|-damage|p1a: Jirachi|10\/100 slp\n|cant|p1a: Jirachi|slp\n|move|p1a: Jirachi|Snore|p2a: Sneasler\n|-damage|p2a: Sneasler|0 fnt\n|faint|p2a: Sneasler\n|\n|upkeep\n|\n|t:|1700819138\n|switch|p2a: Iron Valiant|Iron Valiant|100\/100\n|turn|26\n|\n|t:|1700819141\n|move|p2a: Iron Valiant|Moonblast|p1a: Jirachi|[miss]\n|-miss|p2a: Iron Valiant|p1a: Jirachi\n|-curestatus|p1a: Jirachi|slp|[msg]\n|move|p1a: Jirachi|Iron Head|p2a: Iron Valiant\n|-supereffective|p2a: Iron Valiant\n|-damage|p2a: Iron Valiant|31\/100\n|\n|upkeep\n|turn|27\n|\n|t:|1700819147\n|move|p2a: Iron Valiant|Moonblast|p1a: Jirachi|[miss]\n|-miss|p2a: Iron Valiant|p1a: Jirachi\n|move|p1a: Jirachi|Iron Head|p2a: Iron Valiant\n|-supereffective|p2a: Iron Valiant\n|-damage|p2a: Iron Valiant|0 fnt\n|faint|p2a: Iron Valiant\n|-end|p2a: Iron Valiant|Quark Drive|[silent]\n|\n|win|playeraccount\n|raw|playeraccount's rating: 1552 &rarr; <strong>1568<\/strong><br \/>(+16 for winning)\n|raw|djx's rating: 1480 &rarr; <strong>1464<\/strong><br \/>(-16 for losing)\n|c|\u2606playeraccount|gg\n|l|\u203ddjx\n|l|\u2606playeraccount\n|j| eguipengxia\n|l| eguipengxia\n|j| veasters\n|j| Serena1111TestTeam\n|l| veasters\n|j| THBD differents\n|j| eguipengxia\n|l| eguipengxia\n|j| hbgzd\n|l| hbgzd\n|l| THBD differents\n|l| Serena1111TestTeam\n|j| THBD differents\n|l| THBD differents\n|j| eguipengxia\n|j| AGisgood\u82cd\u54cd\u4fa0\n|j| BeyourTea\n|l| BeyourTea\n|j|+taoke\n|l| eguipengxia\n|l|+taoke\n|j|\u2606playeraccount\n|player|p1|playeraccount|bea\n|l|\u2606playeraccount\n|player|p1|\n|j| BeyourTea\n","uploadtime":1700819164,"views":9,"p1id":"playeraccount","p2id":"djx","formatid":"gen9nationaldex","rating":1464,"private":0,"password":""}