{"id":"gen9nationaldex-1987499392","p1":"konl","p2":"Cchelly","format":"[Gen 9] National Dex","log":"|j|\u2606konl\n|j|\u2606Cchelly\n|t:|1699602092\n|gametype|singles\n|player|p1|konl|bugcatcher-gen4dp|1322\n|player|p2|Cchelly|dawn|1181\n|teamsize|p1|6\n|teamsize|p2|6\n|gen|9\n|tier|[Gen 9] National Dex\n|rated|\n|rule|HP Percentage Mod: HP is shown in percentages\n|rule|Endless Battle Clause: Forcing endless battles is banned\n|rule|OHKO Clause: OHKO moves are banned\n|rule|Evasion Clause: Evasion abilities, items, and moves are banned\n|rule|Evasion Abilities Clause: Evasion abilities are banned\n|rule|Evasion Items Clause: Evasion items are banned\n|rule|Evasion Moves Clause: Evasion moves are banned\n|rule|Species Clause: Limit one of each Pok\u00e9mon\n|rule|Sleep Clause Mod: Limit one foe put to sleep\n|clearpoke\n|poke|p1|Slowking-Galar, F|\n|poke|p1|Meowscarada, F|\n|poke|p1|Heatran, F|\n|poke|p1|Cloyster, F|\n|poke|p1|Kommo-o, F|\n|poke|p1|Garganacl, F|\n|poke|p2|Tapu Lele|\n|poke|p2|Landorus-Therian, M|\n|poke|p2|Scizor, F|\n|poke|p2|Ogerpon-Cornerstone, F|\n|poke|p2|Toxapex, F|\n|poke|p2|Heatran, M|\n|teampreview\n|\n|t:|1699602105\n|start\n|switch|p1a: Garganacl|Garganacl, F|100\/100\n|switch|p2a: Landorus|Landorus-Therian, M|100\/100\n|-ability|p2a: Landorus|Intimidate|boost\n|-unboost|p1a: Garganacl|atk|1\n|turn|1\n|\n|t:|1699602114\n|move|p2a: Landorus|Earthquake|p1a: Garganacl\n|-supereffective|p1a: Garganacl\n|-damage|p1a: Garganacl|32\/100\n|move|p1a: Garganacl|Fling|p2a: Landorus\n|-damage|p2a: Landorus|96\/100\n|-status|p2a: Landorus|brn\n|-enditem|p1a: Garganacl|Flame Orb|[from] move: Fling\n|\n|-damage|p2a: Landorus|90\/100 brn|[from] brn\n|upkeep\n|turn|2\n|\n|t:|1699602125\n|switch|p1a: Meowscarada|Meowscarada, F|100\/100\n|move|p2a: Landorus|Earthquake|p1a: Meowscarada\n|-resisted|p1a: Meowscarada\n|-damage|p1a: Meowscarada|79\/100\n|\n|-damage|p2a: Landorus|84\/100 brn|[from] brn\n|upkeep\n|turn|3\n|\n|t:|1699602136\n|switch|p2a: Scizor|Scizor, F|100\/100\n|move|p1a: Meowscarada|Flower Trick|p2a: Scizor\n|-start|p1a: Meowscarada|typechange|Grass|[from] ability: Protean\n|-resisted|p2a: Scizor\n|-crit|p2a: Scizor\n|-damage|p2a: Scizor|90\/100\n|\n|upkeep\n|turn|4\n|\n|t:|1699602148\n|switch|p1a: Heatran|Heatran, F|100\/100\n|detailschange|p2a: Scizor|Scizor-Mega, F\n|-mega|p2a: Scizor|Scizor|Scizorite\n|move|p2a: Scizor|U-turn|p1a: Heatran\n|-resisted|p1a: Heatran\n|-damage|p1a: Heatran|93\/100\n|\n|t:|1699602155\n|switch|p2a: Toxapex|Toxapex, F, shiny|100\/100|[from] U-turn\n|\n|-heal|p1a: Heatran|99\/100|[from] item: Leftovers\n|upkeep\n|turn|5\n|\n|t:|1699602192\n|switch|p2a: Landorus|Landorus-Therian, M|84\/100 brn\n|-ability|p2a: Landorus|Intimidate|boost\n|-unboost|p1a: Heatran|atk|1\n|move|p1a: Heatran|Will-O-Wisp|p2a: Landorus\n|-fail|p2a: Landorus|brn\n|\n|-heal|p1a: Heatran|100\/100|[from] item: Leftovers\n|-damage|p2a: Landorus|78\/100 brn|[from] brn\n|upkeep\n|turn|6\n|\n|t:|1699602209\n|switch|p1a: Cloyster|Cloyster, F|100\/100\n|move|p2a: Landorus|Stealth Rock|p1a: Cloyster\n|-sidestart|p1: konl|move: Stealth Rock\n|\n|-damage|p2a: Landorus|72\/100 brn|[from] brn\n|upkeep\n|turn|7\n|\n|t:|1699602220\n|switch|p2a: Toxapex|Toxapex, F, shiny|100\/100\n|move|p1a: Cloyster|Rapid Spin|p2a: Toxapex\n|-damage|p2a: Toxapex|92\/100\n|-boost|p1a: Cloyster|spe|1\n|-sideend|p1: konl|Stealth Rock|[from] move: Rapid Spin|[of] p1a: Cloyster\n|\n|-heal|p2a: Toxapex|99\/100|[from] item: Leftovers\n|upkeep\n|turn|8\n|\n|t:|1699602231\n|switch|p1a: Slowking|Slowking-Galar, F|100\/100\n|move|p2a: Toxapex|Toxic|p1a: Slowking\n|-immune|p1a: Slowking\n|\n|-heal|p2a: Toxapex|100\/100|[from] item: Leftovers\n|upkeep\n|turn|9\n|\n|t:|1699602243\n|move|p2a: Toxapex|Baneful Bunker|p2a: Toxapex\n|-singleturn|p2a: Toxapex|move: Protect\n|move|p1a: Slowking|Scald|p2a: Toxapex\n|-activate|p2a: Toxapex|move: Protect\n|\n|upkeep\n|turn|10\n|\n|t:|1699602257\n|move|p2a: Toxapex|Infestation|p1a: Slowking\n|-damage|p1a: Slowking|98\/100\n|-activate|p1a: Slowking|move: Infestation|[of] p2a: Toxapex\n|move|p1a: Slowking|Sludge Wave|p2a: Toxapex\n|-resisted|p2a: Toxapex\n|-damage|p2a: Toxapex|86\/100\n|\n|-heal|p2a: Toxapex|92\/100|[from] item: Leftovers\n|-damage|p1a: Slowking|86\/100|[from] move: Infestation|[partiallytrapped]\n|upkeep\n|turn|11\n|\n|t:|1699602272\n|move|p2a: Toxapex|Baneful Bunker|p2a: Toxapex\n|-singleturn|p2a: Toxapex|move: Protect\n|move|p1a: Slowking|Yawn|p2a: Toxapex\n|-activate|p2a: Toxapex|move: Protect\n|\n|-heal|p2a: Toxapex|99\/100|[from] item: Leftovers\n|-damage|p1a: Slowking|73\/100|[from] move: Infestation|[partiallytrapped]\n|upkeep\n|turn|12\n|\n|t:|1699602285\n|switch|p2a: Scizor|Scizor-Mega, F|90\/100\n|move|p1a: Slowking|Yawn|p2a: Scizor\n|-start|p2a: Scizor|move: Yawn|[of] p1a: Slowking\n|\n|-end|p1a: Slowking|Infestation|[partiallytrapped]|[silent]\n|upkeep\n|turn|13\n|\n|t:|1699602293\n|move|p2a: Scizor|U-turn|p1a: Slowking\n|-damage|p1a: Slowking|39\/100\n|\n|t:|1699602301\n|switch|p2a: Heatran|Heatran, M|100\/100|[from] U-turn\n|move|p1a: Slowking|Scald|p2a: Heatran\n|-supereffective|p2a: Heatran\n|-damage|p2a: Heatran|65\/100\n|\n|upkeep\n|turn|14\n|\n|t:|1699602318\n|move|p2a: Heatran|Earth Power|p1a: Slowking\n|-supereffective|p1a: Slowking\n|-damage|p1a: Slowking|0 fnt\n|faint|p1a: Slowking\n|\n|upkeep\n|\n|t:|1699602327\n|switch|p1a: Kommo-o|Kommo-o, F|100\/100\n|turn|15\n|\n|t:|1699602345\n|switch|p2a: Tapu Lele|Tapu Lele|100\/100\n|-fieldstart|move: Psychic Terrain|[from] ability: Psychic Surge|[of] p2a: Tapu Lele\n|move|p1a: Kommo-o|Clangorous Soul|p1a: Kommo-o\n|-boost|p1a: Kommo-o|atk|1\n|-boost|p1a: Kommo-o|def|1\n|-boost|p1a: Kommo-o|spa|1\n|-boost|p1a: Kommo-o|spd|1\n|-boost|p1a: Kommo-o|spe|1\n|-damage|p1a: Kommo-o|68\/100\n|-enditem|p1a: Kommo-o|Throat Spray\n|-boost|p1a: Kommo-o|spa|1|[from] item: Throat Spray\n|\n|upkeep\n|turn|16\n|\n|t:|1699602363\n|-terastallize|p1a: Kommo-o|Fire\n|move|p2a: Tapu Lele|Psychic|p1a: Kommo-o\n|-damage|p1a: Kommo-o|28\/100\n|move|p1a: Kommo-o|Clangorous Soul||[still]\n|-fail|p1a: Kommo-o\n|\n|upkeep\n|turn|17\n|\n|t:|1699602373\n|move|p2a: Tapu Lele|Psychic|p1a: Kommo-o\n|-damage|p1a: Kommo-o|0 fnt\n|faint|p1a: Kommo-o\n|\n|upkeep\n|\n|t:|1699602375\n|switch|p1a: Meowscarada|Meowscarada, F|79\/100\n|turn|18\n|\n|t:|1699602385\n|switch|p2a: Scizor|Scizor-Mega, F|90\/100\n|move|p1a: Meowscarada|Flower Trick|p2a: Scizor\n|-start|p1a: Meowscarada|typechange|Grass|[from] ability: Protean\n|-resisted|p2a: Scizor\n|-crit|p2a: Scizor\n|-damage|p2a: Scizor|82\/100\n|\n|upkeep\n|turn|19\n|\n|t:|1699602397\n|switch|p1a: Cloyster|Cloyster, F|100\/100\n|move|p2a: Scizor|U-turn|p1a: Cloyster\n|-damage|p1a: Cloyster|79\/100\n|\n|t:|1699602408\n|switch|p2a: Heatran|Heatran, M|65\/100|[from] U-turn\n|\n|-fieldend|move: Psychic Terrain\n|upkeep\n|turn|20\n|\n|t:|1699602428\n|move|p2a: Heatran|Flash Cannon|p1a: Cloyster\n|-damage|p1a: Cloyster|0 fnt\n|faint|p1a: Cloyster\n|\n|upkeep\n|\n|t:|1699602433\n|switch|p1a: Heatran|Heatran, F|100\/100\n|turn|21\n|\n|t:|1699602440\n|move|p2a: Heatran|Earth Power|p1a: Heatran\n|-supereffective|p1a: Heatran\n|-damage|p1a: Heatran|0 fnt\n|faint|p1a: Heatran\n|\n|upkeep\n|\n|t:|1699602443\n|switch|p1a: Meowscarada|Meowscarada, F|79\/100\n|turn|22\n|\n|t:|1699602455\n|switch|p2a: Scizor|Scizor-Mega, F|82\/100\n|move|p1a: Meowscarada|Night Slash|p2a: Scizor\n|-start|p1a: Meowscarada|typechange|Dark|[from] ability: Protean\n|-damage|p2a: Scizor|61\/100\n|\n|upkeep\n|turn|23\n|\n|t:|1699602474\n|move|p1a: Meowscarada|Night Slash|p2a: Scizor\n|-damage|p2a: Scizor|40\/100\n|move|p2a: Scizor|Roost|p2a: Scizor\n|-heal|p2a: Scizor|90\/100\n|-singleturn|p2a: Scizor|move: Roost\n|\n|upkeep\n|turn|24\n|\n|t:|1699602484\n|switch|p1a: Garganacl|Garganacl, F|32\/100\n|move|p2a: Scizor|U-turn|p1a: Garganacl\n|-damage|p1a: Garganacl|12\/100\n|\n|t:|1699602491\n|switch|p2a: Landorus|Landorus-Therian, M|72\/100 brn|[from] U-turn\n|-ability|p2a: Landorus|Intimidate|boost\n|-unboost|p1a: Garganacl|atk|1\n|\n|-damage|p2a: Landorus|65\/100 brn|[from] brn\n|upkeep\n|turn|25\n|-message|konl forfeited.\n|\n|win|Cchelly\n|raw|konl's rating: 1322 &rarr; <strong>1294<\/strong><br \/>(-28 for losing)\n|raw|Cchelly's rating: 1181 &rarr; <strong>1216<\/strong><br \/>(+35 for winning)\n|l|\u2606konl\n","uploadtime":1699602510,"views":10,"p1id":"konl","p2id":"cchelly","formatid":"gen9nationaldex","rating":1216,"private":0,"password":""}