{"id":"gen9nationaldex-1997081544","p1":"nd27338290","p2":"DiamondDiancie25","format":"[Gen 9] National Dex","log":"|html|<div class=\"broadcast-blue\"><strong>[Gen 9] National Dex is currently suspecting Sneasler! For information on how to participate check out the <a href=\"https:\/\/www.smogon.com\/forums\/threads\/sv-national-dex-suspect-8-just-dance.3731534\/\">suspect thread<\/a>.<\/strong><\/div>\n|j|\u2606nd27338290\n|j|\u2606DiamondDiancie25\n|t:|1700762610\n|gametype|singles\n|player|p1|nd27338290|blaine|1468\n|player|p2|DiamondDiancie25|psychic-gen4|1526\n|teamsize|p1|6\n|teamsize|p2|6\n|gen|9\n|tier|[Gen 9] National Dex\n|rated|\n|rule|HP Percentage Mod: HP is shown in percentages\n|rule|Endless Battle Clause: Forcing endless battles is banned\n|rule|OHKO Clause: OHKO moves are banned\n|rule|Evasion Clause: Evasion abilities, items, and moves are banned\n|rule|Evasion Abilities Clause: Evasion abilities are banned\n|rule|Evasion Items Clause: Evasion items are banned\n|rule|Evasion Moves Clause: Evasion moves are banned\n|rule|Species Clause: Limit one of each Pok\u00e9mon\n|rule|Sleep Clause Mod: Limit one foe put to sleep\n|clearpoke\n|poke|p1|Gliscor, F|\n|poke|p1|Heatran, M|\n|poke|p1|Ogerpon-Wellspring, F|\n|poke|p1|Tapu Koko|\n|poke|p1|Iron Valiant|\n|poke|p1|Scizor, M|\n|poke|p2|Tyranitar, M|\n|poke|p2|Gliscor, F|\n|poke|p2|Iron Valiant|\n|poke|p2|Tapu Koko|\n|poke|p2|Heatran, F|\n|poke|p2|Alomomola, M|\n|teampreview\n|inactive|Battle timer is ON: inactive players will automatically lose when time's up. (requested by nd27338290)\n|\n|t:|1700762632\n|start\n|switch|p1a: Tapu Koko|Tapu Koko|100\/100\n|switch|p2a: Heatran|Heatran, F|100\/100\n|-fieldstart|move: Electric Terrain|[from] ability: Electric Surge|[of] p1a: Tapu Koko\n|turn|1\n|\n|t:|1700762641\n|move|p1a: Tapu Koko|U-turn|p2a: Heatran\n|-resisted|p2a: Heatran\n|-damage|p2a: Heatran|97\/100\n|\n|t:|1700762643\n|switch|p1a: Gliscor|Gliscor, F|100\/100|[from] U-turn\n|move|p2a: Heatran|Stealth Rock|p1a: Gliscor\n|-sidestart|p1: nd27338290|move: Stealth Rock\n|\n|-status|p1a: Gliscor|tox|[from] item: Toxic Orb\n|upkeep\n|turn|2\n|j| yuzhibo\n|\n|t:|1700762652\n|switch|p2a: Alomomola|Alomomola, M|100\/100\n|move|p1a: Gliscor|Defog|p2a: Alomomola\n|-unboost|p2a: Alomomola|evasion|1\n|-sideend|p1: nd27338290|Stealth Rock|[from] move: Defog|[of] p1a: Gliscor\n|-fieldend|move: Electric Terrain\n|\n|upkeep\n|turn|3\n|\n|t:|1700762662\n|switch|p1a: Ogerpon|Ogerpon-Wellspring, F|100\/100\n|move|p2a: Alomomola|Wish|p2a: Alomomola\n|\n|upkeep\n|turn|4\n|\n|t:|1700762677\n|switch|p2a: Tapu Koko|Tapu Koko|100\/100\n|-fieldstart|move: Electric Terrain|[from] ability: Electric Surge|[of] p2a: Tapu Koko\n|move|p1a: Ogerpon|U-turn|p2a: Tapu Koko\n|-resisted|p2a: Tapu Koko\n|-damage|p2a: Tapu Koko|80\/100\n|\n|t:|1700762689\n|switch|p1a: Iron Valiant|Iron Valiant|100\/100|[from] U-turn\n|-activate|p1a: Iron Valiant|ability: Quark Drive\n|-start|p1a: Iron Valiant|quarkdrivespe\n|\n|-heal|p2a: Tapu Koko|100\/100|[from] move: Wish|[wisher] Alomomola\n|upkeep\n|turn|5\n|\n|t:|1700762697\n|-terastallize|p1a: Iron Valiant|Fairy\n|move|p1a: Iron Valiant|Moonblast|p2a: Tapu Koko\n|-damage|p2a: Tapu Koko|8\/100\n|move|p2a: Tapu Koko|Dazzling Gleam|p1a: Iron Valiant\n|-damage|p1a: Iron Valiant|31\/100\n|\n|upkeep\n|turn|6\n|\n|t:|1700762708\n|switch|p2a: Heatran|Heatran, F|97\/100\n|move|p1a: Iron Valiant|Moonblast|p2a: Heatran\n|-resisted|p2a: Heatran\n|-damage|p2a: Heatran|85\/100\n|\n|upkeep\n|turn|7\n|\n|t:|1700762719\n|-end|p1a: Iron Valiant|Quark Drive|[silent]\n|switch|p1a: Gliscor|Gliscor, F|100\/100 tox\n|move|p2a: Heatran|Lava Plume|p1a: Gliscor\n|-damage|p1a: Gliscor|65\/100 tox\n|\n|-heal|p1a: Gliscor|78\/100 tox|[from] ability: Poison Heal\n|upkeep\n|turn|8\n|\n|t:|1700762729\n|switch|p2a: Alomomola|Alomomola, M|100\/100\n|move|p1a: Gliscor|Toxic|p2a: Alomomola\n|-status|p2a: Alomomola|tox\n|\n|-heal|p1a: Gliscor|90\/100 tox|[from] ability: Poison Heal\n|-damage|p2a: Alomomola|94\/100 tox|[from] psn\n|-fieldend|move: Electric Terrain\n|upkeep\n|turn|9\n|\n|t:|1700762737\n|switch|p1a: Tapu Koko|Tapu Koko|100\/100\n|-fieldstart|move: Electric Terrain|[from] ability: Electric Surge|[of] p1a: Tapu Koko\n|move|p2a: Alomomola|Wish|p2a: Alomomola\n|\n|-damage|p2a: Alomomola|82\/100 tox|[from] psn\n|upkeep\n|turn|10\n|\n|t:|1700762751\n|-terastallize|p2a: Alomomola|Dragon\n|move|p1a: Tapu Koko|Thunderbolt|p2a: Alomomola\n|-resisted|p2a: Alomomola\n|-damage|p2a: Alomomola|53\/100 tox\n|move|p2a: Alomomola|Flip Turn|p1a: Tapu Koko\n|-damage|p1a: Tapu Koko|79\/100\n|\n|t:|1700762757\n|switch|p2a: Tapu Koko|Tapu Koko|8\/100|[from] Flip Turn\n|\n|-heal|p2a: Tapu Koko|100\/100|[from] move: Wish|[wisher] Alomomola\n|upkeep\n|turn|11\n|\n|t:|1700762765\n|move|p2a: Tapu Koko|Dazzling Gleam|p1a: Tapu Koko\n|-damage|p1a: Tapu Koko|26\/100\n|move|p1a: Tapu Koko|U-turn|p2a: Tapu Koko\n|-resisted|p2a: Tapu Koko\n|-damage|p2a: Tapu Koko|88\/100\n|\n|t:|1700762767\n|switch|p1a: Scizor|Scizor, M|100\/100|[from] U-turn\n|\n|upkeep\n|turn|12\n|\n|t:|1700762774\n|detailschange|p1a: Scizor|Scizor-Mega, M\n|-mega|p1a: Scizor|Scizor|Scizorite\n|-zpower|p2a: Tapu Koko\n|move|p2a: Tapu Koko|Gigavolt Havoc|p1a: Scizor|[zeffect]\n|-damage|p1a: Scizor|0 fnt\n|faint|p1a: Scizor\n|\n|upkeep\n|c|\u2606nd27338290|Disgusting pig\n|-message|nd27338290 forfeited.\n|\n|win|DiamondDiancie25\n|raw|nd27338290's rating: 1468 &rarr; <strong>1451<\/strong><br \/>(-17 for losing)\n|raw|DiamondDiancie25's rating: 1526 &rarr; <strong>1543<\/strong><br \/>(+17 for winning)\n|l|\u2606nd27338290\n","uploadtime":1700762793,"views":11,"p1id":"nd27338290","p2id":"diamonddiancie25","formatid":"gen9nationaldex","rating":1451,"private":0,"password":""}