{"id":"gen9nationaldex-1999345743","p1":"TheMuj","p2":"Vvbttij","format":"[Gen 9] National Dex","log":"|html|<div class=\"broadcast-blue\"><strong>[Gen 9] National Dex is currently suspecting Sneasler! For information on how to participate check out the <a href=\"https:\/\/www.smogon.com\/forums\/threads\/sv-national-dex-suspect-8-just-dance.3731534\/\">suspect thread<\/a>.<\/strong><\/div>\n|j|\u2606TheMuj\n|j|\u2606Vvbttij\n|t:|1701063954\n|gametype|singles\n|player|p1|TheMuj|steven|1174\n|player|p2|Vvbttij|red|1131\n|teamsize|p1|6\n|teamsize|p2|6\n|gen|9\n|tier|[Gen 9] National Dex\n|rated|\n|rule|HP Percentage Mod: HP is shown in percentages\n|rule|Endless Battle Clause: Forcing endless battles is banned\n|rule|OHKO Clause: OHKO moves are banned\n|rule|Evasion Clause: Evasion abilities, items, and moves are banned\n|rule|Evasion Abilities Clause: Evasion abilities are banned\n|rule|Evasion Items Clause: Evasion items are banned\n|rule|Evasion Moves Clause: Evasion moves are banned\n|rule|Species Clause: Limit one of each Pok\u00e9mon\n|rule|Sleep Clause Mod: Limit one foe put to sleep\n|clearpoke\n|poke|p1|Dracozolt|\n|poke|p1|Great Tusk|\n|poke|p1|Cinderace, M|\n|poke|p1|Corviknight, M|\n|poke|p1|Ogerpon-Wellspring, F|\n|poke|p1|Ferrothorn, F|\n|poke|p2|Charizard, F|\n|poke|p2|Blastoise, F|\n|poke|p2|Venusaur, F|\n|poke|p2|Snorlax, F|\n|poke|p2|Lapras, M|\n|poke|p2|Pikachu, F|\n|teampreview\n|inactive|Battle timer is ON: inactive players will automatically lose when time's up. (requested by TheMuj)\n|\n|t:|1701063974\n|start\n|switch|p1a: Dracozolt|Dracozolt|100\/100\n|switch|p2a: Blastoise|Blastoise, F|100\/100\n|turn|1\n|\n|t:|1701063979\n|-terastallize|p2a: Blastoise|Ground\n|move|p1a: Dracozolt|Earthquake|p2a: Blastoise\n|-damage|p2a: Blastoise|69\/100\n|move|p2a: Blastoise|Shell Smash|p2a: Blastoise\n|-unboost|p2a: Blastoise|def|1\n|-unboost|p2a: Blastoise|spd|1\n|-boost|p2a: Blastoise|atk|2\n|-boost|p2a: Blastoise|spa|2\n|-boost|p2a: Blastoise|spe|2\n|\n|upkeep\n|turn|2\n|\n|t:|1701063989\n|move|p2a: Blastoise|Scald|p1a: Dracozolt\n|-resisted|p1a: Dracozolt\n|-damage|p1a: Dracozolt|52\/100\n|move|p1a: Dracozolt|Earthquake|p2a: Blastoise\n|-damage|p2a: Blastoise|18\/100\n|\n|upkeep\n|turn|3\n|\n|t:|1701063995\n|move|p2a: Blastoise|Focus Blast|p1a: Dracozolt\n|-damage|p1a: Dracozolt|0 fnt\n|faint|p1a: Dracozolt\n|\n|upkeep\n|\n|t:|1701064007\n|switch|p1a: Great Tusk|Great Tusk|100\/100\n|-enditem|p1a: Great Tusk|Booster Energy\n|-activate|p1a: Great Tusk|ability: Protosynthesis|[fromitem]\n|-start|p1a: Great Tusk|protosynthesisatk\n|turn|4\n|\n|t:|1701064010\n|-terastallize|p1a: Great Tusk|Water\n|move|p2a: Blastoise|Scald|p1a: Great Tusk\n|-resisted|p1a: Great Tusk\n|-damage|p1a: Great Tusk|25\/100\n|move|p1a: Great Tusk|Ice Spinner|p2a: Blastoise\n|-supereffective|p2a: Blastoise\n|-damage|p2a: Blastoise|0 fnt\n|faint|p2a: Blastoise\n|\n|upkeep\n|\n|t:|1701064023\n|switch|p2a: Pikachu|Pikachu, F|100\/100\n|turn|5\n|\n|t:|1701064031\n|move|p2a: Pikachu|Thunderbolt|p1a: Great Tusk\n|-supereffective|p1a: Great Tusk\n|-damage|p1a: Great Tusk|0 fnt\n|faint|p1a: Great Tusk\n|-end|p1a: Great Tusk|Protosynthesis|[silent]\n|\n|upkeep\n|\n|t:|1701064036\n|switch|p1a: Ferrothorn|Ferrothorn, F|100\/100\n|turn|6\n|\n|t:|1701064040\n|move|p2a: Pikachu|Volt Switch|p1a: Ferrothorn\n|-resisted|p1a: Ferrothorn\n|-damage|p1a: Ferrothorn|84\/100\n|\n|t:|1701064043\n|switch|p2a: Charizard|Charizard, F|100\/100|[from] Volt Switch\n|move|p1a: Ferrothorn|Toxic|p2a: Charizard\n|-status|p2a: Charizard|tox\n|\n|-damage|p2a: Charizard|94\/100 tox|[from] psn\n|upkeep\n|turn|7\n|\n|t:|1701064047\n|move|p1a: Ferrothorn|Protect|p1a: Ferrothorn\n|-singleturn|p1a: Ferrothorn|Protect\n|move|p2a: Charizard|Belly Drum|p2a: Charizard\n|-damage|p2a: Charizard|44\/100 tox\n|-setboost|p2a: Charizard|atk|6|[from] move: Belly Drum\n|\n|-damage|p2a: Charizard|32\/100 tox|[from] psn\n|upkeep\n|turn|8\n|\n|t:|1701064051\n|move|p2a: Charizard|Fire Punch|p1a: Ferrothorn\n|-supereffective|p1a: Ferrothorn\n|-damage|p1a: Ferrothorn|0 fnt\n|-damage|p2a: Charizard|20\/100 tox|[from] ability: Iron Barbs|[of] p1a: Ferrothorn\n|-damage|p2a: Charizard|4\/100 tox|[from] item: Rocky Helmet|[of] p1a: Ferrothorn\n|-enditem|p2a: Charizard|Salac Berry|[eat]\n|-boost|p2a: Charizard|spe|1|[from] item: Salac Berry\n|faint|p1a: Ferrothorn\n|\n|-damage|p2a: Charizard|0 fnt|[from] psn\n|faint|p2a: Charizard\n|upkeep\n|\n|t:|1701064066\n|switch|p2a: Pikachu|Pikachu, F|100\/100\n|switch|p1a: Ogerpon|Ogerpon-Wellspring, F|100\/100\n|turn|9\n|\n|t:|1701064072\n|move|p1a: Ogerpon|Ivy Cudgel|p2a: Pikachu|[anim] Ivy Cudgel Water\n|-damage|p2a: Pikachu|0 fnt\n|faint|p2a: Pikachu\n|\n|upkeep\n|\n|t:|1701064083\n|switch|p2a: Snorlax|Snorlax, F, shiny|100\/100\n|turn|10\n|\n|t:|1701064087\n|move|p1a: Ogerpon|Leech Seed|p2a: Snorlax\n|-start|p2a: Snorlax|move: Leech Seed\n|move|p2a: Snorlax|Body Slam|p1a: Ogerpon\n|-damage|p1a: Ogerpon|21\/100\n|-status|p1a: Ogerpon|par\n|-damage|p2a: Snorlax|91\/100|[from] item: Life Orb\n|\n|-damage|p2a: Snorlax|78\/100|[from] Leech Seed|[of] p1a: Ogerpon\n|-heal|p1a: Ogerpon|43\/100 par|[silent]\n|upkeep\n|turn|11\n|\n|t:|1701064099\n|move|p1a: Ogerpon|Horn Leech|p2a: Snorlax\n|-damage|p2a: Snorlax|37\/100\n|-heal|p1a: Ogerpon|79\/100 par|[from] drain|[of] p2a: Snorlax\n|move|p2a: Snorlax|Earthquake|p1a: Ogerpon\n|-resisted|p1a: Ogerpon\n|-damage|p1a: Ogerpon|48\/100 par\n|-damage|p2a: Snorlax|27\/100|[from] item: Life Orb\n|\n|-damage|p2a: Snorlax|15\/100|[from] Leech Seed|[of] p1a: Ogerpon\n|-heal|p1a: Ogerpon|70\/100 par|[silent]\n|upkeep\n|turn|12\n|\n|t:|1701064106\n|cant|p1a: Ogerpon|par\n|move|p2a: Snorlax|Body Slam|p1a: Ogerpon\n|-damage|p1a: Ogerpon|0 fnt\n|faint|p1a: Ogerpon\n|-damage|p2a: Snorlax|5\/100|[from] item: Life Orb\n|\n|upkeep\n|\n|t:|1701064111\n|switch|p1a: Cinderace|Cinderace, M|100\/100\n|turn|13\n|\n|t:|1701064116\n|move|p1a: Cinderace|U-turn|p2a: Snorlax\n|-start|p1a: Cinderace|typechange|Bug|[from] ability: Libero\n|-damage|p2a: Snorlax|0 fnt\n|faint|p2a: Snorlax\n|\n|t:|1701064118\n|switch|p1a: Corviknight|Corviknight, M|100\/100|[from] U-turn\n|-ability|p1a: Corviknight|Pressure\n|\n|upkeep\n|\n|t:|1701064121\n|switch|p2a: Lapras|Lapras, M|100\/100\n|turn|14\n|\n|t:|1701064126\n|switch|p1a: Cinderace|Cinderace, M|100\/100\n|move|p2a: Lapras|Dragon Dance|p2a: Lapras\n|-boost|p2a: Lapras|atk|1\n|-boost|p2a: Lapras|spe|1\n|\n|upkeep\n|turn|15\n|\n|t:|1701064130\n|move|p1a: Cinderace|High Jump Kick|p2a: Lapras\n|-start|p1a: Cinderace|typechange|Fighting|[from] ability: Libero\n|-supereffective|p2a: Lapras\n|-damage|p2a: Lapras|0 fnt\n|faint|p2a: Lapras\n|\n|upkeep\n|\n|t:|1701064135\n|switch|p2a: Venusaur|Venusaur, F|100\/100\n|turn|16\n|\n|t:|1701064162\n|detailschange|p2a: Venusaur|Venusaur-Mega, F\n|-mega|p2a: Venusaur|Venusaur|Venusaurite\n|move|p1a: Cinderace|Pyro Ball|p2a: Venusaur\n|-supereffective|p2a: Venusaur\n|-damage|p2a: Venusaur|77\/100\n|-status|p2a: Venusaur|brn\n|move|p2a: Venusaur|Curse|p2a: Venusaur\n|-unboost|p2a: Venusaur|spe|1\n|-boost|p2a: Venusaur|atk|1\n|-boost|p2a: Venusaur|def|1\n|\n|-damage|p2a: Venusaur|71\/100 brn|[from] brn\n|upkeep\n|turn|17\n|\n|t:|1701064169\n|move|p1a: Cinderace|U-turn|p2a: Venusaur\n|-damage|p2a: Venusaur|63\/100 brn\n|\n|t:|1701064172\n|switch|p1a: Corviknight|Corviknight, M|100\/100|[from] U-turn\n|-ability|p1a: Corviknight|Pressure\n|move|p2a: Venusaur|Curse|p2a: Venusaur\n|-unboost|p2a: Venusaur|spe|1\n|-boost|p2a: Venusaur|atk|1\n|-boost|p2a: Venusaur|def|1\n|\n|-damage|p2a: Venusaur|57\/100 brn|[from] brn\n|upkeep\n|turn|18\n|\n|t:|1701064176\n|move|p1a: Corviknight|Brave Bird|p2a: Venusaur\n|-supereffective|p2a: Venusaur\n|-damage|p2a: Venusaur|36\/100 brn\n|-damage|p1a: Corviknight|94\/100|[from] Recoil\n|move|p2a: Venusaur|Synthesis|p2a: Venusaur\n|-heal|p2a: Venusaur|86\/100 brn\n|\n|-heal|p1a: Corviknight|100\/100|[from] item: Leftovers\n|-damage|p2a: Venusaur|80\/100 brn|[from] brn\n|upkeep\n|turn|19\n|\n|t:|1701064180\n|move|p1a: Corviknight|Bulk Up|p1a: Corviknight\n|-boost|p1a: Corviknight|atk|1\n|-boost|p1a: Corviknight|def|1\n|move|p2a: Venusaur|Leech Seed|p1a: Corviknight|[miss]\n|-miss|p2a: Venusaur|p1a: Corviknight\n|\n|-damage|p2a: Venusaur|74\/100 brn|[from] brn\n|upkeep\n|turn|20\n|\n|t:|1701064183\n|move|p1a: Corviknight|Bulk Up|p1a: Corviknight\n|-boost|p1a: Corviknight|atk|1\n|-boost|p1a: Corviknight|def|1\n|move|p2a: Venusaur|Leech Seed|p1a: Corviknight\n|-start|p1a: Corviknight|move: Leech Seed\n|\n|-damage|p1a: Corviknight|88\/100|[from] Leech Seed|[of] p2a: Venusaur\n|-heal|p2a: Venusaur|88\/100 brn|[silent]\n|-damage|p2a: Venusaur|82\/100 brn|[from] brn\n|upkeep\n|turn|21\n|\n|t:|1701064186\n|move|p1a: Corviknight|Brave Bird|p2a: Venusaur\n|-supereffective|p2a: Venusaur\n|-damage|p2a: Venusaur|37\/100 brn\n|-damage|p1a: Corviknight|75\/100|[from] Recoil\n|move|p2a: Venusaur|Synthesis|p2a: Venusaur\n|-heal|p2a: Venusaur|87\/100 brn\n|\n|-heal|p1a: Corviknight|81\/100|[from] item: Leftovers\n|-damage|p1a: Corviknight|69\/100|[from] Leech Seed|[of] p2a: Venusaur\n|-heal|p2a: Venusaur|100\/100 brn|[silent]\n|-damage|p2a: Venusaur|94\/100 brn|[from] brn\n|upkeep\n|turn|22\n|\n|t:|1701064189\n|move|p1a: Corviknight|Brave Bird|p2a: Venusaur\n|-supereffective|p2a: Venusaur\n|-damage|p2a: Venusaur|51\/100 brn\n|-damage|p1a: Corviknight|56\/100|[from] Recoil\n|move|p2a: Venusaur|Curse|p2a: Venusaur\n|-unboost|p2a: Venusaur|spe|1\n|-boost|p2a: Venusaur|atk|1\n|-boost|p2a: Venusaur|def|1\n|\n|-heal|p1a: Corviknight|62\/100|[from] item: Leftovers\n|-damage|p1a: Corviknight|49\/100|[from] Leech Seed|[of] p2a: Venusaur\n|-heal|p2a: Venusaur|65\/100 brn|[silent]\n|-damage|p2a: Venusaur|58\/100 brn|[from] brn\n|upkeep\n|turn|23\n|\n|t:|1701064192\n|move|p1a: Corviknight|Bulk Up|p1a: Corviknight\n|-boost|p1a: Corviknight|atk|1\n|-boost|p1a: Corviknight|def|1\n|move|p2a: Venusaur|Synthesis|p2a: Venusaur\n|-heal|p2a: Venusaur|100\/100 brn\n|\n|-heal|p1a: Corviknight|55\/100|[from] item: Leftovers\n|-damage|p1a: Corviknight|43\/100|[from] Leech Seed|[of] p2a: Venusaur\n|-damage|p2a: Venusaur|94\/100 brn|[from] brn\n|upkeep\n|turn|24\n|\n|t:|1701064195\n|move|p1a: Corviknight|Brave Bird|p2a: Venusaur\n|-supereffective|p2a: Venusaur\n|-damage|p2a: Venusaur|52\/100 brn\n|-damage|p1a: Corviknight|30\/100|[from] Recoil\n|move|p2a: Venusaur|Curse|p2a: Venusaur\n|-unboost|p2a: Venusaur|spe|1\n|-boost|p2a: Venusaur|atk|1\n|-boost|p2a: Venusaur|def|1\n|\n|-heal|p1a: Corviknight|36\/100|[from] item: Leftovers\n|-damage|p1a: Corviknight|24\/100|[from] Leech Seed|[of] p2a: Venusaur\n|-heal|p2a: Venusaur|65\/100 brn|[silent]\n|-damage|p2a: Venusaur|59\/100 brn|[from] brn\n|upkeep\n|turn|25\n|\n|t:|1701064199\n|move|p1a: Corviknight|Brave Bird|p2a: Venusaur\n|-supereffective|p2a: Venusaur\n|-damage|p2a: Venusaur|24\/100 brn\n|-damage|p1a: Corviknight|14\/100|[from] Recoil\n|move|p2a: Venusaur|Synthesis|p2a: Venusaur\n|-heal|p2a: Venusaur|74\/100 brn\n|\n|-heal|p1a: Corviknight|20\/100|[from] item: Leftovers\n|-damage|p1a: Corviknight|7\/100|[from] Leech Seed|[of] p2a: Venusaur\n|-heal|p2a: Venusaur|88\/100 brn|[silent]\n|-damage|p2a: Venusaur|82\/100 brn|[from] brn\n|upkeep\n|turn|26\n|\n|t:|1701064203\n|move|p1a: Corviknight|Brave Bird|p2a: Venusaur\n|-supereffective|p2a: Venusaur\n|-damage|p2a: Venusaur|43\/100 brn\n|-damage|p1a: Corviknight|0 fnt|[from] Recoil\n|faint|p1a: Corviknight\n|move|p2a: Venusaur|Synthesis|p2a: Venusaur\n|-heal|p2a: Venusaur|93\/100 brn\n|\n|-damage|p2a: Venusaur|87\/100 brn|[from] brn\n|upkeep\n|\n|t:|1701064206\n|switch|p1a: Cinderace|Cinderace, M|100\/100\n|turn|27\n|\n|t:|1701064211\n|move|p1a: Cinderace|Pyro Ball|p2a: Venusaur\n|-supereffective|p2a: Venusaur\n|-damage|p2a: Venusaur|75\/100 brn\n|move|p2a: Venusaur|Toxic|p1a: Cinderace\n|-status|p1a: Cinderace|tox\n|\n|-damage|p1a: Cinderace|95\/100 tox|[from] psn\n|-damage|p2a: Venusaur|69\/100 brn|[from] brn\n|upkeep\n|turn|28\n|\n|t:|1701064213\n|move|p1a: Cinderace|High Jump Kick|p2a: Venusaur\n|-start|p1a: Cinderace|typechange|Fighting|[from] ability: Libero\n|-resisted|p2a: Venusaur\n|-damage|p2a: Venusaur|63\/100 brn\n|move|p2a: Venusaur|Leech Seed|p1a: Cinderace\n|-start|p1a: Cinderace|move: Leech Seed\n|\n|-damage|p1a: Cinderace|82\/100 tox|[from] Leech Seed|[of] p2a: Venusaur\n|-heal|p2a: Venusaur|74\/100 brn|[silent]\n|-damage|p1a: Cinderace|70\/100 tox|[from] psn\n|-damage|p2a: Venusaur|68\/100 brn|[from] brn\n|upkeep\n|turn|29\n|\n|t:|1701064219\n|move|p1a: Cinderace|U-turn|p2a: Venusaur\n|-crit|p2a: Venusaur\n|-damage|p2a: Venusaur|47\/100 brn\n|move|p2a: Venusaur|Synthesis|p2a: Venusaur\n|-heal|p2a: Venusaur|97\/100 brn\n|\n|-damage|p1a: Cinderace|58\/100 tox|[from] Leech Seed|[of] p2a: Venusaur\n|-heal|p2a: Venusaur|100\/100 brn|[silent]\n|-damage|p1a: Cinderace|40\/100 tox|[from] psn\n|-damage|p2a: Venusaur|94\/100 brn|[from] brn\n|upkeep\n|turn|30\n|\n|t:|1701064223\n|move|p1a: Cinderace|U-turn|p2a: Venusaur\n|-damage|p2a: Venusaur|90\/100 brn\n|move|p2a: Venusaur|Curse|p2a: Venusaur\n|-unboost|p2a: Venusaur|spe|1\n|-boost|p2a: Venusaur|atk|1\n|-boost|p2a: Venusaur|def|1\n|\n|-damage|p1a: Cinderace|28\/100 tox|[from] Leech Seed|[of] p2a: Venusaur\n|-heal|p2a: Venusaur|99\/100 brn|[silent]\n|-damage|p1a: Cinderace|4\/100 tox|[from] psn\n|-damage|p2a: Venusaur|94\/100 brn|[from] brn\n|upkeep\n|turn|31\n|\n|t:|1701064228\n|move|p1a: Cinderace|U-turn|p2a: Venusaur\n|-damage|p2a: Venusaur|90\/100 brn\n|move|p2a: Venusaur|Synthesis|p2a: Venusaur\n|-heal|p2a: Venusaur|100\/100 brn\n|\n|-damage|p1a: Cinderace|0 fnt|[from] Leech Seed|[of] p2a: Venusaur\n|faint|p1a: Cinderace\n|\n|win|Vvbttij\n|upkeep\n|raw|TheMuj's rating: 1174 &rarr; <strong>1146<\/strong><br \/>(-28 for losing)\n|raw|Vvbttij's rating: 1131 &rarr; <strong>1159<\/strong><br \/>(+28 for winning)\n|c|\u2606Vvbttij|Gg\n|l|\u2606TheMuj\n","uploadtime":1701064233,"views":1,"p1id":"themuj","p2id":"vvbttij","formatid":"gen9nationaldex","rating":1146,"private":0,"password":""}