{"id":"gen9nationaldex-1993828378","p1":"lmewl2","p2":"Shinyxk","format":"[Gen 9] National Dex","log":"|j|\u2606lmewl2\n|j|\u2606Shinyxk\n|t:|1700362319\n|gametype|singles\n|player|p1|lmewl2|cheren|1055\n|player|p2|Shinyxk|youngster-gen8|1000\n|teamsize|p1|6\n|teamsize|p2|2\n|gen|9\n|tier|[Gen 9] National Dex\n|rated|\n|rule|HP Percentage Mod: HP is shown in percentages\n|rule|Endless Battle Clause: Forcing endless battles is banned\n|rule|OHKO Clause: OHKO moves are banned\n|rule|Evasion Clause: Evasion abilities, items, and moves are banned\n|rule|Evasion Abilities Clause: Evasion abilities are banned\n|rule|Evasion Items Clause: Evasion items are banned\n|rule|Evasion Moves Clause: Evasion moves are banned\n|rule|Species Clause: Limit one of each Pok\u00e9mon\n|rule|Sleep Clause Mod: Limit one foe put to sleep\n|clearpoke\n|poke|p1|Charizard, M|\n|poke|p1|Gliscor, M|\n|poke|p1|Zoroark, F|\n|poke|p1|Swampert, M|\n|poke|p1|Manectric, F|\n|poke|p1|Blissey, F|\n|poke|p2|Latios, M|\n|poke|p2|Lapras, M|\n|teampreview\n|inactive|Battle timer is ON: inactive players will automatically lose when time's up. (requested by Shinyxk)\n|inactive|lmewl2 has 120 seconds left.\n|\n|t:|1700362358\n|start\n|switch|p1a: Manectric|Manectric, F|100\/100\n|switch|p2a: Latios|Latios, M|100\/100\n|turn|1\n|\n|t:|1700362388\n|detailschange|p1a: Manectric|Manectric-Mega, F\n|-mega|p1a: Manectric|Manectric|Manectite\n|-ability|p1a: Manectric|Intimidate|boost\n|-unboost|p2a: Latios|atk|1\n|move|p1a: Manectric|Thunderbolt|p2a: Latios\n|-resisted|p2a: Latios\n|-damage|p2a: Latios|79\/100\n|move|p2a: Latios|Light Screen|p2a: Latios\n|-sidestart|p2: Shinyxk|move: Light Screen\n|\n|upkeep\n|turn|2\n|\n|t:|1700362399\n|switch|p1a: Swampert|Swampert, M|100\/100\n|move|p2a: Latios|Rain Dance|p2a: Latios\n|-weather|RainDance\n|\n|-weather|RainDance|[upkeep]\n|upkeep\n|turn|3\n|\n|t:|1700362415\n|move|p2a: Latios|Reflect|p2a: Latios\n|-sidestart|p2: Shinyxk|Reflect\n|move|p1a: Swampert|Ice Punch|p2a: Latios\n|-supereffective|p2a: Latios\n|-damage|p2a: Latios|52\/100\n|\n|-weather|RainDance|[upkeep]\n|upkeep\n|turn|4\n|\n|t:|1700362421\n|move|p2a: Latios|Memento|p1a: Swampert\n|-unboost|p1a: Swampert|atk|2\n|-unboost|p1a: Swampert|spa|2\n|faint|p2a: Latios\n|move|p1a: Swampert|Ice Punch|p2: Latios|[notarget]\n|-fail|p1a: Swampert\n|\n|-weather|RainDance|[upkeep]\n|upkeep\n|inactive|Shinyxk has 120 seconds left.\n|\n|t:|1700362456\n|switch|p2a: Lapras|Lapras, M|100\/100\n|turn|5\n|\n|t:|1700362470\n|move|p2a: Lapras|Dragon Dance|p2a: Lapras\n|-boost|p2a: Lapras|atk|1\n|-boost|p2a: Lapras|spe|1\n|move|p1a: Swampert|Earthquake|p2a: Lapras\n|-damage|p2a: Lapras|87\/100\n|\n|-weather|RainDance|[upkeep]\n|-sideend|p2: Shinyxk|move: Light Screen\n|upkeep\n|turn|6\n|inactive|Shinyxk has 120 seconds left.\n|\n|t:|1700362491\n|switch|p1a: Manectric|Manectric-Mega, F|100\/100\n|-ability|p1a: Manectric|Intimidate|boost\n|-unboost|p2a: Lapras|atk|1\n|move|p2a: Lapras|Dragon Dance|p2a: Lapras\n|-boost|p2a: Lapras|atk|1\n|-boost|p2a: Lapras|spe|1\n|\n|-weather|RainDance|[upkeep]\n|upkeep\n|turn|7\n|\n|t:|1700362500\n|-terastallize|p2a: Lapras|Water\n|move|p2a: Lapras|Liquidation|p1a: Manectric\n|-damage|p1a: Manectric|0 fnt\n|faint|p1a: Manectric\n|\n|-weather|RainDance|[upkeep]\n|-sideend|p2: Shinyxk|Reflect\n|upkeep\n|\n|t:|1700362513\n|switch|p1a: Charizard|Charizard, M|100\/100\n|turn|8\n|\n|t:|1700362530\n|move|p2a: Lapras|Liquidation|p1a: Charizard\n|-supereffective|p1a: Charizard\n|-damage|p1a: Charizard|0 fnt\n|faint|p1a: Charizard\n|\n|-weather|RainDance|[upkeep]\n|upkeep\n|\n|t:|1700362545\n|switch|p1a: Blissey|Blissey, F|100\/100\n|turn|9\n|\n|t:|1700362550\n|move|p2a: Lapras|Liquidation|p1a: Blissey\n|-damage|p1a: Blissey|6\/100\n|-unboost|p1a: Blissey|def|1\n|move|p1a: Blissey|Thunder|p2a: Lapras\n|-supereffective|p2a: Lapras\n|-damage|p2a: Lapras|49\/100\n|-enditem|p2a: Lapras|Weakness Policy\n|-boost|p2a: Lapras|atk|2|[from] item: Weakness Policy\n|-boost|p2a: Lapras|spa|2|[from] item: Weakness Policy\n|\n|-weather|none\n|-heal|p1a: Blissey|13\/100|[from] item: Leftovers\n|upkeep\n|turn|10\n|\n|t:|1700362565\n|move|p2a: Lapras|Ice Shard|p1a: Blissey\n|-damage|p1a: Blissey|0 fnt\n|faint|p1a: Blissey\n|\n|upkeep\n|\n|t:|1700362571\n|switch|p1a: Gliscor|Gliscor, M|100\/100\n|turn|11\n|inactive|Shinyxk has 120 seconds left.\n|\n|t:|1700362614\n|move|p2a: Lapras|Ice Shard|p1a: Gliscor\n|-damage|p1a: Gliscor|19\/100\n|replace|p1a: Zoroark|Zoroark, F\n|-end|p1a: Zoroark|Illusion\n|move|p1a: Zoroark|Flamethrower|p2a: Lapras\n|-resisted|p2a: Lapras\n|-damage|p2a: Lapras|33\/100\n|-damage|p1a: Zoroark|9\/100|[from] item: Life Orb\n|\n|upkeep\n|turn|12\n|\n|t:|1700362633\n|move|p2a: Lapras|Ice Shard|p1a: Zoroark\n|-damage|p1a: Zoroark|0 fnt\n|faint|p1a: Zoroark\n|\n|upkeep\n|\n|t:|1700362638\n|switch|p1a: Gliscor|Gliscor, M|100\/100\n|turn|13\n|\n|t:|1700362647\n|move|p2a: Lapras|Ice Shard|p1a: Gliscor\n|-supereffective|p1a: Gliscor\n|-damage|p1a: Gliscor|0 fnt\n|faint|p1a: Gliscor\n|\n|upkeep\n|\n|t:|1700362652\n|switch|p1a: Swampert|Swampert, M|100\/100\n|turn|14\n|\n|t:|1700362658\n|move|p2a: Lapras|Liquidation|p1a: Swampert\n|-damage|p1a: Swampert|0 fnt\n|faint|p1a: Swampert\n|\n|win|Shinyxk\n|raw|lmewl2's rating: 1055 &rarr; <strong>1036<\/strong><br \/>(-19 for losing)\n|raw|Shinyxk's rating: 1043 &rarr; <strong>1078<\/strong><br \/>(+35 for winning)\n|c|\u2606Shinyxk|gg\n","uploadtime":1700362663,"views":17,"p1id":"lmewl2","p2id":"shinyxk","formatid":"gen9nationaldex","rating":1036,"private":0,"password":""}