{"id":"gen9nationaldex-1988931311","p1":"CosoNessunoAddio","p2":"HolyChomper","format":"[Gen 9] National Dex","log":"|j|\u2606CosoNessunoAddio\n|j|\u2606HolyChomper\n|t:|1699790003\n|gametype|singles\n|player|p1|CosoNessunoAddio|youngster-gen4dp|1188\n|player|p2|HolyChomper|crasherwake|1217\n|teamsize|p1|6\n|teamsize|p2|6\n|gen|9\n|tier|[Gen 9] National Dex\n|rated|\n|rule|HP Percentage Mod: HP is shown in percentages\n|rule|Endless Battle Clause: Forcing endless battles is banned\n|rule|OHKO Clause: OHKO moves are banned\n|rule|Evasion Clause: Evasion abilities, items, and moves are banned\n|rule|Evasion Abilities Clause: Evasion abilities are banned\n|rule|Evasion Items Clause: Evasion items are banned\n|rule|Evasion Moves Clause: Evasion moves are banned\n|rule|Species Clause: Limit one of each Pok\u00e9mon\n|rule|Sleep Clause Mod: Limit one foe put to sleep\n|clearpoke\n|poke|p1|Diancie|\n|poke|p1|Kartana|\n|poke|p1|Rotom-Wash|\n|poke|p1|Volcarona, M|\n|poke|p1|Sneasler, F|\n|poke|p1|Gliscor, F|\n|poke|p2|Pelipper, M|\n|poke|p2|Swampert, M|\n|poke|p2|Rillaboom, M|\n|poke|p2|Goodra, F|\n|poke|p2|Kilowattrel, F|\n|poke|p2|Scizor, F|\n|teampreview\n|c|\u2606HolyChomper|glhf\n|\n|t:|1699790016\n|start\n|switch|p1a: Diamond|Diancie|100\/100\n|switch|p2a: Pelipper|Pelipper, M|100\/100\n|-weather|RainDance|[from] ability: Drizzle|[of] p2a: Pelipper\n|turn|1\n|\n|t:|1699790025\n|switch|p2a: Swampert|Swampert, M|100\/100\n|detailschange|p1a: Diamond|Diancie-Mega\n|-mega|p1a: Diamond|Diancie|Diancite\n|move|p1a: Diamond|Power Gem|p2a: Swampert\n|-resisted|p2a: Swampert\n|-damage|p2a: Swampert|79\/100\n|\n|-weather|RainDance|[upkeep]\n|upkeep\n|turn|2\n|\n|t:|1699790037\n|switch|p1a: motoR|Rotom-Wash|100\/100\n|detailschange|p2a: Swampert|Swampert-Mega, M\n|-mega|p2a: Swampert|Swampert|Swampertite\n|move|p2a: Swampert|Liquidation|p1a: motoR\n|-resisted|p1a: motoR\n|-damage|p1a: motoR|73\/100\n|\n|-weather|RainDance|[upkeep]\n|-heal|p1a: motoR|79\/100|[from] item: Leftovers\n|upkeep\n|turn|3\n|\n|t:|1699790046\n|move|p2a: Swampert|Flip Turn|p1a: motoR\n|-resisted|p1a: motoR\n|-damage|p1a: motoR|59\/100\n|\n|t:|1699790049\n|switch|p2a: Goodra|Goodra, F|100\/100|[from] Flip Turn\n|move|p1a: motoR|Will-O-Wisp|p2a: Goodra\n|-status|p2a: Goodra|brn\n|\n|-weather|RainDance|[upkeep]\n|-heal|p1a: motoR|65\/100|[from] item: Leftovers\n|-activate|p2a: Goodra|ability: Hydration\n|-curestatus|p2a: Goodra|brn|[msg]\n|upkeep\n|turn|4\n|\n|t:|1699790063\n|move|p1a: motoR|Volt Switch|p2a: Goodra\n|-resisted|p2a: Goodra\n|-damage|p2a: Goodra|92\/100\n|\n|t:|1699790067\n|switch|p1a: Diamond|Diancie-Mega|100\/100|[from] Volt Switch\n|move|p2a: Goodra|Thunder|p1a: Diamond\n|-damage|p1a: Diamond|40\/100\n|-status|p1a: Diamond|par\n|\n|-weather|RainDance|[upkeep]\n|upkeep\n|turn|5\n|\n|t:|1699790075\n|move|p2a: Goodra|Thunder|p1a: Diamond\n|-damage|p1a: Diamond|0 fnt\n|faint|p1a: Diamond\n|\n|-weather|RainDance|[upkeep]\n|upkeep\n|c|\u2606HolyChomper|GOODRA TOO STRONK\n|\n|t:|1699790087\n|switch|p1a: Long Boy|Sneasler, F|100\/100\n|-item|p1a: Long Boy|Air Balloon\n|turn|6\n|\n|t:|1699790096\n|switch|p2a: Kilowattrel|Kilowattrel, F|100\/100\n|move|p1a: Long Boy|Swords Dance|p1a: Long Boy\n|-boost|p1a: Long Boy|atk|2\n|\n|-weather|RainDance|[upkeep]\n|upkeep\n|turn|7\n|\n|t:|1699790106\n|move|p2a: Kilowattrel|Hurricane|p1a: Long Boy\n|-supereffective|p1a: Long Boy\n|-damage|p1a: Long Boy|0 fnt\n|-enditem|p1a: Long Boy|Air Balloon\n|faint|p1a: Long Boy\n|-damage|p2a: Kilowattrel|91\/100|[from] item: Life Orb\n|\n|-weather|RainDance|[upkeep]\n|upkeep\n|\n|t:|1699790118\n|switch|p1a: Fire Dancer|Volcarona, M|100\/100\n|turn|8\n|\n|t:|1699790124\n|move|p2a: Kilowattrel|Hurricane|p1a: Fire Dancer\n|-supereffective|p1a: Fire Dancer\n|-damage|p1a: Fire Dancer|0 fnt\n|faint|p1a: Fire Dancer\n|-damage|p2a: Kilowattrel|81\/100|[from] item: Life Orb\n|\n|-weather|none\n|upkeep\n|\n|t:|1699790129\n|switch|p1a: Paper|Kartana|100\/100\n|turn|9\n|\n|t:|1699790132\n|switch|p2a: Pelipper|Pelipper, M|100\/100\n|-weather|RainDance|[from] ability: Drizzle|[of] p2a: Pelipper\n|move|p1a: Paper|Swords Dance|p1a: Paper\n|-boost|p1a: Paper|atk|2\n|\n|-weather|RainDance|[upkeep]\n|upkeep\n|turn|10\n|\n|t:|1699790144\n|move|p1a: Paper|Leaf Blade|p2a: Pelipper\n|-damage|p2a: Pelipper|16\/100\n|-damage|p1a: Paper|90\/100|[from] item: Life Orb\n|move|p2a: Pelipper|U-turn|p1a: Paper\n|-damage|p1a: Paper|83\/100\n|\n|t:|1699790155\n|switch|p2a: Kilowattrel|Kilowattrel, F|81\/100|[from] U-turn\n|\n|-weather|RainDance|[upkeep]\n|upkeep\n|turn|11\n|\n|t:|1699790166\n|move|p2a: Kilowattrel|Hurricane|p1a: Paper\n|-damage|p1a: Paper|0 fnt\n|faint|p1a: Paper\n|-damage|p2a: Kilowattrel|71\/100|[from] item: Life Orb\n|\n|-weather|RainDance|[upkeep]\n|upkeep\n|-message|CosoNessunoAddio forfeited.\n|\n|win|HolyChomper\n|raw|CosoNessunoAddio's rating: 1188 &rarr; <strong>1165<\/strong><br \/>(-23 for losing)\n|raw|HolyChomper's rating: 1217 &rarr; <strong>1240<\/strong><br \/>(+23 for winning)\n|l|\u2606CosoNessunoAddio\n","uploadtime":1699790179,"views":6,"p1id":"cosonessunoaddio","p2id":"holychomper","formatid":"gen9nationaldex","rating":1165,"private":0,"password":""}