{"id":"gen9nationaldex-1991738863","p1":"PapaPena","p2":"Dono_XD","format":"[Gen 9] National Dex","log":"|j|\u2606PapaPena\n|j|\u2606Dono_XD\n|t:|1700109184\n|gametype|singles\n|player|p1|PapaPena|roughneck|\n|player|p2|Dono_XD|nate|\n|teamsize|p1|6\n|teamsize|p2|6\n|gen|9\n|tier|[Gen 9] National Dex\n|rule|HP Percentage Mod: HP is shown in percentages\n|rule|Endless Battle Clause: Forcing endless battles is banned\n|rule|OHKO Clause: OHKO moves are banned\n|rule|Evasion Clause: Evasion abilities, items, and moves are banned\n|rule|Evasion Abilities Clause: Evasion abilities are banned\n|rule|Evasion Items Clause: Evasion items are banned\n|rule|Evasion Moves Clause: Evasion moves are banned\n|rule|Species Clause: Limit one of each Pok\u00e9mon\n|rule|Sleep Clause Mod: Limit one foe put to sleep\n|clearpoke\n|poke|p1|Moltres|\n|poke|p1|Tornadus-Therian, M|\n|poke|p1|Klefki, F|\n|poke|p1|Eelektross, M|\n|poke|p1|Lycanroc-Midnight, F|\n|poke|p1|Toedscool, M|\n|poke|p2|Corviknight, F|\n|poke|p2|Gengar, F|\n|poke|p2|Decidueye-Hisui, M|\n|poke|p2|Sableye, F|\n|poke|p2|Dugtrio, F|\n|poke|p2|Jigglypuff, M|\n|teampreview\n|\n|t:|1700109214\n|start\n|switch|p1a: Lycanroc|Lycanroc-Midnight, F|100\/100\n|switch|p2a: I smell pennies|Sableye, F|100\/100\n|turn|1\n|\n|t:|1700109273\n|switch|p1a: Klefki|Klefki, F|100\/100\n|move|p2a: I smell pennies|Reflect|p2a: I smell pennies\n|-sidestart|p2: Dono_XD|Reflect\n|\n|upkeep\n|turn|2\n|\n|t:|1700109287\n|move|p1a: Klefki|Spikes|p2a: I smell pennies\n|-sidestart|p2: Dono_XD|Spikes\n|move|p2a: I smell pennies|Will-O-Wisp|p1a: Klefki\n|-status|p1a: Klefki|brn\n|\n|-damage|p1a: Klefki|95\/100 brn|[from] brn\n|upkeep\n|turn|3\n|\n|t:|1700109295\n|move|p1a: Klefki|Spikes|p2a: I smell pennies\n|-sidestart|p2: Dono_XD|Spikes\n|move|p2a: I smell pennies|Light Screen|p2a: I smell pennies\n|-sidestart|p2: Dono_XD|move: Light Screen\n|\n|-damage|p1a: Klefki|89\/100 brn|[from] brn\n|upkeep\n|turn|4\n|\n|t:|1700109303\n|move|p1a: Klefki|Light Screen|p1a: Klefki\n|-sidestart|p1: PapaPena|move: Light Screen\n|move|p2a: I smell pennies|Knock Off|p1a: Klefki\n|-resisted|p1a: Klefki\n|-crit|p1a: Klefki\n|-damage|p1a: Klefki|72\/100 brn\n|-enditem|p1a: Klefki|Light Clay|[from] move: Knock Off|[of] p2a: I smell pennies\n|\n|-damage|p1a: Klefki|66\/100 brn|[from] brn\n|upkeep\n|turn|5\n|\n|t:|1700109312\n|move|p1a: Klefki|Reflect|p1a: Klefki\n|-sidestart|p1: PapaPena|Reflect\n|move|p2a: I smell pennies|Knock Off|p1a: Klefki\n|-resisted|p1a: Klefki\n|-damage|p1a: Klefki|62\/100 brn\n|\n|-damage|p1a: Klefki|56\/100 brn|[from] brn\n|upkeep\n|turn|6\n|\n|t:|1700109319\n|switch|p1a: Lycanroc|Lycanroc-Midnight, F|100\/100\n|switch|p2a: Decidueye|Decidueye-Hisui, M, shiny|100\/100\n|-damage|p2a: Decidueye|84\/100|[from] Spikes\n|\n|upkeep\n|turn|7\n|\n|t:|1700109326\n|move|p1a: Lycanroc|Brick Break|p2a: Decidueye\n|-sideend|p2: Dono_XD|Reflect\n|-sideend|p2: Dono_XD|move: Light Screen\n|-damage|p2a: Decidueye|52\/100\n|move|p2a: Decidueye|Brick Break|p1a: Lycanroc\n|-sideend|p1: PapaPena|Reflect\n|-sideend|p1: PapaPena|move: Light Screen\n|-supereffective|p1a: Lycanroc\n|-damage|p1a: Lycanroc|0 fnt\n|faint|p1a: Lycanroc\n|-damage|p2a: Decidueye|42\/100|[from] item: Life Orb\n|\n|upkeep\n|\n|t:|1700109337\n|switch|p1a: Tornadus|Tornadus-Therian, M|100\/100\n|turn|8\n|\n|t:|1700109341\n|move|p1a: Tornadus|Bleakwind Storm|p2a: Decidueye\n|-supereffective|p2a: Decidueye\n|-damage|p2a: Decidueye|0 fnt\n|faint|p2a: Decidueye\n|\n|upkeep\n|\n|t:|1700109354\n|switch|p2a: Dugtrio|Dugtrio, F|100\/100\n|-damage|p2a: Dugtrio|84\/100|[from] Spikes\n|turn|9\n|\n|t:|1700109370\n|move|p1a: Tornadus|Grass Knot|p2a: Dugtrio\n|-supereffective|p2a: Dugtrio\n|-damage|p2a: Dugtrio|26\/100\n|move|p2a: Dugtrio|Stone Edge|p1a: Tornadus\n|-supereffective|p1a: Tornadus\n|-damage|p1a: Tornadus|38\/100\n|\n|-heal|p1a: Tornadus|44\/100|[from] item: Leftovers\n|upkeep\n|turn|10\n|\n|t:|1700109379\n|switch|p1a: squeeward|Toedscool, M|100\/100\n|move|p2a: Dugtrio|Sucker Punch||[still]\n|-fail|p2a: Dugtrio\n|\n|upkeep\n|turn|11\n|\n|t:|1700109386\n|move|p2a: Dugtrio|Stealth Rock|p1a: squeeward\n|-sidestart|p1: PapaPena|move: Stealth Rock\n|move|p1a: squeeward|Leech Seed|p2a: Dugtrio|[miss]\n|-miss|p1a: squeeward|p2a: Dugtrio\n|\n|upkeep\n|turn|12\n|\n|t:|1700109392\n|switch|p2a: I smell pennies|Sableye, F|100\/100\n|-damage|p2a: I smell pennies|84\/100|[from] Spikes\n|move|p1a: squeeward|Leech Seed|p2a: I smell pennies\n|-start|p2a: I smell pennies|move: Leech Seed\n|\n|-damage|p2a: I smell pennies|72\/100|[from] Leech Seed|[of] p1a: squeeward\n|upkeep\n|turn|13\n|\n|t:|1700109401\n|move|p2a: I smell pennies|Knock Off|p1a: squeeward\n|-damage|p1a: squeeward|53\/100\n|-enditem|p1a: squeeward|Eviolite|[from] move: Knock Off|[of] p2a: I smell pennies\n|move|p1a: squeeward|Toxic|p2a: I smell pennies\n|-status|p2a: I smell pennies|tox\n|\n|-damage|p2a: I smell pennies|60\/100 tox|[from] Leech Seed|[of] p1a: squeeward\n|-heal|p1a: squeeward|66\/100|[silent]\n|-damage|p2a: I smell pennies|54\/100 tox|[from] psn\n|upkeep\n|turn|14\n|\n|t:|1700109410\n|move|p2a: I smell pennies|Light Screen|p2a: I smell pennies\n|-sidestart|p2: Dono_XD|move: Light Screen\n|move|p1a: squeeward|Knock Off|p2a: I smell pennies\n|-damage|p2a: I smell pennies|44\/100 tox\n|-enditem|p2a: I smell pennies|Light Clay|[from] move: Knock Off|[of] p1a: squeeward\n|\n|-damage|p2a: I smell pennies|32\/100 tox|[from] Leech Seed|[of] p1a: squeeward\n|-heal|p1a: squeeward|79\/100|[silent]\n|-damage|p2a: I smell pennies|20\/100 tox|[from] psn\n|upkeep\n|turn|15\n|\n|t:|1700109419\n|move|p1a: squeeward|Protect|p1a: squeeward\n|-singleturn|p1a: squeeward|Protect\n|move|p2a: I smell pennies|Reflect|p2a: I smell pennies\n|-sidestart|p2: Dono_XD|Reflect\n|\n|-damage|p2a: I smell pennies|7\/100 tox|[from] Leech Seed|[of] p1a: squeeward\n|-heal|p1a: squeeward|92\/100|[silent]\n|-damage|p2a: I smell pennies|0 fnt|[from] psn\n|faint|p2a: I smell pennies\n|upkeep\n|\n|t:|1700109441\n|switch|p2a: Biggest Berd|Corviknight, F, shiny|100\/100\n|turn|16\n|\n|t:|1700109451\n|move|p2a: Biggest Berd|Brave Bird|p1a: squeeward\n|-supereffective|p1a: squeeward\n|-damage|p1a: squeeward|0 fnt\n|faint|p1a: squeeward\n|-damage|p2a: Biggest Berd|79\/100|[from] Recoil\n|\n|-heal|p2a: Biggest Berd|85\/100|[from] item: Leftovers\n|upkeep\n|\n|t:|1700109462\n|switch|p1a: flame-ingo|Moltres, shiny|100\/100\n|turn|17\n|\n|t:|1700109468\n|-terastallize|p2a: Biggest Berd|Water\n|move|p1a: flame-ingo|Flamethrower|p2a: Biggest Berd\n|-resisted|p2a: Biggest Berd\n|-damage|p2a: Biggest Berd|75\/100\n|move|p2a: Biggest Berd|Tera Blast|p1a: flame-ingo|[anim] Tera Blast Water\n|-supereffective|p1a: flame-ingo\n|-damage|p1a: flame-ingo|48\/100\n|\n|-heal|p2a: Biggest Berd|81\/100|[from] item: Leftovers\n|upkeep\n|turn|18\n|\n|t:|1700109477\n|move|p1a: flame-ingo|Roost|p1a: flame-ingo\n|-heal|p1a: flame-ingo|98\/100\n|-singleturn|p1a: flame-ingo|move: Roost\n|move|p2a: Biggest Berd|Tera Blast|p1a: flame-ingo|[anim] Tera Blast Water\n|-supereffective|p1a: flame-ingo\n|-damage|p1a: flame-ingo|50\/100\n|\n|-heal|p2a: Biggest Berd|87\/100|[from] item: Leftovers\n|upkeep\n|turn|19\n|\n|t:|1700109491\n|switch|p1a: Klefki|Klefki, F|56\/100 brn\n|-damage|p1a: Klefki|50\/100 brn|[from] Stealth Rock\n|move|p2a: Biggest Berd|Tera Blast|p1a: Klefki|[anim] Tera Blast Water\n|-damage|p1a: Klefki|32\/100 brn\n|\n|-heal|p2a: Biggest Berd|93\/100|[from] item: Leftovers\n|-damage|p1a: Klefki|26\/100 brn|[from] brn\n|-sideend|p2: Dono_XD|Reflect\n|upkeep\n|turn|20\n|\n|t:|1700109502\n|move|p1a: Klefki|Light Screen|p1a: Klefki\n|-sidestart|p1: PapaPena|move: Light Screen\n|move|p2a: Biggest Berd|Tera Blast|p1a: Klefki|[anim] Tera Blast Water\n|-damage|p1a: Klefki|4\/100 brn\n|\n|-heal|p2a: Biggest Berd|99\/100|[from] item: Leftovers\n|-damage|p1a: Klefki|0 fnt|[from] brn\n|faint|p1a: Klefki\n|upkeep\n|\n|t:|1700109509\n|switch|p1a: what dat mouth do|Eelektross, M|100\/100\n|-damage|p1a: what dat mouth do|88\/100|[from] Stealth Rock\n|turn|21\n|\n|t:|1700109529\n|move|p2a: Biggest Berd|Iron Head|p1a: what dat mouth do\n|-resisted|p1a: what dat mouth do\n|-damage|p1a: what dat mouth do|75\/100\n|cant|p1a: what dat mouth do|flinch\n|\n|-heal|p2a: Biggest Berd|100\/100|[from] item: Leftovers\n|-sideend|p2: Dono_XD|move: Light Screen\n|upkeep\n|turn|22\n|\n|t:|1700109541\n|switch|p2a: Dugtrio|Dugtrio, F|26\/100\n|-damage|p2a: Dugtrio|10\/100|[from] Spikes\n|move|p1a: what dat mouth do|Thunder Punch|p2a: Dugtrio\n|-immune|p2a: Dugtrio\n|\n|upkeep\n|turn|23\n|\n|t:|1700109560\n|switch|p1a: flame-ingo|Moltres, shiny|50\/100\n|move|p2a: Dugtrio|Stone Edge|p1a: flame-ingo\n|-supereffective|p1a: flame-ingo\n|-damage|p1a: flame-ingo|0 fnt\n|faint|p1a: flame-ingo\n|\n|upkeep\n|\n|t:|1700109570\n|switch|p1a: what dat mouth do|Eelektross, M|75\/100\n|-damage|p1a: what dat mouth do|63\/100|[from] Stealth Rock\n|turn|24\n|\n|t:|1700109583\n|move|p2a: Dugtrio|Stone Edge|p1a: what dat mouth do\n|-crit|p1a: what dat mouth do\n|-damage|p1a: what dat mouth do|25\/100\n|move|p1a: what dat mouth do|Close Combat|p2a: Dugtrio\n|-damage|p2a: Dugtrio|0 fnt\n|-unboost|p1a: what dat mouth do|def|1\n|-unboost|p1a: what dat mouth do|spd|1\n|faint|p2a: Dugtrio\n|\n|-sideend|p1: PapaPena|move: Light Screen\n|upkeep\n|\n|t:|1700109594\n|switch|p2a: Noah|Gengar, F, shiny|100\/100\n|-damage|p2a: Noah|84\/100|[from] Spikes\n|turn|25\n|\n|t:|1700109605\n|move|p2a: Noah|Shadow Ball|p1a: what dat mouth do\n|-damage|p1a: what dat mouth do|0 fnt\n|faint|p1a: what dat mouth do\n|\n|upkeep\n|\n|t:|1700109609\n|switch|p1a: Tornadus|Tornadus-Therian, M|77\/100\n|-damage|p1a: Tornadus|52\/100|[from] Stealth Rock\n|turn|26\n|\n|t:|1700109616\n|switch|p2a: Jiggle on dat puff|Jigglypuff, M, shiny|100\/100\n|-damage|p2a: Jiggle on dat puff|84\/100|[from] Spikes\n|move|p1a: Tornadus|Dark Pulse|p2a: Jiggle on dat puff\n|-resisted|p2a: Jiggle on dat puff\n|-damage|p2a: Jiggle on dat puff|65\/100\n|\n|-heal|p1a: Tornadus|58\/100|[from] item: Leftovers\n|upkeep\n|turn|27\n|\n|t:|1700109632\n|move|p1a: Tornadus|Bleakwind Storm|p2a: Jiggle on dat puff\n|-damage|p2a: Jiggle on dat puff|3\/100\n|move|p2a: Jiggle on dat puff|Thunder Wave|p1a: Tornadus|[miss]\n|-miss|p2a: Jiggle on dat puff|p1a: Tornadus\n|\n|-heal|p1a: Tornadus|64\/100|[from] item: Leftovers\n|upkeep\n|turn|28\n|\n|t:|1700109642\n|move|p1a: Tornadus|Dark Pulse|p2a: Jiggle on dat puff\n|-resisted|p2a: Jiggle on dat puff\n|-damage|p2a: Jiggle on dat puff|0 fnt\n|faint|p2a: Jiggle on dat puff\n|\n|-heal|p1a: Tornadus|70\/100|[from] item: Leftovers\n|upkeep\n|\n|t:|1700109648\n|switch|p2a: Noah|Gengar, F, shiny|84\/100\n|-damage|p2a: Noah|68\/100|[from] Spikes\n|turn|29\n|\n|t:|1700109655\n|-terastallize|p1a: Tornadus|Ground\n|move|p1a: Tornadus|Dark Pulse|p2a: Noah\n|-supereffective|p2a: Noah\n|-damage|p2a: Noah|0 fnt\n|faint|p2a: Noah\n|\n|-heal|p1a: Tornadus|76\/100|[from] item: Leftovers\n|upkeep\n|\n|t:|1700109662\n|switch|p2a: Biggest Berd|Corviknight, F, shiny, tera:Water|100\/100\n|-damage|p2a: Biggest Berd|84\/100|[from] Spikes\n|turn|30\n|\n|t:|1700109675\n|move|p1a: Tornadus|Grass Knot|p2a: Biggest Berd\n|-supereffective|p2a: Biggest Berd\n|-damage|p2a: Biggest Berd|36\/100\n|move|p2a: Biggest Berd|Tera Blast|p1a: Tornadus|[anim] Tera Blast Water\n|-supereffective|p1a: Tornadus\n|-damage|p1a: Tornadus|5\/100\n|\n|-heal|p1a: Tornadus|11\/100|[from] item: Leftovers\n|-heal|p2a: Biggest Berd|42\/100|[from] item: Leftovers\n|upkeep\n|turn|31\n|\n|t:|1700109686\n|move|p1a: Tornadus|Grass Knot|p2a: Biggest Berd\n|-supereffective|p2a: Biggest Berd\n|-damage|p2a: Biggest Berd|0 fnt\n|faint|p2a: Biggest Berd\n|\n|win|PapaPena\n","uploadtime":1700109694,"views":5,"p1id":"papapena","p2id":"donoxd","formatid":"gen9nationaldex","rating":0,"private":0,"password":""}