{"id":"gen9nationaldex-1988558820","p1":"N3ROZ3RO","p2":"Azu_CriticalXD","format":"[Gen 9] National Dex","log":"|j|\u2606N3ROZ3RO\n|j|\u2606Azu_CriticalXD\n|t:|1699736007\n|gametype|singles\n|player|p1|N3ROZ3RO|ninjaboy|\n|player|p2|Azu_CriticalXD|ltsurge|\n|teamsize|p1|6\n|teamsize|p2|6\n|gen|9\n|tier|[Gen 9] National Dex\n|rule|HP Percentage Mod: HP is shown in percentages\n|rule|Endless Battle Clause: Forcing endless battles is banned\n|rule|OHKO Clause: OHKO moves are banned\n|rule|Evasion Clause: Evasion abilities, items, and moves are banned\n|rule|Evasion Abilities Clause: Evasion abilities are banned\n|rule|Evasion Items Clause: Evasion items are banned\n|rule|Evasion Moves Clause: Evasion moves are banned\n|rule|Species Clause: Limit one of each Pok\u00e9mon\n|rule|Sleep Clause Mod: Limit one foe put to sleep\n|clearpoke\n|poke|p1|Heatran, M|\n|poke|p1|Blaziken, M|\n|poke|p1|Charizard, M|\n|poke|p1|Rotom-Heat|\n|poke|p1|Torkoal, F|\n|poke|p1|Iron Moth|\n|poke|p2|Regigigas|\n|poke|p2|Zoroark-Hisui, M|\n|poke|p2|Komala, F|\n|poke|p2|Ursaluna, F|\n|poke|p2|Pidgeot, F|\n|poke|p2|Porygon-Z|\n|teampreview\n|\n|t:|1699736019\n|start\n|switch|p1a: Rotom|Rotom-Heat, shiny|100\/100\n|switch|p2a: Fancie|Ursaluna, F, shiny|100\/100\n|turn|1\n|\n|t:|1699736027\n|move|p1a: Rotom|Reflect|p1a: Rotom\n|-sidestart|p1: N3ROZ3RO|Reflect\n|move|p2a: Fancie|Earthquake|p1a: Rotom\n|-immune|p1a: Rotom|[from] ability: Levitate\n|\n|-status|p2a: Fancie|brn|[from] item: Flame Orb\n|upkeep\n|turn|2\n|c|\u2606Azu_CriticalXD|xd\n|\n|t:|1699736044\n|move|p1a: Rotom|Light Screen|p1a: Rotom\n|-sidestart|p1: N3ROZ3RO|move: Light Screen\n|move|p2a: Fancie|Facade|p1a: Rotom\n|-damage|p1a: Rotom|41\/100\n|\n|-damage|p2a: Fancie|94\/100 brn|[from] brn\n|upkeep\n|turn|3\n|\n|t:|1699736055\n|switch|p1a: Heatran|Heatran, M|100\/100\n|-item|p1a: Heatran|Air Balloon\n|move|p2a: Fancie|Facade|p1a: Heatran\n|-resisted|p1a: Heatran\n|-damage|p1a: Heatran|70\/100\n|-enditem|p1a: Heatran|Air Balloon\n|\n|-damage|p2a: Fancie|88\/100 brn|[from] brn\n|upkeep\n|turn|4\n|\n|t:|1699736075\n|move|p1a: Heatran|Magma Storm|p2a: Fancie|[miss]\n|-miss|p1a: Heatran|p2a: Fancie\n|move|p2a: Fancie|Earthquake|p1a: Heatran\n|-supereffective|p1a: Heatran\n|-damage|p1a: Heatran|0 fnt\n|faint|p1a: Heatran\n|\n|-damage|p2a: Fancie|82\/100 brn|[from] brn\n|upkeep\n|\n|t:|1699736091\n|switch|p1a: Iron Moth|Iron Moth|100\/100\n|-enditem|p1a: Iron Moth|Booster Energy\n|-activate|p1a: Iron Moth|ability: Quark Drive|[fromitem]\n|-start|p1a: Iron Moth|quarkdrivespa\n|turn|5\n|\n|t:|1699736106\n|move|p1a: Iron Moth|Energy Ball|p2a: Fancie\n|-supereffective|p2a: Fancie\n|-damage|p2a: Fancie|5\/100 brn\n|move|p2a: Fancie|Earthquake|p1a: Iron Moth\n|-supereffective|p1a: Iron Moth\n|-damage|p1a: Iron Moth|0 fnt\n|faint|p1a: Iron Moth\n|-end|p1a: Iron Moth|Quark Drive|[silent]\n|\n|-damage|p2a: Fancie|0 fnt|[from] brn\n|faint|p2a: Fancie\n|upkeep\n|\n|t:|1699736119\n|switch|p1a: Blaziken|Blaziken, M|100\/100\n|switch|p2a: Zigzag|Komala, F, shiny|100\/100\n|turn|6\n|\n|t:|1699736132\n|move|p2a: Zigzag|Nasty Plot|p2a: Zigzag\n|-boost|p2a: Zigzag|spa|2\n|move|p1a: Blaziken|Swords Dance|p1a: Blaziken\n|-boost|p1a: Blaziken|atk|2\n|\n|-ability|p1a: Blaziken|Speed Boost|boost\n|-boost|p1a: Blaziken|spe|1\n|upkeep\n|turn|7\n|\n|t:|1699736144\n|move|p1a: Blaziken|Flare Blitz|p2a: Zigzag\n|-enditem|p2a: Zigzag|Focus Sash\n|-damage|p2a: Zigzag|1\/100\n|-status|p2a: Zigzag|brn\n|replace|p2a: Zero|Zoroark-Hisui, M, shiny\n|-end|p2a: Zero|Illusion\n|-damage|p1a: Blaziken|73\/100|[from] Recoil\n|move|p2a: Zero|Shadow Ball|p1a: Blaziken\n|-damage|p1a: Blaziken|9\/100\n|\n|-damage|p2a: Zero|0 fnt|[from] brn\n|faint|p2a: Zero\n|-ability|p1a: Blaziken|Speed Boost|boost\n|-boost|p1a: Blaziken|spe|1\n|upkeep\n|\n|t:|1699736169\n|switch|p2a: Zigzag|Komala, F, shiny|100\/100\n|-ability|p2a: Zigzag|Comatose\n|turn|8\n|\n|t:|1699736180\n|move|p2a: Zigzag|Sucker Punch|p1a: Blaziken\n|-resisted|p1a: Blaziken\n|-damage|p1a: Blaziken|2\/100\n|move|p1a: Blaziken|Close Combat|p2a: Zigzag\n|-supereffective|p2a: Zigzag\n|-damage|p2a: Zigzag|0 fnt\n|-unboost|p1a: Blaziken|def|1\n|-unboost|p1a: Blaziken|spd|1\n|faint|p2a: Zigzag\n|\n|-sideend|p1: N3ROZ3RO|Reflect\n|-ability|p1a: Blaziken|Speed Boost|boost\n|-boost|p1a: Blaziken|spe|1\n|upkeep\n|\n|t:|1699736212\n|switch|p2a: Dashy|Pidgeot, F, shiny|100\/100\n|turn|9\n|\n|t:|1699736219\n|detailschange|p2a: Dashy|Pidgeot-Mega, F, shiny\n|-mega|p2a: Dashy|Pidgeot|Pidgeotite\n|move|p1a: Blaziken|Close Combat|p2a: Dashy\n|-damage|p2a: Dashy|0 fnt\n|-unboost|p1a: Blaziken|def|1\n|-unboost|p1a: Blaziken|spd|1\n|faint|p2a: Dashy\n|\n|-sideend|p1: N3ROZ3RO|move: Light Screen\n|-ability|p1a: Blaziken|Speed Boost|boost\n|-boost|p1a: Blaziken|spe|1\n|upkeep\n|\n|t:|1699736231\n|switch|p2a: Mecha|Regigigas, shiny|100\/100\n|-start|p2a: Mecha|ability: Slow Start\n|turn|10\n|\n|t:|1699736237\n|move|p1a: Blaziken|Close Combat|p2a: Mecha\n|-supereffective|p2a: Mecha\n|-damage|p2a: Mecha|0 fnt\n|-unboost|p1a: Blaziken|def|1\n|-unboost|p1a: Blaziken|spd|1\n|faint|p2a: Mecha\n|-end|p2a: Mecha|Slow Start|[silent]\n|\n|-ability|p1a: Blaziken|Speed Boost|boost\n|-boost|p1a: Blaziken|spe|1\n|upkeep\n|\n|t:|1699736245\n|switch|p2a: Glitchy.exe|Porygon-Z, shiny|100\/100\n|-ability|p2a: Glitchy.exe|Download|boost\n|-boost|p2a: Glitchy.exe|spa|1\n|turn|11\n|c|\u2606Azu_CriticalXD|lol\n|\n|t:|1699736250\n|move|p1a: Blaziken|Close Combat|p2a: Glitchy.exe\n|-supereffective|p2a: Glitchy.exe\n|-damage|p2a: Glitchy.exe|0 fnt\n|-unboost|p1a: Blaziken|def|1\n|-unboost|p1a: Blaziken|spd|1\n|faint|p2a: Glitchy.exe\n|\n|win|N3ROZ3RO\n|c|\u2606Azu_CriticalXD|gggg\n|c|\u2606N3ROZ3RO|gg, blaziken no te iba a hacer la vida facil xd\n|c|\u2606Azu_CriticalXD|no debi permitir esa danza espada XD\n","uploadtime":1699736290,"views":6,"p1id":"n3roz3ro","p2id":"azucriticalxd","formatid":"gen9nationaldex","rating":0,"private":0,"password":""}