{"id":"gen9nationaldex-1996003846","p1":"Ant_Kid-06","p2":"Alex0kyrotera","format":"[Gen 9] National Dex","log":"|html|<div class=\"broadcast-blue\"><strong>[Gen 9] National Dex is currently suspecting Sneasler! For information on how to participate check out the <a href=\"https:\/\/www.smogon.com\/forums\/threads\/sv-national-dex-suspect-8-just-dance.3731534\/\">suspect thread<\/a>.<\/strong><\/div>\n|j|\u2606Ant_Kid-06\n|j|\u2606Alex0kyrotera\n|t:|1700627993\n|gametype|singles\n|player|p1|Ant_Kid-06|265|1226\n|player|p2|Alex0kyrotera|veteran|1181\n|teamsize|p1|6\n|teamsize|p2|6\n|gen|9\n|tier|[Gen 9] National Dex\n|rated|\n|rule|HP Percentage Mod: HP is shown in percentages\n|rule|Endless Battle Clause: Forcing endless battles is banned\n|rule|OHKO Clause: OHKO moves are banned\n|rule|Evasion Clause: Evasion abilities, items, and moves are banned\n|rule|Evasion Abilities Clause: Evasion abilities are banned\n|rule|Evasion Items Clause: Evasion items are banned\n|rule|Evasion Moves Clause: Evasion moves are banned\n|rule|Species Clause: Limit one of each Pok\u00e9mon\n|rule|Sleep Clause Mod: Limit one foe put to sleep\n|clearpoke\n|poke|p1|Greninja-*, M|\n|poke|p1|Sneasler, M|\n|poke|p1|Ogerpon-Wellspring, F|\n|poke|p1|Aerodactyl, F|\n|poke|p1|Glimmora, F|\n|poke|p1|Xurkitree|\n|poke|p2|Ogerpon-Wellspring, F|\n|poke|p2|Torterra, F|\n|poke|p2|Volcarona, F|\n|poke|p2|Garchomp, F|\n|poke|p2|Grimmsnarl, M|\n|poke|p2|Zapdos|\n|teampreview\n|inactive|Battle timer is ON: inactive players will automatically lose when time's up. (requested by Ant_Kid-06)\n|c|\u2606Ant_Kid-06|zap toes\n|\n|t:|1700628013\n|start\n|switch|p1a: Xurkitree|Xurkitree|100\/100\n|switch|p2a: Garchomp|Garchomp, F|100\/100\n|turn|1\n|\n|t:|1700628020\n|-zpower|p1a: Xurkitree\n|move|p1a: Xurkitree|Z-Hypnosis|p2a: Garchomp|[anim]Hypnosis|[miss]\n|-boost|p1a: Xurkitree|spe|1|[zeffect]\n|-miss|p1a: Xurkitree|p2a: Garchomp\n|move|p2a: Garchomp|Stealth Rock|p1a: Xurkitree\n|-sidestart|p1: Ant_Kid-06|move: Stealth Rock\n|\n|upkeep\n|turn|2\n|\n|t:|1700628037\n|move|p1a: Xurkitree|Energy Ball|p2a: Garchomp\n|-damage|p2a: Garchomp|64\/100\n|move|p2a: Garchomp|Swords Dance|p2a: Garchomp\n|-boost|p2a: Garchomp|atk|2\n|\n|upkeep\n|turn|3\n|\n|t:|1700628045\n|move|p1a: Xurkitree|Tail Glow|p1a: Xurkitree\n|-boost|p1a: Xurkitree|spa|3\n|move|p2a: Garchomp|Scale Shot|p1a: Xurkitree\n|-damage|p1a: Xurkitree|71\/100\n|-damage|p1a: Xurkitree|41\/100\n|-damage|p1a: Xurkitree|6\/100\n|-damage|p1a: Xurkitree|0 fnt\n|faint|p1a: Xurkitree\n|-hitcount|p1: Xurkitree|4\n|-unboost|p2a: Garchomp|def|1\n|-boost|p2a: Garchomp|spe|1\n|\n|upkeep\n|\n|t:|1700628049\n|switch|p1a: Glimmora|Glimmora, F|100\/100\n|-damage|p1a: Glimmora|88\/100|[from] Stealth Rock\n|-item|p1a: Glimmora|Air Balloon\n|turn|4\n|\n|t:|1700628064\n|move|p2a: Garchomp|Earthquake|p1a: Glimmora\n|-immune|p1a: Glimmora\n|move|p1a: Glimmora|Toxic|p2a: Garchomp\n|-status|p2a: Garchomp|tox\n|\n|-damage|p2a: Garchomp|57\/100 tox|[from] psn\n|upkeep\n|turn|5\n|\n|t:|1700628072\n|move|p2a: Garchomp|Scale Shot|p1a: Glimmora\n|-damage|p1a: Glimmora|67\/100\n|-activate|p1a: Glimmora|ability: Toxic Debris\n|-sidestart|p2: Alex0kyrotera|move: Toxic Spikes\n|-enditem|p1a: Glimmora|Air Balloon\n|-damage|p1a: Glimmora|44\/100\n|-activate|p1a: Glimmora|ability: Toxic Debris\n|-sidestart|p2: Alex0kyrotera|move: Toxic Spikes\n|-damage|p1a: Glimmora|23\/100\n|-hitcount|p1a: Glimmora|3\n|-unboost|p2a: Garchomp|def|1\n|-boost|p2a: Garchomp|spe|1\n|move|p1a: Glimmora|Stealth Rock|p2a: Garchomp\n|-sidestart|p2: Alex0kyrotera|move: Stealth Rock\n|\n|-damage|p2a: Garchomp|45\/100 tox|[from] psn\n|upkeep\n|turn|6\n|\n|t:|1700628089\n|move|p1a: Glimmora|Protect|p1a: Glimmora\n|-singleturn|p1a: Glimmora|Protect\n|move|p2a: Garchomp|Earthquake|p1a: Glimmora\n|-activate|p1a: Glimmora|move: Protect\n|\n|-damage|p2a: Garchomp|26\/100 tox|[from] psn\n|upkeep\n|turn|7\n|\n|t:|1700628097\n|move|p1a: Glimmora|Protect||[still]\n|-fail|p1a: Glimmora\n|move|p2a: Garchomp|Earthquake|p1a: Glimmora\n|-supereffective|p1a: Glimmora\n|-damage|p1a: Glimmora|0 fnt\n|faint|p1a: Glimmora\n|\n|-damage|p2a: Garchomp|2\/100 tox|[from] psn\n|upkeep\n|\n|t:|1700628107\n|switch|p1a: Sneasler|Sneasler, M|100\/100\n|-damage|p1a: Sneasler|95\/100|[from] Stealth Rock\n|turn|8\n|\n|t:|1700628112\n|switch|p2a: Zapdos|Zapdos|100\/100\n|move|p1a: Sneasler|Dire Claw|p2a: Zapdos\n|-damage|p2a: Zapdos|59\/100\n|-status|p1a: Sneasler|par|[from] ability: Static|[of] p2a: Zapdos\n|\n|upkeep\n|turn|9\n|\n|t:|1700628120\n|move|p2a: Zapdos|Defog|p1a: Sneasler\n|-unboost|p1a: Sneasler|evasion|1\n|-sideend|p1: Ant_Kid-06|Stealth Rock|[from] move: Defog|[of] p2a: Zapdos\n|-sideend|p2: Alex0kyrotera|Toxic Spikes|[from] move: Defog|[of] p2a: Zapdos\n|-sideend|p2: Alex0kyrotera|Stealth Rock|[from] move: Defog|[of] p2a: Zapdos\n|move|p1a: Sneasler|Dire Claw|p2a: Zapdos\n|-damage|p2a: Zapdos|19\/100\n|\n|upkeep\n|turn|10\n|\n|t:|1700628133\n|move|p2a: Zapdos|Volt Switch|p1a: Sneasler\n|-damage|p1a: Sneasler|45\/100 par\n|\n|t:|1700628142\n|switch|p2a: Garchomp|Garchomp, F|2\/100 tox|[from] Volt Switch\n|move|p1a: Sneasler|Dire Claw|p2a: Garchomp\n|-resisted|p2a: Garchomp\n|-damage|p2a: Garchomp|0 fnt\n|-damage|p1a: Sneasler|33\/100 par|[from] ability: Rough Skin|[of] p2a: Garchomp\n|-damage|p1a: Sneasler|16\/100 par|[from] item: Rocky Helmet|[of] p2a: Garchomp\n|faint|p2a: Garchomp\n|\n|upkeep\n|\n|t:|1700628159\n|switch|p2a: Torterra|Torterra, F|100\/100\n|turn|11\n|\n|t:|1700628163\n|move|p2a: Torterra|Shell Smash|p2a: Torterra\n|-unboost|p2a: Torterra|def|1\n|-unboost|p2a: Torterra|spd|1\n|-boost|p2a: Torterra|atk|2\n|-boost|p2a: Torterra|spa|2\n|-boost|p2a: Torterra|spe|2\n|move|p1a: Sneasler|Dire Claw|p2a: Torterra\n|-damage|p2a: Torterra|37\/100\n|-status|p2a: Torterra|psn|[from] ability: Poison Touch|[of] p1a: Sneasler\n|\n|-damage|p2a: Torterra|24\/100 psn|[from] psn\n|upkeep\n|turn|12\n|\n|t:|1700628180\n|switch|p1a: Aerodactyl|Aerodactyl, F|100\/100\n|move|p2a: Torterra|Crunch|p1a: Aerodactyl\n|-damage|p1a: Aerodactyl|13\/100\n|\n|-damage|p2a: Torterra|12\/100 psn|[from] psn\n|upkeep\n|turn|13\n|\n|t:|1700628190\n|detailschange|p1a: Aerodactyl|Aerodactyl-Mega, F\n|-mega|p1a: Aerodactyl|Aerodactyl|Aerodactylite\n|move|p2a: Torterra|Crunch|p1a: Aerodactyl\n|-damage|p1a: Aerodactyl|0 fnt\n|faint|p1a: Aerodactyl\n|\n|-damage|p2a: Torterra|0 fnt|[from] psn\n|faint|p2a: Torterra\n|upkeep\n|\n|t:|1700628201\n|switch|p1a: Sneasler|Sneasler, M|16\/100 par\n|switch|p2a: Grimmsnarl|Grimmsnarl, M|100\/100\n|turn|14\n|\n|t:|1700628209\n|cant|p1a: Sneasler|par\n|move|p2a: Grimmsnarl|Reflect|p2a: Grimmsnarl\n|-sidestart|p2: Alex0kyrotera|Reflect\n|\n|upkeep\n|turn|15\n|\n|t:|1700628217\n|-singleturn|p1a: Sneasler|move: Focus Punch\n|move|p2a: Grimmsnarl|Light Screen|p2a: Grimmsnarl\n|-sidestart|p2: Alex0kyrotera|move: Light Screen\n|move|p1a: Sneasler|Focus Punch|p2a: Grimmsnarl\n|-damage|p2a: Grimmsnarl|49\/100\n|\n|upkeep\n|turn|16\n|\n|t:|1700628230\n|move|p2a: Grimmsnarl|Parting Shot|p1a: Sneasler\n|-unboost|p1a: Sneasler|atk|1\n|-unboost|p1a: Sneasler|spa|1\n|\n|t:|1700628234\n|switch|p2a: Volcarona|Volcarona, F|100\/100|[from] Parting Shot\n|cant|p1a: Sneasler|par\n|\n|upkeep\n|turn|17\n|\n|t:|1700628244\n|move|p2a: Volcarona|Quiver Dance|p2a: Volcarona\n|-boost|p2a: Volcarona|spa|1\n|-boost|p2a: Volcarona|spd|1\n|-boost|p2a: Volcarona|spe|1\n|move|p1a: Sneasler|Dire Claw|p2a: Volcarona\n|-crit|p2a: Volcarona\n|-damage|p2a: Volcarona|25\/100\n|-status|p2a: Volcarona|psn|[from] ability: Poison Touch|[of] p1a: Sneasler\n|\n|-heal|p2a: Volcarona|31\/100 psn|[from] item: Leftovers\n|-damage|p2a: Volcarona|19\/100 psn|[from] psn\n|upkeep\n|turn|18\n|\n|t:|1700628257\n|move|p2a: Volcarona|Giga Drain|p1a: Sneasler\n|-resisted|p1a: Sneasler\n|-damage|p1a: Sneasler|0 fnt\n|-heal|p2a: Volcarona|25\/100 psn|[from] drain|[of] p1a: Sneasler\n|faint|p1a: Sneasler\n|\n|-heal|p2a: Volcarona|31\/100 psn|[from] item: Leftovers\n|-damage|p2a: Volcarona|19\/100 psn|[from] psn\n|-sideend|p2: Alex0kyrotera|Reflect\n|upkeep\n|\n|t:|1700628261\n|switch|p1a: Ogerpon|Ogerpon-Wellspring, F|100\/100\n|turn|19\n|\n|t:|1700628271\n|move|p2a: Volcarona|Giga Drain|p1a: Ogerpon\n|-damage|p1a: Ogerpon|50\/100\n|-heal|p2a: Volcarona|40\/100 psn|[from] drain|[of] p1a: Ogerpon\n|move|p1a: Ogerpon|Ivy Cudgel|p2a: Volcarona|[anim] Ivy Cudgel Water\n|-supereffective|p2a: Volcarona\n|-damage|p2a: Volcarona|0 fnt\n|faint|p2a: Volcarona\n|\n|-sideend|p2: Alex0kyrotera|move: Light Screen\n|upkeep\n|\n|t:|1700628284\n|switch|p2a: Grimmsnarl|Grimmsnarl, M|49\/100\n|turn|20\n|\n|t:|1700628297\n|-terastallize|p1a: Ogerpon|Water\n|detailschange|p1a: Ogerpon|Ogerpon-Wellspring-Tera, F, tera:Water\n|-ability|p1a: Ogerpon|Embody Aspect (Wellspring)|boost\n|-boost|p1a: Ogerpon|spd|1\n|move|p2a: Grimmsnarl|Reflect|p2a: Grimmsnarl\n|-sidestart|p2: Alex0kyrotera|Reflect\n|move|p1a: Ogerpon|Ivy Cudgel|p2a: Grimmsnarl|[anim] Ivy Cudgel Water\n|-damage|p2a: Grimmsnarl|4\/100\n|-enditem|p2a: Grimmsnarl|Aguav Berry|[eat]\n|-heal|p2a: Grimmsnarl|37\/100|[from] item: Aguav Berry\n|\n|upkeep\n|turn|21\n|\n|t:|1700628310\n|move|p2a: Grimmsnarl|Parting Shot|p1a: Ogerpon\n|-unboost|p1a: Ogerpon|atk|1\n|-unboost|p1a: Ogerpon|spa|1\n|\n|t:|1700628316\n|switch|p2a: Ogerpon|Ogerpon-Wellspring, F|100\/100|[from] Parting Shot\n|move|p1a: Ogerpon|Ivy Cudgel|p2a: Ogerpon|[anim] Ivy Cudgel Water\n|-immune|p2a: Ogerpon|[from] ability: Water Absorb\n|\n|upkeep\n|turn|22\n|\n|t:|1700628325\n|move|p1a: Ogerpon|Horn Leech|p2a: Ogerpon\n|-damage|p2a: Ogerpon|81\/100\n|-heal|p1a: Ogerpon|60\/100|[from] drain|[of] p2a: Ogerpon\n|move|p2a: Ogerpon|Wood Hammer|p1a: Ogerpon\n|-supereffective|p1a: Ogerpon\n|-damage|p1a: Ogerpon|0 fnt\n|faint|p1a: Ogerpon\n|-damage|p2a: Ogerpon|61\/100|[from] Recoil\n|\n|upkeep\n|\n|t:|1700628331\n|switch|p1a: Greninja|Greninja, M|100\/100\n|turn|23\n|\n|t:|1700628346\n|move|p1a: Greninja|Ice Beam|p2a: Ogerpon\n|-damage|p2a: Ogerpon|30\/100\n|move|p2a: Ogerpon|Wood Hammer|p1a: Greninja\n|-supereffective|p1a: Greninja\n|-enditem|p1a: Greninja|Focus Sash\n|-damage|p1a: Greninja|1\/100\n|-damage|p2a: Ogerpon|0 fnt|[from] Recoil\n|faint|p2a: Ogerpon\n|\n|upkeep\n|\n|t:|1700628356\n|switch|p2a: Grimmsnarl|Grimmsnarl, M|37\/100\n|turn|24\n|\n|t:|1700628364\n|move|p2a: Grimmsnarl|Parting Shot|p1a: Greninja\n|-hint|Since gen 7, Dark is immune to Prankster moves.\n|-immune|p1a: Greninja\n|move|p1a: Greninja|Surf|p2a: Grimmsnarl\n|-crit|p2a: Grimmsnarl\n|-damage|p2a: Grimmsnarl|0 fnt\n|faint|p2a: Grimmsnarl\n|-ability|p1a: Greninja|Battle Bond|boost\n|-boost|p1a: Greninja|atk|1\n|-boost|p1a: Greninja|spa|1\n|-boost|p1a: Greninja|spe|1\n|-activate|p1a: Greninja|ability: Battle Bond\n|\n|-sideend|p2: Alex0kyrotera|Reflect\n|upkeep\n|\n|t:|1700628377\n|switch|p2a: Zapdos|Zapdos|19\/100\n|turn|25\n|\n|t:|1700628383\n|move|p1a: Greninja|Ice Beam|p2a: Zapdos\n|-supereffective|p2a: Zapdos\n|-damage|p2a: Zapdos|0 fnt\n|faint|p2a: Zapdos\n|\n|win|Ant_Kid-06\n|raw|Ant_Kid-06's rating: 1226 &rarr; <strong>1248<\/strong><br \/>(+22 for winning)\n|raw|Alex0kyrotera's rating: 1181 &rarr; <strong>1159<\/strong><br \/>(-22 for losing)\n","uploadtime":1700628391,"views":0,"p1id":"antkid06","p2id":"alex0kyrotera","formatid":"gen9nationaldex","rating":1159,"private":0,"password":""}