{"id":"gen9nationaldex-1989703227","p1":"Snowtin23","p2":"wassuup","format":"[Gen 9] National Dex","log":"|j|\u2606Snowtin23\n|j|\u2606wassuup\n|t:|1699888398\n|gametype|singles\n|player|p1|Snowtin23|arven-s|1065\n|player|p2|wassuup|2|1058\n|teamsize|p1|6\n|teamsize|p2|6\n|gen|9\n|tier|[Gen 9] National Dex\n|rated|\n|rule|HP Percentage Mod: HP is shown in percentages\n|rule|Endless Battle Clause: Forcing endless battles is banned\n|rule|OHKO Clause: OHKO moves are banned\n|rule|Evasion Clause: Evasion abilities, items, and moves are banned\n|rule|Evasion Abilities Clause: Evasion abilities are banned\n|rule|Evasion Items Clause: Evasion items are banned\n|rule|Evasion Moves Clause: Evasion moves are banned\n|rule|Species Clause: Limit one of each Pok\u00e9mon\n|rule|Sleep Clause Mod: Limit one foe put to sleep\n|clearpoke\n|poke|p1|Samurott, F|\n|poke|p1|Stoutland, M|\n|poke|p1|Archeops, M|\n|poke|p1|Galvantula, M|\n|poke|p1|Chandelure, F|\n|poke|p1|Haxorus, F|\n|poke|p2|Ursaring, F|\n|poke|p2|Dragonite, F|\n|poke|p2|Conkeldurr, M|\n|poke|p2|Politoed, M|\n|poke|p2|Basculegion, M|\n|poke|p2|Hoopa-Unbound|\n|teampreview\n|inactive|Battle timer is ON: inactive players will automatically lose when time's up. (requested by Snowtin23)\n|\n|t:|1699888403\n|start\n|switch|p1a: Ivan|Galvantula, M|100\/100\n|switch|p2a: Dragonite|Dragonite, F|100\/100\n|turn|1\n|\n|t:|1699888414\n|-terastallize|p2a: Dragonite|Normal\n|move|p2a: Dragonite|Extreme Speed|p1a: Ivan\n|-enditem|p1a: Ivan|Focus Sash\n|-damage|p1a: Ivan|1\/100\n|move|p1a: Ivan|Sticky Web|p2a: Dragonite\n|-sidestart|p2: wassuup|move: Sticky Web\n|\n|upkeep\n|turn|2\n|\n|t:|1699888422\n|move|p2a: Dragonite|Extreme Speed|p1a: Ivan\n|-damage|p1a: Ivan|0 fnt\n|faint|p1a: Ivan\n|\n|upkeep\n|\n|t:|1699888428\n|switch|p1a: Phantopera|Chandelure, F|100\/100\n|turn|3\n|\n|t:|1699888437\n|switch|p2a: Ursaring|Ursaring, F|100\/100\n|-activate|p2a: Ursaring|move: Sticky Web\n|-unboost|p2a: Ursaring|spe|1\n|move|p1a: Phantopera|Flamethrower|p2a: Ursaring\n|-damage|p2a: Ursaring|42\/100\n|\n|-status|p2a: Ursaring|tox|[from] item: Toxic Orb\n|upkeep\n|turn|4\n|\n|t:|1699888450\n|move|p1a: Phantopera|Flamethrower|p2a: Ursaring\n|-damage|p2a: Ursaring|0 fnt\n|faint|p2a: Ursaring\n|\n|upkeep\n|\n|t:|1699888455\n|switch|p2a: Politoed|Politoed, M|100\/100\n|-activate|p2a: Politoed|move: Sticky Web\n|-unboost|p2a: Politoed|spe|1\n|-weather|RainDance|[from] ability: Drizzle|[of] p2a: Politoed\n|turn|5\n|\n|t:|1699888463\n|switch|p1a: Finn|Samurott, F|100\/100\n|move|p2a: Politoed|Surf|p1a: Finn\n|-resisted|p1a: Finn\n|-damage|p1a: Finn|68\/100\n|\n|-weather|RainDance|[upkeep]\n|upkeep\n|turn|6\n|\n|t:|1699888473\n|move|p1a: Finn|Knock Off|p2a: Politoed\n|-damage|p2a: Politoed|69\/100\n|-enditem|p2a: Politoed|Mystic Water|[from] move: Knock Off|[of] p1a: Finn\n|move|p2a: Politoed|Psychic|p1a: Finn\n|-damage|p1a: Finn|43\/100\n|\n|-weather|RainDance|[upkeep]\n|upkeep\n|turn|7\n|\n|t:|1699888482\n|move|p1a: Finn|Sacred Sword|p2a: Politoed\n|-damage|p2a: Politoed|41\/100\n|move|p2a: Politoed|Surf|p1a: Finn\n|-resisted|p1a: Finn\n|-damage|p1a: Finn|15\/100\n|\n|-weather|RainDance|[upkeep]\n|upkeep\n|turn|8\n|\n|t:|1699888491\n|move|p1a: Finn|Sacred Sword|p2a: Politoed\n|-crit|p2a: Politoed\n|-damage|p2a: Politoed|0 fnt\n|faint|p2a: Politoed\n|\n|-weather|RainDance|[upkeep]\n|upkeep\n|\n|t:|1699888499\n|switch|p2a: Conkeldurr|Conkeldurr, M|100\/100\n|-activate|p2a: Conkeldurr|move: Sticky Web\n|-unboost|p2a: Conkeldurr|spe|1\n|turn|9\n|\n|t:|1699888505\n|move|p2a: Conkeldurr|Mach Punch|p1a: Finn\n|-damage|p1a: Finn|0 fnt\n|faint|p1a: Finn\n|\n|-weather|none\n|upkeep\n|\n|t:|1699888515\n|switch|p1a: Socks|Archeops, M|100\/100\n|turn|10\n|\n|t:|1699888528\n|move|p2a: Conkeldurr|Mach Punch|p1a: Socks\n|-damage|p1a: Socks|57\/100\n|move|p1a: Socks|Sky Attack||[still]\n|-prepare|p1a: Socks|Sky Attack\n|-enditem|p1a: Socks|Power Herb\n|-anim|p1a: Socks|Sky Attack|p2a: Conkeldurr\n|-supereffective|p2a: Conkeldurr\n|-damage|p2a: Conkeldurr|0 fnt\n|faint|p2a: Conkeldurr\n|\n|upkeep\n|\n|t:|1699888538\n|switch|p2a: Basculegion|Basculegion, M|100\/100\n|-activate|p2a: Basculegion|move: Sticky Web\n|-unboost|p2a: Basculegion|spe|1\n|turn|11\n|\n|t:|1699888545\n|move|p1a: Socks|Acrobatics|p2a: Basculegion\n|-damage|p2a: Basculegion|20\/100\n|move|p2a: Basculegion|Wave Crash|p1a: Socks\n|-supereffective|p1a: Socks\n|-damage|p1a: Socks|0 fnt\n|faint|p1a: Socks\n|-damage|p2a: Basculegion|6\/100|[from] Recoil\n|\n|upkeep\n|\n|t:|1699888554\n|switch|p1a: Wolfgang|Haxorus, F|100\/100\n|-ability|p1a: Wolfgang|Mold Breaker\n|turn|12\n|\n|t:|1699888560\n|move|p1a: Wolfgang|First Impression|p2a: Basculegion\n|-resisted|p2a: Basculegion\n|-crit|p2a: Basculegion\n|-damage|p2a: Basculegion|0 fnt\n|faint|p2a: Basculegion\n|\n|upkeep\n|\n|t:|1699888575\n|switch|p2a: Dragonite|Dragonite, F, tera:Normal|100\/100\n|-activate|p2a: Dragonite|move: Sticky Web\n|-unboost|p2a: Dragonite|spe|1\n|turn|13\n|\n|t:|1699888580\n|switch|p1a: Phantopera|Chandelure, F|100\/100\n|move|p2a: Dragonite|Outrage|p1a: Phantopera\n|-damage|p1a: Phantopera|0 fnt\n|faint|p1a: Phantopera\n|\n|upkeep\n|\n|t:|1699888587\n|switch|p1a: Father Stout|Stoutland, M|100\/100\n|-ability|p1a: Father Stout|Intimidate|boost\n|-unboost|p2a: Dragonite|atk|1\n|turn|14\n|\n|t:|1699888592\n|-terastallize|p1a: Father Stout|Fairy\n|move|p1a: Father Stout|Play Rough|p2a: Dragonite\n|-damage|p2a: Dragonite|78\/100\n|move|p2a: Dragonite|Outrage|p1a: Father Stout|[from]lockedmove\n|-immune|p1a: Father Stout\n|-start|p2a: Dragonite|confusion|[fatigue]\n|\n|upkeep\n|turn|15\n|\n|t:|1699888603\n|-activate|p2a: Dragonite|move: Pursuit\n|move|p1a: Father Stout|Pursuit|p2a: Dragonite|[from]Pursuit\n|-damage|p2a: Dragonite|52\/100\n|switch|p2a: Hoopa|Hoopa-Unbound|100\/100\n|-activate|p2a: Hoopa|move: Sticky Web\n|-unboost|p2a: Hoopa|spe|1\n|\n|upkeep\n|turn|16\n|\n|t:|1699888619\n|move|p1a: Father Stout|Play Rough|p2a: Hoopa\n|-supereffective|p2a: Hoopa\n|-damage|p2a: Hoopa|2\/100\n|move|p2a: Hoopa|Psychic|p1a: Father Stout\n|-damage|p1a: Father Stout|41\/100\n|\n|-heal|p2a: Hoopa|8\/100|[from] item: Leftovers\n|upkeep\n|turn|17\n|\n|t:|1699888630\n|move|p1a: Father Stout|Pursuit|p2a: Hoopa\n|-damage|p2a: Hoopa|0 fnt\n|faint|p2a: Hoopa\n|\n|upkeep\n|\n|t:|1699888636\n|switch|p2a: Dragonite|Dragonite, F, tera:Normal|52\/100\n|-activate|p2a: Dragonite|move: Sticky Web\n|-unboost|p2a: Dragonite|spe|1\n|turn|18\n|\n|t:|1699888643\n|move|p2a: Dragonite|Extreme Speed|p1a: Father Stout\n|-damage|p1a: Father Stout|0 fnt\n|faint|p1a: Father Stout\n|\n|upkeep\n|\n|t:|1699888648\n|switch|p1a: Wolfgang|Haxorus, F|100\/100\n|-ability|p1a: Wolfgang|Mold Breaker\n|turn|19\n|\n|t:|1699888653\n|move|p1a: Wolfgang|First Impression|p2a: Dragonite\n|-damage|p2a: Dragonite|19\/100\n|move|p2a: Dragonite|Extreme Speed|p1a: Wolfgang\n|-damage|p1a: Wolfgang|14\/100\n|\n|upkeep\n|turn|20\n|\n|t:|1699888661\n|move|p2a: Dragonite|Extreme Speed|p1a: Wolfgang\n|-damage|p1a: Wolfgang|0 fnt\n|faint|p1a: Wolfgang\n|\n|win|wassuup\n|raw|Snowtin23's rating: 1065 &rarr; <strong>1045<\/strong><br \/>(-20 for losing)\n|raw|wassuup's rating: 1058 &rarr; <strong>1090<\/strong><br \/>(+32 for winning)\n|c|\u2606Snowtin23|ggs\n","uploadtime":1699888668,"views":4,"p1id":"snowtin23","p2id":"wassuup","formatid":"gen9nationaldex","rating":1045,"private":0,"password":""}