{"id":"gen9nationaldex-1989251651","p1":"Aceinc1026","p2":"KyosukeKamijou","format":"[Gen 9] National Dex","log":"|j|\u2606Aceinc1026\n|j|\u2606KyosukeKamijou\n|t:|1699828169\n|gametype|singles\n|player|p1|Aceinc1026|ninjaboy|1191\n|player|p2|KyosukeKamijou|ghetsis|1157\n|teamsize|p1|6\n|teamsize|p2|6\n|gen|9\n|tier|[Gen 9] National Dex\n|rated|\n|rule|HP Percentage Mod: HP is shown in percentages\n|rule|Endless Battle Clause: Forcing endless battles is banned\n|rule|OHKO Clause: OHKO moves are banned\n|rule|Evasion Clause: Evasion abilities, items, and moves are banned\n|rule|Evasion Abilities Clause: Evasion abilities are banned\n|rule|Evasion Items Clause: Evasion items are banned\n|rule|Evasion Moves Clause: Evasion moves are banned\n|rule|Species Clause: Limit one of each Pok\u00e9mon\n|rule|Sleep Clause Mod: Limit one foe put to sleep\n|clearpoke\n|poke|p1|Silvally-*|\n|poke|p1|Appletun, M|\n|poke|p1|Minior|\n|poke|p1|Aegislash, M|\n|poke|p1|Togedemaru, M|\n|poke|p1|Necrozma|\n|poke|p2|Kommo-o, M|\n|poke|p2|Great Tusk|\n|poke|p2|Ogerpon-Cornerstone, F|\n|poke|p2|Charizard, M|\n|poke|p2|Greninja-*, M|\n|poke|p2|Volcarona, F|\n|teampreview\n|inactive|Battle timer is ON: inactive players will automatically lose when time's up. (requested by Aceinc1026)\n|\n|t:|1699828179\n|start\n|switch|p1a: Red Core Minior|Minior|100\/100\n|switch|p2a: Change Dragon|Charizard, M|100\/100\n|-formechange|p1a: Red Core Minior|Minior-Meteor||[from] ability: Shields Down\n|turn|1\n|\n|t:|1699828188\n|switch|p2a: Onisister|Ogerpon-Cornerstone, F|100\/100\n|move|p1a: Red Core Minior|Stealth Rock|p2a: Onisister\n|-sidestart|p2: KyosukeKamijou|move: Stealth Rock\n|\n|upkeep\n|turn|2\n|\n|t:|1699828196\n|move|p2a: Onisister|Leech Seed|p1a: Red Core Minior|[miss]\n|-miss|p2a: Onisister|p1a: Red Core Minior\n|move|p1a: Red Core Minior|Acrobatics|p2a: Onisister\n|-damage|p2a: Onisister|81\/100\n|\n|upkeep\n|turn|3\n|\n|t:|1699828213\n|switch|p1a: Fighting Silvally|Silvally-Fighting|100\/100\n|move|p2a: Onisister|Spiky Shield||[still]\n|-fail|p2a: Onisister\n|\n|upkeep\n|turn|4\n|\n|t:|1699828221\n|switch|p2a: PapillonOhger|Volcarona, F, shiny|100\/100\n|move|p1a: Fighting Silvally|Multi-Attack|p2a: PapillonOhger\n|-resisted|p2a: PapillonOhger\n|-damage|p2a: PapillonOhger|59\/100\n|\n|upkeep\n|turn|5\n|\n|t:|1699828234\n|move|p2a: PapillonOhger|Quiver Dance|p2a: PapillonOhger\n|-boost|p2a: PapillonOhger|spa|1\n|-boost|p2a: PapillonOhger|spd|1\n|-boost|p2a: PapillonOhger|spe|1\n|move|p1a: Fighting Silvally|Thunderbolt|p2a: PapillonOhger\n|-damage|p2a: PapillonOhger|42\/100\n|\n|upkeep\n|turn|6\n|\n|t:|1699828243\n|move|p2a: PapillonOhger|Flamethrower|p1a: Fighting Silvally\n|-crit|p1a: Fighting Silvally\n|-damage|p1a: Fighting Silvally|0 fnt\n|faint|p1a: Fighting Silvally\n|\n|upkeep\n|\n|t:|1699828254\n|switch|p1a: Red Core Minior|Minior|100\/100\n|-formechange|p1a: Red Core Minior|Minior-Meteor||[from] ability: Shields Down\n|turn|7\n|\n|t:|1699828261\n|move|p2a: PapillonOhger|Giga Drain|p1a: Red Core Minior\n|-damage|p1a: Red Core Minior|45\/100\n|-heal|p2a: PapillonOhger|65\/100|[from] drain|[of] p1a: Red Core Minior\n|move|p1a: Red Core Minior|Ancient Power|p2a: PapillonOhger\n|-supereffective|p2a: PapillonOhger\n|-damage|p2a: PapillonOhger|10\/100\n|-boost|p1a: Red Core Minior|atk|1\n|-boost|p1a: Red Core Minior|def|1\n|-boost|p1a: Red Core Minior|spa|1\n|-boost|p1a: Red Core Minior|spd|1\n|-boost|p1a: Red Core Minior|spe|1\n|\n|-formechange|p1a: Red Core Minior|Minior||[from] ability: Shields Down\n|upkeep\n|turn|8\n|\n|t:|1699828273\n|move|p2a: PapillonOhger|Giga Drain|p1a: Red Core Minior\n|-damage|p1a: Red Core Minior|0 fnt\n|-heal|p2a: PapillonOhger|28\/100|[from] drain|[of] p1a: Red Core Minior\n|faint|p1a: Red Core Minior\n|\n|upkeep\n|\n|t:|1699828282\n|switch|p1a: Togedemaru|Togedemaru, M|100\/100\n|turn|9\n|\n|t:|1699828286\n|move|p1a: Togedemaru|Fake Out|p2a: PapillonOhger\n|-damage|p2a: PapillonOhger|9\/100\n|-status|p1a: Togedemaru|brn|[from] ability: Flame Body|[of] p2a: PapillonOhger\n|cant|p2a: PapillonOhger|flinch\n|\n|-damage|p1a: Togedemaru|94\/100 brn|[from] brn\n|upkeep\n|turn|10\n|\n|t:|1699828296\n|move|p2a: PapillonOhger|Flamethrower|p1a: Togedemaru\n|-supereffective|p1a: Togedemaru\n|-damage|p1a: Togedemaru|0 fnt\n|faint|p1a: Togedemaru\n|\n|upkeep\n|\n|t:|1699828302\n|switch|p1a: GigantamaxAppletun|Appletun, M|100\/100\n|turn|11\n|\n|t:|1699828308\n|move|p2a: PapillonOhger|Flamethrower|p1a: GigantamaxAppletun\n|-damage|p1a: GigantamaxAppletun|78\/100\n|move|p1a: GigantamaxAppletun|Apple Acid|p2a: PapillonOhger\n|-resisted|p2a: PapillonOhger\n|-damage|p2a: PapillonOhger|2\/100\n|-unboost|p2a: PapillonOhger|spd|1\n|\n|upkeep\n|turn|12\n|\n|t:|1699828319\n|move|p2a: PapillonOhger|Bug Buzz|p1a: GigantamaxAppletun\n|-supereffective|p1a: GigantamaxAppletun\n|-damage|p1a: GigantamaxAppletun|0 fnt\n|faint|p1a: GigantamaxAppletun\n|\n|upkeep\n|\n|t:|1699828327\n|switch|p1a: Necrozma|Necrozma|100\/100\n|turn|13\n|\n|t:|1699828337\n|move|p2a: PapillonOhger|Bug Buzz|p1a: Necrozma\n|-supereffective|p1a: Necrozma\n|-damage|p1a: Necrozma|0 fnt\n|faint|p1a: Necrozma\n|\n|upkeep\n|\n|t:|1699828345\n|switch|p1a: Blade Aegislash|Aegislash, M|100\/100\n|turn|14\n|\n|t:|1699828350\n|-formechange|p1a: Blade Aegislash|Aegislash-Blade||[from] ability: Stance Change\n|move|p1a: Blade Aegislash|Shadow Sneak|p2a: PapillonOhger\n|-damage|p2a: PapillonOhger|0 fnt\n|-status|p1a: Blade Aegislash|brn|[from] ability: Flame Body|[of] p2a: PapillonOhger\n|faint|p2a: PapillonOhger\n|\n|-damage|p1a: Blade Aegislash|94\/100 brn|[from] brn\n|upkeep\n|\n|t:|1699828362\n|switch|p2a: Ryuranger|Kommo-o, M|100\/100\n|-damage|p2a: Ryuranger|94\/100|[from] Stealth Rock\n|turn|15\n|\n|t:|1699828377\n|-zpower|p2a: Ryuranger\n|move|p2a: Ryuranger|Clangorous Soulblaze|p1a: Blade Aegislash|[zeffect]\n|-resisted|p1a: Blade Aegislash\n|-damage|p1a: Blade Aegislash|0 fnt\n|faint|p1a: Blade Aegislash\n|\n|win|KyosukeKamijou\n|raw|Aceinc1026's rating: 1191 &rarr; <strong>1164<\/strong><br \/>(-27 for losing)\n|raw|KyosukeKamijou's rating: 1157 &rarr; <strong>1184<\/strong><br \/>(+27 for winning)\n","uploadtime":1699828387,"views":6,"p1id":"aceinc1026","p2id":"kyosukekamijou","formatid":"gen9nationaldex","rating":1164,"private":0,"password":""}