{"id":"gen9nationaldex-1991641092","p1":"Man02","p2":"kezzybear","format":"[Gen 9] National Dex","log":"|j|\u2606Man02\n|j|\u2606kezzybear\n|t:|1700097410\n|gametype|singles\n|player|p1|Man02|brycenman|1350\n|player|p2|kezzybear|101|1375\n|teamsize|p1|6\n|teamsize|p2|6\n|gen|9\n|tier|[Gen 9] National Dex\n|rated|\n|rule|HP Percentage Mod: HP is shown in percentages\n|rule|Endless Battle Clause: Forcing endless battles is banned\n|rule|OHKO Clause: OHKO moves are banned\n|rule|Evasion Clause: Evasion abilities, items, and moves are banned\n|rule|Evasion Abilities Clause: Evasion abilities are banned\n|rule|Evasion Items Clause: Evasion items are banned\n|rule|Evasion Moves Clause: Evasion moves are banned\n|rule|Species Clause: Limit one of each Pok\u00e9mon\n|rule|Sleep Clause Mod: Limit one foe put to sleep\n|clearpoke\n|poke|p1|Hawlucha, M|\n|poke|p1|Gliscor, M|\n|poke|p1|Landorus-Therian, M|\n|poke|p1|Thundurus-Therian, M|\n|poke|p1|Enamorus, F|\n|poke|p1|Celesteela|\n|poke|p2|Blaziken, M|\n|poke|p2|Glimmora, M|\n|poke|p2|Garganacl, M|\n|poke|p2|Urshifu-*, F|\n|poke|p2|Medicham, F|\n|poke|p2|Dragonite, F|\n|teampreview\n|inactive|Battle timer is ON: inactive players will automatically lose when time's up. (requested by kezzybear)\n|inactive|Man02 also wants the timer to be on.\n|inactive|Man02 has 120 seconds left.\n|c|\u2606kezzybear|Come on piggy it's 1:17\n|c|\u2606kezzybear|Hurry up\n|inactive|Man02 has 90 seconds left.\n|n|!kezzybear|kezzybear\n|\n|t:|1700097496\n|start\n|switch|p1a: Enamorus|Enamorus, F|100\/100\n|switch|p2a: Medicham|Medicham, F|100\/100\n|turn|1\n|\n|t:|1700097502\n|detailschange|p2a: Medicham|Medicham-Mega, F\n|-mega|p2a: Medicham|Medicham|Medichamite\n|move|p2a: Medicham|Fake Out|p1a: Enamorus\n|-damage|p1a: Enamorus|62\/100\n|cant|p1a: Enamorus|flinch\n|\n|upkeep\n|turn|2\n|\n|t:|1700097510\n|move|p2a: Medicham|Bullet Punch|p1a: Enamorus\n|-supereffective|p1a: Enamorus\n|-damage|p1a: Enamorus|0 fnt\n|faint|p1a: Enamorus\n|\n|upkeep\n|\n|t:|1700097520\n|switch|p1a: Landorus|Landorus-Therian, M|100\/100\n|-ability|p1a: Landorus|Intimidate|boost\n|-unboost|p2a: Medicham|atk|1\n|turn|3\n|\n|t:|1700097526\n|switch|p2a: Garganacl|Garganacl, M|100\/100\n|move|p1a: Landorus|Knock Off|p2a: Garganacl\n|-damage|p2a: Garganacl|81\/100\n|-enditem|p2a: Garganacl|Leftovers|[from] move: Knock Off|[of] p1a: Landorus\n|\n|upkeep\n|turn|4\n|\n|t:|1700097540\n|-terastallize|p2a: Garganacl|Fairy\n|move|p1a: Landorus|Earthquake|p2a: Garganacl\n|-damage|p2a: Garganacl|52\/100\n|move|p2a: Garganacl|Iron Defense|p2a: Garganacl\n|-boost|p2a: Garganacl|def|2\n|\n|upkeep\n|turn|5\n|\n|t:|1700097547\n|switch|p1a: Celesteela|Celesteela|100\/100\n|move|p2a: Garganacl|Salt Cure|p1a: Celesteela\n|-damage|p1a: Celesteela|91\/100\n|-start|p1a: Celesteela|Salt Cure\n|\n|-heal|p1a: Celesteela|97\/100|[from] item: Leftovers\n|-damage|p1a: Celesteela|72\/100|[from] Salt Cure\n|upkeep\n|turn|6\n|\n|t:|1700097560\n|switch|p2a: Urshifu|Urshifu-Rapid-Strike, F|100\/100\n|move|p1a: Celesteela|Leech Seed|p2a: Urshifu\n|-start|p2a: Urshifu|move: Leech Seed\n|\n|-heal|p1a: Celesteela|78\/100|[from] item: Leftovers\n|-damage|p2a: Urshifu|88\/100|[from] Leech Seed|[of] p1a: Celesteela\n|-heal|p1a: Celesteela|89\/100|[silent]\n|-damage|p1a: Celesteela|64\/100|[from] Salt Cure\n|upkeep\n|turn|7\n|\n|t:|1700097574\n|switch|p1a: Hawlucha|Hawlucha, M|100\/100\n|move|p2a: Urshifu|Close Combat|p1a: Hawlucha\n|-resisted|p1a: Hawlucha\n|-damage|p1a: Hawlucha|37\/100\n|-unboost|p2a: Urshifu|def|1\n|-unboost|p2a: Urshifu|spd|1\n|\n|-damage|p2a: Urshifu|76\/100|[from] Leech Seed|[of] p1a: Hawlucha\n|-heal|p1a: Hawlucha|51\/100|[silent]\n|upkeep\n|turn|8\n|\n|t:|1700097580\n|switch|p2a: Glimmora|Glimmora, M|100\/100\n|move|p1a: Hawlucha|Swords Dance|p1a: Hawlucha\n|-boost|p1a: Hawlucha|atk|2\n|\n|upkeep\n|turn|9\n|\n|t:|1700097585\n|move|p1a: Hawlucha|Close Combat|p2a: Glimmora\n|-enditem|p2a: Glimmora|Focus Sash\n|-damage|p2a: Glimmora|1\/100\n|-unboost|p1a: Hawlucha|def|1\n|-unboost|p1a: Hawlucha|spd|1\n|-activate|p2a: Glimmora|ability: Toxic Debris\n|-sidestart|p1: Man02|move: Toxic Spikes\n|-enditem|p1a: Hawlucha|White Herb\n|-clearnegativeboost|p1a: Hawlucha|[silent]\n|move|p2a: Glimmora|Stealth Rock|p1a: Hawlucha\n|-sidestart|p1: Man02|move: Stealth Rock\n|\n|upkeep\n|turn|10\n|\n|t:|1700097594\n|move|p1a: Hawlucha|Acrobatics|p2a: Glimmora\n|-resisted|p2a: Glimmora\n|-damage|p2a: Glimmora|0 fnt\n|-activate|p2a: Glimmora|ability: Toxic Debris\n|-sidestart|p1: Man02|move: Toxic Spikes\n|faint|p2a: Glimmora\n|\n|upkeep\n|\n|t:|1700097601\n|switch|p2a: Medicham|Medicham-Mega, F|100\/100\n|turn|11\n|\n|t:|1700097619\n|move|p2a: Medicham|Fake Out|p1a: Hawlucha\n|-damage|p1a: Hawlucha|16\/100\n|cant|p1a: Hawlucha|flinch\n|\n|upkeep\n|turn|12\n|\n|t:|1700097624\n|switch|p1a: Gliscor|Gliscor, M|100\/100\n|-damage|p1a: Gliscor|88\/100|[from] Stealth Rock\n|move|p2a: Medicham|Bullet Punch|p1a: Gliscor\n|-damage|p1a: Gliscor|69\/100\n|\n|-status|p1a: Gliscor|tox|[from] item: Toxic Orb\n|upkeep\n|turn|13\n|\n|t:|1700097628\n|move|p2a: Medicham|Zen Headbutt|p1a: Gliscor|[miss]\n|-miss|p2a: Medicham|p1a: Gliscor\n|move|p1a: Gliscor|Defog|p2a: Medicham\n|-unboost|p2a: Medicham|evasion|1\n|-sideend|p1: Man02|Toxic Spikes|[from] move: Defog|[of] p1a: Gliscor\n|-sideend|p1: Man02|Stealth Rock|[from] move: Defog|[of] p1a: Gliscor\n|\n|-heal|p1a: Gliscor|82\/100 tox|[from] ability: Poison Heal\n|upkeep\n|turn|14\n|\n|t:|1700097642\n|switch|p2a: Urshifu|Urshifu-Rapid-Strike, F|76\/100\n|switch|p1a: Landorus|Landorus-Therian, M|100\/100\n|-ability|p1a: Landorus|Intimidate|boost\n|-unboost|p2a: Urshifu|atk|1\n|\n|upkeep\n|turn|15\n|\n|t:|1700097659\n|-terastallize|p1a: Landorus|Water\n|move|p2a: Urshifu|Surging Strikes|p1a: Landorus\n|-resisted|p1a: Landorus\n|-crit|p1a: Landorus\n|-damage|p1a: Landorus|86\/100\n|-damage|p2a: Urshifu|59\/100|[from] item: Rocky Helmet|[of] p1a: Landorus\n|-resisted|p1a: Landorus\n|-crit|p1a: Landorus\n|-damage|p1a: Landorus|70\/100\n|-damage|p2a: Urshifu|43\/100|[from] item: Rocky Helmet|[of] p1a: Landorus\n|-resisted|p1a: Landorus\n|-crit|p1a: Landorus\n|-damage|p1a: Landorus|54\/100\n|-damage|p2a: Urshifu|27\/100|[from] item: Rocky Helmet|[of] p1a: Landorus\n|-hitcount|p1a: Landorus|3\n|move|p1a: Landorus|Knock Off|p2a: Urshifu\n|-resisted|p2a: Urshifu\n|-damage|p2a: Urshifu|12\/100\n|-enditem|p2a: Urshifu|Choice Band|[from] move: Knock Off|[of] p1a: Landorus\n|\n|upkeep\n|turn|16\n|\n|t:|1700097669\n|move|p2a: Urshifu|Close Combat|p1a: Landorus\n|-damage|p1a: Landorus|14\/100\n|-unboost|p2a: Urshifu|def|1\n|-unboost|p2a: Urshifu|spd|1\n|-damage|p2a: Urshifu|0 fnt|[from] item: Rocky Helmet|[of] p1a: Landorus\n|faint|p2a: Urshifu\n|move|p1a: Landorus|Earthquake|p2: Urshifu|[notarget]\n|-fail|p1a: Landorus\n|\n|upkeep\n|\n|t:|1700097674\n|switch|p2a: Medicham|Medicham-Mega, F|100\/100\n|turn|17\n|\n|t:|1700097687\n|switch|p1a: Celesteela|Celesteela|64\/100\n|move|p2a: Medicham|Fake Out|p1a: Celesteela\n|-resisted|p1a: Celesteela\n|-damage|p1a: Celesteela|57\/100\n|\n|-heal|p1a: Celesteela|63\/100|[from] item: Leftovers\n|upkeep\n|turn|18\n|\n|t:|1700097691\n|move|p2a: Medicham|Close Combat|p1a: Celesteela\n|-damage|p1a: Celesteela|6\/100\n|-unboost|p2a: Medicham|def|1\n|-unboost|p2a: Medicham|spd|1\n|move|p1a: Celesteela|Leech Seed|p2a: Medicham\n|-start|p2a: Medicham|move: Leech Seed\n|\n|-heal|p1a: Celesteela|12\/100|[from] item: Leftovers\n|-damage|p2a: Medicham|88\/100|[from] Leech Seed|[of] p1a: Celesteela\n|-heal|p1a: Celesteela|20\/100|[silent]\n|upkeep\n|turn|19\n|\n|t:|1700097695\n|move|p1a: Celesteela|Protect|p1a: Celesteela\n|-singleturn|p1a: Celesteela|Protect\n|move|p2a: Medicham|Close Combat|p1a: Celesteela\n|-activate|p1a: Celesteela|move: Protect\n|\n|-heal|p1a: Celesteela|26\/100|[from] item: Leftovers\n|-damage|p2a: Medicham|76\/100|[from] Leech Seed|[of] p1a: Celesteela\n|-heal|p1a: Celesteela|34\/100|[silent]\n|upkeep\n|turn|20\n|\n|t:|1700097699\n|switch|p1a: Gliscor|Gliscor, M|82\/100 tox\n|move|p2a: Medicham|Close Combat|p1a: Gliscor\n|-resisted|p1a: Gliscor\n|-damage|p1a: Gliscor|43\/100 tox\n|-unboost|p2a: Medicham|def|1\n|-unboost|p2a: Medicham|spd|1\n|\n|-damage|p2a: Medicham|64\/100|[from] Leech Seed|[of] p1a: Gliscor\n|-heal|p1a: Gliscor|52\/100 tox|[silent]\n|-heal|p1a: Gliscor|65\/100 tox|[from] ability: Poison Heal\n|upkeep\n|turn|21\n|\n|t:|1700097704\n|switch|p2a: Garganacl|Garganacl, M, tera:Fairy|52\/100\n|move|p1a: Gliscor|Spikes|p2a: Garganacl\n|-sidestart|p2: kezzybear|Spikes\n|\n|-heal|p1a: Gliscor|77\/100 tox|[from] ability: Poison Heal\n|upkeep\n|turn|22\n|\n|t:|1700097711\n|switch|p1a: Hawlucha|Hawlucha, M|16\/100\n|move|p2a: Garganacl|Recover|p2a: Garganacl\n|-heal|p2a: Garganacl|100\/100\n|\n|upkeep\n|turn|23\n|\n|t:|1700097716\n|move|p1a: Hawlucha|Acrobatics|p2a: Garganacl\n|-damage|p2a: Garganacl|65\/100\n|move|p2a: Garganacl|Iron Defense|p2a: Garganacl\n|-boost|p2a: Garganacl|def|2\n|\n|upkeep\n|turn|24\n|\n|t:|1700097720\n|move|p1a: Hawlucha|Acrobatics|p2a: Garganacl\n|-damage|p2a: Garganacl|49\/100\n|move|p2a: Garganacl|Salt Cure|p1a: Hawlucha\n|-damage|p1a: Hawlucha|0 fnt\n|faint|p1a: Hawlucha\n|\n|upkeep\n|\n|t:|1700097723\n|switch|p1a: Thundurus|Thundurus-Therian, M|100\/100\n|turn|25\n|\n|t:|1700097729\n|move|p1a: Thundurus|Thunderbolt|p2a: Garganacl\n|-damage|p2a: Garganacl|9\/100\n|-damage|p1a: Thundurus|91\/100|[from] item: Life Orb\n|move|p2a: Garganacl|Salt Cure|p1a: Thundurus\n|-supereffective|p1a: Thundurus\n|-damage|p1a: Thundurus|41\/100\n|-start|p1a: Thundurus|Salt Cure\n|\n|-damage|p1a: Thundurus|28\/100|[from] Salt Cure\n|upkeep\n|turn|26\n|\n|t:|1700097736\n|move|p1a: Thundurus|Volt Switch|p2a: Garganacl\n|-damage|p2a: Garganacl|0 fnt\n|faint|p2a: Garganacl\n|-damage|p1a: Thundurus|19\/100|[from] item: Life Orb\n|\n|t:|1700097741\n|switch|p1a: Gliscor|Gliscor, M|77\/100 tox|[from] Volt Switch\n|\n|-heal|p1a: Gliscor|90\/100 tox|[from] ability: Poison Heal\n|upkeep\n|\n|t:|1700097749\n|switch|p2a: Medicham|Medicham-Mega, F|64\/100\n|-damage|p2a: Medicham|51\/100|[from] Spikes\n|turn|27\n|\n|t:|1700097770\n|move|p2a: Medicham|Fake Out|p1a: Gliscor\n|-damage|p1a: Gliscor|70\/100 tox\n|cant|p1a: Gliscor|flinch\n|\n|-heal|p1a: Gliscor|82\/100 tox|[from] ability: Poison Heal\n|upkeep\n|turn|28\n|\n|t:|1700097773\n|move|p2a: Medicham|Zen Headbutt|p1a: Gliscor\n|-damage|p1a: Gliscor|30\/100 tox\n|move|p1a: Gliscor|Roost|p1a: Gliscor\n|-heal|p1a: Gliscor|80\/100 tox\n|-singleturn|p1a: Gliscor|move: Roost\n|\n|-heal|p1a: Gliscor|93\/100 tox|[from] ability: Poison Heal\n|upkeep\n|turn|29\n|\n|t:|1700097778\n|move|p2a: Medicham|Zen Headbutt|p1a: Gliscor\n|-damage|p1a: Gliscor|36\/100 tox\n|move|p1a: Gliscor|Roost|p1a: Gliscor\n|-heal|p1a: Gliscor|86\/100 tox\n|-singleturn|p1a: Gliscor|move: Roost\n|\n|-heal|p1a: Gliscor|99\/100 tox|[from] ability: Poison Heal\n|upkeep\n|turn|30\n|\n|t:|1700097784\n|move|p2a: Medicham|Zen Headbutt|p1a: Gliscor\n|-damage|p1a: Gliscor|38\/100 tox\n|move|p1a: Gliscor|Earthquake|p2a: Medicham\n|-damage|p2a: Medicham|0 fnt\n|faint|p2a: Medicham\n|\n|-heal|p1a: Gliscor|51\/100 tox|[from] ability: Poison Heal\n|upkeep\n|\n|t:|1700097792\n|switch|p2a: Blaziken|Blaziken, M|100\/100\n|-damage|p2a: Blaziken|88\/100|[from] Spikes\n|turn|31\n|\n|t:|1700097796\n|move|p2a: Blaziken|Flare Blitz|p1a: Gliscor\n|-damage|p1a: Gliscor|0 fnt\n|faint|p1a: Gliscor\n|-damage|p2a: Blaziken|69\/100|[from] Recoil\n|-damage|p2a: Blaziken|59\/100|[from] item: Life Orb\n|\n|-ability|p2a: Blaziken|Speed Boost|boost\n|-boost|p2a: Blaziken|spe|1\n|upkeep\n|\n|t:|1700097801\n|switch|p1a: Landorus|Landorus-Therian, M, tera:Water|14\/100\n|-ability|p1a: Landorus|Intimidate|boost\n|-unboost|p2a: Blaziken|atk|1\n|turn|32\n|\n|t:|1700097805\n|move|p2a: Blaziken|Close Combat|p1a: Landorus\n|-damage|p1a: Landorus|0 fnt\n|-unboost|p2a: Blaziken|def|1\n|-unboost|p2a: Blaziken|spd|1\n|-damage|p2a: Blaziken|42\/100|[from] item: Rocky Helmet|[of] p1a: Landorus\n|faint|p1a: Landorus\n|-damage|p2a: Blaziken|32\/100|[from] item: Life Orb\n|\n|-ability|p2a: Blaziken|Speed Boost|boost\n|-boost|p2a: Blaziken|spe|1\n|upkeep\n|\n|t:|1700097812\n|switch|p1a: Celesteela|Celesteela|34\/100\n|turn|33\n|\n|t:|1700097816\n|move|p1a: Celesteela|Protect|p1a: Celesteela\n|-singleturn|p1a: Celesteela|Protect\n|move|p2a: Blaziken|Flare Blitz|p1a: Celesteela\n|-activate|p1a: Celesteela|move: Protect\n|\n|-heal|p1a: Celesteela|40\/100|[from] item: Leftovers\n|-ability|p2a: Blaziken|Speed Boost|boost\n|-boost|p2a: Blaziken|spe|1\n|upkeep\n|turn|34\n|\n|t:|1700097821\n|move|p2a: Blaziken|Flare Blitz|p1a: Celesteela\n|-supereffective|p1a: Celesteela\n|-damage|p1a: Celesteela|0 fnt\n|faint|p1a: Celesteela\n|-damage|p2a: Blaziken|15\/100|[from] Recoil\n|-damage|p2a: Blaziken|5\/100|[from] item: Life Orb\n|\n|-ability|p2a: Blaziken|Speed Boost|boost\n|-boost|p2a: Blaziken|spe|1\n|upkeep\n|\n|t:|1700097823\n|switch|p1a: Thundurus|Thundurus-Therian, M|19\/100\n|turn|35\n|\n|t:|1700097826\n|move|p2a: Blaziken|Flare Blitz|p1a: Thundurus\n|-damage|p1a: Thundurus|0 fnt\n|faint|p1a: Thundurus\n|-damage|p2a: Blaziken|0 fnt|[from] Recoil\n|faint|p2a: Blaziken\n|\n|win|kezzybear\n|raw|Man02's rating: 1350 &rarr; <strong>1331<\/strong><br \/>(-19 for losing)\n|raw|kezzybear's rating: 1375 &rarr; <strong>1394<\/strong><br \/>(+19 for winning)\n","uploadtime":1700097484,"views":5,"p1id":"man02","p2id":"kezzybear","formatid":"gen9nationaldex","rating":1331,"private":0,"password":""}