{"id":"gen9nationaldex-1996234430","p1":"Morax_233","p2":"tiucfs\u6446\u70c2\u7248","format":"[Gen 9] National Dex","log":"|html|<div class=\"broadcast-blue\"><strong>[Gen 9] National Dex is currently suspecting Sneasler! For information on how to participate check out the <a href=\"https:\/\/www.smogon.com\/forums\/threads\/sv-national-dex-suspect-8-just-dance.3731534\/\">suspect thread<\/a>.<\/strong><\/div>\n|j|\u2606Morax_233\n|j|\u2606tiucfs\u6446\u70c2\u7248\n|t:|1700662314\n|gametype|singles\n|player|p1|Morax_233|steven|1341\n|player|p2|tiucfs\u6446\u70c2\u7248|emmet|1297\n|teamsize|p1|6\n|teamsize|p2|6\n|gen|9\n|tier|[Gen 9] National Dex\n|rated|\n|rule|HP Percentage Mod: HP is shown in percentages\n|rule|Endless Battle Clause: Forcing endless battles is banned\n|rule|OHKO Clause: OHKO moves are banned\n|rule|Evasion Clause: Evasion abilities, items, and moves are banned\n|rule|Evasion Abilities Clause: Evasion abilities are banned\n|rule|Evasion Items Clause: Evasion items are banned\n|rule|Evasion Moves Clause: Evasion moves are banned\n|rule|Species Clause: Limit one of each Pok\u00e9mon\n|rule|Sleep Clause Mod: Limit one foe put to sleep\n|clearpoke\n|poke|p1|Metagross|\n|poke|p1|Ninetales-Alola, M|\n|poke|p1|Ferrothorn, M|\n|poke|p1|Pelipper, F|\n|poke|p1|Greninja-*, M|\n|poke|p1|Tapu Lele|\n|poke|p2|Tapu Lele|\n|poke|p2|Dragonite, F|\n|poke|p2|Garchomp, M|\n|poke|p2|Pidgeot, M|\n|poke|p2|Rillaboom, M|\n|poke|p2|Glimmora, M|\n|teampreview\n|\n|t:|1700662327\n|start\n|switch|p1a: Ninetales|Ninetales-Alola, M|100\/100\n|switch|p2a: Pidgeot|Pidgeot, M|100\/100\n|-weather|Snow|[from] ability: Snow Warning|[of] p1a: Ninetales\n|turn|1\n|inactive|Battle timer is ON: inactive players will automatically lose when time's up. (requested by tiucfs\u6446\u70c2\u7248)\n|\n|t:|1700662347\n|detailschange|p2a: Pidgeot|Pidgeot-Mega, M\n|-mega|p2a: Pidgeot|Pidgeot|Pidgeotite\n|move|p2a: Pidgeot|Hidden Power|p1a: Ninetales\n|-supereffective|p1a: Ninetales\n|-damage|p1a: Ninetales|14\/100\n|move|p1a: Ninetales|Aurora Veil|p1a: Ninetales\n|-sidestart|p1: Morax_233|move: Aurora Veil\n|\n|-weather|Snow|[upkeep]\n|upkeep\n|turn|2\n|\n|t:|1700662369\n|switch|p1a: Greninja|Greninja, M|100\/100\n|move|p2a: Pidgeot|Heat Wave|p1a: Greninja\n|-resisted|p1a: Greninja\n|-damage|p1a: Greninja|87\/100\n|\n|-weather|Snow|[upkeep]\n|upkeep\n|turn|3\n|\n|t:|1700662393\n|move|p1a: Greninja|Ice Beam|p2a: Pidgeot\n|-supereffective|p2a: Pidgeot\n|-damage|p2a: Pidgeot|2\/100\n|-damage|p1a: Greninja|77\/100|[from] item: Life Orb\n|move|p2a: Pidgeot|Hurricane|p1a: Greninja\n|-damage|p1a: Greninja|33\/100\n|\n|-weather|Snow|[upkeep]\n|upkeep\n|turn|4\n|inactive|Morax_233 has 120 seconds left.\n|\n|t:|1700662420\n|switch|p2a: \u9489\u5bab\u7406\u60e0|Glimmora, M|100\/100\n|move|p1a: Greninja|Ice Beam|p2a: \u9489\u5bab\u7406\u60e0\n|-damage|p2a: \u9489\u5bab\u7406\u60e0|52\/100\n|-damage|p1a: Greninja|23\/100|[from] item: Life Orb\n|\n|-weather|Snow|[upkeep]\n|upkeep\n|turn|5\n|\n|t:|1700662429\n|move|p1a: Greninja|Hydro Pump|p2a: \u9489\u5bab\u7406\u60e0\n|-supereffective|p2a: \u9489\u5bab\u7406\u60e0\n|-damage|p2a: \u9489\u5bab\u7406\u60e0|0 fnt\n|faint|p2a: \u9489\u5bab\u7406\u60e0\n|-ability|p1a: Greninja|Battle Bond|boost\n|-boost|p1a: Greninja|atk|1\n|-boost|p1a: Greninja|spa|1\n|-boost|p1a: Greninja|spe|1\n|-activate|p1a: Greninja|ability: Battle Bond\n|-damage|p1a: Greninja|13\/100|[from] item: Life Orb\n|\n|-weather|none\n|upkeep\n|\n|t:|1700662433\n|switch|p2a: Rillaboom|Rillaboom, M|100\/100\n|-fieldstart|move: Grassy Terrain|[from] ability: Grassy Surge|[of] p2a: Rillaboom\n|turn|6\n|\n|t:|1700662445\n|move|p2a: Rillaboom|Grassy Glide|p1a: Greninja\n|-supereffective|p1a: Greninja\n|-damage|p1a: Greninja|0 fnt\n|faint|p1a: Greninja\n|\n|upkeep\n|inactive|Morax_233 has 120 seconds left.\n|\n|t:|1700662466\n|switch|p1a: Pelipper|Pelipper, F|100\/100\n|-weather|RainDance|[from] ability: Drizzle|[of] p1a: Pelipper\n|turn|7\n|inactive|Morax_233 has 120 seconds left.\n|\n|t:|1700662471\n|switch|p2a: Pidgeot|Pidgeot-Mega, M|2\/100\n|move|p1a: Pelipper|Hurricane|p2a: Pidgeot\n|-damage|p2a: Pidgeot|0 fnt\n|faint|p2a: Pidgeot\n|\n|-weather|RainDance|[upkeep]\n|upkeep\n|\n|t:|1700662478\n|switch|p2a: Tapu Lele|Tapu Lele|100\/100\n|-fieldstart|move: Psychic Terrain|[from] ability: Psychic Surge|[of] p2a: Tapu Lele\n|turn|8\n|\n|t:|1700662487\n|switch|p1a: Ferrothorn|Ferrothorn, M|100\/100\n|move|p2a: Tapu Lele|Future Sight|p1a: Ferrothorn\n|-start|p2a: Tapu Lele|move: Future Sight\n|\n|-weather|RainDance|[upkeep]\n|-sideend|p1: Morax_233|move: Aurora Veil\n|upkeep\n|turn|9\n|\n|t:|1700662493\n|switch|p2a: Garchomp|Garchomp, M|100\/100\n|move|p1a: Ferrothorn|Knock Off|p2a: Garchomp\n|-damage|p2a: Garchomp|87\/100\n|-damage|p1a: Ferrothorn|88\/100|[from] ability: Rough Skin|[of] p2a: Garchomp\n|\n|-weather|RainDance|[upkeep]\n|-heal|p1a: Ferrothorn|94\/100|[from] item: Leftovers\n|upkeep\n|turn|10\n|\n|t:|1700662512\n|switch|p1a: Pelipper|Pelipper, F|100\/100\n|move|p2a: Garchomp|Fire Fang|p1a: Pelipper\n|-resisted|p1a: Pelipper\n|-damage|p1a: Pelipper|96\/100\n|-status|p1a: Pelipper|brn\n|-damage|p2a: Garchomp|71\/100|[from] item: Rocky Helmet|[of] p1a: Pelipper\n|\n|-weather|RainDance|[upkeep]\n|-end|p1a: Pelipper|move: Future Sight\n|-damage|p1a: Pelipper|0 fnt\n|faint|p1a: Pelipper\n|upkeep\n|\n|t:|1700662523\n|switch|p1a: Tapu Lele|Tapu Lele|100\/100\n|turn|11\n|\n|t:|1700662533\n|switch|p2a: Rillaboom|Rillaboom, M|100\/100\n|-fieldstart|move: Grassy Terrain|[from] ability: Grassy Surge|[of] p2a: Rillaboom\n|move|p1a: Tapu Lele|Moonblast|p2a: Rillaboom\n|-damage|p2a: Rillaboom|39\/100\n|\n|-weather|none\n|-heal|p2a: Rillaboom|45\/100|[from] Grassy Terrain\n|upkeep\n|turn|12\n|\n|t:|1700662543\n|move|p2a: Rillaboom|Grassy Glide|p1a: Tapu Lele\n|-damage|p1a: Tapu Lele|31\/100\n|move|p1a: Tapu Lele|Moonblast|p2a: Rillaboom\n|-damage|p2a: Rillaboom|0 fnt\n|faint|p2a: Rillaboom\n|\n|-heal|p1a: Tapu Lele|37\/100|[from] Grassy Terrain\n|upkeep\n|inactive|tiucfs\u6446\u70c2\u7248 has 120 seconds left.\n|\n|t:|1700662579\n|switch|p2a: Dragonite|Dragonite, F|100\/100\n|turn|13\n|inactive|tiucfs\u6446\u70c2\u7248 has 120 seconds left.\n|\n|t:|1700662584\n|-terastallize|p2a: Dragonite|Normal\n|move|p1a: Tapu Lele|Moonblast|p2a: Dragonite\n|-damage|p2a: Dragonite|75\/100\n|-unboost|p2a: Dragonite|spa|1\n|move|p2a: Dragonite|Curse|p2a: Dragonite\n|-unboost|p2a: Dragonite|spe|1\n|-boost|p2a: Dragonite|atk|1\n|-boost|p2a: Dragonite|def|1\n|\n|-heal|p1a: Tapu Lele|44\/100|[from] Grassy Terrain\n|-heal|p2a: Dragonite|81\/100|[from] Grassy Terrain\n|upkeep\n|turn|14\n|inactive|Morax_233 has 120 seconds left.\n|\n|t:|1700662616\n|switch|p1a: Ninetales|Ninetales-Alola, M|14\/100\n|-weather|Snow|[from] ability: Snow Warning|[of] p1a: Ninetales\n|move|p2a: Dragonite|Extreme Speed|p1a: Ninetales\n|-damage|p1a: Ninetales|0 fnt\n|faint|p1a: Ninetales\n|\n|-weather|Snow|[upkeep]\n|-heal|p2a: Dragonite|88\/100|[from] Grassy Terrain\n|upkeep\n|inactive|Morax_233 has 120 seconds left.\n|\n|t:|1700662626\n|switch|p1a: Ferrothorn|Ferrothorn, M|94\/100\n|turn|15\n|inactive|Morax_233 has 120 seconds left.\n|\n|t:|1700662644\n|move|p2a: Dragonite|Curse|p2a: Dragonite\n|-unboost|p2a: Dragonite|spe|1\n|-boost|p2a: Dragonite|atk|1\n|-boost|p2a: Dragonite|def|1\n|move|p1a: Ferrothorn|Leech Seed|p2a: Dragonite\n|-start|p2a: Dragonite|move: Leech Seed\n|\n|-weather|Snow|[upkeep]\n|-heal|p2a: Dragonite|94\/100|[from] Grassy Terrain\n|-heal|p1a: Ferrothorn|100\/100|[from] Grassy Terrain\n|-damage|p2a: Dragonite|81\/100|[from] Leech Seed|[of] p1a: Ferrothorn\n|-fieldend|move: Grassy Terrain\n|upkeep\n|turn|16\n|inactive|Morax_233 has 120 seconds left.\n|inactive|tiucfs\u6446\u70c2\u7248 has 120 seconds left.\n|\n|t:|1700662670\n|move|p2a: Dragonite|Earthquake|p1a: Ferrothorn\n|-damage|p1a: Ferrothorn|39\/100\n|move|p1a: Ferrothorn|Knock Off|p2a: Dragonite\n|-damage|p2a: Dragonite|72\/100\n|-enditem|p2a: Dragonite|Heavy-Duty Boots|[from] move: Knock Off|[of] p1a: Ferrothorn\n|\n|-weather|Snow|[upkeep]\n|-heal|p1a: Ferrothorn|45\/100|[from] item: Leftovers\n|-damage|p2a: Dragonite|60\/100|[from] Leech Seed|[of] p1a: Ferrothorn\n|-heal|p1a: Ferrothorn|57\/100|[silent]\n|upkeep\n|turn|17\n|inactive|Morax_233 has 120 seconds left.\n|\n|t:|1700662679\n|move|p1a: Ferrothorn|Protect|p1a: Ferrothorn\n|-singleturn|p1a: Ferrothorn|Protect\n|move|p2a: Dragonite|Roost|p2a: Dragonite\n|-heal|p2a: Dragonite|100\/100\n|\n|-weather|Snow|[upkeep]\n|-heal|p1a: Ferrothorn|63\/100|[from] item: Leftovers\n|-damage|p2a: Dragonite|88\/100|[from] Leech Seed|[of] p1a: Ferrothorn\n|-heal|p1a: Ferrothorn|75\/100|[silent]\n|upkeep\n|turn|18\n|inactive|Morax_233 has 120 seconds left.\n|inactive|tiucfs\u6446\u70c2\u7248 has 120 seconds left.\n|\n|t:|1700662702\n|move|p2a: Dragonite|Curse|p2a: Dragonite\n|-unboost|p2a: Dragonite|spe|1\n|-boost|p2a: Dragonite|atk|1\n|-boost|p2a: Dragonite|def|1\n|move|p1a: Ferrothorn|Stealth Rock|p2a: Dragonite\n|-sidestart|p2: tiucfs\u6446\u70c2\u7248|move: Stealth Rock\n|\n|-weather|none\n|-heal|p1a: Ferrothorn|81\/100|[from] item: Leftovers\n|-damage|p2a: Dragonite|76\/100|[from] Leech Seed|[of] p1a: Ferrothorn\n|-heal|p1a: Ferrothorn|93\/100|[silent]\n|upkeep\n|turn|19\n|inactive|tiucfs\u6446\u70c2\u7248 has 120 seconds left.\n|\n|t:|1700662726\n|move|p1a: Ferrothorn|Protect|p1a: Ferrothorn\n|-singleturn|p1a: Ferrothorn|Protect\n|move|p2a: Dragonite|Earthquake|p1a: Ferrothorn\n|-activate|p1a: Ferrothorn|move: Protect\n|\n|-heal|p1a: Ferrothorn|99\/100|[from] item: Leftovers\n|-damage|p2a: Dragonite|63\/100|[from] Leech Seed|[of] p1a: Ferrothorn\n|-heal|p1a: Ferrothorn|100\/100|[silent]\n|upkeep\n|turn|20\n|\n|t:|1700662749\n|move|p2a: Dragonite|Roost|p2a: Dragonite\n|-heal|p2a: Dragonite|100\/100\n|move|p1a: Ferrothorn|Knock Off|p2a: Dragonite\n|-damage|p2a: Dragonite|98\/100\n|\n|-damage|p2a: Dragonite|85\/100|[from] Leech Seed|[of] p1a: Ferrothorn\n|upkeep\n|turn|21\n|\n|t:|1700662756\n|move|p2a: Dragonite|Curse|p2a: Dragonite\n|-unboost|p2a: Dragonite|spe|1\n|-boost|p2a: Dragonite|atk|1\n|-boost|p2a: Dragonite|def|1\n|move|p1a: Ferrothorn|Knock Off|p2a: Dragonite\n|-damage|p2a: Dragonite|81\/100\n|\n|-damage|p2a: Dragonite|69\/100|[from] Leech Seed|[of] p1a: Ferrothorn\n|upkeep\n|turn|22\n|\n|t:|1700662765\n|move|p1a: Ferrothorn|Knock Off|p2a: Dragonite\n|-damage|p2a: Dragonite|64\/100\n|move|p2a: Dragonite|Earthquake|p1a: Ferrothorn\n|-damage|p1a: Ferrothorn|5\/100\n|\n|-heal|p1a: Ferrothorn|11\/100|[from] item: Leftovers\n|-damage|p2a: Dragonite|52\/100|[from] Leech Seed|[of] p1a: Ferrothorn\n|-heal|p1a: Ferrothorn|23\/100|[silent]\n|upkeep\n|turn|23\n|\n|t:|1700662773\n|move|p1a: Ferrothorn|Protect|p1a: Ferrothorn\n|-singleturn|p1a: Ferrothorn|Protect\n|move|p2a: Dragonite|Roost|p2a: Dragonite\n|-heal|p2a: Dragonite|100\/100\n|\n|-heal|p1a: Ferrothorn|29\/100|[from] item: Leftovers\n|-damage|p2a: Dragonite|88\/100|[from] Leech Seed|[of] p1a: Ferrothorn\n|-heal|p1a: Ferrothorn|41\/100|[silent]\n|upkeep\n|turn|24\n|\n|t:|1700662786\n|switch|p1a: Tapu Lele|Tapu Lele|44\/100\n|-fieldstart|move: Psychic Terrain|[from] ability: Psychic Surge|[of] p1a: Tapu Lele\n|move|p2a: Dragonite|Earthquake|p1a: Tapu Lele\n|-damage|p1a: Tapu Lele|0 fnt\n|faint|p1a: Tapu Lele\n|\n|upkeep\n|\n|t:|1700662795\n|switch|p1a: Metagross|Metagross, shiny|100\/100\n|turn|25\n|\n|t:|1700662800\n|-terastallize|p1a: Metagross|Water\n|move|p1a: Metagross|Zen Headbutt|p2a: Dragonite\n|-crit|p2a: Dragonite\n|-damage|p2a: Dragonite|11\/100\n|move|p2a: Dragonite|Earthquake|p1a: Metagross\n|-damage|p1a: Metagross|0 fnt\n|faint|p1a: Metagross\n|\n|upkeep\n|inactive|Morax_233 has 120 seconds left.\n|\n|t:|1700662808\n|switch|p1a: Ferrothorn|Ferrothorn, M|41\/100\n|turn|26\n|\n|t:|1700662811\n|move|p1a: Ferrothorn|Knock Off|p2a: Dragonite\n|-damage|p2a: Dragonite|7\/100\n|move|p2a: Dragonite|Earthquake|p1a: Ferrothorn\n|-damage|p1a: Ferrothorn|0 fnt\n|faint|p1a: Ferrothorn\n|\n|win|tiucfs\u6446\u70c2\u7248\n|raw|Morax_233's rating: 1341 &rarr; <strong>1318<\/strong><br \/>(-23 for losing)\n|raw|tiucfs\u6446\u70c2\u7248's rating: 1297 &rarr; <strong>1325<\/strong><br \/>(+28 for winning)\n","uploadtime":1700662818,"views":0,"p1id":"morax233","p2id":"tiucfs","formatid":"gen9nationaldex","rating":1318,"private":0,"password":""}