{"id":"gen9nationaldex-1996623725","p1":"CoffeeCake5577","p2":"theweepingelf","format":"[Gen 9] National Dex","log":"|html|<div class=\"broadcast-blue\"><strong>[Gen 9] National Dex is currently suspecting Sneasler! For information on how to participate check out the <a href=\"https:\/\/www.smogon.com\/forums\/threads\/sv-national-dex-suspect-8-just-dance.3731534\/\">suspect thread<\/a>.<\/strong><\/div>\n|j|\u2606CoffeeCake5577\n|j|\u2606theweepingelf\n|t:|1700701916\n|gametype|singles\n|player|p1|CoffeeCake5577|parasollady|1140\n|player|p2|theweepingelf|102|1032\n|teamsize|p1|6\n|teamsize|p2|6\n|gen|9\n|tier|[Gen 9] National Dex\n|rated|\n|rule|HP Percentage Mod: HP is shown in percentages\n|rule|Endless Battle Clause: Forcing endless battles is banned\n|rule|OHKO Clause: OHKO moves are banned\n|rule|Evasion Clause: Evasion abilities, items, and moves are banned\n|rule|Evasion Abilities Clause: Evasion abilities are banned\n|rule|Evasion Items Clause: Evasion items are banned\n|rule|Evasion Moves Clause: Evasion moves are banned\n|rule|Species Clause: Limit one of each Pok\u00e9mon\n|rule|Sleep Clause Mod: Limit one foe put to sleep\n|clearpoke\n|poke|p1|Azumarill, M|\n|poke|p1|Carbink|\n|poke|p1|Fezandipiti, M|\n|poke|p1|Ninetales-Alola, F|\n|poke|p1|Mawile, M|\n|poke|p1|Ribombee, F|\n|poke|p2|Muk, F|\n|poke|p2|Clefable, F|\n|poke|p2|Dragonite, F|\n|poke|p2|Blastoise, F|\n|poke|p2|Jolteon, M|\n|poke|p2|Snorlax, M|\n|teampreview\n|inactive|Battle timer is ON: inactive players will automatically lose when time's up. (requested by CoffeeCake5577)\n|\n|t:|1700701923\n|start\n|switch|p1a: Mawile|Mawile, M|100\/100\n|switch|p2a: Clefable|Clefable, F|100\/100\n|-ability|p1a: Mawile|Intimidate|boost\n|-unboost|p2a: Clefable|atk|1\n|turn|1\n|\n|t:|1700701932\n|detailschange|p1a: Mawile|Mawile-Mega, M\n|-mega|p1a: Mawile|Mawile|Mawilite\n|move|p2a: Clefable|Flamethrower|p1a: Mawile\n|-supereffective|p1a: Mawile\n|-damage|p1a: Mawile|36\/100\n|move|p1a: Mawile|Iron Head|p2a: Clefable\n|-supereffective|p2a: Clefable\n|-damage|p2a: Clefable|0 fnt\n|faint|p2a: Clefable\n|\n|upkeep\n|\n|t:|1700701950\n|switch|p2a: Snorlax|Snorlax, M|100\/100\n|turn|2\n|\n|t:|1700701959\n|move|p1a: Mawile|Fire Fang|p2a: Snorlax\n|-damage|p2a: Snorlax|82\/100\n|move|p2a: Snorlax|Earthquake|p1a: Mawile\n|-supereffective|p1a: Mawile\n|-damage|p1a: Mawile|0 fnt\n|faint|p1a: Mawile\n|\n|upkeep\n|\n|t:|1700701969\n|switch|p1a: Carbinkle|Carbink|100\/100\n|turn|3\n|inactive|theweepingelf has 120 seconds left.\n|\n|t:|1700702001\n|-terastallize|p1a: Carbinkle|Water\n|move|p1a: Carbinkle|Iron Defense|p1a: Carbinkle\n|-boost|p1a: Carbinkle|def|2\n|move|p2a: Snorlax|Earthquake|p1a: Carbinkle\n|-crit|p1a: Carbinkle\n|-damage|p1a: Carbinkle|63\/100\n|\n|-heal|p1a: Carbinkle|69\/100|[from] item: Leftovers\n|upkeep\n|turn|4\n|inactive|theweepingelf has 120 seconds left.\n|\n|t:|1700702013\n|move|p1a: Carbinkle|Iron Defense|p1a: Carbinkle\n|-boost|p1a: Carbinkle|def|2\n|move|p2a: Snorlax|Body Slam|p1a: Carbinkle\n|-damage|p1a: Carbinkle|58\/100\n|\n|-heal|p1a: Carbinkle|64\/100|[from] item: Leftovers\n|upkeep\n|turn|5\n|inactive|theweepingelf has 120 seconds left.\n|\n|t:|1700702032\n|move|p1a: Carbinkle|Iron Defense|p1a: Carbinkle\n|-boost|p1a: Carbinkle|def|2\n|move|p2a: Snorlax|Earthquake|p1a: Carbinkle\n|-damage|p1a: Carbinkle|57\/100\n|\n|-heal|p1a: Carbinkle|63\/100|[from] item: Leftovers\n|upkeep\n|turn|6\n|inactive|theweepingelf has 120 seconds left.\n|\n|t:|1700702041\n|move|p1a: Carbinkle|Body Press|p2a: Snorlax\n|-supereffective|p2a: Snorlax\n|-damage|p2a: Snorlax|0 fnt\n|faint|p2a: Snorlax\n|\n|-heal|p1a: Carbinkle|70\/100|[from] item: Leftovers\n|upkeep\n|inactive|theweepingelf has 120 seconds left.\n|\n|t:|1700702059\n|switch|p2a: Dragonite|Dragonite, F|100\/100\n|turn|7\n|c|\u2606CoffeeCake5577|GO MY CARBY\n|\n|t:|1700702066\n|move|p2a: Dragonite|Dragon Dance|p2a: Dragonite\n|-boost|p2a: Dragonite|atk|1\n|-boost|p2a: Dragonite|spe|1\n|move|p1a: Carbinkle|Body Press|p2a: Dragonite\n|-resisted|p2a: Dragonite\n|-damage|p2a: Dragonite|42\/100\n|\n|-heal|p1a: Carbinkle|76\/100|[from] item: Leftovers\n|upkeep\n|turn|8\n|inactive|theweepingelf has 120 seconds left.\n|\n|t:|1700702078\n|move|p2a: Dragonite|Ice Punch|p1a: Carbinkle\n|-resisted|p1a: Carbinkle\n|-damage|p1a: Carbinkle|71\/100\n|move|p1a: Carbinkle|Body Press|p2a: Dragonite\n|-resisted|p2a: Dragonite\n|-damage|p2a: Dragonite|0 fnt\n|faint|p2a: Dragonite\n|\n|-heal|p1a: Carbinkle|77\/100|[from] item: Leftovers\n|upkeep\n|inactive|theweepingelf has 120 seconds left.\n|\n|t:|1700702091\n|switch|p2a: Jolteon|Jolteon, M|100\/100\n|turn|9\n|\n|t:|1700702094\n|move|p1a: Carbinkle|Protect|p1a: Carbinkle\n|-singleturn|p1a: Carbinkle|Protect\n|move|p2a: Jolteon|Thunderbolt|p1a: Carbinkle\n|-activate|p1a: Carbinkle|move: Protect\n|\n|-heal|p1a: Carbinkle|84\/100|[from] item: Leftovers\n|upkeep\n|turn|10\n|\n|t:|1700702101\n|move|p2a: Jolteon|Thunderbolt|p1a: Carbinkle\n|-supereffective|p1a: Carbinkle\n|-damage|p1a: Carbinkle|34\/100\n|move|p1a: Carbinkle|Body Press|p2a: Jolteon\n|-damage|p2a: Jolteon|0 fnt\n|faint|p2a: Jolteon\n|\n|-heal|p1a: Carbinkle|41\/100|[from] item: Leftovers\n|upkeep\n|inactive|theweepingelf has 120 seconds left.\n|\n|t:|1700702117\n|switch|p2a: Blastoise|Blastoise, F|100\/100\n|turn|11\n|\n|t:|1700702121\n|move|p2a: Blastoise|Aura Sphere|p1a: Carbinkle\n|-damage|p1a: Carbinkle|26\/100\n|move|p1a: Carbinkle|Body Press|p2a: Blastoise\n|-damage|p2a: Blastoise|0 fnt\n|-damage|p1a: Carbinkle|9\/100|[from] item: Rocky Helmet|[of] p2a: Blastoise\n|faint|p2a: Blastoise\n|\n|-heal|p1a: Carbinkle|16\/100|[from] item: Leftovers\n|upkeep\n|\n|t:|1700702134\n|switch|p2a: Muk|Muk, F|100\/100\n|turn|12\n|\n|t:|1700702139\n|move|p2a: Muk|Drain Punch|p1a: Carbinkle\n|-damage|p1a: Carbinkle|11\/100\n|move|p1a: Carbinkle|Body Press|p2a: Muk\n|-resisted|p2a: Muk\n|-damage|p2a: Muk|50\/100\n|\n|-heal|p1a: Carbinkle|17\/100|[from] item: Leftovers\n|upkeep\n|turn|13\n|\n|t:|1700702149\n|move|p1a: Carbinkle|Body Press|p2a: Muk\n|-resisted|p2a: Muk\n|-damage|p2a: Muk|0 fnt\n|faint|p2a: Muk\n|\n|win|CoffeeCake5577\n|raw|CoffeeCake5577's rating: 1140 &rarr; <strong>1157<\/strong><br \/>(+17 for winning)\n|raw|theweepingelf's rating: 1032 &rarr; <strong>1022<\/strong><br \/>(-10 for losing)\n|l|\u2606theweepingelf\n|c|\u2606CoffeeCake5577|WOOOOOO\n","uploadtime":1700702173,"views":2,"p1id":"coffeecake5577","p2id":"theweepingelf","formatid":"gen9nationaldex","rating":1022,"private":0,"password":""}