{"id":"gen9nationaldex-1994653247","p1":"KarmaNightraide","p2":"Lajonnne","format":"[Gen 9] National Dex","log":"|html|<div class=\"broadcast-blue\"><strong>[Gen 9] National Dex is currently suspecting Sneasler! For information on how to participate check out the <a href=\"https:\/\/www.smogon.com\/forums\/threads\/sv-national-dex-suspect-8-just-dance.3731534\/\">suspect thread<\/a>.<\/strong><\/div>\n|j|\u2606KarmaNightraide\n|j|\u2606Lajonnne\n|t:|1700475975\n|gametype|singles\n|player|p1|KarmaNightraide|unknown|\n|player|p2|Lajonnne|riley|\n|teamsize|p1|6\n|teamsize|p2|6\n|gen|9\n|tier|[Gen 9] National Dex\n|rule|HP Percentage Mod: HP is shown in percentages\n|rule|Endless Battle Clause: Forcing endless battles is banned\n|rule|OHKO Clause: OHKO moves are banned\n|rule|Evasion Clause: Evasion abilities, items, and moves are banned\n|rule|Evasion Abilities Clause: Evasion abilities are banned\n|rule|Evasion Items Clause: Evasion items are banned\n|rule|Evasion Moves Clause: Evasion moves are banned\n|rule|Species Clause: Limit one of each Pok\u00e9mon\n|rule|Sleep Clause Mod: Limit one foe put to sleep\n|clearpoke\n|poke|p1|Drifblim, M|\n|poke|p1|Runerigus, M|\n|poke|p1|Chandelure, M|\n|poke|p1|Jellicent, M|\n|poke|p1|Mimikyu, M|\n|poke|p1|Froslass, F|\n|poke|p2|Blissey, F|\n|poke|p2|Buzzwole|\n|poke|p2|Overqwil, F|\n|poke|p2|Shuckle, F|\n|poke|p2|Urshifu-*, F|\n|poke|p2|Kingdra, M|\n|teampreview\n|\n|t:|1700476049\n|start\n|switch|p1a: Icy Wifey|Froslass, F, shiny|100\/100\n|switch|p2a: pleasedie|Shuckle, F, shiny|100\/100\n|turn|1\n|\n|t:|1700476069\n|move|p1a: Icy Wifey|Swagger|p2a: pleasedie|[miss]\n|-miss|p1a: Icy Wifey|p2a: pleasedie\n|move|p2a: pleasedie|Stealth Rock|p1a: Icy Wifey\n|-sidestart|p1: KarmaNightraide|move: Stealth Rock\n|\n|upkeep\n|turn|2\n|\n|t:|1700476075\n|move|p1a: Icy Wifey|Swagger|p2a: pleasedie\n|-unboost|p2a: pleasedie|atk|2\n|-start|p2a: pleasedie|confusion\n|-activate|p2a: pleasedie|confusion\n|move|p2a: pleasedie|Sticky Web|p1a: Icy Wifey\n|-sidestart|p1: KarmaNightraide|move: Sticky Web\n|\n|upkeep\n|turn|3\n|\n|t:|1700476156\n|switch|p2a: Eggaro|Blissey, F|100\/100\n|move|p1a: Icy Wifey|Poltergeist|p2a: Eggaro\n|-immune|p2a: Eggaro\n|\n|upkeep\n|turn|4\n|\n|t:|1700476165\n|move|p1a: Icy Wifey|Swagger|p2a: Eggaro\n|-boost|p2a: Eggaro|atk|2\n|-enditem|p1a: Icy Wifey|Mirror Herb\n|-boost|p1a: Icy Wifey|atk|2|[from] item: Mirror Herb\n|-start|p2a: Eggaro|confusion\n|-activate|p2a: Eggaro|confusion\n|-damage|p2a: Eggaro|99\/100|[from] confusion\n|\n|-heal|p2a: Eggaro|100\/100|[from] item: Leftovers\n|upkeep\n|turn|5\n|\n|t:|1700476176\n|-terastallize|p1a: Icy Wifey|Grass\n|move|p1a: Icy Wifey|Trailblaze|p2a: Eggaro\n|-damage|p2a: Eggaro|54\/100\n|-boost|p1a: Icy Wifey|spe|1\n|-activate|p2a: Eggaro|confusion\n|-damage|p2a: Eggaro|52\/100|[from] confusion\n|\n|-heal|p2a: Eggaro|58\/100|[from] item: Leftovers\n|upkeep\n|turn|6\n|\n|t:|1700476190\n|move|p1a: Icy Wifey|Triple Axel|p2a: Eggaro\n|-damage|p2a: Eggaro|45\/100\n|-damage|p2a: Eggaro|16\/100\n|-crit|p2a: Eggaro\n|-damage|p2a: Eggaro|0 fnt\n|faint|p2a: Eggaro\n|-hitcount|p2: Eggaro|3\n|\n|upkeep\n|\n|t:|1700476272\n|switch|p2a: Bulkycity|Buzzwole, shiny|100\/100\n|turn|7\n|\n|t:|1700476288\n|-terastallize|p2a: Bulkycity|Bug\n|move|p1a: Icy Wifey|Triple Axel|p2a: Bulkycity\n|-damage|p2a: Bulkycity|89\/100\n|-damage|p2a: Bulkycity|69\/100\n|-damage|p2a: Bulkycity|39\/100\n|-hitcount|p2a: Bulkycity|3\n|move|p2a: Bulkycity|Fell Stinger|p1a: Icy Wifey\n|-supereffective|p1a: Icy Wifey\n|-crit|p1a: Icy Wifey\n|-damage|p1a: Icy Wifey|0 fnt\n|faint|p1a: Icy Wifey\n|-ability|p2a: Bulkycity|Beast Boost|boost\n|-boost|p2a: Bulkycity|def|1\n|-boost|p2a: Bulkycity|atk|3\n|\n|upkeep\n|\n|t:|1700476309\n|switch|p1a: 'Loon|Drifblim, M|100\/100\n|-damage|p1a: 'Loon|76\/100|[from] Stealth Rock\n|turn|8\n|\n|t:|1700476316\n|move|p1a: 'Loon|Protect|p1a: 'Loon\n|-singleturn|p1a: 'Loon|Protect\n|move|p2a: Bulkycity|Fell Stinger|p1a: 'Loon\n|-activate|p1a: 'Loon|move: Protect\n|\n|-status|p1a: 'Loon|brn|[from] item: Flame Orb\n|upkeep\n|turn|9\n|\n|t:|1700476341\n|move|p2a: Bulkycity|Fell Stinger|p1a: 'Loon\n|-resisted|p1a: 'Loon\n|-damage|p1a: 'Loon|42\/100 brn\n|move|p1a: 'Loon|Air Slash|p2a: Bulkycity\n|-supereffective|p2a: Bulkycity\n|-damage|p2a: Bulkycity|0 fnt\n|faint|p2a: Bulkycity\n|\n|-damage|p1a: 'Loon|36\/100 brn|[from] brn\n|upkeep\n|\n|t:|1700476363\n|switch|p2a: angryish|Overqwil, F, shiny|100\/100\n|-ability|p2a: angryish|Intimidate|boost\n|-unboost|p1a: 'Loon|atk|1\n|turn|10\n|\n|t:|1700476428\n|move|p1a: 'Loon|Defog|p2a: angryish\n|-unboost|p2a: angryish|evasion|1\n|-sideend|p1: KarmaNightraide|Stealth Rock|[from] move: Defog|[of] p1a: 'Loon\n|-sideend|p1: KarmaNightraide|Sticky Web|[from] move: Defog|[of] p1a: 'Loon\n|move|p2a: angryish|Agility|p2a: angryish\n|-boost|p2a: angryish|spe|2\n|\n|-damage|p1a: 'Loon|30\/100 brn|[from] brn\n|upkeep\n|turn|11\n|\n|t:|1700476460\n|move|p2a: angryish|Crunch|p1a: 'Loon\n|-supereffective|p1a: 'Loon\n|-damage|p1a: 'Loon|0 fnt\n|faint|p1a: 'Loon\n|\n|upkeep\n|\n|t:|1700476489\n|switch|p1a: 'Lil guy my man|Mimikyu, M|100\/100\n|turn|12\n|\n|t:|1700476527\n|move|p2a: angryish|Aqua Jet|p1a: 'Lil guy my man\n|-activate|p1a: 'Lil guy my man|ability: Disguise\n|-damage|p1a: 'Lil guy my man|100\/100\n|detailschange|p1a: 'Lil guy my man|Mimikyu-Busted, M\n|-damage|p1a: 'Lil guy my man|88\/100|[from] pokemon: Mimikyu-Busted\n|-zpower|p1a: 'Lil guy my man\n|move|p1a: 'Lil guy my man|Let's Snuggle Forever|p2a: angryish|[zeffect]\n|-damage|p2a: angryish|5\/100\n|-enditem|p2a: angryish|Salac Berry|[eat]\n|-boost|p2a: angryish|spe|1|[from] item: Salac Berry\n|\n|upkeep\n|turn|13\n|\n|t:|1700476558\n|move|p1a: 'Lil guy my man|Shadow Sneak|p2a: angryish\n|-resisted|p2a: angryish\n|-damage|p2a: angryish|0 fnt\n|faint|p2a: angryish\n|\n|upkeep\n|\n|t:|1700476597\n|switch|p2a: kitra|Urshifu-Rapid-Strike, F|100\/100\n|turn|14\n|\n|t:|1700476651\n|switch|p1a: Nice 'Stache|Jellicent, M|100\/100\n|move|p2a: kitra|Surging Strikes|p1a: Nice 'Stache\n|-immune|p1a: Nice 'Stache|[from] ability: Water Absorb\n|\n|upkeep\n|turn|15\n|\n|t:|1700476667\n|switch|p2a: Draking|Kingdra, M|100\/100\n|move|p1a: Nice 'Stache|Ice Beam|p2a: Draking\n|-damage|p2a: Draking|66\/100\n|\n|upkeep\n|turn|16\n|\n|t:|1700476749\n|switch|p1a: 'Lil guy my man|Mimikyu-Busted, M|88\/100\n|move|p2a: Draking|Flash Cannon|p1a: 'Lil guy my man\n|-supereffective|p1a: 'Lil guy my man\n|-damage|p1a: 'Lil guy my man|2\/100\n|\n|upkeep\n|turn|17\n|\n|t:|1700476852\n|switch|p2a: pleasedie|Shuckle, F, shiny|100\/100\n|move|p1a: 'Lil guy my man|Play Rough|p2a: pleasedie\n|-damage|p2a: pleasedie|75\/100\n|\n|-heal|p2a: pleasedie|81\/100|[from] item: Leftovers\n|upkeep\n|turn|18\n|\n|t:|1700476894\n|move|p1a: 'Lil guy my man|Swords Dance|p1a: 'Lil guy my man\n|-boost|p1a: 'Lil guy my man|atk|2\n|move|p2a: pleasedie|Stealth Rock|p1a: 'Lil guy my man\n|-sidestart|p1: KarmaNightraide|move: Stealth Rock\n|\n|-heal|p2a: pleasedie|87\/100|[from] item: Leftovers\n|upkeep\n|turn|19\n|\n|t:|1700476926\n|move|p1a: 'Lil guy my man|Play Rough|p2a: pleasedie\n|-damage|p2a: pleasedie|41\/100\n|move|p2a: pleasedie|Sticky Web|p1a: 'Lil guy my man\n|-sidestart|p1: KarmaNightraide|move: Sticky Web\n|\n|-heal|p2a: pleasedie|47\/100|[from] item: Leftovers\n|upkeep\n|turn|20\n|\n|t:|1700476944\n|move|p1a: 'Lil guy my man|Play Rough|p2a: pleasedie\n|-damage|p2a: pleasedie|0 fnt\n|faint|p2a: pleasedie\n|\n|upkeep\n|\n|t:|1700476948\n|switch|p2a: kitra|Urshifu-Rapid-Strike, F|100\/100\n|turn|21\n|\n|t:|1700476992\n|move|p1a: 'Lil guy my man|Shadow Sneak|p2a: kitra\n|-damage|p2a: kitra|69\/100\n|move|p2a: kitra|Ice Spinner|p1a: 'Lil guy my man\n|-damage|p1a: 'Lil guy my man|0 fnt\n|faint|p1a: 'Lil guy my man\n|\n|upkeep\n|\n|t:|1700477007\n|switch|p1a: LittleLightOfMine|Chandelure, M|100\/100\n|-damage|p1a: LittleLightOfMine|76\/100|[from] Stealth Rock\n|-activate|p1a: LittleLightOfMine|move: Sticky Web\n|-unboost|p1a: LittleLightOfMine|spe|1\n|turn|22\n|\n|t:|1700477023\n|switch|p2a: Draking|Kingdra, M|66\/100\n|move|p1a: LittleLightOfMine|Energy Ball|p2a: Draking\n|-damage|p2a: Draking|13\/100\n|-damage|p1a: LittleLightOfMine|66\/100|[from] item: Life Orb\n|\n|upkeep\n|turn|23\n|\n|t:|1700477037\n|switch|p1a: Nice 'Stache|Jellicent, M|100\/100\n|-damage|p1a: Nice 'Stache|88\/100|[from] Stealth Rock\n|-activate|p1a: Nice 'Stache|move: Sticky Web\n|-unboost|p1a: Nice 'Stache|spe|1\n|move|p2a: Draking|Draco Meteor|p1a: Nice 'Stache\n|-damage|p1a: Nice 'Stache|5\/100\n|-unboost|p2a: Draking|spa|2\n|\n|-heal|p1a: Nice 'Stache|11\/100|[from] item: Leftovers\n|upkeep\n|turn|24\n|\n|t:|1700477060\n|move|p2a: Draking|Draco Meteor|p1a: Nice 'Stache|[miss]\n|-miss|p2a: Draking|p1a: Nice 'Stache\n|move|p1a: Nice 'Stache|Recover|p1a: Nice 'Stache\n|-heal|p1a: Nice 'Stache|61\/100\n|\n|-heal|p1a: Nice 'Stache|67\/100|[from] item: Leftovers\n|upkeep\n|turn|25\n|c|\u2606Lajonnne|no\n|\n|t:|1700477094\n|switch|p2a: kitra|Urshifu-Rapid-Strike, F|69\/100\n|switch|p1a: Ragnar\u00f6k|Runerigus, M|100\/100\n|-damage|p1a: Ragnar\u00f6k|94\/100|[from] Stealth Rock\n|-activate|p1a: Ragnar\u00f6k|move: Sticky Web\n|-unboost|p1a: Ragnar\u00f6k|spe|1\n|\n|upkeep\n|turn|26\n|\n|t:|1700477142\n|move|p2a: kitra|Ice Spinner|p1a: Ragnar\u00f6k\n|-supereffective|p1a: Ragnar\u00f6k\n|-damage|p1a: Ragnar\u00f6k|38\/100\n|-activate|p1a: Ragnar\u00f6k|ability: Wandering Spirit|Unseen Fist|Wandering Spirit|[of] p2a: kitra\n|move|p1a: Ragnar\u00f6k|Poltergeist|p2a: kitra\n|-activate|p2a: kitra|move: Poltergeist|Choice Scarf\n|-crit|p2a: kitra\n|-damage|p2a: kitra|0 fnt\n|faint|p2a: kitra\n|\n|upkeep\n|\n|t:|1700477175\n|switch|p2a: Draking|Kingdra, M|13\/100\n|turn|27\n|\n|t:|1700477240\n|move|p2a: Draking|Dragon Pulse|p1a: Ragnar\u00f6k\n|-damage|p1a: Ragnar\u00f6k|4\/100\n|move|p1a: Ragnar\u00f6k|Poltergeist|p2a: Draking\n|-activate|p2a: Draking|move: Poltergeist|Choice Specs\n|-damage|p2a: Draking|0 fnt\n|faint|p2a: Draking\n|\n|win|KarmaNightraide\n","uploadtime":1700477286,"views":5,"p1id":"karmanightraide","p2id":"lajonnne","formatid":"gen9nationaldex","rating":0,"private":0,"password":""}