{"id":"gen9nationaldex-2000425119","p1":"NahImtheotherguy","p2":"taowang","format":"[Gen 9] National Dex","log":"|html|<div class=\"broadcast-blue\"><strong>[Gen 9] National Dex is currently suspecting Sneasler! For information on how to participate check out the <a href=\"https:\/\/www.smogon.com\/forums\/threads\/sv-national-dex-suspect-8-just-dance.3731534\/\">suspect thread<\/a>.<\/strong><\/div>\n|j|\u203dNahImtheotherguy\n|j|\u2606taowang\n|t:|1701193712\n|gametype|singles\n|player|p1|NahImtheotherguy|bea|1383\n|player|p2|taowang|2|1432\n|teamsize|p1|6\n|teamsize|p2|6\n|gen|9\n|tier|[Gen 9] National Dex\n|rated|\n|rule|HP Percentage Mod: HP is shown in percentages\n|rule|Endless Battle Clause: Forcing endless battles is banned\n|rule|OHKO Clause: OHKO moves are banned\n|rule|Evasion Clause: Evasion abilities, items, and moves are banned\n|rule|Evasion Abilities Clause: Evasion abilities are banned\n|rule|Evasion Items Clause: Evasion items are banned\n|rule|Evasion Moves Clause: Evasion moves are banned\n|rule|Species Clause: Limit one of each Pok\u00e9mon\n|rule|Sleep Clause Mod: Limit one foe put to sleep\n|clearpoke\n|poke|p1|Ninetales-Alola, F|\n|poke|p1|Tapu Lele|\n|poke|p1|Diancie|\n|poke|p1|Sneasler, M|\n|poke|p1|Tapu Koko|\n|poke|p1|Great Tusk|\n|poke|p2|Alomomola, F|\n|poke|p2|Slowking-Galar, F|\n|poke|p2|Tapu Lele|\n|poke|p2|Landorus-Therian, M|\n|poke|p2|Lopunny, M|\n|poke|p2|Rotom-Heat|\n|teampreview\n|inactive|Battle timer is ON: inactive players will automatically lose when time's up. (requested by taowang)\n|\n|t:|1701193738\n|start\n|switch|p1a: Ninetales|Ninetales-Alola, F|100\/100\n|switch|p2a: Lopunny|Lopunny, M, shiny|100\/100\n|-weather|Snow|[from] ability: Snow Warning|[of] p1a: Ninetales\n|turn|1\n|\n|t:|1701193746\n|switch|p1a: Tapu Lele|Tapu Lele|100\/100\n|-fieldstart|move: Psychic Terrain|[from] ability: Psychic Surge|[of] p1a: Tapu Lele\n|detailschange|p2a: Lopunny|Lopunny-Mega, M, shiny\n|-mega|p2a: Lopunny|Lopunny|Lopunnite\n|move|p2a: Lopunny|Fake Out|p1a: Tapu Lele\n|-activate|p1a: Tapu Lele|move: Psychic Terrain\n|\n|-weather|Snow|[upkeep]\n|upkeep\n|turn|2\n|\n|t:|1701193757\n|switch|p1a: Ninetales|Ninetales-Alola, F|100\/100\n|move|p2a: Lopunny|U-turn|p1a: Ninetales\n|-resisted|p1a: Ninetales\n|-damage|p1a: Ninetales|89\/100\n|\n|t:|1701193772\n|switch|p2a: Rotom|Rotom-Heat, shiny|100\/100|[from] U-turn\n|\n|-weather|Snow|[upkeep]\n|upkeep\n|turn|3\n|\n|t:|1701193779\n|move|p2a: Rotom|Trick|p1a: Ninetales\n|-activate|p2a: Rotom|move: Trick|[of] p1a: Ninetales\n|-item|p1a: Ninetales|Choice Scarf|[from] move: Trick\n|-item|p2a: Rotom|Light Clay|[from] move: Trick\n|move|p1a: Ninetales|Aurora Veil|p1a: Ninetales\n|-sidestart|p1: NahImtheotherguy|move: Aurora Veil\n|\n|-weather|Snow|[upkeep]\n|upkeep\n|turn|4\n|\n|t:|1701193803\n|switch|p1a: Sneasler|Sneasler, M|100\/100\n|-enditem|p1a: Sneasler|Psychic Seed\n|-boost|p1a: Sneasler|spd|1|[from] item: Psychic Seed\n|move|p2a: Rotom|Overheat|p1a: Sneasler\n|-damage|p1a: Sneasler|80\/100\n|-unboost|p2a: Rotom|spa|2\n|\n|-weather|Snow|[upkeep]\n|upkeep\n|turn|5\n|\n|t:|1701193815\n|switch|p2a: Landorus|Landorus-Therian, M, shiny|100\/100\n|-ability|p2a: Landorus|Intimidate|boost\n|-unboost|p1a: Sneasler|atk|1\n|move|p1a: Sneasler|Swords Dance|p1a: Sneasler\n|-boost|p1a: Sneasler|atk|2\n|\n|-weather|none\n|-fieldend|move: Psychic Terrain\n|upkeep\n|turn|6\n|\n|t:|1701193826\n|-terastallize|p1a: Sneasler|Dark\n|move|p1a: Sneasler|Swords Dance|p1a: Sneasler\n|-boost|p1a: Sneasler|atk|2\n|move|p2a: Landorus|Taunt|p1a: Sneasler\n|-start|p1a: Sneasler|move: Taunt\n|\n|upkeep\n|turn|7\n|inactive|taowang has 120 seconds left.\n|\n|t:|1701193852\n|move|p1a: Sneasler|Tera Blast|p2a: Landorus|[anim] Tera Blast Dark\n|-damage|p2a: Landorus|0 fnt\n|faint|p2a: Landorus\n|\n|-sideend|p1: NahImtheotherguy|move: Aurora Veil\n|upkeep\n|\n|t:|1701193856\n|switch|p2a: Alomomola|Alomomola, F, shiny|100\/100\n|turn|8\n|\n|t:|1701193863\n|move|p1a: Sneasler|Close Combat|p2a: Alomomola\n|-damage|p2a: Alomomola|7\/100\n|-unboost|p1a: Sneasler|def|1\n|-unboost|p1a: Sneasler|spd|1\n|move|p2a: Alomomola|Scald|p1a: Sneasler\n|-damage|p1a: Sneasler|61\/100\n|\n|-heal|p2a: Alomomola|13\/100|[from] item: Leftovers\n|upkeep\n|turn|9\n|\n|t:|1701193871\n|move|p1a: Sneasler|Tera Blast|p2a: Alomomola|[anim] Tera Blast Dark\n|-damage|p2a: Alomomola|0 fnt\n|faint|p2a: Alomomola\n|\n|-end|p1a: Sneasler|move: Taunt\n|upkeep\n|\n|t:|1701193883\n|switch|p2a: Tapu Lele|Tapu Lele, shiny|100\/100\n|-fieldstart|move: Psychic Terrain|[from] ability: Psychic Surge|[of] p2a: Tapu Lele\n|turn|10\n|\n|t:|1701193891\n|move|p1a: Sneasler|Dire Claw|p2a: Tapu Lele\n|-supereffective|p2a: Tapu Lele\n|-damage|p2a: Tapu Lele|0 fnt\n|faint|p2a: Tapu Lele\n|\n|upkeep\n|-message|taowang forfeited.\n|\n|win|NahImtheotherguy\n|raw|NahImtheotherguy's rating: 1383 &rarr; <strong>1406<\/strong><br \/>(+23 for winning)\n|raw|taowang's rating: 1432 &rarr; <strong>1409<\/strong><br \/>(-23 for losing)\n|l|\u2606taowang\n","uploadtime":1701193904,"views":2,"p1id":"nahimtheotherguy","p2id":"taowang","formatid":"gen9nationaldex","rating":1406,"private":0,"password":""}