{"id":"gen9nationaldex-1993121391","p1":"Boomerangman111","p2":"RiouruK","format":"[Gen 9] National Dex","log":"|j|\u2606Boomerangman111\n|j|\u2606RiouruK\n|t:|1700267274\n|gametype|singles\n|player|p1|Boomerangman111|waiter-gen4|1061\n|player|p2|RiouruK|ghetsis|1131\n|teamsize|p1|6\n|teamsize|p2|6\n|gen|9\n|tier|[Gen 9] National Dex\n|rated|\n|rule|HP Percentage Mod: HP is shown in percentages\n|rule|Endless Battle Clause: Forcing endless battles is banned\n|rule|OHKO Clause: OHKO moves are banned\n|rule|Evasion Clause: Evasion abilities, items, and moves are banned\n|rule|Evasion Abilities Clause: Evasion abilities are banned\n|rule|Evasion Items Clause: Evasion items are banned\n|rule|Evasion Moves Clause: Evasion moves are banned\n|rule|Species Clause: Limit one of each Pok\u00e9mon\n|rule|Sleep Clause Mod: Limit one foe put to sleep\n|clearpoke\n|poke|p1|Dusknoir, M|\n|poke|p1|Arbok, F|\n|poke|p1|Absol, M|\n|poke|p1|Machamp, M|\n|poke|p1|Breloom, M|\n|poke|p1|Magmortar, M|\n|poke|p2|Kommo-o, F|\n|poke|p2|Iron Valiant|\n|poke|p2|Lopunny, F|\n|poke|p2|Blaziken, M|\n|poke|p2|Urshifu-*, M|\n|poke|p2|Great Tusk|\n|teampreview\n|\n|t:|1700267286\n|start\n|switch|p1a: BIG|Machamp, M|100\/100\n|switch|p2a: We|Iron Valiant|100\/100\n|turn|1\n|\n|t:|1700267299\n|move|p2a: We|Focus Blast|p1a: BIG\n|-damage|p1a: BIG|41\/100\n|move|p1a: BIG|Dynamic Punch|p2a: We\n|-resisted|p2a: We\n|-damage|p2a: We|63\/100\n|-start|p2a: We|confusion\n|\n|upkeep\n|turn|2\n|\n|t:|1700267308\n|move|p1a: BIG|Bullet Punch|p2a: We\n|-supereffective|p2a: We\n|-damage|p2a: We|23\/100\n|-activate|p2a: We|confusion\n|-damage|p2a: We|9\/100|[from] confusion\n|\n|upkeep\n|turn|3\n|\n|t:|1700267314\n|move|p1a: BIG|Bullet Punch|p2a: We\n|-supereffective|p2a: We\n|-damage|p2a: We|0 fnt\n|faint|p2a: We\n|-end|p2a: We|Quark Drive|[silent]\n|\n|upkeep\n|\n|t:|1700267316\n|switch|p2a: Lopunny|Lopunny, F, shiny|100\/100\n|turn|4\n|\n|t:|1700267321\n|detailschange|p2a: Lopunny|Lopunny-Mega, F, shiny\n|-mega|p2a: Lopunny|Lopunny|Lopunnite\n|move|p2a: Lopunny|Quick Attack|p1a: BIG\n|-damage|p1a: BIG|20\/100\n|move|p1a: BIG|Dynamic Punch|p2a: Lopunny\n|-supereffective|p2a: Lopunny\n|-damage|p2a: Lopunny|0 fnt\n|faint|p2a: Lopunny\n|\n|upkeep\n|\n|t:|1700267323\n|switch|p2a: Urshifu|Urshifu-Rapid-Strike, M|100\/100\n|turn|5\n|\n|t:|1700267330\n|move|p1a: BIG|Bullet Punch|p2a: Urshifu\n|-resisted|p2a: Urshifu\n|-damage|p2a: Urshifu|93\/100\n|move|p2a: Urshifu|Surging Strikes|p1a: BIG\n|-crit|p1a: BIG\n|-damage|p1a: BIG|0 fnt\n|faint|p1a: BIG\n|-hitcount|p1: BIG|1\n|\n|upkeep\n|\n|t:|1700267340\n|switch|p1a: Buddy|Breloom, M|100\/100\n|turn|6\n|\n|t:|1700267345\n|-terastallize|p2a: Urshifu|Electric\n|move|p2a: Urshifu|Swords Dance|p2a: Urshifu\n|-boost|p2a: Urshifu|atk|2\n|move|p1a: Buddy|Spore|p2a: Urshifu\n|-status|p2a: Urshifu|slp|[from] move: Spore\n|\n|-status|p1a: Buddy|tox|[from] item: Toxic Orb\n|upkeep\n|turn|7\n|\n|t:|1700267355\n|cant|p2a: Urshifu|slp\n|move|p1a: Buddy|Substitute|p1a: Buddy\n|-start|p1a: Buddy|Substitute\n|-damage|p1a: Buddy|76\/100 tox\n|\n|-heal|p1a: Buddy|88\/100 tox|[from] ability: Poison Heal\n|upkeep\n|turn|8\n|inactive|Battle timer is ON: inactive players will automatically lose when time's up. (requested by RiouruK)\n|\n|t:|1700267363\n|-terastallize|p1a: Buddy|Normal\n|cant|p2a: Urshifu|slp\n|move|p1a: Buddy|Facade|p2a: Urshifu\n|-damage|p2a: Urshifu|33\/100 slp\n|\n|-heal|p1a: Buddy|100\/100 tox|[from] ability: Poison Heal\n|upkeep\n|turn|9\n|\n|t:|1700267371\n|cant|p2a: Urshifu|slp\n|move|p1a: Buddy|Facade|p2a: Urshifu\n|-damage|p2a: Urshifu|0 fnt\n|faint|p2a: Urshifu\n|\n|upkeep\n|\n|t:|1700267378\n|switch|p2a: Blaziken|Blaziken, M|100\/100\n|turn|10\n|\n|t:|1700267384\n|move|p2a: Blaziken|Flare Blitz|p1a: Buddy\n|-end|p1a: Buddy|Substitute\n|-damage|p2a: Blaziken|92\/100|[from] Recoil|[of] p1a: Buddy\n|move|p1a: Buddy|Spore|p2a: Blaziken\n|-status|p2a: Blaziken|slp|[from] move: Spore\n|\n|-ability|p2a: Blaziken|Speed Boost|boost\n|-boost|p2a: Blaziken|spe|1\n|upkeep\n|turn|11\n|\n|t:|1700267392\n|cant|p2a: Blaziken|slp\n|move|p1a: Buddy|Substitute|p1a: Buddy\n|-start|p1a: Buddy|Substitute\n|-damage|p1a: Buddy|76\/100 tox\n|\n|-heal|p1a: Buddy|88\/100 tox|[from] ability: Poison Heal\n|-ability|p2a: Blaziken|Speed Boost|boost\n|-boost|p2a: Blaziken|spe|1\n|upkeep\n|turn|12\n|\n|t:|1700267401\n|cant|p2a: Blaziken|slp\n|move|p1a: Buddy|Facade|p2a: Blaziken\n|-damage|p2a: Blaziken|0 fnt\n|faint|p2a: Blaziken\n|\n|-heal|p1a: Buddy|100\/100 tox|[from] ability: Poison Heal\n|upkeep\n|\n|t:|1700267403\n|switch|p2a: Lucarion't|Kommo-o, F|100\/100\n|turn|13\n|\n|t:|1700267414\n|move|p2a: Lucarion't|Boomburst|p1a: Buddy\n|-damage|p1a: Buddy|34\/100 tox\n|move|p1a: Buddy|Spore|p2a: Lucarion't\n|-status|p2a: Lucarion't|slp|[from] move: Spore\n|\n|-heal|p1a: Buddy|46\/100 tox|[from] ability: Poison Heal\n|upkeep\n|turn|14\n|\n|t:|1700267422\n|cant|p2a: Lucarion't|slp\n|move|p1a: Buddy|Drain Punch|p2a: Lucarion't\n|-damage|p2a: Lucarion't|70\/100 slp\n|-heal|p1a: Buddy|60\/100 tox|[from] drain|[of] p2a: Lucarion't\n|\n|-heal|p1a: Buddy|72\/100 tox|[from] ability: Poison Heal\n|upkeep\n|turn|15\n|\n|t:|1700267430\n|-curestatus|p2a: Lucarion't|slp|[msg]\n|move|p2a: Lucarion't|Boomburst|p1a: Buddy\n|-damage|p1a: Buddy|9\/100 tox\n|move|p1a: Buddy|Drain Punch|p2a: Lucarion't\n|-damage|p2a: Lucarion't|37\/100\n|-heal|p1a: Buddy|24\/100 tox|[from] drain|[of] p2a: Lucarion't\n|\n|-heal|p1a: Buddy|36\/100 tox|[from] ability: Poison Heal\n|upkeep\n|turn|16\n|\n|t:|1700267450\n|move|p2a: Lucarion't|Boomburst|p1a: Buddy\n|-damage|p1a: Buddy|0 fnt\n|faint|p1a: Buddy\n|\n|upkeep\n|\n|t:|1700267459\n|switch|p1a: SNAK|Arbok, F, shiny|100\/100\n|-ability|p1a: SNAK|Intimidate|boost\n|-unboost|p2a: Lucarion't|atk|1\n|turn|17\n|\n|t:|1700267465\n|-zpower|p2a: Lucarion't\n|move|p2a: Lucarion't|Clangorous Soulblaze|p1a: SNAK|[zeffect]\n|-damage|p1a: SNAK|0 fnt\n|faint|p1a: SNAK\n|-boost|p2a: Lucarion't|atk|1\n|-boost|p2a: Lucarion't|def|1\n|-boost|p2a: Lucarion't|spa|1\n|-boost|p2a: Lucarion't|spd|1\n|-boost|p2a: Lucarion't|spe|1\n|\n|upkeep\n|\n|t:|1700267487\n|switch|p1a: Magmortar|Magmortar, M|100\/100\n|turn|18\n|\n|t:|1700267496\n|move|p2a: Lucarion't|Clanging Scales|p1a: Magmortar\n|-damage|p1a: Magmortar|34\/100\n|-unboost|p2a: Lucarion't|def|1\n|move|p1a: Magmortar|Clear Smog|p2a: Lucarion't\n|-damage|p2a: Lucarion't|25\/100\n|-clearboost|p2a: Lucarion't\n|\n|upkeep\n|turn|19\n|\n|t:|1700267507\n|move|p2a: Lucarion't|Boomburst|p1a: Magmortar\n|-damage|p1a: Magmortar|0 fnt\n|faint|p1a: Magmortar\n|\n|upkeep\n|\n|t:|1700267512\n|switch|p1a: huster|Dusknoir, M|100\/100\n|-item|p2a: Lucarion't|Kommonium Z|[from] ability: Frisk|[of] p1a: huster|[identify]\n|turn|20\n|\n|t:|1700267520\n|move|p1a: huster|Shadow Sneak|p2a: Lucarion't\n|-damage|p2a: Lucarion't|4\/100\n|move|p2a: Lucarion't|Clanging Scales|p1a: huster\n|-damage|p1a: huster|73\/100\n|-unboost|p2a: Lucarion't|def|1\n|\n|upkeep\n|turn|21\n|\n|t:|1700267527\n|move|p1a: huster|Shadow Sneak|p2a: Lucarion't\n|-damage|p2a: Lucarion't|0 fnt\n|faint|p2a: Lucarion't\n|\n|upkeep\n|\n|t:|1700267529\n|switch|p2a: Great Tusk|Great Tusk|100\/100\n|turn|22\n|\n|t:|1700267540\n|move|p2a: Great Tusk|Headlong Rush|p1a: huster\n|-damage|p1a: huster|25\/100\n|-unboost|p2a: Great Tusk|def|1\n|-unboost|p2a: Great Tusk|spd|1\n|move|p1a: huster|Brick Break|p2a: Great Tusk\n|-damage|p2a: Great Tusk|77\/100\n|\n|-heal|p2a: Great Tusk|83\/100|[from] item: Leftovers\n|upkeep\n|turn|23\n|\n|t:|1700267550\n|move|p2a: Great Tusk|Headlong Rush|p1a: huster\n|-damage|p1a: huster|0 fnt\n|-unboost|p2a: Great Tusk|def|1\n|-unboost|p2a: Great Tusk|spd|1\n|faint|p1a: huster\n|\n|-heal|p2a: Great Tusk|89\/100|[from] item: Leftovers\n|upkeep\n|\n|t:|1700267558\n|switch|p1a: Garmy|Absol, M|100\/100\n|turn|24\n|\n|t:|1700267566\n|detailschange|p1a: Garmy|Absol-Mega, M\n|-mega|p1a: Garmy|Absol|Absolite\n|move|p1a: Garmy|Play Rough|p2a: Great Tusk|[miss]\n|-miss|p1a: Garmy|p2a: Great Tusk\n|move|p2a: Great Tusk|Close Combat|p1a: Garmy\n|-supereffective|p1a: Garmy\n|-damage|p1a: Garmy|0 fnt\n|-unboost|p2a: Great Tusk|def|1\n|-unboost|p2a: Great Tusk|spd|1\n|faint|p1a: Garmy\n|\n|win|RiouruK\n|raw|Boomerangman111's rating: 1061 &rarr; <strong>1046<\/strong><br \/>(-15 for losing)\n|raw|RiouruK's rating: 1131 &rarr; <strong>1151<\/strong><br \/>(+20 for winning)\n|c|\u2606Boomerangman111|bruh\n|l|\u2606Boomerangman111\n","uploadtime":1700267577,"views":9,"p1id":"boomerangman111","p2id":"riouruk","formatid":"gen9nationaldex","rating":1046,"private":0,"password":""}