{"id":"gen9nationaldex-1994766112","p1":"Foxy13_ty","p2":"DDC2","format":"[Gen 9] National Dex","log":"|html|<div class=\"broadcast-blue\"><strong>[Gen 9] National Dex is currently suspecting Sneasler! For information on how to participate check out the <a href=\"https:\/\/www.smogon.com\/forums\/threads\/sv-national-dex-suspect-8-just-dance.3731534\/\">suspect thread<\/a>.<\/strong><\/div>\n|j|\u2606Foxy13_ty\n|j|\u2606DDC2\n|t:|1700490635\n|gametype|singles\n|player|p1|Foxy13_ty|lucas-gen4pt|1269\n|player|p2|DDC2|gambler|1174\n|teamsize|p1|6\n|teamsize|p2|6\n|gen|9\n|tier|[Gen 9] National Dex\n|rated|\n|rule|HP Percentage Mod: HP is shown in percentages\n|rule|Endless Battle Clause: Forcing endless battles is banned\n|rule|OHKO Clause: OHKO moves are banned\n|rule|Evasion Clause: Evasion abilities, items, and moves are banned\n|rule|Evasion Abilities Clause: Evasion abilities are banned\n|rule|Evasion Items Clause: Evasion items are banned\n|rule|Evasion Moves Clause: Evasion moves are banned\n|rule|Species Clause: Limit one of each Pok\u00e9mon\n|rule|Sleep Clause Mod: Limit one foe put to sleep\n|clearpoke\n|poke|p1|Gengar, M|\n|poke|p1|Weezing, M|\n|poke|p1|Amoonguss, M|\n|poke|p1|Scolipede, M|\n|poke|p1|Tentacruel, M|\n|poke|p1|Drapion, M|\n|poke|p2|Gyarados, F|\n|poke|p2|Chandelure, M|\n|poke|p2|Corviknight, M|\n|poke|p2|Garchomp, F|\n|poke|p2|Hatterene, F|\n|poke|p2|Enamorus, F|\n|teampreview\n|\n|t:|1700490643\n|start\n|switch|p1a: Gengar|Gengar, M|100\/100\n|switch|p2a: Corviknight|Corviknight, M|100\/100\n|turn|1\n|\n|t:|1700490653\n|move|p1a: Gengar|Shadow Ball|p2a: Corviknight\n|-damage|p2a: Corviknight|63\/100\n|move|p2a: Corviknight|Brave Bird|p1a: Gengar\n|-damage|p1a: Gengar|29\/100\n|-damage|p2a: Corviknight|48\/100|[from] Recoil\n|\n|upkeep\n|turn|2\n|\n|t:|1700490668\n|switch|p1a: Weezing|Weezing, M|100\/100\n|move|p2a: Corviknight|Roost|p2a: Corviknight\n|-heal|p2a: Corviknight|98\/100\n|-singleturn|p2a: Corviknight|move: Roost\n|\n|upkeep\n|turn|3\n|\n|t:|1700490674\n|move|p2a: Corviknight|Brave Bird|p1a: Weezing\n|-damage|p1a: Weezing|76\/100\n|-damage|p2a: Corviknight|91\/100|[from] Recoil\n|move|p1a: Weezing|Will-O-Wisp|p2a: Corviknight\n|-status|p2a: Corviknight|brn\n|\n|-heal|p1a: Weezing|82\/100|[from] item: Leftovers\n|-damage|p2a: Corviknight|85\/100 brn|[from] brn\n|upkeep\n|turn|4\n|\n|t:|1700490688\n|switch|p2a: Chandelure|Chandelure, M|100\/100\n|move|p1a: Weezing|Heat Wave|p2a: Chandelure\n|-resisted|p2a: Chandelure\n|-damage|p2a: Chandelure|88\/100\n|\n|-heal|p1a: Weezing|88\/100|[from] item: Leftovers\n|upkeep\n|turn|5\n|\n|t:|1700490700\n|switch|p1a: Tentacruel|Tentacruel, M|100\/100\n|move|p2a: Chandelure|Psychic|p1a: Tentacruel\n|-supereffective|p1a: Tentacruel\n|-damage|p1a: Tentacruel|29\/100\n|\n|upkeep\n|turn|6\n|\n|t:|1700490710\n|switch|p2a: Corviknight|Corviknight, M|85\/100 brn\n|-terastallize|p1a: Tentacruel|Ghost\n|move|p1a: Tentacruel|Scald|p2a: Corviknight\n|-damage|p2a: Corviknight|55\/100 brn\n|\n|-damage|p2a: Corviknight|48\/100 brn|[from] brn\n|upkeep\n|turn|7\n|\n|t:|1700490724\n|move|p1a: Tentacruel|Scald|p2a: Corviknight\n|-damage|p2a: Corviknight|21\/100 brn\n|move|p2a: Corviknight|Roost|p2a: Corviknight\n|-heal|p2a: Corviknight|71\/100 brn\n|-singleturn|p2a: Corviknight|move: Roost\n|\n|-damage|p2a: Corviknight|65\/100 brn|[from] brn\n|upkeep\n|turn|8\n|\n|t:|1700490731\n|move|p1a: Tentacruel|Rapid Spin|p2a: Corviknight\n|-resisted|p2a: Corviknight\n|-damage|p2a: Corviknight|63\/100 brn\n|-boost|p1a: Tentacruel|spe|1\n|-damage|p1a: Tentacruel|13\/100|[from] item: Rocky Helmet|[of] p2a: Corviknight\n|move|p2a: Corviknight|Roost|p2a: Corviknight\n|-heal|p2a: Corviknight|100\/100 brn\n|-singleturn|p2a: Corviknight|move: Roost\n|\n|-damage|p2a: Corviknight|94\/100 brn|[from] brn\n|upkeep\n|turn|9\n|\n|t:|1700490747\n|move|p1a: Tentacruel|Scald|p2a: Corviknight\n|-damage|p2a: Corviknight|65\/100 brn\n|move|p2a: Corviknight|Brave Bird|p1a: Tentacruel\n|-damage|p1a: Tentacruel|0 fnt\n|faint|p1a: Tentacruel\n|-damage|p2a: Corviknight|61\/100 brn|[from] Recoil\n|\n|-damage|p2a: Corviknight|55\/100 brn|[from] brn\n|upkeep\n|\n|t:|1700490753\n|switch|p1a: Weezing|Weezing, M|88\/100\n|turn|10\n|\n|t:|1700490769\n|switch|p2a: Garchomp|Garchomp, F|100\/100\n|move|p1a: Weezing|Heat Wave|p2a: Garchomp\n|-resisted|p2a: Garchomp\n|-damage|p2a: Garchomp|94\/100\n|-status|p2a: Garchomp|brn\n|\n|-heal|p1a: Weezing|94\/100|[from] item: Leftovers\n|-damage|p2a: Garchomp|88\/100 brn|[from] brn\n|upkeep\n|turn|11\n|\n|t:|1700490782\n|move|p2a: Garchomp|Iron Head|p1a: Weezing\n|-damage|p1a: Weezing|84\/100\n|move|p1a: Weezing|Clear Smog|p2a: Garchomp\n|-resisted|p2a: Garchomp\n|-damage|p2a: Garchomp|83\/100 brn\n|-clearboost|p2a: Garchomp\n|\n|-heal|p1a: Weezing|90\/100|[from] item: Leftovers\n|-damage|p2a: Garchomp|77\/100 brn|[from] brn\n|upkeep\n|turn|12\n|\n|t:|1700490796\n|move|p1a: Weezing|Heat Wave|p2a: Garchomp\n|-resisted|p2a: Garchomp\n|-damage|p2a: Garchomp|70\/100 brn\n|move|p2a: Garchomp|Dragon Tail|p1a: Weezing\n|-damage|p1a: Weezing|79\/100\n|drag|p1a: Drapion|Drapion, M|100\/100\n|\n|-damage|p2a: Garchomp|64\/100 brn|[from] brn\n|upkeep\n|turn|13\n|\n|t:|1700490814\n|switch|p1a: Weezing|Weezing, M|79\/100\n|switch|p2a: Corviknight|Corviknight, M|55\/100 brn\n|\n|-heal|p1a: Weezing|85\/100|[from] item: Leftovers\n|-damage|p2a: Corviknight|49\/100 brn|[from] brn\n|upkeep\n|turn|14\n|\n|t:|1700490832\n|switch|p2a: Chandelure|Chandelure, M|88\/100\n|move|p1a: Weezing|Heat Wave|p2a: Chandelure\n|-resisted|p2a: Chandelure\n|-damage|p2a: Chandelure|75\/100\n|\n|-heal|p1a: Weezing|91\/100|[from] item: Leftovers\n|upkeep\n|turn|15\n|\n|t:|1700490844\n|move|p2a: Chandelure|Flamethrower|p1a: Weezing\n|-damage|p1a: Weezing|0 fnt\n|faint|p1a: Weezing\n|\n|upkeep\n|\n|t:|1700490855\n|switch|p1a: Gengar|Gengar, M|29\/100\n|turn|16\n|\n|t:|1700490861\n|switch|p2a: Garchomp|Garchomp, F|64\/100 brn\n|move|p1a: Gengar|Shadow Ball|p2a: Garchomp\n|-damage|p2a: Garchomp|40\/100 brn\n|\n|-damage|p2a: Garchomp|34\/100 brn|[from] brn\n|upkeep\n|turn|17\n|\n|t:|1700490875\n|move|p1a: Gengar|Dark Pulse|p2a: Garchomp\n|-damage|p2a: Garchomp|16\/100 brn\n|move|p2a: Garchomp|Scale Shot|p1a: Gengar\n|-damage|p1a: Gengar|15\/100\n|-damage|p1a: Gengar|1\/100\n|-damage|p1a: Gengar|0 fnt\n|faint|p1a: Gengar\n|-hitcount|p1: Gengar|3\n|-unboost|p2a: Garchomp|def|1\n|-boost|p2a: Garchomp|spe|1\n|\n|-damage|p2a: Garchomp|10\/100 brn|[from] brn\n|upkeep\n|\n|t:|1700490887\n|switch|p1a: Scolipede|Scolipede, M|100\/100\n|turn|18\n|\n|t:|1700490900\n|move|p2a: Garchomp|Iron Head|p1a: Scolipede\n|-damage|p1a: Scolipede|78\/100\n|move|p1a: Scolipede|Swords Dance|p1a: Scolipede\n|-boost|p1a: Scolipede|atk|2\n|\n|-damage|p2a: Garchomp|3\/100 brn|[from] brn\n|-ability|p1a: Scolipede|Speed Boost|boost\n|-boost|p1a: Scolipede|spe|1\n|upkeep\n|turn|19\n|\n|t:|1700490909\n|move|p1a: Scolipede|Earthquake|p2a: Garchomp\n|-damage|p2a: Garchomp|0 fnt\n|faint|p2a: Garchomp\n|\n|-ability|p1a: Scolipede|Speed Boost|boost\n|-boost|p1a: Scolipede|spe|1\n|upkeep\n|\n|t:|1700490919\n|switch|p2a: Hatterene|Hatterene, F|100\/100\n|turn|20\n|\n|t:|1700490925\n|move|p1a: Scolipede|Megahorn|p2a: Hatterene\n|-enditem|p2a: Hatterene|Focus Sash\n|-damage|p2a: Hatterene|1\/100\n|move|p2a: Hatterene|Trick Room|p2a: Hatterene\n|-fieldstart|move: Trick Room|[of] p2a: Hatterene\n|\n|-ability|p1a: Scolipede|Speed Boost|boost\n|-boost|p1a: Scolipede|spe|1\n|upkeep\n|turn|21\n|\n|t:|1700490935\n|switch|p1a: Amoonguss|Amoonguss, M|100\/100\n|move|p2a: Hatterene|Expanding Force|p1a: Amoonguss\n|-supereffective|p1a: Amoonguss\n|-damage|p1a: Amoonguss|32\/100\n|\n|-heal|p1a: Amoonguss|38\/100|[from] item: Leftovers\n|upkeep\n|turn|22\n|\n|t:|1700490942\n|move|p2a: Hatterene|Expanding Force|p1a: Amoonguss\n|-supereffective|p1a: Amoonguss\n|-damage|p1a: Amoonguss|0 fnt\n|faint|p1a: Amoonguss\n|\n|upkeep\n|\n|t:|1700490950\n|switch|p1a: Drapion|Drapion, M|100\/100\n|turn|23\n|\n|t:|1700490955\n|move|p2a: Hatterene|Draining Kiss|p1a: Drapion\n|-damage|p1a: Drapion|54\/100\n|-heal|p2a: Hatterene|32\/100|[from] drain|[of] p1a: Drapion\n|move|p1a: Drapion|Poison Jab|p2a: Hatterene\n|-supereffective|p2a: Hatterene\n|-damage|p2a: Hatterene|0 fnt\n|faint|p2a: Hatterene\n|\n|upkeep\n|\n|t:|1700490959\n|switch|p2a: Enamorus|Enamorus, F|100\/100\n|-enditem|p2a: Enamorus|Room Service\n|-boost|p2a: Enamorus|spe|1|[from] item: Room Service\n|turn|24\n|\n|t:|1700490966\n|-terastallize|p2a: Enamorus|Dark\n|move|p1a: Drapion|Poison Jab|p2a: Enamorus\n|-damage|p2a: Enamorus|50\/100\n|move|p2a: Enamorus|Superpower|p1a: Drapion\n|-damage|p1a: Drapion|10\/100\n|-boost|p2a: Enamorus|atk|1\n|-boost|p2a: Enamorus|def|1\n|\n|-fieldend|move: Trick Room\n|upkeep\n|turn|25\n|\n|t:|1700490980\n|move|p2a: Enamorus|Superpower|p1a: Drapion\n|-damage|p1a: Drapion|0 fnt\n|-boost|p2a: Enamorus|atk|1\n|-boost|p2a: Enamorus|def|1\n|faint|p1a: Drapion\n|\n|upkeep\n|\n|t:|1700490984\n|switch|p1a: Scolipede|Scolipede, M|78\/100\n|turn|26\n|\n|t:|1700490998\n|move|p2a: Enamorus|Tera Blast|p1a: Scolipede|[anim] Tera Blast Dark\n|-damage|p1a: Scolipede|0 fnt\n|faint|p1a: Scolipede\n|\n|win|DDC2\n|raw|Foxy13_ty's rating: 1269 &rarr; <strong>1237<\/strong><br \/>(-32 for losing)\n|raw|DDC2's rating: 1174 &rarr; <strong>1206<\/strong><br \/>(+32 for winning)\n","uploadtime":1700491013,"views":1,"p1id":"foxy13ty","p2id":"ddc2","formatid":"gen9nationaldex","rating":1206,"private":0,"password":""}