{"id":"gen9nationaldex-1988913790","p1":"angzilovefansher","p2":"Andrews Finn3","format":"[Gen 9] National Dex","log":"|j|\u2606angzilovefansher\n|j|\u2606Andrews Finn3\n|t:|1699786695\n|gametype|singles\n|player|p1|angzilovefansher|norman|1276\n|player|p2|Andrews Finn3|steven|1250\n|teamsize|p1|6\n|teamsize|p2|6\n|gen|9\n|tier|[Gen 9] National Dex\n|rated|\n|rule|HP Percentage Mod: HP is shown in percentages\n|rule|Endless Battle Clause: Forcing endless battles is banned\n|rule|OHKO Clause: OHKO moves are banned\n|rule|Evasion Clause: Evasion abilities, items, and moves are banned\n|rule|Evasion Abilities Clause: Evasion abilities are banned\n|rule|Evasion Items Clause: Evasion items are banned\n|rule|Evasion Moves Clause: Evasion moves are banned\n|rule|Species Clause: Limit one of each Pok\u00e9mon\n|rule|Sleep Clause Mod: Limit one foe put to sleep\n|clearpoke\n|poke|p1|Ursaluna, F|\n|poke|p1|Porygon2|\n|poke|p1|Exploud, F|\n|poke|p1|Ditto|\n|poke|p1|Audino, F|\n|poke|p1|Cinccino, F|\n|poke|p2|Hydreigon, M|\n|poke|p2|Heracross, M|\n|poke|p2|Corviknight, F|\n|poke|p2|Glimmora, F|\n|poke|p2|Ceruledge, M|\n|poke|p2|Ferrothorn, F|\n|teampreview\n|\n|t:|1699786711\n|start\n|switch|p1a: Porygon2|Porygon2|100\/100\n|switch|p2a: Glimmora|Glimmora, F|100\/100\n|-ability|p1a: Porygon2|Toxic Debris|[from] ability: Trace|[of] p2a: Glimmora\n|turn|1\n|\n|t:|1699786717\n|move|p1a: Porygon2|Magic Coat|p1a: Porygon2\n|-singleturn|p1a: Porygon2|move: Magic Coat\n|move|p2a: Glimmora|Stealth Rock|p1a: Porygon2\n|move|p1a: Porygon2|Stealth Rock|p2a: Glimmora|[from]Magic Coat\n|-sidestart|p2: Andrews Finn3|move: Stealth Rock\n|\n|upkeep\n|turn|2\n|\n|t:|1699786727\n|move|p2a: Glimmora|Mortal Spin|p1a: Porygon2\n|-damage|p1a: Porygon2|97\/100\n|-status|p1a: Porygon2|psn\n|-activate|p1a: Porygon2|ability: Toxic Debris\n|-sidestart|p2: Andrews Finn3|move: Toxic Spikes\n|-sideend|p2: Andrews Finn3|Toxic Spikes|[from] move: Mortal Spin|[of] p2a: Glimmora\n|-sideend|p2: Andrews Finn3|Stealth Rock|[from] move: Mortal Spin|[of] p2a: Glimmora\n|move|p1a: Porygon2|Teleport|p1a: Porygon2\n|\n|t:|1699786732\n|switch|p1a: Ditto|Ditto|100\/100|[from] Teleport\n|-transform|p1a: Ditto|p2a: Glimmora|[from] ability: Imposter\n|\n|upkeep\n|turn|3\n|\n|t:|1699786747\n|switch|p2a: Hydreigon|Hydreigon, M|100\/100\n|-terastallize|p1a: Ditto|Normal\n|move|p1a: Ditto|Earth Power|p2a: Hydreigon\n|-immune|p2a: Hydreigon|[from] ability: Levitate\n|\n|upkeep\n|turn|4\n|\n|t:|1699786755\n|move|p2a: Hydreigon|Dark Pulse|p1a: Ditto\n|-damage|p1a: Ditto|41\/100\n|-enditem|p1a: Ditto|Red Card|[of] p2a: Hydreigon\n|drag|p2a: Corviknight|Corviknight, F|100\/100\n|-ability|p2a: Corviknight|Pressure\n|move|p1a: Ditto|Stealth Rock|p2a: Corviknight\n|-sidestart|p2: Andrews Finn3|move: Stealth Rock\n|\n|upkeep\n|turn|5\n|\n|t:|1699786767\n|switch|p1a: Porygon2|Porygon2|97\/100 psn\n|-ability|p1a: Porygon2|Pressure\n|-ability|p1a: Porygon2|Pressure|[from] ability: Trace|[of] p2a: Corviknight\n|switch|p2a: Glimmora|Glimmora, F|100\/100\n|-damage|p2a: Glimmora|88\/100|[from] Stealth Rock\n|\n|-damage|p1a: Porygon2|85\/100 psn|[from] psn\n|upkeep\n|turn|6\n|\n|t:|1699786774\n|move|p1a: Porygon2|Magic Coat|p1a: Porygon2\n|-singleturn|p1a: Porygon2|move: Magic Coat\n|move|p2a: Glimmora|Mortal Spin|p1a: Porygon2\n|-damage|p1a: Porygon2|81\/100 psn\n|-sideend|p2: Andrews Finn3|Stealth Rock|[from] move: Mortal Spin|[of] p2a: Glimmora\n|\n|-damage|p1a: Porygon2|69\/100 psn|[from] psn\n|upkeep\n|turn|7\n|\n|t:|1699786780\n|move|p1a: Porygon2|Magic Coat|p1a: Porygon2\n|-singleturn|p1a: Porygon2|move: Magic Coat\n|move|p2a: Glimmora|Stealth Rock|p1a: Porygon2\n|move|p1a: Porygon2|Stealth Rock|p2a: Glimmora|[from]Magic Coat\n|-sidestart|p2: Andrews Finn3|move: Stealth Rock\n|\n|-damage|p1a: Porygon2|57\/100 psn|[from] psn\n|upkeep\n|turn|8\n|\n|t:|1699786784\n|move|p2a: Glimmora|Mortal Spin|p1a: Porygon2\n|-damage|p1a: Porygon2|53\/100 psn\n|-sideend|p2: Andrews Finn3|Stealth Rock|[from] move: Mortal Spin|[of] p2a: Glimmora\n|move|p1a: Porygon2|Teleport|p1a: Porygon2\n|\n|t:|1699786789\n|switch|p1a: Ursaluna|Ursaluna, F|100\/100|[from] Teleport\n|\n|-status|p1a: Ursaluna|brn|[from] item: Flame Orb\n|upkeep\n|turn|9\n|\n|t:|1699786796\n|switch|p2a: Corviknight|Corviknight, F|100\/100\n|-ability|p2a: Corviknight|Pressure\n|move|p1a: Ursaluna|Headlong Rush|p2a: Corviknight\n|-immune|p2a: Corviknight\n|\n|-damage|p1a: Ursaluna|94\/100 brn|[from] brn\n|upkeep\n|turn|10\n|inactive|Battle timer is ON: inactive players will automatically lose when time's up. (requested by angzilovefansher)\n|\n|t:|1699786810\n|move|p2a: Corviknight|Brave Bird|p1a: Ursaluna\n|-damage|p1a: Ursaluna|70\/100 brn\n|-damage|p2a: Corviknight|91\/100|[from] Recoil\n|move|p1a: Ursaluna|Fire Punch|p2a: Corviknight\n|-supereffective|p2a: Corviknight\n|-damage|p2a: Corviknight|40\/100\n|-damage|p1a: Ursaluna|53\/100 brn|[from] item: Rocky Helmet|[of] p2a: Corviknight\n|\n|-damage|p1a: Ursaluna|47\/100 brn|[from] brn\n|upkeep\n|turn|11\n|\n|t:|1699786822\n|move|p2a: Corviknight|Roost|p2a: Corviknight\n|-heal|p2a: Corviknight|90\/100\n|-singleturn|p2a: Corviknight|move: Roost\n|move|p1a: Ursaluna|Fire Punch|p2a: Corviknight\n|-supereffective|p2a: Corviknight\n|-damage|p2a: Corviknight|35\/100\n|-damage|p1a: Ursaluna|31\/100 brn|[from] item: Rocky Helmet|[of] p2a: Corviknight\n|\n|-damage|p1a: Ursaluna|24\/100 brn|[from] brn\n|upkeep\n|turn|12\n|\n|t:|1699786825\n|switch|p1a: Porygon2|Porygon2|53\/100 psn\n|-ability|p1a: Porygon2|Pressure\n|-ability|p1a: Porygon2|Pressure|[from] ability: Trace|[of] p2a: Corviknight\n|move|p2a: Corviknight|Roost|p2a: Corviknight\n|-heal|p2a: Corviknight|85\/100\n|-singleturn|p2a: Corviknight|move: Roost\n|\n|-damage|p1a: Porygon2|41\/100 psn|[from] psn\n|upkeep\n|turn|13\n|\n|t:|1699786829\n|move|p2a: Corviknight|U-turn|p1a: Porygon2\n|-damage|p1a: Porygon2|34\/100 psn\n|\n|t:|1699786835\n|switch|p2a: Glimmora|Glimmora, F|88\/100|[from] U-turn\n|move|p1a: Porygon2|Recover|p1a: Porygon2\n|-heal|p1a: Porygon2|84\/100 psn\n|\n|-damage|p1a: Porygon2|72\/100 psn|[from] psn\n|upkeep\n|turn|14\n|\n|t:|1699786845\n|move|p2a: Glimmora|Earth Power|p1a: Porygon2\n|-damage|p1a: Porygon2|52\/100 psn\n|move|p1a: Porygon2|Trick Room|p1a: Porygon2\n|-fieldstart|move: Trick Room|[of] p1a: Porygon2\n|\n|-damage|p1a: Porygon2|40\/100 psn|[from] psn\n|upkeep\n|turn|15\n|\n|t:|1699786854\n|move|p2a: Glimmora|Stealth Rock|p1a: Porygon2\n|-sidestart|p1: angzilovefansher|move: Stealth Rock\n|move|p1a: Porygon2|Teleport|p1a: Porygon2\n|\n|t:|1699786856\n|switch|p1a: Exploud|Exploud, F|100\/100|[from] Teleport\n|-damage|p1a: Exploud|88\/100|[from] Stealth Rock\n|\n|upkeep\n|turn|16\n|\n|t:|1699786861\n|move|p1a: Exploud|Boomburst|p2a: Glimmora\n|-resisted|p2a: Glimmora\n|-damage|p2a: Glimmora|23\/100\n|-enditem|p2a: Glimmora|Red Card|[of] p1a: Exploud\n|drag|p1a: Ditto|Ditto, tera:Normal|41\/100\n|-damage|p1a: Ditto|29\/100|[from] Stealth Rock\n|-transform|p1a: Ditto|p2a: Glimmora|[from] ability: Imposter\n|move|p2a: Glimmora|Mortal Spin|p1a: Ditto\n|-damage|p1a: Ditto|21\/100\n|-status|p1a: Ditto|psn\n|-activate|p1a: Ditto|ability: Toxic Debris\n|-sidestart|p2: Andrews Finn3|move: Toxic Spikes\n|-sideend|p2: Andrews Finn3|Toxic Spikes|[from] move: Mortal Spin|[of] p2a: Glimmora\n|\n|-damage|p1a: Ditto|8\/100 psn|[from] psn\n|upkeep\n|turn|17\n|\n|t:|1699786882\n|move|p1a: Ditto|Stealth Rock|p2a: Glimmora\n|-sidestart|p2: Andrews Finn3|move: Stealth Rock\n|move|p2a: Glimmora|Earth Power|p1a: Ditto\n|-damage|p1a: Ditto|0 fnt\n|faint|p1a: Ditto\n|\n|upkeep\n|\n|t:|1699786886\n|switch|p1a: Exploud|Exploud, F|88\/100\n|-damage|p1a: Exploud|76\/100|[from] Stealth Rock\n|turn|18\n|\n|t:|1699786893\n|switch|p2a: Corviknight|Corviknight, F|85\/100\n|-damage|p2a: Corviknight|73\/100|[from] Stealth Rock\n|-ability|p2a: Corviknight|Pressure\n|move|p1a: Exploud|Boomburst|p2a: Corviknight\n|-resisted|p2a: Corviknight\n|-damage|p2a: Corviknight|30\/100\n|\n|-fieldend|move: Trick Room\n|upkeep\n|turn|19\n|\n|t:|1699786902\n|move|p1a: Exploud|Boomburst|p2a: Corviknight\n|-resisted|p2a: Corviknight\n|-damage|p2a: Corviknight|0 fnt\n|faint|p2a: Corviknight\n|\n|upkeep\n|\n|t:|1699786904\n|switch|p2a: Glimmora|Glimmora, F|23\/100\n|-damage|p2a: Glimmora|11\/100|[from] Stealth Rock\n|turn|20\n|\n|t:|1699786908\n|move|p2a: Glimmora|Mortal Spin|p1a: Exploud\n|-damage|p1a: Exploud|68\/100\n|-status|p1a: Exploud|psn\n|-sideend|p2: Andrews Finn3|Stealth Rock|[from] move: Mortal Spin|[of] p2a: Glimmora\n|move|p1a: Exploud|Boomburst|p2a: Glimmora\n|-resisted|p2a: Glimmora\n|-damage|p2a: Glimmora|0 fnt\n|faint|p2a: Glimmora\n|\n|-damage|p1a: Exploud|56\/100 psn|[from] psn\n|upkeep\n|\n|t:|1699786918\n|switch|p2a: Heracross|Heracross, M|100\/100\n|turn|21\n|\n|t:|1699786922\n|switch|p1a: Porygon2|Porygon2|40\/100 psn\n|-damage|p1a: Porygon2|28\/100 psn|[from] Stealth Rock\n|-ability|p1a: Porygon2|Swarm|[from] ability: Trace|[of] p2a: Heracross\n|move|p2a: Heracross|Close Combat|p1a: Porygon2\n|-supereffective|p1a: Porygon2\n|-damage|p1a: Porygon2|0 fnt\n|-unboost|p2a: Heracross|def|1\n|-unboost|p2a: Heracross|spd|1\n|faint|p1a: Porygon2\n|\n|upkeep\n|\n|t:|1699786924\n|switch|p1a: Audino|Audino, F|100\/100\n|-damage|p1a: Audino|88\/100|[from] Stealth Rock\n|turn|22\n|\n|t:|1699786930\n|switch|p2a: Ferrothorn|Ferrothorn, F|100\/100\n|detailschange|p1a: Audino|Audino-Mega, F\n|-mega|p1a: Audino|Audino|Audinite\n|move|p1a: Audino|Light Screen|p1a: Audino\n|-sidestart|p1: angzilovefansher|move: Light Screen\n|\n|upkeep\n|turn|23\n|\n|t:|1699786937\n|move|p2a: Ferrothorn|Spikes|p1a: Audino\n|-sidestart|p1: angzilovefansher|Spikes\n|move|p1a: Audino|Trick Room|p1a: Audino\n|-fieldstart|move: Trick Room|[of] p1a: Audino\n|\n|upkeep\n|turn|24\n|\n|t:|1699786944\n|move|p2a: Ferrothorn|Power Whip|p1a: Audino|[miss]\n|-miss|p2a: Ferrothorn|p1a: Audino\n|move|p1a: Audino|Healing Wish|p1a: Audino\n|faint|p1a: Audino\n|\n|upkeep\n|\n|t:|1699786947\n|switch|p1a: Ursaluna|Ursaluna, F|24\/100 brn\n|-heal|p1a: Ursaluna|100\/100|[from] move: Healing Wish\n|-damage|p1a: Ursaluna|94\/100|[from] Stealth Rock\n|-damage|p1a: Ursaluna|82\/100|[from] Spikes\n|turn|25\n|\n|t:|1699786957\n|move|p2a: Ferrothorn|Knock Off|p1a: Ursaluna\n|-damage|p1a: Ursaluna|68\/100\n|-enditem|p1a: Ursaluna|Flame Orb|[from] move: Knock Off|[of] p2a: Ferrothorn\n|move|p1a: Ursaluna|Fire Punch|p2a: Ferrothorn\n|-supereffective|p2a: Ferrothorn\n|-damage|p2a: Ferrothorn|4\/100\n|-damage|p1a: Ursaluna|56\/100|[from] ability: Iron Barbs|[of] p2a: Ferrothorn\n|\n|-heal|p2a: Ferrothorn|10\/100|[from] item: Leftovers\n|upkeep\n|turn|26\n|-message|angzilovefansher forfeited.\n|\n|win|Andrews Finn3\n|raw|angzilovefansher's rating: 1276 &rarr; <strong>1249<\/strong><br \/>(-27 for losing)\n|raw|Andrews Finn3's rating: 1250 &rarr; <strong>1277<\/strong><br \/>(+27 for winning)\n|l|\u2606angzilovefansher\n","uploadtime":1699786976,"views":4,"p1id":"angzilovefansher","p2id":"andrewsfinn3","formatid":"gen9nationaldex","rating":1249,"private":0,"password":""}