{"id":"gen9nationaldex-1998351212","p1":"yeyumang","p2":"0xyt0c1njunk1e","format":"[Gen 9] National Dex","log":"|html|<div class=\"broadcast-blue\"><strong>[Gen 9] National Dex is currently suspecting Sneasler! For information on how to participate check out the <a href=\"https:\/\/www.smogon.com\/forums\/threads\/sv-national-dex-suspect-8-just-dance.3731534\/\">suspect thread<\/a>.<\/strong><\/div>\n|j|\u2606yeyumang\n|j|\u26060xyt0c1njunk1e\n|t:|1700932611\n|gametype|singles\n|player|p1|yeyumang|colress|1158\n|player|p2|0xyt0c1njunk1e|iris|1246\n|teamsize|p1|6\n|teamsize|p2|6\n|gen|9\n|tier|[Gen 9] National Dex\n|rated|\n|rule|HP Percentage Mod: HP is shown in percentages\n|rule|Endless Battle Clause: Forcing endless battles is banned\n|rule|OHKO Clause: OHKO moves are banned\n|rule|Evasion Clause: Evasion abilities, items, and moves are banned\n|rule|Evasion Abilities Clause: Evasion abilities are banned\n|rule|Evasion Items Clause: Evasion items are banned\n|rule|Evasion Moves Clause: Evasion moves are banned\n|rule|Species Clause: Limit one of each Pok\u00e9mon\n|rule|Sleep Clause Mod: Limit one foe put to sleep\n|clearpoke\n|poke|p1|Scizor, F|\n|poke|p1|Glimmora, F|\n|poke|p1|Gliscor, M|\n|poke|p1|Keldeo-Resolute|\n|poke|p1|Rotom-Wash|\n|poke|p1|Ceruledge, F|\n|poke|p2|Clodsire, F|\n|poke|p2|Dondozo, F|\n|poke|p2|Alomomola, F|\n|poke|p2|Talonflame, M|\n|poke|p2|Blissey, F|\n|poke|p2|Ferrothorn, M|\n|teampreview\n|inactive|Battle timer is ON: inactive players will automatically lose when time's up. (requested by 0xyt0c1njunk1e)\n|\n|t:|1700932616\n|start\n|switch|p1a: Gliscor|Gliscor, M|100\/100\n|switch|p2a: Alomomola|Alomomola, F|100\/100\n|turn|1\n|\n|t:|1700932619\n|move|p1a: Gliscor|Spikes|p2a: Alomomola\n|-sidestart|p2: 0xyt0c1njunk1e|Spikes\n|move|p2a: Alomomola|Whirlpool|p1a: Gliscor\n|-supereffective|p1a: Gliscor\n|-damage|p1a: Gliscor|90\/100\n|-activate|p1a: Gliscor|move: Whirlpool|[of] p2a: Alomomola\n|\n|-damage|p1a: Gliscor|77\/100|[from] move: Whirlpool|[partiallytrapped]\n|-status|p1a: Gliscor|tox|[from] item: Toxic Orb\n|upkeep\n|turn|2\n|\n|t:|1700932626\n|move|p1a: Gliscor|Spikes|p2a: Alomomola\n|-sidestart|p2: 0xyt0c1njunk1e|Spikes\n|move|p2a: Alomomola|Chilling Water|p1a: Gliscor\n|-supereffective|p1a: Gliscor\n|-damage|p1a: Gliscor|61\/100 tox\n|-unboost|p1a: Gliscor|atk|1\n|\n|-heal|p1a: Gliscor|74\/100 tox|[from] ability: Poison Heal\n|-damage|p1a: Gliscor|61\/100 tox|[from] move: Whirlpool|[partiallytrapped]\n|upkeep\n|turn|3\n|\n|t:|1700932629\n|move|p1a: Gliscor|Spikes|p2a: Alomomola\n|-sidestart|p2: 0xyt0c1njunk1e|Spikes\n|move|p2a: Alomomola|Chilling Water|p1a: Gliscor\n|-supereffective|p1a: Gliscor\n|-damage|p1a: Gliscor|46\/100 tox\n|-unboost|p1a: Gliscor|atk|1\n|\n|-heal|p1a: Gliscor|58\/100 tox|[from] ability: Poison Heal\n|-damage|p1a: Gliscor|46\/100 tox|[from] move: Whirlpool|[partiallytrapped]\n|upkeep\n|turn|4\n|\n|t:|1700932633\n|move|p1a: Gliscor|Roost|p1a: Gliscor\n|-heal|p1a: Gliscor|96\/100 tox\n|-singleturn|p1a: Gliscor|move: Roost\n|move|p2a: Alomomola|Chilling Water|p1a: Gliscor\n|-supereffective|p1a: Gliscor\n|-damage|p1a: Gliscor|82\/100 tox\n|-unboost|p1a: Gliscor|atk|1\n|\n|-heal|p1a: Gliscor|94\/100 tox|[from] ability: Poison Heal\n|-damage|p1a: Gliscor|82\/100 tox|[from] move: Whirlpool|[partiallytrapped]\n|upkeep\n|turn|5\n|\n|t:|1700932638\n|move|p1a: Gliscor|Toxic|p2a: Alomomola\n|-status|p2a: Alomomola|tox\n|move|p2a: Alomomola|Chilling Water|p1a: Gliscor\n|-supereffective|p1a: Gliscor\n|-damage|p1a: Gliscor|66\/100 tox\n|-unboost|p1a: Gliscor|atk|1\n|\n|-heal|p1a: Gliscor|78\/100 tox|[from] ability: Poison Heal\n|-damage|p2a: Alomomola|94\/100 tox|[from] psn\n|-damage|p1a: Gliscor|66\/100 tox|[from] move: Whirlpool|[partiallytrapped]\n|upkeep\n|turn|6\n|\n|t:|1700932641\n|move|p1a: Gliscor|Roost|p1a: Gliscor\n|-heal|p1a: Gliscor|100\/100 tox\n|-singleturn|p1a: Gliscor|move: Roost\n|move|p2a: Alomomola|Chilling Water|p1a: Gliscor\n|-supereffective|p1a: Gliscor\n|-damage|p1a: Gliscor|85\/100 tox\n|-unboost|p1a: Gliscor|atk|1\n|\n|-heal|p1a: Gliscor|98\/100 tox|[from] ability: Poison Heal\n|-damage|p2a: Alomomola|82\/100 tox|[from] psn\n|-end|p1a: Gliscor|Whirlpool|[partiallytrapped]\n|upkeep\n|turn|7\n|\n|t:|1700932646\n|switch|p2a: Ferrothorn|Ferrothorn, M|100\/100\n|-damage|p2a: Ferrothorn|76\/100|[from] Spikes\n|move|p1a: Gliscor|Earthquake|p2a: Ferrothorn\n|-damage|p2a: Ferrothorn|70\/100\n|\n|-heal|p1a: Gliscor|100\/100 tox|[from] ability: Poison Heal\n|upkeep\n|turn|8\n|\n|t:|1700932655\n|switch|p1a: Ceruledge|Ceruledge, F|100\/100\n|move|p2a: Ferrothorn|Knock Off|p1a: Ceruledge\n|-supereffective|p1a: Ceruledge\n|-damage|p1a: Ceruledge|46\/100\n|-ability|p1a: Ceruledge|Weak Armor|boost\n|-unboost|p1a: Ceruledge|def|1\n|-boost|p1a: Ceruledge|spe|2\n|-enditem|p1a: Ceruledge|Focus Sash|[from] move: Knock Off|[of] p2a: Ferrothorn\n|\n|upkeep\n|turn|9\n|\n|t:|1700932661\n|switch|p2a: Dondozo|Dondozo, F|100\/100\n|move|p1a: Ceruledge|Bitter Blade|p2a: Dondozo\n|-resisted|p2a: Dondozo\n|-damage|p2a: Dondozo|91\/100\n|-heal|p1a: Ceruledge|55\/100|[from] drain|[of] p2a: Dondozo\n|\n|upkeep\n|turn|10\n|\n|t:|1700932668\n|switch|p1a: Rotom|Rotom-Wash|100\/100\n|move|p2a: Dondozo|Liquidation|p1a: Rotom\n|-resisted|p1a: Rotom\n|-damage|p1a: Rotom|90\/100\n|-unboost|p1a: Rotom|def|1\n|\n|-heal|p1a: Rotom|96\/100|[from] item: Leftovers\n|upkeep\n|turn|11\n|\n|t:|1700932672\n|switch|p2a: Blissey|Blissey, F|100\/100\n|move|p1a: Rotom|Thunderbolt|p2a: Blissey\n|-damage|p2a: Blissey|92\/100\n|\n|-heal|p1a: Rotom|100\/100|[from] item: Leftovers\n|upkeep\n|turn|12\n|\n|t:|1700932678\n|move|p1a: Rotom|Will-O-Wisp|p2a: Blissey\n|-status|p2a: Blissey|brn\n|move|p2a: Blissey|Stealth Rock|p1a: Rotom\n|-sidestart|p1: yeyumang|move: Stealth Rock\n|\n|-damage|p2a: Blissey|86\/100 brn|[from] brn\n|upkeep\n|turn|13\n|\n|t:|1700932682\n|move|p1a: Rotom|Volt Switch|p2a: Blissey\n|-damage|p2a: Blissey|79\/100 brn\n|\n|t:|1700932685\n|switch|p1a: Glimmora|Glimmora, F|100\/100|[from] Volt Switch\n|-damage|p1a: Glimmora|88\/100|[from] Stealth Rock\n|move|p2a: Blissey|Seismic Toss|p1a: Glimmora\n|-damage|p1a: Glimmora|56\/100\n|-activate|p1a: Glimmora|ability: Toxic Debris\n|-sidestart|p2: 0xyt0c1njunk1e|move: Toxic Spikes\n|\n|-damage|p2a: Blissey|72\/100 brn|[from] brn\n|upkeep\n|turn|14\n|\n|t:|1700932696\n|-curestatus|p2a: Blissey|brn|[from] ability: Natural Cure\n|switch|p2a: Ferrothorn|Ferrothorn, M|70\/100\n|-damage|p2a: Ferrothorn|45\/100|[from] Spikes\n|move|p1a: Glimmora|Power Gem|p2a: Ferrothorn\n|-resisted|p2a: Ferrothorn\n|-damage|p2a: Ferrothorn|26\/100\n|\n|upkeep\n|turn|15\n|\n|t:|1700932710\n|switch|p2a: Blissey|Blissey, F|72\/100\n|move|p1a: Glimmora|Earth Power|p2a: Blissey\n|-damage|p2a: Blissey|64\/100\n|\n|upkeep\n|turn|16\n|\n|t:|1700932716\n|move|p1a: Glimmora|Mortal Spin|p2a: Blissey\n|-crit|p2a: Blissey\n|-damage|p2a: Blissey|46\/100\n|-status|p2a: Blissey|psn\n|-sideend|p1: yeyumang|Stealth Rock|[from] move: Mortal Spin|[of] p1a: Glimmora\n|move|p2a: Blissey|Seismic Toss|p1a: Glimmora\n|-damage|p1a: Glimmora|23\/100\n|-activate|p1a: Glimmora|ability: Toxic Debris\n|-sidestart|p2: 0xyt0c1njunk1e|move: Toxic Spikes\n|\n|-damage|p2a: Blissey|33\/100 psn|[from] psn\n|upkeep\n|turn|17\n|\n|t:|1700932723\n|move|p1a: Glimmora|Mortal Spin|p2a: Blissey\n|-damage|p2a: Blissey|22\/100 psn\n|move|p2a: Blissey|Soft-Boiled|p2a: Blissey\n|-heal|p2a: Blissey|72\/100 psn\n|\n|-damage|p2a: Blissey|59\/100 psn|[from] psn\n|upkeep\n|turn|18\n|\n|t:|1700932728\n|move|p1a: Glimmora|Mortal Spin|p2a: Blissey\n|-damage|p2a: Blissey|49\/100 psn\n|move|p2a: Blissey|Soft-Boiled|p2a: Blissey\n|-heal|p2a: Blissey|99\/100 psn\n|\n|-damage|p2a: Blissey|86\/100 psn|[from] psn\n|upkeep\n|turn|19\n|\n|t:|1700932732\n|move|p1a: Glimmora|Mortal Spin|p2a: Blissey\n|-damage|p2a: Blissey|74\/100 psn\n|move|p2a: Blissey|Seismic Toss|p1a: Glimmora\n|-damage|p1a: Glimmora|0 fnt\n|faint|p1a: Glimmora\n|\n|-damage|p2a: Blissey|62\/100 psn|[from] psn\n|upkeep\n|\n|t:|1700932738\n|switch|p1a: Scizor|Scizor, F|100\/100\n|turn|20\n|\n|t:|1700932742\n|-curestatus|p2a: Blissey|psn|[from] ability: Natural Cure\n|switch|p2a: Talonflame|Talonflame, M|100\/100\n|detailschange|p1a: Scizor|Scizor-Mega, F\n|-mega|p1a: Scizor|Scizor|Scizorite\n|move|p1a: Scizor|Swords Dance|p1a: Scizor\n|-boost|p1a: Scizor|atk|2\n|\n|upkeep\n|turn|21\n|\n|t:|1700932752\n|switch|p1a: Keldeo|Keldeo-Resolute|100\/100\n|move|p2a: Talonflame|Defog|p1a: Keldeo\n|-unboost|p1a: Keldeo|evasion|1\n|-sideend|p2: 0xyt0c1njunk1e|Spikes|[from] move: Defog|[of] p2a: Talonflame\n|-sideend|p2: 0xyt0c1njunk1e|Toxic Spikes|[from] move: Defog|[of] p2a: Talonflame\n|\n|upkeep\n|turn|22\n|\n|t:|1700932757\n|switch|p2a: Dondozo|Dondozo, F|91\/100\n|move|p1a: Keldeo|Secret Sword|p2a: Dondozo\n|-damage|p2a: Dondozo|62\/100\n|\n|upkeep\n|turn|23\n|\n|t:|1700932764\n|move|p1a: Keldeo|Secret Sword|p2a: Dondozo\n|-damage|p2a: Dondozo|33\/100\n|move|p2a: Dondozo|Liquidation|p1a: Keldeo\n|-resisted|p1a: Keldeo\n|-damage|p1a: Keldeo|83\/100\n|\n|upkeep\n|turn|24\n|\n|t:|1700932770\n|move|p1a: Keldeo|Secret Sword|p2a: Dondozo\n|-damage|p2a: Dondozo|3\/100\n|move|p2a: Dondozo|Rest|p2a: Dondozo\n|-status|p2a: Dondozo|slp|[from] move: Rest\n|-heal|p2a: Dondozo|100\/100 slp|[silent]\n|\n|upkeep\n|turn|25\n|\n|t:|1700932790\n|switch|p1a: Ceruledge|Ceruledge, F|55\/100\n|cant|p2a: Dondozo|slp\n|move|p2a: Dondozo|Sleep Talk|p2a: Dondozo\n|move|p2a: Dondozo|Rest||[from]move: Sleep Talk|[still]\n|-fail|p2a: Dondozo\n|\n|upkeep\n|turn|26\n|\n|t:|1700932797\n|move|p1a: Ceruledge|Swords Dance|p1a: Ceruledge\n|-boost|p1a: Ceruledge|atk|2\n|cant|p2a: Dondozo|slp\n|move|p2a: Dondozo|Sleep Talk|p2a: Dondozo\n|move|p2a: Dondozo|Liquidation|p1a: Ceruledge|[from]move: Sleep Talk\n|-supereffective|p1a: Ceruledge\n|-damage|p1a: Ceruledge|0 fnt\n|faint|p1a: Ceruledge\n|\n|upkeep\n|\n|t:|1700932805\n|switch|p1a: Rotom|Rotom-Wash|100\/100\n|turn|27\n|\n|t:|1700932810\n|switch|p2a: Blissey|Blissey, F|62\/100\n|move|p1a: Rotom|Will-O-Wisp|p2a: Blissey\n|-status|p2a: Blissey|brn\n|\n|-damage|p2a: Blissey|56\/100 brn|[from] brn\n|upkeep\n|turn|28\n|\n|t:|1700932816\n|move|p1a: Rotom|Thunderbolt|p2a: Blissey\n|-damage|p2a: Blissey|47\/100 brn\n|move|p2a: Blissey|Soft-Boiled|p2a: Blissey\n|-heal|p2a: Blissey|97\/100 brn\n|\n|-damage|p2a: Blissey|91\/100 brn|[from] brn\n|upkeep\n|turn|29\n|\n|t:|1700932820\n|move|p1a: Rotom|Volt Switch|p2a: Blissey\n|-damage|p2a: Blissey|83\/100 brn\n|\n|t:|1700932823\n|switch|p1a: Keldeo|Keldeo-Resolute|83\/100|[from] Volt Switch\n|move|p2a: Blissey|Stealth Rock|p1a: Keldeo\n|-sidestart|p1: yeyumang|move: Stealth Rock\n|\n|-damage|p2a: Blissey|77\/100 brn|[from] brn\n|upkeep\n|turn|30\n|\n|t:|1700932827\n|-curestatus|p2a: Blissey|brn|[from] ability: Natural Cure\n|switch|p2a: Dondozo|Dondozo, F|100\/100 slp\n|move|p1a: Keldeo|Secret Sword|p2a: Dondozo\n|-damage|p2a: Dondozo|71\/100 slp\n|\n|upkeep\n|turn|31\n|\n|t:|1700932834\n|switch|p1a: Scizor|Scizor-Mega, F|100\/100\n|-damage|p1a: Scizor|88\/100|[from] Stealth Rock\n|-curestatus|p2a: Dondozo|slp|[msg]\n|move|p2a: Dondozo|Liquidation|p1a: Scizor\n|-damage|p1a: Scizor|70\/100\n|\n|upkeep\n|turn|32\n|\n|t:|1700932846\n|switch|p2a: Alomomola|Alomomola, F|100\/100 tox\n|move|p1a: Scizor|U-turn|p2a: Alomomola\n|-damage|p2a: Alomomola|82\/100 tox\n|\n|t:|1700932850\n|switch|p1a: Gliscor|Gliscor, M|100\/100 tox|[from] U-turn\n|-damage|p1a: Gliscor|88\/100 tox|[from] Stealth Rock\n|\n|-heal|p1a: Gliscor|100\/100 tox|[from] ability: Poison Heal\n|-damage|p2a: Alomomola|76\/100 tox|[from] psn\n|upkeep\n|turn|33\n|\n|t:|1700932854\n|move|p1a: Gliscor|Spikes|p2a: Alomomola\n|-sidestart|p2: 0xyt0c1njunk1e|Spikes\n|move|p2a: Alomomola|Wish|p2a: Alomomola\n|\n|-damage|p2a: Alomomola|64\/100 tox|[from] psn\n|upkeep\n|turn|34\n|\n|t:|1700932858\n|switch|p2a: Ferrothorn|Ferrothorn, M|26\/100\n|-damage|p2a: Ferrothorn|13\/100|[from] Spikes\n|move|p1a: Gliscor|Spikes|p2a: Ferrothorn\n|-sidestart|p2: 0xyt0c1njunk1e|Spikes\n|\n|-heal|p2a: Ferrothorn|89\/100|[from] move: Wish|[wisher] Alomomola\n|upkeep\n|turn|35\n|\n|t:|1700932865\n|move|p1a: Gliscor|Earthquake|p2a: Ferrothorn\n|-damage|p2a: Ferrothorn|71\/100\n|move|p2a: Ferrothorn|Leech Seed|p1a: Gliscor\n|-start|p1a: Gliscor|move: Leech Seed\n|\n|-damage|p1a: Gliscor|88\/100 tox|[from] Leech Seed|[of] p2a: Ferrothorn\n|-heal|p2a: Ferrothorn|84\/100|[silent]\n|-heal|p1a: Gliscor|100\/100 tox|[from] ability: Poison Heal\n|upkeep\n|turn|36\n|\n|t:|1700932874\n|switch|p1a: Keldeo|Keldeo-Resolute|83\/100\n|-damage|p1a: Keldeo|77\/100|[from] Stealth Rock\n|move|p2a: Ferrothorn|Spikes|p1a: Keldeo\n|-sidestart|p1: yeyumang|Spikes\n|\n|upkeep\n|turn|37\n|\n|t:|1700932878\n|move|p2a: Ferrothorn|Protect|p2a: Ferrothorn\n|-singleturn|p2a: Ferrothorn|Protect\n|move|p1a: Keldeo|Hidden Power|p2a: Ferrothorn\n|-activate|p2a: Ferrothorn|move: Protect\n|\n|upkeep\n|turn|38\n|\n|t:|1700932884\n|move|p1a: Keldeo|Hidden Power|p2a: Ferrothorn\n|-damage|p2a: Ferrothorn|57\/100\n|move|p2a: Ferrothorn|Leech Seed|p1a: Keldeo\n|-start|p1a: Keldeo|move: Leech Seed\n|\n|-damage|p1a: Keldeo|64\/100|[from] Leech Seed|[of] p2a: Ferrothorn\n|-heal|p2a: Ferrothorn|69\/100|[silent]\n|upkeep\n|turn|39\n|\n|t:|1700932890\n|switch|p1a: Rotom|Rotom-Wash|100\/100\n|-damage|p1a: Rotom|88\/100|[from] Stealth Rock\n|move|p2a: Ferrothorn|Protect||[still]\n|-fail|p2a: Ferrothorn\n|\n|-heal|p1a: Rotom|94\/100|[from] item: Leftovers\n|upkeep\n|turn|40\n|\n|t:|1700932893\n|move|p1a: Rotom|Volt Switch|p2a: Ferrothorn\n|-resisted|p2a: Ferrothorn\n|-damage|p2a: Ferrothorn|58\/100\n|\n|t:|1700932895\n|switch|p1a: Gliscor|Gliscor, M|100\/100 tox|[from] Volt Switch\n|-damage|p1a: Gliscor|88\/100 tox|[from] Stealth Rock\n|move|p2a: Ferrothorn|Spikes|p1a: Gliscor\n|-sidestart|p1: yeyumang|Spikes\n|\n|-heal|p1a: Gliscor|100\/100 tox|[from] ability: Poison Heal\n|upkeep\n|turn|41\n|\n|t:|1700932899\n|move|p1a: Gliscor|Spikes|p2a: Ferrothorn\n|-sidestart|p2: 0xyt0c1njunk1e|Spikes\n|move|p2a: Ferrothorn|Leech Seed|p1a: Gliscor\n|-start|p1a: Gliscor|move: Leech Seed\n|\n|-damage|p1a: Gliscor|88\/100 tox|[from] Leech Seed|[of] p2a: Ferrothorn\n|-heal|p2a: Ferrothorn|71\/100|[silent]\n|-heal|p1a: Gliscor|100\/100 tox|[from] ability: Poison Heal\n|upkeep\n|turn|42\n|\n|t:|1700932906\n|switch|p1a: Rotom|Rotom-Wash|94\/100\n|-damage|p1a: Rotom|82\/100|[from] Stealth Rock\n|move|p2a: Ferrothorn|Spikes|p1a: Rotom\n|-sidestart|p1: yeyumang|Spikes\n|\n|-heal|p1a: Rotom|88\/100|[from] item: Leftovers\n|upkeep\n|turn|43\n|\n|t:|1700932909\n|move|p1a: Rotom|Will-O-Wisp|p2a: Ferrothorn\n|-status|p2a: Ferrothorn|brn\n|move|p2a: Ferrothorn|Leech Seed|p1a: Rotom\n|-start|p1a: Rotom|move: Leech Seed\n|\n|-heal|p1a: Rotom|94\/100|[from] item: Leftovers\n|-damage|p1a: Rotom|82\/100|[from] Leech Seed|[of] p2a: Ferrothorn\n|-heal|p2a: Ferrothorn|81\/100 brn|[silent]\n|-damage|p2a: Ferrothorn|75\/100 brn|[from] brn\n|upkeep\n|turn|44\n|\n|t:|1700932916\n|switch|p1a: Gliscor|Gliscor, M|100\/100 tox\n|-damage|p1a: Gliscor|88\/100 tox|[from] Stealth Rock\n|move|p2a: Ferrothorn|Protect||[still]\n|-fail|p2a: Ferrothorn\n|\n|-heal|p1a: Gliscor|100\/100 tox|[from] ability: Poison Heal\n|-damage|p2a: Ferrothorn|69\/100 brn|[from] brn\n|upkeep\n|turn|45\n|\n|t:|1700932923\n|switch|p1a: Rotom|Rotom-Wash|82\/100\n|-damage|p1a: Rotom|69\/100|[from] Stealth Rock\n|move|p2a: Ferrothorn|Leech Seed|p1a: Rotom\n|-start|p1a: Rotom|move: Leech Seed\n|\n|-heal|p1a: Rotom|75\/100|[from] item: Leftovers\n|-damage|p1a: Rotom|63\/100|[from] Leech Seed|[of] p2a: Ferrothorn\n|-heal|p2a: Ferrothorn|80\/100 brn|[silent]\n|-damage|p2a: Ferrothorn|74\/100 brn|[from] brn\n|upkeep\n|turn|46\n|\n|t:|1700932927\n|switch|p1a: Gliscor|Gliscor, M|100\/100 tox\n|-damage|p1a: Gliscor|88\/100 tox|[from] Stealth Rock\n|move|p2a: Ferrothorn|Knock Off|p1a: Gliscor\n|-damage|p1a: Gliscor|81\/100 tox\n|-enditem|p1a: Gliscor|Toxic Orb|[from] move: Knock Off|[of] p2a: Ferrothorn\n|\n|-heal|p1a: Gliscor|93\/100 tox|[from] ability: Poison Heal\n|-damage|p2a: Ferrothorn|68\/100 brn|[from] brn\n|upkeep\n|turn|47\n|\n|t:|1700932930\n|move|p1a: Gliscor|Earthquake|p2a: Ferrothorn\n|-damage|p2a: Ferrothorn|48\/100 brn\n|move|p2a: Ferrothorn|Knock Off|p1a: Gliscor\n|-damage|p1a: Gliscor|88\/100 tox\n|\n|-heal|p1a: Gliscor|100\/100 tox|[from] ability: Poison Heal\n|-damage|p2a: Ferrothorn|42\/100 brn|[from] brn\n|upkeep\n|turn|48\n|\n|t:|1700932934\n|move|p1a: Gliscor|Earthquake|p2a: Ferrothorn\n|-damage|p2a: Ferrothorn|24\/100 brn\n|move|p2a: Ferrothorn|Leech Seed|p1a: Gliscor|[miss]\n|-miss|p2a: Ferrothorn|p1a: Gliscor\n|\n|-damage|p2a: Ferrothorn|18\/100 brn|[from] brn\n|upkeep\n|turn|49\n|\n|t:|1700932938\n|switch|p2a: Talonflame|Talonflame, M|100\/100\n|move|p1a: Gliscor|Earthquake|p2a: Talonflame\n|-immune|p2a: Talonflame\n|\n|upkeep\n|turn|50\n|\n|t:|1700932946\n|move|p2a: Talonflame|Defog|p1a: Gliscor\n|-unboost|p1a: Gliscor|evasion|1\n|-sideend|p1: yeyumang|Spikes|[from] move: Defog|[of] p2a: Talonflame\n|-sideend|p1: yeyumang|Stealth Rock|[from] move: Defog|[of] p2a: Talonflame\n|-sideend|p2: 0xyt0c1njunk1e|Spikes|[from] move: Defog|[of] p2a: Talonflame\n|move|p1a: Gliscor|Toxic|p2a: Talonflame\n|-status|p2a: Talonflame|tox\n|\n|-damage|p2a: Talonflame|94\/100 tox|[from] psn\n|upkeep\n|turn|51\n|\n|t:|1700932962\n|switch|p2a: Dondozo|Dondozo, F|71\/100\n|move|p1a: Gliscor|Spikes|p2a: Dondozo\n|-sidestart|p2: 0xyt0c1njunk1e|Spikes\n|\n|upkeep\n|turn|52\n|\n|t:|1700932966\n|move|p1a: Gliscor|Earthquake|p2a: Dondozo\n|-damage|p2a: Dondozo|56\/100\n|move|p2a: Dondozo|Liquidation|p1a: Gliscor\n|-supereffective|p1a: Gliscor\n|-crit|p1a: Gliscor\n|-damage|p1a: Gliscor|29\/100 tox\n|-unboost|p1a: Gliscor|def|1\n|\n|-heal|p1a: Gliscor|41\/100 tox|[from] ability: Poison Heal\n|upkeep\n|turn|53\n|\n|t:|1700932982\n|-terastallize|p1a: Gliscor|Fairy\n|move|p1a: Gliscor|Roost|p1a: Gliscor\n|-heal|p1a: Gliscor|91\/100 tox\n|move|p2a: Dondozo|Liquidation|p1a: Gliscor\n|-damage|p1a: Gliscor|67\/100 tox\n|\n|-heal|p1a: Gliscor|80\/100 tox|[from] ability: Poison Heal\n|upkeep\n|turn|54\n|\n|t:|1700932995\n|move|p1a: Gliscor|Toxic|p2a: Dondozo\n|-status|p2a: Dondozo|tox\n|move|p2a: Dondozo|Liquidation|p1a: Gliscor\n|-damage|p1a: Gliscor|57\/100 tox\n|\n|-heal|p1a: Gliscor|70\/100 tox|[from] ability: Poison Heal\n|-damage|p2a: Dondozo|50\/100 tox|[from] psn\n|upkeep\n|turn|55\n|\n|t:|1700933010\n|move|p1a: Gliscor|Spikes|p2a: Dondozo\n|-sidestart|p2: 0xyt0c1njunk1e|Spikes\n|move|p2a: Dondozo|Rest|p2a: Dondozo\n|-status|p2a: Dondozo|slp|[from] move: Rest\n|-heal|p2a: Dondozo|100\/100 slp|[silent]\n|\n|-heal|p1a: Gliscor|82\/100 tox|[from] ability: Poison Heal\n|upkeep\n|turn|56\n|\n|t:|1700933023\n|switch|p2a: Talonflame|Talonflame, M|94\/100 tox\n|move|p1a: Gliscor|Spikes|p2a: Talonflame\n|-sidestart|p2: 0xyt0c1njunk1e|Spikes\n|\n|-damage|p2a: Talonflame|88\/100 tox|[from] psn\n|-heal|p1a: Gliscor|95\/100 tox|[from] ability: Poison Heal\n|upkeep\n|turn|57\n|\n|t:|1700933029\n|move|p2a: Talonflame|Defog|p1a: Gliscor\n|-unboost|p1a: Gliscor|evasion|1\n|-sideend|p2: 0xyt0c1njunk1e|Spikes|[from] move: Defog|[of] p2a: Talonflame\n|move|p1a: Gliscor|Spikes|p2a: Talonflame\n|-sidestart|p2: 0xyt0c1njunk1e|Spikes\n|\n|-damage|p2a: Talonflame|76\/100 tox|[from] psn\n|-heal|p1a: Gliscor|100\/100 tox|[from] ability: Poison Heal\n|upkeep\n|turn|58\n|\n|t:|1700933033\n|move|p2a: Talonflame|Defog|p1a: Gliscor\n|-unboost|p1a: Gliscor|evasion|1\n|-sideend|p2: 0xyt0c1njunk1e|Spikes|[from] move: Defog|[of] p2a: Talonflame\n|move|p1a: Gliscor|Spikes|p2a: Talonflame\n|-sidestart|p2: 0xyt0c1njunk1e|Spikes\n|\n|-damage|p2a: Talonflame|58\/100 tox|[from] psn\n|upkeep\n|turn|59\n|\n|t:|1700933035\n|move|p2a: Talonflame|Flamethrower|p1a: Gliscor\n|-damage|p1a: Gliscor|80\/100 tox\n|move|p1a: Gliscor|Spikes|p2a: Talonflame\n|-sidestart|p2: 0xyt0c1njunk1e|Spikes\n|\n|-damage|p2a: Talonflame|33\/100 tox|[from] psn\n|-heal|p1a: Gliscor|93\/100 tox|[from] ability: Poison Heal\n|upkeep\n|turn|60\n|\n|t:|1700933041\n|move|p2a: Talonflame|Roost|p2a: Talonflame\n|-heal|p2a: Talonflame|83\/100 tox\n|-singleturn|p2a: Talonflame|move: Roost\n|move|p1a: Gliscor|Spikes|p2a: Talonflame\n|-sidestart|p2: 0xyt0c1njunk1e|Spikes\n|\n|-damage|p2a: Talonflame|53\/100 tox|[from] psn\n|-heal|p1a: Gliscor|100\/100 tox|[from] ability: Poison Heal\n|upkeep\n|turn|61\n|\n|t:|1700933049\n|switch|p2a: Alomomola|Alomomola, F|97\/100 tox\n|move|p1a: Gliscor|Spikes||[still]\n|-fail|p1a: Gliscor\n|\n|-damage|p2a: Alomomola|91\/100 tox|[from] psn\n|upkeep\n|turn|62\n|\n|t:|1700933055\n|move|p1a: Gliscor|Spikes||[still]\n|-fail|p1a: Gliscor\n|move|p2a: Alomomola|Wish|p2a: Alomomola\n|\n|-damage|p2a: Alomomola|79\/100 tox|[from] psn\n|upkeep\n|turn|63\n|\n|t:|1700933061\n|switch|p2a: Talonflame|Talonflame, M|53\/100 tox\n|move|p1a: Gliscor|Earthquake|p2a: Talonflame\n|-immune|p2a: Talonflame\n|\n|-heal|p2a: Talonflame|100\/100 tox|[from] move: Wish|[wisher] Alomomola\n|-damage|p2a: Talonflame|94\/100 tox|[from] psn\n|upkeep\n|turn|64\n|\n|t:|1700933067\n|switch|p2a: Dondozo|Dondozo, F|100\/100 slp\n|move|p1a: Gliscor|Spikes||[still]\n|-fail|p1a: Gliscor\n|\n|upkeep\n|turn|65\n|\n|t:|1700933072\n|switch|p2a: Alomomola|Alomomola, F|100\/100 tox\n|move|p1a: Gliscor|Earthquake|p2a: Alomomola\n|-damage|p2a: Alomomola|82\/100 tox\n|\n|-damage|p2a: Alomomola|76\/100 tox|[from] psn\n|upkeep\n|turn|66\n|\n|t:|1700933077\n|switch|p2a: Talonflame|Talonflame, M|94\/100 tox\n|move|p1a: Gliscor|Spikes||[still]\n|-fail|p1a: Gliscor\n|\n|-damage|p2a: Talonflame|88\/100 tox|[from] psn\n|upkeep\n|turn|67\n|\n|t:|1700933083\n|move|p2a: Talonflame|Flamethrower|p1a: Gliscor\n|-damage|p1a: Gliscor|81\/100 tox\n|move|p1a: Gliscor|Earthquake|p2a: Talonflame\n|-immune|p2a: Talonflame\n|\n|-damage|p2a: Talonflame|76\/100 tox|[from] psn\n|-heal|p1a: Gliscor|94\/100 tox|[from] ability: Poison Heal\n|upkeep\n|turn|68\n|\n|t:|1700933088\n|switch|p2a: Alomomola|Alomomola, F|100\/100 tox\n|move|p1a: Gliscor|Earthquake|p2a: Alomomola\n|-damage|p2a: Alomomola|81\/100 tox\n|\n|-heal|p1a: Gliscor|100\/100 tox|[from] ability: Poison Heal\n|-damage|p2a: Alomomola|75\/100 tox|[from] psn\n|upkeep\n|turn|69\n|\n|t:|1700933095\n|move|p1a: Gliscor|Earthquake|p2a: Alomomola\n|-damage|p2a: Alomomola|57\/100 tox\n|move|p2a: Alomomola|Chilling Water|p1a: Gliscor\n|-damage|p1a: Gliscor|93\/100 tox\n|-unboost|p1a: Gliscor|atk|1\n|\n|-heal|p1a: Gliscor|100\/100 tox|[from] ability: Poison Heal\n|-damage|p2a: Alomomola|45\/100 tox|[from] psn\n|upkeep\n|turn|70\n|\n|t:|1700933101\n|switch|p2a: Talonflame|Talonflame, M|76\/100 tox\n|move|p1a: Gliscor|Earthquake|p2a: Talonflame\n|-immune|p2a: Talonflame\n|\n|-damage|p2a: Talonflame|70\/100 tox|[from] psn\n|upkeep\n|turn|71\n|\n|t:|1700933106\n|move|p2a: Talonflame|Roost|p2a: Talonflame\n|-heal|p2a: Talonflame|100\/100 tox\n|-singleturn|p2a: Talonflame|move: Roost\n|move|p1a: Gliscor|Spikes||[still]\n|-fail|p1a: Gliscor\n|\n|-damage|p2a: Talonflame|88\/100 tox|[from] psn\n|upkeep\n|turn|72\n|\n|t:|1700933110\n|switch|p2a: Alomomola|Alomomola, F|78\/100 tox\n|move|p1a: Gliscor|Earthquake|p2a: Alomomola\n|-damage|p2a: Alomomola|67\/100 tox\n|\n|-damage|p2a: Alomomola|61\/100 tox|[from] psn\n|upkeep\n|turn|73\n|\n|t:|1700933117\n|switch|p2a: Talonflame|Talonflame, M|88\/100 tox\n|move|p1a: Gliscor|Earthquake|p2a: Talonflame\n|-immune|p2a: Talonflame\n|\n|-damage|p2a: Talonflame|82\/100 tox|[from] psn\n|upkeep\n|turn|74\n|\n|t:|1700933123\n|switch|p2a: Dondozo|Dondozo, F|100\/100 slp\n|move|p1a: Gliscor|Spikes||[still]\n|-fail|p1a: Gliscor\n|\n|upkeep\n|turn|75\n|\n|t:|1700933128\n|switch|p2a: Talonflame|Talonflame, M|82\/100 tox\n|move|p1a: Gliscor|Earthquake|p2a: Talonflame\n|-immune|p2a: Talonflame\n|\n|-damage|p2a: Talonflame|76\/100 tox|[from] psn\n|upkeep\n|turn|76\n|\n|t:|1700933144\n|switch|p2a: Dondozo|Dondozo, F|100\/100 slp\n|move|p1a: Gliscor|Spikes||[still]\n|-fail|p1a: Gliscor\n|\n|upkeep\n|turn|77\n|\n|t:|1700933151\n|move|p1a: Gliscor|Toxic||[still]\n|-fail|p1a: Gliscor\n|cant|p2a: Dondozo|slp\n|move|p2a: Dondozo|Sleep Talk|p2a: Dondozo\n|move|p2a: Dondozo|Body Press|p1a: Gliscor|[from]move: Sleep Talk\n|-resisted|p1a: Gliscor\n|-damage|p1a: Gliscor|89\/100 tox\n|\n|-heal|p1a: Gliscor|100\/100 tox|[from] ability: Poison Heal\n|upkeep\n|turn|78\n|\n|t:|1700933160\n|move|p1a: Gliscor|Spikes||[still]\n|-fail|p1a: Gliscor\n|cant|p2a: Dondozo|slp\n|move|p2a: Dondozo|Sleep Talk|p2a: Dondozo\n|move|p2a: Dondozo|Liquidation|p1a: Gliscor|[from]move: Sleep Talk\n|-crit|p1a: Gliscor\n|-damage|p1a: Gliscor|66\/100 tox\n|-unboost|p1a: Gliscor|def|1\n|\n|-heal|p1a: Gliscor|79\/100 tox|[from] ability: Poison Heal\n|upkeep\n|turn|79\n|\n|t:|1700933168\n|move|p1a: Gliscor|Spikes||[still]\n|-fail|p1a: Gliscor\n|-curestatus|p2a: Dondozo|slp|[msg]\n|move|p2a: Dondozo|Liquidation|p1a: Gliscor\n|-damage|p1a: Gliscor|57\/100 tox\n|-unboost|p1a: Gliscor|def|1\n|\n|-heal|p1a: Gliscor|69\/100 tox|[from] ability: Poison Heal\n|upkeep\n|turn|80\n|\n|t:|1700933179\n|move|p1a: Gliscor|Toxic|p2a: Dondozo\n|-status|p2a: Dondozo|tox\n|move|p2a: Dondozo|Liquidation|p1a: Gliscor\n|-damage|p1a: Gliscor|45\/100 tox\n|\n|-heal|p1a: Gliscor|57\/100 tox|[from] ability: Poison Heal\n|-damage|p2a: Dondozo|94\/100 tox|[from] psn\n|upkeep\n|turn|81\n|\n|t:|1700933190\n|switch|p2a: Talonflame|Talonflame, M|76\/100 tox\n|move|p1a: Gliscor|Roost|p1a: Gliscor\n|-heal|p1a: Gliscor|100\/100 tox\n|\n|-damage|p2a: Talonflame|70\/100 tox|[from] psn\n|upkeep\n|turn|82\n|\n|t:|1700933196\n|move|p2a: Talonflame|Defog|p1a: Gliscor\n|-unboost|p1a: Gliscor|evasion|1\n|-sideend|p2: 0xyt0c1njunk1e|Spikes|[from] move: Defog|[of] p2a: Talonflame\n|move|p1a: Gliscor|Earthquake|p2a: Talonflame\n|-immune|p2a: Talonflame\n|\n|-damage|p2a: Talonflame|58\/100 tox|[from] psn\n|upkeep\n|turn|83\n|\n|t:|1700933204\n|switch|p2a: Ferrothorn|Ferrothorn, M|18\/100 brn\n|move|p1a: Gliscor|Spikes|p2a: Ferrothorn\n|-sidestart|p2: 0xyt0c1njunk1e|Spikes\n|\n|-damage|p2a: Ferrothorn|12\/100 brn|[from] brn\n|upkeep\n|turn|84\n|\n|t:|1700933208\n|move|p1a: Gliscor|Spikes|p2a: Ferrothorn\n|-sidestart|p2: 0xyt0c1njunk1e|Spikes\n|move|p2a: Ferrothorn|Leech Seed|p1a: Gliscor\n|-start|p1a: Gliscor|move: Leech Seed\n|\n|-damage|p1a: Gliscor|88\/100 tox|[from] Leech Seed|[of] p2a: Ferrothorn\n|-heal|p2a: Ferrothorn|24\/100 brn|[silent]\n|-heal|p1a: Gliscor|100\/100 tox|[from] ability: Poison Heal\n|-damage|p2a: Ferrothorn|18\/100 brn|[from] brn\n|upkeep\n|turn|85\n|\n|t:|1700933214\n|switch|p1a: Rotom|Rotom-Wash|63\/100\n|move|p2a: Ferrothorn|Spikes|p1a: Rotom\n|-sidestart|p1: yeyumang|Spikes\n|\n|-heal|p1a: Rotom|69\/100|[from] item: Leftovers\n|-damage|p2a: Ferrothorn|12\/100 brn|[from] brn\n|upkeep\n|turn|86\n|\n|t:|1700933219\n|switch|p2a: Clodsire|Clodsire, F|100\/100\n|move|p1a: Rotom|Hydro Pump|p2a: Clodsire\n|-supereffective|p2a: Clodsire\n|-damage|p2a: Clodsire|57\/100\n|\n|-heal|p1a: Rotom|75\/100|[from] item: Leftovers\n|upkeep\n|turn|87\n|\n|t:|1700933225\n|move|p1a: Rotom|Hydro Pump|p2a: Clodsire\n|-supereffective|p2a: Clodsire\n|-damage|p2a: Clodsire|13\/100\n|move|p2a: Clodsire|Recover|p2a: Clodsire\n|-heal|p2a: Clodsire|63\/100\n|\n|-heal|p1a: Rotom|82\/100|[from] item: Leftovers\n|upkeep\n|turn|88\n|\n|t:|1700933233\n|switch|p2a: Blissey|Blissey, F|77\/100\n|move|p1a: Rotom|Hydro Pump|p2a: Blissey\n|-damage|p2a: Blissey|65\/100\n|\n|-heal|p1a: Rotom|88\/100|[from] item: Leftovers\n|upkeep\n|turn|89\n|\n|t:|1700933238\n|move|p1a: Rotom|Will-O-Wisp|p2a: Blissey\n|-status|p2a: Blissey|brn\n|move|p2a: Blissey|Stealth Rock|p1a: Rotom\n|-sidestart|p1: yeyumang|move: Stealth Rock\n|\n|-heal|p1a: Rotom|94\/100|[from] item: Leftovers\n|-damage|p2a: Blissey|59\/100 brn|[from] brn\n|upkeep\n|turn|90\n|\n|t:|1700933244\n|move|p1a: Rotom|Volt Switch|p2a: Blissey\n|-damage|p2a: Blissey|52\/100 brn\n|\n|t:|1700933247\n|switch|p1a: Gliscor|Gliscor, M, tera:Fairy|100\/100 tox|[from] Volt Switch\n|-damage|p1a: Gliscor|88\/100 tox|[from] Spikes\n|-damage|p1a: Gliscor|75\/100 tox|[from] Stealth Rock\n|move|p2a: Blissey|Seismic Toss|p1a: Gliscor\n|-damage|p1a: Gliscor|47\/100 tox\n|\n|-heal|p1a: Gliscor|60\/100 tox|[from] ability: Poison Heal\n|-damage|p2a: Blissey|46\/100 brn|[from] brn\n|upkeep\n|turn|91\n|\n|t:|1700933251\n|move|p1a: Gliscor|Spikes|p2a: Blissey\n|-sidestart|p2: 0xyt0c1njunk1e|Spikes\n|move|p2a: Blissey|Soft-Boiled|p2a: Blissey\n|-heal|p2a: Blissey|96\/100 brn\n|\n|-heal|p1a: Gliscor|72\/100 tox|[from] ability: Poison Heal\n|-damage|p2a: Blissey|90\/100 brn|[from] brn\n|upkeep\n|turn|92\n|\n|t:|1700933256\n|move|p1a: Gliscor|Roost|p1a: Gliscor\n|-heal|p1a: Gliscor|100\/100 tox\n|move|p2a: Blissey|Seismic Toss|p1a: Gliscor\n|-damage|p1a: Gliscor|72\/100 tox\n|\n|-heal|p1a: Gliscor|85\/100 tox|[from] ability: Poison Heal\n|-damage|p2a: Blissey|84\/100 brn|[from] brn\n|upkeep\n|turn|93\n|\n|t:|1700933261\n|move|p1a: Gliscor|Roost|p1a: Gliscor\n|-heal|p1a: Gliscor|100\/100 tox\n|move|p2a: Blissey|Seismic Toss|p1a: Gliscor\n|-damage|p1a: Gliscor|72\/100 tox\n|\n|-heal|p1a: Gliscor|85\/100 tox|[from] ability: Poison Heal\n|-damage|p2a: Blissey|77\/100 brn|[from] brn\n|upkeep\n|turn|94\n|\n|t:|1700933267\n|move|p1a: Gliscor|Spikes||[still]\n|-fail|p1a: Gliscor\n|move|p2a: Blissey|Shadow Ball|p1a: Gliscor\n|-damage|p1a: Gliscor|73\/100 tox\n|\n|-heal|p1a: Gliscor|86\/100 tox|[from] ability: Poison Heal\n|-damage|p2a: Blissey|71\/100 brn|[from] brn\n|upkeep\n|turn|95\n|\n|t:|1700933274\n|move|p1a: Gliscor|Spikes||[still]\n|-fail|p1a: Gliscor\n|move|p2a: Blissey|Soft-Boiled|p2a: Blissey\n|-heal|p2a: Blissey|100\/100 brn\n|\n|-heal|p1a: Gliscor|98\/100 tox|[from] ability: Poison Heal\n|-damage|p2a: Blissey|94\/100 brn|[from] brn\n|upkeep\n|turn|96\n|\n|t:|1700933279\n|move|p1a: Gliscor|Spikes||[still]\n|-fail|p1a: Gliscor\n|move|p2a: Blissey|Shadow Ball|p1a: Gliscor\n|-crit|p1a: Gliscor\n|-damage|p1a: Gliscor|79\/100 tox\n|\n|-heal|p1a: Gliscor|92\/100 tox|[from] ability: Poison Heal\n|-damage|p2a: Blissey|88\/100 brn|[from] brn\n|upkeep\n|turn|97\n|\n|t:|1700933282\n|move|p1a: Gliscor|Spikes||[still]\n|-fail|p1a: Gliscor\n|move|p2a: Blissey|Shadow Ball|p1a: Gliscor\n|-damage|p1a: Gliscor|80\/100 tox\n|\n|-heal|p1a: Gliscor|93\/100 tox|[from] ability: Poison Heal\n|-damage|p2a: Blissey|82\/100 brn|[from] brn\n|upkeep\n|turn|98\n|\n|t:|1700933285\n|-curestatus|p2a: Blissey|brn|[from] ability: Natural Cure\n|switch|p2a: Talonflame|Talonflame, M|58\/100 tox\n|move|p1a: Gliscor|Spikes||[still]\n|-fail|p1a: Gliscor\n|\n|-damage|p2a: Talonflame|52\/100 tox|[from] psn\n|-heal|p1a: Gliscor|100\/100 tox|[from] ability: Poison Heal\n|upkeep\n|turn|99\n|\n|t:|1700933293\n|move|p2a: Talonflame|Roost|p2a: Talonflame\n|-heal|p2a: Talonflame|100\/100 tox\n|-singleturn|p2a: Talonflame|move: Roost\n|move|p1a: Gliscor|Spikes||[still]\n|-fail|p1a: Gliscor\n|\n|-damage|p2a: Talonflame|88\/100 tox|[from] psn\n|upkeep\n|turn|100\n|\n|t:|1700933299\n|move|p2a: Talonflame|Defog|p1a: Gliscor\n|-unboost|p1a: Gliscor|evasion|1\n|-sideend|p1: yeyumang|Spikes|[from] move: Defog|[of] p2a: Talonflame\n|-sideend|p1: yeyumang|Stealth Rock|[from] move: Defog|[of] p2a: Talonflame\n|-sideend|p2: 0xyt0c1njunk1e|Spikes|[from] move: Defog|[of] p2a: Talonflame\n|move|p1a: Gliscor|Spikes|p2a: Talonflame\n|-sidestart|p2: 0xyt0c1njunk1e|Spikes\n|\n|-damage|p2a: Talonflame|70\/100 tox|[from] psn\n|upkeep\n|turn|101\n|\n|t:|1700933311\n|switch|p1a: Keldeo|Keldeo-Resolute|64\/100\n|move|p2a: Talonflame|Flamethrower|p1a: Keldeo\n|-resisted|p1a: Keldeo\n|-damage|p1a: Keldeo|50\/100\n|\n|-damage|p2a: Talonflame|45\/100 tox|[from] psn\n|upkeep\n|turn|102\n|\n|t:|1700933321\n|switch|p2a: Dondozo|Dondozo, F|94\/100 tox\n|move|p1a: Keldeo|Secret Sword|p2a: Dondozo\n|-damage|p2a: Dondozo|65\/100 tox\n|\n|-damage|p2a: Dondozo|59\/100 tox|[from] psn\n|upkeep\n|turn|103\n|\n|t:|1700933328\n|switch|p1a: Rotom|Rotom-Wash|94\/100\n|move|p2a: Dondozo|Rest|p2a: Dondozo\n|-status|p2a: Dondozo|slp|[from] move: Rest\n|-heal|p2a: Dondozo|100\/100 slp|[silent]\n|\n|-heal|p1a: Rotom|100\/100|[from] item: Leftovers\n|upkeep\n|turn|104\n|\n|t:|1700933330\n|switch|p2a: Blissey|Blissey, F|82\/100\n|move|p1a: Rotom|Thunderbolt|p2a: Blissey\n|-damage|p2a: Blissey|74\/100\n|\n|upkeep\n|turn|105\n|\n|t:|1700933336\n|move|p1a: Rotom|Will-O-Wisp|p2a: Blissey\n|-status|p2a: Blissey|brn\n|move|p2a: Blissey|Stealth Rock|p1a: Rotom\n|-sidestart|p1: yeyumang|move: Stealth Rock\n|\n|-damage|p2a: Blissey|67\/100 brn|[from] brn\n|upkeep\n|turn|106\n|\n|t:|1700933340\n|move|p1a: Rotom|Volt Switch|p2a: Blissey\n|-damage|p2a: Blissey|61\/100 brn\n|\n|t:|1700933342\n|switch|p1a: Gliscor|Gliscor, M, tera:Fairy|100\/100 tox|[from] Volt Switch\n|-damage|p1a: Gliscor|88\/100 tox|[from] Stealth Rock\n|move|p2a: Blissey|Seismic Toss|p1a: Gliscor\n|-damage|p1a: Gliscor|60\/100 tox\n|\n|-heal|p1a: Gliscor|72\/100 tox|[from] ability: Poison Heal\n|-damage|p2a: Blissey|54\/100 brn|[from] brn\n|upkeep\n|turn|107\n|\n|t:|1700933346\n|move|p1a: Gliscor|Toxic||[still]\n|-fail|p1a: Gliscor\n|move|p2a: Blissey|Seismic Toss|p1a: Gliscor\n|-damage|p1a: Gliscor|44\/100 tox\n|\n|-heal|p1a: Gliscor|56\/100 tox|[from] ability: Poison Heal\n|-damage|p2a: Blissey|48\/100 brn|[from] brn\n|upkeep\n|turn|108\n|\n|t:|1700933358\n|move|p1a: Gliscor|Roost|p1a: Gliscor\n|-heal|p1a: Gliscor|100\/100 tox\n|move|p2a: Blissey|Seismic Toss|p1a: Gliscor\n|-damage|p1a: Gliscor|72\/100 tox\n|\n|-heal|p1a: Gliscor|85\/100 tox|[from] ability: Poison Heal\n|-damage|p2a: Blissey|42\/100 brn|[from] brn\n|upkeep\n|turn|109\n|\n|t:|1700933361\n|move|p1a: Gliscor|Toxic||[still]\n|-fail|p1a: Gliscor\n|move|p2a: Blissey|Seismic Toss|p1a: Gliscor\n|-damage|p1a: Gliscor|56\/100 tox\n|\n|-heal|p1a: Gliscor|69\/100 tox|[from] ability: Poison Heal\n|-damage|p2a: Blissey|36\/100 brn|[from] brn\n|upkeep\n|turn|110\n|\n|t:|1700933364\n|move|p1a: Gliscor|Toxic||[still]\n|-fail|p1a: Gliscor\n|move|p2a: Blissey|Seismic Toss|p1a: Gliscor\n|-damage|p1a: Gliscor|40\/100 tox\n|\n|-heal|p1a: Gliscor|53\/100 tox|[from] ability: Poison Heal\n|-damage|p2a: Blissey|30\/100 brn|[from] brn\n|upkeep\n|turn|111\n|\n|t:|1700933367\n|move|p1a: Gliscor|Roost|p1a: Gliscor\n|-heal|p1a: Gliscor|100\/100 tox\n|move|p2a: Blissey|Soft-Boiled|p2a: Blissey\n|-heal|p2a: Blissey|80\/100 brn\n|\n|-damage|p2a: Blissey|74\/100 brn|[from] brn\n|upkeep\n|turn|112\n|\n|t:|1700933371\n|move|p1a: Gliscor|Toxic|p2a: Blissey|[miss]\n|-miss|p1a: Gliscor|p2a: Blissey\n|move|p2a: Blissey|Seismic Toss|p1a: Gliscor\n|-damage|p1a: Gliscor|72\/100 tox\n|\n|-heal|p1a: Gliscor|85\/100 tox|[from] ability: Poison Heal\n|-damage|p2a: Blissey|67\/100 brn|[from] brn\n|upkeep\n|turn|113\n|\n|t:|1700933374\n|move|p1a: Gliscor|Toxic||[still]\n|-fail|p1a: Gliscor\n|move|p2a: Blissey|Seismic Toss|p1a: Gliscor\n|-damage|p1a: Gliscor|56\/100 tox\n|\n|-heal|p1a: Gliscor|69\/100 tox|[from] ability: Poison Heal\n|-damage|p2a: Blissey|61\/100 brn|[from] brn\n|upkeep\n|turn|114\n|\n|t:|1700933378\n|-curestatus|p2a: Blissey|brn|[from] ability: Natural Cure\n|switch|p2a: Talonflame|Talonflame, M|45\/100 tox\n|move|p1a: Gliscor|Toxic|p2a: Talonflame\n|-fail|p2a: Talonflame|tox\n|\n|-damage|p2a: Talonflame|39\/100 tox|[from] psn\n|-heal|p1a: Gliscor|81\/100 tox|[from] ability: Poison Heal\n|upkeep\n|turn|115\n|\n|t:|1700933386\n|move|p2a: Talonflame|Roost|p2a: Talonflame\n|-heal|p2a: Talonflame|89\/100 tox\n|-singleturn|p2a: Talonflame|move: Roost\n|move|p1a: Gliscor|Toxic|p2a: Talonflame|[miss]\n|-miss|p1a: Gliscor|p2a: Talonflame\n|\n|-damage|p2a: Talonflame|77\/100 tox|[from] psn\n|-heal|p1a: Gliscor|94\/100 tox|[from] ability: Poison Heal\n|upkeep\n|turn|116\n|\n|t:|1700933392\n|switch|p1a: Rotom|Rotom-Wash|100\/100\n|-damage|p1a: Rotom|88\/100|[from] Stealth Rock\n|move|p2a: Talonflame|Flamethrower|p1a: Rotom\n|-resisted|p1a: Rotom\n|-damage|p1a: Rotom|76\/100\n|-status|p1a: Rotom|brn\n|\n|-heal|p1a: Rotom|82\/100 brn|[from] item: Leftovers\n|-damage|p2a: Talonflame|59\/100 tox|[from] psn\n|-damage|p1a: Rotom|76\/100 brn|[from] brn\n|upkeep\n|turn|117\n|\n|t:|1700933399\n|switch|p2a: Blissey|Blissey, F|61\/100\n|move|p1a: Rotom|Thunderbolt|p2a: Blissey\n|-damage|p2a: Blissey|53\/100\n|\n|-heal|p1a: Rotom|82\/100 brn|[from] item: Leftovers\n|-damage|p1a: Rotom|76\/100 brn|[from] brn\n|upkeep\n|turn|118\n|\n|t:|1700933406\n|move|p1a: Rotom|Will-O-Wisp|p2a: Blissey\n|-status|p2a: Blissey|brn\n|move|p2a: Blissey|Seismic Toss|p1a: Rotom\n|-damage|p1a: Rotom|43\/100 brn\n|\n|-heal|p1a: Rotom|50\/100 brn|[from] item: Leftovers\n|-damage|p1a: Rotom|43\/100 brn|[from] brn\n|-damage|p2a: Blissey|47\/100 brn|[from] brn\n|upkeep\n|turn|119\n|\n|t:|1700933411\n|move|p1a: Rotom|Volt Switch|p2a: Blissey\n|-damage|p2a: Blissey|39\/100 brn\n|\n|t:|1700933414\n|switch|p1a: Keldeo|Keldeo-Resolute|50\/100|[from] Volt Switch\n|-damage|p1a: Keldeo|44\/100|[from] Stealth Rock\n|move|p2a: Blissey|Seismic Toss|p1a: Keldeo\n|-damage|p1a: Keldeo|13\/100\n|\n|-damage|p2a: Blissey|33\/100 brn|[from] brn\n|upkeep\n|turn|120\n|\n|t:|1700933418\n|-curestatus|p2a: Blissey|brn|[from] ability: Natural Cure\n|switch|p2a: Dondozo|Dondozo, F|100\/100 slp\n|move|p1a: Keldeo|Flip Turn|p2a: Dondozo\n|-resisted|p2a: Dondozo\n|-damage|p2a: Dondozo|97\/100 slp\n|\n|t:|1700933425\n|switch|p1a: Rotom|Rotom-Wash|43\/100 brn|[from] Flip Turn\n|-damage|p1a: Rotom|31\/100 brn|[from] Stealth Rock\n|\n|-heal|p1a: Rotom|37\/100 brn|[from] item: Leftovers\n|-damage|p1a: Rotom|31\/100 brn|[from] brn\n|upkeep\n|turn|121\n|\n|t:|1700933431\n|switch|p2a: Clodsire|Clodsire, F|63\/100\n|move|p1a: Rotom|Thunderbolt|p2a: Clodsire\n|-immune|p2a: Clodsire\n|\n|-heal|p1a: Rotom|37\/100 brn|[from] item: Leftovers\n|-damage|p1a: Rotom|31\/100 brn|[from] brn\n|upkeep\n|turn|122\n|\n|t:|1700933439\n|switch|p2a: Blissey|Blissey, F|33\/100\n|move|p1a: Rotom|Hydro Pump|p2a: Blissey\n|-damage|p2a: Blissey|23\/100\n|\n|-heal|p1a: Rotom|37\/100 brn|[from] item: Leftovers\n|-damage|p1a: Rotom|31\/100 brn|[from] brn\n|upkeep\n|turn|123\n|\n|t:|1700933447\n|move|p1a: Rotom|Will-O-Wisp|p2a: Blissey\n|-status|p2a: Blissey|brn\n|move|p2a: Blissey|Soft-Boiled|p2a: Blissey\n|-heal|p2a: Blissey|73\/100 brn\n|\n|-heal|p1a: Rotom|37\/100 brn|[from] item: Leftovers\n|-damage|p1a: Rotom|31\/100 brn|[from] brn\n|-damage|p2a: Blissey|66\/100 brn|[from] brn\n|upkeep\n|turn|124\n|\n|t:|1700933456\n|switch|p1a: Gliscor|Gliscor, M, tera:Fairy|94\/100 tox\n|-damage|p1a: Gliscor|81\/100 tox|[from] Stealth Rock\n|move|p2a: Blissey|Seismic Toss|p1a: Gliscor\n|-damage|p1a: Gliscor|53\/100 tox\n|\n|-heal|p1a: Gliscor|65\/100 tox|[from] ability: Poison Heal\n|-damage|p2a: Blissey|60\/100 brn|[from] brn\n|upkeep\n|turn|125\n|\n|t:|1700933468\n|move|p1a: Gliscor|Toxic||[still]\n|-fail|p1a: Gliscor\n|move|p2a: Blissey|Seismic Toss|p1a: Gliscor\n|-damage|p1a: Gliscor|37\/100 tox\n|\n|-heal|p1a: Gliscor|49\/100 tox|[from] ability: Poison Heal\n|-damage|p2a: Blissey|54\/100 brn|[from] brn\n|upkeep\n|turn|126\n|\n|t:|1700933471\n|move|p1a: Gliscor|Toxic||[still]\n|-fail|p1a: Gliscor\n|move|p2a: Blissey|Seismic Toss|p1a: Gliscor\n|-damage|p1a: Gliscor|21\/100 tox\n|\n|-heal|p1a: Gliscor|33\/100 tox|[from] ability: Poison Heal\n|-damage|p2a: Blissey|48\/100 brn|[from] brn\n|upkeep\n|turn|127\n|\n|t:|1700933474\n|move|p1a: Gliscor|Toxic||[still]\n|-fail|p1a: Gliscor\n|move|p2a: Blissey|Seismic Toss|p1a: Gliscor\n|-damage|p1a: Gliscor|5\/100 tox\n|\n|-heal|p1a: Gliscor|18\/100 tox|[from] ability: Poison Heal\n|-damage|p2a: Blissey|42\/100 brn|[from] brn\n|upkeep\n|turn|128\n|\n|t:|1700933477\n|move|p1a: Gliscor|Toxic||[still]\n|-fail|p1a: Gliscor\n|move|p2a: Blissey|Seismic Toss|p1a: Gliscor\n|-damage|p1a: Gliscor|0 fnt\n|faint|p1a: Gliscor\n|\n|-damage|p2a: Blissey|36\/100 brn|[from] brn\n|upkeep\n|\n|t:|1700933482\n|switch|p1a: Scizor|Scizor-Mega, F|70\/100\n|-damage|p1a: Scizor|58\/100|[from] Stealth Rock\n|turn|129\n|\n|t:|1700933485\n|-curestatus|p2a: Blissey|brn|[from] ability: Natural Cure\n|switch|p2a: Talonflame|Talonflame, M|59\/100 tox\n|move|p1a: Scizor|Swords Dance|p1a: Scizor\n|-boost|p1a: Scizor|atk|2\n|\n|-damage|p2a: Talonflame|53\/100 tox|[from] psn\n|upkeep\n|turn|130\n|\n|t:|1700933495\n|move|p2a: Talonflame|Flamethrower|p1a: Scizor\n|-supereffective|p1a: Scizor\n|-damage|p1a: Scizor|0 fnt\n|faint|p1a: Scizor\n|\n|-damage|p2a: Talonflame|40\/100 tox|[from] psn\n|upkeep\n|-message|yeyumang forfeited.\n|\n|win|0xyt0c1njunk1e\n|raw|yeyumang's rating: 1158 &rarr; <strong>1139<\/strong><br \/>(-19 for losing)\n|raw|0xyt0c1njunk1e's rating: 1246 &rarr; <strong>1265<\/strong><br \/>(+19 for winning)\n|l|\u2606yeyumang\n","uploadtime":1700933542,"views":2,"p1id":"yeyumang","p2id":"0xyt0c1njunk1e","formatid":"gen9nationaldex","rating":1139,"private":0,"password":""}