{"id":"gen9nationaldex-1988225028","p1":"Rankuroi","p2":"Rocras05","format":"[Gen 9] National Dex","log":"|j|\u2606Rankuroi\n|j|\u2606Rocras05\n|t:|1699688928\n|gametype|singles\n|player|p1|Rankuroi|erika|1172\n|player|p2|Rocras05|ingo-masters|1097\n|teamsize|p1|6\n|teamsize|p2|6\n|gen|9\n|tier|[Gen 9] National Dex\n|rated|\n|rule|HP Percentage Mod: HP is shown in percentages\n|rule|Endless Battle Clause: Forcing endless battles is banned\n|rule|OHKO Clause: OHKO moves are banned\n|rule|Evasion Clause: Evasion abilities, items, and moves are banned\n|rule|Evasion Abilities Clause: Evasion abilities are banned\n|rule|Evasion Items Clause: Evasion items are banned\n|rule|Evasion Moves Clause: Evasion moves are banned\n|rule|Species Clause: Limit one of each Pok\u00e9mon\n|rule|Sleep Clause Mod: Limit one foe put to sleep\n|clearpoke\n|poke|p1|Victreebel, M|\n|poke|p1|Torkoal, M|\n|poke|p1|Seaking, M|\n|poke|p1|Octillery, F|\n|poke|p1|Spiritomb, M|\n|poke|p1|Sunflora, M|\n|poke|p2|Nihilego|\n|poke|p2|Urshifu-*, M|\n|poke|p2|Scizor, F|\n|poke|p2|Lucario, M|\n|poke|p2|Iron Leaves|\n|poke|p2|Ribombee, F|\n|teampreview\n|inactive|Battle timer is ON: inactive players will automatically lose when time's up. (requested by Rankuroi)\n|\n|t:|1699688936\n|start\n|switch|p1a: Octillery|Octillery, F|100\/100\n|switch|p2a: Ribombee|Ribombee, F|100\/100\n|turn|1\n|\n|t:|1699688942\n|move|p2a: Ribombee|Sticky Web|p1a: Octillery\n|-sidestart|p1: Rankuroi|move: Sticky Web\n|move|p1a: Octillery|Sludge Wave|p2a: Ribombee\n|-supereffective|p2a: Ribombee\n|-enditem|p2a: Ribombee|Focus Sash\n|-damage|p2a: Ribombee|1\/100\n|\n|upkeep\n|turn|2\n|\n|t:|1699688949\n|move|p2a: Ribombee|Stun Spore|p1a: Octillery|[miss]\n|-miss|p2a: Ribombee|p1a: Octillery\n|move|p1a: Octillery|Ice Beam|p2a: Ribombee\n|-damage|p2a: Ribombee|0 fnt\n|faint|p2a: Ribombee\n|\n|upkeep\n|\n|t:|1699688957\n|switch|p2a: Nihilego|Nihilego, shiny|100\/100\n|turn|3\n|\n|t:|1699688962\n|switch|p1a: Seaking|Seaking, M|100\/100\n|-activate|p1a: Seaking|move: Sticky Web\n|-unboost|p1a: Seaking|spe|1\n|move|p2a: Nihilego|Sludge Wave|p1a: Seaking\n|-damage|p1a: Seaking|37\/100\n|\n|upkeep\n|turn|4\n|\n|t:|1699688973\n|-terastallize|p1a: Seaking|Ground\n|move|p2a: Nihilego|Sludge Wave|p1a: Seaking\n|-resisted|p1a: Seaking\n|-damage|p1a: Seaking|8\/100\n|move|p1a: Seaking|Drill Run|p2a: Nihilego\n|-supereffective|p2a: Nihilego\n|-crit|p2a: Nihilego\n|-damage|p2a: Nihilego|0 fnt\n|faint|p2a: Nihilego\n|-damage|p1a: Seaking|0 fnt|[from] item: Life Orb\n|faint|p1a: Seaking\n|\n|upkeep\n|\n|t:|1699688988\n|switch|p2a: Scizor|Scizor, F|100\/100\n|switch|p1a: Torkoal|Torkoal, M, shiny|100\/100\n|-activate|p1a: Torkoal|move: Sticky Web\n|-unboost|p1a: Torkoal|spe|1\n|-weather|SunnyDay|[from] ability: Drought|[of] p1a: Torkoal\n|turn|5\n|\n|t:|1699688996\n|detailschange|p2a: Scizor|Scizor-Mega, F\n|-mega|p2a: Scizor|Scizor|Scizorite\n|move|p2a: Scizor|Swords Dance|p2a: Scizor\n|-boost|p2a: Scizor|atk|2\n|move|p1a: Torkoal|Rapid Spin|p2a: Scizor\n|-resisted|p2a: Scizor\n|-crit|p2a: Scizor\n|-damage|p2a: Scizor|95\/100\n|-boost|p1a: Torkoal|spe|1\n|-sideend|p1: Rankuroi|Sticky Web|[from] move: Rapid Spin|[of] p1a: Torkoal\n|\n|-weather|SunnyDay|[upkeep]\n|upkeep\n|turn|6\n|\n|t:|1699689007\n|move|p2a: Scizor|Dual Wingbeat|p1a: Torkoal\n|-damage|p1a: Torkoal|61\/100\n|-damage|p1a: Torkoal|22\/100\n|-hitcount|p1a: Torkoal|2\n|move|p1a: Torkoal|Flamethrower|p2a: Scizor\n|-supereffective|p2a: Scizor\n|-damage|p2a: Scizor|0 fnt\n|faint|p2a: Scizor\n|\n|-weather|SunnyDay|[upkeep]\n|upkeep\n|\n|t:|1699689013\n|switch|p2a: Lucario|Lucario, M, shiny|100\/100\n|turn|7\n|\n|t:|1699689023\n|switch|p1a: Octillery|Octillery, F|100\/100\n|move|p2a: Lucario|Aura Sphere|p1a: Octillery\n|-damage|p1a: Octillery|49\/100\n|-damage|p2a: Lucario|91\/100|[from] item: Life Orb\n|\n|-weather|SunnyDay|[upkeep]\n|upkeep\n|turn|8\n|\n|t:|1699689032\n|move|p2a: Lucario|Nasty Plot|p2a: Lucario\n|-boost|p2a: Lucario|spa|2\n|move|p1a: Octillery|Flamethrower|p2a: Lucario\n|-supereffective|p2a: Lucario\n|-damage|p2a: Lucario|0 fnt\n|faint|p2a: Lucario\n|\n|-weather|SunnyDay|[upkeep]\n|upkeep\n|\n|t:|1699689037\n|switch|p2a: Urshifu|Urshifu-Rapid-Strike, M|100\/100\n|turn|9\n|\n|t:|1699689043\n|move|p2a: Urshifu|Swords Dance|p2a: Urshifu\n|-boost|p2a: Urshifu|atk|2\n|move|p1a: Octillery|Sludge Wave|p2a: Urshifu\n|-damage|p2a: Urshifu|51\/100\n|\n|-weather|SunnyDay|[upkeep]\n|upkeep\n|turn|10\n|\n|t:|1699689051\n|move|p2a: Urshifu|Drain Punch|p1a: Octillery\n|-damage|p1a: Octillery|0 fnt\n|-heal|p2a: Urshifu|72\/100|[from] drain|[of] p1a: Octillery\n|faint|p1a: Octillery\n|\n|-weather|SunnyDay|[upkeep]\n|upkeep\n|\n|t:|1699689058\n|switch|p1a: Victreebel|Victreebel, M, shiny|100\/100\n|turn|11\n|\n|t:|1699689069\n|move|p1a: Victreebel|Giga Drain|p2a: Urshifu\n|-supereffective|p2a: Urshifu\n|-damage|p2a: Urshifu|0 fnt\n|faint|p2a: Urshifu\n|\n|-weather|SunnyDay|[upkeep]\n|upkeep\n|\n|t:|1699689073\n|switch|p2a: Iron Leaves|Iron Leaves|100\/100\n|-enditem|p2a: Iron Leaves|Booster Energy\n|-activate|p2a: Iron Leaves|ability: Quark Drive|[fromitem]\n|-start|p2a: Iron Leaves|quarkdrivespe\n|turn|12\n|\n|t:|1699689080\n|move|p2a: Iron Leaves|Swords Dance|p2a: Iron Leaves\n|-boost|p2a: Iron Leaves|atk|2\n|move|p1a: Victreebel|Weather Ball|p2a: Iron Leaves\n|-supereffective|p2a: Iron Leaves\n|-damage|p2a: Iron Leaves|4\/100\n|\n|-weather|none\n|upkeep\n|turn|13\n|\n|t:|1699689088\n|switch|p1a: Torkoal|Torkoal, M, shiny|22\/100\n|-weather|SunnyDay|[from] ability: Drought|[of] p1a: Torkoal\n|move|p2a: Iron Leaves|Psyblade|p1a: Torkoal\n|-damage|p1a: Torkoal|0 fnt\n|faint|p1a: Torkoal\n|\n|-weather|SunnyDay|[upkeep]\n|upkeep\n|\n|t:|1699689098\n|switch|p1a: Victreebel|Victreebel, M, shiny|100\/100\n|turn|14\n|\n|t:|1699689102\n|move|p2a: Iron Leaves|Psyblade|p1a: Victreebel\n|-supereffective|p1a: Victreebel\n|-enditem|p1a: Victreebel|Focus Sash\n|-damage|p1a: Victreebel|1\/100\n|move|p1a: Victreebel|Sludge Bomb|p2a: Iron Leaves\n|-supereffective|p2a: Iron Leaves\n|-damage|p2a: Iron Leaves|0 fnt\n|faint|p2a: Iron Leaves\n|-end|p2a: Iron Leaves|Quark Drive|[silent]\n|\n|win|Rankuroi\n|raw|Rankuroi's rating: 1172 &rarr; <strong>1192<\/strong><br \/>(+20 for winning)\n|raw|Rocras05's rating: 1097 &rarr; <strong>1078<\/strong><br \/>(-19 for losing)\n|l|\u2606Rocras05\n","uploadtime":1699689122,"views":4,"p1id":"rankuroi","p2id":"rocras05","formatid":"gen9nationaldex","rating":1078,"private":0,"password":""}