{"id":"gen9nationaldex-1997958339","p1":"Angryjoejoe4","p2":"SrPorquet","format":"[Gen 9] National Dex","log":"|html|<div class=\"broadcast-blue\"><strong>[Gen 9] National Dex is currently suspecting Sneasler! For information on how to participate check out the <a href=\"https:\/\/www.smogon.com\/forums\/threads\/sv-national-dex-suspect-8-just-dance.3731534\/\">suspect thread<\/a>.<\/strong><\/div>\n|j|\u203dAngryjoejoe4\n|j|\u203dSrPorquet\n|t:|1700872174\n|gametype|singles\n|player|p1|Angryjoejoe4|elesa|1286\n|player|p2|SrPorquet|falkner|1353\n|teamsize|p1|6\n|teamsize|p2|6\n|gen|9\n|tier|[Gen 9] National Dex\n|rated|\n|rule|HP Percentage Mod: HP is shown in percentages\n|rule|Endless Battle Clause: Forcing endless battles is banned\n|rule|OHKO Clause: OHKO moves are banned\n|rule|Evasion Clause: Evasion abilities, items, and moves are banned\n|rule|Evasion Abilities Clause: Evasion abilities are banned\n|rule|Evasion Items Clause: Evasion items are banned\n|rule|Evasion Moves Clause: Evasion moves are banned\n|rule|Species Clause: Limit one of each Pok\u00e9mon\n|rule|Sleep Clause Mod: Limit one foe put to sleep\n|clearpoke\n|poke|p1|Tapu Lele|\n|poke|p1|Sneasler, F|\n|poke|p1|Alomomola, M|\n|poke|p1|Magnezone|\n|poke|p1|Landorus-Therian, M|\n|poke|p1|Umbreon, F|\n|poke|p2|Pidgeot, M|\n|poke|p2|Magmortar, M|\n|poke|p2|Raichu, F|\n|poke|p2|Clefable, M|\n|poke|p2|Vileplume, M|\n|poke|p2|Politoed, M|\n|teampreview\n|inactive|Battle timer is ON: inactive players will automatically lose when time's up. (requested by Angryjoejoe4)\n|\n|t:|1700872191\n|start\n|switch|p1a: Magnezone|Magnezone|100\/100\n|switch|p2a: Politoed|Politoed, M|100\/100\n|turn|1\n|\n|t:|1700872196\n|-terastallize|p2a: Politoed|Ground\n|move|p1a: Magnezone|Volt Switch|p2a: Politoed\n|-immune|p2a: Politoed\n|move|p2a: Politoed|Earth Power|p1a: Magnezone\n|-supereffective|p1a: Magnezone\n|-damage|p1a: Magnezone|0 fnt\n|faint|p1a: Magnezone\n|\n|upkeep\n|inactive|Angryjoejoe4 has 120 seconds left.\n|\n|t:|1700872237\n|switch|p1a: Landorus|Landorus-Therian, M|100\/100\n|-ability|p1a: Landorus|Intimidate|boost\n|-unboost|p2a: Politoed|atk|1\n|turn|2\n|\n|t:|1700872246\n|move|p1a: Landorus|U-turn|p2a: Politoed\n|-damage|p2a: Politoed|78\/100\n|\n|t:|1700872249\n|switch|p1a: Umbreon|Umbreon, F|100\/100|[from] U-turn\n|move|p2a: Politoed|Ice Beam|p1a: Umbreon\n|-crit|p1a: Umbreon\n|-damage|p1a: Umbreon|80\/100\n|\n|-heal|p2a: Politoed|84\/100|[from] item: Leftovers\n|-heal|p1a: Umbreon|87\/100|[from] item: Leftovers\n|upkeep\n|turn|3\n|\n|t:|1700872259\n|switch|p2a: Vileplume|Vileplume, M|100\/100\n|move|p1a: Umbreon|Yawn|p2a: Vileplume\n|-start|p2a: Vileplume|move: Yawn|[of] p1a: Umbreon\n|\n|-heal|p1a: Umbreon|93\/100|[from] item: Leftovers\n|upkeep\n|turn|4\n|\n|t:|1700872267\n|switch|p1a: Tapu Lele|Tapu Lele|100\/100\n|-fieldstart|move: Psychic Terrain|[from] ability: Psychic Surge|[of] p1a: Tapu Lele\n|switch|p2a: Clefable|Clefable, M|100\/100\n|\n|upkeep\n|turn|5\n|\n|t:|1700872276\n|-terastallize|p1a: Tapu Lele|Psychic\n|move|p1a: Tapu Lele|Psychic|p2a: Clefable\n|-damage|p2a: Clefable|0 fnt\n|faint|p2a: Clefable\n|\n|upkeep\n|\n|t:|1700872282\n|switch|p2a: Raichu|Raichu, F|100\/100\n|turn|6\n|\n|t:|1700872287\n|switch|p1a: Landorus|Landorus-Therian, M|100\/100\n|-ability|p1a: Landorus|Intimidate|boost\n|-unboost|p2a: Raichu|atk|1\n|move|p2a: Raichu|Volt Tackle|p1a: Landorus\n|-immune|p1a: Landorus\n|\n|upkeep\n|turn|7\n|\n|t:|1700872296\n|switch|p2a: Vileplume|Vileplume, M|100\/100\n|move|p1a: Landorus|Stealth Rock|p2a: Vileplume\n|-sidestart|p2: SrPorquet|move: Stealth Rock\n|\n|upkeep\n|turn|8\n|\n|t:|1700872305\n|move|p1a: Landorus|U-turn|p2a: Vileplume\n|-damage|p2a: Vileplume|79\/100\n|\n|t:|1700872308\n|switch|p1a: Tapu Lele|Tapu Lele, tera:Psychic|100\/100|[from] U-turn\n|move|p2a: Vileplume|Sludge Bomb|p1a: Tapu Lele\n|-damage|p1a: Tapu Lele|56\/100\n|\n|-heal|p2a: Vileplume|85\/100|[from] item: Leftovers\n|-fieldend|move: Psychic Terrain\n|upkeep\n|turn|9\n|\n|t:|1700872320\n|switch|p2a: Magmortar|Magmortar, M|100\/100\n|-damage|p2a: Magmortar|76\/100|[from] Stealth Rock\n|move|p1a: Tapu Lele|Psychic|p2a: Magmortar\n|-damage|p2a: Magmortar|0 fnt\n|faint|p2a: Magmortar\n|\n|upkeep\n|\n|t:|1700872325\n|switch|p2a: Pidgeot|Pidgeot, M|100\/100\n|-damage|p2a: Pidgeot|76\/100|[from] Stealth Rock\n|turn|10\n|\n|t:|1700872332\n|switch|p1a: Landorus|Landorus-Therian, M|100\/100\n|-ability|p1a: Landorus|Intimidate|boost\n|-unboost|p2a: Pidgeot|atk|1\n|detailschange|p2a: Pidgeot|Pidgeot-Mega, M\n|-mega|p2a: Pidgeot|Pidgeot|Pidgeotite\n|move|p2a: Pidgeot|Hurricane|p1a: Landorus\n|-damage|p1a: Landorus|42\/100\n|-start|p1a: Landorus|confusion\n|\n|upkeep\n|turn|11\n|\n|t:|1700872342\n|move|p2a: Pidgeot|Hurricane|p1a: Landorus\n|-damage|p1a: Landorus|0 fnt\n|faint|p1a: Landorus\n|\n|upkeep\n|\n|t:|1700872351\n|switch|p1a: Alomomola|Alomomola, M|100\/100\n|turn|12\n|\n|t:|1700872355\n|switch|p2a: Vileplume|Vileplume, M|85\/100\n|-damage|p2a: Vileplume|73\/100|[from] Stealth Rock\n|move|p1a: Alomomola|Scald|p2a: Vileplume\n|-resisted|p2a: Vileplume\n|-damage|p2a: Vileplume|66\/100\n|-status|p2a: Vileplume|brn\n|\n|-heal|p2a: Vileplume|72\/100 brn|[from] item: Leftovers\n|-damage|p2a: Vileplume|66\/100 brn|[from] brn\n|upkeep\n|turn|13\n|\n|t:|1700872376\n|move|p1a: Alomomola|Flip Turn|p2a: Vileplume\n|-resisted|p2a: Vileplume\n|-damage|p2a: Vileplume|57\/100 brn\n|-status|p1a: Alomomola|slp|[from] ability: Effect Spore|[of] p2a: Vileplume\n|\n|t:|1700872384\n|switch|p1a: Tapu Lele|Tapu Lele, tera:Psychic|56\/100|[from] Flip Turn\n|-fieldstart|move: Psychic Terrain|[from] ability: Psychic Surge|[of] p1a: Tapu Lele\n|move|p2a: Vileplume|Strength Sap|p1a: Tapu Lele\n|-unboost|p1a: Tapu Lele|atk|1\n|-heal|p2a: Vileplume|100\/100 brn\n|\n|-damage|p2a: Vileplume|94\/100 brn|[from] brn\n|upkeep\n|turn|14\n|\n|t:|1700872389\n|move|p1a: Tapu Lele|Psychic|p2a: Vileplume\n|-supereffective|p2a: Vileplume\n|-damage|p2a: Vileplume|0 fnt\n|faint|p2a: Vileplume\n|\n|upkeep\n|\n|t:|1700872392\n|switch|p2a: Raichu|Raichu, F|100\/100\n|-damage|p2a: Raichu|88\/100|[from] Stealth Rock\n|turn|15\n|\n|t:|1700872401\n|move|p2a: Raichu|Volt Tackle|p1a: Tapu Lele\n|-damage|p1a: Tapu Lele|0 fnt\n|faint|p1a: Tapu Lele\n|-damage|p2a: Raichu|68\/100|[from] Recoil\n|-damage|p2a: Raichu|58\/100|[from] item: Life Orb\n|\n|upkeep\n|\n|t:|1700872403\n|switch|p1a: Sneasler|Sneasler, F|100\/100\n|-enditem|p1a: Sneasler|Psychic Seed\n|-boost|p1a: Sneasler|spd|1|[from] item: Psychic Seed\n|turn|16\n|\n|t:|1700872410\n|move|p1a: Sneasler|Close Combat|p2a: Raichu\n|-damage|p2a: Raichu|0 fnt\n|-unboost|p1a: Sneasler|def|1\n|-unboost|p1a: Sneasler|spd|1\n|faint|p2a: Raichu\n|\n|upkeep\n|\n|t:|1700872412\n|switch|p2a: Politoed|Politoed, M, tera:Ground|84\/100\n|-damage|p2a: Politoed|78\/100|[from] Stealth Rock\n|turn|17\n|\n|t:|1700872423\n|move|p1a: Sneasler|Dire Claw|p2a: Politoed\n|-resisted|p2a: Politoed\n|-damage|p2a: Politoed|54\/100\n|-status|p2a: Politoed|par\n|move|p2a: Politoed|Psychic|p1a: Sneasler\n|-supereffective|p1a: Sneasler\n|-damage|p1a: Sneasler|0 fnt\n|faint|p1a: Sneasler\n|\n|-heal|p2a: Politoed|60\/100 par|[from] item: Leftovers\n|-fieldend|move: Psychic Terrain\n|upkeep\n|\n|t:|1700872432\n|switch|p1a: Umbreon|Umbreon, F|93\/100\n|turn|18\n|\n|t:|1700872438\n|switch|p2a: Pidgeot|Pidgeot-Mega, M|76\/100\n|-damage|p2a: Pidgeot|51\/100|[from] Stealth Rock\n|move|p1a: Umbreon|Foul Play|p2a: Pidgeot\n|-damage|p2a: Pidgeot|26\/100\n|\n|-heal|p1a: Umbreon|99\/100|[from] item: Leftovers\n|upkeep\n|turn|19\n|\n|t:|1700872446\n|move|p2a: Pidgeot|Roost|p2a: Pidgeot\n|-heal|p2a: Pidgeot|76\/100\n|-singleturn|p2a: Pidgeot|move: Roost\n|move|p1a: Umbreon|Foul Play|p2a: Pidgeot\n|-damage|p2a: Pidgeot|49\/100\n|\n|-heal|p1a: Umbreon|100\/100|[from] item: Leftovers\n|upkeep\n|turn|20\n|\n|t:|1700872453\n|move|p2a: Pidgeot|Hurricane|p1a: Umbreon\n|-damage|p1a: Umbreon|73\/100\n|-start|p1a: Umbreon|confusion\n|-activate|p1a: Umbreon|confusion\n|-damage|p1a: Umbreon|69\/100|[from] confusion\n|\n|-heal|p1a: Umbreon|75\/100|[from] item: Leftovers\n|upkeep\n|turn|21\n|\n|t:|1700872463\n|move|p2a: Pidgeot|Hurricane|p1a: Umbreon\n|-damage|p1a: Umbreon|45\/100\n|-activate|p1a: Umbreon|confusion\n|-damage|p1a: Umbreon|41\/100|[from] confusion\n|\n|-heal|p1a: Umbreon|47\/100|[from] item: Leftovers\n|upkeep\n|turn|22\n|-message|Angryjoejoe4 forfeited.\n|\n|win|SrPorquet\n|raw|Angryjoejoe4's rating: 1286 &rarr; <strong>1266<\/strong><br \/>(-20 for losing)\n|raw|SrPorquet's rating: 1353 &rarr; <strong>1369<\/strong><br \/>(+16 for winning)\n|l|\u203dAngryjoejoe4\n","uploadtime":1700872484,"views":10,"p1id":"angryjoejoe4","p2id":"srporquet","formatid":"gen9nationaldex","rating":1266,"private":0,"password":""}