{"id":"gen9nationaldex-1999694270","p1":"AcaciaIsHere","p2":"Un0eg0","format":"[Gen 9] National Dex","log":"|html|<div class=\"broadcast-blue\"><strong>[Gen 9] National Dex is currently suspecting Sneasler! For information on how to participate check out the <a href=\"https:\/\/www.smogon.com\/forums\/threads\/sv-national-dex-suspect-8-just-dance.3731534\/\">suspect thread<\/a>.<\/strong><\/div>\n|j|\u2606AcaciaIsHere\n|j|\u2606Un0eg0\n|t:|1701108467\n|gametype|singles\n|player|p1|AcaciaIsHere|riley|1207\n|player|p2|Un0eg0|ash|1235\n|teamsize|p1|6\n|teamsize|p2|6\n|gen|9\n|tier|[Gen 9] National Dex\n|rated|\n|rule|HP Percentage Mod: HP is shown in percentages\n|rule|Endless Battle Clause: Forcing endless battles is banned\n|rule|OHKO Clause: OHKO moves are banned\n|rule|Evasion Clause: Evasion abilities, items, and moves are banned\n|rule|Evasion Abilities Clause: Evasion abilities are banned\n|rule|Evasion Items Clause: Evasion items are banned\n|rule|Evasion Moves Clause: Evasion moves are banned\n|rule|Species Clause: Limit one of each Pok\u00e9mon\n|rule|Sleep Clause Mod: Limit one foe put to sleep\n|clearpoke\n|poke|p1|Kleavor, F|\n|poke|p1|Iron Treads|\n|poke|p1|Sneasler, F|\n|poke|p1|Medicham, M|\n|poke|p1|Kartana|\n|poke|p1|Cloyster, M|\n|poke|p2|Pikachu, F|\n|poke|p2|Lucario, M|\n|poke|p2|Gengar, M|\n|poke|p2|Dragonite, F|\n|poke|p2|Sirfetch\u2019d, F|\n|poke|p2|Greninja-*, M|\n|teampreview\n|inactive|Battle timer is ON: inactive players will automatically lose when time's up. (requested by Un0eg0)\n|c|\u2606AcaciaIsHere|is that ash ketchup!!\n|\n|t:|1701108481\n|start\n|switch|p1a: Kleavor|Kleavor, F|100\/100\n|switch|p2a: KaMon|Sirfetch\u2019d, F|100\/100\n|turn|1\n|\n|t:|1701108486\n|move|p1a: Kleavor|Psycho Cut|p2a: KaMon\n|-supereffective|p2a: KaMon\n|-damage|p2a: KaMon|6\/100\n|move|p2a: KaMon|Close Combat|p1a: Kleavor\n|-crit|p1a: Kleavor\n|-damage|p1a: Kleavor|0 fnt\n|-unboost|p2a: KaMon|def|1\n|-unboost|p2a: KaMon|spd|1\n|faint|p1a: Kleavor\n|\n|upkeep\n|\n|t:|1701108489\n|switch|p1a: Sneasler|Sneasler, F|100\/100\n|turn|2\n|\n|t:|1701108494\n|move|p1a: Sneasler|Fake Out|p2a: KaMon\n|-enditem|p1a: Sneasler|Normal Gem|[from] gem\n|-damage|p2a: KaMon|0 fnt\n|faint|p2a: KaMon\n|\n|upkeep\n|\n|t:|1701108499\n|switch|p2a: Bachira|Gengar, M|100\/100\n|turn|3\n|\n|t:|1701108504\n|move|p1a: Sneasler|Acrobatics|p2a: Bachira\n|-damage|p2a: Bachira|22\/100\n|move|p2a: Bachira|Shadow Ball|p1a: Sneasler\n|-damage|p1a: Sneasler|47\/100\n|\n|upkeep\n|turn|4\n|\n|t:|1701108510\n|move|p1a: Sneasler|Acrobatics|p2a: Bachira\n|-damage|p2a: Bachira|0 fnt\n|faint|p2a: Bachira\n|\n|upkeep\n|\n|t:|1701108513\n|switch|p2a: Zatch|Pikachu, F, shiny|100\/100\n|turn|5\n|\n|t:|1701108516\n|move|p2a: Zatch|Fake Out|p1a: Sneasler\n|-damage|p1a: Sneasler|18\/100\n|cant|p1a: Sneasler|flinch\n|\n|upkeep\n|turn|6\n|\n|t:|1701108518\n|move|p2a: Zatch|Extreme Speed|p1a: Sneasler\n|-damage|p1a: Sneasler|0 fnt\n|faint|p1a: Sneasler\n|\n|upkeep\n|\n|t:|1701108523\n|switch|p1a: Kartana|Kartana|100\/100\n|turn|7\n|\n|t:|1701108537\n|move|p1a: Kartana|Leaf Blade|p2a: Zatch\n|-damage|p2a: Zatch|0 fnt\n|faint|p2a: Zatch\n|-ability|p1a: Kartana|Beast Boost|boost\n|-boost|p1a: Kartana|atk|1\n|\n|upkeep\n|\n|t:|1701108541\n|switch|p2a: Star platinum|Lucario, M|100\/100\n|turn|8\n|\n|t:|1701108544\n|move|p1a: Kartana|Leaf Blade|p2a: Star platinum\n|-resisted|p2a: Star platinum\n|-damage|p2a: Star platinum|23\/100\n|move|p2a: Star platinum|Close Combat|p1a: Kartana\n|-supereffective|p1a: Kartana\n|-damage|p1a: Kartana|0 fnt\n|-unboost|p2a: Star platinum|def|1\n|-unboost|p2a: Star platinum|spd|1\n|faint|p1a: Kartana\n|-damage|p2a: Star platinum|13\/100|[from] item: Life Orb\n|\n|upkeep\n|\n|t:|1701108548\n|switch|p1a: Cloyster|Cloyster, M, shiny|100\/100\n|turn|9\n|\n|t:|1701108553\n|-terastallize|p1a: Cloyster|Ground\n|move|p2a: Star platinum|Bullet Punch|p1a: Cloyster\n|-damage|p1a: Cloyster|81\/100\n|-damage|p2a: Star platinum|3\/100|[from] item: Life Orb\n|move|p1a: Cloyster|Shell Smash|p1a: Cloyster\n|-unboost|p1a: Cloyster|def|1\n|-unboost|p1a: Cloyster|spd|1\n|-boost|p1a: Cloyster|atk|2\n|-boost|p1a: Cloyster|spa|2\n|-boost|p1a: Cloyster|spe|2\n|-enditem|p1a: Cloyster|White Herb\n|-clearnegativeboost|p1a: Cloyster|[silent]\n|\n|upkeep\n|turn|10\n|\n|t:|1701108565\n|move|p2a: Star platinum|Bullet Punch|p1a: Cloyster\n|-crit|p1a: Cloyster\n|-damage|p1a: Cloyster|52\/100\n|-damage|p2a: Star platinum|0 fnt|[from] item: Life Orb\n|faint|p2a: Star platinum\n|move|p1a: Cloyster|Liquidation|p2: Star platinum|[notarget]\n|-fail|p1a: Cloyster\n|\n|upkeep\n|\n|t:|1701108570\n|switch|p2a: Naruto|Greninja, M|100\/100\n|turn|11\n|\n|t:|1701108577\n|move|p2a: Naruto|Water Shuriken|p1a: Cloyster\n|-supereffective|p1a: Cloyster\n|-damage|p1a: Cloyster|4\/100\n|-supereffective|p1a: Cloyster\n|-damage|p1a: Cloyster|0 fnt\n|faint|p1a: Cloyster\n|-ability|p2a: Naruto|Battle Bond|boost\n|-boost|p2a: Naruto|atk|1\n|-boost|p2a: Naruto|spa|1\n|-boost|p2a: Naruto|spe|1\n|-activate|p2a: Naruto|ability: Battle Bond\n|-hitcount|p1: Cloyster|2\n|\n|upkeep\n|\n|t:|1701108586\n|switch|p1a: Medicham|Medicham, M|100\/100\n|turn|12\n|\n|t:|1701108590\n|detailschange|p1a: Medicham|Medicham-Mega, M\n|-mega|p1a: Medicham|Medicham|Medichamite\n|move|p2a: Naruto|Water Shuriken|p1a: Medicham\n|-damage|p1a: Medicham|74\/100\n|-damage|p1a: Medicham|47\/100\n|-damage|p1a: Medicham|20\/100\n|-damage|p1a: Medicham|0 fnt\n|faint|p1a: Medicham\n|-hitcount|p1: Medicham|4\n|\n|upkeep\n|\n|t:|1701108598\n|switch|p1a: Iron Treads|Iron Treads|100\/100\n|-enditem|p1a: Iron Treads|Booster Energy\n|-activate|p1a: Iron Treads|ability: Quark Drive|[fromitem]\n|-start|p1a: Iron Treads|quarkdrivespe\n|turn|13\n|\n|t:|1701108602\n|move|p2a: Naruto|Water Shuriken|p1a: Iron Treads\n|-supereffective|p1a: Iron Treads\n|-damage|p1a: Iron Treads|53\/100\n|-supereffective|p1a: Iron Treads\n|-damage|p1a: Iron Treads|10\/100\n|-supereffective|p1a: Iron Treads\n|-damage|p1a: Iron Treads|0 fnt\n|faint|p1a: Iron Treads\n|-end|p1a: Iron Treads|Quark Drive|[silent]\n|-hitcount|p1: Iron Treads|3\n|\n|win|Un0eg0\n|raw|AcaciaIsHere's rating: 1207 &rarr; <strong>1184<\/strong><br \/>(-23 for losing)\n|raw|Un0eg0's rating: 1235 &rarr; <strong>1258<\/strong><br \/>(+23 for winning)\n|l|\u2606AcaciaIsHere\n","uploadtime":1701108615,"views":1,"p1id":"acaciaishere","p2id":"un0eg0","formatid":"gen9nationaldex","rating":1184,"private":0,"password":""}