{"id":"gen9nationaldex-1993967980","p1":"The power of ROCK","p2":"Klawf Up A Lung","format":"[Gen 9] National Dex","log":"|j|\u2606The power of ROCK\n|j|\u2606Klawf Up A Lung\n|inactive|Battle timer is ON: inactive players will automatically lose when time's up.\n|t:|1700384840\n|gametype|singles\n|player|p1|The power of ROCK|roark|\n|player|p2|Klawf Up A Lung|salvatore|\n|teamsize|p1|6\n|teamsize|p2|6\n|gen|9\n|tier|[Gen 9] National Dex\n|rated|Tournament battle\n|rule|HP Percentage Mod: HP is shown in percentages\n|rule|Endless Battle Clause: Forcing endless battles is banned\n|rule|OHKO Clause: OHKO moves are banned\n|rule|Evasion Clause: Evasion abilities, items, and moves are banned\n|rule|Evasion Abilities Clause: Evasion abilities are banned\n|rule|Evasion Items Clause: Evasion items are banned\n|rule|Evasion Moves Clause: Evasion moves are banned\n|rule|Species Clause: Limit one of each Pok\u00e9mon\n|rule|Sleep Clause Mod: Limit one foe put to sleep\n|clearpoke\n|poke|p1|Tyranitar, M|\n|poke|p1|Garganacl, F|\n|poke|p1|Aggron, F|\n|poke|p1|Cradily, M|\n|poke|p1|Glimmora, M|\n|poke|p1|Avalugg-Hisui, F|\n|poke|p2|Reuniclus, F|\n|poke|p2|Bewear, M|\n|poke|p2|Aegislash, M|\n|poke|p2|Diancie|\n|poke|p2|Blacephalon|\n|poke|p2|Tornadus-Therian, M|\n|teampreview\n|inactive|Klawf Up A Lung also wants the timer to be on.\n|c|\u2606The power of ROCK|Welcome to the ROCK gym\n|inactive|Klawf Up A Lung has 120 seconds left.\n|c|\u2606Klawf Up A Lung|Damn\n|c|\u2606Klawf Up A Lung|Thats a lot of rock\n|inactive|Klawf Up A Lung has 90 seconds left.\n|\n|t:|1700384902\n|start\n|switch|p1a: Glimmora|Glimmora, M|100\/100\n|switch|p2a: Oak|Aegislash, M|100\/100\n|turn|1\n|\n|t:|1700384906\n|move|p1a: Glimmora|Earth Power|p2a: Oak\n|-supereffective|p2a: Oak\n|-damage|p2a: Oak|61\/100\n|-formechange|p2a: Oak|Aegislash-Blade||[from] ability: Stance Change\n|move|p2a: Oak|Shadow Ball|p1a: Glimmora\n|-damage|p1a: Glimmora|51\/100\n|\n|-heal|p2a: Oak|67\/100|[from] item: Leftovers\n|upkeep\n|turn|2\n|\n|t:|1700384914\n|switch|p2a: Tornadus|Tornadus-Therian, M|100\/100\n|move|p1a: Glimmora|Earth Power|p2a: Tornadus\n|-immune|p2a: Tornadus\n|\n|upkeep\n|turn|3\n|\n|t:|1700384918\n|switch|p1a: Avalugg|Avalugg-Hisui, F|100\/100\n|-zpower|p2a: Tornadus\n|move|p2a: Tornadus|All-Out Pummeling|p1a: Avalugg|[zeffect]\n|-supereffective|p1a: Avalugg\n|-ability|p1a: Avalugg|Sturdy\n|-damage|p1a: Avalugg|1\/100\n|\n|upkeep\n|turn|4\n|\n|t:|1700384922\n|move|p2a: Tornadus|Bleakwind Storm|p1a: Avalugg\n|-resisted|p1a: Avalugg\n|-damage|p1a: Avalugg|0 fnt\n|faint|p1a: Avalugg\n|\n|upkeep\n|\n|t:|1700384925\n|switch|p1a: Cradily|Cradily, M|100\/100\n|turn|5\n|\n|t:|1700384929\n|move|p2a: Tornadus|Bleakwind Storm|p1a: Cradily\n|-damage|p1a: Cradily|63\/100\n|move|p1a: Cradily|Leech Seed|p2a: Tornadus\n|-start|p2a: Tornadus|move: Leech Seed\n|\n|-damage|p2a: Tornadus|88\/100|[from] Leech Seed|[of] p1a: Cradily\n|-heal|p1a: Cradily|73\/100|[silent]\n|upkeep\n|turn|6\n|\n|t:|1700384942\n|switch|p2a: Reuniclus|Reuniclus, F|100\/100\n|switch|p1a: Tyranitar|Tyranitar, M|100\/100\n|-weather|Sandstorm|[from] ability: Sand Stream|[of] p1a: Tyranitar\n|\n|-weather|Sandstorm|[upkeep]\n|upkeep\n|turn|7\n|\n|t:|1700384946\n|move|p1a: Tyranitar|Knock Off|p2a: Reuniclus\n|-supereffective|p2a: Reuniclus\n|-crit|p2a: Reuniclus\n|-damage|p2a: Reuniclus|0 fnt\n|-enditem|p2a: Reuniclus|Leftovers|[from] move: Knock Off|[of] p1a: Tyranitar\n|faint|p2a: Reuniclus\n|\n|-weather|Sandstorm|[upkeep]\n|upkeep\n|\n|t:|1700384951\n|switch|p2a: Mulberry|Diancie|100\/100\n|turn|8\n|\n|t:|1700384955\n|switch|p1a: Garganacl|Garganacl, F|100\/100\n|detailschange|p2a: Mulberry|Diancie-Mega\n|-mega|p2a: Mulberry|Diancie|Diancite\n|move|p2a: Mulberry|Moonblast|p1a: Garganacl\n|-damage|p1a: Garganacl|75\/100\n|-unboost|p1a: Garganacl|spa|1\n|-enditem|p1a: Garganacl|Maranga Berry|[eat]\n|-boost|p1a: Garganacl|spd|1|[from] item: Maranga Berry\n|\n|-weather|Sandstorm|[upkeep]\n|upkeep\n|turn|9\n|\n|t:|1700384966\n|switch|p2a: Bewear|Bewear, M|100\/100\n|-terastallize|p1a: Garganacl|Ghost\n|move|p1a: Garganacl|Salt Cure|p2a: Bewear\n|-resisted|p2a: Bewear\n|-damage|p2a: Bewear|96\/100\n|-start|p2a: Bewear|Salt Cure\n|\n|-weather|Sandstorm|[upkeep]\n|-damage|p2a: Bewear|90\/100|[from] Sandstorm\n|-damage|p1a: Garganacl|69\/100|[from] Sandstorm\n|-heal|p2a: Bewear|96\/100|[from] item: Leftovers\n|-damage|p2a: Bewear|84\/100|[from] Salt Cure\n|upkeep\n|turn|10\n|inactive|The power of ROCK has 120 seconds left.\n|\n|t:|1700385002\n|switch|p2a: Oak|Aegislash, M|67\/100\n|move|p1a: Garganacl|Recover|p1a: Garganacl\n|-heal|p1a: Garganacl|100\/100\n|\n|-weather|none\n|-heal|p2a: Oak|73\/100|[from] item: Leftovers\n|upkeep\n|turn|11\n|\n|t:|1700385006\n|-formechange|p2a: Oak|Aegislash-Blade||[from] ability: Stance Change\n|move|p2a: Oak|Shadow Ball|p1a: Garganacl\n|-supereffective|p1a: Garganacl\n|-damage|p1a: Garganacl|83\/100\n|-unboost|p1a: Garganacl|spd|1\n|move|p1a: Garganacl|Salt Cure|p2a: Oak\n|-resisted|p2a: Oak\n|-damage|p2a: Oak|61\/100\n|-start|p2a: Oak|Salt Cure\n|\n|-heal|p2a: Oak|67\/100|[from] item: Leftovers\n|-damage|p2a: Oak|42\/100|[from] Salt Cure\n|upkeep\n|turn|12\n|\n|t:|1700385015\n|switch|p2a: Catalpa|Blacephalon|100\/100\n|move|p1a: Garganacl|Salt Cure|p2a: Catalpa\n|-supereffective|p2a: Catalpa\n|-damage|p2a: Catalpa|39\/100\n|-start|p2a: Catalpa|Salt Cure\n|\n|-damage|p2a: Catalpa|27\/100|[from] Salt Cure\n|upkeep\n|turn|13\n|\n|t:|1700385020\n|switch|p1a: Tyranitar|Tyranitar, M|100\/100\n|-weather|Sandstorm|[from] ability: Sand Stream|[of] p1a: Tyranitar\n|move|p2a: Catalpa|Trick|p1a: Tyranitar\n|-activate|p2a: Catalpa|move: Trick|[of] p1a: Tyranitar\n|-item|p1a: Tyranitar|Choice Scarf|[from] move: Trick\n|-item|p2a: Catalpa|Assault Vest|[from] move: Trick\n|\n|-weather|Sandstorm|[upkeep]\n|-damage|p2a: Catalpa|21\/100|[from] Sandstorm\n|-damage|p2a: Catalpa|9\/100|[from] Salt Cure\n|upkeep\n|turn|14\n|\n|t:|1700385026\n|move|p2a: Catalpa|Flamethrower|p1a: Tyranitar\n|-resisted|p1a: Tyranitar\n|-damage|p1a: Tyranitar|89\/100\n|move|p1a: Tyranitar|Pursuit|p2a: Catalpa\n|-supereffective|p2a: Catalpa\n|-damage|p2a: Catalpa|0 fnt\n|faint|p2a: Catalpa\n|\n|-weather|Sandstorm|[upkeep]\n|upkeep\n|\n|t:|1700385030\n|switch|p2a: Tornadus|Tornadus-Therian, M|100\/100\n|turn|15\n|\n|t:|1700385040\n|switch|p1a: Cradily|Cradily, M|73\/100\n|move|p2a: Tornadus|Nasty Plot|p2a: Tornadus\n|-boost|p2a: Tornadus|spa|2\n|\n|-weather|Sandstorm|[upkeep]\n|-damage|p2a: Tornadus|94\/100|[from] Sandstorm\n|upkeep\n|turn|16\n|\n|t:|1700385046\n|move|p2a: Tornadus|Nasty Plot|p2a: Tornadus\n|-boost|p2a: Tornadus|spa|2\n|move|p1a: Cradily|Leech Seed|p2a: Tornadus\n|-start|p2a: Tornadus|move: Leech Seed\n|\n|-weather|Sandstorm|[upkeep]\n|-damage|p2a: Tornadus|88\/100|[from] Sandstorm\n|-damage|p2a: Tornadus|76\/100|[from] Leech Seed|[of] p1a: Cradily\n|-heal|p1a: Cradily|82\/100|[silent]\n|upkeep\n|turn|17\n|\n|t:|1700385056\n|move|p2a: Tornadus|Bleakwind Storm|p1a: Cradily\n|-damage|p1a: Cradily|3\/100\n|move|p1a: Cradily|Infestation|p2a: Tornadus\n|-resisted|p2a: Tornadus\n|-crit|p2a: Tornadus\n|-damage|p2a: Tornadus|73\/100\n|-activate|p2a: Tornadus|move: Infestation|[of] p1a: Cradily\n|\n|-weather|none\n|-damage|p2a: Tornadus|60\/100|[from] Leech Seed|[of] p1a: Cradily\n|-heal|p1a: Cradily|13\/100|[silent]\n|-damage|p2a: Tornadus|44\/100|[from] move: Infestation|[partiallytrapped]\n|upkeep\n|turn|18\n|\n|t:|1700385061\n|move|p2a: Tornadus|Bleakwind Storm|p1a: Cradily\n|-damage|p1a: Cradily|0 fnt\n|faint|p1a: Cradily\n|\n|-end|p2a: Tornadus|Infestation|[partiallytrapped]|[silent]\n|upkeep\n|\n|t:|1700385064\n|switch|p1a: Glimmora|Glimmora, M|51\/100\n|turn|19\n|\n|t:|1700385067\n|move|p1a: Glimmora|Sludge Wave|p2a: Tornadus\n|-damage|p2a: Tornadus|0 fnt\n|faint|p2a: Tornadus\n|\n|upkeep\n|\n|t:|1700385075\n|switch|p2a: Oak|Aegislash, M|42\/100\n|turn|20\n|\n|t:|1700385080\n|switch|p1a: Tyranitar|Tyranitar, M|89\/100\n|-weather|Sandstorm|[from] ability: Sand Stream|[of] p1a: Tyranitar\n|-formechange|p2a: Oak|Aegislash-Blade||[from] ability: Stance Change\n|move|p2a: Oak|Shadow Ball|p1a: Tyranitar\n|-resisted|p1a: Tyranitar\n|-damage|p1a: Tyranitar|82\/100\n|\n|-weather|Sandstorm|[upkeep]\n|-heal|p2a: Oak|48\/100|[from] item: Leftovers\n|upkeep\n|turn|21\n|\n|t:|1700385082\n|-formechange|p2a: Oak|Aegislash||[from] ability: Stance Change\n|move|p2a: Oak|King's Shield|p2a: Oak\n|-singleturn|p2a: Oak|Protect\n|move|p1a: Tyranitar|Knock Off|p2a: Oak\n|-activate|p2a: Oak|move: Protect\n|-unboost|p1a: Tyranitar|atk|1\n|\n|-weather|Sandstorm|[upkeep]\n|-heal|p2a: Oak|54\/100|[from] item: Leftovers\n|upkeep\n|turn|22\n|\n|t:|1700385085\n|move|p1a: Tyranitar|Knock Off|p2a: Oak\n|-supereffective|p2a: Oak\n|-damage|p2a: Oak|10\/100\n|-enditem|p2a: Oak|Leftovers|[from] move: Knock Off|[of] p1a: Tyranitar\n|-formechange|p2a: Oak|Aegislash-Blade||[from] ability: Stance Change\n|move|p2a: Oak|Close Combat|p1a: Tyranitar\n|-supereffective|p1a: Tyranitar\n|-damage|p1a: Tyranitar|0 fnt\n|-unboost|p2a: Oak|def|1\n|-unboost|p2a: Oak|spd|1\n|faint|p1a: Tyranitar\n|\n|-weather|Sandstorm|[upkeep]\n|upkeep\n|\n|t:|1700385090\n|switch|p1a: Glimmora|Glimmora, M|51\/100\n|turn|23\n|\n|t:|1700385092\n|-formechange|p2a: Oak|Aegislash||[from] ability: Stance Change\n|move|p2a: Oak|King's Shield|p2a: Oak\n|-singleturn|p2a: Oak|Protect\n|move|p1a: Glimmora|Earth Power|p2a: Oak\n|-activate|p2a: Oak|move: Protect\n|\n|-weather|Sandstorm|[upkeep]\n|upkeep\n|turn|24\n|\n|t:|1700385095\n|move|p1a: Glimmora|Earth Power|p2a: Oak\n|-supereffective|p2a: Oak\n|-damage|p2a: Oak|0 fnt\n|faint|p2a: Oak\n|\n|-weather|none\n|upkeep\n|\n|t:|1700385102\n|switch|p2a: Bewear|Bewear, M|84\/100\n|turn|25\n|\n|t:|1700385105\n|switch|p2a: Mulberry|Diancie-Mega|100\/100\n|move|p1a: Glimmora|Earth Power|p2a: Mulberry\n|-supereffective|p2a: Mulberry\n|-damage|p2a: Mulberry|9\/100\n|\n|upkeep\n|turn|26\n|\n|t:|1700385107\n|move|p1a: Glimmora|Earth Power|p2a: Mulberry\n|-supereffective|p2a: Mulberry\n|-damage|p2a: Mulberry|0 fnt\n|faint|p2a: Mulberry\n|\n|upkeep\n|\n|t:|1700385108\n|switch|p2a: Bewear|Bewear, M|84\/100\n|turn|27\n|\n|t:|1700385110\n|move|p1a: Glimmora|Earth Power|p2a: Bewear\n|-damage|p2a: Bewear|48\/100\n|move|p2a: Bewear|Body Press|p1a: Glimmora\n|-damage|p1a: Glimmora|12\/100\n|-activate|p1a: Glimmora|ability: Toxic Debris\n|-sidestart|p2: Klawf Up A Lung|move: Toxic Spikes\n|\n|-heal|p2a: Bewear|55\/100|[from] item: Leftovers\n|upkeep\n|turn|28\n|\n|t:|1700385113\n|move|p1a: Glimmora|Earth Power|p2a: Bewear\n|-damage|p2a: Bewear|19\/100\n|move|p2a: Bewear|Body Press|p1a: Glimmora\n|-damage|p1a: Glimmora|0 fnt\n|-activate|p1a: Glimmora|ability: Toxic Debris\n|-sidestart|p2: Klawf Up A Lung|move: Toxic Spikes\n|faint|p1a: Glimmora\n|\n|-heal|p2a: Bewear|25\/100|[from] item: Leftovers\n|upkeep\n|\n|t:|1700385116\n|switch|p1a: Aggron|Aggron, F|100\/100\n|turn|29\n|\n|t:|1700385118\n|detailschange|p1a: Aggron|Aggron-Mega, F\n|-mega|p1a: Aggron|Aggron|Aggronite\n|move|p2a: Bewear|Body Press|p1a: Aggron\n|-supereffective|p1a: Aggron\n|-damage|p1a: Aggron|79\/100\n|move|p1a: Aggron|Body Press|p2a: Bewear\n|-supereffective|p2a: Bewear\n|-damage|p2a: Bewear|0 fnt\n|faint|p2a: Bewear\n|\n|win|The power of ROCK\n|n|\u2606The power of ROCK|thepowerofrock\n|n|\u2606Klawf Up A Lung|klawfupalung\n|c|\u2606The power of ROCK|gg : )\n|c|\u2606Klawf Up A Lung|Gg\n|l|\u2606Klawf Up A Lung\n","uploadtime":1700385125,"views":7,"p1id":"thepowerofrock","p2id":"klawfupalung","formatid":"gen9nationaldex","rating":0,"private":0,"password":""}