{"id":"gen9nationaldex-1987620334","p1":"keiferw","p2":"I wasn't","format":"[Gen 9] National Dex","log":"|j|\u2606keiferw\n|j|\u2606I wasn't\n|t:|1699620526\n|gametype|singles\n|player|p1|keiferw|rosa|1511\n|player|p2|I wasn't|101|1404\n|teamsize|p1|6\n|teamsize|p2|6\n|gen|9\n|tier|[Gen 9] National Dex\n|rated|\n|rule|HP Percentage Mod: HP is shown in percentages\n|rule|Endless Battle Clause: Forcing endless battles is banned\n|rule|OHKO Clause: OHKO moves are banned\n|rule|Evasion Clause: Evasion abilities, items, and moves are banned\n|rule|Evasion Abilities Clause: Evasion abilities are banned\n|rule|Evasion Items Clause: Evasion items are banned\n|rule|Evasion Moves Clause: Evasion moves are banned\n|rule|Species Clause: Limit one of each Pok\u00e9mon\n|rule|Sleep Clause Mod: Limit one foe put to sleep\n|clearpoke\n|poke|p1|Iron Valiant|\n|poke|p1|Kyurem|\n|poke|p1|Tapu Lele|\n|poke|p1|Scizor, M|\n|poke|p1|Zapdos|\n|poke|p1|Ogerpon-Wellspring, F|\n|poke|p2|Stakataka|\n|poke|p2|Porygon2|\n|poke|p2|Heracross, M|\n|poke|p2|Glastrier|\n|poke|p2|Marowak-Alola, F|\n|poke|p2|Dragonite, M|\n|teampreview\n|inactive|Battle timer is ON: inactive players will automatically lose when time's up. (requested by keiferw)\n|\n|t:|1699620539\n|start\n|switch|p1a: \u6025\u88ad\u731b\u79bd\u2014\u2014\u9ec4\u91d1\u8106\u76ae\u9e21|Zapdos|100\/100\n|switch|p2a: Stakataka|Stakataka|100\/100\n|turn|1\n|\n|t:|1699620546\n|move|p1a: \u6025\u88ad\u731b\u79bd\u2014\u2014\u9ec4\u91d1\u8106\u76ae\u9e21|Volt Switch|p2a: Stakataka\n|-damage|p2a: Stakataka|63\/100\n|\n|t:|1699620550\n|switch|p1a: \u51b0\u6c34\u557c\u2014\u2014\u9713\u77f3\u7cbe\u00b7\u6d77\u795e|Ogerpon-Wellspring, F|100\/100|[from] Volt Switch\n|move|p2a: Stakataka|Trick Room|p2a: Stakataka\n|-fieldstart|move: Trick Room|[of] p2a: Stakataka\n|\n|upkeep\n|turn|2\n|\n|t:|1699620557\n|move|p2a: Stakataka|Stealth Rock|p1a: \u51b0\u6c34\u557c\u2014\u2014\u9713\u77f3\u7cbe\u00b7\u6d77\u795e\n|-sidestart|p1: keiferw|move: Stealth Rock\n|move|p1a: \u51b0\u6c34\u557c\u2014\u2014\u9713\u77f3\u7cbe\u00b7\u6d77\u795e|Ivy Cudgel|p2a: Stakataka\n|-supereffective|p2a: Stakataka\n|-damage|p2a: Stakataka|0 fnt\n|faint|p2a: Stakataka\n|\n|upkeep\n|\n|t:|1699620572\n|switch|p2a: Heracross|Heracross, M|100\/100\n|turn|3\n|\n|t:|1699620586\n|switch|p1a: \u6025\u88ad\u731b\u79bd\u2014\u2014\u9ec4\u91d1\u8106\u76ae\u9e21|Zapdos|100\/100\n|detailschange|p2a: Heracross|Heracross-Mega, M\n|-mega|p2a: Heracross|Heracross|Heracronite\n|move|p2a: Heracross|Pin Missile|p1a: \u6025\u88ad\u731b\u79bd\u2014\u2014\u9ec4\u91d1\u8106\u76ae\u9e21\n|-resisted|p1a: \u6025\u88ad\u731b\u79bd\u2014\u2014\u9ec4\u91d1\u8106\u76ae\u9e21\n|-damage|p1a: \u6025\u88ad\u731b\u79bd\u2014\u2014\u9ec4\u91d1\u8106\u76ae\u9e21|91\/100\n|-resisted|p1a: \u6025\u88ad\u731b\u79bd\u2014\u2014\u9ec4\u91d1\u8106\u76ae\u9e21\n|-damage|p1a: \u6025\u88ad\u731b\u79bd\u2014\u2014\u9ec4\u91d1\u8106\u76ae\u9e21|81\/100\n|-resisted|p1a: \u6025\u88ad\u731b\u79bd\u2014\u2014\u9ec4\u91d1\u8106\u76ae\u9e21\n|-damage|p1a: \u6025\u88ad\u731b\u79bd\u2014\u2014\u9ec4\u91d1\u8106\u76ae\u9e21|72\/100\n|-resisted|p1a: \u6025\u88ad\u731b\u79bd\u2014\u2014\u9ec4\u91d1\u8106\u76ae\u9e21\n|-damage|p1a: \u6025\u88ad\u731b\u79bd\u2014\u2014\u9ec4\u91d1\u8106\u76ae\u9e21|63\/100\n|-resisted|p1a: \u6025\u88ad\u731b\u79bd\u2014\u2014\u9ec4\u91d1\u8106\u76ae\u9e21\n|-damage|p1a: \u6025\u88ad\u731b\u79bd\u2014\u2014\u9ec4\u91d1\u8106\u76ae\u9e21|54\/100\n|-hitcount|p1a: \u6025\u88ad\u731b\u79bd\u2014\u2014\u9ec4\u91d1\u8106\u76ae\u9e21|5\n|\n|upkeep\n|turn|4\n|\n|t:|1699620603\n|move|p2a: Heracross|Rock Blast|p1a: \u6025\u88ad\u731b\u79bd\u2014\u2014\u9ec4\u91d1\u8106\u76ae\u9e21\n|-supereffective|p1a: \u6025\u88ad\u731b\u79bd\u2014\u2014\u9ec4\u91d1\u8106\u76ae\u9e21\n|-damage|p1a: \u6025\u88ad\u731b\u79bd\u2014\u2014\u9ec4\u91d1\u8106\u76ae\u9e21|30\/100\n|-supereffective|p1a: \u6025\u88ad\u731b\u79bd\u2014\u2014\u9ec4\u91d1\u8106\u76ae\u9e21\n|-damage|p1a: \u6025\u88ad\u731b\u79bd\u2014\u2014\u9ec4\u91d1\u8106\u76ae\u9e21|4\/100\n|-supereffective|p1a: \u6025\u88ad\u731b\u79bd\u2014\u2014\u9ec4\u91d1\u8106\u76ae\u9e21\n|-damage|p1a: \u6025\u88ad\u731b\u79bd\u2014\u2014\u9ec4\u91d1\u8106\u76ae\u9e21|0 fnt\n|faint|p1a: \u6025\u88ad\u731b\u79bd\u2014\u2014\u9ec4\u91d1\u8106\u76ae\u9e21\n|-hitcount|p1: \u6025\u88ad\u731b\u79bd\u2014\u2014\u9ec4\u91d1\u8106\u76ae\u9e21|3\n|\n|upkeep\n|\n|t:|1699620619\n|switch|p1a: \u6551\u63f4ACE\u961f\u2014\u2014\u6da1\u8f6e\u6e4d\u6d41\u6d88\u9632\u6218\u8f66|Scizor, M|100\/100\n|-damage|p1a: \u6551\u63f4ACE\u961f\u2014\u2014\u6da1\u8f6e\u6e4d\u6d41\u6d88\u9632\u6218\u8f66|88\/100|[from] Stealth Rock\n|turn|5\n|\n|t:|1699620644\n|detailschange|p1a: \u6551\u63f4ACE\u961f\u2014\u2014\u6da1\u8f6e\u6e4d\u6d41\u6d88\u9632\u6218\u8f66|Scizor-Mega, M\n|-mega|p1a: \u6551\u63f4ACE\u961f\u2014\u2014\u6da1\u8f6e\u6e4d\u6d41\u6d88\u9632\u6218\u8f66|Scizor|Scizorite\n|move|p2a: Heracross|Close Combat|p1a: \u6551\u63f4ACE\u961f\u2014\u2014\u6da1\u8f6e\u6e4d\u6d41\u6d88\u9632\u6218\u8f66\n|-damage|p1a: \u6551\u63f4ACE\u961f\u2014\u2014\u6da1\u8f6e\u6e4d\u6d41\u6d88\u9632\u6218\u8f66|35\/100\n|-unboost|p2a: Heracross|def|1\n|-unboost|p2a: Heracross|spd|1\n|move|p1a: \u6551\u63f4ACE\u961f\u2014\u2014\u6da1\u8f6e\u6e4d\u6d41\u6d88\u9632\u6218\u8f66|Roost|p1a: \u6551\u63f4ACE\u961f\u2014\u2014\u6da1\u8f6e\u6e4d\u6d41\u6d88\u9632\u6218\u8f66\n|-heal|p1a: \u6551\u63f4ACE\u961f\u2014\u2014\u6da1\u8f6e\u6e4d\u6d41\u6d88\u9632\u6218\u8f66|85\/100\n|-singleturn|p1a: \u6551\u63f4ACE\u961f\u2014\u2014\u6da1\u8f6e\u6e4d\u6d41\u6d88\u9632\u6218\u8f66|move: Roost\n|\n|-fieldend|move: Trick Room\n|upkeep\n|turn|6\n|\n|t:|1699620653\n|move|p1a: \u6551\u63f4ACE\u961f\u2014\u2014\u6da1\u8f6e\u6e4d\u6d41\u6d88\u9632\u6218\u8f66|Defog|p2a: Heracross\n|-unboost|p2a: Heracross|evasion|1\n|-sideend|p1: keiferw|Stealth Rock|[from] move: Defog|[of] p1a: \u6551\u63f4ACE\u961f\u2014\u2014\u6da1\u8f6e\u6e4d\u6d41\u6d88\u9632\u6218\u8f66\n|move|p2a: Heracross|Close Combat|p1a: \u6551\u63f4ACE\u961f\u2014\u2014\u6da1\u8f6e\u6e4d\u6d41\u6d88\u9632\u6218\u8f66\n|-damage|p1a: \u6551\u63f4ACE\u961f\u2014\u2014\u6da1\u8f6e\u6e4d\u6d41\u6d88\u9632\u6218\u8f66|33\/100\n|-unboost|p2a: Heracross|def|1\n|-unboost|p2a: Heracross|spd|1\n|\n|upkeep\n|turn|7\n|\n|t:|1699620662\n|switch|p2a: Porygon2|Porygon2, shiny|100\/100\n|-ability|p2a: Porygon2|Download|boost\n|-boost|p2a: Porygon2|spa|1\n|move|p1a: \u6551\u63f4ACE\u961f\u2014\u2014\u6da1\u8f6e\u6e4d\u6d41\u6d88\u9632\u6218\u8f66|Roost|p1a: \u6551\u63f4ACE\u961f\u2014\u2014\u6da1\u8f6e\u6e4d\u6d41\u6d88\u9632\u6218\u8f66\n|-heal|p1a: \u6551\u63f4ACE\u961f\u2014\u2014\u6da1\u8f6e\u6e4d\u6d41\u6d88\u9632\u6218\u8f66|83\/100\n|-singleturn|p1a: \u6551\u63f4ACE\u961f\u2014\u2014\u6da1\u8f6e\u6e4d\u6d41\u6d88\u9632\u6218\u8f66|move: Roost\n|\n|upkeep\n|turn|8\n|\n|t:|1699620668\n|move|p1a: \u6551\u63f4ACE\u961f\u2014\u2014\u6da1\u8f6e\u6e4d\u6d41\u6d88\u9632\u6218\u8f66|U-turn|p2a: Porygon2\n|-damage|p2a: Porygon2|80\/100\n|\n|t:|1699620676\n|switch|p1a: \u51b0\u6c34\u557c\u2014\u2014\u9713\u77f3\u7cbe\u00b7\u6d77\u795e|Ogerpon-Wellspring, F|100\/100|[from] U-turn\n|move|p2a: Porygon2|Trick Room|p2a: Porygon2\n|-fieldstart|move: Trick Room|[of] p2a: Porygon2\n|\n|upkeep\n|turn|9\n|\n|t:|1699620682\n|move|p1a: \u51b0\u6c34\u557c\u2014\u2014\u9713\u77f3\u7cbe\u00b7\u6d77\u795e|Encore|p2a: Porygon2\n|-start|p2a: Porygon2|Encore\n|move|p2a: Porygon2|Trick Room|p2a: Porygon2\n|-fieldend|move: Trick Room\n|\n|upkeep\n|turn|10\n|\n|t:|1699620693\n|move|p1a: \u51b0\u6c34\u557c\u2014\u2014\u9713\u77f3\u7cbe\u00b7\u6d77\u795e|Ivy Cudgel|p2a: Porygon2\n|-damage|p2a: Porygon2|45\/100\n|move|p2a: Porygon2|Trick Room|p2a: Porygon2\n|-fieldstart|move: Trick Room|[of] p2a: Porygon2\n|\n|upkeep\n|turn|11\n|inactive|I wasn't has 120 seconds left.\n|\n|t:|1699620727\n|switch|p2a: Glastrier|Glastrier|100\/100\n|switch|p1a: \u8d85\u9b54\u5bfc\u9f99\u9a91\u58eb\u2014\u2014\u771f\u7ea2\u773c\u9f99\u9a91\u58eb|Tapu Lele|100\/100\n|-fieldstart|move: Psychic Terrain|[from] ability: Psychic Surge|[of] p1a: \u8d85\u9b54\u5bfc\u9f99\u9a91\u58eb\u2014\u2014\u771f\u7ea2\u773c\u9f99\u9a91\u58eb\n|\n|upkeep\n|turn|12\n|inactive|I wasn't has 120 seconds left.\n|\n|t:|1699620740\n|move|p2a: Glastrier|Heavy Slam|p1a: \u8d85\u9b54\u5bfc\u9f99\u9a91\u58eb\u2014\u2014\u771f\u7ea2\u773c\u9f99\u9a91\u58eb\n|-supereffective|p1a: \u8d85\u9b54\u5bfc\u9f99\u9a91\u58eb\u2014\u2014\u771f\u7ea2\u773c\u9f99\u9a91\u58eb\n|-damage|p1a: \u8d85\u9b54\u5bfc\u9f99\u9a91\u58eb\u2014\u2014\u771f\u7ea2\u773c\u9f99\u9a91\u58eb|0 fnt\n|faint|p1a: \u8d85\u9b54\u5bfc\u9f99\u9a91\u58eb\u2014\u2014\u771f\u7ea2\u773c\u9f99\u9a91\u58eb\n|-ability|p2a: Glastrier|Chilling Neigh|boost\n|-boost|p2a: Glastrier|atk|1\n|\n|upkeep\n|\n|t:|1699620750\n|switch|p1a: \u51b0\u6c34\u557c\u2014\u2014\u9713\u77f3\u7cbe\u00b7\u6d77\u795e|Ogerpon-Wellspring, F|100\/100\n|turn|13\n|\n|t:|1699620755\n|move|p2a: Glastrier|Icicle Spear|p1a: \u51b0\u6c34\u557c\u2014\u2014\u9713\u77f3\u7cbe\u00b7\u6d77\u795e\n|-damage|p1a: \u51b0\u6c34\u557c\u2014\u2014\u9713\u77f3\u7cbe\u00b7\u6d77\u795e|69\/100\n|-damage|p1a: \u51b0\u6c34\u557c\u2014\u2014\u9713\u77f3\u7cbe\u00b7\u6d77\u795e|35\/100\n|-damage|p1a: \u51b0\u6c34\u557c\u2014\u2014\u9713\u77f3\u7cbe\u00b7\u6d77\u795e|4\/100\n|-damage|p1a: \u51b0\u6c34\u557c\u2014\u2014\u9713\u77f3\u7cbe\u00b7\u6d77\u795e|0 fnt\n|faint|p1a: \u51b0\u6c34\u557c\u2014\u2014\u9713\u77f3\u7cbe\u00b7\u6d77\u795e\n|-ability|p2a: Glastrier|Chilling Neigh|boost\n|-boost|p2a: Glastrier|atk|1\n|-hitcount|p1: \u51b0\u6c34\u557c\u2014\u2014\u9713\u77f3\u7cbe\u00b7\u6d77\u795e|4\n|\n|upkeep\n|\n|t:|1699620763\n|switch|p1a: \u6551\u63f4ACE\u961f\u2014\u2014\u6da1\u8f6e\u6e4d\u6d41\u6d88\u9632\u6218\u8f66|Scizor-Mega, M|83\/100\n|turn|14\n|\n|t:|1699620769\n|-terastallize|p2a: Glastrier|Ice\n|move|p1a: \u6551\u63f4ACE\u961f\u2014\u2014\u6da1\u8f6e\u6e4d\u6d41\u6d88\u9632\u6218\u8f66|Bullet Punch|p2a: Glastrier\n|-activate|p2a: Glastrier|move: Psychic Terrain\n|move|p2a: Glastrier|Icicle Spear|p1a: \u6551\u63f4ACE\u961f\u2014\u2014\u6da1\u8f6e\u6e4d\u6d41\u6d88\u9632\u6218\u8f66\n|-resisted|p1a: \u6551\u63f4ACE\u961f\u2014\u2014\u6da1\u8f6e\u6e4d\u6d41\u6d88\u9632\u6218\u8f66\n|-damage|p1a: \u6551\u63f4ACE\u961f\u2014\u2014\u6da1\u8f6e\u6e4d\u6d41\u6d88\u9632\u6218\u8f66|70\/100\n|-resisted|p1a: \u6551\u63f4ACE\u961f\u2014\u2014\u6da1\u8f6e\u6e4d\u6d41\u6d88\u9632\u6218\u8f66\n|-damage|p1a: \u6551\u63f4ACE\u961f\u2014\u2014\u6da1\u8f6e\u6e4d\u6d41\u6d88\u9632\u6218\u8f66|58\/100\n|-resisted|p1a: \u6551\u63f4ACE\u961f\u2014\u2014\u6da1\u8f6e\u6e4d\u6d41\u6d88\u9632\u6218\u8f66\n|-damage|p1a: \u6551\u63f4ACE\u961f\u2014\u2014\u6da1\u8f6e\u6e4d\u6d41\u6d88\u9632\u6218\u8f66|45\/100\n|-resisted|p1a: \u6551\u63f4ACE\u961f\u2014\u2014\u6da1\u8f6e\u6e4d\u6d41\u6d88\u9632\u6218\u8f66\n|-damage|p1a: \u6551\u63f4ACE\u961f\u2014\u2014\u6da1\u8f6e\u6e4d\u6d41\u6d88\u9632\u6218\u8f66|30\/100\n|-hitcount|p1a: \u6551\u63f4ACE\u961f\u2014\u2014\u6da1\u8f6e\u6e4d\u6d41\u6d88\u9632\u6218\u8f66|4\n|\n|-fieldend|move: Trick Room\n|upkeep\n|turn|15\n|\n|t:|1699620784\n|switch|p1a: \u6211\u7684\u56de\u5408\u2014\u2014\u62bd\u5361|Iron Valiant|100\/100\n|-enditem|p1a: \u6211\u7684\u56de\u5408\u2014\u2014\u62bd\u5361|Booster Energy\n|-activate|p1a: \u6211\u7684\u56de\u5408\u2014\u2014\u62bd\u5361|ability: Quark Drive|[fromitem]\n|-start|p1a: \u6211\u7684\u56de\u5408\u2014\u2014\u62bd\u5361|quarkdrivespe\n|move|p2a: Glastrier|Icicle Spear|p1a: \u6211\u7684\u56de\u5408\u2014\u2014\u62bd\u5361\n|-damage|p1a: \u6211\u7684\u56de\u5408\u2014\u2014\u62bd\u5361|42\/100\n|-damage|p1a: \u6211\u7684\u56de\u5408\u2014\u2014\u62bd\u5361|0 fnt\n|faint|p1a: \u6211\u7684\u56de\u5408\u2014\u2014\u62bd\u5361\n|-end|p1a: \u6211\u7684\u56de\u5408\u2014\u2014\u62bd\u5361|Quark Drive|[silent]\n|-ability|p2a: Glastrier|Chilling Neigh|boost\n|-boost|p2a: Glastrier|atk|1\n|-hitcount|p1: \u6211\u7684\u56de\u5408\u2014\u2014\u62bd\u5361|2\n|\n|-fieldend|move: Psychic Terrain\n|upkeep\n|\n|t:|1699620787\n|switch|p1a: \u6551\u63f4ACE\u961f\u2014\u2014\u6da1\u8f6e\u6e4d\u6d41\u6d88\u9632\u6218\u8f66|Scizor-Mega, M|30\/100\n|turn|16\n|\n|t:|1699620799\n|move|p1a: \u6551\u63f4ACE\u961f\u2014\u2014\u6da1\u8f6e\u6e4d\u6d41\u6d88\u9632\u6218\u8f66|Bullet Punch|p2a: Glastrier\n|-supereffective|p2a: Glastrier\n|-damage|p2a: Glastrier|59\/100\n|move|p2a: Glastrier|Icicle Spear|p1a: \u6551\u63f4ACE\u961f\u2014\u2014\u6da1\u8f6e\u6e4d\u6d41\u6d88\u9632\u6218\u8f66\n|-resisted|p1a: \u6551\u63f4ACE\u961f\u2014\u2014\u6da1\u8f6e\u6e4d\u6d41\u6d88\u9632\u6218\u8f66\n|-damage|p1a: \u6551\u63f4ACE\u961f\u2014\u2014\u6da1\u8f6e\u6e4d\u6d41\u6d88\u9632\u6218\u8f66|13\/100\n|-resisted|p1a: \u6551\u63f4ACE\u961f\u2014\u2014\u6da1\u8f6e\u6e4d\u6d41\u6d88\u9632\u6218\u8f66\n|-damage|p1a: \u6551\u63f4ACE\u961f\u2014\u2014\u6da1\u8f6e\u6e4d\u6d41\u6d88\u9632\u6218\u8f66|0 fnt\n|faint|p1a: \u6551\u63f4ACE\u961f\u2014\u2014\u6da1\u8f6e\u6e4d\u6d41\u6d88\u9632\u6218\u8f66\n|-ability|p2a: Glastrier|Chilling Neigh|boost\n|-boost|p2a: Glastrier|atk|1\n|-hitcount|p1: \u6551\u63f4ACE\u961f\u2014\u2014\u6da1\u8f6e\u6e4d\u6d41\u6d88\u9632\u6218\u8f66|2\n|\n|upkeep\n|\n|t:|1699620802\n|switch|p1a: \u51b0\u5251\u9f99\u2014\u2014\u5e7b\u51b0\u9f99|Kyurem|100\/100\n|-ability|p1a: \u51b0\u5251\u9f99\u2014\u2014\u5e7b\u51b0\u9f99|Pressure\n|turn|17\n|\n|t:|1699620808\n|move|p1a: \u51b0\u5251\u9f99\u2014\u2014\u5e7b\u51b0\u9f99|Iron Head|p2a: Glastrier\n|-supereffective|p2a: Glastrier\n|-damage|p2a: Glastrier|23\/100\n|move|p2a: Glastrier|Heavy Slam|p1a: \u51b0\u5251\u9f99\u2014\u2014\u5e7b\u51b0\u9f99\n|-supereffective|p1a: \u51b0\u5251\u9f99\u2014\u2014\u5e7b\u51b0\u9f99\n|-damage|p1a: \u51b0\u5251\u9f99\u2014\u2014\u5e7b\u51b0\u9f99|0 fnt\n|faint|p1a: \u51b0\u5251\u9f99\u2014\u2014\u5e7b\u51b0\u9f99\n|\n|win|I wasn't\n|raw|keiferw's rating: 1511 &rarr; <strong>1485<\/strong><br \/>(-26 for losing)\n|raw|I wasn&apos;t's rating: 1404 &rarr; <strong>1430<\/strong><br \/>(+26 for winning)\n|l|\u2606keiferw\n","uploadtime":1699620814,"views":4,"p1id":"keiferw","p2id":"iwasnt","formatid":"gen9nationaldex","rating":1430,"private":0,"password":""}