{"id":"gen9nationaldex-1995044705","p1":"Burgess15","p2":"alexis2deosxymews","format":"[Gen 9] National Dex","log":"|html|<div class=\"broadcast-blue\"><strong>[Gen 9] National Dex is currently suspecting Sneasler! For information on how to participate check out the <a href=\"https:\/\/www.smogon.com\/forums\/threads\/sv-national-dex-suspect-8-just-dance.3731534\/\">suspect thread<\/a>.<\/strong><\/div>\n|j|\u2606Burgess15\n|j|\u2606alexis2deosxymews\n|t:|1700516603\n|gametype|singles\n|player|p1|Burgess15|workerice|1362\n|player|p2|alexis2deosxymews|dancer|1236\n|teamsize|p1|6\n|teamsize|p2|6\n|gen|9\n|tier|[Gen 9] National Dex\n|rated|\n|rule|HP Percentage Mod: HP is shown in percentages\n|rule|Endless Battle Clause: Forcing endless battles is banned\n|rule|OHKO Clause: OHKO moves are banned\n|rule|Evasion Clause: Evasion abilities, items, and moves are banned\n|rule|Evasion Abilities Clause: Evasion abilities are banned\n|rule|Evasion Items Clause: Evasion items are banned\n|rule|Evasion Moves Clause: Evasion moves are banned\n|rule|Species Clause: Limit one of each Pok\u00e9mon\n|rule|Sleep Clause Mod: Limit one foe put to sleep\n|clearpoke\n|poke|p1|Feraligatr, F|\n|poke|p1|Pelipper, F|\n|poke|p1|Zapdos|\n|poke|p1|Ferrothorn, M|\n|poke|p1|Garchomp, F|\n|poke|p1|Swampert, F|\n|poke|p2|Serperior, F|\n|poke|p2|Volcarona, F|\n|poke|p2|Mawile, M|\n|poke|p2|Aegislash, F|\n|poke|p2|Ogerpon-Wellspring, F|\n|poke|p2|Iron Moth|\n|teampreview\n|inactive|Battle timer is ON: inactive players will automatically lose when time's up. (requested by Burgess15)\n|\n|t:|1700516620\n|start\n|switch|p1a: Garchomp|Garchomp, F|100\/100\n|switch|p2a: Iron Moth|Iron Moth|100\/100\n|turn|1\n|\n|t:|1700516629\n|move|p2a: Iron Moth|Dazzling Gleam|p1a: Garchomp\n|-supereffective|p1a: Garchomp\n|-damage|p1a: Garchomp|33\/100\n|move|p1a: Garchomp|Stealth Rock|p2a: Iron Moth\n|-sidestart|p2: alexis2deosxymews|move: Stealth Rock\n|\n|upkeep\n|turn|2\n|\n|t:|1700516646\n|move|p2a: Iron Moth|Fiery Dance|p1a: Garchomp\n|-resisted|p1a: Garchomp\n|-crit|p1a: Garchomp\n|-damage|p1a: Garchomp|0 fnt\n|faint|p1a: Garchomp\n|\n|upkeep\n|\n|t:|1700516650\n|switch|p1a: Pelipper|Pelipper, F|100\/100\n|-weather|RainDance|[from] ability: Drizzle|[of] p1a: Pelipper\n|turn|3\n|\n|t:|1700516657\n|move|p2a: Iron Moth|Discharge|p1a: Pelipper\n|-supereffective|p1a: Pelipper\n|-damage|p1a: Pelipper|0 fnt\n|faint|p1a: Pelipper\n|\n|-weather|RainDance|[upkeep]\n|upkeep\n|\n|t:|1700516665\n|switch|p1a: Feraligatr|Feraligatr, F|100\/100\n|turn|4\n|\n|t:|1700516672\n|move|p1a: Feraligatr|Aqua Jet|p2a: Iron Moth\n|-supereffective|p2a: Iron Moth\n|-damage|p2a: Iron Moth|0 fnt\n|faint|p2a: Iron Moth\n|-end|p2a: Iron Moth|Quark Drive|[silent]\n|-damage|p1a: Feraligatr|91\/100|[from] item: Life Orb\n|\n|-weather|RainDance|[upkeep]\n|upkeep\n|\n|t:|1700516679\n|switch|p2a: Aegislash|Aegislash, F|100\/100\n|-damage|p2a: Aegislash|94\/100|[from] Stealth Rock\n|turn|5\n|\n|t:|1700516684\n|-terastallize|p1a: Feraligatr|Water\n|move|p1a: Feraligatr|Liquidation|p2a: Aegislash\n|-damage|p2a: Aegislash|0 fnt\n|faint|p2a: Aegislash\n|\n|-weather|RainDance|[upkeep]\n|upkeep\n|\n|t:|1700516689\n|switch|p2a: Ogerpon|Ogerpon-Wellspring, F|100\/100\n|-damage|p2a: Ogerpon|88\/100|[from] Stealth Rock\n|turn|6\n|\n|t:|1700516697\n|switch|p1a: Ferrothorn|Ferrothorn, M|100\/100\n|move|p2a: Ogerpon|Swords Dance|p2a: Ogerpon\n|-boost|p2a: Ogerpon|atk|2\n|\n|-weather|RainDance|[upkeep]\n|upkeep\n|turn|7\n|\n|t:|1700516709\n|move|p2a: Ogerpon|Knock Off|p1a: Ferrothorn\n|-damage|p1a: Ferrothorn|59\/100\n|-damage|p2a: Ogerpon|76\/100|[from] ability: Iron Barbs|[of] p1a: Ferrothorn\n|-enditem|p1a: Ferrothorn|Leftovers|[from] move: Knock Off|[of] p2a: Ogerpon\n|move|p1a: Ferrothorn|Thunder Wave|p2a: Ogerpon\n|-status|p2a: Ogerpon|par\n|\n|-weather|RainDance|[upkeep]\n|upkeep\n|turn|8\n|\n|t:|1700516721\n|move|p1a: Ferrothorn|Protect|p1a: Ferrothorn\n|-singleturn|p1a: Ferrothorn|Protect\n|move|p2a: Ogerpon|Swords Dance|p2a: Ogerpon\n|-boost|p2a: Ogerpon|atk|2\n|\n|-weather|RainDance|[upkeep]\n|upkeep\n|turn|9\n|\n|t:|1700516732\n|move|p2a: Ogerpon|Ivy Cudgel|p1a: Ferrothorn|[anim] Ivy Cudgel Water\n|-resisted|p1a: Ferrothorn\n|-damage|p1a: Ferrothorn|0 fnt\n|faint|p1a: Ferrothorn\n|\n|-weather|RainDance|[upkeep]\n|upkeep\n|\n|t:|1700516739\n|switch|p1a: Zapdos|Zapdos|100\/100\n|turn|10\n|\n|t:|1700516746\n|move|p1a: Zapdos|Hurricane|p2a: Ogerpon\n|-supereffective|p2a: Ogerpon\n|-crit|p2a: Ogerpon\n|-damage|p2a: Ogerpon|0 fnt\n|faint|p2a: Ogerpon\n|\n|-weather|none\n|upkeep\n|\n|t:|1700516751\n|switch|p2a: Mawile|Mawile, M|100\/100\n|-damage|p2a: Mawile|95\/100|[from] Stealth Rock\n|turn|11\n|\n|t:|1700516758\n|detailschange|p2a: Mawile|Mawile-Mega, M\n|-mega|p2a: Mawile|Mawile|Mawilite\n|move|p1a: Zapdos|Thunder Wave|p2a: Mawile\n|-status|p2a: Mawile|par\n|move|p2a: Mawile|Swords Dance|p2a: Mawile\n|-boost|p2a: Mawile|atk|2\n|\n|upkeep\n|turn|12\n|\n|t:|1700516767\n|move|p2a: Mawile|Sucker Punch|p1a: Zapdos\n|-damage|p1a: Zapdos|1\/100\n|move|p1a: Zapdos|Thunder|p2a: Mawile\n|-damage|p2a: Mawile|35\/100 par\n|\n|upkeep\n|turn|13\n|\n|t:|1700516776\n|cant|p2a: Mawile|par\n|move|p1a: Zapdos|Thunder|p2a: Mawile\n|-damage|p2a: Mawile|0 fnt\n|faint|p2a: Mawile\n|\n|upkeep\n|\n|t:|1700516782\n|switch|p2a: Volcarona|Volcarona, F|100\/100\n|-damage|p2a: Volcarona|51\/100|[from] Stealth Rock\n|turn|14\n|\n|t:|1700516791\n|move|p1a: Zapdos|Hurricane|p2a: Volcarona\n|-supereffective|p2a: Volcarona\n|-damage|p2a: Volcarona|0 fnt\n|faint|p2a: Volcarona\n|\n|upkeep\n|\n|t:|1700516795\n|switch|p2a: Serperior|Serperior, F|100\/100\n|-damage|p2a: Serperior|88\/100|[from] Stealth Rock\n|turn|15\n|\n|t:|1700516798\n|move|p2a: Serperior|Leaf Storm|p1a: Zapdos|[miss]\n|-miss|p2a: Serperior|p1a: Zapdos\n|move|p1a: Zapdos|Hurricane|p2a: Serperior\n|-supereffective|p2a: Serperior\n|-damage|p2a: Serperior|0 fnt\n|faint|p2a: Serperior\n|\n|win|Burgess15\n|raw|Burgess15's rating: 1362 &rarr; <strong>1375<\/strong><br \/>(+13 for winning)\n|raw|alexis2deosxymews's rating: 1236 &rarr; <strong>1220<\/strong><br \/>(-16 for losing)\n|l|\u2606Burgess15\n|c|\u2606alexis2deosxymews|bro\n","uploadtime":1700516812,"views":25,"p1id":"burgess15","p2id":"alexis2deosxymews","formatid":"gen9nationaldex","rating":1220,"private":0,"password":""}