{"id":"gen9nationaldex-1995705262","p1":"Torrente777","p2":"MrLukis","format":"[Gen 9] National Dex","log":"|html|<div class=\"broadcast-blue\"><strong>[Gen 9] National Dex is currently suspecting Sneasler! For information on how to participate check out the <a href=\"https:\/\/www.smogon.com\/forums\/threads\/sv-national-dex-suspect-8-just-dance.3731534\/\">suspect thread<\/a>.<\/strong><\/div>\n|j|\u2606Torrente777\n|j|\u2606MrLukis\n|t:|1700595555\n|gametype|singles\n|player|p1|Torrente777|biker-gen4|\n|player|p2|MrLukis|hugh|\n|teamsize|p1|6\n|teamsize|p2|6\n|gen|9\n|tier|[Gen 9] National Dex\n|rule|HP Percentage Mod: HP is shown in percentages\n|rule|Endless Battle Clause: Forcing endless battles is banned\n|rule|OHKO Clause: OHKO moves are banned\n|rule|Evasion Clause: Evasion abilities, items, and moves are banned\n|rule|Evasion Abilities Clause: Evasion abilities are banned\n|rule|Evasion Items Clause: Evasion items are banned\n|rule|Evasion Moves Clause: Evasion moves are banned\n|rule|Species Clause: Limit one of each Pok\u00e9mon\n|rule|Sleep Clause Mod: Limit one foe put to sleep\n|clearpoke\n|poke|p1|Slaking, M|\n|poke|p1|Hydreigon, F|\n|poke|p1|Mimikyu, F|\n|poke|p1|Blaziken, M|\n|poke|p1|Feraligatr, F|\n|poke|p1|Blacephalon|\n|poke|p2|Wigglytuff, M|\n|poke|p2|Dragonite, M|\n|poke|p2|Feraligatr, M|\n|poke|p2|Slaking, M|\n|poke|p2|Hydreigon, M|\n|poke|p2|Azumarill, M|\n|teampreview\n|inactive|Battle timer is ON: inactive players will automatically lose when time's up. (requested by MrLukis)\n|\n|t:|1700595582\n|start\n|switch|p1a: Barriga Cervezera|Slaking, M|100\/100\n|switch|p2a: Drag0nite|Feraligatr, M|100\/100\n|turn|1\n|\n|t:|1700595590\n|move|p1a: Barriga Cervezera|Giga Impact|p2a: Drag0nite|[miss]\n|-miss|p1a: Barriga Cervezera|p2a: Drag0nite\n|move|p2a: Drag0nite|Dragon Dance|p2a: Drag0nite\n|-boost|p2a: Drag0nite|atk|1\n|-boost|p2a: Drag0nite|spe|1\n|\n|upkeep\n|turn|2\n|c|\u2606MrLukis|el rng\n|\n|t:|1700595602\n|move|p2a: Drag0nite|Dragon Dance|p2a: Drag0nite\n|-boost|p2a: Drag0nite|atk|1\n|-boost|p2a: Drag0nite|spe|1\n|cant|p1a: Barriga Cervezera|ability: Truant\n|\n|upkeep\n|turn|3\n|\n|t:|1700595609\n|move|p2a: Drag0nite|Waterfall|p1a: Barriga Cervezera\n|-damage|p1a: Barriga Cervezera|18\/100\n|move|p1a: Barriga Cervezera|Giga Impact|p2a: Drag0nite\n|-damage|p2a: Drag0nite|0 fnt\n|-mustrecharge|p1a: Barriga Cervezera\n|faint|p2a: Drag0nite\n|\n|upkeep\n|\n|t:|1700595616\n|switch|p2a: Gran Bluff|Wigglytuff, M|100\/100\n|turn|4\n|\n|t:|1700595624\n|cant|p1a: Barriga Cervezera|recharge\n|move|p2a: Gran Bluff|Hyper Voice|p1a: Barriga Cervezera\n|-damage|p1a: Barriga Cervezera|0 fnt\n|faint|p1a: Barriga Cervezera\n|\n|upkeep\n|\n|t:|1700595631\n|switch|p1a: Caudillo|Blaziken, M|100\/100\n|turn|5\n|\n|t:|1700595637\n|move|p1a: Caudillo|Protect|p1a: Caudillo\n|-singleturn|p1a: Caudillo|Protect\n|move|p2a: Gran Bluff|Dazzling Gleam|p1a: Caudillo\n|-activate|p1a: Caudillo|move: Protect\n|\n|-ability|p1a: Caudillo|Speed Boost|boost\n|-boost|p1a: Caudillo|spe|1\n|upkeep\n|turn|6\n|\n|t:|1700595646\n|move|p1a: Caudillo|Flare Blitz|p2a: Gran Bluff\n|-damage|p2a: Gran Bluff|0 fnt\n|faint|p2a: Gran Bluff\n|-damage|p1a: Caudillo|47\/100|[from] Recoil\n|-damage|p1a: Caudillo|37\/100|[from] item: Life Orb\n|\n|-ability|p1a: Caudillo|Speed Boost|boost\n|-boost|p1a: Caudillo|spe|1\n|upkeep\n|\n|t:|1700595649\n|switch|p2a: Lukis|Azumarill, M, shiny|100\/100\n|turn|7\n|\n|t:|1700595663\n|move|p1a: Caudillo|Earthquake|p2a: Lukis\n|-damage|p2a: Lukis|54\/100\n|-damage|p1a: Caudillo|27\/100|[from] item: Life Orb\n|move|p2a: Lukis|Belly Drum|p2a: Lukis\n|-damage|p2a: Lukis|4\/100\n|-setboost|p2a: Lukis|atk|6|[from] move: Belly Drum\n|-enditem|p2a: Lukis|Sitrus Berry|[eat]\n|-heal|p2a: Lukis|29\/100|[from] item: Sitrus Berry\n|\n|-ability|p1a: Caudillo|Speed Boost|boost\n|-boost|p1a: Caudillo|spe|1\n|upkeep\n|turn|8\n|\n|t:|1700595680\n|move|p2a: Lukis|Aqua Jet|p1a: Caudillo\n|-supereffective|p1a: Caudillo\n|-damage|p1a: Caudillo|0 fnt\n|faint|p1a: Caudillo\n|\n|upkeep\n|\n|t:|1700595698\n|switch|p1a: Mata Dragones|Mimikyu, F, shiny|100\/100\n|turn|9\n|\n|t:|1700595708\n|move|p2a: Lukis|Aqua Jet|p1a: Mata Dragones\n|-activate|p1a: Mata Dragones|ability: Disguise\n|-damage|p1a: Mata Dragones|100\/100\n|detailschange|p1a: Mata Dragones|Mimikyu-Busted, F, shiny\n|-damage|p1a: Mata Dragones|88\/100|[from] pokemon: Mimikyu-Busted\n|move|p1a: Mata Dragones|Swords Dance|p1a: Mata Dragones\n|-boost|p1a: Mata Dragones|atk|2\n|\n|upkeep\n|turn|10\n|c|\u2606MrLukis|maldito\n|\n|t:|1700595719\n|move|p1a: Mata Dragones|Shadow Sneak|p2a: Lukis\n|-crit|p2a: Lukis\n|-damage|p2a: Lukis|0 fnt\n|faint|p2a: Lukis\n|-damage|p1a: Mata Dragones|78\/100|[from] item: Life Orb\n|\n|upkeep\n|\n|t:|1700595728\n|switch|p2a: Feraligator|Dragonite, M|100\/100\n|turn|11\n|\n|t:|1700595737\n|-terastallize|p2a: Feraligator|Normal\n|move|p1a: Mata Dragones|Play Rough|p2a: Feraligator\n|-damage|p2a: Feraligator|41\/100\n|-enditem|p2a: Feraligator|Sitrus Berry|[eat]\n|-heal|p2a: Feraligator|66\/100|[from] item: Sitrus Berry\n|-damage|p1a: Mata Dragones|68\/100|[from] item: Life Orb\n|move|p2a: Feraligator|Iron Head|p1a: Mata Dragones\n|-supereffective|p1a: Mata Dragones\n|-damage|p1a: Mata Dragones|0 fnt\n|faint|p1a: Mata Dragones\n|\n|upkeep\n|\n|t:|1700595751\n|switch|p1a: Feraligatr|Feraligatr, F|100\/100\n|turn|12\n|\n|t:|1700595757\n|move|p2a: Feraligator|Dragon Dance|p2a: Feraligator\n|-boost|p2a: Feraligator|atk|1\n|-boost|p2a: Feraligator|spe|1\n|move|p1a: Feraligatr|Dragon Dance|p1a: Feraligatr\n|-boost|p1a: Feraligatr|atk|1\n|-boost|p1a: Feraligatr|spe|1\n|\n|upkeep\n|turn|13\n|\n|t:|1700595764\n|-terastallize|p1a: Feraligatr|Water\n|move|p2a: Feraligator|Extreme Speed|p1a: Feraligatr\n|-damage|p1a: Feraligatr|20\/100\n|move|p1a: Feraligatr|Waterfall|p2a: Feraligator\n|-damage|p2a: Feraligator|0 fnt\n|faint|p2a: Feraligator\n|\n|upkeep\n|\n|t:|1700595772\n|switch|p2a: Barriga Empanadera|Slaking, M|100\/100\n|turn|14\n|\n|t:|1700595785\n|move|p2a: Barriga Empanadera|Earthquake|p1a: Feraligatr\n|-damage|p1a: Feraligatr|0 fnt\n|faint|p1a: Feraligatr\n|\n|upkeep\n|\n|t:|1700595798\n|switch|p1a: Blacephalon|Blacephalon|100\/100\n|turn|15\n|\n|t:|1700595805\n|move|p1a: Blacephalon|Flamethrower|p2a: Barriga Empanadera\n|-damage|p2a: Barriga Empanadera|38\/100\n|cant|p2a: Barriga Empanadera|ability: Truant\n|\n|upkeep\n|turn|16\n|\n|t:|1700595813\n|move|p1a: Blacephalon|Flamethrower|p2a: Barriga Empanadera\n|-damage|p2a: Barriga Empanadera|0 fnt\n|faint|p2a: Barriga Empanadera\n|-ability|p1a: Blacephalon|Beast Boost|boost\n|-boost|p1a: Blacephalon|spa|1\n|\n|upkeep\n|c|\u2606MrLukis|es scarf\n|\n|t:|1700595817\n|switch|p2a: Barriga Croquetera|Hydreigon, M, shiny|100\/100\n|turn|17\n|\n|t:|1700595825\n|move|p1a: Blacephalon|Flamethrower|p2a: Barriga Croquetera\n|-resisted|p2a: Barriga Croquetera\n|-damage|p2a: Barriga Croquetera|57\/100\n|move|p2a: Barriga Croquetera|Draco Meteor|p1a: Blacephalon\n|-damage|p1a: Blacephalon|0 fnt\n|-unboost|p2a: Barriga Croquetera|spa|2\n|faint|p1a: Blacephalon\n|\n|-heal|p2a: Barriga Croquetera|64\/100|[from] item: Leftovers\n|upkeep\n|\n|t:|1700595835\n|switch|p1a: Hydreigon|Hydreigon, F, shiny|100\/100\n|turn|18\n|\n|t:|1700595840\n|move|p2a: Barriga Croquetera|Draco Meteor|p1a: Hydreigon\n|-supereffective|p1a: Hydreigon\n|-damage|p1a: Hydreigon|27\/100\n|-unboost|p2a: Barriga Croquetera|spa|2\n|move|p1a: Hydreigon|Draco Meteor|p2a: Barriga Croquetera\n|-supereffective|p2a: Barriga Croquetera\n|-damage|p2a: Barriga Croquetera|0 fnt\n|-unboost|p1a: Hydreigon|spa|2\n|faint|p2a: Barriga Croquetera\n|-damage|p1a: Hydreigon|17\/100|[from] item: Life Orb\n|\n|win|Torrente777\n","uploadtime":1700595853,"views":8,"p1id":"torrente777","p2id":"mrlukis","formatid":"gen9nationaldex","rating":0,"private":0,"password":""}