{"id":"gen9nationaldex-1996285249","p1":"AlastorTheOverlord","p2":"elpepealvarado","format":"[Gen 9] National Dex","log":"|html|<div class=\"broadcast-blue\"><strong>[Gen 9] National Dex is currently suspecting Sneasler! For information on how to participate check out the <a href=\"https:\/\/www.smogon.com\/forums\/threads\/sv-national-dex-suspect-8-just-dance.3731534\/\">suspect thread<\/a>.<\/strong><\/div>\n|j|\u2606AlastorTheOverlord\n|j|\u2606elpepealvarado\n|t:|1700667515\n|gametype|singles\n|player|p1|AlastorTheOverlord|n|\n|player|p2|elpepealvarado|ghetsis|\n|teamsize|p1|6\n|teamsize|p2|6\n|gen|9\n|tier|[Gen 9] National Dex\n|rule|HP Percentage Mod: HP is shown in percentages\n|rule|Endless Battle Clause: Forcing endless battles is banned\n|rule|OHKO Clause: OHKO moves are banned\n|rule|Evasion Clause: Evasion abilities, items, and moves are banned\n|rule|Evasion Abilities Clause: Evasion abilities are banned\n|rule|Evasion Items Clause: Evasion items are banned\n|rule|Evasion Moves Clause: Evasion moves are banned\n|rule|Species Clause: Limit one of each Pok\u00e9mon\n|rule|Sleep Clause Mod: Limit one foe put to sleep\n|clearpoke\n|poke|p1|Blastoise, M|\n|poke|p1|Nidoking, M|\n|poke|p1|Snorlax, M|\n|poke|p1|Scizor, M|\n|poke|p1|Venusaur, M|\n|poke|p1|Dragonite, M|\n|poke|p2|Charizard, M|\n|poke|p2|Ferrothorn, M|\n|poke|p2|Hoopa-Unbound|\n|poke|p2|Greninja-*, M|\n|poke|p2|Clodsire, M|\n|poke|p2|Hatterene, F|\n|teampreview\n|inactive|Battle timer is ON: inactive players will automatically lose when time's up. (requested by AlastorTheOverlord)\n|j| RedFRLG2004\n|\n|t:|1700667542\n|start\n|switch|p1a: Baragon|Nidoking, M|100\/100\n|switch|p2a: Ferrothorn|Ferrothorn, M|100\/100\n|turn|1\n|\n|t:|1700667550\n|move|p1a: Baragon|Flamethrower|p2a: Ferrothorn\n|-supereffective|p2a: Ferrothorn\n|-damage|p2a: Ferrothorn|0 fnt\n|faint|p2a: Ferrothorn\n|\n|upkeep\n|\n|t:|1700667556\n|switch|p2a: Charizard|Charizard, M|100\/100\n|turn|2\n|\n|t:|1700667563\n|switch|p2a: Clodsire|Clodsire, M|100\/100\n|move|p1a: Baragon|Sludge Wave|p2a: Clodsire\n|-resisted|p2a: Clodsire\n|-damage|p2a: Clodsire|92\/100\n|\n|-heal|p2a: Clodsire|98\/100|[from] item: Leftovers\n|upkeep\n|turn|3\n|\n|t:|1700667574\n|move|p1a: Baragon|Earth Power|p2a: Clodsire\n|-supereffective|p2a: Clodsire\n|-damage|p2a: Clodsire|30\/100\n|move|p2a: Clodsire|Toxic|p1a: Baragon\n|-immune|p1a: Baragon\n|\n|-heal|p2a: Clodsire|36\/100|[from] item: Leftovers\n|upkeep\n|turn|4\n|\n|t:|1700667587\n|move|p1a: Baragon|Earth Power|p2a: Clodsire\n|-supereffective|p2a: Clodsire\n|-damage|p2a: Clodsire|0 fnt\n|faint|p2a: Clodsire\n|\n|upkeep\n|\n|t:|1700667593\n|switch|p2a: Charizard|Charizard, M|100\/100\n|turn|5\n|\n|t:|1700667606\n|switch|p2a: Hoopa|Hoopa-Unbound|100\/100\n|move|p1a: Baragon|Sludge Wave|p2a: Hoopa\n|-damage|p2a: Hoopa|39\/100\n|\n|upkeep\n|turn|6\n|\n|t:|1700667615\n|-terastallize|p2a: Hoopa|Psychic\n|move|p2a: Hoopa|Psyshock|p1a: Baragon\n|-supereffective|p1a: Baragon\n|-damage|p1a: Baragon|0 fnt\n|faint|p1a: Baragon\n|\n|upkeep\n|\n|t:|1700667631\n|switch|p1a: Dragonite|Dragonite, M|100\/100\n|turn|7\n|\n|t:|1700667642\n|move|p2a: Hoopa|Psyshock|p1a: Dragonite\n|-damage|p1a: Dragonite|63\/100\n|move|p1a: Dragonite|Dragon Dance|p1a: Dragonite\n|-boost|p1a: Dragonite|atk|1\n|-boost|p1a: Dragonite|spe|1\n|\n|upkeep\n|turn|8\n|\n|t:|1700667651\n|switch|p2a: Greninja|Greninja, M|100\/100\n|-terastallize|p1a: Dragonite|Normal\n|move|p1a: Dragonite|Extreme Speed|p2a: Greninja\n|-damage|p2a: Greninja|0 fnt\n|faint|p2a: Greninja\n|\n|upkeep\n|\n|t:|1700667661\n|switch|p2a: Hatterene|Hatterene, F|100\/100\n|turn|9\n|\n|t:|1700667668\n|move|p1a: Dragonite|Extreme Speed|p2a: Hatterene\n|-damage|p2a: Hatterene|20\/100\n|move|p2a: Hatterene|Psyshock|p1a: Dragonite\n|-damage|p1a: Dragonite|8\/100\n|\n|-heal|p2a: Hatterene|26\/100|[from] item: Leftovers\n|upkeep\n|turn|10\n|\n|t:|1700667678\n|move|p1a: Dragonite|Extreme Speed|p2a: Hatterene\n|-damage|p2a: Hatterene|0 fnt\n|faint|p2a: Hatterene\n|\n|upkeep\n|\n|t:|1700667685\n|switch|p2a: Charizard|Charizard, M|100\/100\n|turn|11\n|\n|t:|1700667700\n|move|p1a: Dragonite|Roost|p1a: Dragonite\n|-heal|p1a: Dragonite|58\/100\n|move|p2a: Charizard|Dragon Dance|p2a: Charizard\n|-boost|p2a: Charizard|atk|1\n|-boost|p2a: Charizard|spe|1\n|\n|upkeep\n|turn|12\n|\n|t:|1700667710\n|detailschange|p2a: Charizard|Charizard-Mega-X, M\n|-mega|p2a: Charizard|Charizard|Charizardite X\n|move|p2a: Charizard|Dragon Dance|p2a: Charizard\n|-boost|p2a: Charizard|atk|1\n|-boost|p2a: Charizard|spe|1\n|move|p1a: Dragonite|Dragon Dance|p1a: Dragonite\n|-boost|p1a: Dragonite|atk|1\n|-boost|p1a: Dragonite|spe|1\n|\n|upkeep\n|turn|13\n|\n|t:|1700667722\n|move|p1a: Dragonite|Extreme Speed|p2a: Charizard\n|-damage|p2a: Charizard|0 fnt\n|faint|p2a: Charizard\n|\n|upkeep\n|\n|t:|1700667728\n|switch|p2a: Hoopa|Hoopa-Unbound, tera:Psychic|39\/100\n|turn|14\n|\n|t:|1700667734\n|move|p1a: Dragonite|Extreme Speed|p2a: Hoopa\n|-damage|p2a: Hoopa|0 fnt\n|faint|p2a: Hoopa\n|\n|win|AlastorTheOverlord\n","uploadtime":1700667744,"views":2,"p1id":"alastortheoverlord","p2id":"elpepealvarado","formatid":"gen9nationaldex","rating":0,"private":0,"password":""}