{"id":"gen9nationaldex-1990821295","p1":"Chili D Dewd","p2":"Bosseae","format":"[Gen 9] National Dex","log":"|j|\u2606Chili D Dewd\n|j|\u2606Bosseae\n|t:|1700004282\n|gametype|singles\n|player|p1|Chili D Dewd|flint|1627\n|player|p2|Bosseae|thorton|1491\n|teamsize|p1|6\n|teamsize|p2|6\n|gen|9\n|tier|[Gen 9] National Dex\n|rated|\n|rule|HP Percentage Mod: HP is shown in percentages\n|rule|Endless Battle Clause: Forcing endless battles is banned\n|rule|OHKO Clause: OHKO moves are banned\n|rule|Evasion Clause: Evasion abilities, items, and moves are banned\n|rule|Evasion Abilities Clause: Evasion abilities are banned\n|rule|Evasion Items Clause: Evasion items are banned\n|rule|Evasion Moves Clause: Evasion moves are banned\n|rule|Species Clause: Limit one of each Pok\u00e9mon\n|rule|Sleep Clause Mod: Limit one foe put to sleep\n|clearpoke\n|poke|p1|Scovillain, F|\n|poke|p1|Torkoal, F|\n|poke|p1|Great Tusk|\n|poke|p1|Houndoom, M|\n|poke|p1|Tapu Lele|\n|poke|p1|Rotom-Wash|\n|poke|p2|Scizor, F|\n|poke|p2|Iron Valiant|\n|poke|p2|Gliscor, F|\n|poke|p2|Heatran, M|\n|poke|p2|Weavile, M|\n|poke|p2|Ogerpon-Wellspring, F|\n|teampreview\n|inactive|Battle timer is ON: inactive players will automatically lose when time's up. (requested by Bosseae)\n|\n|t:|1700004293\n|start\n|switch|p1a: Torkoal|Torkoal, F|100\/100\n|switch|p2a: Scizor|Scizor, F|100\/100\n|-weather|SunnyDay|[from] ability: Drought|[of] p1a: Torkoal\n|turn|1\n|\n|t:|1700004301\n|detailschange|p2a: Scizor|Scizor-Mega, F\n|-mega|p2a: Scizor|Scizor|Scizorite\n|move|p2a: Scizor|U-turn|p1a: Torkoal\n|-resisted|p1a: Torkoal\n|-damage|p1a: Torkoal|91\/100\n|\n|t:|1700004305\n|switch|p2a: Heatran|Heatran, M|100\/100|[from] U-turn\n|move|p1a: Torkoal|Stealth Rock|p2a: Heatran\n|-sidestart|p2: Bosseae|move: Stealth Rock\n|\n|-weather|SunnyDay|[upkeep]\n|upkeep\n|turn|2\n|\n|t:|1700004310\n|switch|p1a: Rotom|Rotom-Wash|100\/100\n|move|p2a: Heatran|Magma Storm|p1a: Rotom\n|-resisted|p1a: Rotom\n|-damage|p1a: Rotom|76\/100\n|-activate|p1a: Rotom|move: Magma Storm|[of] p2a: Heatran\n|\n|-weather|SunnyDay|[upkeep]\n|-heal|p1a: Rotom|82\/100|[from] item: Leftovers\n|-damage|p1a: Rotom|69\/100|[from] move: Magma Storm|[partiallytrapped]\n|upkeep\n|turn|3\n|\n|t:|1700004316\n|switch|p2a: Ogerpon|Ogerpon-Wellspring, F|100\/100\n|-damage|p2a: Ogerpon|88\/100|[from] Stealth Rock\n|move|p1a: Rotom|Hydro Pump|p2a: Ogerpon\n|-heal|p2a: Ogerpon|100\/100|[from] ability: Water Absorb|[of] p1a: Rotom\n|\n|-weather|SunnyDay|[upkeep]\n|-heal|p1a: Rotom|75\/100|[from] item: Leftovers\n|-end|p1a: Rotom|Magma Storm|[partiallytrapped]|[silent]\n|upkeep\n|turn|4\n|\n|t:|1700004322\n|switch|p1a: Houndoom|Houndoom, M|100\/100\n|move|p2a: Ogerpon|Power Whip|p1a: Houndoom\n|-resisted|p1a: Houndoom\n|-damage|p1a: Houndoom|24\/100\n|\n|-weather|SunnyDay|[upkeep]\n|upkeep\n|turn|5\n|\n|t:|1700004329\n|switch|p2a: Heatran|Heatran, M|100\/100\n|-damage|p2a: Heatran|88\/100|[from] Stealth Rock\n|detailschange|p1a: Houndoom|Houndoom-Mega, M\n|-mega|p1a: Houndoom|Houndoom|Houndoominite\n|move|p1a: Houndoom|Dark Pulse|p2a: Heatran\n|-damage|p2a: Heatran|42\/100\n|\n|-weather|SunnyDay|[upkeep]\n|-damage|p1a: Houndoom|12\/100|[from] ability: Solar Power|[of] p1a: Houndoom\n|-heal|p2a: Heatran|48\/100|[from] item: Leftovers\n|upkeep\n|turn|6\n|\n|t:|1700004338\n|move|p1a: Houndoom|Dark Pulse|p2a: Heatran\n|-damage|p2a: Heatran|8\/100\n|move|p2a: Heatran|Earth Power|p1a: Houndoom\n|-supereffective|p1a: Houndoom\n|-damage|p1a: Houndoom|0 fnt\n|faint|p1a: Houndoom\n|\n|-weather|SunnyDay|[upkeep]\n|-heal|p2a: Heatran|15\/100|[from] item: Leftovers\n|upkeep\n|\n|t:|1700004341\n|switch|p1a: Great Tusk|Great Tusk|100\/100\n|-activate|p1a: Great Tusk|ability: Protosynthesis\n|-start|p1a: Great Tusk|protosynthesisatk\n|turn|7\n|\n|t:|1700004347\n|-zpower|p1a: Great Tusk\n|move|p1a: Great Tusk|Subzero Slammer|p2a: Heatran|[zeffect]\n|-resisted|p2a: Heatran\n|-damage|p2a: Heatran|0 fnt\n|faint|p2a: Heatran\n|\n|-weather|SunnyDay|[upkeep]\n|upkeep\n|\n|t:|1700004353\n|switch|p2a: Gliscor|Gliscor, F|100\/100\n|-damage|p2a: Gliscor|88\/100|[from] Stealth Rock\n|turn|8\n|\n|t:|1700004363\n|-end|p1a: Great Tusk|Protosynthesis|[silent]\n|switch|p1a: Rotom|Rotom-Wash|75\/100\n|-terastallize|p2a: Gliscor|Fairy\n|move|p2a: Gliscor|Toxic|p1a: Rotom\n|-status|p1a: Rotom|tox\n|\n|-weather|none\n|-heal|p1a: Rotom|81\/100 tox|[from] item: Leftovers\n|-damage|p1a: Rotom|75\/100 tox|[from] psn\n|-status|p2a: Gliscor|tox|[from] item: Toxic Orb\n|upkeep\n|turn|9\n|\n|t:|1700004370\n|switch|p2a: Ogerpon|Ogerpon-Wellspring, F|100\/100\n|-damage|p2a: Ogerpon|88\/100|[from] Stealth Rock\n|move|p1a: Rotom|Volt Switch|p2a: Ogerpon\n|-damage|p2a: Ogerpon|59\/100\n|\n|t:|1700004373\n|switch|p1a: Torkoal|Torkoal, F|91\/100|[from] Volt Switch\n|-weather|SunnyDay|[from] ability: Drought|[of] p1a: Torkoal\n|\n|-weather|SunnyDay|[upkeep]\n|upkeep\n|turn|10\n|\n|t:|1700004377\n|move|p2a: Ogerpon|Ivy Cudgel|p1a: Torkoal|[anim] Ivy Cudgel Water\n|-supereffective|p1a: Torkoal\n|-damage|p1a: Torkoal|56\/100\n|move|p1a: Torkoal|Yawn|p2a: Ogerpon\n|-start|p2a: Ogerpon|move: Yawn|[of] p1a: Torkoal\n|\n|-weather|SunnyDay|[upkeep]\n|upkeep\n|turn|11\n|\n|t:|1700004382\n|switch|p2a: Iron Valiant|Iron Valiant|100\/100\n|-damage|p2a: Iron Valiant|94\/100|[from] Stealth Rock\n|switch|p1a: Great Tusk|Great Tusk|100\/100\n|-activate|p1a: Great Tusk|ability: Protosynthesis\n|-start|p1a: Great Tusk|protosynthesisatk\n|\n|-weather|SunnyDay|[upkeep]\n|upkeep\n|turn|12\n|\n|t:|1700004386\n|-end|p1a: Great Tusk|Protosynthesis|[silent]\n|switch|p1a: Rotom|Rotom-Wash|75\/100 tox\n|move|p2a: Iron Valiant|Moonblast|p1a: Rotom\n|-damage|p1a: Rotom|23\/100 tox\n|\n|-weather|SunnyDay|[upkeep]\n|-heal|p1a: Rotom|29\/100 tox|[from] item: Leftovers\n|-damage|p1a: Rotom|23\/100 tox|[from] psn\n|upkeep\n|turn|13\n|\n|t:|1700004388\n|move|p2a: Iron Valiant|Moonblast|p1a: Rotom\n|-damage|p1a: Rotom|0 fnt\n|faint|p1a: Rotom\n|\n|-weather|SunnyDay|[upkeep]\n|upkeep\n|\n|t:|1700004390\n|switch|p1a: Tapu Lele|Tapu Lele|100\/100\n|-fieldstart|move: Psychic Terrain|[from] ability: Psychic Surge|[of] p1a: Tapu Lele\n|turn|14\n|\n|t:|1700004395\n|-end|p2a: Iron Valiant|Quark Drive|[silent]\n|switch|p2a: Scizor|Scizor-Mega, F|100\/100\n|-damage|p2a: Scizor|88\/100|[from] Stealth Rock\n|move|p1a: Tapu Lele|Hidden Power|p2a: Scizor\n|-supereffective|p2a: Scizor\n|-damage|p2a: Scizor|0 fnt\n|faint|p2a: Scizor\n|\n|-weather|SunnyDay|[upkeep]\n|upkeep\n|\n|t:|1700004410\n|switch|p2a: Iron Valiant|Iron Valiant|94\/100\n|-damage|p2a: Iron Valiant|88\/100|[from] Stealth Rock\n|turn|15\n|\n|t:|1700004416\n|move|p1a: Tapu Lele|Hidden Power|p2a: Iron Valiant\n|-damage|p2a: Iron Valiant|34\/100\n|move|p2a: Iron Valiant|Moonblast|p1a: Tapu Lele\n|-damage|p1a: Tapu Lele|21\/100\n|\n|-weather|SunnyDay|[upkeep]\n|upkeep\n|turn|16\n|\n|t:|1700004421\n|move|p1a: Tapu Lele|Hidden Power|p2a: Iron Valiant\n|-damage|p2a: Iron Valiant|0 fnt\n|faint|p2a: Iron Valiant\n|-end|p2a: Iron Valiant|Quark Drive|[silent]\n|\n|-weather|none\n|upkeep\n|\n|t:|1700004425\n|switch|p2a: Weavile|Weavile, M|100\/100\n|-damage|p2a: Weavile|76\/100|[from] Stealth Rock\n|-ability|p2a: Weavile|Pressure\n|turn|17\n|\n|t:|1700004428\n|switch|p1a: Torkoal|Torkoal, F|56\/100\n|-weather|SunnyDay|[from] ability: Drought|[of] p1a: Torkoal\n|move|p2a: Weavile|Ice Shard|p1a: Torkoal\n|-activate|p1a: Torkoal|move: Psychic Terrain\n|\n|-weather|SunnyDay|[upkeep]\n|upkeep\n|turn|18\n|\n|t:|1700004436\n|switch|p2a: Ogerpon|Ogerpon-Wellspring, F|59\/100\n|-damage|p2a: Ogerpon|47\/100|[from] Stealth Rock\n|move|p1a: Torkoal|Yawn|p2a: Ogerpon\n|-start|p2a: Ogerpon|move: Yawn|[of] p1a: Torkoal\n|\n|-weather|SunnyDay|[upkeep]\n|-fieldend|move: Psychic Terrain\n|upkeep\n|turn|19\n|\n|t:|1700004440\n|switch|p1a: Great Tusk|Great Tusk|100\/100\n|-activate|p1a: Great Tusk|ability: Protosynthesis\n|-start|p1a: Great Tusk|protosynthesisatk\n|move|p2a: Ogerpon|Ivy Cudgel|p1a: Great Tusk|[anim] Ivy Cudgel Water\n|-supereffective|p1a: Great Tusk\n|-damage|p1a: Great Tusk|56\/100\n|\n|-weather|SunnyDay|[upkeep]\n|-end|p2a: Ogerpon|move: Yawn|[silent]\n|-status|p2a: Ogerpon|slp\n|upkeep\n|turn|20\n|\n|t:|1700004447\n|cant|p2a: Ogerpon|slp\n|move|p1a: Great Tusk|Rapid Spin|p2a: Ogerpon\n|-damage|p2a: Ogerpon|16\/100 slp\n|-boost|p1a: Great Tusk|spe|1\n|\n|-weather|SunnyDay|[upkeep]\n|upkeep\n|turn|21\n|\n|t:|1700004452\n|move|p1a: Great Tusk|Rapid Spin|p2a: Ogerpon\n|-crit|p2a: Ogerpon\n|-damage|p2a: Ogerpon|0 fnt\n|-boost|p1a: Great Tusk|spe|1\n|faint|p2a: Ogerpon\n|\n|-weather|SunnyDay|[upkeep]\n|upkeep\n|\n|t:|1700004456\n|switch|p2a: Weavile|Weavile, M|76\/100\n|-damage|p2a: Weavile|51\/100|[from] Stealth Rock\n|-ability|p2a: Weavile|Pressure\n|turn|22\n|\n|t:|1700004460\n|move|p1a: Great Tusk|Close Combat|p2a: Weavile\n|-supereffective|p2a: Weavile\n|-damage|p2a: Weavile|0 fnt\n|-unboost|p1a: Great Tusk|def|1\n|-unboost|p1a: Great Tusk|spd|1\n|faint|p2a: Weavile\n|\n|-weather|SunnyDay|[upkeep]\n|upkeep\n|-message|Bosseae forfeited.\n|\n|win|Chili D Dewd\n|raw|Chili D Dewd's rating: 1627 &rarr; <strong>1640<\/strong><br \/>(+13 for winning)\n|raw|Bosseae's rating: 1491 &rarr; <strong>1478<\/strong><br \/>(-13 for losing)\n|l|\u2606Bosseae\n|l|\u2606Chili D Dewd\n|j|\u2606Chili D Dewd\n|player|p1|Chili D Dewd|flint\n","uploadtime":1700004479,"views":4,"p1id":"chiliddewd","p2id":"bosseae","formatid":"gen9nationaldex","rating":1478,"private":0,"password":""}