{"id":"gen9nationaldex-1998355933","p1":"ITS EDOT BABY","p2":"Ganjafin","format":"[Gen 9] National Dex","log":"|html|<div class=\"broadcast-blue\"><strong>[Gen 9] National Dex is currently suspecting Sneasler! For information on how to participate check out the <a href=\"https:\/\/www.smogon.com\/forums\/threads\/sv-national-dex-suspect-8-just-dance.3731534\/\">suspect thread<\/a>.<\/strong><\/div>\n|j|\u2606ITS EDOT BABY\n|j|\u2606Ganjafin\n|t:|1700933152\n|gametype|singles\n|player|p1|ITS EDOT BABY|ariana|1664\n|player|p2|Ganjafin|steven-masters2|1713\n|teamsize|p1|6\n|teamsize|p2|6\n|gen|9\n|tier|[Gen 9] National Dex\n|rated|\n|rule|HP Percentage Mod: HP is shown in percentages\n|rule|Endless Battle Clause: Forcing endless battles is banned\n|rule|OHKO Clause: OHKO moves are banned\n|rule|Evasion Clause: Evasion abilities, items, and moves are banned\n|rule|Evasion Abilities Clause: Evasion abilities are banned\n|rule|Evasion Items Clause: Evasion items are banned\n|rule|Evasion Moves Clause: Evasion moves are banned\n|rule|Species Clause: Limit one of each Pok\u00e9mon\n|rule|Sleep Clause Mod: Limit one foe put to sleep\n|clearpoke\n|poke|p1|Scizor, F|\n|poke|p1|Garchomp, F|\n|poke|p1|Zeraora|\n|poke|p1|Skeledirge, F|\n|poke|p1|Slowking-Galar, F|\n|poke|p1|Samurott-Hisui, M|\n|poke|p2|Ursaluna, M|\n|poke|p2|Alomomola, F|\n|poke|p2|Ferrothorn, F|\n|poke|p2|Landorus-Therian, M|\n|poke|p2|Tapu Koko|\n|poke|p2|Diancie|\n|teampreview\n|inactive|Battle timer is ON: inactive players will automatically lose when time's up. (requested by ITS EDOT BABY)\n|inactive|Ganjafin has 120 seconds left.\n|\n|t:|1700933193\n|start\n|switch|p1a: Zeraora|Zeraora|100\/100\n|switch|p2a: Diancie|Diancie|100\/100\n|turn|1\n|\n|t:|1700933209\n|switch|p2a: Landorus|Landorus-Therian, M|100\/100\n|-ability|p2a: Landorus|Intimidate|boost\n|-unboost|p1a: Zeraora|atk|1\n|move|p1a: Zeraora|Volt Switch|p2a: Landorus\n|-immune|p2a: Landorus\n|\n|upkeep\n|turn|2\n|\n|t:|1700933221\n|move|p2a: Landorus|U-turn|p1a: Zeraora\n|-damage|p1a: Zeraora|62\/100\n|inactive|Ganjafin has 120 seconds left.\n|\n|t:|1700933267\n|switch|p2a: Ferrothorn|Ferrothorn, F|100\/100|[from] U-turn\n|move|p1a: Zeraora|Hidden Power|p2a: Ferrothorn\n|-damage|p2a: Ferrothorn|91\/100\n|\n|-heal|p2a: Ferrothorn|97\/100|[from] item: Leftovers\n|upkeep\n|turn|3\n|inactive|Ganjafin has 90 seconds left.\n|inactive|Ganjafin has 60 seconds left.\n|inactive|Ganjafin has 30 seconds left.\n|inactive|Ganjafin has 20 seconds left.\n|\n|t:|1700933362\n|switch|p2a: Landorus|Landorus-Therian, M|100\/100\n|-ability|p2a: Landorus|Intimidate|boost\n|-unboost|p1a: Zeraora|atk|1\n|move|p1a: Zeraora|Volt Switch|p2a: Landorus\n|-immune|p2a: Landorus\n|\n|upkeep\n|turn|4\n|inactive|Ganjafin has 30 seconds left this turn.\n|inactive|ITS EDOT BABY has 120 seconds left.\n|\n|t:|1700933417\n|switch|p1a: Scizor|Scizor, F|100\/100\n|move|p2a: Landorus|Earthquake|p1a: Scizor\n|-damage|p1a: Scizor|57\/100\n|\n|upkeep\n|turn|5\n|\n|t:|1700933421\n|switch|p2a: Ursaluna|Ursaluna, M|100\/100\n|detailschange|p1a: Scizor|Scizor-Mega, F\n|-mega|p1a: Scizor|Scizor|Scizorite\n|move|p1a: Scizor|Roost|p1a: Scizor\n|-heal|p1a: Scizor|100\/100\n|-singleturn|p1a: Scizor|move: Roost\n|\n|-status|p2a: Ursaluna|brn|[from] item: Flame Orb\n|upkeep\n|turn|6\n|\n|t:|1700933427\n|move|p1a: Scizor|U-turn|p2a: Ursaluna\n|-damage|p2a: Ursaluna|76\/100 brn\n|\n|t:|1700933429\n|switch|p1a: Garchomp|Garchomp, F|100\/100|[from] U-turn\n|move|p2a: Ursaluna|Earthquake|p1a: Garchomp\n|-damage|p1a: Garchomp|13\/100\n|\n|-damage|p2a: Ursaluna|70\/100 brn|[from] brn\n|upkeep\n|turn|7\n|\n|t:|1700933435\n|switch|p2a: Landorus|Landorus-Therian, M|100\/100\n|-ability|p2a: Landorus|Intimidate|boost\n|-unboost|p1a: Garchomp|atk|1\n|-zpower|p1a: Garchomp\n|move|p1a: Garchomp|Devastating Drake|p2a: Landorus|[zeffect]\n|-damage|p2a: Landorus|26\/100\n|\n|upkeep\n|turn|8\n|inactive|Ganjafin has 60 seconds left.\n|\n|t:|1700933448\n|switch|p1a: Scizor|Scizor-Mega, F|100\/100\n|move|p2a: Landorus|U-turn|p1a: Scizor\n|-resisted|p1a: Scizor\n|-damage|p1a: Scizor|93\/100\n|\n|t:|1700933463\n|switch|p2a: Ferrothorn|Ferrothorn, F|97\/100|[from] U-turn\n|\n|-heal|p2a: Ferrothorn|100\/100|[from] item: Leftovers\n|upkeep\n|turn|9\n|\n|t:|1700933466\n|switch|p1a: Slowking|Slowking-Galar, F|100\/100\n|move|p2a: Ferrothorn|Spikes|p1a: Slowking\n|-sidestart|p1: ITS EDOT BABY|Spikes\n|\n|upkeep\n|turn|10\n|\n|t:|1700933471\n|move|p1a: Slowking|Future Sight|p2a: Ferrothorn\n|-start|p1a: Slowking|move: Future Sight\n|move|p2a: Ferrothorn|Spikes|p1a: Slowking\n|-sidestart|p1: ITS EDOT BABY|Spikes\n|\n|upkeep\n|turn|11\n|\n|t:|1700933473\n|move|p1a: Slowking|Flamethrower|p2a: Ferrothorn\n|-supereffective|p2a: Ferrothorn\n|-damage|p2a: Ferrothorn|33\/100\n|move|p2a: Ferrothorn|Spikes|p1a: Slowking\n|-sidestart|p1: ITS EDOT BABY|Spikes\n|\n|-heal|p2a: Ferrothorn|40\/100|[from] item: Leftovers\n|upkeep\n|turn|12\n|\n|t:|1700933490\n|switch|p2a: Alomomola|Alomomola, F|100\/100\n|move|p1a: Slowking|Flamethrower|p2a: Alomomola\n|-resisted|p2a: Alomomola\n|-damage|p2a: Alomomola|91\/100\n|\n|-end|p2a: Alomomola|move: Future Sight\n|-damage|p2a: Alomomola|56\/100\n|upkeep\n|turn|13\n|\n|t:|1700933495\n|move|p2a: Alomomola|Flip Turn|p1a: Slowking\n|-damage|p1a: Slowking|85\/100\n|\n|t:|1700933497\n|switch|p2a: Ursaluna|Ursaluna, M|70\/100 brn|[from] Flip Turn\n|move|p1a: Slowking|Future Sight|p2a: Ursaluna\n|-start|p1a: Slowking|move: Future Sight\n|\n|-damage|p2a: Ursaluna|64\/100 brn|[from] brn\n|upkeep\n|turn|14\n|\n|t:|1700933504\n|switch|p1a: Scizor|Scizor-Mega, F|93\/100\n|-damage|p1a: Scizor|68\/100|[from] Spikes\n|move|p2a: Ursaluna|Earthquake|p1a: Scizor\n|-damage|p1a: Scizor|11\/100\n|\n|-damage|p2a: Ursaluna|58\/100 brn|[from] brn\n|upkeep\n|turn|15\n|\n|t:|1700933515\n|move|p1a: Scizor|Defog|p2a: Ursaluna\n|-unboost|p2a: Ursaluna|evasion|1\n|-sideend|p1: ITS EDOT BABY|Spikes|[from] move: Defog|[of] p1a: Scizor\n|move|p2a: Ursaluna|Earthquake|p1a: Scizor\n|-damage|p1a: Scizor|0 fnt\n|faint|p1a: Scizor\n|\n|-end|p2a: Ursaluna|move: Future Sight\n|-damage|p2a: Ursaluna|19\/100 brn\n|-damage|p2a: Ursaluna|13\/100 brn|[from] brn\n|upkeep\n|\n|t:|1700933521\n|switch|p1a: Garchomp|Garchomp, F|13\/100\n|turn|16\n|\n|t:|1700933538\n|move|p1a: Garchomp|Stealth Rock|p2a: Ursaluna\n|-sidestart|p2: Ganjafin|move: Stealth Rock\n|move|p2a: Ursaluna|Earthquake|p1a: Garchomp\n|-damage|p1a: Garchomp|0 fnt\n|faint|p1a: Garchomp\n|\n|-damage|p2a: Ursaluna|7\/100 brn|[from] brn\n|upkeep\n|\n|t:|1700933543\n|switch|p1a: Samurott|Samurott-Hisui, M|100\/100\n|turn|17\n|j| hypno#1\n|\n|t:|1700933549\n|switch|p2a: Tapu Koko|Tapu Koko|100\/100\n|-fieldstart|move: Electric Terrain|[from] ability: Electric Surge|[of] p2a: Tapu Koko\n|move|p1a: Samurott|Ceaseless Edge|p2a: Tapu Koko|[miss]\n|-miss|p1a: Samurott|p2a: Tapu Koko\n|\n|upkeep\n|turn|18\n|\n|t:|1700933556\n|switch|p1a: Slowking|Slowking-Galar, F|100\/100\n|move|p2a: Tapu Koko|U-turn|p1a: Slowking\n|-damage|p1a: Slowking|84\/100\n|inactive|Ganjafin has 120 seconds left.\n|\n|t:|1700933565\n|switch|p2a: Ferrothorn|Ferrothorn, F|40\/100|[from] U-turn\n|-damage|p2a: Ferrothorn|33\/100|[from] Stealth Rock\n|\n|-heal|p2a: Ferrothorn|40\/100|[from] item: Leftovers\n|upkeep\n|turn|19\n|\n|t:|1700933568\n|move|p1a: Slowking|Flamethrower|p2a: Ferrothorn\n|-supereffective|p2a: Ferrothorn\n|-damage|p2a: Ferrothorn|0 fnt\n|faint|p2a: Ferrothorn\n|\n|upkeep\n|\n|t:|1700933572\n|switch|p2a: Landorus|Landorus-Therian, M|26\/100\n|-damage|p2a: Landorus|14\/100|[from] Stealth Rock\n|-ability|p2a: Landorus|Intimidate|boost\n|-unboost|p1a: Slowking|atk|1\n|turn|20\n|inactive|ITS EDOT BABY has 120 seconds left.\n|\n|t:|1700933606\n|switch|p1a: Skeledirge|Skeledirge, F|100\/100\n|move|p2a: Landorus|Earthquake|p1a: Skeledirge\n|-supereffective|p1a: Skeledirge\n|-damage|p1a: Skeledirge|32\/100\n|\n|upkeep\n|turn|21\n|inactive|ITS EDOT BABY has 120 seconds left.\n|\n|t:|1700933623\n|move|p2a: Landorus|Earthquake|p1a: Skeledirge\n|-supereffective|p1a: Skeledirge\n|-damage|p1a: Skeledirge|0 fnt\n|faint|p1a: Skeledirge\n|\n|-fieldend|move: Electric Terrain\n|upkeep\n|\n|t:|1700933625\n|switch|p1a: Samurott|Samurott-Hisui, M|100\/100\n|turn|22\n|\n|t:|1700933630\n|switch|p2a: Alomomola|Alomomola, F|89\/100\n|-damage|p2a: Alomomola|77\/100|[from] Stealth Rock\n|move|p1a: Samurott|Ceaseless Edge|p2a: Alomomola\n|-damage|p2a: Alomomola|48\/100\n|-damage|p1a: Samurott|84\/100|[from] item: Rocky Helmet|[of] p2a: Alomomola\n|-sidestart|p2: Ganjafin|Spikes\n|\n|upkeep\n|turn|23\n|\n|t:|1700933636\n|move|p1a: Samurott|Ceaseless Edge|p2a: Alomomola\n|-damage|p2a: Alomomola|21\/100\n|-damage|p1a: Samurott|67\/100|[from] item: Rocky Helmet|[of] p2a: Alomomola\n|-sidestart|p2: Ganjafin|Spikes\n|move|p2a: Alomomola|Wish|p2a: Alomomola\n|\n|upkeep\n|turn|24\n|\n|t:|1700933642\n|switch|p1a: Slowking|Slowking-Galar, F|100\/100\n|move|p2a: Alomomola|Protect||[still]\n|-fail|p2a: Alomomola\n|\n|-heal|p2a: Alomomola|71\/100|[from] move: Wish|[wisher] Alomomola\n|upkeep\n|turn|25\n|\n|t:|1700933654\n|switch|p2a: Diancie|Diancie|100\/100\n|-damage|p2a: Diancie|88\/100|[from] Stealth Rock\n|-damage|p2a: Diancie|71\/100|[from] Spikes\n|move|p1a: Slowking|Future Sight|p2a: Diancie\n|-start|p1a: Slowking|move: Future Sight\n|\n|upkeep\n|turn|26\n|\n|t:|1700933668\n|detailschange|p2a: Diancie|Diancie-Mega\n|-mega|p2a: Diancie|Diancie|Diancite\n|move|p2a: Diancie|Diamond Storm|p1a: Slowking\n|-damage|p1a: Slowking|47\/100\n|-boost|p2a: Diancie|def|2\n|move|p1a: Slowking|Chilly Reception|p1a: Slowking\n|-weather|Snow\n|j| agent cheshire\n|\n|t:|1700933673\n|switch|p1a: Samurott|Samurott-Hisui, M|67\/100|[from] Chilly Reception\n|\n|-weather|Snow|[upkeep]\n|upkeep\n|turn|27\n|\n|t:|1700933676\n|switch|p2a: Alomomola|Alomomola, F|100\/100\n|-damage|p2a: Alomomola|88\/100|[from] Stealth Rock\n|-damage|p2a: Alomomola|71\/100|[from] Spikes\n|move|p1a: Samurott|Flip Turn|p2a: Alomomola\n|-resisted|p2a: Alomomola\n|-damage|p2a: Alomomola|62\/100\n|-damage|p1a: Samurott|51\/100|[from] item: Rocky Helmet|[of] p2a: Alomomola\n|\n|t:|1700933678\n|switch|p1a: Zeraora|Zeraora|62\/100|[from] Flip Turn\n|\n|-weather|Snow|[upkeep]\n|-end|p2a: Alomomola|move: Future Sight\n|-damage|p2a: Alomomola|22\/100\n|upkeep\n|turn|28\n|\n|t:|1700933683\n|switch|p2a: Ursaluna|Ursaluna, M|7\/100 brn\n|-damage|p2a: Ursaluna|1\/100 brn|[from] Stealth Rock\n|-damage|p2a: Ursaluna|0 fnt|[from] Spikes\n|faint|p2a: Ursaluna\n|move|p1a: Zeraora|Volt Switch|p2: Ursaluna|[notarget]\n|-fail|p1a: Zeraora\n|\n|-weather|Snow|[upkeep]\n|upkeep\n|\n|t:|1700933689\n|switch|p2a: Landorus|Landorus-Therian, M|14\/100\n|-damage|p2a: Landorus|2\/100|[from] Stealth Rock\n|-ability|p2a: Landorus|Intimidate|boost\n|-unboost|p1a: Zeraora|atk|1\n|turn|29\n|\n|t:|1700933712\n|switch|p1a: Samurott|Samurott-Hisui, M|51\/100\n|move|p2a: Landorus|Earthquake|p1a: Samurott\n|-damage|p1a: Samurott|0 fnt\n|faint|p1a: Samurott\n|\n|-weather|Snow|[upkeep]\n|upkeep\n|\n|t:|1700933713\n|switch|p1a: Slowking|Slowking-Galar, F|80\/100\n|turn|30\n|\n|t:|1700933718\n|-terastallize|p1a: Slowking|Dragon\n|move|p2a: Landorus|Earthquake|p1a: Slowking\n|-damage|p1a: Slowking|17\/100\n|move|p1a: Slowking|Flamethrower|p2a: Landorus\n|-damage|p2a: Landorus|0 fnt\n|faint|p2a: Landorus\n|\n|-weather|none\n|upkeep\n|\n|t:|1700933730\n|switch|p2a: Tapu Koko|Tapu Koko|100\/100\n|-fieldstart|move: Electric Terrain|[from] ability: Electric Surge|[of] p2a: Tapu Koko\n|turn|31\n|\n|t:|1700933734\n|move|p2a: Tapu Koko|Hidden Power|p1a: Slowking\n|-supereffective|p1a: Slowking\n|-damage|p1a: Slowking|0 fnt\n|faint|p1a: Slowking\n|\n|upkeep\n|\n|t:|1700933738\n|switch|p1a: Zeraora|Zeraora|62\/100\n|turn|32\n|\n|t:|1700933740\n|move|p1a: Zeraora|Plasma Fists|p2a: Tapu Koko\n|-resisted|p2a: Tapu Koko\n|-damage|p2a: Tapu Koko|59\/100\n|-fieldactivate|move: Ion Deluge\n|-hint|Normal-type moves become Electric-type after using Plasma Fists.\n|move|p2a: Tapu Koko|Hidden Power|p1a: Zeraora\n|-damage|p1a: Zeraora|39\/100\n|\n|upkeep\n|turn|33\n|\n|t:|1700933750\n|switch|p2a: Alomomola|Alomomola, F|56\/100\n|-damage|p2a: Alomomola|43\/100|[from] Stealth Rock\n|-damage|p2a: Alomomola|26\/100|[from] Spikes\n|move|p1a: Zeraora|Plasma Fists|p2a: Alomomola\n|-supereffective|p2a: Alomomola\n|-damage|p2a: Alomomola|0 fnt\n|-fieldactivate|move: Ion Deluge\n|-hint|Normal-type moves become Electric-type after using Plasma Fists.\n|-damage|p1a: Zeraora|23\/100|[from] item: Rocky Helmet|[of] p2a: Alomomola\n|faint|p2a: Alomomola\n|\n|upkeep\n|\n|t:|1700933753\n|switch|p2a: Tapu Koko|Tapu Koko|59\/100\n|turn|34\n|\n|t:|1700933755\n|move|p1a: Zeraora|Plasma Fists|p2a: Tapu Koko\n|-resisted|p2a: Tapu Koko\n|-damage|p2a: Tapu Koko|18\/100\n|-fieldactivate|move: Ion Deluge\n|-hint|Normal-type moves become Electric-type after using Plasma Fists.\n|move|p2a: Tapu Koko|Hidden Power|p1a: Zeraora\n|-damage|p1a: Zeraora|1\/100\n|\n|upkeep\n|turn|35\n|\n|t:|1700933768\n|move|p1a: Zeraora|Plasma Fists|p2a: Tapu Koko\n|-resisted|p2a: Tapu Koko\n|-damage|p2a: Tapu Koko|0 fnt\n|-fieldactivate|move: Ion Deluge\n|-hint|Normal-type moves become Electric-type after using Plasma Fists.\n|faint|p2a: Tapu Koko\n|\n|-fieldend|move: Electric Terrain\n|upkeep\n|\n|t:|1700933770\n|switch|p2a: Diancie|Diancie-Mega|71\/100\n|-damage|p2a: Diancie|59\/100|[from] Stealth Rock\n|-damage|p2a: Diancie|42\/100|[from] Spikes\n|turn|36\n|\n|t:|1700933773\n|move|p1a: Zeraora|Plasma Fists|p2a: Diancie\n|-damage|p2a: Diancie|0 fnt\n|-fieldactivate|move: Ion Deluge\n|-hint|Normal-type moves become Electric-type after using Plasma Fists.\n|faint|p2a: Diancie\n|\n|win|ITS EDOT BABY\n|raw|ITS EDOT BABY's rating: 1664 &rarr; <strong>1687<\/strong><br \/>(+23 for winning)\n|raw|Ganjafin's rating: 1713 &rarr; <strong>1690<\/strong><br \/>(-23 for losing)\n","uploadtime":1700933788,"views":0,"p1id":"itsedotbaby","p2id":"ganjafin","formatid":"gen9nationaldex","rating":1687,"private":0,"password":""}