{"id":"gen9nationaldex-1990906561","p1":"Nolanatorcool","p2":"ICoolish","format":"[Gen 9] National Dex","log":"|j|\u2606Nolanatorcool\n|j|\u2606ICoolish\n|t:|1700013683\n|gametype|singles\n|player|p1|Nolanatorcool|1|1000\n|player|p2|ICoolish|2|1000\n|teamsize|p1|2\n|teamsize|p2|6\n|gen|9\n|tier|[Gen 9] National Dex\n|rated|\n|rule|HP Percentage Mod: HP is shown in percentages\n|rule|Endless Battle Clause: Forcing endless battles is banned\n|rule|OHKO Clause: OHKO moves are banned\n|rule|Evasion Clause: Evasion abilities, items, and moves are banned\n|rule|Evasion Abilities Clause: Evasion abilities are banned\n|rule|Evasion Items Clause: Evasion items are banned\n|rule|Evasion Moves Clause: Evasion moves are banned\n|rule|Species Clause: Limit one of each Pok\u00e9mon\n|rule|Sleep Clause Mod: Limit one foe put to sleep\n|clearpoke\n|poke|p1|Rattata, L1, F|\n|poke|p1|Greninja-*, M|\n|poke|p2|Machamp, F|\n|poke|p2|Weavile, F|\n|poke|p2|Diancie|\n|poke|p2|Blissey, F|\n|poke|p2|Gardevoir, F|\n|poke|p2|Azelf|\n|teampreview\n|c|\u2606ICoolish|All Metronome Team\n|\n|t:|1700013694\n|start\n|switch|p1a: the rat cage|Rattata, L1, F, shiny|100\/100\n|switch|p2a: Weavile|Weavile, F|100\/100\n|turn|1\n|\n|t:|1700013701\n|move|p2a: Weavile|Metronome|p2a: Weavile\n|move|p2a: Weavile|Minimize|p2a: Weavile|[from]move: Metronome\n|-boost|p2a: Weavile|evasion|2\n|move|p1a: the rat cage|Endeavor|p2a: Weavile|[miss]\n|-miss|p1a: the rat cage|p2a: Weavile\n|\n|upkeep\n|turn|2\n|\n|t:|1700013721\n|move|p2a: Weavile|Metronome|p2a: Weavile\n|move|p2a: Weavile|Aurora Beam|p1a: the rat cage|[from]move: Metronome\n|-enditem|p1a: the rat cage|Focus Sash\n|-damage|p1a: the rat cage|10\/100\n|move|p1a: the rat cage|Endeavor|p2a: Weavile|[miss]\n|-miss|p1a: the rat cage|p2a: Weavile\n|\n|upkeep\n|turn|3\n|\n|t:|1700013729\n|move|p2a: Weavile|Metronome|p2a: Weavile\n|move|p2a: Weavile|Coil|p2a: Weavile|[from]move: Metronome\n|-boost|p2a: Weavile|atk|1\n|-boost|p2a: Weavile|def|1\n|-boost|p2a: Weavile|accuracy|1\n|move|p1a: the rat cage|Endeavor|p2a: Weavile\n|-damage|p2a: Weavile|1\/100\n|\n|upkeep\n|turn|4\n|\n|t:|1700013738\n|move|p1a: the rat cage|Quick Attack|p2a: Weavile|[miss]\n|-miss|p1a: the rat cage|p2a: Weavile\n|move|p2a: Weavile|Metronome|p2a: Weavile\n|move|p2a: Weavile|Clanging Scales|p1a: the rat cage|[from]move: Metronome\n|-damage|p1a: the rat cage|0 fnt\n|faint|p1a: the rat cage\n|-unboost|p2a: Weavile|def|1\n|\n|upkeep\n|inactive|Battle timer is ON: inactive players will automatically lose when time's up. (requested by ICoolish)\n|\n|t:|1700013777\n|switch|p1a: Greninja|Greninja, M|100\/100\n|turn|5\n|\n|t:|1700013803\n|-terastallize|p1a: Greninja|Water\n|move|p1a: Greninja|Rain Dance|p1a: Greninja\n|-weather|RainDance\n|move|p2a: Weavile|Metronome|p2a: Weavile\n|move|p2a: Weavile|Glare|p1a: Greninja|[from]move: Metronome\n|-status|p1a: Greninja|par\n|\n|-weather|RainDance|[upkeep]\n|upkeep\n|turn|6\n|inactive|Nolanatorcool has 120 seconds left.\n|\n|t:|1700013824\n|move|p2a: Weavile|Metronome|p2a: Weavile\n|move|p2a: Weavile|Quiver Dance|p2a: Weavile|[from]move: Metronome\n|-boost|p2a: Weavile|spa|1\n|-boost|p2a: Weavile|spd|1\n|-boost|p2a: Weavile|spe|1\n|move|p1a: Greninja|Dark Pulse|p2a: Weavile|[miss]\n|-miss|p1a: Greninja|p2a: Weavile\n|\n|-weather|RainDance|[upkeep]\n|upkeep\n|turn|7\n|inactive|Nolanatorcool has 120 seconds left.\n|\n|t:|1700013832\n|move|p2a: Weavile|Metronome|p2a: Weavile\n|move|p2a: Weavile|Amnesia|p2a: Weavile|[from]move: Metronome\n|-boost|p2a: Weavile|spd|2\n|cant|p1a: Greninja|par\n|\n|-weather|RainDance|[upkeep]\n|upkeep\n|turn|8\n|\n|t:|1700013841\n|move|p1a: Greninja|Water Shuriken|p2a: Weavile\n|-damage|p2a: Weavile|0 fnt\n|faint|p2a: Weavile\n|-ability|p1a: Greninja|Battle Bond|boost\n|-boost|p1a: Greninja|atk|1\n|-boost|p1a: Greninja|spa|1\n|-boost|p1a: Greninja|spe|1\n|-activate|p1a: Greninja|ability: Battle Bond\n|-hitcount|p2: Weavile|1\n|\n|-weather|RainDance|[upkeep]\n|upkeep\n|\n|t:|1700013851\n|switch|p2a: Machamp|Machamp, F|100\/100\n|turn|9\n|\n|t:|1700013857\n|move|p2a: Machamp|Metronome|p2a: Machamp\n|move|p2a: Machamp|Night Daze|p1a: Greninja|[from]move: Metronome\n|-damage|p1a: Greninja|79\/100 par\n|-unboost|p1a: Greninja|accuracy|1\n|cant|p1a: Greninja|par\n|\n|-weather|none\n|upkeep\n|turn|10\n|\n|t:|1700013866\n|move|p2a: Machamp|Metronome|p2a: Machamp\n|move|p2a: Machamp|Triple Dive|p1a: Greninja|[from]move: Metronome\n|-resisted|p1a: Greninja\n|-damage|p1a: Greninja|71\/100 par\n|-resisted|p1a: Greninja\n|-damage|p1a: Greninja|63\/100 par\n|-resisted|p1a: Greninja\n|-damage|p1a: Greninja|54\/100 par\n|-hitcount|p1a: Greninja|3\n|cant|p1a: Greninja|par\n|\n|upkeep\n|turn|11\n|\n|t:|1700013892\n|move|p2a: Machamp|Metronome|p2a: Machamp\n|move|p2a: Machamp|Amnesia|p2a: Machamp|[from]move: Metronome\n|-boost|p2a: Machamp|spd|2\n|move|p1a: Greninja|Hydro Pump|p2a: Machamp\n|-damage|p2a: Machamp|37\/100\n|\n|upkeep\n|turn|12\n|\n|t:|1700013899\n|move|p2a: Machamp|Metronome|p2a: Machamp\n|move|p2a: Machamp|Ice Beam|p1a: Greninja|[from]move: Metronome\n|-resisted|p1a: Greninja\n|-damage|p1a: Greninja|43\/100 par\n|move|p1a: Greninja|Rain Dance|p1a: Greninja\n|-weather|RainDance\n|\n|-weather|RainDance|[upkeep]\n|upkeep\n|turn|13\n|\n|t:|1700013911\n|move|p2a: Machamp|Metronome|p2a: Machamp\n|move|p2a: Machamp|Mountain Gale|p1a: Greninja|[from]move: Metronome\n|-resisted|p1a: Greninja\n|-damage|p1a: Greninja|16\/100 par\n|move|p1a: Greninja|Hydro Pump|p2a: Machamp\n|-crit|p2a: Machamp\n|-damage|p2a: Machamp|0 fnt\n|faint|p2a: Machamp\n|\n|-weather|RainDance|[upkeep]\n|upkeep\n|\n|t:|1700013919\n|switch|p2a: Diancie|Diancie|100\/100\n|turn|14\n|\n|t:|1700013924\n|cant|p1a: Greninja|par\n|move|p2a: Diancie|Metronome|p2a: Diancie\n|move|p2a: Diancie|Haze|p2a: Diancie|[from]move: Metronome\n|-clearallboost\n|\n|-weather|RainDance|[upkeep]\n|upkeep\n|turn|15\n|\n|t:|1700013930\n|move|p1a: Greninja|Rain Dance||[still]\n|-fail|p1a: Greninja\n|move|p2a: Diancie|Metronome|p2a: Diancie\n|move|p2a: Diancie|Parabolic Charge|p1a: Greninja|[from]move: Metronome\n|-supereffective|p1a: Greninja\n|-damage|p1a: Greninja|0 fnt\n|faint|p1a: Greninja\n|\n|win|ICoolish\n|raw|Nolanatorcool's rating: 1000 &rarr; <strong>1000<\/strong><br \/>(+0 for losing)\n|raw|ICoolish's rating: 1000 &rarr; <strong>1040<\/strong><br \/>(+40 for winning)\n|l|\u2606ICoolish\n|j| TrashPoncho\n|j| jank_city.mp4\n|l| TrashPoncho\n|j| TrashPoncho\n|l| TrashPoncho\n|l|\u2606Nolanatorcool\n","uploadtime":1700014273,"views":7,"p1id":"nolanatorcool","p2id":"icoolish","formatid":"gen9nationaldex","rating":1000,"private":0,"password":""}