{"id":"gen9nationaldex-1990304638","p1":"runeatest","p2":"1Jacklot","format":"[Gen 9] National Dex","log":"|j|\u2606runeatest\n|j|\u26061Jacklot\n|t:|1699953861\n|gametype|singles\n|player|p1|runeatest|1|1228\n|player|p2|1Jacklot|hilda|1100\n|teamsize|p1|6\n|teamsize|p2|6\n|gen|9\n|tier|[Gen 9] National Dex\n|rated|\n|rule|HP Percentage Mod: HP is shown in percentages\n|rule|Endless Battle Clause: Forcing endless battles is banned\n|rule|OHKO Clause: OHKO moves are banned\n|rule|Evasion Clause: Evasion abilities, items, and moves are banned\n|rule|Evasion Abilities Clause: Evasion abilities are banned\n|rule|Evasion Items Clause: Evasion items are banned\n|rule|Evasion Moves Clause: Evasion moves are banned\n|rule|Species Clause: Limit one of each Pok\u00e9mon\n|rule|Sleep Clause Mod: Limit one foe put to sleep\n|clearpoke\n|poke|p1|Vaporeon, M|\n|poke|p1|Salamence, M|\n|poke|p1|Hitmontop, M|\n|poke|p1|Electivire, M|\n|poke|p1|Togekiss, M|\n|poke|p1|Houndoom, M|\n|poke|p2|Samurott, F|\n|poke|p2|Leavanny, M|\n|poke|p2|Unfezant, F|\n|poke|p2|Gigalith, M|\n|poke|p2|Galvantula, F|\n|poke|p2|Haxorus, M|\n|teampreview\n|inactive|Battle timer is ON: inactive players will automatically lose when time's up. (requested by runeatest)\n|\n|t:|1699953868\n|start\n|switch|p1a: Salamence|Salamence, M|100\/100\n|switch|p2a: Samurott|Samurott, F|100\/100\n|-ability|p1a: Salamence|Intimidate|boost\n|-unboost|p2a: Samurott|atk|1\n|turn|1\n|\n|t:|1699953875\n|move|p1a: Salamence|Draco Meteor|p2a: Samurott\n|-damage|p2a: Samurott|25\/100\n|-unboost|p1a: Salamence|spa|2\n|move|p2a: Samurott|Ice Beam|p1a: Salamence\n|-supereffective|p1a: Salamence\n|-crit|p1a: Salamence\n|-damage|p1a: Salamence|0 fnt\n|faint|p1a: Salamence\n|\n|upkeep\n|\n|t:|1699953887\n|switch|p1a: Hitmontop|Hitmontop, M|100\/100\n|turn|2\n|\n|t:|1699953891\n|move|p1a: Hitmontop|Fake Out|p2a: Samurott\n|-damage|p2a: Samurott|5\/100\n|cant|p2a: Samurott|flinch\n|\n|upkeep\n|turn|3\n|\n|t:|1699953895\n|move|p1a: Hitmontop|Sucker Punch|p2a: Samurott\n|-damage|p2a: Samurott|0 fnt\n|faint|p2a: Samurott\n|\n|upkeep\n|\n|t:|1699953900\n|switch|p2a: Galvantula|Galvantula, F, shiny|100\/100\n|turn|4\n|\n|t:|1699953902\n|move|p2a: Galvantula|Thunder Wave|p1a: Hitmontop\n|-status|p1a: Hitmontop|par\n|cant|p1a: Hitmontop|par\n|\n|upkeep\n|turn|5\n|\n|t:|1699953908\n|switch|p1a: Electivire|Electivire, M, shiny|100\/100\n|-item|p1a: Electivire|Air Balloon\n|move|p2a: Galvantula|Sticky Web|p1a: Electivire\n|-sidestart|p1: runeatest|move: Sticky Web\n|\n|upkeep\n|turn|6\n|\n|t:|1699953913\n|move|p2a: Galvantula|Bug Buzz|p1a: Electivire\n|-damage|p1a: Electivire|50\/100\n|-enditem|p1a: Electivire|Air Balloon\n|move|p1a: Electivire|Earthquake|p2a: Galvantula\n|-damage|p2a: Galvantula|28\/100\n|\n|upkeep\n|turn|7\n|\n|t:|1699953920\n|switch|p1a: Togekiss|Togekiss, M, shiny|100\/100\n|move|p2a: Galvantula|Bug Buzz|p1a: Togekiss\n|-resisted|p1a: Togekiss\n|-damage|p1a: Togekiss|92\/100\n|\n|upkeep\n|turn|8\n|\n|t:|1699953928\n|switch|p1a: Electivire|Electivire, M, shiny|50\/100\n|-activate|p1a: Electivire|move: Sticky Web\n|-unboost|p1a: Electivire|spe|1\n|move|p2a: Galvantula|Thunder|p1a: Electivire\n|-ability|p1a: Electivire|Motor Drive|boost\n|-boost|p1a: Electivire|spe|1\n|\n|upkeep\n|turn|9\n|\n|t:|1699953936\n|move|p2a: Galvantula|Bug Buzz|p1a: Electivire\n|-damage|p1a: Electivire|0 fnt\n|faint|p1a: Electivire\n|\n|upkeep\n|\n|t:|1699953940\n|switch|p1a: Hitmontop|Hitmontop, M|100\/100 par\n|-activate|p1a: Hitmontop|move: Sticky Web\n|-unboost|p1a: Hitmontop|spe|1\n|turn|10\n|\n|t:|1699953945\n|switch|p2a: Unfezant|Unfezant, F|100\/100\n|move|p1a: Hitmontop|Fake Out|p2a: Unfezant\n|-damage|p2a: Unfezant|78\/100\n|\n|upkeep\n|turn|11\n|\n|t:|1699953951\n|move|p2a: Unfezant|Brave Bird|p1a: Hitmontop\n|-supereffective|p1a: Hitmontop\n|-enditem|p1a: Hitmontop|Focus Sash\n|-damage|p1a: Hitmontop|1\/100 par\n|-damage|p2a: Unfezant|51\/100|[from] Recoil\n|move|p1a: Hitmontop|Rapid Spin|p2a: Unfezant\n|-damage|p2a: Unfezant|20\/100\n|-boost|p1a: Hitmontop|spe|1\n|-sideend|p1: runeatest|Sticky Web|[from] move: Rapid Spin|[of] p1a: Hitmontop\n|\n|upkeep\n|turn|12\n|\n|t:|1699953960\n|move|p1a: Hitmontop|Sucker Punch||[still]\n|-fail|p1a: Hitmontop\n|move|p2a: Unfezant|Roost|p2a: Unfezant\n|-heal|p2a: Unfezant|71\/100\n|-singleturn|p2a: Unfezant|move: Roost\n|\n|upkeep\n|turn|13\n|\n|t:|1699953966\n|move|p2a: Unfezant|Roost|p2a: Unfezant\n|-heal|p2a: Unfezant|100\/100\n|-singleturn|p2a: Unfezant|move: Roost\n|move|p1a: Hitmontop|High Jump Kick|p2a: Unfezant\n|-supereffective|p2a: Unfezant\n|-damage|p2a: Unfezant|0 fnt\n|faint|p2a: Unfezant\n|\n|upkeep\n|\n|t:|1699953974\n|switch|p2a: Galvantula|Galvantula, F, shiny|28\/100\n|turn|14\n|\n|t:|1699953977\n|move|p2a: Galvantula|Sticky Web|p1a: Hitmontop\n|-sidestart|p1: runeatest|move: Sticky Web\n|move|p1a: Hitmontop|Rapid Spin|p2a: Galvantula\n|-damage|p2a: Galvantula|0 fnt\n|-boost|p1a: Hitmontop|spe|1\n|-sideend|p1: runeatest|Sticky Web|[from] move: Rapid Spin|[of] p1a: Hitmontop\n|faint|p2a: Galvantula\n|\n|upkeep\n|\n|t:|1699953982\n|switch|p2a: Leavanny|Leavanny, M|100\/100\n|turn|15\n|\n|t:|1699953986\n|move|p2a: Leavanny|Fell Stinger|p1a: Hitmontop\n|-resisted|p1a: Hitmontop\n|-damage|p1a: Hitmontop|0 fnt\n|faint|p1a: Hitmontop\n|-boost|p2a: Leavanny|atk|3\n|\n|upkeep\n|\n|t:|1699953992\n|switch|p1a: Houndoom|Houndoom, M|100\/100\n|turn|16\n|\n|t:|1699953998\n|-terastallize|p2a: Leavanny|Dark\n|move|p1a: Houndoom|Flamethrower|p2a: Leavanny\n|-damage|p2a: Leavanny|43\/100\n|move|p2a: Leavanny|Trailblaze|p1a: Houndoom\n|-resisted|p1a: Houndoom\n|-damage|p1a: Houndoom|43\/100\n|-boost|p2a: Leavanny|spe|1\n|\n|upkeep\n|turn|17\n|\n|t:|1699954014\n|-terastallize|p1a: Houndoom|Poison\n|move|p2a: Leavanny|Lunge|p1a: Houndoom\n|-resisted|p1a: Houndoom\n|-damage|p1a: Houndoom|0 fnt\n|faint|p1a: Houndoom\n|\n|upkeep\n|\n|t:|1699954020\n|switch|p1a: Togekiss|Togekiss, M, shiny|92\/100\n|turn|18\n|\n|t:|1699954026\n|move|p2a: Leavanny|Knock Off|p1a: Togekiss\n|-resisted|p1a: Togekiss\n|-damage|p1a: Togekiss|32\/100\n|-enditem|p1a: Togekiss|Lum Berry|[from] move: Knock Off|[of] p2a: Leavanny\n|move|p1a: Togekiss|Air Slash|p2a: Leavanny\n|-damage|p2a: Leavanny|0 fnt\n|faint|p2a: Leavanny\n|\n|upkeep\n|\n|t:|1699954036\n|switch|p2a: Haxorus|Haxorus, M|100\/100\n|-ability|p2a: Haxorus|Mold Breaker\n|turn|19\n|\n|t:|1699954040\n|move|p2a: Haxorus|Iron Head|p1a: Togekiss\n|-supereffective|p1a: Togekiss\n|-damage|p1a: Togekiss|0 fnt\n|faint|p1a: Togekiss\n|\n|upkeep\n|\n|t:|1699954044\n|switch|p1a: Vaporeon|Vaporeon, M|100\/100\n|turn|20\n|\n|t:|1699954047\n|switch|p2a: Gigalith|Gigalith, M|100\/100\n|-weather|Sandstorm|[from] ability: Sand Stream|[of] p2a: Gigalith\n|move|p1a: Vaporeon|Ice Beam|p2a: Gigalith\n|-damage|p2a: Gigalith|76\/100\n|\n|-weather|Sandstorm|[upkeep]\n|-damage|p1a: Vaporeon|94\/100|[from] Sandstorm\n|-heal|p1a: Vaporeon|100\/100|[from] item: Leftovers\n|upkeep\n|turn|21\n|\n|t:|1699954056\n|move|p1a: Vaporeon|Hydro Pump|p2a: Gigalith\n|-supereffective|p2a: Gigalith\n|-damage|p2a: Gigalith|0 fnt\n|faint|p2a: Gigalith\n|\n|-weather|Sandstorm|[upkeep]\n|-damage|p1a: Vaporeon|94\/100|[from] Sandstorm\n|-heal|p1a: Vaporeon|100\/100|[from] item: Leftovers\n|upkeep\n|\n|t:|1699954059\n|switch|p2a: Haxorus|Haxorus, M|100\/100\n|-ability|p2a: Haxorus|Mold Breaker\n|turn|22\n|\n|t:|1699954067\n|move|p2a: Haxorus|Outrage|p1a: Vaporeon\n|-damage|p1a: Vaporeon|3\/100\n|move|p1a: Vaporeon|Ice Beam|p2a: Haxorus\n|-supereffective|p2a: Haxorus\n|-damage|p2a: Haxorus|5\/100\n|\n|-weather|Sandstorm|[upkeep]\n|-damage|p2a: Haxorus|0 fnt|[from] Sandstorm\n|-damage|p1a: Vaporeon|0 fnt|[from] Sandstorm\n|faint|p2a: Haxorus\n|faint|p1a: Vaporeon\n|\n|win|runeatest\n|upkeep\n|raw|runeatest's rating: 1228 &rarr; <strong>1244<\/strong><br \/>(+16 for winning)\n|raw|1Jacklot's rating: 1100 &rarr; <strong>1084<\/strong><br \/>(-16 for losing)\n|c|\u26061Jacklot|What\n|c|\u26061Jacklot|?\n|c|\u26061Jacklot|Lmaolo\n|c|\u26061Jacklot|But seriously\n|c|\u26061Jacklot|Is that a random chance lol?\n|c|\u26061Jacklot|Never had that happen before \ud83d\ude05\n","uploadtime":1699954083,"views":5,"p1id":"runeatest","p2id":"1jacklot","formatid":"gen9nationaldex","rating":1084,"private":0,"password":""}