{"id":"gen9nationaldex-1987619713","p1":"angzilovefansher","p2":"spidercookie","format":"[Gen 9] National Dex","log":"|j|\u2606angzilovefansher\n|j|\u2606spidercookie\n|t:|1699620447\n|gametype|singles\n|player|p1|angzilovefansher|norman|1362\n|player|p2|spidercookie|teamrocket|1471\n|teamsize|p1|6\n|teamsize|p2|6\n|gen|9\n|tier|[Gen 9] National Dex\n|rated|\n|rule|HP Percentage Mod: HP is shown in percentages\n|rule|Endless Battle Clause: Forcing endless battles is banned\n|rule|OHKO Clause: OHKO moves are banned\n|rule|Evasion Clause: Evasion abilities, items, and moves are banned\n|rule|Evasion Abilities Clause: Evasion abilities are banned\n|rule|Evasion Items Clause: Evasion items are banned\n|rule|Evasion Moves Clause: Evasion moves are banned\n|rule|Species Clause: Limit one of each Pok\u00e9mon\n|rule|Sleep Clause Mod: Limit one foe put to sleep\n|clearpoke\n|poke|p1|Smeargle, F|\n|poke|p1|Lopunny, F|\n|poke|p1|Bewear, M|\n|poke|p1|Chansey, F|\n|poke|p1|Staraptor, F|\n|poke|p1|Swellow, M|\n|poke|p2|Alomomola, M|\n|poke|p2|Banette, F|\n|poke|p2|Goodra-Hisui, F|\n|poke|p2|Gliscor, M|\n|poke|p2|Tapu Lele|\n|poke|p2|Rabsca, F|\n|teampreview\n|inactive|Battle timer is ON: inactive players will automatically lose when time's up. (requested by angzilovefansher)\n|\n|t:|1699620468\n|start\n|switch|p1a: Smeargle|Smeargle, F|100\/100\n|switch|p2a: Gliscor|Gliscor, M|100\/100\n|turn|1\n|\n|t:|1699620474\n|move|p2a: Gliscor|Protect|p2a: Gliscor\n|-singleturn|p2a: Gliscor|Protect\n|move|p1a: Smeargle|Sticky Web|p2a: Gliscor\n|-sidestart|p2: spidercookie|move: Sticky Web\n|\n|-status|p2a: Gliscor|tox|[from] item: Toxic Orb\n|upkeep\n|turn|2\n|\n|t:|1699620479\n|move|p1a: Smeargle|Silk Trap|p1a: Smeargle\n|-singleturn|p1a: Smeargle|Protect\n|move|p2a: Gliscor|Toxic|p1a: Smeargle\n|-status|p1a: Smeargle|tox\n|\n|-damage|p1a: Smeargle|94\/100 tox|[from] psn\n|upkeep\n|turn|3\n|\n|t:|1699620491\n|switch|p1a: Staraptor|Staraptor, F|100\/100\n|move|p2a: Gliscor|Earthquake|p1a: Staraptor\n|-immune|p1a: Staraptor\n|\n|upkeep\n|turn|4\n|c|\u2606spidercookie|mi team trick room\n|c|\u2606spidercookie|. . .\n|\n|t:|1699620511\n|-terastallize|p1a: Staraptor|Flying\n|move|p1a: Staraptor|Brave Bird|p2a: Gliscor\n|-damage|p2a: Gliscor|11\/100 tox\n|-damage|p1a: Staraptor|67\/100|[from] Recoil\n|move|p2a: Gliscor|Toxic|p1a: Staraptor\n|-status|p1a: Staraptor|tox\n|\n|-damage|p1a: Staraptor|61\/100 tox|[from] psn\n|-heal|p2a: Gliscor|23\/100 tox|[from] ability: Poison Heal\n|upkeep\n|turn|5\n|\n|t:|1699620516\n|move|p2a: Gliscor|Protect|p2a: Gliscor\n|-singleturn|p2a: Gliscor|Protect\n|move|p1a: Staraptor|Brave Bird|p2a: Gliscor\n|-activate|p2a: Gliscor|move: Protect\n|\n|-damage|p1a: Staraptor|48\/100 tox|[from] psn\n|-heal|p2a: Gliscor|36\/100 tox|[from] ability: Poison Heal\n|upkeep\n|turn|6\n|\n|t:|1699620521\n|switch|p2a: Alomomola|Alomomola, M|100\/100\n|-activate|p2a: Alomomola|move: Sticky Web\n|-unboost|p2a: Alomomola|spe|1\n|move|p1a: Staraptor|Brave Bird|p2a: Alomomola\n|-damage|p2a: Alomomola|20\/100\n|-damage|p1a: Staraptor|3\/100 tox|[from] Recoil\n|\n|-heal|p2a: Alomomola|26\/100|[from] item: Leftovers\n|-damage|p1a: Staraptor|0 fnt|[from] psn\n|faint|p1a: Staraptor\n|upkeep\n|\n|t:|1699620525\n|switch|p1a: Swellow|Swellow, M|100\/100\n|turn|7\n|\n|t:|1699620528\n|switch|p2a: Goodra|Goodra-Hisui, F|100\/100\n|-activate|p2a: Goodra|move: Sticky Web\n|-unboost|p2a: Goodra|spe|1\n|move|p1a: Swellow|Boomburst|p2a: Goodra\n|-resisted|p2a: Goodra\n|-damage|p2a: Goodra|88\/100\n|\n|upkeep\n|turn|8\n|\n|t:|1699620533\n|switch|p1a: \u6076\u9b54\ud83d\udc7f|Chansey, F|100\/100\n|move|p2a: Goodra|Draco Meteor|p1a: \u6076\u9b54\ud83d\udc7f\n|-damage|p1a: \u6076\u9b54\ud83d\udc7f|80\/100\n|-unboost|p2a: Goodra|spa|2\n|\n|upkeep\n|turn|9\n|\n|t:|1699620537\n|switch|p2a: Gliscor|Gliscor, M|36\/100 tox\n|move|p1a: \u6076\u9b54\ud83d\udc7f|Teleport|p1a: \u6076\u9b54\ud83d\udc7f\n|\n|t:|1699620542\n|switch|p1a: Swellow|Swellow, M|100\/100|[from] Teleport\n|\n|-heal|p2a: Gliscor|48\/100 tox|[from] ability: Poison Heal\n|upkeep\n|turn|10\n|\n|t:|1699620544\n|move|p2a: Gliscor|Protect|p2a: Gliscor\n|-singleturn|p2a: Gliscor|Protect\n|move|p1a: Swellow|Boomburst|p2a: Gliscor\n|-activate|p2a: Gliscor|move: Protect\n|\n|-heal|p2a: Gliscor|60\/100 tox|[from] ability: Poison Heal\n|upkeep\n|turn|11\n|\n|t:|1699620547\n|switch|p2a: Goodra|Goodra-Hisui, F|88\/100\n|-activate|p2a: Goodra|move: Sticky Web\n|-unboost|p2a: Goodra|spe|1\n|move|p1a: Swellow|Boomburst|p2a: Goodra\n|-resisted|p2a: Goodra\n|-damage|p2a: Goodra|76\/100\n|\n|upkeep\n|turn|12\n|\n|t:|1699620551\n|switch|p1a: Lopunny|Lopunny, F|100\/100\n|move|p2a: Goodra|Earthquake|p1a: Lopunny\n|-crit|p1a: Lopunny\n|-damage|p1a: Lopunny|49\/100\n|\n|upkeep\n|turn|13\n|\n|t:|1699620555\n|switch|p2a: Gliscor|Gliscor, M|60\/100 tox\n|detailschange|p1a: Lopunny|Lopunny-Mega, F\n|-mega|p1a: Lopunny|Lopunny|Lopunnite\n|move|p1a: Lopunny|Return|p2a: Gliscor\n|-damage|p2a: Gliscor|29\/100 tox\n|\n|-heal|p2a: Gliscor|41\/100 tox|[from] ability: Poison Heal\n|upkeep\n|turn|14\n|\n|t:|1699620563\n|switch|p1a: Swellow|Swellow, M|100\/100\n|move|p2a: Gliscor|Roost|p2a: Gliscor\n|-heal|p2a: Gliscor|91\/100 tox\n|-singleturn|p2a: Gliscor|move: Roost\n|\n|-heal|p2a: Gliscor|100\/100 tox|[from] ability: Poison Heal\n|upkeep\n|turn|15\n|\n|t:|1699620569\n|move|p2a: Gliscor|Protect|p2a: Gliscor\n|-singleturn|p2a: Gliscor|Protect\n|move|p1a: Swellow|Boomburst|p2a: Gliscor\n|-activate|p2a: Gliscor|move: Protect\n|\n|upkeep\n|turn|16\n|\n|t:|1699620588\n|switch|p2a: Goodra|Goodra-Hisui, F|76\/100\n|-activate|p2a: Goodra|move: Sticky Web\n|-unboost|p2a: Goodra|spe|1\n|move|p1a: Swellow|Boomburst|p2a: Goodra\n|-resisted|p2a: Goodra\n|-damage|p2a: Goodra|64\/100\n|\n|upkeep\n|turn|17\n|\n|t:|1699620594\n|switch|p1a: \u6076\u9b54\ud83d\udc7f|Chansey, F|80\/100\n|move|p2a: Goodra|Draco Meteor|p1a: \u6076\u9b54\ud83d\udc7f|[miss]\n|-miss|p2a: Goodra|p1a: \u6076\u9b54\ud83d\udc7f\n|\n|upkeep\n|turn|18\n|inactive|angzilovefansher has 120 seconds left.\n|inactive|angzilovefansher has 90 seconds left.\n|\n|t:|1699620660\n|switch|p2a: Alomomola|Alomomola, M|59\/100\n|-activate|p2a: Alomomola|move: Sticky Web\n|-unboost|p2a: Alomomola|spe|1\n|move|p1a: \u6076\u9b54\ud83d\udc7f|Teleport|p1a: \u6076\u9b54\ud83d\udc7f\n|\n|t:|1699620668\n|switch|p1a: Swellow|Swellow, M|100\/100|[from] Teleport\n|\n|-heal|p2a: Alomomola|66\/100|[from] item: Leftovers\n|upkeep\n|turn|19\n|\n|t:|1699620673\n|move|p2a: Alomomola|Protect|p2a: Alomomola\n|-singleturn|p2a: Alomomola|Protect\n|move|p1a: Swellow|U-turn|p2a: Alomomola\n|-activate|p2a: Alomomola|move: Protect\n|\n|-heal|p2a: Alomomola|72\/100|[from] item: Leftovers\n|upkeep\n|turn|20\n|\n|t:|1699620677\n|move|p1a: Swellow|U-turn|p2a: Alomomola\n|-damage|p2a: Alomomola|63\/100\n|\n|t:|1699620679\n|switch|p1a: \u575a\u5b9e\u7684\u81c2\u8180|Bewear, M|100\/100|[from] U-turn\n|move|p2a: Alomomola|Wish|p2a: Alomomola\n|\n|-heal|p2a: Alomomola|69\/100|[from] item: Leftovers\n|upkeep\n|turn|21\n|\n|t:|1699620709\n|switch|p1a: Lopunny|Lopunny-Mega, F|49\/100\n|switch|p2a: Gliscor|Gliscor, M|100\/100 tox\n|\n|upkeep\n|turn|22\n|\n|t:|1699620713\n|move|p1a: Lopunny|Fake Out|p2a: Gliscor\n|-damage|p2a: Gliscor|87\/100 tox\n|cant|p2a: Gliscor|flinch\n|\n|-heal|p2a: Gliscor|99\/100 tox|[from] ability: Poison Heal\n|upkeep\n|turn|23\n|\n|t:|1699620718\n|switch|p1a: Swellow|Swellow, M|100\/100\n|move|p2a: Gliscor|Toxic|p1a: Swellow\n|-status|p1a: Swellow|tox\n|\n|-damage|p1a: Swellow|94\/100 tox|[from] psn\n|-heal|p2a: Gliscor|100\/100 tox|[from] ability: Poison Heal\n|upkeep\n|turn|24\n|\n|t:|1699620723\n|switch|p1a: \u575a\u5b9e\u7684\u81c2\u8180|Bewear, M|100\/100\n|move|p2a: Gliscor|Protect||[still]\n|-fail|p2a: Gliscor\n|\n|upkeep\n|turn|25\n|\n|t:|1699620727\n|move|p2a: Gliscor|Toxic|p1a: \u575a\u5b9e\u7684\u81c2\u8180\n|-status|p1a: \u575a\u5b9e\u7684\u81c2\u8180|tox\n|-zpower|p1a: \u575a\u5b9e\u7684\u81c2\u8180\n|move|p1a: \u575a\u5b9e\u7684\u81c2\u8180|Breakneck Blitz|p2a: Gliscor|[zeffect]\n|-damage|p2a: Gliscor|33\/100 tox\n|\n|-heal|p2a: Gliscor|45\/100 tox|[from] ability: Poison Heal\n|-damage|p1a: \u575a\u5b9e\u7684\u81c2\u8180|94\/100 tox|[from] psn\n|upkeep\n|turn|26\n|\n|t:|1699620734\n|switch|p1a: Lopunny|Lopunny-Mega, F|49\/100\n|move|p2a: Gliscor|Protect||[still]\n|-fail|p2a: Gliscor\n|\n|-heal|p2a: Gliscor|58\/100 tox|[from] ability: Poison Heal\n|upkeep\n|turn|27\n|\n|t:|1699620737\n|move|p1a: Lopunny|Encore|p2a: Gliscor\n|-start|p2a: Gliscor|Encore\n|move|p2a: Gliscor|Protect||[still]\n|-fail|p2a: Gliscor\n|\n|-heal|p2a: Gliscor|70\/100 tox|[from] ability: Poison Heal\n|upkeep\n|turn|28\n|\n|t:|1699620741\n|switch|p2a: Alomomola|Alomomola, M|100\/100\n|-activate|p2a: Alomomola|move: Sticky Web\n|-unboost|p2a: Alomomola|spe|1\n|move|p1a: Lopunny|Close Combat|p2a: Alomomola\n|-damage|p2a: Alomomola|64\/100\n|-unboost|p1a: Lopunny|def|1\n|-unboost|p1a: Lopunny|spd|1\n|\n|-heal|p2a: Alomomola|70\/100|[from] item: Leftovers\n|upkeep\n|turn|29\n|\n|t:|1699620745\n|switch|p2a: Gliscor|Gliscor, M|70\/100 tox\n|move|p1a: Lopunny|Return|p2a: Gliscor\n|-damage|p2a: Gliscor|33\/100 tox\n|\n|-heal|p2a: Gliscor|45\/100 tox|[from] ability: Poison Heal\n|upkeep\n|turn|30\n|\n|t:|1699620751\n|move|p1a: Lopunny|Return|p2a: Gliscor\n|-damage|p2a: Gliscor|13\/100 tox\n|move|p2a: Gliscor|Earthquake|p1a: Lopunny\n|-damage|p1a: Lopunny|0 fnt\n|faint|p1a: Lopunny\n|\n|-heal|p2a: Gliscor|25\/100 tox|[from] ability: Poison Heal\n|upkeep\n|-message|angzilovefansher forfeited.\n|\n|win|spidercookie\n|raw|angzilovefansher's rating: 1362 &rarr; <strong>1348<\/strong><br \/>(-14 for losing)\n|raw|spidercookie's rating: 1471 &rarr; <strong>1485<\/strong><br \/>(+14 for winning)\n|l|\u2606angzilovefansher\n","uploadtime":1699620764,"views":5,"p1id":"angzilovefansher","p2id":"spidercookie","formatid":"gen9nationaldex","rating":1348,"private":0,"password":""}