{"id":"gen9nationaldex-1990694170","p1":"Will_Grilo","p2":"Ultramegabazz124","format":"[Gen 9] National Dex","log":"|j|\u203dWill_Grilo\n|j|\u2606Ultramegabazz124\n|t:|1699992388\n|gametype|singles\n|player|p1|Will_Grilo|101|1000\n|player|p2|Ultramegabazz124|flannery|1006\n|teamsize|p1|6\n|teamsize|p2|6\n|gen|9\n|tier|[Gen 9] National Dex\n|rated|\n|rule|HP Percentage Mod: HP is shown in percentages\n|rule|Endless Battle Clause: Forcing endless battles is banned\n|rule|OHKO Clause: OHKO moves are banned\n|rule|Evasion Clause: Evasion abilities, items, and moves are banned\n|rule|Evasion Abilities Clause: Evasion abilities are banned\n|rule|Evasion Items Clause: Evasion items are banned\n|rule|Evasion Moves Clause: Evasion moves are banned\n|rule|Species Clause: Limit one of each Pok\u00e9mon\n|rule|Sleep Clause Mod: Limit one foe put to sleep\n|clearpoke\n|poke|p1|Hydreigon, M|\n|poke|p1|Steelix, M|\n|poke|p1|Breloom, F|\n|poke|p1|Darmanitan, M|\n|poke|p1|Drifblim, M|\n|poke|p1|Excadrill, M|\n|poke|p2|Zoroark-Hisui, F|\n|poke|p2|Lopunny, F|\n|poke|p2|Weavile, F|\n|poke|p2|Excadrill, F|\n|poke|p2|Toxapex, M|\n|poke|p2|Blissey, F|\n|teampreview\n|\n|t:|1699992401\n|start\n|switch|p1a: Hydreigon|Hydreigon, M|100\/100\n|switch|p2a: Weavile|Weavile, F|100\/100\n|turn|1\n|\n|t:|1699992420\n|switch|p1a: Steelix|Steelix, M|100\/100\n|move|p2a: Weavile|Bitter Malice|p1a: Steelix\n|-damage|p1a: Steelix|29\/100\n|-unboost|p1a: Steelix|atk|1\n|-damage|p2a: Weavile|91\/100|[from] item: Life Orb\n|\n|upkeep\n|turn|2\n|\n|t:|1699992434\n|move|p2a: Weavile|Bitter Malice|p1a: Steelix\n|-damage|p1a: Steelix|0 fnt\n|faint|p1a: Steelix\n|-damage|p2a: Weavile|81\/100|[from] item: Life Orb\n|\n|upkeep\n|\n|t:|1699992460\n|switch|p1a: Darmanitan|Darmanitan, M|100\/100\n|turn|3\n|\n|t:|1699992467\n|move|p1a: Darmanitan|Flare Blitz|p2a: Weavile\n|-damage|p2a: Weavile|0 fnt\n|replace|p2a: Zoroark|Zoroark-Hisui, F\n|-end|p2a: Zoroark|Illusion\n|faint|p2a: Zoroark\n|-damage|p1a: Darmanitan|82\/100|[from] Recoil\n|\n|upkeep\n|\n|t:|1699992477\n|switch|p2a: Toxapex|Toxapex, M, shiny|100\/100\n|turn|4\n|\n|t:|1699992484\n|switch|p1a: Hydreigon|Hydreigon, M|100\/100\n|move|p2a: Toxapex|Baneful Bunker||[still]\n|-fail|p2a: Toxapex\n|\n|upkeep\n|turn|5\n|\n|t:|1699992495\n|move|p1a: Hydreigon|Draco Meteor|p2a: Toxapex|[miss]\n|-miss|p1a: Hydreigon|p2a: Toxapex\n|move|p2a: Toxapex|Scald|p1a: Hydreigon\n|-resisted|p1a: Hydreigon\n|-damage|p1a: Hydreigon|92\/100\n|\n|upkeep\n|turn|6\n|\n|t:|1699992506\n|move|p1a: Hydreigon|Draco Meteor|p2a: Toxapex\n|-damage|p2a: Toxapex|19\/100\n|-unboost|p1a: Hydreigon|spa|2\n|move|p2a: Toxapex|Gunk Shot|p1a: Hydreigon\n|-damage|p1a: Hydreigon|57\/100\n|\n|upkeep\n|turn|7\n|\n|t:|1699992520\n|switch|p2a: Blissey|Blissey, F|100\/100\n|move|p1a: Hydreigon|Draco Meteor|p2a: Blissey\n|-damage|p2a: Blissey|84\/100\n|-unboost|p1a: Hydreigon|spa|2\n|\n|-heal|p2a: Blissey|90\/100|[from] item: Leftovers\n|upkeep\n|turn|8\n|\n|t:|1699992537\n|switch|p1a: Darmanitan|Darmanitan, M|82\/100\n|move|p2a: Blissey|Stealth Rock|p1a: Darmanitan\n|-sidestart|p1: Will_Grilo|move: Stealth Rock\n|\n|-heal|p2a: Blissey|97\/100|[from] item: Leftovers\n|upkeep\n|turn|9\n|\n|t:|1699992546\n|move|p1a: Darmanitan|Superpower|p2a: Blissey\n|-supereffective|p2a: Blissey\n|-damage|p2a: Blissey|9\/100\n|-unboost|p1a: Darmanitan|atk|1\n|-unboost|p1a: Darmanitan|def|1\n|move|p2a: Blissey|Wish|p2a: Blissey\n|\n|-heal|p2a: Blissey|15\/100|[from] item: Leftovers\n|upkeep\n|turn|10\n|\n|t:|1699992560\n|switch|p2a: Toxapex|Toxapex, M, shiny|52\/100\n|move|p1a: Darmanitan|Superpower|p2a: Toxapex\n|-resisted|p2a: Toxapex\n|-damage|p2a: Toxapex|42\/100\n|-unboost|p1a: Darmanitan|atk|1\n|-unboost|p1a: Darmanitan|def|1\n|-damage|p1a: Darmanitan|65\/100|[from] item: Rocky Helmet|[of] p2a: Toxapex\n|\n|-heal|p2a: Toxapex|100\/100|[from] move: Wish|[wisher] Blissey\n|upkeep\n|turn|11\n|\n|t:|1699992576\n|switch|p1a: Drifblim|Drifblim, M|100\/100\n|-damage|p1a: Drifblim|76\/100|[from] Stealth Rock\n|move|p2a: Toxapex|Scald|p1a: Drifblim\n|-damage|p1a: Drifblim|56\/100\n|-status|p1a: Drifblim|brn\n|\n|-damage|p1a: Drifblim|50\/100 brn|[from] brn\n|upkeep\n|turn|12\n|\n|t:|1699992594\n|switch|p2a: Blissey|Blissey, F|15\/100\n|move|p1a: Drifblim|Substitute|p1a: Drifblim\n|-start|p1a: Drifblim|Substitute\n|-damage|p1a: Drifblim|25\/100 brn\n|-enditem|p1a: Drifblim|Iapapa Berry|[eat]\n|-heal|p1a: Drifblim|58\/100 brn|[from] item: Iapapa Berry\n|\n|-heal|p2a: Blissey|21\/100|[from] item: Leftovers\n|-damage|p1a: Drifblim|52\/100 brn|[from] brn\n|upkeep\n|turn|13\n|\n|t:|1699992605\n|move|p1a: Drifblim|Hidden Power|p2a: Blissey\n|-supereffective|p2a: Blissey\n|-damage|p2a: Blissey|9\/100\n|move|p2a: Blissey|Soft-Boiled|p2a: Blissey\n|-heal|p2a: Blissey|59\/100\n|\n|-heal|p2a: Blissey|65\/100|[from] item: Leftovers\n|-damage|p1a: Drifblim|46\/100 brn|[from] brn\n|upkeep\n|turn|14\n|\n|t:|1699992621\n|move|p1a: Drifblim|Calm Mind|p1a: Drifblim\n|-boost|p1a: Drifblim|spa|1\n|-boost|p1a: Drifblim|spd|1\n|move|p2a: Blissey|Wish|p2a: Blissey\n|\n|-heal|p2a: Blissey|71\/100|[from] item: Leftovers\n|-damage|p1a: Drifblim|40\/100 brn|[from] brn\n|upkeep\n|turn|15\n|\n|t:|1699992635\n|switch|p2a: Toxapex|Toxapex, M, shiny|100\/100\n|move|p1a: Drifblim|Calm Mind|p1a: Drifblim\n|-boost|p1a: Drifblim|spa|1\n|-boost|p1a: Drifblim|spd|1\n|\n|-damage|p1a: Drifblim|34\/100 brn|[from] brn\n|upkeep\n|turn|16\n|\n|t:|1699992644\n|move|p1a: Drifblim|Calm Mind|p1a: Drifblim\n|-boost|p1a: Drifblim|spa|1\n|-boost|p1a: Drifblim|spd|1\n|move|p2a: Toxapex|Haze|p2a: Toxapex\n|-clearallboost\n|\n|-damage|p1a: Drifblim|27\/100 brn|[from] brn\n|upkeep\n|turn|17\n|\n|t:|1699992655\n|move|p1a: Drifblim|Shadow Ball|p2a: Toxapex\n|-damage|p2a: Toxapex|69\/100\n|-unboost|p2a: Toxapex|spd|1\n|move|p2a: Toxapex|Gunk Shot|p1a: Drifblim\n|-resisted|p1a: Drifblim\n|-activate|p1a: Drifblim|move: Substitute|[damage]\n|\n|-damage|p1a: Drifblim|21\/100 brn|[from] brn\n|upkeep\n|turn|18\n|\n|t:|1699992668\n|move|p2a: Toxapex|Baneful Bunker|p2a: Toxapex\n|-singleturn|p2a: Toxapex|move: Protect\n|move|p1a: Drifblim|Shadow Ball|p2a: Toxapex\n|-activate|p2a: Toxapex|move: Protect\n|\n|-damage|p1a: Drifblim|15\/100 brn|[from] brn\n|upkeep\n|turn|19\n|\n|t:|1699992679\n|switch|p2a: Blissey|Blissey, F|71\/100\n|move|p1a: Drifblim|Shadow Ball|p2a: Blissey\n|-immune|p2a: Blissey\n|\n|-heal|p2a: Blissey|77\/100|[from] item: Leftovers\n|-damage|p1a: Drifblim|9\/100 brn|[from] brn\n|upkeep\n|turn|20\n|\n|t:|1699992692\n|move|p1a: Drifblim|Hidden Power|p2a: Blissey\n|-supereffective|p2a: Blissey\n|-damage|p2a: Blissey|65\/100\n|move|p2a: Blissey|Wish|p2a: Blissey\n|\n|-heal|p2a: Blissey|71\/100|[from] item: Leftovers\n|-damage|p1a: Drifblim|3\/100 brn|[from] brn\n|upkeep\n|turn|21\n|\n|t:|1699992705\n|move|p1a: Drifblim|Hidden Power|p2a: Blissey\n|-supereffective|p2a: Blissey\n|-damage|p2a: Blissey|60\/100\n|move|p2a: Blissey|Seismic Toss|p1a: Drifblim\n|-immune|p1a: Drifblim\n|\n|-heal|p2a: Blissey|100\/100|[from] move: Wish|[wisher] Blissey\n|-damage|p1a: Drifblim|0 fnt|[from] brn\n|faint|p1a: Drifblim\n|upkeep\n|\n|t:|1699992716\n|switch|p1a: Darmanitan|Darmanitan, M|65\/100\n|-damage|p1a: Darmanitan|40\/100|[from] Stealth Rock\n|turn|22\n|\n|t:|1699992722\n|move|p1a: Darmanitan|Superpower|p2a: Blissey\n|-supereffective|p2a: Blissey\n|-damage|p2a: Blissey|10\/100\n|-unboost|p1a: Darmanitan|atk|1\n|-unboost|p1a: Darmanitan|def|1\n|move|p2a: Blissey|Seismic Toss|p1a: Darmanitan\n|-damage|p1a: Darmanitan|12\/100\n|\n|-heal|p2a: Blissey|16\/100|[from] item: Leftovers\n|-formechange|p1a: Darmanitan|Darmanitan-Zen|\n|upkeep\n|turn|23\n|\n|t:|1699992742\n|move|p1a: Darmanitan|Superpower|p2a: Blissey\n|-supereffective|p2a: Blissey\n|-damage|p2a: Blissey|0 fnt\n|-unboost|p1a: Darmanitan|atk|1\n|-unboost|p1a: Darmanitan|def|1\n|faint|p2a: Blissey\n|\n|upkeep\n|\n|t:|1699992749\n|switch|p2a: Lopunny|Lopunny, F, shiny|100\/100\n|turn|24\n|\n|t:|1699992756\n|detailschange|p2a: Lopunny|Lopunny-Mega, F, shiny\n|-mega|p2a: Lopunny|Lopunny|Lopunnite\n|move|p2a: Lopunny|Fake Out|p1a: Darmanitan\n|-damage|p1a: Darmanitan|0 fnt\n|faint|p1a: Darmanitan\n|\n|upkeep\n|\n|t:|1699992762\n|switch|p1a: Breloom|Breloom, F|100\/100\n|-damage|p1a: Breloom|94\/100|[from] Stealth Rock\n|turn|25\n|\n|t:|1699992769\n|move|p1a: Breloom|Mach Punch|p2a: Lopunny\n|-supereffective|p2a: Lopunny\n|-damage|p2a: Lopunny|43\/100\n|move|p2a: Lopunny|Ice Punch|p1a: Breloom\n|-supereffective|p1a: Breloom\n|-damage|p1a: Breloom|12\/100\n|\n|-status|p1a: Breloom|tox|[from] item: Toxic Orb\n|upkeep\n|turn|26\n|\n|t:|1699992781\n|switch|p2a: Toxapex|Toxapex, M, shiny|100\/100\n|move|p1a: Breloom|Mach Punch|p2a: Toxapex\n|-resisted|p2a: Toxapex\n|-damage|p2a: Toxapex|94\/100\n|-damage|p1a: Breloom|0 fnt|[from] item: Rocky Helmet|[of] p2a: Toxapex\n|faint|p1a: Breloom\n|\n|upkeep\n|\n|t:|1699992794\n|switch|p1a: Excadrill|Excadrill, M|100\/100\n|-damage|p1a: Excadrill|97\/100|[from] Stealth Rock\n|-ability|p1a: Excadrill|Mold Breaker\n|turn|27\n|\n|t:|1699992804\n|move|p1a: Excadrill|Earthquake|p2a: Toxapex\n|-supereffective|p2a: Toxapex\n|-damage|p2a: Toxapex|28\/100\n|move|p2a: Toxapex|Scald|p1a: Excadrill\n|-supereffective|p1a: Excadrill\n|-crit|p1a: Excadrill\n|-damage|p1a: Excadrill|38\/100\n|\n|upkeep\n|turn|28\n|\n|t:|1699992813\n|move|p2a: Toxapex|Baneful Bunker|p2a: Toxapex\n|-singleturn|p2a: Toxapex|move: Protect\n|move|p1a: Excadrill|Earthquake|p2a: Toxapex\n|-activate|p2a: Toxapex|move: Protect\n|\n|upkeep\n|turn|29\n|\n|t:|1699992824\n|switch|p2a: Weavile|Weavile, F|100\/100\n|-ability|p2a: Weavile|Pressure\n|move|p1a: Excadrill|Earthquake|p2a: Weavile\n|-damage|p2a: Weavile|4\/100\n|\n|upkeep\n|turn|30\n|\n|t:|1699992833\n|move|p2a: Weavile|Fake Out|p1a: Excadrill\n|-resisted|p1a: Excadrill\n|-damage|p1a: Excadrill|26\/100\n|cant|p1a: Excadrill|flinch\n|\n|upkeep\n|turn|31\n|\n|t:|1699992843\n|move|p2a: Weavile|Triple Axel|p1a: Excadrill\n|-damage|p1a: Excadrill|11\/100\n|-damage|p1a: Excadrill|0 fnt\n|faint|p1a: Excadrill\n|-hitcount|p1: Excadrill|2\n|\n|upkeep\n|\n|t:|1699992847\n|switch|p1a: Hydreigon|Hydreigon, M|57\/100\n|-damage|p1a: Hydreigon|45\/100|[from] Stealth Rock\n|turn|32\n|\n|t:|1699992854\n|move|p2a: Weavile|Triple Axel|p1a: Hydreigon\n|-supereffective|p1a: Hydreigon\n|-damage|p1a: Hydreigon|17\/100\n|-supereffective|p1a: Hydreigon\n|-damage|p1a: Hydreigon|0 fnt\n|faint|p1a: Hydreigon\n|-hitcount|p1: Hydreigon|2\n|\n|win|Ultramegabazz124\n|raw|Will_Grilo's rating: 1000 &rarr; <strong>1000<\/strong><br \/>(+0 for losing)\n|raw|Ultramegabazz124's rating: 1006 &rarr; <strong>1044<\/strong><br \/>(+38 for winning)\n","uploadtime":1699992864,"views":4,"p1id":"willgrilo","p2id":"ultramegabazz124","formatid":"gen9nationaldex","rating":1000,"private":0,"password":""}