{"id":"gen9nationaldex-1994930476","p1":"Samepage","p2":"LipeZero","format":"[Gen 9] National Dex","log":"|html|<div class=\"broadcast-blue\"><strong>[Gen 9] National Dex is currently suspecting Sneasler! For information on how to participate check out the <a href=\"https:\/\/www.smogon.com\/forums\/threads\/sv-national-dex-suspect-8-just-dance.3731534\/\">suspect thread<\/a>.<\/strong><\/div>\n|j|\u2606Samepage\n|j|\u2606LipeZero\n|t:|1700505667\n|gametype|singles\n|player|p1|Samepage|ingo|1120\n|player|p2|LipeZero|n|1178\n|teamsize|p1|6\n|teamsize|p2|6\n|gen|9\n|tier|[Gen 9] National Dex\n|rated|\n|rule|HP Percentage Mod: HP is shown in percentages\n|rule|Endless Battle Clause: Forcing endless battles is banned\n|rule|OHKO Clause: OHKO moves are banned\n|rule|Evasion Clause: Evasion abilities, items, and moves are banned\n|rule|Evasion Abilities Clause: Evasion abilities are banned\n|rule|Evasion Items Clause: Evasion items are banned\n|rule|Evasion Moves Clause: Evasion moves are banned\n|rule|Species Clause: Limit one of each Pok\u00e9mon\n|rule|Sleep Clause Mod: Limit one foe put to sleep\n|clearpoke\n|poke|p1|Urshifu-*, M|\n|poke|p1|Scizor, F|\n|poke|p1|Gliscor, M|\n|poke|p1|Arcanine-Hisui, M|\n|poke|p1|Toxtricity, F|\n|poke|p1|Maushold-Four|\n|poke|p2|Torkoal, M|\n|poke|p2|Infernape, M|\n|poke|p2|Scizor, F|\n|poke|p2|Gallade, M|\n|poke|p2|Ceruledge, M|\n|poke|p2|Houndoom, F|\n|teampreview\n|inactive|Battle timer is ON: inactive players will automatically lose when time's up. (requested by LipeZero)\n|\n|t:|1700505678\n|start\n|switch|p1a: Arcanine|Arcanine-Hisui, M|100\/100\n|switch|p2a: Rafael|Torkoal, M|100\/100\n|-weather|SunnyDay|[from] ability: Drought|[of] p2a: Rafael\n|turn|1\n|\n|t:|1700505686\n|move|p1a: Arcanine|Stealth Rock|p2a: Rafael\n|-sidestart|p2: LipeZero|move: Stealth Rock\n|move|p2a: Rafael|Yawn|p1a: Arcanine\n|-start|p1a: Arcanine|move: Yawn|[of] p2a: Rafael\n|\n|-weather|SunnyDay|[upkeep]\n|upkeep\n|turn|2\n|\n|t:|1700505696\n|switch|p1a: Urshifu|Urshifu-Rapid-Strike, M|100\/100\n|move|p2a: Rafael|Rapid Spin|p1a: Urshifu\n|-damage|p1a: Urshifu|92\/100\n|-boost|p2a: Rafael|spe|1\n|-sideend|p2: LipeZero|Stealth Rock|[from] move: Rapid Spin|[of] p2a: Rafael\n|\n|-weather|SunnyDay|[upkeep]\n|upkeep\n|turn|3\n|\n|t:|1700505705\n|move|p1a: Urshifu|Surging Strikes|p2a: Rafael\n|-supereffective|p2a: Rafael\n|-crit|p2a: Rafael\n|-damage|p2a: Rafael|77\/100\n|-supereffective|p2a: Rafael\n|-crit|p2a: Rafael\n|-damage|p2a: Rafael|52\/100\n|-supereffective|p2a: Rafael\n|-crit|p2a: Rafael\n|-damage|p2a: Rafael|30\/100\n|-hitcount|p2a: Rafael|3\n|move|p2a: Rafael|Yawn|p1a: Urshifu\n|-start|p1a: Urshifu|move: Yawn|[of] p2a: Rafael\n|\n|-weather|SunnyDay|[upkeep]\n|upkeep\n|turn|4\n|\n|t:|1700505721\n|switch|p2a: Ludimilo|Gallade, M|100\/100\n|move|p1a: Urshifu|Surging Strikes|p2a: Ludimilo\n|-crit|p2a: Ludimilo\n|-damage|p2a: Ludimilo|72\/100\n|-crit|p2a: Ludimilo\n|-damage|p2a: Ludimilo|43\/100\n|-crit|p2a: Ludimilo\n|-damage|p2a: Ludimilo|14\/100\n|-hitcount|p2a: Ludimilo|3\n|\n|-weather|SunnyDay|[upkeep]\n|-end|p1a: Urshifu|move: Yawn|[silent]\n|-status|p1a: Urshifu|slp\n|upkeep\n|turn|5\n|l|\u2606LipeZero\n|inactive|LipeZero disconnected and has a minute to reconnect!\n|player|p2|\n|inactive|LipeZero has 30 seconds to reconnect!\n|inactive|LipeZero has 20 seconds to reconnect!\n|inactive|LipeZero has 15 seconds to reconnect!\n|inactive|LipeZero has 10 seconds to reconnect!\n|inactive|LipeZero has 5 seconds to reconnect!\n|j|\u2606LipeZero\n|inactive|LipeZero reconnected and has 75 seconds left.\n|player|p2|LipeZero|n\n|\n|t:|1700505804\n|switch|p1a: Arcanine|Arcanine-Hisui, M|100\/100\n|move|p2a: Ludimilo|Psycho Cut|p1a: Arcanine\n|-damage|p1a: Arcanine|25\/100\n|\n|-weather|SunnyDay|[upkeep]\n|upkeep\n|turn|6\n|\n|t:|1700505812\n|move|p1a: Arcanine|Extreme Speed|p2a: Ludimilo\n|-damage|p2a: Ludimilo|0 fnt\n|faint|p2a: Ludimilo\n|\n|-weather|SunnyDay|[upkeep]\n|upkeep\n|\n|t:|1700505824\n|switch|p2a: Sun|Infernape, M|100\/100\n|turn|7\n|\n|t:|1700505834\n|move|p1a: Arcanine|Extreme Speed|p2a: Sun\n|-damage|p2a: Sun|35\/100\n|move|p2a: Sun|Drain Punch|p1a: Arcanine\n|-supereffective|p1a: Arcanine\n|-damage|p1a: Arcanine|0 fnt\n|-heal|p2a: Sun|49\/100|[from] drain|[of] p1a: Arcanine\n|faint|p1a: Arcanine\n|\n|-weather|SunnyDay|[upkeep]\n|upkeep\n|\n|t:|1700505844\n|switch|p1a: Gliscor|Gliscor, M|100\/100\n|turn|8\n|\n|t:|1700505851\n|move|p1a: Gliscor|Protect|p1a: Gliscor\n|-singleturn|p1a: Gliscor|Protect\n|move|p2a: Sun|Drain Punch|p1a: Gliscor\n|-activate|p1a: Gliscor|move: Protect\n|\n|-weather|none\n|-status|p1a: Gliscor|tox|[from] item: Toxic Orb\n|upkeep\n|turn|9\n|\n|t:|1700505861\n|move|p2a: Sun|Drain Punch|p1a: Gliscor\n|-resisted|p1a: Gliscor\n|-crit|p1a: Gliscor\n|-damage|p1a: Gliscor|72\/100 tox\n|-heal|p2a: Sun|64\/100|[from] drain|[of] p1a: Gliscor\n|move|p1a: Gliscor|Earthquake|p2a: Sun\n|-supereffective|p2a: Sun\n|-damage|p2a: Sun|0 fnt\n|faint|p2a: Sun\n|\n|-heal|p1a: Gliscor|84\/100 tox|[from] ability: Poison Heal\n|upkeep\n|\n|t:|1700505874\n|switch|p2a: Rafael|Torkoal, M|30\/100\n|-weather|SunnyDay|[from] ability: Drought|[of] p2a: Rafael\n|turn|10\n|\n|t:|1700505879\n|move|p1a: Gliscor|Earthquake|p2a: Rafael\n|-supereffective|p2a: Rafael\n|-damage|p2a: Rafael|0 fnt\n|faint|p2a: Rafael\n|\n|-weather|SunnyDay|[upkeep]\n|-heal|p1a: Gliscor|96\/100 tox|[from] ability: Poison Heal\n|upkeep\n|\n|t:|1700505889\n|switch|p2a: Kalli|Houndoom, F|100\/100\n|turn|11\n|inactive|LipeZero has 90 seconds left.\n|\n|t:|1700505896\n|detailschange|p2a: Kalli|Houndoom-Mega, F\n|-mega|p2a: Kalli|Houndoom|Houndoominite\n|move|p2a: Kalli|Dark Pulse|p1a: Gliscor\n|-damage|p1a: Gliscor|0 fnt\n|faint|p1a: Gliscor\n|\n|-weather|SunnyDay|[upkeep]\n|-damage|p2a: Kalli|88\/100|[from] ability: Solar Power|[of] p2a: Kalli\n|upkeep\n|\n|t:|1700505906\n|switch|p1a: Maushold|Maushold-Four|100\/100\n|turn|12\n|\n|t:|1700505912\n|move|p2a: Kalli|Flamethrower|p1a: Maushold\n|-damage|p1a: Maushold|0 fnt\n|faint|p1a: Maushold\n|\n|-weather|SunnyDay|[upkeep]\n|-damage|p2a: Kalli|76\/100|[from] ability: Solar Power|[of] p2a: Kalli\n|upkeep\n|\n|t:|1700505915\n|switch|p1a: Urshifu|Urshifu-Rapid-Strike, M|92\/100 slp\n|turn|13\n|\n|t:|1700505923\n|move|p2a: Kalli|Solar Beam||[still]\n|-prepare|p2a: Kalli|Solar Beam\n|-anim|p2a: Kalli|Solar Beam|p1a: Urshifu\n|-supereffective|p1a: Urshifu\n|-damage|p1a: Urshifu|0 fnt\n|faint|p1a: Urshifu\n|\n|-weather|SunnyDay|[upkeep]\n|-damage|p2a: Kalli|64\/100|[from] ability: Solar Power|[of] p2a: Kalli\n|upkeep\n|\n|t:|1700505927\n|switch|p1a: Scizor|Scizor, F|100\/100\n|turn|14\n|inactive|LipeZero has 120 seconds left.\n|\n|t:|1700505935\n|detailschange|p1a: Scizor|Scizor-Mega, F\n|-mega|p1a: Scizor|Scizor|Scizorite\n|move|p1a: Scizor|Bullet Punch|p2a: Kalli\n|-resisted|p2a: Kalli\n|-damage|p2a: Kalli|40\/100\n|move|p2a: Kalli|Flamethrower|p1a: Scizor\n|-supereffective|p1a: Scizor\n|-damage|p1a: Scizor|0 fnt\n|faint|p1a: Scizor\n|\n|-weather|SunnyDay|[upkeep]\n|-damage|p2a: Kalli|28\/100|[from] ability: Solar Power|[of] p2a: Kalli\n|upkeep\n|\n|t:|1700505937\n|switch|p1a: Toxtricity|Toxtricity, F|100\/100\n|turn|15\n|\n|t:|1700505951\n|-terastallize|p1a: Toxtricity|Electric\n|move|p2a: Kalli|Dark Pulse|p1a: Toxtricity\n|-damage|p1a: Toxtricity|0 fnt\n|faint|p1a: Toxtricity\n|\n|win|LipeZero\n|raw|Samepage's rating: 1120 &rarr; <strong>1099<\/strong><br \/>(-21 for losing)\n|raw|LipeZero's rating: 1178 &rarr; <strong>1199<\/strong><br \/>(+21 for winning)\n|l|\u2606Samepage\n|l|\u2606LipeZero\n|j|\u2606LipeZero\n|player|p2|LipeZero|n\n","uploadtime":1700506071,"views":12,"p1id":"samepage","p2id":"lipezero","formatid":"gen9nationaldex","rating":1099,"private":0,"password":""}