{"id":"gen9nationaldex-1987792329","p1":"MystroPoken","p2":"devious fearvg","format":"[Gen 9] National Dex","log":"|j|\u2606MystroPoken\n|j|\u2606devious fearvg\n|t:|1699637308\n|gametype|singles\n|player|p1|MystroPoken|crasherwake|\n|player|p2|devious fearvg|alec-anime|\n|teamsize|p1|6\n|teamsize|p2|6\n|gen|9\n|tier|[Gen 9] National Dex\n|rule|HP Percentage Mod: HP is shown in percentages\n|rule|Endless Battle Clause: Forcing endless battles is banned\n|rule|OHKO Clause: OHKO moves are banned\n|rule|Evasion Clause: Evasion abilities, items, and moves are banned\n|rule|Evasion Abilities Clause: Evasion abilities are banned\n|rule|Evasion Items Clause: Evasion items are banned\n|rule|Evasion Moves Clause: Evasion moves are banned\n|rule|Species Clause: Limit one of each Pok\u00e9mon\n|rule|Sleep Clause Mod: Limit one foe put to sleep\n|clearpoke\n|poke|p1|Sableye, M|\n|poke|p1|Uxie|\n|poke|p1|Lokix, M|\n|poke|p1|Tatsugiri, F|\n|poke|p1|Rillaboom, F|\n|poke|p1|Sneasler, F|\n|poke|p2|Manaphy|\n|poke|p2|Skeledirge, M|\n|poke|p2|Iron Treads|\n|poke|p2|Pidgeot, F|\n|poke|p2|Gallade, M|\n|poke|p2|Sableye, F|\n|teampreview\n|c|\u2606MystroPoken|glhf\n|c|\u2606MystroPoken|timer?\n|c|\u2606devious fearvg|hf\n|\n|t:|1699637375\n|start\n|switch|p1a: Uxie|Uxie|100\/100\n|switch|p2a: Iron Treads|Iron Treads|100\/100\n|turn|1\n|\n|t:|1699637395\n|move|p2a: Iron Treads|Stealth Rock|p1a: Uxie\n|-sidestart|p1: MystroPoken|move: Stealth Rock\n|move|p1a: Uxie|Reflect|p1a: Uxie\n|-sidestart|p1: MystroPoken|Reflect\n|\n|upkeep\n|turn|2\n|\n|t:|1699637401\n|move|p2a: Iron Treads|Knock Off|p1a: Uxie\n|-supereffective|p1a: Uxie\n|-damage|p1a: Uxie|79\/100\n|-enditem|p1a: Uxie|Light Clay|[from] move: Knock Off|[of] p2a: Iron Treads\n|move|p1a: Uxie|Knock Off|p2a: Iron Treads\n|-damage|p2a: Iron Treads|84\/100\n|-enditem|p2a: Iron Treads|Heavy-Duty Boots|[from] move: Knock Off|[of] p1a: Uxie\n|\n|upkeep\n|turn|3\n|\n|t:|1699637421\n|-end|p2a: Iron Treads|Quark Drive|[silent]\n|switch|p2a: Skeledirge|Skeledirge, M|100\/100\n|switch|p1a: Sableye|Sableye, M|100\/100\n|-damage|p1a: Sableye|88\/100|[from] Stealth Rock\n|\n|upkeep\n|turn|4\n|\n|t:|1699637450\n|move|p2a: Skeledirge|Yawn|p1a: Sableye\n|-start|p1a: Sableye|move: Yawn|[of] p2a: Skeledirge\n|move|p1a: Sableye|Knock Off|p2a: Skeledirge\n|-supereffective|p2a: Skeledirge\n|-damage|p2a: Skeledirge|64\/100\n|-enditem|p2a: Skeledirge|Heavy-Duty Boots|[from] move: Knock Off|[of] p1a: Sableye\n|\n|upkeep\n|turn|5\n|\n|t:|1699637464\n|switch|p1a: Tatsugiri|Tatsugiri, F|100\/100\n|move|p2a: Skeledirge|Torch Song|p1a: Tatsugiri\n|-resisted|p1a: Tatsugiri\n|-damage|p1a: Tatsugiri|91\/100\n|-boost|p2a: Skeledirge|spa|1\n|\n|upkeep\n|turn|6\n|\n|t:|1699637476\n|switch|p2a: Manaphy|Manaphy|100\/100\n|move|p1a: Tatsugiri|Surf|p2a: Manaphy\n|-resisted|p2a: Manaphy\n|-damage|p2a: Manaphy|85\/100\n|\n|-heal|p2a: Manaphy|91\/100|[from] item: Leftovers\n|upkeep\n|turn|7\n|\n|t:|1699637482\n|switch|p1a: Rillaboom|Rillaboom, F|100\/100\n|-damage|p1a: Rillaboom|88\/100|[from] Stealth Rock\n|-fieldstart|move: Grassy Terrain|[from] ability: Grassy Surge|[of] p1a: Rillaboom\n|move|p2a: Manaphy|Dazzling Gleam|p1a: Rillaboom\n|-damage|p1a: Rillaboom|65\/100\n|\n|-heal|p1a: Rillaboom|71\/100|[from] Grassy Terrain\n|-heal|p1a: Rillaboom|77\/100|[from] item: Leftovers\n|-heal|p2a: Manaphy|97\/100|[from] Grassy Terrain\n|-heal|p2a: Manaphy|100\/100|[from] item: Leftovers\n|upkeep\n|turn|8\n|j| hattorivt\n|c| hattorivt|ITS RILLABOOM\n|\n|t:|1699637514\n|switch|p2a: Pidgeot|Pidgeot, F|100\/100\n|-terastallize|p1a: Rillaboom|Water\n|move|p1a: Rillaboom|Grassy Glide|p2a: Pidgeot\n|-resisted|p2a: Pidgeot\n|-damage|p2a: Pidgeot|72\/100\n|\n|-heal|p1a: Rillaboom|83\/100|[from] Grassy Terrain\n|-heal|p1a: Rillaboom|90\/100|[from] item: Leftovers\n|-sideend|p1: MystroPoken|Reflect\n|upkeep\n|turn|9\n|c|\u2606devious fearvg|hai haosers\n|c| hattorivt|hello\n|c|\u2606MystroPoken|hi\n|\n|t:|1699637547\n|switch|p1a: Uxie|Uxie|79\/100\n|-damage|p1a: Uxie|66\/100|[from] Stealth Rock\n|detailschange|p2a: Pidgeot|Pidgeot-Mega, F\n|-mega|p2a: Pidgeot|Pidgeot|Pidgeotite\n|move|p2a: Pidgeot|Hurricane|p1a: Uxie\n|-damage|p1a: Uxie|30\/100\n|\n|upkeep\n|turn|10\n|\n|t:|1699637570\n|move|p2a: Pidgeot|Hurricane|p1a: Uxie\n|-damage|p1a: Uxie|0 fnt\n|faint|p1a: Uxie\n|\n|upkeep\n|\n|t:|1699637600\n|switch|p1a: Lokix|Lokix, M|100\/100\n|-damage|p1a: Lokix|76\/100|[from] Stealth Rock\n|turn|11\n|\n|t:|1699637616\n|switch|p2a: Iron Treads|Iron Treads|84\/100\n|move|p1a: Lokix|First Impression|p2a: Iron Treads\n|-resisted|p2a: Iron Treads\n|-damage|p2a: Iron Treads|32\/100\n|-damage|p1a: Lokix|66\/100|[from] item: Life Orb\n|\n|-heal|p2a: Iron Treads|39\/100|[from] Grassy Terrain\n|-heal|p1a: Lokix|72\/100|[from] Grassy Terrain\n|-fieldend|move: Grassy Terrain\n|upkeep\n|turn|12\n|\n|t:|1699637630\n|switch|p1a: Sableye|Sableye, M|88\/100\n|-damage|p1a: Sableye|76\/100|[from] Stealth Rock\n|move|p2a: Iron Treads|Knock Off|p1a: Sableye\n|-damage|p1a: Sableye|48\/100\n|\n|upkeep\n|turn|13\n|c|\u2606devious fearvg|hmmm\n|\n|t:|1699637646\n|-end|p2a: Iron Treads|Quark Drive|[silent]\n|switch|p2a: Manaphy|Manaphy|100\/100\n|move|p1a: Sableye|Recover|p1a: Sableye\n|-heal|p1a: Sableye|98\/100\n|\n|upkeep\n|turn|14\n|\n|t:|1699637661\n|move|p2a: Manaphy|Flip Turn|p1a: Sableye\n|-damage|p1a: Sableye|69\/100\n|\n|t:|1699637689\n|switch|p2a: Iron Treads|Iron Treads|39\/100|[from] Flip Turn\n|move|p1a: Sableye|Knock Off|p2a: Iron Treads\n|-damage|p2a: Iron Treads|22\/100\n|\n|upkeep\n|turn|15\n|\n|t:|1699637702\n|move|p1a: Sableye|Will-O-Wisp|p2a: Iron Treads\n|-status|p2a: Iron Treads|brn\n|move|p2a: Iron Treads|Earthquake|p1a: Sableye\n|-damage|p1a: Sableye|35\/100\n|\n|-damage|p2a: Iron Treads|16\/100 brn|[from] brn\n|upkeep\n|turn|16\n|c|\u2606devious fearvg|I am like really tense\n|\n|t:|1699637721\n|-end|p2a: Iron Treads|Quark Drive|[silent]\n|switch|p2a: Skeledirge|Skeledirge, M|64\/100\n|move|p1a: Sableye|Recover|p1a: Sableye\n|-heal|p1a: Sableye|85\/100\n|\n|upkeep\n|turn|17\n|\n|t:|1699637729\n|move|p2a: Skeledirge|Shadow Ball|p1a: Sableye\n|-damage|p1a: Sableye|52\/100\n|move|p1a: Sableye|Knock Off|p2a: Skeledirge\n|-supereffective|p2a: Skeledirge\n|-damage|p2a: Skeledirge|36\/100\n|\n|upkeep\n|turn|18\n|\n|t:|1699637749\n|move|p1a: Sableye|Recover|p1a: Sableye\n|-heal|p1a: Sableye|100\/100\n|move|p2a: Skeledirge|Slack Off|p2a: Skeledirge\n|-heal|p2a: Skeledirge|86\/100\n|\n|upkeep\n|turn|19\n|\n|t:|1699637752\n|move|p1a: Sableye|Encore|p2a: Skeledirge\n|-start|p2a: Skeledirge|Encore\n|move|p2a: Skeledirge|Slack Off|p2a: Skeledirge\n|-heal|p2a: Skeledirge|100\/100\n|\n|upkeep\n|turn|20\n|\n|t:|1699637766\n|switch|p2a: Iron Treads|Iron Treads|16\/100 brn\n|switch|p1a: Tatsugiri|Tatsugiri, F|91\/100\n|\n|-damage|p2a: Iron Treads|10\/100 brn|[from] brn\n|upkeep\n|turn|21\n|c|\u2606MystroPoken|:eyebrow_raise:\n|\n|t:|1699637777\n|move|p2a: Iron Treads|Knock Off|p1a: Tatsugiri\n|-damage|p1a: Tatsugiri|63\/100\n|-enditem|p1a: Tatsugiri|Heavy-Duty Boots|[from] move: Knock Off|[of] p2a: Iron Treads\n|move|p1a: Tatsugiri|Rapid Spin|p2a: Iron Treads\n|-resisted|p2a: Iron Treads\n|-damage|p2a: Iron Treads|7\/100 brn\n|-boost|p1a: Tatsugiri|spe|1\n|-sideend|p1: MystroPoken|Stealth Rock|[from] move: Rapid Spin|[of] p1a: Tatsugiri\n|\n|-damage|p2a: Iron Treads|1\/100 brn|[from] brn\n|upkeep\n|turn|22\n|\n|t:|1699637804\n|move|p1a: Tatsugiri|Nasty Plot|p1a: Tatsugiri\n|-boost|p1a: Tatsugiri|spa|2\n|move|p2a: Iron Treads|Stealth Rock|p1a: Tatsugiri\n|-sidestart|p1: MystroPoken|move: Stealth Rock\n|\n|-damage|p2a: Iron Treads|0 fnt|[from] brn\n|faint|p2a: Iron Treads\n|-end|p2a: Iron Treads|Quark Drive|[silent]\n|upkeep\n|c|\u2606MystroPoken|SUSSSHIIIII\n|\n|t:|1699637847\n|switch|p2a: Manaphy|Manaphy|100\/100\n|turn|23\n|\n|t:|1699637857\n|move|p1a: Tatsugiri|Draco Meteor|p2a: Manaphy\n|-damage|p2a: Manaphy|16\/100\n|-unboost|p1a: Tatsugiri|spa|2\n|move|p2a: Manaphy|Dazzling Gleam|p1a: Tatsugiri\n|-supereffective|p1a: Tatsugiri\n|-crit|p1a: Tatsugiri\n|-damage|p1a: Tatsugiri|0 fnt\n|faint|p1a: Tatsugiri\n|\n|-heal|p2a: Manaphy|22\/100|[from] item: Leftovers\n|upkeep\n|c|\u2606MystroPoken|nooo\n|\n|t:|1699637867\n|switch|p1a: Rillaboom|Rillaboom, F, tera:Water|90\/100\n|-damage|p1a: Rillaboom|77\/100|[from] Stealth Rock\n|-fieldstart|move: Grassy Terrain|[from] ability: Grassy Surge|[of] p1a: Rillaboom\n|turn|24\n|\n|t:|1699637881\n|switch|p2a: Skeledirge|Skeledirge, M|100\/100\n|move|p1a: Rillaboom|Knock Off|p2a: Skeledirge\n|-supereffective|p2a: Skeledirge\n|-damage|p2a: Skeledirge|67\/100\n|\n|-heal|p1a: Rillaboom|83\/100|[from] Grassy Terrain\n|-heal|p1a: Rillaboom|90\/100|[from] item: Leftovers\n|-heal|p2a: Skeledirge|73\/100|[from] Grassy Terrain\n|upkeep\n|turn|25\n|\n|t:|1699637891\n|move|p1a: Rillaboom|U-turn|p2a: Skeledirge\n|-resisted|p2a: Skeledirge\n|-crit|p2a: Skeledirge\n|-damage|p2a: Skeledirge|66\/100\n|\n|t:|1699637893\n|switch|p1a: Sableye|Sableye, M|100\/100|[from] U-turn\n|-damage|p1a: Sableye|88\/100|[from] Stealth Rock\n|move|p2a: Skeledirge|Yawn|p1a: Sableye\n|-start|p1a: Sableye|move: Yawn|[of] p2a: Skeledirge\n|\n|-heal|p2a: Skeledirge|72\/100|[from] Grassy Terrain\n|-heal|p1a: Sableye|94\/100|[from] Grassy Terrain\n|upkeep\n|turn|26\n|\n|t:|1699637901\n|switch|p1a: Rillaboom|Rillaboom, F, tera:Water|90\/100\n|-damage|p1a: Rillaboom|77\/100|[from] Stealth Rock\n|move|p2a: Skeledirge|Torch Song|p1a: Rillaboom\n|-resisted|p1a: Rillaboom\n|-damage|p1a: Rillaboom|59\/100\n|-boost|p2a: Skeledirge|spa|1\n|\n|-heal|p1a: Rillaboom|65\/100|[from] Grassy Terrain\n|-heal|p1a: Rillaboom|71\/100|[from] item: Leftovers\n|-heal|p2a: Skeledirge|78\/100|[from] Grassy Terrain\n|upkeep\n|turn|27\n|\n|t:|1699637917\n|switch|p1a: Lokix|Lokix, M|72\/100\n|-damage|p1a: Lokix|47\/100|[from] Stealth Rock\n|move|p2a: Skeledirge|Shadow Ball|p1a: Lokix\n|-resisted|p1a: Lokix\n|-damage|p1a: Lokix|0 fnt\n|faint|p1a: Lokix\n|\n|-heal|p2a: Skeledirge|84\/100|[from] Grassy Terrain\n|upkeep\n|\n|t:|1699637921\n|switch|p1a: Sneasler|Sneasler, F|100\/100\n|-damage|p1a: Sneasler|95\/100|[from] Stealth Rock\n|-enditem|p1a: Sneasler|Grassy Seed\n|-boost|p1a: Sneasler|def|1|[from] item: Grassy Seed\n|turn|28\n|\n|t:|1699637934\n|move|p1a: Sneasler|Swords Dance|p1a: Sneasler\n|-boost|p1a: Sneasler|atk|2\n|move|p2a: Skeledirge|Torch Song|p1a: Sneasler\n|-damage|p1a: Sneasler|36\/100\n|-boost|p2a: Skeledirge|spa|1\n|\n|-heal|p1a: Sneasler|42\/100|[from] Grassy Terrain\n|-heal|p2a: Skeledirge|90\/100|[from] Grassy Terrain\n|-fieldend|move: Grassy Terrain\n|upkeep\n|turn|29\n|\n|t:|1699637940\n|move|p1a: Sneasler|Shadow Claw|p2a: Skeledirge\n|-supereffective|p2a: Skeledirge\n|-damage|p2a: Skeledirge|49\/100\n|move|p2a: Skeledirge|Torch Song|p1a: Sneasler\n|-damage|p1a: Sneasler|0 fnt\n|-boost|p2a: Skeledirge|spa|1\n|faint|p1a: Sneasler\n|\n|upkeep\n|c|\u2606MystroPoken|now or never\n|c|\u2606MystroPoken|i guess never\n|\n|t:|1699637948\n|switch|p1a: Rillaboom|Rillaboom, F, tera:Water|71\/100\n|-damage|p1a: Rillaboom|59\/100|[from] Stealth Rock\n|-fieldstart|move: Grassy Terrain|[from] ability: Grassy Surge|[of] p1a: Rillaboom\n|turn|30\n|\n|t:|1699637956\n|move|p1a: Rillaboom|Wood Hammer|p2a: Skeledirge\n|-resisted|p2a: Skeledirge\n|-damage|p2a: Skeledirge|20\/100\n|-damage|p1a: Rillaboom|47\/100|[from] Recoil\n|move|p2a: Skeledirge|Slack Off|p2a: Skeledirge\n|-heal|p2a: Skeledirge|70\/100\n|\n|-heal|p1a: Rillaboom|54\/100|[from] Grassy Terrain\n|-heal|p1a: Rillaboom|60\/100|[from] item: Leftovers\n|-heal|p2a: Skeledirge|76\/100|[from] Grassy Terrain\n|upkeep\n|turn|31\n|\n|t:|1699637961\n|switch|p1a: Sableye|Sableye, M|94\/100\n|-damage|p1a: Sableye|82\/100|[from] Stealth Rock\n|move|p2a: Skeledirge|Shadow Ball|p1a: Sableye\n|-damage|p1a: Sableye|5\/100\n|\n|-heal|p2a: Skeledirge|82\/100|[from] Grassy Terrain\n|-heal|p1a: Sableye|11\/100|[from] Grassy Terrain\n|upkeep\n|turn|32\n|\n|t:|1699637971\n|move|p1a: Sableye|Recover|p1a: Sableye\n|-heal|p1a: Sableye|62\/100\n|move|p2a: Skeledirge|Shadow Ball|p1a: Sableye\n|-damage|p1a: Sableye|0 fnt\n|faint|p1a: Sableye\n|\n|-heal|p2a: Skeledirge|88\/100|[from] Grassy Terrain\n|upkeep\n|\n|t:|1699637973\n|switch|p1a: Rillaboom|Rillaboom, F, tera:Water|60\/100\n|-damage|p1a: Rillaboom|47\/100|[from] Stealth Rock\n|turn|33\n|\n|t:|1699637978\n|move|p1a: Rillaboom|Knock Off|p2a: Skeledirge\n|-supereffective|p2a: Skeledirge\n|-damage|p2a: Skeledirge|50\/100\n|move|p2a: Skeledirge|Shadow Ball|p1a: Rillaboom\n|-damage|p1a: Rillaboom|0 fnt\n|faint|p1a: Rillaboom\n|\n|win|devious fearvg\n|c|\u2606devious fearvg|ggs\n|c|\u2606MystroPoken|ggwp\n|c|\u2606devious fearvg|1st round\n|l| hattorivt\n|l|\u2606MystroPoken\n|j|\u2606MystroPoken\n|player|p1|MystroPoken|crasherwake\n|l|\u2606devious fearvg\n","uploadtime":1699638237,"views":10,"p1id":"mystropoken","p2id":"deviousfearvg","formatid":"gen9nationaldex","rating":0,"private":0,"password":""}