{"id":"gen9nationaldex-1993572088","p1":"PixBolado","p2":"Maxer59","format":"[Gen 9] National Dex","log":"|j|\u2606PixBolado\n|j|\u2606Maxer59\n|t:|1700333090\n|gametype|singles\n|player|p1|PixBolado|acetrainerf-gen4|1383\n|player|p2|Maxer59|lucas|1316\n|teamsize|p1|6\n|teamsize|p2|6\n|gen|9\n|tier|[Gen 9] National Dex\n|rated|\n|rule|HP Percentage Mod: HP is shown in percentages\n|rule|Endless Battle Clause: Forcing endless battles is banned\n|rule|OHKO Clause: OHKO moves are banned\n|rule|Evasion Clause: Evasion abilities, items, and moves are banned\n|rule|Evasion Abilities Clause: Evasion abilities are banned\n|rule|Evasion Items Clause: Evasion items are banned\n|rule|Evasion Moves Clause: Evasion moves are banned\n|rule|Species Clause: Limit one of each Pok\u00e9mon\n|rule|Sleep Clause Mod: Limit one foe put to sleep\n|clearpoke\n|poke|p1|Garganacl, M|\n|poke|p1|Iron Valiant|\n|poke|p1|Charizard, F|\n|poke|p1|Great Tusk|\n|poke|p1|Toxapex, F|\n|poke|p1|Dragonite, M|\n|poke|p2|Politoed, F|\n|poke|p2|Floatzel, F|\n|poke|p2|Indeedee, M|\n|poke|p2|Espeon, M|\n|poke|p2|Beedrill, F|\n|poke|p2|Dragonite, F|\n|teampreview\n|inactive|Battle timer is ON: inactive players will automatically lose when time's up. (requested by Maxer59)\n|\n|t:|1700333103\n|start\n|switch|p1a: Lionel Messi|Charizard, F|100\/100\n|switch|p2a: Indeedee|Indeedee, M|100\/100\n|-fieldstart|move: Psychic Terrain|[from] ability: Psychic Surge|[of] p2a: Indeedee\n|turn|1\n|\n|t:|1700333112\n|detailschange|p1a: Lionel Messi|Charizard-Mega-Y, F\n|-mega|p1a: Lionel Messi|Charizard|Charizardite Y\n|-weather|SunnyDay|[from] ability: Drought|[of] p1a: Lionel Messi\n|move|p1a: Lionel Messi|Flamethrower|p2a: Indeedee\n|-damage|p2a: Indeedee|0 fnt\n|faint|p2a: Indeedee\n|\n|-weather|SunnyDay|[upkeep]\n|upkeep\n|\n|t:|1700333119\n|switch|p2a: Politoed|Politoed, F|100\/100\n|-weather|RainDance|[from] ability: Drizzle|[of] p2a: Politoed\n|turn|2\n|\n|t:|1700333126\n|switch|p1a: Piqu\u00e9|Toxapex, F|100\/100\n|move|p2a: Politoed|Psychic|p1a: Piqu\u00e9\n|-supereffective|p1a: Piqu\u00e9\n|-damage|p1a: Piqu\u00e9|56\/100\n|\n|-weather|RainDance|[upkeep]\n|-heal|p1a: Piqu\u00e9|63\/100|[from] item: Leftovers\n|upkeep\n|turn|3\n|\n|t:|1700333137\n|switch|p2a: Espeon|Espeon, M|100\/100\n|move|p1a: Piqu\u00e9|Toxic|p2a: Espeon\n|move|p2a: Espeon|Toxic|p1a: Piqu\u00e9|[from]ability: Magic Bounce\n|-immune|p1a: Piqu\u00e9\n|\n|-weather|RainDance|[upkeep]\n|-heal|p1a: Piqu\u00e9|69\/100|[from] item: Leftovers\n|upkeep\n|turn|4\n|\n|t:|1700333149\n|switch|p1a: Puyol|Garganacl, M|100\/100\n|move|p2a: Espeon|Expanding Force|p1a: Puyol\n|-damage|p1a: Puyol|27\/100\n|\n|-weather|RainDance|[upkeep]\n|-heal|p1a: Puyol|33\/100|[from] item: Leftovers\n|upkeep\n|turn|5\n|\n|t:|1700333160\n|move|p2a: Espeon|Expanding Force|p1a: Puyol\n|-damage|p1a: Puyol|0 fnt\n|faint|p1a: Puyol\n|\n|-weather|RainDance|[upkeep]\n|upkeep\n|\n|t:|1700333167\n|switch|p1a: Xavi|Dragonite, M|100\/100\n|turn|6\n|\n|t:|1700333173\n|move|p2a: Espeon|Expanding Force|p1a: Xavi\n|-damage|p1a: Xavi|59\/100\n|move|p1a: Xavi|Outrage|p2a: Espeon\n|-enditem|p2a: Espeon|Focus Sash\n|-damage|p2a: Espeon|1\/100\n|\n|-weather|RainDance|[upkeep]\n|upkeep\n|turn|7\n|\n|t:|1700333182\n|move|p2a: Espeon|Expanding Force|p1a: Xavi\n|-damage|p1a: Xavi|0 fnt\n|faint|p1a: Xavi\n|\n|-weather|RainDance|[upkeep]\n|upkeep\n|\n|t:|1700333190\n|switch|p1a: Piqu\u00e9|Toxapex, F|100\/100\n|turn|8\n|\n|t:|1700333195\n|move|p2a: Espeon|Expanding Force|p1a: Piqu\u00e9\n|-supereffective|p1a: Piqu\u00e9\n|-damage|p1a: Piqu\u00e9|2\/100\n|move|p1a: Piqu\u00e9|Scald|p2a: Espeon\n|-damage|p2a: Espeon|0 fnt\n|faint|p2a: Espeon\n|\n|-weather|RainDance|[upkeep]\n|-heal|p1a: Piqu\u00e9|8\/100|[from] item: Leftovers\n|-fieldend|move: Psychic Terrain\n|upkeep\n|\n|t:|1700333204\n|switch|p2a: Floatzel|Floatzel, F|100\/100\n|turn|9\n|\n|t:|1700333217\n|switch|p1a: Iniesta|Great Tusk|100\/100\n|move|p2a: Floatzel|Flip Turn|p1a: Iniesta\n|-supereffective|p1a: Iniesta\n|-damage|p1a: Iniesta|32\/100\n|\n|t:|1700333235\n|switch|p2a: Dragonite|Dragonite, F|100\/100|[from] Flip Turn\n|\n|-weather|none\n|upkeep\n|turn|10\n|\n|t:|1700333246\n|-end|p1a: Iniesta|Protosynthesis|[silent]\n|switch|p1a: Suarez|Iron Valiant|100\/100\n|move|p2a: Dragonite|Dragon Dance|p2a: Dragonite\n|-boost|p2a: Dragonite|atk|1\n|-boost|p2a: Dragonite|spe|1\n|\n|upkeep\n|turn|11\n|\n|t:|1700333256\n|move|p2a: Dragonite|Dual Wingbeat|p1a: Suarez\n|-supereffective|p1a: Suarez\n|-damage|p1a: Suarez|15\/100\n|-supereffective|p1a: Suarez\n|-damage|p1a: Suarez|0 fnt\n|faint|p1a: Suarez\n|-end|p1a: Suarez|Quark Drive|[silent]\n|-hitcount|p1: Suarez|2\n|\n|upkeep\n|\n|t:|1700333266\n|switch|p1a: Piqu\u00e9|Toxapex, F|41\/100\n|turn|12\n|\n|t:|1700333272\n|switch|p1a: Lionel Messi|Charizard-Mega-Y, F|100\/100\n|-weather|SunnyDay|[from] ability: Drought|[of] p1a: Lionel Messi\n|move|p2a: Dragonite|Dragon Claw|p1a: Lionel Messi\n|-damage|p1a: Lionel Messi|2\/100\n|\n|-weather|SunnyDay|[upkeep]\n|upkeep\n|turn|13\n|\n|t:|1700333282\n|move|p2a: Dragonite|Dragon Dance|p2a: Dragonite\n|-boost|p2a: Dragonite|atk|1\n|-boost|p2a: Dragonite|spe|1\n|move|p1a: Lionel Messi|Flamethrower|p2a: Dragonite\n|-resisted|p2a: Dragonite\n|-damage|p2a: Dragonite|79\/100\n|\n|-weather|SunnyDay|[upkeep]\n|upkeep\n|turn|14\n|-message|PixBolado forfeited.\n|\n|win|Maxer59\n|raw|PixBolado's rating: 1383 &rarr; <strong>1359<\/strong><br \/>(-24 for losing)\n|raw|Maxer59's rating: 1316 &rarr; <strong>1340<\/strong><br \/>(+24 for winning)\n|l|\u2606PixBolado\n","uploadtime":1700333298,"views":11,"p1id":"pixbolado","p2id":"maxer59","formatid":"gen9nationaldex","rating":1340,"private":0,"password":""}