{"id":"gen9nationaldex-1996311640","p1":"be7","p2":"Veinelso","format":"[Gen 9] National Dex","log":"|html|<div class=\"broadcast-blue\"><strong>[Gen 9] National Dex is currently suspecting Sneasler! For information on how to participate check out the <a href=\"https:\/\/www.smogon.com\/forums\/threads\/sv-national-dex-suspect-8-just-dance.3731534\/\">suspect thread<\/a>.<\/strong><\/div>\n|j|\u2606be7\n|j|\u2606Veinelso\n|inactive|Battle timer is ON: inactive players will automatically lose when time's up.\n|t:|1700670038\n|gametype|singles\n|player|p1|be7|waitress-gen4|\n|player|p2|Veinelso|allister-masters|\n|teamsize|p1|6\n|teamsize|p2|6\n|gen|9\n|tier|[Gen 9] National Dex\n|rated|Tournament battle\n|rule|HP Percentage Mod: HP is shown in percentages\n|rule|Endless Battle Clause: Forcing endless battles is banned\n|rule|OHKO Clause: OHKO moves are banned\n|rule|Evasion Clause: Evasion abilities, items, and moves are banned\n|rule|Evasion Abilities Clause: Evasion abilities are banned\n|rule|Evasion Items Clause: Evasion items are banned\n|rule|Evasion Moves Clause: Evasion moves are banned\n|rule|Species Clause: Limit one of each Pok\u00e9mon\n|rule|Sleep Clause Mod: Limit one foe put to sleep\n|clearpoke\n|poke|p1|Landorus-Therian, M|\n|poke|p1|Tapu Lele|\n|poke|p1|Gyarados, F|\n|poke|p1|Hawlucha, M|\n|poke|p1|Blacephalon|\n|poke|p1|Kartana|\n|poke|p2|Medicham, F|\n|poke|p2|Garganacl, F|\n|poke|p2|Heatran, F|\n|poke|p2|Tornadus-Therian, M|\n|poke|p2|Garchomp, F|\n|poke|p2|Alomomola, M|\n|teampreview\n|inactive|be7 also wants the timer to be on.\n|j| RiloBR\n|raw|<div class=\"broadcast-red\"><strong>Moderated chat was set to +!<\/strong><br \/>Only users of rank + and higher can talk.<\/div>\n|\n|t:|1700670064\n|start\n|switch|p1a: Ciro Gomes|Blacephalon|100\/100\n|switch|p2a: Medicham|Medicham, F|100\/100\n|turn|1\n|c|\u2606Veinelso|pistolou\n|\n|t:|1700670075\n|switch|p2a: Garganacl|Garganacl, F|100\/100\n|-zpower|p1a: Ciro Gomes\n|move|p1a: Ciro Gomes|Never-Ending Nightmare|p2a: Garganacl|[zeffect]\n|-damage|p2a: Garganacl|69\/100\n|\n|-heal|p2a: Garganacl|75\/100|[from] item: Leftovers\n|upkeep\n|turn|2\n|c|\u2606be7|damage\n|\n|t:|1700670083\n|switch|p1a: Cabo Daciolo|Landorus-Therian, M|100\/100\n|-ability|p1a: Cabo Daciolo|Intimidate|boost\n|-unboost|p2a: Garganacl|atk|1\n|move|p2a: Garganacl|Salt Cure|p1a: Cabo Daciolo\n|-damage|p1a: Cabo Daciolo|90\/100\n|-start|p1a: Cabo Daciolo|Salt Cure\n|\n|-heal|p2a: Garganacl|82\/100|[from] item: Leftovers\n|-damage|p1a: Cabo Daciolo|78\/100|[from] Salt Cure\n|upkeep\n|turn|3\n|\n|t:|1700670089\n|switch|p2a: Alomomola|Alomomola, M|100\/100\n|move|p1a: Cabo Daciolo|Stealth Rock|p2a: Alomomola\n|-sidestart|p2: Veinelso|move: Stealth Rock\n|\n|-damage|p1a: Cabo Daciolo|66\/100|[from] Salt Cure\n|upkeep\n|turn|4\n|\n|t:|1700670095\n|move|p1a: Cabo Daciolo|Earthquake|p2a: Alomomola\n|-damage|p2a: Alomomola|63\/100\n|move|p2a: Alomomola|Flip Turn|p1a: Cabo Daciolo\n|-supereffective|p1a: Cabo Daciolo\n|-damage|p1a: Cabo Daciolo|24\/100\n|\n|t:|1700670113\n|switch|p2a: Medicham|Medicham, F|100\/100|[from] Flip Turn\n|-damage|p2a: Medicham|94\/100|[from] Stealth Rock\n|\n|-damage|p1a: Cabo Daciolo|11\/100|[from] Salt Cure\n|upkeep\n|turn|5\n|\n|t:|1700670117\n|switch|p1a: Marina Silva|Tapu Lele|100\/100\n|-fieldstart|move: Psychic Terrain|[from] ability: Psychic Surge|[of] p1a: Marina Silva\n|detailschange|p2a: Medicham|Medicham-Mega, F\n|-mega|p2a: Medicham|Medicham|Medichamite\n|move|p2a: Medicham|Close Combat|p1a: Marina Silva\n|-resisted|p1a: Marina Silva\n|-damage|p1a: Marina Silva|60\/100\n|-unboost|p2a: Medicham|def|1\n|-unboost|p2a: Medicham|spd|1\n|\n|upkeep\n|turn|6\n|\n|t:|1700670131\n|switch|p2a: Alomomola|Alomomola, M|97\/100\n|move|p1a: Marina Silva|Psyshock|p2a: Alomomola\n|-damage|p2a: Alomomola|50\/100\n|\n|upkeep\n|turn|7\n|\n|t:|1700670136\n|switch|p1a: Cabo Daciolo|Landorus-Therian, M|11\/100\n|-ability|p1a: Cabo Daciolo|Intimidate|boost\n|-unboost|p2a: Alomomola|atk|1\n|move|p2a: Alomomola|Wish|p2a: Alomomola\n|\n|upkeep\n|turn|8\n|\n|t:|1700670144\n|move|p2a: Alomomola|Protect|p2a: Alomomola\n|-singleturn|p2a: Alomomola|Protect\n|move|p1a: Cabo Daciolo|Explosion|p2a: Alomomola\n|-activate|p2a: Alomomola|move: Protect\n|faint|p1a: Cabo Daciolo\n|\n|-heal|p2a: Alomomola|99\/100|[from] move: Wish|[wisher] Alomomola\n|upkeep\n|\n|t:|1700670150\n|switch|p1a: Marina Silva|Tapu Lele|60\/100\n|turn|9\n|\n|t:|1700670161\n|switch|p2a: Tornadus|Tornadus-Therian, M|100\/100\n|move|p1a: Marina Silva|Psychic|p2a: Tornadus\n|-damage|p2a: Tornadus|11\/100\n|\n|-fieldend|move: Psychic Terrain\n|upkeep\n|turn|10\n|\n|t:|1700670178\n|switch|p1a: Fernando Haddad|Kartana|100\/100\n|move|p2a: Tornadus|U-turn|p1a: Fernando Haddad\n|-damage|p1a: Fernando Haddad|86\/100\n|\n|t:|1700670193\n|switch|p2a: Garchomp|Garchomp, F|100\/100|[from] U-turn\n|-damage|p2a: Garchomp|94\/100|[from] Stealth Rock\n|\n|upkeep\n|turn|11\n|inactive|Veinelso has 120 seconds left.\n|\n|t:|1700670219\n|move|p1a: Fernando Haddad|Leaf Blade|p2a: Garchomp\n|-damage|p2a: Garchomp|30\/100\n|-damage|p1a: Fernando Haddad|73\/100|[from] ability: Rough Skin|[of] p2a: Garchomp\n|move|p2a: Garchomp|Earthquake|p1a: Fernando Haddad\n|-damage|p1a: Fernando Haddad|23\/100\n|\n|upkeep\n|turn|12\n|inactive|Veinelso has 120 seconds left.\n|\n|t:|1700670227\n|switch|p1a: Jo\u00e3o Amoedo|Gyarados, F|100\/100\n|-ability|p1a: Jo\u00e3o Amoedo|Intimidate|boost\n|-unboost|p2a: Garchomp|atk|1\n|switch|p2a: Heatran|Heatran, F|100\/100\n|-damage|p2a: Heatran|88\/100|[from] Stealth Rock\n|\n|-heal|p2a: Heatran|94\/100|[from] item: Leftovers\n|upkeep\n|turn|13\n|\n|t:|1700670232\n|switch|p2a: Alomomola|Alomomola, M|100\/100\n|move|p1a: Jo\u00e3o Amoedo|Taunt|p2a: Alomomola\n|-start|p2a: Alomomola|move: Taunt\n|\n|upkeep\n|turn|14\n|\n|t:|1700670236\n|switch|p1a: Marina Silva|Tapu Lele|60\/100\n|-fieldstart|move: Psychic Terrain|[from] ability: Psychic Surge|[of] p1a: Marina Silva\n|move|p2a: Alomomola|Flip Turn|p1a: Marina Silva\n|-damage|p1a: Marina Silva|35\/100\n|\n|t:|1700670250\n|switch|p2a: Garchomp|Garchomp, F|30\/100|[from] Flip Turn\n|-damage|p2a: Garchomp|23\/100|[from] Stealth Rock\n|\n|upkeep\n|turn|15\n|\n|t:|1700670262\n|move|p2a: Garchomp|Earthquake|p1a: Marina Silva\n|-damage|p1a: Marina Silva|0 fnt\n|faint|p1a: Marina Silva\n|\n|upkeep\n|\n|t:|1700670266\n|switch|p1a: Jair Bolsonaro|Hawlucha, M, shiny|100\/100\n|-enditem|p1a: Jair Bolsonaro|Psychic Seed\n|-boost|p1a: Jair Bolsonaro|spd|1|[from] item: Psychic Seed\n|turn|16\n|\n|t:|1700670272\n|move|p1a: Jair Bolsonaro|Acrobatics|p2a: Garchomp\n|-damage|p2a: Garchomp|0 fnt\n|-damage|p1a: Jair Bolsonaro|88\/100|[from] ability: Rough Skin|[of] p2a: Garchomp\n|faint|p2a: Garchomp\n|\n|upkeep\n|\n|t:|1700670295\n|switch|p2a: Tornadus|Tornadus-Therian, M|44\/100\n|turn|17\n|c|\u2606be7|ele\n|c|\u2606be7|ele nao\n|\n|t:|1700670309\n|switch|p2a: Heatran|Heatran, F|94\/100\n|-damage|p2a: Heatran|82\/100|[from] Stealth Rock\n|-terastallize|p1a: Jair Bolsonaro|Steel\n|move|p1a: Jair Bolsonaro|Swords Dance|p1a: Jair Bolsonaro\n|-boost|p1a: Jair Bolsonaro|atk|2\n|\n|-heal|p2a: Heatran|88\/100|[from] item: Leftovers\n|upkeep\n|turn|18\n|c|\u2606be7|ele n faria isso comigo\n|c|\u2606be7|ele fez.\n|c|\u2606Veinelso|q maligno\n|c|\u2606Veinelso|perdi\n|inactive|Veinelso has 120 seconds left.\n|c|\u2606be7|vc tem tect tram\n|c|\u2606be7|e alomomola\n|c|\u2606be7|'-'\n|inactive|Veinelso has 90 seconds left.\n|\n|t:|1700670370\n|-terastallize|p2a: Heatran|Grass\n|move|p1a: Jair Bolsonaro|High Jump Kick|p2a: Heatran\n|-damage|p2a: Heatran|0 fnt\n|faint|p2a: Heatran\n|\n|-fieldend|move: Psychic Terrain\n|upkeep\n|c|\u2606Veinelso|nossa \u00e9 vdd\n|c|\u2606Veinelso|isso usa hjk]\n|inactive|Veinelso has 60 seconds left.\n|\n|t:|1700670405\n|switch|p2a: Alomomola|Alomomola, M|100\/100\n|turn|19\n|inactive|Veinelso has 60 seconds left.\n|\n|t:|1700670417\n|move|p1a: Jair Bolsonaro|Acrobatics|p2a: Alomomola\n|-crit|p2a: Alomomola\n|-damage|p2a: Alomomola|9\/100\n|move|p2a: Alomomola|Flip Turn|p1a: Jair Bolsonaro\n|-damage|p1a: Jair Bolsonaro|63\/100\n|\n|t:|1700670420\n|switch|p2a: Medicham|Medicham-Mega, F|94\/100|[from] Flip Turn\n|-damage|p2a: Medicham|88\/100|[from] Stealth Rock\n|\n|upkeep\n|turn|20\n|\n|t:|1700670422\n|move|p2a: Medicham|Fake Out|p1a: Jair Bolsonaro\n|-resisted|p1a: Jair Bolsonaro\n|-damage|p1a: Jair Bolsonaro|46\/100\n|cant|p1a: Jair Bolsonaro|flinch\n|\n|upkeep\n|turn|21\n|\n|t:|1700670436\n|switch|p2a: Tornadus|Tornadus-Therian, M|77\/100\n|move|p1a: Jair Bolsonaro|Acrobatics|p2a: Tornadus\n|-damage|p2a: Tornadus|0 fnt\n|faint|p2a: Tornadus\n|\n|upkeep\n|\n|t:|1700670439\n|switch|p2a: Medicham|Medicham-Mega, F|88\/100\n|-damage|p2a: Medicham|82\/100|[from] Stealth Rock\n|turn|22\n|\n|t:|1700670445\n|move|p2a: Medicham|Fake Out|p1a: Jair Bolsonaro\n|-resisted|p1a: Jair Bolsonaro\n|-damage|p1a: Jair Bolsonaro|29\/100\n|cant|p1a: Jair Bolsonaro|flinch\n|\n|upkeep\n|turn|23\n|\n|t:|1700670454\n|switch|p2a: Alomomola|Alomomola, M|43\/100\n|move|p1a: Jair Bolsonaro|High Jump Kick|p2a: Alomomola\n|-damage|p2a: Alomomola|0 fnt\n|faint|p2a: Alomomola\n|\n|upkeep\n|\n|t:|1700670456\n|switch|p2a: Medicham|Medicham-Mega, F|82\/100\n|-damage|p2a: Medicham|76\/100|[from] Stealth Rock\n|turn|24\n|\n|t:|1700670461\n|move|p2a: Medicham|Fake Out|p1a: Jair Bolsonaro\n|-resisted|p1a: Jair Bolsonaro\n|-damage|p1a: Jair Bolsonaro|13\/100\n|cant|p1a: Jair Bolsonaro|flinch\n|\n|upkeep\n|turn|25\n|c|\u2606be7|mds do ceu Veinelso\n|c|\u2606Veinelso|perdemo\n|c|\u2606be7|qual a dificuldade\n|\n|t:|1700670476\n|move|p2a: Medicham|Bullet Punch|p1a: Jair Bolsonaro\n|-resisted|p1a: Jair Bolsonaro\n|-damage|p1a: Jair Bolsonaro|0 fnt\n|faint|p1a: Jair Bolsonaro\n|\n|upkeep\n|\n|t:|1700670480\n|switch|p1a: Fernando Haddad|Kartana|23\/100\n|turn|26\n|inactive|Veinelso has 120 seconds left.\n|\n|t:|1700670501\n|switch|p2a: Garganacl|Garganacl, F|82\/100\n|-damage|p2a: Garganacl|69\/100|[from] Stealth Rock\n|move|p1a: Fernando Haddad|Leaf Blade|p2a: Garganacl\n|-supereffective|p2a: Garganacl\n|-damage|p2a: Garganacl|0 fnt\n|faint|p2a: Garganacl\n|-ability|p1a: Fernando Haddad|Beast Boost|boost\n|-boost|p1a: Fernando Haddad|atk|1\n|\n|upkeep\n|\n|t:|1700670503\n|switch|p2a: Medicham|Medicham-Mega, F|76\/100\n|-damage|p2a: Medicham|70\/100|[from] Stealth Rock\n|turn|27\n|\n|t:|1700670508\n|move|p2a: Medicham|Fake Out|p1a: Fernando Haddad\n|-resisted|p1a: Fernando Haddad\n|-damage|p1a: Fernando Haddad|11\/100\n|cant|p1a: Fernando Haddad|flinch\n|\n|upkeep\n|turn|28\n|\n|t:|1700670510\n|move|p2a: Medicham|Bullet Punch|p1a: Fernando Haddad\n|-resisted|p1a: Fernando Haddad\n|-damage|p1a: Fernando Haddad|0 fnt\n|faint|p1a: Fernando Haddad\n|\n|upkeep\n|c|\u2606be7|mds\n|c|\u2606be7|kkkkkkkkkkkkkkk\n|inactive|be7 has 120 seconds left.\n|\n|t:|1700670541\n|switch|p1a: Jo\u00e3o Amoedo|Gyarados, F|100\/100\n|-ability|p1a: Jo\u00e3o Amoedo|Intimidate|boost\n|-unboost|p2a: Medicham|atk|1\n|turn|29\n|\n|t:|1700670545\n|switch|p1a: Ciro Gomes|Blacephalon|100\/100\n|move|p2a: Medicham|Zen Headbutt|p1a: Ciro Gomes\n|-damage|p1a: Ciro Gomes|0 fnt\n|faint|p1a: Ciro Gomes\n|\n|upkeep\n|\n|t:|1700670549\n|switch|p1a: Jo\u00e3o Amoedo|Gyarados, F|100\/100\n|-ability|p1a: Jo\u00e3o Amoedo|Intimidate|boost\n|-unboost|p2a: Medicham|atk|1\n|turn|30\n|c|\u2606Veinelso|que choke foi esse\n|c|\u2606be7|\"choke\"\n|c|\u2606be7|kkkkkkkkkkkkkk\n|\n|t:|1700670572\n|move|p2a: Medicham|Close Combat|p1a: Jo\u00e3o Amoedo\n|-resisted|p1a: Jo\u00e3o Amoedo\n|-damage|p1a: Jo\u00e3o Amoedo|72\/100\n|-unboost|p2a: Medicham|def|1\n|-unboost|p2a: Medicham|spd|1\n|move|p1a: Jo\u00e3o Amoedo|Dragon Dance|p1a: Jo\u00e3o Amoedo\n|-boost|p1a: Jo\u00e3o Amoedo|atk|1\n|-boost|p1a: Jo\u00e3o Amoedo|spe|1\n|\n|upkeep\n|turn|31\n|\n|t:|1700670577\n|detailschange|p1a: Jo\u00e3o Amoedo|Gyarados-Mega, F\n|-mega|p1a: Jo\u00e3o Amoedo|Gyarados|Gyaradosite\n|-ability|p1a: Jo\u00e3o Amoedo|Mold Breaker\n|move|p1a: Jo\u00e3o Amoedo|Waterfall|p2a: Medicham\n|-damage|p2a: Medicham|0 fnt\n|faint|p2a: Medicham\n|\n|win|be7\n|n|\u2606be7|be7\n|n|\u2606Veinelso|veinelso\n","uploadtime":1700670579,"views":1,"p1id":"be7","p2id":"veinelso","formatid":"gen9nationaldex","rating":0,"private":0,"password":""}