{"id":"gen9nationaldex-1996070813","p1":"misternp","p2":"FlyingSudowoodo","format":"[Gen 9] National Dex","log":"|html|<div class=\"broadcast-blue\"><strong>[Gen 9] National Dex is currently suspecting Sneasler! For information on how to participate check out the <a href=\"https:\/\/www.smogon.com\/forums\/threads\/sv-national-dex-suspect-8-just-dance.3731534\/\">suspect thread<\/a>.<\/strong><\/div>\n|j|\u2606misternp\n|j|\u2606FlyingSudowoodo\n|t:|1700639222\n|gametype|singles\n|player|p1|misternp|koga|1377\n|player|p2|FlyingSudowoodo|brock|1448\n|teamsize|p1|6\n|teamsize|p2|6\n|gen|9\n|tier|[Gen 9] National Dex\n|rated|\n|rule|HP Percentage Mod: HP is shown in percentages\n|rule|Endless Battle Clause: Forcing endless battles is banned\n|rule|OHKO Clause: OHKO moves are banned\n|rule|Evasion Clause: Evasion abilities, items, and moves are banned\n|rule|Evasion Abilities Clause: Evasion abilities are banned\n|rule|Evasion Items Clause: Evasion items are banned\n|rule|Evasion Moves Clause: Evasion moves are banned\n|rule|Species Clause: Limit one of each Pok\u00e9mon\n|rule|Sleep Clause Mod: Limit one foe put to sleep\n|clearpoke\n|poke|p1|Corviknight, M|\n|poke|p1|Feraligatr, M|\n|poke|p1|Chandelure, F|\n|poke|p1|Muk-Alola, M|\n|poke|p1|Sandaconda, F|\n|poke|p1|Lycanroc-Dusk, M|\n|poke|p2|Golem-Alola, M|\n|poke|p2|Glalie, F|\n|poke|p2|Victini|\n|poke|p2|Blissey, F|\n|poke|p2|Lucario, M|\n|poke|p2|Rillaboom, F|\n|teampreview\n|\n|t:|1700639226\n|start\n|switch|p1a: Kaa|Sandaconda, F, shiny|100\/100\n|switch|p2a: Lucario|Lucario, M|100\/100\n|turn|1\n|inactive|Battle timer is ON: inactive players will automatically lose when time's up. (requested by FlyingSudowoodo)\n|\n|t:|1700639231\n|move|p2a: Lucario|Final Gambit|p1a: Kaa\n|-damage|p1a: Kaa|2\/100\n|faint|p2a: Lucario\n|move|p1a: Kaa|Glare|p2: Lucario|[notarget]\n|-fail|p1a: Kaa\n|\n|upkeep\n|\n|t:|1700639242\n|switch|p2a: Rillaboom|Rillaboom, F|100\/100\n|-fieldstart|move: Grassy Terrain|[from] ability: Grassy Surge|[of] p2a: Rillaboom\n|turn|2\n|\n|t:|1700639248\n|switch|p1a: Yeast|Muk-Alola, M, shiny|100\/100\n|move|p2a: Rillaboom|Grassy Glide|p1a: Yeast\n|-resisted|p1a: Yeast\n|-damage|p1a: Yeast|71\/100\n|-damage|p2a: Rillaboom|91\/100|[from] item: Life Orb\n|\n|-heal|p2a: Rillaboom|97\/100|[from] Grassy Terrain\n|-heal|p1a: Yeast|77\/100|[from] Grassy Terrain\n|upkeep\n|turn|3\n|\n|t:|1700639258\n|move|p2a: Rillaboom|High Horsepower|p1a: Yeast\n|-supereffective|p1a: Yeast\n|-damage|p1a: Yeast|0 fnt\n|faint|p1a: Yeast\n|-damage|p2a: Rillaboom|87\/100|[from] item: Life Orb\n|\n|-heal|p2a: Rillaboom|93\/100|[from] Grassy Terrain\n|upkeep\n|\n|t:|1700639264\n|switch|p1a: Jericho|Corviknight, M|100\/100\n|-ability|p1a: Jericho|Pressure\n|turn|4\n|\n|t:|1700639269\n|switch|p2a: Golem|Golem-Alola, M|100\/100\n|move|p1a: Jericho|Brave Bird|p2a: Golem\n|-resisted|p2a: Golem\n|-damage|p2a: Golem|92\/100\n|-damage|p1a: Jericho|98\/100|[from] Recoil\n|\n|-heal|p2a: Golem|98\/100|[from] Grassy Terrain\n|-heal|p1a: Jericho|100\/100|[from] item: Leftovers\n|upkeep\n|turn|5\n|\n|t:|1700639283\n|move|p2a: Golem|Earthquake|p1a: Jericho\n|-immune|p1a: Jericho\n|move|p1a: Jericho|Roost||[still]\n|-fail|p1a: Jericho|heal\n|\n|-heal|p2a: Golem|100\/100|[from] Grassy Terrain\n|upkeep\n|turn|6\n|\n|t:|1700639291\n|move|p2a: Golem|Return|p1a: Jericho\n|-supereffective|p1a: Jericho\n|-damage|p1a: Jericho|21\/100\n|move|p1a: Jericho|U-turn|p2a: Golem\n|-damage|p2a: Golem|87\/100\n|\n|t:|1700639298\n|switch|p1a: Bucky|Lycanroc-Dusk, M|100\/100|[from] U-turn\n|\n|-heal|p2a: Golem|93\/100|[from] Grassy Terrain\n|-fieldend|move: Grassy Terrain\n|upkeep\n|turn|7\n|\n|t:|1700639305\n|move|p2a: Golem|Endure|p2a: Golem\n|-singleturn|p2a: Golem|move: Endure\n|move|p1a: Bucky|Close Combat|p2a: Golem\n|-supereffective|p2a: Golem\n|-activate|p2a: Golem|move: Endure\n|-damage|p2a: Golem|1\/100\n|-unboost|p1a: Bucky|def|1\n|-unboost|p1a: Bucky|spd|1\n|-damage|p1a: Bucky|91\/100|[from] item: Life Orb\n|\n|upkeep\n|turn|8\n|-enditem|p2a: Golem|Custap Berry|[eat]\n|-activate|p2a: Golem|item: Custap Berry|[consumed]\n|\n|t:|1700639315\n|move|p1a: Bucky|Accelerock|p2a: Golem\n|-damage|p2a: Golem|0 fnt\n|faint|p2a: Golem\n|-damage|p1a: Bucky|81\/100|[from] item: Life Orb\n|\n|upkeep\n|\n|t:|1700639321\n|switch|p2a: Rillaboom|Rillaboom, F|93\/100\n|-fieldstart|move: Grassy Terrain|[from] ability: Grassy Surge|[of] p2a: Rillaboom\n|turn|9\n|\n|t:|1700639335\n|switch|p1a: Jericho|Corviknight, M|21\/100\n|-ability|p1a: Jericho|Pressure\n|move|p2a: Rillaboom|Knock Off|p1a: Jericho\n|-damage|p1a: Jericho|0 fnt\n|-enditem|p1a: Jericho|Leftovers|[from] move: Knock Off|[of] p2a: Rillaboom\n|faint|p1a: Jericho\n|-damage|p2a: Rillaboom|83\/100|[from] item: Life Orb\n|\n|-heal|p2a: Rillaboom|89\/100|[from] Grassy Terrain\n|upkeep\n|\n|t:|1700639341\n|switch|p1a: Wick|Chandelure, F|100\/100\n|turn|10\n|\n|t:|1700639347\n|switch|p2a: Blissey|Blissey, F|100\/100\n|move|p1a: Wick|Substitute|p1a: Wick\n|-start|p1a: Wick|Substitute\n|-damage|p1a: Wick|76\/100\n|\n|-heal|p1a: Wick|82\/100|[from] Grassy Terrain\n|upkeep\n|turn|11\n|\n|t:|1700639356\n|move|p2a: Blissey|Trick||[still]\n|-fail|p2a: Blissey\n|move|p1a: Wick|Will-O-Wisp|p2a: Blissey\n|-status|p2a: Blissey|brn\n|\n|-heal|p1a: Wick|88\/100|[from] Grassy Terrain\n|-damage|p2a: Blissey|94\/100 brn|[from] brn\n|upkeep\n|turn|12\n|\n|t:|1700639365\n|-curestatus|p2a: Blissey|brn|[from] ability: Natural Cure\n|switch|p2a: Victini|Victini|100\/100\n|move|p1a: Wick|Flamethrower|p2a: Victini\n|-resisted|p2a: Victini\n|-damage|p2a: Victini|80\/100\n|\n|-heal|p2a: Victini|87\/100|[from] Grassy Terrain\n|-heal|p1a: Wick|94\/100|[from] Grassy Terrain\n|upkeep\n|turn|13\n|\n|t:|1700639375\n|move|p2a: Victini|Bolt Strike|p1a: Wick|[miss]\n|-miss|p2a: Victini|p1a: Wick\n|move|p1a: Wick|Hex|p2a: Victini\n|-supereffective|p2a: Victini\n|-damage|p2a: Victini|21\/100\n|\n|-heal|p2a: Victini|27\/100|[from] Grassy Terrain\n|-heal|p1a: Wick|99\/100|[from] Grassy Terrain\n|-fieldend|move: Grassy Terrain\n|upkeep\n|turn|14\n|\n|t:|1700639385\n|move|p2a: Victini|Bolt Strike|p1a: Wick\n|-end|p1a: Wick|Substitute\n|move|p1a: Wick|Hex|p2a: Victini\n|-supereffective|p2a: Victini\n|-damage|p2a: Victini|0 fnt\n|faint|p2a: Victini\n|\n|upkeep\n|\n|t:|1700639395\n|switch|p2a: Glalie|Glalie, F|100\/100\n|turn|15\n|\n|t:|1700639399\n|detailschange|p2a: Glalie|Glalie-Mega, F\n|-mega|p2a: Glalie|Glalie|Glalitite\n|move|p2a: Glalie|Crunch|p1a: Wick\n|-supereffective|p1a: Wick\n|-damage|p1a: Wick|24\/100\n|move|p1a: Wick|Flamethrower|p2a: Glalie\n|-supereffective|p2a: Glalie\n|-damage|p2a: Glalie|0 fnt\n|faint|p2a: Glalie\n|\n|upkeep\n|\n|t:|1700639415\n|switch|p2a: Rillaboom|Rillaboom, F|89\/100\n|-fieldstart|move: Grassy Terrain|[from] ability: Grassy Surge|[of] p2a: Rillaboom\n|turn|16\n|\n|t:|1700639420\n|-terastallize|p2a: Rillaboom|Grass\n|move|p2a: Rillaboom|Grassy Glide|p1a: Wick\n|-resisted|p1a: Wick\n|-damage|p1a: Wick|0 fnt\n|faint|p1a: Wick\n|-damage|p2a: Rillaboom|79\/100|[from] item: Life Orb\n|\n|-heal|p2a: Rillaboom|85\/100|[from] Grassy Terrain\n|upkeep\n|\n|t:|1700639438\n|switch|p1a: Bucky|Lycanroc-Dusk, M|81\/100\n|turn|17\n|\n|t:|1700639444\n|move|p2a: Rillaboom|Grassy Glide|p1a: Bucky\n|-supereffective|p1a: Bucky\n|-damage|p1a: Bucky|0 fnt\n|faint|p1a: Bucky\n|-damage|p2a: Rillaboom|75\/100|[from] item: Life Orb\n|\n|-heal|p2a: Rillaboom|81\/100|[from] Grassy Terrain\n|upkeep\n|\n|t:|1700639448\n|switch|p1a: Sobi|Feraligatr, M|100\/100\n|turn|18\n|\n|t:|1700639453\n|move|p2a: Rillaboom|Grassy Glide|p1a: Sobi\n|-supereffective|p1a: Sobi\n|-damage|p1a: Sobi|0 fnt\n|faint|p1a: Sobi\n|-damage|p2a: Rillaboom|71\/100|[from] item: Life Orb\n|\n|-heal|p2a: Rillaboom|78\/100|[from] Grassy Terrain\n|upkeep\n|\n|t:|1700639464\n|switch|p1a: Kaa|Sandaconda, F, shiny|2\/100\n|turn|19\n|\n|t:|1700639466\n|move|p2a: Rillaboom|Grassy Glide|p1a: Kaa\n|-supereffective|p1a: Kaa\n|-damage|p1a: Kaa|0 fnt\n|-damage|p2a: Rillaboom|61\/100|[from] item: Rocky Helmet|[of] p1a: Kaa\n|faint|p1a: Kaa\n|-damage|p2a: Rillaboom|51\/100|[from] item: Life Orb\n|\n|win|FlyingSudowoodo\n|raw|misternp's rating: 1377 &rarr; <strong>1361<\/strong><br \/>(-16 for losing)\n|raw|FlyingSudowoodo's rating: 1448 &rarr; <strong>1464<\/strong><br \/>(+16 for winning)\n|l|\u2606misternp\n","uploadtime":1700639475,"views":0,"p1id":"misternp","p2id":"flyingsudowoodo","formatid":"gen9nationaldex","rating":1361,"private":0,"password":""}