{"id":"gen9nationaldex-1990202161","p1":"kitmash","p2":"law s fun","format":"[Gen 9] National Dex","log":"|j|\u2606kitmash\n|j|\u2606law s fun\n|t:|1699936668\n|gametype|singles\n|player|p1|kitmash|170|1507\n|player|p2|law s fun|2|1576\n|teamsize|p1|6\n|teamsize|p2|6\n|gen|9\n|tier|[Gen 9] National Dex\n|rated|\n|rule|HP Percentage Mod: HP is shown in percentages\n|rule|Endless Battle Clause: Forcing endless battles is banned\n|rule|OHKO Clause: OHKO moves are banned\n|rule|Evasion Clause: Evasion abilities, items, and moves are banned\n|rule|Evasion Abilities Clause: Evasion abilities are banned\n|rule|Evasion Items Clause: Evasion items are banned\n|rule|Evasion Moves Clause: Evasion moves are banned\n|rule|Species Clause: Limit one of each Pok\u00e9mon\n|rule|Sleep Clause Mod: Limit one foe put to sleep\n|clearpoke\n|poke|p1|Wo-Chien|\n|poke|p1|Weezing-Galar, F|\n|poke|p1|Alomomola, F|\n|poke|p1|Bellibolt, F|\n|poke|p1|Kleavor, M|\n|poke|p1|Tapu Koko|\n|poke|p2|Zamazenta-*|\n|poke|p2|Cresselia, F|\n|poke|p2|Alomomola, F|\n|poke|p2|Clodsire, M|\n|poke|p2|Tapu Lele|\n|poke|p2|Sneasler, M|\n|teampreview\n|inactive|Battle timer is ON: inactive players will automatically lose when time's up. (requested by law s fun)\n|\n|t:|1699936697\n|start\n|switch|p1a: Kleavor|Kleavor, M|100\/100\n|switch|p2a: \u9178\u7b0b|Clodsire, M|100\/100\n|turn|1\n|\n|t:|1699936702\n|move|p1a: Kleavor|Psycho Cut|p2a: \u9178\u7b0b\n|-supereffective|p2a: \u9178\u7b0b\n|-damage|p2a: \u9178\u7b0b|0 fnt\n|faint|p2a: \u9178\u7b0b\n|\n|upkeep\n|\n|t:|1699936708\n|switch|p2a: \u70b8\u86cb|Alomomola, F|100\/100\n|turn|2\n|\n|t:|1699936714\n|switch|p1a: Weezing|Weezing-Galar, F|100\/100\n|move|p2a: \u70b8\u86cb|Scald|p1a: Weezing\n|-damage|p1a: Weezing|83\/100\n|\n|-heal|p1a: Weezing|89\/100|[from] item: Leftovers\n|upkeep\n|turn|3\n|\n|t:|1699936722\n|move|p1a: Weezing|Toxic Spikes|p2a: \u70b8\u86cb\n|-sidestart|p2: law s fun|move: Toxic Spikes\n|move|p2a: \u70b8\u86cb|Knock Off|p1a: Weezing\n|-resisted|p1a: Weezing\n|-damage|p1a: Weezing|83\/100\n|-enditem|p1a: Weezing|Leftovers|[from] move: Knock Off|[of] p2a: \u70b8\u86cb\n|\n|upkeep\n|turn|4\n|\n|t:|1699936728\n|move|p1a: Weezing|Will-O-Wisp|p2a: \u70b8\u86cb\n|-status|p2a: \u70b8\u86cb|brn\n|move|p2a: \u70b8\u86cb|Scald|p1a: Weezing\n|-damage|p1a: Weezing|66\/100\n|\n|-damage|p2a: \u70b8\u86cb|94\/100 brn|[from] brn\n|upkeep\n|turn|5\n|\n|t:|1699936741\n|switch|p1a: Wo-Chien|Wo-Chien|100\/100\n|-ability|p1a: Wo-Chien|Tablets of Ruin\n|move|p2a: \u70b8\u86cb|Scald|p1a: Wo-Chien\n|-resisted|p1a: Wo-Chien\n|-damage|p1a: Wo-Chien|96\/100\n|\n|-heal|p1a: Wo-Chien|100\/100|[from] item: Leftovers\n|-damage|p2a: \u70b8\u86cb|88\/100 brn|[from] brn\n|upkeep\n|turn|6\n|\n|t:|1699936751\n|switch|p2a: \u82b1\u751f|Sneasler, M|100\/100\n|-sideend|p2: law s fun|move: Toxic Spikes|[of] p2a: \u82b1\u751f\n|move|p1a: Wo-Chien|Leech Seed|p2a: \u82b1\u751f\n|-start|p2a: \u82b1\u751f|move: Leech Seed\n|\n|-damage|p2a: \u82b1\u751f|88\/100|[from] Leech Seed|[of] p1a: Wo-Chien\n|upkeep\n|turn|7\n|\n|t:|1699936760\n|switch|p2a: \u7c73\u7c89|Zamazenta|100\/100\n|-ability|p2a: \u7c73\u7c89|Dauntless Shield|boost\n|-boost|p2a: \u7c73\u7c89|def|1\n|switch|p1a: Weezing|Weezing-Galar, F|66\/100\n|\n|upkeep\n|turn|8\n|\n|t:|1699936772\n|switch|p1a: Tapu Koko|Tapu Koko|100\/100\n|-fieldstart|move: Electric Terrain|[from] ability: Electric Surge|[of] p1a: Tapu Koko\n|move|p2a: \u7c73\u7c89|Substitute|p2a: \u7c73\u7c89\n|-start|p2a: \u7c73\u7c89|Substitute\n|-damage|p2a: \u7c73\u7c89|75\/100\n|\n|-heal|p2a: \u7c73\u7c89|82\/100|[from] item: Leftovers\n|upkeep\n|turn|9\n|\n|t:|1699936784\n|move|p1a: Tapu Koko|Thunderbolt|p2a: \u7c73\u7c89\n|-end|p2a: \u7c73\u7c89|Substitute\n|move|p2a: \u7c73\u7c89|Body Press|p1a: Tapu Koko\n|-resisted|p1a: Tapu Koko\n|-damage|p1a: Tapu Koko|70\/100\n|\n|-heal|p2a: \u7c73\u7c89|88\/100|[from] item: Leftovers\n|upkeep\n|turn|10\n|\n|t:|1699936791\n|switch|p2a: \u87ba\u4e1d|Tapu Lele|100\/100\n|-fieldstart|move: Psychic Terrain|[from] ability: Psychic Surge|[of] p2a: \u87ba\u4e1d\n|move|p1a: Tapu Koko|Thunderbolt|p2a: \u87ba\u4e1d\n|-damage|p2a: \u87ba\u4e1d|38\/100\n|\n|upkeep\n|turn|11\n|\n|t:|1699936806\n|switch|p1a: Bellibolt|Bellibolt, F|100\/100\n|move|p2a: \u87ba\u4e1d|Future Sight|p1a: Bellibolt\n|-start|p2a: \u87ba\u4e1d|move: Future Sight\n|\n|upkeep\n|turn|12\n|\n|t:|1699936832\n|switch|p2a: \u82b1\u751f|Sneasler, M|88\/100\n|-enditem|p2a: \u82b1\u751f|Psychic Seed\n|-boost|p2a: \u82b1\u751f|spd|1|[from] item: Psychic Seed\n|move|p1a: Bellibolt|Light Screen|p1a: Bellibolt\n|-sidestart|p1: kitmash|move: Light Screen\n|\n|upkeep\n|turn|13\n|\n|t:|1699936842\n|switch|p1a: Weezing|Weezing-Galar, F|66\/100\n|move|p2a: \u82b1\u751f|Swords Dance|p2a: \u82b1\u751f\n|-boost|p2a: \u82b1\u751f|atk|2\n|\n|-end|p1a: Weezing|move: Future Sight\n|-supereffective|p1a: Weezing\n|-damage|p1a: Weezing|0 fnt\n|faint|p1a: Weezing\n|upkeep\n|\n|t:|1699936863\n|switch|p1a: Wo-Chien|Wo-Chien|100\/100\n|-ability|p1a: Wo-Chien|Tablets of Ruin\n|turn|14\n|\n|t:|1699936884\n|-terastallize|p2a: \u82b1\u751f|Flying\n|-terastallize|p1a: Wo-Chien|Fairy\n|move|p2a: \u82b1\u751f|Acrobatics|p1a: Wo-Chien\n|-damage|p1a: Wo-Chien|33\/100\n|move|p1a: Wo-Chien|Foul Play|p2a: \u82b1\u751f\n|-damage|p2a: \u82b1\u751f|0 fnt\n|faint|p2a: \u82b1\u751f\n|\n|-heal|p1a: Wo-Chien|39\/100|[from] item: Leftovers\n|-fieldend|move: Psychic Terrain\n|upkeep\n|inactive|law s fun has 120 seconds left.\n|\n|t:|1699936900\n|switch|p2a: \u7c73\u7c89|Zamazenta|88\/100\n|turn|15\n|\n|t:|1699936920\n|move|p2a: \u7c73\u7c89|Substitute|p2a: \u7c73\u7c89\n|-start|p2a: \u7c73\u7c89|Substitute\n|-damage|p2a: \u7c73\u7c89|63\/100\n|move|p1a: Wo-Chien|Ruination|p2a: \u7c73\u7c89\n|-end|p2a: \u7c73\u7c89|Substitute\n|\n|-heal|p2a: \u7c73\u7c89|69\/100|[from] item: Leftovers\n|-heal|p1a: Wo-Chien|45\/100|[from] item: Leftovers\n|upkeep\n|turn|16\n|inactive|law s fun has 120 seconds left.\n|\n|t:|1699936938\n|switch|p1a: Tapu Koko|Tapu Koko|70\/100\n|-fieldstart|move: Electric Terrain|[from] ability: Electric Surge|[of] p1a: Tapu Koko\n|move|p2a: \u7c73\u7c89|Substitute|p2a: \u7c73\u7c89\n|-start|p2a: \u7c73\u7c89|Substitute\n|-damage|p2a: \u7c73\u7c89|44\/100\n|\n|-heal|p2a: \u7c73\u7c89|50\/100|[from] item: Leftovers\n|-sideend|p1: kitmash|move: Light Screen\n|upkeep\n|turn|17\n|inactive|kitmash has 120 seconds left.\n|\n|t:|1699936959\n|move|p1a: Tapu Koko|Thunderbolt|p2a: \u7c73\u7c89\n|-end|p2a: \u7c73\u7c89|Substitute\n|move|p2a: \u7c73\u7c89|Body Press|p1a: Tapu Koko\n|-resisted|p1a: Tapu Koko\n|-damage|p1a: Tapu Koko|50\/100\n|\n|-heal|p2a: \u7c73\u7c89|56\/100|[from] item: Leftovers\n|upkeep\n|turn|18\n|inactive|kitmash has 120 seconds left.\n|\n|t:|1699936967\n|switch|p2a: \u70b8\u86cb|Alomomola, F|100\/100 brn\n|move|p1a: Tapu Koko|Thunderbolt|p2a: \u70b8\u86cb\n|-supereffective|p2a: \u70b8\u86cb\n|-damage|p2a: \u70b8\u86cb|0 fnt\n|faint|p2a: \u70b8\u86cb\n|\n|upkeep\n|\n|t:|1699936969\n|switch|p2a: \u87ba\u4e1d|Tapu Lele|38\/100\n|-fieldstart|move: Psychic Terrain|[from] ability: Psychic Surge|[of] p2a: \u87ba\u4e1d\n|turn|19\n|\n|t:|1699936983\n|switch|p1a: Bellibolt|Bellibolt, F|100\/100\n|move|p2a: \u87ba\u4e1d|Psychic|p1a: Bellibolt\n|-damage|p1a: Bellibolt|57\/100\n|-start|p1a: Bellibolt|Charge|Psychic|[from] ability: Electromorphosis\n|\n|upkeep\n|turn|20\n|\n|t:|1699936992\n|switch|p2a: \u7c73\u7c89|Zamazenta|56\/100\n|move|p1a: Bellibolt|Slack Off|p1a: Bellibolt\n|-heal|p1a: Bellibolt|100\/100\n|\n|-heal|p2a: \u7c73\u7c89|63\/100|[from] item: Leftovers\n|upkeep\n|turn|21\n|\n|t:|1699937003\n|move|p2a: \u7c73\u7c89|Substitute|p2a: \u7c73\u7c89\n|-start|p2a: \u7c73\u7c89|Substitute\n|-damage|p2a: \u7c73\u7c89|38\/100\n|move|p1a: Bellibolt|Thunderbolt|p2a: \u7c73\u7c89\n|-end|p2a: \u7c73\u7c89|Substitute\n|-end|p1a: Bellibolt|Charge|[silent]\n|\n|-heal|p2a: \u7c73\u7c89|44\/100|[from] item: Leftovers\n|upkeep\n|turn|22\n|\n|t:|1699937022\n|switch|p1a: Tapu Koko|Tapu Koko|50\/100\n|-fieldstart|move: Electric Terrain|[from] ability: Electric Surge|[of] p1a: Tapu Koko\n|move|p2a: \u7c73\u7c89|Body Press|p1a: Tapu Koko\n|-resisted|p1a: Tapu Koko\n|-damage|p1a: Tapu Koko|28\/100\n|\n|-heal|p2a: \u7c73\u7c89|50\/100|[from] item: Leftovers\n|upkeep\n|turn|23\n|\n|t:|1699937033\n|move|p1a: Tapu Koko|Volt Switch|p2a: \u7c73\u7c89\n|-damage|p2a: \u7c73\u7c89|10\/100\n|\n|t:|1699937041\n|switch|p1a: Alomomola|Alomomola, F|100\/100|[from] Volt Switch\n|move|p2a: \u7c73\u7c89|Iron Defense|p2a: \u7c73\u7c89\n|-boost|p2a: \u7c73\u7c89|def|2\n|\n|-heal|p2a: \u7c73\u7c89|16\/100|[from] item: Leftovers\n|upkeep\n|turn|24\n|\n|t:|1699937049\n|move|p2a: \u7c73\u7c89|Body Press|p1a: Alomomola\n|-damage|p1a: Alomomola|70\/100\n|move|p1a: Alomomola|Flip Turn|p2a: \u7c73\u7c89\n|-damage|p2a: \u7c73\u7c89|9\/100\n|\n|t:|1699937056\n|switch|p1a: Tapu Koko|Tapu Koko|28\/100|[from] Flip Turn\n|\n|-heal|p2a: \u7c73\u7c89|15\/100|[from] item: Leftovers\n|upkeep\n|turn|25\n|\n|t:|1699937062\n|move|p1a: Tapu Koko|Volt Switch|p2a: \u7c73\u7c89\n|-damage|p2a: \u7c73\u7c89|0 fnt\n|faint|p2a: \u7c73\u7c89\n|\n|t:|1699937067\n|switch|p1a: Kleavor|Kleavor, M|100\/100|[from] Volt Switch\n|\n|upkeep\n|\n|t:|1699937072\n|switch|p2a: \u8150\u7af9|Cresselia, F|100\/100\n|turn|26\n|\n|t:|1699937081\n|move|p1a: Kleavor|X-Scissor|p2a: \u8150\u7af9\n|-supereffective|p2a: \u8150\u7af9\n|-damage|p2a: \u8150\u7af9|0 fnt\n|faint|p2a: \u8150\u7af9\n|\n|-fieldend|move: Electric Terrain\n|upkeep\n|\n|t:|1699937084\n|switch|p2a: \u87ba\u4e1d|Tapu Lele|38\/100\n|-fieldstart|move: Psychic Terrain|[from] ability: Psychic Surge|[of] p2a: \u87ba\u4e1d\n|turn|27\n|\n|t:|1699937089\n|move|p2a: \u87ba\u4e1d|Psychic|p1a: Kleavor\n|-damage|p1a: Kleavor|0 fnt\n|faint|p1a: Kleavor\n|\n|upkeep\n|\n|t:|1699937095\n|switch|p1a: Bellibolt|Bellibolt, F|100\/100\n|turn|28\n|\n|t:|1699937098\n|move|p2a: \u87ba\u4e1d|Psychic|p1a: Bellibolt\n|-damage|p1a: Bellibolt|56\/100\n|-start|p1a: Bellibolt|Charge|Psychic|[from] ability: Electromorphosis\n|move|p1a: Bellibolt|Slack Off|p1a: Bellibolt\n|-heal|p1a: Bellibolt|100\/100\n|\n|upkeep\n|turn|29\n|\n|t:|1699937105\n|move|p2a: \u87ba\u4e1d|Psychic|p1a: Bellibolt\n|-damage|p1a: Bellibolt|59\/100\n|-start|p1a: Bellibolt|Charge|Psychic|[from] ability: Electromorphosis\n|move|p1a: Bellibolt|Toxic|p2a: \u87ba\u4e1d\n|-status|p2a: \u87ba\u4e1d|tox\n|\n|-damage|p2a: \u87ba\u4e1d|32\/100 tox|[from] psn\n|upkeep\n|turn|30\n|\n|t:|1699937113\n|move|p2a: \u87ba\u4e1d|Psychic|p1a: Bellibolt\n|-damage|p1a: Bellibolt|18\/100\n|-start|p1a: Bellibolt|Charge|Psychic|[from] ability: Electromorphosis\n|move|p1a: Bellibolt|Slack Off|p1a: Bellibolt\n|-heal|p1a: Bellibolt|68\/100\n|\n|-damage|p2a: \u87ba\u4e1d|20\/100 tox|[from] psn\n|upkeep\n|turn|31\n|\n|t:|1699937122\n|move|p2a: \u87ba\u4e1d|Psychic|p1a: Bellibolt\n|-crit|p1a: Bellibolt\n|-damage|p1a: Bellibolt|0 fnt\n|faint|p1a: Bellibolt\n|\n|-damage|p2a: \u87ba\u4e1d|2\/100 tox|[from] psn\n|-fieldend|move: Psychic Terrain\n|upkeep\n|\n|t:|1699937131\n|switch|p1a: Tapu Koko|Tapu Koko|28\/100\n|-fieldstart|move: Electric Terrain|[from] ability: Electric Surge|[of] p1a: Tapu Koko\n|turn|32\n|\n|t:|1699937136\n|move|p2a: \u87ba\u4e1d|Psychic|p1a: Tapu Koko\n|-damage|p1a: Tapu Koko|0 fnt\n|faint|p1a: Tapu Koko\n|\n|-damage|p2a: \u87ba\u4e1d|0 fnt|[from] psn\n|faint|p2a: \u87ba\u4e1d\n|\n|win|kitmash\n|upkeep\n|raw|kitmash's rating: 1507 &rarr; <strong>1531<\/strong><br \/>(+24 for winning)\n|raw|law s fun's rating: 1576 &rarr; <strong>1552<\/strong><br \/>(-24 for losing)\n","uploadtime":1699937151,"views":6,"p1id":"kitmash","p2id":"lawsfun","formatid":"gen9nationaldex","rating":1531,"private":0,"password":""}