{"id":"gen9nationaldex-1996527331","p1":"Vibe Checks","p2":"MurrayDaCat","format":"[Gen 9] National Dex","log":"|html|<div class=\"broadcast-blue\"><strong>[Gen 9] National Dex is currently suspecting Sneasler! For information on how to participate check out the <a href=\"https:\/\/www.smogon.com\/forums\/threads\/sv-national-dex-suspect-8-just-dance.3731534\/\">suspect thread<\/a>.<\/strong><\/div>\n|j|\u2606Vibe Checks\n|j|\u2606MurrayDaCat\n|t:|1700690820\n|gametype|singles\n|player|p1|Vibe Checks|ghetsis|1302\n|player|p2|MurrayDaCat|1|1260\n|teamsize|p1|6\n|teamsize|p2|6\n|gen|9\n|tier|[Gen 9] National Dex\n|rated|\n|rule|HP Percentage Mod: HP is shown in percentages\n|rule|Endless Battle Clause: Forcing endless battles is banned\n|rule|OHKO Clause: OHKO moves are banned\n|rule|Evasion Clause: Evasion abilities, items, and moves are banned\n|rule|Evasion Abilities Clause: Evasion abilities are banned\n|rule|Evasion Items Clause: Evasion items are banned\n|rule|Evasion Moves Clause: Evasion moves are banned\n|rule|Species Clause: Limit one of each Pok\u00e9mon\n|rule|Sleep Clause Mod: Limit one foe put to sleep\n|clearpoke\n|poke|p1|Gallade, M|\n|poke|p1|Thundurus-Therian, M|\n|poke|p1|Corviknight, F|\n|poke|p1|Gastrodon-East, F|\n|poke|p1|Salazzle, F|\n|poke|p1|Greninja-*, F|\n|poke|p2|Corviknight, F|\n|poke|p2|Alomomola, M|\n|poke|p2|Gliscor, F|\n|poke|p2|Toxapex, M|\n|poke|p2|Quagsire, M|\n|poke|p2|Blissey, F|\n|teampreview\n|inactive|Battle timer is ON: inactive players will automatically lose when time's up. (requested by Vibe Checks)\n|\n|t:|1700690831\n|start\n|switch|p1a: Ghost|Salazzle, F, shiny|100\/100\n|switch|p2a: Mark|Quagsire, M, shiny|100\/100\n|turn|1\n|\n|t:|1700690843\n|-terastallize|p1a: Ghost|Flying\n|move|p1a: Ghost|Substitute|p1a: Ghost\n|-start|p1a: Ghost|Substitute\n|-damage|p1a: Ghost|76\/100\n|move|p2a: Mark|Spikes|p1a: Ghost\n|-sidestart|p1: Vibe Checks|Spikes\n|\n|-heal|p1a: Ghost|82\/100|[from] item: Leftovers\n|upkeep\n|turn|2\n|\n|t:|1700690852\n|switch|p2a: Mark's Father|Gliscor, F, shiny|100\/100\n|move|p1a: Ghost|Toxic|p2a: Mark's Father\n|-status|p2a: Mark's Father|tox\n|\n|-heal|p1a: Ghost|88\/100|[from] item: Leftovers\n|upkeep\n|turn|3\n|\n|t:|1700690861\n|switch|p2a: Mark's House|Toxapex, M, shiny|100\/100\n|move|p1a: Ghost|Flamethrower|p2a: Mark's House\n|-resisted|p2a: Mark's House\n|-damage|p2a: Mark's House|88\/100\n|\n|-heal|p1a: Ghost|94\/100|[from] item: Leftovers\n|upkeep\n|turn|4\n|\n|t:|1700690870\n|move|p1a: Ghost|Toxic|p2a: Mark's House\n|-status|p2a: Mark's House|tox\n|move|p2a: Mark's House|Liquidation|p1a: Ghost\n|-end|p1a: Ghost|Substitute\n|\n|-heal|p1a: Ghost|100\/100|[from] item: Leftovers\n|-damage|p2a: Mark's House|82\/100 tox|[from] psn\n|upkeep\n|turn|5\n|\n|t:|1700690894\n|move|p1a: Ghost|Substitute|p1a: Ghost\n|-start|p1a: Ghost|Substitute\n|-damage|p1a: Ghost|76\/100\n|move|p2a: Mark's House|Liquidation|p1a: Ghost\n|-end|p1a: Ghost|Substitute\n|\n|-heal|p1a: Ghost|82\/100|[from] item: Leftovers\n|-damage|p2a: Mark's House|70\/100 tox|[from] psn\n|upkeep\n|turn|6\n|\n|t:|1700690904\n|switch|p2a: Mark's Mother|Blissey, F, shiny|100\/100\n|move|p1a: Ghost|Protect||[still]\n|-fail|p1a: Ghost\n|\n|-heal|p1a: Ghost|88\/100|[from] item: Leftovers\n|upkeep\n|turn|7\n|\n|t:|1700690911\n|move|p1a: Ghost|Substitute|p1a: Ghost\n|-start|p1a: Ghost|Substitute\n|-damage|p1a: Ghost|63\/100\n|move|p2a: Mark's Mother|Toxic||[still]\n|-fail|p2a: Mark's Mother\n|\n|-heal|p1a: Ghost|70\/100|[from] item: Leftovers\n|upkeep\n|turn|8\n|\n|t:|1700690919\n|move|p1a: Ghost|Toxic|p2a: Mark's Mother\n|-status|p2a: Mark's Mother|tox\n|move|p2a: Mark's Mother|Seismic Toss|p1a: Ghost\n|-end|p1a: Ghost|Substitute\n|\n|-heal|p1a: Ghost|76\/100|[from] item: Leftovers\n|-damage|p2a: Mark's Mother|94\/100 tox|[from] psn\n|upkeep\n|turn|9\n|c|\u2606Vibe Checks|When stall gets stalled\n|\n|t:|1700690943\n|move|p1a: Ghost|Substitute|p1a: Ghost\n|-start|p1a: Ghost|Substitute\n|-damage|p1a: Ghost|51\/100\n|move|p2a: Mark's Mother|Aromatherapy|p2a: Mark's Mother\n|-activate|p2a: Mark's Mother|move: Aromatherapy\n|-curestatus|p2a: Mark's Mother|tox|[msg]\n|-curestatus|p2: Mark's Father|tox|[msg]\n|-curestatus|p2: Mark's House|tox|[msg]\n|\n|-heal|p1a: Ghost|57\/100|[from] item: Leftovers\n|-heal|p2a: Mark's Mother|100\/100|[from] item: Leftovers\n|upkeep\n|turn|10\n|\n|t:|1700690957\n|move|p1a: Ghost|Protect|p1a: Ghost\n|-singleturn|p1a: Ghost|Protect\n|move|p2a: Mark's Mother|Seismic Toss|p1a: Ghost\n|-activate|p1a: Ghost|move: Protect\n|\n|-heal|p1a: Ghost|63\/100|[from] item: Leftovers\n|upkeep\n|turn|11\n|c|\u2606MurrayDaCat|?\n|\n|t:|1700690965\n|move|p1a: Ghost|Toxic|p2a: Mark's Mother\n|-status|p2a: Mark's Mother|tox\n|move|p2a: Mark's Mother|Seismic Toss|p1a: Ghost\n|-end|p1a: Ghost|Substitute\n|\n|-heal|p1a: Ghost|70\/100|[from] item: Leftovers\n|-damage|p2a: Mark's Mother|94\/100 tox|[from] psn\n|upkeep\n|turn|12\n|c|\u2606MurrayDaCat|Its a bad stall lol\n|\n|t:|1700690975\n|move|p1a: Ghost|Substitute|p1a: Ghost\n|-start|p1a: Ghost|Substitute\n|-damage|p1a: Ghost|45\/100\n|move|p2a: Mark's Mother|Seismic Toss|p1a: Ghost\n|-end|p1a: Ghost|Substitute\n|\n|-heal|p1a: Ghost|51\/100|[from] item: Leftovers\n|-heal|p2a: Mark's Mother|100\/100 tox|[from] item: Leftovers\n|-damage|p2a: Mark's Mother|88\/100 tox|[from] psn\n|upkeep\n|turn|13\n|c|\u2606MurrayDaCat|I just made one in like 2 minutes lmao\n|c|\u2606MurrayDaCat|Its this one\n|\n|t:|1700690986\n|move|p1a: Ghost|Substitute|p1a: Ghost\n|-start|p1a: Ghost|Substitute\n|-damage|p1a: Ghost|26\/100\n|move|p2a: Mark's Mother|Aromatherapy|p2a: Mark's Mother\n|-activate|p2a: Mark's Mother|move: Aromatherapy\n|-curestatus|p2a: Mark's Mother|tox|[msg]\n|\n|-heal|p1a: Ghost|32\/100|[from] item: Leftovers\n|-heal|p2a: Mark's Mother|94\/100|[from] item: Leftovers\n|upkeep\n|turn|14\n|\n|t:|1700691005\n|move|p1a: Ghost|Protect|p1a: Ghost\n|-singleturn|p1a: Ghost|Protect\n|move|p2a: Mark's Mother|Seismic Toss|p1a: Ghost\n|-activate|p1a: Ghost|move: Protect\n|\n|-heal|p1a: Ghost|39\/100|[from] item: Leftovers\n|-heal|p2a: Mark's Mother|100\/100|[from] item: Leftovers\n|upkeep\n|turn|15\n|\n|t:|1700691024\n|move|p1a: Ghost|Toxic|p2a: Mark's Mother\n|-status|p2a: Mark's Mother|tox\n|move|p2a: Mark's Mother|Seismic Toss|p1a: Ghost\n|-end|p1a: Ghost|Substitute\n|\n|-heal|p1a: Ghost|45\/100|[from] item: Leftovers\n|-damage|p2a: Mark's Mother|94\/100 tox|[from] psn\n|upkeep\n|turn|16\n|\n|t:|1700691035\n|move|p1a: Ghost|Protect|p1a: Ghost\n|-singleturn|p1a: Ghost|Protect\n|move|p2a: Mark's Mother|Aromatherapy|p2a: Mark's Mother\n|-activate|p2a: Mark's Mother|move: Aromatherapy\n|-curestatus|p2a: Mark's Mother|tox|[msg]\n|\n|-heal|p1a: Ghost|51\/100|[from] item: Leftovers\n|-heal|p2a: Mark's Mother|100\/100|[from] item: Leftovers\n|upkeep\n|turn|17\n|\n|t:|1700691046\n|switch|p1a: Iron man|Corviknight, F, shiny|100\/100\n|-ability|p1a: Iron man|Pressure\n|move|p2a: Mark's Mother|Seismic Toss|p1a: Iron man\n|-damage|p1a: Iron man|75\/100\n|\n|-heal|p1a: Iron man|82\/100|[from] item: Leftovers\n|upkeep\n|turn|18\n|\n|t:|1700691057\n|switch|p2a: Mark's House|Toxapex, M, shiny|100\/100\n|move|p1a: Iron man|U-turn|p2a: Mark's House\n|-resisted|p2a: Mark's House\n|-damage|p2a: Mark's House|96\/100\n|-damage|p1a: Iron man|65\/100|[from] item: Rocky Helmet|[of] p2a: Mark's House\n|\n|t:|1700691066\n|switch|p1a: FlashDrive|Thundurus-Therian, M|100\/100|[from] U-turn\n|\n|upkeep\n|turn|19\n|\n|t:|1700691077\n|switch|p2a: Mark's Father|Gliscor, F, shiny|100\/100\n|move|p1a: FlashDrive|Volt Switch|p2a: Mark's Father\n|-immune|p2a: Mark's Father\n|\n|-status|p2a: Mark's Father|tox|[from] item: Toxic Orb\n|upkeep\n|turn|20\n|c|\u2606Vibe Checks|Who is mark\n|\n|t:|1700691092\n|switch|p2a: Mark's Mother|Blissey, F, shiny|100\/100\n|move|p1a: FlashDrive|Hidden Power|p2a: Mark's Mother\n|-damage|p2a: Mark's Mother|93\/100\n|\n|-heal|p2a: Mark's Mother|99\/100|[from] item: Leftovers\n|upkeep\n|turn|21\n|\n|t:|1700691100\n|move|p1a: FlashDrive|Knock Off|p2a: Mark's Mother\n|-damage|p2a: Mark's Mother|71\/100\n|-enditem|p2a: Mark's Mother|Leftovers|[from] move: Knock Off|[of] p1a: FlashDrive\n|move|p2a: Mark's Mother|Toxic|p1a: FlashDrive|[miss]\n|-miss|p2a: Mark's Mother|p1a: FlashDrive\n|\n|upkeep\n|turn|22\n|c|\u2606MurrayDaCat|My friend lmao\n|\n|t:|1700691109\n|move|p1a: FlashDrive|Volt Switch|p2a: Mark's Mother\n|-damage|p2a: Mark's Mother|57\/100\n|\n|t:|1700691120\n|switch|p1a: Iron man|Corviknight, F, shiny|65\/100|[from] Volt Switch\n|-ability|p1a: Iron man|Pressure\n|move|p2a: Mark's Mother|Seismic Toss|p1a: Iron man\n|-damage|p1a: Iron man|40\/100\n|\n|-heal|p1a: Iron man|46\/100|[from] item: Leftovers\n|upkeep\n|turn|23\n|\n|t:|1700691131\n|switch|p2a: Mark's House|Toxapex, M, shiny|100\/100\n|move|p1a: Iron man|Roost|p1a: Iron man\n|-heal|p1a: Iron man|96\/100\n|-singleturn|p1a: Iron man|move: Roost\n|\n|-heal|p1a: Iron man|100\/100|[from] item: Leftovers\n|upkeep\n|turn|24\n|\n|t:|1700691140\n|move|p1a: Iron man|U-turn|p2a: Mark's House\n|-resisted|p2a: Mark's House\n|-damage|p2a: Mark's House|95\/100\n|-damage|p1a: Iron man|84\/100|[from] item: Rocky Helmet|[of] p2a: Mark's House\n|\n|t:|1700691151\n|switch|p1a: Gary|Gastrodon-East, F|100\/100|[from] U-turn\n|-damage|p1a: Gary|88\/100|[from] Spikes\n|move|p2a: Mark's House|Toxic Spikes|p1a: Gary\n|-sidestart|p1: Vibe Checks|move: Toxic Spikes\n|\n|upkeep\n|turn|25\n|c|\u2606MurrayDaCat|Something tells me this is gonna be a long game.\n|\n|t:|1700691160\n|switch|p2a: Mark|Quagsire, M, shiny|100\/100\n|move|p1a: Gary|Earth Power|p2a: Mark\n|-damage|p2a: Mark|71\/100\n|\n|-heal|p2a: Mark|77\/100|[from] item: Leftovers\n|upkeep\n|turn|26\n|\n|t:|1700691176\n|switch|p1a: FlashDrive|Thundurus-Therian, M|100\/100\n|move|p2a: Mark|Spikes|p1a: FlashDrive\n|-sidestart|p1: Vibe Checks|Spikes\n|\n|-heal|p2a: Mark|83\/100|[from] item: Leftovers\n|upkeep\n|turn|27\n|\n|t:|1700691186\n|switch|p2a: Mark's Mother|Blissey, F, shiny|57\/100\n|move|p1a: FlashDrive|Volt Switch|p2a: Mark's Mother\n|-damage|p2a: Mark's Mother|44\/100\n|c|\u2606MurrayDaCat|Nice\n|\n|t:|1700691194\n|switch|p1a: Iron man|Corviknight, F, shiny|84\/100|[from] Volt Switch\n|-ability|p1a: Iron man|Pressure\n|\n|-heal|p1a: Iron man|90\/100|[from] item: Leftovers\n|upkeep\n|turn|28\n|\n|t:|1700691202\n|switch|p2a: Mark's House|Toxapex, M, shiny|100\/100\n|move|p1a: Iron man|Defog|p2a: Mark's House\n|-unboost|p2a: Mark's House|evasion|1\n|-sideend|p1: Vibe Checks|Spikes|[from] move: Defog|[of] p1a: Iron man\n|-sideend|p1: Vibe Checks|Toxic Spikes|[from] move: Defog|[of] p1a: Iron man\n|\n|-heal|p1a: Iron man|96\/100|[from] item: Leftovers\n|upkeep\n|turn|29\n|\n|t:|1700691212\n|move|p1a: Iron man|U-turn|p2a: Mark's House\n|-resisted|p2a: Mark's House\n|-damage|p2a: Mark's House|95\/100\n|-damage|p1a: Iron man|80\/100|[from] item: Rocky Helmet|[of] p2a: Mark's House\n|c|\u2606Vibe Checks|Gtg\n|c|\u2606MurrayDaCat|Damn\n|c|\u2606MurrayDaCat|That sucks\n|c|\u2606MurrayDaCat|:(\n|-message|Vibe Checks forfeited.\n|\n|win|MurrayDaCat\n|raw|Vibe Checks's rating: 1302 &rarr; <strong>1280<\/strong><br \/>(-22 for losing)\n|raw|MurrayDaCat's rating: 1260 &rarr; <strong>1288<\/strong><br \/>(+28 for winning)\n|l|\u2606Vibe Checks\n","uploadtime":1700691247,"views":9,"p1id":"vibechecks","p2id":"murraydacat","formatid":"gen9nationaldex","rating":1280,"private":0,"password":""}