{"id":"gen9nationaldex-1999651704","p1":"Lgbeet","p2":"Graham95","format":"[Gen 9] National Dex","log":"|html|<div class=\"broadcast-blue\"><strong>[Gen 9] National Dex is currently suspecting Sneasler! For information on how to participate check out the <a href=\"https:\/\/www.smogon.com\/forums\/threads\/sv-national-dex-suspect-8-just-dance.3731534\/\">suspect thread<\/a>.<\/strong><\/div>\n|j|\u2606Lgbeet\n|j|\u2606Graham95\n|t:|1701104711\n|gametype|singles\n|player|p1|Lgbeet|skullgruntf|1118\n|player|p2|Graham95|gambler|1145\n|teamsize|p1|6\n|teamsize|p2|6\n|gen|9\n|tier|[Gen 9] National Dex\n|rated|\n|rule|HP Percentage Mod: HP is shown in percentages\n|rule|Endless Battle Clause: Forcing endless battles is banned\n|rule|OHKO Clause: OHKO moves are banned\n|rule|Evasion Clause: Evasion abilities, items, and moves are banned\n|rule|Evasion Abilities Clause: Evasion abilities are banned\n|rule|Evasion Items Clause: Evasion items are banned\n|rule|Evasion Moves Clause: Evasion moves are banned\n|rule|Species Clause: Limit one of each Pok\u00e9mon\n|rule|Sleep Clause Mod: Limit one foe put to sleep\n|clearpoke\n|poke|p1|Skeledirge, F|\n|poke|p1|Iron Treads|\n|poke|p1|Poliwrath, M|\n|poke|p1|Fezandipiti, M|\n|poke|p1|Meowscarada, F|\n|poke|p1|Dottler, F|\n|poke|p2|Kommo-o, M|\n|poke|p2|Pidgeot, M|\n|poke|p2|Gyarados, M|\n|poke|p2|Volcarona, F|\n|poke|p2|Garganacl, M|\n|poke|p2|Bisharp, M|\n|teampreview\n|inactive|Battle timer is ON: inactive players will automatically lose when time's up. (requested by Graham95)\n|\n|t:|1701104721\n|start\n|switch|p1a: Poliwrath|Poliwrath, M|100\/100\n|switch|p2a: Garganacl|Garganacl, M|100\/100\n|turn|1\n|\n|t:|1701104725\n|move|p1a: Poliwrath|Close Combat|p2a: Garganacl\n|-supereffective|p2a: Garganacl\n|-damage|p2a: Garganacl|0 fnt\n|-unboost|p1a: Poliwrath|def|1\n|-unboost|p1a: Poliwrath|spd|1\n|faint|p2a: Garganacl\n|\n|upkeep\n|\n|t:|1701104730\n|switch|p2a: Volcarona|Volcarona, F|100\/100\n|turn|2\n|c|\u2606Graham95|Absolutely bopped lmao\n|\n|t:|1701104743\n|switch|p1a: Skeledirge|Skeledirge, F|100\/100\n|move|p2a: Volcarona|Quiver Dance|p2a: Volcarona\n|-boost|p2a: Volcarona|spa|1\n|-boost|p2a: Volcarona|spd|1\n|-boost|p2a: Volcarona|spe|1\n|\n|upkeep\n|turn|3\n|\n|t:|1701104750\n|move|p2a: Volcarona|Quiver Dance|p2a: Volcarona\n|-boost|p2a: Volcarona|spa|1\n|-boost|p2a: Volcarona|spd|1\n|-boost|p2a: Volcarona|spe|1\n|move|p1a: Skeledirge|Shadow Ball|p2a: Volcarona\n|-damage|p2a: Volcarona|67\/100\n|-unboost|p2a: Volcarona|spd|1\n|\n|upkeep\n|turn|4\n|\n|t:|1701104758\n|move|p2a: Volcarona|Bug Buzz|p1a: Skeledirge\n|-resisted|p1a: Skeledirge\n|-damage|p1a: Skeledirge|86\/100\n|-unboost|p1a: Skeledirge|spd|1\n|move|p1a: Skeledirge|Shadow Ball|p2a: Volcarona\n|-damage|p2a: Volcarona|35\/100\n|-unboost|p2a: Volcarona|spd|1\n|\n|-heal|p1a: Skeledirge|92\/100|[from] item: Leftovers\n|upkeep\n|turn|5\n|\n|t:|1701104763\n|move|p2a: Volcarona|Bug Buzz|p1a: Skeledirge\n|-resisted|p1a: Skeledirge\n|-damage|p1a: Skeledirge|70\/100\n|move|p1a: Skeledirge|Shadow Ball|p2a: Volcarona\n|-damage|p2a: Volcarona|6\/100\n|\n|-heal|p1a: Skeledirge|76\/100|[from] item: Leftovers\n|upkeep\n|turn|6\n|\n|t:|1701104767\n|move|p2a: Volcarona|Bug Buzz|p1a: Skeledirge\n|-resisted|p1a: Skeledirge\n|-damage|p1a: Skeledirge|55\/100\n|move|p1a: Skeledirge|Shadow Ball|p2a: Volcarona\n|-damage|p2a: Volcarona|0 fnt\n|faint|p2a: Volcarona\n|\n|-heal|p1a: Skeledirge|61\/100|[from] item: Leftovers\n|upkeep\n|\n|t:|1701104772\n|switch|p2a: Gyarados|Gyarados, M, shiny|100\/100\n|turn|7\n|\n|t:|1701104777\n|move|p1a: Skeledirge|Protect|p1a: Skeledirge\n|-singleturn|p1a: Skeledirge|Protect\n|move|p2a: Gyarados|Dragon Dance|p2a: Gyarados\n|-boost|p2a: Gyarados|atk|1\n|-boost|p2a: Gyarados|spe|1\n|\n|-heal|p1a: Skeledirge|67\/100|[from] item: Leftovers\n|upkeep\n|turn|8\n|c|\u2606Graham95|Yikes misplays by the minute\n|\n|t:|1701104792\n|switch|p1a: Poliwrath|Poliwrath, M|100\/100\n|move|p2a: Gyarados|Earthquake|p1a: Poliwrath\n|-damage|p1a: Poliwrath|39\/100\n|\n|upkeep\n|turn|9\n|\n|t:|1701104801\n|move|p2a: Gyarados|Earthquake|p1a: Poliwrath\n|-damage|p1a: Poliwrath|0 fnt\n|faint|p1a: Poliwrath\n|-ability|p2a: Gyarados|Moxie|boost\n|-boost|p2a: Gyarados|atk|1\n|\n|upkeep\n|\n|t:|1701104812\n|switch|p1a: Meowscarada|Meowscarada, F|100\/100\n|turn|10\n|\n|t:|1701104815\n|move|p1a: Meowscarada|Flower Trick|p2a: Gyarados\n|-start|p1a: Meowscarada|typechange|Grass|[from] ability: Protean\n|-crit|p2a: Gyarados\n|-damage|p2a: Gyarados|44\/100\n|move|p2a: Gyarados|Iron Head|p1a: Meowscarada\n|-damage|p1a: Meowscarada|0 fnt\n|faint|p1a: Meowscarada\n|-ability|p2a: Gyarados|Moxie|boost\n|-boost|p2a: Gyarados|atk|1\n|\n|upkeep\n|\n|t:|1701104826\n|switch|p1a: Dottler|Dottler, F|100\/100\n|turn|11\n|\n|t:|1701104831\n|move|p2a: Gyarados|Waterfall|p1a: Dottler\n|-damage|p1a: Dottler|0 fnt\n|faint|p1a: Dottler\n|-ability|p2a: Gyarados|Moxie|boost\n|-boost|p2a: Gyarados|atk|1\n|\n|upkeep\n|\n|t:|1701104835\n|switch|p1a: Skeledirge|Skeledirge, F|67\/100\n|turn|12\n|\n|t:|1701104847\n|move|p1a: Skeledirge|Protect|p1a: Skeledirge\n|-singleturn|p1a: Skeledirge|Protect\n|move|p2a: Gyarados|Waterfall|p1a: Skeledirge\n|-activate|p1a: Skeledirge|move: Protect\n|\n|-heal|p1a: Skeledirge|73\/100|[from] item: Leftovers\n|upkeep\n|turn|13\n|\n|t:|1701104854\n|-terastallize|p1a: Skeledirge|Water\n|move|p2a: Gyarados|Waterfall|p1a: Skeledirge\n|-resisted|p1a: Skeledirge\n|-damage|p1a: Skeledirge|61\/100\n|move|p1a: Skeledirge|Shadow Ball|p2a: Gyarados\n|-damage|p2a: Gyarados|12\/100\n|\n|-heal|p1a: Skeledirge|67\/100|[from] item: Leftovers\n|upkeep\n|turn|14\n|\n|t:|1701104866\n|move|p2a: Gyarados|Iron Head|p1a: Skeledirge\n|-resisted|p1a: Skeledirge\n|-damage|p1a: Skeledirge|58\/100\n|move|p1a: Skeledirge|Shadow Ball|p2a: Gyarados\n|-damage|p2a: Gyarados|0 fnt\n|faint|p2a: Gyarados\n|\n|-heal|p1a: Skeledirge|64\/100|[from] item: Leftovers\n|upkeep\n|\n|t:|1701104871\n|switch|p2a: Bisharp|Bisharp, M, shiny|100\/100\n|turn|15\n|c|\u2606Lgbeet|Yikes misplays by the minute\n|\n|t:|1701104878\n|-terastallize|p2a: Bisharp|Dark\n|move|p2a: Bisharp|Swords Dance|p2a: Bisharp\n|-boost|p2a: Bisharp|atk|2\n|move|p1a: Skeledirge|Torch Song|p2a: Bisharp\n|-damage|p2a: Bisharp|56\/100\n|-boost|p1a: Skeledirge|spa|1\n|\n|-heal|p1a: Skeledirge|70\/100|[from] item: Leftovers\n|upkeep\n|turn|16\n|\n|t:|1701104887\n|move|p2a: Bisharp|Sucker Punch|p1a: Skeledirge\n|-damage|p1a: Skeledirge|35\/100\n|move|p1a: Skeledirge|Torch Song|p2a: Bisharp\n|-damage|p2a: Bisharp|0 fnt\n|-boost|p1a: Skeledirge|spa|1\n|faint|p2a: Bisharp\n|\n|-heal|p1a: Skeledirge|41\/100|[from] item: Leftovers\n|upkeep\n|\n|t:|1701104892\n|switch|p2a: Kommo-o|Kommo-o, M|100\/100\n|turn|17\n|\n|t:|1701104898\n|move|p2a: Kommo-o|Scale Shot|p1a: Skeledirge\n|-damage|p1a: Skeledirge|35\/100\n|-damage|p1a: Skeledirge|29\/100\n|-damage|p1a: Skeledirge|23\/100\n|-damage|p1a: Skeledirge|17\/100\n|-hitcount|p1a: Skeledirge|4\n|-unboost|p2a: Kommo-o|def|1\n|-boost|p2a: Kommo-o|spe|1\n|move|p1a: Skeledirge|Slack Off|p1a: Skeledirge\n|-heal|p1a: Skeledirge|67\/100\n|\n|-heal|p1a: Skeledirge|73\/100|[from] item: Leftovers\n|upkeep\n|turn|18\n|\n|t:|1701104912\n|move|p1a: Skeledirge|Protect|p1a: Skeledirge\n|-singleturn|p1a: Skeledirge|Protect\n|move|p2a: Kommo-o|Boomburst|p1a: Skeledirge\n|-activate|p1a: Skeledirge|move: Protect\n|\n|-heal|p1a: Skeledirge|79\/100|[from] item: Leftovers\n|upkeep\n|turn|19\n|-message|Graham95 forfeited.\n|\n|win|Lgbeet\n|raw|Lgbeet's rating: 1118 &rarr; <strong>1145<\/strong><br \/>(+27 for winning)\n|raw|Graham95's rating: 1145 &rarr; <strong>1118<\/strong><br \/>(-27 for losing)\n|l|\u2606Graham95\n|c|\u2606Lgbeet|gg\n","uploadtime":1701104924,"views":3,"p1id":"lgbeet","p2id":"graham95","formatid":"gen9nationaldex","rating":1118,"private":0,"password":""}