{"id":"gen9nationaldex-1997055575","p1":"Vvbttij","p2":"It's-a him MARIO","format":"[Gen 9] National Dex","log":"|html|<div class=\"broadcast-blue\"><strong>[Gen 9] National Dex is currently suspecting Sneasler! For information on how to participate check out the <a href=\"https:\/\/www.smogon.com\/forums\/threads\/sv-national-dex-suspect-8-just-dance.3731534\/\">suspect thread<\/a>.<\/strong><\/div>\n|j|\u2606Vvbttij\n|j|\u2606It's-a him MARIO\n|t:|1700760031\n|gametype|singles\n|player|p1|Vvbttij|red|1105\n|player|p2|It's-a him MARIO|cyclist|1183\n|teamsize|p1|6\n|teamsize|p2|6\n|gen|9\n|tier|[Gen 9] National Dex\n|rated|\n|rule|HP Percentage Mod: HP is shown in percentages\n|rule|Endless Battle Clause: Forcing endless battles is banned\n|rule|OHKO Clause: OHKO moves are banned\n|rule|Evasion Clause: Evasion abilities, items, and moves are banned\n|rule|Evasion Abilities Clause: Evasion abilities are banned\n|rule|Evasion Items Clause: Evasion items are banned\n|rule|Evasion Moves Clause: Evasion moves are banned\n|rule|Species Clause: Limit one of each Pok\u00e9mon\n|rule|Sleep Clause Mod: Limit one foe put to sleep\n|clearpoke\n|poke|p1|Charizard, F|\n|poke|p1|Blastoise, M|\n|poke|p1|Venusaur, F|\n|poke|p1|Snorlax, F|\n|poke|p1|Lapras, F|\n|poke|p1|Pikachu, M|\n|poke|p2|Snorlax, F|\n|poke|p2|Iron Hands|\n|poke|p2|Scizor, F|\n|poke|p2|Corviknight, M|\n|poke|p2|Quaquaval, F|\n|poke|p2|Starly, L5, F|\n|teampreview\n|c|\u2606It's-a him MARIO|Red?!\n|\n|t:|1700760049\n|start\n|switch|p1a: Lapras|Lapras, F|100\/100\n|switch|p2a: Starly|Starly, L5, F, shiny|100\/100\n|turn|1\n|\n|t:|1700760055\n|move|p1a: Lapras|Ice Shard|p2a: Starly\n|-supereffective|p2a: Starly\n|-enditem|p2a: Starly|Focus Sash\n|-damage|p2a: Starly|5\/100\n|move|p2a: Starly|Tailwind|p2a: Starly\n|-sidestart|p2: It's-a him MARIO|move: Tailwind\n|\n|upkeep\n|turn|2\n|\n|t:|1700760063\n|move|p1a: Lapras|Ice Shard|p2a: Starly\n|-supereffective|p2a: Starly\n|-damage|p2a: Starly|0 fnt\n|faint|p2a: Starly\n|\n|upkeep\n|\n|t:|1700760071\n|switch|p2a: quack|Quaquaval, F|100\/100\n|turn|3\n|\n|t:|1700760076\n|switch|p1a: Pikachu|Pikachu, M|100\/100\n|move|p2a: quack|Close Combat|p1a: Pikachu\n|-damage|p1a: Pikachu|0 fnt\n|-unboost|p2a: quack|def|1\n|-unboost|p2a: quack|spd|1\n|faint|p1a: Pikachu\n|-ability|p2a: quack|Moxie|boost\n|-boost|p2a: quack|atk|1\n|\n|upkeep\n|\n|t:|1700760088\n|switch|p1a: Blastoise|Blastoise, M|100\/100\n|turn|4\n|\n|t:|1700760098\n|move|p2a: quack|Close Combat|p1a: Blastoise\n|-damage|p1a: Blastoise|5\/100\n|-unboost|p2a: quack|def|1\n|-unboost|p2a: quack|spd|1\n|move|p1a: Blastoise|Shell Smash|p1a: Blastoise\n|-unboost|p1a: Blastoise|def|1\n|-unboost|p1a: Blastoise|spd|1\n|-boost|p1a: Blastoise|atk|2\n|-boost|p1a: Blastoise|spa|2\n|-boost|p1a: Blastoise|spe|2\n|\n|-sideend|p2: It's-a him MARIO|move: Tailwind\n|upkeep\n|turn|5\n|\n|t:|1700760107\n|move|p1a: Blastoise|Focus Blast|p2a: quack\n|-damage|p2a: quack|0 fnt\n|faint|p2a: quack\n|\n|upkeep\n|\n|t:|1700760112\n|switch|p2a: Bug|Scizor, F|100\/100\n|turn|6\n|\n|t:|1700760115\n|move|p2a: Bug|Bullet Punch|p1a: Blastoise\n|-resisted|p1a: Blastoise\n|-damage|p1a: Blastoise|0 fnt\n|faint|p1a: Blastoise\n|\n|upkeep\n|\n|t:|1700760116\n|switch|p1a: Charizard|Charizard, F|100\/100\n|turn|7\n|\n|t:|1700760120\n|move|p2a: Bug|Bullet Punch|p1a: Charizard\n|-resisted|p1a: Charizard\n|-damage|p1a: Charizard|78\/100\n|move|p1a: Charizard|Belly Drum|p1a: Charizard\n|-damage|p1a: Charizard|28\/100\n|-setboost|p1a: Charizard|atk|6|[from] move: Belly Drum\n|\n|upkeep\n|turn|8\n|\n|t:|1700760126\n|move|p2a: Bug|Bullet Punch|p1a: Charizard\n|-resisted|p1a: Charizard\n|-damage|p1a: Charizard|5\/100\n|-enditem|p1a: Charizard|Salac Berry|[eat]\n|-boost|p1a: Charizard|spe|1|[from] item: Salac Berry\n|move|p1a: Charizard|Fire Punch|p2a: Bug\n|-supereffective|p2a: Bug\n|-damage|p2a: Bug|0 fnt\n|faint|p2a: Bug\n|\n|upkeep\n|\n|t:|1700760141\n|switch|p2a: bord|Corviknight, M|100\/100\n|turn|9\n|\n|t:|1700760147\n|move|p2a: bord|Protect|p2a: bord\n|-singleturn|p2a: bord|Protect\n|move|p1a: Charizard|Fire Punch|p2a: bord\n|-activate|p2a: bord|move: Protect\n|\n|upkeep\n|turn|10\n|\n|t:|1700760158\n|-terastallize|p2a: bord|Fire\n|move|p1a: Charizard|Fire Punch|p2a: bord\n|-resisted|p2a: bord\n|-damage|p2a: bord|60\/100\n|move|p2a: bord|Brave Bird|p1a: Charizard\n|-damage|p1a: Charizard|0 fnt\n|faint|p1a: Charizard\n|-damage|p2a: bord|59\/100|[from] Recoil\n|\n|-heal|p2a: bord|65\/100|[from] item: Leftovers\n|upkeep\n|\n|t:|1700760163\n|switch|p1a: Lapras|Lapras, F|100\/100\n|turn|11\n|\n|t:|1700760170\n|move|p2a: bord|Protect|p2a: bord\n|-singleturn|p2a: bord|Protect\n|move|p1a: Lapras|Dragon Dance|p1a: Lapras\n|-boost|p1a: Lapras|atk|1\n|-boost|p1a: Lapras|spe|1\n|\n|-heal|p2a: bord|71\/100|[from] item: Leftovers\n|upkeep\n|turn|12\n|\n|t:|1700760175\n|switch|p2a: totally hariyama|Iron Hands|100\/100\n|move|p1a: Lapras|Dragon Dance|p1a: Lapras\n|-boost|p1a: Lapras|atk|1\n|-boost|p1a: Lapras|spe|1\n|\n|upkeep\n|turn|13\n|\n|t:|1700760181\n|-terastallize|p1a: Lapras|Ground\n|move|p1a: Lapras|Waterfall|p2a: totally hariyama\n|-damage|p2a: totally hariyama|49\/100\n|cant|p2a: totally hariyama|flinch\n|\n|-heal|p2a: totally hariyama|55\/100|[from] item: Leftovers\n|upkeep\n|turn|14\n|\n|t:|1700760187\n|move|p2a: totally hariyama|Protect|p2a: totally hariyama\n|-singleturn|p2a: totally hariyama|Protect\n|move|p1a: Lapras|Waterfall|p2a: totally hariyama\n|-activate|p2a: totally hariyama|move: Protect\n|\n|-heal|p2a: totally hariyama|61\/100|[from] item: Leftovers\n|upkeep\n|turn|15\n|\n|t:|1700760195\n|move|p1a: Lapras|Waterfall|p2a: totally hariyama\n|-damage|p2a: totally hariyama|9\/100\n|move|p2a: totally hariyama|Drain Punch|p1a: Lapras\n|-damage|p1a: Lapras|53\/100\n|-heal|p2a: totally hariyama|28\/100|[from] drain|[of] p1a: Lapras\n|\n|-heal|p2a: totally hariyama|34\/100|[from] item: Leftovers\n|upkeep\n|turn|16\n|\n|t:|1700760200\n|move|p2a: totally hariyama|Protect|p2a: totally hariyama\n|-singleturn|p2a: totally hariyama|Protect\n|move|p1a: Lapras|Waterfall|p2a: totally hariyama\n|-activate|p2a: totally hariyama|move: Protect\n|\n|-heal|p2a: totally hariyama|40\/100|[from] item: Leftovers\n|upkeep\n|turn|17\n|\n|t:|1700760207\n|-end|p2a: totally hariyama|Quark Drive|[silent]\n|switch|p2a: bord|Corviknight, M, tera:Fire|71\/100\n|move|p1a: Lapras|Waterfall|p2a: bord\n|-supereffective|p2a: bord\n|-damage|p2a: bord|0 fnt\n|faint|p2a: bord\n|\n|upkeep\n|\n|t:|1700760212\n|switch|p2a: totally hariyama|Iron Hands|40\/100\n|turn|18\n|\n|t:|1700760216\n|move|p2a: totally hariyama|Protect|p2a: totally hariyama\n|-singleturn|p2a: totally hariyama|Protect\n|move|p1a: Lapras|Waterfall|p2a: totally hariyama\n|-activate|p2a: totally hariyama|move: Protect\n|\n|-heal|p2a: totally hariyama|46\/100|[from] item: Leftovers\n|upkeep\n|turn|19\n|\n|t:|1700760224\n|-end|p2a: totally hariyama|Quark Drive|[silent]\n|switch|p2a: Lax Luthor|Snorlax, F|100\/100\n|move|p1a: Lapras|Waterfall|p2a: Lax Luthor\n|-damage|p2a: Lax Luthor|47\/100\n|\n|upkeep\n|turn|20\n|\n|t:|1700760231\n|move|p1a: Lapras|Waterfall|p2a: Lax Luthor\n|-damage|p2a: Lax Luthor|0 fnt\n|faint|p2a: Lax Luthor\n|\n|upkeep\n|\n|t:|1700760233\n|switch|p2a: totally hariyama|Iron Hands|46\/100\n|turn|21\n|\n|t:|1700760237\n|move|p2a: totally hariyama|Protect|p2a: totally hariyama\n|-singleturn|p2a: totally hariyama|Protect\n|move|p1a: Lapras|Waterfall|p2a: totally hariyama\n|-activate|p2a: totally hariyama|move: Protect\n|\n|-heal|p2a: totally hariyama|52\/100|[from] item: Leftovers\n|upkeep\n|turn|22\n|\n|t:|1700760245\n|move|p1a: Lapras|Waterfall|p2a: totally hariyama\n|-damage|p2a: totally hariyama|1\/100\n|cant|p2a: totally hariyama|flinch\n|\n|-heal|p2a: totally hariyama|7\/100|[from] item: Leftovers\n|upkeep\n|turn|23\n|c|\u2606It's-a him MARIO|bruh\n|\n|t:|1700760254\n|move|p2a: totally hariyama|Protect|p2a: totally hariyama\n|-singleturn|p2a: totally hariyama|Protect\n|move|p1a: Lapras|Waterfall|p2a: totally hariyama\n|-activate|p2a: totally hariyama|move: Protect\n|\n|-heal|p2a: totally hariyama|13\/100|[from] item: Leftovers\n|upkeep\n|turn|24\n|\n|t:|1700760264\n|move|p1a: Lapras|Waterfall|p2a: totally hariyama\n|-damage|p2a: totally hariyama|0 fnt\n|faint|p2a: totally hariyama\n|-end|p2a: totally hariyama|Quark Drive|[silent]\n|\n|win|Vvbttij\n|raw|Vvbttij's rating: 1105 &rarr; <strong>1136<\/strong><br \/>(+31 for winning)\n|raw|It&apos;s-a him MARIO's rating: 1183 &rarr; <strong>1152<\/strong><br \/>(-31 for losing)\n|c|\u2606Vvbttij|Gg\n|c|\u2606It's-a him MARIO|gg\n","uploadtime":1700760271,"views":3,"p1id":"vvbttij","p2id":"itsahimmario","formatid":"gen9nationaldex","rating":1136,"private":0,"password":""}