{"id":"gen9nationaldex-1998318179","p1":"xxxxxxxf","p2":"walkgengar","format":"[Gen 9] National Dex","log":"|html|<div class=\"broadcast-blue\"><strong>[Gen 9] National Dex is currently suspecting Sneasler! For information on how to participate check out the <a href=\"https:\/\/www.smogon.com\/forums\/threads\/sv-national-dex-suspect-8-just-dance.3731534\/\">suspect thread<\/a>.<\/strong><\/div>\n|j|\u2606xxxxxxxf\n|j|\u2606walkgengar\n|t:|1700928800\n|gametype|singles\n|player|p1|xxxxxxxf|preschoolerf|1275\n|player|p2|walkgengar|li|1296\n|teamsize|p1|6\n|teamsize|p2|6\n|gen|9\n|tier|[Gen 9] National Dex\n|rated|\n|rule|HP Percentage Mod: HP is shown in percentages\n|rule|Endless Battle Clause: Forcing endless battles is banned\n|rule|OHKO Clause: OHKO moves are banned\n|rule|Evasion Clause: Evasion abilities, items, and moves are banned\n|rule|Evasion Abilities Clause: Evasion abilities are banned\n|rule|Evasion Items Clause: Evasion items are banned\n|rule|Evasion Moves Clause: Evasion moves are banned\n|rule|Species Clause: Limit one of each Pok\u00e9mon\n|rule|Sleep Clause Mod: Limit one foe put to sleep\n|clearpoke\n|poke|p1|Glimmora, F|\n|poke|p1|Garganacl, M|\n|poke|p1|Diancie|\n|poke|p1|Kleavor, F|\n|poke|p1|Aggron, M|\n|poke|p1|Stakataka|\n|poke|p2|Garganacl, M|\n|poke|p2|Overqwil, M|\n|poke|p2|Chansey, F|\n|poke|p2|Lopunny, M|\n|poke|p2|Heatran, M|\n|poke|p2|Clefable, F|\n|teampreview\n|inactive|Battle timer is ON: inactive players will automatically lose when time's up. (requested by xxxxxxxf)\n|\n|t:|1700928829\n|start\n|switch|p1a: Kleavor|Kleavor, F|100\/100\n|switch|p2a: Heatran|Heatran, M|100\/100\n|turn|1\n|\n|t:|1700928839\n|move|p2a: Heatran|Magma Storm|p1a: Kleavor\n|-damage|p1a: Kleavor|34\/100\n|-activate|p1a: Kleavor|move: Magma Storm|[of] p2a: Heatran\n|move|p1a: Kleavor|Stone Axe|p2a: Heatran\n|-damage|p2a: Heatran|50\/100\n|-sidestart|p2: walkgengar|move: Stealth Rock\n|\n|-heal|p2a: Heatran|56\/100|[from] item: Leftovers\n|-damage|p1a: Kleavor|22\/100|[from] move: Magma Storm|[partiallytrapped]\n|upkeep\n|turn|2\n|\n|t:|1700928850\n|move|p2a: Heatran|Protect|p2a: Heatran\n|-singleturn|p2a: Heatran|Protect\n|move|p1a: Kleavor|Stone Axe|p2a: Heatran\n|-activate|p2a: Heatran|move: Protect\n|\n|-heal|p2a: Heatran|62\/100|[from] item: Leftovers\n|-damage|p1a: Kleavor|9\/100|[from] move: Magma Storm|[partiallytrapped]\n|upkeep\n|turn|3\n|\n|t:|1700928859\n|move|p2a: Heatran|Protect|p2a: Heatran\n|-singleturn|p2a: Heatran|Protect\n|move|p1a: Kleavor|Stone Axe|p2a: Heatran\n|-activate|p2a: Heatran|move: Protect\n|\n|-heal|p2a: Heatran|69\/100|[from] item: Leftovers\n|-damage|p1a: Kleavor|0 fnt|[from] move: Magma Storm|[partiallytrapped]\n|faint|p1a: Kleavor\n|upkeep\n|\n|t:|1700928886\n|switch|p1a: Diancie|Diancie|100\/100\n|turn|4\n|\n|t:|1700928897\n|switch|p2a: Garganacl|Garganacl, M|100\/100\n|-damage|p2a: Garganacl|88\/100|[from] Stealth Rock\n|detailschange|p1a: Diancie|Diancie-Mega\n|-mega|p1a: Diancie|Diancie|Diancite\n|move|p1a: Diancie|Substitute|p1a: Diancie\n|-start|p1a: Diancie|Substitute\n|-damage|p1a: Diancie|76\/100\n|\n|-heal|p2a: Garganacl|94\/100|[from] item: Leftovers\n|upkeep\n|turn|5\n|\n|t:|1700928909\n|move|p1a: Diancie|Diamond Storm|p2a: Garganacl\n|-damage|p2a: Garganacl|57\/100\n|move|p2a: Garganacl|Salt Cure|p1a: Diancie\n|-activate|p1a: Diancie|move: Substitute|[damage]\n|\n|-heal|p2a: Garganacl|63\/100|[from] item: Leftovers\n|upkeep\n|turn|6\n|\n|t:|1700928919\n|move|p2a: Garganacl|Protect|p2a: Garganacl\n|-singleturn|p2a: Garganacl|Protect\n|move|p1a: Diancie|Diamond Storm|p2a: Garganacl\n|-activate|p2a: Garganacl|move: Protect\n|\n|-heal|p2a: Garganacl|69\/100|[from] item: Leftovers\n|upkeep\n|turn|7\n|\n|t:|1700928928\n|move|p1a: Diancie|Diamond Storm|p2a: Garganacl\n|-crit|p2a: Garganacl\n|-damage|p2a: Garganacl|13\/100\n|-boost|p1a: Diancie|def|2\n|move|p2a: Garganacl|Recover|p2a: Garganacl\n|-heal|p2a: Garganacl|64\/100\n|\n|-heal|p2a: Garganacl|70\/100|[from] item: Leftovers\n|upkeep\n|turn|8\n|\n|t:|1700928938\n|move|p2a: Garganacl|Protect|p2a: Garganacl\n|-singleturn|p2a: Garganacl|Protect\n|move|p1a: Diancie|Diamond Storm|p2a: Garganacl\n|-activate|p2a: Garganacl|move: Protect\n|\n|-heal|p2a: Garganacl|76\/100|[from] item: Leftovers\n|upkeep\n|turn|9\n|\n|t:|1700928948\n|move|p1a: Diancie|Diamond Storm|p2a: Garganacl\n|-damage|p2a: Garganacl|38\/100\n|move|p2a: Garganacl|Recover|p2a: Garganacl\n|-heal|p2a: Garganacl|88\/100\n|\n|-heal|p2a: Garganacl|94\/100|[from] item: Leftovers\n|upkeep\n|turn|10\n|\n|t:|1700928957\n|move|p2a: Garganacl|Protect|p2a: Garganacl\n|-singleturn|p2a: Garganacl|Protect\n|move|p1a: Diancie|Diamond Storm|p2a: Garganacl\n|-activate|p2a: Garganacl|move: Protect\n|\n|-heal|p2a: Garganacl|100\/100|[from] item: Leftovers\n|upkeep\n|turn|11\n|\n|t:|1700928966\n|move|p1a: Diancie|Diamond Storm|p2a: Garganacl\n|-damage|p2a: Garganacl|65\/100\n|-boost|p1a: Diancie|def|2\n|move|p2a: Garganacl|Salt Cure|p1a: Diancie\n|-end|p1a: Diancie|Substitute\n|\n|-heal|p2a: Garganacl|71\/100|[from] item: Leftovers\n|upkeep\n|turn|12\n|\n|t:|1700928979\n|move|p1a: Diancie|Substitute|p1a: Diancie\n|-start|p1a: Diancie|Substitute\n|-damage|p1a: Diancie|51\/100\n|move|p2a: Garganacl|Salt Cure|p1a: Diancie\n|-activate|p1a: Diancie|move: Substitute|[damage]\n|\n|-heal|p2a: Garganacl|77\/100|[from] item: Leftovers\n|upkeep\n|turn|13\n|\n|t:|1700928988\n|move|p2a: Garganacl|Protect|p2a: Garganacl\n|-singleturn|p2a: Garganacl|Protect\n|move|p1a: Diancie|Endeavor|p2a: Garganacl\n|-activate|p2a: Garganacl|move: Protect\n|\n|-heal|p2a: Garganacl|83\/100|[from] item: Leftovers\n|upkeep\n|turn|14\n|\n|t:|1700928998\n|move|p1a: Diancie|Endeavor|p2a: Garganacl\n|-damage|p2a: Garganacl|31\/100\n|move|p2a: Garganacl|Salt Cure|p1a: Diancie\n|-activate|p1a: Diancie|move: Substitute|[damage]\n|\n|-heal|p2a: Garganacl|37\/100|[from] item: Leftovers\n|upkeep\n|turn|15\n|\n|t:|1700929008\n|move|p2a: Garganacl|Protect|p2a: Garganacl\n|-singleturn|p2a: Garganacl|Protect\n|move|p1a: Diancie|Substitute|p1a: Diancie\n|-fail|p1a: Diancie|move: Substitute\n|\n|-heal|p2a: Garganacl|44\/100|[from] item: Leftovers\n|upkeep\n|turn|16\n|\n|t:|1700929028\n|move|p1a: Diancie|Substitute|p1a: Diancie\n|-fail|p1a: Diancie|move: Substitute\n|move|p2a: Garganacl|Recover|p2a: Garganacl\n|-heal|p2a: Garganacl|94\/100\n|\n|-heal|p2a: Garganacl|99\/100|[from] item: Leftovers\n|upkeep\n|turn|17\n|\n|t:|1700929050\n|switch|p2a: Lopunny|Lopunny, M|100\/100\n|-damage|p2a: Lopunny|88\/100|[from] Stealth Rock\n|move|p1a: Diancie|Endeavor|p2a: Lopunny\n|-damage|p2a: Lopunny|45\/100\n|\n|upkeep\n|turn|18\n|\n|t:|1700929062\n|detailschange|p2a: Lopunny|Lopunny-Mega, M\n|-mega|p2a: Lopunny|Lopunny|Lopunnite\n|move|p2a: Lopunny|Protect|p2a: Lopunny\n|-singleturn|p2a: Lopunny|Protect\n|move|p1a: Diancie|Diamond Storm|p2a: Lopunny\n|-activate|p2a: Lopunny|move: Protect\n|\n|upkeep\n|turn|19\n|\n|t:|1700929071\n|move|p2a: Lopunny|Close Combat|p1a: Diancie\n|-end|p1a: Diancie|Substitute\n|-unboost|p2a: Lopunny|def|1\n|-unboost|p2a: Lopunny|spd|1\n|move|p1a: Diancie|Explosion|p2a: Lopunny\n|-damage|p2a: Lopunny|0 fnt\n|faint|p1a: Diancie\n|faint|p2a: Lopunny\n|\n|upkeep\n|\n|t:|1700929094\n|switch|p2a: Heatran|Heatran, M|69\/100\n|switch|p1a: Aggron|Aggron, M|100\/100\n|-damage|p2a: Heatran|56\/100|[from] Stealth Rock\n|turn|20\n|\n|t:|1700929105\n|move|p2a: Heatran|Protect|p2a: Heatran\n|-singleturn|p2a: Heatran|Protect\n|move|p1a: Aggron|Metal Burst||[still]\n|-fail|p1a: Aggron\n|\n|-heal|p2a: Heatran|62\/100|[from] item: Leftovers\n|upkeep\n|turn|21\n|\n|t:|1700929114\n|move|p2a: Heatran|Substitute|p2a: Heatran\n|-start|p2a: Heatran|Substitute\n|-damage|p2a: Heatran|38\/100\n|move|p1a: Aggron|Metal Burst||[still]\n|-fail|p1a: Aggron\n|\n|-heal|p2a: Heatran|44\/100|[from] item: Leftovers\n|upkeep\n|turn|22\n|\n|t:|1700929129\n|move|p2a: Heatran|Protect|p2a: Heatran\n|-singleturn|p2a: Heatran|Protect\n|move|p1a: Aggron|Metal Burst||[still]\n|-fail|p1a: Aggron\n|\n|-heal|p2a: Heatran|50\/100|[from] item: Leftovers\n|upkeep\n|turn|23\n|\n|t:|1700929137\n|move|p2a: Heatran|Magma Storm|p1a: Aggron\n|-damage|p1a: Aggron|41\/100\n|-activate|p1a: Aggron|move: Magma Storm|[of] p2a: Heatran\n|move|p1a: Aggron|Metal Burst|p2a: Heatran\n|-end|p2a: Heatran|Substitute\n|\n|-heal|p2a: Heatran|56\/100|[from] item: Leftovers\n|-damage|p1a: Aggron|29\/100|[from] move: Magma Storm|[partiallytrapped]\n|upkeep\n|turn|24\n|\n|t:|1700929147\n|move|p2a: Heatran|Protect|p2a: Heatran\n|-singleturn|p2a: Heatran|Protect\n|move|p1a: Aggron|Head Smash|p2a: Heatran\n|-activate|p2a: Heatran|move: Protect\n|\n|-heal|p2a: Heatran|62\/100|[from] item: Leftovers\n|-damage|p1a: Aggron|16\/100|[from] move: Magma Storm|[partiallytrapped]\n|upkeep\n|turn|25\n|-enditem|p1a: Aggron|Custap Berry|[eat]\n|-activate|p1a: Aggron|item: Custap Berry|[consumed]\n|\n|t:|1700929156\n|move|p1a: Aggron|Head Smash|p2a: Heatran\n|-damage|p2a: Heatran|3\/100\n|-damage|p1a: Aggron|0 fnt|[from] Recoil\n|faint|p1a: Aggron\n|move|p2a: Heatran|Substitute|p2a: Heatran\n|-fail|p2a: Heatran|move: Substitute|[weak]\n|\n|-heal|p2a: Heatran|10\/100|[from] item: Leftovers\n|upkeep\n|\n|t:|1700929181\n|switch|p1a: Stakataka|Stakataka|100\/100\n|-item|p1a: Stakataka|Air Balloon\n|turn|26\n|\n|t:|1700929193\n|move|p2a: Heatran|Magma Storm|p1a: Stakataka\n|-damage|p1a: Stakataka|56\/100\n|-activate|p1a: Stakataka|move: Magma Storm|[of] p2a: Heatran\n|-enditem|p1a: Stakataka|Air Balloon\n|move|p1a: Stakataka|Trick Room|p1a: Stakataka\n|-fieldstart|move: Trick Room|[of] p1a: Stakataka\n|\n|-heal|p2a: Heatran|16\/100|[from] item: Leftovers\n|-damage|p1a: Stakataka|44\/100|[from] move: Magma Storm|[partiallytrapped]\n|upkeep\n|turn|27\n|\n|t:|1700929208\n|move|p1a: Stakataka|Rock Slide|p2a: Heatran\n|-damage|p2a: Heatran|0 fnt\n|faint|p2a: Heatran\n|-ability|p1a: Stakataka|Beast Boost|boost\n|-boost|p1a: Stakataka|atk|1\n|\n|-end|p1a: Stakataka|Magma Storm|[partiallytrapped]|[silent]\n|upkeep\n|\n|t:|1700929230\n|switch|p2a: Garganacl|Garganacl, M|99\/100\n|-damage|p2a: Garganacl|87\/100|[from] Stealth Rock\n|turn|28\n|\n|t:|1700929240\n|move|p2a: Garganacl|Protect|p2a: Garganacl\n|-singleturn|p2a: Garganacl|Protect\n|move|p1a: Stakataka|Rock Slide|p2a: Garganacl\n|-activate|p2a: Garganacl|move: Protect\n|\n|-heal|p2a: Garganacl|93\/100|[from] item: Leftovers\n|upkeep\n|turn|29\n|\n|t:|1700929248\n|move|p1a: Stakataka|Gyro Ball|p2a: Garganacl\n|-supereffective|p2a: Garganacl\n|-damage|p2a: Garganacl|29\/100\n|move|p2a: Garganacl|Salt Cure|p1a: Stakataka\n|-resisted|p1a: Stakataka\n|-damage|p1a: Stakataka|39\/100\n|-start|p1a: Stakataka|Salt Cure\n|\n|-heal|p2a: Garganacl|35\/100|[from] item: Leftovers\n|-damage|p1a: Stakataka|15\/100|[from] Salt Cure\n|upkeep\n|turn|30\n|\n|t:|1700929271\n|switch|p1a: Glimmora|Glimmora, F|100\/100\n|move|p2a: Garganacl|Protect||[still]\n|-fail|p2a: Garganacl\n|\n|-heal|p2a: Garganacl|41\/100|[from] item: Leftovers\n|-fieldend|move: Trick Room\n|upkeep\n|turn|31\n|\n|t:|1700929280\n|switch|p2a: Overqwil|Overqwil, M|100\/100\n|-damage|p2a: Overqwil|88\/100|[from] Stealth Rock\n|-ability|p2a: Overqwil|Intimidate|boost\n|-unboost|p1a: Glimmora|atk|1\n|move|p1a: Glimmora|Power Gem|p2a: Overqwil\n|-damage|p2a: Overqwil|33\/100\n|\n|upkeep\n|turn|32\n|\n|t:|1700929290\n|move|p1a: Glimmora|Power Gem|p2a: Overqwil\n|-damage|p2a: Overqwil|0 fnt\n|faint|p2a: Overqwil\n|\n|upkeep\n|\n|t:|1700929298\n|switch|p2a: Garganacl|Garganacl, M|41\/100\n|-damage|p2a: Garganacl|28\/100|[from] Stealth Rock\n|turn|33\n|\n|t:|1700929302\n|move|p1a: Glimmora|Power Gem|p2a: Garganacl\n|-damage|p2a: Garganacl|1\/100\n|move|p2a: Garganacl|Recover|p2a: Garganacl\n|-heal|p2a: Garganacl|51\/100\n|\n|-heal|p2a: Garganacl|57\/100|[from] item: Leftovers\n|upkeep\n|turn|34\n|\n|t:|1700929312\n|move|p2a: Garganacl|Protect|p2a: Garganacl\n|-singleturn|p2a: Garganacl|Protect\n|move|p1a: Glimmora|Power Gem|p2a: Garganacl\n|-activate|p2a: Garganacl|move: Protect\n|\n|-heal|p2a: Garganacl|63\/100|[from] item: Leftovers\n|upkeep\n|turn|35\n|\n|t:|1700929320\n|move|p1a: Glimmora|Power Gem|p2a: Garganacl\n|-damage|p2a: Garganacl|33\/100\n|move|p2a: Garganacl|Recover|p2a: Garganacl\n|-heal|p2a: Garganacl|83\/100\n|\n|-heal|p2a: Garganacl|90\/100|[from] item: Leftovers\n|upkeep\n|turn|36\n|\n|t:|1700929328\n|move|p2a: Garganacl|Protect|p2a: Garganacl\n|-singleturn|p2a: Garganacl|Protect\n|move|p1a: Glimmora|Power Gem|p2a: Garganacl\n|-activate|p2a: Garganacl|move: Protect\n|\n|-heal|p2a: Garganacl|96\/100|[from] item: Leftovers\n|upkeep\n|turn|37\n|\n|t:|1700929342\n|move|p1a: Glimmora|Power Gem|p2a: Garganacl\n|-damage|p2a: Garganacl|68\/100\n|move|p2a: Garganacl|Salt Cure|p1a: Glimmora\n|-damage|p1a: Glimmora|84\/100\n|-start|p1a: Glimmora|Salt Cure\n|\n|-heal|p2a: Garganacl|74\/100|[from] item: Leftovers\n|-damage|p1a: Glimmora|72\/100|[from] Salt Cure\n|upkeep\n|turn|38\n|\n|t:|1700929358\n|switch|p1a: Stakataka|Stakataka|15\/100\n|move|p2a: Garganacl|Stealth Rock|p1a: Stakataka\n|-sidestart|p1: xxxxxxxf|move: Stealth Rock\n|\n|-heal|p2a: Garganacl|80\/100|[from] item: Leftovers\n|upkeep\n|turn|39\n|\n|t:|1700929367\n|move|p2a: Garganacl|Salt Cure|p1a: Stakataka\n|-resisted|p1a: Stakataka\n|-damage|p1a: Stakataka|10\/100\n|-start|p1a: Stakataka|Salt Cure\n|move|p1a: Stakataka|Gyro Ball|p2a: Garganacl\n|-supereffective|p2a: Garganacl\n|-damage|p2a: Garganacl|42\/100\n|\n|-heal|p2a: Garganacl|48\/100|[from] item: Leftovers\n|-damage|p1a: Stakataka|0 fnt|[from] Salt Cure\n|faint|p1a: Stakataka\n|upkeep\n|\n|t:|1700929378\n|switch|p1a: Glimmora|Glimmora, F|72\/100\n|-damage|p1a: Glimmora|59\/100|[from] Stealth Rock\n|turn|40\n|\n|t:|1700929393\n|move|p2a: Garganacl|Protect|p2a: Garganacl\n|-singleturn|p2a: Garganacl|Protect\n|move|p1a: Glimmora|Mortal Spin|p2a: Garganacl\n|-activate|p2a: Garganacl|move: Protect\n|\n|-heal|p2a: Garganacl|54\/100|[from] item: Leftovers\n|upkeep\n|turn|41\n|\n|t:|1700929406\n|switch|p2a: Chansey|Chansey, F|100\/100\n|-damage|p2a: Chansey|88\/100|[from] Stealth Rock\n|move|p1a: Glimmora|Mortal Spin|p2a: Chansey\n|-damage|p2a: Chansey|83\/100\n|-status|p2a: Chansey|psn\n|-sideend|p1: xxxxxxxf|Stealth Rock|[from] move: Mortal Spin|[of] p1a: Glimmora\n|\n|-damage|p2a: Chansey|71\/100 psn|[from] psn\n|upkeep\n|turn|42\n|\n|t:|1700929421\n|switch|p1a: Garganacl|Garganacl, M|100\/100\n|move|p2a: Chansey|Soft-Boiled|p2a: Chansey\n|-heal|p2a: Chansey|100\/100 psn\n|\n|-damage|p2a: Chansey|88\/100 psn|[from] psn\n|upkeep\n|turn|43\n|\n|t:|1700929430\n|move|p2a: Chansey|Toxic|p1a: Garganacl\n|-immune|p1a: Garganacl|[from] ability: Purifying Salt\n|move|p1a: Garganacl|Iron Defense|p1a: Garganacl\n|-boost|p1a: Garganacl|def|2\n|\n|-damage|p2a: Chansey|76\/100 psn|[from] psn\n|upkeep\n|turn|44\n|\n|t:|1700929443\n|switch|p2a: Clefable|Clefable, F|100\/100\n|-damage|p2a: Clefable|88\/100|[from] Stealth Rock\n|move|p1a: Garganacl|Salt Cure|p2a: Clefable\n|-damage|p2a: Clefable|78\/100\n|-start|p2a: Clefable|Salt Cure\n|\n|-heal|p2a: Clefable|84\/100|[from] item: Leftovers\n|-damage|p2a: Clefable|72\/100|[from] Salt Cure\n|upkeep\n|turn|45\n|\n|t:|1700929458\n|move|p2a: Clefable|Cosmic Power|p2a: Clefable\n|-boost|p2a: Clefable|def|1\n|-boost|p2a: Clefable|spd|1\n|move|p1a: Garganacl|Iron Defense|p1a: Garganacl\n|-boost|p1a: Garganacl|def|2\n|\n|-heal|p2a: Clefable|78\/100|[from] item: Leftovers\n|-damage|p2a: Clefable|65\/100|[from] Salt Cure\n|upkeep\n|turn|46\n|\n|t:|1700929469\n|switch|p1a: Glimmora|Glimmora, F|59\/100\n|move|p2a: Clefable|Cosmic Power|p2a: Clefable\n|-boost|p2a: Clefable|def|1\n|-boost|p2a: Clefable|spd|1\n|\n|-heal|p2a: Clefable|72\/100|[from] item: Leftovers\n|-damage|p2a: Clefable|59\/100|[from] Salt Cure\n|upkeep\n|turn|47\n|\n|t:|1700929482\n|-terastallize|p2a: Clefable|Poison\n|move|p1a: Glimmora|Mortal Spin|p2a: Clefable\n|-resisted|p2a: Clefable\n|-damage|p2a: Clefable|58\/100\n|-status|p2a: Clefable|psn\n|move|p2a: Clefable|Soft-Boiled|p2a: Clefable\n|-heal|p2a: Clefable|100\/100 psn\n|\n|-damage|p2a: Clefable|88\/100 psn|[from] psn\n|-damage|p2a: Clefable|76\/100 psn|[from] Salt Cure\n|upkeep\n|turn|48\n|\n|t:|1700929494\n|move|p1a: Glimmora|Mortal Spin|p2a: Clefable\n|-resisted|p2a: Clefable\n|-damage|p2a: Clefable|74\/100 psn\n|move|p2a: Clefable|Stored Power|p1a: Glimmora\n|-supereffective|p1a: Glimmora\n|-damage|p1a: Glimmora|0 fnt\n|faint|p1a: Glimmora\n|\n|-heal|p2a: Clefable|80\/100 psn|[from] item: Leftovers\n|-damage|p2a: Clefable|68\/100 psn|[from] psn\n|-damage|p2a: Clefable|55\/100 psn|[from] Salt Cure\n|upkeep\n|\n|t:|1700929500\n|switch|p1a: Garganacl|Garganacl, M|100\/100\n|turn|49\n|\n|t:|1700929518\n|move|p2a: Clefable|Stored Power|p1a: Garganacl\n|-damage|p1a: Garganacl|85\/100\n|move|p1a: Garganacl|Recover|p1a: Garganacl\n|-heal|p1a: Garganacl|100\/100\n|\n|-heal|p2a: Clefable|61\/100 psn|[from] item: Leftovers\n|-damage|p2a: Clefable|49\/100 psn|[from] psn\n|-damage|p2a: Clefable|37\/100 psn|[from] Salt Cure\n|upkeep\n|turn|50\n|\n|t:|1700929535\n|move|p2a: Clefable|Cosmic Power|p2a: Clefable\n|-boost|p2a: Clefable|def|1\n|-boost|p2a: Clefable|spd|1\n|move|p1a: Garganacl|Iron Defense|p1a: Garganacl\n|-boost|p1a: Garganacl|def|2\n|\n|-heal|p2a: Clefable|43\/100 psn|[from] item: Leftovers\n|-damage|p2a: Clefable|30\/100 psn|[from] psn\n|-damage|p2a: Clefable|18\/100 psn|[from] Salt Cure\n|upkeep\n|turn|51\n|\n|t:|1700929548\n|move|p2a: Clefable|Stored Power|p1a: Garganacl\n|-damage|p1a: Garganacl|81\/100\n|move|p1a: Garganacl|Iron Defense|p1a: Garganacl\n|-boost|p1a: Garganacl|def|2\n|\n|-heal|p2a: Clefable|24\/100 psn|[from] item: Leftovers\n|-heal|p1a: Garganacl|87\/100|[from] item: Leftovers\n|-damage|p2a: Clefable|11\/100 psn|[from] psn\n|-damage|p2a: Clefable|0 fnt|[from] Salt Cure\n|faint|p2a: Clefable\n|upkeep\n|\n|t:|1700929560\n|switch|p2a: Garganacl|Garganacl, M|54\/100\n|-damage|p2a: Garganacl|42\/100|[from] Stealth Rock\n|turn|52\n|\n|t:|1700929571\n|move|p2a: Garganacl|Protect|p2a: Garganacl\n|-singleturn|p2a: Garganacl|Protect\n|move|p1a: Garganacl|Salt Cure|p2a: Garganacl\n|-activate|p2a: Garganacl|move: Protect\n|\n|-heal|p1a: Garganacl|94\/100|[from] item: Leftovers\n|-heal|p2a: Garganacl|48\/100|[from] item: Leftovers\n|upkeep\n|turn|53\n|\n|t:|1700929583\n|move|p1a: Garganacl|Body Press|p2a: Garganacl\n|-supereffective|p2a: Garganacl\n|-damage|p2a: Garganacl|0 fnt\n|faint|p2a: Garganacl\n|\n|-heal|p1a: Garganacl|99\/100|[from] item: Leftovers\n|upkeep\n|inactive|walkgengar has 120 seconds left.\n|\n|t:|1700929622\n|switch|p2a: Chansey|Chansey, F|76\/100 psn\n|-damage|p2a: Chansey|63\/100 psn|[from] Stealth Rock\n|turn|54\n|inactive|walkgengar has 90 seconds left.\n|l|\u2606walkgengar\n|inactive|walkgengar disconnected and has a minute to reconnect!\n|player|p2|\n|inactive|walkgengar has 30 seconds to reconnect!\n|inactive|walkgengar has 20 seconds to reconnect!\n|inactive|walkgengar has 15 seconds to reconnect!\n|inactive|walkgengar has 10 seconds to reconnect!\n|inactive|walkgengar has 5 seconds to reconnect!\n|-message|walkgengar lost due to inactivity.\n|\n|win|xxxxxxxf\n|inactive|walkgengar has 20 seconds left this turn.\n|raw|xxxxxxxf's rating: 1275 &rarr; <strong>1302<\/strong><br \/>(+27 for winning)\n|raw|walkgengar's rating: 1296 &rarr; <strong>1269<\/strong><br \/>(-27 for losing)\n","uploadtime":1700929731,"views":5,"p1id":"xxxxxxxf","p2id":"walkgengar","formatid":"gen9nationaldex","rating":1269,"private":0,"password":""}