{"id":"gen9nationaldex-1995402551","p1":"Lajonnne","p2":"0Z9","format":"[Gen 9] National Dex","log":"|html|<div class=\"broadcast-blue\"><strong>[Gen 9] National Dex is currently suspecting Sneasler! For information on how to participate check out the <a href=\"https:\/\/www.smogon.com\/forums\/threads\/sv-national-dex-suspect-8-just-dance.3731534\/\">suspect thread<\/a>.<\/strong><\/div>\n|j|\u2606Lajonnne\n|j|\u26060Z9\n|t:|1700566091\n|gametype|singles\n|player|p1|Lajonnne|riley|1125\n|player|p2|0Z9|lusamine-nihilego|1152\n|teamsize|p1|6\n|teamsize|p2|6\n|gen|9\n|tier|[Gen 9] National Dex\n|rated|\n|rule|HP Percentage Mod: HP is shown in percentages\n|rule|Endless Battle Clause: Forcing endless battles is banned\n|rule|OHKO Clause: OHKO moves are banned\n|rule|Evasion Clause: Evasion abilities, items, and moves are banned\n|rule|Evasion Abilities Clause: Evasion abilities are banned\n|rule|Evasion Items Clause: Evasion items are banned\n|rule|Evasion Moves Clause: Evasion moves are banned\n|rule|Species Clause: Limit one of each Pok\u00e9mon\n|rule|Sleep Clause Mod: Limit one foe put to sleep\n|clearpoke\n|poke|p1|Kartana|\n|poke|p1|Goodra-Hisui, F|\n|poke|p1|Excadrill, F|\n|poke|p1|Aegislash, M|\n|poke|p1|Greninja-*, M|\n|poke|p1|Grimmsnarl, M|\n|poke|p2|Diancie|\n|poke|p2|Klefki, F|\n|poke|p2|Togekiss, M|\n|poke|p2|Azumarill, F|\n|poke|p2|Clefable, M|\n|poke|p2|Slurpuff, M|\n|teampreview\n|inactive|Battle timer is ON: inactive players will automatically lose when time's up. (requested by 0Z9)\n|\n|t:|1700566104\n|start\n|switch|p1a: Aegislash|Aegislash, M|100\/100\n|switch|p2a: Diancie|Diancie, shiny|100\/100\n|turn|1\n|\n|t:|1700566110\n|switch|p2a: Klefki|Klefki, F|100\/100\n|-formechange|p1a: Aegislash|Aegislash-Blade||[from] ability: Stance Change\n|move|p1a: Aegislash|Iron Head|p2a: Klefki\n|-damage|p2a: Klefki|62\/100\n|\n|upkeep\n|turn|2\n|\n|t:|1700566120\n|-formechange|p1a: Aegislash|Aegislash||[from] ability: Stance Change\n|move|p1a: Aegislash|King's Shield|p1a: Aegislash\n|-singleturn|p1a: Aegislash|Protect\n|move|p2a: Klefki|Thunder Wave|p1a: Aegislash\n|-status|p1a: Aegislash|par\n|\n|upkeep\n|turn|3\n|\n|t:|1700566147\n|move|p2a: Klefki|Foul Play|p1a: Aegislash\n|-supereffective|p1a: Aegislash\n|-damage|p1a: Aegislash|69\/100 par\n|-formechange|p1a: Aegislash|Aegislash-Blade||[from] ability: Stance Change\n|move|p1a: Aegislash|Sacred Sword|p2a: Klefki\n|-damage|p2a: Klefki|34\/100\n|\n|-heal|p1a: Aegislash|75\/100 par|[from] item: Leftovers\n|upkeep\n|turn|4\n|\n|t:|1700566156\n|cant|p1a: Aegislash|par\n|move|p2a: Klefki|Reflect|p2a: Klefki\n|-sidestart|p2: 0Z9|Reflect\n|\n|-heal|p1a: Aegislash|81\/100 par|[from] item: Leftovers\n|upkeep\n|turn|5\n|\n|t:|1700566164\n|move|p2a: Klefki|Foul Play|p1a: Aegislash\n|-supereffective|p1a: Aegislash\n|-damage|p1a: Aegislash|0 fnt\n|faint|p1a: Aegislash\n|\n|upkeep\n|\n|t:|1700566173\n|switch|p1a: Excadrill|Excadrill, F|100\/100\n|-ability|p1a: Excadrill|Mold Breaker\n|turn|6\n|\n|t:|1700566176\n|switch|p2a: Togekiss|Togekiss, M|100\/100\n|move|p1a: Excadrill|Swords Dance|p1a: Excadrill\n|-boost|p1a: Excadrill|atk|2\n|\n|upkeep\n|turn|7\n|\n|t:|1700566182\n|move|p2a: Togekiss|Fire Blast|p1a: Excadrill\n|-supereffective|p1a: Excadrill\n|-damage|p1a: Excadrill|0 fnt\n|faint|p1a: Excadrill\n|\n|upkeep\n|\n|t:|1700566189\n|switch|p1a: Goodra|Goodra-Hisui, F|100\/100\n|turn|8\n|\n|t:|1700566196\n|switch|p2a: Clefable|Clefable, M|100\/100\n|-terastallize|p1a: Goodra|Fire\n|move|p1a: Goodra|Flamethrower|p2a: Clefable\n|-damage|p2a: Clefable|58\/100\n|\n|upkeep\n|turn|9\n|\n|t:|1700566204\n|move|p2a: Clefable|Stealth Rock|p1a: Goodra\n|-sidestart|p1: Lajonnne|move: Stealth Rock\n|move|p1a: Goodra|Flamethrower|p2a: Clefable\n|-damage|p2a: Clefable|16\/100\n|\n|upkeep\n|turn|10\n|\n|t:|1700566209\n|move|p2a: Clefable|Soft-Boiled|p2a: Clefable\n|-heal|p2a: Clefable|66\/100\n|move|p1a: Goodra|Flamethrower|p2a: Clefable\n|-damage|p2a: Clefable|23\/100\n|-status|p2a: Clefable|brn\n|\n|upkeep\n|turn|11\n|\n|t:|1700566216\n|move|p2a: Clefable|Soft-Boiled|p2a: Clefable\n|-heal|p2a: Clefable|73\/100 brn\n|move|p1a: Goodra|Flamethrower|p2a: Clefable\n|-damage|p2a: Clefable|28\/100 brn\n|\n|-sideend|p2: 0Z9|Reflect\n|upkeep\n|turn|12\n|\n|t:|1700566222\n|switch|p2a: Azumarill|Azumarill, F|100\/100\n|move|p1a: Goodra|Flamethrower|p2a: Azumarill\n|-resisted|p2a: Azumarill\n|-damage|p2a: Azumarill|73\/100\n|\n|upkeep\n|turn|13\n|\n|t:|1700566228\n|move|p2a: Azumarill|Belly Drum|p2a: Azumarill\n|-damage|p2a: Azumarill|23\/100\n|-setboost|p2a: Azumarill|atk|6|[from] move: Belly Drum\n|-enditem|p2a: Azumarill|Sitrus Berry|[eat]\n|-heal|p2a: Azumarill|48\/100|[from] item: Sitrus Berry\n|move|p1a: Goodra|Earthquake|p2a: Azumarill\n|-damage|p2a: Azumarill|20\/100\n|\n|upkeep\n|turn|14\n|\n|t:|1700566240\n|move|p2a: Azumarill|Aqua Jet|p1a: Goodra\n|-supereffective|p1a: Goodra\n|-damage|p1a: Goodra|0 fnt\n|faint|p1a: Goodra\n|\n|upkeep\n|\n|t:|1700566247\n|switch|p1a: Greninja|Greninja, M|100\/100\n|-damage|p1a: Greninja|88\/100|[from] Stealth Rock\n|turn|15\n|\n|t:|1700566256\n|move|p2a: Azumarill|Aqua Jet|p1a: Greninja\n|-resisted|p1a: Greninja\n|-damage|p1a: Greninja|11\/100\n|move|p1a: Greninja|Dark Pulse|p2a: Azumarill\n|-resisted|p2a: Azumarill\n|-damage|p2a: Azumarill|0 fnt\n|faint|p2a: Azumarill\n|-ability|p1a: Greninja|Battle Bond|boost\n|-boost|p1a: Greninja|atk|1\n|-boost|p1a: Greninja|spa|1\n|-boost|p1a: Greninja|spe|1\n|-activate|p1a: Greninja|ability: Battle Bond\n|-damage|p1a: Greninja|2\/100|[from] item: Life Orb\n|\n|upkeep\n|\n|t:|1700566264\n|switch|p2a: Togekiss|Togekiss, M|100\/100\n|turn|16\n|\n|t:|1700566269\n|move|p1a: Greninja|Ice Beam|p2a: Togekiss\n|-supereffective|p2a: Togekiss\n|-damage|p2a: Togekiss|7\/100\n|-damage|p1a: Greninja|0 fnt|[from] item: Life Orb\n|faint|p1a: Greninja\n|move|p2a: Togekiss|Air Slash|p1: Greninja|[notarget]\n|-fail|p2a: Togekiss\n|\n|upkeep\n|\n|t:|1700566282\n|switch|p1a: Kartana|Kartana|100\/100\n|-damage|p1a: Kartana|94\/100|[from] Stealth Rock\n|turn|17\n|\n|t:|1700566288\n|switch|p2a: Clefable|Clefable, M|28\/100 brn\n|move|p1a: Kartana|Smart Strike|p2a: Clefable\n|-supereffective|p2a: Clefable\n|-enditem|p2a: Clefable|Babiri Berry|[eat]\n|-enditem|p2a: Clefable|Babiri Berry|[weaken]\n|-damage|p2a: Clefable|0 fnt\n|faint|p2a: Clefable\n|-ability|p1a: Kartana|Beast Boost|boost\n|-boost|p1a: Kartana|atk|1\n|\n|upkeep\n|\n|t:|1700566294\n|switch|p2a: Klefki|Klefki, F|34\/100\n|turn|18\n|\n|t:|1700566300\n|move|p2a: Klefki|Thunder Wave|p1a: Kartana|[miss]\n|-miss|p2a: Klefki|p1a: Kartana\n|move|p1a: Kartana|Smart Strike|p2a: Klefki\n|-damage|p2a: Klefki|0 fnt\n|faint|p2a: Klefki\n|-ability|p1a: Kartana|Beast Boost|boost\n|-boost|p1a: Kartana|atk|1\n|\n|upkeep\n|\n|t:|1700566304\n|switch|p2a: Togekiss|Togekiss, M|7\/100\n|turn|19\n|c|\u2606Lajonnne|tough\n|\n|t:|1700566310\n|move|p1a: Kartana|Smart Strike|p2a: Togekiss\n|-supereffective|p2a: Togekiss\n|-damage|p2a: Togekiss|0 fnt\n|faint|p2a: Togekiss\n|-ability|p1a: Kartana|Beast Boost|boost\n|-boost|p1a: Kartana|atk|1\n|\n|upkeep\n|\n|t:|1700566314\n|switch|p2a: Slurpuff|Slurpuff, M|100\/100\n|turn|20\n|c|\u2606Lajonnne|scarf plus beast boost\n|\n|t:|1700566321\n|move|p1a: Kartana|Smart Strike|p2a: Slurpuff\n|-supereffective|p2a: Slurpuff\n|-damage|p2a: Slurpuff|0 fnt\n|faint|p2a: Slurpuff\n|-ability|p1a: Kartana|Beast Boost|boost\n|-boost|p1a: Kartana|atk|1\n|\n|upkeep\n|\n|t:|1700566323\n|switch|p2a: Diancie|Diancie, shiny|100\/100\n|turn|21\n|\n|t:|1700566328\n|detailschange|p2a: Diancie|Diancie-Mega, shiny\n|-mega|p2a: Diancie|Diancie|Diancite\n|move|p1a: Kartana|Smart Strike|p2a: Diancie\n|-supereffective|p2a: Diancie\n|-damage|p2a: Diancie|0 fnt\n|faint|p2a: Diancie\n|\n|win|Lajonnne\n|raw|Lajonnne's rating: 1125 &rarr; <strong>1152<\/strong><br \/>(+27 for winning)\n|raw|0Z9's rating: 1152 &rarr; <strong>1125<\/strong><br \/>(-27 for losing)\n|l|\u26060Z9\n","uploadtime":1700566345,"views":3,"p1id":"lajonnne","p2id":"0z9","formatid":"gen9nationaldex","rating":1125,"private":0,"password":""}