{"id":"gen9nationaldex-1990203613","p1":"IceBerryCoffee","p2":"Kat_XIII","format":"[Gen 9] National Dex","log":"|j|\u2606IceBerryCoffee\n|j|\u2606Kat_XIII\n|t:|1699936881\n|gametype|singles\n|player|p1|IceBerryCoffee|266|1343\n|player|p2|Kat_XIII|rood|1377\n|teamsize|p1|6\n|teamsize|p2|6\n|gen|9\n|tier|[Gen 9] National Dex\n|rated|\n|rule|HP Percentage Mod: HP is shown in percentages\n|rule|Endless Battle Clause: Forcing endless battles is banned\n|rule|OHKO Clause: OHKO moves are banned\n|rule|Evasion Clause: Evasion abilities, items, and moves are banned\n|rule|Evasion Abilities Clause: Evasion abilities are banned\n|rule|Evasion Items Clause: Evasion items are banned\n|rule|Evasion Moves Clause: Evasion moves are banned\n|rule|Species Clause: Limit one of each Pok\u00e9mon\n|rule|Sleep Clause Mod: Limit one foe put to sleep\n|clearpoke\n|poke|p1|Skeledirge, M|\n|poke|p1|Inteleon, F|\n|poke|p1|Torterra, M|\n|poke|p1|Quaquaval, M|\n|poke|p1|Corviknight, M|\n|poke|p1|Diancie|\n|poke|p2|Volcarona, F|\n|poke|p2|Glimmora, F|\n|poke|p2|Ogerpon-Wellspring, F|\n|poke|p2|Iron Valiant|\n|poke|p2|Scizor, F|\n|poke|p2|Kommo-o, F|\n|teampreview\n|inactive|Battle timer is ON: inactive players will automatically lose when time's up. (requested by Kat_XIII)\n|inactive|Kat_XIII has 120 seconds left.\n|c|\u2606Kat_XIII|glhf\n|\n|t:|1699936914\n|start\n|switch|p1a: Inteleon|Inteleon, F|100\/100\n|switch|p2a: Glimmora|Glimmora, F|100\/100\n|turn|1\n|\n|t:|1699936920\n|move|p1a: Inteleon|Snipe Shot|p2a: Glimmora\n|-supereffective|p2a: Glimmora\n|-enditem|p2a: Glimmora|Focus Sash\n|-damage|p2a: Glimmora|1\/100\n|move|p2a: Glimmora|Stealth Rock|p1a: Inteleon\n|-sidestart|p1: IceBerryCoffee|move: Stealth Rock\n|\n|upkeep\n|turn|2\n|\n|t:|1699936927\n|move|p1a: Inteleon|Snipe Shot|p2a: Glimmora\n|-supereffective|p2a: Glimmora\n|-damage|p2a: Glimmora|0 fnt\n|faint|p2a: Glimmora\n|\n|upkeep\n|\n|t:|1699936952\n|switch|p2a: Kommo-o|Kommo-o, F|100\/100\n|turn|3\n|\n|t:|1699936961\n|switch|p1a: Corviknight|Corviknight, M|100\/100\n|-damage|p1a: Corviknight|88\/100|[from] Stealth Rock\n|-ability|p1a: Corviknight|Pressure\n|move|p2a: Kommo-o|Flash Cannon|p1a: Corviknight\n|-resisted|p1a: Corviknight\n|-damage|p1a: Corviknight|80\/100\n|\n|upkeep\n|turn|4\n|\n|t:|1699936971\n|switch|p2a: Scizor|Scizor, F|100\/100\n|move|p1a: Corviknight|Defog|p2a: Scizor\n|-unboost|p2a: Scizor|evasion|1\n|-sideend|p1: IceBerryCoffee|Stealth Rock|[from] move: Defog|[of] p1a: Corviknight\n|\n|upkeep\n|turn|5\n|\n|t:|1699936977\n|move|p2a: Scizor|U-turn|p1a: Corviknight\n|-resisted|p1a: Corviknight\n|-damage|p1a: Corviknight|75\/100\n|-damage|p2a: Scizor|84\/100|[from] item: Rocky Helmet|[of] p1a: Corviknight\n|\n|t:|1699936981\n|switch|p2a: Volcarona|Volcarona, F|100\/100|[from] U-turn\n|move|p1a: Corviknight|U-turn|p2a: Volcarona\n|-resisted|p2a: Volcarona\n|-damage|p2a: Volcarona|90\/100\n|\n|t:|1699937000\n|switch|p1a: Quaquaval|Quaquaval, M|100\/100|[from] U-turn\n|\n|upkeep\n|turn|6\n|\n|t:|1699937005\n|switch|p2a: Ogerpon|Ogerpon-Wellspring, F|100\/100\n|move|p1a: Quaquaval|Aqua Step|p2a: Ogerpon\n|-immune|p2a: Ogerpon|[from] ability: Water Absorb\n|\n|upkeep\n|turn|7\n|\n|t:|1699937013\n|move|p2a: Ogerpon|Swords Dance|p2a: Ogerpon\n|-boost|p2a: Ogerpon|atk|2\n|move|p1a: Quaquaval|Knock Off|p2a: Ogerpon\n|-damage|p2a: Ogerpon|70\/100\n|\n|upkeep\n|turn|8\n|\n|t:|1699937021\n|switch|p1a: Skeledirge|Skeledirge, M|100\/100\n|move|p2a: Ogerpon|Power Whip|p1a: Skeledirge\n|-resisted|p1a: Skeledirge\n|-damage|p1a: Skeledirge|81\/100\n|\n|upkeep\n|turn|9\n|\n|t:|1699937032\n|move|p2a: Ogerpon|Ivy Cudgel|p1a: Skeledirge\n|-supereffective|p1a: Skeledirge\n|-damage|p1a: Skeledirge|10\/100\n|move|p1a: Skeledirge|Will-O-Wisp|p2a: Ogerpon\n|-status|p2a: Ogerpon|brn\n|\n|-damage|p2a: Ogerpon|64\/100 brn|[from] brn\n|upkeep\n|turn|10\n|\n|t:|1699937044\n|move|p2a: Ogerpon|Ivy Cudgel|p1a: Skeledirge\n|-supereffective|p1a: Skeledirge\n|-damage|p1a: Skeledirge|0 fnt\n|faint|p1a: Skeledirge\n|\n|-damage|p2a: Ogerpon|58\/100 brn|[from] brn\n|upkeep\n|inactive|IceBerryCoffee has 120 seconds left.\n|\n|t:|1699937080\n|switch|p1a: Inteleon|Inteleon, F|100\/100\n|turn|11\n|\n|t:|1699937090\n|move|p1a: Inteleon|Shadow Ball|p2a: Ogerpon\n|-damage|p2a: Ogerpon|14\/100 brn\n|move|p2a: Ogerpon|Power Whip|p1a: Inteleon\n|-supereffective|p1a: Inteleon\n|-damage|p1a: Inteleon|0 fnt\n|faint|p1a: Inteleon\n|\n|-damage|p2a: Ogerpon|8\/100 brn|[from] brn\n|upkeep\n|\n|t:|1699937112\n|switch|p1a: Corviknight|Corviknight, M|75\/100\n|-ability|p1a: Corviknight|Pressure\n|turn|12\n|\n|t:|1699937119\n|move|p2a: Ogerpon|Ivy Cudgel|p1a: Corviknight\n|-damage|p1a: Corviknight|41\/100\n|move|p1a: Corviknight|Roost|p1a: Corviknight\n|-heal|p1a: Corviknight|91\/100\n|-singleturn|p1a: Corviknight|move: Roost\n|\n|-damage|p2a: Ogerpon|2\/100 brn|[from] brn\n|upkeep\n|turn|13\n|\n|t:|1699937127\n|move|p2a: Ogerpon|Ivy Cudgel|p1a: Corviknight\n|-damage|p1a: Corviknight|54\/100\n|move|p1a: Corviknight|Roost|p1a: Corviknight\n|-heal|p1a: Corviknight|100\/100\n|-singleturn|p1a: Corviknight|move: Roost\n|\n|-damage|p2a: Ogerpon|0 fnt|[from] brn\n|faint|p2a: Ogerpon\n|upkeep\n|\n|t:|1699937133\n|switch|p2a: Volcarona|Volcarona, F|90\/100\n|turn|14\n|inactive|IceBerryCoffee has 120 seconds left.\n|\n|t:|1699937146\n|-terastallize|p1a: Corviknight|Dragon\n|move|p2a: Volcarona|Quiver Dance|p2a: Volcarona\n|-boost|p2a: Volcarona|spa|1\n|-boost|p2a: Volcarona|spd|1\n|-boost|p2a: Volcarona|spe|1\n|move|p1a: Corviknight|Brave Bird|p2a: Volcarona\n|-supereffective|p2a: Volcarona\n|-damage|p2a: Volcarona|0 fnt\n|faint|p2a: Volcarona\n|-damage|p1a: Corviknight|77\/100|[from] Recoil\n|\n|upkeep\n|\n|t:|1699937174\n|switch|p2a: Iron Valiant|Iron Valiant|100\/100\n|turn|15\n|\n|t:|1699937178\n|move|p2a: Iron Valiant|Moonblast|p1a: Corviknight\n|-supereffective|p1a: Corviknight\n|-damage|p1a: Corviknight|0 fnt\n|faint|p1a: Corviknight\n|\n|upkeep\n|\n|t:|1699937195\n|switch|p1a: Diancie|Diancie|100\/100\n|turn|16\n|inactive|Kat_XIII has 120 seconds left.\n|inactive|IceBerryCoffee has 120 seconds left.\n|\n|t:|1699937241\n|detailschange|p1a: Diancie|Diancie-Mega\n|-mega|p1a: Diancie|Diancie|Diancite\n|move|p2a: Iron Valiant|Moonblast|p1a: Diancie\n|-damage|p1a: Diancie|31\/100\n|move|p1a: Diancie|Moonblast|p2a: Iron Valiant\n|-supereffective|p2a: Iron Valiant\n|-damage|p2a: Iron Valiant|0 fnt\n|faint|p2a: Iron Valiant\n|-end|p2a: Iron Valiant|Quark Drive|[silent]\n|\n|upkeep\n|\n|t:|1699937250\n|switch|p2a: Scizor|Scizor, F|84\/100\n|turn|17\n|inactive|IceBerryCoffee has 120 seconds left.\n|\n|t:|1699937265\n|switch|p1a: Torterra|Torterra, M|100\/100\n|detailschange|p2a: Scizor|Scizor-Mega, F\n|-mega|p2a: Scizor|Scizor|Scizorite\n|move|p2a: Scizor|Bullet Punch|p1a: Torterra\n|-damage|p1a: Torterra|74\/100\n|\n|upkeep\n|turn|18\n|\n|t:|1699937289\n|move|p1a: Torterra|Shell Smash|p1a: Torterra\n|-unboost|p1a: Torterra|def|1\n|-unboost|p1a: Torterra|spd|1\n|-boost|p1a: Torterra|atk|2\n|-boost|p1a: Torterra|spa|2\n|-boost|p1a: Torterra|spe|2\n|-enditem|p1a: Torterra|White Herb\n|-clearnegativeboost|p1a: Torterra|[silent]\n|move|p2a: Scizor|Swords Dance|p2a: Scizor\n|-boost|p2a: Scizor|atk|2\n|\n|upkeep\n|turn|19\n|\n|t:|1699937303\n|move|p2a: Scizor|Bullet Punch|p1a: Torterra\n|-damage|p1a: Torterra|20\/100\n|move|p1a: Torterra|Earthquake|p2a: Scizor\n|-damage|p2a: Scizor|22\/100\n|\n|upkeep\n|turn|20\n|\n|t:|1699937308\n|move|p2a: Scizor|Bullet Punch|p1a: Torterra\n|-damage|p1a: Torterra|0 fnt\n|faint|p1a: Torterra\n|\n|upkeep\n|\n|t:|1699937313\n|switch|p1a: Quaquaval|Quaquaval, M|100\/100\n|turn|21\n|inactive|Kat_XIII has 120 seconds left.\n|\n|t:|1699937320\n|switch|p2a: Kommo-o|Kommo-o, F|100\/100\n|move|p1a: Quaquaval|Close Combat|p2a: Kommo-o\n|-damage|p2a: Kommo-o|51\/100\n|-unboost|p1a: Quaquaval|def|1\n|-unboost|p1a: Quaquaval|spd|1\n|\n|upkeep\n|turn|22\n|\n|t:|1699937332\n|switch|p1a: Diancie|Diancie-Mega|31\/100\n|-zpower|p2a: Kommo-o\n|move|p2a: Kommo-o|Clangorous Soulblaze|p1a: Diancie|[zeffect]\n|-immune|p1a: Diancie\n|\n|upkeep\n|turn|23\n|\n|t:|1699937346\n|move|p1a: Diancie|Mystical Fire|p2a: Kommo-o\n|-resisted|p2a: Kommo-o\n|-damage|p2a: Kommo-o|35\/100\n|-unboost|p2a: Kommo-o|spa|1\n|move|p2a: Kommo-o|Flash Cannon|p1a: Diancie\n|-supereffective|p1a: Diancie\n|-damage|p1a: Diancie|0 fnt\n|faint|p1a: Diancie\n|\n|upkeep\n|\n|t:|1699937353\n|switch|p1a: Quaquaval|Quaquaval, M|100\/100\n|turn|24\n|\n|t:|1699937368\n|move|p2a: Kommo-o|Clanging Scales|p1a: Quaquaval\n|-damage|p1a: Quaquaval|66\/100\n|-unboost|p2a: Kommo-o|def|1\n|move|p1a: Quaquaval|Close Combat|p2a: Kommo-o\n|-damage|p2a: Kommo-o|0 fnt\n|-unboost|p1a: Quaquaval|def|1\n|-unboost|p1a: Quaquaval|spd|1\n|faint|p2a: Kommo-o\n|-ability|p1a: Quaquaval|Moxie|boost\n|-boost|p1a: Quaquaval|atk|1\n|\n|-heal|p1a: Quaquaval|73\/100|[from] item: Leftovers\n|upkeep\n|\n|t:|1699937375\n|switch|p2a: Scizor|Scizor-Mega, F|22\/100\n|turn|25\n|\n|t:|1699937381\n|move|p2a: Scizor|Bullet Punch|p1a: Quaquaval\n|-resisted|p1a: Quaquaval\n|-damage|p1a: Quaquaval|46\/100\n|move|p1a: Quaquaval|Close Combat|p2a: Scizor\n|-damage|p2a: Scizor|0 fnt\n|-unboost|p1a: Quaquaval|def|1\n|-unboost|p1a: Quaquaval|spd|1\n|faint|p2a: Scizor\n|\n|win|IceBerryCoffee\n|raw|IceBerryCoffee's rating: 1343 &rarr; <strong>1365<\/strong><br \/>(+22 for winning)\n|raw|Kat_XIII's rating: 1377 &rarr; <strong>1355<\/strong><br \/>(-22 for losing)\n|c|\u2606Kat_XIII|gg\n|c|\u2606Kat_XIII|wp\n|c|\u2606IceBerryCoffee|gg\n|l|\u2606Kat_XIII\n","uploadtime":1699937391,"views":5,"p1id":"iceberrycoffee","p2id":"katxiii","formatid":"gen9nationaldex","rating":1355,"private":0,"password":""}