{"id":"gen9nationaldex-1992663814","p1":"dwadi","p2":"KarmaNightraide","format":"[Gen 9] National Dex","log":"|j|\u2606dwadi\n|j|\u2606KarmaNightraide\n|t:|1700222275\n|gametype|singles\n|player|p1|dwadi|cynthia-gen4|1106\n|player|p2|KarmaNightraide|unknown|1175\n|teamsize|p1|6\n|teamsize|p2|6\n|gen|9\n|tier|[Gen 9] National Dex\n|rated|\n|rule|HP Percentage Mod: HP is shown in percentages\n|rule|Endless Battle Clause: Forcing endless battles is banned\n|rule|OHKO Clause: OHKO moves are banned\n|rule|Evasion Clause: Evasion abilities, items, and moves are banned\n|rule|Evasion Abilities Clause: Evasion abilities are banned\n|rule|Evasion Items Clause: Evasion items are banned\n|rule|Evasion Moves Clause: Evasion moves are banned\n|rule|Species Clause: Limit one of each Pok\u00e9mon\n|rule|Sleep Clause Mod: Limit one foe put to sleep\n|clearpoke\n|poke|p1|Banette, F|\n|poke|p1|Slither Wing|\n|poke|p1|Torkoal, M|\n|poke|p1|Ferrothorn, F|\n|poke|p1|Dragonite, M|\n|poke|p1|Hydreigon, F|\n|poke|p2|Basculegion-F, F|\n|poke|p2|Mimikyu, M|\n|poke|p2|Banette, F|\n|poke|p2|Polteageist-Antique|\n|poke|p2|Skeledirge, M|\n|poke|p2|Gourgeist-*, F|\n|teampreview\n|\n|t:|1700222284\n|start\n|switch|p1a: Hydreigon|Hydreigon, F, shiny|100\/100\n|switch|p2a: Go to sleep...|Banette, F|100\/100\n|turn|1\n|\n|t:|1700222307\n|detailschange|p2a: Go to sleep...|Banette-Mega, F\n|-mega|p2a: Go to sleep...|Banette|Banettite\n|move|p2a: Go to sleep...|Destiny Bond|p2a: Go to sleep...\n|-singlemove|p2a: Go to sleep...|Destiny Bond\n|move|p1a: Hydreigon|Dark Pulse|p2a: Go to sleep...\n|-supereffective|p2a: Go to sleep...\n|-damage|p2a: Go to sleep...|0 fnt\n|faint|p2a: Go to sleep...\n|-activate|p2a: Go to sleep...|move: Destiny Bond\n|faint|p1a: Hydreigon\n|\n|upkeep\n|\n|t:|1700222319\n|switch|p1a: Banette|Banette, F, shiny|100\/100\n|switch|p2a: Dundy|Skeledirge, M|100\/100\n|turn|2\n|\n|t:|1700222326\n|detailschange|p1a: Banette|Banette-Mega, F, shiny\n|-mega|p1a: Banette|Banette|Banettite\n|-terastallize|p2a: Dundy|Fire\n|move|p1a: Banette|Poltergeist|p2a: Dundy\n|-activate|p2a: Dundy|move: Poltergeist|Leftovers\n|-damage|p2a: Dundy|31\/100\n|move|p2a: Dundy|Yawn|p1a: Banette\n|-start|p1a: Banette|move: Yawn|[of] p2a: Dundy\n|\n|-heal|p2a: Dundy|37\/100|[from] item: Leftovers\n|upkeep\n|turn|3\n|\n|t:|1700222342\n|switch|p1a: Dragonite|Dragonite, M|100\/100\n|move|p2a: Dundy|Slack Off|p2a: Dundy\n|-heal|p2a: Dundy|87\/100\n|\n|-heal|p2a: Dundy|93\/100|[from] item: Leftovers\n|upkeep\n|turn|4\n|\n|t:|1700222352\n|move|p1a: Dragonite|Dragon Dance|p1a: Dragonite\n|-boost|p1a: Dragonite|atk|1\n|-boost|p1a: Dragonite|spe|1\n|move|p2a: Dundy|Torch Song|p1a: Dragonite\n|-resisted|p1a: Dragonite\n|-damage|p1a: Dragonite|88\/100\n|-boost|p2a: Dundy|spa|1\n|\n|-heal|p1a: Dragonite|94\/100|[from] item: Leftovers\n|-heal|p2a: Dundy|99\/100|[from] item: Leftovers\n|upkeep\n|turn|5\n|\n|t:|1700222364\n|move|p1a: Dragonite|Earthquake|p2a: Dundy\n|-supereffective|p2a: Dundy\n|-damage|p2a: Dundy|27\/100\n|move|p2a: Dundy|Yawn|p1a: Dragonite\n|-start|p1a: Dragonite|move: Yawn|[of] p2a: Dundy\n|\n|-heal|p1a: Dragonite|99\/100|[from] item: Leftovers\n|-heal|p2a: Dundy|33\/100|[from] item: Leftovers\n|upkeep\n|turn|6\n|\n|t:|1700222374\n|move|p1a: Dragonite|Earthquake|p2a: Dundy\n|-supereffective|p2a: Dundy\n|-damage|p2a: Dundy|0 fnt\n|faint|p2a: Dundy\n|\n|-heal|p1a: Dragonite|100\/100|[from] item: Leftovers\n|-end|p1a: Dragonite|move: Yawn|[silent]\n|-status|p1a: Dragonite|slp\n|upkeep\n|\n|t:|1700222383\n|switch|p2a: Wanna sip?|Polteageist-Antique|100\/100\n|turn|7\n|\n|t:|1700222390\n|switch|p1a: Torkoal|Torkoal, M|100\/100\n|-weather|SunnyDay|[from] ability: Drought|[of] p1a: Torkoal\n|move|p2a: Wanna sip?|Shell Smash|p2a: Wanna sip?\n|-unboost|p2a: Wanna sip?|def|1\n|-unboost|p2a: Wanna sip?|spd|1\n|-boost|p2a: Wanna sip?|atk|2\n|-boost|p2a: Wanna sip?|spa|2\n|-boost|p2a: Wanna sip?|spe|2\n|\n|-weather|SunnyDay|[upkeep]\n|upkeep\n|turn|8\n|\n|t:|1700222411\n|move|p2a: Wanna sip?|Shadow Ball|p1a: Torkoal\n|-damage|p1a: Torkoal|0 fnt\n|faint|p1a: Torkoal\n|\n|-weather|SunnyDay|[upkeep]\n|upkeep\n|\n|t:|1700222418\n|switch|p1a: Banette|Banette-Mega, F, shiny|100\/100\n|turn|9\n|\n|t:|1700222425\n|move|p1a: Banette|Sucker Punch||[still]\n|-fail|p1a: Banette\n|move|p2a: Wanna sip?|Shell Smash|p2a: Wanna sip?\n|-unboost|p2a: Wanna sip?|def|1\n|-unboost|p2a: Wanna sip?|spd|1\n|-boost|p2a: Wanna sip?|atk|2\n|-boost|p2a: Wanna sip?|spa|2\n|-boost|p2a: Wanna sip?|spe|2\n|\n|-weather|SunnyDay|[upkeep]\n|upkeep\n|turn|10\n|\n|t:|1700222437\n|move|p1a: Banette|Sucker Punch|p2a: Wanna sip?\n|-supereffective|p2a: Wanna sip?\n|-enditem|p2a: Wanna sip?|Focus Sash\n|-damage|p2a: Wanna sip?|1\/100\n|-ability|p2a: Wanna sip?|Weak Armor|boost\n|-unboost|p2a: Wanna sip?|def|1\n|-boost|p2a: Wanna sip?|spe|2\n|move|p2a: Wanna sip?|Shadow Ball|p1a: Banette\n|-supereffective|p1a: Banette\n|-damage|p1a: Banette|0 fnt\n|faint|p1a: Banette\n|\n|-weather|SunnyDay|[upkeep]\n|upkeep\n|-message|dwadi forfeited.\n|\n|win|KarmaNightraide\n|raw|dwadi's rating: 1106 &rarr; <strong>1086<\/strong><br \/>(-20 for losing)\n|raw|KarmaNightraide's rating: 1175 &rarr; <strong>1195<\/strong><br \/>(+20 for winning)\n|l|\u2606dwadi\n","uploadtime":1700222467,"views":6,"p1id":"dwadi","p2id":"karmanightraide","formatid":"gen9nationaldex","rating":1086,"private":0,"password":""}