{"id":"gen9nationaldex-1997701817","p1":"Honwave59","p2":"InsBAPlayer","format":"[Gen 9] National Dex","log":"|html|<div class=\"broadcast-blue\"><strong>[Gen 9] National Dex is currently suspecting Sneasler! For information on how to participate check out the <a href=\"https:\/\/www.smogon.com\/forums\/threads\/sv-national-dex-suspect-8-just-dance.3731534\/\">suspect thread<\/a>.<\/strong><\/div>\n|j|\u2606Honwave59\n|j|\u2606InsBAPlayer\n|t:|1700843440\n|gametype|singles\n|player|p1|Honwave59|pilot|1348\n|player|p2|InsBAPlayer|bugsy|1317\n|teamsize|p1|6\n|teamsize|p2|6\n|gen|9\n|tier|[Gen 9] National Dex\n|rated|\n|rule|HP Percentage Mod: HP is shown in percentages\n|rule|Endless Battle Clause: Forcing endless battles is banned\n|rule|OHKO Clause: OHKO moves are banned\n|rule|Evasion Clause: Evasion abilities, items, and moves are banned\n|rule|Evasion Abilities Clause: Evasion abilities are banned\n|rule|Evasion Items Clause: Evasion items are banned\n|rule|Evasion Moves Clause: Evasion moves are banned\n|rule|Species Clause: Limit one of each Pok\u00e9mon\n|rule|Sleep Clause Mod: Limit one foe put to sleep\n|clearpoke\n|poke|p1|Tapu Lele|\n|poke|p1|Vanilluxe, F|\n|poke|p1|Glimmora, M|\n|poke|p1|Espeon, M|\n|poke|p1|Darmanitan, F|\n|poke|p1|Hydreigon, M|\n|poke|p2|Galvantula, M|\n|poke|p2|Pinsir, F|\n|poke|p2|Forretress, F|\n|poke|p2|Araquanid, M|\n|poke|p2|Lokix, M|\n|poke|p2|Yanmega, F|\n|teampreview\n|inactive|Battle timer is ON: inactive players will automatically lose when time's up. (requested by InsBAPlayer)\n|inactive|Honwave59 also wants the timer to be on.\n|\n|t:|1700843447\n|start\n|switch|p1a: Kachigga my|Darmanitan, F, shiny|100\/100\n|switch|p2a: Forretress|Forretress, F|100\/100\n|turn|1\n|\n|t:|1700843451\n|move|p1a: Kachigga my|U-turn|p2a: Forretress\n|-resisted|p2a: Forretress\n|-damage|p2a: Forretress|90\/100\n|\n|t:|1700843453\n|switch|p1a: Espeon|Espeon, M|100\/100|[from] U-turn\n|move|p2a: Forretress|Counter|p1a: Espeon\n|-damage|p1a: Espeon|73\/100\n|\n|upkeep\n|turn|2\n|\n|t:|1700843456\n|move|p1a: Espeon|Trick|p2a: Forretress\n|-activate|p1a: Espeon|move: Trick|[of] p2a: Forretress\n|-item|p2a: Forretress|Choice Scarf|[from] move: Trick\n|-item|p1a: Espeon|Heavy-Duty Boots|[from] move: Trick\n|move|p2a: Forretress|Gyro Ball|p1a: Espeon\n|-damage|p1a: Espeon|9\/100\n|\n|upkeep\n|turn|3\n|\n|t:|1700843464\n|switch|p2a: Lokix|Lokix, M|100\/100\n|move|p1a: Espeon|Mud-Slap|p2a: Lokix\n|-resisted|p2a: Lokix\n|-damage|p2a: Lokix|93\/100\n|-unboost|p2a: Lokix|accuracy|1\n|\n|upkeep\n|turn|4\n|\n|t:|1700843471\n|move|p2a: Lokix|First Impression|p1a: Espeon|[miss]\n|-miss|p2a: Lokix|p1a: Espeon\n|move|p1a: Espeon|Mud-Slap|p2a: Lokix\n|-resisted|p2a: Lokix\n|-damage|p2a: Lokix|87\/100\n|-unboost|p2a: Lokix|accuracy|1\n|\n|upkeep\n|turn|5\n|\n|t:|1700843476\n|move|p2a: Lokix|Sucker Punch|p1a: Espeon\n|-supereffective|p1a: Espeon\n|-damage|p1a: Espeon|0 fnt\n|faint|p1a: Espeon\n|-damage|p2a: Lokix|77\/100|[from] item: Life Orb\n|\n|upkeep\n|\n|t:|1700843481\n|switch|p1a: Hydreigon|Hydreigon, M|100\/100\n|turn|6\n|\n|t:|1700843485\n|-terastallize|p1a: Hydreigon|Poison\n|move|p1a: Hydreigon|Focus Energy|p1a: Hydreigon\n|-start|p1a: Hydreigon|move: Focus Energy\n|move|p2a: Lokix|Leech Life|p1a: Hydreigon|[miss]\n|-miss|p2a: Lokix|p1a: Hydreigon\n|\n|upkeep\n|turn|7\n|\n|t:|1700843494\n|switch|p2a: Galvantula|Galvantula, M|100\/100\n|move|p1a: Hydreigon|Fire Blast|p2a: Galvantula\n|-supereffective|p2a: Galvantula\n|-crit|p2a: Galvantula\n|-enditem|p2a: Galvantula|Focus Sash\n|-damage|p2a: Galvantula|1\/100\n|\n|upkeep\n|turn|8\n|\n|t:|1700843501\n|move|p2a: Galvantula|Sticky Web|p1a: Hydreigon\n|-sidestart|p1: Honwave59|move: Sticky Web\n|move|p1a: Hydreigon|Earth Power|p2a: Galvantula\n|-crit|p2a: Galvantula\n|-damage|p2a: Galvantula|0 fnt\n|faint|p2a: Galvantula\n|\n|upkeep\n|\n|t:|1700843507\n|switch|p2a: Lokix|Lokix, M|77\/100\n|turn|9\n|\n|t:|1700843523\n|switch|p1a: Little boy|Tapu Lele|100\/100\n|-activate|p1a: Little boy|move: Sticky Web\n|-unboost|p1a: Little boy|spe|1\n|-fieldstart|move: Psychic Terrain|[from] ability: Psychic Surge|[of] p1a: Little boy\n|move|p2a: Lokix|First Impression|p1a: Little boy\n|-activate|p1a: Little boy|move: Psychic Terrain\n|\n|upkeep\n|turn|10\n|\n|t:|1700843529\n|move|p2a: Lokix|Leech Life|p1a: Little boy\n|-damage|p1a: Little boy|27\/100\n|-heal|p2a: Lokix|100\/100|[from] drain|[of] p1a: Little boy\n|-damage|p2a: Lokix|91\/100|[from] item: Life Orb\n|move|p1a: Little boy|Moonblast|p2a: Lokix\n|-supereffective|p2a: Lokix\n|-damage|p2a: Lokix|0 fnt\n|faint|p2a: Lokix\n|\n|upkeep\n|\n|t:|1700843538\n|switch|p2a: Pinsir|Pinsir, F|100\/100\n|turn|11\n|\n|t:|1700843545\n|move|p2a: Pinsir|Return|p1a: Little boy\n|-damage|p1a: Little boy|0 fnt\n|faint|p1a: Little boy\n|-ability|p2a: Pinsir|Moxie|boost\n|-boost|p2a: Pinsir|atk|1\n|\n|upkeep\n|\n|t:|1700843557\n|switch|p1a: Kachigga my|Darmanitan, F, shiny|100\/100\n|-activate|p1a: Kachigga my|move: Sticky Web\n|-unboost|p1a: Kachigga my|spe|1\n|turn|12\n|\n|t:|1700843560\n|detailschange|p2a: Pinsir|Pinsir-Mega, F\n|-mega|p2a: Pinsir|Pinsir|Pinsirite\n|move|p2a: Pinsir|Return|p1a: Kachigga my\n|-damage|p1a: Kachigga my|0 fnt\n|faint|p1a: Kachigga my\n|\n|upkeep\n|\n|t:|1700843564\n|switch|p1a: Glimmora|Glimmora, M|100\/100\n|-activate|p1a: Glimmora|move: Sticky Web\n|-unboost|p1a: Glimmora|spe|1\n|turn|13\n|\n|t:|1700843568\n|move|p2a: Pinsir|Close Combat|p1a: Glimmora\n|-damage|p1a: Glimmora|14\/100\n|-unboost|p2a: Pinsir|def|1\n|-unboost|p2a: Pinsir|spd|1\n|move|p1a: Glimmora|Power Gem|p2a: Pinsir\n|-supereffective|p2a: Pinsir\n|-damage|p2a: Pinsir|0 fnt\n|faint|p2a: Pinsir\n|\n|-fieldend|move: Psychic Terrain\n|upkeep\n|\n|t:|1700843577\n|switch|p2a: Forretress|Forretress, F|90\/100\n|turn|14\n|\n|t:|1700843581\n|move|p1a: Glimmora|Power Gem|p2a: Forretress\n|-damage|p2a: Forretress|29\/100\n|move|p2a: Forretress|Rapid Spin|p1a: Glimmora\n|-resisted|p1a: Glimmora\n|-damage|p1a: Glimmora|4\/100\n|-boost|p2a: Forretress|spe|1\n|\n|upkeep\n|turn|15\n|\n|t:|1700843587\n|move|p1a: Glimmora|Power Gem|p2a: Forretress\n|-crit|p2a: Forretress\n|-damage|p2a: Forretress|0 fnt\n|faint|p2a: Forretress\n|\n|upkeep\n|\n|t:|1700843593\n|switch|p2a: Yanmega|Yanmega, F|100\/100\n|turn|16\n|\n|t:|1700843599\n|move|p2a: Yanmega|Air Slash|p1a: Glimmora\n|-resisted|p1a: Glimmora\n|-damage|p1a: Glimmora|0 fnt\n|faint|p1a: Glimmora\n|\n|-ability|p2a: Yanmega|Speed Boost|boost\n|-boost|p2a: Yanmega|spe|1\n|upkeep\n|\n|t:|1700843601\n|switch|p1a: Vanilluxe|Vanilluxe, F|100\/100\n|-activate|p1a: Vanilluxe|move: Sticky Web\n|-unboost|p1a: Vanilluxe|spe|1\n|-weather|Snow|[from] ability: Snow Warning|[of] p1a: Vanilluxe\n|turn|17\n|\n|t:|1700843608\n|-terastallize|p2a: Yanmega|Bug\n|move|p2a: Yanmega|Ancient Power|p1a: Vanilluxe\n|-supereffective|p1a: Vanilluxe\n|-damage|p1a: Vanilluxe|50\/100\n|move|p1a: Vanilluxe|Freeze-Dry|p2a: Yanmega\n|-damage|p2a: Yanmega|34\/100\n|\n|-weather|Snow|[upkeep]\n|-ability|p2a: Yanmega|Speed Boost|boost\n|-boost|p2a: Yanmega|spe|1\n|upkeep\n|turn|18\n|\n|t:|1700843615\n|move|p2a: Yanmega|Ancient Power|p1a: Vanilluxe\n|-supereffective|p1a: Vanilluxe\n|-damage|p1a: Vanilluxe|0 fnt\n|faint|p1a: Vanilluxe\n|\n|-weather|Snow|[upkeep]\n|-ability|p2a: Yanmega|Speed Boost|boost\n|-boost|p2a: Yanmega|spe|1\n|upkeep\n|\n|t:|1700843617\n|switch|p1a: Hydreigon|Hydreigon, M, tera:Poison|100\/100\n|turn|19\n|\n|t:|1700843623\n|move|p2a: Yanmega|Air Slash|p1a: Hydreigon\n|-damage|p1a: Hydreigon|57\/100\n|cant|p1a: Hydreigon|flinch\n|\n|-weather|Snow|[upkeep]\n|-ability|p2a: Yanmega|Speed Boost|boost\n|-boost|p2a: Yanmega|spe|1\n|upkeep\n|turn|20\n|\n|t:|1700843627\n|move|p2a: Yanmega|Air Slash|p1a: Hydreigon\n|-damage|p1a: Hydreigon|12\/100\n|cant|p1a: Hydreigon|flinch\n|\n|-weather|Snow|[upkeep]\n|-ability|p2a: Yanmega|Speed Boost|boost\n|-boost|p2a: Yanmega|spe|1\n|upkeep\n|turn|21\n|n|!Honwave59|honwave59\n|-message|Honwave59 forfeited.\n|\n|win|InsBAPlayer\n|raw|Honwave59's rating: 1348 &rarr; <strong>1326<\/strong><br \/>(-22 for losing)\n|raw|InsBAPlayer's rating: 1317 &rarr; <strong>1339<\/strong><br \/>(+22 for winning)\n","uploadtime":1700843639,"views":0,"p1id":"honwave59","p2id":"insbaplayer","formatid":"gen9nationaldex","rating":1326,"private":0,"password":""}