{"id":"gen9nationaldex-1991979430","p1":"GgsShakeMyHand373","p2":"Amstan","format":"[Gen 9] National Dex","log":"|j|\u2606GgsShakeMyHand373\n|j|\u2606Amstan\n|inactive|Battle timer is ON: inactive players will automatically lose when time's up.\n|t:|1700144631\n|gametype|singles\n|player|p1|GgsShakeMyHand373|skullgrunt|\n|player|p2|Amstan|lucas|\n|teamsize|p1|6\n|teamsize|p2|6\n|gen|9\n|tier|[Gen 9] National Dex\n|rated|Tournament battle\n|rule|HP Percentage Mod: HP is shown in percentages\n|rule|Endless Battle Clause: Forcing endless battles is banned\n|rule|OHKO Clause: OHKO moves are banned\n|rule|Evasion Clause: Evasion abilities, items, and moves are banned\n|rule|Evasion Abilities Clause: Evasion abilities are banned\n|rule|Evasion Items Clause: Evasion items are banned\n|rule|Evasion Moves Clause: Evasion moves are banned\n|rule|Species Clause: Limit one of each Pok\u00e9mon\n|rule|Sleep Clause Mod: Limit one foe put to sleep\n|rule|Terastal Clause: You cannot Terastallize\n|clearpoke\n|poke|p1|Garganacl, M|\n|poke|p1|Gliscor, M|\n|poke|p1|Jirachi|\n|poke|p1|Banette, M|\n|poke|p1|Raikou|\n|poke|p1|Grimmsnarl, M|\n|poke|p2|Melmetal|\n|poke|p2|Ferrothorn, F|\n|poke|p2|Alomomola, F|\n|poke|p2|Dragapult, F|\n|poke|p2|Blissey, F|\n|poke|p2|Gliscor, F|\n|teampreview\n|c|\u2606GgsShakeMyHand373|:\/\n|\n|t:|1700144641\n|start\n|switch|p1a: Grimmsnarl|Grimmsnarl, M|100\/100\n|switch|p2a: Gliscor|Gliscor, F|100\/100\n|turn|1\n|\n|t:|1700144646\n|move|p1a: Grimmsnarl|Taunt|p2a: Gliscor\n|-start|p2a: Gliscor|move: Taunt\n|cant|p2a: Gliscor|move: Taunt|Stealth Rock\n|\n|-status|p2a: Gliscor|tox|[from] item: Toxic Orb\n|upkeep\n|turn|2\n|\n|t:|1700144651\n|switch|p2a: Melmetal|Melmetal, shiny|100\/100\n|move|p1a: Grimmsnarl|Reflect|p1a: Grimmsnarl\n|-sidestart|p1: GgsShakeMyHand373|Reflect\n|\n|upkeep\n|turn|3\n|\n|t:|1700144653\n|move|p1a: Grimmsnarl|Parting Shot|p2a: Melmetal\n|-unboost|p2a: Melmetal|atk|1\n|-unboost|p2a: Melmetal|spa|1\n|\n|t:|1700144655\n|switch|p1a: Raikou|Raikou|100\/100|[from] Parting Shot\n|-ability|p1a: Raikou|Pressure\n|move|p2a: Melmetal|Double Iron Bash|p1a: Raikou\n|-resisted|p1a: Raikou\n|-damage|p1a: Raikou|93\/100\n|-resisted|p1a: Raikou\n|-damage|p1a: Raikou|84\/100\n|-hitcount|p1a: Raikou|2\n|\n|upkeep\n|turn|4\n|\n|t:|1700144660\n|move|p1a: Raikou|Scald|p2a: Melmetal\n|-damage|p2a: Melmetal|78\/100\n|-damage|p1a: Raikou|74\/100|[from] item: Life Orb\n|move|p2a: Melmetal|Toxic|p1a: Raikou|[miss]\n|-miss|p2a: Melmetal|p1a: Raikou\n|\n|-heal|p2a: Melmetal|84\/100|[from] item: Leftovers\n|upkeep\n|turn|5\n|\n|t:|1700144667\n|switch|p1a: Garganacl|Garganacl, M|100\/100\n|move|p2a: Melmetal|Protect||[still]\n|-fail|p2a: Melmetal\n|\n|-heal|p2a: Melmetal|90\/100|[from] item: Leftovers\n|upkeep\n|turn|6\n|\n|t:|1700144671\n|switch|p2a: Ferrothorn|Ferrothorn, F|100\/100\n|move|p1a: Garganacl|Iron Defense|p1a: Garganacl\n|-boost|p1a: Garganacl|def|2\n|\n|upkeep\n|turn|7\n|\n|t:|1700144673\n|move|p1a: Garganacl|Body Press|p2a: Ferrothorn\n|-supereffective|p2a: Ferrothorn\n|-damage|p2a: Ferrothorn|27\/100\n|-damage|p1a: Garganacl|88\/100|[from] ability: Iron Barbs|[of] p2a: Ferrothorn\n|move|p2a: Ferrothorn|Leech Seed|p1a: Garganacl\n|-start|p1a: Garganacl|move: Leech Seed\n|\n|-heal|p1a: Garganacl|94\/100|[from] item: Leftovers\n|-heal|p2a: Ferrothorn|33\/100|[from] item: Leftovers\n|-damage|p1a: Garganacl|82\/100|[from] Leech Seed|[of] p2a: Ferrothorn\n|-heal|p2a: Ferrothorn|47\/100|[silent]\n|upkeep\n|turn|8\n|\n|t:|1700144676\n|switch|p2a: Gliscor|Gliscor, F|100\/100 tox\n|move|p1a: Garganacl|Body Press|p2a: Gliscor\n|-resisted|p2a: Gliscor\n|-damage|p2a: Gliscor|76\/100 tox\n|\n|-heal|p1a: Garganacl|88\/100|[from] item: Leftovers\n|-damage|p1a: Garganacl|76\/100|[from] Leech Seed|[of] p2a: Gliscor\n|-heal|p2a: Gliscor|90\/100 tox|[silent]\n|-heal|p2a: Gliscor|100\/100 tox|[from] ability: Poison Heal\n|upkeep\n|turn|9\n|j| primataNoCompuiter\n|\n|t:|1700144687\n|move|p2a: Gliscor|Stealth Rock|p1a: Garganacl\n|-sidestart|p1: GgsShakeMyHand373|move: Stealth Rock\n|move|p1a: Garganacl|Salt Cure|p2a: Gliscor\n|-damage|p2a: Gliscor|90\/100 tox\n|-start|p2a: Gliscor|Salt Cure\n|\n|-heal|p1a: Garganacl|82\/100|[from] item: Leftovers\n|-damage|p1a: Garganacl|70\/100|[from] Leech Seed|[of] p2a: Gliscor\n|-heal|p2a: Gliscor|100\/100 tox|[silent]\n|-damage|p2a: Gliscor|88\/100 tox|[from] Salt Cure\n|-sideend|p1: GgsShakeMyHand373|Reflect\n|upkeep\n|turn|10\n|\n|t:|1700144691\n|switch|p1a: Gliscor|Gliscor, M|100\/100\n|-damage|p1a: Gliscor|88\/100|[from] Stealth Rock\n|move|p2a: Gliscor|Earthquake|p1a: Gliscor\n|-immune|p1a: Gliscor\n|\n|-heal|p2a: Gliscor|100\/100 tox|[from] ability: Poison Heal\n|-damage|p2a: Gliscor|88\/100 tox|[from] Salt Cure\n|-status|p1a: Gliscor|tox|[from] item: Toxic Orb\n|upkeep\n|turn|11\n|\n|t:|1700144695\n|switch|p2a: Alomomola|Alomomola, F|100\/100\n|move|p1a: Gliscor|Defog|p2a: Alomomola\n|-unboost|p2a: Alomomola|evasion|1\n|-sideend|p1: GgsShakeMyHand373|Stealth Rock|[from] move: Defog|[of] p1a: Gliscor\n|\n|-heal|p1a: Gliscor|100\/100 tox|[from] ability: Poison Heal\n|upkeep\n|turn|12\n|\n|t:|1700144697\n|move|p1a: Gliscor|Toxic|p2a: Alomomola\n|-status|p2a: Alomomola|tox\n|move|p2a: Alomomola|Wish|p2a: Alomomola\n|\n|-damage|p2a: Alomomola|94\/100 tox|[from] psn\n|upkeep\n|turn|13\n|\n|t:|1700144700\n|move|p1a: Gliscor|Knock Off|p2a: Alomomola\n|-damage|p2a: Alomomola|82\/100 tox\n|-enditem|p2a: Alomomola|Heavy-Duty Boots|[from] move: Knock Off|[of] p1a: Gliscor\n|move|p2a: Alomomola|Flip Turn|p1a: Gliscor\n|-supereffective|p1a: Gliscor\n|-damage|p1a: Gliscor|82\/100 tox\n|\n|t:|1700144703\n|switch|p2a: Ferrothorn|Ferrothorn, F|47\/100|[from] Flip Turn\n|\n|-heal|p2a: Ferrothorn|100\/100|[from] move: Wish|[wisher] Alomomola\n|-heal|p1a: Gliscor|94\/100 tox|[from] ability: Poison Heal\n|upkeep\n|turn|14\n|\n|t:|1700144707\n|move|p1a: Gliscor|Knock Off|p2a: Ferrothorn\n|-damage|p2a: Ferrothorn|88\/100\n|-damage|p1a: Gliscor|82\/100 tox|[from] ability: Iron Barbs|[of] p2a: Ferrothorn\n|-enditem|p2a: Ferrothorn|Leftovers|[from] move: Knock Off|[of] p1a: Gliscor\n|move|p2a: Ferrothorn|Leech Seed|p1a: Gliscor\n|-start|p1a: Gliscor|move: Leech Seed\n|\n|-damage|p1a: Gliscor|69\/100 tox|[from] Leech Seed|[of] p2a: Ferrothorn\n|-heal|p2a: Ferrothorn|99\/100|[silent]\n|-heal|p1a: Gliscor|82\/100 tox|[from] ability: Poison Heal\n|upkeep\n|turn|15\n|\n|t:|1700144718\n|switch|p1a: Grimmsnarl|Grimmsnarl, M|100\/100\n|switch|p2a: Gliscor|Gliscor, F|88\/100 tox\n|\n|-heal|p2a: Gliscor|100\/100 tox|[from] ability: Poison Heal\n|upkeep\n|turn|16\n|\n|t:|1700144722\n|switch|p2a: Melmetal|Melmetal, shiny|90\/100\n|move|p1a: Grimmsnarl|Taunt|p2a: Melmetal\n|-start|p2a: Melmetal|move: Taunt\n|\n|-heal|p2a: Melmetal|97\/100|[from] item: Leftovers\n|upkeep\n|turn|17\n|\n|t:|1700144725\n|move|p1a: Grimmsnarl|Parting Shot|p2a: Melmetal\n|-unboost|p2a: Melmetal|atk|1\n|-unboost|p2a: Melmetal|spa|1\n|\n|t:|1700144727\n|switch|p1a: Jirachi|Jirachi, shiny|100\/100|[from] Parting Shot\n|move|p2a: Melmetal|Double Iron Bash|p1a: Jirachi\n|-resisted|p1a: Jirachi\n|-damage|p1a: Jirachi|88\/100\n|-resisted|p1a: Jirachi\n|-damage|p1a: Jirachi|76\/100\n|-hitcount|p1a: Jirachi|2\n|\n|-heal|p2a: Melmetal|100\/100|[from] item: Leftovers\n|upkeep\n|turn|18\n|\n|t:|1700144730\n|-zpower|p1a: Jirachi\n|move|p1a: Jirachi|Z-Happy Hour|p1a: Jirachi|[anim]Happy Hour\n|-boost|p1a: Jirachi|atk|1|[zeffect]\n|-boost|p1a: Jirachi|def|1|[zeffect]\n|-boost|p1a: Jirachi|spa|1|[zeffect]\n|-boost|p1a: Jirachi|spd|1|[zeffect]\n|-boost|p1a: Jirachi|spe|1|[zeffect]\n|move|p2a: Melmetal|Earthquake|p1a: Jirachi\n|-supereffective|p1a: Jirachi\n|-damage|p1a: Jirachi|47\/100\n|\n|-end|p2a: Melmetal|move: Taunt\n|upkeep\n|turn|19\n|\n|t:|1700144736\n|switch|p2a: Ferrothorn|Ferrothorn, F|99\/100\n|move|p1a: Jirachi|Drain Punch|p2a: Ferrothorn\n|-supereffective|p2a: Ferrothorn\n|-damage|p2a: Ferrothorn|60\/100\n|-heal|p1a: Jirachi|67\/100|[from] drain|[of] p2a: Ferrothorn\n|-damage|p1a: Jirachi|55\/100|[from] ability: Iron Barbs|[of] p2a: Ferrothorn\n|\n|upkeep\n|turn|20\n|\n|t:|1700144738\n|move|p1a: Jirachi|Drain Punch|p2a: Ferrothorn\n|-supereffective|p2a: Ferrothorn\n|-crit|p2a: Ferrothorn\n|-damage|p2a: Ferrothorn|0 fnt\n|-heal|p1a: Jirachi|86\/100|[from] drain|[of] p2a: Ferrothorn\n|-damage|p1a: Jirachi|74\/100|[from] ability: Iron Barbs|[of] p2a: Ferrothorn\n|faint|p2a: Ferrothorn\n|\n|upkeep\n|\n|t:|1700144744\n|switch|p2a: Melmetal|Melmetal, shiny|100\/100\n|turn|21\n|\n|t:|1700144746\n|move|p1a: Jirachi|Drain Punch|p2a: Melmetal\n|-supereffective|p2a: Melmetal\n|-damage|p2a: Melmetal|59\/100\n|-heal|p1a: Jirachi|100\/100|[from] drain|[of] p2a: Melmetal\n|move|p2a: Melmetal|Earthquake|p1a: Jirachi\n|-supereffective|p1a: Jirachi\n|-crit|p1a: Jirachi\n|-damage|p1a: Jirachi|4\/100\n|\n|-heal|p2a: Melmetal|65\/100|[from] item: Leftovers\n|upkeep\n|turn|22\n|\n|t:|1700144753\n|move|p2a: Melmetal|Protect|p2a: Melmetal\n|-singleturn|p2a: Melmetal|Protect\n|move|p1a: Jirachi|Drain Punch|p2a: Melmetal\n|-activate|p2a: Melmetal|move: Protect\n|\n|-heal|p2a: Melmetal|71\/100|[from] item: Leftovers\n|upkeep\n|turn|23\n|\n|t:|1700144754\n|move|p1a: Jirachi|Drain Punch|p2a: Melmetal\n|-supereffective|p2a: Melmetal\n|-damage|p2a: Melmetal|34\/100\n|-heal|p1a: Jirachi|28\/100|[from] drain|[of] p2a: Melmetal\n|move|p2a: Melmetal|Earthquake|p1a: Jirachi\n|-supereffective|p1a: Jirachi\n|-damage|p1a: Jirachi|0 fnt\n|faint|p1a: Jirachi\n|\n|-heal|p2a: Melmetal|40\/100|[from] item: Leftovers\n|upkeep\n|\n|t:|1700144763\n|switch|p1a: Raikou|Raikou|74\/100\n|-ability|p1a: Raikou|Pressure\n|turn|24\n|\n|t:|1700144765\n|move|p2a: Melmetal|Protect|p2a: Melmetal\n|-singleturn|p2a: Melmetal|Protect\n|move|p1a: Raikou|Aura Sphere|p2a: Melmetal\n|-activate|p2a: Melmetal|move: Protect\n|\n|-heal|p2a: Melmetal|47\/100|[from] item: Leftovers\n|upkeep\n|turn|25\n|\n|t:|1700144768\n|switch|p2a: Gliscor|Gliscor, F|100\/100 tox\n|move|p1a: Raikou|Shadow Ball|p2a: Gliscor\n|-damage|p2a: Gliscor|71\/100 tox\n|-damage|p1a: Raikou|64\/100|[from] item: Life Orb\n|\n|-heal|p2a: Gliscor|83\/100 tox|[from] ability: Poison Heal\n|upkeep\n|turn|26\n|\n|t:|1700144773\n|move|p1a: Raikou|Scald|p2a: Gliscor\n|-supereffective|p2a: Gliscor\n|-damage|p2a: Gliscor|29\/100 tox\n|-damage|p1a: Raikou|54\/100|[from] item: Life Orb\n|move|p2a: Gliscor|Earthquake|p1a: Raikou\n|-supereffective|p1a: Raikou\n|-damage|p1a: Raikou|0 fnt\n|faint|p1a: Raikou\n|\n|-heal|p2a: Gliscor|42\/100 tox|[from] ability: Poison Heal\n|upkeep\n|\n|t:|1700144784\n|switch|p1a: Banette|Banette, M|100\/100\n|-item|p2a: Gliscor|Toxic Orb|[from] ability: Frisk|[of] p1a: Banette|[identify]\n|turn|27\n|\n|t:|1700144787\n|detailschange|p1a: Banette|Banette-Mega, M\n|-mega|p1a: Banette|Banette|Banettite\n|move|p1a: Banette|Poltergeist|p2a: Gliscor\n|-activate|p2a: Gliscor|move: Poltergeist|Toxic Orb\n|-damage|p2a: Gliscor|0 fnt\n|faint|p2a: Gliscor\n|\n|upkeep\n|\n|t:|1700144792\n|switch|p2a: Melmetal|Melmetal, shiny|47\/100\n|turn|28\n|\n|t:|1700144795\n|move|p1a: Banette|Poltergeist|p2a: Melmetal\n|-activate|p2a: Melmetal|move: Poltergeist|Leftovers\n|-damage|p2a: Melmetal|3\/100\n|move|p2a: Melmetal|Double Iron Bash|p1a: Banette\n|-damage|p1a: Banette|46\/100\n|-damage|p1a: Banette|0 fnt\n|faint|p1a: Banette\n|-hitcount|p1: Banette|2\n|\n|-heal|p2a: Melmetal|9\/100|[from] item: Leftovers\n|upkeep\n|\n|t:|1700144799\n|switch|p1a: Gliscor|Gliscor, M|82\/100 tox\n|turn|29\n|\n|t:|1700144802\n|move|p2a: Melmetal|Protect|p2a: Melmetal\n|-singleturn|p2a: Melmetal|Protect\n|move|p1a: Gliscor|Knock Off|p2a: Melmetal\n|-activate|p2a: Melmetal|move: Protect\n|\n|-heal|p2a: Melmetal|16\/100|[from] item: Leftovers\n|-heal|p1a: Gliscor|94\/100 tox|[from] ability: Poison Heal\n|upkeep\n|turn|30\n|\n|t:|1700144804\n|switch|p2a: Alomomola|Alomomola, F|100\/100 tox\n|move|p1a: Gliscor|Knock Off|p2a: Alomomola\n|-damage|p2a: Alomomola|92\/100 tox\n|\n|-heal|p1a: Gliscor|100\/100 tox|[from] ability: Poison Heal\n|-damage|p2a: Alomomola|85\/100 tox|[from] psn\n|upkeep\n|turn|31\n|\n|t:|1700144806\n|move|p1a: Gliscor|Knock Off|p2a: Alomomola\n|-damage|p2a: Alomomola|77\/100 tox\n|move|p2a: Alomomola|Wish|p2a: Alomomola\n|\n|-damage|p2a: Alomomola|65\/100 tox|[from] psn\n|upkeep\n|turn|32\n|\n|t:|1700144808\n|move|p1a: Gliscor|Knock Off|p2a: Alomomola\n|-damage|p2a: Alomomola|56\/100 tox\n|move|p2a: Alomomola|Flip Turn|p1a: Gliscor\n|-supereffective|p1a: Gliscor\n|-damage|p1a: Gliscor|80\/100 tox\n|\n|t:|1700144810\n|switch|p2a: Melmetal|Melmetal, shiny|16\/100|[from] Flip Turn\n|\n|-heal|p2a: Melmetal|68\/100|[from] move: Wish|[wisher] Alomomola\n|-heal|p2a: Melmetal|74\/100|[from] item: Leftovers\n|-heal|p1a: Gliscor|93\/100 tox|[from] ability: Poison Heal\n|upkeep\n|turn|33\n|\n|t:|1700144815\n|move|p2a: Melmetal|Protect|p2a: Melmetal\n|-singleturn|p2a: Melmetal|Protect\n|move|p1a: Gliscor|Knock Off|p2a: Melmetal\n|-activate|p2a: Melmetal|move: Protect\n|\n|-heal|p2a: Melmetal|81\/100|[from] item: Leftovers\n|-heal|p1a: Gliscor|100\/100 tox|[from] ability: Poison Heal\n|upkeep\n|turn|34\n|\n|t:|1700144823\n|switch|p2a: Alomomola|Alomomola, F|89\/100 tox\n|move|p1a: Gliscor|Knock Off|p2a: Alomomola\n|-damage|p2a: Alomomola|81\/100 tox\n|\n|-damage|p2a: Alomomola|75\/100 tox|[from] psn\n|upkeep\n|turn|35\n|\n|t:|1700144827\n|switch|p1a: Grimmsnarl|Grimmsnarl, M|100\/100\n|move|p2a: Alomomola|Wish|p2a: Alomomola\n|\n|-damage|p2a: Alomomola|63\/100 tox|[from] psn\n|upkeep\n|turn|36\n|\n|t:|1700144833\n|move|p1a: Grimmsnarl|Reflect|p1a: Grimmsnarl\n|-sidestart|p1: GgsShakeMyHand373|Reflect\n|move|p2a: Alomomola|Flip Turn|p1a: Grimmsnarl\n|-damage|p1a: Grimmsnarl|92\/100\n|\n|t:|1700144835\n|switch|p2a: Melmetal|Melmetal, shiny|81\/100|[from] Flip Turn\n|\n|-heal|p2a: Melmetal|100\/100|[from] move: Wish|[wisher] Alomomola\n|upkeep\n|turn|37\n|\n|t:|1700144837\n|move|p1a: Grimmsnarl|Parting Shot|p2a: Melmetal\n|-unboost|p2a: Melmetal|atk|1\n|-unboost|p2a: Melmetal|spa|1\n|\n|t:|1700144839\n|switch|p1a: Gliscor|Gliscor, M|100\/100 tox|[from] Parting Shot\n|move|p2a: Melmetal|Double Iron Bash|p1a: Gliscor\n|-damage|p1a: Gliscor|93\/100 tox\n|-damage|p1a: Gliscor|86\/100 tox\n|-hitcount|p1a: Gliscor|2\n|\n|-heal|p1a: Gliscor|99\/100 tox|[from] ability: Poison Heal\n|upkeep\n|turn|38\n|\n|t:|1700144850\n|switch|p1a: Garganacl|Garganacl, M|70\/100\n|switch|p2a: Alomomola|Alomomola, F|96\/100 tox\n|\n|-heal|p1a: Garganacl|76\/100|[from] item: Leftovers\n|-damage|p2a: Alomomola|90\/100 tox|[from] psn\n|upkeep\n|turn|39\n|\n|t:|1700144852\n|move|p2a: Alomomola|Wish|p2a: Alomomola\n|move|p1a: Garganacl|Iron Defense|p1a: Garganacl\n|-boost|p1a: Garganacl|def|2\n|\n|-heal|p1a: Garganacl|82\/100|[from] item: Leftovers\n|-damage|p2a: Alomomola|77\/100 tox|[from] psn\n|upkeep\n|turn|40\n|\n|t:|1700144857\n|move|p2a: Alomomola|Flip Turn|p1a: Garganacl\n|-supereffective|p1a: Garganacl\n|-damage|p1a: Garganacl|77\/100\n|\n|t:|1700144860\n|switch|p2a: Dragapult|Dragapult, F, shiny|100\/100|[from] Flip Turn\n|move|p1a: Garganacl|Iron Defense|p1a: Garganacl\n|-boost|p1a: Garganacl|def|2\n|\n|-heal|p1a: Garganacl|84\/100|[from] item: Leftovers\n|upkeep\n|turn|41\n|\n|t:|1700144862\n|move|p2a: Dragapult|Draco Meteor|p1a: Garganacl\n|-damage|p1a: Garganacl|1\/100\n|-unboost|p2a: Dragapult|spa|2\n|move|p1a: Garganacl|Salt Cure|p2a: Dragapult\n|-damage|p2a: Dragapult|81\/100\n|-start|p2a: Dragapult|Salt Cure\n|\n|-heal|p1a: Garganacl|7\/100|[from] item: Leftovers\n|-damage|p2a: Dragapult|69\/100|[from] Salt Cure\n|upkeep\n|turn|42\n|\n|t:|1700144867\n|move|p2a: Dragapult|Draco Meteor|p1a: Garganacl\n|-damage|p1a: Garganacl|0 fnt\n|-unboost|p2a: Dragapult|spa|2\n|faint|p1a: Garganacl\n|\n|-damage|p2a: Dragapult|57\/100|[from] Salt Cure\n|upkeep\n|-message|GgsShakeMyHand373 forfeited.\n|\n|win|Amstan\n|n|\u2606GgsShakeMyHand373|ggsshakemyhand373\n|n|\u2606Amstan|amstan\n|n| primataNoCompuiter|primatanocompuiter\n","uploadtime":1700144873,"views":5,"p1id":"ggsshakemyhand373","p2id":"amstan","formatid":"gen9nationaldex","rating":0,"private":0,"password":""}