{"id":"gen9nationaldex-1989222739","p1":"Lo-F1","p2":"Pickedman","format":"[Gen 9] National Dex","log":"|j|\u2606Lo-F1\n|j|\u2606Pickedman\n|t:|1699825074\n|gametype|singles\n|player|p1|Lo-F1|pokemonrangerf|1324\n|player|p2|Pickedman|zinnia|1291\n|teamsize|p1|6\n|teamsize|p2|6\n|gen|9\n|tier|[Gen 9] National Dex\n|rated|\n|rule|HP Percentage Mod: HP is shown in percentages\n|rule|Endless Battle Clause: Forcing endless battles is banned\n|rule|OHKO Clause: OHKO moves are banned\n|rule|Evasion Clause: Evasion abilities, items, and moves are banned\n|rule|Evasion Abilities Clause: Evasion abilities are banned\n|rule|Evasion Items Clause: Evasion items are banned\n|rule|Evasion Moves Clause: Evasion moves are banned\n|rule|Species Clause: Limit one of each Pok\u00e9mon\n|rule|Sleep Clause Mod: Limit one foe put to sleep\n|clearpoke\n|poke|p1|Torkoal, F|\n|poke|p1|Lilligant, F|\n|poke|p1|Brute Bonnet|\n|poke|p1|Toxapex, M|\n|poke|p1|Typhlosion, F|\n|poke|p1|Slither Wing|\n|poke|p2|Arbok, M|\n|poke|p2|Landorus-Therian, M|\n|poke|p2|Gliscor, F|\n|poke|p2|Alomomola, M|\n|poke|p2|Toxapex, F|\n|poke|p2|Clodsire, F|\n|teampreview\n|inactive|Battle timer is ON: inactive players will automatically lose when time's up. (requested by Lo-F1)\n|\n|t:|1699825091\n|start\n|switch|p1a: Torkoal|Torkoal, F|100\/100\n|switch|p2a: Arbok|Arbok, M|100\/100\n|-ability|p2a: Arbok|Intimidate|boost\n|-unboost|p1a: Torkoal|atk|1\n|-weather|SunnyDay|[from] ability: Drought|[of] p1a: Torkoal\n|turn|1\n|\n|t:|1699825098\n|move|p2a: Arbok|Toxic|p1a: Torkoal\n|-status|p1a: Torkoal|tox\n|move|p1a: Torkoal|Stealth Rock|p2a: Arbok\n|-sidestart|p2: Pickedman|move: Stealth Rock\n|\n|-weather|SunnyDay|[upkeep]\n|-damage|p1a: Torkoal|94\/100 tox|[from] psn\n|upkeep\n|turn|2\n|\n|t:|1699825109\n|move|p2a: Arbok|Substitute|p2a: Arbok\n|-start|p2a: Arbok|Substitute\n|-damage|p2a: Arbok|75\/100\n|move|p1a: Torkoal|Clear Smog|p2a: Arbok\n|-resisted|p2a: Arbok\n|-activate|p2a: Arbok|move: Substitute|[damage]\n|\n|-weather|SunnyDay|[upkeep]\n|-heal|p2a: Arbok|82\/100|[from] item: Black Sludge\n|-damage|p1a: Torkoal|82\/100 tox|[from] psn\n|upkeep\n|turn|3\n|\n|t:|1699825119\n|switch|p1a: Slither Wing|Slither Wing, shiny|100\/100\n|-activate|p1a: Slither Wing|ability: Protosynthesis\n|-start|p1a: Slither Wing|protosynthesisatk\n|move|p2a: Arbok|Protect||[still]\n|-fail|p2a: Arbok\n|\n|-weather|SunnyDay|[upkeep]\n|-heal|p2a: Arbok|88\/100|[from] item: Black Sludge\n|upkeep\n|turn|4\n|\n|t:|1699825128\n|move|p1a: Slither Wing|First Impression|p2a: Arbok\n|-resisted|p2a: Arbok\n|-end|p2a: Arbok|Substitute\n|-damage|p1a: Slither Wing|91\/100|[from] item: Life Orb\n|move|p2a: Arbok|Toxic|p1a: Slither Wing\n|-status|p1a: Slither Wing|tox\n|\n|-weather|SunnyDay|[upkeep]\n|-heal|p2a: Arbok|94\/100|[from] item: Black Sludge\n|-damage|p1a: Slither Wing|84\/100 tox|[from] psn\n|upkeep\n|turn|5\n|\n|t:|1699825143\n|move|p2a: Arbok|Protect|p2a: Arbok\n|-singleturn|p2a: Arbok|Protect\n|move|p1a: Slither Wing|Wild Charge|p2a: Arbok\n|-activate|p2a: Arbok|move: Protect\n|\n|-weather|SunnyDay|[upkeep]\n|-heal|p2a: Arbok|99\/100|[from] item: Black Sludge\n|-damage|p1a: Slither Wing|72\/100 tox|[from] psn\n|upkeep\n|turn|6\n|\n|t:|1699825152\n|-end|p1a: Slither Wing|Protosynthesis|[silent]\n|switch|p1a: Typhlosion|Typhlosion, F, shiny|100\/100\n|move|p2a: Arbok|Substitute|p2a: Arbok\n|-start|p2a: Arbok|Substitute\n|-damage|p2a: Arbok|75\/100\n|\n|-weather|SunnyDay|[upkeep]\n|-heal|p2a: Arbok|81\/100|[from] item: Black Sludge\n|upkeep\n|turn|7\n|\n|t:|1699825160\n|-terastallize|p1a: Typhlosion|Fire\n|move|p1a: Typhlosion|Burn Up|p2a: Arbok\n|-end|p2a: Arbok|Substitute\n|-start|p1a: Typhlosion|typechange|Fire|[from] move: Burn Up\n|move|p2a: Arbok|Toxic|p1a: Typhlosion\n|-status|p1a: Typhlosion|tox\n|\n|-weather|SunnyDay|[upkeep]\n|-heal|p2a: Arbok|88\/100|[from] item: Black Sludge\n|-damage|p1a: Typhlosion|94\/100 tox|[from] psn\n|upkeep\n|turn|8\n|\n|t:|1699825170\n|move|p2a: Arbok|Protect|p2a: Arbok\n|-singleturn|p2a: Arbok|Protect\n|move|p1a: Typhlosion|Burn Up|p2a: Arbok\n|-activate|p2a: Arbok|move: Protect\n|\n|-weather|none\n|-heal|p2a: Arbok|94\/100|[from] item: Black Sludge\n|-damage|p1a: Typhlosion|82\/100 tox|[from] psn\n|upkeep\n|turn|9\n|\n|t:|1699825183\n|switch|p2a: Gliscor|Gliscor, F|100\/100\n|-damage|p2a: Gliscor|88\/100|[from] Stealth Rock\n|move|p1a: Typhlosion|Burn Up|p2a: Gliscor\n|-damage|p2a: Gliscor|13\/100\n|-start|p1a: Typhlosion|typechange|Fire|[from] move: Burn Up\n|\n|-damage|p1a: Typhlosion|64\/100 tox|[from] psn\n|-status|p2a: Gliscor|tox|[from] item: Toxic Orb\n|upkeep\n|turn|10\n|\n|t:|1699825197\n|switch|p1a: Torkoal|Torkoal, F|82\/100 tox\n|-weather|SunnyDay|[from] ability: Drought|[of] p1a: Torkoal\n|move|p2a: Gliscor|Protect||[still]\n|-fail|p2a: Gliscor\n|\n|-weather|SunnyDay|[upkeep]\n|-heal|p2a: Gliscor|25\/100 tox|[from] ability: Poison Heal\n|-damage|p1a: Torkoal|76\/100 tox|[from] psn\n|upkeep\n|turn|11\n|\n|t:|1699825209\n|switch|p1a: Brute Bonnet|Brute Bonnet|100\/100\n|-activate|p1a: Brute Bonnet|ability: Protosynthesis\n|-start|p1a: Brute Bonnet|protosynthesisatk\n|move|p2a: Gliscor|Defog|p1a: Brute Bonnet\n|-unboost|p1a: Brute Bonnet|evasion|1\n|-sideend|p2: Pickedman|Stealth Rock|[from] move: Defog|[of] p2a: Gliscor\n|\n|-weather|SunnyDay|[upkeep]\n|-heal|p2a: Gliscor|38\/100 tox|[from] ability: Poison Heal\n|upkeep\n|turn|12\n|\n|t:|1699825222\n|move|p2a: Gliscor|Protect|p2a: Gliscor\n|-singleturn|p2a: Gliscor|Protect\n|move|p1a: Brute Bonnet|Taunt|p2a: Gliscor\n|-activate|p2a: Gliscor|move: Protect\n|\n|-weather|SunnyDay|[upkeep]\n|-heal|p2a: Gliscor|50\/100 tox|[from] ability: Poison Heal\n|upkeep\n|turn|13\n|\n|t:|1699825230\n|move|p2a: Gliscor|Toxic|p1a: Brute Bonnet\n|-status|p1a: Brute Bonnet|tox\n|move|p1a: Brute Bonnet|Taunt|p2a: Gliscor\n|-start|p2a: Gliscor|move: Taunt\n|\n|-weather|SunnyDay|[upkeep]\n|-heal|p2a: Gliscor|63\/100 tox|[from] ability: Poison Heal\n|-damage|p1a: Brute Bonnet|94\/100 tox|[from] psn\n|upkeep\n|turn|14\n|\n|t:|1699825239\n|switch|p2a: Landorus|Landorus-Therian, M|100\/100\n|-ability|p2a: Landorus|Intimidate|boost\n|-unboost|p1a: Brute Bonnet|atk|1\n|move|p1a: Brute Bonnet|Bullet Seed|p2a: Landorus\n|-damage|p2a: Landorus|87\/100\n|-damage|p2a: Landorus|75\/100\n|-damage|p2a: Landorus|63\/100\n|-damage|p2a: Landorus|52\/100\n|-damage|p2a: Landorus|38\/100\n|-hitcount|p2a: Landorus|5\n|\n|-weather|SunnyDay|[upkeep]\n|-heal|p1a: Brute Bonnet|100\/100 tox|[from] item: Leftovers\n|-damage|p1a: Brute Bonnet|88\/100 tox|[from] psn\n|upkeep\n|turn|15\n|\n|t:|1699825255\n|move|p2a: Landorus|U-turn|p1a: Brute Bonnet\n|-supereffective|p1a: Brute Bonnet\n|-damage|p1a: Brute Bonnet|20\/100 tox\n|\n|t:|1699825259\n|switch|p2a: Arbok|Arbok, M|94\/100|[from] U-turn\n|-ability|p2a: Arbok|Intimidate|boost\n|-unboost|p1a: Brute Bonnet|atk|1\n|move|p1a: Brute Bonnet|Spore|p2a: Arbok\n|-status|p2a: Arbok|slp|[from] move: Spore\n|\n|-weather|SunnyDay|[upkeep]\n|-heal|p2a: Arbok|99\/100 slp|[from] item: Black Sludge\n|-heal|p1a: Brute Bonnet|26\/100 tox|[from] item: Leftovers\n|-damage|p1a: Brute Bonnet|8\/100 tox|[from] psn\n|upkeep\n|turn|16\n|\n|t:|1699825273\n|-end|p1a: Brute Bonnet|Protosynthesis|[silent]\n|switch|p1a: Typhlosion|Typhlosion, F, shiny, tera:Fire|64\/100 tox\n|cant|p2a: Arbok|slp\n|\n|-weather|SunnyDay|[upkeep]\n|-heal|p2a: Arbok|100\/100 slp|[from] item: Black Sludge\n|-damage|p1a: Typhlosion|58\/100 tox|[from] psn\n|upkeep\n|turn|17\n|\n|t:|1699825281\n|switch|p2a: Toxapex|Toxapex, F|100\/100\n|move|p1a: Typhlosion|Burn Up|p2a: Toxapex\n|-resisted|p2a: Toxapex\n|-damage|p2a: Toxapex|69\/100\n|-start|p1a: Typhlosion|typechange|Fire|[from] move: Burn Up\n|\n|-weather|none\n|-damage|p1a: Typhlosion|46\/100 tox|[from] psn\n|upkeep\n|turn|18\n|-message|Lo-F1 forfeited.\n|\n|win|Pickedman\n|raw|Lo-F1's rating: 1324 &rarr; <strong>1302<\/strong><br \/>(-22 for losing)\n|raw|Pickedman's rating: 1291 &rarr; <strong>1318<\/strong><br \/>(+27 for winning)\n|l|\u2606Lo-F1\n","uploadtime":1699825296,"views":6,"p1id":"lof1","p2id":"pickedman","formatid":"gen9nationaldex","rating":1302,"private":0,"password":""}