{"id":"gen9nationaldex-1990322008","p1":"BaronTPDPurgestein","p2":"steals many wives","format":"[Gen 9] National Dex","log":"|j|\u2606BaronTPDPurgestein\n|j|\u2606steals many wives\n|t:|1699956522\n|gametype|singles\n|player|p1|BaronTPDPurgestein|artist|1124\n|player|p2|steals many wives|waitress|1127\n|teamsize|p1|6\n|teamsize|p2|6\n|gen|9\n|tier|[Gen 9] National Dex\n|rated|\n|rule|HP Percentage Mod: HP is shown in percentages\n|rule|Endless Battle Clause: Forcing endless battles is banned\n|rule|OHKO Clause: OHKO moves are banned\n|rule|Evasion Clause: Evasion abilities, items, and moves are banned\n|rule|Evasion Abilities Clause: Evasion abilities are banned\n|rule|Evasion Items Clause: Evasion items are banned\n|rule|Evasion Moves Clause: Evasion moves are banned\n|rule|Species Clause: Limit one of each Pok\u00e9mon\n|rule|Sleep Clause Mod: Limit one foe put to sleep\n|clearpoke\n|poke|p1|Beedrill, M|\n|poke|p1|Sneasler, M|\n|poke|p1|Munkidori, M|\n|poke|p1|Nidoking, M|\n|poke|p1|Skuntank, F|\n|poke|p1|Fezandipiti, M|\n|poke|p2|Aggron, M|\n|poke|p2|Ferrothorn, M|\n|poke|p2|Goodra-Hisui, F|\n|poke|p2|Celesteela|\n|poke|p2|Heatran, M|\n|poke|p2|Excadrill, M|\n|teampreview\n|\n|t:|1699956530\n|start\n|switch|p1a: Neko Von Purger|Nidoking, M, shiny|100\/100\n|switch|p2a: Lego|Ferrothorn, M|100\/100\n|turn|1\n|c|\u2606BaronTPDPurgestein|oh god dammit\n|\n|t:|1699956539\n|move|p1a: Neko Von Purger|Flamethrower|p2a: Lego\n|-supereffective|p2a: Lego\n|-damage|p2a: Lego|0 fnt\n|faint|p2a: Lego\n|\n|upkeep\n|c|\u2606steals many wives|Ah\n|\n|t:|1699956546\n|switch|p2a: Team Rocket|Celesteela|100\/100\n|turn|2\n|c|\u2606BaronTPDPurgestein|i kinda remeber u playing with mono poison too\n|\n|t:|1699956562\n|switch|p2a: Slag Heap|Heatran, M|100\/100\n|move|p1a: Neko Von Purger|Flamethrower|p2a: Slag Heap\n|-start|p2a: Slag Heap|ability: Flash Fire\n|\n|upkeep\n|turn|3\n|c|\u2606steals many wives|I have many teams\n|c|\u2606BaronTPDPurgestein|ok\n|\n|t:|1699956579\n|switch|p1a: StinkyVonPurge|Skuntank, F, shiny|100\/100\n|-item|p1a: StinkyVonPurge|Air Balloon\n|move|p2a: Slag Heap|Eruption|p1a: StinkyVonPurge\n|-damage|p1a: StinkyVonPurge|0 fnt\n|-enditem|p1a: StinkyVonPurge|Air Balloon\n|faint|p1a: StinkyVonPurge\n|\n|upkeep\n|\n|t:|1699956583\n|switch|p1a: Neko Von Purger|Nidoking, M, shiny|100\/100\n|turn|4\n|\n|t:|1699956591\n|-end|p2a: Slag Heap|ability: Flash Fire|[silent]\n|switch|p2a: Team Rocket|Celesteela|100\/100\n|move|p1a: Neko Von Purger|Flamethrower|p2a: Team Rocket\n|-supereffective|p2a: Team Rocket\n|-damage|p2a: Team Rocket|54\/100\n|\n|-heal|p2a: Team Rocket|60\/100|[from] item: Leftovers\n|upkeep\n|turn|5\n|c|\u2606steals many wives|bold\n|c|\u2606BaronTPDPurgestein|prediction\n|c|\u2606steals many wives|i like it\n|\n|t:|1699956602\n|switch|p1a: PurgeCarrier|Sneasler, M, shiny|100\/100\n|move|p2a: Team Rocket|Protect||[still]\n|-fail|p2a: Team Rocket\n|\n|-heal|p2a: Team Rocket|66\/100|[from] item: Leftovers\n|upkeep\n|turn|6\n|\n|t:|1699956609\n|move|p1a: PurgeCarrier|Close Combat|p2a: Team Rocket\n|-damage|p2a: Team Rocket|1\/100\n|-unboost|p1a: PurgeCarrier|def|1\n|-unboost|p1a: PurgeCarrier|spd|1\n|-damage|p1a: PurgeCarrier|91\/100|[from] item: Life Orb\n|move|p2a: Team Rocket|Leech Seed|p1a: PurgeCarrier\n|-start|p1a: PurgeCarrier|move: Leech Seed\n|\n|-heal|p2a: Team Rocket|7\/100|[from] item: Leftovers\n|-damage|p1a: PurgeCarrier|78\/100|[from] Leech Seed|[of] p2a: Team Rocket\n|-heal|p2a: Team Rocket|17\/100|[silent]\n|upkeep\n|turn|7\n|c|\u2606steals many wives|LETS GOOO CELESTEELA\n|\n|t:|1699956623\n|switch|p1a: SimpVonPurge|Munkidori, M|100\/100\n|-item|p2a: Team Rocket|Leftovers|[from] ability: Frisk|[of] p1a: SimpVonPurge|[identify]\n|move|p2a: Team Rocket|Protect||[still]\n|-fail|p2a: Team Rocket\n|\n|-heal|p2a: Team Rocket|23\/100|[from] item: Leftovers\n|upkeep\n|turn|8\n|c|\u2606BaronTPDPurgestein|1%\n|\n|t:|1699956635\n|move|p1a: SimpVonPurge|Trick|p2a: Team Rocket\n|-activate|p1a: SimpVonPurge|move: Trick|[of] p2a: Team Rocket\n|-item|p2a: Team Rocket|Choice Scarf|[from] move: Trick\n|-item|p1a: SimpVonPurge|Leftovers|[from] move: Trick\n|move|p2a: Team Rocket|Leech Seed|p1a: SimpVonPurge\n|-start|p1a: SimpVonPurge|move: Leech Seed\n|\n|-damage|p1a: SimpVonPurge|88\/100|[from] Leech Seed|[of] p2a: Team Rocket\n|-heal|p2a: Team Rocket|34\/100|[silent]\n|upkeep\n|turn|9\n|c|\u2606steals many wives|Oh thats good\n|\n|t:|1699956649\n|switch|p2a: Slime Shady|Goodra-Hisui, F|100\/100\n|-terastallize|p1a: SimpVonPurge|Fire\n|move|p1a: SimpVonPurge|Tera Blast|p2a: Slime Shady|[anim] Tera Blast Fire\n|-damage|p2a: Slime Shady|79\/100\n|\n|-heal|p1a: SimpVonPurge|94\/100|[from] item: Leftovers\n|-damage|p1a: SimpVonPurge|82\/100|[from] Leech Seed|[of] p2a: Slime Shady\n|-heal|p2a: Slime Shady|90\/100|[silent]\n|upkeep\n|turn|10\n|c|\u2606BaronTPDPurgestein|yeah i know\n|c|\u2606BaronTPDPurgestein|slim shady\n|c|\u2606steals many wives|finally a worthy foe\n|\n|t:|1699956665\n|move|p1a: SimpVonPurge|Parting Shot|p2a: Slime Shady\n|-unboost|p2a: Slime Shady|atk|1\n|-unboost|p2a: Slime Shady|spa|1\n|\n|t:|1699956669\n|switch|p1a: PurgeAntibird|Fezandipiti, M|100\/100|[from] Parting Shot\n|move|p2a: Slime Shady|Dragon Pulse|p1a: PurgeAntibird\n|-immune|p1a: PurgeAntibird\n|\n|upkeep\n|turn|11\n|c|\u2606BaronTPDPurgestein|bro i got lucky\n|\n|t:|1699956681\n|move|p1a: PurgeAntibird|Calm Mind|p1a: PurgeAntibird\n|-boost|p1a: PurgeAntibird|spa|1\n|-boost|p1a: PurgeAntibird|spd|1\n|move|p2a: Slime Shady|Flash Cannon|p1a: PurgeAntibird\n|-supereffective|p1a: PurgeAntibird\n|-damage|p1a: PurgeAntibird|80\/100\n|\n|-heal|p1a: PurgeAntibird|87\/100|[from] item: Leftovers\n|upkeep\n|turn|12\n|c|\u2606steals many wives|yes\n|\n|t:|1699956690\n|switch|p2a: Drilliam Wallace|Excadrill, M|100\/100\n|-ability|p2a: Drilliam Wallace|Mold Breaker\n|move|p1a: PurgeAntibird|Calm Mind|p1a: PurgeAntibird\n|-boost|p1a: PurgeAntibird|spa|1\n|-boost|p1a: PurgeAntibird|spd|1\n|\n|-heal|p1a: PurgeAntibird|93\/100|[from] item: Leftovers\n|upkeep\n|turn|13\n|\n|t:|1699956698\n|move|p2a: Drilliam Wallace|Earthquake|p1a: PurgeAntibird\n|-supereffective|p1a: PurgeAntibird\n|-damage|p1a: PurgeAntibird|0 fnt\n|faint|p1a: PurgeAntibird\n|\n|upkeep\n|c|\u2606BaronTPDPurgestein|hmmm thats bad for me\n|c|\u2606steals many wives|quite\n|\n|t:|1699956721\n|switch|p1a: SimpVonPurge|Munkidori, M, tera:Fire|82\/100\n|-item|p2a: Drilliam Wallace|Focus Sash|[from] ability: Frisk|[of] p1a: SimpVonPurge|[identify]\n|turn|14\n|\n|t:|1699956733\n|switch|p2a: Slime Shady|Goodra-Hisui, F|90\/100\n|move|p1a: SimpVonPurge|Tera Blast|p2a: Slime Shady|[anim] Tera Blast Fire\n|-damage|p2a: Slime Shady|66\/100\n|\n|-heal|p1a: SimpVonPurge|88\/100|[from] item: Leftovers\n|upkeep\n|turn|15\n|\n|t:|1699956745\n|move|p1a: SimpVonPurge|Trick|p2a: Slime Shady\n|-activate|p1a: SimpVonPurge|move: Trick|[of] p2a: Slime Shady\n|-item|p2a: Slime Shady|Leftovers|[from] move: Trick\n|-item|p1a: SimpVonPurge|Rocky Helmet|[from] move: Trick\n|move|p2a: Slime Shady|Dragon Pulse|p1a: SimpVonPurge\n|-damage|p1a: SimpVonPurge|54\/100\n|\n|-heal|p2a: Slime Shady|72\/100|[from] item: Leftovers\n|upkeep\n|turn|16\n|c|\u2606BaronTPDPurgestein|i see\n|c|\u2606steals many wives|thank you for the healing\n|\n|t:|1699956762\n|move|p1a: SimpVonPurge|Psychic|p2a: Slime Shady\n|-resisted|p2a: Slime Shady\n|-damage|p2a: Slime Shady|60\/100\n|move|p2a: Slime Shady|Dragon Pulse|p1a: SimpVonPurge\n|-damage|p1a: SimpVonPurge|23\/100\n|\n|-heal|p2a: Slime Shady|66\/100|[from] item: Leftovers\n|upkeep\n|turn|17\n|c|\u2606BaronTPDPurgestein|yeah i wanted to know if u got a berri or something\n|\n|t:|1699956777\n|move|p1a: SimpVonPurge|Tera Blast|p2a: Slime Shady|[anim] Tera Blast Fire\n|-damage|p2a: Slime Shady|43\/100\n|move|p2a: Slime Shady|Substitute|p2a: Slime Shady\n|-start|p2a: Slime Shady|Substitute\n|-damage|p2a: Slime Shady|18\/100\n|\n|-heal|p2a: Slime Shady|24\/100|[from] item: Leftovers\n|upkeep\n|turn|18\n|\n|t:|1699956784\n|move|p1a: SimpVonPurge|Tera Blast|p2a: Slime Shady|[anim] Tera Blast Fire\n|-activate|p2a: Slime Shady|move: Substitute|[damage]\n|move|p2a: Slime Shady|Dragon Pulse|p1a: SimpVonPurge\n|-damage|p1a: SimpVonPurge|0 fnt\n|faint|p1a: SimpVonPurge\n|\n|-heal|p2a: Slime Shady|30\/100|[from] item: Leftovers\n|upkeep\n|c|\u2606BaronTPDPurgestein|wait u run subs without lefties?\n|c|\u2606steals many wives|i may have cut it a little close there\n|\n|t:|1699956803\n|switch|p1a: Neko Von Purger|Nidoking, M, shiny|100\/100\n|turn|19\n|c|\u2606steals many wives|yeah, i like to get wild\n|\n|t:|1699956813\n|move|p1a: Neko Von Purger|Flamethrower|p2a: Slime Shady\n|-end|p2a: Slime Shady|Substitute\n|move|p2a: Slime Shady|Dragon Pulse|p1a: Neko Von Purger\n|-damage|p1a: Neko Von Purger|56\/100\n|\n|-heal|p2a: Slime Shady|36\/100|[from] item: Leftovers\n|upkeep\n|turn|20\n|c|\u2606BaronTPDPurgestein|i see\n|\n|t:|1699956822\n|move|p1a: Neko Von Purger|Flamethrower|p2a: Slime Shady\n|-crit|p2a: Slime Shady\n|-damage|p2a: Slime Shady|9\/100\n|move|p2a: Slime Shady|Dragon Pulse|p1a: Neko Von Purger\n|-damage|p1a: Neko Von Purger|9\/100\n|\n|-heal|p2a: Slime Shady|15\/100|[from] item: Leftovers\n|upkeep\n|turn|21\n|\n|t:|1699956830\n|switch|p1a: BeePurging|Beedrill, M|100\/100\n|move|p2a: Slime Shady|Dragon Pulse|p1a: BeePurging\n|-damage|p1a: BeePurging|48\/100\n|\n|-heal|p2a: Slime Shady|21\/100|[from] item: Leftovers\n|upkeep\n|turn|22\n|\n|t:|1699956839\n|switch|p2a: Team Rocket|Celesteela|34\/100\n|detailschange|p1a: BeePurging|Beedrill-Mega, M\n|-mega|p1a: BeePurging|Beedrill|Beedrillite\n|move|p1a: BeePurging|Fell Stinger|p2a: Team Rocket\n|-resisted|p2a: Team Rocket\n|-damage|p2a: Team Rocket|27\/100\n|\n|upkeep\n|turn|23\n|\n|t:|1699956845\n|move|p1a: BeePurging|Knock Off|p2a: Team Rocket\n|-damage|p2a: Team Rocket|0 fnt\n|-enditem|p2a: Team Rocket|Choice Scarf|[from] move: Knock Off|[of] p1a: BeePurging\n|faint|p2a: Team Rocket\n|\n|upkeep\n|c|\u2606steals many wives|hmmm, i see\n|\n|t:|1699956861\n|switch|p2a: The Wall|Aggron, M|100\/100\n|turn|24\n|c|\u2606BaronTPDPurgestein|da purge squad\n|\n|t:|1699956868\n|detailschange|p2a: The Wall|Aggron-Mega, M\n|-mega|p2a: The Wall|Aggron|Aggronite\n|move|p1a: BeePurging|Drill Run|p2a: The Wall\n|-supereffective|p2a: The Wall\n|-damage|p2a: The Wall|81\/100\n|move|p2a: The Wall|Iron Head|p1a: BeePurging\n|-damage|p1a: BeePurging|0 fnt\n|faint|p1a: BeePurging\n|\n|upkeep\n|\n|t:|1699956873\n|switch|p1a: Neko Von Purger|Nidoking, M, shiny|9\/100\n|turn|25\n|c|\u2606steals many wives|can't break the wall\n|\n|t:|1699956881\n|move|p1a: Neko Von Purger|Earth Power|p2a: The Wall\n|-supereffective|p2a: The Wall\n|-damage|p2a: The Wall|0 fnt\n|faint|p2a: The Wall\n|\n|upkeep\n|c|\u2606BaronTPDPurgestein|u sure?\n|c|\u2606steals many wives|i was wrong\n|c|\u2606BaronTPDPurgestein|hehehe\n|\n|t:|1699956897\n|switch|p2a: Drilliam Wallace|Excadrill, M|100\/100\n|-ability|p2a: Drilliam Wallace|Mold Breaker\n|turn|26\n|\n|t:|1699956902\n|move|p1a: Neko Von Purger|Earth Power|p2a: Drilliam Wallace\n|-supereffective|p2a: Drilliam Wallace\n|-enditem|p2a: Drilliam Wallace|Focus Sash\n|-damage|p2a: Drilliam Wallace|1\/100\n|move|p2a: Drilliam Wallace|Earthquake|p1a: Neko Von Purger\n|-supereffective|p1a: Neko Von Purger\n|-damage|p1a: Neko Von Purger|0 fnt\n|faint|p1a: Neko Von Purger\n|\n|upkeep\n|c|\u2606BaronTPDPurgestein|oh yeah sahs\n|\n|t:|1699956908\n|switch|p1a: PurgeCarrier|Sneasler, M, shiny|78\/100\n|turn|27\n|c|\u2606steals many wives|Ah, i thought you were scarfed\n|\n|t:|1699956912\n|move|p1a: PurgeCarrier|Fake Out|p2a: Drilliam Wallace\n|-resisted|p2a: Drilliam Wallace\n|-damage|p2a: Drilliam Wallace|0 fnt\n|faint|p2a: Drilliam Wallace\n|-damage|p1a: PurgeCarrier|68\/100|[from] item: Life Orb\n|\n|upkeep\n|c|\u2606BaronTPDPurgestein|yeah\n|\n|t:|1699956919\n|switch|p2a: Slag Heap|Heatran, M|100\/100\n|turn|28\n|c|\u2606BaronTPDPurgestein|i was\n|c|\u2606steals many wives|hey hey\n|c|\u2606steals many wives|ever hear of eruption?\n|\n|t:|1699956928\n|move|p2a: Slag Heap|Eruption|p1a: PurgeCarrier\n|-damage|p1a: PurgeCarrier|0 fnt\n|faint|p1a: PurgeCarrier\n|\n|win|steals many wives\n|raw|BaronTPDPurgestein's rating: 1124 &rarr; <strong>1099<\/strong><br \/>(-25 for losing)\n|raw|steals many wives's rating: 1127 &rarr; <strong>1152<\/strong><br \/>(+25 for winning)\n|c|\u2606BaronTPDPurgestein|oh u were scarfed\n|c|\u2606steals many wives|yep\n|c|\u2606BaronTPDPurgestein|lol gg\n|c|\u2606steals many wives|gg\n|c|\u2606BaronTPDPurgestein|wp\n|c|\u2606steals many wives|thank you\n|c|\u2606BaronTPDPurgestein|honestly tnat suprised me\n|c|\u2606BaronTPDPurgestein|scarf on heatran\n|c|\u2606steals many wives|what, scarf eruption?\n|c|\u2606BaronTPDPurgestein|yeah i never seen that on heatran\n|c|\u2606BaronTPDPurgestein|its usually just tanky\n|c|\u2606steals many wives|it has a special attack stat of 359, and the second strongest fire attack\n|c|\u2606BaronTPDPurgestein|i know thats op as f\n|c|\u2606BaronTPDPurgestein|well gg anyway\n","uploadtime":1699956958,"views":3,"p1id":"barontpdpurgestein","p2id":"stealsmanywives","formatid":"gen9nationaldex","rating":1099,"private":0,"password":""}