{"id":"gen9nationaldex-1995483939","p1":"X1aouo","p2":"AerBlaziken","format":"[Gen 9] National Dex","log":"|html|<div class=\"broadcast-blue\"><strong>[Gen 9] National Dex is currently suspecting Sneasler! For information on how to participate check out the <a href=\"https:\/\/www.smogon.com\/forums\/threads\/sv-national-dex-suspect-8-just-dance.3731534\/\">suspect thread<\/a>.<\/strong><\/div>\n|j|\u2606X1aouo\n|j|\u2606AerBlaziken\n|t:|1700575856\n|gametype|singles\n|player|p1|X1aouo|102|1239\n|player|p2|AerBlaziken|hexmaniac-gen6|1317\n|teamsize|p1|6\n|teamsize|p2|6\n|gen|9\n|tier|[Gen 9] National Dex\n|rated|\n|rule|HP Percentage Mod: HP is shown in percentages\n|rule|Endless Battle Clause: Forcing endless battles is banned\n|rule|OHKO Clause: OHKO moves are banned\n|rule|Evasion Clause: Evasion abilities, items, and moves are banned\n|rule|Evasion Abilities Clause: Evasion abilities are banned\n|rule|Evasion Items Clause: Evasion items are banned\n|rule|Evasion Moves Clause: Evasion moves are banned\n|rule|Species Clause: Limit one of each Pok\u00e9mon\n|rule|Sleep Clause Mod: Limit one foe put to sleep\n|clearpoke\n|poke|p1|Ogerpon-Cornerstone, F|\n|poke|p1|Tyranitar, M|\n|poke|p1|Ferrothorn, F|\n|poke|p1|Scizor, M|\n|poke|p1|Sinistcha-Masterpiece|\n|poke|p1|Landorus-Therian, M|\n|poke|p2|Wo-Chien|\n|poke|p2|Porygon-Z|\n|poke|p2|Rhydon, M|\n|poke|p2|Scizor, M|\n|poke|p2|Dusknoir, F|\n|poke|p2|Zoroark-Hisui, M|\n|teampreview\n|inactive|Battle timer is ON: inactive players will automatically lose when time's up. (requested by X1aouo)\n|\n|t:|1700575870\n|start\n|switch|p1a: Tyranitar|Tyranitar, M|100\/100\n|switch|p2a: Deez Nuts|Rhydon, M|100\/100\n|-weather|Sandstorm|[from] ability: Sand Stream|[of] p1a: Tyranitar\n|turn|1\n|\n|t:|1700575874\n|move|p1a: Tyranitar|Stealth Rock|p2a: Deez Nuts\n|-sidestart|p2: AerBlaziken|move: Stealth Rock\n|move|p2a: Deez Nuts|Power-Up Punch|p1a: Tyranitar\n|-supereffective|p1a: Tyranitar\n|-damage|p1a: Tyranitar|51\/100\n|-boost|p2a: Deez Nuts|atk|1\n|\n|-weather|Sandstorm|[upkeep]\n|upkeep\n|turn|2\n|\n|t:|1700575882\n|switch|p1a: Sinistcha|Sinistcha-Masterpiece|100\/100\n|move|p2a: Deez Nuts|Stone Edge|p1a: Sinistcha\n|-damage|p1a: Sinistcha|45\/100\n|\n|-weather|Sandstorm|[upkeep]\n|-damage|p1a: Sinistcha|39\/100|[from] Sandstorm\n|-heal|p1a: Sinistcha|45\/100|[from] item: Leftovers\n|upkeep\n|turn|3\n|l|\u2606AerBlaziken\n|inactive|AerBlaziken disconnected and has a minute to reconnect!\n|player|p2|\n|inactive|AerBlaziken has 30 seconds to reconnect!\n|j|\u2606AerBlaziken\n|inactive|AerBlaziken reconnected and has 95 seconds left.\n|player|p2|AerBlaziken|hexmaniac-gen6\n|\n|t:|1700575939\n|switch|p2a: LiveSlugReaction|Wo-Chien|100\/100\n|-damage|p2a: LiveSlugReaction|88\/100|[from] Stealth Rock\n|-ability|p2a: LiveSlugReaction|Tablets of Ruin\n|move|p1a: Sinistcha|Strength Sap|p2a: LiveSlugReaction\n|-unboost|p2a: LiveSlugReaction|atk|1\n|-heal|p1a: Sinistcha|90\/100\n|\n|-weather|Sandstorm|[upkeep]\n|-damage|p2a: LiveSlugReaction|82\/100|[from] Sandstorm\n|-damage|p1a: Sinistcha|84\/100|[from] Sandstorm\n|-heal|p1a: Sinistcha|90\/100|[from] item: Leftovers\n|upkeep\n|turn|4\n|\n|t:|1700575953\n|switch|p1a: Landorus|Landorus-Therian, M|100\/100\n|-ability|p1a: Landorus|Intimidate|boost\n|-unboost|p2a: LiveSlugReaction|atk|1\n|move|p2a: LiveSlugReaction|Ruination|p1a: Landorus\n|-damage|p1a: Landorus|50\/100\n|\n|-weather|Sandstorm|[upkeep]\n|-damage|p2a: LiveSlugReaction|76\/100|[from] Sandstorm\n|upkeep\n|turn|5\n|\n|t:|1700575956\n|move|p1a: Landorus|U-turn|p2a: LiveSlugReaction\n|-supereffective|p2a: LiveSlugReaction\n|-damage|p2a: LiveSlugReaction|24\/100\n|\n|t:|1700575963\n|switch|p1a: Tyranitar|Tyranitar, M|51\/100|[from] U-turn\n|move|p2a: LiveSlugReaction|Giga Drain|p1a: Tyranitar\n|-supereffective|p1a: Tyranitar\n|-damage|p1a: Tyranitar|16\/100\n|-heal|p2a: LiveSlugReaction|49\/100|[from] drain|[of] p1a: Tyranitar\n|\n|-weather|Sandstorm|[upkeep]\n|-damage|p2a: LiveSlugReaction|43\/100|[from] Sandstorm\n|upkeep\n|turn|6\n|\n|t:|1700575970\n|switch|p1a: Landorus|Landorus-Therian, M|50\/100\n|-ability|p1a: Landorus|Intimidate|boost\n|-unboost|p2a: LiveSlugReaction|atk|1\n|move|p2a: LiveSlugReaction|Giga Drain|p1a: Landorus\n|-damage|p1a: Landorus|20\/100\n|-heal|p2a: LiveSlugReaction|65\/100|[from] drain|[of] p1a: Landorus\n|\n|-weather|Sandstorm|[upkeep]\n|-damage|p2a: LiveSlugReaction|59\/100|[from] Sandstorm\n|upkeep\n|turn|7\n|\n|t:|1700575974\n|move|p1a: Landorus|U-turn|p2a: LiveSlugReaction\n|-supereffective|p2a: LiveSlugReaction\n|-damage|p2a: LiveSlugReaction|4\/100\n|\n|t:|1700575978\n|switch|p1a: Sinistcha|Sinistcha-Masterpiece|90\/100|[from] U-turn\n|move|p2a: LiveSlugReaction|Giga Drain|p1a: Sinistcha\n|-resisted|p1a: Sinistcha\n|-damage|p1a: Sinistcha|72\/100\n|-heal|p2a: LiveSlugReaction|16\/100|[from] drain|[of] p1a: Sinistcha\n|\n|-weather|Sandstorm|[upkeep]\n|-damage|p2a: LiveSlugReaction|10\/100|[from] Sandstorm\n|-damage|p1a: Sinistcha|66\/100|[from] Sandstorm\n|-heal|p1a: Sinistcha|72\/100|[from] item: Leftovers\n|upkeep\n|turn|8\n|\n|t:|1700575982\n|move|p2a: LiveSlugReaction|Protect|p2a: LiveSlugReaction\n|-singleturn|p2a: LiveSlugReaction|Protect\n|move|p1a: Sinistcha|Calm Mind|p1a: Sinistcha\n|-boost|p1a: Sinistcha|spa|1\n|-boost|p1a: Sinistcha|spd|1\n|\n|-weather|none\n|-heal|p1a: Sinistcha|78\/100|[from] item: Leftovers\n|upkeep\n|turn|9\n|\n|t:|1700575989\n|move|p2a: LiveSlugReaction|Ruination|p1a: Sinistcha\n|-damage|p1a: Sinistcha|40\/100\n|move|p1a: Sinistcha|Calm Mind|p1a: Sinistcha\n|-boost|p1a: Sinistcha|spa|1\n|-boost|p1a: Sinistcha|spd|1\n|\n|-heal|p1a: Sinistcha|46\/100|[from] item: Leftovers\n|upkeep\n|turn|10\n|\n|t:|1700575993\n|move|p2a: LiveSlugReaction|Ruination|p1a: Sinistcha\n|-damage|p1a: Sinistcha|23\/100\n|move|p1a: Sinistcha|Matcha Gotcha|p2a: LiveSlugReaction\n|-resisted|p2a: LiveSlugReaction\n|-damage|p2a: LiveSlugReaction|0 fnt\n|-heal|p1a: Sinistcha|28\/100|[from] drain|[of] p2a: LiveSlugReaction\n|faint|p2a: LiveSlugReaction\n|\n|-heal|p1a: Sinistcha|34\/100|[from] item: Leftovers\n|upkeep\n|\n|t:|1700576003\n|switch|p2a: #FreePorygon|Porygon-Z, shiny|100\/100\n|-damage|p2a: #FreePorygon|88\/100|[from] Stealth Rock\n|turn|11\n|\n|t:|1700576015\n|move|p2a: #FreePorygon|Shadow Ball|p1a: Sinistcha\n|-supereffective|p1a: Sinistcha\n|-crit|p1a: Sinistcha\n|-damage|p1a: Sinistcha|0 fnt\n|faint|p1a: Sinistcha\n|-damage|p2a: #FreePorygon|78\/100|[from] item: Life Orb\n|\n|upkeep\n|-message|X1aouo forfeited.\n|\n|win|AerBlaziken\n|raw|X1aouo's rating: 1239 &rarr; <strong>1220<\/strong><br \/>(-19 for losing)\n|raw|AerBlaziken's rating: 1317 &rarr; <strong>1333<\/strong><br \/>(+16 for winning)\n|l|\u2606X1aouo\n","uploadtime":1700576027,"views":1,"p1id":"x1aouo","p2id":"aerblaziken","formatid":"gen9nationaldex","rating":1220,"private":0,"password":""}