{"id":"gen9nationaldex-1996682226","p1":"Will55555","p2":"iamjustanillusion","format":"[Gen 9] National Dex","log":"|html|<div class=\"broadcast-blue\"><strong>[Gen 9] National Dex is currently suspecting Sneasler! For information on how to participate check out the <a href=\"https:\/\/www.smogon.com\/forums\/threads\/sv-national-dex-suspect-8-just-dance.3731534\/\">suspect thread<\/a>.<\/strong><\/div>\n|j|\u2606Will55555\n|j|\u2606iamjustanillusion\n|t:|1700709132\n|gametype|singles\n|player|p1|Will55555|169|\n|player|p2|iamjustanillusion|winona|\n|teamsize|p1|6\n|teamsize|p2|6\n|gen|9\n|tier|[Gen 9] National Dex\n|rule|HP Percentage Mod: HP is shown in percentages\n|rule|Endless Battle Clause: Forcing endless battles is banned\n|rule|OHKO Clause: OHKO moves are banned\n|rule|Evasion Clause: Evasion abilities, items, and moves are banned\n|rule|Evasion Abilities Clause: Evasion abilities are banned\n|rule|Evasion Items Clause: Evasion items are banned\n|rule|Evasion Moves Clause: Evasion moves are banned\n|rule|Species Clause: Limit one of each Pok\u00e9mon\n|rule|Sleep Clause Mod: Limit one foe put to sleep\n|clearpoke\n|poke|p1|Pawmot, M|\n|poke|p1|Blissey, F|\n|poke|p1|Alomomola, F|\n|poke|p1|Iron Valiant|\n|poke|p1|Landorus-Therian, M|\n|poke|p1|Dragonite, M|\n|poke|p2|Minior|\n|poke|p2|Flygon, M|\n|poke|p2|Gliscor, M|\n|poke|p2|Aerodactyl, M|\n|poke|p2|Latios, M|\n|poke|p2|Dragonite, M|\n|teampreview\n|\n|t:|1700709160\n|start\n|switch|p1a: Landorus|Landorus-Therian, M|100\/100\n|switch|p2a: Gliscor|Gliscor, M|100\/100\n|-ability|p1a: Landorus|Intimidate|boost\n|-unboost|p2a: Gliscor|atk|1\n|turn|1\n|\n|t:|1700709179\n|move|p1a: Landorus|Stealth Rock|p2a: Gliscor\n|-sidestart|p2: iamjustanillusion|move: Stealth Rock\n|move|p2a: Gliscor|Toxic|p1a: Landorus\n|-status|p1a: Landorus|tox\n|\n|-damage|p1a: Landorus|94\/100 tox|[from] psn\n|-status|p2a: Gliscor|tox|[from] item: Toxic Orb\n|upkeep\n|turn|2\n|\n|t:|1700709190\n|move|p1a: Landorus|U-turn|p2a: Gliscor\n|-resisted|p2a: Gliscor\n|-damage|p2a: Gliscor|94\/100 tox\n|\n|t:|1700709202\n|switch|p1a: Alomomola|Alomomola, F|100\/100|[from] U-turn\n|move|p2a: Gliscor|Toxic|p1a: Alomomola\n|-status|p1a: Alomomola|tox\n|\n|-heal|p2a: Gliscor|100\/100 tox|[from] ability: Poison Heal\n|-damage|p1a: Alomomola|94\/100 tox|[from] psn\n|upkeep\n|turn|3\n|\n|t:|1700709217\n|move|p2a: Gliscor|Protect|p2a: Gliscor\n|-singleturn|p2a: Gliscor|Protect\n|move|p1a: Alomomola|Flip Turn|p2a: Gliscor\n|-activate|p2a: Gliscor|move: Protect\n|\n|-damage|p1a: Alomomola|82\/100 tox|[from] psn\n|upkeep\n|turn|4\n|\n|t:|1700709223\n|move|p2a: Gliscor|Toxic|p1a: Alomomola\n|-fail|p1a: Alomomola|tox\n|move|p1a: Alomomola|Flip Turn|p2a: Gliscor\n|-supereffective|p2a: Gliscor\n|-damage|p2a: Gliscor|80\/100 tox\n|\n|t:|1700709248\n|switch|p1a: Dragonite|Dragonite, M|100\/100|[from] Flip Turn\n|\n|-heal|p2a: Gliscor|92\/100 tox|[from] ability: Poison Heal\n|upkeep\n|turn|5\n|\n|t:|1700709256\n|move|p1a: Dragonite|Dragon Dance|p1a: Dragonite\n|-boost|p1a: Dragonite|atk|1\n|-boost|p1a: Dragonite|spe|1\n|move|p2a: Gliscor|Toxic|p1a: Dragonite\n|-status|p1a: Dragonite|tox\n|\n|-damage|p1a: Dragonite|94\/100 tox|[from] psn\n|-heal|p2a: Gliscor|100\/100 tox|[from] ability: Poison Heal\n|upkeep\n|turn|6\n|\n|t:|1700709265\n|move|p2a: Gliscor|Protect|p2a: Gliscor\n|-singleturn|p2a: Gliscor|Protect\n|move|p1a: Dragonite|Dragon Dance|p1a: Dragonite\n|-boost|p1a: Dragonite|atk|1\n|-boost|p1a: Dragonite|spe|1\n|\n|-damage|p1a: Dragonite|82\/100 tox|[from] psn\n|upkeep\n|turn|7\n|\n|t:|1700709287\n|move|p1a: Dragonite|Outrage|p2a: Gliscor\n|-damage|p2a: Gliscor|13\/100 tox\n|move|p2a: Gliscor|Roost|p2a: Gliscor\n|-heal|p2a: Gliscor|63\/100 tox\n|-singleturn|p2a: Gliscor|move: Roost\n|\n|-damage|p1a: Dragonite|63\/100 tox|[from] psn\n|-heal|p2a: Gliscor|76\/100 tox|[from] ability: Poison Heal\n|upkeep\n|turn|8\n|\n|t:|1700709298\n|move|p2a: Gliscor|Protect|p2a: Gliscor\n|-singleturn|p2a: Gliscor|Protect\n|move|p1a: Dragonite|Outrage|p2a: Gliscor|[from]lockedmove\n|-activate|p2a: Gliscor|move: Protect\n|\n|-damage|p1a: Dragonite|39\/100 tox|[from] psn\n|-heal|p2a: Gliscor|88\/100 tox|[from] ability: Poison Heal\n|upkeep\n|turn|9\n|\n|t:|1700709309\n|move|p1a: Dragonite|Outrage|p2a: Gliscor\n|-damage|p2a: Gliscor|6\/100 tox\n|move|p2a: Gliscor|Roost|p2a: Gliscor\n|-heal|p2a: Gliscor|56\/100 tox\n|-singleturn|p2a: Gliscor|move: Roost\n|\n|-damage|p1a: Dragonite|8\/100 tox|[from] psn\n|-heal|p2a: Gliscor|68\/100 tox|[from] ability: Poison Heal\n|upkeep\n|turn|10\n|\n|t:|1700709320\n|move|p2a: Gliscor|Protect|p2a: Gliscor\n|-singleturn|p2a: Gliscor|Protect\n|move|p1a: Dragonite|Outrage|p2a: Gliscor|[from]lockedmove\n|-activate|p2a: Gliscor|move: Protect\n|-start|p1a: Dragonite|confusion|[fatigue]\n|\n|-damage|p1a: Dragonite|0 fnt|[from] psn\n|faint|p1a: Dragonite\n|-heal|p2a: Gliscor|81\/100 tox|[from] ability: Poison Heal\n|upkeep\n|c|\u2606iamjustanillusion|sorry :\/\n|\n|t:|1700709347\n|switch|p1a: Pawmot|Pawmot, M|100\/100\n|turn|11\n|\n|t:|1700709351\n|move|p1a: Pawmot|Revival Blessing|p1a: Pawmot\n|-enditem|p1a: Pawmot|Leppa Berry|[eat]\n|-activate|p1a: Pawmot|item: Leppa Berry|Revival Blessing|[consumed]\n|\n|t:|1700709354\n|-heal|p1: Dragonite|50\/100|[from] move: Revival Blessing\n|move|p2a: Gliscor|Roost|p2a: Gliscor\n|-heal|p2a: Gliscor|100\/100 tox\n|-singleturn|p2a: Gliscor|move: Roost\n|\n|upkeep\n|turn|12\n|\n|t:|1700709363\n|move|p1a: Pawmot|Encore|p2a: Gliscor\n|-start|p2a: Gliscor|Encore\n|move|p2a: Gliscor|Roost||[still]\n|-fail|p2a: Gliscor|heal\n|\n|upkeep\n|turn|13\n|c|\u2606Will55555|sorry\n|\n|t:|1700709374\n|switch|p1a: Dragonite|Dragonite, M|50\/100\n|switch|p2a: Latios|Latios, M|100\/100\n|-damage|p2a: Latios|88\/100|[from] Stealth Rock\n|\n|upkeep\n|turn|14\n|\n|t:|1700709384\n|switch|p1a: Iron Valiant|Iron Valiant|100\/100\n|-enditem|p1a: Iron Valiant|Booster Energy\n|-activate|p1a: Iron Valiant|ability: Quark Drive|[fromitem]\n|-start|p1a: Iron Valiant|quarkdrivespe\n|move|p2a: Latios|Dragon Pulse|p1a: Iron Valiant\n|-immune|p1a: Iron Valiant\n|\n|upkeep\n|turn|15\n|\n|t:|1700709392\n|-terastallize|p2a: Latios|Water\n|move|p1a: Iron Valiant|Encore|p2a: Latios\n|-start|p2a: Latios|Encore\n|move|p2a: Latios|Dragon Pulse|p1a: Iron Valiant\n|-immune|p1a: Iron Valiant\n|\n|upkeep\n|turn|16\n|\n|t:|1700709402\n|switch|p2a: Aerodactyl|Aerodactyl, M|100\/100\n|-ability|p2a: Aerodactyl|Unnerve\n|-damage|p2a: Aerodactyl|76\/100|[from] Stealth Rock\n|move|p1a: Iron Valiant|Calm Mind|p1a: Iron Valiant\n|-boost|p1a: Iron Valiant|spa|1\n|-boost|p1a: Iron Valiant|spd|1\n|\n|upkeep\n|turn|17\n|\n|t:|1700709435\n|detailschange|p2a: Aerodactyl|Aerodactyl-Mega, M\n|-mega|p2a: Aerodactyl|Aerodactyl|Aerodactylite\n|move|p1a: Iron Valiant|Thunderbolt|p2a: Aerodactyl\n|-supereffective|p2a: Aerodactyl\n|-damage|p2a: Aerodactyl|0 fnt\n|faint|p2a: Aerodactyl\n|\n|upkeep\n|\n|t:|1700709440\n|switch|p2a: Dragonite|Dragonite, M|100\/100\n|turn|18\n|\n|t:|1700709448\n|move|p2a: Dragonite|Extreme Speed|p1a: Iron Valiant\n|-damage|p1a: Iron Valiant|60\/100\n|move|p1a: Iron Valiant|Moonblast|p2a: Dragonite\n|-supereffective|p2a: Dragonite\n|-damage|p2a: Dragonite|21\/100\n|\n|upkeep\n|turn|19\n|\n|t:|1700709463\n|move|p2a: Dragonite|Extreme Speed|p1a: Iron Valiant\n|-damage|p1a: Iron Valiant|17\/100\n|move|p1a: Iron Valiant|Moonblast|p2a: Dragonite\n|-supereffective|p2a: Dragonite\n|-damage|p2a: Dragonite|0 fnt\n|faint|p2a: Dragonite\n|\n|upkeep\n|\n|t:|1700709475\n|switch|p2a: Gliscor|Gliscor, M|100\/100 tox\n|-damage|p2a: Gliscor|88\/100 tox|[from] Stealth Rock\n|turn|20\n|\n|t:|1700709523\n|move|p1a: Iron Valiant|Moonblast|p2a: Gliscor\n|-damage|p2a: Gliscor|8\/100 tox\n|-unboost|p2a: Gliscor|spa|1\n|move|p2a: Gliscor|Earthquake|p1a: Iron Valiant\n|-damage|p1a: Iron Valiant|0 fnt\n|faint|p1a: Iron Valiant\n|-end|p1a: Iron Valiant|Quark Drive|[silent]\n|\n|-heal|p2a: Gliscor|20\/100 tox|[from] ability: Poison Heal\n|upkeep\n|\n|t:|1700709534\n|switch|p1a: Dragonite|Dragonite, M|50\/100\n|turn|21\n|\n|t:|1700709543\n|move|p2a: Gliscor|Protect|p2a: Gliscor\n|-singleturn|p2a: Gliscor|Protect\n|move|p1a: Dragonite|Dragon Dance|p1a: Dragonite\n|-boost|p1a: Dragonite|atk|1\n|-boost|p1a: Dragonite|spe|1\n|\n|-heal|p2a: Gliscor|32\/100 tox|[from] ability: Poison Heal\n|upkeep\n|turn|22\n|c|\u2606iamjustanillusion|speed it up\n|c|\u2606iamjustanillusion|my mom is gonna kill me soon\n|\n|t:|1700709569\n|-terastallize|p1a: Dragonite|Normal\n|move|p1a: Dragonite|Extreme Speed|p2a: Gliscor\n|-damage|p2a: Gliscor|0 fnt\n|faint|p2a: Gliscor\n|\n|upkeep\n|\n|t:|1700709574\n|switch|p2a: Latios|Latios, M, tera:Water|88\/100\n|-damage|p2a: Latios|76\/100|[from] Stealth Rock\n|turn|23\n|\n|t:|1700709590\n|move|p1a: Dragonite|Outrage|p2a: Latios\n|-damage|p2a: Latios|0 fnt\n|faint|p2a: Latios\n|\n|upkeep\n|\n|t:|1700709599\n|switch|p2a: Flygon|Flygon, M|100\/100\n|-damage|p2a: Flygon|95\/100|[from] Stealth Rock\n|turn|24\n|\n|t:|1700709603\n|move|p1a: Dragonite|Outrage|p2a: Flygon|[from]lockedmove\n|-supereffective|p2a: Flygon\n|-damage|p2a: Flygon|0 fnt\n|faint|p2a: Flygon\n|-start|p1a: Dragonite|confusion|[fatigue]\n|\n|upkeep\n|c|\u2606iamjustanillusion|oh wel\n|c|\u2606iamjustanillusion|gg\n|\n|t:|1700709609\n|switch|p2a: Minior|Minior|100\/100\n|-damage|p2a: Minior|76\/100|[from] Stealth Rock\n|-formechange|p2a: Minior|Minior-Meteor||[from] ability: Shields Down\n|turn|25\n|\n|t:|1700709619\n|-activate|p1a: Dragonite|confusion\n|-damage|p1a: Dragonite|23\/100|[from] confusion\n|move|p2a: Minior|Shell Smash|p2a: Minior\n|-unboost|p2a: Minior|def|1\n|-unboost|p2a: Minior|spd|1\n|-boost|p2a: Minior|atk|2\n|-boost|p2a: Minior|spa|2\n|-boost|p2a: Minior|spe|2\n|\n|upkeep\n|turn|26\n|\n|t:|1700709627\n|-activate|p1a: Dragonite|confusion\n|-damage|p1a: Dragonite|0 fnt|[from] confusion\n|faint|p1a: Dragonite\n|move|p2a: Minior|Acrobatics|p1: Dragonite|[notarget]\n|-fail|p2a: Minior\n|\n|upkeep\n|c|\u2606iamjustanillusion|:\/\n|c|\u2606iamjustanillusion|well thats something i guess\n|inactive|Battle timer is ON: inactive players will automatically lose when time's up. (requested by iamjustanillusion)\n|\n|t:|1700709664\n|switch|p1a: Alomomola|Alomomola, F|100\/100 tox\n|turn|27\n|\n|t:|1700709670\n|move|p2a: Minior|Rock Slide|p1a: Alomomola\n|-damage|p1a: Alomomola|73\/100 tox\n|move|p1a: Alomomola|Toxic|p2a: Minior\n|-immune|p2a: Minior|[from] ability: Shields Down\n|\n|-damage|p1a: Alomomola|67\/100 tox|[from] psn\n|upkeep\n|turn|28\n|\n|t:|1700709685\n|move|p2a: Minior|Acrobatics|p1a: Alomomola\n|-damage|p1a: Alomomola|49\/100 tox\n|move|p1a: Alomomola|Flip Turn|p2a: Minior\n|-supereffective|p2a: Minior\n|-damage|p2a: Minior|9\/100\n|\n|t:|1700709693\n|switch|p1a: Pawmot|Pawmot, M|100\/100|[from] Flip Turn\n|\n|-formechange|p2a: Minior|Minior||[from] ability: Shields Down\n|upkeep\n|turn|29\n|\n|t:|1700709705\n|move|p2a: Minior|Acrobatics|p1a: Pawmot\n|-damage|p1a: Pawmot|23\/100\n|move|p1a: Pawmot|Revival Blessing|p1a: Pawmot\n|\n|t:|1700709710\n|-heal|p1: Dragonite|50\/100|[from] move: Revival Blessing\n|\n|upkeep\n|turn|30\n|c|\u2606iamjustanillusion|mate\n|\n|t:|1700709717\n|move|p2a: Minior|Acrobatics|p1a: Pawmot\n|-damage|p1a: Pawmot|0 fnt\n|faint|p1a: Pawmot\n|\n|upkeep\n|c|\u2606iamjustanillusion|just finish it already\n|\n|t:|1700709721\n|switch|p1a: Dragonite|Dragonite, M|50\/100\n|turn|31\n|c|\u2606iamjustanillusion|stop goofing around\n|\n|t:|1700709725\n|move|p1a: Dragonite|Extreme Speed|p2a: Minior\n|-resisted|p2a: Minior\n|-damage|p2a: Minior|0 fnt\n|faint|p2a: Minior\n|\n|win|Will55555\n|c|\u2606iamjustanillusion|finally\n|c|\u2606Will55555|gg\n|c|\u2606iamjustanillusion|i can sleep\n","uploadtime":1700709732,"views":8,"p1id":"will55555","p2id":"iamjustanillusion","formatid":"gen9nationaldex","rating":0,"private":0,"password":""}