{"id":"gen9nationaldex-1991994437","p1":"e.daniel3","p2":"Infinityn't","format":"[Gen 9] National Dex","log":"|j|\u2606e.daniel3\n|j|\u2606Infinityn't\n|t:|1700146030\n|gametype|singles\n|player|p1|e.daniel3|alder|1207\n|player|p2|Infinityn't|veteran|1296\n|teamsize|p1|6\n|teamsize|p2|6\n|gen|9\n|tier|[Gen 9] National Dex\n|rated|\n|rule|HP Percentage Mod: HP is shown in percentages\n|rule|Endless Battle Clause: Forcing endless battles is banned\n|rule|OHKO Clause: OHKO moves are banned\n|rule|Evasion Clause: Evasion abilities, items, and moves are banned\n|rule|Evasion Abilities Clause: Evasion abilities are banned\n|rule|Evasion Items Clause: Evasion items are banned\n|rule|Evasion Moves Clause: Evasion moves are banned\n|rule|Species Clause: Limit one of each Pok\u00e9mon\n|rule|Sleep Clause Mod: Limit one foe put to sleep\n|clearpoke\n|poke|p1|Volcarona, M|\n|poke|p1|Braviary-Hisui, M|\n|poke|p1|Aegislash, F|\n|poke|p1|Quaquaval, F|\n|poke|p1|Arboliva, M|\n|poke|p1|Dragonite, F|\n|poke|p2|Charizard, M|\n|poke|p2|Blacephalon|\n|poke|p2|Great Tusk|\n|poke|p2|Lilligant-Hisui, F|\n|poke|p2|Victini|\n|poke|p2|Torkoal, M|\n|teampreview\n|inactive|Battle timer is ON: inactive players will automatically lose when time's up. (requested by Infinityn't)\n|\n|t:|1700146042\n|start\n|switch|p1a: Braviary|Braviary-Hisui, M|100\/100\n|switch|p2a: Trtl|Torkoal, M|100\/100\n|-weather|SunnyDay|[from] ability: Drought|[of] p2a: Trtl\n|turn|1\n|\n|t:|1700146050\n|move|p1a: Braviary|Esper Wing|p2a: Trtl\n|-damage|p2a: Trtl|26\/100\n|-boost|p1a: Braviary|spe|1\n|move|p2a: Trtl|Stealth Rock|p1a: Braviary\n|-sidestart|p1: e.daniel3|move: Stealth Rock\n|\n|-weather|SunnyDay|[upkeep]\n|-heal|p2a: Trtl|32\/100|[from] item: Leftovers\n|upkeep\n|turn|2\n|\n|t:|1700146063\n|move|p1a: Braviary|Esper Wing|p2a: Trtl\n|-damage|p2a: Trtl|0 fnt\n|-boost|p1a: Braviary|spe|1\n|faint|p2a: Trtl\n|\n|-weather|SunnyDay|[upkeep]\n|upkeep\n|\n|t:|1700146065\n|switch|p2a: Dancer|Lilligant-Hisui, F, shiny|100\/100\n|turn|3\n|\n|t:|1700146072\n|-terastallize|p2a: Dancer|Rock\n|-terastallize|p1a: Braviary|Psychic\n|move|p2a: Dancer|Ice Spinner|p1a: Braviary\n|-damage|p1a: Braviary|54\/100\n|-damage|p2a: Dancer|91\/100|[from] item: Life Orb\n|move|p1a: Braviary|Esper Wing|p2a: Dancer\n|-damage|p2a: Dancer|0 fnt\n|-boost|p1a: Braviary|spe|1\n|faint|p2a: Dancer\n|\n|-weather|SunnyDay|[upkeep]\n|upkeep\n|\n|t:|1700146093\n|switch|p2a: Boom|Blacephalon, shiny|100\/100\n|turn|4\n|\n|t:|1700146096\n|move|p1a: Braviary|Esper Wing|p2a: Boom\n|-damage|p2a: Boom|0 fnt\n|-boost|p1a: Braviary|spe|1\n|faint|p2a: Boom\n|\n|-weather|SunnyDay|[upkeep]\n|upkeep\n|\n|t:|1700146102\n|switch|p2a: The V|Victini|100\/100\n|turn|5\n|\n|t:|1700146106\n|move|p1a: Braviary|Esper Wing|p2a: The V\n|-resisted|p2a: The V\n|-damage|p2a: The V|17\/100\n|-boost|p1a: Braviary|spe|1\n|move|p2a: The V|Bolt Strike|p1a: Braviary\n|-damage|p1a: Braviary|0 fnt\n|faint|p1a: Braviary\n|\n|-weather|none\n|upkeep\n|\n|t:|1700146119\n|switch|p1a: Quaquaval|Quaquaval, F|100\/100\n|-damage|p1a: Quaquaval|94\/100|[from] Stealth Rock\n|turn|6\n|\n|t:|1700146122\n|move|p2a: The V|Bolt Strike|p1a: Quaquaval\n|-supereffective|p1a: Quaquaval\n|-damage|p1a: Quaquaval|0 fnt\n|faint|p1a: Quaquaval\n|\n|upkeep\n|\n|t:|1700146131\n|switch|p1a: Dragonite|Dragonite, F|100\/100\n|-damage|p1a: Dragonite|76\/100|[from] Stealth Rock\n|turn|7\n|\n|t:|1700146137\n|move|p1a: Dragonite|Extreme Speed|p2a: The V\n|-damage|p2a: The V|0 fnt\n|faint|p2a: The V\n|\n|-heal|p1a: Dragonite|82\/100|[from] item: Leftovers\n|upkeep\n|\n|t:|1700146144\n|switch|p2a: The Better Paradox|Great Tusk|100\/100\n|turn|8\n|\n|t:|1700146149\n|move|p2a: The Better Paradox|Rapid Spin|p1a: Dragonite\n|-damage|p1a: Dragonite|63\/100\n|-boost|p2a: The Better Paradox|spe|1\n|move|p1a: Dragonite|Dragon Dance|p1a: Dragonite\n|-boost|p1a: Dragonite|atk|1\n|-boost|p1a: Dragonite|spe|1\n|\n|-heal|p1a: Dragonite|70\/100|[from] item: Leftovers\n|upkeep\n|turn|9\n|\n|t:|1700146159\n|move|p2a: The Better Paradox|Ice Spinner|p1a: Dragonite\n|-supereffective|p1a: Dragonite\n|-damage|p1a: Dragonite|0 fnt\n|faint|p1a: Dragonite\n|\n|upkeep\n|\n|t:|1700146167\n|switch|p1a: Volcarona|Volcarona, M|100\/100\n|turn|10\n|\n|t:|1700146173\n|move|p2a: The Better Paradox|Earthquake|p1a: Volcarona\n|-damage|p1a: Volcarona|17\/100\n|move|p1a: Volcarona|Quiver Dance|p1a: Volcarona\n|-boost|p1a: Volcarona|spa|1\n|-boost|p1a: Volcarona|spd|1\n|-boost|p1a: Volcarona|spe|1\n|\n|upkeep\n|turn|11\n|\n|t:|1700146182\n|move|p2a: The Better Paradox|Earthquake|p1a: Volcarona\n|-damage|p1a: Volcarona|0 fnt\n|faint|p1a: Volcarona\n|\n|upkeep\n|\n|t:|1700146186\n|switch|p1a: Aegislash|Aegislash, F|100\/100\n|-damage|p1a: Aegislash|94\/100|[from] Stealth Rock\n|turn|12\n|\n|t:|1700146194\n|move|p1a: Aegislash|King's Shield|p1a: Aegislash\n|-singleturn|p1a: Aegislash|Protect\n|move|p2a: The Better Paradox|Earthquake|p1a: Aegislash\n|-activate|p1a: Aegislash|move: Protect\n|\n|upkeep\n|turn|13\n|\n|t:|1700146202\n|move|p2a: The Better Paradox|Earthquake|p1a: Aegislash\n|-supereffective|p1a: Aegislash\n|-damage|p1a: Aegislash|0 fnt\n|faint|p1a: Aegislash\n|\n|upkeep\n|\n|t:|1700146205\n|switch|p1a: Arboliva|Arboliva, M|100\/100\n|-damage|p1a: Arboliva|88\/100|[from] Stealth Rock\n|turn|14\n|\n|t:|1700146209\n|move|p2a: The Better Paradox|Ice Spinner|p1a: Arboliva\n|-supereffective|p1a: Arboliva\n|-damage|p1a: Arboliva|38\/100\n|move|p1a: Arboliva|Strength Sap|p2a: The Better Paradox\n|-unboost|p2a: The Better Paradox|atk|1\n|-heal|p1a: Arboliva|100\/100\n|\n|upkeep\n|turn|15\n|\n|t:|1700146217\n|move|p2a: The Better Paradox|Ice Spinner|p1a: Arboliva\n|-supereffective|p1a: Arboliva\n|-damage|p1a: Arboliva|66\/100\n|move|p1a: Arboliva|Leech Seed|p2a: The Better Paradox|[miss]\n|-miss|p1a: Arboliva|p2a: The Better Paradox\n|\n|upkeep\n|turn|16\n|\n|t:|1700146222\n|move|p2a: The Better Paradox|Ice Spinner|p1a: Arboliva\n|-supereffective|p1a: Arboliva\n|-damage|p1a: Arboliva|35\/100\n|move|p1a: Arboliva|Leech Seed|p2a: The Better Paradox\n|-start|p2a: The Better Paradox|move: Leech Seed\n|\n|-damage|p2a: The Better Paradox|88\/100|[from] Leech Seed|[of] p1a: Arboliva\n|-heal|p1a: Arboliva|50\/100|[silent]\n|upkeep\n|turn|17\n|\n|t:|1700146231\n|move|p1a: Arboliva|Protect|p1a: Arboliva\n|-singleturn|p1a: Arboliva|Protect\n|move|p2a: The Better Paradox|Ice Spinner|p1a: Arboliva\n|-activate|p1a: Arboliva|move: Protect\n|\n|-heal|p2a: The Better Paradox|94\/100|[from] item: Leftovers\n|-damage|p2a: The Better Paradox|82\/100|[from] Leech Seed|[of] p1a: Arboliva\n|-heal|p1a: Arboliva|65\/100|[silent]\n|upkeep\n|turn|18\n|\n|t:|1700146243\n|move|p2a: The Better Paradox|Close Combat|p1a: Arboliva\n|-supereffective|p1a: Arboliva\n|-damage|p1a: Arboliva|0 fnt\n|-unboost|p2a: The Better Paradox|def|1\n|-unboost|p2a: The Better Paradox|spd|1\n|faint|p1a: Arboliva\n|\n|win|Infinityn't\n|raw|e.daniel3's rating: 1207 &rarr; <strong>1188<\/strong><br \/>(-19 for losing)\n|raw|Infinityn&apos;t's rating: 1296 &rarr; <strong>1315<\/strong><br \/>(+19 for winning)\n|l|\u2606e.daniel3\n|c|\u2606Infinityn't|I forgot it was also a normal type\n","uploadtime":1700146279,"views":4,"p1id":"edaniel3","p2id":"infinitynt","formatid":"gen9nationaldex","rating":1188,"private":0,"password":""}