{"id":"gen9nationaldex-1995516977","p1":"sgzf","p2":"wuqing_Dada","format":"[Gen 9] National Dex","log":"|html|<div class=\"broadcast-blue\"><strong>[Gen 9] National Dex is currently suspecting Sneasler! For information on how to participate check out the <a href=\"https:\/\/www.smogon.com\/forums\/threads\/sv-national-dex-suspect-8-just-dance.3731534\/\">suspect thread<\/a>.<\/strong><\/div>\n|j|\u2606sgzf\n|j|\u2606wuqing_Dada\n|t:|1700579040\n|gametype|singles\n|player|p1|sgzf|dawn-gen4pt|1189\n|player|p2|wuqing_Dada|iris-gen5bw2|1179\n|teamsize|p1|6\n|teamsize|p2|6\n|gen|9\n|tier|[Gen 9] National Dex\n|rated|\n|rule|HP Percentage Mod: HP is shown in percentages\n|rule|Endless Battle Clause: Forcing endless battles is banned\n|rule|OHKO Clause: OHKO moves are banned\n|rule|Evasion Clause: Evasion abilities, items, and moves are banned\n|rule|Evasion Abilities Clause: Evasion abilities are banned\n|rule|Evasion Items Clause: Evasion items are banned\n|rule|Evasion Moves Clause: Evasion moves are banned\n|rule|Species Clause: Limit one of each Pok\u00e9mon\n|rule|Sleep Clause Mod: Limit one foe put to sleep\n|clearpoke\n|poke|p1|Garchomp, F|\n|poke|p1|Ferrothorn, F|\n|poke|p1|Lopunny, F|\n|poke|p1|Moltres|\n|poke|p1|Slowking-Galar, F|\n|poke|p1|Corviknight, M|\n|poke|p2|Lopunny, M|\n|poke|p2|Alomomola, F|\n|poke|p2|Landorus-Therian, M|\n|poke|p2|Tapu Lele|\n|poke|p2|Heatran, M|\n|poke|p2|Dragonite, F|\n|teampreview\n|\n|t:|1700579055\n|start\n|switch|p1a: Ferrothorn|Ferrothorn, F|100\/100\n|switch|p2a: Heatran|Heatran, M|100\/100\n|turn|1\n|inactive|Battle timer is ON: inactive players will automatically lose when time's up. (requested by sgzf)\n|\n|t:|1700579064\n|switch|p1a: Moltres|Moltres|100\/100\n|move|p2a: Heatran|Stealth Rock|p1a: Moltres\n|-sidestart|p1: sgzf|move: Stealth Rock\n|\n|upkeep\n|turn|2\n|\n|t:|1700579070\n|move|p1a: Moltres|Defog|p2a: Heatran\n|-unboost|p2a: Heatran|evasion|1\n|-sideend|p1: sgzf|Stealth Rock|[from] move: Defog|[of] p1a: Moltres\n|move|p2a: Heatran|Toxic|p1a: Moltres|[miss]\n|-miss|p2a: Heatran|p1a: Moltres\n|\n|upkeep\n|turn|3\n|\n|t:|1700579078\n|move|p1a: Moltres|Scorching Sands|p2a: Heatran\n|-supereffective|p2a: Heatran\n|-damage|p2a: Heatran|55\/100\n|move|p2a: Heatran|Toxic|p1a: Moltres\n|-status|p1a: Moltres|tox\n|\n|-heal|p2a: Heatran|61\/100|[from] item: Leftovers\n|-damage|p1a: Moltres|94\/100 tox|[from] psn\n|upkeep\n|turn|4\n|\n|t:|1700579091\n|switch|p2a: Alomomola|Alomomola, F|100\/100\n|move|p1a: Moltres|Scorching Sands|p2a: Alomomola\n|-damage|p2a: Alomomola|77\/100\n|\n|-damage|p1a: Moltres|82\/100 tox|[from] psn\n|upkeep\n|turn|5\n|\n|t:|1700579105\n|switch|p1a: Ferrothorn|Ferrothorn, F|100\/100\n|move|p2a: Alomomola|Wish|p2a: Alomomola\n|\n|upkeep\n|turn|6\n|\n|t:|1700579111\n|switch|p2a: Heatran|Heatran, M|61\/100\n|move|p1a: Ferrothorn|Thunder Wave|p2a: Heatran\n|-status|p2a: Heatran|par\n|\n|-heal|p2a: Heatran|100\/100 par|[from] move: Wish|[wisher] Alomomola\n|upkeep\n|turn|7\n|\n|t:|1700579122\n|switch|p1a: Garchomp|Garchomp, F|100\/100\n|move|p2a: Heatran|Magma Storm|p1a: Garchomp\n|-resisted|p1a: Garchomp\n|-damage|p1a: Garchomp|75\/100\n|-activate|p1a: Garchomp|move: Magma Storm|[of] p2a: Heatran\n|\n|-damage|p1a: Garchomp|63\/100|[from] move: Magma Storm|[partiallytrapped]\n|upkeep\n|turn|8\n|\n|t:|1700579131\n|switch|p2a: Landorus|Landorus-Therian, M|100\/100\n|-ability|p2a: Landorus|Intimidate|boost\n|-unboost|p1a: Garchomp|atk|1\n|move|p1a: Garchomp|Swords Dance|p1a: Garchomp\n|-boost|p1a: Garchomp|atk|2\n|\n|-end|p1a: Garchomp|Magma Storm|[partiallytrapped]|[silent]\n|upkeep\n|turn|9\n|\n|t:|1700579139\n|-zpower|p1a: Garchomp\n|move|p1a: Garchomp|Devastating Drake|p2a: Landorus|[zeffect]\n|-damage|p2a: Landorus|0 fnt\n|faint|p2a: Landorus\n|\n|upkeep\n|\n|t:|1700579150\n|switch|p2a: Tapu Lele|Tapu Lele|100\/100\n|-fieldstart|move: Psychic Terrain|[from] ability: Psychic Surge|[of] p2a: Tapu Lele\n|turn|10\n|\n|t:|1700579157\n|switch|p1a: Slowking|Slowking-Galar, F|100\/100\n|move|p2a: Tapu Lele|Moonblast|p1a: Slowking\n|-resisted|p1a: Slowking\n|-damage|p1a: Slowking|87\/100\n|\n|upkeep\n|turn|11\n|\n|t:|1700579172\n|switch|p2a: Heatran|Heatran, M|100\/100 par\n|-terastallize|p1a: Slowking|Water\n|move|p1a: Slowking|Sludge Bomb|p2a: Heatran\n|-immune|p2a: Heatran\n|\n|upkeep\n|turn|12\n|\n|t:|1700579195\n|switch|p1a: Garchomp|Garchomp, F|63\/100\n|-terastallize|p2a: Heatran|Grass\n|move|p2a: Heatran|Stealth Rock|p1a: Garchomp\n|-sidestart|p1: sgzf|move: Stealth Rock\n|\n|upkeep\n|turn|13\n|\n|t:|1700579206\n|switch|p2a: Tapu Lele|Tapu Lele|100\/100\n|move|p1a: Garchomp|Swords Dance|p1a: Garchomp\n|-boost|p1a: Garchomp|atk|2\n|\n|upkeep\n|turn|14\n|\n|t:|1700579216\n|switch|p1a: Slowking|Slowking-Galar, F, tera:Water|100\/100\n|move|p2a: Tapu Lele|Psychic|p1a: Slowking\n|-crit|p1a: Slowking\n|-damage|p1a: Slowking|51\/100\n|\n|-fieldend|move: Psychic Terrain\n|upkeep\n|turn|15\n|\n|t:|1700579243\n|switch|p2a: Heatran|Heatran, M, tera:Grass|100\/100 par\n|move|p1a: Slowking|Future Sight|p2a: Heatran\n|-start|p1a: Slowking|move: Future Sight\n|\n|upkeep\n|turn|16\n|\n|t:|1700579256\n|switch|p1a: Moltres|Moltres|82\/100 tox\n|move|p2a: Heatran|Toxic|p1a: Moltres\n|-fail|p1a: Moltres|tox\n|\n|-damage|p1a: Moltres|76\/100 tox|[from] psn\n|upkeep\n|turn|17\n|\n|t:|1700579262\n|switch|p2a: Alomomola|Alomomola, F|100\/100\n|move|p1a: Moltres|Defog|p2a: Alomomola\n|-unboost|p2a: Alomomola|evasion|1\n|-sideend|p1: sgzf|Stealth Rock|[from] move: Defog|[of] p1a: Moltres\n|\n|-end|p2a: Alomomola|move: Future Sight\n|-damage|p2a: Alomomola|51\/100\n|-damage|p1a: Moltres|64\/100 tox|[from] psn\n|upkeep\n|turn|18\n|\n|t:|1700579272\n|switch|p1a: Ferrothorn|Ferrothorn, F|100\/100\n|move|p2a: Alomomola|Flip Turn|p1a: Ferrothorn\n|-resisted|p1a: Ferrothorn\n|-damage|p1a: Ferrothorn|96\/100\n|-damage|p2a: Alomomola|39\/100|[from] ability: Iron Barbs|[of] p1a: Ferrothorn\n|\n|t:|1700579285\n|switch|p2a: Heatran|Heatran, M, tera:Grass|100\/100 par|[from] Flip Turn\n|\n|-heal|p1a: Ferrothorn|100\/100|[from] item: Leftovers\n|upkeep\n|turn|19\n|\n|t:|1700579292\n|switch|p2a: Dragonite|Dragonite, F|100\/100\n|switch|p1a: Moltres|Moltres|64\/100 tox\n|\n|-damage|p1a: Moltres|58\/100 tox|[from] psn\n|upkeep\n|turn|20\n|\n|t:|1700579301\n|move|p2a: Dragonite|Dragon Dance|p2a: Dragonite\n|-boost|p2a: Dragonite|atk|1\n|-boost|p2a: Dragonite|spe|1\n|move|p1a: Moltres|Roost|p1a: Moltres\n|-heal|p1a: Moltres|100\/100 tox\n|-singleturn|p1a: Moltres|move: Roost\n|\n|-damage|p1a: Moltres|88\/100 tox|[from] psn\n|upkeep\n|turn|21\n|\n|t:|1700579309\n|switch|p1a: Ferrothorn|Ferrothorn, F|100\/100\n|move|p2a: Dragonite|Dragon Dance|p2a: Dragonite\n|-boost|p2a: Dragonite|atk|1\n|-boost|p2a: Dragonite|spe|1\n|\n|upkeep\n|turn|22\n|\n|t:|1700579315\n|move|p2a: Dragonite|Fire Punch|p1a: Ferrothorn\n|-supereffective|p1a: Ferrothorn\n|-damage|p1a: Ferrothorn|0 fnt\n|-damage|p2a: Dragonite|88\/100|[from] ability: Iron Barbs|[of] p1a: Ferrothorn\n|faint|p1a: Ferrothorn\n|\n|upkeep\n|\n|t:|1700579320\n|switch|p1a: Lopunny|Lopunny, F, shiny|100\/100\n|turn|23\n|\n|t:|1700579325\n|detailschange|p1a: Lopunny|Lopunny-Mega, F, shiny\n|-mega|p1a: Lopunny|Lopunny|Lopunnite\n|move|p1a: Lopunny|Fake Out|p2a: Dragonite\n|-crit|p2a: Dragonite\n|-damage|p2a: Dragonite|55\/100\n|cant|p2a: Dragonite|flinch\n|\n|upkeep\n|turn|24\n|\n|t:|1700579338\n|switch|p1a: Moltres|Moltres|88\/100 tox\n|move|p2a: Dragonite|Dual Wingbeat|p1a: Moltres\n|-damage|p1a: Moltres|60\/100 tox\n|-damage|p1a: Moltres|29\/100 tox\n|-hitcount|p1a: Moltres|2\n|\n|-damage|p1a: Moltres|23\/100 tox|[from] psn\n|upkeep\n|turn|25\n|\n|t:|1700579347\n|move|p2a: Dragonite|Dual Wingbeat|p1a: Moltres\n|-damage|p1a: Moltres|0 fnt\n|-status|p2a: Dragonite|brn|[from] ability: Flame Body|[of] p1a: Moltres\n|faint|p1a: Moltres\n|-hitcount|p1: Moltres|1\n|\n|-damage|p2a: Dragonite|48\/100 brn|[from] brn\n|upkeep\n|\n|t:|1700579349\n|switch|p1a: Lopunny|Lopunny-Mega, F, shiny|100\/100\n|turn|26\n|\n|t:|1700579375\n|move|p1a: Lopunny|Fake Out|p2a: Dragonite\n|-damage|p2a: Dragonite|24\/100 brn\n|cant|p2a: Dragonite|flinch\n|\n|-damage|p2a: Dragonite|18\/100 brn|[from] brn\n|upkeep\n|turn|27\n|\n|t:|1700579387\n|switch|p1a: Corviknight|Corviknight, M|100\/100\n|-ability|p1a: Corviknight|Pressure\n|-zpower|p2a: Dragonite\n|move|p2a: Dragonite|Devastating Drake|p1a: Corviknight|[zeffect]\n|-resisted|p1a: Corviknight\n|-damage|p1a: Corviknight|71\/100\n|\n|-heal|p1a: Corviknight|77\/100|[from] item: Leftovers\n|-damage|p2a: Dragonite|12\/100 brn|[from] brn\n|upkeep\n|turn|28\n|\n|t:|1700579396\n|move|p2a: Dragonite|Fire Punch|p1a: Corviknight\n|-supereffective|p1a: Corviknight\n|-damage|p1a: Corviknight|46\/100\n|move|p1a: Corviknight|Iron Defense|p1a: Corviknight\n|-boost|p1a: Corviknight|def|2\n|\n|-heal|p1a: Corviknight|52\/100|[from] item: Leftovers\n|-damage|p2a: Dragonite|5\/100 brn|[from] brn\n|upkeep\n|turn|29\n|\n|t:|1700579406\n|move|p2a: Dragonite|Fire Punch|p1a: Corviknight\n|-supereffective|p1a: Corviknight\n|-damage|p1a: Corviknight|36\/100\n|move|p1a: Corviknight|Roost|p1a: Corviknight\n|-heal|p1a: Corviknight|86\/100\n|-singleturn|p1a: Corviknight|move: Roost\n|\n|-heal|p1a: Corviknight|92\/100|[from] item: Leftovers\n|-damage|p2a: Dragonite|0 fnt|[from] brn\n|faint|p2a: Dragonite\n|upkeep\n|\n|t:|1700579421\n|switch|p2a: Heatran|Heatran, M, tera:Grass|100\/100 par\n|turn|30\n|\n|t:|1700579438\n|switch|p1a: Garchomp|Garchomp, F|63\/100\n|cant|p2a: Heatran|par\n|\n|upkeep\n|turn|31\n|inactive|wuqing_Dada has 120 seconds left.\n|\n|t:|1700579453\n|switch|p2a: Tapu Lele|Tapu Lele|100\/100\n|-fieldstart|move: Psychic Terrain|[from] ability: Psychic Surge|[of] p2a: Tapu Lele\n|move|p1a: Garchomp|Swords Dance|p1a: Garchomp\n|-boost|p1a: Garchomp|atk|2\n|\n|upkeep\n|turn|32\n|\n|t:|1700579463\n|switch|p1a: Slowking|Slowking-Galar, F, tera:Water|84\/100\n|move|p2a: Tapu Lele|Focus Blast|p1a: Slowking|[miss]\n|-miss|p2a: Tapu Lele|p1a: Slowking\n|\n|upkeep\n|turn|33\n|\n|t:|1700579471\n|switch|p2a: Heatran|Heatran, M, tera:Grass|100\/100 par\n|move|p1a: Slowking|Sludge Bomb|p2a: Heatran\n|-supereffective|p2a: Heatran\n|-damage|p2a: Heatran|62\/100 par\n|\n|-heal|p2a: Heatran|68\/100 par|[from] item: Leftovers\n|upkeep\n|turn|34\n|\n|t:|1700579482\n|switch|p2a: Alomomola|Alomomola, F|72\/100\n|move|p1a: Slowking|Future Sight|p2a: Alomomola\n|-start|p1a: Slowking|move: Future Sight\n|\n|upkeep\n|turn|35\n|\n|t:|1700579489\n|switch|p1a: Lopunny|Lopunny-Mega, F, shiny|100\/100\n|move|p2a: Alomomola|Wish|p2a: Alomomola\n|\n|-fieldend|move: Psychic Terrain\n|upkeep\n|turn|36\n|\n|t:|1700579496\n|move|p2a: Alomomola|Protect|p2a: Alomomola\n|-singleturn|p2a: Alomomola|Protect\n|move|p1a: Lopunny|Fake Out|p2a: Alomomola\n|-activate|p2a: Alomomola|move: Protect\n|\n|-end|p2a: Alomomola|move: Future Sight\n|-damage|p2a: Alomomola|17\/100\n|-heal|p2a: Alomomola|67\/100|[from] move: Wish|[wisher] Alomomola\n|upkeep\n|turn|37\n|\n|t:|1700579505\n|move|p1a: Lopunny|Return|p2a: Alomomola\n|-damage|p2a: Alomomola|38\/100\n|move|p2a: Alomomola|Wish|p2a: Alomomola\n|\n|upkeep\n|turn|38\n|\n|t:|1700579512\n|move|p2a: Alomomola|Protect|p2a: Alomomola\n|-singleturn|p2a: Alomomola|Protect\n|move|p1a: Lopunny|Close Combat|p2a: Alomomola\n|-activate|p2a: Alomomola|move: Protect\n|\n|-heal|p2a: Alomomola|88\/100|[from] move: Wish|[wisher] Alomomola\n|upkeep\n|turn|39\n|\n|t:|1700579521\n|move|p1a: Lopunny|U-turn|p2a: Alomomola\n|-damage|p2a: Alomomola|76\/100\n|\n|t:|1700579526\n|switch|p1a: Corviknight|Corviknight, M|92\/100|[from] U-turn\n|-ability|p1a: Corviknight|Pressure\n|move|p2a: Alomomola|Toxic|p1a: Corviknight\n|-immune|p1a: Corviknight\n|\n|-heal|p1a: Corviknight|98\/100|[from] item: Leftovers\n|upkeep\n|turn|40\n|\n|t:|1700579534\n|move|p1a: Corviknight|Taunt|p2a: Alomomola\n|-start|p2a: Alomomola|move: Taunt\n|cant|p2a: Alomomola|move: Taunt|Wish\n|\n|-heal|p1a: Corviknight|100\/100|[from] item: Leftovers\n|upkeep\n|turn|41\n|\n|t:|1700579557\n|switch|p2a: Heatran|Heatran, M, tera:Grass|68\/100 par\n|move|p1a: Corviknight|Body Press|p2a: Heatran\n|-damage|p2a: Heatran|47\/100 par\n|\n|-heal|p2a: Heatran|53\/100 par|[from] item: Leftovers\n|upkeep\n|turn|42\n|\n|t:|1700579570\n|switch|p1a: Slowking|Slowking-Galar, F, tera:Water|100\/100\n|cant|p2a: Heatran|par\n|\n|-heal|p2a: Heatran|60\/100 par|[from] item: Leftovers\n|upkeep\n|turn|43\n|\n|t:|1700579591\n|switch|p2a: Alomomola|Alomomola, F|100\/100\n|move|p1a: Slowking|Sludge Bomb|p2a: Alomomola\n|-damage|p2a: Alomomola|60\/100\n|\n|upkeep\n|turn|44\n|\n|t:|1700579596\n|move|p2a: Alomomola|Wish|p2a: Alomomola\n|move|p1a: Slowking|Future Sight|p2a: Alomomola\n|-start|p1a: Slowking|move: Future Sight\n|\n|upkeep\n|turn|45\n|\n|t:|1700579603\n|switch|p1a: Lopunny|Lopunny-Mega, F, shiny|100\/100\n|move|p2a: Alomomola|Flip Turn|p1a: Lopunny\n|-damage|p1a: Lopunny|78\/100\n|\n|t:|1700579609\n|switch|p2a: Heatran|Heatran, M, tera:Grass|60\/100 par|[from] Flip Turn\n|\n|-heal|p2a: Heatran|100\/100 par|[from] move: Wish|[wisher] Alomomola\n|upkeep\n|turn|46\n|\n|t:|1700579619\n|move|p1a: Lopunny|Fake Out|p2a: Heatran\n|-damage|p2a: Heatran|81\/100 par\n|cant|p2a: Heatran|flinch\n|\n|-end|p2a: Heatran|move: Future Sight\n|-damage|p2a: Heatran|56\/100 par\n|-heal|p2a: Heatran|62\/100 par|[from] item: Leftovers\n|upkeep\n|turn|47\n|\n|t:|1700579626\n|move|p1a: Lopunny|U-turn|p2a: Heatran\n|-supereffective|p2a: Heatran\n|-damage|p2a: Heatran|17\/100 par\n|\n|t:|1700579634\n|switch|p1a: Slowking|Slowking-Galar, F, tera:Water|100\/100|[from] U-turn\n|move|p2a: Heatran|Toxic|p1a: Slowking\n|-status|p1a: Slowking|tox\n|\n|-heal|p2a: Heatran|23\/100 par|[from] item: Leftovers\n|-damage|p1a: Slowking|94\/100 tox|[from] psn\n|upkeep\n|turn|48\n|\n|t:|1700579643\n|switch|p2a: Alomomola|Alomomola, F|93\/100\n|move|p1a: Slowking|Sludge Bomb|p2a: Alomomola\n|-damage|p2a: Alomomola|55\/100\n|\n|-damage|p1a: Slowking|82\/100 tox|[from] psn\n|upkeep\n|turn|49\n|\n|t:|1700579651\n|move|p2a: Alomomola|Wish|p2a: Alomomola\n|move|p1a: Slowking|Sludge Bomb|p2a: Alomomola\n|-damage|p2a: Alomomola|12\/100\n|\n|-damage|p1a: Slowking|64\/100 tox|[from] psn\n|upkeep\n|turn|50\n|\n|t:|1700579657\n|move|p2a: Alomomola|Protect|p2a: Alomomola\n|-singleturn|p2a: Alomomola|Protect\n|move|p1a: Slowking|Future Sight|p2a: Alomomola\n|-start|p1a: Slowking|move: Future Sight\n|\n|-heal|p2a: Alomomola|62\/100|[from] move: Wish|[wisher] Alomomola\n|-damage|p1a: Slowking|40\/100 tox|[from] psn\n|upkeep\n|turn|51\n|\n|t:|1700579665\n|move|p2a: Alomomola|Wish|p2a: Alomomola\n|move|p1a: Slowking|Slack Off|p1a: Slowking\n|-heal|p1a: Slowking|90\/100 tox\n|\n|-damage|p1a: Slowking|59\/100 tox|[from] psn\n|upkeep\n|turn|52\n|\n|t:|1700579674\n|switch|p1a: Corviknight|Corviknight, M|100\/100\n|-ability|p1a: Corviknight|Pressure\n|move|p2a: Alomomola|Flip Turn|p1a: Corviknight\n|-damage|p1a: Corviknight|90\/100\n|\n|t:|1700579680\n|switch|p2a: Heatran|Heatran, M, tera:Grass|23\/100 par|[from] Flip Turn\n|\n|-end|p2a: Heatran|move: Future Sight\n|-damage|p2a: Heatran|0 fnt\n|faint|p2a: Heatran\n|-heal|p1a: Corviknight|96\/100|[from] item: Leftovers\n|upkeep\n|c|\u2606sgzf|\u8017\u5230\u5e95\u4e86\n|\n|t:|1700579692\n|switch|p2a: Tapu Lele|Tapu Lele|100\/100\n|-fieldstart|move: Psychic Terrain|[from] ability: Psychic Surge|[of] p2a: Tapu Lele\n|turn|53\n|\n|t:|1700579713\n|switch|p1a: Slowking|Slowking-Galar, F, tera:Water|92\/100 tox\n|move|p2a: Tapu Lele|Focus Blast|p1a: Slowking|[miss]\n|-miss|p2a: Tapu Lele|p1a: Slowking\n|\n|-damage|p1a: Slowking|86\/100 tox|[from] psn\n|upkeep\n|turn|54\n|\n|t:|1700579719\n|switch|p2a: Alomomola|Alomomola, F|95\/100\n|move|p1a: Slowking|Sludge Bomb|p2a: Alomomola\n|-damage|p2a: Alomomola|56\/100\n|-status|p2a: Alomomola|psn\n|\n|-damage|p2a: Alomomola|44\/100 psn|[from] psn\n|-damage|p1a: Slowking|74\/100 tox|[from] psn\n|upkeep\n|turn|55\n|inactive|wuqing_Dada has 120 seconds left.\n|\n|t:|1700579752\n|move|p2a: Alomomola|Wish|p2a: Alomomola\n|move|p1a: Slowking|Future Sight|p2a: Alomomola\n|-start|p1a: Slowking|move: Future Sight\n|\n|-damage|p2a: Alomomola|32\/100 psn|[from] psn\n|-damage|p1a: Slowking|56\/100 tox|[from] psn\n|upkeep\n|turn|56\n|inactive|wuqing_Dada has 120 seconds left.\n|l|\u2606sgzf\n|inactive|sgzf disconnected and has a minute to reconnect!\n|player|p1|\n|j|\u2606sgzf\n|inactive|sgzf reconnected and has 120 seconds left.\n|player|p1|sgzf|dawn-gen4pt\n|\n|t:|1700579797\n|switch|p1a: Corviknight|Corviknight, M|96\/100\n|-ability|p1a: Corviknight|Pressure\n|move|p2a: Alomomola|Protect||[still]\n|-fail|p2a: Alomomola\n|\n|-heal|p2a: Alomomola|82\/100 psn|[from] move: Wish|[wisher] Alomomola\n|-heal|p1a: Corviknight|100\/100|[from] item: Leftovers\n|-damage|p2a: Alomomola|69\/100 psn|[from] psn\n|upkeep\n|turn|57\n|inactive|wuqing_Dada has 120 seconds left.\n|\n|t:|1700579807\n|switch|p2a: Tapu Lele|Tapu Lele|100\/100\n|move|p1a: Corviknight|Iron Defense|p1a: Corviknight\n|-boost|p1a: Corviknight|def|2\n|\n|-end|p2a: Tapu Lele|move: Future Sight\n|-resisted|p2a: Tapu Lele\n|-damage|p2a: Tapu Lele|71\/100\n|-fieldend|move: Psychic Terrain\n|upkeep\n|turn|58\n|\n|t:|1700579811\n|switch|p1a: Slowking|Slowking-Galar, F, tera:Water|89\/100 tox\n|move|p2a: Tapu Lele|Focus Blast|p1a: Slowking\n|-damage|p1a: Slowking|64\/100 tox\n|\n|-damage|p1a: Slowking|58\/100 tox|[from] psn\n|upkeep\n|turn|59\n|\n|t:|1700579818\n|switch|p2a: Alomomola|Alomomola, F|100\/100 psn\n|move|p1a: Slowking|Sludge Bomb|p2a: Alomomola\n|-damage|p2a: Alomomola|64\/100 psn\n|\n|-damage|p2a: Alomomola|51\/100 psn|[from] psn\n|-damage|p1a: Slowking|45\/100 tox|[from] psn\n|upkeep\n|turn|60\n|\n|t:|1700579826\n|move|p2a: Alomomola|Flip Turn|p1a: Slowking\n|-resisted|p1a: Slowking\n|-damage|p1a: Slowking|37\/100 tox\n|\n|t:|1700579830\n|switch|p2a: Lopunny|Lopunny, M|100\/100|[from] Flip Turn\n|move|p1a: Slowking|Slack Off|p1a: Slowking\n|-heal|p1a: Slowking|87\/100 tox\n|\n|-damage|p1a: Slowking|69\/100 tox|[from] psn\n|upkeep\n|turn|61\n|\n|t:|1700579841\n|switch|p1a: Garchomp|Garchomp, F|63\/100\n|move|p2a: Lopunny|Fake Out|p1a: Garchomp\n|-damage|p1a: Garchomp|48\/100\n|-damage|p2a: Lopunny|88\/100|[from] ability: Rough Skin|[of] p1a: Garchomp\n|\n|upkeep\n|turn|62\n|\n|t:|1700579848\n|detailschange|p2a: Lopunny|Lopunny-Mega, M\n|-mega|p2a: Lopunny|Lopunny|Lopunnite\n|move|p2a: Lopunny|Triple Axel|p1a: Garchomp\n|-supereffective|p1a: Garchomp\n|-damage|p1a: Garchomp|21\/100\n|-damage|p2a: Lopunny|76\/100|[from] ability: Rough Skin|[of] p1a: Garchomp\n|-hitcount|p1a: Garchomp|1\n|move|p1a: Garchomp|Stealth Rock|p2a: Lopunny\n|-sidestart|p2: wuqing_Dada|move: Stealth Rock\n|\n|upkeep\n|turn|63\n|\n|t:|1700579857\n|move|p2a: Lopunny|Triple Axel|p1a: Garchomp\n|-supereffective|p1a: Garchomp\n|-damage|p1a: Garchomp|0 fnt\n|-damage|p2a: Lopunny|64\/100|[from] ability: Rough Skin|[of] p1a: Garchomp\n|faint|p1a: Garchomp\n|-hitcount|p1: Garchomp|1\n|\n|upkeep\n|\n|t:|1700579860\n|switch|p1a: Lopunny|Lopunny-Mega, F, shiny|78\/100\n|turn|64\n|\n|t:|1700579867\n|switch|p2a: Alomomola|Alomomola, F|85\/100 psn\n|move|p1a: Lopunny|Fake Out|p2a: Alomomola\n|-damage|p2a: Alomomola|72\/100 psn\n|\n|-damage|p2a: Alomomola|60\/100 psn|[from] psn\n|upkeep\n|turn|65\n|\n|t:|1700579875\n|move|p1a: Lopunny|Close Combat|p2a: Alomomola\n|-damage|p2a: Alomomola|24\/100 psn\n|-unboost|p1a: Lopunny|def|1\n|-unboost|p1a: Lopunny|spd|1\n|move|p2a: Alomomola|Wish|p2a: Alomomola\n|\n|-damage|p2a: Alomomola|12\/100 psn|[from] psn\n|upkeep\n|turn|66\n|\n|t:|1700579883\n|move|p2a: Alomomola|Protect|p2a: Alomomola\n|-singleturn|p2a: Alomomola|Protect\n|move|p1a: Lopunny|U-turn|p2a: Alomomola\n|-activate|p2a: Alomomola|move: Protect\n|\n|-heal|p2a: Alomomola|62\/100 psn|[from] move: Wish|[wisher] Alomomola\n|-damage|p2a: Alomomola|49\/100 psn|[from] psn\n|upkeep\n|turn|67\n|\n|t:|1700579889\n|move|p1a: Lopunny|Close Combat|p2a: Alomomola\n|-damage|p2a: Alomomola|15\/100 psn\n|-unboost|p1a: Lopunny|def|1\n|-unboost|p1a: Lopunny|spd|1\n|move|p2a: Alomomola|Toxic|p1a: Lopunny\n|-status|p1a: Lopunny|tox\n|\n|-damage|p1a: Lopunny|72\/100 tox|[from] psn\n|-damage|p2a: Alomomola|2\/100 psn|[from] psn\n|upkeep\n|turn|68\n|\n|t:|1700579901\n|switch|p1a: Slowking|Slowking-Galar, F, tera:Water|100\/100 tox\n|switch|p2a: Tapu Lele|Tapu Lele|71\/100\n|-damage|p2a: Tapu Lele|58\/100|[from] Stealth Rock\n|-fieldstart|move: Psychic Terrain|[from] ability: Psychic Surge|[of] p2a: Tapu Lele\n|\n|-damage|p1a: Slowking|94\/100 tox|[from] psn\n|upkeep\n|turn|69\n|\n|t:|1700579912\n|move|p2a: Tapu Lele|Moonblast|p1a: Slowking\n|-damage|p1a: Slowking|68\/100 tox\n|-unboost|p1a: Slowking|spa|1\n|move|p1a: Slowking|Sludge Bomb|p2a: Tapu Lele\n|-supereffective|p2a: Tapu Lele\n|-damage|p2a: Tapu Lele|7\/100\n|\n|-damage|p1a: Slowking|55\/100 tox|[from] psn\n|upkeep\n|turn|70\n|\n|t:|1700579920\n|move|p2a: Tapu Lele|Moonblast|p1a: Slowking\n|-damage|p1a: Slowking|25\/100 tox\n|move|p1a: Slowking|Slack Off|p1a: Slowking\n|-heal|p1a: Slowking|75\/100 tox\n|\n|-damage|p1a: Slowking|57\/100 tox|[from] psn\n|upkeep\n|turn|71\n|\n|t:|1700579928\n|switch|p1a: Corviknight|Corviknight, M|100\/100\n|-ability|p1a: Corviknight|Pressure\n|move|p2a: Tapu Lele|Moonblast|p1a: Corviknight\n|-resisted|p1a: Corviknight\n|-damage|p1a: Corviknight|77\/100\n|\n|-heal|p1a: Corviknight|83\/100|[from] item: Leftovers\n|upkeep\n|turn|72\n|\n|t:|1700579937\n|switch|p2a: Alomomola|Alomomola, F|36\/100 psn\n|move|p1a: Corviknight|Body Press|p2a: Alomomola\n|-damage|p2a: Alomomola|23\/100 psn\n|\n|-heal|p1a: Corviknight|89\/100|[from] item: Leftovers\n|-damage|p2a: Alomomola|10\/100 psn|[from] psn\n|-fieldend|move: Psychic Terrain\n|upkeep\n|turn|73\n|\n|t:|1700579951\n|move|p1a: Corviknight|Iron Defense|p1a: Corviknight\n|-boost|p1a: Corviknight|def|2\n|move|p2a: Alomomola|Flip Turn|p1a: Corviknight\n|-damage|p1a: Corviknight|83\/100\n|\n|t:|1700579957\n|switch|p2a: Lopunny|Lopunny-Mega, M|64\/100|[from] Flip Turn\n|-damage|p2a: Lopunny|58\/100|[from] Stealth Rock\n|\n|-heal|p1a: Corviknight|89\/100|[from] item: Leftovers\n|upkeep\n|turn|74\n|\n|t:|1700579976\n|move|p2a: Lopunny|Fake Out|p1a: Corviknight\n|-resisted|p1a: Corviknight\n|-damage|p1a: Corviknight|86\/100\n|cant|p1a: Corviknight|flinch\n|\n|-heal|p1a: Corviknight|92\/100|[from] item: Leftovers\n|upkeep\n|turn|75\n|\n|t:|1700579982\n|move|p2a: Lopunny|Triple Axel|p1a: Corviknight\n|-damage|p1a: Corviknight|90\/100\n|-damage|p1a: Corviknight|85\/100\n|-damage|p1a: Corviknight|78\/100\n|-hitcount|p1a: Corviknight|3\n|move|p1a: Corviknight|Iron Defense|p1a: Corviknight\n|-boost|p1a: Corviknight|def|2\n|\n|-heal|p1a: Corviknight|84\/100|[from] item: Leftovers\n|upkeep\n|turn|76\n|\n|t:|1700579990\n|move|p2a: Lopunny|Close Combat|p1a: Corviknight\n|-damage|p1a: Corviknight|70\/100\n|-unboost|p2a: Lopunny|def|1\n|-unboost|p2a: Lopunny|spd|1\n|move|p1a: Corviknight|Iron Defense|p1a: Corviknight\n|-boost|p1a: Corviknight|def|2\n|\n|-heal|p1a: Corviknight|76\/100|[from] item: Leftovers\n|upkeep\n|turn|77\n|\n|t:|1700579997\n|move|p2a: Lopunny|Close Combat|p1a: Corviknight\n|-damage|p1a: Corviknight|65\/100\n|-unboost|p2a: Lopunny|def|1\n|-unboost|p2a: Lopunny|spd|1\n|move|p1a: Corviknight|Body Press|p2a: Lopunny\n|-supereffective|p2a: Lopunny\n|-damage|p2a: Lopunny|0 fnt\n|faint|p2a: Lopunny\n|\n|-heal|p1a: Corviknight|71\/100|[from] item: Leftovers\n|upkeep\n|\n|t:|1700580007\n|switch|p2a: Tapu Lele|Tapu Lele|7\/100\n|-damage|p2a: Tapu Lele|0 fnt|[from] Stealth Rock\n|faint|p2a: Tapu Lele\n|-message|wuqing_Dada forfeited.\n|\n|win|sgzf\n|raw|sgzf's rating: 1189 &rarr; <strong>1213<\/strong><br \/>(+24 for winning)\n|raw|wuqing_Dada's rating: 1179 &rarr; <strong>1155<\/strong><br \/>(-24 for losing)\n|l|\u2606wuqing_Dada\n","uploadtime":1700580016,"views":1,"p1id":"sgzf","p2id":"wuqingdada","formatid":"gen9nationaldex","rating":1155,"private":0,"password":""}