{"id":"gen9nationaldex-1993212705","p1":"hsenb\u59da\u67d0","p2":"wwaaa","format":"[Gen 9] National Dex","log":"|j|\u2606hsenb\u59da\u67d0\n|j|\u2606wwaaa\n|t:|1700278805\n|gametype|singles\n|player|p1|hsenb\u59da\u67d0|may-contest|1733\n|player|p2|wwaaa|lillie-masters|1664\n|teamsize|p1|6\n|teamsize|p2|6\n|gen|9\n|tier|[Gen 9] National Dex\n|rated|\n|rule|HP Percentage Mod: HP is shown in percentages\n|rule|Endless Battle Clause: Forcing endless battles is banned\n|rule|OHKO Clause: OHKO moves are banned\n|rule|Evasion Clause: Evasion abilities, items, and moves are banned\n|rule|Evasion Abilities Clause: Evasion abilities are banned\n|rule|Evasion Items Clause: Evasion items are banned\n|rule|Evasion Moves Clause: Evasion moves are banned\n|rule|Species Clause: Limit one of each Pok\u00e9mon\n|rule|Sleep Clause Mod: Limit one foe put to sleep\n|clearpoke\n|poke|p1|Lokix, M|\n|poke|p1|Vivillon-Pokeball, F|\n|poke|p1|Scizor, M|\n|poke|p1|Kleavor, M|\n|poke|p1|Buzzwole|\n|poke|p1|Ribombee, M|\n|poke|p2|Weavile, F|\n|poke|p2|Zamazenta-*|\n|poke|p2|Banette, F|\n|poke|p2|Dragonite, F|\n|poke|p2|Slowking-Galar, F|\n|poke|p2|Ferrothorn, F|\n|teampreview\n|j| YJLF\n|l| YJLF\n|j| YJLF\n|\n|t:|1700278819\n|start\n|switch|p1a: \u4e00\u6b21\u6027\u7528\u54c1|Kleavor, M|100\/100\n|switch|p2a: Ferrothorn|Ferrothorn, F|100\/100\n|turn|1\n|l| YJLF\n|c|\u2606wwaaa|\u4eca\u5929\u521a\u770b\u4e86\u4f60\u7684\u89c6\u9891\n|\n|t:|1700278845\n|move|p1a: \u4e00\u6b21\u6027\u7528\u54c1|U-turn|p2a: Ferrothorn\n|-damage|p2a: Ferrothorn|74\/100\n|-damage|p1a: \u4e00\u6b21\u6027\u7528\u54c1|88\/100|[from] ability: Iron Barbs|[of] p2a: Ferrothorn\n|\n|t:|1700278849\n|switch|p1a: \u5f00\u7f51\uff0c\u6ca1\u4e86|Ribombee, M|100\/100|[from] U-turn\n|move|p2a: Ferrothorn|Stealth Rock|p1a: \u5f00\u7f51\uff0c\u6ca1\u4e86\n|-sidestart|p1: hsenb\u59da\u67d0|move: Stealth Rock\n|\n|-heal|p2a: Ferrothorn|80\/100|[from] item: Leftovers\n|upkeep\n|turn|2\n|\n|t:|1700278859\n|move|p1a: \u5f00\u7f51\uff0c\u6ca1\u4e86|Defog|p2a: Ferrothorn\n|-unboost|p2a: Ferrothorn|evasion|1\n|-sideend|p1: hsenb\u59da\u67d0|Stealth Rock|[from] move: Defog|[of] p1a: \u5f00\u7f51\uff0c\u6ca1\u4e86\n|move|p2a: Ferrothorn|Leech Seed|p1a: \u5f00\u7f51\uff0c\u6ca1\u4e86\n|-start|p1a: \u5f00\u7f51\uff0c\u6ca1\u4e86|move: Leech Seed\n|\n|-heal|p2a: Ferrothorn|87\/100|[from] item: Leftovers\n|-damage|p1a: \u5f00\u7f51\uff0c\u6ca1\u4e86|88\/100|[from] Leech Seed|[of] p2a: Ferrothorn\n|-heal|p2a: Ferrothorn|96\/100|[silent]\n|upkeep\n|turn|3\n|\n|t:|1700278877\n|switch|p1a: \u4e13\u641e\u7269\u653b\u624b|Buzzwole|100\/100\n|move|p2a: Ferrothorn|Stealth Rock|p1a: \u4e13\u641e\u7269\u653b\u624b\n|-sidestart|p1: hsenb\u59da\u67d0|move: Stealth Rock\n|\n|-heal|p2a: Ferrothorn|100\/100|[from] item: Leftovers\n|upkeep\n|turn|4\n|\n|t:|1700278886\n|switch|p2a: Slowking|Slowking-Galar, F|100\/100\n|move|p1a: \u4e13\u641e\u7269\u653b\u624b|Drain Punch|p2a: Slowking\n|-resisted|p2a: Slowking\n|-damage|p2a: Slowking|91\/100\n|\n|upkeep\n|turn|5\n|\n|t:|1700278898\n|switch|p1a: \u5251\u821e\u63a8\u63a8\u63a8|Scizor, M|100\/100\n|-damage|p1a: \u5251\u821e\u63a8\u63a8\u63a8|88\/100|[from] Stealth Rock\n|move|p2a: Slowking|Toxic Spikes|p1a: \u5251\u821e\u63a8\u63a8\u63a8\n|-sidestart|p1: hsenb\u59da\u67d0|move: Toxic Spikes\n|\n|upkeep\n|turn|6\n|\n|t:|1700278918\n|detailschange|p1a: \u5251\u821e\u63a8\u63a8\u63a8|Scizor-Mega, M\n|-mega|p1a: \u5251\u821e\u63a8\u63a8\u63a8|Scizor|Scizorite\n|move|p1a: \u5251\u821e\u63a8\u63a8\u63a8|Swords Dance|p1a: \u5251\u821e\u63a8\u63a8\u63a8\n|-boost|p1a: \u5251\u821e\u63a8\u63a8\u63a8|atk|2\n|move|p2a: Slowking|Chilly Reception|p2a: Slowking\n|-weather|Snow\n|\n|t:|1700278927\n|switch|p2a: Zamazenta|Zamazenta|100\/100|[from] Chilly Reception\n|-ability|p2a: Zamazenta|Dauntless Shield|boost\n|-boost|p2a: Zamazenta|def|1\n|\n|-weather|Snow|[upkeep]\n|upkeep\n|turn|7\n|\n|t:|1700278974\n|move|p2a: Zamazenta|Iron Defense|p2a: Zamazenta\n|-boost|p2a: Zamazenta|def|2\n|move|p1a: \u5251\u821e\u63a8\u63a8\u63a8|U-turn|p2a: Zamazenta\n|-resisted|p2a: Zamazenta\n|-damage|p2a: Zamazenta|90\/100\n|\n|t:|1700278978\n|switch|p1a: \u5f00\u7f51\uff0c\u6ca1\u4e86|Ribombee, M|88\/100|[from] U-turn\n|-damage|p1a: \u5f00\u7f51\uff0c\u6ca1\u4e86|63\/100|[from] Stealth Rock\n|-status|p1a: \u5f00\u7f51\uff0c\u6ca1\u4e86|psn\n|\n|-weather|Snow|[upkeep]\n|-damage|p1a: \u5f00\u7f51\uff0c\u6ca1\u4e86|51\/100 psn|[from] psn\n|upkeep\n|turn|8\n|\n|t:|1700278986\n|move|p2a: Zamazenta|Heavy Slam|p1a: \u5f00\u7f51\uff0c\u6ca1\u4e86\n|-supereffective|p1a: \u5f00\u7f51\uff0c\u6ca1\u4e86\n|-damage|p1a: \u5f00\u7f51\uff0c\u6ca1\u4e86|0 fnt\n|faint|p1a: \u5f00\u7f51\uff0c\u6ca1\u4e86\n|\n|-weather|Snow|[upkeep]\n|upkeep\n|\n|t:|1700278995\n|switch|p1a: \u4e13\u641e\u7269\u653b\u624b|Buzzwole|100\/100\n|-damage|p1a: \u4e13\u641e\u7269\u653b\u624b|88\/100|[from] Stealth Rock\n|-status|p1a: \u4e13\u641e\u7269\u653b\u624b|psn\n|turn|9\n|\n|t:|1700279003\n|move|p2a: Zamazenta|Iron Defense|p2a: Zamazenta\n|-boost|p2a: Zamazenta|def|2\n|move|p1a: \u4e13\u641e\u7269\u653b\u624b|Bulk Up|p1a: \u4e13\u641e\u7269\u653b\u624b\n|-boost|p1a: \u4e13\u641e\u7269\u653b\u624b|atk|1\n|-boost|p1a: \u4e13\u641e\u7269\u653b\u624b|def|1\n|\n|-weather|Snow|[upkeep]\n|-damage|p1a: \u4e13\u641e\u7269\u653b\u624b|76\/100 psn|[from] psn\n|upkeep\n|turn|10\n|\n|t:|1700279048\n|move|p2a: Zamazenta|Body Press|p1a: \u4e13\u641e\u7269\u653b\u624b\n|-resisted|p1a: \u4e13\u641e\u7269\u653b\u624b\n|-crit|p1a: \u4e13\u641e\u7269\u653b\u624b\n|-damage|p1a: \u4e13\u641e\u7269\u653b\u624b|34\/100 psn\n|-damage|p2a: Zamazenta|73\/100|[from] item: Rocky Helmet|[of] p1a: \u4e13\u641e\u7269\u653b\u624b\n|move|p1a: \u4e13\u641e\u7269\u653b\u624b|Bulk Up|p1a: \u4e13\u641e\u7269\u653b\u624b\n|-boost|p1a: \u4e13\u641e\u7269\u653b\u624b|atk|1\n|-boost|p1a: \u4e13\u641e\u7269\u653b\u624b|def|1\n|\n|-weather|none\n|-damage|p1a: \u4e13\u641e\u7269\u653b\u624b|22\/100 psn|[from] psn\n|upkeep\n|turn|11\n|\n|t:|1700279057\n|move|p2a: Zamazenta|Body Press|p1a: \u4e13\u641e\u7269\u653b\u624b\n|-resisted|p1a: \u4e13\u641e\u7269\u653b\u624b\n|-damage|p1a: \u4e13\u641e\u7269\u653b\u624b|8\/100 psn\n|-damage|p2a: Zamazenta|57\/100|[from] item: Rocky Helmet|[of] p1a: \u4e13\u641e\u7269\u653b\u624b\n|move|p1a: \u4e13\u641e\u7269\u653b\u624b|Drain Punch|p2a: Zamazenta\n|-damage|p2a: Zamazenta|43\/100\n|-heal|p1a: \u4e13\u641e\u7269\u653b\u624b|14\/100 psn|[from] drain|[of] p2a: Zamazenta\n|\n|-damage|p1a: \u4e13\u641e\u7269\u653b\u624b|2\/100 psn|[from] psn\n|upkeep\n|turn|12\n|-message|hsenb\u59da\u67d0 forfeited.\n|\n|win|wwaaa\n|raw|hsenb\u59da\u67d0's rating: 1733 &rarr; <strong>1709<\/strong><br \/>(-24 for losing)\n|raw|wwaaa's rating: 1664 &rarr; <strong>1688<\/strong><br \/>(+24 for winning)\n|l|\u2606hsenb\u59da\u67d0\n","uploadtime":1700279118,"views":6,"p1id":"hsenb","p2id":"wwaaa","formatid":"gen9nationaldex","rating":1688,"private":0,"password":""}