{"id":"gen9nationaldex-1998789006","p1":"Naides","p2":"hjhjaa","format":"[Gen 9] National Dex","log":"|html|<div class=\"broadcast-blue\"><strong>[Gen 9] National Dex is currently suspecting Sneasler! For information on how to participate check out the <a href=\"https:\/\/www.smogon.com\/forums\/threads\/sv-national-dex-suspect-8-just-dance.3731534\/\">suspect thread<\/a>.<\/strong><\/div>\n|j|\u2606Naides\n|j|\u2606hjhjaa\n|t:|1700991191\n|gametype|singles\n|player|p1|Naides|cyclistf|1521\n|player|p2|hjhjaa|caitlin|1520\n|teamsize|p1|6\n|teamsize|p2|6\n|gen|9\n|tier|[Gen 9] National Dex\n|rated|\n|rule|HP Percentage Mod: HP is shown in percentages\n|rule|Endless Battle Clause: Forcing endless battles is banned\n|rule|OHKO Clause: OHKO moves are banned\n|rule|Evasion Clause: Evasion abilities, items, and moves are banned\n|rule|Evasion Abilities Clause: Evasion abilities are banned\n|rule|Evasion Items Clause: Evasion items are banned\n|rule|Evasion Moves Clause: Evasion moves are banned\n|rule|Species Clause: Limit one of each Pok\u00e9mon\n|rule|Sleep Clause Mod: Limit one foe put to sleep\n|clearpoke\n|poke|p1|Rillaboom, F|\n|poke|p1|Magnezone|\n|poke|p1|Houndoom, M|\n|poke|p1|Houndstone, M|\n|poke|p1|Urshifu-*, M|\n|poke|p1|Enamorus, F|\n|poke|p2|Charizard, M|\n|poke|p2|Great Tusk|\n|poke|p2|Garganacl, M|\n|poke|p2|Hatterene, F|\n|poke|p2|Rillaboom, F|\n|poke|p2|Sneasler, F|\n|teampreview\n|inactive|Battle timer is ON: inactive players will automatically lose when time's up. (requested by hjhjaa)\n|\n|t:|1700991205\n|start\n|switch|p1a: Urshifu|Urshifu-Rapid-Strike, M|100\/100\n|switch|p2a: \u9664\u5269|Garganacl, M|100\/100\n|turn|1\n|\n|t:|1700991212\n|-terastallize|p2a: \u9664\u5269|Dragon\n|move|p1a: Urshifu|U-turn|p2a: \u9664\u5269\n|-damage|p2a: \u9664\u5269|83\/100\n|\n|t:|1700991218\n|switch|p1a: Magnezone|Magnezone|100\/100|[from] U-turn\n|move|p2a: \u9664\u5269|Salt Cure|p1a: Magnezone\n|-resisted|p1a: Magnezone\n|-damage|p1a: Magnezone|94\/100\n|-start|p1a: Magnezone|Salt Cure\n|\n|-heal|p2a: \u9664\u5269|90\/100|[from] item: Leftovers\n|-damage|p1a: Magnezone|70\/100|[from] Salt Cure\n|upkeep\n|turn|2\n|\n|t:|1700991224\n|move|p2a: \u9664\u5269|Protect|p2a: \u9664\u5269\n|-singleturn|p2a: \u9664\u5269|Protect\n|move|p1a: Magnezone|Flash Cannon|p2a: \u9664\u5269\n|-activate|p2a: \u9664\u5269|move: Protect\n|\n|-heal|p2a: \u9664\u5269|96\/100|[from] item: Leftovers\n|-damage|p1a: Magnezone|45\/100|[from] Salt Cure\n|upkeep\n|turn|3\n|\n|t:|1700991230\n|move|p1a: Magnezone|Flash Cannon|p2a: \u9664\u5269\n|-damage|p2a: \u9664\u5269|32\/100\n|-unboost|p2a: \u9664\u5269|spd|1\n|move|p2a: \u9664\u5269|Stealth Rock|p1a: Magnezone\n|-sidestart|p1: Naides|move: Stealth Rock\n|\n|-heal|p2a: \u9664\u5269|38\/100|[from] item: Leftovers\n|-damage|p1a: Magnezone|20\/100|[from] Salt Cure\n|upkeep\n|turn|4\n|\n|t:|1700991244\n|move|p2a: \u9664\u5269|Protect|p2a: \u9664\u5269\n|-singleturn|p2a: \u9664\u5269|Protect\n|move|p1a: Magnezone|Flash Cannon|p2a: \u9664\u5269\n|-activate|p2a: \u9664\u5269|move: Protect\n|\n|-heal|p2a: \u9664\u5269|44\/100|[from] item: Leftovers\n|-damage|p1a: Magnezone|0 fnt|[from] Salt Cure\n|faint|p1a: Magnezone\n|upkeep\n|\n|t:|1700991247\n|switch|p1a: Enamorus|Enamorus, F|100\/100\n|-damage|p1a: Enamorus|76\/100|[from] Stealth Rock\n|turn|5\n|\n|t:|1700991251\n|switch|p2a: Hatterene|Hatterene, F|100\/100\n|move|p1a: Enamorus|Moonblast|p2a: Hatterene\n|-damage|p2a: Hatterene|63\/100\n|\n|upkeep\n|turn|6\n|\n|t:|1700991255\n|move|p1a: Enamorus|Calm Mind|p1a: Enamorus\n|-boost|p1a: Enamorus|spa|1\n|-boost|p1a: Enamorus|spd|1\n|move|p2a: Hatterene|Nuzzle|p1a: Enamorus\n|-supereffective|p1a: Enamorus\n|-damage|p1a: Enamorus|64\/100\n|-status|p1a: Enamorus|par\n|\n|upkeep\n|turn|7\n|\n|t:|1700991260\n|switch|p2a: Sneasler|Sneasler, F|100\/100\n|move|p1a: Enamorus|Moonblast|p2a: Sneasler\n|-damage|p2a: Sneasler|2\/100\n|\n|upkeep\n|turn|8\n|\n|t:|1700991265\n|switch|p1a: Houndstone|Houndstone, M|100\/100\n|-damage|p1a: Houndstone|88\/100|[from] Stealth Rock\n|move|p2a: Sneasler|Dire Claw|p1a: Houndstone\n|-resisted|p1a: Houndstone\n|-damage|p1a: Houndstone|80\/100\n|-status|p1a: Houndstone|slp\n|\n|-heal|p1a: Houndstone|86\/100 slp|[from] item: Leftovers\n|upkeep\n|turn|9\n|\n|t:|1700991272\n|switch|p1a: Urshifu|Urshifu-Rapid-Strike, M|100\/100\n|-damage|p1a: Urshifu|94\/100|[from] Stealth Rock\n|move|p2a: Sneasler|Swords Dance|p2a: Sneasler\n|-boost|p2a: Sneasler|atk|2\n|\n|upkeep\n|turn|10\n|\n|t:|1700991278\n|move|p1a: Urshifu|Aqua Jet|p2a: Sneasler\n|-damage|p2a: Sneasler|0 fnt\n|faint|p2a: Sneasler\n|\n|upkeep\n|\n|t:|1700991285\n|switch|p2a: \u9664\u5269|Garganacl, M, tera:Dragon|44\/100\n|turn|11\n|\n|t:|1700991291\n|switch|p1a: Enamorus|Enamorus, F|64\/100 par\n|-damage|p1a: Enamorus|39\/100 par|[from] Stealth Rock\n|-enditem|p1a: Enamorus|Sitrus Berry|[eat]\n|-heal|p1a: Enamorus|64\/100 par|[from] item: Sitrus Berry\n|move|p2a: \u9664\u5269|Recover|p2a: \u9664\u5269\n|-heal|p2a: \u9664\u5269|94\/100\n|\n|-heal|p2a: \u9664\u5269|99\/100|[from] item: Leftovers\n|upkeep\n|turn|12\n|\n|t:|1700991296\n|switch|p2a: Charizard|Charizard, M|100\/100\n|move|p1a: Enamorus|Moonblast|p2a: Charizard\n|-resisted|p2a: Charizard\n|-damage|p2a: Charizard|69\/100\n|\n|upkeep\n|turn|13\n|\n|t:|1700991307\n|move|p2a: Charizard|Air Slash|p1a: Enamorus\n|-crit|p1a: Enamorus\n|-damage|p1a: Enamorus|0 fnt\n|faint|p1a: Enamorus\n|\n|upkeep\n|\n|t:|1700991315\n|switch|p1a: Houndoom|Houndoom, M|100\/100\n|-damage|p1a: Houndoom|76\/100|[from] Stealth Rock\n|turn|14\n|\n|t:|1700991339\n|detailschange|p1a: Houndoom|Houndoom-Mega, M\n|-mega|p1a: Houndoom|Houndoom|Houndoominite\n|move|p1a: Houndoom|Dark Pulse|p2a: Charizard\n|-damage|p2a: Charizard|19\/100\n|move|p2a: Charizard|Scorching Sands|p1a: Houndoom\n|-supereffective|p1a: Houndoom\n|-damage|p1a: Houndoom|14\/100\n|\n|upkeep\n|turn|15\n|\n|t:|1700991348\n|switch|p2a: \u9664\u5269|Garganacl, M, tera:Dragon|99\/100\n|move|p1a: Houndoom|Dark Pulse|p2a: \u9664\u5269\n|-damage|p2a: \u9664\u5269|62\/100\n|\n|-heal|p2a: \u9664\u5269|69\/100|[from] item: Leftovers\n|upkeep\n|turn|16\n|\n|t:|1700991351\n|move|p2a: \u9664\u5269|Protect|p2a: \u9664\u5269\n|-singleturn|p2a: \u9664\u5269|Protect\n|move|p1a: Houndoom|Destiny Bond|p1a: Houndoom\n|-singlemove|p1a: Houndoom|Destiny Bond\n|\n|-heal|p2a: \u9664\u5269|75\/100|[from] item: Leftovers\n|upkeep\n|turn|17\n|\n|t:|1700991357\n|move|p1a: Houndoom|Destiny Bond||[still]\n|-fail|p1a: Houndoom\n|move|p2a: \u9664\u5269|Recover|p2a: \u9664\u5269\n|-heal|p2a: \u9664\u5269|100\/100\n|\n|upkeep\n|turn|18\n|\n|t:|1700991364\n|move|p2a: \u9664\u5269|Protect|p2a: \u9664\u5269\n|-singleturn|p2a: \u9664\u5269|Protect\n|move|p1a: Houndoom|Dark Pulse|p2a: \u9664\u5269\n|-activate|p2a: \u9664\u5269|move: Protect\n|\n|upkeep\n|turn|19\n|\n|t:|1700991376\n|move|p1a: Houndoom|Destiny Bond|p1a: Houndoom\n|-singlemove|p1a: Houndoom|Destiny Bond\n|move|p2a: \u9664\u5269|Stealth Rock||[still]\n|-fail|p2a: \u9664\u5269\n|\n|upkeep\n|turn|20\n|\n|t:|1700991380\n|move|p1a: Houndoom|Dark Pulse|p2a: \u9664\u5269\n|-damage|p2a: \u9664\u5269|61\/100\n|cant|p2a: \u9664\u5269|flinch\n|\n|-heal|p2a: \u9664\u5269|67\/100|[from] item: Leftovers\n|upkeep\n|turn|21\n|\n|t:|1700991387\n|move|p1a: Houndoom|Dark Pulse|p2a: \u9664\u5269\n|-damage|p2a: \u9664\u5269|25\/100\n|move|p2a: \u9664\u5269|Recover|p2a: \u9664\u5269\n|-heal|p2a: \u9664\u5269|75\/100\n|\n|-heal|p2a: \u9664\u5269|81\/100|[from] item: Leftovers\n|upkeep\n|turn|22\n|\n|t:|1700991390\n|move|p2a: \u9664\u5269|Protect|p2a: \u9664\u5269\n|-singleturn|p2a: \u9664\u5269|Protect\n|move|p1a: Houndoom|Dark Pulse|p2a: \u9664\u5269\n|-activate|p2a: \u9664\u5269|move: Protect\n|\n|-heal|p2a: \u9664\u5269|87\/100|[from] item: Leftovers\n|upkeep\n|turn|23\n|\n|t:|1700991394\n|move|p1a: Houndoom|Destiny Bond|p1a: Houndoom\n|-singlemove|p1a: Houndoom|Destiny Bond\n|move|p2a: \u9664\u5269|Recover|p2a: \u9664\u5269\n|-heal|p2a: \u9664\u5269|100\/100\n|\n|upkeep\n|turn|24\n|\n|t:|1700991398\n|move|p1a: Houndoom|Dark Pulse|p2a: \u9664\u5269\n|-damage|p2a: \u9664\u5269|61\/100\n|move|p2a: \u9664\u5269|Salt Cure|p1a: Houndoom\n|-supereffective|p1a: Houndoom\n|-damage|p1a: Houndoom|0 fnt\n|faint|p1a: Houndoom\n|\n|-heal|p2a: \u9664\u5269|67\/100|[from] item: Leftovers\n|upkeep\n|\n|t:|1700991401\n|switch|p1a: Rillaboom|Rillaboom, F|100\/100\n|-damage|p1a: Rillaboom|88\/100|[from] Stealth Rock\n|-fieldstart|move: Grassy Terrain|[from] ability: Grassy Surge|[of] p1a: Rillaboom\n|turn|25\n|\n|t:|1700991405\n|move|p2a: \u9664\u5269|Protect|p2a: \u9664\u5269\n|-singleturn|p2a: \u9664\u5269|Protect\n|move|p1a: Rillaboom|Knock Off|p2a: \u9664\u5269\n|-activate|p2a: \u9664\u5269|move: Protect\n|\n|-heal|p1a: Rillaboom|94\/100|[from] Grassy Terrain\n|-heal|p2a: \u9664\u5269|73\/100|[from] Grassy Terrain\n|-heal|p2a: \u9664\u5269|79\/100|[from] item: Leftovers\n|upkeep\n|turn|26\n|\n|t:|1700991411\n|move|p1a: Rillaboom|Knock Off|p2a: \u9664\u5269\n|-damage|p2a: \u9664\u5269|53\/100\n|-enditem|p2a: \u9664\u5269|Leftovers|[from] move: Knock Off|[of] p1a: Rillaboom\n|-damage|p1a: Rillaboom|84\/100|[from] item: Life Orb\n|move|p2a: \u9664\u5269|Salt Cure|p1a: Rillaboom\n|-damage|p1a: Rillaboom|69\/100\n|-start|p1a: Rillaboom|Salt Cure\n|\n|-heal|p1a: Rillaboom|76\/100|[from] Grassy Terrain\n|-heal|p2a: \u9664\u5269|60\/100|[from] Grassy Terrain\n|-damage|p1a: Rillaboom|63\/100|[from] Salt Cure\n|upkeep\n|turn|27\n|\n|t:|1700991418\n|move|p1a: Rillaboom|Wood Hammer|p2a: \u9664\u5269\n|-resisted|p2a: \u9664\u5269\n|-damage|p2a: \u9664\u5269|30\/100\n|-damage|p1a: Rillaboom|52\/100|[from] Recoil\n|-damage|p1a: Rillaboom|42\/100|[from] item: Life Orb\n|move|p2a: \u9664\u5269|Recover|p2a: \u9664\u5269\n|-heal|p2a: \u9664\u5269|80\/100\n|\n|-heal|p1a: Rillaboom|48\/100|[from] Grassy Terrain\n|-heal|p2a: \u9664\u5269|86\/100|[from] Grassy Terrain\n|-damage|p1a: Rillaboom|35\/100|[from] Salt Cure\n|upkeep\n|turn|28\n|\n|t:|1700991421\n|switch|p1a: Urshifu|Urshifu-Rapid-Strike, M|94\/100\n|-damage|p1a: Urshifu|88\/100|[from] Stealth Rock\n|move|p2a: \u9664\u5269|Protect||[still]\n|-fail|p2a: \u9664\u5269\n|\n|-heal|p1a: Urshifu|94\/100|[from] Grassy Terrain\n|-heal|p2a: \u9664\u5269|92\/100|[from] Grassy Terrain\n|upkeep\n|turn|29\n|\n|t:|1700991427\n|-terastallize|p1a: Urshifu|Fighting\n|move|p1a: Urshifu|Close Combat|p2a: \u9664\u5269\n|-damage|p2a: \u9664\u5269|32\/100\n|-unboost|p1a: Urshifu|def|1\n|-unboost|p1a: Urshifu|spd|1\n|move|p2a: \u9664\u5269|Salt Cure|p1a: Urshifu\n|-resisted|p1a: Urshifu\n|-damage|p1a: Urshifu|84\/100\n|-start|p1a: Urshifu|Salt Cure\n|\n|-heal|p1a: Urshifu|90\/100|[from] Grassy Terrain\n|-heal|p2a: \u9664\u5269|38\/100|[from] Grassy Terrain\n|-damage|p1a: Urshifu|78\/100|[from] Salt Cure\n|-fieldend|move: Grassy Terrain\n|upkeep\n|turn|30\n|\n|t:|1700991431\n|switch|p2a: Hatterene|Hatterene, F|63\/100\n|move|p1a: Urshifu|Close Combat|p2a: Hatterene\n|-resisted|p2a: Hatterene\n|-damage|p2a: Hatterene|28\/100\n|-unboost|p1a: Urshifu|def|1\n|-unboost|p1a: Urshifu|spd|1\n|\n|-damage|p1a: Urshifu|65\/100|[from] Salt Cure\n|upkeep\n|turn|31\n|\n|t:|1700991436\n|move|p1a: Urshifu|Close Combat|p2a: Hatterene\n|-resisted|p2a: Hatterene\n|-damage|p2a: Hatterene|0 fnt\n|-unboost|p1a: Urshifu|def|1\n|-unboost|p1a: Urshifu|spd|1\n|faint|p2a: Hatterene\n|\n|-damage|p1a: Urshifu|53\/100|[from] Salt Cure\n|upkeep\n|\n|t:|1700991439\n|switch|p2a: Rillaboom|Rillaboom, F|100\/100\n|-fieldstart|move: Grassy Terrain|[from] ability: Grassy Surge|[of] p2a: Rillaboom\n|turn|32\n|\n|t:|1700991444\n|switch|p1a: Rillaboom|Rillaboom, F|35\/100\n|-damage|p1a: Rillaboom|23\/100|[from] Stealth Rock\n|move|p2a: Rillaboom|Grassy Glide|p1a: Rillaboom\n|-resisted|p1a: Rillaboom\n|-damage|p1a: Rillaboom|0 fnt\n|faint|p1a: Rillaboom\n|\n|upkeep\n|\n|t:|1700991446\n|switch|p1a: Houndstone|Houndstone, M|86\/100 slp\n|-damage|p1a: Houndstone|74\/100 slp|[from] Stealth Rock\n|turn|33\n|\n|t:|1700991450\n|switch|p2a: Charizard|Charizard, M|19\/100\n|cant|p1a: Houndstone|slp\n|\n|-heal|p1a: Houndstone|80\/100 slp|[from] Grassy Terrain\n|-heal|p1a: Houndstone|86\/100 slp|[from] item: Leftovers\n|upkeep\n|turn|34\n|\n|t:|1700991453\n|detailschange|p2a: Charizard|Charizard-Mega-Y, M\n|-mega|p2a: Charizard|Charizard|Charizardite Y\n|-weather|SunnyDay|[from] ability: Drought|[of] p2a: Charizard\n|-curestatus|p1a: Houndstone|slp|[msg]\n|move|p1a: Houndstone|Shadow Sneak|p2a: Charizard\n|-damage|p2a: Charizard|0 fnt\n|faint|p2a: Charizard\n|\n|-weather|SunnyDay|[upkeep]\n|-heal|p1a: Houndstone|92\/100|[from] Grassy Terrain\n|-heal|p1a: Houndstone|98\/100|[from] item: Leftovers\n|upkeep\n|\n|t:|1700991459\n|switch|p2a: \u9664\u5269|Garganacl, M, tera:Dragon|38\/100\n|turn|35\n|\n|t:|1700991465\n|switch|p1a: Urshifu|Urshifu-Rapid-Strike, M, tera:Fighting|53\/100\n|-damage|p1a: Urshifu|47\/100|[from] Stealth Rock\n|move|p2a: \u9664\u5269|Recover|p2a: \u9664\u5269\n|-heal|p2a: \u9664\u5269|88\/100\n|\n|-weather|SunnyDay|[upkeep]\n|-heal|p1a: Urshifu|53\/100|[from] Grassy Terrain\n|-heal|p2a: \u9664\u5269|94\/100|[from] Grassy Terrain\n|upkeep\n|turn|36\n|\n|t:|1700991468\n|move|p1a: Urshifu|Close Combat|p2a: \u9664\u5269\n|-damage|p2a: \u9664\u5269|29\/100\n|-unboost|p1a: Urshifu|def|1\n|-unboost|p1a: Urshifu|spd|1\n|move|p2a: \u9664\u5269|Salt Cure|p1a: Urshifu\n|-resisted|p1a: Urshifu\n|-damage|p1a: Urshifu|43\/100\n|-start|p1a: Urshifu|Salt Cure\n|\n|-weather|SunnyDay|[upkeep]\n|-heal|p1a: Urshifu|49\/100|[from] Grassy Terrain\n|-heal|p2a: \u9664\u5269|35\/100|[from] Grassy Terrain\n|-damage|p1a: Urshifu|37\/100|[from] Salt Cure\n|-fieldend|move: Grassy Terrain\n|upkeep\n|turn|37\n|\n|t:|1700991474\n|switch|p2a: \u8d85\u6781\u5de8\u5c0f\u5c0f\u8c61|Great Tusk|100\/100\n|-activate|p2a: \u8d85\u6781\u5de8\u5c0f\u5c0f\u8c61|ability: Protosynthesis\n|-start|p2a: \u8d85\u6781\u5de8\u5c0f\u5c0f\u8c61|protosynthesisatk\n|move|p1a: Urshifu|Close Combat|p2a: \u8d85\u6781\u5de8\u5c0f\u5c0f\u8c61\n|-damage|p2a: \u8d85\u6781\u5de8\u5c0f\u5c0f\u8c61|15\/100\n|-unboost|p1a: Urshifu|def|1\n|-unboost|p1a: Urshifu|spd|1\n|\n|-weather|SunnyDay|[upkeep]\n|-damage|p1a: Urshifu|25\/100|[from] Salt Cure\n|upkeep\n|turn|38\n|\n|t:|1700991479\n|move|p1a: Urshifu|Close Combat|p2a: \u8d85\u6781\u5de8\u5c0f\u5c0f\u8c61\n|-damage|p2a: \u8d85\u6781\u5de8\u5c0f\u5c0f\u8c61|0 fnt\n|-unboost|p1a: Urshifu|def|1\n|-unboost|p1a: Urshifu|spd|1\n|faint|p2a: \u8d85\u6781\u5de8\u5c0f\u5c0f\u8c61\n|-end|p2a: \u8d85\u6781\u5de8\u5c0f\u5c0f\u8c61|Protosynthesis|[silent]\n|\n|-weather|none\n|-damage|p1a: Urshifu|12\/100|[from] Salt Cure\n|upkeep\n|\n|t:|1700991481\n|switch|p2a: Rillaboom|Rillaboom, F|100\/100\n|-fieldstart|move: Grassy Terrain|[from] ability: Grassy Surge|[of] p2a: Rillaboom\n|turn|39\n|\n|t:|1700991488\n|move|p2a: Rillaboom|Grassy Glide|p1a: Urshifu\n|-damage|p1a: Urshifu|0 fnt\n|faint|p1a: Urshifu\n|\n|upkeep\n|\n|t:|1700991491\n|switch|p1a: Houndstone|Houndstone, M|98\/100\n|-damage|p1a: Houndstone|86\/100|[from] Stealth Rock\n|turn|40\n|\n|t:|1700991493\n|switch|p2a: \u9664\u5269|Garganacl, M, tera:Dragon|35\/100\n|move|p1a: Houndstone|Will-O-Wisp|p2a: \u9664\u5269\n|-immune|p2a: \u9664\u5269|[from] ability: Purifying Salt\n|\n|-heal|p1a: Houndstone|92\/100|[from] Grassy Terrain\n|-heal|p1a: Houndstone|98\/100|[from] item: Leftovers\n|-heal|p2a: \u9664\u5269|41\/100|[from] Grassy Terrain\n|upkeep\n|turn|41\n|\n|t:|1700991496\n|move|p1a: Houndstone|Poltergeist||[still]\n|-fail|p1a: Houndstone\n|move|p2a: \u9664\u5269|Recover|p2a: \u9664\u5269\n|-heal|p2a: \u9664\u5269|91\/100\n|\n|-heal|p1a: Houndstone|100\/100|[from] Grassy Terrain\n|-heal|p2a: \u9664\u5269|98\/100|[from] Grassy Terrain\n|upkeep\n|turn|42\n|\n|t:|1700991499\n|move|p1a: Houndstone|Body Press|p2a: \u9664\u5269\n|-damage|p2a: \u9664\u5269|84\/100\n|move|p2a: \u9664\u5269|Salt Cure|p1a: Houndstone\n|-damage|p1a: Houndstone|90\/100\n|-start|p1a: Houndstone|Salt Cure\n|\n|-heal|p1a: Houndstone|96\/100|[from] Grassy Terrain\n|-heal|p1a: Houndstone|100\/100|[from] item: Leftovers\n|-heal|p2a: \u9664\u5269|90\/100|[from] Grassy Terrain\n|-damage|p1a: Houndstone|88\/100|[from] Salt Cure\n|upkeep\n|turn|43\n|c|\u2606hjhjaa|gg\u54af\n|\n|t:|1700991508\n|move|p1a: Houndstone|Body Press|p2a: \u9664\u5269\n|-damage|p2a: \u9664\u5269|77\/100\n|move|p2a: \u9664\u5269|Salt Cure|p1a: Houndstone\n|-damage|p1a: Houndstone|78\/100\n|\n|-heal|p1a: Houndstone|84\/100|[from] Grassy Terrain\n|-heal|p1a: Houndstone|90\/100|[from] item: Leftovers\n|-heal|p2a: \u9664\u5269|83\/100|[from] Grassy Terrain\n|-damage|p1a: Houndstone|78\/100|[from] Salt Cure\n|-fieldend|move: Grassy Terrain\n|upkeep\n|turn|44\n|\n|t:|1700991510\n|switch|p2a: Rillaboom|Rillaboom, F|100\/100\n|-fieldstart|move: Grassy Terrain|[from] ability: Grassy Surge|[of] p2a: Rillaboom\n|move|p1a: Houndstone|Body Press|p2a: Rillaboom\n|-crit|p2a: Rillaboom\n|-damage|p2a: Rillaboom|67\/100\n|\n|-heal|p2a: Rillaboom|73\/100|[from] Grassy Terrain\n|-heal|p1a: Houndstone|84\/100|[from] Grassy Terrain\n|-heal|p1a: Houndstone|90\/100|[from] item: Leftovers\n|-damage|p1a: Houndstone|78\/100|[from] Salt Cure\n|upkeep\n|turn|45\n|\n|t:|1700991513\n|move|p2a: Rillaboom|Knock Off|p1a: Houndstone\n|-supereffective|p1a: Houndstone\n|-damage|p1a: Houndstone|39\/100\n|-enditem|p1a: Houndstone|Leftovers|[from] move: Knock Off|[of] p2a: Rillaboom\n|move|p1a: Houndstone|Will-O-Wisp|p2a: Rillaboom\n|-status|p2a: Rillaboom|brn\n|\n|-heal|p2a: Rillaboom|80\/100 brn|[from] Grassy Terrain\n|-heal|p1a: Houndstone|45\/100|[from] Grassy Terrain\n|-damage|p2a: Rillaboom|73\/100 brn|[from] brn\n|-damage|p1a: Houndstone|32\/100|[from] Salt Cure\n|upkeep\n|turn|46\n|\n|t:|1700991516\n|switch|p2a: \u9664\u5269|Garganacl, M, tera:Dragon|83\/100\n|move|p1a: Houndstone|Body Press|p2a: \u9664\u5269\n|-damage|p2a: \u9664\u5269|71\/100\n|\n|-heal|p1a: Houndstone|38\/100|[from] Grassy Terrain\n|-heal|p2a: \u9664\u5269|77\/100|[from] Grassy Terrain\n|-damage|p1a: Houndstone|26\/100|[from] Salt Cure\n|upkeep\n|turn|47\n|\n|t:|1700991521\n|move|p1a: Houndstone|Body Press|p2a: \u9664\u5269\n|-damage|p2a: \u9664\u5269|63\/100\n|move|p2a: \u9664\u5269|Stealth Rock||[still]\n|-fail|p2a: \u9664\u5269\n|\n|-heal|p1a: Houndstone|32\/100|[from] Grassy Terrain\n|-heal|p2a: \u9664\u5269|69\/100|[from] Grassy Terrain\n|-damage|p1a: Houndstone|20\/100|[from] Salt Cure\n|upkeep\n|turn|48\n|\n|t:|1700991523\n|move|p1a: Houndstone|Body Press|p2a: \u9664\u5269\n|-damage|p2a: \u9664\u5269|56\/100\n|move|p2a: \u9664\u5269|Stealth Rock||[still]\n|-fail|p2a: \u9664\u5269\n|\n|-heal|p1a: Houndstone|26\/100|[from] Grassy Terrain\n|-heal|p2a: \u9664\u5269|62\/100|[from] Grassy Terrain\n|-damage|p1a: Houndstone|13\/100|[from] Salt Cure\n|-fieldend|move: Grassy Terrain\n|upkeep\n|turn|49\n|\n|t:|1700991526\n|move|p1a: Houndstone|Body Press|p2a: \u9664\u5269\n|-damage|p2a: \u9664\u5269|48\/100\n|move|p2a: \u9664\u5269|Stealth Rock||[still]\n|-fail|p2a: \u9664\u5269\n|\n|-damage|p1a: Houndstone|1\/100|[from] Salt Cure\n|upkeep\n|turn|50\n|\n|t:|1700991529\n|move|p1a: Houndstone|Body Press|p2a: \u9664\u5269\n|-damage|p2a: \u9664\u5269|36\/100\n|move|p2a: \u9664\u5269|Recover|p2a: \u9664\u5269\n|-heal|p2a: \u9664\u5269|86\/100\n|\n|-damage|p1a: Houndstone|0 fnt|[from] Salt Cure\n|faint|p1a: Houndstone\n|\n|win|hjhjaa\n|upkeep\n|raw|Naides's rating: 1521 &rarr; <strong>1501<\/strong><br \/>(-20 for losing)\n|raw|hjhjaa's rating: 1520 &rarr; <strong>1540<\/strong><br \/>(+20 for winning)\n|l|\u2606Naides\n|l|\u2606hjhjaa\n|j|\u2606hjhjaa\n|player|p2|hjhjaa|caitlin\n","uploadtime":1700991581,"views":1,"p1id":"naides","p2id":"hjhjaa","formatid":"gen9nationaldex","rating":1501,"private":0,"password":""}