{"id":"gen9nationaldex-1988678095","p1":"flysix","p2":"Kid Catchers","format":"[Gen 9] National Dex","log":"|j|\u2606flysix\n|j|\u2606Kid Catchers\n|t:|1699749555\n|gametype|singles\n|player|p1|flysix|rosa|1512\n|player|p2|Kid Catchers|lass-gen4dp|1515\n|teamsize|p1|6\n|teamsize|p2|6\n|gen|9\n|tier|[Gen 9] National Dex\n|rated|\n|rule|HP Percentage Mod: HP is shown in percentages\n|rule|Endless Battle Clause: Forcing endless battles is banned\n|rule|OHKO Clause: OHKO moves are banned\n|rule|Evasion Clause: Evasion abilities, items, and moves are banned\n|rule|Evasion Abilities Clause: Evasion abilities are banned\n|rule|Evasion Items Clause: Evasion items are banned\n|rule|Evasion Moves Clause: Evasion moves are banned\n|rule|Species Clause: Limit one of each Pok\u00e9mon\n|rule|Sleep Clause Mod: Limit one foe put to sleep\n|clearpoke\n|poke|p1|Torterra, M|\n|poke|p1|Ninetales-Alola, F|\n|poke|p1|Quaquaval, F|\n|poke|p1|Heatran, M|\n|poke|p1|Armarouge, M|\n|poke|p1|Kommo-o, F|\n|poke|p2|Dragonite, M|\n|poke|p2|Landorus-Therian, M|\n|poke|p2|Ferrothorn, M|\n|poke|p2|Hydreigon, F|\n|poke|p2|Weavile, F|\n|poke|p2|Charizard, M|\n|teampreview\n|\n|t:|1699749563\n|start\n|switch|p1a: Quaquaval|Quaquaval, F|100\/100\n|switch|p2a: Ferrothorn|Ferrothorn, M|100\/100\n|turn|1\n|inactive|Battle timer is ON: inactive players will automatically lose when time's up. (requested by flysix)\n|\n|t:|1699749571\n|-terastallize|p2a: Ferrothorn|Water\n|move|p1a: Quaquaval|Swords Dance|p1a: Quaquaval\n|-boost|p1a: Quaquaval|atk|2\n|move|p2a: Ferrothorn|Leech Seed|p1a: Quaquaval\n|-start|p1a: Quaquaval|move: Leech Seed\n|\n|-damage|p1a: Quaquaval|88\/100|[from] Leech Seed|[of] p2a: Ferrothorn\n|upkeep\n|turn|2\n|\n|t:|1699749580\n|move|p1a: Quaquaval|Swords Dance|p1a: Quaquaval\n|-boost|p1a: Quaquaval|atk|2\n|move|p2a: Ferrothorn|Stealth Rock|p1a: Quaquaval\n|-sidestart|p1: flysix|move: Stealth Rock\n|\n|-damage|p1a: Quaquaval|76\/100|[from] Leech Seed|[of] p2a: Ferrothorn\n|upkeep\n|turn|3\n|\n|t:|1699749586\n|move|p1a: Quaquaval|Rapid Spin|p2a: Ferrothorn\n|-damage|p2a: Ferrothorn|67\/100\n|-boost|p1a: Quaquaval|spe|1\n|-damage|p1a: Quaquaval|64\/100|[from] ability: Iron Barbs|[of] p2a: Ferrothorn\n|-end|p1a: Quaquaval|Leech Seed|[from] move: Rapid Spin|[of] p1a: Quaquaval\n|-sideend|p1: flysix|Stealth Rock|[from] move: Rapid Spin|[of] p1a: Quaquaval\n|move|p2a: Ferrothorn|Spikes|p1a: Quaquaval\n|-sidestart|p1: flysix|Spikes\n|\n|-heal|p2a: Ferrothorn|74\/100|[from] item: Leftovers\n|upkeep\n|turn|4\n|j| ErinL\n|\n|t:|1699749596\n|move|p1a: Quaquaval|Close Combat|p2a: Ferrothorn\n|-damage|p2a: Ferrothorn|0 fnt\n|-unboost|p1a: Quaquaval|def|1\n|-unboost|p1a: Quaquaval|spd|1\n|-damage|p1a: Quaquaval|51\/100|[from] ability: Iron Barbs|[of] p2a: Ferrothorn\n|faint|p2a: Ferrothorn\n|-ability|p1a: Quaquaval|Moxie|boost\n|-boost|p1a: Quaquaval|atk|1\n|\n|upkeep\n|\n|t:|1699749606\n|switch|p2a: Landorus|Landorus-Therian, M|100\/100\n|-ability|p2a: Landorus|Intimidate|boost\n|-unboost|p1a: Quaquaval|atk|1\n|turn|5\n|\n|t:|1699749613\n|move|p1a: Quaquaval|Aqua Step|p2a: Landorus\n|-supereffective|p2a: Landorus\n|-damage|p2a: Landorus|0 fnt\n|-boost|p1a: Quaquaval|spe|1\n|-damage|p1a: Quaquaval|35\/100|[from] item: Rocky Helmet|[of] p2a: Landorus\n|faint|p2a: Landorus\n|-ability|p1a: Quaquaval|Moxie|boost\n|-boost|p1a: Quaquaval|atk|1\n|\n|upkeep\n|\n|t:|1699749621\n|switch|p2a: Weavile|Weavile, F|100\/100\n|-ability|p2a: Weavile|Pressure\n|turn|6\n|\n|t:|1699749625\n|move|p2a: Weavile|Fake Out|p1a: Quaquaval\n|-damage|p1a: Quaquaval|11\/100\n|cant|p1a: Quaquaval|flinch\n|\n|upkeep\n|turn|7\n|\n|t:|1699749630\n|move|p2a: Weavile|Ice Shard|p1a: Quaquaval\n|-resisted|p1a: Quaquaval\n|-damage|p1a: Quaquaval|0 fnt\n|faint|p1a: Quaquaval\n|\n|upkeep\n|\n|t:|1699749641\n|switch|p1a: Monkey Posession|Armarouge, M|100\/100\n|-damage|p1a: Monkey Posession|88\/100|[from] Spikes\n|turn|8\n|\n|t:|1699749646\n|-zpower|p2a: Weavile\n|move|p2a: Weavile|Black Hole Eclipse|p1a: Monkey Posession|[zeffect]\n|-supereffective|p1a: Monkey Posession\n|-damage|p1a: Monkey Posession|0 fnt\n|faint|p1a: Monkey Posession\n|\n|upkeep\n|\n|t:|1699749655\n|switch|p1a: Kommo-o|Kommo-o, F|100\/100\n|-damage|p1a: Kommo-o|88\/100|[from] Spikes\n|turn|9\n|\n|t:|1699749662\n|move|p2a: Weavile|Triple Axel|p1a: Kommo-o\n|-supereffective|p1a: Kommo-o\n|-damage|p1a: Kommo-o|68\/100\n|-hitcount|p1a: Kommo-o|1\n|-zpower|p1a: Kommo-o\n|move|p1a: Kommo-o|Clangorous Soulblaze|p2a: Weavile|[zeffect]\n|-damage|p2a: Weavile|0 fnt\n|faint|p2a: Weavile\n|-boost|p1a: Kommo-o|atk|1\n|-boost|p1a: Kommo-o|def|1\n|-boost|p1a: Kommo-o|spa|1\n|-boost|p1a: Kommo-o|spd|1\n|-boost|p1a: Kommo-o|spe|1\n|\n|upkeep\n|\n|t:|1699749678\n|switch|p2a: Hydreigon|Hydreigon, F|100\/100\n|turn|10\n|\n|t:|1699749682\n|move|p2a: Hydreigon|Draco Meteor|p1a: Kommo-o\n|-supereffective|p1a: Kommo-o\n|-damage|p1a: Kommo-o|0 fnt\n|-unboost|p2a: Hydreigon|spa|2\n|faint|p1a: Kommo-o\n|\n|upkeep\n|\n|t:|1699749686\n|switch|p1a: Torterra|Torterra, M|100\/100\n|-damage|p1a: Torterra|88\/100|[from] Spikes\n|turn|11\n|\n|t:|1699749690\n|switch|p2a: Charizard|Charizard, M|100\/100\n|move|p1a: Torterra|Shell Smash|p1a: Torterra\n|-unboost|p1a: Torterra|def|1\n|-unboost|p1a: Torterra|spd|1\n|-boost|p1a: Torterra|atk|2\n|-boost|p1a: Torterra|spa|2\n|-boost|p1a: Torterra|spe|2\n|\n|upkeep\n|turn|12\n|\n|t:|1699749698\n|detailschange|p2a: Charizard|Charizard-Mega-Y, M\n|-mega|p2a: Charizard|Charizard|Charizardite Y\n|-weather|SunnyDay|[from] ability: Drought|[of] p2a: Charizard\n|move|p1a: Torterra|Rock Blast|p2a: Charizard\n|-supereffective|p2a: Charizard\n|-damage|p2a: Charizard|0 fnt\n|faint|p2a: Charizard\n|-hitcount|p2: Charizard|1\n|\n|-weather|SunnyDay|[upkeep]\n|upkeep\n|\n|t:|1699749708\n|switch|p2a: Dragonite|Dragonite, M|100\/100\n|turn|13\n|\n|t:|1699749713\n|-terastallize|p1a: Torterra|Rock\n|move|p1a: Torterra|Rock Blast|p2a: Dragonite\n|-supereffective|p2a: Dragonite\n|-damage|p2a: Dragonite|75\/100\n|-supereffective|p2a: Dragonite\n|-damage|p2a: Dragonite|18\/100\n|-supereffective|p2a: Dragonite\n|-damage|p2a: Dragonite|0 fnt\n|faint|p2a: Dragonite\n|-hitcount|p2: Dragonite|3\n|\n|-weather|SunnyDay|[upkeep]\n|upkeep\n|\n|t:|1699749722\n|switch|p2a: Hydreigon|Hydreigon, F|100\/100\n|turn|14\n|\n|t:|1699749727\n|move|p2a: Hydreigon|Draco Meteor|p1a: Torterra\n|-damage|p1a: Torterra|0 fnt\n|-unboost|p2a: Hydreigon|spa|2\n|faint|p1a: Torterra\n|\n|-weather|SunnyDay|[upkeep]\n|upkeep\n|\n|t:|1699749732\n|switch|p1a: Ninetales|Ninetales-Alola, F|100\/100\n|-damage|p1a: Ninetales|88\/100|[from] Spikes\n|-weather|Snow|[from] ability: Snow Warning|[of] p1a: Ninetales\n|turn|15\n|-message|Kid Catchers forfeited.\n|\n|win|flysix\n|raw|flysix's rating: 1512 &rarr; <strong>1532<\/strong><br \/>(+20 for winning)\n|raw|Kid Catchers's rating: 1515 &rarr; <strong>1495<\/strong><br \/>(-20 for losing)\n|l|\u2606Kid Catchers\n","uploadtime":1699749737,"views":4,"p1id":"flysix","p2id":"kidcatchers","formatid":"gen9nationaldex","rating":1495,"private":0,"password":""}