{"id":"gen9nationaldex-1990168023","p1":"grindingwitdalads","p2":"mtyqjltz5","format":"[Gen 9] National Dex","log":"|j|\u2606grindingwitdalads\n|j|\u2606mtyqjltz5\n|t:|1699932133\n|gametype|singles\n|player|p1|grindingwitdalads|leon|1093\n|player|p2|mtyqjltz5|elesa|1000\n|teamsize|p1|6\n|teamsize|p2|6\n|gen|9\n|tier|[Gen 9] National Dex\n|rated|\n|rule|HP Percentage Mod: HP is shown in percentages\n|rule|Endless Battle Clause: Forcing endless battles is banned\n|rule|OHKO Clause: OHKO moves are banned\n|rule|Evasion Clause: Evasion abilities, items, and moves are banned\n|rule|Evasion Abilities Clause: Evasion abilities are banned\n|rule|Evasion Items Clause: Evasion items are banned\n|rule|Evasion Moves Clause: Evasion moves are banned\n|rule|Species Clause: Limit one of each Pok\u00e9mon\n|rule|Sleep Clause Mod: Limit one foe put to sleep\n|clearpoke\n|poke|p1|Clodsire, F|\n|poke|p1|Tyranitar, M|\n|poke|p1|Mawile, M|\n|poke|p1|Alomomola, M|\n|poke|p1|Skeledirge, F|\n|poke|p1|Weezing-Galar, F|\n|poke|p2|Beedrill, M|\n|poke|p2|Chansey, F|\n|poke|p2|Garchomp, M|\n|poke|p2|Urshifu-*, M|\n|poke|p2|Zapdos|\n|poke|p2|Tapu Lele|\n|teampreview\n|inactive|Battle timer is ON: inactive players will automatically lose when time's up. (requested by grindingwitdalads)\n|\n|t:|1699932144\n|start\n|switch|p1a: IM NOT JUST LIKE|Clodsire, F|100\/100\n|switch|p2a: Garchomp|Garchomp, M, shiny|100\/100\n|turn|1\n|\n|t:|1699932159\n|move|p2a: Garchomp|Stealth Rock|p1a: IM NOT JUST LIKE\n|-sidestart|p1: grindingwitdalads|move: Stealth Rock\n|move|p1a: IM NOT JUST LIKE|Stealth Rock|p2a: Garchomp\n|-sidestart|p2: mtyqjltz5|move: Stealth Rock\n|\n|upkeep\n|turn|2\n|\n|t:|1699932166\n|switch|p1a: I'm Smarter|Alomomola, M|100\/100\n|move|p2a: Garchomp|Earthquake|p1a: I'm Smarter\n|-damage|p1a: I'm Smarter|72\/100\n|\n|upkeep\n|turn|3\n|\n|t:|1699932179\n|move|p2a: Garchomp|Swords Dance|p2a: Garchomp\n|-boost|p2a: Garchomp|atk|2\n|move|p1a: I'm Smarter|Toxic|p2a: Garchomp\n|-status|p2a: Garchomp|tox\n|\n|-damage|p2a: Garchomp|94\/100 tox|[from] psn\n|upkeep\n|turn|4\n|\n|t:|1699932202\n|move|p2a: Garchomp|Earthquake|p1a: I'm Smarter\n|-damage|p1a: I'm Smarter|18\/100\n|move|p1a: I'm Smarter|Wish|p1a: I'm Smarter\n|\n|-damage|p2a: Garchomp|82\/100 tox|[from] psn\n|upkeep\n|turn|5\n|\n|t:|1699932221\n|switch|p1a: I AM BETTER!!!!!|Weezing-Galar, F|100\/100\n|-damage|p1a: I AM BETTER!!!!!|88\/100|[from] Stealth Rock\n|-zpower|p2a: Garchomp\n|move|p2a: Garchomp|Devastating Drake|p1a: I AM BETTER!!!!!|[zeffect]\n|-immune|p1a: I AM BETTER!!!!!\n|\n|-heal|p1a: I AM BETTER!!!!!|100\/100|[from] move: Wish|[wisher] I'm Smarter\n|-damage|p2a: Garchomp|64\/100 tox|[from] psn\n|upkeep\n|turn|6\n|\n|t:|1699932230\n|switch|p2a: Chansey|Chansey, F|100\/100\n|-damage|p2a: Chansey|88\/100|[from] Stealth Rock\n|move|p1a: I AM BETTER!!!!!|Strange Steam|p2a: Chansey\n|-damage|p2a: Chansey|79\/100\n|\n|upkeep\n|turn|7\n|\n|t:|1699932242\n|move|p1a: I AM BETTER!!!!!|Pain Split|p2a: Chansey\n|-sethp|p2a: Chansey|64\/100|[from] move: Pain Split|[silent]\n|-sethp|p1a: I AM BETTER!!!!!|100\/100|[from] move: Pain Split\n|move|p2a: Chansey|Teleport|p2a: Chansey\n|\n|t:|1699932252\n|switch|p2a: Tapu Lele|Tapu Lele|100\/100|[from] Teleport\n|-damage|p2a: Tapu Lele|88\/100|[from] Stealth Rock\n|-fieldstart|move: Psychic Terrain|[from] ability: Psychic Surge|[of] p2a: Tapu Lele\n|\n|upkeep\n|turn|8\n|\n|t:|1699932282\n|switch|p1a: THE REST OF U|Tyranitar, M|100\/100\n|-damage|p1a: THE REST OF U|88\/100|[from] Stealth Rock\n|-weather|Sandstorm|[from] ability: Sand Stream|[of] p1a: THE REST OF U\n|move|p2a: Tapu Lele|Psychic|p1a: THE REST OF U\n|-immune|p1a: THE REST OF U\n|\n|-weather|Sandstorm|[upkeep]\n|-damage|p2a: Tapu Lele|82\/100|[from] Sandstorm\n|upkeep\n|turn|9\n|\n|t:|1699932289\n|-activate|p2a: Tapu Lele|move: Pursuit\n|move|p1a: THE REST OF U|Pursuit|p2a: Tapu Lele|[from]Pursuit\n|-damage|p2a: Tapu Lele|13\/100\n|switch|p2a: Urshifu|Urshifu-Rapid-Strike, M|100\/100\n|-damage|p2a: Urshifu|94\/100|[from] Stealth Rock\n|\n|-weather|Sandstorm|[upkeep]\n|-damage|p2a: Urshifu|88\/100|[from] Sandstorm\n|upkeep\n|turn|10\n|\n|t:|1699932303\n|switch|p1a: I AM BETTER!!!!!|Weezing-Galar, F|100\/100\n|-damage|p1a: I AM BETTER!!!!!|88\/100|[from] Stealth Rock\n|move|p2a: Urshifu|Swords Dance|p2a: Urshifu\n|-boost|p2a: Urshifu|atk|2\n|\n|-weather|Sandstorm|[upkeep]\n|-damage|p2a: Urshifu|82\/100|[from] Sandstorm\n|-damage|p1a: I AM BETTER!!!!!|82\/100|[from] Sandstorm\n|-heal|p1a: I AM BETTER!!!!!|88\/100|[from] item: Black Sludge\n|upkeep\n|turn|11\n|\n|t:|1699932313\n|move|p2a: Urshifu|Surging Strikes|p1a: I AM BETTER!!!!!\n|-crit|p1a: I AM BETTER!!!!!\n|-damage|p1a: I AM BETTER!!!!!|60\/100\n|-crit|p1a: I AM BETTER!!!!!\n|-damage|p1a: I AM BETTER!!!!!|32\/100\n|-crit|p1a: I AM BETTER!!!!!\n|-damage|p1a: I AM BETTER!!!!!|5\/100\n|-hitcount|p1a: I AM BETTER!!!!!|3\n|move|p1a: I AM BETTER!!!!!|Strange Steam|p2a: Urshifu\n|-supereffective|p2a: Urshifu\n|-damage|p2a: Urshifu|1\/100\n|\n|-weather|Sandstorm|[upkeep]\n|-damage|p2a: Urshifu|0 fnt|[from] Sandstorm\n|-damage|p1a: I AM BETTER!!!!!|0 fnt|[from] Sandstorm\n|faint|p2a: Urshifu\n|faint|p1a: I AM BETTER!!!!!\n|-fieldend|move: Psychic Terrain\n|upkeep\n|\n|t:|1699932328\n|switch|p2a: Zapdos|Zapdos|100\/100\n|switch|p1a: Im BETTER!!!|Skeledirge, F|100\/100\n|turn|12\n|\n|t:|1699932336\n|-terastallize|p1a: Im BETTER!!!|Dragon\n|move|p2a: Zapdos|Defog|p1a: Im BETTER!!!\n|-unboost|p1a: Im BETTER!!!|evasion|1\n|-sideend|p1: grindingwitdalads|Stealth Rock|[from] move: Defog|[of] p2a: Zapdos\n|-sideend|p2: mtyqjltz5|Stealth Rock|[from] move: Defog|[of] p2a: Zapdos\n|move|p1a: Im BETTER!!!|Torch Song|p2a: Zapdos\n|-damage|p2a: Zapdos|74\/100\n|-boost|p1a: Im BETTER!!!|spa|1\n|\n|-weather|none\n|upkeep\n|turn|13\n|\n|t:|1699932344\n|move|p2a: Zapdos|Volt Switch|p1a: Im BETTER!!!\n|-resisted|p1a: Im BETTER!!!\n|-damage|p1a: Im BETTER!!!|85\/100\n|\n|t:|1699932348\n|switch|p2a: Chansey|Chansey, F|64\/100|[from] Volt Switch\n|move|p1a: Im BETTER!!!|Torch Song|p2a: Chansey\n|-damage|p2a: Chansey|48\/100\n|-boost|p1a: Im BETTER!!!|spa|1\n|\n|upkeep\n|turn|14\n|\n|t:|1699932356\n|move|p1a: Im BETTER!!!|Torch Song|p2a: Chansey\n|-damage|p2a: Chansey|31\/100\n|-boost|p1a: Im BETTER!!!|spa|1\n|move|p2a: Chansey|Soft-Boiled|p2a: Chansey\n|-heal|p2a: Chansey|81\/100\n|\n|upkeep\n|turn|15\n|\n|t:|1699932362\n|move|p1a: Im BETTER!!!|Torch Song|p2a: Chansey\n|-damage|p2a: Chansey|59\/100\n|-boost|p1a: Im BETTER!!!|spa|1\n|move|p2a: Chansey|Toxic|p1a: Im BETTER!!!\n|-status|p1a: Im BETTER!!!|tox\n|\n|-damage|p1a: Im BETTER!!!|79\/100 tox|[from] psn\n|upkeep\n|turn|16\n|\n|t:|1699932368\n|move|p1a: Im BETTER!!!|Torch Song|p2a: Chansey\n|-damage|p2a: Chansey|34\/100\n|-boost|p1a: Im BETTER!!!|spa|1\n|move|p2a: Chansey|Soft-Boiled|p2a: Chansey\n|-heal|p2a: Chansey|84\/100\n|\n|-damage|p1a: Im BETTER!!!|66\/100 tox|[from] psn\n|upkeep\n|turn|17\n|\n|t:|1699932373\n|move|p1a: Im BETTER!!!|Torch Song|p2a: Chansey\n|-damage|p2a: Chansey|52\/100\n|-boost|p1a: Im BETTER!!!|spa|1\n|move|p2a: Chansey|Seismic Toss|p1a: Im BETTER!!!\n|-damage|p1a: Im BETTER!!!|42\/100 tox\n|\n|-damage|p1a: Im BETTER!!!|24\/100 tox|[from] psn\n|upkeep\n|turn|18\n|\n|t:|1699932389\n|switch|p1a: I'm Smarter|Alomomola, M|52\/100\n|move|p2a: Chansey|Soft-Boiled|p2a: Chansey\n|-heal|p2a: Chansey|100\/100\n|\n|upkeep\n|turn|19\n|\n|t:|1699932392\n|move|p2a: Chansey|Toxic|p1a: I'm Smarter\n|-status|p1a: I'm Smarter|tox\n|move|p1a: I'm Smarter|Toxic|p2a: Chansey\n|-status|p2a: Chansey|tox\n|\n|-damage|p2a: Chansey|94\/100 tox|[from] psn\n|-damage|p1a: I'm Smarter|45\/100 tox|[from] psn\n|upkeep\n|turn|20\n|\n|t:|1699932417\n|move|p1a: I'm Smarter|Wish|p1a: I'm Smarter\n|move|p2a: Chansey|Teleport|p2a: Chansey\n|\n|t:|1699932425\n|-curestatus|p2a: Chansey|tox|[from] ability: Natural Cure\n|switch|p2a: Garchomp|Garchomp, M, shiny|64\/100 tox|[from] Teleport\n|\n|-damage|p2a: Garchomp|57\/100 tox|[from] psn\n|-damage|p1a: I'm Smarter|33\/100 tox|[from] psn\n|upkeep\n|turn|21\n|\n|t:|1699932431\n|switch|p1a: I'm Stronger|Mawile, M|100\/100\n|-ability|p1a: I'm Stronger|Intimidate|boost\n|-unboost|p2a: Garchomp|atk|1\n|move|p2a: Garchomp|Swords Dance|p2a: Garchomp\n|-boost|p2a: Garchomp|atk|2\n|\n|-damage|p2a: Garchomp|45\/100 tox|[from] psn\n|upkeep\n|turn|22\n|\n|t:|1699932441\n|detailschange|p1a: I'm Stronger|Mawile-Mega, M\n|-mega|p1a: I'm Stronger|Mawile|Mawilite\n|move|p2a: Garchomp|Earthquake|p1a: I'm Stronger\n|-supereffective|p1a: I'm Stronger\n|-damage|p1a: I'm Stronger|0 fnt\n|faint|p1a: I'm Stronger\n|\n|-damage|p2a: Garchomp|27\/100 tox|[from] psn\n|upkeep\n|l|\u2606grindingwitdalads\n|inactive|grindingwitdalads disconnected and has a minute to reconnect!\n|player|p1|\n|inactive|grindingwitdalads has 30 seconds to reconnect!\n|inactive|grindingwitdalads has 20 seconds to reconnect!\n|inactive|grindingwitdalads has 15 seconds to reconnect!\n|inactive|grindingwitdalads has 10 seconds to reconnect!\n|inactive|grindingwitdalads has 5 seconds to reconnect!\n|-message|grindingwitdalads lost due to inactivity.\n|\n|win|mtyqjltz5\n|raw|grindingwitdalads's rating: 1093 &rarr; <strong>1063<\/strong><br \/>(-30 for losing)\n|raw|mtyqjltz5's rating: 1000 &rarr; <strong>1050<\/strong><br \/>(+50 for winning)\n|n|\u2606mtyqjltz5|mtyqjltz5\n","uploadtime":1699932542,"views":5,"p1id":"grindingwitdalads","p2id":"mtyqjltz5","formatid":"gen9nationaldex","rating":1050,"private":0,"password":""}