{"id":"gen9nationaldex-1991242698","p1":"time tematico","p2":"aben234","format":"[Gen 9] National Dex","log":"|j|\u2606time tematico\n|j|\u2606aben234\n|t:|1700060576\n|gametype|singles\n|player|p1|time tematico|102|1070\n|player|p2|aben234|iris|1053\n|teamsize|p1|6\n|teamsize|p2|6\n|gen|9\n|tier|[Gen 9] National Dex\n|rated|\n|rule|HP Percentage Mod: HP is shown in percentages\n|rule|Endless Battle Clause: Forcing endless battles is banned\n|rule|OHKO Clause: OHKO moves are banned\n|rule|Evasion Clause: Evasion abilities, items, and moves are banned\n|rule|Evasion Abilities Clause: Evasion abilities are banned\n|rule|Evasion Items Clause: Evasion items are banned\n|rule|Evasion Moves Clause: Evasion moves are banned\n|rule|Species Clause: Limit one of each Pok\u00e9mon\n|rule|Sleep Clause Mod: Limit one foe put to sleep\n|clearpoke\n|poke|p1|Pikachu, F|\n|poke|p1|Infernape, F|\n|poke|p1|Torterra, M|\n|poke|p1|Staraptor, M|\n|poke|p1|Floatzel, F|\n|poke|p1|Azelf|\n|poke|p2|Primarina, F|\n|poke|p2|Manectric, M|\n|poke|p2|Gliscor, F|\n|poke|p2|Hydreigon, M|\n|poke|p2|Froslass, F|\n|poke|p2|Lycanroc-Dusk, F|\n|teampreview\n|\n|t:|1700060581\n|start\n|switch|p1a: Pikachu|Pikachu, F|100\/100\n|switch|p2a: Froslass|Froslass, F, shiny|100\/100\n|turn|1\n|\n|t:|1700060599\n|move|p2a: Froslass|Spikes|p1a: Pikachu\n|-sidestart|p1: time tematico|Spikes\n|move|p1a: Pikachu|Knock Off|p2a: Froslass\n|-supereffective|p2a: Froslass\n|-damage|p2a: Froslass|36\/100\n|-enditem|p2a: Froslass|Focus Sash|[from] move: Knock Off|[of] p1a: Pikachu\n|\n|upkeep\n|turn|2\n|\n|t:|1700060619\n|move|p2a: Froslass|Shadow Ball|p1a: Pikachu\n|-damage|p1a: Pikachu|14\/100\n|move|p1a: Pikachu|Knock Off|p2a: Froslass\n|-supereffective|p2a: Froslass\n|-damage|p2a: Froslass|0 fnt\n|faint|p2a: Froslass\n|\n|upkeep\n|\n|t:|1700060626\n|switch|p2a: Manectric|Manectric, M|100\/100\n|turn|3\n|\n|t:|1700060632\n|move|p1a: Pikachu|Extreme Speed|p2a: Manectric\n|-damage|p2a: Manectric|60\/100\n|move|p2a: Manectric|Psychic Fangs|p1a: Pikachu\n|-damage|p1a: Pikachu|0 fnt\n|faint|p1a: Pikachu\n|\n|upkeep\n|\n|t:|1700060646\n|switch|p1a: Torterra|Torterra, M|100\/100\n|-damage|p1a: Torterra|88\/100|[from] Spikes\n|turn|4\n|\n|t:|1700060653\n|detailschange|p2a: Manectric|Manectric-Mega, M\n|-mega|p2a: Manectric|Manectric|Manectite\n|-ability|p2a: Manectric|Intimidate|boost\n|-unboost|p1a: Torterra|atk|1\n|move|p2a: Manectric|Flamethrower|p1a: Torterra\n|-supereffective|p1a: Torterra\n|-damage|p1a: Torterra|24\/100\n|-enditem|p1a: Torterra|Weakness Policy\n|-boost|p1a: Torterra|atk|2|[from] item: Weakness Policy\n|-boost|p1a: Torterra|spa|2|[from] item: Weakness Policy\n|move|p1a: Torterra|Earthquake|p2a: Manectric\n|-supereffective|p2a: Manectric\n|-damage|p2a: Manectric|0 fnt\n|faint|p2a: Manectric\n|\n|upkeep\n|\n|t:|1700060665\n|switch|p2a: Primarina|Primarina, F|100\/100\n|turn|5\n|\n|t:|1700060670\n|move|p2a: Primarina|Ice Beam|p1a: Torterra\n|-supereffective|p1a: Torterra\n|-damage|p1a: Torterra|0 fnt\n|faint|p1a: Torterra\n|\n|upkeep\n|\n|t:|1700060685\n|switch|p1a: Azelf|Azelf|100\/100\n|turn|6\n|\n|t:|1700060694\n|move|p1a: Azelf|Nasty Plot|p1a: Azelf\n|-boost|p1a: Azelf|spa|2\n|move|p2a: Primarina|Ice Beam|p1a: Azelf\n|-damage|p1a: Azelf|23\/100\n|\n|upkeep\n|turn|7\n|\n|t:|1700060704\n|switch|p2a: Hydreigon|Hydreigon, M|100\/100\n|move|p1a: Azelf|Psychic|p2a: Hydreigon\n|-immune|p2a: Hydreigon\n|\n|upkeep\n|turn|8\n|\n|t:|1700060710\n|move|p1a: Azelf|Dazzling Gleam|p2a: Hydreigon\n|-supereffective|p2a: Hydreigon\n|-damage|p2a: Hydreigon|0 fnt\n|faint|p2a: Hydreigon\n|\n|upkeep\n|\n|t:|1700060714\n|switch|p2a: Lycanroc|Lycanroc-Dusk, F|100\/100\n|turn|9\n|\n|t:|1700060724\n|switch|p1a: Floatzel|Floatzel, F|100\/100\n|-damage|p1a: Floatzel|88\/100|[from] Spikes\n|move|p2a: Lycanroc|Accelerock|p1a: Floatzel\n|-damage|p1a: Floatzel|48\/100\n|-damage|p2a: Lycanroc|91\/100|[from] item: Life Orb\n|\n|upkeep\n|turn|10\n|\n|t:|1700060737\n|move|p2a: Lycanroc|Accelerock|p1a: Floatzel\n|-damage|p1a: Floatzel|9\/100\n|-damage|p2a: Lycanroc|81\/100|[from] item: Life Orb\n|move|p1a: Floatzel|Liquidation|p2a: Lycanroc\n|-supereffective|p2a: Lycanroc\n|-damage|p2a: Lycanroc|0 fnt\n|faint|p2a: Lycanroc\n|\n|upkeep\n|\n|t:|1700060752\n|switch|p2a: Gliscor|Gliscor, F|100\/100\n|turn|11\n|\n|t:|1700060756\n|move|p2a: Gliscor|Dual Wingbeat|p1a: Floatzel\n|-damage|p1a: Floatzel|0 fnt\n|faint|p1a: Floatzel\n|-hitcount|p1: Floatzel|1\n|\n|-status|p2a: Gliscor|tox|[from] item: Toxic Orb\n|upkeep\n|\n|t:|1700060768\n|switch|p1a: Azelf|Azelf|23\/100\n|turn|12\n|\n|t:|1700060774\n|move|p1a: Azelf|Psychic|p2a: Gliscor\n|-damage|p2a: Gliscor|27\/100 tox\n|move|p2a: Gliscor|Dual Wingbeat|p1a: Azelf\n|-damage|p1a: Azelf|0 fnt\n|faint|p1a: Azelf\n|-hitcount|p1: Azelf|1\n|\n|-heal|p2a: Gliscor|39\/100 tox|[from] ability: Poison Heal\n|upkeep\n|\n|t:|1700060787\n|switch|p1a: Staraptor|Staraptor, M|100\/100\n|turn|13\n|\n|t:|1700060794\n|move|p1a: Staraptor|Brave Bird|p2a: Gliscor\n|-damage|p2a: Gliscor|0 fnt\n|faint|p2a: Gliscor\n|-damage|p1a: Staraptor|89\/100|[from] Recoil\n|-damage|p1a: Staraptor|79\/100|[from] item: Life Orb\n|\n|upkeep\n|\n|t:|1700060805\n|switch|p2a: Primarina|Primarina, F|100\/100\n|turn|14\n|\n|t:|1700060812\n|move|p1a: Staraptor|Brave Bird|p2a: Primarina\n|-damage|p2a: Primarina|0 fnt\n|faint|p2a: Primarina\n|-damage|p1a: Staraptor|40\/100|[from] Recoil\n|-damage|p1a: Staraptor|30\/100|[from] item: Life Orb\n|\n|win|time tematico\n|raw|time tematico's rating: 1070 &rarr; <strong>1098<\/strong><br \/>(+28 for winning)\n|raw|aben234's rating: 1053 &rarr; <strong>1036<\/strong><br \/>(-17 for losing)\n|l|\u2606aben234\n","uploadtime":1700060820,"views":5,"p1id":"timetematico","p2id":"aben234","formatid":"gen9nationaldex","rating":1036,"private":0,"password":""}