{"id":"gen9nationaldex-1988697259","p1":"bmp123","p2":"xinxin88_OvO","format":"[Gen 9] National Dex","log":"|j|\u2606bmp123\n|j|\u2606xinxin88_OvO\n|t:|1699751919\n|gametype|singles\n|player|p1|bmp123|2|1068\n|player|p2|xinxin88_OvO|169|1047\n|teamsize|p1|6\n|teamsize|p2|1\n|gen|9\n|tier|[Gen 9] National Dex\n|rated|\n|rule|HP Percentage Mod: HP is shown in percentages\n|rule|Endless Battle Clause: Forcing endless battles is banned\n|rule|OHKO Clause: OHKO moves are banned\n|rule|Evasion Clause: Evasion abilities, items, and moves are banned\n|rule|Evasion Abilities Clause: Evasion abilities are banned\n|rule|Evasion Items Clause: Evasion items are banned\n|rule|Evasion Moves Clause: Evasion moves are banned\n|rule|Species Clause: Limit one of each Pok\u00e9mon\n|rule|Sleep Clause Mod: Limit one foe put to sleep\n|clearpoke\n|poke|p1|Blastoise, F|\n|poke|p1|Lapras, M|\n|poke|p1|Torkoal, F|\n|poke|p1|Torterra, M|\n|poke|p1|Turtonator, F|\n|poke|p1|Drednaw, M|\n|poke|p2|Maushold|\n|teampreview\n|inactive|Battle timer is ON: inactive players will automatically lose when time's up. (requested by xinxin88_OvO)\n|\n|t:|1699751933\n|start\n|switch|p1a: Blastoise|Blastoise, F|100\/100\n|switch|p2a: Maushold|Maushold|100\/100\n|turn|1\n|\n|t:|1699751941\n|move|p2a: Maushold|Tidy Up|p2a: Maushold\n|-boost|p2a: Maushold|atk|1\n|-boost|p2a: Maushold|spe|1\n|move|p1a: Blastoise|Aura Sphere|p2a: Maushold\n|-supereffective|p2a: Maushold\n|-damage|p2a: Maushold|36\/100\n|\n|upkeep\n|turn|2\n|\n|t:|1699751954\n|-terastallize|p2a: Maushold|Normal\n|move|p2a: Maushold|Population Bomb|p1a: Blastoise\n|-damage|p1a: Blastoise|74\/100\n|-damage|p1a: Blastoise|48\/100\n|-damage|p1a: Blastoise|19\/100\n|-damage|p1a: Blastoise|0 fnt\n|faint|p1a: Blastoise\n|-hitcount|p1: Blastoise|4\n|\n|upkeep\n|\n|t:|1699751973\n|switch|p1a: Drednaw|Drednaw, M|100\/100\n|turn|3\n|\n|t:|1699751979\n|move|p2a: Maushold|Population Bomb|p1a: Drednaw\n|-resisted|p1a: Drednaw\n|-damage|p1a: Drednaw|87\/100\n|-resisted|p1a: Drednaw\n|-damage|p1a: Drednaw|73\/100\n|-resisted|p1a: Drednaw\n|-damage|p1a: Drednaw|60\/100\n|-resisted|p1a: Drednaw\n|-damage|p1a: Drednaw|48\/100\n|-resisted|p1a: Drednaw\n|-damage|p1a: Drednaw|35\/100\n|-resisted|p1a: Drednaw\n|-damage|p1a: Drednaw|22\/100\n|-resisted|p1a: Drednaw\n|-damage|p1a: Drednaw|10\/100\n|-resisted|p1a: Drednaw\n|-damage|p1a: Drednaw|0 fnt\n|faint|p1a: Drednaw\n|-hitcount|p1: Drednaw|8\n|\n|upkeep\n|\n|t:|1699751994\n|switch|p1a: Lapras|Lapras, M|100\/100\n|turn|4\n|\n|t:|1699751998\n|move|p1a: Lapras|Ice Shard|p2a: Maushold\n|-damage|p2a: Maushold|9\/100\n|move|p2a: Maushold|Population Bomb|p1a: Lapras\n|-damage|p1a: Lapras|83\/100\n|-damage|p1a: Lapras|64\/100\n|-damage|p1a: Lapras|45\/100\n|-damage|p1a: Lapras|26\/100\n|-damage|p1a: Lapras|6\/100\n|-damage|p1a: Lapras|0 fnt\n|faint|p1a: Lapras\n|-hitcount|p1: Lapras|6\n|\n|upkeep\n|\n|t:|1699752018\n|switch|p1a: Torkoal|Torkoal, F|100\/100\n|-weather|SunnyDay|[from] ability: Drought|[of] p1a: Torkoal\n|turn|5\n|\n|t:|1699752025\n|move|p2a: Maushold|Population Bomb|p1a: Torkoal\n|-damage|p1a: Torkoal|85\/100\n|-damage|p1a: Torkoal|67\/100\n|-damage|p1a: Torkoal|50\/100\n|-damage|p1a: Torkoal|32\/100\n|-damage|p1a: Torkoal|16\/100\n|-damage|p1a: Torkoal|1\/100\n|-crit|p1a: Torkoal\n|-damage|p1a: Torkoal|0 fnt\n|faint|p1a: Torkoal\n|-hitcount|p1: Torkoal|7\n|\n|-weather|SunnyDay|[upkeep]\n|upkeep\n|\n|t:|1699752041\n|switch|p1a: Turtonator|Turtonator, F|100\/100\n|-item|p1a: Turtonator|Air Balloon\n|turn|6\n|\n|t:|1699752050\n|-singleturn|p1a: Turtonator|move: Shell Trap\n|move|p2a: Maushold|Population Bomb|p1a: Turtonator\n|-damage|p1a: Turtonator|81\/100\n|-enditem|p1a: Turtonator|Air Balloon\n|-damage|p1a: Turtonator|63\/100\n|-damage|p1a: Turtonator|45\/100\n|-damage|p1a: Turtonator|26\/100\n|-damage|p1a: Turtonator|6\/100\n|-damage|p1a: Turtonator|0 fnt\n|faint|p1a: Turtonator\n|-hitcount|p1: Turtonator|6\n|\n|-weather|SunnyDay|[upkeep]\n|upkeep\n|\n|t:|1699752063\n|switch|p1a: Torterra|Torterra, M|100\/100\n|turn|7\n|\n|t:|1699752067\n|move|p2a: Maushold|Population Bomb|p1a: Torterra\n|-crit|p1a: Torterra\n|-damage|p1a: Torterra|72\/100\n|-damage|p1a: Torterra|52\/100\n|-damage|p1a: Torterra|33\/100\n|-damage|p1a: Torterra|13\/100\n|-damage|p1a: Torterra|0 fnt\n|faint|p1a: Torterra\n|-hitcount|p1: Torterra|5\n|\n|win|xinxin88_OvO\n|raw|bmp123's rating: 1068 &rarr; <strong>1047<\/strong><br \/>(-21 for losing)\n|raw|xinxin88_OvO's rating: 1047 &rarr; <strong>1082<\/strong><br \/>(+35 for winning)\n","uploadtime":1699752069,"views":5,"p1id":"bmp123","p2id":"xinxin88ovo","formatid":"gen9nationaldex","rating":1047,"private":0,"password":""}