{"id":"gen9nationaldex-1992841169","p1":"Abddurio","p2":"Big sally","format":"[Gen 9] National Dex","log":"|j|\u2606Abddurio\n|j|\u2606Big sally\n|t:|1700240057\n|gametype|singles\n|player|p1|Abddurio|red|1100\n|player|p2|Big sally|smasher|1000\n|teamsize|p1|6\n|teamsize|p2|6\n|gen|9\n|tier|[Gen 9] National Dex\n|rated|\n|rule|HP Percentage Mod: HP is shown in percentages\n|rule|Endless Battle Clause: Forcing endless battles is banned\n|rule|OHKO Clause: OHKO moves are banned\n|rule|Evasion Clause: Evasion abilities, items, and moves are banned\n|rule|Evasion Abilities Clause: Evasion abilities are banned\n|rule|Evasion Items Clause: Evasion items are banned\n|rule|Evasion Moves Clause: Evasion moves are banned\n|rule|Species Clause: Limit one of each Pok\u00e9mon\n|rule|Sleep Clause Mod: Limit one foe put to sleep\n|clearpoke\n|poke|p1|Ceruledge, F|\n|poke|p1|Gliscor, M|\n|poke|p1|Glimmora, F|\n|poke|p1|Volcarona, F|\n|poke|p1|Samurott-Hisui, F|\n|poke|p1|Garchomp, F|\n|poke|p2|Moltres|\n|poke|p2|Vespiquen, F|\n|poke|p2|Altaria, M|\n|poke|p2|Noivern, M|\n|poke|p2|Mew|\n|poke|p2|Lapras, F|\n|teampreview\n|\n|t:|1700240071\n|start\n|switch|p1a: Ceruledge|Ceruledge, F, shiny|100\/100\n|switch|p2a: Lapras|Lapras, F, shiny|100\/100\n|turn|1\n|inactive|Battle timer is ON: inactive players will automatically lose when time's up. (requested by Abddurio)\n|\n|t:|1700240088\n|switch|p1a: Samurott|Samurott-Hisui, F, shiny|100\/100\n|move|p2a: Lapras|Surf|p1a: Samurott\n|-resisted|p1a: Samurott\n|-damage|p1a: Samurott|62\/100\n|\n|-heal|p1a: Samurott|68\/100|[from] item: Leftovers\n|upkeep\n|turn|2\n|\n|t:|1700240098\n|move|p1a: Samurott|Ceaseless Edge|p2a: Lapras\n|-damage|p2a: Lapras|73\/100\n|-sidestart|p2: Big sally|Spikes\n|move|p2a: Lapras|Hidden Power|p1a: Samurott\n|-supereffective|p1a: Samurott\n|-damage|p1a: Samurott|8\/100\n|\n|-heal|p1a: Samurott|15\/100|[from] item: Leftovers\n|upkeep\n|turn|3\n|\n|t:|1700240113\n|move|p1a: Samurott|Air Slash|p2a: Lapras\n|-damage|p2a: Lapras|61\/100\n|move|p2a: Lapras|Ice Beam|p1a: Samurott\n|-resisted|p1a: Samurott\n|-damage|p1a: Samurott|0 fnt\n|faint|p1a: Samurott\n|\n|upkeep\n|\n|t:|1700240127\n|switch|p1a: Glimmora|Glimmora, F, shiny|100\/100\n|turn|4\n|\n|t:|1700240132\n|move|p1a: Glimmora|Power Gem|p2a: Lapras\n|-supereffective|p2a: Lapras\n|-damage|p2a: Lapras|0 fnt\n|faint|p2a: Lapras\n|\n|upkeep\n|\n|t:|1700240141\n|switch|p2a: Mew|Mew, shiny|100\/100\n|-damage|p2a: Mew|88\/100|[from] Spikes\n|turn|5\n|\n|t:|1700240147\n|move|p2a: Mew|Transform|p1a: Glimmora\n|-transform|p2a: Mew|p1a: Glimmora\n|move|p1a: Glimmora|Gunk Shot|p2a: Mew|[miss]\n|-miss|p1a: Glimmora|p2a: Mew\n|\n|upkeep\n|turn|6\n|\n|t:|1700240158\n|switch|p1a: Garchomp|Garchomp, F|100\/100\n|move|p2a: Mew|Energy Ball|p1a: Garchomp\n|-damage|p1a: Garchomp|65\/100\n|\n|upkeep\n|turn|7\n|\n|t:|1700240170\n|-terastallize|p2a: Mew|Psychic\n|move|p1a: Garchomp|Earthquake|p2a: Mew\n|-damage|p2a: Mew|26\/100\n|-activate|p2a: Mew|ability: Toxic Debris\n|-sidestart|p1: Abddurio|move: Toxic Spikes\n|move|p2a: Mew|Dazzling Gleam|p1a: Garchomp\n|-supereffective|p1a: Garchomp\n|-damage|p1a: Garchomp|0 fnt\n|faint|p1a: Garchomp\n|\n|upkeep\n|\n|t:|1700240182\n|switch|p1a: Ceruledge|Ceruledge, F, shiny|100\/100\n|-status|p1a: Ceruledge|psn\n|turn|8\n|\n|t:|1700240189\n|move|p2a: Mew|Power Gem|p1a: Ceruledge\n|-supereffective|p1a: Ceruledge\n|-damage|p1a: Ceruledge|0 fnt\n|faint|p1a: Ceruledge\n|\n|upkeep\n|\n|t:|1700240202\n|switch|p1a: Gliscor|Gliscor, M, shiny|100\/100\n|turn|9\n|\n|t:|1700240207\n|move|p1a: Gliscor|Dark Pulse|p2a: Mew\n|-supereffective|p2a: Mew\n|-damage|p2a: Mew|0 fnt\n|faint|p2a: Mew\n|\n|upkeep\n|\n|t:|1700240216\n|switch|p2a: Altaria|Altaria, M, shiny|100\/100\n|turn|10\n|\n|t:|1700240229\n|move|p1a: Gliscor|Crabhammer|p2a: Altaria\n|-resisted|p2a: Altaria\n|-damage|p2a: Altaria|81\/100\n|move|p2a: Altaria|Ice Beam|p1a: Gliscor\n|-supereffective|p1a: Gliscor\n|-damage|p1a: Gliscor|0 fnt\n|faint|p1a: Gliscor\n|\n|upkeep\n|\n|t:|1700240239\n|switch|p1a: Volcarona|Volcarona, F, shiny|100\/100\n|-status|p1a: Volcarona|psn\n|turn|11\n|\n|t:|1700240247\n|move|p1a: Volcarona|Bug Buzz|p2a: Altaria\n|-resisted|p2a: Altaria\n|-crit|p2a: Altaria\n|-damage|p2a: Altaria|40\/100\n|move|p2a: Altaria|Cotton Guard|p2a: Altaria\n|-boost|p2a: Altaria|def|3\n|\n|-damage|p1a: Volcarona|88\/100 psn|[from] psn\n|upkeep\n|turn|12\n|\n|t:|1700240260\n|move|p1a: Volcarona|Bug Buzz|p2a: Altaria\n|-resisted|p2a: Altaria\n|-damage|p2a: Altaria|11\/100\n|move|p2a: Altaria|Dual Wingbeat|p1a: Volcarona\n|-supereffective|p1a: Volcarona\n|-damage|p1a: Volcarona|34\/100 psn\n|-supereffective|p1a: Volcarona\n|-damage|p1a: Volcarona|0 fnt\n|faint|p1a: Volcarona\n|-hitcount|p1: Volcarona|2\n|\n|upkeep\n|\n|t:|1700240269\n|switch|p1a: Glimmora|Glimmora, F, shiny|100\/100\n|-sideend|p1: Abddurio|move: Toxic Spikes|[of] p1a: Glimmora\n|turn|13\n|\n|t:|1700240275\n|move|p1a: Glimmora|Power Gem|p2a: Altaria\n|-supereffective|p2a: Altaria\n|-crit|p2a: Altaria\n|-damage|p2a: Altaria|0 fnt\n|faint|p2a: Altaria\n|\n|upkeep\n|\n|t:|1700240282\n|switch|p2a: Noivern|Noivern, M, shiny|100\/100\n|turn|14\n|\n|t:|1700240287\n|move|p2a: Noivern|Psychic|p1a: Glimmora\n|-supereffective|p1a: Glimmora\n|-damage|p1a: Glimmora|53\/100\n|move|p1a: Glimmora|Power Gem|p2a: Noivern\n|-supereffective|p2a: Noivern\n|-damage|p2a: Noivern|0 fnt\n|faint|p2a: Noivern\n|\n|upkeep\n|\n|t:|1700240301\n|switch|p2a: Vespiquen|Vespiquen, F, shiny|100\/100\n|-ability|p2a: Vespiquen|Pressure\n|turn|15\n|\n|t:|1700240313\n|move|p1a: Glimmora|Power Gem|p2a: Vespiquen\n|-supereffective|p2a: Vespiquen\n|-damage|p2a: Vespiquen|0 fnt\n|faint|p2a: Vespiquen\n|\n|upkeep\n|\n|t:|1700240319\n|switch|p2a: Moltres|Moltres, shiny|100\/100\n|-ability|p2a: Moltres|Pressure\n|turn|16\n|\n|t:|1700240329\n|move|p2a: Moltres|Flamethrower|p1a: Glimmora\n|-resisted|p1a: Glimmora\n|-damage|p1a: Glimmora|28\/100\n|move|p1a: Glimmora|Power Gem|p2a: Moltres\n|-supereffective|p2a: Moltres\n|-damage|p2a: Moltres|0 fnt\n|faint|p2a: Moltres\n|\n|win|Abddurio\n|raw|Abddurio's rating: 1100 &rarr; <strong>1118<\/strong><br \/>(+18 for winning)\n|raw|Big sally's rating: 1000 &rarr; <strong>1000<\/strong><br \/>(+0 for losing)\n|l|\u2606Big sally\n","uploadtime":1700240459,"views":8,"p1id":"abddurio","p2id":"bigsally","formatid":"gen9nationaldex","rating":1000,"private":0,"password":""}