{"id":"gen9nationaldex-1988307689","p1":"cocakk","p2":"pocoYop","format":"[Gen 9] National Dex","log":"|j|\u2606cocakk\n|j|\u2606pocoYop\n|t:|1699705841\n|gametype|singles\n|player|p1|cocakk|2|1585\n|player|p2|pocoYop|102|1562\n|teamsize|p1|6\n|teamsize|p2|6\n|gen|9\n|tier|[Gen 9] National Dex\n|rated|\n|rule|HP Percentage Mod: HP is shown in percentages\n|rule|Endless Battle Clause: Forcing endless battles is banned\n|rule|OHKO Clause: OHKO moves are banned\n|rule|Evasion Clause: Evasion abilities, items, and moves are banned\n|rule|Evasion Abilities Clause: Evasion abilities are banned\n|rule|Evasion Items Clause: Evasion items are banned\n|rule|Evasion Moves Clause: Evasion moves are banned\n|rule|Species Clause: Limit one of each Pok\u00e9mon\n|rule|Sleep Clause Mod: Limit one foe put to sleep\n|clearpoke\n|poke|p1|Pelipper, M|\n|poke|p1|Swampert, F|\n|poke|p1|Barraskewda, M|\n|poke|p1|Urshifu-*, M|\n|poke|p1|Iron Valiant|\n|poke|p1|Moltres|\n|poke|p2|Clefable, M|\n|poke|p2|Venusaur, F|\n|poke|p2|Chansey, F|\n|poke|p2|Slowbro, F|\n|poke|p2|Porygon2|\n|poke|p2|Garganacl, F|\n|teampreview\n|inactive|Battle timer is ON: inactive players will automatically lose when time's up. (requested by cocakk)\n|\n|t:|1699705848\n|start\n|switch|p1a: Pelipper|Pelipper, M|100\/100\n|switch|p2a: Terroncito|Garganacl, F|100\/100\n|-weather|RainDance|[from] ability: Drizzle|[of] p1a: Pelipper\n|turn|1\n|\n|t:|1699705853\n|switch|p2a: Nursita|Chansey, F|100\/100\n|move|p1a: Pelipper|U-turn|p2a: Nursita\n|-damage|p2a: Nursita|95\/100\n|\n|t:|1699705856\n|switch|p1a: Urshifu|Urshifu-Rapid-Strike, M|100\/100|[from] U-turn\n|\n|-weather|RainDance|[upkeep]\n|upkeep\n|turn|2\n|\n|t:|1699705860\n|switch|p2a: El Rey lento|Slowbro, F|100\/100\n|-terastallize|p1a: Urshifu|Water\n|move|p1a: Urshifu|Surging Strikes|p2a: El Rey lento\n|-resisted|p2a: El Rey lento\n|-crit|p2a: El Rey lento\n|-damage|p2a: El Rey lento|83\/100\n|-resisted|p2a: El Rey lento\n|-crit|p2a: El Rey lento\n|-damage|p2a: El Rey lento|64\/100\n|-resisted|p2a: El Rey lento\n|-crit|p2a: El Rey lento\n|-damage|p2a: El Rey lento|46\/100\n|-hitcount|p2a: El Rey lento|3\n|\n|-weather|RainDance|[upkeep]\n|-heal|p2a: El Rey lento|52\/100|[from] item: Leftovers\n|upkeep\n|turn|3\n|\n|t:|1699705867\n|move|p1a: Urshifu|Surging Strikes|p2a: El Rey lento\n|-resisted|p2a: El Rey lento\n|-crit|p2a: El Rey lento\n|-damage|p2a: El Rey lento|35\/100\n|-resisted|p2a: El Rey lento\n|-crit|p2a: El Rey lento\n|-damage|p2a: El Rey lento|16\/100\n|-resisted|p2a: El Rey lento\n|-crit|p2a: El Rey lento\n|-damage|p2a: El Rey lento|0 fnt\n|faint|p2a: El Rey lento\n|-hitcount|p2: El Rey lento|3\n|\n|-weather|RainDance|[upkeep]\n|upkeep\n|\n|t:|1699705870\n|switch|p2a: El Cebollita|Venusaur, F|100\/100\n|turn|4\n|\n|t:|1699705873\n|switch|p1a: Moltres|Moltres|100\/100\n|detailschange|p2a: El Cebollita|Venusaur-Mega, F\n|-mega|p2a: El Cebollita|Venusaur|Venusaurite\n|move|p2a: El Cebollita|Giga Drain|p1a: Moltres\n|-resisted|p1a: Moltres\n|-damage|p1a: Moltres|93\/100\n|\n|-weather|RainDance|[upkeep]\n|upkeep\n|turn|5\n|\n|t:|1699705877\n|switch|p2a: Terroncito|Garganacl, F|100\/100\n|move|p1a: Moltres|Hurricane|p2a: Terroncito\n|-resisted|p2a: Terroncito\n|-damage|p2a: Terroncito|86\/100\n|\n|-weather|RainDance|[upkeep]\n|-heal|p2a: Terroncito|93\/100|[from] item: Leftovers\n|upkeep\n|turn|6\n|\n|t:|1699705889\n|switch|p1a: Barraskewda|Barraskewda, M, shiny|100\/100\n|move|p2a: Terroncito|Salt Cure|p1a: Barraskewda\n|-damage|p1a: Barraskewda|73\/100\n|-start|p1a: Barraskewda|Salt Cure\n|\n|-weather|RainDance|[upkeep]\n|-heal|p2a: Terroncito|99\/100|[from] item: Leftovers\n|-damage|p1a: Barraskewda|48\/100|[from] Salt Cure\n|upkeep\n|turn|7\n|\n|t:|1699705895\n|move|p2a: Terroncito|Protect|p2a: Terroncito\n|-singleturn|p2a: Terroncito|Protect\n|move|p1a: Barraskewda|Flip Turn|p2a: Terroncito\n|-activate|p2a: Terroncito|move: Protect\n|\n|-weather|RainDance|[upkeep]\n|-heal|p2a: Terroncito|100\/100|[from] item: Leftovers\n|-damage|p1a: Barraskewda|24\/100|[from] Salt Cure\n|upkeep\n|turn|8\n|\n|t:|1699705907\n|switch|p2a: El Cebollita|Venusaur-Mega, F|100\/100\n|move|p1a: Barraskewda|Flip Turn|p2a: El Cebollita\n|-resisted|p2a: El Cebollita\n|-damage|p2a: El Cebollita|78\/100\n|\n|t:|1699705911\n|switch|p1a: Moltres|Moltres|93\/100|[from] Flip Turn\n|\n|-weather|none\n|upkeep\n|turn|9\n|\n|t:|1699705914\n|move|p2a: El Cebollita|Protect|p2a: El Cebollita\n|-singleturn|p2a: El Cebollita|Protect\n|move|p1a: Moltres|U-turn|p2a: El Cebollita\n|-activate|p2a: El Cebollita|move: Protect\n|\n|upkeep\n|turn|10\n|\n|t:|1699705920\n|switch|p2a: Terroncito|Garganacl, F|100\/100\n|move|p1a: Moltres|U-turn|p2a: Terroncito\n|-damage|p2a: Terroncito|90\/100\n|\n|t:|1699705924\n|switch|p1a: Pelipper|Pelipper, M|100\/100|[from] U-turn\n|-weather|RainDance|[from] ability: Drizzle|[of] p1a: Pelipper\n|\n|-weather|RainDance|[upkeep]\n|-heal|p2a: Terroncito|96\/100|[from] item: Leftovers\n|upkeep\n|turn|11\n|\n|t:|1699705933\n|move|p2a: Terroncito|Protect|p2a: Terroncito\n|-singleturn|p2a: Terroncito|Protect\n|move|p1a: Pelipper|U-turn|p2a: Terroncito\n|-activate|p2a: Terroncito|move: Protect\n|\n|-weather|RainDance|[upkeep]\n|-heal|p2a: Terroncito|100\/100|[from] item: Leftovers\n|upkeep\n|turn|12\n|\n|t:|1699705939\n|move|p1a: Pelipper|U-turn|p2a: Terroncito\n|-damage|p2a: Terroncito|94\/100\n|\n|t:|1699705946\n|switch|p1a: Barraskewda|Barraskewda, M, shiny|24\/100|[from] U-turn\n|move|p2a: Terroncito|Salt Cure|p1a: Barraskewda\n|-damage|p1a: Barraskewda|0 fnt\n|faint|p1a: Barraskewda\n|\n|-weather|RainDance|[upkeep]\n|-heal|p2a: Terroncito|100\/100|[from] item: Leftovers\n|upkeep\n|\n|t:|1699705954\n|switch|p1a: Urshifu|Urshifu-Rapid-Strike, M, tera:Water|100\/100\n|turn|13\n|\n|t:|1699705958\n|switch|p2a: Sr Pato|Porygon2|100\/100\n|-ability|p2a: Sr Pato|Unseen Fist|[from] ability: Trace|[of] p1a: Urshifu\n|move|p1a: Urshifu|Surging Strikes|p2a: Sr Pato\n|-crit|p2a: Sr Pato\n|-damage|p2a: Sr Pato|71\/100\n|-crit|p2a: Sr Pato\n|-damage|p2a: Sr Pato|41\/100\n|-crit|p2a: Sr Pato\n|-damage|p2a: Sr Pato|7\/100\n|-hitcount|p2a: Sr Pato|3\n|\n|-weather|RainDance|[upkeep]\n|upkeep\n|turn|14\n|\n|t:|1699705961\n|move|p1a: Urshifu|Surging Strikes|p2a: Sr Pato\n|-crit|p2a: Sr Pato\n|-damage|p2a: Sr Pato|0 fnt\n|faint|p2a: Sr Pato\n|-hitcount|p2: Sr Pato|1\n|\n|-weather|RainDance|[upkeep]\n|upkeep\n|\n|t:|1699705963\n|switch|p2a: El Cebollita|Venusaur-Mega, F|78\/100\n|turn|15\n|\n|t:|1699705968\n|switch|p1a: Moltres|Moltres|93\/100\n|move|p2a: El Cebollita|Leech Seed|p1a: Moltres\n|-start|p1a: Moltres|move: Leech Seed\n|\n|-weather|RainDance|[upkeep]\n|-damage|p1a: Moltres|81\/100|[from] Leech Seed|[of] p2a: El Cebollita\n|-heal|p2a: El Cebollita|91\/100|[silent]\n|upkeep\n|turn|16\n|\n|t:|1699705971\n|move|p2a: El Cebollita|Protect|p2a: El Cebollita\n|-singleturn|p2a: El Cebollita|Protect\n|move|p1a: Moltres|U-turn|p2a: El Cebollita\n|-activate|p2a: El Cebollita|move: Protect\n|\n|-weather|RainDance|[upkeep]\n|-damage|p1a: Moltres|69\/100|[from] Leech Seed|[of] p2a: El Cebollita\n|-heal|p2a: El Cebollita|100\/100|[silent]\n|upkeep\n|turn|17\n|\n|t:|1699705979\n|switch|p2a: Nursita|Chansey, F|95\/100\n|move|p1a: Moltres|U-turn|p2a: Nursita\n|-crit|p2a: Nursita\n|-damage|p2a: Nursita|81\/100\n|\n|t:|1699705983\n|switch|p1a: Urshifu|Urshifu-Rapid-Strike, M, tera:Water|100\/100|[from] U-turn\n|\n|-weather|none\n|upkeep\n|turn|18\n|\n|t:|1699705986\n|move|p1a: Urshifu|Surging Strikes|p2a: Nursita\n|-crit|p2a: Nursita\n|-damage|p2a: Nursita|57\/100\n|-crit|p2a: Nursita\n|-damage|p2a: Nursita|32\/100\n|-crit|p2a: Nursita\n|-damage|p2a: Nursita|8\/100\n|-hitcount|p2a: Nursita|3\n|move|p2a: Nursita|Seismic Toss|p1a: Urshifu\n|-damage|p1a: Urshifu|71\/100\n|\n|upkeep\n|turn|19\n|\n|t:|1699705990\n|move|p1a: Urshifu|Surging Strikes|p2a: Nursita\n|-crit|p2a: Nursita\n|-damage|p2a: Nursita|0 fnt\n|faint|p2a: Nursita\n|-hitcount|p2: Nursita|1\n|\n|upkeep\n|\n|t:|1699705992\n|switch|p2a: El Cebollita|Venusaur-Mega, F|100\/100\n|turn|20\n|\n|t:|1699705995\n|switch|p1a: Pelipper|Pelipper, M|100\/100\n|-weather|RainDance|[from] ability: Drizzle|[of] p1a: Pelipper\n|move|p2a: El Cebollita|Giga Drain|p1a: Pelipper\n|-damage|p1a: Pelipper|69\/100\n|\n|-weather|RainDance|[upkeep]\n|upkeep\n|turn|21\n|\n|t:|1699705998\n|move|p2a: El Cebollita|Leech Seed|p1a: Pelipper\n|-start|p1a: Pelipper|move: Leech Seed\n|move|p1a: Pelipper|U-turn|p2a: El Cebollita\n|-damage|p2a: El Cebollita|94\/100\n|\n|t:|1699706001\n|switch|p1a: Moltres|Moltres|69\/100|[from] U-turn\n|\n|-weather|RainDance|[upkeep]\n|upkeep\n|turn|22\n|\n|t:|1699706005\n|move|p1a: Moltres|Hurricane|p2a: El Cebollita\n|-supereffective|p2a: El Cebollita\n|-damage|p2a: El Cebollita|25\/100\n|move|p2a: El Cebollita|Leech Seed|p1a: Moltres\n|-start|p1a: Moltres|move: Leech Seed\n|\n|-weather|RainDance|[upkeep]\n|-damage|p1a: Moltres|56\/100|[from] Leech Seed|[of] p2a: El Cebollita\n|-heal|p2a: El Cebollita|38\/100|[silent]\n|upkeep\n|turn|23\n|\n|t:|1699706013\n|move|p2a: El Cebollita|Protect|p2a: El Cebollita\n|-singleturn|p2a: El Cebollita|Protect\n|move|p1a: Moltres|Hurricane|p2a: El Cebollita\n|-activate|p2a: El Cebollita|move: Protect\n|\n|-weather|RainDance|[upkeep]\n|-damage|p1a: Moltres|44\/100|[from] Leech Seed|[of] p2a: El Cebollita\n|-heal|p2a: El Cebollita|51\/100|[silent]\n|upkeep\n|turn|24\n|\n|t:|1699706017\n|switch|p2a: Terroncito|Garganacl, F|100\/100\n|move|p1a: Moltres|Hurricane|p2a: Terroncito\n|-resisted|p2a: Terroncito\n|-damage|p2a: Terroncito|84\/100\n|-start|p2a: Terroncito|confusion\n|\n|-weather|RainDance|[upkeep]\n|-heal|p2a: Terroncito|90\/100|[from] item: Leftovers\n|-damage|p1a: Moltres|32\/100|[from] Leech Seed|[of] p2a: Terroncito\n|-heal|p2a: Terroncito|100\/100|[silent]\n|upkeep\n|turn|25\n|\n|t:|1699706025\n|move|p1a: Moltres|Hurricane|p2a: Terroncito\n|-resisted|p2a: Terroncito\n|-damage|p2a: Terroncito|85\/100\n|-activate|p2a: Terroncito|confusion\n|move|p2a: Terroncito|Salt Cure|p1a: Moltres\n|-supereffective|p1a: Moltres\n|-damage|p1a: Moltres|0 fnt\n|faint|p1a: Moltres\n|\n|-weather|RainDance|[upkeep]\n|-heal|p2a: Terroncito|91\/100|[from] item: Leftovers\n|upkeep\n|\n|t:|1699706030\n|switch|p1a: Urshifu|Urshifu-Rapid-Strike, M, tera:Water|71\/100\n|turn|26\n|\n|t:|1699706034\n|move|p1a: Urshifu|Surging Strikes|p2a: Terroncito\n|-supereffective|p2a: Terroncito\n|-crit|p2a: Terroncito\n|-damage|p2a: Terroncito|6\/100\n|-supereffective|p2a: Terroncito\n|-crit|p2a: Terroncito\n|-damage|p2a: Terroncito|0 fnt\n|faint|p2a: Terroncito\n|-hitcount|p2: Terroncito|2\n|\n|-weather|RainDance|[upkeep]\n|upkeep\n|\n|t:|1699706037\n|switch|p2a: El Cebollita|Venusaur-Mega, F|51\/100\n|turn|27\n|\n|t:|1699706039\n|move|p1a: Urshifu|Surging Strikes|p2a: El Cebollita\n|-resisted|p2a: El Cebollita\n|-crit|p2a: El Cebollita\n|-damage|p2a: El Cebollita|33\/100\n|-resisted|p2a: El Cebollita\n|-crit|p2a: El Cebollita\n|-damage|p2a: El Cebollita|15\/100\n|-resisted|p2a: El Cebollita\n|-crit|p2a: El Cebollita\n|-damage|p2a: El Cebollita|0 fnt\n|faint|p2a: El Cebollita\n|-hitcount|p2: El Cebollita|3\n|\n|-weather|none\n|upkeep\n|-message|pocoYop forfeited.\n|\n|win|cocakk\n|raw|cocakk's rating: 1585 &rarr; <strong>1604<\/strong><br \/>(+19 for winning)\n|raw|pocoYop's rating: 1562 &rarr; <strong>1543<\/strong><br \/>(-19 for losing)\n|l|\u2606pocoYop\n|j| dianciexia\n|j|+taoke\n|j| XYStarshone.\u6c34\u706b\u4fa0\u661f\u8000\n","uploadtime":1699706046,"views":5,"p1id":"cocakk","p2id":"pocoyop","formatid":"gen9nationaldex","rating":1543,"private":0,"password":""}