{"id":"gen9nationaldex-1998802919","p1":"poban","p2":"MMQZA10","format":"[Gen 9] National Dex","log":"|html|<div class=\"broadcast-blue\"><strong>[Gen 9] National Dex is currently suspecting Sneasler! For information on how to participate check out the <a href=\"https:\/\/www.smogon.com\/forums\/threads\/sv-national-dex-suspect-8-just-dance.3731534\/\">suspect thread<\/a>.<\/strong><\/div>\n|j|\u2606poban\n|j|\u2606MMQZA10\n|t:|1700994081\n|gametype|singles\n|player|p1|poban|iris-gen5bw2|1578\n|player|p2|MMQZA10|2|1569\n|teamsize|p1|6\n|teamsize|p2|6\n|gen|9\n|tier|[Gen 9] National Dex\n|rated|\n|rule|HP Percentage Mod: HP is shown in percentages\n|rule|Endless Battle Clause: Forcing endless battles is banned\n|rule|OHKO Clause: OHKO moves are banned\n|rule|Evasion Clause: Evasion abilities, items, and moves are banned\n|rule|Evasion Abilities Clause: Evasion abilities are banned\n|rule|Evasion Items Clause: Evasion items are banned\n|rule|Evasion Moves Clause: Evasion moves are banned\n|rule|Species Clause: Limit one of each Pok\u00e9mon\n|rule|Sleep Clause Mod: Limit one foe put to sleep\n|clearpoke\n|poke|p1|Tapu Lele|\n|poke|p1|Sneasler, F|\n|poke|p1|Great Tusk|\n|poke|p1|Banette, F|\n|poke|p1|Ogerpon-Wellspring, F|\n|poke|p1|Blaziken, F|\n|poke|p2|Hoopa-Unbound|\n|poke|p2|Corviknight, F|\n|poke|p2|Clodsire, F|\n|poke|p2|Serperior, F|\n|poke|p2|Zapdos|\n|poke|p2|Slowking, F|\n|teampreview\n|inactive|Battle timer is ON: inactive players will automatically lose when time's up. (requested by poban)\n|inactive|MMQZA10 has 120 seconds left.\n|j| yuzhibo\n|\n|t:|1700994120\n|start\n|switch|p1a: kapu kokiko|Tapu Lele|100\/100\n|switch|p2a: Slowking|Slowking, F|100\/100\n|-fieldstart|move: Psychic Terrain|[from] ability: Psychic Surge|[of] p1a: kapu kokiko\n|turn|1\n|\n|t:|1700994133\n|move|p1a: kapu kokiko|Future Sight|p2a: Slowking\n|-start|p1a: kapu kokiko|move: Future Sight\n|move|p2a: Slowking|Thunder Wave|p1a: kapu kokiko\n|-status|p1a: kapu kokiko|par\n|\n|upkeep\n|turn|2\n|\n|t:|1700994150\n|switch|p1a: Blaziken|Blaziken, F|100\/100\n|move|p2a: Slowking|Thunder Wave|p1a: Blaziken\n|-status|p1a: Blaziken|par\n|\n|upkeep\n|turn|3\n|\n|t:|1700994161\n|cant|p1a: Blaziken|par\n|move|p2a: Slowking|Teleport|p2a: Slowking\n|\n|t:|1700994177\n|switch|p2a: Hoopa|Hoopa-Unbound|100\/100|[from] Teleport\n|\n|-end|p2a: Hoopa|move: Future Sight\n|-immune|p2a: Hoopa\n|-ability|p1a: Blaziken|Speed Boost|boost\n|-boost|p1a: Blaziken|spe|1\n|upkeep\n|turn|4\n|\n|t:|1700994189\n|move|p2a: Hoopa|Zen Headbutt|p1a: Blaziken\n|-supereffective|p1a: Blaziken\n|-enditem|p1a: Blaziken|Focus Sash\n|-damage|p1a: Blaziken|1\/100 par\n|cant|p1a: Blaziken|flinch\n|\n|-ability|p1a: Blaziken|Speed Boost|boost\n|-boost|p1a: Blaziken|spe|1\n|upkeep\n|turn|5\n|inactive|MMQZA10 has 120 seconds left.\n|\n|t:|1700994215\n|switch|p2a: Corviknight|Corviknight, F|100\/100\n|-ability|p2a: Corviknight|Pressure\n|move|p1a: Blaziken|Protect||[still]\n|-fail|p1a: Blaziken\n|\n|-fieldend|move: Psychic Terrain\n|-ability|p1a: Blaziken|Speed Boost|boost\n|-boost|p1a: Blaziken|spe|1\n|upkeep\n|turn|6\n|\n|t:|1700994235\n|switch|p2a: Slowking|Slowking, F|100\/100\n|move|p1a: Blaziken|Overheat|p2a: Slowking\n|-resisted|p2a: Slowking\n|-damage|p2a: Slowking|84\/100\n|-unboost|p1a: Blaziken|spa|2\n|\n|-ability|p1a: Blaziken|Speed Boost|boost\n|-boost|p1a: Blaziken|spe|1\n|upkeep\n|turn|7\n|\n|t:|1700994245\n|move|p1a: Blaziken|Focus Energy|p1a: Blaziken\n|-start|p1a: Blaziken|move: Focus Energy\n|move|p2a: Slowking|Future Sight|p1a: Blaziken\n|-start|p2a: Slowking|move: Future Sight\n|\n|-ability|p1a: Blaziken|Speed Boost|boost\n|-boost|p1a: Blaziken|spe|1\n|upkeep\n|turn|8\n|\n|t:|1700994257\n|move|p1a: Blaziken|Overheat|p2a: Slowking\n|-resisted|p2a: Slowking\n|-crit|p2a: Slowking\n|-damage|p2a: Slowking|57\/100\n|-unboost|p1a: Blaziken|spa|2\n|move|p2a: Slowking|Scald|p1a: Blaziken\n|-supereffective|p1a: Blaziken\n|-damage|p1a: Blaziken|0 fnt\n|faint|p1a: Blaziken\n|\n|upkeep\n|\n|t:|1700994273\n|switch|p1a: \u6253\u6211|Banette, F|100\/100\n|-item|p2a: Slowking|Heavy-Duty Boots|[from] ability: Frisk|[of] p1a: \u6253\u6211|[identify]\n|turn|9\n|inactive|MMQZA10 has 120 seconds left.\n|\n|t:|1700994284\n|switch|p2a: Corviknight|Corviknight, F|100\/100\n|-ability|p2a: Corviknight|Pressure\n|move|p1a: \u6253\u6211|Will-O-Wisp|p2a: Corviknight|[miss]\n|-miss|p1a: \u6253\u6211|p2a: Corviknight\n|\n|-end|p1a: \u6253\u6211|move: Future Sight\n|-damage|p1a: \u6253\u6211|33\/100\n|upkeep\n|turn|10\n|j| azurecoralsea\n|inactive|MMQZA10 has 120 seconds left.\n|\n|t:|1700994309\n|switch|p2a: Zapdos|Zapdos|100\/100\n|detailschange|p1a: \u6253\u6211|Banette-Mega, F\n|-mega|p1a: \u6253\u6211|Banette|Banettite\n|move|p1a: \u6253\u6211|Poltergeist|p2a: Zapdos\n|-activate|p2a: Zapdos|move: Poltergeist|Heavy-Duty Boots\n|-damage|p2a: Zapdos|48\/100\n|\n|upkeep\n|turn|11\n|\n|t:|1700994324\n|switch|p1a: kapu kokiko|Tapu Lele|100\/100 par\n|-fieldstart|move: Psychic Terrain|[from] ability: Psychic Surge|[of] p1a: kapu kokiko\n|move|p2a: Zapdos|Volt Switch|p1a: kapu kokiko\n|-damage|p1a: kapu kokiko|68\/100 par\n|inactive|MMQZA10 has 90 seconds left.\n|l|\u2606MMQZA10\n|inactive|MMQZA10 disconnected and has a minute to reconnect!\n|player|p2|\n|j|\u2606MMQZA10\n|inactive|MMQZA10 reconnected and has 65 seconds left.\n|player|p2|MMQZA10|2\n|inactive|MMQZA10 has 60 seconds left.\n|\n|t:|1700994375\n|switch|p2a: Slowking|Slowking, F|90\/100|[from] Volt Switch\n|\n|upkeep\n|turn|12\n|\n|t:|1700994382\n|-zpower|p1a: kapu kokiko\n|move|p1a: kapu kokiko|Shattered Psyche|p2a: Slowking|[zeffect]\n|-resisted|p2a: Slowking\n|-damage|p2a: Slowking|47\/100\n|move|p2a: Slowking|Future Sight|p1a: kapu kokiko\n|-start|p2a: Slowking|move: Future Sight\n|\n|upkeep\n|turn|13\n|\n|t:|1700994391\n|move|p1a: kapu kokiko|Future Sight|p2a: Slowking\n|-start|p1a: kapu kokiko|move: Future Sight\n|move|p2a: Slowking|Scald|p1a: kapu kokiko\n|-damage|p1a: kapu kokiko|38\/100 par\n|\n|upkeep\n|turn|14\n|l|\u2606MMQZA10\n|inactive|MMQZA10 disconnected and has a minute to reconnect!\n|player|p2|\n|j|\u2606MMQZA10\n|inactive|MMQZA10 reconnected and has 55 seconds left.\n|player|p2|MMQZA10|2\n|\n|t:|1700994424\n|cant|p1a: kapu kokiko|par\n|move|p2a: Slowking|Teleport|p2a: Slowking\n|\n|t:|1700994427\n|switch|p2a: Hoopa|Hoopa-Unbound|100\/100|[from] Teleport\n|\n|-end|p1a: kapu kokiko|move: Future Sight\n|-resisted|p1a: kapu kokiko\n|-damage|p1a: kapu kokiko|7\/100 par\n|upkeep\n|turn|15\n|\n|t:|1700994432\n|move|p2a: Hoopa|Hyperspace Fury|p1a: kapu kokiko\n|-damage|p1a: kapu kokiko|0 fnt\n|-unboost|p2a: Hoopa|def|1\n|faint|p1a: kapu kokiko\n|\n|-end|p2a: Hoopa|move: Future Sight\n|-immune|p2a: Hoopa\n|-fieldend|move: Psychic Terrain\n|upkeep\n|\n|t:|1700994434\n|switch|p1a: \u6253\u6211|Banette-Mega, F|33\/100\n|turn|16\n|inactive|MMQZA10 has 60 seconds left.\n|\n|t:|1700994463\n|move|p1a: \u6253\u6211|Destiny Bond|p1a: \u6253\u6211\n|-singlemove|p1a: \u6253\u6211|Destiny Bond\n|move|p2a: Hoopa|Hyperspace Fury|p1a: \u6253\u6211\n|-supereffective|p1a: \u6253\u6211\n|-damage|p1a: \u6253\u6211|0 fnt\n|-unboost|p2a: Hoopa|def|1\n|faint|p1a: \u6253\u6211\n|-activate|p1a: \u6253\u6211|move: Destiny Bond\n|faint|p2a: Hoopa\n|\n|upkeep\n|inactive|MMQZA10 has 60 seconds left.\n|\n|t:|1700994484\n|switch|p2a: Corviknight|Corviknight, F|100\/100\n|switch|p1a: \u6ca1\u5403\u7684\u8bdd\u5403\u6211\u4e00\u5200|Ogerpon-Wellspring, F|100\/100\n|-ability|p2a: Corviknight|Pressure\n|turn|17\n|\n|t:|1700994491\n|move|p1a: \u6ca1\u5403\u7684\u8bdd\u5403\u6211\u4e00\u5200|Swords Dance|p1a: \u6ca1\u5403\u7684\u8bdd\u5403\u6211\u4e00\u5200\n|-boost|p1a: \u6ca1\u5403\u7684\u8bdd\u5403\u6211\u4e00\u5200|atk|2\n|move|p2a: Corviknight|Iron Defense|p2a: Corviknight\n|-boost|p2a: Corviknight|def|2\n|\n|upkeep\n|turn|18\n|\n|t:|1700994502\n|move|p1a: \u6ca1\u5403\u7684\u8bdd\u5403\u6211\u4e00\u5200|Trailblaze|p2a: Corviknight\n|-resisted|p2a: Corviknight\n|-damage|p2a: Corviknight|96\/100\n|-boost|p1a: \u6ca1\u5403\u7684\u8bdd\u5403\u6211\u4e00\u5200|spe|1\n|-damage|p1a: \u6ca1\u5403\u7684\u8bdd\u5403\u6211\u4e00\u5200|84\/100|[from] item: Rocky Helmet|[of] p2a: Corviknight\n|move|p2a: Corviknight|Iron Defense|p2a: Corviknight\n|-boost|p2a: Corviknight|def|2\n|\n|upkeep\n|turn|19\n|\n|t:|1700994512\n|move|p1a: \u6ca1\u5403\u7684\u8bdd\u5403\u6211\u4e00\u5200|Swords Dance|p1a: \u6ca1\u5403\u7684\u8bdd\u5403\u6211\u4e00\u5200\n|-boost|p1a: \u6ca1\u5403\u7684\u8bdd\u5403\u6211\u4e00\u5200|atk|2\n|move|p2a: Corviknight|Body Press|p1a: \u6ca1\u5403\u7684\u8bdd\u5403\u6211\u4e00\u5200\n|-damage|p1a: \u6ca1\u5403\u7684\u8bdd\u5403\u6211\u4e00\u5200|0 fnt\n|faint|p1a: \u6ca1\u5403\u7684\u8bdd\u5403\u6211\u4e00\u5200\n|\n|upkeep\n|l| azurecoralsea\n|\n|t:|1700994527\n|switch|p1a: \u4f1f\u54e5|Great Tusk|100\/100\n|-enditem|p1a: \u4f1f\u54e5|Booster Energy\n|-activate|p1a: \u4f1f\u54e5|ability: Protosynthesis|[fromitem]\n|-start|p1a: \u4f1f\u54e5|protosynthesisspe\n|turn|20\n|j| azurecoralsea\n|\n|t:|1700994534\n|move|p1a: \u4f1f\u54e5|Bulk Up|p1a: \u4f1f\u54e5\n|-boost|p1a: \u4f1f\u54e5|atk|1\n|-boost|p1a: \u4f1f\u54e5|def|1\n|move|p2a: Corviknight|Body Press|p1a: \u4f1f\u54e5\n|-damage|p1a: \u4f1f\u54e5|69\/100\n|\n|upkeep\n|turn|21\n|\n|t:|1700994540\n|move|p1a: \u4f1f\u54e5|Bulk Up|p1a: \u4f1f\u54e5\n|-boost|p1a: \u4f1f\u54e5|atk|1\n|-boost|p1a: \u4f1f\u54e5|def|1\n|move|p2a: Corviknight|Iron Defense|p2a: Corviknight\n|-boost|p2a: Corviknight|def|2\n|\n|upkeep\n|turn|22\n|\n|t:|1700994542\n|move|p1a: \u4f1f\u54e5|Bulk Up|p1a: \u4f1f\u54e5\n|-boost|p1a: \u4f1f\u54e5|atk|1\n|-boost|p1a: \u4f1f\u54e5|def|1\n|move|p2a: Corviknight|Body Press|p1a: \u4f1f\u54e5\n|-damage|p1a: \u4f1f\u54e5|41\/100\n|\n|upkeep\n|turn|23\n|\n|t:|1700994545\n|move|p1a: \u4f1f\u54e5|Bulk Up|p1a: \u4f1f\u54e5\n|-boost|p1a: \u4f1f\u54e5|atk|1\n|-boost|p1a: \u4f1f\u54e5|def|1\n|move|p2a: Corviknight|Body Press|p1a: \u4f1f\u54e5\n|-damage|p1a: \u4f1f\u54e5|18\/100\n|\n|upkeep\n|turn|24\n|\n|t:|1700994550\n|move|p1a: \u4f1f\u54e5|Ice Spinner|p2a: Corviknight\n|-damage|p2a: Corviknight|85\/100\n|-damage|p1a: \u4f1f\u54e5|1\/100|[from] item: Rocky Helmet|[of] p2a: Corviknight\n|move|p2a: Corviknight|Body Press|p1a: \u4f1f\u54e5\n|-damage|p1a: \u4f1f\u54e5|0 fnt\n|faint|p1a: \u4f1f\u54e5\n|-end|p1a: \u4f1f\u54e5|Protosynthesis|[silent]\n|\n|upkeep\n|-message|poban forfeited.\n|\n|win|MMQZA10\n|raw|poban's rating: 1578 &rarr; <strong>1557<\/strong><br \/>(-21 for losing)\n|raw|MMQZA10's rating: 1569 &rarr; <strong>1590<\/strong><br \/>(+21 for winning)\n","uploadtime":1700994558,"views":3,"p1id":"poban","p2id":"mmqza10","formatid":"gen9nationaldex","rating":1557,"private":0,"password":""}