{"id":"gen9nationaldex-1988689736","p1":"Jor99fran","p2":"Torigami2013","format":"[Gen 9] National Dex","log":"|j|\u2606Jor99fran\n|j|\u2606Torigami2013\n|t:|1699750993\n|gametype|singles\n|player|p1|Jor99fran|ghetsis|\n|player|p2|Torigami2013|volkner|\n|teamsize|p1|6\n|teamsize|p2|6\n|gen|9\n|tier|[Gen 9] National Dex\n|rule|HP Percentage Mod: HP is shown in percentages\n|rule|Endless Battle Clause: Forcing endless battles is banned\n|rule|OHKO Clause: OHKO moves are banned\n|rule|Evasion Clause: Evasion abilities, items, and moves are banned\n|rule|Evasion Abilities Clause: Evasion abilities are banned\n|rule|Evasion Items Clause: Evasion items are banned\n|rule|Evasion Moves Clause: Evasion moves are banned\n|rule|Species Clause: Limit one of each Pok\u00e9mon\n|rule|Sleep Clause Mod: Limit one foe put to sleep\n|clearpoke\n|poke|p1|Lucario, M|\n|poke|p1|Toxapex, M|\n|poke|p1|Aegislash, F|\n|poke|p1|Dragonite, F|\n|poke|p1|Aerodactyl, F|\n|poke|p1|Mimikyu, M|\n|poke|p2|Garchomp, M|\n|poke|p2|Torterra, M|\n|poke|p2|Clodsire, M|\n|poke|p2|Mudsdale, M|\n|poke|p2|Swampert, M|\n|poke|p2|Golurk|\n|teampreview\n|c|\u2606Jor99fran|Adivino\n|c|\u2606Jor99fran|gym tierra\n|\n|t:|1699751056\n|start\n|switch|p1a: Toxapex|Toxapex, M|100\/100\n|switch|p2a: Froggi|Swampert, M|100\/100\n|turn|1\n|\n|t:|1699751065\n|detailschange|p2a: Froggi|Swampert-Mega, M\n|-mega|p2a: Froggi|Swampert|Swampertite\n|move|p2a: Froggi|Earth Power|p1a: Toxapex\n|-supereffective|p1a: Toxapex\n|-damage|p1a: Toxapex|49\/100\n|move|p1a: Toxapex|Toxic Spikes|p2a: Froggi\n|-sidestart|p2: Torigami2013|move: Toxic Spikes\n|\n|-heal|p1a: Toxapex|55\/100|[from] item: Black Sludge\n|upkeep\n|turn|2\n|\n|t:|1699751081\n|move|p2a: Froggi|Earth Power|p1a: Toxapex\n|-supereffective|p1a: Toxapex\n|-damage|p1a: Toxapex|7\/100\n|move|p1a: Toxapex|Toxic Spikes|p2a: Froggi\n|-sidestart|p2: Torigami2013|move: Toxic Spikes\n|\n|-heal|p1a: Toxapex|14\/100|[from] item: Black Sludge\n|upkeep\n|turn|3\n|\n|t:|1699751092\n|move|p2a: Froggi|Earth Power|p1a: Toxapex\n|-supereffective|p1a: Toxapex\n|-damage|p1a: Toxapex|0 fnt\n|faint|p1a: Toxapex\n|\n|upkeep\n|\n|t:|1699751096\n|switch|p1a: Dragonite|Dragonite, F|100\/100\n|turn|4\n|\n|t:|1699751107\n|move|p1a: Dragonite|Dragon Dance|p1a: Dragonite\n|-boost|p1a: Dragonite|atk|1\n|-boost|p1a: Dragonite|spe|1\n|move|p2a: Froggi|Ancient Power|p1a: Dragonite\n|-supereffective|p1a: Dragonite\n|-damage|p1a: Dragonite|82\/100\n|\n|upkeep\n|turn|5\n|\n|t:|1699751116\n|move|p1a: Dragonite|Dragon Dance|p1a: Dragonite\n|-boost|p1a: Dragonite|atk|1\n|-boost|p1a: Dragonite|spe|1\n|move|p2a: Froggi|Ancient Power|p1a: Dragonite\n|-supereffective|p1a: Dragonite\n|-damage|p1a: Dragonite|39\/100\n|\n|upkeep\n|turn|6\n|\n|t:|1699751122\n|-terastallize|p1a: Dragonite|Normal\n|move|p1a: Dragonite|Extreme Speed|p2a: Froggi\n|-damage|p2a: Froggi|27\/100\n|move|p2a: Froggi|Ancient Power|p1a: Dragonite\n|-damage|p1a: Dragonite|19\/100\n|\n|upkeep\n|turn|7\n|\n|t:|1699751130\n|move|p1a: Dragonite|Extreme Speed|p2a: Froggi\n|-damage|p2a: Froggi|0 fnt\n|faint|p2a: Froggi\n|\n|upkeep\n|\n|t:|1699751135\n|switch|p2a: \u00d1am \u00d1am \u00d1am|Clodsire, M|100\/100\n|-sideend|p2: Torigami2013|move: Toxic Spikes|[of] p2a: \u00d1am \u00d1am \u00d1am\n|turn|8\n|\n|t:|1699751146\n|move|p1a: Dragonite|Outrage|p2a: \u00d1am \u00d1am \u00d1am\n|-damage|p2a: \u00d1am \u00d1am \u00d1am|41\/100\n|move|p2a: \u00d1am \u00d1am \u00d1am|Body Slam|p1a: Dragonite\n|-damage|p1a: Dragonite|1\/100\n|-status|p1a: Dragonite|par\n|\n|-heal|p2a: \u00d1am \u00d1am \u00d1am|47\/100|[from] item: Leftovers\n|upkeep\n|turn|9\n|\n|t:|1699751157\n|move|p1a: Dragonite|Outrage|p2a: \u00d1am \u00d1am \u00d1am|[from]lockedmove\n|-damage|p2a: \u00d1am \u00d1am \u00d1am|0 fnt\n|faint|p2a: \u00d1am \u00d1am \u00d1am\n|\n|upkeep\n|\n|t:|1699751168\n|switch|p2a: Gami|Garchomp, M|100\/100\n|turn|10\n|\n|t:|1699751178\n|move|p2a: Gami|Dragon Claw|p1a: Dragonite\n|-damage|p1a: Dragonite|0 fnt\n|faint|p1a: Dragonite\n|\n|upkeep\n|j| N3ROZ3RO\n|\n|t:|1699751184\n|switch|p1a: Mimikyu|Mimikyu, M|100\/100\n|turn|11\n|\n|t:|1699751189\n|move|p2a: Gami|Earthquake|p1a: Mimikyu\n|-activate|p1a: Mimikyu|ability: Disguise\n|-damage|p1a: Mimikyu|100\/100\n|detailschange|p1a: Mimikyu|Mimikyu-Busted, M\n|-damage|p1a: Mimikyu|88\/100|[from] pokemon: Mimikyu-Busted\n|move|p1a: Mimikyu|Swords Dance|p1a: Mimikyu\n|-boost|p1a: Mimikyu|atk|2\n|\n|upkeep\n|turn|12\n|\n|t:|1699751200\n|move|p2a: Gami|Earthquake|p1a: Mimikyu\n|-damage|p1a: Mimikyu|6\/100\n|move|p1a: Mimikyu|Play Rough|p2a: Gami\n|-supereffective|p2a: Gami\n|-damage|p2a: Gami|0 fnt\n|-damage|p1a: Mimikyu|0 fnt|[from] ability: Rough Skin|[of] p2a: Gami\n|faint|p2a: Gami\n|faint|p1a: Mimikyu\n|\n|upkeep\n|c|\u2606Jor99fran|una alma por otra\n|\n|t:|1699751216\n|switch|p2a: Terreneitor|Torterra, M|100\/100\n|switch|p1a: Aerodactyl|Aerodactyl, F|100\/100\n|turn|13\n|\n|t:|1699751225\n|detailschange|p1a: Aerodactyl|Aerodactyl-Mega, F\n|-mega|p1a: Aerodactyl|Aerodactyl|Aerodactylite\n|move|p1a: Aerodactyl|Ice Fang|p2a: Terreneitor\n|-supereffective|p2a: Terreneitor\n|-damage|p2a: Terreneitor|0 fnt\n|faint|p2a: Terreneitor\n|\n|upkeep\n|\n|t:|1699751232\n|switch|p2a: Perchero el Toro|Mudsdale, M, shiny|100\/100\n|turn|14\n|\n|t:|1699751243\n|move|p1a: Aerodactyl|Ice Fang|p2a: Perchero el Toro\n|-supereffective|p2a: Perchero el Toro\n|-damage|p2a: Perchero el Toro|51\/100\n|-ability|p2a: Perchero el Toro|Stamina|boost\n|-boost|p2a: Perchero el Toro|def|1\n|move|p2a: Perchero el Toro|Smack Down|p1a: Aerodactyl\n|-supereffective|p1a: Aerodactyl\n|-damage|p1a: Aerodactyl|61\/100\n|-start|p1a: Aerodactyl|Smack Down\n|\n|upkeep\n|turn|15\n|\n|t:|1699751252\n|move|p1a: Aerodactyl|Ice Fang|p2a: Perchero el Toro\n|-supereffective|p2a: Perchero el Toro\n|-damage|p2a: Perchero el Toro|16\/100\n|-ability|p2a: Perchero el Toro|Stamina|boost\n|-boost|p2a: Perchero el Toro|def|1\n|move|p2a: Perchero el Toro|Earthquake|p1a: Aerodactyl\n|-supereffective|p1a: Aerodactyl\n|-damage|p1a: Aerodactyl|0 fnt\n|faint|p1a: Aerodactyl\n|\n|upkeep\n|\n|t:|1699751260\n|switch|p1a: Aegislash|Aegislash, F|100\/100\n|turn|16\n|\n|t:|1699751274\n|move|p1a: Aegislash|King's Shield|p1a: Aegislash\n|-singleturn|p1a: Aegislash|Protect\n|move|p2a: Perchero el Toro|Earthquake|p1a: Aegislash\n|-activate|p1a: Aegislash|move: Protect\n|\n|upkeep\n|turn|17\n|\n|t:|1699751279\n|move|p2a: Perchero el Toro|Earthquake|p1a: Aegislash\n|-supereffective|p1a: Aegislash\n|-damage|p1a: Aegislash|26\/100\n|-formechange|p1a: Aegislash|Aegislash-Blade||[from] ability: Stance Change\n|move|p1a: Aegislash|Gyro Ball|p2a: Perchero el Toro\n|-damage|p2a: Perchero el Toro|7\/100\n|-ability|p2a: Perchero el Toro|Stamina|boost\n|-boost|p2a: Perchero el Toro|def|1\n|\n|upkeep\n|turn|18\n|\n|t:|1699751288\n|move|p2a: Perchero el Toro|Earthquake|p1a: Aegislash\n|-supereffective|p1a: Aegislash\n|-damage|p1a: Aegislash|0 fnt\n|faint|p1a: Aegislash\n|\n|upkeep\n|\n|t:|1699751290\n|switch|p1a: Lucario|Lucario, M|100\/100\n|turn|19\n|\n|t:|1699751300\n|move|p1a: Lucario|Vacuum Wave|p2a: Perchero el Toro\n|-damage|p2a: Perchero el Toro|0 fnt\n|faint|p2a: Perchero el Toro\n|-damage|p1a: Lucario|91\/100|[from] item: Life Orb\n|\n|upkeep\n|\n|t:|1699751305\n|switch|p2a: Dogaeen|Golurk|100\/100\n|turn|20\n|\n|t:|1699751311\n|move|p1a: Lucario|Nasty Plot|p1a: Lucario\n|-boost|p1a: Lucario|spa|2\n|move|p2a: Dogaeen|Heat Crash|p1a: Lucario\n|-supereffective|p1a: Lucario\n|-damage|p1a: Lucario|0 fnt\n|faint|p1a: Lucario\n|\n|win|Torigami2013\n|c|\u2606Jor99fran|A\n|c|\u2606Jor99fran|pense que ibas a usar maldicion\n|c|\u2606Jor99fran|XD\n|c|\u2606Torigami2013|XD\n|c|\u2606Torigami2013|boup\n|c|\u2606Jor99fran|otra?\n|c|\u2606Jor99fran|con mi equipo del gym\n|c|\u2606Torigami2013|sis\n|l|\u2606Jor99fran\n|l|\u2606Torigami2013\n","uploadtime":1699751549,"views":5,"p1id":"jor99fran","p2id":"torigami2013","formatid":"gen9nationaldex","rating":0,"private":0,"password":""}