{"id":"gen9nationaldex-1993668821","p1":"Akihiro Nira","p2":"irishgxg","format":"[Gen 9] National Dex","log":"|j|\u2606Akihiro Nira\n|j|\u2606irishgxg\n|t:|1700343588\n|gametype|singles\n|player|p1|Akihiro Nira|cynthia-gen7|1358\n|player|p2|irishgxg|2|1332\n|teamsize|p1|6\n|teamsize|p2|6\n|gen|9\n|tier|[Gen 9] National Dex\n|rated|\n|rule|HP Percentage Mod: HP is shown in percentages\n|rule|Endless Battle Clause: Forcing endless battles is banned\n|rule|OHKO Clause: OHKO moves are banned\n|rule|Evasion Clause: Evasion abilities, items, and moves are banned\n|rule|Evasion Abilities Clause: Evasion abilities are banned\n|rule|Evasion Items Clause: Evasion items are banned\n|rule|Evasion Moves Clause: Evasion moves are banned\n|rule|Species Clause: Limit one of each Pok\u00e9mon\n|rule|Sleep Clause Mod: Limit one foe put to sleep\n|clearpoke\n|poke|p1|Toxicroak, F|\n|poke|p1|Pelipper, M|\n|poke|p1|Dragonite, F|\n|poke|p1|Basculegion, M|\n|poke|p1|Scizor, F|\n|poke|p1|Clefable, M|\n|poke|p2|Goodra-Hisui, F|\n|poke|p2|Chandelure, F|\n|poke|p2|Manectric, M|\n|poke|p2|Gliscor, M|\n|poke|p2|Araquanid, M|\n|poke|p2|Forretress, M|\n|teampreview\n|c|\u2606Akihiro Nira|Glhf\n|\n|t:|1700343600\n|start\n|switch|p1a: Pelipper|Pelipper, M|100\/100\n|switch|p2a: Goodra|Goodra-Hisui, F|100\/100\n|-weather|RainDance|[from] ability: Drizzle|[of] p1a: Pelipper\n|turn|1\n|c|\u2606irishgxg|U2\n|\n|t:|1700343606\n|move|p1a: Pelipper|U-turn|p2a: Goodra\n|-resisted|p2a: Goodra\n|-damage|p2a: Goodra|98\/100\n|c|\u2606Akihiro Nira|Thank you\n|\n|t:|1700343613\n|switch|p1a: Clefable|Clefable, M|100\/100|[from] U-turn\n|move|p2a: Goodra|Thunderbolt|p1a: Clefable\n|-damage|p1a: Clefable|84\/100\n|\n|-weather|RainDance|[upkeep]\n|upkeep\n|turn|2\n|\n|t:|1700343616\n|move|p1a: Clefable|Thunder Wave|p2a: Goodra|[miss]\n|-miss|p1a: Clefable|p2a: Goodra\n|move|p2a: Goodra|Flash Cannon|p1a: Clefable\n|-supereffective|p1a: Clefable\n|-damage|p1a: Clefable|41\/100\n|\n|-weather|RainDance|[upkeep]\n|upkeep\n|turn|3\n|c|\u2606Akihiro Nira|MEH\n|\n|t:|1700343623\n|move|p1a: Clefable|Soft-Boiled|p1a: Clefable\n|-heal|p1a: Clefable|91\/100\n|move|p2a: Goodra|Flash Cannon|p1a: Clefable\n|-supereffective|p1a: Clefable\n|-damage|p1a: Clefable|49\/100\n|\n|-weather|RainDance|[upkeep]\n|upkeep\n|turn|4\n|\n|t:|1700343631\n|switch|p2a: Gliscor|Gliscor, M|100\/100\n|move|p1a: Clefable|Thunder Wave|p2a: Gliscor\n|-immune|p2a: Gliscor\n|\n|-weather|RainDance|[upkeep]\n|-status|p2a: Gliscor|tox|[from] item: Toxic Orb\n|upkeep\n|turn|5\n|\n|t:|1700343637\n|move|p2a: Gliscor|Swords Dance|p2a: Gliscor\n|-boost|p2a: Gliscor|atk|2\n|move|p1a: Clefable|Stealth Rock|p2a: Gliscor\n|-sidestart|p2: irishgxg|move: Stealth Rock\n|\n|-weather|RainDance|[upkeep]\n|upkeep\n|turn|6\n|\n|t:|1700343644\n|switch|p1a: Dragonite|Dragonite, F|100\/100\n|move|p2a: Gliscor|Swords Dance|p2a: Gliscor\n|-boost|p2a: Gliscor|atk|2\n|\n|-weather|RainDance|[upkeep]\n|upkeep\n|turn|7\n|\n|t:|1700343648\n|move|p2a: Gliscor|Ice Fang|p1a: Dragonite\n|-supereffective|p1a: Dragonite\n|-damage|p1a: Dragonite|0 fnt\n|faint|p1a: Dragonite\n|\n|-weather|RainDance|[upkeep]\n|upkeep\n|c|\u2606Akihiro Nira|DAMN\n|\n|t:|1700343654\n|switch|p1a: Basculegion|Basculegion, M|100\/100\n|turn|8\n|\n|t:|1700343660\n|-terastallize|p2a: Gliscor|Water\n|move|p1a: Basculegion|Flip Turn|p2a: Gliscor\n|-resisted|p2a: Gliscor\n|-damage|p2a: Gliscor|72\/100 tox\n|\n|t:|1700343664\n|switch|p1a: Clefable|Clefable, M|49\/100|[from] Flip Turn\n|move|p2a: Gliscor|Knock Off|p1a: Clefable\n|-resisted|p1a: Clefable\n|-damage|p1a: Clefable|4\/100\n|-enditem|p1a: Clefable|Heavy-Duty Boots|[from] move: Knock Off|[of] p2a: Gliscor\n|\n|-weather|none\n|-heal|p2a: Gliscor|84\/100 tox|[from] ability: Poison Heal\n|upkeep\n|turn|9\n|\n|t:|1700343669\n|move|p2a: Gliscor|Earthquake|p1a: Clefable\n|-damage|p1a: Clefable|0 fnt\n|faint|p1a: Clefable\n|\n|-heal|p2a: Gliscor|97\/100 tox|[from] ability: Poison Heal\n|upkeep\n|\n|t:|1700343678\n|switch|p1a: Pelipper|Pelipper, M|100\/100\n|-weather|RainDance|[from] ability: Drizzle|[of] p1a: Pelipper\n|turn|10\n|\n|t:|1700343686\n|move|p2a: Gliscor|Knock Off|p1a: Pelipper\n|-damage|p1a: Pelipper|41\/100\n|-enditem|p1a: Pelipper|Damp Rock|[from] move: Knock Off|[of] p2a: Gliscor\n|move|p1a: Pelipper|Scald|p2a: Gliscor\n|-resisted|p2a: Gliscor\n|-damage|p2a: Gliscor|68\/100 tox\n|\n|-weather|RainDance|[upkeep]\n|-heal|p2a: Gliscor|81\/100 tox|[from] ability: Poison Heal\n|upkeep\n|turn|11\n|\n|t:|1700343694\n|move|p2a: Gliscor|Ice Fang|p1a: Pelipper\n|-damage|p1a: Pelipper|2\/100\n|move|p1a: Pelipper|Scald|p2a: Gliscor\n|-resisted|p2a: Gliscor\n|-damage|p2a: Gliscor|50\/100 tox\n|\n|-weather|RainDance|[upkeep]\n|-heal|p2a: Gliscor|62\/100 tox|[from] ability: Poison Heal\n|upkeep\n|turn|12\n|\n|t:|1700343700\n|move|p2a: Gliscor|Knock Off|p1a: Pelipper\n|-damage|p1a: Pelipper|0 fnt\n|faint|p1a: Pelipper\n|\n|-weather|RainDance|[upkeep]\n|-heal|p2a: Gliscor|74\/100 tox|[from] ability: Poison Heal\n|upkeep\n|\n|t:|1700343706\n|switch|p1a: Basculegion|Basculegion, M|100\/100\n|turn|13\n|\n|t:|1700343715\n|-terastallize|p1a: Basculegion|Water\n|move|p1a: Basculegion|Wave Crash|p2a: Gliscor\n|-resisted|p2a: Gliscor\n|-damage|p2a: Gliscor|0 fnt\n|faint|p2a: Gliscor\n|-damage|p1a: Basculegion|82\/100|[from] Recoil\n|\n|-weather|RainDance|[upkeep]\n|upkeep\n|\n|t:|1700343719\n|switch|p2a: Forretress|Forretress, M|100\/100\n|turn|14\n|\n|t:|1700343723\n|switch|p1a: Toxicroak|Toxicroak, F|100\/100\n|move|p2a: Forretress|Rapid Spin|p1a: Toxicroak\n|-damage|p1a: Toxicroak|83\/100\n|-boost|p2a: Forretress|spe|1\n|-sideend|p2: irishgxg|Stealth Rock|[from] move: Rapid Spin|[of] p2a: Forretress\n|\n|-weather|RainDance|[upkeep]\n|-heal|p1a: Toxicroak|95\/100|[from] ability: Dry Skin\n|upkeep\n|turn|15\n|\n|t:|1700343734\n|switch|p2a: Araquanid|Araquanid, M, shiny|100\/100\n|move|p1a: Toxicroak|Substitute|p1a: Toxicroak\n|-start|p1a: Toxicroak|Substitute\n|-damage|p1a: Toxicroak|70\/100\n|\n|-weather|RainDance|[upkeep]\n|-heal|p1a: Toxicroak|83\/100|[from] ability: Dry Skin\n|upkeep\n|turn|16\n|\n|t:|1700343739\n|move|p1a: Toxicroak|Bulk Up|p1a: Toxicroak\n|-boost|p1a: Toxicroak|atk|1\n|-boost|p1a: Toxicroak|def|1\n|move|p2a: Araquanid|Sticky Web|p1a: Toxicroak\n|-sidestart|p1: Akihiro Nira|move: Sticky Web\n|\n|-weather|RainDance|[upkeep]\n|-heal|p1a: Toxicroak|95\/100|[from] ability: Dry Skin\n|upkeep\n|turn|17\n|\n|t:|1700343745\n|move|p1a: Toxicroak|Bulk Up|p1a: Toxicroak\n|-boost|p1a: Toxicroak|atk|1\n|-boost|p1a: Toxicroak|def|1\n|move|p2a: Araquanid|Leech Life|p1a: Toxicroak\n|-resisted|p1a: Toxicroak\n|-activate|p1a: Toxicroak|move: Substitute|[damage]\n|\n|-weather|none\n|upkeep\n|turn|18\n|\n|t:|1700343757\n|move|p1a: Toxicroak|Poison Jab|p2a: Araquanid\n|-damage|p2a: Araquanid|22\/100\n|-damage|p1a: Toxicroak|85\/100|[from] item: Life Orb\n|move|p2a: Araquanid|Leech Life|p1a: Toxicroak\n|-resisted|p1a: Toxicroak\n|-activate|p1a: Toxicroak|move: Substitute|[damage]\n|-heal|p2a: Araquanid|24\/100|[from] drain|[of] p1a: Toxicroak\n|\n|-heal|p2a: Araquanid|30\/100|[from] item: Leftovers\n|upkeep\n|turn|19\n|\n|t:|1700343762\n|move|p1a: Toxicroak|Drain Punch|p2a: Araquanid\n|-resisted|p2a: Araquanid\n|-damage|p2a: Araquanid|0 fnt\n|-heal|p1a: Toxicroak|100\/100|[from] drain|[of] p2a: Araquanid\n|faint|p2a: Araquanid\n|-damage|p1a: Toxicroak|91\/100|[from] item: Life Orb\n|\n|upkeep\n|\n|t:|1700343771\n|switch|p2a: Goodra|Goodra-Hisui, F|98\/100\n|turn|20\n|\n|t:|1700343774\n|move|p1a: Toxicroak|Drain Punch|p2a: Goodra\n|-supereffective|p2a: Goodra\n|-damage|p2a: Goodra|0 fnt\n|-heal|p1a: Toxicroak|100\/100|[from] drain|[of] p2a: Goodra\n|faint|p2a: Goodra\n|-damage|p1a: Toxicroak|91\/100|[from] item: Life Orb\n|\n|upkeep\n|\n|t:|1700343794\n|switch|p2a: Manectric|Manectric, M, shiny|100\/100\n|turn|21\n|\n|t:|1700343807\n|detailschange|p2a: Manectric|Manectric-Mega, M, shiny\n|-mega|p2a: Manectric|Manectric|Manectite\n|-ability|p2a: Manectric|Intimidate|boost\n|-immune|p1a: Toxicroak\n|move|p2a: Manectric|Thunderbolt|p1a: Toxicroak\n|-end|p1a: Toxicroak|Substitute\n|move|p1a: Toxicroak|Drain Punch|p2a: Manectric\n|-crit|p2a: Manectric\n|-damage|p2a: Manectric|0 fnt\n|-heal|p1a: Toxicroak|100\/100|[from] drain|[of] p2a: Manectric\n|faint|p2a: Manectric\n|-damage|p1a: Toxicroak|91\/100|[from] item: Life Orb\n|\n|upkeep\n|\n|t:|1700343817\n|switch|p2a: Chandelure|Chandelure, F|100\/100\n|turn|22\n|\n|t:|1700343821\n|move|p1a: Toxicroak|Poison Jab|p2a: Chandelure\n|-resisted|p2a: Chandelure\n|-damage|p2a: Chandelure|36\/100\n|-damage|p1a: Toxicroak|81\/100|[from] item: Life Orb\n|move|p2a: Chandelure|Psychic|p1a: Toxicroak\n|-supereffective|p1a: Toxicroak\n|-damage|p1a: Toxicroak|0 fnt\n|faint|p1a: Toxicroak\n|\n|upkeep\n|\n|t:|1700343828\n|switch|p1a: Basculegion|Basculegion, M, tera:Water|82\/100\n|-activate|p1a: Basculegion|move: Sticky Web\n|-unboost|p1a: Basculegion|spe|1\n|turn|23\n|\n|t:|1700343831\n|move|p1a: Basculegion|Aqua Jet|p2a: Chandelure\n|-supereffective|p2a: Chandelure\n|-damage|p2a: Chandelure|0 fnt\n|faint|p2a: Chandelure\n|\n|upkeep\n|\n|t:|1700343833\n|switch|p2a: Forretress|Forretress, M|100\/100\n|turn|24\n|\n|t:|1700343837\n|move|p1a: Basculegion|Aqua Jet|p2a: Forretress\n|-damage|p2a: Forretress|81\/100\n|move|p2a: Forretress|Toxic|p1a: Basculegion\n|-status|p1a: Basculegion|tox\n|\n|-damage|p1a: Basculegion|76\/100 tox|[from] psn\n|upkeep\n|turn|25\n|\n|t:|1700343841\n|switch|p1a: Scizor|Scizor, F|100\/100\n|-activate|p1a: Scizor|move: Sticky Web\n|-unboost|p1a: Scizor|spe|1\n|move|p2a: Forretress|Body Press|p1a: Scizor\n|-damage|p1a: Scizor|69\/100\n|\n|upkeep\n|turn|26\n|\n|t:|1700343845\n|move|p2a: Forretress|Body Press|p1a: Scizor\n|-damage|p1a: Scizor|35\/100\n|-zpower|p1a: Scizor\n|move|p1a: Scizor|All-Out Pummeling|p2a: Forretress|[zeffect]\n|-damage|p2a: Forretress|40\/100\n|\n|upkeep\n|turn|27\n|\n|t:|1700343851\n|move|p2a: Forretress|Body Press|p1a: Scizor\n|-damage|p1a: Scizor|1\/100\n|move|p1a: Scizor|Roost|p1a: Scizor\n|-heal|p1a: Scizor|52\/100\n|-singleturn|p1a: Scizor|move: Roost\n|\n|upkeep\n|turn|28\n|\n|t:|1700343856\n|move|p2a: Forretress|Body Press|p1a: Scizor\n|-damage|p1a: Scizor|21\/100\n|move|p1a: Scizor|Roost|p1a: Scizor\n|-heal|p1a: Scizor|71\/100\n|-singleturn|p1a: Scizor|move: Roost\n|\n|upkeep\n|turn|29\n|\n|t:|1700343863\n|move|p2a: Forretress|Body Press|p1a: Scizor\n|-damage|p1a: Scizor|38\/100\n|move|p1a: Scizor|Close Combat|p2a: Forretress\n|-damage|p2a: Forretress|15\/100\n|-unboost|p1a: Scizor|def|1\n|-unboost|p1a: Scizor|spd|1\n|\n|upkeep\n|turn|30\n|\n|t:|1700343868\n|move|p1a: Scizor|Bullet Punch|p2a: Forretress\n|-resisted|p2a: Forretress\n|-damage|p2a: Forretress|5\/100\n|move|p2a: Forretress|Body Press|p1a: Scizor\n|-damage|p1a: Scizor|0 fnt\n|faint|p1a: Scizor\n|\n|upkeep\n|\n|t:|1700343870\n|switch|p1a: Basculegion|Basculegion, M, tera:Water|76\/100 tox\n|-activate|p1a: Basculegion|move: Sticky Web\n|-unboost|p1a: Basculegion|spe|1\n|turn|31\n|\n|t:|1700343873\n|move|p1a: Basculegion|Aqua Jet|p2a: Forretress\n|-damage|p2a: Forretress|0 fnt\n|faint|p2a: Forretress\n|\n|win|Akihiro Nira\n|raw|Akihiro Nira's rating: 1358 &rarr; <strong>1377<\/strong><br \/>(+19 for winning)\n|raw|irishgxg's rating: 1332 &rarr; <strong>1313<\/strong><br \/>(-19 for losing)\n|l|\u2606irishgxg\n","uploadtime":1700343886,"views":7,"p1id":"akihironira","p2id":"irishgxg","formatid":"gen9nationaldex","rating":1313,"private":0,"password":""}