{"id":"gen9nationaldex-1991298320","p1":"Klee_The_Elf","p2":"zaizaipo","format":"[Gen 9] National Dex","log":"|j|\u2606Klee_The_Elf\n|j|\u2606zaizaipo\n|t:|1700065404\n|gametype|singles\n|player|p1|Klee_The_Elf|pokekid|1163\n|player|p2|zaizaipo|101|1219\n|teamsize|p1|6\n|teamsize|p2|6\n|gen|9\n|tier|[Gen 9] National Dex\n|rated|\n|rule|HP Percentage Mod: HP is shown in percentages\n|rule|Endless Battle Clause: Forcing endless battles is banned\n|rule|OHKO Clause: OHKO moves are banned\n|rule|Evasion Clause: Evasion abilities, items, and moves are banned\n|rule|Evasion Abilities Clause: Evasion abilities are banned\n|rule|Evasion Items Clause: Evasion items are banned\n|rule|Evasion Moves Clause: Evasion moves are banned\n|rule|Species Clause: Limit one of each Pok\u00e9mon\n|rule|Sleep Clause Mod: Limit one foe put to sleep\n|clearpoke\n|poke|p1|Drapion, M|\n|poke|p1|Aegislash, M|\n|poke|p1|Sinistcha|\n|poke|p1|Gardevoir, F|\n|poke|p1|Greninja-*, F|\n|poke|p1|Great Tusk|\n|poke|p2|Sudowoodo, M|\n|poke|p2|Shiftry, M|\n|poke|p2|Corviknight, M|\n|poke|p2|Swampert, F|\n|poke|p2|Pelipper, M|\n|poke|p2|Ogerpon, F|\n|teampreview\n|\n|t:|1700065410\n|start\n|switch|p1a: Aegislash|Aegislash, M|100\/100\n|switch|p2a: Sudowoodo|Sudowoodo, M, shiny|100\/100\n|turn|1\n|inactive|Battle timer is ON: inactive players will automatically lose when time's up. (requested by zaizaipo)\n|\n|t:|1700065420\n|move|p2a: Sudowoodo|Stealth Rock|p1a: Aegislash\n|-sidestart|p1: Klee_The_Elf|move: Stealth Rock\n|-formechange|p1a: Aegislash|Aegislash-Blade||[from] ability: Stance Change\n|move|p1a: Aegislash|Flash Cannon|p2a: Sudowoodo\n|-supereffective|p2a: Sudowoodo\n|-ability|p2a: Sudowoodo|Sturdy\n|-damage|p2a: Sudowoodo|1\/100\n|\n|upkeep\n|turn|2\n|\n|t:|1700065428\n|switch|p2a: Shiftry|Shiftry, M, shiny|100\/100\n|move|p1a: Aegislash|Flash Cannon|p2a: Shiftry\n|-damage|p2a: Shiftry|44\/100\n|\n|upkeep\n|turn|3\n|\n|t:|1700065445\n|move|p2a: Shiftry|Tailwind|p2a: Shiftry\n|-sidestart|p2: zaizaipo|move: Tailwind\n|-ability|p2a: Shiftry|Wind Rider|boost\n|-boost|p2a: Shiftry|atk|1\n|move|p1a: Aegislash|Flash Cannon|p2a: Shiftry\n|-damage|p2a: Shiftry|0 fnt\n|faint|p2a: Shiftry\n|\n|upkeep\n|\n|t:|1700065453\n|switch|p2a: Swampert|Swampert, F|100\/100\n|turn|4\n|\n|t:|1700065467\n|detailschange|p2a: Swampert|Swampert-Mega, F\n|-mega|p2a: Swampert|Swampert|Swampertite\n|-formechange|p1a: Aegislash|Aegislash||[from] ability: Stance Change\n|move|p1a: Aegislash|King's Shield|p1a: Aegislash\n|-singleturn|p1a: Aegislash|Protect\n|move|p2a: Swampert|Earthquake|p1a: Aegislash\n|-activate|p1a: Aegislash|move: Protect\n|\n|upkeep\n|turn|5\n|\n|t:|1700065476\n|switch|p1a: Sinistcha|Sinistcha|100\/100\n|-damage|p1a: Sinistcha|88\/100|[from] Stealth Rock\n|move|p2a: Swampert|Earthquake|p1a: Sinistcha\n|-resisted|p1a: Sinistcha\n|-damage|p1a: Sinistcha|67\/100\n|\n|upkeep\n|turn|6\n|\n|t:|1700065483\n|move|p2a: Swampert|Ice Punch|p1a: Sinistcha\n|-supereffective|p1a: Sinistcha\n|-damage|p1a: Sinistcha|27\/100\n|-status|p1a: Sinistcha|frz\n|-enditem|p1a: Sinistcha|Sitrus Berry|[eat]\n|-heal|p1a: Sinistcha|52\/100 frz|[from] item: Sitrus Berry\n|cant|p1a: Sinistcha|frz\n|\n|-sideend|p2: zaizaipo|move: Tailwind\n|upkeep\n|turn|7\n|\n|t:|1700065498\n|move|p2a: Swampert|Ice Punch|p1a: Sinistcha\n|-supereffective|p1a: Sinistcha\n|-damage|p1a: Sinistcha|15\/100 frz\n|cant|p1a: Sinistcha|frz\n|\n|upkeep\n|turn|8\n|\n|t:|1700065505\n|cant|p1a: Sinistcha|frz\n|move|p2a: Swampert|Ice Punch|p1a: Sinistcha\n|-supereffective|p1a: Sinistcha\n|-damage|p1a: Sinistcha|0 fnt\n|faint|p1a: Sinistcha\n|\n|upkeep\n|\n|t:|1700065514\n|switch|p1a: Greninja|Greninja, F|100\/100\n|-damage|p1a: Greninja|88\/100|[from] Stealth Rock\n|turn|9\n|\n|t:|1700065524\n|switch|p2a: Pelipper|Pelipper, M|100\/100\n|-weather|RainDance|[from] ability: Drizzle|[of] p2a: Pelipper\n|move|p1a: Greninja|Water Shuriken|p2a: Pelipper\n|-start|p1a: Greninja|typechange|Water|[from] ability: Protean\n|-resisted|p2a: Pelipper\n|-damage|p2a: Pelipper|91\/100\n|-resisted|p2a: Pelipper\n|-damage|p2a: Pelipper|81\/100\n|-resisted|p2a: Pelipper\n|-damage|p2a: Pelipper|72\/100\n|-resisted|p2a: Pelipper\n|-damage|p2a: Pelipper|63\/100\n|-hitcount|p2a: Pelipper|4\n|-damage|p1a: Greninja|78\/100|[from] item: Life Orb\n|\n|-weather|RainDance|[upkeep]\n|upkeep\n|turn|10\n|\n|t:|1700065540\n|move|p1a: Greninja|Water Shuriken|p2a: Pelipper\n|-resisted|p2a: Pelipper\n|-damage|p2a: Pelipper|54\/100\n|-resisted|p2a: Pelipper\n|-damage|p2a: Pelipper|46\/100\n|-hitcount|p2a: Pelipper|2\n|-damage|p1a: Greninja|69\/100|[from] item: Life Orb\n|move|p2a: Pelipper|U-turn|p1a: Greninja\n|-damage|p1a: Greninja|54\/100\n|\n|t:|1700065549\n|switch|p2a: Swampert|Swampert-Mega, F|100\/100|[from] U-turn\n|\n|-weather|RainDance|[upkeep]\n|upkeep\n|turn|11\n|\n|t:|1700065566\n|move|p1a: Greninja|Water Shuriken|p2a: Swampert\n|-damage|p2a: Swampert|87\/100\n|-damage|p2a: Swampert|75\/100\n|-damage|p2a: Swampert|61\/100\n|-hitcount|p2a: Swampert|3\n|-damage|p1a: Greninja|44\/100|[from] item: Life Orb\n|move|p2a: Swampert|Earthquake|p1a: Greninja\n|-damage|p1a: Greninja|0 fnt\n|faint|p1a: Greninja\n|\n|-weather|RainDance|[upkeep]\n|upkeep\n|\n|t:|1700065573\n|switch|p1a: Aegislash|Aegislash, M|100\/100\n|-damage|p1a: Aegislash|94\/100|[from] Stealth Rock\n|turn|12\n|\n|t:|1700065579\n|move|p1a: Aegislash|King's Shield|p1a: Aegislash\n|-singleturn|p1a: Aegislash|Protect\n|move|p2a: Swampert|Earthquake|p1a: Aegislash\n|-activate|p1a: Aegislash|move: Protect\n|\n|-weather|RainDance|[upkeep]\n|-heal|p1a: Aegislash|100\/100|[from] item: Leftovers\n|upkeep\n|turn|13\n|\n|t:|1700065606\n|move|p2a: Swampert|Earthquake|p1a: Aegislash\n|-supereffective|p1a: Aegislash\n|-damage|p1a: Aegislash|9\/100\n|move|p1a: Aegislash|Toxic|p2a: Swampert\n|-status|p2a: Swampert|tox\n|\n|-weather|none\n|-heal|p1a: Aegislash|15\/100|[from] item: Leftovers\n|-damage|p2a: Swampert|55\/100 tox|[from] psn\n|upkeep\n|turn|14\n|\n|t:|1700065618\n|switch|p2a: Pelipper|Pelipper, M|46\/100\n|-weather|RainDance|[from] ability: Drizzle|[of] p2a: Pelipper\n|move|p1a: Aegislash|King's Shield||[still]\n|-fail|p1a: Aegislash\n|\n|-weather|RainDance|[upkeep]\n|-heal|p1a: Aegislash|21\/100|[from] item: Leftovers\n|upkeep\n|turn|15\n|\n|t:|1700065629\n|move|p1a: Aegislash|King's Shield|p1a: Aegislash\n|-singleturn|p1a: Aegislash|Protect\n|move|p2a: Pelipper|Weather Ball|p1a: Aegislash\n|-activate|p1a: Aegislash|move: Protect\n|\n|-weather|RainDance|[upkeep]\n|-heal|p1a: Aegislash|28\/100|[from] item: Leftovers\n|upkeep\n|turn|16\n|\n|t:|1700065640\n|switch|p2a: Ogerpon|Ogerpon, F|100\/100\n|-formechange|p1a: Aegislash|Aegislash-Blade||[from] ability: Stance Change\n|move|p1a: Aegislash|Shadow Ball|p2a: Ogerpon\n|-damage|p2a: Ogerpon|60\/100\n|\n|-weather|RainDance|[upkeep]\n|-heal|p1a: Aegislash|34\/100|[from] item: Leftovers\n|upkeep\n|turn|17\n|\n|t:|1700065652\n|move|p2a: Ogerpon|Ivy Cudgel|p1a: Aegislash\n|-resisted|p1a: Aegislash\n|-damage|p1a: Aegislash|0 fnt\n|faint|p1a: Aegislash\n|\n|-weather|RainDance|[upkeep]\n|upkeep\n|\n|t:|1700065655\n|switch|p1a: Drapion|Drapion, M, shiny|100\/100\n|-damage|p1a: Drapion|88\/100|[from] Stealth Rock\n|turn|18\n|\n|t:|1700065662\n|move|p2a: Ogerpon|U-turn|p1a: Drapion\n|-damage|p1a: Drapion|63\/100\n|\n|t:|1700065666\n|switch|p2a: Corviknight|Corviknight, M, shiny|100\/100|[from] U-turn\n|move|p1a: Drapion|Swords Dance|p1a: Drapion\n|-boost|p1a: Drapion|atk|2\n|\n|-weather|none\n|upkeep\n|turn|19\n|\n|t:|1700065673\n|move|p1a: Drapion|Knock Off|p2a: Corviknight\n|-damage|p2a: Corviknight|36\/100\n|-damage|p1a: Drapion|46\/100|[from] item: Rocky Helmet|[of] p2a: Corviknight\n|-enditem|p2a: Corviknight|Rocky Helmet|[from] move: Knock Off|[of] p1a: Drapion\n|move|p2a: Corviknight|Iron Defense|p2a: Corviknight\n|-boost|p2a: Corviknight|def|2\n|\n|upkeep\n|turn|20\n|\n|t:|1700065680\n|move|p1a: Drapion|Leech Life|p2a: Corviknight\n|-resisted|p2a: Corviknight\n|-damage|p2a: Corviknight|31\/100\n|-heal|p1a: Drapion|50\/100|[from] drain|[of] p2a: Corviknight\n|move|p2a: Corviknight|Roost|p2a: Corviknight\n|-heal|p2a: Corviknight|81\/100\n|-singleturn|p2a: Corviknight|move: Roost\n|\n|upkeep\n|turn|21\n|\n|t:|1700065688\n|move|p1a: Drapion|Swords Dance|p1a: Drapion\n|-boost|p1a: Drapion|atk|2\n|move|p2a: Corviknight|Iron Defense|p2a: Corviknight\n|-boost|p2a: Corviknight|def|2\n|\n|upkeep\n|turn|22\n|\n|t:|1700065696\n|move|p1a: Drapion|Swords Dance|p1a: Drapion\n|-boost|p1a: Drapion|atk|2\n|move|p2a: Corviknight|Iron Defense|p2a: Corviknight\n|-boost|p2a: Corviknight|def|2\n|\n|upkeep\n|turn|23\n|\n|t:|1700065701\n|move|p1a: Drapion|Knock Off|p2a: Corviknight\n|-crit|p2a: Corviknight\n|-damage|p2a: Corviknight|0 fnt\n|faint|p2a: Corviknight\n|\n|upkeep\n|\n|t:|1700065706\n|switch|p2a: Sudowoodo|Sudowoodo, M, shiny|1\/100\n|turn|24\n|-enditem|p2a: Sudowoodo|Custap Berry|[eat]\n|-activate|p2a: Sudowoodo|item: Custap Berry|[consumed]\n|\n|t:|1700065709\n|move|p2a: Sudowoodo|Explosion|p1a: Drapion\n|-damage|p1a: Drapion|0 fnt\n|faint|p2a: Sudowoodo\n|faint|p1a: Drapion\n|\n|upkeep\n|\n|t:|1700065719\n|switch|p1a: Gardevoir|Gardevoir, F|100\/100\n|switch|p2a: Ogerpon|Ogerpon, F|60\/100\n|-damage|p1a: Gardevoir|88\/100|[from] Stealth Rock\n|turn|25\n|\n|t:|1700065725\n|detailschange|p1a: Gardevoir|Gardevoir-Mega, F\n|-mega|p1a: Gardevoir|Gardevoir|Gardevoirite\n|-zpower|p2a: Ogerpon\n|move|p2a: Ogerpon|Bloom Doom|p1a: Gardevoir|[zeffect]\n|-damage|p1a: Gardevoir|0 fnt\n|faint|p1a: Gardevoir\n|\n|upkeep\n|\n|t:|1700065728\n|switch|p1a: Great Tusk|Great Tusk|100\/100\n|-damage|p1a: Great Tusk|98\/100|[from] Stealth Rock\n|-enditem|p1a: Great Tusk|Booster Energy\n|-activate|p1a: Great Tusk|ability: Protosynthesis|[fromitem]\n|-start|p1a: Great Tusk|protosynthesisatk\n|turn|26\n|\n|t:|1700065738\n|move|p2a: Ogerpon|Ivy Cudgel|p1a: Great Tusk\n|-supereffective|p1a: Great Tusk\n|-damage|p1a: Great Tusk|26\/100\n|move|p1a: Great Tusk|Rapid Spin|p2a: Ogerpon\n|-damage|p2a: Ogerpon|29\/100\n|-boost|p1a: Great Tusk|spe|1\n|-sideend|p1: Klee_The_Elf|Stealth Rock|[from] move: Rapid Spin|[of] p1a: Great Tusk\n|\n|upkeep\n|turn|27\n|\n|t:|1700065747\n|move|p1a: Great Tusk|Knock Off|p2a: Ogerpon\n|-damage|p2a: Ogerpon|0 fnt\n|faint|p2a: Ogerpon\n|\n|upkeep\n|\n|t:|1700065751\n|switch|p2a: Pelipper|Pelipper, M|46\/100\n|-weather|RainDance|[from] ability: Drizzle|[of] p2a: Pelipper\n|turn|28\n|\n|t:|1700065756\n|move|p1a: Great Tusk|Knock Off|p2a: Pelipper\n|-damage|p2a: Pelipper|8\/100\n|-enditem|p2a: Pelipper|Heavy-Duty Boots|[from] move: Knock Off|[of] p1a: Great Tusk\n|move|p2a: Pelipper|Weather Ball|p1a: Great Tusk\n|-supereffective|p1a: Great Tusk\n|-damage|p1a: Great Tusk|0 fnt\n|faint|p1a: Great Tusk\n|-end|p1a: Great Tusk|Protosynthesis|[silent]\n|\n|win|zaizaipo\n|raw|Klee_The_Elf's rating: 1130 &rarr; <strong>1111<\/strong><br \/>(-19 for losing)\n|raw|zaizaipo's rating: 1219 &rarr; <strong>1238<\/strong><br \/>(+19 for winning)\n|l|\u2606Klee_The_Elf\n","uploadtime":1700065767,"views":4,"p1id":"kleetheelf","p2id":"zaizaipo","formatid":"gen9nationaldex","rating":1111,"private":0,"password":""}