{"id":"gen9nationaldex-1992175548","p1":"elvisma","p2":"xiaoxianhaoshuaiya","format":"[Gen 9] National Dex","log":"|j|\u2606elvisma\n|j|\u2606xiaoxianhaoshuaiya\n|t:|1700161261\n|gametype|singles\n|player|p1|elvisma|red-masters|1766\n|player|p2|xiaoxianhaoshuaiya|phoebe-gen6|1668\n|teamsize|p1|6\n|teamsize|p2|6\n|gen|9\n|tier|[Gen 9] National Dex\n|rated|\n|rule|HP Percentage Mod: HP is shown in percentages\n|rule|Endless Battle Clause: Forcing endless battles is banned\n|rule|OHKO Clause: OHKO moves are banned\n|rule|Evasion Clause: Evasion abilities, items, and moves are banned\n|rule|Evasion Abilities Clause: Evasion abilities are banned\n|rule|Evasion Items Clause: Evasion items are banned\n|rule|Evasion Moves Clause: Evasion moves are banned\n|rule|Species Clause: Limit one of each Pok\u00e9mon\n|rule|Sleep Clause Mod: Limit one foe put to sleep\n|clearpoke\n|poke|p1|Azelf|\n|poke|p1|Charizard, F|\n|poke|p1|Ribombee, F|\n|poke|p1|Great Tusk|\n|poke|p1|Ogerpon-Wellspring, F|\n|poke|p1|Victini|\n|poke|p2|Banette, M|\n|poke|p2|Tapu Lele|\n|poke|p2|Sneasler, M|\n|poke|p2|Heatran, F|\n|poke|p2|Zapdos|\n|poke|p2|Kyurem|\n|teampreview\n|inactive|Battle timer is ON: inactive players will automatically lose when time's up. (requested by xiaoxianhaoshuaiya)\n|\n|t:|1700161275\n|start\n|switch|p1a: ZA BEE|Ribombee, F|100\/100\n|switch|p2a: Heatran|Heatran, F|100\/100\n|turn|1\n|\n|t:|1700161279\n|move|p1a: ZA BEE|Sticky Web|p2a: Heatran\n|-sidestart|p2: xiaoxianhaoshuaiya|move: Sticky Web\n|move|p2a: Heatran|Magma Storm|p1a: ZA BEE\n|-supereffective|p1a: ZA BEE\n|-enditem|p1a: ZA BEE|Focus Sash\n|-damage|p1a: ZA BEE|1\/100\n|-activate|p1a: ZA BEE|move: Magma Storm|[of] p2a: Heatran\n|\n|-damage|p1a: ZA BEE|0 fnt|[from] move: Magma Storm|[partiallytrapped]\n|faint|p1a: ZA BEE\n|upkeep\n|\n|t:|1700161283\n|switch|p1a: ampheros|Charizard, F|100\/100\n|turn|2\n|\n|t:|1700161287\n|move|p1a: ampheros|Dragon Dance|p1a: ampheros\n|-boost|p1a: ampheros|atk|1\n|-boost|p1a: ampheros|spe|1\n|move|p2a: Heatran|Toxic|p1a: ampheros\n|-status|p1a: ampheros|tox\n|\n|-damage|p1a: ampheros|94\/100 tox|[from] psn\n|upkeep\n|turn|3\n|\n|t:|1700161294\n|switch|p2a: Zapdos|Zapdos, shiny|100\/100\n|detailschange|p1a: ampheros|Charizard-Mega-X, F\n|-mega|p1a: ampheros|Charizard|Charizardite X\n|move|p1a: ampheros|Dragon Claw|p2a: Zapdos\n|-damage|p2a: Zapdos|45\/100\n|\n|-damage|p1a: ampheros|82\/100 tox|[from] psn\n|upkeep\n|turn|4\n|j| Tguutt\n|\n|t:|1700161305\n|switch|p2a: Heatran|Heatran, F|100\/100\n|-activate|p2a: Heatran|move: Sticky Web\n|-unboost|p2a: Heatran|spe|1\n|move|p1a: ampheros|Dragon Dance|p1a: ampheros\n|-boost|p1a: ampheros|atk|1\n|-boost|p1a: ampheros|spe|1\n|\n|-damage|p1a: ampheros|64\/100 tox|[from] psn\n|upkeep\n|turn|5\n|\n|t:|1700161315\n|-terastallize|p2a: Heatran|Grass\n|move|p1a: ampheros|Earthquake|p2a: Heatran\n|-resisted|p2a: Heatran\n|-damage|p2a: Heatran|74\/100\n|move|p2a: Heatran|Earth Power|p1a: ampheros\n|-supereffective|p1a: ampheros\n|-damage|p1a: ampheros|0 fnt\n|faint|p1a: ampheros\n|\n|-heal|p2a: Heatran|80\/100|[from] item: Leftovers\n|upkeep\n|\n|t:|1700161320\n|switch|p1a: V create spam|Victini|100\/100\n|turn|6\n|\n|t:|1700161325\n|move|p2a: Heatran|Protect|p2a: Heatran\n|-singleturn|p2a: Heatran|Protect\n|-zpower|p1a: V create spam\n|move|p1a: V create spam|Z-Celebrate|p1a: V create spam|[anim]Celebrate\n|-boost|p1a: V create spam|atk|1|[zeffect]\n|-boost|p1a: V create spam|def|1|[zeffect]\n|-boost|p1a: V create spam|spa|1|[zeffect]\n|-boost|p1a: V create spam|spd|1|[zeffect]\n|-boost|p1a: V create spam|spe|1|[zeffect]\n|-activate|p1a: V create spam|move: Celebrate\n|\n|-heal|p2a: Heatran|86\/100|[from] item: Leftovers\n|upkeep\n|turn|7\n|\n|t:|1700161328\n|move|p1a: V create spam|Stored Power|p2a: Heatran\n|-damage|p2a: Heatran|39\/100\n|move|p2a: Heatran|Toxic|p1a: V create spam\n|-status|p1a: V create spam|tox\n|\n|-heal|p2a: Heatran|46\/100|[from] item: Leftovers\n|-damage|p1a: V create spam|94\/100 tox|[from] psn\n|upkeep\n|turn|8\n|\n|t:|1700161332\n|move|p2a: Heatran|Protect|p2a: Heatran\n|-singleturn|p2a: Heatran|Protect\n|move|p1a: V create spam|Stored Power|p2a: Heatran\n|-activate|p2a: Heatran|move: Protect\n|\n|-heal|p2a: Heatran|52\/100|[from] item: Leftovers\n|-damage|p1a: V create spam|82\/100 tox|[from] psn\n|upkeep\n|turn|9\n|\n|t:|1700161336\n|move|p1a: V create spam|Stored Power|p2a: Heatran\n|-damage|p2a: Heatran|2\/100\n|move|p2a: Heatran|Earth Power|p1a: V create spam\n|-supereffective|p1a: V create spam\n|-damage|p1a: V create spam|50\/100 tox\n|\n|-heal|p2a: Heatran|8\/100|[from] item: Leftovers\n|-damage|p1a: V create spam|31\/100 tox|[from] psn\n|upkeep\n|turn|10\n|\n|t:|1700161340\n|move|p2a: Heatran|Protect|p2a: Heatran\n|-singleturn|p2a: Heatran|Protect\n|move|p1a: V create spam|Stored Power|p2a: Heatran\n|-activate|p2a: Heatran|move: Protect\n|\n|-heal|p2a: Heatran|14\/100|[from] item: Leftovers\n|-damage|p1a: V create spam|7\/100 tox|[from] psn\n|upkeep\n|turn|11\n|\n|t:|1700161344\n|move|p1a: V create spam|Stored Power|p2a: Heatran\n|-damage|p2a: Heatran|0 fnt\n|faint|p2a: Heatran\n|\n|-damage|p1a: V create spam|0 fnt|[from] psn\n|faint|p1a: V create spam\n|upkeep\n|\n|t:|1700161349\n|switch|p1a: TUSK SWEEP|Great Tusk|100\/100\n|switch|p2a: Zapdos|Zapdos, shiny|45\/100\n|-enditem|p1a: TUSK SWEEP|Booster Energy\n|-activate|p1a: TUSK SWEEP|ability: Protosynthesis|[fromitem]\n|-start|p1a: TUSK SWEEP|protosynthesisatk\n|turn|12\n|\n|t:|1700161352\n|move|p1a: TUSK SWEEP|Ice Spinner|p2a: Zapdos\n|-supereffective|p2a: Zapdos\n|-damage|p2a: Zapdos|0 fnt\n|-status|p1a: TUSK SWEEP|par|[from] ability: Static|[of] p2a: Zapdos\n|faint|p2a: Zapdos\n|\n|upkeep\n|\n|t:|1700161361\n|switch|p2a: Kyurem|Kyurem|100\/100\n|-activate|p2a: Kyurem|move: Sticky Web\n|-unboost|p2a: Kyurem|spe|1\n|-ability|p2a: Kyurem|Pressure\n|turn|13\n|\n|t:|1700161365\n|move|p2a: Kyurem|Freeze-Dry|p1a: TUSK SWEEP\n|-supereffective|p1a: TUSK SWEEP\n|-damage|p1a: TUSK SWEEP|0 fnt\n|faint|p1a: TUSK SWEEP\n|-end|p1a: TUSK SWEEP|Protosynthesis|[silent]\n|\n|upkeep\n|\n|t:|1700161368\n|switch|p1a: touchgrassdrinkH2O|Ogerpon-Wellspring, F|100\/100\n|turn|14\n|\n|t:|1700161381\n|-terastallize|p1a: touchgrassdrinkH2O|Water\n|detailschange|p1a: touchgrassdrinkH2O|Ogerpon-Wellspring-Tera, F, tera:Water\n|-ability|p1a: touchgrassdrinkH2O|Embody Aspect (Wellspring)|boost\n|-boost|p1a: touchgrassdrinkH2O|spd|1\n|move|p1a: touchgrassdrinkH2O|Swords Dance|p1a: touchgrassdrinkH2O\n|-boost|p1a: touchgrassdrinkH2O|atk|2\n|move|p2a: Kyurem|Freeze-Dry|p1a: touchgrassdrinkH2O\n|-supereffective|p1a: touchgrassdrinkH2O\n|-damage|p1a: touchgrassdrinkH2O|39\/100\n|\n|upkeep\n|turn|15\n|\n|t:|1700161387\n|move|p1a: touchgrassdrinkH2O|Play Rough|p2a: Kyurem\n|-supereffective|p2a: Kyurem\n|-damage|p2a: Kyurem|0 fnt\n|faint|p2a: Kyurem\n|\n|upkeep\n|\n|t:|1700161394\n|switch|p2a: Tapu Lele|Tapu Lele|100\/100\n|-activate|p2a: Tapu Lele|move: Sticky Web\n|-unboost|p2a: Tapu Lele|spe|1\n|-fieldstart|move: Psychic Terrain|[from] ability: Psychic Surge|[of] p2a: Tapu Lele\n|turn|16\n|\n|t:|1700161399\n|move|p1a: touchgrassdrinkH2O|Horn Leech|p2a: Tapu Lele\n|-damage|p2a: Tapu Lele|0 fnt\n|-heal|p1a: touchgrassdrinkH2O|86\/100|[from] drain|[of] p2a: Tapu Lele\n|faint|p2a: Tapu Lele\n|\n|upkeep\n|\n|t:|1700161405\n|switch|p2a: Banette|Banette, M|100\/100\n|-activate|p2a: Banette|move: Sticky Web\n|-unboost|p2a: Banette|spe|1\n|turn|17\n|\n|t:|1700161423\n|detailschange|p2a: Banette|Banette-Mega, M\n|-mega|p2a: Banette|Banette|Banettite\n|move|p2a: Banette|Destiny Bond|p2a: Banette\n|-singlemove|p2a: Banette|Destiny Bond\n|move|p1a: touchgrassdrinkH2O|Ivy Cudgel|p2a: Banette|[anim] Ivy Cudgel Water\n|-damage|p2a: Banette|0 fnt\n|faint|p2a: Banette\n|-activate|p2a: Banette|move: Destiny Bond\n|faint|p1a: touchgrassdrinkH2O\n|\n|upkeep\n|\n|t:|1700161427\n|switch|p1a: pls dont u-turn|Azelf|100\/100\n|switch|p2a: Sneasler|Sneasler, M|100\/100\n|-activate|p2a: Sneasler|move: Sticky Web\n|-unboost|p2a: Sneasler|spe|1\n|-enditem|p2a: Sneasler|Psychic Seed\n|-boost|p2a: Sneasler|spd|1|[from] item: Psychic Seed\n|turn|18\n|c|\u2606elvisma|i swear to god\n|c|\u2606elvisma|if i miss\n|\n|t:|1700161436\n|move|p2a: Sneasler|Dire Claw|p1a: pls dont u-turn\n|-damage|p1a: pls dont u-turn|38\/100\n|move|p1a: pls dont u-turn|Mystical Power|p2a: Sneasler\n|-supereffective|p2a: Sneasler\n|-damage|p2a: Sneasler|0 fnt\n|-boost|p1a: pls dont u-turn|spa|1\n|faint|p2a: Sneasler\n|\n|win|elvisma\n|raw|elvisma's rating: 1766 &rarr; <strong>1781<\/strong><br \/>(+15 for winning)\n|raw|xiaoxianhaoshuaiya's rating: 1668 &rarr; <strong>1653<\/strong><br \/>(-15 for losing)\n|c|\u2606elvisma|gg\n|l|\u2606xiaoxianhaoshuaiya\n","uploadtime":1700161440,"views":15,"p1id":"elvisma","p2id":"xiaoxianhaoshuaiya","formatid":"gen9nationaldex","rating":1653,"private":0,"password":""}