{"id":"gen9nationaldex-1987044903","p1":"amirgami","p2":"6DFirapaka","format":"[Gen 9] National Dex","log":"|j|\u2606amirgami\n|j|\u26066DFirapaka\n|t:|1699551577\n|gametype|singles\n|player|p1|amirgami|170|1337\n|player|p2|6DFirapaka|scientist-gen4dp|1462\n|teamsize|p1|6\n|teamsize|p2|6\n|gen|9\n|tier|[Gen 9] National Dex\n|rated|\n|rule|HP Percentage Mod: HP is shown in percentages\n|rule|Endless Battle Clause: Forcing endless battles is banned\n|rule|OHKO Clause: OHKO moves are banned\n|rule|Evasion Clause: Evasion abilities, items, and moves are banned\n|rule|Evasion Abilities Clause: Evasion abilities are banned\n|rule|Evasion Items Clause: Evasion items are banned\n|rule|Evasion Moves Clause: Evasion moves are banned\n|rule|Species Clause: Limit one of each Pok\u00e9mon\n|rule|Sleep Clause Mod: Limit one foe put to sleep\n|clearpoke\n|poke|p1|Charizard, M|\n|poke|p1|Baxcalibur, F|\n|poke|p1|Kleavor, F|\n|poke|p1|Corviknight, M|\n|poke|p1|Serperior, M|\n|poke|p1|Ursaluna-Bloodmoon, M|\n|poke|p2|Clodsire, F|\n|poke|p2|Grimmsnarl, M|\n|poke|p2|Beedrill, M|\n|poke|p2|Jirachi|\n|poke|p2|Mimikyu, F|\n|poke|p2|Glimmora, M|\n|teampreview\n|j| SyriuszGrem\n|inactive|Battle timer is ON: inactive players will automatically lose when time's up. (requested by 6DFirapaka)\n|\n|t:|1699551599\n|start\n|switch|p1a: Baxcalibur|Baxcalibur, F|100\/100\n|switch|p2a: Grimmsnarl|Grimmsnarl, M, shiny|100\/100\n|turn|1\n|\n|t:|1699551606\n|move|p2a: Grimmsnarl|Thunder Wave|p1a: Baxcalibur\n|-status|p1a: Baxcalibur|par\n|cant|p1a: Baxcalibur|par\n|\n|upkeep\n|turn|2\n|\n|t:|1699551610\n|move|p2a: Grimmsnarl|Taunt|p1a: Baxcalibur\n|-start|p1a: Baxcalibur|move: Taunt\n|cant|p1a: Baxcalibur|move: Taunt|Dragon Dance\n|\n|upkeep\n|turn|3\n|\n|t:|1699551614\n|move|p2a: Grimmsnarl|Parting Shot|p1a: Baxcalibur\n|-unboost|p1a: Baxcalibur|atk|1\n|-unboost|p1a: Baxcalibur|spa|1\n|\n|t:|1699551617\n|switch|p2a: Glimmora|Glimmora, M|100\/100|[from] Parting Shot\n|move|p1a: Baxcalibur|Icicle Spear|p2a: Glimmora\n|-damage|p2a: Glimmora|89\/100\n|-activate|p2a: Glimmora|ability: Toxic Debris\n|-sidestart|p1: amirgami|move: Toxic Spikes\n|-damage|p2a: Glimmora|78\/100\n|-activate|p2a: Glimmora|ability: Toxic Debris\n|-sidestart|p1: amirgami|move: Toxic Spikes\n|-damage|p2a: Glimmora|67\/100\n|-damage|p2a: Glimmora|56\/100\n|-damage|p2a: Glimmora|46\/100\n|-hitcount|p2a: Glimmora|5\n|\n|upkeep\n|turn|4\n|\n|t:|1699551623\n|move|p2a: Glimmora|Reflect|p2a: Glimmora\n|-sidestart|p2: 6DFirapaka|Reflect\n|move|p1a: Baxcalibur|Earthquake|p2a: Glimmora\n|-supereffective|p2a: Glimmora\n|-damage|p2a: Glimmora|0 fnt\n|faint|p2a: Glimmora\n|\n|-end|p1a: Baxcalibur|move: Taunt\n|upkeep\n|c|\u2606amirgami|u gay?\n|\n|t:|1699551636\n|switch|p2a: I am FLINCH|Jirachi|100\/100\n|turn|5\n|c|\u26066DFirapaka|r u?\n|\n|t:|1699551643\n|move|p2a: I am FLINCH|Ancient Power|p1a: Baxcalibur\n|-supereffective|p1a: Baxcalibur\n|-damage|p1a: Baxcalibur|70\/100 par\n|move|p1a: Baxcalibur|Earthquake|p2a: I am FLINCH\n|-supereffective|p2a: I am FLINCH\n|-damage|p2a: I am FLINCH|75\/100\n|-enditem|p2a: I am FLINCH|Weakness Policy\n|-boost|p2a: I am FLINCH|atk|2|[from] item: Weakness Policy\n|-boost|p2a: I am FLINCH|spa|2|[from] item: Weakness Policy\n|\n|upkeep\n|turn|6\n|c|\u2606amirgami|no\n|c|\u26066DFirapaka|ok\n|\n|t:|1699551656\n|move|p2a: I am FLINCH|Ancient Power|p1a: Baxcalibur\n|-supereffective|p1a: Baxcalibur\n|-damage|p1a: Baxcalibur|9\/100 par\n|cant|p1a: Baxcalibur|par\n|\n|upkeep\n|turn|7\n|\n|t:|1699551664\n|move|p2a: I am FLINCH|Ancient Power|p1a: Baxcalibur\n|-supereffective|p1a: Baxcalibur\n|-damage|p1a: Baxcalibur|0 fnt\n|faint|p1a: Baxcalibur\n|\n|upkeep\n|c|\u2606amirgami|u play like a slut\n|c|\u26066DFirapaka|ok\n|\n|t:|1699551691\n|switch|p1a: Charizard|Charizard, M|100\/100\n|turn|8\n|inactive|amirgami has 120 seconds left.\n|\n|t:|1699551712\n|detailschange|p1a: Charizard|Charizard-Mega-Y, M\n|-mega|p1a: Charizard|Charizard|Charizardite Y\n|-weather|SunnyDay|[from] ability: Drought|[of] p1a: Charizard\n|-terastallize|p2a: I am FLINCH|Dragon\n|move|p1a: Charizard|Weather Ball|p2a: I am FLINCH\n|-resisted|p2a: I am FLINCH\n|-damage|p2a: I am FLINCH|33\/100\n|move|p2a: I am FLINCH|Ancient Power|p1a: Charizard\n|-supereffective|p1a: Charizard\n|-damage|p1a: Charizard|0 fnt\n|faint|p1a: Charizard\n|\n|-weather|SunnyDay|[upkeep]\n|upkeep\n|\n|t:|1699551720\n|switch|p1a: Corviknight|Corviknight, M|100\/100\n|turn|9\n|\n|t:|1699551726\n|move|p2a: I am FLINCH|Thunder Punch|p1a: Corviknight\n|-supereffective|p1a: Corviknight\n|-damage|p1a: Corviknight|19\/100\n|move|p1a: Corviknight|Defog|p2a: I am FLINCH\n|-unboost|p2a: I am FLINCH|evasion|1\n|-sideend|p2: 6DFirapaka|Reflect\n|-sideend|p1: amirgami|Toxic Spikes|[from] move: Defog|[of] p1a: Corviknight\n|\n|-weather|SunnyDay|[upkeep]\n|-heal|p1a: Corviknight|25\/100|[from] item: Leftovers\n|upkeep\n|turn|10\n|\n|t:|1699551731\n|switch|p1a: Ursaluna|Ursaluna-Bloodmoon, M|100\/100\n|move|p2a: I am FLINCH|Drain Punch|p1a: Ursaluna\n|-supereffective|p1a: Ursaluna\n|-damage|p1a: Ursaluna|29\/100\n|-heal|p2a: I am FLINCH|66\/100|[from] drain|[of] p1a: Ursaluna\n|\n|-weather|SunnyDay|[upkeep]\n|upkeep\n|turn|11\n|c|\u2606amirgami|wth\n|\n|t:|1699551740\n|move|p2a: I am FLINCH|Drain Punch|p1a: Ursaluna\n|-supereffective|p1a: Ursaluna\n|-damage|p1a: Ursaluna|0 fnt\n|-heal|p2a: I am FLINCH|80\/100|[from] drain|[of] p1a: Ursaluna\n|faint|p1a: Ursaluna\n|\n|-weather|SunnyDay|[upkeep]\n|upkeep\n|\n|t:|1699551750\n|switch|p1a: Kleavor|Kleavor, F|100\/100\n|turn|12\n|\n|t:|1699551757\n|move|p1a: Kleavor|Stone Axe|p2a: I am FLINCH\n|-crit|p2a: I am FLINCH\n|-damage|p2a: I am FLINCH|0 fnt\n|-sidestart|p2: 6DFirapaka|move: Stealth Rock\n|faint|p2a: I am FLINCH\n|\n|-weather|none\n|upkeep\n|\n|t:|1699551762\n|switch|p2a: Grimmsnarl|Grimmsnarl, M, shiny|100\/100\n|-damage|p2a: Grimmsnarl|88\/100|[from] Stealth Rock\n|turn|13\n|c|\u26066DFirapaka|ngl i've probably lost this anyways but let's see ig\n|inactive|amirgami has 120 seconds left.\n|inactive|amirgami has 90 seconds left.\n|inactive|amirgami has 60 seconds left.\n|c|\u26066DFirapaka|unless ur using a dmg calculator it shouldn't be taking this long\n|inactive|amirgami has 30 seconds left.\n|c|\u26066DFirapaka|I plan on playing the game so stalling me out isn't gonna happen\n|inactive|amirgami has 20 seconds left.\n|inactive|amirgami has 15 seconds left.\n|inactive|amirgami has 10 seconds left.\n|inactive|amirgami has 5 seconds left.\n|c|\u26066DFirapaka|5\n|c|\u26066DFirapaka|4\n|c|\u26066DFirapaka|3\n|c|\u26066DFirapaka|2\n|c|\u26066DFirapaka|1\n|-message|amirgami lost due to inactivity.\n|\n|win|6DFirapaka\n|raw|amirgami's rating: 1337 &rarr; <strong>1324<\/strong><br \/>(-13 for losing)\n|raw|6DFirapaka's rating: 1462 &rarr; <strong>1475<\/strong><br \/>(+13 for winning)\n|c|\u26066DFirapaka|damn\n|l| SyriuszGrem\n","uploadtime":1699551995,"views":11,"p1id":"amirgami","p2id":"6dfirapaka","formatid":"gen9nationaldex","rating":1324,"private":0,"password":""}