{"id":"gen9nationaldex-1991831216","p1":"bosskingeee","p2":"hxdaa","format":"[Gen 9] National Dex","log":"|j|\u2606bosskingeee\n|j|\u2606hxdaa\n|t:|1700125043\n|gametype|singles\n|player|p1|bosskingeee|1|1373\n|player|p2|hxdaa|bugcatcher-gen4dp|1313\n|teamsize|p1|6\n|teamsize|p2|6\n|gen|9\n|tier|[Gen 9] National Dex\n|rated|\n|rule|HP Percentage Mod: HP is shown in percentages\n|rule|Endless Battle Clause: Forcing endless battles is banned\n|rule|OHKO Clause: OHKO moves are banned\n|rule|Evasion Clause: Evasion abilities, items, and moves are banned\n|rule|Evasion Abilities Clause: Evasion abilities are banned\n|rule|Evasion Items Clause: Evasion items are banned\n|rule|Evasion Moves Clause: Evasion moves are banned\n|rule|Species Clause: Limit one of each Pok\u00e9mon\n|rule|Sleep Clause Mod: Limit one foe put to sleep\n|clearpoke\n|poke|p1|Tapu Lele|\n|poke|p1|Zamazenta-*|\n|poke|p1|Aggron, M|\n|poke|p1|Heatran, M|\n|poke|p1|Garganacl, M|\n|poke|p1|Latias, F|\n|poke|p2|Dragonite, F|\n|poke|p2|Rotom-Wash|\n|poke|p2|Gliscor, F|\n|poke|p2|Gyarados, M|\n|poke|p2|Ferrothorn, M|\n|poke|p2|Greninja-*, M|\n|teampreview\n|inactive|Battle timer is ON: inactive players will automatically lose when time's up. (requested by bosskingeee)\n|\n|t:|1700125065\n|start\n|switch|p1a: Tapu Lele|Tapu Lele|100\/100\n|switch|p2a: Greninja|Greninja, M|100\/100\n|-fieldstart|move: Psychic Terrain|[from] ability: Psychic Surge|[of] p1a: Tapu Lele\n|turn|1\n|\n|t:|1700125090\n|-zpower|p2a: Greninja\n|move|p2a: Greninja|Hydro Vortex|p1a: Tapu Lele|[zeffect]\n|-damage|p1a: Tapu Lele|24\/100\n|move|p1a: Tapu Lele|Moonblast|p2a: Greninja\n|-supereffective|p2a: Greninja\n|-damage|p2a: Greninja|0 fnt\n|faint|p2a: Greninja\n|\n|upkeep\n|\n|t:|1700125101\n|switch|p2a: Gyarados|Gyarados, M|100\/100\n|-ability|p2a: Gyarados|Intimidate|boost\n|-unboost|p1a: Tapu Lele|atk|1\n|turn|2\n|\n|t:|1700125106\n|move|p2a: Gyarados|Dragon Dance|p2a: Gyarados\n|-boost|p2a: Gyarados|atk|1\n|-boost|p2a: Gyarados|spe|1\n|-zpower|p1a: Tapu Lele\n|move|p1a: Tapu Lele|Shattered Psyche|p2a: Gyarados|[zeffect]\n|-damage|p2a: Gyarados|0 fnt\n|faint|p2a: Gyarados\n|\n|upkeep\n|\n|t:|1700125115\n|switch|p2a: Dragonite|Dragonite, F|100\/100\n|turn|3\n|\n|t:|1700125121\n|-terastallize|p2a: Dragonite|Normal\n|move|p1a: Tapu Lele|Moonblast|p2a: Dragonite\n|-damage|p2a: Dragonite|75\/100\n|move|p2a: Dragonite|Dual Wingbeat|p1a: Tapu Lele\n|-damage|p1a: Tapu Lele|0 fnt\n|faint|p1a: Tapu Lele\n|-hitcount|p1: Tapu Lele|1\n|\n|-heal|p2a: Dragonite|81\/100|[from] item: Leftovers\n|upkeep\n|\n|t:|1700125133\n|switch|p1a: Zamazenta|Zamazenta|100\/100\n|-ability|p1a: Zamazenta|Dauntless Shield|boost\n|-boost|p1a: Zamazenta|def|1\n|turn|4\n|\n|t:|1700125143\n|-terastallize|p1a: Zamazenta|Fire\n|move|p1a: Zamazenta|Iron Defense|p1a: Zamazenta\n|-boost|p1a: Zamazenta|def|2\n|move|p2a: Dragonite|Dual Wingbeat|p1a: Zamazenta\n|-damage|p1a: Zamazenta|94\/100\n|-damage|p1a: Zamazenta|88\/100\n|-hitcount|p1a: Zamazenta|2\n|\n|-heal|p1a: Zamazenta|94\/100|[from] item: Leftovers\n|-heal|p2a: Dragonite|87\/100|[from] item: Leftovers\n|upkeep\n|turn|5\n|\n|t:|1700125156\n|switch|p2a: Rotom|Rotom-Wash|100\/100\n|move|p1a: Zamazenta|Substitute|p1a: Zamazenta\n|-start|p1a: Zamazenta|Substitute\n|-damage|p1a: Zamazenta|69\/100\n|\n|-heal|p1a: Zamazenta|75\/100|[from] item: Leftovers\n|-fieldend|move: Psychic Terrain\n|upkeep\n|turn|6\n|\n|t:|1700125168\n|move|p2a: Rotom|Hydro Pump|p1a: Zamazenta|[miss]\n|-miss|p2a: Rotom|p1a: Zamazenta\n|move|p1a: Zamazenta|Body Press|p2a: Rotom\n|-damage|p2a: Rotom|0 fnt\n|faint|p2a: Rotom\n|\n|-heal|p1a: Zamazenta|82\/100|[from] item: Leftovers\n|upkeep\n|\n|t:|1700125178\n|switch|p2a: Gliscor|Gliscor, F|100\/100\n|turn|7\n|\n|t:|1700125182\n|move|p2a: Gliscor|Protect|p2a: Gliscor\n|-singleturn|p2a: Gliscor|Protect\n|move|p1a: Zamazenta|Body Press|p2a: Gliscor\n|-activate|p2a: Gliscor|move: Protect\n|\n|-heal|p1a: Zamazenta|88\/100|[from] item: Leftovers\n|-status|p2a: Gliscor|tox|[from] item: Toxic Orb\n|upkeep\n|turn|8\n|\n|t:|1700125195\n|move|p1a: Zamazenta|Iron Defense|p1a: Zamazenta\n|-boost|p1a: Zamazenta|def|2\n|move|p2a: Gliscor|Earthquake|p1a: Zamazenta\n|-supereffective|p1a: Zamazenta\n|-activate|p1a: Zamazenta|move: Substitute|[damage]\n|\n|-heal|p1a: Zamazenta|94\/100|[from] item: Leftovers\n|upkeep\n|turn|9\n|-message|hxdaa forfeited.\n|\n|win|bosskingeee\n|raw|bosskingeee's rating: 1373 &rarr; <strong>1390<\/strong><br \/>(+17 for winning)\n|raw|hxdaa's rating: 1313 &rarr; <strong>1296<\/strong><br \/>(-17 for losing)\n|l|\u2606hxdaa\n","uploadtime":1700125208,"views":10,"p1id":"bosskingeee","p2id":"hxdaa","formatid":"gen9nationaldex","rating":1296,"private":0,"password":""}