{"id":"gen9nationaldex-1997774995","p1":"zeonteo","p2":"psychedelicranger","format":"[Gen 9] National Dex","log":"|html|<div class=\"broadcast-blue\"><strong>[Gen 9] National Dex is currently suspecting Sneasler! For information on how to participate check out the <a href=\"https:\/\/www.smogon.com\/forums\/threads\/sv-national-dex-suspect-8-just-dance.3731534\/\">suspect thread<\/a>.<\/strong><\/div>\n|j|\u2606zeonteo\n|j|\u2606psychedelicranger\n|t:|1700851306\n|gametype|singles\n|player|p1|zeonteo|pokemonranger-gen4|1332\n|player|p2|psychedelicranger|dawn|1373\n|teamsize|p1|6\n|teamsize|p2|6\n|gen|9\n|tier|[Gen 9] National Dex\n|rated|\n|rule|HP Percentage Mod: HP is shown in percentages\n|rule|Endless Battle Clause: Forcing endless battles is banned\n|rule|OHKO Clause: OHKO moves are banned\n|rule|Evasion Clause: Evasion abilities, items, and moves are banned\n|rule|Evasion Abilities Clause: Evasion abilities are banned\n|rule|Evasion Items Clause: Evasion items are banned\n|rule|Evasion Moves Clause: Evasion moves are banned\n|rule|Species Clause: Limit one of each Pok\u00e9mon\n|rule|Sleep Clause Mod: Limit one foe put to sleep\n|clearpoke\n|poke|p1|Raichu-Alola, F|\n|poke|p1|Tapu Koko|\n|poke|p1|Iron Hands|\n|poke|p1|Iron Jugulis|\n|poke|p1|Iron Treads|\n|poke|p1|Iron Moth|\n|poke|p2|Okidogi, M|\n|poke|p2|Ogerpon-Wellspring, F|\n|poke|p2|Toxtricity, M|\n|poke|p2|Slither Wing|\n|poke|p2|Banette, F|\n|poke|p2|Gliscor, F|\n|teampreview\n|inactive|Battle timer is ON: inactive players will automatically lose when time's up. (requested by psychedelicranger)\n|inactive|zeonteo also wants the timer to be on.\n|\n|t:|1700851323\n|start\n|switch|p1a: TAPUKOKO|Tapu Koko|100\/100\n|switch|p2a: Slither Wing|Slither Wing|100\/100\n|-fieldstart|move: Electric Terrain|[from] ability: Electric Surge|[of] p1a: TAPUKOKO\n|turn|1\n|\n|t:|1700851334\n|move|p1a: TAPUKOKO|Volt Switch|p2a: Slither Wing\n|-damage|p2a: Slither Wing|43\/100\n|\n|t:|1700851353\n|switch|p1a: HEXAGON|Iron Moth, shiny|100\/100|[from] Volt Switch\n|-activate|p1a: HEXAGON|ability: Quark Drive\n|-start|p1a: HEXAGON|quarkdrivespe\n|move|p2a: Slither Wing|U-turn|p1a: HEXAGON\n|-resisted|p1a: HEXAGON\n|-damage|p1a: HEXAGON|78\/100\n|\n|t:|1700851363\n|-end|p2a: Slither Wing|Protosynthesis|[silent]\n|switch|p2a: Gliscor|Gliscor, F|100\/100|[from] U-turn\n|\n|-status|p2a: Gliscor|tox|[from] item: Toxic Orb\n|upkeep\n|turn|2\n|\n|t:|1700851377\n|-end|p1a: HEXAGON|Quark Drive|[silent]\n|switch|p1a: HYDRAGON|Iron Jugulis, shiny|100\/100\n|-activate|p1a: HYDRAGON|ability: Quark Drive\n|-start|p1a: HYDRAGON|quarkdrivespe\n|move|p2a: Gliscor|Knock Off|p1a: HYDRAGON\n|-resisted|p1a: HYDRAGON\n|-damage|p1a: HYDRAGON|92\/100\n|\n|upkeep\n|turn|3\n|\n|t:|1700851390\n|move|p1a: HYDRAGON|Dark Pulse|p2a: Gliscor\n|-damage|p2a: Gliscor|55\/100 tox\n|cant|p2a: Gliscor|flinch\n|\n|-heal|p2a: Gliscor|67\/100 tox|[from] ability: Poison Heal\n|upkeep\n|turn|4\n|\n|t:|1700851398\n|move|p1a: HYDRAGON|Dark Pulse|p2a: Gliscor\n|-damage|p2a: Gliscor|16\/100 tox\n|move|p2a: Gliscor|Toxic|p1a: HYDRAGON\n|-status|p1a: HYDRAGON|tox\n|\n|-damage|p1a: HYDRAGON|86\/100 tox|[from] psn\n|-heal|p2a: Gliscor|29\/100 tox|[from] ability: Poison Heal\n|upkeep\n|turn|5\n|\n|t:|1700851411\n|move|p2a: Gliscor|Protect|p2a: Gliscor\n|-singleturn|p2a: Gliscor|Protect\n|move|p1a: HYDRAGON|Dark Pulse|p2a: Gliscor\n|-activate|p2a: Gliscor|move: Protect\n|\n|-damage|p1a: HYDRAGON|74\/100 tox|[from] psn\n|-heal|p2a: Gliscor|41\/100 tox|[from] ability: Poison Heal\n|-fieldend|move: Electric Terrain\n|-end|p1a: HYDRAGON|Quark Drive\n|upkeep\n|-enditem|p1a: HYDRAGON|Booster Energy\n|-activate|p1a: HYDRAGON|ability: Quark Drive|[fromitem]\n|-start|p1a: HYDRAGON|quarkdrivespe\n|turn|6\n|\n|t:|1700851426\n|switch|p2a: Slither Wing|Slither Wing|43\/100\n|move|p1a: HYDRAGON|Dark Pulse|p2a: Slither Wing\n|-resisted|p2a: Slither Wing\n|-damage|p2a: Slither Wing|24\/100\n|\n|-damage|p1a: HYDRAGON|56\/100 tox|[from] psn\n|upkeep\n|turn|7\n|\n|t:|1700851437\n|move|p2a: Slither Wing|First Impression|p1a: HYDRAGON\n|-damage|p1a: HYDRAGON|0 fnt\n|faint|p1a: HYDRAGON\n|-end|p1a: HYDRAGON|Quark Drive|[silent]\n|\n|upkeep\n|\n|t:|1700851444\n|switch|p1a: TAPUKOKO|Tapu Koko|100\/100\n|-fieldstart|move: Electric Terrain|[from] ability: Electric Surge|[of] p1a: TAPUKOKO\n|turn|8\n|\n|t:|1700851449\n|-end|p2a: Slither Wing|Protosynthesis|[silent]\n|switch|p2a: Gliscor|Gliscor, F|41\/100 tox\n|move|p1a: TAPUKOKO|U-turn|p2a: Gliscor\n|-resisted|p2a: Gliscor\n|-damage|p2a: Gliscor|36\/100 tox\n|\n|t:|1700851455\n|switch|p1a: HEXAGON|Iron Moth, shiny|78\/100|[from] U-turn\n|-activate|p1a: HEXAGON|ability: Quark Drive\n|-start|p1a: HEXAGON|quarkdrivespe\n|\n|-heal|p2a: Gliscor|49\/100 tox|[from] ability: Poison Heal\n|upkeep\n|turn|9\n|\n|t:|1700851474\n|switch|p2a: Toxtricity|Toxtricity, M|100\/100\n|move|p1a: HEXAGON|Fiery Dance|p2a: Toxtricity\n|-crit|p2a: Toxtricity\n|-damage|p2a: Toxtricity|8\/100\n|-boost|p1a: HEXAGON|spa|1\n|\n|upkeep\n|turn|10\n|\n|t:|1700851482\n|move|p1a: HEXAGON|Fiery Dance|p2a: Toxtricity\n|-damage|p2a: Toxtricity|0 fnt\n|-boost|p1a: HEXAGON|spa|1\n|faint|p2a: Toxtricity\n|\n|upkeep\n|\n|t:|1700851486\n|switch|p2a: Banette|Banette, F|100\/100\n|turn|11\n|\n|t:|1700851490\n|detailschange|p2a: Banette|Banette-Mega, F\n|-mega|p2a: Banette|Banette|Banettite\n|move|p2a: Banette|Destiny Bond|p2a: Banette\n|-singlemove|p2a: Banette|Destiny Bond\n|move|p1a: HEXAGON|Fiery Dance|p2a: Banette\n|-damage|p2a: Banette|5\/100\n|-boost|p1a: HEXAGON|spa|1\n|\n|upkeep\n|turn|12\n|\n|t:|1700851511\n|move|p1a: HEXAGON|Fiery Dance|p2a: Banette\n|-damage|p2a: Banette|0 fnt\n|-boost|p1a: HEXAGON|spa|1\n|faint|p2a: Banette\n|-activate|p2a: Banette|move: Destiny Bond\n|faint|p1a: HEXAGON\n|-end|p1a: HEXAGON|Quark Drive|[silent]\n|\n|-fieldend|move: Electric Terrain\n|upkeep\n|\n|t:|1700851524\n|switch|p1a: TAPUKOKO|Tapu Koko|100\/100\n|switch|p2a: Slither Wing|Slither Wing|24\/100\n|-fieldstart|move: Electric Terrain|[from] ability: Electric Surge|[of] p1a: TAPUKOKO\n|turn|13\n|\n|t:|1700851532\n|move|p2a: Slither Wing|First Impression|p1a: TAPUKOKO\n|-resisted|p1a: TAPUKOKO\n|-damage|p1a: TAPUKOKO|49\/100\n|move|p1a: TAPUKOKO|Volt Switch|p2a: Slither Wing\n|-damage|p2a: Slither Wing|0 fnt\n|faint|p2a: Slither Wing\n|-end|p2a: Slither Wing|Protosynthesis|[silent]\n|\n|t:|1700851540\n|switch|p1a: GOROCHU|Raichu-Alola, F|100\/100|[from] Volt Switch\n|\n|upkeep\n|\n|t:|1700851548\n|switch|p2a: Gliscor|Gliscor, F|49\/100 tox\n|turn|14\n|\n|t:|1700851559\n|move|p1a: GOROCHU|Surf|p2a: Gliscor\n|-supereffective|p2a: Gliscor\n|-damage|p2a: Gliscor|0 fnt\n|faint|p2a: Gliscor\n|\n|upkeep\n|\n|t:|1700851562\n|switch|p2a: Ogerpon|Ogerpon-Wellspring, F|100\/100\n|turn|15\n|\n|t:|1700851574\n|move|p1a: GOROCHU|Rising Voltage|p2a: Ogerpon\n|-hint|Rising Voltage's BP doubled on grounded target.\n|-damage|p2a: Ogerpon|0 fnt\n|faint|p2a: Ogerpon\n|\n|upkeep\n|\n|t:|1700851577\n|switch|p2a: Okidogi|Okidogi, M|100\/100\n|turn|16\n|\n|t:|1700851585\n|-terastallize|p2a: Okidogi|Dark\n|move|p1a: GOROCHU|Psyshock|p2a: Okidogi\n|-immune|p2a: Okidogi\n|move|p2a: Okidogi|Knock Off|p1a: GOROCHU\n|-supereffective|p1a: GOROCHU\n|-damage|p1a: GOROCHU|0 fnt\n|-enditem|p1a: GOROCHU|Wise Glasses|[from] move: Knock Off|[of] p2a: Okidogi\n|faint|p1a: GOROCHU\n|\n|upkeep\n|\n|t:|1700851596\n|switch|p1a: IRONHAND|Iron Hands, shiny|100\/100\n|-activate|p1a: IRONHAND|ability: Quark Drive\n|-start|p1a: IRONHAND|quarkdriveatk\n|turn|17\n|\n|t:|1700851602\n|move|p2a: Okidogi|Bulk Up|p2a: Okidogi\n|-boost|p2a: Okidogi|atk|1\n|-boost|p2a: Okidogi|def|1\n|move|p1a: IRONHAND|Drain Punch|p2a: Okidogi\n|-supereffective|p2a: Okidogi\n|-damage|p2a: Okidogi|42\/100\n|\n|-heal|p2a: Okidogi|48\/100|[from] item: Leftovers\n|-fieldend|move: Electric Terrain\n|-end|p1a: IRONHAND|Quark Drive\n|upkeep\n|-enditem|p1a: IRONHAND|Booster Energy\n|-activate|p1a: IRONHAND|ability: Quark Drive|[fromitem]\n|-start|p1a: IRONHAND|quarkdriveatk\n|turn|18\n|\n|t:|1700851616\n|move|p2a: Okidogi|Drain Punch|p1a: IRONHAND\n|-damage|p1a: IRONHAND|59\/100\n|-heal|p2a: Okidogi|76\/100|[from] drain|[of] p1a: IRONHAND\n|-status|p1a: IRONHAND|tox|[from] ability: Toxic Chain|[of] p2a: Okidogi\n|move|p1a: IRONHAND|Bulldoze|p2a: Okidogi\n|-damage|p2a: Okidogi|60\/100\n|-unboost|p2a: Okidogi|spe|1\n|\n|-heal|p2a: Okidogi|67\/100|[from] item: Leftovers\n|-damage|p1a: IRONHAND|53\/100 tox|[from] psn\n|upkeep\n|turn|19\n|\n|t:|1700851629\n|move|p1a: IRONHAND|Drain Punch|p2a: Okidogi\n|-supereffective|p2a: Okidogi\n|-damage|p2a: Okidogi|1\/100\n|-heal|p1a: IRONHAND|77\/100 tox|[from] drain|[of] p2a: Okidogi\n|move|p2a: Okidogi|Drain Punch|p1a: IRONHAND\n|-damage|p1a: IRONHAND|39\/100 tox\n|-heal|p2a: Okidogi|27\/100|[from] drain|[of] p1a: IRONHAND\n|\n|-heal|p2a: Okidogi|33\/100|[from] item: Leftovers\n|-damage|p1a: IRONHAND|26\/100 tox|[from] psn\n|upkeep\n|turn|20\n|\n|t:|1700851642\n|move|p1a: IRONHAND|Drain Punch|p2a: Okidogi\n|-supereffective|p2a: Okidogi\n|-damage|p2a: Okidogi|0 fnt\n|-heal|p1a: IRONHAND|38\/100 tox|[from] drain|[of] p2a: Okidogi\n|faint|p2a: Okidogi\n|\n|win|zeonteo\n|raw|zeonteo's rating: 1332 &rarr; <strong>1354<\/strong><br \/>(+22 for winning)\n|raw|psychedelicranger's rating: 1373 &rarr; <strong>1351<\/strong><br \/>(-22 for losing)\n|l|\u2606psychedelicranger\n","uploadtime":1700851655,"views":8,"p1id":"zeonteo","p2id":"psychedelicranger","formatid":"gen9nationaldex","rating":1351,"private":0,"password":""}