{"id":"gen9nationaldex-1994267473","p1":"MMystery","p2":"zqtp","format":"[Gen 9] National Dex","log":"|j|\u2606MMystery\n|j|\u2606zqtp\n|t:|1700425238\n|gametype|singles\n|player|p1|MMystery|1|1229\n|player|p2|zqtp|leon|1301\n|teamsize|p1|6\n|teamsize|p2|6\n|gen|9\n|tier|[Gen 9] National Dex\n|rated|\n|rule|HP Percentage Mod: HP is shown in percentages\n|rule|Endless Battle Clause: Forcing endless battles is banned\n|rule|OHKO Clause: OHKO moves are banned\n|rule|Evasion Clause: Evasion abilities, items, and moves are banned\n|rule|Evasion Abilities Clause: Evasion abilities are banned\n|rule|Evasion Items Clause: Evasion items are banned\n|rule|Evasion Moves Clause: Evasion moves are banned\n|rule|Species Clause: Limit one of each Pok\u00e9mon\n|rule|Sleep Clause Mod: Limit one foe put to sleep\n|clearpoke\n|poke|p1|Yanmega, F|\n|poke|p1|Galvantula, F|\n|poke|p1|Samurott-Hisui, F|\n|poke|p1|Sableye, F|\n|poke|p1|Great Tusk|\n|poke|p1|Alomomola, M|\n|poke|p2|Landorus-Therian, M|\n|poke|p2|Pelipper, F|\n|poke|p2|Ferrothorn, F|\n|poke|p2|Swampert, M|\n|poke|p2|Tapu Koko|\n|poke|p2|Barraskewda, M|\n|teampreview\n|inactive|Battle timer is ON: inactive players will automatically lose when time's up. (requested by zqtp)\n|inactive|zqtp has 120 seconds left.\n|\n|t:|1700425268\n|start\n|switch|p1a: Galvantula|Galvantula, F|100\/100\n|switch|p2a: Tapu Koko|Tapu Koko|100\/100\n|-fieldstart|move: Electric Terrain|[from] ability: Electric Surge|[of] p2a: Tapu Koko\n|turn|1\n|\n|t:|1700425273\n|move|p2a: Tapu Koko|U-turn|p1a: Galvantula\n|-damage|p1a: Galvantula|71\/100\n|\n|t:|1700425276\n|switch|p2a: Pelipper|Pelipper, F|100\/100|[from] U-turn\n|-weather|RainDance|[from] ability: Drizzle|[of] p2a: Pelipper\n|move|p1a: Galvantula|Sticky Web|p2a: Pelipper\n|-sidestart|p2: zqtp|move: Sticky Web\n|\n|-weather|RainDance|[upkeep]\n|upkeep\n|turn|2\n|\n|t:|1700425281\n|-terastallize|p2a: Pelipper|Ground\n|move|p1a: Galvantula|Thunder|p2a: Pelipper\n|-immune|p2a: Pelipper\n|move|p2a: Pelipper|U-turn|p1a: Galvantula\n|-damage|p1a: Galvantula|55\/100\n|\n|t:|1700425286\n|switch|p2a: Landorus|Landorus-Therian, M|100\/100|[from] U-turn\n|-ability|p2a: Landorus|Intimidate|boost\n|-unboost|p1a: Galvantula|atk|1\n|\n|-weather|RainDance|[upkeep]\n|upkeep\n|turn|3\n|\n|t:|1700425294\n|move|p1a: Galvantula|Bug Buzz|p2a: Landorus\n|-resisted|p2a: Landorus\n|-damage|p2a: Landorus|74\/100\n|move|p2a: Landorus|Weather Ball|p1a: Galvantula\n|-damage|p1a: Galvantula|0 fnt\n|faint|p1a: Galvantula\n|\n|-weather|RainDance|[upkeep]\n|upkeep\n|\n|t:|1700425300\n|switch|p1a: Samurott|Samurott-Hisui, F|100\/100\n|turn|4\n|\n|t:|1700425305\n|switch|p2a: Ferrothorn|Ferrothorn, F|100\/100\n|-activate|p2a: Ferrothorn|move: Sticky Web\n|-unboost|p2a: Ferrothorn|spe|1\n|move|p1a: Samurott|Aqua Cutter|p2a: Ferrothorn\n|-resisted|p2a: Ferrothorn\n|-damage|p2a: Ferrothorn|74\/100\n|\n|-weather|RainDance|[upkeep]\n|-heal|p2a: Ferrothorn|81\/100|[from] item: Leftovers\n|upkeep\n|turn|5\n|\n|t:|1700425313\n|move|p1a: Samurott|Sacred Sword|p2a: Ferrothorn\n|-supereffective|p2a: Ferrothorn\n|-damage|p2a: Ferrothorn|20\/100\n|-damage|p1a: Samurott|88\/100|[from] ability: Iron Barbs|[of] p2a: Ferrothorn\n|move|p2a: Ferrothorn|Toxic|p1a: Samurott\n|-status|p1a: Samurott|tox\n|\n|-weather|RainDance|[upkeep]\n|-heal|p1a: Samurott|94\/100 tox|[from] item: Leftovers\n|-heal|p2a: Ferrothorn|26\/100|[from] item: Leftovers\n|-damage|p1a: Samurott|88\/100 tox|[from] psn\n|-fieldend|move: Electric Terrain\n|upkeep\n|turn|6\n|\n|t:|1700425319\n|switch|p2a: Pelipper|Pelipper, F, tera:Ground|100\/100\n|-activate|p2a: Pelipper|move: Sticky Web\n|-unboost|p2a: Pelipper|spe|1\n|move|p1a: Samurott|Ceaseless Edge|p2a: Pelipper\n|-damage|p2a: Pelipper|67\/100\n|-sidestart|p2: zqtp|Spikes\n|\n|-weather|RainDance|[upkeep]\n|-heal|p1a: Samurott|94\/100 tox|[from] item: Leftovers\n|-damage|p1a: Samurott|82\/100 tox|[from] psn\n|upkeep\n|turn|7\n|\n|t:|1700425324\n|switch|p2a: Ferrothorn|Ferrothorn, F|26\/100\n|-activate|p2a: Ferrothorn|move: Sticky Web\n|-unboost|p2a: Ferrothorn|spe|1\n|-damage|p2a: Ferrothorn|14\/100|[from] Spikes\n|move|p1a: Samurott|Ceaseless Edge|p2a: Ferrothorn\n|-damage|p2a: Ferrothorn|0 fnt\n|-damage|p1a: Samurott|69\/100 tox|[from] ability: Iron Barbs|[of] p2a: Ferrothorn\n|-sidestart|p2: zqtp|Spikes\n|faint|p2a: Ferrothorn\n|\n|-weather|RainDance|[upkeep]\n|-heal|p1a: Samurott|76\/100 tox|[from] item: Leftovers\n|-damage|p1a: Samurott|57\/100 tox|[from] psn\n|upkeep\n|\n|t:|1700425344\n|switch|p2a: Landorus|Landorus-Therian, M|74\/100\n|-ability|p2a: Landorus|Intimidate|boost\n|-unboost|p1a: Samurott|atk|1\n|turn|8\n|\n|t:|1700425353\n|move|p1a: Samurott|Ceaseless Edge|p2a: Landorus\n|-damage|p2a: Landorus|38\/100\n|-sidestart|p2: zqtp|Spikes\n|move|p2a: Landorus|Sandsear Storm|p1a: Samurott\n|-damage|p1a: Samurott|0 fnt\n|faint|p1a: Samurott\n|\n|-weather|none\n|upkeep\n|\n|t:|1700425366\n|switch|p1a: Yanmega|Yanmega, F|100\/100\n|turn|9\n|\n|t:|1700425374\n|switch|p2a: Pelipper|Pelipper, F, tera:Ground|67\/100\n|-activate|p2a: Pelipper|move: Sticky Web\n|-unboost|p2a: Pelipper|spe|1\n|-damage|p2a: Pelipper|42\/100|[from] Spikes\n|-weather|RainDance|[from] ability: Drizzle|[of] p2a: Pelipper\n|-terastallize|p1a: Yanmega|Bug\n|move|p1a: Yanmega|Bug Buzz|p2a: Pelipper\n|-damage|p2a: Pelipper|0 fnt\n|faint|p2a: Pelipper\n|\n|-weather|RainDance|[upkeep]\n|upkeep\n|\n|t:|1700425379\n|switch|p2a: Tapu Koko|Tapu Koko|100\/100\n|-activate|p2a: Tapu Koko|move: Sticky Web\n|-unboost|p2a: Tapu Koko|spe|1\n|-damage|p2a: Tapu Koko|76\/100|[from] Spikes\n|-fieldstart|move: Electric Terrain|[from] ability: Electric Surge|[of] p2a: Tapu Koko\n|turn|10\n|\n|t:|1700425390\n|move|p1a: Yanmega|Bug Buzz|p2a: Tapu Koko\n|-resisted|p2a: Tapu Koko\n|-damage|p2a: Tapu Koko|0 fnt\n|faint|p2a: Tapu Koko\n|\n|-weather|RainDance|[upkeep]\n|upkeep\n|\n|t:|1700425394\n|switch|p2a: Barraskewda|Barraskewda, M|100\/100\n|-activate|p2a: Barraskewda|move: Sticky Web\n|-unboost|p2a: Barraskewda|spe|1\n|-damage|p2a: Barraskewda|76\/100|[from] Spikes\n|turn|11\n|\n|t:|1700425405\n|switch|p1a: Alomomola|Alomomola, M|100\/100\n|move|p2a: Barraskewda|Liquidation|p1a: Alomomola\n|-resisted|p1a: Alomomola\n|-crit|p1a: Alomomola\n|-damage|p1a: Alomomola|59\/100\n|\n|-weather|RainDance|[upkeep]\n|-heal|p1a: Alomomola|65\/100|[from] item: Leftovers\n|upkeep\n|turn|12\n|\n|t:|1700425413\n|switch|p2a: Landorus|Landorus-Therian, M|38\/100\n|-ability|p2a: Landorus|Intimidate|boost\n|-unboost|p1a: Alomomola|atk|1\n|move|p1a: Alomomola|Toxic|p2a: Landorus\n|-status|p2a: Landorus|tox\n|\n|-weather|RainDance|[upkeep]\n|-heal|p1a: Alomomola|72\/100|[from] item: Leftovers\n|-damage|p2a: Landorus|32\/100 tox|[from] psn\n|upkeep\n|turn|13\n|\n|t:|1700425427\n|move|p2a: Landorus|Sandsear Storm|p1a: Alomomola\n|-crit|p1a: Alomomola\n|-damage|p1a: Alomomola|0 fnt\n|faint|p1a: Alomomola\n|\n|-weather|RainDance|[upkeep]\n|-damage|p2a: Landorus|21\/100 tox|[from] psn\n|upkeep\n|c|\u2606zqtp|crit didnt matter\n|inactive|MMystery has 120 seconds left.\n|\n|t:|1700425457\n|switch|p1a: Great Tusk|Great Tusk|100\/100\n|turn|14\n|\n|t:|1700425463\n|move|p1a: Great Tusk|Rapid Spin|p2a: Landorus\n|-damage|p2a: Landorus|0 fnt\n|-boost|p1a: Great Tusk|spe|1\n|faint|p2a: Landorus\n|\n|-weather|RainDance|[upkeep]\n|-fieldend|move: Electric Terrain\n|upkeep\n|\n|t:|1700425468\n|switch|p2a: Barraskewda|Barraskewda, M|76\/100\n|-activate|p2a: Barraskewda|move: Sticky Web\n|-unboost|p2a: Barraskewda|spe|1\n|-damage|p2a: Barraskewda|51\/100|[from] Spikes\n|turn|15\n|\n|t:|1700425479\n|move|p2a: Barraskewda|Liquidation|p1a: Great Tusk\n|-supereffective|p1a: Great Tusk\n|-damage|p1a: Great Tusk|0 fnt\n|faint|p1a: Great Tusk\n|-end|p1a: Great Tusk|Protosynthesis|[silent]\n|\n|-weather|RainDance|[upkeep]\n|upkeep\n|\n|t:|1700425481\n|switch|p1a: Sableye|Sableye, F|100\/100\n|turn|16\n|\n|t:|1700425484\n|detailschange|p1a: Sableye|Sableye-Mega, F\n|-mega|p1a: Sableye|Sableye|Sablenite\n|move|p2a: Barraskewda|Liquidation|p1a: Sableye\n|-damage|p1a: Sableye|15\/100\n|-unboost|p1a: Sableye|def|1\n|move|p1a: Sableye|Will-O-Wisp|p2a: Barraskewda\n|-status|p2a: Barraskewda|brn\n|\n|-weather|none\n|-damage|p2a: Barraskewda|45\/100 brn|[from] brn\n|upkeep\n|turn|17\n|\n|t:|1700425489\n|move|p2a: Barraskewda|Liquidation|p1a: Sableye\n|-damage|p1a: Sableye|0 fnt\n|faint|p1a: Sableye\n|\n|-damage|p2a: Barraskewda|39\/100 brn|[from] brn\n|upkeep\n|\n|t:|1700425492\n|switch|p1a: Yanmega|Yanmega, F, tera:Bug|100\/100\n|turn|18\n|\n|t:|1700425494\n|move|p1a: Yanmega|Bug Buzz|p2a: Barraskewda\n|-damage|p2a: Barraskewda|0 fnt\n|faint|p2a: Barraskewda\n|\n|upkeep\n|\n|t:|1700425497\n|switch|p2a: Swampert|Swampert, M|100\/100\n|-activate|p2a: Swampert|move: Sticky Web\n|-unboost|p2a: Swampert|spe|1\n|-damage|p2a: Swampert|76\/100|[from] Spikes\n|turn|19\n|\n|t:|1700425503\n|detailschange|p2a: Swampert|Swampert-Mega, M\n|-mega|p2a: Swampert|Swampert|Swampertite\n|move|p1a: Yanmega|Bug Buzz|p2a: Swampert\n|-damage|p2a: Swampert|0 fnt\n|faint|p2a: Swampert\n|\n|win|MMystery\n|raw|MMystery's rating: 1229 &rarr; <strong>1259<\/strong><br \/>(+30 for winning)\n|raw|zqtp's rating: 1301 &rarr; <strong>1277<\/strong><br \/>(-24 for losing)\n","uploadtime":1700425511,"views":5,"p1id":"mmystery","p2id":"zqtp","formatid":"gen9nationaldex","rating":1259,"private":0,"password":""}