{"id":"gen9nationaldex-1998556684","p1":"The ShaqtusLOL","p2":"daaymooon","format":"[Gen 9] National Dex","log":"|html|<div class=\"broadcast-blue\"><strong>[Gen 9] National Dex is currently suspecting Sneasler! For information on how to participate check out the <a href=\"https:\/\/www.smogon.com\/forums\/threads\/sv-national-dex-suspect-8-just-dance.3731534\/\">suspect thread<\/a>.<\/strong><\/div>\n|j|\u2606The ShaqtusLOL\n|j|\u2606daaymooon\n|t:|1700955966\n|gametype|singles\n|player|p1|The ShaqtusLOL|flint|\n|player|p2|daaymooon|riley|\n|teamsize|p1|6\n|teamsize|p2|6\n|gen|9\n|tier|[Gen 9] National Dex\n|rule|HP Percentage Mod: HP is shown in percentages\n|rule|Endless Battle Clause: Forcing endless battles is banned\n|rule|OHKO Clause: OHKO moves are banned\n|rule|Evasion Clause: Evasion abilities, items, and moves are banned\n|rule|Evasion Abilities Clause: Evasion abilities are banned\n|rule|Evasion Items Clause: Evasion items are banned\n|rule|Evasion Moves Clause: Evasion moves are banned\n|rule|Species Clause: Limit one of each Pok\u00e9mon\n|rule|Sleep Clause Mod: Limit one foe put to sleep\n|clearpoke\n|poke|p1|Gliscor, M|\n|poke|p1|Ogerpon, F|\n|poke|p1|Dondozo, M|\n|poke|p1|Necrozma|\n|poke|p1|Tapu Lele|\n|poke|p1|Okidogi, M|\n|poke|p2|Lopunny, F|\n|poke|p2|Vaporeon, M|\n|poke|p2|Clodsire, F|\n|poke|p2|Jirachi|\n|poke|p2|Grimmsnarl, M|\n|poke|p2|Ditto|\n|teampreview\n|j| HOTDOHG\n|c|\u2606The ShaqtusLOL|WOAH\n|c| HOTDOHG|r\n|\n|t:|1700955984\n|start\n|switch|p1a: Buster|Dondozo, M|100\/100\n|switch|p2a: Lopunny|Lopunny, F|100\/100\n|turn|1\n|\n|t:|1700955998\n|switch|p2a: Vaporeon|Vaporeon, M|100\/100\n|move|p1a: Buster|Liquidation|p2a: Vaporeon\n|-immune|p2a: Vaporeon|[from] ability: Water Absorb\n|\n|upkeep\n|turn|2\n|\n|t:|1700956010\n|switch|p1a: Smell Phone|Ogerpon, F|100\/100\n|move|p2a: Vaporeon|Calm Mind|p2a: Vaporeon\n|-boost|p2a: Vaporeon|spa|1\n|-boost|p2a: Vaporeon|spd|1\n|\n|upkeep\n|turn|3\n|\n|t:|1700956028\n|-terastallize|p2a: Vaporeon|Fire\n|move|p1a: Smell Phone|Ivy Cudgel|p2a: Vaporeon\n|-resisted|p2a: Vaporeon\n|-damage|p2a: Vaporeon|71\/100\n|move|p2a: Vaporeon|Tera Blast|p1a: Smell Phone|[anim] Tera Blast Fire\n|-supereffective|p1a: Smell Phone\n|-damage|p1a: Smell Phone|0 fnt\n|faint|p1a: Smell Phone\n|\n|-heal|p2a: Vaporeon|77\/100|[from] item: Leftovers\n|upkeep\n|\n|t:|1700956039\n|switch|p1a: Frying Pan|Gliscor, M|100\/100\n|turn|4\n|\n|t:|1700956062\n|move|p1a: Frying Pan|Earthquake|p2a: Vaporeon\n|-supereffective|p2a: Vaporeon\n|-damage|p2a: Vaporeon|8\/100\n|move|p2a: Vaporeon|Surf|p1a: Frying Pan\n|-supereffective|p1a: Frying Pan\n|-damage|p1a: Frying Pan|0 fnt\n|faint|p1a: Frying Pan\n|\n|-heal|p2a: Vaporeon|14\/100|[from] item: Leftovers\n|upkeep\n|\n|t:|1700956077\n|switch|p1a: Buster|Dondozo, M|100\/100\n|turn|5\n|\n|t:|1700956116\n|move|p2a: Vaporeon|Calm Mind|p2a: Vaporeon\n|-boost|p2a: Vaporeon|spa|1\n|-boost|p2a: Vaporeon|spd|1\n|move|p1a: Buster|Ice Fang|p2a: Vaporeon\n|-resisted|p2a: Vaporeon\n|-damage|p2a: Vaporeon|5\/100\n|\n|-heal|p2a: Vaporeon|12\/100|[from] item: Leftovers\n|upkeep\n|turn|6\n|\n|t:|1700956139\n|move|p2a: Vaporeon|Calm Mind|p2a: Vaporeon\n|-boost|p2a: Vaporeon|spa|1\n|-boost|p2a: Vaporeon|spd|1\n|move|p1a: Buster|Ice Fang|p2a: Vaporeon\n|-resisted|p2a: Vaporeon\n|-damage|p2a: Vaporeon|3\/100\n|-status|p2a: Vaporeon|frz\n|\n|-heal|p2a: Vaporeon|9\/100 frz|[from] item: Leftovers\n|upkeep\n|turn|7\n|c| HOTDOHG|GREED\n|\n|t:|1700956155\n|switch|p2a: Grimmsnarl|Grimmsnarl, M|100\/100\n|switch|p1a: ConstructionWorker|Necrozma|100\/100\n|\n|upkeep\n|turn|8\n|c|\u2606The ShaqtusLOL|i would have done the same\n|\n|t:|1700956187\n|move|p2a: Grimmsnarl|Parting Shot|p1a: ConstructionWorker\n|-unboost|p1a: ConstructionWorker|atk|1\n|-unboost|p1a: ConstructionWorker|spa|1\n|\n|t:|1700956193\n|switch|p2a: Jirachi|Jirachi|100\/100|[from] Parting Shot\n|move|p1a: ConstructionWorker|Dragon Dance|p1a: ConstructionWorker\n|-boost|p1a: ConstructionWorker|atk|1\n|-boost|p1a: ConstructionWorker|spe|1\n|\n|upkeep\n|turn|9\n|\n|t:|1700956222\n|switch|p1a: Buster|Dondozo, M|100\/100\n|move|p2a: Jirachi|Iron Head|p1a: Buster\n|-resisted|p1a: Buster\n|-damage|p1a: Buster|95\/100\n|\n|-heal|p1a: Buster|100\/100|[from] item: Leftovers\n|upkeep\n|turn|10\n|\n|t:|1700956248\n|switch|p2a: Grimmsnarl|Grimmsnarl, M|100\/100\n|move|p1a: Buster|Liquidation|p2a: Grimmsnarl\n|-damage|p2a: Grimmsnarl|64\/100\n|-unboost|p2a: Grimmsnarl|def|1\n|\n|upkeep\n|turn|11\n|\n|t:|1700956258\n|move|p2a: Grimmsnarl|Reflect|p2a: Grimmsnarl\n|-sidestart|p2: daaymooon|Reflect\n|move|p1a: Buster|Liquidation|p2a: Grimmsnarl\n|-damage|p2a: Grimmsnarl|48\/100\n|\n|upkeep\n|turn|12\n|\n|t:|1700956265\n|switch|p1a: ConstructionWorker|Necrozma|100\/100\n|move|p2a: Grimmsnarl|Parting Shot|p1a: ConstructionWorker\n|-unboost|p1a: ConstructionWorker|atk|1\n|-unboost|p1a: ConstructionWorker|spa|1\n|\n|t:|1700956300\n|switch|p2a: Jirachi|Jirachi|100\/100|[from] Parting Shot\n|\n|upkeep\n|turn|13\n|\n|t:|1700956306\n|switch|p1a: Buster|Dondozo, M|100\/100\n|move|p2a: Jirachi|Shadow Ball|p1a: Buster\n|-damage|p1a: Buster|77\/100\n|-unboost|p1a: Buster|spd|1\n|\n|-heal|p1a: Buster|83\/100|[from] item: Leftovers\n|upkeep\n|turn|14\n|\n|t:|1700956332\n|switch|p1a: Evil Landlord|Okidogi, M|100\/100\n|move|p2a: Jirachi|Shadow Ball|p1a: Evil Landlord\n|-crit|p1a: Evil Landlord\n|-damage|p1a: Evil Landlord|65\/100\n|\n|upkeep\n|turn|15\n|\n|t:|1700956366\n|move|p2a: Jirachi|Shadow Ball|p1a: Evil Landlord\n|-damage|p1a: Evil Landlord|40\/100\n|move|p1a: Evil Landlord|Drain Punch|p2a: Jirachi\n|-damage|p2a: Jirachi|79\/100\n|-heal|p1a: Evil Landlord|50\/100|[from] drain|[of] p2a: Jirachi\n|\n|upkeep\n|turn|16\n|\n|t:|1700956375\n|switch|p1a: Buster|Dondozo, M|83\/100\n|move|p2a: Jirachi|Shadow Ball|p1a: Buster\n|-damage|p1a: Buster|61\/100\n|\n|-heal|p1a: Buster|68\/100|[from] item: Leftovers\n|upkeep\n|turn|17\n|\n|t:|1700956384\n|move|p2a: Jirachi|Shadow Ball|p1a: Buster\n|-damage|p1a: Buster|46\/100\n|move|p1a: Buster|Liquidation|p2a: Jirachi\n|-damage|p2a: Jirachi|62\/100\n|\n|-heal|p1a: Buster|52\/100|[from] item: Leftovers\n|upkeep\n|turn|18\n|\n|t:|1700956392\n|move|p2a: Jirachi|Shadow Ball|p1a: Buster\n|-damage|p1a: Buster|30\/100\n|-unboost|p1a: Buster|spd|1\n|move|p1a: Buster|Rest|p1a: Buster\n|-status|p1a: Buster|slp|[from] move: Rest\n|-heal|p1a: Buster|100\/100 slp|[silent]\n|\n|-sideend|p2: daaymooon|Reflect\n|upkeep\n|turn|19\n|\n|t:|1700956401\n|switch|p2a: Grimmsnarl|Grimmsnarl, M|48\/100\n|cant|p1a: Buster|slp\n|move|p1a: Buster|Sleep Talk|p1a: Buster\n|move|p1a: Buster|Liquidation|p2a: Grimmsnarl|[from]move: Sleep Talk\n|-damage|p2a: Grimmsnarl|9\/100\n|-unboost|p2a: Grimmsnarl|def|1\n|\n|upkeep\n|turn|20\n|\n|t:|1700956410\n|move|p2a: Grimmsnarl|Parting Shot|p1a: Buster\n|-unboost|p1a: Buster|atk|1\n|-unboost|p1a: Buster|spa|1\n|\n|t:|1700956415\n|switch|p2a: Jirachi|Jirachi|62\/100|[from] Parting Shot\n|cant|p1a: Buster|slp\n|move|p1a: Buster|Sleep Talk|p1a: Buster\n|move|p1a: Buster|Ice Fang|p2a: Jirachi|[from]move: Sleep Talk\n|-resisted|p2a: Jirachi\n|-damage|p2a: Jirachi|56\/100\n|\n|upkeep\n|turn|21\n|\n|t:|1700956439\n|switch|p1a: Evil Landlord|Okidogi, M|50\/100\n|move|p2a: Jirachi|Expanding Force|p1a: Evil Landlord\n|-supereffective|p1a: Evil Landlord\n|-damage|p1a: Evil Landlord|0 fnt\n|faint|p1a: Evil Landlord\n|\n|upkeep\n|\n|t:|1700956450\n|switch|p1a: ConstructionWorker|Necrozma|100\/100\n|turn|22\n|\n|t:|1700956462\n|switch|p2a: Clodsire|Clodsire, F|100\/100\n|move|p1a: ConstructionWorker|Photon Geyser|p2a: Clodsire\n|-supereffective|p2a: Clodsire\n|-damage|p2a: Clodsire|6\/100\n|\n|-heal|p2a: Clodsire|12\/100|[from] item: Leftovers\n|upkeep\n|turn|23\n|\n|t:|1700956482\n|move|p1a: ConstructionWorker|Brick Break|p2a: Clodsire\n|-resisted|p2a: Clodsire\n|-damage|p2a: Clodsire|1\/100\n|move|p2a: Clodsire|Toxic|p1a: ConstructionWorker\n|-status|p1a: ConstructionWorker|tox\n|\n|-heal|p2a: Clodsire|7\/100|[from] item: Leftovers\n|-damage|p1a: ConstructionWorker|95\/100 tox|[from] psn\n|upkeep\n|turn|24\n|\n|t:|1700956494\n|move|p1a: ConstructionWorker|Brick Break|p2a: Clodsire\n|-resisted|p2a: Clodsire\n|-crit|p2a: Clodsire\n|-damage|p2a: Clodsire|0 fnt\n|faint|p2a: Clodsire\n|\n|-damage|p1a: ConstructionWorker|83\/100 tox|[from] psn\n|upkeep\n|\n|t:|1700956509\n|switch|p2a: Jirachi|Jirachi|56\/100\n|turn|25\n|\n|t:|1700956520\n|switch|p1a: Buster|Dondozo, M|100\/100 slp\n|move|p2a: Jirachi|Iron Head|p1a: Buster\n|-resisted|p1a: Buster\n|-damage|p1a: Buster|95\/100 slp\n|\n|-heal|p1a: Buster|100\/100 slp|[from] item: Leftovers\n|upkeep\n|turn|26\n|\n|t:|1700956542\n|switch|p2a: Vaporeon|Vaporeon, M, tera:Fire|9\/100 frz\n|-curestatus|p1a: Buster|slp|[msg]\n|move|p1a: Buster|Liquidation|p2a: Vaporeon\n|-heal|p2a: Vaporeon|34\/100 frz|[from] ability: Water Absorb|[of] p1a: Buster\n|\n|-heal|p2a: Vaporeon|40\/100 frz|[from] item: Leftovers\n|upkeep\n|turn|27\n|\n|t:|1700956554\n|switch|p1a: FOOTBALL CHUDJAK|Tapu Lele|100\/100\n|-fieldstart|move: Psychic Terrain|[from] ability: Psychic Surge|[of] p1a: FOOTBALL CHUDJAK\n|cant|p2a: Vaporeon|frz\n|\n|-heal|p2a: Vaporeon|46\/100 frz|[from] item: Leftovers\n|upkeep\n|turn|28\n|\n|t:|1700956569\n|switch|p2a: Grimmsnarl|Grimmsnarl, M|9\/100\n|move|p1a: FOOTBALL CHUDJAK|Psychic|p2a: Grimmsnarl\n|-immune|p2a: Grimmsnarl\n|\n|upkeep\n|turn|29\n|\n|t:|1700956591\n|switch|p1a: Buster|Dondozo, M|100\/100\n|move|p2a: Grimmsnarl|Parting Shot|p1a: Buster\n|-activate|p1a: Buster|move: Psychic Terrain\n|\n|upkeep\n|turn|30\n|\n|t:|1700956604\n|switch|p2a: Vaporeon|Vaporeon, M, tera:Fire|46\/100 frz\n|switch|p1a: FOOTBALL CHUDJAK|Tapu Lele|100\/100\n|\n|-heal|p2a: Vaporeon|52\/100 frz|[from] item: Leftovers\n|upkeep\n|turn|31\n|\n|t:|1700956613\n|-curestatus|p2a: Vaporeon|frz|[msg]\n|move|p2a: Vaporeon|Protect|p2a: Vaporeon\n|-singleturn|p2a: Vaporeon|Protect\n|move|p1a: FOOTBALL CHUDJAK|Moonblast|p2a: Vaporeon\n|-activate|p2a: Vaporeon|move: Protect\n|\n|-heal|p2a: Vaporeon|58\/100|[from] item: Leftovers\n|-fieldend|move: Psychic Terrain\n|upkeep\n|turn|32\n|\n|t:|1700956621\n|move|p1a: FOOTBALL CHUDJAK|Moonblast|p2a: Vaporeon\n|-resisted|p2a: Vaporeon\n|-damage|p2a: Vaporeon|41\/100\n|move|p2a: Vaporeon|Calm Mind|p2a: Vaporeon\n|-boost|p2a: Vaporeon|spa|1\n|-boost|p2a: Vaporeon|spd|1\n|\n|-heal|p2a: Vaporeon|47\/100|[from] item: Leftovers\n|upkeep\n|turn|33\n|\n|t:|1700956631\n|switch|p1a: ConstructionWorker|Necrozma|83\/100 tox\n|move|p2a: Vaporeon|Protect||[still]\n|-fail|p2a: Vaporeon\n|\n|-heal|p2a: Vaporeon|53\/100|[from] item: Leftovers\n|-damage|p1a: ConstructionWorker|77\/100 tox|[from] psn\n|upkeep\n|turn|34\n|\n|t:|1700956645\n|move|p1a: ConstructionWorker|Rock Slide|p2a: Vaporeon\n|-supereffective|p2a: Vaporeon\n|-damage|p2a: Vaporeon|1\/100\n|cant|p2a: Vaporeon|flinch\n|\n|-heal|p2a: Vaporeon|7\/100|[from] item: Leftovers\n|-damage|p1a: ConstructionWorker|65\/100 tox|[from] psn\n|upkeep\n|turn|35\n|\n|t:|1700956656\n|move|p2a: Vaporeon|Protect|p2a: Vaporeon\n|-singleturn|p2a: Vaporeon|Protect\n|move|p1a: ConstructionWorker|Dragon Dance|p1a: ConstructionWorker\n|-boost|p1a: ConstructionWorker|atk|1\n|-boost|p1a: ConstructionWorker|spe|1\n|\n|-heal|p2a: Vaporeon|13\/100|[from] item: Leftovers\n|-damage|p1a: ConstructionWorker|47\/100 tox|[from] psn\n|upkeep\n|turn|36\n|\n|t:|1700956674\n|move|p2a: Vaporeon|Protect||[still]\n|-fail|p2a: Vaporeon\n|move|p1a: ConstructionWorker|Rock Slide|p2a: Vaporeon\n|-supereffective|p2a: Vaporeon\n|-damage|p2a: Vaporeon|0 fnt\n|faint|p2a: Vaporeon\n|\n|-damage|p1a: ConstructionWorker|23\/100 tox|[from] psn\n|upkeep\n|\n|t:|1700956685\n|switch|p2a: Ditto|Ditto|100\/100\n|-transform|p2a: Ditto|p1a: ConstructionWorker|[from] ability: Imposter\n|turn|37\n|\n|t:|1700956693\n|switch|p1a: Buster|Dondozo, M|100\/100\n|move|p2a: Ditto|Photon Geyser|p1a: Buster\n|-damage|p1a: Buster|67\/100\n|\n|-heal|p1a: Buster|73\/100|[from] item: Leftovers\n|upkeep\n|turn|38\n|\n|t:|1700956709\n|move|p2a: Ditto|Photon Geyser|p1a: Buster\n|-damage|p1a: Buster|40\/100\n|move|p1a: Buster|Rest|p1a: Buster\n|-status|p1a: Buster|slp|[from] move: Rest\n|-heal|p1a: Buster|100\/100 slp|[silent]\n|\n|upkeep\n|turn|39\n|\n|t:|1700956718\n|move|p2a: Ditto|Photon Geyser|p1a: Buster\n|-damage|p1a: Buster|68\/100 slp\n|cant|p1a: Buster|slp\n|move|p1a: Buster|Sleep Talk|p1a: Buster\n|move|p1a: Buster|Ice Fang|p2a: Ditto|[from]move: Sleep Talk\n|-damage|p2a: Ditto|82\/100\n|-status|p2a: Ditto|frz\n|\n|-heal|p1a: Buster|75\/100 slp|[from] item: Leftovers\n|upkeep\n|turn|40\n|\n|t:|1700956735\n|switch|p2a: Lopunny|Lopunny, F|100\/100\n|cant|p1a: Buster|slp\n|move|p1a: Buster|Sleep Talk|p1a: Buster\n|move|p1a: Buster|Liquidation|p2a: Lopunny|[from]move: Sleep Talk\n|-damage|p2a: Lopunny|55\/100\n|-unboost|p2a: Lopunny|def|1\n|-start|p1a: Buster|Attract|[from] ability: Cute Charm|[of] p2a: Lopunny\n|\n|-heal|p1a: Buster|81\/100 slp|[from] item: Leftovers\n|upkeep\n|turn|41\n|c| HOTDOHG|two 10% chance to freeze this game\n|c| HOTDOHG|crazy\n|\n|t:|1700956757\n|detailschange|p2a: Lopunny|Lopunny-Mega, F\n|-mega|p2a: Lopunny|Lopunny|Lopunnite\n|move|p2a: Lopunny|U-turn|p1a: Buster\n|-damage|p1a: Buster|69\/100 slp\n|j| Rikudoku\n|\n|t:|1700956798\n|switch|p2a: Grimmsnarl|Grimmsnarl, M|9\/100|[from] U-turn\n|-end|p1a: Buster|Attract|[silent]\n|-curestatus|p1a: Buster|slp|[msg]\n|move|p1a: Buster|Liquidation|p2a: Grimmsnarl\n|-damage|p2a: Grimmsnarl|0 fnt\n|faint|p2a: Grimmsnarl\n|\n|-heal|p1a: Buster|75\/100|[from] item: Leftovers\n|upkeep\n|c| Rikudoku|greenwood sacrifice children for luck\n|\n|t:|1700956849\n|switch|p2a: Jirachi|Jirachi|56\/100\n|turn|42\n|\n|t:|1700956882\n|switch|p2a: Ditto|Ditto|82\/100 frz\n|-transform|p2a: Ditto|p1a: Buster|[from] ability: Imposter\n|move|p1a: Buster|Liquidation|p2a: Ditto\n|-resisted|p2a: Ditto\n|-damage|p2a: Ditto|71\/100 frz\n|-unboost|p2a: Ditto|def|1\n|\n|-heal|p1a: Buster|81\/100|[from] item: Leftovers\n|upkeep\n|turn|43\n|\n|t:|1700956897\n|switch|p1a: FOOTBALL CHUDJAK|Tapu Lele|100\/100\n|-fieldstart|move: Psychic Terrain|[from] ability: Psychic Surge|[of] p1a: FOOTBALL CHUDJAK\n|cant|p2a: Ditto|frz\n|\n|upkeep\n|turn|44\n|\n|t:|1700956909\n|switch|p2a: Jirachi|Jirachi|56\/100\n|move|p1a: FOOTBALL CHUDJAK|Psychic|p2a: Jirachi\n|-resisted|p2a: Jirachi\n|-crit|p2a: Jirachi\n|-damage|p2a: Jirachi|34\/100\n|-unboost|p2a: Jirachi|spd|1\n|\n|upkeep\n|turn|45\n|\n|t:|1700956917\n|move|p2a: Jirachi|Iron Head|p1a: FOOTBALL CHUDJAK\n|-supereffective|p1a: FOOTBALL CHUDJAK\n|-crit|p1a: FOOTBALL CHUDJAK\n|-damage|p1a: FOOTBALL CHUDJAK|0 fnt\n|faint|p1a: FOOTBALL CHUDJAK\n|\n|upkeep\n|\n|t:|1700956922\n|switch|p1a: ConstructionWorker|Necrozma|23\/100 tox\n|turn|46\n|\n|t:|1700956927\n|switch|p1a: Buster|Dondozo, M|81\/100\n|move|p2a: Jirachi|Iron Head|p1a: Buster\n|-resisted|p1a: Buster\n|-damage|p1a: Buster|75\/100\n|\n|-heal|p1a: Buster|81\/100|[from] item: Leftovers\n|upkeep\n|turn|47\n|\n|t:|1700956935\n|switch|p2a: Ditto|Ditto|71\/100 frz\n|-transform|p2a: Ditto|p1a: Buster|[from] ability: Imposter\n|move|p1a: Buster|Liquidation|p2a: Ditto\n|-resisted|p2a: Ditto\n|-damage|p2a: Ditto|60\/100 frz\n|-unboost|p2a: Ditto|def|1\n|\n|-heal|p1a: Buster|87\/100|[from] item: Leftovers\n|-fieldend|move: Psychic Terrain\n|upkeep\n|turn|48\n|\n|t:|1700956946\n|cant|p2a: Ditto|frz\n|move|p1a: Buster|Liquidation|p2a: Ditto\n|-resisted|p2a: Ditto\n|-damage|p2a: Ditto|49\/100 frz\n|\n|-heal|p1a: Buster|93\/100|[from] item: Leftovers\n|upkeep\n|turn|49\n|\n|t:|1700956952\n|cant|p2a: Ditto|frz\n|move|p1a: Buster|Liquidation|p2a: Ditto\n|-resisted|p2a: Ditto\n|-damage|p2a: Ditto|38\/100 frz\n|\n|-heal|p1a: Buster|99\/100|[from] item: Leftovers\n|upkeep\n|turn|50\n|\n|t:|1700956963\n|-terastallize|p1a: Buster|Water\n|cant|p2a: Ditto|frz\n|move|p1a: Buster|Liquidation|p2a: Ditto\n|-resisted|p2a: Ditto\n|-damage|p2a: Ditto|24\/100 frz\n|\n|-heal|p1a: Buster|100\/100|[from] item: Leftovers\n|upkeep\n|turn|51\n|\n|t:|1700956971\n|cant|p2a: Ditto|frz\n|move|p1a: Buster|Liquidation|p2a: Ditto\n|-resisted|p2a: Ditto\n|-damage|p2a: Ditto|9\/100 frz\n|\n|upkeep\n|turn|52\n|\n|t:|1700956977\n|cant|p2a: Ditto|frz\n|move|p1a: Buster|Liquidation|p2a: Ditto\n|-resisted|p2a: Ditto\n|-damage|p2a: Ditto|0 fnt\n|faint|p2a: Ditto\n|\n|upkeep\n|\n|t:|1700956991\n|switch|p2a: Jirachi|Jirachi|34\/100\n|turn|53\n|\n|t:|1700956999\n|move|p2a: Jirachi|Expanding Force|p1a: Buster\n|-damage|p1a: Buster|66\/100\n|move|p1a: Buster|Liquidation|p2a: Jirachi\n|-damage|p2a: Jirachi|0 fnt\n|faint|p2a: Jirachi\n|\n|-heal|p1a: Buster|72\/100|[from] item: Leftovers\n|upkeep\n|\n|t:|1700957007\n|switch|p2a: Lopunny|Lopunny-Mega, F|55\/100\n|turn|54\n|\n|t:|1700957016\n|move|p2a: Lopunny|Drain Punch|p1a: Buster\n|-damage|p1a: Buster|55\/100\n|-heal|p2a: Lopunny|71\/100|[from] drain|[of] p1a: Buster\n|move|p1a: Buster|Liquidation|p2a: Lopunny\n|-damage|p2a: Lopunny|20\/100\n|\n|-heal|p1a: Buster|61\/100|[from] item: Leftovers\n|upkeep\n|turn|55\n|\n|t:|1700957025\n|move|p2a: Lopunny|Drain Punch|p1a: Buster\n|-damage|p1a: Buster|42\/100\n|-heal|p2a: Lopunny|38\/100|[from] drain|[of] p1a: Buster\n|move|p1a: Buster|Liquidation|p2a: Lopunny\n|-damage|p2a: Lopunny|0 fnt\n|faint|p2a: Lopunny\n|\n|win|The ShaqtusLOL\n","uploadtime":1700957033,"views":47,"p1id":"theshaqtuslol","p2id":"daaymooon","formatid":"gen9nationaldex","rating":0,"private":0,"password":""}