{"id":"gen9nationaldex-1994276505","p1":"Bandyy00xx","p2":"Eduzin17_YT","format":"[Gen 9] National Dex","log":"|j|\u2606Bandyy00xx\n|j|\u2606Eduzin17_YT\n|t:|1700426160\n|gametype|singles\n|player|p1|Bandyy00xx|flannery|1017\n|player|p2|Eduzin17_YT|wallace|1051\n|teamsize|p1|6\n|teamsize|p2|6\n|gen|9\n|tier|[Gen 9] National Dex\n|rated|\n|rule|HP Percentage Mod: HP is shown in percentages\n|rule|Endless Battle Clause: Forcing endless battles is banned\n|rule|OHKO Clause: OHKO moves are banned\n|rule|Evasion Clause: Evasion abilities, items, and moves are banned\n|rule|Evasion Abilities Clause: Evasion abilities are banned\n|rule|Evasion Items Clause: Evasion items are banned\n|rule|Evasion Moves Clause: Evasion moves are banned\n|rule|Species Clause: Limit one of each Pok\u00e9mon\n|rule|Sleep Clause Mod: Limit one foe put to sleep\n|clearpoke\n|poke|p1|Incineroar, F|\n|poke|p1|Talonflame, F|\n|poke|p1|Dunsparce, M|\n|poke|p1|Meganium, M|\n|poke|p1|Vaporeon, F|\n|poke|p1|Oricorio-Sensu, F|\n|poke|p2|Obstagoon, M|\n|poke|p2|Scizor, M|\n|poke|p2|Garchomp, F|\n|poke|p2|Mimikyu, F|\n|poke|p2|Urshifu-*, M|\n|poke|p2|Clodsire, M|\n|teampreview\n|inactive|Battle timer is ON: inactive players will automatically lose when time's up. (requested by Bandyy00xx)\n|inactive|Eduzin17_YT also wants the timer to be on.\n|\n|t:|1700426174\n|start\n|switch|p1a: Poe|Meganium, M|100\/100\n|switch|p2a: Mimikyu|Mimikyu, F|100\/100\n|turn|1\n|\n|t:|1700426183\n|-zpower|p2a: Mimikyu\n|move|p2a: Mimikyu|Let's Snuggle Forever|p1a: Poe|[zeffect]\n|-damage|p1a: Poe|38\/100\n|move|p1a: Poe|Toxic|p2a: Mimikyu\n|-status|p2a: Mimikyu|tox\n|\n|-damage|p2a: Mimikyu|94\/100 tox|[from] psn\n|upkeep\n|turn|2\n|\n|t:|1700426194\n|move|p2a: Mimikyu|Hone Claws|p2a: Mimikyu\n|-boost|p2a: Mimikyu|atk|1\n|-boost|p2a: Mimikyu|accuracy|1\n|move|p1a: Poe|Leech Seed|p2a: Mimikyu\n|-start|p2a: Mimikyu|move: Leech Seed\n|\n|-damage|p2a: Mimikyu|82\/100 tox|[from] Leech Seed|[of] p1a: Poe\n|-heal|p1a: Poe|50\/100|[silent]\n|-damage|p2a: Mimikyu|70\/100 tox|[from] psn\n|upkeep\n|turn|3\n|\n|t:|1700426201\n|move|p2a: Mimikyu|Shadow Sneak|p1a: Poe\n|-damage|p1a: Poe|28\/100\n|move|p1a: Poe|Reflect|p1a: Poe\n|-sidestart|p1: Bandyy00xx|Reflect\n|\n|-damage|p2a: Mimikyu|58\/100 tox|[from] Leech Seed|[of] p1a: Poe\n|-heal|p1a: Poe|41\/100|[silent]\n|-damage|p2a: Mimikyu|39\/100 tox|[from] psn\n|upkeep\n|turn|4\n|\n|t:|1700426210\n|move|p2a: Mimikyu|Play Rough|p1a: Poe\n|-damage|p1a: Poe|17\/100\n|move|p1a: Poe|Light Screen|p1a: Poe\n|-sidestart|p1: Bandyy00xx|move: Light Screen\n|\n|-damage|p2a: Mimikyu|27\/100 tox|[from] Leech Seed|[of] p1a: Poe\n|-heal|p1a: Poe|30\/100|[silent]\n|-damage|p2a: Mimikyu|3\/100 tox|[from] psn\n|upkeep\n|turn|5\n|\n|t:|1700426220\n|switch|p1a: Trick|Dunsparce, M|100\/100\n|move|p2a: Mimikyu|Play Rough|p1a: Trick\n|-damage|p1a: Trick|82\/100\n|\n|-damage|p2a: Mimikyu|0 fnt|[from] Leech Seed|[of] p1a: Trick\n|-heal|p1a: Trick|84\/100|[silent]\n|faint|p2a: Mimikyu\n|upkeep\n|\n|t:|1700426234\n|switch|p2a: Scizor|Scizor, M, shiny|100\/100\n|turn|6\n|\n|t:|1700426244\n|switch|p1a: Ember|Talonflame, F|100\/100\n|detailschange|p2a: Scizor|Scizor-Mega, M, shiny\n|-mega|p2a: Scizor|Scizor|Scizorite\n|move|p2a: Scizor|Swords Dance|p2a: Scizor\n|-boost|p2a: Scizor|atk|2\n|\n|upkeep\n|turn|7\n|\n|t:|1700426252\n|move|p2a: Scizor|Bullet Punch|p1a: Ember\n|-resisted|p1a: Ember\n|-damage|p1a: Ember|77\/100\n|move|p1a: Ember|Flare Blitz|p2a: Scizor\n|-supereffective|p2a: Scizor\n|-damage|p2a: Scizor|0 fnt\n|faint|p2a: Scizor\n|-damage|p1a: Ember|39\/100|[from] Recoil\n|\n|-sideend|p1: Bandyy00xx|Reflect\n|upkeep\n|\n|t:|1700426262\n|switch|p2a: Urshifu|Urshifu-Rapid-Strike, M|100\/100\n|turn|8\n|\n|t:|1700426274\n|switch|p1a: Storm|Vaporeon, F|100\/100\n|move|p2a: Urshifu|Ice Spinner|p1a: Storm\n|-resisted|p1a: Storm\n|-damage|p1a: Storm|77\/100\n|\n|-sideend|p1: Bandyy00xx|move: Light Screen\n|upkeep\n|turn|9\n|\n|t:|1700426283\n|switch|p2a: Garchomp|Garchomp, F|100\/100\n|move|p1a: Storm|Hidden Power|p2a: Garchomp\n|-immune|p2a: Garchomp\n|\n|upkeep\n|turn|10\n|\n|t:|1700426298\n|switch|p1a: Poe|Meganium, M|30\/100\n|move|p2a: Garchomp|Swords Dance|p2a: Garchomp\n|-boost|p2a: Garchomp|atk|2\n|\n|upkeep\n|turn|11\n|\n|t:|1700426302\n|move|p2a: Garchomp|Poison Jab|p1a: Poe\n|-supereffective|p1a: Poe\n|-damage|p1a: Poe|0 fnt\n|faint|p1a: Poe\n|\n|upkeep\n|\n|t:|1700426308\n|switch|p1a: Storm|Vaporeon, F|77\/100\n|turn|12\n|\n|t:|1700426312\n|move|p2a: Garchomp|Poison Jab|p1a: Storm\n|-damage|p1a: Storm|25\/100\n|move|p1a: Storm|Ice Beam|p2a: Garchomp\n|-supereffective|p2a: Garchomp\n|-damage|p2a: Garchomp|0 fnt\n|faint|p2a: Garchomp\n|\n|upkeep\n|\n|t:|1700426320\n|switch|p2a: Obstagoon|Obstagoon, M, shiny|100\/100\n|turn|13\n|\n|t:|1700426332\n|-terastallize|p2a: Obstagoon|Ghost\n|move|p2a: Obstagoon|Obstruct|p2a: Obstagoon\n|-singleturn|p2a: Obstagoon|Protect\n|move|p1a: Storm|Ice Beam|p2a: Obstagoon\n|-activate|p2a: Obstagoon|move: Protect\n|\n|upkeep\n|turn|14\n|\n|t:|1700426343\n|move|p2a: Obstagoon|Knock Off|p1a: Storm\n|-damage|p1a: Storm|0 fnt\n|-enditem|p1a: Storm|Choice Specs|[from] move: Knock Off|[of] p2a: Obstagoon\n|faint|p1a: Storm\n|\n|upkeep\n|\n|t:|1700426348\n|switch|p1a: Oasis|Oricorio-Sensu, F|100\/100\n|turn|15\n|\n|t:|1700426355\n|move|p2a: Obstagoon|Knock Off|p1a: Oasis\n|-supereffective|p1a: Oasis\n|-crit|p1a: Oasis\n|-enditem|p1a: Oasis|Focus Sash\n|-damage|p1a: Oasis|1\/100\n|move|p1a: Oasis|Quiver Dance|p1a: Oasis\n|-boost|p1a: Oasis|spa|1\n|-boost|p1a: Oasis|spd|1\n|-boost|p1a: Oasis|spe|1\n|\n|upkeep\n|turn|16\n|\n|t:|1700426364\n|move|p1a: Oasis|Revelation Dance|p2a: Obstagoon\n|-supereffective|p2a: Obstagoon\n|-enditem|p2a: Obstagoon|Focus Sash\n|-damage|p2a: Obstagoon|1\/100\n|move|p2a: Obstagoon|Knock Off|p1a: Oasis\n|-supereffective|p1a: Oasis\n|-damage|p1a: Oasis|0 fnt\n|faint|p1a: Oasis\n|\n|upkeep\n|\n|t:|1700426373\n|switch|p1a: Ember|Talonflame, F|39\/100\n|turn|17\n|\n|t:|1700426378\n|move|p2a: Obstagoon|Obstruct|p2a: Obstagoon\n|-singleturn|p2a: Obstagoon|Protect\n|move|p1a: Ember|U-turn|p2a: Obstagoon\n|-activate|p2a: Obstagoon|move: Protect\n|-unboost|p1a: Ember|def|2\n|\n|upkeep\n|turn|18\n|\n|t:|1700426388\n|move|p1a: Ember|U-turn|p2a: Obstagoon\n|-resisted|p2a: Obstagoon\n|-damage|p2a: Obstagoon|0 fnt\n|faint|p2a: Obstagoon\n|\n|t:|1700426393\n|switch|p1a: Trick|Dunsparce, M|84\/100|[from] U-turn\n|\n|upkeep\n|\n|t:|1700426396\n|switch|p2a: Urshifu|Urshifu-Rapid-Strike, M|100\/100\n|turn|19\n|\n|t:|1700426400\n|move|p2a: Urshifu|Surging Strikes|p1a: Trick\n|-crit|p1a: Trick\n|-damage|p1a: Trick|64\/100\n|-crit|p1a: Trick\n|-damage|p1a: Trick|44\/100\n|-crit|p1a: Trick\n|-damage|p1a: Trick|25\/100\n|-hitcount|p1a: Trick|3\n|move|p1a: Trick|Glare|p2a: Urshifu\n|-status|p2a: Urshifu|par\n|\n|upkeep\n|turn|20\n|\n|t:|1700426409\n|move|p1a: Trick|Roost|p1a: Trick\n|-heal|p1a: Trick|75\/100\n|-singleturn|p1a: Trick|move: Roost\n|move|p2a: Urshifu|Surging Strikes|p1a: Trick\n|-crit|p1a: Trick\n|-damage|p1a: Trick|55\/100\n|-crit|p1a: Trick\n|-damage|p1a: Trick|34\/100\n|-crit|p1a: Trick\n|-damage|p1a: Trick|16\/100\n|-hitcount|p1a: Trick|3\n|\n|upkeep\n|turn|21\n|-message|Bandyy00xx forfeited.\n|\n|win|Eduzin17_YT\n|raw|Bandyy00xx's rating: 1017 &rarr; <strong>1006<\/strong><br \/>(-11 for losing)\n|raw|Eduzin17_YT's rating: 1051 &rarr; <strong>1080<\/strong><br \/>(+29 for winning)\n|l|\u2606Bandyy00xx\n","uploadtime":1700426435,"views":5,"p1id":"bandyy00xx","p2id":"eduzin17yt","formatid":"gen9nationaldex","rating":1006,"private":0,"password":""}