{"id":"gen9nationaldex-1987030363","p1":"8I3L","p2":"qkma","format":"[Gen 9] National Dex","log":"|j|\u26068I3L\n|j|\u2606qkma\n|t:|1699550402\n|gametype|singles\n|player|p1|8I3L|collector-masters|1332\n|player|p2|qkma|nurse|1377\n|teamsize|p1|6\n|teamsize|p2|6\n|gen|9\n|tier|[Gen 9] National Dex\n|rated|\n|rule|HP Percentage Mod: HP is shown in percentages\n|rule|Endless Battle Clause: Forcing endless battles is banned\n|rule|OHKO Clause: OHKO moves are banned\n|rule|Evasion Clause: Evasion abilities, items, and moves are banned\n|rule|Evasion Abilities Clause: Evasion abilities are banned\n|rule|Evasion Items Clause: Evasion items are banned\n|rule|Evasion Moves Clause: Evasion moves are banned\n|rule|Species Clause: Limit one of each Pok\u00e9mon\n|rule|Sleep Clause Mod: Limit one foe put to sleep\n|clearpoke\n|poke|p1|Urshifu-*, M|\n|poke|p1|Scizor, M|\n|poke|p1|Heatran, M|\n|poke|p1|Hawlucha, F|\n|poke|p1|Tapu Lele|\n|poke|p1|Gliscor, M|\n|poke|p2|Banette, F|\n|poke|p2|Alomomola, F|\n|poke|p2|Landorus-Therian, M|\n|poke|p2|Rabsca, M|\n|poke|p2|Araquanid, F|\n|poke|p2|Ursaluna-Bloodmoon, M|\n|teampreview\n|inactive|Battle timer is ON: inactive players will automatically lose when time's up. (requested by 8I3L)\n|\n|t:|1699550422\n|start\n|switch|p1a: Hawlucha|Hawlucha, F|100\/100\n|switch|p2a: Ursaluna|Ursaluna-Bloodmoon, M|100\/100\n|turn|1\n|\n|t:|1699550428\n|-terastallize|p2a: Ursaluna|Water\n|move|p1a: Hawlucha|Close Combat|p2a: Ursaluna\n|-damage|p2a: Ursaluna|61\/100\n|-unboost|p1a: Hawlucha|def|1\n|-unboost|p1a: Hawlucha|spd|1\n|move|p2a: Ursaluna|Blood Moon|p1a: Hawlucha\n|-damage|p1a: Hawlucha|0 fnt\n|faint|p1a: Hawlucha\n|\n|upkeep\n|\n|t:|1699550443\n|switch|p1a: Urshifu|Urshifu-Rapid-Strike, M|100\/100\n|turn|2\n|\n|t:|1699550449\n|switch|p2a: Alomomola|Alomomola, F, shiny|100\/100\n|move|p1a: Urshifu|Thunder Punch|p2a: Alomomola\n|-supereffective|p2a: Alomomola\n|-damage|p2a: Alomomola|74\/100\n|-status|p2a: Alomomola|par\n|\n|upkeep\n|turn|3\n|\n|t:|1699550457\n|switch|p1a: Scizor|Scizor, M|100\/100\n|move|p2a: Alomomola|Flip Turn|p1a: Scizor\n|-damage|p1a: Scizor|83\/100\n|\n|t:|1699550464\n|switch|p2a: Landorus|Landorus-Therian, M|100\/100|[from] Flip Turn\n|-ability|p2a: Landorus|Intimidate|boost\n|-unboost|p1a: Scizor|atk|1\n|\n|upkeep\n|turn|4\n|\n|t:|1699550471\n|move|p2a: Landorus|Stealth Rock|p1a: Scizor\n|-sidestart|p1: 8I3L|move: Stealth Rock\n|move|p1a: Scizor|Swords Dance|p1a: Scizor\n|-boost|p1a: Scizor|atk|2\n|\n|upkeep\n|turn|5\n|\n|t:|1699550477\n|detailschange|p1a: Scizor|Scizor-Mega, M\n|-mega|p1a: Scizor|Scizor|Scizorite\n|move|p1a: Scizor|Bullet Punch|p2a: Landorus\n|-damage|p2a: Landorus|37\/100\n|-zpower|p2a: Landorus\n|move|p2a: Landorus|Supersonic Skystrike|p1a: Scizor|[zeffect]\n|-damage|p1a: Scizor|11\/100\n|\n|upkeep\n|turn|6\n|\n|t:|1699550486\n|move|p1a: Scizor|Bullet Punch|p2a: Landorus\n|-damage|p2a: Landorus|0 fnt\n|faint|p2a: Landorus\n|\n|upkeep\n|\n|t:|1699550498\n|switch|p2a: Ursaluna|Ursaluna-Bloodmoon, M, tera:Water|61\/100\n|turn|7\n|\n|t:|1699550504\n|move|p1a: Scizor|Bullet Punch|p2a: Ursaluna\n|-resisted|p2a: Ursaluna\n|-damage|p2a: Ursaluna|40\/100\n|move|p2a: Ursaluna|Vacuum Wave|p1a: Scizor\n|-damage|p1a: Scizor|0 fnt\n|faint|p1a: Scizor\n|\n|upkeep\n|\n|t:|1699550513\n|switch|p1a: Gliscor|Gliscor, M|100\/100\n|-damage|p1a: Gliscor|88\/100|[from] Stealth Rock\n|turn|8\n|\n|t:|1699550518\n|switch|p2a: Alomomola|Alomomola, F, shiny|100\/100 par\n|move|p1a: Gliscor|Protect||[still]\n|-fail|p1a: Gliscor\n|\n|-status|p1a: Gliscor|tox|[from] item: Toxic Orb\n|upkeep\n|turn|9\n|\n|t:|1699550527\n|-terastallize|p1a: Gliscor|Water\n|move|p1a: Gliscor|Swords Dance|p1a: Gliscor\n|-boost|p1a: Gliscor|atk|2\n|move|p2a: Alomomola|Wish|p2a: Alomomola\n|\n|-heal|p1a: Gliscor|100\/100 tox|[from] ability: Poison Heal\n|upkeep\n|turn|10\n|\n|t:|1699550534\n|move|p1a: Gliscor|Swords Dance|p1a: Gliscor\n|-boost|p1a: Gliscor|atk|2\n|move|p2a: Alomomola|Flip Turn|p1a: Gliscor\n|-resisted|p1a: Gliscor\n|-damage|p1a: Gliscor|92\/100 tox\n|\n|t:|1699550539\n|switch|p2a: Ursaluna|Ursaluna-Bloodmoon, M, tera:Water|40\/100|[from] Flip Turn\n|\n|-heal|p2a: Ursaluna|100\/100|[from] move: Wish|[wisher] Alomomola\n|-heal|p1a: Gliscor|100\/100 tox|[from] ability: Poison Heal\n|upkeep\n|turn|11\n|\n|t:|1699550547\n|move|p1a: Gliscor|Protect|p1a: Gliscor\n|-singleturn|p1a: Gliscor|Protect\n|move|p2a: Ursaluna|Blood Moon|p1a: Gliscor\n|-activate|p1a: Gliscor|move: Protect\n|\n|upkeep\n|turn|12\n|\n|t:|1699550560\n|switch|p2a: Rabsca|Rabsca, M|100\/100\n|move|p1a: Gliscor|Earthquake|p2a: Rabsca\n|-resisted|p2a: Rabsca\n|-damage|p2a: Rabsca|33\/100\n|\n|upkeep\n|turn|13\n|\n|t:|1699550567\n|move|p1a: Gliscor|Earthquake|p2a: Rabsca\n|-resisted|p2a: Rabsca\n|-damage|p2a: Rabsca|0 fnt\n|faint|p2a: Rabsca\n|\n|upkeep\n|\n|t:|1699550571\n|switch|p2a: Banette|Banette, F|100\/100\n|-item|p1a: Gliscor|Toxic Orb|[from] ability: Frisk|[of] p2a: Banette|[identify]\n|turn|14\n|\n|t:|1699550589\n|detailschange|p2a: Banette|Banette-Mega, F\n|-mega|p2a: Banette|Banette|Banettite\n|move|p1a: Gliscor|Protect|p1a: Gliscor\n|-singleturn|p1a: Gliscor|Protect\n|move|p2a: Banette|Destiny Bond|p2a: Banette\n|-singlemove|p2a: Banette|Destiny Bond\n|\n|upkeep\n|turn|15\n|\n|t:|1699550596\n|move|p2a: Banette|Encore|p1a: Gliscor\n|-start|p1a: Gliscor|Encore\n|move|p1a: Gliscor|Protect||[still]\n|-fail|p1a: Gliscor\n|\n|upkeep\n|turn|16\n|\n|t:|1699550602\n|move|p1a: Gliscor|Protect|p1a: Gliscor\n|-singleturn|p1a: Gliscor|Protect\n|move|p2a: Banette|Poltergeist|p1a: Gliscor\n|-activate|p1a: Gliscor|move: Protect\n|\n|upkeep\n|turn|17\n|\n|t:|1699550609\n|switch|p1a: Heatran|Heatran, M|100\/100\n|-damage|p1a: Heatran|88\/100|[from] Stealth Rock\n|-item|p1a: Heatran|Air Balloon\n|move|p2a: Banette|Poltergeist|p1a: Heatran\n|-activate|p1a: Heatran|move: Poltergeist|Air Balloon\n|-crit|p1a: Heatran\n|-damage|p1a: Heatran|0 fnt\n|-enditem|p1a: Heatran|Air Balloon\n|faint|p1a: Heatran\n|\n|upkeep\n|\n|t:|1699550620\n|switch|p1a: Urshifu|Urshifu-Rapid-Strike, M|100\/100\n|-damage|p1a: Urshifu|94\/100|[from] Stealth Rock\n|turn|18\n|\n|t:|1699550626\n|switch|p2a: Alomomola|Alomomola, F, shiny|100\/100 par\n|move|p1a: Urshifu|Surging Strikes|p2a: Alomomola\n|-resisted|p2a: Alomomola\n|-crit|p2a: Alomomola\n|-damage|p2a: Alomomola|95\/100 par\n|-resisted|p2a: Alomomola\n|-crit|p2a: Alomomola\n|-damage|p2a: Alomomola|90\/100 par\n|-resisted|p2a: Alomomola\n|-crit|p2a: Alomomola\n|-damage|p2a: Alomomola|84\/100 par\n|-hitcount|p2a: Alomomola|3\n|\n|upkeep\n|turn|19\n|\n|t:|1699550637\n|switch|p1a: Gliscor|Gliscor, M, tera:Water|100\/100 tox\n|-damage|p1a: Gliscor|88\/100 tox|[from] Stealth Rock\n|move|p2a: Alomomola|Flip Turn|p1a: Gliscor\n|-resisted|p1a: Gliscor\n|-damage|p1a: Gliscor|80\/100 tox\n|\n|t:|1699550643\n|switch|p2a: Banette|Banette-Mega, F|100\/100|[from] Flip Turn\n|\n|-heal|p1a: Gliscor|92\/100 tox|[from] ability: Poison Heal\n|upkeep\n|turn|20\n|\n|t:|1699550648\n|move|p1a: Gliscor|Crabhammer|p2a: Banette\n|-damage|p2a: Banette|42\/100\n|move|p2a: Banette|Poltergeist|p1a: Gliscor\n|-activate|p1a: Gliscor|move: Poltergeist|Toxic Orb\n|-damage|p1a: Gliscor|18\/100 tox\n|\n|-heal|p1a: Gliscor|30\/100 tox|[from] ability: Poison Heal\n|upkeep\n|turn|21\n|\n|t:|1699550657\n|move|p2a: Banette|Destiny Bond|p2a: Banette\n|-singlemove|p2a: Banette|Destiny Bond\n|move|p1a: Gliscor|Earthquake|p2a: Banette\n|-damage|p2a: Banette|0 fnt\n|faint|p2a: Banette\n|-activate|p2a: Banette|move: Destiny Bond\n|faint|p1a: Gliscor\n|\n|upkeep\n|\n|t:|1699550675\n|switch|p1a: Tapu Lele|Tapu Lele|100\/100\n|switch|p2a: Ursaluna|Ursaluna-Bloodmoon, M, tera:Water|100\/100\n|-damage|p1a: Tapu Lele|88\/100|[from] Stealth Rock\n|-fieldstart|move: Psychic Terrain|[from] ability: Psychic Surge|[of] p1a: Tapu Lele\n|turn|22\n|\n|t:|1699550685\n|move|p1a: Tapu Lele|Psychic|p2a: Ursaluna\n|-damage|p2a: Ursaluna|64\/100\n|move|p2a: Ursaluna|Blood Moon|p1a: Tapu Lele\n|-damage|p1a: Tapu Lele|11\/100\n|\n|upkeep\n|turn|23\n|\n|t:|1699550694\n|move|p1a: Tapu Lele|Psychic|p2a: Ursaluna\n|-damage|p2a: Ursaluna|28\/100\n|move|p2a: Ursaluna|Earth Power|p1a: Tapu Lele\n|-damage|p1a: Tapu Lele|0 fnt\n|faint|p1a: Tapu Lele\n|\n|upkeep\n|\n|t:|1699550700\n|switch|p1a: Urshifu|Urshifu-Rapid-Strike, M|94\/100\n|-damage|p1a: Urshifu|88\/100|[from] Stealth Rock\n|turn|24\n|\n|t:|1699550704\n|switch|p2a: Araquanid|Araquanid, F|100\/100\n|move|p1a: Urshifu|Thunder Punch|p2a: Araquanid\n|-supereffective|p2a: Araquanid\n|-damage|p2a: Araquanid|44\/100\n|\n|upkeep\n|turn|25\n|\n|t:|1699550710\n|move|p1a: Urshifu|Thunder Punch|p2a: Araquanid\n|-supereffective|p2a: Araquanid\n|-damage|p2a: Araquanid|0 fnt\n|faint|p2a: Araquanid\n|\n|upkeep\n|\n|t:|1699550713\n|switch|p2a: Alomomola|Alomomola, F, shiny|100\/100 par\n|turn|26\n|\n|t:|1699550716\n|move|p1a: Urshifu|Thunder Punch|p2a: Alomomola\n|-supereffective|p2a: Alomomola\n|-damage|p2a: Alomomola|73\/100 par\n|move|p2a: Alomomola|Toxic|p1a: Urshifu\n|-status|p1a: Urshifu|tox\n|\n|-damage|p1a: Urshifu|82\/100 tox|[from] psn\n|-fieldend|move: Psychic Terrain\n|upkeep\n|turn|27\n|\n|t:|1699550723\n|move|p1a: Urshifu|Thunder Punch|p2a: Alomomola\n|-supereffective|p2a: Alomomola\n|-damage|p2a: Alomomola|45\/100 par\n|move|p2a: Alomomola|Wish|p2a: Alomomola\n|\n|-damage|p1a: Urshifu|70\/100 tox|[from] psn\n|upkeep\n|turn|28\n|c|\u26068I3L|gg\n|\n|t:|1699550733\n|move|p1a: Urshifu|Thunder Punch|p2a: Alomomola\n|-supereffective|p2a: Alomomola\n|-damage|p2a: Alomomola|15\/100 par\n|move|p2a: Alomomola|Flip Turn|p1a: Urshifu\n|-resisted|p1a: Urshifu\n|-damage|p1a: Urshifu|61\/100 tox\n|\n|t:|1699550738\n|switch|p2a: Ursaluna|Ursaluna-Bloodmoon, M, tera:Water|28\/100|[from] Flip Turn\n|\n|-heal|p2a: Ursaluna|93\/100|[from] move: Wish|[wisher] Alomomola\n|-damage|p1a: Urshifu|43\/100 tox|[from] psn\n|upkeep\n|turn|29\n|\n|t:|1699550745\n|switch|p2a: Alomomola|Alomomola, F, shiny|49\/100 par\n|move|p1a: Urshifu|Thunder Punch|p2a: Alomomola\n|-supereffective|p2a: Alomomola\n|-damage|p2a: Alomomola|23\/100 par\n|\n|-damage|p1a: Urshifu|18\/100 tox|[from] psn\n|upkeep\n|turn|30\n|\n|t:|1699550751\n|move|p2a: Alomomola|Protect|p2a: Alomomola\n|-singleturn|p2a: Alomomola|Protect\n|move|p1a: Urshifu|Thunder Punch|p2a: Alomomola\n|-supereffective|p2a: Alomomola\n|-damage|p2a: Alomomola|0 fnt\n|faint|p2a: Alomomola\n|\n|-damage|p1a: Urshifu|0 fnt|[from] psn\n|faint|p1a: Urshifu\n|\n|win|qkma\n|upkeep\n|raw|8I3L's rating: 1332 &rarr; <strong>1315<\/strong><br \/>(-17 for losing)\n|raw|qkma's rating: 1377 &rarr; <strong>1394<\/strong><br \/>(+17 for winning)\n","uploadtime":1699550759,"views":4,"p1id":"8i3l","p2id":"qkma","formatid":"gen9nationaldex","rating":1315,"private":0,"password":""}