{"id":"gen9nationaldex-1999038036","p1":"gustavirus14.9","p2":"kaike456","format":"[Gen 9] National Dex","log":"|html|<div class=\"broadcast-blue\"><strong>[Gen 9] National Dex is currently suspecting Sneasler! For information on how to participate check out the <a href=\"https:\/\/www.smogon.com\/forums\/threads\/sv-national-dex-suspect-8-just-dance.3731534\/\">suspect thread<\/a>.<\/strong><\/div>\n|j|\u2606gustavirus14.9\n|j|\u2606kaike456\n|t:|1701026515\n|gametype|singles\n|player|p1|gustavirus14.9|brock|\n|player|p2|kaike456|1|\n|teamsize|p1|6\n|teamsize|p2|6\n|gen|9\n|tier|[Gen 9] National Dex\n|rule|HP Percentage Mod: HP is shown in percentages\n|rule|Endless Battle Clause: Forcing endless battles is banned\n|rule|OHKO Clause: OHKO moves are banned\n|rule|Evasion Clause: Evasion abilities, items, and moves are banned\n|rule|Evasion Abilities Clause: Evasion abilities are banned\n|rule|Evasion Items Clause: Evasion items are banned\n|rule|Evasion Moves Clause: Evasion moves are banned\n|rule|Species Clause: Limit one of each Pok\u00e9mon\n|rule|Sleep Clause Mod: Limit one foe put to sleep\n|clearpoke\n|poke|p1|Blastoise, M|\n|poke|p1|Gardevoir, F|\n|poke|p1|Volcarona, F|\n|poke|p1|Corviknight, F|\n|poke|p1|Lilligant-Hisui, F|\n|poke|p1|Falinks|\n|poke|p2|Articuno|\n|poke|p2|Charizard, F|\n|poke|p2|Zapdos|\n|poke|p2|Garchomp, F|\n|poke|p2|Zoroark-Hisui, M|\n|poke|p2|Dracozolt|\n|teampreview\n|\n|t:|1701026578\n|start\n|switch|p1a: Falinks|Falinks|100\/100\n|switch|p2a: Charizard|Charizard, F|100\/100\n|turn|1\n|\n|t:|1701026600\n|switch|p2a: Dracozolt|Dracozolt|100\/100\n|move|p1a: Falinks|No Retreat|p1a: Falinks\n|-boost|p1a: Falinks|atk|1\n|-boost|p1a: Falinks|def|1\n|-boost|p1a: Falinks|spa|1\n|-boost|p1a: Falinks|spd|1\n|-boost|p1a: Falinks|spe|1\n|-start|p1a: Falinks|move: No Retreat\n|\n|upkeep\n|turn|2\n|\n|t:|1701026613\n|move|p1a: Falinks|Swords Dance|p1a: Falinks\n|-boost|p1a: Falinks|atk|2\n|move|p2a: Dracozolt|Fire Blast|p1a: Falinks\n|-damage|p1a: Falinks|80\/100\n|\n|-heal|p1a: Falinks|86\/100|[from] item: Leftovers\n|upkeep\n|turn|3\n|\n|t:|1701026631\n|move|p1a: Falinks|Brick Break|p2a: Dracozolt\n|-crit|p2a: Dracozolt\n|-damage|p2a: Dracozolt|0 fnt\n|faint|p2a: Dracozolt\n|\n|-heal|p1a: Falinks|92\/100|[from] item: Leftovers\n|upkeep\n|\n|t:|1701026638\n|switch|p2a: Charizard|Charizard, F|100\/100\n|turn|4\n|\n|t:|1701026646\n|switch|p2a: Charizard|Charizard, F|100\/100\n|move|p1a: Falinks|Throat Chop|p2a: Charizard\n|-damage|p2a: Charizard|0 fnt\n|faint|p2a: Charizard\n|\n|-heal|p1a: Falinks|98\/100|[from] item: Leftovers\n|upkeep\n|\n|t:|1701026664\n|switch|p2a: Articuno|Articuno|100\/100\n|-ability|p2a: Articuno|Pressure\n|turn|5\n|\n|t:|1701026672\n|move|p2a: Articuno|Ice Beam|p1a: Falinks\n|-damage|p1a: Falinks|50\/100\n|move|p1a: Falinks|Throat Chop|p2a: Articuno\n|-damage|p2a: Articuno|20\/100\n|-start|p2a: Articuno|Throat Chop|[silent]\n|\n|-heal|p1a: Falinks|56\/100|[from] item: Leftovers\n|upkeep\n|turn|6\n|\n|t:|1701026688\n|move|p2a: Articuno|Ice Beam|p1a: Falinks\n|-damage|p1a: Falinks|13\/100\n|move|p1a: Falinks|Throat Chop|p2a: Articuno\n|-damage|p2a: Articuno|0 fnt\n|faint|p2a: Articuno\n|\n|-heal|p1a: Falinks|19\/100|[from] item: Leftovers\n|upkeep\n|\n|t:|1701026697\n|switch|p2a: Garchomp|Garchomp, F|100\/100\n|turn|7\n|\n|t:|1701026702\n|move|p2a: Garchomp|Brick Break|p1a: Falinks\n|-damage|p1a: Falinks|3\/100\n|move|p1a: Falinks|Throat Chop|p2a: Garchomp\n|-damage|p2a: Garchomp|36\/100\n|-start|p2a: Garchomp|Throat Chop|[silent]\n|-damage|p1a: Falinks|0 fnt|[from] ability: Rough Skin|[of] p2a: Garchomp\n|faint|p1a: Falinks\n|\n|upkeep\n|\n|t:|1701026710\n|switch|p1a: Blastoise|Blastoise, M|100\/100\n|turn|8\n|\n|t:|1701026715\n|switch|p2a: Garchomp|Garchomp, F|100\/100\n|move|p1a: Blastoise|Shell Smash|p1a: Blastoise\n|-unboost|p1a: Blastoise|def|1\n|-unboost|p1a: Blastoise|spd|1\n|-boost|p1a: Blastoise|atk|2\n|-boost|p1a: Blastoise|spa|2\n|-boost|p1a: Blastoise|spe|2\n|-enditem|p1a: Blastoise|White Herb\n|-clearnegativeboost|p1a: Blastoise|[silent]\n|\n|upkeep\n|turn|9\n|\n|t:|1701026725\n|switch|p2a: Zapdos|Zapdos|100\/100\n|-ability|p2a: Zapdos|Pressure\n|move|p1a: Blastoise|Aura Sphere|p2a: Zapdos\n|-resisted|p2a: Zapdos\n|-damage|p2a: Zapdos|76\/100\n|\n|upkeep\n|turn|10\n|\n|t:|1701026735\n|move|p1a: Blastoise|Ice Beam|p2a: Zapdos\n|-supereffective|p2a: Zapdos\n|-damage|p2a: Zapdos|0 fnt\n|faint|p2a: Zapdos\n|\n|upkeep\n|\n|t:|1701026750\n|switch|p2a: Garchomp|Garchomp, F|36\/100\n|turn|11\n|\n|t:|1701026755\n|move|p1a: Blastoise|Scald|p2a: Garchomp\n|-damage|p2a: Garchomp|0 fnt\n|faint|p2a: Garchomp\n|\n|upkeep\n|\n|t:|1701026760\n|switch|p2a: Zoroark|Zoroark-Hisui, M|100\/100\n|turn|12\n|\n|t:|1701026766\n|move|p2a: Zoroark|Detect|p2a: Zoroark\n|-singleturn|p2a: Zoroark|Protect\n|move|p1a: Blastoise|Scald|p2a: Zoroark\n|-activate|p2a: Zoroark|move: Protect\n|\n|upkeep\n|turn|13\n|\n|t:|1701026774\n|move|p2a: Zoroark|Detect|p2a: Zoroark\n|-singleturn|p2a: Zoroark|Protect\n|move|p1a: Blastoise|Scald|p2a: Zoroark\n|-activate|p2a: Zoroark|move: Protect\n|\n|upkeep\n|turn|14\n|\n|t:|1701026782\n|-terastallize|p2a: Zoroark|Normal\n|move|p1a: Blastoise|Scald|p2a: Zoroark\n|-damage|p2a: Zoroark|0 fnt\n|faint|p2a: Zoroark\n|\n|win|gustavirus14.9\n|l|\u2606gustavirus14.9\n","uploadtime":1701026872,"views":1,"p1id":"gustavirus149","p2id":"kaike456","formatid":"gen9nationaldex","rating":0,"private":0,"password":""}