{"id":"gen9nationaldex-1987295942","p1":"dFUCKGLISCORiMS","p2":"ASRoots","format":"[Gen 9] National Dex","log":"|j|\u2606dFUCKGLISCORiMS\n|j|\u2606ASRoots\n|t:|1699574371\n|gametype|singles\n|player|p1|dFUCKGLISCORiMS|ghetsis|1191\n|player|p2|ASRoots|shadowtriad|1195\n|teamsize|p1|6\n|teamsize|p2|6\n|gen|9\n|tier|[Gen 9] National Dex\n|rated|\n|rule|HP Percentage Mod: HP is shown in percentages\n|rule|Endless Battle Clause: Forcing endless battles is banned\n|rule|OHKO Clause: OHKO moves are banned\n|rule|Evasion Clause: Evasion abilities, items, and moves are banned\n|rule|Evasion Abilities Clause: Evasion abilities are banned\n|rule|Evasion Items Clause: Evasion items are banned\n|rule|Evasion Moves Clause: Evasion moves are banned\n|rule|Species Clause: Limit one of each Pok\u00e9mon\n|rule|Sleep Clause Mod: Limit one foe put to sleep\n|clearpoke\n|poke|p1|Salazzle, F|\n|poke|p1|Magnemite, L1|\n|poke|p1|Probopass, L2, F|\n|poke|p1|Mandibuzz, F|\n|poke|p1|Nosepass, L1, F|\n|poke|p1|Tentacruel, M|\n|poke|p2|Ditto|\n|poke|p2|Charizard, M|\n|poke|p2|Gengar, M|\n|poke|p2|Hatterene, F|\n|poke|p2|Cinderace, F|\n|poke|p2|Ferrothorn, F|\n|teampreview\n|inactive|Battle timer is ON: inactive players will automatically lose when time's up. (requested by ASRoots)\n|\n|t:|1699574387\n|start\n|switch|p1a: No Fun Allowed|Salazzle, F|100\/100\n|switch|p2a: d toe|Ditto|100\/100\n|-transform|p2a: d toe|p1a: No Fun Allowed|[from] ability: Imposter\n|turn|1\n|\n|t:|1699574402\n|move|p1a: No Fun Allowed|Protect|p1a: No Fun Allowed\n|-singleturn|p1a: No Fun Allowed|Protect\n|move|p2a: d toe|Flamethrower|p1a: No Fun Allowed\n|-activate|p1a: No Fun Allowed|move: Protect\n|\n|upkeep\n|turn|2\n|\n|t:|1699574416\n|switch|p2a: Dracarys|Charizard, M, shiny|100\/100\n|move|p1a: No Fun Allowed|Toxic|p2a: Dracarys\n|-status|p2a: Dracarys|tox\n|\n|-damage|p2a: Dracarys|94\/100 tox|[from] psn\n|upkeep\n|turn|3\n|\n|t:|1699574425\n|detailschange|p2a: Dracarys|Charizard-Mega-Y, M, shiny\n|-mega|p2a: Dracarys|Charizard|Charizardite Y\n|-weather|SunnyDay|[from] ability: Drought|[of] p2a: Dracarys\n|move|p1a: No Fun Allowed|Substitute|p1a: No Fun Allowed\n|-start|p1a: No Fun Allowed|Substitute\n|-damage|p1a: No Fun Allowed|76\/100\n|move|p2a: Dracarys|Scorching Sands|p1a: No Fun Allowed\n|-supereffective|p1a: No Fun Allowed\n|-end|p1a: No Fun Allowed|Substitute\n|\n|-weather|SunnyDay|[upkeep]\n|-heal|p1a: No Fun Allowed|82\/100|[from] item: Leftovers\n|-damage|p2a: Dracarys|82\/100 tox|[from] psn\n|upkeep\n|turn|4\n|\n|t:|1699574440\n|move|p1a: No Fun Allowed|Protect|p1a: No Fun Allowed\n|-singleturn|p1a: No Fun Allowed|Protect\n|move|p2a: Dracarys|Weather Ball|p1a: No Fun Allowed\n|-activate|p1a: No Fun Allowed|move: Protect\n|\n|-weather|SunnyDay|[upkeep]\n|-heal|p1a: No Fun Allowed|88\/100|[from] item: Leftovers\n|-damage|p2a: Dracarys|64\/100 tox|[from] psn\n|upkeep\n|turn|5\n|\n|t:|1699574450\n|move|p1a: No Fun Allowed|Substitute|p1a: No Fun Allowed\n|-start|p1a: No Fun Allowed|Substitute\n|-damage|p1a: No Fun Allowed|63\/100\n|move|p2a: Dracarys|Scorching Sands|p1a: No Fun Allowed\n|-supereffective|p1a: No Fun Allowed\n|-end|p1a: No Fun Allowed|Substitute\n|\n|-weather|SunnyDay|[upkeep]\n|-heal|p1a: No Fun Allowed|69\/100|[from] item: Leftovers\n|-damage|p2a: Dracarys|40\/100 tox|[from] psn\n|upkeep\n|turn|6\n|\n|t:|1699574476\n|switch|p2a: Hats|Hatterene, F, shiny|100\/100\n|move|p1a: No Fun Allowed|Protect||[still]\n|-fail|p1a: No Fun Allowed\n|\n|-weather|SunnyDay|[upkeep]\n|-heal|p1a: No Fun Allowed|75\/100|[from] item: Leftovers\n|upkeep\n|turn|7\n|\n|t:|1699574494\n|move|p1a: No Fun Allowed|Substitute|p1a: No Fun Allowed\n|-start|p1a: No Fun Allowed|Substitute\n|-damage|p1a: No Fun Allowed|50\/100\n|move|p2a: Hats|Trick||[still]\n|-fail|p2a: Hats\n|\n|-weather|none\n|-heal|p1a: No Fun Allowed|56\/100|[from] item: Leftovers\n|upkeep\n|turn|8\n|c|\u2606dFUCKGLISCORiMS|lol\n|\n|t:|1699574508\n|switch|p2a: guy|Ferrothorn, F, shiny|100\/100\n|move|p1a: No Fun Allowed|Flamethrower|p2a: guy\n|-supereffective|p2a: guy\n|-damage|p2a: guy|0 fnt\n|faint|p2a: guy\n|\n|-heal|p1a: No Fun Allowed|63\/100|[from] item: Leftovers\n|upkeep\n|c|\u2606dFUCKGLISCORiMS|??????\n|c|\u2606dFUCKGLISCORiMS|lol\n|\n|t:|1699574519\n|switch|p2a: Hats|Hatterene, F, shiny|100\/100\n|turn|9\n|\n|t:|1699574538\n|move|p1a: No Fun Allowed|Protect|p1a: No Fun Allowed\n|-singleturn|p1a: No Fun Allowed|Protect\n|move|p2a: Hats|Psyshock|p1a: No Fun Allowed\n|-activate|p1a: No Fun Allowed|move: Protect\n|\n|-heal|p1a: No Fun Allowed|69\/100|[from] item: Leftovers\n|upkeep\n|turn|10\n|\n|t:|1699574546\n|move|p1a: No Fun Allowed|Flamethrower|p2a: Hats\n|-damage|p2a: Hats|53\/100\n|move|p2a: Hats|Psyshock|p1a: No Fun Allowed\n|-supereffective|p1a: No Fun Allowed\n|-end|p1a: No Fun Allowed|Substitute\n|\n|-heal|p1a: No Fun Allowed|75\/100|[from] item: Leftovers\n|upkeep\n|turn|11\n|\n|t:|1699574555\n|switch|p1a: Sh\ud83d\udca9tbird|Mandibuzz, F|100\/100\n|move|p2a: Hats|Psyshock|p1a: Sh\ud83d\udca9tbird\n|-immune|p1a: Sh\ud83d\udca9tbird\n|\n|upkeep\n|turn|12\n|\n|t:|1699574568\n|switch|p1a: No Fun Allowed|Salazzle, F|75\/100\n|switch|p2a: Dybala|Cinderace, F, shiny|100\/100\n|\n|-heal|p1a: No Fun Allowed|81\/100|[from] item: Leftovers\n|upkeep\n|turn|13\n|\n|t:|1699574582\n|move|p1a: No Fun Allowed|Protect|p1a: No Fun Allowed\n|-singleturn|p1a: No Fun Allowed|Protect\n|move|p2a: Dybala|U-turn|p1a: No Fun Allowed\n|-start|p2a: Dybala|typechange|Bug|[from] ability: Libero\n|-activate|p1a: No Fun Allowed|move: Protect\n|\n|-heal|p1a: No Fun Allowed|87\/100|[from] item: Leftovers\n|upkeep\n|turn|14\n|\n|t:|1699574588\n|move|p2a: Dybala|U-turn|p1a: No Fun Allowed\n|-resisted|p1a: No Fun Allowed\n|-damage|p1a: No Fun Allowed|71\/100\n|\n|t:|1699574594\n|switch|p2a: Hats|Hatterene, F, shiny|53\/100|[from] U-turn\n|move|p1a: No Fun Allowed|Toxic|p2a: Hats\n|move|p2a: Hats|Toxic|p1a: No Fun Allowed|[from]ability: Magic Bounce\n|-immune|p1a: No Fun Allowed\n|\n|-heal|p1a: No Fun Allowed|77\/100|[from] item: Leftovers\n|upkeep\n|turn|15\n|\n|t:|1699574613\n|move|p1a: No Fun Allowed|Protect|p1a: No Fun Allowed\n|-singleturn|p1a: No Fun Allowed|Protect\n|move|p2a: Hats|Psyshock|p1a: No Fun Allowed\n|-activate|p1a: No Fun Allowed|move: Protect\n|\n|-heal|p1a: No Fun Allowed|84\/100|[from] item: Leftovers\n|upkeep\n|turn|16\n|\n|t:|1699574625\n|switch|p2a: Dybala|Cinderace, F, shiny|100\/100\n|move|p1a: No Fun Allowed|Substitute|p1a: No Fun Allowed\n|-start|p1a: No Fun Allowed|Substitute\n|-damage|p1a: No Fun Allowed|59\/100\n|\n|-heal|p1a: No Fun Allowed|65\/100|[from] item: Leftovers\n|upkeep\n|turn|17\n|\n|t:|1699574637\n|move|p2a: Dybala|Pyro Ball|p1a: No Fun Allowed\n|-resisted|p1a: No Fun Allowed\n|-end|p1a: No Fun Allowed|Substitute\n|move|p1a: No Fun Allowed|Toxic|p2a: Dybala\n|-status|p2a: Dybala|tox\n|\n|-heal|p1a: No Fun Allowed|71\/100|[from] item: Leftovers\n|-damage|p2a: Dybala|95\/100 tox|[from] psn\n|upkeep\n|turn|18\n|\n|t:|1699574646\n|move|p1a: No Fun Allowed|Protect|p1a: No Fun Allowed\n|-singleturn|p1a: No Fun Allowed|Protect\n|move|p2a: Dybala|Pyro Ball|p1a: No Fun Allowed\n|-activate|p1a: No Fun Allowed|move: Protect\n|\n|-heal|p1a: No Fun Allowed|77\/100|[from] item: Leftovers\n|-damage|p2a: Dybala|83\/100 tox|[from] psn\n|upkeep\n|turn|19\n|\n|t:|1699574665\n|switch|p1a: Sh\ud83d\udca9tsquid|Tentacruel, M|100\/100\n|move|p2a: Dybala|Pyro Ball|p1a: Sh\ud83d\udca9tsquid\n|-resisted|p1a: Sh\ud83d\udca9tsquid\n|-damage|p1a: Sh\ud83d\udca9tsquid|62\/100\n|\n|-heal|p1a: Sh\ud83d\udca9tsquid|68\/100|[from] item: Leftovers\n|-damage|p2a: Dybala|65\/100 tox|[from] psn\n|upkeep\n|turn|20\n|\n|t:|1699574677\n|move|p2a: Dybala|U-turn|p1a: Sh\ud83d\udca9tsquid\n|-start|p2a: Dybala|typechange|Bug|[from] ability: Libero\n|-resisted|p1a: Sh\ud83d\udca9tsquid\n|-damage|p1a: Sh\ud83d\udca9tsquid|44\/100\n|\n|t:|1699574684\n|switch|p2a: Hats|Hatterene, F, shiny|53\/100|[from] U-turn\n|move|p1a: Sh\ud83d\udca9tsquid|Scald|p2a: Hats\n|-damage|p2a: Hats|30\/100\n|\n|-heal|p1a: Sh\ud83d\udca9tsquid|50\/100|[from] item: Leftovers\n|upkeep\n|turn|21\n|\n|t:|1699574698\n|move|p1a: Sh\ud83d\udca9tsquid|Scald|p2a: Hats\n|-damage|p2a: Hats|7\/100\n|-status|p2a: Hats|brn\n|move|p2a: Hats|Psyshock|p1a: Sh\ud83d\udca9tsquid\n|-supereffective|p1a: Sh\ud83d\udca9tsquid\n|-damage|p1a: Sh\ud83d\udca9tsquid|0 fnt\n|faint|p1a: Sh\ud83d\udca9tsquid\n|\n|-damage|p2a: Hats|1\/100 brn|[from] brn\n|upkeep\n|\n|t:|1699574704\n|switch|p1a: Sh\ud83d\udca9tbird|Mandibuzz, F|100\/100\n|turn|22\n|\n|t:|1699574716\n|move|p1a: Sh\ud83d\udca9tbird|Defog|p2a: Hats\n|move|p2a: Hats|Defog|p1a: Sh\ud83d\udca9tbird|[from]ability: Magic Bounce\n|-unboost|p1a: Sh\ud83d\udca9tbird|evasion|1\n|move|p2a: Hats|Psyshock|p1a: Sh\ud83d\udca9tbird\n|-immune|p1a: Sh\ud83d\udca9tbird\n|\n|-damage|p2a: Hats|0 fnt|[from] brn\n|faint|p2a: Hats\n|upkeep\n|\n|t:|1699574731\n|switch|p2a: Dybala|Cinderace, F, shiny|65\/100 tox\n|turn|23\n|\n|t:|1699574752\n|move|p2a: Dybala|Pyro Ball|p1a: Sh\ud83d\udca9tbird\n|-damage|p1a: Sh\ud83d\udca9tbird|70\/100\n|-status|p1a: Sh\ud83d\udca9tbird|brn\n|move|p1a: Sh\ud83d\udca9tbird|Foul Play|p2a: Dybala\n|-damage|p2a: Dybala|31\/100 tox\n|\n|-damage|p2a: Dybala|25\/100 tox|[from] psn\n|-damage|p1a: Sh\ud83d\udca9tbird|64\/100 brn|[from] brn\n|upkeep\n|turn|24\n|\n|t:|1699574765\n|move|p2a: Dybala|High Jump Kick|p1a: Sh\ud83d\udca9tbird\n|-start|p2a: Dybala|typechange|Fighting|[from] ability: Libero\n|-damage|p1a: Sh\ud83d\udca9tbird|30\/100 brn\n|move|p1a: Sh\ud83d\udca9tbird|Foul Play|p2a: Dybala\n|-resisted|p2a: Dybala\n|-damage|p2a: Dybala|7\/100 tox\n|\n|-damage|p2a: Dybala|0 fnt|[from] psn\n|faint|p2a: Dybala\n|-damage|p1a: Sh\ud83d\udca9tbird|23\/100 brn|[from] brn\n|upkeep\n|\n|t:|1699574780\n|switch|p2a: Dracarys|Charizard-Mega-Y, M, shiny|40\/100 tox\n|-weather|SunnyDay|[from] ability: Drought|[of] p2a: Dracarys\n|turn|25\n|\n|t:|1699574790\n|move|p2a: Dracarys|Weather Ball|p1a: Sh\ud83d\udca9tbird\n|-damage|p1a: Sh\ud83d\udca9tbird|0 fnt\n|faint|p1a: Sh\ud83d\udca9tbird\n|\n|-weather|SunnyDay|[upkeep]\n|-damage|p2a: Dracarys|34\/100 tox|[from] psn\n|upkeep\n|\n|t:|1699574800\n|switch|p1a: Level2\ufe0f\u20e3Level2\ufe0f\u20e3|Probopass, L2, F, shiny|100\/100\n|turn|26\n|\n|t:|1699574809\n|-terastallize|p1a: Level2\ufe0f\u20e3Level2\ufe0f\u20e3|Fire\n|move|p2a: Dracarys|Scorching Sands|p1a: Level2\ufe0f\u20e3Level2\ufe0f\u20e3\n|-supereffective|p1a: Level2\ufe0f\u20e3Level2\ufe0f\u20e3\n|-ability|p1a: Level2\ufe0f\u20e3Level2\ufe0f\u20e3|Sturdy\n|-damage|p1a: Level2\ufe0f\u20e3Level2\ufe0f\u20e3|8\/100\n|-enditem|p1a: Level2\ufe0f\u20e3Level2\ufe0f\u20e3|Berry Juice\n|-heal|p1a: Level2\ufe0f\u20e3Level2\ufe0f\u20e3|100\/100|[from] item: Berry Juice\n|move|p1a: Level2\ufe0f\u20e3Level2\ufe0f\u20e3|Pain Split|p2a: Dracarys\n|-sethp|p2a: Dracarys|19\/100 tox|[from] move: Pain Split|[silent]\n|-sethp|p1a: Level2\ufe0f\u20e3Level2\ufe0f\u20e3|100\/100|[from] move: Pain Split\n|\n|-weather|SunnyDay|[upkeep]\n|-damage|p2a: Dracarys|7\/100 tox|[from] psn\n|upkeep\n|turn|27\n|\n|t:|1699574829\n|move|p2a: Dracarys|Scorching Sands|p1a: Level2\ufe0f\u20e3Level2\ufe0f\u20e3\n|-supereffective|p1a: Level2\ufe0f\u20e3Level2\ufe0f\u20e3\n|-ability|p1a: Level2\ufe0f\u20e3Level2\ufe0f\u20e3|Sturdy\n|-damage|p1a: Level2\ufe0f\u20e3Level2\ufe0f\u20e3|8\/100\n|move|p1a: Level2\ufe0f\u20e3Level2\ufe0f\u20e3|Pain Split|p2a: Dracarys\n|-sethp|p2a: Dracarys|4\/100 tox|[from] move: Pain Split|[silent]\n|-sethp|p1a: Level2\ufe0f\u20e3Level2\ufe0f\u20e3|72\/100|[from] move: Pain Split\n|\n|-weather|SunnyDay|[upkeep]\n|-damage|p2a: Dracarys|0 fnt|[from] psn\n|faint|p2a: Dracarys\n|upkeep\n|\n|t:|1699574852\n|switch|p2a: boo|Gengar, M|100\/100\n|turn|28\n|\n|t:|1699574862\n|-terastallize|p2a: boo|Ghost\n|move|p2a: boo|Nasty Plot|p2a: boo\n|-boost|p2a: boo|spa|2\n|move|p1a: Level2\ufe0f\u20e3Level2\ufe0f\u20e3|Pain Split|p2a: boo\n|-sethp|p2a: boo|52\/100|[from] move: Pain Split|[silent]\n|-sethp|p1a: Level2\ufe0f\u20e3Level2\ufe0f\u20e3|100\/100|[from] move: Pain Split\n|\n|-weather|SunnyDay|[upkeep]\n|upkeep\n|turn|29\n|c|\u2606dFUCKGLISCORiMS|lol\n|c|\u2606dFUCKGLISCORiMS|you shoulda just killed me\n|c|\u2606dFUCKGLISCORiMS|oh well\n|\n|t:|1699574879\n|move|p2a: boo|Shadow Ball|p1a: Level2\ufe0f\u20e3Level2\ufe0f\u20e3\n|-ability|p1a: Level2\ufe0f\u20e3Level2\ufe0f\u20e3|Sturdy\n|-damage|p1a: Level2\ufe0f\u20e3Level2\ufe0f\u20e3|8\/100\n|move|p1a: Level2\ufe0f\u20e3Level2\ufe0f\u20e3|Pain Split|p2a: boo\n|-sethp|p2a: boo|27\/100|[from] move: Pain Split|[silent]\n|-sethp|p1a: Level2\ufe0f\u20e3Level2\ufe0f\u20e3|100\/100|[from] move: Pain Split\n|\n|-weather|none\n|upkeep\n|turn|30\n|c|\u2606dFUCKGLISCORiMS|now look\n|c|\u2606dFUCKGLISCORiMS|congrats bro\n|c|\u2606dFUCKGLISCORiMS|greed made you lose\n|\n|t:|1699574891\n|move|p2a: boo|Shadow Ball|p1a: Level2\ufe0f\u20e3Level2\ufe0f\u20e3\n|-ability|p1a: Level2\ufe0f\u20e3Level2\ufe0f\u20e3|Sturdy\n|-damage|p1a: Level2\ufe0f\u20e3Level2\ufe0f\u20e3|8\/100\n|move|p1a: Level2\ufe0f\u20e3Level2\ufe0f\u20e3|Pain Split|p2a: boo\n|-sethp|p2a: boo|14\/100|[from] move: Pain Split|[silent]\n|-sethp|p1a: Level2\ufe0f\u20e3Level2\ufe0f\u20e3|100\/100|[from] move: Pain Split\n|\n|upkeep\n|turn|31\n|\n|t:|1699574900\n|move|p1a: Level2\ufe0f\u20e3Level2\ufe0f\u20e3|Protect|p1a: Level2\ufe0f\u20e3Level2\ufe0f\u20e3\n|-singleturn|p1a: Level2\ufe0f\u20e3Level2\ufe0f\u20e3|Protect\n|move|p2a: boo|Shadow Ball|p1a: Level2\ufe0f\u20e3Level2\ufe0f\u20e3\n|-activate|p1a: Level2\ufe0f\u20e3Level2\ufe0f\u20e3|move: Protect\n|\n|upkeep\n|turn|32\n|\n|t:|1699574907\n|move|p2a: boo|Shadow Ball|p1a: Level2\ufe0f\u20e3Level2\ufe0f\u20e3\n|-ability|p1a: Level2\ufe0f\u20e3Level2\ufe0f\u20e3|Sturdy\n|-damage|p1a: Level2\ufe0f\u20e3Level2\ufe0f\u20e3|8\/100\n|move|p1a: Level2\ufe0f\u20e3Level2\ufe0f\u20e3|Pain Split|p2a: boo\n|-sethp|p2a: boo|7\/100|[from] move: Pain Split|[silent]\n|-sethp|p1a: Level2\ufe0f\u20e3Level2\ufe0f\u20e3|100\/100|[from] move: Pain Split\n|\n|upkeep\n|turn|33\n|\n|t:|1699574915\n|move|p2a: boo|Shadow Ball|p1a: Level2\ufe0f\u20e3Level2\ufe0f\u20e3\n|-ability|p1a: Level2\ufe0f\u20e3Level2\ufe0f\u20e3|Sturdy\n|-damage|p1a: Level2\ufe0f\u20e3Level2\ufe0f\u20e3|8\/100\n|move|p1a: Level2\ufe0f\u20e3Level2\ufe0f\u20e3|Pain Split|p2a: boo\n|-sethp|p2a: boo|4\/100|[from] move: Pain Split|[silent]\n|-sethp|p1a: Level2\ufe0f\u20e3Level2\ufe0f\u20e3|65\/100|[from] move: Pain Split\n|\n|upkeep\n|turn|34\n|\n|t:|1699574927\n|move|p2a: boo|Shadow Ball|p1a: Level2\ufe0f\u20e3Level2\ufe0f\u20e3\n|-damage|p1a: Level2\ufe0f\u20e3Level2\ufe0f\u20e3|0 fnt\n|faint|p1a: Level2\ufe0f\u20e3Level2\ufe0f\u20e3\n|\n|upkeep\n|\n|t:|1699574928\n|switch|p1a: No Fun Allowed|Salazzle, F|77\/100\n|turn|35\n|\n|t:|1699574935\n|move|p1a: No Fun Allowed|Flamethrower|p2a: boo\n|-damage|p2a: boo|0 fnt\n|faint|p2a: boo\n|\n|-heal|p1a: No Fun Allowed|83\/100|[from] item: Leftovers\n|upkeep\n|\n|t:|1699574942\n|switch|p2a: d toe|Ditto|100\/100\n|-transform|p2a: d toe|p1a: No Fun Allowed|[from] ability: Imposter\n|turn|36\n|\n|t:|1699574948\n|move|p1a: No Fun Allowed|Protect|p1a: No Fun Allowed\n|-singleturn|p1a: No Fun Allowed|Protect\n|move|p2a: d toe|Flamethrower|p1a: No Fun Allowed\n|-activate|p1a: No Fun Allowed|move: Protect\n|\n|-heal|p1a: No Fun Allowed|89\/100|[from] item: Leftovers\n|upkeep\n|turn|37\n|\n|t:|1699574953\n|move|p2a: d toe|Flamethrower|p1a: No Fun Allowed\n|-resisted|p1a: No Fun Allowed\n|-damage|p1a: No Fun Allowed|49\/100\n|move|p1a: No Fun Allowed|Toxic|p2a: d toe\n|-status|p2a: d toe|tox\n|\n|-heal|p1a: No Fun Allowed|55\/100|[from] item: Leftovers\n|-damage|p2a: d toe|94\/100 tox|[from] psn\n|upkeep\n|turn|38\n|\n|t:|1699574962\n|move|p1a: No Fun Allowed|Protect|p1a: No Fun Allowed\n|-singleturn|p1a: No Fun Allowed|Protect\n|move|p2a: d toe|Flamethrower|p1a: No Fun Allowed\n|-activate|p1a: No Fun Allowed|move: Protect\n|\n|-heal|p1a: No Fun Allowed|62\/100|[from] item: Leftovers\n|-damage|p2a: d toe|82\/100 tox|[from] psn\n|upkeep\n|turn|39\n|\n|t:|1699574971\n|move|p2a: d toe|Flamethrower|p1a: No Fun Allowed\n|-resisted|p1a: No Fun Allowed\n|-damage|p1a: No Fun Allowed|21\/100\n|move|p1a: No Fun Allowed|Flamethrower|p2a: d toe\n|-resisted|p2a: d toe\n|-damage|p2a: d toe|49\/100 tox\n|\n|-heal|p1a: No Fun Allowed|28\/100|[from] item: Leftovers\n|-damage|p2a: d toe|31\/100 tox|[from] psn\n|upkeep\n|turn|40\n|\n|t:|1699574981\n|move|p1a: No Fun Allowed|Protect|p1a: No Fun Allowed\n|-singleturn|p1a: No Fun Allowed|Protect\n|move|p2a: d toe|Flamethrower|p1a: No Fun Allowed\n|-activate|p1a: No Fun Allowed|move: Protect\n|\n|-heal|p1a: No Fun Allowed|34\/100|[from] item: Leftovers\n|-damage|p2a: d toe|7\/100 tox|[from] psn\n|upkeep\n|turn|41\n|\n|t:|1699574985\n|switch|p1a: Literally Level 1|Magnemite, L1|100\/100\n|-activate|p2a: d toe|move: Struggle\n|move|p2a: d toe|Struggle|p1a: Literally Level 1\n|-ability|p1a: Literally Level 1|Sturdy\n|-damage|p1a: Literally Level 1|10\/100\n|-enditem|p1a: Literally Level 1|Berry Juice\n|-heal|p1a: Literally Level 1|100\/100|[from] item: Berry Juice\n|-damage|p2a: d toe|0 fnt|[from] recoil\n|faint|p2a: d toe\n|\n|win|dFUCKGLISCORiMS\n|raw|dFUCKGLISCORiMS's rating: 1213 &rarr; <strong>1237<\/strong><br \/>(+24 for winning)\n|raw|ASRoots's rating: 1195 &rarr; <strong>1171<\/strong><br \/>(-24 for losing)\n","uploadtime":1699574997,"views":5,"p1id":"dfuckgliscorims","p2id":"asroots","formatid":"gen9nationaldex","rating":1171,"private":0,"password":""}