{"id":"gen9nationaldex-1987740278","p1":"wolfizin","p2":"venusrafa","format":"[Gen 9] National Dex","log":"|j|\u2606wolfizin\n|j|\u2606venusrafa\n|t:|1699632630\n|gametype|singles\n|player|p1|wolfizin|n|1000\n|player|p2|venusrafa|pokemonbreeder|1044\n|teamsize|p1|6\n|teamsize|p2|6\n|gen|9\n|tier|[Gen 9] National Dex\n|rated|\n|rule|HP Percentage Mod: HP is shown in percentages\n|rule|Endless Battle Clause: Forcing endless battles is banned\n|rule|OHKO Clause: OHKO moves are banned\n|rule|Evasion Clause: Evasion abilities, items, and moves are banned\n|rule|Evasion Abilities Clause: Evasion abilities are banned\n|rule|Evasion Items Clause: Evasion items are banned\n|rule|Evasion Moves Clause: Evasion moves are banned\n|rule|Species Clause: Limit one of each Pok\u00e9mon\n|rule|Sleep Clause Mod: Limit one foe put to sleep\n|clearpoke\n|poke|p1|Grimmsnarl, M|\n|poke|p1|Hatterene, F|\n|poke|p1|Ferrothorn, M|\n|poke|p1|Lopunny, F|\n|poke|p1|Ambipom, F|\n|poke|p1|Garchomp, F|\n|poke|p2|Vikavolt, M|\n|poke|p2|Golisopod, M|\n|poke|p2|Ribombee, M|\n|poke|p2|Scolipede, F|\n|poke|p2|Beedrill, F|\n|poke|p2|Scizor, M|\n|teampreview\n|\n|t:|1699632651\n|start\n|switch|p1a: Grimmsnarl|Grimmsnarl, M, shiny|100\/100\n|switch|p2a: Coquito|Scizor, M|100\/100\n|turn|1\n|\n|t:|1699632659\n|switch|p1a: Ferrothorn|Ferrothorn, M, shiny|100\/100\n|move|p2a: Coquito|Bullet Punch|p1a: Ferrothorn\n|-resisted|p1a: Ferrothorn\n|-damage|p1a: Ferrothorn|92\/100\n|-damage|p2a: Coquito|88\/100|[from] ability: Iron Barbs|[of] p1a: Ferrothorn\n|-damage|p2a: Coquito|71\/100|[from] item: Rocky Helmet|[of] p1a: Ferrothorn\n|\n|-heal|p2a: Coquito|78\/100|[from] item: Leftovers\n|upkeep\n|turn|2\n|\n|t:|1699632673\n|move|p2a: Coquito|Roost|p2a: Coquito\n|-heal|p2a: Coquito|100\/100\n|-singleturn|p2a: Coquito|move: Roost\n|move|p1a: Ferrothorn|Leech Seed|p2a: Coquito\n|-start|p2a: Coquito|move: Leech Seed\n|\n|-damage|p2a: Coquito|88\/100|[from] Leech Seed|[of] p1a: Ferrothorn\n|-heal|p1a: Ferrothorn|100\/100|[silent]\n|upkeep\n|turn|3\n|\n|t:|1699632685\n|move|p2a: Coquito|Defog|p1a: Ferrothorn\n|-unboost|p1a: Ferrothorn|evasion|1\n|move|p1a: Ferrothorn|Ingrain|p1a: Ferrothorn\n|-start|p1a: Ferrothorn|move: Ingrain\n|\n|-heal|p2a: Coquito|94\/100|[from] item: Leftovers\n|-damage|p2a: Coquito|82\/100|[from] Leech Seed|[of] p1a: Ferrothorn\n|upkeep\n|turn|4\n|\n|t:|1699632713\n|switch|p2a: Pegon|Vikavolt, M|100\/100\n|move|p1a: Ferrothorn|Leech Seed|p2a: Pegon\n|-start|p2a: Pegon|move: Leech Seed\n|\n|-damage|p2a: Pegon|88\/100|[from] Leech Seed|[of] p1a: Ferrothorn\n|upkeep\n|turn|5\n|\n|t:|1699632722\n|move|p1a: Ferrothorn|Endure|p1a: Ferrothorn\n|-singleturn|p1a: Ferrothorn|move: Endure\n|move|p2a: Pegon|Thunderbolt|p1a: Ferrothorn\n|-resisted|p1a: Ferrothorn\n|-damage|p1a: Ferrothorn|76\/100\n|\n|-heal|p2a: Pegon|94\/100|[from] item: Leftovers\n|-heal|p1a: Ferrothorn|82\/100|[from] Ingrain\n|-damage|p2a: Pegon|82\/100|[from] Leech Seed|[of] p1a: Ferrothorn\n|-heal|p1a: Ferrothorn|95\/100|[silent]\n|upkeep\n|turn|6\n|\n|t:|1699632730\n|move|p1a: Ferrothorn|Protect||[still]\n|-fail|p1a: Ferrothorn\n|move|p2a: Pegon|Thunderbolt|p1a: Ferrothorn\n|-resisted|p1a: Ferrothorn\n|-damage|p1a: Ferrothorn|73\/100\n|-status|p1a: Ferrothorn|par\n|\n|-heal|p2a: Pegon|88\/100|[from] item: Leftovers\n|-heal|p1a: Ferrothorn|79\/100 par|[from] Ingrain\n|-damage|p2a: Pegon|76\/100|[from] Leech Seed|[of] p1a: Ferrothorn\n|-heal|p1a: Ferrothorn|91\/100 par|[silent]\n|upkeep\n|turn|7\n|\n|t:|1699632742\n|move|p2a: Pegon|Roost|p2a: Pegon\n|-heal|p2a: Pegon|100\/100\n|-singleturn|p2a: Pegon|move: Roost\n|cant|p1a: Ferrothorn|par\n|\n|-heal|p1a: Ferrothorn|97\/100 par|[from] Ingrain\n|-damage|p2a: Pegon|88\/100|[from] Leech Seed|[of] p1a: Ferrothorn\n|-heal|p1a: Ferrothorn|100\/100 par|[silent]\n|upkeep\n|turn|8\n|\n|t:|1699632761\n|move|p2a: Pegon|Bug Buzz|p1a: Ferrothorn\n|-damage|p1a: Ferrothorn|51\/100 par\n|move|p1a: Ferrothorn|Leech Seed||[still]\n|-fail|p1a: Ferrothorn\n|\n|-heal|p2a: Pegon|94\/100|[from] item: Leftovers\n|-heal|p1a: Ferrothorn|57\/100 par|[from] Ingrain\n|-damage|p2a: Pegon|82\/100|[from] Leech Seed|[of] p1a: Ferrothorn\n|-heal|p1a: Ferrothorn|69\/100 par|[silent]\n|upkeep\n|turn|9\n|\n|t:|1699632774\n|move|p1a: Ferrothorn|Endure|p1a: Ferrothorn\n|-singleturn|p1a: Ferrothorn|move: Endure\n|move|p2a: Pegon|Bug Buzz|p1a: Ferrothorn\n|-damage|p1a: Ferrothorn|20\/100 par\n|\n|-heal|p2a: Pegon|88\/100|[from] item: Leftovers\n|-heal|p1a: Ferrothorn|26\/100 par|[from] Ingrain\n|-damage|p2a: Pegon|76\/100|[from] Leech Seed|[of] p1a: Ferrothorn\n|-heal|p1a: Ferrothorn|38\/100 par|[silent]\n|upkeep\n|turn|10\n|\n|t:|1699632788\n|move|p1a: Ferrothorn|Protect||[still]\n|-fail|p1a: Ferrothorn\n|move|p2a: Pegon|Bug Buzz|p1a: Ferrothorn\n|-damage|p1a: Ferrothorn|0 fnt\n|faint|p1a: Ferrothorn\n|\n|-heal|p2a: Pegon|82\/100|[from] item: Leftovers\n|upkeep\n|\n|t:|1699632794\n|switch|p1a: Grimmsnarl|Grimmsnarl, M, shiny|100\/100\n|turn|11\n|\n|t:|1699632806\n|switch|p2a: Coquito|Scizor, M|82\/100\n|move|p1a: Grimmsnarl|Light Screen|p1a: Grimmsnarl\n|-sidestart|p1: wolfizin|move: Light Screen\n|\n|-heal|p2a: Coquito|88\/100|[from] item: Leftovers\n|upkeep\n|turn|12\n|\n|t:|1699632815\n|move|p2a: Coquito|Bullet Punch|p1a: Grimmsnarl\n|-supereffective|p1a: Grimmsnarl\n|-damage|p1a: Grimmsnarl|33\/100\n|move|p1a: Grimmsnarl|Reflect|p1a: Grimmsnarl\n|-sidestart|p1: wolfizin|Reflect\n|\n|-heal|p2a: Coquito|94\/100|[from] item: Leftovers\n|upkeep\n|turn|13\n|\n|t:|1699632824\n|switch|p1a: Garchomp|Garchomp, F|100\/100\n|move|p2a: Coquito|Bullet Punch|p1a: Garchomp\n|-damage|p1a: Garchomp|87\/100\n|-damage|p2a: Coquito|81\/100|[from] ability: Rough Skin|[of] p1a: Garchomp\n|\n|-heal|p2a: Coquito|87\/100|[from] item: Leftovers\n|upkeep\n|turn|14\n|\n|t:|1699632839\n|switch|p2a: Mosca|Ribombee, M|100\/100\n|move|p1a: Garchomp|Swords Dance|p1a: Garchomp\n|-boost|p1a: Garchomp|atk|2\n|\n|upkeep\n|turn|15\n|\n|t:|1699632845\n|move|p2a: Mosca|Moonblast|p1a: Garchomp\n|-supereffective|p1a: Garchomp\n|-damage|p1a: Garchomp|39\/100\n|-unboost|p1a: Garchomp|spa|1\n|move|p1a: Garchomp|Iron Head|p2a: Mosca\n|-supereffective|p2a: Mosca\n|-enditem|p2a: Mosca|Focus Sash\n|-damage|p2a: Mosca|1\/100\n|\n|upkeep\n|turn|16\n|\n|t:|1699632860\n|switch|p1a: Hatterene|Hatterene, F, shiny|100\/100\n|move|p2a: Mosca|Moonblast|p1a: Hatterene\n|-damage|p1a: Hatterene|79\/100\n|\n|-heal|p1a: Hatterene|85\/100|[from] item: Leftovers\n|upkeep\n|turn|17\n|\n|t:|1699632874\n|switch|p2a: Chiripa|Golisopod, M, shiny|100\/100\n|move|p1a: Hatterene|Mystical Fire|p2a: Chiripa\n|-damage|p2a: Chiripa|82\/100\n|-unboost|p2a: Chiripa|spa|1\n|\n|-heal|p1a: Hatterene|91\/100|[from] item: Leftovers\n|upkeep\n|turn|18\n|\n|t:|1699632880\n|move|p2a: Chiripa|Sucker Punch||[still]\n|-fail|p2a: Chiripa\n|move|p1a: Hatterene|Calm Mind|p1a: Hatterene\n|-boost|p1a: Hatterene|spa|1\n|-boost|p1a: Hatterene|spd|1\n|\n|-heal|p1a: Hatterene|97\/100|[from] item: Leftovers\n|-sideend|p1: wolfizin|move: Light Screen\n|upkeep\n|turn|19\n|\n|t:|1699632885\n|move|p2a: Chiripa|Sucker Punch||[still]\n|-fail|p2a: Chiripa\n|move|p1a: Hatterene|Calm Mind|p1a: Hatterene\n|-boost|p1a: Hatterene|spa|1\n|-boost|p1a: Hatterene|spd|1\n|\n|-heal|p1a: Hatterene|100\/100|[from] item: Leftovers\n|-sideend|p1: wolfizin|Reflect\n|upkeep\n|turn|20\n|\n|t:|1699632892\n|move|p2a: Chiripa|Sucker Punch|p1a: Hatterene\n|-damage|p1a: Hatterene|83\/100\n|move|p1a: Hatterene|Stored Power|p2a: Chiripa\n|-damage|p2a: Chiripa|5\/100\n|-activate|p2a: Chiripa|ability: Emergency Exit\n|\n|t:|1699632899\n|switch|p2a: Coquito|Scizor, M|87\/100\n|\n|-heal|p2a: Coquito|94\/100|[from] item: Leftovers\n|-heal|p1a: Hatterene|89\/100|[from] item: Leftovers\n|upkeep\n|turn|21\n|\n|t:|1699632903\n|move|p2a: Coquito|Bullet Punch|p1a: Hatterene\n|-supereffective|p1a: Hatterene\n|-damage|p1a: Hatterene|45\/100\n|move|p1a: Hatterene|Mystical Fire|p2a: Coquito\n|-supereffective|p2a: Coquito\n|-damage|p2a: Coquito|0 fnt\n|faint|p2a: Coquito\n|\n|-heal|p1a: Hatterene|51\/100|[from] item: Leftovers\n|upkeep\n|\n|t:|1699632908\n|switch|p2a: Avispa|Beedrill, F|100\/100\n|turn|22\n|\n|t:|1699632913\n|detailschange|p2a: Avispa|Beedrill-Mega, F\n|-mega|p2a: Avispa|Beedrill|Beedrillite\n|move|p2a: Avispa|Protect|p2a: Avispa\n|-singleturn|p2a: Avispa|Protect\n|move|p1a: Hatterene|Mystical Fire|p2a: Avispa\n|-activate|p2a: Avispa|move: Protect\n|\n|-heal|p1a: Hatterene|57\/100|[from] item: Leftovers\n|upkeep\n|turn|23\n|\n|t:|1699632921\n|move|p2a: Avispa|Poison Jab|p1a: Hatterene\n|-supereffective|p1a: Hatterene\n|-damage|p1a: Hatterene|0 fnt\n|faint|p1a: Hatterene\n|\n|upkeep\n|\n|t:|1699632925\n|switch|p1a: Lopunny|Lopunny, F, shiny|100\/100\n|turn|24\n|\n|t:|1699632932\n|detailschange|p1a: Lopunny|Lopunny-Mega, F, shiny\n|-mega|p1a: Lopunny|Lopunny|Lopunnite\n|move|p1a: Lopunny|Fake Out|p2a: Avispa\n|-damage|p2a: Avispa|52\/100\n|cant|p2a: Avispa|flinch\n|\n|upkeep\n|turn|25\n|\n|t:|1699632939\n|move|p2a: Avispa|U-turn|p1a: Lopunny\n|-resisted|p1a: Lopunny\n|-damage|p1a: Lopunny|65\/100\n|\n|t:|1699632946\n|switch|p2a: Cien|Scolipede, F|100\/100|[from] U-turn\n|move|p1a: Lopunny|Frustration|p2a: Cien\n|-damage|p2a: Cien|25\/100\n|\n|upkeep\n|turn|26\n|\n|t:|1699632956\n|move|p1a: Lopunny|Frustration|p2a: Cien\n|-damage|p2a: Cien|0 fnt\n|faint|p2a: Cien\n|\n|upkeep\n|\n|t:|1699632961\n|switch|p2a: Chiripa|Golisopod, M, shiny|5\/100\n|turn|27\n|\n|t:|1699632965\n|move|p1a: Lopunny|U-turn|p2a: Chiripa\n|-damage|p2a: Chiripa|0 fnt\n|faint|p2a: Chiripa\n|\n|t:|1699632969\n|switch|p1a: Ambipom|Ambipom, F|100\/100|[from] U-turn\n|\n|upkeep\n|\n|t:|1699632978\n|switch|p2a: Avispa|Beedrill-Mega, F|52\/100\n|turn|28\n|\n|t:|1699632984\n|move|p1a: Ambipom|Fake Out|p2a: Avispa\n|-damage|p2a: Avispa|0 fnt\n|faint|p2a: Avispa\n|\n|upkeep\n|\n|t:|1699632987\n|switch|p2a: Mosca|Ribombee, M|1\/100\n|turn|29\n|\n|t:|1699632993\n|move|p1a: Ambipom|U-turn|p2a: Mosca\n|-resisted|p2a: Mosca\n|-damage|p2a: Mosca|0 fnt\n|faint|p2a: Mosca\n|\n|t:|1699632998\n|switch|p1a: Lopunny|Lopunny-Mega, F, shiny|65\/100|[from] U-turn\n|\n|upkeep\n|\n|t:|1699633001\n|switch|p2a: Pegon|Vikavolt, M|82\/100\n|turn|30\n|\n|t:|1699633011\n|move|p1a: Lopunny|Fake Out|p2a: Pegon\n|-damage|p2a: Pegon|61\/100\n|cant|p2a: Pegon|flinch\n|\n|-heal|p2a: Pegon|67\/100|[from] item: Leftovers\n|upkeep\n|turn|31\n|\n|t:|1699633017\n|move|p1a: Lopunny|Frustration|p2a: Pegon\n|-damage|p2a: Pegon|13\/100\n|move|p2a: Pegon|Roost|p2a: Pegon\n|-heal|p2a: Pegon|63\/100\n|-singleturn|p2a: Pegon|move: Roost\n|\n|-heal|p2a: Pegon|69\/100|[from] item: Leftovers\n|upkeep\n|turn|32\n|\n|t:|1699633027\n|move|p1a: Lopunny|Frustration|p2a: Pegon\n|-damage|p2a: Pegon|14\/100\n|move|p2a: Pegon|Energy Ball|p1a: Lopunny\n|-damage|p1a: Lopunny|21\/100\n|\n|-heal|p2a: Pegon|20\/100|[from] item: Leftovers\n|upkeep\n|turn|33\n|\n|t:|1699633035\n|move|p1a: Lopunny|Frustration|p2a: Pegon\n|-damage|p2a: Pegon|0 fnt\n|faint|p2a: Pegon\n|\n|win|wolfizin\n|raw|wolfizin's rating: 1000 &rarr; <strong>1045<\/strong><br \/>(+45 for winning)\n|raw|venusrafa's rating: 1044 &rarr; <strong>1025<\/strong><br \/>(-19 for losing)\n|l|\u2606venusrafa\n","uploadtime":1699633045,"views":5,"p1id":"wolfizin","p2id":"venusrafa","formatid":"gen9nationaldex","rating":1025,"private":0,"password":""}