{"id":"gen9nationaldex-1999236311","p1":"pencildropper","p2":"Schplorth","format":"[Gen 9] National Dex","log":"|html|<div class=\"broadcast-blue\"><strong>[Gen 9] National Dex is currently suspecting Sneasler! For information on how to participate check out the <a href=\"https:\/\/www.smogon.com\/forums\/threads\/sv-national-dex-suspect-8-just-dance.3731534\/\">suspect thread<\/a>.<\/strong><\/div>\n|j|\u2606pencildropper\n|j|\u2606Schplorth\n|t:|1701049047\n|gametype|singles\n|player|p1|pencildropper|clown|1511\n|player|p2|Schplorth|169|1429\n|teamsize|p1|6\n|teamsize|p2|6\n|gen|9\n|tier|[Gen 9] National Dex\n|rated|\n|rule|HP Percentage Mod: HP is shown in percentages\n|rule|Endless Battle Clause: Forcing endless battles is banned\n|rule|OHKO Clause: OHKO moves are banned\n|rule|Evasion Clause: Evasion abilities, items, and moves are banned\n|rule|Evasion Abilities Clause: Evasion abilities are banned\n|rule|Evasion Items Clause: Evasion items are banned\n|rule|Evasion Moves Clause: Evasion moves are banned\n|rule|Species Clause: Limit one of each Pok\u00e9mon\n|rule|Sleep Clause Mod: Limit one foe put to sleep\n|clearpoke\n|poke|p1|Gliscor, F|\n|poke|p1|Alomomola, M|\n|poke|p1|Ferrothorn, F|\n|poke|p1|Cinderace, F|\n|poke|p1|Tapu Koko|\n|poke|p1|Mawile, M|\n|poke|p2|Rotom-Heat|\n|poke|p2|Whimsicott, F|\n|poke|p2|Espeon, F|\n|poke|p2|Golisopod, M|\n|poke|p2|Hawlucha, M|\n|poke|p2|Barraskewda, M|\n|teampreview\n|\n|t:|1701049056\n|start\n|switch|p1a: Gliscor|Gliscor, F|100\/100\n|switch|p2a: Rotom|Rotom-Heat|100\/100\n|turn|1\n|\n|t:|1701049067\n|switch|p1a: Cinderace|Cinderace, F|100\/100\n|switch|p2a: Espeon|Espeon, F|100\/100\n|\n|upkeep\n|turn|2\n|\n|t:|1701049074\n|move|p1a: Cinderace|U-turn|p2a: Espeon\n|-supereffective|p2a: Espeon\n|-damage|p2a: Espeon|24\/100\n|\n|t:|1701049087\n|switch|p1a: Mawile|Mawile, M|100\/100|[from] U-turn\n|-ability|p1a: Mawile|Intimidate|boost\n|-unboost|p2a: Espeon|atk|1\n|move|p2a: Espeon|Power Gem|p1a: Mawile\n|-resisted|p1a: Mawile\n|-damage|p1a: Mawile|71\/100\n|\n|upkeep\n|turn|3\n|\n|t:|1701049097\n|switch|p2a: Barraskewda|Barraskewda, M|100\/100\n|detailschange|p1a: Mawile|Mawile-Mega, M\n|-mega|p1a: Mawile|Mawile|Mawilite\n|move|p1a: Mawile|Knock Off|p2a: Barraskewda\n|-damage|p2a: Barraskewda|0 fnt\n|-enditem|p2a: Barraskewda|Choice Band|[from] move: Knock Off|[of] p1a: Mawile\n|faint|p2a: Barraskewda\n|\n|upkeep\n|\n|t:|1701049110\n|switch|p2a: Rotom|Rotom-Heat|100\/100\n|turn|4\n|\n|t:|1701049121\n|switch|p1a: Cinderace|Cinderace, F|100\/100\n|move|p2a: Rotom|Overheat|p1a: Cinderace\n|-resisted|p1a: Cinderace\n|-damage|p1a: Cinderace|58\/100\n|-unboost|p2a: Rotom|spa|2\n|-enditem|p2a: Rotom|Eject Pack\n|\n|t:|1701049127\n|switch|p2a: Hawlucha|Hawlucha, M|100\/100\n|\n|upkeep\n|turn|5\n|\n|t:|1701049133\n|-terastallize|p2a: Hawlucha|Rock\n|move|p1a: Cinderace|Pyro Ball|p2a: Hawlucha\n|-resisted|p2a: Hawlucha\n|-damage|p2a: Hawlucha|62\/100\n|move|p2a: Hawlucha|Swagger|p1a: Cinderace\n|-boost|p1a: Cinderace|atk|2\n|-enditem|p2a: Hawlucha|Mirror Herb\n|-boost|p2a: Hawlucha|atk|2|[from] item: Mirror Herb\n|-start|p1a: Cinderace|confusion\n|\n|upkeep\n|turn|6\n|\n|t:|1701049142\n|move|p2a: Hawlucha|Acrobatics|p1a: Cinderace\n|-damage|p1a: Cinderace|0 fnt\n|faint|p1a: Cinderace\n|\n|upkeep\n|\n|t:|1701049148\n|switch|p1a: Alomomola|Alomomola, M|100\/100\n|turn|7\n|\n|t:|1701049150\n|move|p2a: Hawlucha|High Jump Kick|p1a: Alomomola\n|-damage|p1a: Alomomola|27\/100\n|move|p1a: Alomomola|Toxic|p2a: Hawlucha|[miss]\n|-miss|p1a: Alomomola|p2a: Hawlucha\n|\n|upkeep\n|turn|8\n|\n|t:|1701049160\n|move|p1a: Alomomola|Protect|p1a: Alomomola\n|-singleturn|p1a: Alomomola|Protect\n|move|p2a: Hawlucha|Acrobatics|p1a: Alomomola\n|-activate|p1a: Alomomola|move: Protect\n|\n|upkeep\n|turn|9\n|\n|t:|1701049167\n|switch|p1a: Ferrothorn|Ferrothorn, F|100\/100\n|move|p2a: Hawlucha|Stone Edge|p1a: Ferrothorn\n|-resisted|p1a: Ferrothorn\n|-damage|p1a: Ferrothorn|68\/100\n|\n|-heal|p1a: Ferrothorn|75\/100|[from] item: Leftovers\n|upkeep\n|turn|10\n|\n|t:|1701049175\n|-terastallize|p1a: Ferrothorn|Ghost\n|move|p2a: Hawlucha|High Jump Kick|p1a: Ferrothorn\n|-immune|p1a: Ferrothorn\n|-damage|p2a: Hawlucha|12\/100|[from] highjumpkick\n|move|p1a: Ferrothorn|Gyro Ball|p2a: Hawlucha\n|-supereffective|p2a: Hawlucha\n|-damage|p2a: Hawlucha|0 fnt\n|faint|p2a: Hawlucha\n|\n|-heal|p1a: Ferrothorn|81\/100|[from] item: Leftovers\n|upkeep\n|\n|t:|1701049178\n|switch|p2a: Espeon|Espeon, F|24\/100\n|turn|11\n|\n|t:|1701049182\n|move|p2a: Espeon|Shadow Ball|p1a: Ferrothorn\n|-supereffective|p1a: Ferrothorn\n|-damage|p1a: Ferrothorn|42\/100\n|move|p1a: Ferrothorn|Gyro Ball|p2a: Espeon\n|-damage|p2a: Espeon|0 fnt\n|faint|p2a: Espeon\n|\n|-heal|p1a: Ferrothorn|49\/100|[from] item: Leftovers\n|upkeep\n|\n|t:|1701049196\n|switch|p2a: Rotom|Rotom-Heat|100\/100\n|turn|12\n|\n|t:|1701049202\n|move|p2a: Rotom|Toxic|p1a: Ferrothorn|[miss]\n|-miss|p2a: Rotom|p1a: Ferrothorn\n|move|p1a: Ferrothorn|Leech Seed|p2a: Rotom\n|-start|p2a: Rotom|move: Leech Seed\n|\n|-heal|p1a: Ferrothorn|55\/100|[from] item: Leftovers\n|-damage|p2a: Rotom|88\/100|[from] Leech Seed|[of] p1a: Ferrothorn\n|-heal|p1a: Ferrothorn|65\/100|[silent]\n|upkeep\n|turn|13\n|\n|t:|1701049205\n|move|p2a: Rotom|Toxic|p1a: Ferrothorn|[miss]\n|-miss|p2a: Rotom|p1a: Ferrothorn\n|move|p1a: Ferrothorn|Stealth Rock|p2a: Rotom\n|-sidestart|p2: Schplorth|move: Stealth Rock\n|\n|-heal|p1a: Ferrothorn|72\/100|[from] item: Leftovers\n|-damage|p2a: Rotom|76\/100|[from] Leech Seed|[of] p1a: Ferrothorn\n|-heal|p1a: Ferrothorn|82\/100|[silent]\n|upkeep\n|turn|14\n|\n|t:|1701049210\n|switch|p1a: Gliscor|Gliscor, F|100\/100\n|move|p2a: Rotom|Toxic|p1a: Gliscor\n|-status|p1a: Gliscor|tox\n|\n|-damage|p2a: Rotom|64\/100|[from] Leech Seed|[of] p1a: Gliscor\n|upkeep\n|turn|15\n|\n|t:|1701049217\n|move|p1a: Gliscor|Swords Dance|p1a: Gliscor\n|-boost|p1a: Gliscor|atk|2\n|move|p2a: Rotom|Overheat|p1a: Gliscor\n|-damage|p1a: Gliscor|46\/100 tox\n|-unboost|p2a: Rotom|spa|2\n|\n|-damage|p2a: Rotom|52\/100|[from] Leech Seed|[of] p1a: Gliscor\n|-heal|p1a: Gliscor|56\/100 tox|[silent]\n|-heal|p1a: Gliscor|69\/100 tox|[from] ability: Poison Heal\n|upkeep\n|turn|16\n|\n|t:|1701049226\n|move|p1a: Gliscor|Facade|p2a: Rotom\n|-damage|p2a: Rotom|0 fnt\n|faint|p2a: Rotom\n|\n|-heal|p1a: Gliscor|81\/100 tox|[from] ability: Poison Heal\n|upkeep\n|\n|t:|1701049232\n|switch|p2a: Whimsicott|Whimsicott, F|100\/100\n|-damage|p2a: Whimsicott|88\/100|[from] Stealth Rock\n|turn|17\n|\n|t:|1701049238\n|move|p2a: Whimsicott|Memento|p1a: Gliscor\n|-unboost|p1a: Gliscor|atk|2\n|-unboost|p1a: Gliscor|spa|2\n|faint|p2a: Whimsicott\n|move|p1a: Gliscor|Facade|p2: Whimsicott|[notarget]\n|-fail|p1a: Gliscor\n|\n|-heal|p1a: Gliscor|94\/100 tox|[from] ability: Poison Heal\n|upkeep\n|\n|t:|1701049246\n|switch|p2a: Golisopod|Golisopod, M, shiny|100\/100\n|-damage|p2a: Golisopod|76\/100|[from] Stealth Rock\n|turn|18\n|\n|t:|1701049248\n|move|p1a: Gliscor|Swords Dance|p1a: Gliscor\n|-boost|p1a: Gliscor|atk|2\n|move|p2a: Golisopod|Swords Dance|p2a: Golisopod\n|-boost|p2a: Golisopod|atk|2\n|\n|-heal|p2a: Golisopod|82\/100|[from] item: Leftovers\n|-heal|p1a: Gliscor|100\/100 tox|[from] ability: Poison Heal\n|upkeep\n|turn|19\n|\n|t:|1701049258\n|move|p2a: Golisopod|Aqua Jet|p1a: Gliscor\n|-supereffective|p1a: Gliscor\n|-damage|p1a: Gliscor|32\/100 tox\n|move|p1a: Gliscor|Facade|p2a: Golisopod\n|-damage|p2a: Golisopod|39\/100\n|\n|-heal|p2a: Golisopod|45\/100|[from] item: Leftovers\n|-heal|p1a: Gliscor|45\/100 tox|[from] ability: Poison Heal\n|upkeep\n|turn|20\n|\n|t:|1701049269\n|switch|p1a: Ferrothorn|Ferrothorn, F, tera:Ghost|82\/100\n|move|p2a: Golisopod|Swords Dance|p2a: Golisopod\n|-boost|p2a: Golisopod|atk|2\n|\n|-heal|p2a: Golisopod|51\/100|[from] item: Leftovers\n|-heal|p1a: Ferrothorn|88\/100|[from] item: Leftovers\n|upkeep\n|turn|21\n|\n|t:|1701049282\n|move|p2a: Golisopod|Swords Dance|p2a: Golisopod\n|-boost|p2a: Golisopod|atk|2\n|move|p1a: Ferrothorn|Power Whip|p2a: Golisopod\n|-damage|p2a: Golisopod|23\/100\n|\n|-heal|p2a: Golisopod|30\/100|[from] item: Leftovers\n|-heal|p1a: Ferrothorn|95\/100|[from] item: Leftovers\n|upkeep\n|turn|22\n|\n|t:|1701049291\n|move|p2a: Golisopod|Sucker Punch|p1a: Ferrothorn\n|-supereffective|p1a: Ferrothorn\n|-damage|p1a: Ferrothorn|0 fnt\n|-damage|p2a: Golisopod|17\/100|[from] ability: Iron Barbs|[of] p1a: Ferrothorn\n|faint|p1a: Ferrothorn\n|\n|-heal|p2a: Golisopod|23\/100|[from] item: Leftovers\n|upkeep\n|\n|t:|1701049298\n|switch|p1a: Mawile|Mawile-Mega, M|71\/100\n|turn|23\n|\n|t:|1701049304\n|move|p2a: Golisopod|Aqua Jet|p1a: Mawile\n|-crit|p1a: Mawile\n|-damage|p1a: Mawile|0 fnt\n|faint|p1a: Mawile\n|\n|-heal|p2a: Golisopod|30\/100|[from] item: Leftovers\n|upkeep\n|\n|t:|1701049311\n|switch|p1a: Alomomola|Alomomola, M|60\/100\n|turn|24\n|\n|t:|1701049316\n|move|p1a: Alomomola|Toxic|p2a: Golisopod\n|-status|p2a: Golisopod|tox\n|move|p2a: Golisopod|Leech Life|p1a: Alomomola\n|-damage|p1a: Alomomola|0 fnt\n|-heal|p2a: Golisopod|70\/100 tox|[from] drain|[of] p1a: Alomomola\n|faint|p1a: Alomomola\n|\n|-heal|p2a: Golisopod|76\/100 tox|[from] item: Leftovers\n|-damage|p2a: Golisopod|70\/100 tox|[from] psn\n|upkeep\n|\n|t:|1701049326\n|switch|p1a: Gliscor|Gliscor, F|45\/100 tox\n|turn|25\n|\n|t:|1701049330\n|move|p2a: Golisopod|Aqua Jet|p1a: Gliscor\n|-supereffective|p1a: Gliscor\n|-damage|p1a: Gliscor|0 fnt\n|faint|p1a: Gliscor\n|\n|-heal|p2a: Golisopod|76\/100 tox|[from] item: Leftovers\n|-damage|p2a: Golisopod|64\/100 tox|[from] psn\n|upkeep\n|\n|t:|1701049337\n|switch|p1a: Tapu Koko|Tapu Koko|100\/100\n|-fieldstart|move: Electric Terrain|[from] ability: Electric Surge|[of] p1a: Tapu Koko\n|turn|26\n|\n|t:|1701049341\n|move|p2a: Golisopod|Aqua Jet|p1a: Tapu Koko\n|-damage|p1a: Tapu Koko|0 fnt\n|faint|p1a: Tapu Koko\n|\n|win|Schplorth\n|raw|pencildropper's rating: 1527 &rarr; <strong>1502<\/strong><br \/>(-25 for losing)\n|raw|Schplorth's rating: 1429 &rarr; <strong>1454<\/strong><br \/>(+25 for winning)\n|l|\u2606pencildropper\n","uploadtime":1701049506,"views":4,"p1id":"pencildropper","p2id":"schplorth","formatid":"gen9nationaldex","rating":1454,"private":0,"password":""}