{"id":"gen9nationaldex-1990959008","p1":"fezanskibidi","p2":"Adamantpugoffical","format":"[Gen 9] National Dex","log":"|j|\u2606fezanskibidi\n|j|\u2606Adamantpugoffical\n|t:|1700019888\n|gametype|singles\n|player|p1|fezanskibidi|skyla|1094\n|player|p2|Adamantpugoffical|2|1000\n|teamsize|p1|6\n|teamsize|p2|6\n|gen|9\n|tier|[Gen 9] National Dex\n|rated|\n|rule|HP Percentage Mod: HP is shown in percentages\n|rule|Endless Battle Clause: Forcing endless battles is banned\n|rule|OHKO Clause: OHKO moves are banned\n|rule|Evasion Clause: Evasion abilities, items, and moves are banned\n|rule|Evasion Abilities Clause: Evasion abilities are banned\n|rule|Evasion Items Clause: Evasion items are banned\n|rule|Evasion Moves Clause: Evasion moves are banned\n|rule|Species Clause: Limit one of each Pok\u00e9mon\n|rule|Sleep Clause Mod: Limit one foe put to sleep\n|clearpoke\n|poke|p1|Urshifu-*, F|\n|poke|p1|Scizor, F|\n|poke|p1|Zapdos|\n|poke|p1|Slowking-Galar, M|\n|poke|p1|Ting-Lu|\n|poke|p1|Garganacl, F|\n|poke|p2|Primarina, F|\n|poke|p2|Ribombee, F|\n|poke|p2|Braviary, M|\n|poke|p2|Vikavolt, M|\n|poke|p2|Drifloon, M|\n|poke|p2|Zorua, M|\n|teampreview\n|inactive|Battle timer is ON: inactive players will automatically lose when time's up. (requested by fezanskibidi)\n|\n|t:|1700019923\n|start\n|switch|p1a: Urshifu|Urshifu-Rapid-Strike, F|100\/100\n|switch|p2a: Ribombee|Ribombee, F, shiny|100\/100\n|turn|1\n|\n|t:|1700019948\n|-terastallize|p1a: Urshifu|Water\n|move|p2a: Ribombee|U-turn|p1a: Urshifu\n|-damage|p1a: Urshifu|85\/100\n|inactive|Adamantpugoffical has 120 seconds left.\n|\n|t:|1700019964\n|switch|p2a: Primarina|Primarina, F, shiny|100\/100|[from] U-turn\n|move|p1a: Urshifu|Surging Strikes|p2a: Primarina\n|-resisted|p2a: Primarina\n|-crit|p2a: Primarina\n|-damage|p2a: Primarina|85\/100\n|-resisted|p2a: Primarina\n|-crit|p2a: Primarina\n|-damage|p2a: Primarina|69\/100\n|-resisted|p2a: Primarina\n|-crit|p2a: Primarina\n|-damage|p2a: Primarina|54\/100\n|-hitcount|p2a: Primarina|3\n|\n|upkeep\n|turn|2\n|inactive|Adamantpugoffical has 120 seconds left.\n|\n|t:|1700019990\n|move|p1a: Urshifu|U-turn|p2a: Primarina\n|-resisted|p2a: Primarina\n|-damage|p2a: Primarina|38\/100\n|\n|t:|1700019992\n|switch|p1a: Slowking|Slowking-Galar, M|100\/100|[from] U-turn\n|move|p2a: Primarina|Misty Terrain|p2a: Primarina\n|-fieldstart|move: Misty Terrain\n|\n|upkeep\n|turn|3\n|\n|t:|1700020003\n|switch|p2a: Ribombee|Ribombee, F, shiny|100\/100\n|move|p1a: Slowking|Future Sight|p2a: Ribombee\n|-start|p1a: Slowking|move: Future Sight\n|\n|upkeep\n|turn|4\n|\n|t:|1700020014\n|move|p2a: Ribombee|U-turn|p1a: Slowking\n|-damage|p1a: Slowking|87\/100\n|inactive|Adamantpugoffical has 90 seconds left.\n|\n|t:|1700020040\n|switch|p2a: Primarina|Primarina, F, shiny|100\/100|[from] U-turn\n|move|p1a: Slowking|Sludge Bomb|p2a: Primarina\n|-damage|p2a: Primarina|0 fnt\n|replace|p2a: Zorua|Zorua, M, shiny\n|-end|p2a: Zorua|Illusion\n|faint|p2a: Zorua\n|\n|upkeep\n|inactive|Adamantpugoffical has 90 seconds left.\n|\n|t:|1700020059\n|switch|p2a: Drifloon|Drifloon, M, shiny|100\/100\n|turn|5\n|\n|t:|1700020064\n|move|p2a: Drifloon|Memento|p1a: Slowking\n|-unboost|p1a: Slowking|atk|2\n|-unboost|p1a: Slowking|spa|2\n|faint|p2a: Drifloon\n|move|p1a: Slowking|Psychic|p2: Drifloon|[notarget]\n|-fail|p1a: Slowking\n|\n|-hint|Future Sight did not hit because the target is fainted.\n|upkeep\n|inactive|Adamantpugoffical has 90 seconds left.\n|\n|t:|1700020078\n|switch|p2a: Braviary|Braviary, M, shiny|100\/100\n|turn|6\n|inactive|Adamantpugoffical has 90 seconds left.\n|\n|t:|1700020085\n|-terastallize|p2a: Braviary|Dark\n|move|p2a: Braviary|Substitute|p2a: Braviary\n|-start|p2a: Braviary|Substitute\n|-damage|p2a: Braviary|76\/100\n|move|p1a: Slowking|Chilly Reception|p1a: Slowking\n|-weather|Snow\n|\n|t:|1700020091\n|switch|p1a: Urshifu|Urshifu-Rapid-Strike, F, tera:Water|85\/100|[from] Chilly Reception\n|\n|-weather|Snow|[upkeep]\n|-fieldend|Misty Terrain\n|upkeep\n|turn|7\n|\n|t:|1700020098\n|move|p1a: Urshifu|Surging Strikes|p2a: Braviary\n|-crit|p2a: Braviary\n|-end|p2a: Braviary|Substitute\n|-crit|p2a: Braviary\n|-damage|p2a: Braviary|41\/100\n|-crit|p2a: Braviary\n|-damage|p2a: Braviary|5\/100\n|-hitcount|p2a: Braviary|3\n|move|p2a: Braviary|Roost|p2a: Braviary\n|-heal|p2a: Braviary|55\/100\n|\n|-weather|Snow|[upkeep]\n|upkeep\n|turn|8\n|\n|t:|1700020110\n|move|p1a: Urshifu|Surging Strikes|p2a: Braviary\n|-crit|p2a: Braviary\n|-damage|p2a: Braviary|20\/100\n|-crit|p2a: Braviary\n|-damage|p2a: Braviary|0 fnt\n|faint|p2a: Braviary\n|-hitcount|p2: Braviary|2\n|\n|-weather|Snow|[upkeep]\n|upkeep\n|\n|t:|1700020124\n|switch|p2a: Ribombee|Ribombee, F, shiny|100\/100\n|turn|9\n|\n|t:|1700020129\n|move|p1a: Urshifu|Aqua Jet|p2a: Ribombee\n|-damage|p2a: Ribombee|45\/100\n|move|p2a: Ribombee|Stun Spore|p1a: Urshifu|[miss]\n|-miss|p2a: Ribombee|p1a: Urshifu\n|\n|-weather|Snow|[upkeep]\n|upkeep\n|turn|10\n|\n|t:|1700020137\n|move|p1a: Urshifu|Aqua Jet|p2a: Ribombee\n|-damage|p2a: Ribombee|0 fnt\n|faint|p2a: Ribombee\n|\n|-weather|none\n|upkeep\n|-message|Adamantpugoffical forfeited.\n|\n|win|fezanskibidi\n|raw|fezanskibidi's rating: 1094 &rarr; <strong>1113<\/strong><br \/>(+19 for winning)\n|raw|Adamantpugoffical's rating: 1000 &rarr; <strong>1000<\/strong><br \/>(+0 for losing)\n|l|\u2606Adamantpugoffical\n","uploadtime":1700020148,"views":4,"p1id":"fezanskibidi","p2id":"adamantpugoffical","formatid":"gen9nationaldex","rating":1000,"private":0,"password":""}