{"id":"gen9nationaldex-1999657295","p1":"Tukitiko","p2":"captainpuff123","format":"[Gen 9] National Dex","log":"|html|<div class=\"broadcast-blue\"><strong>[Gen 9] National Dex is currently suspecting Sneasler! For information on how to participate check out the <a href=\"https:\/\/www.smogon.com\/forums\/threads\/sv-national-dex-suspect-8-just-dance.3731534\/\">suspect thread<\/a>.<\/strong><\/div>\n|j|\u2606Tukitiko\n|j|\u2606captainpuff123\n|t:|1701105209\n|gametype|singles\n|player|p1|Tukitiko|lusamine-nihilego|1275\n|player|p2|captainpuff123|2|1369\n|teamsize|p1|6\n|teamsize|p2|6\n|gen|9\n|tier|[Gen 9] National Dex\n|rated|\n|rule|HP Percentage Mod: HP is shown in percentages\n|rule|Endless Battle Clause: Forcing endless battles is banned\n|rule|OHKO Clause: OHKO moves are banned\n|rule|Evasion Clause: Evasion abilities, items, and moves are banned\n|rule|Evasion Abilities Clause: Evasion abilities are banned\n|rule|Evasion Items Clause: Evasion items are banned\n|rule|Evasion Moves Clause: Evasion moves are banned\n|rule|Species Clause: Limit one of each Pok\u00e9mon\n|rule|Sleep Clause Mod: Limit one foe put to sleep\n|clearpoke\n|poke|p1|Jellicent, F|\n|poke|p1|Sneasler, M|\n|poke|p1|Rillaboom, M|\n|poke|p1|Venusaur, M|\n|poke|p1|Kartana|\n|poke|p1|Volcanion|\n|poke|p2|Ferrothorn, M|\n|poke|p2|Urshifu-*, M|\n|poke|p2|Iron Hands|\n|poke|p2|Garchomp, M|\n|poke|p2|Charizard, M|\n|poke|p2|Great Tusk|\n|teampreview\n|inactive|Battle timer is ON: inactive players will automatically lose when time's up. (requested by captainpuff123)\n|inactive|Tukitiko also wants the timer to be on.\n|j| Sconex\n|\n|t:|1701105216\n|start\n|switch|p1a: Rillaboom|Rillaboom, M|100\/100\n|switch|p2a: Mr UU|Garchomp, M|100\/100\n|-fieldstart|move: Grassy Terrain|[from] ability: Grassy Surge|[of] p1a: Rillaboom\n|turn|1\n|\n|t:|1701105221\n|-zpower|p2a: Mr UU\n|move|p2a: Mr UU|Devastating Drake|p1a: Rillaboom|[zeffect]\n|-crit|p1a: Rillaboom\n|-damage|p1a: Rillaboom|0 fnt\n|faint|p1a: Rillaboom\n|\n|upkeep\n|\n|t:|1701105228\n|switch|p1a: Volcanion|Volcanion|100\/100\n|turn|2\n|c|\u2606captainpuff123|Crit mattered\n|\n|t:|1701105241\n|move|p2a: Mr UU|Swords Dance|p2a: Mr UU\n|-boost|p2a: Mr UU|atk|2\n|move|p1a: Volcanion|Steam Eruption|p2a: Mr UU\n|-damage|p2a: Mr UU|30\/100\n|\n|-heal|p2a: Mr UU|36\/100|[from] Grassy Terrain\n|upkeep\n|turn|3\n|\n|t:|1701105246\n|-terastallize|p1a: Volcanion|Flying\n|move|p2a: Mr UU|Earthquake|p1a: Volcanion\n|-immune|p1a: Volcanion\n|move|p1a: Volcanion|Steam Eruption|p2a: Mr UU\n|-damage|p2a: Mr UU|0 fnt\n|faint|p2a: Mr UU\n|\n|upkeep\n|\n|t:|1701105253\n|switch|p2a: Mr handy|Iron Hands|100\/100\n|-enditem|p2a: Mr handy|Booster Energy\n|-activate|p2a: Mr handy|ability: Quark Drive|[fromitem]\n|-start|p2a: Mr handy|quarkdriveatk\n|turn|4\n|\n|t:|1701105257\n|move|p1a: Volcanion|Steam Eruption|p2a: Mr handy\n|-damage|p2a: Mr handy|39\/100\n|-status|p2a: Mr handy|brn\n|move|p2a: Mr handy|Thunder Punch|p1a: Volcanion\n|-supereffective|p1a: Volcanion\n|-damage|p1a: Volcanion|50\/100\n|\n|-heal|p2a: Mr handy|45\/100 brn|[from] Grassy Terrain\n|-damage|p2a: Mr handy|39\/100 brn|[from] brn\n|upkeep\n|turn|5\n|\n|t:|1701105266\n|move|p1a: Volcanion|Tera Blast|p2a: Mr handy|[anim] Tera Blast Flying\n|-damage|p2a: Mr handy|0 fnt\n|faint|p2a: Mr handy\n|-end|p2a: Mr handy|Quark Drive|[silent]\n|\n|upkeep\n|\n|t:|1701105271\n|switch|p2a: Ragnar|Urshifu-Rapid-Strike, M|100\/100\n|turn|6\n|\n|t:|1701105276\n|move|p2a: Ragnar|Surging Strikes|p1a: Volcanion\n|-heal|p1a: Volcanion|75\/100|[from] ability: Water Absorb|[of] p2a: Ragnar\n|move|p1a: Volcanion|Tera Blast|p2a: Ragnar|[anim] Tera Blast Flying\n|-supereffective|p2a: Ragnar\n|-damage|p2a: Ragnar|0 fnt\n|faint|p2a: Ragnar\n|\n|upkeep\n|\n|t:|1701105281\n|switch|p2a: Utility belt|Great Tusk|100\/100\n|turn|7\n|\n|t:|1701105284\n|move|p2a: Utility belt|Ice Spinner|p1a: Volcanion\n|-supereffective|p1a: Volcanion\n|-crit|p1a: Volcanion\n|-damage|p1a: Volcanion|12\/100\n|-fieldend|move: Grassy Terrain\n|move|p1a: Volcanion|Steam Eruption|p2a: Utility belt\n|-supereffective|p2a: Utility belt\n|-crit|p2a: Utility belt\n|-damage|p2a: Utility belt|0 fnt\n|faint|p2a: Utility belt\n|-end|p2a: Utility belt|Protosynthesis|[silent]\n|\n|upkeep\n|\n|t:|1701105296\n|switch|p2a: My baby|Charizard, M, shiny|100\/100\n|turn|8\n|\n|t:|1701105298\n|detailschange|p2a: My baby|Charizard-Mega-Y, M, shiny\n|-mega|p2a: My baby|Charizard|Charizardite Y\n|-weather|SunnyDay|[from] ability: Drought|[of] p2a: My baby\n|move|p2a: My baby|Solar Beam||[still]\n|-prepare|p2a: My baby|Solar Beam\n|-anim|p2a: My baby|Solar Beam|p1a: Volcanion\n|-resisted|p1a: Volcanion\n|-damage|p1a: Volcanion|0 fnt\n|faint|p1a: Volcanion\n|\n|-weather|SunnyDay|[upkeep]\n|upkeep\n|\n|t:|1701105316\n|switch|p1a: Sneasler|Sneasler, M|100\/100\n|turn|9\n|\n|t:|1701105323\n|move|p1a: Sneasler|Dire Claw|p2a: My baby\n|-damage|p2a: My baby|43\/100\n|move|p2a: My baby|Scorching Sands|p1a: Sneasler\n|-supereffective|p1a: Sneasler\n|-damage|p1a: Sneasler|19\/100\n|\n|-weather|SunnyDay|[upkeep]\n|upkeep\n|turn|10\n|\n|t:|1701105330\n|switch|p2a: Mr homophobia|Ferrothorn, M|100\/100\n|move|p1a: Sneasler|Dire Claw|p2a: Mr homophobia\n|-immune|p2a: Mr homophobia\n|\n|-weather|SunnyDay|[upkeep]\n|upkeep\n|turn|11\n|\n|t:|1701105335\n|switch|p1a: Jellicent|Jellicent, F|100\/100\n|move|p2a: Mr homophobia|Curse|p2a: Mr homophobia\n|-unboost|p2a: Mr homophobia|spe|1\n|-boost|p2a: Mr homophobia|atk|1\n|-boost|p2a: Mr homophobia|def|1\n|\n|-weather|SunnyDay|[upkeep]\n|upkeep\n|turn|12\n|\n|t:|1701105344\n|move|p1a: Jellicent|Substitute|p1a: Jellicent\n|-start|p1a: Jellicent|Substitute\n|-damage|p1a: Jellicent|75\/100\n|move|p2a: Mr homophobia|Leech Seed||[still]\n|-fail|p2a: Mr homophobia\n|\n|-weather|none\n|-heal|p1a: Jellicent|82\/100|[from] item: Leftovers\n|upkeep\n|turn|13\n|inactive|Tukitiko has 120 seconds left.\n|c|\u2606Tukitiko|why mr. homophobia?\n|\n|t:|1701105402\n|move|p1a: Jellicent|Scald|p2a: Mr homophobia\n|-resisted|p2a: Mr homophobia\n|-damage|p2a: Mr homophobia|91\/100\n|move|p2a: Mr homophobia|Power Whip|p1a: Jellicent\n|-supereffective|p1a: Jellicent\n|-end|p1a: Jellicent|Substitute\n|\n|-heal|p1a: Jellicent|88\/100|[from] item: Leftovers\n|-heal|p2a: Mr homophobia|97\/100|[from] item: Leftovers\n|upkeep\n|turn|14\n|c|\u2606captainpuff123|Bc of the copy pasta\n|\n|t:|1701105422\n|switch|p1a: Venusaur|Venusaur, M, shiny|100\/100\n|move|p2a: Mr homophobia|Power Whip|p1a: Venusaur\n|-resisted|p1a: Venusaur\n|-damage|p1a: Venusaur|80\/100\n|\n|-heal|p2a: Mr homophobia|100\/100|[from] item: Leftovers\n|upkeep\n|turn|15\n|\n|t:|1701105431\n|detailschange|p1a: Venusaur|Venusaur-Mega, M, shiny\n|-mega|p1a: Venusaur|Venusaur|Venusaurite\n|move|p1a: Venusaur|Earth Power|p2a: Mr homophobia\n|-damage|p2a: Mr homophobia|77\/100\n|move|p2a: Mr homophobia|Gyro Ball|p1a: Venusaur\n|-damage|p1a: Venusaur|13\/100\n|\n|-heal|p2a: Mr homophobia|83\/100|[from] item: Leftovers\n|upkeep\n|turn|16\n|\n|t:|1701105440\n|move|p1a: Venusaur|Earth Power|p2a: Mr homophobia\n|-damage|p2a: Mr homophobia|55\/100\n|move|p2a: Mr homophobia|Curse|p2a: Mr homophobia\n|-unboost|p2a: Mr homophobia|spe|1\n|-boost|p2a: Mr homophobia|atk|1\n|-boost|p2a: Mr homophobia|def|1\n|\n|-heal|p2a: Mr homophobia|62\/100|[from] item: Leftovers\n|upkeep\n|turn|17\n|c|\u2606Tukitiko|oooh ok ok\n|\n|t:|1701105465\n|move|p1a: Venusaur|Earth Power|p2a: Mr homophobia\n|-damage|p2a: Mr homophobia|37\/100\n|move|p2a: Mr homophobia|Gyro Ball|p1a: Venusaur\n|-damage|p1a: Venusaur|0 fnt\n|faint|p1a: Venusaur\n|\n|-heal|p2a: Mr homophobia|43\/100|[from] item: Leftovers\n|upkeep\n|c|\u2606captainpuff123|He just doesn\u2019t think it\u2019s natural\n|\n|t:|1701105471\n|switch|p1a: Kartana|Kartana|100\/100\n|turn|18\n|\n|t:|1701105478\n|move|p1a: Kartana|X-Scissor|p2a: Mr homophobia\n|-damage|p2a: Mr homophobia|33\/100\n|-damage|p1a: Kartana|88\/100|[from] ability: Iron Barbs|[of] p2a: Mr homophobia\n|move|p2a: Mr homophobia|Gyro Ball|p1a: Kartana\n|-resisted|p1a: Kartana\n|-damage|p1a: Kartana|39\/100\n|\n|-heal|p2a: Mr homophobia|39\/100|[from] item: Leftovers\n|upkeep\n|turn|19\n|\n|t:|1701105489\n|move|p1a: Kartana|X-Scissor|p2a: Mr homophobia\n|-damage|p2a: Mr homophobia|30\/100\n|-damage|p1a: Kartana|27\/100|[from] ability: Iron Barbs|[of] p2a: Mr homophobia\n|move|p2a: Mr homophobia|Gyro Ball|p1a: Kartana\n|-resisted|p1a: Kartana\n|-damage|p1a: Kartana|0 fnt\n|faint|p1a: Kartana\n|\n|-heal|p2a: Mr homophobia|36\/100|[from] item: Leftovers\n|upkeep\n|\n|t:|1701105493\n|switch|p1a: Jellicent|Jellicent, F|88\/100\n|turn|20\n|\n|t:|1701105498\n|move|p1a: Jellicent|Strength Sap|p2a: Mr homophobia\n|-unboost|p2a: Mr homophobia|atk|1\n|-heal|p1a: Jellicent|100\/100\n|move|p2a: Mr homophobia|Power Whip|p1a: Jellicent\n|-supereffective|p1a: Jellicent\n|-damage|p1a: Jellicent|8\/100\n|\n|-heal|p1a: Jellicent|14\/100|[from] item: Leftovers\n|-heal|p2a: Mr homophobia|42\/100|[from] item: Leftovers\n|upkeep\n|turn|21\n|\n|t:|1701105505\n|move|p1a: Jellicent|Strength Sap|p2a: Mr homophobia\n|-unboost|p2a: Mr homophobia|atk|1\n|-heal|p1a: Jellicent|98\/100\n|move|p2a: Mr homophobia|Leech Seed|p1a: Jellicent\n|-start|p1a: Jellicent|move: Leech Seed\n|\n|-heal|p1a: Jellicent|100\/100|[from] item: Leftovers\n|-heal|p2a: Mr homophobia|49\/100|[from] item: Leftovers\n|-damage|p1a: Jellicent|88\/100|[from] Leech Seed|[of] p2a: Mr homophobia\n|-heal|p2a: Mr homophobia|63\/100|[silent]\n|upkeep\n|turn|22\n|\n|t:|1701105514\n|move|p1a: Jellicent|Substitute|p1a: Jellicent\n|-start|p1a: Jellicent|Substitute\n|-damage|p1a: Jellicent|63\/100\n|move|p2a: Mr homophobia|Curse|p2a: Mr homophobia\n|-unboost|p2a: Mr homophobia|spe|1\n|-boost|p2a: Mr homophobia|atk|1\n|-boost|p2a: Mr homophobia|def|1\n|\n|-heal|p1a: Jellicent|69\/100|[from] item: Leftovers\n|-heal|p2a: Mr homophobia|69\/100|[from] item: Leftovers\n|-damage|p1a: Jellicent|57\/100|[from] Leech Seed|[of] p2a: Mr homophobia\n|-heal|p2a: Mr homophobia|83\/100|[silent]\n|upkeep\n|turn|23\n|\n|t:|1701105518\n|move|p1a: Jellicent|Scald|p2a: Mr homophobia\n|-resisted|p2a: Mr homophobia\n|-damage|p2a: Mr homophobia|74\/100\n|move|p2a: Mr homophobia|Curse|p2a: Mr homophobia\n|-unboost|p2a: Mr homophobia|spe|1\n|-boost|p2a: Mr homophobia|atk|1\n|-boost|p2a: Mr homophobia|def|1\n|\n|-heal|p1a: Jellicent|63\/100|[from] item: Leftovers\n|-heal|p2a: Mr homophobia|80\/100|[from] item: Leftovers\n|-damage|p1a: Jellicent|51\/100|[from] Leech Seed|[of] p2a: Mr homophobia\n|-heal|p2a: Mr homophobia|94\/100|[silent]\n|upkeep\n|turn|24\n|\n|t:|1701105522\n|move|p1a: Jellicent|Substitute|p1a: Jellicent\n|-fail|p1a: Jellicent|move: Substitute\n|move|p2a: Mr homophobia|Power Whip|p1a: Jellicent\n|-supereffective|p1a: Jellicent\n|-end|p1a: Jellicent|Substitute\n|\n|-heal|p1a: Jellicent|57\/100|[from] item: Leftovers\n|-heal|p2a: Mr homophobia|100\/100|[from] item: Leftovers\n|-damage|p1a: Jellicent|45\/100|[from] Leech Seed|[of] p2a: Mr homophobia\n|upkeep\n|turn|25\n|\n|t:|1701105531\n|move|p1a: Jellicent|Strength Sap|p2a: Mr homophobia\n|-unboost|p2a: Mr homophobia|atk|1\n|-heal|p1a: Jellicent|100\/100\n|move|p2a: Mr homophobia|Power Whip|p1a: Jellicent\n|-supereffective|p1a: Jellicent\n|-damage|p1a: Jellicent|5\/100\n|\n|-heal|p1a: Jellicent|12\/100|[from] item: Leftovers\n|-damage|p1a: Jellicent|0 fnt|[from] Leech Seed|[of] p2a: Mr homophobia\n|faint|p1a: Jellicent\n|upkeep\n|l| Sconex\n|c|\u2606Tukitiko|I cant\n|c|\u2606Tukitiko|I cant beat the homophobia\n|\n|t:|1701105547\n|switch|p1a: Sneasler|Sneasler, M|19\/100\n|turn|26\n|c|\u2606captainpuff123|You can\u2019t beat the allegations\n|\n|t:|1701105570\n|move|p1a: Sneasler|Close Combat|p2a: Mr homophobia\n|-supereffective|p2a: Mr homophobia\n|-damage|p2a: Mr homophobia|76\/100\n|-unboost|p1a: Sneasler|def|1\n|-unboost|p1a: Sneasler|spd|1\n|-damage|p1a: Sneasler|7\/100|[from] ability: Iron Barbs|[of] p2a: Mr homophobia\n|move|p2a: Mr homophobia|Gyro Ball|p1a: Sneasler\n|-damage|p1a: Sneasler|0 fnt\n|faint|p1a: Sneasler\n|\n|win|captainpuff123\n|raw|Tukitiko's rating: 1275 &rarr; <strong>1257<\/strong><br \/>(-18 for losing)\n|raw|captainpuff123's rating: 1369 &rarr; <strong>1384<\/strong><br \/>(+15 for winning)\n|c|\u2606captainpuff123|Ggs\n|c|\u2606Tukitiko|gg ep\n|c|\u2606Tukitiko|wait 1 s\n|c|\u2606Tukitiko|do you play pokemon close combat?\n|c|\u2606captainpuff123|What?\n|c|\u2606Tukitiko|nothing\n|c|\u2606Tukitiko|well, see ya and good luck\n|c|\u2606captainpuff123|Thx\n|l|\u2606captainpuff123\n","uploadtime":1701105605,"views":2,"p1id":"tukitiko","p2id":"captainpuff123","formatid":"gen9nationaldex","rating":1257,"private":0,"password":""}