{"id":"gen9nationaldex-1995863507","p1":"mannmilk","p2":"Elite R2Dnl","format":"[Gen 9] National Dex","log":"|html|<div class=\"broadcast-blue\"><strong>[Gen 9] National Dex is currently suspecting Sneasler! For information on how to participate check out the <a href=\"https:\/\/www.smogon.com\/forums\/threads\/sv-national-dex-suspect-8-just-dance.3731534\/\">suspect thread<\/a>.<\/strong><\/div>\n|j|\u2606mannmilk\n|j|\u2606Elite R2Dnl\n|t:|1700610997\n|gametype|singles\n|player|p1|mannmilk|clown|1137\n|player|p2|Elite R2Dnl|kimonogirl|1264\n|teamsize|p1|6\n|teamsize|p2|6\n|gen|9\n|tier|[Gen 9] National Dex\n|rated|\n|rule|HP Percentage Mod: HP is shown in percentages\n|rule|Endless Battle Clause: Forcing endless battles is banned\n|rule|OHKO Clause: OHKO moves are banned\n|rule|Evasion Clause: Evasion abilities, items, and moves are banned\n|rule|Evasion Abilities Clause: Evasion abilities are banned\n|rule|Evasion Items Clause: Evasion items are banned\n|rule|Evasion Moves Clause: Evasion moves are banned\n|rule|Species Clause: Limit one of each Pok\u00e9mon\n|rule|Sleep Clause Mod: Limit one foe put to sleep\n|clearpoke\n|poke|p1|Gyarados, M|\n|poke|p1|Raichu-Alola, M|\n|poke|p1|Pincurchin, M|\n|poke|p1|Drifblim, F|\n|poke|p1|Electivire, M|\n|poke|p1|Rotom-Fan|\n|poke|p2|Garchomp, F|\n|poke|p2|Scizor, M|\n|poke|p2|Zapdos|\n|poke|p2|Rotom-Wash|\n|poke|p2|Greninja-*, M|\n|poke|p2|Landorus-Therian, M|\n|teampreview\n|\n|t:|1700611031\n|start\n|switch|p1a: Rotom|Rotom-Fan|100\/100\n|switch|p2a: Finch|Landorus-Therian, M|100\/100\n|-ability|p2a: Finch|Intimidate|boost\n|-unboost|p1a: Rotom|atk|1\n|turn|1\n|inactive|Battle timer is ON: inactive players will automatically lose when time's up. (requested by Elite R2Dnl)\n|\n|t:|1700611038\n|move|p1a: Rotom|Trick|p2a: Finch\n|-activate|p1a: Rotom|move: Trick|[of] p2a: Finch\n|-item|p2a: Finch|Choice Scarf|[from] move: Trick\n|-item|p1a: Rotom|Rocky Helmet|[from] move: Trick\n|move|p2a: Finch|U-turn|p1a: Rotom\n|-resisted|p1a: Rotom\n|-damage|p1a: Rotom|84\/100\n|-damage|p2a: Finch|84\/100|[from] item: Rocky Helmet|[of] p1a: Rotom\n|inactive|Elite R2Dnl has 120 seconds left.\n|\n|t:|1700611072\n|switch|p2a: Glaurung|Garchomp, F|100\/100|[from] U-turn\n|\n|upkeep\n|turn|2\n|\n|t:|1700611084\n|move|p2a: Glaurung|Swords Dance|p2a: Glaurung\n|-boost|p2a: Glaurung|atk|2\n|move|p1a: Rotom|Air Slash|p2a: Glaurung\n|-crit|p2a: Glaurung\n|-damage|p2a: Glaurung|27\/100\n|\n|upkeep\n|turn|3\n|\n|t:|1700611090\n|move|p2a: Glaurung|Scale Shot|p1a: Rotom\n|-crit|p1a: Rotom\n|-damage|p1a: Rotom|31\/100\n|-damage|p1a: Rotom|0 fnt\n|faint|p1a: Rotom\n|-hitcount|p1: Rotom|2\n|-unboost|p2a: Glaurung|def|1\n|-boost|p2a: Glaurung|spe|1\n|\n|upkeep\n|c|\u2606mannmilk|hmm\n|\n|t:|1700611112\n|switch|p1a: picklechin|Pincurchin, M|100\/100\n|-fieldstart|move: Electric Terrain|[from] ability: Electric Surge|[of] p1a: picklechin\n|turn|4\n|\n|t:|1700611124\n|-terastallize|p1a: picklechin|Flying\n|move|p2a: Glaurung|Earthquake|p1a: picklechin\n|-immune|p1a: picklechin\n|move|p1a: picklechin|Hydro Pump|p2a: Glaurung|[miss]\n|-miss|p1a: picklechin|p2a: Glaurung\n|\n|upkeep\n|turn|5\n|c|\u2606mannmilk|:(\n|\n|t:|1700611134\n|move|p2a: Glaurung|Scale Shot|p1a: picklechin\n|-damage|p1a: picklechin|68\/100\n|-damage|p1a: picklechin|38\/100\n|-damage|p1a: picklechin|8\/100\n|-damage|p1a: picklechin|0 fnt\n|faint|p1a: picklechin\n|-hitcount|p1: picklechin|4\n|-unboost|p2a: Glaurung|def|1\n|-boost|p2a: Glaurung|spe|1\n|\n|upkeep\n|\n|t:|1700611143\n|switch|p1a: cmonBruh|Raichu-Alola, M, shiny|100\/100\n|turn|6\n|\n|t:|1700611152\n|move|p2a: Glaurung|Earthquake|p1a: cmonBruh\n|-supereffective|p1a: cmonBruh\n|-damage|p1a: cmonBruh|0 fnt\n|faint|p1a: cmonBruh\n|\n|upkeep\n|\n|t:|1700611156\n|switch|p1a: BIG orb|Drifblim, F|100\/100\n|-enditem|p1a: BIG orb|Electric Seed\n|-boost|p1a: BIG orb|def|1|[from] item: Electric Seed\n|turn|7\n|\n|t:|1700611165\n|move|p2a: Glaurung|Scale Shot|p1a: BIG orb\n|-crit|p1a: BIG orb\n|-damage|p1a: BIG orb|55\/100\n|-damage|p1a: BIG orb|35\/100\n|-damage|p1a: BIG orb|13\/100\n|-damage|p1a: BIG orb|0 fnt\n|faint|p1a: BIG orb\n|-hitcount|p1: BIG orb|4\n|-unboost|p2a: Glaurung|def|1\n|-boost|p2a: Glaurung|spe|1\n|\n|upkeep\n|\n|t:|1700611171\n|switch|p1a: RED-ROCKET|Gyarados, M, shiny|100\/100\n|-ability|p1a: RED-ROCKET|Intimidate|boost\n|-unboost|p2a: Glaurung|atk|1\n|turn|8\n|c|\u2606mannmilk|2 stronk\n|\n|t:|1700611181\n|detailschange|p1a: RED-ROCKET|Gyarados-Mega, M, shiny\n|-mega|p1a: RED-ROCKET|Gyarados|Gyaradosite\n|-ability|p1a: RED-ROCKET|Mold Breaker\n|move|p2a: Glaurung|Scale Shot|p1a: RED-ROCKET\n|-damage|p1a: RED-ROCKET|83\/100\n|-damage|p1a: RED-ROCKET|65\/100\n|-damage|p1a: RED-ROCKET|47\/100\n|-damage|p1a: RED-ROCKET|30\/100\n|-hitcount|p1a: RED-ROCKET|4\n|-unboost|p2a: Glaurung|def|1\n|-boost|p2a: Glaurung|spe|1\n|move|p1a: RED-ROCKET|Dragon Dance|p1a: RED-ROCKET\n|-boost|p1a: RED-ROCKET|atk|1\n|-boost|p1a: RED-ROCKET|spe|1\n|\n|upkeep\n|turn|9\n|\n|t:|1700611196\n|move|p2a: Glaurung|Scale Shot|p1a: RED-ROCKET\n|-damage|p1a: RED-ROCKET|13\/100\n|-damage|p1a: RED-ROCKET|0 fnt\n|faint|p1a: RED-ROCKET\n|-hitcount|p1: RED-ROCKET|2\n|-unboost|p2a: Glaurung|def|1\n|-boost|p2a: Glaurung|spe|1\n|\n|upkeep\n|-message|mannmilk forfeited.\n|\n|win|Elite R2Dnl\n|raw|mannmilk's rating: 1137 &rarr; <strong>1121<\/strong><br \/>(-16 for losing)\n|raw|Elite R2Dnl's rating: 1264 &rarr; <strong>1280<\/strong><br \/>(+16 for winning)\n|l|\u2606mannmilk\n","uploadtime":1700611209,"views":3,"p1id":"mannmilk","p2id":"eliter2dnl","formatid":"gen9nationaldex","rating":1121,"private":0,"password":""}