{"id":"gen9nationaldex-1990161615","p1":"payio1","p2":"Tiggywoo","format":"[Gen 9] National Dex","log":"|j|\u2606payio1\n|j|\u2606Tiggywoo\n|t:|1699931377\n|gametype|singles\n|player|p1|payio1|266|1312\n|player|p2|Tiggywoo|265|1397\n|teamsize|p1|6\n|teamsize|p2|6\n|gen|9\n|tier|[Gen 9] National Dex\n|rated|\n|rule|HP Percentage Mod: HP is shown in percentages\n|rule|Endless Battle Clause: Forcing endless battles is banned\n|rule|OHKO Clause: OHKO moves are banned\n|rule|Evasion Clause: Evasion abilities, items, and moves are banned\n|rule|Evasion Abilities Clause: Evasion abilities are banned\n|rule|Evasion Items Clause: Evasion items are banned\n|rule|Evasion Moves Clause: Evasion moves are banned\n|rule|Species Clause: Limit one of each Pok\u00e9mon\n|rule|Sleep Clause Mod: Limit one foe put to sleep\n|clearpoke\n|poke|p1|Skarmory, M|\n|poke|p1|Togekiss, M|\n|poke|p1|Breloom, M|\n|poke|p1|Chansey, F|\n|poke|p1|Flareon, F|\n|poke|p1|Medicham, M|\n|poke|p2|Skeledirge, M|\n|poke|p2|Dragonite, F|\n|poke|p2|Cloyster, F|\n|poke|p2|Nidoking, M|\n|poke|p2|Corviknight, F|\n|poke|p2|Gallade, M|\n|teampreview\n|inactive|Battle timer is ON: inactive players will automatically lose when time's up. (requested by payio1)\n|\n|t:|1699931413\n|start\n|switch|p1a: Breloom|Breloom, M, shiny|100\/100\n|switch|p2a: Nidoking|Nidoking, M, shiny|100\/100\n|turn|1\n|\n|t:|1699931433\n|switch|p1a: Medicham|Medicham, M, shiny|100\/100\n|move|p2a: Nidoking|Sludge Bomb|p1a: Medicham\n|-damage|p1a: Medicham|29\/100\n|\n|upkeep\n|turn|2\n|\n|t:|1699931443\n|detailschange|p1a: Medicham|Medicham-Mega, M, shiny\n|-mega|p1a: Medicham|Medicham|Medichamite\n|move|p1a: Medicham|Fake Out|p2a: Nidoking\n|-damage|p2a: Nidoking|70\/100\n|cant|p2a: Nidoking|flinch\n|\n|upkeep\n|turn|3\n|\n|t:|1699931451\n|move|p1a: Medicham|Bullet Punch|p2a: Nidoking\n|-damage|p2a: Nidoking|35\/100\n|move|p2a: Nidoking|Sludge Bomb|p1a: Medicham\n|-crit|p1a: Medicham\n|-damage|p1a: Medicham|0 fnt\n|faint|p1a: Medicham\n|\n|upkeep\n|\n|t:|1699931471\n|switch|p1a: Eu v\u00f4 toma tacaca|Skarmory, M, shiny|100\/100\n|turn|4\n|\n|t:|1699931481\n|switch|p2a: Skeledirge|Skeledirge, M, shiny|100\/100\n|move|p1a: Eu v\u00f4 toma tacaca|Brave Bird|p2a: Skeledirge\n|-damage|p2a: Skeledirge|70\/100\n|-damage|p1a: Eu v\u00f4 toma tacaca|88\/100|[from] Recoil\n|\n|-heal|p2a: Skeledirge|76\/100|[from] item: Leftovers\n|upkeep\n|turn|5\n|\n|t:|1699931495\n|switch|p1a: Gordinha Bololo|Chansey, F, shiny|100\/100\n|move|p2a: Skeledirge|Hex|p1a: Gordinha Bololo\n|-immune|p1a: Gordinha Bololo\n|\n|-heal|p2a: Skeledirge|82\/100|[from] item: Leftovers\n|upkeep\n|turn|6\n|inactive|Tiggywoo has 120 seconds left.\n|\n|t:|1699931539\n|switch|p2a: Corviknight|Corviknight, F, shiny|100\/100\n|move|p1a: Gordinha Bololo|Toxic|p2a: Corviknight\n|-immune|p2a: Corviknight\n|\n|upkeep\n|turn|7\n|\n|t:|1699931551\n|move|p2a: Corviknight|Iron Head|p1a: Gordinha Bololo\n|-damage|p1a: Gordinha Bololo|57\/100\n|cant|p1a: Gordinha Bololo|flinch\n|\n|upkeep\n|turn|8\n|inactive|Tiggywoo has 120 seconds left.\n|\n|t:|1699931583\n|switch|p1a: Eu v\u00f4 toma tacaca|Skarmory, M, shiny|88\/100\n|move|p2a: Corviknight|Iron Head|p1a: Eu v\u00f4 toma tacaca\n|-resisted|p1a: Eu v\u00f4 toma tacaca\n|-damage|p1a: Eu v\u00f4 toma tacaca|81\/100\n|-damage|p2a: Corviknight|84\/100|[from] item: Rocky Helmet|[of] p1a: Eu v\u00f4 toma tacaca\n|\n|upkeep\n|turn|9\n|\n|t:|1699931592\n|move|p1a: Eu v\u00f4 toma tacaca|Stealth Rock|p2a: Corviknight\n|-sidestart|p2: Tiggywoo|move: Stealth Rock\n|move|p2a: Corviknight|U-turn|p1a: Eu v\u00f4 toma tacaca\n|-resisted|p1a: Eu v\u00f4 toma tacaca\n|-damage|p1a: Eu v\u00f4 toma tacaca|79\/100\n|-damage|p2a: Corviknight|67\/100|[from] item: Rocky Helmet|[of] p1a: Eu v\u00f4 toma tacaca\n|\n|t:|1699931596\n|switch|p2a: Skeledirge|Skeledirge, M, shiny|82\/100|[from] U-turn\n|-damage|p2a: Skeledirge|57\/100|[from] Stealth Rock\n|\n|-heal|p2a: Skeledirge|63\/100|[from] item: Leftovers\n|upkeep\n|turn|10\n|\n|t:|1699931607\n|-terastallize|p1a: Eu v\u00f4 toma tacaca|Flying\n|move|p1a: Eu v\u00f4 toma tacaca|Brave Bird|p2a: Skeledirge\n|-damage|p2a: Skeledirge|28\/100\n|-damage|p1a: Eu v\u00f4 toma tacaca|65\/100|[from] Recoil\n|move|p2a: Skeledirge|Slack Off|p2a: Skeledirge\n|-heal|p2a: Skeledirge|78\/100\n|\n|-heal|p2a: Skeledirge|84\/100|[from] item: Leftovers\n|upkeep\n|turn|11\n|inactive|Tiggywoo has 120 seconds left.\n|\n|t:|1699931628\n|switch|p1a: Gordinha Bololo|Chansey, F, shiny|57\/100\n|move|p2a: Skeledirge|Will-O-Wisp|p1a: Gordinha Bololo\n|-status|p1a: Gordinha Bololo|brn\n|\n|-heal|p2a: Skeledirge|90\/100|[from] item: Leftovers\n|-damage|p1a: Gordinha Bololo|51\/100 brn|[from] brn\n|upkeep\n|turn|12\n|inactive|Tiggywoo has 120 seconds left.\n|\n|t:|1699931639\n|switch|p2a: Corviknight|Corviknight, F, shiny|67\/100\n|-damage|p2a: Corviknight|55\/100|[from] Stealth Rock\n|move|p1a: Gordinha Bololo|Soft-Boiled|p1a: Gordinha Bololo\n|-heal|p1a: Gordinha Bololo|100\/100 brn\n|\n|-damage|p1a: Gordinha Bololo|94\/100 brn|[from] brn\n|upkeep\n|turn|13\n|inactive|Tiggywoo has 120 seconds left.\n|\n|t:|1699931671\n|-curestatus|p1a: Gordinha Bololo|brn|[from] ability: Natural Cure\n|switch|p1a: Eu v\u00f4 toma tacaca|Skarmory, M, shiny, tera:Flying|65\/100\n|move|p2a: Corviknight|Defog|p1a: Eu v\u00f4 toma tacaca\n|-unboost|p1a: Eu v\u00f4 toma tacaca|evasion|1\n|-sideend|p2: Tiggywoo|Stealth Rock|[from] move: Defog|[of] p2a: Corviknight\n|\n|upkeep\n|turn|14\n|\n|t:|1699931690\n|move|p1a: Eu v\u00f4 toma tacaca|Stealth Rock|p2a: Corviknight\n|-sidestart|p2: Tiggywoo|move: Stealth Rock\n|move|p2a: Corviknight|Roost|p2a: Corviknight\n|-heal|p2a: Corviknight|100\/100\n|-singleturn|p2a: Corviknight|move: Roost\n|\n|upkeep\n|turn|15\n|\n|t:|1699931698\n|move|p1a: Eu v\u00f4 toma tacaca|Roost|p1a: Eu v\u00f4 toma tacaca\n|-heal|p1a: Eu v\u00f4 toma tacaca|100\/100\n|-hint|If a Flying Terastallized Pokemon uses Roost, it remains Flying-type.\n|move|p2a: Corviknight|Iron Head|p1a: Eu v\u00f4 toma tacaca\n|-damage|p1a: Eu v\u00f4 toma tacaca|87\/100\n|-damage|p2a: Corviknight|84\/100|[from] item: Rocky Helmet|[of] p1a: Eu v\u00f4 toma tacaca\n|\n|upkeep\n|turn|16\n|inactive|Tiggywoo has 120 seconds left.\n|\n|t:|1699931721\n|move|p1a: Eu v\u00f4 toma tacaca|Toxic|p2a: Corviknight\n|-immune|p2a: Corviknight\n|move|p2a: Corviknight|U-turn|p1a: Eu v\u00f4 toma tacaca\n|-resisted|p1a: Eu v\u00f4 toma tacaca\n|-damage|p1a: Eu v\u00f4 toma tacaca|82\/100\n|-damage|p2a: Corviknight|67\/100|[from] item: Rocky Helmet|[of] p1a: Eu v\u00f4 toma tacaca\n|\n|t:|1699931727\n|switch|p2a: Nidoking|Nidoking, M, shiny|35\/100|[from] U-turn\n|-damage|p2a: Nidoking|30\/100|[from] Stealth Rock\n|\n|upkeep\n|turn|17\n|\n|t:|1699931735\n|switch|p1a: Gordinha Bololo|Chansey, F, shiny|94\/100\n|move|p2a: Nidoking|Ice Beam|p1a: Gordinha Bololo\n|-damage|p1a: Gordinha Bololo|88\/100\n|\n|upkeep\n|turn|18\n|inactive|Tiggywoo has 120 seconds left.\n|\n|t:|1699931745\n|switch|p2a: Corviknight|Corviknight, F, shiny|67\/100\n|-damage|p2a: Corviknight|55\/100|[from] Stealth Rock\n|move|p1a: Gordinha Bololo|Seismic Toss|p2a: Corviknight\n|-damage|p2a: Corviknight|30\/100\n|-damage|p1a: Gordinha Bololo|71\/100|[from] item: Rocky Helmet|[of] p2a: Corviknight\n|\n|upkeep\n|turn|19\n|\n|t:|1699931755\n|switch|p1a: Eu v\u00f4 toma tacaca|Skarmory, M, shiny, tera:Flying|82\/100\n|move|p2a: Corviknight|Roost|p2a: Corviknight\n|-heal|p2a: Corviknight|80\/100\n|-singleturn|p2a: Corviknight|move: Roost\n|\n|upkeep\n|turn|20\n|inactive|Tiggywoo has 120 seconds left.\n|\n|t:|1699931771\n|move|p1a: Eu v\u00f4 toma tacaca|Toxic|p2a: Corviknight\n|-immune|p2a: Corviknight\n|move|p2a: Corviknight|U-turn|p1a: Eu v\u00f4 toma tacaca\n|-resisted|p1a: Eu v\u00f4 toma tacaca\n|-damage|p1a: Eu v\u00f4 toma tacaca|78\/100\n|-damage|p2a: Corviknight|64\/100|[from] item: Rocky Helmet|[of] p1a: Eu v\u00f4 toma tacaca\n|inactive|Tiggywoo has 120 seconds left.\n|\n|t:|1699931782\n|switch|p2a: Cloyster|Cloyster, F, shiny|100\/100|[from] U-turn\n|-damage|p2a: Cloyster|76\/100|[from] Stealth Rock\n|\n|upkeep\n|turn|21\n|\n|t:|1699931790\n|move|p2a: Cloyster|Shell Smash|p2a: Cloyster\n|-unboost|p2a: Cloyster|def|1\n|-unboost|p2a: Cloyster|spd|1\n|-boost|p2a: Cloyster|atk|2\n|-boost|p2a: Cloyster|spa|2\n|-boost|p2a: Cloyster|spe|2\n|-enditem|p2a: Cloyster|White Herb\n|-clearnegativeboost|p2a: Cloyster|[silent]\n|move|p1a: Eu v\u00f4 toma tacaca|Brave Bird|p2a: Cloyster\n|-damage|p2a: Cloyster|38\/100\n|-damage|p1a: Eu v\u00f4 toma tacaca|69\/100|[from] Recoil\n|\n|upkeep\n|turn|22\n|\n|t:|1699931804\n|move|p2a: Cloyster|Icicle Spear|p1a: Eu v\u00f4 toma tacaca\n|-supereffective|p1a: Eu v\u00f4 toma tacaca\n|-damage|p1a: Eu v\u00f4 toma tacaca|42\/100\n|-supereffective|p1a: Eu v\u00f4 toma tacaca\n|-damage|p1a: Eu v\u00f4 toma tacaca|17\/100\n|-supereffective|p1a: Eu v\u00f4 toma tacaca\n|-damage|p1a: Eu v\u00f4 toma tacaca|0 fnt\n|faint|p1a: Eu v\u00f4 toma tacaca\n|-hitcount|p1: Eu v\u00f4 toma tacaca|3\n|\n|upkeep\n|\n|t:|1699931818\n|switch|p1a: Breloom|Breloom, M, shiny|100\/100\n|turn|23\n|\n|t:|1699931827\n|move|p1a: Breloom|Mach Punch|p2a: Cloyster\n|-supereffective|p2a: Cloyster\n|-damage|p2a: Cloyster|0 fnt\n|faint|p2a: Cloyster\n|\n|upkeep\n|\n|t:|1699931836\n|switch|p2a: Gallade|Gallade, M, shiny|100\/100\n|-damage|p2a: Gallade|94\/100|[from] Stealth Rock\n|turn|24\n|\n|t:|1699931845\n|switch|p1a: CreamPie|Togekiss, M, shiny|100\/100\n|move|p2a: Gallade|Psycho Cut|p1a: CreamPie\n|-damage|p1a: CreamPie|48\/100\n|\n|-heal|p1a: CreamPie|54\/100|[from] item: Leftovers\n|upkeep\n|turn|25\n|\n|t:|1699931854\n|switch|p2a: Corviknight|Corviknight, F, shiny|64\/100\n|-damage|p2a: Corviknight|51\/100|[from] Stealth Rock\n|move|p1a: CreamPie|Roost|p1a: CreamPie\n|-heal|p1a: CreamPie|100\/100\n|-singleturn|p1a: CreamPie|move: Roost\n|\n|upkeep\n|turn|26\n|\n|t:|1699931867\n|switch|p1a: Flareon|Flareon, F, shiny|100\/100\n|move|p2a: Corviknight|Roost|p2a: Corviknight\n|-heal|p2a: Corviknight|100\/100\n|-singleturn|p2a: Corviknight|move: Roost\n|\n|-status|p1a: Flareon|tox|[from] item: Toxic Orb\n|upkeep\n|turn|27\n|\n|t:|1699931877\n|move|p1a: Flareon|Trailblaze|p2a: Corviknight\n|-resisted|p2a: Corviknight\n|-crit|p2a: Corviknight\n|-damage|p2a: Corviknight|94\/100\n|-boost|p1a: Flareon|spe|1\n|-damage|p1a: Flareon|84\/100 tox|[from] item: Rocky Helmet|[of] p2a: Corviknight\n|move|p2a: Corviknight|U-turn|p1a: Flareon\n|-resisted|p1a: Flareon\n|-damage|p1a: Flareon|70\/100 tox\n|\n|t:|1699931882\n|switch|p2a: Nidoking|Nidoking, M, shiny|30\/100|[from] U-turn\n|-damage|p2a: Nidoking|24\/100|[from] Stealth Rock\n|\n|-damage|p1a: Flareon|64\/100 tox|[from] psn\n|upkeep\n|turn|28\n|\n|t:|1699931895\n|move|p2a: Nidoking|Earth Power|p1a: Flareon\n|-supereffective|p1a: Flareon\n|-damage|p1a: Flareon|0 fnt\n|faint|p1a: Flareon\n|\n|upkeep\n|\n|t:|1699931904\n|switch|p1a: Breloom|Breloom, M, shiny|100\/100\n|turn|29\n|\n|t:|1699931909\n|move|p2a: Nidoking|Earth Power|p1a: Breloom\n|-resisted|p1a: Breloom\n|-damage|p1a: Breloom|56\/100\n|move|p1a: Breloom|Bullet Seed|p2a: Nidoking\n|-damage|p2a: Nidoking|0 fnt\n|faint|p2a: Nidoking\n|-hitcount|p2: Nidoking|1\n|\n|upkeep\n|\n|t:|1699931926\n|switch|p2a: Gallade|Gallade, M, shiny|94\/100\n|-damage|p2a: Gallade|88\/100|[from] Stealth Rock\n|turn|30\n|\n|t:|1699931936\n|switch|p1a: CreamPie|Togekiss, M, shiny|100\/100\n|-terastallize|p2a: Gallade|Psychic\n|move|p2a: Gallade|Psycho Cut|p1a: CreamPie\n|-damage|p1a: CreamPie|37\/100\n|\n|-heal|p1a: CreamPie|44\/100|[from] item: Leftovers\n|upkeep\n|turn|31\n|\n|t:|1699931952\n|move|p2a: Gallade|Psycho Cut|p1a: CreamPie\n|-damage|p1a: CreamPie|0 fnt\n|faint|p1a: CreamPie\n|\n|upkeep\n|c|\u2606Tiggywoo|gg\n|\n|t:|1699931963\n|switch|p1a: Gordinha Bololo|Chansey, F, shiny|71\/100\n|turn|32\n|\n|t:|1699931968\n|move|p2a: Gallade|Psycho Cut|p1a: Gordinha Bololo\n|-damage|p1a: Gordinha Bololo|0 fnt\n|faint|p1a: Gordinha Bololo\n|\n|upkeep\n|\n|t:|1699931973\n|switch|p1a: Breloom|Breloom, M, shiny|56\/100\n|turn|33\n|\n|t:|1699931977\n|move|p2a: Gallade|Psycho Cut|p1a: Breloom\n|-supereffective|p1a: Breloom\n|-damage|p1a: Breloom|0 fnt\n|faint|p1a: Breloom\n|\n|win|Tiggywoo\n|raw|payio1's rating: 1292 &rarr; <strong>1274<\/strong><br \/>(-18 for losing)\n|raw|Tiggywoo's rating: 1397 &rarr; <strong>1411<\/strong><br \/>(+14 for winning)\n|l|\u2606Tiggywoo\n","uploadtime":1699931984,"views":4,"p1id":"payio1","p2id":"tiggywoo","formatid":"gen9nationaldex","rating":1274,"private":0,"password":""}