{"id":"gen9nationaldex-1996264116","p1":"mr Deuzp","p2":"Percy_Valdez","format":"[Gen 9] National Dex","log":"|html|<div class=\"broadcast-blue\"><strong>[Gen 9] National Dex is currently suspecting Sneasler! For information on how to participate check out the <a href=\"https:\/\/www.smogon.com\/forums\/threads\/sv-national-dex-suspect-8-just-dance.3731534\/\">suspect thread<\/a>.<\/strong><\/div>\n|j|\u2606mr Deuzp\n|j|\u2606Percy_Valdez\n|t:|1700665392\n|gametype|singles\n|player|p1|mr Deuzp|shadowtriad|1152\n|player|p2|Percy_Valdez|lucas|1115\n|teamsize|p1|6\n|teamsize|p2|6\n|gen|9\n|tier|[Gen 9] National Dex\n|rated|\n|rule|HP Percentage Mod: HP is shown in percentages\n|rule|Endless Battle Clause: Forcing endless battles is banned\n|rule|OHKO Clause: OHKO moves are banned\n|rule|Evasion Clause: Evasion abilities, items, and moves are banned\n|rule|Evasion Abilities Clause: Evasion abilities are banned\n|rule|Evasion Items Clause: Evasion items are banned\n|rule|Evasion Moves Clause: Evasion moves are banned\n|rule|Species Clause: Limit one of each Pok\u00e9mon\n|rule|Sleep Clause Mod: Limit one foe put to sleep\n|clearpoke\n|poke|p1|Gliscor, M|\n|poke|p1|Carracosta, M|\n|poke|p1|Thundurus-Therian, M|\n|poke|p1|Bisharp, M|\n|poke|p1|Sneasler, M|\n|poke|p1|Ninetales-Alola, F|\n|poke|p2|Mimikyu, M|\n|poke|p2|Urshifu-*, M|\n|poke|p2|Zeraora|\n|poke|p2|Gliscor, F|\n|poke|p2|Kommo-o, F|\n|poke|p2|Diancie|\n|teampreview\n|\n|t:|1700665399\n|start\n|switch|p1a: Sneasler|Sneasler, M, shiny|100\/100\n|switch|p2a: He goes weee|Gliscor, F|100\/100\n|turn|1\n|\n|t:|1700665410\n|-terastallize|p2a: He goes weee|Flying\n|move|p1a: Sneasler|Fake Out|p2a: He goes weee\n|-damage|p2a: He goes weee|88\/100\n|cant|p2a: He goes weee|flinch\n|\n|-status|p2a: He goes weee|tox|[from] item: Toxic Orb\n|upkeep\n|turn|2\n|\n|t:|1700665419\n|switch|p1a: Thundurus|Thundurus-Therian, M, shiny|100\/100\n|move|p2a: He goes weee|Dual Wingbeat|p1a: Thundurus\n|-resisted|p1a: Thundurus\n|-damage|p1a: Thundurus|83\/100\n|-resisted|p1a: Thundurus\n|-damage|p1a: Thundurus|65\/100\n|-hitcount|p1a: Thundurus|2\n|\n|-heal|p2a: He goes weee|99\/100 tox|[from] ability: Poison Heal\n|upkeep\n|turn|3\n|\n|t:|1700665435\n|move|p1a: Thundurus|Nasty Plot|p1a: Thundurus\n|-boost|p1a: Thundurus|spa|2\n|move|p2a: He goes weee|Tera Blast|p1a: Thundurus|[anim] Tera Blast Flying\n|-resisted|p1a: Thundurus\n|-damage|p1a: Thundurus|28\/100\n|\n|-heal|p2a: He goes weee|100\/100 tox|[from] ability: Poison Heal\n|upkeep\n|turn|4\n|inactive|Battle timer is ON: inactive players will automatically lose when time's up. (requested by Percy_Valdez)\n|\n|t:|1700665444\n|move|p1a: Thundurus|Wildbolt Storm|p2a: He goes weee\n|-supereffective|p2a: He goes weee\n|-damage|p2a: He goes weee|0 fnt\n|faint|p2a: He goes weee\n|\n|upkeep\n|\n|t:|1700665453\n|switch|p2a: Blonde Superman|Zeraora|100\/100\n|turn|5\n|\n|t:|1700665457\n|move|p2a: Blonde Superman|Plasma Fists|p1a: Thundurus\n|-heal|p1a: Thundurus|53\/100|[from] ability: Volt Absorb|[of] p2a: Blonde Superman\n|-zpower|p1a: Thundurus\n|move|p1a: Thundurus|All-Out Pummeling|p2a: Blonde Superman|[zeffect]\n|-damage|p2a: Blonde Superman|0 fnt\n|faint|p2a: Blonde Superman\n|\n|upkeep\n|\n|t:|1700665470\n|switch|p2a: He wants a hug|Mimikyu, M|100\/100\n|turn|6\n|\n|t:|1700665474\n|move|p1a: Thundurus|Psychic|p2a: He wants a hug\n|-activate|p2a: He wants a hug|ability: Disguise\n|-damage|p2a: He wants a hug|100\/100\n|detailschange|p2a: He wants a hug|Mimikyu-Busted, M\n|-damage|p2a: He wants a hug|88\/100|[from] pokemon: Mimikyu-Busted\n|move|p2a: He wants a hug|Swords Dance|p2a: He wants a hug\n|-boost|p2a: He wants a hug|atk|2\n|\n|upkeep\n|turn|7\n|\n|t:|1700665484\n|move|p1a: Thundurus|Wildbolt Storm|p2a: He wants a hug\n|-damage|p2a: He wants a hug|0 fnt\n|faint|p2a: He wants a hug\n|\n|upkeep\n|\n|t:|1700665491\n|switch|p2a: Percy Jackson|Urshifu-Rapid-Strike, M|100\/100\n|turn|8\n|\n|t:|1700665496\n|move|p1a: Thundurus|Psychic|p2a: Percy Jackson\n|-supereffective|p2a: Percy Jackson\n|-damage|p2a: Percy Jackson|0 fnt\n|faint|p2a: Percy Jackson\n|\n|upkeep\n|\n|t:|1700665503\n|switch|p2a: Bitch Clarisse|Kommo-o, F|100\/100\n|turn|9\n|\n|t:|1700665510\n|move|p1a: Thundurus|Psychic|p2a: Bitch Clarisse\n|-supereffective|p2a: Bitch Clarisse\n|-damage|p2a: Bitch Clarisse|0 fnt\n|faint|p2a: Bitch Clarisse\n|\n|upkeep\n|\n|t:|1700665515\n|switch|p2a: Piper|Diancie|100\/100\n|turn|10\n|\n|t:|1700665520\n|detailschange|p2a: Piper|Diancie-Mega\n|-mega|p2a: Piper|Diancie|Diancite\n|move|p1a: Thundurus|Nasty Plot|p1a: Thundurus\n|-boost|p1a: Thundurus|spa|2\n|move|p2a: Piper|Explosion|p1a: Thundurus\n|-damage|p1a: Thundurus|0 fnt\n|faint|p2a: Piper\n|faint|p1a: Thundurus\n|\n|win|mr Deuzp\n|raw|mr Deuzp's rating: 1152 &rarr; <strong>1174<\/strong><br \/>(+22 for winning)\n|raw|Percy_Valdez's rating: 1115 &rarr; <strong>1093<\/strong><br \/>(-22 for losing)\n|l|\u2606Percy_Valdez\n","uploadtime":1700665532,"views":4,"p1id":"mrdeuzp","p2id":"percyvaldez","formatid":"gen9nationaldex","rating":1093,"private":0,"password":""}