{"id":"gen9nationaldex-1992755782","p1":"xxxx123","p2":"Samgard\u3150\u3134\u3150\u315c\u315b\u3150\u3134","format":"[Gen 9] National Dex","log":"|j|\u2606xxxx123\n|j|\u203dSamgard\u3150\u3134\u3150\u315c\u315b\u3150\u3134\n|t:|1700232566\n|gametype|singles\n|player|p1|xxxx123|clown|1195\n|player|p2|Samgard\u3150\u3134\u3150\u315c\u315b\u3150\u3134|blackbelt-gen4dp|1122\n|teamsize|p1|6\n|teamsize|p2|6\n|gen|9\n|tier|[Gen 9] National Dex\n|rated|\n|rule|HP Percentage Mod: HP is shown in percentages\n|rule|Endless Battle Clause: Forcing endless battles is banned\n|rule|OHKO Clause: OHKO moves are banned\n|rule|Evasion Clause: Evasion abilities, items, and moves are banned\n|rule|Evasion Abilities Clause: Evasion abilities are banned\n|rule|Evasion Items Clause: Evasion items are banned\n|rule|Evasion Moves Clause: Evasion moves are banned\n|rule|Species Clause: Limit one of each Pok\u00e9mon\n|rule|Sleep Clause Mod: Limit one foe put to sleep\n|clearpoke\n|poke|p1|Grafaiai, M|\n|poke|p1|Meowscarada, M|\n|poke|p1|Tinkaton, F|\n|poke|p1|Sneasler, M|\n|poke|p1|Rillaboom, F|\n|poke|p1|Pinsir, M|\n|poke|p2|Sandaconda, F|\n|poke|p2|Enamorus, F|\n|poke|p2|Charizard, M|\n|poke|p2|Mimikyu, F|\n|poke|p2|Hitmonlee, M|\n|poke|p2|Gliscor, M|\n|teampreview\n|inactive|Battle timer is ON: inactive players will automatically lose when time's up. (requested by Samgard\u3150\u3134\u3150\u315c\u315b\u3150\u3134)\n|inactive|xxxx123 also wants the timer to be on.\n|\n|t:|1700232574\n|start\n|switch|p1a: Tinkaton|Tinkaton, F|100\/100\n|switch|p2a: Charizard|Charizard, M|100\/100\n|-ability|p1a: Tinkaton|Mold Breaker\n|turn|1\n|\n|t:|1700232588\n|detailschange|p2a: Charizard|Charizard-Mega-X, M\n|-mega|p2a: Charizard|Charizard|Charizardite X\n|move|p1a: Tinkaton|Protect|p1a: Tinkaton\n|-singleturn|p1a: Tinkaton|Protect\n|move|p2a: Charizard|Dragon Dance|p2a: Charizard\n|-boost|p2a: Charizard|atk|1\n|-boost|p2a: Charizard|spe|1\n|\n|upkeep\n|turn|2\n|\n|t:|1700232592\n|move|p2a: Charizard|Dragon Dance|p2a: Charizard\n|-boost|p2a: Charizard|atk|1\n|-boost|p2a: Charizard|spe|1\n|move|p1a: Tinkaton|Stealth Rock|p2a: Charizard\n|-sidestart|p2: Samgard\u3150\u3134\u3150\u315c\u315b\u3150\u3134|move: Stealth Rock\n|\n|upkeep\n|turn|3\n|\n|t:|1700232596\n|move|p2a: Charizard|Flare Blitz|p1a: Tinkaton\n|-supereffective|p1a: Tinkaton\n|-damage|p1a: Tinkaton|0 fnt\n|faint|p1a: Tinkaton\n|-damage|p2a: Charizard|59\/100|[from] Recoil\n|\n|upkeep\n|\n|t:|1700232605\n|switch|p1a: Rillaboom|Rillaboom, F|100\/100\n|-fieldstart|move: Grassy Terrain|[from] ability: Grassy Surge|[of] p1a: Rillaboom\n|turn|4\n|\n|t:|1700232610\n|move|p2a: Charizard|Dual Wingbeat|p1a: Rillaboom|[miss]\n|-miss|p2a: Charizard|p1a: Rillaboom\n|move|p1a: Rillaboom|U-turn|p2a: Charizard\n|-resisted|p2a: Charizard\n|-damage|p2a: Charizard|38\/100\n|\n|t:|1700232619\n|switch|p1a: Sneasler|Sneasler, M|100\/100|[from] U-turn\n|-enditem|p1a: Sneasler|Grassy Seed\n|-boost|p1a: Sneasler|def|1|[from] item: Grassy Seed\n|\n|-heal|p2a: Charizard|44\/100|[from] Grassy Terrain\n|upkeep\n|turn|5\n|\n|t:|1700232621\n|move|p1a: Sneasler|Close Combat|p2a: Charizard\n|-damage|p2a: Charizard|0 fnt\n|-unboost|p1a: Sneasler|def|1\n|-unboost|p1a: Sneasler|spd|1\n|faint|p2a: Charizard\n|\n|upkeep\n|\n|t:|1700232627\n|switch|p2a: Mimikyu|Mimikyu, F|100\/100\n|-damage|p2a: Mimikyu|88\/100|[from] Stealth Rock\n|turn|6\n|\n|t:|1700232631\n|move|p1a: Sneasler|Dire Claw|p2a: Mimikyu\n|-activate|p2a: Mimikyu|ability: Disguise\n|-damage|p2a: Mimikyu|88\/100\n|detailschange|p2a: Mimikyu|Mimikyu-Busted, F\n|-damage|p2a: Mimikyu|76\/100|[from] pokemon: Mimikyu-Busted\n|-zpower|p2a: Mimikyu\n|move|p2a: Mimikyu|Let's Snuggle Forever|p1a: Sneasler|[zeffect]\n|-damage|p1a: Sneasler|0 fnt\n|faint|p1a: Sneasler\n|\n|-heal|p2a: Mimikyu|82\/100|[from] Grassy Terrain\n|upkeep\n|\n|t:|1700232635\n|switch|p1a: Grafaiai|Grafaiai, M|100\/100\n|turn|7\n|\n|t:|1700232647\n|-terastallize|p1a: Grafaiai|Fire\n|move|p2a: Mimikyu|Swords Dance|p2a: Mimikyu\n|-boost|p2a: Mimikyu|atk|2\n|-enditem|p1a: Grafaiai|Mirror Herb\n|-boost|p1a: Grafaiai|atk|2|[from] item: Mirror Herb\n|move|p1a: Grafaiai|Swagger|p2a: Mimikyu|[miss]\n|-miss|p1a: Grafaiai|p2a: Mimikyu\n|\n|-heal|p2a: Mimikyu|88\/100|[from] Grassy Terrain\n|upkeep\n|turn|8\n|\n|t:|1700232659\n|move|p1a: Grafaiai|Gunk Shot|p2a: Mimikyu\n|-damage|p2a: Mimikyu|0 fnt\n|faint|p2a: Mimikyu\n|\n|-fieldend|move: Grassy Terrain\n|upkeep\n|\n|t:|1700232663\n|switch|p2a: Hitmonlee|Hitmonlee, M|100\/100\n|-damage|p2a: Hitmonlee|94\/100|[from] Stealth Rock\n|turn|9\n|\n|t:|1700232665\n|move|p2a: Hitmonlee|Endure|p2a: Hitmonlee\n|-singleturn|p2a: Hitmonlee|move: Endure\n|move|p1a: Grafaiai|Acrobatics|p2a: Hitmonlee\n|-supereffective|p2a: Hitmonlee\n|-activate|p2a: Hitmonlee|move: Endure\n|-damage|p2a: Hitmonlee|1\/100\n|-enditem|p2a: Hitmonlee|Sitrus Berry|[eat]\n|-heal|p2a: Hitmonlee|26\/100|[from] item: Sitrus Berry\n|\n|upkeep\n|turn|10\n|\n|t:|1700232670\n|-terastallize|p2a: Hitmonlee|Fighting\n|move|p1a: Grafaiai|Acrobatics|p2a: Hitmonlee\n|-supereffective|p2a: Hitmonlee\n|-damage|p2a: Hitmonlee|0 fnt\n|faint|p2a: Hitmonlee\n|\n|upkeep\n|\n|t:|1700232675\n|switch|p2a: Gliscor|Gliscor, M|100\/100\n|-damage|p2a: Gliscor|88\/100|[from] Stealth Rock\n|turn|11\n|\n|t:|1700232682\n|move|p1a: Grafaiai|Tera Blast|p2a: Gliscor|[anim] Tera Blast Fire\n|-damage|p2a: Gliscor|38\/100\n|move|p2a: Gliscor|Toxic|p1a: Grafaiai\n|-status|p1a: Grafaiai|tox\n|\n|-damage|p1a: Grafaiai|95\/100 tox|[from] psn\n|-status|p2a: Gliscor|tox|[from] item: Toxic Orb\n|upkeep\n|turn|12\n|\n|t:|1700232686\n|move|p2a: Gliscor|Protect|p2a: Gliscor\n|-singleturn|p2a: Gliscor|Protect\n|move|p1a: Grafaiai|Tera Blast|p2a: Gliscor|[anim] Tera Blast Fire\n|-activate|p2a: Gliscor|move: Protect\n|\n|-damage|p1a: Grafaiai|83\/100 tox|[from] psn\n|-heal|p2a: Gliscor|50\/100 tox|[from] ability: Poison Heal\n|upkeep\n|turn|13\n|\n|t:|1700232694\n|move|p1a: Grafaiai|Tera Blast|p2a: Gliscor|[anim] Tera Blast Fire\n|-damage|p2a: Gliscor|4\/100 tox\n|move|p2a: Gliscor|Substitute|p2a: Gliscor\n|-fail|p2a: Gliscor|move: Substitute|[weak]\n|\n|-damage|p1a: Grafaiai|65\/100 tox|[from] psn\n|-heal|p2a: Gliscor|17\/100 tox|[from] ability: Poison Heal\n|upkeep\n|turn|14\n|\n|t:|1700232699\n|move|p2a: Gliscor|Protect|p2a: Gliscor\n|-singleturn|p2a: Gliscor|Protect\n|move|p1a: Grafaiai|Tera Blast|p2a: Gliscor|[anim] Tera Blast Fire\n|-activate|p2a: Gliscor|move: Protect\n|\n|-damage|p1a: Grafaiai|41\/100 tox|[from] psn\n|-heal|p2a: Gliscor|29\/100 tox|[from] ability: Poison Heal\n|upkeep\n|turn|15\n|\n|t:|1700232703\n|move|p1a: Grafaiai|Tera Blast|p2a: Gliscor|[anim] Tera Blast Fire\n|-damage|p2a: Gliscor|0 fnt\n|faint|p2a: Gliscor\n|\n|-damage|p1a: Grafaiai|11\/100 tox|[from] psn\n|upkeep\n|\n|t:|1700232707\n|switch|p2a: Sandaconda|Sandaconda, F|100\/100\n|-damage|p2a: Sandaconda|94\/100|[from] Stealth Rock\n|turn|16\n|\n|t:|1700232710\n|move|p1a: Grafaiai|Tera Blast|p2a: Sandaconda|[anim] Tera Blast Fire\n|-damage|p2a: Sandaconda|36\/100\n|move|p2a: Sandaconda|Coil|p2a: Sandaconda\n|-boost|p2a: Sandaconda|atk|1\n|-boost|p2a: Sandaconda|def|1\n|-boost|p2a: Sandaconda|accuracy|1\n|\n|-heal|p2a: Sandaconda|42\/100|[from] item: Leftovers\n|-damage|p1a: Grafaiai|0 fnt|[from] psn\n|faint|p1a: Grafaiai\n|upkeep\n|\n|t:|1700232723\n|switch|p1a: Meowscarada|Meowscarada, M|100\/100\n|turn|17\n|\n|t:|1700232727\n|move|p1a: Meowscarada|Flower Trick|p2a: Sandaconda\n|-start|p1a: Meowscarada|typechange|Grass|[from] ability: Protean\n|-supereffective|p2a: Sandaconda\n|-crit|p2a: Sandaconda\n|-damage|p2a: Sandaconda|0 fnt\n|faint|p2a: Sandaconda\n|\n|upkeep\n|\n|t:|1700232734\n|switch|p2a: Enamorus|Enamorus, F|100\/100\n|-damage|p2a: Enamorus|76\/100|[from] Stealth Rock\n|turn|18\n|\n|t:|1700232737\n|switch|p1a: Rillaboom|Rillaboom, F|100\/100\n|-fieldstart|move: Grassy Terrain|[from] ability: Grassy Surge|[of] p1a: Rillaboom\n|move|p2a: Enamorus|Superpower|p1a: Rillaboom\n|-damage|p1a: Rillaboom|56\/100\n|-boost|p2a: Enamorus|atk|1\n|-boost|p2a: Enamorus|def|1\n|\n|-heal|p1a: Rillaboom|62\/100|[from] Grassy Terrain\n|upkeep\n|turn|19\n|\n|t:|1700232742\n|move|p2a: Enamorus|Fly||[still]\n|-prepare|p2a: Enamorus|Fly\n|move|p1a: Rillaboom|Wood Hammer|p2a: Enamorus|[miss]\n|-miss|p1a: Rillaboom|p2a: Enamorus\n|\n|-heal|p1a: Rillaboom|69\/100|[from] Grassy Terrain\n|upkeep\n|turn|20\n|\n|t:|1700232746\n|move|p2a: Enamorus|Fly|p1a: Rillaboom|[from]lockedmove\n|-supereffective|p1a: Rillaboom\n|-damage|p1a: Rillaboom|0 fnt\n|faint|p1a: Rillaboom\n|\n|upkeep\n|\n|t:|1700232752\n|switch|p1a: Pinsir|Pinsir, M|100\/100\n|turn|21\n|\n|t:|1700232757\n|detailschange|p1a: Pinsir|Pinsir-Mega, M\n|-mega|p1a: Pinsir|Pinsir|Pinsirite\n|move|p2a: Enamorus|Fly||[still]\n|-prepare|p2a: Enamorus|Fly\n|move|p1a: Pinsir|Return|p2a: Enamorus|[miss]\n|-miss|p1a: Pinsir|p2a: Enamorus\n|\n|upkeep\n|turn|22\n|\n|t:|1700232761\n|move|p2a: Enamorus|Fly|p1a: Pinsir|[from]lockedmove\n|-supereffective|p1a: Pinsir\n|-damage|p1a: Pinsir|0 fnt\n|faint|p1a: Pinsir\n|\n|-fieldend|move: Grassy Terrain\n|upkeep\n|\n|t:|1700232764\n|switch|p1a: Meowscarada|Meowscarada, M|100\/100\n|turn|23\n|\n|t:|1700232769\n|move|p1a: Meowscarada|Play Rough|p2a: Enamorus\n|-start|p1a: Meowscarada|typechange|Fairy|[from] ability: Protean\n|-damage|p2a: Enamorus|8\/100\n|-boost|p2a: Enamorus|atk|1\n|move|p2a: Enamorus|Superpower|p1a: Meowscarada\n|-resisted|p1a: Meowscarada\n|-damage|p1a: Meowscarada|36\/100\n|-boost|p2a: Enamorus|atk|1\n|-boost|p2a: Enamorus|def|1\n|\n|upkeep\n|turn|24\n|\n|t:|1700232776\n|move|p1a: Meowscarada|Play Rough|p2a: Enamorus\n|-damage|p2a: Enamorus|0 fnt\n|faint|p2a: Enamorus\n|\n|win|xxxx123\n|raw|xxxx123's rating: 1195 &rarr; <strong>1215<\/strong><br \/>(+20 for winning)\n|raw|Samgard\u3150\u3134\u3150\u315c\u315b\u3150\u3134's rating: 1122 &rarr; <strong>1102<\/strong><br \/>(-20 for losing)\n|l|\u203dSamgard\u3150\u3134\u3150\u315c\u315b\u3150\u3134\n","uploadtime":1700232784,"views":7,"p1id":"xxxx123","p2id":"samgard","formatid":"gen9nationaldex","rating":1102,"private":0,"password":""}