{"id":"gen9nationaldex-1987970623","p1":"Urfavegirly","p2":"Kainil","format":"[Gen 9] National Dex","log":"|j|\u2606Urfavegirly\n|j|\u2606Kainil\n|t:|1699654467\n|gametype|singles\n|player|p1|Urfavegirly|cynthia-gen4|1000\n|player|p2|Kainil|fisherman-gen6xy|1074\n|teamsize|p1|6\n|teamsize|p2|6\n|gen|9\n|tier|[Gen 9] National Dex\n|rated|\n|rule|HP Percentage Mod: HP is shown in percentages\n|rule|Endless Battle Clause: Forcing endless battles is banned\n|rule|OHKO Clause: OHKO moves are banned\n|rule|Evasion Clause: Evasion abilities, items, and moves are banned\n|rule|Evasion Abilities Clause: Evasion abilities are banned\n|rule|Evasion Items Clause: Evasion items are banned\n|rule|Evasion Moves Clause: Evasion moves are banned\n|rule|Species Clause: Limit one of each Pok\u00e9mon\n|rule|Sleep Clause Mod: Limit one foe put to sleep\n|clearpoke\n|poke|p1|Toxapex, F|\n|poke|p1|Beedrill, M|\n|poke|p1|Muk-Alola, M|\n|poke|p1|Seviper, F|\n|poke|p1|Dragalge, M|\n|poke|p1|Salazzle, F|\n|poke|p2|Pelipper, M|\n|poke|p2|Eelektross, F|\n|poke|p2|Azumarill, M|\n|poke|p2|Seismitoad, F|\n|poke|p2|Sharpedo, F|\n|poke|p2|Araquanid, M|\n|teampreview\n|inactive|Battle timer is ON: inactive players will automatically lose when time's up. (requested by Urfavegirly)\n|\n|t:|1699654475\n|start\n|switch|p1a: Toxapex|Toxapex, F, shiny|100\/100\n|switch|p2a: Eelektross|Eelektross, F|100\/100\n|turn|1\n|\n|t:|1699654481\n|move|p2a: Eelektross|Coil|p2a: Eelektross\n|-boost|p2a: Eelektross|atk|1\n|-boost|p2a: Eelektross|def|1\n|-boost|p2a: Eelektross|accuracy|1\n|move|p1a: Toxapex|Toxic|p2a: Eelektross\n|-status|p2a: Eelektross|tox\n|\n|-damage|p2a: Eelektross|94\/100 tox|[from] psn\n|upkeep\n|turn|2\n|\n|t:|1699654490\n|move|p1a: Toxapex|Baneful Bunker|p1a: Toxapex\n|-singleturn|p1a: Toxapex|move: Protect\n|move|p2a: Eelektross|Coil|p2a: Eelektross\n|-boost|p2a: Eelektross|atk|1\n|-boost|p2a: Eelektross|def|1\n|-boost|p2a: Eelektross|accuracy|1\n|\n|-heal|p2a: Eelektross|100\/100 tox|[from] item: Leftovers\n|-damage|p2a: Eelektross|88\/100 tox|[from] psn\n|upkeep\n|turn|3\n|\n|t:|1699654499\n|move|p2a: Eelektross|Spark|p1a: Toxapex\n|-supereffective|p1a: Toxapex\n|-damage|p1a: Toxapex|37\/100\n|move|p1a: Toxapex|Poison Jab|p2a: Eelektross\n|-crit|p2a: Eelektross\n|-damage|p2a: Eelektross|56\/100 tox\n|\n|-heal|p2a: Eelektross|62\/100 tox|[from] item: Leftovers\n|-heal|p1a: Toxapex|43\/100|[from] item: Black Sludge\n|-damage|p2a: Eelektross|44\/100 tox|[from] psn\n|upkeep\n|turn|4\n|\n|t:|1699654509\n|move|p1a: Toxapex|Baneful Bunker|p1a: Toxapex\n|-singleturn|p1a: Toxapex|move: Protect\n|move|p2a: Eelektross|Coil|p2a: Eelektross\n|-boost|p2a: Eelektross|atk|1\n|-boost|p2a: Eelektross|def|1\n|-boost|p2a: Eelektross|accuracy|1\n|\n|-heal|p2a: Eelektross|50\/100 tox|[from] item: Leftovers\n|-heal|p1a: Toxapex|49\/100|[from] item: Black Sludge\n|-damage|p2a: Eelektross|25\/100 tox|[from] psn\n|upkeep\n|turn|5\n|\n|t:|1699654519\n|move|p2a: Eelektross|Spark|p1a: Toxapex\n|-supereffective|p1a: Toxapex\n|-damage|p1a: Toxapex|0 fnt\n|faint|p1a: Toxapex\n|\n|-heal|p2a: Eelektross|32\/100 tox|[from] item: Leftovers\n|-damage|p2a: Eelektross|1\/100 tox|[from] psn\n|upkeep\n|\n|t:|1699654526\n|switch|p1a: Seviper|Seviper, F, shiny|100\/100\n|turn|6\n|\n|t:|1699654530\n|move|p1a: Seviper|Dark Pulse|p2a: Eelektross\n|-damage|p2a: Eelektross|0 fnt\n|faint|p2a: Eelektross\n|\n|upkeep\n|\n|t:|1699654536\n|switch|p2a: Sharpedo|Sharpedo, F|100\/100\n|turn|7\n|\n|t:|1699654538\n|move|p2a: Sharpedo|Protect|p2a: Sharpedo\n|-singleturn|p2a: Sharpedo|Protect\n|move|p1a: Seviper|Toxic|p2a: Sharpedo\n|-activate|p2a: Sharpedo|move: Protect\n|\n|-ability|p2a: Sharpedo|Speed Boost|boost\n|-boost|p2a: Sharpedo|spe|1\n|upkeep\n|turn|8\n|\n|t:|1699654544\n|detailschange|p2a: Sharpedo|Sharpedo-Mega, F\n|-mega|p2a: Sharpedo|Sharpedo|Sharpedonite\n|move|p2a: Sharpedo|Psychic Fangs|p1a: Seviper\n|-supereffective|p1a: Seviper\n|-damage|p1a: Seviper|0 fnt\n|faint|p1a: Seviper\n|\n|upkeep\n|\n|t:|1699654550\n|switch|p1a: Muk|Muk-Alola, M, shiny|100\/100\n|turn|9\n|\n|t:|1699654555\n|move|p2a: Sharpedo|Liquidation|p1a: Muk\n|-damage|p1a: Muk|45\/100\n|move|p1a: Muk|Toxic|p2a: Sharpedo\n|-status|p2a: Sharpedo|tox\n|\n|-heal|p1a: Muk|51\/100|[from] item: Black Sludge\n|-damage|p2a: Sharpedo|94\/100 tox|[from] psn\n|upkeep\n|turn|10\n|\n|t:|1699654564\n|move|p2a: Sharpedo|Liquidation|p1a: Muk\n|-damage|p1a: Muk|0 fnt\n|faint|p1a: Muk\n|\n|-damage|p2a: Sharpedo|82\/100 tox|[from] psn\n|upkeep\n|\n|t:|1699654570\n|switch|p1a: Dragalge|Dragalge, M, shiny|100\/100\n|turn|11\n|\n|t:|1699654580\n|move|p2a: Sharpedo|Psychic Fangs|p1a: Dragalge\n|-supereffective|p1a: Dragalge\n|-damage|p1a: Dragalge|0 fnt\n|faint|p1a: Dragalge\n|\n|-damage|p2a: Sharpedo|64\/100 tox|[from] psn\n|upkeep\n|\n|t:|1699654586\n|switch|p1a: Salazzle|Salazzle, F, shiny|100\/100\n|turn|12\n|\n|t:|1699654589\n|move|p2a: Sharpedo|Liquidation|p1a: Salazzle\n|-supereffective|p1a: Salazzle\n|-damage|p1a: Salazzle|0 fnt\n|faint|p1a: Salazzle\n|\n|-damage|p2a: Sharpedo|40\/100 tox|[from] psn\n|upkeep\n|\n|t:|1699654595\n|switch|p1a: Beedrill|Beedrill, M, shiny|100\/100\n|turn|13\n|\n|t:|1699654599\n|detailschange|p1a: Beedrill|Beedrill-Mega, M, shiny\n|-mega|p1a: Beedrill|Beedrill|Beedrillite\n|move|p2a: Sharpedo|Psychic Fangs|p1a: Beedrill\n|-supereffective|p1a: Beedrill\n|-damage|p1a: Beedrill|0 fnt\n|faint|p1a: Beedrill\n|\n|win|Kainil\n|raw|Urfavegirly's rating: 1000 &rarr; <strong>1000<\/strong><br \/>(+0 for losing)\n|raw|Kainil's rating: 1074 &rarr; <strong>1097<\/strong><br \/>(+23 for winning)\n|l|\u2606Urfavegirly\n","uploadtime":1699654615,"views":4,"p1id":"urfavegirly","p2id":"kainil","formatid":"gen9nationaldex","rating":1000,"private":0,"password":""}