{"id":"gen9nationaldex-1996952783","p1":"Hysuto","p2":"BigG5","format":"[Gen 9] National Dex","log":"|html|<div class=\"broadcast-blue\"><strong>[Gen 9] National Dex is currently suspecting Sneasler! For information on how to participate check out the <a href=\"https:\/\/www.smogon.com\/forums\/threads\/sv-national-dex-suspect-8-just-dance.3731534\/\">suspect thread<\/a>.<\/strong><\/div>\n|j|\u2606Hysuto\n|j|\u2606BigG5\n|t:|1700748971\n|gametype|singles\n|player|p1|Hysuto|burglar|1484\n|player|p2|BigG5|2|1488\n|teamsize|p1|6\n|teamsize|p2|6\n|gen|9\n|tier|[Gen 9] National Dex\n|rated|\n|rule|HP Percentage Mod: HP is shown in percentages\n|rule|Endless Battle Clause: Forcing endless battles is banned\n|rule|OHKO Clause: OHKO moves are banned\n|rule|Evasion Clause: Evasion abilities, items, and moves are banned\n|rule|Evasion Abilities Clause: Evasion abilities are banned\n|rule|Evasion Items Clause: Evasion items are banned\n|rule|Evasion Moves Clause: Evasion moves are banned\n|rule|Species Clause: Limit one of each Pok\u00e9mon\n|rule|Sleep Clause Mod: Limit one foe put to sleep\n|clearpoke\n|poke|p1|Alomomola, F|\n|poke|p1|Aggron, M|\n|poke|p1|Heatran, M|\n|poke|p1|Rillaboom, F|\n|poke|p1|Sneasler, F|\n|poke|p1|Moltres|\n|poke|p2|Tyranitar, M|\n|poke|p2|Lopunny, M|\n|poke|p2|Alomomola, M|\n|poke|p2|Landorus-Therian, M|\n|poke|p2|Dracozolt|\n|poke|p2|Tapu Lele|\n|teampreview\n|inactive|Battle timer is ON: inactive players will automatically lose when time's up. (requested by Hysuto)\n|\n|t:|1700748994\n|start\n|switch|p1a: Aggron|Aggron, M|100\/100\n|switch|p2a: Lopunny|Lopunny, M|100\/100\n|turn|1\n|\n|t:|1700749001\n|switch|p1a: Moltres|Moltres|100\/100\n|detailschange|p2a: Lopunny|Lopunny-Mega, M\n|-mega|p2a: Lopunny|Lopunny|Lopunnite\n|move|p2a: Lopunny|Fake Out|p1a: Moltres\n|-damage|p1a: Moltres|81\/100\n|-status|p2a: Lopunny|brn|[from] ability: Flame Body|[of] p1a: Moltres\n|\n|-damage|p2a: Lopunny|95\/100 brn|[from] brn\n|upkeep\n|turn|2\n|\n|t:|1700749019\n|move|p2a: Lopunny|Frustration|p1a: Moltres\n|-damage|p1a: Moltres|60\/100\n|move|p1a: Moltres|Flamethrower|p2a: Lopunny\n|-damage|p2a: Lopunny|44\/100 brn\n|\n|-damage|p2a: Lopunny|39\/100 brn|[from] brn\n|upkeep\n|turn|3\n|\n|t:|1700749032\n|switch|p2a: Tyranitar|Tyranitar, M, shiny|100\/100\n|-weather|Sandstorm|[from] ability: Sand Stream|[of] p2a: Tyranitar\n|move|p1a: Moltres|Roost|p1a: Moltres\n|-heal|p1a: Moltres|100\/100\n|-singleturn|p1a: Moltres|move: Roost\n|\n|-weather|Sandstorm|[upkeep]\n|-damage|p1a: Moltres|95\/100|[from] Sandstorm\n|upkeep\n|turn|4\n|\n|t:|1700749043\n|switch|p1a: Aggron|Aggron, M|100\/100\n|move|p2a: Tyranitar|Knock Off|p1a: Aggron\n|-damage|p1a: Aggron|83\/100\n|\n|-weather|Sandstorm|[upkeep]\n|upkeep\n|turn|5\n|\n|t:|1700749050\n|detailschange|p1a: Aggron|Aggron-Mega, M\n|-mega|p1a: Aggron|Aggron|Aggronite\n|move|p2a: Tyranitar|Fire Blast|p1a: Aggron\n|-supereffective|p1a: Aggron\n|-damage|p1a: Aggron|30\/100\n|move|p1a: Aggron|Iron Defense|p1a: Aggron\n|-boost|p1a: Aggron|def|2\n|\n|-weather|Sandstorm|[upkeep]\n|upkeep\n|turn|6\n|\n|t:|1700749062\n|switch|p1a: Rillaboom|Rillaboom, F|100\/100\n|-fieldstart|move: Grassy Terrain|[from] ability: Grassy Surge|[of] p1a: Rillaboom\n|move|p2a: Tyranitar|Fire Blast|p1a: Rillaboom\n|-supereffective|p1a: Rillaboom\n|-damage|p1a: Rillaboom|19\/100\n|\n|-weather|Sandstorm|[upkeep]\n|-damage|p1a: Rillaboom|13\/100|[from] Sandstorm\n|-heal|p1a: Rillaboom|19\/100|[from] Grassy Terrain\n|upkeep\n|turn|7\n|\n|t:|1700749072\n|switch|p2a: Landorus|Landorus-Therian, M|100\/100\n|-ability|p2a: Landorus|Intimidate|boost\n|-unboost|p1a: Rillaboom|atk|1\n|move|p1a: Rillaboom|Wood Hammer|p2a: Landorus\n|-damage|p2a: Landorus|44\/100\n|-damage|p1a: Rillaboom|3\/100|[from] item: Rocky Helmet|[of] p2a: Landorus\n|-damage|p1a: Rillaboom|0 fnt|[from] Recoil\n|faint|p1a: Rillaboom\n|\n|-weather|none\n|upkeep\n|c|\u2606Hysuto|That sucks\n|\n|t:|1700749082\n|switch|p1a: Alomomola|Alomomola, F|100\/100\n|turn|8\n|\n|t:|1700749085\n|move|p2a: Landorus|Stealth Rock|p1a: Alomomola\n|-sidestart|p1: Hysuto|move: Stealth Rock\n|move|p1a: Alomomola|Toxic|p2a: Landorus\n|-status|p2a: Landorus|tox\n|\n|-damage|p2a: Landorus|38\/100 tox|[from] psn\n|upkeep\n|turn|9\n|\n|t:|1700749092\n|switch|p2a: Tyranitar|Tyranitar, M, shiny|100\/100\n|-weather|Sandstorm|[from] ability: Sand Stream|[of] p2a: Tyranitar\n|move|p1a: Alomomola|Toxic|p2a: Tyranitar\n|-status|p2a: Tyranitar|tox\n|\n|-weather|Sandstorm|[upkeep]\n|-damage|p1a: Alomomola|94\/100|[from] Sandstorm\n|-heal|p1a: Alomomola|100\/100|[from] Grassy Terrain\n|-damage|p2a: Tyranitar|94\/100 tox|[from] psn\n|upkeep\n|turn|10\n|\n|t:|1700749102\n|move|p1a: Alomomola|Protect|p1a: Alomomola\n|-singleturn|p1a: Alomomola|Protect\n|move|p2a: Tyranitar|Knock Off|p1a: Alomomola\n|-activate|p1a: Alomomola|move: Protect\n|\n|-weather|Sandstorm|[upkeep]\n|-damage|p1a: Alomomola|94\/100|[from] Sandstorm\n|-heal|p2a: Tyranitar|100\/100 tox|[from] Grassy Terrain\n|-heal|p1a: Alomomola|100\/100|[from] Grassy Terrain\n|-damage|p2a: Tyranitar|88\/100 tox|[from] psn\n|-fieldend|move: Grassy Terrain\n|upkeep\n|turn|11\n|\n|t:|1700749113\n|move|p2a: Tyranitar|Knock Off|p1a: Alomomola\n|-damage|p1a: Alomomola|60\/100\n|-enditem|p1a: Alomomola|Heavy-Duty Boots|[from] move: Knock Off|[of] p2a: Tyranitar\n|move|p1a: Alomomola|Wish|p1a: Alomomola\n|\n|-weather|Sandstorm|[upkeep]\n|-damage|p1a: Alomomola|54\/100|[from] Sandstorm\n|-damage|p2a: Tyranitar|70\/100 tox|[from] psn\n|upkeep\n|turn|12\n|\n|t:|1700749121\n|switch|p2a: Dracozolt|Dracozolt, shiny|100\/100\n|move|p1a: Alomomola|Protect||[still]\n|-fail|p1a: Alomomola\n|\n|-weather|Sandstorm|[upkeep]\n|-damage|p1a: Alomomola|48\/100|[from] Sandstorm\n|-heal|p1a: Alomomola|98\/100|[from] move: Wish|[wisher] Alomomola\n|upkeep\n|turn|13\n|\n|t:|1700749131\n|-terastallize|p1a: Alomomola|Dragon\n|move|p2a: Dracozolt|Substitute|p2a: Dracozolt\n|-start|p2a: Dracozolt|Substitute\n|-damage|p2a: Dracozolt|76\/100\n|move|p1a: Alomomola|Toxic||[still]\n|-fail|p1a: Alomomola\n|\n|-weather|none\n|upkeep\n|turn|14\n|\n|t:|1700749138\n|move|p2a: Dracozolt|Draco Meteor|p1a: Alomomola\n|-supereffective|p1a: Alomomola\n|-damage|p1a: Alomomola|19\/100\n|-unboost|p2a: Dracozolt|spa|2\n|-damage|p2a: Dracozolt|66\/100|[from] item: Life Orb\n|move|p1a: Alomomola|Wish|p1a: Alomomola\n|\n|upkeep\n|turn|15\n|\n|t:|1700749151\n|switch|p1a: Aggron|Aggron-Mega, M|30\/100\n|-damage|p1a: Aggron|24\/100|[from] Stealth Rock\n|move|p2a: Dracozolt|Earthquake|p1a: Aggron\n|-supereffective|p1a: Aggron\n|-damage|p1a: Aggron|3\/100\n|-damage|p2a: Dracozolt|56\/100|[from] item: Life Orb\n|\n|-heal|p1a: Aggron|80\/100|[from] move: Wish|[wisher] Alomomola\n|upkeep\n|turn|16\n|\n|t:|1700749172\n|switch|p2a: Tapu Lele|Tapu Lele|100\/100\n|-fieldstart|move: Psychic Terrain|[from] ability: Psychic Surge|[of] p2a: Tapu Lele\n|move|p1a: Aggron|Iron Defense|p1a: Aggron\n|-boost|p1a: Aggron|def|2\n|\n|upkeep\n|turn|17\n|j| Yan Mouren\n|\n|t:|1700749179\n|switch|p1a: Moltres|Moltres|95\/100\n|move|p2a: Tapu Lele|Hidden Power|p1a: Moltres\n|-resisted|p1a: Moltres\n|-damage|p1a: Moltres|80\/100\n|\n|upkeep\n|turn|18\n|\n|t:|1700749186\n|switch|p2a: Tyranitar|Tyranitar, M, shiny|70\/100 tox\n|-weather|Sandstorm|[from] ability: Sand Stream|[of] p2a: Tyranitar\n|move|p1a: Moltres|Defog|p2a: Tyranitar\n|-unboost|p2a: Tyranitar|evasion|1\n|-sideend|p1: Hysuto|Stealth Rock|[from] move: Defog|[of] p1a: Moltres\n|-fieldend|move: Psychic Terrain\n|\n|-weather|Sandstorm|[upkeep]\n|-damage|p1a: Moltres|74\/100|[from] Sandstorm\n|-damage|p2a: Tyranitar|63\/100 tox|[from] psn\n|upkeep\n|turn|19\n|\n|t:|1700749202\n|switch|p1a: Aggron|Aggron-Mega, M|80\/100\n|switch|p2a: Dracozolt|Dracozolt, shiny|56\/100\n|\n|-weather|Sandstorm|[upkeep]\n|upkeep\n|turn|20\n|\n|t:|1700749211\n|-terastallize|p2a: Dracozolt|Electric\n|move|p2a: Dracozolt|Bolt Beak|p1a: Aggron\n|-damage|p1a: Aggron|28\/100\n|-damage|p2a: Dracozolt|46\/100|[from] item: Life Orb\n|move|p1a: Aggron|Iron Defense|p1a: Aggron\n|-boost|p1a: Aggron|def|2\n|\n|-weather|Sandstorm|[upkeep]\n|upkeep\n|turn|21\n|\n|t:|1700749223\n|move|p2a: Dracozolt|Bolt Beak|p1a: Aggron\n|-damage|p1a: Aggron|5\/100\n|-damage|p2a: Dracozolt|36\/100|[from] item: Life Orb\n|move|p1a: Aggron|Body Press|p2a: Dracozolt\n|-damage|p2a: Dracozolt|0 fnt\n|faint|p2a: Dracozolt\n|\n|-weather|Sandstorm|[upkeep]\n|upkeep\n|\n|t:|1700749231\n|switch|p2a: Tapu Lele|Tapu Lele|100\/100\n|-fieldstart|move: Psychic Terrain|[from] ability: Psychic Surge|[of] p2a: Tapu Lele\n|turn|22\n|c|\u2606Hysuto|That sucks\n|\n|t:|1700749236\n|switch|p1a: Heatran|Heatran, M|100\/100\n|move|p2a: Tapu Lele|Psychic|p1a: Heatran\n|-resisted|p1a: Heatran\n|-damage|p1a: Heatran|80\/100\n|-unboost|p1a: Heatran|spd|1\n|\n|-weather|none\n|upkeep\n|turn|23\n|\n|t:|1700749245\n|switch|p2a: Alomomola|Alomomola, M|100\/100\n|switch|p1a: Alomomola|Alomomola, F, tera:Dragon|53\/100\n|\n|upkeep\n|turn|24\n|\n|t:|1700749255\n|switch|p2a: Tapu Lele|Tapu Lele|100\/100\n|move|p1a: Alomomola|Wish|p1a: Alomomola\n|\n|upkeep\n|turn|25\n|\n|t:|1700749269\n|move|p1a: Alomomola|Protect|p1a: Alomomola\n|-singleturn|p1a: Alomomola|Protect\n|move|p2a: Tapu Lele|Psychic|p1a: Alomomola\n|-activate|p1a: Alomomola|move: Protect\n|\n|-heal|p1a: Alomomola|100\/100|[from] move: Wish|[wisher] Alomomola\n|upkeep\n|turn|26\n|\n|t:|1700749276\n|move|p2a: Tapu Lele|Psychic|p1a: Alomomola\n|-damage|p1a: Alomomola|39\/100\n|move|p1a: Alomomola|Toxic|p2a: Tapu Lele\n|-status|p2a: Tapu Lele|tox\n|\n|-damage|p2a: Tapu Lele|94\/100 tox|[from] psn\n|-fieldend|move: Psychic Terrain\n|upkeep\n|turn|27\n|\n|t:|1700749288\n|switch|p2a: Tyranitar|Tyranitar, M, shiny|63\/100 tox\n|-weather|Sandstorm|[from] ability: Sand Stream|[of] p2a: Tyranitar\n|move|p1a: Alomomola|Protect||[still]\n|-fail|p1a: Alomomola\n|\n|-weather|Sandstorm|[upkeep]\n|-damage|p1a: Alomomola|33\/100|[from] Sandstorm\n|-damage|p2a: Tyranitar|57\/100 tox|[from] psn\n|upkeep\n|turn|28\n|\n|t:|1700749297\n|switch|p1a: Sneasler|Sneasler, F, shiny|100\/100\n|move|p2a: Tyranitar|Ice Beam|p1a: Sneasler\n|-damage|p1a: Sneasler|70\/100\n|\n|-weather|Sandstorm|[upkeep]\n|-damage|p1a: Sneasler|64\/100|[from] Sandstorm\n|-damage|p2a: Tyranitar|45\/100 tox|[from] psn\n|upkeep\n|turn|29\n|l| Yan Mouren\n|\n|t:|1700749312\n|move|p1a: Sneasler|Substitute|p1a: Sneasler\n|-start|p1a: Sneasler|Substitute\n|-damage|p1a: Sneasler|39\/100\n|move|p2a: Tyranitar|Stone Edge|p1a: Sneasler\n|-resisted|p1a: Sneasler\n|-end|p1a: Sneasler|Substitute\n|\n|-weather|Sandstorm|[upkeep]\n|-damage|p1a: Sneasler|33\/100|[from] Sandstorm\n|-damage|p2a: Tyranitar|26\/100 tox|[from] psn\n|upkeep\n|turn|30\n|\n|t:|1700749322\n|move|p1a: Sneasler|Close Combat|p2a: Tyranitar\n|-supereffective|p2a: Tyranitar\n|-damage|p2a: Tyranitar|0 fnt\n|-unboost|p1a: Sneasler|def|1\n|-unboost|p1a: Sneasler|spd|1\n|faint|p2a: Tyranitar\n|\n|-weather|Sandstorm|[upkeep]\n|-damage|p1a: Sneasler|27\/100|[from] Sandstorm\n|upkeep\n|c|\u2606Hysuto|Sp atk is crazy\n|\n|t:|1700749330\n|switch|p2a: Lopunny|Lopunny-Mega, M|39\/100 brn\n|turn|31\n|\n|t:|1700749344\n|switch|p1a: Alomomola|Alomomola, F, tera:Dragon|66\/100\n|move|p2a: Lopunny|U-turn|p1a: Alomomola\n|-damage|p1a: Alomomola|57\/100\n|\n|t:|1700749349\n|switch|p2a: Tapu Lele|Tapu Lele|94\/100 tox|[from] U-turn\n|-fieldstart|move: Psychic Terrain|[from] ability: Psychic Surge|[of] p2a: Tapu Lele\n|\n|-weather|none\n|-damage|p2a: Tapu Lele|88\/100 tox|[from] psn\n|upkeep\n|turn|32\n|\n|t:|1700749358\n|switch|p2a: Alomomola|Alomomola, M|100\/100\n|move|p1a: Alomomola|Protect||[still]\n|-fail|p1a: Alomomola\n|\n|upkeep\n|turn|33\n|\n|t:|1700749364\n|move|p1a: Alomomola|Toxic|p2a: Alomomola\n|-status|p2a: Alomomola|tox\n|move|p2a: Alomomola|Wish|p2a: Alomomola\n|\n|-damage|p2a: Alomomola|94\/100 tox|[from] psn\n|upkeep\n|turn|34\n|\n|t:|1700749374\n|switch|p2a: Landorus|Landorus-Therian, M|38\/100 tox\n|-ability|p2a: Landorus|Intimidate|boost\n|-unboost|p1a: Alomomola|atk|1\n|move|p1a: Alomomola|Wish|p1a: Alomomola\n|\n|-heal|p2a: Landorus|99\/100 tox|[from] move: Wish|[wisher] Alomomola\n|-damage|p2a: Landorus|94\/100 tox|[from] psn\n|upkeep\n|turn|35\n|\n|t:|1700749382\n|switch|p1a: Aggron|Aggron-Mega, M|5\/100\n|move|p2a: Landorus|Stealth Rock|p1a: Aggron\n|-sidestart|p1: Hysuto|move: Stealth Rock\n|\n|-heal|p1a: Aggron|82\/100|[from] move: Wish|[wisher] Alomomola\n|-damage|p2a: Landorus|82\/100 tox|[from] psn\n|-fieldend|move: Psychic Terrain\n|upkeep\n|turn|36\n|\n|t:|1700749393\n|switch|p1a: Moltres|Moltres|74\/100\n|move|p2a: Landorus|Earthquake|p1a: Moltres\n|-immune|p1a: Moltres\n|\n|-damage|p2a: Landorus|64\/100 tox|[from] psn\n|upkeep\n|turn|37\n|\n|t:|1700749400\n|switch|p2a: Tapu Lele|Tapu Lele|88\/100 tox\n|-fieldstart|move: Psychic Terrain|[from] ability: Psychic Surge|[of] p2a: Tapu Lele\n|move|p1a: Moltres|Defog|p2a: Tapu Lele\n|-unboost|p2a: Tapu Lele|evasion|1\n|-sideend|p1: Hysuto|Stealth Rock|[from] move: Defog|[of] p1a: Moltres\n|-fieldend|move: Psychic Terrain\n|\n|-damage|p2a: Tapu Lele|82\/100 tox|[from] psn\n|upkeep\n|turn|38\n|\n|t:|1700749416\n|move|p2a: Tapu Lele|Psychic|p1a: Moltres\n|-damage|p1a: Moltres|7\/100\n|move|p1a: Moltres|U-turn|p2a: Tapu Lele\n|-damage|p2a: Tapu Lele|59\/100 tox\n|c|\u2606Hysuto|A slow tear down\n|\n|t:|1700749423\n|switch|p1a: Alomomola|Alomomola, F, tera:Dragon|91\/100|[from] U-turn\n|\n|-damage|p2a: Tapu Lele|47\/100 tox|[from] psn\n|upkeep\n|turn|39\n|\n|t:|1700749428\n|switch|p2a: Alomomola|Alomomola, M|100\/100 tox\n|move|p1a: Alomomola|Wish|p1a: Alomomola\n|\n|-damage|p2a: Alomomola|94\/100 tox|[from] psn\n|upkeep\n|turn|40\n|\n|t:|1700749434\n|move|p1a: Alomomola|Flip Turn|p2a: Alomomola\n|-resisted|p2a: Alomomola\n|-crit|p2a: Alomomola\n|-damage|p2a: Alomomola|87\/100 tox\n|\n|t:|1700749437\n|switch|p1a: Sneasler|Sneasler, F, shiny|27\/100|[from] Flip Turn\n|move|p2a: Alomomola|Flip Turn|p1a: Sneasler\n|-crit|p1a: Sneasler\n|-damage|p1a: Sneasler|0 fnt\n|faint|p1a: Sneasler\n|c|\u2606Hysuto|Damn cri\n|\n|t:|1700749446\n|switch|p2a: Landorus|Landorus-Therian, M|64\/100 tox|[from] Flip Turn\n|\n|-damage|p2a: Landorus|58\/100 tox|[from] psn\n|upkeep\n|c|\u2606Hysuto|Crit\n|\n|t:|1700749453\n|switch|p1a: Moltres|Moltres|7\/100\n|turn|41\n|\n|t:|1700749458\n|move|p2a: Landorus|Stealth Rock|p1a: Moltres\n|-sidestart|p1: Hysuto|move: Stealth Rock\n|move|p1a: Moltres|Roost|p1a: Moltres\n|-heal|p1a: Moltres|57\/100\n|-singleturn|p1a: Moltres|move: Roost\n|\n|-damage|p2a: Landorus|46\/100 tox|[from] psn\n|upkeep\n|turn|42\n|\n|t:|1700749468\n|switch|p2a: Alomomola|Alomomola, M|100\/100 tox\n|move|p1a: Moltres|Defog|p2a: Alomomola\n|-unboost|p2a: Alomomola|evasion|1\n|-sideend|p1: Hysuto|Stealth Rock|[from] move: Defog|[of] p1a: Moltres\n|\n|-damage|p2a: Alomomola|94\/100 tox|[from] psn\n|upkeep\n|turn|43\n|\n|t:|1700749476\n|move|p1a: Moltres|Roost|p1a: Moltres\n|-heal|p1a: Moltres|100\/100\n|-singleturn|p1a: Moltres|move: Roost\n|move|p2a: Alomomola|Wish|p2a: Alomomola\n|\n|-damage|p2a: Alomomola|82\/100 tox|[from] psn\n|upkeep\n|turn|44\n|\n|t:|1700749484\n|move|p1a: Moltres|Flamethrower|p2a: Alomomola\n|-resisted|p2a: Alomomola\n|-damage|p2a: Alomomola|64\/100 tox\n|move|p2a: Alomomola|Flip Turn|p1a: Moltres\n|-supereffective|p1a: Moltres\n|-crit|p1a: Moltres\n|-damage|p1a: Moltres|60\/100\n|\n|t:|1700749491\n|switch|p2a: Tapu Lele|Tapu Lele|47\/100 tox|[from] Flip Turn\n|-fieldstart|move: Psychic Terrain|[from] ability: Psychic Surge|[of] p2a: Tapu Lele\n|\n|-heal|p2a: Tapu Lele|100\/100 tox|[from] move: Wish|[wisher] Alomomola\n|-damage|p2a: Tapu Lele|94\/100 tox|[from] psn\n|upkeep\n|turn|45\n|\n|t:|1700749501\n|switch|p1a: Heatran|Heatran, M|80\/100\n|move|p2a: Tapu Lele|Psychic|p1a: Heatran\n|-resisted|p1a: Heatran\n|-damage|p1a: Heatran|62\/100\n|\n|-damage|p2a: Tapu Lele|82\/100 tox|[from] psn\n|upkeep\n|turn|46\n|\n|t:|1700749513\n|switch|p2a: Alomomola|Alomomola, M|98\/100 tox\n|move|p1a: Heatran|Flash Cannon|p2a: Alomomola\n|-resisted|p2a: Alomomola\n|-damage|p2a: Alomomola|82\/100 tox\n|\n|-damage|p2a: Alomomola|75\/100 tox|[from] psn\n|upkeep\n|turn|47\n|\n|t:|1700749520\n|switch|p1a: Aggron|Aggron-Mega, M|82\/100\n|move|p2a: Alomomola|Wish|p2a: Alomomola\n|\n|-damage|p2a: Alomomola|63\/100 tox|[from] psn\n|upkeep\n|turn|48\n|\n|t:|1700749526\n|move|p1a: Aggron|Stealth Rock|p2a: Alomomola\n|-sidestart|p2: BigG5|move: Stealth Rock\n|move|p2a: Alomomola|Flip Turn|p1a: Aggron\n|-damage|p1a: Aggron|76\/100\n|\n|t:|1700749534\n|switch|p2a: Landorus|Landorus-Therian, M|46\/100 tox|[from] Flip Turn\n|-damage|p2a: Landorus|33\/100 tox|[from] Stealth Rock\n|-ability|p2a: Landorus|Intimidate|boost\n|-unboost|p1a: Aggron|atk|1\n|\n|-heal|p2a: Landorus|95\/100 tox|[from] move: Wish|[wisher] Alomomola\n|-damage|p2a: Landorus|89\/100 tox|[from] psn\n|-fieldend|move: Psychic Terrain\n|upkeep\n|turn|49\n|\n|t:|1700749547\n|move|p2a: Landorus|Stealth Rock|p1a: Aggron\n|-sidestart|p1: Hysuto|move: Stealth Rock\n|move|p1a: Aggron|Iron Defense|p1a: Aggron\n|-boost|p1a: Aggron|def|2\n|\n|-damage|p2a: Landorus|77\/100 tox|[from] psn\n|upkeep\n|turn|50\n|\n|t:|1700749555\n|move|p2a: Landorus|Earthquake|p1a: Aggron\n|-supereffective|p1a: Aggron\n|-damage|p1a: Aggron|63\/100\n|move|p1a: Aggron|Heavy Slam|p2a: Landorus\n|-damage|p2a: Landorus|52\/100 tox\n|-damage|p1a: Aggron|46\/100|[from] item: Rocky Helmet|[of] p2a: Landorus\n|\n|-damage|p2a: Landorus|34\/100 tox|[from] psn\n|upkeep\n|turn|51\n|\n|t:|1700749570\n|move|p2a: Landorus|Earthquake|p1a: Aggron\n|-supereffective|p1a: Aggron\n|-damage|p1a: Aggron|33\/100\n|move|p1a: Aggron|Body Press|p2a: Landorus\n|-resisted|p2a: Landorus\n|-damage|p2a: Landorus|0 fnt\n|-damage|p1a: Aggron|17\/100|[from] item: Rocky Helmet|[of] p2a: Landorus\n|faint|p2a: Landorus\n|\n|upkeep\n|\n|t:|1700749578\n|switch|p2a: Alomomola|Alomomola, M|96\/100 tox\n|turn|52\n|\n|t:|1700749583\n|switch|p1a: Alomomola|Alomomola, F, tera:Dragon|100\/100\n|-damage|p1a: Alomomola|88\/100|[from] Stealth Rock\n|move|p2a: Alomomola|Flip Turn|p1a: Alomomola\n|-resisted|p1a: Alomomola\n|-damage|p1a: Alomomola|82\/100\n|\n|t:|1700749590\n|switch|p2a: Tapu Lele|Tapu Lele|82\/100 tox|[from] Flip Turn\n|-damage|p2a: Tapu Lele|70\/100 tox|[from] Stealth Rock\n|-fieldstart|move: Psychic Terrain|[from] ability: Psychic Surge|[of] p2a: Tapu Lele\n|\n|-damage|p2a: Tapu Lele|64\/100 tox|[from] psn\n|upkeep\n|turn|53\n|\n|t:|1700749598\n|move|p1a: Alomomola|Protect|p1a: Alomomola\n|-singleturn|p1a: Alomomola|Protect\n|move|p2a: Tapu Lele|Moonblast|p1a: Alomomola\n|-activate|p1a: Alomomola|move: Protect\n|\n|-damage|p2a: Tapu Lele|52\/100 tox|[from] psn\n|upkeep\n|turn|54\n|\n|t:|1700749606\n|switch|p2a: Alomomola|Alomomola, M|100\/100 tox\n|switch|p1a: Heatran|Heatran, M|62\/100\n|-damage|p1a: Heatran|49\/100|[from] Stealth Rock\n|\n|-damage|p2a: Alomomola|94\/100 tox|[from] psn\n|upkeep\n|turn|55\n|\n|t:|1700749614\n|switch|p1a: Alomomola|Alomomola, F, tera:Dragon|100\/100\n|-damage|p1a: Alomomola|88\/100|[from] Stealth Rock\n|move|p2a: Alomomola|Wish|p2a: Alomomola\n|\n|-damage|p2a: Alomomola|82\/100 tox|[from] psn\n|upkeep\n|turn|56\n|\n|t:|1700749620\n|switch|p2a: Tapu Lele|Tapu Lele|52\/100 tox\n|-damage|p2a: Tapu Lele|39\/100 tox|[from] Stealth Rock\n|move|p1a: Alomomola|Wish|p1a: Alomomola\n|\n|-heal|p2a: Tapu Lele|100\/100 tox|[from] move: Wish|[wisher] Alomomola\n|-damage|p2a: Tapu Lele|94\/100 tox|[from] psn\n|-fieldend|move: Psychic Terrain\n|upkeep\n|turn|57\n|c|\u2606Hysuto|Ahhh i see\n|\n|t:|1700749631\n|move|p2a: Tapu Lele|Psychic|p1a: Alomomola\n|-damage|p1a: Alomomola|41\/100\n|move|p1a: Alomomola|Flip Turn|p2a: Tapu Lele\n|-damage|p2a: Tapu Lele|68\/100 tox\n|\n|t:|1700749634\n|switch|p1a: Heatran|Heatran, M|49\/100|[from] Flip Turn\n|-damage|p1a: Heatran|37\/100|[from] Stealth Rock\n|\n|-heal|p1a: Heatran|100\/100|[from] move: Wish|[wisher] Alomomola\n|-damage|p2a: Tapu Lele|56\/100 tox|[from] psn\n|upkeep\n|turn|58\n|\n|t:|1700749647\n|switch|p2a: Alomomola|Alomomola, M|100\/100 tox\n|switch|p1a: Alomomola|Alomomola, F, tera:Dragon|74\/100\n|-damage|p1a: Alomomola|62\/100|[from] Stealth Rock\n|\n|-damage|p2a: Alomomola|94\/100 tox|[from] psn\n|upkeep\n|turn|59\n|\n|t:|1700749655\n|move|p1a: Alomomola|Wish|p1a: Alomomola\n|move|p2a: Alomomola|Wish|p2a: Alomomola\n|\n|-damage|p2a: Alomomola|82\/100 tox|[from] psn\n|upkeep\n|turn|60\n|\n|t:|1700749663\n|move|p1a: Alomomola|Flip Turn|p2a: Alomomola\n|-resisted|p2a: Alomomola\n|-damage|p2a: Alomomola|77\/100 tox\n|\n|t:|1700749668\n|switch|p1a: Aggron|Aggron-Mega, M|17\/100|[from] Flip Turn\n|-damage|p1a: Aggron|11\/100|[from] Stealth Rock\n|move|p2a: Alomomola|Flip Turn|p1a: Aggron\n|-damage|p1a: Aggron|4\/100\n|\n|t:|1700749675\n|switch|p2a: Tapu Lele|Tapu Lele|56\/100 tox|[from] Flip Turn\n|-damage|p2a: Tapu Lele|43\/100 tox|[from] Stealth Rock\n|-fieldstart|move: Psychic Terrain|[from] ability: Psychic Surge|[of] p2a: Tapu Lele\n|\n|-heal|p2a: Tapu Lele|100\/100 tox|[from] move: Wish|[wisher] Alomomola\n|-heal|p1a: Aggron|81\/100|[from] move: Wish|[wisher] Alomomola\n|-damage|p2a: Tapu Lele|94\/100 tox|[from] psn\n|upkeep\n|turn|61\n|\n|t:|1700749686\n|switch|p1a: Alomomola|Alomomola, F, tera:Dragon|95\/100\n|-damage|p1a: Alomomola|83\/100|[from] Stealth Rock\n|move|p2a: Tapu Lele|Hidden Power|p1a: Alomomola\n|-resisted|p1a: Alomomola\n|-damage|p1a: Alomomola|71\/100\n|\n|-damage|p2a: Tapu Lele|82\/100 tox|[from] psn\n|upkeep\n|turn|62\n|-message|BigG5 forfeited.\n|\n|win|Hysuto\n|raw|Hysuto's rating: 1484 &rarr; <strong>1504<\/strong><br \/>(+20 for winning)\n|raw|BigG5's rating: 1488 &rarr; <strong>1468<\/strong><br \/>(-20 for losing)\n|l|\u2606BigG5\n","uploadtime":1700749698,"views":0,"p1id":"hysuto","p2id":"bigg5","formatid":"gen9nationaldex","rating":1468,"private":0,"password":""}