{"id":"gen9nationaldex-1996638007","p1":"MorthDaMooth","p2":"shyguy and glaceon","format":"[Gen 9] National Dex","log":"|html|<div class=\"broadcast-blue\"><strong>[Gen 9] National Dex is currently suspecting Sneasler! For information on how to participate check out the <a href=\"https:\/\/www.smogon.com\/forums\/threads\/sv-national-dex-suspect-8-just-dance.3731534\/\">suspect thread<\/a>.<\/strong><\/div>\n|j|\u2606MorthDaMooth\n|j|\u2606shyguy and glaceon\n|t:|1700703679\n|gametype|singles\n|player|p1|MorthDaMooth|170|\n|player|p2|shyguy and glaceon|roxanne|\n|teamsize|p1|6\n|teamsize|p2|6\n|gen|9\n|tier|[Gen 9] National Dex\n|rule|HP Percentage Mod: HP is shown in percentages\n|rule|Endless Battle Clause: Forcing endless battles is banned\n|rule|OHKO Clause: OHKO moves are banned\n|rule|Evasion Clause: Evasion abilities, items, and moves are banned\n|rule|Evasion Abilities Clause: Evasion abilities are banned\n|rule|Evasion Items Clause: Evasion items are banned\n|rule|Evasion Moves Clause: Evasion moves are banned\n|rule|Species Clause: Limit one of each Pok\u00e9mon\n|rule|Sleep Clause Mod: Limit one foe put to sleep\n|clearpoke\n|poke|p1|Serperior, M|\n|poke|p1|Noivern, M|\n|poke|p1|Tinkaton, F|\n|poke|p1|Slither Wing|\n|poke|p1|Milotic, F|\n|poke|p1|Clodsire, M|\n|poke|p2|Conkeldurr, M|\n|poke|p2|Tinkaton, F|\n|poke|p2|Greninja-*, M|\n|poke|p2|Heatran, F|\n|poke|p2|Iron Hands|\n|poke|p2|Great Tusk|\n|teampreview\n|\n|t:|1700703691\n|start\n|switch|p1a: Whamma Slam!|Tinkaton, F|100\/100\n|switch|p2a: metal mario|Iron Hands, shiny|100\/100\n|-ability|p1a: Whamma Slam!|Mold Breaker\n|turn|1\n|\n|t:|1700703706\n|-end|p2a: metal mario|Quark Drive|[silent]\n|switch|p2a: Heatran|Heatran, F, shiny|100\/100\n|move|p1a: Whamma Slam!|Swords Dance|p1a: Whamma Slam!\n|-boost|p1a: Whamma Slam!|atk|2\n|\n|upkeep\n|turn|2\n|\n|t:|1700703719\n|switch|p1a: Marvel|Milotic, F|100\/100\n|move|p2a: Heatran|Flamethrower|p1a: Marvel\n|-resisted|p1a: Marvel\n|-damage|p1a: Marvel|88\/100\n|\n|upkeep\n|turn|3\n|\n|t:|1700703730\n|move|p2a: Heatran|Dragon Pulse|p1a: Marvel\n|-damage|p1a: Marvel|71\/100\n|move|p1a: Marvel|Hydro Pump|p2a: Heatran\n|-supereffective|p2a: Heatran\n|-damage|p2a: Heatran|48\/100\n|\n|upkeep\n|turn|4\n|\n|t:|1700703745\n|move|p2a: Heatran|Dark Pulse|p1a: Marvel\n|-damage|p1a: Marvel|55\/100\n|move|p1a: Marvel|Hydro Pump|p2a: Heatran\n|-supereffective|p2a: Heatran\n|-damage|p2a: Heatran|0 fnt\n|faint|p2a: Heatran\n|\n|upkeep\n|\n|t:|1700703760\n|switch|p2a: metal mario|Iron Hands, shiny|100\/100\n|turn|5\n|\n|t:|1700703770\n|move|p2a: metal mario|Fake Out|p1a: Marvel\n|-damage|p1a: Marvel|40\/100\n|cant|p1a: Marvel|flinch\n|\n|upkeep\n|turn|6\n|\n|t:|1700703775\n|move|p2a: metal mario|Belly Drum|p2a: metal mario\n|-damage|p2a: metal mario|51\/100\n|-setboost|p2a: metal mario|atk|6|[from] move: Belly Drum\n|move|p1a: Marvel|Ice Beam|p2a: metal mario\n|-damage|p2a: metal mario|19\/100\n|-enditem|p2a: metal mario|Sitrus Berry|[eat]\n|-heal|p2a: metal mario|44\/100|[from] item: Sitrus Berry\n|\n|upkeep\n|turn|7\n|\n|t:|1700703788\n|move|p2a: metal mario|Drain Punch|p1a: Marvel\n|-damage|p1a: Marvel|0 fnt\n|-heal|p2a: metal mario|61\/100|[from] drain|[of] p1a: Marvel\n|faint|p1a: Marvel\n|\n|upkeep\n|j| lemmybro87\n|\n|t:|1700703793\n|switch|p1a: Whamma Slam!|Tinkaton, F|100\/100\n|-ability|p1a: Whamma Slam!|Mold Breaker\n|turn|8\n|\n|t:|1700703805\n|move|p1a: Whamma Slam!|Play Rough|p2a: metal mario|[miss]\n|-miss|p1a: Whamma Slam!|p2a: metal mario\n|move|p2a: metal mario|Drain Punch|p1a: Whamma Slam!\n|-damage|p1a: Whamma Slam!|0 fnt\n|-heal|p2a: metal mario|96\/100|[from] drain|[of] p1a: Whamma Slam!\n|faint|p1a: Whamma Slam!\n|\n|upkeep\n|\n|t:|1700703815\n|switch|p1a: The Lad!|Clodsire, M|100\/100\n|turn|9\n|\n|t:|1700703823\n|move|p2a: metal mario|Drain Punch|p1a: The Lad!\n|-resisted|p1a: The Lad!\n|-damage|p1a: The Lad!|11\/100\n|-heal|p2a: metal mario|100\/100|[from] drain|[of] p1a: The Lad!\n|-enditem|p1a: The Lad!|Aguav Berry|[eat]\n|-heal|p1a: The Lad!|44\/100|[from] item: Aguav Berry\n|move|p1a: The Lad!|Earthquake|p2a: metal mario\n|-supereffective|p2a: metal mario\n|-damage|p2a: metal mario|63\/100\n|\n|upkeep\n|turn|10\n|\n|t:|1700703839\n|-terastallize|p2a: metal mario|Fighting\n|move|p2a: metal mario|Drain Punch|p1a: The Lad!\n|-resisted|p1a: The Lad!\n|-damage|p1a: The Lad!|0 fnt\n|-heal|p2a: metal mario|86\/100|[from] drain|[of] p1a: The Lad!\n|faint|p1a: The Lad!\n|\n|upkeep\n|\n|t:|1700703846\n|switch|p1a: Reverb|Noivern, M, shiny|100\/100\n|turn|11\n|\n|t:|1700703850\n|-terastallize|p1a: Reverb|Fairy\n|move|p1a: Reverb|Tera Blast|p2a: metal mario|[anim] Tera Blast Fairy\n|-supereffective|p2a: metal mario\n|-damage|p2a: metal mario|16\/100\n|move|p2a: metal mario|Ice Punch|p1a: Reverb\n|-damage|p1a: Reverb|0 fnt\n|faint|p1a: Reverb\n|\n|upkeep\n|\n|t:|1700703858\n|switch|p1a: Floof Mooth|Slither Wing|100\/100\n|turn|12\n|\n|t:|1700703861\n|move|p1a: Floof Mooth|First Impression|p2a: metal mario\n|-resisted|p2a: metal mario\n|-damage|p2a: metal mario|0 fnt\n|faint|p2a: metal mario\n|-end|p2a: metal mario|Quark Drive|[silent]\n|\n|upkeep\n|\n|t:|1700703874\n|switch|p2a: ninja|Greninja, M, shiny|100\/100\n|turn|13\n|\n|t:|1700703878\n|move|p2a: ninja|Extrasensory|p1a: Floof Mooth\n|-start|p2a: ninja|typechange|Psychic|[from] ability: Protean\n|-supereffective|p1a: Floof Mooth\n|-damage|p1a: Floof Mooth|30\/100\n|move|p1a: Floof Mooth|U-turn|p2a: ninja\n|-supereffective|p2a: ninja\n|-damage|p2a: ninja|0 fnt\n|faint|p2a: ninja\n|\n|t:|1700703885\n|-end|p1a: Floof Mooth|Protosynthesis|[silent]\n|switch|p1a: Da Snoove!|Serperior, M|100\/100|[from] U-turn\n|\n|upkeep\n|\n|t:|1700703897\n|switch|p2a: labron james|Tinkaton, F, shiny|100\/100\n|-ability|p2a: labron james|Mold Breaker\n|turn|14\n|\n|t:|1700703905\n|move|p1a: Da Snoove!|Leaf Storm|p2a: labron james\n|-resisted|p2a: labron james\n|-damage|p2a: labron james|74\/100\n|-boost|p1a: Da Snoove!|spa|2\n|move|p2a: labron james|Gigaton Hammer|p1a: Da Snoove!\n|-damage|p1a: Da Snoove!|28\/100\n|\n|-heal|p1a: Da Snoove!|34\/100|[from] item: Leftovers\n|upkeep\n|turn|15\n|\n|t:|1700703918\n|move|p1a: Da Snoove!|Hidden Power|p2a: labron james\n|-supereffective|p2a: labron james\n|-damage|p2a: labron james|17\/100\n|move|p2a: labron james|Foul Play|p1a: Da Snoove!\n|-damage|p1a: Da Snoove!|17\/100\n|\n|-heal|p1a: Da Snoove!|23\/100|[from] item: Leftovers\n|upkeep\n|turn|16\n|\n|t:|1700703925\n|move|p1a: Da Snoove!|Hidden Power|p2a: labron james\n|-supereffective|p2a: labron james\n|-damage|p2a: labron james|0 fnt\n|faint|p2a: labron james\n|\n|-heal|p1a: Da Snoove!|29\/100|[from] item: Leftovers\n|upkeep\n|\n|t:|1700703933\n|switch|p2a: big man|Conkeldurr, M, shiny|100\/100\n|turn|17\n|\n|t:|1700703939\n|move|p2a: big man|Mach Punch|p1a: Da Snoove!\n|-damage|p1a: Da Snoove!|4\/100\n|move|p1a: Da Snoove!|Leaf Storm|p2a: big man\n|-damage|p2a: big man|0 fnt\n|-boost|p1a: Da Snoove!|spa|2\n|faint|p2a: big man\n|\n|-heal|p1a: Da Snoove!|10\/100|[from] item: Leftovers\n|upkeep\n|\n|t:|1700703948\n|switch|p2a: Mamoswine??|Great Tusk|100\/100\n|-enditem|p2a: Mamoswine??|Booster Energy\n|-activate|p2a: Mamoswine??|ability: Protosynthesis|[fromitem]\n|-start|p2a: Mamoswine??|protosynthesisdef\n|turn|18\n|\n|t:|1700703954\n|move|p1a: Da Snoove!|Leaf Storm|p2a: Mamoswine??\n|-supereffective|p2a: Mamoswine??\n|-damage|p2a: Mamoswine??|0 fnt\n|-boost|p1a: Da Snoove!|spa|2\n|faint|p2a: Mamoswine??\n|-end|p2a: Mamoswine??|Protosynthesis|[silent]\n|\n|win|MorthDaMooth\n","uploadtime":1700703963,"views":2,"p1id":"morthdamooth","p2id":"shyguyandglaceon","formatid":"gen9nationaldex","rating":0,"private":0,"password":""}