{"id":"gen9nationaldex-1995107848","p1":"Maeby Mitenaut","p2":"StyxPrincess","format":"[Gen 9] National Dex","log":"|html|<div class=\"broadcast-blue\"><strong>[Gen 9] National Dex is currently suspecting Sneasler! For information on how to participate check out the <a href=\"https:\/\/www.smogon.com\/forums\/threads\/sv-national-dex-suspect-8-just-dance.3731534\/\">suspect thread<\/a>.<\/strong><\/div>\n|j|\u2606Maeby Mitenaut\n|j|\u2606StyxPrincess\n|t:|1700523404\n|gametype|singles\n|player|p1|Maeby Mitenaut|dahlia|1113\n|player|p2|StyxPrincess|parasollady|1187\n|teamsize|p1|6\n|teamsize|p2|6\n|gen|9\n|tier|[Gen 9] National Dex\n|rated|\n|rule|HP Percentage Mod: HP is shown in percentages\n|rule|Endless Battle Clause: Forcing endless battles is banned\n|rule|OHKO Clause: OHKO moves are banned\n|rule|Evasion Clause: Evasion abilities, items, and moves are banned\n|rule|Evasion Abilities Clause: Evasion abilities are banned\n|rule|Evasion Items Clause: Evasion items are banned\n|rule|Evasion Moves Clause: Evasion moves are banned\n|rule|Species Clause: Limit one of each Pok\u00e9mon\n|rule|Sleep Clause Mod: Limit one foe put to sleep\n|clearpoke\n|poke|p1|Raichu-Alola, F|\n|poke|p1|Clodsire, F|\n|poke|p1|Tapu Koko|\n|poke|p1|Arctozolt|\n|poke|p1|Iron Hands|\n|poke|p1|Ninetales-Alola, F|\n|poke|p2|Claydol|\n|poke|p2|Hatterene, F|\n|poke|p2|Metagross|\n|poke|p2|Clefable, F|\n|poke|p2|Pawmot, F|\n|poke|p2|Ursaluna, F|\n|teampreview\n|\n|t:|1700523414\n|start\n|switch|p1a: 9er|Ninetales-Alola, F, shiny|100\/100\n|switch|p2a: because why not|Claydol|100\/100\n|-weather|Snow|[from] ability: Snow Warning|[of] p1a: 9er\n|turn|1\n|\n|t:|1700523425\n|move|p1a: 9er|Aurora Veil|p1a: 9er\n|-sidestart|p1: Maeby Mitenaut|move: Aurora Veil\n|move|p2a: because why not|Trick Room|p2a: because why not\n|-fieldstart|move: Trick Room|[of] p2a: because why not\n|\n|-weather|Snow|[upkeep]\n|upkeep\n|turn|2\n|\n|t:|1700523440\n|switch|p1a: Bluck Buck|Tapu Koko, shiny|100\/100\n|-fieldstart|move: Electric Terrain|[from] ability: Electric Surge|[of] p1a: Bluck Buck\n|move|p2a: because why not|Toxic|p1a: Bluck Buck\n|-status|p1a: Bluck Buck|tox\n|\n|-weather|Snow|[upkeep]\n|-damage|p1a: Bluck Buck|94\/100 tox|[from] psn\n|upkeep\n|turn|3\n|\n|t:|1700523455\n|switch|p2a: bear 2|Ursaluna, F|100\/100\n|move|p1a: Bluck Buck|Taunt|p2a: bear 2\n|-start|p2a: bear 2|move: Taunt\n|\n|-weather|Snow|[upkeep]\n|-damage|p1a: Bluck Buck|82\/100 tox|[from] psn\n|-status|p2a: bear 2|brn|[from] item: Flame Orb\n|upkeep\n|turn|4\n|\n|t:|1700523473\n|move|p2a: bear 2|Headlong Rush|p1a: Bluck Buck\n|-supereffective|p1a: Bluck Buck\n|-damage|p1a: Bluck Buck|0 fnt\n|-unboost|p2a: bear 2|def|1\n|-unboost|p2a: bear 2|spd|1\n|faint|p1a: Bluck Buck\n|\n|-weather|Snow|[upkeep]\n|-damage|p2a: bear 2|94\/100 brn|[from] brn\n|upkeep\n|\n|t:|1700523486\n|switch|p1a: Big Pap\u00ed|Iron Hands|100\/100\n|-activate|p1a: Big Pap\u00ed|ability: Quark Drive\n|-start|p1a: Big Pap\u00ed|quarkdriveatk\n|turn|5\n|\n|t:|1700523491\n|move|p2a: bear 2|Headlong Rush|p1a: Big Pap\u00ed\n|-supereffective|p1a: Big Pap\u00ed\n|-damage|p1a: Big Pap\u00ed|34\/100\n|-unboost|p2a: bear 2|def|1\n|-unboost|p2a: bear 2|spd|1\n|move|p1a: Big Pap\u00ed|Fire Punch|p2a: bear 2\n|-damage|p2a: bear 2|35\/100 brn\n|\n|-weather|Snow|[upkeep]\n|-damage|p2a: bear 2|29\/100 brn|[from] brn\n|-end|p2a: bear 2|move: Taunt\n|-sideend|p1: Maeby Mitenaut|move: Aurora Veil\n|-fieldend|move: Trick Room\n|upkeep\n|turn|6\n|\n|t:|1700523518\n|move|p1a: Big Pap\u00ed|Drain Punch|p2a: bear 2\n|-supereffective|p2a: bear 2\n|-damage|p2a: bear 2|0 fnt\n|-heal|p1a: Big Pap\u00ed|47\/100|[from] drain|[of] p2a: bear 2\n|faint|p2a: bear 2\n|\n|-weather|Snow|[upkeep]\n|upkeep\n|\n|t:|1700523527\n|switch|p2a: counter^2|Clefable, F|100\/100\n|turn|7\n|\n|t:|1700523533\n|move|p2a: counter^2|Flamethrower|p1a: Big Pap\u00ed\n|-damage|p1a: Big Pap\u00ed|30\/100\n|move|p1a: Big Pap\u00ed|Drain Punch|p2a: counter^2\n|-resisted|p2a: counter^2\n|-damage|p2a: counter^2|65\/100\n|-heal|p1a: Big Pap\u00ed|44\/100|[from] drain|[of] p2a: counter^2\n|\n|-weather|Snow|[upkeep]\n|-heal|p2a: counter^2|72\/100|[from] item: Leftovers\n|upkeep\n|turn|8\n|\n|t:|1700523556\n|move|p2a: counter^2|Thunderbolt|p1a: Big Pap\u00ed\n|-resisted|p1a: Big Pap\u00ed\n|-damage|p1a: Big Pap\u00ed|34\/100\n|move|p1a: Big Pap\u00ed|Thunder Punch|p2a: counter^2\n|-damage|p2a: counter^2|0 fnt\n|faint|p2a: counter^2\n|\n|-weather|none\n|upkeep\n|\n|t:|1700523570\n|switch|p2a: pride|Hatterene, F|100\/100\n|turn|9\n|\n|t:|1700523577\n|move|p1a: Big Pap\u00ed|Drain Punch|p2a: pride\n|-resisted|p2a: pride\n|-damage|p2a: pride|82\/100\n|-heal|p1a: Big Pap\u00ed|38\/100|[from] drain|[of] p2a: pride\n|move|p2a: pride|Draining Kiss|p1a: Big Pap\u00ed\n|-supereffective|p1a: Big Pap\u00ed\n|-damage|p1a: Big Pap\u00ed|0 fnt\n|-heal|p2a: pride|100\/100|[from] drain|[of] p1a: Big Pap\u00ed\n|faint|p1a: Big Pap\u00ed\n|-end|p1a: Big Pap\u00ed|Quark Drive|[silent]\n|\n|-fieldend|move: Electric Terrain\n|upkeep\n|\n|t:|1700523587\n|switch|p1a: 9er|Ninetales-Alola, F, shiny|100\/100\n|-weather|Snow|[from] ability: Snow Warning|[of] p1a: 9er\n|turn|10\n|\n|t:|1700523602\n|switch|p2a: because why not|Claydol|100\/100\n|move|p1a: 9er|Aurora Veil|p1a: 9er\n|-sidestart|p1: Maeby Mitenaut|move: Aurora Veil\n|\n|-weather|Snow|[upkeep]\n|upkeep\n|turn|11\n|\n|t:|1700523613\n|move|p1a: 9er|Blizzard|p2a: because why not\n|-supereffective|p2a: because why not\n|-damage|p2a: because why not|40\/100\n|-status|p2a: because why not|frz\n|-curestatus|p2a: because why not|frz|[msg]\n|move|p2a: because why not|Stealth Rock|p1a: 9er\n|-sidestart|p1: Maeby Mitenaut|move: Stealth Rock\n|\n|-weather|Snow|[upkeep]\n|upkeep\n|turn|12\n|\n|t:|1700523637\n|switch|p2a: meta?|Metagross|100\/100\n|move|p1a: 9er|Blizzard|p2a: meta?\n|-resisted|p2a: meta?\n|-damage|p2a: meta?|85\/100\n|\n|-weather|Snow|[upkeep]\n|upkeep\n|turn|13\n|\n|t:|1700523650\n|switch|p1a: Gritty|Arctozolt, shiny|100\/100\n|-damage|p1a: Gritty|76\/100|[from] Stealth Rock\n|move|p2a: meta?|Bullet Punch|p1a: Gritty\n|-damage|p1a: Gritty|67\/100\n|\n|-weather|Snow|[upkeep]\n|upkeep\n|turn|14\n|\n|t:|1700523662\n|move|p1a: Gritty|Stomping Tantrum|p2a: meta?\n|-supereffective|p2a: meta?\n|-enditem|p2a: meta?|Shuca Berry|[eat]\n|-enditem|p2a: meta?|Shuca Berry|[weaken]\n|-damage|p2a: meta?|70\/100\n|move|p2a: meta?|Earthquake|p1a: Gritty\n|-supereffective|p1a: Gritty\n|-damage|p1a: Gritty|35\/100\n|\n|-weather|Snow|[upkeep]\n|-sideend|p1: Maeby Mitenaut|move: Aurora Veil\n|upkeep\n|turn|15\n|\n|t:|1700523672\n|move|p2a: meta?|Bullet Punch|p1a: Gritty\n|-damage|p1a: Gritty|17\/100\n|-enditem|p1a: Gritty|Aguav Berry|[eat]\n|-heal|p1a: Gritty|50\/100|[from] item: Aguav Berry\n|move|p1a: Gritty|Stomping Tantrum|p2a: meta?\n|-supereffective|p2a: meta?\n|-damage|p2a: meta?|37\/100\n|\n|-weather|Snow|[upkeep]\n|upkeep\n|turn|16\n|\n|t:|1700523687\n|move|p1a: Gritty|Stomping Tantrum|p2a: meta?\n|-supereffective|p2a: meta?\n|-damage|p2a: meta?|5\/100\n|move|p2a: meta?|Earthquake|p1a: Gritty\n|-supereffective|p1a: Gritty\n|-damage|p1a: Gritty|0 fnt\n|faint|p1a: Gritty\n|\n|-weather|Snow|[upkeep]\n|upkeep\n|\n|t:|1700523702\n|switch|p1a: 9er|Ninetales-Alola, F, shiny|100\/100\n|-damage|p1a: 9er|76\/100|[from] Stealth Rock\n|turn|17\n|\n|t:|1700523712\n|move|p2a: meta?|Bullet Punch|p1a: 9er\n|-supereffective|p1a: 9er\n|-damage|p1a: 9er|0 fnt\n|faint|p1a: 9er\n|\n|-weather|none\n|upkeep\n|\n|t:|1700523718\n|switch|p1a: M'Boi|Raichu-Alola, F, shiny|100\/100\n|-damage|p1a: M'Boi|88\/100|[from] Stealth Rock\n|turn|18\n|\n|t:|1700523728\n|move|p2a: meta?|Bullet Punch|p1a: M'Boi\n|-resisted|p1a: M'Boi\n|-damage|p1a: M'Boi|67\/100\n|move|p1a: M'Boi|Surf|p2a: meta?\n|-damage|p2a: meta?|0 fnt\n|faint|p2a: meta?\n|\n|upkeep\n|\n|t:|1700523746\n|switch|p2a: pride|Hatterene, F|100\/100\n|turn|19\n|\n|t:|1700523755\n|-zpower|p1a: M'Boi\n|move|p1a: M'Boi|Stoked Sparksurfer|p2a: pride|[zeffect]\n|-damage|p2a: pride|4\/100\n|-status|p2a: pride|par\n|cant|p2a: pride|par\n|\n|upkeep\n|turn|20\n|\n|t:|1700523774\n|switch|p2a: because why not|Claydol|40\/100\n|move|p1a: M'Boi|Surf|p2a: because why not\n|-supereffective|p2a: because why not\n|-damage|p2a: because why not|0 fnt\n|faint|p2a: because why not\n|\n|upkeep\n|\n|t:|1700523785\n|switch|p2a: bear 1|Pawmot, F|100\/100\n|turn|21\n|\n|t:|1700523802\n|move|p2a: bear 1|Revival Blessing|p2a: bear 1\n|\n|t:|1700523810\n|-heal|p2: meta?|50\/100|[from] move: Revival Blessing\n|move|p1a: M'Boi|Psychic|p2a: bear 1\n|-supereffective|p2a: bear 1\n|-damage|p2a: bear 1|0 fnt\n|faint|p2a: bear 1\n|\n|upkeep\n|\n|t:|1700523819\n|switch|p2a: meta?|Metagross|50\/100\n|turn|22\n|\n|t:|1700523850\n|move|p1a: M'Boi|Surf|p2a: meta?\n|-damage|p2a: meta?|22\/100\n|move|p2a: meta?|Earthquake|p1a: M'Boi\n|-supereffective|p1a: M'Boi\n|-damage|p1a: M'Boi|0 fnt\n|faint|p1a: M'Boi\n|\n|upkeep\n|\n|t:|1700523856\n|switch|p1a: Muddy Buddy|Clodsire, F|100\/100\n|-damage|p1a: Muddy Buddy|94\/100|[from] Stealth Rock\n|turn|23\n|\n|t:|1700523874\n|-terastallize|p2a: meta?|Steel\n|-terastallize|p1a: Muddy Buddy|Flying\n|move|p2a: meta?|Bullet Punch|p1a: Muddy Buddy\n|-damage|p1a: Muddy Buddy|59\/100\n|move|p1a: Muddy Buddy|Body Press|p2a: meta?\n|-supereffective|p2a: meta?\n|-damage|p2a: meta?|4\/100\n|\n|-heal|p1a: Muddy Buddy|66\/100|[from] item: Leftovers\n|upkeep\n|turn|24\n|\n|t:|1700523891\n|move|p2a: meta?|Bullet Punch|p1a: Muddy Buddy\n|-damage|p1a: Muddy Buddy|28\/100\n|move|p1a: Muddy Buddy|Recover|p1a: Muddy Buddy\n|-heal|p1a: Muddy Buddy|78\/100\n|\n|-heal|p1a: Muddy Buddy|84\/100|[from] item: Leftovers\n|upkeep\n|turn|25\n|\n|t:|1700523903\n|move|p2a: meta?|Thunder Punch|p1a: Muddy Buddy\n|-supereffective|p1a: Muddy Buddy\n|-damage|p1a: Muddy Buddy|21\/100\n|move|p1a: Muddy Buddy|Body Press|p2a: meta?\n|-supereffective|p2a: meta?\n|-damage|p2a: meta?|0 fnt\n|faint|p2a: meta?\n|\n|-heal|p1a: Muddy Buddy|27\/100|[from] item: Leftovers\n|upkeep\n|\n|t:|1700523913\n|switch|p2a: pride|Hatterene, F|4\/100 par\n|turn|26\n|\n|t:|1700523920\n|move|p1a: Muddy Buddy|Recover|p1a: Muddy Buddy\n|-heal|p1a: Muddy Buddy|77\/100\n|move|p2a: pride|Giga Drain|p1a: Muddy Buddy\n|-resisted|p1a: Muddy Buddy\n|-damage|p1a: Muddy Buddy|65\/100\n|-heal|p2a: pride|15\/100 par|[from] drain|[of] p1a: Muddy Buddy\n|\n|-heal|p1a: Muddy Buddy|71\/100|[from] item: Leftovers\n|upkeep\n|turn|27\n|\n|t:|1700523936\n|move|p1a: Muddy Buddy|Body Press|p2a: pride\n|-resisted|p2a: pride\n|-damage|p2a: pride|11\/100 par\n|move|p2a: pride|Giga Drain|p1a: Muddy Buddy\n|-resisted|p1a: Muddy Buddy\n|-damage|p1a: Muddy Buddy|59\/100\n|-heal|p2a: pride|22\/100 par|[from] drain|[of] p1a: Muddy Buddy\n|\n|-heal|p1a: Muddy Buddy|65\/100|[from] item: Leftovers\n|upkeep\n|turn|28\n|c|\u2606Maeby Mitenaut|ggz\n|\n|t:|1700523947\n|move|p1a: Muddy Buddy|Stockpile|p1a: Muddy Buddy\n|-start|p1a: Muddy Buddy|stockpile1\n|-boost|p1a: Muddy Buddy|def|1\n|-boost|p1a: Muddy Buddy|spd|1\n|move|p2a: pride|Giga Drain|p1a: Muddy Buddy\n|-resisted|p1a: Muddy Buddy\n|-damage|p1a: Muddy Buddy|57\/100\n|-heal|p2a: pride|30\/100 par|[from] drain|[of] p1a: Muddy Buddy\n|\n|-heal|p1a: Muddy Buddy|63\/100|[from] item: Leftovers\n|upkeep\n|turn|29\n|\n|t:|1700523962\n|move|p1a: Muddy Buddy|Stockpile|p1a: Muddy Buddy\n|-start|p1a: Muddy Buddy|stockpile2\n|-boost|p1a: Muddy Buddy|def|1\n|-boost|p1a: Muddy Buddy|spd|1\n|move|p2a: pride|Giga Drain|p1a: Muddy Buddy\n|-resisted|p1a: Muddy Buddy\n|-damage|p1a: Muddy Buddy|57\/100\n|-heal|p2a: pride|36\/100 par|[from] drain|[of] p1a: Muddy Buddy\n|\n|-heal|p1a: Muddy Buddy|63\/100|[from] item: Leftovers\n|upkeep\n|turn|30\n|\n|t:|1700523974\n|move|p1a: Muddy Buddy|Stockpile|p1a: Muddy Buddy\n|-start|p1a: Muddy Buddy|stockpile3\n|-boost|p1a: Muddy Buddy|def|1\n|-boost|p1a: Muddy Buddy|spd|1\n|move|p2a: pride|Giga Drain|p1a: Muddy Buddy\n|-resisted|p1a: Muddy Buddy\n|-damage|p1a: Muddy Buddy|59\/100\n|-heal|p2a: pride|40\/100 par|[from] drain|[of] p1a: Muddy Buddy\n|\n|-heal|p1a: Muddy Buddy|65\/100|[from] item: Leftovers\n|upkeep\n|turn|31\n|\n|t:|1700523988\n|move|p1a: Muddy Buddy|Recover|p1a: Muddy Buddy\n|-heal|p1a: Muddy Buddy|100\/100\n|cant|p2a: pride|par\n|\n|upkeep\n|turn|32\n|\n|t:|1700523994\n|move|p1a: Muddy Buddy|Body Press|p2a: pride\n|-resisted|p2a: pride\n|-damage|p2a: pride|30\/100 par\n|move|p2a: pride|Giga Drain|p1a: Muddy Buddy\n|-resisted|p1a: Muddy Buddy\n|-damage|p1a: Muddy Buddy|96\/100\n|-heal|p2a: pride|35\/100 par|[from] drain|[of] p1a: Muddy Buddy\n|\n|-heal|p1a: Muddy Buddy|100\/100|[from] item: Leftovers\n|upkeep\n|turn|33\n|\n|t:|1700524003\n|move|p1a: Muddy Buddy|Body Press|p2a: pride\n|-resisted|p2a: pride\n|-damage|p2a: pride|26\/100 par\n|move|p2a: pride|Giga Drain|p1a: Muddy Buddy\n|-resisted|p1a: Muddy Buddy\n|-damage|p1a: Muddy Buddy|96\/100\n|-heal|p2a: pride|31\/100 par|[from] drain|[of] p1a: Muddy Buddy\n|\n|-heal|p1a: Muddy Buddy|100\/100|[from] item: Leftovers\n|upkeep\n|turn|34\n|\n|t:|1700524014\n|move|p1a: Muddy Buddy|Body Press|p2a: pride\n|-resisted|p2a: pride\n|-damage|p2a: pride|22\/100 par\n|move|p2a: pride|Giga Drain|p1a: Muddy Buddy\n|-resisted|p1a: Muddy Buddy\n|-damage|p1a: Muddy Buddy|96\/100\n|-heal|p2a: pride|26\/100 par|[from] drain|[of] p1a: Muddy Buddy\n|\n|-heal|p1a: Muddy Buddy|100\/100|[from] item: Leftovers\n|upkeep\n|turn|35\n|\n|t:|1700524031\n|move|p1a: Muddy Buddy|Body Press|p2a: pride\n|-resisted|p2a: pride\n|-damage|p2a: pride|17\/100 par\n|cant|p2a: pride|par\n|\n|upkeep\n|turn|36\n|inactive|Battle timer is ON: inactive players will automatically lose when time's up. (requested by Maeby Mitenaut)\n|\n|t:|1700524036\n|move|p1a: Muddy Buddy|Body Press|p2a: pride\n|-resisted|p2a: pride\n|-damage|p2a: pride|7\/100 par\n|cant|p2a: pride|par\n|\n|upkeep\n|turn|37\n|\n|t:|1700524044\n|move|p1a: Muddy Buddy|Body Press|p2a: pride\n|-resisted|p2a: pride\n|-damage|p2a: pride|0 fnt\n|faint|p2a: pride\n|\n|win|Maeby Mitenaut\n|raw|Maeby Mitenaut's rating: 1113 &rarr; <strong>1143<\/strong><br \/>(+30 for winning)\n|raw|StyxPrincess's rating: 1187 &rarr; <strong>1157<\/strong><br \/>(-30 for losing)\n|c|\u2606StyxPrincess|gg\n|l|\u2606StyxPrincess\n|c|\u2606Maeby Mitenaut|gg!\n","uploadtime":1700524067,"views":9,"p1id":"maebymitenaut","p2id":"styxprincess","formatid":"gen9nationaldex","rating":1143,"private":0,"password":""}