{"id":"gen9nationaldex-1990738856","p1":"Maxx Zwei","p2":"ecvretjv","format":"[Gen 9] National Dex","log":"|j|\u2606Maxx Zwei\n|j|\u2606ecvretjv\n|t:|1699996283\n|gametype|singles\n|player|p1|Maxx Zwei|riley|1127\n|player|p2|ecvretjv|guitarist-gen4|1176\n|teamsize|p1|6\n|teamsize|p2|6\n|gen|9\n|tier|[Gen 9] National Dex\n|rated|\n|rule|HP Percentage Mod: HP is shown in percentages\n|rule|Endless Battle Clause: Forcing endless battles is banned\n|rule|OHKO Clause: OHKO moves are banned\n|rule|Evasion Clause: Evasion abilities, items, and moves are banned\n|rule|Evasion Abilities Clause: Evasion abilities are banned\n|rule|Evasion Items Clause: Evasion items are banned\n|rule|Evasion Moves Clause: Evasion moves are banned\n|rule|Species Clause: Limit one of each Pok\u00e9mon\n|rule|Sleep Clause Mod: Limit one foe put to sleep\n|clearpoke\n|poke|p1|Tyranitar, F|\n|poke|p1|Arcanine-Hisui, F|\n|poke|p1|Glimmora, F|\n|poke|p1|Cradily, M|\n|poke|p1|Archeops, F|\n|poke|p1|Kleavor, F|\n|poke|p2|Tapu Lele|\n|poke|p2|Alakazam, F|\n|poke|p2|Great Tusk|\n|poke|p2|Galvantula, M|\n|poke|p2|Charizard, M|\n|poke|p2|Toxapex, M|\n|teampreview\n|inactive|Battle timer is ON: inactive players will automatically lose when time's up. (requested by Maxx Zwei)\n|\n|t:|1699996307\n|start\n|switch|p1a: Kleavor|Kleavor, F|100\/100\n|switch|p2a: Galvantula|Galvantula, M|100\/100\n|turn|1\n|\n|t:|1699996313\n|move|p1a: Kleavor|Stone Axe|p2a: Galvantula\n|-supereffective|p2a: Galvantula\n|-enditem|p2a: Galvantula|Focus Sash\n|-damage|p2a: Galvantula|1\/100\n|-sidestart|p2: ecvretjv|move: Stealth Rock\n|move|p2a: Galvantula|Sticky Web|p1a: Kleavor\n|-sidestart|p1: Maxx Zwei|move: Sticky Web\n|\n|upkeep\n|turn|2\n|\n|t:|1699996325\n|switch|p1a: Glimmora|Glimmora, F|100\/100\n|-item|p1a: Glimmora|Air Balloon\n|switch|p2a: Great Tusk|Great Tusk|100\/100\n|\n|upkeep\n|turn|3\n|\n|t:|1699996333\n|move|p1a: Glimmora|Mortal Spin|p2a: Great Tusk\n|-resisted|p2a: Great Tusk\n|-damage|p2a: Great Tusk|99\/100\n|-status|p2a: Great Tusk|psn\n|-sideend|p1: Maxx Zwei|Sticky Web|[from] move: Mortal Spin|[of] p1a: Glimmora\n|move|p2a: Great Tusk|Rapid Spin|p1a: Glimmora\n|-resisted|p1a: Glimmora\n|-damage|p1a: Glimmora|91\/100\n|-boost|p2a: Great Tusk|spe|1\n|-activate|p1a: Glimmora|ability: Toxic Debris\n|-sidestart|p2: ecvretjv|move: Toxic Spikes\n|-enditem|p1a: Glimmora|Air Balloon\n|-sideend|p2: ecvretjv|Toxic Spikes|[from] move: Rapid Spin|[of] p2a: Great Tusk\n|-sideend|p2: ecvretjv|Stealth Rock|[from] move: Rapid Spin|[of] p2a: Great Tusk\n|\n|-damage|p2a: Great Tusk|87\/100 psn|[from] psn\n|upkeep\n|turn|4\n|\n|t:|1699996349\n|-end|p2a: Great Tusk|Protosynthesis|[silent]\n|switch|p2a: Tapu Lele|Tapu Lele|100\/100\n|-fieldstart|move: Psychic Terrain|[from] ability: Psychic Surge|[of] p2a: Tapu Lele\n|move|p1a: Glimmora|Energy Ball|p2a: Tapu Lele\n|-damage|p2a: Tapu Lele|75\/100\n|\n|upkeep\n|turn|5\n|\n|t:|1699996358\n|switch|p1a: Tyranitar|Tyranitar, F|100\/100\n|-weather|Sandstorm|[from] ability: Sand Stream|[of] p1a: Tyranitar\n|move|p2a: Tapu Lele|Aromatherapy|p2a: Tapu Lele\n|-activate|p2a: Tapu Lele|move: Aromatherapy\n|-curestatus|p2: Great Tusk|psn|[msg]\n|\n|-weather|Sandstorm|[upkeep]\n|-damage|p2a: Tapu Lele|69\/100|[from] Sandstorm\n|upkeep\n|turn|6\n|\n|t:|1699996376\n|detailschange|p1a: Tyranitar|Tyranitar-Mega, F\n|-mega|p1a: Tyranitar|Tyranitar|Tyranitarite\n|move|p2a: Tapu Lele|Draining Kiss|p1a: Tyranitar\n|-supereffective|p1a: Tyranitar\n|-damage|p1a: Tyranitar|85\/100\n|-heal|p2a: Tapu Lele|82\/100|[from] drain|[of] p1a: Tyranitar\n|move|p1a: Tyranitar|Pursuit|p2a: Tapu Lele\n|-damage|p2a: Tapu Lele|57\/100\n|\n|-weather|Sandstorm|[upkeep]\n|-damage|p2a: Tapu Lele|51\/100|[from] Sandstorm\n|upkeep\n|turn|7\n|\n|t:|1699996389\n|move|p2a: Tapu Lele|Draining Kiss|p1a: Tyranitar\n|-supereffective|p1a: Tyranitar\n|-damage|p1a: Tyranitar|70\/100\n|-heal|p2a: Tapu Lele|65\/100|[from] drain|[of] p1a: Tyranitar\n|move|p1a: Tyranitar|Thunder Wave|p2a: Tapu Lele\n|-status|p2a: Tapu Lele|par\n|\n|-weather|Sandstorm|[upkeep]\n|-damage|p2a: Tapu Lele|59\/100 par|[from] Sandstorm\n|upkeep\n|turn|8\n|\n|t:|1699996401\n|move|p1a: Tyranitar|Stone Edge|p2a: Tapu Lele\n|-damage|p2a: Tapu Lele|0 fnt\n|faint|p2a: Tapu Lele\n|\n|-weather|Sandstorm|[upkeep]\n|upkeep\n|\n|t:|1699996412\n|switch|p2a: Great Tusk|Great Tusk|87\/100\n|turn|9\n|\n|t:|1699996415\n|switch|p1a: Glimmora|Glimmora, F|91\/100\n|move|p2a: Great Tusk|Earthquake|p1a: Glimmora\n|-supereffective|p1a: Glimmora\n|-damage|p1a: Glimmora|0 fnt\n|-activate|p1a: Glimmora|ability: Toxic Debris\n|-sidestart|p2: ecvretjv|move: Toxic Spikes\n|faint|p1a: Glimmora\n|\n|-weather|none\n|upkeep\n|\n|t:|1699996426\n|switch|p1a: Archeops|Archeops, F|100\/100\n|turn|10\n|\n|t:|1699996431\n|move|p1a: Archeops|Air Slash|p2a: Great Tusk\n|-supereffective|p2a: Great Tusk\n|-damage|p2a: Great Tusk|0 fnt\n|faint|p2a: Great Tusk\n|-end|p2a: Great Tusk|Protosynthesis|[silent]\n|\n|upkeep\n|-message|ecvretjv forfeited.\n|\n|win|Maxx Zwei\n|raw|Maxx Zwei's rating: 1127 &rarr; <strong>1156<\/strong><br \/>(+29 for winning)\n|raw|ecvretjv's rating: 1176 &rarr; <strong>1147<\/strong><br \/>(-29 for losing)\n|l|\u2606ecvretjv\n","uploadtime":1699996449,"views":12,"p1id":"maxxzwei","p2id":"ecvretjv","formatid":"gen9nationaldex","rating":1147,"private":0,"password":""}