{"id":"gen9nationaldex-1994779042","p1":"SegaSunnyD","p2":"TheFinalCrusader","format":"[Gen 9] National Dex","log":"|html|<div class=\"broadcast-blue\"><strong>[Gen 9] National Dex is currently suspecting Sneasler! For information on how to participate check out the <a href=\"https:\/\/www.smogon.com\/forums\/threads\/sv-national-dex-suspect-8-just-dance.3731534\/\">suspect thread<\/a>.<\/strong><\/div>\n|j|\u2606SegaSunnyD\n|j|\u2606TheFinalCrusader\n|t:|1700491923\n|gametype|singles\n|player|p1|SegaSunnyD|caitlin|1150\n|player|p2|TheFinalCrusader|ingo|1087\n|teamsize|p1|6\n|teamsize|p2|6\n|gen|9\n|tier|[Gen 9] National Dex\n|rated|\n|rule|HP Percentage Mod: HP is shown in percentages\n|rule|Endless Battle Clause: Forcing endless battles is banned\n|rule|OHKO Clause: OHKO moves are banned\n|rule|Evasion Clause: Evasion abilities, items, and moves are banned\n|rule|Evasion Abilities Clause: Evasion abilities are banned\n|rule|Evasion Items Clause: Evasion items are banned\n|rule|Evasion Moves Clause: Evasion moves are banned\n|rule|Species Clause: Limit one of each Pok\u00e9mon\n|rule|Sleep Clause Mod: Limit one foe put to sleep\n|clearpoke\n|poke|p1|Gardevoir, M|\n|poke|p1|Venomoth, M|\n|poke|p1|Gengar, F|\n|poke|p1|Araquanid, F|\n|poke|p1|Lucario, F|\n|poke|p1|Greninja-*, M|\n|poke|p2|Pangoro, M|\n|poke|p2|Machamp, M|\n|poke|p2|Buzzwole|\n|poke|p2|Suicune|\n|poke|p2|Gyarados, M|\n|poke|p2|Garchomp, F|\n|teampreview\n|\n|t:|1700491937\n|start\n|switch|p1a: Araquanid|Araquanid, F, shiny|100\/100\n|switch|p2a: Garchomp|Garchomp, F|100\/100\n|turn|1\n|\n|t:|1700491945\n|move|p2a: Garchomp|Stealth Rock|p1a: Araquanid\n|-sidestart|p1: SegaSunnyD|move: Stealth Rock\n|move|p1a: Araquanid|Sticky Web|p2a: Garchomp\n|-sidestart|p2: TheFinalCrusader|move: Sticky Web\n|\n|upkeep\n|turn|2\n|\n|t:|1700491948\n|switch|p2a: Gyarados|Gyarados, M|100\/100\n|move|p1a: Araquanid|Magic Coat|p1a: Araquanid\n|-singleturn|p1a: Araquanid|move: Magic Coat\n|\n|upkeep\n|turn|3\n|\n|t:|1700491956\n|move|p2a: Gyarados|Dragon Dance|p2a: Gyarados\n|-boost|p2a: Gyarados|atk|1\n|-boost|p2a: Gyarados|spe|1\n|move|p1a: Araquanid|Liquidation|p2a: Gyarados\n|-resisted|p2a: Gyarados\n|-damage|p2a: Gyarados|59\/100\n|\n|upkeep\n|turn|4\n|\n|t:|1700491962\n|detailschange|p2a: Gyarados|Gyarados-Mega, M\n|-mega|p2a: Gyarados|Gyarados|Gyaradosite\n|-ability|p2a: Gyarados|Mold Breaker\n|move|p2a: Gyarados|Crunch|p1a: Araquanid\n|-damage|p1a: Araquanid|24\/100\n|move|p1a: Araquanid|Liquidation|p2a: Gyarados\n|-resisted|p2a: Gyarados\n|-damage|p2a: Gyarados|32\/100\n|\n|upkeep\n|turn|5\n|\n|t:|1700491967\n|move|p2a: Gyarados|Crunch|p1a: Araquanid\n|-damage|p1a: Araquanid|0 fnt\n|faint|p1a: Araquanid\n|\n|upkeep\n|\n|t:|1700491987\n|switch|p1a: Lucario|Lucario, F, shiny|100\/100\n|-damage|p1a: Lucario|98\/100|[from] Stealth Rock\n|turn|6\n|\n|t:|1700491990\n|move|p1a: Lucario|Bullet Punch|p2a: Gyarados\n|-resisted|p2a: Gyarados\n|-damage|p2a: Gyarados|19\/100\n|-damage|p1a: Lucario|88\/100|[from] item: Life Orb\n|move|p2a: Gyarados|Earthquake|p1a: Lucario\n|-supereffective|p1a: Lucario\n|-damage|p1a: Lucario|0 fnt\n|faint|p1a: Lucario\n|\n|upkeep\n|\n|t:|1700491994\n|switch|p1a: Greninja|Greninja, M|100\/100\n|-damage|p1a: Greninja|88\/100|[from] Stealth Rock\n|turn|7\n|\n|t:|1700491996\n|-terastallize|p1a: Greninja|Water\n|move|p1a: Greninja|Water Shuriken|p2a: Gyarados\n|-resisted|p2a: Gyarados\n|-damage|p2a: Gyarados|13\/100\n|-resisted|p2a: Gyarados\n|-damage|p2a: Gyarados|9\/100\n|-resisted|p2a: Gyarados\n|-damage|p2a: Gyarados|4\/100\n|-hitcount|p2a: Gyarados|3\n|-damage|p1a: Greninja|78\/100|[from] item: Life Orb\n|move|p2a: Gyarados|Earthquake|p1a: Greninja\n|-damage|p1a: Greninja|0 fnt\n|faint|p1a: Greninja\n|\n|upkeep\n|-message|SegaSunnyD forfeited.\n|\n|win|TheFinalCrusader\n|raw|SegaSunnyD's rating: 1150 &rarr; <strong>1121<\/strong><br \/>(-29 for losing)\n|raw|TheFinalCrusader's rating: 1087 &rarr; <strong>1119<\/strong><br \/>(+32 for winning)\n|l|\u2606SegaSunnyD\n","uploadtime":1700492017,"views":2,"p1id":"segasunnyd","p2id":"thefinalcrusader","formatid":"gen9nationaldex","rating":1119,"private":0,"password":""}