{"id":"gen9nationaldex-1990413875","p1":"bobobopig","p2":"DJRRRR","format":"[Gen 9] National Dex","log":"|j|\u2606bobobopig\n|j|\u2606DJRRRR\n|t:|1699968492\n|gametype|singles\n|player|p1|bobobopig|youngcouple-gen4dp|1329\n|player|p2|DJRRRR|266|1219\n|teamsize|p1|6\n|teamsize|p2|6\n|gen|9\n|tier|[Gen 9] National Dex\n|rated|\n|rule|HP Percentage Mod: HP is shown in percentages\n|rule|Endless Battle Clause: Forcing endless battles is banned\n|rule|OHKO Clause: OHKO moves are banned\n|rule|Evasion Clause: Evasion abilities, items, and moves are banned\n|rule|Evasion Abilities Clause: Evasion abilities are banned\n|rule|Evasion Items Clause: Evasion items are banned\n|rule|Evasion Moves Clause: Evasion moves are banned\n|rule|Species Clause: Limit one of each Pok\u00e9mon\n|rule|Sleep Clause Mod: Limit one foe put to sleep\n|clearpoke\n|poke|p1|Ninetales-Alola, F|\n|poke|p1|Toxapex, M|\n|poke|p1|Altaria, M|\n|poke|p1|Corviknight, M|\n|poke|p1|Garganacl, M|\n|poke|p1|Ting-Lu|\n|poke|p2|Banette, F|\n|poke|p2|Dragonite, M|\n|poke|p2|Tapu Koko|\n|poke|p2|Iron Valiant|\n|poke|p2|Rillaboom, M|\n|poke|p2|Greninja-*, M|\n|teampreview\n|\n|t:|1699968496\n|start\n|switch|p1a: Ting-Lu|Ting-Lu|100\/100\n|switch|p2a: Banette|Banette, F|100\/100\n|-ability|p1a: Ting-Lu|Vessel of Ruin\n|turn|1\n|\n|t:|1699968505\n|move|p2a: Banette|Taunt|p1a: Ting-Lu\n|-start|p1a: Ting-Lu|move: Taunt\n|cant|p1a: Ting-Lu|move: Taunt|Stealth Rock\n|\n|upkeep\n|turn|2\n|\n|t:|1699968515\n|switch|p2a: Rillaboom|Rillaboom, M|100\/100\n|-fieldstart|move: Grassy Terrain|[from] ability: Grassy Surge|[of] p2a: Rillaboom\n|move|p1a: Ting-Lu|Ruination|p2a: Rillaboom|[miss]\n|-miss|p1a: Ting-Lu|p2a: Rillaboom\n|\n|upkeep\n|turn|3\n|\n|t:|1699968524\n|switch|p1a: Corviknight|Corviknight, M, shiny|100\/100\n|move|p2a: Rillaboom|U-turn|p1a: Corviknight\n|-resisted|p1a: Corviknight\n|-damage|p1a: Corviknight|95\/100\n|-damage|p2a: Rillaboom|84\/100|[from] item: Rocky Helmet|[of] p1a: Corviknight\n|\n|t:|1699968532\n|switch|p2a: Tapu Koko|Tapu Koko|100\/100|[from] U-turn\n|-fieldstart|move: Electric Terrain|[from] ability: Electric Surge|[of] p2a: Tapu Koko\n|\n|upkeep\n|turn|4\n|inactive|Battle timer is ON: inactive players will automatically lose when time's up. (requested by DJRRRR)\n|\n|t:|1699968545\n|move|p2a: Tapu Koko|U-turn|p1a: Corviknight\n|-resisted|p1a: Corviknight\n|-damage|p1a: Corviknight|92\/100\n|-damage|p2a: Tapu Koko|84\/100|[from] item: Rocky Helmet|[of] p1a: Corviknight\n|\n|t:|1699968551\n|switch|p2a: Iron Valiant|Iron Valiant|100\/100|[from] U-turn\n|-activate|p2a: Iron Valiant|ability: Quark Drive\n|-start|p2a: Iron Valiant|quarkdrivespe\n|move|p1a: Corviknight|U-turn|p2a: Iron Valiant\n|-resisted|p2a: Iron Valiant\n|-damage|p2a: Iron Valiant|96\/100\n|\n|t:|1699968563\n|switch|p1a: Ting-Lu|Ting-Lu|100\/100|[from] U-turn\n|-ability|p1a: Ting-Lu|Vessel of Ruin\n|\n|upkeep\n|turn|5\n|\n|t:|1699968575\n|move|p2a: Iron Valiant|Swords Dance|p2a: Iron Valiant\n|-boost|p2a: Iron Valiant|atk|2\n|move|p1a: Ting-Lu|Stealth Rock|p2a: Iron Valiant\n|-sidestart|p2: DJRRRR|move: Stealth Rock\n|\n|upkeep\n|turn|6\n|\n|t:|1699968584\n|move|p2a: Iron Valiant|Encore|p1a: Ting-Lu\n|-start|p1a: Ting-Lu|Encore\n|move|p1a: Ting-Lu|Stealth Rock||[still]\n|-fail|p1a: Ting-Lu\n|\n|upkeep\n|turn|7\n|\n|t:|1699968595\n|switch|p1a: Toxapex|Toxapex, M, shiny|100\/100\n|move|p2a: Iron Valiant|Swords Dance|p2a: Iron Valiant\n|-boost|p2a: Iron Valiant|atk|2\n|\n|-fieldend|move: Electric Terrain\n|-end|p2a: Iron Valiant|Quark Drive\n|upkeep\n|turn|8\n|\n|t:|1699968613\n|move|p2a: Iron Valiant|Close Combat|p1a: Toxapex\n|-resisted|p1a: Toxapex\n|-damage|p1a: Toxapex|2\/100\n|-unboost|p2a: Iron Valiant|def|1\n|-unboost|p2a: Iron Valiant|spd|1\n|-damage|p2a: Iron Valiant|86\/100|[from] item: Life Orb\n|move|p1a: Toxapex|Haze|p1a: Toxapex\n|-clearallboost\n|\n|-heal|p1a: Toxapex|8\/100|[from] item: Black Sludge\n|upkeep\n|turn|9\n|\n|t:|1699968627\n|switch|p1a: Corviknight|Corviknight, M, shiny|92\/100\n|move|p2a: Iron Valiant|Spirit Break|p1a: Corviknight\n|-resisted|p1a: Corviknight\n|-damage|p1a: Corviknight|76\/100\n|-ability|p1a: Corviknight|Mirror Armor\n|-unboost|p2a: Iron Valiant|spa|1\n|-damage|p2a: Iron Valiant|69\/100|[from] item: Rocky Helmet|[of] p1a: Corviknight\n|-damage|p2a: Iron Valiant|60\/100|[from] item: Life Orb\n|\n|upkeep\n|turn|10\n|\n|t:|1699968641\n|-end|p2a: Iron Valiant|Quark Drive|[silent]\n|switch|p2a: Tapu Koko|Tapu Koko|84\/100\n|-damage|p2a: Tapu Koko|72\/100|[from] Stealth Rock\n|-fieldstart|move: Electric Terrain|[from] ability: Electric Surge|[of] p2a: Tapu Koko\n|move|p1a: Corviknight|U-turn|p2a: Tapu Koko\n|-resisted|p2a: Tapu Koko\n|-damage|p2a: Tapu Koko|62\/100\n|\n|t:|1699968649\n|switch|p1a: Garganacl|Garganacl, M, shiny|100\/100|[from] U-turn\n|\n|upkeep\n|turn|11\n|\n|t:|1699968661\n|-terastallize|p2a: Tapu Koko|Electric\n|move|p2a: Tapu Koko|Thunder|p1a: Garganacl\n|-damage|p1a: Garganacl|19\/100\n|move|p1a: Garganacl|Iron Defense|p1a: Garganacl\n|-boost|p1a: Garganacl|def|2\n|\n|-heal|p1a: Garganacl|25\/100|[from] item: Leftovers\n|upkeep\n|turn|12\n|\n|t:|1699968675\n|switch|p2a: Rillaboom|Rillaboom, M|84\/100\n|-damage|p2a: Rillaboom|72\/100|[from] Stealth Rock\n|-fieldstart|move: Grassy Terrain|[from] ability: Grassy Surge|[of] p2a: Rillaboom\n|switch|p1a: Ting-Lu|Ting-Lu|100\/100\n|-ability|p1a: Ting-Lu|Vessel of Ruin\n|\n|-heal|p2a: Rillaboom|78\/100|[from] Grassy Terrain\n|upkeep\n|turn|13\n|\n|t:|1699968687\n|switch|p1a: Corviknight|Corviknight, M, shiny|76\/100\n|move|p2a: Rillaboom|U-turn|p1a: Corviknight\n|-resisted|p1a: Corviknight\n|-damage|p1a: Corviknight|70\/100\n|-damage|p2a: Rillaboom|61\/100|[from] item: Rocky Helmet|[of] p1a: Corviknight\n|\n|t:|1699968694\n|switch|p2a: Tapu Koko|Tapu Koko, tera:Electric|62\/100|[from] U-turn\n|-damage|p2a: Tapu Koko|50\/100|[from] Stealth Rock\n|-fieldstart|move: Electric Terrain|[from] ability: Electric Surge|[of] p2a: Tapu Koko\n|\n|upkeep\n|turn|14\n|\n|t:|1699968702\n|switch|p1a: Ting-Lu|Ting-Lu|100\/100\n|-ability|p1a: Ting-Lu|Vessel of Ruin\n|move|p2a: Tapu Koko|U-turn|p1a: Ting-Lu\n|-supereffective|p1a: Ting-Lu\n|-damage|p1a: Ting-Lu|79\/100\n|\n|t:|1699968707\n|switch|p2a: Iron Valiant|Iron Valiant|60\/100|[from] U-turn\n|-damage|p2a: Iron Valiant|53\/100|[from] Stealth Rock\n|-activate|p2a: Iron Valiant|ability: Quark Drive\n|-start|p2a: Iron Valiant|quarkdrivespe\n|\n|-heal|p1a: Ting-Lu|86\/100|[from] item: Leftovers\n|upkeep\n|turn|15\n|\n|t:|1699968719\n|switch|p1a: Corviknight|Corviknight, M, shiny|70\/100\n|move|p2a: Iron Valiant|Swords Dance|p2a: Iron Valiant\n|-boost|p2a: Iron Valiant|atk|2\n|\n|upkeep\n|turn|16\n|\n|t:|1699968727\n|move|p2a: Iron Valiant|Close Combat|p1a: Corviknight\n|-damage|p1a: Corviknight|0 fnt\n|-unboost|p2a: Iron Valiant|def|1\n|-unboost|p2a: Iron Valiant|spd|1\n|-damage|p2a: Iron Valiant|37\/100|[from] item: Rocky Helmet|[of] p1a: Corviknight\n|faint|p1a: Corviknight\n|-damage|p2a: Iron Valiant|27\/100|[from] item: Life Orb\n|\n|upkeep\n|\n|t:|1699968743\n|switch|p1a: Ninetales|Ninetales-Alola, F, shiny|100\/100\n|-weather|Snow|[from] ability: Snow Warning|[of] p1a: Ninetales\n|turn|17\n|\n|t:|1699968752\n|move|p2a: Iron Valiant|Close Combat|p1a: Ninetales\n|-damage|p1a: Ninetales|0 fnt\n|-unboost|p2a: Iron Valiant|def|1\n|-unboost|p2a: Iron Valiant|spd|1\n|faint|p1a: Ninetales\n|-damage|p2a: Iron Valiant|17\/100|[from] item: Life Orb\n|\n|-weather|Snow|[upkeep]\n|-fieldend|move: Electric Terrain\n|-end|p2a: Iron Valiant|Quark Drive\n|upkeep\n|\n|t:|1699968765\n|switch|p1a: Ting-Lu|Ting-Lu|86\/100\n|-ability|p1a: Ting-Lu|Vessel of Ruin\n|turn|18\n|\n|t:|1699968780\n|-terastallize|p1a: Ting-Lu|Dragon\n|move|p2a: Iron Valiant|Spirit Break|p1a: Ting-Lu\n|-supereffective|p1a: Ting-Lu\n|-damage|p1a: Ting-Lu|0 fnt\n|faint|p1a: Ting-Lu\n|-damage|p2a: Iron Valiant|8\/100|[from] item: Life Orb\n|\n|-weather|Snow|[upkeep]\n|upkeep\n|-message|bobobopig forfeited.\n|\n|win|DJRRRR\n|raw|bobobopig's rating: 1329 &rarr; <strong>1303<\/strong><br \/>(-26 for losing)\n|raw|DJRRRR's rating: 1219 &rarr; <strong>1252<\/strong><br \/>(+33 for winning)\n|l|\u2606bobobopig\n","uploadtime":1699968795,"views":9,"p1id":"bobobopig","p2id":"djrrrr","formatid":"gen9nationaldex","rating":1252,"private":0,"password":""}