{"id":"gen9nationaldex-1996391169","p1":"allthewaytoheaven","p2":"congpizza","format":"[Gen 9] National Dex","log":"|html|<div class=\"broadcast-blue\"><strong>[Gen 9] National Dex is currently suspecting Sneasler! For information on how to participate check out the <a href=\"https:\/\/www.smogon.com\/forums\/threads\/sv-national-dex-suspect-8-just-dance.3731534\/\">suspect thread<\/a>.<\/strong><\/div>\n|j|\u203dallthewaytoheaven\n|j|\u2606congpizza\n|t:|1700677565\n|gametype|singles\n|player|p1|allthewaytoheaven|ghetsis|1304\n|player|p2|congpizza|hilbert|1328\n|teamsize|p1|6\n|teamsize|p2|6\n|gen|9\n|tier|[Gen 9] National Dex\n|rated|\n|rule|HP Percentage Mod: HP is shown in percentages\n|rule|Endless Battle Clause: Forcing endless battles is banned\n|rule|OHKO Clause: OHKO moves are banned\n|rule|Evasion Clause: Evasion abilities, items, and moves are banned\n|rule|Evasion Abilities Clause: Evasion abilities are banned\n|rule|Evasion Items Clause: Evasion items are banned\n|rule|Evasion Moves Clause: Evasion moves are banned\n|rule|Species Clause: Limit one of each Pok\u00e9mon\n|rule|Sleep Clause Mod: Limit one foe put to sleep\n|clearpoke\n|poke|p1|Landorus-Therian, M|\n|poke|p1|Kyurem|\n|poke|p1|Cresselia, F|\n|poke|p1|Lopunny, M|\n|poke|p1|Samurott-Hisui, M|\n|poke|p1|Heatran, F|\n|poke|p2|Pelipper, F|\n|poke|p2|Greninja-*, M|\n|poke|p2|Swampert, M|\n|poke|p2|Ferrothorn, M|\n|poke|p2|Zapdos|\n|poke|p2|Ogerpon-Wellspring, F|\n|teampreview\n|inactive|Battle timer is ON: inactive players will automatically lose when time's up. (requested by congpizza)\n|\n|t:|1700677580\n|start\n|switch|p1a: Kyurem|Kyurem|100\/100\n|switch|p2a: \u8349\u94a2|Ferrothorn, M|100\/100\n|-ability|p1a: Kyurem|Pressure\n|turn|1\n|\n|t:|1700677587\n|move|p1a: Kyurem|Substitute|p1a: Kyurem\n|-start|p1a: Kyurem|Substitute\n|-damage|p1a: Kyurem|76\/100\n|move|p2a: \u8349\u94a2|Stealth Rock|p1a: Kyurem\n|-sidestart|p1: allthewaytoheaven|move: Stealth Rock\n|\n|upkeep\n|turn|2\n|\n|t:|1700677602\n|move|p1a: Kyurem|Freeze-Dry|p2a: \u8349\u94a2\n|-damage|p2a: \u8349\u94a2|75\/100\n|move|p2a: \u8349\u94a2|Gyro Ball|p1a: Kyurem\n|-supereffective|p1a: Kyurem\n|-end|p1a: Kyurem|Substitute\n|\n|upkeep\n|turn|3\n|inactive|allthewaytoheaven has 120 seconds left.\n|\n|t:|1700677633\n|switch|p1a: Heatran|Heatran, F|100\/100\n|-damage|p1a: Heatran|88\/100|[from] Stealth Rock\n|move|p2a: \u8349\u94a2|Gyro Ball|p1a: Heatran\n|-resisted|p1a: Heatran\n|-damage|p1a: Heatran|81\/100\n|\n|-heal|p1a: Heatran|87\/100|[from] item: Leftovers\n|upkeep\n|turn|4\n|\n|t:|1700677648\n|switch|p2a: \u76d6\u9e25\u5361|Pelipper, F|100\/100\n|-weather|RainDance|[from] ability: Drizzle|[of] p2a: \u76d6\u9e25\u5361\n|move|p1a: Heatran|Magma Storm|p2a: \u76d6\u9e25\u5361\n|-resisted|p2a: \u76d6\u9e25\u5361\n|-damage|p2a: \u76d6\u9e25\u5361|82\/100\n|-activate|p2a: \u76d6\u9e25\u5361|move: Magma Storm|[of] p1a: Heatran\n|\n|-weather|RainDance|[upkeep]\n|-heal|p1a: Heatran|93\/100|[from] item: Leftovers\n|-damage|p2a: \u76d6\u9e25\u5361|70\/100|[from] move: Magma Storm|[partiallytrapped]\n|upkeep\n|turn|5\n|\n|t:|1700677658\n|move|p1a: Heatran|Toxic|p2a: \u76d6\u9e25\u5361\n|-status|p2a: \u76d6\u9e25\u5361|tox\n|move|p2a: \u76d6\u9e25\u5361|U-turn|p1a: Heatran\n|-resisted|p1a: Heatran\n|-damage|p1a: Heatran|91\/100\n|\n|t:|1700677668\n|switch|p2a: \u9a6c\u5676\u5de8\u6cbc\u602a|Swampert, M|100\/100|[from] U-turn\n|\n|-weather|RainDance|[upkeep]\n|-heal|p1a: Heatran|97\/100|[from] item: Leftovers\n|upkeep\n|turn|6\n|\n|t:|1700677682\n|switch|p1a: Cresselia|Cresselia, F|100\/100\n|-damage|p1a: Cresselia|88\/100|[from] Stealth Rock\n|detailschange|p2a: \u9a6c\u5676\u5de8\u6cbc\u602a|Swampert-Mega, M\n|-mega|p2a: \u9a6c\u5676\u5de8\u6cbc\u602a|Swampert|Swampertite\n|move|p2a: \u9a6c\u5676\u5de8\u6cbc\u602a|Waterfall|p1a: Cresselia\n|-damage|p1a: Cresselia|51\/100\n|-enditem|p1a: Cresselia|Kee Berry|[eat]\n|-boost|p1a: Cresselia|def|1|[from] item: Kee Berry\n|\n|-weather|RainDance|[upkeep]\n|upkeep\n|turn|7\n|\n|t:|1700677696\n|move|p2a: \u9a6c\u5676\u5de8\u6cbc\u602a|Waterfall|p1a: Cresselia\n|-damage|p1a: Cresselia|25\/100\n|move|p1a: Cresselia|Moonlight|p1a: Cresselia\n|-heal|p1a: Cresselia|50\/100\n|\n|-weather|RainDance|[upkeep]\n|upkeep\n|turn|8\n|\n|t:|1700677706\n|move|p2a: \u9a6c\u5676\u5de8\u6cbc\u602a|Waterfall|p1a: Cresselia\n|-damage|p1a: Cresselia|24\/100\n|move|p1a: Cresselia|Moonlight|p1a: Cresselia\n|-heal|p1a: Cresselia|49\/100\n|\n|-weather|RainDance|[upkeep]\n|upkeep\n|turn|9\n|\n|t:|1700677712\n|move|p2a: \u9a6c\u5676\u5de8\u6cbc\u602a|Waterfall|p1a: Cresselia\n|-damage|p1a: Cresselia|20\/100\n|move|p1a: Cresselia|Moonlight|p1a: Cresselia\n|-heal|p1a: Cresselia|45\/100\n|\n|-weather|RainDance|[upkeep]\n|upkeep\n|turn|10\n|\n|t:|1700677725\n|move|p2a: \u9a6c\u5676\u5de8\u6cbc\u602a|Waterfall|p1a: Cresselia\n|-damage|p1a: Cresselia|18\/100\n|move|p1a: Cresselia|Moonlight|p1a: Cresselia\n|-heal|p1a: Cresselia|43\/100\n|\n|-weather|RainDance|[upkeep]\n|upkeep\n|turn|11\n|\n|t:|1700677730\n|move|p2a: \u9a6c\u5676\u5de8\u6cbc\u602a|Waterfall|p1a: Cresselia\n|-damage|p1a: Cresselia|17\/100\n|move|p1a: Cresselia|Moonblast|p2a: \u9a6c\u5676\u5de8\u6cbc\u602a\n|-damage|p2a: \u9a6c\u5676\u5de8\u6cbc\u602a|83\/100\n|-unboost|p2a: \u9a6c\u5676\u5de8\u6cbc\u602a|spa|1\n|\n|-weather|none\n|upkeep\n|turn|12\n|\n|t:|1700677735\n|move|p2a: \u9a6c\u5676\u5de8\u6cbc\u602a|Waterfall|p1a: Cresselia\n|-damage|p1a: Cresselia|0 fnt\n|faint|p1a: Cresselia\n|\n|upkeep\n|\n|t:|1700677739\n|switch|p1a: Kyurem|Kyurem|76\/100\n|-ability|p1a: Kyurem|Pressure\n|turn|13\n|\n|t:|1700677743\n|switch|p2a: \u8349\u94a2|Ferrothorn, M|75\/100\n|move|p1a: Kyurem|Substitute|p1a: Kyurem\n|-start|p1a: Kyurem|Substitute\n|-damage|p1a: Kyurem|51\/100\n|\n|upkeep\n|turn|14\n|\n|t:|1700677750\n|move|p1a: Kyurem|Roost|p1a: Kyurem\n|-heal|p1a: Kyurem|100\/100\n|-singleturn|p1a: Kyurem|move: Roost\n|move|p2a: \u8349\u94a2|Gyro Ball|p1a: Kyurem\n|-supereffective|p1a: Kyurem\n|-end|p1a: Kyurem|Substitute\n|\n|upkeep\n|turn|15\n|\n|t:|1700677756\n|move|p1a: Kyurem|Substitute|p1a: Kyurem\n|-start|p1a: Kyurem|Substitute\n|-damage|p1a: Kyurem|76\/100\n|move|p2a: \u8349\u94a2|Gyro Ball|p1a: Kyurem\n|-supereffective|p1a: Kyurem\n|-crit|p1a: Kyurem\n|-end|p1a: Kyurem|Substitute\n|\n|upkeep\n|turn|16\n|\n|t:|1700677761\n|move|p1a: Kyurem|Substitute|p1a: Kyurem\n|-start|p1a: Kyurem|Substitute\n|-damage|p1a: Kyurem|51\/100\n|move|p2a: \u8349\u94a2|Gyro Ball|p1a: Kyurem\n|-supereffective|p1a: Kyurem\n|-end|p1a: Kyurem|Substitute\n|\n|upkeep\n|turn|17\n|\n|t:|1700677765\n|move|p1a: Kyurem|Substitute|p1a: Kyurem\n|-start|p1a: Kyurem|Substitute\n|-damage|p1a: Kyurem|26\/100\n|move|p2a: \u8349\u94a2|Body Press|p1a: Kyurem\n|-supereffective|p1a: Kyurem\n|-end|p1a: Kyurem|Substitute\n|\n|upkeep\n|turn|18\n|\n|t:|1700677770\n|move|p1a: Kyurem|Roost|p1a: Kyurem\n|-heal|p1a: Kyurem|76\/100\n|-singleturn|p1a: Kyurem|move: Roost\n|move|p2a: \u8349\u94a2|Body Press|p1a: Kyurem\n|-supereffective|p1a: Kyurem\n|-damage|p1a: Kyurem|23\/100\n|\n|upkeep\n|turn|19\n|\n|t:|1700677781\n|switch|p1a: Landorus|Landorus-Therian, M|100\/100\n|-damage|p1a: Landorus|88\/100|[from] Stealth Rock\n|-ability|p1a: Landorus|Intimidate|boost\n|-unboost|p2a: \u8349\u94a2|atk|1\n|move|p2a: \u8349\u94a2|Body Press|p1a: Landorus\n|-resisted|p1a: Landorus\n|-damage|p1a: Landorus|74\/100\n|\n|-heal|p1a: Landorus|80\/100|[from] item: Leftovers\n|upkeep\n|turn|20\n|\n|t:|1700677791\n|switch|p2a: \u76d6\u9e25\u5361|Pelipper, F|70\/100 tox\n|-weather|RainDance|[from] ability: Drizzle|[of] p2a: \u76d6\u9e25\u5361\n|move|p1a: Landorus|Stealth Rock|p2a: \u76d6\u9e25\u5361\n|-sidestart|p2: congpizza|move: Stealth Rock\n|\n|-weather|RainDance|[upkeep]\n|-heal|p1a: Landorus|86\/100|[from] item: Leftovers\n|-damage|p2a: \u76d6\u9e25\u5361|64\/100 tox|[from] psn\n|upkeep\n|turn|21\n|\n|t:|1700677804\n|switch|p2a: \u9a6c\u5676\u5de8\u6cbc\u602a|Swampert-Mega, M|83\/100\n|-damage|p2a: \u9a6c\u5676\u5de8\u6cbc\u602a|77\/100|[from] Stealth Rock\n|move|p1a: Landorus|U-turn|p2a: \u9a6c\u5676\u5de8\u6cbc\u602a\n|-damage|p2a: \u9a6c\u5676\u5de8\u6cbc\u602a|58\/100\n|\n|t:|1700677807\n|switch|p1a: Lopunny|Lopunny, M|100\/100|[from] U-turn\n|-damage|p1a: Lopunny|88\/100|[from] Stealth Rock\n|\n|-weather|RainDance|[upkeep]\n|upkeep\n|turn|22\n|\n|t:|1700677816\n|detailschange|p1a: Lopunny|Lopunny-Mega, M\n|-mega|p1a: Lopunny|Lopunny|Lopunnite\n|move|p1a: Lopunny|Fake Out|p2a: \u9a6c\u5676\u5de8\u6cbc\u602a\n|-damage|p2a: \u9a6c\u5676\u5de8\u6cbc\u602a|37\/100\n|cant|p2a: \u9a6c\u5676\u5de8\u6cbc\u602a|flinch\n|\n|-weather|RainDance|[upkeep]\n|upkeep\n|turn|23\n|\n|t:|1700677825\n|switch|p1a: Landorus|Landorus-Therian, M|86\/100\n|-damage|p1a: Landorus|74\/100|[from] Stealth Rock\n|-ability|p1a: Landorus|Intimidate|boost\n|-unboost|p2a: \u9a6c\u5676\u5de8\u6cbc\u602a|atk|1\n|move|p2a: \u9a6c\u5676\u5de8\u6cbc\u602a|Waterfall|p1a: Landorus\n|-supereffective|p1a: Landorus\n|-damage|p1a: Landorus|0 fnt\n|faint|p1a: Landorus\n|\n|-weather|RainDance|[upkeep]\n|upkeep\n|\n|t:|1700677828\n|switch|p1a: Lopunny|Lopunny-Mega, M|88\/100\n|-damage|p1a: Lopunny|82\/100|[from] Stealth Rock\n|turn|24\n|\n|t:|1700677832\n|switch|p2a: \u8349\u94a2|Ferrothorn, M|75\/100\n|-damage|p2a: \u8349\u94a2|68\/100|[from] Stealth Rock\n|move|p1a: Lopunny|Fake Out|p2a: \u8349\u94a2\n|-resisted|p2a: \u8349\u94a2\n|-damage|p2a: \u8349\u94a2|60\/100\n|-damage|p1a: Lopunny|70\/100|[from] ability: Iron Barbs|[of] p2a: \u8349\u94a2\n|\n|-weather|RainDance|[upkeep]\n|upkeep\n|turn|25\n|\n|t:|1700677843\n|switch|p1a: Kyurem|Kyurem|23\/100\n|-ability|p1a: Kyurem|Pressure\n|move|p2a: \u8349\u94a2|Body Press|p1a: Kyurem\n|-supereffective|p1a: Kyurem\n|-crit|p1a: Kyurem\n|-damage|p1a: Kyurem|0 fnt\n|faint|p1a: Kyurem\n|\n|-weather|RainDance|[upkeep]\n|upkeep\n|\n|t:|1700677852\n|switch|p1a: Lopunny|Lopunny-Mega, M|70\/100\n|-damage|p1a: Lopunny|64\/100|[from] Stealth Rock\n|turn|26\n|\n|t:|1700677855\n|switch|p2a: \u6253\u96f7\u4f55\u65f6\u80fd\u4e2d|Zapdos|100\/100\n|move|p1a: Lopunny|Close Combat|p2a: \u6253\u96f7\u4f55\u65f6\u80fd\u4e2d\n|-resisted|p2a: \u6253\u96f7\u4f55\u65f6\u80fd\u4e2d\n|-damage|p2a: \u6253\u96f7\u4f55\u65f6\u80fd\u4e2d|72\/100\n|-unboost|p1a: Lopunny|def|1\n|-unboost|p1a: Lopunny|spd|1\n|\n|-weather|RainDance|[upkeep]\n|upkeep\n|turn|27\n|\n|t:|1700677872\n|move|p1a: Lopunny|Frustration|p2a: \u6253\u96f7\u4f55\u65f6\u80fd\u4e2d\n|-damage|p2a: \u6253\u96f7\u4f55\u65f6\u80fd\u4e2d|24\/100\n|move|p2a: \u6253\u96f7\u4f55\u65f6\u80fd\u4e2d|Hurricane|p1a: Lopunny\n|-supereffective|p1a: Lopunny\n|-damage|p1a: Lopunny|0 fnt\n|faint|p1a: Lopunny\n|\n|-weather|none\n|upkeep\n|\n|t:|1700677882\n|switch|p1a: Samurott|Samurott-Hisui, M|100\/100\n|-damage|p1a: Samurott|88\/100|[from] Stealth Rock\n|turn|28\n|\n|t:|1700677887\n|switch|p2a: \u76d6\u9e25\u5361|Pelipper, F|64\/100 tox\n|-damage|p2a: \u76d6\u9e25\u5361|39\/100 tox|[from] Stealth Rock\n|-weather|RainDance|[from] ability: Drizzle|[of] p2a: \u76d6\u9e25\u5361\n|move|p1a: Samurott|Aqua Cutter|p2a: \u76d6\u9e25\u5361\n|-resisted|p2a: \u76d6\u9e25\u5361\n|-damage|p2a: \u76d6\u9e25\u5361|0 fnt\n|faint|p2a: \u76d6\u9e25\u5361\n|\n|-weather|RainDance|[upkeep]\n|upkeep\n|\n|t:|1700677898\n|switch|p2a: \u8349\u94a2|Ferrothorn, M|60\/100\n|-damage|p2a: \u8349\u94a2|54\/100|[from] Stealth Rock\n|turn|29\n|\n|t:|1700677902\n|switch|p1a: Heatran|Heatran, F|97\/100\n|-damage|p1a: Heatran|85\/100|[from] Stealth Rock\n|move|p2a: \u8349\u94a2|Body Press|p1a: Heatran\n|-supereffective|p1a: Heatran\n|-damage|p1a: Heatran|41\/100\n|\n|-weather|RainDance|[upkeep]\n|-heal|p1a: Heatran|47\/100|[from] item: Leftovers\n|upkeep\n|turn|30\n|\n|t:|1700677911\n|-terastallize|p1a: Heatran|Grass\n|move|p1a: Heatran|Magma Storm|p2a: \u8349\u94a2\n|-supereffective|p2a: \u8349\u94a2\n|-damage|p2a: \u8349\u94a2|0 fnt\n|faint|p2a: \u8349\u94a2\n|\n|-weather|RainDance|[upkeep]\n|-heal|p1a: Heatran|53\/100|[from] item: Leftovers\n|upkeep\n|\n|t:|1700677921\n|switch|p2a: \u9a6c\u5676\u5de8\u6cbc\u602a|Swampert-Mega, M|37\/100\n|-damage|p2a: \u9a6c\u5676\u5de8\u6cbc\u602a|31\/100|[from] Stealth Rock\n|turn|31\n|\n|t:|1700677927\n|move|p2a: \u9a6c\u5676\u5de8\u6cbc\u602a|Ice Punch|p1a: Heatran\n|-supereffective|p1a: Heatran\n|-damage|p1a: Heatran|4\/100\n|move|p1a: Heatran|Earth Power|p2a: \u9a6c\u5676\u5de8\u6cbc\u602a\n|-damage|p2a: \u9a6c\u5676\u5de8\u6cbc\u602a|7\/100\n|\n|-weather|RainDance|[upkeep]\n|-heal|p1a: Heatran|10\/100|[from] item: Leftovers\n|upkeep\n|turn|32\n|\n|t:|1700677933\n|move|p2a: \u9a6c\u5676\u5de8\u6cbc\u602a|Flip Turn|p1a: Heatran\n|-resisted|p1a: Heatran\n|-damage|p1a: Heatran|0 fnt\n|faint|p1a: Heatran\n|\n|t:|1700677939\n|switch|p2a: Ogerpon|Ogerpon-Wellspring, F|100\/100|[from] Flip Turn\n|-damage|p2a: Ogerpon|88\/100|[from] Stealth Rock\n|\n|-weather|RainDance|[upkeep]\n|upkeep\n|\n|t:|1700677944\n|switch|p1a: Samurott|Samurott-Hisui, M|88\/100\n|-damage|p1a: Samurott|76\/100|[from] Stealth Rock\n|turn|33\n|\n|t:|1700677952\n|move|p2a: Ogerpon|Spiky Shield|p2a: Ogerpon\n|-singleturn|p2a: Ogerpon|move: Protect\n|move|p1a: Samurott|Ceaseless Edge|p2a: Ogerpon\n|-activate|p2a: Ogerpon|move: Protect\n|-damage|p1a: Samurott|63\/100|[from] Spiky Shield|[of] p2a: Ogerpon\n|\n|-weather|RainDance|[upkeep]\n|upkeep\n|turn|34\n|\n|t:|1700677957\n|move|p2a: Ogerpon|Horn Leech|p1a: Samurott\n|-supereffective|p1a: Samurott\n|-damage|p1a: Samurott|0 fnt\n|-heal|p2a: Ogerpon|100\/100|[from] drain|[of] p1a: Samurott\n|faint|p1a: Samurott\n|\n|win|congpizza\n|raw|allthewaytoheaven's rating: 1304 &rarr; <strong>1285<\/strong><br \/>(-19 for losing)\n|raw|congpizza's rating: 1328 &rarr; <strong>1347<\/strong><br \/>(+19 for winning)\n|l|\u203dallthewaytoheaven\n|l|\u2606congpizza\n|j|\u2606congpizza\n|player|p2|congpizza|hilbert\n","uploadtime":1700677967,"views":3,"p1id":"allthewaytoheaven","p2id":"congpizza","formatid":"gen9nationaldex","rating":1285,"private":0,"password":""}