{"id":"gen9nationaldex-1987635057","p1":"IceBerryCoffee","p2":"Miyaka-Azul","format":"[Gen 9] National Dex","log":"|j|\u2606IceBerryCoffee\n|j|\u2606Miyaka-Azul\n|t:|1699622283\n|gametype|singles\n|player|p1|IceBerryCoffee|101|1352\n|player|p2|Miyaka-Azul|heroine2-conquest|1293\n|teamsize|p1|6\n|teamsize|p2|6\n|gen|9\n|tier|[Gen 9] National Dex\n|rated|\n|rule|HP Percentage Mod: HP is shown in percentages\n|rule|Endless Battle Clause: Forcing endless battles is banned\n|rule|OHKO Clause: OHKO moves are banned\n|rule|Evasion Clause: Evasion abilities, items, and moves are banned\n|rule|Evasion Abilities Clause: Evasion abilities are banned\n|rule|Evasion Items Clause: Evasion items are banned\n|rule|Evasion Moves Clause: Evasion moves are banned\n|rule|Species Clause: Limit one of each Pok\u00e9mon\n|rule|Sleep Clause Mod: Limit one foe put to sleep\n|clearpoke\n|poke|p1|Scizor, F|\n|poke|p1|Great Tusk|\n|poke|p1|Volcarona, M|\n|poke|p1|Landorus-Therian, M|\n|poke|p1|Munkidori, M|\n|poke|p1|Rotom-Wash|\n|poke|p2|Urshifu-*, F|\n|poke|p2|Beedrill, M|\n|poke|p2|Blissey, F|\n|poke|p2|Gliscor, F|\n|poke|p2|Thundurus-Therian, M|\n|poke|p2|Iron Treads|\n|teampreview\n|inactive|Battle timer is ON: inactive players will automatically lose when time's up. (requested by Miyaka-Azul)\n|\n|t:|1699622289\n|start\n|switch|p1a: Rotom|Rotom-Wash|100\/100\n|switch|p2a: Urshifu|Urshifu-Rapid-Strike, F|100\/100\n|turn|1\n|\n|t:|1699622299\n|move|p1a: Rotom|Will-O-Wisp|p2a: Urshifu\n|-status|p2a: Urshifu|brn\n|move|p2a: Urshifu|U-turn|p1a: Rotom\n|-damage|p1a: Rotom|79\/100\n|\n|t:|1699622303\n|switch|p2a: Blissey|Blissey, F|100\/100|[from] U-turn\n|\n|upkeep\n|turn|2\n|\n|t:|1699622310\n|switch|p1a: Scizor|Scizor, F|100\/100\n|move|p2a: Blissey|Heal Bell|p2a: Blissey\n|-activate|p2a: Blissey|move: Heal Bell\n|-curestatus|p2: Urshifu|brn|[msg]\n|\n|upkeep\n|turn|3\n|\n|t:|1699622320\n|switch|p2a: Urshifu|Urshifu-Rapid-Strike, F|100\/100\n|move|p1a: Scizor|Swords Dance|p1a: Scizor\n|-boost|p1a: Scizor|atk|2\n|\n|upkeep\n|turn|4\n|\n|t:|1699622327\n|switch|p1a: Landorus|Landorus-Therian, M|100\/100\n|-ability|p1a: Landorus|Intimidate|boost\n|-unboost|p2a: Urshifu|atk|1\n|move|p2a: Urshifu|Surging Strikes|p1a: Landorus\n|-supereffective|p1a: Landorus\n|-crit|p1a: Landorus\n|-damage|p1a: Landorus|59\/100\n|-damage|p2a: Urshifu|84\/100|[from] item: Rocky Helmet|[of] p1a: Landorus\n|-supereffective|p1a: Landorus\n|-crit|p1a: Landorus\n|-damage|p1a: Landorus|15\/100\n|-damage|p2a: Urshifu|68\/100|[from] item: Rocky Helmet|[of] p1a: Landorus\n|-supereffective|p1a: Landorus\n|-crit|p1a: Landorus\n|-damage|p1a: Landorus|0 fnt\n|-damage|p2a: Urshifu|51\/100|[from] item: Rocky Helmet|[of] p1a: Landorus\n|faint|p1a: Landorus\n|-hitcount|p1: Landorus|3\n|\n|upkeep\n|inactive|IceBerryCoffee has 120 seconds left.\n|\n|t:|1699622358\n|switch|p1a: Munkidori|Munkidori, M|100\/100\n|turn|5\n|\n|t:|1699622364\n|switch|p2a: Iron Treads|Iron Treads|100\/100\n|move|p1a: Munkidori|Parting Shot|p2a: Iron Treads\n|-unboost|p2a: Iron Treads|atk|1\n|-unboost|p2a: Iron Treads|spa|1\n|inactive|IceBerryCoffee has 120 seconds left.\n|\n|t:|1699622388\n|switch|p1a: Scizor|Scizor, F|100\/100|[from] Parting Shot\n|\n|upkeep\n|turn|6\n|\n|t:|1699622394\n|detailschange|p1a: Scizor|Scizor-Mega, F\n|-mega|p1a: Scizor|Scizor|Scizorite\n|move|p2a: Iron Treads|Knock Off|p1a: Scizor\n|-crit|p1a: Scizor\n|-damage|p1a: Scizor|78\/100\n|move|p1a: Scizor|Swords Dance|p1a: Scizor\n|-boost|p1a: Scizor|atk|2\n|\n|upkeep\n|turn|7\n|\n|t:|1699622401\n|-end|p2a: Iron Treads|Quark Drive|[silent]\n|switch|p2a: Beedrill|Beedrill, M|100\/100\n|move|p1a: Scizor|Swords Dance|p1a: Scizor\n|-boost|p1a: Scizor|atk|2\n|\n|upkeep\n|turn|8\n|\n|t:|1699622407\n|detailschange|p2a: Beedrill|Beedrill-Mega, M\n|-mega|p2a: Beedrill|Beedrill|Beedrillite\n|move|p1a: Scizor|Bullet Punch|p2a: Beedrill\n|-damage|p2a: Beedrill|0 fnt\n|faint|p2a: Beedrill\n|\n|upkeep\n|\n|t:|1699622410\n|switch|p2a: Urshifu|Urshifu-Rapid-Strike, F|51\/100\n|turn|9\n|\n|t:|1699622415\n|move|p1a: Scizor|Bullet Punch|p2a: Urshifu\n|-resisted|p2a: Urshifu\n|-damage|p2a: Urshifu|0 fnt\n|faint|p2a: Urshifu\n|\n|upkeep\n|\n|t:|1699622417\n|switch|p2a: Thundurus|Thundurus-Therian, M|100\/100\n|turn|10\n|\n|t:|1699622420\n|-terastallize|p2a: Thundurus|Flying\n|move|p1a: Scizor|Bullet Punch|p2a: Thundurus\n|-damage|p2a: Thundurus|0 fnt\n|faint|p2a: Thundurus\n|\n|upkeep\n|-message|Miyaka-Azul forfeited.\n|\n|win|IceBerryCoffee\n|raw|IceBerryCoffee's rating: 1352 &rarr; <strong>1369<\/strong><br \/>(+17 for winning)\n|raw|Miyaka-Azul's rating: 1293 &rarr; <strong>1272<\/strong><br \/>(-21 for losing)\n|l|\u2606Miyaka-Azul\n","uploadtime":1699622434,"views":4,"p1id":"iceberrycoffee","p2id":"miyakaazul","formatid":"gen9nationaldex","rating":1272,"private":0,"password":""}