{"id":"gen9nationaldex-1988852715","p1":"Yuanshen61\u6211\u8981\u73a9\u539f\u795e","p2":"goober 3000","format":"[Gen 9] National Dex","log":"|j|\u2606Yuanshen61\u6211\u8981\u73a9\u539f\u795e\n|j|\u2606goober 3000\n|t:|1699774073\n|gametype|singles\n|player|p1|Yuanshen61\u6211\u8981\u73a9\u539f\u795e|dawn-contest|1309\n|player|p2|goober 3000|theroyal|1300\n|teamsize|p1|6\n|teamsize|p2|6\n|gen|9\n|tier|[Gen 9] National Dex\n|rated|\n|rule|HP Percentage Mod: HP is shown in percentages\n|rule|Endless Battle Clause: Forcing endless battles is banned\n|rule|OHKO Clause: OHKO moves are banned\n|rule|Evasion Clause: Evasion abilities, items, and moves are banned\n|rule|Evasion Abilities Clause: Evasion abilities are banned\n|rule|Evasion Items Clause: Evasion items are banned\n|rule|Evasion Moves Clause: Evasion moves are banned\n|rule|Species Clause: Limit one of each Pok\u00e9mon\n|rule|Sleep Clause Mod: Limit one foe put to sleep\n|clearpoke\n|poke|p1|Blacephalon|\n|poke|p1|Lopunny, M|\n|poke|p1|Ting-Lu|\n|poke|p1|Zapdos|\n|poke|p1|Hatterene, F|\n|poke|p1|Greninja-*, M|\n|poke|p2|Slowbro, M|\n|poke|p2|Diancie|\n|poke|p2|Chansey, F|\n|poke|p2|Rillaboom, M|\n|poke|p2|Heatran, F|\n|poke|p2|Tornadus, M|\n|teampreview\n|inactive|Battle timer is ON: inactive players will automatically lose when time's up. (requested by goober 3000)\n|inactive|Yuanshen61\u6211\u8981\u73a9\u539f\u795e also wants the timer to be on.\n|\n|t:|1699774079\n|start\n|switch|p1a: Ting-Lu|Ting-Lu|100\/100\n|switch|p2a: Tornadus|Tornadus, M|100\/100\n|-ability|p1a: Ting-Lu|Vessel of Ruin\n|turn|1\n|\n|t:|1699774082\n|move|p2a: Tornadus|U-turn|p1a: Ting-Lu\n|-supereffective|p1a: Ting-Lu\n|-damage|p1a: Ting-Lu|84\/100\n|l|\u2606Yuanshen61\u6211\u8981\u73a9\u539f\u795e\n|inactive|Yuanshen61\u6211\u8981\u73a9\u539f\u795e disconnected and has a minute to reconnect!\n|player|p1|\n|\n|t:|1699774097\n|switch|p2a: Rillaboom|Rillaboom, M|100\/100|[from] U-turn\n|-fieldstart|move: Grassy Terrain|[from] ability: Grassy Surge|[of] p2a: Rillaboom\n|move|p1a: Ting-Lu|Stealth Rock|p2a: Rillaboom\n|-sidestart|p2: goober 3000|move: Stealth Rock\n|\n|-heal|p1a: Ting-Lu|90\/100|[from] Grassy Terrain\n|-heal|p1a: Ting-Lu|97\/100|[from] item: Leftovers\n|upkeep\n|turn|2\n|inactive|Yuanshen61\u6211\u8981\u73a9\u539f\u795e has 30 seconds to reconnect!\n|j|\u2606Yuanshen61\u6211\u8981\u73a9\u539f\u795e\n|inactive|Yuanshen61\u6211\u8981\u73a9\u539f\u795e reconnected and has 120 seconds left.\n|player|p1|Yuanshen61\u6211\u8981\u73a9\u539f\u795e|dawn-contest\n|\n|t:|1699774137\n|-terastallize|p2a: Rillaboom|Grass\n|move|p2a: Rillaboom|Wood Hammer|p1a: Ting-Lu\n|-supereffective|p1a: Ting-Lu\n|-crit|p1a: Ting-Lu\n|-damage|p1a: Ting-Lu|0 fnt\n|faint|p1a: Ting-Lu\n|-damage|p2a: Rillaboom|53\/100|[from] Recoil\n|\n|-heal|p2a: Rillaboom|59\/100|[from] Grassy Terrain\n|upkeep\n|\n|t:|1699774143\n|switch|p1a: Blacephalon|Blacephalon|100\/100\n|turn|3\n|\n|t:|1699774150\n|switch|p2a: Chansey|Chansey, F|100\/100\n|-damage|p2a: Chansey|88\/100|[from] Stealth Rock\n|move|p1a: Blacephalon|Trick|p2a: Chansey\n|-activate|p1a: Blacephalon|move: Trick|[of] p2a: Chansey\n|-item|p2a: Chansey|Choice Scarf|[from] move: Trick\n|-item|p1a: Blacephalon|Eviolite|[from] move: Trick\n|\n|-heal|p2a: Chansey|94\/100|[from] Grassy Terrain\n|upkeep\n|turn|4\n|inactive|Yuanshen61\u6211\u8981\u73a9\u539f\u795e has 120 seconds left.\n|\n|t:|1699774155\n|switch|p1a: Hatterene|Hatterene, F|100\/100\n|move|p2a: Chansey|Wish|p2a: Chansey\n|\n|-heal|p2a: Chansey|99\/100|[from] Grassy Terrain\n|upkeep\n|turn|5\n|\n|t:|1699774163\n|switch|p2a: Tornadus|Tornadus, M|100\/100\n|move|p1a: Hatterene|Nuzzle|p2a: Tornadus\n|-supereffective|p2a: Tornadus\n|-damage|p2a: Tornadus|90\/100\n|-status|p2a: Tornadus|par\n|\n|-heal|p2a: Tornadus|100\/100 par|[from] move: Wish|[wisher] Chansey\n|-fieldend|move: Grassy Terrain\n|upkeep\n|turn|6\n|inactive|Yuanshen61\u6211\u8981\u73a9\u539f\u795e has 120 seconds left.\n|\n|t:|1699774179\n|move|p2a: Tornadus|Defog|p1a: Hatterene\n|move|p1a: Hatterene|Defog|p2a: Tornadus|[from]ability: Magic Bounce\n|-unboost|p2a: Tornadus|evasion|1\n|-sideend|p2: goober 3000|Stealth Rock|[from] move: Defog|[of] p1a: Hatterene\n|move|p1a: Hatterene|Draining Kiss|p2a: Tornadus\n|-damage|p2a: Tornadus|76\/100 par\n|\n|upkeep\n|turn|7\n|inactive|Yuanshen61\u6211\u8981\u73a9\u539f\u795e has 120 seconds left.\n|l|\u2606Yuanshen61\u6211\u8981\u73a9\u539f\u795e\n|inactive|Yuanshen61\u6211\u8981\u73a9\u539f\u795e disconnected and has a minute to reconnect!\n|player|p1|\n|j|\u2606Yuanshen61\u6211\u8981\u73a9\u539f\u795e\n|inactive|Yuanshen61\u6211\u8981\u73a9\u539f\u795e reconnected and has 80 seconds left.\n|player|p1|Yuanshen61\u6211\u8981\u73a9\u539f\u795e|dawn-contest\n|\n|t:|1699774234\n|cant|p2a: Tornadus|par\n|move|p1a: Hatterene|Calm Mind|p1a: Hatterene\n|-boost|p1a: Hatterene|spa|1\n|-boost|p1a: Hatterene|spd|1\n|\n|upkeep\n|turn|8\n|\n|t:|1699774248\n|move|p2a: Tornadus|U-turn|p1a: Hatterene\n|-crit|p1a: Hatterene\n|-damage|p1a: Hatterene|73\/100\n|\n|t:|1699774254\n|switch|p2a: Heatran|Heatran, F|100\/100|[from] U-turn\n|-item|p2a: Heatran|Air Balloon\n|move|p1a: Hatterene|Draining Kiss|p2a: Heatran\n|-resisted|p2a: Heatran\n|-damage|p2a: Heatran|94\/100\n|-heal|p1a: Hatterene|78\/100|[from] drain|[of] p2a: Heatran\n|-enditem|p2a: Heatran|Air Balloon\n|\n|-heal|p1a: Hatterene|84\/100|[from] item: Leftovers\n|upkeep\n|turn|9\n|inactive|Yuanshen61\u6211\u8981\u73a9\u539f\u795e has 90 seconds left.\n|l|\u2606Yuanshen61\u6211\u8981\u73a9\u539f\u795e\n|inactive|Yuanshen61\u6211\u8981\u73a9\u539f\u795e disconnected and has a minute to reconnect!\n|player|p1|\n|inactive|Yuanshen61\u6211\u8981\u73a9\u539f\u795e has 30 seconds to reconnect!\n|j|\u2606Yuanshen61\u6211\u8981\u73a9\u539f\u795e\n|inactive|Yuanshen61\u6211\u8981\u73a9\u539f\u795e reconnected and has 55 seconds left.\n|player|p1|Yuanshen61\u6211\u8981\u73a9\u539f\u795e|dawn-contest\n|\n|t:|1699774302\n|move|p2a: Heatran|Magma Storm|p1a: Hatterene\n|-damage|p1a: Hatterene|48\/100\n|-activate|p1a: Hatterene|move: Magma Storm|[of] p2a: Heatran\n|move|p1a: Hatterene|Nuzzle|p2a: Heatran\n|-damage|p2a: Heatran|89\/100\n|-status|p2a: Heatran|par\n|\n|-heal|p1a: Hatterene|54\/100|[from] item: Leftovers\n|-damage|p1a: Hatterene|41\/100|[from] move: Magma Storm|[partiallytrapped]\n|upkeep\n|turn|10\n|\n|t:|1699774314\n|move|p2a: Heatran|Lava Plume|p1a: Hatterene\n|-damage|p1a: Hatterene|12\/100\n|-status|p1a: Hatterene|brn\n|move|p1a: Hatterene|Draining Kiss|p2a: Heatran\n|-resisted|p2a: Heatran\n|-damage|p2a: Heatran|82\/100 par\n|-heal|p1a: Hatterene|17\/100 brn|[from] drain|[of] p2a: Heatran\n|\n|-heal|p1a: Hatterene|23\/100 brn|[from] item: Leftovers\n|-damage|p1a: Hatterene|17\/100 brn|[from] brn\n|-damage|p1a: Hatterene|5\/100 brn|[from] move: Magma Storm|[partiallytrapped]\n|upkeep\n|turn|11\n|\n|t:|1699774324\n|cant|p2a: Heatran|par\n|move|p1a: Hatterene|Mystical Fire|p2a: Heatran\n|-damage|p2a: Heatran|54\/100 par\n|-unboost|p2a: Heatran|spa|1\n|\n|-heal|p1a: Hatterene|11\/100 brn|[from] item: Leftovers\n|-damage|p1a: Hatterene|5\/100 brn|[from] brn\n|-damage|p1a: Hatterene|0 fnt|[from] move: Magma Storm|[partiallytrapped]\n|faint|p1a: Hatterene\n|upkeep\n|\n|t:|1699774332\n|switch|p1a: Greninja|Greninja, M|100\/100\n|turn|12\n|\n|t:|1699774336\n|switch|p2a: Chansey|Chansey, F|99\/100\n|move|p1a: Greninja|Surf|p2a: Chansey\n|-damage|p2a: Chansey|79\/100\n|-damage|p1a: Greninja|91\/100|[from] item: Life Orb\n|\n|upkeep\n|turn|13\n|\n|t:|1699774342\n|switch|p1a: Lopunny|Lopunny, M|100\/100\n|move|p2a: Chansey|Aromatherapy|p2a: Chansey\n|-activate|p2a: Chansey|move: Aromatherapy\n|-curestatus|p2: Heatran|par|[msg]\n|-curestatus|p2: Tornadus|par|[msg]\n|\n|upkeep\n|turn|14\n|\n|t:|1699774350\n|switch|p2a: Slowbro|Slowbro, M|100\/100\n|detailschange|p1a: Lopunny|Lopunny-Mega, M\n|-mega|p1a: Lopunny|Lopunny|Lopunnite\n|move|p1a: Lopunny|Frustration|p2a: Slowbro\n|-damage|p2a: Slowbro|68\/100\n|-damage|p1a: Lopunny|84\/100|[from] item: Rocky Helmet|[of] p2a: Slowbro\n|\n|upkeep\n|turn|15\n|\n|t:|1699774358\n|move|p1a: Lopunny|U-turn|p2a: Slowbro\n|-supereffective|p2a: Slowbro\n|-damage|p2a: Slowbro|38\/100\n|-damage|p1a: Lopunny|67\/100|[from] item: Rocky Helmet|[of] p2a: Slowbro\n|\n|t:|1699774361\n|switch|p1a: Zapdos|Zapdos|100\/100|[from] U-turn\n|move|p2a: Slowbro|Future Sight|p1a: Zapdos\n|-start|p2a: Slowbro|move: Future Sight\n|\n|upkeep\n|turn|16\n|\n|t:|1699774369\n|switch|p2a: Chansey|Chansey, F|79\/100\n|move|p1a: Zapdos|Volt Switch|p2a: Chansey\n|-damage|p2a: Chansey|62\/100\n|\n|t:|1699774375\n|switch|p1a: Greninja|Greninja, M|91\/100|[from] Volt Switch\n|\n|upkeep\n|turn|17\n|\n|t:|1699774382\n|move|p1a: Greninja|Surf|p2a: Chansey\n|-damage|p2a: Chansey|40\/100\n|-damage|p1a: Greninja|81\/100|[from] item: Life Orb\n|move|p2a: Chansey|Wish|p2a: Chansey\n|\n|-end|p1a: Greninja|move: Future Sight\n|-immune|p1a: Greninja\n|upkeep\n|turn|18\n|\n|t:|1699774390\n|switch|p2a: Rillaboom|Rillaboom, M, tera:Grass|59\/100\n|-fieldstart|move: Grassy Terrain|[from] ability: Grassy Surge|[of] p2a: Rillaboom\n|move|p1a: Greninja|Ice Beam|p2a: Rillaboom\n|-supereffective|p2a: Rillaboom\n|-damage|p2a: Rillaboom|0 fnt\n|faint|p2a: Rillaboom\n|-ability|p1a: Greninja|Battle Bond|boost\n|-boost|p1a: Greninja|atk|1\n|-boost|p1a: Greninja|spa|1\n|-boost|p1a: Greninja|spe|1\n|-activate|p1a: Greninja|ability: Battle Bond\n|-damage|p1a: Greninja|71\/100|[from] item: Life Orb\n|\n|-heal|p1a: Greninja|77\/100|[from] Grassy Terrain\n|upkeep\n|\n|t:|1699774396\n|switch|p2a: Tornadus|Tornadus, M|76\/100\n|turn|19\n|l|\u2606Yuanshen61\u6211\u8981\u73a9\u539f\u795e\n|inactive|Yuanshen61\u6211\u8981\u73a9\u539f\u795e disconnected and has a minute to reconnect!\n|player|p1|\n|j|\u2606Yuanshen61\u6211\u8981\u73a9\u539f\u795e\n|inactive|Yuanshen61\u6211\u8981\u73a9\u539f\u795e reconnected and has 110 seconds left.\n|player|p1|Yuanshen61\u6211\u8981\u73a9\u539f\u795e|dawn-contest\n|\n|t:|1699774419\n|move|p1a: Greninja|Ice Beam|p2a: Tornadus\n|-supereffective|p2a: Tornadus\n|-damage|p2a: Tornadus|0 fnt\n|faint|p2a: Tornadus\n|-damage|p1a: Greninja|67\/100|[from] item: Life Orb\n|\n|-heal|p1a: Greninja|73\/100|[from] Grassy Terrain\n|upkeep\n|\n|t:|1699774429\n|switch|p2a: Chansey|Chansey, F|40\/100\n|turn|20\n|\n|t:|1699774433\n|move|p1a: Greninja|Surf|p2a: Chansey\n|-damage|p2a: Chansey|1\/100\n|-damage|p1a: Greninja|63\/100|[from] item: Life Orb\n|move|p2a: Chansey|Seismic Toss|p1a: Greninja\n|-damage|p1a: Greninja|28\/100\n|\n|-heal|p1a: Greninja|34\/100|[from] Grassy Terrain\n|-heal|p2a: Chansey|7\/100|[from] Grassy Terrain\n|upkeep\n|turn|21\n|\n|t:|1699774441\n|move|p1a: Greninja|Surf|p2a: Chansey\n|-damage|p2a: Chansey|0 fnt\n|faint|p2a: Chansey\n|-damage|p1a: Greninja|24\/100|[from] item: Life Orb\n|\n|-heal|p1a: Greninja|30\/100|[from] Grassy Terrain\n|upkeep\n|-message|goober 3000 forfeited.\n|\n|win|Yuanshen61\u6211\u8981\u73a9\u539f\u795e\n|raw|Yuanshen61\u6211\u8981\u73a9\u539f\u795e's rating: 1309 &rarr; <strong>1328<\/strong><br \/>(+19 for winning)\n|raw|goober 3000's rating: 1300 &rarr; <strong>1276<\/strong><br \/>(-24 for losing)\n|l|\u2606goober 3000\n","uploadtime":1699774450,"views":6,"p1id":"yuanshen61","p2id":"goober3000","formatid":"gen9nationaldex","rating":1276,"private":0,"password":""}