{"id":"gen9nationaldex-1993262772","p1":"Unsuspecting Dude","p2":"TPD Greedy Monarch","format":"[Gen 9] National Dex","log":"|j|\u2606Unsuspecting Dude\n|j|\u2606TPD Greedy Monarch\n|t:|1700286271\n|gametype|singles\n|player|p1|Unsuspecting Dude|larry|1366\n|player|p2|TPD Greedy Monarch|swimmer-gen4|1427\n|teamsize|p1|6\n|teamsize|p2|6\n|gen|9\n|tier|[Gen 9] National Dex\n|rated|\n|rule|HP Percentage Mod: HP is shown in percentages\n|rule|Endless Battle Clause: Forcing endless battles is banned\n|rule|OHKO Clause: OHKO moves are banned\n|rule|Evasion Clause: Evasion abilities, items, and moves are banned\n|rule|Evasion Abilities Clause: Evasion abilities are banned\n|rule|Evasion Items Clause: Evasion items are banned\n|rule|Evasion Moves Clause: Evasion moves are banned\n|rule|Species Clause: Limit one of each Pok\u00e9mon\n|rule|Sleep Clause Mod: Limit one foe put to sleep\n|clearpoke\n|poke|p1|Ferrothorn, M|\n|poke|p1|Charizard, F|\n|poke|p1|Gliscor, F|\n|poke|p1|Alakazam, M|\n|poke|p1|Gyarados, M|\n|poke|p1|Tyranitar, M|\n|poke|p2|Scolipede, M|\n|poke|p2|Scyther, F|\n|poke|p2|Volcarona, F|\n|poke|p2|Scizor, M|\n|poke|p2|Frosmoth, F|\n|poke|p2|Kleavor, M|\n|teampreview\n|\n|t:|1700286285\n|start\n|switch|p1a: Gliscor|Gliscor, F|100\/100\n|switch|p2a: Vesta|Volcarona, F|100\/100\n|turn|1\n|\n|t:|1700286296\n|move|p1a: Gliscor|Dual Wingbeat|p2a: Vesta\n|-supereffective|p2a: Vesta\n|-crit|p2a: Vesta\n|-damage|p2a: Vesta|21\/100\n|-supereffective|p2a: Vesta\n|-damage|p2a: Vesta|0 fnt\n|faint|p2a: Vesta\n|-hitcount|p2: Vesta|2\n|\n|-status|p1a: Gliscor|tox|[from] item: Toxic Orb\n|upkeep\n|\n|t:|1700286308\n|switch|p2a: Kharn|Kleavor, M|100\/100\n|turn|2\n|inactive|Battle timer is ON: inactive players will automatically lose when time's up. (requested by TPD Greedy Monarch)\n|\n|t:|1700286347\n|move|p2a: Kharn|Stone Axe|p1a: Gliscor\n|-damage|p1a: Gliscor|41\/100 tox\n|-sidestart|p1: Unsuspecting Dude|move: Stealth Rock\n|move|p1a: Gliscor|Substitute|p1a: Gliscor\n|-start|p1a: Gliscor|Substitute\n|-damage|p1a: Gliscor|17\/100 tox\n|\n|-heal|p1a: Gliscor|29\/100 tox|[from] ability: Poison Heal\n|upkeep\n|turn|3\n|\n|t:|1700286351\n|move|p2a: Kharn|Stone Axe|p1a: Gliscor\n|-end|p1a: Gliscor|Substitute\n|move|p1a: Gliscor|Dual Wingbeat|p2a: Kharn\n|-damage|p2a: Kharn|80\/100\n|-damage|p2a: Kharn|60\/100\n|-hitcount|p2a: Kharn|2\n|\n|-heal|p1a: Gliscor|41\/100 tox|[from] ability: Poison Heal\n|upkeep\n|turn|4\n|\n|t:|1700286368\n|move|p2a: Kharn|Stone Axe|p1a: Gliscor\n|-damage|p1a: Gliscor|0 fnt\n|faint|p1a: Gliscor\n|\n|upkeep\n|\n|t:|1700286385\n|switch|p1a: Alakazam|Alakazam, M|100\/100\n|turn|5\n|\n|t:|1700286389\n|switch|p2a: Little Lady|Frosmoth, F|100\/100\n|move|p1a: Alakazam|Psychic|p2a: Little Lady\n|-damage|p2a: Little Lady|63\/100\n|\n|upkeep\n|turn|6\n|\n|t:|1700286392\n|move|p1a: Alakazam|Focus Blast|p2a: Little Lady\n|-damage|p2a: Little Lady|32\/100\n|move|p2a: Little Lady|Quiver Dance|p2a: Little Lady\n|-boost|p2a: Little Lady|spa|1\n|-boost|p2a: Little Lady|spd|1\n|-boost|p2a: Little Lady|spe|1\n|\n|upkeep\n|turn|7\n|\n|t:|1700286401\n|switch|p1a: Tyranitar|Tyranitar, M|100\/100\n|-damage|p1a: Tyranitar|88\/100|[from] Stealth Rock\n|-weather|Sandstorm|[from] ability: Sand Stream|[of] p1a: Tyranitar\n|move|p2a: Little Lady|Quiver Dance|p2a: Little Lady\n|-boost|p2a: Little Lady|spa|1\n|-boost|p2a: Little Lady|spd|1\n|-boost|p2a: Little Lady|spe|1\n|\n|-weather|Sandstorm|[upkeep]\n|-damage|p2a: Little Lady|26\/100|[from] Sandstorm\n|upkeep\n|turn|8\n|\n|t:|1700286421\n|-terastallize|p2a: Little Lady|Ground\n|move|p2a: Little Lady|Tera Blast|p1a: Tyranitar|[anim] Tera Blast Ground\n|-supereffective|p1a: Tyranitar\n|-damage|p1a: Tyranitar|17\/100\n|move|p1a: Tyranitar|Fire Punch|p2a: Little Lady\n|-damage|p2a: Little Lady|0 fnt\n|faint|p2a: Little Lady\n|\n|-weather|Sandstorm|[upkeep]\n|upkeep\n|\n|t:|1700286437\n|switch|p2a: Scorn|Scolipede, M|100\/100\n|turn|9\n|\n|t:|1700286447\n|move|p2a: Scorn|Swords Dance|p2a: Scorn\n|-boost|p2a: Scorn|atk|2\n|move|p1a: Tyranitar|Fire Punch|p2a: Scorn\n|-supereffective|p2a: Scorn\n|-damage|p2a: Scorn|22\/100\n|\n|-weather|Sandstorm|[upkeep]\n|-damage|p2a: Scorn|16\/100|[from] Sandstorm\n|-ability|p2a: Scorn|Speed Boost|boost\n|-boost|p2a: Scorn|spe|1\n|upkeep\n|turn|10\n|\n|t:|1700286456\n|move|p2a: Scorn|Earthquake|p1a: Tyranitar\n|-supereffective|p1a: Tyranitar\n|-damage|p1a: Tyranitar|0 fnt\n|faint|p1a: Tyranitar\n|\n|-weather|Sandstorm|[upkeep]\n|-damage|p2a: Scorn|10\/100|[from] Sandstorm\n|-ability|p2a: Scorn|Speed Boost|boost\n|-boost|p2a: Scorn|spe|1\n|upkeep\n|\n|t:|1700286459\n|switch|p1a: Ferrothorn|Ferrothorn, M|100\/100\n|-damage|p1a: Ferrothorn|94\/100|[from] Stealth Rock\n|turn|11\n|\n|t:|1700286463\n|move|p2a: Scorn|Earthquake|p1a: Ferrothorn\n|-damage|p1a: Ferrothorn|53\/100\n|move|p1a: Ferrothorn|Iron Defense|p1a: Ferrothorn\n|-boost|p1a: Ferrothorn|def|2\n|\n|-weather|none\n|-heal|p1a: Ferrothorn|59\/100|[from] item: Leftovers\n|-ability|p2a: Scorn|Speed Boost|boost\n|-boost|p2a: Scorn|spe|1\n|upkeep\n|turn|12\n|\n|t:|1700286467\n|move|p2a: Scorn|Earthquake|p1a: Ferrothorn\n|-damage|p1a: Ferrothorn|37\/100\n|move|p1a: Ferrothorn|Iron Defense|p1a: Ferrothorn\n|-boost|p1a: Ferrothorn|def|2\n|\n|-heal|p1a: Ferrothorn|43\/100|[from] item: Leftovers\n|-ability|p2a: Scorn|Speed Boost|boost\n|-boost|p2a: Scorn|spe|1\n|upkeep\n|turn|13\n|\n|t:|1700286471\n|move|p2a: Scorn|Earthquake|p1a: Ferrothorn\n|-damage|p1a: Ferrothorn|27\/100\n|move|p1a: Ferrothorn|Leech Seed|p2a: Scorn|[miss]\n|-miss|p1a: Ferrothorn|p2a: Scorn\n|\n|-heal|p1a: Ferrothorn|33\/100|[from] item: Leftovers\n|-ability|p2a: Scorn|Speed Boost|boost\n|-boost|p2a: Scorn|spe|1\n|upkeep\n|turn|14\n|\n|t:|1700286475\n|move|p2a: Scorn|Earthquake|p1a: Ferrothorn\n|-crit|p1a: Ferrothorn\n|-damage|p1a: Ferrothorn|0 fnt\n|faint|p1a: Ferrothorn\n|\n|-ability|p2a: Scorn|Speed Boost|boost\n|-boost|p2a: Scorn|spe|1\n|upkeep\n|\n|t:|1700286482\n|switch|p1a: Charizard|Charizard, F|100\/100\n|-damage|p1a: Charizard|51\/100|[from] Stealth Rock\n|turn|15\n|\n|t:|1700286484\n|detailschange|p1a: Charizard|Charizard-Mega-Y, F\n|-mega|p1a: Charizard|Charizard|Charizardite Y\n|-weather|SunnyDay|[from] ability: Drought|[of] p1a: Charizard\n|move|p2a: Scorn|Rock Slide|p1a: Charizard\n|-supereffective|p1a: Charizard\n|-damage|p1a: Charizard|0 fnt\n|faint|p1a: Charizard\n|\n|-weather|SunnyDay|[upkeep]\n|upkeep\n|\n|t:|1700286486\n|switch|p1a: Gyarados|Gyarados, M|100\/100\n|-damage|p1a: Gyarados|76\/100|[from] Stealth Rock\n|turn|16\n|\n|t:|1700286489\n|move|p2a: Scorn|Rock Slide|p1a: Gyarados\n|-supereffective|p1a: Gyarados\n|-damage|p1a: Gyarados|0 fnt\n|faint|p1a: Gyarados\n|\n|-weather|SunnyDay|[upkeep]\n|upkeep\n|\n|t:|1700286492\n|switch|p1a: Alakazam|Alakazam, M|100\/100\n|turn|17\n|\n|t:|1700286494\n|move|p2a: Scorn|Earthquake|p1a: Alakazam\n|-damage|p1a: Alakazam|0 fnt\n|faint|p1a: Alakazam\n|\n|win|TPD Greedy Monarch\n|raw|Unsuspecting Dude's rating: 1366 &rarr; <strong>1349<\/strong><br \/>(-17 for losing)\n|raw|TPD Greedy Monarch's rating: 1427 &rarr; <strong>1444<\/strong><br \/>(+17 for winning)\n|l|\u2606Unsuspecting Dude\n","uploadtime":1700286505,"views":13,"p1id":"unsuspectingdude","p2id":"tpdgreedymonarch","formatid":"gen9nationaldex","rating":1349,"private":0,"password":""}