{"id":"gen9nationaldex-1990903542","p1":"matu 1402","p2":"DarmanitanDLuffy","format":"[Gen 9] National Dex","log":"|j|\u2606matu 1402\n|j|\u203dDarmanitanDLuffy\n|t:|1700013343\n|gametype|singles\n|player|p1|matu 1402|cheren-gen5bw2|1565\n|player|p2|DarmanitanDLuffy|lusamine-nihilego|1497\n|teamsize|p1|6\n|teamsize|p2|6\n|gen|9\n|tier|[Gen 9] National Dex\n|rated|\n|rule|HP Percentage Mod: HP is shown in percentages\n|rule|Endless Battle Clause: Forcing endless battles is banned\n|rule|OHKO Clause: OHKO moves are banned\n|rule|Evasion Clause: Evasion abilities, items, and moves are banned\n|rule|Evasion Abilities Clause: Evasion abilities are banned\n|rule|Evasion Items Clause: Evasion items are banned\n|rule|Evasion Moves Clause: Evasion moves are banned\n|rule|Species Clause: Limit one of each Pok\u00e9mon\n|rule|Sleep Clause Mod: Limit one foe put to sleep\n|clearpoke\n|poke|p1|Blacephalon|\n|poke|p1|Polteageist|\n|poke|p1|Mimikyu, F|\n|poke|p1|Corsola-Galar, F|\n|poke|p1|Shuckle, M|\n|poke|p1|Runerigus, M|\n|poke|p2|Tapu Koko|\n|poke|p2|Sneasler, M|\n|poke|p2|Cloyster, F|\n|poke|p2|Landorus-Therian, M|\n|poke|p2|Jirachi|\n|poke|p2|Dragonite, F|\n|teampreview\n|inactive|Battle timer is ON: inactive players will automatically lose when time's up. (requested by matu 1402)\n|\n|t:|1700013354\n|start\n|switch|p1a: Shuckle|Shuckle, M|100\/100\n|switch|p2a: Landorus|Landorus-Therian, M, shiny|100\/100\n|-ability|p2a: Landorus|Intimidate|boost\n|-unboost|p1a: Shuckle|atk|1\n|turn|1\n|\n|t:|1700013366\n|switch|p2a: Cloyster|Cloyster, F, shiny|100\/100\n|move|p1a: Shuckle|Sticky Web|p2a: Cloyster\n|-sidestart|p2: DarmanitanDLuffy|move: Sticky Web\n|\n|upkeep\n|turn|2\n|\n|t:|1700013371\n|move|p2a: Cloyster|Shell Smash|p2a: Cloyster\n|-unboost|p2a: Cloyster|def|1\n|-unboost|p2a: Cloyster|spd|1\n|-boost|p2a: Cloyster|atk|2\n|-boost|p2a: Cloyster|spa|2\n|-boost|p2a: Cloyster|spe|2\n|move|p1a: Shuckle|Toxic|p2a: Cloyster\n|-status|p2a: Cloyster|tox\n|\n|-damage|p2a: Cloyster|94\/100 tox|[from] psn\n|upkeep\n|turn|3\n|\n|t:|1700013379\n|move|p2a: Cloyster|Rock Blast|p1a: Shuckle|[miss]\n|-miss|p2a: Cloyster|p1a: Shuckle\n|move|p1a: Shuckle|Stealth Rock|p2a: Cloyster\n|-sidestart|p2: DarmanitanDLuffy|move: Stealth Rock\n|\n|-damage|p2a: Cloyster|82\/100 tox|[from] psn\n|upkeep\n|turn|4\n|\n|t:|1700013385\n|move|p2a: Cloyster|Rock Blast|p1a: Shuckle\n|-supereffective|p1a: Shuckle\n|-damage|p1a: Shuckle|82\/100\n|-supereffective|p1a: Shuckle\n|-damage|p1a: Shuckle|59\/100\n|-supereffective|p1a: Shuckle\n|-damage|p1a: Shuckle|40\/100\n|-supereffective|p1a: Shuckle\n|-damage|p1a: Shuckle|18\/100\n|-supereffective|p1a: Shuckle\n|-damage|p1a: Shuckle|0 fnt\n|faint|p1a: Shuckle\n|-hitcount|p1: Shuckle|5\n|\n|-damage|p2a: Cloyster|63\/100 tox|[from] psn\n|upkeep\n|\n|t:|1700013403\n|switch|p1a: Runerigus|Runerigus, M|100\/100\n|turn|5\n|\n|t:|1700013410\n|move|p2a: Cloyster|Icicle Spear|p1a: Runerigus\n|-supereffective|p1a: Runerigus\n|-damage|p1a: Runerigus|61\/100\n|-supereffective|p1a: Runerigus\n|-damage|p1a: Runerigus|25\/100\n|-supereffective|p1a: Runerigus\n|-damage|p1a: Runerigus|0 fnt\n|faint|p1a: Runerigus\n|-hitcount|p1: Runerigus|3\n|\n|-damage|p2a: Cloyster|38\/100 tox|[from] psn\n|upkeep\n|\n|t:|1700013422\n|switch|p1a: Mimikyu|Mimikyu, F, shiny|100\/100\n|turn|6\n|\n|t:|1700013425\n|move|p1a: Mimikyu|Shadow Sneak|p2a: Cloyster\n|-damage|p2a: Cloyster|17\/100 tox\n|move|p2a: Cloyster|Icicle Spear|p1a: Mimikyu\n|-activate|p1a: Mimikyu|ability: Disguise\n|-damage|p1a: Mimikyu|100\/100\n|detailschange|p1a: Mimikyu|Mimikyu-Busted, F, shiny\n|-damage|p1a: Mimikyu|88\/100|[from] pokemon: Mimikyu-Busted\n|-damage|p1a: Mimikyu|53\/100\n|-damage|p1a: Mimikyu|15\/100\n|-damage|p1a: Mimikyu|0 fnt\n|faint|p1a: Mimikyu\n|-hitcount|p1: Mimikyu|4\n|\n|-damage|p2a: Cloyster|0 fnt|[from] psn\n|faint|p2a: Cloyster\n|upkeep\n|\n|t:|1700013442\n|switch|p1a: Blacephalon|Blacephalon|100\/100\n|switch|p2a: Landorus|Landorus-Therian, M, shiny|100\/100\n|-damage|p2a: Landorus|88\/100|[from] Stealth Rock\n|-ability|p2a: Landorus|Intimidate|boost\n|-unboost|p1a: Blacephalon|atk|1\n|turn|7\n|\n|t:|1700013450\n|-terastallize|p1a: Blacephalon|Ghost\n|move|p1a: Blacephalon|Shadow Ball|p2a: Landorus\n|-damage|p2a: Landorus|9\/100\n|-unboost|p2a: Landorus|spd|1\n|move|p2a: Landorus|Stealth Rock|p1a: Blacephalon\n|-sidestart|p1: matu 1402|move: Stealth Rock\n|\n|upkeep\n|turn|8\n|\n|t:|1700013463\n|move|p1a: Blacephalon|Shadow Ball|p2a: Landorus\n|-damage|p2a: Landorus|0 fnt\n|faint|p2a: Landorus\n|-ability|p1a: Blacephalon|Beast Boost|boost\n|-boost|p1a: Blacephalon|spa|1\n|\n|upkeep\n|\n|t:|1700013469\n|switch|p2a: Dragonite|Dragonite, F, shiny|100\/100\n|-damage|p2a: Dragonite|76\/100|[from] Stealth Rock\n|turn|9\n|\n|t:|1700013474\n|-terastallize|p2a: Dragonite|Normal\n|move|p1a: Blacephalon|Shadow Ball|p2a: Dragonite\n|-immune|p2a: Dragonite\n|move|p2a: Dragonite|Earthquake|p1a: Blacephalon\n|-damage|p1a: Blacephalon|18\/100\n|\n|upkeep\n|turn|10\n|\n|t:|1700013484\n|switch|p1a: Dil2 de Pep|Corsola-Galar, F|100\/100\n|-damage|p1a: Dil2 de Pep|88\/100|[from] Stealth Rock\n|move|p2a: Dragonite|Earthquake|p1a: Dil2 de Pep\n|-damage|p1a: Dil2 de Pep|69\/100\n|-start|p2a: Dragonite|Disable|Earthquake|[from] ability: Cursed Body|[of] p1a: Dil2 de Pep\n|\n|upkeep\n|turn|11\n|\n|t:|1700013495\n|switch|p2a: Tapu Koko|Tapu Koko, shiny|100\/100\n|-activate|p2a: Tapu Koko|move: Sticky Web\n|-unboost|p2a: Tapu Koko|spe|1\n|-damage|p2a: Tapu Koko|88\/100|[from] Stealth Rock\n|-fieldstart|move: Electric Terrain|[from] ability: Electric Surge|[of] p2a: Tapu Koko\n|move|p1a: Dil2 de Pep|Night Shade|p2a: Tapu Koko\n|-damage|p2a: Tapu Koko|52\/100\n|\n|upkeep\n|turn|12\n|\n|t:|1700013505\n|move|p2a: Tapu Koko|Volt Switch|p1a: Dil2 de Pep\n|-damage|p1a: Dil2 de Pep|42\/100\n|\n|t:|1700013510\n|switch|p2a: Jirachi|Jirachi, shiny|100\/100|[from] Volt Switch\n|-activate|p2a: Jirachi|move: Sticky Web\n|-unboost|p2a: Jirachi|spe|1\n|-damage|p2a: Jirachi|94\/100|[from] Stealth Rock\n|move|p1a: Dil2 de Pep|Night Shade|p2a: Jirachi\n|-damage|p2a: Jirachi|65\/100\n|\n|upkeep\n|turn|13\n|\n|t:|1700013527\n|-zpower|p2a: Jirachi\n|move|p2a: Jirachi|Z-Happy Hour|p2a: Jirachi|[anim]Happy Hour\n|-boost|p2a: Jirachi|atk|1|[zeffect]\n|-boost|p2a: Jirachi|def|1|[zeffect]\n|-boost|p2a: Jirachi|spa|1|[zeffect]\n|-boost|p2a: Jirachi|spd|1|[zeffect]\n|-boost|p2a: Jirachi|spe|1|[zeffect]\n|move|p1a: Dil2 de Pep|Will-O-Wisp|p2a: Jirachi\n|-status|p2a: Jirachi|brn\n|\n|-damage|p2a: Jirachi|59\/100 brn|[from] brn\n|upkeep\n|turn|14\n|\n|t:|1700013537\n|move|p2a: Jirachi|Stored Power|p1a: Dil2 de Pep\n|-damage|p1a: Dil2 de Pep|0 fnt\n|faint|p1a: Dil2 de Pep\n|\n|-damage|p2a: Jirachi|53\/100 brn|[from] brn\n|upkeep\n|\n|t:|1700013542\n|switch|p1a: Blacephalon|Blacephalon, tera:Ghost|18\/100\n|-damage|p1a: Blacephalon|6\/100|[from] Stealth Rock\n|turn|15\n|\n|t:|1700013557\n|move|p1a: Blacephalon|Flamethrower|p2a: Jirachi\n|-supereffective|p2a: Jirachi\n|-damage|p2a: Jirachi|0 fnt\n|faint|p2a: Jirachi\n|-ability|p1a: Blacephalon|Beast Boost|boost\n|-boost|p1a: Blacephalon|spa|1\n|\n|-fieldend|move: Electric Terrain\n|upkeep\n|\n|t:|1700013568\n|switch|p2a: Tapu Koko|Tapu Koko, shiny|52\/100\n|-activate|p2a: Tapu Koko|move: Sticky Web\n|-unboost|p2a: Tapu Koko|spe|1\n|-damage|p2a: Tapu Koko|40\/100|[from] Stealth Rock\n|-fieldstart|move: Electric Terrain|[from] ability: Electric Surge|[of] p2a: Tapu Koko\n|turn|16\n|\n|t:|1700013574\n|move|p1a: Blacephalon|Flamethrower|p2a: Tapu Koko\n|-damage|p2a: Tapu Koko|0 fnt\n|faint|p2a: Tapu Koko\n|-ability|p1a: Blacephalon|Beast Boost|boost\n|-boost|p1a: Blacephalon|spa|1\n|\n|upkeep\n|\n|t:|1700013579\n|switch|p2a: Sneasler|Sneasler, M, shiny|100\/100\n|-activate|p2a: Sneasler|move: Sticky Web\n|-unboost|p2a: Sneasler|spe|1\n|-damage|p2a: Sneasler|95\/100|[from] Stealth Rock\n|-enditem|p2a: Sneasler|Electric Seed\n|-boost|p2a: Sneasler|def|1|[from] item: Electric Seed\n|turn|17\n|\n|t:|1700013586\n|move|p1a: Blacephalon|Flamethrower|p2a: Sneasler\n|-damage|p2a: Sneasler|0 fnt\n|faint|p2a: Sneasler\n|-ability|p1a: Blacephalon|Beast Boost|boost\n|-boost|p1a: Blacephalon|spa|1\n|\n|upkeep\n|c|\u2606matu 1402|Gg\n|inactive|DarmanitanDLuffy has 120 seconds left.\n|-message|DarmanitanDLuffy forfeited.\n|\n|win|matu 1402\n|raw|matu 1402's rating: 1565 &rarr; <strong>1581<\/strong><br \/>(+16 for winning)\n|raw|DarmanitanDLuffy's rating: 1497 &rarr; <strong>1481<\/strong><br \/>(-16 for losing)\n|l|\u203dDarmanitanDLuffy\n","uploadtime":1700013652,"views":7,"p1id":"matu1402","p2id":"darmanitandluffy","formatid":"gen9nationaldex","rating":1481,"private":0,"password":""}