{"id":"gen9nationaldex-2000014438","p1":"austinsemple","p2":"qqq668","format":"[Gen 9] National Dex","log":"|html|<div class=\"broadcast-blue\"><strong>[Gen 9] National Dex is currently suspecting Sneasler! For information on how to participate check out the <a href=\"https:\/\/www.smogon.com\/forums\/threads\/sv-national-dex-suspect-8-just-dance.3731534\/\">suspect thread<\/a>.<\/strong><\/div>\n|j|\u2606austinsemple\n|j|\u2606qqq668\n|t:|1701141315\n|gametype|singles\n|player|p1|austinsemple|blackbelt-gen4dp|1148\n|player|p2|qqq668|hilda-wonderlauncher|1209\n|teamsize|p1|6\n|teamsize|p2|6\n|gen|9\n|tier|[Gen 9] National Dex\n|rated|\n|rule|HP Percentage Mod: HP is shown in percentages\n|rule|Endless Battle Clause: Forcing endless battles is banned\n|rule|OHKO Clause: OHKO moves are banned\n|rule|Evasion Clause: Evasion abilities, items, and moves are banned\n|rule|Evasion Abilities Clause: Evasion abilities are banned\n|rule|Evasion Items Clause: Evasion items are banned\n|rule|Evasion Moves Clause: Evasion moves are banned\n|rule|Species Clause: Limit one of each Pok\u00e9mon\n|rule|Sleep Clause Mod: Limit one foe put to sleep\n|clearpoke\n|poke|p1|Iron Valiant|\n|poke|p1|Tapu Fini|\n|poke|p1|Tapu Lele|\n|poke|p1|Clefable, F|\n|poke|p1|Grimmsnarl, M|\n|poke|p1|Mawile, M|\n|poke|p2|Garganacl, M|\n|poke|p2|Sneasler, M|\n|poke|p2|Tapu Lele|\n|poke|p2|Great Tusk|\n|poke|p2|Ogerpon-Wellspring, F|\n|poke|p2|Landorus-Therian, M|\n|teampreview\n|inactive|Battle timer is ON: inactive players will automatically lose when time's up. (requested by austinsemple)\n|\n|t:|1701141329\n|start\n|switch|p1a: Tapu Lele|Tapu Lele|100\/100\n|switch|p2a: Sneasler|Sneasler, M|100\/100\n|-fieldstart|move: Psychic Terrain|[from] ability: Psychic Surge|[of] p1a: Tapu Lele\n|-enditem|p2a: Sneasler|Psychic Seed\n|-boost|p2a: Sneasler|spd|1|[from] item: Psychic Seed\n|turn|1\n|\n|t:|1701141336\n|move|p2a: Sneasler|Dire Claw|p1a: Tapu Lele\n|-supereffective|p1a: Tapu Lele\n|-damage|p1a: Tapu Lele|0 fnt\n|faint|p1a: Tapu Lele\n|\n|upkeep\n|\n|t:|1701141341\n|switch|p1a: Mawile|Mawile, M|100\/100\n|-ability|p1a: Mawile|Intimidate|boost\n|-unboost|p2a: Sneasler|atk|1\n|turn|2\n|\n|t:|1701141350\n|switch|p2a: Landorus|Landorus-Therian, M|100\/100\n|-ability|p2a: Landorus|Intimidate|boost\n|-unboost|p1a: Mawile|atk|1\n|detailschange|p1a: Mawile|Mawile-Mega, M\n|-mega|p1a: Mawile|Mawile|Mawilite\n|move|p1a: Mawile|Psychic Fangs|p2a: Landorus\n|-damage|p2a: Landorus|42\/100\n|\n|-heal|p2a: Landorus|48\/100|[from] item: Leftovers\n|upkeep\n|turn|3\n|\n|t:|1701141364\n|switch|p1a: Grimmsnarl|Grimmsnarl, M|100\/100\n|move|p2a: Landorus|Earthquake|p1a: Grimmsnarl\n|-damage|p1a: Grimmsnarl|53\/100\n|\n|-heal|p2a: Landorus|53\/100|[from] item: Leftovers\n|-heal|p1a: Grimmsnarl|59\/100|[from] item: Leftovers\n|upkeep\n|turn|4\n|\n|t:|1701141371\n|move|p1a: Grimmsnarl|Parting Shot|p2a: Landorus\n|-unboost|p2a: Landorus|atk|1\n|-unboost|p2a: Landorus|spa|1\n|\n|t:|1701141374\n|switch|p1a: Clefable|Clefable, F|100\/100|[from] Parting Shot\n|move|p2a: Landorus|Knock Off|p1a: Clefable\n|-resisted|p1a: Clefable\n|-damage|p1a: Clefable|86\/100\n|-enditem|p1a: Clefable|Flame Orb|[from] move: Knock Off|[of] p2a: Landorus\n|\n|-heal|p2a: Landorus|59\/100|[from] item: Leftovers\n|upkeep\n|turn|5\n|\n|t:|1701141386\n|move|p2a: Landorus|Stealth Rock|p1a: Clefable\n|-sidestart|p1: austinsemple|move: Stealth Rock\n|move|p1a: Clefable|Cosmic Power|p1a: Clefable\n|-boost|p1a: Clefable|def|1\n|-boost|p1a: Clefable|spd|1\n|\n|-heal|p2a: Landorus|65\/100|[from] item: Leftovers\n|-fieldend|move: Psychic Terrain\n|upkeep\n|turn|6\n|\n|t:|1701141392\n|switch|p2a: Sneasler|Sneasler, M|100\/100\n|move|p1a: Clefable|Cosmic Power|p1a: Clefable\n|-boost|p1a: Clefable|def|1\n|-boost|p1a: Clefable|spd|1\n|\n|upkeep\n|turn|7\n|\n|t:|1701141394\n|move|p2a: Sneasler|Swords Dance|p2a: Sneasler\n|-boost|p2a: Sneasler|atk|2\n|move|p1a: Clefable|Trick||[still]\n|-fail|p1a: Clefable\n|\n|upkeep\n|turn|8\n|\n|t:|1701141401\n|move|p2a: Sneasler|Dire Claw|p1a: Clefable\n|-supereffective|p1a: Clefable\n|-damage|p1a: Clefable|0 fnt\n|faint|p1a: Clefable\n|\n|upkeep\n|\n|t:|1701141408\n|switch|p1a: Iron Valiant|Iron Valiant|100\/100\n|-damage|p1a: Iron Valiant|94\/100|[from] Stealth Rock\n|-enditem|p1a: Iron Valiant|Booster Energy\n|-activate|p1a: Iron Valiant|ability: Quark Drive|[fromitem]\n|-start|p1a: Iron Valiant|quarkdrivespe\n|turn|9\n|\n|t:|1701141412\n|-terastallize|p2a: Sneasler|Flying\n|move|p1a: Iron Valiant|Psycho Cut|p2a: Sneasler\n|-damage|p2a: Sneasler|61\/100\n|move|p2a: Sneasler|Acrobatics|p1a: Iron Valiant\n|-supereffective|p1a: Iron Valiant\n|-damage|p1a: Iron Valiant|0 fnt\n|faint|p1a: Iron Valiant\n|-end|p1a: Iron Valiant|Quark Drive|[silent]\n|\n|upkeep\n|\n|t:|1701141419\n|switch|p1a: Grimmsnarl|Grimmsnarl, M|59\/100\n|-damage|p1a: Grimmsnarl|46\/100|[from] Stealth Rock\n|turn|10\n|\n|t:|1701141424\n|move|p1a: Grimmsnarl|Thunder Wave|p2a: Sneasler\n|-status|p2a: Sneasler|par\n|move|p2a: Sneasler|Swords Dance|p2a: Sneasler\n|-boost|p2a: Sneasler|atk|2\n|\n|-heal|p1a: Grimmsnarl|52\/100|[from] item: Leftovers\n|upkeep\n|turn|11\n|\n|t:|1701141429\n|move|p1a: Grimmsnarl|Parting Shot|p2a: Sneasler\n|-unboost|p2a: Sneasler|atk|1\n|-unboost|p2a: Sneasler|spa|1\n|\n|t:|1701141432\n|switch|p1a: Mawile|Mawile-Mega, M|100\/100|[from] Parting Shot\n|-damage|p1a: Mawile|95\/100|[from] Stealth Rock\n|move|p2a: Sneasler|Dire Claw|p1a: Mawile\n|-immune|p1a: Mawile\n|\n|upkeep\n|turn|12\n|\n|t:|1701141437\n|move|p2a: Sneasler|Close Combat|p1a: Mawile\n|-damage|p1a: Mawile|0 fnt\n|-unboost|p2a: Sneasler|def|1\n|-unboost|p2a: Sneasler|spd|1\n|faint|p1a: Mawile\n|\n|upkeep\n|\n|t:|1701141446\n|switch|p1a: Grimmsnarl|Grimmsnarl, M|52\/100\n|-damage|p1a: Grimmsnarl|40\/100|[from] Stealth Rock\n|turn|13\n|\n|t:|1701141452\n|move|p2a: Sneasler|Acrobatics|p1a: Grimmsnarl\n|-damage|p1a: Grimmsnarl|0 fnt\n|faint|p1a: Grimmsnarl\n|\n|upkeep\n|\n|t:|1701141454\n|switch|p1a: Tapu Fini|Tapu Fini|100\/100\n|-damage|p1a: Tapu Fini|88\/100|[from] Stealth Rock\n|-fieldstart|move: Misty Terrain|[from] ability: Misty Surge|[of] p1a: Tapu Fini\n|turn|14\n|\n|t:|1701141458\n|move|p1a: Tapu Fini|Draining Kiss|p2a: Sneasler\n|-damage|p2a: Sneasler|13\/100 par\n|-heal|p1a: Tapu Fini|100\/100|[from] drain|[of] p2a: Sneasler\n|move|p2a: Sneasler|Acrobatics|p1a: Tapu Fini\n|-damage|p1a: Tapu Fini|0 fnt\n|faint|p1a: Tapu Fini\n|\n|win|qqq668\n|raw|austinsemple's rating: 1148 &rarr; <strong>1127<\/strong><br \/>(-21 for losing)\n|raw|qqq668's rating: 1209 &rarr; <strong>1230<\/strong><br \/>(+21 for winning)\n|l|\u2606austinsemple\n","uploadtime":1701141470,"views":2,"p1id":"austinsemple","p2id":"qqq668","formatid":"gen9nationaldex","rating":1127,"private":0,"password":""}