{"id":"gen9nationaldex-1987059270","p1":"Maxer59","p2":"gulaleicyf","format":"[Gen 9] National Dex","log":"|j|\u2606Maxer59\n|j|\u2606gulaleicyf\n|t:|1699552740\n|gametype|singles\n|player|p1|Maxer59|lucas|1252\n|player|p2|gulaleicyf|169|1227\n|teamsize|p1|6\n|teamsize|p2|6\n|gen|9\n|tier|[Gen 9] National Dex\n|rated|\n|rule|HP Percentage Mod: HP is shown in percentages\n|rule|Endless Battle Clause: Forcing endless battles is banned\n|rule|OHKO Clause: OHKO moves are banned\n|rule|Evasion Clause: Evasion abilities, items, and moves are banned\n|rule|Evasion Abilities Clause: Evasion abilities are banned\n|rule|Evasion Items Clause: Evasion items are banned\n|rule|Evasion Moves Clause: Evasion moves are banned\n|rule|Species Clause: Limit one of each Pok\u00e9mon\n|rule|Sleep Clause Mod: Limit one foe put to sleep\n|clearpoke\n|poke|p1|Golisopod, M|\n|poke|p1|Heracross, F|\n|poke|p1|Galvantula, F|\n|poke|p1|Yanmega, F|\n|poke|p1|Lokix, M|\n|poke|p1|Pinsir, F|\n|poke|p2|Great Tusk|\n|poke|p2|Glimmora, F|\n|poke|p2|Rillaboom, F|\n|poke|p2|Tapu Koko|\n|poke|p2|Iron Leaves|\n|poke|p2|Alomomola, F|\n|teampreview\n|inactive|Battle timer is ON: inactive players will automatically lose when time's up. (requested by Maxer59)\n|\n|t:|1699552753\n|start\n|switch|p1a: Galvantula|Galvantula, F|100\/100\n|switch|p2a: Glimmora|Glimmora, F|100\/100\n|turn|1\n|\n|t:|1699552759\n|move|p1a: Galvantula|Thunder|p2a: Glimmora\n|-damage|p2a: Glimmora|40\/100\n|move|p2a: Glimmora|Power Gem|p1a: Galvantula\n|-supereffective|p1a: Galvantula\n|-crit|p1a: Galvantula\n|-enditem|p1a: Galvantula|Focus Sash\n|-damage|p1a: Galvantula|1\/100\n|\n|upkeep\n|turn|2\n|\n|t:|1699552766\n|switch|p2a: Great Tusk|Great Tusk|100\/100\n|move|p1a: Galvantula|Thunder|p2a: Great Tusk\n|-immune|p2a: Great Tusk\n|\n|upkeep\n|turn|3\n|\n|t:|1699552770\n|move|p1a: Galvantula|Sticky Web|p2a: Great Tusk\n|-sidestart|p2: gulaleicyf|move: Sticky Web\n|move|p2a: Great Tusk|Rapid Spin|p1a: Galvantula\n|-damage|p1a: Galvantula|0 fnt\n|-boost|p2a: Great Tusk|spe|1\n|-sideend|p2: gulaleicyf|Sticky Web|[from] move: Rapid Spin|[of] p2a: Great Tusk\n|faint|p1a: Galvantula\n|\n|upkeep\n|\n|t:|1699552785\n|switch|p1a: Yanmega|Yanmega, F|100\/100\n|turn|4\n|\n|t:|1699552799\n|move|p2a: Great Tusk|Knock Off|p1a: Yanmega\n|-damage|p1a: Yanmega|61\/100\n|-enditem|p1a: Yanmega|Assault Vest|[from] move: Knock Off|[of] p2a: Great Tusk\n|move|p1a: Yanmega|Giga Drain|p2a: Great Tusk\n|-supereffective|p2a: Great Tusk\n|-damage|p2a: Great Tusk|56\/100\n|-heal|p1a: Yanmega|87\/100|[from] drain|[of] p2a: Great Tusk\n|\n|-ability|p1a: Yanmega|Speed Boost|boost\n|-boost|p1a: Yanmega|spe|1\n|upkeep\n|turn|5\n|\n|t:|1699552817\n|-end|p2a: Great Tusk|Protosynthesis|[silent]\n|switch|p2a: Glimmora|Glimmora, F|40\/100\n|move|p1a: Yanmega|Air Slash|p2a: Glimmora\n|-resisted|p2a: Glimmora\n|-damage|p2a: Glimmora|15\/100\n|\n|-ability|p1a: Yanmega|Speed Boost|boost\n|-boost|p1a: Yanmega|spe|1\n|upkeep\n|turn|6\n|\n|t:|1699552823\n|move|p1a: Yanmega|Shadow Ball|p2a: Glimmora\n|-damage|p2a: Glimmora|0 fnt\n|faint|p2a: Glimmora\n|\n|-ability|p1a: Yanmega|Speed Boost|boost\n|-boost|p1a: Yanmega|spe|1\n|upkeep\n|\n|t:|1699552826\n|switch|p2a: Tapu Koko|Tapu Koko|100\/100\n|-fieldstart|move: Electric Terrain|[from] ability: Electric Surge|[of] p2a: Tapu Koko\n|turn|7\n|\n|t:|1699552839\n|switch|p1a: Heracross|Heracross, F|100\/100\n|move|p2a: Tapu Koko|Volt Switch|p1a: Heracross\n|-damage|p1a: Heracross|50\/100\n|\n|t:|1699552848\n|switch|p2a: Iron Leaves|Iron Leaves|100\/100|[from] Volt Switch\n|-activate|p2a: Iron Leaves|ability: Quark Drive\n|-start|p2a: Iron Leaves|quarkdriveatk\n|\n|upkeep\n|turn|8\n|\n|t:|1699552860\n|move|p2a: Iron Leaves|Psyblade|p1a: Heracross\n|-supereffective|p1a: Heracross\n|-damage|p1a: Heracross|0 fnt\n|faint|p1a: Heracross\n|-damage|p2a: Iron Leaves|91\/100|[from] item: Life Orb\n|\n|upkeep\n|\n|t:|1699552869\n|switch|p1a: Golisopod|Golisopod, M|100\/100\n|turn|9\n|\n|t:|1699552874\n|-end|p2a: Iron Leaves|Quark Drive|[silent]\n|switch|p2a: Alomomola|Alomomola, F|100\/100\n|move|p1a: Golisopod|Knock Off|p2a: Alomomola\n|-damage|p2a: Alomomola|82\/100\n|-enditem|p2a: Alomomola|Leftovers|[from] move: Knock Off|[of] p1a: Golisopod\n|\n|upkeep\n|turn|10\n|\n|t:|1699552883\n|move|p2a: Alomomola|Toxic|p1a: Golisopod\n|-status|p1a: Golisopod|tox\n|move|p1a: Golisopod|X-Scissor|p2a: Alomomola\n|-damage|p2a: Alomomola|59\/100\n|\n|-damage|p1a: Golisopod|94\/100 tox|[from] psn\n|upkeep\n|turn|11\n|\n|t:|1699552904\n|switch|p1a: Yanmega|Yanmega, F|87\/100\n|move|p2a: Alomomola|Wish|p2a: Alomomola\n|\n|-fieldend|move: Electric Terrain\n|upkeep\n|turn|12\n|\n|t:|1699552916\n|move|p1a: Yanmega|Giga Drain|p2a: Alomomola\n|-supereffective|p2a: Alomomola\n|-damage|p2a: Alomomola|0 fnt\n|-heal|p1a: Yanmega|100\/100|[from] drain|[of] p2a: Alomomola\n|faint|p2a: Alomomola\n|\n|-ability|p1a: Yanmega|Speed Boost|boost\n|-boost|p1a: Yanmega|spe|1\n|upkeep\n|\n|t:|1699552923\n|switch|p2a: Tapu Koko|Tapu Koko|100\/100\n|-fieldstart|move: Electric Terrain|[from] ability: Electric Surge|[of] p2a: Tapu Koko\n|turn|13\n|\n|t:|1699552935\n|move|p2a: Tapu Koko|Volt Switch|p1a: Yanmega\n|-supereffective|p1a: Yanmega\n|-damage|p1a: Yanmega|0 fnt\n|faint|p1a: Yanmega\n|\n|t:|1699552963\n|switch|p2a: Great Tusk|Great Tusk|56\/100|[from] Volt Switch\n|\n|upkeep\n|\n|t:|1699552978\n|switch|p1a: Pinsir|Pinsir, F|100\/100\n|-ability|p1a: Pinsir|Mold Breaker\n|turn|14\n|inactive|gulaleicyf has 120 seconds left.\n|\n|t:|1699553000\n|detailschange|p1a: Pinsir|Pinsir-Mega, F\n|-mega|p1a: Pinsir|Pinsir|Pinsirite\n|move|p1a: Pinsir|Facade|p2a: Great Tusk\n|-supereffective|p2a: Great Tusk\n|-damage|p2a: Great Tusk|0 fnt\n|faint|p2a: Great Tusk\n|-end|p2a: Great Tusk|Protosynthesis|[silent]\n|\n|upkeep\n|inactive|gulaleicyf has 120 seconds left.\n|\n|t:|1699553008\n|switch|p2a: Tapu Koko|Tapu Koko|100\/100\n|turn|15\n|inactive|gulaleicyf has 120 seconds left.\n|\n|t:|1699553022\n|switch|p1a: Golisopod|Golisopod, M|94\/100 tox\n|move|p2a: Tapu Koko|Thunderbolt|p1a: Golisopod\n|-supereffective|p1a: Golisopod\n|-damage|p1a: Golisopod|0 fnt\n|faint|p1a: Golisopod\n|\n|upkeep\n|\n|t:|1699553029\n|switch|p1a: Lokix|Lokix, M|100\/100\n|turn|16\n|\n|t:|1699553042\n|-terastallize|p2a: Tapu Koko|Electric\n|-terastallize|p1a: Lokix|Bug\n|move|p1a: Lokix|First Impression|p2a: Tapu Koko\n|-crit|p2a: Tapu Koko\n|-damage|p2a: Tapu Koko|0 fnt\n|faint|p2a: Tapu Koko\n|\n|upkeep\n|\n|t:|1699553050\n|switch|p2a: Rillaboom|Rillaboom, F|100\/100\n|-fieldstart|move: Grassy Terrain|[from] ability: Grassy Surge|[of] p2a: Rillaboom\n|turn|17\n|\n|t:|1699553062\n|move|p1a: Lokix|U-turn|p2a: Rillaboom\n|-supereffective|p2a: Rillaboom\n|-damage|p2a: Rillaboom|7\/100\n|\n|t:|1699553066\n|switch|p1a: Pinsir|Pinsir-Mega, F|100\/100|[from] U-turn\n|move|p2a: Rillaboom|U-turn|p1a: Pinsir\n|-resisted|p1a: Pinsir\n|-damage|p1a: Pinsir|81\/100\n|\n|t:|1699553070\n|switch|p2a: Iron Leaves|Iron Leaves|91\/100|[from] U-turn\n|\n|-heal|p2a: Iron Leaves|97\/100|[from] Grassy Terrain\n|upkeep\n|turn|18\n|\n|t:|1699553075\n|move|p1a: Pinsir|Quick Attack|p2a: Iron Leaves\n|-supereffective|p2a: Iron Leaves\n|-damage|p2a: Iron Leaves|16\/100\n|move|p2a: Iron Leaves|Wild Charge|p1a: Pinsir\n|-supereffective|p1a: Pinsir\n|-damage|p1a: Pinsir|0 fnt\n|faint|p1a: Pinsir\n|-damage|p2a: Iron Leaves|0 fnt|[from] Recoil\n|faint|p2a: Iron Leaves\n|-end|p2a: Iron Leaves|Quark Drive|[silent]\n|\n|upkeep\n|-message|gulaleicyf forfeited.\n|\n|win|Maxer59\n|raw|Maxer59's rating: 1252 &rarr; <strong>1275<\/strong><br \/>(+23 for winning)\n|raw|gulaleicyf's rating: 1227 &rarr; <strong>1204<\/strong><br \/>(-23 for losing)\n|l|\u2606gulaleicyf\n","uploadtime":1699553088,"views":5,"p1id":"maxer59","p2id":"gulaleicyf","formatid":"gen9nationaldex","rating":1204,"private":0,"password":""}