{"id":"gen9nationaldex-1988755716","p1":"qwer.jpg","p2":"Fallout 3 Enjoyer","format":"[Gen 9] National Dex","log":"|j|\u2606qwer.jpg\n|j|\u2606Fallout 3 Enjoyer\n|t:|1699759031\n|gametype|singles\n|player|p1|qwer.jpg|101|1183\n|player|p2|Fallout 3 Enjoyer|acetrainerf|1230\n|teamsize|p1|6\n|teamsize|p2|6\n|gen|9\n|tier|[Gen 9] National Dex\n|rated|\n|rule|HP Percentage Mod: HP is shown in percentages\n|rule|Endless Battle Clause: Forcing endless battles is banned\n|rule|OHKO Clause: OHKO moves are banned\n|rule|Evasion Clause: Evasion abilities, items, and moves are banned\n|rule|Evasion Abilities Clause: Evasion abilities are banned\n|rule|Evasion Items Clause: Evasion items are banned\n|rule|Evasion Moves Clause: Evasion moves are banned\n|rule|Species Clause: Limit one of each Pok\u00e9mon\n|rule|Sleep Clause Mod: Limit one foe put to sleep\n|clearpoke\n|poke|p1|Alomomola, M|\n|poke|p1|Clodsire, F|\n|poke|p1|Ferrothorn, F|\n|poke|p1|Gliscor, F|\n|poke|p1|Toxapex, F|\n|poke|p1|Corviknight, M|\n|poke|p2|Clodsire, F|\n|poke|p2|Bellibolt, F|\n|poke|p2|Politoed, F|\n|poke|p2|Poliwrath, M|\n|poke|p2|Swampert, F|\n|poke|p2|Toxicroak, M|\n|teampreview\n|inactive|Battle timer is ON: inactive players will automatically lose when time's up. (requested by Fallout 3 Enjoyer)\n|\n|t:|1699759041\n|start\n|switch|p1a: Ferrothorn|Ferrothorn, F|100\/100\n|switch|p2a: Wet Frog|Politoed, F, shiny|100\/100\n|-weather|RainDance|[from] ability: Drizzle|[of] p2a: Wet Frog\n|turn|1\n|\n|t:|1699759051\n|move|p2a: Wet Frog|Focus Blast|p1a: Ferrothorn\n|-supereffective|p1a: Ferrothorn\n|-damage|p1a: Ferrothorn|49\/100\n|-unboost|p1a: Ferrothorn|spd|1\n|move|p1a: Ferrothorn|Leech Seed|p2a: Wet Frog\n|-start|p2a: Wet Frog|move: Leech Seed\n|\n|-weather|RainDance|[upkeep]\n|-damage|p2a: Wet Frog|88\/100|[from] Leech Seed|[of] p1a: Ferrothorn\n|-heal|p1a: Ferrothorn|62\/100|[silent]\n|upkeep\n|turn|2\n|\n|t:|1699759063\n|switch|p1a: Clodsire|Clodsire, F|100\/100\n|move|p2a: Wet Frog|Focus Blast|p1a: Clodsire\n|-resisted|p1a: Clodsire\n|-damage|p1a: Clodsire|93\/100\n|\n|-weather|RainDance|[upkeep]\n|-heal|p1a: Clodsire|99\/100|[from] item: Leftovers\n|-damage|p2a: Wet Frog|75\/100|[from] Leech Seed|[of] p1a: Clodsire\n|-heal|p1a: Clodsire|100\/100|[silent]\n|upkeep\n|turn|3\n|\n|t:|1699759074\n|switch|p2a: Roid Frog|Swampert, F|100\/100\n|move|p1a: Clodsire|Amnesia|p1a: Clodsire\n|-boost|p1a: Clodsire|spd|2\n|\n|-weather|RainDance|[upkeep]\n|upkeep\n|turn|4\n|\n|t:|1699759084\n|switch|p1a: Alomomola|Alomomola, M|100\/100\n|detailschange|p2a: Roid Frog|Swampert-Mega, F\n|-mega|p2a: Roid Frog|Swampert|Swampertite\n|move|p2a: Roid Frog|Liquidation|p1a: Alomomola\n|-resisted|p1a: Alomomola\n|-damage|p1a: Alomomola|79\/100\n|\n|-weather|RainDance|[upkeep]\n|-heal|p1a: Alomomola|86\/100|[from] item: Leftovers\n|upkeep\n|turn|5\n|\n|t:|1699759096\n|move|p2a: Roid Frog|Flip Turn|p1a: Alomomola\n|-resisted|p1a: Alomomola\n|-damage|p1a: Alomomola|71\/100\n|\n|t:|1699759103\n|switch|p2a: Charge Frog|Bellibolt, F|100\/100|[from] Flip Turn\n|move|p1a: Alomomola|Scald|p2a: Charge Frog\n|-damage|p2a: Charge Frog|81\/100\n|-start|p2a: Charge Frog|Charge|Scald|[from] ability: Electromorphosis\n|\n|-weather|RainDance|[upkeep]\n|-heal|p1a: Alomomola|77\/100|[from] item: Leftovers\n|-heal|p2a: Charge Frog|87\/100|[from] item: Leftovers\n|upkeep\n|turn|6\n|\n|t:|1699759116\n|switch|p1a: Gliscor|Gliscor, F|100\/100\n|move|p2a: Charge Frog|Muddy Water|p1a: Gliscor\n|-supereffective|p1a: Gliscor\n|-damage|p1a: Gliscor|19\/100\n|-unboost|p1a: Gliscor|accuracy|1\n|\n|-weather|RainDance|[upkeep]\n|-heal|p2a: Charge Frog|94\/100|[from] item: Leftovers\n|-status|p1a: Gliscor|tox|[from] item: Toxic Orb\n|upkeep\n|turn|7\n|\n|t:|1699759128\n|move|p1a: Gliscor|Detect|p1a: Gliscor\n|-singleturn|p1a: Gliscor|Protect\n|move|p2a: Charge Frog|Parabolic Charge|p1a: Gliscor\n|-activate|p1a: Gliscor|move: Protect\n|-end|p2a: Charge Frog|Charge|[silent]\n|\n|-weather|RainDance|[upkeep]\n|-heal|p2a: Charge Frog|99\/100|[from] item: Leftovers\n|-heal|p1a: Gliscor|32\/100 tox|[from] ability: Poison Heal\n|upkeep\n|turn|8\n|\n|t:|1699759141\n|switch|p1a: Toxapex|Toxapex, F|100\/100\n|move|p2a: Charge Frog|Muddy Water|p1a: Toxapex\n|-resisted|p1a: Toxapex\n|-damage|p1a: Toxapex|86\/100\n|\n|-weather|none\n|-heal|p2a: Charge Frog|100\/100|[from] item: Leftovers\n|-heal|p1a: Toxapex|93\/100|[from] item: Black Sludge\n|upkeep\n|turn|9\n|\n|t:|1699759154\n|switch|p1a: Ferrothorn|Ferrothorn, F|62\/100\n|move|p2a: Charge Frog|Charge Beam|p1a: Ferrothorn\n|-resisted|p1a: Ferrothorn\n|-damage|p1a: Ferrothorn|55\/100\n|-boost|p2a: Charge Frog|spa|1\n|\n|upkeep\n|turn|10\n|\n|t:|1699759163\n|move|p2a: Charge Frog|Charge Beam|p1a: Ferrothorn\n|-resisted|p1a: Ferrothorn\n|-damage|p1a: Ferrothorn|43\/100\n|move|p1a: Ferrothorn|Toxic|p2a: Charge Frog\n|-status|p2a: Charge Frog|tox\n|\n|-damage|p2a: Charge Frog|94\/100 tox|[from] psn\n|upkeep\n|turn|11\n|\n|t:|1699759174\n|move|p2a: Charge Frog|Muddy Water|p1a: Ferrothorn\n|-resisted|p1a: Ferrothorn\n|-damage|p1a: Ferrothorn|28\/100\n|-unboost|p1a: Ferrothorn|accuracy|1\n|move|p1a: Ferrothorn|Leech Seed|p2a: Charge Frog|[miss]\n|-miss|p1a: Ferrothorn|p2a: Charge Frog\n|\n|-heal|p2a: Charge Frog|100\/100 tox|[from] item: Leftovers\n|-damage|p2a: Charge Frog|88\/100 tox|[from] psn\n|upkeep\n|turn|12\n|\n|t:|1699759186\n|switch|p1a: Clodsire|Clodsire, F|100\/100\n|move|p2a: Charge Frog|Charge Beam|p1a: Clodsire\n|-immune|p1a: Clodsire\n|\n|-heal|p2a: Charge Frog|94\/100 tox|[from] item: Leftovers\n|-damage|p2a: Charge Frog|76\/100 tox|[from] psn\n|upkeep\n|turn|13\n|\n|t:|1699759202\n|-terastallize|p1a: Clodsire|Steel\n|move|p2a: Charge Frog|Muddy Water|p1a: Clodsire\n|-immune|p1a: Clodsire|[from] ability: Water Absorb\n|move|p1a: Clodsire|Earthquake|p2a: Charge Frog\n|-supereffective|p2a: Charge Frog\n|-damage|p2a: Charge Frog|45\/100 tox\n|-start|p2a: Charge Frog|Charge|Earthquake|[from] ability: Electromorphosis\n|\n|-heal|p2a: Charge Frog|51\/100 tox|[from] item: Leftovers\n|-damage|p2a: Charge Frog|26\/100 tox|[from] psn\n|upkeep\n|turn|14\n|\n|t:|1699759216\n|move|p2a: Charge Frog|Parabolic Charge|p1a: Clodsire\n|-damage|p1a: Clodsire|62\/100\n|-heal|p2a: Charge Frog|47\/100 tox|[from] drain|[of] p1a: Clodsire\n|-end|p2a: Charge Frog|Charge|[silent]\n|move|p1a: Clodsire|Earthquake|p2a: Charge Frog\n|-supereffective|p2a: Charge Frog\n|-damage|p2a: Charge Frog|13\/100 tox\n|-start|p2a: Charge Frog|Charge|Earthquake|[from] ability: Electromorphosis\n|\n|-heal|p2a: Charge Frog|19\/100 tox|[from] item: Leftovers\n|-heal|p1a: Clodsire|68\/100|[from] item: Leftovers\n|-damage|p2a: Charge Frog|0 fnt|[from] psn\n|faint|p2a: Charge Frog\n|upkeep\n|\n|t:|1699759231\n|switch|p2a: Wet Frog|Politoed, F, shiny|75\/100\n|-weather|RainDance|[from] ability: Drizzle|[of] p2a: Wet Frog\n|turn|15\n|\n|t:|1699759240\n|switch|p2a: Dart Frog|Toxicroak, M|100\/100\n|move|p1a: Clodsire|Amnesia|p1a: Clodsire\n|-boost|p1a: Clodsire|spd|2\n|\n|-weather|RainDance|[upkeep]\n|-heal|p1a: Clodsire|75\/100|[from] item: Leftovers\n|upkeep\n|turn|16\n|\n|t:|1699759249\n|move|p2a: Dart Frog|Brick Break|p1a: Clodsire\n|-supereffective|p1a: Clodsire\n|-damage|p1a: Clodsire|0 fnt\n|faint|p1a: Clodsire\n|\n|-weather|RainDance|[upkeep]\n|upkeep\n|\n|t:|1699759260\n|switch|p1a: Gliscor|Gliscor, F|32\/100 tox\n|turn|17\n|\n|t:|1699759277\n|move|p1a: Gliscor|Detect|p1a: Gliscor\n|-singleturn|p1a: Gliscor|Protect\n|move|p2a: Dart Frog|Ice Punch|p1a: Gliscor\n|-activate|p1a: Gliscor|move: Protect\n|\n|-weather|RainDance|[upkeep]\n|-heal|p1a: Gliscor|44\/100 tox|[from] ability: Poison Heal\n|upkeep\n|turn|18\n|\n|t:|1699759286\n|switch|p1a: Ferrothorn|Ferrothorn, F|28\/100\n|move|p2a: Dart Frog|Poison Jab|p1a: Ferrothorn\n|-immune|p1a: Ferrothorn\n|\n|-weather|RainDance|[upkeep]\n|upkeep\n|turn|19\n|\n|t:|1699759298\n|switch|p1a: Corviknight|Corviknight, M|100\/100\n|-ability|p1a: Corviknight|Pressure\n|move|p2a: Dart Frog|Brick Break|p1a: Corviknight\n|-damage|p1a: Corviknight|78\/100\n|\n|-weather|RainDance|[upkeep]\n|-heal|p1a: Corviknight|84\/100|[from] item: Leftovers\n|upkeep\n|turn|20\n|\n|t:|1699759325\n|move|p2a: Dart Frog|Brick Break|p1a: Corviknight\n|-damage|p1a: Corviknight|61\/100\n|move|p1a: Corviknight|Brave Bird|p2a: Dart Frog\n|-supereffective|p2a: Dart Frog\n|-damage|p2a: Dart Frog|0 fnt\n|faint|p2a: Dart Frog\n|-damage|p1a: Corviknight|35\/100|[from] Recoil\n|\n|-weather|RainDance|[upkeep]\n|-heal|p1a: Corviknight|42\/100|[from] item: Leftovers\n|upkeep\n|\n|t:|1699759329\n|switch|p2a: Fisty Frog|Poliwrath, M|100\/100\n|turn|21\n|\n|t:|1699759345\n|move|p2a: Fisty Frog|Close Combat|p1a: Corviknight\n|-damage|p1a: Corviknight|0 fnt\n|-unboost|p2a: Fisty Frog|def|1\n|-unboost|p2a: Fisty Frog|spd|1\n|faint|p1a: Corviknight\n|\n|-weather|RainDance|[upkeep]\n|upkeep\n|\n|t:|1699759354\n|switch|p1a: Gliscor|Gliscor, F|44\/100 tox\n|turn|22\n|\n|t:|1699759361\n|switch|p2a: Chunky Frog|Clodsire, F|100\/100\n|move|p1a: Gliscor|Detect||[still]\n|-fail|p1a: Gliscor\n|\n|-weather|none\n|-heal|p1a: Gliscor|56\/100 tox|[from] ability: Poison Heal\n|upkeep\n|turn|23\n|\n|t:|1699759371\n|switch|p2a: Wet Frog|Politoed, F, shiny|75\/100\n|-weather|RainDance|[from] ability: Drizzle|[of] p2a: Wet Frog\n|move|p1a: Gliscor|Stealth Rock|p2a: Wet Frog\n|-sidestart|p2: Fallout 3 Enjoyer|move: Stealth Rock\n|\n|-weather|RainDance|[upkeep]\n|-heal|p1a: Gliscor|69\/100 tox|[from] ability: Poison Heal\n|upkeep\n|turn|24\n|\n|t:|1699759382\n|move|p1a: Gliscor|Toxic|p2a: Wet Frog\n|-status|p2a: Wet Frog|tox\n|move|p2a: Wet Frog|Earth Power|p1a: Gliscor\n|-immune|p1a: Gliscor\n|\n|-weather|RainDance|[upkeep]\n|-heal|p1a: Gliscor|81\/100 tox|[from] ability: Poison Heal\n|-damage|p2a: Wet Frog|69\/100 tox|[from] psn\n|upkeep\n|turn|25\n|\n|t:|1699759392\n|move|p1a: Gliscor|Detect|p1a: Gliscor\n|-singleturn|p1a: Gliscor|Protect\n|move|p2a: Wet Frog|Ice Beam|p1a: Gliscor\n|-activate|p1a: Gliscor|move: Protect\n|\n|-weather|RainDance|[upkeep]\n|-heal|p1a: Gliscor|94\/100 tox|[from] ability: Poison Heal\n|-damage|p2a: Wet Frog|57\/100 tox|[from] psn\n|upkeep\n|turn|26\n|\n|t:|1699759403\n|switch|p1a: Alomomola|Alomomola, M|100\/100\n|move|p2a: Wet Frog|Scald|p1a: Alomomola\n|-resisted|p1a: Alomomola\n|-damage|p1a: Alomomola|74\/100\n|\n|-weather|RainDance|[upkeep]\n|-heal|p1a: Alomomola|81\/100|[from] item: Leftovers\n|-damage|p2a: Wet Frog|38\/100 tox|[from] psn\n|upkeep\n|turn|27\n|\n|t:|1699759415\n|switch|p2a: Chunky Frog|Clodsire, F|100\/100\n|-damage|p2a: Chunky Frog|94\/100|[from] Stealth Rock\n|move|p1a: Alomomola|Knock Off|p2a: Chunky Frog\n|-damage|p2a: Chunky Frog|82\/100\n|-enditem|p2a: Chunky Frog|Black Sludge|[from] move: Knock Off|[of] p1a: Alomomola\n|\n|-weather|RainDance|[upkeep]\n|-heal|p1a: Alomomola|87\/100|[from] item: Leftovers\n|upkeep\n|turn|28\n|\n|t:|1699759430\n|move|p1a: Alomomola|Scald|p2a: Chunky Frog\n|-heal|p2a: Chunky Frog|100\/100|[from] ability: Water Absorb|[of] p1a: Alomomola\n|move|p2a: Chunky Frog|Curse|p2a: Chunky Frog\n|-unboost|p2a: Chunky Frog|spe|1\n|-boost|p2a: Chunky Frog|atk|1\n|-boost|p2a: Chunky Frog|def|1\n|\n|-weather|RainDance|[upkeep]\n|-heal|p1a: Alomomola|93\/100|[from] item: Leftovers\n|upkeep\n|turn|29\n|\n|t:|1699759443\n|move|p1a: Alomomola|Flip Turn|p2a: Chunky Frog\n|-immune|p2a: Chunky Frog|[from] ability: Water Absorb\n|move|p2a: Chunky Frog|Earthquake|p1a: Alomomola\n|-damage|p1a: Alomomola|70\/100\n|\n|-weather|RainDance|[upkeep]\n|-heal|p1a: Alomomola|77\/100|[from] item: Leftovers\n|upkeep\n|turn|30\n|\n|t:|1699759453\n|switch|p1a: Gliscor|Gliscor, F|94\/100 tox\n|move|p2a: Chunky Frog|Gunk Shot|p1a: Gliscor\n|-resisted|p1a: Gliscor\n|-damage|p1a: Gliscor|79\/100 tox\n|\n|-weather|none\n|-heal|p1a: Gliscor|92\/100 tox|[from] ability: Poison Heal\n|upkeep\n|turn|31\n|\n|t:|1699759466\n|-terastallize|p2a: Chunky Frog|Poison\n|move|p1a: Gliscor|Knock Off|p2a: Chunky Frog\n|-damage|p2a: Chunky Frog|93\/100\n|move|p2a: Chunky Frog|Curse|p2a: Chunky Frog\n|-unboost|p2a: Chunky Frog|spe|1\n|-boost|p2a: Chunky Frog|atk|1\n|-boost|p2a: Chunky Frog|def|1\n|\n|-heal|p1a: Gliscor|100\/100 tox|[from] ability: Poison Heal\n|upkeep\n|turn|32\n|\n|t:|1699759478\n|switch|p1a: Toxapex|Toxapex, F|100\/100\n|move|p2a: Chunky Frog|Curse|p2a: Chunky Frog\n|-unboost|p2a: Chunky Frog|spe|1\n|-boost|p2a: Chunky Frog|atk|1\n|-boost|p2a: Chunky Frog|def|1\n|\n|upkeep\n|turn|33\n|inactive|qwer.jpg has 120 seconds left.\n|\n|t:|1699759503\n|move|p1a: Toxapex|Baneful Bunker|p1a: Toxapex\n|-singleturn|p1a: Toxapex|move: Protect\n|move|p2a: Chunky Frog|Earthquake|p1a: Toxapex\n|-activate|p1a: Toxapex|move: Protect\n|\n|upkeep\n|turn|34\n|inactive|qwer.jpg has 120 seconds left.\n|inactive|qwer.jpg has 90 seconds left.\n|inactive|qwer.jpg has 60 seconds left.\n|inactive|qwer.jpg has 30 seconds left.\n|inactive|qwer.jpg has 20 seconds left.\n|inactive|qwer.jpg has 15 seconds left.\n|inactive|qwer.jpg has 10 seconds left.\n|inactive|qwer.jpg has 5 seconds left.\n|-message|qwer.jpg lost due to inactivity.\n|\n|win|Fallout 3 Enjoyer\n|raw|qwer.jpg's rating: 1183 &rarr; <strong>1161<\/strong><br \/>(-22 for losing)\n|raw|Fallout 3 Enjoyer's rating: 1230 &rarr; <strong>1252<\/strong><br \/>(+22 for winning)\n","uploadtime":1699759648,"views":4,"p1id":"qwerjpg","p2id":"fallout3enjoyer","formatid":"gen9nationaldex","rating":1161,"private":0,"password":""}