{"id":"gen9nationaldex-1998189780","p1":"Reivya","p2":"Dark Umbreon 08","format":"[Gen 9] National Dex","log":"|html|<div class=\"broadcast-blue\"><strong>[Gen 9] National Dex is currently suspecting Sneasler! For information on how to participate check out the <a href=\"https:\/\/www.smogon.com\/forums\/threads\/sv-national-dex-suspect-8-just-dance.3731534\/\">suspect thread<\/a>.<\/strong><\/div>\n|j|\u2606Reivya\n|j|\u2606Dark Umbreon 08\n|t:|1700909393\n|gametype|singles\n|player|p1|Reivya|clair|1036\n|player|p2|Dark Umbreon 08|lass-gen4dp|1041\n|teamsize|p1|6\n|teamsize|p2|6\n|gen|9\n|tier|[Gen 9] National Dex\n|rated|\n|rule|HP Percentage Mod: HP is shown in percentages\n|rule|Endless Battle Clause: Forcing endless battles is banned\n|rule|OHKO Clause: OHKO moves are banned\n|rule|Evasion Clause: Evasion abilities, items, and moves are banned\n|rule|Evasion Abilities Clause: Evasion abilities are banned\n|rule|Evasion Items Clause: Evasion items are banned\n|rule|Evasion Moves Clause: Evasion moves are banned\n|rule|Species Clause: Limit one of each Pok\u00e9mon\n|rule|Sleep Clause Mod: Limit one foe put to sleep\n|clearpoke\n|poke|p1|Gardevoir, F|\n|poke|p1|Lopunny, F|\n|poke|p1|Tsareena, F|\n|poke|p1|Gothitelle, F|\n|poke|p1|Ribombee, F|\n|poke|p1|Vaporeon, F|\n|poke|p2|Pikachu-Original, M|\n|poke|p2|Charizard, F|\n|poke|p2|Bulbasaur, F|\n|poke|p2|Squirtle, M|\n|poke|p2|Tauros, M|\n|poke|p2|Muk-Alola, F|\n|teampreview\n|l|\u2606Dark Umbreon 08\n|player|p2|\n|c|\u2606Reivya|good luck, have fun\n|inactive|Battle timer is ON: inactive players will automatically lose when time's up. (requested by Reivya)\n|j|\u2606Dark Umbreon 08\n|inactive|Dark Umbreon 08 reconnected and has 150 seconds left.\n|player|p2|Dark Umbreon 08|lass-gen4dp\n|inactive|Dark Umbreon 08 also wants the timer to be on.\n|\n|t:|1700909418\n|start\n|switch|p1a: Ribombee|Ribombee, F|100\/100\n|switch|p2a: Bulbasaur|Bulbasaur, F|100\/100\n|turn|1\n|\n|t:|1700909429\n|move|p1a: Ribombee|Sticky Web|p2a: Bulbasaur\n|-sidestart|p2: Dark Umbreon 08|move: Sticky Web\n|move|p2a: Bulbasaur|Substitute|p2a: Bulbasaur\n|-start|p2a: Bulbasaur|Substitute\n|-damage|p2a: Bulbasaur|76\/100\n|\n|upkeep\n|turn|2\n|\n|t:|1700909435\n|move|p1a: Ribombee|Bug Buzz|p2a: Bulbasaur\n|-damage|p2a: Bulbasaur|30\/100\n|move|p2a: Bulbasaur|Leech Seed|p1a: Ribombee\n|-start|p1a: Ribombee|move: Leech Seed\n|\n|-damage|p1a: Ribombee|88\/100|[from] Leech Seed|[of] p2a: Bulbasaur\n|-heal|p2a: Bulbasaur|41\/100|[silent]\n|upkeep\n|turn|3\n|\n|t:|1700909443\n|move|p2a: Bulbasaur|Protect|p2a: Bulbasaur\n|-singleturn|p2a: Bulbasaur|Protect\n|move|p1a: Ribombee|Bug Buzz|p2a: Bulbasaur\n|-activate|p2a: Bulbasaur|move: Protect\n|\n|-damage|p1a: Ribombee|76\/100|[from] Leech Seed|[of] p2a: Bulbasaur\n|-heal|p2a: Bulbasaur|52\/100|[silent]\n|upkeep\n|turn|4\n|\n|t:|1700909459\n|switch|p1a: Gothitelle|Gothitelle, F|100\/100\n|switch|p2a: Charizard|Charizard, F|100\/100\n|\n|upkeep\n|turn|5\n|\n|t:|1700909467\n|detailschange|p2a: Charizard|Charizard-Mega-X, F\n|-mega|p2a: Charizard|Charizard|Charizardite X\n|move|p2a: Charizard|Dragon Dance|p2a: Charizard\n|-boost|p2a: Charizard|atk|1\n|-boost|p2a: Charizard|spe|1\n|move|p1a: Gothitelle|Thunder Wave|p2a: Charizard\n|-status|p2a: Charizard|par\n|\n|upkeep\n|turn|6\n|\n|t:|1700909479\n|switch|p1a: Vaporeon|Vaporeon, F|100\/100\n|cant|p2a: Charizard|par\n|\n|upkeep\n|turn|7\n|\n|t:|1700909484\n|move|p2a: Charizard|Dragon Claw|p1a: Vaporeon\n|-damage|p1a: Vaporeon|33\/100\n|move|p1a: Vaporeon|Haze|p1a: Vaporeon\n|-clearallboost\n|\n|-heal|p1a: Vaporeon|39\/100|[from] item: Leftovers\n|upkeep\n|turn|8\n|\n|t:|1700909493\n|switch|p2a: Bulbasaur|Bulbasaur, F|52\/100\n|-activate|p2a: Bulbasaur|move: Sticky Web\n|-unboost|p2a: Bulbasaur|spe|1\n|move|p1a: Vaporeon|Wish|p1a: Vaporeon\n|\n|-heal|p1a: Vaporeon|45\/100|[from] item: Leftovers\n|upkeep\n|turn|9\n|\n|t:|1700909508\n|move|p2a: Bulbasaur|Protect|p2a: Bulbasaur\n|-singleturn|p2a: Bulbasaur|Protect\n|move|p1a: Vaporeon|Flip Turn|p2a: Bulbasaur\n|-activate|p2a: Bulbasaur|move: Protect\n|\n|-heal|p1a: Vaporeon|95\/100|[from] move: Wish|[wisher] Vaporeon\n|-heal|p1a: Vaporeon|100\/100|[from] item: Leftovers\n|upkeep\n|turn|10\n|\n|t:|1700909517\n|switch|p1a: Tsareena|Tsareena, F|100\/100\n|move|p2a: Bulbasaur|Leech Seed|p1a: Tsareena\n|-immune|p1a: Tsareena\n|\n|upkeep\n|turn|11\n|\n|t:|1700909525\n|move|p1a: Tsareena|Knock Off|p2a: Bulbasaur\n|-damage|p2a: Bulbasaur|3\/100\n|-enditem|p2a: Bulbasaur|Eviolite|[from] move: Knock Off|[of] p1a: Tsareena\n|move|p2a: Bulbasaur|Toxic|p1a: Tsareena\n|-status|p1a: Tsareena|tox\n|\n|-damage|p1a: Tsareena|94\/100 tox|[from] psn\n|upkeep\n|turn|12\n|\n|t:|1700909535\n|move|p2a: Bulbasaur|Protect|p2a: Bulbasaur\n|-singleturn|p2a: Bulbasaur|Protect\n|move|p1a: Tsareena|Rapid Spin|p2a: Bulbasaur\n|-activate|p2a: Bulbasaur|move: Protect\n|\n|-damage|p1a: Tsareena|82\/100 tox|[from] psn\n|upkeep\n|turn|13\n|\n|t:|1700909543\n|switch|p1a: Vaporeon|Vaporeon, F|100\/100\n|switch|p2a: Muk|Muk-Alola, F|100\/100\n|-activate|p2a: Muk|move: Sticky Web\n|-unboost|p2a: Muk|spe|1\n|\n|upkeep\n|turn|14\n|\n|t:|1700909551\n|move|p1a: Vaporeon|Wish|p1a: Vaporeon\n|move|p2a: Muk|Curse|p2a: Muk\n|-unboost|p2a: Muk|spe|1\n|-boost|p2a: Muk|atk|1\n|-boost|p2a: Muk|def|1\n|\n|upkeep\n|turn|15\n|\n|t:|1700909557\n|move|p1a: Vaporeon|Heal Bell|p1a: Vaporeon\n|-activate|p1a: Vaporeon|move: Heal Bell\n|-curestatus|p1: Tsareena|tox|[msg]\n|move|p2a: Muk|Curse|p2a: Muk\n|-unboost|p2a: Muk|spe|1\n|-boost|p2a: Muk|atk|1\n|-boost|p2a: Muk|def|1\n|\n|upkeep\n|turn|16\n|\n|t:|1700909564\n|move|p1a: Vaporeon|Haze|p1a: Vaporeon\n|-clearallboost\n|move|p2a: Muk|Knock Off|p1a: Vaporeon\n|-damage|p1a: Vaporeon|67\/100\n|-enditem|p1a: Vaporeon|Leftovers|[from] move: Knock Off|[of] p2a: Muk\n|\n|upkeep\n|turn|17\n|\n|t:|1700909571\n|move|p1a: Vaporeon|Wish|p1a: Vaporeon\n|move|p2a: Muk|Poison Jab|p1a: Vaporeon\n|-damage|p1a: Vaporeon|40\/100\n|\n|upkeep\n|turn|18\n|\n|t:|1700909592\n|switch|p1a: Lopunny|Lopunny, F|100\/100\n|move|p2a: Muk|Curse|p2a: Muk\n|-unboost|p2a: Muk|spe|1\n|-boost|p2a: Muk|atk|1\n|-boost|p2a: Muk|def|1\n|\n|upkeep\n|turn|19\n|\n|t:|1700909601\n|detailschange|p1a: Lopunny|Lopunny-Mega, F\n|-mega|p1a: Lopunny|Lopunny|Lopunnite\n|move|p1a: Lopunny|Encore|p2a: Muk\n|-start|p2a: Muk|Encore\n|move|p2a: Muk|Curse|p2a: Muk\n|-unboost|p2a: Muk|spe|1\n|-boost|p2a: Muk|atk|1\n|-boost|p2a: Muk|def|1\n|\n|upkeep\n|turn|20\n|\n|t:|1700909610\n|switch|p1a: Gothitelle|Gothitelle, F|100\/100\n|move|p2a: Muk|Curse|p2a: Muk\n|-unboost|p2a: Muk|spe|1\n|-boost|p2a: Muk|atk|1\n|-boost|p2a: Muk|def|1\n|\n|upkeep\n|turn|21\n|\n|t:|1700909617\n|move|p1a: Gothitelle|Thunder Wave|p2a: Muk\n|-status|p2a: Muk|par\n|move|p2a: Muk|Curse|p2a: Muk\n|-unboost|p2a: Muk|spe|1\n|-boost|p2a: Muk|atk|1\n|-boost|p2a: Muk|def|1\n|\n|-end|p2a: Muk|Encore\n|upkeep\n|turn|22\n|\n|t:|1700909630\n|switch|p1a: Vaporeon|Vaporeon, F|40\/100\n|cant|p2a: Muk|par\n|\n|upkeep\n|turn|23\n|\n|t:|1700909638\n|switch|p2a: Pikachu|Pikachu-Original, M|100\/100\n|-activate|p2a: Pikachu|move: Sticky Web\n|-unboost|p2a: Pikachu|spe|1\n|move|p1a: Vaporeon|Haze|p1a: Vaporeon\n|-clearallboost\n|\n|upkeep\n|turn|24\n|\n|t:|1700909658\n|switch|p1a: Gardevoir|Gardevoir, F|100\/100\n|move|p2a: Pikachu|Thunderbolt|p1a: Gardevoir\n|-damage|p1a: Gardevoir|81\/100\n|\n|upkeep\n|turn|25\n|\n|t:|1700909672\n|switch|p2a: Muk|Muk-Alola, F|100\/100 par\n|-activate|p2a: Muk|move: Sticky Web\n|-unboost|p2a: Muk|spe|1\n|move|p1a: Gardevoir|Calm Mind|p1a: Gardevoir\n|-boost|p1a: Gardevoir|spa|1\n|-boost|p1a: Gardevoir|spd|1\n|\n|upkeep\n|turn|26\n|\n|t:|1700909684\n|-terastallize|p1a: Gardevoir|Electric\n|move|p1a: Gardevoir|Draining Kiss|p2a: Muk\n|-damage|p2a: Muk|67\/100 par\n|-heal|p1a: Gardevoir|100\/100|[from] drain|[of] p2a: Muk\n|move|p2a: Muk|Poison Jab||[still]\n|-damage|p1a: Gardevoir|37\/100\n|-status|p1a: Gardevoir|psn\n|-activate|p1a: Gardevoir|ability: Synchronize\n|-fail|p1a: Gardevoir\n|\n|-heal|p2a: Muk|73\/100 par|[from] item: Leftovers\n|-damage|p1a: Gardevoir|24\/100 psn|[from] psn\n|upkeep\n|-enditem|p1a: Gardevoir|Salac Berry|[eat]\n|-boost|p1a: Gardevoir|spe|1|[from] item: Salac Berry\n|turn|27\n|\n|t:|1700909700\n|move|p1a: Gardevoir|Thunderbolt|p2a: Muk\n|-damage|p2a: Muk|14\/100 par\n|move|p2a: Muk|Poison Jab|p1a: Gardevoir\n|-damage|p1a: Gardevoir|0 fnt\n|faint|p1a: Gardevoir\n|\n|-heal|p2a: Muk|20\/100 par|[from] item: Leftovers\n|upkeep\n|\n|t:|1700909709\n|switch|p1a: Lopunny|Lopunny-Mega, F|100\/100\n|turn|28\n|\n|t:|1700909725\n|switch|p2a: Bulbasaur|Bulbasaur, F|3\/100\n|-activate|p2a: Bulbasaur|move: Sticky Web\n|-unboost|p2a: Bulbasaur|spe|1\n|move|p1a: Lopunny|Drain Punch|p2a: Bulbasaur\n|-resisted|p2a: Bulbasaur\n|-damage|p2a: Bulbasaur|0 fnt\n|faint|p2a: Bulbasaur\n|\n|upkeep\n|\n|t:|1700909728\n|switch|p2a: Squirtle|Squirtle, M|100\/100\n|-activate|p2a: Squirtle|move: Sticky Web\n|-unboost|p2a: Squirtle|spe|1\n|turn|29\n|\n|t:|1700909738\n|move|p1a: Lopunny|Power-Up Punch|p2a: Squirtle\n|-damage|p2a: Squirtle|63\/100\n|-boost|p1a: Lopunny|atk|1\n|move|p2a: Squirtle|Counter|p1a: Lopunny\n|-damage|p1a: Lopunny|20\/100\n|\n|upkeep\n|turn|30\n|\n|t:|1700909745\n|-terastallize|p2a: Squirtle|Water\n|move|p2a: Squirtle|Aqua Jet|p1a: Lopunny\n|-damage|p1a: Lopunny|0 fnt\n|faint|p1a: Lopunny\n|\n|upkeep\n|\n|t:|1700909753\n|switch|p1a: Vaporeon|Vaporeon, F|40\/100\n|turn|31\n|\n|t:|1700909756\n|switch|p2a: Pikachu|Pikachu-Original, M|100\/100\n|-activate|p2a: Pikachu|move: Sticky Web\n|-unboost|p2a: Pikachu|spe|1\n|move|p1a: Vaporeon|Wish|p1a: Vaporeon\n|\n|upkeep\n|turn|32\n|\n|t:|1700909764\n|switch|p1a: Tsareena|Tsareena, F|82\/100\n|-zpower|p2a: Pikachu\n|move|p2a: Pikachu|10,000,000 Volt Thunderbolt|p1a: Tsareena|[zeffect]\n|-resisted|p1a: Tsareena\n|-damage|p1a: Tsareena|64\/100\n|\n|-heal|p1a: Tsareena|100\/100|[from] move: Wish|[wisher] Vaporeon\n|upkeep\n|turn|33\n|\n|t:|1700909775\n|switch|p2a: Charizard|Charizard-Mega-X, F|100\/100 par\n|-activate|p2a: Charizard|move: Sticky Web\n|-unboost|p2a: Charizard|spe|1\n|move|p1a: Tsareena|Knock Off|p2a: Charizard\n|-damage|p2a: Charizard|75\/100 par\n|\n|upkeep\n|turn|34\n|\n|t:|1700909787\n|move|p1a: Tsareena|Taunt|p2a: Charizard\n|-start|p2a: Charizard|move: Taunt\n|move|p2a: Charizard|Fire Punch|p1a: Tsareena\n|-supereffective|p1a: Tsareena\n|-damage|p1a: Tsareena|0 fnt\n|faint|p1a: Tsareena\n|\n|upkeep\n|\n|t:|1700909798\n|switch|p1a: Gothitelle|Gothitelle, F|100\/100\n|turn|35\n|\n|t:|1700909804\n|move|p1a: Gothitelle|Calm Mind|p1a: Gothitelle\n|-boost|p1a: Gothitelle|spa|1\n|-boost|p1a: Gothitelle|spd|1\n|cant|p2a: Charizard|par\n|\n|upkeep\n|turn|36\n|\n|t:|1700909810\n|move|p1a: Gothitelle|Calm Mind|p1a: Gothitelle\n|-boost|p1a: Gothitelle|spa|1\n|-boost|p1a: Gothitelle|spd|1\n|cant|p2a: Charizard|par\n|\n|-end|p2a: Charizard|move: Taunt\n|upkeep\n|turn|37\n|\n|t:|1700909835\n|switch|p2a: Muk|Muk-Alola, F|20\/100 par\n|-activate|p2a: Muk|move: Sticky Web\n|-unboost|p2a: Muk|spe|1\n|move|p1a: Gothitelle|Stored Power|p2a: Muk\n|-immune|p2a: Muk\n|\n|-heal|p2a: Muk|26\/100 par|[from] item: Leftovers\n|upkeep\n|turn|38\n|inactive|Reivya has 120 seconds left.\n|\n|t:|1700909859\n|switch|p1a: Ribombee|Ribombee, F|76\/100\n|cant|p2a: Muk|par\n|\n|-heal|p2a: Muk|32\/100 par|[from] item: Leftovers\n|upkeep\n|turn|39\n|inactive|Reivya has 120 seconds left.\n|\n|t:|1700909871\n|switch|p2a: Tauros|Tauros, M|100\/100\n|-activate|p2a: Tauros|move: Sticky Web\n|-unboost|p2a: Tauros|spe|1\n|move|p1a: Ribombee|Bug Buzz|p2a: Tauros\n|-damage|p2a: Tauros|43\/100\n|-unboost|p2a: Tauros|spd|1\n|\n|upkeep\n|turn|40\n|inactive|Reivya has 120 seconds left.\n|\n|t:|1700909880\n|move|p1a: Ribombee|Bug Buzz|p2a: Tauros\n|-damage|p2a: Tauros|0 fnt\n|faint|p2a: Tauros\n|\n|upkeep\n|\n|t:|1700909890\n|switch|p2a: Charizard|Charizard-Mega-X, F|75\/100 par\n|-activate|p2a: Charizard|move: Sticky Web\n|-unboost|p2a: Charizard|spe|1\n|turn|41\n|\n|t:|1700909899\n|move|p1a: Ribombee|Skill Swap|p2a: Charizard\n|-activate|p1a: Ribombee|move: Skill Swap|Tough Claws|Honey Gather|[of] p2a: Charizard\n|move|p2a: Charizard|Fire Punch|p1a: Ribombee\n|-supereffective|p1a: Ribombee\n|-damage|p1a: Ribombee|0 fnt\n|faint|p1a: Ribombee\n|\n|upkeep\n|\n|t:|1700909909\n|switch|p1a: Gothitelle|Gothitelle, F|100\/100\n|turn|42\n|\n|t:|1700909915\n|switch|p1a: Vaporeon|Vaporeon, F|40\/100\n|move|p2a: Charizard|Dragon Dance|p2a: Charizard\n|-boost|p2a: Charizard|atk|1\n|-boost|p2a: Charizard|spe|1\n|\n|upkeep\n|turn|43\n|\n|t:|1700909921\n|move|p1a: Vaporeon|Wish|p1a: Vaporeon\n|move|p2a: Charizard|Dragon Claw|p1a: Vaporeon\n|-damage|p1a: Vaporeon|0 fnt\n|faint|p1a: Vaporeon\n|\n|upkeep\n|\n|t:|1700909926\n|switch|p1a: Gothitelle|Gothitelle, F|100\/100\n|turn|44\n|\n|t:|1700909930\n|move|p1a: Gothitelle|Calm Mind|p1a: Gothitelle\n|-boost|p1a: Gothitelle|spa|1\n|-boost|p1a: Gothitelle|spd|1\n|move|p2a: Charizard|Fire Punch|p1a: Gothitelle\n|-damage|p1a: Gothitelle|36\/100\n|\n|-heal|p1a: Gothitelle|100\/100|[from] move: Wish|[wisher] Vaporeon\n|upkeep\n|turn|45\n|\n|t:|1700909954\n|move|p1a: Gothitelle|Stored Power|p2a: Charizard\n|-damage|p2a: Charizard|20\/100 par\n|cant|p2a: Charizard|par\n|\n|upkeep\n|turn|46\n|inactive|Reivya has 120 seconds left.\n|\n|t:|1700909976\n|switch|p2a: Muk|Muk-Alola, F|32\/100 par\n|-activate|p2a: Muk|move: Sticky Web\n|-unboost|p2a: Muk|spe|1\n|move|p1a: Gothitelle|Stored Power|p2a: Muk\n|-immune|p2a: Muk\n|\n|-heal|p2a: Muk|38\/100 par|[from] item: Leftovers\n|upkeep\n|turn|47\n|inactive|Reivya has 120 seconds left.\n|\n|t:|1700910009\n|move|p1a: Gothitelle|Stored Power|p2a: Muk\n|-immune|p2a: Muk\n|move|p2a: Muk|Knock Off|p1a: Gothitelle\n|-supereffective|p1a: Gothitelle\n|-damage|p1a: Gothitelle|0 fnt\n|-enditem|p1a: Gothitelle|Leftovers|[from] move: Knock Off|[of] p2a: Muk\n|faint|p1a: Gothitelle\n|\n|win|Dark Umbreon 08\n|raw|Reivya's rating: 1036 &rarr; <strong>1021<\/strong><br \/>(-15 for losing)\n|raw|Dark Umbreon 08's rating: 1041 &rarr; <strong>1074<\/strong><br \/>(+33 for winning)\n|l|\u2606Reivya\n|c|\u2606Dark Umbreon 08|Gg\n","uploadtime":1700910030,"views":0,"p1id":"reivya","p2id":"darkumbreon08","formatid":"gen9nationaldex","rating":1021,"private":0,"password":""}