{"id":"gen9nationaldex-1990385195","p1":"sh56","p2":"sudatea","format":"[Gen 9] National Dex","log":"|j|\u2606sh56\n|j|\u2606sudatea\n|t:|1699965261\n|gametype|singles\n|player|p1|sh56|169|1205\n|player|p2|sudatea|harlequin|1211\n|teamsize|p1|6\n|teamsize|p2|6\n|gen|9\n|tier|[Gen 9] National Dex\n|rated|\n|rule|HP Percentage Mod: HP is shown in percentages\n|rule|Endless Battle Clause: Forcing endless battles is banned\n|rule|OHKO Clause: OHKO moves are banned\n|rule|Evasion Clause: Evasion abilities, items, and moves are banned\n|rule|Evasion Abilities Clause: Evasion abilities are banned\n|rule|Evasion Items Clause: Evasion items are banned\n|rule|Evasion Moves Clause: Evasion moves are banned\n|rule|Species Clause: Limit one of each Pok\u00e9mon\n|rule|Sleep Clause Mod: Limit one foe put to sleep\n|clearpoke\n|poke|p1|Cinccino, M|\n|poke|p1|Sylveon, F|\n|poke|p1|Serperior, M|\n|poke|p1|Zamazenta-*|\n|poke|p1|Iron Valiant|\n|poke|p1|Absol, F|\n|poke|p2|Venusaur, M|\n|poke|p2|Urshifu-*, F|\n|poke|p2|Pelipper, M|\n|poke|p2|Rillaboom, F|\n|poke|p2|Greninja-*, M|\n|poke|p2|Gliscor, F|\n|teampreview\n|inactive|Battle timer is ON: inactive players will automatically lose when time's up. (requested by sudatea)\n|\n|t:|1699965276\n|start\n|switch|p1a: Cinccino|Cinccino, M|100\/100\n|switch|p2a: Venusaur|Venusaur, M|100\/100\n|turn|1\n|\n|t:|1699965283\n|detailschange|p2a: Venusaur|Venusaur-Mega, M\n|-mega|p2a: Venusaur|Venusaur|Venusaurite\n|move|p1a: Cinccino|Tail Slap|p2a: Venusaur\n|-damage|p2a: Venusaur|87\/100\n|-damage|p2a: Venusaur|75\/100\n|-damage|p2a: Venusaur|62\/100\n|-damage|p2a: Venusaur|49\/100\n|-damage|p2a: Venusaur|37\/100\n|-hitcount|p2a: Venusaur|5\n|move|p2a: Venusaur|Sludge Bomb|p1a: Cinccino\n|-damage|p1a: Cinccino|20\/100\n|\n|upkeep\n|turn|2\n|\n|t:|1699965297\n|switch|p2a: Pelipper|Pelipper, M|100\/100\n|-weather|RainDance|[from] ability: Drizzle|[of] p2a: Pelipper\n|move|p1a: Cinccino|Tail Slap|p2a: Pelipper|[miss]\n|-miss|p1a: Cinccino|p2a: Pelipper\n|\n|-weather|RainDance|[upkeep]\n|upkeep\n|turn|3\n|\n|t:|1699965307\n|switch|p1a: Sylveon|Sylveon, F|100\/100\n|move|p2a: Pelipper|Scald|p1a: Sylveon\n|-damage|p1a: Sylveon|71\/100\n|\n|-weather|RainDance|[upkeep]\n|upkeep\n|turn|4\n|\n|t:|1699965310\n|move|p2a: Pelipper|U-turn|p1a: Sylveon\n|-resisted|p1a: Sylveon\n|-damage|p1a: Sylveon|66\/100\n|\n|t:|1699965323\n|switch|p2a: Gliscor|Gliscor, F|100\/100|[from] U-turn\n|move|p1a: Sylveon|Hyper Voice|p2a: Gliscor\n|-damage|p2a: Gliscor|48\/100\n|\n|-weather|RainDance|[upkeep]\n|-status|p2a: Gliscor|tox|[from] item: Toxic Orb\n|upkeep\n|turn|5\n|\n|t:|1699965339\n|move|p2a: Gliscor|Roost|p2a: Gliscor\n|-heal|p2a: Gliscor|98\/100 tox\n|-singleturn|p2a: Gliscor|move: Roost\n|move|p1a: Sylveon|Hyper Voice|p2a: Gliscor\n|-damage|p2a: Gliscor|45\/100 tox\n|\n|-weather|RainDance|[upkeep]\n|-heal|p2a: Gliscor|58\/100 tox|[from] ability: Poison Heal\n|upkeep\n|turn|6\n|\n|t:|1699965361\n|move|p2a: Gliscor|Earthquake|p1a: Sylveon\n|-damage|p1a: Sylveon|25\/100\n|move|p1a: Sylveon|Hyper Voice|p2a: Gliscor\n|-damage|p2a: Gliscor|2\/100 tox\n|\n|-weather|RainDance|[upkeep]\n|-heal|p2a: Gliscor|15\/100 tox|[from] ability: Poison Heal\n|upkeep\n|turn|7\n|\n|t:|1699965370\n|switch|p1a: Serperior|Serperior, M|100\/100\n|move|p2a: Gliscor|Roost|p2a: Gliscor\n|-heal|p2a: Gliscor|65\/100 tox\n|-singleturn|p2a: Gliscor|move: Roost\n|\n|-weather|RainDance|[upkeep]\n|-heal|p2a: Gliscor|77\/100 tox|[from] ability: Poison Heal\n|upkeep\n|turn|8\n|\n|t:|1699965379\n|switch|p2a: Venusaur|Venusaur-Mega, M|37\/100\n|move|p1a: Serperior|Leaf Storm|p2a: Venusaur\n|-resisted|p2a: Venusaur\n|-damage|p2a: Venusaur|27\/100\n|-boost|p1a: Serperior|spa|2\n|\n|-weather|RainDance|[upkeep]\n|upkeep\n|turn|9\n|\n|t:|1699965385\n|switch|p1a: Sylveon|Sylveon, F|25\/100\n|move|p2a: Venusaur|Sludge Bomb|p1a: Sylveon\n|-supereffective|p1a: Sylveon\n|-damage|p1a: Sylveon|0 fnt\n|faint|p1a: Sylveon\n|\n|-weather|none\n|upkeep\n|\n|t:|1699965393\n|switch|p1a: Cinccino|Cinccino, M|20\/100\n|turn|10\n|\n|t:|1699965401\n|switch|p2a: Pelipper|Pelipper, M|100\/100\n|-weather|RainDance|[from] ability: Drizzle|[of] p2a: Pelipper\n|move|p1a: Cinccino|Tail Slap|p2a: Pelipper\n|-damage|p2a: Pelipper|88\/100\n|-damage|p2a: Pelipper|77\/100\n|-crit|p2a: Pelipper\n|-damage|p2a: Pelipper|57\/100\n|-damage|p2a: Pelipper|44\/100\n|-damage|p2a: Pelipper|32\/100\n|-hitcount|p2a: Pelipper|5\n|\n|-weather|RainDance|[upkeep]\n|upkeep\n|turn|11\n|\n|t:|1699965412\n|move|p1a: Cinccino|Tail Slap|p2a: Pelipper\n|-damage|p2a: Pelipper|19\/100\n|-damage|p2a: Pelipper|8\/100\n|-damage|p2a: Pelipper|0 fnt\n|faint|p2a: Pelipper\n|-hitcount|p2: Pelipper|3\n|\n|-weather|RainDance|[upkeep]\n|upkeep\n|\n|t:|1699965416\n|switch|p2a: Greninja|Greninja, M|100\/100\n|turn|12\n|\n|t:|1699965430\n|switch|p1a: Serperior|Serperior, M|100\/100\n|move|p2a: Greninja|Water Shuriken|p1a: Serperior\n|-resisted|p1a: Serperior\n|-damage|p1a: Serperior|93\/100\n|-resisted|p1a: Serperior\n|-damage|p1a: Serperior|85\/100\n|-resisted|p1a: Serperior\n|-damage|p1a: Serperior|77\/100\n|-hitcount|p1a: Serperior|3\n|-damage|p2a: Greninja|91\/100|[from] item: Life Orb\n|\n|-weather|RainDance|[upkeep]\n|upkeep\n|turn|13\n|\n|t:|1699965439\n|switch|p2a: Rillaboom|Rillaboom, F|100\/100\n|-fieldstart|move: Grassy Terrain|[from] ability: Grassy Surge|[of] p2a: Rillaboom\n|move|p1a: Serperior|Giga Drain|p2a: Rillaboom\n|-resisted|p2a: Rillaboom\n|-damage|p2a: Rillaboom|77\/100\n|-heal|p1a: Serperior|91\/100|[from] drain|[of] p2a: Rillaboom\n|\n|-weather|RainDance|[upkeep]\n|-heal|p1a: Serperior|97\/100|[from] Grassy Terrain\n|-heal|p2a: Rillaboom|83\/100|[from] Grassy Terrain\n|upkeep\n|turn|14\n|\n|t:|1699965456\n|switch|p1a: Cinccino|Cinccino, M|20\/100\n|move|p2a: Rillaboom|Knock Off|p1a: Cinccino\n|-damage|p1a: Cinccino|0 fnt\n|-enditem|p1a: Cinccino|Choice Band|[from] move: Knock Off|[of] p2a: Rillaboom\n|faint|p1a: Cinccino\n|\n|-weather|RainDance|[upkeep]\n|-heal|p2a: Rillaboom|90\/100|[from] Grassy Terrain\n|upkeep\n|l|\u2606sh56\n|inactive|sh56 disconnected and has a minute to reconnect!\n|player|p1|\n|inactive|sh56 has 30 seconds to reconnect!\n|inactive|sh56 has 20 seconds to reconnect!\n|inactive|sh56 has 15 seconds to reconnect!\n|inactive|sh56 has 10 seconds to reconnect!\n|inactive|sh56 has 5 seconds to reconnect!\n|-message|sh56 lost due to inactivity.\n|\n|win|sudatea\n|raw|sh56's rating: 1205 &rarr; <strong>1180<\/strong><br \/>(-25 for losing)\n|raw|sudatea's rating: 1211 &rarr; <strong>1236<\/strong><br \/>(+25 for winning)\n","uploadtime":1699965519,"views":4,"p1id":"sh56","p2id":"sudatea","formatid":"gen9nationaldex","rating":1180,"private":0,"password":""}