{"id":"gen9nationaldex-2000571025","p1":"alucard backwards","p2":"caglicious","format":"[Gen 9] National Dex","log":"|html|<div class=\"broadcast-blue\"><strong>[Gen 9] National Dex is currently suspecting Sneasler! For information on how to participate check out the <a href=\"https:\/\/www.smogon.com\/forums\/threads\/sv-national-dex-suspect-8-just-dance.3731534\/\">suspect thread<\/a>.<\/strong><\/div>\n|j|\u2606alucard backwards\n|j|\u2606caglicious\n|t:|1701206384\n|gametype|singles\n|player|p1|alucard backwards|1|1015\n|player|p2|caglicious|hugh|1054\n|teamsize|p1|6\n|teamsize|p2|6\n|gen|9\n|tier|[Gen 9] National Dex\n|rated|\n|rule|HP Percentage Mod: HP is shown in percentages\n|rule|Endless Battle Clause: Forcing endless battles is banned\n|rule|OHKO Clause: OHKO moves are banned\n|rule|Evasion Clause: Evasion abilities, items, and moves are banned\n|rule|Evasion Abilities Clause: Evasion abilities are banned\n|rule|Evasion Items Clause: Evasion items are banned\n|rule|Evasion Moves Clause: Evasion moves are banned\n|rule|Species Clause: Limit one of each Pok\u00e9mon\n|rule|Sleep Clause Mod: Limit one foe put to sleep\n|clearpoke\n|poke|p1|Tyranitar, F|\n|poke|p1|Mienshao, F|\n|poke|p1|Tornadus-Therian, M|\n|poke|p1|Rotom-Wash|\n|poke|p1|Slowking-Galar, F|\n|poke|p1|Okidogi, M|\n|poke|p2|Toxtricity, M|\n|poke|p2|Nidoqueen, F|\n|poke|p2|Sceptile, M|\n|poke|p2|Reuniclus, M|\n|poke|p2|Tauros-Paldea-Aqua, M|\n|poke|p2|Crobat, F|\n|teampreview\n|\n|t:|1701206394\n|start\n|switch|p1a: Rotom|Rotom-Wash, shiny|100\/100\n|switch|p2a: Tauros|Tauros-Paldea-Aqua, M, shiny|100\/100\n|-ability|p2a: Tauros|Intimidate|boost\n|-unboost|p1a: Rotom|atk|1\n|turn|1\n|\n|t:|1701206403\n|move|p1a: Rotom|Will-O-Wisp|p2a: Tauros\n|-status|p2a: Tauros|brn\n|move|p2a: Tauros|Earthquake|p1a: Rotom\n|-immune|p1a: Rotom|[from] ability: Levitate\n|\n|-damage|p2a: Tauros|94\/100 brn|[from] brn\n|upkeep\n|turn|2\n|\n|t:|1701206420\n|switch|p1a: Tornadus|Tornadus-Therian, M, shiny|100\/100\n|switch|p2a: Nidoqueen|Nidoqueen, F|100\/100\n|\n|upkeep\n|turn|3\n|\n|t:|1701206429\n|move|p1a: Tornadus|Knock Off|p2a: Nidoqueen\n|-damage|p2a: Nidoqueen|81\/100\n|-enditem|p2a: Nidoqueen|Assault Vest|[from] move: Knock Off|[of] p1a: Tornadus\n|move|p2a: Nidoqueen|Poison Fang|p1a: Tornadus\n|-damage|p1a: Tornadus|76\/100\n|-status|p1a: Tornadus|tox\n|-damage|p2a: Nidoqueen|65\/100|[from] item: Rocky Helmet|[of] p1a: Tornadus\n|\n|-damage|p1a: Tornadus|70\/100 tox|[from] psn\n|upkeep\n|turn|4\n|\n|t:|1701206440\n|switch|p2a: Toxtricity|Toxtricity, M, shiny|100\/100\n|move|p1a: Tornadus|U-turn|p2a: Toxtricity\n|-resisted|p2a: Toxtricity\n|-damage|p2a: Toxtricity|92\/100\n|-damage|p1a: Tornadus|54\/100 tox|[from] item: Rocky Helmet|[of] p2a: Toxtricity\n|\n|t:|1701206452\n|switch|p1a: Slowking|Slowking-Galar, F, shiny|100\/100|[from] U-turn\n|\n|upkeep\n|turn|5\n|\n|t:|1701206461\n|move|p2a: Toxtricity|Shock Wave|p1a: Slowking\n|-damage|p1a: Slowking|81\/100\n|move|p1a: Slowking|Future Sight|p2a: Toxtricity\n|-start|p1a: Slowking|move: Future Sight\n|\n|upkeep\n|turn|6\n|\n|t:|1701206468\n|move|p2a: Toxtricity|Nuzzle|p1a: Slowking\n|-damage|p1a: Slowking|72\/100\n|-status|p1a: Slowking|par\n|move|p1a: Slowking|Chilly Reception|p1a: Slowking\n|-weather|Snow\n|\n|t:|1701206475\n|switch|p1a: Tornadus|Tornadus-Therian, M, shiny|87\/100 tox|[from] Chilly Reception\n|\n|-weather|Snow|[upkeep]\n|-damage|p1a: Tornadus|81\/100 tox|[from] psn\n|upkeep\n|turn|7\n|\n|t:|1701206485\n|move|p1a: Tornadus|U-turn|p2a: Toxtricity\n|-resisted|p2a: Toxtricity\n|-damage|p2a: Toxtricity|83\/100\n|-damage|p1a: Tornadus|64\/100 tox|[from] item: Rocky Helmet|[of] p2a: Toxtricity\n|\n|t:|1701206490\n|switch|p1a: Slowking|Slowking-Galar, F, shiny|100\/100 par|[from] U-turn\n|move|p2a: Toxtricity|Shock Wave|p1a: Slowking\n|-damage|p1a: Slowking|79\/100 par\n|\n|-weather|Snow|[upkeep]\n|-end|p2a: Toxtricity|move: Future Sight\n|-supereffective|p2a: Toxtricity\n|-damage|p2a: Toxtricity|0 fnt\n|faint|p2a: Toxtricity\n|upkeep\n|\n|t:|1701206501\n|switch|p2a: Crobat|Crobat, F, shiny|100\/100\n|turn|8\n|\n|t:|1701206514\n|-terastallize|p2a: Crobat|Poison\n|move|p2a: Crobat|Heat Wave|p1a: Slowking\n|-damage|p1a: Slowking|68\/100 par\n|move|p1a: Slowking|Future Sight|p2a: Crobat\n|-start|p1a: Slowking|move: Future Sight\n|\n|-weather|Snow|[upkeep]\n|upkeep\n|turn|9\n|\n|t:|1701206524\n|switch|p2a: Reuniclus|Reuniclus, M, shiny|100\/100\n|move|p1a: Slowking|Thunder Wave|p2a: Reuniclus\n|-status|p2a: Reuniclus|par\n|\n|-weather|Snow|[upkeep]\n|upkeep\n|turn|10\n|\n|t:|1701206534\n|move|p2a: Reuniclus|Protect|p2a: Reuniclus\n|-singleturn|p2a: Reuniclus|Protect\n|move|p1a: Slowking|Chilly Reception|p1a: Slowking\n|\n|t:|1701206540\n|switch|p1a: Tyranitar|Tyranitar, F, shiny|100\/100|[from] Chilly Reception\n|-weather|Sandstorm|[from] ability: Sand Stream|[of] p1a: Tyranitar\n|\n|-weather|Sandstorm|[upkeep]\n|-damage|p2a: Reuniclus|94\/100 par|[from] Sandstorm\n|-end|p2a: Reuniclus|move: Future Sight\n|-resisted|p2a: Reuniclus\n|-damage|p2a: Reuniclus|76\/100 par\n|-heal|p2a: Reuniclus|82\/100 par|[from] item: Leftovers\n|upkeep\n|turn|11\n|\n|t:|1701206555\n|move|p1a: Tyranitar|Pursuit|p2a: Reuniclus\n|-supereffective|p2a: Reuniclus\n|-damage|p2a: Reuniclus|50\/100 par\n|move|p2a: Reuniclus|Future Sight|p1a: Tyranitar\n|-start|p2a: Reuniclus|move: Future Sight\n|\n|-weather|Sandstorm|[upkeep]\n|-damage|p2a: Reuniclus|44\/100 par|[from] Sandstorm\n|-heal|p2a: Reuniclus|50\/100 par|[from] item: Leftovers\n|upkeep\n|turn|12\n|\n|t:|1701206567\n|cant|p2a: Reuniclus|par\n|move|p1a: Tyranitar|Crunch|p2a: Reuniclus\n|-supereffective|p2a: Reuniclus\n|-damage|p2a: Reuniclus|0 fnt\n|faint|p2a: Reuniclus\n|\n|-weather|Sandstorm|[upkeep]\n|upkeep\n|\n|t:|1701206574\n|switch|p2a: Sceptile|Sceptile, M, shiny|100\/100\n|turn|13\n|\n|t:|1701206583\n|switch|p1a: Slowking|Slowking-Galar, F, shiny|100\/100 par\n|detailschange|p2a: Sceptile|Sceptile-Mega, M, shiny\n|-mega|p2a: Sceptile|Sceptile|Sceptilite\n|move|p2a: Sceptile|Energy Ball|p1a: Slowking\n|-resisted|p1a: Slowking\n|-damage|p1a: Slowking|85\/100 par\n|-unboost|p1a: Slowking|spd|1\n|\n|-weather|Sandstorm|[upkeep]\n|-damage|p2a: Sceptile|94\/100|[from] Sandstorm\n|-damage|p1a: Slowking|79\/100 par|[from] Sandstorm\n|-end|p1a: Slowking|move: Future Sight\n|-damage|p1a: Slowking|31\/100 par\n|upkeep\n|turn|14\n|\n|t:|1701206596\n|switch|p1a: Tornadus|Tornadus-Therian, M, shiny|97\/100 tox\n|move|p2a: Sceptile|Thunder Punch|p1a: Tornadus\n|-supereffective|p1a: Tornadus\n|-damage|p1a: Tornadus|59\/100 tox\n|-damage|p2a: Sceptile|78\/100|[from] item: Rocky Helmet|[of] p1a: Tornadus\n|\n|-weather|none\n|-damage|p1a: Tornadus|52\/100 tox|[from] psn\n|upkeep\n|turn|15\n|\n|t:|1701206609\n|move|p2a: Sceptile|Thunder Punch|p1a: Tornadus\n|-supereffective|p1a: Tornadus\n|-damage|p1a: Tornadus|13\/100 tox\n|-damage|p2a: Sceptile|61\/100|[from] item: Rocky Helmet|[of] p1a: Tornadus\n|move|p1a: Tornadus|Bleakwind Storm|p2a: Sceptile\n|-supereffective|p2a: Sceptile\n|-damage|p2a: Sceptile|0 fnt\n|faint|p2a: Sceptile\n|\n|-damage|p1a: Tornadus|0 fnt|[from] psn\n|faint|p1a: Tornadus\n|upkeep\n|\n|t:|1701206619\n|switch|p2a: Crobat|Crobat, F, shiny, tera:Poison|100\/100\n|switch|p1a: Slowking|Slowking-Galar, F, shiny|64\/100 par\n|turn|16\n|\n|t:|1701206626\n|move|p2a: Crobat|Heat Wave|p1a: Slowking\n|-damage|p1a: Slowking|51\/100 par\n|move|p1a: Slowking|Thunder Wave|p2a: Crobat\n|-status|p2a: Crobat|par\n|\n|upkeep\n|turn|17\n|\n|t:|1701206632\n|move|p2a: Crobat|Dual Wingbeat|p1a: Slowking\n|-crit|p1a: Slowking\n|-damage|p1a: Slowking|33\/100 par\n|-damage|p1a: Slowking|19\/100 par\n|-hitcount|p1a: Slowking|2\n|cant|p1a: Slowking|par\n|\n|upkeep\n|turn|18\n|\n|t:|1701206642\n|switch|p1a: Rotom|Rotom-Wash, shiny|100\/100\n|cant|p2a: Crobat|par\n|\n|upkeep\n|turn|19\n|\n|t:|1701206650\n|move|p1a: Rotom|Volt Switch|p2a: Crobat\n|-damage|p2a: Crobat|56\/100 par\n|\n|t:|1701206653\n|switch|p1a: Slowking|Slowking-Galar, F, shiny|52\/100 par|[from] Volt Switch\n|move|p2a: Crobat|Toxic||[still]\n|-fail|p2a: Crobat\n|\n|upkeep\n|turn|20\n|\n|t:|1701206660\n|cant|p2a: Crobat|par\n|move|p1a: Slowking|Chilly Reception|p1a: Slowking\n|-weather|Snow\n|\n|t:|1701206672\n|switch|p1a: Tyranitar|Tyranitar, F, shiny|100\/100|[from] Chilly Reception\n|-weather|Sandstorm|[from] ability: Sand Stream|[of] p1a: Tyranitar\n|\n|-weather|Sandstorm|[upkeep]\n|-damage|p2a: Crobat|50\/100 par|[from] Sandstorm\n|upkeep\n|turn|21\n|\n|t:|1701206680\n|move|p2a: Crobat|Dual Wingbeat|p1a: Tyranitar\n|-resisted|p1a: Tyranitar\n|-damage|p1a: Tyranitar|96\/100\n|-resisted|p1a: Tyranitar\n|-damage|p1a: Tyranitar|90\/100\n|-hitcount|p1a: Tyranitar|2\n|move|p1a: Tyranitar|Earthquake|p2a: Crobat\n|-supereffective|p2a: Crobat\n|-damage|p2a: Crobat|0 fnt\n|faint|p2a: Crobat\n|\n|-weather|Sandstorm|[upkeep]\n|upkeep\n|\n|t:|1701206690\n|switch|p2a: Tauros|Tauros-Paldea-Aqua, M, shiny|94\/100 brn\n|-ability|p2a: Tauros|Intimidate|boost\n|-unboost|p1a: Tyranitar|atk|1\n|turn|22\n|\n|t:|1701206696\n|switch|p1a: Slowking|Slowking-Galar, F, shiny|85\/100 par\n|move|p2a: Tauros|Close Combat|p1a: Slowking\n|-resisted|p1a: Slowking\n|-damage|p1a: Slowking|78\/100 par\n|-unboost|p2a: Tauros|def|1\n|-unboost|p2a: Tauros|spd|1\n|\n|-weather|Sandstorm|[upkeep]\n|-damage|p2a: Tauros|88\/100 brn|[from] Sandstorm\n|-damage|p1a: Slowking|72\/100 par|[from] Sandstorm\n|-damage|p2a: Tauros|82\/100 brn|[from] brn\n|upkeep\n|turn|23\n|\n|t:|1701206707\n|move|p2a: Tauros|Earthquake|p1a: Slowking\n|-supereffective|p1a: Slowking\n|-damage|p1a: Slowking|40\/100 par\n|move|p1a: Slowking|Future Sight|p2a: Tauros\n|-start|p1a: Slowking|move: Future Sight\n|\n|-weather|Sandstorm|[upkeep]\n|-damage|p2a: Tauros|76\/100 brn|[from] Sandstorm\n|-damage|p1a: Slowking|34\/100 par|[from] Sandstorm\n|-damage|p2a: Tauros|70\/100 brn|[from] brn\n|upkeep\n|turn|24\n|\n|t:|1701206716\n|switch|p1a: Rotom|Rotom-Wash, shiny|100\/100\n|move|p2a: Tauros|Earthquake|p1a: Rotom\n|-immune|p1a: Rotom|[from] ability: Levitate\n|\n|-weather|none\n|-damage|p2a: Tauros|64\/100 brn|[from] brn\n|upkeep\n|turn|25\n|\n|t:|1701206724\n|switch|p1a: Slowking|Slowking-Galar, F, shiny|67\/100 par\n|move|p2a: Tauros|Close Combat|p1a: Slowking\n|-resisted|p1a: Slowking\n|-damage|p1a: Slowking|60\/100 par\n|-unboost|p2a: Tauros|def|1\n|-unboost|p2a: Tauros|spd|1\n|\n|-end|p2a: Tauros|move: Future Sight\n|-supereffective|p2a: Tauros\n|-damage|p2a: Tauros|0 fnt\n|faint|p2a: Tauros\n|upkeep\n|\n|t:|1701206734\n|switch|p2a: Nidoqueen|Nidoqueen, F|65\/100\n|turn|26\n|\n|t:|1701206739\n|move|p2a: Nidoqueen|Crunch|p1a: Slowking\n|-supereffective|p1a: Slowking\n|-damage|p1a: Slowking|15\/100 par\n|-unboost|p1a: Slowking|def|1\n|cant|p1a: Slowking|par\n|\n|upkeep\n|turn|27\n|\n|t:|1701206748\n|switch|p1a: Mienshao|Mienshao, F, shiny|100\/100\n|move|p2a: Nidoqueen|Crunch|p1a: Mienshao\n|-resisted|p1a: Mienshao\n|-damage|p1a: Mienshao|79\/100\n|-unboost|p1a: Mienshao|def|1\n|\n|upkeep\n|turn|28\n|\n|t:|1701206757\n|move|p1a: Mienshao|U-turn|p2a: Nidoqueen\n|-resisted|p2a: Nidoqueen\n|-damage|p2a: Nidoqueen|54\/100\n|-status|p1a: Mienshao|psn|[from] ability: Poison Point|[of] p2a: Nidoqueen\n|\n|t:|1701206764\n|switch|p1a: Rotom|Rotom-Wash, shiny|100\/100|[from] U-turn\n|move|p2a: Nidoqueen|Earthquake|p1a: Rotom\n|-immune|p1a: Rotom|[from] ability: Levitate\n|\n|upkeep\n|turn|29\n|\n|t:|1701206772\n|move|p1a: Rotom|Hydro Pump|p2a: Nidoqueen\n|-supereffective|p2a: Nidoqueen\n|-damage|p2a: Nidoqueen|0 fnt\n|faint|p2a: Nidoqueen\n|\n|win|alucard backwards\n|raw|alucard backwards's rating: 1015 &rarr; <strong>1057<\/strong><br \/>(+42 for winning)\n|raw|caglicious's rating: 1054 &rarr; <strong>1034<\/strong><br \/>(-20 for losing)\n|l|\u2606caglicious\n","uploadtime":1701206779,"views":9,"p1id":"alucardbackwards","p2id":"caglicious","formatid":"gen9nationaldex","rating":1034,"private":0,"password":""}