{"id":"gen9nationaldex-1991579284","p1":"loch2009","p2":"hackilla15","format":"[Gen 9] National Dex","log":"|j|\u2606loch2009\n|j|\u2606hackilla15\n|t:|1700090464\n|gametype|singles\n|player|p1|loch2009|lance|1252\n|player|p2|hackilla15|ethan|1233\n|teamsize|p1|6\n|teamsize|p2|6\n|gen|9\n|tier|[Gen 9] National Dex\n|rated|\n|rule|HP Percentage Mod: HP is shown in percentages\n|rule|Endless Battle Clause: Forcing endless battles is banned\n|rule|OHKO Clause: OHKO moves are banned\n|rule|Evasion Clause: Evasion abilities, items, and moves are banned\n|rule|Evasion Abilities Clause: Evasion abilities are banned\n|rule|Evasion Items Clause: Evasion items are banned\n|rule|Evasion Moves Clause: Evasion moves are banned\n|rule|Species Clause: Limit one of each Pok\u00e9mon\n|rule|Sleep Clause Mod: Limit one foe put to sleep\n|clearpoke\n|poke|p1|Basculegion-F, F|\n|poke|p1|Regigigas|\n|poke|p1|Tapu Lele|\n|poke|p1|Blaziken, M|\n|poke|p1|Absol, M|\n|poke|p1|Abomasnow, F|\n|poke|p2|Clodsire, F|\n|poke|p2|Garganacl, M|\n|poke|p2|Volcarona, F|\n|poke|p2|Ribombee, F|\n|poke|p2|Venusaur, M|\n|poke|p2|Krookodile, M|\n|teampreview\n|inactive|Battle timer is ON: inactive players will automatically lose when time's up. (requested by hackilla15)\n|c|\u2606loch2009|glhf\n|\n|t:|1700090491\n|start\n|switch|p1a: Blaziken|Blaziken, M|100\/100\n|switch|p2a: Ribombee|Ribombee, F, shiny|100\/100\n|turn|1\n|\n|t:|1700090501\n|move|p2a: Ribombee|Stun Spore|p1a: Blaziken\n|-status|p1a: Blaziken|par\n|cant|p1a: Blaziken|par\n|\n|-ability|p1a: Blaziken|Speed Boost|boost\n|-boost|p1a: Blaziken|spe|1\n|upkeep\n|turn|2\n|\n|t:|1700090521\n|move|p2a: Ribombee|Quiver Dance|p2a: Ribombee\n|-boost|p2a: Ribombee|spa|1\n|-boost|p2a: Ribombee|spd|1\n|-boost|p2a: Ribombee|spe|1\n|move|p1a: Blaziken|Work Up|p1a: Blaziken\n|-boost|p1a: Blaziken|atk|1\n|-boost|p1a: Blaziken|spa|1\n|\n|-ability|p1a: Blaziken|Speed Boost|boost\n|-boost|p1a: Blaziken|spe|1\n|upkeep\n|turn|3\n|c|\u2606hackilla15|Yt\n|\n|t:|1700090532\n|move|p2a: Ribombee|Moonblast|p1a: Blaziken\n|-damage|p1a: Blaziken|8\/100 par\n|move|p1a: Blaziken|Work Up|p1a: Blaziken\n|-boost|p1a: Blaziken|atk|1\n|-boost|p1a: Blaziken|spa|1\n|\n|-ability|p1a: Blaziken|Speed Boost|boost\n|-boost|p1a: Blaziken|spe|1\n|upkeep\n|turn|4\n|\n|t:|1700090537\n|move|p1a: Blaziken|Protect|p1a: Blaziken\n|-singleturn|p1a: Blaziken|Protect\n|move|p2a: Ribombee|Moonblast|p1a: Blaziken\n|-activate|p1a: Blaziken|move: Protect\n|\n|-ability|p1a: Blaziken|Speed Boost|boost\n|-boost|p1a: Blaziken|spe|1\n|upkeep\n|turn|5\n|\n|t:|1700090544\n|move|p2a: Ribombee|Moonblast|p1a: Blaziken\n|-damage|p1a: Blaziken|0 fnt\n|faint|p1a: Blaziken\n|\n|upkeep\n|c|\u2606loch2009|man\n|c|\u2606loch2009|at 3 x\n|c|\u2606loch2009|i thought i was faster\n|inactive|loch2009 has 120 seconds left.\n|c|\u2606hackilla15|That para\n|c|\u2606loch2009|i was running a wierd special attack blaziken\n|c|\u2606loch2009|yeah i know\n|c|\u2606loch2009|i just thought\n|c|\u2606hackilla15|Plus Quiver bee\n|c|\u2606loch2009|ye\n|c|\u2606loch2009|i thought wrong\n|inactive|loch2009 has 90 seconds left.\n|\n|t:|1700090617\n|switch|p1a: Basculegion|Basculegion-F, F|100\/100\n|turn|6\n|\n|t:|1700090624\n|move|p2a: Ribombee|Stun Spore|p1a: Basculegion|[miss]\n|-miss|p2a: Ribombee|p1a: Basculegion\n|move|p1a: Basculegion|Hydro Pump|p2a: Ribombee\n|-damage|p2a: Ribombee|34\/100\n|\n|upkeep\n|turn|7\n|\n|t:|1700090631\n|move|p2a: Ribombee|Stun Spore|p1a: Basculegion\n|-status|p1a: Basculegion|par\n|move|p1a: Basculegion|Shadow Ball|p2a: Ribombee\n|-damage|p2a: Ribombee|0 fnt\n|faint|p2a: Ribombee\n|\n|upkeep\n|\n|t:|1700090635\n|switch|p2a: Venusaur|Venusaur, M, shiny|100\/100\n|turn|8\n|\n|t:|1700090642\n|detailschange|p2a: Venusaur|Venusaur-Mega, M, shiny\n|-mega|p2a: Venusaur|Venusaur|Venusaurite\n|move|p2a: Venusaur|Leech Seed|p1a: Basculegion\n|-start|p1a: Basculegion|move: Leech Seed\n|cant|p1a: Basculegion|par\n|\n|-damage|p1a: Basculegion|88\/100 par|[from] Leech Seed|[of] p2a: Venusaur\n|upkeep\n|turn|9\n|\n|t:|1700090645\n|move|p2a: Venusaur|Giga Drain|p1a: Basculegion\n|-supereffective|p1a: Basculegion\n|-damage|p1a: Basculegion|20\/100 par\n|move|p1a: Basculegion|Flip Turn|p2a: Venusaur\n|-resisted|p2a: Venusaur\n|-damage|p2a: Venusaur|92\/100\n|\n|t:|1700090657\n|switch|p1a: Tapu Lele|Tapu Lele|100\/100|[from] Flip Turn\n|-fieldstart|move: Psychic Terrain|[from] ability: Psychic Surge|[of] p1a: Tapu Lele\n|\n|upkeep\n|turn|10\n|\n|t:|1700090663\n|move|p1a: Tapu Lele|Psyshock|p2a: Venusaur\n|-supereffective|p2a: Venusaur\n|-damage|p2a: Venusaur|8\/100\n|move|p2a: Venusaur|Leech Seed|p1a: Tapu Lele\n|-start|p1a: Tapu Lele|move: Leech Seed\n|\n|-damage|p1a: Tapu Lele|88\/100|[from] Leech Seed|[of] p2a: Venusaur\n|-heal|p2a: Venusaur|19\/100|[silent]\n|upkeep\n|turn|11\n|\n|t:|1700090666\n|switch|p2a: Krookodile|Krookodile, M|100\/100\n|move|p1a: Tapu Lele|Psyshock|p2a: Krookodile\n|-immune|p2a: Krookodile\n|\n|-damage|p1a: Tapu Lele|76\/100|[from] Leech Seed|[of] p2a: Krookodile\n|upkeep\n|turn|12\n|\n|t:|1700090670\n|switch|p1a: Basculegion|Basculegion-F, F|20\/100 par\n|switch|p2a: Clodsire|Clodsire, F, shiny|100\/100\n|\n|-heal|p1a: Basculegion|26\/100 par|[from] item: Leftovers\n|upkeep\n|turn|13\n|\n|t:|1700090692\n|move|p1a: Basculegion|Ice Beam|p2a: Clodsire\n|-supereffective|p2a: Clodsire\n|-damage|p2a: Clodsire|69\/100\n|-status|p2a: Clodsire|frz\n|cant|p2a: Clodsire|frz\n|\n|-heal|p1a: Basculegion|32\/100 par|[from] item: Leftovers\n|-heal|p2a: Clodsire|75\/100 frz|[from] item: Black Sludge\n|-fieldend|move: Psychic Terrain\n|upkeep\n|turn|14\n|c|\u2606loch2009|:)\n|\n|t:|1700090706\n|move|p1a: Basculegion|Shadow Ball|p2a: Clodsire\n|-damage|p2a: Clodsire|44\/100 frz\n|-curestatus|p2a: Clodsire|frz|[msg]\n|move|p2a: Clodsire|Toxic Spikes|p1a: Basculegion\n|-sidestart|p1: loch2009|move: Toxic Spikes\n|\n|-heal|p1a: Basculegion|38\/100 par|[from] item: Leftovers\n|-heal|p2a: Clodsire|50\/100|[from] item: Black Sludge\n|upkeep\n|turn|15\n|c|\u2606hackilla15|;(\n|inactive|loch2009 has 120 seconds left.\n|\n|t:|1700090722\n|move|p1a: Basculegion|Shadow Ball|p2a: Clodsire\n|-damage|p2a: Clodsire|21\/100\n|-unboost|p2a: Clodsire|spd|1\n|move|p2a: Clodsire|Toxic Spikes|p1a: Basculegion\n|-sidestart|p1: loch2009|move: Toxic Spikes\n|\n|-heal|p1a: Basculegion|44\/100 par|[from] item: Leftovers\n|-heal|p2a: Clodsire|27\/100|[from] item: Black Sludge\n|upkeep\n|turn|16\n|inactive|loch2009 has 120 seconds left.\n|\n|t:|1700090739\n|move|p1a: Basculegion|Shadow Ball|p2a: Clodsire\n|-damage|p2a: Clodsire|0 fnt\n|faint|p2a: Clodsire\n|\n|-heal|p1a: Basculegion|50\/100 par|[from] item: Leftovers\n|upkeep\n|\n|t:|1700090744\n|switch|p2a: Garganacl|Garganacl, M, shiny|100\/100\n|turn|17\n|\n|t:|1700090749\n|move|p2a: Garganacl|Salt Cure|p1a: Basculegion\n|-damage|p1a: Basculegion|32\/100 par\n|-start|p1a: Basculegion|Salt Cure\n|move|p1a: Basculegion|Hydro Pump|p2a: Garganacl|[miss]\n|-miss|p1a: Basculegion|p2a: Garganacl\n|\n|-heal|p1a: Basculegion|38\/100 par|[from] item: Leftovers\n|-damage|p1a: Basculegion|13\/100 par|[from] Salt Cure\n|upkeep\n|turn|18\n|\n|t:|1700090754\n|move|p2a: Garganacl|Curse|p2a: Garganacl\n|-unboost|p2a: Garganacl|spe|1\n|-boost|p2a: Garganacl|atk|1\n|-boost|p2a: Garganacl|def|1\n|cant|p1a: Basculegion|par\n|\n|-heal|p1a: Basculegion|19\/100 par|[from] item: Leftovers\n|-damage|p1a: Basculegion|0 fnt|[from] Salt Cure\n|faint|p1a: Basculegion\n|upkeep\n|inactive|loch2009 has 120 seconds left.\n|\n|t:|1700090782\n|switch|p1a: Absol|Absol, M|100\/100\n|-status|p1a: Absol|tox\n|-ability|p1a: Absol|Pressure\n|turn|19\n|inactive|loch2009 has 120 seconds left.\n|\n|t:|1700090790\n|detailschange|p1a: Absol|Absol-Mega, M\n|-mega|p1a: Absol|Absol|Absolite\n|move|p1a: Absol|Close Combat|p2a: Garganacl\n|-supereffective|p2a: Garganacl\n|-damage|p2a: Garganacl|64\/100\n|-unboost|p1a: Absol|def|1\n|-unboost|p1a: Absol|spd|1\n|move|p2a: Garganacl|Curse|p2a: Garganacl\n|-unboost|p2a: Garganacl|spe|1\n|-boost|p2a: Garganacl|atk|1\n|-boost|p2a: Garganacl|def|1\n|\n|-heal|p2a: Garganacl|70\/100|[from] item: Leftovers\n|-damage|p1a: Absol|95\/100 tox|[from] psn\n|upkeep\n|turn|20\n|\n|t:|1700090797\n|switch|p1a: Tapu Lele|Tapu Lele|76\/100\n|-status|p1a: Tapu Lele|tox\n|-fieldstart|move: Psychic Terrain|[from] ability: Psychic Surge|[of] p1a: Tapu Lele\n|move|p2a: Garganacl|Salt Cure|p1a: Tapu Lele\n|-damage|p1a: Tapu Lele|30\/100 tox\n|-start|p1a: Tapu Lele|Salt Cure\n|\n|-heal|p2a: Garganacl|76\/100|[from] item: Leftovers\n|-damage|p1a: Tapu Lele|24\/100 tox|[from] psn\n|-damage|p1a: Tapu Lele|11\/100 tox|[from] Salt Cure\n|upkeep\n|turn|21\n|c|\u2606loch2009|36\n|c|\u2606loch2009|rip\n|\n|t:|1700090810\n|move|p1a: Tapu Lele|Moonblast|p2a: Garganacl\n|-damage|p2a: Garganacl|31\/100\n|move|p2a: Garganacl|Recover|p2a: Garganacl\n|-heal|p2a: Garganacl|81\/100\n|\n|-heal|p2a: Garganacl|87\/100|[from] item: Leftovers\n|-damage|p1a: Tapu Lele|0 fnt|[from] psn\n|faint|p1a: Tapu Lele\n|upkeep\n|\n|t:|1700090816\n|switch|p1a: Abomasnow|Abomasnow, F|100\/100\n|-status|p1a: Abomasnow|tox\n|-weather|Snow|[from] ability: Snow Warning|[of] p1a: Abomasnow\n|turn|22\n|c|\u2606hackilla15|Yike\n|c|\u2606loch2009|thats probably gg\n|\n|t:|1700090827\n|move|p1a: Abomasnow|Aurora Veil|p1a: Abomasnow\n|-sidestart|p1: loch2009|move: Aurora Veil\n|move|p2a: Garganacl|Salt Cure|p1a: Abomasnow\n|-supereffective|p1a: Abomasnow\n|-damage|p1a: Abomasnow|77\/100 tox\n|-start|p1a: Abomasnow|Salt Cure\n|\n|-weather|Snow|[upkeep]\n|-heal|p2a: Garganacl|94\/100|[from] item: Leftovers\n|-damage|p1a: Abomasnow|71\/100 tox|[from] psn\n|-damage|p1a: Abomasnow|58\/100 tox|[from] Salt Cure\n|upkeep\n|turn|23\n|c|\u2606loch2009|ok\n|c|\u2606hackilla15|Don't give up\n|c|\u2606hackilla15|Go beyond\n|c|\u2606loch2009|only 24 through boosted defense and viel\n|c|\u2606loch2009|yay\n|inactive|loch2009 has 120 seconds left.\n|\n|t:|1700090854\n|move|p1a: Abomasnow|Blizzard|p2a: Garganacl\n|-damage|p2a: Garganacl|48\/100\n|move|p2a: Garganacl|Recover|p2a: Garganacl\n|-heal|p2a: Garganacl|98\/100\n|\n|-weather|Snow|[upkeep]\n|-heal|p2a: Garganacl|100\/100|[from] item: Leftovers\n|-damage|p1a: Abomasnow|46\/100 tox|[from] psn\n|-damage|p1a: Abomasnow|34\/100 tox|[from] Salt Cure\n|upkeep\n|turn|24\n|\n|t:|1700090874\n|move|p1a: Abomasnow|Energy Ball|p2a: Garganacl\n|-supereffective|p2a: Garganacl\n|-damage|p2a: Garganacl|21\/100\n|move|p2a: Garganacl|Curse|p2a: Garganacl\n|-unboost|p2a: Garganacl|spe|1\n|-boost|p2a: Garganacl|atk|1\n|-boost|p2a: Garganacl|def|1\n|\n|-weather|Snow|[upkeep]\n|-heal|p2a: Garganacl|27\/100|[from] item: Leftovers\n|-damage|p1a: Abomasnow|16\/100 tox|[from] psn\n|-damage|p1a: Abomasnow|4\/100 tox|[from] Salt Cure\n|-fieldend|move: Psychic Terrain\n|upkeep\n|turn|25\n|\n|t:|1700090879\n|switch|p2a: Venusaur|Venusaur-Mega, M, shiny|19\/100\n|move|p1a: Abomasnow|Energy Ball|p2a: Venusaur\n|-resisted|p2a: Venusaur\n|-damage|p2a: Venusaur|12\/100\n|\n|-weather|Snow|[upkeep]\n|-damage|p1a: Abomasnow|0 fnt|[from] psn\n|faint|p1a: Abomasnow\n|upkeep\n|c|\u2606loch2009|a\n|\n|t:|1700090889\n|switch|p1a: Regigigas|Regigigas|100\/100\n|-status|p1a: Regigigas|tox\n|-start|p1a: Regigigas|ability: Slow Start\n|turn|26\n|\n|t:|1700090895\n|move|p1a: Regigigas|Protect|p1a: Regigigas\n|-singleturn|p1a: Regigigas|Protect\n|move|p2a: Venusaur|Leech Seed|p1a: Regigigas\n|-activate|p1a: Regigigas|move: Protect\n|\n|-weather|none\n|-damage|p1a: Regigigas|94\/100 tox|[from] psn\n|upkeep\n|turn|27\n|\n|t:|1700090899\n|move|p2a: Venusaur|Leech Seed|p1a: Regigigas|[miss]\n|-miss|p2a: Venusaur|p1a: Regigigas\n|move|p1a: Regigigas|Substitute|p1a: Regigigas\n|-start|p1a: Regigigas|Substitute\n|-damage|p1a: Regigigas|69\/100 tox\n|\n|-heal|p1a: Regigigas|75\/100 tox|[from] item: Leftovers\n|-damage|p1a: Regigigas|63\/100 tox|[from] psn\n|upkeep\n|turn|28\n|c|\u2606hackilla15|GIGIGIGIGI\n|\n|t:|1700090908\n|move|p2a: Venusaur|Giga Drain|p1a: Regigigas\n|-activate|p1a: Regigigas|move: Substitute|[damage]\n|-heal|p2a: Venusaur|20\/100|[from] drain|[of] p1a: Regigigas\n|move|p1a: Regigigas|Return|p2a: Venusaur\n|-damage|p2a: Venusaur|1\/100\n|\n|-heal|p1a: Regigigas|69\/100 tox|[from] item: Leftovers\n|-damage|p1a: Regigigas|51\/100 tox|[from] psn\n|upkeep\n|turn|29\n|c|\u2606loch2009|regigigas\n|c|\u2606loch2009|i will make it good\n|\n|t:|1700090919\n|move|p2a: Venusaur|Giga Drain|p1a: Regigigas\n|-activate|p1a: Regigigas|move: Substitute|[damage]\n|-heal|p2a: Venusaur|8\/100|[from] drain|[of] p1a: Regigigas\n|move|p1a: Regigigas|Knock Off|p2a: Venusaur\n|-damage|p2a: Venusaur|0 fnt\n|faint|p2a: Venusaur\n|\n|-heal|p1a: Regigigas|57\/100 tox|[from] item: Leftovers\n|-damage|p1a: Regigigas|33\/100 tox|[from] psn\n|-sideend|p1: loch2009|move: Aurora Veil\n|upkeep\n|c|\u2606loch2009|man\n|\n|t:|1700090927\n|switch|p2a: Krookodile|Krookodile, M|100\/100\n|turn|30\n|c|\u2606loch2009|when will he move\n|c|\u2606hackilla15|Only once he's got it going\n|\n|t:|1700090949\n|-terastallize|p2a: Krookodile|Dragon\n|move|p2a: Krookodile|Scale Shot|p1a: Regigigas\n|-end|p1a: Regigigas|Substitute\n|-damage|p1a: Regigigas|23\/100 tox\n|-damage|p1a: Regigigas|14\/100 tox\n|-damage|p1a: Regigigas|5\/100 tox\n|-crit|p1a: Regigigas\n|-damage|p1a: Regigigas|0 fnt\n|faint|p1a: Regigigas\n|-end|p1a: Regigigas|Slow Start|[silent]\n|-ability|p2a: Krookodile|Moxie|boost\n|-boost|p2a: Krookodile|atk|1\n|-hitcount|p1: Regigigas|5\n|-unboost|p2a: Krookodile|def|1\n|-boost|p2a: Krookodile|spe|1\n|\n|upkeep\n|c|\u2606loch2009|crap\n|c|\u2606loch2009|should have protect\n|\n|t:|1700090962\n|switch|p1a: Absol|Absol-Mega, M|95\/100 tox\n|turn|31\n|\n|t:|1700090968\n|move|p2a: Krookodile|Scale Shot|p1a: Absol\n|-damage|p1a: Absol|58\/100 tox\n|-damage|p1a: Absol|22\/100 tox\n|-damage|p1a: Absol|0 fnt\n|faint|p1a: Absol\n|-hitcount|p1: Absol|3\n|\n|win|hackilla15\n|raw|loch2009's rating: 1252 &rarr; <strong>1226<\/strong><br \/>(-26 for losing)\n|raw|hackilla15's rating: 1233 &rarr; <strong>1259<\/strong><br \/>(+26 for winning)\n|c|\u2606loch2009|gg\n|c|\u2606hackilla15|Gg\n","uploadtime":1700091235,"views":6,"p1id":"loch2009","p2id":"hackilla15","formatid":"gen9nationaldex","rating":1226,"private":0,"password":""}