{"id":"gen9nationaldex-1997044176","p1":"DiamondDiancie25","p2":"NormalU?","format":"[Gen 9] National Dex","log":"|html|<div class=\"broadcast-blue\"><strong>[Gen 9] National Dex is currently suspecting Sneasler! For information on how to participate check out the <a href=\"https:\/\/www.smogon.com\/forums\/threads\/sv-national-dex-suspect-8-just-dance.3731534\/\">suspect thread<\/a>.<\/strong><\/div>\n|j|\u2606DiamondDiancie25\n|j|\u2606NormalU?\n|t:|1700758873\n|gametype|singles\n|player|p1|DiamondDiancie25|psychic-gen4|1492\n|player|p2|NormalU?|courtney|1426\n|teamsize|p1|6\n|teamsize|p2|6\n|gen|9\n|tier|[Gen 9] National Dex\n|rated|\n|rule|HP Percentage Mod: HP is shown in percentages\n|rule|Endless Battle Clause: Forcing endless battles is banned\n|rule|OHKO Clause: OHKO moves are banned\n|rule|Evasion Clause: Evasion abilities, items, and moves are banned\n|rule|Evasion Abilities Clause: Evasion abilities are banned\n|rule|Evasion Items Clause: Evasion items are banned\n|rule|Evasion Moves Clause: Evasion moves are banned\n|rule|Species Clause: Limit one of each Pok\u00e9mon\n|rule|Sleep Clause Mod: Limit one foe put to sleep\n|clearpoke\n|poke|p1|Tyranitar, M|\n|poke|p1|Gliscor, M|\n|poke|p1|Iron Valiant|\n|poke|p1|Tapu Koko|\n|poke|p1|Heatran, M|\n|poke|p1|Alomomola, M|\n|poke|p2|Kyurem|\n|poke|p2|Tentacruel, M|\n|poke|p2|Slowking, M|\n|poke|p2|Zeraora|\n|poke|p2|Urshifu-*, M|\n|poke|p2|Aerodactyl, M|\n|teampreview\n|inactive|Battle timer is ON: inactive players will automatically lose when time's up. (requested by NormalU?)\n|\n|t:|1700758901\n|start\n|switch|p1a: Heatran|Heatran, M|100\/100\n|switch|p2a: 3|Urshifu-Rapid-Strike, M|100\/100\n|turn|1\n|\n|t:|1700758913\n|switch|p1a: Alomomola|Alomomola, M|100\/100\n|move|p2a: 3|U-turn|p1a: Alomomola\n|-damage|p1a: Alomomola|88\/100\n|\n|t:|1700758930\n|switch|p2a: Evil|Tentacruel, M|100\/100|[from] U-turn\n|\n|upkeep\n|turn|2\n|\n|t:|1700758941\n|move|p2a: Evil|Knock Off|p1a: Alomomola\n|-damage|p1a: Alomomola|75\/100\n|-enditem|p1a: Alomomola|Heavy-Duty Boots|[from] move: Knock Off|[of] p2a: Evil\n|move|p1a: Alomomola|Knock Off|p2a: Evil\n|-damage|p2a: Evil|72\/100\n|-enditem|p2a: Evil|Leftovers|[from] move: Knock Off|[of] p1a: Alomomola\n|\n|upkeep\n|turn|3\n|\n|t:|1700758956\n|switch|p2a: Bing Crosby|Slowking, M|100\/100\n|move|p1a: Alomomola|Flip Turn|p2a: Bing Crosby\n|-resisted|p2a: Bing Crosby\n|-crit|p2a: Bing Crosby\n|-damage|p2a: Bing Crosby|90\/100\n|\n|t:|1700758962\n|switch|p1a: Tyranitar|Tyranitar, M|100\/100|[from] Flip Turn\n|-weather|Sandstorm|[from] ability: Sand Stream|[of] p1a: Tyranitar\n|\n|-weather|Sandstorm|[upkeep]\n|-damage|p2a: Bing Crosby|84\/100|[from] Sandstorm\n|-heal|p2a: Bing Crosby|90\/100|[from] item: Leftovers\n|upkeep\n|turn|4\n|\n|t:|1700758971\n|detailschange|p1a: Tyranitar|Tyranitar-Mega, M\n|-mega|p1a: Tyranitar|Tyranitar|Tyranitarite\n|move|p1a: Tyranitar|Knock Off|p2a: Bing Crosby\n|-supereffective|p2a: Bing Crosby\n|-damage|p2a: Bing Crosby|0 fnt\n|-enditem|p2a: Bing Crosby|Leftovers|[from] move: Knock Off|[of] p1a: Tyranitar\n|faint|p2a: Bing Crosby\n|\n|-weather|Sandstorm|[upkeep]\n|upkeep\n|\n|t:|1700758977\n|switch|p2a: 3|Urshifu-Rapid-Strike, M|100\/100\n|turn|5\n|\n|t:|1700758982\n|switch|p1a: Alomomola|Alomomola, M|100\/100\n|move|p2a: 3|U-turn|p1a: Alomomola\n|-damage|p1a: Alomomola|86\/100\n|\n|t:|1700758984\n|switch|p2a: 1|Kyurem|100\/100|[from] U-turn\n|-ability|p2a: 1|Pressure\n|\n|-weather|Sandstorm|[upkeep]\n|-damage|p2a: 1|94\/100|[from] Sandstorm\n|-damage|p1a: Alomomola|80\/100|[from] Sandstorm\n|upkeep\n|turn|6\n|\n|t:|1700758993\n|move|p1a: Alomomola|Protect|p1a: Alomomola\n|-singleturn|p1a: Alomomola|Protect\n|move|p2a: 1|Freeze-Dry|p1a: Alomomola\n|-activate|p1a: Alomomola|move: Protect\n|\n|-weather|Sandstorm|[upkeep]\n|-damage|p2a: 1|88\/100|[from] Sandstorm\n|-damage|p1a: Alomomola|74\/100|[from] Sandstorm\n|upkeep\n|turn|7\n|\n|t:|1700759003\n|switch|p2a: 3|Urshifu-Rapid-Strike, M|100\/100\n|switch|p1a: Heatran|Heatran, M|100\/100\n|\n|-weather|none\n|upkeep\n|turn|8\n|\n|t:|1700759009\n|switch|p1a: Alomomola|Alomomola, M|100\/100\n|move|p2a: 3|Surging Strikes|p1a: Alomomola\n|-resisted|p1a: Alomomola\n|-crit|p1a: Alomomola\n|-damage|p1a: Alomomola|95\/100\n|-resisted|p1a: Alomomola\n|-crit|p1a: Alomomola\n|-damage|p1a: Alomomola|90\/100\n|-resisted|p1a: Alomomola\n|-crit|p1a: Alomomola\n|-damage|p1a: Alomomola|85\/100\n|-hitcount|p1a: Alomomola|3\n|\n|upkeep\n|turn|9\n|\n|t:|1700759019\n|switch|p2a: 2|Zeraora|100\/100\n|move|p1a: Alomomola|Flip Turn|p2a: 2\n|-damage|p2a: 2|79\/100\n|\n|t:|1700759024\n|switch|p1a: Gliscor|Gliscor, M|100\/100|[from] Flip Turn\n|\n|-status|p1a: Gliscor|tox|[from] item: Toxic Orb\n|upkeep\n|turn|10\n|\n|t:|1700759030\n|switch|p2a: 3|Urshifu-Rapid-Strike, M|100\/100\n|move|p1a: Gliscor|Earthquake|p2a: 3\n|-damage|p2a: 3|68\/100\n|\n|upkeep\n|turn|11\n|\n|t:|1700759036\n|switch|p1a: Alomomola|Alomomola, M|100\/100\n|move|p2a: 3|U-turn|p1a: Alomomola\n|-damage|p1a: Alomomola|88\/100\n|\n|t:|1700759040\n|switch|p2a: 1|Kyurem|88\/100|[from] U-turn\n|-ability|p2a: 1|Pressure\n|\n|upkeep\n|turn|12\n|\n|t:|1700759045\n|move|p1a: Alomomola|Protect|p1a: Alomomola\n|-singleturn|p1a: Alomomola|Protect\n|move|p2a: 1|Draco Meteor|p1a: Alomomola\n|-activate|p1a: Alomomola|move: Protect\n|\n|upkeep\n|turn|13\n|\n|t:|1700759054\n|switch|p2a: 3|Urshifu-Rapid-Strike, M|68\/100\n|move|p1a: Alomomola|Flip Turn|p2a: 3\n|-resisted|p2a: 3\n|-damage|p2a: 3|59\/100\n|\n|t:|1700759062\n|switch|p1a: Tapu Koko|Tapu Koko|100\/100|[from] Flip Turn\n|-fieldstart|move: Electric Terrain|[from] ability: Electric Surge|[of] p1a: Tapu Koko\n|\n|upkeep\n|turn|14\n|\n|t:|1700759068\n|-terastallize|p2a: 3|Poison\n|move|p2a: 3|Poison Jab|p1a: Tapu Koko\n|-supereffective|p1a: Tapu Koko\n|-damage|p1a: Tapu Koko|0 fnt\n|faint|p1a: Tapu Koko\n|\n|upkeep\n|\n|t:|1700759076\n|switch|p1a: Tyranitar|Tyranitar-Mega, M|100\/100\n|-weather|Sandstorm|[from] ability: Sand Stream|[of] p1a: Tyranitar\n|turn|15\n|\n|t:|1700759082\n|switch|p2a: Aerodactyl|Aerodactyl, M|100\/100\n|move|p1a: Tyranitar|Dragon Dance|p1a: Tyranitar\n|-boost|p1a: Tyranitar|atk|1\n|-boost|p1a: Tyranitar|spe|1\n|\n|-weather|Sandstorm|[upkeep]\n|upkeep\n|turn|16\n|\n|t:|1700759091\n|detailschange|p2a: Aerodactyl|Aerodactyl-Mega, M\n|-mega|p2a: Aerodactyl|Aerodactyl|Aerodactylite\n|move|p2a: Aerodactyl|Stone Edge|p1a: Tyranitar\n|-damage|p1a: Tyranitar|62\/100\n|move|p1a: Tyranitar|Dragon Dance|p1a: Tyranitar\n|-boost|p1a: Tyranitar|atk|1\n|-boost|p1a: Tyranitar|spe|1\n|\n|-weather|Sandstorm|[upkeep]\n|upkeep\n|turn|17\n|\n|t:|1700759100\n|move|p1a: Tyranitar|Ice Punch|p2a: Aerodactyl\n|-supereffective|p2a: Aerodactyl\n|-damage|p2a: Aerodactyl|0 fnt\n|faint|p2a: Aerodactyl\n|\n|-weather|Sandstorm|[upkeep]\n|-fieldend|move: Electric Terrain\n|upkeep\n|\n|t:|1700759104\n|switch|p2a: 3|Urshifu-Rapid-Strike, M, tera:Poison|59\/100\n|turn|18\n|\n|t:|1700759109\n|move|p1a: Tyranitar|Knock Off|p2a: 3\n|-damage|p2a: 3|0 fnt\n|-enditem|p2a: 3|Choice Scarf|[from] move: Knock Off|[of] p1a: Tyranitar\n|faint|p2a: 3\n|\n|-weather|Sandstorm|[upkeep]\n|upkeep\n|-message|NormalU? forfeited.\n|\n|win|DiamondDiancie25\n|raw|DiamondDiancie25's rating: 1492 &rarr; <strong>1508<\/strong><br \/>(+16 for winning)\n|raw|NormalU?'s rating: 1426 &rarr; <strong>1410<\/strong><br \/>(-16 for losing)\n|l|\u2606NormalU?\n","uploadtime":1700759129,"views":17,"p1id":"diamonddiancie25","p2id":"normalu","formatid":"gen9nationaldex","rating":1410,"private":0,"password":""}