{"id":"gen9nationaldex-1999358844","p1":"mergency\u4e71\u821e","p2":"Ladattomatic","format":"[Gen 9] National Dex","log":"|html|<div class=\"broadcast-blue\"><strong>[Gen 9] National Dex is currently suspecting Sneasler! For information on how to participate check out the <a href=\"https:\/\/www.smogon.com\/forums\/threads\/sv-national-dex-suspect-8-just-dance.3731534\/\">suspect thread<\/a>.<\/strong><\/div>\n|j|\u2606mergency\u4e71\u821e\n|j|\u2606Ladattomatic\n|t:|1701066323\n|gametype|singles\n|player|p1|mergency\u4e71\u821e|policeman-gen4|1372\n|player|p2|Ladattomatic|punkgirl-gen7|1327\n|teamsize|p1|6\n|teamsize|p2|6\n|gen|9\n|tier|[Gen 9] National Dex\n|rated|\n|rule|HP Percentage Mod: HP is shown in percentages\n|rule|Endless Battle Clause: Forcing endless battles is banned\n|rule|OHKO Clause: OHKO moves are banned\n|rule|Evasion Clause: Evasion abilities, items, and moves are banned\n|rule|Evasion Abilities Clause: Evasion abilities are banned\n|rule|Evasion Items Clause: Evasion items are banned\n|rule|Evasion Moves Clause: Evasion moves are banned\n|rule|Species Clause: Limit one of each Pok\u00e9mon\n|rule|Sleep Clause Mod: Limit one foe put to sleep\n|clearpoke\n|poke|p1|Gliscor, F|\n|poke|p1|Alomomola, F|\n|poke|p1|Garganacl, M|\n|poke|p1|Aegislash, F|\n|poke|p1|Scizor, F|\n|poke|p1|Skeledirge, M|\n|poke|p2|Alomomola, F|\n|poke|p2|Xurkitree|\n|poke|p2|Lopunny, F|\n|poke|p2|Heatran, M|\n|poke|p2|Excadrill, M|\n|poke|p2|Clefable, F|\n|teampreview\n|inactive|Battle timer is ON: inactive players will automatically lose when time's up. (requested by mergency\u4e71\u821e)\n|\n|t:|1701066343\n|start\n|switch|p1a: Gliscor|Gliscor, F|100\/100\n|switch|p2a: Xurk Cousins|Xurkitree|100\/100\n|turn|1\n|\n|t:|1701066351\n|move|p1a: Gliscor|Protect|p1a: Gliscor\n|-singleturn|p1a: Gliscor|Protect\n|move|p2a: Xurk Cousins|Hidden Power|p1a: Gliscor\n|-activate|p1a: Gliscor|move: Protect\n|\n|-status|p1a: Gliscor|tox|[from] item: Toxic Orb\n|upkeep\n|turn|2\n|\n|t:|1701066358\n|switch|p1a: Garganacl|Garganacl, M|100\/100\n|move|p2a: Xurk Cousins|Hidden Power|p1a: Garganacl\n|-damage|p1a: Garganacl|81\/100\n|\n|upkeep\n|turn|3\n|\n|t:|1701066362\n|switch|p2a: Fenty|Alomomola, F, shiny|100\/100\n|-terastallize|p1a: Garganacl|Ghost\n|move|p1a: Garganacl|Salt Cure|p2a: Fenty\n|-damage|p2a: Fenty|92\/100\n|-start|p2a: Fenty|Salt Cure\n|\n|-damage|p2a: Fenty|68\/100|[from] Salt Cure\n|upkeep\n|turn|4\n|\n|t:|1701066368\n|move|p2a: Fenty|Flip Turn|p1a: Garganacl\n|-damage|p1a: Garganacl|71\/100\n|\n|t:|1701066373\n|switch|p2a: Hoplite|Lopunny, F|100\/100|[from] Flip Turn\n|move|p1a: Garganacl|Stealth Rock|p2a: Hoplite\n|-sidestart|p2: Ladattomatic|move: Stealth Rock\n|\n|upkeep\n|turn|5\n|\n|t:|1701066380\n|detailschange|p2a: Hoplite|Lopunny-Mega, F\n|-mega|p2a: Hoplite|Lopunny|Lopunnite\n|move|p2a: Hoplite|Fake Out|p1a: Garganacl\n|-damage|p1a: Garganacl|57\/100\n|cant|p1a: Garganacl|flinch\n|\n|upkeep\n|turn|6\n|\n|t:|1701066384\n|move|p2a: Hoplite|Return|p1a: Garganacl\n|-damage|p1a: Garganacl|23\/100\n|move|p1a: Garganacl|Recover|p1a: Garganacl\n|-heal|p1a: Garganacl|73\/100\n|\n|upkeep\n|turn|7\n|\n|t:|1701066389\n|move|p2a: Hoplite|Return|p1a: Garganacl\n|-crit|p1a: Garganacl\n|-damage|p1a: Garganacl|21\/100\n|move|p1a: Garganacl|Salt Cure|p2a: Hoplite\n|-resisted|p2a: Hoplite\n|-damage|p2a: Hoplite|92\/100\n|-start|p2a: Hoplite|Salt Cure\n|\n|-damage|p2a: Hoplite|79\/100|[from] Salt Cure\n|upkeep\n|turn|8\n|\n|t:|1701066397\n|switch|p1a: Alomomola|Alomomola, F|100\/100\n|move|p2a: Hoplite|Close Combat|p1a: Alomomola\n|-damage|p1a: Alomomola|68\/100\n|-unboost|p2a: Hoplite|def|1\n|-unboost|p2a: Hoplite|spd|1\n|-damage|p2a: Hoplite|63\/100|[from] item: Rocky Helmet|[of] p1a: Alomomola\n|\n|-damage|p2a: Hoplite|51\/100|[from] Salt Cure\n|upkeep\n|turn|9\n|\n|t:|1701066405\n|switch|p2a: Fenty|Alomomola, F, shiny|100\/100\n|move|p1a: Alomomola|Wish|p1a: Alomomola\n|\n|upkeep\n|turn|10\n|\n|t:|1701066413\n|move|p1a: Alomomola|Flip Turn|p2a: Fenty\n|-resisted|p2a: Fenty\n|-damage|p2a: Fenty|96\/100\n|\n|t:|1701066416\n|switch|p1a: Garganacl|Garganacl, M, tera:Ghost|21\/100|[from] Flip Turn\n|move|p2a: Fenty|Flip Turn|p1a: Garganacl\n|-crit|p1a: Garganacl\n|-damage|p1a: Garganacl|7\/100\n|\n|t:|1701066431\n|switch|p2a: Hot Pocket|Heatran, M|100\/100|[from] Flip Turn\n|-damage|p2a: Hot Pocket|88\/100|[from] Stealth Rock\n|\n|-heal|p1a: Garganacl|75\/100|[from] move: Wish|[wisher] Alomomola\n|-heal|p2a: Hot Pocket|94\/100|[from] item: Leftovers\n|upkeep\n|turn|11\n|\n|t:|1701066442\n|move|p2a: Hot Pocket|Taunt|p1a: Garganacl\n|-start|p1a: Garganacl|move: Taunt\n|move|p1a: Garganacl|Salt Cure|p2a: Hot Pocket\n|-damage|p2a: Hot Pocket|83\/100\n|-start|p2a: Hot Pocket|Salt Cure\n|\n|-heal|p2a: Hot Pocket|90\/100|[from] item: Leftovers\n|-damage|p2a: Hot Pocket|65\/100|[from] Salt Cure\n|upkeep\n|turn|12\n|\n|t:|1701066457\n|switch|p1a: Gliscor|Gliscor, F|100\/100 tox\n|move|p2a: Hot Pocket|Magma Storm|p1a: Gliscor\n|-damage|p1a: Gliscor|63\/100 tox\n|-activate|p1a: Gliscor|move: Magma Storm|[of] p2a: Hot Pocket\n|\n|-heal|p2a: Hot Pocket|71\/100|[from] item: Leftovers\n|-heal|p1a: Gliscor|75\/100 tox|[from] ability: Poison Heal\n|-damage|p1a: Gliscor|63\/100 tox|[from] move: Magma Storm|[partiallytrapped]\n|-damage|p2a: Hot Pocket|46\/100|[from] Salt Cure\n|upkeep\n|turn|13\n|\n|t:|1701066464\n|move|p1a: Gliscor|Protect|p1a: Gliscor\n|-singleturn|p1a: Gliscor|Protect\n|move|p2a: Hot Pocket|Stealth Rock|p1a: Gliscor\n|-sidestart|p1: mergency\u4e71\u821e|move: Stealth Rock\n|\n|-heal|p2a: Hot Pocket|52\/100|[from] item: Leftovers\n|-heal|p1a: Gliscor|75\/100 tox|[from] ability: Poison Heal\n|-damage|p1a: Gliscor|63\/100 tox|[from] move: Magma Storm|[partiallytrapped]\n|-damage|p2a: Hot Pocket|27\/100|[from] Salt Cure\n|upkeep\n|turn|14\n|\n|t:|1701066468\n|switch|p2a: Fenty|Alomomola, F, shiny|100\/100\n|move|p1a: Gliscor|Spikes|p2a: Fenty\n|-sidestart|p2: Ladattomatic|Spikes\n|\n|-heal|p1a: Gliscor|75\/100 tox|[from] ability: Poison Heal\n|-end|p1a: Gliscor|Magma Storm|[partiallytrapped]|[silent]\n|upkeep\n|turn|15\n|\n|t:|1701066474\n|move|p1a: Gliscor|Protect|p1a: Gliscor\n|-singleturn|p1a: Gliscor|Protect\n|move|p2a: Fenty|Wish|p2a: Fenty\n|\n|-heal|p1a: Gliscor|88\/100 tox|[from] ability: Poison Heal\n|upkeep\n|turn|16\n|\n|t:|1701066479\n|move|p1a: Gliscor|Spikes|p2a: Fenty\n|-sidestart|p2: Ladattomatic|Spikes\n|move|p2a: Fenty|Flip Turn|p1a: Gliscor\n|-supereffective|p1a: Gliscor\n|-damage|p1a: Gliscor|60\/100 tox\n|\n|t:|1701066488\n|switch|p2a: Hoplite|Lopunny-Mega, F|51\/100|[from] Flip Turn\n|-damage|p2a: Hoplite|45\/100|[from] Stealth Rock\n|-damage|p2a: Hoplite|28\/100|[from] Spikes\n|\n|-heal|p2a: Hoplite|100\/100|[from] move: Wish|[wisher] Fenty\n|-heal|p1a: Gliscor|73\/100 tox|[from] ability: Poison Heal\n|upkeep\n|turn|17\n|\n|t:|1701066493\n|move|p1a: Gliscor|Protect|p1a: Gliscor\n|-singleturn|p1a: Gliscor|Protect\n|move|p2a: Hoplite|Fake Out|p1a: Gliscor\n|-activate|p1a: Gliscor|move: Protect\n|\n|-heal|p1a: Gliscor|85\/100 tox|[from] ability: Poison Heal\n|upkeep\n|turn|18\n|\n|t:|1701066510\n|move|p2a: Hoplite|Triple Axel|p1a: Gliscor\n|-supereffective|p1a: Gliscor\n|-damage|p1a: Gliscor|60\/100 tox\n|-hitcount|p1a: Gliscor|1\n|move|p1a: Gliscor|U-turn|p2a: Hoplite\n|-resisted|p2a: Hoplite\n|-damage|p2a: Hoplite|91\/100\n|c|\u2606Ladattomatic|ofc\n|\n|t:|1701066524\n|switch|p1a: Aegislash|Aegislash, F|100\/100|[from] U-turn\n|-damage|p1a: Aegislash|94\/100|[from] Stealth Rock\n|\n|-heal|p1a: Aegislash|100\/100|[from] item: Leftovers\n|upkeep\n|turn|19\n|\n|t:|1701066533\n|move|p2a: Hoplite|Close Combat|p1a: Aegislash\n|-supereffective|p1a: Aegislash\n|-damage|p1a: Aegislash|2\/100\n|-unboost|p2a: Hoplite|def|1\n|-unboost|p2a: Hoplite|spd|1\n|move|p1a: Aegislash|Substitute|p1a: Aegislash\n|-fail|p1a: Aegislash|move: Substitute|[weak]\n|\n|-heal|p1a: Aegislash|9\/100|[from] item: Leftovers\n|upkeep\n|turn|20\n|\n|t:|1701066543\n|move|p1a: Aegislash|King's Shield|p1a: Aegislash\n|-singleturn|p1a: Aegislash|Protect\n|move|p2a: Hoplite|Return|p1a: Aegislash\n|-activate|p1a: Aegislash|move: Protect\n|-unboost|p2a: Hoplite|atk|1\n|\n|-heal|p1a: Aegislash|15\/100|[from] item: Leftovers\n|upkeep\n|turn|21\n|\n|t:|1701066551\n|switch|p1a: Alomomola|Alomomola, F|100\/100\n|-damage|p1a: Alomomola|88\/100|[from] Stealth Rock\n|move|p2a: Hoplite|Close Combat|p1a: Alomomola\n|-damage|p1a: Alomomola|66\/100\n|-unboost|p2a: Hoplite|def|1\n|-unboost|p2a: Hoplite|spd|1\n|-damage|p2a: Hoplite|74\/100|[from] item: Rocky Helmet|[of] p1a: Alomomola\n|\n|upkeep\n|turn|22\n|\n|t:|1701066556\n|switch|p2a: Fenty|Alomomola, F, shiny|100\/100\n|move|p1a: Alomomola|Toxic|p2a: Fenty\n|-status|p2a: Fenty|tox\n|\n|-damage|p2a: Fenty|94\/100 tox|[from] psn\n|upkeep\n|turn|23\n|\n|t:|1701066562\n|move|p1a: Alomomola|Wish|p1a: Alomomola\n|move|p2a: Fenty|Wish|p2a: Fenty\n|\n|-damage|p2a: Fenty|82\/100 tox|[from] psn\n|upkeep\n|turn|24\n|\n|t:|1701066565\n|move|p2a: Fenty|Flip Turn|p1a: Alomomola\n|-resisted|p1a: Alomomola\n|-damage|p1a: Alomomola|61\/100\n|-damage|p2a: Fenty|65\/100 tox|[from] item: Rocky Helmet|[of] p1a: Alomomola\n|\n|t:|1701066591\n|switch|p2a: Xurk Cousins|Xurkitree|100\/100|[from] Flip Turn\n|-damage|p2a: Xurk Cousins|88\/100|[from] Stealth Rock\n|-damage|p2a: Xurk Cousins|72\/100|[from] Spikes\n|move|p1a: Alomomola|Flip Turn|p2a: Xurk Cousins\n|-damage|p2a: Xurk Cousins|48\/100\n|\n|t:|1701066593\n|switch|p1a: Aegislash|Aegislash, F|15\/100|[from] Flip Turn\n|-damage|p1a: Aegislash|9\/100|[from] Stealth Rock\n|\n|-heal|p1a: Aegislash|91\/100|[from] move: Wish|[wisher] Alomomola\n|-heal|p2a: Xurk Cousins|100\/100|[from] move: Wish|[wisher] Fenty\n|-heal|p1a: Aegislash|97\/100|[from] item: Leftovers\n|upkeep\n|turn|25\n|\n|t:|1701066607\n|switch|p2a: Fenty|Alomomola, F, shiny|99\/100 tox\n|move|p1a: Aegislash|King's Shield||[still]\n|-fail|p1a: Aegislash\n|\n|-heal|p1a: Aegislash|100\/100|[from] item: Leftovers\n|-damage|p2a: Fenty|92\/100 tox|[from] psn\n|upkeep\n|turn|26\n|\n|t:|1701066632\n|move|p1a: Aegislash|Substitute|p1a: Aegislash\n|-start|p1a: Aegislash|Substitute\n|-damage|p1a: Aegislash|75\/100\n|move|p2a: Fenty|Wish|p2a: Fenty\n|\n|-heal|p1a: Aegislash|82\/100|[from] item: Leftovers\n|-damage|p2a: Fenty|80\/100 tox|[from] psn\n|upkeep\n|turn|27\n|\n|t:|1701066639\n|-formechange|p1a: Aegislash|Aegislash-Blade||[from] ability: Stance Change\n|move|p1a: Aegislash|Shadow Ball|p2a: Fenty\n|-damage|p2a: Fenty|24\/100 tox\n|move|p2a: Fenty|Knock Off|p1a: Aegislash\n|-supereffective|p1a: Aegislash\n|-end|p1a: Aegislash|Substitute\n|\n|-heal|p2a: Fenty|74\/100 tox|[from] move: Wish|[wisher] Fenty\n|-heal|p1a: Aegislash|88\/100|[from] item: Leftovers\n|-damage|p2a: Fenty|56\/100 tox|[from] psn\n|upkeep\n|turn|28\n|\n|t:|1701066651\n|switch|p2a: Hoplite|Lopunny-Mega, F|74\/100\n|-damage|p2a: Hoplite|68\/100|[from] Stealth Rock\n|-damage|p2a: Hoplite|51\/100|[from] Spikes\n|move|p1a: Aegislash|Shadow Ball|p2a: Hoplite\n|-immune|p2a: Hoplite\n|\n|-heal|p1a: Aegislash|94\/100|[from] item: Leftovers\n|upkeep\n|turn|29\n|\n|t:|1701066658\n|switch|p2a: Fenty|Alomomola, F, shiny|89\/100 tox\n|-formechange|p1a: Aegislash|Aegislash||[from] ability: Stance Change\n|move|p1a: Aegislash|King's Shield||[still]\n|-fail|p1a: Aegislash\n|\n|-heal|p1a: Aegislash|99\/100|[from] item: Leftovers\n|-damage|p2a: Fenty|83\/100 tox|[from] psn\n|upkeep\n|turn|30\n|\n|t:|1701066668\n|move|p1a: Aegislash|Substitute|p1a: Aegislash\n|-start|p1a: Aegislash|Substitute\n|-damage|p1a: Aegislash|75\/100\n|move|p2a: Fenty|Flip Turn|p1a: Aegislash\n|-activate|p1a: Aegislash|move: Substitute|[damage]\n|\n|t:|1701066672\n|switch|p2a: Hoplite|Lopunny-Mega, F|51\/100|[from] Flip Turn\n|-damage|p2a: Hoplite|46\/100|[from] Stealth Rock\n|-damage|p2a: Hoplite|29\/100|[from] Spikes\n|\n|-heal|p1a: Aegislash|81\/100|[from] item: Leftovers\n|upkeep\n|turn|31\n|\n|t:|1701066677\n|switch|p2a: Fenty|Alomomola, F, shiny|100\/100 tox\n|-formechange|p1a: Aegislash|Aegislash-Blade||[from] ability: Stance Change\n|move|p1a: Aegislash|Flash Cannon|p2a: Fenty\n|-resisted|p2a: Fenty\n|-damage|p2a: Fenty|73\/100 tox\n|\n|-heal|p1a: Aegislash|88\/100|[from] item: Leftovers\n|-damage|p2a: Fenty|66\/100 tox|[from] psn\n|upkeep\n|turn|32\n|\n|t:|1701066681\n|move|p1a: Aegislash|Flash Cannon|p2a: Fenty\n|-resisted|p2a: Fenty\n|-damage|p2a: Fenty|42\/100 tox\n|move|p2a: Fenty|Wish|p2a: Fenty\n|\n|-heal|p1a: Aegislash|94\/100|[from] item: Leftovers\n|-damage|p2a: Fenty|30\/100 tox|[from] psn\n|upkeep\n|turn|33\n|\n|t:|1701066689\n|move|p2a: Fenty|Protect|p2a: Fenty\n|-singleturn|p2a: Fenty|Protect\n|move|p1a: Aegislash|Shadow Ball|p2a: Fenty\n|-activate|p2a: Fenty|move: Protect\n|\n|-heal|p2a: Fenty|80\/100 tox|[from] move: Wish|[wisher] Fenty\n|-heal|p1a: Aegislash|99\/100|[from] item: Leftovers\n|-damage|p2a: Fenty|61\/100 tox|[from] psn\n|upkeep\n|turn|34\n|\n|t:|1701066698\n|switch|p2a: Trouble Clef|Clefable, F, shiny|100\/100\n|-damage|p2a: Trouble Clef|88\/100|[from] Stealth Rock\n|-damage|p2a: Trouble Clef|72\/100|[from] Spikes\n|move|p1a: Aegislash|Flash Cannon|p2a: Trouble Clef\n|-supereffective|p2a: Trouble Clef\n|-damage|p2a: Trouble Clef|0 fnt\n|faint|p2a: Trouble Clef\n|\n|-heal|p1a: Aegislash|100\/100|[from] item: Leftovers\n|upkeep\n|\n|t:|1701066708\n|switch|p2a: Hot Pocket|Heatran, M|27\/100\n|-damage|p2a: Hot Pocket|15\/100|[from] Stealth Rock\n|-damage|p2a: Hot Pocket|0 fnt|[from] Spikes\n|faint|p2a: Hot Pocket\n|\n|t:|1701066712\n|switch|p2a: Hoplite|Lopunny-Mega, F|29\/100\n|-damage|p2a: Hoplite|23\/100|[from] Stealth Rock\n|-damage|p2a: Hoplite|6\/100|[from] Spikes\n|turn|35\n|\n|t:|1701066715\n|move|p2a: Hoplite|Fake Out|p1a: Aegislash\n|-resisted|p1a: Aegislash\n|-end|p1a: Aegislash|Substitute\n|move|p1a: Aegislash|Flash Cannon|p2a: Hoplite\n|-damage|p2a: Hoplite|0 fnt\n|faint|p2a: Hoplite\n|\n|upkeep\n|\n|t:|1701066730\n|switch|p2a: Can Opener|Excadrill, M|100\/100\n|-damage|p2a: Can Opener|97\/100|[from] Stealth Rock\n|-damage|p2a: Can Opener|81\/100|[from] Spikes\n|-ability|p2a: Can Opener|Mold Breaker\n|turn|36\n|\n|t:|1701066738\n|-formechange|p1a: Aegislash|Aegislash||[from] ability: Stance Change\n|move|p1a: Aegislash|King's Shield|p1a: Aegislash\n|-singleturn|p1a: Aegislash|Protect\n|move|p2a: Can Opener|Swords Dance|p2a: Can Opener\n|-boost|p2a: Can Opener|atk|2\n|\n|upkeep\n|turn|37\n|\n|t:|1701066747\n|switch|p1a: Skeledirge|Skeledirge, M|100\/100\n|move|p2a: Can Opener|Earthquake|p1a: Skeledirge\n|-supereffective|p1a: Skeledirge\n|-damage|p1a: Skeledirge|0 fnt\n|faint|p1a: Skeledirge\n|\n|upkeep\n|\n|t:|1701066754\n|switch|p1a: Garganacl|Garganacl, M, tera:Ghost|75\/100\n|turn|38\n|\n|t:|1701066758\n|-zpower|p2a: Can Opener\n|move|p2a: Can Opener|Corkscrew Crash|p1a: Garganacl|[zeffect]\n|-damage|p1a: Garganacl|0 fnt\n|faint|p1a: Garganacl\n|\n|upkeep\n|\n|t:|1701066762\n|switch|p1a: Gliscor|Gliscor, F|60\/100 tox\n|-damage|p1a: Gliscor|48\/100 tox|[from] Stealth Rock\n|turn|39\n|\n|t:|1701066765\n|move|p2a: Can Opener|Iron Head|p1a: Gliscor\n|-damage|p1a: Gliscor|0 fnt\n|faint|p1a: Gliscor\n|\n|upkeep\n|\n|t:|1701066771\n|switch|p1a: Alomomola|Alomomola, F|95\/100\n|-damage|p1a: Alomomola|82\/100|[from] Stealth Rock\n|turn|40\n|\n|t:|1701066776\n|move|p2a: Can Opener|Rapid Spin|p1a: Alomomola\n|-damage|p1a: Alomomola|64\/100\n|-boost|p2a: Can Opener|spe|1\n|-damage|p2a: Can Opener|64\/100|[from] item: Rocky Helmet|[of] p1a: Alomomola\n|-sideend|p2: Ladattomatic|Spikes|[from] move: Rapid Spin|[of] p2a: Can Opener\n|-sideend|p2: Ladattomatic|Stealth Rock|[from] move: Rapid Spin|[of] p2a: Can Opener\n|move|p1a: Alomomola|Wish|p1a: Alomomola\n|\n|upkeep\n|turn|41\n|\n|t:|1701066783\n|move|p1a: Alomomola|Protect|p1a: Alomomola\n|-singleturn|p1a: Alomomola|Protect\n|move|p2a: Can Opener|Swords Dance|p2a: Can Opener\n|-boost|p2a: Can Opener|atk|2\n|\n|-heal|p1a: Alomomola|100\/100|[from] move: Wish|[wisher] Alomomola\n|upkeep\n|turn|42\n|\n|t:|1701066786\n|move|p2a: Can Opener|Earthquake|p1a: Alomomola\n|-damage|p1a: Alomomola|17\/100\n|move|p1a: Alomomola|Wish|p1a: Alomomola\n|\n|upkeep\n|turn|43\n|\n|t:|1701066791\n|move|p2a: Can Opener|Earthquake|p1a: Alomomola\n|-damage|p1a: Alomomola|0 fnt\n|faint|p1a: Alomomola\n|\n|upkeep\n|-message|mergency\u4e71\u821e forfeited.\n|\n|win|Ladattomatic\n|raw|mergency\u4e71\u821e's rating: 1372 &rarr; <strong>1349<\/strong><br \/>(-23 for losing)\n|raw|Ladattomatic's rating: 1327 &rarr; <strong>1350<\/strong><br \/>(+23 for winning)\n|l|\u2606mergency\u4e71\u821e\n","uploadtime":1701066801,"views":13,"p1id":"mergency","p2id":"ladattomatic","formatid":"gen9nationaldex","rating":1349,"private":0,"password":""}