{"id":"gen9nationaldex-1998689852","p1":"Guadalupe6666","p2":"Young Girl Klara","format":"[Gen 9] National Dex","log":"|html|<div class=\"broadcast-blue\"><strong>[Gen 9] National Dex is currently suspecting Sneasler! For information on how to participate check out the <a href=\"https:\/\/www.smogon.com\/forums\/threads\/sv-national-dex-suspect-8-just-dance.3731534\/\">suspect thread<\/a>.<\/strong><\/div>\n|j|\u2606Guadalupe6666\n|j|\u203dYoung Girl Klara\n|t:|1700972964\n|gametype|singles\n|player|p1|Guadalupe6666|marley|1065\n|player|p2|Young Girl Klara|klara|1147\n|teamsize|p1|6\n|teamsize|p2|6\n|gen|9\n|tier|[Gen 9] National Dex\n|rated|\n|rule|HP Percentage Mod: HP is shown in percentages\n|rule|Endless Battle Clause: Forcing endless battles is banned\n|rule|OHKO Clause: OHKO moves are banned\n|rule|Evasion Clause: Evasion abilities, items, and moves are banned\n|rule|Evasion Abilities Clause: Evasion abilities are banned\n|rule|Evasion Items Clause: Evasion items are banned\n|rule|Evasion Moves Clause: Evasion moves are banned\n|rule|Species Clause: Limit one of each Pok\u00e9mon\n|rule|Sleep Clause Mod: Limit one foe put to sleep\n|clearpoke\n|poke|p1|Latios, M|\n|poke|p1|Hydreigon, M|\n|poke|p1|Salamence, M|\n|poke|p1|Haxorus, M|\n|poke|p1|Dracozolt|\n|poke|p1|Smeargle, M|\n|poke|p2|Reuniclus, F|\n|poke|p2|Clefable, F|\n|poke|p2|Gliscor, F|\n|poke|p2|Aggron, M|\n|poke|p2|Trevenant, M|\n|poke|p2|Glalie, F|\n|teampreview\n|\n|t:|1700972969\n|start\n|switch|p1a: Smeargle|Smeargle, M, shiny|100\/100\n|switch|p2a: Aggron|Aggron, M|100\/100\n|turn|1\n|inactive|Battle timer is ON: inactive players will automatically lose when time's up. (requested by Guadalupe6666)\n|\n|t:|1700972977\n|move|p1a: Smeargle|Nuzzle|p2a: Aggron\n|-damage|p2a: Aggron|99\/100\n|-status|p2a: Aggron|par\n|move|p2a: Aggron|Stealth Rock|p1a: Smeargle\n|-sidestart|p1: Guadalupe6666|move: Stealth Rock\n|\n|-heal|p2a: Aggron|100\/100 par|[from] item: Leftovers\n|upkeep\n|turn|2\n|\n|t:|1700972985\n|move|p1a: Smeargle|Rapid Spin|p2a: Aggron\n|-resisted|p2a: Aggron\n|-damage|p2a: Aggron|99\/100 par\n|-boost|p1a: Smeargle|spe|1\n|-sideend|p1: Guadalupe6666|Stealth Rock|[from] move: Rapid Spin|[of] p1a: Smeargle\n|move|p2a: Aggron|Heavy Slam|p1a: Smeargle\n|-enditem|p1a: Smeargle|Focus Sash\n|-damage|p1a: Smeargle|1\/100\n|\n|-heal|p2a: Aggron|100\/100 par|[from] item: Leftovers\n|upkeep\n|turn|3\n|\n|t:|1700972996\n|move|p1a: Smeargle|Sticky Web|p2a: Aggron\n|-sidestart|p2: Young Girl Klara|move: Sticky Web\n|move|p2a: Aggron|Stealth Rock|p1a: Smeargle\n|-sidestart|p1: Guadalupe6666|move: Stealth Rock\n|\n|upkeep\n|turn|4\n|inactive|Young Girl Klara has 120 seconds left.\n|\n|t:|1700973042\n|move|p1a: Smeargle|Rapid Spin|p2a: Aggron\n|-resisted|p2a: Aggron\n|-damage|p2a: Aggron|99\/100 par\n|-boost|p1a: Smeargle|spe|1\n|-sideend|p1: Guadalupe6666|Stealth Rock|[from] move: Rapid Spin|[of] p1a: Smeargle\n|move|p2a: Aggron|Head Smash|p1a: Smeargle\n|-damage|p1a: Smeargle|0 fnt\n|faint|p1a: Smeargle\n|\n|-heal|p2a: Aggron|100\/100 par|[from] item: Leftovers\n|upkeep\n|\n|t:|1700973063\n|switch|p1a: Salamence|Salamence, M|100\/100\n|turn|5\n|\n|t:|1700973084\n|move|p1a: Salamence|Earthquake|p2a: Aggron\n|-supereffective|p2a: Aggron\n|-damage|p2a: Aggron|17\/100 par\n|move|p2a: Aggron|Head Smash|p1a: Salamence|[miss]\n|-miss|p2a: Aggron|p1a: Salamence\n|\n|-heal|p2a: Aggron|23\/100 par|[from] item: Leftovers\n|upkeep\n|turn|6\n|\n|t:|1700973094\n|switch|p2a: Gliscor|Gliscor, F|100\/100\n|move|p1a: Salamence|Earthquake|p2a: Gliscor\n|-immune|p2a: Gliscor\n|\n|-status|p2a: Gliscor|tox|[from] item: Toxic Orb\n|upkeep\n|turn|7\n|\n|t:|1700973102\n|move|p1a: Salamence|Focus Energy|p1a: Salamence\n|-start|p1a: Salamence|move: Focus Energy\n|move|p2a: Gliscor|Spikes|p1a: Salamence\n|-sidestart|p1: Guadalupe6666|Spikes\n|\n|upkeep\n|turn|8\n|inactive|Young Girl Klara has 120 seconds left.\n|\n|t:|1700973118\n|-terastallize|p1a: Salamence|Fire\n|move|p1a: Salamence|Tera Blast|p2a: Gliscor|[anim] Tera Blast Fire\n|-crit|p2a: Gliscor\n|-damage|p2a: Gliscor|53\/100 tox\n|move|p2a: Gliscor|U-turn|p1a: Salamence\n|-resisted|p1a: Salamence\n|-damage|p1a: Salamence|92\/100\n|\n|t:|1700973123\n|switch|p2a: Clefable|Clefable, F|100\/100|[from] U-turn\n|-activate|p2a: Clefable|move: Sticky Web\n|-unboost|p2a: Clefable|spe|1\n|\n|upkeep\n|turn|9\n|\n|t:|1700973131\n|move|p1a: Salamence|Earthquake|p2a: Clefable\n|-crit|p2a: Clefable\n|-damage|p2a: Clefable|51\/100\n|move|p2a: Clefable|Wish|p2a: Clefable\n|\n|-heal|p2a: Clefable|57\/100|[from] item: Leftovers\n|upkeep\n|turn|10\n|\n|t:|1700973138\n|move|p2a: Clefable|Protect|p2a: Clefable\n|-singleturn|p2a: Clefable|Protect\n|move|p1a: Salamence|Earthquake|p2a: Clefable\n|-activate|p2a: Clefable|move: Protect\n|\n|-heal|p2a: Clefable|100\/100|[from] move: Wish|[wisher] Clefable\n|upkeep\n|turn|11\n|-message|Guadalupe6666 forfeited.\n|\n|win|Young Girl Klara\n|raw|Guadalupe6666's rating: 1065 &rarr; <strong>1053<\/strong><br \/>(-12 for losing)\n|raw|Young Girl Klara's rating: 1204 &rarr; <strong>1219<\/strong><br \/>(+15 for winning)\n|l|\u2606Guadalupe6666\n","uploadtime":1700973151,"views":10,"p1id":"guadalupe6666","p2id":"younggirlklara","formatid":"gen9nationaldex","rating":1053,"private":0,"password":""}