{"id":"gen9nationaldex-1992396911","p1":"LeeTGM","p2":"StealthBox","format":"[Gen 9] National Dex","log":"|j|\u2606LeeTGM\n|j|\u2606StealthBox\n|t:|1700182780\n|gametype|singles\n|player|p1|LeeTGM|ethan|1210\n|player|p2|StealthBox|hilbert|1266\n|teamsize|p1|6\n|teamsize|p2|6\n|gen|9\n|tier|[Gen 9] National Dex\n|rated|\n|rule|HP Percentage Mod: HP is shown in percentages\n|rule|Endless Battle Clause: Forcing endless battles is banned\n|rule|OHKO Clause: OHKO moves are banned\n|rule|Evasion Clause: Evasion abilities, items, and moves are banned\n|rule|Evasion Abilities Clause: Evasion abilities are banned\n|rule|Evasion Items Clause: Evasion items are banned\n|rule|Evasion Moves Clause: Evasion moves are banned\n|rule|Species Clause: Limit one of each Pok\u00e9mon\n|rule|Sleep Clause Mod: Limit one foe put to sleep\n|clearpoke\n|poke|p1|Charizard, M|\n|poke|p1|Delphox, F|\n|poke|p1|Serperior, M|\n|poke|p1|Greninja-*, M|\n|poke|p1|Infernape, F|\n|poke|p1|Quaquaval, F|\n|poke|p2|Sceptile, M|\n|poke|p2|Aegislash, M|\n|poke|p2|Mandibuzz, F|\n|poke|p2|Cinderace, M|\n|poke|p2|Rotom-Wash|\n|poke|p2|Sneasler, F|\n|teampreview\n|inactive|Battle timer is ON: inactive players will automatically lose when time's up. (requested by LeeTGM)\n|\n|t:|1700182798\n|start\n|switch|p1a: Quaquaval|Quaquaval, F|100\/100\n|switch|p2a: Sneasler|Sneasler, F|100\/100\n|turn|1\n|\n|t:|1700182805\n|move|p2a: Sneasler|Fake Out|p1a: Quaquaval\n|-damage|p1a: Quaquaval|77\/100\n|-status|p1a: Quaquaval|psn|[from] ability: Poison Touch|[of] p2a: Sneasler\n|-damage|p2a: Sneasler|91\/100|[from] item: Life Orb\n|cant|p1a: Quaquaval|flinch\n|\n|-heal|p1a: Quaquaval|83\/100 psn|[from] item: Leftovers\n|-damage|p1a: Quaquaval|71\/100 psn|[from] psn\n|upkeep\n|turn|2\n|\n|t:|1700182822\n|move|p2a: Sneasler|Close Combat|p1a: Quaquaval\n|-damage|p1a: Quaquaval|0 fnt\n|-unboost|p2a: Sneasler|def|1\n|-unboost|p2a: Sneasler|spd|1\n|faint|p1a: Quaquaval\n|-damage|p2a: Sneasler|81\/100|[from] item: Life Orb\n|\n|upkeep\n|\n|t:|1700182841\n|switch|p1a: Delphox|Delphox, F|100\/100\n|turn|3\n|\n|t:|1700182847\n|switch|p2a: Mandibuzz|Mandibuzz, F|100\/100\n|move|p1a: Delphox|Reflect|p1a: Delphox\n|-sidestart|p1: LeeTGM|Reflect\n|\n|upkeep\n|turn|4\n|\n|t:|1700182856\n|move|p1a: Delphox|Light Screen|p1a: Delphox\n|-sidestart|p1: LeeTGM|move: Light Screen\n|move|p2a: Mandibuzz|Toxic|p1a: Delphox\n|-status|p1a: Delphox|tox\n|\n|-damage|p1a: Delphox|94\/100 tox|[from] psn\n|upkeep\n|turn|5\n|\n|t:|1700182870\n|switch|p1a: Greninja|Greninja, M|100\/100\n|move|p2a: Mandibuzz|Defog|p1a: Greninja\n|-unboost|p1a: Greninja|evasion|1\n|-sideend|p1: LeeTGM|Reflect\n|-sideend|p1: LeeTGM|move: Light Screen\n|\n|upkeep\n|turn|6\n|\n|t:|1700182877\n|switch|p1a: Delphox|Delphox, F|94\/100 tox\n|move|p2a: Mandibuzz|Foul Play|p1a: Delphox\n|-supereffective|p1a: Delphox\n|-damage|p1a: Delphox|53\/100 tox\n|\n|-damage|p1a: Delphox|47\/100 tox|[from] psn\n|upkeep\n|turn|7\n|\n|t:|1700182883\n|move|p1a: Delphox|Dazzling Gleam|p2a: Mandibuzz\n|-supereffective|p2a: Mandibuzz\n|-damage|p2a: Mandibuzz|67\/100\n|move|p2a: Mandibuzz|Foul Play|p1a: Delphox\n|-supereffective|p1a: Delphox\n|-damage|p1a: Delphox|3\/100 tox\n|\n|-damage|p1a: Delphox|0 fnt|[from] psn\n|faint|p1a: Delphox\n|upkeep\n|\n|t:|1700182890\n|switch|p1a: Charizard|Charizard, M|100\/100\n|turn|8\n|\n|t:|1700182895\n|detailschange|p1a: Charizard|Charizard-Mega-X, M\n|-mega|p1a: Charizard|Charizard|Charizardite X\n|move|p1a: Charizard|Belly Drum|p1a: Charizard\n|-damage|p1a: Charizard|51\/100\n|-setboost|p1a: Charizard|atk|6|[from] move: Belly Drum\n|move|p2a: Mandibuzz|Toxic|p1a: Charizard\n|-status|p1a: Charizard|tox\n|\n|-damage|p1a: Charizard|45\/100 tox|[from] psn\n|upkeep\n|turn|9\n|\n|t:|1700182905\n|move|p1a: Charizard|Flame Charge|p2a: Mandibuzz\n|-damage|p2a: Mandibuzz|0 fnt\n|-boost|p1a: Charizard|spe|1\n|-damage|p1a: Charizard|28\/100 tox|[from] item: Rocky Helmet|[of] p2a: Mandibuzz\n|faint|p2a: Mandibuzz\n|\n|-damage|p1a: Charizard|16\/100 tox|[from] psn\n|upkeep\n|\n|t:|1700182913\n|switch|p2a: Sneasler|Sneasler, F|81\/100\n|turn|10\n|\n|t:|1700182916\n|move|p2a: Sneasler|Fake Out|p1a: Charizard\n|-damage|p1a: Charizard|0 fnt\n|faint|p1a: Charizard\n|-damage|p2a: Sneasler|71\/100|[from] item: Life Orb\n|\n|upkeep\n|\n|t:|1700182920\n|switch|p1a: Infernape|Infernape, F|100\/100\n|turn|11\n|\n|t:|1700182930\n|move|p2a: Sneasler|Dire Claw|p1a: Infernape\n|-damage|p1a: Infernape|20\/100\n|-status|p1a: Infernape|par\n|-damage|p2a: Sneasler|61\/100|[from] item: Life Orb\n|move|p1a: Infernape|Nasty Plot|p1a: Infernape\n|-boost|p1a: Infernape|spa|2\n|\n|upkeep\n|turn|12\n|\n|t:|1700182940\n|switch|p2a: Aegislash|Aegislash, M|100\/100\n|move|p1a: Infernape|Vacuum Wave|p2a: Aegislash\n|-immune|p2a: Aegislash\n|\n|upkeep\n|turn|13\n|\n|t:|1700182948\n|-formechange|p2a: Aegislash|Aegislash-Blade||[from] ability: Stance Change\n|move|p2a: Aegislash|Shadow Sneak|p1a: Infernape\n|-damage|p1a: Infernape|0 fnt\n|faint|p1a: Infernape\n|\n|upkeep\n|\n|t:|1700182952\n|switch|p1a: Greninja|Greninja, M|100\/100\n|turn|14\n|\n|t:|1700182955\n|-formechange|p2a: Aegislash|Aegislash||[from] ability: Stance Change\n|move|p2a: Aegislash|King's Shield|p2a: Aegislash\n|-singleturn|p2a: Aegislash|Protect\n|move|p1a: Greninja|Swords Dance|p1a: Greninja\n|-boost|p1a: Greninja|atk|2\n|\n|upkeep\n|turn|15\n|\n|t:|1700182966\n|move|p1a: Greninja|Night Slash|p2a: Aegislash\n|-supereffective|p2a: Aegislash\n|-damage|p2a: Aegislash|13\/100\n|-formechange|p2a: Aegislash|Aegislash-Blade||[from] ability: Stance Change\n|move|p2a: Aegislash|Sacred Sword|p1a: Greninja\n|-supereffective|p1a: Greninja\n|-damage|p1a: Greninja|4\/100\n|\n|-heal|p2a: Aegislash|20\/100|[from] item: Leftovers\n|upkeep\n|turn|16\n|\n|t:|1700182975\n|move|p2a: Aegislash|Shadow Sneak|p1a: Greninja\n|-resisted|p1a: Greninja\n|-damage|p1a: Greninja|0 fnt\n|faint|p1a: Greninja\n|\n|-heal|p2a: Aegislash|26\/100|[from] item: Leftovers\n|upkeep\n|\n|t:|1700182977\n|switch|p1a: Serperior|Serperior, M|100\/100\n|turn|17\n|\n|t:|1700182982\n|move|p1a: Serperior|Substitute|p1a: Serperior\n|-start|p1a: Serperior|Substitute\n|-damage|p1a: Serperior|75\/100\n|move|p2a: Aegislash|Iron Head|p1a: Serperior\n|-end|p1a: Serperior|Substitute\n|\n|-heal|p1a: Serperior|82\/100|[from] item: Leftovers\n|-heal|p2a: Aegislash|32\/100|[from] item: Leftovers\n|upkeep\n|turn|18\n|\n|t:|1700182991\n|move|p1a: Serperior|Leaf Storm|p2a: Aegislash\n|-resisted|p2a: Aegislash\n|-damage|p2a: Aegislash|2\/100\n|-boost|p1a: Serperior|spa|2\n|move|p2a: Aegislash|Iron Head|p1a: Serperior\n|-damage|p1a: Serperior|33\/100\n|\n|-heal|p1a: Serperior|40\/100|[from] item: Leftovers\n|-heal|p2a: Aegislash|8\/100|[from] item: Leftovers\n|upkeep\n|turn|19\n|\n|t:|1700183002\n|move|p2a: Aegislash|Shadow Sneak|p1a: Serperior\n|-damage|p1a: Serperior|14\/100\n|move|p1a: Serperior|Leaf Storm|p2a: Aegislash\n|-resisted|p2a: Aegislash\n|-damage|p2a: Aegislash|0 fnt\n|-boost|p1a: Serperior|spa|2\n|faint|p2a: Aegislash\n|\n|-heal|p1a: Serperior|20\/100|[from] item: Leftovers\n|upkeep\n|-message|LeeTGM forfeited.\n|\n|win|StealthBox\n|raw|LeeTGM's rating: 1210 &rarr; <strong>1189<\/strong><br \/>(-21 for losing)\n|raw|StealthBox's rating: 1266 &rarr; <strong>1287<\/strong><br \/>(+21 for winning)\n|l|\u2606LeeTGM\n","uploadtime":1700183014,"views":7,"p1id":"leetgm","p2id":"stealthbox","formatid":"gen9nationaldex","rating":1189,"private":0,"password":""}