{"id":"gen9nationaldex-2000123690","p1":"mujiangge","p2":"satan_und_soehne","format":"[Gen 9] National Dex","log":"|html|<div class=\"broadcast-blue\"><strong>[Gen 9] National Dex is currently suspecting Sneasler! For information on how to participate check out the <a href=\"https:\/\/www.smogon.com\/forums\/threads\/sv-national-dex-suspect-8-just-dance.3731534\/\">suspect thread<\/a>.<\/strong><\/div>\n|j|\u2606mujiangge\n|j|\u2606satan_und_soehne\n|t:|1701159090\n|gametype|singles\n|player|p1|mujiangge|dawn|1260\n|player|p2|satan_und_soehne|265|1310\n|teamsize|p1|6\n|teamsize|p2|6\n|gen|9\n|tier|[Gen 9] National Dex\n|rated|\n|rule|HP Percentage Mod: HP is shown in percentages\n|rule|Endless Battle Clause: Forcing endless battles is banned\n|rule|OHKO Clause: OHKO moves are banned\n|rule|Evasion Clause: Evasion abilities, items, and moves are banned\n|rule|Evasion Abilities Clause: Evasion abilities are banned\n|rule|Evasion Items Clause: Evasion items are banned\n|rule|Evasion Moves Clause: Evasion moves are banned\n|rule|Species Clause: Limit one of each Pok\u00e9mon\n|rule|Sleep Clause Mod: Limit one foe put to sleep\n|clearpoke\n|poke|p1|Lopunny, F|\n|poke|p1|Samurott-Hisui, M|\n|poke|p1|Landorus-Therian, M|\n|poke|p1|Shaymin|\n|poke|p1|Tapu Lele|\n|poke|p1|Empoleon, F|\n|poke|p2|Tapu Lele|\n|poke|p2|Galvantula, F|\n|poke|p2|Volcarona, M|\n|poke|p2|Garchomp, M|\n|poke|p2|Greninja-*, M|\n|poke|p2|Great Tusk|\n|teampreview\n|\n|t:|1701159111\n|start\n|switch|p1a: Samurott|Samurott-Hisui, M, shiny|100\/100\n|switch|p2a: Tapu Lele|Tapu Lele|100\/100\n|-fieldstart|move: Psychic Terrain|[from] ability: Psychic Surge|[of] p2a: Tapu Lele\n|turn|1\n|\n|t:|1701159133\n|-terastallize|p1a: Samurott|Poison\n|move|p2a: Tapu Lele|Moonblast|p1a: Samurott\n|-resisted|p1a: Samurott\n|-damage|p1a: Samurott|62\/100\n|move|p1a: Samurott|Aqua Cutter|p2a: Tapu Lele\n|-crit|p2a: Tapu Lele\n|-damage|p2a: Tapu Lele|0 fnt\n|faint|p2a: Tapu Lele\n|\n|upkeep\n|\n|t:|1701159136\n|switch|p2a: Galvantula|Galvantula, F|100\/100\n|turn|2\n|\n|t:|1701159146\n|move|p2a: Galvantula|Sticky Web|p1a: Samurott\n|-sidestart|p1: mujiangge|move: Sticky Web\n|move|p1a: Samurott|Ceaseless Edge|p2a: Galvantula\n|-damage|p2a: Galvantula|22\/100\n|-sidestart|p2: satan_und_soehne|Spikes\n|\n|upkeep\n|turn|3\n|\n|t:|1701159152\n|move|p2a: Galvantula|Thunder|p1a: Samurott|[miss]\n|-miss|p2a: Galvantula|p1a: Samurott\n|move|p1a: Samurott|Ceaseless Edge|p2a: Galvantula\n|-damage|p2a: Galvantula|0 fnt\n|-sidestart|p2: satan_und_soehne|Spikes\n|faint|p2a: Galvantula\n|\n|upkeep\n|\n|t:|1701159156\n|switch|p2a: Great Tusk|Great Tusk|100\/100\n|turn|4\n|\n|t:|1701159169\n|move|p2a: Great Tusk|Earthquake|p1a: Samurott\n|-supereffective|p1a: Samurott\n|-damage|p1a: Samurott|0 fnt\n|faint|p1a: Samurott\n|\n|upkeep\n|\n|t:|1701159182\n|switch|p1a: Shaymin|Shaymin|100\/100\n|-activate|p1a: Shaymin|move: Sticky Web\n|-unboost|p1a: Shaymin|spe|1\n|turn|5\n|\n|t:|1701159188\n|move|p2a: Great Tusk|Rapid Spin|p1a: Shaymin\n|-damage|p1a: Shaymin|81\/100\n|-boost|p2a: Great Tusk|spe|1\n|-sideend|p2: satan_und_soehne|Spikes|[from] move: Rapid Spin|[of] p2a: Great Tusk\n|-zpower|p1a: Shaymin\n|move|p1a: Shaymin|Z-Celebrate|p1a: Shaymin|[anim]Celebrate\n|-boost|p1a: Shaymin|atk|1|[zeffect]\n|-boost|p1a: Shaymin|def|1|[zeffect]\n|-boost|p1a: Shaymin|spa|1|[zeffect]\n|-boost|p1a: Shaymin|spd|1|[zeffect]\n|-boost|p1a: Shaymin|spe|1|[zeffect]\n|-activate|p1a: Shaymin|move: Celebrate\n|\n|-fieldend|move: Psychic Terrain\n|upkeep\n|turn|6\n|\n|t:|1701159204\n|move|p2a: Great Tusk|Ice Spinner|p1a: Shaymin\n|-supereffective|p1a: Shaymin\n|-damage|p1a: Shaymin|45\/100\n|move|p1a: Shaymin|Seed Flare|p2a: Great Tusk\n|-supereffective|p2a: Great Tusk\n|-damage|p2a: Great Tusk|0 fnt\n|faint|p2a: Great Tusk\n|-end|p2a: Great Tusk|Protosynthesis|[silent]\n|\n|upkeep\n|\n|t:|1701159218\n|switch|p2a: Volcarona|Volcarona, M|100\/100\n|turn|7\n|\n|t:|1701159227\n|move|p1a: Shaymin|Earth Power|p2a: Volcarona\n|-damage|p2a: Volcarona|58\/100\n|move|p2a: Volcarona|Quiver Dance|p2a: Volcarona\n|-boost|p2a: Volcarona|spa|1\n|-boost|p2a: Volcarona|spd|1\n|-boost|p2a: Volcarona|spe|1\n|\n|upkeep\n|turn|8\n|\n|t:|1701159243\n|switch|p1a: Landorus|Landorus-Therian, M|100\/100\n|-ability|p1a: Landorus|Intimidate|boost\n|-unboost|p2a: Volcarona|atk|1\n|move|p2a: Volcarona|Fiery Dance|p1a: Landorus\n|-damage|p1a: Landorus|27\/100\n|\n|upkeep\n|turn|9\n|\n|t:|1701159259\n|move|p2a: Volcarona|Giga Drain|p1a: Landorus\n|-damage|p1a: Landorus|0 fnt\n|-heal|p2a: Volcarona|74\/100|[from] drain|[of] p1a: Landorus\n|faint|p1a: Landorus\n|\n|upkeep\n|\n|t:|1701159267\n|switch|p1a: Lopunny|Lopunny, F|100\/100\n|-activate|p1a: Lopunny|move: Sticky Web\n|-unboost|p1a: Lopunny|spe|1\n|turn|10\n|\n|t:|1701159273\n|detailschange|p1a: Lopunny|Lopunny-Mega, F\n|-mega|p1a: Lopunny|Lopunny|Lopunnite\n|move|p1a: Lopunny|Fake Out|p2a: Volcarona\n|-damage|p2a: Volcarona|38\/100\n|cant|p2a: Volcarona|flinch\n|\n|upkeep\n|turn|11\n|\n|t:|1701159282\n|move|p2a: Volcarona|Giga Drain|p1a: Lopunny\n|-damage|p1a: Lopunny|51\/100\n|-heal|p2a: Volcarona|60\/100|[from] drain|[of] p1a: Lopunny\n|move|p1a: Lopunny|Return|p2a: Volcarona\n|-damage|p2a: Volcarona|0 fnt\n|-status|p1a: Lopunny|brn|[from] ability: Flame Body|[of] p2a: Volcarona\n|faint|p2a: Volcarona\n|\n|-damage|p1a: Lopunny|45\/100 brn|[from] brn\n|upkeep\n|\n|t:|1701159291\n|switch|p2a: Greninja|Greninja, M|100\/100\n|turn|12\n|\n|t:|1701159316\n|switch|p1a: Empoleon|Empoleon, F|100\/100\n|-activate|p1a: Empoleon|move: Sticky Web\n|-unboost|p1a: Empoleon|spe|1\n|-ability|p1a: Empoleon|Competitive|boost\n|-boost|p1a: Empoleon|spa|2\n|move|p2a: Greninja|Extrasensory|p1a: Empoleon\n|-resisted|p1a: Empoleon\n|-crit|p1a: Empoleon\n|-damage|p1a: Empoleon|89\/100\n|\n|-heal|p1a: Empoleon|95\/100|[from] item: Leftovers\n|upkeep\n|turn|13\n|\n|t:|1701159333\n|move|p2a: Greninja|Dark Pulse|p1a: Empoleon\n|-damage|p1a: Empoleon|70\/100\n|move|p1a: Empoleon|Grass Knot|p2a: Greninja\n|-supereffective|p2a: Greninja\n|-damage|p2a: Greninja|11\/100\n|\n|-heal|p1a: Empoleon|76\/100|[from] item: Leftovers\n|upkeep\n|turn|14\n|\n|t:|1701159345\n|switch|p2a: Garchomp|Garchomp, M|100\/100\n|move|p1a: Empoleon|Ice Beam|p2a: Garchomp\n|-supereffective|p2a: Garchomp\n|-damage|p2a: Garchomp|0 fnt\n|faint|p2a: Garchomp\n|\n|-heal|p1a: Empoleon|82\/100|[from] item: Leftovers\n|upkeep\n|-message|satan_und_soehne forfeited.\n|\n|win|mujiangge\n|raw|mujiangge's rating: 1260 &rarr; <strong>1289<\/strong><br \/>(+29 for winning)\n|raw|satan_und_soehne's rating: 1310 &rarr; <strong>1287<\/strong><br \/>(-23 for losing)\n|l|\u2606satan_und_soehne\n","uploadtime":1701159369,"views":2,"p1id":"mujiangge","p2id":"satanundsoehne","formatid":"gen9nationaldex","rating":1287,"private":0,"password":""}