{"id":"gen9nationaldex-1997185789","p1":"ElAlvaroNFT","p2":"Ferexcalibur","format":"[Gen 9] National Dex","log":"|html|<div class=\"broadcast-blue\"><strong>[Gen 9] National Dex is currently suspecting Sneasler! For information on how to participate check out the <a href=\"https:\/\/www.smogon.com\/forums\/threads\/sv-national-dex-suspect-8-just-dance.3731534\/\">suspect thread<\/a>.<\/strong><\/div>\n|j|\u2606ElAlvaroNFT\n|j|\u2606Ferexcalibur\n|t:|1700773323\n|gametype|singles\n|player|p1|ElAlvaroNFT|ghetsis|\n|player|p2|Ferexcalibur|265|\n|teamsize|p1|6\n|teamsize|p2|6\n|gen|9\n|tier|[Gen 9] National Dex\n|rule|HP Percentage Mod: HP is shown in percentages\n|rule|Endless Battle Clause: Forcing endless battles is banned\n|rule|OHKO Clause: OHKO moves are banned\n|rule|Evasion Clause: Evasion abilities, items, and moves are banned\n|rule|Evasion Abilities Clause: Evasion abilities are banned\n|rule|Evasion Items Clause: Evasion items are banned\n|rule|Evasion Moves Clause: Evasion moves are banned\n|rule|Species Clause: Limit one of each Pok\u00e9mon\n|rule|Sleep Clause Mod: Limit one foe put to sleep\n|clearpoke\n|poke|p1|Charizard, M|\n|poke|p1|Gliscor, M|\n|poke|p1|Hydreigon, M|\n|poke|p1|Weavile, M|\n|poke|p1|Sneasler, M|\n|poke|p1|Volcarona, F|\n|poke|p2|Swampert, M|\n|poke|p2|Dragonite, F|\n|poke|p2|Pelipper, F|\n|poke|p2|Toxapex, M|\n|poke|p2|Avalugg-Hisui, M|\n|poke|p2|Nidoking, M|\n|teampreview\n|\n|t:|1700773371\n|start\n|switch|p1a: Charizard|Charizard, M|100\/100\n|switch|p2a: Pelipper|Pelipper, F|100\/100\n|-weather|RainDance|[from] ability: Drizzle|[of] p2a: Pelipper\n|turn|1\n|\n|t:|1700773423\n|detailschange|p1a: Charizard|Charizard-Mega-X, M\n|-mega|p1a: Charizard|Charizard|Charizardite X\n|move|p1a: Charizard|Dragon Dance|p1a: Charizard\n|-boost|p1a: Charizard|atk|1\n|-boost|p1a: Charizard|spe|1\n|move|p2a: Pelipper|Tailwind|p2a: Pelipper\n|-sidestart|p2: Ferexcalibur|move: Tailwind\n|\n|-weather|RainDance|[upkeep]\n|upkeep\n|turn|2\n|\n|t:|1700773453\n|-terastallize|p2a: Pelipper|Ground\n|move|p2a: Pelipper|Tera Blast|p1a: Charizard|[anim] Tera Blast Ground\n|-supereffective|p1a: Charizard\n|-damage|p1a: Charizard|28\/100\n|move|p1a: Charizard|Dragon Claw|p2a: Pelipper\n|-damage|p2a: Pelipper|0 fnt\n|faint|p2a: Pelipper\n|\n|-weather|RainDance|[upkeep]\n|upkeep\n|\n|t:|1700773464\n|switch|p2a: Swampert|Swampert, M|100\/100\n|turn|3\n|\n|t:|1700773470\n|detailschange|p2a: Swampert|Swampert-Mega, M\n|-mega|p2a: Swampert|Swampert|Swampertite\n|move|p2a: Swampert|Waterfall|p1a: Charizard\n|-damage|p1a: Charizard|0 fnt\n|faint|p1a: Charizard\n|\n|-weather|RainDance|[upkeep]\n|upkeep\n|inactive|Battle timer is ON: inactive players will automatically lose when time's up. (requested by ElAlvaroNFT)\n|\n|t:|1700773483\n|switch|p1a: Volcarona|Volcarona, F|100\/100\n|turn|4\n|\n|t:|1700773490\n|-terastallize|p1a: Volcarona|Grass\n|move|p2a: Swampert|Waterfall|p1a: Volcarona\n|-resisted|p1a: Volcarona\n|-damage|p1a: Volcarona|43\/100\n|cant|p1a: Volcarona|flinch\n|\n|-weather|RainDance|[upkeep]\n|-sideend|p2: Ferexcalibur|move: Tailwind\n|upkeep\n|turn|5\n|\n|t:|1700773501\n|switch|p1a: Hydreigon|Hydreigon, M|100\/100\n|move|p2a: Swampert|Ice Punch|p1a: Hydreigon\n|-supereffective|p1a: Hydreigon\n|-damage|p1a: Hydreigon|39\/100\n|\n|-weather|RainDance|[upkeep]\n|-heal|p1a: Hydreigon|45\/100|[from] item: Leftovers\n|upkeep\n|turn|6\n|\n|t:|1700773510\n|move|p2a: Swampert|Ice Punch|p1a: Hydreigon\n|-supereffective|p1a: Hydreigon\n|-damage|p1a: Hydreigon|0 fnt\n|faint|p1a: Hydreigon\n|\n|-weather|RainDance|[upkeep]\n|upkeep\n|\n|t:|1700773523\n|switch|p1a: Weavile|Weavile, M|100\/100\n|-ability|p1a: Weavile|Pressure\n|turn|7\n|\n|t:|1700773531\n|move|p2a: Swampert|Waterfall|p1a: Weavile\n|-enditem|p1a: Weavile|Focus Sash\n|-damage|p1a: Weavile|1\/100\n|move|p1a: Weavile|Triple Axel|p2a: Swampert\n|-damage|p2a: Swampert|91\/100\n|-hitcount|p2a: Swampert|1\n|\n|-weather|RainDance|[upkeep]\n|upkeep\n|turn|8\n|\n|t:|1700773556\n|move|p1a: Weavile|Ice Shard|p2a: Swampert\n|-damage|p2a: Swampert|71\/100\n|move|p2a: Swampert|Flip Turn|p1a: Weavile\n|-damage|p1a: Weavile|0 fnt\n|faint|p1a: Weavile\n|\n|t:|1700773561\n|switch|p2a: Nidoking|Nidoking, M|100\/100|[from] Flip Turn\n|\n|-weather|none\n|upkeep\n|\n|t:|1700773567\n|switch|p1a: Gliscor|Gliscor, M|100\/100\n|turn|9\n|\n|t:|1700773572\n|move|p2a: Nidoking|Ice Beam|p1a: Gliscor\n|-supereffective|p1a: Gliscor\n|-damage|p1a: Gliscor|0 fnt\n|faint|p1a: Gliscor\n|\n|upkeep\n|\n|t:|1700773584\n|switch|p1a: Volcarona|Volcarona, F, tera:Grass|43\/100\n|turn|10\n|\n|t:|1700773589\n|move|p2a: Nidoking|Ice Beam|p1a: Volcarona\n|-supereffective|p1a: Volcarona\n|-damage|p1a: Volcarona|0 fnt\n|faint|p1a: Volcarona\n|\n|upkeep\n|\n|t:|1700773594\n|switch|p1a: Sneasler|Sneasler, M|100\/100\n|turn|11\n|\n|t:|1700773599\n|move|p2a: Nidoking|Ice Beam|p1a: Sneasler\n|-damage|p1a: Sneasler|62\/100\n|move|p1a: Sneasler|Close Combat|p2a: Nidoking\n|-resisted|p2a: Nidoking\n|-damage|p2a: Nidoking|55\/100\n|-unboost|p1a: Sneasler|def|1\n|-unboost|p1a: Sneasler|spd|1\n|-enditem|p1a: Sneasler|White Herb\n|-clearnegativeboost|p1a: Sneasler|[silent]\n|\n|upkeep\n|turn|12\n|\n|t:|1700773610\n|move|p1a: Sneasler|Acrobatics|p2a: Nidoking\n|-damage|p2a: Nidoking|0 fnt\n|faint|p2a: Nidoking\n|\n|upkeep\n|\n|t:|1700773637\n|switch|p2a: Avalugg|Avalugg-Hisui, M|100\/100\n|turn|13\n|\n|t:|1700773645\n|move|p1a: Sneasler|Close Combat|p2a: Avalugg\n|-supereffective|p2a: Avalugg\n|-ability|p2a: Avalugg|Sturdy\n|-damage|p2a: Avalugg|1\/100\n|-unboost|p1a: Sneasler|def|1\n|-unboost|p1a: Sneasler|spd|1\n|move|p2a: Avalugg|Body Press|p1a: Sneasler\n|-resisted|p1a: Sneasler\n|-crit|p1a: Sneasler\n|-damage|p1a: Sneasler|0 fnt\n|faint|p1a: Sneasler\n|\n|win|Ferexcalibur\n","uploadtime":1700773659,"views":4,"p1id":"elalvaronft","p2id":"ferexcalibur","formatid":"gen9nationaldex","rating":0,"private":0,"password":""}