{"id":"gen9nationaldex-1988576842","p1":"female charizard","p2":"Chinatownz","format":"[Gen 9] National Dex","log":"|j|\u2606female charizard\n|j|\u2606Chinatownz\n|t:|1699737986\n|gametype|singles\n|player|p1|female charizard|170|1181\n|player|p2|Chinatownz|102|1124\n|teamsize|p1|6\n|teamsize|p2|6\n|gen|9\n|tier|[Gen 9] National Dex\n|rated|\n|rule|HP Percentage Mod: HP is shown in percentages\n|rule|Endless Battle Clause: Forcing endless battles is banned\n|rule|OHKO Clause: OHKO moves are banned\n|rule|Evasion Clause: Evasion abilities, items, and moves are banned\n|rule|Evasion Abilities Clause: Evasion abilities are banned\n|rule|Evasion Items Clause: Evasion items are banned\n|rule|Evasion Moves Clause: Evasion moves are banned\n|rule|Species Clause: Limit one of each Pok\u00e9mon\n|rule|Sleep Clause Mod: Limit one foe put to sleep\n|clearpoke\n|poke|p1|Kyurem|\n|poke|p1|Abomasnow, F|\n|poke|p1|Breloom, F|\n|poke|p1|Rhyperior, M|\n|poke|p1|Ogerpon-Wellspring, F|\n|poke|p1|Ekans, F|\n|poke|p2|Corsola-Galar, F|\n|poke|p2|Victini|\n|poke|p2|Cloyster, F|\n|poke|p2|Scizor, M|\n|poke|p2|Chansey, F|\n|poke|p2|Gengar, F|\n|teampreview\n|inactive|Battle timer is ON: inactive players will automatically lose when time's up. (requested by Chinatownz)\n|inactive|female charizard has 120 seconds left.\n|\n|t:|1699738032\n|start\n|switch|p1a: thanks|Ekans, F|100\/100\n|switch|p2a: Victini|Victini|100\/100\n|-ability|p1a: thanks|Intimidate|boost\n|-unboost|p2a: Victini|atk|1\n|turn|1\n|\n|t:|1699738039\n|move|p2a: Victini|Zen Headbutt|p1a: thanks\n|-supereffective|p1a: thanks\n|-enditem|p1a: thanks|Focus Sash\n|-damage|p1a: thanks|1\/100\n|move|p1a: thanks|Glare|p2a: Victini\n|-status|p2a: Victini|par\n|\n|upkeep\n|turn|2\n|\n|t:|1699738046\n|move|p1a: thanks|Sucker Punch|p2a: Victini\n|-supereffective|p2a: Victini\n|-damage|p2a: Victini|68\/100 par\n|cant|p2a: Victini|par\n|\n|upkeep\n|turn|3\n|\n|t:|1699738053\n|switch|p2a: Chansey|Chansey, F|100\/100\n|move|p1a: thanks|Glare|p2a: Chansey\n|-status|p2a: Chansey|par\n|\n|upkeep\n|turn|4\n|\n|t:|1699738068\n|switch|p1a: A subtle joke|Abomasnow, F|100\/100\n|-weather|Snow|[from] ability: Snow Warning|[of] p1a: A subtle joke\n|move|p2a: Chansey|Seismic Toss|p1a: A subtle joke\n|-damage|p1a: A subtle joke|74\/100\n|\n|-weather|Snow|[upkeep]\n|upkeep\n|turn|5\n|\n|t:|1699738076\n|-curestatus|p2a: Chansey|par|[from] ability: Natural Cure\n|switch|p2a: Scizor|Scizor, M|100\/100\n|move|p1a: A subtle joke|Aurora Veil|p1a: A subtle joke\n|-sidestart|p1: female charizard|move: Aurora Veil\n|\n|-weather|Snow|[upkeep]\n|upkeep\n|turn|6\n|j| kung fu pokechu\n|\n|t:|1699738083\n|switch|p1a: thanks|Ekans, F|1\/100\n|-ability|p1a: thanks|Intimidate|boost\n|-unboost|p2a: Scizor|atk|1\n|detailschange|p2a: Scizor|Scizor-Mega, M\n|-mega|p2a: Scizor|Scizor|Scizorite\n|move|p2a: Scizor|U-turn|p1a: thanks\n|-resisted|p1a: thanks\n|-damage|p1a: thanks|0 fnt\n|faint|p1a: thanks\n|\n|t:|1699738086\n|switch|p2a: Corsola|Corsola-Galar, F|100\/100|[from] U-turn\n|\n|-weather|Snow|[upkeep]\n|upkeep\n|\n|t:|1699738099\n|switch|p1a: pressure friends|Kyurem|100\/100\n|-ability|p1a: pressure friends|Pressure\n|turn|7\n|\n|t:|1699738104\n|move|p1a: pressure friends|Substitute|p1a: pressure friends\n|-start|p1a: pressure friends|Substitute\n|-damage|p1a: pressure friends|76\/100\n|move|p2a: Corsola|Stealth Rock|p1a: pressure friends\n|-sidestart|p1: female charizard|move: Stealth Rock\n|\n|-weather|Snow|[upkeep]\n|-heal|p1a: pressure friends|82\/100|[from] item: Leftovers\n|upkeep\n|turn|8\n|\n|t:|1699738109\n|switch|p2a: Chansey|Chansey, F|100\/100\n|move|p1a: pressure friends|Freeze-Dry|p2a: Chansey\n|-damage|p2a: Chansey|93\/100\n|\n|-weather|none\n|-heal|p1a: pressure friends|88\/100|[from] item: Leftovers\n|upkeep\n|turn|9\n|j| imbleach\n|\n|t:|1699738112\n|move|p1a: pressure friends|Protect|p1a: pressure friends\n|-singleturn|p1a: pressure friends|Protect\n|move|p2a: Chansey|Seismic Toss|p1a: pressure friends\n|-activate|p1a: pressure friends|move: Protect\n|\n|-heal|p1a: pressure friends|94\/100|[from] item: Leftovers\n|upkeep\n|turn|10\n|\n|t:|1699738117\n|move|p1a: pressure friends|Freeze-Dry|p2a: Chansey\n|-damage|p2a: Chansey|86\/100\n|move|p2a: Chansey|Seismic Toss|p1a: pressure friends\n|-activate|p1a: pressure friends|move: Substitute|[damage]\n|\n|-heal|p1a: pressure friends|99\/100|[from] item: Leftovers\n|upkeep\n|turn|11\n|\n|t:|1699738121\n|move|p1a: pressure friends|Freeze-Dry|p2a: Chansey\n|-damage|p2a: Chansey|78\/100\n|move|p2a: Chansey|Seismic Toss|p1a: pressure friends\n|-end|p1a: pressure friends|Substitute\n|\n|-heal|p1a: pressure friends|100\/100|[from] item: Leftovers\n|upkeep\n|turn|12\n|j| snugglesnfluff\n|\n|t:|1699738131\n|move|p1a: pressure friends|Substitute|p1a: pressure friends\n|-start|p1a: pressure friends|Substitute\n|-damage|p1a: pressure friends|76\/100\n|move|p2a: Chansey|Teleport|p2a: Chansey\n|\n|t:|1699738133\n|switch|p2a: Victini|Victini|68\/100 par|[from] Teleport\n|\n|-heal|p1a: pressure friends|82\/100|[from] item: Leftovers\n|-sideend|p1: female charizard|move: Aurora Veil\n|upkeep\n|turn|13\n|j| it's ogrepon\n|\n|t:|1699738138\n|move|p1a: pressure friends|Protect|p1a: pressure friends\n|-singleturn|p1a: pressure friends|Protect\n|move|p2a: Victini|V-create|p1a: pressure friends\n|-activate|p1a: pressure friends|move: Protect\n|\n|-heal|p1a: pressure friends|88\/100|[from] item: Leftovers\n|upkeep\n|turn|14\n|\n|t:|1699738140\n|move|p1a: pressure friends|Freeze-Dry|p2a: Victini\n|-resisted|p2a: Victini\n|-damage|p2a: Victini|54\/100 par\n|move|p2a: Victini|V-create|p1a: pressure friends\n|-end|p1a: pressure friends|Substitute\n|-unboost|p2a: Victini|spe|1\n|-unboost|p2a: Victini|def|1\n|-unboost|p2a: Victini|spd|1\n|\n|-heal|p1a: pressure friends|94\/100|[from] item: Leftovers\n|upkeep\n|turn|15\n|\n|t:|1699738144\n|move|p1a: pressure friends|Substitute|p1a: pressure friends\n|-start|p1a: pressure friends|Substitute\n|-damage|p1a: pressure friends|69\/100\n|cant|p2a: Victini|par\n|\n|-heal|p1a: pressure friends|75\/100|[from] item: Leftovers\n|upkeep\n|turn|16\n|\n|t:|1699738151\n|move|p1a: pressure friends|Freeze-Dry|p2a: Victini\n|-resisted|p2a: Victini\n|-damage|p2a: Victini|31\/100 par\n|move|p2a: Victini|V-create|p1a: pressure friends\n|-end|p1a: pressure friends|Substitute\n|-unboost|p2a: Victini|spe|1\n|-unboost|p2a: Victini|def|1\n|-unboost|p2a: Victini|spd|1\n|\n|-heal|p1a: pressure friends|82\/100|[from] item: Leftovers\n|upkeep\n|turn|17\n|\n|t:|1699738158\n|switch|p2a: Chansey|Chansey, F|78\/100\n|move|p1a: pressure friends|Freeze-Dry|p2a: Chansey\n|-damage|p2a: Chansey|71\/100\n|\n|-heal|p1a: pressure friends|88\/100|[from] item: Leftovers\n|upkeep\n|turn|18\n|\n|t:|1699738161\n|move|p1a: pressure friends|Substitute|p1a: pressure friends\n|-start|p1a: pressure friends|Substitute\n|-damage|p1a: pressure friends|63\/100\n|move|p2a: Chansey|Seismic Toss|p1a: pressure friends\n|-activate|p1a: pressure friends|move: Substitute|[damage]\n|\n|-heal|p1a: pressure friends|69\/100|[from] item: Leftovers\n|upkeep\n|turn|19\n|\n|t:|1699738165\n|move|p1a: pressure friends|Freeze-Dry|p2a: Chansey\n|-damage|p2a: Chansey|64\/100\n|move|p2a: Chansey|Seismic Toss|p1a: pressure friends\n|-end|p1a: pressure friends|Substitute\n|\n|-heal|p1a: pressure friends|75\/100|[from] item: Leftovers\n|upkeep\n|turn|20\n|\n|t:|1699738169\n|switch|p2a: Gengar|Gengar, F|100\/100\n|move|p1a: pressure friends|Substitute|p1a: pressure friends\n|-start|p1a: pressure friends|Substitute\n|-damage|p1a: pressure friends|50\/100\n|\n|-heal|p1a: pressure friends|56\/100|[from] item: Leftovers\n|upkeep\n|turn|21\n|\n|t:|1699738174\n|move|p2a: Gengar|Dazzling Gleam|p1a: pressure friends\n|-supereffective|p1a: pressure friends\n|-end|p1a: pressure friends|Substitute\n|move|p1a: pressure friends|Roost|p1a: pressure friends\n|-heal|p1a: pressure friends|100\/100\n|-singleturn|p1a: pressure friends|move: Roost\n|\n|upkeep\n|turn|22\n|\n|t:|1699738182\n|move|p1a: pressure friends|Protect|p1a: pressure friends\n|-singleturn|p1a: pressure friends|Protect\n|move|p2a: Gengar|Dazzling Gleam|p1a: pressure friends\n|-activate|p1a: pressure friends|move: Protect\n|\n|upkeep\n|turn|23\n|\n|t:|1699738185\n|move|p2a: Gengar|Dazzling Gleam|p1a: pressure friends\n|-supereffective|p1a: pressure friends\n|-damage|p1a: pressure friends|52\/100\n|move|p1a: pressure friends|Substitute|p1a: pressure friends\n|-start|p1a: pressure friends|Substitute\n|-damage|p1a: pressure friends|27\/100\n|\n|-heal|p1a: pressure friends|34\/100|[from] item: Leftovers\n|upkeep\n|turn|24\n|\n|t:|1699738189\n|move|p1a: pressure friends|Protect|p1a: pressure friends\n|-singleturn|p1a: pressure friends|Protect\n|move|p2a: Gengar|Dazzling Gleam|p1a: pressure friends\n|-activate|p1a: pressure friends|move: Protect\n|\n|-heal|p1a: pressure friends|40\/100|[from] item: Leftovers\n|upkeep\n|turn|25\n|\n|t:|1699738190\n|move|p2a: Gengar|Dazzling Gleam|p1a: pressure friends\n|-supereffective|p1a: pressure friends\n|-end|p1a: pressure friends|Substitute\n|move|p1a: pressure friends|Roost|p1a: pressure friends\n|-heal|p1a: pressure friends|90\/100\n|-singleturn|p1a: pressure friends|move: Roost\n|\n|-heal|p1a: pressure friends|96\/100|[from] item: Leftovers\n|upkeep\n|turn|26\n|\n|t:|1699738195\n|move|p1a: pressure friends|Protect|p1a: pressure friends\n|-singleturn|p1a: pressure friends|Protect\n|move|p2a: Gengar|Dazzling Gleam|p1a: pressure friends\n|-activate|p1a: pressure friends|move: Protect\n|\n|-heal|p1a: pressure friends|100\/100|[from] item: Leftovers\n|upkeep\n|turn|27\n|\n|t:|1699738198\n|move|p2a: Gengar|Dazzling Gleam|p1a: pressure friends\n|-supereffective|p1a: pressure friends\n|-damage|p1a: pressure friends|56\/100\n|move|p1a: pressure friends|Substitute|p1a: pressure friends\n|-start|p1a: pressure friends|Substitute\n|-damage|p1a: pressure friends|31\/100\n|\n|-heal|p1a: pressure friends|38\/100|[from] item: Leftovers\n|upkeep\n|turn|28\n|\n|t:|1699738208\n|switch|p2a: Cloyster|Cloyster, F|100\/100\n|move|p1a: pressure friends|Roost|p1a: pressure friends\n|-heal|p1a: pressure friends|88\/100\n|-singleturn|p1a: pressure friends|move: Roost\n|\n|-heal|p1a: pressure friends|94\/100|[from] item: Leftovers\n|upkeep\n|turn|29\n|\n|t:|1699738211\n|move|p1a: pressure friends|Freeze-Dry|p2a: Cloyster\n|-crit|p2a: Cloyster\n|-damage|p2a: Cloyster|0 fnt\n|faint|p2a: Cloyster\n|\n|-heal|p1a: pressure friends|99\/100|[from] item: Leftovers\n|upkeep\n|c|\u2606female charizard|owned!\n|\n|t:|1699738217\n|switch|p2a: Scizor|Scizor-Mega, M|100\/100\n|turn|30\n|\n|t:|1699738228\n|switch|p1a: mods annoy me|Ogerpon-Wellspring, F|100\/100\n|-damage|p1a: mods annoy me|88\/100|[from] Stealth Rock\n|move|p2a: Scizor|Bullet Punch|p1a: mods annoy me\n|-resisted|p1a: mods annoy me\n|-damage|p1a: mods annoy me|67\/100\n|\n|upkeep\n|turn|31\n|\n|t:|1699738231\n|move|p1a: mods annoy me|Ivy Cudgel|p2a: Scizor\n|-damage|p2a: Scizor|66\/100\n|move|p2a: Scizor|U-turn|p1a: mods annoy me\n|-supereffective|p1a: mods annoy me\n|-damage|p1a: mods annoy me|0 fnt\n|faint|p1a: mods annoy me\n|\n|t:|1699738236\n|switch|p2a: Corsola|Corsola-Galar, F|100\/100|[from] U-turn\n|\n|upkeep\n|\n|t:|1699738243\n|switch|p1a: bisexual|Breloom, F|100\/100\n|-damage|p1a: bisexual|94\/100|[from] Stealth Rock\n|turn|32\n|\n|t:|1699738246\n|move|p1a: bisexual|Spore|p2a: Corsola\n|-status|p2a: Corsola|slp|[from] move: Spore\n|cant|p2a: Corsola|slp\n|\n|upkeep\n|turn|33\n|\n|t:|1699738255\n|move|p1a: bisexual|Bullet Seed|p2a: Corsola\n|-damage|p2a: Corsola|86\/100 slp\n|-damage|p2a: Corsola|71\/100 slp\n|-start|p1a: bisexual|Disable|Bullet Seed|[from] ability: Cursed Body|[of] p2a: Corsola\n|-damage|p2a: Corsola|58\/100 slp\n|-hitcount|p2a: Corsola|3\n|cant|p2a: Corsola|slp\n|\n|upkeep\n|turn|34\n|\n|t:|1699738261\n|switch|p1a: A subtle joke|Abomasnow, F|74\/100\n|-damage|p1a: A subtle joke|49\/100|[from] Stealth Rock\n|-weather|Snow|[from] ability: Snow Warning|[of] p1a: A subtle joke\n|-curestatus|p2a: Corsola|slp|[msg]\n|move|p2a: Corsola|Will-O-Wisp|p1a: A subtle joke\n|-status|p1a: A subtle joke|brn\n|\n|-weather|Snow|[upkeep]\n|-damage|p1a: A subtle joke|43\/100 brn|[from] brn\n|upkeep\n|turn|35\n|\n|t:|1699738265\n|move|p1a: A subtle joke|Aurora Veil|p1a: A subtle joke\n|-sidestart|p1: female charizard|move: Aurora Veil\n|move|p2a: Corsola|Strength Sap|p1a: A subtle joke\n|-unboost|p1a: A subtle joke|atk|1\n|-heal|p2a: Corsola|100\/100\n|\n|-weather|Snow|[upkeep]\n|-damage|p1a: A subtle joke|37\/100 brn|[from] brn\n|upkeep\n|turn|36\n|\n|t:|1699738275\n|move|p1a: A subtle joke|Blizzard|p2a: Corsola\n|-damage|p2a: Corsola|78\/100\n|-status|p2a: Corsola|frz\n|cant|p2a: Corsola|frz\n|\n|-weather|Snow|[upkeep]\n|-damage|p1a: A subtle joke|31\/100 brn|[from] brn\n|upkeep\n|turn|37\n|\n|t:|1699738285\n|move|p1a: A subtle joke|Blizzard|p2a: Corsola\n|-damage|p2a: Corsola|57\/100 frz\n|cant|p2a: Corsola|frz\n|\n|-weather|Snow|[upkeep]\n|-damage|p1a: A subtle joke|24\/100 brn|[from] brn\n|upkeep\n|turn|38\n|\n|t:|1699738291\n|move|p1a: A subtle joke|Blizzard|p2a: Corsola\n|-damage|p2a: Corsola|34\/100 frz\n|-start|p1a: A subtle joke|Disable|Blizzard|[from] ability: Cursed Body|[of] p2a: Corsola\n|-curestatus|p2a: Corsola|frz|[msg]\n|move|p2a: Corsola|Strength Sap|p1a: A subtle joke\n|-unboost|p1a: A subtle joke|atk|1\n|-heal|p2a: Corsola|75\/100\n|\n|-weather|none\n|-damage|p1a: A subtle joke|18\/100 brn|[from] brn\n|upkeep\n|turn|39\n|\n|t:|1699738301\n|switch|p1a: bisexual|Breloom, F|94\/100\n|-damage|p1a: bisexual|88\/100|[from] Stealth Rock\n|move|p2a: Corsola|Curse|p1a: bisexual\n|-start|p1a: bisexual|Curse|[of] p2a: Corsola\n|-damage|p2a: Corsola|25\/100\n|\n|-damage|p1a: bisexual|63\/100|[from] Curse\n|upkeep\n|turn|40\n|\n|t:|1699738309\n|move|p1a: bisexual|Spore|p2a: Corsola\n|-status|p2a: Corsola|slp|[from] move: Spore\n|cant|p2a: Corsola|slp\n|\n|-damage|p1a: bisexual|38\/100|[from] Curse\n|upkeep\n|turn|41\n|\n|t:|1699738318\n|move|p1a: bisexual|Bullet Seed|p2a: Corsola\n|-damage|p2a: Corsola|12\/100 slp\n|-damage|p2a: Corsola|0 fnt\n|faint|p2a: Corsola\n|-hitcount|p2: Corsola|2\n|\n|-damage|p1a: bisexual|14\/100|[from] Curse\n|upkeep\n|\n|t:|1699738321\n|switch|p2a: Scizor|Scizor-Mega, M|66\/100\n|turn|42\n|\n|t:|1699738327\n|move|p2a: Scizor|Bullet Punch|p1a: bisexual\n|-damage|p1a: bisexual|0 fnt\n|faint|p1a: bisexual\n|\n|-sideend|p1: female charizard|move: Aurora Veil\n|upkeep\n|\n|t:|1699738339\n|switch|p1a: SOLID SUGGESTER|Rhyperior, M|100\/100\n|-damage|p1a: SOLID SUGGESTER|94\/100|[from] Stealth Rock\n|turn|43\n|\n|t:|1699738343\n|move|p1a: SOLID SUGGESTER|Fire Punch|p2a: Scizor\n|-supereffective|p2a: Scizor\n|-damage|p2a: Scizor|7\/100\n|move|p2a: Scizor|U-turn|p1a: SOLID SUGGESTER\n|-damage|p1a: SOLID SUGGESTER|68\/100\n|\n|t:|1699738365\n|switch|p2a: Gengar|Gengar, F|100\/100|[from] U-turn\n|\n|upkeep\n|turn|44\n|\n|t:|1699738375\n|switch|p1a: A subtle joke|Abomasnow, F|18\/100 brn\n|-damage|p1a: A subtle joke|0 fnt|[from] Stealth Rock\n|faint|p1a: A subtle joke\n|move|p2a: Gengar|Dark Pulse|p1: A subtle joke|[notarget]\n|-fail|p2a: Gengar\n|\n|upkeep\n|\n|t:|1699738379\n|switch|p1a: pressure friends|Kyurem|99\/100\n|-damage|p1a: pressure friends|75\/100|[from] Stealth Rock\n|-ability|p1a: pressure friends|Pressure\n|turn|45\n|\n|t:|1699738383\n|move|p2a: Gengar|Dark Pulse|p1a: pressure friends\n|-damage|p1a: pressure friends|51\/100\n|move|p1a: pressure friends|Substitute|p1a: pressure friends\n|-start|p1a: pressure friends|Substitute\n|-damage|p1a: pressure friends|26\/100\n|\n|-heal|p1a: pressure friends|33\/100|[from] item: Leftovers\n|upkeep\n|turn|46\n|\n|t:|1699738389\n|switch|p2a: Chansey|Chansey, F|64\/100\n|move|p1a: pressure friends|Roost|p1a: pressure friends\n|-heal|p1a: pressure friends|83\/100\n|-singleturn|p1a: pressure friends|move: Roost\n|\n|-heal|p1a: pressure friends|89\/100|[from] item: Leftovers\n|upkeep\n|turn|47\n|\n|t:|1699738398\n|move|p1a: pressure friends|Freeze-Dry|p2a: Chansey\n|-damage|p2a: Chansey|57\/100\n|-status|p2a: Chansey|frz\n|cant|p2a: Chansey|frz\n|\n|-heal|p1a: pressure friends|95\/100|[from] item: Leftovers\n|upkeep\n|turn|48\n|\n|t:|1699738407\n|switch|p1a: SOLID SUGGESTER|Rhyperior, M|68\/100\n|-damage|p1a: SOLID SUGGESTER|61\/100|[from] Stealth Rock\n|cant|p2a: Chansey|frz\n|\n|upkeep\n|turn|49\n|\n|t:|1699738419\n|-curestatus|p2a: Chansey|frz|[from] ability: Natural Cure\n|switch|p2a: Victini|Victini|31\/100 par\n|move|p1a: SOLID SUGGESTER|Rock Polish|p1a: SOLID SUGGESTER\n|-boost|p1a: SOLID SUGGESTER|spe|2\n|\n|upkeep\n|turn|50\n|\n|t:|1699738424\n|move|p1a: SOLID SUGGESTER|Earthquake|p2a: Victini\n|-supereffective|p2a: Victini\n|-damage|p2a: Victini|0 fnt\n|faint|p2a: Victini\n|\n|upkeep\n|\n|t:|1699738428\n|switch|p2a: Gengar|Gengar, F|100\/100\n|turn|51\n|\n|t:|1699738430\n|move|p2a: Gengar|Dazzling Gleam|p1a: SOLID SUGGESTER\n|-damage|p1a: SOLID SUGGESTER|17\/100\n|move|p1a: SOLID SUGGESTER|Earthquake|p2a: Gengar\n|-supereffective|p2a: Gengar\n|-damage|p2a: Gengar|0 fnt\n|faint|p2a: Gengar\n|\n|upkeep\n|\n|t:|1699738434\n|switch|p2a: Scizor|Scizor-Mega, M|7\/100\n|turn|52\n|\n|t:|1699738438\n|move|p2a: Scizor|Bullet Punch|p1a: SOLID SUGGESTER\n|-supereffective|p1a: SOLID SUGGESTER\n|-damage|p1a: SOLID SUGGESTER|0 fnt\n|faint|p1a: SOLID SUGGESTER\n|\n|upkeep\n|\n|t:|1699738440\n|switch|p1a: pressure friends|Kyurem|95\/100\n|-damage|p1a: pressure friends|70\/100|[from] Stealth Rock\n|-ability|p1a: pressure friends|Pressure\n|turn|53\n|\n|t:|1699738443\n|move|p1a: pressure friends|Protect|p1a: pressure friends\n|-singleturn|p1a: pressure friends|Protect\n|move|p2a: Scizor|Roost|p2a: Scizor\n|-heal|p2a: Scizor|57\/100\n|-singleturn|p2a: Scizor|move: Roost\n|\n|-heal|p1a: pressure friends|76\/100|[from] item: Leftovers\n|upkeep\n|turn|54\n|\n|t:|1699738452\n|-terastallize|p1a: pressure friends|Dragon\n|move|p1a: pressure friends|Roost|p1a: pressure friends\n|-heal|p1a: pressure friends|100\/100\n|move|p2a: Scizor|Roost|p2a: Scizor\n|-heal|p2a: Scizor|100\/100\n|-singleturn|p2a: Scizor|move: Roost\n|\n|upkeep\n|turn|55\n|\n|t:|1699738456\n|move|p2a: Scizor|Bullet Punch|p1a: pressure friends\n|-damage|p1a: pressure friends|74\/100\n|move|p1a: pressure friends|Substitute|p1a: pressure friends\n|-start|p1a: pressure friends|Substitute\n|-damage|p1a: pressure friends|49\/100\n|\n|-heal|p1a: pressure friends|55\/100|[from] item: Leftovers\n|upkeep\n|turn|56\n|\n|t:|1699738459\n|move|p1a: pressure friends|Protect|p1a: pressure friends\n|-singleturn|p1a: pressure friends|Protect\n|move|p2a: Scizor|Bullet Punch|p1a: pressure friends\n|-activate|p1a: pressure friends|move: Protect\n|\n|-heal|p1a: pressure friends|61\/100|[from] item: Leftovers\n|upkeep\n|turn|57\n|\n|t:|1699738464\n|move|p2a: Scizor|Bullet Punch|p1a: pressure friends\n|-end|p1a: pressure friends|Substitute\n|move|p1a: pressure friends|Freeze-Dry|p2a: Scizor\n|-resisted|p2a: Scizor\n|-damage|p2a: Scizor|85\/100\n|\n|-heal|p1a: pressure friends|68\/100|[from] item: Leftovers\n|upkeep\n|turn|58\n|\n|t:|1699738468\n|move|p1a: pressure friends|Protect|p1a: pressure friends\n|-singleturn|p1a: pressure friends|Protect\n|move|p2a: Scizor|Bullet Punch|p1a: pressure friends\n|-activate|p1a: pressure friends|move: Protect\n|\n|-heal|p1a: pressure friends|74\/100|[from] item: Leftovers\n|upkeep\n|turn|59\n|\n|t:|1699738471\n|move|p2a: Scizor|Bullet Punch|p1a: pressure friends\n|-damage|p1a: pressure friends|50\/100\n|move|p1a: pressure friends|Freeze-Dry|p2a: Scizor\n|-resisted|p2a: Scizor\n|-damage|p2a: Scizor|71\/100\n|\n|-heal|p1a: pressure friends|57\/100|[from] item: Leftovers\n|upkeep\n|turn|60\n|\n|t:|1699738478\n|move|p1a: pressure friends|Protect|p1a: pressure friends\n|-singleturn|p1a: pressure friends|Protect\n|move|p2a: Scizor|Bullet Punch|p1a: pressure friends\n|-activate|p1a: pressure friends|move: Protect\n|\n|-heal|p1a: pressure friends|63\/100|[from] item: Leftovers\n|upkeep\n|turn|61\n|\n|t:|1699738481\n|move|p2a: Scizor|Bullet Punch|p1a: pressure friends\n|-damage|p1a: pressure friends|38\/100\n|move|p1a: pressure friends|Substitute|p1a: pressure friends\n|-start|p1a: pressure friends|Substitute\n|-damage|p1a: pressure friends|13\/100\n|\n|-heal|p1a: pressure friends|19\/100|[from] item: Leftovers\n|upkeep\n|turn|62\n|\n|t:|1699738484\n|move|p1a: pressure friends|Protect|p1a: pressure friends\n|-singleturn|p1a: pressure friends|Protect\n|move|p2a: Scizor|Bullet Punch|p1a: pressure friends\n|-activate|p1a: pressure friends|move: Protect\n|\n|-heal|p1a: pressure friends|25\/100|[from] item: Leftovers\n|upkeep\n|turn|63\n|\n|t:|1699738487\n|move|p2a: Scizor|Bullet Punch|p1a: pressure friends\n|-activate|p1a: pressure friends|move: Substitute|[damage]\n|move|p1a: pressure friends|Roost|p1a: pressure friends\n|-heal|p1a: pressure friends|75\/100\n|\n|-heal|p1a: pressure friends|81\/100|[from] item: Leftovers\n|upkeep\n|turn|64\n|\n|t:|1699738490\n|move|p1a: pressure friends|Protect|p1a: pressure friends\n|-singleturn|p1a: pressure friends|Protect\n|move|p2a: Scizor|Bullet Punch|p1a: pressure friends\n|-activate|p1a: pressure friends|move: Protect\n|\n|-heal|p1a: pressure friends|87\/100|[from] item: Leftovers\n|upkeep\n|turn|65\n|\n|t:|1699738493\n|move|p2a: Scizor|Bullet Punch|p1a: pressure friends\n|-end|p1a: pressure friends|Substitute\n|move|p1a: pressure friends|Freeze-Dry|p2a: Scizor\n|-resisted|p2a: Scizor\n|-damage|p2a: Scizor|55\/100\n|\n|-heal|p1a: pressure friends|94\/100|[from] item: Leftovers\n|upkeep\n|turn|66\n|\n|t:|1699738499\n|move|p1a: pressure friends|Freeze-Dry|p2a: Scizor\n|-resisted|p2a: Scizor\n|-crit|p2a: Scizor\n|-damage|p2a: Scizor|33\/100\n|move|p2a: Scizor|Roost|p2a: Scizor\n|-heal|p2a: Scizor|83\/100\n|-singleturn|p2a: Scizor|move: Roost\n|\n|-heal|p1a: pressure friends|99\/100|[from] item: Leftovers\n|upkeep\n|turn|67\n|\n|t:|1699738505\n|move|p2a: Scizor|Bullet Punch|p1a: pressure friends\n|-damage|p1a: pressure friends|75\/100\n|move|p1a: pressure friends|Substitute|p1a: pressure friends\n|-start|p1a: pressure friends|Substitute\n|-damage|p1a: pressure friends|50\/100\n|\n|-heal|p1a: pressure friends|56\/100|[from] item: Leftovers\n|upkeep\n|turn|68\n|\n|t:|1699738510\n|move|p1a: pressure friends|Protect|p1a: pressure friends\n|-singleturn|p1a: pressure friends|Protect\n|move|p2a: Scizor|U-turn|p1a: pressure friends\n|-activate|p1a: pressure friends|move: Protect\n|\n|-heal|p1a: pressure friends|62\/100|[from] item: Leftovers\n|upkeep\n|turn|69\n|\n|t:|1699738516\n|move|p2a: Scizor|Bullet Punch|p1a: pressure friends\n|-activate|p1a: pressure friends|move: Substitute|[damage]\n|move|p1a: pressure friends|Freeze-Dry|p2a: Scizor\n|-resisted|p2a: Scizor\n|-damage|p2a: Scizor|68\/100\n|\n|-heal|p1a: pressure friends|68\/100|[from] item: Leftovers\n|upkeep\n|turn|70\n|\n|t:|1699738518\n|move|p2a: Scizor|Bullet Punch|p1a: pressure friends\n|-end|p1a: pressure friends|Substitute\n|move|p1a: pressure friends|Freeze-Dry|p2a: Scizor\n|-resisted|p2a: Scizor\n|-damage|p2a: Scizor|54\/100\n|\n|-heal|p1a: pressure friends|74\/100|[from] item: Leftovers\n|upkeep\n|turn|71\n|\n|t:|1699738521\n|move|p1a: pressure friends|Protect|p1a: pressure friends\n|-singleturn|p1a: pressure friends|Protect\n|move|p2a: Scizor|Bullet Punch|p1a: pressure friends\n|-activate|p1a: pressure friends|move: Protect\n|\n|-heal|p1a: pressure friends|81\/100|[from] item: Leftovers\n|upkeep\n|turn|72\n|\n|t:|1699738523\n|move|p2a: Scizor|Bullet Punch|p1a: pressure friends\n|-damage|p1a: pressure friends|57\/100\n|move|p1a: pressure friends|Substitute|p1a: pressure friends\n|-start|p1a: pressure friends|Substitute\n|-damage|p1a: pressure friends|32\/100\n|\n|-heal|p1a: pressure friends|38\/100|[from] item: Leftovers\n|upkeep\n|turn|73\n|\n|t:|1699738528\n|move|p1a: pressure friends|Roost|p1a: pressure friends\n|-heal|p1a: pressure friends|88\/100\n|move|p2a: Scizor|Roost|p2a: Scizor\n|-heal|p2a: Scizor|100\/100\n|-singleturn|p2a: Scizor|move: Roost\n|\n|-heal|p1a: pressure friends|94\/100|[from] item: Leftovers\n|upkeep\n|turn|74\n|\n|t:|1699738533\n|move|p2a: Scizor|Bullet Punch|p1a: pressure friends\n|-end|p1a: pressure friends|Substitute\n|move|p1a: pressure friends|Freeze-Dry|p2a: Scizor\n|-resisted|p2a: Scizor\n|-damage|p2a: Scizor|84\/100\n|\n|-heal|p1a: pressure friends|100\/100|[from] item: Leftovers\n|upkeep\n|turn|75\n|\n|t:|1699738538\n|move|p2a: Scizor|Bullet Punch|p1a: pressure friends\n|-crit|p1a: pressure friends\n|-damage|p1a: pressure friends|63\/100\n|move|p1a: pressure friends|Substitute|p1a: pressure friends\n|-start|p1a: pressure friends|Substitute\n|-damage|p1a: pressure friends|38\/100\n|\n|-heal|p1a: pressure friends|45\/100|[from] item: Leftovers\n|upkeep\n|turn|76\n|\n|t:|1699738540\n|move|p1a: pressure friends|Protect|p1a: pressure friends\n|-singleturn|p1a: pressure friends|Protect\n|move|p2a: Scizor|Bullet Punch|p1a: pressure friends\n|-activate|p1a: pressure friends|move: Protect\n|\n|-heal|p1a: pressure friends|51\/100|[from] item: Leftovers\n|upkeep\n|turn|77\n|\n|t:|1699738544\n|move|p2a: Scizor|Bullet Punch|p1a: pressure friends\n|-activate|p1a: pressure friends|move: Substitute|[damage]\n|move|p1a: pressure friends|Freeze-Dry|p2a: Scizor\n|-resisted|p2a: Scizor\n|-damage|p2a: Scizor|68\/100\n|\n|-heal|p1a: pressure friends|57\/100|[from] item: Leftovers\n|upkeep\n|turn|78\n|\n|t:|1699738550\n|move|p1a: pressure friends|Protect|p1a: pressure friends\n|-singleturn|p1a: pressure friends|Protect\n|move|p2a: Scizor|U-turn|p1a: pressure friends\n|-activate|p1a: pressure friends|move: Protect\n|\n|-heal|p1a: pressure friends|63\/100|[from] item: Leftovers\n|upkeep\n|turn|79\n|\n|t:|1699738555\n|move|p2a: Scizor|Bullet Punch|p1a: pressure friends\n|-end|p1a: pressure friends|Substitute\n|move|p1a: pressure friends|Substitute|p1a: pressure friends\n|-start|p1a: pressure friends|Substitute\n|-damage|p1a: pressure friends|38\/100\n|\n|-heal|p1a: pressure friends|44\/100|[from] item: Leftovers\n|upkeep\n|turn|80\n|\n|t:|1699738559\n|move|p1a: pressure friends|Roost|p1a: pressure friends\n|-heal|p1a: pressure friends|95\/100\n|move|p2a: Scizor|U-turn|p1a: pressure friends\n|-end|p1a: pressure friends|Substitute\n|\n|t:|1699738562\n|switch|p2a: Chansey|Chansey, F|57\/100|[from] U-turn\n|\n|-heal|p1a: pressure friends|100\/100|[from] item: Leftovers\n|upkeep\n|turn|81\n|\n|t:|1699738565\n|move|p1a: pressure friends|Substitute|p1a: pressure friends\n|-start|p1a: pressure friends|Substitute\n|-damage|p1a: pressure friends|76\/100\n|move|p2a: Chansey|Soft-Boiled|p2a: Chansey\n|-heal|p2a: Chansey|100\/100\n|\n|-heal|p1a: pressure friends|82\/100|[from] item: Leftovers\n|upkeep\n|turn|82\n|\n|t:|1699738567\n|move|p1a: pressure friends|Freeze-Dry|p2a: Chansey\n|-damage|p2a: Chansey|93\/100\n|-status|p2a: Chansey|frz\n|cant|p2a: Chansey|frz\n|\n|-heal|p1a: pressure friends|88\/100|[from] item: Leftovers\n|upkeep\n|turn|83\n|\n|t:|1699738571\n|move|p1a: pressure friends|Freeze-Dry|p2a: Chansey\n|-damage|p2a: Chansey|87\/100 frz\n|cant|p2a: Chansey|frz\n|\n|-heal|p1a: pressure friends|94\/100|[from] item: Leftovers\n|upkeep\n|turn|84\n|\n|t:|1699738576\n|move|p1a: pressure friends|Freeze-Dry|p2a: Chansey\n|-damage|p2a: Chansey|80\/100 frz\n|cant|p2a: Chansey|frz\n|\n|-heal|p1a: pressure friends|99\/100|[from] item: Leftovers\n|upkeep\n|turn|85\n|\n|t:|1699738579\n|move|p1a: pressure friends|Freeze-Dry|p2a: Chansey\n|-damage|p2a: Chansey|73\/100 frz\n|-curestatus|p2a: Chansey|frz|[msg]\n|move|p2a: Chansey|Seismic Toss|p1a: pressure friends\n|-activate|p1a: pressure friends|move: Substitute|[damage]\n|\n|-heal|p1a: pressure friends|100\/100|[from] item: Leftovers\n|upkeep\n|turn|86\n|\n|t:|1699738586\n|move|p1a: pressure friends|Freeze-Dry|p2a: Chansey\n|-damage|p2a: Chansey|66\/100\n|move|p2a: Chansey|Seismic Toss|p1a: pressure friends\n|-end|p1a: pressure friends|Substitute\n|\n|upkeep\n|turn|87\n|\n|t:|1699738594\n|move|p1a: pressure friends|Freeze-Dry|p2a: Chansey\n|-damage|p2a: Chansey|59\/100\n|move|p2a: Chansey|Seismic Toss|p1a: pressure friends\n|-damage|p1a: pressure friends|78\/100\n|\n|-heal|p1a: pressure friends|85\/100|[from] item: Leftovers\n|upkeep\n|turn|88\n|\n|t:|1699738604\n|move|p1a: pressure friends|Freeze-Dry|p2a: Chansey\n|-damage|p2a: Chansey|52\/100\n|move|p2a: Chansey|Thunder Wave|p1a: pressure friends\n|-status|p1a: pressure friends|par\n|\n|-heal|p1a: pressure friends|91\/100 par|[from] item: Leftovers\n|upkeep\n|turn|89\n|\n|t:|1699738612\n|move|p1a: pressure friends|Substitute|p1a: pressure friends\n|-start|p1a: pressure friends|Substitute\n|-damage|p1a: pressure friends|66\/100 par\n|move|p2a: Chansey|Seismic Toss|p1a: pressure friends\n|-activate|p1a: pressure friends|move: Substitute|[damage]\n|\n|-heal|p1a: pressure friends|72\/100 par|[from] item: Leftovers\n|upkeep\n|turn|90\n|\n|t:|1699738615\n|move|p1a: pressure friends|Protect|p1a: pressure friends\n|-singleturn|p1a: pressure friends|Protect\n|move|p2a: Chansey|Soft-Boiled|p2a: Chansey\n|-heal|p2a: Chansey|100\/100\n|\n|-heal|p1a: pressure friends|78\/100 par|[from] item: Leftovers\n|upkeep\n|turn|91\n|\n|t:|1699738622\n|move|p1a: pressure friends|Freeze-Dry|p2a: Chansey\n|-damage|p2a: Chansey|94\/100\n|move|p2a: Chansey|Seismic Toss|p1a: pressure friends\n|-end|p1a: pressure friends|Substitute\n|\n|-heal|p1a: pressure friends|84\/100 par|[from] item: Leftovers\n|upkeep\n|turn|92\n|\n|t:|1699738625\n|move|p1a: pressure friends|Freeze-Dry|p2a: Chansey\n|-damage|p2a: Chansey|86\/100\n|move|p2a: Chansey|Seismic Toss|p1a: pressure friends\n|-damage|p1a: pressure friends|62\/100 par\n|\n|-heal|p1a: pressure friends|68\/100 par|[from] item: Leftovers\n|upkeep\n|turn|93\n|\n|t:|1699738649\n|cant|p1a: pressure friends|par\n|move|p2a: Chansey|Seismic Toss|p1a: pressure friends\n|-damage|p1a: pressure friends|46\/100 par\n|\n|-heal|p1a: pressure friends|53\/100 par|[from] item: Leftovers\n|upkeep\n|turn|94\n|\n|t:|1699738654\n|move|p1a: pressure friends|Freeze-Dry|p2a: Chansey\n|-damage|p2a: Chansey|79\/100\n|move|p2a: Chansey|Seismic Toss|p1a: pressure friends\n|-damage|p1a: pressure friends|31\/100 par\n|\n|-heal|p1a: pressure friends|37\/100 par|[from] item: Leftovers\n|upkeep\n|turn|95\n|inactive|female charizard has 120 seconds left.\n|\n|t:|1699738688\n|cant|p1a: pressure friends|par\n|move|p2a: Chansey|Seismic Toss|p1a: pressure friends\n|-damage|p1a: pressure friends|15\/100 par\n|\n|-heal|p1a: pressure friends|21\/100 par|[from] item: Leftovers\n|upkeep\n|turn|96\n|\n|t:|1699738691\n|move|p1a: pressure friends|Freeze-Dry|p2a: Chansey\n|-crit|p2a: Chansey\n|-damage|p2a: Chansey|68\/100\n|move|p2a: Chansey|Seismic Toss|p1a: pressure friends\n|-damage|p1a: pressure friends|0 fnt\n|faint|p1a: pressure friends\n|\n|win|Chinatownz\n|raw|female charizard's rating: 1157 &rarr; <strong>1130<\/strong><br \/>(-27 for losing)\n|raw|Chinatownz's rating: 1124 &rarr; <strong>1151<\/strong><br \/>(+27 for winning)\n|l| snugglesnfluff\n","uploadtime":1699738710,"views":4,"p1id":"femalecharizard","p2id":"chinatownz","formatid":"gen9nationaldex","rating":1130,"private":0,"password":""}