{"id":"gen9nationaldex-1997628917","p1":"hcff","p2":"SkyWolf1099","format":"[Gen 9] National Dex","log":"|html|<div class=\"broadcast-blue\"><strong>[Gen 9] National Dex is currently suspecting Sneasler! For information on how to participate check out the <a href=\"https:\/\/www.smogon.com\/forums\/threads\/sv-national-dex-suspect-8-just-dance.3731534\/\">suspect thread<\/a>.<\/strong><\/div>\n|j|\u2606hcff@!\n|j|\u2606SkyWolf1099\n|t:|1700834991\n|gametype|singles\n|player|p1|hcff|ingo|1243\n|player|p2|SkyWolf1099|n|1126\n|teamsize|p1|6\n|teamsize|p2|6\n|gen|9\n|tier|[Gen 9] National Dex\n|rated|\n|rule|HP Percentage Mod: HP is shown in percentages\n|rule|Endless Battle Clause: Forcing endless battles is banned\n|rule|OHKO Clause: OHKO moves are banned\n|rule|Evasion Clause: Evasion abilities, items, and moves are banned\n|rule|Evasion Abilities Clause: Evasion abilities are banned\n|rule|Evasion Items Clause: Evasion items are banned\n|rule|Evasion Moves Clause: Evasion moves are banned\n|rule|Species Clause: Limit one of each Pok\u00e9mon\n|rule|Sleep Clause Mod: Limit one foe put to sleep\n|clearpoke\n|poke|p1|Latias, F|\n|poke|p1|Virizion|\n|poke|p1|Heatran, M|\n|poke|p1|Salamence, F|\n|poke|p1|Barraskewda, F|\n|poke|p1|Hatterene, F|\n|poke|p2|Grafaiai, M|\n|poke|p2|Hitmontop, M|\n|poke|p2|Ceruledge, M|\n|poke|p2|Electrode-Hisui|\n|poke|p2|Corviknight, F|\n|poke|p2|Pinsir, F|\n|teampreview\n|inactive|Battle timer is ON: inactive players will automatically lose when time's up. (requested by hcff)\n|\n|t:|1700835002\n|start\n|switch|p1a: Salamence|Salamence, F|100\/100\n|switch|p2a: Hitmontop|Hitmontop, M|100\/100\n|-ability|p1a: Salamence|Intimidate|boost\n|-unboost|p2a: Hitmontop|atk|1\n|turn|1\n|\n|t:|1700835012\n|switch|p1a: Heatran|Heatran, M|100\/100\n|move|p2a: Hitmontop|Fake Out|p1a: Heatran\n|-resisted|p1a: Heatran\n|-damage|p1a: Heatran|97\/100\n|\n|-heal|p1a: Heatran|100\/100|[from] item: Leftovers\n|upkeep\n|turn|2\n|\n|t:|1700835018\n|move|p1a: Heatran|Magma Storm|p2a: Hitmontop\n|-damage|p2a: Hitmontop|70\/100\n|-activate|p2a: Hitmontop|move: Magma Storm|[of] p1a: Heatran\n|move|p2a: Hitmontop|Bulldoze|p1a: Heatran\n|-supereffective|p1a: Heatran\n|-damage|p1a: Heatran|51\/100\n|-unboost|p1a: Heatran|spe|1\n|\n|-heal|p1a: Heatran|57\/100|[from] item: Leftovers\n|-damage|p2a: Hitmontop|58\/100|[from] move: Magma Storm|[partiallytrapped]\n|upkeep\n|turn|3\n|\n|t:|1700835026\n|switch|p1a: Salamence|Salamence, F|100\/100\n|-ability|p1a: Salamence|Intimidate|boost\n|-unboost|p2a: Hitmontop|atk|1\n|move|p2a: Hitmontop|Bulldoze|p1a: Salamence\n|-immune|p1a: Salamence\n|\n|-end|p2a: Hitmontop|Magma Storm|[partiallytrapped]|[silent]\n|upkeep\n|turn|4\n|\n|t:|1700835031\n|switch|p2a: Corviknight|Corviknight, F|100\/100\n|move|p1a: Salamence|Draco Meteor|p2a: Corviknight\n|-resisted|p2a: Corviknight\n|-damage|p2a: Corviknight|76\/100\n|-unboost|p1a: Salamence|spa|2\n|\n|upkeep\n|turn|5\n|\n|t:|1700835039\n|switch|p2a: Grafaiai|Grafaiai, M|100\/100\n|move|p1a: Salamence|Fire Blast|p2a: Grafaiai\n|-damage|p2a: Grafaiai|75\/100\n|\n|-heal|p2a: Grafaiai|81\/100|[from] item: Leftovers\n|upkeep\n|turn|6\n|\n|t:|1700835046\n|switch|p1a: Hatterene|Hatterene, F|100\/100\n|move|p2a: Grafaiai|Encore|p1a: Hatterene\n|move|p1a: Hatterene|Encore||[from]ability: Magic Bounce|[still]\n|-fail|p1a: Hatterene\n|\n|-heal|p2a: Grafaiai|87\/100|[from] item: Leftovers\n|upkeep\n|turn|7\n|\n|t:|1700835053\n|move|p2a: Grafaiai|Parting Shot|p1a: Hatterene\n|move|p1a: Hatterene|Parting Shot|p2a: Grafaiai|[from]ability: Magic Bounce\n|-unboost|p2a: Grafaiai|atk|1\n|-unboost|p2a: Grafaiai|spa|1\n|\n|t:|1700835060\n|switch|p1a: Salamence|Salamence, F|100\/100|[from] Parting Shot\n|-ability|p1a: Salamence|Intimidate|boost\n|-unboost|p2a: Grafaiai|atk|1\n|\n|-heal|p2a: Grafaiai|93\/100|[from] item: Leftovers\n|upkeep\n|turn|8\n|\n|t:|1700835067\n|switch|p1a: Hatterene|Hatterene, F|100\/100\n|move|p2a: Grafaiai|Parting Shot|p1a: Hatterene\n|move|p1a: Hatterene|Parting Shot|p2a: Grafaiai|[from]ability: Magic Bounce\n|-unboost|p2a: Grafaiai|atk|1\n|-unboost|p2a: Grafaiai|spa|1\n|\n|t:|1700835072\n|switch|p1a: Salamence|Salamence, F|100\/100|[from] Parting Shot\n|-ability|p1a: Salamence|Intimidate|boost\n|-unboost|p2a: Grafaiai|atk|1\n|\n|-heal|p2a: Grafaiai|99\/100|[from] item: Leftovers\n|upkeep\n|turn|9\n|\n|t:|1700835078\n|switch|p1a: Hatterene|Hatterene, F|100\/100\n|move|p2a: Grafaiai|Parting Shot|p1a: Hatterene\n|move|p1a: Hatterene|Parting Shot|p2a: Grafaiai|[from]ability: Magic Bounce\n|-unboost|p2a: Grafaiai|atk|1\n|-unboost|p2a: Grafaiai|spa|1\n|\n|t:|1700835088\n|switch|p1a: Salamence|Salamence, F|100\/100|[from] Parting Shot\n|-ability|p1a: Salamence|Intimidate|boost\n|-unboost|p2a: Grafaiai|atk|1\n|\n|-heal|p2a: Grafaiai|100\/100|[from] item: Leftovers\n|upkeep\n|turn|10\n|\n|t:|1700835093\n|switch|p1a: Hatterene|Hatterene, F|100\/100\n|move|p2a: Grafaiai|Parting Shot|p1a: Hatterene\n|move|p1a: Hatterene|Parting Shot|p2a: Grafaiai|[from]ability: Magic Bounce\n|-unboost|p2a: Grafaiai|atk|0\n|-unboost|p2a: Grafaiai|spa|1\n|\n|t:|1700835097\n|switch|p1a: Salamence|Salamence, F|100\/100|[from] Parting Shot\n|-ability|p1a: Salamence|Intimidate|boost\n|-unboost|p2a: Grafaiai|atk|0\n|\n|upkeep\n|turn|11\n|\n|t:|1700835107\n|switch|p1a: Hatterene|Hatterene, F|100\/100\n|move|p2a: Grafaiai|Substitute|p2a: Grafaiai\n|-start|p2a: Grafaiai|Substitute\n|-damage|p2a: Grafaiai|75\/100\n|\n|-heal|p2a: Grafaiai|81\/100|[from] item: Leftovers\n|upkeep\n|turn|12\n|\n|t:|1700835136\n|move|p2a: Grafaiai|Parting Shot|p1a: Hatterene\n|move|p1a: Hatterene|Parting Shot|p2a: Grafaiai|[from]ability: Magic Bounce\n|-unboost|p2a: Grafaiai|atk|0\n|-unboost|p2a: Grafaiai|spa|1\n|\n|t:|1700835141\n|switch|p1a: Barraskewda|Barraskewda, F|100\/100|[from] Parting Shot\n|\n|-heal|p2a: Grafaiai|87\/100|[from] item: Leftovers\n|upkeep\n|turn|13\n|\n|t:|1700835149\n|move|p1a: Barraskewda|Flip Turn|p2a: Grafaiai\n|-end|p2a: Grafaiai|Substitute\n|\n|t:|1700835152\n|switch|p1a: Hatterene|Hatterene, F|100\/100|[from] Flip Turn\n|move|p2a: Grafaiai|Knock Off|p1a: Hatterene\n|-damage|p1a: Hatterene|94\/100\n|-enditem|p1a: Hatterene|Leftovers|[from] move: Knock Off|[of] p2a: Grafaiai\n|\n|-heal|p2a: Grafaiai|93\/100|[from] item: Leftovers\n|upkeep\n|turn|14\n|\n|t:|1700835162\n|move|p2a: Grafaiai|Parting Shot|p1a: Hatterene\n|move|p1a: Hatterene|Parting Shot|p2a: Grafaiai|[from]ability: Magic Bounce\n|-unboost|p2a: Grafaiai|atk|0\n|-unboost|p2a: Grafaiai|spa|1\n|\n|t:|1700835169\n|switch|p1a: Barraskewda|Barraskewda, F|100\/100|[from] Parting Shot\n|\n|-heal|p2a: Grafaiai|99\/100|[from] item: Leftovers\n|upkeep\n|turn|15\n|\n|t:|1700835174\n|move|p2a: Grafaiai|Substitute|p2a: Grafaiai\n|-start|p2a: Grafaiai|Substitute\n|-damage|p2a: Grafaiai|74\/100\n|move|p1a: Barraskewda|Liquidation|p2a: Grafaiai\n|-end|p2a: Grafaiai|Substitute\n|\n|-heal|p2a: Grafaiai|80\/100|[from] item: Leftovers\n|upkeep\n|turn|16\n|\n|t:|1700835184\n|move|p2a: Grafaiai|Parting Shot|p1a: Barraskewda\n|-unboost|p1a: Barraskewda|atk|1\n|-unboost|p1a: Barraskewda|spa|1\n|\n|t:|1700835189\n|switch|p2a: Ceruledge|Ceruledge, M|100\/100|[from] Parting Shot\n|move|p1a: Barraskewda|Liquidation|p2a: Ceruledge\n|-supereffective|p2a: Ceruledge\n|-damage|p2a: Ceruledge|0 fnt\n|faint|p2a: Ceruledge\n|\n|upkeep\n|-message|SkyWolf1099 forfeited.\n|\n|win|hcff\n|raw|hcff's rating: 1243 &rarr; <strong>1260<\/strong><br \/>(+17 for winning)\n|raw|SkyWolf1099's rating: 1126 &rarr; <strong>1109<\/strong><br \/>(-17 for losing)\n|l|\u2606SkyWolf1099\n|l|\u2606hcff\n|j|\u2606hcff@!\n|player|p1|hcff|ingo\n","uploadtime":1700835240,"views":2,"p1id":"hcff","p2id":"skywolf1099","formatid":"gen9nationaldex","rating":1109,"private":0,"password":""}