{"id":"gen9nationaldex-1989015664","p1":"EABL XD","p2":"Leifthrasir","format":"[Gen 9] National Dex","log":"|j|\u2606EABL XD\n|j|\u2606Leifthrasir\n|t:|1699802480\n|gametype|singles\n|player|p1|EABL XD|gambler|1328\n|player|p2|Leifthrasir|lady-gen4|1390\n|teamsize|p1|6\n|teamsize|p2|6\n|gen|9\n|tier|[Gen 9] National Dex\n|rated|\n|rule|HP Percentage Mod: HP is shown in percentages\n|rule|Endless Battle Clause: Forcing endless battles is banned\n|rule|OHKO Clause: OHKO moves are banned\n|rule|Evasion Clause: Evasion abilities, items, and moves are banned\n|rule|Evasion Abilities Clause: Evasion abilities are banned\n|rule|Evasion Items Clause: Evasion items are banned\n|rule|Evasion Moves Clause: Evasion moves are banned\n|rule|Species Clause: Limit one of each Pok\u00e9mon\n|rule|Sleep Clause Mod: Limit one foe put to sleep\n|clearpoke\n|poke|p1|Garganacl, F|\n|poke|p1|Galvantula, M|\n|poke|p1|Great Tusk|\n|poke|p1|Greninja-*, M|\n|poke|p1|Maushold-Four|\n|poke|p1|Mimikyu, M|\n|poke|p2|Tapu Lele|\n|poke|p2|Armarouge, M|\n|poke|p2|Polteageist-Antique|\n|poke|p2|Ogerpon-Wellspring, F|\n|poke|p2|Moltres|\n|poke|p2|Sneasler, M|\n|teampreview\n|inactive|Battle timer is ON: inactive players will automatically lose when time's up. (requested by Leifthrasir)\n|\n|t:|1699802501\n|start\n|switch|p1a: La Gran Tula|Galvantula, M, shiny|100\/100\n|switch|p2a: \u773c\u955c\u5a18|Tapu Lele|100\/100\n|-fieldstart|move: Psychic Terrain|[from] ability: Psychic Surge|[of] p2a: \u773c\u955c\u5a18\n|turn|1\n|inactive|EABL XD has 120 seconds left.\n|\n|t:|1699802536\n|move|p1a: La Gran Tula|Thunder Wave|p2a: \u773c\u955c\u5a18\n|-status|p2a: \u773c\u955c\u5a18|par\n|move|p2a: \u773c\u955c\u5a18|Moonblast|p1a: La Gran Tula\n|-damage|p1a: La Gran Tula|3\/100\n|-unboost|p1a: La Gran Tula|spa|1\n|\n|upkeep\n|turn|2\n|\n|t:|1699802540\n|move|p1a: La Gran Tula|Sticky Web|p2a: \u773c\u955c\u5a18\n|-sidestart|p2: Leifthrasir|move: Sticky Web\n|move|p2a: \u773c\u955c\u5a18|Moonblast|p1a: La Gran Tula\n|-damage|p1a: La Gran Tula|0 fnt\n|faint|p1a: La Gran Tula\n|\n|upkeep\n|\n|t:|1699802548\n|switch|p1a: Mimikyu|Mimikyu, M|100\/100\n|turn|3\n|\n|t:|1699802559\n|switch|p2a: \u94c1\u7532\u5c0f\u5b9d|Armarouge, M|100\/100\n|-activate|p2a: \u94c1\u7532\u5c0f\u5b9d|move: Sticky Web\n|-unboost|p2a: \u94c1\u7532\u5c0f\u5b9d|spe|1\n|move|p1a: Mimikyu|Swords Dance|p1a: Mimikyu\n|-boost|p1a: Mimikyu|atk|2\n|\n|upkeep\n|turn|4\n|\n|t:|1699802578\n|move|p2a: \u94c1\u7532\u5c0f\u5b9d|Endure|p2a: \u94c1\u7532\u5c0f\u5b9d\n|-singleturn|p2a: \u94c1\u7532\u5c0f\u5b9d|move: Endure\n|move|p1a: Mimikyu|Shadow Claw|p2a: \u94c1\u7532\u5c0f\u5b9d\n|-supereffective|p2a: \u94c1\u7532\u5c0f\u5b9d\n|-activate|p2a: \u94c1\u7532\u5c0f\u5b9d|move: Endure\n|-damage|p2a: \u94c1\u7532\u5c0f\u5b9d|1\/100\n|-ability|p2a: \u94c1\u7532\u5c0f\u5b9d|Weak Armor|boost\n|-unboost|p2a: \u94c1\u7532\u5c0f\u5b9d|def|1\n|-boost|p2a: \u94c1\u7532\u5c0f\u5b9d|spe|2\n|-enditem|p2a: \u94c1\u7532\u5c0f\u5b9d|Weakness Policy\n|-boost|p2a: \u94c1\u7532\u5c0f\u5b9d|atk|2|[from] item: Weakness Policy\n|-boost|p2a: \u94c1\u7532\u5c0f\u5b9d|spa|2|[from] item: Weakness Policy\n|\n|upkeep\n|turn|5\n|\n|t:|1699802605\n|move|p2a: \u94c1\u7532\u5c0f\u5b9d|Expanding Force|p1a: Mimikyu\n|-activate|p1a: Mimikyu|ability: Disguise\n|-damage|p1a: Mimikyu|100\/100\n|detailschange|p1a: Mimikyu|Mimikyu-Busted, M\n|-damage|p1a: Mimikyu|88\/100|[from] pokemon: Mimikyu-Busted\n|move|p1a: Mimikyu|Shadow Claw|p2a: \u94c1\u7532\u5c0f\u5b9d\n|-supereffective|p2a: \u94c1\u7532\u5c0f\u5b9d\n|-damage|p2a: \u94c1\u7532\u5c0f\u5b9d|0 fnt\n|faint|p2a: \u94c1\u7532\u5c0f\u5b9d\n|\n|upkeep\n|\n|t:|1699802617\n|switch|p2a: XY\u6389\u5e27\u72c2\u9b54|Moltres|100\/100\n|turn|6\n|\n|t:|1699802626\n|move|p1a: Mimikyu|Shadow Claw|p2a: XY\u6389\u5e27\u72c2\u9b54\n|-damage|p2a: XY\u6389\u5e27\u72c2\u9b54|55\/100\n|move|p2a: XY\u6389\u5e27\u72c2\u9b54|Defog|p1a: Mimikyu\n|-unboost|p1a: Mimikyu|evasion|1\n|-sideend|p2: Leifthrasir|Sticky Web|[from] move: Defog|[of] p2a: XY\u6389\u5e27\u72c2\u9b54\n|-fieldend|move: Psychic Terrain\n|\n|upkeep\n|turn|7\n|\n|t:|1699802644\n|move|p1a: Mimikyu|Shadow Claw|p2a: XY\u6389\u5e27\u72c2\u9b54\n|-damage|p2a: XY\u6389\u5e27\u72c2\u9b54|10\/100\n|move|p2a: XY\u6389\u5e27\u72c2\u9b54|U-turn|p1a: Mimikyu\n|-resisted|p1a: Mimikyu\n|-damage|p1a: Mimikyu|83\/100\n|\n|t:|1699802655\n|switch|p2a: \u773c\u955c\u5a18|Tapu Lele|100\/100 par|[from] U-turn\n|-fieldstart|move: Psychic Terrain|[from] ability: Psychic Surge|[of] p2a: \u773c\u955c\u5a18\n|\n|upkeep\n|turn|8\n|\n|t:|1699802668\n|move|p1a: Mimikyu|Shadow Claw|p2a: \u773c\u955c\u5a18\n|-supereffective|p2a: \u773c\u955c\u5a18\n|-damage|p2a: \u773c\u955c\u5a18|0 fnt\n|faint|p2a: \u773c\u955c\u5a18\n|\n|upkeep\n|\n|t:|1699802675\n|switch|p2a: \u58f6\u5e1d|Polteageist-Antique|100\/100\n|turn|9\n|\n|t:|1699802702\n|-zpower|p1a: Mimikyu\n|move|p1a: Mimikyu|Let's Snuggle Forever|p2a: \u58f6\u5e1d|[zeffect]\n|-crit|p2a: \u58f6\u5e1d\n|-enditem|p2a: \u58f6\u5e1d|Focus Sash\n|-damage|p2a: \u58f6\u5e1d|1\/100\n|-ability|p2a: \u58f6\u5e1d|Weak Armor|boost\n|-unboost|p2a: \u58f6\u5e1d|def|1\n|-boost|p2a: \u58f6\u5e1d|spe|2\n|move|p2a: \u58f6\u5e1d|Shell Smash|p2a: \u58f6\u5e1d\n|-unboost|p2a: \u58f6\u5e1d|def|1\n|-unboost|p2a: \u58f6\u5e1d|spd|1\n|-boost|p2a: \u58f6\u5e1d|atk|2\n|-boost|p2a: \u58f6\u5e1d|spa|2\n|-boost|p2a: \u58f6\u5e1d|spe|2\n|\n|upkeep\n|turn|10\n|\n|t:|1699802710\n|move|p2a: \u58f6\u5e1d|Stored Power|p1a: Mimikyu\n|-crit|p1a: Mimikyu\n|-damage|p1a: Mimikyu|0 fnt\n|faint|p1a: Mimikyu\n|\n|upkeep\n|\n|t:|1699802713\n|switch|p1a: El Ninja|Greninja, M|100\/100\n|turn|11\n|l|\u2606Leifthrasir\n|inactive|Leifthrasir disconnected and has a minute to reconnect!\n|player|p2|\n|inactive|Leifthrasir has 30 seconds to reconnect!\n|j|\u2606Leifthrasir\n|inactive|Leifthrasir reconnected and has 105 seconds left.\n|player|p2|Leifthrasir|lady-gen4\n|\n|t:|1699802762\n|switch|p1a: Golem del Maincra|Garganacl, F|100\/100\n|-terastallize|p2a: \u58f6\u5e1d|Fighting\n|move|p2a: \u58f6\u5e1d|Tera Blast|p1a: Golem del Maincra|[anim] Tera Blast Fighting\n|-supereffective|p1a: Golem del Maincra\n|-damage|p1a: Golem del Maincra|3\/100\n|\n|upkeep\n|turn|12\n|\n|t:|1699802770\n|move|p2a: \u58f6\u5e1d|Shadow Ball|p1a: Golem del Maincra\n|-damage|p1a: Golem del Maincra|0 fnt\n|faint|p1a: Golem del Maincra\n|\n|upkeep\n|\n|t:|1699802781\n|switch|p1a: Familia \ud83d\ude10\ud83d\udc4d\ud83c\udffd|Maushold-Four|100\/100\n|turn|13\n|inactive|Leifthrasir has 120 seconds left.\n|\n|t:|1699802788\n|move|p2a: \u58f6\u5e1d|Tera Blast|p1a: Familia \ud83d\ude10\ud83d\udc4d\ud83c\udffd|[anim] Tera Blast Fighting\n|-supereffective|p1a: Familia \ud83d\ude10\ud83d\udc4d\ud83c\udffd\n|-damage|p1a: Familia \ud83d\ude10\ud83d\udc4d\ud83c\udffd|0 fnt\n|faint|p1a: Familia \ud83d\ude10\ud83d\udc4d\ud83c\udffd\n|\n|upkeep\n|\n|t:|1699802811\n|switch|p1a: Manny|Great Tusk, shiny|100\/100\n|-enditem|p1a: Manny|Booster Energy\n|-activate|p1a: Manny|ability: Protosynthesis|[fromitem]\n|-start|p1a: Manny|protosynthesisatk\n|turn|14\n|inactive|Leifthrasir has 120 seconds left.\n|\n|t:|1699802840\n|move|p2a: \u58f6\u5e1d|Shadow Ball|p1a: Manny\n|-damage|p1a: Manny|0 fnt\n|faint|p1a: Manny\n|-end|p1a: Manny|Protosynthesis|[silent]\n|\n|-fieldend|move: Psychic Terrain\n|upkeep\n|\n|t:|1699802844\n|switch|p1a: El Ninja|Greninja, M|100\/100\n|turn|15\n|inactive|Leifthrasir has 120 seconds left.\n|\n|t:|1699802851\n|switch|p2a: \u5251\u821e\u8d77\u8349|Ogerpon-Wellspring, F|100\/100\n|move|p1a: El Ninja|Water Shuriken|p2a: \u5251\u821e\u8d77\u8349\n|-immune|p2a: \u5251\u821e\u8d77\u8349|[from] ability: Water Absorb\n|\n|upkeep\n|turn|16\n|inactive|Leifthrasir has 120 seconds left.\n|\n|t:|1699802863\n|move|p2a: \u5251\u821e\u8d77\u8349|Horn Leech|p1a: El Ninja\n|-supereffective|p1a: El Ninja\n|-damage|p1a: El Ninja|0 fnt\n|faint|p1a: El Ninja\n|\n|win|Leifthrasir\n|raw|EABL XD's rating: 1328 &rarr; <strong>1312<\/strong><br \/>(-16 for losing)\n|raw|Leifthrasir's rating: 1390 &rarr; <strong>1406<\/strong><br \/>(+16 for winning)\n|l|\u2606EABL XD\n","uploadtime":1699802905,"views":4,"p1id":"eablxd","p2id":"leifthrasir","formatid":"gen9nationaldex","rating":1312,"private":0,"password":""}