{"id":"gen9nationaldex-1999024477","p1":"numSkull31","p2":"Olindg","format":"[Gen 9] National Dex","log":"|html|<div class=\"broadcast-blue\"><strong>[Gen 9] National Dex is currently suspecting Sneasler! For information on how to participate check out the <a href=\"https:\/\/www.smogon.com\/forums\/threads\/sv-national-dex-suspect-8-just-dance.3731534\/\">suspect thread<\/a>.<\/strong><\/div>\n|j|\u2606numSkull31\n|j|\u2606Olindg\n|t:|1701025063\n|gametype|singles\n|player|p1|numSkull31|169|1201\n|player|p2|Olindg|101|1148\n|teamsize|p1|6\n|teamsize|p2|6\n|gen|9\n|tier|[Gen 9] National Dex\n|rated|\n|rule|HP Percentage Mod: HP is shown in percentages\n|rule|Endless Battle Clause: Forcing endless battles is banned\n|rule|OHKO Clause: OHKO moves are banned\n|rule|Evasion Clause: Evasion abilities, items, and moves are banned\n|rule|Evasion Abilities Clause: Evasion abilities are banned\n|rule|Evasion Items Clause: Evasion items are banned\n|rule|Evasion Moves Clause: Evasion moves are banned\n|rule|Species Clause: Limit one of each Pok\u00e9mon\n|rule|Sleep Clause Mod: Limit one foe put to sleep\n|clearpoke\n|poke|p1|Scizor, F|\n|poke|p1|Heatran, F|\n|poke|p1|Iron Valiant|\n|poke|p1|Tapu Koko|\n|poke|p1|Great Tusk|\n|poke|p1|Sinistcha|\n|poke|p2|Zoroark, M|\n|poke|p2|Blaziken, F|\n|poke|p2|Azumarill, M|\n|poke|p2|Ursaring, M|\n|poke|p2|Krookodile, M|\n|poke|p2|Lycanroc, F|\n|teampreview\n|inactive|Battle timer is ON: inactive players will automatically lose when time's up. (requested by Olindg)\n|\n|t:|1701025137\n|start\n|switch|p1a: Tapu Koko|Tapu Koko|100\/100\n|switch|p2a: Bonnie|Azumarill, M|100\/100\n|-fieldstart|move: Electric Terrain|[from] ability: Electric Surge|[of] p1a: Tapu Koko\n|turn|1\n|\n|t:|1701025151\n|move|p1a: Tapu Koko|Thunderbolt|p2a: Bonnie\n|-supereffective|p2a: Bonnie\n|-damage|p2a: Bonnie|6\/100\n|-enditem|p2a: Bonnie|Sitrus Berry|[eat]\n|-heal|p2a: Bonnie|31\/100|[from] item: Sitrus Berry\n|move|p2a: Bonnie|Belly Drum||[still]\n|-fail|p2a: Bonnie\n|\n|upkeep\n|turn|2\n|\n|t:|1701025173\n|switch|p2a: Monty|Krookodile, M|100\/100\n|-ability|p2a: Monty|Intimidate|boost\n|-unboost|p1a: Tapu Koko|atk|1\n|move|p1a: Tapu Koko|Thunderbolt|p2a: Monty\n|-immune|p2a: Monty\n|\n|upkeep\n|turn|3\n|inactive|numSkull31 has 120 seconds left.\n|\n|t:|1701025195\n|move|p1a: Tapu Koko|U-turn|p2a: Monty\n|-supereffective|p2a: Monty\n|-damage|p2a: Monty|74\/100\n|inactive|numSkull31 has 120 seconds left.\n|\n|t:|1701025221\n|switch|p1a: Sinistcha|Sinistcha|100\/100|[from] U-turn\n|move|p2a: Monty|Earthquake|p1a: Sinistcha\n|-resisted|p1a: Sinistcha\n|-damage|p1a: Sinistcha|78\/100\n|-damage|p2a: Monty|64\/100|[from] item: Life Orb\n|\n|-heal|p1a: Sinistcha|84\/100|[from] item: Leftovers\n|upkeep\n|turn|4\n|inactive|numSkull31 has 90 seconds left.\n|\n|t:|1701025262\n|move|p2a: Monty|Darkest Lariat|p1a: Sinistcha\n|-supereffective|p1a: Sinistcha\n|-damage|p1a: Sinistcha|2\/100\n|-damage|p2a: Monty|54\/100|[from] item: Life Orb\n|move|p1a: Sinistcha|Matcha Gotcha|p2a: Monty|[miss]\n|-miss|p1a: Sinistcha|p2a: Monty\n|\n|-heal|p1a: Sinistcha|8\/100|[from] item: Leftovers\n|upkeep\n|turn|5\n|inactive|numSkull31 has 60 seconds left.\n|\n|t:|1701025302\n|switch|p1a: Iron Valiant|Iron Valiant|100\/100\n|-activate|p1a: Iron Valiant|ability: Quark Drive\n|-start|p1a: Iron Valiant|quarkdrivespe\n|move|p2a: Monty|Darkest Lariat|p1a: Iron Valiant\n|-resisted|p1a: Iron Valiant\n|-damage|p1a: Iron Valiant|84\/100\n|-damage|p2a: Monty|44\/100|[from] item: Life Orb\n|\n|-fieldend|move: Electric Terrain\n|-end|p1a: Iron Valiant|Quark Drive\n|upkeep\n|turn|6\n|\n|t:|1701025309\n|switch|p2a: Bonnie|Azumarill, M|31\/100\n|move|p1a: Iron Valiant|Moonblast|p2a: Bonnie\n|-damage|p2a: Bonnie|0 fnt\n|faint|p2a: Bonnie\n|\n|upkeep\n|\n|t:|1701025317\n|switch|p2a: Roxy|Lycanroc, F, shiny|100\/100\n|turn|7\n|inactive|numSkull31 has 60 seconds left.\n|\n|t:|1701025323\n|move|p1a: Iron Valiant|Moonblast|p2a: Roxy\n|-supereffective|p2a: Roxy\n|-damage|p2a: Roxy|0 fnt\n|replace|p2a: Foxy|Zoroark, M\n|-end|p2a: Foxy|Illusion\n|faint|p2a: Foxy\n|\n|upkeep\n|\n|t:|1701025328\n|switch|p2a: Freddy|Ursaring, M|100\/100\n|turn|8\n|\n|t:|1701025342\n|-end|p1a: Iron Valiant|Quark Drive|[silent]\n|switch|p1a: Great Tusk|Great Tusk|100\/100\n|move|p2a: Freddy|Fire Punch|p1a: Great Tusk\n|-damage|p1a: Great Tusk|85\/100\n|-status|p1a: Great Tusk|brn\n|\n|-heal|p1a: Great Tusk|91\/100 brn|[from] item: Leftovers\n|-damage|p1a: Great Tusk|85\/100 brn|[from] brn\n|upkeep\n|turn|9\n|\n|t:|1701025358\n|switch|p2a: Monty|Krookodile, M|44\/100\n|-ability|p2a: Monty|Intimidate|boost\n|-unboost|p1a: Great Tusk|atk|1\n|move|p1a: Great Tusk|Knock Off|p2a: Monty\n|-resisted|p2a: Monty\n|-damage|p2a: Monty|39\/100\n|-enditem|p2a: Monty|Life Orb|[from] move: Knock Off|[of] p1a: Great Tusk\n|\n|-heal|p1a: Great Tusk|91\/100 brn|[from] item: Leftovers\n|-damage|p1a: Great Tusk|85\/100 brn|[from] brn\n|upkeep\n|turn|10\n|inactive|numSkull31 has 60 seconds left.\n|\n|t:|1701025389\n|-end|p1a: Great Tusk|Protosynthesis|[silent]\n|switch|p1a: Sinistcha|Sinistcha|8\/100\n|move|p2a: Monty|Earthquake|p1a: Sinistcha\n|-resisted|p1a: Sinistcha\n|-damage|p1a: Sinistcha|0 fnt\n|faint|p1a: Sinistcha\n|\n|upkeep\n|\n|t:|1701025394\n|switch|p1a: Iron Valiant|Iron Valiant|84\/100\n|turn|11\n|\n|t:|1701025401\n|switch|p2a: Freddy|Ursaring, M|100\/100\n|move|p1a: Iron Valiant|Focus Blast|p2a: Freddy\n|-supereffective|p2a: Freddy\n|-damage|p2a: Freddy|0 fnt\n|faint|p2a: Freddy\n|\n|upkeep\n|\n|t:|1701025411\n|switch|p2a: Chica|Blaziken, F|100\/100\n|turn|12\n|inactive|numSkull31 has 60 seconds left.\n|\n|t:|1701025421\n|-end|p1a: Iron Valiant|Quark Drive|[silent]\n|switch|p1a: Heatran|Heatran, F|100\/100\n|-item|p1a: Heatran|Air Balloon\n|move|p2a: Chica|Detect||[still]\n|-fail|p2a: Chica\n|\n|-ability|p2a: Chica|Speed Boost|boost\n|-boost|p2a: Chica|spe|1\n|upkeep\n|turn|13\n|inactive|numSkull31 has 60 seconds left.\n|\n|t:|1701025438\n|-terastallize|p1a: Heatran|Flying\n|move|p2a: Chica|Detect|p2a: Chica\n|-singleturn|p2a: Chica|Protect\n|move|p1a: Heatran|Magma Storm|p2a: Chica\n|-activate|p2a: Chica|move: Protect\n|\n|-ability|p2a: Chica|Speed Boost|boost\n|-boost|p2a: Chica|spe|1\n|upkeep\n|turn|14\n|\n|t:|1701025443\n|move|p2a: Chica|Blaze Kick|p1a: Heatran\n|-start|p1a: Heatran|ability: Flash Fire\n|move|p1a: Heatran|Magma Storm|p2a: Chica\n|-resisted|p2a: Chica\n|-damage|p2a: Chica|55\/100\n|-activate|p2a: Chica|move: Magma Storm|[of] p1a: Heatran\n|\n|-damage|p2a: Chica|43\/100|[from] move: Magma Storm|[partiallytrapped]\n|-ability|p2a: Chica|Speed Boost|boost\n|-boost|p2a: Chica|spe|1\n|upkeep\n|turn|15\n|\n|t:|1701025450\n|move|p2a: Chica|Brick Break|p1a: Heatran\n|-resisted|p1a: Heatran\n|-damage|p1a: Heatran|84\/100\n|-enditem|p1a: Heatran|Air Balloon\n|move|p1a: Heatran|Earth Power|p2a: Chica\n|-supereffective|p2a: Chica\n|-damage|p2a: Chica|0 fnt\n|faint|p2a: Chica\n|\n|upkeep\n|\n|t:|1701025452\n|switch|p2a: Roxy|Lycanroc, F, shiny|100\/100\n|turn|16\n|\n|t:|1701025459\n|move|p2a: Roxy|Stone Edge|p1a: Heatran|[miss]\n|-miss|p2a: Roxy|p1a: Heatran\n|move|p1a: Heatran|Earth Power|p2a: Roxy\n|-supereffective|p2a: Roxy\n|-damage|p2a: Roxy|17\/100\n|\n|upkeep\n|turn|17\n|\n|t:|1701025465\n|-zpower|p2a: Roxy\n|move|p2a: Roxy|Splintered Stormshards|p1a: Heatran|[zeffect]\n|-supereffective|p1a: Heatran\n|-damage|p1a: Heatran|0 fnt\n|faint|p1a: Heatran\n|\n|upkeep\n|\n|t:|1701025473\n|switch|p1a: Scizor|Scizor, F|100\/100\n|turn|18\n|\n|t:|1701025477\n|detailschange|p1a: Scizor|Scizor-Mega, F\n|-mega|p1a: Scizor|Scizor|Scizorite\n|move|p2a: Roxy|Accelerock|p1a: Scizor\n|-damage|p1a: Scizor|87\/100\n|move|p1a: Scizor|Bullet Punch|p2a: Roxy\n|-supereffective|p2a: Roxy\n|-crit|p2a: Roxy\n|-damage|p2a: Roxy|0 fnt\n|faint|p2a: Roxy\n|\n|upkeep\n|\n|t:|1701025480\n|switch|p2a: Monty|Krookodile, M|39\/100\n|-ability|p2a: Monty|Intimidate|boost\n|-unboost|p1a: Scizor|atk|1\n|turn|19\n|\n|t:|1701025485\n|-terastallize|p2a: Monty|Ground\n|move|p1a: Scizor|Close Combat|p2a: Monty\n|-damage|p2a: Monty|0 fnt\n|-unboost|p1a: Scizor|def|1\n|-unboost|p1a: Scizor|spd|1\n|faint|p2a: Monty\n|\n|win|numSkull31\n|raw|numSkull31's rating: 1201 &rarr; <strong>1222<\/strong><br \/>(+21 for winning)\n|raw|Olindg's rating: 1148 &rarr; <strong>1127<\/strong><br \/>(-21 for losing)\n|l|\u2606Olindg\n","uploadtime":1701025490,"views":11,"p1id":"numskull31","p2id":"olindg","formatid":"gen9nationaldex","rating":1127,"private":0,"password":""}