{"id":"gen9nationaldex-1998872509","p1":"baigu2","p2":"Forever1507","format":"[Gen 9] National Dex","log":"|html|<div class=\"broadcast-blue\"><strong>[Gen 9] National Dex is currently suspecting Sneasler! For information on how to participate check out the <a href=\"https:\/\/www.smogon.com\/forums\/threads\/sv-national-dex-suspect-8-just-dance.3731534\/\">suspect thread<\/a>.<\/strong><\/div>\n|j|\u2606baigu2\n|j|\u2606Forever1507\n|t:|1701006564\n|gametype|singles\n|player|p1|baigu2|169|1836\n|player|p2|Forever1507|265|1683\n|teamsize|p1|6\n|teamsize|p2|6\n|gen|9\n|tier|[Gen 9] National Dex\n|rated|\n|rule|HP Percentage Mod: HP is shown in percentages\n|rule|Endless Battle Clause: Forcing endless battles is banned\n|rule|OHKO Clause: OHKO moves are banned\n|rule|Evasion Clause: Evasion abilities, items, and moves are banned\n|rule|Evasion Abilities Clause: Evasion abilities are banned\n|rule|Evasion Items Clause: Evasion items are banned\n|rule|Evasion Moves Clause: Evasion moves are banned\n|rule|Species Clause: Limit one of each Pok\u00e9mon\n|rule|Sleep Clause Mod: Limit one foe put to sleep\n|clearpoke\n|poke|p1|Ursaluna, M|\n|poke|p1|Slowking, F|\n|poke|p1|Corviknight, M|\n|poke|p1|Hoopa-Unbound|\n|poke|p1|Dragonite, M|\n|poke|p1|Tapu Koko|\n|poke|p2|Charizard, M|\n|poke|p2|Rotom-Wash|\n|poke|p2|Kommo-o, F|\n|poke|p2|Rillaboom, M|\n|poke|p2|Sneasler, F|\n|poke|p2|Volcarona, M|\n|teampreview\n|\n|t:|1701006578\n|start\n|switch|p1a: Tapu Koko|Tapu Koko|100\/100\n|switch|p2a: Rotom|Rotom-Wash|100\/100\n|-fieldstart|move: Electric Terrain|[from] ability: Electric Surge|[of] p1a: Tapu Koko\n|turn|1\n|j| NicksRokaya\n|\n|t:|1701006588\n|move|p1a: Tapu Koko|Volt Switch|p2a: Rotom\n|-damage|p2a: Rotom|42\/100\n|\n|t:|1701006591\n|switch|p1a: Slowking|Slowking, F|100\/100|[from] Volt Switch\n|move|p2a: Rotom|Will-O-Wisp|p1a: Slowking\n|-status|p1a: Slowking|brn\n|\n|-heal|p2a: Rotom|49\/100|[from] item: Leftovers\n|-damage|p1a: Slowking|94\/100 brn|[from] brn\n|upkeep\n|turn|2\n|\n|t:|1701006595\n|move|p2a: Rotom|Volt Switch|p1a: Slowking\n|-supereffective|p1a: Slowking\n|-damage|p1a: Slowking|64\/100 brn\n|\n|t:|1701006606\n|switch|p2a: Rillaboom|Rillaboom, M|100\/100|[from] Volt Switch\n|-fieldstart|move: Grassy Terrain|[from] ability: Grassy Surge|[of] p2a: Rillaboom\n|move|p1a: Slowking|Trick Room|p1a: Slowking\n|-fieldstart|move: Trick Room|[of] p1a: Slowking\n|\n|-heal|p1a: Slowking|70\/100 brn|[from] Grassy Terrain\n|-damage|p1a: Slowking|64\/100 brn|[from] brn\n|upkeep\n|turn|3\n|\n|t:|1701006613\n|switch|p1a: Dragonite|Dragonite, M|100\/100\n|move|p2a: Rillaboom|Grassy Glide|p1a: Dragonite\n|-resisted|p1a: Dragonite\n|-damage|p1a: Dragonite|93\/100\n|\n|upkeep\n|turn|4\n|\n|t:|1701006617\n|switch|p2a: Rotom|Rotom-Wash|49\/100\n|move|p1a: Dragonite|Outrage|p2a: Rotom\n|-damage|p2a: Rotom|0 fnt\n|faint|p2a: Rotom\n|\n|upkeep\n|\n|t:|1701006627\n|switch|p2a: Volcarona|Volcarona, M|100\/100\n|turn|5\n|inactive|Battle timer is ON: inactive players will automatically lose when time's up. (requested by baigu2)\n|\n|t:|1701006630\n|move|p1a: Dragonite|Outrage|p2a: Volcarona|[from]lockedmove\n|-damage|p2a: Volcarona|0 fnt\n|-status|p1a: Dragonite|brn|[from] ability: Flame Body|[of] p2a: Volcarona\n|faint|p2a: Volcarona\n|\n|-damage|p1a: Dragonite|87\/100 brn|[from] brn\n|upkeep\n|\n|t:|1701006639\n|switch|p2a: Sneasler|Sneasler, F|100\/100\n|-enditem|p2a: Sneasler|Grassy Seed\n|-boost|p2a: Sneasler|def|1|[from] item: Grassy Seed\n|turn|6\n|\n|t:|1701006642\n|move|p1a: Dragonite|Outrage|p2a: Sneasler|[from]lockedmove\n|-damage|p2a: Sneasler|40\/100\n|-start|p1a: Dragonite|confusion|[fatigue]\n|move|p2a: Sneasler|Swords Dance|p2a: Sneasler\n|-boost|p2a: Sneasler|atk|2\n|\n|-heal|p2a: Sneasler|46\/100|[from] Grassy Terrain\n|-damage|p1a: Dragonite|81\/100 brn|[from] brn\n|-fieldend|move: Trick Room\n|-fieldend|move: Grassy Terrain\n|upkeep\n|turn|7\n|\n|t:|1701006649\n|-terastallize|p2a: Sneasler|Flying\n|move|p2a: Sneasler|Acrobatics|p1a: Dragonite\n|-damage|p1a: Dragonite|0 fnt\n|faint|p1a: Dragonite\n|\n|upkeep\n|\n|t:|1701006654\n|switch|p1a: Corviknight|Corviknight, M|100\/100\n|-ability|p1a: Corviknight|Pressure\n|turn|8\n|\n|t:|1701006666\n|move|p2a: Sneasler|Close Combat|p1a: Corviknight\n|-damage|p1a: Corviknight|13\/100\n|-unboost|p2a: Sneasler|def|1\n|-unboost|p2a: Sneasler|spd|1\n|-damage|p2a: Sneasler|30\/100|[from] item: Rocky Helmet|[of] p1a: Corviknight\n|move|p1a: Corviknight|Brave Bird|p2a: Sneasler\n|-damage|p2a: Sneasler|0 fnt\n|faint|p2a: Sneasler\n|-damage|p1a: Corviknight|6\/100|[from] Recoil\n|\n|upkeep\n|\n|t:|1701006670\n|switch|p2a: Charizard|Charizard, M|100\/100\n|turn|9\n|\n|t:|1701006675\n|detailschange|p2a: Charizard|Charizard-Mega-X, M\n|-mega|p2a: Charizard|Charizard|Charizardite X\n|move|p2a: Charizard|Dragon Dance|p2a: Charizard\n|-boost|p2a: Charizard|atk|1\n|-boost|p2a: Charizard|spe|1\n|move|p1a: Corviknight|U-turn|p2a: Charizard\n|-resisted|p2a: Charizard\n|-damage|p2a: Charizard|93\/100\n|\n|t:|1701006680\n|switch|p1a: Slowking|Slowking, F|97\/100 brn|[from] U-turn\n|\n|-damage|p1a: Slowking|91\/100 brn|[from] brn\n|upkeep\n|turn|10\n|\n|t:|1701006684\n|move|p2a: Charizard|Dragon Claw|p1a: Slowking\n|-damage|p1a: Slowking|12\/100 brn\n|move|p1a: Slowking|Trick Room|p1a: Slowking\n|-fieldstart|move: Trick Room|[of] p1a: Slowking\n|\n|-damage|p1a: Slowking|6\/100 brn|[from] brn\n|upkeep\n|turn|11\n|\n|t:|1701006691\n|move|p2a: Charizard|Dragon Dance|p2a: Charizard\n|-boost|p2a: Charizard|atk|1\n|-boost|p2a: Charizard|spe|1\n|move|p1a: Slowking|Teleport|p1a: Slowking\n|\n|t:|1701006693\n|switch|p1a: \u718a\u5927|Ursaluna, M|100\/100|[from] Teleport\n|\n|-status|p1a: \u718a\u5927|brn|[from] item: Flame Orb\n|upkeep\n|turn|12\n|\n|t:|1701006699\n|-terastallize|p1a: \u718a\u5927|Normal\n|move|p1a: \u718a\u5927|Facade|p2a: Charizard\n|-damage|p2a: Charizard|0 fnt\n|faint|p2a: Charizard\n|\n|-damage|p1a: \u718a\u5927|94\/100 brn|[from] brn\n|upkeep\n|\n|t:|1701006705\n|switch|p2a: Rillaboom|Rillaboom, M|100\/100\n|-fieldstart|move: Grassy Terrain|[from] ability: Grassy Surge|[of] p2a: Rillaboom\n|turn|13\n|\n|t:|1701006709\n|move|p2a: Rillaboom|Grassy Glide|p1a: \u718a\u5927\n|-damage|p1a: \u718a\u5927|48\/100 brn\n|move|p1a: \u718a\u5927|Facade|p2a: Rillaboom\n|-damage|p2a: Rillaboom|0 fnt\n|faint|p2a: Rillaboom\n|\n|-heal|p1a: \u718a\u5927|54\/100 brn|[from] Grassy Terrain\n|-damage|p1a: \u718a\u5927|48\/100 brn|[from] brn\n|upkeep\n|\n|t:|1701006712\n|switch|p2a: Kommo-o|Kommo-o, F|100\/100\n|turn|14\n|\n|t:|1701006714\n|move|p1a: \u718a\u5927|Facade|p2a: Kommo-o\n|-crit|p2a: Kommo-o\n|-damage|p2a: Kommo-o|0 fnt\n|faint|p2a: Kommo-o\n|\n|win|baigu2\n|raw|baigu2's rating: 1836 &rarr; <strong>1848<\/strong><br \/>(+12 for winning)\n|raw|Forever1507's rating: 1683 &rarr; <strong>1671<\/strong><br \/>(-12 for losing)\n|l|\u2606Forever1507\n","uploadtime":1701006717,"views":5,"p1id":"baigu2","p2id":"forever1507","formatid":"gen9nationaldex","rating":1671,"private":0,"password":""}