{"id":"gen9nationaldex-1995552091","p1":"X3tiger","p2":"samsung television","format":"[Gen 9] National Dex","log":"|html|<div class=\"broadcast-blue\"><strong>[Gen 9] National Dex is currently suspecting Sneasler! For information on how to participate check out the <a href=\"https:\/\/www.smogon.com\/forums\/threads\/sv-national-dex-suspect-8-just-dance.3731534\/\">suspect thread<\/a>.<\/strong><\/div>\n|j|\u2606X3tiger\n|j|\u2606samsung television\n|t:|1700582196\n|gametype|singles\n|player|p1|X3tiger|volo|1062\n|player|p2|samsung television|clown|1110\n|teamsize|p1|6\n|teamsize|p2|6\n|gen|9\n|tier|[Gen 9] National Dex\n|rated|\n|rule|HP Percentage Mod: HP is shown in percentages\n|rule|Endless Battle Clause: Forcing endless battles is banned\n|rule|OHKO Clause: OHKO moves are banned\n|rule|Evasion Clause: Evasion abilities, items, and moves are banned\n|rule|Evasion Abilities Clause: Evasion abilities are banned\n|rule|Evasion Items Clause: Evasion items are banned\n|rule|Evasion Moves Clause: Evasion moves are banned\n|rule|Species Clause: Limit one of each Pok\u00e9mon\n|rule|Sleep Clause Mod: Limit one foe put to sleep\n|clearpoke\n|poke|p1|Iron Moth|\n|poke|p1|Slither Wing|\n|poke|p1|Volcarona, M|\n|poke|p1|Venomoth, F|\n|poke|p1|Frosmoth, F|\n|poke|p1|Mothim, M|\n|poke|p2|Pincurchin, M|\n|poke|p2|Venusaur, F|\n|poke|p2|Zeraora|\n|poke|p2|Toedscruel, M|\n|poke|p2|Iron Valiant|\n|poke|p2|Raichu-Alola, M|\n|teampreview\n|\n|t:|1700582245\n|start\n|switch|p1a: Iron Moth|Iron Moth|100\/100\n|switch|p2a: Pincurchin|Pincurchin, M|100\/100\n|-fieldstart|move: Electric Terrain|[from] ability: Electric Surge|[of] p2a: Pincurchin\n|-activate|p1a: Iron Moth|ability: Quark Drive\n|-start|p1a: Iron Moth|quarkdrivespa\n|turn|1\n|\n|t:|1700582267\n|move|p1a: Iron Moth|Flamethrower|p2a: Pincurchin\n|-damage|p2a: Pincurchin|22\/100\n|move|p2a: Pincurchin|Spikes|p1a: Iron Moth\n|-sidestart|p1: X3tiger|Spikes\n|\n|upkeep\n|turn|2\n|\n|t:|1700582273\n|switch|p2a: Toedscruel|Toedscruel, M|100\/100\n|move|p1a: Iron Moth|Flamethrower|p2a: Toedscruel\n|-supereffective|p2a: Toedscruel\n|-damage|p2a: Toedscruel|24\/100\n|\n|upkeep\n|turn|3\n|\n|t:|1700582280\n|move|p1a: Iron Moth|Bug Buzz|p2a: Toedscruel\n|-supereffective|p2a: Toedscruel\n|-damage|p2a: Toedscruel|0 fnt\n|faint|p2a: Toedscruel\n|\n|upkeep\n|\n|t:|1700582289\n|switch|p2a: Raichu|Raichu-Alola, M|100\/100\n|turn|4\n|\n|t:|1700582296\n|-zpower|p2a: Raichu\n|move|p2a: Raichu|Shattered Psyche|p1a: Iron Moth|[zeffect]\n|-supereffective|p1a: Iron Moth\n|-enditem|p1a: Iron Moth|Focus Sash\n|-damage|p1a: Iron Moth|1\/100\n|move|p1a: Iron Moth|Bug Buzz|p2a: Raichu\n|-supereffective|p2a: Raichu\n|-damage|p2a: Raichu|0 fnt\n|faint|p2a: Raichu\n|\n|upkeep\n|c|\u2606samsung television|oh sash nvm i thought it just lived\n|\n|t:|1700582319\n|switch|p2a: Iron Valiant|Iron Valiant|100\/100\n|-activate|p2a: Iron Valiant|ability: Quark Drive\n|-start|p2a: Iron Valiant|quarkdrivespe\n|turn|5\n|\n|t:|1700582339\n|move|p2a: Iron Valiant|Moonblast|p1a: Iron Moth\n|-resisted|p1a: Iron Moth\n|-damage|p1a: Iron Moth|0 fnt\n|faint|p1a: Iron Moth\n|-end|p1a: Iron Moth|Quark Drive|[silent]\n|-damage|p2a: Iron Valiant|91\/100|[from] item: Life Orb\n|\n|upkeep\n|\n|t:|1700582358\n|switch|p1a: Volcarona|Volcarona, M|100\/100\n|-damage|p1a: Volcarona|88\/100|[from] Spikes\n|turn|6\n|\n|t:|1700582374\n|move|p2a: Iron Valiant|Calm Mind|p2a: Iron Valiant\n|-boost|p2a: Iron Valiant|spa|1\n|-boost|p2a: Iron Valiant|spd|1\n|move|p1a: Volcarona|Psychic|p2a: Iron Valiant\n|-supereffective|p2a: Iron Valiant\n|-damage|p2a: Iron Valiant|15\/100\n|\n|upkeep\n|turn|7\n|\n|t:|1700582386\n|move|p2a: Iron Valiant|Psyshock|p1a: Volcarona\n|-damage|p1a: Volcarona|14\/100\n|-damage|p2a: Iron Valiant|5\/100|[from] item: Life Orb\n|move|p1a: Volcarona|Psychic|p2a: Iron Valiant\n|-supereffective|p2a: Iron Valiant\n|-damage|p2a: Iron Valiant|0 fnt\n|faint|p2a: Iron Valiant\n|-end|p2a: Iron Valiant|Quark Drive|[silent]\n|\n|upkeep\n|\n|t:|1700582393\n|switch|p2a: Zeraora|Zeraora|100\/100\n|-enditem|p2a: Zeraora|Electric Seed\n|-boost|p2a: Zeraora|def|1|[from] item: Electric Seed\n|turn|8\n|\n|t:|1700582405\n|-terastallize|p2a: Zeraora|Flying\n|move|p2a: Zeraora|Acrobatics|p1a: Volcarona\n|-supereffective|p1a: Volcarona\n|-damage|p1a: Volcarona|0 fnt\n|faint|p1a: Volcarona\n|\n|-fieldend|move: Electric Terrain\n|upkeep\n|\n|t:|1700582411\n|switch|p1a: Frosmoth|Frosmoth, F|100\/100\n|turn|9\n|\n|t:|1700582415\n|move|p2a: Zeraora|Acrobatics|p1a: Frosmoth\n|-supereffective|p1a: Frosmoth\n|-damage|p1a: Frosmoth|0 fnt\n|faint|p1a: Frosmoth\n|\n|upkeep\n|\n|t:|1700582433\n|switch|p1a: Venomoth|Venomoth, F|100\/100\n|-damage|p1a: Venomoth|88\/100|[from] Spikes\n|turn|10\n|\n|t:|1700582444\n|move|p2a: Zeraora|Acrobatics|p1a: Venomoth\n|-supereffective|p1a: Venomoth\n|-damage|p1a: Venomoth|0 fnt\n|-damage|p2a: Zeraora|84\/100|[from] item: Rocky Helmet|[of] p1a: Venomoth\n|faint|p1a: Venomoth\n|\n|upkeep\n|\n|t:|1700582449\n|switch|p1a: Mothim|Mothim, M|100\/100\n|turn|11\n|\n|t:|1700582461\n|move|p2a: Zeraora|Acrobatics|p1a: Mothim\n|-supereffective|p1a: Mothim\n|-damage|p1a: Mothim|0 fnt\n|faint|p1a: Mothim\n|\n|upkeep\n|\n|t:|1700582465\n|switch|p1a: Slither Wing|Slither Wing|100\/100\n|-damage|p1a: Slither Wing|88\/100|[from] Spikes\n|turn|12\n|\n|t:|1700582471\n|-terastallize|p1a: Slither Wing|Electric\n|move|p2a: Zeraora|Acrobatics|p1a: Slither Wing\n|-resisted|p1a: Slither Wing\n|-damage|p1a: Slither Wing|52\/100\n|move|p1a: Slither Wing|Wild Charge|p2a: Zeraora\n|-heal|p2a: Zeraora|100\/100|[from] ability: Volt Absorb|[of] p1a: Slither Wing\n|\n|upkeep\n|turn|13\n|c|\u2606X3tiger|I so hoped\n|c|\u2606samsung television|lol\n|\n|t:|1700582502\n|move|p2a: Zeraora|Bulk Up|p2a: Zeraora\n|-boost|p2a: Zeraora|atk|1\n|-boost|p2a: Zeraora|def|1\n|move|p1a: Slither Wing|Leech Life|p2a: Zeraora\n|-resisted|p2a: Zeraora\n|-damage|p2a: Zeraora|87\/100\n|-heal|p1a: Slither Wing|58\/100|[from] drain|[of] p2a: Zeraora\n|\n|upkeep\n|turn|14\n|\n|t:|1700582510\n|move|p2a: Zeraora|Close Combat|p1a: Slither Wing\n|-damage|p1a: Slither Wing|0 fnt\n|-unboost|p2a: Zeraora|def|1\n|-unboost|p2a: Zeraora|spd|1\n|faint|p1a: Slither Wing\n|-end|p1a: Slither Wing|Protosynthesis|[silent]\n|\n|win|samsung television\n|raw|X3tiger's rating: 1062 &rarr; <strong>1045<\/strong><br \/>(-17 for losing)\n|raw|samsung television's rating: 1110 &rarr; <strong>1132<\/strong><br \/>(+22 for winning)\n|c|\u2606samsung television|gg\n|l|\u2606X3tiger\n","uploadtime":1700582521,"views":7,"p1id":"x3tiger","p2id":"samsungtelevision","formatid":"gen9nationaldex","rating":1045,"private":0,"password":""}