{"id":"gen9nationaldex-1996599080","p1":"Runo","p2":"GGSUN meeow","format":"[Gen 9] National Dex","log":"|j|\u2606Runo\n|j|\u2606GGSUN meeow\n|t:|1700698944\n|gametype|singles\n|player|p1|Runo|iris-masters|\n|player|p2|GGSUN meeow|mallow-masters|\n|teamsize|p1|6\n|teamsize|p2|6\n|gen|9\n|tier|[Gen 9] National Dex\n|rated|Tournament battle\n|rule|HP Percentage Mod: HP is shown in percentages\n|rule|Endless Battle Clause: Forcing endless battles is banned\n|rule|OHKO Clause: OHKO moves are banned\n|rule|Evasion Clause: Evasion abilities, items, and moves are banned\n|rule|Evasion Abilities Clause: Evasion abilities are banned\n|rule|Evasion Items Clause: Evasion items are banned\n|rule|Evasion Moves Clause: Evasion moves are banned\n|rule|Species Clause: Limit one of each Pok\u00e9mon\n|rule|Sleep Clause Mod: Limit one foe put to sleep\n|rule|Sleep Moves Clause: Sleep-inducing moves are banned\n|rule|Terastal Clause: You cannot Terastallize\n|clearpoke\n|poke|p1|Ting-Lu|\n|poke|p1|Clefable, M|\n|poke|p1|Celesteela|\n|poke|p1|Chansey, F|\n|poke|p1|Sableye, F|\n|poke|p1|Rotom-Wash|\n|poke|p2|Celesteela|\n|poke|p2|Slowking-Galar, F|\n|poke|p2|Ting-Lu|\n|poke|p2|Alomomola, M|\n|poke|p2|Clefable, M|\n|poke|p2|Latias, F|\n|teampreview\n|inactive|Battle timer is ON: inactive players will automatically lose when time's up. (requested by Runo)\n|inactive|GGSUN meeow also wants the timer to be on.\n|j| amstan\n|l| amstan\n|\n|t:|1700698966\n|start\n|switch|p1a: Sableye|Sableye, F|100\/100\n|switch|p2a: Slowking|Slowking-Galar, F|100\/100\n|turn|1\n|\n|t:|1700698987\n|detailschange|p1a: Sableye|Sableye-Mega, F\n|-mega|p1a: Sableye|Sableye|Sablenite\n|move|p2a: Slowking|Mortal Spin|p1a: Sableye\n|-resisted|p1a: Sableye\n|-damage|p1a: Sableye|98\/100\n|-status|p1a: Sableye|psn\n|move|p1a: Sableye|Will-O-Wisp|p2a: Slowking|[miss]\n|-miss|p1a: Sableye|p2a: Slowking\n|\n|-damage|p1a: Sableye|85\/100 psn|[from] psn\n|upkeep\n|turn|2\n|j| FlamingThunderG0d\n|l| FlamingThunderG0d\n|\n|t:|1700699001\n|switch|p2a: Clefable|Clefable, M|100\/100\n|move|p1a: Sableye|Will-O-Wisp|p2a: Clefable\n|-status|p2a: Clefable|brn\n|\n|-damage|p1a: Sableye|73\/100 psn|[from] psn\n|-damage|p2a: Clefable|94\/100 brn|[from] brn\n|upkeep\n|turn|3\n|\n|t:|1700699006\n|switch|p1a: Celesteela|Celesteela|100\/100\n|move|p2a: Clefable|Moonblast|p1a: Celesteela\n|-resisted|p1a: Celesteela\n|-damage|p1a: Celesteela|88\/100\n|\n|-damage|p2a: Clefable|88\/100 brn|[from] brn\n|upkeep\n|turn|4\n|\n|t:|1700699011\n|switch|p2a: Latias|Latias, F|100\/100\n|move|p1a: Celesteela|Anchor Shot|p2a: Latias\n|-damage|p2a: Latias|81\/100\n|-activate|p2a: Latias|trapped\n|\n|upkeep\n|turn|5\n|\n|t:|1700699016\n|switch|p1a: Chansey|Chansey, F|100\/100\n|detailschange|p2a: Latias|Latias-Mega, F\n|-mega|p2a: Latias|Latias|Latiasite\n|move|p2a: Latias|Take Heart|p2a: Latias\n|-boost|p2a: Latias|spa|1\n|-boost|p2a: Latias|spd|1\n|\n|upkeep\n|turn|6\n|\n|t:|1700699020\n|move|p2a: Latias|Psystrike|p1a: Chansey\n|-damage|p1a: Chansey|58\/100\n|move|p1a: Chansey|Whirlwind|p2a: Latias\n|drag|p2a: Clefable|Clefable, M|88\/100 brn\n|\n|-damage|p2a: Clefable|82\/100 brn|[from] brn\n|upkeep\n|turn|7\n|\n|t:|1700699043\n|switch|p2a: Celesteela|Celesteela|100\/100\n|move|p1a: Chansey|Soft-Boiled|p1a: Chansey\n|-heal|p1a: Chansey|100\/100\n|\n|upkeep\n|turn|8\n|\n|t:|1700699057\n|switch|p1a: Rotom|Rotom-Wash|100\/100\n|move|p2a: Celesteela|Anchor Shot|p1a: Rotom\n|-resisted|p1a: Rotom\n|-damage|p1a: Rotom|95\/100\n|-activate|p1a: Rotom|trapped\n|\n|upkeep\n|turn|9\n|\n|t:|1700699063\n|switch|p2a: Slowking|Slowking-Galar, F|100\/100\n|move|p1a: Rotom|Will-O-Wisp|p2a: Slowking\n|-status|p2a: Slowking|brn\n|\n|-damage|p2a: Slowking|94\/100 brn|[from] brn\n|upkeep\n|turn|10\n|\n|t:|1700699078\n|switch|p1a: Ting-Lu|Ting-Lu|100\/100\n|-ability|p1a: Ting-Lu|Vessel of Ruin\n|move|p2a: Slowking|Lumina Crash|p1a: Ting-Lu\n|-immune|p1a: Ting-Lu\n|\n|-damage|p2a: Slowking|88\/100 brn|[from] brn\n|upkeep\n|turn|11\n|\n|t:|1700699084\n|switch|p2a: Celesteela|Celesteela|100\/100\n|move|p1a: Ting-Lu|Ceaseless Edge|p2a: Celesteela\n|-damage|p2a: Celesteela|87\/100\n|-sidestart|p2: GGSUN meeow|Spikes\n|\n|-heal|p2a: Celesteela|93\/100|[from] item: Leftovers\n|upkeep\n|turn|12\n|\n|t:|1700699089\n|switch|p1a: Rotom|Rotom-Wash|95\/100\n|-singleturn|p2a: Celesteela|move: Beak Blast\n|move|p2a: Celesteela|Beak Blast|p1a: Rotom\n|-resisted|p1a: Rotom\n|-damage|p1a: Rotom|80\/100\n|\n|-heal|p2a: Celesteela|99\/100|[from] item: Leftovers\n|upkeep\n|turn|13\n|\n|t:|1700699096\n|switch|p2a: Latias|Latias-Mega, F|81\/100\n|move|p1a: Rotom|Will-O-Wisp|p2a: Latias\n|-status|p2a: Latias|brn\n|\n|-damage|p2a: Latias|75\/100 brn|[from] brn\n|upkeep\n|turn|14\n|\n|t:|1700699110\n|move|p2a: Latias|Take Heart|p2a: Latias\n|-boost|p2a: Latias|spa|1\n|-boost|p2a: Latias|spd|1\n|-curestatus|p2a: Latias|brn|[msg]\n|move|p1a: Rotom|Haze|p1a: Rotom\n|-clearallboost\n|\n|upkeep\n|turn|15\n|j| amstan\n|l| amstan\n|\n|t:|1700699121\n|switch|p1a: Clefable|Clefable, M|100\/100\n|move|p2a: Latias|Psystrike|p1a: Clefable\n|-damage|p1a: Clefable|67\/100\n|\n|-heal|p1a: Clefable|73\/100|[from] item: Leftovers\n|upkeep\n|turn|16\n|\n|t:|1700699127\n|switch|p2a: Slowking|Slowking-Galar, F|100\/100 brn\n|-damage|p2a: Slowking|88\/100 brn|[from] Spikes\n|move|p1a: Clefable|Heal Bell|p1a: Clefable\n|-activate|p1a: Clefable|move: Heal Bell\n|-curestatus|p1: Sableye|psn|[msg]\n|\n|-heal|p1a: Clefable|79\/100|[from] item: Leftovers\n|-damage|p2a: Slowking|82\/100 brn|[from] brn\n|upkeep\n|turn|17\n|\n|t:|1700699131\n|switch|p1a: Ting-Lu|Ting-Lu|100\/100\n|-ability|p1a: Ting-Lu|Vessel of Ruin\n|move|p2a: Slowking|Mortal Spin|p1a: Ting-Lu\n|-resisted|p1a: Ting-Lu\n|-damage|p1a: Ting-Lu|99\/100\n|-sideend|p2: GGSUN meeow|Spikes|[from] move: Mortal Spin|[of] p2a: Slowking\n|\n|-damage|p2a: Slowking|76\/100 brn|[from] brn\n|upkeep\n|turn|18\n|\n|t:|1700699139\n|switch|p2a: Celesteela|Celesteela|99\/100\n|move|p1a: Ting-Lu|Knock Off|p2a: Celesteela\n|-damage|p2a: Celesteela|76\/100\n|-enditem|p2a: Celesteela|Leftovers|[from] move: Knock Off|[of] p1a: Ting-Lu\n|\n|upkeep\n|turn|19\n|\n|t:|1700699146\n|switch|p1a: Sableye|Sableye-Mega, F|73\/100\n|-singleturn|p2a: Celesteela|move: Beak Blast\n|move|p2a: Celesteela|Beak Blast|p1a: Sableye\n|-damage|p1a: Sableye|43\/100\n|\n|upkeep\n|turn|20\n|\n|t:|1700699155\n|switch|p2a: Clefable|Clefable, M|82\/100 brn\n|move|p1a: Sableye|Recover|p1a: Sableye\n|-heal|p1a: Sableye|93\/100\n|\n|-damage|p2a: Clefable|76\/100 brn|[from] brn\n|upkeep\n|turn|21\n|\n|t:|1700699158\n|switch|p1a: Celesteela|Celesteela|88\/100\n|move|p2a: Clefable|Moonblast|p1a: Celesteela\n|-resisted|p1a: Celesteela\n|-damage|p1a: Celesteela|75\/100\n|\n|-damage|p2a: Clefable|70\/100 brn|[from] brn\n|upkeep\n|turn|22\n|\n|t:|1700699163\n|switch|p2a: Alomomola|Alomomola, M|100\/100\n|switch|p1a: Sableye|Sableye-Mega, F|93\/100\n|\n|upkeep\n|turn|23\n|\n|t:|1700699179\n|switch|p2a: Clefable|Clefable, M|70\/100 brn\n|move|p1a: Sableye|Bulk Up|p1a: Sableye\n|-boost|p1a: Sableye|atk|1\n|-boost|p1a: Sableye|def|1\n|\n|-damage|p2a: Clefable|64\/100 brn|[from] brn\n|upkeep\n|turn|24\n|\n|t:|1700699204\n|switch|p1a: Celesteela|Celesteela|75\/100\n|move|p2a: Clefable|Soft-Boiled|p2a: Clefable\n|-heal|p2a: Clefable|100\/100 brn\n|\n|-damage|p2a: Clefable|94\/100 brn|[from] brn\n|upkeep\n|turn|25\n|\n|t:|1700699226\n|switch|p2a: Latias|Latias-Mega, F|75\/100\n|move|p1a: Celesteela|Anchor Shot|p2a: Latias\n|-damage|p2a: Latias|60\/100\n|-activate|p2a: Latias|trapped\n|\n|upkeep\n|turn|26\n|\n|t:|1700699236\n|switch|p1a: Sableye|Sableye-Mega, F|93\/100\n|move|p2a: Latias|Psystrike|p1a: Sableye\n|-immune|p1a: Sableye\n|\n|upkeep\n|turn|27\n|\n|t:|1700699240\n|switch|p2a: Clefable|Clefable, M|94\/100 brn\n|move|p1a: Sableye|Rage Fist|p2a: Clefable\n|-damage|p2a: Clefable|60\/100 brn\n|\n|-damage|p2a: Clefable|54\/100 brn|[from] brn\n|upkeep\n|turn|28\n|j| 3o2o2o2o2o\n|l| 3o2o2o2o2o\n|\n|t:|1700699252\n|switch|p2a: Ting-Lu|Ting-Lu|100\/100\n|-ability|p2a: Ting-Lu|Vessel of Ruin\n|move|p1a: Sableye|Rage Fist|p2a: Ting-Lu\n|-resisted|p2a: Ting-Lu\n|-damage|p2a: Ting-Lu|88\/100\n|\n|-heal|p2a: Ting-Lu|94\/100|[from] item: Leftovers\n|upkeep\n|turn|29\n|\n|t:|1700699261\n|move|p2a: Ting-Lu|Parting Shot|p1a: Sableye\n|move|p1a: Sableye|Parting Shot|p2a: Ting-Lu|[from]ability: Magic Bounce\n|-unboost|p2a: Ting-Lu|atk|1\n|-unboost|p2a: Ting-Lu|spa|1\n|\n|t:|1700699270\n|switch|p1a: Rotom|Rotom-Wash|80\/100|[from] Parting Shot\n|\n|-heal|p2a: Ting-Lu|99\/100|[from] item: Leftovers\n|upkeep\n|turn|30\n|\n|t:|1700699274\n|switch|p2a: Slowking|Slowking-Galar, F|100\/100 brn\n|move|p1a: Rotom|Will-O-Wisp|p2a: Slowking\n|-fail|p2a: Slowking|brn\n|\n|-damage|p2a: Slowking|94\/100 brn|[from] brn\n|upkeep\n|turn|31\n|\n|t:|1700699282\n|switch|p1a: Ting-Lu|Ting-Lu|99\/100\n|-ability|p1a: Ting-Lu|Vessel of Ruin\n|move|p2a: Slowking|Ice Beam|p1a: Ting-Lu\n|-supereffective|p1a: Ting-Lu\n|-damage|p1a: Ting-Lu|80\/100\n|\n|-damage|p2a: Slowking|88\/100 brn|[from] brn\n|upkeep\n|turn|32\n|c|\u2606GGSUN meeow|yeah idt i have the time for this lol\n|inactive|GGSUN meeow has 120 seconds left.\n|c|\u2606GGSUN meeow|i cant see this going for less than hundreds of turns\n|\n|t:|1700699321\n|switch|p2a: Alomomola|Alomomola, M|100\/100\n|move|p1a: Ting-Lu|Ceaseless Edge|p2a: Alomomola\n|-damage|p2a: Alomomola|88\/100\n|-sidestart|p2: GGSUN meeow|Spikes\n|\n|upkeep\n|turn|33\n|c|\u2606Runo|yeah I didn't mean to load this mb\n|c|\u2606GGSUN meeow|i mean i loaded stall too not your fault\n|c|\u2606GGSUN meeow|gg\n|c|\u2606Runo|gg\n|-message|GGSUN meeow forfeited.\n|\n|win|Runo\n|n|\u2606Runo|runo\n|n|\u2606GGSUN meeow|ggsunmeeow\n","uploadtime":1700699348,"views":3,"p1id":"runo","p2id":"ggsunmeeow","formatid":"gen9nationaldex","rating":0,"private":0,"password":""}