{"id":"gen9nationaldex-1994282045","p1":"pluiebluie","p2":"Poopbie","format":"[Gen 9] National Dex","log":"|j|\u2606pluiebluie\n|j|\u2606Poopbie\n|t:|1700426723\n|gametype|singles\n|player|p1|pluiebluie|266|\n|player|p2|Poopbie|102|\n|teamsize|p1|6\n|teamsize|p2|6\n|gen|9\n|tier|[Gen 9] National Dex\n|rule|HP Percentage Mod: HP is shown in percentages\n|rule|Endless Battle Clause: Forcing endless battles is banned\n|rule|OHKO Clause: OHKO moves are banned\n|rule|Evasion Clause: Evasion abilities, items, and moves are banned\n|rule|Evasion Abilities Clause: Evasion abilities are banned\n|rule|Evasion Items Clause: Evasion items are banned\n|rule|Evasion Moves Clause: Evasion moves are banned\n|rule|Species Clause: Limit one of each Pok\u00e9mon\n|rule|Sleep Clause Mod: Limit one foe put to sleep\n|clearpoke\n|poke|p1|Marowak, M|\n|poke|p1|Ditto|\n|poke|p1|Xurkitree|\n|poke|p1|Corviknight, M|\n|poke|p1|Whimsicott, F|\n|poke|p1|Garganacl, M|\n|poke|p2|Beheeyem, M|\n|poke|p2|Corviknight, M|\n|poke|p2|Landorus-Therian, M|\n|poke|p2|Gyarados, F|\n|poke|p2|Hitmontop, M|\n|poke|p2|Dhelmise|\n|teampreview\n|c|\u2606Poopbie|Cmon now\n|c|\u2606pluiebluie|?\n|\n|t:|1700426744\n|start\n|switch|p1a: Garganacl|Garganacl, M|100\/100\n|switch|p2a: Hitmontop|Hitmontop, M|100\/100\n|turn|1\n|\n|t:|1700426751\n|move|p2a: Hitmontop|Fake Out|p1a: Garganacl\n|-resisted|p1a: Garganacl\n|-damage|p1a: Garganacl|96\/100\n|cant|p1a: Garganacl|flinch\n|\n|-heal|p1a: Garganacl|100\/100|[from] item: Leftovers\n|upkeep\n|turn|2\n|\n|t:|1700426757\n|move|p2a: Hitmontop|Bulk Up|p2a: Hitmontop\n|-boost|p2a: Hitmontop|atk|1\n|-boost|p2a: Hitmontop|def|1\n|move|p1a: Garganacl|Iron Defense|p1a: Garganacl\n|-boost|p1a: Garganacl|def|2\n|\n|upkeep\n|turn|3\n|c|\u2606pluiebluie|yup bulk up\n|\n|t:|1700426766\n|move|p2a: Hitmontop|Seismic Toss|p1a: Garganacl\n|-damage|p1a: Garganacl|76\/100\n|move|p1a: Garganacl|Iron Defense|p1a: Garganacl\n|-boost|p1a: Garganacl|def|2\n|\n|-heal|p1a: Garganacl|82\/100|[from] item: Leftovers\n|upkeep\n|turn|4\n|\n|t:|1700426774\n|move|p2a: Hitmontop|Seismic Toss|p1a: Garganacl\n|-damage|p1a: Garganacl|57\/100\n|move|p1a: Garganacl|Body Press|p2a: Hitmontop\n|-damage|p2a: Hitmontop|45\/100\n|\n|-heal|p2a: Hitmontop|51\/100|[from] item: Leftovers\n|-heal|p1a: Garganacl|63\/100|[from] item: Leftovers\n|upkeep\n|turn|5\n|\n|t:|1700426782\n|move|p2a: Hitmontop|Seismic Toss|p1a: Garganacl\n|-damage|p1a: Garganacl|39\/100\n|move|p1a: Garganacl|Recover|p1a: Garganacl\n|-heal|p1a: Garganacl|89\/100\n|\n|-heal|p2a: Hitmontop|57\/100|[from] item: Leftovers\n|-heal|p1a: Garganacl|95\/100|[from] item: Leftovers\n|upkeep\n|turn|6\n|\n|t:|1700426790\n|move|p2a: Hitmontop|Seismic Toss|p1a: Garganacl\n|-damage|p1a: Garganacl|70\/100\n|move|p1a: Garganacl|Salt Cure|p2a: Hitmontop\n|-resisted|p2a: Hitmontop\n|-damage|p2a: Hitmontop|52\/100\n|-start|p2a: Hitmontop|Salt Cure\n|\n|-heal|p2a: Hitmontop|58\/100|[from] item: Leftovers\n|-heal|p1a: Garganacl|76\/100|[from] item: Leftovers\n|-damage|p2a: Hitmontop|46\/100|[from] Salt Cure\n|upkeep\n|turn|7\n|c|\u2606pluiebluie|teehee\n|\n|t:|1700426803\n|move|p2a: Hitmontop|Seismic Toss|p1a: Garganacl\n|-damage|p1a: Garganacl|51\/100\n|move|p1a: Garganacl|Recover|p1a: Garganacl\n|-heal|p1a: Garganacl|100\/100\n|\n|-heal|p2a: Hitmontop|52\/100|[from] item: Leftovers\n|-damage|p2a: Hitmontop|40\/100|[from] Salt Cure\n|upkeep\n|turn|8\n|\n|t:|1700426811\n|move|p2a: Hitmontop|Seismic Toss|p1a: Garganacl\n|-damage|p1a: Garganacl|76\/100\n|move|p1a: Garganacl|Body Press|p2a: Hitmontop\n|-damage|p2a: Hitmontop|0 fnt\n|faint|p2a: Hitmontop\n|\n|-heal|p1a: Garganacl|82\/100|[from] item: Leftovers\n|upkeep\n|\n|t:|1700426822\n|switch|p2a: Dhelmise|Dhelmise|100\/100\n|turn|9\n|c|\u2606Poopbie|I have a trick of my own\n|\n|t:|1700426902\n|-terastallize|p1a: Garganacl|Rock\n|move|p2a: Dhelmise|Iron Defense|p2a: Dhelmise\n|-boost|p2a: Dhelmise|def|2\n|move|p1a: Garganacl|Salt Cure|p2a: Dhelmise\n|-damage|p2a: Dhelmise|86\/100\n|-start|p2a: Dhelmise|Salt Cure\n|\n|-heal|p1a: Garganacl|88\/100|[from] item: Leftovers\n|-damage|p2a: Dhelmise|74\/100|[from] Salt Cure\n|upkeep\n|turn|10\n|c|\u2606Poopbie|I forgot steel tera\n|\n|t:|1700426969\n|move|p2a: Dhelmise|Iron Head|p1a: Garganacl\n|-supereffective|p1a: Garganacl\n|-damage|p1a: Garganacl|62\/100\n|-damage|p2a: Dhelmise|64\/100|[from] item: Life Orb\n|move|p1a: Garganacl|Salt Cure|p2a: Dhelmise\n|-damage|p2a: Dhelmise|49\/100\n|\n|-heal|p1a: Garganacl|68\/100|[from] item: Leftovers\n|-damage|p2a: Dhelmise|37\/100|[from] Salt Cure\n|upkeep\n|turn|11\n|\n|t:|1700426979\n|move|p2a: Dhelmise|Power Whip|p1a: Garganacl\n|-supereffective|p1a: Garganacl\n|-damage|p1a: Garganacl|27\/100\n|-damage|p2a: Dhelmise|27\/100|[from] item: Life Orb\n|move|p1a: Garganacl|Recover|p1a: Garganacl\n|-heal|p1a: Garganacl|77\/100\n|\n|-heal|p1a: Garganacl|83\/100|[from] item: Leftovers\n|-damage|p2a: Dhelmise|14\/100|[from] Salt Cure\n|upkeep\n|turn|12\n|c|\u2606pluiebluie|why are u running life orb\n|\n|t:|1700426993\n|move|p2a: Dhelmise|Power Whip|p1a: Garganacl\n|-supereffective|p1a: Garganacl\n|-damage|p1a: Garganacl|42\/100\n|-damage|p2a: Dhelmise|4\/100|[from] item: Life Orb\n|move|p1a: Garganacl|Recover|p1a: Garganacl\n|-heal|p1a: Garganacl|92\/100\n|\n|-heal|p1a: Garganacl|98\/100|[from] item: Leftovers\n|-damage|p2a: Dhelmise|0 fnt|[from] Salt Cure\n|faint|p2a: Dhelmise\n|upkeep\n|\n|t:|1700426997\n|switch|p2a: Corviknight|Corviknight, M|100\/100\n|turn|13\n|\n|t:|1700427006\n|move|p2a: Corviknight|Iron Defense|p2a: Corviknight\n|-boost|p2a: Corviknight|def|2\n|move|p1a: Garganacl|Salt Cure|p2a: Corviknight\n|-damage|p2a: Corviknight|89\/100\n|-start|p2a: Corviknight|Salt Cure\n|\n|-heal|p2a: Corviknight|96\/100|[from] item: Leftovers\n|-heal|p1a: Garganacl|100\/100|[from] item: Leftovers\n|-damage|p2a: Corviknight|71\/100|[from] Salt Cure\n|upkeep\n|turn|14\n|l|\u2606Poopbie\n|player|p2|\n|c|\u2606pluiebluie|bro is this ur whole strat?\n|c|\u2606pluiebluie|just to use iron defense on every poke\n|inactive|Battle timer is ON: inactive players will automatically lose when time's up. (requested by pluiebluie)\n|c|\u2606pluiebluie|while i wait for u ima go put my pizza in the oven\n|inactive|Poopbie has 270 seconds to reconnect!\n|inactive|Poopbie has 240 seconds to reconnect!\n|inactive|Poopbie has 210 seconds to reconnect!\n|inactive|Poopbie has 180 seconds to reconnect!\n|inactive|Poopbie has 150 seconds to reconnect!\n|inactive|Poopbie has 120 seconds to reconnect!\n|inactive|Poopbie has 90 seconds to reconnect!\n|inactive|Poopbie has 60 seconds to reconnect!\n|inactive|Poopbie has 30 seconds to reconnect!\n|inactive|Poopbie has 20 seconds to reconnect!\n|inactive|Poopbie has 15 seconds to reconnect!\n|inactive|Poopbie has 10 seconds to reconnect!\n|inactive|Poopbie has 5 seconds to reconnect!\n|-message|Poopbie lost due to inactivity.\n|\n|win|pluiebluie\n","uploadtime":1700427380,"views":18,"p1id":"pluiebluie","p2id":"poopbie","formatid":"gen9nationaldex","rating":0,"private":0,"password":""}