{"id":"gen9nationaldex-1990137152","p1":"Ekkogandr","p2":"akyraaiko","format":"[Gen 9] National Dex","log":"|j|\u2606Ekkogandr\n|j|\u2606akyraaiko\n|t:|1699928570\n|gametype|singles\n|player|p1|Ekkogandr|turo-ai|\n|player|p2|akyraaiko|170|\n|teamsize|p1|6\n|teamsize|p2|6\n|gen|9\n|tier|[Gen 9] National Dex\n|rule|HP Percentage Mod: HP is shown in percentages\n|rule|Endless Battle Clause: Forcing endless battles is banned\n|rule|OHKO Clause: OHKO moves are banned\n|rule|Evasion Clause: Evasion abilities, items, and moves are banned\n|rule|Evasion Abilities Clause: Evasion abilities are banned\n|rule|Evasion Items Clause: Evasion items are banned\n|rule|Evasion Moves Clause: Evasion moves are banned\n|rule|Species Clause: Limit one of each Pok\u00e9mon\n|rule|Sleep Clause Mod: Limit one foe put to sleep\n|clearpoke\n|poke|p1|Zamazenta-*|\n|poke|p1|Scizor, F|\n|poke|p1|Iron Valiant|\n|poke|p1|Heatran, F|\n|poke|p1|Rotom-Wash|\n|poke|p1|Ting-Lu|\n|poke|p2|Iron Moth|\n|poke|p2|Kleavor, M|\n|poke|p2|Zoroark-Hisui, M|\n|poke|p2|Garchomp, F|\n|poke|p2|Lycanroc-Dusk, M|\n|poke|p2|Urshifu-*, M|\n|teampreview\n|\n|t:|1699928588\n|start\n|switch|p1a: Ting-Lu|Ting-Lu|100\/100\n|switch|p2a: el lobo|Lycanroc-Dusk, M, shiny|100\/100\n|-ability|p1a: Ting-Lu|Vessel of Ruin\n|turn|1\n|\n|t:|1699928618\n|move|p2a: el lobo|Focus Blast|p1a: Ting-Lu|[miss]\n|-miss|p2a: el lobo|p1a: Ting-Lu\n|move|p1a: Ting-Lu|Stealth Rock|p2a: el lobo\n|-sidestart|p2: akyraaiko|move: Stealth Rock\n|\n|upkeep\n|turn|2\n|\n|t:|1699928628\n|move|p2a: el lobo|Nasty Plot|p2a: el lobo\n|-boost|p2a: el lobo|spa|2\n|move|p1a: Ting-Lu|Whirlwind|p2a: el lobo\n|drag|p2a: sol|Iron Moth|100\/100\n|-damage|p2a: sol|76\/100|[from] Stealth Rock\n|\n|-heal|p2a: sol|82\/100|[from] item: Leftovers\n|upkeep\n|turn|3\n|\n|t:|1699928637\n|move|p2a: sol|Toxic Spikes|p1a: Ting-Lu\n|-sidestart|p1: Ekkogandr|move: Toxic Spikes\n|move|p1a: Ting-Lu|Earthquake|p2a: sol\n|-supereffective|p2a: sol\n|-damage|p2a: sol|0 fnt\n|faint|p2a: sol\n|-end|p2a: sol|Quark Drive|[silent]\n|\n|upkeep\n|\n|t:|1699928639\n|switch|p2a: el lobo|Lycanroc-Dusk, M, shiny|100\/100\n|-damage|p2a: el lobo|88\/100|[from] Stealth Rock\n|turn|4\n|\n|t:|1699928646\n|move|p2a: el lobo|Focus Blast|p1a: Ting-Lu\n|-supereffective|p1a: Ting-Lu\n|-crit|p1a: Ting-Lu\n|-damage|p1a: Ting-Lu|43\/100\n|move|p1a: Ting-Lu|Whirlwind|p2a: el lobo\n|drag|p2a: roger guedes|Urshifu-Rapid-Strike, M|100\/100\n|-damage|p2a: roger guedes|94\/100|[from] Stealth Rock\n|\n|-heal|p1a: Ting-Lu|49\/100|[from] item: Leftovers\n|upkeep\n|turn|5\n|\n|t:|1699928659\n|switch|p1a: Rotom|Rotom-Wash|100\/100\n|move|p2a: roger guedes|Close Combat|p1a: Rotom\n|-damage|p1a: Rotom|18\/100\n|-unboost|p2a: roger guedes|def|1\n|-unboost|p2a: roger guedes|spd|1\n|\n|-heal|p1a: Rotom|24\/100|[from] item: Leftovers\n|upkeep\n|turn|6\n|\n|t:|1699928683\n|switch|p1a: Zamazenta|Zamazenta|100\/100\n|-status|p1a: Zamazenta|psn\n|-ability|p1a: Zamazenta|Dauntless Shield|boost\n|-boost|p1a: Zamazenta|def|1\n|move|p2a: roger guedes|Close Combat|p1a: Zamazenta\n|-damage|p1a: Zamazenta|41\/100 psn\n|-unboost|p2a: roger guedes|def|1\n|-unboost|p2a: roger guedes|spd|1\n|\n|-damage|p1a: Zamazenta|29\/100 psn|[from] psn\n|upkeep\n|turn|7\n|\n|t:|1699928713\n|switch|p2a: machada|Kleavor, M, shiny|100\/100\n|-damage|p2a: machada|76\/100|[from] Stealth Rock\n|move|p1a: Zamazenta|Close Combat|p2a: machada\n|-damage|p2a: machada|0 fnt\n|-unboost|p1a: Zamazenta|def|1\n|-unboost|p1a: Zamazenta|spd|1\n|faint|p2a: machada\n|\n|-damage|p1a: Zamazenta|16\/100 psn|[from] psn\n|upkeep\n|\n|t:|1699928723\n|switch|p2a: el lobo|Lycanroc-Dusk, M, shiny|88\/100\n|-damage|p2a: el lobo|76\/100|[from] Stealth Rock\n|turn|8\n|\n|t:|1699928732\n|switch|p1a: Ting-Lu|Ting-Lu|49\/100\n|-status|p1a: Ting-Lu|psn\n|-ability|p1a: Ting-Lu|Vessel of Ruin\n|move|p2a: el lobo|Nasty Plot|p2a: el lobo\n|-boost|p2a: el lobo|spa|2\n|\n|-heal|p1a: Ting-Lu|55\/100 psn|[from] item: Leftovers\n|-damage|p1a: Ting-Lu|43\/100 psn|[from] psn\n|upkeep\n|turn|9\n|\n|t:|1699928737\n|move|p2a: el lobo|Focus Blast|p1a: Ting-Lu\n|-supereffective|p1a: Ting-Lu\n|-damage|p1a: Ting-Lu|0 fnt\n|faint|p1a: Ting-Lu\n|\n|upkeep\n|\n|t:|1699928742\n|switch|p1a: Zamazenta|Zamazenta|16\/100 psn\n|turn|10\n|\n|t:|1699928753\n|switch|p2a: Garchomp|Garchomp, F|100\/100\n|-damage|p2a: Garchomp|94\/100|[from] Stealth Rock\n|move|p1a: Zamazenta|Crunch|p2a: Garchomp\n|-damage|p2a: Garchomp|56\/100\n|-unboost|p2a: Garchomp|def|1\n|-damage|p1a: Zamazenta|4\/100 psn|[from] ability: Rough Skin|[of] p2a: Garchomp\n|\n|-damage|p1a: Zamazenta|0 fnt|[from] psn\n|faint|p1a: Zamazenta\n|upkeep\n|\n|t:|1699928765\n|switch|p1a: Scizor|Scizor, F|100\/100\n|turn|11\n|\n|t:|1699928793\n|detailschange|p2a: Garchomp|Garchomp-Mega, F\n|-mega|p2a: Garchomp|Garchomp|Garchompite\n|detailschange|p1a: Scizor|Scizor-Mega, F\n|-mega|p1a: Scizor|Scizor|Scizorite\n|move|p1a: Scizor|Bullet Punch|p2a: Garchomp\n|-damage|p2a: Garchomp|18\/100\n|move|p2a: Garchomp|Earthquake|p1a: Scizor\n|-damage|p1a: Scizor|58\/100\n|\n|upkeep\n|turn|12\n|\n|t:|1699928800\n|move|p1a: Scizor|Bullet Punch|p2a: Garchomp\n|-damage|p2a: Garchomp|0 fnt\n|faint|p2a: Garchomp\n|\n|upkeep\n|\n|t:|1699928810\n|switch|p2a: el lobo|Lycanroc-Dusk, M, shiny|76\/100\n|-damage|p2a: el lobo|63\/100|[from] Stealth Rock\n|turn|13\n|\n|t:|1699928813\n|move|p1a: Scizor|Bullet Punch|p2a: el lobo\n|-damage|p2a: el lobo|3\/100\n|replace|p2a: who?|Zoroark-Hisui, M\n|-end|p2a: who?|Illusion\n|move|p2a: who?|Flamethrower|p1a: Scizor\n|-supereffective|p1a: Scizor\n|-damage|p1a: Scizor|0 fnt\n|faint|p1a: Scizor\n|\n|upkeep\n|\n|t:|1699928832\n|switch|p1a: Heatran|Heatran, F|100\/100\n|turn|14\n|\n|t:|1699928837\n|move|p2a: who?|Focus Blast|p1a: Heatran|[miss]\n|-miss|p2a: who?|p1a: Heatran\n|move|p1a: Heatran|Earth Power|p2a: who?\n|-damage|p2a: who?|0 fnt\n|faint|p2a: who?\n|\n|upkeep\n|\n|t:|1699928844\n|switch|p2a: roger guedes|Urshifu-Rapid-Strike, M|94\/100\n|-damage|p2a: roger guedes|88\/100|[from] Stealth Rock\n|turn|15\n|\n|t:|1699928853\n|move|p2a: roger guedes|Surging Strikes|p1a: Heatran\n|-supereffective|p1a: Heatran\n|-crit|p1a: Heatran\n|-damage|p1a: Heatran|42\/100\n|-supereffective|p1a: Heatran\n|-crit|p1a: Heatran\n|-damage|p1a: Heatran|0 fnt\n|faint|p1a: Heatran\n|-hitcount|p1: Heatran|2\n|\n|upkeep\n|\n|t:|1699928855\n|switch|p1a: Iron Valiant|Iron Valiant|100\/100\n|-status|p1a: Iron Valiant|psn\n|turn|16\n|\n|t:|1699928858\n|-terastallize|p1a: Iron Valiant|Fairy\n|move|p1a: Iron Valiant|Moonblast|p2a: roger guedes\n|-supereffective|p2a: roger guedes\n|-damage|p2a: roger guedes|0 fnt\n|faint|p2a: roger guedes\n|\n|-damage|p1a: Iron Valiant|88\/100 psn|[from] psn\n|upkeep\n|\n|t:|1699928862\n|switch|p2a: el lobo|Lycanroc-Dusk, M, shiny|100\/100\n|-damage|p2a: el lobo|88\/100|[from] Stealth Rock\n|turn|17\n|\n|t:|1699928873\n|-terastallize|p2a: el lobo|Water\n|move|p1a: Iron Valiant|Moonblast|p2a: el lobo\n|-damage|p2a: el lobo|0 fnt\n|faint|p2a: el lobo\n|\n|win|Ekkogandr\n","uploadtime":1699928879,"views":12,"p1id":"ekkogandr","p2id":"akyraaiko","formatid":"gen9nationaldex","rating":0,"private":0,"password":""}