{"id":"gen9nationaldex-1988475628","p1":"SninemaSnins","p2":"zeonteo","format":"[Gen 9] National Dex","log":"|j|\u2606SninemaSnins\n|j|\u2606zeonteo\n|t:|1699726951\n|gametype|singles\n|player|p1|SninemaSnins|workerice|1228\n|player|p2|zeonteo|pokemonranger-gen4|1319\n|teamsize|p1|6\n|teamsize|p2|6\n|gen|9\n|tier|[Gen 9] National Dex\n|rated|\n|rule|HP Percentage Mod: HP is shown in percentages\n|rule|Endless Battle Clause: Forcing endless battles is banned\n|rule|OHKO Clause: OHKO moves are banned\n|rule|Evasion Clause: Evasion abilities, items, and moves are banned\n|rule|Evasion Abilities Clause: Evasion abilities are banned\n|rule|Evasion Items Clause: Evasion items are banned\n|rule|Evasion Moves Clause: Evasion moves are banned\n|rule|Species Clause: Limit one of each Pok\u00e9mon\n|rule|Sleep Clause Mod: Limit one foe put to sleep\n|clearpoke\n|poke|p1|Ninetales-Alola, F|\n|poke|p1|Cetitan, M|\n|poke|p1|Frosmoth, F|\n|poke|p1|Sandslash-Alola, M|\n|poke|p1|Piloswine, M|\n|poke|p1|Cloyster, F|\n|poke|p2|Torkoal, F|\n|poke|p2|Charizard, M|\n|poke|p2|Hatterene, F|\n|poke|p2|Great Tusk|\n|poke|p2|Venusaur, F|\n|poke|p2|Garganacl, M|\n|teampreview\n|inactive|Battle timer is ON: inactive players will automatically lose when time's up. (requested by zeonteo)\n|\n|t:|1699726981\n|start\n|switch|p1a: Stay cool man|Cloyster, F|100\/100\n|switch|p2a: Garganacl|Garganacl, M|100\/100\n|turn|1\n|\n|t:|1699726992\n|-terastallize|p2a: Garganacl|Water\n|move|p1a: Stay cool man|Shell Smash|p1a: Stay cool man\n|-unboost|p1a: Stay cool man|def|1\n|-unboost|p1a: Stay cool man|spd|1\n|-boost|p1a: Stay cool man|atk|2\n|-boost|p1a: Stay cool man|spa|2\n|-boost|p1a: Stay cool man|spe|2\n|-enditem|p1a: Stay cool man|White Herb\n|-clearnegativeboost|p1a: Stay cool man|[silent]\n|move|p2a: Garganacl|Salt Cure|p1a: Stay cool man\n|-supereffective|p1a: Stay cool man\n|-damage|p1a: Stay cool man|75\/100\n|-start|p1a: Stay cool man|Salt Cure\n|\n|-damage|p1a: Stay cool man|50\/100|[from] Salt Cure\n|upkeep\n|turn|2\n|\n|t:|1699727007\n|move|p1a: Stay cool man|Hydro Pump|p2a: Garganacl|[miss]\n|-miss|p1a: Stay cool man|p2a: Garganacl\n|move|p2a: Garganacl|Curse|p2a: Garganacl\n|-unboost|p2a: Garganacl|spe|1\n|-boost|p2a: Garganacl|atk|1\n|-boost|p2a: Garganacl|def|1\n|\n|-damage|p1a: Stay cool man|25\/100|[from] Salt Cure\n|upkeep\n|turn|3\n|\n|t:|1699727017\n|move|p1a: Stay cool man|Hydro Pump|p2a: Garganacl\n|-resisted|p2a: Garganacl\n|-damage|p2a: Garganacl|70\/100\n|move|p2a: Garganacl|Curse|p2a: Garganacl\n|-unboost|p2a: Garganacl|spe|1\n|-boost|p2a: Garganacl|atk|1\n|-boost|p2a: Garganacl|def|1\n|\n|-heal|p2a: Garganacl|76\/100|[from] item: Leftovers\n|-damage|p1a: Stay cool man|0 fnt|[from] Salt Cure\n|faint|p1a: Stay cool man\n|upkeep\n|\n|t:|1699727031\n|switch|p1a: Have an ice day|Ninetales-Alola, F|100\/100\n|-weather|Snow|[from] ability: Snow Warning|[of] p1a: Have an ice day\n|turn|4\n|\n|t:|1699727036\n|move|p1a: Have an ice day|Encore|p2a: Garganacl\n|-start|p2a: Garganacl|Encore\n|move|p2a: Garganacl|Curse|p2a: Garganacl\n|-unboost|p2a: Garganacl|spe|1\n|-boost|p2a: Garganacl|atk|1\n|-boost|p2a: Garganacl|def|1\n|\n|-weather|Snow|[upkeep]\n|-heal|p2a: Garganacl|82\/100|[from] item: Leftovers\n|upkeep\n|turn|5\n|\n|t:|1699727046\n|switch|p2a: Torkoal|Torkoal, F, shiny|100\/100\n|-weather|SunnyDay|[from] ability: Drought|[of] p2a: Torkoal\n|move|p1a: Have an ice day|Aurora Veil||[still]\n|-fail|p1a: Have an ice day\n|\n|-weather|SunnyDay|[upkeep]\n|upkeep\n|turn|6\n|\n|t:|1699727056\n|switch|p1a: Snow big deal|Piloswine, M|100\/100\n|move|p2a: Torkoal|Stealth Rock|p1a: Snow big deal\n|-sidestart|p1: SninemaSnins|move: Stealth Rock\n|\n|-weather|SunnyDay|[upkeep]\n|upkeep\n|turn|7\n|\n|t:|1699727064\n|switch|p2a: Venusaur|Venusaur, F, shiny|100\/100\n|move|p1a: Snow big deal|Stealth Rock|p2a: Venusaur\n|-sidestart|p2: zeonteo|move: Stealth Rock\n|\n|-weather|SunnyDay|[upkeep]\n|upkeep\n|turn|8\n|\n|t:|1699727073\n|switch|p1a: Have an ice day|Ninetales-Alola, F|100\/100\n|-damage|p1a: Have an ice day|76\/100|[from] Stealth Rock\n|-weather|Snow|[from] ability: Snow Warning|[of] p1a: Have an ice day\n|move|p2a: Venusaur|Weather Ball|p1a: Have an ice day\n|-resisted|p1a: Have an ice day\n|-damage|p1a: Have an ice day|54\/100\n|-damage|p2a: Venusaur|91\/100|[from] item: Life Orb\n|\n|-weather|Snow|[upkeep]\n|upkeep\n|turn|9\n|\n|t:|1699727089\n|switch|p1a: Don't be so cold|Cetitan, M|100\/100\n|-damage|p1a: Don't be so cold|76\/100|[from] Stealth Rock\n|switch|p2a: Torkoal|Torkoal, F, shiny|100\/100\n|-damage|p2a: Torkoal|75\/100|[from] Stealth Rock\n|-weather|SunnyDay|[from] ability: Drought|[of] p2a: Torkoal\n|\n|-weather|SunnyDay|[upkeep]\n|upkeep\n|turn|10\n|\n|t:|1699727100\n|-zpower|p1a: Don't be so cold\n|move|p1a: Don't be so cold|Z-Belly Drum|p1a: Don't be so cold|[anim]Belly Drum\n|-heal|p1a: Don't be so cold|100\/100|[zeffect]\n|-damage|p1a: Don't be so cold|50\/100\n|-setboost|p1a: Don't be so cold|atk|6|[from] move: Belly Drum\n|move|p2a: Torkoal|Yawn|p1a: Don't be so cold\n|-start|p1a: Don't be so cold|move: Yawn|[of] p2a: Torkoal\n|\n|-weather|SunnyDay|[upkeep]\n|upkeep\n|turn|11\n|\n|t:|1699727113\n|move|p1a: Don't be so cold|Earthquake|p2a: Torkoal\n|-supereffective|p2a: Torkoal\n|-damage|p2a: Torkoal|0 fnt\n|faint|p2a: Torkoal\n|\n|-weather|SunnyDay|[upkeep]\n|-end|p1a: Don't be so cold|move: Yawn|[silent]\n|-status|p1a: Don't be so cold|slp\n|upkeep\n|\n|t:|1699727126\n|switch|p2a: Hatterene|Hatterene, F|100\/100\n|-damage|p2a: Hatterene|88\/100|[from] Stealth Rock\n|turn|12\n|\n|t:|1699727133\n|cant|p1a: Don't be so cold|slp\n|move|p2a: Hatterene|Calm Mind|p2a: Hatterene\n|-boost|p2a: Hatterene|spa|1\n|-boost|p2a: Hatterene|spd|1\n|\n|-weather|SunnyDay|[upkeep]\n|-heal|p2a: Hatterene|94\/100|[from] item: Leftovers\n|upkeep\n|turn|13\n|\n|t:|1699727142\n|cant|p1a: Don't be so cold|slp\n|move|p2a: Hatterene|Trick Room|p2a: Hatterene\n|-fieldstart|move: Trick Room|[of] p2a: Hatterene\n|\n|-weather|SunnyDay|[upkeep]\n|-heal|p2a: Hatterene|99\/100|[from] item: Leftovers\n|upkeep\n|turn|14\n|\n|t:|1699727149\n|cant|p1a: Don't be so cold|slp\n|move|p2a: Hatterene|Mystical Fire|p1a: Don't be so cold\n|-supereffective|p1a: Don't be so cold\n|-damage|p1a: Don't be so cold|0 fnt\n|faint|p1a: Don't be so cold\n|\n|-weather|SunnyDay|[upkeep]\n|-heal|p2a: Hatterene|100\/100|[from] item: Leftovers\n|upkeep\n|\n|t:|1699727164\n|switch|p1a: Have an ice day|Ninetales-Alola, F|54\/100\n|-damage|p1a: Have an ice day|30\/100|[from] Stealth Rock\n|-weather|Snow|[from] ability: Snow Warning|[of] p1a: Have an ice day\n|turn|15\n|\n|t:|1699727176\n|move|p2a: Hatterene|Mystical Fire|p1a: Have an ice day\n|-supereffective|p1a: Have an ice day\n|-damage|p1a: Have an ice day|0 fnt\n|faint|p1a: Have an ice day\n|\n|-weather|Snow|[upkeep]\n|upkeep\n|\n|t:|1699727195\n|switch|p1a: Why so frostrated?|Frosmoth, F|100\/100\n|turn|16\n|\n|t:|1699727200\n|-terastallize|p1a: Why so frostrated?|Ghost\n|move|p2a: Hatterene|Mystical Fire|p1a: Why so frostrated?\n|-damage|p1a: Why so frostrated?|77\/100\n|-unboost|p1a: Why so frostrated?|spa|1\n|move|p1a: Why so frostrated?|Quiver Dance|p1a: Why so frostrated?\n|-boost|p1a: Why so frostrated?|spa|1\n|-boost|p1a: Why so frostrated?|spd|1\n|-boost|p1a: Why so frostrated?|spe|1\n|\n|-weather|Snow|[upkeep]\n|upkeep\n|turn|17\n|\n|t:|1699727212\n|move|p2a: Hatterene|Mystical Fire|p1a: Why so frostrated?\n|-damage|p1a: Why so frostrated?|61\/100\n|-unboost|p1a: Why so frostrated?|spa|1\n|move|p1a: Why so frostrated?|Quiver Dance|p1a: Why so frostrated?\n|-boost|p1a: Why so frostrated?|spa|1\n|-boost|p1a: Why so frostrated?|spd|1\n|-boost|p1a: Why so frostrated?|spe|1\n|\n|-weather|Snow|[upkeep]\n|-fieldend|move: Trick Room\n|upkeep\n|turn|18\n|\n|t:|1699727225\n|move|p1a: Why so frostrated?|Quiver Dance|p1a: Why so frostrated?\n|-boost|p1a: Why so frostrated?|spa|1\n|-boost|p1a: Why so frostrated?|spd|1\n|-boost|p1a: Why so frostrated?|spe|1\n|move|p2a: Hatterene|Mystical Fire|p1a: Why so frostrated?\n|-damage|p1a: Why so frostrated?|52\/100\n|-unboost|p1a: Why so frostrated?|spa|1\n|\n|-weather|Snow|[upkeep]\n|upkeep\n|turn|19\n|\n|t:|1699727239\n|move|p1a: Why so frostrated?|Ice Beam|p2a: Hatterene\n|-damage|p2a: Hatterene|74\/100\n|move|p2a: Hatterene|Calm Mind|p2a: Hatterene\n|-boost|p2a: Hatterene|spa|1\n|-boost|p2a: Hatterene|spd|1\n|\n|-weather|Snow|[upkeep]\n|-heal|p2a: Hatterene|80\/100|[from] item: Leftovers\n|upkeep\n|turn|20\n|\n|t:|1699727249\n|switch|p1a: Chill out bro|Sandslash-Alola, M|100\/100\n|move|p2a: Hatterene|Mystical Fire|p1a: Chill out bro\n|-supereffective|p1a: Chill out bro\n|-damage|p1a: Chill out bro|0 fnt\n|faint|p1a: Chill out bro\n|\n|-weather|Snow|[upkeep]\n|-heal|p2a: Hatterene|86\/100|[from] item: Leftovers\n|upkeep\n|-message|SninemaSnins forfeited.\n|\n|win|zeonteo\n|raw|SninemaSnins's rating: 1228 &rarr; <strong>1209<\/strong><br \/>(-19 for losing)\n|raw|zeonteo's rating: 1319 &rarr; <strong>1334<\/strong><br \/>(+15 for winning)\n|l|\u2606SninemaSnins\n","uploadtime":1699727328,"views":23,"p1id":"sninemasnins","p2id":"zeonteo","formatid":"gen9nationaldex","rating":1209,"private":0,"password":""}