{"id":"gen9nationaldex-1998254633","p1":"LeafStormHimNotME","p2":"GrassGymMason","format":"[Gen 9] National Dex","log":"|html|<div class=\"broadcast-blue\"><strong>[Gen 9] National Dex is currently suspecting Sneasler! For information on how to participate check out the <a href=\"https:\/\/www.smogon.com\/forums\/threads\/sv-national-dex-suspect-8-just-dance.3731534\/\">suspect thread<\/a>.<\/strong><\/div>\n|j|\u2606LeafStormHimNotME\n|j|\u2606GrassGymMason\n|t:|1700920479\n|gametype|singles\n|player|p1|LeafStormHimNotME|furisodegirl-black|1015\n|player|p2|GrassGymMason|1|1079\n|teamsize|p1|6\n|teamsize|p2|6\n|gen|9\n|tier|[Gen 9] National Dex\n|rated|\n|rule|HP Percentage Mod: HP is shown in percentages\n|rule|Endless Battle Clause: Forcing endless battles is banned\n|rule|OHKO Clause: OHKO moves are banned\n|rule|Evasion Clause: Evasion abilities, items, and moves are banned\n|rule|Evasion Abilities Clause: Evasion abilities are banned\n|rule|Evasion Items Clause: Evasion items are banned\n|rule|Evasion Moves Clause: Evasion moves are banned\n|rule|Species Clause: Limit one of each Pok\u00e9mon\n|rule|Sleep Clause Mod: Limit one foe put to sleep\n|clearpoke\n|poke|p1|Ursaluna, F|\n|poke|p1|Conkeldurr, F|\n|poke|p1|Swellow, F|\n|poke|p1|Obstagoon, M|\n|poke|p1|Flareon, M|\n|poke|p1|Luxray, F|\n|poke|p2|Sceptile, M|\n|poke|p2|Crobat, M|\n|poke|p2|Greninja-*, M|\n|poke|p2|Typhlosion-Hisui, M|\n|poke|p2|Hawlucha, M|\n|poke|p2|Scizor, M|\n|teampreview\n|inactive|Battle timer is ON: inactive players will automatically lose when time's up. (requested by LeafStormHimNotME)\n|\n|t:|1700920497\n|start\n|switch|p1a: Luxray|Luxray, F|100\/100\n|switch|p2a: Hawlucha|Hawlucha, M|100\/100\n|turn|1\n|\n|t:|1700920511\n|switch|p2a: Scizor|Scizor, M|100\/100\n|move|p1a: Luxray|Thunder Wave|p2a: Scizor\n|-status|p2a: Scizor|par\n|\n|-status|p1a: Luxray|brn|[from] item: Flame Orb\n|upkeep\n|turn|2\n|\n|t:|1700920520\n|switch|p1a: Conkeldurr|Conkeldurr, F|100\/100\n|move|p2a: Scizor|Knock Off|p1a: Conkeldurr\n|-resisted|p1a: Conkeldurr\n|-damage|p1a: Conkeldurr|83\/100\n|-enditem|p1a: Conkeldurr|Flame Orb|[from] move: Knock Off|[of] p2a: Scizor\n|-damage|p2a: Scizor|91\/100 par|[from] item: Life Orb\n|\n|upkeep\n|turn|3\n|\n|t:|1700920530\n|move|p2a: Scizor|Bullet Punch|p1a: Conkeldurr\n|-damage|p1a: Conkeldurr|59\/100\n|-damage|p2a: Scizor|81\/100 par|[from] item: Life Orb\n|move|p1a: Conkeldurr|Earthquake|p2a: Scizor\n|-damage|p2a: Scizor|33\/100 par\n|\n|upkeep\n|turn|4\n|\n|t:|1700920540\n|move|p1a: Conkeldurr|Bulk Up|p1a: Conkeldurr\n|-boost|p1a: Conkeldurr|atk|1\n|-boost|p1a: Conkeldurr|def|1\n|move|p2a: Scizor|U-turn|p1a: Conkeldurr\n|-resisted|p1a: Conkeldurr\n|-damage|p1a: Conkeldurr|37\/100\n|-damage|p2a: Scizor|23\/100 par|[from] item: Life Orb\n|\n|t:|1700920547\n|switch|p2a: Greninja|Greninja, M|100\/100|[from] U-turn\n|\n|upkeep\n|turn|5\n|\n|t:|1700920558\n|move|p2a: Greninja|Water Shuriken|p1a: Conkeldurr\n|-damage|p1a: Conkeldurr|28\/100\n|-damage|p1a: Conkeldurr|21\/100\n|-damage|p1a: Conkeldurr|12\/100\n|-damage|p1a: Conkeldurr|5\/100\n|-hitcount|p1a: Conkeldurr|4\n|move|p1a: Conkeldurr|Mach Punch|p2a: Greninja\n|-supereffective|p2a: Greninja\n|-damage|p2a: Greninja|0 fnt\n|faint|p2a: Greninja\n|\n|upkeep\n|\n|t:|1700920571\n|switch|p2a: Sceptile|Sceptile, M|100\/100\n|turn|6\n|\n|t:|1700920574\n|move|p1a: Conkeldurr|Mach Punch|p2a: Sceptile\n|-damage|p2a: Sceptile|37\/100\n|move|p2a: Sceptile|Giga Drain|p1a: Conkeldurr\n|-damage|p1a: Conkeldurr|0 fnt\n|-heal|p2a: Sceptile|40\/100|[from] drain|[of] p1a: Conkeldurr\n|faint|p1a: Conkeldurr\n|\n|upkeep\n|\n|t:|1700920578\n|switch|p1a: Swellow|Swellow, F|100\/100\n|turn|7\n|\n|t:|1700920590\n|switch|p2a: Crobat|Crobat, M|100\/100\n|move|p1a: Swellow|Brave Bird|p2a: Crobat\n|-damage|p2a: Crobat|45\/100\n|-damage|p1a: Swellow|74\/100|[from] Recoil\n|\n|-heal|p2a: Crobat|51\/100|[from] item: Black Sludge\n|-status|p1a: Swellow|brn|[from] item: Flame Orb\n|upkeep\n|turn|8\n|\n|t:|1700920607\n|move|p1a: Swellow|Protect|p1a: Swellow\n|-singleturn|p1a: Swellow|Protect\n|move|p2a: Crobat|Toxic|p1a: Swellow\n|-activate|p1a: Swellow|move: Protect\n|\n|-heal|p2a: Crobat|57\/100|[from] item: Black Sludge\n|-damage|p1a: Swellow|68\/100 brn|[from] brn\n|upkeep\n|turn|9\n|\n|t:|1700920626\n|move|p1a: Swellow|Brave Bird|p2a: Crobat\n|-damage|p2a: Crobat|0 fnt\n|faint|p2a: Crobat\n|-damage|p1a: Swellow|41\/100 brn|[from] Recoil\n|\n|-damage|p1a: Swellow|35\/100 brn|[from] brn\n|upkeep\n|\n|t:|1700920641\n|switch|p2a: Hawlucha|Hawlucha, M|100\/100\n|turn|10\n|\n|t:|1700920645\n|move|p1a: Swellow|Brave Bird|p2a: Hawlucha\n|-supereffective|p2a: Hawlucha\n|-damage|p2a: Hawlucha|0 fnt\n|faint|p2a: Hawlucha\n|-damage|p1a: Swellow|0 fnt|[from] Recoil\n|faint|p1a: Swellow\n|\n|upkeep\n|\n|t:|1700920657\n|switch|p1a: Luxray|Luxray, F|100\/100 brn\n|switch|p2a: Typhlosion|Typhlosion-Hisui, M|100\/100\n|turn|11\n|\n|t:|1700920662\n|move|p2a: Typhlosion|Infernal Parade|p1a: Luxray\n|-damage|p1a: Luxray|17\/100 brn\n|move|p1a: Luxray|Thunder Wave|p2a: Typhlosion\n|-status|p2a: Typhlosion|par\n|\n|-damage|p1a: Luxray|11\/100 brn|[from] brn\n|upkeep\n|turn|12\n|\n|t:|1700920671\n|move|p1a: Luxray|Wild Charge|p2a: Typhlosion\n|-damage|p2a: Typhlosion|6\/100 par\n|-damage|p1a: Luxray|0 fnt|[from] Recoil\n|faint|p1a: Luxray\n|move|p2a: Typhlosion|Shadow Ball|p1: Luxray|[notarget]\n|-fail|p2a: Typhlosion\n|\n|upkeep\n|\n|t:|1700920679\n|switch|p1a: Obstagoon|Obstagoon, M|100\/100\n|turn|13\n|\n|t:|1700920684\n|move|p1a: Obstagoon|Knock Off|p2a: Typhlosion\n|-supereffective|p2a: Typhlosion\n|-damage|p2a: Typhlosion|0 fnt\n|-enditem|p2a: Typhlosion|Heavy-Duty Boots|[from] move: Knock Off|[of] p1a: Obstagoon\n|faint|p2a: Typhlosion\n|\n|-status|p1a: Obstagoon|brn|[from] item: Flame Orb\n|upkeep\n|\n|t:|1700920705\n|switch|p2a: Scizor|Scizor, M|23\/100 par\n|turn|14\n|\n|t:|1700920719\n|move|p1a: Obstagoon|Substitute|p1a: Obstagoon\n|-start|p1a: Obstagoon|Substitute\n|-damage|p1a: Obstagoon|76\/100 brn\n|move|p2a: Scizor|Knock Off|p1a: Obstagoon\n|-resisted|p1a: Obstagoon\n|-activate|p1a: Obstagoon|move: Substitute|[damage]\n|-damage|p2a: Scizor|13\/100 par|[from] item: Life Orb\n|\n|-damage|p1a: Obstagoon|70\/100 brn|[from] brn\n|upkeep\n|turn|15\n|\n|t:|1700920729\n|move|p1a: Obstagoon|Knock Off|p2a: Scizor\n|-damage|p2a: Scizor|0 fnt\n|-enditem|p2a: Scizor|Life Orb|[from] move: Knock Off|[of] p1a: Obstagoon\n|faint|p2a: Scizor\n|\n|-damage|p1a: Obstagoon|63\/100 brn|[from] brn\n|upkeep\n|\n|t:|1700920738\n|switch|p2a: Sceptile|Sceptile, M|40\/100\n|turn|16\n|\n|t:|1700920744\n|detailschange|p2a: Sceptile|Sceptile-Mega, M\n|-mega|p2a: Sceptile|Sceptile|Sceptilite\n|move|p2a: Sceptile|Sunny Day|p2a: Sceptile\n|-weather|SunnyDay\n|move|p1a: Obstagoon|Facade|p2a: Sceptile\n|-damage|p2a: Sceptile|0 fnt\n|faint|p2a: Sceptile\n|\n|win|LeafStormHimNotME\n|raw|LeafStormHimNotME's rating: 1015 &rarr; <strong>1060<\/strong><br \/>(+45 for winning)\n|raw|GrassGymMason's rating: 1079 &rarr; <strong>1053<\/strong><br \/>(-26 for losing)\n|c|\u2606LeafStormHimNotME|gg\n|l|\u2606GrassGymMason\n","uploadtime":1700920757,"views":1,"p1id":"leafstormhimnotme","p2id":"grassgymmason","formatid":"gen9nationaldex","rating":1053,"private":0,"password":""}