{"id":"gen9nationaldex-1992901608","p1":"Lemmy86","p2":"PanaMomos","format":"[Gen 9] National Dex","log":"|j|\u2606Lemmy86\n|j|\u2606PanaMomos\n|t:|1700245273\n|gametype|singles\n|player|p1|Lemmy86|2|\n|player|p2|PanaMomos|alder|\n|teamsize|p1|6\n|teamsize|p2|6\n|gen|9\n|tier|[Gen 9] National Dex\n|rule|HP Percentage Mod: HP is shown in percentages\n|rule|Endless Battle Clause: Forcing endless battles is banned\n|rule|OHKO Clause: OHKO moves are banned\n|rule|Evasion Clause: Evasion abilities, items, and moves are banned\n|rule|Evasion Abilities Clause: Evasion abilities are banned\n|rule|Evasion Items Clause: Evasion items are banned\n|rule|Evasion Moves Clause: Evasion moves are banned\n|rule|Species Clause: Limit one of each Pok\u00e9mon\n|rule|Sleep Clause Mod: Limit one foe put to sleep\n|clearpoke\n|poke|p1|Charizard, M|\n|poke|p1|Bisharp, F|\n|poke|p1|Tyranitar, F|\n|poke|p1|Weavile, F|\n|poke|p1|Malamar, F|\n|poke|p1|Metagross|\n|poke|p2|Volcarona, F|\n|poke|p2|Conkeldurr, F|\n|poke|p2|Bouffalant, F|\n|poke|p2|Krookodile, F|\n|poke|p2|Chandelure, F|\n|poke|p2|Druddigon, F|\n|teampreview\n|inactive|Battle timer is ON: inactive players will automatically lose when time's up. (requested by PanaMomos)\n|inactive|PanaMomos has 270 seconds left.\n|inactive|PanaMomos has 240 seconds left.\n|\n|t:|1700245352\n|start\n|switch|p1a: Bisharp|Bisharp, F|100\/100\n|switch|p2a: Conkeldurr|Conkeldurr, F|100\/100\n|turn|1\n|j| carlotaRC\n|inactive|Lemmy86 has 270 seconds left.\n|\n|t:|1700245389\n|switch|p1a: Malamar|Malamar, F|100\/100\n|move|p2a: Conkeldurr|Thunder Punch|p1a: Malamar\n|-damage|p1a: Malamar|67\/100\n|\n|-heal|p1a: Malamar|73\/100|[from] item: Leftovers\n|upkeep\n|turn|2\n|inactive|Lemmy86 has 270 seconds left.\n|\n|t:|1700245399\n|move|p1a: Malamar|Superpower|p2a: Conkeldurr\n|-damage|p2a: Conkeldurr|79\/100\n|-boost|p1a: Malamar|atk|1\n|-boost|p1a: Malamar|def|1\n|move|p2a: Conkeldurr|Drain Punch|p1a: Malamar\n|-damage|p1a: Malamar|36\/100\n|-heal|p2a: Conkeldurr|96\/100|[from] drain|[of] p1a: Malamar\n|\n|-heal|p1a: Malamar|42\/100|[from] item: Leftovers\n|upkeep\n|turn|3\n|inactive|Lemmy86 has 270 seconds left.\n|\n|t:|1700245414\n|switch|p2a: Chandelure|Chandelure, F|100\/100\n|move|p1a: Malamar|Rest|p1a: Malamar\n|-status|p1a: Malamar|slp|[from] move: Rest\n|-heal|p1a: Malamar|100\/100 slp|[silent]\n|\n|upkeep\n|turn|4\n|inactive|Lemmy86 has 270 seconds left.\n|\n|t:|1700245425\n|move|p2a: Chandelure|Shadow Ball|p1a: Malamar\n|-damage|p1a: Malamar|65\/100 slp\n|cant|p1a: Malamar|slp\n|move|p1a: Malamar|Sleep Talk|p1a: Malamar\n|move|p1a: Malamar|Knock Off|p2a: Chandelure|[from]move: Sleep Talk\n|-supereffective|p2a: Chandelure\n|-damage|p2a: Chandelure|0 fnt\n|-enditem|p2a: Chandelure|Choice Scarf|[from] move: Knock Off|[of] p1a: Malamar\n|faint|p2a: Chandelure\n|\n|-heal|p1a: Malamar|71\/100 slp|[from] item: Leftovers\n|upkeep\n|\n|t:|1700245437\n|switch|p2a: Druddigon|Druddigon, F|100\/100\n|turn|5\n|\n|t:|1700245446\n|cant|p1a: Malamar|slp\n|move|p1a: Malamar|Sleep Talk|p1a: Malamar\n|move|p1a: Malamar|Knock Off|p2a: Druddigon|[from]move: Sleep Talk\n|-crit|p2a: Druddigon\n|-damage|p2a: Druddigon|46\/100\n|-damage|p1a: Malamar|58\/100 slp|[from] ability: Rough Skin|[of] p2a: Druddigon\n|-damage|p1a: Malamar|42\/100 slp|[from] item: Rocky Helmet|[of] p2a: Druddigon\n|-enditem|p2a: Druddigon|Rocky Helmet|[from] move: Knock Off|[of] p1a: Malamar\n|move|p2a: Druddigon|Dragon Tail|p1a: Malamar\n|-damage|p1a: Malamar|26\/100 slp\n|drag|p1a: Metagross|Metagross|100\/100\n|\n|upkeep\n|turn|6\n|\n|t:|1700245462\n|move|p1a: Metagross|Power-Up Punch|p2a: Druddigon\n|-damage|p2a: Druddigon|33\/100\n|-boost|p1a: Metagross|atk|1\n|-damage|p1a: Metagross|88\/100|[from] ability: Rough Skin|[of] p2a: Druddigon\n|move|p2a: Druddigon|Glare|p1a: Metagross\n|-status|p1a: Metagross|par\n|\n|upkeep\n|turn|7\n|\n|t:|1700245475\n|move|p2a: Druddigon|Stealth Rock|p1a: Metagross\n|-sidestart|p1: Lemmy86|move: Stealth Rock\n|move|p1a: Metagross|Psycho Cut|p2a: Druddigon\n|-crit|p2a: Druddigon\n|-damage|p2a: Druddigon|0 fnt\n|faint|p2a: Druddigon\n|\n|upkeep\n|\n|t:|1700245489\n|switch|p2a: Krookodile|Krookodile, F|100\/100\n|turn|8\n|\n|t:|1700245504\n|move|p2a: Krookodile|Rock Slide|p1a: Metagross|[miss]\n|-miss|p2a: Krookodile|p1a: Metagross\n|move|p1a: Metagross|Earthquake|p2a: Krookodile\n|-damage|p2a: Krookodile|29\/100\n|\n|upkeep\n|turn|9\n|c|\u2606PanaMomos|gg luka\n|c|\u2606PanaMomos|me ganaste\n|c|\u2606PanaMomos|o perdi yo??\n|c|\u2606PanaMomos|JAJAJAJAJAA\n|\n|t:|1700245527\n|switch|p2a: Conkeldurr|Conkeldurr, F|96\/100\n|move|p1a: Metagross|Power-Up Punch|p2a: Conkeldurr\n|-damage|p2a: Conkeldurr|76\/100\n|-boost|p1a: Metagross|atk|1\n|\n|upkeep\n|turn|10\n|\n|t:|1700245535\n|move|p2a: Conkeldurr|Knock Off|p1a: Metagross\n|-supereffective|p1a: Metagross\n|-damage|p1a: Metagross|25\/100 par\n|-enditem|p1a: Metagross|Assault Vest|[from] move: Knock Off|[of] p2a: Conkeldurr\n|cant|p1a: Metagross|par\n|\n|upkeep\n|turn|11\n|\n|t:|1700245544\n|move|p2a: Conkeldurr|Drain Punch|p1a: Metagross\n|-damage|p1a: Metagross|0 fnt\n|-heal|p2a: Conkeldurr|87\/100|[from] drain|[of] p1a: Metagross\n|faint|p1a: Metagross\n|\n|upkeep\n|\n|t:|1700245555\n|switch|p1a: Charizard|Charizard, M|100\/100\n|-damage|p1a: Charizard|50\/100|[from] Stealth Rock\n|turn|12\n|\n|t:|1700245572\n|move|p1a: Charizard|Air Slash|p2a: Conkeldurr\n|-supereffective|p2a: Conkeldurr\n|-damage|p2a: Conkeldurr|37\/100\n|cant|p2a: Conkeldurr|flinch\n|\n|upkeep\n|turn|13\n|\n|t:|1700245582\n|-terastallize|p2a: Conkeldurr|Steel\n|move|p1a: Charizard|Air Slash|p2a: Conkeldurr\n|-resisted|p2a: Conkeldurr\n|-crit|p2a: Conkeldurr\n|-damage|p2a: Conkeldurr|16\/100\n|cant|p2a: Conkeldurr|flinch\n|\n|upkeep\n|turn|14\n|c| carlotaRC|Ah no la mala leche\n|c|\u2606PanaMomos|nanana\n|c|\u2606PanaMomos|tremendo\n|inactive|PanaMomos has 270 seconds left.\n|\n|t:|1700245617\n|switch|p2a: Volcarona|Volcarona, F|100\/100\n|move|p1a: Charizard|Fire Blast|p2a: Volcarona\n|-damage|p2a: Volcarona|49\/100\n|\n|upkeep\n|turn|15\n|\n|t:|1700245628\n|move|p2a: Volcarona|Tera Blast|p1a: Charizard\n|-damage|p1a: Charizard|12\/100\n|move|p1a: Charizard|Air Slash|p2a: Volcarona\n|-supereffective|p2a: Volcarona\n|-damage|p2a: Volcarona|0 fnt\n|faint|p2a: Volcarona\n|\n|upkeep\n|\n|t:|1700245637\n|switch|p2a: Conkeldurr|Conkeldurr, F, tera:Steel|16\/100\n|turn|16\n|\n|t:|1700245641\n|move|p2a: Conkeldurr|Mach Punch|p1a: Charizard\n|-resisted|p1a: Charizard\n|-crit|p1a: Charizard\n|-damage|p1a: Charizard|0 fnt\n|faint|p1a: Charizard\n|\n|upkeep\n|\n|t:|1700245649\n|switch|p1a: Bisharp|Bisharp, F|100\/100\n|-damage|p1a: Bisharp|94\/100|[from] Stealth Rock\n|turn|17\n|\n|t:|1700245663\n|switch|p2a: Bouffalant|Bouffalant, F|100\/100\n|-terastallize|p1a: Bisharp|Ghost\n|move|p1a: Bisharp|Swords Dance|p1a: Bisharp\n|-boost|p1a: Bisharp|atk|2\n|\n|upkeep\n|turn|18\n|inactive|PanaMomos has 270 seconds left.\n|inactive|PanaMomos has 240 seconds left.\n|\n|t:|1700245741\n|switch|p2a: Conkeldurr|Conkeldurr, F, tera:Steel|16\/100\n|move|p1a: Bisharp|Iron Head|p2a: Conkeldurr\n|-resisted|p2a: Conkeldurr\n|-damage|p2a: Conkeldurr|0 fnt\n|faint|p2a: Conkeldurr\n|\n|upkeep\n|\n|t:|1700245747\n|switch|p2a: Krookodile|Krookodile, F|29\/100\n|turn|19\n|\n|t:|1700245755\n|move|p1a: Bisharp|Sucker Punch|p2a: Krookodile\n|-resisted|p2a: Krookodile\n|-damage|p2a: Krookodile|0 fnt\n|faint|p2a: Krookodile\n|\n|upkeep\n|\n|t:|1700245758\n|switch|p2a: Bouffalant|Bouffalant, F|100\/100\n|turn|20\n|c|\u2606PanaMomos|gg\n|\n|t:|1700245768\n|move|p1a: Bisharp|Iron Head|p2a: Bouffalant\n|-damage|p2a: Bouffalant|37\/100\n|move|p2a: Bouffalant|Throat Chop|p1a: Bisharp\n|-supereffective|p1a: Bisharp\n|-damage|p1a: Bisharp|49\/100\n|-start|p1a: Bisharp|Throat Chop|[silent]\n|\n|-heal|p2a: Bouffalant|43\/100|[from] item: Leftovers\n|upkeep\n|turn|21\n|\n|t:|1700245777\n|move|p1a: Bisharp|Iron Head|p2a: Bouffalant\n|-damage|p2a: Bouffalant|0 fnt\n|faint|p2a: Bouffalant\n|\n|win|Lemmy86\n|c|\u2606Lemmy86|Gg\n|l| carlotaRC\n|c|\u2606Lemmy86|No puedo descargar la repe\n","uploadtime":1700245816,"views":24,"p1id":"lemmy86","p2id":"panamomos","formatid":"gen9nationaldex","rating":0,"private":0,"password":""}