{"id":"gen9nationaldex-1995545758","p1":"Sir Grandmaster","p2":"banwobDPP","format":"[Gen 9] National Dex","log":"|j|\u2606Sir Grandmaster\n|j|\u2606banwobDPP\n|inactive|Battle timer is ON: inactive players will automatically lose when time's up.\n|t:|1700581642\n|gametype|singles\n|player|p1|Sir Grandmaster|ghetsis|\n|player|p2|banwobDPP|n|\n|teamsize|p1|6\n|teamsize|p2|6\n|gen|9\n|tier|[Gen 9] National Dex\n|rated|Tournament battle\n|rule|HP Percentage Mod: HP is shown in percentages\n|rule|Endless Battle Clause: Forcing endless battles is banned\n|rule|OHKO Clause: OHKO moves are banned\n|rule|Evasion Clause: Evasion abilities, items, and moves are banned\n|rule|Evasion Abilities Clause: Evasion abilities are banned\n|rule|Evasion Items Clause: Evasion items are banned\n|rule|Evasion Moves Clause: Evasion moves are banned\n|rule|Species Clause: Limit one of each Pok\u00e9mon\n|rule|Sleep Clause Mod: Limit one foe put to sleep\n|rule|Terastal Clause: You cannot Terastallize\n|rule|Sleep Moves Clause: Sleep-inducing moves are banned\n|rule|2 Ability Clause: Limit 2 of each ability\n|clearpoke\n|poke|p1|Pelipper, M|\n|poke|p1|Swampert, F|\n|poke|p1|Zapdos|\n|poke|p1|Barraskewda, M|\n|poke|p1|Tornadus-Therian, M|\n|poke|p1|Ferrothorn, F|\n|poke|p2|Zamazenta-*|\n|poke|p2|Corviknight, F|\n|poke|p2|Samurott-Hisui, M|\n|poke|p2|Walking Wake|\n|poke|p2|Iron Leaves|\n|poke|p2|Roaring Moon|\n|teampreview\n|j|*Lady Monita \u2746\n|inactive|banwobDPP has 120 seconds left.\n|\n|t:|1700581674\n|start\n|switch|p1a: Pelipper|Pelipper, M|100\/100\n|switch|p2a: Walking Wake|Walking Wake|100\/100\n|-weather|RainDance|[from] ability: Drizzle|[of] p1a: Pelipper\n|turn|1\n|\n|t:|1700581684\n|move|p2a: Walking Wake|Scald|p1a: Pelipper\n|-resisted|p1a: Pelipper\n|-damage|p1a: Pelipper|57\/100\n|move|p1a: Pelipper|U-turn|p2a: Walking Wake\n|-crit|p2a: Walking Wake\n|-damage|p2a: Walking Wake|85\/100\n|\n|t:|1700581699\n|switch|p1a: Swampert|Swampert, F|100\/100|[from] U-turn\n|\n|-weather|RainDance|[upkeep]\n|upkeep\n|turn|2\n|\n|t:|1700581709\n|detailschange|p1a: Swampert|Swampert-Mega, F\n|-mega|p1a: Swampert|Swampert|Swampertite\n|move|p1a: Swampert|Ice Punch|p2a: Walking Wake\n|-damage|p2a: Walking Wake|59\/100\n|move|p2a: Walking Wake|Flip Turn|p1a: Swampert\n|-damage|p1a: Swampert|78\/100\n|\n|t:|1700581730\n|switch|p2a: Corviknight|Corviknight, F|100\/100|[from] Flip Turn\n|-ability|p2a: Corviknight|Intimidate|boost\n|-unboost|p1a: Swampert|atk|1\n|\n|-weather|RainDance|[upkeep]\n|upkeep\n|turn|3\n|\n|t:|1700581742\n|switch|p1a: Tornadus|Tornadus-Therian, M|100\/100\n|move|p2a: Corviknight|Iron Defense|p2a: Corviknight\n|-boost|p2a: Corviknight|def|2\n|\n|-weather|RainDance|[upkeep]\n|upkeep\n|turn|4\n|\n|t:|1700581747\n|move|p1a: Tornadus|Nasty Plot|p1a: Tornadus\n|-boost|p1a: Tornadus|spa|2\n|move|p2a: Corviknight|Iron Defense|p2a: Corviknight\n|-boost|p2a: Corviknight|def|2\n|\n|-weather|RainDance|[upkeep]\n|upkeep\n|turn|5\n|\n|t:|1700581753\n|-zpower|p1a: Tornadus\n|move|p1a: Tornadus|Supersonic Skystrike|p2a: Corviknight|[zeffect]\n|-resisted|p2a: Corviknight\n|-damage|p2a: Corviknight|37\/100\n|move|p2a: Corviknight|Body Press|p1a: Tornadus\n|-resisted|p1a: Tornadus\n|-damage|p1a: Tornadus|53\/100\n|\n|-weather|RainDance|[upkeep]\n|-heal|p2a: Corviknight|43\/100|[from] item: Leftovers\n|upkeep\n|turn|6\n|\n|t:|1700581758\n|move|p1a: Tornadus|Hurricane|p2a: Corviknight\n|-resisted|p2a: Corviknight\n|-damage|p2a: Corviknight|4\/100\n|-start|p2a: Corviknight|confusion\n|-activate|p2a: Corviknight|confusion\n|-damage|p2a: Corviknight|3\/100|[from] confusion\n|\n|-weather|RainDance|[upkeep]\n|-heal|p2a: Corviknight|9\/100|[from] item: Leftovers\n|upkeep\n|turn|7\n|\n|t:|1700581766\n|switch|p2a: Walking Wake|Walking Wake|93\/100\n|move|p1a: Tornadus|Hurricane|p2a: Walking Wake\n|-damage|p2a: Walking Wake|34\/100\n|\n|-weather|RainDance|[upkeep]\n|upkeep\n|turn|8\n|\n|t:|1700581783\n|switch|p2a: Corviknight|Corviknight, F|9\/100\n|-ability|p2a: Corviknight|Intimidate|boost\n|-unboost|p1a: Tornadus|atk|1\n|move|p1a: Tornadus|Grass Knot|p2a: Corviknight\n|-resisted|p2a: Corviknight\n|-damage|p2a: Corviknight|0 fnt\n|faint|p2a: Corviknight\n|\n|-weather|none\n|upkeep\n|\n|t:|1700581792\n|switch|p2a: Roaring Moon|Roaring Moon|100\/100\n|-ability|p2a: Roaring Moon|Sword of Ruin\n|turn|9\n|\n|t:|1700581800\n|switch|p1a: Ferrothorn|Ferrothorn, F|100\/100\n|move|p2a: Roaring Moon|Knock Off|p1a: Ferrothorn\n|-damage|p1a: Ferrothorn|60\/100\n|-damage|p2a: Roaring Moon|88\/100|[from] ability: Iron Barbs|[of] p1a: Ferrothorn\n|-enditem|p1a: Ferrothorn|Leftovers|[from] move: Knock Off|[of] p2a: Roaring Moon\n|\n|upkeep\n|turn|10\n|\n|t:|1700581807\n|switch|p2a: Walking Wake|Walking Wake|67\/100\n|move|p1a: Ferrothorn|Stealth Rock|p2a: Walking Wake\n|-sidestart|p2: banwobDPP|move: Stealth Rock\n|\n|upkeep\n|turn|11\n|\n|t:|1700581812\n|move|p2a: Walking Wake|Flamethrower|p1a: Ferrothorn\n|-supereffective|p1a: Ferrothorn\n|-damage|p1a: Ferrothorn|0 fnt\n|faint|p1a: Ferrothorn\n|\n|upkeep\n|\n|t:|1700581815\n|switch|p1a: Pelipper|Pelipper, M|57\/100\n|-weather|RainDance|[from] ability: Drizzle|[of] p1a: Pelipper\n|turn|12\n|\n|t:|1700581819\n|move|p2a: Walking Wake|Draco Meteor|p1a: Pelipper\n|-damage|p1a: Pelipper|0 fnt\n|-unboost|p2a: Walking Wake|spa|2\n|faint|p1a: Pelipper\n|\n|-weather|RainDance|[upkeep]\n|upkeep\n|\n|t:|1700581843\n|switch|p1a: Tornadus|Tornadus-Therian, M|86\/100\n|turn|13\n|\n|t:|1700581847\n|move|p1a: Tornadus|Nasty Plot|p1a: Tornadus\n|-boost|p1a: Tornadus|spa|2\n|move|p2a: Walking Wake|Flip Turn|p1a: Tornadus\n|-damage|p1a: Tornadus|51\/100\n|\n|t:|1700581856\n|switch|p2a: Roaring Moon|Roaring Moon|88\/100|[from] Flip Turn\n|-damage|p2a: Roaring Moon|76\/100|[from] Stealth Rock\n|-ability|p2a: Roaring Moon|Sword of Ruin\n|\n|-weather|RainDance|[upkeep]\n|upkeep\n|turn|14\n|\n|t:|1700581864\n|move|p2a: Roaring Moon|Outrage|p1a: Tornadus\n|-damage|p1a: Tornadus|0 fnt\n|faint|p1a: Tornadus\n|\n|-weather|RainDance|[upkeep]\n|upkeep\n|\n|t:|1700581868\n|switch|p1a: Barraskewda|Barraskewda, M|100\/100\n|turn|15\n|\n|t:|1700581871\n|move|p1a: Barraskewda|Close Combat|p2a: Roaring Moon\n|-supereffective|p2a: Roaring Moon\n|-damage|p2a: Roaring Moon|0 fnt\n|-unboost|p1a: Barraskewda|def|1\n|-unboost|p1a: Barraskewda|spd|1\n|faint|p2a: Roaring Moon\n|\n|-weather|RainDance|[upkeep]\n|upkeep\n|\n|t:|1700581882\n|switch|p2a: Iron Leaves|Iron Leaves|100\/100\n|-damage|p2a: Iron Leaves|88\/100|[from] Stealth Rock\n|turn|16\n|\n|t:|1700581893\n|switch|p1a: Zapdos|Zapdos|100\/100\n|move|p2a: Iron Leaves|Psyblade|p1a: Zapdos\n|-damage|p1a: Zapdos|18\/100\n|-status|p2a: Iron Leaves|par|[from] ability: Static|[of] p1a: Zapdos\n|\n|-weather|RainDance|[upkeep]\n|upkeep\n|turn|17\n|\n|t:|1700581901\n|switch|p2a: Walking Wake|Walking Wake|100\/100\n|-damage|p2a: Walking Wake|88\/100|[from] Stealth Rock\n|move|p1a: Zapdos|Hurricane|p2a: Walking Wake\n|-damage|p2a: Walking Wake|55\/100\n|-start|p2a: Walking Wake|confusion\n|\n|-weather|RainDance|[upkeep]\n|upkeep\n|turn|18\n|\n|t:|1700581911\n|move|p1a: Zapdos|Thunder|p2a: Walking Wake\n|-damage|p2a: Walking Wake|23\/100\n|-activate|p2a: Walking Wake|confusion\n|move|p2a: Walking Wake|Scald|p1a: Zapdos\n|-damage|p1a: Zapdos|0 fnt\n|faint|p1a: Zapdos\n|\n|-weather|RainDance|[upkeep]\n|upkeep\n|inactive|Sir Grandmaster has 120 seconds left.\n|inactive|Sir Grandmaster has 90 seconds left.\n|inactive|Sir Grandmaster has 60 seconds left.\n|\n|t:|1700582018\n|switch|p1a: Swampert|Swampert-Mega, F|78\/100\n|turn|19\n|\n|t:|1700582023\n|switch|p2a: Iron Leaves|Iron Leaves|88\/100 par\n|-damage|p2a: Iron Leaves|76\/100 par|[from] Stealth Rock\n|move|p1a: Swampert|Flip Turn|p2a: Iron Leaves\n|-resisted|p2a: Iron Leaves\n|-damage|p2a: Iron Leaves|47\/100 par\n|\n|t:|1700582025\n|switch|p1a: Barraskewda|Barraskewda, M|100\/100|[from] Flip Turn\n|\n|-weather|none\n|upkeep\n|turn|20\n|\n|t:|1700582029\n|move|p1a: Barraskewda|Liquidation|p2a: Iron Leaves\n|-resisted|p2a: Iron Leaves\n|-damage|p2a: Iron Leaves|3\/100 par\n|move|p2a: Iron Leaves|Leaf Blade|p1a: Barraskewda\n|-supereffective|p1a: Barraskewda\n|-crit|p1a: Barraskewda\n|-damage|p1a: Barraskewda|0 fnt\n|faint|p1a: Barraskewda\n|\n|upkeep\n|\n|t:|1700582031\n|switch|p1a: Swampert|Swampert-Mega, F|78\/100\n|turn|21\n|\n|t:|1700582034\n|move|p1a: Swampert|Ice Punch|p2a: Iron Leaves\n|-supereffective|p2a: Iron Leaves\n|-damage|p2a: Iron Leaves|0 fnt\n|faint|p2a: Iron Leaves\n|\n|upkeep\n|c|\u2606Sir Grandmaster|gg\n|\n|t:|1700582040\n|switch|p2a: Walking Wake|Walking Wake|56\/100\n|-damage|p2a: Walking Wake|44\/100|[from] Stealth Rock\n|turn|22\n|\n|t:|1700582043\n|move|p2a: Walking Wake|Flip Turn|p1a: Swampert\n|-damage|p1a: Swampert|62\/100\n|\n|t:|1700582044\n|switch|p2a: Samurott|Samurott-Hisui, M|100\/100|[from] Flip Turn\n|move|p1a: Swampert|Ice Punch|p2a: Samurott\n|-resisted|p2a: Samurott\n|-damage|p2a: Samurott|81\/100\n|-activate|p2a: Samurott|ability: Toxic Debris\n|-sidestart|p1: Sir Grandmaster|move: Toxic Spikes\n|\n|upkeep\n|turn|23\n|\n|t:|1700582051\n|move|p2a: Samurott|Ceaseless Edge|p1a: Swampert\n|-crit|p1a: Swampert\n|-damage|p1a: Swampert|19\/100\n|-sidestart|p1: Sir Grandmaster|Spikes\n|move|p1a: Swampert|Liquidation|p2a: Samurott\n|-resisted|p2a: Samurott\n|-damage|p2a: Samurott|48\/100\n|-activate|p2a: Samurott|ability: Toxic Debris\n|-sidestart|p1: Sir Grandmaster|move: Toxic Spikes\n|\n|upkeep\n|turn|24\n|inactive|Sir Grandmaster has 120 seconds left.\n|\n|t:|1700582061\n|move|p2a: Samurott|Sucker Punch|p1a: Swampert\n|-damage|p1a: Swampert|0 fnt\n|faint|p1a: Swampert\n|\n|win|banwobDPP\n|n|\u2606Sir Grandmaster|sirgrandmaster\n|n|\u2606banwobDPP|banwobdpp\n|n|*Lady Monita \u2746|ladymonita\n|l|*Lady Monita \u2746\n|l|\u2606Sir Grandmaster\n|j| Yeet259\n|l| Yeet259\n|j| RUMYMOME\n","uploadtime":1700582645,"views":0,"p1id":"sirgrandmaster","p2id":"banwobdpp","formatid":"gen9nationaldex","rating":0,"private":0,"password":""}