{"id":"gen9nationaldex-1998826774","p1":"Sleym","p2":"1nfuseddd","format":"[Gen 9] National Dex","log":"|html|<div class=\"broadcast-blue\"><strong>[Gen 9] National Dex is currently suspecting Sneasler! For information on how to participate check out the <a href=\"https:\/\/www.smogon.com\/forums\/threads\/sv-national-dex-suspect-8-just-dance.3731534\/\">suspect thread<\/a>.<\/strong><\/div>\n|j|\u2606Sleym\n|j|\u26061nfuseddd\n|t:|1700998723\n|gametype|singles\n|player|p1|Sleym|cynthia|\n|player|p2|1nfuseddd|hilda-wonderlauncher|\n|teamsize|p1|6\n|teamsize|p2|6\n|gen|9\n|tier|[Gen 9] National Dex\n|rule|HP Percentage Mod: HP is shown in percentages\n|rule|Endless Battle Clause: Forcing endless battles is banned\n|rule|OHKO Clause: OHKO moves are banned\n|rule|Evasion Clause: Evasion abilities, items, and moves are banned\n|rule|Evasion Abilities Clause: Evasion abilities are banned\n|rule|Evasion Items Clause: Evasion items are banned\n|rule|Evasion Moves Clause: Evasion moves are banned\n|rule|Species Clause: Limit one of each Pok\u00e9mon\n|rule|Sleep Clause Mod: Limit one foe put to sleep\n|clearpoke\n|poke|p1|Hydreigon, M|\n|poke|p1|Grimmsnarl, M|\n|poke|p1|Weavile, M|\n|poke|p1|Tyranitar, M|\n|poke|p1|Bisharp, M|\n|poke|p1|Sableye, F|\n|poke|p2|Goodra-Hisui, F|\n|poke|p2|Charizard, F|\n|poke|p2|Kingdra, F|\n|poke|p2|Kommo-o, F|\n|poke|p2|Noivern, F|\n|poke|p2|Turtonator, M|\n|teampreview\n|\n|t:|1700998727\n|start\n|switch|p1a: Grimmsnarl|Grimmsnarl, M|100\/100\n|switch|p2a: Charizard|Charizard, F|100\/100\n|turn|1\n|\n|t:|1700998785\n|detailschange|p2a: Charizard|Charizard-Mega-X, F\n|-mega|p2a: Charizard|Charizard|Charizardite X\n|move|p1a: Grimmsnarl|Fake Out|p2a: Charizard\n|-damage|p2a: Charizard|83\/100\n|cant|p2a: Charizard|flinch\n|\n|upkeep\n|turn|2\n|\n|t:|1700998804\n|switch|p1a: Bisharp|Bisharp, M|100\/100\n|move|p2a: Charizard|Flare Blitz|p1a: Bisharp\n|-supereffective|p1a: Bisharp\n|-enditem|p1a: Bisharp|Focus Sash\n|-damage|p1a: Bisharp|1\/100\n|-damage|p2a: Charizard|53\/100|[from] Recoil\n|\n|upkeep\n|turn|3\n|\n|t:|1700998819\n|move|p2a: Charizard|Flare Blitz|p1a: Bisharp\n|-supereffective|p1a: Bisharp\n|-damage|p1a: Bisharp|0 fnt\n|faint|p1a: Bisharp\n|-damage|p2a: Charizard|53\/100|[from] Recoil\n|\n|upkeep\n|\n|t:|1700998826\n|switch|p1a: Grimmsnarl|Grimmsnarl, M|100\/100\n|turn|4\n|\n|t:|1700998830\n|move|p2a: Charizard|Flare Blitz|p1a: Grimmsnarl\n|-damage|p1a: Grimmsnarl|9\/100\n|-status|p1a: Grimmsnarl|brn\n|-damage|p2a: Charizard|19\/100|[from] Recoil\n|move|p1a: Grimmsnarl|Play Rough|p2a: Charizard\n|-damage|p2a: Charizard|0 fnt\n|faint|p2a: Charizard\n|\n|-damage|p1a: Grimmsnarl|3\/100 brn|[from] brn\n|upkeep\n|\n|t:|1700998842\n|switch|p2a: Noivern|Noivern, F|100\/100\n|turn|5\n|\n|t:|1700998846\n|move|p2a: Noivern|Hurricane|p1a: Grimmsnarl\n|-damage|p1a: Grimmsnarl|0 fnt\n|faint|p1a: Grimmsnarl\n|\n|upkeep\n|\n|t:|1700998851\n|switch|p1a: Weavile|Weavile, M|100\/100\n|-ability|p1a: Weavile|Pressure\n|turn|6\n|\n|t:|1700998864\n|move|p2a: Noivern|U-turn|p1a: Weavile\n|-supereffective|p1a: Weavile\n|-damage|p1a: Weavile|75\/100\n|\n|t:|1700998873\n|switch|p2a: Turtonator|Turtonator, M|100\/100|[from] U-turn\n|move|p1a: Weavile|Icicle Crash|p2a: Turtonator|[miss]\n|-miss|p1a: Weavile|p2a: Turtonator\n|\n|upkeep\n|turn|7\n|\n|t:|1700998882\n|switch|p1a: Tyranitar|Tyranitar, M|100\/100\n|-weather|Sandstorm|[from] ability: Sand Stream|[of] p1a: Tyranitar\n|move|p2a: Turtonator|Dragon Pulse|p1a: Tyranitar\n|-damage|p1a: Tyranitar|81\/100\n|\n|-weather|Sandstorm|[upkeep]\n|-damage|p2a: Turtonator|94\/100|[from] Sandstorm\n|upkeep\n|turn|8\n|\n|t:|1700998899\n|move|p2a: Turtonator|Fire Blast|p1a: Tyranitar\n|-resisted|p1a: Tyranitar\n|-crit|p1a: Tyranitar\n|-damage|p1a: Tyranitar|61\/100\n|-status|p1a: Tyranitar|brn\n|move|p1a: Tyranitar|Stone Edge|p2a: Turtonator\n|-supereffective|p2a: Turtonator\n|-damage|p2a: Turtonator|50\/100\n|\n|-weather|Sandstorm|[upkeep]\n|-damage|p2a: Turtonator|44\/100|[from] Sandstorm\n|-damage|p1a: Tyranitar|55\/100 brn|[from] brn\n|upkeep\n|turn|9\n|\n|t:|1700998911\n|move|p2a: Turtonator|Draco Meteor|p1a: Tyranitar\n|-damage|p1a: Tyranitar|26\/100 brn\n|-unboost|p2a: Turtonator|spa|2\n|-enditem|p2a: Turtonator|White Herb\n|-clearnegativeboost|p2a: Turtonator|[silent]\n|move|p1a: Tyranitar|Stone Edge|p2a: Turtonator\n|-supereffective|p2a: Turtonator\n|-damage|p2a: Turtonator|0 fnt\n|faint|p2a: Turtonator\n|\n|-weather|Sandstorm|[upkeep]\n|-damage|p1a: Tyranitar|20\/100 brn|[from] brn\n|upkeep\n|\n|t:|1700998919\n|switch|p2a: Kingdra|Kingdra, F|100\/100\n|turn|10\n|\n|t:|1700998939\n|move|p2a: Kingdra|Hydro Pump|p1a: Tyranitar\n|-supereffective|p1a: Tyranitar\n|-damage|p1a: Tyranitar|0 fnt\n|faint|p1a: Tyranitar\n|\n|-weather|Sandstorm|[upkeep]\n|-damage|p2a: Kingdra|94\/100|[from] Sandstorm\n|upkeep\n|\n|t:|1700998949\n|switch|p1a: Hydreigon|Hydreigon, M|100\/100\n|turn|11\n|\n|t:|1700998966\n|move|p2a: Kingdra|Hydro Pump|p1a: Hydreigon\n|-resisted|p1a: Hydreigon\n|-damage|p1a: Hydreigon|63\/100\n|move|p1a: Hydreigon|Draco Meteor|p2a: Kingdra\n|-supereffective|p2a: Kingdra\n|-damage|p2a: Kingdra|0 fnt\n|-unboost|p1a: Hydreigon|spa|2\n|faint|p2a: Kingdra\n|\n|-weather|none\n|upkeep\n|\n|t:|1700998971\n|switch|p2a: Goodra|Goodra-Hisui, F|100\/100\n|turn|12\n|\n|t:|1700998987\n|switch|p1a: Weavile|Weavile, M|75\/100\n|-ability|p1a: Weavile|Pressure\n|move|p2a: Goodra|Thunderbolt|p1a: Weavile\n|-damage|p1a: Weavile|45\/100\n|\n|upkeep\n|turn|13\n|\n|t:|1700998999\n|move|p1a: Weavile|Fake Out|p2a: Goodra\n|-resisted|p2a: Goodra\n|-damage|p2a: Goodra|95\/100\n|cant|p2a: Goodra|flinch\n|\n|upkeep\n|turn|14\n|\n|t:|1700999004\n|move|p1a: Weavile|Brick Break|p2a: Goodra\n|-supereffective|p2a: Goodra\n|-damage|p2a: Goodra|56\/100\n|move|p2a: Goodra|Thunderbolt|p1a: Weavile\n|-damage|p1a: Weavile|16\/100\n|\n|upkeep\n|turn|15\n|\n|t:|1700999011\n|move|p1a: Weavile|Brick Break|p2a: Goodra\n|-supereffective|p2a: Goodra\n|-damage|p2a: Goodra|17\/100\n|move|p2a: Goodra|Earthquake|p1a: Weavile\n|-damage|p1a: Weavile|0 fnt\n|faint|p1a: Weavile\n|\n|upkeep\n|\n|t:|1700999026\n|switch|p1a: Sableye|Sableye, F|100\/100\n|turn|16\n|\n|t:|1700999032\n|move|p2a: Goodra|Earthquake|p1a: Sableye\n|-damage|p1a: Sableye|59\/100\n|move|p1a: Sableye|Ice Punch|p2a: Goodra\n|-damage|p2a: Goodra|0 fnt\n|faint|p2a: Goodra\n|\n|upkeep\n|\n|t:|1700999036\n|switch|p2a: Noivern|Noivern, F|100\/100\n|turn|17\n|\n|t:|1700999056\n|detailschange|p1a: Sableye|Sableye-Mega, F\n|-mega|p1a: Sableye|Sableye|Sablenite\n|move|p2a: Noivern|U-turn|p1a: Sableye\n|-damage|p1a: Sableye|47\/100\n|\n|t:|1700999063\n|switch|p2a: Kommo-o|Kommo-o, F|100\/100|[from] U-turn\n|move|p1a: Sableye|Ice Punch|p2a: Kommo-o\n|-supereffective|p2a: Kommo-o\n|-damage|p2a: Kommo-o|61\/100\n|\n|-heal|p2a: Kommo-o|67\/100|[from] item: Leftovers\n|upkeep\n|turn|18\n|\n|t:|1700999074\n|move|p2a: Kommo-o|Close Combat|p1a: Sableye\n|-immune|p1a: Sableye\n|move|p1a: Sableye|Dazzling Gleam|p2a: Kommo-o\n|-supereffective|p2a: Kommo-o\n|-damage|p2a: Kommo-o|0 fnt\n|faint|p2a: Kommo-o\n|\n|upkeep\n|\n|t:|1700999078\n|switch|p2a: Noivern|Noivern, F|100\/100\n|turn|19\n|\n|t:|1700999085\n|move|p2a: Noivern|Hurricane|p1a: Sableye\n|-damage|p1a: Sableye|0 fnt\n|faint|p1a: Sableye\n|\n|upkeep\n|\n|t:|1700999090\n|switch|p1a: Hydreigon|Hydreigon, M|63\/100\n|turn|20\n|\n|t:|1700999098\n|move|p2a: Noivern|Hurricane|p1a: Hydreigon\n|-damage|p1a: Hydreigon|21\/100\n|move|p1a: Hydreigon|Draco Meteor|p2a: Noivern\n|-supereffective|p2a: Noivern\n|-damage|p2a: Noivern|0 fnt\n|-unboost|p1a: Hydreigon|spa|2\n|faint|p2a: Noivern\n|\n|win|Sleym\n","uploadtime":1700999111,"views":18,"p1id":"sleym","p2id":"1nfuseddd","formatid":"gen9nationaldex","rating":0,"private":0,"password":""}