{"id":"gen9nationaldex-1992630613","p1":"mik_252","p2":"Tomo_Limo","format":"[Gen 9] National Dex","log":"|j|\u2606mik_252\n|j|\u2606Tomo_Limo\n|t:|1700217519\n|gametype|singles\n|player|p1|mik_252|266|1539\n|player|p2|Tomo_Limo|mira|1502\n|teamsize|p1|6\n|teamsize|p2|6\n|gen|9\n|tier|[Gen 9] National Dex\n|rated|\n|rule|HP Percentage Mod: HP is shown in percentages\n|rule|Endless Battle Clause: Forcing endless battles is banned\n|rule|OHKO Clause: OHKO moves are banned\n|rule|Evasion Clause: Evasion abilities, items, and moves are banned\n|rule|Evasion Abilities Clause: Evasion abilities are banned\n|rule|Evasion Items Clause: Evasion items are banned\n|rule|Evasion Moves Clause: Evasion moves are banned\n|rule|Species Clause: Limit one of each Pok\u00e9mon\n|rule|Sleep Clause Mod: Limit one foe put to sleep\n|clearpoke\n|poke|p1|Mantine, M|\n|poke|p1|Pelipper, M|\n|poke|p1|Gliscor, M|\n|poke|p1|Ferrothorn, M|\n|poke|p1|Swampert, F|\n|poke|p1|Dragalge, F|\n|poke|p2|Ampharos, F|\n|poke|p2|Klefki, M|\n|poke|p2|Starmie|\n|poke|p2|Misdreavus, M|\n|poke|p2|Volcarona, F|\n|poke|p2|Goodra-Hisui, M|\n|teampreview\n|inactive|Battle timer is ON: inactive players will automatically lose when time's up. (requested by mik_252)\n|\n|t:|1700217533\n|start\n|switch|p1a: Pelipper|Pelipper, M|100\/100\n|switch|p2a: Klefki|Klefki, M|100\/100\n|-weather|RainDance|[from] ability: Drizzle|[of] p1a: Pelipper\n|turn|1\n|\n|t:|1700217541\n|move|p2a: Klefki|Reflect|p2a: Klefki\n|-sidestart|p2: Tomo_Limo|Reflect\n|move|p1a: Pelipper|Surf|p2a: Klefki\n|-damage|p2a: Klefki|47\/100\n|\n|-weather|RainDance|[upkeep]\n|upkeep\n|turn|2\n|\n|t:|1700217548\n|switch|p2a: Starmie|Starmie|100\/100\n|move|p1a: Pelipper|Defog|p2a: Starmie\n|-unboost|p2a: Starmie|evasion|1\n|-sideend|p2: Tomo_Limo|Reflect\n|\n|-weather|RainDance|[upkeep]\n|upkeep\n|turn|3\n|\n|t:|1700217561\n|switch|p1a: Dragalge|Dragalge, F|100\/100\n|move|p2a: Starmie|Psychic|p1a: Dragalge\n|-supereffective|p1a: Dragalge\n|-damage|p1a: Dragalge|18\/100\n|\n|-weather|RainDance|[upkeep]\n|upkeep\n|turn|4\n|\n|t:|1700217571\n|move|p2a: Starmie|Ice Beam|p1a: Dragalge\n|-supereffective|p1a: Dragalge\n|-damage|p1a: Dragalge|0 fnt\n|faint|p1a: Dragalge\n|\n|-weather|RainDance|[upkeep]\n|upkeep\n|\n|t:|1700217573\n|switch|p1a: Mantine|Mantine, M, shiny|100\/100\n|turn|5\n|\n|t:|1700217584\n|switch|p2a: Goodra|Goodra-Hisui, M|100\/100\n|move|p1a: Mantine|Hurricane|p2a: Goodra\n|-resisted|p2a: Goodra\n|-damage|p2a: Goodra|80\/100\n|\n|-weather|RainDance|[upkeep]\n|upkeep\n|turn|6\n|\n|t:|1700217594\n|switch|p1a: Swampert|Swampert, F|100\/100\n|move|p2a: Goodra|Acid Spray|p1a: Swampert\n|-resisted|p1a: Swampert\n|-damage|p1a: Swampert|95\/100\n|-unboost|p1a: Swampert|spd|2\n|\n|-weather|RainDance|[upkeep]\n|upkeep\n|turn|7\n|\n|t:|1700217615\n|detailschange|p1a: Swampert|Swampert-Mega, F\n|-mega|p1a: Swampert|Swampert|Swampertite\n|-terastallize|p2a: Goodra|Ghost\n|move|p1a: Swampert|Substitute|p1a: Swampert\n|-start|p1a: Swampert|Substitute\n|-damage|p1a: Swampert|70\/100\n|move|p2a: Goodra|Acid Spray|p1a: Swampert\n|-resisted|p1a: Swampert\n|-activate|p1a: Swampert|move: Substitute|[damage]\n|\n|-weather|RainDance|[upkeep]\n|upkeep\n|turn|8\n|\n|t:|1700217627\n|move|p1a: Swampert|Waterfall|p2a: Goodra\n|-damage|p2a: Goodra|29\/100\n|move|p2a: Goodra|Acid Armor|p2a: Goodra\n|-boost|p2a: Goodra|def|2\n|\n|-weather|none\n|upkeep\n|turn|9\n|\n|t:|1700217636\n|move|p1a: Swampert|Bulk Up|p1a: Swampert\n|-boost|p1a: Swampert|atk|1\n|-boost|p1a: Swampert|def|1\n|move|p2a: Goodra|Body Press|p1a: Swampert\n|-end|p1a: Swampert|Substitute\n|\n|upkeep\n|turn|10\n|\n|t:|1700217646\n|move|p1a: Swampert|Earthquake|p2a: Goodra\n|-damage|p2a: Goodra|0 fnt\n|faint|p2a: Goodra\n|\n|upkeep\n|\n|t:|1700217652\n|switch|p2a: Starmie|Starmie|100\/100\n|turn|11\n|\n|t:|1700217662\n|switch|p1a: Pelipper|Pelipper, M|100\/100\n|-weather|RainDance|[from] ability: Drizzle|[of] p1a: Pelipper\n|move|p2a: Starmie|Surf|p1a: Pelipper\n|-resisted|p1a: Pelipper\n|-damage|p1a: Pelipper|56\/100\n|\n|-weather|RainDance|[upkeep]\n|upkeep\n|turn|12\n|\n|t:|1700217671\n|switch|p1a: Mantine|Mantine, M, shiny|100\/100\n|move|p2a: Starmie|Psychic|p1a: Mantine\n|-damage|p1a: Mantine|65\/100\n|\n|-weather|RainDance|[upkeep]\n|upkeep\n|turn|13\n|\n|t:|1700217679\n|move|p1a: Mantine|Hurricane|p2a: Starmie\n|-damage|p2a: Starmie|0 fnt\n|faint|p2a: Starmie\n|\n|-weather|RainDance|[upkeep]\n|upkeep\n|\n|t:|1700217689\n|switch|p2a: Ampharos|Ampharos, F, shiny|100\/100\n|turn|14\n|\n|t:|1700217702\n|switch|p1a: Swampert|Swampert-Mega, F|70\/100\n|detailschange|p2a: Ampharos|Ampharos-Mega, F, shiny\n|-mega|p2a: Ampharos|Ampharos|Ampharosite\n|-ability|p2a: Ampharos|Mold Breaker\n|move|p2a: Ampharos|Toxic|p1a: Swampert\n|-status|p1a: Swampert|tox\n|\n|-weather|RainDance|[upkeep]\n|-damage|p1a: Swampert|64\/100 tox|[from] psn\n|upkeep\n|turn|15\n|\n|t:|1700217714\n|move|p2a: Ampharos|Protect|p2a: Ampharos\n|-singleturn|p2a: Ampharos|Protect\n|move|p1a: Swampert|Earthquake|p2a: Ampharos\n|-activate|p2a: Ampharos|move: Protect\n|\n|-weather|RainDance|[upkeep]\n|-damage|p1a: Swampert|52\/100 tox|[from] psn\n|upkeep\n|turn|16\n|\n|t:|1700217731\n|switch|p2a: Klefki|Klefki, M|47\/100\n|move|p1a: Swampert|Waterfall|p2a: Klefki\n|-damage|p2a: Klefki|0 fnt\n|faint|p2a: Klefki\n|\n|-weather|RainDance|[upkeep]\n|-damage|p1a: Swampert|33\/100 tox|[from] psn\n|upkeep\n|\n|t:|1700217742\n|switch|p2a: Volcarona|Volcarona, F|100\/100\n|turn|17\n|\n|t:|1700217753\n|switch|p2a: Misdreavus|Misdreavus, M, shiny|100\/100\n|move|p1a: Swampert|Waterfall|p2a: Misdreavus\n|-damage|p2a: Misdreavus|23\/100\n|\n|-weather|RainDance|[upkeep]\n|-damage|p1a: Swampert|9\/100 tox|[from] psn\n|upkeep\n|turn|18\n|\n|t:|1700217768\n|switch|p1a: Gliscor|Gliscor, M|100\/100\n|move|p2a: Misdreavus|Night Shade|p1a: Gliscor\n|-damage|p1a: Gliscor|72\/100\n|\n|-weather|none\n|-status|p1a: Gliscor|tox|[from] item: Toxic Orb\n|upkeep\n|turn|19\n|\n|t:|1700217778\n|move|p1a: Gliscor|Toxic|p2a: Misdreavus\n|-status|p2a: Misdreavus|tox\n|move|p2a: Misdreavus|Pain Split|p1a: Gliscor\n|-sethp|p1a: Gliscor|47\/100 tox|[from] move: Pain Split|[silent]\n|-sethp|p2a: Misdreavus|51\/100 tox|[from] move: Pain Split\n|\n|-heal|p1a: Gliscor|59\/100 tox|[from] ability: Poison Heal\n|-damage|p2a: Misdreavus|45\/100 tox|[from] psn\n|upkeep\n|turn|20\n|\n|t:|1700217789\n|switch|p1a: Pelipper|Pelipper, M|56\/100\n|-weather|RainDance|[from] ability: Drizzle|[of] p1a: Pelipper\n|switch|p2a: Volcarona|Volcarona, F|100\/100\n|\n|-weather|RainDance|[upkeep]\n|upkeep\n|turn|21\n|\n|t:|1700217800\n|move|p2a: Volcarona|Quiver Dance|p2a: Volcarona\n|-boost|p2a: Volcarona|spa|1\n|-boost|p2a: Volcarona|spd|1\n|-boost|p2a: Volcarona|spe|1\n|move|p1a: Pelipper|Surf|p2a: Volcarona\n|-supereffective|p2a: Volcarona\n|-damage|p2a: Volcarona|42\/100\n|\n|-weather|RainDance|[upkeep]\n|upkeep\n|turn|22\n|\n|t:|1700217810\n|move|p2a: Volcarona|Psychic|p1a: Pelipper\n|-damage|p1a: Pelipper|0 fnt\n|faint|p1a: Pelipper\n|\n|-weather|RainDance|[upkeep]\n|upkeep\n|\n|t:|1700217813\n|switch|p1a: Mantine|Mantine, M, shiny|65\/100\n|turn|23\n|\n|t:|1700217823\n|switch|p2a: Ampharos|Ampharos-Mega, F, shiny|100\/100\n|-ability|p2a: Ampharos|Mold Breaker\n|move|p1a: Mantine|Surf|p2a: Ampharos\n|-resisted|p2a: Ampharos\n|-damage|p2a: Ampharos|66\/100\n|\n|-weather|RainDance|[upkeep]\n|upkeep\n|turn|24\n|\n|t:|1700217834\n|switch|p1a: Gliscor|Gliscor, M|59\/100 tox\n|move|p2a: Ampharos|Power Gem|p1a: Gliscor\n|-damage|p1a: Gliscor|25\/100 tox\n|\n|-weather|RainDance|[upkeep]\n|-heal|p1a: Gliscor|38\/100 tox|[from] ability: Poison Heal\n|upkeep\n|turn|25\n|\n|t:|1700217844\n|switch|p1a: Mantine|Mantine, M, shiny|65\/100\n|move|p2a: Ampharos|Power Gem|p1a: Mantine\n|-supereffective|p1a: Mantine\n|-damage|p1a: Mantine|21\/100\n|\n|-weather|RainDance|[upkeep]\n|upkeep\n|turn|26\n|\n|t:|1700217855\n|move|p2a: Ampharos|Protect|p2a: Ampharos\n|-singleturn|p2a: Ampharos|Protect\n|move|p1a: Mantine|Ice Beam|p2a: Ampharos\n|-activate|p2a: Ampharos|move: Protect\n|\n|-weather|RainDance|[upkeep]\n|upkeep\n|turn|27\n|\n|t:|1700217867\n|switch|p2a: Misdreavus|Misdreavus, M, shiny|45\/100 tox\n|move|p1a: Mantine|Ice Beam|p2a: Misdreavus\n|-damage|p2a: Misdreavus|25\/100 tox\n|\n|-weather|none\n|-damage|p2a: Misdreavus|19\/100 tox|[from] psn\n|upkeep\n|turn|28\n|\n|t:|1700217894\n|move|p1a: Mantine|Ice Beam|p2a: Misdreavus\n|-damage|p2a: Misdreavus|0 fnt\n|faint|p2a: Misdreavus\n|\n|upkeep\n|\n|t:|1700217901\n|switch|p2a: Volcarona|Volcarona, F|42\/100\n|turn|29\n|\n|t:|1700217905\n|switch|p1a: Gliscor|Gliscor, M|38\/100 tox\n|move|p2a: Volcarona|Quiver Dance|p2a: Volcarona\n|-boost|p2a: Volcarona|spa|1\n|-boost|p2a: Volcarona|spd|1\n|-boost|p2a: Volcarona|spe|1\n|\n|-heal|p1a: Gliscor|50\/100 tox|[from] ability: Poison Heal\n|upkeep\n|turn|30\n|\n|t:|1700217915\n|move|p2a: Volcarona|Fiery Dance|p1a: Gliscor\n|-damage|p1a: Gliscor|0 fnt\n|faint|p1a: Gliscor\n|\n|upkeep\n|\n|t:|1700217919\n|switch|p1a: Ferrothorn|Ferrothorn, M|100\/100\n|turn|31\n|inactive|Tomo_Limo has 120 seconds left.\n|\n|t:|1700217957\n|-terastallize|p1a: Ferrothorn|Fire\n|move|p2a: Volcarona|Psychic|p1a: Ferrothorn\n|-damage|p1a: Ferrothorn|69\/100\n|move|p1a: Ferrothorn|Iron Defense|p1a: Ferrothorn\n|-boost|p1a: Ferrothorn|def|2\n|\n|upkeep\n|turn|32\n|inactive|Tomo_Limo has 120 seconds left.\n|\n|t:|1700217977\n|move|p2a: Volcarona|Hidden Power|p1a: Ferrothorn\n|-supereffective|p1a: Ferrothorn\n|-damage|p1a: Ferrothorn|24\/100\n|move|p1a: Ferrothorn|Body Press|p2a: Volcarona\n|-resisted|p2a: Volcarona\n|-damage|p2a: Volcarona|5\/100\n|\n|upkeep\n|turn|33\n|inactive|Tomo_Limo has 120 seconds left.\n|\n|t:|1700217986\n|move|p2a: Volcarona|Hidden Power|p1a: Ferrothorn\n|-supereffective|p1a: Ferrothorn\n|-damage|p1a: Ferrothorn|0 fnt\n|faint|p1a: Ferrothorn\n|\n|upkeep\n|l|\u2606mik_252\n|inactive|mik_252 disconnected and has a minute to reconnect!\n|player|p1|\n|j|\u2606mik_252\n|inactive|mik_252 reconnected and has 135 seconds left.\n|player|p1|mik_252|266\n|\n|t:|1700218000\n|switch|p1a: Mantine|Mantine, M, shiny|21\/100\n|turn|34\n|\n|t:|1700218005\n|move|p2a: Volcarona|Psychic|p1a: Mantine\n|-damage|p1a: Mantine|0 fnt\n|faint|p1a: Mantine\n|\n|upkeep\n|-message|mik_252 forfeited.\n|\n|win|Tomo_Limo\n|raw|mik_252's rating: 1539 &rarr; <strong>1517<\/strong><br \/>(-22 for losing)\n|raw|Tomo_Limo's rating: 1502 &rarr; <strong>1524<\/strong><br \/>(+22 for winning)\n|l|\u2606mik_252\n","uploadtime":1700218018,"views":23,"p1id":"mik252","p2id":"tomolimo","formatid":"gen9nationaldex","rating":1517,"private":0,"password":""}