{"id":"gen9nationaldex-1989387213","p1":"Finkle2","p2":"Swagdestroyer76","format":"[Gen 9] National Dex","log":"|j|\u2606Finkle2\n|j|\u2606Swagdestroyer76\n|t:|1699843800\n|gametype|singles\n|player|p1|Finkle2|teamrocket|\n|player|p2|Swagdestroyer76|blackbelt-gen4dp|\n|teamsize|p1|6\n|teamsize|p2|6\n|gen|9\n|tier|[Gen 9] National Dex\n|rule|HP Percentage Mod: HP is shown in percentages\n|rule|Endless Battle Clause: Forcing endless battles is banned\n|rule|OHKO Clause: OHKO moves are banned\n|rule|Evasion Clause: Evasion abilities, items, and moves are banned\n|rule|Evasion Abilities Clause: Evasion abilities are banned\n|rule|Evasion Items Clause: Evasion items are banned\n|rule|Evasion Moves Clause: Evasion moves are banned\n|rule|Species Clause: Limit one of each Pok\u00e9mon\n|rule|Sleep Clause Mod: Limit one foe put to sleep\n|clearpoke\n|poke|p1|Lopunny, F|\n|poke|p1|Goodra-Hisui, M|\n|poke|p1|Ceruledge, F|\n|poke|p1|Aerodactyl, F|\n|poke|p1|Gyarados, F|\n|poke|p1|Tapu Koko|\n|poke|p2|Dragalge, M|\n|poke|p2|Charizard, M|\n|poke|p2|Venusaur, M|\n|poke|p2|Espeon, M|\n|poke|p2|Dubwool, M|\n|poke|p2|Eelektross, F|\n|teampreview\n|\n|t:|1699843818\n|start\n|switch|p1a: Shiny Gary|Gyarados, F, shiny|100\/100\n|switch|p2a: Dragalge|Dragalge, M, shiny|100\/100\n|turn|1\n|\n|t:|1699843829\n|move|p1a: Shiny Gary|Dragon Dance|p1a: Shiny Gary\n|-boost|p1a: Shiny Gary|atk|1\n|-boost|p1a: Shiny Gary|spe|1\n|move|p2a: Dragalge|Toxic Spikes|p1a: Shiny Gary\n|-sidestart|p1: Finkle2|move: Toxic Spikes\n|\n|upkeep\n|turn|2\n|l|\u2606Swagdestroyer76\n|player|p2|\n|j|\u2606Swagdestroyer76\n|player|p2|Swagdestroyer76|blackbelt-gen4dp\n|\n|t:|1699843862\n|switch|p2a: Eelektross|Eelektross, F|100\/100\n|move|p1a: Shiny Gary|Ice Fang|p2a: Eelektross\n|-damage|p2a: Eelektross|60\/100\n|\n|upkeep\n|turn|3\n|\n|t:|1699843873\n|move|p1a: Shiny Gary|Waterfall|p2a: Eelektross\n|-damage|p2a: Eelektross|0 fnt\n|faint|p2a: Eelektross\n|-ability|p1a: Shiny Gary|Moxie|boost\n|-boost|p1a: Shiny Gary|atk|1\n|\n|upkeep\n|\n|t:|1699843894\n|switch|p2a: Dubwool|Dubwool, M|100\/100\n|turn|4\n|\n|t:|1699843897\n|move|p1a: Shiny Gary|Dragon Dance|p1a: Shiny Gary\n|-boost|p1a: Shiny Gary|atk|1\n|-boost|p1a: Shiny Gary|spe|1\n|move|p2a: Dubwool|Cotton Guard|p2a: Dubwool\n|-boost|p2a: Dubwool|def|3\n|\n|upkeep\n|turn|5\n|\n|t:|1699843904\n|move|p1a: Shiny Gary|Waterfall|p2a: Dubwool\n|-damage|p2a: Dubwool|50\/100\n|move|p2a: Dubwool|Cotton Guard|p2a: Dubwool\n|-boost|p2a: Dubwool|def|3\n|\n|-heal|p2a: Dubwool|56\/100|[from] item: Leftovers\n|upkeep\n|turn|6\n|\n|t:|1699843923\n|move|p1a: Shiny Gary|Waterfall|p2a: Dubwool\n|-damage|p2a: Dubwool|21\/100\n|move|p2a: Dubwool|Body Press|p1a: Shiny Gary\n|-resisted|p1a: Shiny Gary\n|-damage|p1a: Shiny Gary|54\/100\n|\n|-heal|p2a: Dubwool|27\/100|[from] item: Leftovers\n|upkeep\n|turn|7\n|\n|t:|1699843932\n|move|p2a: Dubwool|Protect|p2a: Dubwool\n|-singleturn|p2a: Dubwool|Protect\n|move|p1a: Shiny Gary|Waterfall|p2a: Dubwool\n|-activate|p2a: Dubwool|move: Protect\n|\n|-heal|p2a: Dubwool|33\/100|[from] item: Leftovers\n|upkeep\n|turn|8\n|\n|t:|1699843945\n|switch|p2a: Venusaur|Venusaur, M, shiny|100\/100\n|move|p1a: Shiny Gary|Waterfall|p2a: Venusaur\n|-resisted|p2a: Venusaur\n|-damage|p2a: Venusaur|31\/100\n|\n|-heal|p2a: Venusaur|37\/100|[from] item: Leftovers\n|upkeep\n|turn|9\n|\n|t:|1699843965\n|move|p1a: Shiny Gary|Ice Fang|p2a: Venusaur\n|-supereffective|p2a: Venusaur\n|-damage|p2a: Venusaur|0 fnt\n|faint|p2a: Venusaur\n|-ability|p1a: Shiny Gary|Moxie|boost\n|-boost|p1a: Shiny Gary|atk|1\n|\n|upkeep\n|\n|t:|1699843973\n|switch|p2a: Espeon|Espeon, M|100\/100\n|turn|10\n|\n|t:|1699843989\n|move|p1a: Shiny Gary|Waterfall|p2a: Espeon\n|-damage|p2a: Espeon|0 fnt\n|-damage|p1a: Shiny Gary|37\/100|[from] item: Rocky Helmet|[of] p2a: Espeon\n|faint|p2a: Espeon\n|-ability|p1a: Shiny Gary|Moxie|boost\n|-boost|p1a: Shiny Gary|atk|1\n|\n|upkeep\n|\n|t:|1699844000\n|switch|p2a: Charizard|Charizard, M, shiny|100\/100\n|turn|11\n|\n|t:|1699844007\n|detailschange|p2a: Charizard|Charizard-Mega-Y, M, shiny\n|-mega|p2a: Charizard|Charizard|Charizardite Y\n|-weather|SunnyDay|[from] ability: Drought|[of] p2a: Charizard\n|move|p1a: Shiny Gary|Waterfall|p2a: Charizard\n|-supereffective|p2a: Charizard\n|-damage|p2a: Charizard|0 fnt\n|faint|p2a: Charizard\n|-ability|p1a: Shiny Gary|Moxie|boost\n|-boost|p1a: Shiny Gary|atk|1\n|\n|-weather|SunnyDay|[upkeep]\n|upkeep\n|\n|t:|1699844019\n|switch|p2a: Dragalge|Dragalge, M, shiny|100\/100\n|turn|12\n|\n|t:|1699844024\n|switch|p1a: Awesome dinosaur|Aerodactyl, F|100\/100\n|-ability|p1a: Awesome dinosaur|Unnerve\n|move|p2a: Dragalge|Sludge Bomb|p1a: Awesome dinosaur\n|-resisted|p1a: Awesome dinosaur\n|-damage|p1a: Awesome dinosaur|42\/100\n|\n|-weather|SunnyDay|[upkeep]\n|upkeep\n|turn|13\n|\n|t:|1699844033\n|move|p1a: Awesome dinosaur|Defog|p2a: Dragalge\n|-unboost|p2a: Dragalge|evasion|1\n|-sideend|p1: Finkle2|Toxic Spikes|[from] move: Defog|[of] p1a: Awesome dinosaur\n|move|p2a: Dragalge|Sludge Bomb|p1a: Awesome dinosaur\n|-resisted|p1a: Awesome dinosaur\n|-damage|p1a: Awesome dinosaur|0 fnt\n|faint|p1a: Awesome dinosaur\n|\n|-weather|SunnyDay|[upkeep]\n|upkeep\n|\n|t:|1699844038\n|switch|p1a: Batman|Lopunny, F|100\/100\n|turn|14\n|\n|t:|1699844044\n|detailschange|p1a: Batman|Lopunny-Mega, F\n|-mega|p1a: Batman|Lopunny|Lopunnite\n|move|p1a: Batman|Fake Out|p2a: Dragalge\n|-damage|p2a: Dragalge|75\/100\n|cant|p2a: Dragalge|flinch\n|\n|-weather|SunnyDay|[upkeep]\n|upkeep\n|turn|15\n|\n|t:|1699844052\n|move|p1a: Batman|Ice Punch|p2a: Dragalge\n|-supereffective|p2a: Dragalge\n|-damage|p2a: Dragalge|19\/100\n|move|p2a: Dragalge|Sludge Bomb|p1a: Batman\n|-damage|p1a: Batman|0 fnt\n|faint|p1a: Batman\n|\n|-weather|none\n|upkeep\n|\n|t:|1699844062\n|switch|p1a: Kevin Cut|Ceruledge, F|100\/100\n|turn|16\n|\n|t:|1699844065\n|move|p1a: Kevin Cut|Swords Dance|p1a: Kevin Cut\n|-boost|p1a: Kevin Cut|atk|2\n|move|p2a: Dragalge|Sludge Bomb|p1a: Kevin Cut\n|-resisted|p1a: Kevin Cut\n|-damage|p1a: Kevin Cut|48\/100\n|\n|upkeep\n|turn|17\n|\n|t:|1699844075\n|move|p1a: Kevin Cut|Shadow Sneak|p2a: Dragalge\n|-damage|p2a: Dragalge|0 fnt\n|faint|p2a: Dragalge\n|\n|upkeep\n|\n|t:|1699844079\n|switch|p2a: Dubwool|Dubwool, M|33\/100\n|turn|18\n|\n|t:|1699844084\n|move|p2a: Dubwool|Body Press|p1a: Kevin Cut\n|-immune|p1a: Kevin Cut\n|move|p1a: Kevin Cut|Close Combat|p2a: Dubwool\n|-supereffective|p2a: Dubwool\n|-damage|p2a: Dubwool|0 fnt\n|-unboost|p1a: Kevin Cut|def|1\n|-unboost|p1a: Kevin Cut|spd|1\n|faint|p2a: Dubwool\n|\n|win|Finkle2\n","uploadtime":1699844097,"views":22,"p1id":"finkle2","p2id":"swagdestroyer76","formatid":"gen9nationaldex","rating":0,"private":0,"password":""}