{"id":"gen9nationaldex-1989022703","p1":"nasunasu","p2":"Jiangme","format":"[Gen 9] National Dex","log":"|j|\u2606nasunasu\n|j|\u203dJiangme\n|t:|1699803341\n|gametype|singles\n|player|p1|nasunasu|265|1045\n|player|p2|Jiangme|crasherwake|1028\n|teamsize|p1|6\n|teamsize|p2|6\n|gen|9\n|tier|[Gen 9] National Dex\n|rated|\n|rule|HP Percentage Mod: HP is shown in percentages\n|rule|Endless Battle Clause: Forcing endless battles is banned\n|rule|OHKO Clause: OHKO moves are banned\n|rule|Evasion Clause: Evasion abilities, items, and moves are banned\n|rule|Evasion Abilities Clause: Evasion abilities are banned\n|rule|Evasion Items Clause: Evasion items are banned\n|rule|Evasion Moves Clause: Evasion moves are banned\n|rule|Species Clause: Limit one of each Pok\u00e9mon\n|rule|Sleep Clause Mod: Limit one foe put to sleep\n|clearpoke\n|poke|p1|Shuckle, M|\n|poke|p1|Swampert, M|\n|poke|p1|Cinderace, M|\n|poke|p1|Mimikyu, F|\n|poke|p1|Grimmsnarl, M|\n|poke|p1|Electivire, M|\n|poke|p2|Serperior, F|\n|poke|p2|Pelipper, M|\n|poke|p2|Barraskewda, M|\n|poke|p2|Breloom, F|\n|poke|p2|Tornadus-Therian, M|\n|poke|p2|Tinkaton, F|\n|teampreview\n|\n|t:|1699803357\n|start\n|switch|p1a: cabr0n|Shuckle, M, shiny|100\/100\n|switch|p2a: Pelipper|Pelipper, M|100\/100\n|-weather|RainDance|[from] ability: Drizzle|[of] p2a: Pelipper\n|turn|1\n|\n|t:|1699803378\n|move|p2a: Pelipper|Surf|p1a: cabr0n\n|-supereffective|p1a: cabr0n\n|-damage|p1a: cabr0n|21\/100\n|move|p1a: cabr0n|Stealth Rock|p2a: Pelipper\n|-sidestart|p2: Jiangme|move: Stealth Rock\n|\n|-weather|RainDance|[upkeep]\n|-heal|p1a: cabr0n|27\/100|[from] item: Leftovers\n|upkeep\n|turn|2\n|\n|t:|1699803389\n|move|p1a: cabr0n|Protect|p1a: cabr0n\n|-singleturn|p1a: cabr0n|Protect\n|move|p2a: Pelipper|Surf|p1a: cabr0n\n|-activate|p1a: cabr0n|move: Protect\n|\n|-weather|RainDance|[upkeep]\n|-heal|p1a: cabr0n|33\/100|[from] item: Leftovers\n|upkeep\n|turn|3\n|\n|t:|1699803400\n|switch|p1a: pu\u00f1itos|Electivire, M|100\/100\n|move|p2a: Pelipper|U-turn|p1a: pu\u00f1itos\n|-damage|p1a: pu\u00f1itos|87\/100\n|\n|t:|1699803416\n|switch|p2a: Serperior|Serperior, F, shiny|100\/100|[from] U-turn\n|-damage|p2a: Serperior|88\/100|[from] Stealth Rock\n|\n|-weather|RainDance|[upkeep]\n|-heal|p2a: Serperior|94\/100|[from] item: Leftovers\n|upkeep\n|turn|4\n|\n|t:|1699803425\n|move|p1a: pu\u00f1itos|Earthquake|p2a: Serperior\n|-resisted|p2a: Serperior\n|-crit|p2a: Serperior\n|-damage|p2a: Serperior|64\/100\n|move|p2a: Serperior|Leaf Storm|p1a: pu\u00f1itos|[miss]\n|-miss|p2a: Serperior|p1a: pu\u00f1itos\n|\n|-weather|RainDance|[upkeep]\n|-heal|p2a: Serperior|70\/100|[from] item: Leftovers\n|upkeep\n|turn|5\n|\n|t:|1699803445\n|switch|p1a: mbappe|Cinderace, M, shiny|100\/100\n|move|p2a: Serperior|Substitute|p2a: Serperior\n|-start|p2a: Serperior|Substitute\n|-damage|p2a: Serperior|45\/100\n|\n|-weather|RainDance|[upkeep]\n|-heal|p2a: Serperior|51\/100|[from] item: Leftovers\n|upkeep\n|turn|6\n|inactive|Battle timer is ON: inactive players will automatically lose when time's up. (requested by Jiangme)\n|\n|t:|1699803462\n|-terastallize|p2a: Serperior|Fire\n|move|p2a: Serperior|Leaf Storm|p1a: mbappe\n|-resisted|p1a: mbappe\n|-damage|p1a: mbappe|68\/100\n|-boost|p2a: Serperior|spa|2\n|move|p1a: mbappe|Pyro Ball|p2a: Serperior|[miss]\n|-miss|p1a: mbappe|p2a: Serperior\n|\n|-weather|RainDance|[upkeep]\n|-heal|p2a: Serperior|58\/100|[from] item: Leftovers\n|upkeep\n|turn|7\n|\n|t:|1699803483\n|switch|p1a: pu\u00f1itos|Electivire, M|87\/100\n|move|p2a: Serperior|Leaf Storm|p1a: pu\u00f1itos\n|-damage|p1a: pu\u00f1itos|0 fnt\n|-boost|p2a: Serperior|spa|2\n|faint|p1a: pu\u00f1itos\n|\n|-weather|RainDance|[upkeep]\n|-heal|p2a: Serperior|64\/100|[from] item: Leftovers\n|upkeep\n|\n|t:|1699803498\n|switch|p1a: \u00d1asu|Mimikyu, F|100\/100\n|turn|8\n|\n|t:|1699803510\n|move|p2a: Serperior|Hidden Power|p1a: \u00d1asu\n|-activate|p1a: \u00d1asu|ability: Disguise\n|-damage|p1a: \u00d1asu|100\/100\n|detailschange|p1a: \u00d1asu|Mimikyu-Busted, F\n|-damage|p1a: \u00d1asu|88\/100|[from] pokemon: Mimikyu-Busted\n|move|p1a: \u00d1asu|Shadow Claw|p2a: Serperior\n|-end|p2a: Serperior|Substitute\n|\n|-weather|none\n|-heal|p2a: Serperior|70\/100|[from] item: Leftovers\n|upkeep\n|turn|9\n|\n|t:|1699803523\n|move|p2a: Serperior|Leaf Storm|p1a: \u00d1asu\n|-damage|p1a: \u00d1asu|0 fnt\n|-boost|p2a: Serperior|spa|2\n|faint|p1a: \u00d1asu\n|\n|-heal|p2a: Serperior|76\/100|[from] item: Leftovers\n|upkeep\n|\n|t:|1699803529\n|switch|p1a: mbappe|Cinderace, M, shiny|68\/100\n|turn|10\n|\n|t:|1699803534\n|move|p2a: Serperior|Hidden Power|p1a: mbappe\n|-damage|p1a: mbappe|0 fnt\n|faint|p1a: mbappe\n|\n|-heal|p2a: Serperior|83\/100|[from] item: Leftovers\n|upkeep\n|\n|t:|1699803542\n|switch|p1a: cabr0n|Shuckle, M, shiny|33\/100\n|turn|11\n|\n|t:|1699803547\n|move|p1a: cabr0n|Protect|p1a: cabr0n\n|-singleturn|p1a: cabr0n|Protect\n|move|p2a: Serperior|Hidden Power|p1a: cabr0n\n|-activate|p1a: cabr0n|move: Protect\n|\n|-heal|p2a: Serperior|89\/100|[from] item: Leftovers\n|-heal|p1a: cabr0n|39\/100|[from] item: Leftovers\n|upkeep\n|turn|12\n|\n|t:|1699803557\n|move|p2a: Serperior|Substitute|p2a: Serperior\n|-start|p2a: Serperior|Substitute\n|-damage|p2a: Serperior|64\/100\n|move|p1a: cabr0n|Toxic||[still]\n|-fail|p1a: cabr0n\n|\n|-heal|p2a: Serperior|70\/100|[from] item: Leftovers\n|-heal|p1a: cabr0n|45\/100|[from] item: Leftovers\n|upkeep\n|turn|13\n|\n|t:|1699803567\n|move|p2a: Serperior|Leaf Storm|p1a: cabr0n\n|-damage|p1a: cabr0n|0 fnt\n|faint|p1a: cabr0n\n|\n|-heal|p2a: Serperior|76\/100|[from] item: Leftovers\n|upkeep\n|\n|t:|1699803573\n|switch|p1a: pesado|Grimmsnarl, M|100\/100\n|turn|14\n|\n|t:|1699803580\n|move|p1a: pesado|Fake Out|p2a: Serperior\n|-activate|p2a: Serperior|move: Substitute|[damage]\n|move|p2a: Serperior|Hidden Power|p1a: pesado\n|-damage|p1a: pesado|31\/100\n|\n|-heal|p2a: Serperior|83\/100|[from] item: Leftovers\n|upkeep\n|turn|15\n|\n|t:|1699803595\n|move|p2a: Serperior|Hidden Power|p1a: pesado\n|-damage|p1a: pesado|0 fnt\n|faint|p1a: pesado\n|\n|-heal|p2a: Serperior|89\/100|[from] item: Leftovers\n|upkeep\n|\n|t:|1699803601\n|switch|p1a: sapo|Swampert, M|100\/100\n|turn|16\n|\n|t:|1699803607\n|-terastallize|p1a: sapo|Water\n|move|p2a: Serperior|Leaf Storm|p1a: sapo\n|-supereffective|p1a: sapo\n|-enditem|p1a: sapo|Focus Sash\n|-damage|p1a: sapo|1\/100\n|move|p1a: sapo|Earthquake|p2a: Serperior\n|-supereffective|p2a: Serperior\n|-end|p2a: Serperior|Substitute\n|\n|-heal|p2a: Serperior|95\/100|[from] item: Leftovers\n|upkeep\n|turn|17\n|\n|t:|1699803620\n|move|p2a: Serperior|Hidden Power|p1a: sapo\n|-damage|p1a: sapo|0 fnt\n|faint|p1a: sapo\n|\n|win|Jiangme\n|raw|nasunasu's rating: 1045 &rarr; <strong>1027<\/strong><br \/>(-18 for losing)\n|raw|Jiangme's rating: 1028 &rarr; <strong>1066<\/strong><br \/>(+38 for winning)\n","uploadtime":1699803628,"views":6,"p1id":"nasunasu","p2id":"jiangme","formatid":"gen9nationaldex","rating":1027,"private":0,"password":""}