{"id":"gen9nationaldex-1987409247","p1":"buzhouliumo","p2":"Fluttershywastaken","format":"[Gen 9] National Dex","log":"|j|\u2606buzhouliumo\n|j|\u2606Fluttershywastaken\n|t:|1699587585\n|gametype|singles\n|player|p1|buzhouliumo|hilda|1383\n|player|p2|Fluttershywastaken|wicke|1490\n|teamsize|p1|6\n|teamsize|p2|6\n|gen|9\n|tier|[Gen 9] National Dex\n|rated|\n|rule|HP Percentage Mod: HP is shown in percentages\n|rule|Endless Battle Clause: Forcing endless battles is banned\n|rule|OHKO Clause: OHKO moves are banned\n|rule|Evasion Clause: Evasion abilities, items, and moves are banned\n|rule|Evasion Abilities Clause: Evasion abilities are banned\n|rule|Evasion Items Clause: Evasion items are banned\n|rule|Evasion Moves Clause: Evasion moves are banned\n|rule|Species Clause: Limit one of each Pok\u00e9mon\n|rule|Sleep Clause Mod: Limit one foe put to sleep\n|clearpoke\n|poke|p1|Charizard, F|\n|poke|p1|Garchomp, M|\n|poke|p1|Hatterene, F|\n|poke|p1|Ninetales-Alola, F|\n|poke|p1|Great Tusk|\n|poke|p1|Volcarona, F|\n|poke|p2|Manaphy|\n|poke|p2|Tapu Koko|\n|poke|p2|Sneasler, F|\n|poke|p2|Glimmora, M|\n|poke|p2|Volcarona, M|\n|poke|p2|Kartana|\n|teampreview\n|inactive|Battle timer is ON: inactive players will automatically lose when time's up. (requested by buzhouliumo)\n|\n|t:|1699587589\n|start\n|switch|p1a: Great Tusk|Great Tusk|100\/100\n|switch|p2a: Glimmora|Glimmora, M|100\/100\n|turn|1\n|\n|t:|1699587599\n|move|p2a: Glimmora|Energy Ball|p1a: Great Tusk\n|-supereffective|p1a: Great Tusk\n|-damage|p1a: Great Tusk|59\/100\n|move|p1a: Great Tusk|Headlong Rush|p2a: Glimmora\n|-supereffective|p2a: Glimmora\n|-enditem|p2a: Glimmora|Focus Sash\n|-damage|p2a: Glimmora|1\/100\n|-unboost|p1a: Great Tusk|def|1\n|-unboost|p1a: Great Tusk|spd|1\n|-activate|p2a: Glimmora|ability: Toxic Debris\n|-sidestart|p1: buzhouliumo|move: Toxic Spikes\n|\n|upkeep\n|turn|2\n|\n|t:|1699587615\n|-end|p1a: Great Tusk|Protosynthesis|[silent]\n|switch|p1a: Charizard|Charizard, F|100\/100\n|move|p2a: Glimmora|Stealth Rock|p1a: Charizard\n|-sidestart|p1: buzhouliumo|move: Stealth Rock\n|\n|upkeep\n|turn|3\n|\n|t:|1699587621\n|detailschange|p1a: Charizard|Charizard-Mega-Y, F\n|-mega|p1a: Charizard|Charizard|Charizardite Y\n|-weather|SunnyDay|[from] ability: Drought|[of] p1a: Charizard\n|move|p1a: Charizard|Flame Charge|p2a: Glimmora\n|-resisted|p2a: Glimmora\n|-damage|p2a: Glimmora|0 fnt\n|-boost|p1a: Charizard|spe|1\n|-activate|p2a: Glimmora|ability: Toxic Debris\n|-sidestart|p1: buzhouliumo|move: Toxic Spikes\n|faint|p2a: Glimmora\n|\n|-weather|SunnyDay|[upkeep]\n|upkeep\n|inactive|Fluttershywastaken has 120 seconds left.\n|\n|t:|1699587665\n|switch|p2a: Tapu Koko|Tapu Koko|100\/100\n|-fieldstart|move: Electric Terrain|[from] ability: Electric Surge|[of] p2a: Tapu Koko\n|turn|4\n|\n|t:|1699587671\n|move|p1a: Charizard|Flame Charge|p2a: Tapu Koko\n|-crit|p2a: Tapu Koko\n|-damage|p2a: Tapu Koko|52\/100\n|-boost|p1a: Charizard|spe|1\n|move|p2a: Tapu Koko|Light Screen|p2a: Tapu Koko\n|-sidestart|p2: Fluttershywastaken|move: Light Screen\n|\n|-weather|SunnyDay|[upkeep]\n|upkeep\n|turn|5\n|inactive|Fluttershywastaken has 120 seconds left.\n|\n|t:|1699587681\n|move|p1a: Charizard|Flame Charge|p2a: Tapu Koko\n|-damage|p2a: Tapu Koko|23\/100\n|-boost|p1a: Charizard|spe|1\n|move|p2a: Tapu Koko|Reflect|p2a: Tapu Koko\n|-sidestart|p2: Fluttershywastaken|Reflect\n|\n|-weather|SunnyDay|[upkeep]\n|upkeep\n|turn|6\n|inactive|Fluttershywastaken has 120 seconds left.\n|\n|t:|1699587693\n|move|p1a: Charizard|Weather Ball|p2a: Tapu Koko\n|-damage|p2a: Tapu Koko|0 fnt\n|faint|p2a: Tapu Koko\n|\n|-weather|SunnyDay|[upkeep]\n|upkeep\n|inactive|Fluttershywastaken has 120 seconds left.\n|\n|t:|1699587706\n|switch|p2a: Sneasler|Sneasler, F|100\/100\n|-enditem|p2a: Sneasler|Electric Seed\n|-boost|p2a: Sneasler|def|1|[from] item: Electric Seed\n|turn|7\n|\n|t:|1699587709\n|move|p1a: Charizard|Scorching Sands|p2a: Sneasler\n|-supereffective|p2a: Sneasler\n|-damage|p2a: Sneasler|65\/100\n|move|p2a: Sneasler|Dire Claw|p1a: Charizard\n|-damage|p1a: Charizard|28\/100\n|\n|-weather|none\n|upkeep\n|turn|8\n|\n|t:|1699587723\n|-terastallize|p2a: Sneasler|Flying\n|move|p1a: Charizard|Scorching Sands|p2a: Sneasler\n|-immune|p2a: Sneasler\n|move|p2a: Sneasler|Dire Claw|p1a: Charizard\n|-damage|p1a: Charizard|0 fnt\n|faint|p1a: Charizard\n|\n|-fieldend|move: Electric Terrain\n|upkeep\n|\n|t:|1699587728\n|switch|p1a: Great Tusk|Great Tusk|59\/100\n|-status|p1a: Great Tusk|tox\n|-damage|p1a: Great Tusk|56\/100 tox|[from] Stealth Rock\n|turn|9\n|\n|t:|1699587732\n|move|p2a: Sneasler|Acrobatics|p1a: Great Tusk\n|-supereffective|p1a: Great Tusk\n|-damage|p1a: Great Tusk|0 fnt\n|faint|p1a: Great Tusk\n|-end|p1a: Great Tusk|Protosynthesis|[silent]\n|\n|upkeep\n|\n|t:|1699587739\n|switch|p1a: Ninetales|Ninetales-Alola, F|100\/100\n|-status|p1a: Ninetales|tox\n|-damage|p1a: Ninetales|76\/100 tox|[from] Stealth Rock\n|-weather|Snow|[from] ability: Snow Warning|[of] p1a: Ninetales\n|turn|10\n|\n|t:|1699587746\n|move|p2a: Sneasler|Swords Dance|p2a: Sneasler\n|-boost|p2a: Sneasler|atk|2\n|move|p1a: Ninetales|Aurora Veil|p1a: Ninetales\n|-sidestart|p1: buzhouliumo|move: Aurora Veil\n|\n|-weather|Snow|[upkeep]\n|-damage|p1a: Ninetales|70\/100 tox|[from] psn\n|upkeep\n|turn|11\n|\n|t:|1699587749\n|move|p2a: Sneasler|Dire Claw|p1a: Ninetales\n|-supereffective|p1a: Ninetales\n|-damage|p1a: Ninetales|0 fnt\n|faint|p1a: Ninetales\n|\n|-weather|Snow|[upkeep]\n|-sideend|p2: Fluttershywastaken|move: Light Screen\n|upkeep\n|\n|t:|1699587753\n|switch|p1a: Garchomp|Garchomp, M|100\/100\n|-status|p1a: Garchomp|tox\n|-damage|p1a: Garchomp|94\/100 tox|[from] Stealth Rock\n|turn|12\n|\n|t:|1699587760\n|move|p2a: Sneasler|Acrobatics|p1a: Garchomp\n|-damage|p1a: Garchomp|37\/100 tox\n|-damage|p2a: Sneasler|53\/100|[from] ability: Rough Skin|[of] p1a: Garchomp\n|move|p1a: Garchomp|Scale Shot|p2a: Sneasler\n|-damage|p2a: Sneasler|45\/100\n|-damage|p2a: Sneasler|37\/100\n|-damage|p2a: Sneasler|29\/100\n|-damage|p2a: Sneasler|22\/100\n|-damage|p2a: Sneasler|15\/100\n|-hitcount|p2a: Sneasler|5\n|-unboost|p1a: Garchomp|def|1\n|-boost|p1a: Garchomp|spe|1\n|\n|-weather|Snow|[upkeep]\n|-damage|p1a: Garchomp|30\/100 tox|[from] psn\n|-sideend|p2: Fluttershywastaken|Reflect\n|upkeep\n|turn|13\n|\n|t:|1699587770\n|move|p2a: Sneasler|Acrobatics|p1a: Garchomp\n|-damage|p1a: Garchomp|0 fnt\n|-damage|p2a: Sneasler|2\/100|[from] ability: Rough Skin|[of] p1a: Garchomp\n|faint|p1a: Garchomp\n|\n|-weather|Snow|[upkeep]\n|upkeep\n|\n|t:|1699587777\n|switch|p1a: Hatterene|Hatterene, F|100\/100\n|-status|p1a: Hatterene|tox\n|-damage|p1a: Hatterene|88\/100 tox|[from] Stealth Rock\n|turn|14\n|\n|t:|1699587786\n|move|p2a: Sneasler|Dire Claw|p1a: Hatterene\n|-supereffective|p1a: Hatterene\n|-damage|p1a: Hatterene|20\/100 tox\n|move|p1a: Hatterene|Draining Kiss|p2a: Sneasler\n|-damage|p2a: Sneasler|0 fnt\n|-heal|p1a: Hatterene|22\/100 tox|[from] drain|[of] p2a: Sneasler\n|faint|p2a: Sneasler\n|\n|-weather|none\n|-heal|p1a: Hatterene|28\/100 tox|[from] item: Leftovers\n|-damage|p1a: Hatterene|22\/100 tox|[from] psn\n|upkeep\n|-message|buzhouliumo forfeited.\n|\n|win|Fluttershywastaken\n|raw|buzhouliumo's rating: 1383 &rarr; <strong>1369<\/strong><br \/>(-14 for losing)\n|raw|Fluttershywastaken's rating: 1490 &rarr; <strong>1504<\/strong><br \/>(+14 for winning)\n|l|\u2606buzhouliumo\n","uploadtime":1699587797,"views":4,"p1id":"buzhouliumo","p2id":"fluttershywastaken","formatid":"gen9nationaldex","rating":1369,"private":0,"password":""}