{"id":"gen9nationaldex-2000614848","p1":"wahrer","p2":"FishermanRandy","format":"[Gen 9] National Dex","log":"|html|<div class=\"broadcast-blue\"><strong>[Gen 9] National Dex is currently suspecting Sneasler! For information on how to participate check out the <a href=\"https:\/\/www.smogon.com\/forums\/threads\/sv-national-dex-suspect-8-just-dance.3731534\/\">suspect thread<\/a>.<\/strong><\/div>\n|j|\u2606wahrer\n|j|\u2606FishermanRandy\n|t:|1701210726\n|gametype|singles\n|player|p1|wahrer|burgh|1372\n|player|p2|FishermanRandy|fisherman-gen4|1359\n|teamsize|p1|6\n|teamsize|p2|6\n|gen|9\n|tier|[Gen 9] National Dex\n|rated|\n|rule|HP Percentage Mod: HP is shown in percentages\n|rule|Endless Battle Clause: Forcing endless battles is banned\n|rule|OHKO Clause: OHKO moves are banned\n|rule|Evasion Clause: Evasion abilities, items, and moves are banned\n|rule|Evasion Abilities Clause: Evasion abilities are banned\n|rule|Evasion Items Clause: Evasion items are banned\n|rule|Evasion Moves Clause: Evasion moves are banned\n|rule|Species Clause: Limit one of each Pok\u00e9mon\n|rule|Sleep Clause Mod: Limit one foe put to sleep\n|clearpoke\n|poke|p1|Togekiss, M|\n|poke|p1|Golisopod, F|\n|poke|p1|Scizor, F|\n|poke|p1|Volcarona, M|\n|poke|p1|Gliscor, F|\n|poke|p1|Sneasler, M|\n|poke|p2|Pelipper, M|\n|poke|p2|Swampert, F|\n|poke|p2|Zapdos|\n|poke|p2|Chansey, F|\n|poke|p2|Kartana|\n|poke|p2|Gengar, F|\n|teampreview\n|inactive|Battle timer is ON: inactive players will automatically lose when time's up. (requested by FishermanRandy)\n|\n|t:|1701210740\n|start\n|switch|p1a: Sneasler|Sneasler, M|100\/100\n|switch|p2a: Gengar|Gengar, F|100\/100\n|turn|1\n|\n|t:|1701210750\n|move|p1a: Sneasler|Dire Claw|p2a: Gengar\n|-resisted|p2a: Gengar\n|-damage|p2a: Gengar|81\/100\n|-status|p2a: Gengar|slp\n|cant|p2a: Gengar|slp\n|\n|upkeep\n|turn|2\n|\n|t:|1701210758\n|switch|p1a: Gliscor|Gliscor, F|100\/100\n|cant|p2a: Gengar|slp\n|\n|-status|p1a: Gliscor|tox|[from] item: Toxic Orb\n|upkeep\n|turn|3\n|\n|t:|1701210765\n|switch|p2a: Zapdos|Zapdos|100\/100\n|move|p1a: Gliscor|Stealth Rock|p2a: Zapdos\n|-sidestart|p2: FishermanRandy|move: Stealth Rock\n|\n|upkeep\n|turn|4\n|\n|t:|1701210779\n|move|p2a: Zapdos|Hidden Power|p1a: Gliscor\n|-supereffective|p1a: Gliscor\n|-damage|p1a: Gliscor|0 fnt\n|faint|p1a: Gliscor\n|\n|upkeep\n|\n|t:|1701210790\n|switch|p1a: Volcarona|Volcarona, M|100\/100\n|turn|5\n|\n|t:|1701210795\n|switch|p2a: Pelipper|Pelipper, M|100\/100\n|-damage|p2a: Pelipper|75\/100|[from] Stealth Rock\n|-weather|RainDance|[from] ability: Drizzle|[of] p2a: Pelipper\n|-terastallize|p1a: Volcarona|Ground\n|move|p1a: Volcarona|Quiver Dance|p1a: Volcarona\n|-boost|p1a: Volcarona|spa|1\n|-boost|p1a: Volcarona|spd|1\n|-boost|p1a: Volcarona|spe|1\n|\n|-weather|RainDance|[upkeep]\n|upkeep\n|turn|6\n|\n|t:|1701210808\n|move|p1a: Volcarona|Giga Drain|p2a: Pelipper\n|-damage|p2a: Pelipper|29\/100\n|move|p2a: Pelipper|Scald|p1a: Volcarona\n|-supereffective|p1a: Volcarona\n|-damage|p1a: Volcarona|53\/100\n|\n|-weather|RainDance|[upkeep]\n|upkeep\n|turn|7\n|\n|t:|1701210818\n|switch|p2a: Kartana|Kartana|100\/100\n|-damage|p2a: Kartana|94\/100|[from] Stealth Rock\n|move|p1a: Volcarona|Giga Drain|p2a: Kartana\n|-resisted|p2a: Kartana\n|-damage|p2a: Kartana|71\/100\n|-heal|p1a: Volcarona|63\/100|[from] drain|[of] p2a: Kartana\n|\n|-weather|RainDance|[upkeep]\n|upkeep\n|turn|8\n|\n|t:|1701210829\n|move|p1a: Volcarona|Fiery Dance|p2a: Kartana\n|-supereffective|p2a: Kartana\n|-crit|p2a: Kartana\n|-damage|p2a: Kartana|0 fnt\n|-boost|p1a: Volcarona|spa|1\n|faint|p2a: Kartana\n|\n|-weather|RainDance|[upkeep]\n|upkeep\n|\n|t:|1701210835\n|switch|p2a: Swampert|Swampert, F|100\/100\n|-damage|p2a: Swampert|94\/100|[from] Stealth Rock\n|turn|9\n|\n|t:|1701210840\n|detailschange|p2a: Swampert|Swampert-Mega, F\n|-mega|p2a: Swampert|Swampert|Swampertite\n|move|p2a: Swampert|Liquidation|p1a: Volcarona\n|-supereffective|p1a: Volcarona\n|-damage|p1a: Volcarona|0 fnt\n|faint|p1a: Volcarona\n|\n|-weather|RainDance|[upkeep]\n|upkeep\n|\n|t:|1701210851\n|switch|p1a: Golisopod|Golisopod, F|100\/100\n|turn|10\n|\n|t:|1701210859\n|switch|p2a: Zapdos|Zapdos|100\/100\n|-damage|p2a: Zapdos|76\/100|[from] Stealth Rock\n|move|p1a: Golisopod|First Impression|p2a: Zapdos\n|-resisted|p2a: Zapdos\n|-damage|p2a: Zapdos|44\/100\n|\n|-weather|RainDance|[upkeep]\n|upkeep\n|turn|11\n|\n|t:|1701210869\n|move|p1a: Golisopod|Aqua Jet|p2a: Zapdos\n|-damage|p2a: Zapdos|0 fnt\n|faint|p2a: Zapdos\n|\n|-weather|RainDance|[upkeep]\n|upkeep\n|\n|t:|1701210879\n|switch|p2a: Swampert|Swampert-Mega, F|94\/100\n|-damage|p2a: Swampert|88\/100|[from] Stealth Rock\n|turn|12\n|\n|t:|1701210885\n|move|p1a: Golisopod|Aqua Jet|p2a: Swampert\n|-damage|p2a: Swampert|56\/100\n|move|p2a: Swampert|Earthquake|p1a: Golisopod\n|-resisted|p1a: Golisopod\n|-damage|p1a: Golisopod|79\/100\n|\n|-weather|none\n|upkeep\n|turn|13\n|\n|t:|1701210893\n|switch|p2a: Pelipper|Pelipper, M|29\/100\n|-damage|p2a: Pelipper|4\/100|[from] Stealth Rock\n|-weather|RainDance|[from] ability: Drizzle|[of] p2a: Pelipper\n|move|p1a: Golisopod|Aqua Jet|p2a: Pelipper\n|-resisted|p2a: Pelipper\n|-damage|p2a: Pelipper|0 fnt\n|faint|p2a: Pelipper\n|\n|-weather|RainDance|[upkeep]\n|upkeep\n|\n|t:|1701210902\n|switch|p2a: Swampert|Swampert-Mega, F|56\/100\n|-damage|p2a: Swampert|50\/100|[from] Stealth Rock\n|turn|14\n|\n|t:|1701210907\n|move|p1a: Golisopod|Aqua Jet|p2a: Swampert\n|-damage|p2a: Swampert|16\/100\n|move|p2a: Swampert|Liquidation|p1a: Golisopod\n|-resisted|p1a: Golisopod\n|-damage|p1a: Golisopod|50\/100\n|-enditem|p1a: Golisopod|Sitrus Berry|[eat]\n|-heal|p1a: Golisopod|75\/100|[from] item: Sitrus Berry\n|\n|-weather|RainDance|[upkeep]\n|upkeep\n|turn|15\n|-message|FishermanRandy forfeited.\n|\n|win|wahrer\n|raw|wahrer's rating: 1372 &rarr; <strong>1391<\/strong><br \/>(+19 for winning)\n|raw|FishermanRandy's rating: 1359 &rarr; <strong>1340<\/strong><br \/>(-19 for losing)\n|l|\u2606FishermanRandy\n","uploadtime":1701210928,"views":11,"p1id":"wahrer","p2id":"fishermanrandy","formatid":"gen9nationaldex","rating":1340,"private":0,"password":""}