{"id":"gen9nationaldex-1996467607","p1":"sampl_txt","p2":"MachPunch93","format":"[Gen 9] National Dex","log":"|html|<div class=\"broadcast-blue\"><strong>[Gen 9] National Dex is currently suspecting Sneasler! For information on how to participate check out the <a href=\"https:\/\/www.smogon.com\/forums\/threads\/sv-national-dex-suspect-8-just-dance.3731534\/\">suspect thread<\/a>.<\/strong><\/div>\n|j|\u2606sampl_txt\n|j|\u2606MachPunch93\n|t:|1700684873\n|gametype|singles\n|player|p1|sampl_txt|fisherman-gen3|1597\n|player|p2|MachPunch93|alder|1651\n|teamsize|p1|6\n|teamsize|p2|6\n|gen|9\n|tier|[Gen 9] National Dex\n|rated|\n|rule|HP Percentage Mod: HP is shown in percentages\n|rule|Endless Battle Clause: Forcing endless battles is banned\n|rule|OHKO Clause: OHKO moves are banned\n|rule|Evasion Clause: Evasion abilities, items, and moves are banned\n|rule|Evasion Abilities Clause: Evasion abilities are banned\n|rule|Evasion Items Clause: Evasion items are banned\n|rule|Evasion Moves Clause: Evasion moves are banned\n|rule|Species Clause: Limit one of each Pok\u00e9mon\n|rule|Sleep Clause Mod: Limit one foe put to sleep\n|clearpoke\n|poke|p1|Infernape, M|\n|poke|p1|Tapu Lele|\n|poke|p1|Great Tusk|\n|poke|p1|Ting-Lu|\n|poke|p1|Sneasler, M|\n|poke|p1|Beedrill, M|\n|poke|p2|Charizard, F|\n|poke|p2|Landorus-Therian, M|\n|poke|p2|Heatran, F|\n|poke|p2|Zapdos|\n|poke|p2|Zeraora|\n|poke|p2|Iron Hands|\n|teampreview\n|j| Chinatownz\n|j| AdamPadum\n|\n|t:|1700684925\n|start\n|switch|p1a: Beedrill|Beedrill, M|100\/100\n|switch|p2a: Iron Hands|Iron Hands|100\/100\n|turn|1\n|\n|t:|1700684932\n|-end|p2a: Iron Hands|Quark Drive|[silent]\n|switch|p2a: Landorus|Landorus-Therian, M|100\/100\n|-ability|p2a: Landorus|Intimidate|boost\n|-unboost|p1a: Beedrill|atk|1\n|detailschange|p1a: Beedrill|Beedrill-Mega, M\n|-mega|p1a: Beedrill|Beedrill|Beedrillite\n|move|p1a: Beedrill|U-turn|p2a: Landorus\n|-resisted|p2a: Landorus\n|-damage|p2a: Landorus|80\/100\n|\n|t:|1700684939\n|switch|p1a: Great Tusk|Great Tusk|100\/100|[from] U-turn\n|\n|upkeep\n|turn|2\n|\n|t:|1700684948\n|move|p2a: Landorus|Earthquake|p1a: Great Tusk\n|-damage|p1a: Great Tusk|72\/100\n|move|p1a: Great Tusk|Ice Spinner|p2a: Landorus\n|-supereffective|p2a: Landorus\n|-damage|p2a: Landorus|0 fnt\n|faint|p2a: Landorus\n|\n|-heal|p1a: Great Tusk|78\/100|[from] item: Leftovers\n|upkeep\n|\n|t:|1700684972\n|switch|p2a: Zeraora|Zeraora|100\/100\n|turn|3\n|\n|t:|1700684977\n|-end|p1a: Great Tusk|Protosynthesis|[silent]\n|switch|p1a: Beedrill|Beedrill-Mega, M|100\/100\n|-terastallize|p2a: Zeraora|Fairy\n|move|p2a: Zeraora|Bulk Up|p2a: Zeraora\n|-boost|p2a: Zeraora|atk|1\n|-boost|p2a: Zeraora|def|1\n|\n|upkeep\n|turn|4\n|\n|t:|1700684987\n|move|p1a: Beedrill|Poison Jab|p2a: Zeraora\n|-supereffective|p2a: Zeraora\n|-damage|p2a: Zeraora|0 fnt\n|faint|p2a: Zeraora\n|\n|upkeep\n|\n|t:|1700684996\n|switch|p2a: Heatran|Heatran, F|100\/100\n|turn|5\n|\n|t:|1700684999\n|switch|p2a: Charizard|Charizard, F|100\/100\n|move|p1a: Beedrill|Drill Run|p2a: Charizard\n|-immune|p2a: Charizard\n|\n|upkeep\n|turn|6\n|\n|t:|1700685006\n|detailschange|p2a: Charizard|Charizard-Mega-Y, F\n|-mega|p2a: Charizard|Charizard|Charizardite Y\n|-weather|SunnyDay|[from] ability: Drought|[of] p2a: Charizard\n|move|p1a: Beedrill|U-turn|p2a: Charizard\n|-resisted|p2a: Charizard\n|-damage|p2a: Charizard|80\/100\n|\n|t:|1700685009\n|switch|p1a: Ting-Lu|Ting-Lu|100\/100|[from] U-turn\n|-ability|p1a: Ting-Lu|Vessel of Ruin\n|move|p2a: Charizard|Weather Ball|p1a: Ting-Lu\n|-damage|p1a: Ting-Lu|65\/100\n|\n|-weather|SunnyDay|[upkeep]\n|-heal|p1a: Ting-Lu|72\/100|[from] item: Leftovers\n|upkeep\n|turn|7\n|\n|t:|1700685025\n|move|p2a: Charizard|Solar Beam||[still]\n|-prepare|p2a: Charizard|Solar Beam\n|-anim|p2a: Charizard|Solar Beam|p1a: Ting-Lu\n|-supereffective|p1a: Ting-Lu\n|-damage|p1a: Ting-Lu|29\/100\n|move|p1a: Ting-Lu|Spikes|p2a: Charizard\n|-sidestart|p2: MachPunch93|Spikes\n|\n|-weather|SunnyDay|[upkeep]\n|-heal|p1a: Ting-Lu|35\/100|[from] item: Leftovers\n|upkeep\n|turn|8\n|l| AdamPadum\n|\n|t:|1700685045\n|move|p2a: Charizard|Weather Ball|p1a: Ting-Lu\n|-damage|p1a: Ting-Lu|0 fnt\n|faint|p1a: Ting-Lu\n|\n|-weather|SunnyDay|[upkeep]\n|upkeep\n|\n|t:|1700685046\n|switch|p1a: Beedrill|Beedrill-Mega, M|100\/100\n|turn|9\n|\n|t:|1700685054\n|move|p1a: Beedrill|Poison Jab|p2a: Charizard\n|-damage|p2a: Charizard|0 fnt\n|faint|p2a: Charizard\n|\n|-weather|SunnyDay|[upkeep]\n|upkeep\n|\n|t:|1700685060\n|switch|p2a: Zapdos|Zapdos|100\/100\n|turn|10\n|\n|t:|1700685069\n|move|p1a: Beedrill|U-turn|p2a: Zapdos\n|-resisted|p2a: Zapdos\n|-damage|p2a: Zapdos|75\/100\n|\n|t:|1700685070\n|switch|p1a: Tapu Lele|Tapu Lele|100\/100|[from] U-turn\n|-fieldstart|move: Psychic Terrain|[from] ability: Psychic Surge|[of] p1a: Tapu Lele\n|move|p2a: Zapdos|Heat Wave|p1a: Tapu Lele\n|-damage|p1a: Tapu Lele|45\/100\n|\n|-weather|none\n|upkeep\n|turn|11\n|\n|t:|1700685080\n|move|p1a: Tapu Lele|Focus Blast|p2a: Zapdos\n|-resisted|p2a: Zapdos\n|-damage|p2a: Zapdos|52\/100\n|move|p2a: Zapdos|Discharge|p1a: Tapu Lele\n|-damage|p1a: Tapu Lele|0 fnt\n|faint|p1a: Tapu Lele\n|\n|upkeep\n|\n|t:|1700685082\n|switch|p1a: Sneasler|Sneasler, M|100\/100\n|-enditem|p1a: Sneasler|Psychic Seed\n|-boost|p1a: Sneasler|spd|1|[from] item: Psychic Seed\n|turn|12\n|\n|t:|1700685093\n|move|p1a: Sneasler|Dire Claw|p2a: Zapdos\n|-damage|p2a: Zapdos|16\/100\n|-status|p1a: Sneasler|par|[from] ability: Static|[of] p2a: Zapdos\n|move|p2a: Zapdos|Discharge|p1a: Sneasler\n|-damage|p1a: Sneasler|57\/100 par\n|\n|upkeep\n|turn|13\n|\n|t:|1700685101\n|move|p1a: Sneasler|Dire Claw|p2a: Zapdos\n|-damage|p2a: Zapdos|0 fnt\n|faint|p2a: Zapdos\n|\n|upkeep\n|\n|t:|1700685111\n|switch|p2a: Iron Hands|Iron Hands|100\/100\n|-damage|p2a: Iron Hands|88\/100|[from] Spikes\n|turn|14\n|\n|t:|1700685120\n|move|p1a: Sneasler|Dire Claw|p2a: Iron Hands\n|-damage|p2a: Iron Hands|58\/100\n|move|p2a: Iron Hands|Wild Charge|p1a: Sneasler\n|-damage|p1a: Sneasler|0 fnt\n|faint|p1a: Sneasler\n|-damage|p2a: Iron Hands|49\/100|[from] Recoil\n|\n|-fieldend|move: Psychic Terrain\n|upkeep\n|\n|t:|1700685124\n|switch|p1a: Great Tusk|Great Tusk|78\/100\n|turn|15\n|\n|t:|1700685133\n|move|p1a: Great Tusk|Earthquake|p2a: Iron Hands\n|-supereffective|p2a: Iron Hands\n|-damage|p2a: Iron Hands|0 fnt\n|faint|p2a: Iron Hands\n|-end|p2a: Iron Hands|Quark Drive|[silent]\n|\n|-heal|p1a: Great Tusk|84\/100|[from] item: Leftovers\n|upkeep\n|c|\u2606sampl_txt|gg\n|\n|t:|1700685140\n|switch|p2a: Heatran|Heatran, F|100\/100\n|-damage|p2a: Heatran|88\/100|[from] Spikes\n|turn|16\n|\n|t:|1700685145\n|-zpower|p2a: Heatran\n|move|p2a: Heatran|Bloom Doom|p1a: Great Tusk|[zeffect]\n|-supereffective|p1a: Great Tusk\n|-damage|p1a: Great Tusk|0 fnt\n|faint|p1a: Great Tusk\n|-end|p1a: Great Tusk|Protosynthesis|[silent]\n|\n|upkeep\n|\n|t:|1700685148\n|switch|p1a: Infernape|Infernape, M|100\/100\n|turn|17\n|\n|t:|1700685156\n|move|p1a: Infernape|Close Combat|p2a: Heatran\n|-supereffective|p2a: Heatran\n|-damage|p2a: Heatran|0 fnt\n|-unboost|p1a: Infernape|def|1\n|-unboost|p1a: Infernape|spd|1\n|faint|p2a: Heatran\n|\n|win|sampl_txt\n|raw|sampl_txt's rating: 1597 &rarr; <strong>1620<\/strong><br \/>(+23 for winning)\n|raw|MachPunch93's rating: 1651 &rarr; <strong>1628<\/strong><br \/>(-23 for losing)\n","uploadtime":1700685165,"views":0,"p1id":"sampltxt","p2id":"machpunch93","formatid":"gen9nationaldex","rating":1620,"private":0,"password":""}