{"id":"gen9nationaldex-1989867067","p1":"Oxxo_ntsm","p2":"RiouruK","format":"[Gen 9] National Dex","log":"|j|\u2606Oxxo_ntsm\n|j|\u2606RiouruK\n|t:|1699902339\n|gametype|singles\n|player|p1|Oxxo_ntsm|hilbert-wonderlauncher|\n|player|p2|RiouruK|ghetsis|\n|teamsize|p1|6\n|teamsize|p2|6\n|gen|9\n|tier|[Gen 9] National Dex\n|rule|HP Percentage Mod: HP is shown in percentages\n|rule|Endless Battle Clause: Forcing endless battles is banned\n|rule|OHKO Clause: OHKO moves are banned\n|rule|Evasion Clause: Evasion abilities, items, and moves are banned\n|rule|Evasion Abilities Clause: Evasion abilities are banned\n|rule|Evasion Items Clause: Evasion items are banned\n|rule|Evasion Moves Clause: Evasion moves are banned\n|rule|Species Clause: Limit one of each Pok\u00e9mon\n|rule|Sleep Clause Mod: Limit one foe put to sleep\n|clearpoke\n|poke|p1|Charizard, M|\n|poke|p1|Volcarona, F|\n|poke|p1|Victini|\n|poke|p1|Ceruledge, M|\n|poke|p1|Chandelure, F|\n|poke|p1|Flareon, M|\n|poke|p2|Lucario, M|\n|poke|p2|Iron Valiant|\n|poke|p2|Lopunny, F|\n|poke|p2|Blaziken, M|\n|poke|p2|Urshifu-*, M|\n|poke|p2|Great Tusk|\n|teampreview\n|inactive|Battle timer is ON: inactive players will automatically lose when time's up. (requested by Oxxo_ntsm)\n|\n|t:|1699902357\n|start\n|switch|p1a: Mothra|Volcarona, F|100\/100\n|switch|p2a: Lucario|Lucario, M, shiny|100\/100\n|turn|1\n|\n|t:|1699902371\n|move|p1a: Mothra|Quiver Dance|p1a: Mothra\n|-boost|p1a: Mothra|spa|1\n|-boost|p1a: Mothra|spd|1\n|-boost|p1a: Mothra|spe|1\n|move|p2a: Lucario|Earthquake|p1a: Mothra\n|-damage|p1a: Mothra|31\/100\n|-damage|p2a: Lucario|91\/100|[from] item: Life Orb\n|\n|upkeep\n|turn|2\n|\n|t:|1699902394\n|-terastallize|p1a: Mothra|Ground\n|move|p2a: Lucario|Bullet Punch|p1a: Mothra\n|-damage|p1a: Mothra|0 fnt\n|faint|p1a: Mothra\n|-damage|p2a: Lucario|81\/100|[from] item: Life Orb\n|\n|upkeep\n|\n|t:|1699902407\n|switch|p1a: Shin Chan|Chandelure, F|100\/100\n|turn|3\n|\n|t:|1699902423\n|move|p2a: Lucario|Swords Dance|p2a: Lucario\n|-boost|p2a: Lucario|atk|2\n|move|p1a: Shin Chan|Will-O-Wisp|p2a: Lucario\n|-status|p2a: Lucario|brn\n|\n|-damage|p2a: Lucario|75\/100 brn|[from] brn\n|upkeep\n|turn|4\n|\n|t:|1699902436\n|move|p2a: Lucario|Swords Dance|p2a: Lucario\n|-boost|p2a: Lucario|atk|2\n|move|p1a: Shin Chan|Calm Mind|p1a: Shin Chan\n|-boost|p1a: Shin Chan|spa|1\n|-boost|p1a: Shin Chan|spd|1\n|\n|-damage|p2a: Lucario|68\/100 brn|[from] brn\n|upkeep\n|turn|5\n|\n|t:|1699902445\n|move|p2a: Lucario|Bullet Punch|p1a: Shin Chan\n|-resisted|p1a: Shin Chan\n|-damage|p1a: Shin Chan|79\/100\n|-damage|p2a: Lucario|59\/100 brn|[from] item: Life Orb\n|move|p1a: Shin Chan|Shadow Ball|p2a: Lucario\n|-damage|p2a: Lucario|0 fnt\n|faint|p2a: Lucario\n|\n|-heal|p1a: Shin Chan|85\/100|[from] item: Leftovers\n|upkeep\n|\n|t:|1699902464\n|switch|p2a: Urshifu|Urshifu-Rapid-Strike, M|100\/100\n|turn|6\n|\n|t:|1699902474\n|move|p2a: Urshifu|Surging Strikes|p1a: Shin Chan\n|-supereffective|p1a: Shin Chan\n|-crit|p1a: Shin Chan\n|-damage|p1a: Shin Chan|35\/100\n|-supereffective|p1a: Shin Chan\n|-crit|p1a: Shin Chan\n|-damage|p1a: Shin Chan|0 fnt\n|faint|p1a: Shin Chan\n|-hitcount|p1: Shin Chan|2\n|\n|upkeep\n|\n|t:|1699902483\n|switch|p1a: Nacho|Flareon, M|100\/100\n|turn|7\n|\n|t:|1699902490\n|move|p2a: Urshifu|Swords Dance|p2a: Urshifu\n|-boost|p2a: Urshifu|atk|2\n|move|p1a: Nacho|Toxic|p2a: Urshifu\n|-status|p2a: Urshifu|tox\n|\n|-damage|p2a: Urshifu|94\/100 tox|[from] psn\n|upkeep\n|turn|8\n|\n|t:|1699902498\n|move|p2a: Urshifu|Surging Strikes|p1a: Nacho\n|-supereffective|p1a: Nacho\n|-crit|p1a: Nacho\n|-damage|p1a: Nacho|0 fnt\n|faint|p1a: Nacho\n|-hitcount|p1: Nacho|1\n|\n|-damage|p2a: Urshifu|82\/100 tox|[from] psn\n|upkeep\n|\n|t:|1699902508\n|switch|p1a: Destripachorizo|Charizard, M, shiny|100\/100\n|turn|9\n|inactive|RiouruK has 270 seconds left.\n|\n|t:|1699902539\n|detailschange|p1a: Destripachorizo|Charizard-Mega-Y, M, shiny\n|-mega|p1a: Destripachorizo|Charizard|Charizardite Y\n|-weather|SunnyDay|[from] ability: Drought|[of] p1a: Destripachorizo\n|move|p1a: Destripachorizo|Solar Beam||[still]\n|-prepare|p1a: Destripachorizo|Solar Beam\n|-anim|p1a: Destripachorizo|Solar Beam|p2a: Urshifu\n|-supereffective|p2a: Urshifu\n|-damage|p2a: Urshifu|0 fnt\n|faint|p2a: Urshifu\n|\n|-weather|SunnyDay|[upkeep]\n|upkeep\n|inactive|RiouruK has 270 seconds left.\n|\n|t:|1699902546\n|switch|p2a: Blaziken|Blaziken, M|100\/100\n|turn|10\n|\n|t:|1699902556\n|move|p2a: Blaziken|Protect|p2a: Blaziken\n|-singleturn|p2a: Blaziken|Protect\n|move|p1a: Destripachorizo|Air Slash|p2a: Blaziken\n|-activate|p2a: Blaziken|move: Protect\n|\n|-weather|SunnyDay|[upkeep]\n|-ability|p2a: Blaziken|Speed Boost|boost\n|-boost|p2a: Blaziken|spe|1\n|upkeep\n|turn|11\n|\n|t:|1699902569\n|move|p2a: Blaziken|Swords Dance|p2a: Blaziken\n|-boost|p2a: Blaziken|atk|2\n|move|p1a: Destripachorizo|Air Slash|p2a: Blaziken\n|-supereffective|p2a: Blaziken\n|-damage|p2a: Blaziken|0 fnt\n|faint|p2a: Blaziken\n|\n|-weather|SunnyDay|[upkeep]\n|upkeep\n|\n|t:|1699902576\n|switch|p2a: Great Tusk|Great Tusk|100\/100\n|-activate|p2a: Great Tusk|ability: Protosynthesis\n|-start|p2a: Great Tusk|protosynthesisspe\n|turn|12\n|\n|t:|1699902587\n|-terastallize|p2a: Great Tusk|Ground\n|move|p2a: Great Tusk|Headlong Rush|p1a: Destripachorizo\n|-immune|p1a: Destripachorizo\n|move|p1a: Destripachorizo|Solar Beam||[still]\n|-prepare|p1a: Destripachorizo|Solar Beam\n|-anim|p1a: Destripachorizo|Solar Beam|p2a: Great Tusk\n|-supereffective|p2a: Great Tusk\n|-damage|p2a: Great Tusk|0 fnt\n|faint|p2a: Great Tusk\n|-end|p2a: Great Tusk|Protosynthesis|[silent]\n|\n|-weather|SunnyDay|[upkeep]\n|upkeep\n|inactive|RiouruK has 270 seconds left.\n|\n|t:|1699902601\n|switch|p2a: Lopunny|Lopunny, F|100\/100\n|turn|13\n|inactive|RiouruK has 270 seconds left.\n|\n|t:|1699902612\n|detailschange|p2a: Lopunny|Lopunny-Mega, F\n|-mega|p2a: Lopunny|Lopunny|Lopunnite\n|move|p2a: Lopunny|Fake Out|p1a: Destripachorizo\n|-damage|p1a: Destripachorizo|70\/100\n|cant|p1a: Destripachorizo|flinch\n|\n|-weather|none\n|upkeep\n|turn|14\n|inactive|RiouruK has 270 seconds left.\n|\n|t:|1699902624\n|move|p2a: Lopunny|Close Combat|p1a: Destripachorizo\n|-resisted|p1a: Destripachorizo\n|-damage|p1a: Destripachorizo|21\/100\n|-unboost|p2a: Lopunny|def|1\n|-unboost|p2a: Lopunny|spd|1\n|move|p1a: Destripachorizo|Ancient Power|p2a: Lopunny\n|-resisted|p2a: Lopunny\n|-damage|p2a: Lopunny|77\/100\n|\n|upkeep\n|turn|15\n|\n|t:|1699902634\n|switch|p1a: Anakin|Ceruledge, M|100\/100\n|move|p2a: Lopunny|Quick Attack|p1a: Anakin\n|-damage|p1a: Anakin|68\/100\n|-ability|p1a: Anakin|Weak Armor|boost\n|-unboost|p1a: Anakin|def|1\n|-boost|p1a: Anakin|spe|2\n|\n|upkeep\n|turn|16\n|\n|t:|1699902645\n|move|p1a: Anakin|Bitter Blade|p2a: Lopunny\n|-damage|p2a: Lopunny|0 fnt\n|-heal|p1a: Anakin|100\/100|[from] drain|[of] p2a: Lopunny\n|faint|p2a: Lopunny\n|\n|upkeep\n|\n|t:|1699902652\n|switch|p2a: We|Iron Valiant|100\/100\n|turn|17\n|\n|t:|1699902661\n|move|p1a: Anakin|Swords Dance|p1a: Anakin\n|-boost|p1a: Anakin|atk|2\n|move|p2a: We|Knock Off|p1a: Anakin\n|-supereffective|p1a: Anakin\n|-damage|p1a: Anakin|2\/100\n|-ability|p1a: Anakin|Weak Armor|boost\n|-unboost|p1a: Anakin|def|1\n|-boost|p1a: Anakin|spe|2\n|-enditem|p1a: Anakin|Expert Belt|[from] move: Knock Off|[of] p2a: We\n|\n|upkeep\n|turn|18\n|\n|t:|1699902673\n|move|p1a: Anakin|Bitter Blade|p2a: We\n|-damage|p2a: We|0 fnt\n|-heal|p1a: Anakin|51\/100|[from] drain|[of] p2a: We\n|faint|p2a: We\n|-end|p2a: We|Quark Drive|[silent]\n|\n|win|Oxxo_ntsm\n|c|\u2606Oxxo_ntsm|gg\n|l|\u2606RiouruK\n","uploadtime":1699902684,"views":6,"p1id":"oxxontsm","p2id":"riouruk","formatid":"gen9nationaldex","rating":0,"private":0,"password":""}