{"id":"gen9nationaldex-1995705641","p1":"JamesH133","p2":"zeonteo","format":"[Gen 9] National Dex","log":"|html|<div class=\"broadcast-blue\"><strong>[Gen 9] National Dex is currently suspecting Sneasler! For information on how to participate check out the <a href=\"https:\/\/www.smogon.com\/forums\/threads\/sv-national-dex-suspect-8-just-dance.3731534\/\">suspect thread<\/a>.<\/strong><\/div>\n|j|\u2606JamesH133\n|j|\u2606zeonteo\n|t:|1700595587\n|gametype|singles\n|player|p1|JamesH133|blue|1299\n|player|p2|zeonteo|pokemonranger-gen4|1343\n|teamsize|p1|6\n|teamsize|p2|6\n|gen|9\n|tier|[Gen 9] National Dex\n|rated|\n|rule|HP Percentage Mod: HP is shown in percentages\n|rule|Endless Battle Clause: Forcing endless battles is banned\n|rule|OHKO Clause: OHKO moves are banned\n|rule|Evasion Clause: Evasion abilities, items, and moves are banned\n|rule|Evasion Abilities Clause: Evasion abilities are banned\n|rule|Evasion Items Clause: Evasion items are banned\n|rule|Evasion Moves Clause: Evasion moves are banned\n|rule|Species Clause: Limit one of each Pok\u00e9mon\n|rule|Sleep Clause Mod: Limit one foe put to sleep\n|clearpoke\n|poke|p1|Blaziken, M|\n|poke|p1|Jolteon, M|\n|poke|p1|Corviknight, M|\n|poke|p1|Decidueye-Hisui, M|\n|poke|p1|Masquerain, M|\n|poke|p1|Lopunny, F|\n|poke|p2|Raichu-Alola, M|\n|poke|p2|Tapu Koko|\n|poke|p2|Iron Hands|\n|poke|p2|Iron Jugulis|\n|poke|p2|Iron Treads|\n|poke|p2|Iron Moth|\n|teampreview\n|inactive|Battle timer is ON: inactive players will automatically lose when time's up. (requested by JamesH133)\n|inactive|zeonteo also wants the timer to be on.\n|\n|t:|1700595602\n|start\n|switch|p1a: Twitch|Jolteon, M|100\/100\n|switch|p2a: MADNESS|Tapu Koko|100\/100\n|-fieldstart|move: Electric Terrain|[from] ability: Electric Surge|[of] p2a: MADNESS\n|turn|1\n|\n|t:|1700595610\n|switch|p2a: ELEPHANTZ|Iron Treads|100\/100\n|-activate|p2a: ELEPHANTZ|ability: Quark Drive\n|-start|p2a: ELEPHANTZ|quarkdriveatk\n|move|p1a: Twitch|Calm Mind|p1a: Twitch\n|-boost|p1a: Twitch|spa|1\n|-boost|p1a: Twitch|spd|1\n|\n|-status|p1a: Twitch|brn|[from] item: Flame Orb\n|upkeep\n|turn|2\n|\n|t:|1700595620\n|move|p1a: Twitch|Tera Blast|p2a: ELEPHANTZ\n|-resisted|p2a: ELEPHANTZ\n|-damage|p2a: ELEPHANTZ|74\/100\n|move|p2a: ELEPHANTZ|Rapid Spin|p1a: Twitch\n|-damage|p1a: Twitch|56\/100 brn\n|-boost|p2a: ELEPHANTZ|spe|1\n|\n|-damage|p1a: Twitch|50\/100 brn|[from] brn\n|upkeep\n|turn|3\n|\n|t:|1700595631\n|move|p1a: Twitch|Tera Blast|p2a: ELEPHANTZ\n|-resisted|p2a: ELEPHANTZ\n|-damage|p2a: ELEPHANTZ|44\/100\n|move|p2a: ELEPHANTZ|Rapid Spin|p1a: Twitch\n|-damage|p1a: Twitch|10\/100 brn\n|-boost|p2a: ELEPHANTZ|spe|1\n|\n|-damage|p1a: Twitch|4\/100 brn|[from] brn\n|upkeep\n|turn|4\n|\n|t:|1700595644\n|move|p2a: ELEPHANTZ|Ice Spinner|p1a: Twitch\n|-damage|p1a: Twitch|0 fnt\n|-fieldend|move: Electric Terrain\n|-end|p2a: ELEPHANTZ|Quark Drive\n|-enditem|p2a: ELEPHANTZ|Booster Energy\n|-activate|p2a: ELEPHANTZ|ability: Quark Drive|[fromitem]\n|-start|p2a: ELEPHANTZ|quarkdrivespe\n|faint|p1a: Twitch\n|\n|upkeep\n|\n|t:|1700595657\n|switch|p1a: Masquerain|Masquerain, M|100\/100\n|-ability|p1a: Masquerain|Intimidate|boost\n|-unboost|p2a: ELEPHANTZ|atk|1\n|turn|5\n|\n|t:|1700595668\n|move|p2a: ELEPHANTZ|Ice Spinner|p1a: Masquerain\n|-supereffective|p1a: Masquerain\n|-damage|p1a: Masquerain|33\/100\n|move|p1a: Masquerain|Giga Drain|p2a: ELEPHANTZ\n|-damage|p2a: ELEPHANTZ|15\/100\n|-heal|p1a: Masquerain|50\/100|[from] drain|[of] p2a: ELEPHANTZ\n|\n|upkeep\n|turn|6\n|\n|t:|1700595676\n|switch|p1a: Orvy|Corviknight, M, shiny|100\/100\n|-ability|p1a: Orvy|Pressure\n|move|p2a: ELEPHANTZ|Ice Spinner|p1a: Orvy\n|-damage|p1a: Orvy|84\/100\n|\n|upkeep\n|turn|7\n|\n|t:|1700595692\n|-end|p2a: ELEPHANTZ|Quark Drive|[silent]\n|switch|p2a: MADNESS|Tapu Koko|100\/100\n|-fieldstart|move: Electric Terrain|[from] ability: Electric Surge|[of] p2a: MADNESS\n|move|p1a: Orvy|Bulk Up|p1a: Orvy\n|-boost|p1a: Orvy|atk|1\n|-boost|p1a: Orvy|def|1\n|\n|upkeep\n|turn|8\n|\n|t:|1700595704\n|move|p2a: MADNESS|Discharge|p1a: Orvy\n|-supereffective|p1a: Orvy\n|-damage|p1a: Orvy|22\/100\n|-enditem|p1a: Orvy|Weakness Policy\n|-boost|p1a: Orvy|atk|2|[from] item: Weakness Policy\n|-boost|p1a: Orvy|spa|2|[from] item: Weakness Policy\n|move|p1a: Orvy|Bulk Up|p1a: Orvy\n|-boost|p1a: Orvy|atk|1\n|-boost|p1a: Orvy|def|1\n|\n|upkeep\n|turn|9\n|\n|t:|1700595714\n|move|p2a: MADNESS|Volt Switch|p1a: Orvy\n|-supereffective|p1a: Orvy\n|-damage|p1a: Orvy|0 fnt\n|faint|p1a: Orvy\n|\n|t:|1700595720\n|switch|p2a: ELEPHANTZ|Iron Treads|15\/100|[from] Volt Switch\n|-activate|p2a: ELEPHANTZ|ability: Quark Drive\n|-start|p2a: ELEPHANTZ|quarkdriveatk\n|\n|upkeep\n|\n|t:|1700595725\n|switch|p1a: Masquerain|Masquerain, M|50\/100\n|-ability|p1a: Masquerain|Intimidate|boost\n|-unboost|p2a: ELEPHANTZ|atk|1\n|turn|10\n|\n|t:|1700595731\n|move|p2a: ELEPHANTZ|Rapid Spin|p1a: Masquerain\n|-damage|p1a: Masquerain|22\/100\n|-boost|p2a: ELEPHANTZ|spe|1\n|move|p1a: Masquerain|Giga Drain|p2a: ELEPHANTZ\n|-damage|p2a: ELEPHANTZ|0 fnt\n|-heal|p1a: Masquerain|30\/100|[from] drain|[of] p2a: ELEPHANTZ\n|faint|p2a: ELEPHANTZ\n|-end|p2a: ELEPHANTZ|Quark Drive|[silent]\n|\n|upkeep\n|\n|t:|1700595745\n|switch|p2a: DARKRAICHU|Raichu-Alola, M|100\/100\n|turn|11\n|\n|t:|1700595751\n|switch|p1a: Samurai|Decidueye-Hisui, M|100\/100\n|move|p2a: DARKRAICHU|Rising Voltage|p1a: Samurai\n|-hint|Rising Voltage's BP doubled on grounded target.\n|-resisted|p1a: Samurai\n|-damage|p1a: Samurai|63\/100\n|\n|-fieldend|move: Electric Terrain\n|upkeep\n|turn|12\n|\n|t:|1700595765\n|switch|p2a: HEXAGON|Iron Moth|100\/100\n|-enditem|p2a: HEXAGON|Booster Energy\n|-activate|p2a: HEXAGON|ability: Quark Drive|[fromitem]\n|-start|p2a: HEXAGON|quarkdrivespe\n|move|p1a: Samurai|Shadow Sneak|p2a: HEXAGON\n|-damage|p2a: HEXAGON|80\/100\n|\n|upkeep\n|turn|13\n|\n|t:|1700595773\n|move|p2a: HEXAGON|Fiery Dance|p1a: Samurai\n|-supereffective|p1a: Samurai\n|-damage|p1a: Samurai|0 fnt\n|faint|p1a: Samurai\n|\n|upkeep\n|\n|t:|1700595779\n|switch|p1a: Lopunny|Lopunny, F|100\/100\n|turn|14\n|\n|t:|1700595783\n|move|p1a: Lopunny|Fake Out|p2a: HEXAGON\n|-damage|p2a: HEXAGON|58\/100\n|cant|p2a: HEXAGON|flinch\n|\n|upkeep\n|turn|15\n|\n|t:|1700595801\n|switch|p1a: Masquerain|Masquerain, M|30\/100\n|-ability|p1a: Masquerain|Intimidate|boost\n|-unboost|p2a: HEXAGON|atk|1\n|move|p2a: HEXAGON|Fiery Dance|p1a: Masquerain\n|-supereffective|p1a: Masquerain\n|-damage|p1a: Masquerain|0 fnt\n|-boost|p2a: HEXAGON|spa|1\n|faint|p1a: Masquerain\n|\n|upkeep\n|\n|t:|1700595810\n|switch|p1a: Lopunny|Lopunny, F|100\/100\n|turn|16\n|\n|t:|1700595815\n|detailschange|p1a: Lopunny|Lopunny-Mega, F\n|-mega|p1a: Lopunny|Lopunny|Lopunnite\n|move|p1a: Lopunny|Fake Out|p2a: HEXAGON\n|-damage|p2a: HEXAGON|23\/100\n|cant|p2a: HEXAGON|flinch\n|\n|upkeep\n|turn|17\n|\n|t:|1700595823\n|move|p2a: HEXAGON|Fiery Dance|p1a: Lopunny\n|-damage|p1a: Lopunny|21\/100\n|-boost|p2a: HEXAGON|spa|1\n|move|p1a: Lopunny|Drain Punch|p2a: HEXAGON\n|-resisted|p2a: HEXAGON\n|-damage|p2a: HEXAGON|0 fnt\n|-heal|p1a: Lopunny|35\/100|[from] drain|[of] p2a: HEXAGON\n|faint|p2a: HEXAGON\n|-end|p2a: HEXAGON|Quark Drive|[silent]\n|\n|upkeep\n|\n|t:|1700595842\n|switch|p2a: HYDREIGONZ|Iron Jugulis|100\/100\n|-enditem|p2a: HYDREIGONZ|Booster Energy\n|-activate|p2a: HYDREIGONZ|ability: Quark Drive|[fromitem]\n|-start|p2a: HYDREIGONZ|quarkdrivespe\n|turn|18\n|\n|t:|1700595848\n|move|p2a: HYDREIGONZ|Earth Power|p1a: Lopunny\n|-damage|p1a: Lopunny|0 fnt\n|faint|p1a: Lopunny\n|\n|upkeep\n|\n|t:|1700595851\n|switch|p1a: Blaziken|Blaziken, M|100\/100\n|turn|19\n|\n|t:|1700595856\n|move|p2a: HYDREIGONZ|Earth Power|p1a: Blaziken\n|-supereffective|p1a: Blaziken\n|-damage|p1a: Blaziken|4\/100\n|move|p1a: Blaziken|Thunder Punch|p2a: HYDREIGONZ\n|-supereffective|p2a: HYDREIGONZ\n|-damage|p2a: HYDREIGONZ|35\/100\n|\n|-ability|p1a: Blaziken|Speed Boost|boost\n|-boost|p1a: Blaziken|spe|1\n|upkeep\n|turn|20\n|\n|t:|1700595868\n|move|p2a: HYDREIGONZ|Earth Power|p1a: Blaziken\n|-supereffective|p1a: Blaziken\n|-damage|p1a: Blaziken|0 fnt\n|faint|p1a: Blaziken\n|\n|win|zeonteo\n|raw|JamesH133's rating: 1299 &rarr; <strong>1277<\/strong><br \/>(-22 for losing)\n|raw|zeonteo's rating: 1343 &rarr; <strong>1360<\/strong><br \/>(+17 for winning)\n|l|\u2606JamesH133\n","uploadtime":1700595875,"views":8,"p1id":"jamesh133","p2id":"zeonteo","formatid":"gen9nationaldex","rating":1277,"private":0,"password":""}