{"id":"gen9nationaldex-1988637488","p1":"Random Teamz 01","p2":"DiamondDragonic","format":"[Gen 9] National Dex","log":"|j|\u2606Random Teamz 01\n|j|\u2606DiamondDragonic\n|t:|1699744772\n|gametype|singles\n|player|p1|Random Teamz 01|cress|1040\n|player|p2|DiamondDragonic|n|1043\n|teamsize|p1|6\n|teamsize|p2|6\n|gen|9\n|tier|[Gen 9] National Dex\n|rated|\n|rule|HP Percentage Mod: HP is shown in percentages\n|rule|Endless Battle Clause: Forcing endless battles is banned\n|rule|OHKO Clause: OHKO moves are banned\n|rule|Evasion Clause: Evasion abilities, items, and moves are banned\n|rule|Evasion Abilities Clause: Evasion abilities are banned\n|rule|Evasion Items Clause: Evasion items are banned\n|rule|Evasion Moves Clause: Evasion moves are banned\n|rule|Species Clause: Limit one of each Pok\u00e9mon\n|rule|Sleep Clause Mod: Limit one foe put to sleep\n|clearpoke\n|poke|p1|Spiritomb, F|\n|poke|p1|Slaking, M|\n|poke|p1|Exeggutor-Alola, F|\n|poke|p1|Galvantula, F|\n|poke|p1|Sinistcha-Masterpiece|\n|poke|p1|Rapidash, F|\n|poke|p2|Aggron, F|\n|poke|p2|Kartana|\n|poke|p2|Araquanid, M|\n|poke|p2|Espeon, M|\n|poke|p2|Tapu Koko|\n|poke|p2|Malamar, F|\n|teampreview\n|\n|t:|1699744780\n|start\n|switch|p1a: Spiritomb|Spiritomb, F|100\/100\n|switch|p2a: Araquanid|Araquanid, M|100\/100\n|turn|1\n|\n|t:|1699744787\n|move|p2a: Araquanid|Liquidation|p1a: Spiritomb\n|-crit|p1a: Spiritomb\n|-damage|p1a: Spiritomb|0 fnt\n|-damage|p2a: Araquanid|84\/100|[from] item: Rocky Helmet|[of] p1a: Spiritomb\n|faint|p1a: Spiritomb\n|\n|upkeep\n|\n|t:|1699744804\n|switch|p1a: Slaking|Slaking, M|100\/100\n|turn|2\n|\n|t:|1699744809\n|move|p1a: Slaking|Giga Impact|p2a: Araquanid\n|-damage|p2a: Araquanid|0 fnt\n|-mustrecharge|p1a: Slaking\n|faint|p2a: Araquanid\n|\n|upkeep\n|\n|t:|1699744814\n|switch|p2a: Kartana|Kartana|100\/100\n|turn|3\n|\n|t:|1699744825\n|move|p2a: Kartana|Sacred Sword|p1a: Slaking\n|-supereffective|p1a: Slaking\n|-damage|p1a: Slaking|39\/100\n|cant|p1a: Slaking|recharge\n|\n|upkeep\n|turn|4\n|\n|t:|1699744830\n|switch|p1a: Sinistcha|Sinistcha-Masterpiece|100\/100\n|move|p2a: Kartana|Sacred Sword|p1a: Sinistcha\n|-immune|p1a: Sinistcha\n|\n|upkeep\n|turn|5\n|\n|t:|1699744836\n|move|p2a: Kartana|Psycho Cut|p1a: Sinistcha\n|-crit|p1a: Sinistcha\n|-damage|p1a: Sinistcha|55\/100\n|move|p1a: Sinistcha|Strength Sap|p2a: Kartana\n|-unboost|p2a: Kartana|atk|1\n|-heal|p1a: Sinistcha|100\/100\n|\n|upkeep\n|turn|6\n|\n|t:|1699744853\n|move|p2a: Kartana|Leaf Blade|p1a: Sinistcha\n|-resisted|p1a: Sinistcha\n|-damage|p1a: Sinistcha|81\/100\n|move|p1a: Sinistcha|Night Shade|p2a: Kartana\n|-damage|p2a: Kartana|62\/100\n|\n|-heal|p1a: Sinistcha|87\/100|[from] item: Leftovers\n|upkeep\n|turn|7\n|\n|t:|1699744861\n|switch|p2a: Malamar|Malamar, F|100\/100\n|move|p1a: Sinistcha|Night Shade|p2a: Malamar\n|-damage|p2a: Malamar|74\/100\n|\n|-heal|p1a: Sinistcha|93\/100|[from] item: Leftovers\n|upkeep\n|turn|8\n|\n|t:|1699744869\n|move|p1a: Sinistcha|Matcha Gotcha|p2a: Malamar\n|-damage|p2a: Malamar|26\/100\n|-heal|p1a: Sinistcha|100\/100|[from] drain|[of] p2a: Malamar\n|move|p2a: Malamar|Lash Out|p1a: Sinistcha\n|-supereffective|p1a: Sinistcha\n|-damage|p1a: Sinistcha|52\/100\n|\n|-heal|p1a: Sinistcha|58\/100|[from] item: Leftovers\n|upkeep\n|turn|9\n|\n|t:|1699744879\n|move|p1a: Sinistcha|Strength Sap|p2a: Malamar\n|-unboost|p2a: Malamar|atk|1\n|-heal|p1a: Sinistcha|100\/100\n|move|p2a: Malamar|Dark Pulse|p1a: Sinistcha\n|-supereffective|p1a: Sinistcha\n|-damage|p1a: Sinistcha|9\/100\n|\n|-heal|p1a: Sinistcha|15\/100|[from] item: Leftovers\n|upkeep\n|turn|10\n|\n|t:|1699744890\n|move|p1a: Sinistcha|Matcha Gotcha|p2a: Malamar\n|-damage|p2a: Malamar|0 fnt\n|-heal|p1a: Sinistcha|32\/100|[from] drain|[of] p2a: Malamar\n|faint|p2a: Malamar\n|\n|-heal|p1a: Sinistcha|38\/100|[from] item: Leftovers\n|upkeep\n|\n|t:|1699744900\n|switch|p2a: Tapu Koko|Tapu Koko|100\/100\n|-fieldstart|move: Electric Terrain|[from] ability: Electric Surge|[of] p2a: Tapu Koko\n|-enditem|p2a: Tapu Koko|Electric Seed\n|-boost|p2a: Tapu Koko|def|1|[from] item: Electric Seed\n|turn|11\n|\n|t:|1699744915\n|move|p2a: Tapu Koko|Dazzling Gleam|p1a: Sinistcha\n|-damage|p1a: Sinistcha|0 fnt\n|faint|p1a: Sinistcha\n|\n|upkeep\n|\n|t:|1699744922\n|switch|p1a: Rapidash|Rapidash, F|100\/100\n|turn|12\n|\n|t:|1699744938\n|move|p2a: Tapu Koko|Volt Switch|p1a: Rapidash\n|-crit|p1a: Rapidash\n|-damage|p1a: Rapidash|9\/100\n|\n|t:|1699744943\n|switch|p2a: Aggron|Aggron, F|100\/100|[from] Volt Switch\n|move|p1a: Rapidash|High Horsepower|p2a: Aggron\n|-supereffective|p2a: Aggron\n|-damage|p2a: Aggron|20\/100\n|\n|upkeep\n|turn|13\n|\n|t:|1699744953\n|switch|p2a: Kartana|Kartana|62\/100\n|move|p1a: Rapidash|High Horsepower|p2a: Kartana\n|-damage|p2a: Kartana|19\/100\n|\n|upkeep\n|turn|14\n|\n|t:|1699744960\n|move|p2a: Kartana|Sacred Sword|p1a: Rapidash\n|-damage|p1a: Rapidash|0 fnt\n|faint|p1a: Rapidash\n|-ability|p2a: Kartana|Beast Boost|boost\n|-boost|p2a: Kartana|atk|1\n|\n|upkeep\n|\n|t:|1699744974\n|switch|p1a: Galvantula|Galvantula, F|100\/100\n|turn|15\n|\n|t:|1699744984\n|move|p2a: Kartana|Sacred Sword|p1a: Galvantula\n|-resisted|p1a: Galvantula\n|-damage|p1a: Galvantula|45\/100\n|move|p1a: Galvantula|Bug Buzz|p2a: Kartana\n|-damage|p2a: Kartana|0 fnt\n|faint|p2a: Kartana\n|\n|-fieldend|move: Electric Terrain\n|upkeep\n|\n|t:|1699744991\n|switch|p2a: Tapu Koko|Tapu Koko|100\/100\n|-fieldstart|move: Electric Terrain|[from] ability: Electric Surge|[of] p2a: Tapu Koko\n|turn|16\n|\n|t:|1699744997\n|move|p1a: Galvantula|Sticky Web|p2a: Tapu Koko\n|-sidestart|p2: DiamondDragonic|move: Sticky Web\n|move|p2a: Tapu Koko|Roar|p1a: Galvantula\n|drag|p1a: Slaking|Slaking, M|39\/100\n|\n|upkeep\n|turn|17\n|\n|t:|1699745008\n|move|p2a: Tapu Koko|Dazzling Gleam|p1a: Slaking\n|-damage|p1a: Slaking|2\/100\n|move|p1a: Slaking|Giga Impact|p2a: Tapu Koko\n|-damage|p2a: Tapu Koko|0 fnt\n|-mustrecharge|p1a: Slaking\n|faint|p2a: Tapu Koko\n|\n|upkeep\n|\n|t:|1699745014\n|switch|p2a: Espeon|Espeon, M|100\/100\n|-activate|p2a: Espeon|move: Sticky Web\n|-unboost|p2a: Espeon|spe|1\n|turn|18\n|\n|t:|1699745019\n|cant|p1a: Slaking|recharge\n|-zpower|p2a: Espeon\n|move|p2a: Espeon|Z-Celebrate|p2a: Espeon|[anim]Celebrate\n|-boost|p2a: Espeon|atk|1|[zeffect]\n|-boost|p2a: Espeon|def|1|[zeffect]\n|-boost|p2a: Espeon|spa|1|[zeffect]\n|-boost|p2a: Espeon|spd|1|[zeffect]\n|-boost|p2a: Espeon|spe|1|[zeffect]\n|-activate|p2a: Espeon|move: Celebrate\n|\n|upkeep\n|turn|19\n|\n|t:|1699745029\n|move|p2a: Espeon|Stored Power|p1a: Slaking\n|-damage|p1a: Slaking|0 fnt\n|faint|p1a: Slaking\n|\n|upkeep\n|\n|t:|1699745033\n|switch|p1a: Exeggutor|Exeggutor-Alola, F|100\/100\n|turn|20\n|\n|t:|1699745044\n|-terastallize|p1a: Exeggutor|Steel\n|move|p2a: Espeon|Stored Power|p1a: Exeggutor\n|-resisted|p1a: Exeggutor\n|-damage|p1a: Exeggutor|67\/100\n|move|p1a: Exeggutor|Energy Ball|p2a: Espeon\n|-damage|p2a: Espeon|44\/100\n|\n|-fieldend|move: Electric Terrain\n|upkeep\n|turn|21\n|\n|t:|1699745053\n|move|p2a: Espeon|Substitute|p2a: Espeon\n|-start|p2a: Espeon|Substitute\n|-damage|p2a: Espeon|19\/100\n|move|p1a: Exeggutor|Energy Ball|p2a: Espeon\n|-end|p2a: Espeon|Substitute\n|\n|upkeep\n|turn|22\n|\n|t:|1699745058\n|move|p2a: Espeon|Stored Power|p1a: Exeggutor\n|-resisted|p1a: Exeggutor\n|-damage|p1a: Exeggutor|34\/100\n|move|p1a: Exeggutor|Energy Ball|p2a: Espeon\n|-damage|p2a: Espeon|0 fnt\n|faint|p2a: Espeon\n|\n|upkeep\n|\n|t:|1699745065\n|switch|p2a: Aggron|Aggron, F|20\/100\n|-activate|p2a: Aggron|move: Sticky Web\n|-unboost|p2a: Aggron|spe|1\n|turn|23\n|\n|t:|1699745070\n|detailschange|p2a: Aggron|Aggron-Mega, F\n|-mega|p2a: Aggron|Aggron|Aggronite\n|move|p1a: Exeggutor|Energy Ball|p2a: Aggron\n|-resisted|p2a: Aggron\n|-damage|p2a: Aggron|0 fnt\n|faint|p2a: Aggron\n|\n|win|Random Teamz 01\n|raw|Random Teamz 01's rating: 1040 &rarr; <strong>1074<\/strong><br \/>(+34 for winning)\n|raw|DiamondDragonic's rating: 1043 &rarr; <strong>1026<\/strong><br \/>(-17 for losing)\n|c|\u2606Random Teamz 01|Gg\n|l|\u2606DiamondDragonic\n","uploadtime":1699745087,"views":4,"p1id":"randomteamz01","p2id":"diamonddragonic","formatid":"gen9nationaldex","rating":1026,"private":0,"password":""}