{"id":"gen9nationaldex-1992389717","p1":"Kuzwa","p2":"Soundz2","format":"[Gen 9] National Dex","log":"|j|\u2606Kuzwa\n|j|\u2606Soundz2\n|t:|1700181961\n|gametype|singles\n|player|p1|Kuzwa|swimmer-gen7|1321\n|player|p2|Soundz2|bellelba|1340\n|teamsize|p1|6\n|teamsize|p2|6\n|gen|9\n|tier|[Gen 9] National Dex\n|rated|\n|rule|HP Percentage Mod: HP is shown in percentages\n|rule|Endless Battle Clause: Forcing endless battles is banned\n|rule|OHKO Clause: OHKO moves are banned\n|rule|Evasion Clause: Evasion abilities, items, and moves are banned\n|rule|Evasion Abilities Clause: Evasion abilities are banned\n|rule|Evasion Items Clause: Evasion items are banned\n|rule|Evasion Moves Clause: Evasion moves are banned\n|rule|Species Clause: Limit one of each Pok\u00e9mon\n|rule|Sleep Clause Mod: Limit one foe put to sleep\n|clearpoke\n|poke|p1|Kartana|\n|poke|p1|Weavile, M|\n|poke|p1|Ogerpon-Wellspring, F|\n|poke|p1|Zeraora|\n|poke|p1|Glimmora, M|\n|poke|p1|Blaziken, M|\n|poke|p2|Beedrill, M|\n|poke|p2|Lycanroc, M|\n|poke|p2|Great Tusk|\n|poke|p2|Tapu Lele|\n|poke|p2|Volcarona, M|\n|poke|p2|Weavile, M|\n|teampreview\n|inactive|Battle timer is ON: inactive players will automatically lose when time's up. (requested by Soundz2)\n|\n|t:|1700181972\n|start\n|switch|p1a: thing|Glimmora, M|100\/100\n|switch|p2a: Great Tusk|Great Tusk|100\/100\n|-item|p1a: thing|Air Balloon\n|turn|1\n|\n|t:|1700181977\n|move|p2a: Great Tusk|Close Combat|p1a: thing\n|-damage|p1a: thing|22\/100\n|-unboost|p2a: Great Tusk|def|1\n|-unboost|p2a: Great Tusk|spd|1\n|-activate|p1a: thing|ability: Toxic Debris\n|-sidestart|p2: Soundz2|move: Toxic Spikes\n|-enditem|p1a: thing|Air Balloon\n|move|p1a: thing|Earth Power|p2a: Great Tusk\n|-damage|p2a: Great Tusk|23\/100\n|\n|upkeep\n|turn|2\n|\n|t:|1700181983\n|move|p2a: Great Tusk|Rapid Spin|p1a: thing\n|-resisted|p1a: thing\n|-damage|p1a: thing|12\/100\n|-boost|p2a: Great Tusk|spe|1\n|-activate|p1a: thing|ability: Toxic Debris\n|-sidestart|p2: Soundz2|move: Toxic Spikes\n|-sideend|p2: Soundz2|Toxic Spikes|[from] move: Rapid Spin|[of] p2a: Great Tusk\n|move|p1a: thing|Earth Power|p2a: Great Tusk\n|-damage|p2a: Great Tusk|0 fnt\n|faint|p2a: Great Tusk\n|-end|p2a: Great Tusk|Protosynthesis|[silent]\n|\n|upkeep\n|\n|t:|1700181986\n|switch|p2a: Beedrill|Beedrill, M|100\/100\n|turn|3\n|\n|t:|1700181992\n|detailschange|p2a: Beedrill|Beedrill-Mega, M\n|-mega|p2a: Beedrill|Beedrill|Beedrillite\n|move|p2a: Beedrill|Fell Stinger|p1a: thing\n|-resisted|p1a: thing\n|-damage|p1a: thing|0 fnt\n|-activate|p1a: thing|ability: Toxic Debris\n|-sidestart|p2: Soundz2|move: Toxic Spikes\n|faint|p1a: thing\n|-boost|p2a: Beedrill|atk|3\n|\n|upkeep\n|\n|t:|1700181995\n|switch|p1a: Akihiko Sanada|Blaziken, M, shiny|100\/100\n|turn|4\n|\n|t:|1700182003\n|move|p2a: Beedrill|Drill Run|p1a: Akihiko Sanada\n|-supereffective|p1a: Akihiko Sanada\n|-enditem|p1a: Akihiko Sanada|Focus Sash\n|-damage|p1a: Akihiko Sanada|1\/100\n|move|p1a: Akihiko Sanada|Fire Punch|p2a: Beedrill\n|-supereffective|p2a: Beedrill\n|-damage|p2a: Beedrill|0 fnt\n|faint|p2a: Beedrill\n|\n|-ability|p1a: Akihiko Sanada|Speed Boost|boost\n|-boost|p1a: Akihiko Sanada|spe|1\n|upkeep\n|\n|t:|1700182015\n|switch|p2a: Lycanroc|Lycanroc, M|100\/100\n|-status|p2a: Lycanroc|psn\n|turn|5\n|\n|t:|1700182019\n|move|p1a: Akihiko Sanada|Protect|p1a: Akihiko Sanada\n|-singleturn|p1a: Akihiko Sanada|Protect\n|move|p2a: Lycanroc|Accelerock|p1a: Akihiko Sanada\n|-activate|p1a: Akihiko Sanada|move: Protect\n|\n|-damage|p2a: Lycanroc|88\/100 psn|[from] psn\n|-ability|p1a: Akihiko Sanada|Speed Boost|boost\n|-boost|p1a: Akihiko Sanada|spe|1\n|upkeep\n|turn|6\n|\n|t:|1700182025\n|switch|p1a: Makoto Yuki|Kartana, shiny|100\/100\n|move|p2a: Lycanroc|Accelerock|p1a: Makoto Yuki\n|-resisted|p1a: Makoto Yuki\n|-damage|p1a: Makoto Yuki|91\/100\n|\n|-damage|p2a: Lycanroc|76\/100 psn|[from] psn\n|upkeep\n|turn|7\n|\n|t:|1700182032\n|move|p2a: Lycanroc|Close Combat|p1a: Makoto Yuki\n|-supereffective|p1a: Makoto Yuki\n|-damage|p1a: Makoto Yuki|7\/100\n|-unboost|p2a: Lycanroc|def|1\n|-unboost|p2a: Lycanroc|spd|1\n|move|p1a: Makoto Yuki|Leaf Blade|p2a: Lycanroc\n|-supereffective|p2a: Lycanroc\n|-damage|p2a: Lycanroc|0 fnt\n|faint|p2a: Lycanroc\n|-ability|p1a: Makoto Yuki|Beast Boost|boost\n|-boost|p1a: Makoto Yuki|atk|1\n|\n|upkeep\n|\n|t:|1700182038\n|switch|p2a: Weavile|Weavile, M|100\/100\n|-status|p2a: Weavile|psn\n|-ability|p2a: Weavile|Pressure\n|turn|8\n|\n|t:|1700182041\n|move|p2a: Weavile|Ice Shard|p1a: Makoto Yuki\n|-damage|p1a: Makoto Yuki|0 fnt\n|faint|p1a: Makoto Yuki\n|\n|-damage|p2a: Weavile|88\/100 psn|[from] psn\n|upkeep\n|\n|t:|1700182047\n|switch|p1a: Ken Amada|Zeraora|100\/100\n|turn|9\n|\n|t:|1700182056\n|-terastallize|p2a: Weavile|Ghost\n|move|p1a: Ken Amada|Fake Out|p2a: Weavile\n|-immune|p2a: Weavile\n|move|p2a: Weavile|Triple Axel|p1a: Ken Amada\n|-damage|p1a: Ken Amada|87\/100\n|-damage|p1a: Ken Amada|60\/100\n|-crit|p1a: Ken Amada\n|-damage|p1a: Ken Amada|0 fnt\n|faint|p1a: Ken Amada\n|-hitcount|p1: Ken Amada|3\n|\n|-damage|p2a: Weavile|76\/100 psn|[from] psn\n|upkeep\n|\n|t:|1700182065\n|switch|p1a: Junpei Iori|Weavile, M, shiny|100\/100\n|turn|10\n|\n|t:|1700182072\n|move|p2a: Weavile|Knock Off|p1a: Junpei Iori\n|-resisted|p1a: Junpei Iori\n|-damage|p1a: Junpei Iori|59\/100\n|-enditem|p1a: Junpei Iori|Focus Sash|[from] move: Knock Off|[of] p2a: Weavile\n|-enditem|p2a: Weavile|Wide Lens|[silent]|[from] ability: Pickpocket|[of] p2a: Weavile\n|-item|p1a: Junpei Iori|Wide Lens|[from] ability: Pickpocket|[of] p2a: Weavile\n|move|p1a: Junpei Iori|Knock Off|p2a: Weavile\n|-supereffective|p2a: Weavile\n|-damage|p2a: Weavile|0 fnt\n|faint|p2a: Weavile\n|\n|upkeep\n|\n|t:|1700182076\n|switch|p2a: Tapu Lele|Tapu Lele|100\/100\n|-status|p2a: Tapu Lele|psn\n|-fieldstart|move: Psychic Terrain|[from] ability: Psychic Surge|[of] p2a: Tapu Lele\n|turn|11\n|\n|t:|1700182079\n|move|p2a: Tapu Lele|Moonblast|p1a: Junpei Iori\n|-supereffective|p1a: Junpei Iori\n|-damage|p1a: Junpei Iori|0 fnt\n|faint|p1a: Junpei Iori\n|\n|-damage|p2a: Tapu Lele|88\/100 psn|[from] psn\n|upkeep\n|\n|t:|1700182085\n|switch|p1a: Akihiko Sanada|Blaziken, M, shiny|1\/100\n|turn|12\n|\n|t:|1700182090\n|move|p1a: Akihiko Sanada|Protect|p1a: Akihiko Sanada\n|-singleturn|p1a: Akihiko Sanada|Protect\n|move|p2a: Tapu Lele|Moonblast|p1a: Akihiko Sanada\n|-activate|p1a: Akihiko Sanada|move: Protect\n|\n|-damage|p2a: Tapu Lele|76\/100 psn|[from] psn\n|-ability|p1a: Akihiko Sanada|Speed Boost|boost\n|-boost|p1a: Akihiko Sanada|spe|1\n|upkeep\n|turn|13\n|\n|t:|1700182095\n|move|p1a: Akihiko Sanada|Protect||[still]\n|-fail|p1a: Akihiko Sanada\n|move|p2a: Tapu Lele|Moonblast|p1a: Akihiko Sanada\n|-damage|p1a: Akihiko Sanada|0 fnt\n|faint|p1a: Akihiko Sanada\n|\n|-damage|p2a: Tapu Lele|63\/100 psn|[from] psn\n|upkeep\n|\n|t:|1700182099\n|switch|p1a: Aigis|Ogerpon-Wellspring, F|100\/100\n|turn|14\n|\n|t:|1700182103\n|-terastallize|p1a: Aigis|Water\n|detailschange|p1a: Aigis|Ogerpon-Wellspring-Tera, F, tera:Water\n|-ability|p1a: Aigis|Embody Aspect (Wellspring)|boost\n|-boost|p1a: Aigis|spd|1\n|move|p2a: Tapu Lele|Moonblast|p1a: Aigis\n|-damage|p1a: Aigis|61\/100\n|-unboost|p1a: Aigis|spa|1\n|move|p1a: Aigis|Ivy Cudgel|p2a: Tapu Lele|[anim] Ivy Cudgel Water\n|-damage|p2a: Tapu Lele|0 fnt\n|faint|p2a: Tapu Lele\n|\n|upkeep\n|\n|t:|1700182106\n|switch|p2a: Volcarona|Volcarona, M|100\/100\n|turn|15\n|\n|t:|1700182112\n|move|p1a: Aigis|Ivy Cudgel|p2a: Volcarona|[anim] Ivy Cudgel Water\n|-supereffective|p2a: Volcarona\n|-damage|p2a: Volcarona|0 fnt\n|faint|p2a: Volcarona\n|\n|win|Kuzwa\n|raw|Kuzwa's rating: 1321 &rarr; <strong>1342<\/strong><br \/>(+21 for winning)\n|raw|Soundz2's rating: 1340 &rarr; <strong>1319<\/strong><br \/>(-21 for losing)\n|l|\u2606Soundz2\n","uploadtime":1700182117,"views":4,"p1id":"kuzwa","p2id":"soundz2","formatid":"gen9nationaldex","rating":1319,"private":0,"password":""}