{"id":"gen9nationaldex-1988037573","p1":"perv51","p2":"Kuzwa","format":"[Gen 9] National Dex","log":"|j|\u2606perv51\n|j|\u2606Kuzwa\n|t:|1699661951\n|gametype|singles\n|player|p1|perv51|jasmine|1105\n|player|p2|Kuzwa|parasollady|1126\n|teamsize|p1|6\n|teamsize|p2|6\n|gen|9\n|tier|[Gen 9] National Dex\n|rated|\n|rule|HP Percentage Mod: HP is shown in percentages\n|rule|Endless Battle Clause: Forcing endless battles is banned\n|rule|OHKO Clause: OHKO moves are banned\n|rule|Evasion Clause: Evasion abilities, items, and moves are banned\n|rule|Evasion Abilities Clause: Evasion abilities are banned\n|rule|Evasion Items Clause: Evasion items are banned\n|rule|Evasion Moves Clause: Evasion moves are banned\n|rule|Species Clause: Limit one of each Pok\u00e9mon\n|rule|Sleep Clause Mod: Limit one foe put to sleep\n|clearpoke\n|poke|p1|Swellow, M|\n|poke|p1|Gardevoir, F|\n|poke|p1|Machamp, M|\n|poke|p1|Toxapex, F|\n|poke|p1|Ninetales-Alola, F|\n|poke|p1|Xurkitree|\n|poke|p2|Gallade, M|\n|poke|p2|Garchomp, M|\n|poke|p2|Blaziken, M|\n|poke|p2|Kartana|\n|poke|p2|Scizor, M|\n|poke|p2|Weavile, M|\n|teampreview\n|\n|t:|1699661964\n|start\n|switch|p1a: Sett|Machamp, M|100\/100\n|switch|p2a: Koromaru|Blaziken, M, shiny|100\/100\n|turn|1\n|\n|t:|1699661969\n|move|p2a: Koromaru|Power-Up Punch|p1a: Sett\n|-damage|p1a: Sett|78\/100\n|-boost|p2a: Koromaru|atk|1\n|move|p1a: Sett|Dynamic Punch|p2a: Koromaru\n|-damage|p2a: Koromaru|16\/100\n|-start|p2a: Koromaru|confusion\n|\n|-ability|p2a: Koromaru|Speed Boost|boost\n|-boost|p2a: Koromaru|spe|1\n|upkeep\n|turn|2\n|\n|t:|1699661979\n|-activate|p2a: Koromaru|confusion\n|move|p2a: Koromaru|Protect|p2a: Koromaru\n|-singleturn|p2a: Koromaru|Protect\n|move|p1a: Sett|Dynamic Punch|p2a: Koromaru\n|-activate|p2a: Koromaru|move: Protect\n|\n|-ability|p2a: Koromaru|Speed Boost|boost\n|-boost|p2a: Koromaru|spe|1\n|upkeep\n|turn|3\n|\n|t:|1699661985\n|-activate|p2a: Koromaru|confusion\n|move|p2a: Koromaru|Poison Jab|p1a: Sett\n|-damage|p1a: Sett|35\/100\n|move|p1a: Sett|Dynamic Punch|p2a: Koromaru\n|-damage|p2a: Koromaru|0 fnt\n|faint|p2a: Koromaru\n|\n|upkeep\n|\n|t:|1699662003\n|switch|p2a: Ryoji Mochizuki|Gallade, M, shiny|100\/100\n|turn|4\n|\n|t:|1699662006\n|move|p2a: Ryoji Mochizuki|Psycho Cut|p1a: Sett\n|-supereffective|p1a: Sett\n|-damage|p1a: Sett|0 fnt\n|faint|p1a: Sett\n|\n|upkeep\n|\n|t:|1699662009\n|switch|p1a: Quinn|Swellow, M|100\/100\n|turn|5\n|\n|t:|1699662021\n|switch|p2a: Akihiko Sanada|Garchomp, M|100\/100\n|move|p1a: Quinn|Brave Bird|p2a: Akihiko Sanada\n|-damage|p2a: Akihiko Sanada|51\/100\n|-damage|p1a: Quinn|88\/100|[from] ability: Rough Skin|[of] p2a: Akihiko Sanada\n|-damage|p1a: Quinn|66\/100|[from] Recoil\n|\n|-status|p1a: Quinn|brn|[from] item: Flame Orb\n|upkeep\n|turn|6\n|\n|t:|1699662026\n|move|p1a: Quinn|Facade|p2a: Akihiko Sanada\n|-damage|p2a: Akihiko Sanada|0 fnt\n|-damage|p1a: Quinn|53\/100 brn|[from] ability: Rough Skin|[of] p2a: Akihiko Sanada\n|faint|p2a: Akihiko Sanada\n|\n|-damage|p1a: Quinn|47\/100 brn|[from] brn\n|upkeep\n|\n|t:|1699662031\n|switch|p2a: Junpei Iori|Weavile, M, shiny|100\/100\n|turn|7\n|\n|t:|1699662038\n|-terastallize|p1a: Quinn|Normal\n|move|p2a: Junpei Iori|Ice Spinner|p1a: Quinn\n|-damage|p1a: Quinn|0 fnt\n|faint|p1a: Quinn\n|\n|upkeep\n|\n|t:|1699662043\n|switch|p1a: Akali|Toxapex, F|100\/100\n|turn|8\n|\n|t:|1699662047\n|move|p2a: Junpei Iori|Psycho Cut|p1a: Akali\n|-supereffective|p1a: Akali\n|-damage|p1a: Akali|66\/100\n|move|p1a: Akali|Toxic Spikes|p2a: Junpei Iori\n|-sidestart|p2: Kuzwa|move: Toxic Spikes\n|\n|upkeep\n|turn|9\n|\n|t:|1699662053\n|move|p2a: Junpei Iori|Swords Dance|p2a: Junpei Iori\n|-boost|p2a: Junpei Iori|atk|2\n|move|p1a: Akali|Pain Split|p2a: Junpei Iori\n|-sethp|p2a: Junpei Iori|79\/100|[from] move: Pain Split|[silent]\n|-sethp|p1a: Akali|92\/100|[from] move: Pain Split\n|\n|upkeep\n|turn|10\n|\n|t:|1699662058\n|move|p2a: Junpei Iori|Swords Dance|p2a: Junpei Iori\n|-boost|p2a: Junpei Iori|atk|2\n|move|p1a: Akali|Scald|p2a: Junpei Iori\n|-damage|p2a: Junpei Iori|56\/100\n|\n|upkeep\n|turn|11\n|\n|t:|1699662065\n|move|p1a: Akali|Baneful Bunker|p1a: Akali\n|-singleturn|p1a: Akali|move: Protect\n|move|p2a: Junpei Iori|Psycho Cut|p1a: Akali\n|-activate|p1a: Akali|move: Protect\n|\n|upkeep\n|turn|12\n|\n|t:|1699662070\n|move|p2a: Junpei Iori|Psycho Cut|p1a: Akali\n|-supereffective|p1a: Akali\n|-damage|p1a: Akali|0 fnt\n|faint|p1a: Akali\n|\n|upkeep\n|\n|t:|1699662074\n|switch|p1a: Ahri|Ninetales-Alola, F, shiny|100\/100\n|-weather|Snow|[from] ability: Snow Warning|[of] p1a: Ahri\n|turn|13\n|\n|t:|1699662078\n|move|p2a: Junpei Iori|Throat Chop|p1a: Ahri\n|-resisted|p1a: Ahri\n|-damage|p1a: Ahri|31\/100\n|-start|p1a: Ahri|Throat Chop|[silent]\n|move|p1a: Ahri|Moonblast|p2a: Junpei Iori\n|-supereffective|p2a: Junpei Iori\n|-damage|p2a: Junpei Iori|0 fnt\n|faint|p2a: Junpei Iori\n|-damage|p1a: Ahri|21\/100|[from] item: Life Orb\n|\n|-weather|Snow|[upkeep]\n|upkeep\n|\n|t:|1699662087\n|switch|p2a: Makoto Yuki|Kartana, shiny|100\/100\n|turn|14\n|\n|t:|1699662091\n|move|p1a: Ahri|Dark Pulse|p2a: Makoto Yuki\n|-damage|p2a: Makoto Yuki|12\/100\n|-damage|p1a: Ahri|12\/100|[from] item: Life Orb\n|move|p2a: Makoto Yuki|Smart Strike|p1a: Ahri\n|-supereffective|p1a: Ahri\n|-damage|p1a: Ahri|0 fnt\n|faint|p1a: Ahri\n|-ability|p2a: Makoto Yuki|Beast Boost|boost\n|-boost|p2a: Makoto Yuki|atk|1\n|\n|-weather|Snow|[upkeep]\n|upkeep\n|\n|t:|1699662097\n|switch|p1a: Cho\u00b4Gath|Xurkitree|100\/100\n|turn|15\n|\n|t:|1699662101\n|move|p2a: Makoto Yuki|Smart Strike|p1a: Cho\u00b4Gath\n|-resisted|p1a: Cho\u00b4Gath\n|-damage|p1a: Cho\u00b4Gath|50\/100\n|move|p1a: Cho\u00b4Gath|Discharge|p2a: Makoto Yuki\n|-resisted|p2a: Makoto Yuki\n|-damage|p2a: Makoto Yuki|0 fnt\n|faint|p2a: Makoto Yuki\n|-ability|p1a: Cho\u00b4Gath|Beast Boost|boost\n|-boost|p1a: Cho\u00b4Gath|spa|1\n|\n|-weather|Snow|[upkeep]\n|upkeep\n|\n|t:|1699662115\n|switch|p2a: Ken Amada|Scizor, M|100\/100\n|turn|16\n|\n|t:|1699662123\n|detailschange|p2a: Ken Amada|Scizor-Mega, M\n|-mega|p2a: Ken Amada|Scizor|Scizorite\n|move|p2a: Ken Amada|Bullet Punch|p1a: Cho\u00b4Gath\n|-resisted|p1a: Cho\u00b4Gath\n|-damage|p1a: Cho\u00b4Gath|19\/100\n|move|p1a: Cho\u00b4Gath|Discharge|p2a: Ken Amada\n|-damage|p2a: Ken Amada|16\/100\n|\n|-weather|Snow|[upkeep]\n|upkeep\n|turn|17\n|\n|t:|1699662131\n|move|p2a: Ken Amada|Bullet Punch|p1a: Cho\u00b4Gath\n|-resisted|p1a: Cho\u00b4Gath\n|-damage|p1a: Cho\u00b4Gath|0 fnt\n|faint|p1a: Cho\u00b4Gath\n|\n|-weather|none\n|upkeep\n|\n|t:|1699662133\n|switch|p1a: Airlain|Gardevoir, F, shiny|100\/100\n|turn|18\n|\n|t:|1699662136\n|detailschange|p1a: Airlain|Gardevoir-Mega, F, shiny\n|-mega|p1a: Airlain|Gardevoir|Gardevoirite\n|move|p2a: Ken Amada|Bullet Punch|p1a: Airlain\n|-supereffective|p1a: Airlain\n|-damage|p1a: Airlain|0 fnt\n|faint|p1a: Airlain\n|\n|win|Kuzwa\n|raw|perv51's rating: 1105 &rarr; <strong>1082<\/strong><br \/>(-23 for losing)\n|raw|Kuzwa's rating: 1126 &rarr; <strong>1149<\/strong><br \/>(+23 for winning)\n|l|\u2606perv51\n","uploadtime":1699662144,"views":4,"p1id":"perv51","p2id":"kuzwa","formatid":"gen9nationaldex","rating":1082,"private":0,"password":""}