{"id":"gen9nationaldex-1987607493","p1":"Dinotrooper23","p2":"shiftygatito","format":"[Gen 9] National Dex","log":"|j|\u2606Dinotrooper23\n|j|\u203dshiftygatito\n|t:|1699618879\n|gametype|singles\n|player|p1|Dinotrooper23|265|\n|player|p2|shiftygatito|hugh|\n|teamsize|p1|6\n|teamsize|p2|6\n|gen|9\n|tier|[Gen 9] National Dex\n|rule|HP Percentage Mod: HP is shown in percentages\n|rule|Endless Battle Clause: Forcing endless battles is banned\n|rule|OHKO Clause: OHKO moves are banned\n|rule|Evasion Clause: Evasion abilities, items, and moves are banned\n|rule|Evasion Abilities Clause: Evasion abilities are banned\n|rule|Evasion Items Clause: Evasion items are banned\n|rule|Evasion Moves Clause: Evasion moves are banned\n|rule|Species Clause: Limit one of each Pok\u00e9mon\n|rule|Sleep Clause Mod: Limit one foe put to sleep\n|clearpoke\n|poke|p1|Hydreigon, F|\n|poke|p1|Regidrago|\n|poke|p1|Altaria, M|\n|poke|p1|Kommo-o, M|\n|poke|p1|Dragonite, F|\n|poke|p1|Turtonator, M|\n|poke|p2|Tapu Koko|\n|poke|p2|Iron Valiant|\n|poke|p2|Hawlucha, M|\n|poke|p2|Iron Moth|\n|poke|p2|Scizor, M|\n|poke|p2|Gliscor, M|\n|teampreview\n|inactive|Battle timer is ON: inactive players will automatically lose when time's up. (requested by shiftygatito)\n|inactive|shiftygatito has 270 seconds left.\n|\n|t:|1699618927\n|start\n|switch|p1a: Turtonator|Turtonator, M|100\/100\n|switch|p2a: Tapu Koko|Tapu Koko|100\/100\n|-fieldstart|move: Electric Terrain|[from] ability: Electric Surge|[of] p2a: Tapu Koko\n|turn|1\n|inactive|shiftygatito has 270 seconds left.\n|\n|t:|1699618959\n|move|p2a: Tapu Koko|Dazzling Gleam|p1a: Turtonator\n|-damage|p1a: Turtonator|50\/100\n|move|p1a: Turtonator|Shell Smash|p1a: Turtonator\n|-unboost|p1a: Turtonator|def|1\n|-unboost|p1a: Turtonator|spd|1\n|-boost|p1a: Turtonator|atk|2\n|-boost|p1a: Turtonator|spa|2\n|-boost|p1a: Turtonator|spe|2\n|-enditem|p1a: Turtonator|White Herb\n|-clearnegativeboost|p1a: Turtonator|[silent]\n|\n|upkeep\n|turn|2\n|\n|t:|1699618971\n|-terastallize|p1a: Turtonator|Fire\n|move|p2a: Tapu Koko|Dazzling Gleam|p1a: Turtonator\n|-resisted|p1a: Turtonator\n|-damage|p1a: Turtonator|27\/100\n|move|p1a: Turtonator|Flamethrower|p2a: Tapu Koko\n|-damage|p2a: Tapu Koko|0 fnt\n|faint|p2a: Tapu Koko\n|\n|upkeep\n|\n|t:|1699618981\n|switch|p2a: Iron Moth|Iron Moth|100\/100\n|-activate|p2a: Iron Moth|ability: Quark Drive\n|-start|p2a: Iron Moth|quarkdrivespe\n|turn|3\n|\n|t:|1699618987\n|move|p2a: Iron Moth|Fiery Dance|p1a: Turtonator\n|-resisted|p1a: Turtonator\n|-damage|p1a: Turtonator|0 fnt\n|faint|p1a: Turtonator\n|\n|upkeep\n|\n|t:|1699618992\n|switch|p1a: Regidrago|Regidrago|100\/100\n|turn|4\n|\n|t:|1699618997\n|move|p2a: Iron Moth|Sludge Wave|p1a: Regidrago\n|-damage|p1a: Regidrago|45\/100\n|move|p1a: Regidrago|Dragon Energy|p2a: Iron Moth\n|-damage|p2a: Iron Moth|65\/100\n|\n|upkeep\n|turn|5\n|\n|t:|1699619008\n|switch|p1a: Dragonite|Dragonite, F|100\/100\n|move|p2a: Iron Moth|Fiery Dance|p1a: Dragonite\n|-resisted|p1a: Dragonite\n|-damage|p1a: Dragonite|90\/100\n|\n|upkeep\n|turn|6\n|\n|t:|1699619015\n|move|p2a: Iron Moth|Sludge Wave|p1a: Dragonite\n|-damage|p1a: Dragonite|35\/100\n|move|p1a: Dragonite|Dragon Dance|p1a: Dragonite\n|-boost|p1a: Dragonite|atk|1\n|-boost|p1a: Dragonite|spe|1\n|\n|upkeep\n|turn|7\n|\n|t:|1699619021\n|move|p1a: Dragonite|Extreme Speed|p2a: Iron Moth\n|-damage|p2a: Iron Moth|0 fnt\n|faint|p2a: Iron Moth\n|-end|p2a: Iron Moth|Quark Drive|[silent]\n|\n|upkeep\n|\n|t:|1699619027\n|switch|p2a: Scizor|Scizor, M|100\/100\n|turn|8\n|\n|t:|1699619035\n|detailschange|p2a: Scizor|Scizor-Mega, M\n|-mega|p2a: Scizor|Scizor|Scizorite\n|move|p2a: Scizor|Bullet Punch|p1a: Dragonite\n|-damage|p1a: Dragonite|0 fnt\n|faint|p1a: Dragonite\n|\n|-fieldend|move: Electric Terrain\n|upkeep\n|\n|t:|1699619044\n|switch|p1a: Kommo-o|Kommo-o, M|100\/100\n|turn|9\n|\n|t:|1699619050\n|move|p1a: Kommo-o|Clangorous Soul|p1a: Kommo-o\n|-boost|p1a: Kommo-o|atk|1\n|-boost|p1a: Kommo-o|def|1\n|-boost|p1a: Kommo-o|spa|1\n|-boost|p1a: Kommo-o|spd|1\n|-boost|p1a: Kommo-o|spe|1\n|-damage|p1a: Kommo-o|68\/100\n|move|p2a: Scizor|Swords Dance|p2a: Scizor\n|-boost|p2a: Scizor|atk|2\n|\n|upkeep\n|turn|10\n|j| Chaoss150\n|\n|t:|1699619054\n|move|p2a: Scizor|Bullet Punch|p1a: Kommo-o\n|-damage|p1a: Kommo-o|22\/100\n|move|p1a: Kommo-o|Close Combat|p2a: Scizor\n|-damage|p2a: Scizor|53\/100\n|-unboost|p1a: Kommo-o|def|1\n|-unboost|p1a: Kommo-o|spd|1\n|\n|upkeep\n|turn|11\n|\n|t:|1699619064\n|move|p2a: Scizor|Bullet Punch|p1a: Kommo-o\n|-damage|p1a: Kommo-o|0 fnt\n|faint|p1a: Kommo-o\n|\n|upkeep\n|\n|t:|1699619070\n|switch|p1a: Hydreigon|Hydreigon, F|100\/100\n|turn|12\n|\n|t:|1699619076\n|move|p2a: Scizor|Bullet Punch|p1a: Hydreigon\n|-damage|p1a: Hydreigon|14\/100\n|move|p1a: Hydreigon|Dark Pulse|p2a: Scizor\n|-damage|p2a: Scizor|0 fnt\n|faint|p2a: Scizor\n|-damage|p1a: Hydreigon|4\/100|[from] item: Life Orb\n|\n|upkeep\n|\n|t:|1699619084\n|switch|p2a: Iron Valiant|Iron Valiant|100\/100\n|turn|13\n|\n|t:|1699619103\n|move|p2a: Iron Valiant|Moonblast|p1a: Hydreigon\n|-supereffective|p1a: Hydreigon\n|-damage|p1a: Hydreigon|0 fnt\n|faint|p1a: Hydreigon\n|-damage|p2a: Iron Valiant|91\/100|[from] item: Life Orb\n|\n|upkeep\n|\n|t:|1699619109\n|switch|p1a: Regidrago|Regidrago|45\/100\n|turn|14\n|\n|t:|1699619112\n|move|p1a: Regidrago|Explosion|p2a: Iron Valiant\n|-damage|p2a: Iron Valiant|18\/100\n|faint|p1a: Regidrago\n|move|p2a: Iron Valiant|Moonblast|p1: Regidrago|[notarget]\n|-fail|p2a: Iron Valiant\n|\n|upkeep\n|\n|t:|1699619115\n|switch|p1a: Altaria|Altaria, M|100\/100\n|turn|15\n|\n|t:|1699619119\n|detailschange|p1a: Altaria|Altaria-Mega, M\n|-mega|p1a: Altaria|Altaria|Altarianite\n|move|p2a: Iron Valiant|Moonblast|p1a: Altaria\n|-supereffective|p1a: Altaria\n|-damage|p1a: Altaria|0 fnt\n|faint|p1a: Altaria\n|-damage|p2a: Iron Valiant|9\/100|[from] item: Life Orb\n|\n|win|shiftygatito\n|l|\u203dshiftygatito\n","uploadtime":1699619219,"views":7,"p1id":"dinotrooper23","p2id":"shiftygatito","formatid":"gen9nationaldex","rating":0,"private":0,"password":""}