{"id":"gen9nationaldex-1993904000","p1":"CosmicTaiyo","p2":"baibian","format":"[Gen 9] National Dex","log":"|j|\u2606CosmicTaiyo\n|j|\u203dbaibian\n|t:|1700372894\n|gametype|singles\n|player|p1|CosmicTaiyo|elio|1546\n|player|p2|baibian|cynthia-gen4|1504\n|teamsize|p1|6\n|teamsize|p2|6\n|gen|9\n|tier|[Gen 9] National Dex\n|rated|\n|rule|HP Percentage Mod: HP is shown in percentages\n|rule|Endless Battle Clause: Forcing endless battles is banned\n|rule|OHKO Clause: OHKO moves are banned\n|rule|Evasion Clause: Evasion abilities, items, and moves are banned\n|rule|Evasion Abilities Clause: Evasion abilities are banned\n|rule|Evasion Items Clause: Evasion items are banned\n|rule|Evasion Moves Clause: Evasion moves are banned\n|rule|Species Clause: Limit one of each Pok\u00e9mon\n|rule|Sleep Clause Mod: Limit one foe put to sleep\n|clearpoke\n|poke|p1|Clawitzer, F|\n|poke|p1|Grimmsnarl, M|\n|poke|p1|Corviknight, F|\n|poke|p1|Charizard, F|\n|poke|p1|Glimmora, F|\n|poke|p1|Rillaboom, M|\n|poke|p2|Garganacl, F|\n|poke|p2|Ferrothorn, F|\n|poke|p2|Gliscor, F|\n|poke|p2|Toxapex, M|\n|poke|p2|Alomomola, F|\n|poke|p2|Dondozo, F|\n|teampreview\n|inactive|Battle timer is ON: inactive players will automatically lose when time's up. (requested by baibian)\n|\n|t:|1700372923\n|start\n|switch|p1a: Grimmsnarl|Grimmsnarl, M|100\/100\n|switch|p2a: Dondozo|Dondozo, F|100\/100\n|turn|1\n|\n|t:|1700372930\n|switch|p2a: Garganacl|Garganacl, F|100\/100\n|move|p1a: Grimmsnarl|Reflect|p1a: Grimmsnarl\n|-sidestart|p1: CosmicTaiyo|Reflect\n|\n|upkeep\n|turn|2\n|\n|t:|1700372935\n|move|p1a: Grimmsnarl|Parting Shot|p2a: Garganacl\n|-unboost|p2a: Garganacl|atk|1\n|-unboost|p2a: Garganacl|spa|1\n|\n|t:|1700372939\n|switch|p1a: Rillaboom|Rillaboom, M|100\/100|[from] Parting Shot\n|-fieldstart|move: Grassy Terrain|[from] ability: Grassy Surge|[of] p1a: Rillaboom\n|move|p2a: Garganacl|Salt Cure|p1a: Rillaboom\n|-damage|p1a: Rillaboom|97\/100\n|-start|p1a: Rillaboom|Salt Cure\n|\n|-heal|p1a: Rillaboom|100\/100|[from] Grassy Terrain\n|-damage|p1a: Rillaboom|88\/100|[from] Salt Cure\n|upkeep\n|turn|3\n|\n|t:|1700372952\n|switch|p2a: Ferrothorn|Ferrothorn, F|100\/100\n|move|p1a: Rillaboom|Knock Off|p2a: Ferrothorn\n|-damage|p2a: Ferrothorn|67\/100\n|-damage|p1a: Rillaboom|76\/100|[from] ability: Iron Barbs|[of] p2a: Ferrothorn\n|-enditem|p2a: Ferrothorn|Leftovers|[from] move: Knock Off|[of] p1a: Rillaboom\n|\n|-heal|p1a: Rillaboom|82\/100|[from] Grassy Terrain\n|-heal|p2a: Ferrothorn|73\/100|[from] Grassy Terrain\n|-damage|p1a: Rillaboom|70\/100|[from] Salt Cure\n|upkeep\n|turn|4\n|\n|t:|1700372966\n|switch|p1a: Charizard|Charizard, F|100\/100\n|move|p2a: Ferrothorn|Stealth Rock|p1a: Charizard\n|-sidestart|p1: CosmicTaiyo|move: Stealth Rock\n|\n|-heal|p2a: Ferrothorn|79\/100|[from] Grassy Terrain\n|upkeep\n|turn|5\n|\n|t:|1700372979\n|switch|p2a: Dondozo|Dondozo, F|100\/100\n|detailschange|p1a: Charizard|Charizard-Mega-X, F\n|-mega|p1a: Charizard|Charizard|Charizardite X\n|move|p1a: Charizard|Dragon Claw|p2a: Dondozo\n|-damage|p2a: Dondozo|66\/100\n|\n|-heal|p2a: Dondozo|72\/100|[from] Grassy Terrain\n|upkeep\n|turn|6\n|\n|t:|1700373005\n|move|p1a: Charizard|Dragon Claw|p2a: Dondozo\n|-damage|p2a: Dondozo|37\/100\n|move|p2a: Dondozo|Curse|p2a: Dondozo\n|-unboost|p2a: Dondozo|spe|1\n|-boost|p2a: Dondozo|atk|1\n|-boost|p2a: Dondozo|def|1\n|\n|-heal|p2a: Dondozo|43\/100|[from] Grassy Terrain\n|-fieldend|move: Grassy Terrain\n|upkeep\n|turn|7\n|\n|t:|1700373012\n|move|p1a: Charizard|Dragon Claw|p2a: Dondozo\n|-damage|p2a: Dondozo|20\/100\n|move|p2a: Dondozo|Rest|p2a: Dondozo\n|-status|p2a: Dondozo|slp|[from] move: Rest\n|-heal|p2a: Dondozo|100\/100 slp|[silent]\n|\n|upkeep\n|turn|8\n|\n|t:|1700373018\n|switch|p1a: Rillaboom|Rillaboom, M|70\/100\n|-damage|p1a: Rillaboom|57\/100|[from] Stealth Rock\n|-fieldstart|move: Grassy Terrain|[from] ability: Grassy Surge|[of] p1a: Rillaboom\n|cant|p2a: Dondozo|slp\n|move|p2a: Dondozo|Sleep Talk|p2a: Dondozo\n|move|p2a: Dondozo|Rest||[from]move: Sleep Talk|[still]\n|-fail|p2a: Dondozo\n|\n|-heal|p1a: Rillaboom|63\/100|[from] Grassy Terrain\n|-sideend|p1: CosmicTaiyo|Reflect\n|upkeep\n|turn|9\n|\n|t:|1700373029\n|-terastallize|p2a: Dondozo|Dragon\n|move|p1a: Rillaboom|U-turn|p2a: Dondozo\n|-damage|p2a: Dondozo|85\/100 slp\n|\n|t:|1700373044\n|switch|p1a: Grimmsnarl|Grimmsnarl, M|100\/100|[from] U-turn\n|-damage|p1a: Grimmsnarl|88\/100|[from] Stealth Rock\n|cant|p2a: Dondozo|slp\n|move|p2a: Dondozo|Sleep Talk|p2a: Dondozo\n|move|p2a: Dondozo|Curse|p2a: Dondozo|[from]move: Sleep Talk\n|-unboost|p2a: Dondozo|spe|1\n|-boost|p2a: Dondozo|atk|1\n|-boost|p2a: Dondozo|def|1\n|\n|-heal|p1a: Grimmsnarl|94\/100|[from] Grassy Terrain\n|-heal|p2a: Dondozo|91\/100 slp|[from] Grassy Terrain\n|upkeep\n|turn|10\n|\n|t:|1700373055\n|move|p1a: Grimmsnarl|Reflect|p1a: Grimmsnarl\n|-sidestart|p1: CosmicTaiyo|Reflect\n|-curestatus|p2a: Dondozo|slp|[msg]\n|move|p2a: Dondozo|Curse|p2a: Dondozo\n|-unboost|p2a: Dondozo|spe|1\n|-boost|p2a: Dondozo|atk|1\n|-boost|p2a: Dondozo|def|1\n|\n|-heal|p1a: Grimmsnarl|99\/100|[from] Grassy Terrain\n|-heal|p2a: Dondozo|97\/100|[from] Grassy Terrain\n|upkeep\n|turn|11\n|\n|t:|1700373065\n|move|p1a: Grimmsnarl|Parting Shot|p2a: Dondozo\n|-unboost|p2a: Dondozo|atk|1\n|-unboost|p2a: Dondozo|spa|1\n|\n|t:|1700373068\n|switch|p1a: Clawitzer|Clawitzer, F|100\/100|[from] Parting Shot\n|-damage|p1a: Clawitzer|88\/100|[from] Stealth Rock\n|move|p2a: Dondozo|Curse|p2a: Dondozo\n|-unboost|p2a: Dondozo|spe|1\n|-boost|p2a: Dondozo|atk|1\n|-boost|p2a: Dondozo|def|1\n|\n|-heal|p1a: Clawitzer|94\/100|[from] Grassy Terrain\n|-heal|p2a: Dondozo|100\/100|[from] Grassy Terrain\n|upkeep\n|turn|12\n|\n|t:|1700373075\n|move|p1a: Clawitzer|Dragon Pulse|p2a: Dondozo\n|-supereffective|p2a: Dondozo\n|-damage|p2a: Dondozo|7\/100\n|move|p2a: Dondozo|Curse|p2a: Dondozo\n|-unboost|p2a: Dondozo|spe|1\n|-boost|p2a: Dondozo|atk|1\n|-boost|p2a: Dondozo|def|1\n|\n|-heal|p1a: Clawitzer|99\/100|[from] Grassy Terrain\n|-heal|p2a: Dondozo|13\/100|[from] Grassy Terrain\n|-fieldend|move: Grassy Terrain\n|upkeep\n|turn|13\n|\n|t:|1700373091\n|switch|p2a: Ferrothorn|Ferrothorn, F|79\/100\n|move|p1a: Clawitzer|Dragon Pulse|p2a: Ferrothorn\n|-resisted|p2a: Ferrothorn\n|-damage|p2a: Ferrothorn|50\/100\n|\n|upkeep\n|turn|14\n|\n|t:|1700373113\n|-terastallize|p1a: Clawitzer|Dragon\n|move|p1a: Clawitzer|Dragon Pulse|p2a: Ferrothorn\n|-resisted|p2a: Ferrothorn\n|-damage|p2a: Ferrothorn|8\/100\n|move|p2a: Ferrothorn|Leech Seed|p1a: Clawitzer\n|-start|p1a: Clawitzer|move: Leech Seed\n|\n|-damage|p1a: Clawitzer|88\/100|[from] Leech Seed|[of] p2a: Ferrothorn\n|-heal|p2a: Ferrothorn|20\/100|[silent]\n|upkeep\n|turn|15\n|\n|t:|1700373125\n|switch|p2a: Toxapex|Toxapex, M|100\/100\n|move|p1a: Clawitzer|Dragon Pulse|p2a: Toxapex\n|-damage|p2a: Toxapex|22\/100\n|\n|-damage|p1a: Clawitzer|75\/100|[from] Leech Seed|[of] p2a: Toxapex\n|-heal|p2a: Toxapex|36\/100|[silent]\n|upkeep\n|turn|16\n|\n|t:|1700373150\n|move|p1a: Clawitzer|Dragon Pulse|p2a: Toxapex\n|-crit|p2a: Toxapex\n|-damage|p2a: Toxapex|0 fnt\n|faint|p2a: Toxapex\n|\n|upkeep\n|\n|t:|1700373154\n|switch|p2a: Garganacl|Garganacl, F|100\/100\n|turn|17\n|\n|t:|1700373160\n|switch|p1a: Corviknight|Corviknight, F|100\/100\n|-damage|p1a: Corviknight|88\/100|[from] Stealth Rock\n|-ability|p1a: Corviknight|Pressure\n|move|p2a: Garganacl|Salt Cure|p1a: Corviknight\n|-damage|p1a: Corviknight|83\/100\n|-start|p1a: Corviknight|Salt Cure\n|\n|-damage|p1a: Corviknight|58\/100|[from] Salt Cure\n|-sideend|p1: CosmicTaiyo|Reflect\n|upkeep\n|turn|18\n|\n|t:|1700373168\n|switch|p2a: Alomomola|Alomomola, F|100\/100\n|move|p1a: Corviknight|Defog|p2a: Alomomola\n|-unboost|p2a: Alomomola|evasion|1\n|-sideend|p1: CosmicTaiyo|Stealth Rock|[from] move: Defog|[of] p1a: Corviknight\n|\n|-damage|p1a: Corviknight|33\/100|[from] Salt Cure\n|upkeep\n|turn|19\n|\n|t:|1700373178\n|move|p1a: Corviknight|U-turn|p2a: Alomomola\n|-damage|p2a: Alomomola|93\/100\n|-damage|p1a: Corviknight|17\/100|[from] item: Rocky Helmet|[of] p2a: Alomomola\n|\n|t:|1700373186\n|switch|p1a: Charizard|Charizard-Mega-X, F|100\/100|[from] U-turn\n|move|p2a: Alomomola|Wish|p2a: Alomomola\n|\n|upkeep\n|turn|20\n|\n|t:|1700373199\n|move|p1a: Charizard|Flare Blitz|p2a: Alomomola\n|-resisted|p2a: Alomomola\n|-damage|p2a: Alomomola|72\/100\n|-damage|p1a: Charizard|84\/100|[from] item: Rocky Helmet|[of] p2a: Alomomola\n|-damage|p1a: Charizard|72\/100|[from] Recoil\n|move|p2a: Alomomola|Toxic|p1a: Charizard\n|-status|p1a: Charizard|tox\n|\n|-heal|p2a: Alomomola|100\/100|[from] move: Wish|[wisher] Alomomola\n|-damage|p1a: Charizard|66\/100 tox|[from] psn\n|upkeep\n|turn|21\n|\n|t:|1700373209\n|move|p1a: Charizard|Dragon Dance|p1a: Charizard\n|-boost|p1a: Charizard|atk|1\n|-boost|p1a: Charizard|spe|1\n|move|p2a: Alomomola|Wish|p2a: Alomomola\n|\n|-damage|p1a: Charizard|54\/100 tox|[from] psn\n|upkeep\n|turn|22\n|\n|t:|1700373217\n|move|p1a: Charizard|Roost|p1a: Charizard\n|-heal|p1a: Charizard|100\/100 tox\n|-singleturn|p1a: Charizard|move: Roost\n|move|p2a: Alomomola|Flip Turn|p1a: Charizard\n|-damage|p1a: Charizard|82\/100 tox\n|\n|t:|1700373228\n|switch|p2a: Dondozo|Dondozo, F, tera:Dragon|13\/100|[from] Flip Turn\n|\n|-heal|p2a: Dondozo|66\/100|[from] move: Wish|[wisher] Alomomola\n|-damage|p1a: Charizard|64\/100 tox|[from] psn\n|upkeep\n|turn|23\n|\n|t:|1700373251\n|switch|p1a: Grimmsnarl|Grimmsnarl, M|99\/100\n|switch|p2a: Alomomola|Alomomola, F|100\/100\n|\n|upkeep\n|turn|24\n|\n|t:|1700373261\n|move|p1a: Grimmsnarl|Reflect|p1a: Grimmsnarl\n|-sidestart|p1: CosmicTaiyo|Reflect\n|move|p2a: Alomomola|Wish|p2a: Alomomola\n|\n|upkeep\n|turn|25\n|\n|t:|1700373269\n|move|p2a: Alomomola|Flip Turn|p1a: Grimmsnarl\n|-damage|p1a: Grimmsnarl|93\/100\n|\n|t:|1700373272\n|switch|p2a: Ferrothorn|Ferrothorn, F|20\/100|[from] Flip Turn\n|move|p1a: Grimmsnarl|Spirit Break|p2a: Ferrothorn\n|-resisted|p2a: Ferrothorn\n|-damage|p2a: Ferrothorn|12\/100\n|-unboost|p2a: Ferrothorn|spa|1\n|-damage|p1a: Grimmsnarl|80\/100|[from] ability: Iron Barbs|[of] p2a: Ferrothorn\n|\n|-heal|p2a: Ferrothorn|87\/100|[from] move: Wish|[wisher] Alomomola\n|upkeep\n|turn|26\n|\n|t:|1700373285\n|move|p1a: Grimmsnarl|Parting Shot|p2a: Ferrothorn\n|-unboost|p2a: Ferrothorn|atk|1\n|-unboost|p2a: Ferrothorn|spa|1\n|\n|t:|1700373290\n|switch|p1a: Charizard|Charizard-Mega-X, F|64\/100 tox|[from] Parting Shot\n|move|p2a: Ferrothorn|Toxic|p1a: Charizard\n|-fail|p1a: Charizard|tox\n|\n|-damage|p1a: Charizard|58\/100 tox|[from] psn\n|upkeep\n|turn|27\n|\n|t:|1700373297\n|switch|p2a: Alomomola|Alomomola, F|100\/100\n|move|p1a: Charizard|Dragon Claw|p2a: Alomomola\n|-damage|p2a: Alomomola|71\/100\n|-damage|p1a: Charizard|42\/100 tox|[from] item: Rocky Helmet|[of] p2a: Alomomola\n|\n|-damage|p1a: Charizard|30\/100 tox|[from] psn\n|upkeep\n|turn|28\n|\n|t:|1700373307\n|move|p1a: Charizard|Roost|p1a: Charizard\n|-heal|p1a: Charizard|80\/100 tox\n|-singleturn|p1a: Charizard|move: Roost\n|move|p2a: Alomomola|Wish|p2a: Alomomola\n|\n|-damage|p1a: Charizard|62\/100 tox|[from] psn\n|upkeep\n|turn|29\n|\n|t:|1700373316\n|switch|p1a: Corviknight|Corviknight, F|17\/100\n|-ability|p1a: Corviknight|Pressure\n|move|p2a: Alomomola|Flip Turn|p1a: Corviknight\n|-damage|p1a: Corviknight|12\/100\n|-damage|p2a: Alomomola|54\/100|[from] item: Rocky Helmet|[of] p1a: Corviknight\n|\n|t:|1700373323\n|switch|p2a: Dondozo|Dondozo, F, tera:Dragon|66\/100|[from] Flip Turn\n|\n|-heal|p2a: Dondozo|100\/100|[from] move: Wish|[wisher] Alomomola\n|upkeep\n|turn|30\n|\n|t:|1700373330\n|move|p1a: Corviknight|Roost|p1a: Corviknight\n|-heal|p1a: Corviknight|62\/100\n|-singleturn|p1a: Corviknight|move: Roost\n|move|p2a: Dondozo|Curse|p2a: Dondozo\n|-unboost|p2a: Dondozo|spe|1\n|-boost|p2a: Dondozo|atk|1\n|-boost|p2a: Dondozo|def|1\n|\n|upkeep\n|turn|31\n|\n|t:|1700373340\n|switch|p2a: Ferrothorn|Ferrothorn, F|87\/100\n|move|p1a: Corviknight|U-turn|p2a: Ferrothorn\n|-damage|p2a: Ferrothorn|79\/100\n|-damage|p1a: Corviknight|49\/100|[from] ability: Iron Barbs|[of] p2a: Ferrothorn\n|\n|t:|1700373348\n|switch|p1a: Clawitzer|Clawitzer, F, tera:Dragon|75\/100|[from] U-turn\n|\n|-sideend|p1: CosmicTaiyo|Reflect\n|upkeep\n|turn|32\n|\n|t:|1700373353\n|move|p1a: Clawitzer|Aura Sphere|p2a: Ferrothorn\n|-supereffective|p2a: Ferrothorn\n|-damage|p2a: Ferrothorn|0 fnt\n|faint|p2a: Ferrothorn\n|\n|upkeep\n|\n|t:|1700373370\n|switch|p2a: Gliscor|Gliscor, F|100\/100\n|turn|33\n|\n|t:|1700373377\n|switch|p1a: Corviknight|Corviknight, F|49\/100\n|-ability|p1a: Corviknight|Pressure\n|move|p2a: Gliscor|Toxic Spikes|p1a: Corviknight\n|-sidestart|p1: CosmicTaiyo|move: Toxic Spikes\n|\n|-status|p2a: Gliscor|tox|[from] item: Toxic Orb\n|upkeep\n|turn|34\n|\n|t:|1700373391\n|switch|p2a: Garganacl|Garganacl, F|100\/100\n|move|p1a: Corviknight|Roost|p1a: Corviknight\n|-heal|p1a: Corviknight|99\/100\n|-singleturn|p1a: Corviknight|move: Roost\n|\n|upkeep\n|turn|35\n|\n|t:|1700373401\n|switch|p1a: Glimmora|Glimmora, F|100\/100\n|-sideend|p1: CosmicTaiyo|move: Toxic Spikes|[of] p1a: Glimmora\n|move|p2a: Garganacl|Iron Defense|p2a: Garganacl\n|-boost|p2a: Garganacl|def|2\n|\n|upkeep\n|turn|36\n|\n|t:|1700373418\n|move|p1a: Glimmora|Stealth Rock|p2a: Garganacl\n|-sidestart|p2: baibian|move: Stealth Rock\n|move|p2a: Garganacl|Salt Cure|p1a: Glimmora\n|-damage|p1a: Glimmora|86\/100\n|-start|p1a: Glimmora|Salt Cure\n|-activate|p1a: Glimmora|ability: Toxic Debris\n|-sidestart|p2: baibian|move: Toxic Spikes\n|\n|-heal|p1a: Glimmora|93\/100|[from] item: Leftovers\n|-damage|p1a: Glimmora|80\/100|[from] Salt Cure\n|upkeep\n|turn|37\n|\n|t:|1700373422\n|move|p1a: Glimmora|Earth Power|p2a: Garganacl\n|-supereffective|p2a: Garganacl\n|-damage|p2a: Garganacl|54\/100\n|move|p2a: Garganacl|Iron Defense|p2a: Garganacl\n|-boost|p2a: Garganacl|def|2\n|\n|-heal|p1a: Glimmora|86\/100|[from] item: Leftovers\n|-heal|p2a: Garganacl|61\/100|[from] item: Leftovers\n|-damage|p1a: Glimmora|74\/100|[from] Salt Cure\n|upkeep\n|turn|38\n|\n|t:|1700373428\n|move|p1a: Glimmora|Earth Power|p2a: Garganacl\n|-supereffective|p2a: Garganacl\n|-damage|p2a: Garganacl|15\/100\n|move|p2a: Garganacl|Recover|p2a: Garganacl\n|-heal|p2a: Garganacl|65\/100\n|\n|-heal|p1a: Glimmora|80\/100|[from] item: Leftovers\n|-heal|p2a: Garganacl|71\/100|[from] item: Leftovers\n|-damage|p1a: Glimmora|68\/100|[from] Salt Cure\n|upkeep\n|turn|39\n|\n|t:|1700373438\n|switch|p2a: Gliscor|Gliscor, F|100\/100 tox\n|-damage|p2a: Gliscor|88\/100 tox|[from] Stealth Rock\n|move|p1a: Glimmora|Earth Power|p2a: Gliscor\n|-immune|p2a: Gliscor\n|\n|-heal|p1a: Glimmora|74\/100|[from] item: Leftovers\n|-heal|p2a: Gliscor|100\/100 tox|[from] ability: Poison Heal\n|-damage|p1a: Glimmora|62\/100|[from] Salt Cure\n|upkeep\n|turn|40\n|\n|t:|1700373448\n|switch|p1a: Grimmsnarl|Grimmsnarl, M|80\/100\n|move|p2a: Gliscor|Earthquake|p1a: Grimmsnarl\n|-damage|p1a: Grimmsnarl|51\/100\n|\n|upkeep\n|turn|41\n|\n|t:|1700373460\n|switch|p2a: Garganacl|Garganacl, F|71\/100\n|-damage|p2a: Garganacl|58\/100|[from] Stealth Rock\n|move|p1a: Grimmsnarl|Reflect|p1a: Grimmsnarl\n|-sidestart|p1: CosmicTaiyo|Reflect\n|\n|-heal|p2a: Garganacl|65\/100|[from] item: Leftovers\n|upkeep\n|turn|42\n|\n|t:|1700373467\n|move|p1a: Grimmsnarl|Parting Shot|p2a: Garganacl\n|-unboost|p2a: Garganacl|atk|1\n|-unboost|p2a: Garganacl|spa|1\n|\n|t:|1700373470\n|switch|p1a: Clawitzer|Clawitzer, F, tera:Dragon|75\/100|[from] Parting Shot\n|move|p2a: Garganacl|Salt Cure|p1a: Clawitzer\n|-damage|p1a: Clawitzer|71\/100\n|-start|p1a: Clawitzer|Salt Cure\n|\n|-heal|p2a: Garganacl|71\/100|[from] item: Leftovers\n|-damage|p1a: Clawitzer|58\/100|[from] Salt Cure\n|upkeep\n|turn|43\n|\n|t:|1700373483\n|switch|p2a: Gliscor|Gliscor, F|100\/100 tox\n|-damage|p2a: Gliscor|88\/100 tox|[from] Stealth Rock\n|move|p1a: Clawitzer|Dragon Pulse|p2a: Gliscor\n|-damage|p2a: Gliscor|0 fnt\n|faint|p2a: Gliscor\n|\n|-damage|p1a: Clawitzer|46\/100|[from] Salt Cure\n|upkeep\n|\n|t:|1700373492\n|switch|p2a: Garganacl|Garganacl, F|71\/100\n|-damage|p2a: Garganacl|58\/100|[from] Stealth Rock\n|turn|44\n|\n|t:|1700373496\n|move|p1a: Clawitzer|Dragon Pulse|p2a: Garganacl\n|-damage|p2a: Garganacl|0 fnt\n|faint|p2a: Garganacl\n|\n|-damage|p1a: Clawitzer|33\/100|[from] Salt Cure\n|upkeep\n|\n|t:|1700373500\n|switch|p2a: Alomomola|Alomomola, F|87\/100\n|-damage|p2a: Alomomola|75\/100|[from] Stealth Rock\n|-status|p2a: Alomomola|psn\n|turn|45\n|\n|t:|1700373506\n|move|p2a: Alomomola|Protect|p2a: Alomomola\n|-singleturn|p2a: Alomomola|Protect\n|move|p1a: Clawitzer|Dragon Pulse|p2a: Alomomola\n|-activate|p2a: Alomomola|move: Protect\n|\n|-damage|p2a: Alomomola|62\/100 psn|[from] psn\n|-damage|p1a: Clawitzer|21\/100|[from] Salt Cure\n|upkeep\n|turn|46\n|\n|t:|1700373508\n|move|p2a: Alomomola|Wish|p2a: Alomomola\n|move|p1a: Clawitzer|Dragon Pulse|p2a: Alomomola\n|-damage|p2a: Alomomola|0 fnt\n|faint|p2a: Alomomola\n|\n|-damage|p1a: Clawitzer|9\/100|[from] Salt Cure\n|upkeep\n|\n|t:|1700373510\n|switch|p2a: Dondozo|Dondozo, F, tera:Dragon|100\/100\n|-damage|p2a: Dondozo|88\/100|[from] Stealth Rock\n|-status|p2a: Dondozo|psn\n|turn|47\n|\n|t:|1700373514\n|move|p1a: Clawitzer|Dragon Pulse|p2a: Dondozo\n|-supereffective|p2a: Dondozo\n|-damage|p2a: Dondozo|0 fnt\n|faint|p2a: Dondozo\n|\n|win|CosmicTaiyo\n|raw|CosmicTaiyo's rating: 1546 &rarr; <strong>1564<\/strong><br \/>(+18 for winning)\n|raw|baibian's rating: 1504 &rarr; <strong>1486<\/strong><br \/>(-18 for losing)\n","uploadtime":1700373522,"views":7,"p1id":"cosmictaiyo","p2id":"baibian","formatid":"gen9nationaldex","rating":1486,"private":0,"password":""}