{"id":"gen9nationaldex-2000328150","p1":"Yve50","p2":"Laidla\u2764","format":"[Gen 9] National Dex","log":"|html|<div class=\"broadcast-blue\"><strong>[Gen 9] National Dex is currently suspecting Sneasler! For information on how to participate check out the <a href=\"https:\/\/www.smogon.com\/forums\/threads\/sv-national-dex-suspect-8-just-dance.3731534\/\">suspect thread<\/a>.<\/strong><\/div>\n|j|\u2606Yve50\n|j|\u203dLaidla\u2764\n|t:|1701185365\n|gametype|singles\n|player|p1|Yve50|266|1167\n|player|p2|Laidla\u2764|lady-gen4|1100\n|teamsize|p1|6\n|teamsize|p2|6\n|gen|9\n|tier|[Gen 9] National Dex\n|rated|\n|rule|HP Percentage Mod: HP is shown in percentages\n|rule|Endless Battle Clause: Forcing endless battles is banned\n|rule|OHKO Clause: OHKO moves are banned\n|rule|Evasion Clause: Evasion abilities, items, and moves are banned\n|rule|Evasion Abilities Clause: Evasion abilities are banned\n|rule|Evasion Items Clause: Evasion items are banned\n|rule|Evasion Moves Clause: Evasion moves are banned\n|rule|Species Clause: Limit one of each Pok\u00e9mon\n|rule|Sleep Clause Mod: Limit one foe put to sleep\n|clearpoke\n|poke|p1|Sneasler, F|\n|poke|p1|Tapu Koko|\n|poke|p1|Lopunny, M|\n|poke|p1|Zapdos|\n|poke|p1|Alomomola, F|\n|poke|p1|Ribombee, F|\n|poke|p2|Pikachu, F|\n|poke|p2|Venusaur, F|\n|poke|p2|Charizard, F|\n|poke|p2|Blastoise, F|\n|poke|p2|Espeon, F|\n|poke|p2|Snorlax, F|\n|teampreview\n|inactive|Battle timer is ON: inactive players will automatically lose when time's up. (requested by Laidla\u2764)\n|inactive|Laidla\u2764 has 120 seconds left.\n|inactive|Laidla\u2764 has 90 seconds left.\n|inactive|Laidla\u2764 has 60 seconds left.\n|\n|t:|1701185461\n|start\n|switch|p1a: Sneasler|Sneasler, F|100\/100\n|switch|p2a: Espeon|Espeon, F|100\/100\n|turn|1\n|inactive|Laidla\u2764 has 120 seconds left.\n|\n|t:|1701185473\n|move|p1a: Sneasler|U-turn|p2a: Espeon\n|-supereffective|p2a: Espeon\n|-damage|p2a: Espeon|15\/100\n|\n|t:|1701185476\n|switch|p1a: Alomomola|Alomomola, F|100\/100|[from] U-turn\n|move|p2a: Espeon|Psychic|p1a: Alomomola\n|-damage|p1a: Alomomola|59\/100\n|\n|upkeep\n|turn|2\n|inactive|Laidla\u2764 has 120 seconds left.\n|\n|t:|1701185498\n|switch|p2a: Venusaur|Venusaur, F|100\/100\n|move|p1a: Alomomola|Flip Turn|p2a: Venusaur\n|-resisted|p2a: Venusaur\n|-damage|p2a: Venusaur|92\/100\n|\n|t:|1701185514\n|switch|p1a: Zapdos|Zapdos|100\/100|[from] Flip Turn\n|\n|upkeep\n|turn|3\n|\n|t:|1701185520\n|switch|p2a: Snorlax|Snorlax, F|100\/100\n|-terastallize|p1a: Zapdos|Flying\n|move|p1a: Zapdos|Tera Blast|p2a: Snorlax|[anim] Tera Blast Flying\n|-damage|p2a: Snorlax|60\/100\n|\n|-heal|p2a: Snorlax|66\/100|[from] item: Leftovers\n|upkeep\n|turn|4\n|\n|t:|1701185530\n|switch|p1a: Alomomola|Alomomola, F|92\/100\n|move|p2a: Snorlax|Frustration|p1a: Alomomola\n|-damage|p1a: Alomomola|70\/100\n|\n|-heal|p2a: Snorlax|72\/100|[from] item: Leftovers\n|upkeep\n|turn|5\n|\n|t:|1701185544\n|move|p1a: Alomomola|Flip Turn|p2a: Snorlax\n|-damage|p2a: Snorlax|60\/100\n|\n|t:|1701185549\n|switch|p1a: Zapdos|Zapdos, tera:Flying|100\/100|[from] Flip Turn\n|move|p2a: Snorlax|Frustration|p1a: Zapdos\n|-damage|p1a: Zapdos|53\/100\n|-status|p2a: Snorlax|par|[from] ability: Static|[of] p1a: Zapdos\n|\n|-heal|p2a: Snorlax|66\/100 par|[from] item: Leftovers\n|upkeep\n|turn|6\n|\n|t:|1701185558\n|switch|p2a: Pikachu|Pikachu, F|100\/100\n|move|p1a: Zapdos|Volt Switch|p2a: Pikachu\n|-ability|p2a: Pikachu|Lightning Rod|boost\n|-boost|p2a: Pikachu|spa|1\n|\n|upkeep\n|turn|7\n|\n|t:|1701185572\n|switch|p1a: Tapu Koko|Tapu Koko|100\/100\n|-fieldstart|move: Electric Terrain|[from] ability: Electric Surge|[of] p1a: Tapu Koko\n|move|p2a: Pikachu|Volt Tackle|p1a: Tapu Koko\n|-resisted|p1a: Tapu Koko\n|-damage|p1a: Tapu Koko|30\/100\n|-damage|p2a: Pikachu|70\/100|[from] Recoil\n|\n|upkeep\n|turn|8\n|\n|t:|1701185586\n|move|p2a: Pikachu|Extreme Speed|p1a: Tapu Koko\n|-crit|p1a: Tapu Koko\n|-damage|p1a: Tapu Koko|0 fnt\n|faint|p1a: Tapu Koko\n|\n|upkeep\n|inactive|Yve50 has 120 seconds left.\n|\n|t:|1701185626\n|switch|p1a: Ribombee|Ribombee, F|100\/100\n|-enditem|p1a: Ribombee|Electric Seed\n|-boost|p1a: Ribombee|def|1|[from] item: Electric Seed\n|turn|9\n|inactive|Laidla\u2764 has 120 seconds left.\n|\n|t:|1701185665\n|switch|p2a: Blastoise|Blastoise, F|100\/100\n|move|p1a: Ribombee|Moonblast|p2a: Blastoise\n|-damage|p2a: Blastoise|71\/100\n|-unboost|p2a: Blastoise|spa|1\n|\n|-heal|p2a: Blastoise|77\/100|[from] item: Leftovers\n|upkeep\n|turn|10\n|inactive|Laidla\u2764 has 120 seconds left.\n|\n|t:|1701185675\n|move|p1a: Ribombee|Quiver Dance|p1a: Ribombee\n|-boost|p1a: Ribombee|spa|1\n|-boost|p1a: Ribombee|spd|1\n|-boost|p1a: Ribombee|spe|1\n|move|p2a: Blastoise|Roar|p1a: Ribombee\n|drag|p1a: Alomomola|Alomomola, F|100\/100\n|\n|-heal|p2a: Blastoise|83\/100|[from] item: Leftovers\n|upkeep\n|turn|11\n|\n|t:|1701185684\n|switch|p2a: Espeon|Espeon, F|15\/100\n|move|p1a: Alomomola|Knock Off|p2a: Espeon\n|-supereffective|p2a: Espeon\n|-damage|p2a: Espeon|0 fnt\n|-enditem|p2a: Espeon|Choice Specs|[from] move: Knock Off|[of] p1a: Alomomola\n|faint|p2a: Espeon\n|\n|-fieldend|move: Electric Terrain\n|upkeep\n|\n|t:|1701185692\n|switch|p2a: Pikachu|Pikachu, F|70\/100\n|turn|12\n|\n|t:|1701185702\n|move|p2a: Pikachu|Fake Out|p1a: Alomomola\n|-crit|p1a: Alomomola\n|-damage|p1a: Alomomola|84\/100\n|cant|p1a: Alomomola|flinch\n|\n|upkeep\n|turn|13\n|\n|t:|1701185707\n|move|p2a: Pikachu|Volt Tackle|p1a: Alomomola\n|-supereffective|p1a: Alomomola\n|-damage|p1a: Alomomola|0 fnt\n|faint|p1a: Alomomola\n|-damage|p2a: Pikachu|8\/100|[from] Recoil\n|\n|upkeep\n|\n|t:|1701185712\n|switch|p1a: Lopunny|Lopunny, M|100\/100\n|turn|14\n|\n|t:|1701185716\n|switch|p2a: Blastoise|Blastoise, F|83\/100\n|detailschange|p1a: Lopunny|Lopunny-Mega, M\n|-mega|p1a: Lopunny|Lopunny|Lopunnite\n|move|p1a: Lopunny|Fake Out|p2a: Blastoise\n|-damage|p2a: Blastoise|69\/100\n|\n|-heal|p2a: Blastoise|75\/100|[from] item: Leftovers\n|upkeep\n|turn|15\n|\n|t:|1701185724\n|move|p1a: Lopunny|U-turn|p2a: Blastoise\n|-damage|p2a: Blastoise|59\/100\n|\n|t:|1701185728\n|switch|p1a: Ribombee|Ribombee, F|100\/100|[from] U-turn\n|move|p2a: Blastoise|Scald|p1a: Ribombee\n|-damage|p1a: Ribombee|66\/100\n|\n|-heal|p2a: Blastoise|65\/100|[from] item: Leftovers\n|upkeep\n|turn|16\n|\n|t:|1701185737\n|switch|p2a: Snorlax|Snorlax, F|66\/100 par\n|move|p1a: Ribombee|Moonblast|p2a: Snorlax\n|-damage|p2a: Snorlax|50\/100 par\n|\n|-heal|p2a: Snorlax|56\/100 par|[from] item: Leftovers\n|upkeep\n|turn|17\n|\n|t:|1701185744\n|move|p1a: Ribombee|Quiver Dance|p1a: Ribombee\n|-boost|p1a: Ribombee|spa|1\n|-boost|p1a: Ribombee|spd|1\n|-boost|p1a: Ribombee|spe|1\n|move|p2a: Snorlax|Frustration|p1a: Ribombee\n|-damage|p1a: Ribombee|4\/100\n|\n|-heal|p2a: Snorlax|62\/100 par|[from] item: Leftovers\n|upkeep\n|turn|18\n|\n|t:|1701185754\n|move|p1a: Ribombee|Stored Power|p2a: Snorlax\n|-damage|p2a: Snorlax|49\/100 par\n|cant|p2a: Snorlax|par\n|\n|-heal|p2a: Snorlax|55\/100 par|[from] item: Leftovers\n|upkeep\n|turn|19\n|\n|t:|1701185761\n|move|p1a: Ribombee|Moonblast|p2a: Snorlax\n|-damage|p2a: Snorlax|31\/100 par\n|move|p2a: Snorlax|Frustration|p1a: Ribombee\n|-damage|p1a: Ribombee|0 fnt\n|faint|p1a: Ribombee\n|\n|-heal|p2a: Snorlax|37\/100 par|[from] item: Leftovers\n|upkeep\n|\n|t:|1701185784\n|switch|p1a: Lopunny|Lopunny-Mega, M|100\/100\n|turn|20\n|\n|t:|1701185790\n|move|p1a: Lopunny|Close Combat|p2a: Snorlax\n|-supereffective|p2a: Snorlax\n|-damage|p2a: Snorlax|0 fnt\n|-unboost|p1a: Lopunny|def|1\n|-unboost|p1a: Lopunny|spd|1\n|faint|p2a: Snorlax\n|\n|upkeep\n|\n|t:|1701185797\n|switch|p2a: Pikachu|Pikachu, F|8\/100\n|turn|21\n|\n|t:|1701185803\n|move|p2a: Pikachu|Fake Out|p1a: Lopunny\n|-damage|p1a: Lopunny|65\/100\n|cant|p1a: Lopunny|flinch\n|\n|upkeep\n|turn|22\n|\n|t:|1701185810\n|move|p2a: Pikachu|Extreme Speed|p1a: Lopunny\n|-damage|p1a: Lopunny|0 fnt\n|faint|p1a: Lopunny\n|\n|upkeep\n|\n|t:|1701185816\n|switch|p1a: Sneasler|Sneasler, F|100\/100\n|turn|23\n|\n|t:|1701185821\n|switch|p2a: Blastoise|Blastoise, F|65\/100\n|move|p1a: Sneasler|Close Combat|p2a: Blastoise\n|-damage|p2a: Blastoise|23\/100\n|-unboost|p1a: Sneasler|def|1\n|-unboost|p1a: Sneasler|spd|1\n|\n|-heal|p2a: Blastoise|30\/100|[from] item: Leftovers\n|upkeep\n|turn|24\n|\n|t:|1701185830\n|move|p1a: Sneasler|Close Combat|p2a: Blastoise\n|-damage|p2a: Blastoise|0 fnt\n|-unboost|p1a: Sneasler|def|1\n|-unboost|p1a: Sneasler|spd|1\n|faint|p2a: Blastoise\n|\n|upkeep\n|\n|t:|1701185840\n|switch|p2a: Charizard|Charizard, F|100\/100\n|turn|25\n|\n|t:|1701185844\n|move|p1a: Sneasler|Close Combat|p2a: Charizard\n|-resisted|p2a: Charizard\n|-damage|p2a: Charizard|55\/100\n|-unboost|p1a: Sneasler|def|1\n|-unboost|p1a: Sneasler|spd|1\n|move|p2a: Charizard|Fire Blast|p1a: Sneasler\n|-crit|p1a: Sneasler\n|-damage|p1a: Sneasler|0 fnt\n|faint|p1a: Sneasler\n|\n|upkeep\n|\n|t:|1701185851\n|switch|p1a: Zapdos|Zapdos, tera:Flying|53\/100\n|turn|26\n|\n|t:|1701185855\n|move|p2a: Charizard|Overheat|p1a: Zapdos\n|-damage|p1a: Zapdos|0 fnt\n|-unboost|p2a: Charizard|spa|2\n|faint|p1a: Zapdos\n|\n|win|Laidla\u2764\n|raw|Yve50's rating: 1167 &rarr; <strong>1137<\/strong><br \/>(-30 for losing)\n|raw|Laidla\u2764's rating: 1100 &rarr; <strong>1130<\/strong><br \/>(+30 for winning)\n|l|\u2606Yve50\n","uploadtime":1701185885,"views":16,"p1id":"yve50","p2id":"laidla","formatid":"gen9nationaldex","rating":1130,"private":0,"password":""}