{"id":"gen9nationaldex-1992300463","p1":"COG_EmoGalaxyy","p2":"TGM_Destroyer","format":"[Gen 9] National Dex","log":"|j|\u2606COG_EmoGalaxyy\n|j|\u2606TGM_Destroyer\n|t:|1700172385\n|gametype|singles\n|player|p1|COG_EmoGalaxyy|170|\n|player|p2|TGM_Destroyer|1|\n|teamsize|p1|3\n|teamsize|p2|3\n|gen|9\n|tier|[Gen 9] National Dex\n|rule|HP Percentage Mod: HP is shown in percentages\n|rule|Endless Battle Clause: Forcing endless battles is banned\n|rule|OHKO Clause: OHKO moves are banned\n|rule|Evasion Clause: Evasion abilities, items, and moves are banned\n|rule|Evasion Abilities Clause: Evasion abilities are banned\n|rule|Evasion Items Clause: Evasion items are banned\n|rule|Evasion Moves Clause: Evasion moves are banned\n|rule|Species Clause: Limit one of each Pok\u00e9mon\n|rule|Sleep Clause Mod: Limit one foe put to sleep\n|clearpoke\n|poke|p1|Excadrill, M|\n|poke|p1|Mamoswine, M|\n|poke|p1|Clodsire, F|\n|poke|p2|Pincurchin, F|\n|poke|p2|Raichu-Alola, M|\n|poke|p2|Rotom-Wash|\n|teampreview\n|c|\u2606COG_EmoGalaxyy|clod\n|\n|t:|1700172423\n|start\n|switch|p1a: Clodsire|Clodsire, F|100\/100\n|switch|p2a: Raichu|Raichu-Alola, M|100\/100\n|turn|1\n|\n|t:|1700172434\n|move|p2a: Raichu|Psychic|p1a: Clodsire\n|-supereffective|p1a: Clodsire\n|-damage|p1a: Clodsire|45\/100\n|-unboost|p1a: Clodsire|spd|1\n|move|p1a: Clodsire|Yawn|p2a: Raichu\n|-start|p2a: Raichu|move: Yawn|[of] p1a: Clodsire\n|\n|upkeep\n|turn|2\n|\n|t:|1700172444\n|move|p2a: Raichu|Psychic|p1a: Clodsire\n|-supereffective|p1a: Clodsire\n|-damage|p1a: Clodsire|0 fnt\n|faint|p1a: Clodsire\n|\n|-end|p2a: Raichu|move: Yawn|[silent]\n|-status|p2a: Raichu|slp\n|upkeep\n|\n|t:|1700172448\n|switch|p1a: Mamoswine|Mamoswine, M|100\/100\n|turn|3\n|\n|t:|1700172456\n|switch|p2a: Rotom|Rotom-Wash|100\/100\n|move|p1a: Mamoswine|Trailblaze|p2a: Rotom\n|-supereffective|p2a: Rotom\n|-damage|p2a: Rotom|49\/100\n|-boost|p1a: Mamoswine|spe|1\n|-damage|p1a: Mamoswine|91\/100|[from] item: Life Orb\n|\n|-heal|p2a: Rotom|55\/100|[from] item: Leftovers\n|upkeep\n|turn|4\n|\n|t:|1700172467\n|move|p1a: Mamoswine|Trailblaze|p2a: Rotom\n|-supereffective|p2a: Rotom\n|-damage|p2a: Rotom|5\/100\n|-boost|p1a: Mamoswine|spe|1\n|-damage|p1a: Mamoswine|81\/100|[from] item: Life Orb\n|move|p2a: Rotom|Hydro Pump|p1a: Mamoswine\n|-supereffective|p1a: Mamoswine\n|-damage|p1a: Mamoswine|0 fnt\n|faint|p1a: Mamoswine\n|\n|-heal|p2a: Rotom|11\/100|[from] item: Leftovers\n|upkeep\n|\n|t:|1700172472\n|switch|p1a: Excadrill|Excadrill, M|100\/100\n|-ability|p1a: Excadrill|Mold Breaker\n|turn|5\n|\n|t:|1700172483\n|move|p1a: Excadrill|Earthquake|p2a: Rotom\n|-supereffective|p2a: Rotom\n|-damage|p2a: Rotom|0 fnt\n|faint|p2a: Rotom\n|\n|upkeep\n|\n|t:|1700172503\n|switch|p2a: Pincurchin|Pincurchin, F|100\/100\n|-fieldstart|move: Electric Terrain|[from] ability: Electric Surge|[of] p2a: Pincurchin\n|turn|6\n|\n|t:|1700172513\n|move|p1a: Excadrill|Earthquake|p2a: Pincurchin\n|-supereffective|p2a: Pincurchin\n|-damage|p2a: Pincurchin|0 fnt\n|faint|p2a: Pincurchin\n|\n|upkeep\n|\n|t:|1700172517\n|switch|p2a: Raichu|Raichu-Alola, M|100\/100 slp\n|turn|7\n|\n|t:|1700172522\n|cant|p2a: Raichu|slp\n|move|p1a: Excadrill|Earthquake|p2a: Raichu\n|-supereffective|p2a: Raichu\n|-enditem|p2a: Raichu|Focus Sash\n|-damage|p2a: Raichu|1\/100 slp\n|\n|upkeep\n|turn|8\n|\n|t:|1700172528\n|cant|p2a: Raichu|slp\n|move|p1a: Excadrill|Earthquake|p2a: Raichu\n|-supereffective|p2a: Raichu\n|-damage|p2a: Raichu|0 fnt\n|faint|p2a: Raichu\n|\n|win|COG_EmoGalaxyy\n","uploadtime":1700172531,"views":20,"p1id":"cogemogalaxyy","p2id":"tgmdestroyer","formatid":"gen9nationaldex","rating":0,"private":0,"password":""}