{"id":"gen9nationaldex-1988765045","p1":"Fallout 3 Enjoyer","p2":"Kedlimmm","format":"[Gen 9] National Dex","log":"|j|\u2606Fallout 3 Enjoyer\n|j|\u2606Kedlimmm\n|t:|1699760221\n|gametype|singles\n|player|p1|Fallout 3 Enjoyer|acetrainerf|1230\n|player|p2|Kedlimmm|cynthia|1192\n|teamsize|p1|6\n|teamsize|p2|6\n|gen|9\n|tier|[Gen 9] National Dex\n|rated|\n|rule|HP Percentage Mod: HP is shown in percentages\n|rule|Endless Battle Clause: Forcing endless battles is banned\n|rule|OHKO Clause: OHKO moves are banned\n|rule|Evasion Clause: Evasion abilities, items, and moves are banned\n|rule|Evasion Abilities Clause: Evasion abilities are banned\n|rule|Evasion Items Clause: Evasion items are banned\n|rule|Evasion Moves Clause: Evasion moves are banned\n|rule|Species Clause: Limit one of each Pok\u00e9mon\n|rule|Sleep Clause Mod: Limit one foe put to sleep\n|clearpoke\n|poke|p1|Clodsire, F|\n|poke|p1|Bellibolt, F|\n|poke|p1|Politoed, F|\n|poke|p1|Poliwrath, M|\n|poke|p1|Swampert, F|\n|poke|p1|Toxicroak, M|\n|poke|p2|Heatran, M|\n|poke|p2|Stakataka|\n|poke|p2|Hoopa-Unbound|\n|poke|p2|Cresselia, F|\n|poke|p2|Iron Hands|\n|poke|p2|Audino, F|\n|teampreview\n|inactive|Battle timer is ON: inactive players will automatically lose when time's up. (requested by Fallout 3 Enjoyer)\n|\n|t:|1699760237\n|start\n|switch|p1a: Wet Frog|Politoed, F, shiny|100\/100\n|switch|p2a: Iron Hands|Iron Hands|100\/100\n|-weather|RainDance|[from] ability: Drizzle|[of] p1a: Wet Frog\n|-enditem|p2a: Iron Hands|Booster Energy\n|-activate|p2a: Iron Hands|ability: Quark Drive|[fromitem]\n|-start|p2a: Iron Hands|quarkdriveatk\n|turn|1\n|\n|t:|1699760246\n|switch|p1a: Roid Frog|Swampert, F|100\/100\n|move|p2a: Iron Hands|Close Combat|p1a: Roid Frog\n|-damage|p1a: Roid Frog|0 fnt\n|-unboost|p2a: Iron Hands|def|1\n|-unboost|p2a: Iron Hands|spd|1\n|faint|p1a: Roid Frog\n|\n|-weather|RainDance|[upkeep]\n|upkeep\n|\n|t:|1699760248\n|switch|p1a: Dart Frog|Toxicroak, M|100\/100\n|turn|2\n|\n|t:|1699760273\n|move|p1a: Dart Frog|Fake Out|p2a: Iron Hands\n|-damage|p2a: Iron Hands|87\/100\n|cant|p2a: Iron Hands|flinch\n|\n|-weather|RainDance|[upkeep]\n|upkeep\n|turn|3\n|\n|t:|1699760278\n|move|p1a: Dart Frog|Poison Jab|p2a: Iron Hands\n|-damage|p2a: Iron Hands|47\/100\n|move|p2a: Iron Hands|Wild Charge|p1a: Dart Frog\n|-damage|p1a: Dart Frog|0 fnt\n|faint|p1a: Dart Frog\n|-damage|p2a: Iron Hands|29\/100|[from] Recoil\n|\n|-weather|RainDance|[upkeep]\n|upkeep\n|\n|t:|1699760283\n|switch|p1a: Fisty Frog|Poliwrath, M|100\/100\n|turn|4\n|\n|t:|1699760295\n|-end|p2a: Iron Hands|Quark Drive|[silent]\n|switch|p2a: Audino|Audino, F|100\/100\n|move|p1a: Fisty Frog|Waterfall|p2a: Audino\n|-damage|p2a: Audino|52\/100\n|-damage|p1a: Fisty Frog|91\/100|[from] item: Life Orb\n|\n|-weather|RainDance|[upkeep]\n|upkeep\n|turn|5\n|\n|t:|1699760302\n|detailschange|p2a: Audino|Audino-Mega, F\n|-mega|p2a: Audino|Audino|Audinite\n|move|p1a: Fisty Frog|Waterfall|p2a: Audino\n|-damage|p2a: Audino|16\/100\n|-damage|p1a: Fisty Frog|81\/100|[from] item: Life Orb\n|move|p2a: Audino|Trick Room|p2a: Audino\n|-fieldstart|move: Trick Room|[of] p2a: Audino\n|\n|-weather|RainDance|[upkeep]\n|upkeep\n|turn|6\n|\n|t:|1699760310\n|switch|p1a: Charge Frog|Bellibolt, F|100\/100\n|move|p2a: Audino|Healing Wish|p2a: Audino\n|faint|p2a: Audino\n|\n|-weather|RainDance|[upkeep]\n|upkeep\n|\n|t:|1699760314\n|switch|p2a: Stakataka|Stakataka|100\/100\n|turn|7\n|\n|t:|1699760328\n|move|p2a: Stakataka|Gyro Ball|p1a: Charge Frog\n|-resisted|p1a: Charge Frog\n|-damage|p1a: Charge Frog|81\/100\n|-start|p1a: Charge Frog|Charge|Gyro Ball|[from] ability: Electromorphosis\n|move|p1a: Charge Frog|Muddy Water|p2a: Stakataka\n|-supereffective|p2a: Stakataka\n|-damage|p2a: Stakataka|35\/100\n|\n|-weather|RainDance|[upkeep]\n|-heal|p2a: Stakataka|41\/100|[from] item: Leftovers\n|-heal|p1a: Charge Frog|87\/100|[from] item: Leftovers\n|upkeep\n|turn|8\n|\n|t:|1699760334\n|move|p2a: Stakataka|Rock Slide|p1a: Charge Frog\n|-damage|p1a: Charge Frog|61\/100\n|-start|p1a: Charge Frog|Charge|Rock Slide|[from] ability: Electromorphosis\n|cant|p1a: Charge Frog|flinch\n|-end|p1a: Charge Frog|Charge|[silent]\n|\n|-weather|none\n|-heal|p2a: Stakataka|47\/100|[from] item: Leftovers\n|-heal|p1a: Charge Frog|67\/100|[from] item: Leftovers\n|upkeep\n|turn|9\n|\n|t:|1699760340\n|move|p2a: Stakataka|Body Press|p1a: Charge Frog\n|-damage|p1a: Charge Frog|43\/100\n|-start|p1a: Charge Frog|Charge|Body Press|[from] ability: Electromorphosis\n|move|p1a: Charge Frog|Charge Beam|p2a: Stakataka\n|-damage|p2a: Stakataka|11\/100\n|-boost|p1a: Charge Frog|spa|1\n|-end|p1a: Charge Frog|Charge|[silent]\n|\n|-heal|p2a: Stakataka|17\/100|[from] item: Leftovers\n|-heal|p1a: Charge Frog|49\/100|[from] item: Leftovers\n|-fieldend|move: Trick Room\n|upkeep\n|turn|10\n|\n|t:|1699760348\n|move|p1a: Charge Frog|Parabolic Charge|p2a: Stakataka\n|-damage|p2a: Stakataka|0 fnt\n|-heal|p1a: Charge Frog|56\/100|[from] drain|[of] p2a: Stakataka\n|faint|p2a: Stakataka\n|\n|-heal|p1a: Charge Frog|62\/100|[from] item: Leftovers\n|upkeep\n|\n|t:|1699760352\n|switch|p2a: Iron Hands|Iron Hands|29\/100\n|-heal|p2a: Iron Hands|100\/100|[from] move: Healing Wish\n|turn|11\n|\n|t:|1699760374\n|move|p1a: Charge Frog|Muddy Water|p2a: Iron Hands|[miss]\n|-miss|p1a: Charge Frog|p2a: Iron Hands\n|move|p2a: Iron Hands|Close Combat|p1a: Charge Frog\n|-damage|p1a: Charge Frog|15\/100\n|-unboost|p2a: Iron Hands|def|1\n|-unboost|p2a: Iron Hands|spd|1\n|-start|p1a: Charge Frog|Charge|Close Combat|[from] ability: Electromorphosis\n|\n|-heal|p1a: Charge Frog|22\/100|[from] item: Leftovers\n|upkeep\n|turn|12\n|\n|t:|1699760382\n|move|p1a: Charge Frog|Muddy Water|p2a: Iron Hands\n|-damage|p2a: Iron Hands|62\/100\n|-unboost|p2a: Iron Hands|accuracy|1\n|move|p2a: Iron Hands|Close Combat|p1a: Charge Frog\n|-damage|p1a: Charge Frog|0 fnt\n|-unboost|p2a: Iron Hands|def|1\n|-unboost|p2a: Iron Hands|spd|1\n|faint|p1a: Charge Frog\n|\n|upkeep\n|\n|t:|1699760385\n|switch|p1a: Wet Frog|Politoed, F, shiny|100\/100\n|-weather|RainDance|[from] ability: Drizzle|[of] p1a: Wet Frog\n|turn|13\n|\n|t:|1699760392\n|-end|p2a: Iron Hands|Quark Drive|[silent]\n|switch|p2a: Hoopa|Hoopa-Unbound|100\/100\n|-terastallize|p1a: Wet Frog|Grass\n|move|p1a: Wet Frog|Earth Power|p2a: Hoopa\n|-damage|p2a: Hoopa|85\/100\n|-unboost|p2a: Hoopa|spd|1\n|\n|-weather|RainDance|[upkeep]\n|upkeep\n|turn|14\n|\n|t:|1699760398\n|move|p2a: Hoopa|Trick|p1a: Wet Frog\n|-activate|p2a: Hoopa|move: Trick|[of] p1a: Wet Frog\n|-item|p1a: Wet Frog|Choice Scarf|[from] move: Trick\n|-item|p2a: Hoopa|Damp Rock|[from] move: Trick\n|move|p1a: Wet Frog|Scald|p2a: Hoopa\n|-damage|p2a: Hoopa|39\/100\n|-status|p2a: Hoopa|brn\n|\n|-weather|RainDance|[upkeep]\n|-damage|p2a: Hoopa|33\/100 brn|[from] brn\n|upkeep\n|turn|15\n|\n|t:|1699760404\n|move|p1a: Wet Frog|Scald|p2a: Hoopa\n|-damage|p2a: Hoopa|0 fnt\n|faint|p2a: Hoopa\n|\n|-weather|RainDance|[upkeep]\n|upkeep\n|\n|t:|1699760410\n|switch|p2a: Cresselia|Cresselia, F|100\/100\n|turn|16\n|\n|t:|1699760415\n|switch|p1a: Fisty Frog|Poliwrath, M|81\/100\n|move|p2a: Cresselia|Trick Room|p2a: Cresselia\n|-fieldstart|move: Trick Room|[of] p2a: Cresselia\n|\n|-weather|RainDance|[upkeep]\n|upkeep\n|turn|17\n|\n|t:|1699760421\n|move|p2a: Cresselia|Lunar Dance|p2a: Cresselia\n|faint|p2a: Cresselia\n|move|p1a: Fisty Frog|Darkest Lariat|p2: Cresselia|[notarget]\n|-fail|p1a: Fisty Frog\n|\n|-weather|RainDance|[upkeep]\n|upkeep\n|\n|t:|1699760424\n|switch|p2a: Iron Hands|Iron Hands|62\/100\n|-heal|p2a: Iron Hands|100\/100|[from] move: Lunar Dance\n|turn|18\n|\n|t:|1699760434\n|switch|p1a: Chunky Frog|Clodsire, F|100\/100\n|move|p2a: Iron Hands|Close Combat|p1a: Chunky Frog\n|-resisted|p1a: Chunky Frog\n|-damage|p1a: Chunky Frog|73\/100\n|-unboost|p2a: Iron Hands|def|1\n|-unboost|p2a: Iron Hands|spd|1\n|\n|-weather|RainDance|[upkeep]\n|-heal|p1a: Chunky Frog|79\/100|[from] item: Black Sludge\n|upkeep\n|turn|19\n|\n|t:|1699760439\n|move|p1a: Chunky Frog|Earthquake|p2a: Iron Hands\n|-supereffective|p2a: Iron Hands\n|-damage|p2a: Iron Hands|44\/100\n|move|p2a: Iron Hands|Swords Dance|p2a: Iron Hands\n|-boost|p2a: Iron Hands|atk|2\n|\n|-weather|RainDance|[upkeep]\n|-heal|p1a: Chunky Frog|85\/100|[from] item: Black Sludge\n|upkeep\n|turn|20\n|\n|t:|1699760445\n|-terastallize|p2a: Iron Hands|Water\n|move|p1a: Chunky Frog|Earthquake|p2a: Iron Hands\n|-damage|p2a: Iron Hands|17\/100\n|move|p2a: Iron Hands|Ice Punch|p1a: Chunky Frog\n|-supereffective|p1a: Chunky Frog\n|-damage|p1a: Chunky Frog|5\/100\n|\n|-weather|none\n|-heal|p1a: Chunky Frog|11\/100|[from] item: Black Sludge\n|-fieldend|move: Trick Room\n|upkeep\n|turn|21\n|\n|t:|1699760454\n|move|p2a: Iron Hands|Ice Punch|p1a: Chunky Frog\n|-supereffective|p1a: Chunky Frog\n|-damage|p1a: Chunky Frog|0 fnt\n|faint|p1a: Chunky Frog\n|\n|upkeep\n|\n|t:|1699760455\n|switch|p1a: Wet Frog|Politoed, F, shiny, tera:Grass|100\/100\n|-weather|RainDance|[from] ability: Drizzle|[of] p1a: Wet Frog\n|turn|22\n|\n|t:|1699760459\n|move|p1a: Wet Frog|Scald|p2a: Iron Hands\n|-resisted|p2a: Iron Hands\n|-damage|p2a: Iron Hands|0 fnt\n|faint|p2a: Iron Hands\n|-end|p2a: Iron Hands|Quark Drive|[silent]\n|\n|-weather|RainDance|[upkeep]\n|upkeep\n|\n|t:|1699760461\n|switch|p2a: Heatran|Heatran, M|100\/100\n|turn|23\n|\n|t:|1699760465\n|move|p1a: Wet Frog|Scald|p2a: Heatran\n|-supereffective|p2a: Heatran\n|-damage|p2a: Heatran|30\/100\n|move|p2a: Heatran|Fire Blast|p1a: Wet Frog\n|-supereffective|p1a: Wet Frog\n|-damage|p1a: Wet Frog|31\/100\n|\n|-weather|RainDance|[upkeep]\n|upkeep\n|turn|24\n|-message|Kedlimmm forfeited.\n|\n|win|Fallout 3 Enjoyer\n|raw|Fallout 3 Enjoyer's rating: 1230 &rarr; <strong>1252<\/strong><br \/>(+22 for winning)\n|raw|Kedlimmm's rating: 1192 &rarr; <strong>1170<\/strong><br \/>(-22 for losing)\n|l|\u2606Kedlimmm\n","uploadtime":1699760471,"views":6,"p1id":"fallout3enjoyer","p2id":"kedlimmm","formatid":"gen9nationaldex","rating":1170,"private":0,"password":""}