{"id":"gen9nationaldex-1989148552","p1":"Jor99fran","p2":"JesusPizzaCrusher","format":"[Gen 9] National Dex","log":"|j|\u2606Jor99fran\n|j|\u2606JesusPizzaCrusher\n|t:|1699817392\n|gametype|singles\n|player|p1|Jor99fran|ghetsis|\n|player|p2|JesusPizzaCrusher|hugh|\n|teamsize|p1|6\n|teamsize|p2|6\n|gen|9\n|tier|[Gen 9] National Dex\n|rule|HP Percentage Mod: HP is shown in percentages\n|rule|Endless Battle Clause: Forcing endless battles is banned\n|rule|OHKO Clause: OHKO moves are banned\n|rule|Evasion Clause: Evasion abilities, items, and moves are banned\n|rule|Evasion Abilities Clause: Evasion abilities are banned\n|rule|Evasion Items Clause: Evasion items are banned\n|rule|Evasion Moves Clause: Evasion moves are banned\n|rule|Species Clause: Limit one of each Pok\u00e9mon\n|rule|Sleep Clause Mod: Limit one foe put to sleep\n|clearpoke\n|poke|p1|Zoroark-Hisui, M|\n|poke|p1|Mimikyu, F|\n|poke|p1|Froslass, F|\n|poke|p1|Ceruledge, F|\n|poke|p1|Mismagius, F|\n|poke|p1|Typhlosion-Hisui, F|\n|poke|p2|Scizor, F|\n|poke|p2|Volcarona, F|\n|poke|p2|Pinsir, F|\n|poke|p2|Lokix, F|\n|poke|p2|Galvantula, F|\n|poke|p2|Araquanid, F|\n|teampreview\n|\n|t:|1699817408\n|start\n|switch|p1a: Froslass|Froslass, F|100\/100\n|switch|p2a: Galvantula|Galvantula, F, shiny|100\/100\n|turn|1\n|c|\u2606JesusPizzaCrusher|bishos\n|\n|t:|1699817416\n|move|p1a: Froslass|Spikes|p2a: Galvantula\n|-sidestart|p2: JesusPizzaCrusher|Spikes\n|move|p2a: Galvantula|Thunder Wave|p1a: Froslass\n|-status|p1a: Froslass|par\n|\n|upkeep\n|turn|2\n|c|\u2606Jor99fran|me la pelan\n|\n|t:|1699817421\n|move|p2a: Galvantula|Sticky Web|p1a: Froslass\n|-sidestart|p1: Jor99fran|move: Sticky Web\n|move|p1a: Froslass|Spikes|p2a: Galvantula\n|-sidestart|p2: JesusPizzaCrusher|Spikes\n|\n|upkeep\n|turn|3\n|\n|t:|1699817426\n|move|p2a: Galvantula|Discharge|p1a: Froslass\n|-damage|p1a: Froslass|46\/100 par\n|move|p1a: Froslass|Taunt|p2a: Galvantula\n|-start|p2a: Galvantula|move: Taunt\n|\n|upkeep\n|turn|4\n|c|\u2606Jor99fran|no dischargue?\n|\n|t:|1699817438\n|move|p2a: Galvantula|Discharge|p1a: Froslass\n|-damage|p1a: Froslass|0 fnt\n|faint|p1a: Froslass\n|\n|upkeep\n|c|\u2606Jor99fran|QUE\n|\n|t:|1699817452\n|switch|p1a: Ceruledge|Ceruledge, F|100\/100\n|-activate|p1a: Ceruledge|move: Sticky Web\n|-unboost|p1a: Ceruledge|spe|1\n|turn|5\n|c|\u2606JesusPizzaCrusher|byebye froslass\n|\n|t:|1699817468\n|move|p2a: Galvantula|Discharge|p1a: Ceruledge\n|-damage|p1a: Ceruledge|35\/100\n|replace|p1a: Zoroark|Zoroark-Hisui, M\n|-end|p1a: Zoroark|Illusion\n|move|p1a: Zoroark|Flamethrower|p2a: Galvantula\n|-supereffective|p2a: Galvantula\n|-enditem|p2a: Galvantula|Focus Sash\n|-damage|p2a: Galvantula|1\/100\n|\n|upkeep\n|turn|6\n|\n|t:|1699817478\n|move|p2a: Galvantula|Discharge|p1a: Zoroark\n|-damage|p1a: Zoroark|0 fnt\n|faint|p1a: Zoroark\n|\n|-end|p2a: Galvantula|move: Taunt\n|upkeep\n|\n|t:|1699817484\n|switch|p1a: Ceruledge|Ceruledge, F|100\/100\n|-activate|p1a: Ceruledge|move: Sticky Web\n|-unboost|p1a: Ceruledge|spe|1\n|turn|7\n|\n|t:|1699817497\n|move|p1a: Ceruledge|Shadow Sneak|p2a: Galvantula\n|-damage|p2a: Galvantula|0 fnt\n|faint|p2a: Galvantula\n|\n|upkeep\n|\n|t:|1699817511\n|switch|p2a: Kamen Rider|Lokix, F|100\/100\n|-damage|p2a: Kamen Rider|84\/100|[from] Spikes\n|turn|8\n|\n|t:|1699817527\n|move|p2a: Kamen Rider|First Impression|p1a: Ceruledge\n|-resisted|p1a: Ceruledge\n|-damage|p1a: Ceruledge|66\/100\n|-ability|p1a: Ceruledge|Weak Armor|boost\n|-unboost|p1a: Ceruledge|def|1\n|-boost|p1a: Ceruledge|spe|2\n|-damage|p2a: Kamen Rider|74\/100|[from] item: Life Orb\n|move|p1a: Ceruledge|Close Combat|p2a: Kamen Rider\n|-crit|p2a: Kamen Rider\n|-damage|p2a: Kamen Rider|0 fnt\n|-unboost|p1a: Ceruledge|def|1\n|-unboost|p1a: Ceruledge|spd|1\n|faint|p2a: Kamen Rider\n|\n|upkeep\n|c|\u2606JesusPizzaCrusher|no entiendo first impression\n|c|\u2606JesusPizzaCrusher|se supone que hace flinch\n|c|\u2606Jor99fran|ataca primero\n|\n|t:|1699817566\n|switch|p2a: Volcarona|Volcarona, F|100\/100\n|turn|9\n|\n|t:|1699817586\n|-terastallize|p1a: Ceruledge|Ghost\n|-terastallize|p2a: Volcarona|Fire\n|move|p1a: Ceruledge|Bitter Blade|p2a: Volcarona\n|-resisted|p2a: Volcarona\n|-damage|p2a: Volcarona|79\/100\n|-heal|p1a: Ceruledge|80\/100|[from] drain|[of] p2a: Volcarona\n|move|p2a: Volcarona|Quiver Dance|p2a: Volcarona\n|-boost|p2a: Volcarona|spa|1\n|-boost|p2a: Volcarona|spd|1\n|-boost|p2a: Volcarona|spe|1\n|\n|upkeep\n|turn|10\n|\n|t:|1699817603\n|move|p1a: Ceruledge|Swords Dance|p1a: Ceruledge\n|-boost|p1a: Ceruledge|atk|2\n|move|p2a: Volcarona|Fiery Dance|p1a: Ceruledge\n|-damage|p1a: Ceruledge|0 fnt\n|-boost|p2a: Volcarona|spa|1\n|faint|p1a: Ceruledge\n|\n|upkeep\n|\n|t:|1699817610\n|switch|p1a: Typhlosion|Typhlosion-Hisui, F|100\/100\n|-item|p2a: Volcarona|Heavy-Duty Boots|[from] ability: Frisk|[of] p1a: Typhlosion|[identify]\n|turn|11\n|\n|t:|1699817623\n|move|p2a: Volcarona|Quiver Dance|p2a: Volcarona\n|-boost|p2a: Volcarona|spa|1\n|-boost|p2a: Volcarona|spd|1\n|-boost|p2a: Volcarona|spe|1\n|move|p1a: Typhlosion|Shadow Ball|p2a: Volcarona\n|-damage|p2a: Volcarona|61\/100\n|\n|upkeep\n|turn|12\n|\n|t:|1699817636\n|move|p2a: Volcarona|Roost|p2a: Volcarona\n|-heal|p2a: Volcarona|100\/100\n|move|p1a: Typhlosion|Infernal Parade|p2a: Volcarona\n|-damage|p2a: Volcarona|87\/100\n|\n|upkeep\n|turn|13\n|\n|t:|1699817648\n|move|p2a: Volcarona|Quiver Dance|p2a: Volcarona\n|-boost|p2a: Volcarona|spa|1\n|-boost|p2a: Volcarona|spd|1\n|-boost|p2a: Volcarona|spe|1\n|move|p1a: Typhlosion|Fire Blast|p2a: Volcarona\n|-resisted|p2a: Volcarona\n|-damage|p2a: Volcarona|77\/100\n|\n|upkeep\n|turn|14\n|\n|t:|1699817664\n|move|p2a: Volcarona|Quiver Dance|p2a: Volcarona\n|-boost|p2a: Volcarona|spa|1\n|-boost|p2a: Volcarona|spd|1\n|-boost|p2a: Volcarona|spe|1\n|move|p1a: Typhlosion|Fire Blast|p2a: Volcarona|[miss]\n|-miss|p1a: Typhlosion|p2a: Volcarona\n|\n|upkeep\n|turn|15\n|\n|t:|1699817672\n|move|p2a: Volcarona|Roost|p2a: Volcarona\n|-heal|p2a: Volcarona|100\/100\n|move|p1a: Typhlosion|Will-O-Wisp|p2a: Volcarona\n|-immune|p2a: Volcarona\n|\n|upkeep\n|turn|16\n|c|\u2606JesusPizzaCrusher|gracias por el setup\n|\n|t:|1699817682\n|move|p2a: Volcarona|Quiver Dance|p2a: Volcarona\n|-boost|p2a: Volcarona|spa|1\n|-boost|p2a: Volcarona|spd|1\n|-boost|p2a: Volcarona|spe|1\n|move|p1a: Typhlosion|Shadow Ball|p2a: Volcarona\n|-damage|p2a: Volcarona|90\/100\n|\n|upkeep\n|turn|17\n|c|\u2606JesusPizzaCrusher|se te aprecia musho\n|\n|t:|1699817692\n|move|p2a: Volcarona|Bug Buzz|p1a: Typhlosion\n|-resisted|p1a: Typhlosion\n|-damage|p1a: Typhlosion|43\/100\n|move|p1a: Typhlosion|Shadow Ball|p2a: Volcarona\n|-damage|p2a: Volcarona|79\/100\n|\n|upkeep\n|turn|18\n|\n|t:|1699817704\n|move|p2a: Volcarona|Roost|p2a: Volcarona\n|-heal|p2a: Volcarona|100\/100\n|move|p1a: Typhlosion|Shadow Ball|p2a: Volcarona\n|-damage|p2a: Volcarona|91\/100\n|\n|upkeep\n|turn|19\n|\n|t:|1699817713\n|move|p2a: Volcarona|Bug Buzz|p1a: Typhlosion\n|-resisted|p1a: Typhlosion\n|-damage|p1a: Typhlosion|0 fnt\n|faint|p1a: Typhlosion\n|\n|upkeep\n|\n|t:|1699817717\n|switch|p1a: Mismagius|Mismagius, F|100\/100\n|turn|20\n|\n|t:|1699817729\n|move|p2a: Volcarona|Quiver Dance|p2a: Volcarona\n|-boost|p2a: Volcarona|spa|0\n|-boost|p2a: Volcarona|spd|1\n|-boost|p2a: Volcarona|spe|1\n|move|p1a: Mismagius|Destiny Bond|p1a: Mismagius\n|-singlemove|p1a: Mismagius|Destiny Bond\n|\n|upkeep\n|turn|21\n|\n|t:|1699817741\n|move|p2a: Volcarona|Quiver Dance|p2a: Volcarona\n|-boost|p2a: Volcarona|spa|0\n|-boost|p2a: Volcarona|spd|0\n|-boost|p2a: Volcarona|spe|0\n|move|p1a: Mismagius|Destiny Bond||[still]\n|-fail|p1a: Mismagius\n|\n|upkeep\n|turn|22\n|\n|t:|1699817748\n|move|p2a: Volcarona|Fiery Dance|p1a: Mismagius\n|-damage|p1a: Mismagius|0 fnt\n|faint|p1a: Mismagius\n|\n|upkeep\n|\n|t:|1699817753\n|switch|p1a: Mimikyu|Mimikyu, F|100\/100\n|-activate|p1a: Mimikyu|move: Sticky Web\n|-unboost|p1a: Mimikyu|spe|1\n|turn|23\n|\n|t:|1699817767\n|move|p2a: Volcarona|Bug Buzz|p1a: Mimikyu\n|-activate|p1a: Mimikyu|ability: Disguise\n|-damage|p1a: Mimikyu|100\/100\n|detailschange|p1a: Mimikyu|Mimikyu-Busted, F\n|-damage|p1a: Mimikyu|88\/100|[from] pokemon: Mimikyu-Busted\n|move|p1a: Mimikyu|Play Rough|p2a: Volcarona\n|-resisted|p2a: Volcarona\n|-damage|p2a: Volcarona|68\/100\n|-unboost|p2a: Volcarona|atk|1\n|-damage|p1a: Mimikyu|78\/100|[from] item: Life Orb\n|\n|upkeep\n|turn|24\n|c|\u2606JesusPizzaCrusher|esa cosa es la que me da miedo\n|c|\u2606Jor99fran|gg\n|c|\u2606JesusPizzaCrusher|ah pense que harias swords dance shadow sneak\n|c|\u2606JesusPizzaCrusher|gg\n|\n|t:|1699817802\n|move|p2a: Volcarona|Bug Buzz|p1a: Mimikyu\n|-resisted|p1a: Mimikyu\n|-damage|p1a: Mimikyu|25\/100\n|move|p1a: Mimikyu|Play Rough|p2a: Volcarona\n|-resisted|p2a: Volcarona\n|-damage|p2a: Volcarona|45\/100\n|-status|p1a: Mimikyu|brn|[from] ability: Flame Body|[of] p2a: Volcarona\n|-damage|p1a: Mimikyu|15\/100 brn|[from] item: Life Orb\n|\n|-damage|p1a: Mimikyu|9\/100 brn|[from] brn\n|upkeep\n|turn|25\n|c|\u2606Jor99fran|A\n|\n|t:|1699817813\n|move|p2a: Volcarona|Bug Buzz|p1a: Mimikyu\n|-resisted|p1a: Mimikyu\n|-damage|p1a: Mimikyu|0 fnt\n|faint|p1a: Mimikyu\n|\n|win|JesusPizzaCrusher\n|c|\u2606Jor99fran|igual gg\n","uploadtime":1699817818,"views":10,"p1id":"jor99fran","p2id":"jesuspizzacrusher","formatid":"gen9nationaldex","rating":0,"private":0,"password":""}