{"id":"gen9nationaldex-1987344434","p1":"Prtbl_Trash","p2":"chechnya6","format":"[Gen 9] National Dex","log":"|j|\u2606Prtbl_Trash\n|j|\u2606chechnya6\n|t:|1699579880\n|gametype|singles\n|player|p1|Prtbl_Trash|steven|1414\n|player|p2|chechnya6|elesa-masters|1428\n|teamsize|p1|6\n|teamsize|p2|6\n|gen|9\n|tier|[Gen 9] National Dex\n|rated|\n|rule|HP Percentage Mod: HP is shown in percentages\n|rule|Endless Battle Clause: Forcing endless battles is banned\n|rule|OHKO Clause: OHKO moves are banned\n|rule|Evasion Clause: Evasion abilities, items, and moves are banned\n|rule|Evasion Abilities Clause: Evasion abilities are banned\n|rule|Evasion Items Clause: Evasion items are banned\n|rule|Evasion Moves Clause: Evasion moves are banned\n|rule|Species Clause: Limit one of each Pok\u00e9mon\n|rule|Sleep Clause Mod: Limit one foe put to sleep\n|clearpoke\n|poke|p1|Armaldo, F|\n|poke|p1|Gliscor, M|\n|poke|p1|Rotom-Wash|\n|poke|p1|Venusaur, M|\n|poke|p1|Tauros-Paldea-Blaze, M|\n|poke|p1|Alakazam, F|\n|poke|p2|Pelipper, M|\n|poke|p2|Kingdra, M|\n|poke|p2|Lopunny, F|\n|poke|p2|Tapu Lele|\n|poke|p2|Ferrothorn, F|\n|poke|p2|Ditto|\n|teampreview\n|inactive|Battle timer is ON: inactive players will automatically lose when time's up. (requested by chechnya6)\n|\n|t:|1699579891\n|start\n|switch|p1a: Tauros|Tauros-Paldea-Blaze, M|100\/100\n|switch|p2a: Lopunny|Lopunny, F, shiny|100\/100\n|-ability|p1a: Tauros|Intimidate|boost\n|-unboost|p2a: Lopunny|atk|1\n|turn|1\n|\n|t:|1699579904\n|detailschange|p2a: Lopunny|Lopunny-Mega, F, shiny\n|-mega|p2a: Lopunny|Lopunny|Lopunnite\n|move|p2a: Lopunny|Fake Out|p1a: Tauros\n|-crit|p1a: Tauros\n|-damage|p1a: Tauros|64\/100\n|cant|p1a: Tauros|flinch\n|\n|upkeep\n|turn|2\n|\n|t:|1699579917\n|switch|p2a: Pelipper|Pelipper, M, shiny|100\/100\n|-weather|RainDance|[from] ability: Drizzle|[of] p2a: Pelipper\n|move|p1a: Tauros|Close Combat|p2a: Pelipper\n|-resisted|p2a: Pelipper\n|-damage|p2a: Pelipper|79\/100\n|-unboost|p1a: Tauros|def|1\n|-unboost|p1a: Tauros|spd|1\n|\n|-weather|RainDance|[upkeep]\n|upkeep\n|turn|3\n|\n|t:|1699579926\n|switch|p1a: Rotom|Rotom-Wash|100\/100\n|move|p2a: Pelipper|U-turn|p1a: Rotom\n|-damage|p1a: Rotom|91\/100\n|\n|t:|1699579936\n|switch|p2a: Ferrothorn|Ferrothorn, F, shiny|100\/100|[from] U-turn\n|\n|-weather|RainDance|[upkeep]\n|-heal|p1a: Rotom|98\/100|[from] item: Leftovers\n|upkeep\n|turn|4\n|\n|t:|1699579940\n|move|p1a: Rotom|Will-O-Wisp|p2a: Ferrothorn|[miss]\n|-miss|p1a: Rotom|p2a: Ferrothorn\n|move|p2a: Ferrothorn|Stealth Rock|p1a: Rotom\n|-sidestart|p1: Prtbl_Trash|move: Stealth Rock\n|\n|-weather|RainDance|[upkeep]\n|-heal|p1a: Rotom|100\/100|[from] item: Leftovers\n|upkeep\n|turn|5\n|\n|t:|1699579944\n|move|p1a: Rotom|Will-O-Wisp|p2a: Ferrothorn\n|-status|p2a: Ferrothorn|brn\n|move|p2a: Ferrothorn|Leech Seed|p1a: Rotom\n|-start|p1a: Rotom|move: Leech Seed\n|\n|-weather|RainDance|[upkeep]\n|-damage|p1a: Rotom|88\/100|[from] Leech Seed|[of] p2a: Ferrothorn\n|-damage|p2a: Ferrothorn|95\/100 brn|[from] brn\n|upkeep\n|turn|6\n|\n|t:|1699579947\n|move|p1a: Rotom|Defog|p2a: Ferrothorn\n|-unboost|p2a: Ferrothorn|evasion|1\n|-sideend|p1: Prtbl_Trash|Stealth Rock|[from] move: Defog|[of] p1a: Rotom\n|move|p2a: Ferrothorn|Thunder Wave|p1a: Rotom\n|-immune|p1a: Rotom\n|\n|-weather|RainDance|[upkeep]\n|-heal|p1a: Rotom|94\/100|[from] item: Leftovers\n|-damage|p1a: Rotom|82\/100|[from] Leech Seed|[of] p2a: Ferrothorn\n|-heal|p2a: Ferrothorn|100\/100 brn|[silent]\n|-damage|p2a: Ferrothorn|95\/100 brn|[from] brn\n|upkeep\n|turn|7\n|\n|t:|1699579951\n|move|p1a: Rotom|Volt Switch|p2a: Ferrothorn\n|-resisted|p2a: Ferrothorn\n|-damage|p2a: Ferrothorn|84\/100 brn\n|\n|t:|1699579955\n|switch|p1a: Gliscor|Gliscor, M|100\/100|[from] Volt Switch\n|move|p2a: Ferrothorn|Leech Seed|p1a: Gliscor|[miss]\n|-miss|p2a: Ferrothorn|p1a: Gliscor\n|\n|-weather|RainDance|[upkeep]\n|-damage|p2a: Ferrothorn|78\/100 brn|[from] brn\n|-status|p1a: Gliscor|tox|[from] item: Toxic Orb\n|upkeep\n|turn|8\n|\n|t:|1699579961\n|move|p1a: Gliscor|Stealth Rock|p2a: Ferrothorn\n|-sidestart|p2: chechnya6|move: Stealth Rock\n|move|p2a: Ferrothorn|Leech Seed|p1a: Gliscor\n|-start|p1a: Gliscor|move: Leech Seed\n|\n|-weather|RainDance|[upkeep]\n|-damage|p1a: Gliscor|88\/100 tox|[from] Leech Seed|[of] p2a: Ferrothorn\n|-heal|p2a: Ferrothorn|91\/100 brn|[silent]\n|-heal|p1a: Gliscor|100\/100 tox|[from] ability: Poison Heal\n|-damage|p2a: Ferrothorn|85\/100 brn|[from] brn\n|upkeep\n|turn|9\n|\n|t:|1699579970\n|switch|p1a: Alakazam|Alakazam, F|100\/100\n|move|p2a: Ferrothorn|Stealth Rock|p1a: Alakazam\n|-sidestart|p1: Prtbl_Trash|move: Stealth Rock\n|\n|-weather|none\n|-damage|p2a: Ferrothorn|79\/100 brn|[from] brn\n|upkeep\n|turn|10\n|\n|t:|1699579977\n|move|p1a: Alakazam|Nasty Plot|p1a: Alakazam\n|-boost|p1a: Alakazam|spa|2\n|move|p2a: Ferrothorn|Thunder Wave|p1a: Alakazam|[miss]\n|-miss|p2a: Ferrothorn|p1a: Alakazam\n|\n|-damage|p2a: Ferrothorn|73\/100 brn|[from] brn\n|upkeep\n|turn|11\n|\n|t:|1699579984\n|move|p1a: Alakazam|Focus Blast|p2a: Ferrothorn\n|-supereffective|p2a: Ferrothorn\n|-enditem|p2a: Ferrothorn|Chople Berry|[eat]\n|-enditem|p2a: Ferrothorn|Chople Berry|[weaken]\n|-damage|p2a: Ferrothorn|0 fnt\n|faint|p2a: Ferrothorn\n|\n|upkeep\n|\n|t:|1699579994\n|switch|p2a: Lopunny|Lopunny-Mega, F, shiny|100\/100\n|-damage|p2a: Lopunny|95\/100|[from] Stealth Rock\n|turn|12\n|\n|t:|1699580000\n|switch|p1a: Gliscor|Gliscor, M|100\/100 tox\n|-damage|p1a: Gliscor|88\/100 tox|[from] Stealth Rock\n|move|p2a: Lopunny|Fake Out|p1a: Gliscor\n|-damage|p1a: Gliscor|72\/100 tox\n|\n|-heal|p1a: Gliscor|84\/100 tox|[from] ability: Poison Heal\n|upkeep\n|turn|13\n|\n|t:|1699580004\n|move|p2a: Lopunny|U-turn|p1a: Gliscor\n|-resisted|p1a: Gliscor\n|-damage|p1a: Gliscor|74\/100 tox\n|\n|t:|1699580008\n|switch|p2a: Pelipper|Pelipper, M, shiny|79\/100|[from] U-turn\n|-damage|p2a: Pelipper|55\/100|[from] Stealth Rock\n|-weather|RainDance|[from] ability: Drizzle|[of] p2a: Pelipper\n|move|p1a: Gliscor|U-turn|p2a: Pelipper\n|-resisted|p2a: Pelipper\n|-damage|p2a: Pelipper|48\/100\n|\n|t:|1699580014\n|switch|p1a: Tauros|Tauros-Paldea-Blaze, M|64\/100|[from] U-turn\n|-damage|p1a: Tauros|52\/100|[from] Stealth Rock\n|-ability|p1a: Tauros|Intimidate|boost\n|-unboost|p2a: Pelipper|atk|1\n|\n|-weather|RainDance|[upkeep]\n|upkeep\n|turn|14\n|\n|t:|1699580025\n|switch|p2a: Ditto|Ditto, shiny|100\/100\n|-damage|p2a: Ditto|88\/100|[from] Stealth Rock\n|-transform|p2a: Ditto|p1a: Tauros|[from] ability: Imposter\n|-ability|p2a: Ditto|Intimidate|boost\n|-unboost|p1a: Tauros|atk|1\n|move|p1a: Tauros|Wild Charge|p2a: Ditto\n|-damage|p2a: Ditto|66\/100\n|-damage|p1a: Tauros|47\/100|[from] Recoil\n|\n|-weather|RainDance|[upkeep]\n|upkeep\n|turn|15\n|\n|t:|1699580044\n|switch|p2a: Kingdra|Kingdra, M, shiny|100\/100\n|-damage|p2a: Kingdra|88\/100|[from] Stealth Rock\n|switch|p1a: Gliscor|Gliscor, M|74\/100 tox\n|-damage|p1a: Gliscor|62\/100 tox|[from] Stealth Rock\n|\n|-weather|RainDance|[upkeep]\n|-heal|p1a: Gliscor|74\/100 tox|[from] ability: Poison Heal\n|upkeep\n|turn|16\n|\n|t:|1699580052\n|-terastallize|p2a: Kingdra|Water\n|-terastallize|p1a: Gliscor|Fairy\n|move|p2a: Kingdra|Surf|p1a: Gliscor\n|-damage|p1a: Gliscor|0 fnt\n|faint|p1a: Gliscor\n|\n|-weather|RainDance|[upkeep]\n|upkeep\n|\n|t:|1699580058\n|switch|p1a: Venusaur|Venusaur, M|100\/100\n|-damage|p1a: Venusaur|88\/100|[from] Stealth Rock\n|turn|17\n|\n|t:|1699580065\n|switch|p2a: Tapu Lele|Tapu Lele, shiny|100\/100\n|-damage|p2a: Tapu Lele|88\/100|[from] Stealth Rock\n|-fieldstart|move: Psychic Terrain|[from] ability: Psychic Surge|[of] p2a: Tapu Lele\n|detailschange|p1a: Venusaur|Venusaur-Mega, M\n|-mega|p1a: Venusaur|Venusaur|Venusaurite\n|move|p1a: Venusaur|Sludge Bomb|p2a: Tapu Lele\n|-supereffective|p2a: Tapu Lele\n|-damage|p2a: Tapu Lele|0 fnt\n|faint|p2a: Tapu Lele\n|\n|-weather|RainDance|[upkeep]\n|upkeep\n|\n|t:|1699580083\n|switch|p2a: Kingdra|Kingdra, M, shiny, tera:Water|88\/100\n|-damage|p2a: Kingdra|76\/100|[from] Stealth Rock\n|turn|18\n|\n|t:|1699580085\n|move|p2a: Kingdra|Draco Meteor|p1a: Venusaur\n|-damage|p1a: Venusaur|13\/100\n|-unboost|p2a: Kingdra|spa|2\n|move|p1a: Venusaur|Giga Drain|p2a: Kingdra\n|-supereffective|p2a: Kingdra\n|-damage|p2a: Kingdra|0 fnt\n|-heal|p1a: Venusaur|43\/100|[from] drain|[of] p2a: Kingdra\n|faint|p2a: Kingdra\n|\n|-weather|RainDance|[upkeep]\n|upkeep\n|\n|t:|1699580092\n|switch|p2a: Lopunny|Lopunny-Mega, F, shiny|95\/100\n|-damage|p2a: Lopunny|89\/100|[from] Stealth Rock\n|turn|19\n|\n|t:|1699580095\n|move|p2a: Lopunny|Return|p1a: Venusaur\n|-damage|p1a: Venusaur|0 fnt\n|faint|p1a: Venusaur\n|\n|-weather|RainDance|[upkeep]\n|upkeep\n|\n|t:|1699580097\n|switch|p1a: Alakazam|Alakazam, F|100\/100\n|turn|20\n|\n|t:|1699580102\n|move|p2a: Lopunny|U-turn|p1a: Alakazam\n|-supereffective|p1a: Alakazam\n|-enditem|p1a: Alakazam|Focus Sash\n|-damage|p1a: Alakazam|1\/100\n|\n|t:|1699580106\n|switch|p2a: Pelipper|Pelipper, M, shiny|48\/100|[from] U-turn\n|-damage|p2a: Pelipper|24\/100|[from] Stealth Rock\n|move|p1a: Alakazam|Psychic|p2a: Pelipper\n|-damage|p2a: Pelipper|0 fnt\n|faint|p2a: Pelipper\n|\n|-weather|none\n|upkeep\n|\n|t:|1699580120\n|switch|p2a: Lopunny|Lopunny-Mega, F, shiny|89\/100\n|-damage|p2a: Lopunny|83\/100|[from] Stealth Rock\n|turn|21\n|\n|t:|1699580124\n|move|p2a: Lopunny|Return|p1a: Alakazam\n|-damage|p1a: Alakazam|0 fnt\n|faint|p1a: Alakazam\n|\n|-fieldend|move: Psychic Terrain\n|upkeep\n|\n|t:|1699580129\n|switch|p1a: Armaldo|Armaldo, F|100\/100\n|-damage|p1a: Armaldo|76\/100|[from] Stealth Rock\n|turn|22\n|\n|t:|1699580134\n|move|p2a: Lopunny|U-turn|p1a: Armaldo\n|-damage|p1a: Armaldo|51\/100\n|\n|t:|1699580137\n|switch|p2a: Ditto|Ditto, shiny|66\/100|[from] U-turn\n|-damage|p2a: Ditto|54\/100|[from] Stealth Rock\n|-transform|p2a: Ditto|p1a: Armaldo|[from] ability: Imposter\n|move|p1a: Armaldo|Earthquake|p2a: Ditto\n|-damage|p2a: Ditto|9\/100\n|\n|upkeep\n|turn|23\n|inactive|chechnya6 has 120 seconds left.\n|\n|t:|1699580172\n|move|p2a: Ditto|Aqua Jet|p1a: Armaldo\n|-supereffective|p1a: Armaldo\n|-damage|p1a: Armaldo|24\/100\n|move|p1a: Armaldo|Aqua Jet|p2a: Ditto\n|-supereffective|p2a: Ditto\n|-damage|p2a: Ditto|0 fnt\n|faint|p2a: Ditto\n|\n|upkeep\n|\n|t:|1699580182\n|switch|p2a: Lopunny|Lopunny-Mega, F, shiny|83\/100\n|-damage|p2a: Lopunny|77\/100|[from] Stealth Rock\n|turn|24\n|inactive|chechnya6 has 120 seconds left.\n|\n|t:|1699580195\n|move|p1a: Armaldo|Aqua Jet|p2a: Lopunny\n|-damage|p2a: Lopunny|57\/100\n|move|p2a: Lopunny|Return|p1a: Armaldo\n|-resisted|p1a: Armaldo\n|-damage|p1a: Armaldo|0 fnt\n|faint|p1a: Armaldo\n|\n|upkeep\n|\n|t:|1699580201\n|switch|p1a: Tauros|Tauros-Paldea-Blaze, M|47\/100\n|-damage|p1a: Tauros|34\/100|[from] Stealth Rock\n|-ability|p1a: Tauros|Intimidate|boost\n|-fail|p2a: Lopunny|unboost|Attack|[from] ability: Scrappy|[of] p2a: Lopunny\n|turn|25\n|\n|t:|1699580208\n|move|p1a: Tauros|Close Combat|p2a: Lopunny\n|-supereffective|p2a: Lopunny\n|-damage|p2a: Lopunny|0 fnt\n|-unboost|p1a: Tauros|def|1\n|-unboost|p1a: Tauros|spd|1\n|faint|p2a: Lopunny\n|\n|win|Prtbl_Trash\n|raw|Prtbl_Trash's rating: 1414 &rarr; <strong>1435<\/strong><br \/>(+21 for winning)\n|raw|chechnya6's rating: 1428 &rarr; <strong>1407<\/strong><br \/>(-21 for losing)\n|l|\u2606chechnya6\n","uploadtime":1699580221,"views":5,"p1id":"prtbltrash","p2id":"chechnya6","formatid":"gen9nationaldex","rating":1407,"private":0,"password":""}