{"id":"gen9nationaldex-1999387070","p1":"runeatest","p2":"Curvature<3","format":"[Gen 9] National Dex","log":"|html|<div class=\"broadcast-blue\"><strong>[Gen 9] National Dex is currently suspecting Sneasler! For information on how to participate check out the <a href=\"https:\/\/www.smogon.com\/forums\/threads\/sv-national-dex-suspect-8-just-dance.3731534\/\">suspect thread<\/a>.<\/strong><\/div>\n|j|\u2606runeatest\n|j|\u2606Curvature<3\n|t:|1701071701\n|gametype|singles\n|player|p1|runeatest|fisherman-gen4|1200\n|player|p2|Curvature<3|dawn-gen4pt|1197\n|teamsize|p1|6\n|teamsize|p2|6\n|gen|9\n|tier|[Gen 9] National Dex\n|rated|\n|rule|HP Percentage Mod: HP is shown in percentages\n|rule|Endless Battle Clause: Forcing endless battles is banned\n|rule|OHKO Clause: OHKO moves are banned\n|rule|Evasion Clause: Evasion abilities, items, and moves are banned\n|rule|Evasion Abilities Clause: Evasion abilities are banned\n|rule|Evasion Items Clause: Evasion items are banned\n|rule|Evasion Moves Clause: Evasion moves are banned\n|rule|Species Clause: Limit one of each Pok\u00e9mon\n|rule|Sleep Clause Mod: Limit one foe put to sleep\n|clearpoke\n|poke|p1|Glaceon, M|\n|poke|p1|Flygon, M|\n|poke|p1|Emolga, M|\n|poke|p1|Marowak-Alola, M|\n|poke|p1|Sirfetch\u2019d, M|\n|poke|p1|Lapras, M|\n|poke|p2|Pikachu, F|\n|poke|p2|Venusaur, F|\n|poke|p2|Charizard, F|\n|poke|p2|Blastoise, F|\n|poke|p2|Espeon, F|\n|poke|p2|Snorlax, F|\n|teampreview\n|inactive|Battle timer is ON: inactive players will automatically lose when time's up. (requested by Curvature<3)\n|inactive|Curvature<3 has 120 seconds left.\n|inactive|Curvature<3 has 90 seconds left.\n|inactive|Curvature<3 has 60 seconds left.\n|\n|t:|1701071807\n|start\n|switch|p1a: Marowak|Marowak-Alola, M|100\/100\n|switch|p2a: Envy|Espeon, F|100\/100\n|turn|1\n|\n|t:|1701071817\n|-terastallize|p2a: Envy|Fire\n|move|p2a: Envy|Psychic|p1a: Marowak\n|-damage|p1a: Marowak|12\/100\n|move|p1a: Marowak|Poltergeist|p2a: Envy\n|-activate|p2a: Envy|move: Poltergeist|Choice Specs\n|-damage|p2a: Envy|0 fnt\n|faint|p2a: Envy\n|\n|upkeep\n|inactive|Curvature<3 has 90 seconds left.\n|\n|t:|1701071841\n|switch|p2a: Sloth|Snorlax, F|100\/100\n|turn|2\n|\n|t:|1701071847\n|move|p1a: Marowak|Flare Blitz|p2a: Sloth\n|-damage|p2a: Sloth|23\/100\n|move|p2a: Sloth|Curse|p2a: Sloth\n|-unboost|p2a: Sloth|spe|1\n|-boost|p2a: Sloth|atk|1\n|-boost|p2a: Sloth|def|1\n|\n|-heal|p2a: Sloth|29\/100|[from] item: Leftovers\n|upkeep\n|turn|3\n|\n|t:|1701071861\n|switch|p2a: Pride|Blastoise, F|100\/100\n|move|p1a: Marowak|Flare Blitz|p2a: Pride\n|-resisted|p2a: Pride\n|-damage|p2a: Pride|66\/100\n|\n|-heal|p2a: Pride|72\/100|[from] item: Leftovers\n|upkeep\n|turn|4\n|\n|t:|1701071870\n|switch|p1a: Lapras|Lapras, M|100\/100\n|move|p2a: Pride|Scald|p1a: Lapras\n|-immune|p1a: Lapras|[from] ability: Water Absorb\n|\n|-heal|p2a: Pride|78\/100|[from] item: Leftovers\n|upkeep\n|turn|5\n|\n|t:|1701071884\n|switch|p2a: Sloth|Snorlax, F|29\/100\n|move|p1a: Lapras|Freeze-Dry|p2a: Sloth\n|-damage|p2a: Sloth|16\/100\n|-status|p2a: Sloth|frz\n|\n|-heal|p2a: Sloth|22\/100 frz|[from] item: Leftovers\n|upkeep\n|turn|6\n|\n|t:|1701071893\n|move|p1a: Lapras|Sparkling Aria|p2a: Sloth\n|-damage|p2a: Sloth|4\/100 frz\n|cant|p2a: Sloth|frz\n|\n|-heal|p2a: Sloth|11\/100 frz|[from] item: Leftovers\n|upkeep\n|turn|7\n|\n|t:|1701071900\n|move|p1a: Lapras|Sparkling Aria|p2a: Sloth\n|-damage|p2a: Sloth|0 fnt\n|faint|p2a: Sloth\n|\n|upkeep\n|\n|t:|1701071905\n|switch|p2a: Lust|Pikachu, F|100\/100\n|turn|8\n|\n|t:|1701071909\n|switch|p1a: Marowak|Marowak-Alola, M|12\/100\n|move|p2a: Lust|Fake Out|p1a: Marowak\n|-immune|p1a: Marowak\n|\n|upkeep\n|turn|9\n|\n|t:|1701071915\n|switch|p1a: Emolga|Emolga, M|100\/100\n|move|p2a: Lust|Volt Tackle|p1a: Emolga\n|-ability|p1a: Emolga|Motor Drive|boost\n|-boost|p1a: Emolga|spe|1\n|\n|upkeep\n|turn|10\n|\n|t:|1701071921\n|move|p2a: Lust|Extreme Speed|p1a: Emolga\n|-damage|p1a: Emolga|27\/100\n|move|p1a: Emolga|Air Slash|p2a: Lust\n|-resisted|p2a: Lust\n|-damage|p2a: Lust|59\/100\n|\n|upkeep\n|turn|11\n|\n|t:|1701071928\n|switch|p1a: Marowak|Marowak-Alola, M|12\/100\n|move|p2a: Lust|Volt Tackle|p1a: Marowak\n|-damage|p1a: Marowak|0 fnt\n|faint|p1a: Marowak\n|-damage|p2a: Lust|53\/100|[from] Recoil\n|\n|upkeep\n|\n|t:|1701071936\n|switch|p1a: Flygon|Flygon, M|100\/100\n|turn|12\n|\n|t:|1701071965\n|switch|p2a: Pride|Blastoise, F|78\/100\n|move|p1a: Flygon|Earthquake|p2a: Pride\n|-damage|p2a: Pride|49\/100\n|\n|-heal|p2a: Pride|55\/100|[from] item: Leftovers\n|upkeep\n|turn|13\n|\n|t:|1701071972\n|switch|p1a: Lapras|Lapras, M|100\/100\n|move|p2a: Pride|Scald|p1a: Lapras\n|-immune|p1a: Lapras|[from] ability: Water Absorb\n|\n|-heal|p2a: Pride|61\/100|[from] item: Leftovers\n|upkeep\n|turn|14\n|inactive|Curvature<3 has 120 seconds left.\n|\n|t:|1701072011\n|move|p2a: Pride|Seismic Toss|p1a: Lapras\n|-damage|p1a: Lapras|79\/100\n|move|p1a: Lapras|Freeze-Dry|p2a: Pride\n|-supereffective|p2a: Pride\n|-damage|p2a: Pride|15\/100\n|\n|-heal|p2a: Pride|21\/100|[from] item: Leftovers\n|-heal|p1a: Lapras|85\/100|[from] item: Leftovers\n|upkeep\n|turn|15\n|\n|t:|1701072024\n|move|p2a: Pride|Scald|p1a: Lapras\n|-heal|p1a: Lapras|100\/100|[from] ability: Water Absorb|[of] p2a: Pride\n|move|p1a: Lapras|Freeze-Dry|p2a: Pride\n|-supereffective|p2a: Pride\n|-crit|p2a: Pride\n|-damage|p2a: Pride|0 fnt\n|faint|p2a: Pride\n|\n|upkeep\n|\n|t:|1701072033\n|switch|p2a: Wrath|Charizard, F|100\/100\n|turn|16\n|\n|t:|1701072037\n|switch|p1a: Emolga|Emolga, M|27\/100\n|detailschange|p2a: Wrath|Charizard-Mega-Y, F\n|-mega|p2a: Wrath|Charizard|Charizardite Y\n|-weather|SunnyDay|[from] ability: Drought|[of] p2a: Wrath\n|move|p2a: Wrath|Fire Blast|p1a: Emolga\n|-damage|p1a: Emolga|0 fnt\n|faint|p1a: Emolga\n|\n|-weather|SunnyDay|[upkeep]\n|upkeep\n|\n|t:|1701072055\n|switch|p1a: Flygon|Flygon, M|100\/100\n|turn|17\n|\n|t:|1701072059\n|move|p1a: Flygon|Dragon Dance|p1a: Flygon\n|-boost|p1a: Flygon|atk|1\n|-boost|p1a: Flygon|spe|1\n|move|p2a: Wrath|Fire Blast|p1a: Flygon\n|-resisted|p1a: Flygon\n|-damage|p1a: Flygon|29\/100\n|\n|-weather|SunnyDay|[upkeep]\n|upkeep\n|turn|18\n|\n|t:|1701072070\n|switch|p2a: Greed|Venusaur, F|100\/100\n|move|p1a: Flygon|Stone Edge|p2a: Greed\n|-damage|p2a: Greed|51\/100\n|\n|-weather|SunnyDay|[upkeep]\n|upkeep\n|turn|19\n|\n|t:|1701072082\n|move|p1a: Flygon|Dragon Claw|p2a: Greed\n|-damage|p2a: Greed|0 fnt\n|faint|p2a: Greed\n|\n|-weather|SunnyDay|[upkeep]\n|upkeep\n|\n|t:|1701072088\n|switch|p2a: Lust|Pikachu, F|53\/100\n|turn|20\n|\n|t:|1701072092\n|move|p2a: Lust|Fake Out|p1a: Flygon\n|-damage|p1a: Flygon|2\/100\n|cant|p1a: Flygon|flinch\n|\n|-weather|none\n|upkeep\n|turn|21\n|\n|t:|1701072098\n|move|p2a: Lust|Extreme Speed|p1a: Flygon\n|-damage|p1a: Flygon|0 fnt\n|faint|p1a: Flygon\n|\n|upkeep\n|\n|t:|1701072103\n|switch|p1a: Glaceon|Glaceon, M|100\/100\n|turn|22\n|\n|t:|1701072108\n|switch|p2a: Wrath|Charizard-Mega-Y, F|100\/100\n|-weather|SunnyDay|[from] ability: Drought|[of] p2a: Wrath\n|move|p1a: Glaceon|Ice Beam|p2a: Wrath\n|-damage|p2a: Wrath|49\/100\n|\n|-weather|SunnyDay|[upkeep]\n|upkeep\n|turn|23\n|\n|t:|1701072116\n|-terastallize|p1a: Glaceon|Ghost\n|move|p2a: Wrath|Fire Blast|p1a: Glaceon\n|-damage|p1a: Glaceon|30\/100\n|move|p1a: Glaceon|Shadow Ball|p2a: Wrath\n|-damage|p2a: Wrath|0 fnt\n|faint|p2a: Wrath\n|\n|-weather|SunnyDay|[upkeep]\n|upkeep\n|\n|t:|1701072125\n|switch|p2a: Lust|Pikachu, F|53\/100\n|turn|24\n|\n|t:|1701072128\n|move|p2a: Lust|Volt Tackle|p1a: Glaceon\n|-damage|p1a: Glaceon|0 fnt\n|faint|p1a: Glaceon\n|-damage|p2a: Lust|38\/100|[from] Recoil\n|\n|-weather|SunnyDay|[upkeep]\n|upkeep\n|\n|t:|1701072135\n|switch|p1a: Sirfetch\u2019d|Sirfetch\u2019d, M|100\/100\n|turn|25\n|\n|t:|1701072155\n|move|p2a: Lust|Fake Out||[still]\n|-hint|Fake Out only works on your first turn out.\n|-fail|p2a: Lust\n|move|p1a: Sirfetch\u2019d|Leaf Blade|p2a: Lust\n|-crit|p2a: Lust\n|-damage|p2a: Lust|0 fnt\n|faint|p2a: Lust\n|\n|win|runeatest\n|raw|runeatest's rating: 1200 &rarr; <strong>1225<\/strong><br \/>(+25 for winning)\n|raw|Curvature&lt;3's rating: 1197 &rarr; <strong>1172<\/strong><br \/>(-25 for losing)\n","uploadtime":1701072165,"views":4,"p1id":"runeatest","p2id":"curvature3","formatid":"gen9nationaldex","rating":1172,"private":0,"password":""}