{"id":"gen9nationaldex-1988333378","p1":"zipzap22","p2":"QAQ QAQ QAQ QAQ","format":"[Gen 9] National Dex","log":"|j|\u2606zipzap22\n|j|\u2606QAQ QAQ QAQ QAQ\n|t:|1699710014\n|gametype|singles\n|player|p1|zipzap22|will|1641\n|player|p2|QAQ QAQ QAQ QAQ|lass-gen4dp|1601\n|teamsize|p1|6\n|teamsize|p2|6\n|gen|9\n|tier|[Gen 9] National Dex\n|rated|\n|rule|HP Percentage Mod: HP is shown in percentages\n|rule|Endless Battle Clause: Forcing endless battles is banned\n|rule|OHKO Clause: OHKO moves are banned\n|rule|Evasion Clause: Evasion abilities, items, and moves are banned\n|rule|Evasion Abilities Clause: Evasion abilities are banned\n|rule|Evasion Items Clause: Evasion items are banned\n|rule|Evasion Moves Clause: Evasion moves are banned\n|rule|Species Clause: Limit one of each Pok\u00e9mon\n|rule|Sleep Clause Mod: Limit one foe put to sleep\n|clearpoke\n|poke|p1|Lopunny, M|\n|poke|p1|Victini|\n|poke|p1|Serperior, F|\n|poke|p1|Corviknight, M|\n|poke|p1|Clefable, F|\n|poke|p1|Swampert, M|\n|poke|p2|Camerupt, F|\n|poke|p2|Breloom, M|\n|poke|p2|Hatterene, F|\n|poke|p2|Samurott-Hisui, F|\n|poke|p2|Cresselia, F|\n|poke|p2|Greninja-*, M|\n|teampreview\n|\n|t:|1699710029\n|start\n|switch|p1a: Serperior|Serperior, F|100\/100\n|switch|p2a: Cresselia|Cresselia, F|100\/100\n|turn|1\n|\n|t:|1699710035\n|move|p1a: Serperior|Leaf Storm|p2a: Cresselia\n|-damage|p2a: Cresselia|64\/100\n|-boost|p1a: Serperior|spa|2\n|move|p2a: Cresselia|Trick Room|p2a: Cresselia\n|-fieldstart|move: Trick Room|[of] p2a: Cresselia\n|\n|upkeep\n|turn|2\n|\n|t:|1699710045\n|move|p2a: Cresselia|Lunar Dance|p2a: Cresselia\n|faint|p2a: Cresselia\n|move|p1a: Serperior|Leaf Storm|p2: Cresselia|[notarget]\n|-fail|p1a: Serperior\n|\n|upkeep\n|\n|t:|1699710048\n|switch|p2a: Camerupt|Camerupt, F|100\/100\n|turn|3\n|\n|t:|1699710054\n|switch|p1a: Swampert|Swampert, M|100\/100\n|detailschange|p2a: Camerupt|Camerupt-Mega, F\n|-mega|p2a: Camerupt|Camerupt|Cameruptite\n|move|p2a: Camerupt|Earth Power|p1a: Swampert\n|-crit|p1a: Swampert\n|-damage|p1a: Swampert|31\/100\n|\n|-heal|p1a: Swampert|37\/100|[from] item: Leftovers\n|upkeep\n|turn|4\n|\n|t:|1699710066\n|move|p2a: Camerupt|Fire Blast|p1a: Swampert|[miss]\n|-miss|p2a: Camerupt|p1a: Swampert\n|move|p1a: Swampert|Flip Turn|p2a: Camerupt\n|-supereffective|p2a: Camerupt\n|-damage|p2a: Camerupt|10\/100\n|\n|t:|1699710074\n|switch|p1a: Lopunny|Lopunny, M, shiny|100\/100|[from] Flip Turn\n|\n|upkeep\n|turn|5\n|\n|t:|1699710081\n|switch|p2a: Breloom|Breloom, M|100\/100\n|detailschange|p1a: Lopunny|Lopunny-Mega, M, shiny\n|-mega|p1a: Lopunny|Lopunny|Lopunnite\n|move|p1a: Lopunny|Fake Out|p2a: Breloom\n|-damage|p2a: Breloom|65\/100\n|\n|-fieldend|move: Trick Room\n|upkeep\n|turn|6\n|\n|t:|1699710091\n|switch|p1a: Corviknight|Corviknight, M, shiny|100\/100\n|-ability|p1a: Corviknight|Pressure\n|move|p2a: Breloom|Mach Punch|p1a: Corviknight\n|-damage|p1a: Corviknight|79\/100\n|-damage|p2a: Breloom|48\/100|[from] item: Rocky Helmet|[of] p1a: Corviknight\n|\n|upkeep\n|turn|7\n|\n|t:|1699710101\n|switch|p2a: Hatterene|Hatterene, F|100\/100\n|move|p1a: Corviknight|U-turn|p2a: Hatterene\n|-damage|p2a: Hatterene|83\/100\n|\n|t:|1699710106\n|switch|p1a: Victini|Victini|100\/100|[from] U-turn\n|\n|upkeep\n|turn|8\n|\n|t:|1699710115\n|move|p1a: Victini|V-create|p2a: Hatterene\n|-damage|p2a: Hatterene|0 fnt\n|-unboost|p1a: Victini|spe|1\n|-unboost|p1a: Victini|def|1\n|-unboost|p1a: Victini|spd|1\n|faint|p2a: Hatterene\n|\n|upkeep\n|\n|t:|1699710119\n|switch|p2a: Samurott|Samurott-Hisui, F|100\/100\n|turn|9\n|\n|t:|1699710127\n|switch|p1a: Corviknight|Corviknight, M, shiny|79\/100\n|-ability|p1a: Corviknight|Pressure\n|move|p2a: Samurott|Swords Dance|p2a: Samurott\n|-boost|p2a: Samurott|atk|2\n|\n|upkeep\n|turn|10\n|\n|t:|1699710143\n|move|p2a: Samurott|Ceaseless Edge|p1a: Corviknight\n|-damage|p1a: Corviknight|8\/100\n|-damage|p2a: Samurott|84\/100|[from] item: Rocky Helmet|[of] p1a: Corviknight\n|-sidestart|p1: zipzap22|Spikes\n|move|p1a: Corviknight|U-turn|p2a: Samurott\n|-supereffective|p2a: Samurott\n|-damage|p2a: Samurott|50\/100\n|\n|t:|1699710160\n|switch|p1a: Lopunny|Lopunny-Mega, M, shiny|100\/100|[from] U-turn\n|-damage|p1a: Lopunny|88\/100|[from] Spikes\n|\n|upkeep\n|turn|11\n|\n|t:|1699710169\n|switch|p2a: Camerupt|Camerupt-Mega, F|10\/100\n|-heal|p2a: Camerupt|100\/100|[from] move: Lunar Dance\n|move|p1a: Lopunny|Close Combat|p2a: Camerupt\n|-damage|p2a: Camerupt|32\/100\n|-unboost|p1a: Lopunny|def|1\n|-unboost|p1a: Lopunny|spd|1\n|\n|upkeep\n|turn|12\n|\n|t:|1699710178\n|move|p1a: Lopunny|Return|p2a: Camerupt\n|-damage|p2a: Camerupt|0 fnt\n|faint|p2a: Camerupt\n|\n|upkeep\n|\n|t:|1699710183\n|switch|p2a: Breloom|Breloom, M|48\/100\n|turn|13\n|\n|t:|1699710187\n|switch|p1a: Corviknight|Corviknight, M, shiny|8\/100\n|-ability|p1a: Corviknight|Pressure\n|move|p2a: Breloom|Rock Tomb|p1a: Corviknight\n|-damage|p1a: Corviknight|0 fnt\n|faint|p1a: Corviknight\n|\n|upkeep\n|\n|t:|1699710211\n|switch|p1a: Serperior|Serperior, F|100\/100\n|-damage|p1a: Serperior|88\/100|[from] Spikes\n|turn|14\n|\n|t:|1699710219\n|move|p2a: Breloom|Mach Punch|p1a: Serperior\n|-damage|p1a: Serperior|43\/100\n|move|p1a: Serperior|Leaf Storm|p2a: Breloom\n|-resisted|p2a: Breloom\n|-damage|p2a: Breloom|0 fnt\n|-boost|p1a: Serperior|spa|2\n|faint|p2a: Breloom\n|\n|upkeep\n|\n|t:|1699710227\n|switch|p2a: Samurott|Samurott-Hisui, F|50\/100\n|turn|15\n|\n|t:|1699710231\n|move|p2a: Samurott|Sucker Punch|p1a: Serperior\n|-damage|p1a: Serperior|0 fnt\n|faint|p1a: Serperior\n|\n|upkeep\n|\n|t:|1699710236\n|switch|p1a: Lopunny|Lopunny-Mega, M, shiny|88\/100\n|-damage|p1a: Lopunny|76\/100|[from] Spikes\n|turn|16\n|\n|t:|1699710247\n|move|p2a: Samurott|Sucker Punch|p1a: Lopunny\n|-resisted|p1a: Lopunny\n|-damage|p1a: Lopunny|47\/100\n|move|p1a: Lopunny|Close Combat|p2a: Samurott\n|-supereffective|p2a: Samurott\n|-damage|p2a: Samurott|0 fnt\n|-unboost|p1a: Lopunny|def|1\n|-unboost|p1a: Lopunny|spd|1\n|faint|p2a: Samurott\n|\n|upkeep\n|\n|t:|1699710250\n|switch|p2a: Greninja|Greninja, M|100\/100\n|turn|17\n|\n|t:|1699710260\n|switch|p1a: Swampert|Swampert, M|37\/100\n|-damage|p1a: Swampert|25\/100|[from] Spikes\n|-terastallize|p2a: Greninja|Water\n|move|p2a: Greninja|Water Shuriken|p1a: Swampert\n|-damage|p1a: Swampert|17\/100\n|-damage|p1a: Swampert|9\/100\n|-hitcount|p1a: Swampert|2\n|-damage|p2a: Greninja|91\/100|[from] item: Life Orb\n|\n|-heal|p1a: Swampert|15\/100|[from] item: Leftovers\n|upkeep\n|turn|18\n|\n|t:|1699710275\n|move|p2a: Greninja|Water Shuriken|p1a: Swampert\n|-damage|p1a: Swampert|7\/100\n|-damage|p1a: Swampert|0 fnt\n|faint|p1a: Swampert\n|-ability|p2a: Greninja|Battle Bond|boost\n|-boost|p2a: Greninja|atk|1\n|-boost|p2a: Greninja|spa|1\n|-boost|p2a: Greninja|spe|1\n|-activate|p2a: Greninja|ability: Battle Bond\n|-hitcount|p1: Swampert|2\n|-damage|p2a: Greninja|81\/100|[from] item: Life Orb\n|\n|upkeep\n|\n|t:|1699710286\n|switch|p1a: Lopunny|Lopunny-Mega, M, shiny|47\/100\n|-damage|p1a: Lopunny|34\/100|[from] Spikes\n|turn|19\n|\n|t:|1699710290\n|move|p2a: Greninja|Protect|p2a: Greninja\n|-singleturn|p2a: Greninja|Protect\n|move|p1a: Lopunny|Fake Out|p2a: Greninja\n|-activate|p2a: Greninja|move: Protect\n|\n|upkeep\n|turn|20\n|\n|t:|1699710302\n|move|p2a: Greninja|Hydro Pump|p1a: Lopunny\n|-damage|p1a: Lopunny|0 fnt\n|faint|p1a: Lopunny\n|-damage|p2a: Greninja|71\/100|[from] item: Life Orb\n|\n|upkeep\n|\n|t:|1699710311\n|switch|p1a: Victini|Victini|100\/100\n|-damage|p1a: Victini|88\/100|[from] Spikes\n|turn|21\n|\n|t:|1699710321\n|-terastallize|p1a: Victini|Electric\n|move|p2a: Greninja|Hydro Pump|p1a: Victini\n|-damage|p1a: Victini|0 fnt\n|faint|p1a: Victini\n|-damage|p2a: Greninja|61\/100|[from] item: Life Orb\n|\n|upkeep\n|\n|t:|1699710330\n|switch|p1a: Clefable|Clefable, F|100\/100\n|turn|22\n|\n|t:|1699710334\n|move|p2a: Greninja|Hydro Pump|p1a: Clefable\n|-damage|p1a: Clefable|0 fnt\n|faint|p1a: Clefable\n|-damage|p2a: Greninja|51\/100|[from] item: Life Orb\n|\n|win|QAQ QAQ QAQ QAQ\n|raw|zipzap22's rating: 1641 &rarr; <strong>1619<\/strong><br \/>(-22 for losing)\n|raw|QAQ QAQ QAQ QAQ's rating: 1601 &rarr; <strong>1623<\/strong><br \/>(+22 for winning)\n","uploadtime":1699710339,"views":5,"p1id":"zipzap22","p2id":"qaqqaqqaqqaq","formatid":"gen9nationaldex","rating":1619,"private":0,"password":""}