{"id":"gen9nationaldex-1996625748","p1":"TheIllustriousYUBI","p2":"weirdnomad","format":"[Gen 9] National Dex","log":"|html|<div class=\"broadcast-blue\"><strong>[Gen 9] National Dex is currently suspecting Sneasler! For information on how to participate check out the <a href=\"https:\/\/www.smogon.com\/forums\/threads\/sv-national-dex-suspect-8-just-dance.3731534\/\">suspect thread<\/a>.<\/strong><\/div>\n|j|\u2606TheIllustriousYUBI\n|j|\u203dweirdnomad\n|t:|1700702164\n|gametype|singles\n|player|p1|TheIllustriousYUBI|brycenman|1500\n|player|p2|weirdnomad|hiker-gen4|1503\n|teamsize|p1|6\n|teamsize|p2|6\n|gen|9\n|tier|[Gen 9] National Dex\n|rated|\n|rule|HP Percentage Mod: HP is shown in percentages\n|rule|Endless Battle Clause: Forcing endless battles is banned\n|rule|OHKO Clause: OHKO moves are banned\n|rule|Evasion Clause: Evasion abilities, items, and moves are banned\n|rule|Evasion Abilities Clause: Evasion abilities are banned\n|rule|Evasion Items Clause: Evasion items are banned\n|rule|Evasion Moves Clause: Evasion moves are banned\n|rule|Species Clause: Limit one of each Pok\u00e9mon\n|rule|Sleep Clause Mod: Limit one foe put to sleep\n|clearpoke\n|poke|p1|Ceruledge, F|\n|poke|p1|Urshifu-*, F|\n|poke|p1|Heatran, F|\n|poke|p1|Ferrothorn, F|\n|poke|p1|Tapu Fini|\n|poke|p1|Thundurus-Therian, M|\n|poke|p2|Corviknight, M|\n|poke|p2|Mamoswine, M|\n|poke|p2|Azumarill, F|\n|poke|p2|Gengar, M|\n|poke|p2|Blaziken, M|\n|poke|p2|Hydreigon, F|\n|teampreview\n|inactive|Battle timer is ON: inactive players will automatically lose when time's up. (requested by TheIllustriousYUBI)\n|\n|t:|1700702208\n|start\n|switch|p1a: Thundurus|Thundurus-Therian, M|100\/100\n|switch|p2a: Hydreigon|Hydreigon, F, shiny|100\/100\n|turn|1\n|\n|t:|1700702220\n|move|p1a: Thundurus|Focus Blast|p2a: Hydreigon\n|-supereffective|p2a: Hydreigon\n|-damage|p2a: Hydreigon|13\/100\n|move|p2a: Hydreigon|Stealth Rock|p1a: Thundurus\n|-sidestart|p1: TheIllustriousYUBI|move: Stealth Rock\n|\n|-heal|p2a: Hydreigon|19\/100|[from] item: Leftovers\n|upkeep\n|turn|2\n|\n|t:|1700702232\n|switch|p1a: Tapu Fini|Tapu Fini|100\/100\n|-damage|p1a: Tapu Fini|88\/100|[from] Stealth Rock\n|-fieldstart|move: Misty Terrain|[from] ability: Misty Surge|[of] p1a: Tapu Fini\n|switch|p2a: Gengar|Gengar, M, shiny|100\/100\n|\n|-heal|p1a: Tapu Fini|94\/100|[from] item: Leftovers\n|upkeep\n|turn|3\n|\n|t:|1700702243\n|switch|p1a: Ferrothorn|Ferrothorn, F|100\/100\n|-damage|p1a: Ferrothorn|94\/100|[from] Stealth Rock\n|move|p2a: Gengar|Shadow Ball|p1a: Ferrothorn\n|-damage|p1a: Ferrothorn|42\/100\n|\n|upkeep\n|turn|4\n|inactive|TheIllustriousYUBI has 120 seconds left.\n|\n|t:|1700702279\n|switch|p1a: Tapu Fini|Tapu Fini|94\/100\n|-damage|p1a: Tapu Fini|82\/100|[from] Stealth Rock\n|move|p2a: Gengar|Shadow Ball|p1a: Tapu Fini\n|-damage|p1a: Tapu Fini|47\/100\n|\n|-heal|p1a: Tapu Fini|53\/100|[from] item: Leftovers\n|upkeep\n|turn|5\n|inactive|TheIllustriousYUBI has 120 seconds left.\n|\n|t:|1700702298\n|move|p2a: Gengar|Shadow Ball|p1a: Tapu Fini\n|-damage|p1a: Tapu Fini|18\/100\n|move|p1a: Tapu Fini|Hydro Pump|p2a: Gengar\n|-damage|p2a: Gengar|44\/100\n|\n|-heal|p1a: Tapu Fini|24\/100|[from] item: Leftovers\n|upkeep\n|turn|6\n|\n|t:|1700702307\n|move|p2a: Gengar|Shadow Ball|p1a: Tapu Fini\n|-damage|p1a: Tapu Fini|0 fnt\n|faint|p1a: Tapu Fini\n|\n|-fieldend|Misty Terrain\n|upkeep\n|\n|t:|1700702312\n|switch|p1a: Urshifu|Urshifu-Rapid-Strike, F|100\/100\n|-damage|p1a: Urshifu|94\/100|[from] Stealth Rock\n|turn|7\n|\n|t:|1700702324\n|switch|p2a: Corviknight|Corviknight, M, shiny|100\/100\n|-ability|p2a: Corviknight|Pressure\n|move|p1a: Urshifu|Ice Spinner|p2a: Corviknight\n|-damage|p2a: Corviknight|83\/100\n|-damage|p1a: Urshifu|78\/100|[from] item: Rocky Helmet|[of] p2a: Corviknight\n|\n|upkeep\n|turn|8\n|\n|t:|1700702333\n|switch|p1a: Thundurus|Thundurus-Therian, M|100\/100\n|-damage|p1a: Thundurus|76\/100|[from] Stealth Rock\n|move|p2a: Corviknight|U-turn|p1a: Thundurus\n|-resisted|p1a: Thundurus\n|-damage|p1a: Thundurus|65\/100\n|\n|t:|1700702341\n|switch|p2a: Mamoswine|Mamoswine, M|100\/100|[from] U-turn\n|\n|upkeep\n|turn|9\n|\n|t:|1700702352\n|-terastallize|p1a: Thundurus|Electric\n|move|p1a: Thundurus|Grass Knot|p2a: Mamoswine\n|-supereffective|p2a: Mamoswine\n|-damage|p2a: Mamoswine|4\/100\n|move|p2a: Mamoswine|Knock Off|p1a: Thundurus\n|-damage|p1a: Thundurus|13\/100\n|-enditem|p1a: Thundurus|Choice Specs|[from] move: Knock Off|[of] p2a: Mamoswine\n|\n|upkeep\n|turn|10\n|\n|t:|1700702366\n|switch|p1a: Ferrothorn|Ferrothorn, F|42\/100\n|-damage|p1a: Ferrothorn|36\/100|[from] Stealth Rock\n|move|p2a: Mamoswine|Ice Shard|p1a: Ferrothorn\n|-damage|p1a: Ferrothorn|21\/100\n|\n|upkeep\n|turn|11\n|\n|t:|1700702374\n|move|p2a: Mamoswine|Earthquake|p1a: Ferrothorn\n|-damage|p1a: Ferrothorn|0 fnt\n|faint|p1a: Ferrothorn\n|\n|upkeep\n|\n|t:|1700702398\n|switch|p1a: Urshifu|Urshifu-Rapid-Strike, F|78\/100\n|-damage|p1a: Urshifu|72\/100|[from] Stealth Rock\n|turn|12\n|\n|t:|1700702402\n|move|p2a: Mamoswine|Ice Shard|p1a: Urshifu\n|-resisted|p1a: Urshifu\n|-damage|p1a: Urshifu|61\/100\n|move|p1a: Urshifu|U-turn|p2a: Mamoswine\n|-damage|p2a: Mamoswine|0 fnt\n|faint|p2a: Mamoswine\n|\n|t:|1700702405\n|switch|p1a: Thundurus|Thundurus-Therian, M, tera:Electric|13\/100|[from] U-turn\n|-damage|p1a: Thundurus|0 fnt|[from] Stealth Rock\n|faint|p1a: Thundurus\n|\n|upkeep\n|\n|t:|1700702416\n|switch|p1a: Heatran|Heatran, F|100\/100\n|switch|p2a: Azumarill|Azumarill, F, shiny|100\/100\n|-damage|p1a: Heatran|88\/100|[from] Stealth Rock\n|-item|p1a: Heatran|Air Balloon\n|turn|13\n|\n|t:|1700702426\n|move|p1a: Heatran|Will-O-Wisp|p2a: Azumarill\n|-status|p2a: Azumarill|brn\n|move|p2a: Azumarill|Liquidation|p1a: Heatran\n|-supereffective|p1a: Heatran\n|-damage|p1a: Heatran|35\/100\n|-enditem|p1a: Heatran|Air Balloon\n|\n|-damage|p2a: Azumarill|94\/100 brn|[from] brn\n|upkeep\n|turn|14\n|\n|t:|1700702438\n|switch|p1a: Urshifu|Urshifu-Rapid-Strike, F|61\/100\n|-damage|p1a: Urshifu|55\/100|[from] Stealth Rock\n|switch|p2a: Hydreigon|Hydreigon, F, shiny|19\/100\n|\n|-heal|p2a: Hydreigon|25\/100|[from] item: Leftovers\n|upkeep\n|turn|15\n|\n|t:|1700702448\n|move|p1a: Urshifu|U-turn|p2a: Hydreigon\n|-supereffective|p2a: Hydreigon\n|-damage|p2a: Hydreigon|0 fnt\n|faint|p2a: Hydreigon\n|\n|t:|1700702458\n|switch|p1a: Ceruledge|Ceruledge, F|100\/100|[from] U-turn\n|-damage|p1a: Ceruledge|76\/100|[from] Stealth Rock\n|\n|upkeep\n|\n|t:|1700702464\n|switch|p2a: Azumarill|Azumarill, F, shiny|94\/100 brn\n|turn|16\n|\n|t:|1700702474\n|move|p1a: Ceruledge|Poltergeist|p2a: Azumarill\n|-activate|p2a: Azumarill|move: Poltergeist|Choice Band\n|-damage|p2a: Azumarill|42\/100 brn\n|move|p2a: Azumarill|Liquidation|p1a: Ceruledge\n|-supereffective|p1a: Ceruledge\n|-damage|p1a: Ceruledge|0 fnt\n|faint|p1a: Ceruledge\n|\n|-damage|p2a: Azumarill|35\/100 brn|[from] brn\n|upkeep\n|\n|t:|1700702480\n|switch|p1a: Urshifu|Urshifu-Rapid-Strike, F|55\/100\n|-damage|p1a: Urshifu|49\/100|[from] Stealth Rock\n|turn|17\n|\n|t:|1700702493\n|switch|p2a: Corviknight|Corviknight, M, shiny|83\/100\n|-ability|p2a: Corviknight|Pressure\n|move|p1a: Urshifu|Surging Strikes|p2a: Corviknight\n|-crit|p2a: Corviknight\n|-damage|p2a: Corviknight|71\/100\n|-damage|p1a: Urshifu|32\/100|[from] item: Rocky Helmet|[of] p2a: Corviknight\n|-crit|p2a: Corviknight\n|-damage|p2a: Corviknight|58\/100\n|-damage|p1a: Urshifu|16\/100|[from] item: Rocky Helmet|[of] p2a: Corviknight\n|-crit|p2a: Corviknight\n|-damage|p2a: Corviknight|47\/100\n|-damage|p1a: Urshifu|0 fnt|[from] item: Rocky Helmet|[of] p2a: Corviknight\n|faint|p1a: Urshifu\n|-hitcount|p2a: Corviknight|3\n|\n|upkeep\n|-message|TheIllustriousYUBI forfeited.\n|\n|win|weirdnomad\n|raw|TheIllustriousYUBI's rating: 1500 &rarr; <strong>1480<\/strong><br \/>(-20 for losing)\n|raw|weirdnomad's rating: 1503 &rarr; <strong>1523<\/strong><br \/>(+20 for winning)\n|l|\u2606TheIllustriousYUBI\n","uploadtime":1700702513,"views":3,"p1id":"theillustriousyubi","p2id":"weirdnomad","formatid":"gen9nationaldex","rating":1480,"private":0,"password":""}