{"id":"gen9nationaldex-1997256308","p1":"Redoge","p2":"Gocks","format":"[Gen 9] National Dex","log":"|html|<div class=\"broadcast-blue\"><strong>[Gen 9] National Dex is currently suspecting Sneasler! For information on how to participate check out the <a href=\"https:\/\/www.smogon.com\/forums\/threads\/sv-national-dex-suspect-8-just-dance.3731534\/\">suspect thread<\/a>.<\/strong><\/div>\n|j|\u2606Redoge\n|j|\u203dGocks\n|t:|1700781139\n|gametype|singles\n|player|p1|Redoge|arezu|1375\n|player|p2|Gocks|juggler|1498\n|teamsize|p1|6\n|teamsize|p2|6\n|gen|9\n|tier|[Gen 9] National Dex\n|rated|\n|rule|HP Percentage Mod: HP is shown in percentages\n|rule|Endless Battle Clause: Forcing endless battles is banned\n|rule|OHKO Clause: OHKO moves are banned\n|rule|Evasion Clause: Evasion abilities, items, and moves are banned\n|rule|Evasion Abilities Clause: Evasion abilities are banned\n|rule|Evasion Items Clause: Evasion items are banned\n|rule|Evasion Moves Clause: Evasion moves are banned\n|rule|Species Clause: Limit one of each Pok\u00e9mon\n|rule|Sleep Clause Mod: Limit one foe put to sleep\n|clearpoke\n|poke|p1|Tapu Koko|\n|poke|p1|Sneasler, M|\n|poke|p1|Greninja-*, M|\n|poke|p1|Raichu-Alola, F|\n|poke|p1|Scizor, F|\n|poke|p1|Iron Valiant|\n|poke|p2|Tyranitar, F|\n|poke|p2|Moltres|\n|poke|p2|Espeon, F|\n|poke|p2|Umbreon, M|\n|poke|p2|Nidoking, M|\n|poke|p2|Scizor, M|\n|teampreview\n|inactive|Battle timer is ON: inactive players will automatically lose when time's up. (requested by Redoge)\n|\n|t:|1700781164\n|start\n|switch|p1a: Birdie|Tapu Koko|100\/100\n|switch|p2a: Nidoking|Nidoking, M|100\/100\n|-fieldstart|move: Electric Terrain|[from] ability: Electric Surge|[of] p1a: Birdie\n|turn|1\n|c|\u2606Redoge|Glhf\n|j| Kanto one and only\n|\n|t:|1700781172\n|switch|p1a: Scissors|Scizor, F, shiny|100\/100\n|move|p2a: Nidoking|Earth Power|p1a: Scissors\n|-damage|p1a: Scissors|37\/100\n|\n|upkeep\n|turn|2\n|\n|t:|1700781178\n|detailschange|p1a: Scissors|Scizor-Mega, F, shiny\n|-mega|p1a: Scissors|Scizor|Scizorite\n|move|p2a: Nidoking|Earth Power|p1a: Scissors\n|-damage|p1a: Scissors|0 fnt\n|faint|p1a: Scissors\n|\n|upkeep\n|\n|t:|1700781192\n|switch|p1a: Gamer|Greninja, M|100\/100\n|turn|3\n|\n|t:|1700781195\n|move|p1a: Gamer|Water Shuriken|p2a: Nidoking\n|-supereffective|p2a: Nidoking\n|-damage|p2a: Nidoking|80\/100\n|-supereffective|p2a: Nidoking\n|-damage|p2a: Nidoking|60\/100\n|-supereffective|p2a: Nidoking\n|-damage|p2a: Nidoking|41\/100\n|-supereffective|p2a: Nidoking\n|-damage|p2a: Nidoking|21\/100\n|-supereffective|p2a: Nidoking\n|-damage|p2a: Nidoking|1\/100\n|-hitcount|p2a: Nidoking|5\n|move|p2a: Nidoking|Earth Power|p1a: Gamer\n|-damage|p1a: Gamer|18\/100\n|\n|upkeep\n|turn|4\n|\n|t:|1700781206\n|switch|p2a: Scizor|Scizor, M|100\/100\n|move|p1a: Gamer|Water Shuriken|p2a: Scizor\n|-damage|p2a: Scizor|93\/100\n|-damage|p2a: Scizor|85\/100\n|-damage|p2a: Scizor|77\/100\n|-damage|p2a: Scizor|69\/100\n|-damage|p2a: Scizor|61\/100\n|-hitcount|p2a: Scizor|5\n|\n|upkeep\n|turn|5\n|\n|t:|1700781216\n|detailschange|p2a: Scizor|Scizor-Mega, M\n|-mega|p2a: Scizor|Scizor|Scizorite\n|move|p1a: Gamer|Water Shuriken|p2a: Scizor\n|-damage|p2a: Scizor|54\/100\n|-damage|p2a: Scizor|46\/100\n|-damage|p2a: Scizor|40\/100\n|-damage|p2a: Scizor|33\/100\n|-hitcount|p2a: Scizor|4\n|move|p2a: Scizor|Bullet Punch|p1a: Gamer\n|-resisted|p1a: Gamer\n|-damage|p1a: Gamer|0 fnt\n|faint|p1a: Gamer\n|\n|upkeep\n|\n|t:|1700781225\n|switch|p1a: Birdie|Tapu Koko|100\/100\n|turn|6\n|\n|t:|1700781233\n|switch|p2a: Moltres|Moltres|100\/100\n|move|p1a: Birdie|Volt Switch|p2a: Moltres\n|-supereffective|p2a: Moltres\n|-crit|p2a: Moltres\n|-damage|p2a: Moltres|0 fnt\n|faint|p2a: Moltres\n|\n|t:|1700781238\n|switch|p1a: Galavior|Iron Valiant|100\/100|[from] Volt Switch\n|-activate|p1a: Galavior|ability: Quark Drive\n|-start|p1a: Galavior|quarkdrivespe\n|\n|upkeep\n|\n|t:|1700781243\n|switch|p2a: Scizor|Scizor-Mega, M|33\/100\n|turn|7\n|\n|t:|1700781251\n|-end|p1a: Galavior|Quark Drive|[silent]\n|switch|p1a: Sneeze|Sneasler, M|100\/100\n|-enditem|p1a: Sneeze|Electric Seed\n|-boost|p1a: Sneeze|def|1|[from] item: Electric Seed\n|move|p2a: Scizor|Bullet Punch|p1a: Sneeze\n|-damage|p1a: Sneeze|55\/100\n|\n|upkeep\n|turn|8\n|\n|t:|1700781259\n|move|p1a: Sneeze|Acrobatics|p2a: Scizor\n|-damage|p2a: Scizor|1\/100\n|move|p2a: Scizor|Roost|p2a: Scizor\n|-heal|p2a: Scizor|51\/100\n|-singleturn|p2a: Scizor|move: Roost\n|\n|-fieldend|move: Electric Terrain\n|upkeep\n|turn|9\n|\n|t:|1700781266\n|-terastallize|p1a: Sneeze|Flying\n|move|p1a: Sneeze|Acrobatics|p2a: Scizor\n|-damage|p2a: Scizor|5\/100\n|move|p2a: Scizor|Roost|p2a: Scizor\n|-heal|p2a: Scizor|55\/100\n|-singleturn|p2a: Scizor|move: Roost\n|\n|upkeep\n|turn|10\n|\n|t:|1700781272\n|move|p1a: Sneeze|Swords Dance|p1a: Sneeze\n|-boost|p1a: Sneeze|atk|2\n|move|p2a: Scizor|U-turn|p1a: Sneeze\n|-resisted|p1a: Sneeze\n|-damage|p1a: Sneeze|28\/100\n|\n|t:|1700781281\n|switch|p2a: Umbreon|Umbreon, M|100\/100|[from] U-turn\n|\n|upkeep\n|turn|11\n|\n|t:|1700781286\n|-terastallize|p2a: Umbreon|Fairy\n|move|p1a: Sneeze|Close Combat|p2a: Umbreon\n|-resisted|p2a: Umbreon\n|-damage|p2a: Umbreon|61\/100\n|-unboost|p1a: Sneeze|def|1\n|-unboost|p1a: Sneeze|spd|1\n|-damage|p1a: Sneeze|11\/100|[from] item: Rocky Helmet|[of] p2a: Umbreon\n|move|p2a: Umbreon|Foul Play|p1a: Sneeze\n|-damage|p1a: Sneeze|0 fnt\n|faint|p1a: Sneeze\n|\n|upkeep\n|\n|t:|1700781290\n|switch|p1a: Birdie|Tapu Koko|100\/100\n|-fieldstart|move: Electric Terrain|[from] ability: Electric Surge|[of] p1a: Birdie\n|turn|12\n|\n|t:|1700781300\n|move|p1a: Birdie|Thunderbolt|p2a: Umbreon\n|-damage|p2a: Umbreon|27\/100\n|move|p2a: Umbreon|Wish|p2a: Umbreon\n|\n|upkeep\n|turn|13\n|\n|t:|1700781305\n|switch|p1a: Dry Poo|Raichu-Alola, F|100\/100\n|move|p2a: Umbreon|Protect||[still]\n|-fail|p2a: Umbreon\n|\n|-heal|p2a: Umbreon|77\/100|[from] move: Wish|[wisher] Umbreon\n|upkeep\n|turn|14\n|\n|t:|1700781313\n|switch|p2a: Nidoking|Nidoking, M|1\/100\n|move|p1a: Dry Poo|Rising Voltage|p2a: Nidoking\n|-immune|p2a: Nidoking\n|\n|upkeep\n|turn|15\n|\n|t:|1700781321\n|switch|p1a: Galavior|Iron Valiant|100\/100\n|-activate|p1a: Galavior|ability: Quark Drive\n|-start|p1a: Galavior|quarkdrivespe\n|switch|p2a: Tyranitar|Tyranitar, F|100\/100\n|-weather|Sandstorm|[from] ability: Sand Stream|[of] p2a: Tyranitar\n|\n|-weather|Sandstorm|[upkeep]\n|-damage|p1a: Galavior|94\/100|[from] Sandstorm\n|upkeep\n|turn|16\n|\n|t:|1700781330\n|switch|p2a: Scizor|Scizor-Mega, M|55\/100\n|move|p1a: Galavior|Close Combat|p2a: Scizor\n|-damage|p2a: Scizor|0 fnt\n|-unboost|p1a: Galavior|def|1\n|-unboost|p1a: Galavior|spd|1\n|faint|p2a: Scizor\n|-damage|p1a: Galavior|85\/100|[from] item: Life Orb\n|\n|-weather|Sandstorm|[upkeep]\n|-damage|p1a: Galavior|78\/100|[from] Sandstorm\n|upkeep\n|\n|t:|1700781341\n|switch|p2a: Umbreon|Umbreon, M, tera:Fairy|77\/100\n|turn|17\n|\n|t:|1700781351\n|-end|p1a: Galavior|Quark Drive|[silent]\n|switch|p1a: Birdie|Tapu Koko|100\/100\n|move|p2a: Umbreon|Toxic|p1a: Birdie\n|-status|p1a: Birdie|tox\n|\n|-weather|Sandstorm|[upkeep]\n|-damage|p1a: Birdie|94\/100 tox|[from] Sandstorm\n|-damage|p2a: Umbreon|71\/100|[from] Sandstorm\n|-damage|p1a: Birdie|88\/100 tox|[from] psn\n|upkeep\n|turn|18\n|\n|t:|1700781355\n|move|p1a: Birdie|Volt Switch|p2a: Umbreon\n|-damage|p2a: Umbreon|45\/100\n|\n|t:|1700781358\n|switch|p1a: Galavior|Iron Valiant|78\/100|[from] Volt Switch\n|-activate|p1a: Galavior|ability: Quark Drive\n|-start|p1a: Galavior|quarkdrivespe\n|move|p2a: Umbreon|Wish|p2a: Umbreon\n|\n|-weather|Sandstorm|[upkeep]\n|-damage|p1a: Galavior|72\/100|[from] Sandstorm\n|-damage|p2a: Umbreon|39\/100|[from] Sandstorm\n|upkeep\n|turn|19\n|\n|t:|1700781363\n|move|p2a: Umbreon|Protect|p2a: Umbreon\n|-singleturn|p2a: Umbreon|Protect\n|move|p1a: Galavior|Swords Dance|p1a: Galavior\n|-boost|p1a: Galavior|atk|2\n|\n|-weather|none\n|-heal|p2a: Umbreon|89\/100|[from] move: Wish|[wisher] Umbreon\n|-fieldend|move: Electric Terrain\n|-end|p1a: Galavior|Quark Drive\n|upkeep\n|turn|20\n|\n|t:|1700781370\n|move|p1a: Galavior|Encore|p2a: Umbreon\n|-start|p2a: Umbreon|Encore\n|move|p2a: Umbreon|Protect||[still]\n|-fail|p2a: Umbreon\n|\n|upkeep\n|turn|21\n|\n|t:|1700781377\n|switch|p2a: Nidoking|Nidoking, M|1\/100\n|move|p1a: Galavior|Spirit Break|p2a: Nidoking\n|-resisted|p2a: Nidoking\n|-damage|p2a: Nidoking|0 fnt\n|faint|p2a: Nidoking\n|-damage|p1a: Galavior|62\/100|[from] item: Life Orb\n|\n|upkeep\n|\n|t:|1700781380\n|switch|p2a: Umbreon|Umbreon, M, tera:Fairy|89\/100\n|turn|22\n|\n|t:|1700781383\n|move|p1a: Galavior|Spirit Break|p2a: Umbreon\n|-damage|p2a: Umbreon|25\/100\n|-unboost|p2a: Umbreon|spa|1\n|-damage|p1a: Galavior|46\/100|[from] item: Rocky Helmet|[of] p2a: Umbreon\n|-damage|p1a: Galavior|36\/100|[from] item: Life Orb\n|move|p2a: Umbreon|Foul Play|p1a: Galavior\n|-resisted|p1a: Galavior\n|-damage|p1a: Galavior|7\/100\n|\n|upkeep\n|turn|23\n|\n|t:|1700781393\n|move|p1a: Galavior|Spirit Break|p2a: Umbreon\n|-damage|p2a: Umbreon|0 fnt\n|-damage|p1a: Galavior|0 fnt|[from] item: Rocky Helmet|[of] p2a: Umbreon\n|faint|p2a: Umbreon\n|faint|p1a: Galavior\n|-end|p1a: Galavior|Quark Drive|[silent]\n|\n|upkeep\n|\n|t:|1700781409\n|switch|p1a: Birdie|Tapu Koko|88\/100 tox\n|switch|p2a: Tyranitar|Tyranitar, F|100\/100\n|-fieldstart|move: Electric Terrain|[from] ability: Electric Surge|[of] p1a: Birdie\n|-weather|Sandstorm|[from] ability: Sand Stream|[of] p2a: Tyranitar\n|turn|24\n|\n|t:|1700781413\n|move|p1a: Birdie|Thunderbolt|p2a: Tyranitar\n|-damage|p2a: Tyranitar|72\/100\n|move|p2a: Tyranitar|Earthquake|p1a: Birdie\n|-supereffective|p1a: Birdie\n|-damage|p1a: Birdie|0 fnt\n|faint|p1a: Birdie\n|\n|-weather|Sandstorm|[upkeep]\n|-heal|p2a: Tyranitar|78\/100|[from] item: Leftovers\n|upkeep\n|\n|t:|1700781416\n|switch|p1a: Dry Poo|Raichu-Alola, F|100\/100\n|turn|25\n|\n|t:|1700781419\n|move|p1a: Dry Poo|Rising Voltage|p2a: Tyranitar\n|-hint|Rising Voltage's BP doubled on grounded target.\n|-damage|p2a: Tyranitar|4\/100\n|move|p2a: Tyranitar|Earthquake|p1a: Dry Poo\n|-supereffective|p1a: Dry Poo\n|-damage|p1a: Dry Poo|0 fnt\n|faint|p1a: Dry Poo\n|\n|win|Gocks\n|raw|Redoge's rating: 1375 &rarr; <strong>1362<\/strong><br \/>(-13 for losing)\n|raw|Gocks's rating: 1498 &rarr; <strong>1511<\/strong><br \/>(+13 for winning)\n|l|\u2606Redoge\n","uploadtime":1700781427,"views":3,"p1id":"redoge","p2id":"gocks","formatid":"gen9nationaldex","rating":1362,"private":0,"password":""}