{"id":"gen9nationaldex-1991941727","p1":"psycotia","p2":"ronniedobbs","format":"[Gen 9] National Dex","log":"|j|\u2606psycotia\n|j|\u2606ronniedobbs\n|t:|1700140788\n|gametype|singles\n|player|p1|psycotia|kimonogirl|1148\n|player|p2|ronniedobbs|gentleman-gen4dp|1206\n|teamsize|p1|6\n|teamsize|p2|6\n|gen|9\n|tier|[Gen 9] National Dex\n|rated|\n|rule|HP Percentage Mod: HP is shown in percentages\n|rule|Endless Battle Clause: Forcing endless battles is banned\n|rule|OHKO Clause: OHKO moves are banned\n|rule|Evasion Clause: Evasion abilities, items, and moves are banned\n|rule|Evasion Abilities Clause: Evasion abilities are banned\n|rule|Evasion Items Clause: Evasion items are banned\n|rule|Evasion Moves Clause: Evasion moves are banned\n|rule|Species Clause: Limit one of each Pok\u00e9mon\n|rule|Sleep Clause Mod: Limit one foe put to sleep\n|clearpoke\n|poke|p1|Blaziken, M|\n|poke|p1|Smeargle, F|\n|poke|p1|Kartana|\n|poke|p1|Diancie|\n|poke|p1|Samurott-Hisui, M|\n|poke|p1|Iron Valiant|\n|poke|p2|Goodra-Hisui, M|\n|poke|p2|Zeraora|\n|poke|p2|Grimmsnarl, M|\n|poke|p2|Garchomp, M|\n|poke|p2|Iron Moth|\n|poke|p2|Mimikyu, F|\n|teampreview\n|\n|t:|1700140791\n|start\n|switch|p1a: Smeargle|Smeargle, F|100\/100\n|switch|p2a: dh peligro|Grimmsnarl, M, shiny|100\/100\n|turn|1\n|\n|t:|1700140798\n|move|p2a: dh peligro|Taunt|p1a: Smeargle\n|-start|p1a: Smeargle|move: Taunt\n|cant|p1a: Smeargle|move: Taunt|Sticky Web\n|\n|upkeep\n|turn|2\n|\n|t:|1700140818\n|switch|p1a: Diancie|Diancie|100\/100\n|move|p2a: dh peligro|Reflect|p2a: dh peligro\n|-sidestart|p2: ronniedobbs|Reflect\n|\n|upkeep\n|turn|3\n|\n|t:|1700140832\n|detailschange|p1a: Diancie|Diancie-Mega\n|-mega|p1a: Diancie|Diancie|Diancite\n|move|p2a: dh peligro|Light Screen|p2a: dh peligro\n|-sidestart|p2: ronniedobbs|move: Light Screen\n|move|p1a: Diancie|Moonblast|p2a: dh peligro\n|-supereffective|p2a: dh peligro\n|-damage|p2a: dh peligro|53\/100\n|\n|upkeep\n|turn|4\n|\n|t:|1700140847\n|move|p2a: dh peligro|Parting Shot|p1a: Diancie\n|move|p1a: Diancie|Parting Shot|p2a: dh peligro|[from]ability: Magic Bounce\n|-unboost|p2a: dh peligro|atk|1\n|-unboost|p2a: dh peligro|spa|1\n|\n|t:|1700140868\n|switch|p1a: Blaziken|Blaziken, M|100\/100|[from] Parting Shot\n|\n|upkeep\n|turn|5\n|\n|t:|1700140874\n|move|p2a: dh peligro|Taunt|p1a: Blaziken\n|-start|p1a: Blaziken|move: Taunt\n|cant|p1a: Blaziken|move: Taunt|Substitute\n|\n|-ability|p1a: Blaziken|Speed Boost|boost\n|-boost|p1a: Blaziken|spe|1\n|upkeep\n|turn|6\n|\n|t:|1700140893\n|move|p2a: dh peligro|Parting Shot|p1a: Blaziken\n|-unboost|p1a: Blaziken|atk|1\n|-unboost|p1a: Blaziken|spa|1\n|\n|t:|1700140897\n|switch|p2a: gg allin|Garchomp, M, shiny|100\/100|[from] Parting Shot\n|move|p1a: Blaziken|Flare Blitz|p2a: gg allin\n|-resisted|p2a: gg allin\n|-damage|p2a: gg allin|89\/100\n|-damage|p1a: Blaziken|88\/100|[from] ability: Rough Skin|[of] p2a: gg allin\n|-damage|p1a: Blaziken|84\/100|[from] Recoil\n|\n|-heal|p1a: Blaziken|90\/100|[from] item: Leftovers\n|-ability|p1a: Blaziken|Speed Boost|boost\n|-boost|p1a: Blaziken|spe|1\n|upkeep\n|turn|7\n|\n|t:|1700140910\n|switch|p1a: Diancie|Diancie-Mega|100\/100\n|move|p2a: gg allin|Earthquake|p1a: Diancie\n|-supereffective|p1a: Diancie\n|-damage|p1a: Diancie|0 fnt\n|faint|p1a: Diancie\n|\n|upkeep\n|\n|t:|1700140913\n|switch|p1a: Smeargle|Smeargle, F|100\/100\n|turn|8\n|\n|t:|1700140918\n|switch|p2a: ian curtis|Goodra-Hisui, M, shiny|100\/100\n|move|p1a: Smeargle|Spore|p2a: ian curtis\n|-ability|p2a: ian curtis|Sap Sipper|boost\n|-boost|p2a: ian curtis|atk|1\n|\n|upkeep\n|turn|9\n|\n|t:|1700140938\n|move|p1a: Smeargle|Spore|p2a: ian curtis\n|-ability|p2a: ian curtis|Sap Sipper|boost\n|-boost|p2a: ian curtis|atk|1\n|move|p2a: ian curtis|Draco Meteor|p1a: Smeargle\n|-enditem|p1a: Smeargle|Focus Sash\n|-damage|p1a: Smeargle|1\/100\n|-unboost|p2a: ian curtis|spa|2\n|\n|-sideend|p2: ronniedobbs|Reflect\n|upkeep\n|turn|10\n|\n|t:|1700140958\n|move|p1a: Smeargle|Sticky Web|p2a: ian curtis\n|-sidestart|p2: ronniedobbs|move: Sticky Web\n|move|p2a: ian curtis|Flash Cannon|p1a: Smeargle\n|-damage|p1a: Smeargle|0 fnt\n|faint|p1a: Smeargle\n|\n|-sideend|p2: ronniedobbs|move: Light Screen\n|upkeep\n|\n|t:|1700140968\n|switch|p1a: Blaziken|Blaziken, M|90\/100\n|turn|11\n|\n|t:|1700140970\n|move|p1a: Blaziken|Swords Dance|p1a: Blaziken\n|-boost|p1a: Blaziken|atk|2\n|move|p2a: ian curtis|Hydro Pump|p1a: Blaziken|[miss]\n|-miss|p2a: ian curtis|p1a: Blaziken\n|\n|-heal|p1a: Blaziken|96\/100|[from] item: Leftovers\n|-ability|p1a: Blaziken|Speed Boost|boost\n|-boost|p1a: Blaziken|spe|1\n|upkeep\n|turn|12\n|\n|t:|1700140988\n|-terastallize|p1a: Blaziken|Fire\n|move|p1a: Blaziken|High Jump Kick|p2a: ian curtis\n|-supereffective|p2a: ian curtis\n|-damage|p2a: ian curtis|0 fnt\n|faint|p2a: ian curtis\n|\n|-heal|p1a: Blaziken|100\/100|[from] item: Leftovers\n|-ability|p1a: Blaziken|Speed Boost|boost\n|-boost|p1a: Blaziken|spe|1\n|upkeep\n|\n|t:|1700140998\n|switch|p2a: dh peligro|Grimmsnarl, M, shiny|53\/100\n|-activate|p2a: dh peligro|move: Sticky Web\n|-unboost|p2a: dh peligro|spe|1\n|turn|13\n|\n|t:|1700141012\n|move|p2a: dh peligro|Reflect|p2a: dh peligro\n|-sidestart|p2: ronniedobbs|Reflect\n|move|p1a: Blaziken|Substitute|p1a: Blaziken\n|-start|p1a: Blaziken|Substitute\n|-damage|p1a: Blaziken|76\/100\n|\n|-heal|p1a: Blaziken|82\/100|[from] item: Leftovers\n|-ability|p1a: Blaziken|Speed Boost|boost\n|-boost|p1a: Blaziken|spe|1\n|upkeep\n|turn|14\n|\n|t:|1700141020\n|move|p2a: dh peligro|Parting Shot|p1a: Blaziken\n|-unboost|p1a: Blaziken|atk|1\n|-unboost|p1a: Blaziken|spa|1\n|\n|t:|1700141024\n|switch|p2a: gg allin|Garchomp, M, shiny|89\/100|[from] Parting Shot\n|-activate|p2a: gg allin|move: Sticky Web\n|-unboost|p2a: gg allin|spe|1\n|move|p1a: Blaziken|Swords Dance|p1a: Blaziken\n|-boost|p1a: Blaziken|atk|2\n|\n|-heal|p1a: Blaziken|88\/100|[from] item: Leftovers\n|-ability|p1a: Blaziken|Speed Boost|boost\n|-boost|p1a: Blaziken|spe|1\n|upkeep\n|turn|15\n|\n|t:|1700141043\n|move|p1a: Blaziken|Swords Dance|p1a: Blaziken\n|-boost|p1a: Blaziken|atk|2\n|move|p2a: gg allin|Scale Shot|p1a: Blaziken\n|-activate|p1a: Blaziken|move: Substitute|[damage]\n|-end|p1a: Blaziken|Substitute\n|-damage|p1a: Blaziken|66\/100\n|-damage|p1a: Blaziken|47\/100\n|-damage|p1a: Blaziken|27\/100\n|-hitcount|p1a: Blaziken|5\n|-unboost|p2a: gg allin|def|1\n|-boost|p2a: gg allin|spe|1\n|\n|-heal|p1a: Blaziken|33\/100|[from] item: Leftovers\n|-ability|p1a: Blaziken|Speed Boost|boost\n|-boost|p1a: Blaziken|spe|1\n|upkeep\n|turn|16\n|\n|t:|1700141058\n|switch|p2a: adam yauch|Mimikyu, F, shiny|100\/100\n|-activate|p2a: adam yauch|move: Sticky Web\n|-unboost|p2a: adam yauch|spe|1\n|move|p1a: Blaziken|High Jump Kick|p2a: adam yauch\n|-immune|p2a: adam yauch\n|-damage|p1a: Blaziken|0 fnt|[from] highjumpkick\n|faint|p1a: Blaziken\n|\n|upkeep\n|\n|t:|1700141074\n|switch|p1a: Kartana|Kartana|100\/100\n|turn|17\n|\n|t:|1700141077\n|-terastallize|p2a: adam yauch|Fighting\n|move|p1a: Kartana|Smart Strike|p2a: adam yauch\n|-activate|p2a: adam yauch|ability: Disguise\n|-damage|p2a: adam yauch|100\/100\n|detailschange|p2a: adam yauch|Mimikyu-Busted, F, shiny, tera:Fighting\n|-damage|p2a: adam yauch|88\/100|[from] pokemon: Mimikyu-Busted\n|move|p2a: adam yauch|Drain Punch|p1a: Kartana\n|-supereffective|p1a: Kartana\n|-damage|p1a: Kartana|24\/100\n|-heal|p2a: adam yauch|100\/100|[from] drain|[of] p1a: Kartana\n|-damage|p2a: adam yauch|91\/100|[from] item: Life Orb\n|\n|upkeep\n|turn|18\n|\n|t:|1700141089\n|move|p2a: adam yauch|Shadow Sneak|p1a: Kartana\n|-damage|p1a: Kartana|0 fnt\n|faint|p1a: Kartana\n|-damage|p2a: adam yauch|81\/100|[from] item: Life Orb\n|\n|upkeep\n|\n|t:|1700141104\n|switch|p1a: Iron Valiant|Iron Valiant|100\/100\n|-enditem|p1a: Iron Valiant|Booster Energy\n|-activate|p1a: Iron Valiant|ability: Quark Drive|[fromitem]\n|-start|p1a: Iron Valiant|quarkdrivespe\n|turn|19\n|\n|t:|1700141110\n|move|p1a: Iron Valiant|Moonblast|p2a: adam yauch\n|-supereffective|p2a: adam yauch\n|-damage|p2a: adam yauch|0 fnt\n|faint|p2a: adam yauch\n|\n|upkeep\n|\n|t:|1700141116\n|switch|p2a: dh peligro|Grimmsnarl, M, shiny|53\/100\n|-activate|p2a: dh peligro|move: Sticky Web\n|-unboost|p2a: dh peligro|spe|1\n|turn|20\n|\n|t:|1700141122\n|move|p2a: dh peligro|Light Screen|p2a: dh peligro\n|-sidestart|p2: ronniedobbs|move: Light Screen\n|move|p1a: Iron Valiant|Moonblast|p2a: dh peligro\n|-supereffective|p2a: dh peligro\n|-damage|p2a: dh peligro|15\/100\n|\n|-sideend|p2: ronniedobbs|Reflect\n|upkeep\n|turn|21\n|\n|t:|1700141127\n|move|p2a: dh peligro|Reflect|p2a: dh peligro\n|-sidestart|p2: ronniedobbs|Reflect\n|move|p1a: Iron Valiant|Moonblast|p2a: dh peligro\n|-supereffective|p2a: dh peligro\n|-damage|p2a: dh peligro|0 fnt\n|faint|p2a: dh peligro\n|\n|upkeep\n|\n|t:|1700141132\n|switch|p2a: poly styrene|Iron Moth, shiny|100\/100\n|-activate|p2a: poly styrene|move: Sticky Web\n|-unboost|p2a: poly styrene|spe|1\n|-enditem|p2a: poly styrene|Booster Energy\n|-activate|p2a: poly styrene|ability: Quark Drive|[fromitem]\n|-start|p2a: poly styrene|quarkdrivespa\n|turn|22\n|\n|t:|1700141145\n|move|p1a: Iron Valiant|Knock Off|p2a: poly styrene\n|-damage|p2a: poly styrene|88\/100\n|move|p2a: poly styrene|Sludge Wave|p1a: Iron Valiant\n|-supereffective|p1a: Iron Valiant\n|-damage|p1a: Iron Valiant|0 fnt\n|faint|p1a: Iron Valiant\n|-end|p1a: Iron Valiant|Quark Drive|[silent]\n|\n|upkeep\n|\n|t:|1700141151\n|switch|p1a: Samurott|Samurott-Hisui, M|100\/100\n|turn|23\n|\n|t:|1700141155\n|move|p1a: Samurott|Aqua Cutter|p2a: poly styrene\n|-supereffective|p2a: poly styrene\n|-damage|p2a: poly styrene|12\/100\n|move|p2a: poly styrene|Energy Ball|p1a: Samurott\n|-supereffective|p1a: Samurott\n|-damage|p1a: Samurott|0 fnt\n|faint|p1a: Samurott\n|\n|win|ronniedobbs\n|raw|psycotia's rating: 1168 &rarr; <strong>1146<\/strong><br \/>(-22 for losing)\n|raw|ronniedobbs's rating: 1206 &rarr; <strong>1228<\/strong><br \/>(+22 for winning)\n|l|\u2606psycotia\n|c|\u2606ronniedobbs|gg\n","uploadtime":1700141209,"views":19,"p1id":"psycotia","p2id":"ronniedobbs","formatid":"gen9nationaldex","rating":1146,"private":0,"password":""}