{"id":"gen9nationaldex-1993798348","p1":"mengxingzhu","p2":"zizhuzhaosheng","format":"[Gen 9] National Dex","log":"|j|\u2606mengxingzhu\n|j|\u2606zizhuzhaosheng\n|t:|1700358566\n|gametype|singles\n|player|p1|mengxingzhu|wallace|1581\n|player|p2|zizhuzhaosheng|archer|1592\n|teamsize|p1|6\n|teamsize|p2|6\n|gen|9\n|tier|[Gen 9] National Dex\n|rated|\n|rule|HP Percentage Mod: HP is shown in percentages\n|rule|Endless Battle Clause: Forcing endless battles is banned\n|rule|OHKO Clause: OHKO moves are banned\n|rule|Evasion Clause: Evasion abilities, items, and moves are banned\n|rule|Evasion Abilities Clause: Evasion abilities are banned\n|rule|Evasion Items Clause: Evasion items are banned\n|rule|Evasion Moves Clause: Evasion moves are banned\n|rule|Species Clause: Limit one of each Pok\u00e9mon\n|rule|Sleep Clause Mod: Limit one foe put to sleep\n|clearpoke\n|poke|p1|Araquanid, F|\n|poke|p1|Banette, F|\n|poke|p1|Landorus-Therian, M|\n|poke|p1|Ogerpon-Wellspring, F|\n|poke|p1|Heatran, M|\n|poke|p1|Tapu Koko|\n|poke|p2|Latias, F|\n|poke|p2|Urshifu-*, F|\n|poke|p2|Heatran, M|\n|poke|p2|Landorus-Therian, M|\n|poke|p2|Sneasler, F|\n|poke|p2|Tapu Koko|\n|teampreview\n|inactive|Battle timer is ON: inactive players will automatically lose when time's up. (requested by mengxingzhu)\n|\n|t:|1700358577\n|start\n|switch|p1a: Araquanid|Araquanid, F|100\/100\n|switch|p2a: Tapu Koko|Tapu Koko|100\/100\n|-fieldstart|move: Electric Terrain|[from] ability: Electric Surge|[of] p2a: Tapu Koko\n|turn|1\n|\n|t:|1700358583\n|switch|p1a: Landorus|Landorus-Therian, M|100\/100\n|-ability|p1a: Landorus|Intimidate|boost\n|-unboost|p2a: Tapu Koko|atk|1\n|move|p2a: Tapu Koko|Hidden Power|p1a: Landorus\n|-supereffective|p1a: Landorus\n|-damage|p1a: Landorus|7\/100\n|\n|upkeep\n|turn|2\n|\n|t:|1700358592\n|move|p1a: Landorus|U-turn|p2a: Tapu Koko\n|-resisted|p2a: Tapu Koko\n|-damage|p2a: Tapu Koko|82\/100\n|\n|t:|1700358596\n|switch|p1a: Araquanid|Araquanid, F|100\/100|[from] U-turn\n|move|p2a: Tapu Koko|Dazzling Gleam|p1a: Araquanid\n|-crit|p1a: Araquanid\n|-damage|p1a: Araquanid|55\/100\n|\n|upkeep\n|turn|3\n|\n|t:|1700358600\n|move|p2a: Tapu Koko|Volt Switch|p1a: Araquanid\n|-supereffective|p1a: Araquanid\n|-damage|p1a: Araquanid|0 fnt\n|faint|p1a: Araquanid\n|\n|t:|1700358606\n|switch|p2a: Urshifu|Urshifu-Rapid-Strike, F|100\/100|[from] Volt Switch\n|\n|upkeep\n|\n|t:|1700358611\n|switch|p1a: Tapu Koko|Tapu Koko|100\/100\n|turn|4\n|\n|t:|1700358619\n|switch|p2a: Landorus|Landorus-Therian, M|100\/100\n|-ability|p2a: Landorus|Intimidate|boost\n|-unboost|p1a: Tapu Koko|atk|1\n|move|p1a: Tapu Koko|Volt Switch|p2a: Landorus\n|-immune|p2a: Landorus\n|\n|upkeep\n|turn|5\n|\n|t:|1700358626\n|switch|p1a: Landorus|Landorus-Therian, M|7\/100\n|-ability|p1a: Landorus|Intimidate|boost\n|-unboost|p2a: Landorus|atk|1\n|move|p2a: Landorus|U-turn|p1a: Landorus\n|-resisted|p1a: Landorus\n|-damage|p1a: Landorus|0 fnt\n|faint|p1a: Landorus\n|\n|t:|1700358633\n|switch|p2a: Urshifu|Urshifu-Rapid-Strike, F|100\/100|[from] U-turn\n|\n|-fieldend|move: Electric Terrain\n|upkeep\n|\n|t:|1700358636\n|switch|p1a: Tapu Koko|Tapu Koko|100\/100\n|-fieldstart|move: Electric Terrain|[from] ability: Electric Surge|[of] p1a: Tapu Koko\n|turn|6\n|\n|t:|1700358638\n|switch|p2a: Landorus|Landorus-Therian, M|100\/100\n|-ability|p2a: Landorus|Intimidate|boost\n|-unboost|p1a: Tapu Koko|atk|1\n|move|p1a: Tapu Koko|Hidden Power|p2a: Landorus\n|-supereffective|p2a: Landorus\n|-damage|p2a: Landorus|0 fnt\n|faint|p2a: Landorus\n|\n|upkeep\n|\n|t:|1700358648\n|switch|p2a: Urshifu|Urshifu-Rapid-Strike, F|100\/100\n|turn|7\n|\n|t:|1700358653\n|switch|p1a: Ogerpon|Ogerpon-Wellspring, F|100\/100\n|move|p2a: Urshifu|Surging Strikes|p1a: Ogerpon\n|-immune|p1a: Ogerpon|[from] ability: Water Absorb\n|\n|upkeep\n|turn|8\n|\n|t:|1700358663\n|switch|p2a: Latias|Latias, F|100\/100\n|move|p1a: Ogerpon|Trailblaze|p2a: Latias\n|-resisted|p2a: Latias\n|-damage|p2a: Latias|84\/100\n|-boost|p1a: Ogerpon|spe|1\n|\n|upkeep\n|turn|9\n|\n|t:|1700358669\n|detailschange|p2a: Latias|Latias-Mega, F\n|-mega|p2a: Latias|Latias|Latiasite\n|move|p1a: Ogerpon|Swords Dance|p1a: Ogerpon\n|-boost|p1a: Ogerpon|atk|2\n|move|p2a: Latias|Psychic|p1a: Ogerpon\n|-damage|p1a: Ogerpon|32\/100\n|\n|upkeep\n|turn|10\n|\n|t:|1700358684\n|move|p1a: Ogerpon|Ivy Cudgel|p2a: Latias|[anim] Ivy Cudgel Water\n|-resisted|p2a: Latias\n|-damage|p2a: Latias|35\/100\n|move|p2a: Latias|Psychic|p1a: Ogerpon\n|-damage|p1a: Ogerpon|0 fnt\n|faint|p1a: Ogerpon\n|\n|-fieldend|move: Electric Terrain\n|upkeep\n|\n|t:|1700358692\n|switch|p1a: Banette|Banette, F|100\/100\n|-item|p2a: Latias|Latiasite|[from] ability: Frisk|[of] p1a: Banette|[identify]\n|turn|11\n|\n|t:|1700358696\n|detailschange|p1a: Banette|Banette-Mega, F\n|-mega|p1a: Banette|Banette|Banettite\n|move|p2a: Latias|Psychic|p1a: Banette\n|-damage|p1a: Banette|31\/100\n|move|p1a: Banette|Poltergeist|p2a: Latias\n|-activate|p2a: Latias|move: Poltergeist|Latiasite\n|-supereffective|p2a: Latias\n|-damage|p2a: Latias|0 fnt\n|faint|p2a: Latias\n|\n|upkeep\n|\n|t:|1700358705\n|switch|p2a: Heatran|Heatran, M|100\/100\n|turn|12\n|\n|t:|1700358708\n|move|p1a: Banette|Destiny Bond|p1a: Banette\n|-singlemove|p1a: Banette|Destiny Bond\n|move|p2a: Heatran|Toxic|p1a: Banette\n|-status|p1a: Banette|tox\n|\n|-damage|p1a: Banette|25\/100 tox|[from] psn\n|upkeep\n|turn|13\n|\n|t:|1700358714\n|move|p1a: Banette|Poltergeist|p2a: Heatran\n|-activate|p2a: Heatran|move: Poltergeist|Leftovers\n|-damage|p2a: Heatran|35\/100\n|move|p2a: Heatran|Stealth Rock|p1a: Banette\n|-sidestart|p1: mengxingzhu|move: Stealth Rock\n|\n|-heal|p2a: Heatran|41\/100|[from] item: Leftovers\n|-damage|p1a: Banette|13\/100 tox|[from] psn\n|upkeep\n|turn|14\n|\n|t:|1700358720\n|move|p1a: Banette|Poltergeist|p2a: Heatran\n|-activate|p2a: Heatran|move: Poltergeist|Leftovers\n|-damage|p2a: Heatran|0 fnt\n|faint|p2a: Heatran\n|\n|-damage|p1a: Banette|0 fnt|[from] psn\n|faint|p1a: Banette\n|upkeep\n|\n|t:|1700358728\n|switch|p1a: \u6211\u7684\u795e|Heatran, M, shiny|100\/100\n|switch|p2a: Tapu Koko|Tapu Koko|82\/100\n|-fieldstart|move: Electric Terrain|[from] ability: Electric Surge|[of] p2a: Tapu Koko\n|-damage|p1a: \u6211\u7684\u795e|88\/100|[from] Stealth Rock\n|turn|15\n|\n|t:|1700358733\n|-zpower|p2a: Tapu Koko\n|move|p2a: Tapu Koko|Gigavolt Havoc|p1a: \u6211\u7684\u795e|[zeffect]\n|-damage|p1a: \u6211\u7684\u795e|34\/100\n|move|p1a: \u6211\u7684\u795e|Magma Storm|p2a: Tapu Koko\n|-damage|p2a: Tapu Koko|17\/100\n|-activate|p2a: Tapu Koko|move: Magma Storm|[of] p1a: \u6211\u7684\u795e\n|\n|-heal|p1a: \u6211\u7684\u795e|40\/100|[from] item: Leftovers\n|-damage|p2a: Tapu Koko|5\/100|[from] move: Magma Storm|[partiallytrapped]\n|upkeep\n|turn|16\n|\n|t:|1700358740\n|move|p1a: \u6211\u7684\u795e|Protect|p1a: \u6211\u7684\u795e\n|-singleturn|p1a: \u6211\u7684\u795e|Protect\n|move|p2a: Tapu Koko|Thunderbolt|p1a: \u6211\u7684\u795e\n|-activate|p1a: \u6211\u7684\u795e|move: Protect\n|\n|-heal|p1a: \u6211\u7684\u795e|46\/100|[from] item: Leftovers\n|-damage|p2a: Tapu Koko|0 fnt|[from] move: Magma Storm|[partiallytrapped]\n|faint|p2a: Tapu Koko\n|upkeep\n|\n|t:|1700358744\n|switch|p2a: Sneasler|Sneasler, F|100\/100\n|-enditem|p2a: Sneasler|Electric Seed\n|-boost|p2a: Sneasler|def|1|[from] item: Electric Seed\n|turn|17\n|\n|t:|1700358752\n|-terastallize|p1a: \u6211\u7684\u795e|Grass\n|move|p2a: Sneasler|Close Combat|p1a: \u6211\u7684\u795e\n|-crit|p1a: \u6211\u7684\u795e\n|-damage|p1a: \u6211\u7684\u795e|0 fnt\n|-unboost|p2a: Sneasler|def|1\n|-unboost|p2a: Sneasler|spd|1\n|faint|p1a: \u6211\u7684\u795e\n|\n|upkeep\n|\n|t:|1700358756\n|switch|p1a: Tapu Koko|Tapu Koko|100\/100\n|-damage|p1a: Tapu Koko|88\/100|[from] Stealth Rock\n|turn|18\n|\n|t:|1700358764\n|-terastallize|p2a: Sneasler|Electric\n|move|p2a: Sneasler|Dire Claw|p1a: Tapu Koko\n|-supereffective|p1a: Tapu Koko\n|-damage|p1a: Tapu Koko|0 fnt\n|faint|p1a: Tapu Koko\n|\n|win|zizhuzhaosheng\n|raw|mengxingzhu's rating: 1581 &rarr; <strong>1562<\/strong><br \/>(-19 for losing)\n|raw|zizhuzhaosheng's rating: 1592 &rarr; <strong>1611<\/strong><br \/>(+19 for winning)\n|l|\u2606mengxingzhu\n","uploadtime":1700358825,"views":7,"p1id":"mengxingzhu","p2id":"zizhuzhaosheng","formatid":"gen9nationaldex","rating":1562,"private":0,"password":""}