{"id":"gen9nationaldex-1993159425","p1":"chengbei111","p2":"oktheMaster","format":"[Gen 9] National Dex","log":"|j|\u2606chengbei111\n|j|\u2606oktheMaster\n|t:|1700271976\n|gametype|singles\n|player|p1|chengbei111|dawn|1597\n|player|p2|oktheMaster|irida|1597\n|teamsize|p1|6\n|teamsize|p2|6\n|gen|9\n|tier|[Gen 9] National Dex\n|rated|\n|rule|HP Percentage Mod: HP is shown in percentages\n|rule|Endless Battle Clause: Forcing endless battles is banned\n|rule|OHKO Clause: OHKO moves are banned\n|rule|Evasion Clause: Evasion abilities, items, and moves are banned\n|rule|Evasion Abilities Clause: Evasion abilities are banned\n|rule|Evasion Items Clause: Evasion items are banned\n|rule|Evasion Moves Clause: Evasion moves are banned\n|rule|Species Clause: Limit one of each Pok\u00e9mon\n|rule|Sleep Clause Mod: Limit one foe put to sleep\n|clearpoke\n|poke|p1|Swellow, M|\n|poke|p1|Moltres|\n|poke|p1|Ogerpon-Wellspring, F|\n|poke|p1|Slowking-Galar, F|\n|poke|p1|Iron Treads|\n|poke|p1|Aerodactyl, M|\n|poke|p2|Bisharp, F|\n|poke|p2|Moltres|\n|poke|p2|Clodsire, F|\n|poke|p2|Tapu Lele|\n|poke|p2|Medicham, F|\n|poke|p2|Ogerpon-Wellspring, F|\n|teampreview\n|inactive|Battle timer is ON: inactive players will automatically lose when time's up. (requested by oktheMaster)\n|\n|t:|1700272001\n|start\n|switch|p1a: Aerodactyl|Aerodactyl, M|100\/100\n|switch|p2a: Medicham|Medicham, F|100\/100\n|-ability|p1a: Aerodactyl|Pressure\n|turn|1\n|\n|t:|1700272004\n|switch|p1a: Moltres|Moltres, shiny|100\/100\n|detailschange|p2a: Medicham|Medicham-Mega, F\n|-mega|p2a: Medicham|Medicham|Medichamite\n|move|p2a: Medicham|Fake Out|p1a: Moltres\n|-damage|p1a: Moltres|85\/100\n|-status|p2a: Medicham|brn|[from] ability: Flame Body|[of] p1a: Moltres\n|\n|-damage|p2a: Medicham|94\/100 brn|[from] brn\n|upkeep\n|turn|2\n|inactive|oktheMaster has 120 seconds left.\n|\n|t:|1700272040\n|switch|p2a: Moltres|Moltres, shiny|100\/100\n|move|p1a: Moltres|U-turn|p2a: Moltres\n|-resisted|p2a: Moltres\n|-damage|p2a: Moltres|98\/100\n|\n|t:|1700272047\n|switch|p1a: Aerodactyl|Aerodactyl, M|100\/100|[from] U-turn\n|-ability|p1a: Aerodactyl|Pressure\n|\n|upkeep\n|turn|3\n|inactive|oktheMaster has 120 seconds left.\n|\n|t:|1700272085\n|switch|p2a: Bisharp|Bisharp, F|100\/100\n|detailschange|p1a: Aerodactyl|Aerodactyl-Mega, M\n|-mega|p1a: Aerodactyl|Aerodactyl|Aerodactylite\n|move|p1a: Aerodactyl|Dual Wingbeat|p2a: Bisharp\n|-resisted|p2a: Bisharp\n|-damage|p2a: Bisharp|83\/100\n|-resisted|p2a: Bisharp\n|-damage|p2a: Bisharp|66\/100\n|-hitcount|p2a: Bisharp|2\n|\n|upkeep\n|turn|4\n|\n|t:|1700272102\n|switch|p1a: Iron Treads|Iron Treads|100\/100\n|-terastallize|p2a: Bisharp|Dark\n|move|p2a: Bisharp|Sucker Punch||[still]\n|-fail|p2a: Bisharp\n|\n|upkeep\n|turn|5\n|\n|t:|1700272111\n|switch|p2a: Moltres|Moltres, shiny|98\/100\n|move|p1a: Iron Treads|Stealth Rock|p2a: Moltres\n|-sidestart|p2: oktheMaster|move: Stealth Rock\n|\n|upkeep\n|turn|6\n|\n|t:|1700272125\n|-end|p1a: Iron Treads|Quark Drive|[silent]\n|switch|p1a: Moltres|Moltres, shiny|85\/100\n|move|p2a: Moltres|U-turn|p1a: Moltres\n|-resisted|p1a: Moltres\n|-damage|p1a: Moltres|82\/100\n|\n|t:|1700272129\n|switch|p2a: Ogerpon|Ogerpon-Wellspring, F|100\/100|[from] U-turn\n|-damage|p2a: Ogerpon|88\/100|[from] Stealth Rock\n|\n|upkeep\n|turn|7\n|\n|t:|1700272149\n|switch|p1a: Ogerpon|Ogerpon-Wellspring, F|100\/100\n|move|p2a: Ogerpon|Swords Dance|p2a: Ogerpon\n|-boost|p2a: Ogerpon|atk|2\n|\n|upkeep\n|turn|8\n|\n|t:|1700272154\n|move|p2a: Ogerpon|Play Rough|p1a: Ogerpon\n|-damage|p1a: Ogerpon|5\/100\n|move|p1a: Ogerpon|U-turn|p2a: Ogerpon\n|-supereffective|p2a: Ogerpon\n|-damage|p2a: Ogerpon|16\/100\n|\n|t:|1700272168\n|switch|p1a: Swellow|Swellow, M, shiny|100\/100|[from] U-turn\n|\n|upkeep\n|turn|9\n|inactive|oktheMaster has 120 seconds left.\n|\n|t:|1700272180\n|move|p1a: Swellow|Boomburst|p2a: Ogerpon\n|-crit|p2a: Ogerpon\n|-damage|p2a: Ogerpon|0 fnt\n|faint|p2a: Ogerpon\n|\n|upkeep\n|\n|t:|1700272184\n|switch|p2a: Bisharp|Bisharp, F, tera:Dark|66\/100\n|-damage|p2a: Bisharp|54\/100|[from] Stealth Rock\n|turn|10\n|\n|t:|1700272193\n|switch|p1a: Iron Treads|Iron Treads|100\/100\n|move|p2a: Bisharp|Knock Off|p1a: Iron Treads\n|-damage|p1a: Iron Treads|35\/100\n|\n|upkeep\n|turn|11\n|inactive|oktheMaster has 120 seconds left.\n|\n|t:|1700272211\n|switch|p2a: Medicham|Medicham-Mega, F|94\/100 brn\n|-damage|p2a: Medicham|88\/100 brn|[from] Stealth Rock\n|-zpower|p1a: Iron Treads\n|move|p1a: Iron Treads|Subzero Slammer|p2a: Medicham|[zeffect]\n|-damage|p2a: Medicham|16\/100 brn\n|\n|-damage|p2a: Medicham|10\/100 brn|[from] brn\n|upkeep\n|turn|12\n|\n|t:|1700272223\n|move|p1a: Iron Treads|Ice Spinner|p2a: Medicham\n|-damage|p2a: Medicham|0 fnt\n|faint|p2a: Medicham\n|\n|upkeep\n|\n|t:|1700272231\n|switch|p2a: Tapu Lele|Tapu Lele|100\/100\n|-damage|p2a: Tapu Lele|88\/100|[from] Stealth Rock\n|-fieldstart|move: Psychic Terrain|[from] ability: Psychic Surge|[of] p2a: Tapu Lele\n|turn|13\n|\n|t:|1700272235\n|-end|p1a: Iron Treads|Quark Drive|[silent]\n|switch|p1a: Slowking|Slowking-Galar, F|100\/100\n|move|p2a: Tapu Lele|Psychic|p1a: Slowking\n|-damage|p1a: Slowking|65\/100\n|-unboost|p1a: Slowking|spd|1\n|\n|upkeep\n|turn|14\n|\n|t:|1700272241\n|switch|p1a: Iron Treads|Iron Treads|35\/100\n|move|p2a: Tapu Lele|Psychic|p1a: Iron Treads\n|-resisted|p1a: Iron Treads\n|-damage|p1a: Iron Treads|0 fnt\n|faint|p1a: Iron Treads\n|-end|p1a: Iron Treads|Quark Drive|[silent]\n|\n|upkeep\n|\n|t:|1700272244\n|switch|p1a: Slowking|Slowking-Galar, F|98\/100\n|turn|15\n|\n|t:|1700272248\n|switch|p2a: Clodsire|Clodsire, F|100\/100\n|-damage|p2a: Clodsire|94\/100|[from] Stealth Rock\n|move|p1a: Slowking|Sludge Bomb|p2a: Clodsire\n|-resisted|p2a: Clodsire\n|-damage|p2a: Clodsire|90\/100\n|\n|-heal|p2a: Clodsire|96\/100|[from] item: Leftovers\n|upkeep\n|turn|16\n|\n|t:|1700272252\n|move|p1a: Slowking|Toxic Spikes|p2a: Clodsire\n|-sidestart|p2: oktheMaster|move: Toxic Spikes\n|move|p2a: Clodsire|Stealth Rock|p1a: Slowking\n|-sidestart|p1: chengbei111|move: Stealth Rock\n|\n|-heal|p2a: Clodsire|100\/100|[from] item: Leftovers\n|upkeep\n|turn|17\n|\n|t:|1700272260\n|switch|p2a: Moltres|Moltres, shiny|98\/100\n|move|p1a: Slowking|Chilly Reception|p1a: Slowking\n|-weather|Snow\n|\n|t:|1700272267\n|switch|p1a: Aerodactyl|Aerodactyl-Mega, M|100\/100|[from] Chilly Reception\n|-damage|p1a: Aerodactyl|76\/100|[from] Stealth Rock\n|\n|-weather|Snow|[upkeep]\n|-fieldend|move: Psychic Terrain\n|upkeep\n|turn|18\n|\n|t:|1700272284\n|move|p1a: Aerodactyl|Stone Edge|p2a: Moltres|[miss]\n|-miss|p1a: Aerodactyl|p2a: Moltres\n|move|p2a: Moltres|U-turn|p1a: Aerodactyl\n|-resisted|p1a: Aerodactyl\n|-damage|p1a: Aerodactyl|67\/100\n|\n|t:|1700272296\n|switch|p2a: Bisharp|Bisharp, F, tera:Dark|54\/100|[from] U-turn\n|-damage|p2a: Bisharp|42\/100|[from] Stealth Rock\n|-status|p2a: Bisharp|psn\n|\n|-weather|Snow|[upkeep]\n|-damage|p2a: Bisharp|30\/100 psn|[from] psn\n|upkeep\n|turn|19\n|\n|t:|1700272300\n|-activate|p1a: Aerodactyl|move: Pursuit\n|move|p2a: Bisharp|Pursuit|p1a: Aerodactyl|[from]Pursuit\n|-damage|p1a: Aerodactyl|0 fnt\n|faint|p1a: Aerodactyl\n|-hint|A Pokemon can't switch between when it runs out of HP and when it faints\n|\n|-weather|Snow|[upkeep]\n|-damage|p2a: Bisharp|17\/100 psn|[from] psn\n|upkeep\n|\n|t:|1700272307\n|switch|p1a: Moltres|Moltres, shiny|82\/100\n|turn|20\n|\n|t:|1700272314\n|switch|p2a: Clodsire|Clodsire, F|100\/100\n|-damage|p2a: Clodsire|94\/100|[from] Stealth Rock\n|-sideend|p2: oktheMaster|move: Toxic Spikes|[of] p2a: Clodsire\n|move|p1a: Moltres|Defog|p2a: Clodsire\n|-unboost|p2a: Clodsire|evasion|1\n|-sideend|p2: oktheMaster|Stealth Rock|[from] move: Defog|[of] p1a: Moltres\n|-sideend|p1: chengbei111|Stealth Rock|[from] move: Defog|[of] p1a: Moltres\n|\n|-weather|Snow|[upkeep]\n|-heal|p2a: Clodsire|100\/100|[from] item: Leftovers\n|upkeep\n|turn|21\n|\n|t:|1700272318\n|move|p1a: Moltres|U-turn|p2a: Clodsire\n|-resisted|p2a: Clodsire\n|-damage|p2a: Clodsire|93\/100\n|\n|t:|1700272321\n|switch|p1a: Ogerpon|Ogerpon-Wellspring, F|5\/100|[from] U-turn\n|move|p2a: Clodsire|Stealth Rock|p1a: Ogerpon\n|-sidestart|p1: chengbei111|move: Stealth Rock\n|\n|-weather|none\n|-heal|p2a: Clodsire|99\/100|[from] item: Leftovers\n|upkeep\n|turn|22\n|\n|t:|1700272348\n|switch|p2a: Bisharp|Bisharp, F, tera:Dark|17\/100 psn\n|move|p1a: Ogerpon|Ivy Cudgel|p2a: Bisharp|[anim] Ivy Cudgel Water\n|-damage|p2a: Bisharp|0 fnt\n|faint|p2a: Bisharp\n|\n|upkeep\n|\n|t:|1700272351\n|switch|p2a: Tapu Lele|Tapu Lele|88\/100\n|-fieldstart|move: Psychic Terrain|[from] ability: Psychic Surge|[of] p2a: Tapu Lele\n|turn|23\n|\n|t:|1700272356\n|switch|p1a: Slowking|Slowking-Galar, F|100\/100\n|move|p2a: Tapu Lele|Psychic|p1a: Slowking\n|-damage|p1a: Slowking|68\/100\n|\n|upkeep\n|turn|24\n|\n|t:|1700272364\n|switch|p2a: Clodsire|Clodsire, F|99\/100\n|move|p1a: Slowking|Sludge Bomb|p2a: Clodsire\n|-resisted|p2a: Clodsire\n|-damage|p2a: Clodsire|94\/100\n|\n|-heal|p2a: Clodsire|100\/100|[from] item: Leftovers\n|upkeep\n|turn|25\n|\n|t:|1700272368\n|move|p1a: Slowking|Chilly Reception|p1a: Slowking\n|-weather|Snow\n|\n|t:|1700272370\n|switch|p1a: Moltres|Moltres, shiny|82\/100|[from] Chilly Reception\n|move|p2a: Clodsire|Earthquake|p1a: Moltres\n|-immune|p1a: Moltres\n|\n|-weather|Snow|[upkeep]\n|upkeep\n|turn|26\n|\n|t:|1700272376\n|move|p1a: Moltres|Defog|p2a: Clodsire\n|-unboost|p2a: Clodsire|evasion|1\n|-sideend|p1: chengbei111|Stealth Rock|[from] move: Defog|[of] p1a: Moltres\n|-fieldend|move: Psychic Terrain\n|move|p2a: Clodsire|Toxic|p1a: Moltres\n|-status|p1a: Moltres|tox\n|\n|-weather|Snow|[upkeep]\n|-damage|p1a: Moltres|76\/100 tox|[from] psn\n|upkeep\n|turn|27\n|\n|t:|1700272380\n|move|p1a: Moltres|U-turn|p2a: Clodsire\n|-resisted|p2a: Clodsire\n|-damage|p2a: Clodsire|93\/100\n|\n|t:|1700272383\n|switch|p1a: Swellow|Swellow, M, shiny|100\/100|[from] U-turn\n|move|p2a: Clodsire|Stealth Rock|p1a: Swellow\n|-sidestart|p1: chengbei111|move: Stealth Rock\n|\n|-weather|Snow|[upkeep]\n|-heal|p2a: Clodsire|99\/100|[from] item: Leftovers\n|upkeep\n|turn|28\n|\n|t:|1700272402\n|switch|p2a: Moltres|Moltres, shiny|98\/100\n|-terastallize|p1a: Swellow|Normal\n|move|p1a: Swellow|Boomburst|p2a: Moltres\n|-damage|p2a: Moltres|0 fnt\n|faint|p2a: Moltres\n|\n|-weather|Snow|[upkeep]\n|upkeep\n|\n|t:|1700272405\n|switch|p2a: Tapu Lele|Tapu Lele|88\/100\n|-fieldstart|move: Psychic Terrain|[from] ability: Psychic Surge|[of] p2a: Tapu Lele\n|turn|29\n|\n|t:|1700272415\n|switch|p1a: Ogerpon|Ogerpon-Wellspring, F|5\/100\n|-damage|p1a: Ogerpon|0 fnt|[from] Stealth Rock\n|faint|p1a: Ogerpon\n|move|p2a: Tapu Lele|Psychic|p1: Ogerpon|[notarget]\n|-fail|p2a: Tapu Lele\n|\n|-weather|none\n|upkeep\n|\n|t:|1700272421\n|switch|p1a: Slowking|Slowking-Galar, F|100\/100\n|turn|30\n|\n|t:|1700272424\n|switch|p2a: Clodsire|Clodsire, F|99\/100\n|move|p1a: Slowking|Toxic Spikes|p2a: Clodsire\n|-sidestart|p2: oktheMaster|move: Toxic Spikes\n|\n|-heal|p2a: Clodsire|100\/100|[from] item: Leftovers\n|upkeep\n|turn|31\n|\n|t:|1700272433\n|switch|p2a: Tapu Lele|Tapu Lele|88\/100\n|-status|p2a: Tapu Lele|psn\n|move|p1a: Slowking|Chilly Reception|p1a: Slowking\n|-weather|Snow\n|\n|t:|1700272436\n|switch|p1a: Moltres|Moltres, shiny|76\/100 tox|[from] Chilly Reception\n|\n|-weather|Snow|[upkeep]\n|-damage|p2a: Tapu Lele|76\/100 psn|[from] psn\n|-damage|p1a: Moltres|70\/100 tox|[from] psn\n|upkeep\n|turn|32\n|\n|t:|1700272441\n|switch|p1a: Slowking|Slowking-Galar, F|100\/100\n|move|p2a: Tapu Lele|Psyshock|p1a: Slowking\n|-damage|p1a: Slowking|48\/100\n|\n|-weather|Snow|[upkeep]\n|-damage|p2a: Tapu Lele|63\/100 psn|[from] psn\n|upkeep\n|turn|33\n|\n|t:|1700272446\n|switch|p1a: Moltres|Moltres, shiny|70\/100 tox\n|move|p2a: Tapu Lele|Psyshock|p1a: Moltres\n|-damage|p1a: Moltres|33\/100 tox\n|\n|-weather|Snow|[upkeep]\n|-damage|p2a: Tapu Lele|51\/100 psn|[from] psn\n|-damage|p1a: Moltres|27\/100 tox|[from] psn\n|-fieldend|move: Psychic Terrain\n|upkeep\n|turn|34\n|\n|t:|1700272454\n|move|p2a: Tapu Lele|Psyshock|p1a: Moltres\n|-damage|p1a: Moltres|0 fnt\n|faint|p1a: Moltres\n|\n|-weather|Snow|[upkeep]\n|-damage|p2a: Tapu Lele|38\/100 psn|[from] psn\n|upkeep\n|\n|t:|1700272459\n|switch|p1a: Slowking|Slowking-Galar, F|81\/100\n|turn|35\n|\n|t:|1700272461\n|switch|p2a: Clodsire|Clodsire, F|100\/100\n|-sideend|p2: oktheMaster|move: Toxic Spikes|[of] p2a: Clodsire\n|move|p1a: Slowking|Slack Off|p1a: Slowking\n|-heal|p1a: Slowking|100\/100\n|\n|-weather|none\n|upkeep\n|turn|36\n|\n|t:|1700272469\n|move|p1a: Slowking|Toxic Spikes|p2a: Clodsire\n|-sidestart|p2: oktheMaster|move: Toxic Spikes\n|move|p2a: Clodsire|Toxic|p1a: Slowking\n|-immune|p1a: Slowking\n|\n|upkeep\n|turn|37\n|\n|t:|1700272473\n|move|p1a: Slowking|Toxic Spikes|p2a: Clodsire\n|-sidestart|p2: oktheMaster|move: Toxic Spikes\n|move|p2a: Clodsire|Earthquake|p1a: Slowking\n|-supereffective|p1a: Slowking\n|-damage|p1a: Slowking|44\/100\n|\n|upkeep\n|turn|38\n|\n|t:|1700272494\n|move|p1a: Slowking|Chilly Reception|p1a: Slowking\n|-weather|Snow\n|\n|t:|1700272496\n|switch|p1a: Swellow|Swellow, M, shiny, tera:Normal|100\/100|[from] Chilly Reception\n|-damage|p1a: Swellow|88\/100|[from] Stealth Rock\n|move|p2a: Clodsire|Toxic|p1a: Swellow\n|-status|p1a: Swellow|tox\n|\n|-weather|Snow|[upkeep]\n|-damage|p1a: Swellow|82\/100 tox|[from] psn\n|upkeep\n|turn|39\n|\n|t:|1700272500\n|move|p1a: Swellow|Boomburst|p2a: Clodsire\n|-damage|p2a: Clodsire|47\/100\n|move|p2a: Clodsire|Recover|p2a: Clodsire\n|-heal|p2a: Clodsire|97\/100\n|\n|-weather|Snow|[upkeep]\n|-heal|p2a: Clodsire|100\/100|[from] item: Leftovers\n|-damage|p1a: Swellow|70\/100 tox|[from] psn\n|upkeep\n|turn|40\n|\n|t:|1700272508\n|move|p1a: Swellow|Boomburst|p2a: Clodsire\n|-crit|p2a: Clodsire\n|-damage|p2a: Clodsire|25\/100\n|move|p2a: Clodsire|Recover|p2a: Clodsire\n|-heal|p2a: Clodsire|75\/100\n|\n|-weather|Snow|[upkeep]\n|-heal|p2a: Clodsire|81\/100|[from] item: Leftovers\n|-damage|p1a: Swellow|51\/100 tox|[from] psn\n|upkeep\n|turn|41\n|\n|t:|1700272511\n|move|p1a: Swellow|Boomburst|p2a: Clodsire\n|-damage|p2a: Clodsire|26\/100\n|move|p2a: Clodsire|Recover|p2a: Clodsire\n|-heal|p2a: Clodsire|76\/100\n|\n|-weather|Snow|[upkeep]\n|-heal|p2a: Clodsire|82\/100|[from] item: Leftovers\n|-damage|p1a: Swellow|27\/100 tox|[from] psn\n|upkeep\n|turn|42\n|\n|t:|1700272515\n|move|p1a: Swellow|Boomburst|p2a: Clodsire\n|-damage|p2a: Clodsire|27\/100\n|move|p2a: Clodsire|Recover|p2a: Clodsire\n|-heal|p2a: Clodsire|77\/100\n|\n|-weather|none\n|-heal|p2a: Clodsire|83\/100|[from] item: Leftovers\n|-damage|p1a: Swellow|0 fnt|[from] psn\n|faint|p1a: Swellow\n|upkeep\n|-message|chengbei111 forfeited.\n|\n|win|oktheMaster\n|raw|chengbei111's rating: 1597 &rarr; <strong>1577<\/strong><br \/>(-20 for losing)\n|raw|oktheMaster's rating: 1597 &rarr; <strong>1617<\/strong><br \/>(+20 for winning)\n|l|\u2606chengbei111\n","uploadtime":1700272530,"views":6,"p1id":"chengbei111","p2id":"okthemaster","formatid":"gen9nationaldex","rating":1577,"private":0,"password":""}