{"id":"gen9nationaldex-1991632597","p1":"shuijun1\u82cd\u708e\u5203\u9b3c\u4fa0","p2":"0xyt0c1njunk1e","format":"[Gen 9] National Dex","log":"|j|\u2606shuijun1\u82cd\u708e\u5203\u9b3c\u4fa0\n|j|\u26060xyt0c1njunk1e\n|t:|1700096439\n|gametype|singles\n|player|p1|shuijun1\u82cd\u708e\u5203\u9b3c\u4fa0|iono|1462\n|player|p2|0xyt0c1njunk1e|iris|1436\n|teamsize|p1|6\n|teamsize|p2|6\n|gen|9\n|tier|[Gen 9] National Dex\n|rated|\n|rule|HP Percentage Mod: HP is shown in percentages\n|rule|Endless Battle Clause: Forcing endless battles is banned\n|rule|OHKO Clause: OHKO moves are banned\n|rule|Evasion Clause: Evasion abilities, items, and moves are banned\n|rule|Evasion Abilities Clause: Evasion abilities are banned\n|rule|Evasion Items Clause: Evasion items are banned\n|rule|Evasion Moves Clause: Evasion moves are banned\n|rule|Species Clause: Limit one of each Pok\u00e9mon\n|rule|Sleep Clause Mod: Limit one foe put to sleep\n|clearpoke\n|poke|p1|Alomomola, M|\n|poke|p1|Slowking-Galar, M|\n|poke|p1|Samurott-Hisui, M|\n|poke|p1|Zygarde-10%|\n|poke|p1|Zamazenta-*|\n|poke|p1|Thundurus-Therian, M|\n|poke|p2|Vaporeon, F|\n|poke|p2|Lopunny, F|\n|poke|p2|Gardevoir, F|\n|poke|p2|Tsareena, F|\n|poke|p2|Heatran, M|\n|poke|p2|Toxapex, F|\n|teampreview\n|inactive|Battle timer is ON: inactive players will automatically lose when time's up. (requested by 0xyt0c1njunk1e)\n|\n|t:|1700096462\n|start\n|switch|p1a: Thundurus|Thundurus-Therian, M|100\/100\n|switch|p2a: Lopunny|Lopunny, F|100\/100\n|turn|1\n|\n|t:|1700096468\n|switch|p1a: Alomomola|Alomomola, M|100\/100\n|detailschange|p2a: Lopunny|Lopunny-Mega, F\n|-mega|p2a: Lopunny|Lopunny|Lopunnite\n|move|p2a: Lopunny|Fake Out|p1a: Alomomola\n|-damage|p1a: Alomomola|89\/100\n|-damage|p2a: Lopunny|84\/100|[from] item: Rocky Helmet|[of] p1a: Alomomola\n|\n|upkeep\n|turn|2\n|\n|t:|1700096475\n|switch|p2a: Heatran|Heatran, M|100\/100\n|switch|p1a: Thundurus|Thundurus-Therian, M|100\/100\n|\n|upkeep\n|turn|3\n|\n|t:|1700096480\n|move|p1a: Thundurus|Volt Switch|p2a: Heatran\n|-damage|p2a: Heatran|73\/100\n|\n|t:|1700096486\n|switch|p1a: Slowking|Slowking-Galar, M|100\/100|[from] Volt Switch\n|move|p2a: Heatran|Magma Storm|p1a: Slowking|[miss]\n|-miss|p2a: Heatran|p1a: Slowking\n|\n|-heal|p2a: Heatran|79\/100|[from] item: Leftovers\n|upkeep\n|turn|4\n|\n|t:|1700096493\n|switch|p1a: Zygarde|Zygarde-10%|100\/100\n|-ability|p1a: Zygarde|Aura Break\n|move|p2a: Heatran|Earth Power|p1a: Zygarde\n|-damage|p1a: Zygarde|63\/100\n|-unboost|p1a: Zygarde|spd|1\n|\n|-heal|p2a: Heatran|85\/100|[from] item: Leftovers\n|upkeep\n|turn|5\n|\n|t:|1700096504\n|switch|p2a: Vaporeon|Vaporeon, F|100\/100\n|move|p1a: Zygarde|Glare|p2a: Vaporeon\n|-status|p2a: Vaporeon|par\n|\n|upkeep\n|turn|6\n|\n|t:|1700096514\n|switch|p1a: Slowking|Slowking-Galar, M|100\/100\n|move|p2a: Vaporeon|Scald|p1a: Slowking\n|-damage|p1a: Slowking|80\/100\n|\n|upkeep\n|turn|7\n|\n|t:|1700096518\n|move|p1a: Slowking|Chilly Reception|p1a: Slowking\n|-weather|Snow\n|\n|t:|1700096521\n|switch|p1a: Samurott|Samurott-Hisui, M|100\/100|[from] Chilly Reception\n|move|p2a: Vaporeon|Flip Turn|p1a: Samurott\n|-resisted|p1a: Samurott\n|-damage|p1a: Samurott|92\/100\n|\n|t:|1700096529\n|switch|p2a: Lopunny|Lopunny-Mega, F|84\/100|[from] Flip Turn\n|\n|-weather|Snow|[upkeep]\n|upkeep\n|turn|8\n|\n|t:|1700096536\n|move|p2a: Lopunny|Close Combat|p1a: Samurott\n|-supereffective|p1a: Samurott\n|-damage|p1a: Samurott|0 fnt\n|-unboost|p2a: Lopunny|def|1\n|-unboost|p2a: Lopunny|spd|1\n|faint|p1a: Samurott\n|\n|-weather|Snow|[upkeep]\n|upkeep\n|\n|t:|1700096542\n|switch|p1a: Thundurus|Thundurus-Therian, M|100\/100\n|turn|9\n|\n|t:|1700096553\n|move|p2a: Lopunny|Triple Axel|p1a: Thundurus\n|-supereffective|p1a: Thundurus\n|-damage|p1a: Thundurus|80\/100\n|-hitcount|p1a: Thundurus|1\n|move|p1a: Thundurus|Volt Switch|p2a: Lopunny\n|-damage|p2a: Lopunny|1\/100\n|\n|t:|1700096563\n|switch|p1a: Alomomola|Alomomola, M|100\/100|[from] Volt Switch\n|\n|-weather|Snow|[upkeep]\n|upkeep\n|turn|10\n|\n|t:|1700096568\n|switch|p2a: Vaporeon|Vaporeon, F|100\/100 par\n|move|p1a: Alomomola|Wish|p1a: Alomomola\n|\n|-weather|Snow|[upkeep]\n|upkeep\n|turn|11\n|\n|t:|1700096573\n|switch|p1a: Thundurus|Thundurus-Therian, M|80\/100\n|cant|p2a: Vaporeon|par\n|\n|-weather|none\n|-heal|p1a: Thundurus|100\/100|[from] move: Wish|[wisher] Alomomola\n|upkeep\n|turn|12\n|\n|t:|1700096576\n|move|p1a: Thundurus|Volt Switch|p2a: Vaporeon\n|-supereffective|p2a: Vaporeon\n|-damage|p2a: Vaporeon|45\/100 par\n|\n|t:|1700096583\n|switch|p1a: Slowking|Slowking-Galar, M|100\/100|[from] Volt Switch\n|move|p2a: Vaporeon|Flip Turn|p1a: Slowking\n|-damage|p1a: Slowking|90\/100\n|\n|t:|1700096590\n|switch|p2a: Lopunny|Lopunny-Mega, F|1\/100|[from] Flip Turn\n|\n|upkeep\n|turn|13\n|\n|t:|1700096609\n|switch|p2a: Vaporeon|Vaporeon, F|45\/100 par\n|switch|p1a: Alomomola|Alomomola, M|100\/100\n|\n|-heal|p2a: Vaporeon|51\/100 par|[from] item: Leftovers\n|upkeep\n|turn|14\n|\n|t:|1700096615\n|move|p1a: Alomomola|Wish|p1a: Alomomola\n|move|p2a: Vaporeon|Wish|p2a: Vaporeon\n|\n|-heal|p2a: Vaporeon|57\/100 par|[from] item: Leftovers\n|upkeep\n|turn|15\n|\n|t:|1700096619\n|switch|p1a: Zygarde|Zygarde-10%|63\/100\n|-ability|p1a: Zygarde|Aura Break\n|move|p2a: Vaporeon|Flip Turn|p1a: Zygarde\n|-damage|p1a: Zygarde|39\/100\n|\n|t:|1700096627\n|switch|p2a: Lopunny|Lopunny-Mega, F|1\/100|[from] Flip Turn\n|\n|-heal|p1a: Zygarde|100\/100|[from] move: Wish|[wisher] Alomomola\n|-heal|p2a: Lopunny|85\/100|[from] move: Wish|[wisher] Vaporeon\n|upkeep\n|turn|16\n|\n|t:|1700096638\n|switch|p1a: Zamazenta|Zamazenta|100\/100\n|-ability|p1a: Zamazenta|Dauntless Shield|boost\n|-boost|p1a: Zamazenta|def|1\n|move|p2a: Lopunny|Fake Out|p1a: Zamazenta\n|-damage|p1a: Zamazenta|90\/100\n|\n|-heal|p1a: Zamazenta|97\/100|[from] item: Leftovers\n|upkeep\n|turn|17\n|\n|t:|1700096647\n|switch|p2a: Toxapex|Toxapex, F|100\/100\n|move|p1a: Zamazenta|Roar|p2a: Toxapex\n|drag|p2a: Heatran|Heatran, M|85\/100\n|\n|-heal|p1a: Zamazenta|100\/100|[from] item: Leftovers\n|-heal|p2a: Heatran|91\/100|[from] item: Leftovers\n|upkeep\n|turn|18\n|\n|t:|1700096653\n|move|p1a: Zamazenta|Body Press|p2a: Heatran\n|-supereffective|p2a: Heatran\n|-damage|p2a: Heatran|21\/100\n|move|p2a: Heatran|Toxic|p1a: Zamazenta\n|-status|p1a: Zamazenta|tox\n|\n|-heal|p2a: Heatran|27\/100|[from] item: Leftovers\n|-damage|p1a: Zamazenta|94\/100 tox|[from] psn\n|upkeep\n|turn|19\n|\n|t:|1700096660\n|switch|p2a: Gardevoir|Gardevoir, F|100\/100\n|-ability|p2a: Gardevoir|Dauntless Shield|boost\n|-boost|p2a: Gardevoir|def|1\n|-ability|p2a: Gardevoir|Dauntless Shield|[from] ability: Trace|[of] p1a: Zamazenta\n|move|p1a: Zamazenta|Iron Defense|p1a: Zamazenta\n|-boost|p1a: Zamazenta|def|2\n|\n|-heal|p1a: Zamazenta|100\/100 tox|[from] item: Leftovers\n|-damage|p1a: Zamazenta|88\/100 tox|[from] psn\n|upkeep\n|turn|20\n|\n|t:|1700096671\n|switch|p1a: Slowking|Slowking-Galar, M|100\/100\n|move|p2a: Gardevoir|Moonblast|p1a: Slowking\n|-resisted|p1a: Slowking\n|-damage|p1a: Slowking|86\/100\n|\n|upkeep\n|turn|21\n|\n|t:|1700096676\n|switch|p2a: Vaporeon|Vaporeon, F|57\/100 par\n|move|p1a: Slowking|Future Sight|p2a: Vaporeon\n|-start|p1a: Slowking|move: Future Sight\n|\n|-heal|p2a: Vaporeon|63\/100 par|[from] item: Leftovers\n|upkeep\n|turn|22\n|\n|t:|1700096681\n|move|p1a: Slowking|Sludge Bomb|p2a: Vaporeon\n|-damage|p2a: Vaporeon|40\/100 par\n|move|p2a: Vaporeon|Wish|p2a: Vaporeon\n|\n|-heal|p2a: Vaporeon|47\/100 par|[from] item: Leftovers\n|upkeep\n|turn|23\n|\n|t:|1700096688\n|-zpower|p1a: Slowking\n|move|p1a: Slowking|Shattered Psyche|p2a: Vaporeon|[zeffect]\n|-damage|p2a: Vaporeon|0 fnt\n|faint|p2a: Vaporeon\n|\n|-hint|Future Sight did not hit because the target is fainted.\n|upkeep\n|\n|t:|1700096695\n|switch|p2a: Gardevoir|Gardevoir, F|100\/100\n|-ability|p2a: Gardevoir|Regenerator|[from] ability: Trace|[of] p1a: Slowking\n|turn|24\n|\n|t:|1700096701\n|move|p2a: Gardevoir|Trick||[still]\n|-fail|p2a: Gardevoir\n|move|p1a: Slowking|Chilly Reception|p1a: Slowking\n|-weather|Snow\n|\n|t:|1700096711\n|switch|p1a: Thundurus|Thundurus-Therian, M|100\/100|[from] Chilly Reception\n|\n|-weather|Snow|[upkeep]\n|upkeep\n|turn|25\n|\n|t:|1700096715\n|switch|p2a: Tsareena|Tsareena, F|100\/100\n|switch|p1a: Slowking|Slowking-Galar, M|100\/100\n|\n|-weather|Snow|[upkeep]\n|upkeep\n|turn|26\n|\n|t:|1700096720\n|move|p2a: Tsareena|Knock Off|p1a: Slowking\n|-supereffective|p1a: Slowking\n|-damage|p1a: Slowking|63\/100\n|move|p1a: Slowking|Sludge Bomb|p2a: Tsareena\n|-supereffective|p2a: Tsareena\n|-damage|p2a: Tsareena|61\/100\n|\n|-weather|Snow|[upkeep]\n|upkeep\n|turn|27\n|\n|t:|1700096728\n|move|p2a: Tsareena|U-turn|p1a: Slowking\n|-damage|p1a: Slowking|41\/100\n|\n|t:|1700096731\n|switch|p2a: Heatran|Heatran, M|27\/100|[from] U-turn\n|move|p1a: Slowking|Chilly Reception|p1a: Slowking\n|\n|t:|1700096738\n|switch|p1a: Zamazenta|Zamazenta|88\/100 tox|[from] Chilly Reception\n|\n|-weather|Snow|[upkeep]\n|-heal|p1a: Zamazenta|94\/100 tox|[from] item: Leftovers\n|-heal|p2a: Heatran|34\/100|[from] item: Leftovers\n|-damage|p1a: Zamazenta|88\/100 tox|[from] psn\n|upkeep\n|turn|28\n|\n|t:|1700096743\n|switch|p2a: Gardevoir|Gardevoir, F|100\/100\n|-ability|p2a: Gardevoir|Dauntless Shield|[from] ability: Trace|[of] p1a: Zamazenta\n|move|p1a: Zamazenta|Body Press|p2a: Gardevoir\n|-resisted|p2a: Gardevoir\n|-damage|p2a: Gardevoir|85\/100\n|\n|-weather|none\n|-heal|p1a: Zamazenta|94\/100 tox|[from] item: Leftovers\n|-damage|p1a: Zamazenta|82\/100 tox|[from] psn\n|upkeep\n|turn|29\n|\n|t:|1700096751\n|switch|p1a: Slowking|Slowking-Galar, M|74\/100\n|move|p2a: Gardevoir|Psyshock|p1a: Slowking\n|-damage|p1a: Slowking|41\/100\n|\n|upkeep\n|turn|30\n|\n|t:|1700096757\n|switch|p1a: Alomomola|Alomomola, M|100\/100\n|move|p2a: Gardevoir|Psyshock|p1a: Alomomola\n|-damage|p1a: Alomomola|79\/100\n|\n|upkeep\n|turn|31\n|\n|t:|1700096765\n|switch|p2a: Tsareena|Tsareena, F|61\/100\n|move|p1a: Alomomola|Flip Turn|p2a: Tsareena\n|-resisted|p2a: Tsareena\n|-damage|p2a: Tsareena|52\/100\n|\n|t:|1700096777\n|switch|p1a: Thundurus|Thundurus-Therian, M|100\/100|[from] Flip Turn\n|\n|upkeep\n|turn|32\n|\n|t:|1700096782\n|move|p1a: Thundurus|Volt Switch|p2a: Tsareena\n|-resisted|p2a: Tsareena\n|-damage|p2a: Tsareena|40\/100\n|\n|t:|1700096786\n|switch|p1a: Alomomola|Alomomola, M|100\/100|[from] Volt Switch\n|move|p2a: Tsareena|U-turn|p1a: Alomomola\n|-damage|p1a: Alomomola|88\/100\n|-damage|p2a: Tsareena|23\/100|[from] item: Rocky Helmet|[of] p1a: Alomomola\n|\n|t:|1700096795\n|switch|p2a: Heatran|Heatran, M|34\/100|[from] U-turn\n|\n|-heal|p2a: Heatran|40\/100|[from] item: Leftovers\n|upkeep\n|turn|33\n|\n|t:|1700096800\n|move|p2a: Heatran|Stealth Rock|p1a: Alomomola\n|-sidestart|p1: shuijun1\u82cd\u708e\u5203\u9b3c\u4fa0|move: Stealth Rock\n|move|p1a: Alomomola|Flip Turn|p2a: Heatran\n|-supereffective|p2a: Heatran\n|-damage|p2a: Heatran|17\/100\n|\n|t:|1700096806\n|switch|p1a: Thundurus|Thundurus-Therian, M|100\/100|[from] Flip Turn\n|\n|-heal|p2a: Heatran|23\/100|[from] item: Leftovers\n|upkeep\n|turn|34\n|\n|t:|1700096812\n|move|p1a: Thundurus|Defog|p2a: Heatran\n|-unboost|p2a: Heatran|evasion|1\n|-sideend|p1: shuijun1\u82cd\u708e\u5203\u9b3c\u4fa0|Stealth Rock|[from] move: Defog|[of] p1a: Thundurus\n|move|p2a: Heatran|Toxic|p1a: Thundurus\n|-status|p1a: Thundurus|tox\n|\n|-heal|p2a: Heatran|29\/100|[from] item: Leftovers\n|-damage|p1a: Thundurus|94\/100 tox|[from] psn\n|upkeep\n|turn|35\n|\n|t:|1700096817\n|switch|p2a: Toxapex|Toxapex, F|100\/100\n|move|p1a: Thundurus|Volt Switch|p2a: Toxapex\n|-supereffective|p2a: Toxapex\n|-damage|p2a: Toxapex|45\/100\n|\n|t:|1700096827\n|switch|p1a: Zygarde|Zygarde-10%|100\/100|[from] Volt Switch\n|-ability|p1a: Zygarde|Aura Break\n|\n|-heal|p2a: Toxapex|51\/100|[from] item: Leftovers\n|upkeep\n|turn|36\n|\n|t:|1700096832\n|switch|p2a: Tsareena|Tsareena, F|23\/100\n|move|p1a: Zygarde|Thousand Arrows|p2a: Tsareena\n|-resisted|p2a: Tsareena\n|-damage|p2a: Tsareena|0 fnt\n|faint|p2a: Tsareena\n|-damage|p1a: Zygarde|91\/100|[from] item: Life Orb\n|\n|upkeep\n|\n|t:|1700096839\n|switch|p2a: Lopunny|Lopunny-Mega, F|85\/100\n|turn|37\n|\n|t:|1700096843\n|switch|p1a: Alomomola|Alomomola, M|100\/100\n|move|p2a: Lopunny|Close Combat|p1a: Alomomola\n|-damage|p1a: Alomomola|68\/100\n|-unboost|p2a: Lopunny|def|1\n|-unboost|p2a: Lopunny|spd|1\n|-damage|p2a: Lopunny|68\/100|[from] item: Rocky Helmet|[of] p1a: Alomomola\n|\n|upkeep\n|turn|38\n|\n|t:|1700096848\n|switch|p2a: Toxapex|Toxapex, F|85\/100\n|move|p1a: Alomomola|Wish|p1a: Alomomola\n|\n|-heal|p2a: Toxapex|91\/100|[from] item: Leftovers\n|upkeep\n|turn|39\n|\n|t:|1700096854\n|move|p1a: Alomomola|Magic Coat|p1a: Alomomola\n|-singleturn|p1a: Alomomola|move: Magic Coat\n|move|p2a: Toxapex|Toxic|p1a: Alomomola\n|move|p1a: Alomomola|Toxic|p2a: Toxapex|[from]Magic Coat\n|-immune|p2a: Toxapex\n|\n|-heal|p1a: Alomomola|100\/100|[from] move: Wish|[wisher] Alomomola\n|-heal|p2a: Toxapex|97\/100|[from] item: Leftovers\n|upkeep\n|turn|40\n|\n|t:|1700096863\n|switch|p1a: Slowking|Slowking-Galar, M|74\/100\n|switch|p2a: Gardevoir|Gardevoir, F|85\/100\n|-ability|p2a: Gardevoir|Regenerator|[from] ability: Trace|[of] p1a: Slowking\n|\n|upkeep\n|turn|41\n|\n|t:|1700096870\n|switch|p2a: Toxapex|Toxapex, F|100\/100\n|move|p1a: Slowking|Sludge Bomb|p2a: Toxapex\n|-resisted|p2a: Toxapex\n|-damage|p2a: Toxapex|88\/100\n|\n|-heal|p2a: Toxapex|94\/100|[from] item: Leftovers\n|upkeep\n|turn|42\n|\n|t:|1700096873\n|switch|p2a: Gardevoir|Gardevoir, F|100\/100\n|-ability|p2a: Gardevoir|Regenerator|[from] ability: Trace|[of] p1a: Slowking\n|move|p1a: Slowking|Future Sight|p2a: Gardevoir\n|-start|p1a: Slowking|move: Future Sight\n|\n|upkeep\n|turn|43\n|\n|t:|1700096885\n|move|p2a: Gardevoir|Psyshock|p1a: Slowking\n|-damage|p1a: Slowking|36\/100\n|move|p1a: Slowking|Chilly Reception|p1a: Slowking\n|-weather|Snow\n|\n|t:|1700096890\n|switch|p1a: Thundurus|Thundurus-Therian, M|94\/100 tox|[from] Chilly Reception\n|\n|-weather|Snow|[upkeep]\n|-damage|p1a: Thundurus|88\/100 tox|[from] psn\n|upkeep\n|turn|44\n|\n|t:|1700096894\n|move|p2a: Gardevoir|Psyshock|p1a: Thundurus\n|-damage|p1a: Thundurus|23\/100 tox\n|move|p1a: Thundurus|Sludge Wave|p2a: Gardevoir\n|-supereffective|p2a: Gardevoir\n|-damage|p2a: Gardevoir|28\/100\n|-status|p2a: Gardevoir|psn\n|\n|-weather|Snow|[upkeep]\n|-end|p2a: Gardevoir|move: Future Sight\n|-resisted|p2a: Gardevoir\n|-damage|p2a: Gardevoir|1\/100 psn\n|-damage|p2a: Gardevoir|0 fnt|[from] psn\n|faint|p2a: Gardevoir\n|-damage|p1a: Thundurus|11\/100 tox|[from] psn\n|upkeep\n|\n|t:|1700096903\n|switch|p2a: Lopunny|Lopunny-Mega, F|68\/100\n|turn|45\n|\n|t:|1700096906\n|switch|p1a: Alomomola|Alomomola, M|100\/100\n|move|p2a: Lopunny|Close Combat|p1a: Alomomola\n|-damage|p1a: Alomomola|65\/100\n|-unboost|p2a: Lopunny|def|1\n|-unboost|p2a: Lopunny|spd|1\n|-damage|p2a: Lopunny|52\/100|[from] item: Rocky Helmet|[of] p1a: Alomomola\n|\n|-weather|Snow|[upkeep]\n|upkeep\n|turn|46\n|\n|t:|1700096909\n|switch|p2a: Toxapex|Toxapex, F|100\/100\n|move|p1a: Alomomola|Wish|p1a: Alomomola\n|\n|-weather|Snow|[upkeep]\n|upkeep\n|turn|47\n|\n|t:|1700096917\n|switch|p1a: Thundurus|Thundurus-Therian, M|11\/100 tox\n|move|p2a: Toxapex|Scald|p1a: Thundurus\n|-damage|p1a: Thundurus|0 fnt\n|faint|p1a: Thundurus\n|\n|-weather|none\n|upkeep\n|\n|t:|1700096926\n|switch|p1a: Slowking|Slowking-Galar, M|70\/100\n|turn|48\n|\n|t:|1700096929\n|move|p2a: Toxapex|Scald|p1a: Slowking\n|-damage|p1a: Slowking|58\/100\n|move|p1a: Slowking|Future Sight|p2a: Toxapex\n|-start|p1a: Slowking|move: Future Sight\n|\n|upkeep\n|turn|49\n|\n|t:|1700096936\n|switch|p2a: Heatran|Heatran, M|29\/100\n|move|p1a: Slowking|Chilly Reception|p1a: Slowking\n|-weather|Snow\n|\n|t:|1700096942\n|switch|p1a: Zygarde|Zygarde-10%|91\/100|[from] Chilly Reception\n|-ability|p1a: Zygarde|Aura Break\n|\n|-weather|Snow|[upkeep]\n|-heal|p2a: Heatran|35\/100|[from] item: Leftovers\n|upkeep\n|turn|50\n|\n|t:|1700096948\n|move|p1a: Zygarde|Thousand Arrows|p2a: Heatran\n|-supereffective|p2a: Heatran\n|-damage|p2a: Heatran|0 fnt\n|faint|p2a: Heatran\n|-damage|p1a: Zygarde|81\/100|[from] item: Life Orb\n|\n|-weather|Snow|[upkeep]\n|-hint|Future Sight did not hit because the target is fainted.\n|upkeep\n|\n|t:|1700096953\n|switch|p2a: Lopunny|Lopunny-Mega, F|52\/100\n|turn|51\n|\n|t:|1700096957\n|switch|p2a: Toxapex|Toxapex, F|100\/100\n|-terastallize|p1a: Zygarde|Normal\n|move|p1a: Zygarde|Extreme Speed|p2a: Toxapex\n|-damage|p2a: Toxapex|69\/100\n|-damage|p1a: Zygarde|72\/100|[from] item: Life Orb\n|\n|-weather|Snow|[upkeep]\n|-heal|p2a: Toxapex|75\/100|[from] item: Leftovers\n|upkeep\n|turn|52\n|\n|t:|1700096966\n|-terastallize|p2a: Toxapex|Grass\n|move|p1a: Zygarde|Glare|p2a: Toxapex\n|-status|p2a: Toxapex|par\n|move|p2a: Toxapex|Toxic|p1a: Zygarde\n|-status|p1a: Zygarde|tox\n|\n|-weather|Snow|[upkeep]\n|-heal|p2a: Toxapex|82\/100 par|[from] item: Leftovers\n|-damage|p1a: Zygarde|66\/100 tox|[from] psn\n|upkeep\n|turn|53\n|\n|t:|1700096976\n|switch|p1a: Slowking|Slowking-Galar, M|91\/100\n|move|p2a: Toxapex|Scald|p1a: Slowking\n|-damage|p1a: Slowking|80\/100\n|\n|-weather|none\n|-heal|p2a: Toxapex|88\/100 par|[from] item: Leftovers\n|upkeep\n|turn|54\n|\n|t:|1700096983\n|move|p1a: Slowking|Sludge Bomb|p2a: Toxapex\n|-supereffective|p2a: Toxapex\n|-damage|p2a: Toxapex|42\/100 par\n|cant|p2a: Toxapex|par\n|\n|-heal|p2a: Toxapex|48\/100 par|[from] item: Leftovers\n|upkeep\n|turn|55\n|\n|t:|1700096989\n|switch|p2a: Lopunny|Lopunny-Mega, F|52\/100\n|move|p1a: Slowking|Future Sight|p2a: Lopunny\n|-start|p1a: Slowking|move: Future Sight\n|\n|upkeep\n|turn|56\n|\n|t:|1700096996\n|switch|p2a: Toxapex|Toxapex, F, tera:Grass|81\/100 par\n|move|p1a: Slowking|Sludge Bomb|p2a: Toxapex\n|-supereffective|p2a: Toxapex\n|-damage|p2a: Toxapex|35\/100 par\n|\n|-heal|p2a: Toxapex|42\/100 par|[from] item: Leftovers\n|upkeep\n|turn|57\n|\n|t:|1700097002\n|move|p1a: Slowking|Sludge Bomb|p2a: Toxapex\n|-supereffective|p2a: Toxapex\n|-damage|p2a: Toxapex|0 fnt\n|faint|p2a: Toxapex\n|\n|-hint|Future Sight did not hit because the target is fainted.\n|upkeep\n|-message|0xyt0c1njunk1e forfeited.\n|\n|win|shuijun1\u82cd\u708e\u5203\u9b3c\u4fa0\n|raw|shuijun1\u82cd\u708e\u5203\u9b3c\u4fa0's rating: 1462 &rarr; <strong>1481<\/strong><br \/>(+19 for winning)\n|raw|0xyt0c1njunk1e's rating: 1436 &rarr; <strong>1417<\/strong><br \/>(-19 for losing)\n|l|\u26060xyt0c1njunk1e\n","uploadtime":1700097011,"views":4,"p1id":"shuijun1","p2id":"0xyt0c1njunk1e","formatid":"gen9nationaldex","rating":1417,"private":0,"password":""}