{"id":"gen9nationaldex-1992782327","p1":"nezephet","p2":"testing a funni3","format":"[Gen 9] National Dex","log":"|j|\u2606nezephet\n|j|\u2606testing a funni3\n|t:|1700234990\n|gametype|singles\n|player|p1|nezephet|101|1352\n|player|p2|testing a funni3|unknownf|1448\n|teamsize|p1|6\n|teamsize|p2|6\n|gen|9\n|tier|[Gen 9] National Dex\n|rated|\n|rule|HP Percentage Mod: HP is shown in percentages\n|rule|Endless Battle Clause: Forcing endless battles is banned\n|rule|OHKO Clause: OHKO moves are banned\n|rule|Evasion Clause: Evasion abilities, items, and moves are banned\n|rule|Evasion Abilities Clause: Evasion abilities are banned\n|rule|Evasion Items Clause: Evasion items are banned\n|rule|Evasion Moves Clause: Evasion moves are banned\n|rule|Species Clause: Limit one of each Pok\u00e9mon\n|rule|Sleep Clause Mod: Limit one foe put to sleep\n|clearpoke\n|poke|p1|Sneasler, M|\n|poke|p1|Enamorus, F|\n|poke|p1|Amoonguss, M|\n|poke|p1|Ting-Lu|\n|poke|p1|Great Tusk|\n|poke|p1|Tapu Koko|\n|poke|p2|Latios, M|\n|poke|p2|Buzzwole|\n|poke|p2|Gliscor, M|\n|poke|p2|Weavile, F|\n|poke|p2|Heatran, F|\n|poke|p2|Ogerpon-Wellspring, F|\n|teampreview\n|inactive|Battle timer is ON: inactive players will automatically lose when time's up. (requested by testing a funni3)\n|\n|t:|1700235010\n|start\n|switch|p1a: Ting-Lu|Ting-Lu|100\/100\n|switch|p2a: Weavile|Weavile, F|100\/100\n|-ability|p2a: Weavile|Pressure\n|-ability|p1a: Ting-Lu|Vessel of Ruin\n|turn|1\n|\n|t:|1700235038\n|move|p2a: Weavile|Triple Axel|p1a: Ting-Lu\n|-supereffective|p1a: Ting-Lu\n|-damage|p1a: Ting-Lu|86\/100\n|-supereffective|p1a: Ting-Lu\n|-damage|p1a: Ting-Lu|57\/100\n|-supereffective|p1a: Ting-Lu\n|-damage|p1a: Ting-Lu|14\/100\n|-hitcount|p1a: Ting-Lu|3\n|move|p1a: Ting-Lu|Whirlwind|p2a: Weavile\n|drag|p2a: Buzzwole|Buzzwole|100\/100\n|\n|-heal|p1a: Ting-Lu|20\/100|[from] item: Leftovers\n|upkeep\n|turn|2\n|\n|t:|1700235045\n|move|p2a: Buzzwole|Ice Punch|p1a: Ting-Lu\n|-supereffective|p1a: Ting-Lu\n|-damage|p1a: Ting-Lu|0 fnt\n|faint|p1a: Ting-Lu\n|-ability|p2a: Buzzwole|Beast Boost|boost\n|-boost|p2a: Buzzwole|def|1\n|\n|upkeep\n|inactive|nezephet has 120 seconds left.\n|\n|t:|1700235061\n|switch|p1a: Tapu Koko|Tapu Koko|100\/100\n|-fieldstart|move: Electric Terrain|[from] ability: Electric Surge|[of] p1a: Tapu Koko\n|turn|3\n|\n|t:|1700235069\n|switch|p2a: Heatran|Heatran, F|100\/100\n|move|p1a: Tapu Koko|Reflect|p1a: Tapu Koko\n|-sidestart|p1: nezephet|Reflect\n|\n|upkeep\n|turn|4\n|\n|t:|1700235074\n|move|p1a: Tapu Koko|Light Screen|p1a: Tapu Koko\n|-sidestart|p1: nezephet|move: Light Screen\n|move|p2a: Heatran|Magma Storm|p1a: Tapu Koko\n|-damage|p1a: Tapu Koko|65\/100\n|-activate|p1a: Tapu Koko|move: Magma Storm|[of] p2a: Heatran\n|\n|-heal|p1a: Tapu Koko|71\/100|[from] item: Leftovers\n|-damage|p1a: Tapu Koko|59\/100|[from] move: Magma Storm|[partiallytrapped]\n|upkeep\n|turn|5\n|\n|t:|1700235081\n|move|p1a: Tapu Koko|Volt Switch|p2a: Heatran\n|-damage|p2a: Heatran|75\/100\n|\n|t:|1700235106\n|switch|p1a: Sneasler|Sneasler, M|100\/100|[from] Volt Switch\n|-enditem|p1a: Sneasler|Electric Seed\n|-boost|p1a: Sneasler|def|1|[from] item: Electric Seed\n|move|p2a: Heatran|Stealth Rock|p1a: Sneasler\n|-sidestart|p1: nezephet|move: Stealth Rock\n|\n|-heal|p2a: Heatran|81\/100|[from] item: Leftovers\n|upkeep\n|turn|6\n|\n|t:|1700235118\n|switch|p2a: Gliscor|Gliscor, M|100\/100\n|move|p1a: Sneasler|Substitute|p1a: Sneasler\n|-start|p1a: Sneasler|Substitute\n|-damage|p1a: Sneasler|76\/100\n|\n|-status|p2a: Gliscor|tox|[from] item: Toxic Orb\n|upkeep\n|turn|7\n|\n|t:|1700235124\n|-terastallize|p1a: Sneasler|Flying\n|move|p1a: Sneasler|Acrobatics|p2a: Gliscor\n|-damage|p2a: Gliscor|55\/100 tox\n|move|p2a: Gliscor|Earthquake|p1a: Sneasler\n|-immune|p1a: Sneasler\n|\n|-heal|p2a: Gliscor|68\/100 tox|[from] ability: Poison Heal\n|-sideend|p1: nezephet|Reflect\n|-fieldend|move: Electric Terrain\n|upkeep\n|turn|8\n|\n|t:|1700235133\n|switch|p2a: Weavile|Weavile, F|100\/100\n|-ability|p2a: Weavile|Pressure\n|move|p1a: Sneasler|Acrobatics|p2a: Weavile\n|-damage|p2a: Weavile|5\/100\n|\n|-sideend|p1: nezephet|move: Light Screen\n|upkeep\n|turn|9\n|\n|t:|1700235140\n|move|p2a: Weavile|Ice Shard|p1a: Sneasler\n|-supereffective|p1a: Sneasler\n|-end|p1a: Sneasler|Substitute\n|move|p1a: Sneasler|Acrobatics|p2a: Weavile\n|-damage|p2a: Weavile|0 fnt\n|faint|p2a: Weavile\n|\n|upkeep\n|\n|t:|1700235148\n|switch|p2a: Latios|Latios, M|100\/100\n|turn|10\n|\n|t:|1700235154\n|detailschange|p2a: Latios|Latios-Mega, M\n|-mega|p2a: Latios|Latios|Latiosite\n|move|p1a: Sneasler|Substitute|p1a: Sneasler\n|-start|p1a: Sneasler|Substitute\n|-damage|p1a: Sneasler|51\/100\n|move|p2a: Latios|Psychic|p1a: Sneasler\n|-end|p1a: Sneasler|Substitute\n|\n|upkeep\n|turn|11\n|\n|t:|1700235164\n|move|p1a: Sneasler|Acrobatics|p2a: Latios\n|-damage|p2a: Latios|40\/100\n|move|p2a: Latios|Psychic|p1a: Sneasler\n|-damage|p1a: Sneasler|0 fnt\n|faint|p1a: Sneasler\n|\n|upkeep\n|\n|t:|1700235172\n|switch|p1a: Tapu Koko|Tapu Koko|59\/100\n|-damage|p1a: Tapu Koko|46\/100|[from] Stealth Rock\n|-fieldstart|move: Electric Terrain|[from] ability: Electric Surge|[of] p1a: Tapu Koko\n|turn|12\n|\n|t:|1700235181\n|move|p1a: Tapu Koko|Dazzling Gleam|p2a: Latios\n|-supereffective|p2a: Latios\n|-damage|p2a: Latios|0 fnt\n|faint|p2a: Latios\n|\n|-heal|p1a: Tapu Koko|52\/100|[from] item: Leftovers\n|upkeep\n|\n|t:|1700235194\n|switch|p2a: Heatran|Heatran, F|81\/100\n|turn|13\n|\n|t:|1700235197\n|move|p1a: Tapu Koko|Light Screen|p1a: Tapu Koko\n|-sidestart|p1: nezephet|move: Light Screen\n|move|p2a: Heatran|Magma Storm|p1a: Tapu Koko|[miss]\n|-miss|p2a: Heatran|p1a: Tapu Koko\n|\n|-heal|p1a: Tapu Koko|59\/100|[from] item: Leftovers\n|-heal|p2a: Heatran|87\/100|[from] item: Leftovers\n|upkeep\n|turn|14\n|\n|t:|1700235202\n|move|p1a: Tapu Koko|Reflect|p1a: Tapu Koko\n|-sidestart|p1: nezephet|Reflect\n|move|p2a: Heatran|Earth Power|p1a: Tapu Koko\n|-supereffective|p1a: Tapu Koko\n|-damage|p1a: Tapu Koko|16\/100\n|\n|-heal|p1a: Tapu Koko|22\/100|[from] item: Leftovers\n|-heal|p2a: Heatran|93\/100|[from] item: Leftovers\n|upkeep\n|turn|15\n|\n|t:|1700235208\n|move|p1a: Tapu Koko|Volt Switch|p2a: Heatran\n|-damage|p2a: Heatran|71\/100\n|\n|t:|1700235212\n|switch|p1a: Great Tusk|Great Tusk|100\/100|[from] Volt Switch\n|-damage|p1a: Great Tusk|98\/100|[from] Stealth Rock\n|move|p2a: Heatran|Magma Storm|p1a: Great Tusk|[miss]\n|-miss|p2a: Heatran|p1a: Great Tusk\n|\n|-heal|p1a: Great Tusk|100\/100|[from] item: Leftovers\n|-heal|p2a: Heatran|77\/100|[from] item: Leftovers\n|upkeep\n|turn|16\n|\n|t:|1700235219\n|switch|p2a: Gliscor|Gliscor, M|68\/100 tox\n|move|p1a: Great Tusk|Rapid Spin|p2a: Gliscor\n|-crit|p2a: Gliscor\n|-damage|p2a: Gliscor|45\/100 tox\n|-boost|p1a: Great Tusk|spe|1\n|-sideend|p1: nezephet|Stealth Rock|[from] move: Rapid Spin|[of] p1a: Great Tusk\n|\n|-heal|p2a: Gliscor|58\/100 tox|[from] ability: Poison Heal\n|-fieldend|move: Electric Terrain\n|upkeep\n|turn|17\n|\n|t:|1700235230\n|-terastallize|p2a: Gliscor|Fairy\n|move|p1a: Great Tusk|Ice Spinner|p2a: Gliscor\n|-damage|p2a: Gliscor|36\/100 tox\n|move|p2a: Gliscor|Toxic|p1a: Great Tusk\n|-status|p1a: Great Tusk|tox\n|\n|-damage|p1a: Great Tusk|94\/100 tox|[from] psn\n|-heal|p2a: Gliscor|49\/100 tox|[from] ability: Poison Heal\n|-sideend|p1: nezephet|move: Light Screen\n|upkeep\n|turn|18\n|\n|t:|1700235237\n|move|p1a: Great Tusk|Earthquake|p2a: Gliscor\n|-damage|p2a: Gliscor|9\/100 tox\n|move|p2a: Gliscor|Roost|p2a: Gliscor\n|-heal|p2a: Gliscor|59\/100 tox\n|\n|-heal|p1a: Great Tusk|100\/100 tox|[from] item: Leftovers\n|-damage|p1a: Great Tusk|88\/100 tox|[from] psn\n|-heal|p2a: Gliscor|71\/100 tox|[from] ability: Poison Heal\n|-sideend|p1: nezephet|Reflect\n|upkeep\n|turn|19\n|inactive|nezephet has 120 seconds left.\n|\n|t:|1700235276\n|move|p1a: Great Tusk|Rapid Spin|p2a: Gliscor\n|-damage|p2a: Gliscor|58\/100 tox\n|-boost|p1a: Great Tusk|spe|1\n|move|p2a: Gliscor|Roost|p2a: Gliscor\n|-heal|p2a: Gliscor|100\/100 tox\n|\n|-heal|p1a: Great Tusk|94\/100 tox|[from] item: Leftovers\n|-damage|p1a: Great Tusk|76\/100 tox|[from] psn\n|upkeep\n|turn|20\n|inactive|nezephet has 120 seconds left.\n|\n|t:|1700235290\n|-end|p1a: Great Tusk|Protosynthesis|[silent]\n|switch|p1a: Tapu Koko|Tapu Koko|22\/100\n|-fieldstart|move: Electric Terrain|[from] ability: Electric Surge|[of] p1a: Tapu Koko\n|move|p2a: Gliscor|Earthquake|p1a: Tapu Koko\n|-supereffective|p1a: Tapu Koko\n|-damage|p1a: Tapu Koko|0 fnt\n|faint|p1a: Tapu Koko\n|\n|upkeep\n|\n|t:|1700235298\n|switch|p1a: Amoonguss|Amoonguss, M|100\/100\n|turn|21\n|\n|t:|1700235307\n|move|p2a: Gliscor|Earthquake|p1a: Amoonguss\n|-crit|p1a: Amoonguss\n|-damage|p1a: Amoonguss|55\/100\n|move|p1a: Amoonguss|Spore||[still]\n|-fail|p1a: Amoonguss\n|\n|upkeep\n|turn|22\n|\n|t:|1700235315\n|move|p2a: Gliscor|Earthquake|p1a: Amoonguss\n|-damage|p1a: Amoonguss|24\/100\n|move|p1a: Amoonguss|Sludge Bomb|p2a: Gliscor\n|-supereffective|p2a: Gliscor\n|-damage|p2a: Gliscor|55\/100 tox\n|\n|-heal|p2a: Gliscor|67\/100 tox|[from] ability: Poison Heal\n|upkeep\n|turn|23\n|\n|t:|1700235319\n|move|p2a: Gliscor|Earthquake|p1a: Amoonguss\n|-damage|p1a: Amoonguss|0 fnt\n|faint|p1a: Amoonguss\n|\n|-heal|p2a: Gliscor|80\/100 tox|[from] ability: Poison Heal\n|upkeep\n|\n|t:|1700235327\n|switch|p1a: Enamorus|Enamorus, F|100\/100\n|turn|24\n|\n|t:|1700235345\n|move|p1a: Enamorus|Earth Power|p2a: Gliscor\n|-damage|p2a: Gliscor|50\/100 tox\n|move|p2a: Gliscor|Toxic|p1a: Enamorus\n|-status|p1a: Enamorus|tox\n|\n|-damage|p1a: Enamorus|94\/100 tox|[from] psn\n|-heal|p2a: Gliscor|63\/100 tox|[from] ability: Poison Heal\n|-fieldend|move: Electric Terrain\n|upkeep\n|turn|25\n|-message|nezephet forfeited.\n|\n|win|testing a funni3\n|raw|nezephet's rating: 1352 &rarr; <strong>1337<\/strong><br \/>(-15 for losing)\n|raw|testing a funni3's rating: 1448 &rarr; <strong>1463<\/strong><br \/>(+15 for winning)\n|l|\u2606nezephet\n","uploadtime":1700235360,"views":7,"p1id":"nezephet","p2id":"testingafunni3","formatid":"gen9nationaldex","rating":1337,"private":0,"password":""}