{"id":"gen9nationaldex-1988595591","p1":"BALLGOD","p2":"AlastorTheOverlord","format":"[Gen 9] National Dex","log":"|j|\u2606BALLGOD\n|j|\u2606AlastorTheOverlord\n|t:|1699740047\n|gametype|singles\n|player|p1|BALLGOD|ghetsis-gen5bw|1162\n|player|p2|AlastorTheOverlord|n|1264\n|teamsize|p1|6\n|teamsize|p2|6\n|gen|9\n|tier|[Gen 9] National Dex\n|rated|\n|rule|HP Percentage Mod: HP is shown in percentages\n|rule|Endless Battle Clause: Forcing endless battles is banned\n|rule|OHKO Clause: OHKO moves are banned\n|rule|Evasion Clause: Evasion abilities, items, and moves are banned\n|rule|Evasion Abilities Clause: Evasion abilities are banned\n|rule|Evasion Items Clause: Evasion items are banned\n|rule|Evasion Moves Clause: Evasion moves are banned\n|rule|Species Clause: Limit one of each Pok\u00e9mon\n|rule|Sleep Clause Mod: Limit one foe put to sleep\n|clearpoke\n|poke|p1|Zapdos|\n|poke|p1|Banette, F|\n|poke|p1|Ferrothorn, M|\n|poke|p1|Heatran, M|\n|poke|p1|Kommo-o, M|\n|poke|p1|Urshifu-*, M|\n|poke|p2|Greninja-*, M|\n|poke|p2|Garchomp, M|\n|poke|p2|Chandelure, M|\n|poke|p2|Azumarill, M|\n|poke|p2|Aegislash, M|\n|poke|p2|Talonflame, F|\n|teampreview\n|inactive|Battle timer is ON: inactive players will automatically lose when time's up. (requested by BALLGOD)\n|inactive|AlastorTheOverlord also wants the timer to be on.\n|inactive|AlastorTheOverlord has 120 seconds left.\n|inactive|AlastorTheOverlord has 90 seconds left.\n|\n|t:|1699740108\n|start\n|switch|p1a: Urshifu|Urshifu-Rapid-Strike, M|100\/100\n|switch|p2a: Talonflame|Talonflame, F|100\/100\n|turn|1\n|\n|t:|1699740119\n|switch|p1a: Ferrothorn|Ferrothorn, M, shiny|100\/100\n|move|p2a: Talonflame|Brave Bird|p1a: Ferrothorn\n|-damage|p1a: Ferrothorn|65\/100\n|-damage|p2a: Talonflame|88\/100|[from] ability: Iron Barbs|[of] p1a: Ferrothorn\n|-damage|p2a: Talonflame|72\/100|[from] item: Rocky Helmet|[of] p1a: Ferrothorn\n|-damage|p2a: Talonflame|58\/100|[from] Recoil\n|\n|upkeep\n|turn|2\n|\n|t:|1699740128\n|switch|p1a: Heatran|Heatran, M|100\/100\n|-item|p1a: Heatran|Air Balloon\n|move|p2a: Talonflame|Flare Blitz|p1a: Heatran\n|-start|p1a: Heatran|ability: Flash Fire\n|\n|upkeep\n|turn|3\n|\n|t:|1699740137\n|move|p2a: Talonflame|Brave Bird|p1a: Heatran\n|-resisted|p1a: Heatran\n|-damage|p1a: Heatran|80\/100\n|-enditem|p1a: Heatran|Air Balloon\n|-damage|p2a: Talonflame|49\/100|[from] Recoil\n|move|p1a: Heatran|Dragon Pulse|p2a: Talonflame\n|-damage|p2a: Talonflame|0 fnt\n|faint|p2a: Talonflame\n|\n|upkeep\n|\n|t:|1699740163\n|switch|p2a: Garchomp|Garchomp, M|100\/100\n|turn|4\n|\n|t:|1699740171\n|detailschange|p2a: Garchomp|Garchomp-Mega, M\n|-mega|p2a: Garchomp|Garchomp|Garchompite\n|move|p2a: Garchomp|Swords Dance|p2a: Garchomp\n|-boost|p2a: Garchomp|atk|2\n|move|p1a: Heatran|Dragon Pulse|p2a: Garchomp\n|-supereffective|p2a: Garchomp\n|-damage|p2a: Garchomp|37\/100\n|\n|upkeep\n|turn|5\n|\n|t:|1699740182\n|move|p2a: Garchomp|Earthquake|p1a: Heatran\n|-supereffective|p1a: Heatran\n|-damage|p1a: Heatran|0 fnt\n|faint|p1a: Heatran\n|\n|upkeep\n|\n|t:|1699740184\n|switch|p1a: Banette|Banette, F, shiny|100\/100\n|turn|6\n|\n|t:|1699740189\n|detailschange|p1a: Banette|Banette-Mega, F, shiny\n|-mega|p1a: Banette|Banette|Banettite\n|move|p1a: Banette|Encore|p2a: Garchomp\n|-start|p2a: Garchomp|Encore\n|move|p2a: Garchomp|Earthquake|p1a: Banette\n|-damage|p1a: Banette|0 fnt\n|faint|p1a: Banette\n|\n|upkeep\n|\n|t:|1699740203\n|switch|p1a: Zapdos|Zapdos, shiny|100\/100\n|turn|7\n|\n|t:|1699740211\n|switch|p2a: Chandelure|Chandelure, M|100\/100\n|move|p1a: Zapdos|Hidden Power|p2a: Chandelure\n|-resisted|p2a: Chandelure\n|-damage|p2a: Chandelure|82\/100\n|-damage|p1a: Zapdos|91\/100|[from] item: Life Orb\n|\n|upkeep\n|turn|8\n|\n|t:|1699740234\n|move|p2a: Chandelure|Flamethrower|p1a: Zapdos\n|-damage|p1a: Zapdos|29\/100\n|move|p1a: Zapdos|Wild Charge|p2a: Chandelure\n|-damage|p2a: Chandelure|28\/100\n|-damage|p1a: Zapdos|18\/100|[from] Recoil\n|-damage|p1a: Zapdos|8\/100|[from] item: Life Orb\n|\n|upkeep\n|turn|9\n|\n|t:|1699740244\n|switch|p2a: Garchomp|Garchomp-Mega, M|37\/100\n|move|p1a: Zapdos|Wild Charge|p2a: Garchomp\n|-immune|p2a: Garchomp\n|\n|upkeep\n|turn|10\n|\n|t:|1699740256\n|move|p1a: Zapdos|Hidden Power|p2a: Garchomp\n|-supereffective|p2a: Garchomp\n|-damage|p2a: Garchomp|0 fnt\n|faint|p2a: Garchomp\n|-damage|p1a: Zapdos|0 fnt|[from] item: Life Orb\n|faint|p1a: Zapdos\n|\n|upkeep\n|\n|t:|1699740260\n|switch|p1a: Urshifu|Urshifu-Rapid-Strike, M|100\/100\n|switch|p2a: Azumarill|Azumarill, M|100\/100\n|turn|11\n|\n|t:|1699740268\n|switch|p1a: Ferrothorn|Ferrothorn, M, shiny|65\/100\n|move|p2a: Azumarill|Belly Drum|p2a: Azumarill\n|-damage|p2a: Azumarill|51\/100\n|-setboost|p2a: Azumarill|atk|6|[from] move: Belly Drum\n|\n|upkeep\n|turn|12\n|\n|t:|1699740282\n|move|p2a: Azumarill|Play Rough|p1a: Ferrothorn\n|-resisted|p1a: Ferrothorn\n|-damage|p1a: Ferrothorn|0 fnt\n|-damage|p2a: Azumarill|38\/100|[from] ability: Iron Barbs|[of] p1a: Ferrothorn\n|-damage|p2a: Azumarill|22\/100|[from] item: Rocky Helmet|[of] p1a: Ferrothorn\n|-enditem|p2a: Azumarill|Sitrus Berry|[eat]\n|-heal|p2a: Azumarill|47\/100|[from] item: Sitrus Berry\n|faint|p1a: Ferrothorn\n|\n|upkeep\n|\n|t:|1699740285\n|switch|p1a: Kommo-o|Kommo-o, M|100\/100\n|turn|13\n|\n|t:|1699740292\n|move|p1a: Kommo-o|Flash Cannon|p2a: Azumarill\n|-damage|p2a: Azumarill|24\/100\n|move|p2a: Azumarill|Play Rough|p1a: Kommo-o\n|-supereffective|p1a: Kommo-o\n|-damage|p1a: Kommo-o|0 fnt\n|faint|p1a: Kommo-o\n|\n|upkeep\n|-message|BALLGOD forfeited.\n|\n|win|AlastorTheOverlord\n|raw|BALLGOD's rating: 1162 &rarr; <strong>1144<\/strong><br \/>(-18 for losing)\n|raw|AlastorTheOverlord's rating: 1264 &rarr; <strong>1282<\/strong><br \/>(+18 for winning)\n|l|\u2606BALLGOD\n","uploadtime":1699740301,"views":24,"p1id":"ballgod","p2id":"alastortheoverlord","formatid":"gen9nationaldex","rating":1144,"private":0,"password":""}