{"id":"gen9nationaldex-1994496244","p1":"yangguanglongzhu","p2":"NDSNEZFurinaGaming","format":"[Gen 9] National Dex","log":"|j|\u2606yangguanglongzhu\n|j|\u2606NDSNEZFurinaGaming\n|t:|1700450746\n|gametype|singles\n|player|p1|yangguanglongzhu|101|1076\n|player|p2|NDSNEZFurinaGaming|winona|1048\n|teamsize|p1|6\n|teamsize|p2|6\n|gen|9\n|tier|[Gen 9] National Dex\n|rated|\n|rule|HP Percentage Mod: HP is shown in percentages\n|rule|Endless Battle Clause: Forcing endless battles is banned\n|rule|OHKO Clause: OHKO moves are banned\n|rule|Evasion Clause: Evasion abilities, items, and moves are banned\n|rule|Evasion Abilities Clause: Evasion abilities are banned\n|rule|Evasion Items Clause: Evasion items are banned\n|rule|Evasion Moves Clause: Evasion moves are banned\n|rule|Species Clause: Limit one of each Pok\u00e9mon\n|rule|Sleep Clause Mod: Limit one foe put to sleep\n|clearpoke\n|poke|p1|Torkoal, F|\n|poke|p1|Victini|\n|poke|p1|Charizard, F|\n|poke|p1|Toxapex, F|\n|poke|p1|Tapu Koko|\n|poke|p1|Sneasler, M|\n|poke|p2|Sneasler, F|\n|poke|p2|Charizard, M|\n|poke|p2|Slowking-Galar, F|\n|poke|p2|Gliscor, F|\n|poke|p2|Tapu Lele|\n|poke|p2|Ferrothorn, M|\n|teampreview\n|c|\u2606NDSNEZFurinaGaming|Glhf\n|inactive|Battle timer is ON: inactive players will automatically lose when time's up. (requested by yangguanglongzhu)\n|\n|t:|1700450760\n|start\n|switch|p1a: Torkoal|Torkoal, F|100\/100\n|switch|p2a: Gliscor|Gliscor, F|100\/100\n|-weather|SunnyDay|[from] ability: Drought|[of] p1a: Torkoal\n|turn|1\n|\n|t:|1700450768\n|move|p2a: Gliscor|Knock Off|p1a: Torkoal\n|-damage|p1a: Torkoal|88\/100\n|-enditem|p1a: Torkoal|Terrain Extender|[from] move: Knock Off|[of] p2a: Gliscor\n|move|p1a: Torkoal|Will-O-Wisp|p2a: Gliscor|[miss]\n|-miss|p1a: Torkoal|p2a: Gliscor\n|\n|-weather|SunnyDay|[upkeep]\n|-status|p2a: Gliscor|tox|[from] item: Toxic Orb\n|upkeep\n|turn|2\n|\n|t:|1700450779\n|move|p2a: Gliscor|Earthquake|p1a: Torkoal\n|-supereffective|p1a: Torkoal\n|-damage|p1a: Torkoal|48\/100\n|move|p1a: Torkoal|Stealth Rock|p2a: Gliscor\n|-sidestart|p2: NDSNEZFurinaGaming|move: Stealth Rock\n|\n|-weather|SunnyDay|[upkeep]\n|upkeep\n|turn|3\n|\n|t:|1700450790\n|switch|p1a: Charizard|Charizard, F|100\/100\n|move|p2a: Gliscor|Defog|p1a: Charizard\n|-unboost|p1a: Charizard|evasion|1\n|-sideend|p2: NDSNEZFurinaGaming|Stealth Rock|[from] move: Defog|[of] p2a: Gliscor\n|\n|-weather|SunnyDay|[upkeep]\n|upkeep\n|turn|4\n|\n|t:|1700450807\n|switch|p2a: Slowking|Slowking-Galar, F|100\/100\n|detailschange|p1a: Charizard|Charizard-Mega-Y, F\n|-mega|p1a: Charizard|Charizard|Charizardite Y\n|move|p1a: Charizard|Weather Ball|p2a: Slowking\n|-damage|p2a: Slowking|45\/100\n|\n|-weather|SunnyDay|[upkeep]\n|upkeep\n|turn|5\n|\n|t:|1700450829\n|switch|p2a: Gliscor|Gliscor, F|100\/100 tox\n|move|p1a: Charizard|Weather Ball|p2a: Gliscor\n|-damage|p2a: Gliscor|19\/100 tox\n|\n|-weather|none\n|-heal|p2a: Gliscor|32\/100 tox|[from] ability: Poison Heal\n|upkeep\n|turn|6\n|\n|t:|1700450843\n|switch|p2a: Tapu Lele|Tapu Lele|100\/100\n|-fieldstart|move: Psychic Terrain|[from] ability: Psychic Surge|[of] p2a: Tapu Lele\n|move|p1a: Charizard|Air Slash|p2a: Tapu Lele\n|-damage|p2a: Tapu Lele|52\/100\n|\n|upkeep\n|turn|7\n|\n|t:|1700450854\n|switch|p1a: Torkoal|Torkoal, F|48\/100\n|-weather|SunnyDay|[from] ability: Drought|[of] p1a: Torkoal\n|move|p2a: Tapu Lele|Psychic|p1a: Torkoal\n|-damage|p1a: Torkoal|0 fnt\n|faint|p1a: Torkoal\n|\n|-weather|SunnyDay|[upkeep]\n|upkeep\n|\n|t:|1700450862\n|switch|p1a: Charizard|Charizard-Mega-Y, F|100\/100\n|turn|8\n|\n|t:|1700450867\n|-terastallize|p2a: Tapu Lele|Psychic\n|move|p2a: Tapu Lele|Psychic|p1a: Charizard\n|-damage|p1a: Charizard|19\/100\n|move|p1a: Charizard|Weather Ball|p2a: Tapu Lele\n|-damage|p2a: Tapu Lele|0 fnt\n|faint|p2a: Tapu Lele\n|\n|-weather|SunnyDay|[upkeep]\n|upkeep\n|\n|t:|1700450875\n|switch|p2a: Sneasler|Sneasler, F|100\/100\n|-enditem|p2a: Sneasler|Psychic Seed\n|-boost|p2a: Sneasler|spd|1|[from] item: Psychic Seed\n|turn|9\n|\n|t:|1700450889\n|move|p2a: Sneasler|Dire Claw|p1a: Charizard\n|-damage|p1a: Charizard|0 fnt\n|faint|p1a: Charizard\n|\n|-weather|SunnyDay|[upkeep]\n|upkeep\n|\n|t:|1700450896\n|switch|p1a: Victini|Victini|100\/100\n|turn|10\n|\n|t:|1700450906\n|move|p2a: Sneasler|Acrobatics|p1a: Victini\n|-damage|p1a: Victini|61\/100\n|move|p1a: Victini|V-create|p2a: Sneasler\n|-damage|p2a: Sneasler|0 fnt\n|-unboost|p1a: Victini|spe|1\n|-unboost|p1a: Victini|def|1\n|-unboost|p1a: Victini|spd|1\n|faint|p2a: Sneasler\n|\n|-weather|SunnyDay|[upkeep]\n|-fieldend|move: Psychic Terrain\n|upkeep\n|\n|t:|1700450915\n|switch|p2a: Charizard|Charizard, M|100\/100\n|turn|11\n|\n|t:|1700450925\n|switch|p1a: Toxapex|Toxapex, F|100\/100\n|detailschange|p2a: Charizard|Charizard-Mega-Y, M\n|-mega|p2a: Charizard|Charizard|Charizardite Y\n|move|p2a: Charizard|Scorching Sands|p1a: Toxapex\n|-supereffective|p1a: Toxapex\n|-damage|p1a: Toxapex|53\/100\n|\n|-weather|none\n|-heal|p1a: Toxapex|60\/100|[from] item: Black Sludge\n|upkeep\n|turn|12\n|\n|t:|1700450940\n|switch|p2a: Slowking|Slowking-Galar, F|78\/100\n|move|p1a: Toxapex|Infestation|p2a: Slowking\n|-damage|p2a: Slowking|76\/100\n|-activate|p2a: Slowking|move: Infestation|[of] p1a: Toxapex\n|\n|-heal|p1a: Toxapex|66\/100|[from] item: Black Sludge\n|-damage|p2a: Slowking|64\/100|[from] move: Infestation|[partiallytrapped]\n|upkeep\n|turn|13\n|\n|t:|1700450954\n|move|p1a: Toxapex|Knock Off|p2a: Slowking\n|-supereffective|p2a: Slowking\n|-damage|p2a: Slowking|33\/100\n|-enditem|p2a: Slowking|Heavy-Duty Boots|[from] move: Knock Off|[of] p1a: Toxapex\n|move|p2a: Slowking|Chilly Reception|p2a: Slowking\n|-weather|Snow\n|\n|t:|1700450965\n|switch|p2a: Charizard|Charizard-Mega-Y, M|100\/100|[from] Chilly Reception\n|-weather|SunnyDay|[from] ability: Drought|[of] p2a: Charizard\n|\n|-weather|SunnyDay|[upkeep]\n|-heal|p1a: Toxapex|72\/100|[from] item: Black Sludge\n|upkeep\n|turn|14\n|\n|t:|1700450988\n|switch|p1a: Tapu Koko|Tapu Koko|100\/100\n|-fieldstart|move: Electric Terrain|[from] ability: Electric Surge|[of] p1a: Tapu Koko\n|move|p2a: Charizard|Scorching Sands|p1a: Tapu Koko\n|-supereffective|p1a: Tapu Koko\n|-damage|p1a: Tapu Koko|10\/100\n|\n|-weather|SunnyDay|[upkeep]\n|upkeep\n|turn|15\n|c|\u2606NDSNEZFurinaGaming|skull\n|inactive|yangguanglongzhu has 120 seconds left.\n|\n|t:|1700451010\n|switch|p2a: Gliscor|Gliscor, F|32\/100 tox\n|move|p1a: Tapu Koko|U-turn|p2a: Gliscor\n|-resisted|p2a: Gliscor\n|-damage|p2a: Gliscor|23\/100 tox\n|inactive|yangguanglongzhu has 120 seconds left.\n|\n|t:|1700451015\n|switch|p1a: Sneasler|Sneasler, M|100\/100|[from] U-turn\n|-enditem|p1a: Sneasler|Electric Seed\n|-boost|p1a: Sneasler|def|1|[from] item: Electric Seed\n|\n|-weather|SunnyDay|[upkeep]\n|-heal|p2a: Gliscor|35\/100 tox|[from] ability: Poison Heal\n|upkeep\n|turn|16\n|inactive|yangguanglongzhu has 120 seconds left.\n|\n|t:|1700451037\n|-terastallize|p1a: Sneasler|Flying\n|move|p1a: Sneasler|Acrobatics|p2a: Gliscor\n|-damage|p2a: Gliscor|0 fnt\n|faint|p2a: Gliscor\n|\n|-weather|SunnyDay|[upkeep]\n|upkeep\n|\n|t:|1700451048\n|switch|p2a: Slowking|Slowking-Galar, F|67\/100\n|turn|17\n|inactive|yangguanglongzhu has 120 seconds left.\n|\n|t:|1700451060\n|move|p1a: Sneasler|Acrobatics|p2a: Slowking\n|-damage|p2a: Slowking|6\/100\n|move|p2a: Slowking|Future Sight|p1a: Sneasler\n|-start|p2a: Slowking|move: Future Sight\n|\n|-weather|none\n|upkeep\n|turn|18\n|inactive|yangguanglongzhu has 120 seconds left.\n|\n|t:|1700451070\n|switch|p2a: Ferrothorn|Ferrothorn, M|100\/100\n|move|p1a: Sneasler|Acrobatics|p2a: Ferrothorn\n|-damage|p2a: Ferrothorn|62\/100\n|-damage|p1a: Sneasler|88\/100|[from] ability: Iron Barbs|[of] p2a: Ferrothorn\n|\n|-heal|p2a: Ferrothorn|68\/100|[from] item: Leftovers\n|-fieldend|move: Electric Terrain\n|upkeep\n|turn|19\n|inactive|yangguanglongzhu has 120 seconds left.\n|\n|t:|1700451087\n|move|p2a: Ferrothorn|Protect|p2a: Ferrothorn\n|-singleturn|p2a: Ferrothorn|Protect\n|move|p1a: Sneasler|Close Combat|p2a: Ferrothorn\n|-activate|p2a: Ferrothorn|move: Protect\n|\n|-end|p1a: Sneasler|move: Future Sight\n|-damage|p1a: Sneasler|30\/100\n|-heal|p2a: Ferrothorn|74\/100|[from] item: Leftovers\n|upkeep\n|turn|20\n|\n|t:|1700451105\n|move|p1a: Sneasler|Acrobatics|p2a: Ferrothorn\n|-damage|p2a: Ferrothorn|37\/100\n|-damage|p1a: Sneasler|18\/100|[from] ability: Iron Barbs|[of] p2a: Ferrothorn\n|move|p2a: Ferrothorn|Leech Seed|p1a: Sneasler\n|-start|p1a: Sneasler|move: Leech Seed\n|\n|-heal|p2a: Ferrothorn|43\/100|[from] item: Leftovers\n|-damage|p1a: Sneasler|6\/100|[from] Leech Seed|[of] p2a: Ferrothorn\n|-heal|p2a: Ferrothorn|54\/100|[silent]\n|upkeep\n|turn|21\n|\n|t:|1700451117\n|switch|p1a: Victini|Victini|61\/100\n|move|p2a: Ferrothorn|Stealth Rock|p1a: Victini\n|-sidestart|p1: yangguanglongzhu|move: Stealth Rock\n|\n|-heal|p2a: Ferrothorn|60\/100|[from] item: Leftovers\n|upkeep\n|turn|22\n|\n|t:|1700451134\n|move|p1a: Victini|V-create|p2a: Ferrothorn\n|-supereffective|p2a: Ferrothorn\n|-damage|p2a: Ferrothorn|0 fnt\n|-unboost|p1a: Victini|spe|1\n|-unboost|p1a: Victini|def|1\n|-unboost|p1a: Victini|spd|1\n|-damage|p1a: Victini|49\/100|[from] ability: Iron Barbs|[of] p2a: Ferrothorn\n|faint|p2a: Ferrothorn\n|\n|upkeep\n|\n|t:|1700451142\n|switch|p2a: Charizard|Charizard-Mega-Y, M|100\/100\n|-weather|SunnyDay|[from] ability: Drought|[of] p2a: Charizard\n|turn|23\n|\n|t:|1700451148\n|switch|p1a: Sneasler|Sneasler, M, tera:Flying|6\/100\n|-damage|p1a: Sneasler|0 fnt|[from] Stealth Rock\n|faint|p1a: Sneasler\n|move|p2a: Charizard|Scorching Sands|p1: Sneasler|[notarget]\n|-fail|p2a: Charizard\n|\n|-weather|SunnyDay|[upkeep]\n|upkeep\n|\n|t:|1700451157\n|switch|p1a: Tapu Koko|Tapu Koko|10\/100\n|-damage|p1a: Tapu Koko|0 fnt|[from] Stealth Rock\n|faint|p1a: Tapu Koko\n|\n|t:|1700451168\n|switch|p1a: Victini|Victini|49\/100\n|-damage|p1a: Victini|24\/100|[from] Stealth Rock\n|turn|24\n|\n|t:|1700451174\n|move|p2a: Charizard|Scorching Sands|p1a: Victini\n|-supereffective|p1a: Victini\n|-damage|p1a: Victini|0 fnt\n|faint|p1a: Victini\n|\n|-weather|SunnyDay|[upkeep]\n|upkeep\n|-message|yangguanglongzhu forfeited.\n|\n|win|NDSNEZFurinaGaming\n|raw|yangguanglongzhu's rating: 1076 &rarr; <strong>1053<\/strong><br \/>(-23 for losing)\n|raw|NDSNEZFurinaGaming's rating: 1048 &rarr; <strong>1083<\/strong><br \/>(+35 for winning)\n|l|\u2606yangguanglongzhu\n|c|\u2606NDSNEZFurinaGaming|gg\n","uploadtime":1700451200,"views":5,"p1id":"yangguanglongzhu","p2id":"ndsnezfurinagaming","formatid":"gen9nationaldex","rating":1053,"private":0,"password":""}