{"id":"gen9nationaldex-1993011703","p1":"Gfjwvc","p2":"xxxxSachi","format":"[Gen 9] National Dex","log":"|j|\u2606Gfjwvc\n|j|\u2606xxxxSachi\n|t:|1700255332\n|gametype|singles\n|player|p1|Gfjwvc|265|1384\n|player|p2|xxxxSachi|nemona-s|1324\n|teamsize|p1|6\n|teamsize|p2|6\n|gen|9\n|tier|[Gen 9] National Dex\n|rated|\n|rule|HP Percentage Mod: HP is shown in percentages\n|rule|Endless Battle Clause: Forcing endless battles is banned\n|rule|OHKO Clause: OHKO moves are banned\n|rule|Evasion Clause: Evasion abilities, items, and moves are banned\n|rule|Evasion Abilities Clause: Evasion abilities are banned\n|rule|Evasion Items Clause: Evasion items are banned\n|rule|Evasion Moves Clause: Evasion moves are banned\n|rule|Species Clause: Limit one of each Pok\u00e9mon\n|rule|Sleep Clause Mod: Limit one foe put to sleep\n|clearpoke\n|poke|p1|Gyarados, F|\n|poke|p1|Meowscarada, F|\n|poke|p1|Hoopa-Unbound|\n|poke|p1|Rotom-Wash|\n|poke|p1|Zapdos|\n|poke|p1|Magnezone|\n|poke|p2|Charizard, F|\n|poke|p2|Rotom-Wash|\n|poke|p2|Tyranitar, M|\n|poke|p2|Excadrill, F|\n|poke|p2|Breloom, F|\n|poke|p2|Tapu Lele|\n|teampreview\n|inactive|Battle timer is ON: inactive players will automatically lose when time's up. (requested by Gfjwvc)\n|\n|t:|1700255338\n|start\n|switch|p1a: Gyarados|Gyarados, F|100\/100\n|switch|p2a: Rotom|Rotom-Wash|100\/100\n|-ability|p1a: Gyarados|Intimidate|boost\n|-unboost|p2a: Rotom|atk|1\n|turn|1\n|\n|t:|1700255345\n|detailschange|p1a: Gyarados|Gyarados-Mega, F\n|-mega|p1a: Gyarados|Gyarados|Gyaradosite\n|-ability|p1a: Gyarados|Mold Breaker\n|move|p2a: Rotom|Will-O-Wisp|p1a: Gyarados\n|-status|p1a: Gyarados|brn\n|move|p1a: Gyarados|Earthquake|p2a: Rotom\n|-supereffective|p2a: Rotom\n|-damage|p2a: Rotom|42\/100\n|\n|-heal|p2a: Rotom|48\/100|[from] item: Leftovers\n|-damage|p1a: Gyarados|94\/100 brn|[from] brn\n|upkeep\n|turn|2\n|\n|t:|1700255352\n|move|p2a: Rotom|Volt Switch|p1a: Gyarados\n|-supereffective|p1a: Gyarados\n|-crit|p1a: Gyarados\n|-damage|p1a: Gyarados|18\/100 brn\n|\n|t:|1700255356\n|switch|p2a: Charizard|Charizard, F|100\/100|[from] Volt Switch\n|move|p1a: Gyarados|Dragon Dance|p1a: Gyarados\n|-boost|p1a: Gyarados|atk|1\n|-boost|p1a: Gyarados|spe|1\n|\n|-damage|p1a: Gyarados|12\/100 brn|[from] brn\n|upkeep\n|turn|3\n|\n|t:|1700255362\n|detailschange|p2a: Charizard|Charizard-Mega-Y, F\n|-mega|p2a: Charizard|Charizard|Charizardite Y\n|-weather|SunnyDay|[from] ability: Drought|[of] p2a: Charizard\n|move|p1a: Gyarados|Crunch|p2a: Charizard\n|-damage|p2a: Charizard|46\/100\n|move|p2a: Charizard|Solar Beam||[still]\n|-prepare|p2a: Charizard|Solar Beam\n|-anim|p2a: Charizard|Solar Beam|p1a: Gyarados\n|-supereffective|p1a: Gyarados\n|-damage|p1a: Gyarados|0 fnt\n|faint|p1a: Gyarados\n|\n|-weather|SunnyDay|[upkeep]\n|upkeep\n|\n|t:|1700255367\n|switch|p1a: Hoopa|Hoopa-Unbound|100\/100\n|turn|4\n|\n|t:|1700255373\n|move|p1a: Hoopa|Hyperspace Fury|p2a: Charizard\n|-damage|p2a: Charizard|0 fnt\n|-unboost|p1a: Hoopa|def|1\n|faint|p2a: Charizard\n|\n|-weather|SunnyDay|[upkeep]\n|upkeep\n|\n|t:|1700255375\n|switch|p2a: Tyranitar|Tyranitar, M|100\/100\n|-weather|Sandstorm|[from] ability: Sand Stream|[of] p2a: Tyranitar\n|turn|5\n|\n|t:|1700255382\n|-activate|p1a: Hoopa|move: Pursuit\n|move|p2a: Tyranitar|Pursuit|p1a: Hoopa|[from]Pursuit\n|-damage|p1a: Hoopa|0 fnt\n|faint|p1a: Hoopa\n|-hint|A Pokemon can't switch between when it runs out of HP and when it faints\n|\n|-weather|Sandstorm|[upkeep]\n|upkeep\n|\n|t:|1700255385\n|switch|p1a: Meowscarada|Meowscarada, F|100\/100\n|turn|6\n|\n|t:|1700255389\n|-terastallize|p1a: Meowscarada|Grass\n|-terastallize|p2a: Tyranitar|Ice\n|move|p1a: Meowscarada|Flower Trick|p2a: Tyranitar\n|-crit|p2a: Tyranitar\n|-damage|p2a: Tyranitar|20\/100\n|move|p2a: Tyranitar|Ice Punch|p1a: Meowscarada\n|-supereffective|p1a: Meowscarada\n|-damage|p1a: Meowscarada|0 fnt\n|faint|p1a: Meowscarada\n|\n|-weather|Sandstorm|[upkeep]\n|-damage|p2a: Tyranitar|14\/100|[from] Sandstorm\n|upkeep\n|\n|t:|1700255399\n|switch|p1a: Rotom|Rotom-Wash|100\/100\n|turn|7\n|\n|t:|1700255407\n|move|p1a: Rotom|Pain Split|p2a: Tyranitar\n|-sethp|p2a: Tyranitar|45\/100|[from] move: Pain Split|[silent]\n|-sethp|p1a: Rotom|59\/100|[from] move: Pain Split\n|move|p2a: Tyranitar|Stone Edge|p1a: Rotom|[miss]\n|-miss|p2a: Tyranitar|p1a: Rotom\n|\n|-weather|Sandstorm|[upkeep]\n|-damage|p1a: Rotom|53\/100|[from] Sandstorm\n|-damage|p2a: Tyranitar|39\/100|[from] Sandstorm\n|-heal|p1a: Rotom|59\/100|[from] item: Leftovers\n|upkeep\n|turn|8\n|\n|t:|1700255414\n|move|p1a: Rotom|Volt Switch|p2a: Tyranitar\n|-damage|p2a: Tyranitar|19\/100\n|\n|t:|1700255418\n|switch|p1a: Zapdos|Zapdos|100\/100|[from] Volt Switch\n|move|p2a: Tyranitar|Stone Edge|p1a: Zapdos\n|-supereffective|p1a: Zapdos\n|-crit|p1a: Zapdos\n|-damage|p1a: Zapdos|0 fnt\n|faint|p1a: Zapdos\n|\n|-weather|Sandstorm|[upkeep]\n|-damage|p2a: Tyranitar|13\/100|[from] Sandstorm\n|upkeep\n|-message|Gfjwvc forfeited.\n|\n|win|xxxxSachi\n|raw|Gfjwvc's rating: 1384 &rarr; <strong>1361<\/strong><br \/>(-23 for losing)\n|raw|xxxxSachi's rating: 1324 &rarr; <strong>1347<\/strong><br \/>(+23 for winning)\n|l|\u2606Gfjwvc\n","uploadtime":1700255426,"views":12,"p1id":"gfjwvc","p2id":"xxxxsachi","formatid":"gen9nationaldex","rating":1347,"private":0,"password":""}