{"id":"gen9nationaldex-1998439990","p1":"Mitsunara3","p2":"Nonebot L","format":"[Gen 9] National Dex","log":"|html|<div class=\"broadcast-blue\"><strong>[Gen 9] National Dex is currently suspecting Sneasler! For information on how to participate check out the <a href=\"https:\/\/www.smogon.com\/forums\/threads\/sv-national-dex-suspect-8-just-dance.3731534\/\">suspect thread<\/a>.<\/strong><\/div>\n|j|\u2606Mitsunara3\n|j|\u2606Nonebot L\n|t:|1700942524\n|gametype|singles\n|player|p1|Mitsunara3|ingo|\n|player|p2|Nonebot L|ghetsis|\n|teamsize|p1|6\n|teamsize|p2|6\n|gen|9\n|tier|[Gen 9] National Dex\n|rule|HP Percentage Mod: HP is shown in percentages\n|rule|Endless Battle Clause: Forcing endless battles is banned\n|rule|OHKO Clause: OHKO moves are banned\n|rule|Evasion Clause: Evasion abilities, items, and moves are banned\n|rule|Evasion Abilities Clause: Evasion abilities are banned\n|rule|Evasion Items Clause: Evasion items are banned\n|rule|Evasion Moves Clause: Evasion moves are banned\n|rule|Species Clause: Limit one of each Pok\u00e9mon\n|rule|Sleep Clause Mod: Limit one foe put to sleep\n|clearpoke\n|poke|p1|Zapdos|\n|poke|p1|Arboliva, F|\n|poke|p1|Aerodactyl, F|\n|poke|p1|Deoxys-Defense|\n|poke|p1|Cinderace, F|\n|poke|p1|Gastrodon, M|\n|poke|p2|Scizor, M|\n|poke|p2|Toxtricity, M|\n|poke|p2|Araquanid, M|\n|poke|p2|Hydreigon, M|\n|poke|p2|Gigalith, M|\n|poke|p2|Ditto|\n|teampreview\n|\n|t:|1700942545\n|start\n|switch|p1a: Cinderace|Cinderace, F|100\/100\n|switch|p2a: Gigalith|Gigalith, M, shiny|100\/100\n|turn|1\n|\n|t:|1700942552\n|move|p1a: Cinderace|High Jump Kick|p2a: Gigalith\n|-supereffective|p2a: Gigalith\n|-damage|p2a: Gigalith|43\/100\n|move|p2a: Gigalith|Stone Edge|p1a: Cinderace\n|-supereffective|p1a: Cinderace\n|-damage|p1a: Cinderace|0 fnt\n|faint|p1a: Cinderace\n|\n|upkeep\n|\n|t:|1700942560\n|switch|p1a: Gastrodon|Gastrodon, M|100\/100\n|turn|2\n|\n|t:|1700942570\n|switch|p2a: Araquanid|Araquanid, M|100\/100\n|move|p1a: Gastrodon|Acid Armor|p1a: Gastrodon\n|-boost|p1a: Gastrodon|def|2\n|\n|upkeep\n|turn|3\n|\n|t:|1700942578\n|move|p2a: Araquanid|Infestation|p1a: Gastrodon\n|-damage|p1a: Gastrodon|98\/100\n|-activate|p1a: Gastrodon|move: Infestation|[of] p2a: Araquanid\n|move|p1a: Gastrodon|Ice Beam|p2a: Araquanid\n|-resisted|p2a: Araquanid\n|-damage|p2a: Araquanid|91\/100\n|\n|-heal|p2a: Araquanid|98\/100|[from] item: Leftovers\n|-damage|p1a: Gastrodon|85\/100|[from] move: Infestation|[partiallytrapped]\n|upkeep\n|turn|4\n|\n|t:|1700942588\n|move|p2a: Araquanid|Sticky Web|p1a: Gastrodon\n|-sidestart|p1: Mitsunara3|move: Sticky Web\n|move|p1a: Gastrodon|Scald|p2a: Araquanid\n|-resisted|p2a: Araquanid\n|-damage|p2a: Araquanid|87\/100\n|\n|-heal|p2a: Araquanid|93\/100|[from] item: Leftovers\n|-damage|p1a: Gastrodon|73\/100|[from] move: Infestation|[partiallytrapped]\n|upkeep\n|turn|5\n|\n|t:|1700942594\n|move|p2a: Araquanid|Infestation|p1a: Gastrodon\n|-damage|p1a: Gastrodon|70\/100\n|move|p1a: Gastrodon|Recover|p1a: Gastrodon\n|-heal|p1a: Gastrodon|100\/100\n|\n|-heal|p2a: Araquanid|99\/100|[from] item: Leftovers\n|-damage|p1a: Gastrodon|88\/100|[from] move: Infestation|[partiallytrapped]\n|upkeep\n|turn|6\n|\n|t:|1700942598\n|move|p2a: Araquanid|Infestation|p1a: Gastrodon\n|-damage|p1a: Gastrodon|85\/100\n|move|p1a: Gastrodon|Scald|p2a: Araquanid\n|-resisted|p2a: Araquanid\n|-damage|p2a: Araquanid|89\/100\n|\n|-heal|p2a: Araquanid|95\/100|[from] item: Leftovers\n|-damage|p1a: Gastrodon|73\/100|[from] move: Infestation|[partiallytrapped]\n|upkeep\n|turn|7\n|\n|t:|1700942601\n|move|p2a: Araquanid|Infestation|p1a: Gastrodon\n|-damage|p1a: Gastrodon|70\/100\n|move|p1a: Gastrodon|Scald|p2a: Araquanid\n|-resisted|p2a: Araquanid\n|-damage|p2a: Araquanid|83\/100\n|\n|-heal|p2a: Araquanid|89\/100|[from] item: Leftovers\n|-damage|p1a: Gastrodon|58\/100|[from] move: Infestation|[partiallytrapped]\n|upkeep\n|turn|8\n|\n|t:|1700942603\n|move|p2a: Araquanid|Infestation|p1a: Gastrodon\n|-damage|p1a: Gastrodon|55\/100\n|move|p1a: Gastrodon|Ice Beam|p2a: Araquanid\n|-resisted|p2a: Araquanid\n|-damage|p2a: Araquanid|80\/100\n|\n|-heal|p2a: Araquanid|86\/100|[from] item: Leftovers\n|-end|p1a: Gastrodon|Infestation|[partiallytrapped]\n|upkeep\n|turn|9\n|\n|t:|1700942606\n|move|p2a: Araquanid|Infestation|p1a: Gastrodon\n|-damage|p1a: Gastrodon|52\/100\n|-activate|p1a: Gastrodon|move: Infestation|[of] p2a: Araquanid\n|move|p1a: Gastrodon|Recover|p1a: Gastrodon\n|-heal|p1a: Gastrodon|100\/100\n|\n|-heal|p2a: Araquanid|93\/100|[from] item: Leftovers\n|-damage|p1a: Gastrodon|88\/100|[from] move: Infestation|[partiallytrapped]\n|upkeep\n|turn|10\n|\n|t:|1700942621\n|move|p2a: Araquanid|Infestation|p1a: Gastrodon\n|-damage|p1a: Gastrodon|85\/100\n|move|p1a: Gastrodon|Ice Beam|p2a: Araquanid\n|-resisted|p2a: Araquanid\n|-damage|p2a: Araquanid|85\/100\n|\n|-heal|p2a: Araquanid|91\/100|[from] item: Leftovers\n|-damage|p1a: Gastrodon|73\/100|[from] move: Infestation|[partiallytrapped]\n|upkeep\n|turn|11\n|\n|t:|1700942629\n|move|p2a: Araquanid|Infestation|p1a: Gastrodon\n|-damage|p1a: Gastrodon|70\/100\n|move|p1a: Gastrodon|Ice Beam|p2a: Araquanid\n|-resisted|p2a: Araquanid\n|-damage|p2a: Araquanid|83\/100\n|\n|-heal|p2a: Araquanid|89\/100|[from] item: Leftovers\n|-damage|p1a: Gastrodon|58\/100|[from] move: Infestation|[partiallytrapped]\n|upkeep\n|turn|12\n|\n|t:|1700942638\n|move|p2a: Araquanid|Infestation|p1a: Gastrodon\n|-damage|p1a: Gastrodon|55\/100\n|move|p1a: Gastrodon|Recover|p1a: Gastrodon\n|-heal|p1a: Gastrodon|100\/100\n|\n|-heal|p2a: Araquanid|95\/100|[from] item: Leftovers\n|-damage|p1a: Gastrodon|88\/100|[from] move: Infestation|[partiallytrapped]\n|upkeep\n|turn|13\n|\n|t:|1700942643\n|move|p2a: Araquanid|Leech Life|p1a: Gastrodon\n|-damage|p1a: Gastrodon|78\/100\n|-heal|p2a: Araquanid|100\/100|[from] drain|[of] p1a: Gastrodon\n|move|p1a: Gastrodon|Ice Beam|p2a: Araquanid\n|-resisted|p2a: Araquanid\n|-damage|p2a: Araquanid|92\/100\n|\n|-heal|p2a: Araquanid|98\/100|[from] item: Leftovers\n|-damage|p1a: Gastrodon|65\/100|[from] move: Infestation|[partiallytrapped]\n|upkeep\n|turn|14\n|\n|t:|1700942652\n|move|p2a: Araquanid|Leech Life|p1a: Gastrodon\n|-damage|p1a: Gastrodon|55\/100\n|-heal|p2a: Araquanid|100\/100|[from] drain|[of] p1a: Gastrodon\n|move|p1a: Gastrodon|Ice Beam|p2a: Araquanid\n|-resisted|p2a: Araquanid\n|-damage|p2a: Araquanid|92\/100\n|\n|-heal|p2a: Araquanid|98\/100|[from] item: Leftovers\n|-end|p1a: Gastrodon|Infestation|[partiallytrapped]\n|upkeep\n|turn|15\n|\n|t:|1700942657\n|switch|p1a: Zapdos|Zapdos|100\/100\n|-ability|p1a: Zapdos|Pressure\n|move|p2a: Araquanid|Infestation|p1a: Zapdos\n|-resisted|p1a: Zapdos\n|-damage|p1a: Zapdos|99\/100\n|-activate|p1a: Zapdos|move: Infestation|[of] p2a: Araquanid\n|\n|-heal|p2a: Araquanid|100\/100|[from] item: Leftovers\n|-damage|p1a: Zapdos|86\/100|[from] move: Infestation|[partiallytrapped]\n|upkeep\n|turn|16\n|\n|t:|1700942666\n|switch|p2a: Toxtricity|Toxtricity, M|100\/100\n|move|p1a: Zapdos|Discharge|p2a: Toxtricity\n|-resisted|p2a: Toxtricity\n|-damage|p2a: Toxtricity|73\/100\n|\n|-end|p1a: Zapdos|Infestation|[partiallytrapped]|[silent]\n|upkeep\n|turn|17\n|\n|t:|1700942680\n|switch|p1a: Gastrodon|Gastrodon, M|55\/100\n|-activate|p1a: Gastrodon|move: Sticky Web\n|-unboost|p1a: Gastrodon|spe|1\n|move|p2a: Toxtricity|Boomburst|p1a: Gastrodon\n|-damage|p1a: Gastrodon|8\/100\n|-enditem|p1a: Gastrodon|Sitrus Berry|[eat]\n|-heal|p1a: Gastrodon|32\/100|[from] item: Sitrus Berry\n|-enditem|p2a: Toxtricity|Throat Spray\n|-boost|p2a: Toxtricity|spa|1|[from] item: Throat Spray\n|\n|upkeep\n|turn|18\n|\n|t:|1700942692\n|move|p2a: Toxtricity|Boomburst|p1a: Gastrodon\n|-damage|p1a: Gastrodon|0 fnt\n|faint|p1a: Gastrodon\n|\n|upkeep\n|\n|t:|1700942694\n|switch|p1a: Aerodactyl|Aerodactyl, F|100\/100\n|-ability|p1a: Aerodactyl|Unnerve\n|turn|19\n|\n|t:|1700942699\n|switch|p2a: Gigalith|Gigalith, M, shiny|43\/100\n|detailschange|p1a: Aerodactyl|Aerodactyl-Mega, F\n|-mega|p1a: Aerodactyl|Aerodactyl|Aerodactylite\n|move|p1a: Aerodactyl|Rock Blast|p2a: Gigalith|[miss]\n|-miss|p1a: Aerodactyl|p2a: Gigalith\n|\n|upkeep\n|turn|20\n|\n|t:|1700942706\n|switch|p1a: Arboliva|Arboliva, F|100\/100\n|-activate|p1a: Arboliva|move: Sticky Web\n|-unboost|p1a: Arboliva|spe|1\n|move|p2a: Gigalith|Stone Edge|p1a: Arboliva\n|-damage|p1a: Arboliva|62\/100\n|-fieldstart|move: Grassy Terrain|[from] ability: Seed Sower|[of] p1a: Arboliva\n|\n|-heal|p2a: Gigalith|49\/100|[from] Grassy Terrain\n|-heal|p1a: Arboliva|68\/100|[from] Grassy Terrain\n|-heal|p1a: Arboliva|74\/100|[from] item: Leftovers\n|upkeep\n|turn|21\n|\n|t:|1700942713\n|move|p2a: Gigalith|Explosion|p1a: Arboliva\n|-damage|p1a: Arboliva|2\/100\n|faint|p2a: Gigalith\n|move|p1a: Arboliva|Substitute|p1a: Arboliva\n|-fail|p1a: Arboliva|move: Substitute|[weak]\n|\n|-heal|p1a: Arboliva|8\/100|[from] Grassy Terrain\n|-heal|p1a: Arboliva|15\/100|[from] item: Leftovers\n|upkeep\n|\n|t:|1700942716\n|switch|p2a: Scizor|Scizor, M|100\/100\n|turn|22\n|\n|t:|1700942726\n|switch|p1a: Deoxys|Deoxys-Defense|100\/100\n|-activate|p1a: Deoxys|move: Sticky Web\n|-unboost|p1a: Deoxys|spe|1\n|-ability|p1a: Deoxys|Pressure\n|detailschange|p2a: Scizor|Scizor-Mega, M\n|-mega|p2a: Scizor|Scizor|Scizorite\n|move|p2a: Scizor|Swords Dance|p2a: Scizor\n|-boost|p2a: Scizor|atk|2\n|\n|upkeep\n|turn|23\n|\n|t:|1700942741\n|-terastallize|p1a: Deoxys|Fairy\n|move|p2a: Scizor|U-turn|p1a: Deoxys\n|-resisted|p1a: Deoxys\n|-damage|p1a: Deoxys|79\/100\n|-damage|p2a: Scizor|84\/100|[from] item: Rocky Helmet|[of] p1a: Deoxys\n|\n|t:|1700942748\n|switch|p2a: Toxtricity|Toxtricity, M|73\/100|[from] U-turn\n|move|p1a: Deoxys|Calm Mind|p1a: Deoxys\n|-boost|p1a: Deoxys|spa|1\n|-boost|p1a: Deoxys|spd|1\n|\n|-heal|p2a: Toxtricity|79\/100|[from] Grassy Terrain\n|-heal|p1a: Deoxys|85\/100|[from] Grassy Terrain\n|upkeep\n|turn|24\n|\n|t:|1700942758\n|move|p2a: Toxtricity|Sludge Wave|p1a: Deoxys\n|-supereffective|p1a: Deoxys\n|-damage|p1a: Deoxys|35\/100\n|move|p1a: Deoxys|Recover|p1a: Deoxys\n|-heal|p1a: Deoxys|85\/100\n|\n|-heal|p2a: Toxtricity|85\/100|[from] Grassy Terrain\n|-heal|p1a: Deoxys|92\/100|[from] Grassy Terrain\n|-fieldend|move: Grassy Terrain\n|upkeep\n|turn|25\n|\n|t:|1700942762\n|move|p2a: Toxtricity|Sludge Wave|p1a: Deoxys\n|-supereffective|p1a: Deoxys\n|-damage|p1a: Deoxys|40\/100\n|move|p1a: Deoxys|Dark Pulse|p2a: Toxtricity\n|-damage|p2a: Toxtricity|55\/100\n|\n|upkeep\n|turn|26\n|\n|t:|1700942769\n|move|p2a: Toxtricity|Sludge Wave|p1a: Deoxys\n|-supereffective|p1a: Deoxys\n|-damage|p1a: Deoxys|0 fnt\n|faint|p1a: Deoxys\n|\n|upkeep\n|\n|t:|1700942772\n|switch|p1a: Aerodactyl|Aerodactyl-Mega, F|100\/100\n|turn|27\n|\n|t:|1700942776\n|move|p1a: Aerodactyl|Rock Blast|p2a: Toxtricity\n|-damage|p2a: Toxtricity|35\/100\n|-damage|p2a: Toxtricity|14\/100\n|-hitcount|p2a: Toxtricity|2\n|move|p2a: Toxtricity|Overdrive|p1a: Aerodactyl\n|-supereffective|p1a: Aerodactyl\n|-damage|p1a: Aerodactyl|0 fnt\n|faint|p1a: Aerodactyl\n|\n|upkeep\n|\n|t:|1700942784\n|switch|p1a: Zapdos|Zapdos|86\/100\n|-ability|p1a: Zapdos|Pressure\n|turn|28\n|\n|t:|1700942794\n|move|p2a: Toxtricity|Overdrive|p1a: Zapdos\n|-damage|p1a: Zapdos|34\/100\n|move|p1a: Zapdos|Hidden Power|p2a: Toxtricity\n|-damage|p2a: Toxtricity|0 fnt\n|faint|p2a: Toxtricity\n|\n|upkeep\n|\n|t:|1700942799\n|switch|p2a: Hydreigon|Hydreigon, M|100\/100\n|turn|29\n|\n|t:|1700942805\n|move|p2a: Hydreigon|Dragon Pulse|p1a: Zapdos\n|-damage|p1a: Zapdos|0 fnt\n|faint|p1a: Zapdos\n|\n|upkeep\n|\n|t:|1700942807\n|switch|p1a: Arboliva|Arboliva, F|15\/100\n|-activate|p1a: Arboliva|move: Sticky Web\n|-unboost|p1a: Arboliva|spe|1\n|turn|30\n|\n|t:|1700942823\n|move|p2a: Hydreigon|Dragon Pulse|p1a: Arboliva\n|-damage|p1a: Arboliva|0 fnt\n|-fieldstart|move: Grassy Terrain|[from] ability: Seed Sower|[of] p1a: Arboliva\n|faint|p1a: Arboliva\n|\n|win|Nonebot L\n","uploadtime":1700942828,"views":12,"p1id":"mitsunara3","p2id":"nonebotl","formatid":"gen9nationaldex","rating":0,"private":0,"password":""}