{"id":"gen9nationaldex-1990986556","p1":"kensei4k","p2":"Megakid20","format":"[Gen 9] National Dex","log":"|j|\u2606kensei4k\n|j|\u2606Megakid20\n|t:|1700023673\n|gametype|singles\n|player|p1|kensei4k|zinnia|\n|player|p2|Megakid20|rika|\n|teamsize|p1|6\n|teamsize|p2|6\n|gen|9\n|tier|[Gen 9] National Dex\n|rule|HP Percentage Mod: HP is shown in percentages\n|rule|Endless Battle Clause: Forcing endless battles is banned\n|rule|OHKO Clause: OHKO moves are banned\n|rule|Evasion Clause: Evasion abilities, items, and moves are banned\n|rule|Evasion Abilities Clause: Evasion abilities are banned\n|rule|Evasion Items Clause: Evasion items are banned\n|rule|Evasion Moves Clause: Evasion moves are banned\n|rule|Species Clause: Limit one of each Pok\u00e9mon\n|rule|Sleep Clause Mod: Limit one foe put to sleep\n|clearpoke\n|poke|p1|Mawile, F|\n|poke|p1|Tyranitar, F|\n|poke|p1|Kyurem|\n|poke|p1|Volcarona, M|\n|poke|p1|Latios, M|\n|poke|p1|Deoxys-Defense|\n|poke|p2|Rotom-Heat|\n|poke|p2|Ninetales-Alola, M|\n|poke|p2|Gliscor, F|\n|poke|p2|Dragonite, F|\n|poke|p2|Arctozolt|\n|poke|p2|Kommo-o, M|\n|teampreview\n|j| xaviersobased\n|j| Keykard\n|j| plague070\n|j| homixide poopoo\n|c| plague070|lets go j\n|c| xaviersobased|1 million Dollar or Dinner winner walking wake\n|j| troubadour9\n|c| xaviersobased|with\n|c| plague070|dinner with walking wake\n|c| plague070|he has ancient wisdom\n|c| xaviersobased|u a Bastard\n|c| xaviersobased|i want this guy killed clean shot\n|\n|t:|1700023758\n|start\n|switch|p1a: yah mean|Kyurem|100\/100\n|switch|p2a: Mortal Man|Rotom-Heat, shiny|100\/100\n|-ability|p1a: yah mean|Pressure\n|turn|1\n|c| xaviersobased|yo @troubador\n|\n|t:|1700023775\n|move|p1a: yah mean|Dragon Pulse|p2a: Mortal Man\n|-damage|p2a: Mortal Man|55\/100\n|move|p2a: Mortal Man|Volt Switch|p1a: yah mean\n|-resisted|p1a: yah mean\n|-damage|p1a: yah mean|90\/100\n|\n|t:|1700023790\n|switch|p2a: Crankenstein|Ninetales-Alola, M, shiny|100\/100|[from] Volt Switch\n|-weather|Snow|[from] ability: Snow Warning|[of] p2a: Crankenstein\n|\n|-weather|Snow|[upkeep]\n|upkeep\n|turn|2\n|\n|t:|1700023794\n|move|p2a: Crankenstein|Aurora Veil|p2a: Crankenstein\n|-sidestart|p2: Megakid20|move: Aurora Veil\n|move|p1a: yah mean|Flash Cannon|p2a: Crankenstein\n|-supereffective|p2a: Crankenstein\n|-damage|p2a: Crankenstein|31\/100\n|\n|-weather|Snow|[upkeep]\n|upkeep\n|turn|3\n|c| troubadour9|what\n|c| xaviersobased|can we do tangrowth for Urshifu? fair trade IMO\n|\n|t:|1700023805\n|move|p2a: Crankenstein|Draining Kiss|p1a: yah mean\n|-supereffective|p1a: yah mean\n|-crit|p1a: yah mean\n|-damage|p1a: yah mean|56\/100\n|-heal|p2a: Crankenstein|65\/100|[from] drain|[of] p1a: yah mean\n|move|p1a: yah mean|Flash Cannon|p2a: Crankenstein\n|-supereffective|p2a: Crankenstein\n|-damage|p2a: Crankenstein|1\/100\n|\n|-weather|Snow|[upkeep]\n|upkeep\n|turn|4\n|c| plague070|dude\n|c| plague070|wow\n|c| plague070|actually huge roll lmfao\n|c| xaviersobased|damn he getting his ass Beat\n|\n|t:|1700023841\n|switch|p2a: Hail Satan|Arctozolt, shiny|100\/100\n|switch|p1a: buge|Volcarona, M|100\/100\n|\n|-weather|Snow|[upkeep]\n|upkeep\n|turn|5\n|j| stepback wemby\n|c|\u2606Megakid20|We love Arctozolt\n|c| xaviersobased|No\n|c| Keykard|kappa\n|c| plague070|not really\n|c| troubadour9|i dont like that trade\n|c|\u2606Megakid20|This guy is chill\n|c| xaviersobased|Why Not\n|j| jonglobobe\n|c| xaviersobased|its a fair trade\n|c| xaviersobased|U need Him\n|c| stepback wemby|he has amoongus\n|c| jonglobobe|can i get urshifu\n|c| stepback wemby|amoongus is much better\n|c| xaviersobased|No\n|\n|t:|1700023922\n|switch|p1a: yah mean|Kyurem|56\/100\n|-ability|p1a: yah mean|Pressure\n|move|p2a: Hail Satan|Bolt Beak|p1a: yah mean\n|-resisted|p1a: yah mean\n|-damage|p1a: yah mean|33\/100\n|\n|-weather|none\n|upkeep\n|turn|6\n|\n|t:|1700023927\n|move|p1a: yah mean|Roost|p1a: yah mean\n|-heal|p1a: yah mean|83\/100\n|-singleturn|p1a: yah mean|move: Roost\n|move|p2a: Hail Satan|Low Kick|p1a: yah mean\n|-supereffective|p1a: yah mean\n|-damage|p1a: yah mean|24\/100\n|\n|upkeep\n|turn|7\n|c|\u2606kensei4k|wtf\n|c| Keykard|can we ban spore users\n|c| xaviersobased|ok maybe but what if u had 2 fat Guys\n|c| plague070|yo\n|\n|t:|1700023939\n|switch|p1a: buge|Volcarona, M|100\/100\n|move|p2a: Hail Satan|Low Kick|p1a: buge\n|-resisted|p1a: buge\n|-damage|p1a: buge|86\/100\n|-status|p2a: Hail Satan|brn|[from] ability: Flame Body|[of] p1a: buge\n|\n|-damage|p2a: Hail Satan|94\/100 brn|[from] brn\n|upkeep\n|turn|8\n|c| plague070|oh shit\n|\n|t:|1700023947\n|move|p1a: buge|Quiver Dance|p1a: buge\n|-boost|p1a: buge|spa|1\n|-boost|p1a: buge|spd|1\n|-boost|p1a: buge|spe|1\n|move|p2a: Hail Satan|Bolt Beak|p1a: buge\n|-damage|p1a: buge|59\/100\n|\n|-damage|p2a: Hail Satan|88\/100 brn|[from] brn\n|upkeep\n|turn|9\n|c| troubadour9|this is a crazy game\n|c| plague070|omega huge\n|c| xaviersobased|the burn is hear\n|c| stepback wemby|gg\n|c| xaviersobased|here\n|c| jonglobobe|Some luck for once\n|\n|t:|1700023961\n|switch|p2a: Auntie Diaries|Gliscor, F|100\/100\n|move|p1a: buge|Roost|p1a: buge\n|-heal|p1a: buge|100\/100\n|-singleturn|p1a: buge|move: Roost\n|\n|-sideend|p2: Megakid20|move: Aurora Veil\n|-status|p2a: Auntie Diaries|tox|[from] item: Toxic Orb\n|upkeep\n|turn|10\n|c| troubadour9|aaron gordon buzzer beayer from the logo to tie\n|c| xaviersobased|i told U J you just had to manifest the luck\n|c| stepback wemby|lemme tune in\n|c| stepback wemby|to clip nug\n|c| troubadour9|dude\n|c| troubadour9|its insane\n|c| troubadour9|pg is back\n|\n|t:|1700023989\n|move|p1a: buge|Flamethrower|p2a: Auntie Diaries\n|-damage|p2a: Auntie Diaries|16\/100 tox\n|move|p2a: Auntie Diaries|Toxic|p1a: buge\n|-status|p1a: buge|tox\n|\n|-damage|p1a: buge|94\/100 tox|[from] psn\n|-heal|p2a: Auntie Diaries|29\/100 tox|[from] ability: Poison Heal\n|upkeep\n|turn|11\n|c| jonglobobe|troubadour9 lemme get urshifu\n|c| plague070|ahhhh\n|inactive|Battle timer is ON: inactive players will automatically lose when time's up. (requested by kensei4k)\n|c| xaviersobased|how about we cook a 3 way trade\n|c| plague070|lemme in on this trade bruh\n|c| xaviersobased|with me and jim sharing custody of Urshifu\n|c| troubadour9|i dont want manaphy\n|c| plague070|now who said anything abt that\n|c| xaviersobased|dont worry. I will Trade you tangrowth\n|inactive|Megakid20 has 270 seconds left.\n|c| jonglobobe|nobody said anything about manaphy\n|c| plague070|^\n|\n|t:|1700024046\n|switch|p1a: ball like a laker|Latios, M|100\/100\n|switch|p2a: Hail Satan|Arctozolt, shiny|88\/100 brn\n|\n|-damage|p2a: Hail Satan|82\/100 brn|[from] brn\n|upkeep\n|turn|12\n|c| troubadour9|who then man\n|c| jonglobobe|who u want\n|c| stepback wemby|can someone take hoo[pa unbound man\n|c| stepback wemby|its ou\n|c|\u2606Megakid20|dude\n|c| xaviersobased|Yo\n|c|\u2606Megakid20|is this chat\n|c| jonglobobe|azumarill?\n|c|\u2606Megakid20|the trade market?\n|c| homixide poopoo|glimmora on the block\n|\n|t:|1700024072\n|switch|p1a: Kevon Looney|Deoxys-Defense|100\/100\n|-ability|p1a: Kevon Looney|Pressure\n|move|p2a: Hail Satan|Blizzard|p1a: Kevon Looney|[miss]\n|-miss|p2a: Hail Satan|p1a: Kevon Looney\n|\n|-damage|p2a: Hail Satan|76\/100 brn|[from] brn\n|upkeep\n|turn|13\n|c| plague070|lemme get glimm.\n|\n|t:|1700024085\n|switch|p2a: Auntie Diaries|Gliscor, F|29\/100 tox\n|move|p1a: Kevon Looney|Cosmic Power|p1a: Kevon Looney\n|-boost|p1a: Kevon Looney|def|1\n|-boost|p1a: Kevon Looney|spd|1\n|\n|-heal|p2a: Auntie Diaries|41\/100 tox|[from] ability: Poison Heal\n|upkeep\n|turn|14\n|c| homixide poopoo|for what\n|c| stepback wemby|lemme get blaceph @plague\n|\n|t:|1700024092\n|move|p1a: Kevon Looney|Taunt|p2a: Auntie Diaries\n|-start|p2a: Auntie Diaries|move: Taunt\n|cant|p2a: Auntie Diaries|move: Taunt|Toxic\n|\n|-heal|p2a: Auntie Diaries|53\/100 tox|[from] ability: Poison Heal\n|upkeep\n|turn|15\n|c| plague070|naw\n|c| troubadour9|dude jim whats the best you offer\n|\n|t:|1700024100\n|move|p1a: Kevon Looney|Cosmic Power|p1a: Kevon Looney\n|-boost|p1a: Kevon Looney|def|1\n|-boost|p1a: Kevon Looney|spd|1\n|move|p2a: Auntie Diaries|Earthquake|p1a: Kevon Looney\n|-damage|p1a: Kevon Looney|88\/100\n|-enditem|p1a: Kevon Looney|Red Card|[of] p2a: Auntie Diaries\n|drag|p2a: Hail Satan|Arctozolt, shiny|76\/100 brn\n|\n|-damage|p2a: Hail Satan|69\/100 brn|[from] brn\n|upkeep\n|turn|16\n|c| plague070|i like blaceph\n|c| homixide poopoo|ill give u glimm for blaceph\n|\n|t:|1700024111\n|switch|p2a: Auntie Diaries|Gliscor, F|53\/100 tox\n|move|p1a: Kevon Looney|Cosmic Power|p1a: Kevon Looney\n|-boost|p1a: Kevon Looney|def|1\n|-boost|p1a: Kevon Looney|spd|1\n|\n|-heal|p2a: Auntie Diaries|66\/100 tox|[from] ability: Poison Heal\n|upkeep\n|turn|17\n|c| plague070|i dont want to give up blaceph tho\n|c| stepback wemby|i do believe the game has just concluded\n|c| xaviersobased|what if we did zoaoark for hooper\n|\n|t:|1700024117\n|move|p1a: Kevon Looney|Taunt|p2a: Auntie Diaries\n|-start|p2a: Auntie Diaries|move: Taunt\n|move|p2a: Auntie Diaries|Earthquake|p1a: Kevon Looney\n|-damage|p1a: Kevon Looney|79\/100\n|\n|-heal|p2a: Auntie Diaries|78\/100 tox|[from] ability: Poison Heal\n|upkeep\n|turn|18\n|\n|t:|1700024122\n|move|p1a: Kevon Looney|Night Shade|p2a: Auntie Diaries\n|-damage|p2a: Auntie Diaries|50\/100 tox\n|move|p2a: Auntie Diaries|Earthquake|p1a: Kevon Looney\n|-damage|p1a: Kevon Looney|70\/100\n|\n|-heal|p2a: Auntie Diaries|63\/100 tox|[from] ability: Poison Heal\n|upkeep\n|turn|19\n|c| jonglobobe|enamorus or tornadus theorian\n|c| Keykard|oh sht the night shade\n|c| troubadour9|ull do enam?\n|c| stepback wemby|xavier\n|c| stepback wemby|be so serious\n|c| stepback wemby|no\n|\n|t:|1700024145\n|switch|p2a: Mortal Man|Rotom-Heat, shiny|55\/100\n|move|p1a: Kevon Looney|Cosmic Power|p1a: Kevon Looney\n|-boost|p1a: Kevon Looney|def|1\n|-boost|p1a: Kevon Looney|spd|1\n|\n|upkeep\n|turn|20\n|c| plague070|yo jim\n|c| jonglobobe|i might\n|c| xaviersobased|what U mean man\n|c| plague070|after this game\n|c| plague070|lets\n|c| plague070|vc\n|\n|t:|1700024152\n|move|p1a: Kevon Looney|Recover|p1a: Kevon Looney\n|-heal|p1a: Kevon Looney|100\/100\n|move|p2a: Mortal Man|Toxic|p1a: Kevon Looney\n|-status|p1a: Kevon Looney|tox\n|\n|-damage|p1a: Kevon Looney|95\/100 tox|[from] psn\n|upkeep\n|turn|21\n|c| plague070|i need to talk t u.\n|c| troubadour9|nah\n|c| xaviersobased|u can play devious tricks with Zoro\n|c|\u2606kensei4k|i knew it\n|c|\u2606kensei4k|fack\n|c|\u2606Megakid20|yessir\n|c| stepback wemby|no\n|c| troubadour9|thats not a good trade\n|\n|t:|1700024164\n|move|p1a: Kevon Looney|Night Shade|p2a: Mortal Man\n|-damage|p2a: Mortal Man|22\/100\n|move|p2a: Mortal Man|Volt Switch|p1a: Kevon Looney\n|-damage|p1a: Kevon Looney|88\/100 tox\n|\n|t:|1700024170\n|switch|p2a: Auntie Diaries|Gliscor, F|63\/100 tox|[from] Volt Switch\n|\n|-damage|p1a: Kevon Looney|76\/100 tox|[from] psn\n|-heal|p2a: Auntie Diaries|75\/100 tox|[from] ability: Poison Heal\n|upkeep\n|turn|22\n|\n|t:|1700024173\n|move|p1a: Kevon Looney|Taunt|p2a: Auntie Diaries\n|-start|p2a: Auntie Diaries|move: Taunt\n|cant|p2a: Auntie Diaries|move: Taunt|Roost\n|\n|-damage|p1a: Kevon Looney|59\/100 tox|[from] psn\n|-heal|p2a: Auntie Diaries|87\/100 tox|[from] ability: Poison Heal\n|upkeep\n|turn|23\n|c| xaviersobased|u lowkey need that think about It\n|\n|t:|1700024177\n|switch|p1a: ball like a laker|Latios, M|100\/100\n|move|p2a: Auntie Diaries|Earthquake|p1a: ball like a laker\n|-immune|p1a: ball like a laker|[from] ability: Levitate\n|\n|-heal|p2a: Auntie Diaries|99\/100 tox|[from] ability: Poison Heal\n|upkeep\n|turn|24\n|c| plague070|this dude got toxic on all his mons lmfao\n|\n|t:|1700024181\n|switch|p2a: Hail Satan|Arctozolt, shiny|69\/100 brn\n|move|p1a: ball like a laker|Trick|p2a: Hail Satan\n|-activate|p1a: ball like a laker|move: Trick|[of] p2a: Hail Satan\n|-item|p2a: Hail Satan|Pecha Berry|[from] move: Trick\n|-item|p1a: ball like a laker|Occa Berry|[from] move: Trick\n|\n|-damage|p2a: Hail Satan|63\/100 brn|[from] brn\n|upkeep\n|turn|25\n|c| xaviersobased|OU is just a construct\n|c| jonglobobe|u dont liek tornado therian\n|c|\u2606kensei4k|LMFAOO\n|c|\u2606Megakid20|pecha berry?\n|c|\u2606Megakid20|what\n|c|\u2606Megakid20|LMAOOO\n|c|\u2606Megakid20|wait\n|c| stepback wemby|?\n|c| homixide poopoo|LMFAO\n|c| plague070|LMFAO\n|c|\u2606kensei4k|u like berries so much man\n|c| stepback wemby|LMFAO\n|c|\u2606Megakid20|ok\n|c|\u2606Megakid20|ude\n|c|\u2606kensei4k|so i wanted to give one to u\n|c| jonglobobe|LMFAOOOOOOOOOO\n|c|\u2606Megakid20|issue with that\n|c| stepback wemby|IT STILL HAS THE ORB\n|inactive|kensei4k has 270 seconds left.\n|c| stepback wemby|EVEN IF U HEAL IT\n|c| troubadour9|TUCKER DRILLED 2 THREES\n|c|\u2606kensei4k|ill show full set list.\n|c| xaviersobased|dude is this guy a hunter gatherer\n|c|\u2606kensei4k|ull see what my plan was.\n|c| xaviersobased|collecting berrires for the tribe\n|c| stepback wemby|buddy brought an occa berry\n|\n|t:|1700024234\n|switch|p1a: CEO|Mawile, F|100\/100\n|-ability|p1a: CEO|Intimidate|boost\n|-unboost|p2a: Hail Satan|atk|1\n|move|p2a: Hail Satan|Blizzard|p1a: CEO\n|-resisted|p1a: CEO\n|-damage|p1a: CEO|62\/100\n|\n|-damage|p2a: Hail Satan|57\/100 brn|[from] brn\n|upkeep\n|turn|26\n|c| stepback wemby|im dead\n|\n|t:|1700024248\n|switch|p2a: Auntie Diaries|Gliscor, F|99\/100 tox\n|detailschange|p1a: CEO|Mawile-Mega, F\n|-mega|p1a: CEO|Mawile|Mawilite\n|move|p1a: CEO|Power-Up Punch|p2a: Auntie Diaries\n|-resisted|p2a: Auntie Diaries\n|-damage|p2a: Auntie Diaries|91\/100 tox\n|-boost|p1a: CEO|atk|1\n|\n|-heal|p2a: Auntie Diaries|100\/100 tox|[from] ability: Poison Heal\n|upkeep\n|turn|27\n|c|\u2606kensei4k|!dt occa berry\n|raw|<ul class=\"utilichart\"><li class=\"result\"><span class=\"col itemiconcol\"><psicon item=\"occaberry\"><\/span> <span class=\"col namecol\"><a href=\"https:\/\/dex.pokemonshowdown.com\/items\/occaberry\">Occa Berry<\/a><\/span> <span class=\"col itemdesccol\">Halves damage taken from a supereffective Fire-type attack. Single use.<\/span> <\/li><li style=\"clear:both\"><\/li><\/ul>\n|raw|<font size=\"1\"><font color=\"#686868\">Gen:<\/font> 4&nbsp;|&ThickSpace;<font color=\"#686868\">Fling Base Power:<\/font> 10&nbsp;|&ThickSpace;<font color=\"#686868\">Fling Effect:<\/font> Activates the Berry's effect on the target.&nbsp;|&ThickSpace;<font color=\"#686868\">Natural Gift Type:<\/font> Fire&nbsp;|&ThickSpace;<font color=\"#686868\">Natural Gift Base Power:<\/font> 80<\/font>\n\n|inactive|Megakid20 has 270 seconds left.\n|c| troubadour9|what will megawah do he cant toxic this guy\n|\n|t:|1700024293\n|switch|p2a: Hail Satan|Arctozolt, shiny|57\/100 brn\n|move|p1a: CEO|Ice Punch|p2a: Hail Satan\n|-resisted|p2a: Hail Satan\n|-crit|p2a: Hail Satan\n|-damage|p2a: Hail Satan|0 fnt\n|faint|p2a: Hail Satan\n|\n|upkeep\n|\n|t:|1700024306\n|switch|p2a: Crankenstein|Ninetales-Alola, M, shiny|1\/100\n|-weather|Snow|[from] ability: Snow Warning|[of] p2a: Crankenstein\n|turn|28\n|\n|t:|1700024312\n|move|p2a: Crankenstein|Aurora Veil|p2a: Crankenstein\n|-sidestart|p2: Megakid20|move: Aurora Veil\n|move|p1a: CEO|Power-Up Punch|p2a: Crankenstein\n|-damage|p2a: Crankenstein|0 fnt\n|-boost|p1a: CEO|atk|1\n|faint|p2a: Crankenstein\n|\n|-weather|Snow|[upkeep]\n|upkeep\n|c| Keykard|please ban those types of berries\n|\n|t:|1700024317\n|switch|p2a: Father Time|Dragonite, F|100\/100\n|turn|29\n|c| xaviersobased|oh No\n|c| xaviersobased|the veil is here\n|inactive|Megakid20 has 270 seconds left.\n|\n|t:|1700024326\n|switch|p1a: ball like a laker|Latios, M|100\/100\n|-terastallize|p2a: Father Time|Normal\n|move|p2a: Father Time|Dragon Dance|p2a: Father Time\n|-boost|p2a: Father Time|atk|1\n|-boost|p2a: Father Time|spe|1\n|\n|-weather|Snow|[upkeep]\n|upkeep\n|turn|30\n|c| plague070|shittttt\n|c| xaviersobased|its joever\n|inactive|kensei4k has 270 seconds left.\n|\n|t:|1700024356\n|switch|p1a: yah mean|Kyurem|24\/100\n|-ability|p1a: yah mean|Pressure\n|move|p2a: Father Time|Ice Spinner|p1a: yah mean\n|-damage|p1a: yah mean|0 fnt\n|faint|p1a: yah mean\n|\n|-weather|Snow|[upkeep]\n|upkeep\n|\n|t:|1700024366\n|switch|p1a: Tar Corleone|Tyranitar, F, shiny|100\/100\n|-ability|p1a: Tar Corleone|Unnerve\n|turn|31\n|c| stepback wemby|dude he brought unnerve\n|c|\u2606Megakid20|this boy got unnerve??\n|c| stepback wemby|so mega couldnt eat berries\n|c| stepback wemby|im dead\n|\n|t:|1700024381\n|move|p2a: Father Time|Earthquake|p1a: Tar Corleone\n|-supereffective|p1a: Tar Corleone\n|-damage|p1a: Tar Corleone|10\/100\n|move|p1a: Tar Corleone|Thunder Wave|p2a: Father Time\n|-status|p2a: Father Time|par\n|\n|-weather|Snow|[upkeep]\n|upkeep\n|turn|32\n|inactive|kensei4k has 270 seconds left.\n|c| plague070|ok.\n|\n|t:|1700024387\n|move|p2a: Father Time|Extreme Speed|p1a: Tar Corleone\n|-resisted|p1a: Tar Corleone\n|-damage|p1a: Tar Corleone|0 fnt\n|-enditem|p2a: Father Time|Lum Berry|[eat]\n|-curestatus|p2a: Father Time|par|[msg]\n|faint|p1a: Tar Corleone\n|\n|-weather|none\n|upkeep\n|\n|t:|1700024390\n|switch|p1a: buge|Volcarona, M|94\/100 tox\n|turn|33\n|c| plague070|bro\n|c| plague070|LMFAO\n|\n|t:|1700024395\n|-terastallize|p1a: buge|Ghost\n|move|p2a: Father Time|Extreme Speed|p1a: buge\n|-immune|p1a: buge\n|move|p1a: buge|Quiver Dance|p1a: buge\n|-boost|p1a: buge|spa|1\n|-boost|p1a: buge|spd|1\n|-boost|p1a: buge|spe|1\n|\n|-damage|p1a: buge|88\/100 tox|[from] psn\n|upkeep\n|turn|34\n|c| jonglobobe|LMFAOOOO\n|c| stepback wemby|:sob:\n|c| Keykard|dude\n|c| xaviersobased|the Berry metagame needs to be studied\n|c| troubadour9|NO WAY\n|\n|t:|1700024401\n|move|p1a: buge|Quiver Dance|p1a: buge\n|-boost|p1a: buge|spa|1\n|-boost|p1a: buge|spd|1\n|-boost|p1a: buge|spe|1\n|move|p2a: Father Time|Earthquake|p1a: buge\n|-damage|p1a: buge|0 fnt\n|faint|p1a: buge\n|\n|upkeep\n|c| plague070|yo??\n|c| plague070|DUDE\n|c|\u2606kensei4k|gg\n|c|\u2606Megakid20|gg\n|c|\u2606Megakid20|the berry metagame\n|c| xaviersobased|INSANE tera to cut the lead to 44 points\n|inactive|kensei4k has 270 seconds left.\n|l| jonglobobe\n|c|\u2606Megakid20|dude i said\n|\n|t:|1700024443\n|switch|p1a: ball like a laker|Latios, M|100\/100\n|turn|35\n|c|\u2606Megakid20|\"if j brings ghost he's the goat\"\n|\n|t:|1700024449\n|move|p2a: Father Time|Ice Spinner|p1a: ball like a laker\n|-supereffective|p1a: ball like a laker\n|-crit|p1a: ball like a laker\n|-damage|p1a: ball like a laker|0 fnt\n|faint|p1a: ball like a laker\n|\n|-sideend|p2: Megakid20|move: Aurora Veil\n|upkeep\n|\n|t:|1700024455\n|switch|p1a: Kevon Looney|Deoxys-Defense|59\/100 tox\n|-ability|p1a: Kevon Looney|Pressure\n|turn|36\n|c|\u2606Megakid20|crit didn't matteer\n|inactive|kensei4k has 270 seconds left.\n|j| jonglobobe\n|\n|t:|1700024463\n|move|p2a: Father Time|Extreme Speed|p1a: Kevon Looney\n|-damage|p1a: Kevon Looney|5\/100 tox\n|move|p1a: Kevon Looney|Recover|p1a: Kevon Looney\n|-heal|p1a: Kevon Looney|55\/100 tox\n|\n|-damage|p1a: Kevon Looney|49\/100 tox|[from] psn\n|upkeep\n|turn|37\n|\n|t:|1700024467\n|move|p2a: Father Time|Extreme Speed|p1a: Kevon Looney\n|-damage|p1a: Kevon Looney|0 fnt\n|faint|p1a: Kevon Looney\n|\n|upkeep\n|\n|t:|1700024471\n|switch|p1a: CEO|Mawile-Mega, F|62\/100\n|turn|38\n|\n|t:|1700024473\n|move|p1a: CEO|Sucker Punch||[still]\n|-fail|p1a: CEO\n|move|p2a: Father Time|Dragon Dance|p2a: Father Time\n|-boost|p2a: Father Time|atk|1\n|-boost|p2a: Father Time|spe|1\n|\n|upkeep\n|turn|39\n|\n|t:|1700024479\n|move|p2a: Father Time|Earthquake|p1a: CEO\n|-supereffective|p1a: CEO\n|-damage|p1a: CEO|0 fnt\n|faint|p1a: CEO\n|\n|win|Megakid20\n|c| stepback wemby|r u gay\n|c|\u2606Megakid20|LMAOO\n","uploadtime":1700024487,"views":8,"p1id":"kensei4k","p2id":"megakid20","formatid":"gen9nationaldex","rating":0,"private":0,"password":""}