{"id":"gen9nationaldex-1991450341","p1":"HitmonGimmeTop","p2":"salpicadura","format":"[Gen 9] National Dex","log":"|j|\u2606HitmonGimmeTop\n|j|\u2606salpicadura\n|t:|1700078145\n|gametype|singles\n|player|p1|HitmonGimmeTop|koga|1643\n|player|p2|salpicadura|fisherman-gen4|1710\n|teamsize|p1|6\n|teamsize|p2|6\n|gen|9\n|tier|[Gen 9] National Dex\n|rated|\n|rule|HP Percentage Mod: HP is shown in percentages\n|rule|Endless Battle Clause: Forcing endless battles is banned\n|rule|OHKO Clause: OHKO moves are banned\n|rule|Evasion Clause: Evasion abilities, items, and moves are banned\n|rule|Evasion Abilities Clause: Evasion abilities are banned\n|rule|Evasion Items Clause: Evasion items are banned\n|rule|Evasion Moves Clause: Evasion moves are banned\n|rule|Species Clause: Limit one of each Pok\u00e9mon\n|rule|Sleep Clause Mod: Limit one foe put to sleep\n|clearpoke\n|poke|p1|Keldeo-Resolute|\n|poke|p1|Kartana|\n|poke|p1|Beedrill, M|\n|poke|p1|Landorus-Therian, M|\n|poke|p1|Kyurem|\n|poke|p1|Zapdos|\n|poke|p2|Kartana|\n|poke|p2|Tapu Koko|\n|poke|p2|Garganacl, F|\n|poke|p2|Gliscor, M|\n|poke|p2|Samurott-Hisui, M|\n|poke|p2|Scizor, M|\n|teampreview\n|\n|t:|1700078166\n|start\n|switch|p1a: Sling|Beedrill, M|100\/100\n|switch|p2a: Gliscor|Gliscor, M|100\/100\n|turn|1\n|\n|t:|1700078174\n|detailschange|p1a: Sling|Beedrill-Mega, M\n|-mega|p1a: Sling|Beedrill|Beedrillite\n|move|p2a: Gliscor|Protect|p2a: Gliscor\n|-singleturn|p2a: Gliscor|Protect\n|move|p1a: Sling|Knock Off|p2a: Gliscor\n|-activate|p2a: Gliscor|move: Protect\n|\n|-status|p2a: Gliscor|tox|[from] item: Toxic Orb\n|upkeep\n|turn|2\n|\n|t:|1700078206\n|move|p1a: Sling|U-turn|p2a: Gliscor\n|-resisted|p2a: Gliscor\n|-damage|p2a: Gliscor|79\/100 tox\n|\n|t:|1700078211\n|switch|p1a: Enten|Landorus-Therian, M|100\/100|[from] U-turn\n|-ability|p1a: Enten|Intimidate|boost\n|-unboost|p2a: Gliscor|atk|1\n|move|p2a: Gliscor|Toxic|p1a: Enten\n|-status|p1a: Enten|tox\n|\n|-heal|p2a: Gliscor|92\/100 tox|[from] ability: Poison Heal\n|-damage|p1a: Enten|94\/100 tox|[from] psn\n|upkeep\n|turn|3\n|\n|t:|1700078230\n|move|p2a: Gliscor|Defog|p1a: Enten\n|-unboost|p1a: Enten|evasion|1\n|move|p1a: Enten|Stealth Rock|p2a: Gliscor\n|-sidestart|p2: salpicadura|move: Stealth Rock\n|\n|-heal|p2a: Gliscor|100\/100 tox|[from] ability: Poison Heal\n|-damage|p1a: Enten|82\/100 tox|[from] psn\n|upkeep\n|turn|4\n|\n|t:|1700078236\n|switch|p1a: A$AP|Keldeo-Resolute|100\/100\n|move|p2a: Gliscor|Defog|p1a: A$AP\n|-unboost|p1a: A$AP|evasion|1\n|-sideend|p2: salpicadura|Stealth Rock|[from] move: Defog|[of] p2a: Gliscor\n|\n|upkeep\n|turn|5\n|\n|t:|1700078242\n|-terastallize|p1a: A$AP|Water\n|move|p2a: Gliscor|Protect|p2a: Gliscor\n|-singleturn|p2a: Gliscor|Protect\n|move|p1a: A$AP|Hydro Pump|p2a: Gliscor\n|-activate|p2a: Gliscor|move: Protect\n|\n|upkeep\n|turn|6\n|j| Aziz Le Bledart\n|\n|t:|1700078248\n|-terastallize|p2a: Gliscor|Water\n|move|p1a: A$AP|Hydro Pump|p2a: Gliscor\n|-resisted|p2a: Gliscor\n|-damage|p2a: Gliscor|53\/100 tox\n|move|p2a: Gliscor|Toxic|p1a: A$AP\n|-status|p1a: A$AP|tox\n|\n|-damage|p1a: A$AP|94\/100 tox|[from] psn\n|-heal|p2a: Gliscor|65\/100 tox|[from] ability: Poison Heal\n|upkeep\n|turn|7\n|l| Aziz Le Bledart\n|\n|t:|1700078255\n|switch|p1a: Inevitable|Kartana|100\/100\n|move|p2a: Gliscor|Protect||[still]\n|-fail|p2a: Gliscor\n|\n|-heal|p2a: Gliscor|78\/100 tox|[from] ability: Poison Heal\n|upkeep\n|turn|8\n|j| Toon_13\n|\n|t:|1700078263\n|move|p2a: Gliscor|Protect|p2a: Gliscor\n|-singleturn|p2a: Gliscor|Protect\n|move|p1a: Inevitable|Swords Dance|p1a: Inevitable\n|-boost|p1a: Inevitable|atk|2\n|\n|-heal|p2a: Gliscor|90\/100 tox|[from] ability: Poison Heal\n|upkeep\n|turn|9\n|\n|t:|1700078269\n|switch|p2a: Scizor|Scizor, M|100\/100\n|move|p1a: Inevitable|Knock Off|p2a: Scizor\n|-damage|p2a: Scizor|47\/100\n|-damage|p1a: Inevitable|91\/100|[from] item: Life Orb\n|\n|upkeep\n|turn|10\n|\n|t:|1700078275\n|detailschange|p2a: Scizor|Scizor-Mega, M\n|-mega|p2a: Scizor|Scizor|Scizorite\n|move|p2a: Scizor|Bullet Punch|p1a: Inevitable\n|-resisted|p1a: Inevitable\n|-damage|p1a: Inevitable|74\/100\n|move|p1a: Inevitable|Knock Off|p2a: Scizor\n|-damage|p2a: Scizor|7\/100\n|-damage|p1a: Inevitable|64\/100|[from] item: Life Orb\n|\n|upkeep\n|turn|11\n|\n|t:|1700078285\n|move|p2a: Scizor|Bullet Punch|p1a: Inevitable\n|-resisted|p1a: Inevitable\n|-damage|p1a: Inevitable|49\/100\n|move|p1a: Inevitable|Synthesis|p1a: Inevitable\n|-heal|p1a: Inevitable|99\/100\n|\n|upkeep\n|turn|12\n|\n|t:|1700078290\n|move|p2a: Scizor|Bullet Punch|p1a: Inevitable\n|-resisted|p1a: Inevitable\n|-damage|p1a: Inevitable|84\/100\n|move|p1a: Inevitable|Knock Off|p2a: Scizor\n|-damage|p2a: Scizor|0 fnt\n|faint|p2a: Scizor\n|-ability|p1a: Inevitable|Beast Boost|boost\n|-boost|p1a: Inevitable|atk|1\n|-damage|p1a: Inevitable|74\/100|[from] item: Life Orb\n|\n|upkeep\n|\n|t:|1700078292\n|switch|p2a: Tapu Koko|Tapu Koko|100\/100\n|-fieldstart|move: Electric Terrain|[from] ability: Electric Surge|[of] p2a: Tapu Koko\n|turn|13\n|j| ilovelaur\n|\n|t:|1700078298\n|switch|p1a: Enten|Landorus-Therian, M|82\/100 tox\n|-ability|p1a: Enten|Intimidate|boost\n|-unboost|p2a: Tapu Koko|atk|1\n|-zpower|p2a: Tapu Koko\n|move|p2a: Tapu Koko|Twinkle Tackle|p1a: Enten|[zeffect]\n|-damage|p1a: Enten|35\/100 tox\n|\n|-damage|p1a: Enten|29\/100 tox|[from] psn\n|upkeep\n|turn|14\n|\n|t:|1700078331\n|switch|p2a: Kartana|Kartana|100\/100\n|move|p1a: Enten|Earthquake|p2a: Kartana\n|-damage|p2a: Kartana|46\/100\n|\n|-damage|p1a: Enten|17\/100 tox|[from] psn\n|upkeep\n|turn|15\n|\n|t:|1700078338\n|move|p2a: Kartana|Knock Off|p1a: Enten\n|-damage|p1a: Enten|0 fnt\n|-damage|p2a: Kartana|29\/100|[from] item: Rocky Helmet|[of] p1a: Enten\n|-enditem|p1a: Enten|Rocky Helmet|[from] move: Knock Off|[of] p2a: Kartana\n|faint|p1a: Enten\n|-ability|p2a: Kartana|Beast Boost|boost\n|-boost|p2a: Kartana|atk|1\n|\n|upkeep\n|\n|t:|1700078346\n|switch|p1a: Luck|Zapdos|100\/100\n|turn|16\n|\n|t:|1700078352\n|switch|p2a: Garganacl|Garganacl, F|100\/100\n|move|p1a: Luck|Discharge|p2a: Garganacl\n|-damage|p2a: Garganacl|79\/100\n|\n|-heal|p2a: Garganacl|85\/100|[from] item: Leftovers\n|upkeep\n|turn|17\n|l| Toon_13\n|\n|t:|1700078360\n|switch|p1a: A$AP|Keldeo-Resolute, tera:Water|94\/100 tox\n|move|p2a: Garganacl|Stealth Rock|p1a: A$AP\n|-sidestart|p1: HitmonGimmeTop|move: Stealth Rock\n|\n|-heal|p2a: Garganacl|91\/100|[from] item: Leftovers\n|-damage|p1a: A$AP|88\/100 tox|[from] psn\n|-fieldend|move: Electric Terrain\n|upkeep\n|turn|18\n|\n|t:|1700078363\n|move|p2a: Garganacl|Protect|p2a: Garganacl\n|-singleturn|p2a: Garganacl|Protect\n|move|p1a: A$AP|Hydro Pump|p2a: Garganacl\n|-activate|p2a: Garganacl|move: Protect\n|\n|-heal|p2a: Garganacl|97\/100|[from] item: Leftovers\n|-damage|p1a: A$AP|76\/100 tox|[from] psn\n|upkeep\n|turn|19\n|\n|t:|1700078365\n|switch|p2a: Gliscor|Gliscor, M, tera:Water|90\/100 tox\n|move|p1a: A$AP|Hydro Pump|p2a: Gliscor\n|-resisted|p2a: Gliscor\n|-damage|p2a: Gliscor|42\/100 tox\n|\n|-damage|p1a: A$AP|57\/100 tox|[from] psn\n|-heal|p2a: Gliscor|55\/100 tox|[from] ability: Poison Heal\n|upkeep\n|turn|20\n|j| YJLF\n|\n|t:|1700078374\n|switch|p1a: Luck|Zapdos|100\/100\n|move|p2a: Gliscor|Earthquake|p1a: Luck\n|-immune|p1a: Luck\n|\n|-heal|p2a: Gliscor|67\/100 tox|[from] ability: Poison Heal\n|upkeep\n|turn|21\n|\n|t:|1700078378\n|move|p2a: Gliscor|Protect|p2a: Gliscor\n|-singleturn|p2a: Gliscor|Protect\n|move|p1a: Luck|Defog|p2a: Gliscor\n|-activate|p2a: Gliscor|move: Protect\n|\n|-heal|p2a: Gliscor|80\/100 tox|[from] ability: Poison Heal\n|upkeep\n|turn|22\n|\n|t:|1700078389\n|move|p1a: Luck|Defog|p2a: Gliscor\n|-unboost|p2a: Gliscor|evasion|1\n|-sideend|p1: HitmonGimmeTop|Stealth Rock|[from] move: Defog|[of] p1a: Luck\n|move|p2a: Gliscor|Toxic|p1a: Luck\n|-status|p1a: Luck|tox\n|\n|-damage|p1a: Luck|94\/100 tox|[from] psn\n|-heal|p2a: Gliscor|92\/100 tox|[from] ability: Poison Heal\n|upkeep\n|turn|23\n|\n|t:|1700078399\n|switch|p1a: Drago|Kyurem|100\/100\n|-ability|p1a: Drago|Pressure\n|switch|p2a: Garganacl|Garganacl, F|97\/100\n|\n|-heal|p2a: Garganacl|100\/100|[from] item: Leftovers\n|upkeep\n|turn|24\n|\n|t:|1700078416\n|move|p1a: Drago|Earth Power|p2a: Garganacl\n|-supereffective|p2a: Garganacl\n|-damage|p2a: Garganacl|55\/100\n|move|p2a: Garganacl|Stealth Rock|p1a: Drago\n|-sidestart|p1: HitmonGimmeTop|move: Stealth Rock\n|\n|-heal|p2a: Garganacl|62\/100|[from] item: Leftovers\n|upkeep\n|turn|25\n|\n|t:|1700078422\n|switch|p1a: Inevitable|Kartana|74\/100\n|-damage|p1a: Inevitable|68\/100|[from] Stealth Rock\n|move|p2a: Garganacl|Protect||[still]\n|-fail|p2a: Garganacl\n|\n|-heal|p2a: Garganacl|68\/100|[from] item: Leftovers\n|upkeep\n|turn|26\n|\n|t:|1700078436\n|switch|p2a: Tapu Koko|Tapu Koko|100\/100\n|-fieldstart|move: Electric Terrain|[from] ability: Electric Surge|[of] p2a: Tapu Koko\n|move|p1a: Inevitable|Knock Off|p2a: Tapu Koko\n|-resisted|p2a: Tapu Koko\n|-crit|p2a: Tapu Koko\n|-damage|p2a: Tapu Koko|60\/100\n|-damage|p1a: Inevitable|58\/100|[from] item: Life Orb\n|\n|upkeep\n|turn|27\n|\n|t:|1700078445\n|switch|p1a: Luck|Zapdos|94\/100 tox\n|move|p2a: Tapu Koko|Volt Switch|p1a: Luck\n|-damage|p1a: Luck|60\/100 tox\n|\n|t:|1700078455\n|switch|p2a: Garganacl|Garganacl, F|68\/100|[from] Volt Switch\n|\n|-heal|p2a: Garganacl|74\/100|[from] item: Leftovers\n|-damage|p1a: Luck|53\/100 tox|[from] psn\n|upkeep\n|turn|28\n|\n|t:|1700078462\n|move|p1a: Luck|Defog|p2a: Garganacl\n|-unboost|p2a: Garganacl|evasion|1\n|-sideend|p1: HitmonGimmeTop|Stealth Rock|[from] move: Defog|[of] p1a: Luck\n|-fieldend|move: Electric Terrain\n|move|p2a: Garganacl|Salt Cure|p1a: Luck\n|-supereffective|p1a: Luck\n|-damage|p1a: Luck|33\/100 tox\n|-start|p1a: Luck|Salt Cure\n|\n|-heal|p2a: Garganacl|80\/100|[from] item: Leftovers\n|-damage|p1a: Luck|21\/100 tox|[from] psn\n|-damage|p1a: Luck|8\/100 tox|[from] Salt Cure\n|upkeep\n|turn|29\n|\n|t:|1700078469\n|switch|p1a: Inevitable|Kartana|58\/100\n|move|p2a: Garganacl|Stealth Rock|p1a: Inevitable\n|-sidestart|p1: HitmonGimmeTop|move: Stealth Rock\n|\n|-heal|p2a: Garganacl|86\/100|[from] item: Leftovers\n|upkeep\n|turn|30\n|\n|t:|1700078481\n|switch|p2a: Tapu Koko|Tapu Koko|60\/100\n|-fieldstart|move: Electric Terrain|[from] ability: Electric Surge|[of] p2a: Tapu Koko\n|move|p1a: Inevitable|Leaf Blade|p2a: Tapu Koko\n|-damage|p2a: Tapu Koko|0 fnt\n|faint|p2a: Tapu Koko\n|-ability|p1a: Inevitable|Beast Boost|boost\n|-boost|p1a: Inevitable|atk|1\n|-damage|p1a: Inevitable|49\/100|[from] item: Life Orb\n|\n|upkeep\n|\n|t:|1700078484\n|switch|p2a: Kartana|Kartana|29\/100\n|turn|31\n|\n|t:|1700078489\n|switch|p1a: Luck|Zapdos|8\/100 tox\n|move|p2a: Kartana|Sacred Sword|p1a: Luck\n|-resisted|p1a: Luck\n|-damage|p1a: Luck|0 fnt\n|-status|p2a: Kartana|par|[from] ability: Static|[of] p1a: Luck\n|faint|p1a: Luck\n|-ability|p2a: Kartana|Beast Boost|boost\n|-boost|p2a: Kartana|atk|1\n|\n|upkeep\n|\n|t:|1700078501\n|switch|p1a: Sling|Beedrill-Mega, M|100\/100\n|-damage|p1a: Sling|76\/100|[from] Stealth Rock\n|turn|32\n|\n|t:|1700078514\n|move|p1a: Sling|U-turn|p2a: Kartana\n|-damage|p2a: Kartana|0 fnt\n|faint|p2a: Kartana\n|\n|t:|1700078526\n|switch|p1a: Drago|Kyurem|100\/100|[from] U-turn\n|-damage|p1a: Drago|76\/100|[from] Stealth Rock\n|-ability|p1a: Drago|Pressure\n|\n|upkeep\n|\n|t:|1700078542\n|switch|p2a: Samurott|Samurott-Hisui, M|100\/100\n|turn|33\n|\n|t:|1700078546\n|move|p1a: Drago|Freeze-Dry|p2a: Samurott\n|-supereffective|p2a: Samurott\n|-damage|p2a: Samurott|22\/100\n|move|p2a: Samurott|Ceaseless Edge|p1a: Drago\n|-damage|p1a: Drago|30\/100\n|-sidestart|p1: HitmonGimmeTop|Spikes\n|\n|upkeep\n|turn|34\n|\n|t:|1700078552\n|move|p2a: Samurott|Sucker Punch|p1a: Drago\n|-damage|p1a: Drago|0 fnt\n|faint|p1a: Drago\n|\n|-fieldend|move: Electric Terrain\n|upkeep\n|\n|t:|1700078559\n|switch|p1a: A$AP|Keldeo-Resolute, tera:Water|57\/100 tox\n|-damage|p1a: A$AP|45\/100 tox|[from] Stealth Rock\n|-damage|p1a: A$AP|32\/100 tox|[from] Spikes\n|turn|35\n|\n|t:|1700078563\n|switch|p2a: Gliscor|Gliscor, M, tera:Water|92\/100 tox\n|move|p1a: A$AP|Secret Sword|p2a: Gliscor\n|-damage|p2a: Gliscor|44\/100 tox\n|\n|-damage|p1a: A$AP|26\/100 tox|[from] psn\n|-heal|p2a: Gliscor|57\/100 tox|[from] ability: Poison Heal\n|upkeep\n|turn|36\n|\n|t:|1700078568\n|move|p2a: Gliscor|Protect|p2a: Gliscor\n|-singleturn|p2a: Gliscor|Protect\n|move|p1a: A$AP|Secret Sword|p2a: Gliscor\n|-activate|p2a: Gliscor|move: Protect\n|\n|-damage|p1a: A$AP|14\/100 tox|[from] psn\n|-heal|p2a: Gliscor|69\/100 tox|[from] ability: Poison Heal\n|upkeep\n|turn|37\n|\n|t:|1700078573\n|move|p2a: Gliscor|Protect||[still]\n|-fail|p2a: Gliscor\n|move|p1a: A$AP|Secret Sword|p2a: Gliscor\n|-damage|p2a: Gliscor|15\/100 tox\n|\n|-damage|p1a: A$AP|0 fnt|[from] psn\n|faint|p1a: A$AP\n|-heal|p2a: Gliscor|27\/100 tox|[from] ability: Poison Heal\n|upkeep\n|\n|t:|1700078579\n|switch|p1a: Inevitable|Kartana|49\/100\n|-damage|p1a: Inevitable|43\/100|[from] Stealth Rock\n|-damage|p1a: Inevitable|30\/100|[from] Spikes\n|turn|38\n|\n|t:|1700078582\n|move|p1a: Inevitable|Synthesis|p1a: Inevitable\n|-heal|p1a: Inevitable|80\/100\n|move|p2a: Gliscor|Earthquake|p1a: Inevitable\n|-damage|p1a: Inevitable|46\/100\n|\n|-heal|p2a: Gliscor|39\/100 tox|[from] ability: Poison Heal\n|upkeep\n|turn|39\n|\n|t:|1700078587\n|switch|p2a: Garganacl|Garganacl, F|86\/100\n|move|p1a: Inevitable|Synthesis|p1a: Inevitable\n|-heal|p1a: Inevitable|96\/100\n|\n|-heal|p2a: Garganacl|93\/100|[from] item: Leftovers\n|upkeep\n|turn|40\n|\n|t:|1700078590\n|move|p1a: Inevitable|Leaf Blade|p2a: Garganacl\n|-supereffective|p2a: Garganacl\n|-damage|p2a: Garganacl|0 fnt\n|faint|p2a: Garganacl\n|-ability|p1a: Inevitable|Beast Boost|boost\n|-boost|p1a: Inevitable|atk|1\n|-damage|p1a: Inevitable|87\/100|[from] item: Life Orb\n|\n|upkeep\n|c|\u2606HitmonGimmeTop|gg\n|\n|t:|1700078595\n|switch|p2a: Gliscor|Gliscor, M, tera:Water|39\/100 tox\n|turn|41\n|\n|t:|1700078598\n|move|p1a: Inevitable|Leaf Blade|p2a: Gliscor\n|-supereffective|p2a: Gliscor\n|-damage|p2a: Gliscor|0 fnt\n|faint|p2a: Gliscor\n|-ability|p1a: Inevitable|Beast Boost|boost\n|-boost|p1a: Inevitable|atk|1\n|-damage|p1a: Inevitable|77\/100|[from] item: Life Orb\n|\n|upkeep\n|c|\u2606salpicadura|gg\n|\n|t:|1700078601\n|switch|p2a: Samurott|Samurott-Hisui, M|22\/100\n|turn|42\n|\n|t:|1700078605\n|move|p2a: Samurott|Sucker Punch|p1a: Inevitable\n|-damage|p1a: Inevitable|42\/100\n|move|p1a: Inevitable|Leaf Blade|p2a: Samurott\n|-supereffective|p2a: Samurott\n|-damage|p2a: Samurott|0 fnt\n|faint|p2a: Samurott\n|-damage|p1a: Inevitable|33\/100|[from] item: Life Orb\n|\n|win|HitmonGimmeTop\n|raw|HitmonGimmeTop's rating: 1643 &rarr; <strong>1668<\/strong><br \/>(+25 for winning)\n|raw|salpicadura's rating: 1735 &rarr; <strong>1710<\/strong><br \/>(-25 for losing)\n|l| YJLF\n|l|\u2606salpicadura\n","uploadtime":1700078658,"views":5,"p1id":"hitmongimmetop","p2id":"salpicadura","formatid":"gen9nationaldex","rating":1668,"private":0,"password":""}