{"id":"gen9nationaldex-1998691014","p1":"A-Grade","p2":"Lambertedmond","format":"[Gen 9] National Dex","log":"|html|<div class=\"broadcast-blue\"><strong>[Gen 9] National Dex is currently suspecting Sneasler! For information on how to participate check out the <a href=\"https:\/\/www.smogon.com\/forums\/threads\/sv-national-dex-suspect-8-just-dance.3731534\/\">suspect thread<\/a>.<\/strong><\/div>\n|j|\u2606A-Grade\n|j|\u2606Lambertedmond\n|t:|1700973125\n|gametype|singles\n|player|p1|A-Grade|102|1294\n|player|p2|Lambertedmond|pokemonbreeder-gen4|1341\n|teamsize|p1|6\n|teamsize|p2|6\n|gen|9\n|tier|[Gen 9] National Dex\n|rated|\n|rule|HP Percentage Mod: HP is shown in percentages\n|rule|Endless Battle Clause: Forcing endless battles is banned\n|rule|OHKO Clause: OHKO moves are banned\n|rule|Evasion Clause: Evasion abilities, items, and moves are banned\n|rule|Evasion Abilities Clause: Evasion abilities are banned\n|rule|Evasion Items Clause: Evasion items are banned\n|rule|Evasion Moves Clause: Evasion moves are banned\n|rule|Species Clause: Limit one of each Pok\u00e9mon\n|rule|Sleep Clause Mod: Limit one foe put to sleep\n|clearpoke\n|poke|p1|Salamence, M|\n|poke|p1|Tapu Lele|\n|poke|p1|Pelipper, F|\n|poke|p1|Ferrothorn, M|\n|poke|p1|Basculegion, M|\n|poke|p1|Overqwil, M|\n|poke|p2|Gyarados, F|\n|poke|p2|Tornadus-Therian, M|\n|poke|p2|Iron Valiant|\n|poke|p2|Aegislash, M|\n|poke|p2|Clodsire, M|\n|poke|p2|Rillaboom, M|\n|teampreview\n|inactive|Battle timer is ON: inactive players will automatically lose when time's up. (requested by Lambertedmond)\n|\n|t:|1700973162\n|start\n|switch|p1a: Tapu Lele|Tapu Lele|100\/100\n|switch|p2a: Rillaboom|Rillaboom, M|100\/100\n|-fieldstart|move: Psychic Terrain|[from] ability: Psychic Surge|[of] p1a: Tapu Lele\n|-fieldstart|move: Grassy Terrain|[from] ability: Grassy Surge|[of] p2a: Rillaboom\n|turn|1\n|inactive|A-Grade has 120 seconds left.\n|\n|t:|1700973200\n|switch|p1a: Overqwil|Overqwil, M|100\/100\n|move|p2a: Rillaboom|U-turn|p1a: Overqwil\n|-damage|p1a: Overqwil|63\/100\n|\n|t:|1700973212\n|switch|p2a: Clodsire|Clodsire, M|100\/100|[from] U-turn\n|\n|-heal|p1a: Overqwil|69\/100|[from] Grassy Terrain\n|upkeep\n|turn|2\n|\n|t:|1700973221\n|switch|p1a: Pelipper|Pelipper, F|100\/100\n|-weather|RainDance|[from] ability: Drizzle|[of] p1a: Pelipper\n|move|p2a: Clodsire|Spikes|p1a: Pelipper\n|-sidestart|p1: A-Grade|Spikes\n|\n|-weather|RainDance|[upkeep]\n|upkeep\n|turn|3\n|\n|t:|1700973233\n|move|p1a: Pelipper|U-turn|p2a: Clodsire\n|-resisted|p2a: Clodsire\n|-damage|p2a: Clodsire|96\/100\n|\n|t:|1700973239\n|switch|p1a: Basculegion|Basculegion, M|100\/100|[from] U-turn\n|-damage|p1a: Basculegion|88\/100|[from] Spikes\n|move|p2a: Clodsire|Toxic|p1a: Basculegion\n|-status|p1a: Basculegion|tox\n|\n|-weather|RainDance|[upkeep]\n|-heal|p1a: Basculegion|94\/100 tox|[from] Grassy Terrain\n|-heal|p2a: Clodsire|100\/100|[from] Grassy Terrain\n|-damage|p1a: Basculegion|88\/100 tox|[from] psn\n|upkeep\n|turn|4\n|\n|t:|1700973252\n|move|p1a: Basculegion|Flip Turn|p2a: Clodsire\n|-immune|p2a: Clodsire|[from] ability: Water Absorb\n|move|p2a: Clodsire|Spikes|p1a: Basculegion\n|-sidestart|p1: A-Grade|Spikes\n|\n|-weather|RainDance|[upkeep]\n|-heal|p1a: Basculegion|94\/100 tox|[from] Grassy Terrain\n|-damage|p1a: Basculegion|82\/100 tox|[from] psn\n|upkeep\n|turn|5\n|\n|t:|1700973270\n|switch|p1a: Pelipper|Pelipper, F|100\/100\n|switch|p2a: Tornadus|Tornadus-Therian, M|100\/100\n|\n|-weather|RainDance|[upkeep]\n|-fieldend|move: Grassy Terrain\n|upkeep\n|turn|6\n|\n|t:|1700973282\n|move|p2a: Tornadus|Knock Off|p1a: Pelipper\n|-damage|p1a: Pelipper|85\/100\n|-enditem|p1a: Pelipper|Damp Rock|[from] move: Knock Off|[of] p2a: Tornadus\n|move|p1a: Pelipper|Defog|p2a: Tornadus\n|-unboost|p2a: Tornadus|evasion|1\n|-sideend|p1: A-Grade|Spikes|[from] move: Defog|[of] p1a: Pelipper\n|\n|-weather|RainDance|[upkeep]\n|upkeep\n|turn|7\n|\n|t:|1700973296\n|switch|p1a: Ferrothorn|Ferrothorn, M|100\/100\n|move|p2a: Tornadus|Bleakwind Storm|p1a: Ferrothorn\n|-damage|p1a: Ferrothorn|72\/100\n|-enditem|p1a: Ferrothorn|Eject Button\n|inactive|A-Grade has 120 seconds left.\n|\n|t:|1700973307\n|switch|p1a: Salamence|Salamence, M|100\/100\n|-ability|p1a: Salamence|Intimidate|boost\n|-unboost|p2a: Tornadus|atk|1\n|\n|-weather|RainDance|[upkeep]\n|upkeep\n|turn|8\n|\n|t:|1700973316\n|-zpower|p2a: Tornadus\n|move|p2a: Tornadus|Supersonic Skystrike|p1a: Salamence|[zeffect]\n|-damage|p1a: Salamence|3\/100\n|move|p1a: Salamence|Hurricane|p2a: Tornadus\n|-damage|p2a: Tornadus|17\/100\n|\n|-weather|RainDance|[upkeep]\n|upkeep\n|turn|9\n|\n|t:|1700973336\n|move|p2a: Tornadus|U-turn|p1a: Salamence\n|-resisted|p1a: Salamence\n|-damage|p1a: Salamence|0 fnt\n|faint|p1a: Salamence\n|\n|t:|1700973346\n|switch|p2a: Rillaboom|Rillaboom, M|100\/100|[from] U-turn\n|-fieldstart|move: Grassy Terrain|[from] ability: Grassy Surge|[of] p2a: Rillaboom\n|\n|-weather|none\n|upkeep\n|\n|t:|1700973354\n|switch|p1a: Overqwil|Overqwil, M|69\/100\n|turn|10\n|\n|t:|1700973362\n|move|p1a: Overqwil|Swords Dance|p1a: Overqwil\n|-boost|p1a: Overqwil|atk|2\n|move|p2a: Rillaboom|U-turn|p1a: Overqwil\n|-damage|p1a: Overqwil|32\/100\n|\n|t:|1700973383\n|switch|p2a: Tornadus|Tornadus-Therian, M|51\/100|[from] U-turn\n|\n|-heal|p1a: Overqwil|38\/100|[from] Grassy Terrain\n|upkeep\n|turn|11\n|\n|t:|1700973391\n|switch|p1a: Pelipper|Pelipper, F|85\/100\n|-weather|RainDance|[from] ability: Drizzle|[of] p1a: Pelipper\n|move|p2a: Tornadus|Bleakwind Storm|p1a: Pelipper\n|-damage|p1a: Pelipper|24\/100\n|\n|-weather|RainDance|[upkeep]\n|upkeep\n|turn|12\n|\n|t:|1700973402\n|switch|p1a: Basculegion|Basculegion, M|82\/100 tox\n|move|p2a: Tornadus|Bleakwind Storm|p1a: Basculegion\n|-damage|p1a: Basculegion|33\/100 tox\n|\n|-weather|RainDance|[upkeep]\n|-heal|p1a: Basculegion|39\/100 tox|[from] Grassy Terrain\n|-damage|p1a: Basculegion|33\/100 tox|[from] psn\n|upkeep\n|turn|13\n|\n|t:|1700973417\n|switch|p1a: Overqwil|Overqwil, M|38\/100\n|switch|p2a: Clodsire|Clodsire, M|100\/100\n|\n|-weather|RainDance|[upkeep]\n|-heal|p1a: Overqwil|44\/100|[from] Grassy Terrain\n|-fieldend|move: Grassy Terrain\n|upkeep\n|turn|14\n|\n|t:|1700973424\n|move|p1a: Overqwil|Taunt|p2a: Clodsire\n|-start|p2a: Clodsire|move: Taunt\n|move|p2a: Clodsire|Earthquake|p1a: Overqwil\n|-supereffective|p1a: Overqwil\n|-damage|p1a: Overqwil|0 fnt\n|faint|p1a: Overqwil\n|\n|-weather|RainDance|[upkeep]\n|upkeep\n|\n|t:|1700973435\n|switch|p1a: Tapu Lele|Tapu Lele|100\/100\n|-fieldstart|move: Psychic Terrain|[from] ability: Psychic Surge|[of] p1a: Tapu Lele\n|turn|15\n|\n|t:|1700973444\n|move|p1a: Tapu Lele|Future Sight|p2a: Clodsire\n|-start|p1a: Tapu Lele|move: Future Sight\n|move|p2a: Clodsire|Gunk Shot|p1a: Tapu Lele\n|-supereffective|p1a: Tapu Lele\n|-damage|p1a: Tapu Lele|0 fnt\n|faint|p1a: Tapu Lele\n|\n|-weather|none\n|upkeep\n|-message|A-Grade forfeited.\n|\n|win|Lambertedmond\n|raw|A-Grade's rating: 1294 &rarr; <strong>1272<\/strong><br \/>(-22 for losing)\n|raw|Lambertedmond's rating: 1341 &rarr; <strong>1358<\/strong><br \/>(+17 for winning)\n|l|\u2606A-Grade\n|l|\u2606Lambertedmond\n|j|\u2606A-Grade\n|player|p1|A-Grade|102\n|n|\u2606agrade|agrade\n","uploadtime":1700973470,"views":6,"p1id":"agrade","p2id":"lambertedmond","formatid":"gen9nationaldex","rating":1272,"private":0,"password":""}