{"id":"gen9nationaldex-1987195023","p1":"TrojantheTank","p2":"stormflypirateskin","format":"[Gen 9] National Dex","log":"|j|\u2606TrojantheTank\n|j|\u2606stormflypirateskin\n|t:|1699564166\n|gametype|singles\n|player|p1|TrojantheTank|linebacker|\n|player|p2|stormflypirateskin|skierf|\n|teamsize|p1|6\n|teamsize|p2|6\n|gen|9\n|tier|[Gen 9] National Dex\n|rule|HP Percentage Mod: HP is shown in percentages\n|rule|Endless Battle Clause: Forcing endless battles is banned\n|rule|OHKO Clause: OHKO moves are banned\n|rule|Evasion Clause: Evasion abilities, items, and moves are banned\n|rule|Evasion Abilities Clause: Evasion abilities are banned\n|rule|Evasion Items Clause: Evasion items are banned\n|rule|Evasion Moves Clause: Evasion moves are banned\n|rule|Species Clause: Limit one of each Pok\u00e9mon\n|rule|Sleep Clause Mod: Limit one foe put to sleep\n|clearpoke\n|poke|p1|Aggron, M|\n|poke|p1|Haxorus, M|\n|poke|p1|Golisopod, M|\n|poke|p1|Scizor, M|\n|poke|p1|Hydreigon, M|\n|poke|p1|Buzzwole|\n|poke|p2|Charizard, M|\n|poke|p2|Salamence, M|\n|poke|p2|Tyranitar, M|\n|poke|p2|Marowak, F|\n|poke|p2|Aerodactyl, M|\n|poke|p2|Dragonite, M|\n|teampreview\n|\n|t:|1699564182\n|start\n|switch|p1a: Buzzwole|Buzzwole|100\/100\n|switch|p2a: \u039c\u03b1\u03c7\u03ae\u03c4\u03c1\u03b9\u03b1|Marowak, F|100\/100\n|turn|1\n|c|\u2606stormflypirateskin|*sweats*\n|\n|t:|1699564189\n|move|p1a: Buzzwole|Leech Life|p2a: \u039c\u03b1\u03c7\u03ae\u03c4\u03c1\u03b9\u03b1\n|-damage|p2a: \u039c\u03b1\u03c7\u03ae\u03c4\u03c1\u03b9\u03b1|50\/100\n|move|p2a: \u039c\u03b1\u03c7\u03ae\u03c4\u03c1\u03b9\u03b1|Bonemerang|p1a: Buzzwole\n|-resisted|p1a: Buzzwole\n|-damage|p1a: Buzzwole|87\/100\n|-resisted|p1a: Buzzwole\n|-damage|p1a: Buzzwole|76\/100\n|-hitcount|p1a: Buzzwole|2\n|\n|-heal|p1a: Buzzwole|82\/100|[from] item: Leftovers\n|upkeep\n|turn|2\n|\n|t:|1699564202\n|switch|p2a: \u0388\u03be\u03b1\u03c8\u03b7|Salamence, M|100\/100\n|move|p1a: Buzzwole|Leech Life|p2a: \u0388\u03be\u03b1\u03c8\u03b7\n|-resisted|p2a: \u0388\u03be\u03b1\u03c8\u03b7\n|-damage|p2a: \u0388\u03be\u03b1\u03c8\u03b7|72\/100\n|-heal|p1a: Buzzwole|94\/100|[from] drain|[of] p2a: \u0388\u03be\u03b1\u03c8\u03b7\n|\n|-heal|p1a: Buzzwole|99\/100|[from] item: Leftovers\n|upkeep\n|turn|3\n|\n|t:|1699564224\n|switch|p1a: Goliath|Aggron, M|100\/100\n|move|p2a: \u0388\u03be\u03b1\u03c8\u03b7|Dual Wingbeat|p1a: Goliath\n|-resisted|p1a: Goliath\n|-damage|p1a: Goliath|98\/100\n|-resisted|p1a: Goliath\n|-damage|p1a: Goliath|94\/100\n|-hitcount|p1a: Goliath|2\n|\n|upkeep\n|turn|4\n|\n|t:|1699564233\n|move|p2a: \u0388\u03be\u03b1\u03c8\u03b7|Earthquake|p1a: Goliath\n|-supereffective|p1a: Goliath\n|-damage|p1a: Goliath|11\/100\n|move|p1a: Goliath|Head Smash|p2a: \u0388\u03be\u03b1\u03c8\u03b7|[miss]\n|-miss|p1a: Goliath|p2a: \u0388\u03be\u03b1\u03c8\u03b7\n|\n|upkeep\n|turn|5\n|c|\u2606stormflypirateskin|OUCHIE WAWA\n|c|\u2606stormflypirateskin|I FELT THAT\n|c|\u2606TrojantheTank|like one of my friends says\n|c|\u2606TrojantheTank|If it's not 100%\n|c|\u2606TrojantheTank|it's 50%\n|c|\u2606stormflypirateskin|DKDBSJDHAJFJ\n|\n|t:|1699564268\n|move|p2a: \u0388\u03be\u03b1\u03c8\u03b7|Earthquake|p1a: Goliath\n|-supereffective|p1a: Goliath\n|-damage|p1a: Goliath|0 fnt\n|faint|p1a: Goliath\n|-ability|p2a: \u0388\u03be\u03b1\u03c8\u03b7|Moxie|boost\n|-boost|p2a: \u0388\u03be\u03b1\u03c8\u03b7|atk|1\n|\n|upkeep\n|\n|t:|1699564284\n|switch|p1a: Axe|Haxorus, M, shiny|100\/100\n|-ability|p1a: Axe|Mold Breaker\n|turn|6\n|\n|t:|1699564295\n|-terastallize|p1a: Axe|Fighting\n|move|p2a: \u0388\u03be\u03b1\u03c8\u03b7|Dragon Claw|p1a: Axe\n|-damage|p1a: Axe|33\/100\n|move|p1a: Axe|Outrage|p2a: \u0388\u03be\u03b1\u03c8\u03b7\n|-supereffective|p2a: \u0388\u03be\u03b1\u03c8\u03b7\n|-damage|p2a: \u0388\u03be\u03b1\u03c8\u03b7|0 fnt\n|faint|p2a: \u0388\u03be\u03b1\u03c8\u03b7\n|\n|upkeep\n|c|\u2606stormflypirateskin|OHHHH???\n|\n|t:|1699564316\n|switch|p2a: \u0395\u03c5\u03c4\u03cd\u03c7\u03b9\u03bf\u03c2|Aerodactyl, M|100\/100\n|-ability|p2a: \u0395\u03c5\u03c4\u03cd\u03c7\u03b9\u03bf\u03c2|Unnerve\n|turn|7\n|\n|t:|1699564325\n|-terastallize|p2a: \u0395\u03c5\u03c4\u03cd\u03c7\u03b9\u03bf\u03c2|Steel\n|move|p2a: \u0395\u03c5\u03c4\u03cd\u03c7\u03b9\u03bf\u03c2|Iron Head|p1a: Axe\n|-damage|p1a: Axe|0 fnt\n|faint|p1a: Axe\n|\n|upkeep\n|\n|t:|1699564342\n|switch|p1a: Buzzwole|Buzzwole|99\/100\n|turn|8\n|\n|t:|1699564363\n|move|p2a: \u0395\u03c5\u03c4\u03cd\u03c7\u03b9\u03bf\u03c2|Rock Slide|p1a: Buzzwole\n|-damage|p1a: Buzzwole|78\/100\n|cant|p1a: Buzzwole|flinch\n|\n|-heal|p1a: Buzzwole|84\/100|[from] item: Leftovers\n|upkeep\n|turn|9\n|\n|t:|1699564375\n|move|p2a: \u0395\u03c5\u03c4\u03cd\u03c7\u03b9\u03bf\u03c2|Iron Head|p1a: Buzzwole\n|-damage|p1a: Buzzwole|63\/100\n|move|p1a: Buzzwole|Hammer Arm|p2a: \u0395\u03c5\u03c4\u03cd\u03c7\u03b9\u03bf\u03c2\n|-supereffective|p2a: \u0395\u03c5\u03c4\u03cd\u03c7\u03b9\u03bf\u03c2\n|-enditem|p2a: \u0395\u03c5\u03c4\u03cd\u03c7\u03b9\u03bf\u03c2|Focus Sash\n|-damage|p2a: \u0395\u03c5\u03c4\u03cd\u03c7\u03b9\u03bf\u03c2|1\/100\n|-unboost|p1a: Buzzwole|spe|1\n|\n|-heal|p1a: Buzzwole|69\/100|[from] item: Leftovers\n|upkeep\n|turn|10\n|c|\u2606TrojantheTank|WAMMU WTF WAS THAT\n|c|\u2606TrojantheTank|how did he do so much?\n|\n|t:|1699564395\n|move|p2a: \u0395\u03c5\u03c4\u03cd\u03c7\u03b9\u03bf\u03c2|Iron Head|p1a: Buzzwole\n|-damage|p1a: Buzzwole|48\/100\n|move|p1a: Buzzwole|Leech Life|p2a: \u0395\u03c5\u03c4\u03cd\u03c7\u03b9\u03bf\u03c2\n|-resisted|p2a: \u0395\u03c5\u03c4\u03cd\u03c7\u03b9\u03bf\u03c2\n|-damage|p2a: \u0395\u03c5\u03c4\u03cd\u03c7\u03b9\u03bf\u03c2|0 fnt\n|-heal|p1a: Buzzwole|48\/100|[from] drain|[of] p2a: \u0395\u03c5\u03c4\u03cd\u03c7\u03b9\u03bf\u03c2\n|faint|p2a: \u0395\u03c5\u03c4\u03cd\u03c7\u03b9\u03bf\u03c2\n|-ability|p1a: Buzzwole|Beast Boost|boost\n|-boost|p1a: Buzzwole|atk|1\n|\n|-heal|p1a: Buzzwole|54\/100|[from] item: Leftovers\n|upkeep\n|c|\u2606stormflypirateskin|With Iron Head?\n|c|\u2606TrojantheTank|No the hammer arm\n|c|\u2606stormflypirateskin|He got STAB thanks to Terrastalizing\n|c|\u2606stormflypirateskin|Ohhhh\n|c|\u2606stormflypirateskin|He turned into pure steel type\n|c|\u2606stormflypirateskin|That's why\n|c|\u2606TrojantheTank|Ohhh\n|\n|t:|1699564440\n|switch|p2a: \u0391\u03b3\u03ac\u03c0\u03b9\u03bf\u03c2|Charizard, M|100\/100\n|turn|11\n|c|\u2606TrojantheTank|I didn't notice\n|c|\u2606stormflypirateskin|It can change double types into one so I understand SMNDNAS\n|\n|t:|1699564461\n|detailschange|p2a: \u0391\u03b3\u03ac\u03c0\u03b9\u03bf\u03c2|Charizard-Mega-Y, M\n|-mega|p2a: \u0391\u03b3\u03ac\u03c0\u03b9\u03bf\u03c2|Charizard|Charizardite Y\n|-weather|SunnyDay|[from] ability: Drought|[of] p2a: \u0391\u03b3\u03ac\u03c0\u03b9\u03bf\u03c2\n|move|p2a: \u0391\u03b3\u03ac\u03c0\u03b9\u03bf\u03c2|Air Slash|p1a: Buzzwole\n|-supereffective|p1a: Buzzwole\n|-damage|p1a: Buzzwole|0 fnt\n|faint|p1a: Buzzwole\n|\n|-weather|SunnyDay|[upkeep]\n|upkeep\n|\n|t:|1699564472\n|switch|p1a: Smackaroo|Golisopod, M, shiny|100\/100\n|turn|12\n|\n|t:|1699564479\n|move|p1a: Smackaroo|Aqua Jet|p2a: \u0391\u03b3\u03ac\u03c0\u03b9\u03bf\u03c2\n|-supereffective|p2a: \u0391\u03b3\u03ac\u03c0\u03b9\u03bf\u03c2\n|-damage|p2a: \u0391\u03b3\u03ac\u03c0\u03b9\u03bf\u03c2|70\/100\n|move|p2a: \u0391\u03b3\u03ac\u03c0\u03b9\u03bf\u03c2|Air Slash|p1a: Smackaroo\n|-supereffective|p1a: Smackaroo\n|-damage|p1a: Smackaroo|0 fnt\n|faint|p1a: Smackaroo\n|\n|-weather|SunnyDay|[upkeep]\n|upkeep\n|\n|t:|1699564488\n|switch|p1a: King Ghidora|Hydreigon, M|100\/100\n|turn|13\n|\n|t:|1699564492\n|move|p2a: \u0391\u03b3\u03ac\u03c0\u03b9\u03bf\u03c2|Focus Blast|p1a: King Ghidora|[miss]\n|-miss|p2a: \u0391\u03b3\u03ac\u03c0\u03b9\u03bf\u03c2|p1a: King Ghidora\n|move|p1a: King Ghidora|Draco Meteor|p2a: \u0391\u03b3\u03ac\u03c0\u03b9\u03bf\u03c2\n|-damage|p2a: \u0391\u03b3\u03ac\u03c0\u03b9\u03bf\u03c2|0 fnt\n|-unboost|p1a: King Ghidora|spa|2\n|faint|p2a: \u0391\u03b3\u03ac\u03c0\u03b9\u03bf\u03c2\n|-damage|p1a: King Ghidora|91\/100|[from] item: Life Orb\n|\n|-weather|SunnyDay|[upkeep]\n|upkeep\n|c|\u2606stormflypirateskin|OUCHIE\n|\n|t:|1699564506\n|switch|p2a: \u0395\u03c5\u03b5\u03bb\u03c0\u03af\u03bf\u03c2|Tyranitar, M|100\/100\n|-weather|Sandstorm|[from] ability: Sand Stream|[of] p2a: \u0395\u03c5\u03b5\u03bb\u03c0\u03af\u03bf\u03c2\n|turn|14\n|\n|t:|1699564512\n|move|p1a: King Ghidora|Draco Meteor|p2a: \u0395\u03c5\u03b5\u03bb\u03c0\u03af\u03bf\u03c2\n|-damage|p2a: \u0395\u03c5\u03b5\u03bb\u03c0\u03af\u03bf\u03c2|86\/100\n|-unboost|p1a: King Ghidora|spa|2\n|-damage|p1a: King Ghidora|81\/100|[from] item: Life Orb\n|move|p2a: \u0395\u03c5\u03b5\u03bb\u03c0\u03af\u03bf\u03c2|Avalanche|p1a: King Ghidora\n|-supereffective|p1a: King Ghidora\n|-damage|p1a: King Ghidora|0 fnt\n|faint|p1a: King Ghidora\n|\n|-weather|Sandstorm|[upkeep]\n|upkeep\n|\n|t:|1699564521\n|switch|p1a: Scizor|Scizor, M|100\/100\n|turn|15\n|\n|t:|1699564528\n|detailschange|p1a: Scizor|Scizor-Mega, M\n|-mega|p1a: Scizor|Scizor|Scizorite\n|move|p1a: Scizor|Fury Cutter|p2a: \u0395\u03c5\u03b5\u03bb\u03c0\u03af\u03bf\u03c2\n|-supereffective|p2a: \u0395\u03c5\u03b5\u03bb\u03c0\u03af\u03bf\u03c2\n|-damage|p2a: \u0395\u03c5\u03b5\u03bb\u03c0\u03af\u03bf\u03c2|22\/100\n|move|p2a: \u0395\u03c5\u03b5\u03bb\u03c0\u03af\u03bf\u03c2|Stone Edge|p1a: Scizor|[miss]\n|-miss|p2a: \u0395\u03c5\u03b5\u03bb\u03c0\u03af\u03bf\u03c2|p1a: Scizor\n|\n|-weather|Sandstorm|[upkeep]\n|upkeep\n|turn|16\n|\n|t:|1699564538\n|move|p1a: Scizor|Fury Cutter|p2a: \u0395\u03c5\u03b5\u03bb\u03c0\u03af\u03bf\u03c2\n|-supereffective|p2a: \u0395\u03c5\u03b5\u03bb\u03c0\u03af\u03bf\u03c2\n|-damage|p2a: \u0395\u03c5\u03b5\u03bb\u03c0\u03af\u03bf\u03c2|0 fnt\n|faint|p2a: \u0395\u03c5\u03b5\u03bb\u03c0\u03af\u03bf\u03c2\n|\n|-weather|Sandstorm|[upkeep]\n|upkeep\n|\n|t:|1699564548\n|switch|p2a: \u0391\u03b3\u03b1\u03b8\u03cc\u03c4\u03b7\u03c4\u03bf\u03c2|Dragonite, M|100\/100\n|turn|17\n|\n|t:|1699564554\n|move|p2a: \u0391\u03b3\u03b1\u03b8\u03cc\u03c4\u03b7\u03c4\u03bf\u03c2|Dragon Dance|p2a: \u0391\u03b3\u03b1\u03b8\u03cc\u03c4\u03b7\u03c4\u03bf\u03c2\n|-boost|p2a: \u0391\u03b3\u03b1\u03b8\u03cc\u03c4\u03b7\u03c4\u03bf\u03c2|atk|1\n|-boost|p2a: \u0391\u03b3\u03b1\u03b8\u03cc\u03c4\u03b7\u03c4\u03bf\u03c2|spe|1\n|move|p1a: Scizor|Dual Wingbeat|p2a: \u0391\u03b3\u03b1\u03b8\u03cc\u03c4\u03b7\u03c4\u03bf\u03c2\n|-damage|p2a: \u0391\u03b3\u03b1\u03b8\u03cc\u03c4\u03b7\u03c4\u03bf\u03c2|85\/100\n|-damage|p2a: \u0391\u03b3\u03b1\u03b8\u03cc\u03c4\u03b7\u03c4\u03bf\u03c2|58\/100\n|-hitcount|p2a: \u0391\u03b3\u03b1\u03b8\u03cc\u03c4\u03b7\u03c4\u03bf\u03c2|2\n|\n|-weather|Sandstorm|[upkeep]\n|-damage|p2a: \u0391\u03b3\u03b1\u03b8\u03cc\u03c4\u03b7\u03c4\u03bf\u03c2|52\/100|[from] Sandstorm\n|upkeep\n|turn|18\n|\n|t:|1699564565\n|move|p2a: \u0391\u03b3\u03b1\u03b8\u03cc\u03c4\u03b7\u03c4\u03bf\u03c2|Thunder Punch|p1a: Scizor\n|-damage|p1a: Scizor|67\/100\n|move|p1a: Scizor|Dual Wingbeat|p2a: \u0391\u03b3\u03b1\u03b8\u03cc\u03c4\u03b7\u03c4\u03bf\u03c2\n|-damage|p2a: \u0391\u03b3\u03b1\u03b8\u03cc\u03c4\u03b7\u03c4\u03bf\u03c2|26\/100\n|-damage|p2a: \u0391\u03b3\u03b1\u03b8\u03cc\u03c4\u03b7\u03c4\u03bf\u03c2|0 fnt\n|faint|p2a: \u0391\u03b3\u03b1\u03b8\u03cc\u03c4\u03b7\u03c4\u03bf\u03c2\n|-hitcount|p2: \u0391\u03b3\u03b1\u03b8\u03cc\u03c4\u03b7\u03c4\u03bf\u03c2|2\n|\n|-weather|none\n|upkeep\n|\n|t:|1699564575\n|switch|p2a: \u039c\u03b1\u03c7\u03ae\u03c4\u03c1\u03b9\u03b1|Marowak, F|50\/100\n|turn|19\n|\n|t:|1699564582\n|move|p1a: Scizor|Fury Cutter|p2a: \u039c\u03b1\u03c7\u03ae\u03c4\u03c1\u03b9\u03b1\n|-damage|p2a: \u039c\u03b1\u03c7\u03ae\u03c4\u03c1\u03b9\u03b1|8\/100\n|move|p2a: \u039c\u03b1\u03c7\u03ae\u03c4\u03c1\u03b9\u03b1|Bonemerang|p1a: Scizor\n|-damage|p1a: Scizor|30\/100\n|-crit|p1a: Scizor\n|-damage|p1a: Scizor|0 fnt\n|faint|p1a: Scizor\n|-hitcount|p1: Scizor|2\n|\n|win|stormflypirateskin\n|c|\u2606TrojantheTank|OH\n|c|\u2606stormflypirateskin|SJXHAJDHAJDBAJDH\n|c|\u2606TrojantheTank|that was so close\n|c|\u2606TrojantheTank|GG\n|c|\u2606stormflypirateskin|SJDHAJDHAH\n|c|\u2606stormflypirateskin|GG-\n","uploadtime":1699564612,"views":7,"p1id":"trojanthetank","p2id":"stormflypirateskin","formatid":"gen9nationaldex","rating":0,"private":0,"password":""}