{"id":"gen9nationaldex-1991693718","p1":"Richie2016","p2":"tathanos","format":"[Gen 9] National Dex","log":"|j|\u2606Richie2016\n|j|\u2606tathanos\n|t:|1700103456\n|gametype|singles\n|player|p1|Richie2016|cynthia|1196\n|player|p2|tathanos|n|1163\n|teamsize|p1|6\n|teamsize|p2|6\n|gen|9\n|tier|[Gen 9] National Dex\n|rated|\n|rule|HP Percentage Mod: HP is shown in percentages\n|rule|Endless Battle Clause: Forcing endless battles is banned\n|rule|OHKO Clause: OHKO moves are banned\n|rule|Evasion Clause: Evasion abilities, items, and moves are banned\n|rule|Evasion Abilities Clause: Evasion abilities are banned\n|rule|Evasion Items Clause: Evasion items are banned\n|rule|Evasion Moves Clause: Evasion moves are banned\n|rule|Species Clause: Limit one of each Pok\u00e9mon\n|rule|Sleep Clause Mod: Limit one foe put to sleep\n|clearpoke\n|poke|p1|Gardevoir, F|\n|poke|p1|Milotic, F|\n|poke|p1|Moltres|\n|poke|p1|Rillaboom, F|\n|poke|p1|Gliscor, F|\n|poke|p1|Sneasler, F|\n|poke|p2|Lopunny, F|\n|poke|p2|Gliscor, F|\n|poke|p2|Sneasler, F|\n|poke|p2|Slowking, F|\n|poke|p2|Ribombee, M|\n|poke|p2|Iron Moth|\n|teampreview\n|inactive|Battle timer is ON: inactive players will automatically lose when time's up. (requested by tathanos)\n|\n|t:|1700103472\n|start\n|switch|p1a: Milotic|Milotic, F|100\/100\n|switch|p2a: Ribombee|Ribombee, M|100\/100\n|turn|1\n|\n|t:|1700103481\n|move|p2a: Ribombee|Sticky Web|p1a: Milotic\n|-sidestart|p1: Richie2016|move: Sticky Web\n|move|p1a: Milotic|Flip Turn|p2a: Ribombee\n|-damage|p2a: Ribombee|75\/100\n|\n|t:|1700103485\n|switch|p1a: Moltres|Moltres|100\/100|[from] Flip Turn\n|\n|upkeep\n|turn|2\n|\n|t:|1700103491\n|move|p2a: Ribombee|Stun Spore|p1a: Moltres\n|-status|p1a: Moltres|par\n|move|p1a: Moltres|Defog|p2a: Ribombee\n|-unboost|p2a: Ribombee|evasion|1\n|-sideend|p1: Richie2016|Sticky Web|[from] move: Defog|[of] p1a: Moltres\n|\n|upkeep\n|turn|3\n|\n|t:|1700103502\n|switch|p2a: Slowking|Slowking, F|100\/100\n|move|p1a: Moltres|Mystical Fire|p2a: Slowking\n|-resisted|p2a: Slowking\n|-damage|p2a: Slowking|88\/100\n|-unboost|p2a: Slowking|spa|1\n|\n|-heal|p2a: Slowking|94\/100|[from] item: Leftovers\n|upkeep\n|turn|4\n|\n|t:|1700103520\n|switch|p1a: Gliscor|Gliscor, F, shiny|100\/100\n|move|p2a: Slowking|Scald|p1a: Gliscor\n|-supereffective|p1a: Gliscor\n|-damage|p1a: Gliscor|66\/100\n|\n|-heal|p2a: Slowking|99\/100|[from] item: Leftovers\n|-status|p1a: Gliscor|tox|[from] item: Toxic Orb\n|upkeep\n|turn|5\n|\n|t:|1700103530\n|move|p1a: Gliscor|Toxic|p2a: Slowking\n|-status|p2a: Slowking|tox\n|move|p2a: Slowking|Future Sight|p1a: Gliscor\n|-start|p2a: Slowking|move: Future Sight\n|\n|-heal|p2a: Slowking|100\/100 tox|[from] item: Leftovers\n|-heal|p1a: Gliscor|79\/100 tox|[from] ability: Poison Heal\n|-damage|p2a: Slowking|94\/100 tox|[from] psn\n|upkeep\n|turn|6\n|\n|t:|1700103546\n|switch|p2a: Gliscor|Gliscor, F|100\/100\n|move|p1a: Gliscor|Stealth Rock|p2a: Gliscor\n|-sidestart|p2: tathanos|move: Stealth Rock\n|\n|-heal|p1a: Gliscor|91\/100 tox|[from] ability: Poison Heal\n|-status|p2a: Gliscor|tox|[from] item: Toxic Orb\n|upkeep\n|turn|7\n|\n|t:|1700103555\n|switch|p1a: Moltres|Moltres|100\/100 par\n|move|p2a: Gliscor|Facade|p1a: Moltres\n|-damage|p1a: Moltres|64\/100 par\n|\n|-end|p1a: Moltres|move: Future Sight\n|-damage|p1a: Moltres|23\/100 par\n|upkeep\n|turn|8\n|\n|t:|1700103566\n|switch|p1a: Milotic|Milotic, F|100\/100\n|move|p2a: Gliscor|Facade|p1a: Milotic\n|-damage|p1a: Milotic|66\/100\n|\n|-heal|p1a: Milotic|72\/100|[from] item: Leftovers\n|upkeep\n|turn|9\n|\n|t:|1700103579\n|move|p2a: Gliscor|Dual Wingbeat|p1a: Milotic\n|-damage|p1a: Milotic|58\/100\n|-damage|p1a: Milotic|43\/100\n|-hitcount|p1a: Milotic|2\n|move|p1a: Milotic|Scald|p2a: Gliscor\n|-supereffective|p2a: Gliscor\n|-damage|p2a: Gliscor|26\/100 tox\n|\n|-heal|p1a: Milotic|49\/100|[from] item: Leftovers\n|-heal|p2a: Gliscor|38\/100 tox|[from] ability: Poison Heal\n|upkeep\n|turn|10\n|\n|t:|1700103591\n|move|p2a: Gliscor|Toxic|p1a: Milotic\n|-status|p1a: Milotic|tox\n|move|p1a: Milotic|Recover|p1a: Milotic\n|-heal|p1a: Milotic|99\/100 tox\n|\n|-heal|p1a: Milotic|100\/100 tox|[from] item: Leftovers\n|-heal|p2a: Gliscor|51\/100 tox|[from] ability: Poison Heal\n|-damage|p1a: Milotic|94\/100 tox|[from] psn\n|upkeep\n|turn|11\n|\n|t:|1700103602\n|move|p2a: Gliscor|Facade|p1a: Milotic\n|-damage|p1a: Milotic|73\/100 tox\n|move|p1a: Milotic|Scald|p2a: Gliscor\n|-supereffective|p2a: Gliscor\n|-damage|p2a: Gliscor|0 fnt\n|faint|p2a: Gliscor\n|\n|-heal|p1a: Milotic|79\/100 tox|[from] item: Leftovers\n|-damage|p1a: Milotic|67\/100 tox|[from] psn\n|upkeep\n|inactive|tathanos has 120 seconds left.\n|\n|t:|1700103647\n|switch|p2a: Sneasler|Sneasler, F|100\/100\n|-damage|p2a: Sneasler|95\/100|[from] Stealth Rock\n|turn|12\n|\n|t:|1700103655\n|move|p2a: Sneasler|Fake Out|p1a: Milotic\n|-damage|p1a: Milotic|59\/100 tox\n|cant|p1a: Milotic|flinch\n|\n|-heal|p1a: Milotic|65\/100 tox|[from] item: Leftovers\n|-damage|p1a: Milotic|47\/100 tox|[from] psn\n|upkeep\n|turn|13\n|\n|t:|1700103666\n|move|p2a: Sneasler|Dire Claw|p1a: Milotic\n|-damage|p1a: Milotic|23\/100 tox\n|move|p1a: Milotic|Flip Turn|p2a: Sneasler\n|-damage|p2a: Sneasler|73\/100\n|\n|t:|1700103675\n|switch|p1a: Gliscor|Gliscor, F, shiny|91\/100 tox|[from] Flip Turn\n|\n|-heal|p1a: Gliscor|100\/100 tox|[from] ability: Poison Heal\n|upkeep\n|turn|14\n|inactive|tathanos has 120 seconds left.\n|\n|t:|1700103682\n|move|p2a: Sneasler|U-turn|p1a: Gliscor\n|-resisted|p1a: Gliscor\n|-damage|p1a: Gliscor|91\/100 tox\n|inactive|tathanos has 120 seconds left.\n|\n|t:|1700103688\n|switch|p2a: Lopunny|Lopunny, F|100\/100|[from] U-turn\n|-damage|p2a: Lopunny|88\/100|[from] Stealth Rock\n|move|p1a: Gliscor|Earthquake|p2a: Lopunny\n|-damage|p2a: Lopunny|39\/100\n|\n|-heal|p1a: Gliscor|100\/100 tox|[from] ability: Poison Heal\n|upkeep\n|turn|15\n|inactive|tathanos has 120 seconds left.\n|\n|t:|1700103699\n|switch|p1a: Moltres|Moltres|23\/100 par\n|detailschange|p2a: Lopunny|Lopunny-Mega, F\n|-mega|p2a: Lopunny|Lopunny|Lopunnite\n|move|p2a: Lopunny|Triple Axel|p1a: Moltres\n|-damage|p1a: Moltres|16\/100 par\n|-damage|p1a: Moltres|3\/100 par\n|-status|p2a: Lopunny|brn|[from] ability: Flame Body|[of] p1a: Moltres\n|-damage|p1a: Moltres|0 fnt\n|faint|p1a: Moltres\n|-hitcount|p1: Moltres|3\n|\n|-damage|p2a: Lopunny|33\/100 brn|[from] brn\n|upkeep\n|\n|t:|1700103712\n|switch|p1a: Rillaboom|Rillaboom, F, shiny|100\/100\n|-fieldstart|move: Grassy Terrain|[from] ability: Grassy Surge|[of] p1a: Rillaboom\n|turn|16\n|\n|t:|1700103720\n|move|p1a: Rillaboom|Grassy Glide|p2a: Lopunny\n|-damage|p2a: Lopunny|0 fnt\n|faint|p2a: Lopunny\n|\n|upkeep\n|-message|tathanos forfeited.\n|\n|win|Richie2016\n|raw|Richie2016's rating: 1196 &rarr; <strong>1219<\/strong><br \/>(+23 for winning)\n|raw|tathanos's rating: 1163 &rarr; <strong>1140<\/strong><br \/>(-23 for losing)\n|l|\u2606tathanos\n","uploadtime":1700103728,"views":3,"p1id":"richie2016","p2id":"tathanos","formatid":"gen9nationaldex","rating":1140,"private":0,"password":""}