{"id":"gen9nationaldex-1999066362","p1":"The_Fl000rdtesting","p2":"Scaas","format":"[Gen 9] National Dex","log":"|html|<div class=\"broadcast-blue\"><strong>[Gen 9] National Dex is currently suspecting Sneasler! For information on how to participate check out the <a href=\"https:\/\/www.smogon.com\/forums\/threads\/sv-national-dex-suspect-8-just-dance.3731534\/\">suspect thread<\/a>.<\/strong><\/div>\n|j|\u203dThe_Fl000rdtesting\n|j|\u2606Scaas\n|t:|1701029553\n|gametype|singles\n|player|p1|The_Fl000rdtesting|colress|1162\n|player|p2|Scaas|ingo|1272\n|teamsize|p1|6\n|teamsize|p2|6\n|gen|9\n|tier|[Gen 9] National Dex\n|rated|\n|rule|HP Percentage Mod: HP is shown in percentages\n|rule|Endless Battle Clause: Forcing endless battles is banned\n|rule|OHKO Clause: OHKO moves are banned\n|rule|Evasion Clause: Evasion abilities, items, and moves are banned\n|rule|Evasion Abilities Clause: Evasion abilities are banned\n|rule|Evasion Items Clause: Evasion items are banned\n|rule|Evasion Moves Clause: Evasion moves are banned\n|rule|Species Clause: Limit one of each Pok\u00e9mon\n|rule|Sleep Clause Mod: Limit one foe put to sleep\n|clearpoke\n|poke|p1|Quaquaval, F|\n|poke|p1|Meowstic-F, F|\n|poke|p1|Gliscor, F|\n|poke|p1|Honchkrow, M|\n|poke|p1|Umbreon, F|\n|poke|p1|Gardevoir, M|\n|poke|p2|Weavile, M|\n|poke|p2|Meganium, F|\n|poke|p2|Volcarona, M|\n|poke|p2|Tentacruel, M|\n|poke|p2|Mawile, M|\n|poke|p2|Galvantula, F|\n|teampreview\n|inactive|Battle timer is ON: inactive players will automatically lose when time's up. (requested by Scaas)\n|\n|t:|1701029558\n|start\n|switch|p1a: Quaquaval|Quaquaval, F|100\/100\n|switch|p2a: Weavile|Weavile, M|100\/100\n|-ability|p2a: Weavile|Pressure\n|turn|1\n|\n|t:|1701029572\n|switch|p2a: Mawile|Mawile, M|100\/100\n|-ability|p2a: Mawile|Intimidate|boost\n|-unboost|p1a: Quaquaval|atk|1\n|move|p1a: Quaquaval|Aqua Step|p2a: Mawile\n|-damage|p2a: Mawile|65\/100\n|-boost|p1a: Quaquaval|spe|1\n|\n|upkeep\n|turn|2\n|\n|t:|1701029583\n|detailschange|p2a: Mawile|Mawile-Mega, M\n|-mega|p2a: Mawile|Mawile|Mawilite\n|move|p1a: Quaquaval|Swords Dance|p1a: Quaquaval\n|-boost|p1a: Quaquaval|atk|2\n|move|p2a: Mawile|Play Rough|p1a: Quaquaval\n|-supereffective|p1a: Quaquaval\n|-damage|p1a: Quaquaval|0 fnt\n|faint|p1a: Quaquaval\n|\n|upkeep\n|\n|t:|1701029594\n|switch|p1a: Gardevoir|Gardevoir, M|100\/100\n|-ability|p1a: Gardevoir|Huge Power|[from] ability: Trace|[of] p2a: Mawile\n|turn|3\n|\n|t:|1701029608\n|detailschange|p1a: Gardevoir|Gardevoir-Mega, M\n|-mega|p1a: Gardevoir|Gardevoir|Gardevoirite\n|move|p1a: Gardevoir|Mystical Fire|p2a: Mawile\n|-supereffective|p2a: Mawile\n|-damage|p2a: Mawile|0 fnt\n|faint|p2a: Mawile\n|\n|upkeep\n|\n|t:|1701029614\n|switch|p2a: Galvantula|Galvantula, F|100\/100\n|turn|4\n|\n|t:|1701029623\n|move|p2a: Galvantula|Thunder Wave|p1a: Gardevoir\n|-status|p1a: Gardevoir|par\n|move|p1a: Gardevoir|Hyper Voice|p2a: Galvantula\n|-enditem|p2a: Galvantula|Focus Sash\n|-damage|p2a: Galvantula|1\/100\n|\n|upkeep\n|turn|5\n|\n|t:|1701029632\n|move|p2a: Galvantula|Volt Switch|p1a: Gardevoir\n|-damage|p1a: Gardevoir|73\/100 par\n|\n|t:|1701029639\n|switch|p2a: Tentacruel|Tentacruel, M|100\/100|[from] Volt Switch\n|move|p1a: Gardevoir|Charge Beam|p2a: Tentacruel\n|-supereffective|p2a: Tentacruel\n|-damage|p2a: Tentacruel|64\/100\n|-boost|p1a: Gardevoir|spa|1\n|\n|-heal|p2a: Tentacruel|70\/100|[from] item: Black Sludge\n|upkeep\n|turn|6\n|\n|t:|1701029653\n|move|p2a: Tentacruel|Scald|p1a: Gardevoir\n|-damage|p1a: Gardevoir|51\/100 par\n|cant|p1a: Gardevoir|par\n|\n|-heal|p2a: Tentacruel|76\/100|[from] item: Black Sludge\n|upkeep\n|turn|7\n|\n|t:|1701029662\n|switch|p2a: Weavile|Weavile, M|100\/100\n|-ability|p2a: Weavile|Pressure\n|move|p1a: Gardevoir|Charge Beam|p2a: Weavile\n|-damage|p2a: Weavile|57\/100\n|-boost|p1a: Gardevoir|spa|1\n|\n|upkeep\n|turn|8\n|\n|t:|1701029671\n|move|p2a: Weavile|Triple Axel|p1a: Gardevoir\n|-damage|p1a: Gardevoir|26\/100 par\n|-damage|p1a: Gardevoir|0 fnt\n|faint|p1a: Gardevoir\n|-hitcount|p1: Gardevoir|2\n|\n|upkeep\n|\n|t:|1701029686\n|switch|p1a: Umbreon|Umbreon, F|100\/100\n|turn|9\n|\n|t:|1701029696\n|move|p2a: Weavile|Triple Axel|p1a: Umbreon\n|-damage|p1a: Umbreon|90\/100\n|-hitcount|p1a: Umbreon|1\n|move|p1a: Umbreon|Foul Play|p2a: Weavile\n|-resisted|p2a: Weavile\n|-damage|p2a: Weavile|14\/100\n|\n|upkeep\n|turn|10\n|\n|t:|1701029707\n|switch|p2a: Meganium|Meganium, F|100\/100\n|move|p1a: Umbreon|Foul Play|p2a: Meganium\n|-damage|p2a: Meganium|80\/100\n|\n|-heal|p2a: Meganium|86\/100|[from] item: Leftovers\n|upkeep\n|turn|11\n|\n|t:|1701029714\n|move|p2a: Meganium|Leech Seed|p1a: Umbreon\n|-start|p1a: Umbreon|move: Leech Seed\n|move|p1a: Umbreon|Toxic|p2a: Meganium\n|-status|p2a: Meganium|tox\n|\n|-heal|p2a: Meganium|92\/100 tox|[from] item: Leftovers\n|-damage|p1a: Umbreon|77\/100|[from] Leech Seed|[of] p2a: Meganium\n|-heal|p2a: Meganium|100\/100 tox|[silent]\n|-damage|p2a: Meganium|95\/100 tox|[from] psn\n|upkeep\n|turn|12\n|\n|t:|1701029724\n|move|p2a: Meganium|Aromatherapy|p2a: Meganium\n|-activate|p2a: Meganium|move: Aromatherapy\n|-curestatus|p2a: Meganium|tox|[msg]\n|move|p1a: Umbreon|Taunt|p2a: Meganium\n|-start|p2a: Meganium|move: Taunt\n|\n|-heal|p2a: Meganium|100\/100|[from] item: Leftovers\n|-damage|p1a: Umbreon|65\/100|[from] Leech Seed|[of] p2a: Meganium\n|upkeep\n|turn|13\n|\n|t:|1701029733\n|switch|p2a: Tentacruel|Tentacruel, M|76\/100\n|move|p1a: Umbreon|Foul Play|p2a: Tentacruel\n|-damage|p2a: Tentacruel|55\/100\n|\n|-heal|p2a: Tentacruel|61\/100|[from] item: Black Sludge\n|-damage|p1a: Umbreon|52\/100|[from] Leech Seed|[of] p2a: Tentacruel\n|-heal|p2a: Tentacruel|72\/100|[silent]\n|upkeep\n|turn|14\n|\n|t:|1701029742\n|move|p2a: Tentacruel|Scald|p1a: Umbreon\n|-damage|p1a: Umbreon|38\/100\n|-status|p1a: Umbreon|brn\n|-activate|p1a: Umbreon|ability: Synchronize\n|-status|p2a: Tentacruel|brn\n|-enditem|p1a: Umbreon|Lum Berry|[eat]\n|-curestatus|p1a: Umbreon|brn|[msg]\n|move|p1a: Umbreon|Moonlight|p1a: Umbreon\n|-heal|p1a: Umbreon|88\/100\n|\n|-heal|p2a: Tentacruel|78\/100 brn|[from] item: Black Sludge\n|-damage|p1a: Umbreon|75\/100|[from] Leech Seed|[of] p2a: Tentacruel\n|-heal|p2a: Tentacruel|90\/100 brn|[silent]\n|-damage|p2a: Tentacruel|83\/100 brn|[from] brn\n|upkeep\n|turn|15\n|\n|t:|1701029757\n|move|p2a: Tentacruel|Scald|p1a: Umbreon\n|-damage|p1a: Umbreon|59\/100\n|move|p1a: Umbreon|Toxic|p2a: Tentacruel|[miss]\n|-miss|p1a: Umbreon|p2a: Tentacruel\n|\n|-heal|p2a: Tentacruel|90\/100 brn|[from] item: Black Sludge\n|-damage|p1a: Umbreon|46\/100|[from] Leech Seed|[of] p2a: Tentacruel\n|-heal|p2a: Tentacruel|100\/100 brn|[silent]\n|-damage|p2a: Tentacruel|94\/100 brn|[from] brn\n|upkeep\n|turn|16\n|\n|t:|1701029767\n|move|p2a: Tentacruel|Scald|p1a: Umbreon\n|-damage|p1a: Umbreon|32\/100\n|move|p1a: Umbreon|Moonlight|p1a: Umbreon\n|-heal|p1a: Umbreon|82\/100\n|\n|-heal|p2a: Tentacruel|100\/100 brn|[from] item: Black Sludge\n|-damage|p1a: Umbreon|69\/100|[from] Leech Seed|[of] p2a: Tentacruel\n|-damage|p2a: Tentacruel|94\/100 brn|[from] brn\n|upkeep\n|turn|17\n|\n|t:|1701029776\n|move|p2a: Tentacruel|Scald|p1a: Umbreon\n|-damage|p1a: Umbreon|54\/100\n|move|p1a: Umbreon|Toxic||[still]\n|-fail|p1a: Umbreon\n|\n|-heal|p2a: Tentacruel|100\/100 brn|[from] item: Black Sludge\n|-damage|p1a: Umbreon|42\/100|[from] Leech Seed|[of] p2a: Tentacruel\n|-damage|p2a: Tentacruel|94\/100 brn|[from] brn\n|upkeep\n|turn|18\n|\n|t:|1701029787\n|switch|p2a: Meganium|Meganium, F|100\/100\n|switch|p1a: Honchkrow|Honchkrow, M|100\/100\n|\n|upkeep\n|turn|19\n|\n|t:|1701029797\n|move|p2a: Meganium|Leech Seed|p1a: Honchkrow\n|-start|p1a: Honchkrow|move: Leech Seed\n|move|p1a: Honchkrow|Tailwind|p1a: Honchkrow\n|-sidestart|p1: The_Fl000rdtesting|move: Tailwind\n|\n|-damage|p1a: Honchkrow|88\/100|[from] Leech Seed|[of] p2a: Meganium\n|upkeep\n|turn|20\n|\n|t:|1701029804\n|switch|p2a: Tentacruel|Tentacruel, M|94\/100 brn\n|move|p1a: Honchkrow|Acrobatics|p2a: Tentacruel\n|-damage|p2a: Tentacruel|37\/100 brn\n|\n|-heal|p2a: Tentacruel|43\/100 brn|[from] item: Black Sludge\n|-damage|p1a: Honchkrow|76\/100|[from] Leech Seed|[of] p2a: Tentacruel\n|-heal|p2a: Tentacruel|57\/100 brn|[silent]\n|-damage|p2a: Tentacruel|51\/100 brn|[from] brn\n|upkeep\n|turn|21\n|\n|t:|1701029814\n|move|p2a: Tentacruel|Scald|p1a: Honchkrow\n|-damage|p1a: Honchkrow|44\/100\n|move|p1a: Honchkrow|Whirlwind|p2a: Tentacruel\n|drag|p2a: Weavile|Weavile, M|14\/100\n|-ability|p2a: Weavile|Pressure\n|\n|-damage|p1a: Honchkrow|32\/100|[from] Leech Seed|[of] p2a: Weavile\n|-heal|p2a: Weavile|32\/100|[silent]\n|upkeep\n|turn|22\n|\n|t:|1701029824\n|switch|p1a: Umbreon|Umbreon, F|42\/100\n|move|p2a: Weavile|Ice Shard|p1a: Umbreon\n|-damage|p1a: Umbreon|22\/100\n|\n|-sideend|p1: The_Fl000rdtesting|move: Tailwind\n|upkeep\n|turn|23\n|\n|t:|1701029833\n|switch|p2a: Galvantula|Galvantula, F|1\/100\n|move|p1a: Umbreon|Moonlight|p1a: Umbreon\n|-heal|p1a: Umbreon|72\/100\n|\n|upkeep\n|turn|24\n|\n|t:|1701029841\n|switch|p1a: Gliscor|Gliscor, F|100\/100\n|move|p2a: Galvantula|Volt Switch|p1a: Gliscor\n|-immune|p1a: Gliscor\n|\n|-status|p1a: Gliscor|tox|[from] item: Toxic Orb\n|upkeep\n|turn|25\n|\n|t:|1701029860\n|move|p2a: Galvantula|Sticky Web|p1a: Gliscor\n|-sidestart|p1: The_Fl000rdtesting|move: Sticky Web\n|move|p1a: Gliscor|Earthquake|p2a: Galvantula\n|-crit|p2a: Galvantula\n|-damage|p2a: Galvantula|0 fnt\n|faint|p2a: Galvantula\n|\n|upkeep\n|\n|t:|1701029870\n|switch|p2a: Volcarona|Volcarona, M|100\/100\n|turn|26\n|\n|t:|1701029877\n|-terastallize|p2a: Volcarona|Grass\n|move|p2a: Volcarona|Quiver Dance|p2a: Volcarona\n|-boost|p2a: Volcarona|spa|1\n|-boost|p2a: Volcarona|spd|1\n|-boost|p2a: Volcarona|spe|1\n|move|p1a: Gliscor|Swords Dance|p1a: Gliscor\n|-boost|p1a: Gliscor|atk|2\n|\n|upkeep\n|turn|27\n|\n|t:|1701029885\n|move|p2a: Volcarona|Giga Drain|p1a: Gliscor\n|-damage|p1a: Gliscor|17\/100 tox\n|move|p1a: Gliscor|Facade|p2a: Volcarona\n|-damage|p2a: Volcarona|0 fnt\n|faint|p2a: Volcarona\n|\n|-heal|p1a: Gliscor|30\/100 tox|[from] ability: Poison Heal\n|upkeep\n|\n|t:|1701029889\n|switch|p2a: Weavile|Weavile, M|32\/100\n|-ability|p2a: Weavile|Pressure\n|turn|28\n|\n|t:|1701029898\n|switch|p1a: Umbreon|Umbreon, F|72\/100\n|-activate|p1a: Umbreon|move: Sticky Web\n|-unboost|p1a: Umbreon|spe|1\n|move|p2a: Weavile|Triple Axel|p1a: Umbreon\n|-damage|p1a: Umbreon|62\/100\n|-damage|p1a: Umbreon|42\/100\n|-damage|p1a: Umbreon|11\/100\n|-hitcount|p1a: Umbreon|3\n|\n|upkeep\n|turn|29\n|\n|t:|1701029909\n|move|p2a: Weavile|Triple Axel|p1a: Umbreon\n|-damage|p1a: Umbreon|0 fnt\n|faint|p1a: Umbreon\n|-hitcount|p1: Umbreon|1\n|\n|upkeep\n|\n|t:|1701029915\n|switch|p1a: Meowstic|Meowstic-F, F|100\/100\n|-activate|p1a: Meowstic|move: Sticky Web\n|-unboost|p1a: Meowstic|spe|1\n|-ability|p1a: Meowstic|Competitive|boost\n|-boost|p1a: Meowstic|spa|2\n|turn|30\n|\n|t:|1701029923\n|move|p2a: Weavile|Triple Axel|p1a: Meowstic|[miss]\n|-miss|p2a: Weavile|p1a: Meowstic\n|move|p1a: Meowstic|Thunder Wave|p2a: Weavile\n|-status|p2a: Weavile|par\n|\n|upkeep\n|turn|31\n|\n|t:|1701029933\n|switch|p2a: Meganium|Meganium, F|100\/100\n|move|p1a: Meowstic|Dark Pulse|p2a: Meganium\n|-damage|p2a: Meganium|55\/100\n|-damage|p1a: Meowstic|91\/100|[from] item: Life Orb\n|\n|-heal|p2a: Meganium|61\/100|[from] item: Leftovers\n|upkeep\n|turn|32\n|\n|t:|1701029946\n|move|p1a: Meowstic|Psychic|p2a: Meganium\n|-damage|p2a: Meganium|0 fnt\n|faint|p2a: Meganium\n|-damage|p1a: Meowstic|81\/100|[from] item: Life Orb\n|\n|upkeep\n|\n|t:|1701029952\n|switch|p2a: Weavile|Weavile, M|32\/100 par\n|-ability|p2a: Weavile|Pressure\n|turn|33\n|\n|t:|1701029958\n|move|p1a: Meowstic|Dark Pulse|p2a: Weavile\n|-resisted|p2a: Weavile\n|-damage|p2a: Weavile|0 fnt\n|faint|p2a: Weavile\n|-damage|p1a: Meowstic|71\/100|[from] item: Life Orb\n|\n|upkeep\n|-message|Scaas forfeited.\n|\n|win|The_Fl000rdtesting\n|raw|The_Fl000rdtesting's rating: 1162 &rarr; <strong>1195<\/strong><br \/>(+33 for winning)\n|raw|Scaas's rating: 1272 &rarr; <strong>1239<\/strong><br \/>(-33 for losing)\n|l|\u2606Scaas\n","uploadtime":1701029988,"views":8,"p1id":"thefl000rdtesting","p2id":"scaas","formatid":"gen9nationaldex","rating":1195,"private":0,"password":""}