{"id":"gen9nationaldex-1997129714","p1":"Regielekiv2","p2":"Socialist Zombie","format":"[Gen 9] National Dex","log":"|html|<div class=\"broadcast-blue\"><strong>[Gen 9] National Dex is currently suspecting Sneasler! For information on how to participate check out the <a href=\"https:\/\/www.smogon.com\/forums\/threads\/sv-national-dex-suspect-8-just-dance.3731534\/\">suspect thread<\/a>.<\/strong><\/div>\n|j|\u2606Regielekiv2\n|j|\u2606Socialist Zombie\n|t:|1700767491\n|gametype|singles\n|player|p1|Regielekiv2|clair|1521\n|player|p2|Socialist Zombie|galacticgrunt|1558\n|teamsize|p1|6\n|teamsize|p2|6\n|gen|9\n|tier|[Gen 9] National Dex\n|rated|\n|rule|HP Percentage Mod: HP is shown in percentages\n|rule|Endless Battle Clause: Forcing endless battles is banned\n|rule|OHKO Clause: OHKO moves are banned\n|rule|Evasion Clause: Evasion abilities, items, and moves are banned\n|rule|Evasion Abilities Clause: Evasion abilities are banned\n|rule|Evasion Items Clause: Evasion items are banned\n|rule|Evasion Moves Clause: Evasion moves are banned\n|rule|Species Clause: Limit one of each Pok\u00e9mon\n|rule|Sleep Clause Mod: Limit one foe put to sleep\n|clearpoke\n|poke|p1|Lopunny, F|\n|poke|p1|Latios, M|\n|poke|p1|Landorus-Therian, M|\n|poke|p1|Tapu Lele|\n|poke|p1|Glimmora, M|\n|poke|p1|Celesteela|\n|poke|p2|Pelipper, M|\n|poke|p2|Tornadus-Therian, M|\n|poke|p2|Swampert, M|\n|poke|p2|Barraskewda, F|\n|poke|p2|Basculegion-F, F|\n|poke|p2|Ferrothorn, F|\n|teampreview\n|inactive|Battle timer is ON: inactive players will automatically lose when time's up. (requested by Socialist Zombie)\n|\n|t:|1700767505\n|start\n|switch|p1a: Phobos|Latios, M|100\/100\n|switch|p2a: Pelipper|Pelipper, M|100\/100\n|-weather|RainDance|[from] ability: Drizzle|[of] p2a: Pelipper\n|turn|1\n|\n|t:|1700767514\n|switch|p2a: Swampert|Swampert, M|100\/100\n|move|p1a: Phobos|Draco Meteor|p2a: Swampert\n|-damage|p2a: Swampert|0 fnt\n|-unboost|p1a: Phobos|spa|2\n|faint|p2a: Swampert\n|\n|-weather|RainDance|[upkeep]\n|upkeep\n|\n|t:|1700767520\n|switch|p2a: Basculegion|Basculegion-F, F|100\/100\n|turn|2\n|inactive|Socialist Zombie has 120 seconds left.\n|\n|t:|1700767579\n|switch|p1a: Celesteela|Celesteela|100\/100\n|move|p2a: Basculegion|Ice Beam|p1a: Celesteela\n|-damage|p1a: Celesteela|73\/100\n|\n|-weather|RainDance|[upkeep]\n|-heal|p1a: Celesteela|79\/100|[from] item: Leftovers\n|upkeep\n|turn|3\n|\n|t:|1700767587\n|switch|p2a: Tornadus|Tornadus-Therian, M|100\/100\n|move|p1a: Celesteela|Leech Seed|p2a: Tornadus\n|-start|p2a: Tornadus|move: Leech Seed\n|\n|-weather|RainDance|[upkeep]\n|-heal|p1a: Celesteela|85\/100|[from] item: Leftovers\n|-damage|p2a: Tornadus|88\/100|[from] Leech Seed|[of] p1a: Celesteela\n|-heal|p1a: Celesteela|94\/100|[silent]\n|upkeep\n|turn|4\n|\n|t:|1700767591\n|move|p2a: Tornadus|U-turn|p1a: Celesteela\n|-resisted|p1a: Celesteela\n|-crit|p1a: Celesteela\n|-damage|p1a: Celesteela|90\/100\n|\n|t:|1700767596\n|switch|p2a: Pelipper|Pelipper, M|100\/100|[from] U-turn\n|move|p1a: Celesteela|Stone Edge|p2a: Pelipper\n|-supereffective|p2a: Pelipper\n|-damage|p2a: Pelipper|67\/100\n|\n|-weather|RainDance|[upkeep]\n|-heal|p1a: Celesteela|96\/100|[from] item: Leftovers\n|upkeep\n|turn|5\n|inactive|Socialist Zombie has 120 seconds left.\n|\n|t:|1700767603\n|move|p2a: Pelipper|U-turn|p1a: Celesteela\n|-resisted|p1a: Celesteela\n|-damage|p1a: Celesteela|94\/100\n|\n|t:|1700767605\n|switch|p2a: Ferrothorn|Ferrothorn, F|100\/100|[from] U-turn\n|move|p1a: Celesteela|Stone Edge|p2a: Ferrothorn\n|-resisted|p2a: Ferrothorn\n|-damage|p2a: Ferrothorn|93\/100\n|\n|-weather|RainDance|[upkeep]\n|-heal|p1a: Celesteela|99\/100|[from] item: Leftovers\n|upkeep\n|turn|6\n|\n|t:|1700767607\n|move|p1a: Celesteela|Flamethrower|p2a: Ferrothorn\n|-supereffective|p2a: Ferrothorn\n|-damage|p2a: Ferrothorn|61\/100\n|move|p2a: Ferrothorn|Leech Seed|p1a: Celesteela\n|-start|p1a: Celesteela|move: Leech Seed\n|\n|-weather|RainDance|[upkeep]\n|-heal|p1a: Celesteela|100\/100|[from] item: Leftovers\n|-damage|p1a: Celesteela|88\/100|[from] Leech Seed|[of] p2a: Ferrothorn\n|-heal|p2a: Ferrothorn|75\/100|[silent]\n|upkeep\n|turn|7\n|\n|t:|1700767614\n|switch|p1a: Lopunny|Lopunny, F, shiny|100\/100\n|move|p2a: Ferrothorn|Stealth Rock|p1a: Lopunny\n|-sidestart|p1: Regielekiv2|move: Stealth Rock\n|\n|-weather|RainDance|[upkeep]\n|upkeep\n|turn|8\n|\n|t:|1700767625\n|detailschange|p1a: Lopunny|Lopunny-Mega, F, shiny\n|-mega|p1a: Lopunny|Lopunny|Lopunnite\n|move|p1a: Lopunny|Close Combat|p2a: Ferrothorn\n|-supereffective|p2a: Ferrothorn\n|-damage|p2a: Ferrothorn|0 fnt\n|-unboost|p1a: Lopunny|def|1\n|-unboost|p1a: Lopunny|spd|1\n|-damage|p1a: Lopunny|88\/100|[from] ability: Iron Barbs|[of] p2a: Ferrothorn\n|-damage|p1a: Lopunny|72\/100|[from] item: Rocky Helmet|[of] p2a: Ferrothorn\n|faint|p2a: Ferrothorn\n|\n|-weather|none\n|upkeep\n|\n|t:|1700767631\n|switch|p2a: Pelipper|Pelipper, M|67\/100\n|-weather|RainDance|[from] ability: Drizzle|[of] p2a: Pelipper\n|turn|9\n|inactive|Regielekiv2 has 120 seconds left.\n|\n|t:|1700767675\n|move|p1a: Lopunny|U-turn|p2a: Pelipper\n|-resisted|p2a: Pelipper\n|-damage|p2a: Pelipper|57\/100\n|\n|t:|1700767677\n|switch|p1a: Celesteela|Celesteela|88\/100|[from] U-turn\n|-damage|p1a: Celesteela|76\/100|[from] Stealth Rock\n|move|p2a: Pelipper|U-turn|p1a: Celesteela\n|-resisted|p1a: Celesteela\n|-crit|p1a: Celesteela\n|-damage|p1a: Celesteela|73\/100\n|\n|t:|1700767681\n|switch|p2a: Basculegion|Basculegion-F, F|100\/100|[from] U-turn\n|\n|-weather|RainDance|[upkeep]\n|-heal|p1a: Celesteela|79\/100|[from] item: Leftovers\n|upkeep\n|turn|10\n|\n|t:|1700767686\n|-terastallize|p2a: Basculegion|Water\n|move|p2a: Basculegion|Hydro Pump|p1a: Celesteela\n|-damage|p1a: Celesteela|0 fnt\n|faint|p1a: Celesteela\n|\n|-weather|RainDance|[upkeep]\n|upkeep\n|inactive|Regielekiv2 has 120 seconds left.\n|\n|t:|1700767700\n|switch|p1a: Phobos|Latios, M|100\/100\n|-damage|p1a: Phobos|88\/100|[from] Stealth Rock\n|turn|11\n|\n|t:|1700767704\n|switch|p2a: Tornadus|Tornadus-Therian, M|100\/100\n|move|p1a: Phobos|Draco Meteor|p2a: Tornadus\n|-damage|p2a: Tornadus|0 fnt\n|-unboost|p1a: Phobos|spa|2\n|faint|p2a: Tornadus\n|\n|-weather|RainDance|[upkeep]\n|upkeep\n|\n|t:|1700767710\n|switch|p2a: Basculegion|Basculegion-F, F, tera:Water|100\/100\n|turn|12\n|\n|t:|1700767716\n|switch|p1a: Glimmora|Glimmora, M|100\/100\n|-damage|p1a: Glimmora|88\/100|[from] Stealth Rock\n|move|p2a: Basculegion|Shadow Ball|p1a: Glimmora\n|-damage|p1a: Glimmora|16\/100\n|\n|-weather|RainDance|[upkeep]\n|upkeep\n|turn|13\n|\n|t:|1700767721\n|switch|p2a: Barraskewda|Barraskewda, F|100\/100\n|move|p1a: Glimmora|Energy Ball|p2a: Barraskewda\n|-supereffective|p2a: Barraskewda\n|-damage|p2a: Barraskewda|0 fnt\n|faint|p2a: Barraskewda\n|\n|-weather|RainDance|[upkeep]\n|upkeep\n|\n|t:|1700767724\n|switch|p2a: Basculegion|Basculegion-F, F, tera:Water|100\/100\n|turn|14\n|\n|t:|1700767727\n|move|p2a: Basculegion|Surf|p1a: Glimmora\n|-supereffective|p1a: Glimmora\n|-damage|p1a: Glimmora|0 fnt\n|faint|p1a: Glimmora\n|\n|-weather|RainDance|[upkeep]\n|upkeep\n|\n|t:|1700767731\n|switch|p1a: Phobos|Latios, M|88\/100\n|-damage|p1a: Phobos|76\/100|[from] Stealth Rock\n|turn|15\n|\n|t:|1700767735\n|move|p2a: Basculegion|Surf|p1a: Phobos\n|-resisted|p1a: Phobos\n|-damage|p1a: Phobos|13\/100\n|move|p1a: Phobos|Draco Meteor|p2a: Basculegion\n|-damage|p2a: Basculegion|0 fnt\n|-unboost|p1a: Phobos|spa|2\n|faint|p2a: Basculegion\n|\n|-weather|RainDance|[upkeep]\n|upkeep\n|-message|Socialist Zombie forfeited.\n|\n|win|Regielekiv2\n|raw|Regielekiv2's rating: 1521 &rarr; <strong>1543<\/strong><br \/>(+22 for winning)\n|raw|Socialist Zombie's rating: 1558 &rarr; <strong>1536<\/strong><br \/>(-22 for losing)\n|l|\u2606Socialist Zombie\n","uploadtime":1700767752,"views":6,"p1id":"regielekiv2","p2id":"socialistzombie","formatid":"gen9nationaldex","rating":1536,"private":0,"password":""}