{"id":"gen9nationaldex-1989177184","p1":"Motives","p2":"Green Misfire","format":"[Gen 9] National Dex","log":"|j|\u2606Motives\n|j|\u2606Green Misfire\n|t:|1699820357\n|gametype|singles\n|player|p1|Motives|adaman|1585\n|player|p2|Green Misfire|acetrainer-gen4dp|1632\n|teamsize|p1|6\n|teamsize|p2|6\n|gen|9\n|tier|[Gen 9] National Dex\n|rated|\n|rule|HP Percentage Mod: HP is shown in percentages\n|rule|Endless Battle Clause: Forcing endless battles is banned\n|rule|OHKO Clause: OHKO moves are banned\n|rule|Evasion Clause: Evasion abilities, items, and moves are banned\n|rule|Evasion Abilities Clause: Evasion abilities are banned\n|rule|Evasion Items Clause: Evasion items are banned\n|rule|Evasion Moves Clause: Evasion moves are banned\n|rule|Species Clause: Limit one of each Pok\u00e9mon\n|rule|Sleep Clause Mod: Limit one foe put to sleep\n|clearpoke\n|poke|p1|Corviknight, M|\n|poke|p1|Ting-Lu|\n|poke|p1|Pyukumuku, F|\n|poke|p1|Cresselia, F|\n|poke|p1|Ditto|\n|poke|p1|Rabsca, M|\n|poke|p2|Venusaur, M|\n|poke|p2|Ferrothorn, M|\n|poke|p2|Breloom, M|\n|poke|p2|Whimsicott, F|\n|poke|p2|Kartana|\n|poke|p2|Sinistcha-Masterpiece|\n|teampreview\n|inactive|Battle timer is ON: inactive players will automatically lose when time's up. (requested by Green Misfire)\n|\n|t:|1699820371\n|start\n|switch|p1a: Ting-Lu|Ting-Lu|100\/100\n|switch|p2a: Sencha|Sinistcha-Masterpiece|100\/100\n|-ability|p1a: Ting-Lu|Vessel of Ruin\n|turn|1\n|\n|t:|1699820377\n|move|p2a: Sencha|Matcha Gotcha|p1a: Ting-Lu\n|-supereffective|p1a: Ting-Lu\n|-damage|p1a: Ting-Lu|74\/100\n|-status|p1a: Ting-Lu|brn\n|move|p1a: Ting-Lu|Stealth Rock|p2a: Sencha\n|-sidestart|p2: Green Misfire|move: Stealth Rock\n|\n|-heal|p1a: Ting-Lu|81\/100 brn|[from] item: Leftovers\n|-damage|p1a: Ting-Lu|74\/100 brn|[from] brn\n|upkeep\n|turn|2\n|\n|t:|1699820386\n|switch|p1a: Cresselia|Cresselia, F|100\/100\n|move|p2a: Sencha|Matcha Gotcha|p1a: Cresselia\n|-damage|p1a: Cresselia|81\/100\n|\n|upkeep\n|turn|3\n|\n|t:|1699820390\n|move|p1a: Cresselia|Trick|p2a: Sencha\n|-activate|p1a: Cresselia|move: Trick|[of] p2a: Sencha\n|-item|p2a: Sencha|Choice Scarf|[from] move: Trick\n|-item|p1a: Cresselia|Weakness Policy|[from] move: Trick\n|move|p2a: Sencha|Substitute|p2a: Sencha\n|-start|p2a: Sencha|Substitute\n|-damage|p2a: Sencha|76\/100\n|\n|upkeep\n|turn|4\n|\n|t:|1699820397\n|switch|p2a: Thorns|Ferrothorn, M|100\/100\n|-damage|p2a: Thorns|94\/100|[from] Stealth Rock\n|move|p1a: Cresselia|Reflect|p1a: Cresselia\n|-sidestart|p1: Motives|Reflect\n|\n|-heal|p2a: Thorns|100\/100|[from] item: Leftovers\n|upkeep\n|turn|5\n|\n|t:|1699820407\n|switch|p1a: Ditto|Ditto|100\/100\n|-transform|p1a: Ditto|p2a: Thorns|[from] ability: Imposter\n|move|p2a: Thorns|Stealth Rock|p1a: Ditto\n|-sidestart|p1: Motives|move: Stealth Rock\n|\n|upkeep\n|turn|6\n|\n|t:|1699820419\n|switch|p1a: Rabsca|Rabsca, M|100\/100\n|-damage|p1a: Rabsca|76\/100|[from] Stealth Rock\n|move|p2a: Thorns|Thunder Wave|p1a: Rabsca\n|-status|p1a: Rabsca|par\n|-activate|p1a: Rabsca|ability: Synchronize\n|-status|p2a: Thorns|par\n|\n|upkeep\n|turn|7\n|\n|t:|1699820425\n|switch|p1a: Corviknight|Corviknight, M|100\/100\n|-damage|p1a: Corviknight|88\/100|[from] Stealth Rock\n|-ability|p1a: Corviknight|Pressure\n|move|p2a: Thorns|Leech Seed|p1a: Corviknight\n|-start|p1a: Corviknight|move: Leech Seed\n|\n|-heal|p1a: Corviknight|94\/100|[from] item: Leftovers\n|-damage|p1a: Corviknight|82\/100|[from] Leech Seed|[of] p2a: Thorns\n|upkeep\n|turn|8\n|\n|t:|1699820428\n|move|p1a: Corviknight|Spite|p2a: Thorns\n|-activate|p2a: Thorns|move: Spite|Leech Seed|4\n|move|p2a: Thorns|Thunder Wave|p1a: Corviknight\n|-status|p1a: Corviknight|par\n|\n|-heal|p1a: Corviknight|88\/100 par|[from] item: Leftovers\n|-damage|p1a: Corviknight|76\/100 par|[from] Leech Seed|[of] p2a: Thorns\n|-sideend|p1: Motives|Reflect\n|upkeep\n|turn|9\n|\n|t:|1699820435\n|switch|p2a: Sencha|Sinistcha-Masterpiece|76\/100\n|-damage|p2a: Sencha|63\/100|[from] Stealth Rock\n|cant|p1a: Corviknight|par\n|\n|-heal|p1a: Corviknight|82\/100 par|[from] item: Leftovers\n|-damage|p1a: Corviknight|69\/100 par|[from] Leech Seed|[of] p2a: Sencha\n|-heal|p2a: Sencha|77\/100|[silent]\n|upkeep\n|turn|10\n|\n|t:|1699820446\n|move|p2a: Sencha|Shadow Ball|p1a: Corviknight\n|-damage|p1a: Corviknight|48\/100 par\n|move|p1a: Corviknight|Roost|p1a: Corviknight\n|-heal|p1a: Corviknight|98\/100 par\n|-singleturn|p1a: Corviknight|move: Roost\n|\n|-heal|p1a: Corviknight|100\/100 par|[from] item: Leftovers\n|-damage|p1a: Corviknight|88\/100 par|[from] Leech Seed|[of] p2a: Sencha\n|-heal|p2a: Sencha|92\/100|[silent]\n|upkeep\n|turn|11\n|\n|t:|1699820452\n|move|p2a: Sencha|Shadow Ball|p1a: Corviknight\n|-damage|p1a: Corviknight|66\/100 par\n|-unboost|p1a: Corviknight|spd|1\n|move|p1a: Corviknight|Defog|p2a: Sencha\n|-unboost|p2a: Sencha|evasion|1\n|-sideend|p2: Green Misfire|Stealth Rock|[from] move: Defog|[of] p1a: Corviknight\n|-sideend|p1: Motives|Stealth Rock|[from] move: Defog|[of] p1a: Corviknight\n|\n|-heal|p1a: Corviknight|72\/100 par|[from] item: Leftovers\n|-damage|p1a: Corviknight|60\/100 par|[from] Leech Seed|[of] p2a: Sencha\n|-heal|p2a: Sencha|100\/100|[silent]\n|upkeep\n|turn|12\n|\n|t:|1699820459\n|switch|p1a: Ting-Lu|Ting-Lu|74\/100 brn\n|-ability|p1a: Ting-Lu|Vessel of Ruin\n|move|p2a: Sencha|Shadow Ball|p1a: Ting-Lu\n|-resisted|p1a: Ting-Lu\n|-damage|p1a: Ting-Lu|68\/100 brn\n|-unboost|p1a: Ting-Lu|spd|1\n|\n|-heal|p1a: Ting-Lu|74\/100 brn|[from] item: Leftovers\n|-damage|p1a: Ting-Lu|68\/100 brn|[from] brn\n|upkeep\n|turn|13\n|\n|t:|1699820466\n|switch|p2a: Saur|Venusaur, M|100\/100\n|move|p1a: Ting-Lu|Stealth Rock|p2a: Saur\n|-sidestart|p2: Green Misfire|move: Stealth Rock\n|\n|-heal|p1a: Ting-Lu|74\/100 brn|[from] item: Leftovers\n|-damage|p1a: Ting-Lu|68\/100 brn|[from] brn\n|upkeep\n|turn|14\n|\n|t:|1699820477\n|switch|p1a: Corviknight|Corviknight, M|60\/100 par\n|-ability|p1a: Corviknight|Pressure\n|detailschange|p2a: Saur|Venusaur-Mega, M\n|-mega|p2a: Saur|Venusaur|Venusaurite\n|move|p2a: Saur|Giga Drain|p1a: Corviknight\n|-resisted|p1a: Corviknight\n|-damage|p1a: Corviknight|53\/100 par\n|\n|-heal|p1a: Corviknight|59\/100 par|[from] item: Leftovers\n|upkeep\n|turn|15\n|\n|t:|1699820481\n|move|p2a: Saur|Hidden Power|p1a: Corviknight\n|-supereffective|p1a: Corviknight\n|-damage|p1a: Corviknight|27\/100 par\n|move|p1a: Corviknight|Roost|p1a: Corviknight\n|-heal|p1a: Corviknight|77\/100 par\n|-singleturn|p1a: Corviknight|move: Roost\n|\n|-heal|p1a: Corviknight|83\/100 par|[from] item: Leftovers\n|upkeep\n|turn|16\n|\n|t:|1699820495\n|switch|p2a: Thorns|Ferrothorn, M|100\/100 par\n|-damage|p2a: Thorns|94\/100 par|[from] Stealth Rock\n|switch|p1a: Cresselia|Cresselia, F|81\/100\n|\n|-heal|p2a: Thorns|100\/100 par|[from] item: Leftovers\n|upkeep\n|turn|17\n|\n|t:|1699820500\n|move|p1a: Cresselia|Trick|p2a: Thorns\n|-activate|p1a: Cresselia|move: Trick|[of] p2a: Thorns\n|-item|p2a: Thorns|Weakness Policy|[from] move: Trick\n|-item|p1a: Cresselia|Leftovers|[from] move: Trick\n|cant|p2a: Thorns|par\n|\n|-heal|p1a: Cresselia|87\/100|[from] item: Leftovers\n|upkeep\n|turn|18\n|\n|t:|1699820511\n|switch|p1a: Corviknight|Corviknight, M|83\/100 par\n|-ability|p1a: Corviknight|Pressure\n|move|p2a: Thorns|Stealth Rock|p1a: Corviknight\n|-sidestart|p1: Motives|move: Stealth Rock\n|\n|-heal|p1a: Corviknight|89\/100 par|[from] item: Leftovers\n|upkeep\n|turn|19\n|\n|t:|1699820515\n|cant|p1a: Corviknight|par\n|move|p2a: Thorns|Leech Seed|p1a: Corviknight\n|-start|p1a: Corviknight|move: Leech Seed\n|\n|-heal|p1a: Corviknight|95\/100 par|[from] item: Leftovers\n|-damage|p1a: Corviknight|83\/100 par|[from] Leech Seed|[of] p2a: Thorns\n|upkeep\n|turn|20\n|\n|t:|1699820524\n|switch|p2a: Fluffy|Whimsicott, F, shiny|100\/100\n|-damage|p2a: Fluffy|88\/100|[from] Stealth Rock\n|cant|p1a: Corviknight|par\n|\n|-heal|p2a: Fluffy|94\/100|[from] item: Leftovers\n|-heal|p1a: Corviknight|89\/100 par|[from] item: Leftovers\n|-damage|p1a: Corviknight|76\/100 par|[from] Leech Seed|[of] p2a: Fluffy\n|-heal|p2a: Fluffy|100\/100|[silent]\n|upkeep\n|turn|21\n|\n|t:|1699820529\n|move|p2a: Fluffy|Substitute|p2a: Fluffy\n|-start|p2a: Fluffy|Substitute\n|-damage|p2a: Fluffy|76\/100\n|cant|p1a: Corviknight|par\n|\n|-heal|p2a: Fluffy|82\/100|[from] item: Leftovers\n|-heal|p1a: Corviknight|82\/100 par|[from] item: Leftovers\n|-damage|p1a: Corviknight|70\/100 par|[from] Leech Seed|[of] p2a: Fluffy\n|-heal|p2a: Fluffy|97\/100|[silent]\n|upkeep\n|turn|22\n|\n|t:|1699820533\n|move|p2a: Fluffy|Moonblast|p1a: Corviknight\n|-resisted|p1a: Corviknight\n|-damage|p1a: Corviknight|61\/100 par\n|move|p1a: Corviknight|Defog|p2a: Fluffy\n|-sideend|p2: Green Misfire|Stealth Rock|[from] move: Defog|[of] p1a: Corviknight\n|-sideend|p1: Motives|Stealth Rock|[from] move: Defog|[of] p1a: Corviknight\n|\n|-heal|p2a: Fluffy|100\/100|[from] item: Leftovers\n|-heal|p1a: Corviknight|67\/100 par|[from] item: Leftovers\n|-damage|p1a: Corviknight|55\/100 par|[from] Leech Seed|[of] p2a: Fluffy\n|upkeep\n|turn|23\n|\n|t:|1699820539\n|move|p2a: Fluffy|Moonblast|p1a: Corviknight\n|-resisted|p1a: Corviknight\n|-damage|p1a: Corviknight|45\/100 par\n|cant|p1a: Corviknight|par\n|\n|-heal|p1a: Corviknight|51\/100 par|[from] item: Leftovers\n|-damage|p1a: Corviknight|39\/100 par|[from] Leech Seed|[of] p2a: Fluffy\n|upkeep\n|turn|24\n|\n|t:|1699820547\n|switch|p2a: Saur|Venusaur-Mega, M|100\/100\n|move|p1a: Corviknight|Roost|p1a: Corviknight\n|-heal|p1a: Corviknight|89\/100 par\n|-singleturn|p1a: Corviknight|move: Roost\n|\n|-heal|p1a: Corviknight|95\/100 par|[from] item: Leftovers\n|-damage|p1a: Corviknight|83\/100 par|[from] Leech Seed|[of] p2a: Saur\n|upkeep\n|turn|25\n|\n|t:|1699820557\n|switch|p1a: Ditto|Ditto|100\/100\n|-transform|p1a: Ditto|p2a: Saur|[from] ability: Imposter\n|move|p2a: Saur|Sludge Bomb|p1a: Ditto\n|-damage|p1a: Ditto|55\/100\n|\n|upkeep\n|turn|26\n|\n|t:|1699820574\n|switch|p1a: Cresselia|Cresselia, F|87\/100\n|move|p2a: Saur|Sludge Bomb|p1a: Cresselia\n|-damage|p1a: Cresselia|52\/100\n|\n|-heal|p1a: Cresselia|58\/100|[from] item: Leftovers\n|upkeep\n|turn|27\n|\n|t:|1699820579\n|move|p1a: Cresselia|Moonlight|p1a: Cresselia\n|-heal|p1a: Cresselia|100\/100\n|move|p2a: Saur|Sludge Bomb|p1a: Cresselia\n|-damage|p1a: Cresselia|66\/100\n|-status|p1a: Cresselia|psn\n|\n|-heal|p1a: Cresselia|72\/100 psn|[from] item: Leftovers\n|-damage|p1a: Cresselia|60\/100 psn|[from] psn\n|upkeep\n|turn|28\n|\n|t:|1699820590\n|switch|p1a: Corviknight|Corviknight, M|83\/100 par\n|-ability|p1a: Corviknight|Pressure\n|move|p2a: Saur|Sludge Bomb|p1a: Corviknight\n|-immune|p1a: Corviknight\n|\n|-heal|p1a: Corviknight|89\/100 par|[from] item: Leftovers\n|upkeep\n|turn|29\n|\n|t:|1699820596\n|switch|p1a: Pyukumuku|Pyukumuku, F|100\/100\n|move|p2a: Saur|Hidden Power|p1a: Pyukumuku\n|-resisted|p1a: Pyukumuku\n|-damage|p1a: Pyukumuku|92\/100\n|\n|upkeep\n|turn|30\n|\n|t:|1699820601\n|switch|p2a: Fluffy|Whimsicott, F, shiny|100\/100\n|move|p1a: Pyukumuku|Mirror Coat||[still]\n|-fail|p1a: Pyukumuku\n|\n|upkeep\n|turn|31\n|\n|t:|1699820618\n|switch|p1a: Corviknight|Corviknight, M|89\/100 par\n|-ability|p1a: Corviknight|Pressure\n|move|p2a: Fluffy|Substitute|p2a: Fluffy\n|-start|p2a: Fluffy|Substitute\n|-damage|p2a: Fluffy|76\/100\n|\n|-heal|p2a: Fluffy|82\/100|[from] item: Leftovers\n|-heal|p1a: Corviknight|95\/100 par|[from] item: Leftovers\n|upkeep\n|turn|32\n|\n|t:|1699820621\n|move|p2a: Fluffy|Leech Seed|p1a: Corviknight\n|-start|p1a: Corviknight|move: Leech Seed\n|move|p1a: Corviknight|Spite|p2a: Fluffy\n|-activate|p2a: Fluffy|move: Spite|Leech Seed|4\n|\n|-heal|p2a: Fluffy|88\/100|[from] item: Leftovers\n|-heal|p1a: Corviknight|100\/100 par|[from] item: Leftovers\n|-damage|p1a: Corviknight|88\/100 par|[from] Leech Seed|[of] p2a: Fluffy\n|-heal|p2a: Fluffy|100\/100|[silent]\n|upkeep\n|turn|33\n|\n|t:|1699820636\n|switch|p2a: Thorns|Ferrothorn, M|100\/100 par\n|switch|p1a: Ting-Lu|Ting-Lu|68\/100 brn\n|-ability|p1a: Ting-Lu|Vessel of Ruin\n|\n|-heal|p1a: Ting-Lu|74\/100 brn|[from] item: Leftovers\n|-damage|p1a: Ting-Lu|68\/100 brn|[from] brn\n|upkeep\n|turn|34\n|\n|t:|1699820640\n|move|p1a: Ting-Lu|Sand Tomb|p2a: Thorns\n|-damage|p2a: Thorns|97\/100 par\n|-activate|p2a: Thorns|move: Sand Tomb|[of] p1a: Ting-Lu\n|move|p2a: Thorns|Stealth Rock|p1a: Ting-Lu\n|-sidestart|p1: Motives|move: Stealth Rock\n|\n|-heal|p1a: Ting-Lu|74\/100 brn|[from] item: Leftovers\n|-damage|p1a: Ting-Lu|68\/100 brn|[from] brn\n|-damage|p2a: Thorns|85\/100 par|[from] move: Sand Tomb|[partiallytrapped]\n|upkeep\n|turn|35\n|\n|t:|1699820646\n|move|p1a: Ting-Lu|Stealth Rock|p2a: Thorns\n|-sidestart|p2: Green Misfire|move: Stealth Rock\n|cant|p2a: Thorns|par\n|\n|-heal|p1a: Ting-Lu|74\/100 brn|[from] item: Leftovers\n|-damage|p1a: Ting-Lu|68\/100 brn|[from] brn\n|-damage|p2a: Thorns|72\/100 par|[from] move: Sand Tomb|[partiallytrapped]\n|upkeep\n|turn|36\n|\n|t:|1699820659\n|move|p1a: Ting-Lu|Sand Tomb|p2a: Thorns\n|-damage|p2a: Thorns|68\/100 par\n|move|p2a: Thorns|Leech Seed|p1a: Ting-Lu\n|-start|p1a: Ting-Lu|move: Leech Seed\n|\n|-heal|p1a: Ting-Lu|74\/100 brn|[from] item: Leftovers\n|-damage|p1a: Ting-Lu|61\/100 brn|[from] Leech Seed|[of] p2a: Thorns\n|-heal|p2a: Thorns|87\/100 par|[silent]\n|-damage|p1a: Ting-Lu|55\/100 brn|[from] brn\n|-damage|p2a: Thorns|74\/100 par|[from] move: Sand Tomb|[partiallytrapped]\n|upkeep\n|turn|37\n|\n|t:|1699820662\n|switch|p1a: Corviknight|Corviknight, M|88\/100 par\n|-damage|p1a: Corviknight|76\/100 par|[from] Stealth Rock\n|-ability|p1a: Corviknight|Pressure\n|cant|p2a: Thorns|par\n|\n|-heal|p1a: Corviknight|82\/100 par|[from] item: Leftovers\n|-end|p2a: Thorns|Sand Tomb|[partiallytrapped]|[silent]\n|upkeep\n|turn|38\n|\n|t:|1699820667\n|move|p1a: Corviknight|Spite|p2a: Thorns\n|-activate|p2a: Thorns|move: Spite|Leech Seed|4\n|move|p2a: Thorns|Leech Seed|p1a: Corviknight\n|-start|p1a: Corviknight|move: Leech Seed\n|\n|-heal|p1a: Corviknight|88\/100 par|[from] item: Leftovers\n|-damage|p1a: Corviknight|76\/100 par|[from] Leech Seed|[of] p2a: Thorns\n|-heal|p2a: Thorns|88\/100 par|[silent]\n|upkeep\n|turn|39\n|\n|t:|1699820678\n|switch|p2a: Saur|Venusaur-Mega, M|100\/100\n|-damage|p2a: Saur|88\/100|[from] Stealth Rock\n|move|p1a: Corviknight|Defog|p2a: Saur\n|-unboost|p2a: Saur|evasion|1\n|-sideend|p2: Green Misfire|Stealth Rock|[from] move: Defog|[of] p1a: Corviknight\n|-sideend|p1: Motives|Stealth Rock|[from] move: Defog|[of] p1a: Corviknight\n|\n|-heal|p1a: Corviknight|82\/100 par|[from] item: Leftovers\n|-damage|p1a: Corviknight|69\/100 par|[from] Leech Seed|[of] p2a: Saur\n|-heal|p2a: Saur|100\/100|[silent]\n|upkeep\n|turn|40\n|\n|t:|1699820689\n|switch|p1a: Pyukumuku|Pyukumuku, F|92\/100\n|move|p2a: Saur|Hidden Power|p1a: Pyukumuku\n|-resisted|p1a: Pyukumuku\n|-damage|p1a: Pyukumuku|83\/100\n|\n|upkeep\n|turn|41\n|\n|t:|1699820694\n|switch|p2a: Thorns|Ferrothorn, M|88\/100 par\n|move|p1a: Pyukumuku|Mirror Coat||[still]\n|-fail|p1a: Pyukumuku\n|\n|upkeep\n|turn|42\n|\n|t:|1699820700\n|switch|p1a: Corviknight|Corviknight, M|69\/100 par\n|-ability|p1a: Corviknight|Pressure\n|move|p2a: Thorns|Leech Seed|p1a: Corviknight\n|-start|p1a: Corviknight|move: Leech Seed\n|\n|-heal|p1a: Corviknight|75\/100 par|[from] item: Leftovers\n|-damage|p1a: Corviknight|63\/100 par|[from] Leech Seed|[of] p2a: Thorns\n|-heal|p2a: Thorns|100\/100 par|[silent]\n|upkeep\n|turn|43\n|\n|t:|1699820706\n|switch|p1a: Ditto|Ditto|55\/100\n|-transform|p1a: Ditto|p2a: Thorns|[from] ability: Imposter\n|cant|p2a: Thorns|par\n|\n|upkeep\n|turn|44\n|\n|t:|1699820710\n|switch|p1a: Corviknight|Corviknight, M|63\/100 par\n|-ability|p1a: Corviknight|Pressure\n|move|p2a: Thorns|Thunder Wave|p1a: Corviknight\n|-fail|p1a: Corviknight|par\n|\n|-heal|p1a: Corviknight|69\/100 par|[from] item: Leftovers\n|upkeep\n|turn|45\n|\n|t:|1699820718\n|move|p1a: Corviknight|Spite|p2a: Thorns\n|-activate|p2a: Thorns|move: Spite|Thunder Wave|4\n|cant|p2a: Thorns|par\n|\n|-heal|p1a: Corviknight|75\/100 par|[from] item: Leftovers\n|upkeep\n|turn|46\n|\n|t:|1699820725\n|cant|p1a: Corviknight|par\n|move|p2a: Thorns|Stealth Rock|p1a: Corviknight\n|-sidestart|p1: Motives|move: Stealth Rock\n|\n|-heal|p1a: Corviknight|81\/100 par|[from] item: Leftovers\n|upkeep\n|turn|47\n|\n|t:|1699820730\n|switch|p2a: Saur|Venusaur-Mega, M|100\/100\n|move|p1a: Corviknight|Defog|p2a: Saur\n|-unboost|p2a: Saur|evasion|1\n|-sideend|p1: Motives|Stealth Rock|[from] move: Defog|[of] p1a: Corviknight\n|\n|-heal|p1a: Corviknight|87\/100 par|[from] item: Leftovers\n|upkeep\n|turn|48\n|\n|t:|1699820734\n|move|p2a: Saur|Hidden Power|p1a: Corviknight\n|-supereffective|p1a: Corviknight\n|-damage|p1a: Corviknight|58\/100 par\n|move|p1a: Corviknight|Spite|p2a: Saur\n|-activate|p2a: Saur|move: Spite|Hidden Power|4\n|\n|-heal|p1a: Corviknight|64\/100 par|[from] item: Leftovers\n|upkeep\n|turn|49\n|\n|t:|1699820747\n|move|p2a: Saur|Sludge Bomb|p1a: Corviknight\n|-immune|p1a: Corviknight\n|move|p1a: Corviknight|Roost|p1a: Corviknight\n|-heal|p1a: Corviknight|100\/100 par\n|-singleturn|p1a: Corviknight|move: Roost\n|\n|upkeep\n|turn|50\n|\n|t:|1699820752\n|switch|p2a: Fluffy|Whimsicott, F, shiny|100\/100\n|move|p1a: Corviknight|Spite||[still]\n|-fail|p1a: Corviknight\n|\n|upkeep\n|turn|51\n|\n|t:|1699820760\n|move|p2a: Fluffy|Leech Seed|p1a: Corviknight\n|-start|p1a: Corviknight|move: Leech Seed\n|move|p1a: Corviknight|Spite|p2a: Fluffy\n|-activate|p2a: Fluffy|move: Spite|Leech Seed|4\n|\n|-damage|p1a: Corviknight|88\/100 par|[from] Leech Seed|[of] p2a: Fluffy\n|upkeep\n|turn|52\n|\n|t:|1699820772\n|switch|p2a: Saur|Venusaur-Mega, M|100\/100\n|switch|p1a: Ting-Lu|Ting-Lu|55\/100 brn\n|-ability|p1a: Ting-Lu|Vessel of Ruin\n|\n|-heal|p1a: Ting-Lu|61\/100 brn|[from] item: Leftovers\n|-damage|p1a: Ting-Lu|55\/100 brn|[from] brn\n|upkeep\n|turn|53\n|inactive|Green Misfire has 120 seconds left.\n|\n|t:|1699820824\n|switch|p1a: Corviknight|Corviknight, M|88\/100 par\n|-ability|p1a: Corviknight|Pressure\n|move|p2a: Saur|Giga Drain|p1a: Corviknight\n|-resisted|p1a: Corviknight\n|-damage|p1a: Corviknight|81\/100 par\n|\n|-heal|p1a: Corviknight|87\/100 par|[from] item: Leftovers\n|upkeep\n|turn|54\n|\n|t:|1699820834\n|switch|p1a: Ting-Lu|Ting-Lu|55\/100 brn\n|-ability|p1a: Ting-Lu|Vessel of Ruin\n|move|p2a: Saur|Hidden Power|p1a: Ting-Lu\n|-damage|p1a: Ting-Lu|45\/100 brn\n|\n|-heal|p1a: Ting-Lu|51\/100 brn|[from] item: Leftovers\n|-damage|p1a: Ting-Lu|45\/100 brn|[from] brn\n|upkeep\n|turn|55\n|\n|t:|1699820839\n|switch|p2a: Blade|Kartana|100\/100\n|switch|p1a: Corviknight|Corviknight, M|87\/100 par\n|-ability|p1a: Corviknight|Pressure\n|\n|-heal|p1a: Corviknight|93\/100 par|[from] item: Leftovers\n|upkeep\n|turn|56\n|inactive|Green Misfire has 120 seconds left.\n|\n|t:|1699820846\n|move|p1a: Corviknight|Protect|p1a: Corviknight\n|-singleturn|p1a: Corviknight|Protect\n|move|p2a: Blade|Sacred Sword|p1a: Corviknight\n|-activate|p1a: Corviknight|move: Protect\n|\n|-heal|p1a: Corviknight|99\/100 par|[from] item: Leftovers\n|upkeep\n|turn|57\n|inactive|Green Misfire has 120 seconds left.\n|\n|t:|1699820857\n|switch|p1a: Cresselia|Cresselia, F|60\/100 psn\n|move|p2a: Blade|Sacred Sword|p1a: Cresselia\n|-resisted|p1a: Cresselia\n|-damage|p1a: Cresselia|45\/100 psn\n|\n|-heal|p1a: Cresselia|51\/100 psn|[from] item: Leftovers\n|-damage|p1a: Cresselia|39\/100 psn|[from] psn\n|upkeep\n|turn|58\n|\n|t:|1699820860\n|move|p2a: Blade|Leaf Blade|p1a: Cresselia\n|-damage|p1a: Cresselia|0 fnt\n|faint|p1a: Cresselia\n|-ability|p2a: Blade|Beast Boost|boost\n|-boost|p2a: Blade|atk|1\n|\n|upkeep\n|\n|t:|1699820864\n|switch|p1a: Ditto|Ditto|55\/100\n|-transform|p1a: Ditto|p2a: Blade|[from] ability: Imposter\n|turn|59\n|\n|t:|1699820869\n|switch|p2a: Sencha|Sinistcha-Masterpiece|100\/100\n|move|p1a: Ditto|Sacred Sword|p2a: Sencha\n|-immune|p2a: Sencha\n|\n|upkeep\n|turn|60\n|\n|t:|1699820882\n|switch|p1a: Corviknight|Corviknight, M|99\/100 par\n|-ability|p1a: Corviknight|Pressure\n|move|p2a: Sencha|Matcha Gotcha|p1a: Corviknight\n|-resisted|p1a: Corviknight\n|-damage|p1a: Corviknight|93\/100 par\n|\n|-heal|p1a: Corviknight|99\/100 par|[from] item: Leftovers\n|upkeep\n|turn|61\n|\n|t:|1699820893\n|switch|p2a: Thorns|Ferrothorn, M|100\/100 par\n|switch|p1a: Rabsca|Rabsca, M|76\/100 par\n|\n|upkeep\n|turn|62\n|\n|t:|1699820899\n|move|p1a: Rabsca|Revival Blessing|p1a: Rabsca\n|-enditem|p1a: Rabsca|Leppa Berry|[eat]\n|-activate|p1a: Rabsca|item: Leppa Berry|Revival Blessing|[consumed]\n|\n|t:|1699820902\n|-heal|p1: Cresselia|50\/100|[from] move: Revival Blessing\n|move|p2a: Thorns|Stealth Rock|p1a: Rabsca\n|-sidestart|p1: Motives|move: Stealth Rock\n|\n|upkeep\n|turn|63\n|\n|t:|1699820916\n|switch|p1a: Corviknight|Corviknight, M|99\/100 par\n|-damage|p1a: Corviknight|87\/100 par|[from] Stealth Rock\n|-ability|p1a: Corviknight|Pressure\n|switch|p2a: Saur|Venusaur-Mega, M|100\/100\n|\n|-heal|p1a: Corviknight|93\/100 par|[from] item: Leftovers\n|upkeep\n|turn|64\n|\n|t:|1699820919\n|move|p2a: Saur|Hidden Power|p1a: Corviknight\n|-supereffective|p1a: Corviknight\n|-damage|p1a: Corviknight|61\/100 par\n|move|p1a: Corviknight|Defog|p2a: Saur\n|-unboost|p2a: Saur|evasion|1\n|-sideend|p1: Motives|Stealth Rock|[from] move: Defog|[of] p1a: Corviknight\n|\n|-heal|p1a: Corviknight|67\/100 par|[from] item: Leftovers\n|upkeep\n|turn|65\n|\n|t:|1699820923\n|move|p2a: Saur|Sludge Bomb|p1a: Corviknight\n|-immune|p1a: Corviknight\n|move|p1a: Corviknight|Roost|p1a: Corviknight\n|-heal|p1a: Corviknight|100\/100 par\n|-singleturn|p1a: Corviknight|move: Roost\n|\n|upkeep\n|turn|66\n|\n|t:|1699820927\n|move|p2a: Saur|Hidden Power|p1a: Corviknight\n|-supereffective|p1a: Corviknight\n|-damage|p1a: Corviknight|69\/100 par\n|cant|p1a: Corviknight|par\n|\n|-heal|p1a: Corviknight|75\/100 par|[from] item: Leftovers\n|upkeep\n|turn|67\n|\n|t:|1699820935\n|switch|p2a: Blade|Kartana|100\/100\n|cant|p1a: Corviknight|par\n|\n|-heal|p1a: Corviknight|81\/100 par|[from] item: Leftovers\n|upkeep\n|turn|68\n|\n|t:|1699820947\n|move|p1a: Corviknight|Protect|p1a: Corviknight\n|-singleturn|p1a: Corviknight|Protect\n|move|p2a: Blade|Sacred Sword|p1a: Corviknight\n|-activate|p1a: Corviknight|move: Protect\n|\n|-heal|p1a: Corviknight|87\/100 par|[from] item: Leftovers\n|upkeep\n|turn|69\n|\n|t:|1699820953\n|move|p2a: Blade|Sacred Sword|p1a: Corviknight\n|-damage|p1a: Corviknight|54\/100 par\n|move|p1a: Corviknight|Spite|p2a: Blade\n|-activate|p2a: Blade|move: Spite|Sacred Sword|4\n|\n|-heal|p1a: Corviknight|60\/100 par|[from] item: Leftovers\n|upkeep\n|turn|70\n|\n|t:|1699820961\n|move|p2a: Blade|Detect|p2a: Blade\n|-singleturn|p2a: Blade|Protect\n|move|p1a: Corviknight|Roost|p1a: Corviknight\n|-heal|p1a: Corviknight|100\/100 par\n|-singleturn|p1a: Corviknight|move: Roost\n|\n|upkeep\n|turn|71\n|\n|t:|1699820967\n|move|p2a: Blade|Sacred Sword|p1a: Corviknight\n|-damage|p1a: Corviknight|70\/100 par\n|cant|p1a: Corviknight|par\n|\n|-heal|p1a: Corviknight|76\/100 par|[from] item: Leftovers\n|upkeep\n|turn|72\n|\n|t:|1699820978\n|switch|p2a: Saur|Venusaur-Mega, M|100\/100\n|cant|p1a: Corviknight|par\n|\n|-heal|p1a: Corviknight|82\/100 par|[from] item: Leftovers\n|upkeep\n|turn|73\n|\n|t:|1699820981\n|move|p1a: Corviknight|Protect|p1a: Corviknight\n|-singleturn|p1a: Corviknight|Protect\n|move|p2a: Saur|Hidden Power|p1a: Corviknight\n|-activate|p1a: Corviknight|move: Protect\n|\n|-heal|p1a: Corviknight|88\/100 par|[from] item: Leftovers\n|upkeep\n|turn|74\n|\n|t:|1699820987\n|move|p2a: Saur|Sludge Bomb|p1a: Corviknight\n|-immune|p1a: Corviknight\n|move|p1a: Corviknight|Spite|p2a: Saur\n|-activate|p2a: Saur|move: Spite|Sludge Bomb|4\n|\n|-heal|p1a: Corviknight|94\/100 par|[from] item: Leftovers\n|upkeep\n|turn|75\n|\n|t:|1699820994\n|move|p2a: Saur|Earth Power|p1a: Corviknight\n|-immune|p1a: Corviknight\n|move|p1a: Corviknight|Spite|p2a: Saur\n|-activate|p2a: Saur|move: Spite|Earth Power|4\n|\n|-heal|p1a: Corviknight|99\/100 par|[from] item: Leftovers\n|upkeep\n|turn|76\n|\n|t:|1699821004\n|switch|p2a: Blade|Kartana|100\/100\n|move|p1a: Corviknight|Spite||[still]\n|-fail|p1a: Corviknight\n|\n|-heal|p1a: Corviknight|100\/100 par|[from] item: Leftovers\n|upkeep\n|turn|77\n|\n|t:|1699821009\n|cant|p1a: Corviknight|par\n|move|p2a: Blade|Sacred Sword|p1a: Corviknight\n|-damage|p1a: Corviknight|67\/100 par\n|\n|-heal|p1a: Corviknight|73\/100 par|[from] item: Leftovers\n|upkeep\n|turn|78\n|\n|t:|1699821013\n|move|p2a: Blade|Sacred Sword|p1a: Corviknight\n|-damage|p1a: Corviknight|41\/100 par\n|cant|p1a: Corviknight|par\n|\n|-heal|p1a: Corviknight|47\/100 par|[from] item: Leftovers\n|upkeep\n|turn|79\n|\n|t:|1699821020\n|move|p1a: Corviknight|Protect|p1a: Corviknight\n|-singleturn|p1a: Corviknight|Protect\n|move|p2a: Blade|Sacred Sword|p1a: Corviknight\n|-activate|p1a: Corviknight|move: Protect\n|\n|-heal|p1a: Corviknight|53\/100 par|[from] item: Leftovers\n|upkeep\n|turn|80\n|\n|t:|1699821023\n|move|p2a: Blade|Sacred Sword|p1a: Corviknight\n|-damage|p1a: Corviknight|22\/100 par\n|move|p1a: Corviknight|Roost|p1a: Corviknight\n|-heal|p1a: Corviknight|72\/100 par\n|-singleturn|p1a: Corviknight|move: Roost\n|\n|-heal|p1a: Corviknight|78\/100 par|[from] item: Leftovers\n|upkeep\n|turn|81\n|\n|t:|1699821032\n|switch|p2a: Fluffy|Whimsicott, F, shiny|100\/100\n|move|p1a: Corviknight|Spite||[still]\n|-fail|p1a: Corviknight\n|\n|-heal|p1a: Corviknight|84\/100 par|[from] item: Leftovers\n|upkeep\n|turn|82\n|\n|t:|1699821044\n|move|p2a: Fluffy|Substitute|p2a: Fluffy\n|-start|p2a: Fluffy|Substitute\n|-damage|p2a: Fluffy|76\/100\n|move|p1a: Corviknight|Spite|p2a: Fluffy\n|-activate|p2a: Fluffy|move: Spite|Substitute|4\n|\n|-heal|p2a: Fluffy|82\/100|[from] item: Leftovers\n|-heal|p1a: Corviknight|90\/100 par|[from] item: Leftovers\n|upkeep\n|turn|83\n|\n|t:|1699821048\n|move|p2a: Fluffy|Leech Seed|p1a: Corviknight\n|-start|p1a: Corviknight|move: Leech Seed\n|move|p1a: Corviknight|Spite|p2a: Fluffy\n|-activate|p2a: Fluffy|move: Spite|Leech Seed|2\n|\n|-heal|p2a: Fluffy|88\/100|[from] item: Leftovers\n|-heal|p1a: Corviknight|96\/100 par|[from] item: Leftovers\n|-damage|p1a: Corviknight|83\/100 par|[from] Leech Seed|[of] p2a: Fluffy\n|-heal|p2a: Fluffy|100\/100|[silent]\n|upkeep\n|turn|84\n|\n|t:|1699821057\n|switch|p2a: Little Mac|Breloom, M|100\/100\n|switch|p1a: Ting-Lu|Ting-Lu|45\/100 brn\n|-ability|p1a: Ting-Lu|Vessel of Ruin\n|\n|-heal|p1a: Ting-Lu|51\/100 brn|[from] item: Leftovers\n|-damage|p1a: Ting-Lu|45\/100 brn|[from] brn\n|upkeep\n|turn|85\n|\n|t:|1699821070\n|move|p2a: Little Mac|Bullet Seed|p1a: Ting-Lu\n|-supereffective|p1a: Ting-Lu\n|-damage|p1a: Ting-Lu|23\/100 brn\n|-supereffective|p1a: Ting-Lu\n|-damage|p1a: Ting-Lu|3\/100 brn\n|-supereffective|p1a: Ting-Lu\n|-damage|p1a: Ting-Lu|0 fnt\n|faint|p1a: Ting-Lu\n|-hitcount|p1: Ting-Lu|3\n|\n|upkeep\n|\n|t:|1699821076\n|switch|p1a: Pyukumuku|Pyukumuku, F|83\/100\n|turn|86\n|\n|t:|1699821079\n|-terastallize|p1a: Pyukumuku|Steel\n|move|p2a: Little Mac|Spore|p1a: Pyukumuku\n|-status|p1a: Pyukumuku|slp|[from] move: Spore\n|cant|p1a: Pyukumuku|slp\n|\n|upkeep\n|turn|87\n|\n|t:|1699821085\n|move|p2a: Little Mac|Mach Punch|p1a: Pyukumuku\n|-supereffective|p1a: Pyukumuku\n|-crit|p1a: Pyukumuku\n|-damage|p1a: Pyukumuku|15\/100 slp\n|cant|p1a: Pyukumuku|slp\n|\n|upkeep\n|turn|88\n|\n|t:|1699821096\n|switch|p1a: Rabsca|Rabsca, M|76\/100 par\n|move|p2a: Little Mac|Mach Punch|p1a: Rabsca\n|-resisted|p1a: Rabsca\n|-damage|p1a: Rabsca|67\/100 par\n|\n|upkeep\n|turn|89\n|\n|t:|1699821102\n|move|p2a: Little Mac|Rock Tomb|p1a: Rabsca\n|-supereffective|p1a: Rabsca\n|-damage|p1a: Rabsca|0 fnt\n|faint|p1a: Rabsca\n|\n|upkeep\n|-message|Motives forfeited.\n|\n|win|Green Misfire\n|raw|Motives's rating: 1585 &rarr; <strong>1568<\/strong><br \/>(-17 for losing)\n|raw|Green Misfire's rating: 1632 &rarr; <strong>1649<\/strong><br \/>(+17 for winning)\n|l|\u2606Motives\n|c|\u2606Green Misfire|No more revives bud\n","uploadtime":1699821177,"views":10,"p1id":"motives","p2id":"greenmisfire","formatid":"gen9nationaldex","rating":1568,"private":0,"password":""}