{"id":"gen9nationaldex-1987589292","p1":"CappyPulpy","p2":"Garry97","format":"[Gen 9] National Dex","log":"|j|\u2606CappyPulpy\n|j|\u2606Garry97\n|t:|1699616386\n|gametype|singles\n|player|p1|CappyPulpy|102|1459\n|player|p2|Garry97|eri|1574\n|teamsize|p1|6\n|teamsize|p2|6\n|gen|9\n|tier|[Gen 9] National Dex\n|rated|\n|rule|HP Percentage Mod: HP is shown in percentages\n|rule|Endless Battle Clause: Forcing endless battles is banned\n|rule|OHKO Clause: OHKO moves are banned\n|rule|Evasion Clause: Evasion abilities, items, and moves are banned\n|rule|Evasion Abilities Clause: Evasion abilities are banned\n|rule|Evasion Items Clause: Evasion items are banned\n|rule|Evasion Moves Clause: Evasion moves are banned\n|rule|Species Clause: Limit one of each Pok\u00e9mon\n|rule|Sleep Clause Mod: Limit one foe put to sleep\n|clearpoke\n|poke|p1|Mawile, F|\n|poke|p1|Hatterene, F|\n|poke|p1|Weavile, M|\n|poke|p1|Rotom-Wash|\n|poke|p1|Garganacl, F|\n|poke|p1|Zapdos|\n|poke|p2|Bewear, M|\n|poke|p2|Hariyama, M|\n|poke|p2|Kommo-o, M|\n|poke|p2|Gallade, M|\n|poke|p2|Lucario, M|\n|poke|p2|Blaziken, M|\n|teampreview\n|inactive|Battle timer is ON: inactive players will automatically lose when time's up. (requested by CappyPulpy)\n|inactive|Garry97 has 120 seconds left.\n|\n|t:|1699616423\n|start\n|switch|p1a: Mawile|Mawile, F|100\/100\n|switch|p2a: Pollo Hermano|Blaziken, M|100\/100\n|-ability|p1a: Mawile|Intimidate|boost\n|-unboost|p2a: Pollo Hermano|atk|1\n|turn|1\n|\n|t:|1699616431\n|switch|p1a: Rotom|Rotom-Wash|100\/100\n|move|p2a: Pollo Hermano|Fire Blast|p1a: Rotom\n|-resisted|p1a: Rotom\n|-damage|p1a: Rotom|67\/100\n|-damage|p2a: Pollo Hermano|91\/100|[from] item: Life Orb\n|\n|-heal|p1a: Rotom|74\/100|[from] item: Leftovers\n|-ability|p2a: Pollo Hermano|Speed Boost|boost\n|-boost|p2a: Pollo Hermano|spe|1\n|upkeep\n|turn|2\n|\n|t:|1699616452\n|switch|p2a: Roronoa Zoro|Gallade, M|100\/100\n|move|p1a: Rotom|Hydro Pump|p2a: Roronoa Zoro\n|-crit|p2a: Roronoa Zoro\n|-damage|p2a: Roronoa Zoro|36\/100\n|\n|-heal|p1a: Rotom|80\/100|[from] item: Leftovers\n|upkeep\n|turn|3\n|\n|t:|1699616461\n|detailschange|p2a: Roronoa Zoro|Gallade-Mega, M\n|-mega|p2a: Roronoa Zoro|Gallade|Galladite\n|move|p2a: Roronoa Zoro|Leaf Blade|p1a: Rotom\n|-supereffective|p1a: Rotom\n|-damage|p1a: Rotom|19\/100\n|move|p1a: Rotom|Volt Switch|p2a: Roronoa Zoro\n|-damage|p2a: Roronoa Zoro|10\/100\n|\n|t:|1699616466\n|switch|p1a: Weavile|Weavile, M|100\/100|[from] Volt Switch\n|-ability|p1a: Weavile|Pressure\n|\n|upkeep\n|turn|4\n|\n|t:|1699616475\n|switch|p2a: Freddy|Bewear, M|100\/100\n|move|p1a: Weavile|Knock Off|p2a: Freddy\n|-resisted|p2a: Freddy\n|-damage|p2a: Freddy|90\/100\n|-damage|p1a: Weavile|84\/100|[from] item: Rocky Helmet|[of] p2a: Freddy\n|-enditem|p2a: Freddy|Rocky Helmet|[from] move: Knock Off|[of] p1a: Weavile\n|\n|upkeep\n|turn|5\n|\n|t:|1699616486\n|switch|p1a: Hatterene|Hatterene, F|100\/100\n|switch|p2a: Roronoa Zoro|Gallade-Mega, M|10\/100\n|\n|upkeep\n|turn|6\n|\n|t:|1699616505\n|move|p2a: Roronoa Zoro|Triple Axel|p1a: Hatterene\n|-damage|p1a: Hatterene|93\/100\n|-damage|p1a: Hatterene|80\/100\n|-damage|p1a: Hatterene|57\/100\n|-hitcount|p1a: Hatterene|3\n|move|p1a: Hatterene|Draining Kiss|p2a: Roronoa Zoro\n|-supereffective|p2a: Roronoa Zoro\n|-damage|p2a: Roronoa Zoro|0 fnt\n|-heal|p1a: Hatterene|63\/100|[from] drain|[of] p2a: Roronoa Zoro\n|faint|p2a: Roronoa Zoro\n|\n|-heal|p1a: Hatterene|69\/100|[from] item: Leftovers\n|upkeep\n|\n|t:|1699616518\n|switch|p2a: Lord Beerus|Lucario, M|100\/100\n|turn|7\n|\n|t:|1699616528\n|switch|p1a: Zapdos|Zapdos|100\/100\n|-terastallize|p2a: Lord Beerus|Normal\n|move|p2a: Lord Beerus|Extreme Speed|p1a: Zapdos\n|-damage|p1a: Zapdos|36\/100\n|\n|upkeep\n|turn|8\n|\n|t:|1699616537\n|move|p2a: Lord Beerus|Extreme Speed|p1a: Zapdos\n|-damage|p1a: Zapdos|0 fnt\n|faint|p1a: Zapdos\n|\n|upkeep\n|\n|t:|1699616542\n|switch|p1a: Mawile|Mawile, F|100\/100\n|-ability|p1a: Mawile|Intimidate|boost\n|-fail|p2a: Lord Beerus|unboost|Attack|[from] ability: Inner Focus|[of] p2a: Lord Beerus\n|turn|9\n|\n|t:|1699616547\n|switch|p2a: Freddy|Bewear, M|90\/100\n|detailschange|p1a: Mawile|Mawile-Mega, F\n|-mega|p1a: Mawile|Mawile|Mawilite\n|move|p1a: Mawile|Brick Break|p2a: Freddy\n|-supereffective|p2a: Freddy\n|-damage|p2a: Freddy|55\/100\n|\n|upkeep\n|turn|10\n|\n|t:|1699616555\n|move|p1a: Mawile|Play Rough|p2a: Freddy\n|-supereffective|p2a: Freddy\n|-damage|p2a: Freddy|3\/100\n|move|p2a: Freddy|Earthquake|p1a: Mawile\n|-supereffective|p1a: Mawile\n|-damage|p1a: Mawile|46\/100\n|\n|upkeep\n|turn|11\n|\n|t:|1699616563\n|move|p1a: Mawile|Play Rough|p2a: Freddy\n|-supereffective|p2a: Freddy\n|-damage|p2a: Freddy|0 fnt\n|faint|p2a: Freddy\n|\n|upkeep\n|\n|t:|1699616574\n|switch|p2a: Pollo Hermano|Blaziken, M|91\/100\n|turn|12\n|\n|t:|1699616578\n|move|p2a: Pollo Hermano|Fire Blast|p1a: Mawile\n|-supereffective|p1a: Mawile\n|-damage|p1a: Mawile|0 fnt\n|faint|p1a: Mawile\n|-damage|p2a: Pollo Hermano|81\/100|[from] item: Life Orb\n|\n|-ability|p2a: Pollo Hermano|Speed Boost|boost\n|-boost|p2a: Pollo Hermano|spe|1\n|upkeep\n|\n|t:|1699616582\n|switch|p1a: Garganacl|Garganacl, F|100\/100\n|turn|13\n|\n|t:|1699616589\n|-terastallize|p1a: Garganacl|Water\n|move|p2a: Pollo Hermano|Protect|p2a: Pollo Hermano\n|-singleturn|p2a: Pollo Hermano|Protect\n|move|p1a: Garganacl|Salt Cure|p2a: Pollo Hermano\n|-activate|p2a: Pollo Hermano|move: Protect\n|\n|-ability|p2a: Pollo Hermano|Speed Boost|boost\n|-boost|p2a: Pollo Hermano|spe|1\n|upkeep\n|turn|14\n|\n|t:|1699616600\n|switch|p2a: Paca Pacheco|Hariyama, M, shiny|100\/100\n|move|p1a: Garganacl|Salt Cure|p2a: Paca Pacheco\n|-resisted|p2a: Paca Pacheco\n|-damage|p2a: Paca Pacheco|92\/100\n|-start|p2a: Paca Pacheco|Salt Cure\n|\n|-damage|p2a: Paca Pacheco|80\/100|[from] Salt Cure\n|upkeep\n|turn|15\n|\n|t:|1699616609\n|move|p2a: Paca Pacheco|Knock Off|p1a: Garganacl\n|-damage|p1a: Garganacl|79\/100\n|-enditem|p1a: Garganacl|Leftovers|[from] move: Knock Off|[of] p2a: Paca Pacheco\n|move|p1a: Garganacl|Stealth Rock|p2a: Paca Pacheco\n|-sidestart|p2: Garry97|move: Stealth Rock\n|\n|-damage|p2a: Paca Pacheco|68\/100|[from] Salt Cure\n|upkeep\n|turn|16\n|\n|t:|1699616619\n|switch|p1a: Rotom|Rotom-Wash|19\/100\n|move|p2a: Paca Pacheco|Close Combat|p1a: Rotom\n|-crit|p1a: Rotom\n|-damage|p1a: Rotom|0 fnt\n|-unboost|p2a: Paca Pacheco|def|1\n|-unboost|p2a: Paca Pacheco|spd|1\n|faint|p1a: Rotom\n|\n|-damage|p2a: Paca Pacheco|55\/100|[from] Salt Cure\n|upkeep\n|\n|t:|1699616627\n|switch|p1a: Hatterene|Hatterene, F|69\/100\n|turn|17\n|\n|t:|1699616633\n|move|p2a: Paca Pacheco|Knock Off|p1a: Hatterene\n|-damage|p1a: Hatterene|40\/100\n|-enditem|p1a: Hatterene|Leftovers|[from] move: Knock Off|[of] p2a: Paca Pacheco\n|move|p1a: Hatterene|Draining Kiss|p2a: Paca Pacheco\n|-supereffective|p2a: Paca Pacheco\n|-damage|p2a: Paca Pacheco|16\/100\n|-heal|p1a: Hatterene|81\/100|[from] drain|[of] p2a: Paca Pacheco\n|\n|-damage|p2a: Paca Pacheco|3\/100|[from] Salt Cure\n|upkeep\n|turn|18\n|\n|t:|1699616644\n|move|p2a: Paca Pacheco|Bullet Punch|p1a: Hatterene\n|-supereffective|p1a: Hatterene\n|-damage|p1a: Hatterene|56\/100\n|move|p1a: Hatterene|Draining Kiss|p2a: Paca Pacheco\n|-supereffective|p2a: Paca Pacheco\n|-damage|p2a: Paca Pacheco|0 fnt\n|-heal|p1a: Hatterene|58\/100|[from] drain|[of] p2a: Paca Pacheco\n|faint|p2a: Paca Pacheco\n|\n|upkeep\n|\n|t:|1699616655\n|switch|p2a: Lord Beerus|Lucario, M, tera:Normal|100\/100\n|-damage|p2a: Lord Beerus|88\/100|[from] Stealth Rock\n|turn|19\n|\n|t:|1699616662\n|move|p2a: Lord Beerus|Extreme Speed|p1a: Hatterene\n|-damage|p1a: Hatterene|11\/100\n|move|p1a: Hatterene|Draining Kiss|p2a: Lord Beerus\n|-damage|p2a: Lord Beerus|54\/100\n|-heal|p1a: Hatterene|34\/100|[from] drain|[of] p2a: Lord Beerus\n|\n|upkeep\n|turn|20\n|\n|t:|1699616669\n|switch|p1a: Garganacl|Garganacl, F, tera:Water|79\/100\n|move|p2a: Lord Beerus|Extreme Speed|p1a: Garganacl\n|-damage|p1a: Garganacl|38\/100\n|\n|upkeep\n|turn|21\n|\n|t:|1699616676\n|move|p2a: Lord Beerus|Extreme Speed|p1a: Garganacl\n|-damage|p1a: Garganacl|0 fnt\n|faint|p1a: Garganacl\n|\n|upkeep\n|\n|t:|1699616684\n|switch|p1a: Hatterene|Hatterene, F|34\/100\n|turn|22\n|\n|t:|1699616687\n|move|p2a: Lord Beerus|Extreme Speed|p1a: Hatterene\n|-damage|p1a: Hatterene|0 fnt\n|faint|p1a: Hatterene\n|\n|upkeep\n|\n|t:|1699616689\n|switch|p1a: Weavile|Weavile, M|84\/100\n|-ability|p1a: Weavile|Pressure\n|turn|23\n|\n|t:|1699616695\n|move|p2a: Lord Beerus|Extreme Speed|p1a: Weavile\n|-damage|p1a: Weavile|0 fnt\n|faint|p1a: Weavile\n|\n|win|Garry97\n|raw|CappyPulpy's rating: 1459 &rarr; <strong>1445<\/strong><br \/>(-14 for losing)\n|raw|Garry97's rating: 1574 &rarr; <strong>1588<\/strong><br \/>(+14 for winning)\n|l|\u2606CappyPulpy\n|c|\u2606Garry97|gg\n","uploadtime":1699616708,"views":20,"p1id":"cappypulpy","p2id":"garry97","formatid":"gen9nationaldex","rating":1445,"private":0,"password":""}