{"id":"gen9nationaldex-1995897264","p1":"Richie2016","p2":"UN0EG0","format":"[Gen 9] National Dex","log":"|html|<div class=\"broadcast-blue\"><strong>[Gen 9] National Dex is currently suspecting Sneasler! For information on how to participate check out the <a href=\"https:\/\/www.smogon.com\/forums\/threads\/sv-national-dex-suspect-8-just-dance.3731534\/\">suspect thread<\/a>.<\/strong><\/div>\n|j|\u2606Richie2016\n|j|\u2606UN0EG0\n|t:|1700614894\n|gametype|singles\n|player|p1|Richie2016|cynthia|1411\n|player|p2|UN0EG0|ash|1369\n|teamsize|p1|6\n|teamsize|p2|6\n|gen|9\n|tier|[Gen 9] National Dex\n|rated|\n|rule|HP Percentage Mod: HP is shown in percentages\n|rule|Endless Battle Clause: Forcing endless battles is banned\n|rule|OHKO Clause: OHKO moves are banned\n|rule|Evasion Clause: Evasion abilities, items, and moves are banned\n|rule|Evasion Abilities Clause: Evasion abilities are banned\n|rule|Evasion Items Clause: Evasion items are banned\n|rule|Evasion Moves Clause: Evasion moves are banned\n|rule|Species Clause: Limit one of each Pok\u00e9mon\n|rule|Sleep Clause Mod: Limit one foe put to sleep\n|clearpoke\n|poke|p1|Lopunny, F|\n|poke|p1|Alomomola, F|\n|poke|p1|Moltres|\n|poke|p1|Ferrothorn, F|\n|poke|p1|Gliscor, F|\n|poke|p1|Greninja-*, M|\n|poke|p2|Ceruledge, M|\n|poke|p2|Pikachu, F|\n|poke|p2|Sceptile, M|\n|poke|p2|Hatterene, F|\n|poke|p2|Rhyperior, F|\n|poke|p2|Hawlucha, F|\n|teampreview\n|inactive|Battle timer is ON: inactive players will automatically lose when time's up. (requested by UN0EG0)\n|\n|t:|1700614911\n|start\n|switch|p1a: Gliscor|Gliscor, F, shiny|100\/100\n|switch|p2a: Boa Hancock|Hatterene, F|100\/100\n|turn|1\n|\n|t:|1700614921\n|move|p1a: Gliscor|Earthquake|p2a: Boa Hancock\n|-damage|p2a: Boa Hancock|63\/100\n|move|p2a: Boa Hancock|Trick Room|p2a: Boa Hancock\n|-fieldstart|move: Trick Room|[of] p2a: Boa Hancock\n|\n|-status|p1a: Gliscor|tox|[from] item: Toxic Orb\n|upkeep\n|turn|2\n|\n|t:|1700614931\n|move|p2a: Boa Hancock|Psychic|p1a: Gliscor\n|-damage|p1a: Gliscor|46\/100 tox\n|-unboost|p1a: Gliscor|spd|1\n|-damage|p2a: Boa Hancock|54\/100|[from] item: Life Orb\n|move|p1a: Gliscor|Earthquake|p2a: Boa Hancock\n|-damage|p2a: Boa Hancock|17\/100\n|\n|-heal|p1a: Gliscor|58\/100 tox|[from] ability: Poison Heal\n|upkeep\n|turn|3\n|\n|t:|1700614948\n|switch|p1a: Ferrothorn|Ferrothorn, F, shiny|100\/100\n|move|p2a: Boa Hancock|Psychic|p1a: Ferrothorn\n|-resisted|p1a: Ferrothorn\n|-damage|p1a: Ferrothorn|76\/100\n|-damage|p2a: Boa Hancock|7\/100|[from] item: Life Orb\n|\n|-heal|p1a: Ferrothorn|82\/100|[from] item: Leftovers\n|upkeep\n|turn|4\n|inactive|UN0EG0 has 120 seconds left.\n|\n|t:|1700614974\n|switch|p1a: Alomomola|Alomomola, F|100\/100\n|move|p2a: Boa Hancock|Mystical Fire|p1a: Alomomola\n|-resisted|p1a: Alomomola\n|-damage|p1a: Alomomola|84\/100\n|-unboost|p1a: Alomomola|spa|1\n|-damage|p2a: Boa Hancock|0 fnt|[from] item: Life Orb\n|faint|p2a: Boa Hancock\n|\n|upkeep\n|inactive|UN0EG0 has 120 seconds left.\n|\n|t:|1700614981\n|switch|p2a: Ricochet|Hawlucha, F|100\/100\n|turn|5\n|\n|t:|1700614990\n|move|p1a: Alomomola|Toxic|p2a: Ricochet\n|-status|p2a: Ricochet|tox\n|move|p2a: Ricochet|Swords Dance|p2a: Ricochet\n|-boost|p2a: Ricochet|atk|2\n|\n|-damage|p2a: Ricochet|94\/100 tox|[from] psn\n|-fieldend|move: Trick Room\n|upkeep\n|turn|6\n|\n|t:|1700614998\n|move|p2a: Ricochet|Sky Attack||[still]\n|-prepare|p2a: Ricochet|Sky Attack\n|-enditem|p2a: Ricochet|Power Herb\n|-anim|p2a: Ricochet|Sky Attack|p1a: Alomomola\n|-damage|p1a: Alomomola|4\/100\n|move|p1a: Alomomola|Flip Turn|p2a: Ricochet\n|-damage|p2a: Ricochet|69\/100 tox\n|\n|t:|1700615009\n|switch|p1a: Lopunny|Lopunny, F, shiny|100\/100|[from] Flip Turn\n|\n|-damage|p2a: Ricochet|57\/100 tox|[from] psn\n|upkeep\n|turn|7\n|\n|t:|1700615014\n|detailschange|p1a: Lopunny|Lopunny-Mega, F, shiny\n|-mega|p1a: Lopunny|Lopunny|Lopunnite\n|move|p1a: Lopunny|Fake Out|p2a: Ricochet\n|-damage|p2a: Ricochet|24\/100 tox\n|cant|p2a: Ricochet|flinch\n|\n|-damage|p2a: Ricochet|6\/100 tox|[from] psn\n|upkeep\n|turn|8\n|\n|t:|1700615025\n|switch|p1a: Ferrothorn|Ferrothorn, F, shiny|82\/100\n|move|p2a: Ricochet|Drain Punch|p1a: Ferrothorn\n|-supereffective|p1a: Ferrothorn\n|-damage|p1a: Ferrothorn|0 fnt\n|-heal|p2a: Ricochet|55\/100 tox|[from] drain|[of] p1a: Ferrothorn\n|-damage|p2a: Ricochet|42\/100 tox|[from] ability: Iron Barbs|[of] p1a: Ferrothorn\n|faint|p1a: Ferrothorn\n|\n|-damage|p2a: Ricochet|18\/100 tox|[from] psn\n|upkeep\n|\n|t:|1700615035\n|switch|p1a: Alomomola|Alomomola, F|37\/100\n|turn|9\n|\n|t:|1700615039\n|move|p1a: Alomomola|Protect|p1a: Alomomola\n|-singleturn|p1a: Alomomola|Protect\n|move|p2a: Ricochet|Drain Punch|p1a: Alomomola\n|-activate|p1a: Alomomola|move: Protect\n|\n|-damage|p2a: Ricochet|0 fnt|[from] psn\n|faint|p2a: Ricochet\n|upkeep\n|\n|t:|1700615045\n|switch|p2a: Zero|Sceptile, M, shiny|100\/100\n|turn|10\n|\n|t:|1700615054\n|switch|p1a: Moltres|Moltres|100\/100\n|detailschange|p2a: Zero|Sceptile-Mega, M, shiny\n|-mega|p2a: Zero|Sceptile|Sceptilite\n|move|p2a: Zero|Giga Drain|p1a: Moltres\n|-resisted|p1a: Moltres\n|-damage|p1a: Moltres|91\/100\n|\n|upkeep\n|turn|11\n|\n|t:|1700615070\n|-terastallize|p1a: Moltres|Steel\n|move|p2a: Zero|Dragon Pulse|p1a: Moltres\n|-resisted|p1a: Moltres\n|-damage|p1a: Moltres|67\/100\n|move|p1a: Moltres|Mystical Fire|p2a: Zero\n|-damage|p2a: Zero|60\/100\n|-unboost|p2a: Zero|spa|1\n|\n|upkeep\n|turn|12\n|\n|t:|1700615085\n|move|p2a: Zero|Dragon Pulse|p1a: Moltres\n|-resisted|p1a: Moltres\n|-damage|p1a: Moltres|50\/100\n|move|p1a: Moltres|Hurricane|p2a: Zero\n|-supereffective|p2a: Zero\n|-damage|p2a: Zero|0 fnt\n|faint|p2a: Zero\n|\n|upkeep\n|inactive|UN0EG0 has 120 seconds left.\n|l|\u2606UN0EG0\n|inactive|UN0EG0 disconnected and has a minute to reconnect!\n|player|p2|\n|inactive|UN0EG0 has 30 seconds to reconnect!\n|inactive|UN0EG0 has 20 seconds to reconnect!\n|inactive|UN0EG0 has 15 seconds to reconnect!\n|inactive|UN0EG0 has 10 seconds to reconnect!\n|inactive|UN0EG0 has 5 seconds to reconnect!\n|-message|UN0EG0 lost due to inactivity.\n|\n|win|Richie2016\n|raw|Richie2016's rating: 1411 &rarr; <strong>1429<\/strong><br \/>(+18 for winning)\n|raw|UN0EG0's rating: 1369 &rarr; <strong>1351<\/strong><br \/>(-18 for losing)\n","uploadtime":1700615171,"views":1,"p1id":"richie2016","p2id":"un0eg0","formatid":"gen9nationaldex","rating":1351,"private":0,"password":""}