{"id":"gen9nationaldex-1993827493","p1":"jdblissey","p2":"Shinyxk","format":"[Gen 9] National Dex","log":"|j|\u2606jdblissey\n|j|\u2606Shinyxk\n|t:|1700362210\n|gametype|singles\n|player|p1|jdblissey|cynthia-gen4|1024\n|player|p2|Shinyxk|youngster-gen8|1000\n|teamsize|p1|6\n|teamsize|p2|2\n|gen|9\n|tier|[Gen 9] National Dex\n|rated|\n|rule|HP Percentage Mod: HP is shown in percentages\n|rule|Endless Battle Clause: Forcing endless battles is banned\n|rule|OHKO Clause: OHKO moves are banned\n|rule|Evasion Clause: Evasion abilities, items, and moves are banned\n|rule|Evasion Abilities Clause: Evasion abilities are banned\n|rule|Evasion Items Clause: Evasion items are banned\n|rule|Evasion Moves Clause: Evasion moves are banned\n|rule|Species Clause: Limit one of each Pok\u00e9mon\n|rule|Sleep Clause Mod: Limit one foe put to sleep\n|clearpoke\n|poke|p1|Serperior, F|\n|poke|p1|Reuniclus, F|\n|poke|p1|Volcarona, F|\n|poke|p1|Hydreigon, F|\n|poke|p1|Excadrill, F|\n|poke|p1|Conkeldurr, F|\n|poke|p2|Latios, M|\n|poke|p2|Lapras, F|\n|teampreview\n|inactive|Battle timer is ON: inactive players will automatically lose when time's up. (requested by Shinyxk)\n|inactive|Shinyxk has 120 seconds left.\n|\n|t:|1700362263\n|start\n|switch|p1a: Hydreigon|Hydreigon, F|100\/100\n|switch|p2a: Latios|Latios, M|100\/100\n|turn|1\n|\n|t:|1700362288\n|move|p1a: Hydreigon|Draco Meteor|p2a: Latios|[miss]\n|-miss|p1a: Hydreigon|p2a: Latios\n|move|p2a: Latios|Light Screen|p2a: Latios\n|-sidestart|p2: Shinyxk|move: Light Screen\n|\n|upkeep\n|turn|2\n|\n|t:|1700362293\n|move|p1a: Hydreigon|Draco Meteor|p2a: Latios\n|-supereffective|p2a: Latios\n|-damage|p2a: Latios|48\/100\n|-unboost|p1a: Hydreigon|spa|2\n|move|p2a: Latios|Rain Dance|p2a: Latios\n|-weather|RainDance\n|\n|-weather|RainDance|[upkeep]\n|upkeep\n|turn|3\n|\n|t:|1700362297\n|move|p1a: Hydreigon|Draco Meteor|p2a: Latios\n|-supereffective|p2a: Latios\n|-damage|p2a: Latios|21\/100\n|-unboost|p1a: Hydreigon|spa|2\n|move|p2a: Latios|Reflect|p2a: Latios\n|-sidestart|p2: Shinyxk|Reflect\n|\n|-weather|RainDance|[upkeep]\n|upkeep\n|turn|4\n|\n|t:|1700362300\n|move|p1a: Hydreigon|Draco Meteor|p2a: Latios\n|-supereffective|p2a: Latios\n|-damage|p2a: Latios|1\/100\n|-unboost|p1a: Hydreigon|spa|2\n|move|p2a: Latios|Memento|p1a: Hydreigon\n|-unboost|p1a: Hydreigon|atk|2\n|-unboost|p1a: Hydreigon|spa|0\n|faint|p2a: Latios\n|\n|-weather|RainDance|[upkeep]\n|upkeep\n|\n|t:|1700362303\n|switch|p2a: Lapras|Lapras, F|100\/100\n|turn|5\n|\n|t:|1700362306\n|move|p1a: Hydreigon|Draco Meteor|p2a: Lapras\n|-damage|p2a: Lapras|94\/100\n|move|p2a: Lapras|Dragon Dance|p2a: Lapras\n|-boost|p2a: Lapras|atk|1\n|-boost|p2a: Lapras|spe|1\n|\n|-weather|RainDance|[upkeep]\n|-sideend|p2: Shinyxk|move: Light Screen\n|upkeep\n|turn|6\n|\n|t:|1700362324\n|switch|p1a: Conkeldurr|Conkeldurr, F|100\/100\n|move|p2a: Lapras|Dragon Dance|p2a: Lapras\n|-boost|p2a: Lapras|atk|1\n|-boost|p2a: Lapras|spe|1\n|\n|-weather|RainDance|[upkeep]\n|-status|p1a: Conkeldurr|brn|[from] item: Flame Orb\n|upkeep\n|turn|7\n|\n|t:|1700362330\n|move|p1a: Conkeldurr|Mach Punch|p2a: Lapras\n|-supereffective|p2a: Lapras\n|-damage|p2a: Lapras|56\/100\n|-enditem|p2a: Lapras|Weakness Policy\n|-boost|p2a: Lapras|atk|2|[from] item: Weakness Policy\n|-boost|p2a: Lapras|spa|2|[from] item: Weakness Policy\n|move|p2a: Lapras|Dragon Dance|p2a: Lapras\n|-boost|p2a: Lapras|atk|1\n|-boost|p2a: Lapras|spe|1\n|\n|-weather|RainDance|[upkeep]\n|-damage|p1a: Conkeldurr|94\/100 brn|[from] brn\n|-sideend|p2: Shinyxk|Reflect\n|upkeep\n|turn|8\n|\n|t:|1700362333\n|-terastallize|p2a: Lapras|Water\n|move|p2a: Lapras|Liquidation|p1a: Conkeldurr\n|-damage|p1a: Conkeldurr|0 fnt\n|faint|p1a: Conkeldurr\n|\n|-weather|RainDance|[upkeep]\n|upkeep\n|\n|t:|1700362342\n|switch|p1a: Serperior|Serperior, F|100\/100\n|turn|9\n|\n|t:|1700362345\n|move|p2a: Lapras|Ice Shard|p1a: Serperior\n|-supereffective|p1a: Serperior\n|-damage|p1a: Serperior|0 fnt\n|faint|p1a: Serperior\n|\n|-weather|none\n|upkeep\n|\n|t:|1700362367\n|switch|p1a: Reuniclus|Reuniclus, F|100\/100\n|turn|10\n|\n|t:|1700362382\n|move|p2a: Lapras|Liquidation|p1a: Reuniclus\n|-damage|p1a: Reuniclus|0 fnt\n|-damage|p2a: Lapras|40\/100|[from] item: Rocky Helmet|[of] p1a: Reuniclus\n|faint|p1a: Reuniclus\n|\n|upkeep\n|\n|t:|1700362390\n|switch|p1a: Excadrill|Excadrill, F|100\/100\n|turn|11\n|\n|t:|1700362396\n|move|p2a: Lapras|Liquidation|p1a: Excadrill\n|-supereffective|p1a: Excadrill\n|-damage|p1a: Excadrill|0 fnt\n|faint|p1a: Excadrill\n|\n|upkeep\n|\n|t:|1700362400\n|switch|p1a: Hydreigon|Hydreigon, F|100\/100\n|turn|12\n|\n|t:|1700362409\n|move|p2a: Lapras|Ice Shard|p1a: Hydreigon\n|-supereffective|p1a: Hydreigon\n|-damage|p1a: Hydreigon|0 fnt\n|faint|p1a: Hydreigon\n|\n|upkeep\n|c|\u2606jdblissey|the power of the choice scarf\n|\n|t:|1700362419\n|switch|p1a: Volcarona|Volcarona, F|100\/100\n|turn|13\n|\n|t:|1700362423\n|move|p2a: Lapras|Liquidation|p1a: Volcarona\n|-supereffective|p1a: Volcarona\n|-damage|p1a: Volcarona|0 fnt\n|faint|p1a: Volcarona\n|\n|win|Shinyxk\n|raw|jdblissey's rating: 1024 &rarr; <strong>1009<\/strong><br \/>(-15 for losing)\n|raw|Shinyxk's rating: 1000 &rarr; <strong>1043<\/strong><br \/>(+43 for winning)\n|c|\u2606Shinyxk|gg\n|c|\u2606jdblissey|gg!\n|c|\u2606jdblissey|man my ranking took some hits today\n|l|\u2606jdblissey\n","uploadtime":1700362427,"views":17,"p1id":"jdblissey","p2id":"shinyxk","formatid":"gen9nationaldex","rating":1009,"private":0,"password":""}