{"id":"gen9nationaldex-1987351864","p1":"konl","p2":"RandoTestAccount","format":"[Gen 9] National Dex","log":"|j|\u2606konl\n|j|\u2606RandoTestAccount\n|t:|1699580717\n|gametype|singles\n|player|p1|konl|bugcatcher-gen4dp|1294\n|player|p2|RandoTestAccount|pokemonrangerf|1348\n|teamsize|p1|6\n|teamsize|p2|6\n|gen|9\n|tier|[Gen 9] National Dex\n|rated|\n|rule|HP Percentage Mod: HP is shown in percentages\n|rule|Endless Battle Clause: Forcing endless battles is banned\n|rule|OHKO Clause: OHKO moves are banned\n|rule|Evasion Clause: Evasion abilities, items, and moves are banned\n|rule|Evasion Abilities Clause: Evasion abilities are banned\n|rule|Evasion Items Clause: Evasion items are banned\n|rule|Evasion Moves Clause: Evasion moves are banned\n|rule|Species Clause: Limit one of each Pok\u00e9mon\n|rule|Sleep Clause Mod: Limit one foe put to sleep\n|clearpoke\n|poke|p1|Salamence, F|\n|poke|p1|Porygon-Z|\n|poke|p1|Crobat, F|\n|poke|p1|Serperior, M|\n|poke|p1|Azumarill, F|\n|poke|p1|Mandibuzz, F|\n|poke|p2|Umbreon, F|\n|poke|p2|Excadrill, F|\n|poke|p2|Corviknight, F|\n|poke|p2|Tapu Fini|\n|poke|p2|Sableye, F|\n|poke|p2|Dragalge, F|\n|teampreview\n|inactive|Battle timer is ON: inactive players will automatically lose when time's up. (requested by RandoTestAccount)\n|\n|t:|1699580729\n|start\n|switch|p1a: Azumarill|Azumarill, F|100\/100\n|switch|p2a: Spectre of Emerald|Sableye, F, shiny|100\/100\n|turn|1\n|\n|t:|1699580732\n|move|p2a: Spectre of Emerald|Will-O-Wisp|p1a: Azumarill\n|-status|p1a: Azumarill|brn\n|-enditem|p1a: Azumarill|Lum Berry|[eat]\n|-curestatus|p1a: Azumarill|brn|[msg]\n|move|p1a: Azumarill|Play Rough|p2a: Spectre of Emerald|[miss]\n|-miss|p1a: Azumarill|p2a: Spectre of Emerald\n|\n|upkeep\n|turn|2\n|\n|t:|1699580745\n|switch|p1a: Salamence|Salamence, F|100\/100\n|-ability|p1a: Salamence|Intimidate|boost\n|-unboost|p2a: Spectre of Emerald|atk|1\n|move|p2a: Spectre of Emerald|Will-O-Wisp|p1a: Salamence\n|-status|p1a: Salamence|brn\n|\n|-damage|p1a: Salamence|94\/100 brn|[from] brn\n|upkeep\n|turn|3\n|\n|t:|1699580751\n|move|p2a: Spectre of Emerald|Calm Mind|p2a: Spectre of Emerald\n|-boost|p2a: Spectre of Emerald|spa|1\n|-boost|p2a: Spectre of Emerald|spd|1\n|move|p1a: Salamence|Dragon Dance|p1a: Salamence\n|-boost|p1a: Salamence|atk|1\n|-boost|p1a: Salamence|spe|1\n|\n|-damage|p1a: Salamence|88\/100 brn|[from] brn\n|upkeep\n|turn|4\n|\n|t:|1699580755\n|move|p2a: Spectre of Emerald|Calm Mind|p2a: Spectre of Emerald\n|-boost|p2a: Spectre of Emerald|spa|1\n|-boost|p2a: Spectre of Emerald|spd|1\n|move|p1a: Salamence|Air Slash|p2a: Spectre of Emerald\n|-damage|p2a: Spectre of Emerald|63\/100\n|-damage|p1a: Salamence|79\/100 brn|[from] item: Life Orb\n|\n|-damage|p1a: Salamence|72\/100 brn|[from] brn\n|upkeep\n|turn|5\n|\n|t:|1699580763\n|detailschange|p2a: Spectre of Emerald|Sableye-Mega, F, shiny\n|-mega|p2a: Spectre of Emerald|Sableye|Sablenite\n|move|p1a: Salamence|Air Slash|p2a: Spectre of Emerald\n|-damage|p2a: Spectre of Emerald|40\/100\n|-damage|p1a: Salamence|63\/100 brn|[from] item: Life Orb\n|move|p2a: Spectre of Emerald|Recover|p2a: Spectre of Emerald\n|-heal|p2a: Spectre of Emerald|90\/100\n|\n|-damage|p1a: Salamence|57\/100 brn|[from] brn\n|upkeep\n|turn|6\n|\n|t:|1699580775\n|move|p1a: Salamence|Air Slash|p2a: Spectre of Emerald|[miss]\n|-miss|p1a: Salamence|p2a: Spectre of Emerald\n|move|p2a: Spectre of Emerald|Calm Mind|p2a: Spectre of Emerald\n|-boost|p2a: Spectre of Emerald|spa|1\n|-boost|p2a: Spectre of Emerald|spd|1\n|\n|-damage|p1a: Salamence|50\/100 brn|[from] brn\n|upkeep\n|turn|7\n|\n|t:|1699580784\n|move|p1a: Salamence|Air Slash|p2a: Spectre of Emerald\n|-damage|p2a: Spectre of Emerald|73\/100\n|-damage|p1a: Salamence|41\/100 brn|[from] item: Life Orb\n|move|p2a: Spectre of Emerald|Calm Mind|p2a: Spectre of Emerald\n|-boost|p2a: Spectre of Emerald|spa|1\n|-boost|p2a: Spectre of Emerald|spd|1\n|\n|-damage|p1a: Salamence|35\/100 brn|[from] brn\n|upkeep\n|turn|8\n|\n|t:|1699580791\n|move|p1a: Salamence|Air Slash|p2a: Spectre of Emerald\n|-damage|p2a: Spectre of Emerald|57\/100\n|-damage|p1a: Salamence|25\/100 brn|[from] item: Life Orb\n|cant|p2a: Spectre of Emerald|flinch\n|\n|-damage|p1a: Salamence|19\/100 brn|[from] brn\n|upkeep\n|turn|9\n|\n|t:|1699580794\n|move|p1a: Salamence|Draco Meteor|p2a: Spectre of Emerald|[miss]\n|-miss|p1a: Salamence|p2a: Spectre of Emerald\n|move|p2a: Spectre of Emerald|Recover|p2a: Spectre of Emerald\n|-heal|p2a: Spectre of Emerald|100\/100\n|\n|-damage|p1a: Salamence|13\/100 brn|[from] brn\n|upkeep\n|turn|10\n|\n|t:|1699580801\n|move|p1a: Salamence|Air Slash|p2a: Spectre of Emerald\n|-damage|p2a: Spectre of Emerald|85\/100\n|-damage|p1a: Salamence|3\/100 brn|[from] item: Life Orb\n|move|p2a: Spectre of Emerald|Calm Mind|p2a: Spectre of Emerald\n|-boost|p2a: Spectre of Emerald|spa|1\n|-boost|p2a: Spectre of Emerald|spd|1\n|\n|-damage|p1a: Salamence|0 fnt|[from] brn\n|faint|p1a: Salamence\n|upkeep\n|\n|t:|1699580808\n|switch|p1a: Crobat|Crobat, F|100\/100\n|turn|11\n|\n|t:|1699580817\n|move|p1a: Crobat|Hypnosis|p2a: Spectre of Emerald\n|move|p2a: Spectre of Emerald|Hypnosis|p1a: Crobat|[from]ability: Magic Bounce\n|-status|p1a: Crobat|slp|[from] move: Hypnosis\n|move|p2a: Spectre of Emerald|Will-O-Wisp||[still]\n|-fail|p2a: Spectre of Emerald\n|\n|upkeep\n|turn|12\n|\n|t:|1699580825\n|cant|p1a: Crobat|slp\n|move|p2a: Spectre of Emerald|Calm Mind|p2a: Spectre of Emerald\n|-boost|p2a: Spectre of Emerald|spa|1\n|-boost|p2a: Spectre of Emerald|spd|1\n|\n|upkeep\n|turn|13\n|-message|konl forfeited.\n|\n|win|RandoTestAccount\n|raw|konl's rating: 1294 &rarr; <strong>1273<\/strong><br \/>(-21 for losing)\n|raw|RandoTestAccount's rating: 1348 &rarr; <strong>1365<\/strong><br \/>(+17 for winning)\n|l|\u2606konl\n","uploadtime":1699580841,"views":4,"p1id":"konl","p2id":"randotestaccount","formatid":"gen9nationaldex","rating":1273,"private":0,"password":""}