{"id":"gen9nationaldex-1989473949","p1":"monkey kkk","p2":"noBlundurr","format":"[Gen 9] National Dex","log":"|j|\u2606monkey kkk\n|j|\u2606noBlundurr\n|t:|1699856305\n|gametype|singles\n|player|p1|monkey kkk|twins-gen4dp|1237\n|player|p2|noBlundurr|1|1334\n|teamsize|p1|6\n|teamsize|p2|6\n|gen|9\n|tier|[Gen 9] National Dex\n|rated|\n|rule|HP Percentage Mod: HP is shown in percentages\n|rule|Endless Battle Clause: Forcing endless battles is banned\n|rule|OHKO Clause: OHKO moves are banned\n|rule|Evasion Clause: Evasion abilities, items, and moves are banned\n|rule|Evasion Abilities Clause: Evasion abilities are banned\n|rule|Evasion Items Clause: Evasion items are banned\n|rule|Evasion Moves Clause: Evasion moves are banned\n|rule|Species Clause: Limit one of each Pok\u00e9mon\n|rule|Sleep Clause Mod: Limit one foe put to sleep\n|clearpoke\n|poke|p1|Kartana|\n|poke|p1|Linoone, F|\n|poke|p1|Minior-Blue|\n|poke|p1|Golem-Alola, M|\n|poke|p1|Iron Treads|\n|poke|p1|Sigilyph, M|\n|poke|p2|Pelipper, F|\n|poke|p2|Swampert, F|\n|poke|p2|Urshifu-*, F|\n|poke|p2|Ogerpon-Wellspring, F|\n|poke|p2|Rotom-Wash|\n|poke|p2|Ferrothorn, F|\n|teampreview\n|inactive|Battle timer is ON: inactive players will automatically lose when time's up. (requested by monkey kkk)\n|\n|t:|1699856329\n|start\n|switch|p1a: Minior|Minior-Blue|100\/100\n|switch|p2a: Pelipper|Pelipper, F, shiny|100\/100\n|-formechange|p1a: Minior|Minior-Meteor||[from] ability: Shields Down\n|-weather|RainDance|[from] ability: Drizzle|[of] p2a: Pelipper\n|turn|1\n|\n|t:|1699856337\n|move|p1a: Minior|Stone Edge|p2a: Pelipper\n|-supereffective|p2a: Pelipper\n|-damage|p2a: Pelipper|27\/100\n|move|p2a: Pelipper|Weather Ball|p1a: Minior\n|-supereffective|p1a: Minior\n|-damage|p1a: Minior|0 fnt\n|faint|p1a: Minior\n|\n|-weather|RainDance|[upkeep]\n|upkeep\n|\n|t:|1699856358\n|switch|p1a: Kartana|Kartana|100\/100\n|turn|2\n|\n|t:|1699856379\n|switch|p2a: Ferrothorn|Ferrothorn, F, shiny|100\/100\n|move|p1a: Kartana|Tailwind|p1a: Kartana\n|-sidestart|p1: monkey kkk|move: Tailwind\n|\n|-weather|RainDance|[upkeep]\n|upkeep\n|turn|3\n|\n|t:|1699856391\n|move|p1a: Kartana|Sacred Sword|p2a: Ferrothorn\n|-supereffective|p2a: Ferrothorn\n|-damage|p2a: Ferrothorn|27\/100\n|-damage|p1a: Kartana|88\/100|[from] ability: Iron Barbs|[of] p2a: Ferrothorn\n|-damage|p1a: Kartana|72\/100|[from] item: Rocky Helmet|[of] p2a: Ferrothorn\n|move|p2a: Ferrothorn|Stealth Rock|p1a: Kartana\n|-sidestart|p1: monkey kkk|move: Stealth Rock\n|\n|-weather|RainDance|[upkeep]\n|upkeep\n|turn|4\n|inactive|noBlundurr has 120 seconds left.\n|\n|t:|1699856416\n|switch|p2a: Rotom|Rotom-Wash, shiny|100\/100\n|move|p1a: Kartana|Sacred Sword|p2a: Rotom\n|-damage|p2a: Rotom|57\/100\n|\n|-weather|RainDance|[upkeep]\n|upkeep\n|turn|5\n|\n|t:|1699856422\n|move|p1a: Kartana|Leaf Blade|p2a: Rotom\n|-supereffective|p2a: Rotom\n|-damage|p2a: Rotom|0 fnt\n|faint|p2a: Rotom\n|-ability|p1a: Kartana|Beast Boost|boost\n|-boost|p1a: Kartana|atk|1\n|\n|-weather|RainDance|[upkeep]\n|-sideend|p1: monkey kkk|move: Tailwind\n|upkeep\n|\n|t:|1699856430\n|switch|p2a: Swampert|Swampert, F, shiny|100\/100\n|turn|6\n|\n|t:|1699856445\n|switch|p2a: Ferrothorn|Ferrothorn, F, shiny|27\/100\n|move|p1a: Kartana|Tailwind|p1a: Kartana\n|-sidestart|p1: monkey kkk|move: Tailwind\n|\n|-weather|RainDance|[upkeep]\n|upkeep\n|turn|7\n|\n|t:|1699856457\n|move|p1a: Kartana|Sacred Sword|p2a: Ferrothorn\n|-supereffective|p2a: Ferrothorn\n|-damage|p2a: Ferrothorn|0 fnt\n|-damage|p1a: Kartana|59\/100|[from] ability: Iron Barbs|[of] p2a: Ferrothorn\n|-damage|p1a: Kartana|43\/100|[from] item: Rocky Helmet|[of] p2a: Ferrothorn\n|faint|p2a: Ferrothorn\n|-ability|p1a: Kartana|Beast Boost|boost\n|-boost|p1a: Kartana|atk|1\n|\n|-weather|RainDance|[upkeep]\n|upkeep\n|\n|t:|1699856468\n|switch|p2a: Ogerpon|Ogerpon-Wellspring, F|100\/100\n|turn|8\n|\n|t:|1699856478\n|-terastallize|p2a: Ogerpon|Water\n|detailschange|p2a: Ogerpon|Ogerpon-Wellspring-Tera, F, tera:Water\n|-ability|p2a: Ogerpon|Embody Aspect (Wellspring)|boost\n|-boost|p2a: Ogerpon|spd|1\n|move|p1a: Kartana|Leaf Blade|p2a: Ogerpon\n|-supereffective|p2a: Ogerpon\n|-damage|p2a: Ogerpon|0 fnt\n|faint|p2a: Ogerpon\n|-ability|p1a: Kartana|Beast Boost|boost\n|-boost|p1a: Kartana|atk|1\n|\n|-weather|none\n|upkeep\n|\n|t:|1699856484\n|switch|p2a: Pelipper|Pelipper, F, shiny|27\/100\n|-weather|RainDance|[from] ability: Drizzle|[of] p2a: Pelipper\n|turn|9\n|\n|t:|1699856499\n|move|p1a: Kartana|Leaf Blade|p2a: Pelipper\n|-damage|p2a: Pelipper|0 fnt\n|faint|p2a: Pelipper\n|-ability|p1a: Kartana|Beast Boost|boost\n|-boost|p1a: Kartana|atk|1\n|\n|-weather|RainDance|[upkeep]\n|-sideend|p1: monkey kkk|move: Tailwind\n|upkeep\n|\n|t:|1699856515\n|switch|p2a: Swampert|Swampert, F, shiny|100\/100\n|turn|10\n|\n|t:|1699856539\n|detailschange|p2a: Swampert|Swampert-Mega, F, shiny\n|-mega|p2a: Swampert|Swampert|Swampertite\n|move|p2a: Swampert|Earthquake|p1a: Kartana\n|-damage|p1a: Kartana|0 fnt\n|faint|p1a: Kartana\n|\n|-weather|RainDance|[upkeep]\n|upkeep\n|inactive|monkey kkk has 120 seconds left.\n|\n|t:|1699856566\n|switch|p1a: Iron Treads|Iron Treads|100\/100\n|-damage|p1a: Iron Treads|97\/100|[from] Stealth Rock\n|turn|11\n|\n|t:|1699856582\n|-terastallize|p1a: Iron Treads|Ground\n|move|p2a: Swampert|Earthquake|p1a: Iron Treads\n|-damage|p1a: Iron Treads|43\/100\n|move|p1a: Iron Treads|Rapid Spin|p2a: Swampert\n|-damage|p2a: Swampert|86\/100\n|-boost|p1a: Iron Treads|spe|1\n|-sideend|p1: monkey kkk|Stealth Rock|[from] move: Rapid Spin|[of] p1a: Iron Treads\n|\n|-weather|RainDance|[upkeep]\n|upkeep\n|turn|12\n|\n|t:|1699856592\n|move|p2a: Swampert|Liquidation|p1a: Iron Treads\n|-supereffective|p1a: Iron Treads\n|-damage|p1a: Iron Treads|0 fnt\n|faint|p1a: Iron Treads\n|-end|p1a: Iron Treads|Quark Drive|[silent]\n|\n|-weather|RainDance|[upkeep]\n|upkeep\n|\n|t:|1699856597\n|switch|p1a: Golem|Golem-Alola, M|100\/100\n|turn|13\n|\n|t:|1699856601\n|move|p2a: Swampert|Liquidation|p1a: Golem\n|-supereffective|p1a: Golem\n|-ability|p1a: Golem|Sturdy\n|-damage|p1a: Golem|1\/100\n|move|p1a: Golem|Counter|p2a: Swampert\n|-damage|p2a: Swampert|0 fnt\n|faint|p2a: Swampert\n|\n|-weather|RainDance|[upkeep]\n|upkeep\n|\n|t:|1699856605\n|switch|p2a: Urshifu|Urshifu-Rapid-Strike, F|100\/100\n|turn|14\n|-enditem|p1a: Golem|Custap Berry|[eat]\n|-activate|p1a: Golem|item: Custap Berry|[consumed]\n|\n|t:|1699856612\n|move|p1a: Golem|Explosion|p2a: Urshifu\n|-damage|p2a: Urshifu|8\/100\n|faint|p1a: Golem\n|move|p2a: Urshifu|Trailblaze|p1: Golem|[notarget]\n|-fail|p2a: Urshifu\n|\n|-weather|RainDance|[upkeep]\n|upkeep\n|\n|t:|1699856619\n|switch|p1a: Linoone|Linoone, F|100\/100\n|turn|15\n|\n|t:|1699856623\n|move|p1a: Linoone|Extreme Speed|p2a: Urshifu\n|-damage|p2a: Urshifu|0 fnt\n|faint|p2a: Urshifu\n|\n|win|monkey kkk\n|raw|monkey kkk's rating: 1237 &rarr; <strong>1269<\/strong><br \/>(+32 for winning)\n|raw|noBlundurr's rating: 1334 &rarr; <strong>1309<\/strong><br \/>(-25 for losing)\n|l|\u2606noBlundurr\n","uploadtime":1699856635,"views":6,"p1id":"monkeykkk","p2id":"noblundurr","formatid":"gen9nationaldex","rating":1269,"private":0,"password":""}