{"id":"gen9nationaldex-1999117860","p1":"austinsemple","p2":"GodEater55","format":"[Gen 9] National Dex","log":"|html|<div class=\"broadcast-blue\"><strong>[Gen 9] National Dex is currently suspecting Sneasler! For information on how to participate check out the <a href=\"https:\/\/www.smogon.com\/forums\/threads\/sv-national-dex-suspect-8-just-dance.3731534\/\">suspect thread<\/a>.<\/strong><\/div>\n|j|\u2606austinsemple\n|j|\u2606GodEater55\n|t:|1701035039\n|gametype|singles\n|player|p1|austinsemple|blackbelt-gen4dp|\n|player|p2|GodEater55|265|\n|teamsize|p1|6\n|teamsize|p2|6\n|gen|9\n|tier|[Gen 9] National Dex\n|rule|HP Percentage Mod: HP is shown in percentages\n|rule|Endless Battle Clause: Forcing endless battles is banned\n|rule|OHKO Clause: OHKO moves are banned\n|rule|Evasion Clause: Evasion abilities, items, and moves are banned\n|rule|Evasion Abilities Clause: Evasion abilities are banned\n|rule|Evasion Items Clause: Evasion items are banned\n|rule|Evasion Moves Clause: Evasion moves are banned\n|rule|Species Clause: Limit one of each Pok\u00e9mon\n|rule|Sleep Clause Mod: Limit one foe put to sleep\n|clearpoke\n|poke|p1|Garganacl, M|\n|poke|p1|Salazzle, F|\n|poke|p1|Chansey, F|\n|poke|p1|Medicham, M|\n|poke|p1|Garchomp, F|\n|poke|p1|Volcarona, F|\n|poke|p2|Toxapex, M|\n|poke|p2|Sneasler, M|\n|poke|p2|Okidogi, M|\n|poke|p2|Iron Moth|\n|poke|p2|Venusaur, F|\n|poke|p2|Muk-Alola, F|\n|teampreview\n|inactive|Battle timer is ON: inactive players will automatically lose when time's up. (requested by austinsemple)\n|\n|t:|1701035048\n|start\n|switch|p1a: Medicham|Medicham, M|100\/100\n|switch|p2a: Toxapex|Toxapex, M, shiny|100\/100\n|turn|1\n|\n|t:|1701035054\n|move|p1a: Medicham|Taunt|p2a: Toxapex\n|-start|p2a: Toxapex|move: Taunt\n|cant|p2a: Toxapex|move: Taunt|Toxic Spikes\n|\n|upkeep\n|turn|2\n|\n|t:|1701035058\n|detailschange|p1a: Medicham|Medicham-Mega, M\n|-mega|p1a: Medicham|Medicham|Medichamite\n|move|p1a: Medicham|Zen Headbutt|p2a: Toxapex\n|-supereffective|p2a: Toxapex\n|-damage|p2a: Toxapex|0 fnt\n|faint|p2a: Toxapex\n|\n|upkeep\n|\n|t:|1701035065\n|switch|p2a: Venusaur|Venusaur, F, shiny|100\/100\n|turn|3\n|\n|t:|1701035082\n|detailschange|p2a: Venusaur|Venusaur-Mega, F, shiny\n|-mega|p2a: Venusaur|Venusaur|Venusaurite\n|move|p1a: Medicham|Zen Headbutt|p2a: Venusaur\n|-supereffective|p2a: Venusaur\n|-damage|p2a: Venusaur|0 fnt\n|faint|p2a: Venusaur\n|\n|upkeep\n|\n|t:|1701035090\n|switch|p2a: Sneasler|Sneasler, M, shiny|100\/100\n|turn|4\n|\n|t:|1701035099\n|switch|p1a: Salazzle|Salazzle, F|100\/100\n|move|p2a: Sneasler|Dire Claw|p1a: Salazzle\n|-resisted|p1a: Salazzle\n|-damage|p1a: Salazzle|65\/100\n|-status|p1a: Salazzle|slp\n|\n|-heal|p1a: Salazzle|72\/100 slp|[from] item: Black Sludge\n|upkeep\n|turn|5\n|\n|t:|1701035111\n|cant|p1a: Salazzle|slp\n|move|p2a: Sneasler|Swords Dance|p2a: Sneasler\n|-boost|p2a: Sneasler|atk|2\n|\n|-heal|p1a: Salazzle|78\/100 slp|[from] item: Black Sludge\n|upkeep\n|turn|6\n|\n|t:|1701035117\n|cant|p1a: Salazzle|slp\n|move|p2a: Sneasler|Dire Claw|p1a: Salazzle\n|-resisted|p1a: Salazzle\n|-damage|p1a: Salazzle|14\/100 slp\n|\n|-heal|p1a: Salazzle|20\/100 slp|[from] item: Black Sludge\n|upkeep\n|turn|7\n|\n|t:|1701035124\n|cant|p1a: Salazzle|slp\n|move|p2a: Sneasler|Dire Claw|p1a: Salazzle\n|-resisted|p1a: Salazzle\n|-damage|p1a: Salazzle|0 fnt\n|faint|p1a: Salazzle\n|\n|upkeep\n|\n|t:|1701035142\n|switch|p1a: Medicham|Medicham-Mega, M|100\/100\n|turn|8\n|\n|t:|1701035146\n|-terastallize|p2a: Sneasler|Water\n|move|p1a: Medicham|Fake Out|p2a: Sneasler\n|-damage|p2a: Sneasler|59\/100\n|cant|p2a: Sneasler|flinch\n|\n|upkeep\n|turn|9\n|\n|t:|1701035156\n|switch|p1a: Garchomp|Garchomp, F|100\/100\n|move|p2a: Sneasler|Dire Claw|p1a: Garchomp\n|-resisted|p1a: Garchomp\n|-crit|p1a: Garchomp\n|-damage|p1a: Garchomp|29\/100\n|-damage|p2a: Sneasler|47\/100|[from] ability: Rough Skin|[of] p1a: Garchomp\n|\n|upkeep\n|turn|10\n|\n|t:|1701035163\n|move|p2a: Sneasler|Dire Claw|p1a: Garchomp\n|-resisted|p1a: Garchomp\n|-damage|p1a: Garchomp|0 fnt\n|-damage|p2a: Sneasler|35\/100|[from] ability: Rough Skin|[of] p1a: Garchomp\n|faint|p1a: Garchomp\n|\n|upkeep\n|\n|t:|1701035168\n|switch|p1a: Medicham|Medicham-Mega, M|100\/100\n|turn|11\n|\n|t:|1701035171\n|move|p1a: Medicham|Fake Out|p2a: Sneasler\n|-damage|p2a: Sneasler|0 fnt\n|faint|p2a: Sneasler\n|\n|upkeep\n|\n|t:|1701035184\n|switch|p2a: Iron Moth|Iron Moth|100\/100\n|turn|12\n|\n|t:|1701035190\n|move|p2a: Iron Moth|Hurricane|p1a: Medicham\n|-supereffective|p1a: Medicham\n|-damage|p1a: Medicham|0 fnt\n|faint|p1a: Medicham\n|\n|upkeep\n|\n|t:|1701035196\n|switch|p1a: Chansey|Chansey, F|100\/100\n|turn|13\n|\n|t:|1701035201\n|move|p2a: Iron Moth|U-turn|p1a: Chansey\n|-damage|p1a: Chansey|94\/100\n|\n|t:|1701035205\n|-end|p2a: Iron Moth|Quark Drive|[silent]\n|switch|p2a: Okidogi|Okidogi, M|100\/100|[from] U-turn\n|move|p1a: Chansey|Thunder Wave|p2a: Okidogi\n|-status|p2a: Okidogi|par\n|\n|upkeep\n|turn|14\n|\n|t:|1701035216\n|switch|p1a: Garganacl|Garganacl, M|100\/100\n|move|p2a: Okidogi|Drain Punch|p1a: Garganacl\n|-supereffective|p1a: Garganacl\n|-damage|p1a: Garganacl|43\/100\n|-damage|p2a: Okidogi|91\/100 par|[from] item: Life Orb\n|\n|-heal|p1a: Garganacl|49\/100|[from] item: Leftovers\n|upkeep\n|turn|15\n|\n|t:|1701035225\n|-terastallize|p1a: Garganacl|Poison\n|move|p1a: Garganacl|Recover|p1a: Garganacl\n|-heal|p1a: Garganacl|99\/100\n|move|p2a: Okidogi|Drain Punch|p1a: Garganacl\n|-resisted|p1a: Garganacl\n|-damage|p1a: Garganacl|84\/100\n|-heal|p2a: Okidogi|100\/100 par|[from] drain|[of] p1a: Garganacl\n|-damage|p2a: Okidogi|91\/100 par|[from] item: Life Orb\n|\n|-heal|p1a: Garganacl|90\/100|[from] item: Leftovers\n|upkeep\n|turn|16\n|\n|t:|1701035241\n|switch|p2a: Muk|Muk-Alola, F, shiny|100\/100\n|move|p1a: Garganacl|Curse|p1a: Garganacl\n|-unboost|p1a: Garganacl|spe|1\n|-boost|p1a: Garganacl|atk|1\n|-boost|p1a: Garganacl|def|1\n|\n|-heal|p1a: Garganacl|96\/100|[from] item: Leftovers\n|upkeep\n|turn|17\n|\n|t:|1701035249\n|move|p2a: Muk|Knock Off|p1a: Garganacl\n|-damage|p1a: Garganacl|74\/100\n|-enditem|p1a: Garganacl|Leftovers|[from] move: Knock Off|[of] p2a: Muk\n|move|p1a: Garganacl|Earthquake|p2a: Muk\n|-supereffective|p2a: Muk\n|-damage|p2a: Muk|26\/100\n|\n|-heal|p2a: Muk|32\/100|[from] item: Leftovers\n|upkeep\n|turn|18\n|\n|t:|1701035260\n|move|p2a: Muk|Drain Punch|p1a: Garganacl\n|-resisted|p1a: Garganacl\n|-damage|p1a: Garganacl|68\/100\n|-heal|p2a: Muk|36\/100|[from] drain|[of] p1a: Garganacl\n|move|p1a: Garganacl|Earthquake|p2a: Muk\n|-supereffective|p2a: Muk\n|-damage|p2a: Muk|0 fnt\n|faint|p2a: Muk\n|\n|upkeep\n|\n|t:|1701035271\n|switch|p2a: Iron Moth|Iron Moth|100\/100\n|turn|19\n|\n|t:|1701035274\n|move|p2a: Iron Moth|Fiery Dance|p1a: Garganacl\n|-damage|p1a: Garganacl|41\/100\n|-boost|p2a: Iron Moth|spa|1\n|move|p1a: Garganacl|Earthquake|p2a: Iron Moth\n|-supereffective|p2a: Iron Moth\n|-damage|p2a: Iron Moth|0 fnt\n|faint|p2a: Iron Moth\n|-end|p2a: Iron Moth|Quark Drive|[silent]\n|\n|upkeep\n|\n|t:|1701035281\n|switch|p2a: Okidogi|Okidogi, M|91\/100 par\n|turn|20\n|inactive|GodEater55 has 270 seconds left.\n|\n|t:|1701035330\n|move|p2a: Okidogi|Drain Punch|p1a: Garganacl\n|-resisted|p1a: Garganacl\n|-damage|p1a: Garganacl|30\/100\n|-heal|p2a: Okidogi|98\/100 par|[from] drain|[of] p1a: Garganacl\n|-damage|p2a: Okidogi|88\/100 par|[from] item: Life Orb\n|move|p1a: Garganacl|Recover|p1a: Garganacl\n|-heal|p1a: Garganacl|80\/100\n|\n|upkeep\n|turn|21\n|\n|t:|1701035338\n|move|p2a: Okidogi|Poison Jab|p1a: Garganacl\n|-resisted|p1a: Garganacl\n|-damage|p1a: Garganacl|69\/100\n|-damage|p2a: Okidogi|78\/100 par|[from] item: Life Orb\n|move|p1a: Garganacl|Earthquake|p2a: Okidogi\n|-supereffective|p2a: Okidogi\n|-damage|p2a: Okidogi|23\/100 par\n|\n|upkeep\n|turn|22\n|\n|t:|1701035346\n|move|p2a: Okidogi|Drain Punch|p1a: Garganacl\n|-resisted|p1a: Garganacl\n|-damage|p1a: Garganacl|59\/100\n|-heal|p2a: Okidogi|30\/100 par|[from] drain|[of] p1a: Garganacl\n|-damage|p2a: Okidogi|20\/100 par|[from] item: Life Orb\n|move|p1a: Garganacl|Earthquake|p2a: Okidogi\n|-supereffective|p2a: Okidogi\n|-damage|p2a: Okidogi|0 fnt\n|faint|p2a: Okidogi\n|\n|win|austinsemple\n","uploadtime":1701035349,"views":75,"p1id":"austinsemple","p2id":"godeater55","formatid":"gen9nationaldex","rating":0,"private":0,"password":""}