{"id":"gen9nationaldex-1999042069","p1":"JL_recruta","p2":"asugamingpoke","format":"[Gen 9] National Dex","log":"|html|<div class=\"broadcast-blue\"><strong>[Gen 9] National Dex is currently suspecting Sneasler! For information on how to participate check out the <a href=\"https:\/\/www.smogon.com\/forums\/threads\/sv-national-dex-suspect-8-just-dance.3731534\/\">suspect thread<\/a>.<\/strong><\/div>\n|j|\u2606JL_recruta\n|j|\u2606asugamingpoke\n|t:|1701026948\n|gametype|singles\n|player|p1|JL_recruta|nate|1335\n|player|p2|asugamingpoke|morty-masters2|1347\n|teamsize|p1|6\n|teamsize|p2|2\n|gen|9\n|tier|[Gen 9] National Dex\n|rated|\n|rule|HP Percentage Mod: HP is shown in percentages\n|rule|Endless Battle Clause: Forcing endless battles is banned\n|rule|OHKO Clause: OHKO moves are banned\n|rule|Evasion Clause: Evasion abilities, items, and moves are banned\n|rule|Evasion Abilities Clause: Evasion abilities are banned\n|rule|Evasion Items Clause: Evasion items are banned\n|rule|Evasion Moves Clause: Evasion moves are banned\n|rule|Species Clause: Limit one of each Pok\u00e9mon\n|rule|Sleep Clause Mod: Limit one foe put to sleep\n|clearpoke\n|poke|p1|Charizard, F|\n|poke|p1|Leafeon, M|\n|poke|p1|Maushold-Four|\n|poke|p1|Kleavor, F|\n|poke|p1|Iron Valiant|\n|poke|p1|Moltres-Galar|\n|poke|p2|Stakataka|\n|poke|p2|Swampert, F|\n|teampreview\n|c|\u2606asugamingpoke|just for fun\n|c|\u2606asugamingpoke|glhf\n|c|\u2606JL_recruta|u2\n|\n|t:|1701026959\n|start\n|switch|p1a: Maushold|Maushold-Four|100\/100\n|switch|p2a: Stakataka|Stakataka|100\/100\n|turn|1\n|\n|t:|1701026964\n|move|p1a: Maushold|Tidy Up|p1a: Maushold\n|-boost|p1a: Maushold|atk|1\n|-boost|p1a: Maushold|spe|1\n|move|p2a: Stakataka|Trick Room|p2a: Stakataka\n|-fieldstart|move: Trick Room|[of] p2a: Stakataka\n|\n|upkeep\n|turn|2\n|\n|t:|1701026967\n|move|p2a: Stakataka|Gyro Ball|p1a: Maushold\n|-damage|p1a: Maushold|0 fnt\n|faint|p1a: Maushold\n|-ability|p2a: Stakataka|Beast Boost|boost\n|-boost|p2a: Stakataka|def|1\n|\n|upkeep\n|\n|t:|1701026976\n|switch|p1a: Kleavor|Kleavor, F|100\/100\n|turn|3\n|\n|t:|1701026981\n|switch|p1a: Charizard|Charizard, F, shiny|100\/100\n|move|p2a: Stakataka|Gyro Ball|p1a: Charizard\n|-resisted|p1a: Charizard\n|-damage|p1a: Charizard|39\/100\n|\n|upkeep\n|turn|4\n|\n|t:|1701026989\n|detailschange|p1a: Charizard|Charizard-Mega-Y, F, shiny\n|-mega|p1a: Charizard|Charizard|Charizardite Y\n|-weather|SunnyDay|[from] ability: Drought|[of] p1a: Charizard\n|move|p2a: Stakataka|Gyro Ball|p1a: Charizard\n|-resisted|p1a: Charizard\n|-damage|p1a: Charizard|0 fnt\n|faint|p1a: Charizard\n|-ability|p2a: Stakataka|Beast Boost|boost\n|-boost|p2a: Stakataka|def|1\n|\n|-weather|SunnyDay|[upkeep]\n|upkeep\n|\n|t:|1701026997\n|switch|p1a: Kleavor|Kleavor, F|100\/100\n|turn|5\n|\n|t:|1701027002\n|move|p2a: Stakataka|Gyro Ball|p1a: Kleavor\n|-supereffective|p1a: Kleavor\n|-damage|p1a: Kleavor|0 fnt\n|faint|p1a: Kleavor\n|-ability|p2a: Stakataka|Beast Boost|boost\n|-boost|p2a: Stakataka|def|1\n|\n|-weather|SunnyDay|[upkeep]\n|-fieldend|move: Trick Room\n|upkeep\n|\n|t:|1701027007\n|switch|p1a: Leafeon|Leafeon, M|100\/100\n|turn|6\n|\n|t:|1701027012\n|move|p1a: Leafeon|Swords Dance|p1a: Leafeon\n|-boost|p1a: Leafeon|atk|2\n|move|p2a: Stakataka|Trick Room|p2a: Stakataka\n|-fieldstart|move: Trick Room|[of] p2a: Stakataka\n|\n|-weather|SunnyDay|[upkeep]\n|upkeep\n|turn|7\n|\n|t:|1701027016\n|-terastallize|p1a: Leafeon|Fire\n|move|p2a: Stakataka|Heat Crash|p1a: Leafeon\n|-resisted|p1a: Leafeon\n|-damage|p1a: Leafeon|68\/100\n|move|p1a: Leafeon|Dig||[still]\n|-prepare|p1a: Leafeon|Dig\n|-enditem|p1a: Leafeon|Power Herb\n|-anim|p1a: Leafeon|Dig|p2a: Stakataka\n|-supereffective|p2a: Stakataka\n|-damage|p2a: Stakataka|50\/100\n|\n|-weather|SunnyDay|[upkeep]\n|upkeep\n|turn|8\n|\n|t:|1701027023\n|move|p2a: Stakataka|Gyro Ball|p1a: Leafeon\n|-resisted|p1a: Leafeon\n|-damage|p1a: Leafeon|28\/100\n|move|p1a: Leafeon|Solar Blade||[still]\n|-prepare|p1a: Leafeon|Solar Blade\n|-anim|p1a: Leafeon|Solar Blade|p2a: Stakataka\n|-damage|p2a: Stakataka|24\/100\n|\n|-weather|none\n|upkeep\n|turn|9\n|\n|t:|1701027033\n|move|p2a: Stakataka|Body Press|p1a: Leafeon\n|-damage|p1a: Leafeon|0 fnt\n|faint|p1a: Leafeon\n|-ability|p2a: Stakataka|Beast Boost|boost\n|-boost|p2a: Stakataka|def|1\n|\n|upkeep\n|\n|t:|1701027037\n|switch|p1a: Moltres|Moltres-Galar|100\/100\n|turn|10\n|\n|t:|1701027045\n|move|p1a: Moltres|Sucker Punch|p2a: Stakataka\n|-damage|p2a: Stakataka|20\/100\n|move|p2a: Stakataka|Gyro Ball|p1a: Moltres\n|-damage|p1a: Moltres|0 fnt\n|faint|p1a: Moltres\n|-ability|p2a: Stakataka|Beast Boost|boost\n|-boost|p2a: Stakataka|def|1\n|\n|-fieldend|move: Trick Room\n|upkeep\n|\n|t:|1701027049\n|switch|p1a: Iron Valiant|Iron Valiant|100\/100\n|-enditem|p1a: Iron Valiant|Booster Energy\n|-activate|p1a: Iron Valiant|ability: Quark Drive|[fromitem]\n|-start|p1a: Iron Valiant|quarkdrivespe\n|turn|11\n|\n|t:|1701027054\n|-terastallize|p2a: Stakataka|Rock\n|move|p1a: Iron Valiant|Focus Blast|p2a: Stakataka\n|-supereffective|p2a: Stakataka\n|-damage|p2a: Stakataka|0 fnt\n|faint|p2a: Stakataka\n|\n|upkeep\n|\n|t:|1701027058\n|switch|p2a: Swampert|Swampert, F|100\/100\n|turn|12\n|\n|t:|1701027063\n|detailschange|p2a: Swampert|Swampert-Mega, F\n|-mega|p2a: Swampert|Swampert|Swampertite\n|move|p1a: Iron Valiant|Moonblast|p2a: Swampert\n|-damage|p2a: Swampert|61\/100\n|move|p2a: Swampert|Liquidation|p1a: Iron Valiant\n|-damage|p1a: Iron Valiant|30\/100\n|-unboost|p1a: Iron Valiant|def|1\n|\n|upkeep\n|turn|13\n|\n|t:|1701027069\n|move|p1a: Iron Valiant|Focus Blast|p2a: Swampert\n|-damage|p2a: Swampert|18\/100\n|move|p2a: Swampert|Earthquake|p1a: Iron Valiant\n|-damage|p1a: Iron Valiant|0 fnt\n|faint|p1a: Iron Valiant\n|-end|p1a: Iron Valiant|Quark Drive|[silent]\n|\n|win|asugamingpoke\n|raw|JL_recruta's rating: 1335 &rarr; <strong>1316<\/strong><br \/>(-19 for losing)\n|raw|asugamingpoke's rating: 1347 &rarr; <strong>1366<\/strong><br \/>(+19 for winning)\n|c|\u2606asugamingpoke|gg\n|c|\u2606JL_recruta|gg\n|l|\u2606JL_recruta\n|j| n0stall\n|j| drossito pambisito\n|l| drossito pambisito\n|j| Samirsin\n|j| drossito pambisito\n|l| n0stall\n|l| Samirsin\n","uploadtime":1701027204,"views":5,"p1id":"jlrecruta","p2id":"asugamingpoke","formatid":"gen9nationaldex","rating":1316,"private":0,"password":""}