{"id":"gen9nationaldex-1990157234","p1":"PBzllikS","p2":"Trafalgar Law","format":"[Gen 9] National Dex","log":"|j|\u2606PBzllikS\n|j|\u2606Trafalgar Law\n|t:|1699930864\n|gametype|singles\n|player|p1|PBzllikS|hau|1405\n|player|p2|Trafalgar Law|blackbelt-gen4dp|1474\n|teamsize|p1|6\n|teamsize|p2|6\n|gen|9\n|tier|[Gen 9] National Dex\n|rated|\n|rule|HP Percentage Mod: HP is shown in percentages\n|rule|Endless Battle Clause: Forcing endless battles is banned\n|rule|OHKO Clause: OHKO moves are banned\n|rule|Evasion Clause: Evasion abilities, items, and moves are banned\n|rule|Evasion Abilities Clause: Evasion abilities are banned\n|rule|Evasion Items Clause: Evasion items are banned\n|rule|Evasion Moves Clause: Evasion moves are banned\n|rule|Species Clause: Limit one of each Pok\u00e9mon\n|rule|Sleep Clause Mod: Limit one foe put to sleep\n|clearpoke\n|poke|p1|Samurott-Hisui, M|\n|poke|p1|Volcarona, M|\n|poke|p1|Sneasler, M|\n|poke|p1|Mismagius, M|\n|poke|p1|Tapu Lele|\n|poke|p1|Diancie|\n|poke|p2|Lopunny, M|\n|poke|p2|Tapu Koko|\n|poke|p2|Scizor, F|\n|poke|p2|Landorus-Therian, M|\n|poke|p2|Heatran, M|\n|poke|p2|Iron Valiant|\n|teampreview\n|inactive|Battle timer is ON: inactive players will automatically lose when time's up. (requested by Trafalgar Law)\n|inactive|PBzllikS also wants the timer to be on.\n|inactive|PBzllikS has 120 seconds left.\n|\n|t:|1699930912\n|start\n|switch|p1a: Volcarona|Volcarona, M|100\/100\n|switch|p2a: Iron Valiant|Iron Valiant|100\/100\n|turn|1\n|\n|t:|1699930922\n|move|p2a: Iron Valiant|Psyshock|p1a: Volcarona\n|-damage|p1a: Volcarona|59\/100\n|move|p1a: Volcarona|Quiver Dance|p1a: Volcarona\n|-boost|p1a: Volcarona|spa|1\n|-boost|p1a: Volcarona|spd|1\n|-boost|p1a: Volcarona|spe|1\n|\n|upkeep\n|turn|2\n|\n|t:|1699930932\n|-end|p2a: Iron Valiant|Quark Drive|[silent]\n|switch|p2a: Heatran|Heatran, M|100\/100\n|move|p1a: Volcarona|Quiver Dance|p1a: Volcarona\n|-boost|p1a: Volcarona|spa|1\n|-boost|p1a: Volcarona|spd|1\n|-boost|p1a: Volcarona|spe|1\n|\n|upkeep\n|turn|3\n|\n|t:|1699930946\n|-terastallize|p1a: Volcarona|Water\n|-terastallize|p2a: Heatran|Grass\n|move|p1a: Volcarona|Tera Blast|p2a: Heatran|[anim] Tera Blast Water\n|-resisted|p2a: Heatran\n|-damage|p2a: Heatran|80\/100\n|move|p2a: Heatran|Magma Storm|p1a: Volcarona\n|-resisted|p1a: Volcarona\n|-damage|p1a: Volcarona|48\/100\n|-activate|p1a: Volcarona|move: Magma Storm|[of] p2a: Heatran\n|\n|-heal|p2a: Heatran|86\/100|[from] item: Leftovers\n|-damage|p1a: Volcarona|36\/100|[from] move: Magma Storm|[partiallytrapped]\n|upkeep\n|turn|4\n|\n|t:|1699930958\n|move|p1a: Volcarona|Roost|p1a: Volcarona\n|-heal|p1a: Volcarona|86\/100\n|move|p2a: Heatran|Stealth Rock|p1a: Volcarona\n|-sidestart|p1: PBzllikS|move: Stealth Rock\n|\n|-heal|p2a: Heatran|92\/100|[from] item: Leftovers\n|-damage|p1a: Volcarona|74\/100|[from] move: Magma Storm|[partiallytrapped]\n|upkeep\n|turn|5\n|\n|t:|1699930962\n|move|p1a: Volcarona|Quiver Dance|p1a: Volcarona\n|-boost|p1a: Volcarona|spa|1\n|-boost|p1a: Volcarona|spd|1\n|-boost|p1a: Volcarona|spe|1\n|move|p2a: Heatran|Taunt|p1a: Volcarona\n|-start|p1a: Volcarona|move: Taunt\n|\n|-heal|p2a: Heatran|98\/100|[from] item: Leftovers\n|-damage|p1a: Volcarona|61\/100|[from] move: Magma Storm|[partiallytrapped]\n|upkeep\n|turn|6\n|\n|t:|1699930965\n|move|p1a: Volcarona|Tera Blast|p2a: Heatran|[anim] Tera Blast Water\n|-resisted|p2a: Heatran\n|-damage|p2a: Heatran|69\/100\n|move|p2a: Heatran|Magma Storm|p1a: Volcarona|[miss]\n|-miss|p2a: Heatran|p1a: Volcarona\n|\n|-heal|p2a: Heatran|76\/100|[from] item: Leftovers\n|-damage|p1a: Volcarona|49\/100|[from] move: Magma Storm|[partiallytrapped]\n|upkeep\n|turn|7\n|\n|t:|1699930975\n|move|p1a: Volcarona|Tera Blast|p2a: Heatran|[anim] Tera Blast Water\n|-resisted|p2a: Heatran\n|-damage|p2a: Heatran|48\/100\n|move|p2a: Heatran|Magma Storm|p1a: Volcarona\n|-resisted|p1a: Volcarona\n|-damage|p1a: Volcarona|40\/100\n|\n|-heal|p2a: Heatran|54\/100|[from] item: Leftovers\n|-end|p1a: Volcarona|Magma Storm|[partiallytrapped]\n|upkeep\n|turn|8\n|\n|t:|1699930989\n|move|p1a: Volcarona|Tera Blast|p2a: Heatran|[anim] Tera Blast Water\n|-resisted|p2a: Heatran\n|-damage|p2a: Heatran|26\/100\n|move|p2a: Heatran|Earth Power|p1a: Volcarona\n|-damage|p1a: Volcarona|30\/100\n|\n|-heal|p2a: Heatran|33\/100|[from] item: Leftovers\n|-end|p1a: Volcarona|move: Taunt\n|upkeep\n|turn|9\n|\n|t:|1699930995\n|move|p1a: Volcarona|Roost|p1a: Volcarona\n|-heal|p1a: Volcarona|80\/100\n|move|p2a: Heatran|Taunt|p1a: Volcarona\n|-start|p1a: Volcarona|move: Taunt\n|\n|-heal|p2a: Heatran|39\/100|[from] item: Leftovers\n|upkeep\n|turn|10\n|\n|t:|1699930999\n|move|p1a: Volcarona|Tera Blast|p2a: Heatran|[anim] Tera Blast Water\n|-resisted|p2a: Heatran\n|-damage|p2a: Heatran|12\/100\n|move|p2a: Heatran|Magma Storm|p1a: Volcarona|[miss]\n|-miss|p2a: Heatran|p1a: Volcarona\n|\n|-heal|p2a: Heatran|18\/100|[from] item: Leftovers\n|upkeep\n|turn|11\n|\n|t:|1699931004\n|move|p1a: Volcarona|Tera Blast|p2a: Heatran|[anim] Tera Blast Water\n|-resisted|p2a: Heatran\n|-damage|p2a: Heatran|0 fnt\n|faint|p2a: Heatran\n|\n|upkeep\n|\n|t:|1699931011\n|switch|p2a: Lopunny|Lopunny, M|100\/100\n|turn|12\n|\n|t:|1699931015\n|detailschange|p2a: Lopunny|Lopunny-Mega, M\n|-mega|p2a: Lopunny|Lopunny|Lopunnite\n|move|p2a: Lopunny|Fake Out|p1a: Volcarona\n|-damage|p1a: Volcarona|58\/100\n|cant|p1a: Volcarona|flinch\n|\n|-end|p1a: Volcarona|move: Taunt\n|upkeep\n|turn|13\n|\n|t:|1699931027\n|switch|p2a: Scizor|Scizor, F|100\/100\n|move|p1a: Volcarona|Tera Blast|p2a: Scizor|[anim] Tera Blast Water\n|-damage|p2a: Scizor|0 fnt\n|faint|p2a: Scizor\n|\n|upkeep\n|\n|t:|1699931030\n|switch|p2a: Lopunny|Lopunny-Mega, M|100\/100\n|turn|14\n|\n|t:|1699931033\n|move|p2a: Lopunny|Fake Out|p1a: Volcarona\n|-damage|p1a: Volcarona|34\/100\n|cant|p1a: Volcarona|flinch\n|\n|upkeep\n|turn|15\n|\n|t:|1699931045\n|switch|p2a: Landorus|Landorus-Therian, M|100\/100\n|-ability|p2a: Landorus|Intimidate|boost\n|-unboost|p1a: Volcarona|atk|1\n|move|p1a: Volcarona|Tera Blast|p2a: Landorus|[anim] Tera Blast Water\n|-supereffective|p2a: Landorus\n|-damage|p2a: Landorus|0 fnt\n|faint|p2a: Landorus\n|\n|upkeep\n|\n|t:|1699931048\n|switch|p2a: Lopunny|Lopunny-Mega, M|100\/100\n|turn|16\n|\n|t:|1699931050\n|move|p2a: Lopunny|Fake Out|p1a: Volcarona\n|-damage|p1a: Volcarona|13\/100\n|-status|p2a: Lopunny|brn|[from] ability: Flame Body|[of] p1a: Volcarona\n|cant|p1a: Volcarona|flinch\n|\n|-damage|p2a: Lopunny|95\/100 brn|[from] brn\n|upkeep\n|turn|17\n|\n|t:|1699931054\n|move|p1a: Volcarona|Roost|p1a: Volcarona\n|-heal|p1a: Volcarona|63\/100\n|move|p2a: Lopunny|Frustration|p1a: Volcarona\n|-damage|p1a: Volcarona|33\/100\n|\n|-damage|p2a: Lopunny|89\/100 brn|[from] brn\n|upkeep\n|turn|18\n|-message|Trafalgar Law forfeited.\n|\n|win|PBzllikS\n|raw|PBzllikS's rating: 1405 &rarr; <strong>1429<\/strong><br \/>(+24 for winning)\n|raw|Trafalgar Law's rating: 1474 &rarr; <strong>1450<\/strong><br \/>(-24 for losing)\n|l|\u2606Trafalgar Law\n","uploadtime":1699931065,"views":19,"p1id":"pbzlliks","p2id":"trafalgarlaw","formatid":"gen9nationaldex","rating":1429,"private":0,"password":""}