{"id":"gen9nationaldex-1995410463","p1":"The Brocha","p2":"Anhkiet","format":"[Gen 9] National Dex","log":"|html|<div class=\"broadcast-blue\"><strong>[Gen 9] National Dex is currently suspecting Sneasler! For information on how to participate check out the <a href=\"https:\/\/www.smogon.com\/forums\/threads\/sv-national-dex-suspect-8-just-dance.3731534\/\">suspect thread<\/a>.<\/strong><\/div>\n|j|\u2606The Brocha\n|j|\u2606Anhkiet\n|t:|1700567153\n|gametype|singles\n|player|p1|The Brocha|ninjaboy|1466\n|player|p2|Anhkiet|170|1464\n|teamsize|p1|6\n|teamsize|p2|6\n|gen|9\n|tier|[Gen 9] National Dex\n|rated|\n|rule|HP Percentage Mod: HP is shown in percentages\n|rule|Endless Battle Clause: Forcing endless battles is banned\n|rule|OHKO Clause: OHKO moves are banned\n|rule|Evasion Clause: Evasion abilities, items, and moves are banned\n|rule|Evasion Abilities Clause: Evasion abilities are banned\n|rule|Evasion Items Clause: Evasion items are banned\n|rule|Evasion Moves Clause: Evasion moves are banned\n|rule|Species Clause: Limit one of each Pok\u00e9mon\n|rule|Sleep Clause Mod: Limit one foe put to sleep\n|clearpoke\n|poke|p1|Rillaboom, M|\n|poke|p1|Aegislash, M|\n|poke|p1|Alomomola, M|\n|poke|p1|Hawlucha, M|\n|poke|p1|Nidoking, M|\n|poke|p1|Kleavor, F|\n|poke|p2|Banette, F|\n|poke|p2|Polteageist-Antique|\n|poke|p2|Tapu Lele|\n|poke|p2|Great Tusk|\n|poke|p2|Torkoal, M|\n|poke|p2|Pawmot, M|\n|teampreview\n|inactive|Battle timer is ON: inactive players will automatically lose when time's up. (requested by Anhkiet)\n|inactive|The Brocha has 120 seconds left.\n|\n|t:|1700567204\n|start\n|switch|p1a: Rillaboom|Rillaboom, M|100\/100\n|switch|p2a: Great Tusk|Great Tusk|100\/100\n|-fieldstart|move: Grassy Terrain|[from] ability: Grassy Surge|[of] p1a: Rillaboom\n|turn|1\n|\n|t:|1700567209\n|-terastallize|p1a: Rillaboom|Grass\n|-terastallize|p2a: Great Tusk|Ice\n|move|p1a: Rillaboom|Grassy Glide|p2a: Great Tusk\n|-damage|p2a: Great Tusk|42\/100\n|move|p2a: Great Tusk|Ice Spinner|p1a: Rillaboom\n|-supereffective|p1a: Rillaboom\n|-damage|p1a: Rillaboom|0 fnt\n|-fieldend|move: Grassy Terrain\n|faint|p1a: Rillaboom\n|\n|upkeep\n|\n|t:|1700567218\n|switch|p1a: Kleavor|Kleavor, F|100\/100\n|turn|2\n|\n|t:|1700567225\n|-end|p2a: Great Tusk|Protosynthesis|[silent]\n|switch|p2a: Pawmot|Pawmot, M|100\/100\n|move|p1a: Kleavor|Stone Axe|p2a: Pawmot\n|-resisted|p2a: Pawmot\n|-damage|p2a: Pawmot|57\/100\n|-sidestart|p2: Anhkiet|move: Stealth Rock\n|\n|upkeep\n|turn|3\n|\n|t:|1700567237\n|switch|p1a: Nidoking|Nidoking, M, shiny|100\/100\n|move|p2a: Pawmot|Nuzzle|p1a: Nidoking\n|-immune|p1a: Nidoking\n|\n|upkeep\n|turn|4\n|\n|t:|1700567248\n|switch|p2a: Tapu Lele|Tapu Lele|100\/100\n|-damage|p2a: Tapu Lele|88\/100|[from] Stealth Rock\n|-fieldstart|move: Psychic Terrain|[from] ability: Psychic Surge|[of] p2a: Tapu Lele\n|move|p1a: Nidoking|Earth Power|p2a: Tapu Lele\n|-damage|p2a: Tapu Lele|24\/100\n|\n|upkeep\n|turn|5\n|\n|t:|1700567258\n|switch|p1a: Aegislash|Aegislash, M, shiny|100\/100\n|move|p2a: Tapu Lele|Future Sight|p1a: Aegislash\n|-start|p2a: Tapu Lele|move: Future Sight\n|\n|upkeep\n|turn|6\n|\n|t:|1700567265\n|switch|p2a: Torkoal|Torkoal, M|100\/100\n|-weather|SunnyDay|[from] ability: Drought|[of] p2a: Torkoal\n|move|p1a: Aegislash|Toxic|p2a: Torkoal\n|-status|p2a: Torkoal|tox\n|\n|-weather|SunnyDay|[upkeep]\n|-damage|p2a: Torkoal|94\/100 tox|[from] psn\n|upkeep\n|turn|7\n|\n|t:|1700567270\n|move|p1a: Aegislash|King's Shield|p1a: Aegislash\n|-singleturn|p1a: Aegislash|Protect\n|move|p2a: Torkoal|Fire Blast|p1a: Aegislash\n|-activate|p1a: Aegislash|move: Protect\n|\n|-weather|SunnyDay|[upkeep]\n|-end|p1a: Aegislash|move: Future Sight\n|-resisted|p1a: Aegislash\n|-damage|p1a: Aegislash|65\/100\n|-heal|p1a: Aegislash|72\/100|[from] item: Leftovers\n|-damage|p2a: Torkoal|82\/100 tox|[from] psn\n|upkeep\n|turn|8\n|\n|t:|1700567280\n|switch|p1a: Alomomola|Alomomola, M|100\/100\n|move|p2a: Torkoal|Fire Blast|p1a: Alomomola\n|-resisted|p1a: Alomomola\n|-damage|p1a: Alomomola|56\/100\n|-enditem|p1a: Alomomola|Eject Button\n|\n|t:|1700567285\n|switch|p1a: Nidoking|Nidoking, M, shiny|100\/100\n|\n|-weather|SunnyDay|[upkeep]\n|-damage|p2a: Torkoal|64\/100 tox|[from] psn\n|-fieldend|move: Psychic Terrain\n|upkeep\n|turn|9\n|\n|t:|1700567307\n|move|p1a: Nidoking|Earth Power|p2a: Torkoal\n|-supereffective|p2a: Torkoal\n|-damage|p2a: Torkoal|0 fnt\n|faint|p2a: Torkoal\n|\n|-weather|SunnyDay|[upkeep]\n|upkeep\n|\n|t:|1700567313\n|switch|p2a: Tapu Lele|Tapu Lele|24\/100\n|-damage|p2a: Tapu Lele|11\/100|[from] Stealth Rock\n|-fieldstart|move: Psychic Terrain|[from] ability: Psychic Surge|[of] p2a: Tapu Lele\n|turn|10\n|\n|t:|1700567326\n|switch|p2a: Great Tusk|Great Tusk, tera:Ice|42\/100\n|-damage|p2a: Great Tusk|17\/100|[from] Stealth Rock\n|-activate|p2a: Great Tusk|ability: Protosynthesis\n|-start|p2a: Great Tusk|protosynthesisatk\n|switch|p1a: Aegislash|Aegislash, M, shiny|72\/100\n|\n|-weather|none\n|-end|p2a: Great Tusk|Protosynthesis\n|-heal|p1a: Aegislash|78\/100|[from] item: Leftovers\n|upkeep\n|turn|11\n|\n|t:|1700567335\n|move|p2a: Great Tusk|Headlong Rush|p1a: Aegislash\n|-supereffective|p1a: Aegislash\n|-damage|p1a: Aegislash|0 fnt\n|-unboost|p2a: Great Tusk|def|1\n|-unboost|p2a: Great Tusk|spd|1\n|faint|p1a: Aegislash\n|\n|upkeep\n|\n|t:|1700567340\n|switch|p1a: Kleavor|Kleavor, F|100\/100\n|turn|12\n|\n|t:|1700567362\n|-end|p2a: Great Tusk|Protosynthesis|[silent]\n|switch|p2a: Polteageist|Polteageist-Antique|100\/100\n|-damage|p2a: Polteageist|88\/100|[from] Stealth Rock\n|move|p1a: Kleavor|U-turn|p2a: Polteageist\n|-resisted|p2a: Polteageist\n|-crit|p2a: Polteageist\n|-damage|p2a: Polteageist|32\/100\n|-ability|p2a: Polteageist|Weak Armor|boost\n|-unboost|p2a: Polteageist|def|1\n|-boost|p2a: Polteageist|spe|2\n|\n|t:|1700567379\n|switch|p1a: Nidoking|Nidoking, M, shiny|100\/100|[from] U-turn\n|\n|upkeep\n|turn|13\n|\n|t:|1700567391\n|move|p2a: Polteageist|Stored Power|p1a: Nidoking\n|-supereffective|p1a: Nidoking\n|-damage|p1a: Nidoking|25\/100\n|move|p1a: Nidoking|Earth Power|p2a: Polteageist\n|-damage|p2a: Polteageist|0 fnt\n|faint|p2a: Polteageist\n|\n|upkeep\n|\n|t:|1700567399\n|switch|p2a: Banette|Banette, F|100\/100\n|-damage|p2a: Banette|88\/100|[from] Stealth Rock\n|-item|p1a: Nidoking|Life Orb|[from] ability: Frisk|[of] p2a: Banette|[identify]\n|turn|14\n|\n|t:|1700567411\n|switch|p1a: Hawlucha|Hawlucha, M|100\/100\n|detailschange|p2a: Banette|Banette-Mega, F\n|-mega|p2a: Banette|Banette|Banettite\n|move|p2a: Banette|Poltergeist|p1a: Hawlucha\n|-activate|p1a: Hawlucha|move: Poltergeist|Grassy Seed\n|-damage|p1a: Hawlucha|0 fnt\n|faint|p1a: Hawlucha\n|\n|-fieldend|move: Psychic Terrain\n|upkeep\n|\n|t:|1700567422\n|switch|p1a: Alomomola|Alomomola, M|90\/100\n|turn|15\n|\n|t:|1700567436\n|move|p2a: Banette|Swords Dance|p2a: Banette\n|-boost|p2a: Banette|atk|2\n|move|p1a: Alomomola|Toxic|p2a: Banette\n|-status|p2a: Banette|tox\n|\n|-damage|p2a: Banette|82\/100 tox|[from] psn\n|upkeep\n|turn|16\n|\n|t:|1700567447\n|move|p2a: Banette|Poltergeist||[still]\n|-fail|p2a: Banette\n|move|p1a: Alomomola|Knock Off|p2a: Banette\n|-supereffective|p2a: Banette\n|-damage|p2a: Banette|49\/100 tox\n|\n|-damage|p2a: Banette|37\/100 tox|[from] psn\n|upkeep\n|turn|17\n|\n|t:|1700567460\n|move|p2a: Banette|Sucker Punch|p1a: Alomomola\n|-damage|p1a: Alomomola|57\/100\n|move|p1a: Alomomola|Flip Turn|p2a: Banette\n|-damage|p2a: Banette|16\/100 tox\n|\n|t:|1700567482\n|switch|p1a: Kleavor|Kleavor, F|100\/100|[from] Flip Turn\n|\n|-damage|p2a: Banette|0 fnt|[from] psn\n|faint|p2a: Banette\n|upkeep\n|\n|t:|1700567486\n|switch|p2a: Pawmot|Pawmot, M|57\/100\n|-damage|p2a: Pawmot|51\/100|[from] Stealth Rock\n|turn|18\n|\n|t:|1700567495\n|move|p1a: Kleavor|X-Scissor|p2a: Pawmot\n|-resisted|p2a: Pawmot\n|-damage|p2a: Pawmot|0 fnt\n|faint|p2a: Pawmot\n|\n|upkeep\n|\n|t:|1700567499\n|switch|p2a: Tapu Lele|Tapu Lele|11\/100\n|-damage|p2a: Tapu Lele|0 fnt|[from] Stealth Rock\n|faint|p2a: Tapu Lele\n|-message|Anhkiet forfeited.\n|\n|win|The Brocha\n|raw|The Brocha's rating: 1466 &rarr; <strong>1487<\/strong><br \/>(+21 for winning)\n|raw|Anhkiet's rating: 1486 &rarr; <strong>1465<\/strong><br \/>(-21 for losing)\n|l|\u2606Anhkiet\n","uploadtime":1700567560,"views":4,"p1id":"thebrocha","p2id":"anhkiet","formatid":"gen9nationaldex","rating":1465,"private":0,"password":""}