{"id":"gen9nationaldex-2000117574","p1":"Catnavi","p2":"prextet","format":"[Gen 9] National Dex","log":"|html|<div class=\"broadcast-blue\"><strong>[Gen 9] National Dex is currently suspecting Sneasler! For information on how to participate check out the <a href=\"https:\/\/www.smogon.com\/forums\/threads\/sv-national-dex-suspect-8-just-dance.3731534\/\">suspect thread<\/a>.<\/strong><\/div>\n|j|\u2606Catnavi\n|j|\u2606prextet\n|t:|1701157977\n|gametype|singles\n|player|p1|Catnavi|erika|1458\n|player|p2|prextet|lady-gen4|1546\n|teamsize|p1|6\n|teamsize|p2|6\n|gen|9\n|tier|[Gen 9] National Dex\n|rated|\n|rule|HP Percentage Mod: HP is shown in percentages\n|rule|Endless Battle Clause: Forcing endless battles is banned\n|rule|OHKO Clause: OHKO moves are banned\n|rule|Evasion Clause: Evasion abilities, items, and moves are banned\n|rule|Evasion Abilities Clause: Evasion abilities are banned\n|rule|Evasion Items Clause: Evasion items are banned\n|rule|Evasion Moves Clause: Evasion moves are banned\n|rule|Species Clause: Limit one of each Pok\u00e9mon\n|rule|Sleep Clause Mod: Limit one foe put to sleep\n|clearpoke\n|poke|p1|Clawitzer, F|\n|poke|p1|Tapu Koko|\n|poke|p1|Thundurus, M|\n|poke|p1|Garchomp, M|\n|poke|p1|Scizor, M|\n|poke|p1|Iron Valiant|\n|poke|p2|Tapu Koko|\n|poke|p2|Sneasler, M|\n|poke|p2|Gyarados, F|\n|poke|p2|Volcarona, M|\n|poke|p2|Ogerpon-Wellspring, F|\n|poke|p2|Ursaluna, F|\n|teampreview\n|\n|t:|1701157982\n|start\n|switch|p1a: Scizor|Scizor, M|100\/100\n|switch|p2a: Tapu Koko|Tapu Koko|100\/100\n|-fieldstart|move: Electric Terrain|[from] ability: Electric Surge|[of] p2a: Tapu Koko\n|turn|1\n|inactive|Battle timer is ON: inactive players will automatically lose when time's up. (requested by Catnavi)\n|\n|t:|1701157987\n|detailschange|p1a: Scizor|Scizor-Mega, M\n|-mega|p1a: Scizor|Scizor|Scizorite\n|move|p2a: Tapu Koko|Reflect|p2a: Tapu Koko\n|-sidestart|p2: prextet|Reflect\n|move|p1a: Scizor|U-turn|p2a: Tapu Koko\n|-resisted|p2a: Tapu Koko\n|-damage|p2a: Tapu Koko|87\/100\n|\n|t:|1701157994\n|switch|p1a: Thundurus|Thundurus, M|100\/100|[from] U-turn\n|\n|upkeep\n|turn|2\n|\n|t:|1701157998\n|move|p1a: Thundurus|Defog|p2a: Tapu Koko\n|-unboost|p2a: Tapu Koko|evasion|1\n|-sideend|p2: prextet|Reflect\n|-fieldend|move: Electric Terrain\n|move|p2a: Tapu Koko|Light Screen|p2a: Tapu Koko\n|-sidestart|p2: prextet|move: Light Screen\n|\n|upkeep\n|turn|3\n|\n|t:|1701158006\n|switch|p2a: Ursaluna|Ursaluna, F|100\/100\n|move|p1a: Thundurus|Defog|p2a: Ursaluna\n|-unboost|p2a: Ursaluna|evasion|1\n|-sideend|p2: prextet|move: Light Screen\n|\n|-status|p2a: Ursaluna|brn|[from] item: Flame Orb\n|upkeep\n|turn|4\n|\n|t:|1701158014\n|switch|p1a: Scizor|Scizor-Mega, M|100\/100\n|move|p2a: Ursaluna|Bulk Up|p2a: Ursaluna\n|-boost|p2a: Ursaluna|atk|1\n|-boost|p2a: Ursaluna|def|1\n|\n|-damage|p2a: Ursaluna|94\/100 brn|[from] brn\n|upkeep\n|turn|5\n|\n|t:|1701158021\n|move|p1a: Scizor|U-turn|p2a: Ursaluna\n|-damage|p2a: Ursaluna|76\/100 brn\n|\n|t:|1701158023\n|switch|p1a: Thundurus|Thundurus, M|100\/100|[from] U-turn\n|move|p2a: Ursaluna|Bulk Up|p2a: Ursaluna\n|-boost|p2a: Ursaluna|atk|1\n|-boost|p2a: Ursaluna|def|1\n|\n|-damage|p2a: Ursaluna|70\/100 brn|[from] brn\n|upkeep\n|turn|6\n|\n|t:|1701158026\n|move|p1a: Thundurus|Taunt|p2a: Ursaluna\n|-start|p2a: Ursaluna|move: Taunt\n|move|p2a: Ursaluna|Facade|p1a: Thundurus\n|-damage|p1a: Thundurus|0 fnt\n|faint|p1a: Thundurus\n|\n|-damage|p2a: Ursaluna|64\/100 brn|[from] brn\n|upkeep\n|\n|t:|1701158030\n|switch|p1a: Iron Valiant|Iron Valiant, shiny|100\/100\n|turn|7\n|\n|t:|1701158036\n|move|p1a: Iron Valiant|Destiny Bond|p1a: Iron Valiant\n|-singlemove|p1a: Iron Valiant|Destiny Bond\n|move|p2a: Ursaluna|Facade|p1a: Iron Valiant\n|-damage|p1a: Iron Valiant|0 fnt\n|faint|p1a: Iron Valiant\n|-activate|p1a: Iron Valiant|move: Destiny Bond\n|-end|p1a: Iron Valiant|Quark Drive|[silent]\n|faint|p2a: Ursaluna\n|\n|upkeep\n|\n|t:|1701158045\n|switch|p1a: Garchomp|Garchomp, M, shiny|100\/100\n|switch|p2a: Tapu Koko|Tapu Koko|87\/100\n|-fieldstart|move: Electric Terrain|[from] ability: Electric Surge|[of] p2a: Tapu Koko\n|turn|8\n|\n|t:|1701158049\n|move|p2a: Tapu Koko|Hidden Power|p1a: Garchomp\n|-supereffective|p1a: Garchomp\n|-damage|p1a: Garchomp|43\/100\n|move|p1a: Garchomp|Earthquake|p2a: Tapu Koko\n|-supereffective|p2a: Tapu Koko\n|-damage|p2a: Tapu Koko|0 fnt\n|faint|p2a: Tapu Koko\n|\n|upkeep\n|\n|t:|1701158055\n|switch|p2a: Sneasler|Sneasler, M|100\/100\n|-enditem|p2a: Sneasler|Electric Seed\n|-boost|p2a: Sneasler|def|1|[from] item: Electric Seed\n|turn|9\n|\n|t:|1701158059\n|-terastallize|p2a: Sneasler|Flying\n|move|p2a: Sneasler|Swords Dance|p2a: Sneasler\n|-boost|p2a: Sneasler|atk|2\n|-zpower|p1a: Garchomp\n|move|p1a: Garchomp|Devastating Drake|p2a: Sneasler|[zeffect]\n|-damage|p2a: Sneasler|0 fnt\n|faint|p2a: Sneasler\n|\n|upkeep\n|\n|t:|1701158065\n|switch|p2a: Gyarados|Gyarados, F|100\/100\n|-ability|p2a: Gyarados|Intimidate|boost\n|-unboost|p1a: Garchomp|atk|1\n|turn|10\n|\n|t:|1701158076\n|switch|p1a: Clawitzer|Clawitzer, F|100\/100\n|move|p2a: Gyarados|Dragon Dance|p2a: Gyarados\n|-boost|p2a: Gyarados|atk|1\n|-boost|p2a: Gyarados|spe|1\n|\n|upkeep\n|turn|11\n|\n|t:|1701158084\n|move|p2a: Gyarados|Dragon Dance|p2a: Gyarados\n|-boost|p2a: Gyarados|atk|1\n|-boost|p2a: Gyarados|spe|1\n|move|p1a: Clawitzer|Terrain Pulse|p2a: Gyarados\n|-supereffective|p2a: Gyarados\n|-damage|p2a: Gyarados|0 fnt\n|faint|p2a: Gyarados\n|\n|upkeep\n|\n|t:|1701158089\n|switch|p2a: Ogerpon|Ogerpon-Wellspring, F|100\/100\n|turn|12\n|\n|t:|1701158095\n|-terastallize|p1a: Clawitzer|Dragon\n|move|p2a: Ogerpon|Swords Dance|p2a: Ogerpon\n|-boost|p2a: Ogerpon|atk|2\n|move|p1a: Clawitzer|Terrain Pulse|p2a: Ogerpon\n|-damage|p2a: Ogerpon|19\/100\n|\n|-fieldend|move: Electric Terrain\n|upkeep\n|turn|13\n|\n|t:|1701158104\n|switch|p1a: Garchomp|Garchomp, M, shiny|43\/100\n|move|p2a: Ogerpon|Ivy Cudgel|p1a: Garchomp|[anim] Ivy Cudgel Water\n|-damage|p1a: Garchomp|0 fnt\n|faint|p1a: Garchomp\n|\n|upkeep\n|\n|t:|1701158106\n|switch|p1a: Scizor|Scizor-Mega, M|100\/100\n|turn|14\n|\n|t:|1701158116\n|move|p2a: Ogerpon|Ivy Cudgel|p1a: Scizor|[anim] Ivy Cudgel Water\n|-damage|p1a: Scizor|7\/100\n|move|p1a: Scizor|U-turn|p2a: Ogerpon\n|-supereffective|p2a: Ogerpon\n|-damage|p2a: Ogerpon|0 fnt\n|faint|p2a: Ogerpon\n|\n|t:|1701158123\n|switch|p1a: Tapu Koko|Tapu Koko, shiny|100\/100|[from] U-turn\n|-fieldstart|move: Electric Terrain|[from] ability: Electric Surge|[of] p1a: Tapu Koko\n|\n|upkeep\n|\n|t:|1701158127\n|switch|p2a: Volcarona|Volcarona, M|100\/100\n|turn|15\n|\n|t:|1701158129\n|move|p1a: Tapu Koko|Taunt|p2a: Volcarona\n|-start|p2a: Volcarona|move: Taunt\n|cant|p2a: Volcarona|move: Taunt|Quiver Dance\n|\n|upkeep\n|turn|16\n|\n|t:|1701158139\n|move|p1a: Tapu Koko|Thunderbolt|p2a: Volcarona\n|-damage|p2a: Volcarona|50\/100\n|move|p2a: Volcarona|Fiery Dance|p1a: Tapu Koko\n|-damage|p1a: Tapu Koko|31\/100\n|\n|upkeep\n|turn|17\n|\n|t:|1701158148\n|move|p1a: Tapu Koko|Thunderbolt|p2a: Volcarona\n|-damage|p2a: Volcarona|0 fnt\n|faint|p2a: Volcarona\n|\n|win|Catnavi\n|raw|Catnavi's rating: 1458 &rarr; <strong>1483<\/strong><br \/>(+25 for winning)\n|raw|prextet's rating: 1546 &rarr; <strong>1521<\/strong><br \/>(-25 for losing)\n","uploadtime":1701158155,"views":16,"p1id":"catnavi","p2id":"prextet","formatid":"gen9nationaldex","rating":1483,"private":0,"password":""}