{"id":"gen9nationaldex-1998687244","p1":"firewood87","p2":"GatosLover","format":"[Gen 9] National Dex","log":"|html|<div class=\"broadcast-blue\"><strong>[Gen 9] National Dex is currently suspecting Sneasler! For information on how to participate check out the <a href=\"https:\/\/www.smogon.com\/forums\/threads\/sv-national-dex-suspect-8-just-dance.3731534\/\">suspect thread<\/a>.<\/strong><\/div>\n|j|\u2606firewood87\n|j|\u2606GatosLover\n|t:|1700972582\n|gametype|singles\n|player|p1|firewood87|elesa|1206\n|player|p2|GatosLover|marnie|1196\n|teamsize|p1|6\n|teamsize|p2|6\n|gen|9\n|tier|[Gen 9] National Dex\n|rated|\n|rule|HP Percentage Mod: HP is shown in percentages\n|rule|Endless Battle Clause: Forcing endless battles is banned\n|rule|OHKO Clause: OHKO moves are banned\n|rule|Evasion Clause: Evasion abilities, items, and moves are banned\n|rule|Evasion Abilities Clause: Evasion abilities are banned\n|rule|Evasion Items Clause: Evasion items are banned\n|rule|Evasion Moves Clause: Evasion moves are banned\n|rule|Species Clause: Limit one of each Pok\u00e9mon\n|rule|Sleep Clause Mod: Limit one foe put to sleep\n|clearpoke\n|poke|p1|Cinderace, M|\n|poke|p1|Durant, M|\n|poke|p1|Eldegoss, M|\n|poke|p1|Araquanid, F|\n|poke|p1|Stunfisk, M|\n|poke|p1|Exeggutor, M|\n|poke|p2|Ampharos, F|\n|poke|p2|Ursaluna, F|\n|poke|p2|Hatterene, F|\n|poke|p2|Mew|\n|poke|p2|Dusclops, M|\n|poke|p2|Marowak-Alola, M|\n|teampreview\n|\n|t:|1700972600\n|start\n|switch|p1a: Durant|Durant, M, shiny|100\/100\n|switch|p2a: Terry|Hatterene, F|100\/100\n|turn|1\n|\n|t:|1700972607\n|move|p1a: Durant|Iron Head|p2a: Terry\n|-supereffective|p2a: Terry\n|-enditem|p2a: Terry|Focus Sash\n|-damage|p2a: Terry|1\/100\n|-damage|p1a: Durant|91\/100|[from] item: Life Orb\n|move|p2a: Terry|Trick Room|p2a: Terry\n|-fieldstart|move: Trick Room|[of] p2a: Terry\n|\n|upkeep\n|turn|2\n|\n|t:|1700972618\n|switch|p1a: Araquanid|Araquanid, F, shiny|100\/100\n|move|p2a: Terry|Mystical Fire|p1a: Araquanid\n|-damage|p1a: Araquanid|90\/100\n|-unboost|p1a: Araquanid|spa|1\n|\n|upkeep\n|turn|3\n|\n|t:|1700972631\n|move|p2a: Terry|Healing Wish|p2a: Terry\n|faint|p2a: Terry\n|move|p1a: Araquanid|Aqua Ring|p1a: Araquanid\n|-start|p1a: Araquanid|Aqua Ring\n|\n|-heal|p1a: Araquanid|96\/100|[from] Aqua Ring\n|upkeep\n|\n|t:|1700972638\n|switch|p2a: Ampphyr|Ampharos, F|100\/100\n|turn|4\n|\n|t:|1700972646\n|switch|p1a: Stunfisk|Stunfisk, M, shiny|100\/100\n|detailschange|p2a: Ampphyr|Ampharos-Mega, F\n|-mega|p2a: Ampphyr|Ampharos|Ampharosite\n|-ability|p2a: Ampphyr|Mold Breaker\n|move|p2a: Ampphyr|Hidden Power|p1a: Stunfisk\n|-supereffective|p1a: Stunfisk\n|-damage|p1a: Stunfisk|65\/100\n|-enditem|p1a: Stunfisk|Weakness Policy\n|-boost|p1a: Stunfisk|atk|2|[from] item: Weakness Policy\n|-boost|p1a: Stunfisk|spa|2|[from] item: Weakness Policy\n|\n|upkeep\n|turn|5\n|\n|t:|1700972660\n|move|p1a: Stunfisk|Earth Power|p2a: Ampphyr\n|-supereffective|p2a: Ampphyr\n|-damage|p2a: Ampphyr|0 fnt\n|faint|p2a: Ampphyr\n|\n|-fieldend|move: Trick Room\n|upkeep\n|\n|t:|1700972680\n|switch|p2a: feto|Mew|100\/100\n|turn|6\n|\n|t:|1700972685\n|move|p1a: Stunfisk|Pain Split|p2a: feto\n|-sethp|p2a: feto|84\/100|[from] move: Pain Split|[silent]\n|-sethp|p1a: Stunfisk|81\/100|[from] move: Pain Split\n|move|p2a: feto|Trick Room|p2a: feto\n|-fieldstart|move: Trick Room|[of] p2a: feto\n|\n|upkeep\n|turn|7\n|\n|t:|1700972695\n|move|p1a: Stunfisk|Thunderbolt|p2a: feto\n|-damage|p2a: feto|34\/100\n|move|p2a: feto|Explosion|p1a: Stunfisk\n|-damage|p1a: Stunfisk|25\/100\n|faint|p2a: feto\n|\n|upkeep\n|\n|t:|1700972699\n|switch|p2a: Yo soy luna|Ursaluna, F, shiny|100\/100\n|turn|8\n|\n|t:|1700972706\n|move|p2a: Yo soy luna|Ice Punch|p1a: Stunfisk\n|-supereffective|p1a: Stunfisk\n|-damage|p1a: Stunfisk|0 fnt\n|-status|p2a: Yo soy luna|par|[from] ability: Static|[of] p1a: Stunfisk\n|faint|p1a: Stunfisk\n|\n|upkeep\n|\n|t:|1700972718\n|switch|p1a: Araquanid|Araquanid, F, shiny|96\/100\n|turn|9\n|\n|t:|1700972730\n|-terastallize|p2a: Yo soy luna|Normal\n|move|p2a: Yo soy luna|Facade|p1a: Araquanid\n|-damage|p1a: Araquanid|0 fnt\n|faint|p1a: Araquanid\n|\n|upkeep\n|\n|t:|1700972744\n|switch|p1a: Durant|Durant, M, shiny|91\/100\n|turn|10\n|\n|t:|1700972757\n|move|p1a: Durant|First Impression|p2a: Yo soy luna|[miss]\n|-miss|p1a: Durant|p2a: Yo soy luna\n|move|p2a: Yo soy luna|Headlong Rush|p1a: Durant\n|-damage|p1a: Durant|0 fnt\n|-unboost|p2a: Yo soy luna|def|1\n|-unboost|p2a: Yo soy luna|spd|1\n|faint|p1a: Durant\n|\n|-fieldend|move: Trick Room\n|upkeep\n|\n|t:|1700972772\n|switch|p1a: Cinderace|Cinderace, M, shiny|100\/100\n|turn|11\n|\n|t:|1700972776\n|move|p1a: Cinderace|Pyro Ball|p2a: Yo soy luna\n|-damage|p2a: Yo soy luna|35\/100 par\n|move|p2a: Yo soy luna|Facade|p1a: Cinderace\n|-damage|p1a: Cinderace|0 fnt\n|faint|p1a: Cinderace\n|\n|upkeep\n|\n|t:|1700972784\n|switch|p1a: Exeggutor|Exeggutor, M, shiny|100\/100\n|turn|12\n|\n|t:|1700972796\n|move|p1a: Exeggutor|Energy Ball|p2a: Yo soy luna\n|-damage|p2a: Yo soy luna|0 fnt\n|faint|p2a: Yo soy luna\n|\n|upkeep\n|\n|t:|1700972799\n|switch|p2a: Calaka chida|Dusclops, M|100\/100\n|-item|p1a: Exeggutor|Sitrus Berry|[from] ability: Frisk|[of] p2a: Calaka chida|[identify]\n|turn|13\n|\n|t:|1700972813\n|move|p1a: Exeggutor|Sludge Bomb|p2a: Calaka chida\n|-resisted|p2a: Calaka chida\n|-damage|p2a: Calaka chida|93\/100\n|move|p2a: Calaka chida|Trick Room|p2a: Calaka chida\n|-fieldstart|move: Trick Room|[of] p2a: Calaka chida\n|\n|upkeep\n|turn|14\n|\n|t:|1700972822\n|switch|p2a: calaka chida 2|Marowak-Alola, M|100\/100\n|move|p1a: Exeggutor|Expanding Force|p2a: calaka chida 2\n|-damage|p2a: calaka chida 2|59\/100\n|\n|upkeep\n|turn|15\n|\n|t:|1700972840\n|-terastallize|p1a: Exeggutor|Dragon\n|move|p2a: calaka chida 2|Flare Blitz|p1a: Exeggutor\n|-resisted|p1a: Exeggutor\n|-crit|p1a: Exeggutor\n|-damage|p1a: Exeggutor|39\/100\n|-enditem|p1a: Exeggutor|Sitrus Berry|[eat]\n|-heal|p1a: Exeggutor|64\/100|[from] item: Sitrus Berry\n|move|p1a: Exeggutor|Expanding Force|p2a: calaka chida 2\n|-damage|p2a: calaka chida 2|14\/100\n|\n|-item|p1a: Exeggutor|Sitrus Berry|[from] ability: Harvest\n|upkeep\n|turn|16\n|\n|t:|1700972853\n|move|p2a: calaka chida 2|Poltergeist|p1a: Exeggutor\n|-activate|p1a: Exeggutor|move: Poltergeist|Sitrus Berry\n|-damage|p1a: Exeggutor|0 fnt\n|faint|p1a: Exeggutor\n|\n|upkeep\n|\n|t:|1700972859\n|switch|p1a: Eldegoss|Eldegoss, M, shiny|100\/100\n|turn|17\n|-message|firewood87 forfeited.\n|\n|win|GatosLover\n|raw|firewood87's rating: 1206 &rarr; <strong>1180<\/strong><br \/>(-26 for losing)\n|raw|GatosLover's rating: 1196 &rarr; <strong>1222<\/strong><br \/>(+26 for winning)\n|l|\u2606firewood87\n|c|\u2606GatosLover|gg\n","uploadtime":1700972874,"views":7,"p1id":"firewood87","p2id":"gatoslover","formatid":"gen9nationaldex","rating":1180,"private":0,"password":""}