{"id":"gen9nationaldex-1991844269","p1":"YakootEL","p2":"daniel241595","format":"[Gen 9] National Dex","log":"|j|\u2606YakootEL\n|j|\u2606daniel241595\n|t:|1700127252\n|gametype|singles\n|player|p1|YakootEL|worker|1445\n|player|p2|daniel241595|gambler|1502\n|teamsize|p1|6\n|teamsize|p2|6\n|gen|9\n|tier|[Gen 9] National Dex\n|rated|\n|rule|HP Percentage Mod: HP is shown in percentages\n|rule|Endless Battle Clause: Forcing endless battles is banned\n|rule|OHKO Clause: OHKO moves are banned\n|rule|Evasion Clause: Evasion abilities, items, and moves are banned\n|rule|Evasion Abilities Clause: Evasion abilities are banned\n|rule|Evasion Items Clause: Evasion items are banned\n|rule|Evasion Moves Clause: Evasion moves are banned\n|rule|Species Clause: Limit one of each Pok\u00e9mon\n|rule|Sleep Clause Mod: Limit one foe put to sleep\n|clearpoke\n|poke|p1|Mawile, M|\n|poke|p1|Greninja-*, M|\n|poke|p1|Gliscor, M|\n|poke|p1|Zapdos|\n|poke|p1|Alomomola, M|\n|poke|p1|Heatran, M|\n|poke|p2|Arcanine, M|\n|poke|p2|Flygon, F|\n|poke|p2|Empoleon, M|\n|poke|p2|Eelektross, F|\n|poke|p2|Florges, F|\n|poke|p2|Kleavor, M|\n|teampreview\n|inactive|Battle timer is ON: inactive players will automatically lose when time's up. (requested by YakootEL)\n|\n|t:|1700127273\n|start\n|switch|p1a: Mawile|Mawile, M|100\/100\n|switch|p2a: Empoleon|Empoleon, M|100\/100\n|-ability|p1a: Mawile|Intimidate|boost\n|-unboost|p2a: Empoleon|atk|1\n|-ability|p2a: Empoleon|Competitive|boost\n|-boost|p2a: Empoleon|spa|2\n|turn|1\n|\n|t:|1700127282\n|detailschange|p1a: Mawile|Mawile-Mega, M\n|-mega|p1a: Mawile|Mawile|Mawilite\n|move|p1a: Mawile|Knock Off|p2a: Empoleon\n|-damage|p2a: Empoleon|57\/100\n|-enditem|p2a: Empoleon|Covert Cloak|[from] move: Knock Off|[of] p1a: Mawile\n|move|p2a: Empoleon|Scald|p1a: Mawile\n|-crit|p1a: Mawile\n|-damage|p1a: Mawile|0 fnt\n|faint|p1a: Mawile\n|\n|upkeep\n|\n|t:|1700127297\n|switch|p1a: Gliscor|Gliscor, M|100\/100\n|turn|2\n|\n|t:|1700127307\n|-terastallize|p1a: Gliscor|Fairy\n|move|p1a: Gliscor|Earthquake|p2a: Empoleon\n|-supereffective|p2a: Empoleon\n|-damage|p2a: Empoleon|10\/100\n|move|p2a: Empoleon|Ice Beam|p1a: Gliscor\n|-damage|p1a: Gliscor|62\/100\n|\n|-status|p1a: Gliscor|tox|[from] item: Toxic Orb\n|upkeep\n|turn|3\n|\n|t:|1700127322\n|switch|p2a: Eelektross|Eelektross, F|100\/100\n|move|p1a: Gliscor|Earthquake|p2a: Eelektross\n|-immune|p2a: Eelektross|[from] ability: Levitate\n|\n|-heal|p1a: Gliscor|74\/100 tox|[from] ability: Poison Heal\n|upkeep\n|turn|4\n|\n|t:|1700127327\n|move|p1a: Gliscor|Spikes|p2a: Eelektross\n|-sidestart|p2: daniel241595|Spikes\n|move|p2a: Eelektross|Volt Switch|p1a: Gliscor\n|-damage|p1a: Gliscor|44\/100 tox\n|inactive|daniel241595 has 120 seconds left.\n|\n|t:|1700127363\n|switch|p2a: Kleavor|Kleavor, M|100\/100|[from] Volt Switch\n|-damage|p2a: Kleavor|88\/100|[from] Spikes\n|\n|-heal|p1a: Gliscor|56\/100 tox|[from] ability: Poison Heal\n|upkeep\n|turn|5\n|\n|t:|1700127372\n|move|p2a: Kleavor|Cross Poison|p1a: Gliscor\n|-supereffective|p1a: Gliscor\n|-damage|p1a: Gliscor|0 fnt\n|faint|p1a: Gliscor\n|\n|upkeep\n|\n|t:|1700127378\n|switch|p1a: Greninja|Greninja, M|100\/100\n|turn|6\n|\n|t:|1700127384\n|switch|p2a: Empoleon|Empoleon, M|10\/100\n|-damage|p2a: Empoleon|0 fnt|[from] Spikes\n|faint|p2a: Empoleon\n|move|p1a: Greninja|Surf|p2: Empoleon|[notarget]\n|-fail|p1a: Greninja\n|\n|upkeep\n|inactive|daniel241595 has 120 seconds left.\n|\n|t:|1700127405\n|switch|p2a: Eelektross|Eelektross, F|100\/100\n|turn|7\n|\n|t:|1700127410\n|move|p1a: Greninja|U-turn|p2a: Eelektross\n|-damage|p2a: Eelektross|84\/100\n|\n|t:|1700127413\n|switch|p1a: Heatran|Heatran, M|100\/100|[from] U-turn\n|move|p2a: Eelektross|Volt Switch|p1a: Heatran\n|-damage|p1a: Heatran|77\/100\n|\n|t:|1700127419\n|switch|p2a: Flygon|Flygon, F|100\/100|[from] Volt Switch\n|\n|-heal|p1a: Heatran|83\/100|[from] item: Leftovers\n|upkeep\n|turn|8\n|\n|t:|1700127428\n|switch|p1a: Zapdos|Zapdos|100\/100\n|move|p2a: Flygon|Dragon Dance|p2a: Flygon\n|-boost|p2a: Flygon|atk|1\n|-boost|p2a: Flygon|spe|1\n|\n|upkeep\n|turn|9\n|\n|t:|1700127451\n|switch|p2a: Florges|Florges, F|100\/100\n|-damage|p2a: Florges|88\/100|[from] Spikes\n|move|p1a: Zapdos|Hurricane|p2a: Florges\n|-damage|p2a: Florges|57\/100\n|\n|-heal|p2a: Florges|63\/100|[from] item: Leftovers\n|upkeep\n|turn|10\n|inactive|YakootEL has 120 seconds left.\n|\n|t:|1700127499\n|move|p1a: Zapdos|Volt Switch|p2a: Florges\n|-damage|p2a: Florges|44\/100\n|\n|t:|1700127503\n|switch|p1a: Heatran|Heatran, M|83\/100|[from] Volt Switch\n|move|p2a: Florges|Synthesis|p2a: Florges\n|-heal|p2a: Florges|94\/100\n|\n|-heal|p1a: Heatran|90\/100|[from] item: Leftovers\n|-heal|p2a: Florges|99\/100|[from] item: Leftovers\n|upkeep\n|turn|11\n|\n|t:|1700127521\n|move|p1a: Heatran|Stealth Rock|p2a: Florges\n|-sidestart|p2: daniel241595|move: Stealth Rock\n|move|p2a: Florges|Wish|p2a: Florges\n|\n|-heal|p1a: Heatran|96\/100|[from] item: Leftovers\n|-heal|p2a: Florges|100\/100|[from] item: Leftovers\n|upkeep\n|turn|12\n|\n|t:|1700127537\n|switch|p2a: Arcanine|Arcanine, M, shiny|100\/100\n|-damage|p2a: Arcanine|88\/100|[from] Spikes\n|-damage|p2a: Arcanine|63\/100|[from] Stealth Rock\n|-ability|p2a: Arcanine|Intimidate|boost\n|-unboost|p1a: Heatran|atk|1\n|move|p1a: Heatran|Magma Storm|p2a: Arcanine\n|-resisted|p2a: Arcanine\n|-damage|p2a: Arcanine|40\/100\n|-activate|p2a: Arcanine|move: Magma Storm|[of] p1a: Heatran\n|\n|-heal|p2a: Arcanine|87\/100|[from] move: Wish|[wisher] Florges\n|-heal|p1a: Heatran|100\/100|[from] item: Leftovers\n|-damage|p2a: Arcanine|74\/100|[from] move: Magma Storm|[partiallytrapped]\n|upkeep\n|turn|13\n|\n|t:|1700127543\n|move|p2a: Arcanine|Close Combat|p1a: Heatran\n|-supereffective|p1a: Heatran\n|-damage|p1a: Heatran|0 fnt\n|-unboost|p2a: Arcanine|def|1\n|-unboost|p2a: Arcanine|spd|1\n|faint|p1a: Heatran\n|\n|-end|p2a: Arcanine|Magma Storm|[partiallytrapped]|[silent]\n|upkeep\n|\n|t:|1700127546\n|switch|p1a: Greninja|Greninja, M|100\/100\n|turn|14\n|inactive|daniel241595 has 120 seconds left.\n|\n|t:|1700127591\n|switch|p2a: Flygon|Flygon, F|100\/100\n|-damage|p2a: Flygon|95\/100|[from] Stealth Rock\n|move|p1a: Greninja|Surf|p2a: Flygon\n|-damage|p2a: Flygon|37\/100\n|\n|upkeep\n|turn|15\n|\n|t:|1700127602\n|move|p1a: Greninja|Surf|p2a: Flygon\n|-damage|p2a: Flygon|0 fnt\n|faint|p2a: Flygon\n|-ability|p1a: Greninja|Battle Bond|boost\n|-boost|p1a: Greninja|atk|1\n|-boost|p1a: Greninja|spa|1\n|-boost|p1a: Greninja|spe|1\n|-activate|p1a: Greninja|ability: Battle Bond\n|\n|upkeep\n|\n|t:|1700127604\n|switch|p2a: Florges|Florges, F|100\/100\n|-damage|p2a: Florges|88\/100|[from] Spikes\n|-damage|p2a: Florges|76\/100|[from] Stealth Rock\n|turn|16\n|\n|t:|1700127607\n|move|p1a: Greninja|Surf|p2a: Florges\n|-damage|p2a: Florges|37\/100\n|move|p2a: Florges|Moonblast|p1a: Greninja\n|-supereffective|p1a: Greninja\n|-damage|p1a: Greninja|0 fnt\n|faint|p1a: Greninja\n|\n|-heal|p2a: Florges|43\/100|[from] item: Leftovers\n|upkeep\n|-message|YakootEL forfeited.\n|\n|win|daniel241595\n|raw|YakootEL's rating: 1445 &rarr; <strong>1428<\/strong><br \/>(-17 for losing)\n|raw|daniel241595's rating: 1502 &rarr; <strong>1519<\/strong><br \/>(+17 for winning)\n","uploadtime":1700127628,"views":39,"p1id":"yakootel","p2id":"daniel241595","formatid":"gen9nationaldex","rating":1428,"private":0,"password":""}