{"id":"gen9nationaldex-1995503109","p1":"Showdown-Shelgon","p2":"1SevenOfSpades","format":"[Gen 9] National Dex","log":"|html|<div class=\"broadcast-blue\"><strong>[Gen 9] National Dex is currently suspecting Sneasler! For information on how to participate check out the <a href=\"https:\/\/www.smogon.com\/forums\/threads\/sv-national-dex-suspect-8-just-dance.3731534\/\">suspect thread<\/a>.<\/strong><\/div>\n|j|\u2606Showdown-Shelgon\n|j|\u26061SevenOfSpades\n|t:|1700577735\n|gametype|singles\n|player|p1|Showdown-Shelgon|unknown|1000\n|player|p2|1SevenOfSpades|iono|1000\n|teamsize|p1|6\n|teamsize|p2|6\n|gen|9\n|tier|[Gen 9] National Dex\n|rated|\n|rule|HP Percentage Mod: HP is shown in percentages\n|rule|Endless Battle Clause: Forcing endless battles is banned\n|rule|OHKO Clause: OHKO moves are banned\n|rule|Evasion Clause: Evasion abilities, items, and moves are banned\n|rule|Evasion Abilities Clause: Evasion abilities are banned\n|rule|Evasion Items Clause: Evasion items are banned\n|rule|Evasion Moves Clause: Evasion moves are banned\n|rule|Species Clause: Limit one of each Pok\u00e9mon\n|rule|Sleep Clause Mod: Limit one foe put to sleep\n|clearpoke\n|poke|p1|Jolteon, M|\n|poke|p1|Umbreon, F|\n|poke|p1|Vaporeon, F|\n|poke|p1|Sylveon, F|\n|poke|p1|Espeon, F|\n|poke|p1|Leafeon, M|\n|poke|p2|Electrode|\n|poke|p2|Luxray, F|\n|poke|p2|Kilowattrel, M|\n|poke|p2|Bellibolt, M|\n|poke|p2|Mismagius, F|\n|poke|p2|Manectric, F|\n|teampreview\n|c|\u26061SevenOfSpades|LOL evees vs iono\n|c|\u26061SevenOfSpades|our battle will shake the earth\n|inactive|Battle timer is ON: inactive players will automatically lose when time's up. (requested by 1SevenOfSpades)\n|inactive|Showdown-Shelgon has 120 seconds left.\n|\n|t:|1700577848\n|start\n|switch|p1a: Blitzeinschlag|Jolteon, M|100\/100\n|switch|p2a: ka Juden|Electrode|100\/100\n|turn|1\n|c|\u2606Showdown-Shelgon|Gl n hf my friend\n|\n|t:|1700577864\n|move|p2a: ka Juden|Light Screen|p2a: ka Juden\n|-sidestart|p2: 1SevenOfSpades|move: Light Screen\n|move|p1a: Blitzeinschlag|Shadow Ball|p2a: ka Juden\n|-damage|p2a: ka Juden|77\/100\n|\n|upkeep\n|turn|2\n|c|\u26061SevenOfSpades|gll!!\n|inactive|Showdown-Shelgon has 120 seconds left.\n|inactive|Showdown-Shelgon has 90 seconds left.\n|\n|t:|1700577931\n|move|p2a: ka Juden|Reflect|p2a: ka Juden\n|-sidestart|p2: 1SevenOfSpades|Reflect\n|move|p1a: Blitzeinschlag|Shadow Ball|p2a: ka Juden\n|-damage|p2a: ka Juden|55\/100\n|\n|upkeep\n|turn|3\n|\n|t:|1700577952\n|switch|p2a: Nannjamo|Bellibolt, M|100\/100\n|move|p1a: Blitzeinschlag|Shadow Ball|p2a: Nannjamo\n|-damage|p2a: Nannjamo|82\/100\n|-start|p2a: Nannjamo|Charge|Shadow Ball|[from] ability: Electromorphosis\n|\n|upkeep\n|turn|4\n|inactive|Showdown-Shelgon has 90 seconds left.\n|\n|t:|1700577972\n|move|p1a: Blitzeinschlag|Shadow Ball|p2a: Nannjamo\n|-damage|p2a: Nannjamo|66\/100\n|-start|p2a: Nannjamo|Charge|Shadow Ball|[from] ability: Electromorphosis\n|move|p2a: Nannjamo|Slack Off|p2a: Nannjamo\n|-heal|p2a: Nannjamo|100\/100\n|\n|upkeep\n|turn|5\n|c|\u2606Showdown-Shelgon|Hey \ud83d\ude01 a good friend of mine has a small YT channel where there are Pok\u00e9mon videos. I would be happy if you take a look \u263a\ufe0f\n|c|\u2606Showdown-Shelgon|https:\/\/youtu.be\/g0JrcNRKkYY?si=HKCdwIw1a-GVcdzj\n|\n|t:|1700577987\n|move|p1a: Blitzeinschlag|Shadow Ball|p2a: Nannjamo\n|-damage|p2a: Nannjamo|82\/100\n|-start|p2a: Nannjamo|Charge|Shadow Ball|[from] ability: Electromorphosis\n|move|p2a: Nannjamo|Toxic|p1a: Blitzeinschlag\n|-status|p1a: Blitzeinschlag|tox\n|\n|-damage|p1a: Blitzeinschlag|95\/100 tox|[from] psn\n|upkeep\n|turn|6\n|\n|t:|1700577999\n|switch|p1a: Mitternacht|Umbreon, F, shiny|100\/100\n|move|p2a: Nannjamo|Parabolic Charge|p1a: Mitternacht\n|-damage|p1a: Mitternacht|76\/100\n|-heal|p2a: Nannjamo|94\/100|[from] drain|[of] p1a: Mitternacht\n|-end|p2a: Nannjamo|Charge|[silent]\n|\n|-heal|p1a: Mitternacht|82\/100|[from] item: Leftovers\n|upkeep\n|turn|7\n|\n|t:|1700578015\n|-terastallize|p1a: Mitternacht|Steel\n|move|p1a: Mitternacht|Curse|p1a: Mitternacht\n|-unboost|p1a: Mitternacht|spe|1\n|-boost|p1a: Mitternacht|atk|1\n|-boost|p1a: Mitternacht|def|1\n|move|p2a: Nannjamo|Toxic|p1a: Mitternacht\n|-immune|p1a: Mitternacht\n|\n|-heal|p1a: Mitternacht|88\/100|[from] item: Leftovers\n|upkeep\n|turn|8\n|c|\u26061SevenOfSpades|alright!\n|inactive|1SevenOfSpades has 120 seconds left.\n|c|\u2606Showdown-Shelgon|Thx\n|\n|t:|1700578047\n|switch|p2a: elesia|Manectric, F|100\/100\n|move|p1a: Mitternacht|Toxic|p2a: elesia\n|-status|p2a: elesia|tox\n|\n|-heal|p1a: Mitternacht|94\/100|[from] item: Leftovers\n|-damage|p2a: elesia|94\/100 tox|[from] psn\n|-sideend|p2: 1SevenOfSpades|move: Light Screen\n|upkeep\n|turn|9\n|c|\u26061SevenOfSpades|no worries lol ill check it out after the battle\n|\n|t:|1700578065\n|detailschange|p2a: elesia|Manectric-Mega, F\n|-mega|p2a: elesia|Manectric|Manectite\n|-ability|p2a: elesia|Intimidate|boost\n|-fail|p1a: Mitternacht|unboost|Attack|[from] ability: Inner Focus|[of] p1a: Mitternacht\n|move|p2a: elesia|Flamethrower|p1a: Mitternacht\n|-supereffective|p1a: Mitternacht\n|-damage|p1a: Mitternacht|58\/100\n|move|p1a: Mitternacht|Assurance|p2a: elesia\n|-damage|p2a: elesia|77\/100 tox\n|\n|-heal|p1a: Mitternacht|64\/100|[from] item: Leftovers\n|-damage|p2a: elesia|65\/100 tox|[from] psn\n|-sideend|p2: 1SevenOfSpades|Reflect\n|upkeep\n|turn|10\n|\n|t:|1700578079\n|move|p2a: elesia|Volt Switch|p1a: Mitternacht\n|-damage|p1a: Mitternacht|45\/100\n|\n|t:|1700578084\n|switch|p2a: Lono|Luxray, F|100\/100|[from] Volt Switch\n|move|p1a: Mitternacht|Moonlight|p1a: Mitternacht\n|-heal|p1a: Mitternacht|95\/100\n|\n|-heal|p1a: Mitternacht|100\/100|[from] item: Leftovers\n|-status|p2a: Lono|brn|[from] item: Flame Orb\n|upkeep\n|turn|11\n|\n|t:|1700578099\n|move|p2a: Lono|Superpower|p1a: Mitternacht\n|-supereffective|p1a: Mitternacht\n|-damage|p1a: Mitternacht|30\/100\n|-unboost|p2a: Lono|atk|1\n|-unboost|p2a: Lono|def|1\n|move|p1a: Mitternacht|Curse|p1a: Mitternacht\n|-unboost|p1a: Mitternacht|spe|1\n|-boost|p1a: Mitternacht|atk|1\n|-boost|p1a: Mitternacht|def|1\n|\n|-heal|p1a: Mitternacht|36\/100|[from] item: Leftovers\n|-damage|p2a: Lono|95\/100 brn|[from] brn\n|upkeep\n|turn|12\n|\n|t:|1700578112\n|move|p2a: Lono|Superpower|p1a: Mitternacht\n|-supereffective|p1a: Mitternacht\n|-damage|p1a: Mitternacht|4\/100\n|-unboost|p2a: Lono|atk|1\n|-unboost|p2a: Lono|def|1\n|move|p1a: Mitternacht|Moonlight|p1a: Mitternacht\n|-heal|p1a: Mitternacht|54\/100\n|\n|-heal|p1a: Mitternacht|60\/100|[from] item: Leftovers\n|-damage|p2a: Lono|89\/100 brn|[from] brn\n|upkeep\n|turn|13\n|c|\u2606Showdown-Shelgon|Nice ma\n|inactive|1SevenOfSpades has 90 seconds left.\n|\n|t:|1700578137\n|switch|p2a: Nannjamo|Bellibolt, M|94\/100\n|move|p1a: Mitternacht|Curse|p1a: Mitternacht\n|-unboost|p1a: Mitternacht|spe|1\n|-boost|p1a: Mitternacht|atk|1\n|-boost|p1a: Mitternacht|def|1\n|\n|-heal|p1a: Mitternacht|66\/100|[from] item: Leftovers\n|upkeep\n|turn|14\n|inactive|1SevenOfSpades has 90 seconds left.\n|c|\u26061SevenOfSpades|hmm\n|\n|t:|1700578160\n|move|p2a: Nannjamo|Parabolic Charge|p1a: Mitternacht\n|-damage|p1a: Mitternacht|55\/100\n|-heal|p2a: Nannjamo|99\/100|[from] drain|[of] p1a: Mitternacht\n|move|p1a: Mitternacht|Toxic|p2a: Nannjamo\n|-status|p2a: Nannjamo|tox\n|\n|-heal|p1a: Mitternacht|61\/100|[from] item: Leftovers\n|-damage|p2a: Nannjamo|93\/100 tox|[from] psn\n|upkeep\n|turn|15\n|c|\u26061SevenOfSpades|F\n|inactive|1SevenOfSpades has 60 seconds left.\n|\n|t:|1700578190\n|switch|p2a: Lono|Luxray, F|89\/100 brn\n|move|p1a: Mitternacht|Curse|p1a: Mitternacht\n|-unboost|p1a: Mitternacht|spe|1\n|-boost|p1a: Mitternacht|atk|1\n|-boost|p1a: Mitternacht|def|1\n|\n|-heal|p1a: Mitternacht|67\/100|[from] item: Leftovers\n|-damage|p2a: Lono|83\/100 brn|[from] brn\n|upkeep\n|turn|16\n|inactive|1SevenOfSpades has 60 seconds left.\n|c|\u2606Showdown-Shelgon|I hope you like my sets\n|\n|t:|1700578202\n|move|p2a: Lono|Superpower|p1a: Mitternacht\n|-supereffective|p1a: Mitternacht\n|-damage|p1a: Mitternacht|31\/100\n|-unboost|p2a: Lono|atk|1\n|-unboost|p2a: Lono|def|1\n|move|p1a: Mitternacht|Moonlight|p1a: Mitternacht\n|-heal|p1a: Mitternacht|81\/100\n|\n|-heal|p1a: Mitternacht|87\/100|[from] item: Leftovers\n|-damage|p2a: Lono|77\/100 brn|[from] brn\n|upkeep\n|turn|17\n|inactive|1SevenOfSpades has 60 seconds left.\n|\n|t:|1700578218\n|switch|p2a: elesia|Manectric-Mega, F|65\/100 tox\n|-ability|p2a: elesia|Intimidate|boost\n|-fail|p1a: Mitternacht|unboost|Attack|[from] ability: Inner Focus|[of] p1a: Mitternacht\n|move|p1a: Mitternacht|Assurance|p2a: elesia\n|-damage|p2a: elesia|3\/100 tox\n|\n|-heal|p1a: Mitternacht|93\/100|[from] item: Leftovers\n|-damage|p2a: elesia|0 fnt|[from] psn\n|faint|p2a: elesia\n|upkeep\n|\n|t:|1700578242\n|switch|p2a: ka Juden|Electrode|55\/100\n|turn|18\n|\n|t:|1700578254\n|move|p2a: ka Juden|Light Screen|p2a: ka Juden\n|-sidestart|p2: 1SevenOfSpades|move: Light Screen\n|move|p1a: Mitternacht|Toxic|p2a: ka Juden\n|-status|p2a: ka Juden|tox\n|\n|-heal|p1a: Mitternacht|99\/100|[from] item: Leftovers\n|-damage|p2a: ka Juden|48\/100 tox|[from] psn\n|upkeep\n|turn|19\n|\n|t:|1700578263\n|move|p2a: ka Juden|Reflect|p2a: ka Juden\n|-sidestart|p2: 1SevenOfSpades|Reflect\n|move|p1a: Mitternacht|Curse|p1a: Mitternacht\n|-unboost|p1a: Mitternacht|spe|1\n|-boost|p1a: Mitternacht|atk|1\n|-boost|p1a: Mitternacht|def|1\n|\n|-heal|p1a: Mitternacht|100\/100|[from] item: Leftovers\n|-damage|p2a: ka Juden|36\/100 tox|[from] psn\n|upkeep\n|turn|20\n|\n|t:|1700578272\n|move|p2a: ka Juden|Rain Dance|p2a: ka Juden\n|-weather|RainDance\n|move|p1a: Mitternacht|Curse|p1a: Mitternacht\n|-unboost|p1a: Mitternacht|spe|1\n|-boost|p1a: Mitternacht|atk|1\n|-boost|p1a: Mitternacht|def|1\n|\n|-weather|RainDance|[upkeep]\n|-damage|p2a: ka Juden|17\/100 tox|[from] psn\n|upkeep\n|turn|21\n|\n|t:|1700578281\n|move|p2a: ka Juden|Explosion|p1a: Mitternacht\n|-resisted|p1a: Mitternacht\n|-damage|p1a: Mitternacht|97\/100\n|faint|p2a: ka Juden\n|move|p1a: Mitternacht|Assurance|p2: ka Juden|[notarget]\n|-fail|p1a: Mitternacht\n|\n|-weather|RainDance|[upkeep]\n|-heal|p1a: Mitternacht|100\/100|[from] item: Leftovers\n|upkeep\n|\n|t:|1700578297\n|switch|p2a: Shinsu|Mismagius, F|100\/100\n|turn|22\n|\n|t:|1700578300\n|move|p2a: Shinsu|Destiny Bond|p2a: Shinsu\n|-singlemove|p2a: Shinsu|Destiny Bond\n|move|p1a: Mitternacht|Toxic|p2a: Shinsu\n|-status|p2a: Shinsu|tox\n|\n|-weather|RainDance|[upkeep]\n|-damage|p2a: Shinsu|94\/100 tox|[from] psn\n|upkeep\n|turn|23\n|\n|t:|1700578310\n|move|p2a: Shinsu|Destiny Bond||[still]\n|-fail|p2a: Shinsu\n|move|p1a: Mitternacht|Assurance|p2a: Shinsu\n|-supereffective|p2a: Shinsu\n|-damage|p2a: Shinsu|0 fnt\n|faint|p2a: Shinsu\n|\n|-weather|RainDance|[upkeep]\n|upkeep\n|\n|t:|1700578326\n|switch|p2a: Nannjamo|Bellibolt, M|93\/100 tox\n|turn|24\n|\n|t:|1700578338\n|move|p2a: Nannjamo|Muddy Water|p1a: Mitternacht\n|-damage|p1a: Mitternacht|83\/100\n|move|p1a: Mitternacht|Assurance|p2a: Nannjamo\n|-damage|p2a: Nannjamo|75\/100 tox\n|-start|p2a: Nannjamo|Charge|Assurance|[from] ability: Electromorphosis\n|\n|-weather|none\n|-heal|p1a: Mitternacht|89\/100|[from] item: Leftovers\n|-damage|p2a: Nannjamo|69\/100 tox|[from] psn\n|upkeep\n|turn|25\n|\n|t:|1700578352\n|move|p2a: Nannjamo|Muddy Water|p1a: Mitternacht\n|-damage|p1a: Mitternacht|77\/100\n|-unboost|p1a: Mitternacht|accuracy|1\n|move|p1a: Mitternacht|Assurance|p2a: Nannjamo\n|-damage|p2a: Nannjamo|51\/100 tox\n|-start|p2a: Nannjamo|Charge|Assurance|[from] ability: Electromorphosis\n|\n|-heal|p1a: Mitternacht|83\/100|[from] item: Leftovers\n|-damage|p2a: Nannjamo|39\/100 tox|[from] psn\n|-sideend|p2: 1SevenOfSpades|move: Light Screen\n|upkeep\n|turn|26\n|\n|t:|1700578364\n|move|p2a: Nannjamo|Slack Off|p2a: Nannjamo\n|-heal|p2a: Nannjamo|89\/100 tox\n|move|p1a: Mitternacht|Assurance|p2a: Nannjamo\n|-damage|p2a: Nannjamo|73\/100 tox\n|-start|p2a: Nannjamo|Charge|Assurance|[from] ability: Electromorphosis\n|\n|-heal|p1a: Mitternacht|90\/100|[from] item: Leftovers\n|-damage|p2a: Nannjamo|54\/100 tox|[from] psn\n|-sideend|p2: 1SevenOfSpades|Reflect\n|upkeep\n|turn|27\n|\n|t:|1700578380\n|move|p2a: Nannjamo|Slack Off|p2a: Nannjamo\n|-heal|p2a: Nannjamo|100\/100 tox\n|move|p1a: Mitternacht|Assurance|p2a: Nannjamo\n|-damage|p2a: Nannjamo|64\/100 tox\n|-start|p2a: Nannjamo|Charge|Assurance|[from] ability: Electromorphosis\n|\n|-heal|p1a: Mitternacht|96\/100|[from] item: Leftovers\n|-damage|p2a: Nannjamo|40\/100 tox|[from] psn\n|upkeep\n|turn|28\n|\n|t:|1700578392\n|move|p2a: Nannjamo|Slack Off|p2a: Nannjamo\n|-heal|p2a: Nannjamo|90\/100 tox\n|move|p1a: Mitternacht|Assurance|p2a: Nannjamo\n|-damage|p2a: Nannjamo|53\/100 tox\n|-start|p2a: Nannjamo|Charge|Assurance|[from] ability: Electromorphosis\n|\n|-heal|p1a: Mitternacht|100\/100|[from] item: Leftovers\n|-damage|p2a: Nannjamo|22\/100 tox|[from] psn\n|upkeep\n|turn|29\n|\n|t:|1700578402\n|move|p2a: Nannjamo|Parabolic Charge|p1a: Mitternacht\n|-damage|p1a: Mitternacht|77\/100\n|-heal|p2a: Nannjamo|33\/100 tox|[from] drain|[of] p1a: Mitternacht\n|-end|p2a: Nannjamo|Charge|[silent]\n|move|p1a: Mitternacht|Assurance|p2a: Nannjamo\n|-damage|p2a: Nannjamo|0 fnt\n|faint|p2a: Nannjamo\n|\n|-heal|p1a: Mitternacht|83\/100|[from] item: Leftovers\n|upkeep\n|c|\u26061SevenOfSpades|THAT DID NOTHING LOL ggs!\n|\n|t:|1700578415\n|switch|p2a: Lono|Luxray, F|77\/100 brn\n|turn|30\n|c|\u2606Showdown-Shelgon|Gg\n|\n|t:|1700578422\n|move|p2a: Lono|Superpower|p1a: Mitternacht\n|-supereffective|p1a: Mitternacht\n|-damage|p1a: Mitternacht|58\/100\n|-unboost|p2a: Lono|atk|1\n|-unboost|p2a: Lono|def|1\n|move|p1a: Mitternacht|Assurance|p2a: Lono\n|-damage|p2a: Lono|0 fnt\n|faint|p2a: Lono\n|\n|-heal|p1a: Mitternacht|64\/100|[from] item: Leftovers\n|upkeep\n|\n|t:|1700578433\n|switch|p2a: Seveb|Kilowattrel, M|100\/100\n|turn|31\n|\n|t:|1700578442\n|move|p2a: Seveb|Hurricane|p1a: Mitternacht\n|-resisted|p1a: Mitternacht\n|-damage|p1a: Mitternacht|52\/100\n|move|p1a: Mitternacht|Toxic|p2a: Seveb\n|-status|p2a: Seveb|tox\n|\n|-heal|p1a: Mitternacht|58\/100|[from] item: Leftovers\n|-damage|p2a: Seveb|94\/100 tox|[from] psn\n|upkeep\n|turn|32\n|\n|t:|1700578452\n|move|p2a: Seveb|Hurricane|p1a: Mitternacht\n|-resisted|p1a: Mitternacht\n|-damage|p1a: Mitternacht|45\/100\n|move|p1a: Mitternacht|Moonlight|p1a: Mitternacht\n|-heal|p1a: Mitternacht|95\/100\n|\n|-heal|p1a: Mitternacht|100\/100|[from] item: Leftovers\n|-damage|p2a: Seveb|82\/100 tox|[from] psn\n|upkeep\n|turn|33\n|inactive|1SevenOfSpades has 60 seconds left.\n|\n|t:|1700578462\n|move|p2a: Seveb|Hurricane|p1a: Mitternacht\n|-resisted|p1a: Mitternacht\n|-damage|p1a: Mitternacht|87\/100\n|move|p1a: Mitternacht|Curse|p1a: Mitternacht\n|\n|-heal|p1a: Mitternacht|93\/100|[from] item: Leftovers\n|-damage|p2a: Seveb|64\/100 tox|[from] psn\n|upkeep\n|turn|34\n|inactive|1SevenOfSpades has 60 seconds left.\n|\n|t:|1700578471\n|move|p2a: Seveb|Hurricane|p1a: Mitternacht\n|-resisted|p1a: Mitternacht\n|-damage|p1a: Mitternacht|80\/100\n|-start|p1a: Mitternacht|confusion\n|-activate|p1a: Mitternacht|confusion\n|-damage|p1a: Mitternacht|75\/100|[from] confusion\n|\n|-heal|p1a: Mitternacht|81\/100|[from] item: Leftovers\n|-damage|p2a: Seveb|40\/100 tox|[from] psn\n|upkeep\n|turn|35\n|inactive|1SevenOfSpades has 60 seconds left.\n|\n|t:|1700578483\n|move|p2a: Seveb|Thunder|p1a: Mitternacht\n|-damage|p1a: Mitternacht|56\/100\n|-status|p1a: Mitternacht|par\n|-activate|p1a: Mitternacht|confusion\n|move|p1a: Mitternacht|Assurance|p2a: Seveb\n|-crit|p2a: Seveb\n|-damage|p2a: Seveb|0 fnt\n|faint|p2a: Seveb\n|\n|win|Showdown-Shelgon\n|raw|Showdown-Shelgon's rating: 1000 &rarr; <strong>1040<\/strong><br \/>(+40 for winning)\n|raw|1SevenOfSpades's rating: 1000 &rarr; <strong>1000<\/strong><br \/>(+0 for losing)\n|c|\u26061SevenOfSpades|umbreon still stands still lol\n|c|\u26061SevenOfSpades|this isnt my competitive team\n|c|\u26061SevenOfSpades|just a lil fun one i made\n","uploadtime":1700578523,"views":1,"p1id":"showdownshelgon","p2id":"1sevenofspades","formatid":"gen9nationaldex","rating":1000,"private":0,"password":""}