{"id":"gen9nationaldex-1996672711","p1":"Shovel Florentine","p2":"GABRIEL_HU","format":"[Gen 9] National Dex","log":"|html|<div class=\"broadcast-blue\"><strong>[Gen 9] National Dex is currently suspecting Sneasler! For information on how to participate check out the <a href=\"https:\/\/www.smogon.com\/forums\/threads\/sv-national-dex-suspect-8-just-dance.3731534\/\">suspect thread<\/a>.<\/strong><\/div>\n|j|\u2606Shovel Florentine\n|j|\u2606GABRIEL_HU\n|t:|1700707927\n|gametype|singles\n|player|p1|Shovel Florentine|acetrainerf|1182\n|player|p2|GABRIEL_HU|guitarist|1267\n|teamsize|p1|6\n|teamsize|p2|6\n|gen|9\n|tier|[Gen 9] National Dex\n|rated|\n|rule|HP Percentage Mod: HP is shown in percentages\n|rule|Endless Battle Clause: Forcing endless battles is banned\n|rule|OHKO Clause: OHKO moves are banned\n|rule|Evasion Clause: Evasion abilities, items, and moves are banned\n|rule|Evasion Abilities Clause: Evasion abilities are banned\n|rule|Evasion Items Clause: Evasion items are banned\n|rule|Evasion Moves Clause: Evasion moves are banned\n|rule|Species Clause: Limit one of each Pok\u00e9mon\n|rule|Sleep Clause Mod: Limit one foe put to sleep\n|clearpoke\n|poke|p1|Scyther, M|\n|poke|p1|Ninetales, F|\n|poke|p1|Rapidash, F|\n|poke|p1|Ivysaur, M|\n|poke|p1|Machoke, M|\n|poke|p1|Articuno|\n|poke|p2|Garganacl, F|\n|poke|p2|Greninja-*, M|\n|poke|p2|Zapdos|\n|poke|p2|Great Tusk|\n|poke|p2|Heatran, F|\n|poke|p2|Scizor, M|\n|teampreview\n|\n|t:|1700707934\n|start\n|switch|p1a: Donatello|Machoke, M, shiny|100\/100\n|switch|p2a: Heatran|Heatran, F|100\/100\n|turn|1\n|\n|t:|1700707938\n|switch|p2a: Zapdos|Zapdos|100\/100\n|move|p1a: Donatello|Dynamic Punch|p2a: Zapdos\n|-resisted|p2a: Zapdos\n|-damage|p2a: Zapdos|82\/100\n|-start|p2a: Zapdos|confusion\n|-status|p1a: Donatello|par|[from] ability: Static|[of] p2a: Zapdos\n|\n|upkeep\n|turn|2\n|\n|t:|1700707945\n|switch|p1a: Pot Ash|Ninetales, F, shiny|100\/100\n|-weather|SunnyDay|[from] ability: Drought|[of] p1a: Pot Ash\n|-activate|p2a: Zapdos|confusion\n|move|p2a: Zapdos|Discharge|p1a: Pot Ash\n|-damage|p1a: Pot Ash|69\/100\n|\n|-weather|SunnyDay|[upkeep]\n|upkeep\n|turn|3\n|\n|t:|1700707955\n|switch|p2a: Heatran|Heatran, F|100\/100\n|move|p1a: Pot Ash|Flamethrower|p2a: Heatran\n|-start|p2a: Heatran|ability: Flash Fire\n|\n|-weather|SunnyDay|[upkeep]\n|upkeep\n|turn|4\n|\n|t:|1700707962\n|switch|p1a: Broody|Rapidash, F|100\/100\n|move|p2a: Heatran|Stealth Rock|p1a: Broody\n|-sidestart|p1: Shovel Florentine|move: Stealth Rock\n|\n|-weather|SunnyDay|[upkeep]\n|upkeep\n|turn|5\n|\n|t:|1700707967\n|-end|p2a: Heatran|ability: Flash Fire|[silent]\n|switch|p2a: Zapdos|Zapdos|82\/100\n|move|p1a: Broody|Drill Run|p2a: Zapdos\n|-immune|p2a: Zapdos\n|\n|-weather|SunnyDay|[upkeep]\n|upkeep\n|turn|6\n|\n|t:|1700707974\n|move|p1a: Broody|Flame Charge|p2a: Zapdos\n|-damage|p2a: Zapdos|62\/100\n|-boost|p1a: Broody|spe|1\n|move|p2a: Zapdos|Discharge|p1a: Broody\n|-damage|p1a: Broody|58\/100\n|\n|-weather|SunnyDay|[upkeep]\n|upkeep\n|turn|7\n|\n|t:|1700707985\n|move|p1a: Broody|Flame Charge|p2a: Zapdos\n|-damage|p2a: Zapdos|43\/100\n|-boost|p1a: Broody|spe|1\n|move|p2a: Zapdos|Roost|p2a: Zapdos\n|-heal|p2a: Zapdos|93\/100\n|-singleturn|p2a: Zapdos|move: Roost\n|\n|-weather|SunnyDay|[upkeep]\n|upkeep\n|turn|8\n|\n|t:|1700707995\n|switch|p1a: Spuds|Ivysaur, M|100\/100\n|-damage|p1a: Spuds|88\/100|[from] Stealth Rock\n|move|p2a: Zapdos|Discharge|p1a: Spuds\n|-resisted|p1a: Spuds\n|-damage|p1a: Spuds|72\/100\n|\n|-weather|SunnyDay|[upkeep]\n|upkeep\n|turn|9\n|\n|t:|1700708006\n|move|p1a: Spuds|Weather Ball|p2a: Zapdos\n|-damage|p2a: Zapdos|67\/100\n|move|p2a: Zapdos|U-turn|p1a: Spuds\n|-damage|p1a: Spuds|58\/100\n|\n|t:|1700708009\n|switch|p2a: Heatran|Heatran, F|100\/100|[from] U-turn\n|\n|-weather|none\n|upkeep\n|turn|10\n|\n|t:|1700708021\n|switch|p1a: Broody|Rapidash, F|58\/100\n|-damage|p1a: Broody|33\/100|[from] Stealth Rock\n|move|p2a: Heatran|Magma Storm|p1a: Broody\n|-start|p1a: Broody|ability: Flash Fire\n|\n|upkeep\n|turn|11\n|\n|t:|1700708028\n|switch|p2a: Zapdos|Zapdos|67\/100\n|move|p1a: Broody|Drill Run|p2a: Zapdos\n|-immune|p2a: Zapdos\n|\n|upkeep\n|turn|12\n|\n|t:|1700708031\n|move|p1a: Broody|Flame Charge|p2a: Zapdos\n|-damage|p2a: Zapdos|46\/100\n|-boost|p1a: Broody|spe|1\n|move|p2a: Zapdos|Discharge|p1a: Broody\n|-damage|p1a: Broody|0 fnt\n|faint|p1a: Broody\n|\n|upkeep\n|\n|t:|1700708038\n|switch|p1a: Arch One|Articuno|100\/100\n|-ability|p1a: Arch One|Pressure\n|turn|13\n|\n|t:|1700708045\n|switch|p2a: Heatran|Heatran, F|100\/100\n|-terastallize|p1a: Arch One|Dragon\n|move|p1a: Arch One|Freeze-Dry|p2a: Heatran\n|-resisted|p2a: Heatran\n|-damage|p2a: Heatran|96\/100\n|\n|upkeep\n|turn|14\n|\n|t:|1700708052\n|move|p1a: Arch One|Defog|p2a: Heatran\n|-unboost|p2a: Heatran|evasion|1\n|-sideend|p1: Shovel Florentine|Stealth Rock|[from] move: Defog|[of] p1a: Arch One\n|move|p2a: Heatran|Toxic|p1a: Arch One|[miss]\n|-miss|p2a: Heatran|p1a: Arch One\n|\n|upkeep\n|turn|15\n|\n|t:|1700708063\n|move|p1a: Arch One|Heal Bell|p1a: Arch One\n|-activate|p1a: Arch One|move: Heal Bell\n|-curestatus|p1: Donatello|par|[msg]\n|move|p2a: Heatran|Stealth Rock|p1a: Arch One\n|-sidestart|p1: Shovel Florentine|move: Stealth Rock\n|\n|upkeep\n|turn|16\n|\n|t:|1700708075\n|move|p1a: Arch One|Defog|p2a: Heatran\n|-unboost|p2a: Heatran|evasion|1\n|-sideend|p1: Shovel Florentine|Stealth Rock|[from] move: Defog|[of] p1a: Arch One\n|move|p2a: Heatran|Toxic|p1a: Arch One\n|-status|p1a: Arch One|tox\n|\n|-damage|p1a: Arch One|94\/100 tox|[from] psn\n|upkeep\n|turn|17\n|\n|t:|1700708082\n|switch|p1a: Donatello|Machoke, M, shiny|100\/100\n|move|p2a: Heatran|Magma Storm|p1a: Donatello\n|-crit|p1a: Donatello\n|-damage|p1a: Donatello|41\/100\n|-activate|p1a: Donatello|move: Magma Storm|[of] p2a: Heatran\n|\n|-damage|p1a: Donatello|28\/100|[from] move: Magma Storm|[partiallytrapped]\n|upkeep\n|turn|18\n|\n|t:|1700708088\n|switch|p2a: Zapdos|Zapdos|46\/100\n|move|p1a: Donatello|Dynamic Punch|p2a: Zapdos\n|-resisted|p2a: Zapdos\n|-damage|p2a: Zapdos|30\/100\n|-start|p2a: Zapdos|confusion\n|\n|-end|p1a: Donatello|Magma Storm|[partiallytrapped]|[silent]\n|upkeep\n|turn|19\n|\n|t:|1700708092\n|switch|p1a: Pot Ash|Ninetales, F, shiny|69\/100\n|-weather|SunnyDay|[from] ability: Drought|[of] p1a: Pot Ash\n|-activate|p2a: Zapdos|confusion\n|move|p2a: Zapdos|Roost|p2a: Zapdos\n|-heal|p2a: Zapdos|80\/100\n|-singleturn|p2a: Zapdos|move: Roost\n|\n|-weather|SunnyDay|[upkeep]\n|upkeep\n|turn|20\n|\n|t:|1700708100\n|switch|p2a: Heatran|Heatran, F|96\/100\n|switch|p1a: Spuds|Ivysaur, M|58\/100\n|\n|-weather|SunnyDay|[upkeep]\n|upkeep\n|turn|21\n|-message|Shovel Florentine forfeited.\n|\n|win|GABRIEL_HU\n|raw|Shovel Florentine's rating: 1182 &rarr; <strong>1163<\/strong><br \/>(-19 for losing)\n|raw|GABRIEL_HU's rating: 1267 &rarr; <strong>1286<\/strong><br \/>(+19 for winning)\n|l|\u2606Shovel Florentine\n","uploadtime":1700708108,"views":1,"p1id":"shovelflorentine","p2id":"gabrielhu","formatid":"gen9nationaldex","rating":1163,"private":0,"password":""}