{"id":"gen9nationaldex-1998166537","p1":"red fintans","p2":"Forever1507","format":"[Gen 9] National Dex","log":"|html|<div class=\"broadcast-blue\"><strong>[Gen 9] National Dex is currently suspecting Sneasler! For information on how to participate check out the <a href=\"https:\/\/www.smogon.com\/forums\/threads\/sv-national-dex-suspect-8-just-dance.3731534\/\">suspect thread<\/a>.<\/strong><\/div>\n|j|\u2606red fintans\n|j|\u2606Forever1507\n|inactive|Battle timer is ON: inactive players will automatically lose when time's up.\n|t:|1700904648\n|gametype|singles\n|player|p1|red fintans|depotagent|\n|player|p2|Forever1507|1|\n|teamsize|p1|6\n|teamsize|p2|6\n|gen|9\n|tier|[Gen 9] National Dex\n|rated|Tournament battle\n|rule|HP Percentage Mod: HP is shown in percentages\n|rule|Endless Battle Clause: Forcing endless battles is banned\n|rule|OHKO Clause: OHKO moves are banned\n|rule|Evasion Clause: Evasion abilities, items, and moves are banned\n|rule|Evasion Abilities Clause: Evasion abilities are banned\n|rule|Evasion Items Clause: Evasion items are banned\n|rule|Evasion Moves Clause: Evasion moves are banned\n|rule|Species Clause: Limit one of each Pok\u00e9mon\n|rule|Sleep Clause Mod: Limit one foe put to sleep\n|clearpoke\n|poke|p1|Kleavor, M|\n|poke|p1|Tornadus-Therian, M|\n|poke|p1|Tangrowth, F|\n|poke|p1|Toxapex, M|\n|poke|p1|Medicham, F|\n|poke|p1|Magnezone|\n|poke|p2|Charizard, F|\n|poke|p2|Rotom-Wash|\n|poke|p2|Kommo-o, M|\n|poke|p2|Rillaboom, M|\n|poke|p2|Sneasler, M|\n|poke|p2|Volcarona, F|\n|teampreview\n|inactive|red fintans also wants the timer to be on.\n|c|\u2606red fintans|gl\n|j| Balazs1102\n|\n|t:|1700904660\n|start\n|switch|p1a: Kleavor|Kleavor, M|100\/100\n|switch|p2a: Rotom|Rotom-Wash|100\/100\n|turn|1\n|c| Balazs1102|time for the finals\n|\n|t:|1700904667\n|switch|p1a: Tangrowth|Tangrowth, F|100\/100\n|move|p2a: Rotom|Will-O-Wisp|p1a: Tangrowth\n|-status|p1a: Tangrowth|brn\n|\n|-damage|p1a: Tangrowth|94\/100 brn|[from] brn\n|upkeep\n|turn|2\n|\n|t:|1700904674\n|move|p2a: Rotom|Pain Split|p1a: Tangrowth\n|-sethp|p1a: Tangrowth|85\/100 brn|[from] move: Pain Split|[silent]\n|-sethp|p2a: Rotom|100\/100|[from] move: Pain Split\n|move|p1a: Tangrowth|Knock Off|p2a: Rotom\n|-damage|p2a: Rotom|92\/100\n|-enditem|p2a: Rotom|Leftovers|[from] move: Knock Off|[of] p1a: Tangrowth\n|\n|-damage|p1a: Tangrowth|79\/100 brn|[from] brn\n|upkeep\n|turn|3\n|\n|t:|1700904678\n|move|p2a: Rotom|Volt Switch|p1a: Tangrowth\n|-resisted|p1a: Tangrowth\n|-damage|p1a: Tangrowth|61\/100 brn\n|\n|t:|1700904682\n|switch|p2a: Charizard|Charizard, F|100\/100|[from] Volt Switch\n|move|p1a: Tangrowth|Giga Drain|p2a: Charizard\n|-resisted|p2a: Charizard\n|-damage|p2a: Charizard|91\/100\n|-heal|p1a: Tangrowth|64\/100 brn|[from] drain|[of] p2a: Charizard\n|\n|-damage|p1a: Tangrowth|58\/100 brn|[from] brn\n|upkeep\n|turn|4\n|\n|t:|1700904687\n|switch|p1a: Toxapex|Toxapex, M|100\/100\n|move|p2a: Charizard|Dragon Dance|p2a: Charizard\n|-boost|p2a: Charizard|atk|1\n|-boost|p2a: Charizard|spe|1\n|\n|upkeep\n|turn|5\n|c| Balazs1102|tripple regenerator. I jsut realised\n|\n|t:|1700904704\n|detailschange|p2a: Charizard|Charizard-Mega-X, F\n|-mega|p2a: Charizard|Charizard|Charizardite X\n|move|p2a: Charizard|Earthquake|p1a: Toxapex\n|-supereffective|p1a: Toxapex\n|-damage|p1a: Toxapex|29\/100\n|move|p1a: Toxapex|Sludge Bomb|p2a: Charizard\n|-damage|p2a: Charizard|53\/100\n|\n|upkeep\n|turn|6\n|\n|t:|1700904710\n|switch|p1a: Tangrowth|Tangrowth, F|91\/100 brn\n|move|p2a: Charizard|Earthquake|p1a: Tangrowth\n|-resisted|p1a: Tangrowth\n|-damage|p1a: Tangrowth|78\/100 brn\n|\n|-damage|p1a: Tangrowth|72\/100 brn|[from] brn\n|upkeep\n|turn|7\n|\n|t:|1700904714\n|switch|p1a: Toxapex|Toxapex, M|63\/100\n|move|p2a: Charizard|Dragon Claw|p1a: Toxapex\n|-damage|p1a: Toxapex|9\/100\n|\n|upkeep\n|turn|8\n|\n|t:|1700904735\n|switch|p1a: Tangrowth|Tangrowth, F|100\/100 brn\n|move|p2a: Charizard|Flare Blitz|p1a: Tangrowth\n|-supereffective|p1a: Tangrowth\n|-damage|p1a: Tangrowth|0 fnt\n|-damage|p2a: Charizard|36\/100|[from] item: Rocky Helmet|[of] p1a: Tangrowth\n|faint|p1a: Tangrowth\n|-damage|p2a: Charizard|0 fnt|[from] Recoil\n|faint|p2a: Charizard\n|\n|upkeep\n|c| Balazs1102|uh oh this aint good\n|c|\u2606red fintans|naw it fine\n|\n|t:|1700904747\n|switch|p2a: Rotom|Rotom-Wash|92\/100\n|switch|p1a: Tornadus|Tornadus-Therian, M|100\/100\n|turn|9\n|\n|t:|1700904753\n|move|p1a: Tornadus|U-turn|p2a: Rotom\n|-damage|p2a: Rotom|80\/100\n|j| The power of ROCK\n|\n|t:|1700904755\n|switch|p1a: Magnezone|Magnezone|100\/100|[from] U-turn\n|move|p2a: Rotom|Will-O-Wisp|p1a: Magnezone|[miss]\n|-miss|p2a: Rotom|p1a: Magnezone\n|\n|upkeep\n|turn|10\n|\n|t:|1700904766\n|move|p1a: Magnezone|Volt Switch|p2a: Rotom\n|-damage|p2a: Rotom|39\/100\n|\n|t:|1700904770\n|switch|p1a: Toxapex|Toxapex, M|42\/100|[from] Volt Switch\n|move|p2a: Rotom|Pain Split|p1a: Toxapex\n|-sethp|p1a: Toxapex|40\/100|[from] move: Pain Split|[silent]\n|-sethp|p2a: Rotom|40\/100|[from] move: Pain Split\n|\n|upkeep\n|turn|11\n|\n|t:|1700904774\n|switch|p1a: Magnezone|Magnezone|100\/100\n|move|p2a: Rotom|Volt Switch|p1a: Magnezone\n|-resisted|p1a: Magnezone\n|-damage|p1a: Magnezone|86\/100\n|\n|t:|1700904777\n|switch|p2a: Volcarona|Volcarona, F|100\/100|[from] Volt Switch\n|\n|upkeep\n|turn|12\n|\n|t:|1700904784\n|-terastallize|p2a: Volcarona|Ground\n|move|p1a: Magnezone|Volt Switch|p2a: Volcarona\n|-immune|p2a: Volcarona\n|move|p2a: Volcarona|Quiver Dance|p2a: Volcarona\n|-boost|p2a: Volcarona|spa|1\n|-boost|p2a: Volcarona|spd|1\n|-boost|p2a: Volcarona|spe|1\n|\n|upkeep\n|turn|13\n|c| Balazs1102|oh he got you\n|c|\u2606red fintans|UHOH\n|\n|t:|1700904796\n|switch|p1a: Toxapex|Toxapex, M|74\/100\n|move|p2a: Volcarona|Fiery Dance|p1a: Toxapex\n|-resisted|p1a: Toxapex\n|-damage|p1a: Toxapex|55\/100\n|-boost|p2a: Volcarona|spa|1\n|\n|upkeep\n|turn|14\n|\n|t:|1700904803\n|-terastallize|p1a: Toxapex|Dragon\n|move|p2a: Volcarona|Tera Blast|p1a: Toxapex|[anim] Tera Blast Ground\n|-damage|p1a: Toxapex|4\/100\n|move|p1a: Toxapex|Scald|p2a: Volcarona\n|-supereffective|p2a: Volcarona\n|-damage|p2a: Volcarona|67\/100\n|\n|upkeep\n|turn|15\n|\n|t:|1700904811\n|switch|p1a: Tornadus|Tornadus-Therian, M|100\/100\n|move|p2a: Volcarona|Fiery Dance|p1a: Tornadus\n|-damage|p1a: Tornadus|9\/100\n|\n|upkeep\n|turn|16\n|c| Balazs1102|pex being a champ\n|\n|t:|1700904832\n|move|p2a: Volcarona|Fiery Dance|p1a: Tornadus\n|-damage|p1a: Tornadus|0 fnt\n|faint|p1a: Tornadus\n|\n|upkeep\n|c| The power of ROCK|oh no\n|c| Balazs1102|did you have toxic on that?\n|c|\u2606red fintans|no\n|\n|t:|1700904855\n|switch|p1a: Toxapex|Toxapex, M, tera:Dragon|38\/100\n|turn|17\n|\n|t:|1700904861\n|switch|p1a: Magnezone|Magnezone|86\/100\n|move|p2a: Volcarona|Tera Blast|p1a: Magnezone|[anim] Tera Blast Ground\n|-supereffective|p1a: Magnezone\n|-damage|p1a: Magnezone|0 fnt\n|faint|p1a: Magnezone\n|\n|upkeep\n|\n|t:|1700904862\n|switch|p1a: Toxapex|Toxapex, M, tera:Dragon|71\/100\n|turn|18\n|\n|t:|1700904866\n|move|p2a: Volcarona|Tera Blast|p1a: Toxapex|[anim] Tera Blast Ground\n|-damage|p1a: Toxapex|20\/100\n|move|p1a: Toxapex|Scald|p2a: Volcarona\n|-supereffective|p2a: Volcarona\n|-damage|p2a: Volcarona|32\/100\n|\n|upkeep\n|turn|19\n|c| Balazs1102|i have toxic on my goodra for exacthy this reason\n|\n|t:|1700904877\n|switch|p1a: Kleavor|Kleavor, M|100\/100\n|move|p2a: Volcarona|Tera Blast|p1a: Kleavor|[anim] Tera Blast Ground\n|-damage|p1a: Kleavor|0 fnt\n|faint|p1a: Kleavor\n|\n|upkeep\n|\n|t:|1700904878\n|switch|p1a: Medicham|Medicham, F|100\/100\n|turn|20\n|c| The power of ROCK|burn never comes when you need it\n|\n|t:|1700904882\n|detailschange|p1a: Medicham|Medicham-Mega, F\n|-mega|p1a: Medicham|Medicham|Medichamite\n|move|p1a: Medicham|Bullet Punch|p2a: Volcarona\n|-damage|p2a: Volcarona|0 fnt\n|faint|p2a: Volcarona\n|\n|upkeep\n|\n|t:|1700904887\n|switch|p2a: Kommo-o|Kommo-o, M|100\/100\n|turn|21\n|\n|t:|1700904890\n|move|p1a: Medicham|Psycho Cut|p2a: Kommo-o\n|-supereffective|p2a: Kommo-o\n|-damage|p2a: Kommo-o|0 fnt\n|faint|p2a: Kommo-o\n|\n|upkeep\n|\n|t:|1700904892\n|switch|p2a: Rillaboom|Rillaboom, M|100\/100\n|-fieldstart|move: Grassy Terrain|[from] ability: Grassy Surge|[of] p2a: Rillaboom\n|turn|22\n|\n|t:|1700904898\n|move|p2a: Rillaboom|Grassy Glide|p1a: Medicham\n|-damage|p1a: Medicham|6\/100\n|move|p1a: Medicham|Ice Punch|p2a: Rillaboom\n|-supereffective|p2a: Rillaboom\n|-crit|p2a: Rillaboom\n|-damage|p2a: Rillaboom|0 fnt\n|faint|p2a: Rillaboom\n|\n|-heal|p1a: Medicham|12\/100|[from] Grassy Terrain\n|upkeep\n|\n|t:|1700904901\n|switch|p2a: Sneasler|Sneasler, M|100\/100\n|-enditem|p2a: Sneasler|Grassy Seed\n|-boost|p2a: Sneasler|def|1|[from] item: Grassy Seed\n|turn|23\n|c|\u2606red fintans|OUCH\n|\n|t:|1700904905\n|move|p2a: Sneasler|Acrobatics|p1a: Medicham\n|-supereffective|p1a: Medicham\n|-damage|p1a: Medicham|0 fnt\n|faint|p1a: Medicham\n|\n|upkeep\n|\n|t:|1700904907\n|switch|p1a: Toxapex|Toxapex, M, tera:Dragon|54\/100\n|turn|24\n|c| Balazs1102|here comes medi being a menace\n|c|\u2606red fintans|gg\n|c| The power of ROCK|sneasler.......\n|\n|t:|1700904912\n|move|p2a: Sneasler|Close Combat|p1a: Toxapex\n|-damage|p1a: Toxapex|8\/100\n|-unboost|p2a: Sneasler|def|1\n|-unboost|p2a: Sneasler|spd|1\n|move|p1a: Toxapex|Scald|p2a: Sneasler\n|-damage|p2a: Sneasler|55\/100\n|-status|p2a: Sneasler|brn\n|\n|-heal|p2a: Sneasler|61\/100 brn|[from] Grassy Terrain\n|-heal|p1a: Toxapex|14\/100|[from] Grassy Terrain\n|-damage|p2a: Sneasler|55\/100 brn|[from] brn\n|upkeep\n|turn|25\n|c| The power of ROCK|xD\n|c| The power of ROCK|gg\n|\n|t:|1700904916\n|move|p2a: Sneasler|Close Combat|p1a: Toxapex\n|-damage|p1a: Toxapex|0 fnt\n|-unboost|p2a: Sneasler|def|1\n|-unboost|p2a: Sneasler|spd|1\n|faint|p1a: Toxapex\n|\n|win|Forever1507\n|n|\u2606red fintans|redfintans\n|n|\u2606Forever1507|forever1507\n|n| Balazs1102|balazs1102\n|n| The power of ROCK|thepowerofrock\n","uploadtime":1700904917,"views":3,"p1id":"redfintans","p2id":"forever1507","formatid":"gen9nationaldex","rating":0,"private":0,"password":""}