{"id":"gen9nationaldex-2000654759","p1":"TRIPLE RILABOOM","p2":"pablo ruiz pikachu","format":"[Gen 9] National Dex","log":"|html|<div class=\"broadcast-blue\"><strong>[Gen 9] National Dex is currently suspecting Sneasler! For information on how to participate check out the <a href=\"https:\/\/www.smogon.com\/forums\/threads\/sv-national-dex-suspect-8-just-dance.3731534\/\">suspect thread<\/a>.<\/strong><\/div>\n|j|\u2606TRIPLE RILABOOM\n|j|\u2606pablo ruiz pikachu\n|t:|1701215071\n|gametype|singles\n|player|p1|TRIPLE RILABOOM|265|1148\n|player|p2|pablo ruiz pikachu|artist|1254\n|teamsize|p1|6\n|teamsize|p2|6\n|gen|9\n|tier|[Gen 9] National Dex\n|rated|\n|rule|HP Percentage Mod: HP is shown in percentages\n|rule|Endless Battle Clause: Forcing endless battles is banned\n|rule|OHKO Clause: OHKO moves are banned\n|rule|Evasion Clause: Evasion abilities, items, and moves are banned\n|rule|Evasion Abilities Clause: Evasion abilities are banned\n|rule|Evasion Items Clause: Evasion items are banned\n|rule|Evasion Moves Clause: Evasion moves are banned\n|rule|Species Clause: Limit one of each Pok\u00e9mon\n|rule|Sleep Clause Mod: Limit one foe put to sleep\n|clearpoke\n|poke|p1|Charizard, M|\n|poke|p1|Victini|\n|poke|p1|Zeraora|\n|poke|p1|Klinklang|\n|poke|p1|Nihilego|\n|poke|p1|Zapdos|\n|poke|p2|Hatterene, F|\n|poke|p2|Garganacl, M|\n|poke|p2|Grimmsnarl, M|\n|poke|p2|Ting-Lu|\n|poke|p2|Serperior, F|\n|poke|p2|Sinistcha-Masterpiece|\n|teampreview\n|inactive|Battle timer is ON: inactive players will automatically lose when time's up. (requested by pablo ruiz pikachu)\n|\n|t:|1701215086\n|start\n|switch|p1a: Nihilego|Nihilego, shiny|100\/100\n|switch|p2a: molestio|Grimmsnarl, M, shiny|100\/100\n|turn|1\n|inactive|TRIPLE RILABOOM has 120 seconds left.\n|inactive|TRIPLE RILABOOM has 90 seconds left.\n|inactive|TRIPLE RILABOOM has 60 seconds left.\n|inactive|TRIPLE RILABOOM has 30 seconds left.\n|inactive|TRIPLE RILABOOM has 20 seconds left.\n|inactive|TRIPLE RILABOOM has 15 seconds left.\n|inactive|TRIPLE RILABOOM has 10 seconds left.\n|\n|t:|1701215231\n|move|p2a: molestio|Light Screen|p2a: molestio\n|-sidestart|p2: pablo ruiz pikachu|move: Light Screen\n|move|p1a: Nihilego|Stealth Rock|p2a: molestio\n|-sidestart|p2: pablo ruiz pikachu|move: Stealth Rock\n|\n|upkeep\n|turn|2\n|inactive|TRIPLE RILABOOM has 20 seconds left this turn.\n|inactive|TRIPLE RILABOOM has 15 seconds left.\n|\n|t:|1701215237\n|move|p2a: molestio|Taunt|p1a: Nihilego\n|-start|p1a: Nihilego|move: Taunt\n|cant|p1a: Nihilego|move: Taunt|Toxic Spikes\n|\n|upkeep\n|turn|3\n|inactive|TRIPLE RILABOOM has 25 seconds left this turn.\n|\n|t:|1701215246\n|switch|p1a: Klinklang|Klinklang, shiny|100\/100\n|move|p2a: molestio|Reflect|p2a: molestio\n|-sidestart|p2: pablo ruiz pikachu|Reflect\n|\n|upkeep\n|turn|4\n|inactive|TRIPLE RILABOOM has 30 seconds left.\n|\n|t:|1701215251\n|move|p2a: molestio|Taunt|p1a: Klinklang\n|-start|p1a: Klinklang|move: Taunt\n|cant|p1a: Klinklang|move: Taunt|Shift Gear\n|\n|upkeep\n|turn|5\n|inactive|TRIPLE RILABOOM has 30 seconds left.\n|\n|t:|1701215263\n|switch|p1a: Zeraora|Zeraora|100\/100\n|move|p2a: molestio|Parting Shot|p1a: Zeraora\n|-unboost|p1a: Zeraora|atk|1\n|-unboost|p1a: Zeraora|spa|1\n|\n|t:|1701215269\n|switch|p2a: hada de la sal|Garganacl, M|100\/100|[from] Parting Shot\n|-damage|p2a: hada de la sal|88\/100|[from] Stealth Rock\n|\n|-heal|p2a: hada de la sal|94\/100|[from] item: Leftovers\n|upkeep\n|turn|6\n|\n|t:|1701215279\n|switch|p1a: Klinklang|Klinklang, shiny|100\/100\n|move|p2a: hada de la sal|Curse|p2a: hada de la sal\n|-unboost|p2a: hada de la sal|spe|1\n|-boost|p2a: hada de la sal|atk|1\n|-boost|p2a: hada de la sal|def|1\n|\n|-heal|p2a: hada de la sal|100\/100|[from] item: Leftovers\n|upkeep\n|turn|7\n|\n|t:|1701215289\n|move|p1a: Klinklang|Shift Gear|p1a: Klinklang\n|-boost|p1a: Klinklang|spe|2\n|-boost|p1a: Klinklang|atk|1\n|move|p2a: hada de la sal|Salt Cure|p1a: Klinklang\n|-resisted|p1a: Klinklang\n|-damage|p1a: Klinklang|89\/100\n|-start|p1a: Klinklang|Salt Cure\n|\n|-damage|p1a: Klinklang|64\/100|[from] Salt Cure\n|upkeep\n|turn|8\n|\n|t:|1701215301\n|move|p1a: Klinklang|Gear Grind|p2a: hada de la sal\n|-supereffective|p2a: hada de la sal\n|-damage|p2a: hada de la sal|87\/100\n|-supereffective|p2a: hada de la sal\n|-damage|p2a: hada de la sal|74\/100\n|-hitcount|p2a: hada de la sal|2\n|move|p2a: hada de la sal|Curse|p2a: hada de la sal\n|-unboost|p2a: hada de la sal|spe|1\n|-boost|p2a: hada de la sal|atk|1\n|-boost|p2a: hada de la sal|def|1\n|\n|-heal|p2a: hada de la sal|80\/100|[from] item: Leftovers\n|-damage|p1a: Klinklang|40\/100|[from] Salt Cure\n|-sideend|p2: pablo ruiz pikachu|move: Light Screen\n|upkeep\n|turn|9\n|\n|t:|1701215314\n|switch|p1a: Zapdos|Zapdos, shiny|100\/100\n|move|p2a: hada de la sal|Recover|p2a: hada de la sal\n|-heal|p2a: hada de la sal|100\/100\n|\n|upkeep\n|turn|10\n|\n|t:|1701215322\n|move|p1a: Zapdos|Toxic|p2a: hada de la sal|[miss]\n|-miss|p1a: Zapdos|p2a: hada de la sal\n|move|p2a: hada de la sal|Salt Cure|p1a: Zapdos\n|-supereffective|p1a: Zapdos\n|-damage|p1a: Zapdos|41\/100\n|-start|p1a: Zapdos|Salt Cure\n|\n|-heal|p1a: Zapdos|47\/100|[from] item: Leftovers\n|-damage|p1a: Zapdos|35\/100|[from] Salt Cure\n|-sideend|p2: pablo ruiz pikachu|Reflect\n|upkeep\n|turn|11\n|\n|t:|1701215333\n|move|p1a: Zapdos|Toxic|p2a: hada de la sal\n|-immune|p2a: hada de la sal|[from] ability: Purifying Salt\n|move|p2a: hada de la sal|Salt Cure|p1a: Zapdos\n|-supereffective|p1a: Zapdos\n|-damage|p1a: Zapdos|0 fnt\n|faint|p1a: Zapdos\n|\n|upkeep\n|\n|t:|1701215354\n|switch|p1a: Charizard|Charizard, M|100\/100\n|turn|12\n|\n|t:|1701215358\n|detailschange|p1a: Charizard|Charizard-Mega-Y, M\n|-mega|p1a: Charizard|Charizard|Charizardite Y\n|-weather|SunnyDay|[from] ability: Drought|[of] p1a: Charizard\n|move|p1a: Charizard|Solar Beam||[still]\n|-prepare|p1a: Charizard|Solar Beam\n|-anim|p1a: Charizard|Solar Beam|p2a: hada de la sal\n|-supereffective|p2a: hada de la sal\n|-damage|p2a: hada de la sal|14\/100\n|move|p2a: hada de la sal|Salt Cure|p1a: Charizard\n|-supereffective|p1a: Charizard\n|-damage|p1a: Charizard|0 fnt\n|faint|p1a: Charizard\n|\n|-weather|SunnyDay|[upkeep]\n|-heal|p2a: hada de la sal|21\/100|[from] item: Leftovers\n|upkeep\n|\n|t:|1701215376\n|switch|p1a: Victini|Victini|100\/100\n|turn|13\n|\n|t:|1701215382\n|move|p1a: Victini|V-create|p2a: hada de la sal\n|-resisted|p2a: hada de la sal\n|-damage|p2a: hada de la sal|5\/100\n|-unboost|p1a: Victini|spe|1\n|-unboost|p1a: Victini|def|1\n|-unboost|p1a: Victini|spd|1\n|move|p2a: hada de la sal|Salt Cure|p1a: Victini\n|-supereffective|p1a: Victini\n|-damage|p1a: Victini|16\/100\n|-start|p1a: Victini|Salt Cure\n|\n|-weather|SunnyDay|[upkeep]\n|-heal|p2a: hada de la sal|11\/100|[from] item: Leftovers\n|-damage|p1a: Victini|4\/100|[from] Salt Cure\n|upkeep\n|turn|14\n|\n|t:|1701215395\n|move|p1a: Victini|V-create|p2a: hada de la sal\n|-resisted|p2a: hada de la sal\n|-damage|p2a: hada de la sal|0 fnt\n|-unboost|p1a: Victini|spe|1\n|-unboost|p1a: Victini|def|1\n|-unboost|p1a: Victini|spd|1\n|faint|p2a: hada de la sal\n|\n|-weather|SunnyDay|[upkeep]\n|-damage|p1a: Victini|0 fnt|[from] Salt Cure\n|faint|p1a: Victini\n|upkeep\n|\n|t:|1701215406\n|switch|p1a: Zeraora|Zeraora|100\/100\n|switch|p2a: la v\u00edbora de tu ex|Serperior, F|100\/100\n|-damage|p2a: la v\u00edbora de tu ex|88\/100|[from] Stealth Rock\n|turn|15\n|\n|t:|1701215416\n|move|p1a: Zeraora|Bulk Up|p1a: Zeraora\n|-boost|p1a: Zeraora|atk|1\n|-boost|p1a: Zeraora|def|1\n|move|p2a: la v\u00edbora de tu ex|Leaf Storm|p1a: Zeraora\n|-damage|p1a: Zeraora|45\/100\n|-boost|p2a: la v\u00edbora de tu ex|spa|2\n|\n|-weather|SunnyDay|[upkeep]\n|-heal|p2a: la v\u00edbora de tu ex|94\/100|[from] item: Leftovers\n|upkeep\n|turn|16\n|\n|t:|1701215430\n|-zpower|p1a: Zeraora\n|move|p1a: Zeraora|All-Out Pummeling|p2a: la v\u00edbora de tu ex|[zeffect]\n|-damage|p2a: la v\u00edbora de tu ex|0 fnt\n|faint|p2a: la v\u00edbora de tu ex\n|\n|-weather|none\n|upkeep\n|\n|t:|1701215441\n|switch|p2a: bicho de tierra|Ting-Lu|100\/100\n|-damage|p2a: bicho de tierra|94\/100|[from] Stealth Rock\n|-ability|p2a: bicho de tierra|Vessel of Ruin\n|turn|17\n|inactive|TRIPLE RILABOOM has 60 seconds left.\n|inactive|TRIPLE RILABOOM has 30 seconds left.\n|inactive|TRIPLE RILABOOM has 20 seconds left.\n|inactive|TRIPLE RILABOOM has 15 seconds left.\n|inactive|TRIPLE RILABOOM has 10 seconds left.\n|inactive|TRIPLE RILABOOM has 5 seconds left.\n|c|\u2606pablo ruiz pikachu|I'm definitely uploading this\n|-message|TRIPLE RILABOOM lost due to inactivity.\n|\n|win|pablo ruiz pikachu\n|raw|TRIPLE RILABOOM's rating: 1148 &rarr; <strong>1130<\/strong><br \/>(-18 for losing)\n|raw|pablo ruiz pikachu's rating: 1254 &rarr; <strong>1272<\/strong><br \/>(+18 for winning)\n","uploadtime":1701215515,"views":0,"p1id":"triplerilaboom","p2id":"pabloruizpikachu","formatid":"gen9nationaldex","rating":1130,"private":0,"password":""}