{"id":"gen9nationaldex-1994532999","p1":"Snakeman24","p2":"heitaok","format":"[Gen 9] National Dex","log":"|j|\u2606Snakeman24\n|j|\u2606heitaok\n|t:|1700455649\n|gametype|singles\n|player|p1|Snakeman24|steven|1500\n|player|p2|heitaok|gentleman|1587\n|teamsize|p1|6\n|teamsize|p2|6\n|gen|9\n|tier|[Gen 9] National Dex\n|rated|\n|rule|HP Percentage Mod: HP is shown in percentages\n|rule|Endless Battle Clause: Forcing endless battles is banned\n|rule|OHKO Clause: OHKO moves are banned\n|rule|Evasion Clause: Evasion abilities, items, and moves are banned\n|rule|Evasion Abilities Clause: Evasion abilities are banned\n|rule|Evasion Items Clause: Evasion items are banned\n|rule|Evasion Moves Clause: Evasion moves are banned\n|rule|Species Clause: Limit one of each Pok\u00e9mon\n|rule|Sleep Clause Mod: Limit one foe put to sleep\n|clearpoke\n|poke|p1|Pinsir, M|\n|poke|p1|Chansey, F|\n|poke|p1|Skarmory, F|\n|poke|p1|Hoopa-Unbound|\n|poke|p1|Greninja-*, M|\n|poke|p1|Dondozo, M|\n|poke|p2|Rotom-Wash|\n|poke|p2|Greninja-*, M|\n|poke|p2|Hoopa-Unbound|\n|poke|p2|Scizor, F|\n|poke|p2|Landorus-Therian, M|\n|poke|p2|Tapu Koko|\n|teampreview\n|inactive|Battle timer is ON: inactive players will automatically lose when time's up. (requested by heitaok)\n|\n|t:|1700455657\n|start\n|switch|p1a: Greninja|Greninja, M|100\/100\n|switch|p2a: Landorus|Landorus-Therian, M|100\/100\n|-ability|p2a: Landorus|Intimidate|boost\n|-unboost|p1a: Greninja|atk|1\n|turn|1\n|\n|t:|1700455670\n|switch|p2a: Rotom|Rotom-Wash|100\/100\n|move|p1a: Greninja|Ice Beam|p2a: Rotom\n|-start|p1a: Greninja|typechange|Ice|[from] ability: Protean\n|-resisted|p2a: Rotom\n|-damage|p2a: Rotom|78\/100\n|-status|p2a: Rotom|frz\n|\n|-heal|p2a: Rotom|84\/100 frz|[from] item: Leftovers\n|upkeep\n|turn|2\n|\n|t:|1700455687\n|move|p1a: Greninja|Ice Beam|p2a: Rotom\n|-resisted|p2a: Rotom\n|-damage|p2a: Rotom|62\/100 frz\n|cant|p2a: Rotom|frz\n|\n|-heal|p2a: Rotom|68\/100 frz|[from] item: Leftovers\n|upkeep\n|turn|3\n|\n|t:|1700455696\n|move|p1a: Greninja|Ice Beam|p2a: Rotom\n|-resisted|p2a: Rotom\n|-damage|p2a: Rotom|47\/100 frz\n|cant|p2a: Rotom|frz\n|\n|-heal|p2a: Rotom|53\/100 frz|[from] item: Leftovers\n|upkeep\n|turn|4\n|\n|t:|1700455704\n|move|p1a: Greninja|Ice Beam|p2a: Rotom\n|-resisted|p2a: Rotom\n|-crit|p2a: Rotom\n|-damage|p2a: Rotom|22\/100 frz\n|cant|p2a: Rotom|frz\n|\n|-heal|p2a: Rotom|28\/100 frz|[from] item: Leftovers\n|upkeep\n|turn|5\n|\n|t:|1700455713\n|switch|p2a: Scizor|Scizor, F|100\/100\n|move|p1a: Greninja|Ice Beam|p2a: Scizor\n|-resisted|p2a: Scizor\n|-damage|p2a: Scizor|84\/100\n|\n|upkeep\n|turn|6\n|\n|t:|1700455725\n|switch|p1a: Skarmory|Skarmory, F|100\/100\n|detailschange|p2a: Scizor|Scizor-Mega, F\n|-mega|p2a: Scizor|Scizor|Scizorite\n|move|p2a: Scizor|U-turn|p1a: Skarmory\n|-resisted|p1a: Skarmory\n|-damage|p1a: Skarmory|95\/100\n|-damage|p2a: Scizor|67\/100|[from] item: Rocky Helmet|[of] p1a: Skarmory\n|\n|t:|1700455731\n|switch|p2a: Hoopa|Hoopa-Unbound|100\/100|[from] U-turn\n|\n|upkeep\n|turn|7\n|\n|t:|1700455741\n|-terastallize|p2a: Hoopa|Dark\n|move|p2a: Hoopa|Hyperspace Fury|p1a: Skarmory\n|-damage|p1a: Skarmory|15\/100\n|-unboost|p2a: Hoopa|def|1\n|move|p1a: Skarmory|Stealth Rock|p2a: Hoopa\n|-sidestart|p2: heitaok|move: Stealth Rock\n|\n|upkeep\n|turn|8\n|\n|t:|1700455753\n|move|p2a: Hoopa|Hyperspace Fury|p1a: Skarmory\n|-damage|p1a: Skarmory|0 fnt\n|-unboost|p2a: Hoopa|def|1\n|faint|p1a: Skarmory\n|\n|upkeep\n|\n|t:|1700455764\n|switch|p1a: Greninja|Greninja, M|100\/100\n|turn|9\n|\n|t:|1700455771\n|switch|p2a: Rotom|Rotom-Wash|28\/100 frz\n|-damage|p2a: Rotom|16\/100 frz|[from] Stealth Rock\n|move|p1a: Greninja|U-turn|p2a: Rotom\n|-start|p1a: Greninja|typechange|Bug|[from] ability: Protean\n|-damage|p2a: Rotom|0 fnt\n|faint|p2a: Rotom\n|\n|t:|1700455785\n|switch|p1a: Chansey|Chansey, F|100\/100|[from] U-turn\n|\n|upkeep\n|\n|t:|1700455790\n|switch|p2a: Hoopa|Hoopa-Unbound, tera:Dark|100\/100\n|-damage|p2a: Hoopa|88\/100|[from] Stealth Rock\n|turn|10\n|\n|t:|1700455797\n|move|p2a: Hoopa|Hyperspace Fury|p1a: Chansey\n|-damage|p1a: Chansey|18\/100\n|-unboost|p2a: Hoopa|def|1\n|move|p1a: Chansey|Teleport|p1a: Chansey\n|\n|t:|1700455808\n|switch|p1a: Greninja|Greninja, M|100\/100|[from] Teleport\n|\n|upkeep\n|turn|11\n|\n|t:|1700455815\n|switch|p2a: Scizor|Scizor-Mega, F|67\/100\n|-damage|p2a: Scizor|55\/100|[from] Stealth Rock\n|move|p1a: Greninja|U-turn|p2a: Scizor\n|-start|p1a: Greninja|typechange|Bug|[from] ability: Protean\n|-resisted|p2a: Scizor\n|-damage|p2a: Scizor|45\/100\n|\n|t:|1700455827\n|switch|p1a: Dondozo|Dondozo, M|100\/100|[from] U-turn\n|\n|upkeep\n|turn|12\n|\n|t:|1700455836\n|move|p2a: Scizor|U-turn|p1a: Dondozo\n|-damage|p1a: Dondozo|85\/100\n|\n|t:|1700455839\n|switch|p2a: Tapu Koko|Tapu Koko|100\/100|[from] U-turn\n|-damage|p2a: Tapu Koko|88\/100|[from] Stealth Rock\n|-fieldstart|move: Electric Terrain|[from] ability: Electric Surge|[of] p2a: Tapu Koko\n|move|p1a: Dondozo|Curse|p1a: Dondozo\n|-unboost|p1a: Dondozo|spe|1\n|-boost|p1a: Dondozo|atk|1\n|-boost|p1a: Dondozo|def|1\n|\n|-heal|p1a: Dondozo|91\/100|[from] item: Leftovers\n|upkeep\n|turn|13\n|\n|t:|1700455855\n|move|p2a: Tapu Koko|Thunderbolt|p1a: Dondozo\n|-supereffective|p1a: Dondozo\n|-damage|p1a: Dondozo|0 fnt\n|faint|p1a: Dondozo\n|\n|upkeep\n|\n|t:|1700455866\n|switch|p1a: Greninja|Greninja, M|100\/100\n|turn|14\n|\n|t:|1700455873\n|move|p1a: Greninja|Gunk Shot|p2a: Tapu Koko\n|-start|p1a: Greninja|typechange|Poison|[from] ability: Protean\n|-supereffective|p2a: Tapu Koko\n|-damage|p2a: Tapu Koko|0 fnt\n|faint|p2a: Tapu Koko\n|\n|upkeep\n|\n|t:|1700455878\n|switch|p2a: Hoopa|Hoopa-Unbound, tera:Dark|88\/100\n|-damage|p2a: Hoopa|76\/100|[from] Stealth Rock\n|turn|15\n|\n|t:|1700455885\n|switch|p1a: Chansey|Chansey, F|18\/100\n|move|p2a: Hoopa|Hyperspace Fury|p1a: Chansey\n|-damage|p1a: Chansey|0 fnt\n|-unboost|p2a: Hoopa|def|1\n|faint|p1a: Chansey\n|\n|upkeep\n|\n|t:|1700455899\n|switch|p1a: Greninja|Greninja, M|100\/100\n|turn|16\n|\n|t:|1700455908\n|switch|p2a: Scizor|Scizor-Mega, F|45\/100\n|-damage|p2a: Scizor|33\/100|[from] Stealth Rock\n|move|p1a: Greninja|U-turn|p2a: Scizor\n|-start|p1a: Greninja|typechange|Bug|[from] ability: Protean\n|-resisted|p2a: Scizor\n|-damage|p2a: Scizor|24\/100\n|\n|t:|1700455918\n|switch|p1a: Pinsir|Pinsir, M|100\/100|[from] U-turn\n|\n|-fieldend|move: Electric Terrain\n|upkeep\n|turn|17\n|\n|t:|1700455933\n|detailschange|p1a: Pinsir|Pinsir-Mega, M\n|-mega|p1a: Pinsir|Pinsir|Pinsirite\n|move|p2a: Scizor|Bullet Punch|p1a: Pinsir\n|-damage|p1a: Pinsir|71\/100\n|move|p1a: Pinsir|Swords Dance|p1a: Pinsir\n|-boost|p1a: Pinsir|atk|2\n|\n|upkeep\n|turn|18\n|\n|t:|1700455942\n|switch|p2a: Landorus|Landorus-Therian, M|100\/100\n|-damage|p2a: Landorus|88\/100|[from] Stealth Rock\n|-ability|p2a: Landorus|Intimidate|boost\n|-unboost|p1a: Pinsir|atk|1\n|move|p1a: Pinsir|Quick Attack|p2a: Landorus\n|-damage|p2a: Landorus|59\/100\n|-damage|p1a: Pinsir|54\/100|[from] item: Rocky Helmet|[of] p2a: Landorus\n|\n|upkeep\n|turn|19\n|\n|t:|1700455954\n|move|p1a: Pinsir|Frustration|p2a: Landorus\n|-damage|p2a: Landorus|0 fnt\n|-damage|p1a: Pinsir|37\/100|[from] item: Rocky Helmet|[of] p2a: Landorus\n|faint|p2a: Landorus\n|\n|upkeep\n|\n|t:|1700455960\n|switch|p2a: Hoopa|Hoopa-Unbound, tera:Dark|76\/100\n|-damage|p2a: Hoopa|64\/100|[from] Stealth Rock\n|turn|20\n|-message|heitaok forfeited.\n|\n|win|Snakeman24\n|raw|Snakeman24's rating: 1500 &rarr; <strong>1525<\/strong><br \/>(+25 for winning)\n|raw|heitaok's rating: 1587 &rarr; <strong>1562<\/strong><br \/>(-25 for losing)\n|l|\u2606heitaok\n","uploadtime":1700455984,"views":15,"p1id":"snakeman24","p2id":"heitaok","formatid":"gen9nationaldex","rating":1525,"private":0,"password":""}