{"id":"gen9nationaldex-1994045983","p1":"red de pokemon oro","p2":"Dove6","format":"[Gen 9] National Dex","log":"|j|\u2606red de pokemon oro\n|j|\u2606Dove6\n|t:|1700399263\n|gametype|singles\n|player|p1|red de pokemon oro|red|1558\n|player|p2|Dove6|hero2-conquest|1618\n|teamsize|p1|6\n|teamsize|p2|6\n|gen|9\n|tier|[Gen 9] National Dex\n|rated|\n|rule|HP Percentage Mod: HP is shown in percentages\n|rule|Endless Battle Clause: Forcing endless battles is banned\n|rule|OHKO Clause: OHKO moves are banned\n|rule|Evasion Clause: Evasion abilities, items, and moves are banned\n|rule|Evasion Abilities Clause: Evasion abilities are banned\n|rule|Evasion Items Clause: Evasion items are banned\n|rule|Evasion Moves Clause: Evasion moves are banned\n|rule|Species Clause: Limit one of each Pok\u00e9mon\n|rule|Sleep Clause Mod: Limit one foe put to sleep\n|clearpoke\n|poke|p1|Garchomp, M|\n|poke|p1|Hatterene, F|\n|poke|p1|Heatran, M|\n|poke|p1|Zapdos|\n|poke|p1|Rotom-Wash|\n|poke|p1|Ferrothorn, F|\n|poke|p2|Weavile, M|\n|poke|p2|Landorus-Therian, M|\n|poke|p2|Zapdos|\n|poke|p2|Volcanion|\n|poke|p2|Ursaluna, M|\n|poke|p2|Kartana|\n|teampreview\n|\n|t:|1700399277\n|start\n|switch|p1a: Rotom|Rotom-Wash|100\/100\n|switch|p2a: Weavile|Weavile, M, shiny|100\/100\n|-ability|p2a: Weavile|Pressure\n|turn|1\n|inactive|Battle timer is ON: inactive players will automatically lose when time's up. (requested by Dove6)\n|\n|t:|1700399290\n|-terastallize|p2a: Weavile|Dark\n|move|p2a: Weavile|Knock Off|p1a: Rotom\n|-crit|p1a: Rotom\n|-damage|p1a: Rotom|0 fnt\n|faint|p1a: Rotom\n|\n|upkeep\n|\n|t:|1700399294\n|switch|p1a: Ferrothorn|Ferrothorn, F|100\/100\n|turn|2\n|\n|t:|1700399300\n|switch|p2a: Ursaluna|Ursaluna, M, shiny|100\/100\n|move|p1a: Ferrothorn|Leech Seed|p2a: Ursaluna\n|-start|p2a: Ursaluna|move: Leech Seed\n|\n|-damage|p2a: Ursaluna|88\/100|[from] Leech Seed|[of] p1a: Ferrothorn\n|-status|p2a: Ursaluna|brn|[from] item: Flame Orb\n|upkeep\n|turn|3\n|\n|t:|1700399309\n|move|p2a: Ursaluna|Fire Punch|p1a: Ferrothorn\n|-supereffective|p1a: Ferrothorn\n|-damage|p1a: Ferrothorn|0 fnt\n|-damage|p2a: Ursaluna|76\/100 brn|[from] ability: Iron Barbs|[of] p1a: Ferrothorn\n|faint|p1a: Ferrothorn\n|\n|-damage|p2a: Ursaluna|69\/100 brn|[from] brn\n|upkeep\n|\n|t:|1700399315\n|switch|p1a: Heatran|Heatran, M|100\/100\n|turn|4\n|\n|t:|1700399318\n|switch|p2a: Volcanion|Volcanion|100\/100\n|move|p1a: Heatran|Eruption|p2a: Volcanion\n|-resisted|p2a: Volcanion\n|-damage|p2a: Volcanion|80\/100\n|\n|upkeep\n|turn|5\n|\n|t:|1700399324\n|switch|p1a: Hatterene|Hatterene, F|100\/100\n|move|p2a: Volcanion|Steam Eruption|p1a: Hatterene\n|-damage|p1a: Hatterene|52\/100\n|\n|upkeep\n|turn|6\n|\n|t:|1700399332\n|move|p2a: Volcanion|Steam Eruption|p1a: Hatterene\n|-damage|p1a: Hatterene|5\/100\n|move|p1a: Hatterene|Mystical Fire|p2a: Volcanion\n|-resisted|p2a: Volcanion\n|-damage|p2a: Volcanion|75\/100\n|-unboost|p2a: Volcanion|spa|1\n|\n|upkeep\n|turn|7\n|\n|t:|1700399339\n|move|p2a: Volcanion|Steam Eruption|p1a: Hatterene\n|-damage|p1a: Hatterene|0 fnt\n|faint|p1a: Hatterene\n|\n|upkeep\n|\n|t:|1700399342\n|switch|p1a: Garchomp|Garchomp, M|100\/100\n|turn|8\n|\n|t:|1700399346\n|move|p1a: Garchomp|Substitute|p1a: Garchomp\n|-start|p1a: Garchomp|Substitute\n|-damage|p1a: Garchomp|75\/100\n|move|p2a: Volcanion|Toxic||[still]\n|-fail|p2a: Volcanion\n|\n|upkeep\n|turn|9\n|\n|t:|1700399354\n|move|p1a: Garchomp|Swords Dance|p1a: Garchomp\n|-boost|p1a: Garchomp|atk|2\n|move|p2a: Volcanion|Steam Eruption|p1a: Garchomp\n|-end|p1a: Garchomp|Substitute\n|\n|upkeep\n|turn|10\n|\n|t:|1700399361\n|detailschange|p1a: Garchomp|Garchomp-Mega, M\n|-mega|p1a: Garchomp|Garchomp|Garchompite\n|move|p1a: Garchomp|Substitute|p1a: Garchomp\n|-start|p1a: Garchomp|Substitute\n|-damage|p1a: Garchomp|50\/100\n|move|p2a: Volcanion|Steam Eruption|p1a: Garchomp\n|-end|p1a: Garchomp|Substitute\n|\n|upkeep\n|turn|11\n|\n|t:|1700399367\n|move|p1a: Garchomp|Earthquake|p2a: Volcanion\n|-supereffective|p2a: Volcanion\n|-damage|p2a: Volcanion|0 fnt\n|faint|p2a: Volcanion\n|\n|upkeep\n|-message|red de pokemon oro forfeited.\n|\n|win|Dove6\n|raw|red de pokemon oro's rating: 1558 &rarr; <strong>1541<\/strong><br \/>(-17 for losing)\n|raw|Dove6's rating: 1618 &rarr; <strong>1635<\/strong><br \/>(+17 for winning)\n|l|\u2606red de pokemon oro\n","uploadtime":1700399378,"views":5,"p1id":"reddepokemonoro","p2id":"dove6","formatid":"gen9nationaldex","rating":1541,"private":0,"password":""}