{"id":"gen9nationaldex-1993535487","p1":"a certain fool","p2":"mastro uccello","format":"[Gen 9] National Dex","log":"|j|\u2606a certain fool\n|j|\u2606mastro uccello\n|t:|1700329115\n|gametype|singles\n|player|p1|a certain fool|schoolkid|1492\n|player|p2|mastro uccello|guitarist-gen4|1444\n|teamsize|p1|6\n|teamsize|p2|6\n|gen|9\n|tier|[Gen 9] National Dex\n|rated|\n|rule|HP Percentage Mod: HP is shown in percentages\n|rule|Endless Battle Clause: Forcing endless battles is banned\n|rule|OHKO Clause: OHKO moves are banned\n|rule|Evasion Clause: Evasion abilities, items, and moves are banned\n|rule|Evasion Abilities Clause: Evasion abilities are banned\n|rule|Evasion Items Clause: Evasion items are banned\n|rule|Evasion Moves Clause: Evasion moves are banned\n|rule|Species Clause: Limit one of each Pok\u00e9mon\n|rule|Sleep Clause Mod: Limit one foe put to sleep\n|clearpoke\n|poke|p1|Manectric, M|\n|poke|p1|Excadrill, F|\n|poke|p1|Iron Valiant|\n|poke|p1|Moltres|\n|poke|p1|Samurott-Hisui, M|\n|poke|p1|Sinistcha-Masterpiece|\n|poke|p2|Medicham, F|\n|poke|p2|Slowking, M|\n|poke|p2|Dubwool, F|\n|poke|p2|Vivillon-Marine, F|\n|poke|p2|Grimmsnarl, M|\n|poke|p2|Regice|\n|teampreview\n|j| cersar\n|inactive|Battle timer is ON: inactive players will automatically lose when time's up. (requested by mastro uccello)\n|l| cersar\n|\n|t:|1700329144\n|start\n|switch|p1a: Wunder|Moltres, shiny|100\/100\n|switch|p2a: Muscle Man|Grimmsnarl, M|100\/100\n|turn|1\n|\n|t:|1700329156\n|switch|p2a: Happy Hippo|Slowking, M|100\/100\n|move|p1a: Wunder|Hurricane|p2a: Happy Hippo\n|-damage|p2a: Happy Hippo|77\/100\n|-start|p2a: Happy Hippo|confusion\n|\n|-heal|p2a: Happy Hippo|83\/100|[from] item: Leftovers\n|upkeep\n|turn|2\n|\n|t:|1700329178\n|move|p1a: Wunder|U-turn|p2a: Happy Hippo\n|-supereffective|p2a: Happy Hippo\n|-damage|p2a: Happy Hippo|47\/100\n|\n|t:|1700329187\n|switch|p1a: Bolt|Manectric, M|100\/100|[from] U-turn\n|-activate|p2a: Happy Hippo|confusion\n|move|p2a: Happy Hippo|Toxic|p1a: Bolt|[miss]\n|-miss|p2a: Happy Hippo|p1a: Bolt\n|\n|-heal|p2a: Happy Hippo|54\/100|[from] item: Leftovers\n|upkeep\n|turn|3\n|\n|t:|1700329195\n|switch|p2a: Re Ghiaccio|Regice|100\/100\n|detailschange|p1a: Bolt|Manectric-Mega, M\n|-mega|p1a: Bolt|Manectric|Manectite\n|-ability|p1a: Bolt|Intimidate|boost\n|-fail|p2a: Re Ghiaccio|unboost|[from] ability: Clear Body|[of] p2a: Re Ghiaccio\n|move|p1a: Bolt|Thunderbolt|p2a: Re Ghiaccio\n|-damage|p2a: Re Ghiaccio|80\/100\n|\n|upkeep\n|turn|4\n|\n|t:|1700329206\n|move|p1a: Bolt|Overheat|p2a: Re Ghiaccio\n|-supereffective|p2a: Re Ghiaccio\n|-damage|p2a: Re Ghiaccio|40\/100\n|-unboost|p1a: Bolt|spa|2\n|move|p2a: Re Ghiaccio|Toxic|p1a: Bolt\n|-status|p1a: Bolt|tox\n|\n|-damage|p1a: Bolt|94\/100 tox|[from] psn\n|upkeep\n|turn|5\n|\n|t:|1700329214\n|move|p1a: Bolt|Volt Switch|p2a: Re Ghiaccio\n|-damage|p2a: Re Ghiaccio|33\/100\n|\n|t:|1700329226\n|switch|p1a: Koga|Samurott-Hisui, M|100\/100|[from] Volt Switch\n|move|p2a: Re Ghiaccio|Icy Wind|p1a: Koga\n|-resisted|p1a: Koga\n|-damage|p1a: Koga|86\/100\n|-unboost|p1a: Koga|spe|1\n|\n|upkeep\n|turn|6\n|\n|t:|1700329232\n|move|p1a: Koga|Sacred Sword|p2a: Re Ghiaccio\n|-supereffective|p2a: Re Ghiaccio\n|-damage|p2a: Re Ghiaccio|0 fnt\n|faint|p2a: Re Ghiaccio\n|\n|upkeep\n|\n|t:|1700329239\n|switch|p2a: Muscle Man|Grimmsnarl, M|100\/100\n|turn|7\n|\n|t:|1700329245\n|switch|p1a: Wunder|Moltres, shiny|100\/100\n|move|p2a: Muscle Man|Bulk Up|p2a: Muscle Man\n|-boost|p2a: Muscle Man|atk|1\n|-boost|p2a: Muscle Man|def|1\n|\n|upkeep\n|turn|8\n|\n|t:|1700329250\n|move|p1a: Wunder|Hurricane|p2a: Muscle Man|[miss]\n|-miss|p1a: Wunder|p2a: Muscle Man\n|move|p2a: Muscle Man|Darkest Lariat|p1a: Wunder\n|-damage|p1a: Wunder|46\/100\n|\n|upkeep\n|turn|9\n|\n|t:|1700329256\n|move|p1a: Wunder|Roost|p1a: Wunder\n|-heal|p1a: Wunder|97\/100\n|-singleturn|p1a: Wunder|move: Roost\n|move|p2a: Muscle Man|Darkest Lariat|p1a: Wunder\n|-damage|p1a: Wunder|41\/100\n|-status|p2a: Muscle Man|brn|[from] ability: Flame Body|[of] p1a: Wunder\n|\n|-damage|p2a: Muscle Man|94\/100 brn|[from] brn\n|upkeep\n|turn|10\n|\n|t:|1700329266\n|switch|p2a: Happy Hippo|Slowking, M|87\/100\n|move|p1a: Wunder|Roost|p1a: Wunder\n|-heal|p1a: Wunder|92\/100\n|-singleturn|p1a: Wunder|move: Roost\n|\n|-heal|p2a: Happy Hippo|93\/100|[from] item: Leftovers\n|upkeep\n|turn|11\n|\n|t:|1700329279\n|move|p1a: Wunder|U-turn|p2a: Happy Hippo\n|-supereffective|p2a: Happy Hippo\n|-damage|p2a: Happy Hippo|60\/100\n|\n|t:|1700329285\n|switch|p1a: Bolt|Manectric-Mega, M|94\/100 tox|[from] U-turn\n|-ability|p1a: Bolt|Intimidate|boost\n|-unboost|p2a: Happy Hippo|atk|1\n|move|p2a: Happy Hippo|Scald|p1a: Bolt\n|-damage|p1a: Bolt|58\/100 tox\n|\n|-heal|p2a: Happy Hippo|66\/100|[from] item: Leftovers\n|-damage|p1a: Bolt|52\/100 tox|[from] psn\n|upkeep\n|turn|12\n|\n|t:|1700329293\n|switch|p2a: Muscle Man|Grimmsnarl, M|94\/100 brn\n|move|p1a: Bolt|Thunderbolt|p2a: Muscle Man\n|-damage|p2a: Muscle Man|34\/100 brn\n|\n|-heal|p2a: Muscle Man|40\/100 brn|[from] item: Leftovers\n|-damage|p1a: Bolt|40\/100 tox|[from] psn\n|-damage|p2a: Muscle Man|34\/100 brn|[from] brn\n|upkeep\n|turn|13\n|\n|t:|1700329299\n|move|p1a: Bolt|Thunderbolt|p2a: Muscle Man\n|-damage|p2a: Muscle Man|0 fnt\n|faint|p2a: Muscle Man\n|\n|-damage|p1a: Bolt|21\/100 tox|[from] psn\n|upkeep\n|\n|t:|1700329303\n|switch|p2a: Chun-Li|Medicham, F|100\/100\n|turn|14\n|\n|t:|1700329320\n|move|p2a: Chun-Li|Ice Punch|p1a: Bolt\n|-damage|p1a: Bolt|0 fnt\n|faint|p1a: Bolt\n|\n|upkeep\n|\n|t:|1700329336\n|switch|p1a: Kay|Iron Valiant|100\/100\n|-enditem|p1a: Kay|Booster Energy\n|-activate|p1a: Kay|ability: Quark Drive|[fromitem]\n|-start|p1a: Kay|quarkdrivespe\n|turn|15\n|\n|t:|1700329346\n|switch|p2a: Happy Hippo|Slowking, M|99\/100\n|move|p1a: Kay|Moonblast|p2a: Happy Hippo\n|-damage|p2a: Happy Hippo|74\/100\n|\n|-heal|p2a: Happy Hippo|80\/100|[from] item: Leftovers\n|upkeep\n|turn|16\n|\n|t:|1700329359\n|move|p1a: Kay|Knock Off|p2a: Happy Hippo\n|-supereffective|p2a: Happy Hippo\n|-crit|p2a: Happy Hippo\n|-damage|p2a: Happy Hippo|0 fnt\n|-enditem|p2a: Happy Hippo|Leftovers|[from] move: Knock Off|[of] p1a: Kay\n|faint|p2a: Happy Hippo\n|\n|upkeep\n|\n|t:|1700329369\n|switch|p2a: Number 666|Vivillon-Marine, F|100\/100\n|turn|17\n|\n|t:|1700329381\n|-terastallize|p1a: Kay|Fairy\n|move|p1a: Kay|Moonblast|p2a: Number 666\n|-crit|p2a: Number 666\n|-enditem|p2a: Number 666|Focus Sash\n|-damage|p2a: Number 666|1\/100\n|move|p2a: Number 666|Hurricane|p1a: Kay\n|-damage|p1a: Kay|11\/100\n|-start|p1a: Kay|confusion\n|\n|upkeep\n|turn|18\n|\n|t:|1700329391\n|-activate|p1a: Kay|confusion\n|-damage|p1a: Kay|0 fnt|[from] confusion\n|faint|p1a: Kay\n|-end|p1a: Kay|Quark Drive|[silent]\n|move|p2a: Number 666|Hurricane|p1: Kay|[notarget]\n|-fail|p2a: Number 666\n|\n|upkeep\n|\n|t:|1700329402\n|switch|p1a: Koga|Samurott-Hisui, M|86\/100\n|turn|19\n|\n|t:|1700329410\n|switch|p2a: Super Mucca|Dubwool, F|100\/100\n|move|p1a: Koga|Ceaseless Edge|p2a: Super Mucca|[miss]\n|-miss|p1a: Koga|p2a: Super Mucca\n|\n|upkeep\n|turn|20\n|\n|t:|1700329422\n|switch|p1a: Chugulis|Sinistcha-Masterpiece|100\/100\n|move|p2a: Super Mucca|Thunder Wave|p1a: Chugulis\n|-status|p1a: Chugulis|par\n|\n|upkeep\n|turn|21\n|\n|t:|1700329440\n|switch|p2a: Number 666|Vivillon-Marine, F|1\/100\n|move|p1a: Chugulis|Calm Mind|p1a: Chugulis\n|-boost|p1a: Chugulis|spa|1\n|-boost|p1a: Chugulis|spd|1\n|\n|upkeep\n|turn|22\n|\n|t:|1700329449\n|move|p2a: Number 666|Hurricane|p1a: Chugulis\n|-supereffective|p1a: Chugulis\n|-damage|p1a: Chugulis|29\/100 par\n|move|p1a: Chugulis|Shadow Ball|p2a: Number 666\n|-damage|p2a: Number 666|0 fnt\n|faint|p2a: Number 666\n|\n|-heal|p1a: Chugulis|35\/100 par|[from] item: Leftovers\n|upkeep\n|\n|t:|1700329454\n|switch|p2a: Chun-Li|Medicham, F|100\/100\n|turn|23\n|\n|t:|1700329461\n|move|p2a: Chun-Li|Ice Punch|p1a: Chugulis\n|-supereffective|p1a: Chugulis\n|-damage|p1a: Chugulis|0 fnt\n|faint|p1a: Chugulis\n|\n|upkeep\n|\n|t:|1700329465\n|switch|p1a: Wunder|Moltres, shiny|92\/100\n|turn|24\n|\n|t:|1700329472\n|move|p2a: Chun-Li|Ice Punch|p1a: Wunder\n|-damage|p1a: Wunder|67\/100\n|move|p1a: Wunder|Hurricane|p2a: Chun-Li\n|-supereffective|p2a: Chun-Li\n|-damage|p2a: Chun-Li|0 fnt\n|faint|p2a: Chun-Li\n|\n|upkeep\n|\n|t:|1700329476\n|switch|p2a: Super Mucca|Dubwool, F|100\/100\n|turn|25\n|\n|t:|1700329482\n|-terastallize|p2a: Super Mucca|Water\n|move|p1a: Wunder|Hurricane|p2a: Super Mucca|[miss]\n|-miss|p1a: Wunder|p2a: Super Mucca\n|move|p2a: Super Mucca|Thunder Wave|p1a: Wunder\n|-status|p1a: Wunder|par\n|\n|upkeep\n|turn|26\n|\n|t:|1700329488\n|move|p2a: Super Mucca|Cotton Guard|p2a: Super Mucca\n|-boost|p2a: Super Mucca|def|3\n|move|p1a: Wunder|Hurricane|p2a: Super Mucca\n|-damage|p2a: Super Mucca|53\/100\n|\n|-heal|p2a: Super Mucca|59\/100|[from] item: Leftovers\n|upkeep\n|turn|27\n|\n|t:|1700329495\n|move|p2a: Super Mucca|Body Press|p1a: Wunder\n|-resisted|p1a: Wunder\n|-damage|p1a: Wunder|42\/100 par\n|move|p1a: Wunder|Hurricane|p2a: Super Mucca|[miss]\n|-miss|p1a: Wunder|p2a: Super Mucca\n|\n|-heal|p2a: Super Mucca|65\/100|[from] item: Leftovers\n|upkeep\n|turn|28\n|\n|t:|1700329502\n|move|p2a: Super Mucca|Body Press|p1a: Wunder\n|-resisted|p1a: Wunder\n|-crit|p1a: Wunder\n|-damage|p1a: Wunder|4\/100 par\n|move|p1a: Wunder|Roost|p1a: Wunder\n|-heal|p1a: Wunder|54\/100 par\n|-singleturn|p1a: Wunder|move: Roost\n|\n|-heal|p2a: Super Mucca|71\/100|[from] item: Leftovers\n|upkeep\n|turn|29\n|\n|t:|1700329508\n|move|p2a: Super Mucca|Cotton Guard|p2a: Super Mucca\n|-boost|p2a: Super Mucca|def|3\n|move|p1a: Wunder|Roost|p1a: Wunder\n|-heal|p1a: Wunder|100\/100 par\n|-singleturn|p1a: Wunder|move: Roost\n|\n|-heal|p2a: Super Mucca|77\/100|[from] item: Leftovers\n|upkeep\n|turn|30\n|\n|t:|1700329513\n|move|p2a: Super Mucca|Body Press|p1a: Wunder\n|-resisted|p1a: Wunder\n|-damage|p1a: Wunder|55\/100 par\n|-status|p2a: Super Mucca|brn|[from] ability: Flame Body|[of] p1a: Wunder\n|move|p1a: Wunder|Hurricane|p2a: Super Mucca|[miss]\n|-miss|p1a: Wunder|p2a: Super Mucca\n|\n|-heal|p2a: Super Mucca|83\/100 brn|[from] item: Leftovers\n|-damage|p2a: Super Mucca|77\/100 brn|[from] brn\n|upkeep\n|turn|31\n|\n|t:|1700329518\n|move|p2a: Super Mucca|Body Press|p1a: Wunder\n|-resisted|p1a: Wunder\n|-damage|p1a: Wunder|34\/100 par\n|move|p1a: Wunder|Roost|p1a: Wunder\n|-heal|p1a: Wunder|84\/100 par\n|-singleturn|p1a: Wunder|move: Roost\n|\n|-heal|p2a: Super Mucca|83\/100 brn|[from] item: Leftovers\n|-damage|p2a: Super Mucca|77\/100 brn|[from] brn\n|upkeep\n|turn|32\n|\n|t:|1700329523\n|move|p2a: Super Mucca|Body Press|p1a: Wunder\n|-resisted|p1a: Wunder\n|-damage|p1a: Wunder|63\/100 par\n|move|p1a: Wunder|Hurricane|p2a: Super Mucca|[miss]\n|-miss|p1a: Wunder|p2a: Super Mucca\n|\n|-heal|p2a: Super Mucca|83\/100 brn|[from] item: Leftovers\n|-damage|p2a: Super Mucca|77\/100 brn|[from] brn\n|upkeep\n|turn|33\n|\n|t:|1700329531\n|move|p2a: Super Mucca|Body Press|p1a: Wunder\n|-resisted|p1a: Wunder\n|-damage|p1a: Wunder|41\/100 par\n|cant|p1a: Wunder|par\n|\n|-heal|p2a: Super Mucca|83\/100 brn|[from] item: Leftovers\n|-damage|p2a: Super Mucca|77\/100 brn|[from] brn\n|upkeep\n|turn|34\n|\n|t:|1700329536\n|move|p2a: Super Mucca|Body Press|p1a: Wunder\n|-resisted|p1a: Wunder\n|-damage|p1a: Wunder|20\/100 par\n|move|p1a: Wunder|Roost|p1a: Wunder\n|-heal|p1a: Wunder|70\/100 par\n|-singleturn|p1a: Wunder|move: Roost\n|\n|-heal|p2a: Super Mucca|83\/100 brn|[from] item: Leftovers\n|-damage|p2a: Super Mucca|77\/100 brn|[from] brn\n|upkeep\n|turn|35\n|\n|t:|1700329540\n|move|p2a: Super Mucca|Body Press|p1a: Wunder\n|-resisted|p1a: Wunder\n|-damage|p1a: Wunder|48\/100 par\n|move|p1a: Wunder|Hurricane|p2a: Super Mucca|[miss]\n|-miss|p1a: Wunder|p2a: Super Mucca\n|\n|-heal|p2a: Super Mucca|83\/100 brn|[from] item: Leftovers\n|-damage|p2a: Super Mucca|77\/100 brn|[from] brn\n|upkeep\n|turn|36\n|\n|t:|1700329547\n|move|p2a: Super Mucca|Body Press|p1a: Wunder\n|-resisted|p1a: Wunder\n|-damage|p1a: Wunder|27\/100 par\n|move|p1a: Wunder|Roost|p1a: Wunder\n|-heal|p1a: Wunder|78\/100 par\n|-singleturn|p1a: Wunder|move: Roost\n|\n|-heal|p2a: Super Mucca|83\/100 brn|[from] item: Leftovers\n|-damage|p2a: Super Mucca|77\/100 brn|[from] brn\n|upkeep\n|turn|37\n|\n|t:|1700329555\n|move|p2a: Super Mucca|Body Press|p1a: Wunder\n|-resisted|p1a: Wunder\n|-damage|p1a: Wunder|56\/100 par\n|move|p1a: Wunder|Hurricane|p2a: Super Mucca\n|-damage|p2a: Super Mucca|34\/100 brn\n|\n|-heal|p2a: Super Mucca|40\/100 brn|[from] item: Leftovers\n|-damage|p2a: Super Mucca|34\/100 brn|[from] brn\n|upkeep\n|turn|38\n|\n|t:|1700329561\n|move|p2a: Super Mucca|Rest|p2a: Super Mucca\n|-status|p2a: Super Mucca|slp|[from] move: Rest\n|-heal|p2a: Super Mucca|100\/100 slp|[silent]\n|move|p1a: Wunder|Mystical Fire|p2a: Super Mucca\n|-resisted|p2a: Super Mucca\n|-damage|p2a: Super Mucca|69\/100 slp\n|-unboost|p2a: Super Mucca|spa|1\n|\n|-heal|p2a: Super Mucca|75\/100 slp|[from] item: Leftovers\n|upkeep\n|turn|39\n|\n|t:|1700329571\n|switch|p1a: Koga|Samurott-Hisui, M|86\/100\n|cant|p2a: Super Mucca|slp\n|\n|-heal|p2a: Super Mucca|82\/100 slp|[from] item: Leftovers\n|upkeep\n|turn|40\n|\n|t:|1700329574\n|move|p1a: Koga|Sacred Sword|p2a: Super Mucca\n|-damage|p2a: Super Mucca|66\/100 slp\n|cant|p2a: Super Mucca|slp\n|\n|-heal|p2a: Super Mucca|72\/100 slp|[from] item: Leftovers\n|upkeep\n|turn|41\n|\n|t:|1700329587\n|move|p1a: Koga|Sacred Sword|p2a: Super Mucca\n|-damage|p2a: Super Mucca|59\/100 slp\n|-curestatus|p2a: Super Mucca|slp|[msg]\n|move|p2a: Super Mucca|Body Press|p1a: Koga\n|-supereffective|p1a: Koga\n|-crit|p1a: Koga\n|-damage|p1a: Koga|0 fnt\n|faint|p1a: Koga\n|\n|-heal|p2a: Super Mucca|65\/100|[from] item: Leftovers\n|upkeep\n|\n|t:|1700329593\n|switch|p1a: Wunder|Moltres, shiny|56\/100 par\n|turn|42\n|\n|t:|1700329598\n|move|p2a: Super Mucca|Body Press|p1a: Wunder\n|-resisted|p1a: Wunder\n|-damage|p1a: Wunder|17\/100 par\n|move|p1a: Wunder|Hurricane|p2a: Super Mucca|[miss]\n|-miss|p1a: Wunder|p2a: Super Mucca\n|\n|-heal|p2a: Super Mucca|71\/100|[from] item: Leftovers\n|upkeep\n|turn|43\n|\n|t:|1700329602\n|move|p2a: Super Mucca|Body Press|p1a: Wunder\n|-resisted|p1a: Wunder\n|-damage|p1a: Wunder|0 fnt\n|faint|p1a: Wunder\n|\n|-heal|p2a: Super Mucca|77\/100|[from] item: Leftovers\n|upkeep\n|\n|t:|1700329604\n|switch|p1a: Revolution|Excadrill, F|100\/100\n|-ability|p1a: Revolution|Mold Breaker\n|turn|44\n|\n|t:|1700329610\n|move|p1a: Revolution|Iron Head|p2a: Super Mucca\n|-resisted|p2a: Super Mucca\n|-damage|p2a: Super Mucca|73\/100\n|move|p2a: Super Mucca|Body Press|p1a: Revolution\n|-supereffective|p1a: Revolution\n|-damage|p1a: Revolution|0 fnt\n|faint|p1a: Revolution\n|\n|win|mastro uccello\n|raw|a certain fool's rating: 1492 &rarr; <strong>1469<\/strong><br \/>(-23 for losing)\n|raw|mastro uccello's rating: 1444 &rarr; <strong>1467<\/strong><br \/>(+23 for winning)\n|c|\u2606a certain fool|gg\n","uploadtime":1700329621,"views":42,"p1id":"acertainfool","p2id":"mastrouccello","formatid":"gen9nationaldex","rating":1467,"private":0,"password":""}