{"id":"gen9nationaldex-1989821614","p1":"ElliottSmith13","p2":"SansBadTime16","format":"[Gen 9] National Dex","log":"|j|\u2606ElliottSmith13\n|j|\u2606SansBadTime16\n|t:|1699898586\n|gametype|singles\n|player|p1|ElliottSmith13|dawn|1211\n|player|p2|SansBadTime16|brycen|1285\n|teamsize|p1|6\n|teamsize|p2|6\n|gen|9\n|tier|[Gen 9] National Dex\n|rated|\n|rule|HP Percentage Mod: HP is shown in percentages\n|rule|Endless Battle Clause: Forcing endless battles is banned\n|rule|OHKO Clause: OHKO moves are banned\n|rule|Evasion Clause: Evasion abilities, items, and moves are banned\n|rule|Evasion Abilities Clause: Evasion abilities are banned\n|rule|Evasion Items Clause: Evasion items are banned\n|rule|Evasion Moves Clause: Evasion moves are banned\n|rule|Species Clause: Limit one of each Pok\u00e9mon\n|rule|Sleep Clause Mod: Limit one foe put to sleep\n|clearpoke\n|poke|p1|Victini|\n|poke|p1|Gengar, F|\n|poke|p1|Manaphy|\n|poke|p1|Shuckle, F|\n|poke|p1|Whimsicott, M|\n|poke|p1|Kartana|\n|poke|p2|Serperior, M|\n|poke|p2|Greninja-*, M|\n|poke|p2|Scizor, F|\n|poke|p2|Skeledirge, M|\n|poke|p2|Cryogonal|\n|poke|p2|Diancie|\n|teampreview\n|inactive|Battle timer is ON: inactive players will automatically lose when time's up. (requested by ElliottSmith13)\n|\n|t:|1699898617\n|start\n|switch|p1a: DabadeeDabada|Shuckle, F, shiny|100\/100\n|switch|p2a: Diancie|Diancie|100\/100\n|turn|1\n|\n|t:|1699898623\n|detailschange|p2a: Diancie|Diancie-Mega\n|-mega|p2a: Diancie|Diancie|Diancite\n|move|p2a: Diancie|Earth Power|p1a: DabadeeDabada\n|-damage|p1a: DabadeeDabada|75\/100\n|move|p1a: DabadeeDabada|Sticky Web|p2a: Diancie\n|move|p2a: Diancie|Sticky Web|p1a: DabadeeDabada|[from]ability: Magic Bounce\n|-sidestart|p1: ElliottSmith13|move: Sticky Web\n|\n|upkeep\n|turn|2\n|c|\u2606ElliottSmith13|:(\n|\n|t:|1699898643\n|move|p2a: Diancie|Diamond Storm|p1a: DabadeeDabada\n|-supereffective|p1a: DabadeeDabada\n|-damage|p1a: DabadeeDabada|0 fnt\n|-boost|p2a: Diancie|def|2\n|faint|p1a: DabadeeDabada\n|\n|upkeep\n|\n|t:|1699898652\n|switch|p1a: Fat|Whimsicott, M, shiny|100\/100\n|-activate|p1a: Fat|move: Sticky Web\n|-unboost|p1a: Fat|spe|1\n|turn|3\n|\n|t:|1699898661\n|move|p1a: Fat|Cotton Guard|p1a: Fat\n|-boost|p1a: Fat|def|3\n|move|p2a: Diancie|Mystical Fire|p1a: Fat\n|-supereffective|p1a: Fat\n|-damage|p1a: Fat|14\/100\n|-unboost|p1a: Fat|spa|1\n|\n|-heal|p1a: Fat|20\/100|[from] item: Leftovers\n|upkeep\n|turn|4\n|\n|t:|1699898670\n|move|p2a: Diancie|Mystical Fire|p1a: Fat\n|-supereffective|p1a: Fat\n|-damage|p1a: Fat|0 fnt\n|faint|p1a: Fat\n|\n|upkeep\n|\n|t:|1699898677\n|switch|p1a: Mother|Manaphy|100\/100\n|-activate|p1a: Mother|move: Sticky Web\n|-unboost|p1a: Mother|spe|1\n|turn|5\n|\n|t:|1699898686\n|switch|p2a: Cryogonal|Cryogonal, shiny|100\/100\n|move|p1a: Mother|Surf|p2a: Cryogonal\n|-damage|p2a: Cryogonal|74\/100\n|\n|upkeep\n|turn|6\n|\n|t:|1699898693\n|move|p2a: Cryogonal|Freeze-Dry|p1a: Mother\n|-supereffective|p1a: Mother\n|-damage|p1a: Mother|41\/100\n|-status|p1a: Mother|frz\n|-curestatus|p1a: Mother|frz|[msg]\n|move|p1a: Mother|Dazzling Gleam|p2a: Cryogonal\n|-damage|p2a: Cryogonal|56\/100\n|\n|upkeep\n|turn|7\n|\n|t:|1699898702\n|move|p2a: Cryogonal|Freeze-Dry|p1a: Mother\n|-supereffective|p1a: Mother\n|-damage|p1a: Mother|0 fnt\n|faint|p1a: Mother\n|\n|upkeep\n|\n|t:|1699898710\n|switch|p1a: Rat|Victini|100\/100\n|-activate|p1a: Rat|move: Sticky Web\n|-unboost|p1a: Rat|spe|1\n|turn|8\n|\n|t:|1699898719\n|switch|p2a: Diancie|Diancie-Mega|100\/100\n|-zpower|p1a: Rat\n|move|p1a: Rat|Z-Celebrate|p1a: Rat|[anim]Celebrate\n|-boost|p1a: Rat|atk|1|[zeffect]\n|-boost|p1a: Rat|def|1|[zeffect]\n|-boost|p1a: Rat|spa|1|[zeffect]\n|-boost|p1a: Rat|spd|1|[zeffect]\n|-boost|p1a: Rat|spe|1|[zeffect]\n|-activate|p1a: Rat|move: Celebrate\n|\n|upkeep\n|turn|9\n|\n|t:|1699898731\n|move|p2a: Diancie|Diamond Storm|p1a: Rat\n|-supereffective|p1a: Rat\n|-damage|p1a: Rat|37\/100\n|-boost|p2a: Diancie|def|2\n|move|p1a: Rat|Stored Power|p2a: Diancie\n|-damage|p2a: Diancie|2\/100\n|\n|upkeep\n|turn|10\n|\n|t:|1699898740\n|move|p2a: Diancie|Diamond Storm|p1a: Rat\n|-supereffective|p1a: Rat\n|-damage|p1a: Rat|0 fnt\n|faint|p1a: Rat\n|\n|upkeep\n|\n|t:|1699898745\n|switch|p1a: Spooky Ghost|Gengar, F|100\/100\n|-activate|p1a: Spooky Ghost|move: Sticky Web\n|-unboost|p1a: Spooky Ghost|spe|1\n|turn|11\n|\n|t:|1699898762\n|move|p2a: Diancie|Earth Power|p1a: Spooky Ghost\n|-supereffective|p1a: Spooky Ghost\n|-damage|p1a: Spooky Ghost|0 fnt\n|-start|p2a: Diancie|Disable|Earth Power|[from] ability: Cursed Body|[of] p1a: Spooky Ghost\n|faint|p1a: Spooky Ghost\n|\n|upkeep\n|c|\u2606SansBadTime16|be careful next time\n|\n|t:|1699898776\n|switch|p1a: Kartana|Kartana|100\/100\n|-activate|p1a: Kartana|move: Sticky Web\n|-unboost|p1a: Kartana|spe|1\n|turn|12\n|c|\u2606SansBadTime16|you find a magic bounce pokemon\n|c|\u2606SansBadTime16|alright ?\n|\n|t:|1699898790\n|move|p2a: Diancie|Mystical Fire|p1a: Kartana\n|-supereffective|p1a: Kartana\n|-damage|p1a: Kartana|0 fnt\n|faint|p1a: Kartana\n|\n|win|SansBadTime16\n|raw|ElliottSmith13's rating: 1211 &rarr; <strong>1191<\/strong><br \/>(-20 for losing)\n|raw|SansBadTime16's rating: 1285 &rarr; <strong>1305<\/strong><br \/>(+20 for winning)\n|l|\u2606ElliottSmith13\n","uploadtime":1699898805,"views":5,"p1id":"elliottsmith13","p2id":"sansbadtime16","formatid":"gen9nationaldex","rating":1191,"private":0,"password":""}