{"id":"gen9nationaldex-1991014534","p1":"burpsicles","p2":"lux2821","format":"[Gen 9] National Dex","log":"|j|\u2606burpsicles\n|j|\u2606lux2821\n|t:|1700028182\n|gametype|singles\n|player|p1|burpsicles|steven-masters3|\n|player|p2|lux2821|lusamine-nihilego|\n|teamsize|p1|6\n|teamsize|p2|6\n|gen|9\n|tier|[Gen 9] National Dex\n|rule|HP Percentage Mod: HP is shown in percentages\n|rule|Endless Battle Clause: Forcing endless battles is banned\n|rule|OHKO Clause: OHKO moves are banned\n|rule|Evasion Clause: Evasion abilities, items, and moves are banned\n|rule|Evasion Abilities Clause: Evasion abilities are banned\n|rule|Evasion Items Clause: Evasion items are banned\n|rule|Evasion Moves Clause: Evasion moves are banned\n|rule|Species Clause: Limit one of each Pok\u00e9mon\n|rule|Sleep Clause Mod: Limit one foe put to sleep\n|clearpoke\n|poke|p1|Greninja-*, M|\n|poke|p1|Kartana|\n|poke|p1|Scizor, F|\n|poke|p1|Cinderace, M|\n|poke|p1|Zapdos|\n|poke|p1|Slowking-Galar, M|\n|poke|p2|Celesteela|\n|poke|p2|Swampert, M|\n|poke|p2|Necrozma|\n|poke|p2|Sharpedo, M|\n|poke|p2|Salamence, F|\n|poke|p2|Breloom, F|\n|teampreview\n|inactive|Battle timer is ON: inactive players will automatically lose when time's up. (requested by lux2821)\n|inactive|burpsicles also wants the timer to be on.\n|\n|t:|1700028194\n|start\n|switch|p1a: Slowking|Slowking-Galar, M|100\/100\n|switch|p2a: Fungaroo|Breloom, F, shiny|100\/100\n|turn|1\n|c|\u2606burpsicles|hf\n|c|\u2606lux2821|u2\n|\n|t:|1700028209\n|move|p2a: Fungaroo|Spore|p1a: Slowking\n|-status|p1a: Slowking|slp|[from] move: Spore\n|cant|p1a: Slowking|slp\n|\n|upkeep\n|turn|2\n|\n|t:|1700028212\n|move|p2a: Fungaroo|Swords Dance|p2a: Fungaroo\n|-boost|p2a: Fungaroo|atk|2\n|cant|p1a: Slowking|slp\n|\n|upkeep\n|turn|3\n|\n|t:|1700028219\n|move|p2a: Fungaroo|Bullet Seed|p1a: Slowking\n|-resisted|p1a: Slowking\n|-damage|p1a: Slowking|81\/100 slp\n|-resisted|p1a: Slowking\n|-damage|p1a: Slowking|62\/100 slp\n|-resisted|p1a: Slowking\n|-damage|p1a: Slowking|43\/100 slp\n|-resisted|p1a: Slowking\n|-damage|p1a: Slowking|23\/100 slp\n|-resisted|p1a: Slowking\n|-damage|p1a: Slowking|3\/100 slp\n|-hitcount|p1a: Slowking|5\n|cant|p1a: Slowking|slp\n|\n|upkeep\n|turn|4\n|c|\u2606burpsicles|big damage wtf\n|\n|t:|1700028229\n|switch|p1a: Zapdos|Zapdos|100\/100\n|move|p2a: Fungaroo|Bullet Seed|p1a: Zapdos\n|-resisted|p1a: Zapdos\n|-damage|p1a: Zapdos|84\/100\n|-resisted|p1a: Zapdos\n|-damage|p1a: Zapdos|67\/100\n|-resisted|p1a: Zapdos\n|-damage|p1a: Zapdos|52\/100\n|-resisted|p1a: Zapdos\n|-damage|p1a: Zapdos|37\/100\n|-hitcount|p1a: Zapdos|4\n|\n|upkeep\n|turn|5\n|\n|t:|1700028242\n|move|p1a: Zapdos|Hurricane|p2a: Fungaroo\n|-supereffective|p2a: Fungaroo\n|-damage|p2a: Fungaroo|0 fnt\n|faint|p2a: Fungaroo\n|\n|upkeep\n|\n|t:|1700028247\n|switch|p2a: Jaws|Sharpedo, M|100\/100\n|turn|6\n|\n|t:|1700028251\n|move|p2a: Jaws|Protect|p2a: Jaws\n|-singleturn|p2a: Jaws|Protect\n|move|p1a: Zapdos|Volt Switch|p2a: Jaws\n|-activate|p2a: Jaws|move: Protect\n|\n|-ability|p2a: Jaws|Speed Boost|boost\n|-boost|p2a: Jaws|spe|1\n|upkeep\n|turn|7\n|\n|t:|1700028261\n|move|p2a: Jaws|Ice Fang|p1a: Zapdos\n|-supereffective|p1a: Zapdos\n|-damage|p1a: Zapdos|0 fnt\n|faint|p1a: Zapdos\n|\n|-ability|p2a: Jaws|Speed Boost|boost\n|-boost|p2a: Jaws|spe|1\n|upkeep\n|\n|t:|1700028274\n|switch|p1a: Kartana|Kartana|100\/100\n|turn|8\n|\n|t:|1700028280\n|detailschange|p2a: Jaws|Sharpedo-Mega, M\n|-mega|p2a: Jaws|Sharpedo|Sharpedonite\n|-terastallize|p1a: Kartana|Dark\n|move|p2a: Jaws|Crunch|p1a: Kartana\n|-resisted|p1a: Kartana\n|-damage|p1a: Kartana|66\/100\n|move|p1a: Kartana|Swords Dance|p1a: Kartana\n|-boost|p1a: Kartana|atk|2\n|\n|upkeep\n|turn|9\n|\n|t:|1700028286\n|move|p2a: Jaws|Ice Fang|p1a: Kartana\n|-damage|p1a: Kartana|25\/100\n|cant|p1a: Kartana|flinch\n|\n|upkeep\n|turn|10\n|\n|t:|1700028296\n|move|p2a: Jaws|Crunch|p1a: Kartana\n|-resisted|p1a: Kartana\n|-damage|p1a: Kartana|0 fnt\n|faint|p1a: Kartana\n|\n|upkeep\n|\n|t:|1700028305\n|switch|p1a: Scizor|Scizor, F|100\/100\n|turn|11\n|\n|t:|1700028313\n|detailschange|p1a: Scizor|Scizor-Mega, F\n|-mega|p1a: Scizor|Scizor|Scizorite\n|move|p1a: Scizor|Bullet Punch|p2a: Jaws\n|-resisted|p2a: Jaws\n|-damage|p2a: Jaws|71\/100\n|move|p2a: Jaws|Crunch|p1a: Scizor\n|-damage|p1a: Scizor|48\/100\n|\n|upkeep\n|turn|12\n|\n|t:|1700028319\n|move|p1a: Scizor|Bullet Punch|p2a: Jaws\n|-resisted|p2a: Jaws\n|-damage|p2a: Jaws|38\/100\n|move|p2a: Jaws|Crunch|p1a: Scizor\n|-damage|p1a: Scizor|0 fnt\n|faint|p1a: Scizor\n|\n|upkeep\n|\n|t:|1700028327\n|switch|p1a: Greninja|Greninja, M|100\/100\n|turn|13\n|\n|t:|1700028331\n|move|p2a: Jaws|Crunch|p1a: Greninja\n|-resisted|p1a: Greninja\n|-damage|p1a: Greninja|35\/100\n|move|p1a: Greninja|Dark Pulse|p2a: Jaws\n|-resisted|p2a: Jaws\n|-damage|p2a: Jaws|9\/100\n|\n|upkeep\n|turn|14\n|\n|t:|1700028336\n|move|p2a: Jaws|Crunch|p1a: Greninja\n|-resisted|p1a: Greninja\n|-damage|p1a: Greninja|0 fnt\n|faint|p1a: Greninja\n|\n|upkeep\n|\n|t:|1700028338\n|switch|p1a: Cinderace|Cinderace, M|100\/100\n|turn|15\n|\n|t:|1700028340\n|move|p2a: Jaws|Crunch|p1a: Cinderace\n|-damage|p1a: Cinderace|9\/100\n|-unboost|p1a: Cinderace|def|1\n|move|p1a: Cinderace|U-turn|p2a: Jaws\n|-supereffective|p2a: Jaws\n|-damage|p2a: Jaws|0 fnt\n|faint|p2a: Jaws\n|\n|t:|1700028343\n|switch|p1a: Slowking|Slowking-Galar, M|36\/100 slp|[from] U-turn\n|\n|upkeep\n|\n|t:|1700028346\n|switch|p2a: Prizm|Necrozma, shiny|100\/100\n|turn|16\n|\n|t:|1700028349\n|move|p2a: Prizm|Autotomize|p2a: Prizm\n|-boost|p2a: Prizm|spe|2\n|-start|p2a: Prizm|Autotomize\n|-curestatus|p1a: Slowking|slp|[msg]\n|move|p1a: Slowking|Thunder Wave|p2a: Prizm\n|-status|p2a: Prizm|par\n|\n|upkeep\n|turn|17\n|\n|t:|1700028355\n|move|p2a: Prizm|Autotomize|p2a: Prizm\n|-boost|p2a: Prizm|spe|2\n|-start|p2a: Prizm|Autotomize\n|move|p1a: Slowking|Chilly Reception|p1a: Slowking\n|-weather|Snow\n|\n|t:|1700028359\n|switch|p1a: Cinderace|Cinderace, M|9\/100|[from] Chilly Reception\n|\n|-weather|Snow|[upkeep]\n|upkeep\n|turn|18\n|\n|t:|1700028364\n|move|p2a: Prizm|Photon Geyser|p1a: Cinderace\n|-damage|p1a: Cinderace|0 fnt\n|faint|p1a: Cinderace\n|\n|-weather|Snow|[upkeep]\n|upkeep\n|\n|t:|1700028367\n|switch|p1a: Slowking|Slowking-Galar, M|70\/100\n|turn|19\n|\n|t:|1700028372\n|cant|p2a: Prizm|par\n|move|p1a: Slowking|Sludge Bomb|p2a: Prizm\n|-damage|p2a: Prizm|67\/100 par\n|\n|-weather|Snow|[upkeep]\n|upkeep\n|turn|20\n|\n|t:|1700028375\n|move|p2a: Prizm|Meteor Beam||[still]\n|-prepare|p2a: Prizm|Meteor Beam\n|-boost|p2a: Prizm|spa|1\n|-enditem|p2a: Prizm|Power Herb\n|-anim|p2a: Prizm|Meteor Beam|p1a: Slowking\n|-damage|p1a: Slowking|29\/100\n|move|p1a: Slowking|Sludge Bomb|p2a: Prizm\n|-damage|p2a: Prizm|34\/100 par\n|\n|-weather|Snow|[upkeep]\n|upkeep\n|turn|21\n|\n|t:|1700028381\n|cant|p2a: Prizm|par\n|move|p1a: Slowking|Sludge Bomb|p2a: Prizm\n|-damage|p2a: Prizm|0 fnt\n|faint|p2a: Prizm\n|\n|-weather|none\n|upkeep\n|\n|t:|1700028384\n|switch|p2a: Mudkip Moment?|Swampert, M|100\/100\n|turn|22\n|\n|t:|1700028387\n|move|p2a: Mudkip Moment?|Earthquake|p1a: Slowking\n|-supereffective|p1a: Slowking\n|-damage|p1a: Slowking|0 fnt\n|faint|p1a: Slowking\n|\n|win|lux2821\n|c|\u2606burpsicles|gg\n|c|\u2606lux2821|gg\n","uploadtime":1700028393,"views":16,"p1id":"burpsicles","p2id":"lux2821","formatid":"gen9nationaldex","rating":0,"private":0,"password":""}