{"id":"gen9nationaldex-1997614579","p1":"jujibalaoshi001","p2":"189t","format":"[Gen 9] National Dex","log":"|html|<div class=\"broadcast-blue\"><strong>[Gen 9] National Dex is currently suspecting Sneasler! For information on how to participate check out the <a href=\"https:\/\/www.smogon.com\/forums\/threads\/sv-national-dex-suspect-8-just-dance.3731534\/\">suspect thread<\/a>.<\/strong><\/div>\n|j|\u2606jujibalaoshi001\n|j|\u2606189t\n|t:|1700833203\n|gametype|singles\n|player|p1|jujibalaoshi001|hexmaniac-gen6|1540\n|player|p2|189t|cynthia|1459\n|teamsize|p1|6\n|teamsize|p2|6\n|gen|9\n|tier|[Gen 9] National Dex\n|rated|\n|rule|HP Percentage Mod: HP is shown in percentages\n|rule|Endless Battle Clause: Forcing endless battles is banned\n|rule|OHKO Clause: OHKO moves are banned\n|rule|Evasion Clause: Evasion abilities, items, and moves are banned\n|rule|Evasion Abilities Clause: Evasion abilities are banned\n|rule|Evasion Items Clause: Evasion items are banned\n|rule|Evasion Moves Clause: Evasion moves are banned\n|rule|Species Clause: Limit one of each Pok\u00e9mon\n|rule|Sleep Clause Mod: Limit one foe put to sleep\n|clearpoke\n|poke|p1|Hoopa-Unbound|\n|poke|p1|Marowak-Alola, M|\n|poke|p1|Hatterene, F|\n|poke|p1|Cresselia, F|\n|poke|p1|Porygon2|\n|poke|p1|Ursaluna, F|\n|poke|p2|Slowking-Galar, M|\n|poke|p2|Garganacl, F|\n|poke|p2|Alomomola, F|\n|poke|p2|Corviknight, M|\n|poke|p2|Hatterene, F|\n|poke|p2|Tornadus-Therian, M|\n|teampreview\n|inactive|Battle timer is ON: inactive players will automatically lose when time's up. (requested by 189t)\n|\n|t:|1700833223\n|start\n|switch|p1a: Porygon2|Porygon2|100\/100\n|switch|p2a: Corviknight|Corviknight, M|100\/100\n|-ability|p1a: Porygon2|Mirror Armor|[from] ability: Trace|[of] p2a: Corviknight\n|turn|1\n|\n|t:|1700833232\n|move|p2a: Corviknight|Bulk Up|p2a: Corviknight\n|-boost|p2a: Corviknight|atk|1\n|-boost|p2a: Corviknight|def|1\n|move|p1a: Porygon2|Trick Room|p1a: Porygon2\n|-fieldstart|move: Trick Room|[of] p1a: Porygon2\n|\n|upkeep\n|turn|2\n|\n|t:|1700833253\n|move|p1a: Porygon2|Thunderbolt|p2a: Corviknight\n|-supereffective|p2a: Corviknight\n|-damage|p2a: Corviknight|68\/100\n|move|p2a: Corviknight|Bulk Up|p2a: Corviknight\n|-boost|p2a: Corviknight|atk|1\n|-boost|p2a: Corviknight|def|1\n|\n|-heal|p2a: Corviknight|74\/100|[from] item: Leftovers\n|upkeep\n|turn|3\n|\n|t:|1700833263\n|move|p1a: Porygon2|Thunderbolt|p2a: Corviknight\n|-supereffective|p2a: Corviknight\n|-damage|p2a: Corviknight|47\/100\n|move|p2a: Corviknight|Bulk Up|p2a: Corviknight\n|-boost|p2a: Corviknight|atk|1\n|-boost|p2a: Corviknight|def|1\n|\n|-heal|p2a: Corviknight|53\/100|[from] item: Leftovers\n|upkeep\n|turn|4\n|\n|t:|1700833269\n|move|p2a: Corviknight|Roost|p2a: Corviknight\n|-heal|p2a: Corviknight|100\/100\n|-singleturn|p2a: Corviknight|move: Roost\n|move|p1a: Porygon2|Teleport|p1a: Porygon2\n|\n|t:|1700833282\n|switch|p1a: Ursaluna|Ursaluna, F|100\/100|[from] Teleport\n|\n|-status|p1a: Ursaluna|brn|[from] item: Flame Orb\n|upkeep\n|turn|5\n|\n|t:|1700833293\n|move|p1a: Ursaluna|Fire Punch|p2a: Corviknight\n|-supereffective|p2a: Corviknight\n|-damage|p2a: Corviknight|70\/100\n|move|p2a: Corviknight|Bulk Up|p2a: Corviknight\n|-boost|p2a: Corviknight|atk|1\n|-boost|p2a: Corviknight|def|1\n|\n|-heal|p2a: Corviknight|76\/100|[from] item: Leftovers\n|-damage|p1a: Ursaluna|94\/100 brn|[from] brn\n|-fieldend|move: Trick Room\n|upkeep\n|turn|6\n|\n|t:|1700833301\n|move|p2a: Corviknight|Bulk Up|p2a: Corviknight\n|-boost|p2a: Corviknight|atk|1\n|-boost|p2a: Corviknight|def|1\n|move|p1a: Ursaluna|Fire Punch|p2a: Corviknight\n|-supereffective|p2a: Corviknight\n|-damage|p2a: Corviknight|57\/100\n|\n|-heal|p2a: Corviknight|63\/100|[from] item: Leftovers\n|-damage|p1a: Ursaluna|88\/100 brn|[from] brn\n|upkeep\n|turn|7\n|\n|t:|1700833315\n|move|p2a: Corviknight|Bulk Up|p2a: Corviknight\n|-boost|p2a: Corviknight|atk|1\n|-boost|p2a: Corviknight|def|1\n|move|p1a: Ursaluna|Earthquake|p2a: Corviknight\n|-immune|p2a: Corviknight\n|\n|-heal|p2a: Corviknight|69\/100|[from] item: Leftovers\n|-damage|p1a: Ursaluna|82\/100 brn|[from] brn\n|upkeep\n|turn|8\n|\n|t:|1700833322\n|move|p2a: Corviknight|Power Trip|p1a: Ursaluna\n|-damage|p1a: Ursaluna|0 fnt\n|faint|p1a: Ursaluna\n|\n|-heal|p2a: Corviknight|75\/100|[from] item: Leftovers\n|upkeep\n|\n|t:|1700833330\n|switch|p1a: Porygon2|Porygon2|100\/100\n|-ability|p1a: Porygon2|Mirror Armor|[from] ability: Trace|[of] p2a: Corviknight\n|turn|9\n|\n|t:|1700833335\n|move|p2a: Corviknight|Power Trip|p1a: Porygon2\n|-damage|p1a: Porygon2|0 fnt\n|faint|p1a: Porygon2\n|\n|-heal|p2a: Corviknight|82\/100|[from] item: Leftovers\n|upkeep\n|\n|t:|1700833343\n|switch|p1a: Hatterene|Hatterene, F|100\/100\n|turn|10\n|\n|t:|1700833350\n|move|p2a: Corviknight|Power Trip|p1a: Hatterene\n|-enditem|p1a: Hatterene|Focus Sash\n|-damage|p1a: Hatterene|1\/100\n|move|p1a: Hatterene|Trick Room|p1a: Hatterene\n|-fieldstart|move: Trick Room|[of] p1a: Hatterene\n|\n|-heal|p2a: Corviknight|88\/100|[from] item: Leftovers\n|upkeep\n|turn|11\n|\n|t:|1700833358\n|move|p1a: Hatterene|Mystical Fire|p2a: Corviknight\n|-supereffective|p2a: Corviknight\n|-damage|p2a: Corviknight|43\/100\n|-ability|p2a: Corviknight|Mirror Armor\n|-unboost|p1a: Hatterene|spa|1\n|move|p2a: Corviknight|Agility|p2a: Corviknight\n|-boost|p2a: Corviknight|spe|2\n|\n|-heal|p2a: Corviknight|50\/100|[from] item: Leftovers\n|upkeep\n|turn|12\n|\n|t:|1700833369\n|-terastallize|p2a: Corviknight|Flying\n|move|p1a: Hatterene|Healing Wish|p1a: Hatterene\n|faint|p1a: Hatterene\n|move|p2a: Corviknight|Roost|p2a: Corviknight\n|-heal|p2a: Corviknight|99\/100\n|-hint|If a Flying Terastallized Pokemon uses Roost, it remains Flying-type.\n|\n|-heal|p2a: Corviknight|100\/100|[from] item: Leftovers\n|upkeep\n|\n|t:|1700833382\n|switch|p1a: Hoopa|Hoopa-Unbound|100\/100\n|turn|13\n|\n|t:|1700833399\n|move|p1a: Hoopa|Psychic|p2a: Corviknight\n|-damage|p2a: Corviknight|57\/100\n|move|p2a: Corviknight|Power Trip|p1a: Hoopa\n|-damage|p1a: Hoopa|0 fnt\n|faint|p1a: Hoopa\n|\n|-heal|p2a: Corviknight|63\/100|[from] item: Leftovers\n|upkeep\n|\n|t:|1700833406\n|switch|p1a: Cresselia|Cresselia, F|100\/100\n|turn|14\n|\n|t:|1700833412\n|move|p1a: Cresselia|Ice Beam|p2a: Corviknight\n|-supereffective|p2a: Corviknight\n|-damage|p2a: Corviknight|42\/100\n|move|p2a: Corviknight|Roost|p2a: Corviknight\n|-heal|p2a: Corviknight|92\/100\n|-hint|If a Flying Terastallized Pokemon uses Roost, it remains Flying-type.\n|\n|-heal|p2a: Corviknight|98\/100|[from] item: Leftovers\n|-fieldend|move: Trick Room\n|upkeep\n|turn|15\n|\n|t:|1700833429\n|move|p2a: Corviknight|Power Trip|p1a: Cresselia\n|-supereffective|p1a: Cresselia\n|-damage|p1a: Cresselia|0 fnt\n|faint|p1a: Cresselia\n|\n|-heal|p2a: Corviknight|100\/100|[from] item: Leftovers\n|upkeep\n|\n|t:|1700833431\n|switch|p1a: Marowak|Marowak-Alola, M|100\/100\n|turn|16\n|\n|t:|1700833439\n|-terastallize|p1a: Marowak|Ghost\n|move|p2a: Corviknight|Power Trip|p1a: Marowak\n|-supereffective|p1a: Marowak\n|-damage|p1a: Marowak|0 fnt\n|faint|p1a: Marowak\n|\n|win|189t\n|raw|jujibalaoshi001's rating: 1540 &rarr; <strong>1515<\/strong><br \/>(-25 for losing)\n|raw|189t's rating: 1459 &rarr; <strong>1484<\/strong><br \/>(+25 for winning)\n","uploadtime":1700833450,"views":3,"p1id":"jujibalaoshi001","p2id":"189t","formatid":"gen9nationaldex","rating":1484,"private":0,"password":""}