{"id":"gen9nationaldex-1990930360","p1":"H12803","p2":"amstanley","format":"[Gen 9] National Dex","log":"|j|\u203dH12803\n|j|\u2606amstanley\n|inactive|Battle timer is ON: inactive players will automatically lose when time's up.\n|t:|1700016398\n|gametype|singles\n|player|p1|H12803|clown|\n|player|p2|amstanley|erika-masters|\n|teamsize|p1|6\n|teamsize|p2|6\n|gen|9\n|tier|[Gen 9] National Dex\n|rated|Tournament battle\n|rule|HP Percentage Mod: HP is shown in percentages\n|rule|Endless Battle Clause: Forcing endless battles is banned\n|rule|OHKO Clause: OHKO moves are banned\n|rule|Evasion Clause: Evasion abilities, items, and moves are banned\n|rule|Evasion Abilities Clause: Evasion abilities are banned\n|rule|Evasion Items Clause: Evasion items are banned\n|rule|Evasion Moves Clause: Evasion moves are banned\n|rule|Species Clause: Limit one of each Pok\u00e9mon\n|rule|Sleep Clause Mod: Limit one foe put to sleep\n|clearpoke\n|poke|p1|Gliscor, F|\n|poke|p1|Lopunny, M|\n|poke|p1|Weavile, F|\n|poke|p1|Rotom-Wash|\n|poke|p1|Ferrothorn, M|\n|poke|p1|Volcarona, M|\n|poke|p2|Hydreigon, F|\n|poke|p2|Slowking, F|\n|poke|p2|Gliscor, M|\n|poke|p2|Clefable, F|\n|poke|p2|Mawile, M|\n|poke|p2|Kartana|\n|teampreview\n|inactive|H12803 also wants the timer to be on.\n|j|%hidin\n|c|\u2606amstanley|hf\n|inactive|amstanley has 120 seconds left.\n|\n|t:|1700016429\n|start\n|switch|p1a: Weavile|Weavile, F|100\/100\n|switch|p2a: Kiss of Death|Clefable, F, shiny|100\/100\n|-ability|p1a: Weavile|Pressure\n|turn|1\n|\n|t:|1700016447\n|switch|p1a: Ferrothorn|Ferrothorn, M|100\/100\n|move|p2a: Kiss of Death|Knock Off|p1a: Ferrothorn\n|-damage|p1a: Ferrothorn|92\/100\n|-activate|p1a: Ferrothorn|ability: Iron Barbs\n|-enditem|p1a: Ferrothorn|Leftovers|[from] move: Knock Off|[of] p2a: Kiss of Death\n|\n|upkeep\n|turn|2\n|\n|t:|1700016457\n|move|p2a: Kiss of Death|Stealth Rock|p1a: Ferrothorn\n|-sidestart|p1: H12803|move: Stealth Rock\n|move|p1a: Ferrothorn|Spikes|p2a: Kiss of Death\n|-sidestart|p2: amstanley|Spikes\n|\n|upkeep\n|turn|3\n|\n|t:|1700016461\n|switch|p2a: Astral Ignition|Gliscor, M|100\/100\n|move|p1a: Ferrothorn|Spikes|p2a: Astral Ignition\n|-sidestart|p2: amstanley|Spikes\n|\n|-status|p2a: Astral Ignition|tox|[from] item: Toxic Orb\n|upkeep\n|turn|4\n|\n|t:|1700016469\n|switch|p1a: Rotom|Rotom-Wash|100\/100\n|-damage|p1a: Rotom|88\/100|[from] Stealth Rock\n|move|p2a: Astral Ignition|Spikes|p1a: Rotom\n|-sidestart|p1: H12803|Spikes\n|\n|-heal|p1a: Rotom|94\/100|[from] item: Leftovers\n|upkeep\n|turn|5\n|\n|t:|1700016475\n|move|p2a: Astral Ignition|Toxic|p1a: Rotom\n|-status|p1a: Rotom|tox\n|move|p1a: Rotom|Defog|p2a: Astral Ignition\n|-unboost|p2a: Astral Ignition|evasion|1\n|-sideend|p2: amstanley|Spikes|[from] move: Defog|[of] p1a: Rotom\n|-sideend|p1: H12803|Spikes|[from] move: Defog|[of] p1a: Rotom\n|-sideend|p1: H12803|Stealth Rock|[from] move: Defog|[of] p1a: Rotom\n|\n|-heal|p1a: Rotom|100\/100 tox|[from] item: Leftovers\n|-damage|p1a: Rotom|94\/100 tox|[from] psn\n|upkeep\n|turn|6\n|l|\u2606amstanley\n|inactive|amstanley disconnected and has a minute to reconnect!\n|player|p2|\n|j|\u2606amstanley\n|inactive|amstanley reconnected and has 130 seconds left.\n|player|p2|amstanley|erika-masters\n|\n|t:|1700016500\n|switch|p2a: Kiss of Death|Clefable, F, shiny|100\/100\n|move|p1a: Rotom|Hydro Pump|p2a: Kiss of Death\n|-damage|p2a: Kiss of Death|70\/100\n|\n|-heal|p1a: Rotom|100\/100 tox|[from] item: Leftovers\n|-heal|p2a: Kiss of Death|76\/100|[from] item: Leftovers\n|-damage|p1a: Rotom|88\/100 tox|[from] psn\n|upkeep\n|turn|7\n|\n|t:|1700016526\n|move|p1a: Rotom|Volt Switch|p2a: Kiss of Death\n|-damage|p2a: Kiss of Death|54\/100\n|\n|t:|1700016533\n|switch|p1a: Lopunny|Lopunny, M|100\/100|[from] Volt Switch\n|move|p2a: Kiss of Death|Knock Off|p1a: Lopunny\n|-damage|p1a: Lopunny|85\/100\n|\n|-heal|p2a: Kiss of Death|60\/100|[from] item: Leftovers\n|upkeep\n|turn|8\n|\n|t:|1700016551\n|switch|p2a: Astral Ignition|Gliscor, M|100\/100 tox\n|detailschange|p1a: Lopunny|Lopunny-Mega, M\n|-mega|p1a: Lopunny|Lopunny|Lopunnite\n|move|p1a: Lopunny|Fake Out|p2a: Astral Ignition\n|-damage|p2a: Astral Ignition|84\/100 tox\n|\n|-heal|p2a: Astral Ignition|97\/100 tox|[from] ability: Poison Heal\n|upkeep\n|turn|9\n|inactive|H12803 has 120 seconds left.\n|\n|t:|1700016606\n|move|p1a: Lopunny|Return|p2a: Astral Ignition\n|-damage|p2a: Astral Ignition|51\/100 tox\n|move|p2a: Astral Ignition|Earthquake|p1a: Lopunny\n|-damage|p1a: Lopunny|38\/100\n|\n|-heal|p2a: Astral Ignition|64\/100 tox|[from] ability: Poison Heal\n|upkeep\n|turn|10\n|inactive|H12803 has 90 seconds left.\n|j| Forever1507\n|\n|t:|1700016633\n|switch|p1a: Gliscor|Gliscor, F|100\/100\n|move|p2a: Astral Ignition|Earthquake|p1a: Gliscor\n|-immune|p1a: Gliscor\n|\n|-heal|p2a: Astral Ignition|76\/100 tox|[from] ability: Poison Heal\n|-status|p1a: Gliscor|tox|[from] item: Toxic Orb\n|upkeep\n|turn|11\n|\n|t:|1700016651\n|move|p2a: Astral Ignition|Spikes|p1a: Gliscor\n|-sidestart|p1: H12803|Spikes\n|move|p1a: Gliscor|Stealth Rock|p2a: Astral Ignition\n|-sidestart|p2: amstanley|move: Stealth Rock\n|\n|-heal|p2a: Astral Ignition|89\/100 tox|[from] ability: Poison Heal\n|upkeep\n|turn|12\n|\n|t:|1700016666\n|switch|p1a: Weavile|Weavile, F|100\/100\n|-damage|p1a: Weavile|88\/100|[from] Spikes\n|-ability|p1a: Weavile|Pressure\n|move|p2a: Astral Ignition|Spikes|p1a: Weavile\n|-sidestart|p1: H12803|Spikes\n|\n|-heal|p2a: Astral Ignition|100\/100 tox|[from] ability: Poison Heal\n|upkeep\n|turn|13\n|\n|t:|1700016670\n|switch|p2a: Saltwater Scourge|Slowking, F|100\/100\n|move|p1a: Weavile|Triple Axel|p2a: Saltwater Scourge\n|-resisted|p2a: Saltwater Scourge\n|-damage|p2a: Saltwater Scourge|92\/100\n|-resisted|p2a: Saltwater Scourge\n|-damage|p2a: Saltwater Scourge|76\/100\n|-resisted|p2a: Saltwater Scourge\n|-damage|p2a: Saltwater Scourge|54\/100\n|-hitcount|p2a: Saltwater Scourge|3\n|\n|upkeep\n|turn|14\n|inactive|H12803 has 90 seconds left.\n|\n|t:|1700016691\n|switch|p1a: Rotom|Rotom-Wash|88\/100 tox\n|move|p2a: Saltwater Scourge|Teleport|p2a: Saltwater Scourge\n|\n|t:|1700016700\n|switch|p2a: Astral Dissarray|Hydreigon, F|100\/100|[from] Teleport\n|-damage|p2a: Astral Dissarray|88\/100|[from] Stealth Rock\n|\n|-heal|p1a: Rotom|94\/100 tox|[from] item: Leftovers\n|-damage|p1a: Rotom|88\/100 tox|[from] psn\n|upkeep\n|turn|15\n|\n|t:|1700016719\n|move|p2a: Astral Dissarray|Draco Meteor|p1a: Rotom\n|-damage|p1a: Rotom|8\/100 tox\n|-unboost|p2a: Astral Dissarray|spa|2\n|move|p1a: Rotom|Defog|p2a: Astral Dissarray\n|-unboost|p2a: Astral Dissarray|evasion|1\n|-sideend|p2: amstanley|Stealth Rock|[from] move: Defog|[of] p1a: Rotom\n|-sideend|p1: H12803|Spikes|[from] move: Defog|[of] p1a: Rotom\n|\n|-heal|p1a: Rotom|14\/100 tox|[from] item: Leftovers\n|-damage|p1a: Rotom|1\/100 tox|[from] psn\n|upkeep\n|turn|16\n|\n|t:|1700016726\n|switch|p2a: Astral Ignition|Gliscor, M|100\/100 tox\n|switch|p1a: Lopunny|Lopunny-Mega, M|38\/100\n|\n|upkeep\n|turn|17\n|\n|t:|1700016730\n|move|p1a: Lopunny|Fake Out|p2a: Astral Ignition\n|-damage|p2a: Astral Ignition|82\/100 tox\n|cant|p2a: Astral Ignition|flinch\n|\n|-heal|p2a: Astral Ignition|94\/100 tox|[from] ability: Poison Heal\n|upkeep\n|turn|18\n|inactive|H12803 has 90 seconds left.\n|\n|t:|1700016768\n|move|p1a: Lopunny|U-turn|p2a: Astral Ignition\n|-resisted|p2a: Astral Ignition\n|-damage|p2a: Astral Ignition|84\/100 tox\n|inactive|H12803 has 60 seconds left.\n|\n|t:|1700016780\n|switch|p1a: Rotom|Rotom-Wash|1\/100 tox|[from] U-turn\n|move|p2a: Astral Ignition|Earthquake|p1a: Rotom\n|-immune|p1a: Rotom|[from] ability: Levitate\n|\n|-heal|p1a: Rotom|8\/100 tox|[from] item: Leftovers\n|-heal|p2a: Astral Ignition|96\/100 tox|[from] ability: Poison Heal\n|-damage|p1a: Rotom|1\/100 tox|[from] psn\n|upkeep\n|turn|19\n|\n|t:|1700016786\n|switch|p2a: Saltwater Scourge|Slowking, F|87\/100\n|move|p1a: Rotom|Hydro Pump|p2a: Saltwater Scourge\n|-resisted|p2a: Saltwater Scourge\n|-damage|p2a: Saltwater Scourge|75\/100\n|\n|-heal|p1a: Rotom|8\/100 tox|[from] item: Leftovers\n|-damage|p1a: Rotom|0 fnt|[from] psn\n|faint|p1a: Rotom\n|upkeep\n|\n|t:|1700016790\n|switch|p1a: Weavile|Weavile, F|88\/100\n|-ability|p1a: Weavile|Pressure\n|turn|20\n|\n|t:|1700016797\n|switch|p2a: Crimson Outbreak|Mawile, M, shiny|100\/100\n|move|p1a: Weavile|Knock Off|p2a: Crimson Outbreak\n|-resisted|p2a: Crimson Outbreak\n|-damage|p2a: Crimson Outbreak|63\/100\n|\n|upkeep\n|turn|21\n|\n|t:|1700016809\n|switch|p1a: Ferrothorn|Ferrothorn, M|92\/100\n|switch|p2a: Astral Ignition|Gliscor, M|96\/100 tox\n|\n|-heal|p2a: Astral Ignition|100\/100 tox|[from] ability: Poison Heal\n|upkeep\n|turn|22\n|\n|t:|1700016830\n|move|p2a: Astral Ignition|Spikes|p1a: Ferrothorn\n|-sidestart|p1: H12803|Spikes\n|move|p1a: Ferrothorn|Leech Seed|p2a: Astral Ignition\n|-start|p2a: Astral Ignition|move: Leech Seed\n|\n|-damage|p2a: Astral Ignition|88\/100 tox|[from] Leech Seed|[of] p1a: Ferrothorn\n|-heal|p1a: Ferrothorn|100\/100|[silent]\n|-heal|p2a: Astral Ignition|100\/100 tox|[from] ability: Poison Heal\n|upkeep\n|turn|23\n|inactive|H12803 has 90 seconds left.\n|\n|t:|1700016840\n|switch|p2a: Astral Dissarray|Hydreigon, F|88\/100\n|move|p1a: Ferrothorn|Spikes|p2a: Astral Dissarray\n|-sidestart|p2: amstanley|Spikes\n|\n|upkeep\n|turn|24\n|inactive|H12803 has 90 seconds left.\n|\n|t:|1700016848\n|switch|p1a: Gliscor|Gliscor, F|100\/100 tox\n|move|p2a: Astral Dissarray|Dark Pulse|p1a: Gliscor\n|-damage|p1a: Gliscor|50\/100 tox\n|\n|-heal|p1a: Gliscor|63\/100 tox|[from] ability: Poison Heal\n|upkeep\n|turn|25\n|inactive|H12803 has 90 seconds left.\n|\n|t:|1700016859\n|switch|p2a: Kiss of Death|Clefable, F, shiny|60\/100\n|-terastallize|p1a: Gliscor|Fairy\n|move|p1a: Gliscor|Roost|p1a: Gliscor\n|-heal|p1a: Gliscor|100\/100 tox\n|\n|-heal|p2a: Kiss of Death|66\/100|[from] item: Leftovers\n|upkeep\n|turn|26\n|\n|t:|1700016863\n|move|p1a: Gliscor|Stealth Rock|p2a: Kiss of Death\n|-sidestart|p2: amstanley|move: Stealth Rock\n|move|p2a: Kiss of Death|Stealth Rock|p1a: Gliscor\n|-sidestart|p1: H12803|move: Stealth Rock\n|\n|-heal|p2a: Kiss of Death|72\/100|[from] item: Leftovers\n|upkeep\n|turn|27\n|\n|t:|1700016869\n|switch|p2a: Astral Ignition|Gliscor, M|100\/100 tox\n|-damage|p2a: Astral Ignition|88\/100 tox|[from] Stealth Rock\n|move|p1a: Gliscor|Earthquake|p2a: Astral Ignition\n|-immune|p2a: Astral Ignition\n|\n|-heal|p2a: Astral Ignition|100\/100 tox|[from] ability: Poison Heal\n|upkeep\n|turn|28\n|\n|t:|1700016874\n|switch|p1a: Weavile|Weavile, F|88\/100\n|-damage|p1a: Weavile|76\/100|[from] Spikes\n|-damage|p1a: Weavile|51\/100|[from] Stealth Rock\n|-ability|p1a: Weavile|Pressure\n|move|p2a: Astral Ignition|Spikes|p1a: Weavile\n|-sidestart|p1: H12803|Spikes\n|\n|upkeep\n|turn|29\n|\n|t:|1700016879\n|-terastallize|p2a: Astral Ignition|Fairy\n|move|p1a: Weavile|Knock Off|p2a: Astral Ignition\n|-resisted|p2a: Astral Ignition\n|-damage|p2a: Astral Ignition|71\/100 tox\n|-enditem|p2a: Astral Ignition|Toxic Orb|[from] move: Knock Off|[of] p1a: Weavile\n|move|p2a: Astral Ignition|Earthquake|p1a: Weavile\n|-crit|p1a: Weavile\n|-damage|p1a: Weavile|0 fnt\n|faint|p1a: Weavile\n|\n|-heal|p2a: Astral Ignition|83\/100 tox|[from] ability: Poison Heal\n|upkeep\n|\n|t:|1700016893\n|switch|p1a: Lopunny|Lopunny-Mega, M|38\/100\n|-damage|p1a: Lopunny|22\/100|[from] Spikes\n|-damage|p1a: Lopunny|16\/100|[from] Stealth Rock\n|turn|30\n|\n|t:|1700016900\n|move|p1a: Lopunny|Fake Out|p2a: Astral Ignition\n|-damage|p2a: Astral Ignition|65\/100 tox\n|cant|p2a: Astral Ignition|flinch\n|\n|-heal|p2a: Astral Ignition|77\/100 tox|[from] ability: Poison Heal\n|upkeep\n|turn|31\n|\n|t:|1700016905\n|move|p1a: Lopunny|Return|p2a: Astral Ignition\n|-damage|p2a: Astral Ignition|31\/100 tox\n|move|p2a: Astral Ignition|Roost|p2a: Astral Ignition\n|-heal|p2a: Astral Ignition|81\/100 tox\n|\n|-heal|p2a: Astral Ignition|94\/100 tox|[from] ability: Poison Heal\n|upkeep\n|turn|32\n|\n|t:|1700016909\n|move|p1a: Lopunny|Return|p2a: Astral Ignition\n|-damage|p2a: Astral Ignition|48\/100 tox\n|move|p2a: Astral Ignition|Earthquake|p1a: Lopunny\n|-damage|p1a: Lopunny|0 fnt\n|faint|p1a: Lopunny\n|\n|-heal|p2a: Astral Ignition|60\/100 tox|[from] ability: Poison Heal\n|upkeep\n|\n|t:|1700016917\n|switch|p1a: Volcarona|Volcarona, M|100\/100\n|turn|33\n|\n|t:|1700016921\n|move|p1a: Volcarona|Quiver Dance|p1a: Volcarona\n|-boost|p1a: Volcarona|spa|1\n|-boost|p1a: Volcarona|spd|1\n|-boost|p1a: Volcarona|spe|1\n|move|p2a: Astral Ignition|Toxic|p1a: Volcarona\n|-status|p1a: Volcarona|tox\n|\n|-damage|p1a: Volcarona|94\/100 tox|[from] psn\n|-heal|p2a: Astral Ignition|73\/100 tox|[from] ability: Poison Heal\n|upkeep\n|turn|34\n|\n|t:|1700016935\n|move|p1a: Volcarona|Fiery Dance|p2a: Astral Ignition\n|-damage|p2a: Astral Ignition|18\/100 tox\n|move|p2a: Astral Ignition|Earthquake|p1a: Volcarona\n|-damage|p1a: Volcarona|44\/100 tox\n|\n|-damage|p1a: Volcarona|32\/100 tox|[from] psn\n|-heal|p2a: Astral Ignition|31\/100 tox|[from] ability: Poison Heal\n|upkeep\n|turn|35\n|\n|t:|1700016943\n|switch|p2a: Saltwater Scourge|Slowking, F|100\/100\n|move|p1a: Volcarona|Fiery Dance|p2a: Saltwater Scourge\n|-resisted|p2a: Saltwater Scourge\n|-damage|p2a: Saltwater Scourge|81\/100\n|\n|-damage|p1a: Volcarona|14\/100 tox|[from] psn\n|upkeep\n|turn|36\n|\n|t:|1700016947\n|move|p1a: Volcarona|Giga Drain|p2a: Saltwater Scourge\n|-supereffective|p2a: Saltwater Scourge\n|-damage|p2a: Saltwater Scourge|26\/100\n|-heal|p1a: Volcarona|48\/100 tox|[from] drain|[of] p2a: Saltwater Scourge\n|move|p2a: Saltwater Scourge|Slack Off|p2a: Saltwater Scourge\n|-heal|p2a: Saltwater Scourge|76\/100\n|\n|-damage|p1a: Volcarona|24\/100 tox|[from] psn\n|upkeep\n|turn|37\n|\n|t:|1700016953\n|move|p1a: Volcarona|Giga Drain|p2a: Saltwater Scourge\n|-supereffective|p2a: Saltwater Scourge\n|-damage|p2a: Saltwater Scourge|23\/100\n|-heal|p1a: Volcarona|58\/100 tox|[from] drain|[of] p2a: Saltwater Scourge\n|move|p2a: Saltwater Scourge|Scald|p1a: Volcarona\n|-supereffective|p1a: Volcarona\n|-damage|p1a: Volcarona|15\/100 tox\n|\n|-damage|p1a: Volcarona|0 fnt|[from] psn\n|faint|p1a: Volcarona\n|upkeep\n|\n|t:|1700016958\n|switch|p1a: Gliscor|Gliscor, F, tera:Fairy|100\/100 tox\n|-damage|p1a: Gliscor|84\/100 tox|[from] Spikes\n|-damage|p1a: Gliscor|72\/100 tox|[from] Stealth Rock\n|turn|38\n|-message|H12803 forfeited.\n|\n|win|amstanley\n|n|\u203dH12803|h12803\n|n| hidin|hidin\n|n|\u2606amstanley|amstanley\n|n| Forever1507|forever1507\n","uploadtime":1700016962,"views":20,"p1id":"h12803","p2id":"amstanley","formatid":"gen9nationaldex","rating":0,"private":0,"password":""}