{"id":"gen9nationaldex-1996957736","p1":"Zippybud5","p2":"katturei","format":"[Gen 9] National Dex","log":"|html|<div class=\"broadcast-blue\"><strong>[Gen 9] National Dex is currently suspecting Sneasler! For information on how to participate check out the <a href=\"https:\/\/www.smogon.com\/forums\/threads\/sv-national-dex-suspect-8-just-dance.3731534\/\">suspect thread<\/a>.<\/strong><\/div>\n|j|\u2606Zippybud5\n|j|\u2606katturei\n|t:|1700749569\n|gametype|singles\n|player|p1|Zippybud5|1|1041\n|player|p2|katturei|elesa|1032\n|teamsize|p1|6\n|teamsize|p2|6\n|gen|9\n|tier|[Gen 9] National Dex\n|rated|\n|rule|HP Percentage Mod: HP is shown in percentages\n|rule|Endless Battle Clause: Forcing endless battles is banned\n|rule|OHKO Clause: OHKO moves are banned\n|rule|Evasion Clause: Evasion abilities, items, and moves are banned\n|rule|Evasion Abilities Clause: Evasion abilities are banned\n|rule|Evasion Items Clause: Evasion items are banned\n|rule|Evasion Moves Clause: Evasion moves are banned\n|rule|Species Clause: Limit one of each Pok\u00e9mon\n|rule|Sleep Clause Mod: Limit one foe put to sleep\n|clearpoke\n|poke|p1|Dragonite, M|\n|poke|p1|Emboar, F|\n|poke|p1|Decidueye-Hisui, F|\n|poke|p1|Electivire, F|\n|poke|p1|Magmortar, M|\n|poke|p1|Dedenne, F|\n|poke|p2|Blacephalon|\n|poke|p2|Scolipede, M|\n|poke|p2|Serperior, F|\n|poke|p2|Octillery, F|\n|poke|p2|Dusclops, F|\n|poke|p2|Komala, M|\n|teampreview\n|\n|t:|1700749574\n|start\n|switch|p1a: Decidueye|Decidueye-Hisui, F|100\/100\n|switch|p2a: Octillery|Octillery, F|100\/100\n|turn|1\n|\n|t:|1700749590\n|move|p1a: Decidueye|Trailblaze|p2a: Octillery\n|-supereffective|p2a: Octillery\n|-damage|p2a: Octillery|33\/100\n|-boost|p1a: Decidueye|spe|1\n|move|p2a: Octillery|Focus Energy|p2a: Octillery\n|-start|p2a: Octillery|move: Focus Energy\n|\n|upkeep\n|turn|2\n|\n|t:|1700749597\n|move|p1a: Decidueye|Trailblaze|p2a: Octillery\n|-supereffective|p2a: Octillery\n|-damage|p2a: Octillery|0 fnt\n|-boost|p1a: Decidueye|spe|1\n|faint|p2a: Octillery\n|\n|upkeep\n|\n|t:|1700749601\n|switch|p2a: Scolipede|Scolipede, M|100\/100\n|turn|3\n|\n|t:|1700749630\n|move|p1a: Decidueye|Dual Wingbeat|p2a: Scolipede|[miss]\n|-miss|p1a: Decidueye|p2a: Scolipede\n|move|p2a: Scolipede|Megahorn|p1a: Decidueye\n|-damage|p1a: Decidueye|24\/100\n|\n|-ability|p2a: Scolipede|Speed Boost|boost\n|-boost|p2a: Scolipede|spe|1\n|upkeep\n|turn|4\n|\n|t:|1700749642\n|move|p2a: Scolipede|Megahorn|p1a: Decidueye\n|-damage|p1a: Decidueye|0 fnt\n|faint|p1a: Decidueye\n|\n|-ability|p2a: Scolipede|Speed Boost|boost\n|-boost|p2a: Scolipede|spe|1\n|upkeep\n|\n|t:|1700749649\n|switch|p1a: Dragonite|Dragonite, M|100\/100\n|turn|5\n|\n|t:|1700749657\n|move|p2a: Scolipede|Swords Dance|p2a: Scolipede\n|-boost|p2a: Scolipede|atk|2\n|move|p1a: Dragonite|Barrier|p1a: Dragonite\n|-boost|p1a: Dragonite|def|2\n|\n|-ability|p2a: Scolipede|Speed Boost|boost\n|-boost|p2a: Scolipede|spe|1\n|upkeep\n|turn|6\n|\n|t:|1700749691\n|move|p2a: Scolipede|Swords Dance|p2a: Scolipede\n|-boost|p2a: Scolipede|atk|2\n|move|p1a: Dragonite|Air Slash|p2a: Scolipede\n|-supereffective|p2a: Scolipede\n|-damage|p2a: Scolipede|15\/100\n|\n|-ability|p2a: Scolipede|Speed Boost|boost\n|-boost|p2a: Scolipede|spe|1\n|upkeep\n|turn|7\n|\n|t:|1700749702\n|move|p2a: Scolipede|Rock Slide|p1a: Dragonite\n|-supereffective|p1a: Dragonite\n|-damage|p1a: Dragonite|75\/100\n|move|p1a: Dragonite|Air Slash|p2a: Scolipede\n|-supereffective|p2a: Scolipede\n|-damage|p2a: Scolipede|0 fnt\n|faint|p2a: Scolipede\n|\n|upkeep\n|\n|t:|1700749707\n|switch|p2a: Serperior|Serperior, F|100\/100\n|turn|8\n|\n|t:|1700749717\n|move|p2a: Serperior|Leaf Storm|p1a: Dragonite\n|-resisted|p1a: Dragonite\n|-damage|p1a: Dragonite|66\/100\n|-boost|p2a: Serperior|spa|2\n|move|p1a: Dragonite|Air Slash|p2a: Serperior\n|-supereffective|p2a: Serperior\n|-damage|p2a: Serperior|20\/100\n|\n|upkeep\n|turn|9\n|\n|t:|1700749727\n|move|p2a: Serperior|Leaf Storm|p1a: Dragonite|[miss]\n|-miss|p2a: Serperior|p1a: Dragonite\n|move|p1a: Dragonite|Roost|p1a: Dragonite\n|-heal|p1a: Dragonite|100\/100\n|-singleturn|p1a: Dragonite|move: Roost\n|\n|upkeep\n|turn|10\n|\n|t:|1700749734\n|move|p2a: Serperior|Leaf Storm|p1a: Dragonite\n|-resisted|p1a: Dragonite\n|-damage|p1a: Dragonite|92\/100\n|-boost|p2a: Serperior|spa|2\n|move|p1a: Dragonite|Air Slash|p2a: Serperior\n|-supereffective|p2a: Serperior\n|-damage|p2a: Serperior|0 fnt\n|faint|p2a: Serperior\n|\n|upkeep\n|-message|katturei forfeited.\n|\n|win|Zippybud5\n|raw|Zippybud5's rating: 1041 &rarr; <strong>1074<\/strong><br \/>(+33 for winning)\n|raw|katturei's rating: 1032 &rarr; <strong>1018<\/strong><br \/>(-14 for losing)\n|l|\u2606katturei\n","uploadtime":1700749747,"views":0,"p1id":"zippybud5","p2id":"katturei","formatid":"gen9nationaldex","rating":1018,"private":0,"password":""}