{"id":"gen9nationaldex-2000173447","p1":"Vvbttij","p2":"pacmaster000","format":"[Gen 9] National Dex","log":"|html|<div class=\"broadcast-blue\"><strong>[Gen 9] National Dex is currently suspecting Sneasler! For information on how to participate check out the <a href=\"https:\/\/www.smogon.com\/forums\/threads\/sv-national-dex-suspect-8-just-dance.3731534\/\">suspect thread<\/a>.<\/strong><\/div>\n|j|\u2606Vvbttij\n|j|\u2606pacmaster000\n|t:|1701167214\n|gametype|singles\n|player|p1|Vvbttij|red|1088\n|player|p2|pacmaster000|veteranf|1031\n|teamsize|p1|6\n|teamsize|p2|6\n|gen|9\n|tier|[Gen 9] National Dex\n|rated|\n|rule|HP Percentage Mod: HP is shown in percentages\n|rule|Endless Battle Clause: Forcing endless battles is banned\n|rule|OHKO Clause: OHKO moves are banned\n|rule|Evasion Clause: Evasion abilities, items, and moves are banned\n|rule|Evasion Abilities Clause: Evasion abilities are banned\n|rule|Evasion Items Clause: Evasion items are banned\n|rule|Evasion Moves Clause: Evasion moves are banned\n|rule|Species Clause: Limit one of each Pok\u00e9mon\n|rule|Sleep Clause Mod: Limit one foe put to sleep\n|clearpoke\n|poke|p1|Charizard, F|\n|poke|p1|Blastoise, F|\n|poke|p1|Venusaur, M|\n|poke|p1|Snorlax, F|\n|poke|p1|Lapras, M|\n|poke|p1|Pikachu, M|\n|poke|p2|Roserade, M|\n|poke|p2|Delphox, F|\n|poke|p2|Nidoking, M|\n|poke|p2|Magnezone|\n|poke|p2|Altaria, F|\n|poke|p2|Honchkrow, M|\n|teampreview\n|\n|t:|1701167223\n|start\n|switch|p1a: Snorlax|Snorlax, F, shiny|100\/100\n|switch|p2a: Roserade|Roserade, M|100\/100\n|turn|1\n|c|\u2606pacmaster000|Top Champion vs Champion Inspector\n|\n|t:|1701167233\n|move|p2a: Roserade|Spikes|p1a: Snorlax\n|-sidestart|p1: Vvbttij|Spikes\n|move|p1a: Snorlax|Power-Up Punch|p2a: Roserade\n|-resisted|p2a: Roserade\n|-damage|p2a: Roserade|89\/100\n|-boost|p1a: Snorlax|atk|1\n|-damage|p1a: Snorlax|91\/100|[from] item: Life Orb\n|\n|-heal|p2a: Roserade|95\/100|[from] item: Black Sludge\n|upkeep\n|turn|2\n|\n|t:|1701167235\n|move|p2a: Roserade|Spikes|p1a: Snorlax\n|-sidestart|p1: Vvbttij|Spikes\n|move|p1a: Snorlax|Power-Up Punch|p2a: Roserade\n|-resisted|p2a: Roserade\n|-damage|p2a: Roserade|76\/100\n|-boost|p1a: Snorlax|atk|1\n|-damage|p1a: Snorlax|81\/100|[from] item: Life Orb\n|\n|-heal|p2a: Roserade|82\/100|[from] item: Black Sludge\n|upkeep\n|turn|3\n|\n|t:|1701167238\n|move|p2a: Roserade|Spikes|p1a: Snorlax\n|-sidestart|p1: Vvbttij|Spikes\n|move|p1a: Snorlax|Body Slam|p2a: Roserade\n|-damage|p2a: Roserade|0 fnt\n|faint|p2a: Roserade\n|-damage|p1a: Snorlax|71\/100|[from] item: Life Orb\n|\n|upkeep\n|\n|t:|1701167249\n|switch|p2a: Delphox|Delphox, F|100\/100\n|turn|4\n|\n|t:|1701167251\n|move|p2a: Delphox|Will-O-Wisp|p1a: Snorlax\n|-status|p1a: Snorlax|brn\n|move|p1a: Snorlax|Body Slam|p2a: Delphox\n|-damage|p2a: Delphox|14\/100\n|-damage|p1a: Snorlax|61\/100 brn|[from] item: Life Orb\n|\n|-damage|p1a: Snorlax|55\/100 brn|[from] brn\n|upkeep\n|turn|5\n|\n|t:|1701167258\n|move|p2a: Delphox|Psyshock|p1a: Snorlax\n|-damage|p1a: Snorlax|18\/100 brn\n|move|p1a: Snorlax|Body Slam|p2a: Delphox\n|-damage|p2a: Delphox|0 fnt\n|faint|p2a: Delphox\n|-damage|p1a: Snorlax|8\/100 brn|[from] item: Life Orb\n|\n|-damage|p1a: Snorlax|2\/100 brn|[from] brn\n|upkeep\n|\n|t:|1701167262\n|switch|p2a: Jim|Honchkrow, M|100\/100\n|turn|6\n|\n|t:|1701167265\n|move|p2a: Jim|Night Slash|p1a: Snorlax\n|-damage|p1a: Snorlax|0 fnt\n|faint|p1a: Snorlax\n|-ability|p2a: Jim|Moxie|boost\n|-boost|p2a: Jim|atk|1\n|\n|upkeep\n|\n|t:|1701167269\n|switch|p1a: Blastoise|Blastoise, F|100\/100\n|-damage|p1a: Blastoise|76\/100|[from] Spikes\n|turn|7\n|\n|t:|1701167273\n|move|p2a: Jim|Brave Bird|p1a: Blastoise\n|-damage|p1a: Blastoise|0 fnt\n|faint|p1a: Blastoise\n|-ability|p2a: Jim|Moxie|boost\n|-boost|p2a: Jim|atk|1\n|-damage|p2a: Jim|79\/100|[from] Recoil\n|\n|upkeep\n|\n|t:|1701167281\n|switch|p1a: Pikachu|Pikachu, M|100\/100\n|-damage|p1a: Pikachu|76\/100|[from] Spikes\n|turn|8\n|\n|t:|1701167286\n|-terastallize|p2a: Jim|Steel\n|move|p1a: Pikachu|Nuzzle|p2a: Jim\n|-damage|p2a: Jim|72\/100\n|-status|p2a: Jim|par\n|cant|p2a: Jim|par\n|\n|upkeep\n|turn|9\n|\n|t:|1701167296\n|switch|p1a: Venusaur|Venusaur, M|100\/100\n|-damage|p1a: Venusaur|75\/100|[from] Spikes\n|cant|p2a: Jim|par\n|\n|upkeep\n|turn|10\n|\n|t:|1701167299\n|move|p1a: Venusaur|Leech Seed|p2a: Jim\n|-start|p2a: Jim|move: Leech Seed\n|move|p2a: Jim|Brave Bird|p1a: Venusaur\n|-supereffective|p1a: Venusaur\n|-damage|p1a: Venusaur|0 fnt\n|faint|p1a: Venusaur\n|-ability|p2a: Jim|Moxie|boost\n|-boost|p2a: Jim|atk|1\n|-damage|p2a: Jim|46\/100 par|[from] Recoil\n|\n|upkeep\n|\n|t:|1701167303\n|switch|p1a: Charizard|Charizard, F|100\/100\n|turn|11\n|\n|t:|1701167307\n|move|p2a: Jim|Sucker Punch||[still]\n|-fail|p2a: Jim\n|move|p1a: Charizard|Belly Drum|p1a: Charizard\n|-damage|p1a: Charizard|50\/100\n|-setboost|p1a: Charizard|atk|6|[from] move: Belly Drum\n|\n|-damage|p2a: Jim|34\/100 par|[from] Leech Seed|[of] p1a: Charizard\n|-heal|p1a: Charizard|65\/100|[silent]\n|upkeep\n|turn|12\n|\n|t:|1701167312\n|move|p2a: Jim|Sucker Punch||[still]\n|-fail|p2a: Jim\n|move|p1a: Charizard|Belly Drum||[still]\n|-fail|p1a: Charizard\n|\n|-damage|p2a: Jim|21\/100 par|[from] Leech Seed|[of] p1a: Charizard\n|-heal|p1a: Charizard|79\/100|[silent]\n|upkeep\n|turn|13\n|\n|t:|1701167318\n|move|p1a: Charizard|Endure|p1a: Charizard\n|-singleturn|p1a: Charizard|move: Endure\n|move|p2a: Jim|Sucker Punch||[still]\n|-fail|p2a: Jim\n|\n|-damage|p2a: Jim|9\/100 par|[from] Leech Seed|[of] p1a: Charizard\n|-heal|p1a: Charizard|93\/100|[silent]\n|upkeep\n|turn|14\n|\n|t:|1701167328\n|move|p1a: Charizard|Endure||[still]\n|-fail|p1a: Charizard\n|move|p2a: Jim|Brave Bird|p1a: Charizard\n|-damage|p1a: Charizard|0 fnt\n|faint|p1a: Charizard\n|-ability|p2a: Jim|Moxie|boost\n|-boost|p2a: Jim|atk|1\n|-damage|p2a: Jim|0 fnt|[from] Recoil\n|faint|p2a: Jim\n|\n|upkeep\n|\n|t:|1701167338\n|switch|p1a: Pikachu|Pikachu, M|76\/100\n|switch|p2a: Magnezone|Magnezone|100\/100\n|-damage|p1a: Pikachu|51\/100|[from] Spikes\n|turn|15\n|\n|t:|1701167344\n|move|p1a: Pikachu|Thunderbolt|p2a: Magnezone\n|-resisted|p2a: Magnezone\n|-damage|p2a: Magnezone|83\/100\n|move|p2a: Magnezone|Tri Attack|p1a: Pikachu\n|-damage|p1a: Pikachu|0 fnt\n|faint|p1a: Pikachu\n|\n|upkeep\n|\n|t:|1701167346\n|switch|p1a: Lapras|Lapras, M|100\/100\n|-damage|p1a: Lapras|76\/100|[from] Spikes\n|turn|16\n|\n|t:|1701167348\n|-terastallize|p1a: Lapras|Ground\n|move|p1a: Lapras|Dragon Dance|p1a: Lapras\n|-boost|p1a: Lapras|atk|1\n|-boost|p1a: Lapras|spe|1\n|move|p2a: Magnezone|Charge Beam|p1a: Lapras\n|-immune|p1a: Lapras\n|\n|upkeep\n|turn|17\n|\n|t:|1701167359\n|move|p1a: Lapras|Waterfall|p2a: Magnezone\n|-damage|p2a: Magnezone|14\/100\n|-enditem|p2a: Magnezone|Salac Berry|[eat]\n|-boost|p2a: Magnezone|spe|1|[from] item: Salac Berry\n|move|p2a: Magnezone|Flash Cannon|p1a: Lapras\n|-damage|p1a: Lapras|36\/100\n|\n|upkeep\n|turn|18\n|\n|t:|1701167367\n|move|p1a: Lapras|Waterfall|p2a: Magnezone\n|-damage|p2a: Magnezone|0 fnt\n|faint|p2a: Magnezone\n|\n|upkeep\n|\n|t:|1701167369\n|switch|p2a: Nidoking|Nidoking, M|100\/100\n|turn|19\n|\n|t:|1701167371\n|move|p1a: Lapras|Waterfall|p2a: Nidoking\n|-supereffective|p2a: Nidoking\n|-damage|p2a: Nidoking|0 fnt\n|faint|p2a: Nidoking\n|\n|upkeep\n|\n|t:|1701167374\n|switch|p2a: Altaria|Altaria, F|100\/100\n|turn|20\n|\n|t:|1701167378\n|detailschange|p2a: Altaria|Altaria-Mega, F\n|-mega|p2a: Altaria|Altaria|Altarianite\n|move|p1a: Lapras|Ice Shard|p2a: Altaria\n|-supereffective|p2a: Altaria\n|-damage|p2a: Altaria|45\/100\n|move|p2a: Altaria|Dragon Dance|p2a: Altaria\n|-boost|p2a: Altaria|atk|1\n|-boost|p2a: Altaria|spe|1\n|\n|upkeep\n|turn|21\n|\n|t:|1701167384\n|move|p1a: Lapras|Ice Shard|p2a: Altaria\n|-supereffective|p2a: Altaria\n|-damage|p2a: Altaria|0 fnt\n|faint|p2a: Altaria\n|\n|win|Vvbttij\n|raw|Vvbttij's rating: 1088 &rarr; <strong>1110<\/strong><br \/>(+22 for winning)\n|raw|pacmaster000's rating: 1031 &rarr; <strong>1019<\/strong><br \/>(-12 for losing)\n|c|\u2606Vvbttij|Gg\n|c|\u2606pacmaster000|Gg\n","uploadtime":1701167390,"views":1,"p1id":"vvbttij","p2id":"pacmaster000","formatid":"gen9nationaldex","rating":1019,"private":0,"password":""}