{"id":"gen9nationaldex-1992293963","p1":"globalpandemic","p2":"RandoTestAccount","format":"[Gen 9] National Dex","log":"|j|\u2606globalpandemic\n|j|\u2606RandoTestAccount\n|t:|1700171760\n|gametype|singles\n|player|p1|globalpandemic|az|1099\n|player|p2|RandoTestAccount|pokemonrangerf|1227\n|teamsize|p1|6\n|teamsize|p2|6\n|gen|9\n|tier|[Gen 9] National Dex\n|rated|\n|rule|HP Percentage Mod: HP is shown in percentages\n|rule|Endless Battle Clause: Forcing endless battles is banned\n|rule|OHKO Clause: OHKO moves are banned\n|rule|Evasion Clause: Evasion abilities, items, and moves are banned\n|rule|Evasion Abilities Clause: Evasion abilities are banned\n|rule|Evasion Items Clause: Evasion items are banned\n|rule|Evasion Moves Clause: Evasion moves are banned\n|rule|Species Clause: Limit one of each Pok\u00e9mon\n|rule|Sleep Clause Mod: Limit one foe put to sleep\n|clearpoke\n|poke|p1|Grimmsnarl, M|\n|poke|p1|Tyranitar, M|\n|poke|p1|Qwilfish-Hisui, M|\n|poke|p1|Hydreigon, M|\n|poke|p1|Meowscarada, M|\n|poke|p1|Gyarados, M|\n|poke|p2|Umbreon, F|\n|poke|p2|Excadrill, F|\n|poke|p2|Corviknight, F|\n|poke|p2|Sableye, F|\n|poke|p2|Tapu Fini|\n|poke|p2|Dragalge, F|\n|teampreview\n|inactive|Battle timer is ON: inactive players will automatically lose when time's up. (requested by RandoTestAccount)\n|\n|t:|1700171767\n|start\n|switch|p1a: Qwilfish|Qwilfish-Hisui, M|100\/100\n|switch|p2a: Spectre of Emerald|Sableye, F, shiny|100\/100\n|-ability|p1a: Qwilfish|Intimidate|boost\n|-unboost|p2a: Spectre of Emerald|atk|1\n|turn|1\n|\n|t:|1700171773\n|detailschange|p2a: Spectre of Emerald|Sableye-Mega, F, shiny\n|-mega|p2a: Spectre of Emerald|Sableye|Sablenite\n|move|p1a: Qwilfish|Chilling Water|p2a: Spectre of Emerald\n|-damage|p2a: Spectre of Emerald|94\/100\n|-unboost|p2a: Spectre of Emerald|atk|1\n|move|p2a: Spectre of Emerald|Will-O-Wisp|p1a: Qwilfish|[miss]\n|-miss|p2a: Spectre of Emerald|p1a: Qwilfish\n|\n|upkeep\n|turn|2\n|\n|t:|1700171792\n|switch|p1a: Grimmsnarl|Grimmsnarl, M|100\/100\n|move|p2a: Spectre of Emerald|Will-O-Wisp|p1a: Grimmsnarl\n|-status|p1a: Grimmsnarl|brn\n|\n|-damage|p1a: Grimmsnarl|94\/100 brn|[from] brn\n|upkeep\n|turn|3\n|\n|t:|1700171799\n|move|p1a: Grimmsnarl|Reflect|p1a: Grimmsnarl\n|-sidestart|p1: globalpandemic|Reflect\n|move|p2a: Spectre of Emerald|Calm Mind|p2a: Spectre of Emerald\n|-boost|p2a: Spectre of Emerald|spa|1\n|-boost|p2a: Spectre of Emerald|spd|1\n|\n|-damage|p1a: Grimmsnarl|88\/100 brn|[from] brn\n|upkeep\n|turn|4\n|\n|t:|1700171805\n|move|p1a: Grimmsnarl|Light Screen|p1a: Grimmsnarl\n|-sidestart|p1: globalpandemic|move: Light Screen\n|move|p2a: Spectre of Emerald|Calm Mind|p2a: Spectre of Emerald\n|-boost|p2a: Spectre of Emerald|spa|1\n|-boost|p2a: Spectre of Emerald|spd|1\n|\n|-damage|p1a: Grimmsnarl|82\/100 brn|[from] brn\n|upkeep\n|turn|5\n|\n|t:|1700171828\n|switch|p1a: Qwilfish|Qwilfish-Hisui, M|100\/100\n|-ability|p1a: Qwilfish|Intimidate|boost\n|-unboost|p2a: Spectre of Emerald|atk|1\n|move|p2a: Spectre of Emerald|Calm Mind|p2a: Spectre of Emerald\n|-boost|p2a: Spectre of Emerald|spa|1\n|-boost|p2a: Spectre of Emerald|spd|1\n|\n|upkeep\n|turn|6\n|\n|t:|1700171835\n|move|p1a: Qwilfish|Haze|p1a: Qwilfish\n|-clearallboost\n|move|p2a: Spectre of Emerald|Will-O-Wisp|p1a: Qwilfish\n|-status|p1a: Qwilfish|brn\n|\n|-damage|p1a: Qwilfish|95\/100 brn|[from] brn\n|upkeep\n|turn|7\n|\n|t:|1700171843\n|switch|p1a: Hydreigon|Hydreigon, M|100\/100\n|move|p2a: Spectre of Emerald|Calm Mind|p2a: Spectre of Emerald\n|-boost|p2a: Spectre of Emerald|spa|1\n|-boost|p2a: Spectre of Emerald|spd|1\n|\n|upkeep\n|turn|8\n|\n|t:|1700171869\n|move|p1a: Hydreigon|Flash Cannon|p2a: Spectre of Emerald\n|-damage|p2a: Spectre of Emerald|70\/100\n|move|p2a: Spectre of Emerald|Calm Mind|p2a: Spectre of Emerald\n|-boost|p2a: Spectre of Emerald|spa|1\n|-boost|p2a: Spectre of Emerald|spd|1\n|\n|upkeep\n|turn|9\n|\n|t:|1700171875\n|switch|p1a: Qwilfish|Qwilfish-Hisui, M|95\/100 brn\n|-ability|p1a: Qwilfish|Intimidate|boost\n|-unboost|p2a: Spectre of Emerald|atk|1\n|move|p2a: Spectre of Emerald|Calm Mind|p2a: Spectre of Emerald\n|-boost|p2a: Spectre of Emerald|spa|1\n|-boost|p2a: Spectre of Emerald|spd|1\n|\n|-damage|p1a: Qwilfish|89\/100 brn|[from] brn\n|upkeep\n|turn|10\n|\n|t:|1700171883\n|switch|p2a: The Lonesome One|Excadrill, F, shiny|100\/100\n|-ability|p2a: The Lonesome One|Mold Breaker\n|move|p1a: Qwilfish|Haze|p1a: Qwilfish\n|-clearallboost\n|\n|-damage|p1a: Qwilfish|83\/100 brn|[from] brn\n|-sideend|p1: globalpandemic|Reflect\n|upkeep\n|turn|11\n|\n|t:|1700171893\n|move|p2a: The Lonesome One|Earthquake|p1a: Qwilfish\n|-supereffective|p1a: Qwilfish\n|-damage|p1a: Qwilfish|0 fnt\n|faint|p1a: Qwilfish\n|\n|-sideend|p1: globalpandemic|move: Light Screen\n|upkeep\n|\n|t:|1700171899\n|switch|p1a: Grimmsnarl|Grimmsnarl, M|82\/100 brn\n|turn|12\n|\n|t:|1700171912\n|move|p1a: Grimmsnarl|Reflect|p1a: Grimmsnarl\n|-sidestart|p1: globalpandemic|Reflect\n|move|p2a: The Lonesome One|Swords Dance|p2a: The Lonesome One\n|-boost|p2a: The Lonesome One|atk|2\n|\n|-damage|p1a: Grimmsnarl|76\/100 brn|[from] brn\n|upkeep\n|turn|13\n|\n|t:|1700171918\n|move|p1a: Grimmsnarl|Taunt|p2a: The Lonesome One\n|-start|p2a: The Lonesome One|move: Taunt\n|move|p2a: The Lonesome One|Rapid Spin|p1a: Grimmsnarl\n|-damage|p1a: Grimmsnarl|53\/100 brn\n|-boost|p2a: The Lonesome One|spe|1\n|\n|-damage|p1a: Grimmsnarl|47\/100 brn|[from] brn\n|upkeep\n|turn|14\n|\n|t:|1700171930\n|switch|p1a: Tyranitar|Tyranitar, M|100\/100\n|-ability|p1a: Tyranitar|Unnerve\n|move|p2a: The Lonesome One|Rapid Spin|p1a: Tyranitar\n|-resisted|p1a: Tyranitar\n|-damage|p1a: Tyranitar|94\/100\n|-boost|p2a: The Lonesome One|spe|1\n|\n|-heal|p1a: Tyranitar|100\/100|[from] item: Leftovers\n|upkeep\n|turn|15\n|\n|t:|1700171939\n|move|p2a: The Lonesome One|Earthquake|p1a: Tyranitar\n|-supereffective|p1a: Tyranitar\n|-damage|p1a: Tyranitar|23\/100\n|move|p1a: Tyranitar|Earthquake|p2a: The Lonesome One\n|-supereffective|p2a: The Lonesome One\n|-damage|p2a: The Lonesome One|23\/100\n|\n|-heal|p2a: The Lonesome One|29\/100|[from] item: Leftovers\n|-heal|p1a: Tyranitar|29\/100|[from] item: Leftovers\n|-end|p2a: The Lonesome One|move: Taunt\n|upkeep\n|turn|16\n|\n|t:|1700171952\n|move|p2a: The Lonesome One|Iron Head|p1a: Tyranitar\n|-supereffective|p1a: Tyranitar\n|-damage|p1a: Tyranitar|0 fnt\n|faint|p1a: Tyranitar\n|\n|-heal|p2a: The Lonesome One|35\/100|[from] item: Leftovers\n|upkeep\n|\n|t:|1700171958\n|switch|p1a: Meowscarada|Meowscarada, M|100\/100\n|turn|17\n|\n|t:|1700171970\n|move|p2a: The Lonesome One|Iron Head|p1a: Meowscarada\n|-damage|p1a: Meowscarada|17\/100\n|move|p1a: Meowscarada|Flower Trick|p2a: The Lonesome One\n|-start|p1a: Meowscarada|typechange|Grass|[from] ability: Protean\n|-crit|p2a: The Lonesome One\n|-damage|p2a: The Lonesome One|0 fnt\n|faint|p2a: The Lonesome One\n|-damage|p1a: Meowscarada|7\/100|[from] item: Life Orb\n|\n|upkeep\n|\n|t:|1700171986\n|switch|p2a: Spectre of Emerald|Sableye-Mega, F, shiny|70\/100\n|turn|18\n|\n|t:|1700171992\n|move|p1a: Meowscarada|Flower Trick|p2a: Spectre of Emerald\n|-crit|p2a: Spectre of Emerald\n|-damage|p2a: Spectre of Emerald|27\/100\n|-damage|p1a: Meowscarada|0 fnt|[from] item: Life Orb\n|faint|p1a: Meowscarada\n|move|p2a: Spectre of Emerald|Recover|p2a: Spectre of Emerald\n|-heal|p2a: Spectre of Emerald|77\/100\n|\n|upkeep\n|\n|t:|1700172001\n|switch|p1a: Hydreigon|Hydreigon, M|100\/100\n|turn|19\n|\n|t:|1700172008\n|switch|p2a: Agony Steelheart|Dragalge, F, shiny|100\/100\n|move|p1a: Hydreigon|Draco Meteor|p2a: Agony Steelheart\n|-supereffective|p2a: Agony Steelheart\n|-damage|p2a: Agony Steelheart|0 fnt\n|-unboost|p1a: Hydreigon|spa|2\n|faint|p2a: Agony Steelheart\n|\n|-sideend|p1: globalpandemic|Reflect\n|upkeep\n|\n|t:|1700172019\n|switch|p2a: The Droplet Tear|Tapu Fini, shiny|100\/100\n|-fieldstart|move: Misty Terrain|[from] ability: Misty Surge|[of] p2a: The Droplet Tear\n|turn|20\n|\n|t:|1700172024\n|switch|p1a: Grimmsnarl|Grimmsnarl, M|47\/100 brn\n|move|p2a: The Droplet Tear|Substitute|p2a: The Droplet Tear\n|-start|p2a: The Droplet Tear|Substitute\n|-damage|p2a: The Droplet Tear|76\/100\n|\n|-heal|p2a: The Droplet Tear|82\/100|[from] item: Leftovers\n|-damage|p1a: Grimmsnarl|40\/100 brn|[from] brn\n|upkeep\n|turn|21\n|\n|t:|1700172034\n|move|p1a: Grimmsnarl|Light Screen|p1a: Grimmsnarl\n|-sidestart|p1: globalpandemic|move: Light Screen\n|move|p2a: The Droplet Tear|Moonblast|p1a: Grimmsnarl\n|-supereffective|p1a: Grimmsnarl\n|-damage|p1a: Grimmsnarl|14\/100 brn\n|\n|-heal|p2a: The Droplet Tear|88\/100|[from] item: Leftovers\n|-damage|p1a: Grimmsnarl|8\/100 brn|[from] brn\n|upkeep\n|turn|22\n|\n|t:|1700172045\n|move|p1a: Grimmsnarl|Taunt|p2a: The Droplet Tear\n|-start|p2a: The Droplet Tear|move: Taunt\n|cant|p2a: The Droplet Tear|move: Taunt|Calm Mind\n|\n|-heal|p2a: The Droplet Tear|94\/100|[from] item: Leftovers\n|-damage|p1a: Grimmsnarl|2\/100 brn|[from] brn\n|upkeep\n|turn|23\n|\n|t:|1700172052\n|move|p2a: The Droplet Tear|Moonblast|p1a: Grimmsnarl\n|-supereffective|p1a: Grimmsnarl\n|-damage|p1a: Grimmsnarl|0 fnt\n|faint|p1a: Grimmsnarl\n|\n|-heal|p2a: The Droplet Tear|99\/100|[from] item: Leftovers\n|upkeep\n|\n|t:|1700172058\n|switch|p1a: Gyarados|Gyarados, M|100\/100\n|turn|24\n|\n|t:|1700172077\n|move|p1a: Gyarados|Dragon Dance|p1a: Gyarados\n|-boost|p1a: Gyarados|atk|1\n|-boost|p1a: Gyarados|spe|1\n|move|p2a: The Droplet Tear|Moonblast|p1a: Gyarados\n|-damage|p1a: Gyarados|86\/100\n|\n|-heal|p2a: The Droplet Tear|100\/100|[from] item: Leftovers\n|-end|p2a: The Droplet Tear|move: Taunt\n|-fieldend|Misty Terrain\n|upkeep\n|turn|25\n|\n|t:|1700172087\n|move|p1a: Gyarados|Dragon Dance|p1a: Gyarados\n|-boost|p1a: Gyarados|atk|1\n|-boost|p1a: Gyarados|spe|1\n|move|p2a: The Droplet Tear|Scald|p1a: Gyarados\n|-resisted|p1a: Gyarados\n|-damage|p1a: Gyarados|79\/100\n|-status|p1a: Gyarados|brn\n|\n|-damage|p1a: Gyarados|73\/100 brn|[from] brn\n|upkeep\n|turn|26\n|\n|t:|1700172095\n|move|p1a: Gyarados|Dragon Dance|p1a: Gyarados\n|-boost|p1a: Gyarados|atk|1\n|-boost|p1a: Gyarados|spe|1\n|move|p2a: The Droplet Tear|Calm Mind|p2a: The Droplet Tear\n|-boost|p2a: The Droplet Tear|spa|1\n|-boost|p2a: The Droplet Tear|spd|1\n|\n|-damage|p1a: Gyarados|67\/100 brn|[from] brn\n|upkeep\n|turn|27\n|\n|t:|1700172104\n|move|p1a: Gyarados|Earthquake|p2a: The Droplet Tear\n|-end|p2a: The Droplet Tear|Substitute\n|move|p2a: The Droplet Tear|Calm Mind|p2a: The Droplet Tear\n|-boost|p2a: The Droplet Tear|spa|1\n|-boost|p2a: The Droplet Tear|spd|1\n|\n|-damage|p1a: Gyarados|61\/100 brn|[from] brn\n|upkeep\n|turn|28\n|\n|t:|1700172111\n|move|p1a: Gyarados|Earthquake|p2a: The Droplet Tear\n|-damage|p2a: The Droplet Tear|69\/100\n|move|p2a: The Droplet Tear|Moonblast|p1a: Gyarados\n|-damage|p1a: Gyarados|28\/100 brn\n|\n|-heal|p2a: The Droplet Tear|75\/100|[from] item: Leftovers\n|-damage|p1a: Gyarados|22\/100 brn|[from] brn\n|-sideend|p1: globalpandemic|move: Light Screen\n|upkeep\n|turn|29\n|\n|t:|1700172120\n|detailschange|p1a: Gyarados|Gyarados-Mega, M\n|-mega|p1a: Gyarados|Gyarados|Gyaradosite\n|-ability|p1a: Gyarados|Mold Breaker\n|move|p1a: Gyarados|Waterfall|p2a: The Droplet Tear\n|-resisted|p2a: The Droplet Tear\n|-damage|p2a: The Droplet Tear|50\/100\n|cant|p2a: The Droplet Tear|flinch\n|\n|-heal|p2a: The Droplet Tear|56\/100|[from] item: Leftovers\n|-damage|p1a: Gyarados|16\/100 brn|[from] brn\n|upkeep\n|turn|30\n|\n|t:|1700172130\n|move|p1a: Gyarados|Waterfall|p2a: The Droplet Tear\n|-resisted|p2a: The Droplet Tear\n|-damage|p2a: The Droplet Tear|32\/100\n|move|p2a: The Droplet Tear|Moonblast|p1a: Gyarados\n|-supereffective|p1a: Gyarados\n|-damage|p1a: Gyarados|0 fnt\n|faint|p1a: Gyarados\n|\n|-heal|p2a: The Droplet Tear|38\/100|[from] item: Leftovers\n|upkeep\n|\n|t:|1700172138\n|switch|p1a: Hydreigon|Hydreigon, M|100\/100\n|turn|31\n|\n|t:|1700172141\n|-terastallize|p1a: Hydreigon|Flying\n|move|p1a: Hydreigon|Tera Blast|p2a: The Droplet Tear|[anim] Tera Blast Flying\n|-damage|p2a: The Droplet Tear|15\/100\n|move|p2a: The Droplet Tear|Moonblast|p1a: Hydreigon\n|-damage|p1a: Hydreigon|31\/100\n|\n|-heal|p2a: The Droplet Tear|21\/100|[from] item: Leftovers\n|upkeep\n|turn|32\n|\n|t:|1700172151\n|move|p1a: Hydreigon|Tera Blast|p2a: The Droplet Tear|[anim] Tera Blast Flying\n|-damage|p2a: The Droplet Tear|0 fnt\n|faint|p2a: The Droplet Tear\n|\n|upkeep\n|\n|t:|1700172157\n|switch|p2a: Ephialtes Keeper|Corviknight, F, shiny|100\/100\n|-ability|p2a: Ephialtes Keeper|Pressure\n|turn|33\n|\n|t:|1700172161\n|move|p1a: Hydreigon|Tera Blast|p2a: Ephialtes Keeper|[anim] Tera Blast Flying\n|-resisted|p2a: Ephialtes Keeper\n|-damage|p2a: Ephialtes Keeper|77\/100\n|move|p2a: Ephialtes Keeper|Brave Bird|p1a: Hydreigon\n|-damage|p1a: Hydreigon|0 fnt\n|faint|p1a: Hydreigon\n|-damage|p2a: Ephialtes Keeper|67\/100|[from] Recoil\n|\n|win|RandoTestAccount\n|raw|globalpandemic's rating: 1099 &rarr; <strong>1082<\/strong><br \/>(-17 for losing)\n|raw|RandoTestAccount's rating: 1205 &rarr; <strong>1223<\/strong><br \/>(+18 for winning)\n|l|\u2606globalpandemic\n","uploadtime":1700172168,"views":9,"p1id":"globalpandemic","p2id":"randotestaccount","formatid":"gen9nationaldex","rating":1082,"private":0,"password":""}