{"id":"gen9nationaldex-1991040517","p1":"Kuzwa","p2":"zxchenxi","format":"[Gen 9] National Dex","log":"|j|\u2606Kuzwa\n|j|\u2606zxchenxi\n|t:|1700032934\n|gametype|singles\n|player|p1|Kuzwa|parasollady|1350\n|player|p2|zxchenxi|rosa|1238\n|teamsize|p1|6\n|teamsize|p2|6\n|gen|9\n|tier|[Gen 9] National Dex\n|rated|\n|rule|HP Percentage Mod: HP is shown in percentages\n|rule|Endless Battle Clause: Forcing endless battles is banned\n|rule|OHKO Clause: OHKO moves are banned\n|rule|Evasion Clause: Evasion abilities, items, and moves are banned\n|rule|Evasion Abilities Clause: Evasion abilities are banned\n|rule|Evasion Items Clause: Evasion items are banned\n|rule|Evasion Moves Clause: Evasion moves are banned\n|rule|Species Clause: Limit one of each Pok\u00e9mon\n|rule|Sleep Clause Mod: Limit one foe put to sleep\n|clearpoke\n|poke|p1|Kartana|\n|poke|p1|Weavile, M|\n|poke|p1|Ogerpon-Wellspring, F|\n|poke|p1|Zeraora|\n|poke|p1|Glimmora, M|\n|poke|p1|Blaziken, M|\n|poke|p2|Pinsir, F|\n|poke|p2|Gliscor, F|\n|poke|p2|Ogerpon-Wellspring, F|\n|poke|p2|Heatran, F|\n|poke|p2|Ferrothorn, F|\n|poke|p2|Glimmora, F|\n|teampreview\n|inactive|Battle timer is ON: inactive players will automatically lose when time's up. (requested by zxchenxi)\n|\n|t:|1700032942\n|start\n|switch|p1a: thing|Glimmora, M|100\/100\n|switch|p2a: Glimmora|Glimmora, F|100\/100\n|-item|p1a: thing|Air Balloon\n|turn|1\n|\n|t:|1700032955\n|move|p2a: Glimmora|Stealth Rock|p1a: thing\n|-sidestart|p1: Kuzwa|move: Stealth Rock\n|move|p1a: thing|Earth Power|p2a: Glimmora\n|-supereffective|p2a: Glimmora\n|-crit|p2a: Glimmora\n|-damage|p2a: Glimmora|0 fnt\n|faint|p2a: Glimmora\n|\n|upkeep\n|\n|t:|1700032973\n|switch|p2a: Ogerpon|Ogerpon-Wellspring, F|100\/100\n|turn|2\n|\n|t:|1700032979\n|move|p2a: Ogerpon|Ivy Cudgel|p1a: thing|[anim] Ivy Cudgel Water\n|-supereffective|p1a: thing\n|-damage|p1a: thing|0 fnt\n|-activate|p1a: thing|ability: Toxic Debris\n|-sidestart|p2: zxchenxi|move: Toxic Spikes\n|-enditem|p1a: thing|Air Balloon\n|faint|p1a: thing\n|\n|upkeep\n|\n|t:|1700032994\n|switch|p1a: Junpei Iori|Weavile, M, shiny|100\/100\n|-damage|p1a: Junpei Iori|76\/100|[from] Stealth Rock\n|turn|3\n|\n|t:|1700033016\n|-terastallize|p2a: Ogerpon|Water\n|detailschange|p2a: Ogerpon|Ogerpon-Wellspring-Tera, F, tera:Water\n|-ability|p2a: Ogerpon|Embody Aspect (Wellspring)|boost\n|-boost|p2a: Ogerpon|spd|1\n|move|p1a: Junpei Iori|Ice Spinner|p2a: Ogerpon\n|-resisted|p2a: Ogerpon\n|-damage|p2a: Ogerpon|75\/100\n|move|p2a: Ogerpon|Ivy Cudgel|p1a: Junpei Iori|[anim] Ivy Cudgel Water\n|-damage|p1a: Junpei Iori|0 fnt\n|faint|p1a: Junpei Iori\n|\n|upkeep\n|\n|t:|1700033032\n|switch|p1a: Makoto Yuki|Kartana, shiny|100\/100\n|-damage|p1a: Makoto Yuki|94\/100|[from] Stealth Rock\n|turn|4\n|\n|t:|1700033048\n|switch|p2a: Heatran|Heatran, F|100\/100\n|move|p1a: Makoto Yuki|Leaf Blade|p2a: Heatran\n|-resisted|p2a: Heatran\n|-damage|p2a: Heatran|87\/100\n|\n|-heal|p2a: Heatran|94\/100|[from] item: Leftovers\n|upkeep\n|turn|5\n|\n|t:|1700033059\n|move|p2a: Heatran|Protect|p2a: Heatran\n|-singleturn|p2a: Heatran|Protect\n|move|p1a: Makoto Yuki|Sacred Sword|p2a: Heatran\n|-activate|p2a: Heatran|move: Protect\n|\n|-heal|p2a: Heatran|99\/100|[from] item: Leftovers\n|upkeep\n|turn|6\n|inactive|zxchenxi has 120 seconds left.\n|\n|t:|1700033095\n|switch|p2a: Gliscor|Gliscor, F|100\/100\n|move|p1a: Makoto Yuki|Swords Dance|p1a: Makoto Yuki\n|-boost|p1a: Makoto Yuki|atk|2\n|\n|-status|p2a: Gliscor|tox|[from] item: Toxic Orb\n|upkeep\n|turn|7\n|\n|t:|1700033113\n|move|p1a: Makoto Yuki|Leaf Blade|p2a: Gliscor\n|-damage|p2a: Gliscor|0 fnt\n|faint|p2a: Gliscor\n|-ability|p1a: Makoto Yuki|Beast Boost|boost\n|-boost|p1a: Makoto Yuki|atk|1\n|\n|upkeep\n|\n|t:|1700033120\n|switch|p2a: Ogerpon|Ogerpon-Wellspring-Tera, F, tera:Water|75\/100\n|-status|p2a: Ogerpon|psn\n|-ability|p2a: Ogerpon|Embody Aspect (Wellspring)|boost\n|-boost|p2a: Ogerpon|spd|1\n|turn|8\n|\n|t:|1700033126\n|move|p2a: Ogerpon|Superpower|p1a: Makoto Yuki\n|-supereffective|p1a: Makoto Yuki\n|-damage|p1a: Makoto Yuki|0 fnt\n|-unboost|p2a: Ogerpon|atk|1\n|-unboost|p2a: Ogerpon|def|1\n|faint|p1a: Makoto Yuki\n|\n|-damage|p2a: Ogerpon|63\/100 psn|[from] psn\n|upkeep\n|\n|t:|1700033132\n|switch|p1a: Ken Amada|Zeraora|100\/100\n|-damage|p1a: Ken Amada|88\/100|[from] Stealth Rock\n|turn|9\n|\n|t:|1700033142\n|switch|p2a: Ferrothorn|Ferrothorn, F|100\/100\n|move|p1a: Ken Amada|Plasma Fists|p2a: Ferrothorn\n|-resisted|p2a: Ferrothorn\n|-damage|p2a: Ferrothorn|84\/100\n|-fieldactivate|move: Ion Deluge\n|-hint|Normal-type moves become Electric-type after using Plasma Fists.\n|-damage|p1a: Ken Amada|76\/100|[from] ability: Iron Barbs|[of] p2a: Ferrothorn\n|\n|-heal|p2a: Ferrothorn|91\/100|[from] item: Leftovers\n|upkeep\n|turn|10\n|\n|t:|1700033156\n|switch|p1a: Akihiko Sanada|Blaziken, M, shiny|100\/100\n|-damage|p1a: Akihiko Sanada|88\/100|[from] Stealth Rock\n|move|p2a: Ferrothorn|Leech Seed|p1a: Akihiko Sanada\n|-start|p1a: Akihiko Sanada|move: Leech Seed\n|\n|-heal|p2a: Ferrothorn|97\/100|[from] item: Leftovers\n|-damage|p1a: Akihiko Sanada|76\/100|[from] Leech Seed|[of] p2a: Ferrothorn\n|-heal|p2a: Ferrothorn|100\/100|[silent]\n|upkeep\n|turn|11\n|\n|t:|1700033180\n|switch|p2a: Heatran|Heatran, F|99\/100\n|move|p1a: Akihiko Sanada|Swords Dance|p1a: Akihiko Sanada\n|-boost|p1a: Akihiko Sanada|atk|2\n|\n|-heal|p2a: Heatran|100\/100|[from] item: Leftovers\n|-damage|p1a: Akihiko Sanada|64\/100|[from] Leech Seed|[of] p2a: Heatran\n|-ability|p1a: Akihiko Sanada|Speed Boost|boost\n|-boost|p1a: Akihiko Sanada|spe|1\n|upkeep\n|turn|12\n|\n|t:|1700033191\n|move|p2a: Heatran|Protect|p2a: Heatran\n|-singleturn|p2a: Heatran|Protect\n|move|p1a: Akihiko Sanada|Close Combat|p2a: Heatran\n|-activate|p2a: Heatran|move: Protect\n|\n|-damage|p1a: Akihiko Sanada|51\/100|[from] Leech Seed|[of] p2a: Heatran\n|-ability|p1a: Akihiko Sanada|Speed Boost|boost\n|-boost|p1a: Akihiko Sanada|spe|1\n|upkeep\n|turn|13\n|\n|t:|1700033205\n|switch|p2a: Pinsir|Pinsir, F|100\/100\n|-status|p2a: Pinsir|psn\n|move|p1a: Akihiko Sanada|Close Combat|p2a: Pinsir\n|-resisted|p2a: Pinsir\n|-damage|p2a: Pinsir|14\/100 psn\n|-unboost|p1a: Akihiko Sanada|def|1\n|-unboost|p1a: Akihiko Sanada|spd|1\n|\n|-damage|p1a: Akihiko Sanada|39\/100|[from] Leech Seed|[of] p2a: Pinsir\n|-heal|p2a: Pinsir|28\/100 psn|[silent]\n|-damage|p2a: Pinsir|16\/100 psn|[from] psn\n|-ability|p1a: Akihiko Sanada|Speed Boost|boost\n|-boost|p1a: Akihiko Sanada|spe|1\n|upkeep\n|turn|14\n|\n|t:|1700033220\n|detailschange|p2a: Pinsir|Pinsir-Mega, F\n|-mega|p2a: Pinsir|Pinsir|Pinsirite\n|move|p2a: Pinsir|Quick Attack|p1a: Akihiko Sanada\n|-supereffective|p1a: Akihiko Sanada\n|-damage|p1a: Akihiko Sanada|0 fnt\n|faint|p1a: Akihiko Sanada\n|\n|-damage|p2a: Pinsir|3\/100 psn|[from] psn\n|upkeep\n|\n|t:|1700033225\n|switch|p1a: Ken Amada|Zeraora|76\/100\n|-damage|p1a: Ken Amada|64\/100|[from] Stealth Rock\n|turn|15\n|\n|t:|1700033232\n|move|p1a: Ken Amada|Fake Out|p2a: Pinsir\n|-damage|p2a: Pinsir|0 fnt\n|faint|p2a: Pinsir\n|\n|upkeep\n|\n|t:|1700033240\n|switch|p2a: Ferrothorn|Ferrothorn, F|100\/100\n|turn|16\n|\n|t:|1700033245\n|-terastallize|p1a: Ken Amada|Flying\n|move|p1a: Ken Amada|Bulk Up|p1a: Ken Amada\n|-boost|p1a: Ken Amada|atk|1\n|-boost|p1a: Ken Amada|def|1\n|move|p2a: Ferrothorn|Leech Seed|p1a: Ken Amada|[miss]\n|-miss|p2a: Ferrothorn|p1a: Ken Amada\n|\n|upkeep\n|turn|17\n|\n|t:|1700033253\n|move|p1a: Ken Amada|Bulk Up|p1a: Ken Amada\n|-boost|p1a: Ken Amada|atk|1\n|-boost|p1a: Ken Amada|def|1\n|move|p2a: Ferrothorn|Leech Seed|p1a: Ken Amada\n|-start|p1a: Ken Amada|move: Leech Seed\n|\n|-damage|p1a: Ken Amada|51\/100|[from] Leech Seed|[of] p2a: Ferrothorn\n|upkeep\n|turn|18\n|\n|t:|1700033264\n|move|p1a: Ken Amada|Bulk Up|p1a: Ken Amada\n|-boost|p1a: Ken Amada|atk|1\n|-boost|p1a: Ken Amada|def|1\n|move|p2a: Ferrothorn|Gyro Ball|p1a: Ken Amada\n|-damage|p1a: Ken Amada|25\/100\n|\n|-damage|p1a: Ken Amada|13\/100|[from] Leech Seed|[of] p2a: Ferrothorn\n|upkeep\n|turn|19\n|\n|t:|1700033274\n|move|p1a: Ken Amada|Drain Punch|p2a: Ferrothorn\n|-supereffective|p2a: Ferrothorn\n|-damage|p2a: Ferrothorn|19\/100\n|-heal|p1a: Ken Amada|58\/100|[from] drain|[of] p2a: Ferrothorn\n|-damage|p1a: Ken Amada|46\/100|[from] ability: Iron Barbs|[of] p2a: Ferrothorn\n|move|p2a: Ferrothorn|Gyro Ball|p1a: Ken Amada\n|-damage|p1a: Ken Amada|18\/100\n|\n|-heal|p2a: Ferrothorn|25\/100|[from] item: Leftovers\n|-damage|p1a: Ken Amada|5\/100|[from] Leech Seed|[of] p2a: Ferrothorn\n|-heal|p2a: Ferrothorn|37\/100|[silent]\n|upkeep\n|turn|20\n|\n|t:|1700033288\n|move|p1a: Ken Amada|Drain Punch|p2a: Ferrothorn\n|-supereffective|p2a: Ferrothorn\n|-damage|p2a: Ferrothorn|0 fnt\n|-heal|p1a: Ken Amada|25\/100|[from] drain|[of] p2a: Ferrothorn\n|-damage|p1a: Ken Amada|13\/100|[from] ability: Iron Barbs|[of] p2a: Ferrothorn\n|faint|p2a: Ferrothorn\n|\n|upkeep\n|inactive|zxchenxi has 120 seconds left.\n|\n|t:|1700033299\n|switch|p2a: Heatran|Heatran, F|100\/100\n|turn|21\n|\n|t:|1700033304\n|move|p2a: Heatran|Protect|p2a: Heatran\n|-singleturn|p2a: Heatran|Protect\n|move|p1a: Ken Amada|Drain Punch|p2a: Heatran\n|-activate|p2a: Heatran|move: Protect\n|\n|-damage|p1a: Ken Amada|1\/100|[from] Leech Seed|[of] p2a: Heatran\n|upkeep\n|turn|22\n|\n|t:|1700033313\n|move|p2a: Heatran|Protect||[still]\n|-fail|p2a: Heatran\n|move|p1a: Ken Amada|Drain Punch|p2a: Heatran\n|-supereffective|p2a: Heatran\n|-damage|p2a: Heatran|0 fnt\n|-heal|p1a: Ken Amada|62\/100|[from] drain|[of] p2a: Heatran\n|faint|p2a: Heatran\n|\n|upkeep\n|-message|zxchenxi forfeited.\n|\n|win|Kuzwa\n|raw|Kuzwa's rating: 1350 &rarr; <strong>1364<\/strong><br \/>(+14 for winning)\n|raw|zxchenxi's rating: 1238 &rarr; <strong>1221<\/strong><br \/>(-17 for losing)\n|l|\u2606zxchenxi\n","uploadtime":1700033321,"views":5,"p1id":"kuzwa","p2id":"zxchenxi","formatid":"gen9nationaldex","rating":1221,"private":0,"password":""}