{"id":"gen9nationaldex-1998751133","p1":"hirunohoshi","p2":"BringBackTogekiss","format":"[Gen 9] National Dex","log":"|html|<div class=\"broadcast-blue\"><strong>[Gen 9] National Dex is currently suspecting Sneasler! For information on how to participate check out the <a href=\"https:\/\/www.smogon.com\/forums\/threads\/sv-national-dex-suspect-8-just-dance.3731534\/\">suspect thread<\/a>.<\/strong><\/div>\n|j|\u2606hirunohoshi\n|j|\u2606BringBackTogekiss\n|t:|1700983262\n|gametype|singles\n|player|p1|hirunohoshi|170|1375\n|player|p2|BringBackTogekiss|cynthia-masters3|1528\n|teamsize|p1|6\n|teamsize|p2|6\n|gen|9\n|tier|[Gen 9] National Dex\n|rated|\n|rule|HP Percentage Mod: HP is shown in percentages\n|rule|Endless Battle Clause: Forcing endless battles is banned\n|rule|OHKO Clause: OHKO moves are banned\n|rule|Evasion Clause: Evasion abilities, items, and moves are banned\n|rule|Evasion Abilities Clause: Evasion abilities are banned\n|rule|Evasion Items Clause: Evasion items are banned\n|rule|Evasion Moves Clause: Evasion moves are banned\n|rule|Species Clause: Limit one of each Pok\u00e9mon\n|rule|Sleep Clause Mod: Limit one foe put to sleep\n|clearpoke\n|poke|p1|Sharpedo, F|\n|poke|p1|Tyranitar, F|\n|poke|p1|Alomomola, F|\n|poke|p1|Rillaboom, M|\n|poke|p1|Kleavor, F|\n|poke|p1|Blaziken, F|\n|poke|p2|Ninetales-Alola, F|\n|poke|p2|Banette, F|\n|poke|p2|Manaphy|\n|poke|p2|Tapu Koko|\n|poke|p2|Sneasler, M|\n|poke|p2|Togekiss, M|\n|teampreview\n|inactive|Battle timer is ON: inactive players will automatically lose when time's up. (requested by hirunohoshi)\n|\n|t:|1700983275\n|start\n|switch|p1a: Blaziken|Blaziken, F|100\/100\n|switch|p2a: Sneasler|Sneasler, M|100\/100\n|turn|1\n|\n|t:|1700983287\n|switch|p2a: Banette|Banette, F|100\/100\n|move|p1a: Blaziken|Protect||[still]\n|-fail|p1a: Blaziken\n|\n|-ability|p1a: Blaziken|Speed Boost|boost\n|-boost|p1a: Blaziken|spe|1\n|upkeep\n|turn|2\n|\n|t:|1700983306\n|detailschange|p2a: Banette|Banette-Mega, F\n|-mega|p2a: Banette|Banette|Banettite\n|move|p1a: Blaziken|Protect|p1a: Blaziken\n|-singleturn|p1a: Blaziken|Protect\n|move|p2a: Banette|Swords Dance|p2a: Banette\n|-boost|p2a: Banette|atk|2\n|\n|-ability|p1a: Blaziken|Speed Boost|boost\n|-boost|p1a: Blaziken|spe|1\n|upkeep\n|turn|3\n|\n|t:|1700983322\n|move|p1a: Blaziken|Overheat|p2a: Banette\n|-damage|p2a: Banette|11\/100\n|-unboost|p1a: Blaziken|spa|2\n|move|p2a: Banette|Poltergeist|p1a: Blaziken\n|-activate|p1a: Blaziken|move: Poltergeist|Razor Claw\n|-damage|p1a: Blaziken|0 fnt\n|faint|p1a: Blaziken\n|\n|upkeep\n|\n|t:|1700983329\n|switch|p1a: Rillaboom|Rillaboom, M|100\/100\n|-fieldstart|move: Grassy Terrain|[from] ability: Grassy Surge|[of] p1a: Rillaboom\n|turn|4\n|\n|t:|1700983337\n|switch|p2a: Togekiss|Togekiss, M|100\/100\n|move|p1a: Rillaboom|Grassy Glide|p2a: Togekiss\n|-resisted|p2a: Togekiss\n|-damage|p2a: Togekiss|68\/100\n|\n|upkeep\n|turn|5\n|\n|t:|1700983344\n|switch|p1a: Alomomola|Alomomola, F|100\/100\n|-zpower|p2a: Togekiss\n|move|p2a: Togekiss|Z-Tailwind|p2a: Togekiss|[anim]Tailwind\n|-start|p2a: Togekiss|move: Focus Energy|[zeffect]\n|-sidestart|p2: BringBackTogekiss|move: Tailwind\n|\n|upkeep\n|turn|6\n|\n|t:|1700983352\n|move|p1a: Alomomola|Protect|p1a: Alomomola\n|-singleturn|p1a: Alomomola|Protect\n|move|p2a: Togekiss|Air Slash|p1a: Alomomola\n|-activate|p1a: Alomomola|move: Protect\n|\n|upkeep\n|turn|7\n|\n|t:|1700983357\n|move|p2a: Togekiss|Air Slash|p1a: Alomomola\n|-crit|p1a: Alomomola\n|-damage|p1a: Alomomola|46\/100\n|cant|p1a: Alomomola|flinch\n|\n|-heal|p1a: Alomomola|52\/100|[from] Grassy Terrain\n|upkeep\n|turn|8\n|\n|t:|1700983366\n|move|p1a: Alomomola|Protect|p1a: Alomomola\n|-singleturn|p1a: Alomomola|Protect\n|move|p2a: Togekiss|Dazzling Gleam|p1a: Alomomola\n|-activate|p1a: Alomomola|move: Protect\n|\n|-heal|p1a: Alomomola|58\/100|[from] Grassy Terrain\n|-sideend|p2: BringBackTogekiss|move: Tailwind\n|-fieldend|move: Grassy Terrain\n|upkeep\n|turn|9\n|\n|t:|1700983374\n|move|p2a: Togekiss|Air Slash|p1a: Alomomola\n|-crit|p1a: Alomomola\n|-damage|p1a: Alomomola|5\/100\n|cant|p1a: Alomomola|flinch\n|\n|upkeep\n|turn|10\n|\n|t:|1700983399\n|move|p2a: Togekiss|Dazzling Gleam|p1a: Alomomola\n|-crit|p1a: Alomomola\n|-damage|p1a: Alomomola|0 fnt\n|faint|p1a: Alomomola\n|\n|upkeep\n|\n|t:|1700983401\n|switch|p1a: Kleavor|Kleavor, F|100\/100\n|turn|11\n|\n|t:|1700983406\n|move|p1a: Kleavor|Stone Axe|p2a: Togekiss\n|-supereffective|p2a: Togekiss\n|-damage|p2a: Togekiss|0 fnt\n|-sidestart|p2: BringBackTogekiss|move: Stealth Rock\n|faint|p2a: Togekiss\n|\n|upkeep\n|\n|t:|1700983415\n|switch|p2a: Tapu Koko|Tapu Koko|100\/100\n|-damage|p2a: Tapu Koko|88\/100|[from] Stealth Rock\n|-fieldstart|move: Electric Terrain|[from] ability: Electric Surge|[of] p2a: Tapu Koko\n|turn|12\n|\n|t:|1700983421\n|move|p2a: Tapu Koko|Volt Switch|p1a: Kleavor\n|-crit|p1a: Kleavor\n|-enditem|p1a: Kleavor|Focus Sash\n|-damage|p1a: Kleavor|1\/100\n|\n|t:|1700983427\n|switch|p2a: Banette|Banette-Mega, F|11\/100|[from] Volt Switch\n|-damage|p2a: Banette|0 fnt|[from] Stealth Rock\n|faint|p2a: Banette\n|move|p1a: Kleavor|Tailwind|p1a: Kleavor\n|-sidestart|p1: hirunohoshi|move: Tailwind\n|\n|upkeep\n|\n|t:|1700983437\n|switch|p2a: Manaphy|Manaphy|100\/100\n|-damage|p2a: Manaphy|88\/100|[from] Stealth Rock\n|turn|13\n|\n|t:|1700983444\n|switch|p1a: Rillaboom|Rillaboom, M|100\/100\n|-fieldstart|move: Grassy Terrain|[from] ability: Grassy Surge|[of] p1a: Rillaboom\n|move|p2a: Manaphy|Tail Glow|p2a: Manaphy\n|-boost|p2a: Manaphy|spa|3\n|\n|-heal|p2a: Manaphy|94\/100|[from] Grassy Terrain\n|-heal|p2a: Manaphy|99\/100|[from] item: Leftovers\n|upkeep\n|turn|14\n|\n|t:|1700983458\n|-terastallize|p2a: Manaphy|Dragon\n|move|p1a: Rillaboom|Wood Hammer|p2a: Manaphy\n|-resisted|p2a: Manaphy\n|-damage|p2a: Manaphy|56\/100\n|-damage|p1a: Rillaboom|87\/100|[from] Recoil\n|move|p2a: Manaphy|Substitute|p2a: Manaphy\n|-start|p2a: Manaphy|Substitute\n|-damage|p2a: Manaphy|31\/100\n|\n|-heal|p1a: Rillaboom|93\/100|[from] Grassy Terrain\n|-heal|p2a: Manaphy|37\/100|[from] Grassy Terrain\n|-heal|p2a: Manaphy|43\/100|[from] item: Leftovers\n|upkeep\n|turn|15\n|\n|t:|1700983470\n|move|p1a: Rillaboom|Wood Hammer|p2a: Manaphy\n|-resisted|p2a: Manaphy\n|-end|p2a: Manaphy|Substitute\n|-damage|p1a: Rillaboom|85\/100|[from] Recoil|[of] p2a: Manaphy\n|move|p2a: Manaphy|Ice Beam|p1a: Rillaboom\n|-supereffective|p1a: Rillaboom\n|-damage|p1a: Rillaboom|0 fnt\n|faint|p1a: Rillaboom\n|\n|-heal|p2a: Manaphy|49\/100|[from] Grassy Terrain\n|-heal|p2a: Manaphy|55\/100|[from] item: Leftovers\n|-sideend|p1: hirunohoshi|move: Tailwind\n|upkeep\n|\n|t:|1700983483\n|switch|p1a: Sharpedo|Sharpedo, F|100\/100\n|turn|16\n|\n|t:|1700983492\n|move|p2a: Manaphy|Substitute|p2a: Manaphy\n|-start|p2a: Manaphy|Substitute\n|-damage|p2a: Manaphy|30\/100\n|move|p1a: Sharpedo|Ice Fang|p2a: Manaphy\n|-supereffective|p2a: Manaphy\n|-end|p2a: Manaphy|Substitute\n|\n|-heal|p2a: Manaphy|36\/100|[from] Grassy Terrain\n|-heal|p2a: Manaphy|42\/100|[from] item: Leftovers\n|-ability|p1a: Sharpedo|Speed Boost|boost\n|-boost|p1a: Sharpedo|spe|1\n|upkeep\n|turn|17\n|\n|t:|1700983502\n|move|p1a: Sharpedo|Ice Fang|p2a: Manaphy\n|-supereffective|p2a: Manaphy\n|-damage|p2a: Manaphy|9\/100\n|move|p2a: Manaphy|Surf|p1a: Sharpedo\n|-resisted|p1a: Sharpedo\n|-damage|p1a: Sharpedo|0 fnt\n|faint|p1a: Sharpedo\n|\n|-heal|p2a: Manaphy|15\/100|[from] Grassy Terrain\n|-heal|p2a: Manaphy|21\/100|[from] item: Leftovers\n|-fieldend|move: Grassy Terrain\n|upkeep\n|\n|t:|1700983511\n|switch|p1a: Kleavor|Kleavor, F|1\/100\n|turn|18\n|\n|t:|1700983514\n|move|p2a: Manaphy|Surf|p1a: Kleavor\n|-supereffective|p1a: Kleavor\n|-damage|p1a: Kleavor|0 fnt\n|faint|p1a: Kleavor\n|\n|-heal|p2a: Manaphy|27\/100|[from] item: Leftovers\n|upkeep\n|\n|t:|1700983516\n|switch|p1a: Tyranitar|Tyranitar, F|100\/100\n|-weather|Sandstorm|[from] ability: Sand Stream|[of] p1a: Tyranitar\n|turn|19\n|\n|t:|1700983522\n|-terastallize|p1a: Tyranitar|Poison\n|move|p2a: Manaphy|Surf|p1a: Tyranitar\n|-crit|p1a: Tyranitar\n|-damage|p1a: Tyranitar|0 fnt\n|faint|p1a: Tyranitar\n|\n|win|BringBackTogekiss\n|raw|hirunohoshi's rating: 1375 &rarr; <strong>1363<\/strong><br \/>(-12 for losing)\n|raw|BringBackTogekiss's rating: 1528 &rarr; <strong>1540<\/strong><br \/>(+12 for winning)\n|l|\u2606hirunohoshi\n","uploadtime":1700983533,"views":4,"p1id":"hirunohoshi","p2id":"bringbacktogekiss","formatid":"gen9nationaldex","rating":1363,"private":0,"password":""}