{"id":"gen9nationaldex-1994525021","p1":"Sussy mongoose","p2":"Shuichi420","format":"[Gen 9] National Dex","log":"|j|\u2606Sussy mongoose\n|j|\u2606Shuichi420\n|t:|1700454519\n|gametype|singles\n|player|p1|Sussy mongoose|red-masters|1348\n|player|p2|Shuichi420|265|1486\n|teamsize|p1|6\n|teamsize|p2|6\n|gen|9\n|tier|[Gen 9] National Dex\n|rated|\n|rule|HP Percentage Mod: HP is shown in percentages\n|rule|Endless Battle Clause: Forcing endless battles is banned\n|rule|OHKO Clause: OHKO moves are banned\n|rule|Evasion Clause: Evasion abilities, items, and moves are banned\n|rule|Evasion Abilities Clause: Evasion abilities are banned\n|rule|Evasion Items Clause: Evasion items are banned\n|rule|Evasion Moves Clause: Evasion moves are banned\n|rule|Species Clause: Limit one of each Pok\u00e9mon\n|rule|Sleep Clause Mod: Limit one foe put to sleep\n|clearpoke\n|poke|p1|Grimmsnarl, M|\n|poke|p1|Sharpedo, F|\n|poke|p1|Mamoswine, F|\n|poke|p1|Mawile, M|\n|poke|p1|Xurkitree|\n|poke|p1|Nihilego|\n|poke|p2|Heatran, M|\n|poke|p2|Ogerpon-Wellspring, F|\n|poke|p2|Landorus-Therian, M|\n|poke|p2|Diancie|\n|poke|p2|Zamazenta-*|\n|poke|p2|Slowbro, M|\n|teampreview\n|inactive|Battle timer is ON: inactive players will automatically lose when time's up. (requested by Sussy mongoose)\n|\n|t:|1700454531\n|start\n|switch|p1a: Grimmsnarl|Grimmsnarl, M|100\/100\n|switch|p2a: Diancie|Diancie|100\/100\n|turn|1\n|\n|t:|1700454539\n|switch|p1a: Mawile|Mawile, M|100\/100\n|-ability|p1a: Mawile|Intimidate|boost\n|-fail|p2a: Diancie|unboost|[from] ability: Clear Body|[of] p2a: Diancie\n|detailschange|p2a: Diancie|Diancie-Mega\n|-mega|p2a: Diancie|Diancie|Diancite\n|move|p2a: Diancie|Moonblast|p1a: Mawile\n|-resisted|p1a: Mawile\n|-damage|p1a: Mawile|40\/100\n|\n|upkeep\n|turn|2\n|j| i am a mcrib\n|\n|t:|1700454552\n|detailschange|p1a: Mawile|Mawile-Mega, M\n|-mega|p1a: Mawile|Mawile|Mawilite\n|move|p2a: Diancie|Earth Power|p1a: Mawile\n|-supereffective|p1a: Mawile\n|-damage|p1a: Mawile|0 fnt\n|faint|p1a: Mawile\n|\n|upkeep\n|c| i am a mcrib|thats sussy\n|\n|t:|1700454566\n|switch|p1a: Grimmsnarl|Grimmsnarl, M|100\/100\n|turn|3\n|\n|t:|1700454568\n|move|p1a: Grimmsnarl|Light Screen|p1a: Grimmsnarl\n|-sidestart|p1: Sussy mongoose|move: Light Screen\n|move|p2a: Diancie|Moonblast|p1a: Grimmsnarl\n|-supereffective|p1a: Grimmsnarl\n|-damage|p1a: Grimmsnarl|48\/100\n|\n|upkeep\n|turn|4\n|\n|t:|1700454573\n|move|p1a: Grimmsnarl|Reflect|p1a: Grimmsnarl\n|-sidestart|p1: Sussy mongoose|Reflect\n|move|p2a: Diancie|Moonblast|p1a: Grimmsnarl\n|-supereffective|p1a: Grimmsnarl\n|-damage|p1a: Grimmsnarl|0 fnt\n|faint|p1a: Grimmsnarl\n|\n|upkeep\n|\n|t:|1700454582\n|switch|p1a: Xurkitree|Xurkitree|100\/100\n|turn|5\n|\n|t:|1700454586\n|move|p2a: Diancie|Earth Power|p1a: Xurkitree\n|-supereffective|p1a: Xurkitree\n|-damage|p1a: Xurkitree|49\/100\n|move|p1a: Xurkitree|Thunderbolt|p2a: Diancie\n|-damage|p2a: Diancie|22\/100\n|\n|upkeep\n|turn|6\n|\n|t:|1700454590\n|move|p2a: Diancie|Earth Power|p1a: Xurkitree\n|-supereffective|p1a: Xurkitree\n|-damage|p1a: Xurkitree|0 fnt\n|faint|p1a: Xurkitree\n|\n|upkeep\n|\n|t:|1700454592\n|switch|p1a: Nihilego|Nihilego|100\/100\n|turn|7\n|\n|t:|1700454604\n|-terastallize|p1a: Nihilego|Flying\n|move|p2a: Diancie|Earth Power|p1a: Nihilego\n|-immune|p1a: Nihilego\n|move|p1a: Nihilego|Meteor Beam||[still]\n|-prepare|p1a: Nihilego|Meteor Beam\n|-boost|p1a: Nihilego|spa|1\n|-enditem|p1a: Nihilego|Power Herb\n|-anim|p1a: Nihilego|Meteor Beam|p2a: Diancie\n|-damage|p2a: Diancie|0 fnt\n|faint|p2a: Diancie\n|-ability|p1a: Nihilego|Beast Boost|boost\n|-boost|p1a: Nihilego|spa|1\n|\n|upkeep\n|inactive|Shuichi420 has 120 seconds left.\n|\n|t:|1700454635\n|switch|p2a: Slowbro|Slowbro, M|100\/100\n|turn|8\n|\n|t:|1700454639\n|move|p1a: Nihilego|Sludge Wave|p2a: Slowbro\n|-damage|p2a: Slowbro|0 fnt\n|faint|p2a: Slowbro\n|-ability|p1a: Nihilego|Beast Boost|boost\n|-boost|p1a: Nihilego|spa|1\n|\n|upkeep\n|inactive|Shuichi420 has 120 seconds left.\n|\n|t:|1700454670\n|switch|p2a: Zamazenta|Zamazenta|100\/100\n|-ability|p2a: Zamazenta|Dauntless Shield|boost\n|-boost|p2a: Zamazenta|def|1\n|turn|9\n|\n|t:|1700454679\n|move|p2a: Zamazenta|Substitute|p2a: Zamazenta\n|-start|p2a: Zamazenta|Substitute\n|-damage|p2a: Zamazenta|75\/100\n|move|p1a: Nihilego|Dazzling Gleam|p2a: Zamazenta\n|-supereffective|p2a: Zamazenta\n|-end|p2a: Zamazenta|Substitute\n|\n|-heal|p2a: Zamazenta|82\/100|[from] item: Leftovers\n|upkeep\n|turn|10\n|\n|t:|1700454687\n|move|p2a: Zamazenta|Substitute|p2a: Zamazenta\n|-start|p2a: Zamazenta|Substitute\n|-damage|p2a: Zamazenta|57\/100\n|move|p1a: Nihilego|Dazzling Gleam|p2a: Zamazenta\n|-supereffective|p2a: Zamazenta\n|-end|p2a: Zamazenta|Substitute\n|\n|-heal|p2a: Zamazenta|63\/100|[from] item: Leftovers\n|-sideend|p1: Sussy mongoose|move: Light Screen\n|upkeep\n|turn|11\n|inactive|Shuichi420 has 120 seconds left.\n|\n|t:|1700454692\n|switch|p2a: Landorus|Landorus-Therian, M|100\/100\n|-ability|p2a: Landorus|Intimidate|boost\n|-unboost|p1a: Nihilego|atk|1\n|move|p1a: Nihilego|Dazzling Gleam|p2a: Landorus\n|-damage|p2a: Landorus|25\/100\n|\n|-sideend|p1: Sussy mongoose|Reflect\n|upkeep\n|turn|12\n|\n|t:|1700454699\n|move|p1a: Nihilego|Sludge Wave|p2a: Landorus\n|-resisted|p2a: Landorus\n|-damage|p2a: Landorus|0 fnt\n|faint|p2a: Landorus\n|-ability|p1a: Nihilego|Beast Boost|boost\n|-boost|p1a: Nihilego|spa|1\n|\n|upkeep\n|\n|t:|1700454705\n|switch|p2a: Ogerpon|Ogerpon-Wellspring, F|100\/100\n|turn|13\n|\n|t:|1700454711\n|-terastallize|p2a: Ogerpon|Water\n|detailschange|p2a: Ogerpon|Ogerpon-Wellspring-Tera, F, tera:Water\n|-ability|p2a: Ogerpon|Embody Aspect (Wellspring)|boost\n|-boost|p2a: Ogerpon|spd|1\n|move|p2a: Ogerpon|Ivy Cudgel|p1a: Nihilego|[anim] Ivy Cudgel Water\n|-damage|p1a: Nihilego|0 fnt\n|faint|p1a: Nihilego\n|\n|upkeep\n|\n|t:|1700454731\n|switch|p1a: Sharpedo|Sharpedo, F|100\/100\n|turn|14\n|\n|t:|1700454737\n|move|p2a: Ogerpon|Power Whip|p1a: Sharpedo\n|-supereffective|p1a: Sharpedo\n|-damage|p1a: Sharpedo|0 fnt\n|faint|p1a: Sharpedo\n|\n|upkeep\n|\n|t:|1700454739\n|switch|p1a: Mamoswine|Mamoswine, F|100\/100\n|turn|15\n|\n|t:|1700454743\n|move|p2a: Ogerpon|Ivy Cudgel|p1a: Mamoswine|[anim] Ivy Cudgel Water\n|-supereffective|p1a: Mamoswine\n|-damage|p1a: Mamoswine|0 fnt\n|faint|p1a: Mamoswine\n|\n|win|Shuichi420\n|raw|Sussy mongoose's rating: 1348 &rarr; <strong>1336<\/strong><br \/>(-12 for losing)\n|raw|Shuichi420's rating: 1486 &rarr; <strong>1498<\/strong><br \/>(+12 for winning)\n|l|\u2606Sussy mongoose\n","uploadtime":1700454751,"views":11,"p1id":"sussymongoose","p2id":"shuichi420","formatid":"gen9nationaldex","rating":1336,"private":0,"password":""}