{"id":"gen9nationaldex-1997847627","p1":"Reivya","p2":"volk12","format":"[Gen 9] National Dex","log":"|html|<div class=\"broadcast-blue\"><strong>[Gen 9] National Dex is currently suspecting Sneasler! For information on how to participate check out the <a href=\"https:\/\/www.smogon.com\/forums\/threads\/sv-national-dex-suspect-8-just-dance.3731534\/\">suspect thread<\/a>.<\/strong><\/div>\n|j|\u2606Reivya\n|j|\u2606volk12\n|t:|1700859278\n|gametype|singles\n|player|p1|Reivya|jupiter|1063\n|player|p2|volk12|koga|1103\n|teamsize|p1|6\n|teamsize|p2|6\n|gen|9\n|tier|[Gen 9] National Dex\n|rated|\n|rule|HP Percentage Mod: HP is shown in percentages\n|rule|Endless Battle Clause: Forcing endless battles is banned\n|rule|OHKO Clause: OHKO moves are banned\n|rule|Evasion Clause: Evasion abilities, items, and moves are banned\n|rule|Evasion Abilities Clause: Evasion abilities are banned\n|rule|Evasion Items Clause: Evasion items are banned\n|rule|Evasion Moves Clause: Evasion moves are banned\n|rule|Species Clause: Limit one of each Pok\u00e9mon\n|rule|Sleep Clause Mod: Limit one foe put to sleep\n|clearpoke\n|poke|p1|Gardevoir, F|\n|poke|p1|Lopunny, F|\n|poke|p1|Tsareena, F|\n|poke|p1|Gothitelle, F|\n|poke|p1|Ribombee, F|\n|poke|p1|Vaporeon, F|\n|poke|p2|Crobat, M|\n|poke|p2|Glimmora, M|\n|poke|p2|Weezing, M|\n|poke|p2|Muk-Alola, M|\n|poke|p2|Venomoth, M|\n|poke|p2|Venusaur, M|\n|teampreview\n|c|\u2606Reivya|glhf\n|\n|t:|1700859287\n|start\n|switch|p1a: Gothitelle|Gothitelle, F|100\/100\n|switch|p2a: Venusaur|Venusaur, M|100\/100\n|turn|1\n|\n|t:|1700859309\n|switch|p2a: Muk|Muk-Alola, M, shiny|100\/100\n|move|p1a: Gothitelle|Thunder Wave|p2a: Muk\n|-status|p2a: Muk|par\n|\n|upkeep\n|turn|2\n|\n|t:|1700859320\n|switch|p1a: Vaporeon|Vaporeon, F|100\/100\n|move|p2a: Muk|Gunk Shot|p1a: Vaporeon\n|-damage|p1a: Vaporeon|56\/100\n|\n|-heal|p1a: Vaporeon|62\/100|[from] item: Leftovers\n|upkeep\n|turn|3\n|\n|t:|1700859330\n|move|p1a: Vaporeon|Wish|p1a: Vaporeon\n|move|p2a: Muk|Gunk Shot|p1a: Vaporeon\n|-damage|p1a: Vaporeon|22\/100\n|\n|-heal|p1a: Vaporeon|29\/100|[from] item: Leftovers\n|upkeep\n|turn|4\n|\n|t:|1700859341\n|move|p1a: Vaporeon|Haze|p1a: Vaporeon\n|-clearallboost\n|move|p2a: Muk|Gunk Shot|p1a: Vaporeon|[miss]\n|-miss|p2a: Muk|p1a: Vaporeon\n|\n|-heal|p1a: Vaporeon|79\/100|[from] move: Wish|[wisher] Vaporeon\n|-heal|p1a: Vaporeon|85\/100|[from] item: Leftovers\n|upkeep\n|turn|5\n|\n|t:|1700859350\n|move|p1a: Vaporeon|Wish|p1a: Vaporeon\n|move|p2a: Muk|Gunk Shot|p1a: Vaporeon\n|-damage|p1a: Vaporeon|43\/100\n|\n|-heal|p1a: Vaporeon|49\/100|[from] item: Leftovers\n|upkeep\n|turn|6\n|\n|t:|1700859358\n|move|p1a: Vaporeon|Flip Turn|p2a: Muk\n|-damage|p2a: Muk|86\/100 par\n|\n|t:|1700859366\n|switch|p1a: Lopunny|Lopunny, F|100\/100|[from] Flip Turn\n|move|p2a: Muk|Gunk Shot|p1a: Lopunny|[miss]\n|-miss|p2a: Muk|p1a: Lopunny\n|\n|upkeep\n|turn|7\n|\n|t:|1700859377\n|detailschange|p1a: Lopunny|Lopunny-Mega, F\n|-mega|p1a: Lopunny|Lopunny|Lopunnite\n|-terastallize|p2a: Muk|Ghost\n|move|p1a: Lopunny|Power-Up Punch|p2a: Muk\n|-damage|p2a: Muk|64\/100 par\n|-boost|p1a: Lopunny|atk|1\n|move|p2a: Muk|Drain Punch|p1a: Lopunny\n|-supereffective|p1a: Lopunny\n|-damage|p1a: Lopunny|30\/100\n|-heal|p2a: Muk|87\/100 par|[from] drain|[of] p1a: Lopunny\n|\n|upkeep\n|turn|8\n|\n|t:|1700859392\n|move|p1a: Lopunny|Return|p2a: Muk\n|-damage|p2a: Muk|0 fnt\n|faint|p2a: Muk\n|\n|upkeep\n|\n|t:|1700859397\n|switch|p2a: Glimmora|Glimmora, M, shiny|100\/100\n|turn|9\n|\n|t:|1700859404\n|move|p1a: Lopunny|Drain Punch|p2a: Glimmora\n|-damage|p2a: Glimmora|57\/100\n|-heal|p1a: Lopunny|59\/100|[from] drain|[of] p2a: Glimmora\n|-damage|p1a: Lopunny|43\/100|[from] item: Rocky Helmet|[of] p2a: Glimmora\n|-activate|p2a: Glimmora|ability: Toxic Debris\n|-sidestart|p1: Reivya|move: Toxic Spikes\n|move|p2a: Glimmora|Stealth Rock|p1a: Lopunny\n|-sidestart|p1: Reivya|move: Stealth Rock\n|\n|upkeep\n|turn|10\n|\n|t:|1700859414\n|move|p2a: Glimmora|Spiky Shield|p2a: Glimmora\n|-singleturn|p2a: Glimmora|move: Protect\n|move|p1a: Lopunny|Encore|p2a: Glimmora\n|-activate|p2a: Glimmora|move: Protect\n|\n|upkeep\n|turn|11\n|\n|t:|1700859424\n|move|p1a: Lopunny|Encore|p2a: Glimmora\n|-start|p2a: Glimmora|Encore\n|move|p2a: Glimmora|Spiky Shield||[still]\n|-fail|p2a: Glimmora\n|\n|upkeep\n|turn|12\n|\n|t:|1700859430\n|move|p2a: Glimmora|Spiky Shield|p2a: Glimmora\n|-singleturn|p2a: Glimmora|move: Protect\n|move|p1a: Lopunny|Power-Up Punch|p2a: Glimmora\n|-activate|p2a: Glimmora|move: Protect\n|-damage|p1a: Lopunny|30\/100|[from] Spiky Shield|[of] p2a: Glimmora\n|\n|upkeep\n|turn|13\n|\n|t:|1700859437\n|move|p2a: Glimmora|Spiky Shield||[still]\n|-fail|p2a: Glimmora\n|move|p1a: Lopunny|Drain Punch|p2a: Glimmora\n|-damage|p2a: Glimmora|14\/100\n|-heal|p1a: Lopunny|60\/100|[from] drain|[of] p2a: Glimmora\n|-damage|p1a: Lopunny|43\/100|[from] item: Rocky Helmet|[of] p2a: Glimmora\n|-activate|p2a: Glimmora|ability: Toxic Debris\n|-sidestart|p1: Reivya|move: Toxic Spikes\n|\n|-end|p2a: Glimmora|Encore\n|upkeep\n|turn|14\n|\n|t:|1700859448\n|move|p1a: Lopunny|Encore|p2a: Glimmora\n|-start|p2a: Glimmora|Encore\n|move|p2a: Glimmora|Spiky Shield||[still]\n|-fail|p2a: Glimmora\n|\n|upkeep\n|turn|15\n|\n|t:|1700859458\n|switch|p1a: Tsareena|Tsareena, F|100\/100\n|move|p2a: Glimmora|Spiky Shield||[still]\n|-fail|p2a: Glimmora\n|\n|upkeep\n|turn|16\n|\n|t:|1700859468\n|move|p2a: Glimmora|Spiky Shield|p2a: Glimmora\n|-singleturn|p2a: Glimmora|move: Protect\n|move|p1a: Tsareena|Knock Off|p2a: Glimmora\n|-activate|p2a: Glimmora|move: Protect\n|-damage|p1a: Tsareena|88\/100|[from] Spiky Shield|[of] p2a: Glimmora\n|\n|-end|p2a: Glimmora|Encore\n|upkeep\n|turn|17\n|\n|t:|1700859484\n|move|p2a: Glimmora|Mortal Spin|p1a: Tsareena\n|-supereffective|p1a: Tsareena\n|-damage|p1a: Tsareena|77\/100\n|-status|p1a: Tsareena|psn\n|move|p1a: Tsareena|Knock Off|p2a: Glimmora\n|-damage|p2a: Glimmora|0 fnt\n|-damage|p1a: Tsareena|61\/100 psn|[from] item: Rocky Helmet|[of] p2a: Glimmora\n|-enditem|p2a: Glimmora|Rocky Helmet|[from] move: Knock Off|[of] p1a: Tsareena\n|faint|p2a: Glimmora\n|\n|-damage|p1a: Tsareena|48\/100 psn|[from] psn\n|upkeep\n|\n|t:|1700859496\n|switch|p2a: Venomoth|Venomoth, M, shiny|100\/100\n|turn|18\n|\n|t:|1700859500\n|move|p2a: Venomoth|Quiver Dance|p2a: Venomoth\n|-boost|p2a: Venomoth|spa|1\n|-boost|p2a: Venomoth|spd|1\n|-boost|p2a: Venomoth|spe|1\n|move|p1a: Tsareena|Rapid Spin|p2a: Venomoth\n|-damage|p2a: Venomoth|70\/100\n|-boost|p1a: Tsareena|spe|1\n|-sideend|p1: Reivya|Toxic Spikes|[from] move: Rapid Spin|[of] p1a: Tsareena\n|-sideend|p1: Reivya|Stealth Rock|[from] move: Rapid Spin|[of] p1a: Tsareena\n|\n|-damage|p1a: Tsareena|36\/100 psn|[from] psn\n|upkeep\n|turn|19\n|\n|t:|1700859513\n|move|p2a: Venomoth|Psychic|p1a: Tsareena\n|-damage|p1a: Tsareena|0 fnt\n|faint|p1a: Tsareena\n|\n|upkeep\n|\n|t:|1700859526\n|switch|p1a: Gothitelle|Gothitelle, F|100\/100\n|turn|20\n|\n|t:|1700859532\n|move|p2a: Venomoth|Quiver Dance|p2a: Venomoth\n|-boost|p2a: Venomoth|spa|1\n|-boost|p2a: Venomoth|spd|1\n|-boost|p2a: Venomoth|spe|1\n|move|p1a: Gothitelle|Thunder Wave|p2a: Venomoth\n|-status|p2a: Venomoth|par\n|\n|upkeep\n|turn|21\n|\n|t:|1700859542\n|move|p2a: Venomoth|Giga Drain|p1a: Gothitelle\n|-damage|p1a: Gothitelle|65\/100\n|-heal|p2a: Venomoth|89\/100 par|[from] drain|[of] p1a: Gothitelle\n|move|p1a: Gothitelle|Calm Mind|p1a: Gothitelle\n|-boost|p1a: Gothitelle|spa|1\n|-boost|p1a: Gothitelle|spd|1\n|\n|-heal|p1a: Gothitelle|71\/100|[from] item: Leftovers\n|upkeep\n|turn|22\n|\n|t:|1700859550\n|move|p2a: Venomoth|Quiver Dance|p2a: Venomoth\n|-boost|p2a: Venomoth|spa|1\n|-boost|p2a: Venomoth|spd|1\n|-boost|p2a: Venomoth|spe|1\n|move|p1a: Gothitelle|Calm Mind|p1a: Gothitelle\n|-boost|p1a: Gothitelle|spa|1\n|-boost|p1a: Gothitelle|spd|1\n|\n|-heal|p1a: Gothitelle|77\/100|[from] item: Leftovers\n|upkeep\n|turn|23\n|\n|t:|1700859558\n|move|p2a: Venomoth|Psychic|p1a: Gothitelle\n|-resisted|p1a: Gothitelle\n|-damage|p1a: Gothitelle|63\/100\n|-unboost|p1a: Gothitelle|spd|1\n|-ability|p1a: Gothitelle|Competitive|boost\n|-boost|p1a: Gothitelle|spa|2\n|move|p1a: Gothitelle|Calm Mind|p1a: Gothitelle\n|-boost|p1a: Gothitelle|spa|1\n|-boost|p1a: Gothitelle|spd|1\n|\n|-heal|p1a: Gothitelle|69\/100|[from] item: Leftovers\n|upkeep\n|turn|24\n|\n|t:|1700859569\n|cant|p2a: Venomoth|par\n|move|p1a: Gothitelle|Calm Mind|p1a: Gothitelle\n|-boost|p1a: Gothitelle|spa|1\n|-boost|p1a: Gothitelle|spd|1\n|\n|-heal|p1a: Gothitelle|75\/100|[from] item: Leftovers\n|upkeep\n|turn|25\n|\n|t:|1700859577\n|cant|p2a: Venomoth|par\n|move|p1a: Gothitelle|Stored Power|p2a: Venomoth\n|-supereffective|p2a: Venomoth\n|-damage|p2a: Venomoth|0 fnt\n|faint|p2a: Venomoth\n|\n|-heal|p1a: Gothitelle|81\/100|[from] item: Leftovers\n|upkeep\n|\n|t:|1700859585\n|switch|p2a: Crobat|Crobat, M|100\/100\n|turn|26\n|\n|t:|1700859592\n|move|p2a: Crobat|Air Slash|p1a: Gothitelle\n|-damage|p1a: Gothitelle|71\/100\n|move|p1a: Gothitelle|Stored Power|p2a: Crobat\n|-supereffective|p2a: Crobat\n|-damage|p2a: Crobat|0 fnt\n|faint|p2a: Crobat\n|\n|-heal|p1a: Gothitelle|77\/100|[from] item: Leftovers\n|upkeep\n|\n|t:|1700859600\n|switch|p2a: Venusaur|Venusaur, M|100\/100\n|turn|27\n|-message|volk12 forfeited.\n|\n|win|Reivya\n|raw|Reivya's rating: 1063 &rarr; <strong>1097<\/strong><br \/>(+34 for winning)\n|raw|volk12's rating: 1103 &rarr; <strong>1075<\/strong><br \/>(-28 for losing)\n|l|\u2606volk12\n","uploadtime":1700859622,"views":1,"p1id":"reivya","p2id":"volk12","formatid":"gen9nationaldex","rating":1075,"private":0,"password":""}