{"id":"gen9nationaldex-1998463084","p1":"Th3K1ng123","p2":"shaddngel","format":"[Gen 9] National Dex","log":"|html|<div class=\"broadcast-blue\"><strong>[Gen 9] National Dex is currently suspecting Sneasler! For information on how to participate check out the <a href=\"https:\/\/www.smogon.com\/forums\/threads\/sv-national-dex-suspect-8-just-dance.3731534\/\">suspect thread<\/a>.<\/strong><\/div>\n|j|\u2606Th3K1ng123\n|j|\u2606shaddngel\n|t:|1700945108\n|gametype|singles\n|player|p1|Th3K1ng123|turo|1248\n|player|p2|shaddngel|n|1355\n|teamsize|p1|6\n|teamsize|p2|6\n|gen|9\n|tier|[Gen 9] National Dex\n|rated|\n|rule|HP Percentage Mod: HP is shown in percentages\n|rule|Endless Battle Clause: Forcing endless battles is banned\n|rule|OHKO Clause: OHKO moves are banned\n|rule|Evasion Clause: Evasion abilities, items, and moves are banned\n|rule|Evasion Abilities Clause: Evasion abilities are banned\n|rule|Evasion Items Clause: Evasion items are banned\n|rule|Evasion Moves Clause: Evasion moves are banned\n|rule|Species Clause: Limit one of each Pok\u00e9mon\n|rule|Sleep Clause Mod: Limit one foe put to sleep\n|clearpoke\n|poke|p1|Houndoom, M|\n|poke|p1|Charizard, M|\n|poke|p1|Torkoal, M|\n|poke|p1|Ninetales, M|\n|poke|p1|Great Tusk|\n|poke|p1|Scream Tail|\n|poke|p2|Zamazenta-*|\n|poke|p2|Hoopa-Unbound|\n|poke|p2|Blaziken, M|\n|poke|p2|Charizard, F|\n|poke|p2|Ninetales-Alola, F|\n|poke|p2|Kleavor, F|\n|teampreview\n|inactive|Battle timer is ON: inactive players will automatically lose when time's up. (requested by Th3K1ng123)\n|\n|t:|1700945127\n|start\n|switch|p1a: Tutel|Torkoal, M, shiny|100\/100\n|switch|p2a: Ninetales|Ninetales-Alola, F|100\/100\n|-weather|Snow|[from] ability: Snow Warning|[of] p2a: Ninetales\n|-weather|SunnyDay|[from] ability: Drought|[of] p1a: Tutel\n|turn|1\n|\n|t:|1700945136\n|move|p2a: Ninetales|Aurora Veil||[still]\n|-fail|p2a: Ninetales\n|move|p1a: Tutel|Stealth Rock|p2a: Ninetales\n|-sidestart|p2: shaddngel|move: Stealth Rock\n|\n|-weather|SunnyDay|[upkeep]\n|upkeep\n|turn|2\n|\n|t:|1700945142\n|move|p2a: Ninetales|Encore|p1a: Tutel\n|-start|p1a: Tutel|Encore\n|move|p1a: Tutel|Stealth Rock||[still]\n|-fail|p1a: Tutel\n|\n|-weather|SunnyDay|[upkeep]\n|upkeep\n|turn|3\n|\n|t:|1700945148\n|switch|p2a: Zamazenta|Zamazenta|100\/100\n|-damage|p2a: Zamazenta|94\/100|[from] Stealth Rock\n|-ability|p2a: Zamazenta|Dauntless Shield|boost\n|-boost|p2a: Zamazenta|def|1\n|switch|p1a: Smaug|Charizard, M, shiny|100\/100\n|\n|-weather|SunnyDay|[upkeep]\n|-damage|p1a: Smaug|88\/100|[from] ability: Solar Power|[of] p1a: Smaug\n|-heal|p2a: Zamazenta|100\/100|[from] item: Leftovers\n|upkeep\n|turn|4\n|\n|t:|1700945166\n|-terastallize|p2a: Zamazenta|Steel\n|move|p1a: Smaug|Air Slash|p2a: Zamazenta\n|-resisted|p2a: Zamazenta\n|-damage|p2a: Zamazenta|75\/100\n|move|p2a: Zamazenta|Iron Defense|p2a: Zamazenta\n|-boost|p2a: Zamazenta|def|2\n|\n|-weather|SunnyDay|[upkeep]\n|-damage|p1a: Smaug|76\/100|[from] ability: Solar Power|[of] p1a: Smaug\n|-heal|p2a: Zamazenta|81\/100|[from] item: Leftovers\n|upkeep\n|turn|5\n|\n|t:|1700945193\n|switch|p1a: Doggo|Houndoom, M, shiny|100\/100\n|switch|p2a: Blaziken|Blaziken, M, shiny|100\/100\n|-damage|p2a: Blaziken|88\/100|[from] Stealth Rock\n|\n|-weather|SunnyDay|[upkeep]\n|upkeep\n|turn|6\n|\n|t:|1700945203\n|switch|p1a: Squoop|Scream Tail, shiny|100\/100\n|-activate|p1a: Squoop|ability: Protosynthesis\n|-start|p1a: Squoop|protosynthesisspe\n|move|p2a: Blaziken|Swords Dance|p2a: Blaziken\n|-boost|p2a: Blaziken|atk|2\n|\n|-weather|SunnyDay|[upkeep]\n|-ability|p2a: Blaziken|Speed Boost|boost\n|-boost|p2a: Blaziken|spe|1\n|upkeep\n|turn|7\n|\n|t:|1700945217\n|move|p2a: Blaziken|Protect|p2a: Blaziken\n|-singleturn|p2a: Blaziken|Protect\n|move|p1a: Squoop|Thunder Wave|p2a: Blaziken\n|-activate|p2a: Blaziken|move: Protect\n|\n|-weather|SunnyDay|[upkeep]\n|-ability|p2a: Blaziken|Speed Boost|boost\n|-boost|p2a: Blaziken|spe|1\n|upkeep\n|turn|8\n|\n|t:|1700945226\n|move|p2a: Blaziken|Blaze Kick|p1a: Squoop\n|-damage|p1a: Squoop|0 fnt\n|-damage|p2a: Blaziken|72\/100|[from] item: Rocky Helmet|[of] p1a: Squoop\n|faint|p1a: Squoop\n|-end|p1a: Squoop|Protosynthesis|[silent]\n|\n|-weather|none\n|-ability|p2a: Blaziken|Speed Boost|boost\n|-boost|p2a: Blaziken|spe|1\n|upkeep\n|\n|t:|1700945233\n|switch|p1a: Elephante|Great Tusk, shiny|100\/100\n|turn|9\n|\n|t:|1700945241\n|move|p2a: Blaziken|Close Combat|p1a: Elephante\n|-damage|p1a: Elephante|19\/100\n|-unboost|p2a: Blaziken|def|1\n|-unboost|p2a: Blaziken|spd|1\n|move|p1a: Elephante|Earthquake|p2a: Blaziken\n|-supereffective|p2a: Blaziken\n|-damage|p2a: Blaziken|0 fnt\n|faint|p2a: Blaziken\n|\n|-heal|p1a: Elephante|25\/100|[from] item: Leftovers\n|upkeep\n|\n|t:|1700945248\n|switch|p2a: Kleavor|Kleavor, F|100\/100\n|-damage|p2a: Kleavor|76\/100|[from] Stealth Rock\n|turn|10\n|\n|t:|1700945257\n|move|p1a: Elephante|Earthquake|p2a: Kleavor\n|-damage|p2a: Kleavor|18\/100\n|move|p2a: Kleavor|U-turn|p1a: Elephante\n|-resisted|p1a: Elephante\n|-damage|p1a: Elephante|4\/100\n|\n|t:|1700945260\n|switch|p2a: Zamazenta|Zamazenta, tera:Steel|81\/100|[from] U-turn\n|-damage|p2a: Zamazenta|75\/100|[from] Stealth Rock\n|\n|-heal|p2a: Zamazenta|81\/100|[from] item: Leftovers\n|-heal|p1a: Elephante|10\/100|[from] item: Leftovers\n|upkeep\n|turn|11\n|\n|t:|1700945267\n|move|p2a: Zamazenta|Iron Defense|p2a: Zamazenta\n|-boost|p2a: Zamazenta|def|2\n|move|p1a: Elephante|Close Combat|p2a: Zamazenta\n|-supereffective|p2a: Zamazenta\n|-damage|p2a: Zamazenta|42\/100\n|-unboost|p1a: Elephante|def|1\n|-unboost|p1a: Elephante|spd|1\n|\n|-heal|p2a: Zamazenta|48\/100|[from] item: Leftovers\n|-heal|p1a: Elephante|16\/100|[from] item: Leftovers\n|upkeep\n|turn|12\n|\n|t:|1700945277\n|move|p2a: Zamazenta|Iron Defense|p2a: Zamazenta\n|-boost|p2a: Zamazenta|def|2\n|move|p1a: Elephante|Close Combat|p2a: Zamazenta\n|-supereffective|p2a: Zamazenta\n|-damage|p2a: Zamazenta|20\/100\n|-unboost|p1a: Elephante|def|1\n|-unboost|p1a: Elephante|spd|1\n|\n|-heal|p2a: Zamazenta|26\/100|[from] item: Leftovers\n|-heal|p1a: Elephante|22\/100|[from] item: Leftovers\n|upkeep\n|turn|13\n|\n|t:|1700945288\n|move|p2a: Zamazenta|Rest|p2a: Zamazenta\n|-status|p2a: Zamazenta|slp|[from] move: Rest\n|-heal|p2a: Zamazenta|100\/100 slp|[silent]\n|move|p1a: Elephante|Close Combat|p2a: Zamazenta\n|-supereffective|p2a: Zamazenta\n|-damage|p2a: Zamazenta|73\/100 slp\n|-unboost|p1a: Elephante|def|1\n|-unboost|p1a: Elephante|spd|1\n|\n|-heal|p2a: Zamazenta|79\/100 slp|[from] item: Leftovers\n|-heal|p1a: Elephante|29\/100|[from] item: Leftovers\n|upkeep\n|turn|14\n|\n|t:|1700945300\n|-end|p1a: Elephante|Protosynthesis|[silent]\n|switch|p1a: Doggo|Houndoom, M, shiny|100\/100\n|cant|p2a: Zamazenta|slp\n|\n|-heal|p2a: Zamazenta|85\/100 slp|[from] item: Leftovers\n|upkeep\n|turn|15\n|\n|t:|1700945307\n|detailschange|p1a: Doggo|Houndoom-Mega, M, shiny\n|-mega|p1a: Doggo|Houndoom|Houndoominite\n|cant|p2a: Zamazenta|slp\n|move|p1a: Doggo|Flamethrower|p2a: Zamazenta\n|-supereffective|p2a: Zamazenta\n|-damage|p2a: Zamazenta|0 fnt\n|faint|p2a: Zamazenta\n|\n|upkeep\n|\n|t:|1700945316\n|switch|p2a: Hoopa|Hoopa-Unbound|100\/100\n|-damage|p2a: Hoopa|88\/100|[from] Stealth Rock\n|turn|16\n|\n|t:|1700945325\n|switch|p1a: Elephante|Great Tusk, shiny|29\/100\n|move|p2a: Hoopa|Focus Blast|p1a: Elephante\n|-damage|p1a: Elephante|0 fnt\n|faint|p1a: Elephante\n|-end|p1a: Elephante|Protosynthesis|[silent]\n|\n|upkeep\n|\n|t:|1700945332\n|switch|p1a: Kurama|Ninetales, M, shiny|100\/100\n|-weather|SunnyDay|[from] ability: Drought|[of] p1a: Kurama\n|turn|17\n|\n|t:|1700945340\n|switch|p2a: Charizard|Charizard, F, shiny|100\/100\n|-damage|p2a: Charizard|50\/100|[from] Stealth Rock\n|move|p1a: Kurama|Flamethrower|p2a: Charizard\n|-resisted|p2a: Charizard\n|-damage|p2a: Charizard|23\/100\n|\n|-weather|SunnyDay|[upkeep]\n|upkeep\n|turn|18\n|\n|t:|1700945349\n|detailschange|p2a: Charizard|Charizard-Mega-Y, F, shiny\n|-mega|p2a: Charizard|Charizard|Charizardite Y\n|move|p1a: Kurama|Flamethrower|p2a: Charizard\n|-resisted|p2a: Charizard\n|-damage|p2a: Charizard|3\/100\n|move|p2a: Charizard|Weather Ball|p1a: Kurama\n|-resisted|p1a: Kurama\n|-damage|p1a: Kurama|51\/100\n|\n|-weather|SunnyDay|[upkeep]\n|upkeep\n|turn|19\n|\n|t:|1700945369\n|move|p1a: Kurama|Flamethrower|p2a: Charizard\n|-resisted|p2a: Charizard\n|-damage|p2a: Charizard|0 fnt\n|faint|p2a: Charizard\n|\n|-weather|SunnyDay|[upkeep]\n|upkeep\n|\n|t:|1700945377\n|switch|p2a: Hoopa|Hoopa-Unbound|88\/100\n|-damage|p2a: Hoopa|76\/100|[from] Stealth Rock\n|turn|20\n|\n|t:|1700945384\n|move|p2a: Hoopa|Psychic|p1a: Kurama\n|-damage|p1a: Kurama|0 fnt\n|faint|p1a: Kurama\n|\n|-weather|SunnyDay|[upkeep]\n|upkeep\n|\n|t:|1700945389\n|switch|p1a: Doggo|Houndoom-Mega, M, shiny|100\/100\n|turn|21\n|\n|t:|1700945401\n|switch|p2a: Ninetales|Ninetales-Alola, F|100\/100\n|-damage|p2a: Ninetales|75\/100|[from] Stealth Rock\n|-weather|Snow|[from] ability: Snow Warning|[of] p2a: Ninetales\n|move|p1a: Doggo|Flamethrower|p2a: Ninetales\n|-supereffective|p2a: Ninetales\n|-damage|p2a: Ninetales|0 fnt\n|faint|p2a: Ninetales\n|\n|-weather|Snow|[upkeep]\n|upkeep\n|\n|t:|1700945407\n|switch|p2a: Hoopa|Hoopa-Unbound|76\/100\n|-damage|p2a: Hoopa|64\/100|[from] Stealth Rock\n|turn|22\n|\n|t:|1700945413\n|switch|p1a: Smaug|Charizard, M, shiny|76\/100\n|move|p2a: Hoopa|Focus Blast|p1a: Smaug\n|-resisted|p1a: Smaug\n|-damage|p1a: Smaug|42\/100\n|-unboost|p1a: Smaug|spd|1\n|\n|-weather|Snow|[upkeep]\n|upkeep\n|turn|23\n|\n|t:|1700945425\n|switch|p1a: Tutel|Torkoal, M, shiny|100\/100\n|-weather|SunnyDay|[from] ability: Drought|[of] p1a: Tutel\n|move|p2a: Hoopa|Focus Blast|p1a: Tutel\n|-damage|p1a: Tutel|33\/100\n|\n|-weather|SunnyDay|[upkeep]\n|upkeep\n|turn|24\n|\n|t:|1700945433\n|move|p2a: Hoopa|Focus Blast|p1a: Tutel|[miss]\n|-miss|p2a: Hoopa|p1a: Tutel\n|move|p1a: Tutel|Lava Plume|p2a: Hoopa\n|-damage|p2a: Hoopa|33\/100\n|\n|-weather|SunnyDay|[upkeep]\n|upkeep\n|turn|25\n|\n|t:|1700945440\n|move|p2a: Hoopa|Focus Blast|p1a: Tutel\n|-damage|p1a: Tutel|0 fnt\n|faint|p1a: Tutel\n|\n|-weather|SunnyDay|[upkeep]\n|upkeep\n|\n|t:|1700945444\n|switch|p1a: Smaug|Charizard, M, shiny|42\/100\n|turn|26\n|\n|t:|1700945457\n|move|p1a: Smaug|Weather Ball|p2a: Hoopa\n|-damage|p2a: Hoopa|0 fnt\n|faint|p2a: Hoopa\n|\n|-weather|SunnyDay|[upkeep]\n|-damage|p1a: Smaug|29\/100|[from] ability: Solar Power|[of] p1a: Smaug\n|upkeep\n|\n|t:|1700945459\n|switch|p2a: Kleavor|Kleavor, F|18\/100\n|-damage|p2a: Kleavor|0 fnt|[from] Stealth Rock\n|faint|p2a: Kleavor\n|\n|win|Th3K1ng123\n|raw|Th3K1ng123's rating: 1248 &rarr; <strong>1280<\/strong><br \/>(+32 for winning)\n|raw|shaddngel's rating: 1355 &rarr; <strong>1329<\/strong><br \/>(-26 for losing)\n|l|\u2606shaddngel\n","uploadtime":1700945468,"views":1,"p1id":"th3k1ng123","p2id":"shaddngel","formatid":"gen9nationaldex","rating":1280,"private":0,"password":""}