{"id":"gen9nationaldex-1990316472","p1":"Satellarish","p2":"sandworst","format":"[Gen 9] National Dex","log":"|j|\u2606Satellarish\n|j|\u2606sandworst\n|t:|1699955673\n|gametype|singles\n|player|p1|Satellarish|pokemonranger-gen4|1122\n|player|p2|sandworst|hilbert|1068\n|teamsize|p1|6\n|teamsize|p2|6\n|gen|9\n|tier|[Gen 9] National Dex\n|rated|\n|rule|HP Percentage Mod: HP is shown in percentages\n|rule|Endless Battle Clause: Forcing endless battles is banned\n|rule|OHKO Clause: OHKO moves are banned\n|rule|Evasion Clause: Evasion abilities, items, and moves are banned\n|rule|Evasion Abilities Clause: Evasion abilities are banned\n|rule|Evasion Items Clause: Evasion items are banned\n|rule|Evasion Moves Clause: Evasion moves are banned\n|rule|Species Clause: Limit one of each Pok\u00e9mon\n|rule|Sleep Clause Mod: Limit one foe put to sleep\n|clearpoke\n|poke|p1|Marowak-Alola, F|\n|poke|p1|Toxapex, M|\n|poke|p1|Greninja-*, M|\n|poke|p1|Ogerpon-Cornerstone, F|\n|poke|p1|Charizard, M|\n|poke|p1|Zeraora|\n|poke|p2|Heracross, M|\n|poke|p2|Pachirisu, F|\n|poke|p2|Azumarill, M|\n|poke|p2|Mudkip, M|\n|poke|p2|Incineroar, M|\n|poke|p2|Chatot, F|\n|teampreview\n|\n|t:|1699955687\n|start\n|switch|p1a: Zeraora|Zeraora|100\/100\n|switch|p2a: Incineroar|Incineroar, M, shiny|100\/100\n|-ability|p2a: Incineroar|Intimidate|boost\n|-unboost|p1a: Zeraora|atk|1\n|turn|1\n|\n|t:|1699955698\n|switch|p1a: Greninja|Greninja, M|100\/100\n|move|p2a: Incineroar|Flare Blitz|p1a: Greninja\n|-resisted|p1a: Greninja\n|-damage|p1a: Greninja|50\/100\n|-damage|p2a: Incineroar|88\/100|[from] Recoil\n|\n|upkeep\n|turn|2\n|\n|t:|1699955711\n|switch|p2a: Azumarill|Azumarill, M, shiny|100\/100\n|move|p1a: Greninja|Water Shuriken|p2a: Azumarill\n|-resisted|p2a: Azumarill\n|-damage|p2a: Azumarill|98\/100\n|-resisted|p2a: Azumarill\n|-damage|p2a: Azumarill|96\/100\n|-resisted|p2a: Azumarill\n|-damage|p2a: Azumarill|94\/100\n|-resisted|p2a: Azumarill\n|-damage|p2a: Azumarill|91\/100\n|-hitcount|p2a: Azumarill|4\n|\n|upkeep\n|turn|3\n|\n|t:|1699955731\n|switch|p1a: Toxapex|Toxapex, M|100\/100\n|move|p2a: Azumarill|Play Rough|p1a: Toxapex\n|-resisted|p1a: Toxapex\n|-crit|p1a: Toxapex\n|-damage|p1a: Toxapex|66\/100\n|\n|upkeep\n|turn|4\n|\n|t:|1699955742\n|switch|p2a: Mudkip|Mudkip, M, shiny|100\/100\n|move|p1a: Toxapex|Sludge Wave|p2a: Mudkip\n|-damage|p2a: Mudkip|60\/100\n|\n|upkeep\n|turn|5\n|\n|t:|1699955750\n|move|p1a: Toxapex|Baneful Bunker|p1a: Toxapex\n|-singleturn|p1a: Toxapex|move: Protect\n|move|p2a: Mudkip|Substitute|p2a: Mudkip\n|-start|p2a: Mudkip|Substitute\n|-damage|p2a: Mudkip|35\/100\n|\n|upkeep\n|turn|6\n|\n|t:|1699955764\n|move|p2a: Mudkip|Endeavor|p1a: Toxapex\n|-damage|p1a: Toxapex|35\/100\n|move|p1a: Toxapex|Recover|p1a: Toxapex\n|-heal|p1a: Toxapex|85\/100\n|\n|upkeep\n|turn|7\n|\n|t:|1699955775\n|switch|p1a: Greninja|Greninja, M|50\/100\n|move|p2a: Mudkip|Endeavor|p1a: Greninja\n|-damage|p1a: Greninja|37\/100\n|\n|upkeep\n|turn|8\n|\n|t:|1699955787\n|switch|p1a: Marowak|Marowak-Alola, F|100\/100\n|move|p2a: Mudkip|Toxic|p1a: Marowak\n|-status|p1a: Marowak|tox\n|\n|-damage|p1a: Marowak|94\/100 tox|[from] psn\n|upkeep\n|turn|9\n|\n|t:|1699955803\n|-terastallize|p1a: Marowak|Flying\n|move|p2a: Mudkip|Protect|p2a: Mudkip\n|-singleturn|p2a: Mudkip|Protect\n|move|p1a: Marowak|Flame Charge|p2a: Mudkip\n|-activate|p2a: Mudkip|move: Protect\n|\n|-damage|p1a: Marowak|82\/100 tox|[from] psn\n|upkeep\n|turn|10\n|\n|t:|1699955814\n|move|p1a: Marowak|Flame Charge|p2a: Mudkip\n|-resisted|p2a: Mudkip\n|-activate|p2a: Mudkip|move: Substitute|[damage]\n|-boost|p1a: Marowak|spe|1\n|move|p2a: Mudkip|Endeavor|p1a: Marowak\n|-damage|p1a: Marowak|41\/100 tox\n|\n|-damage|p1a: Marowak|22\/100 tox|[from] psn\n|upkeep\n|turn|11\n|\n|t:|1699955829\n|move|p2a: Mudkip|Protect|p2a: Mudkip\n|-singleturn|p2a: Mudkip|Protect\n|move|p1a: Marowak|Flare Blitz|p2a: Mudkip\n|-activate|p2a: Mudkip|move: Protect\n|\n|-damage|p1a: Marowak|0 fnt|[from] psn\n|faint|p1a: Marowak\n|upkeep\n|\n|t:|1699955841\n|switch|p1a: Toxapex|Toxapex, M|100\/100\n|turn|12\n|\n|t:|1699955846\n|move|p2a: Mudkip|Endeavor|p1a: Toxapex\n|-damage|p1a: Toxapex|35\/100\n|move|p1a: Toxapex|Sludge Wave|p2a: Mudkip\n|-end|p2a: Mudkip|Substitute\n|\n|upkeep\n|turn|13\n|\n|t:|1699955856\n|move|p1a: Toxapex|Baneful Bunker|p1a: Toxapex\n|-singleturn|p1a: Toxapex|move: Protect\n|move|p2a: Mudkip|Substitute|p2a: Mudkip\n|-start|p2a: Mudkip|Substitute\n|-damage|p2a: Mudkip|10\/100\n|\n|upkeep\n|turn|14\n|\n|t:|1699955870\n|switch|p1a: Ogerpon|Ogerpon-Cornerstone, F|100\/100\n|move|p2a: Mudkip|Endeavor|p1a: Ogerpon\n|-damage|p1a: Ogerpon|10\/100\n|\n|upkeep\n|turn|15\n|\n|t:|1699955883\n|move|p1a: Ogerpon|Horn Leech|p2a: Mudkip\n|-supereffective|p2a: Mudkip\n|-end|p2a: Mudkip|Substitute\n|-heal|p1a: Ogerpon|23\/100|[from] drain|[of] p2a: Mudkip\n|move|p2a: Mudkip|Toxic|p1a: Ogerpon\n|-status|p1a: Ogerpon|tox\n|\n|-damage|p1a: Ogerpon|17\/100 tox|[from] psn\n|upkeep\n|turn|16\n|\n|t:|1699955895\n|move|p2a: Mudkip|Protect|p2a: Mudkip\n|-singleturn|p2a: Mudkip|Protect\n|move|p1a: Ogerpon|Horn Leech|p2a: Mudkip\n|-activate|p2a: Mudkip|move: Protect\n|\n|-damage|p1a: Ogerpon|5\/100 tox|[from] psn\n|upkeep\n|turn|17\n|\n|t:|1699955904\n|switch|p2a: Incineroar|Incineroar, M, shiny|88\/100\n|-ability|p2a: Incineroar|Intimidate|boost\n|-unboost|p1a: Ogerpon|atk|1\n|move|p1a: Ogerpon|Horn Leech|p2a: Incineroar\n|-resisted|p2a: Incineroar\n|-damage|p2a: Incineroar|75\/100\n|-heal|p1a: Ogerpon|14\/100 tox|[from] drain|[of] p2a: Incineroar\n|\n|-damage|p1a: Ogerpon|0 fnt|[from] psn\n|faint|p1a: Ogerpon\n|upkeep\n|\n|t:|1699955917\n|switch|p1a: Zeraora|Zeraora|100\/100\n|turn|18\n|-message|Satellarish forfeited.\n|\n|win|sandworst\n|raw|Satellarish's rating: 1122 &rarr; <strong>1093<\/strong><br \/>(-29 for losing)\n|raw|sandworst's rating: 1068 &rarr; <strong>1102<\/strong><br \/>(+34 for winning)\n|l|\u2606Satellarish\n","uploadtime":1699955931,"views":7,"p1id":"satellarish","p2id":"sandworst","formatid":"gen9nationaldex","rating":1093,"private":0,"password":""}