{"id":"gen9nationaldex-1995026904","p1":"AutumnCookie","p2":"cassinidivision","format":"[Gen 9] National Dex","log":"|html|<div class=\"broadcast-blue\"><strong>[Gen 9] National Dex is currently suspecting Sneasler! For information on how to participate check out the <a href=\"https:\/\/www.smogon.com\/forums\/threads\/sv-national-dex-suspect-8-just-dance.3731534\/\">suspect thread<\/a>.<\/strong><\/div>\n|j|\u2606AutumnCookie\n|j|\u2606cassinidivision\n|t:|1700514762\n|gametype|singles\n|player|p1|AutumnCookie|yellow|\n|player|p2|cassinidivision|poppy|\n|teamsize|p1|6\n|teamsize|p2|6\n|gen|9\n|tier|[Gen 9] National Dex\n|rule|HP Percentage Mod: HP is shown in percentages\n|rule|Endless Battle Clause: Forcing endless battles is banned\n|rule|OHKO Clause: OHKO moves are banned\n|rule|Evasion Clause: Evasion abilities, items, and moves are banned\n|rule|Evasion Abilities Clause: Evasion abilities are banned\n|rule|Evasion Items Clause: Evasion items are banned\n|rule|Evasion Moves Clause: Evasion moves are banned\n|rule|Species Clause: Limit one of each Pok\u00e9mon\n|rule|Sleep Clause Mod: Limit one foe put to sleep\n|clearpoke\n|poke|p1|Raticate, M|\n|poke|p1|Dodrio, M|\n|poke|p1|Golem, M|\n|poke|p1|Omastar, M|\n|poke|p1|Butterfree, M|\n|poke|p1|Pikachu, F|\n|poke|p2|Copperajah, F|\n|poke|p2|Tinkaton, F|\n|poke|p2|Magnezone|\n|poke|p2|Corviknight, M|\n|poke|p2|Klefki, F|\n|poke|p2|Togedemaru, F|\n|teampreview\n|\n|t:|1700514779\n|start\n|switch|p1a: Golem|Golem, M|100\/100\n|switch|p2a: Klefi|Klefki, F|100\/100\n|turn|1\n|\n|t:|1700514793\n|move|p2a: Klefi|Reflect|p2a: Klefi\n|-sidestart|p2: cassinidivision|Reflect\n|move|p1a: Golem|Hammer Arm|p2a: Klefi\n|-damage|p2a: Klefi|87\/100\n|-unboost|p1a: Golem|spe|1\n|\n|upkeep\n|turn|2\n|\n|t:|1700514800\n|move|p2a: Klefi|Light Screen|p2a: Klefi\n|-sidestart|p2: cassinidivision|move: Light Screen\n|move|p1a: Golem|Fire Punch|p2a: Klefi\n|-supereffective|p2a: Klefi\n|-damage|p2a: Klefi|66\/100\n|\n|upkeep\n|turn|3\n|\n|t:|1700514807\n|move|p2a: Klefi|Spikes|p1a: Golem\n|-sidestart|p1: AutumnCookie|Spikes\n|move|p1a: Golem|Earthquake|p2a: Klefi\n|-supereffective|p2a: Klefi\n|-damage|p2a: Klefi|22\/100\n|\n|upkeep\n|turn|4\n|\n|t:|1700514813\n|move|p2a: Klefi|Hidden Power|p1a: Golem\n|-supereffective|p1a: Golem\n|-damage|p1a: Golem|60\/100\n|move|p1a: Golem|Fire Punch|p2a: Klefi\n|-supereffective|p2a: Klefi\n|-damage|p2a: Klefi|0 fnt\n|faint|p2a: Klefi\n|\n|upkeep\n|j| kpoc12\n|\n|t:|1700514828\n|switch|p2a: Rajie|Copperajah, F|100\/100\n|turn|5\n|\n|t:|1700514846\n|move|p2a: Rajie|Curse|p2a: Rajie\n|-unboost|p2a: Rajie|spe|1\n|-boost|p2a: Rajie|atk|1\n|-boost|p2a: Rajie|def|1\n|move|p1a: Golem|Hammer Arm|p2a: Rajie\n|-supereffective|p2a: Rajie\n|-damage|p2a: Rajie|79\/100\n|-unboost|p1a: Golem|spe|1\n|\n|-heal|p2a: Rajie|85\/100|[from] item: Leftovers\n|upkeep\n|turn|6\n|\n|t:|1700514858\n|move|p2a: Rajie|Curse|p2a: Rajie\n|-unboost|p2a: Rajie|spe|1\n|-boost|p2a: Rajie|atk|1\n|-boost|p2a: Rajie|def|1\n|move|p1a: Golem|Fire Punch|p2a: Rajie\n|-supereffective|p2a: Rajie\n|-damage|p2a: Rajie|72\/100\n|\n|-heal|p2a: Rajie|78\/100|[from] item: Leftovers\n|upkeep\n|turn|7\n|\n|t:|1700514871\n|move|p2a: Rajie|Curse|p2a: Rajie\n|-unboost|p2a: Rajie|spe|1\n|-boost|p2a: Rajie|atk|1\n|-boost|p2a: Rajie|def|1\n|move|p1a: Golem|Earthquake|p2a: Rajie\n|-supereffective|p2a: Rajie\n|-damage|p2a: Rajie|56\/100\n|\n|-heal|p2a: Rajie|62\/100|[from] item: Leftovers\n|upkeep\n|turn|8\n|j| parkle\n|\n|t:|1700514885\n|move|p1a: Golem|Fire Punch|p2a: Rajie\n|-supereffective|p2a: Rajie\n|-damage|p2a: Rajie|52\/100\n|move|p2a: Rajie|Iron Head|p1a: Golem\n|-supereffective|p1a: Golem\n|-damage|p1a: Golem|0 fnt\n|faint|p1a: Golem\n|\n|-heal|p2a: Rajie|58\/100|[from] item: Leftovers\n|-sideend|p2: cassinidivision|Reflect\n|upkeep\n|c|\u2606AutumnCookie|Awful elephant...\n|c| parkle|haii\n|\n|t:|1700514907\n|switch|p1a: Butterfree|Butterfree, M|100\/100\n|turn|9\n|c|\u2606AutumnCookie|Haiiiii\n|\n|t:|1700514924\n|move|p1a: Butterfree|Quiver Dance|p1a: Butterfree\n|-boost|p1a: Butterfree|spa|1\n|-boost|p1a: Butterfree|spd|1\n|-boost|p1a: Butterfree|spe|1\n|move|p2a: Rajie|Iron Head|p1a: Butterfree\n|-enditem|p1a: Butterfree|Focus Sash\n|-damage|p1a: Butterfree|1\/100\n|\n|-heal|p2a: Rajie|64\/100|[from] item: Leftovers\n|-sideend|p2: cassinidivision|move: Light Screen\n|upkeep\n|turn|10\n|\n|t:|1700514947\n|move|p1a: Butterfree|Giga Drain|p2a: Rajie\n|-resisted|p2a: Rajie\n|-damage|p2a: Rajie|31\/100\n|-heal|p1a: Butterfree|29\/100|[from] drain|[of] p2a: Rajie\n|move|p2a: Rajie|Iron Head|p1a: Butterfree\n|-damage|p1a: Butterfree|0 fnt\n|faint|p1a: Butterfree\n|\n|-heal|p2a: Rajie|37\/100|[from] item: Leftovers\n|upkeep\n|\n|t:|1700514978\n|switch|p1a: Pikachu|Pikachu, F|100\/100\n|-damage|p1a: Pikachu|88\/100|[from] Spikes\n|turn|11\n|\n|t:|1700514995\n|move|p1a: Pikachu|Fake Out|p2a: Rajie\n|-resisted|p2a: Rajie\n|-damage|p2a: Rajie|35\/100\n|cant|p2a: Rajie|flinch\n|\n|-heal|p2a: Rajie|41\/100|[from] item: Leftovers\n|upkeep\n|turn|12\n|c|\u2606AutumnCookie|That accomplished nothing\n|\n|t:|1700515011\n|move|p1a: Pikachu|Grass Knot|p2a: Rajie\n|-resisted|p2a: Rajie\n|-damage|p2a: Rajie|17\/100\n|move|p2a: Rajie|Heavy Slam|p1a: Pikachu\n|-resisted|p1a: Pikachu\n|-damage|p1a: Pikachu|0 fnt\n|faint|p1a: Pikachu\n|\n|-heal|p2a: Rajie|23\/100|[from] item: Leftovers\n|upkeep\n|c|\u2606cassinidivision|i think i healed more than you did\n|\n|t:|1700515027\n|switch|p1a: Dodrio|Dodrio, M|100\/100\n|turn|13\n|\n|t:|1700515037\n|move|p1a: Dodrio|Jump Kick|p2a: Rajie\n|-supereffective|p2a: Rajie\n|-crit|p2a: Rajie\n|-damage|p2a: Rajie|0 fnt\n|faint|p2a: Rajie\n|\n|upkeep\n|c|\u2606AutumnCookie|YOU DID\n|\n|t:|1700515047\n|switch|p2a: Zonnie|Magnezone|100\/100\n|turn|14\n|\n|t:|1700515061\n|move|p2a: Zonnie|Thunderbolt|p1a: Dodrio\n|-supereffective|p1a: Dodrio\n|-damage|p1a: Dodrio|0 fnt\n|faint|p1a: Dodrio\n|\n|upkeep\n|\n|t:|1700515081\n|switch|p1a: Omastar|Omastar, M|100\/100\n|-damage|p1a: Omastar|88\/100|[from] Spikes\n|turn|15\n|\n|t:|1700515089\n|move|p2a: Zonnie|Thunderbolt|p1a: Omastar\n|-supereffective|p1a: Omastar\n|-damage|p1a: Omastar|0 fnt\n|faint|p1a: Omastar\n|\n|upkeep\n|\n|t:|1700515101\n|switch|p1a: Raticate|Raticate, M|100\/100\n|-damage|p1a: Raticate|88\/100|[from] Spikes\n|turn|16\n|\n|t:|1700515110\n|move|p2a: Zonnie|Thunderbolt|p1a: Raticate\n|-damage|p1a: Raticate|0 fnt\n|faint|p1a: Raticate\n|\n|win|cassinidivision\n|c|\u2606cassinidivision|i am the strongest baby\n|c|\u2606AutumnCookie|STRONGEST BABY...\n","uploadtime":1700515141,"views":17,"p1id":"autumncookie","p2id":"cassinidivision","formatid":"gen9nationaldex","rating":0,"private":0,"password":""}