{"id":"gen9nationaldex-1997557778","p1":"masturch33f420","p2":"Lycoreca","format":"[Gen 9] National Dex","log":"|html|<div class=\"broadcast-blue\"><strong>[Gen 9] National Dex is currently suspecting Sneasler! For information on how to participate check out the <a href=\"https:\/\/www.smogon.com\/forums\/threads\/sv-national-dex-suspect-8-just-dance.3731534\/\">suspect thread<\/a>.<\/strong><\/div>\n|j|\u2606masturch33f420\n|j|\u2606Lycoreca\n|t:|1700825179\n|gametype|singles\n|player|p1|masturch33f420|hiker-gen4|1041\n|player|p2|Lycoreca|cheren-gen5bw2|1122\n|teamsize|p1|6\n|teamsize|p2|6\n|gen|9\n|tier|[Gen 9] National Dex\n|rated|\n|rule|HP Percentage Mod: HP is shown in percentages\n|rule|Endless Battle Clause: Forcing endless battles is banned\n|rule|OHKO Clause: OHKO moves are banned\n|rule|Evasion Clause: Evasion abilities, items, and moves are banned\n|rule|Evasion Abilities Clause: Evasion abilities are banned\n|rule|Evasion Items Clause: Evasion items are banned\n|rule|Evasion Moves Clause: Evasion moves are banned\n|rule|Species Clause: Limit one of each Pok\u00e9mon\n|rule|Sleep Clause Mod: Limit one foe put to sleep\n|clearpoke\n|poke|p1|Ogerpon-Wellspring, F|\n|poke|p1|Tyranitar, M|\n|poke|p1|Heatran, M|\n|poke|p1|Slowking-Galar, M|\n|poke|p1|Gliscor, M|\n|poke|p1|Tornadus-Therian, M|\n|poke|p2|Tapu Koko|\n|poke|p2|Iron Valiant|\n|poke|p2|Raichu-Alola, M|\n|poke|p2|Pawmot, M|\n|poke|p2|Kilowattrel, F|\n|poke|p2|Pelipper, M|\n|teampreview\n|inactive|Battle timer is ON: inactive players will automatically lose when time's up. (requested by Lycoreca)\n|\n|t:|1700825197\n|start\n|switch|p1a: Tornadus|Tornadus-Therian, M|100\/100\n|switch|p2a: Pelipper|Pelipper, M|100\/100\n|-weather|RainDance|[from] ability: Drizzle|[of] p2a: Pelipper\n|turn|1\n|\n|t:|1700825205\n|move|p1a: Tornadus|Hurricane|p2a: Pelipper\n|-damage|p2a: Pelipper|32\/100\n|move|p2a: Pelipper|U-turn|p1a: Tornadus\n|-resisted|p1a: Tornadus\n|-damage|p1a: Tornadus|96\/100\n|\n|t:|1700825211\n|switch|p2a: Kilowattrel|Kilowattrel, F|100\/100|[from] U-turn\n|\n|-weather|RainDance|[upkeep]\n|upkeep\n|turn|2\n|\n|t:|1700825217\n|switch|p1a: Tyranitar|Tyranitar, M|100\/100\n|-weather|Sandstorm|[from] ability: Sand Stream|[of] p1a: Tyranitar\n|move|p2a: Kilowattrel|Thunder|p1a: Tyranitar\n|-damage|p1a: Tyranitar|71\/100\n|\n|-weather|Sandstorm|[upkeep]\n|-damage|p2a: Kilowattrel|94\/100|[from] Sandstorm\n|upkeep\n|turn|3\n|\n|t:|1700825228\n|-activate|p2a: Kilowattrel|move: Pursuit\n|detailschange|p1a: Tyranitar|Tyranitar-Mega, M\n|-mega|p1a: Tyranitar|Tyranitar|Tyranitarite\n|move|p1a: Tyranitar|Pursuit|p2a: Kilowattrel|[from]Pursuit\n|-damage|p2a: Kilowattrel|0 fnt\n|faint|p2a: Kilowattrel\n|-hint|A Pokemon can't switch between when it runs out of HP and when it faints\n|\n|-weather|Sandstorm|[upkeep]\n|upkeep\n|\n|t:|1700825240\n|switch|p2a: Pawmot|Pawmot, M|100\/100\n|-item|p2a: Pawmot|Air Balloon\n|turn|4\n|\n|t:|1700825251\n|switch|p1a: Gliscor|Gliscor, M, shiny|100\/100\n|-singleturn|p2a: Pawmot|move: Focus Punch\n|move|p2a: Pawmot|Focus Punch|p1a: Gliscor\n|-resisted|p1a: Gliscor\n|-damage|p1a: Gliscor|66\/100\n|\n|-weather|Sandstorm|[upkeep]\n|-damage|p2a: Pawmot|94\/100|[from] Sandstorm\n|-status|p1a: Gliscor|tox|[from] item: Toxic Orb\n|upkeep\n|turn|5\n|\n|t:|1700825262\n|move|p2a: Pawmot|Ice Punch|p1a: Gliscor\n|-supereffective|p1a: Gliscor\n|-damage|p1a: Gliscor|0 fnt\n|faint|p1a: Gliscor\n|\n|-weather|Sandstorm|[upkeep]\n|-damage|p2a: Pawmot|88\/100|[from] Sandstorm\n|upkeep\n|\n|t:|1700825267\n|switch|p1a: Ogerpon|Ogerpon-Wellspring, F|100\/100\n|turn|6\n|\n|t:|1700825275\n|move|p1a: Ogerpon|Encore|p2a: Pawmot\n|-start|p2a: Pawmot|Encore\n|move|p2a: Pawmot|Ice Punch|p1a: Ogerpon\n|-damage|p1a: Ogerpon|56\/100\n|\n|-weather|none\n|upkeep\n|turn|7\n|\n|t:|1700825283\n|move|p1a: Ogerpon|Swords Dance|p1a: Ogerpon\n|-boost|p1a: Ogerpon|atk|2\n|move|p2a: Pawmot|Ice Punch|p1a: Ogerpon\n|-crit|p1a: Ogerpon\n|-damage|p1a: Ogerpon|0 fnt\n|faint|p1a: Ogerpon\n|\n|upkeep\n|c|\u2606masturch33f420|dipshit\n|c|\u2606Lycoreca|Lol\n|\n|t:|1700825306\n|switch|p1a: Heatran|Heatran, M|100\/100\n|turn|8\n|\n|t:|1700825312\n|switch|p2a: Pelipper|Pelipper, M|32\/100\n|-weather|RainDance|[from] ability: Drizzle|[of] p2a: Pelipper\n|move|p1a: Heatran|Magma Storm|p2a: Pelipper\n|-resisted|p2a: Pelipper\n|-damage|p2a: Pelipper|18\/100\n|-activate|p2a: Pelipper|move: Magma Storm|[of] p1a: Heatran\n|\n|-weather|RainDance|[upkeep]\n|-damage|p2a: Pelipper|5\/100|[from] move: Magma Storm|[partiallytrapped]\n|upkeep\n|turn|9\n|\n|t:|1700825324\n|switch|p1a: Tyranitar|Tyranitar-Mega, M|71\/100\n|-weather|Sandstorm|[from] ability: Sand Stream|[of] p1a: Tyranitar\n|move|p2a: Pelipper|Weather Ball|p1a: Tyranitar\n|-damage|p1a: Tyranitar|53\/100\n|\n|-weather|Sandstorm|[upkeep]\n|-damage|p2a: Pelipper|0 fnt|[from] Sandstorm\n|faint|p2a: Pelipper\n|upkeep\n|c|\u2606masturch33f420|if i lose to some newgen natdex denizen\n|\n|t:|1700825335\n|switch|p2a: Pawmot|Pawmot, M|88\/100\n|-item|p2a: Pawmot|Air Balloon\n|turn|10\n|\n|t:|1700825344\n|switch|p1a: Slowking|Slowking-Galar, M, shiny|100\/100\n|move|p2a: Pawmot|Revival Blessing|p2a: Pawmot\n|c|\u2606masturch33f420|not my fault i keep getting sodomized by rng\n|\n|t:|1700825354\n|-heal|p2: Pelipper|50\/100|[from] move: Revival Blessing\n|\n|-weather|Sandstorm|[upkeep]\n|-damage|p2a: Pawmot|82\/100|[from] Sandstorm\n|-damage|p1a: Slowking|94\/100|[from] Sandstorm\n|upkeep\n|turn|11\n|\n|t:|1700825367\n|move|p2a: Pawmot|Thunder Punch|p1a: Slowking\n|-damage|p1a: Slowking|61\/100\n|move|p1a: Slowking|Future Sight|p2a: Pawmot\n|-start|p1a: Slowking|move: Future Sight\n|\n|-weather|Sandstorm|[upkeep]\n|-damage|p2a: Pawmot|76\/100|[from] Sandstorm\n|-damage|p1a: Slowking|55\/100|[from] Sandstorm\n|upkeep\n|turn|12\n|\n|t:|1700825375\n|move|p2a: Pawmot|Thunder Punch|p1a: Slowking\n|-damage|p1a: Slowking|23\/100\n|move|p1a: Slowking|Chilly Reception|p1a: Slowking\n|-weather|Snow\n|\n|t:|1700825378\n|switch|p1a: Heatran|Heatran, M|100\/100|[from] Chilly Reception\n|\n|-weather|Snow|[upkeep]\n|upkeep\n|turn|13\n|\n|t:|1700825390\n|switch|p1a: Slowking|Slowking-Galar, M, shiny|56\/100\n|move|p2a: Pawmot|Thunder Punch|p1a: Slowking\n|-damage|p1a: Slowking|23\/100\n|\n|-weather|Snow|[upkeep]\n|-end|p2a: Pawmot|move: Future Sight\n|-supereffective|p2a: Pawmot\n|-damage|p2a: Pawmot|0 fnt\n|-enditem|p2a: Pawmot|Air Balloon\n|faint|p2a: Pawmot\n|upkeep\n|\n|t:|1700825405\n|switch|p2a: Tapu Koko|Tapu Koko|100\/100\n|-fieldstart|move: Electric Terrain|[from] ability: Electric Surge|[of] p2a: Tapu Koko\n|turn|14\n|\n|t:|1700825412\n|switch|p1a: Heatran|Heatran, M|100\/100\n|move|p2a: Tapu Koko|Volt Switch|p1a: Heatran\n|-damage|p1a: Heatran|77\/100\n|\n|t:|1700825418\n|switch|p2a: Iron Valiant|Iron Valiant|100\/100|[from] Volt Switch\n|-activate|p2a: Iron Valiant|ability: Quark Drive\n|-start|p2a: Iron Valiant|quarkdrivespe\n|\n|-weather|Snow|[upkeep]\n|-heal|p1a: Heatran|83\/100|[from] item: Leftovers\n|upkeep\n|turn|15\n|\n|t:|1700825428\n|switch|p1a: Slowking|Slowking-Galar, M, shiny|56\/100\n|move|p2a: Iron Valiant|Swords Dance|p2a: Iron Valiant\n|-boost|p2a: Iron Valiant|atk|2\n|\n|-weather|Snow|[upkeep]\n|upkeep\n|turn|16\n|\n|t:|1700825446\n|-terastallize|p2a: Iron Valiant|Steel\n|move|p2a: Iron Valiant|Psycho Cut|p1a: Slowking\n|-damage|p1a: Slowking|22\/100\n|move|p1a: Slowking|Thunder Wave|p2a: Iron Valiant\n|-status|p2a: Iron Valiant|par\n|\n|-weather|none\n|upkeep\n|turn|17\n|\n|t:|1700825456\n|switch|p1a: Heatran|Heatran, M|83\/100\n|move|p2a: Iron Valiant|Psycho Cut|p1a: Heatran\n|-resisted|p1a: Heatran\n|-damage|p1a: Heatran|64\/100\n|\n|-heal|p1a: Heatran|70\/100|[from] item: Leftovers\n|upkeep\n|turn|18\n|\n|t:|1700825464\n|cant|p2a: Iron Valiant|par\n|move|p1a: Heatran|Magma Storm|p2a: Iron Valiant\n|-supereffective|p2a: Iron Valiant\n|-enditem|p2a: Iron Valiant|Focus Sash\n|-damage|p2a: Iron Valiant|1\/100 par\n|-activate|p2a: Iron Valiant|move: Magma Storm|[of] p1a: Heatran\n|\n|-heal|p1a: Heatran|76\/100|[from] item: Leftovers\n|-damage|p2a: Iron Valiant|0 fnt|[from] move: Magma Storm|[partiallytrapped]\n|faint|p2a: Iron Valiant\n|-end|p2a: Iron Valiant|Quark Drive|[silent]\n|upkeep\n|c|\u2606masturch33f420|sash\n|c|\u2606masturch33f420|i hate low ladder\n|c|\u2606masturch33f420|i hate sv\n|\n|t:|1700825480\n|switch|p2a: Pelipper|Pelipper, M|50\/100\n|-weather|RainDance|[from] ability: Drizzle|[of] p2a: Pelipper\n|turn|19\n|\n|t:|1700825490\n|switch|p1a: Tyranitar|Tyranitar-Mega, M|53\/100\n|-weather|Sandstorm|[from] ability: Sand Stream|[of] p1a: Tyranitar\n|move|p2a: Pelipper|Weather Ball|p1a: Tyranitar\n|-damage|p1a: Tyranitar|35\/100\n|\n|-weather|Sandstorm|[upkeep]\n|-damage|p2a: Pelipper|44\/100|[from] Sandstorm\n|upkeep\n|turn|20\n|\n|t:|1700825508\n|move|p1a: Tyranitar|Pursuit|p2a: Pelipper\n|-damage|p2a: Pelipper|17\/100\n|move|p2a: Pelipper|U-turn|p1a: Tyranitar\n|-supereffective|p1a: Tyranitar\n|-damage|p1a: Tyranitar|24\/100\n|\n|t:|1700825516\n|switch|p2a: Tapu Koko|Tapu Koko|100\/100|[from] U-turn\n|\n|-weather|Sandstorm|[upkeep]\n|-damage|p2a: Tapu Koko|94\/100|[from] Sandstorm\n|upkeep\n|turn|21\n|\n|t:|1700825526\n|move|p2a: Tapu Koko|Volt Switch|p1a: Tyranitar\n|-damage|p1a: Tyranitar|4\/100\n|\n|t:|1700825529\n|switch|p2a: Pelipper|Pelipper, M|17\/100|[from] Volt Switch\n|-weather|RainDance|[from] ability: Drizzle|[of] p2a: Pelipper\n|move|p1a: Tyranitar|Stone Edge|p2a: Pelipper\n|-supereffective|p2a: Pelipper\n|-damage|p2a: Pelipper|0 fnt\n|faint|p2a: Pelipper\n|\n|-weather|RainDance|[upkeep]\n|-fieldend|move: Electric Terrain\n|upkeep\n|\n|t:|1700825541\n|switch|p2a: Tapu Koko|Tapu Koko|94\/100\n|-fieldstart|move: Electric Terrain|[from] ability: Electric Surge|[of] p2a: Tapu Koko\n|turn|22\n|\n|t:|1700825548\n|move|p2a: Tapu Koko|Volt Switch|p1a: Tyranitar\n|-damage|p1a: Tyranitar|0 fnt\n|faint|p1a: Tyranitar\n|\n|t:|1700825553\n|switch|p2a: Raichu|Raichu-Alola, M|100\/100|[from] Volt Switch\n|\n|-weather|RainDance|[upkeep]\n|upkeep\n|\n|t:|1700825555\n|switch|p1a: Slowking|Slowking-Galar, M, shiny|55\/100\n|turn|23\n|\n|t:|1700825567\n|switch|p1a: Heatran|Heatran, M|76\/100\n|move|p2a: Raichu|Rising Voltage|p1a: Heatran\n|-hint|Rising Voltage's BP doubled on grounded target.\n|-damage|p1a: Heatran|27\/100\n|\n|-weather|RainDance|[upkeep]\n|-heal|p1a: Heatran|34\/100|[from] item: Leftovers\n|upkeep\n|turn|24\n|\n|t:|1700825577\n|move|p2a: Raichu|Rising Voltage|p1a: Heatran\n|-hint|Rising Voltage's BP doubled on grounded target.\n|-damage|p1a: Heatran|0 fnt\n|faint|p1a: Heatran\n|\n|-weather|RainDance|[upkeep]\n|upkeep\n|\n|t:|1700825582\n|switch|p1a: Slowking|Slowking-Galar, M, shiny|88\/100\n|turn|25\n|\n|t:|1700825589\n|-terastallize|p1a: Slowking|Dragon\n|-zpower|p2a: Raichu\n|move|p2a: Raichu|Stoked Sparksurfer|p1a: Slowking|[zeffect]\n|-resisted|p1a: Slowking\n|-damage|p1a: Slowking|50\/100\n|-status|p1a: Slowking|par\n|cant|p1a: Slowking|par\n|\n|-weather|RainDance|[upkeep]\n|upkeep\n|turn|26\n|c|\u2606masturch33f420|nice\n|c|\u2606masturch33f420|i hate this generation\n|inactive|masturch33f420 has 120 seconds left.\n|c|\u2606Lycoreca|Chill\n|c|\u2606masturch33f420|blunder uses this piece of shit raichu form 1 TIME and now low ladders everywhere think its the second coming of regieleki\n|c|\u2606Lycoreca|You win this\n|\n|t:|1700825637\n|switch|p1a: Tornadus|Tornadus-Therian, M|100\/100\n|move|p2a: Raichu|Psychic|p1a: Tornadus\n|-damage|p1a: Tornadus|59\/100\n|\n|-weather|RainDance|[upkeep]\n|upkeep\n|turn|27\n|\n|t:|1700825646\n|switch|p1a: Slowking|Slowking-Galar, M, shiny, tera:Dragon|83\/100 par\n|move|p2a: Raichu|Rising Voltage|p1a: Slowking\n|-hint|Rising Voltage's BP doubled on grounded target.\n|-resisted|p1a: Slowking\n|-damage|p1a: Slowking|51\/100 par\n|\n|-weather|RainDance|[upkeep]\n|upkeep\n|turn|28\n|inactive|masturch33f420 has 120 seconds left.\n|\n|t:|1700825657\n|move|p2a: Raichu|Psychic|p1a: Slowking\n|-damage|p1a: Slowking|20\/100 par\n|move|p1a: Slowking|Sludge Bomb|p2a: Raichu\n|-damage|p2a: Raichu|50\/100\n|\n|-weather|none\n|upkeep\n|turn|29\n|\n|t:|1700825669\n|switch|p1a: Tornadus|Tornadus-Therian, M|92\/100\n|move|p2a: Raichu|Rising Voltage|p1a: Tornadus\n|-supereffective|p1a: Tornadus\n|-crit|p1a: Tornadus\n|-damage|p1a: Tornadus|0 fnt\n|faint|p1a: Tornadus\n|\n|-fieldend|move: Electric Terrain\n|upkeep\n|\n|t:|1700825672\n|switch|p1a: Slowking|Slowking-Galar, M, shiny, tera:Dragon|53\/100 par\n|turn|30\n|c|\u2606masturch33f420|bullshit\n|\n|t:|1700825685\n|move|p2a: Raichu|Psychic|p1a: Slowking\n|-damage|p1a: Slowking|22\/100 par\n|cant|p1a: Slowking|par\n|\n|upkeep\n|turn|31\n|n|!masturch33f420|masturch33f420\n|c|\u2606Lycoreca|Lucky\n|inactive|masturch33f420 has 120 seconds left.\n|inactive|masturch33f420 has 90 seconds left.\n|c|\u2606Lycoreca|Stand proud, you're strong\n|inactive|masturch33f420 has 60 seconds left.\n|inactive|masturch33f420 has 30 seconds left.\n|inactive|masturch33f420 has 20 seconds left.\n|inactive|masturch33f420 has 15 seconds left.\n|inactive|masturch33f420 has 10 seconds left.\n|inactive|masturch33f420 has 5 seconds left.\n|-message|masturch33f420 lost due to inactivity.\n|\n|win|Lycoreca\n|raw|masturch33f420's rating: 1096 &rarr; <strong>1073<\/strong><br \/>(-23 for losing)\n|raw|Lycoreca's rating: 1122 &rarr; <strong>1145<\/strong><br \/>(+23 for winning)\n","uploadtime":1700825631,"views":1,"p1id":"masturch33f420","p2id":"lycoreca","formatid":"gen9nationaldex","rating":1073,"private":0,"password":""}