{"id":"gen9nationaldex-1996729092","p1":"heitaok","p2":"NDSNEZ RankoSimp","format":"[Gen 9] National Dex","log":"|html|<div class=\"broadcast-blue\"><strong>[Gen 9] National Dex is currently suspecting Sneasler! For information on how to participate check out the <a href=\"https:\/\/www.smogon.com\/forums\/threads\/sv-national-dex-suspect-8-just-dance.3731534\/\">suspect thread<\/a>.<\/strong><\/div>\n|j|\u2606heitaok\n|j|\u2606NDSNEZ RankoSimp\n|t:|1700715537\n|gametype|singles\n|player|p1|heitaok|gentleman|1758\n|player|p2|NDSNEZ RankoSimp|hexmaniac-gen6|1653\n|teamsize|p1|6\n|teamsize|p2|6\n|gen|9\n|tier|[Gen 9] National Dex\n|rated|\n|rule|HP Percentage Mod: HP is shown in percentages\n|rule|Endless Battle Clause: Forcing endless battles is banned\n|rule|OHKO Clause: OHKO moves are banned\n|rule|Evasion Clause: Evasion abilities, items, and moves are banned\n|rule|Evasion Abilities Clause: Evasion abilities are banned\n|rule|Evasion Items Clause: Evasion items are banned\n|rule|Evasion Moves Clause: Evasion moves are banned\n|rule|Species Clause: Limit one of each Pok\u00e9mon\n|rule|Sleep Clause Mod: Limit one foe put to sleep\n|clearpoke\n|poke|p1|Mawile, M|\n|poke|p1|Marowak-Alola, M|\n|poke|p1|Hatterene, F|\n|poke|p1|Cresselia, F|\n|poke|p1|Porygon2|\n|poke|p1|Ursaluna, F|\n|poke|p2|Toxapex, F|\n|poke|p2|Dondozo, M|\n|poke|p2|Gliscor, F|\n|poke|p2|Blissey, F|\n|poke|p2|Corviknight, F|\n|poke|p2|Tyranitar, F|\n|teampreview\n|inactive|Battle timer is ON: inactive players will automatically lose when time's up. (requested by NDSNEZ RankoSimp)\n|\n|t:|1700715550\n|start\n|switch|p1a: Porygon2|Porygon2|100\/100\n|switch|p2a: Corviknight|Corviknight, F|100\/100\n|-ability|p2a: Corviknight|Pressure\n|-ability|p1a: Porygon2|Pressure\n|-ability|p1a: Porygon2|Pressure|[from] ability: Trace|[of] p2a: Corviknight\n|turn|1\n|\n|t:|1700715558\n|switch|p2a: Tyranitar|Tyranitar, F|100\/100\n|-weather|Sandstorm|[from] ability: Sand Stream|[of] p2a: Tyranitar\n|move|p1a: Porygon2|Trick Room|p1a: Porygon2\n|-fieldstart|move: Trick Room|[of] p1a: Porygon2\n|\n|-weather|Sandstorm|[upkeep]\n|-damage|p1a: Porygon2|94\/100|[from] Sandstorm\n|upkeep\n|turn|2\n|\n|t:|1700715561\n|detailschange|p2a: Tyranitar|Tyranitar-Mega, F\n|-mega|p2a: Tyranitar|Tyranitar|Tyranitarite\n|move|p2a: Tyranitar|Knock Off|p1a: Porygon2\n|-damage|p1a: Porygon2|65\/100\n|-enditem|p1a: Porygon2|Eviolite|[from] move: Knock Off|[of] p2a: Tyranitar\n|move|p1a: Porygon2|Teleport|p1a: Porygon2\n|\n|t:|1700715568\n|switch|p1a: Mawile|Mawile, M|100\/100|[from] Teleport\n|-ability|p1a: Mawile|Intimidate|boost\n|-unboost|p2a: Tyranitar|atk|1\n|\n|-weather|Sandstorm|[upkeep]\n|upkeep\n|turn|3\n|\n|t:|1700715572\n|switch|p2a: Dondozo|Dondozo, M|100\/100\n|detailschange|p1a: Mawile|Mawile-Mega, M\n|-mega|p1a: Mawile|Mawile|Mawilite\n|move|p1a: Mawile|Play Rough|p2a: Dondozo\n|-crit|p2a: Dondozo\n|-damage|p2a: Dondozo|43\/100\n|\n|-weather|Sandstorm|[upkeep]\n|-damage|p2a: Dondozo|37\/100|[from] Sandstorm\n|-heal|p2a: Dondozo|43\/100|[from] item: Leftovers\n|upkeep\n|turn|4\n|\n|t:|1700715579\n|move|p2a: Dondozo|Rest|p2a: Dondozo\n|-status|p2a: Dondozo|slp|[from] move: Rest\n|-heal|p2a: Dondozo|100\/100 slp|[silent]\n|move|p1a: Mawile|Play Rough|p2a: Dondozo\n|-damage|p2a: Dondozo|63\/100 slp\n|\n|-weather|Sandstorm|[upkeep]\n|-damage|p2a: Dondozo|57\/100 slp|[from] Sandstorm\n|-heal|p2a: Dondozo|63\/100 slp|[from] item: Leftovers\n|upkeep\n|turn|5\n|\n|t:|1700715583\n|cant|p2a: Dondozo|slp\n|move|p2a: Dondozo|Sleep Talk|p2a: Dondozo\n|move|p2a: Dondozo|Body Press|p1a: Mawile|[from]move: Sleep Talk\n|-damage|p1a: Mawile|75\/100\n|move|p1a: Mawile|Play Rough|p2a: Dondozo\n|-damage|p2a: Dondozo|27\/100 slp\n|\n|-weather|none\n|-heal|p2a: Dondozo|33\/100 slp|[from] item: Leftovers\n|-fieldend|move: Trick Room\n|upkeep\n|turn|6\n|\n|t:|1700715594\n|switch|p2a: Corviknight|Corviknight, F|100\/100\n|-ability|p2a: Corviknight|Pressure\n|move|p1a: Mawile|Play Rough|p2a: Corviknight\n|-resisted|p2a: Corviknight\n|-damage|p2a: Corviknight|63\/100\n|\n|-heal|p2a: Corviknight|70\/100|[from] item: Leftovers\n|upkeep\n|turn|7\n|\n|t:|1700715597\n|move|p2a: Corviknight|Protect|p2a: Corviknight\n|-singleturn|p2a: Corviknight|Protect\n|move|p1a: Mawile|Fire Fang|p2a: Corviknight\n|-activate|p2a: Corviknight|move: Protect\n|\n|-heal|p2a: Corviknight|76\/100|[from] item: Leftovers\n|upkeep\n|turn|8\n|\n|t:|1700715601\n|switch|p2a: Toxapex|Toxapex, F|100\/100\n|move|p1a: Mawile|Fire Fang|p2a: Toxapex\n|-resisted|p2a: Toxapex\n|-damage|p2a: Toxapex|88\/100\n|\n|upkeep\n|turn|9\n|\n|t:|1700715613\n|switch|p1a: Marowak|Marowak-Alola, M|100\/100\n|move|p2a: Toxapex|Knock Off|p1a: Marowak\n|-supereffective|p1a: Marowak\n|-damage|p1a: Marowak|70\/100\n|-enditem|p1a: Marowak|Thick Club|[from] move: Knock Off|[of] p2a: Toxapex\n|\n|upkeep\n|turn|10\n|\n|t:|1700715617\n|move|p2a: Toxapex|Toxic|p1a: Marowak\n|-status|p1a: Marowak|tox\n|move|p1a: Marowak|Swords Dance|p1a: Marowak\n|-boost|p1a: Marowak|atk|2\n|\n|-damage|p1a: Marowak|64\/100 tox|[from] psn\n|upkeep\n|turn|11\n|\n|t:|1700715622\n|switch|p2a: Gliscor|Gliscor, F|100\/100\n|move|p1a: Marowak|Poltergeist|p2a: Gliscor\n|-activate|p2a: Gliscor|move: Poltergeist|Toxic Orb\n|-damage|p2a: Gliscor|43\/100\n|\n|-damage|p1a: Marowak|52\/100 tox|[from] psn\n|-status|p2a: Gliscor|tox|[from] item: Toxic Orb\n|upkeep\n|turn|12\n|\n|t:|1700715629\n|move|p2a: Gliscor|Protect|p2a: Gliscor\n|-singleturn|p2a: Gliscor|Protect\n|move|p1a: Marowak|Poltergeist|p2a: Gliscor\n|-activate|p2a: Gliscor|move: Protect\n|\n|-heal|p2a: Gliscor|56\/100 tox|[from] ability: Poison Heal\n|-damage|p1a: Marowak|33\/100 tox|[from] psn\n|upkeep\n|turn|13\n|\n|t:|1700715633\n|switch|p2a: Tyranitar|Tyranitar-Mega, F|100\/100\n|-weather|Sandstorm|[from] ability: Sand Stream|[of] p2a: Tyranitar\n|move|p1a: Marowak|Poltergeist|p2a: Tyranitar\n|-activate|p2a: Tyranitar|move: Poltergeist|Tyranitarite\n|-resisted|p2a: Tyranitar\n|-damage|p2a: Tyranitar|72\/100\n|\n|-weather|Sandstorm|[upkeep]\n|-damage|p1a: Marowak|27\/100 tox|[from] Sandstorm\n|-damage|p1a: Marowak|2\/100 tox|[from] psn\n|upkeep\n|turn|14\n|\n|t:|1700715635\n|move|p2a: Tyranitar|Pursuit|p1a: Marowak\n|-supereffective|p1a: Marowak\n|-damage|p1a: Marowak|0 fnt\n|faint|p1a: Marowak\n|\n|-weather|Sandstorm|[upkeep]\n|upkeep\n|\n|t:|1700715640\n|switch|p1a: Ursaluna|Ursaluna, F|100\/100\n|turn|15\n|\n|t:|1700715656\n|move|p2a: Tyranitar|Knock Off|p1a: Ursaluna\n|-damage|p1a: Ursaluna|63\/100\n|-enditem|p1a: Ursaluna|Flame Orb|[from] move: Knock Off|[of] p2a: Tyranitar\n|move|p1a: Ursaluna|Swords Dance|p1a: Ursaluna\n|-boost|p1a: Ursaluna|atk|2\n|\n|-weather|Sandstorm|[upkeep]\n|upkeep\n|turn|16\n|\n|t:|1700715664\n|switch|p2a: Corviknight|Corviknight, F|76\/100\n|-ability|p2a: Corviknight|Pressure\n|move|p1a: Ursaluna|Facade|p2a: Corviknight\n|-resisted|p2a: Corviknight\n|-damage|p2a: Corviknight|40\/100\n|\n|-weather|Sandstorm|[upkeep]\n|-heal|p2a: Corviknight|46\/100|[from] item: Leftovers\n|upkeep\n|turn|17\n|\n|t:|1700715666\n|move|p2a: Corviknight|Roost|p2a: Corviknight\n|-heal|p2a: Corviknight|96\/100\n|-singleturn|p2a: Corviknight|move: Roost\n|move|p1a: Ursaluna|Fire Punch|p2a: Corviknight\n|-supereffective|p2a: Corviknight\n|-damage|p2a: Corviknight|2\/100\n|\n|-weather|none\n|-heal|p2a: Corviknight|8\/100|[from] item: Leftovers\n|upkeep\n|turn|18\n|\n|t:|1700715670\n|move|p2a: Corviknight|Protect|p2a: Corviknight\n|-singleturn|p2a: Corviknight|Protect\n|move|p1a: Ursaluna|Fire Punch|p2a: Corviknight\n|-activate|p2a: Corviknight|move: Protect\n|\n|-heal|p2a: Corviknight|15\/100|[from] item: Leftovers\n|upkeep\n|turn|19\n|\n|t:|1700715677\n|move|p2a: Corviknight|Iron Head|p1a: Ursaluna\n|-damage|p1a: Ursaluna|46\/100\n|cant|p1a: Ursaluna|flinch\n|\n|-heal|p2a: Corviknight|21\/100|[from] item: Leftovers\n|upkeep\n|turn|20\n|\n|t:|1700715679\n|move|p2a: Corviknight|Iron Head|p1a: Ursaluna\n|-damage|p1a: Ursaluna|28\/100\n|move|p1a: Ursaluna|Fire Punch|p2a: Corviknight\n|-supereffective|p2a: Corviknight\n|-damage|p2a: Corviknight|0 fnt\n|faint|p2a: Corviknight\n|\n|upkeep\n|j| xuxiansheng\n|\n|t:|1700715683\n|switch|p2a: Gliscor|Gliscor, F|56\/100 tox\n|turn|21\n|\n|t:|1700715689\n|move|p2a: Gliscor|Earthquake|p1a: Ursaluna\n|-damage|p1a: Ursaluna|3\/100\n|move|p1a: Ursaluna|Facade|p2a: Gliscor\n|-damage|p2a: Gliscor|3\/100 tox\n|\n|-heal|p2a: Gliscor|15\/100 tox|[from] ability: Poison Heal\n|upkeep\n|turn|22\n|\n|t:|1700715693\n|switch|p1a: Porygon2|Porygon2|65\/100\n|-ability|p1a: Porygon2|Poison Heal|[from] ability: Trace|[of] p2a: Gliscor\n|move|p2a: Gliscor|Earthquake|p1a: Porygon2\n|-damage|p1a: Porygon2|42\/100\n|\n|-heal|p2a: Gliscor|28\/100 tox|[from] ability: Poison Heal\n|upkeep\n|turn|23\n|\n|t:|1700715697\n|move|p2a: Gliscor|Protect|p2a: Gliscor\n|-singleturn|p2a: Gliscor|Protect\n|move|p1a: Porygon2|Teleport|p1a: Porygon2\n|\n|t:|1700715701\n|switch|p1a: Mawile|Mawile-Mega, M|75\/100|[from] Teleport\n|\n|-heal|p2a: Gliscor|40\/100 tox|[from] ability: Poison Heal\n|upkeep\n|turn|24\n|\n|t:|1700715704\n|move|p2a: Gliscor|Protect|p2a: Gliscor\n|-singleturn|p2a: Gliscor|Protect\n|move|p1a: Mawile|Ice Punch|p2a: Gliscor\n|-activate|p2a: Gliscor|move: Protect\n|\n|-heal|p2a: Gliscor|53\/100 tox|[from] ability: Poison Heal\n|upkeep\n|turn|25\n|\n|t:|1700715711\n|switch|p2a: Toxapex|Toxapex, F|100\/100\n|move|p1a: Mawile|Play Rough|p2a: Toxapex\n|-resisted|p2a: Toxapex\n|-damage|p2a: Toxapex|74\/100\n|\n|upkeep\n|turn|26\n|\n|t:|1700715718\n|switch|p1a: Hatterene|Hatterene, F|100\/100\n|move|p2a: Toxapex|Knock Off|p1a: Hatterene\n|-damage|p1a: Hatterene|84\/100\n|-enditem|p1a: Hatterene|Focus Sash|[from] move: Knock Off|[of] p2a: Toxapex\n|\n|upkeep\n|turn|27\n|\n|t:|1700715731\n|switch|p2a: Dondozo|Dondozo, M|33\/100 slp\n|move|p1a: Hatterene|Healing Wish|p1a: Hatterene\n|faint|p1a: Hatterene\n|\n|-heal|p2a: Dondozo|39\/100 slp|[from] item: Leftovers\n|upkeep\n|\n|t:|1700715733\n|switch|p1a: Ursaluna|Ursaluna, F|3\/100\n|-heal|p1a: Ursaluna|100\/100|[from] move: Healing Wish\n|turn|28\n|\n|t:|1700715746\n|-terastallize|p1a: Ursaluna|Normal\n|cant|p2a: Dondozo|slp\n|move|p2a: Dondozo|Sleep Talk|p2a: Dondozo\n|move|p2a: Dondozo|Rest||[from]move: Sleep Talk|[still]\n|-fail|p2a: Dondozo\n|move|p1a: Ursaluna|Facade|p2a: Dondozo\n|-damage|p2a: Dondozo|15\/100 slp\n|\n|-heal|p2a: Dondozo|22\/100 slp|[from] item: Leftovers\n|upkeep\n|turn|29\n|j| CCCCold\n|l| CCCCold\n|\n|t:|1700715759\n|-curestatus|p2a: Dondozo|slp|[msg]\n|move|p2a: Dondozo|Rest|p2a: Dondozo\n|-status|p2a: Dondozo|slp|[from] move: Rest\n|-heal|p2a: Dondozo|100\/100 slp|[silent]\n|move|p1a: Ursaluna|Facade|p2a: Dondozo\n|-damage|p2a: Dondozo|76\/100 slp\n|\n|-heal|p2a: Dondozo|82\/100 slp|[from] item: Leftovers\n|upkeep\n|turn|30\n|j| kingambit player\n|\n|t:|1700715767\n|switch|p1a: Mawile|Mawile-Mega, M|75\/100\n|cant|p2a: Dondozo|slp\n|move|p2a: Dondozo|Sleep Talk|p2a: Dondozo\n|move|p2a: Dondozo|Body Press|p1a: Mawile|[from]move: Sleep Talk\n|-damage|p1a: Mawile|48\/100\n|\n|-heal|p2a: Dondozo|88\/100 slp|[from] item: Leftovers\n|upkeep\n|turn|31\n|\n|t:|1700715772\n|move|p1a: Mawile|Play Rough|p2a: Dondozo\n|-damage|p2a: Dondozo|51\/100 slp\n|cant|p2a: Dondozo|slp\n|move|p2a: Dondozo|Sleep Talk|p2a: Dondozo\n|move|p2a: Dondozo|Body Press|p1a: Mawile|[from]move: Sleep Talk\n|-damage|p1a: Mawile|20\/100\n|\n|-heal|p2a: Dondozo|57\/100 slp|[from] item: Leftovers\n|upkeep\n|turn|32\n|l| kingambit player\n|\n|t:|1700715776\n|move|p1a: Mawile|Play Rough|p2a: Dondozo\n|-damage|p2a: Dondozo|18\/100 slp\n|-curestatus|p2a: Dondozo|slp|[msg]\n|move|p2a: Dondozo|Rest|p2a: Dondozo\n|-status|p2a: Dondozo|slp|[from] move: Rest\n|-heal|p2a: Dondozo|100\/100 slp|[silent]\n|\n|upkeep\n|turn|33\n|\n|t:|1700715780\n|switch|p2a: Toxapex|Toxapex, F|100\/100\n|move|p1a: Mawile|Play Rough|p2a: Toxapex\n|-resisted|p2a: Toxapex\n|-damage|p2a: Toxapex|72\/100\n|\n|upkeep\n|turn|34\n|\n|t:|1700715784\n|switch|p1a: Ursaluna|Ursaluna, F, tera:Normal|100\/100\n|move|p2a: Toxapex|Knock Off|p1a: Ursaluna\n|-damage|p1a: Ursaluna|93\/100\n|\n|upkeep\n|turn|35\n|\n|t:|1700715787\n|switch|p2a: Gliscor|Gliscor, F|53\/100 tox\n|move|p1a: Ursaluna|Earthquake|p2a: Gliscor\n|-immune|p2a: Gliscor\n|\n|-heal|p2a: Gliscor|65\/100 tox|[from] ability: Poison Heal\n|upkeep\n|turn|36\n|\n|t:|1700715791\n|move|p2a: Gliscor|Spikes|p1a: Ursaluna\n|-sidestart|p1: heitaok|Spikes\n|move|p1a: Ursaluna|Swords Dance|p1a: Ursaluna\n|-boost|p1a: Ursaluna|atk|2\n|\n|-heal|p2a: Gliscor|78\/100 tox|[from] ability: Poison Heal\n|upkeep\n|turn|37\n|\n|t:|1700715793\n|move|p2a: Gliscor|Spikes|p1a: Ursaluna\n|-sidestart|p1: heitaok|Spikes\n|move|p1a: Ursaluna|Swords Dance|p1a: Ursaluna\n|-boost|p1a: Ursaluna|atk|2\n|\n|-heal|p2a: Gliscor|90\/100 tox|[from] ability: Poison Heal\n|upkeep\n|turn|38\n|\n|t:|1700715795\n|move|p2a: Gliscor|Spikes|p1a: Ursaluna\n|-sidestart|p1: heitaok|Spikes\n|move|p1a: Ursaluna|Swords Dance|p1a: Ursaluna\n|-boost|p1a: Ursaluna|atk|2\n|\n|-heal|p2a: Gliscor|100\/100 tox|[from] ability: Poison Heal\n|upkeep\n|turn|39\n|\n|t:|1700715798\n|move|p2a: Gliscor|Earthquake|p1a: Ursaluna\n|-damage|p1a: Ursaluna|69\/100\n|move|p1a: Ursaluna|Facade|p2a: Gliscor\n|-damage|p2a: Gliscor|0 fnt\n|faint|p2a: Gliscor\n|\n|upkeep\n|\n|t:|1700715801\n|switch|p2a: Dondozo|Dondozo, M|100\/100 slp\n|turn|40\n|\n|t:|1700715803\n|cant|p2a: Dondozo|slp\n|move|p2a: Dondozo|Sleep Talk|p2a: Dondozo\n|move|p2a: Dondozo|Body Press|p1a: Ursaluna|[from]move: Sleep Talk\n|-supereffective|p1a: Ursaluna\n|-damage|p1a: Ursaluna|30\/100\n|move|p1a: Ursaluna|Facade|p2a: Dondozo\n|-damage|p2a: Dondozo|74\/100 slp\n|\n|-heal|p2a: Dondozo|80\/100 slp|[from] item: Leftovers\n|upkeep\n|turn|41\n|\n|t:|1700715807\n|switch|p1a: Cresselia|Cresselia, F|100\/100\n|cant|p2a: Dondozo|slp\n|move|p2a: Dondozo|Sleep Talk|p2a: Dondozo\n|move|p2a: Dondozo|Body Press|p1a: Cresselia|[from]move: Sleep Talk\n|-resisted|p1a: Cresselia\n|-damage|p1a: Cresselia|94\/100\n|\n|-heal|p2a: Dondozo|86\/100 slp|[from] item: Leftovers\n|upkeep\n|turn|42\n|\n|t:|1700715811\n|move|p1a: Cresselia|Lunar Dance|p1a: Cresselia\n|faint|p1a: Cresselia\n|-curestatus|p2a: Dondozo|slp|[msg]\n|move|p2a: Dondozo|Curse|p2a: Dondozo\n|-unboost|p2a: Dondozo|spe|1\n|-boost|p2a: Dondozo|atk|1\n|-boost|p2a: Dondozo|def|1\n|\n|-heal|p2a: Dondozo|92\/100|[from] item: Leftovers\n|upkeep\n|\n|t:|1700715813\n|switch|p1a: Ursaluna|Ursaluna, F, tera:Normal|30\/100\n|-heal|p1a: Ursaluna|100\/100|[from] move: Lunar Dance\n|-damage|p1a: Ursaluna|76\/100|[from] Spikes\n|turn|43\n|\n|t:|1700715816\n|switch|p1a: Porygon2|Porygon2|42\/100\n|-damage|p1a: Porygon2|17\/100|[from] Spikes\n|-ability|p1a: Porygon2|Unaware|[from] ability: Trace|[of] p2a: Dondozo\n|move|p2a: Dondozo|Body Press|p1a: Porygon2\n|-supereffective|p1a: Porygon2\n|-damage|p1a: Porygon2|0 fnt\n|faint|p1a: Porygon2\n|\n|-heal|p2a: Dondozo|99\/100|[from] item: Leftovers\n|upkeep\n|-message|heitaok forfeited.\n|\n|win|NDSNEZ RankoSimp\n|raw|heitaok's rating: 1758 &rarr; <strong>1732<\/strong><br \/>(-26 for losing)\n|raw|NDSNEZ RankoSimp's rating: 1653 &rarr; <strong>1679<\/strong><br \/>(+26 for winning)\n|l|\u2606heitaok\n|l|\u2606NDSNEZ RankoSimp\n|j|\u2606NDSNEZ RankoSimp\n|player|p2|NDSNEZ RankoSimp|hexmaniac-gen6\n|l| xuxiansheng\n","uploadtime":1700716260,"views":37,"p1id":"heitaok","p2id":"ndsnezrankosimp","formatid":"gen9nationaldex","rating":1679,"private":0,"password":""}