{"id":"gen9nationaldex-1997711572","p1":"gsjsbsjdkspldlx","p2":"wochiningmeng","format":"[Gen 9] National Dex","log":"|html|<div class=\"broadcast-blue\"><strong>[Gen 9] National Dex is currently suspecting Sneasler! For information on how to participate check out the <a href=\"https:\/\/www.smogon.com\/forums\/threads\/sv-national-dex-suspect-8-just-dance.3731534\/\">suspect thread<\/a>.<\/strong><\/div>\n|j|\u2606gsjsbsjdkspldlx\n|j|\u2606wochiningmeng\n|t:|1700844512\n|gametype|singles\n|player|p1|gsjsbsjdkspldlx|dawn|1077\n|player|p2|wochiningmeng|hooligans|1107\n|teamsize|p1|6\n|teamsize|p2|6\n|gen|9\n|tier|[Gen 9] National Dex\n|rated|\n|rule|HP Percentage Mod: HP is shown in percentages\n|rule|Endless Battle Clause: Forcing endless battles is banned\n|rule|OHKO Clause: OHKO moves are banned\n|rule|Evasion Clause: Evasion abilities, items, and moves are banned\n|rule|Evasion Abilities Clause: Evasion abilities are banned\n|rule|Evasion Items Clause: Evasion items are banned\n|rule|Evasion Moves Clause: Evasion moves are banned\n|rule|Species Clause: Limit one of each Pok\u00e9mon\n|rule|Sleep Clause Mod: Limit one foe put to sleep\n|clearpoke\n|poke|p1|Electrode-Hisui|\n|poke|p1|Duraludon, F|\n|poke|p1|Fezandipiti, M|\n|poke|p1|Solrock|\n|poke|p1|Samurott-Hisui, F|\n|poke|p1|Gastrodon, F|\n|poke|p2|Charizard, F|\n|poke|p2|Serperior, F|\n|poke|p2|Great Tusk|\n|poke|p2|Bisharp, F|\n|poke|p2|Toxapex, M|\n|poke|p2|Aegislash, F|\n|teampreview\n|\n|t:|1700844537\n|start\n|switch|p1a: Fezandipiti|Fezandipiti, M|100\/100\n|switch|p2a: Aegislash|Aegislash, F, shiny|100\/100\n|turn|1\n|\n|t:|1700844549\n|switch|p1a: Gastrodon|Gastrodon, F|100\/100\n|move|p2a: Aegislash|Swords Dance|p2a: Aegislash\n|-boost|p2a: Aegislash|atk|2\n|\n|upkeep\n|turn|2\n|\n|t:|1700844556\n|move|p2a: Aegislash|Swords Dance|p2a: Aegislash\n|-boost|p2a: Aegislash|atk|2\n|move|p1a: Gastrodon|Scald|p2a: Aegislash\n|-damage|p2a: Aegislash|78\/100\n|\n|-heal|p2a: Aegislash|84\/100|[from] item: Leftovers\n|upkeep\n|turn|3\n|\n|t:|1700844569\n|move|p2a: Aegislash|Toxic|p1a: Gastrodon\n|-status|p1a: Gastrodon|tox\n|move|p1a: Gastrodon|Scald|p2a: Aegislash\n|-crit|p2a: Aegislash\n|-damage|p2a: Aegislash|55\/100\n|\n|-heal|p2a: Aegislash|61\/100|[from] item: Leftovers\n|-damage|p1a: Gastrodon|94\/100 tox|[from] psn\n|upkeep\n|turn|4\n|\n|t:|1700844575\n|move|p2a: Aegislash|King's Shield|p2a: Aegislash\n|-singleturn|p2a: Aegislash|Protect\n|move|p1a: Gastrodon|Scald|p2a: Aegislash\n|-activate|p2a: Aegislash|move: Protect\n|\n|-heal|p2a: Aegislash|67\/100|[from] item: Leftovers\n|-damage|p1a: Gastrodon|82\/100 tox|[from] psn\n|upkeep\n|turn|5\n|\n|t:|1700844585\n|move|p2a: Aegislash|Swords Dance|p2a: Aegislash\n|-boost|p2a: Aegislash|atk|2\n|move|p1a: Gastrodon|Scald|p2a: Aegislash\n|-damage|p2a: Aegislash|46\/100\n|\n|-heal|p2a: Aegislash|53\/100|[from] item: Leftovers\n|-damage|p1a: Gastrodon|64\/100 tox|[from] psn\n|upkeep\n|turn|6\n|\n|t:|1700844592\n|-formechange|p2a: Aegislash|Aegislash-Blade||[from] ability: Stance Change\n|move|p2a: Aegislash|Shadow Sneak|p1a: Gastrodon\n|-damage|p1a: Gastrodon|8\/100 tox\n|-damage|p2a: Aegislash|36\/100|[from] item: Rocky Helmet|[of] p1a: Gastrodon\n|move|p1a: Gastrodon|Scald|p2a: Aegislash\n|-damage|p2a: Aegislash|0 fnt\n|faint|p2a: Aegislash\n|\n|-damage|p1a: Gastrodon|0 fnt|[from] psn\n|faint|p1a: Gastrodon\n|upkeep\n|\n|t:|1700844610\n|switch|p2a: \u76f4\u5347\u673a|Serperior, F, shiny|100\/100\n|switch|p1a: Duraludon|Duraludon, F|100\/100\n|turn|7\n|\n|t:|1700844622\n|move|p2a: \u76f4\u5347\u673a|Glare|p1a: Duraludon\n|-status|p1a: Duraludon|par\n|cant|p1a: Duraludon|par\n|\n|upkeep\n|turn|8\n|\n|t:|1700844627\n|move|p2a: \u76f4\u5347\u673a|Substitute|p2a: \u76f4\u5347\u673a\n|-start|p2a: \u76f4\u5347\u673a|Substitute\n|-damage|p2a: \u76f4\u5347\u673a|76\/100\n|move|p1a: Duraludon|Dragon Pulse|p2a: \u76f4\u5347\u673a\n|-end|p2a: \u76f4\u5347\u673a|Substitute\n|\n|-heal|p2a: \u76f4\u5347\u673a|82\/100|[from] item: Leftovers\n|upkeep\n|turn|9\n|\n|t:|1700844640\n|move|p2a: \u76f4\u5347\u673a|Substitute|p2a: \u76f4\u5347\u673a\n|-start|p2a: \u76f4\u5347\u673a|Substitute\n|-damage|p2a: \u76f4\u5347\u673a|57\/100\n|move|p1a: Duraludon|Dragon Pulse|p2a: \u76f4\u5347\u673a\n|-end|p2a: \u76f4\u5347\u673a|Substitute\n|\n|-heal|p2a: \u76f4\u5347\u673a|63\/100|[from] item: Leftovers\n|upkeep\n|turn|10\n|\n|t:|1700844648\n|move|p2a: \u76f4\u5347\u673a|Substitute|p2a: \u76f4\u5347\u673a\n|-start|p2a: \u76f4\u5347\u673a|Substitute\n|-damage|p2a: \u76f4\u5347\u673a|39\/100\n|move|p1a: Duraludon|Dragon Pulse|p2a: \u76f4\u5347\u673a\n|-end|p2a: \u76f4\u5347\u673a|Substitute\n|\n|-heal|p2a: \u76f4\u5347\u673a|45\/100|[from] item: Leftovers\n|upkeep\n|turn|11\n|\n|t:|1700844657\n|move|p2a: \u76f4\u5347\u673a|Substitute|p2a: \u76f4\u5347\u673a\n|-start|p2a: \u76f4\u5347\u673a|Substitute\n|-damage|p2a: \u76f4\u5347\u673a|20\/100\n|move|p1a: Duraludon|Dragon Pulse|p2a: \u76f4\u5347\u673a\n|-end|p2a: \u76f4\u5347\u673a|Substitute\n|\n|-heal|p2a: \u76f4\u5347\u673a|26\/100|[from] item: Leftovers\n|upkeep\n|turn|12\n|\n|t:|1700844665\n|move|p2a: \u76f4\u5347\u673a|Substitute|p2a: \u76f4\u5347\u673a\n|-start|p2a: \u76f4\u5347\u673a|Substitute\n|-damage|p2a: \u76f4\u5347\u673a|2\/100\n|cant|p1a: Duraludon|par\n|\n|-heal|p2a: \u76f4\u5347\u673a|8\/100|[from] item: Leftovers\n|upkeep\n|turn|13\n|\n|t:|1700844673\n|move|p2a: \u76f4\u5347\u673a|Leech Seed|p1a: Duraludon\n|-start|p1a: Duraludon|move: Leech Seed\n|move|p1a: Duraludon|Dragon Pulse|p2a: \u76f4\u5347\u673a\n|-crit|p2a: \u76f4\u5347\u673a\n|-end|p2a: \u76f4\u5347\u673a|Substitute\n|\n|-heal|p2a: \u76f4\u5347\u673a|14\/100|[from] item: Leftovers\n|-damage|p1a: Duraludon|88\/100 par|[from] Leech Seed|[of] p2a: \u76f4\u5347\u673a\n|-heal|p2a: \u76f4\u5347\u673a|29\/100|[silent]\n|upkeep\n|turn|14\n|\n|t:|1700844683\n|switch|p1a: Electrode|Electrode-Hisui|100\/100\n|move|p2a: \u76f4\u5347\u673a|Substitute|p2a: \u76f4\u5347\u673a\n|-start|p2a: \u76f4\u5347\u673a|Substitute\n|-damage|p2a: \u76f4\u5347\u673a|4\/100\n|\n|-heal|p2a: \u76f4\u5347\u673a|10\/100|[from] item: Leftovers\n|upkeep\n|turn|15\n|\n|t:|1700844695\n|move|p1a: Electrode|Thunderbolt|p2a: \u76f4\u5347\u673a\n|-resisted|p2a: \u76f4\u5347\u673a\n|-end|p2a: \u76f4\u5347\u673a|Substitute\n|-damage|p1a: Electrode|91\/100|[from] item: Life Orb\n|move|p2a: \u76f4\u5347\u673a|Glare|p1a: Electrode\n|-immune|p1a: Electrode\n|\n|-heal|p2a: \u76f4\u5347\u673a|16\/100|[from] item: Leftovers\n|upkeep\n|turn|16\n|\n|t:|1700844708\n|switch|p2a: \u51b0\u7ea2\u8336|Great Tusk|100\/100\n|move|p1a: Electrode|Charge Beam|p2a: \u51b0\u7ea2\u8336\n|-immune|p2a: \u51b0\u7ea2\u8336\n|\n|upkeep\n|turn|17\n|\n|t:|1700844716\n|switch|p1a: Duraludon|Duraludon, F|88\/100 par\n|move|p2a: \u51b0\u7ea2\u8336|Headlong Rush|p1a: Duraludon\n|-supereffective|p1a: Duraludon\n|-damage|p1a: Duraludon|0 fnt\n|-unboost|p2a: \u51b0\u7ea2\u8336|def|1\n|-unboost|p2a: \u51b0\u7ea2\u8336|spd|1\n|faint|p1a: Duraludon\n|\n|upkeep\n|\n|t:|1700844730\n|switch|p1a: Samurott|Samurott-Hisui, F|100\/100\n|turn|18\n|\n|t:|1700844743\n|-end|p2a: \u51b0\u7ea2\u8336|Protosynthesis|[silent]\n|switch|p2a: \u4f1a\u8098\u51fb|Bisharp, F, shiny|100\/100\n|move|p1a: Samurott|Aqua Cutter|p2a: \u4f1a\u8098\u51fb\n|-damage|p2a: \u4f1a\u8098\u51fb|67\/100\n|\n|upkeep\n|turn|19\n|\n|t:|1700844751\n|switch|p1a: Fezandipiti|Fezandipiti, M|100\/100\n|move|p2a: \u4f1a\u8098\u51fb|Swords Dance|p2a: \u4f1a\u8098\u51fb\n|-boost|p2a: \u4f1a\u8098\u51fb|atk|2\n|\n|upkeep\n|turn|20\n|\n|t:|1700844761\n|move|p1a: Fezandipiti|U-turn|p2a: \u4f1a\u8098\u51fb\n|-damage|p2a: \u4f1a\u8098\u51fb|57\/100\n|\n|t:|1700844768\n|switch|p1a: Samurott|Samurott-Hisui, F|100\/100|[from] U-turn\n|move|p2a: \u4f1a\u8098\u51fb|Swords Dance|p2a: \u4f1a\u8098\u51fb\n|-boost|p2a: \u4f1a\u8098\u51fb|atk|2\n|\n|upkeep\n|turn|21\n|\n|t:|1700844775\n|move|p1a: Samurott|Sacred Sword|p2a: \u4f1a\u8098\u51fb\n|-supereffective|p2a: \u4f1a\u8098\u51fb\n|-damage|p2a: \u4f1a\u8098\u51fb|0 fnt\n|faint|p2a: \u4f1a\u8098\u51fb\n|\n|upkeep\n|\n|t:|1700844781\n|switch|p2a: \u76f4\u5347\u673a|Serperior, F, shiny|16\/100\n|turn|22\n|\n|t:|1700844788\n|move|p1a: Samurott|Sacred Sword|p2a: \u76f4\u5347\u673a\n|-damage|p2a: \u76f4\u5347\u673a|0 fnt\n|faint|p2a: \u76f4\u5347\u673a\n|\n|upkeep\n|\n|t:|1700844792\n|switch|p2a: \u79d1\u6bd4\u8001\u5927|Charizard, F, shiny|100\/100\n|turn|23\n|\n|t:|1700844799\n|switch|p1a: Fezandipiti|Fezandipiti, M|100\/100\n|detailschange|p2a: \u79d1\u6bd4\u8001\u5927|Charizard-Mega-Y, F, shiny\n|-mega|p2a: \u79d1\u6bd4\u8001\u5927|Charizard|Charizardite Y\n|-weather|SunnyDay|[from] ability: Drought|[of] p2a: \u79d1\u6bd4\u8001\u5927\n|move|p2a: \u79d1\u6bd4\u8001\u5927|Solar Beam||[still]\n|-prepare|p2a: \u79d1\u6bd4\u8001\u5927|Solar Beam\n|-anim|p2a: \u79d1\u6bd4\u8001\u5927|Solar Beam|p1a: Fezandipiti\n|-resisted|p1a: Fezandipiti\n|-damage|p1a: Fezandipiti|83\/100\n|\n|-weather|SunnyDay|[upkeep]\n|upkeep\n|turn|24\n|\n|t:|1700844809\n|move|p2a: \u79d1\u6bd4\u8001\u5927|Weather Ball|p1a: Fezandipiti\n|-damage|p1a: Fezandipiti|11\/100\n|move|p1a: Fezandipiti|Sludge Bomb|p2a: \u79d1\u6bd4\u8001\u5927\n|-crit|p2a: \u79d1\u6bd4\u8001\u5927\n|-damage|p2a: \u79d1\u6bd4\u8001\u5927|45\/100\n|\n|-weather|SunnyDay|[upkeep]\n|upkeep\n|turn|25\n|\n|t:|1700844820\n|switch|p1a: Samurott|Samurott-Hisui, F|100\/100\n|move|p2a: \u79d1\u6bd4\u8001\u5927|Air Slash|p1a: Samurott\n|-damage|p1a: Samurott|32\/100\n|\n|-weather|SunnyDay|[upkeep]\n|upkeep\n|turn|26\n|\n|t:|1700844830\n|switch|p2a: \u51b0\u7ea2\u8336|Great Tusk|100\/100\n|-activate|p2a: \u51b0\u7ea2\u8336|ability: Protosynthesis\n|-start|p2a: \u51b0\u7ea2\u8336|protosynthesisatk\n|move|p1a: Samurott|Ceaseless Edge|p2a: \u51b0\u7ea2\u8336|[miss]\n|-miss|p1a: Samurott|p2a: \u51b0\u7ea2\u8336\n|\n|-weather|SunnyDay|[upkeep]\n|upkeep\n|turn|27\n|\n|t:|1700844839\n|move|p1a: Samurott|Ceaseless Edge|p2a: \u51b0\u7ea2\u8336\n|-resisted|p2a: \u51b0\u7ea2\u8336\n|-damage|p2a: \u51b0\u7ea2\u8336|84\/100\n|-sidestart|p2: wochiningmeng|Spikes\n|move|p2a: \u51b0\u7ea2\u8336|Headlong Rush|p1a: Samurott\n|-damage|p1a: Samurott|0 fnt\n|-unboost|p2a: \u51b0\u7ea2\u8336|def|1\n|-unboost|p2a: \u51b0\u7ea2\u8336|spd|1\n|faint|p1a: Samurott\n|\n|-weather|none\n|-end|p2a: \u51b0\u7ea2\u8336|Protosynthesis\n|upkeep\n|\n|t:|1700844847\n|switch|p1a: Solrock|Solrock|100\/100\n|turn|28\n|\n|t:|1700844855\n|-end|p2a: \u51b0\u7ea2\u8336|Protosynthesis|[silent]\n|switch|p2a: \u8010\u6454\u738b|Toxapex, M, shiny|100\/100\n|-damage|p2a: \u8010\u6454\u738b|88\/100|[from] Spikes\n|move|p1a: Solrock|Iron Defense|p1a: Solrock\n|-boost|p1a: Solrock|def|2\n|\n|-heal|p2a: \u8010\u6454\u738b|94\/100|[from] item: Black Sludge\n|upkeep\n|turn|29\n|\n|t:|1700844861\n|switch|p1a: Fezandipiti|Fezandipiti, M|11\/100\n|move|p2a: \u8010\u6454\u738b|Toxic|p1a: Fezandipiti\n|-immune|p1a: Fezandipiti\n|\n|-heal|p2a: \u8010\u6454\u738b|100\/100|[from] item: Black Sludge\n|upkeep\n|turn|30\n|\n|t:|1700844869\n|switch|p2a: \u51b0\u7ea2\u8336|Great Tusk|84\/100\n|-damage|p2a: \u51b0\u7ea2\u8336|72\/100|[from] Spikes\n|move|p1a: Fezandipiti|Roost|p1a: Fezandipiti\n|-heal|p1a: Fezandipiti|61\/100\n|-singleturn|p1a: Fezandipiti|move: Roost\n|\n|upkeep\n|turn|31\n|\n|t:|1700844893\n|switch|p1a: Solrock|Solrock|100\/100\n|-terastallize|p2a: \u51b0\u7ea2\u8336|Fire\n|move|p2a: \u51b0\u7ea2\u8336|Tera Blast|p1a: Solrock|[anim] Tera Blast Fire\n|-resisted|p1a: Solrock\n|-damage|p1a: Solrock|70\/100\n|\n|-heal|p1a: Solrock|76\/100|[from] item: Leftovers\n|upkeep\n|turn|32\n|\n|t:|1700844902\n|-end|p2a: \u51b0\u7ea2\u8336|Protosynthesis|[silent]\n|switch|p2a: \u8010\u6454\u738b|Toxapex, M, shiny|100\/100\n|-damage|p2a: \u8010\u6454\u738b|88\/100|[from] Spikes\n|move|p1a: Solrock|Iron Defense|p1a: Solrock\n|-boost|p1a: Solrock|def|2\n|\n|-heal|p1a: Solrock|82\/100|[from] item: Leftovers\n|-heal|p2a: \u8010\u6454\u738b|94\/100|[from] item: Black Sludge\n|upkeep\n|turn|33\n|\n|t:|1700844910\n|switch|p1a: Fezandipiti|Fezandipiti, M|61\/100\n|move|p2a: \u8010\u6454\u738b|Haze|p2a: \u8010\u6454\u738b\n|-clearallboost\n|\n|-heal|p2a: \u8010\u6454\u738b|100\/100|[from] item: Black Sludge\n|upkeep\n|turn|34\n|\n|t:|1700844915\n|switch|p2a: \u51b0\u7ea2\u8336|Great Tusk, tera:Fire|72\/100\n|-damage|p2a: \u51b0\u7ea2\u8336|60\/100|[from] Spikes\n|move|p1a: Fezandipiti|Roost|p1a: Fezandipiti\n|-heal|p1a: Fezandipiti|100\/100\n|-singleturn|p1a: Fezandipiti|move: Roost\n|\n|upkeep\n|turn|35\n|\n|t:|1700844924\n|move|p2a: \u51b0\u7ea2\u8336|Headlong Rush|p1a: Fezandipiti\n|-supereffective|p1a: Fezandipiti\n|-damage|p1a: Fezandipiti|0 fnt\n|-unboost|p2a: \u51b0\u7ea2\u8336|def|1\n|-unboost|p2a: \u51b0\u7ea2\u8336|spd|1\n|faint|p1a: Fezandipiti\n|\n|upkeep\n|\n|t:|1700844927\n|switch|p1a: Solrock|Solrock|82\/100\n|turn|36\n|\n|t:|1700844937\n|-end|p2a: \u51b0\u7ea2\u8336|Protosynthesis|[silent]\n|switch|p2a: \u8010\u6454\u738b|Toxapex, M, shiny|100\/100\n|-damage|p2a: \u8010\u6454\u738b|88\/100|[from] Spikes\n|move|p1a: Solrock|Zen Headbutt|p2a: \u8010\u6454\u738b\n|-supereffective|p2a: \u8010\u6454\u738b\n|-damage|p2a: \u8010\u6454\u738b|29\/100\n|\n|-heal|p1a: Solrock|89\/100|[from] item: Leftovers\n|-heal|p2a: \u8010\u6454\u738b|35\/100|[from] item: Black Sludge\n|upkeep\n|turn|37\n|\n|t:|1700844944\n|move|p2a: \u8010\u6454\u738b|Baneful Bunker|p2a: \u8010\u6454\u738b\n|-singleturn|p2a: \u8010\u6454\u738b|move: Protect\n|move|p1a: Solrock|Zen Headbutt|p2a: \u8010\u6454\u738b\n|-activate|p2a: \u8010\u6454\u738b|move: Protect\n|-status|p1a: Solrock|psn\n|\n|-heal|p1a: Solrock|95\/100 psn|[from] item: Leftovers\n|-heal|p2a: \u8010\u6454\u738b|41\/100|[from] item: Black Sludge\n|-damage|p1a: Solrock|82\/100 psn|[from] psn\n|upkeep\n|turn|38\n|\n|t:|1700844955\n|move|p1a: Solrock|Zen Headbutt|p2a: \u8010\u6454\u738b|[miss]\n|-miss|p1a: Solrock|p2a: \u8010\u6454\u738b\n|move|p2a: \u8010\u6454\u738b|Recover|p2a: \u8010\u6454\u738b\n|-heal|p2a: \u8010\u6454\u738b|91\/100\n|\n|-heal|p1a: Solrock|88\/100 psn|[from] item: Leftovers\n|-heal|p2a: \u8010\u6454\u738b|97\/100|[from] item: Black Sludge\n|-damage|p1a: Solrock|76\/100 psn|[from] psn\n|upkeep\n|turn|39\n|\n|t:|1700844965\n|move|p1a: Solrock|Swords Dance|p1a: Solrock\n|-boost|p1a: Solrock|atk|2\n|move|p2a: \u8010\u6454\u738b|Recover|p2a: \u8010\u6454\u738b\n|-heal|p2a: \u8010\u6454\u738b|100\/100\n|\n|-heal|p1a: Solrock|82\/100 psn|[from] item: Leftovers\n|-damage|p1a: Solrock|69\/100 psn|[from] psn\n|upkeep\n|turn|40\n|\n|t:|1700844968\n|move|p1a: Solrock|Zen Headbutt|p2a: \u8010\u6454\u738b\n|-supereffective|p2a: \u8010\u6454\u738b\n|-damage|p2a: \u8010\u6454\u738b|0 fnt\n|faint|p2a: \u8010\u6454\u738b\n|\n|-heal|p1a: Solrock|75\/100 psn|[from] item: Leftovers\n|-damage|p1a: Solrock|63\/100 psn|[from] psn\n|upkeep\n|\n|t:|1700844984\n|switch|p2a: \u79d1\u6bd4\u8001\u5927|Charizard-Mega-Y, F, shiny|45\/100\n|-weather|SunnyDay|[from] ability: Drought|[of] p2a: \u79d1\u6bd4\u8001\u5927\n|turn|41\n|\n|t:|1700844996\n|switch|p1a: Electrode|Electrode-Hisui|91\/100\n|move|p2a: \u79d1\u6bd4\u8001\u5927|Solar Beam||[still]\n|-prepare|p2a: \u79d1\u6bd4\u8001\u5927|Solar Beam\n|-anim|p2a: \u79d1\u6bd4\u8001\u5927|Solar Beam|p1a: Electrode\n|-resisted|p1a: Electrode\n|-damage|p1a: Electrode|51\/100\n|\n|-weather|SunnyDay|[upkeep]\n|upkeep\n|turn|42\n|\n|t:|1700845007\n|move|p1a: Electrode|Thunderbolt|p2a: \u79d1\u6bd4\u8001\u5927\n|-supereffective|p2a: \u79d1\u6bd4\u8001\u5927\n|-damage|p2a: \u79d1\u6bd4\u8001\u5927|0 fnt\n|faint|p2a: \u79d1\u6bd4\u8001\u5927\n|-damage|p1a: Electrode|41\/100|[from] item: Life Orb\n|\n|-weather|SunnyDay|[upkeep]\n|upkeep\n|\n|t:|1700845009\n|switch|p2a: \u51b0\u7ea2\u8336|Great Tusk, tera:Fire|60\/100\n|-damage|p2a: \u51b0\u7ea2\u8336|47\/100|[from] Spikes\n|-activate|p2a: \u51b0\u7ea2\u8336|ability: Protosynthesis\n|-start|p2a: \u51b0\u7ea2\u8336|protosynthesisatk\n|turn|43\n|\n|t:|1700845019\n|move|p1a: Electrode|Energy Ball|p2a: \u51b0\u7ea2\u8336\n|-resisted|p2a: \u51b0\u7ea2\u8336\n|-damage|p2a: \u51b0\u7ea2\u8336|15\/100\n|-damage|p1a: Electrode|31\/100|[from] item: Life Orb\n|move|p2a: \u51b0\u7ea2\u8336|Headlong Rush|p1a: Electrode\n|-damage|p1a: Electrode|0 fnt\n|-unboost|p2a: \u51b0\u7ea2\u8336|def|1\n|-unboost|p2a: \u51b0\u7ea2\u8336|spd|1\n|faint|p1a: Electrode\n|\n|-weather|SunnyDay|[upkeep]\n|upkeep\n|\n|t:|1700845022\n|switch|p1a: Solrock|Solrock|63\/100 psn\n|turn|44\n|\n|t:|1700845034\n|move|p2a: \u51b0\u7ea2\u8336|Headlong Rush|p1a: Solrock\n|-immune|p1a: Solrock|[from] ability: Levitate\n|move|p1a: Solrock|Zen Headbutt|p2a: \u51b0\u7ea2\u8336\n|-damage|p2a: \u51b0\u7ea2\u8336|0 fnt\n|faint|p2a: \u51b0\u7ea2\u8336\n|-end|p2a: \u51b0\u7ea2\u8336|Protosynthesis|[silent]\n|\n|win|gsjsbsjdkspldlx\n|raw|gsjsbsjdkspldlx's rating: 1077 &rarr; <strong>1108<\/strong><br \/>(+31 for winning)\n|raw|wochiningmeng's rating: 1107 &rarr; <strong>1080<\/strong><br \/>(-27 for losing)\n|l|\u2606wochiningmeng\n","uploadtime":1700845047,"views":0,"p1id":"gsjsbsjdkspldlx","p2id":"wochiningmeng","formatid":"gen9nationaldex","rating":1080,"private":0,"password":""}