{"id":"gen9nationaldex-1998708005","p1":"Pachimi","p2":"hdbsjsjbs","format":"[Gen 9] National Dex","log":"|html|<div class=\"broadcast-blue\"><strong>[Gen 9] National Dex is currently suspecting Sneasler! For information on how to participate check out the <a href=\"https:\/\/www.smogon.com\/forums\/threads\/sv-national-dex-suspect-8-just-dance.3731534\/\">suspect thread<\/a>.<\/strong><\/div>\n|j|\u2606Pachimi\n|j|\u2606hdbsjsjbs\n|t:|1700975648\n|gametype|singles\n|player|p1|Pachimi|diantha|1190\n|player|p2|hdbsjsjbs|101|1145\n|teamsize|p1|6\n|teamsize|p2|6\n|gen|9\n|tier|[Gen 9] National Dex\n|rated|\n|rule|HP Percentage Mod: HP is shown in percentages\n|rule|Endless Battle Clause: Forcing endless battles is banned\n|rule|OHKO Clause: OHKO moves are banned\n|rule|Evasion Clause: Evasion abilities, items, and moves are banned\n|rule|Evasion Abilities Clause: Evasion abilities are banned\n|rule|Evasion Items Clause: Evasion items are banned\n|rule|Evasion Moves Clause: Evasion moves are banned\n|rule|Species Clause: Limit one of each Pok\u00e9mon\n|rule|Sleep Clause Mod: Limit one foe put to sleep\n|clearpoke\n|poke|p1|Gardevoir, F|\n|poke|p1|Hawlucha, M|\n|poke|p1|Tyrantrum, M|\n|poke|p1|Bisharp, M|\n|poke|p1|Ribombee, F|\n|poke|p1|Ceruledge, F|\n|poke|p2|Bisharp, F|\n|poke|p2|Thundurus, M|\n|poke|p2|Milotic, F|\n|poke|p2|Mandibuzz, F|\n|poke|p2|Volcarona, M|\n|poke|p2|Gliscor, M|\n|teampreview\n|inactive|Battle timer is ON: inactive players will automatically lose when time's up. (requested by Pachimi)\n|\n|t:|1700975653\n|start\n|switch|p1a: Ribombee|Ribombee, F|100\/100\n|switch|p2a: Gliscor|Gliscor, M|100\/100\n|turn|1\n|\n|t:|1700975657\n|move|p1a: Ribombee|Sticky Web|p2a: Gliscor\n|-sidestart|p2: hdbsjsjbs|move: Sticky Web\n|move|p2a: Gliscor|Knock Off|p1a: Ribombee\n|-resisted|p1a: Ribombee\n|-damage|p1a: Ribombee|81\/100\n|-enditem|p1a: Ribombee|Focus Sash|[from] move: Knock Off|[of] p2a: Gliscor\n|\n|-status|p2a: Gliscor|tox|[from] item: Toxic Orb\n|upkeep\n|turn|2\n|\n|t:|1700975661\n|move|p1a: Ribombee|Energy Ball|p2a: Gliscor\n|-damage|p2a: Gliscor|65\/100 tox\n|-unboost|p2a: Gliscor|spd|1\n|move|p2a: Gliscor|Stealth Rock|p1a: Ribombee\n|-sidestart|p1: Pachimi|move: Stealth Rock\n|\n|-heal|p2a: Gliscor|78\/100 tox|[from] ability: Poison Heal\n|upkeep\n|turn|3\n|\n|t:|1700975676\n|switch|p2a: Volcarona|Volcarona, M|100\/100\n|-activate|p2a: Volcarona|move: Sticky Web\n|-unboost|p2a: Volcarona|spe|1\n|move|p1a: Ribombee|Energy Ball|p2a: Volcarona\n|-resisted|p2a: Volcarona\n|-damage|p2a: Volcarona|93\/100\n|\n|upkeep\n|turn|4\n|\n|t:|1700975681\n|move|p1a: Ribombee|Stun Spore|p2a: Volcarona\n|-status|p2a: Volcarona|par\n|move|p2a: Volcarona|Fiery Dance|p1a: Ribombee\n|-supereffective|p1a: Ribombee\n|-damage|p1a: Ribombee|0 fnt\n|-boost|p2a: Volcarona|spa|1\n|faint|p1a: Ribombee\n|-damage|p2a: Volcarona|84\/100 par|[from] item: Life Orb\n|\n|upkeep\n|\n|t:|1700975688\n|switch|p1a: Tyrantrum|Tyrantrum, M|100\/100\n|-damage|p1a: Tyrantrum|88\/100|[from] Stealth Rock\n|turn|5\n|\n|t:|1700975694\n|move|p1a: Tyrantrum|Head Smash|p2a: Volcarona|[miss]\n|-miss|p1a: Tyrantrum|p2a: Volcarona\n|cant|p2a: Volcarona|par\n|\n|-heal|p1a: Tyrantrum|94\/100|[from] item: Leftovers\n|upkeep\n|turn|6\n|\n|t:|1700975700\n|move|p1a: Tyrantrum|Dragon Dance|p1a: Tyrantrum\n|-boost|p1a: Tyrantrum|atk|1\n|-boost|p1a: Tyrantrum|spe|1\n|move|p2a: Volcarona|Hidden Power|p1a: Tyrantrum\n|-supereffective|p1a: Tyrantrum\n|-crit|p1a: Tyrantrum\n|-damage|p1a: Tyrantrum|0 fnt\n|faint|p1a: Tyrantrum\n|-damage|p2a: Volcarona|74\/100 par|[from] item: Life Orb\n|\n|upkeep\n|\n|t:|1700975709\n|switch|p1a: Hawlucha|Hawlucha, M|100\/100\n|-damage|p1a: Hawlucha|88\/100|[from] Stealth Rock\n|turn|7\n|\n|t:|1700975715\n|move|p1a: Hawlucha|Acrobatics|p2a: Volcarona\n|-supereffective|p2a: Volcarona\n|-damage|p2a: Volcarona|0 fnt\n|faint|p2a: Volcarona\n|\n|upkeep\n|\n|t:|1700975721\n|switch|p2a: Bisharp|Bisharp, F|100\/100\n|-activate|p2a: Bisharp|move: Sticky Web\n|-unboost|p2a: Bisharp|spe|1\n|-ability|p2a: Bisharp|Defiant|boost\n|-boost|p2a: Bisharp|atk|2\n|turn|8\n|\n|t:|1700975723\n|move|p2a: Bisharp|Sucker Punch|p1a: Hawlucha\n|-resisted|p1a: Hawlucha\n|-damage|p1a: Hawlucha|23\/100\n|move|p1a: Hawlucha|Close Combat|p2a: Bisharp\n|-supereffective|p2a: Bisharp\n|-damage|p2a: Bisharp|0 fnt\n|-unboost|p1a: Hawlucha|def|1\n|-unboost|p1a: Hawlucha|spd|1\n|faint|p2a: Bisharp\n|\n|upkeep\n|\n|t:|1700975736\n|switch|p2a: Gliscor|Gliscor, M|78\/100 tox\n|turn|9\n|\n|t:|1700975740\n|move|p1a: Hawlucha|Acrobatics|p2a: Gliscor\n|-damage|p2a: Gliscor|59\/100 tox\n|move|p2a: Gliscor|Knock Off|p1a: Hawlucha\n|-resisted|p1a: Hawlucha\n|-damage|p1a: Hawlucha|0 fnt\n|-enditem|p1a: Hawlucha|Focus Sash|[from] move: Knock Off|[of] p2a: Gliscor\n|faint|p1a: Hawlucha\n|\n|-heal|p2a: Gliscor|72\/100 tox|[from] ability: Poison Heal\n|upkeep\n|\n|t:|1700975744\n|switch|p1a: Ceruledge|Ceruledge, F|100\/100\n|-damage|p1a: Ceruledge|76\/100|[from] Stealth Rock\n|turn|10\n|\n|t:|1700975750\n|move|p1a: Ceruledge|Bitter Blade|p2a: Gliscor\n|-damage|p2a: Gliscor|35\/100 tox\n|-heal|p1a: Ceruledge|94\/100|[from] drain|[of] p2a: Gliscor\n|move|p2a: Gliscor|Knock Off|p1a: Ceruledge\n|-supereffective|p1a: Ceruledge\n|-damage|p1a: Ceruledge|37\/100\n|-ability|p1a: Ceruledge|Weak Armor|boost\n|-unboost|p1a: Ceruledge|def|1\n|-boost|p1a: Ceruledge|spe|2\n|-enditem|p1a: Ceruledge|Focus Sash|[from] move: Knock Off|[of] p2a: Gliscor\n|\n|-heal|p2a: Gliscor|47\/100 tox|[from] ability: Poison Heal\n|upkeep\n|turn|11\n|\n|t:|1700975756\n|move|p1a: Ceruledge|Poltergeist|p2a: Gliscor|[miss]\n|-miss|p1a: Ceruledge|p2a: Gliscor\n|move|p2a: Gliscor|Roost|p2a: Gliscor\n|-heal|p2a: Gliscor|97\/100 tox\n|-singleturn|p2a: Gliscor|move: Roost\n|\n|-heal|p2a: Gliscor|100\/100 tox|[from] ability: Poison Heal\n|upkeep\n|turn|12\n|\n|t:|1700975761\n|move|p1a: Ceruledge|Swords Dance|p1a: Ceruledge\n|-boost|p1a: Ceruledge|atk|2\n|move|p2a: Gliscor|Knock Off|p1a: Ceruledge\n|-supereffective|p1a: Ceruledge\n|-damage|p1a: Ceruledge|0 fnt\n|faint|p1a: Ceruledge\n|\n|upkeep\n|\n|t:|1700975763\n|switch|p1a: Bisharp|Bisharp, M|100\/100\n|-damage|p1a: Bisharp|94\/100|[from] Stealth Rock\n|turn|13\n|\n|t:|1700975768\n|move|p2a: Gliscor|Knock Off|p1a: Bisharp\n|-resisted|p1a: Bisharp\n|-damage|p1a: Bisharp|85\/100\n|-enditem|p1a: Bisharp|Eviolite|[from] move: Knock Off|[of] p2a: Gliscor\n|move|p1a: Bisharp|Swords Dance|p1a: Bisharp\n|-boost|p1a: Bisharp|atk|2\n|\n|upkeep\n|turn|14\n|\n|t:|1700975778\n|switch|p2a: Thundurus|Thundurus, M|100\/100\n|-terastallize|p1a: Bisharp|Flying\n|move|p1a: Bisharp|Swords Dance|p1a: Bisharp\n|-boost|p1a: Bisharp|atk|2\n|\n|upkeep\n|turn|15\n|\n|t:|1700975784\n|move|p1a: Bisharp|Sucker Punch||[still]\n|-fail|p1a: Bisharp\n|move|p2a: Thundurus|Thunder Wave|p1a: Bisharp\n|-status|p1a: Bisharp|par\n|\n|upkeep\n|turn|16\n|\n|t:|1700975789\n|move|p2a: Thundurus|Taunt|p1a: Bisharp\n|-start|p1a: Bisharp|move: Taunt\n|cant|p1a: Bisharp|par\n|\n|upkeep\n|turn|17\n|\n|t:|1700975794\n|switch|p2a: Mandibuzz|Mandibuzz, F|100\/100\n|move|p1a: Bisharp|Iron Head|p2a: Mandibuzz\n|-damage|p2a: Mandibuzz|26\/100\n|\n|-heal|p2a: Mandibuzz|32\/100|[from] item: Leftovers\n|upkeep\n|turn|18\n|\n|t:|1700975798\n|move|p2a: Mandibuzz|Foul Play|p1a: Bisharp\n|-damage|p1a: Bisharp|0 fnt\n|faint|p1a: Bisharp\n|\n|-heal|p2a: Mandibuzz|38\/100|[from] item: Leftovers\n|upkeep\n|\n|t:|1700975800\n|switch|p1a: Gardevoir|Gardevoir, F|100\/100\n|-damage|p1a: Gardevoir|88\/100|[from] Stealth Rock\n|turn|19\n|\n|t:|1700975807\n|detailschange|p1a: Gardevoir|Gardevoir-Mega, F\n|-mega|p1a: Gardevoir|Gardevoir|Gardevoirite\n|move|p1a: Gardevoir|Hyper Voice|p2a: Mandibuzz\n|-supereffective|p2a: Mandibuzz\n|-damage|p2a: Mandibuzz|0 fnt\n|faint|p2a: Mandibuzz\n|\n|upkeep\n|\n|t:|1700975812\n|switch|p2a: Milotic|Milotic, F|100\/100\n|-activate|p2a: Milotic|move: Sticky Web\n|-unboost|p2a: Milotic|spe|1\n|turn|20\n|\n|t:|1700975817\n|move|p1a: Gardevoir|Calm Mind|p1a: Gardevoir\n|-boost|p1a: Gardevoir|spa|1\n|-boost|p1a: Gardevoir|spd|1\n|move|p2a: Milotic|Toxic|p1a: Gardevoir\n|-status|p1a: Gardevoir|tox\n|\n|-damage|p1a: Gardevoir|82\/100 tox|[from] psn\n|-status|p2a: Milotic|brn|[from] item: Flame Orb\n|upkeep\n|turn|21\n|\n|t:|1700975824\n|move|p1a: Gardevoir|Hyper Voice|p2a: Milotic\n|-damage|p2a: Milotic|24\/100 brn\n|move|p2a: Milotic|Scald|p1a: Gardevoir\n|-damage|p1a: Gardevoir|64\/100 tox\n|\n|-damage|p1a: Gardevoir|52\/100 tox|[from] psn\n|-damage|p2a: Milotic|18\/100 brn|[from] brn\n|upkeep\n|turn|22\n|\n|t:|1700975828\n|move|p1a: Gardevoir|Hyper Voice|p2a: Milotic\n|-damage|p2a: Milotic|0 fnt\n|faint|p2a: Milotic\n|\n|-damage|p1a: Gardevoir|34\/100 tox|[from] psn\n|upkeep\n|\n|t:|1700975836\n|switch|p2a: Gliscor|Gliscor, M|100\/100 tox\n|turn|23\n|\n|t:|1700975839\n|move|p1a: Gardevoir|Hyper Voice|p2a: Gliscor\n|-damage|p2a: Gliscor|0 fnt\n|faint|p2a: Gliscor\n|\n|-damage|p1a: Gardevoir|9\/100 tox|[from] psn\n|upkeep\n|\n|t:|1700975842\n|switch|p2a: Thundurus|Thundurus, M|100\/100\n|turn|24\n|\n|t:|1700975847\n|move|p2a: Thundurus|Taunt|p1a: Gardevoir\n|-start|p1a: Gardevoir|move: Taunt\n|move|p1a: Gardevoir|Hyper Voice|p2a: Thundurus\n|-damage|p2a: Thundurus|0 fnt\n|faint|p2a: Thundurus\n|\n|win|Pachimi\n|raw|Pachimi's rating: 1190 &rarr; <strong>1212<\/strong><br \/>(+22 for winning)\n|raw|hdbsjsjbs's rating: 1145 &rarr; <strong>1123<\/strong><br \/>(-22 for losing)\n|l|\u2606hdbsjsjbs\n","uploadtime":1700975864,"views":5,"p1id":"pachimi","p2id":"hdbsjsjbs","formatid":"gen9nationaldex","rating":1123,"private":0,"password":""}