{"id":"gen9nationaldex-1999042566","p1":"Alexander90281","p2":"PWA Wright","format":"[Gen 9] National Dex","log":"|html|<div class=\"broadcast-blue\"><strong>[Gen 9] National Dex is currently suspecting Sneasler! For information on how to participate check out the <a href=\"https:\/\/www.smogon.com\/forums\/threads\/sv-national-dex-suspect-8-just-dance.3731534\/\">suspect thread<\/a>.<\/strong><\/div>\n|j|\u2606Alexander90281\n|j|\u2606PWA Wright\n|t:|1701027000\n|gametype|singles\n|player|p1|Alexander90281|tateandliza-gen6|1696\n|player|p2|PWA Wright|cynthia|1743\n|teamsize|p1|6\n|teamsize|p2|6\n|gen|9\n|tier|[Gen 9] National Dex\n|rated|\n|rule|HP Percentage Mod: HP is shown in percentages\n|rule|Endless Battle Clause: Forcing endless battles is banned\n|rule|OHKO Clause: OHKO moves are banned\n|rule|Evasion Clause: Evasion abilities, items, and moves are banned\n|rule|Evasion Abilities Clause: Evasion abilities are banned\n|rule|Evasion Items Clause: Evasion items are banned\n|rule|Evasion Moves Clause: Evasion moves are banned\n|rule|Species Clause: Limit one of each Pok\u00e9mon\n|rule|Sleep Clause Mod: Limit one foe put to sleep\n|clearpoke\n|poke|p1|Mimikyu, F|\n|poke|p1|Hatterene, F|\n|poke|p1|Mawile, F|\n|poke|p1|Victini|\n|poke|p1|Jirachi|\n|poke|p1|Ceruledge, M|\n|poke|p2|Garchomp, M|\n|poke|p2|Dondozo, M|\n|poke|p2|Tyranitar, F|\n|poke|p2|Charizard, F|\n|poke|p2|Clodsire, F|\n|poke|p2|Corviknight, M|\n|teampreview\n|j| Nomer16\n|j| TESTINGgimmicks1\n|\n|t:|1701027168\n|start\n|switch|p1a: Victini|Victini|100\/100\n|switch|p2a: Charizard|Charizard, F|100\/100\n|turn|1\n|j| poban\n|l| TESTINGgimmicks1\n|\n|t:|1701027193\n|switch|p2a: Tyranitar|Tyranitar, F|100\/100\n|-weather|Sandstorm|[from] ability: Sand Stream|[of] p2a: Tyranitar\n|move|p1a: Victini|Final Gambit|p2a: Tyranitar\n|-damage|p2a: Tyranitar|0 fnt\n|faint|p1a: Victini\n|faint|p2a: Tyranitar\n|\n|-weather|Sandstorm|[upkeep]\n|upkeep\n|\n|t:|1701027209\n|switch|p1a: Hatterene|Hatterene, F|100\/100\n|switch|p2a: Charizard|Charizard, F|100\/100\n|turn|2\n|j| Schimmli\n|\n|t:|1701027220\n|detailschange|p2a: Charizard|Charizard-Mega-Y, F\n|-mega|p2a: Charizard|Charizard|Charizardite Y\n|-weather|SunnyDay|[from] ability: Drought|[of] p2a: Charizard\n|move|p2a: Charizard|Weather Ball|p1a: Hatterene\n|-damage|p1a: Hatterene|2\/100\n|move|p1a: Hatterene|Trick Room|p1a: Hatterene\n|-fieldstart|move: Trick Room|[of] p1a: Hatterene\n|\n|-weather|SunnyDay|[upkeep]\n|upkeep\n|turn|3\n|\n|t:|1701027227\n|switch|p2a: Clodsire|Clodsire, F|100\/100\n|move|p1a: Hatterene|Psychic|p2a: Clodsire\n|-supereffective|p2a: Clodsire\n|-damage|p2a: Clodsire|41\/100\n|\n|-weather|SunnyDay|[upkeep]\n|-heal|p2a: Clodsire|47\/100|[from] item: Leftovers\n|upkeep\n|turn|4\n|\n|t:|1701027246\n|-terastallize|p2a: Clodsire|Dark\n|move|p1a: Hatterene|Psychic|p2a: Clodsire\n|-immune|p2a: Clodsire\n|move|p2a: Clodsire|Earthquake|p1a: Hatterene\n|-damage|p1a: Hatterene|0 fnt\n|faint|p1a: Hatterene\n|\n|-weather|SunnyDay|[upkeep]\n|-heal|p2a: Clodsire|53\/100|[from] item: Leftovers\n|upkeep\n|\n|t:|1701027250\n|switch|p1a: Mawile|Mawile, F|100\/100\n|-ability|p1a: Mawile|Intimidate|boost\n|-unboost|p2a: Clodsire|atk|1\n|turn|5\n|\n|t:|1701027253\n|switch|p2a: Corviknight|Corviknight, M|100\/100\n|-ability|p2a: Corviknight|Pressure\n|detailschange|p1a: Mawile|Mawile-Mega, F\n|-mega|p1a: Mawile|Mawile|Mawilite\n|move|p1a: Mawile|Swords Dance|p1a: Mawile\n|-boost|p1a: Mawile|atk|2\n|\n|-weather|SunnyDay|[upkeep]\n|upkeep\n|turn|6\n|\n|t:|1701027258\n|move|p1a: Mawile|Brick Break|p2a: Corviknight\n|-damage|p2a: Corviknight|39\/100\n|-damage|p1a: Mawile|84\/100|[from] item: Rocky Helmet|[of] p2a: Corviknight\n|move|p2a: Corviknight|U-turn|p1a: Mawile\n|-resisted|p1a: Mawile\n|-damage|p1a: Mawile|81\/100\n|\n|t:|1701027261\n|switch|p2a: Dondozo|Dondozo, M|100\/100|[from] U-turn\n|\n|-weather|none\n|-fieldend|move: Trick Room\n|upkeep\n|turn|7\n|\n|t:|1701027264\n|move|p1a: Mawile|Play Rough|p2a: Dondozo\n|-damage|p2a: Dondozo|62\/100\n|-damage|p1a: Mawile|65\/100|[from] item: Rocky Helmet|[of] p2a: Dondozo\n|move|p2a: Dondozo|Curse|p2a: Dondozo\n|-unboost|p2a: Dondozo|spe|1\n|-boost|p2a: Dondozo|atk|1\n|-boost|p2a: Dondozo|def|1\n|\n|upkeep\n|turn|8\n|\n|t:|1701027272\n|move|p1a: Mawile|Play Rough|p2a: Dondozo\n|-damage|p2a: Dondozo|34\/100\n|-damage|p1a: Mawile|48\/100|[from] item: Rocky Helmet|[of] p2a: Dondozo\n|move|p2a: Dondozo|Rest|p2a: Dondozo\n|-status|p2a: Dondozo|slp|[from] move: Rest\n|-heal|p2a: Dondozo|100\/100 slp|[silent]\n|\n|upkeep\n|turn|9\n|\n|t:|1701027275\n|switch|p1a: Jirachi|Jirachi, shiny|100\/100\n|cant|p2a: Dondozo|slp\n|\n|upkeep\n|turn|10\n|\n|t:|1701027278\n|switch|p2a: Charizard|Charizard-Mega-Y, F|100\/100\n|-weather|SunnyDay|[from] ability: Drought|[of] p2a: Charizard\n|-zpower|p1a: Jirachi\n|move|p1a: Jirachi|Z-Happy Hour|p1a: Jirachi|[anim]Happy Hour\n|-boost|p1a: Jirachi|atk|1|[zeffect]\n|-boost|p1a: Jirachi|def|1|[zeffect]\n|-boost|p1a: Jirachi|spa|1|[zeffect]\n|-boost|p1a: Jirachi|spd|1|[zeffect]\n|-boost|p1a: Jirachi|spe|1|[zeffect]\n|\n|-weather|SunnyDay|[upkeep]\n|upkeep\n|turn|11\n|\n|t:|1701027282\n|move|p1a: Jirachi|Iron Head|p2a: Charizard\n|-resisted|p2a: Charizard\n|-damage|p2a: Charizard|70\/100\n|move|p2a: Charizard|Weather Ball|p1a: Jirachi\n|-supereffective|p1a: Jirachi\n|-damage|p1a: Jirachi|0 fnt\n|faint|p1a: Jirachi\n|\n|-weather|SunnyDay|[upkeep]\n|upkeep\n|\n|t:|1701027293\n|switch|p1a: Mimikyu|Mimikyu, F|100\/100\n|turn|12\n|\n|t:|1701027298\n|move|p2a: Charizard|Air Slash|p1a: Mimikyu\n|-activate|p1a: Mimikyu|ability: Disguise\n|-damage|p1a: Mimikyu|100\/100\n|detailschange|p1a: Mimikyu|Mimikyu-Busted, F\n|-damage|p1a: Mimikyu|88\/100|[from] pokemon: Mimikyu-Busted\n|cant|p1a: Mimikyu|flinch\n|\n|-weather|SunnyDay|[upkeep]\n|upkeep\n|turn|13\n|\n|t:|1701027303\n|move|p1a: Mimikyu|Protect|p1a: Mimikyu\n|-singleturn|p1a: Mimikyu|Protect\n|move|p2a: Charizard|Weather Ball|p1a: Mimikyu\n|-activate|p1a: Mimikyu|move: Protect\n|\n|-weather|SunnyDay|[upkeep]\n|upkeep\n|turn|14\n|\n|t:|1701027306\n|switch|p1a: Ceruledge|Ceruledge, M|100\/100\n|move|p2a: Charizard|Scorching Sands|p1a: Ceruledge\n|-supereffective|p1a: Ceruledge\n|-damage|p1a: Ceruledge|48\/100\n|-enditem|p1a: Ceruledge|Weakness Policy\n|-boost|p1a: Ceruledge|atk|2|[from] item: Weakness Policy\n|-boost|p1a: Ceruledge|spa|2|[from] item: Weakness Policy\n|\n|-weather|none\n|upkeep\n|turn|15\n|\n|t:|1701027319\n|-terastallize|p1a: Ceruledge|Grass\n|move|p2a: Charizard|Scorching Sands|p1a: Ceruledge\n|-resisted|p1a: Ceruledge\n|-damage|p1a: Ceruledge|33\/100\n|move|p1a: Ceruledge|Poltergeist|p2a: Charizard\n|-activate|p2a: Charizard|move: Poltergeist|Charizardite Y\n|-damage|p2a: Charizard|0 fnt\n|faint|p2a: Charizard\n|\n|upkeep\n|\n|t:|1701027322\n|switch|p2a: Garchomp|Garchomp, M|100\/100\n|turn|16\n|\n|t:|1701027328\n|switch|p1a: Mimikyu|Mimikyu-Busted, F|88\/100\n|move|p2a: Garchomp|Earthquake|p1a: Mimikyu\n|-crit|p1a: Mimikyu\n|-damage|p1a: Mimikyu|15\/100\n|-enditem|p1a: Mimikyu|Sitrus Berry|[eat]\n|-heal|p1a: Mimikyu|40\/100|[from] item: Sitrus Berry\n|\n|upkeep\n|turn|17\n|\n|t:|1701027333\n|move|p2a: Garchomp|Earthquake|p1a: Mimikyu\n|-damage|p1a: Mimikyu|0 fnt\n|faint|p1a: Mimikyu\n|\n|upkeep\n|c|\u2606Alexander90281|-_-\n|\n|t:|1701027347\n|switch|p1a: Ceruledge|Ceruledge, M, tera:Grass|33\/100\n|turn|18\n|c|\u2606PWA Wright|Idk why you thought that was gonna tank lol\n|\n|t:|1701027372\n|move|p2a: Garchomp|Earthquake|p1a: Ceruledge\n|-resisted|p1a: Ceruledge\n|-damage|p1a: Ceruledge|4\/100\n|move|p1a: Ceruledge|Poltergeist|p2a: Garchomp\n|-activate|p2a: Garchomp|move: Poltergeist|Loaded Dice\n|-damage|p2a: Garchomp|40\/100\n|\n|upkeep\n|turn|19\n|\n|t:|1701027381\n|move|p2a: Garchomp|Earthquake|p1a: Ceruledge\n|-resisted|p1a: Ceruledge\n|-damage|p1a: Ceruledge|0 fnt\n|faint|p1a: Ceruledge\n|\n|upkeep\n|\n|t:|1701027383\n|switch|p1a: Mawile|Mawile-Mega, F|48\/100\n|turn|20\n|\n|t:|1701027387\n|switch|p2a: Corviknight|Corviknight, M|39\/100\n|-ability|p2a: Corviknight|Pressure\n|move|p1a: Mawile|Sucker Punch||[still]\n|-fail|p1a: Mawile\n|\n|upkeep\n|turn|21\n|\n|t:|1701027391\n|move|p2a: Corviknight|Roost|p2a: Corviknight\n|-heal|p2a: Corviknight|89\/100\n|-singleturn|p2a: Corviknight|move: Roost\n|move|p1a: Mawile|Swords Dance|p1a: Mawile\n|-boost|p1a: Mawile|atk|2\n|\n|upkeep\n|turn|22\n|\n|t:|1701027397\n|move|p2a: Corviknight|Body Press|p1a: Mawile\n|-damage|p1a: Mawile|22\/100\n|move|p1a: Mawile|Swords Dance|p1a: Mawile\n|-boost|p1a: Mawile|atk|2\n|\n|upkeep\n|turn|23\n|\n|t:|1701027406\n|switch|p2a: Dondozo|Dondozo, M|100\/100 slp\n|move|p1a: Mawile|Sucker Punch||[still]\n|-fail|p1a: Mawile\n|\n|upkeep\n|turn|24\n|\n|t:|1701027409\n|move|p1a: Mawile|Play Rough|p2a: Dondozo\n|-damage|p2a: Dondozo|59\/100 slp\n|-damage|p1a: Mawile|6\/100|[from] item: Rocky Helmet|[of] p2a: Dondozo\n|cant|p2a: Dondozo|slp\n|\n|upkeep\n|turn|25\n|c|\u2606PWA Wright|gg\n|\n|t:|1701027413\n|move|p1a: Mawile|Play Rough|p2a: Dondozo\n|-damage|p2a: Dondozo|19\/100 slp\n|-damage|p1a: Mawile|0 fnt|[from] item: Rocky Helmet|[of] p2a: Dondozo\n|faint|p1a: Mawile\n|\n|win|PWA Wright\n|raw|Alexander90281's rating: 1696 &rarr; <strong>1679<\/strong><br \/>(-17 for losing)\n|raw|PWA Wright's rating: 1743 &rarr; <strong>1760<\/strong><br \/>(+17 for winning)\n|l|\u2606Alexander90281\n","uploadtime":1701027418,"views":2,"p1id":"alexander90281","p2id":"pwawright","formatid":"gen9nationaldex","rating":1679,"private":0,"password":""}