{"id":"gen9nationaldex-1988445803","p1":"Abrar83","p2":"affwdaxax","format":"[Gen 9] National Dex","log":"|j|\u2606Abrar83\n|j|\u2606affwdaxax\n|t:|1699723759\n|gametype|singles\n|player|p1|Abrar83|morty-masters|1560\n|player|p2|affwdaxax|dawn|1469\n|teamsize|p1|6\n|teamsize|p2|6\n|gen|9\n|tier|[Gen 9] National Dex\n|rated|\n|rule|HP Percentage Mod: HP is shown in percentages\n|rule|Endless Battle Clause: Forcing endless battles is banned\n|rule|OHKO Clause: OHKO moves are banned\n|rule|Evasion Clause: Evasion abilities, items, and moves are banned\n|rule|Evasion Abilities Clause: Evasion abilities are banned\n|rule|Evasion Items Clause: Evasion items are banned\n|rule|Evasion Moves Clause: Evasion moves are banned\n|rule|Species Clause: Limit one of each Pok\u00e9mon\n|rule|Sleep Clause Mod: Limit one foe put to sleep\n|clearpoke\n|poke|p1|Gardevoir, F|\n|poke|p1|Arcanine-Hisui, F|\n|poke|p1|Dragonite, F|\n|poke|p1|Bisharp, M|\n|poke|p1|Zapdos|\n|poke|p1|Great Tusk|\n|poke|p2|Ninetales-Alola, F|\n|poke|p2|Tapu Lele|\n|poke|p2|Charizard, M|\n|poke|p2|Rillaboom, M|\n|poke|p2|Moltres-Galar|\n|poke|p2|Ogerpon-Wellspring, F|\n|teampreview\n|inactive|Battle timer is ON: inactive players will automatically lose when time's up. (requested by affwdaxax)\n|\n|t:|1699723764\n|start\n|switch|p1a: Arcanine|Arcanine-Hisui, F|100\/100\n|switch|p2a: Ninetales|Ninetales-Alola, F|100\/100\n|-weather|Snow|[from] ability: Snow Warning|[of] p2a: Ninetales\n|turn|1\n|\n|t:|1699723767\n|move|p1a: Arcanine|Head Smash|p2a: Ninetales\n|-supereffective|p2a: Ninetales\n|-damage|p2a: Ninetales|0 fnt\n|faint|p2a: Ninetales\n|\n|-weather|Snow|[upkeep]\n|upkeep\n|\n|t:|1699723776\n|switch|p2a: Ogerpon|Ogerpon-Wellspring, F|100\/100\n|turn|2\n|\n|t:|1699723780\n|switch|p1a: YLIA|Gardevoir, F|100\/100\n|-ability|p1a: YLIA|Water Absorb|[from] ability: Trace|[of] p2a: Ogerpon\n|move|p2a: Ogerpon|Ivy Cudgel|p1a: YLIA\n|-immune|p1a: YLIA|[from] ability: Water Absorb\n|\n|-weather|Snow|[upkeep]\n|upkeep\n|turn|3\n|\n|t:|1699723790\n|-terastallize|p2a: Ogerpon|Water\n|detailschange|p2a: Ogerpon|Ogerpon-Wellspring-Tera, F, tera:Water\n|-ability|p2a: Ogerpon|Embody Aspect (Wellspring)|boost\n|-boost|p2a: Ogerpon|spd|1\n|move|p2a: Ogerpon|Substitute|p2a: Ogerpon\n|-start|p2a: Ogerpon|Substitute\n|-damage|p2a: Ogerpon|76\/100\n|move|p1a: YLIA|Icy Wind|p2a: Ogerpon\n|-resisted|p2a: Ogerpon\n|-activate|p2a: Ogerpon|move: Substitute|[damage]\n|\n|-weather|Snow|[upkeep]\n|upkeep\n|turn|4\n|\n|t:|1699723797\n|move|p2a: Ogerpon|Swords Dance|p2a: Ogerpon\n|-boost|p2a: Ogerpon|atk|2\n|move|p1a: YLIA|Psychic|p2a: Ogerpon\n|-end|p2a: Ogerpon|Substitute\n|\n|-weather|Snow|[upkeep]\n|upkeep\n|turn|5\n|\n|t:|1699723801\n|move|p2a: Ogerpon|Horn Leech|p1a: YLIA\n|-damage|p1a: YLIA|0 fnt\n|-heal|p2a: Ogerpon|100\/100|[from] drain|[of] p1a: YLIA\n|faint|p1a: YLIA\n|\n|-weather|none\n|upkeep\n|\n|t:|1699723826\n|switch|p1a: Great Tusk|Great Tusk|100\/100\n|-enditem|p1a: Great Tusk|Booster Energy\n|-activate|p1a: Great Tusk|ability: Protosynthesis|[fromitem]\n|-start|p1a: Great Tusk|protosynthesisatk\n|turn|6\n|\n|t:|1699723833\n|-terastallize|p1a: Great Tusk|Steel\n|move|p2a: Ogerpon|Ivy Cudgel|p1a: Great Tusk\n|-crit|p1a: Great Tusk\n|-damage|p1a: Great Tusk|0 fnt\n|faint|p1a: Great Tusk\n|-end|p1a: Great Tusk|Protosynthesis|[silent]\n|\n|upkeep\n|\n|t:|1699723838\n|switch|p1a: Arcanine|Arcanine-Hisui, F|100\/100\n|turn|7\n|\n|t:|1699723844\n|move|p1a: Arcanine|Head Smash|p2a: Ogerpon\n|-damage|p2a: Ogerpon|2\/100\n|move|p2a: Ogerpon|Ivy Cudgel|p1a: Arcanine\n|-supereffective|p1a: Arcanine\n|-damage|p1a: Arcanine|0 fnt\n|faint|p1a: Arcanine\n|\n|upkeep\n|\n|t:|1699723851\n|switch|p1a: Dragonite|Dragonite, F|100\/100\n|turn|8\n|\n|t:|1699723858\n|switch|p2a: Tapu Lele|Tapu Lele|100\/100\n|-fieldstart|move: Psychic Terrain|[from] ability: Psychic Surge|[of] p2a: Tapu Lele\n|move|p1a: Dragonite|Extreme Speed|p2a: Tapu Lele\n|-activate|p2a: Tapu Lele|move: Psychic Terrain\n|\n|upkeep\n|turn|9\n|\n|t:|1699723869\n|move|p2a: Tapu Lele|Moonblast|p1a: Dragonite\n|-supereffective|p1a: Dragonite\n|-damage|p1a: Dragonite|47\/100\n|move|p1a: Dragonite|Earthquake|p2a: Tapu Lele\n|-damage|p2a: Tapu Lele|51\/100\n|\n|-heal|p1a: Dragonite|53\/100|[from] item: Leftovers\n|upkeep\n|turn|10\n|\n|t:|1699723874\n|move|p2a: Tapu Lele|Moonblast|p1a: Dragonite\n|-supereffective|p1a: Dragonite\n|-crit|p1a: Dragonite\n|-damage|p1a: Dragonite|0 fnt\n|faint|p1a: Dragonite\n|\n|upkeep\n|\n|t:|1699723878\n|switch|p1a: Zapdos|Zapdos|100\/100\n|turn|11\n|\n|t:|1699723881\n|move|p2a: Tapu Lele|Moonblast|p1a: Zapdos\n|-damage|p1a: Zapdos|26\/100\n|move|p1a: Zapdos|Hurricane|p2a: Tapu Lele\n|-damage|p2a: Tapu Lele|0 fnt\n|faint|p2a: Tapu Lele\n|\n|upkeep\n|\n|t:|1699723884\n|switch|p2a: Charizard|Charizard, M|100\/100\n|turn|12\n|\n|t:|1699723891\n|detailschange|p2a: Charizard|Charizard-Mega-X, M\n|-mega|p2a: Charizard|Charizard|Charizardite X\n|move|p2a: Charizard|Dragon Dance|p2a: Charizard\n|-boost|p2a: Charizard|atk|1\n|-boost|p2a: Charizard|spe|1\n|-zpower|p1a: Zapdos\n|move|p1a: Zapdos|Supersonic Skystrike|p2a: Charizard|[zeffect]\n|-damage|p2a: Charizard|0 fnt\n|faint|p2a: Charizard\n|\n|-fieldend|move: Psychic Terrain\n|upkeep\n|\n|t:|1699723901\n|switch|p2a: Ogerpon|Ogerpon-Wellspring-Tera, F, tera:Water|2\/100\n|-ability|p2a: Ogerpon|Embody Aspect (Wellspring)|boost\n|-boost|p2a: Ogerpon|spd|1\n|turn|13\n|\n|t:|1699723908\n|move|p2a: Ogerpon|Ivy Cudgel|p1a: Zapdos\n|-damage|p1a: Zapdos|0 fnt\n|faint|p1a: Zapdos\n|\n|upkeep\n|\n|t:|1699723910\n|switch|p1a: Bisharp|Bisharp, M|100\/100\n|turn|14\n|\n|t:|1699723914\n|move|p1a: Bisharp|Sucker Punch|p2a: Ogerpon\n|-damage|p2a: Ogerpon|0 fnt\n|faint|p2a: Ogerpon\n|\n|upkeep\n|\n|t:|1699723916\n|switch|p2a: Moltres|Moltres-Galar|100\/100\n|turn|15\n|\n|t:|1699723918\n|move|p2a: Moltres|Nasty Plot|p2a: Moltres\n|-boost|p2a: Moltres|spa|2\n|move|p1a: Bisharp|Swords Dance|p1a: Bisharp\n|-boost|p1a: Bisharp|atk|2\n|\n|upkeep\n|turn|16\n|\n|t:|1699723921\n|-zpower|p2a: Moltres\n|move|p2a: Moltres|Supersonic Skystrike|p1a: Bisharp|[zeffect]\n|-resisted|p1a: Bisharp\n|-damage|p1a: Bisharp|15\/100\n|move|p1a: Bisharp|Iron Head|p2a: Moltres\n|-damage|p2a: Moltres|0 fnt\n|faint|p2a: Moltres\n|\n|upkeep\n|\n|t:|1699723923\n|switch|p2a: Rillaboom|Rillaboom, M, shiny|100\/100\n|-fieldstart|move: Grassy Terrain|[from] ability: Grassy Surge|[of] p2a: Rillaboom\n|turn|17\n|\n|t:|1699723932\n|move|p2a: Rillaboom|Grassy Glide|p1a: Bisharp\n|-resisted|p1a: Bisharp\n|-damage|p1a: Bisharp|0 fnt\n|faint|p1a: Bisharp\n|\n|win|affwdaxax\n|raw|Abrar83's rating: 1560 &rarr; <strong>1535<\/strong><br \/>(-25 for losing)\n|raw|affwdaxax's rating: 1469 &rarr; <strong>1494<\/strong><br \/>(+25 for winning)\n","uploadtime":1699723937,"views":18,"p1id":"abrar83","p2id":"affwdaxax","formatid":"gen9nationaldex","rating":1494,"private":0,"password":""}