{"id":"gen9nationaldex-1998077118","p1":"aka\u94c1\u903c\u515c\u4fa0owo","p2":"Hall DJ","format":"[Gen 9] National Dex","log":"|html|<div class=\"broadcast-blue\"><strong>[Gen 9] National Dex is currently suspecting Sneasler! For information on how to participate check out the <a href=\"https:\/\/www.smogon.com\/forums\/threads\/sv-national-dex-suspect-8-just-dance.3731534\/\">suspect thread<\/a>.<\/strong><\/div>\n|j|\u2606aka\u94c1\u903c\u515c\u4fa0owo\n|j|\u2606Hall DJ\n|t:|1700887615\n|gametype|singles\n|player|p1|aka\u94c1\u903c\u515c\u4fa0owo|170|1358\n|player|p2|Hall DJ|bellelba|1368\n|teamsize|p1|6\n|teamsize|p2|6\n|gen|9\n|tier|[Gen 9] National Dex\n|rated|\n|rule|HP Percentage Mod: HP is shown in percentages\n|rule|Endless Battle Clause: Forcing endless battles is banned\n|rule|OHKO Clause: OHKO moves are banned\n|rule|Evasion Clause: Evasion abilities, items, and moves are banned\n|rule|Evasion Abilities Clause: Evasion abilities are banned\n|rule|Evasion Items Clause: Evasion items are banned\n|rule|Evasion Moves Clause: Evasion moves are banned\n|rule|Species Clause: Limit one of each Pok\u00e9mon\n|rule|Sleep Clause Mod: Limit one foe put to sleep\n|clearpoke\n|poke|p1|Dragonite, F|\n|poke|p1|Kleavor, F|\n|poke|p1|Tapu Lele|\n|poke|p1|Diancie|\n|poke|p1|Zapdos|\n|poke|p1|Kartana|\n|poke|p2|Pinsir, M|\n|poke|p2|Rotom-Wash|\n|poke|p2|Iron Treads|\n|poke|p2|Victini|\n|poke|p2|Grafaiai, M|\n|poke|p2|Greninja-*, M|\n|teampreview\n|\n|t:|1700887621\n|start\n|switch|p1a: Kartana|Kartana|100\/100\n|switch|p2a: Rotom|Rotom-Wash|100\/100\n|turn|1\n|\n|t:|1700887637\n|switch|p2a: Victini|Victini|100\/100\n|-terastallize|p1a: Kartana|Grass\n|move|p1a: Kartana|Leaf Blade|p2a: Victini\n|-resisted|p2a: Victini\n|-damage|p2a: Victini|65\/100\n|\n|upkeep\n|turn|2\n|\n|t:|1700887647\n|switch|p1a: Dragonite|Dragonite, F|100\/100\n|move|p2a: Victini|V-create|p1a: Dragonite\n|-resisted|p1a: Dragonite\n|-damage|p1a: Dragonite|86\/100\n|-unboost|p2a: Victini|spe|1\n|-unboost|p2a: Victini|def|1\n|-unboost|p2a: Victini|spd|1\n|\n|upkeep\n|turn|3\n|\n|t:|1700887659\n|switch|p2a: Grafaiai|Grafaiai, M|100\/100\n|move|p1a: Dragonite|Dual Wingbeat|p2a: Grafaiai\n|-damage|p2a: Grafaiai|36\/100\n|-damage|p2a: Grafaiai|0 fnt\n|faint|p2a: Grafaiai\n|-hitcount|p2: Grafaiai|2\n|\n|upkeep\n|\n|t:|1700887665\n|switch|p2a: Greninja|Greninja, M|100\/100\n|turn|4\n|\n|t:|1700887672\n|switch|p1a: Kleavor|Kleavor, F|100\/100\n|move|p2a: Greninja|Ice Beam|p1a: Kleavor\n|-damage|p1a: Kleavor|41\/100\n|-damage|p2a: Greninja|91\/100|[from] item: Life Orb\n|\n|upkeep\n|turn|5\n|\n|t:|1700887677\n|move|p2a: Greninja|Water Shuriken|p1a: Kleavor\n|-supereffective|p1a: Kleavor\n|-damage|p1a: Kleavor|10\/100\n|-supereffective|p1a: Kleavor\n|-damage|p1a: Kleavor|0 fnt\n|faint|p1a: Kleavor\n|-ability|p2a: Greninja|Battle Bond|boost\n|-boost|p2a: Greninja|atk|1\n|-boost|p2a: Greninja|spa|1\n|-boost|p2a: Greninja|spe|1\n|-activate|p2a: Greninja|ability: Battle Bond\n|-hitcount|p1: Kleavor|2\n|-damage|p2a: Greninja|81\/100|[from] item: Life Orb\n|\n|upkeep\n|\n|t:|1700887702\n|switch|p1a: Tapu Lele|Tapu Lele|100\/100\n|-fieldstart|move: Psychic Terrain|[from] ability: Psychic Surge|[of] p1a: Tapu Lele\n|turn|6\n|\n|t:|1700887707\n|-terastallize|p2a: Greninja|Water\n|move|p2a: Greninja|Surf|p1a: Tapu Lele\n|-damage|p1a: Tapu Lele|0 fnt\n|faint|p1a: Tapu Lele\n|-damage|p2a: Greninja|71\/100|[from] item: Life Orb\n|\n|upkeep\n|\n|t:|1700887714\n|switch|p1a: Dragonite|Dragonite, F|86\/100\n|turn|7\n|\n|t:|1700887719\n|move|p1a: Dragonite|Extreme Speed|p2a: Greninja\n|-activate|p2a: Greninja|move: Psychic Terrain\n|move|p2a: Greninja|Ice Beam|p1a: Dragonite\n|-supereffective|p1a: Dragonite\n|-damage|p1a: Dragonite|0 fnt\n|faint|p1a: Dragonite\n|-damage|p2a: Greninja|61\/100|[from] item: Life Orb\n|\n|upkeep\n|-message|aka\u94c1\u903c\u515c\u4fa0owo forfeited.\n|\n|win|Hall DJ\n|raw|aka\u94c1\u903c\u515c\u4fa0owo's rating: 1358 &rarr; <strong>1339<\/strong><br \/>(-19 for losing)\n|raw|Hall DJ's rating: 1368 &rarr; <strong>1387<\/strong><br \/>(+19 for winning)\n|l|\u2606aka\u94c1\u903c\u515c\u4fa0owo\n","uploadtime":1700887732,"views":8,"p1id":"akaowo","p2id":"halldj","formatid":"gen9nationaldex","rating":1339,"private":0,"password":""}