{"id":"gen9nationaldex-1998330978","p1":"Larryc5","p2":"skittle_0001","format":"[Gen 9] National Dex","log":"|html|<div class=\"broadcast-blue\"><strong>[Gen 9] National Dex is currently suspecting Sneasler! For information on how to participate check out the <a href=\"https:\/\/www.smogon.com\/forums\/threads\/sv-national-dex-suspect-8-just-dance.3731534\/\">suspect thread<\/a>.<\/strong><\/div>\n|j|\u2606Larryc5\n|j|\u2606skittle_0001\n|t:|1700930311\n|gametype|singles\n|player|p1|Larryc5|red|1192\n|player|p2|skittle_0001|chuck|1244\n|teamsize|p1|6\n|teamsize|p2|6\n|gen|9\n|tier|[Gen 9] National Dex\n|rated|\n|rule|HP Percentage Mod: HP is shown in percentages\n|rule|Endless Battle Clause: Forcing endless battles is banned\n|rule|OHKO Clause: OHKO moves are banned\n|rule|Evasion Clause: Evasion abilities, items, and moves are banned\n|rule|Evasion Abilities Clause: Evasion abilities are banned\n|rule|Evasion Items Clause: Evasion items are banned\n|rule|Evasion Moves Clause: Evasion moves are banned\n|rule|Species Clause: Limit one of each Pok\u00e9mon\n|rule|Sleep Clause Mod: Limit one foe put to sleep\n|clearpoke\n|poke|p1|Greninja-*, M|\n|poke|p1|Charizard, M|\n|poke|p1|Lucario, M|\n|poke|p1|Gardevoir, F|\n|poke|p1|Scizor, M|\n|poke|p1|Garchomp, M|\n|poke|p2|Charizard, M|\n|poke|p2|Leavanny, F|\n|poke|p2|Alomomola, F|\n|poke|p2|Goodra-Hisui, M|\n|poke|p2|Great Tusk|\n|poke|p2|Espeon, F|\n|teampreview\n|inactive|Battle timer is ON: inactive players will automatically lose when time's up. (requested by Larryc5)\n|\n|t:|1700930320\n|start\n|switch|p1a: Charizard|Charizard, M|100\/100\n|switch|p2a: Espeon|Espeon, F|100\/100\n|turn|1\n|\n|t:|1700930326\n|move|p2a: Espeon|Psychic|p1a: Charizard\n|-damage|p1a: Charizard|38\/100\n|move|p1a: Charizard|Dragon Dance|p1a: Charizard\n|-boost|p1a: Charizard|atk|1\n|-boost|p1a: Charizard|spe|1\n|\n|upkeep\n|turn|2\n|\n|t:|1700930331\n|detailschange|p1a: Charizard|Charizard-Mega-X, M\n|-mega|p1a: Charizard|Charizard|Charizardite X\n|move|p1a: Charizard|Dragon Claw|p2a: Espeon\n|-enditem|p2a: Espeon|Focus Sash\n|-damage|p2a: Espeon|1\/100\n|move|p2a: Espeon|Psychic|p1a: Charizard\n|-damage|p1a: Charizard|0 fnt\n|faint|p1a: Charizard\n|\n|upkeep\n|\n|t:|1700930336\n|switch|p1a: Greninja|Greninja, M|100\/100\n|turn|3\n|\n|t:|1700930342\n|move|p1a: Greninja|Dark Pulse|p2a: Espeon\n|-supereffective|p2a: Espeon\n|-damage|p2a: Espeon|0 fnt\n|faint|p2a: Espeon\n|-ability|p1a: Greninja|Battle Bond|boost\n|-boost|p1a: Greninja|atk|1\n|-boost|p1a: Greninja|spa|1\n|-boost|p1a: Greninja|spe|1\n|-activate|p1a: Greninja|ability: Battle Bond\n|-damage|p1a: Greninja|91\/100|[from] item: Life Orb\n|\n|upkeep\n|\n|t:|1700930356\n|switch|p2a: Charizard|Charizard, M, shiny|100\/100\n|turn|4\n|\n|t:|1700930360\n|detailschange|p2a: Charizard|Charizard-Mega-Y, M, shiny\n|-mega|p2a: Charizard|Charizard|Charizardite Y\n|-weather|SunnyDay|[from] ability: Drought|[of] p2a: Charizard\n|move|p1a: Greninja|Scald|p2a: Charizard\n|-supereffective|p2a: Charizard\n|-damage|p2a: Charizard|27\/100\n|-damage|p1a: Greninja|81\/100|[from] item: Life Orb\n|move|p2a: Charizard|Solar Beam||[still]\n|-prepare|p2a: Charizard|Solar Beam\n|-anim|p2a: Charizard|Solar Beam|p1a: Greninja\n|-supereffective|p1a: Greninja\n|-crit|p1a: Greninja\n|-damage|p1a: Greninja|0 fnt\n|faint|p1a: Greninja\n|\n|-weather|SunnyDay|[upkeep]\n|upkeep\n|\n|t:|1700930368\n|switch|p1a: Garchomp|Garchomp, M|100\/100\n|turn|5\n|\n|t:|1700930387\n|switch|p2a: Great Tusk|Great Tusk|100\/100\n|-activate|p2a: Great Tusk|ability: Protosynthesis\n|-start|p2a: Great Tusk|protosynthesisatk\n|move|p1a: Garchomp|Rock Slide|p2a: Great Tusk\n|-resisted|p2a: Great Tusk\n|-damage|p2a: Great Tusk|96\/100\n|\n|-weather|SunnyDay|[upkeep]\n|upkeep\n|turn|6\n|\n|t:|1700930396\n|switch|p1a: Gardevoir|Gardevoir, F, shiny|100\/100\n|move|p2a: Great Tusk|Ice Spinner|p1a: Gardevoir\n|-damage|p1a: Gardevoir|36\/100\n|\n|-weather|SunnyDay|[upkeep]\n|upkeep\n|turn|7\n|\n|t:|1700930403\n|move|p2a: Great Tusk|Headlong Rush|p1a: Gardevoir\n|-damage|p1a: Gardevoir|0 fnt\n|-unboost|p2a: Great Tusk|def|1\n|-unboost|p2a: Great Tusk|spd|1\n|faint|p1a: Gardevoir\n|\n|-weather|SunnyDay|[upkeep]\n|upkeep\n|\n|t:|1700930409\n|switch|p1a: Scizor|Scizor, M|100\/100\n|turn|8\n|\n|t:|1700930413\n|move|p2a: Great Tusk|Close Combat|p1a: Scizor\n|-crit|p1a: Scizor\n|-damage|p1a: Scizor|0 fnt\n|-unboost|p2a: Great Tusk|def|1\n|-unboost|p2a: Great Tusk|spd|1\n|faint|p1a: Scizor\n|\n|-weather|none\n|-end|p2a: Great Tusk|Protosynthesis\n|upkeep\n|-enditem|p2a: Great Tusk|Booster Energy\n|-activate|p2a: Great Tusk|ability: Protosynthesis|[fromitem]\n|-start|p2a: Great Tusk|protosynthesisatk\n|\n|t:|1700930416\n|switch|p1a: Lucario|Lucario, M|100\/100\n|turn|9\n|\n|t:|1700930424\n|move|p1a: Lucario|Close Combat|p2a: Great Tusk\n|-damage|p2a: Great Tusk|19\/100\n|-unboost|p1a: Lucario|def|1\n|-unboost|p1a: Lucario|spd|1\n|move|p2a: Great Tusk|Headlong Rush|p1a: Lucario\n|-supereffective|p1a: Lucario\n|-damage|p1a: Lucario|0 fnt\n|-unboost|p2a: Great Tusk|def|1\n|-unboost|p2a: Great Tusk|spd|1\n|faint|p1a: Lucario\n|\n|upkeep\n|\n|t:|1700930427\n|switch|p1a: Garchomp|Garchomp, M|100\/100\n|turn|10\n|\n|t:|1700930438\n|move|p1a: Garchomp|Earthquake|p2a: Great Tusk\n|-damage|p2a: Great Tusk|0 fnt\n|faint|p2a: Great Tusk\n|-end|p2a: Great Tusk|Protosynthesis|[silent]\n|\n|upkeep\n|\n|t:|1700930457\n|switch|p2a: Alomomola|Alomomola, F|100\/100\n|turn|11\n|\n|t:|1700930461\n|-terastallize|p1a: Garchomp|Dragon\n|move|p1a: Garchomp|Swords Dance|p1a: Garchomp\n|-boost|p1a: Garchomp|atk|2\n|move|p2a: Alomomola|Knock Off|p1a: Garchomp\n|-damage|p1a: Garchomp|81\/100\n|-damage|p2a: Alomomola|88\/100|[from] ability: Rough Skin|[of] p1a: Garchomp\n|-enditem|p1a: Garchomp|Salac Berry|[from] move: Knock Off|[of] p2a: Alomomola\n|\n|-heal|p2a: Alomomola|94\/100|[from] item: Leftovers\n|upkeep\n|turn|12\n|\n|t:|1700930475\n|move|p1a: Garchomp|Swords Dance|p1a: Garchomp\n|-boost|p1a: Garchomp|atk|2\n|move|p2a: Alomomola|Wish|p2a: Alomomola\n|\n|-heal|p2a: Alomomola|100\/100|[from] item: Leftovers\n|upkeep\n|turn|13\n|\n|t:|1700930483\n|move|p1a: Garchomp|Rock Slide|p2a: Alomomola|[miss]\n|-miss|p1a: Garchomp|p2a: Alomomola\n|move|p2a: Alomomola|Flip Turn|p1a: Garchomp\n|-resisted|p1a: Garchomp\n|-damage|p1a: Garchomp|74\/100\n|-damage|p2a: Alomomola|88\/100|[from] ability: Rough Skin|[of] p1a: Garchomp\n|\n|t:|1700930491\n|switch|p2a: Charizard|Charizard-Mega-Y, M, shiny|27\/100|[from] Flip Turn\n|-weather|SunnyDay|[from] ability: Drought|[of] p2a: Charizard\n|\n|-weather|SunnyDay|[upkeep]\n|-heal|p2a: Charizard|100\/100|[from] move: Wish|[wisher] Alomomola\n|upkeep\n|turn|14\n|\n|t:|1700930498\n|switch|p2a: Goodra|Goodra-Hisui, M|100\/100\n|move|p1a: Garchomp|Rock Slide|p2a: Goodra|[miss]\n|-miss|p1a: Garchomp|p2a: Goodra\n|\n|-weather|SunnyDay|[upkeep]\n|upkeep\n|turn|15\n|\n|t:|1700930505\n|move|p1a: Garchomp|Dragon Claw|p2a: Goodra\n|-damage|p2a: Goodra|0 fnt\n|faint|p2a: Goodra\n|\n|-weather|SunnyDay|[upkeep]\n|upkeep\n|\n|t:|1700930524\n|switch|p2a: Leavanny|Leavanny, F|100\/100\n|turn|16\n|\n|t:|1700930533\n|move|p1a: Garchomp|Dragon Claw|p2a: Leavanny\n|-damage|p2a: Leavanny|0 fnt\n|faint|p2a: Leavanny\n|\n|-weather|SunnyDay|[upkeep]\n|upkeep\n|-message|skittle_0001 forfeited.\n|\n|win|Larryc5\n|raw|Larryc5's rating: 1192 &rarr; <strong>1221<\/strong><br \/>(+29 for winning)\n|raw|skittle_0001's rating: 1244 &rarr; <strong>1215<\/strong><br \/>(-29 for losing)\n|l|\u2606skittle_0001\n|l|\u2606Larryc5\n|j|\u2606Larryc5\n|player|p1|Larryc5|red\n","uploadtime":1700930567,"views":0,"p1id":"larryc5","p2id":"skittle0001","formatid":"gen9nationaldex","rating":1215,"private":0,"password":""}