{"id":"gen9nationaldex-1994249763","p1":"mariousHex","p2":"Connerwake","format":"[Gen 9] National Dex","log":"|j|\u2606mariousHex\n|j|\u2606Connerwake\n|t:|1700423405\n|gametype|singles\n|player|p1|mariousHex|lillie-masters|1621\n|player|p2|Connerwake|morty|1510\n|teamsize|p1|6\n|teamsize|p2|6\n|gen|9\n|tier|[Gen 9] National Dex\n|rated|\n|rule|HP Percentage Mod: HP is shown in percentages\n|rule|Endless Battle Clause: Forcing endless battles is banned\n|rule|OHKO Clause: OHKO moves are banned\n|rule|Evasion Clause: Evasion abilities, items, and moves are banned\n|rule|Evasion Abilities Clause: Evasion abilities are banned\n|rule|Evasion Items Clause: Evasion items are banned\n|rule|Evasion Moves Clause: Evasion moves are banned\n|rule|Species Clause: Limit one of each Pok\u00e9mon\n|rule|Sleep Clause Mod: Limit one foe put to sleep\n|clearpoke\n|poke|p1|Rillaboom, M|\n|poke|p1|Heatran, F|\n|poke|p1|Urshifu-*, M|\n|poke|p1|Slowking-Galar, F|\n|poke|p1|Thundurus-Therian, M|\n|poke|p1|Weezing-Galar, M|\n|poke|p2|Zapdos|\n|poke|p2|Ogerpon-Wellspring, F|\n|poke|p2|Garchomp, M|\n|poke|p2|Charizard, F|\n|poke|p2|Ferrothorn, F|\n|poke|p2|Great Tusk|\n|teampreview\n|inactive|Battle timer is ON: inactive players will automatically lose when time's up. (requested by Connerwake)\n|\n|t:|1700423417\n|start\n|switch|p1a: Thundurus|Thundurus-Therian, M|100\/100\n|switch|p2a: Great Tusk|Great Tusk|100\/100\n|turn|1\n|\n|t:|1700423433\n|-terastallize|p1a: Thundurus|Flying\n|move|p1a: Thundurus|Tera Blast|p2a: Great Tusk|[anim] Tera Blast Flying\n|-supereffective|p2a: Great Tusk\n|-damage|p2a: Great Tusk|0 fnt\n|faint|p2a: Great Tusk\n|-end|p2a: Great Tusk|Protosynthesis|[silent]\n|\n|upkeep\n|\n|t:|1700423441\n|switch|p2a: Ogerpon|Ogerpon-Wellspring, F|100\/100\n|turn|2\n|\n|t:|1700423458\n|-terastallize|p2a: Ogerpon|Water\n|detailschange|p2a: Ogerpon|Ogerpon-Wellspring-Tera, F, tera:Water\n|-ability|p2a: Ogerpon|Embody Aspect (Wellspring)|boost\n|-boost|p2a: Ogerpon|spd|1\n|move|p1a: Thundurus|Tera Blast|p2a: Ogerpon|[anim] Tera Blast Flying\n|-damage|p2a: Ogerpon|59\/100\n|move|p2a: Ogerpon|Swords Dance|p2a: Ogerpon\n|-boost|p2a: Ogerpon|atk|2\n|\n|upkeep\n|turn|3\n|\n|t:|1700423469\n|switch|p1a: Weezing|Weezing-Galar, M|100\/100\n|-ability|p1a: Weezing|Neutralizing Gas\n|move|p2a: Ogerpon|Ivy Cudgel|p1a: Weezing|[anim] Ivy Cudgel Water\n|-damage|p1a: Weezing|2\/100\n|\n|-heal|p1a: Weezing|8\/100|[from] item: Leftovers\n|upkeep\n|turn|4\n|\n|t:|1700423476\n|move|p2a: Ogerpon|Trailblaze|p1a: Weezing\n|-resisted|p1a: Weezing\n|-damage|p1a: Weezing|0 fnt\n|-boost|p2a: Ogerpon|spe|1\n|faint|p1a: Weezing\n|-end|p1a: Weezing|ability: Neutralizing Gas\n|\n|upkeep\n|\n|t:|1700423479\n|switch|p1a: Rillaboom|Rillaboom, M|100\/100\n|-fieldstart|move: Grassy Terrain|[from] ability: Grassy Surge|[of] p1a: Rillaboom\n|turn|5\n|\n|t:|1700423493\n|move|p1a: Rillaboom|Grassy Glide|p2a: Ogerpon\n|-supereffective|p2a: Ogerpon\n|-damage|p2a: Ogerpon|0 fnt\n|faint|p2a: Ogerpon\n|\n|upkeep\n|\n|t:|1700423496\n|switch|p2a: Charizard|Charizard, F|100\/100\n|turn|6\n|inactive|mariousHex has 120 seconds left.\n|\n|t:|1700423528\n|switch|p2a: Garchomp|Garchomp, M|100\/100\n|switch|p1a: Heatran|Heatran, F|100\/100\n|\n|upkeep\n|turn|7\n|\n|t:|1700423537\n|switch|p1a: Thundurus|Thundurus-Therian, M, tera:Flying|100\/100\n|move|p2a: Garchomp|Earthquake|p1a: Thundurus\n|-immune|p1a: Thundurus\n|\n|upkeep\n|turn|8\n|\n|t:|1700423543\n|switch|p2a: Zapdos|Zapdos|100\/100\n|move|p1a: Thundurus|Hidden Power|p2a: Zapdos\n|-supereffective|p2a: Zapdos\n|-damage|p2a: Zapdos|58\/100\n|\n|-heal|p2a: Zapdos|64\/100|[from] item: Leftovers\n|upkeep\n|turn|9\n|\n|t:|1700423556\n|switch|p1a: Slowking|Slowking-Galar, F|100\/100\n|move|p2a: Zapdos|Thunderbolt|p1a: Slowking\n|-damage|p1a: Slowking|68\/100\n|\n|-heal|p2a: Zapdos|71\/100|[from] item: Leftovers\n|-heal|p1a: Slowking|75\/100|[from] Grassy Terrain\n|-fieldend|move: Grassy Terrain\n|upkeep\n|turn|10\n|\n|t:|1700423562\n|switch|p2a: Ferrothorn|Ferrothorn, F|100\/100\n|move|p1a: Slowking|Chilly Reception|p1a: Slowking\n|-weather|Snow\n|\n|t:|1700423567\n|switch|p1a: Heatran|Heatran, F|100\/100|[from] Chilly Reception\n|\n|-weather|Snow|[upkeep]\n|upkeep\n|turn|11\n|\n|t:|1700423570\n|move|p2a: Ferrothorn|Protect|p2a: Ferrothorn\n|-singleturn|p2a: Ferrothorn|Protect\n|move|p1a: Heatran|Magma Storm|p2a: Ferrothorn\n|-activate|p2a: Ferrothorn|move: Protect\n|\n|-weather|Snow|[upkeep]\n|upkeep\n|turn|12\n|inactive|mariousHex has 120 seconds left.\n|\n|t:|1700423617\n|switch|p1a: Thundurus|Thundurus-Therian, M, tera:Flying|100\/100\n|move|p2a: Ferrothorn|Body Press|p1a: Thundurus\n|-resisted|p1a: Thundurus\n|-damage|p1a: Thundurus|80\/100\n|\n|-weather|Snow|[upkeep]\n|upkeep\n|turn|13\n|\n|t:|1700423623\n|move|p2a: Ferrothorn|Protect|p2a: Ferrothorn\n|-singleturn|p2a: Ferrothorn|Protect\n|move|p1a: Thundurus|Volt Switch|p2a: Ferrothorn\n|-activate|p2a: Ferrothorn|move: Protect\n|\n|-weather|Snow|[upkeep]\n|upkeep\n|turn|14\n|\n|t:|1700423641\n|switch|p1a: Rillaboom|Rillaboom, M|100\/100\n|-fieldstart|move: Grassy Terrain|[from] ability: Grassy Surge|[of] p1a: Rillaboom\n|switch|p2a: Garchomp|Garchomp, M|100\/100\n|\n|-weather|none\n|upkeep\n|turn|15\n|\n|t:|1700423651\n|move|p1a: Rillaboom|U-turn|p2a: Garchomp\n|-damage|p2a: Garchomp|71\/100\n|-damage|p1a: Rillaboom|88\/100|[from] ability: Rough Skin|[of] p2a: Garchomp\n|\n|t:|1700423660\n|switch|p1a: Slowking|Slowking-Galar, F|100\/100|[from] U-turn\n|move|p2a: Garchomp|Stealth Rock|p1a: Slowking\n|-sidestart|p1: mariousHex|move: Stealth Rock\n|\n|-heal|p2a: Garchomp|77\/100|[from] Grassy Terrain\n|-heal|p2a: Garchomp|83\/100|[from] item: Leftovers\n|upkeep\n|turn|16\n|inactive|mariousHex has 120 seconds left.\n|\n|t:|1700423670\n|switch|p2a: Zapdos|Zapdos|71\/100\n|move|p1a: Slowking|Chilly Reception|p1a: Slowking\n|-weather|Snow\n|inactive|mariousHex has 120 seconds left.\n|\n|t:|1700423681\n|switch|p1a: Thundurus|Thundurus-Therian, M, tera:Flying|80\/100|[from] Chilly Reception\n|-damage|p1a: Thundurus|55\/100|[from] Stealth Rock\n|\n|-weather|Snow|[upkeep]\n|-heal|p2a: Zapdos|77\/100|[from] item: Leftovers\n|upkeep\n|turn|17\n|inactive|mariousHex has 120 seconds left.\n|\n|t:|1700423687\n|move|p1a: Thundurus|Hidden Power|p2a: Zapdos\n|-supereffective|p2a: Zapdos\n|-damage|p2a: Zapdos|35\/100\n|move|p2a: Zapdos|Thunderbolt|p1a: Thundurus\n|-heal|p1a: Thundurus|80\/100|[from] ability: Volt Absorb|[of] p2a: Zapdos\n|\n|-weather|Snow|[upkeep]\n|-heal|p2a: Zapdos|41\/100|[from] item: Leftovers\n|upkeep\n|turn|18\n|inactive|mariousHex has 120 seconds left.\n|\n|t:|1700423697\n|switch|p1a: Heatran|Heatran, F|100\/100\n|-damage|p1a: Heatran|88\/100|[from] Stealth Rock\n|switch|p2a: Garchomp|Garchomp, M|83\/100\n|\n|-weather|Snow|[upkeep]\n|-heal|p2a: Garchomp|89\/100|[from] Grassy Terrain\n|-heal|p2a: Garchomp|95\/100|[from] item: Leftovers\n|-heal|p1a: Heatran|94\/100|[from] Grassy Terrain\n|-heal|p1a: Heatran|100\/100|[from] item: Leftovers\n|-fieldend|move: Grassy Terrain\n|upkeep\n|turn|19\n|inactive|mariousHex has 120 seconds left.\n|inactive|mariousHex has 90 seconds left.\n|\n|t:|1700423738\n|switch|p1a: Rillaboom|Rillaboom, M|88\/100\n|-damage|p1a: Rillaboom|76\/100|[from] Stealth Rock\n|-fieldstart|move: Grassy Terrain|[from] ability: Grassy Surge|[of] p1a: Rillaboom\n|move|p2a: Garchomp|Dragon Claw|p1a: Rillaboom\n|-damage|p1a: Rillaboom|34\/100\n|\n|-weather|Snow|[upkeep]\n|-heal|p1a: Rillaboom|40\/100|[from] Grassy Terrain\n|-heal|p2a: Garchomp|100\/100|[from] Grassy Terrain\n|upkeep\n|turn|20\n|inactive|mariousHex has 90 seconds left.\n|\n|t:|1700423761\n|move|p1a: Rillaboom|Knock Off|p2a: Garchomp\n|-damage|p2a: Garchomp|60\/100\n|-damage|p1a: Rillaboom|27\/100|[from] ability: Rough Skin|[of] p2a: Garchomp\n|-enditem|p2a: Garchomp|Leftovers|[from] move: Knock Off|[of] p1a: Rillaboom\n|move|p2a: Garchomp|Dragon Claw|p1a: Rillaboom\n|-damage|p1a: Rillaboom|0 fnt\n|faint|p1a: Rillaboom\n|\n|-weather|none\n|-heal|p2a: Garchomp|66\/100|[from] Grassy Terrain\n|upkeep\n|j| OuterDreams\n|\n|t:|1700423774\n|switch|p1a: Urshifu|Urshifu-Rapid-Strike, M|100\/100\n|-damage|p1a: Urshifu|94\/100|[from] Stealth Rock\n|turn|21\n|\n|t:|1700423784\n|move|p1a: Urshifu|Close Combat|p2a: Garchomp\n|-damage|p2a: Garchomp|0 fnt\n|-unboost|p1a: Urshifu|def|1\n|-unboost|p1a: Urshifu|spd|1\n|-damage|p1a: Urshifu|82\/100|[from] ability: Rough Skin|[of] p2a: Garchomp\n|faint|p2a: Garchomp\n|\n|-heal|p1a: Urshifu|88\/100|[from] Grassy Terrain\n|upkeep\n|\n|t:|1700423803\n|switch|p2a: Zapdos|Zapdos|41\/100\n|turn|22\n|inactive|mariousHex has 90 seconds left.\n|\n|t:|1700423813\n|switch|p1a: Slowking|Slowking-Galar, F|100\/100\n|move|p2a: Zapdos|Heat Wave|p1a: Slowking\n|-damage|p1a: Slowking|82\/100\n|\n|-heal|p2a: Zapdos|48\/100|[from] item: Leftovers\n|-heal|p1a: Slowking|88\/100|[from] Grassy Terrain\n|upkeep\n|turn|23\n|\n|t:|1700423821\n|move|p2a: Zapdos|Roost|p2a: Zapdos\n|-heal|p2a: Zapdos|98\/100\n|-singleturn|p2a: Zapdos|move: Roost\n|move|p1a: Slowking|Chilly Reception|p1a: Slowking\n|-weather|Snow\n|\n|t:|1700423826\n|switch|p1a: Heatran|Heatran, F|100\/100|[from] Chilly Reception\n|-damage|p1a: Heatran|88\/100|[from] Stealth Rock\n|\n|-weather|Snow|[upkeep]\n|-heal|p2a: Zapdos|100\/100|[from] Grassy Terrain\n|-heal|p1a: Heatran|94\/100|[from] Grassy Terrain\n|-heal|p1a: Heatran|100\/100|[from] item: Leftovers\n|-fieldend|move: Grassy Terrain\n|upkeep\n|turn|24\n|\n|t:|1700423830\n|move|p2a: Zapdos|Thunderbolt|p1a: Heatran\n|-damage|p1a: Heatran|74\/100\n|move|p1a: Heatran|Stealth Rock|p2a: Zapdos\n|-sidestart|p2: Connerwake|move: Stealth Rock\n|\n|-weather|Snow|[upkeep]\n|-heal|p1a: Heatran|80\/100|[from] item: Leftovers\n|upkeep\n|turn|25\n|\n|t:|1700423838\n|move|p2a: Zapdos|Heat Wave|p1a: Heatran\n|-start|p1a: Heatran|ability: Flash Fire\n|move|p1a: Heatran|Magma Storm|p2a: Zapdos|[miss]\n|-miss|p1a: Heatran|p2a: Zapdos\n|\n|-weather|Snow|[upkeep]\n|-heal|p1a: Heatran|86\/100|[from] item: Leftovers\n|upkeep\n|turn|26\n|inactive|mariousHex has 120 seconds left.\n|\n|t:|1700423845\n|move|p2a: Zapdos|Thunderbolt|p1a: Heatran\n|-damage|p1a: Heatran|62\/100\n|move|p1a: Heatran|Magma Storm|p2a: Zapdos\n|-damage|p2a: Zapdos|35\/100\n|-activate|p2a: Zapdos|move: Magma Storm|[of] p1a: Heatran\n|\n|-weather|Snow|[upkeep]\n|-heal|p2a: Zapdos|41\/100|[from] item: Leftovers\n|-heal|p1a: Heatran|68\/100|[from] item: Leftovers\n|-damage|p2a: Zapdos|29\/100|[from] move: Magma Storm|[partiallytrapped]\n|upkeep\n|turn|27\n|\n|t:|1700423854\n|move|p2a: Zapdos|Roost|p2a: Zapdos\n|-heal|p2a: Zapdos|79\/100\n|-singleturn|p2a: Zapdos|move: Roost\n|move|p1a: Heatran|Magma Storm|p2a: Zapdos\n|-damage|p2a: Zapdos|13\/100\n|\n|-weather|none\n|-heal|p2a: Zapdos|19\/100|[from] item: Leftovers\n|-heal|p1a: Heatran|74\/100|[from] item: Leftovers\n|-damage|p2a: Zapdos|6\/100|[from] move: Magma Storm|[partiallytrapped]\n|upkeep\n|turn|28\n|l| OuterDreams\n|\n|t:|1700423867\n|move|p2a: Zapdos|Thunderbolt|p1a: Heatran\n|-damage|p1a: Heatran|50\/100\n|move|p1a: Heatran|Earth Power|p2a: Zapdos\n|-immune|p2a: Zapdos\n|\n|-heal|p2a: Zapdos|13\/100|[from] item: Leftovers\n|-heal|p1a: Heatran|56\/100|[from] item: Leftovers\n|-damage|p2a: Zapdos|0 fnt|[from] move: Magma Storm|[partiallytrapped]\n|faint|p2a: Zapdos\n|upkeep\n|\n|t:|1700423876\n|switch|p2a: Ferrothorn|Ferrothorn, F|100\/100\n|-damage|p2a: Ferrothorn|94\/100|[from] Stealth Rock\n|turn|29\n|\n|t:|1700423880\n|move|p1a: Heatran|Magma Storm|p2a: Ferrothorn\n|-supereffective|p2a: Ferrothorn\n|-damage|p2a: Ferrothorn|0 fnt\n|faint|p2a: Ferrothorn\n|\n|-heal|p1a: Heatran|63\/100|[from] item: Leftovers\n|upkeep\n|\n|t:|1700423882\n|switch|p2a: Charizard|Charizard, F|100\/100\n|-damage|p2a: Charizard|51\/100|[from] Stealth Rock\n|turn|30\n|\n|t:|1700423891\n|detailschange|p2a: Charizard|Charizard-Mega-Y, F\n|-mega|p2a: Charizard|Charizard|Charizardite Y\n|-weather|SunnyDay|[from] ability: Drought|[of] p2a: Charizard\n|move|p2a: Charizard|Air Slash|p1a: Heatran\n|-resisted|p1a: Heatran\n|-damage|p1a: Heatran|48\/100\n|move|p1a: Heatran|Taunt|p2a: Charizard\n|-start|p2a: Charizard|move: Taunt\n|\n|-weather|SunnyDay|[upkeep]\n|-heal|p1a: Heatran|54\/100|[from] item: Leftovers\n|upkeep\n|turn|31\n|\n|t:|1700423898\n|move|p2a: Charizard|Air Slash|p1a: Heatran\n|-resisted|p1a: Heatran\n|-damage|p1a: Heatran|40\/100\n|move|p1a: Heatran|Magma Storm|p2a: Charizard\n|-resisted|p2a: Charizard\n|-damage|p2a: Charizard|2\/100\n|-activate|p2a: Charizard|move: Magma Storm|[of] p1a: Heatran\n|\n|-weather|SunnyDay|[upkeep]\n|-heal|p1a: Heatran|46\/100|[from] item: Leftovers\n|-damage|p2a: Charizard|0 fnt|[from] move: Magma Storm|[partiallytrapped]\n|faint|p2a: Charizard\n|\n|win|mariousHex\n|upkeep\n|raw|mariousHex's rating: 1642 &rarr; <strong>1655<\/strong><br \/>(+13 for winning)\n|raw|Connerwake's rating: 1510 &rarr; <strong>1497<\/strong><br \/>(-13 for losing)\n|c|\u2606Connerwake|gg\n|c|\u2606mariousHex|gg\n","uploadtime":1700423915,"views":4,"p1id":"marioushex","p2id":"connerwake","formatid":"gen9nationaldex","rating":1497,"private":0,"password":""}