{"id":"gen9nationaldex-1988352046","p1":"thetruemidnight","p2":"Sithstorm","format":"[Gen 9] National Dex","log":"|j|\u2606thetruemidnight\n|j|\u2606Sithstorm\n|t:|1699712672\n|gametype|singles\n|player|p1|thetruemidnight|buck|1081\n|player|p2|Sithstorm|pokemonranger-gen6|1181\n|teamsize|p1|6\n|teamsize|p2|6\n|gen|9\n|tier|[Gen 9] National Dex\n|rated|\n|rule|HP Percentage Mod: HP is shown in percentages\n|rule|Endless Battle Clause: Forcing endless battles is banned\n|rule|OHKO Clause: OHKO moves are banned\n|rule|Evasion Clause: Evasion abilities, items, and moves are banned\n|rule|Evasion Abilities Clause: Evasion abilities are banned\n|rule|Evasion Items Clause: Evasion items are banned\n|rule|Evasion Moves Clause: Evasion moves are banned\n|rule|Species Clause: Limit one of each Pok\u00e9mon\n|rule|Sleep Clause Mod: Limit one foe put to sleep\n|clearpoke\n|poke|p1|Serperior, M|\n|poke|p1|Ceruledge, M|\n|poke|p1|Mudsdale, M|\n|poke|p1|Scrafty, M|\n|poke|p1|Quagsire, F|\n|poke|p1|Dragonite, M|\n|poke|p2|Torterra, M|\n|poke|p2|Dragonair, M|\n|poke|p2|Reuniclus, M|\n|poke|p2|Volcarona, M|\n|poke|p2|Zoroark-Hisui, M|\n|poke|p2|Samurott-Hisui, M|\n|teampreview\n|\n|t:|1699712686\n|start\n|switch|p1a: Mudsdale|Mudsdale, M|100\/100\n|switch|p2a: Oasis|Torterra, M|100\/100\n|turn|1\n|\n|t:|1699712693\n|move|p2a: Oasis|Stealth Rock|p1a: Mudsdale\n|-sidestart|p1: thetruemidnight|move: Stealth Rock\n|move|p1a: Mudsdale|Stealth Rock|p2a: Oasis\n|-sidestart|p2: Sithstorm|move: Stealth Rock\n|\n|upkeep\n|turn|2\n|\n|t:|1699712698\n|move|p2a: Oasis|Leech Seed|p1a: Mudsdale|[miss]\n|-miss|p2a: Oasis|p1a: Mudsdale\n|move|p1a: Mudsdale|Roar|p2a: Oasis\n|drag|p2a: Depth|Samurott-Hisui, M|100\/100\n|-damage|p2a: Depth|88\/100|[from] Stealth Rock\n|\n|upkeep\n|turn|3\n|\n|t:|1699712711\n|switch|p2a: Spire|Dragonair, M|100\/100\n|-damage|p2a: Spire|88\/100|[from] Stealth Rock\n|-terastallize|p1a: Mudsdale|Steel\n|move|p1a: Mudsdale|Heavy Slam|p2a: Spire\n|-damage|p2a: Spire|39\/100\n|\n|upkeep\n|turn|4\n|\n|t:|1699712722\n|move|p2a: Spire|Extreme Speed|p1a: Mudsdale\n|-resisted|p1a: Mudsdale\n|-damage|p1a: Mudsdale|94\/100\n|-ability|p1a: Mudsdale|Stamina|boost\n|-boost|p1a: Mudsdale|def|1\n|move|p1a: Mudsdale|Heavy Slam|p2a: Spire\n|-crit|p2a: Spire\n|-damage|p2a: Spire|0 fnt\n|faint|p2a: Spire\n|\n|-heal|p1a: Mudsdale|99\/100|[from] item: Leftovers\n|upkeep\n|\n|t:|1699712732\n|switch|p2a: Halo|Volcarona, M|100\/100\n|turn|5\n|\n|t:|1699712735\n|move|p2a: Halo|Quiver Dance|p2a: Halo\n|-boost|p2a: Halo|spa|1\n|-boost|p2a: Halo|spd|1\n|-boost|p2a: Halo|spe|1\n|move|p1a: Mudsdale|Earthquake|p2a: Halo\n|-damage|p2a: Halo|37\/100\n|\n|-heal|p1a: Mudsdale|100\/100|[from] item: Leftovers\n|upkeep\n|turn|6\n|\n|t:|1699712743\n|move|p2a: Halo|Fiery Dance|p1a: Mudsdale\n|-supereffective|p1a: Mudsdale\n|-damage|p1a: Mudsdale|0 fnt\n|faint|p1a: Mudsdale\n|\n|upkeep\n|\n|t:|1699712750\n|switch|p1a: Quagsire|Quagsire, F|100\/100\n|-damage|p1a: Quagsire|94\/100|[from] Stealth Rock\n|turn|7\n|\n|t:|1699712754\n|-terastallize|p2a: Halo|Grass\n|move|p2a: Halo|Giga Drain|p1a: Quagsire\n|-supereffective|p1a: Quagsire\n|-damage|p1a: Quagsire|0 fnt\n|-heal|p2a: Halo|97\/100|[from] drain|[of] p1a: Quagsire\n|faint|p1a: Quagsire\n|\n|upkeep\n|\n|t:|1699712763\n|switch|p1a: Ceruledge|Ceruledge, M|100\/100\n|-damage|p1a: Ceruledge|76\/100|[from] Stealth Rock\n|turn|8\n|\n|t:|1699712771\n|switch|p2a: Depth|Samurott-Hisui, M|100\/100\n|-damage|p2a: Depth|88\/100|[from] Stealth Rock\n|move|p1a: Ceruledge|Swords Dance|p1a: Ceruledge\n|-boost|p1a: Ceruledge|atk|2\n|\n|upkeep\n|turn|9\n|\n|t:|1699712780\n|move|p2a: Depth|Sucker Punch|p1a: Ceruledge\n|-supereffective|p1a: Ceruledge\n|-damage|p1a: Ceruledge|0 fnt\n|faint|p1a: Ceruledge\n|\n|upkeep\n|\n|t:|1699712790\n|switch|p1a: Dietes|Serperior, M, shiny|100\/100\n|-damage|p1a: Dietes|88\/100|[from] Stealth Rock\n|turn|10\n|\n|t:|1699712796\n|switch|p2a: Halo|Volcarona, M, tera:Grass|97\/100\n|move|p1a: Dietes|Leaf Storm|p2a: Halo|[miss]\n|-miss|p1a: Dietes|p2a: Halo\n|\n|-heal|p1a: Dietes|94\/100|[from] item: Leftovers\n|upkeep\n|turn|11\n|\n|t:|1699712804\n|move|p1a: Dietes|Substitute|p1a: Dietes\n|-start|p1a: Dietes|Substitute\n|-damage|p1a: Dietes|69\/100\n|move|p2a: Halo|Fiery Dance|p1a: Dietes\n|-supereffective|p1a: Dietes\n|-end|p1a: Dietes|Substitute\n|\n|-heal|p1a: Dietes|76\/100|[from] item: Leftovers\n|upkeep\n|turn|12\n|\n|t:|1699712811\n|move|p1a: Dietes|Glare|p2a: Halo\n|-status|p2a: Halo|par\n|move|p2a: Halo|Quiver Dance|p2a: Halo\n|-boost|p2a: Halo|spa|1\n|-boost|p2a: Halo|spd|1\n|-boost|p2a: Halo|spe|1\n|\n|-heal|p1a: Dietes|82\/100|[from] item: Leftovers\n|upkeep\n|turn|13\n|\n|t:|1699712819\n|move|p1a: Dietes|Substitute|p1a: Dietes\n|-start|p1a: Dietes|Substitute\n|-damage|p1a: Dietes|57\/100\n|move|p2a: Halo|Fiery Dance|p1a: Dietes\n|-supereffective|p1a: Dietes\n|-crit|p1a: Dietes\n|-end|p1a: Dietes|Substitute\n|-boost|p2a: Halo|spa|1\n|\n|-heal|p1a: Dietes|63\/100|[from] item: Leftovers\n|upkeep\n|turn|14\n|\n|t:|1699712827\n|move|p1a: Dietes|Hidden Power|p2a: Halo\n|-supereffective|p2a: Halo\n|-damage|p2a: Halo|78\/100 par\n|move|p2a: Halo|Fiery Dance|p1a: Dietes\n|-supereffective|p1a: Dietes\n|-damage|p1a: Dietes|0 fnt\n|-boost|p2a: Halo|spa|1\n|faint|p1a: Dietes\n|\n|upkeep\n|\n|t:|1699712835\n|switch|p1a: Dragonite|Dragonite, M|100\/100\n|turn|15\n|\n|t:|1699712842\n|move|p1a: Dragonite|Dragon Dance|p1a: Dragonite\n|-boost|p1a: Dragonite|atk|1\n|-boost|p1a: Dragonite|spe|1\n|move|p2a: Halo|Fiery Dance|p1a: Dragonite\n|-resisted|p1a: Dragonite\n|-damage|p1a: Dragonite|73\/100\n|\n|upkeep\n|turn|16\n|\n|t:|1699712849\n|move|p1a: Dragonite|Dragon Dance|p1a: Dragonite\n|-boost|p1a: Dragonite|atk|1\n|-boost|p1a: Dragonite|spe|1\n|cant|p2a: Halo|par\n|\n|upkeep\n|turn|17\n|\n|t:|1699712855\n|move|p1a: Dragonite|Dragon Dance|p1a: Dragonite\n|-boost|p1a: Dragonite|atk|1\n|-boost|p1a: Dragonite|spe|1\n|move|p2a: Halo|Fiery Dance|p1a: Dragonite\n|-resisted|p1a: Dragonite\n|-damage|p1a: Dragonite|21\/100\n|\n|upkeep\n|turn|18\n|\n|t:|1699712862\n|move|p1a: Dragonite|Roost|p1a: Dragonite\n|-heal|p1a: Dragonite|72\/100\n|-singleturn|p1a: Dragonite|move: Roost\n|cant|p2a: Halo|par\n|\n|upkeep\n|turn|19\n|\n|t:|1699712868\n|move|p1a: Dragonite|Dragon Dance|p1a: Dragonite\n|-boost|p1a: Dragonite|atk|1\n|-boost|p1a: Dragonite|spe|1\n|cant|p2a: Halo|par\n|\n|upkeep\n|turn|20\n|\n|t:|1699712873\n|move|p1a: Dragonite|Dragon Dance|p1a: Dragonite\n|-boost|p1a: Dragonite|atk|1\n|-boost|p1a: Dragonite|spe|1\n|move|p2a: Halo|Fire Spin|p1a: Dragonite\n|-resisted|p1a: Dragonite\n|-damage|p1a: Dragonite|48\/100\n|-activate|p1a: Dragonite|move: Fire Spin|[of] p2a: Halo\n|\n|-damage|p1a: Dragonite|36\/100|[from] move: Fire Spin|[partiallytrapped]\n|upkeep\n|turn|21\n|\n|t:|1699712881\n|move|p1a: Dragonite|Roost|p1a: Dragonite\n|-heal|p1a: Dragonite|86\/100\n|-singleturn|p1a: Dragonite|move: Roost\n|move|p2a: Halo|Fiery Dance|p1a: Dragonite\n|-resisted|p1a: Dragonite\n|-damage|p1a: Dragonite|31\/100\n|\n|-damage|p1a: Dragonite|19\/100|[from] move: Fire Spin|[partiallytrapped]\n|upkeep\n|turn|22\n|\n|t:|1699712890\n|move|p1a: Dragonite|Earthquake|p2a: Halo\n|-resisted|p2a: Halo\n|-damage|p2a: Halo|0 fnt\n|faint|p2a: Halo\n|\n|-end|p1a: Dragonite|Fire Spin|[partiallytrapped]|[silent]\n|upkeep\n|\n|t:|1699712896\n|switch|p2a: Depth|Samurott-Hisui, M|88\/100\n|-damage|p2a: Depth|76\/100|[from] Stealth Rock\n|turn|23\n|\n|t:|1699712901\n|move|p1a: Dragonite|Extreme Speed|p2a: Depth\n|-damage|p2a: Depth|0 fnt\n|faint|p2a: Depth\n|\n|upkeep\n|\n|t:|1699712912\n|switch|p2a: Oasis|Torterra, M|88\/100\n|-damage|p2a: Oasis|76\/100|[from] Stealth Rock\n|turn|24\n|\n|t:|1699712922\n|move|p1a: Dragonite|Extreme Speed|p2a: Oasis\n|-immune|p2a: Oasis\n|move|p2a: Oasis|Bitter Malice|p1a: Dragonite\n|-damage|p1a: Dragonite|0 fnt\n|faint|p1a: Dragonite\n|\n|upkeep\n|\n|t:|1699712934\n|switch|p1a: Scrafty|Scrafty, M|100\/100\n|-damage|p1a: Scrafty|95\/100|[from] Stealth Rock\n|turn|25\n|\n|t:|1699712943\n|move|p2a: Oasis|Snarl|p1a: Scrafty\n|-resisted|p1a: Scrafty\n|-damage|p1a: Scrafty|92\/100\n|-unboost|p1a: Scrafty|spa|1\n|move|p1a: Scrafty|Bulk Up|p1a: Scrafty\n|-boost|p1a: Scrafty|atk|1\n|-boost|p1a: Scrafty|def|1\n|\n|-heal|p1a: Scrafty|98\/100|[from] item: Leftovers\n|upkeep\n|turn|26\n|\n|t:|1699712952\n|move|p2a: Oasis|Bitter Malice|p1a: Scrafty\n|-resisted|p1a: Scrafty\n|-damage|p1a: Scrafty|83\/100\n|-unboost|p1a: Scrafty|atk|1\n|move|p1a: Scrafty|Bulk Up|p1a: Scrafty\n|-boost|p1a: Scrafty|atk|1\n|-boost|p1a: Scrafty|def|1\n|\n|-heal|p1a: Scrafty|89\/100|[from] item: Leftovers\n|upkeep\n|turn|27\n|\n|t:|1699712963\n|move|p2a: Oasis|Bitter Malice|p1a: Scrafty\n|-resisted|p1a: Scrafty\n|-damage|p1a: Scrafty|76\/100\n|-unboost|p1a: Scrafty|atk|1\n|move|p1a: Scrafty|Bulk Up|p1a: Scrafty\n|-boost|p1a: Scrafty|atk|1\n|-boost|p1a: Scrafty|def|1\n|\n|-heal|p1a: Scrafty|82\/100|[from] item: Leftovers\n|upkeep\n|turn|28\n|c|\u2606thetruemidnight|don't doubt my Scrafty\n|\n|t:|1699712993\n|move|p2a: Oasis|Bitter Malice|p1a: Scrafty\n|-resisted|p1a: Scrafty\n|-damage|p1a: Scrafty|68\/100\n|-unboost|p1a: Scrafty|atk|1\n|move|p1a: Scrafty|Bulk Up|p1a: Scrafty\n|-boost|p1a: Scrafty|atk|1\n|-boost|p1a: Scrafty|def|1\n|\n|-heal|p1a: Scrafty|74\/100|[from] item: Leftovers\n|upkeep\n|turn|29\n|inactive|Battle timer is ON: inactive players will automatically lose when time's up. (requested by Sithstorm)\n|c|\u2606thetruemidnight|am I lagging\n|c|\u2606thetruemidnight|nvm\n|\n|t:|1699713028\n|move|p2a: Oasis|Bitter Malice|p1a: Scrafty\n|-resisted|p1a: Scrafty\n|-damage|p1a: Scrafty|61\/100\n|-unboost|p1a: Scrafty|atk|1\n|move|p1a: Scrafty|Bulk Up|p1a: Scrafty\n|-boost|p1a: Scrafty|atk|1\n|-boost|p1a: Scrafty|def|1\n|\n|-heal|p1a: Scrafty|67\/100|[from] item: Leftovers\n|upkeep\n|turn|30\n|\n|t:|1699713038\n|move|p2a: Oasis|Bitter Malice|p1a: Scrafty\n|-resisted|p1a: Scrafty\n|-damage|p1a: Scrafty|53\/100\n|-unboost|p1a: Scrafty|atk|1\n|move|p1a: Scrafty|Bulk Up|p1a: Scrafty\n|-boost|p1a: Scrafty|atk|1\n|-boost|p1a: Scrafty|def|1\n|\n|-heal|p1a: Scrafty|59\/100|[from] item: Leftovers\n|upkeep\n|turn|31\n|\n|t:|1699713048\n|move|p2a: Oasis|Bitter Malice|p1a: Scrafty\n|-resisted|p1a: Scrafty\n|-damage|p1a: Scrafty|45\/100\n|-unboost|p1a: Scrafty|atk|1\n|move|p1a: Scrafty|Drain Punch|p2a: Oasis\n|-immune|p2a: Oasis\n|\n|-heal|p1a: Scrafty|51\/100|[from] item: Leftovers\n|upkeep\n|turn|32\n|\n|t:|1699713060\n|move|p2a: Oasis|Bitter Malice|p1a: Scrafty\n|-resisted|p1a: Scrafty\n|-damage|p1a: Scrafty|39\/100\n|-unboost|p1a: Scrafty|atk|1\n|move|p1a: Scrafty|Bulk Up|p1a: Scrafty\n|-boost|p1a: Scrafty|atk|1\n|-boost|p1a: Scrafty|def|0\n|\n|-heal|p1a: Scrafty|45\/100|[from] item: Leftovers\n|upkeep\n|turn|33\n|\n|t:|1699713072\n|move|p2a: Oasis|Bitter Malice|p1a: Scrafty\n|-resisted|p1a: Scrafty\n|-damage|p1a: Scrafty|31\/100\n|-unboost|p1a: Scrafty|atk|1\n|move|p1a: Scrafty|Bulk Up|p1a: Scrafty\n|-boost|p1a: Scrafty|atk|1\n|-boost|p1a: Scrafty|def|0\n|\n|-heal|p1a: Scrafty|37\/100|[from] item: Leftovers\n|upkeep\n|turn|34\n|\n|t:|1699713085\n|move|p2a: Oasis|Bitter Malice|p1a: Scrafty\n|-resisted|p1a: Scrafty\n|-damage|p1a: Scrafty|24\/100\n|-unboost|p1a: Scrafty|atk|1\n|move|p1a: Scrafty|Knock Off|p2a: Oasis\n|-supereffective|p2a: Oasis\n|-damage|p2a: Oasis|0 fnt\n|replace|p2a: Wisp|Zoroark-Hisui, M, shiny\n|-end|p2a: Wisp|Illusion\n|-enditem|p2a: Wisp|Assault Vest|[from] move: Knock Off|[of] p1a: Scrafty\n|faint|p2a: Wisp\n|\n|-heal|p1a: Scrafty|30\/100|[from] item: Leftovers\n|upkeep\n|\n|t:|1699713098\n|switch|p2a: Oasis|Torterra, M|100\/100\n|-damage|p2a: Oasis|94\/100|[from] Stealth Rock\n|turn|35\n|\n|t:|1699713105\n|move|p1a: Scrafty|Drain Punch|p2a: Oasis\n|-damage|p2a: Oasis|82\/100\n|-heal|p1a: Scrafty|36\/100|[from] drain|[of] p2a: Oasis\n|-damage|p1a: Scrafty|20\/100|[from] item: Rocky Helmet|[of] p2a: Oasis\n|move|p2a: Oasis|Stomping Tantrum|p1a: Scrafty\n|-damage|p1a: Scrafty|8\/100\n|\n|-heal|p1a: Scrafty|14\/100|[from] item: Leftovers\n|upkeep\n|turn|36\n|\n|t:|1699713114\n|move|p1a: Scrafty|Rest|p1a: Scrafty\n|-status|p1a: Scrafty|slp|[from] move: Rest\n|-heal|p1a: Scrafty|100\/100 slp|[silent]\n|move|p2a: Oasis|Leech Seed|p1a: Scrafty\n|-start|p1a: Scrafty|move: Leech Seed\n|\n|-damage|p1a: Scrafty|88\/100 slp|[from] Leech Seed|[of] p2a: Oasis\n|-heal|p2a: Oasis|94\/100|[silent]\n|upkeep\n|turn|37\n|\n|t:|1699713124\n|cant|p1a: Scrafty|slp\n|move|p2a: Oasis|Toxic||[still]\n|-fail|p2a: Oasis\n|\n|-heal|p1a: Scrafty|94\/100 slp|[from] item: Leftovers\n|-damage|p1a: Scrafty|82\/100 slp|[from] Leech Seed|[of] p2a: Oasis\n|-heal|p2a: Oasis|100\/100|[silent]\n|upkeep\n|turn|38\n|\n|t:|1699713131\n|cant|p1a: Scrafty|slp\n|move|p2a: Oasis|Stomping Tantrum|p1a: Scrafty\n|-damage|p1a: Scrafty|69\/100 slp\n|\n|-heal|p1a: Scrafty|75\/100 slp|[from] item: Leftovers\n|-damage|p1a: Scrafty|63\/100 slp|[from] Leech Seed|[of] p2a: Oasis\n|upkeep\n|turn|39\n|\n|t:|1699713138\n|-curestatus|p1a: Scrafty|slp|[msg]\n|move|p1a: Scrafty|Bulk Up|p1a: Scrafty\n|-boost|p1a: Scrafty|atk|1\n|-boost|p1a: Scrafty|def|0\n|move|p2a: Oasis|Toxic|p1a: Scrafty\n|-status|p1a: Scrafty|tox\n|\n|-heal|p1a: Scrafty|69\/100 tox|[from] item: Leftovers\n|-damage|p1a: Scrafty|57\/100 tox|[from] Leech Seed|[of] p2a: Oasis\n|-damage|p1a: Scrafty|51\/100 tox|[from] psn\n|upkeep\n|turn|40\n|\n|t:|1699713149\n|move|p1a: Scrafty|Rest|p1a: Scrafty\n|-status|p1a: Scrafty|slp|[from] move: Rest\n|-heal|p1a: Scrafty|100\/100 slp|[silent]\n|move|p2a: Oasis|Leech Seed||[still]\n|-fail|p2a: Oasis\n|\n|-activate|p1a: Scrafty|ability: Shed Skin\n|-curestatus|p1a: Scrafty|slp|[msg]\n|-damage|p1a: Scrafty|88\/100|[from] Leech Seed|[of] p2a: Oasis\n|upkeep\n|turn|41\n|\n|t:|1699713159\n|move|p1a: Scrafty|Bulk Up|p1a: Scrafty\n|-boost|p1a: Scrafty|atk|1\n|-boost|p1a: Scrafty|def|0\n|move|p2a: Oasis|Toxic|p1a: Scrafty\n|-status|p1a: Scrafty|tox\n|\n|-heal|p1a: Scrafty|94\/100 tox|[from] item: Leftovers\n|-damage|p1a: Scrafty|82\/100 tox|[from] Leech Seed|[of] p2a: Oasis\n|-damage|p1a: Scrafty|76\/100 tox|[from] psn\n|upkeep\n|turn|42\n|\n|t:|1699713170\n|move|p1a: Scrafty|Bulk Up|p1a: Scrafty\n|-boost|p1a: Scrafty|atk|1\n|-boost|p1a: Scrafty|def|0\n|move|p2a: Oasis|Leech Seed|p1a: Scrafty|[miss]\n|-miss|p2a: Oasis|p1a: Scrafty\n|\n|-activate|p1a: Scrafty|ability: Shed Skin\n|-curestatus|p1a: Scrafty|tox|[msg]\n|-heal|p1a: Scrafty|82\/100|[from] item: Leftovers\n|-damage|p1a: Scrafty|70\/100|[from] Leech Seed|[of] p2a: Oasis\n|upkeep\n|turn|43\n|\n|t:|1699713181\n|move|p1a: Scrafty|Bulk Up|p1a: Scrafty\n|-boost|p1a: Scrafty|atk|1\n|-boost|p1a: Scrafty|def|0\n|move|p2a: Oasis|Stomping Tantrum|p1a: Scrafty\n|-damage|p1a: Scrafty|55\/100\n|\n|-heal|p1a: Scrafty|61\/100|[from] item: Leftovers\n|-damage|p1a: Scrafty|49\/100|[from] Leech Seed|[of] p2a: Oasis\n|upkeep\n|turn|44\n|\n|t:|1699713192\n|move|p1a: Scrafty|Bulk Up|p1a: Scrafty\n|-boost|p1a: Scrafty|atk|1\n|-boost|p1a: Scrafty|def|0\n|move|p2a: Oasis|Toxic|p1a: Scrafty|[miss]\n|-miss|p2a: Oasis|p1a: Scrafty\n|\n|-heal|p1a: Scrafty|55\/100|[from] item: Leftovers\n|-damage|p1a: Scrafty|43\/100|[from] Leech Seed|[of] p2a: Oasis\n|upkeep\n|turn|45\n|\n|t:|1699713200\n|move|p1a: Scrafty|Drain Punch|p2a: Oasis\n|-damage|p2a: Oasis|53\/100\n|-heal|p1a: Scrafty|68\/100|[from] drain|[of] p2a: Oasis\n|-damage|p1a: Scrafty|52\/100|[from] item: Rocky Helmet|[of] p2a: Oasis\n|move|p2a: Oasis|Toxic|p1a: Scrafty\n|-status|p1a: Scrafty|tox\n|\n|-heal|p1a: Scrafty|58\/100 tox|[from] item: Leftovers\n|-damage|p1a: Scrafty|45\/100 tox|[from] Leech Seed|[of] p2a: Oasis\n|-heal|p2a: Oasis|64\/100|[silent]\n|-damage|p1a: Scrafty|39\/100 tox|[from] psn\n|upkeep\n|turn|46\n|\n|t:|1699713212\n|move|p1a: Scrafty|Rest|p1a: Scrafty\n|-status|p1a: Scrafty|slp|[from] move: Rest\n|-heal|p1a: Scrafty|100\/100 slp|[silent]\n|move|p2a: Oasis|Stomping Tantrum|p1a: Scrafty\n|-damage|p1a: Scrafty|94\/100 slp\n|\n|-heal|p1a: Scrafty|99\/100 slp|[from] item: Leftovers\n|-damage|p1a: Scrafty|88\/100 slp|[from] Leech Seed|[of] p2a: Oasis\n|-heal|p2a: Oasis|76\/100|[silent]\n|upkeep\n|turn|47\n|\n|t:|1699713223\n|switch|p2a: Axon|Reuniclus, M, shiny|100\/100\n|cant|p1a: Scrafty|slp\n|\n|-activate|p1a: Scrafty|ability: Shed Skin\n|-curestatus|p1a: Scrafty|slp|[msg]\n|-heal|p1a: Scrafty|94\/100|[from] item: Leftovers\n|-damage|p1a: Scrafty|81\/100|[from] Leech Seed|[of] p2a: Axon\n|upkeep\n|turn|48\n|\n|t:|1699713232\n|move|p1a: Scrafty|Knock Off|p2a: Axon\n|-supereffective|p2a: Axon\n|-damage|p2a: Axon|0 fnt\n|-enditem|p2a: Axon|Life Orb|[from] move: Knock Off|[of] p1a: Scrafty\n|faint|p2a: Axon\n|\n|-heal|p1a: Scrafty|87\/100|[from] item: Leftovers\n|upkeep\n|c|\u2606thetruemidnight|shiny\n|\n|t:|1699713238\n|switch|p2a: Oasis|Torterra, M|76\/100\n|-damage|p2a: Oasis|70\/100|[from] Stealth Rock\n|turn|49\n|\n|t:|1699713244\n|move|p1a: Scrafty|Knock Off|p2a: Oasis\n|-damage|p2a: Oasis|0 fnt\n|-damage|p1a: Scrafty|71\/100|[from] item: Rocky Helmet|[of] p2a: Oasis\n|-enditem|p2a: Oasis|Rocky Helmet|[from] move: Knock Off|[of] p1a: Scrafty\n|faint|p2a: Oasis\n|\n|win|thetruemidnight\n|raw|thetruemidnight's rating: 1081 &rarr; <strong>1117<\/strong><br \/>(+36 for winning)\n|raw|Sithstorm's rating: 1181 &rarr; <strong>1149<\/strong><br \/>(-32 for losing)\n","uploadtime":1699713252,"views":20,"p1id":"thetruemidnight","p2id":"sithstorm","formatid":"gen9nationaldex","rating":1117,"private":0,"password":""}