{"id":"gen9nationaldex-1989307757","p1":"Squishy27","p2":"ANDRESJOSE1998","format":"[Gen 9] National Dex","log":"|j|\u2606Squishy27\n|j|\u2606ANDRESJOSE1998\n|t:|1699834527\n|gametype|singles\n|player|p1|Squishy27|backpacker|1005\n|player|p2|ANDRESJOSE1998|266|1045\n|teamsize|p1|5\n|teamsize|p2|6\n|gen|9\n|tier|[Gen 9] National Dex\n|rated|\n|rule|HP Percentage Mod: HP is shown in percentages\n|rule|Endless Battle Clause: Forcing endless battles is banned\n|rule|OHKO Clause: OHKO moves are banned\n|rule|Evasion Clause: Evasion abilities, items, and moves are banned\n|rule|Evasion Abilities Clause: Evasion abilities are banned\n|rule|Evasion Items Clause: Evasion items are banned\n|rule|Evasion Moves Clause: Evasion moves are banned\n|rule|Species Clause: Limit one of each Pok\u00e9mon\n|rule|Sleep Clause Mod: Limit one foe put to sleep\n|clearpoke\n|poke|p1|Shuckle, M|\n|poke|p1|Lilligant, F|\n|poke|p1|Krookodile, M|\n|poke|p1|Eiscue, M|\n|poke|p1|Lopunny, F|\n|poke|p2|Goodra-Hisui, M|\n|poke|p2|Volcarona, M|\n|poke|p2|Grimmsnarl, M|\n|poke|p2|Gallade, M|\n|poke|p2|Entei|\n|poke|p2|Serperior, M|\n|teampreview\n|\n|t:|1699834534\n|start\n|switch|p1a: Shuckle|Shuckle, M, shiny|100\/100\n|switch|p2a: Grimmsnarl|Grimmsnarl, M|100\/100\n|turn|1\n|\n|t:|1699834541\n|move|p2a: Grimmsnarl|Light Screen|p2a: Grimmsnarl\n|-sidestart|p2: ANDRESJOSE1998|move: Light Screen\n|move|p1a: Shuckle|Sticky Web|p2a: Grimmsnarl\n|-sidestart|p2: ANDRESJOSE1998|move: Sticky Web\n|\n|upkeep\n|turn|2\n|\n|t:|1699834545\n|move|p2a: Grimmsnarl|Reflect|p2a: Grimmsnarl\n|-sidestart|p2: ANDRESJOSE1998|Reflect\n|move|p1a: Shuckle|Toxic|p2a: Grimmsnarl\n|-status|p2a: Grimmsnarl|tox\n|\n|-damage|p2a: Grimmsnarl|94\/100 tox|[from] psn\n|upkeep\n|turn|3\n|\n|t:|1699834550\n|switch|p2a: Goodra|Goodra-Hisui, M|100\/100\n|-activate|p2a: Goodra|move: Sticky Web\n|-unboost|p2a: Goodra|spe|1\n|move|p1a: Shuckle|Stealth Rock|p2a: Goodra\n|-sidestart|p2: ANDRESJOSE1998|move: Stealth Rock\n|\n|upkeep\n|turn|4\n|\n|t:|1699834565\n|switch|p1a: Lopunny|Lopunny, F, shiny|100\/100\n|move|p2a: Goodra|Curse|p2a: Goodra\n|-unboost|p2a: Goodra|spe|1\n|-boost|p2a: Goodra|atk|1\n|-boost|p2a: Goodra|def|1\n|\n|upkeep\n|turn|5\n|\n|t:|1699834595\n|detailschange|p1a: Lopunny|Lopunny-Mega, F, shiny\n|-mega|p1a: Lopunny|Lopunny|Lopunnite\n|-terastallize|p2a: Goodra|Ground\n|move|p1a: Lopunny|Fake Out|p2a: Goodra\n|-damage|p2a: Goodra|93\/100\n|cant|p2a: Goodra|flinch\n|\n|-heal|p2a: Goodra|99\/100|[from] item: Leftovers\n|upkeep\n|turn|6\n|\n|t:|1699834625\n|move|p1a: Lopunny|U-turn|p2a: Goodra\n|-damage|p2a: Goodra|90\/100\n|\n|t:|1699834631\n|switch|p1a: Shuckle|Shuckle, M, shiny|100\/100|[from] U-turn\n|move|p2a: Goodra|Gyro Ball|p1a: Shuckle\n|-supereffective|p1a: Shuckle\n|-crit|p1a: Shuckle\n|-damage|p1a: Shuckle|70\/100\n|\n|-heal|p2a: Goodra|96\/100|[from] item: Leftovers\n|-heal|p1a: Shuckle|76\/100|[from] item: Leftovers\n|upkeep\n|turn|7\n|\n|t:|1699834644\n|move|p2a: Goodra|Curse|p2a: Goodra\n|-unboost|p2a: Goodra|spe|1\n|-boost|p2a: Goodra|atk|1\n|-boost|p2a: Goodra|def|1\n|move|p1a: Shuckle|Toxic|p2a: Goodra\n|-status|p2a: Goodra|tox\n|\n|-heal|p2a: Goodra|100\/100 tox|[from] item: Leftovers\n|-heal|p1a: Shuckle|82\/100|[from] item: Leftovers\n|-damage|p2a: Goodra|95\/100 tox|[from] psn\n|upkeep\n|turn|8\n|\n|t:|1699834655\n|move|p1a: Shuckle|Protect|p1a: Shuckle\n|-singleturn|p1a: Shuckle|Protect\n|move|p2a: Goodra|Body Press|p1a: Shuckle\n|-activate|p1a: Shuckle|move: Protect\n|\n|-heal|p2a: Goodra|100\/100 tox|[from] item: Leftovers\n|-heal|p1a: Shuckle|88\/100|[from] item: Leftovers\n|-damage|p2a: Goodra|89\/100 tox|[from] psn\n|-sideend|p2: ANDRESJOSE1998|move: Light Screen\n|upkeep\n|turn|9\n|\n|t:|1699834690\n|move|p2a: Goodra|Earthquake|p1a: Shuckle\n|-damage|p1a: Shuckle|24\/100\n|move|p1a: Shuckle|Toxic|p2a: Goodra|[miss]\n|-miss|p1a: Shuckle|p2a: Goodra\n|\n|-heal|p2a: Goodra|95\/100 tox|[from] item: Leftovers\n|-heal|p1a: Shuckle|30\/100|[from] item: Leftovers\n|-damage|p2a: Goodra|77\/100 tox|[from] psn\n|-sideend|p2: ANDRESJOSE1998|Reflect\n|upkeep\n|turn|10\n|\n|t:|1699834699\n|move|p1a: Shuckle|Protect|p1a: Shuckle\n|-singleturn|p1a: Shuckle|Protect\n|move|p2a: Goodra|Earthquake|p1a: Shuckle\n|-activate|p1a: Shuckle|move: Protect\n|\n|-heal|p2a: Goodra|83\/100 tox|[from] item: Leftovers\n|-heal|p1a: Shuckle|36\/100|[from] item: Leftovers\n|-damage|p2a: Goodra|59\/100 tox|[from] psn\n|upkeep\n|turn|11\n|\n|t:|1699834721\n|move|p2a: Goodra|Curse|p2a: Goodra\n|-unboost|p2a: Goodra|spe|1\n|-boost|p2a: Goodra|atk|1\n|-boost|p2a: Goodra|def|1\n|move|p1a: Shuckle|Toxic|p2a: Goodra\n|-fail|p2a: Goodra|tox\n|\n|-heal|p1a: Shuckle|42\/100|[from] item: Leftovers\n|-heal|p2a: Goodra|65\/100 tox|[from] item: Leftovers\n|-damage|p2a: Goodra|35\/100 tox|[from] psn\n|upkeep\n|turn|12\n|\n|t:|1699834731\n|move|p1a: Shuckle|Protect|p1a: Shuckle\n|-singleturn|p1a: Shuckle|Protect\n|move|p2a: Goodra|Earthquake|p1a: Shuckle\n|-activate|p1a: Shuckle|move: Protect\n|\n|-heal|p1a: Shuckle|48\/100|[from] item: Leftovers\n|-heal|p2a: Goodra|41\/100 tox|[from] item: Leftovers\n|-damage|p2a: Goodra|5\/100 tox|[from] psn\n|upkeep\n|turn|13\n|\n|t:|1699834755\n|move|p1a: Shuckle|Toxic|p2a: Goodra\n|-fail|p2a: Goodra|tox\n|move|p2a: Goodra|Earthquake|p1a: Shuckle\n|-damage|p1a: Shuckle|0 fnt\n|faint|p1a: Shuckle\n|\n|-heal|p2a: Goodra|11\/100 tox|[from] item: Leftovers\n|-damage|p2a: Goodra|0 fnt|[from] psn\n|faint|p2a: Goodra\n|upkeep\n|\n|t:|1699834800\n|switch|p2a: Serperior|Serperior, M|100\/100\n|switch|p1a: Eiscue|Eiscue, M, shiny|100\/100\n|-activate|p2a: Serperior|move: Sticky Web\n|-boost|p2a: Serperior|spe|1\n|-damage|p2a: Serperior|88\/100|[from] Stealth Rock\n|turn|14\n|\n|t:|1699834808\n|move|p2a: Serperior|Glare|p1a: Eiscue\n|-status|p1a: Eiscue|par\n|move|p1a: Eiscue|Belly Drum|p1a: Eiscue\n|-damage|p1a: Eiscue|50\/100 par\n|-setboost|p1a: Eiscue|atk|6|[from] move: Belly Drum\n|\n|upkeep\n|turn|15\n|\n|t:|1699834829\n|move|p2a: Serperior|Dragon Pulse|p1a: Eiscue\n|-damage|p1a: Eiscue|32\/100 par\n|move|p1a: Eiscue|Ice Spinner|p2a: Serperior\n|-supereffective|p2a: Serperior\n|-damage|p2a: Serperior|0 fnt\n|faint|p2a: Serperior\n|-damage|p1a: Eiscue|22\/100 par|[from] item: Life Orb\n|\n|upkeep\n|\n|t:|1699834884\n|switch|p2a: Volcarona|Volcarona, M|100\/100\n|turn|16\n|\n|t:|1699834891\n|move|p2a: Volcarona|Quiver Dance|p2a: Volcarona\n|-boost|p2a: Volcarona|spa|1\n|-boost|p2a: Volcarona|spd|1\n|-boost|p2a: Volcarona|spe|1\n|move|p1a: Eiscue|Waterfall|p2a: Volcarona\n|-supereffective|p2a: Volcarona\n|-damage|p2a: Volcarona|0 fnt\n|faint|p2a: Volcarona\n|-damage|p1a: Eiscue|12\/100 par|[from] item: Life Orb\n|\n|upkeep\n|\n|t:|1699834913\n|switch|p2a: Grimmsnarl|Grimmsnarl, M|94\/100 tox\n|-activate|p2a: Grimmsnarl|move: Sticky Web\n|-unboost|p2a: Grimmsnarl|spe|1\n|-damage|p2a: Grimmsnarl|82\/100 tox|[from] Stealth Rock\n|turn|17\n|\n|t:|1699834919\n|move|p2a: Grimmsnarl|Reflect|p2a: Grimmsnarl\n|-sidestart|p2: ANDRESJOSE1998|Reflect\n|move|p1a: Eiscue|Iron Head|p2a: Grimmsnarl\n|-supereffective|p2a: Grimmsnarl\n|-damage|p2a: Grimmsnarl|0 fnt\n|faint|p2a: Grimmsnarl\n|-damage|p1a: Eiscue|2\/100 par|[from] item: Life Orb\n|\n|upkeep\n|\n|t:|1699834935\n|switch|p2a: Gallade|Gallade, M|100\/100\n|-activate|p2a: Gallade|move: Sticky Web\n|-unboost|p2a: Gallade|spe|1\n|-damage|p2a: Gallade|94\/100|[from] Stealth Rock\n|turn|18\n|\n|t:|1699834953\n|detailschange|p2a: Gallade|Gallade-Mega, M\n|-mega|p2a: Gallade|Gallade|Galladite\n|move|p2a: Gallade|Swords Dance|p2a: Gallade\n|-boost|p2a: Gallade|atk|2\n|move|p1a: Eiscue|Ice Spinner|p2a: Gallade\n|-damage|p2a: Gallade|0 fnt\n|faint|p2a: Gallade\n|-damage|p1a: Eiscue|0 fnt|[from] item: Life Orb\n|faint|p1a: Eiscue\n|\n|upkeep\n|\n|t:|1699835008\n|switch|p2a: Entei|Entei, shiny|100\/100\n|switch|p1a: Lopunny|Lopunny-Mega, F, shiny|100\/100\n|-activate|p2a: Entei|move: Sticky Web\n|-unboost|p2a: Entei|spe|1\n|-damage|p2a: Entei|76\/100|[from] Stealth Rock\n|turn|19\n|\n|t:|1699835015\n|move|p1a: Lopunny|Fake Out|p2a: Entei\n|-damage|p2a: Entei|65\/100\n|move|p2a: Entei|Sacred Fire|p1a: Lopunny\n|-crit|p1a: Lopunny\n|-damage|p1a: Lopunny|0 fnt\n|faint|p1a: Lopunny\n|\n|-heal|p2a: Entei|71\/100|[from] item: Leftovers\n|upkeep\n|\n|t:|1699835024\n|switch|p1a: Krookodile|Krookodile, M, shiny|100\/100\n|turn|20\n|\n|t:|1699835094\n|move|p1a: Krookodile|Earthquake|p2a: Entei\n|-supereffective|p2a: Entei\n|-damage|p2a: Entei|33\/100\n|move|p2a: Entei|Sacred Fire|p1a: Krookodile\n|-damage|p1a: Krookodile|48\/100\n|\n|-heal|p2a: Entei|39\/100|[from] item: Leftovers\n|upkeep\n|turn|21\n|\n|t:|1699835102\n|move|p1a: Krookodile|Earthquake|p2a: Entei\n|-supereffective|p2a: Entei\n|-damage|p2a: Entei|5\/100\n|move|p2a: Entei|Mimic|p1a: Krookodile\n|-start|p2a: Entei|Mimic|Earthquake\n|\n|-heal|p2a: Entei|11\/100|[from] item: Leftovers\n|upkeep\n|turn|22\n|\n|t:|1699835124\n|move|p1a: Krookodile|Earthquake|p2a: Entei\n|-supereffective|p2a: Entei\n|-damage|p2a: Entei|0 fnt\n|faint|p2a: Entei\n|\n|win|Squishy27\n|raw|Squishy27's rating: 1005 &rarr; <strong>1049<\/strong><br \/>(+44 for winning)\n|raw|ANDRESJOSE1998's rating: 1045 &rarr; <strong>1026<\/strong><br \/>(-19 for losing)\n|l|\u2606ANDRESJOSE1998\n","uploadtime":1699835133,"views":28,"p1id":"squishy27","p2id":"andresjose1998","formatid":"gen9nationaldex","rating":1026,"private":0,"password":""}