{"id":"gen9nationaldex-1987478368","p1":"konl","p2":"IceBerryCoffee","format":"[Gen 9] National Dex","log":"|j|\u2606konl\n|j|\u2606IceBerryCoffee\n|t:|1699598277\n|gametype|singles\n|player|p1|konl|bugcatcher-gen4dp|1323\n|player|p2|IceBerryCoffee|169|1333\n|teamsize|p1|6\n|teamsize|p2|6\n|gen|9\n|tier|[Gen 9] National Dex\n|rated|\n|rule|HP Percentage Mod: HP is shown in percentages\n|rule|Endless Battle Clause: Forcing endless battles is banned\n|rule|OHKO Clause: OHKO moves are banned\n|rule|Evasion Clause: Evasion abilities, items, and moves are banned\n|rule|Evasion Abilities Clause: Evasion abilities are banned\n|rule|Evasion Items Clause: Evasion items are banned\n|rule|Evasion Moves Clause: Evasion moves are banned\n|rule|Species Clause: Limit one of each Pok\u00e9mon\n|rule|Sleep Clause Mod: Limit one foe put to sleep\n|clearpoke\n|poke|p1|Slowking-Galar, F|\n|poke|p1|Meowscarada, F|\n|poke|p1|Heatran, F|\n|poke|p1|Cloyster, F|\n|poke|p1|Kommo-o, F|\n|poke|p1|Garganacl, F|\n|poke|p2|Scizor, F|\n|poke|p2|Great Tusk|\n|poke|p2|Volcarona, F|\n|poke|p2|Landorus-Therian, M|\n|poke|p2|Munkidori, M|\n|poke|p2|Zoroark-Hisui, M|\n|teampreview\n|\n|t:|1699598288\n|start\n|switch|p1a: Kommo-o|Kommo-o, F|100\/100\n|switch|p2a: Scizor|Scizor, F|100\/100\n|turn|1\n|inactive|Battle timer is ON: inactive players will automatically lose when time's up. (requested by IceBerryCoffee)\n|\n|t:|1699598297\n|move|p2a: Scizor|Shadow Ball|p1a: Kommo-o\n|-immune|p1a: Kommo-o|[from] ability: Bulletproof\n|move|p1a: Kommo-o|Flamethrower|p2a: Scizor\n|-damage|p2a: Scizor|40\/100\n|replace|p2a: Zoroark|Zoroark-Hisui, M\n|-end|p2a: Zoroark|Illusion\n|\n|upkeep\n|turn|2\n|\n|t:|1699598308\n|switch|p2a: Landorus|Landorus-Therian, M|100\/100\n|-ability|p2a: Landorus|Intimidate|boost\n|-unboost|p1a: Kommo-o|atk|1\n|move|p1a: Kommo-o|Clangorous Soul|p1a: Kommo-o\n|-boost|p1a: Kommo-o|atk|1\n|-boost|p1a: Kommo-o|def|1\n|-boost|p1a: Kommo-o|spa|1\n|-boost|p1a: Kommo-o|spd|1\n|-boost|p1a: Kommo-o|spe|1\n|-damage|p1a: Kommo-o|68\/100\n|-enditem|p1a: Kommo-o|Throat Spray\n|-boost|p1a: Kommo-o|spa|1|[from] item: Throat Spray\n|\n|upkeep\n|turn|3\n|\n|t:|1699598320\n|move|p1a: Kommo-o|Boomburst|p2a: Landorus\n|-damage|p2a: Landorus|11\/100\n|move|p2a: Landorus|Toxic|p1a: Kommo-o\n|-status|p1a: Kommo-o|tox\n|\n|-damage|p1a: Kommo-o|62\/100 tox|[from] psn\n|upkeep\n|turn|4\n|\n|t:|1699598329\n|switch|p2a: Scizor|Scizor, F|40\/100\n|move|p1a: Kommo-o|Clanging Scales|p2a: Scizor\n|-damage|p2a: Scizor|0 fnt\n|replace|p2a: Zoroark|Zoroark-Hisui, M\n|-end|p2a: Zoroark|Illusion\n|faint|p2a: Zoroark\n|-unboost|p1a: Kommo-o|def|1\n|\n|-damage|p1a: Kommo-o|49\/100 tox|[from] psn\n|upkeep\n|\n|t:|1699598339\n|switch|p2a: Munkidori|Munkidori, M|100\/100\n|turn|5\n|\n|t:|1699598349\n|move|p2a: Munkidori|Psychic|p1a: Kommo-o\n|-supereffective|p1a: Kommo-o\n|-damage|p1a: Kommo-o|0 fnt\n|faint|p1a: Kommo-o\n|\n|upkeep\n|\n|t:|1699598353\n|switch|p1a: Slowking|Slowking-Galar, F|100\/100\n|turn|6\n|\n|t:|1699598360\n|switch|p2a: Landorus|Landorus-Therian, M|11\/100\n|-ability|p2a: Landorus|Intimidate|boost\n|-unboost|p1a: Slowking|atk|1\n|move|p1a: Slowking|Scald|p2a: Landorus\n|-supereffective|p2a: Landorus\n|-damage|p2a: Landorus|0 fnt\n|faint|p2a: Landorus\n|\n|upkeep\n|\n|t:|1699598376\n|switch|p2a: Great Tusk|Great Tusk|100\/100\n|turn|7\n|\n|t:|1699598387\n|-terastallize|p2a: Great Tusk|Water\n|move|p2a: Great Tusk|Headlong Rush|p1a: Slowking\n|-supereffective|p1a: Slowking\n|-damage|p1a: Slowking|0 fnt\n|-unboost|p2a: Great Tusk|def|1\n|-unboost|p2a: Great Tusk|spd|1\n|faint|p1a: Slowking\n|\n|upkeep\n|\n|t:|1699598396\n|switch|p1a: Meowscarada|Meowscarada, F|100\/100\n|turn|8\n|\n|t:|1699598403\n|-end|p2a: Great Tusk|Protosynthesis|[silent]\n|switch|p2a: Volcarona|Volcarona, F|100\/100\n|move|p1a: Meowscarada|Flower Trick|p2a: Volcarona\n|-start|p1a: Meowscarada|typechange|Grass|[from] ability: Protean\n|-resisted|p2a: Volcarona\n|-crit|p2a: Volcarona\n|-damage|p2a: Volcarona|81\/100\n|\n|upkeep\n|turn|9\n|\n|t:|1699598413\n|switch|p1a: Heatran|Heatran, F|100\/100\n|switch|p2a: Great Tusk|Great Tusk, tera:Water|100\/100\n|\n|upkeep\n|turn|10\n|\n|t:|1699598423\n|switch|p1a: Meowscarada|Meowscarada, F|100\/100\n|move|p2a: Great Tusk|Close Combat|p1a: Meowscarada\n|-supereffective|p1a: Meowscarada\n|-damage|p1a: Meowscarada|0 fnt\n|-unboost|p2a: Great Tusk|def|1\n|-unboost|p2a: Great Tusk|spd|1\n|faint|p1a: Meowscarada\n|\n|upkeep\n|\n|t:|1699598433\n|switch|p1a: Garganacl|Garganacl, F|100\/100\n|turn|11\n|\n|t:|1699598445\n|-end|p2a: Great Tusk|Protosynthesis|[silent]\n|switch|p2a: Scizor|Scizor, F|100\/100\n|-terastallize|p1a: Garganacl|Ghost\n|move|p1a: Garganacl|Fling|p2a: Scizor\n|-damage|p2a: Scizor|93\/100\n|-status|p2a: Scizor|brn\n|-enditem|p1a: Garganacl|Flame Orb|[from] move: Fling\n|\n|-damage|p2a: Scizor|87\/100 brn|[from] brn\n|upkeep\n|turn|12\n|\n|t:|1699598456\n|detailschange|p2a: Scizor|Scizor-Mega, F\n|-mega|p2a: Scizor|Scizor|Scizorite\n|move|p2a: Scizor|Swords Dance|p2a: Scizor\n|-boost|p2a: Scizor|atk|2\n|move|p1a: Garganacl|Salt Cure|p2a: Scizor\n|-damage|p2a: Scizor|78\/100 brn\n|-start|p2a: Scizor|Salt Cure\n|\n|-damage|p2a: Scizor|71\/100 brn|[from] brn\n|-damage|p2a: Scizor|46\/100 brn|[from] Salt Cure\n|upkeep\n|turn|13\n|\n|t:|1699598467\n|switch|p1a: Heatran|Heatran, F|100\/100\n|move|p2a: Scizor|Bullet Punch|p1a: Heatran\n|-resisted|p1a: Heatran\n|-damage|p1a: Heatran|93\/100\n|\n|-heal|p1a: Heatran|99\/100|[from] item: Leftovers\n|-damage|p2a: Scizor|40\/100 brn|[from] brn\n|-damage|p2a: Scizor|15\/100 brn|[from] Salt Cure\n|upkeep\n|turn|14\n|\n|t:|1699598482\n|move|p2a: Scizor|Close Combat|p1a: Heatran\n|-supereffective|p1a: Heatran\n|-damage|p1a: Heatran|19\/100\n|-unboost|p2a: Scizor|def|1\n|-unboost|p2a: Scizor|spd|1\n|move|p1a: Heatran|Lava Plume|p2a: Scizor\n|-supereffective|p2a: Scizor\n|-damage|p2a: Scizor|0 fnt\n|faint|p2a: Scizor\n|\n|-heal|p1a: Heatran|26\/100|[from] item: Leftovers\n|upkeep\n|\n|t:|1699598499\n|switch|p2a: Great Tusk|Great Tusk, tera:Water|100\/100\n|turn|15\n|\n|t:|1699598504\n|switch|p1a: Cloyster|Cloyster, F|100\/100\n|move|p2a: Great Tusk|Headlong Rush|p1a: Cloyster\n|-damage|p1a: Cloyster|56\/100\n|-unboost|p2a: Great Tusk|def|1\n|-unboost|p2a: Great Tusk|spd|1\n|\n|upkeep\n|turn|16\n|\n|t:|1699598513\n|move|p2a: Great Tusk|Close Combat|p1a: Cloyster\n|-supereffective|p1a: Cloyster\n|-damage|p1a: Cloyster|0 fnt\n|-unboost|p2a: Great Tusk|def|1\n|-unboost|p2a: Great Tusk|spd|1\n|faint|p1a: Cloyster\n|\n|upkeep\n|\n|t:|1699598517\n|switch|p1a: Garganacl|Garganacl, F, tera:Ghost|100\/100\n|turn|17\n|\n|t:|1699598526\n|-end|p2a: Great Tusk|Protosynthesis|[silent]\n|switch|p2a: Munkidori|Munkidori, M|100\/100\n|move|p1a: Garganacl|Salt Cure|p2a: Munkidori\n|-damage|p2a: Munkidori|81\/100\n|-start|p2a: Munkidori|Salt Cure\n|\n|-damage|p2a: Munkidori|69\/100|[from] Salt Cure\n|upkeep\n|turn|18\n|\n|t:|1699598538\n|move|p2a: Munkidori|Psychic|p1a: Garganacl\n|-damage|p1a: Garganacl|67\/100\n|move|p1a: Garganacl|Salt Cure|p2a: Munkidori\n|-damage|p2a: Munkidori|47\/100\n|\n|-damage|p2a: Munkidori|35\/100|[from] Salt Cure\n|upkeep\n|turn|19\n|\n|t:|1699598547\n|move|p2a: Munkidori|Psychic|p1a: Garganacl\n|-damage|p1a: Garganacl|31\/100\n|move|p1a: Garganacl|Salt Cure|p2a: Munkidori\n|-damage|p2a: Munkidori|16\/100\n|\n|-damage|p2a: Munkidori|3\/100|[from] Salt Cure\n|upkeep\n|turn|20\n|\n|t:|1699598554\n|move|p2a: Munkidori|Psychic|p1a: Garganacl\n|-damage|p1a: Garganacl|0 fnt\n|faint|p1a: Garganacl\n|\n|-damage|p2a: Munkidori|0 fnt|[from] Salt Cure\n|faint|p2a: Munkidori\n|upkeep\n|\n|t:|1699598561\n|switch|p2a: Great Tusk|Great Tusk, tera:Water|100\/100\n|switch|p1a: Heatran|Heatran, F|26\/100\n|turn|21\n|-message|konl forfeited.\n|\n|win|IceBerryCoffee\n|raw|konl's rating: 1323 &rarr; <strong>1304<\/strong><br \/>(-19 for losing)\n|raw|IceBerryCoffee's rating: 1333 &rarr; <strong>1352<\/strong><br \/>(+19 for winning)\n|l|\u2606konl\n","uploadtime":1699598568,"views":4,"p1id":"konl","p2id":"iceberrycoffee","formatid":"gen9nationaldex","rating":1304,"private":0,"password":""}