{"id":"gen9nationaldex-1993299250","p1":"wwaaa","p2":"DoctorFiraga","format":"[Gen 9] National Dex","log":"|j|\u2606wwaaa\n|j|\u2606DoctorFiraga\n|t:|1700293199\n|gametype|singles\n|player|p1|wwaaa|lillie-masters|1705\n|player|p2|DoctorFiraga|veteran|1690\n|teamsize|p1|6\n|teamsize|p2|6\n|gen|9\n|tier|[Gen 9] National Dex\n|rated|\n|rule|HP Percentage Mod: HP is shown in percentages\n|rule|Endless Battle Clause: Forcing endless battles is banned\n|rule|OHKO Clause: OHKO moves are banned\n|rule|Evasion Clause: Evasion abilities, items, and moves are banned\n|rule|Evasion Abilities Clause: Evasion abilities are banned\n|rule|Evasion Items Clause: Evasion items are banned\n|rule|Evasion Moves Clause: Evasion moves are banned\n|rule|Species Clause: Limit one of each Pok\u00e9mon\n|rule|Sleep Clause Mod: Limit one foe put to sleep\n|clearpoke\n|poke|p1|Weavile, M|\n|poke|p1|Zamazenta-*|\n|poke|p1|Banette, F|\n|poke|p1|Dragonite, M|\n|poke|p1|Slowking-Galar, M|\n|poke|p1|Ferrothorn, M|\n|poke|p2|Glimmora, M|\n|poke|p2|Ogerpon-Wellspring, F|\n|poke|p2|Scizor, F|\n|poke|p2|Garchomp, M|\n|poke|p2|Moltres|\n|poke|p2|Weavile, M|\n|teampreview\n|c|\u2606DoctorFiraga|Glhf\n|\n|t:|1700293213\n|start\n|switch|p1a: Ferrothorn|Ferrothorn, M|100\/100\n|switch|p2a: KFC|Moltres|100\/100\n|turn|1\n|\n|t:|1700293219\n|switch|p1a: Slowking|Slowking-Galar, M|100\/100\n|move|p2a: KFC|Flamethrower|p1a: Slowking\n|-crit|p1a: Slowking\n|-damage|p1a: Slowking|65\/100\n|\n|upkeep\n|turn|2\n|\n|t:|1700293233\n|switch|p2a: Red Genesect|Scizor, F|100\/100\n|move|p1a: Slowking|Chilly Reception|p1a: Slowking\n|-weather|Snow\n|\n|t:|1700293238\n|switch|p1a: Ferrothorn|Ferrothorn, M|100\/100|[from] Chilly Reception\n|\n|-weather|Snow|[upkeep]\n|upkeep\n|turn|3\n|\n|t:|1700293242\n|switch|p2a: KFC|Moltres|100\/100\n|move|p1a: Ferrothorn|Stealth Rock|p2a: KFC\n|-sidestart|p2: DoctorFiraga|move: Stealth Rock\n|\n|-weather|Snow|[upkeep]\n|upkeep\n|turn|4\n|\n|t:|1700293255\n|move|p2a: KFC|Flamethrower|p1a: Ferrothorn\n|-supereffective|p1a: Ferrothorn\n|-damage|p1a: Ferrothorn|0 fnt\n|faint|p1a: Ferrothorn\n|\n|-weather|Snow|[upkeep]\n|upkeep\n|j| xuxiansheng\n|\n|t:|1700293266\n|switch|p1a: Dragonite|Dragonite, M|100\/100\n|turn|5\n|\n|t:|1700293269\n|move|p1a: Dragonite|Dragon Dance|p1a: Dragonite\n|-boost|p1a: Dragonite|atk|1\n|-boost|p1a: Dragonite|spe|1\n|move|p2a: KFC|Will-O-Wisp|p1a: Dragonite\n|-status|p1a: Dragonite|brn\n|\n|-weather|Snow|[upkeep]\n|-damage|p1a: Dragonite|94\/100 brn|[from] brn\n|upkeep\n|turn|6\n|\n|t:|1700293275\n|move|p1a: Dragonite|Dragon Dance|p1a: Dragonite\n|-boost|p1a: Dragonite|atk|1\n|-boost|p1a: Dragonite|spe|1\n|move|p2a: KFC|Hurricane|p1a: Dragonite\n|-crit|p1a: Dragonite\n|-damage|p1a: Dragonite|23\/100 brn\n|\n|-weather|none\n|-damage|p1a: Dragonite|17\/100 brn|[from] brn\n|upkeep\n|turn|7\n|\n|t:|1700293284\n|move|p1a: Dragonite|Roost|p1a: Dragonite\n|-heal|p1a: Dragonite|67\/100 brn\n|-singleturn|p1a: Dragonite|move: Roost\n|move|p2a: KFC|Flamethrower|p1a: Dragonite\n|-resisted|p1a: Dragonite\n|-damage|p1a: Dragonite|49\/100 brn\n|\n|-damage|p1a: Dragonite|43\/100 brn|[from] brn\n|upkeep\n|turn|8\n|\n|t:|1700293290\n|move|p1a: Dragonite|Roost|p1a: Dragonite\n|-heal|p1a: Dragonite|93\/100 brn\n|-singleturn|p1a: Dragonite|move: Roost\n|move|p2a: KFC|Hurricane|p1a: Dragonite\n|-damage|p1a: Dragonite|45\/100 brn\n|\n|-damage|p1a: Dragonite|39\/100 brn|[from] brn\n|upkeep\n|turn|9\n|\n|t:|1700293296\n|move|p1a: Dragonite|Roost|p1a: Dragonite\n|-heal|p1a: Dragonite|89\/100 brn\n|-singleturn|p1a: Dragonite|move: Roost\n|move|p2a: KFC|Hurricane|p1a: Dragonite|[miss]\n|-miss|p2a: KFC|p1a: Dragonite\n|\n|-damage|p1a: Dragonite|83\/100 brn|[from] brn\n|upkeep\n|turn|10\n|\n|t:|1700293303\n|switch|p2a: HAZARDOUS|Glimmora, M|100\/100\n|-damage|p2a: HAZARDOUS|88\/100|[from] Stealth Rock\n|move|p1a: Dragonite|Dragon Dance|p1a: Dragonite\n|-boost|p1a: Dragonite|atk|1\n|-boost|p1a: Dragonite|spe|1\n|\n|-damage|p1a: Dragonite|77\/100 brn|[from] brn\n|upkeep\n|turn|11\n|\n|t:|1700293310\n|move|p1a: Dragonite|Earthquake|p2a: HAZARDOUS\n|-supereffective|p2a: HAZARDOUS\n|-damage|p2a: HAZARDOUS|0 fnt\n|-activate|p2a: HAZARDOUS|ability: Toxic Debris\n|-sidestart|p1: wwaaa|move: Toxic Spikes\n|faint|p2a: HAZARDOUS\n|\n|-damage|p1a: Dragonite|71\/100 brn|[from] brn\n|upkeep\n|\n|t:|1700293313\n|switch|p2a: No sword of ruin?|Weavile, M|100\/100\n|-damage|p2a: No sword of ruin?|76\/100|[from] Stealth Rock\n|-ability|p2a: No sword of ruin?|Pressure\n|turn|12\n|j| YJLF\n|\n|t:|1700293321\n|move|p1a: Dragonite|Extreme Speed|p2a: No sword of ruin?\n|-crit|p2a: No sword of ruin?\n|-damage|p2a: No sword of ruin?|0 fnt\n|faint|p2a: No sword of ruin?\n|\n|-damage|p1a: Dragonite|65\/100 brn|[from] brn\n|upkeep\n|\n|t:|1700293332\n|switch|p2a: Red Genesect|Scizor, F|100\/100\n|-damage|p2a: Red Genesect|88\/100|[from] Stealth Rock\n|turn|13\n|\n|t:|1700293336\n|detailschange|p2a: Red Genesect|Scizor-Mega, F\n|-mega|p2a: Red Genesect|Scizor|Scizorite\n|move|p2a: Red Genesect|Bullet Punch|p1a: Dragonite\n|-damage|p1a: Dragonite|25\/100 brn\n|move|p1a: Dragonite|Earthquake|p2a: Red Genesect\n|-damage|p2a: Red Genesect|52\/100\n|\n|-damage|p1a: Dragonite|18\/100 brn|[from] brn\n|upkeep\n|turn|14\n|\n|t:|1700293349\n|move|p1a: Dragonite|Extreme Speed|p2a: Red Genesect\n|-resisted|p2a: Red Genesect\n|-damage|p2a: Red Genesect|38\/100\n|move|p2a: Red Genesect|Bullet Punch|p1a: Dragonite\n|-crit|p1a: Dragonite\n|-damage|p1a: Dragonite|0 fnt\n|faint|p1a: Dragonite\n|\n|upkeep\n|\n|t:|1700293359\n|switch|p1a: Slowking|Slowking-Galar, M|98\/100\n|-sideend|p1: wwaaa|move: Toxic Spikes|[of] p1a: Slowking\n|turn|15\n|\n|t:|1700293366\n|move|p2a: Red Genesect|Knock Off|p1a: Slowking\n|-supereffective|p1a: Slowking\n|-damage|p1a: Slowking|12\/100\n|-enditem|p1a: Slowking|Heavy-Duty Boots|[from] move: Knock Off|[of] p2a: Red Genesect\n|move|p1a: Slowking|Toxic Spikes|p2a: Red Genesect\n|-sidestart|p2: DoctorFiraga|move: Toxic Spikes\n|\n|upkeep\n|turn|16\n|\n|t:|1700293386\n|move|p2a: Red Genesect|Swords Dance|p2a: Red Genesect\n|-boost|p2a: Red Genesect|atk|2\n|move|p1a: Slowking|Toxic Spikes|p2a: Red Genesect\n|-sidestart|p2: DoctorFiraga|move: Toxic Spikes\n|\n|upkeep\n|turn|17\n|\n|t:|1700293394\n|move|p2a: Red Genesect|Bullet Punch|p1a: Slowking\n|-damage|p1a: Slowking|0 fnt\n|faint|p1a: Slowking\n|\n|upkeep\n|\n|t:|1700293398\n|switch|p1a: Zamazenta|Zamazenta|100\/100\n|-ability|p1a: Zamazenta|Dauntless Shield|boost\n|-boost|p1a: Zamazenta|def|1\n|turn|18\n|\n|t:|1700293403\n|move|p2a: Red Genesect|Bullet Punch|p1a: Zamazenta\n|-damage|p1a: Zamazenta|60\/100\n|move|p1a: Zamazenta|Iron Defense|p1a: Zamazenta\n|-boost|p1a: Zamazenta|def|2\n|\n|upkeep\n|turn|19\n|\n|t:|1700293410\n|move|p2a: Red Genesect|Bullet Punch|p1a: Zamazenta\n|-damage|p1a: Zamazenta|38\/100\n|move|p1a: Zamazenta|Body Press|p2a: Red Genesect\n|-damage|p2a: Red Genesect|0 fnt\n|faint|p2a: Red Genesect\n|\n|upkeep\n|\n|t:|1700293418\n|switch|p2a: KFC|Moltres|100\/100\n|turn|20\n|\n|t:|1700293422\n|switch|p1a: Banette|Banette, F|100\/100\n|-item|p2a: KFC|Heavy-Duty Boots|[from] ability: Frisk|[of] p1a: Banette|[identify]\n|move|p2a: KFC|Hurricane|p1a: Banette\n|-crit|p1a: Banette\n|-damage|p1a: Banette|0 fnt\n|faint|p1a: Banette\n|\n|upkeep\n|c|\u2606wwaaa|\u51e0\u4e2act\u4e86\u554a\n|l| YJLF\n|\n|t:|1700293449\n|switch|p1a: Weavile|Weavile, M|100\/100\n|-ability|p1a: Weavile|Pressure\n|turn|21\n|\n|t:|1700293454\n|-terastallize|p1a: Weavile|Dark\n|move|p1a: Weavile|Knock Off|p2a: KFC\n|-damage|p2a: KFC|41\/100\n|-enditem|p2a: KFC|Heavy-Duty Boots|[from] move: Knock Off|[of] p1a: Weavile\n|move|p2a: KFC|Flamethrower|p1a: Weavile\n|-damage|p1a: Weavile|50\/100\n|-status|p1a: Weavile|brn\n|\n|-damage|p1a: Weavile|44\/100 brn|[from] brn\n|upkeep\n|turn|22\n|\n|t:|1700293474\n|move|p1a: Weavile|Triple Axel|p2a: KFC\n|-damage|p2a: KFC|36\/100\n|-damage|p2a: KFC|27\/100\n|-damage|p2a: KFC|13\/100\n|-hitcount|p2a: KFC|3\n|move|p2a: KFC|Roost|p2a: KFC\n|-heal|p2a: KFC|63\/100\n|-singleturn|p2a: KFC|move: Roost\n|\n|-damage|p1a: Weavile|38\/100 brn|[from] brn\n|upkeep\n|turn|23\n|\n|t:|1700293480\n|move|p1a: Weavile|Triple Axel|p2a: KFC\n|-damage|p2a: KFC|58\/100\n|-damage|p2a: KFC|49\/100\n|-damage|p2a: KFC|34\/100\n|-hitcount|p2a: KFC|3\n|move|p2a: KFC|Roost|p2a: KFC\n|-heal|p2a: KFC|84\/100\n|-singleturn|p2a: KFC|move: Roost\n|\n|-damage|p1a: Weavile|32\/100 brn|[from] brn\n|upkeep\n|turn|24\n|inactive|Battle timer is ON: inactive players will automatically lose when time's up. (requested by wwaaa)\n|c| xuxiansheng|\u8fd9\u706b\u7130\u9e1f\u5408\u6cd5\u5417\uff1f\n|\n|t:|1700293486\n|move|p1a: Weavile|Triple Axel|p2a: KFC\n|-damage|p2a: KFC|79\/100\n|-hitcount|p2a: KFC|1\n|move|p2a: KFC|Flamethrower|p1a: Weavile\n|-damage|p1a: Weavile|0 fnt\n|faint|p1a: Weavile\n|\n|upkeep\n|\n|t:|1700293495\n|switch|p1a: Zamazenta|Zamazenta|38\/100\n|turn|25\n|c|\u2606DoctorFiraga|Gg man\n|c|\u2606wwaaa|\u6e38\u620f\u8fd9\u4e48\u73a9\u7684\u5417\n|\n|t:|1700293517\n|move|p1a: Zamazenta|Body Press|p2a: KFC\n|-resisted|p2a: KFC\n|-damage|p2a: KFC|62\/100\n|move|p2a: KFC|Hurricane|p1a: Zamazenta\n|-supereffective|p1a: Zamazenta\n|-damage|p1a: Zamazenta|0 fnt\n|faint|p1a: Zamazenta\n|\n|win|DoctorFiraga\n|raw|wwaaa's rating: 1705 &rarr; <strong>1684<\/strong><br \/>(-21 for losing)\n|raw|DoctorFiraga's rating: 1690 &rarr; <strong>1711<\/strong><br \/>(+21 for winning)\n|l| xuxiansheng\n|l|\u2606wwaaa\n","uploadtime":1700293534,"views":16,"p1id":"wwaaa","p2id":"doctorfiraga","formatid":"gen9nationaldex","rating":1684,"private":0,"password":""}