{"id":"gen9nationaldex-1991136181","p1":"fengfengzuikeai","p2":"ordja","format":"[Gen 9] National Dex","log":"|j|\u2606fengfengzuikeai\n|j|\u2606ordja\n|t:|1700048417\n|gametype|singles\n|player|p1|fengfengzuikeai|170|1770\n|player|p2|ordja|1|1779\n|teamsize|p1|6\n|teamsize|p2|6\n|gen|9\n|tier|[Gen 9] National Dex\n|rated|\n|rule|HP Percentage Mod: HP is shown in percentages\n|rule|Endless Battle Clause: Forcing endless battles is banned\n|rule|OHKO Clause: OHKO moves are banned\n|rule|Evasion Clause: Evasion abilities, items, and moves are banned\n|rule|Evasion Abilities Clause: Evasion abilities are banned\n|rule|Evasion Items Clause: Evasion items are banned\n|rule|Evasion Moves Clause: Evasion moves are banned\n|rule|Species Clause: Limit one of each Pok\u00e9mon\n|rule|Sleep Clause Mod: Limit one foe put to sleep\n|clearpoke\n|poke|p1|Urshifu-*, M|\n|poke|p1|Garchomp, M|\n|poke|p1|Zapdos|\n|poke|p1|Blaziken, F|\n|poke|p1|Rillaboom, M|\n|poke|p1|Slowking, M|\n|poke|p2|Garchomp, F|\n|poke|p2|Ogerpon-Wellspring, F|\n|poke|p2|Dondozo, M|\n|poke|p2|Togekiss, F|\n|poke|p2|Zapdos|\n|poke|p2|Chansey, F|\n|teampreview\n|inactive|Battle timer is ON: inactive players will automatically lose when time's up. (requested by ordja)\n|\n|t:|1700048434\n|start\n|switch|p1a: Garchomp|Garchomp, M|100\/100\n|switch|p2a: Togekiss|Togekiss, F|100\/100\n|turn|1\n|\n|t:|1700048442\n|switch|p1a: Slowking|Slowking, M|100\/100\n|move|p2a: Togekiss|Air Slash|p1a: Slowking|[miss]\n|-miss|p2a: Togekiss|p1a: Slowking\n|\n|upkeep\n|turn|2\n|\n|t:|1700048448\n|move|p2a: Togekiss|Air Slash|p1a: Slowking\n|-damage|p1a: Slowking|77\/100\n|move|p1a: Slowking|Future Sight|p2a: Togekiss\n|-start|p1a: Slowking|move: Future Sight\n|\n|upkeep\n|turn|3\n|\n|t:|1700048452\n|move|p2a: Togekiss|Air Slash|p1a: Slowking\n|-damage|p1a: Slowking|52\/100\n|move|p1a: Slowking|Toxic|p2a: Togekiss\n|-status|p2a: Togekiss|tox\n|\n|-damage|p2a: Togekiss|94\/100 tox|[from] psn\n|upkeep\n|turn|4\n|\n|t:|1700048458\n|move|p2a: Togekiss|Air Slash|p1a: Slowking\n|-damage|p1a: Slowking|27\/100\n|cant|p1a: Slowking|flinch\n|\n|-end|p2a: Togekiss|move: Future Sight\n|-damage|p2a: Togekiss|55\/100 tox\n|-damage|p2a: Togekiss|42\/100 tox|[from] psn\n|upkeep\n|turn|5\n|\n|t:|1700048466\n|switch|p1a: Zapdos|Zapdos|100\/100\n|move|p2a: Togekiss|Air Slash|p1a: Zapdos\n|-resisted|p1a: Zapdos\n|-damage|p1a: Zapdos|80\/100\n|\n|-damage|p2a: Togekiss|24\/100 tox|[from] psn\n|upkeep\n|turn|6\n|\n|t:|1700048474\n|move|p2a: Togekiss|Air Slash|p1a: Zapdos\n|-resisted|p1a: Zapdos\n|-damage|p1a: Zapdos|62\/100\n|cant|p1a: Zapdos|flinch\n|\n|-damage|p2a: Togekiss|0 fnt|[from] psn\n|faint|p2a: Togekiss\n|upkeep\n|\n|t:|1700048481\n|switch|p2a: Ogerpon|Ogerpon-Wellspring, F|100\/100\n|turn|7\n|\n|t:|1700048486\n|move|p2a: Ogerpon|Ivy Cudgel|p1a: Zapdos|[anim] Ivy Cudgel Water\n|-damage|p1a: Zapdos|0 fnt\n|faint|p1a: Zapdos\n|\n|upkeep\n|j| Tguutt\n|\n|t:|1700048499\n|switch|p1a: Garchomp|Garchomp, M|100\/100\n|turn|8\n|\n|t:|1700048504\n|detailschange|p1a: Garchomp|Garchomp-Mega, M\n|-mega|p1a: Garchomp|Garchomp|Garchompite\n|move|p2a: Ogerpon|Ivy Cudgel|p1a: Garchomp|[anim] Ivy Cudgel Water\n|-damage|p1a: Garchomp|64\/100\n|move|p1a: Garchomp|Stealth Rock|p2a: Ogerpon\n|-sidestart|p2: ordja|move: Stealth Rock\n|\n|upkeep\n|turn|9\n|\n|t:|1700048517\n|switch|p2a: Dondozo|Dondozo, M|100\/100\n|-damage|p2a: Dondozo|88\/100|[from] Stealth Rock\n|move|p1a: Garchomp|Draco Meteor|p2a: Dondozo\n|-damage|p2a: Dondozo|30\/100\n|-unboost|p1a: Garchomp|spa|2\n|\n|-heal|p2a: Dondozo|36\/100|[from] item: Leftovers\n|upkeep\n|turn|10\n|j| Aziz Le Bledart\n|\n|t:|1700048527\n|switch|p1a: Slowking|Slowking, M|61\/100\n|switch|p2a: Chansey|Chansey, F|100\/100\n|-damage|p2a: Chansey|88\/100|[from] Stealth Rock\n|\n|upkeep\n|turn|11\n|j| Nomer16\n|\n|t:|1700048536\n|move|p2a: Chansey|Toxic|p1a: Slowking|[miss]\n|-miss|p2a: Chansey|p1a: Slowking\n|move|p1a: Slowking|Future Sight|p2a: Chansey\n|-start|p1a: Slowking|move: Future Sight\n|\n|upkeep\n|turn|12\n|l| Aziz Le Bledart\n|\n|t:|1700048544\n|move|p2a: Chansey|Toxic|p1a: Slowking\n|-status|p1a: Slowking|tox\n|move|p1a: Slowking|Chilly Reception|p1a: Slowking\n|-weather|Snow\n|\n|t:|1700048547\n|switch|p1a: Blaziken|Blaziken, F|100\/100|[from] Chilly Reception\n|\n|-weather|Snow|[upkeep]\n|upkeep\n|turn|13\n|\n|t:|1700048558\n|move|p1a: Blaziken|Close Combat|p2a: Chansey\n|-supereffective|p2a: Chansey\n|-crit|p2a: Chansey\n|-damage|p2a: Chansey|0 fnt\n|-unboost|p1a: Blaziken|def|1\n|-unboost|p1a: Blaziken|spd|1\n|faint|p2a: Chansey\n|\n|-weather|Snow|[upkeep]\n|-hint|Future Sight did not hit because the target is fainted.\n|-ability|p1a: Blaziken|Speed Boost|boost\n|-boost|p1a: Blaziken|spe|1\n|upkeep\n|\n|t:|1700048567\n|switch|p2a: Garchomp|Garchomp, F|100\/100\n|-damage|p2a: Garchomp|94\/100|[from] Stealth Rock\n|turn|14\n|\n|t:|1700048574\n|switch|p1a: Urshifu|Urshifu-Rapid-Strike, M|100\/100\n|move|p2a: Garchomp|Outrage|p1a: Urshifu\n|-damage|p1a: Urshifu|28\/100\n|\n|-weather|Snow|[upkeep]\n|upkeep\n|turn|15\n|\n|t:|1700048580\n|move|p1a: Urshifu|Ice Spinner|p2a: Garchomp\n|-supereffective|p2a: Garchomp\n|-damage|p2a: Garchomp|0 fnt\n|-damage|p1a: Urshifu|15\/100|[from] ability: Rough Skin|[of] p2a: Garchomp\n|faint|p2a: Garchomp\n|\n|-weather|Snow|[upkeep]\n|upkeep\n|\n|t:|1700048591\n|switch|p2a: Dondozo|Dondozo, M|36\/100\n|-damage|p2a: Dondozo|24\/100|[from] Stealth Rock\n|turn|16\n|\n|t:|1700048594\n|switch|p1a: Slowking|Slowking, M|94\/100 tox\n|move|p2a: Dondozo|Curse|p2a: Dondozo\n|-unboost|p2a: Dondozo|spe|1\n|-boost|p2a: Dondozo|atk|1\n|-boost|p2a: Dondozo|def|1\n|\n|-weather|none\n|-heal|p2a: Dondozo|30\/100|[from] item: Leftovers\n|-damage|p1a: Slowking|88\/100 tox|[from] psn\n|upkeep\n|turn|17\n|\n|t:|1700048603\n|move|p1a: Slowking|Future Sight|p2a: Dondozo\n|-start|p1a: Slowking|move: Future Sight\n|move|p2a: Dondozo|Curse|p2a: Dondozo\n|-unboost|p2a: Dondozo|spe|1\n|-boost|p2a: Dondozo|atk|1\n|-boost|p2a: Dondozo|def|1\n|\n|-heal|p2a: Dondozo|36\/100|[from] item: Leftovers\n|-damage|p1a: Slowking|76\/100 tox|[from] psn\n|upkeep\n|turn|18\n|\n|t:|1700048614\n|-terastallize|p2a: Dondozo|Dark\n|move|p1a: Slowking|Chilly Reception|p1a: Slowking\n|-weather|Snow\n|\n|t:|1700048618\n|switch|p1a: Garchomp|Garchomp-Mega, M|64\/100|[from] Chilly Reception\n|move|p2a: Dondozo|Rest|p2a: Dondozo\n|-status|p2a: Dondozo|slp|[from] move: Rest\n|-heal|p2a: Dondozo|100\/100 slp|[silent]\n|\n|-weather|Snow|[upkeep]\n|upkeep\n|turn|19\n|\n|t:|1700048625\n|move|p1a: Garchomp|Earth Power|p2a: Dondozo\n|-damage|p2a: Dondozo|63\/100 slp\n|cant|p2a: Dondozo|slp\n|\n|-weather|Snow|[upkeep]\n|-end|p2a: Dondozo|move: Future Sight\n|-immune|p2a: Dondozo\n|-heal|p2a: Dondozo|69\/100 slp|[from] item: Leftovers\n|upkeep\n|turn|20\n|\n|t:|1700048634\n|switch|p2a: Zapdos|Zapdos|100\/100\n|move|p1a: Garchomp|Earth Power|p2a: Zapdos\n|-immune|p2a: Zapdos\n|\n|-weather|Snow|[upkeep]\n|upkeep\n|turn|21\n|\n|t:|1700048648\n|switch|p1a: Slowking|Slowking, M|100\/100 tox\n|move|p2a: Zapdos|Hidden Power|p1a: Slowking\n|-resisted|p1a: Slowking\n|-damage|p1a: Slowking|94\/100 tox\n|\n|-weather|Snow|[upkeep]\n|-damage|p1a: Slowking|88\/100 tox|[from] psn\n|upkeep\n|turn|22\n|\n|t:|1700048656\n|move|p2a: Zapdos|Volt Switch|p1a: Slowking\n|-supereffective|p1a: Slowking\n|-damage|p1a: Slowking|45\/100 tox\n|\n|t:|1700048659\n|switch|p2a: Ogerpon|Ogerpon-Wellspring, F|100\/100|[from] Volt Switch\n|-damage|p2a: Ogerpon|88\/100|[from] Stealth Rock\n|move|p1a: Slowking|Chilly Reception|p1a: Slowking\n|\n|t:|1700048665\n|switch|p1a: Rillaboom|Rillaboom, M|100\/100|[from] Chilly Reception\n|-fieldstart|move: Grassy Terrain|[from] ability: Grassy Surge|[of] p1a: Rillaboom\n|\n|-weather|none\n|-heal|p2a: Ogerpon|94\/100|[from] Grassy Terrain\n|upkeep\n|turn|23\n|\n|t:|1700048674\n|switch|p2a: Zapdos|Zapdos|100\/100\n|move|p1a: Rillaboom|U-turn|p2a: Zapdos\n|-resisted|p2a: Zapdos\n|-damage|p2a: Zapdos|86\/100\n|\n|t:|1700048692\n|switch|p1a: Garchomp|Garchomp-Mega, M|64\/100|[from] U-turn\n|\n|-heal|p1a: Garchomp|70\/100|[from] Grassy Terrain\n|upkeep\n|turn|24\n|\n|t:|1700048697\n|move|p2a: Zapdos|Hidden Power|p1a: Garchomp\n|-supereffective|p1a: Garchomp\n|-damage|p1a: Garchomp|0 fnt\n|faint|p1a: Garchomp\n|\n|upkeep\n|\n|t:|1700048701\n|switch|p1a: Blaziken|Blaziken, F|100\/100\n|turn|25\n|\n|t:|1700048706\n|move|p2a: Zapdos|Hurricane|p1a: Blaziken\n|-supereffective|p1a: Blaziken\n|-damage|p1a: Blaziken|0 fnt\n|faint|p1a: Blaziken\n|\n|upkeep\n|\n|t:|1700048711\n|switch|p1a: Urshifu|Urshifu-Rapid-Strike, M|15\/100\n|turn|26\n|\n|t:|1700048720\n|move|p1a: Urshifu|Ice Spinner|p2a: Zapdos\n|-supereffective|p2a: Zapdos\n|-damage|p2a: Zapdos|15\/100\n|-fieldend|move: Grassy Terrain\n|move|p2a: Zapdos|Volt Switch|p1a: Urshifu\n|-supereffective|p1a: Urshifu\n|-damage|p1a: Urshifu|0 fnt\n|faint|p1a: Urshifu\n|\n|t:|1700048732\n|switch|p2a: Ogerpon|Ogerpon-Wellspring, F|94\/100|[from] Volt Switch\n|-damage|p2a: Ogerpon|82\/100|[from] Stealth Rock\n|\n|upkeep\n|\n|t:|1700048734\n|switch|p1a: Rillaboom|Rillaboom, M|100\/100\n|-fieldstart|move: Grassy Terrain|[from] ability: Grassy Surge|[of] p1a: Rillaboom\n|turn|27\n|\n|t:|1700048739\n|switch|p2a: Zapdos|Zapdos|15\/100\n|-terastallize|p1a: Rillaboom|Grass\n|move|p1a: Rillaboom|Wood Hammer|p2a: Zapdos\n|-resisted|p2a: Zapdos\n|-damage|p2a: Zapdos|0 fnt\n|faint|p2a: Zapdos\n|-damage|p1a: Rillaboom|97\/100|[from] Recoil\n|\n|-heal|p1a: Rillaboom|100\/100|[from] Grassy Terrain\n|upkeep\n|\n|t:|1700048750\n|switch|p2a: Ogerpon|Ogerpon-Wellspring, F|82\/100\n|-damage|p2a: Ogerpon|70\/100|[from] Stealth Rock\n|turn|28\n|\n|t:|1700048755\n|move|p1a: Rillaboom|Grassy Glide|p2a: Ogerpon\n|-damage|p2a: Ogerpon|0 fnt\n|faint|p2a: Ogerpon\n|\n|upkeep\n|-message|ordja forfeited.\n|\n|win|fengfengzuikeai\n|raw|fengfengzuikeai's rating: 1770 &rarr; <strong>1791<\/strong><br \/>(+21 for winning)\n|raw|ordja's rating: 1779 &rarr; <strong>1758<\/strong><br \/>(-21 for losing)\n|l|\u2606ordja\n","uploadtime":1700048763,"views":4,"p1id":"fengfengzuikeai","p2id":"ordja","formatid":"gen9nationaldex","rating":1758,"private":0,"password":""}