{"id":"gen9nationaldex-1992133062","p1":"Atnanos","p2":"HypernovaFr","format":"[Gen 9] National Dex","log":"|j|\u2606Atnanos\n|j|\u2606HypernovaFr\n|t:|1700157777\n|gametype|singles\n|player|p1|Atnanos|2|1447\n|player|p2|HypernovaFr|ingo|1466\n|teamsize|p1|6\n|teamsize|p2|6\n|gen|9\n|tier|[Gen 9] National Dex\n|rated|\n|rule|HP Percentage Mod: HP is shown in percentages\n|rule|Endless Battle Clause: Forcing endless battles is banned\n|rule|OHKO Clause: OHKO moves are banned\n|rule|Evasion Clause: Evasion abilities, items, and moves are banned\n|rule|Evasion Abilities Clause: Evasion abilities are banned\n|rule|Evasion Items Clause: Evasion items are banned\n|rule|Evasion Moves Clause: Evasion moves are banned\n|rule|Species Clause: Limit one of each Pok\u00e9mon\n|rule|Sleep Clause Mod: Limit one foe put to sleep\n|clearpoke\n|poke|p1|Garchomp, F|\n|poke|p1|Dondozo, M|\n|poke|p1|Scizor, F|\n|poke|p1|Chansey, F|\n|poke|p1|Zapdos|\n|poke|p1|Heatran, M|\n|poke|p2|Gastrodon, F|\n|poke|p2|Magnezone|\n|poke|p2|Xatu, F|\n|poke|p2|Scizor, M|\n|poke|p2|Greninja-*, M|\n|poke|p2|Incineroar, M|\n|teampreview\n|c|\u2606HypernovaFr|gl\n|j| OuterDreams\n|\n|t:|1700157804\n|start\n|switch|p1a: Magma\ud83c\udf1e\ud83d\udd25|Heatran, M|100\/100\n|switch|p2a: Beep Boop|Magnezone, shiny|100\/100\n|turn|1\n|\n|t:|1700157827\n|-terastallize|p1a: Magma\ud83c\udf1e\ud83d\udd25|Fire\n|move|p2a: Beep Boop|Volt Switch|p1a: Magma\ud83c\udf1e\ud83d\udd25\n|-damage|p1a: Magma\ud83c\udf1e\ud83d\udd25|70\/100\n|\n|t:|1700157837\n|switch|p2a: Burritos|Incineroar, M, shiny|100\/100|[from] Volt Switch\n|-ability|p2a: Burritos|Intimidate|boost\n|-unboost|p1a: Magma\ud83c\udf1e\ud83d\udd25|atk|1\n|move|p1a: Magma\ud83c\udf1e\ud83d\udd25|Eruption|p2a: Burritos\n|-resisted|p2a: Burritos\n|-damage|p2a: Burritos|38\/100\n|\n|upkeep\n|turn|2\n|\n|t:|1700157850\n|move|p2a: Burritos|Earthquake|p1a: Magma\ud83c\udf1e\ud83d\udd25\n|-supereffective|p1a: Magma\ud83c\udf1e\ud83d\udd25\n|-damage|p1a: Magma\ud83c\udf1e\ud83d\udd25|20\/100\n|move|p1a: Magma\ud83c\udf1e\ud83d\udd25|Eruption|p2a: Burritos\n|-resisted|p2a: Burritos\n|-damage|p2a: Burritos|18\/100\n|\n|upkeep\n|turn|3\n|\n|t:|1700157869\n|switch|p1a: 75009 V|Zapdos|100\/100\n|move|p2a: Burritos|Knock Off|p1a: 75009 V\n|-damage|p1a: 75009 V|70\/100\n|-status|p2a: Burritos|par|[from] ability: Static|[of] p1a: 75009 V\n|-enditem|p1a: 75009 V|Heavy-Duty Boots|[from] move: Knock Off|[of] p2a: Burritos\n|\n|upkeep\n|turn|4\n|\n|t:|1700157890\n|move|p1a: 75009 V|Volt Switch|p2a: Burritos\n|-damage|p2a: Burritos|0 fnt\n|faint|p2a: Burritos\n|\n|t:|1700157896\n|switch|p1a: Dragon hunter|Garchomp, F|100\/100|[from] Volt Switch\n|\n|upkeep\n|\n|t:|1700157904\n|switch|p2a: Battle Bond|Greninja, M, shiny|100\/100\n|turn|5\n|\n|t:|1700157909\n|switch|p1a: Big Mom|Chansey, F|100\/100\n|move|p2a: Battle Bond|U-turn|p1a: Big Mom\n|-start|p2a: Battle Bond|typechange|Bug|[from] ability: Protean\n|-damage|p1a: Big Mom|83\/100\n|\n|t:|1700157914\n|switch|p2a: kesk j'foula|Xatu, F, shiny|100\/100|[from] U-turn\n|\n|upkeep\n|turn|6\n|l| OuterDreams\n|\n|t:|1700157925\n|move|p2a: kesk j'foula|Toxic|p1a: Big Mom\n|-status|p1a: Big Mom|tox\n|move|p1a: Big Mom|Toxic|p2a: kesk j'foula\n|move|p2a: kesk j'foula|Toxic|p1a: Big Mom|[from]ability: Magic Bounce|[miss]\n|-miss|p2a: kesk j'foula|p1a: Big Mom\n|\n|-damage|p1a: Big Mom|77\/100 tox|[from] psn\n|upkeep\n|turn|7\n|\n|t:|1700157936\n|-curestatus|p1a: Big Mom|tox|[from] ability: Natural Cure\n|switch|p1a: 75009 V|Zapdos|70\/100\n|move|p2a: kesk j'foula|Psychic|p1a: 75009 V\n|-damage|p1a: 75009 V|40\/100\n|\n|upkeep\n|turn|8\n|\n|t:|1700157943\n|switch|p2a: Diarrh\u00e9e|Gastrodon, F, shiny|100\/100\n|move|p1a: 75009 V|Volt Switch|p2a: Diarrh\u00e9e\n|-immune|p2a: Diarrh\u00e9e\n|\n|upkeep\n|turn|9\n|\n|t:|1700157951\n|move|p1a: 75009 V|Roost|p1a: 75009 V\n|-heal|p1a: 75009 V|90\/100\n|-singleturn|p1a: 75009 V|move: Roost\n|move|p2a: Diarrh\u00e9e|Scald|p1a: 75009 V\n|-damage|p1a: 75009 V|65\/100\n|\n|upkeep\n|turn|10\n|\n|t:|1700157969\n|switch|p1a: Big Mom|Chansey, F|77\/100\n|move|p2a: Diarrh\u00e9e|Scald|p1a: Big Mom\n|-damage|p1a: Big Mom|69\/100\n|\n|upkeep\n|turn|11\n|\n|t:|1700157977\n|switch|p2a: kesk j'foula|Xatu, F, shiny|100\/100\n|move|p1a: Big Mom|Seismic Toss|p2a: kesk j'foula\n|-damage|p2a: kesk j'foula|71\/100\n|\n|-heal|p2a: kesk j'foula|77\/100|[from] item: Leftovers\n|upkeep\n|turn|12\n|\n|t:|1700157986\n|move|p2a: kesk j'foula|Toxic|p1a: Big Mom|[miss]\n|-miss|p2a: kesk j'foula|p1a: Big Mom\n|move|p1a: Big Mom|Seismic Toss|p2a: kesk j'foula\n|-damage|p2a: kesk j'foula|47\/100\n|\n|-heal|p2a: kesk j'foula|53\/100|[from] item: Leftovers\n|upkeep\n|turn|13\n|\n|t:|1700158002\n|switch|p1a: Scizor|Scizor, F|100\/100\n|move|p2a: kesk j'foula|Roost|p2a: kesk j'foula\n|-heal|p2a: kesk j'foula|100\/100\n|-singleturn|p2a: kesk j'foula|move: Roost\n|\n|upkeep\n|turn|14\n|\n|t:|1700158011\n|detailschange|p1a: Scizor|Scizor-Mega, F\n|-mega|p1a: Scizor|Scizor|Scizorite\n|move|p1a: Scizor|U-turn|p2a: kesk j'foula\n|-damage|p2a: kesk j'foula|56\/100\n|\n|t:|1700158016\n|switch|p1a: Big Mom|Chansey, F|69\/100|[from] U-turn\n|move|p2a: kesk j'foula|Heat Wave|p1a: Big Mom\n|-damage|p1a: Big Mom|63\/100\n|\n|-heal|p2a: kesk j'foula|62\/100|[from] item: Leftovers\n|upkeep\n|turn|15\n|\n|t:|1700158025\n|move|p2a: kesk j'foula|Roost|p2a: kesk j'foula\n|-heal|p2a: kesk j'foula|100\/100\n|-singleturn|p2a: kesk j'foula|move: Roost\n|move|p1a: Big Mom|Seismic Toss|p2a: kesk j'foula\n|-damage|p2a: kesk j'foula|71\/100\n|\n|-heal|p2a: kesk j'foula|77\/100|[from] item: Leftovers\n|upkeep\n|turn|16\n|\n|t:|1700158036\n|switch|p1a: Scizor|Scizor-Mega, F|100\/100\n|move|p2a: kesk j'foula|Toxic|p1a: Scizor\n|-immune|p1a: Scizor\n|\n|-heal|p2a: kesk j'foula|83\/100|[from] item: Leftovers\n|upkeep\n|turn|17\n|c|\u2606HypernovaFr|big mom \ud83d\udc80\n|\n|t:|1700158045\n|move|p1a: Scizor|Knock Off|p2a: kesk j'foula\n|-supereffective|p2a: kesk j'foula\n|-damage|p2a: kesk j'foula|8\/100\n|-enditem|p2a: kesk j'foula|Leftovers|[from] move: Knock Off|[of] p1a: Scizor\n|move|p2a: kesk j'foula|Roost|p2a: kesk j'foula\n|-heal|p2a: kesk j'foula|58\/100\n|-singleturn|p2a: kesk j'foula|move: Roost\n|\n|upkeep\n|turn|18\n|\n|t:|1700158054\n|move|p1a: Scizor|U-turn|p2a: kesk j'foula\n|-damage|p2a: kesk j'foula|16\/100\n|\n|t:|1700158058\n|switch|p1a: Dragon hunter|Garchomp, F|100\/100|[from] U-turn\n|move|p2a: kesk j'foula|Roost|p2a: kesk j'foula\n|-heal|p2a: kesk j'foula|66\/100\n|-singleturn|p2a: kesk j'foula|move: Roost\n|\n|upkeep\n|turn|19\n|inactive|Battle timer is ON: inactive players will automatically lose when time's up. (requested by Atnanos)\n|\n|t:|1700158088\n|switch|p2a: Beep Boop|Magnezone, shiny|100\/100\n|move|p1a: Dragon hunter|Outrage|p2a: Beep Boop\n|-resisted|p2a: Beep Boop\n|-damage|p2a: Beep Boop|68\/100\n|\n|upkeep\n|turn|20\n|\n|t:|1700158102\n|move|p1a: Dragon hunter|Outrage|p2a: Beep Boop|[from]lockedmove\n|-resisted|p2a: Beep Boop\n|-damage|p2a: Beep Boop|33\/100\n|-start|p1a: Dragon hunter|confusion|[fatigue]\n|move|p2a: Beep Boop|Hidden Power|p1a: Dragon hunter\n|-supereffective|p1a: Dragon hunter\n|-damage|p1a: Dragon hunter|4\/100\n|\n|upkeep\n|turn|21\n|\n|t:|1700158112\n|switch|p1a: Big Mom|Chansey, F|63\/100\n|move|p2a: Beep Boop|Hidden Power|p1a: Big Mom\n|-damage|p1a: Big Mom|57\/100\n|\n|upkeep\n|turn|22\n|\n|t:|1700158118\n|switch|p2a: kesk j'foula|Xatu, F, shiny|66\/100\n|move|p1a: Big Mom|Seismic Toss|p2a: kesk j'foula\n|-damage|p2a: kesk j'foula|36\/100\n|\n|upkeep\n|turn|23\n|\n|t:|1700158128\n|move|p2a: kesk j'foula|Roost|p2a: kesk j'foula\n|-heal|p2a: kesk j'foula|86\/100\n|-singleturn|p2a: kesk j'foula|move: Roost\n|move|p1a: Big Mom|Seismic Toss|p2a: kesk j'foula\n|-damage|p2a: kesk j'foula|56\/100\n|\n|upkeep\n|turn|24\n|\n|t:|1700158136\n|move|p2a: kesk j'foula|Roost|p2a: kesk j'foula\n|-heal|p2a: kesk j'foula|100\/100\n|-singleturn|p2a: kesk j'foula|move: Roost\n|move|p1a: Big Mom|Seismic Toss|p2a: kesk j'foula\n|-damage|p2a: kesk j'foula|71\/100\n|\n|upkeep\n|turn|25\n|\n|t:|1700158147\n|move|p2a: kesk j'foula|Toxic|p1a: Big Mom|[miss]\n|-miss|p2a: kesk j'foula|p1a: Big Mom\n|move|p1a: Big Mom|Soft-Boiled|p1a: Big Mom\n|-heal|p1a: Big Mom|100\/100\n|\n|upkeep\n|turn|26\n|c|\u2606HypernovaFr|;_;\n|\n|t:|1700158158\n|switch|p1a: Scizor|Scizor-Mega, F|100\/100\n|move|p2a: kesk j'foula|Heat Wave|p1a: Scizor\n|-supereffective|p1a: Scizor\n|-damage|p1a: Scizor|4\/100\n|\n|upkeep\n|turn|27\n|\n|t:|1700158165\n|move|p1a: Scizor|U-turn|p2a: kesk j'foula\n|-damage|p2a: kesk j'foula|31\/100\n|\n|t:|1700158179\n|switch|p1a: Big Mom|Chansey, F|100\/100|[from] U-turn\n|move|p2a: kesk j'foula|Psychic|p1a: Big Mom\n|-damage|p1a: Big Mom|90\/100\n|\n|upkeep\n|turn|28\n|\n|t:|1700158188\n|move|p2a: kesk j'foula|Roost|p2a: kesk j'foula\n|-heal|p2a: kesk j'foula|81\/100\n|-singleturn|p2a: kesk j'foula|move: Roost\n|move|p1a: Big Mom|Seismic Toss|p2a: kesk j'foula\n|-damage|p2a: kesk j'foula|51\/100\n|\n|upkeep\n|turn|29\n|\n|t:|1700158196\n|move|p2a: kesk j'foula|Toxic|p1a: Big Mom|[miss]\n|-miss|p2a: kesk j'foula|p1a: Big Mom\n|move|p1a: Big Mom|Seismic Toss|p2a: kesk j'foula\n|-damage|p2a: kesk j'foula|21\/100\n|\n|upkeep\n|turn|30\n|c|\u2606HypernovaFr|;_;\n|\n|t:|1700158206\n|move|p2a: kesk j'foula|Roost|p2a: kesk j'foula\n|-heal|p2a: kesk j'foula|71\/100\n|-singleturn|p2a: kesk j'foula|move: Roost\n|move|p1a: Big Mom|Seismic Toss|p2a: kesk j'foula\n|-damage|p2a: kesk j'foula|41\/100\n|\n|upkeep\n|turn|31\n|\n|t:|1700158214\n|move|p2a: kesk j'foula|Toxic|p1a: Big Mom\n|-status|p1a: Big Mom|tox\n|move|p1a: Big Mom|Seismic Toss|p2a: kesk j'foula\n|-damage|p2a: kesk j'foula|11\/100\n|\n|-damage|p1a: Big Mom|84\/100 tox|[from] psn\n|upkeep\n|turn|32\n|\n|t:|1700158232\n|move|p2a: kesk j'foula|Psychic|p1a: Big Mom\n|-damage|p1a: Big Mom|75\/100 tox\n|-unboost|p1a: Big Mom|spd|1\n|move|p1a: Big Mom|Seismic Toss|p2a: kesk j'foula\n|-damage|p2a: kesk j'foula|0 fnt\n|faint|p2a: kesk j'foula\n|\n|-damage|p1a: Big Mom|62\/100 tox|[from] psn\n|upkeep\n|\n|t:|1700158241\n|switch|p2a: Lemon|Scizor, M, shiny|100\/100\n|turn|33\n|\n|t:|1700158245\n|-activate|p1a: Big Mom|move: Pursuit\n|detailschange|p2a: Lemon|Scizor-Mega, M, shiny\n|-mega|p2a: Lemon|Scizor|Scizorite\n|move|p2a: Lemon|Pursuit|p1a: Big Mom|[from]Pursuit\n|-damage|p1a: Big Mom|40\/100 tox\n|-curestatus|p1a: Big Mom|tox|[from] ability: Natural Cure\n|switch|p1a: Mobidic|Dondozo, M|100\/100\n|\n|upkeep\n|turn|34\n|\n|t:|1700158257\n|switch|p2a: Diarrh\u00e9e|Gastrodon, F, shiny|100\/100\n|move|p1a: Mobidic|Wave Crash|p2a: Diarrh\u00e9e\n|-ability|p2a: Diarrh\u00e9e|Storm Drain|boost\n|-boost|p2a: Diarrh\u00e9e|spa|1\n|\n|upkeep\n|turn|35\n|\n|t:|1700158269\n|switch|p1a: Big Mom|Chansey, F|40\/100\n|move|p2a: Diarrh\u00e9e|Scald|p1a: Big Mom\n|-damage|p1a: Big Mom|29\/100\n|\n|upkeep\n|turn|36\n|\n|t:|1700158278\n|move|p1a: Big Mom|Soft-Boiled|p1a: Big Mom\n|-heal|p1a: Big Mom|79\/100\n|move|p2a: Diarrh\u00e9e|Earthquake|p1a: Big Mom\n|-damage|p1a: Big Mom|60\/100\n|\n|upkeep\n|turn|37\n|\n|t:|1700158293\n|-terastallize|p2a: Diarrh\u00e9e|Poison\n|move|p1a: Big Mom|Toxic|p2a: Diarrh\u00e9e\n|-immune|p2a: Diarrh\u00e9e\n|move|p2a: Diarrh\u00e9e|Scald|p1a: Big Mom\n|-damage|p1a: Big Mom|48\/100\n|\n|upkeep\n|turn|38\n|\n|t:|1700158302\n|move|p1a: Big Mom|Soft-Boiled|p1a: Big Mom\n|-heal|p1a: Big Mom|98\/100\n|move|p2a: Diarrh\u00e9e|Scald|p1a: Big Mom\n|-damage|p1a: Big Mom|86\/100\n|\n|upkeep\n|turn|39\n|\n|t:|1700158314\n|switch|p1a: Magma\ud83c\udf1e\ud83d\udd25|Heatran, M, tera:Fire|20\/100\n|move|p2a: Diarrh\u00e9e|Scald|p1a: Magma\ud83c\udf1e\ud83d\udd25\n|-supereffective|p1a: Magma\ud83c\udf1e\ud83d\udd25\n|-damage|p1a: Magma\ud83c\udf1e\ud83d\udd25|0 fnt\n|faint|p1a: Magma\ud83c\udf1e\ud83d\udd25\n|\n|upkeep\n|\n|t:|1700158330\n|switch|p1a: Dragon hunter|Garchomp, F|4\/100\n|turn|40\n|\n|t:|1700158338\n|switch|p2a: Beep Boop|Magnezone, shiny|33\/100\n|move|p1a: Dragon hunter|Earthquake|p2a: Beep Boop\n|-supereffective|p2a: Beep Boop\n|-damage|p2a: Beep Boop|0 fnt\n|faint|p2a: Beep Boop\n|\n|upkeep\n|\n|t:|1700158341\n|switch|p2a: Lemon|Scizor-Mega, M, shiny|100\/100\n|turn|41\n|\n|t:|1700158348\n|-activate|p1a: Dragon hunter|move: Pursuit\n|move|p2a: Lemon|Pursuit|p1a: Dragon hunter|[from]Pursuit\n|-damage|p1a: Dragon hunter|0 fnt\n|-damage|p2a: Lemon|88\/100|[from] ability: Rough Skin|[of] p1a: Dragon hunter\n|faint|p1a: Dragon hunter\n|-hint|A Pokemon can't switch between when it runs out of HP and when it faints\n|\n|upkeep\n|\n|t:|1700158370\n|switch|p1a: 75009 V|Zapdos|65\/100\n|turn|42\n|\n|t:|1700158376\n|move|p1a: 75009 V|Roost|p1a: 75009 V\n|-heal|p1a: 75009 V|100\/100\n|-singleturn|p1a: 75009 V|move: Roost\n|move|p2a: Lemon|Dual Wingbeat|p1a: 75009 V\n|-resisted|p1a: 75009 V\n|-damage|p1a: 75009 V|91\/100\n|-resisted|p1a: 75009 V\n|-damage|p1a: 75009 V|83\/100\n|-hitcount|p1a: 75009 V|2\n|\n|upkeep\n|turn|43\n|\n|t:|1700158389\n|move|p1a: 75009 V|Volt Switch|p2a: Lemon\n|-damage|p2a: Lemon|54\/100\n|-activate|p1a: 75009 V|move: Pursuit\n|move|p2a: Lemon|Pursuit|p1a: 75009 V|[from]Pursuit\n|-damage|p1a: 75009 V|59\/100\n|\n|t:|1700158399\n|switch|p1a: Mobidic|Dondozo, M|100\/100|[from] Volt Switch\n|\n|upkeep\n|turn|44\n|\n|t:|1700158408\n|switch|p2a: Diarrh\u00e9e|Gastrodon, F, shiny, tera:Poison|100\/100\n|switch|p1a: 75009 V|Zapdos|59\/100\n|\n|upkeep\n|turn|45\n|\n|t:|1700158416\n|move|p1a: 75009 V|Volt Switch|p2a: Diarrh\u00e9e\n|-damage|p2a: Diarrh\u00e9e|73\/100\n|\n|t:|1700158419\n|switch|p1a: Big Mom|Chansey, F|86\/100|[from] Volt Switch\n|move|p2a: Diarrh\u00e9e|Scald|p1a: Big Mom\n|-damage|p1a: Big Mom|79\/100\n|\n|-heal|p2a: Diarrh\u00e9e|79\/100|[from] item: Leftovers\n|upkeep\n|turn|46\n|\n|t:|1700158431\n|move|p1a: Big Mom|Seismic Toss|p2a: Diarrh\u00e9e\n|-damage|p2a: Diarrh\u00e9e|56\/100\n|move|p2a: Diarrh\u00e9e|Earthquake|p1a: Big Mom\n|-damage|p1a: Big Mom|62\/100\n|\n|-heal|p2a: Diarrh\u00e9e|62\/100|[from] item: Leftovers\n|upkeep\n|turn|47\n|\n|t:|1700158441\n|move|p1a: Big Mom|Seismic Toss|p2a: Diarrh\u00e9e\n|-damage|p2a: Diarrh\u00e9e|38\/100\n|move|p2a: Diarrh\u00e9e|Scald|p1a: Big Mom\n|-damage|p1a: Big Mom|54\/100\n|\n|-heal|p2a: Diarrh\u00e9e|44\/100|[from] item: Leftovers\n|upkeep\n|turn|48\n|\n|t:|1700158450\n|move|p1a: Big Mom|Seismic Toss|p2a: Diarrh\u00e9e\n|-damage|p2a: Diarrh\u00e9e|21\/100\n|move|p2a: Diarrh\u00e9e|Recover|p2a: Diarrh\u00e9e\n|-heal|p2a: Diarrh\u00e9e|71\/100\n|\n|-heal|p2a: Diarrh\u00e9e|77\/100|[from] item: Leftovers\n|upkeep\n|turn|49\n|\n|t:|1700158459\n|switch|p2a: Lemon|Scizor-Mega, M, shiny|54\/100\n|move|p1a: Big Mom|Seismic Toss|p2a: Lemon\n|-damage|p2a: Lemon|18\/100\n|\n|upkeep\n|turn|50\n|\n|t:|1700158467\n|switch|p1a: 75009 V|Zapdos|59\/100\n|move|p2a: Lemon|Close Combat|p1a: 75009 V\n|-resisted|p1a: 75009 V\n|-damage|p1a: 75009 V|41\/100\n|-unboost|p2a: Lemon|def|1\n|-unboost|p2a: Lemon|spd|1\n|\n|upkeep\n|turn|51\n|\n|t:|1700158475\n|switch|p2a: Battle Bond|Greninja, M, shiny|100\/100\n|move|p1a: 75009 V|Volt Switch|p2a: Battle Bond\n|-supereffective|p2a: Battle Bond\n|-damage|p2a: Battle Bond|7\/100\n|\n|t:|1700158489\n|switch|p1a: Scizor|Scizor-Mega, F|4\/100|[from] Volt Switch\n|\n|upkeep\n|turn|52\n|\n|t:|1700158495\n|switch|p2a: Lemon|Scizor-Mega, M, shiny|18\/100\n|move|p1a: Scizor|Bullet Punch|p2a: Lemon\n|-resisted|p2a: Lemon\n|-damage|p2a: Lemon|3\/100\n|\n|upkeep\n|turn|53\n|\n|t:|1700158500\n|move|p1a: Scizor|Bullet Punch|p2a: Lemon\n|-resisted|p2a: Lemon\n|-damage|p2a: Lemon|0 fnt\n|faint|p2a: Lemon\n|\n|upkeep\n|\n|t:|1700158503\n|switch|p2a: Diarrh\u00e9e|Gastrodon, F, shiny, tera:Poison|77\/100\n|turn|54\n|\n|t:|1700158517\n|move|p1a: Scizor|Knock Off|p2a: Diarrh\u00e9e\n|-damage|p2a: Diarrh\u00e9e|47\/100\n|-enditem|p2a: Diarrh\u00e9e|Leftovers|[from] move: Knock Off|[of] p1a: Scizor\n|move|p2a: Diarrh\u00e9e|Scald|p1a: Scizor\n|-damage|p1a: Scizor|0 fnt\n|faint|p1a: Scizor\n|\n|upkeep\n|\n|t:|1700158526\n|switch|p1a: Big Mom|Chansey, F|54\/100\n|turn|55\n|\n|t:|1700158529\n|move|p1a: Big Mom|Soft-Boiled|p1a: Big Mom\n|-heal|p1a: Big Mom|100\/100\n|move|p2a: Diarrh\u00e9e|Recover|p2a: Diarrh\u00e9e\n|-heal|p2a: Diarrh\u00e9e|97\/100\n|\n|upkeep\n|turn|56\n|inactive|HypernovaFr has 120 seconds left.\n|\n|t:|1700158560\n|move|p1a: Big Mom|Seismic Toss|p2a: Diarrh\u00e9e\n|-damage|p2a: Diarrh\u00e9e|74\/100\n|move|p2a: Diarrh\u00e9e|Scald|p1a: Big Mom\n|-damage|p1a: Big Mom|93\/100\n|\n|upkeep\n|turn|57\n|\n|t:|1700158569\n|move|p1a: Big Mom|Seismic Toss|p2a: Diarrh\u00e9e\n|-damage|p2a: Diarrh\u00e9e|50\/100\n|move|p2a: Diarrh\u00e9e|Scald|p1a: Big Mom\n|-damage|p1a: Big Mom|84\/100\n|\n|upkeep\n|turn|58\n|\n|t:|1700158576\n|move|p1a: Big Mom|Seismic Toss|p2a: Diarrh\u00e9e\n|-damage|p2a: Diarrh\u00e9e|27\/100\n|move|p2a: Diarrh\u00e9e|Recover|p2a: Diarrh\u00e9e\n|-heal|p2a: Diarrh\u00e9e|77\/100\n|\n|upkeep\n|turn|59\n|inactive|HypernovaFr has 120 seconds left.\n|inactive|HypernovaFr has 90 seconds left.\n|c|\u2606HypernovaFr|why he doesn't want de be burn?\n|\n|t:|1700158636\n|move|p1a: Big Mom|Seismic Toss|p2a: Diarrh\u00e9e\n|-damage|p2a: Diarrh\u00e9e|53\/100\n|move|p2a: Diarrh\u00e9e|Earthquake|p1a: Big Mom\n|-damage|p1a: Big Mom|64\/100\n|\n|upkeep\n|turn|60\n|\n|t:|1700158645\n|move|p1a: Big Mom|Seismic Toss|p2a: Diarrh\u00e9e\n|-damage|p2a: Diarrh\u00e9e|30\/100\n|move|p2a: Diarrh\u00e9e|Earthquake|p1a: Big Mom\n|-damage|p1a: Big Mom|43\/100\n|\n|upkeep\n|turn|61\n|c|\u2606Atnanos|Luck\n|\n|t:|1700158662\n|move|p1a: Big Mom|Seismic Toss|p2a: Diarrh\u00e9e\n|-damage|p2a: Diarrh\u00e9e|6\/100\n|move|p2a: Diarrh\u00e9e|Recover|p2a: Diarrh\u00e9e\n|-heal|p2a: Diarrh\u00e9e|56\/100\n|\n|upkeep\n|turn|62\n|c|\u2606HypernovaFr|wow\n|\n|t:|1700158688\n|move|p1a: Big Mom|Soft-Boiled|p1a: Big Mom\n|-heal|p1a: Big Mom|93\/100\n|move|p2a: Diarrh\u00e9e|Scald|p1a: Big Mom\n|-damage|p1a: Big Mom|85\/100\n|\n|upkeep\n|turn|63\n|\n|t:|1700158696\n|move|p1a: Big Mom|Seismic Toss|p2a: Diarrh\u00e9e\n|-damage|p2a: Diarrh\u00e9e|33\/100\n|move|p2a: Diarrh\u00e9e|Earthquake|p1a: Big Mom\n|-crit|p1a: Big Mom\n|-damage|p1a: Big Mom|57\/100\n|\n|upkeep\n|turn|64\n|\n|t:|1700158703\n|move|p1a: Big Mom|Seismic Toss|p2a: Diarrh\u00e9e\n|-damage|p2a: Diarrh\u00e9e|9\/100\n|move|p2a: Diarrh\u00e9e|Recover|p2a: Diarrh\u00e9e\n|-heal|p2a: Diarrh\u00e9e|59\/100\n|\n|upkeep\n|turn|65\n|\n|t:|1700158709\n|move|p1a: Big Mom|Seismic Toss|p2a: Diarrh\u00e9e\n|-damage|p2a: Diarrh\u00e9e|36\/100\n|move|p2a: Diarrh\u00e9e|Earthquake|p1a: Big Mom\n|-damage|p1a: Big Mom|38\/100\n|\n|upkeep\n|turn|66\n|\n|t:|1700158716\n|move|p1a: Big Mom|Soft-Boiled|p1a: Big Mom\n|-heal|p1a: Big Mom|88\/100\n|move|p2a: Diarrh\u00e9e|Recover|p2a: Diarrh\u00e9e\n|-heal|p2a: Diarrh\u00e9e|86\/100\n|\n|upkeep\n|turn|67\n|\n|t:|1700158728\n|move|p1a: Big Mom|Seismic Toss|p2a: Diarrh\u00e9e\n|-damage|p2a: Diarrh\u00e9e|62\/100\n|move|p2a: Diarrh\u00e9e|Earthquake|p1a: Big Mom\n|-damage|p1a: Big Mom|70\/100\n|\n|upkeep\n|turn|68\n|\n|t:|1700158738\n|move|p1a: Big Mom|Seismic Toss|p2a: Diarrh\u00e9e\n|-damage|p2a: Diarrh\u00e9e|39\/100\n|move|p2a: Diarrh\u00e9e|Earthquake|p1a: Big Mom\n|-damage|p1a: Big Mom|51\/100\n|\n|upkeep\n|turn|69\n|\n|t:|1700158752\n|switch|p1a: 75009 V|Zapdos|41\/100\n|move|p2a: Diarrh\u00e9e|Recover|p2a: Diarrh\u00e9e\n|-heal|p2a: Diarrh\u00e9e|89\/100\n|\n|upkeep\n|turn|70\n|\n|t:|1700158759\n|move|p1a: 75009 V|Roost|p1a: 75009 V\n|-heal|p1a: 75009 V|91\/100\n|-singleturn|p1a: 75009 V|move: Roost\n|move|p2a: Diarrh\u00e9e|Earthquake|p1a: 75009 V\n|-supereffective|p1a: 75009 V\n|-damage|p1a: 75009 V|47\/100\n|\n|upkeep\n|turn|71\n|\n|t:|1700158767\n|move|p1a: 75009 V|Hidden Power|p2a: Diarrh\u00e9e\n|-damage|p2a: Diarrh\u00e9e|75\/100\n|move|p2a: Diarrh\u00e9e|Earthquake|p1a: 75009 V\n|-immune|p1a: 75009 V\n|\n|upkeep\n|turn|72\n|\n|t:|1700158774\n|move|p1a: 75009 V|Volt Switch|p2a: Diarrh\u00e9e\n|-crit|p2a: Diarrh\u00e9e\n|-damage|p2a: Diarrh\u00e9e|35\/100\n|\n|t:|1700158782\n|switch|p1a: Mobidic|Dondozo, M|100\/100|[from] Volt Switch\n|move|p2a: Diarrh\u00e9e|Earthquake|p1a: Mobidic\n|-damage|p1a: Mobidic|88\/100\n|\n|-heal|p1a: Mobidic|95\/100|[from] item: Leftovers\n|upkeep\n|turn|73\n|\n|t:|1700158794\n|switch|p1a: 75009 V|Zapdos|47\/100\n|move|p2a: Diarrh\u00e9e|Recover|p2a: Diarrh\u00e9e\n|-heal|p2a: Diarrh\u00e9e|85\/100\n|\n|upkeep\n|turn|74\n|\n|t:|1700158803\n|move|p1a: 75009 V|Volt Switch|p2a: Diarrh\u00e9e\n|-damage|p2a: Diarrh\u00e9e|61\/100\n|\n|t:|1700158806\n|switch|p1a: Big Mom|Chansey, F|51\/100|[from] Volt Switch\n|move|p2a: Diarrh\u00e9e|Earthquake|p1a: Big Mom\n|-damage|p1a: Big Mom|33\/100\n|\n|upkeep\n|turn|75\n|\n|t:|1700158827\n|switch|p2a: Battle Bond|Greninja, M, shiny|7\/100\n|move|p1a: Big Mom|Soft-Boiled|p1a: Big Mom\n|-heal|p1a: Big Mom|83\/100\n|\n|upkeep\n|turn|76\n|\n|t:|1700158844\n|move|p2a: Battle Bond|Gunk Shot|p1a: Big Mom\n|-start|p2a: Battle Bond|typechange|Poison|[from] ability: Protean\n|-damage|p1a: Big Mom|54\/100\n|move|p1a: Big Mom|Seismic Toss|p2a: Battle Bond\n|-damage|p2a: Battle Bond|0 fnt\n|faint|p2a: Battle Bond\n|\n|upkeep\n|\n|t:|1700158848\n|switch|p2a: Diarrh\u00e9e|Gastrodon, F, shiny, tera:Poison|61\/100\n|turn|77\n|c|\u2606HypernovaFr|wow he did nothing\n|\n|t:|1700158868\n|move|p1a: Big Mom|Seismic Toss|p2a: Diarrh\u00e9e\n|-damage|p2a: Diarrh\u00e9e|37\/100\n|move|p2a: Diarrh\u00e9e|Scald|p1a: Big Mom\n|-damage|p1a: Big Mom|46\/100\n|-status|p1a: Big Mom|brn\n|\n|-damage|p1a: Big Mom|40\/100 brn|[from] brn\n|upkeep\n|turn|78\n|c|\u2606HypernovaFr|;_;\n|inactive|HypernovaFr has 120 seconds left.\n|\n|t:|1700158888\n|-curestatus|p1a: Big Mom|brn|[from] ability: Natural Cure\n|switch|p1a: 75009 V|Zapdos|47\/100\n|move|p2a: Diarrh\u00e9e|Scald|p1a: 75009 V\n|-damage|p1a: 75009 V|22\/100\n|\n|upkeep\n|turn|79\n|\n|t:|1700158898\n|move|p1a: 75009 V|Volt Switch|p2a: Diarrh\u00e9e\n|-damage|p2a: Diarrh\u00e9e|12\/100\n|\n|t:|1700158901\n|switch|p1a: Big Mom|Chansey, F|40\/100|[from] Volt Switch\n|move|p2a: Diarrh\u00e9e|Earthquake|p1a: Big Mom\n|-crit|p1a: Big Mom\n|-damage|p1a: Big Mom|11\/100\n|\n|upkeep\n|turn|80\n|\n|t:|1700158910\n|move|p1a: Big Mom|Seismic Toss|p2a: Diarrh\u00e9e\n|-damage|p2a: Diarrh\u00e9e|0 fnt\n|faint|p2a: Diarrh\u00e9e\n|\n|win|Atnanos\n|raw|Atnanos's rating: 1447 &rarr; <strong>1468<\/strong><br \/>(+21 for winning)\n|raw|HypernovaFr's rating: 1466 &rarr; <strong>1445<\/strong><br \/>(-21 for losing)\n|c|\u2606HypernovaFr|gg\n","uploadtime":1700158920,"views":6,"p1id":"atnanos","p2id":"hypernovafr","formatid":"gen9nationaldex","rating":1445,"private":0,"password":""}