{"id":"gen9nationaldex-1993533116","p1":"mimitox","p2":"Skarlight_08","format":"[Gen 9] National Dex","log":"|j|\u2606mimitox\n|j|\u2606Skarlight_08\n|t:|1700328858\n|gametype|singles\n|player|p1|mimitox|170|1133\n|player|p2|Skarlight_08|265|1082\n|teamsize|p1|6\n|teamsize|p2|6\n|gen|9\n|tier|[Gen 9] National Dex\n|rated|\n|rule|HP Percentage Mod: HP is shown in percentages\n|rule|Endless Battle Clause: Forcing endless battles is banned\n|rule|OHKO Clause: OHKO moves are banned\n|rule|Evasion Clause: Evasion abilities, items, and moves are banned\n|rule|Evasion Abilities Clause: Evasion abilities are banned\n|rule|Evasion Items Clause: Evasion items are banned\n|rule|Evasion Moves Clause: Evasion moves are banned\n|rule|Species Clause: Limit one of each Pok\u00e9mon\n|rule|Sleep Clause Mod: Limit one foe put to sleep\n|clearpoke\n|poke|p1|Lurantis, M|\n|poke|p1|Inteleon, M|\n|poke|p1|Blaziken, F|\n|poke|p1|Landorus-Therian, M|\n|poke|p1|Tinkaton, F|\n|poke|p1|Morpeko, F|\n|poke|p2|Blaziken, M|\n|poke|p2|Mimikyu, F|\n|poke|p2|Zoroark, M|\n|poke|p2|Leafeon, F|\n|poke|p2|Chandelure, F|\n|poke|p2|Chansey, F|\n|teampreview\n|\n|t:|1700328886\n|start\n|switch|p1a: Inteleon|Inteleon, M|100\/100\n|switch|p2a: Leafeon|Leafeon, F|100\/100\n|turn|1\n|\n|t:|1700328897\n|move|p1a: Inteleon|Ice Beam|p2a: Leafeon\n|-damage|p2a: Leafeon|15\/100\n|replace|p2a: Zoroark|Zoroark, M\n|-end|p2a: Zoroark|Illusion\n|move|p2a: Zoroark|Nasty Plot|p2a: Zoroark\n|-boost|p2a: Zoroark|spa|2\n|\n|upkeep\n|turn|2\n|\n|t:|1700328907\n|move|p1a: Inteleon|Ice Beam|p2a: Zoroark\n|-damage|p2a: Zoroark|0 fnt\n|faint|p2a: Zoroark\n|\n|upkeep\n|\n|t:|1700328916\n|switch|p2a: Chansey|Chansey, F|100\/100\n|turn|3\n|\n|t:|1700328920\n|move|p1a: Inteleon|Ice Beam|p2a: Chansey\n|-damage|p2a: Chansey|90\/100\n|-status|p2a: Chansey|frz\n|cant|p2a: Chansey|frz\n|\n|upkeep\n|turn|4\n|c|\u2606mimitox|i'm sorry\n|\n|t:|1700328937\n|switch|p1a: Lurantis|Lurantis, M|100\/100\n|-curestatus|p2a: Chansey|frz|[msg]\n|move|p2a: Chansey|Toxic|p1a: Lurantis\n|-status|p1a: Lurantis|tox\n|\n|-damage|p1a: Lurantis|94\/100 tox|[from] psn\n|upkeep\n|turn|5\n|\n|t:|1700328946\n|move|p2a: Chansey|Soft-Boiled|p2a: Chansey\n|-heal|p2a: Chansey|100\/100\n|move|p1a: Lurantis|Superpower|p2a: Chansey\n|-supereffective|p2a: Chansey\n|-damage|p2a: Chansey|0 fnt\n|-boost|p1a: Lurantis|atk|1\n|-boost|p1a: Lurantis|def|1\n|faint|p2a: Chansey\n|-damage|p1a: Lurantis|84\/100 tox|[from] item: Life Orb\n|\n|-damage|p1a: Lurantis|72\/100 tox|[from] psn\n|upkeep\n|\n|t:|1700328954\n|switch|p2a: Chandelure|Chandelure, F|100\/100\n|turn|6\n|\n|t:|1700328967\n|switch|p1a: Landorus|Landorus-Therian, M|100\/100\n|-ability|p1a: Landorus|Intimidate|boost\n|-unboost|p2a: Chandelure|atk|1\n|-terastallize|p2a: Chandelure|Ghost\n|move|p2a: Chandelure|Shadow Ball|p1a: Landorus\n|-damage|p1a: Landorus|23\/100\n|\n|upkeep\n|turn|7\n|\n|t:|1700328977\n|move|p2a: Chandelure|Shadow Ball|p1a: Landorus\n|-damage|p1a: Landorus|0 fnt\n|faint|p1a: Landorus\n|\n|upkeep\n|\n|t:|1700328983\n|switch|p1a: Inteleon|Inteleon, M|100\/100\n|turn|8\n|\n|t:|1700328988\n|move|p2a: Chandelure|Shadow Ball|p1a: Inteleon\n|-damage|p1a: Inteleon|3\/100\n|move|p1a: Inteleon|Shadow Ball|p2a: Chandelure\n|-supereffective|p2a: Chandelure\n|-damage|p2a: Chandelure|0 fnt\n|faint|p2a: Chandelure\n|\n|upkeep\n|\n|t:|1700328996\n|switch|p2a: Mimikyu|Mimikyu, F|100\/100\n|turn|9\n|\n|t:|1700329000\n|move|p2a: Mimikyu|Shadow Sneak|p1a: Inteleon\n|-damage|p1a: Inteleon|0 fnt\n|faint|p1a: Inteleon\n|\n|upkeep\n|\n|t:|1700329003\n|switch|p1a: Morpeko|Morpeko, F|100\/100\n|turn|10\n|\n|t:|1700329009\n|move|p1a: Morpeko|Aura Wheel|p2a: Mimikyu\n|-activate|p2a: Mimikyu|ability: Disguise\n|-damage|p2a: Mimikyu|100\/100\n|-boost|p1a: Morpeko|spe|1\n|detailschange|p2a: Mimikyu|Mimikyu-Busted, F\n|-damage|p2a: Mimikyu|88\/100|[from] pokemon: Mimikyu-Busted\n|-zpower|p2a: Mimikyu\n|move|p2a: Mimikyu|Let's Snuggle Forever|p1a: Morpeko|[zeffect]\n|-supereffective|p1a: Morpeko\n|-damage|p1a: Morpeko|0 fnt\n|faint|p1a: Morpeko\n|\n|upkeep\n|\n|t:|1700329018\n|switch|p1a: Tinkaton|Tinkaton, F|100\/100\n|-ability|p1a: Tinkaton|Mold Breaker\n|turn|11\n|\n|t:|1700329031\n|switch|p2a: Leafeon|Leafeon, F|100\/100\n|move|p1a: Tinkaton|Knock Off|p2a: Leafeon\n|-damage|p2a: Leafeon|86\/100\n|-enditem|p2a: Leafeon|Leftovers|[from] move: Knock Off|[of] p1a: Tinkaton\n|\n|upkeep\n|turn|12\n|\n|t:|1700329040\n|move|p1a: Tinkaton|Gigaton Hammer|p2a: Leafeon\n|-damage|p2a: Leafeon|48\/100\n|move|p2a: Leafeon|Leech Seed|p1a: Tinkaton\n|-start|p1a: Tinkaton|move: Leech Seed\n|\n|-damage|p1a: Tinkaton|88\/100|[from] Leech Seed|[of] p2a: Leafeon\n|-heal|p2a: Leafeon|60\/100|[silent]\n|upkeep\n|turn|13\n|\n|t:|1700329050\n|switch|p1a: Blaziken|Blaziken, F|100\/100\n|move|p2a: Leafeon|Substitute|p2a: Leafeon\n|-start|p2a: Leafeon|Substitute\n|-damage|p2a: Leafeon|35\/100\n|\n|upkeep\n|turn|14\n|\n|t:|1700329066\n|move|p1a: Blaziken|Flare Blitz|p2a: Leafeon\n|-supereffective|p2a: Leafeon\n|-end|p2a: Leafeon|Substitute\n|-damage|p1a: Blaziken|92\/100|[from] Recoil|[of] p2a: Leafeon\n|move|p2a: Leafeon|Aerial Ace|p1a: Blaziken\n|-supereffective|p1a: Blaziken\n|-damage|p1a: Blaziken|46\/100\n|\n|-ability|p1a: Blaziken|Speed Boost|boost\n|-boost|p1a: Blaziken|spe|1\n|upkeep\n|turn|15\n|\n|t:|1700329078\n|move|p1a: Blaziken|Flare Blitz|p2a: Leafeon\n|-supereffective|p2a: Leafeon\n|-damage|p2a: Leafeon|0 fnt\n|faint|p2a: Leafeon\n|-damage|p1a: Blaziken|33\/100|[from] Recoil\n|\n|-ability|p1a: Blaziken|Speed Boost|boost\n|-boost|p1a: Blaziken|spe|1\n|upkeep\n|\n|t:|1700329087\n|switch|p2a: Blaziken|Blaziken, M|100\/100\n|turn|16\n|\n|t:|1700329109\n|move|p1a: Blaziken|Earthquake|p2a: Blaziken\n|-supereffective|p2a: Blaziken\n|-damage|p2a: Blaziken|0 fnt\n|faint|p2a: Blaziken\n|\n|-ability|p1a: Blaziken|Speed Boost|boost\n|-boost|p1a: Blaziken|spe|1\n|upkeep\n|\n|t:|1700329116\n|switch|p2a: Mimikyu|Mimikyu-Busted, F|88\/100\n|turn|17\n|\n|t:|1700329119\n|move|p2a: Mimikyu|Shadow Sneak|p1a: Blaziken\n|-damage|p1a: Blaziken|8\/100\n|move|p1a: Blaziken|Flare Blitz|p2a: Mimikyu\n|-damage|p2a: Mimikyu|0 fnt\n|faint|p2a: Mimikyu\n|-damage|p1a: Blaziken|0 fnt|[from] Recoil\n|faint|p1a: Blaziken\n|\n|win|mimitox\n|raw|mimitox's rating: 1133 &rarr; <strong>1154<\/strong><br \/>(+21 for winning)\n|raw|Skarlight_08's rating: 1082 &rarr; <strong>1063<\/strong><br \/>(-19 for losing)\n","uploadtime":1700329128,"views":7,"p1id":"mimitox","p2id":"skarlight08","formatid":"gen9nationaldex","rating":1063,"private":0,"password":""}