{"id":"gen9nationaldex-1988534170","p1":"Asian_Caden","p2":"Raiulenx9","format":"[Gen 9] National Dex","log":"|j|\u2606Asian_Caden\n|j|\u2606Raiulenx9\n|t:|1699733255\n|gametype|singles\n|player|p1|Asian_Caden|1|1128\n|player|p2|Raiulenx9|n|1093\n|teamsize|p1|6\n|teamsize|p2|6\n|gen|9\n|tier|[Gen 9] National Dex\n|rated|\n|rule|HP Percentage Mod: HP is shown in percentages\n|rule|Endless Battle Clause: Forcing endless battles is banned\n|rule|OHKO Clause: OHKO moves are banned\n|rule|Evasion Clause: Evasion abilities, items, and moves are banned\n|rule|Evasion Abilities Clause: Evasion abilities are banned\n|rule|Evasion Items Clause: Evasion items are banned\n|rule|Evasion Moves Clause: Evasion moves are banned\n|rule|Species Clause: Limit one of each Pok\u00e9mon\n|rule|Sleep Clause Mod: Limit one foe put to sleep\n|clearpoke\n|poke|p1|Polteageist|\n|poke|p1|Iron Valiant|\n|poke|p1|Greninja-*, M|\n|poke|p1|Blaziken, F|\n|poke|p1|Aerodactyl, M|\n|poke|p1|Arctozolt|\n|poke|p2|Ceruledge, F|\n|poke|p2|Ferrothorn, F|\n|poke|p2|Ninetales-Alola, F|\n|poke|p2|Sneasler, M|\n|poke|p2|Gliscor, F|\n|poke|p2|Rotom-Wash|\n|teampreview\n|\n|t:|1699733263\n|start\n|switch|p1a: Arctozolt|Arctozolt|100\/100\n|switch|p2a: Ninetales|Ninetales-Alola, F|100\/100\n|-weather|Snow|[from] ability: Snow Warning|[of] p2a: Ninetales\n|turn|1\n|\n|t:|1699733269\n|move|p2a: Ninetales|Aurora Veil|p2a: Ninetales\n|-sidestart|p2: Raiulenx9|move: Aurora Veil\n|move|p1a: Arctozolt|Iron Tail|p2a: Ninetales\n|-supereffective|p2a: Ninetales\n|-crit|p2a: Ninetales\n|-damage|p2a: Ninetales|0 fnt\n|faint|p2a: Ninetales\n|-damage|p1a: Arctozolt|91\/100|[from] item: Life Orb\n|\n|-weather|Snow|[upkeep]\n|upkeep\n|\n|t:|1699733278\n|switch|p2a: Ceruledge|Ceruledge, F|100\/100\n|turn|2\n|\n|t:|1699733285\n|move|p2a: Ceruledge|Swords Dance|p2a: Ceruledge\n|-boost|p2a: Ceruledge|atk|2\n|move|p1a: Arctozolt|Stone Edge|p2a: Ceruledge\n|-supereffective|p2a: Ceruledge\n|-damage|p2a: Ceruledge|38\/100\n|-ability|p2a: Ceruledge|Weak Armor|boost\n|-unboost|p2a: Ceruledge|def|1\n|-boost|p2a: Ceruledge|spe|2\n|-damage|p1a: Arctozolt|81\/100|[from] item: Life Orb\n|\n|-weather|Snow|[upkeep]\n|-heal|p2a: Ceruledge|44\/100|[from] item: Leftovers\n|upkeep\n|turn|3\n|\n|t:|1699733296\n|move|p2a: Ceruledge|Bitter Blade|p1a: Arctozolt\n|-supereffective|p1a: Arctozolt\n|-damage|p1a: Arctozolt|0 fnt\n|-heal|p2a: Ceruledge|97\/100|[from] drain|[of] p1a: Arctozolt\n|faint|p1a: Arctozolt\n|\n|-weather|Snow|[upkeep]\n|-heal|p2a: Ceruledge|100\/100|[from] item: Leftovers\n|upkeep\n|\n|t:|1699733321\n|switch|p1a: Polteageist|Polteageist|100\/100\n|turn|4\n|\n|t:|1699733332\n|move|p2a: Ceruledge|Shadow Sneak|p1a: Polteageist\n|-supereffective|p1a: Polteageist\n|-enditem|p1a: Polteageist|Focus Sash\n|-damage|p1a: Polteageist|1\/100\n|-ability|p1a: Polteageist|Weak Armor|boost\n|-unboost|p1a: Polteageist|def|1\n|-boost|p1a: Polteageist|spe|2\n|move|p1a: Polteageist|Shell Smash|p1a: Polteageist\n|-unboost|p1a: Polteageist|def|1\n|-unboost|p1a: Polteageist|spd|1\n|-boost|p1a: Polteageist|atk|2\n|-boost|p1a: Polteageist|spa|2\n|-boost|p1a: Polteageist|spe|2\n|\n|-weather|Snow|[upkeep]\n|upkeep\n|turn|5\n|\n|t:|1699733343\n|move|p2a: Ceruledge|Shadow Sneak|p1a: Polteageist\n|-supereffective|p1a: Polteageist\n|-damage|p1a: Polteageist|0 fnt\n|faint|p1a: Polteageist\n|\n|-weather|none\n|upkeep\n|\n|t:|1699733348\n|switch|p1a: Greninja|Greninja, M|100\/100\n|turn|6\n|\n|t:|1699733352\n|move|p2a: Ceruledge|Close Combat|p1a: Greninja\n|-supereffective|p1a: Greninja\n|-damage|p1a: Greninja|0 fnt\n|-unboost|p2a: Ceruledge|def|1\n|-unboost|p2a: Ceruledge|spd|1\n|faint|p1a: Greninja\n|\n|upkeep\n|\n|t:|1699733367\n|switch|p1a: Iron Valiant|Iron Valiant|100\/100\n|-enditem|p1a: Iron Valiant|Booster Energy\n|-activate|p1a: Iron Valiant|ability: Quark Drive|[fromitem]\n|-start|p1a: Iron Valiant|quarkdrivespe\n|turn|7\n|\n|t:|1699733417\n|move|p2a: Ceruledge|Shadow Sneak|p1a: Iron Valiant\n|-damage|p1a: Iron Valiant|45\/100\n|move|p1a: Iron Valiant|Moonblast|p2a: Ceruledge\n|-resisted|p2a: Ceruledge\n|-damage|p2a: Ceruledge|79\/100\n|\n|-heal|p2a: Ceruledge|85\/100|[from] item: Leftovers\n|upkeep\n|turn|8\n|\n|t:|1699733424\n|move|p2a: Ceruledge|Shadow Sneak|p1a: Iron Valiant\n|-damage|p1a: Iron Valiant|0 fnt\n|faint|p1a: Iron Valiant\n|-end|p1a: Iron Valiant|Quark Drive|[silent]\n|\n|-heal|p2a: Ceruledge|91\/100|[from] item: Leftovers\n|-sideend|p2: Raiulenx9|move: Aurora Veil\n|upkeep\n|\n|t:|1699733431\n|switch|p1a: Blaziken|Blaziken, F|100\/100\n|turn|9\n|\n|t:|1699733462\n|move|p1a: Blaziken|Protect|p1a: Blaziken\n|-singleturn|p1a: Blaziken|Protect\n|move|p2a: Ceruledge|Close Combat|p1a: Blaziken\n|-activate|p1a: Blaziken|move: Protect\n|\n|-heal|p2a: Ceruledge|97\/100|[from] item: Leftovers\n|-ability|p1a: Blaziken|Speed Boost|boost\n|-boost|p1a: Blaziken|spe|1\n|upkeep\n|turn|10\n|\n|t:|1699733470\n|move|p2a: Ceruledge|Close Combat|p1a: Blaziken\n|-enditem|p1a: Blaziken|Focus Sash\n|-damage|p1a: Blaziken|1\/100\n|-unboost|p2a: Ceruledge|def|1\n|-unboost|p2a: Ceruledge|spd|1\n|move|p1a: Blaziken|Blaze Kick|p2a: Ceruledge|[miss]\n|-miss|p1a: Blaziken|p2a: Ceruledge\n|\n|-heal|p2a: Ceruledge|100\/100|[from] item: Leftovers\n|-ability|p1a: Blaziken|Speed Boost|boost\n|-boost|p1a: Blaziken|spe|1\n|upkeep\n|turn|11\n|\n|t:|1699733481\n|move|p1a: Blaziken|Protect|p1a: Blaziken\n|-singleturn|p1a: Blaziken|Protect\n|move|p2a: Ceruledge|Shadow Sneak|p1a: Blaziken\n|-activate|p1a: Blaziken|move: Protect\n|\n|-ability|p1a: Blaziken|Speed Boost|boost\n|-boost|p1a: Blaziken|spe|1\n|upkeep\n|turn|12\n|\n|t:|1699733488\n|move|p2a: Ceruledge|Shadow Sneak|p1a: Blaziken\n|-damage|p1a: Blaziken|0 fnt\n|faint|p1a: Blaziken\n|\n|upkeep\n|\n|t:|1699733491\n|switch|p1a: Aerodactyl|Aerodactyl, M|100\/100\n|turn|13\n|\n|t:|1699733510\n|detailschange|p1a: Aerodactyl|Aerodactyl-Mega, M\n|-mega|p1a: Aerodactyl|Aerodactyl|Aerodactylite\n|move|p2a: Ceruledge|Close Combat|p1a: Aerodactyl\n|-damage|p1a: Aerodactyl|0 fnt\n|-unboost|p2a: Ceruledge|def|1\n|-unboost|p2a: Ceruledge|spd|1\n|faint|p1a: Aerodactyl\n|\n|win|Raiulenx9\n|raw|Asian_Caden's rating: 1128 &rarr; <strong>1100<\/strong><br \/>(-28 for losing)\n|raw|Raiulenx9's rating: 1093 &rarr; <strong>1122<\/strong><br \/>(+29 for winning)\n|l|\u2606Asian_Caden\n","uploadtime":1699733519,"views":8,"p1id":"asiancaden","p2id":"raiulenx9","formatid":"gen9nationaldex","rating":1100,"private":0,"password":""}