{"id":"gen9nationaldex-1989287184","p1":"Kromydas","p2":"Ultrakarolax","format":"[Gen 9] National Dex","log":"|j|\u203dKromydas\n|j|\u2606Ultrakarolax\n|t:|1699832118\n|gametype|singles\n|player|p1|Kromydas|1|1082\n|player|p2|Ultrakarolax|pokekid|1138\n|teamsize|p1|6\n|teamsize|p2|6\n|gen|9\n|tier|[Gen 9] National Dex\n|rated|\n|rule|HP Percentage Mod: HP is shown in percentages\n|rule|Endless Battle Clause: Forcing endless battles is banned\n|rule|OHKO Clause: OHKO moves are banned\n|rule|Evasion Clause: Evasion abilities, items, and moves are banned\n|rule|Evasion Abilities Clause: Evasion abilities are banned\n|rule|Evasion Items Clause: Evasion items are banned\n|rule|Evasion Moves Clause: Evasion moves are banned\n|rule|Species Clause: Limit one of each Pok\u00e9mon\n|rule|Sleep Clause Mod: Limit one foe put to sleep\n|clearpoke\n|poke|p1|Pelipper, M|\n|poke|p1|Heliolisk, F|\n|poke|p1|Spidops, M|\n|poke|p1|Pyukumuku, F|\n|poke|p1|Swampert, M|\n|poke|p1|Drednaw, F|\n|poke|p2|Vaporeon, F|\n|poke|p2|Eevee, F|\n|poke|p2|Jolteon, M|\n|poke|p2|Flareon, F|\n|poke|p2|Espeon, F|\n|poke|p2|Umbreon, M|\n|teampreview\n|inactive|Battle timer is ON: inactive players will automatically lose when time's up. (requested by Ultrakarolax)\n|\n|t:|1699832136\n|start\n|switch|p1a: Spidops|Spidops, M|100\/100\n|switch|p2a: Jolteon|Jolteon, M|100\/100\n|turn|1\n|\n|t:|1699832146\n|move|p1a: Spidops|Silk Trap|p1a: Spidops\n|-singleturn|p1a: Spidops|Protect\n|move|p2a: Jolteon|Calm Mind|p2a: Jolteon\n|-boost|p2a: Jolteon|spa|1\n|-boost|p2a: Jolteon|spd|1\n|\n|upkeep\n|turn|2\n|\n|t:|1699832153\n|move|p2a: Jolteon|Thunderbolt|p1a: Spidops\n|-enditem|p1a: Spidops|Focus Sash\n|-damage|p1a: Spidops|1\/100\n|-damage|p2a: Jolteon|91\/100|[from] item: Life Orb\n|move|p1a: Spidops|Sticky Web|p2a: Jolteon\n|-sidestart|p2: Ultrakarolax|move: Sticky Web\n|\n|upkeep\n|turn|3\n|\n|t:|1699832160\n|move|p1a: Spidops|Silk Trap|p1a: Spidops\n|-singleturn|p1a: Spidops|Protect\n|move|p2a: Jolteon|Calm Mind|p2a: Jolteon\n|-boost|p2a: Jolteon|spa|1\n|-boost|p2a: Jolteon|spd|1\n|\n|upkeep\n|turn|4\n|\n|t:|1699832166\n|move|p2a: Jolteon|Thunderbolt|p1a: Spidops\n|-damage|p1a: Spidops|0 fnt\n|faint|p1a: Spidops\n|-damage|p2a: Jolteon|81\/100|[from] item: Life Orb\n|\n|upkeep\n|\n|t:|1699832169\n|switch|p1a: Pelipper|Pelipper, M|100\/100\n|-weather|RainDance|[from] ability: Drizzle|[of] p1a: Pelipper\n|turn|5\n|\n|t:|1699832177\n|switch|p1a: Swampert|Swampert, M|100\/100\n|move|p2a: Jolteon|Thunderbolt|p1a: Swampert\n|-immune|p1a: Swampert\n|\n|-weather|RainDance|[upkeep]\n|upkeep\n|turn|6\n|\n|t:|1699832187\n|detailschange|p1a: Swampert|Swampert-Mega, M\n|-mega|p1a: Swampert|Swampert|Swampertite\n|-terastallize|p2a: Jolteon|Ice\n|move|p2a: Jolteon|Tera Blast|p1a: Swampert|[anim] Tera Blast Ice\n|-crit|p1a: Swampert\n|-damage|p1a: Swampert|0 fnt\n|faint|p1a: Swampert\n|-damage|p2a: Jolteon|71\/100|[from] item: Life Orb\n|\n|-weather|RainDance|[upkeep]\n|upkeep\n|\n|t:|1699832192\n|switch|p1a: Drednaw|Drednaw, F|100\/100\n|turn|7\n|\n|t:|1699832200\n|move|p2a: Jolteon|Thunderbolt|p1a: Drednaw\n|-supereffective|p1a: Drednaw\n|-crit|p1a: Drednaw\n|-damage|p1a: Drednaw|0 fnt\n|faint|p1a: Drednaw\n|-damage|p2a: Jolteon|61\/100|[from] item: Life Orb\n|\n|-weather|RainDance|[upkeep]\n|upkeep\n|\n|t:|1699832204\n|switch|p1a: Heliolisk|Heliolisk, F|100\/100\n|turn|8\n|\n|t:|1699832212\n|-terastallize|p1a: Heliolisk|Ground\n|move|p2a: Jolteon|Tera Blast|p1a: Heliolisk|[anim] Tera Blast Ice\n|-supereffective|p1a: Heliolisk\n|-damage|p1a: Heliolisk|0 fnt\n|faint|p1a: Heliolisk\n|-damage|p2a: Jolteon|51\/100|[from] item: Life Orb\n|\n|-weather|RainDance|[upkeep]\n|upkeep\n|-message|Kromydas forfeited.\n|\n|win|Ultrakarolax\n|raw|Kromydas's rating: 1082 &rarr; <strong>1063<\/strong><br \/>(-19 for losing)\n|raw|Ultrakarolax's rating: 1138 &rarr; <strong>1159<\/strong><br \/>(+21 for winning)\n|l|\u203dKromydas\n","uploadtime":1699832224,"views":6,"p1id":"kromydas","p2id":"ultrakarolax","formatid":"gen9nationaldex","rating":1063,"private":0,"password":""}