{"id":"gen9nationaldex-1999713144","p1":"ctufan23","p2":"batmanga","format":"[Gen 9] National Dex","log":"|html|<div class=\"broadcast-blue\"><strong>[Gen 9] National Dex is currently suspecting Sneasler! For information on how to participate check out the <a href=\"https:\/\/www.smogon.com\/forums\/threads\/sv-national-dex-suspect-8-just-dance.3731534\/\">suspect thread<\/a>.<\/strong><\/div>\n|j|\u2606ctufan23\n|j|\u2606batmanga\n|t:|1701110119\n|gametype|singles\n|player|p1|ctufan23|gentleman-gen4|1682\n|player|p2|batmanga|102|1635\n|teamsize|p1|6\n|teamsize|p2|6\n|gen|9\n|tier|[Gen 9] National Dex\n|rated|\n|rule|HP Percentage Mod: HP is shown in percentages\n|rule|Endless Battle Clause: Forcing endless battles is banned\n|rule|OHKO Clause: OHKO moves are banned\n|rule|Evasion Clause: Evasion abilities, items, and moves are banned\n|rule|Evasion Abilities Clause: Evasion abilities are banned\n|rule|Evasion Items Clause: Evasion items are banned\n|rule|Evasion Moves Clause: Evasion moves are banned\n|rule|Species Clause: Limit one of each Pok\u00e9mon\n|rule|Sleep Clause Mod: Limit one foe put to sleep\n|clearpoke\n|poke|p1|Tapu Fini|\n|poke|p1|Ferrothorn, M|\n|poke|p1|Tapu Lele|\n|poke|p1|Chansey, F|\n|poke|p1|Landorus-Therian, M|\n|poke|p1|Ditto|\n|poke|p2|Slowking, F|\n|poke|p2|Zamazenta-*|\n|poke|p2|Raticate, M|\n|poke|p2|Skeledirge, M|\n|poke|p2|Arctozolt|\n|poke|p2|Abomasnow, M|\n|teampreview\n|\n|t:|1701110149\n|start\n|switch|p1a: Tapu Lele|Tapu Lele|100\/100\n|switch|p2a: Willump.|Abomasnow, M, shiny|100\/100\n|-fieldstart|move: Psychic Terrain|[from] ability: Psychic Surge|[of] p1a: Tapu Lele\n|-weather|Snow|[from] ability: Snow Warning|[of] p2a: Willump.\n|turn|1\n|\n|t:|1701110152\n|detailschange|p2a: Willump.|Abomasnow-Mega, M, shiny\n|-mega|p2a: Willump.|Abomasnow|Abomasite\n|move|p1a: Tapu Lele|Psyshock|p2a: Willump.\n|-damage|p2a: Willump.|76\/100\n|move|p2a: Willump.|Blizzard|p1a: Tapu Lele\n|-damage|p1a: Tapu Lele|46\/100\n|\n|-weather|Snow|[upkeep]\n|upkeep\n|turn|2\n|\n|t:|1701110159\n|switch|p1a: Chansey|Chansey, F|100\/100\n|move|p2a: Willump.|Aurora Veil|p2a: Willump.\n|-sidestart|p2: batmanga|move: Aurora Veil\n|\n|-weather|Snow|[upkeep]\n|upkeep\n|turn|3\n|inactive|Battle timer is ON: inactive players will automatically lose when time's up. (requested by ctufan23)\n|\n|t:|1701110167\n|switch|p2a: RATKING.|Raticate, M, shiny|100\/100\n|move|p1a: Chansey|Stealth Rock|p2a: RATKING.\n|-sidestart|p2: batmanga|move: Stealth Rock\n|\n|-weather|Snow|[upkeep]\n|-status|p2a: RATKING.|brn|[from] item: Flame Orb\n|upkeep\n|turn|4\n|\n|t:|1701110172\n|switch|p1a: Ferrothorn|Ferrothorn, M|100\/100\n|move|p2a: RATKING.|Swords Dance|p2a: RATKING.\n|-boost|p2a: RATKING.|atk|2\n|\n|-weather|Snow|[upkeep]\n|-damage|p2a: RATKING.|95\/100 brn|[from] brn\n|upkeep\n|turn|5\n|\n|t:|1701110175\n|move|p1a: Ferrothorn|Protect|p1a: Ferrothorn\n|-singleturn|p1a: Ferrothorn|Protect\n|move|p2a: RATKING.|Swords Dance|p2a: RATKING.\n|-boost|p2a: RATKING.|atk|2\n|\n|-weather|none\n|-damage|p2a: RATKING.|89\/100 brn|[from] brn\n|-fieldend|move: Psychic Terrain\n|upkeep\n|turn|6\n|\n|t:|1701110178\n|-terastallize|p2a: RATKING.|Normal\n|move|p2a: RATKING.|Facade|p1a: Ferrothorn\n|-resisted|p1a: Ferrothorn\n|-damage|p1a: Ferrothorn|16\/100\n|-damage|p2a: RATKING.|76\/100 brn|[from] ability: Iron Barbs|[of] p1a: Ferrothorn\n|-damage|p2a: RATKING.|60\/100 brn|[from] item: Rocky Helmet|[of] p1a: Ferrothorn\n|move|p1a: Ferrothorn|Gyro Ball|p2a: RATKING.\n|-damage|p2a: RATKING.|8\/100 brn\n|\n|-damage|p2a: RATKING.|2\/100 brn|[from] brn\n|-sideend|p2: batmanga|move: Aurora Veil\n|upkeep\n|turn|7\n|c|\u2606ctufan23|lol\n|\n|t:|1701110191\n|move|p1a: Ferrothorn|Protect|p1a: Ferrothorn\n|-singleturn|p1a: Ferrothorn|Protect\n|move|p2a: RATKING.|Facade|p1a: Ferrothorn\n|-activate|p1a: Ferrothorn|move: Protect\n|\n|-damage|p2a: RATKING.|0 fnt|[from] brn\n|faint|p2a: RATKING.\n|upkeep\n|\n|t:|1701110211\n|switch|p2a: Pearl.|Slowking, F|100\/100\n|-damage|p2a: Pearl.|88\/100|[from] Stealth Rock\n|turn|8\n|\n|t:|1701110214\n|switch|p1a: Tapu Fini|Tapu Fini|100\/100\n|-fieldstart|move: Misty Terrain|[from] ability: Misty Surge|[of] p1a: Tapu Fini\n|move|p2a: Pearl.|Chilly Reception|p2a: Pearl.\n|-weather|Snow\n|\n|t:|1701110217\n|switch|p2a: Blueberry.|Arctozolt|100\/100|[from] Chilly Reception\n|\n|-weather|Snow|[upkeep]\n|upkeep\n|turn|9\n|\n|t:|1701110223\n|switch|p1a: Chansey|Chansey, F|100\/100\n|move|p2a: Blueberry.|Substitute|p2a: Blueberry.\n|-start|p2a: Blueberry.|Substitute\n|-damage|p2a: Blueberry.|76\/100\n|\n|-weather|Snow|[upkeep]\n|upkeep\n|turn|10\n|\n|t:|1701110227\n|move|p2a: Blueberry.|Bolt Beak|p1a: Chansey\n|-damage|p1a: Chansey|51\/100\n|move|p1a: Chansey|Seismic Toss|p2a: Blueberry.\n|-end|p2a: Blueberry.|Substitute\n|\n|-weather|Snow|[upkeep]\n|upkeep\n|turn|11\n|\n|t:|1701110232\n|move|p2a: Blueberry.|Bolt Beak|p1a: Chansey\n|-damage|p1a: Chansey|0 fnt\n|faint|p1a: Chansey\n|\n|-weather|Snow|[upkeep]\n|upkeep\n|\n|t:|1701110240\n|switch|p1a: Ditto|Ditto, shiny|100\/100\n|-transform|p1a: Ditto|p2a: Blueberry.|[from] ability: Imposter\n|turn|12\n|\n|t:|1701110251\n|switch|p2a: Willump.|Abomasnow-Mega, M, shiny|76\/100\n|-damage|p2a: Willump.|51\/100|[from] Stealth Rock\n|move|p1a: Ditto|Low Kick|p2a: Willump.\n|-supereffective|p2a: Willump.\n|-damage|p2a: Willump.|24\/100\n|\n|-weather|Snow|[upkeep]\n|-fieldend|Misty Terrain\n|upkeep\n|turn|13\n|\n|t:|1701110268\n|move|p1a: Ditto|Low Kick|p2a: Willump.\n|-supereffective|p2a: Willump.\n|-damage|p2a: Willump.|0 fnt\n|faint|p2a: Willump.\n|\n|-weather|Snow|[upkeep]\n|upkeep\n|\n|t:|1701110270\n|switch|p2a: Ryomen Sukuna.|Skeledirge, M|100\/100\n|turn|14\n|\n|t:|1701110293\n|switch|p1a: Tapu Fini|Tapu Fini|100\/100\n|-fieldstart|move: Misty Terrain|[from] ability: Misty Surge|[of] p1a: Tapu Fini\n|switch|p2a: Pearl.|Slowking, F|100\/100\n|-damage|p2a: Pearl.|88\/100|[from] Stealth Rock\n|\n|-weather|Snow|[upkeep]\n|upkeep\n|turn|15\n|inactive|ctufan23 has 120 seconds left.\n|inactive|batmanga has 120 seconds left.\n|inactive|ctufan23 has 90 seconds left.\n|\n|t:|1701110344\n|move|p1a: Tapu Fini|Calm Mind|p1a: Tapu Fini\n|-boost|p1a: Tapu Fini|spa|1\n|-boost|p1a: Tapu Fini|spd|1\n|move|p2a: Pearl.|Future Sight|p1a: Tapu Fini\n|-start|p2a: Pearl.|move: Future Sight\n|\n|-weather|none\n|upkeep\n|turn|16\n|\n|t:|1701110352\n|move|p1a: Tapu Fini|Moonblast|p2a: Pearl.\n|-damage|p2a: Pearl.|50\/100\n|move|p2a: Pearl.|Chilly Reception|p2a: Pearl.\n|-weather|Snow\n|\n|t:|1701110355\n|switch|p2a: Blueberry.|Arctozolt|76\/100|[from] Chilly Reception\n|\n|-weather|Snow|[upkeep]\n|upkeep\n|turn|17\n|\n|t:|1701110359\n|-terastallize|p1a: Tapu Fini|Ground\n|move|p2a: Blueberry.|Bolt Beak|p1a: Tapu Fini\n|-immune|p1a: Tapu Fini\n|move|p1a: Tapu Fini|Moonblast|p2a: Blueberry.\n|-damage|p2a: Blueberry.|0 fnt\n|faint|p2a: Blueberry.\n|\n|-weather|Snow|[upkeep]\n|-end|p1a: Tapu Fini|move: Future Sight\n|-damage|p1a: Tapu Fini|74\/100\n|-heal|p1a: Tapu Fini|80\/100|[from] item: Leftovers\n|upkeep\n|\n|t:|1701110366\n|switch|p2a: Vallar.|Zamazenta|100\/100\n|-damage|p2a: Vallar.|94\/100|[from] Stealth Rock\n|-ability|p2a: Vallar.|Dauntless Shield|boost\n|-boost|p2a: Vallar.|def|1\n|turn|18\n|\n|t:|1701110370\n|move|p2a: Vallar.|Close Combat|p1a: Tapu Fini\n|-damage|p1a: Tapu Fini|0 fnt\n|-unboost|p2a: Vallar.|def|1\n|-unboost|p2a: Vallar.|spd|1\n|faint|p1a: Tapu Fini\n|\n|-weather|Snow|[upkeep]\n|-fieldend|Misty Terrain\n|upkeep\n|\n|t:|1701110376\n|switch|p1a: Tapu Lele|Tapu Lele|46\/100\n|-fieldstart|move: Psychic Terrain|[from] ability: Psychic Surge|[of] p1a: Tapu Lele\n|turn|19\n|\n|t:|1701110380\n|switch|p2a: Pearl.|Slowking, F|83\/100\n|-damage|p2a: Pearl.|71\/100|[from] Stealth Rock\n|move|p1a: Tapu Lele|Moonblast|p2a: Pearl.\n|-damage|p2a: Pearl.|39\/100\n|\n|-weather|Snow|[upkeep]\n|upkeep\n|turn|20\n|\n|t:|1701110384\n|move|p1a: Tapu Lele|Moonblast|p2a: Pearl.\n|-damage|p2a: Pearl.|8\/100\n|move|p2a: Pearl.|Slack Off|p2a: Pearl.\n|-heal|p2a: Pearl.|58\/100\n|\n|-weather|Snow|[upkeep]\n|upkeep\n|turn|21\n|\n|t:|1701110389\n|move|p1a: Tapu Lele|Moonblast|p2a: Pearl.\n|-damage|p2a: Pearl.|28\/100\n|-unboost|p2a: Pearl.|spa|1\n|move|p2a: Pearl.|Slack Off|p2a: Pearl.\n|-heal|p2a: Pearl.|78\/100\n|\n|-weather|Snow|[upkeep]\n|upkeep\n|turn|22\n|\n|t:|1701110395\n|switch|p1a: Ferrothorn|Ferrothorn, M|16\/100\n|move|p2a: Pearl.|Scald|p1a: Ferrothorn\n|-resisted|p1a: Ferrothorn\n|-damage|p1a: Ferrothorn|8\/100\n|\n|-weather|Snow|[upkeep]\n|upkeep\n|turn|23\n|\n|t:|1701110399\n|move|p2a: Pearl.|Future Sight|p1a: Ferrothorn\n|-start|p2a: Pearl.|move: Future Sight\n|move|p1a: Ferrothorn|Leech Seed|p2a: Pearl.\n|-start|p2a: Pearl.|move: Leech Seed\n|\n|-weather|none\n|-damage|p2a: Pearl.|65\/100|[from] Leech Seed|[of] p1a: Ferrothorn\n|-heal|p1a: Ferrothorn|22\/100|[silent]\n|-fieldend|move: Psychic Terrain\n|upkeep\n|turn|24\n|\n|t:|1701110405\n|move|p2a: Pearl.|Chilly Reception|p2a: Pearl.\n|-weather|Snow\n|\n|t:|1701110407\n|switch|p2a: Ryomen Sukuna.|Skeledirge, M|100\/100|[from] Chilly Reception\n|move|p1a: Ferrothorn|Leech Seed|p2a: Ryomen Sukuna.\n|-start|p2a: Ryomen Sukuna.|move: Leech Seed\n|\n|-weather|Snow|[upkeep]\n|-damage|p2a: Ryomen Sukuna.|88\/100|[from] Leech Seed|[of] p1a: Ferrothorn\n|-heal|p1a: Ferrothorn|37\/100|[silent]\n|upkeep\n|turn|25\n|\n|t:|1701110413\n|switch|p1a: Landorus|Landorus-Therian, M, shiny|100\/100\n|-ability|p1a: Landorus|Intimidate|boost\n|-unboost|p2a: Ryomen Sukuna.|atk|1\n|move|p2a: Ryomen Sukuna.|Torch Song|p1a: Landorus\n|-damage|p1a: Landorus|61\/100\n|-boost|p2a: Ryomen Sukuna.|spa|1\n|\n|-weather|Snow|[upkeep]\n|-end|p1a: Landorus|move: Future Sight\n|-damage|p1a: Landorus|6\/100\n|-heal|p1a: Landorus|12\/100|[from] item: Leftovers\n|-damage|p2a: Ryomen Sukuna.|76\/100|[from] Leech Seed|[of] p1a: Landorus\n|-heal|p1a: Landorus|28\/100|[silent]\n|upkeep\n|turn|26\n|\n|t:|1701110425\n|move|p1a: Landorus|Earthquake|p2a: Ryomen Sukuna.\n|-supereffective|p2a: Ryomen Sukuna.\n|-damage|p2a: Ryomen Sukuna.|7\/100\n|move|p2a: Ryomen Sukuna.|Will-O-Wisp|p1a: Landorus\n|-status|p1a: Landorus|brn\n|\n|-weather|Snow|[upkeep]\n|-heal|p1a: Landorus|34\/100 brn|[from] item: Leftovers\n|-damage|p2a: Ryomen Sukuna.|0 fnt|[from] Leech Seed|[of] p1a: Landorus\n|-heal|p1a: Landorus|42\/100 brn|[silent]\n|faint|p2a: Ryomen Sukuna.\n|-damage|p1a: Landorus|36\/100 brn|[from] brn\n|upkeep\n|\n|t:|1701110433\n|switch|p2a: Pearl.|Slowking, F|98\/100\n|-damage|p2a: Pearl.|86\/100|[from] Stealth Rock\n|turn|27\n|\n|t:|1701110435\n|move|p1a: Landorus|Knock Off|p2a: Pearl.\n|-supereffective|p2a: Pearl.\n|-damage|p2a: Pearl.|48\/100\n|-enditem|p2a: Pearl.|Icy Rock|[from] move: Knock Off|[of] p1a: Landorus\n|move|p2a: Pearl.|Future Sight|p1a: Landorus\n|-start|p2a: Pearl.|move: Future Sight\n|\n|-weather|Snow|[upkeep]\n|-heal|p1a: Landorus|42\/100 brn|[from] item: Leftovers\n|-damage|p1a: Landorus|36\/100 brn|[from] brn\n|upkeep\n|turn|28\n|\n|t:|1701110442\n|move|p1a: Landorus|Bulk Up|p1a: Landorus\n|-boost|p1a: Landorus|atk|1\n|-boost|p1a: Landorus|def|1\n|move|p2a: Pearl.|Slack Off|p2a: Pearl.\n|-heal|p2a: Pearl.|98\/100\n|\n|-weather|Snow|[upkeep]\n|-heal|p1a: Landorus|42\/100 brn|[from] item: Leftovers\n|-damage|p1a: Landorus|36\/100 brn|[from] brn\n|upkeep\n|turn|29\n|\n|t:|1701110444\n|move|p1a: Landorus|Knock Off|p2a: Pearl.\n|-supereffective|p2a: Pearl.\n|-damage|p2a: Pearl.|59\/100\n|move|p2a: Pearl.|Scald|p1a: Landorus\n|-supereffective|p1a: Landorus\n|-damage|p1a: Landorus|0 fnt\n|faint|p1a: Landorus\n|\n|-weather|Snow|[upkeep]\n|-hint|Future Sight did not hit because the target is fainted.\n|upkeep\n|\n|t:|1701110449\n|switch|p1a: Ferrothorn|Ferrothorn, M|37\/100\n|turn|30\n|\n|t:|1701110453\n|move|p2a: Pearl.|Chilly Reception|p2a: Pearl.\n|\n|t:|1701110455\n|switch|p2a: Vallar.|Zamazenta|94\/100|[from] Chilly Reception\n|-damage|p2a: Vallar.|88\/100|[from] Stealth Rock\n|move|p1a: Ferrothorn|Leech Seed|p2a: Vallar.\n|-start|p2a: Vallar.|move: Leech Seed\n|\n|-weather|Snow|[upkeep]\n|-damage|p2a: Vallar.|76\/100|[from] Leech Seed|[of] p1a: Ferrothorn\n|-heal|p1a: Ferrothorn|48\/100|[silent]\n|upkeep\n|turn|31\n|\n|t:|1701110459\n|switch|p2a: Pearl.|Slowking, F|93\/100\n|-damage|p2a: Pearl.|80\/100|[from] Stealth Rock\n|move|p1a: Ferrothorn|Protect||[still]\n|-fail|p1a: Ferrothorn\n|\n|-weather|none\n|upkeep\n|turn|32\n|\n|t:|1701110464\n|move|p2a: Pearl.|Future Sight|p1a: Ferrothorn\n|-start|p2a: Pearl.|move: Future Sight\n|move|p1a: Ferrothorn|Spikes|p2a: Pearl.\n|-sidestart|p2: batmanga|Spikes\n|\n|upkeep\n|turn|33\n|\n|t:|1701110468\n|move|p2a: Pearl.|Scald|p1a: Ferrothorn\n|-resisted|p1a: Ferrothorn\n|-damage|p1a: Ferrothorn|37\/100\n|move|p1a: Ferrothorn|Leech Seed|p2a: Pearl.\n|-start|p2a: Pearl.|move: Leech Seed\n|\n|-damage|p2a: Pearl.|68\/100|[from] Leech Seed|[of] p1a: Ferrothorn\n|-heal|p1a: Ferrothorn|51\/100|[silent]\n|upkeep\n|turn|34\n|\n|t:|1701110471\n|switch|p1a: Tapu Lele|Tapu Lele|46\/100\n|-fieldstart|move: Psychic Terrain|[from] ability: Psychic Surge|[of] p1a: Tapu Lele\n|move|p2a: Pearl.|Chilly Reception|p2a: Pearl.\n|-weather|Snow\n|\n|t:|1701110473\n|switch|p2a: Vallar.|Zamazenta|76\/100|[from] Chilly Reception\n|-damage|p2a: Vallar.|70\/100|[from] Stealth Rock\n|-damage|p2a: Vallar.|57\/100|[from] Spikes\n|\n|-weather|Snow|[upkeep]\n|-end|p1a: Tapu Lele|move: Future Sight\n|-resisted|p1a: Tapu Lele\n|-damage|p1a: Tapu Lele|20\/100\n|upkeep\n|turn|35\n|\n|t:|1701110477\n|switch|p2a: Pearl.|Slowking, F|100\/100\n|-damage|p2a: Pearl.|88\/100|[from] Stealth Rock\n|-damage|p2a: Pearl.|76\/100|[from] Spikes\n|move|p1a: Tapu Lele|Moonblast|p2a: Pearl.\n|-damage|p2a: Pearl.|43\/100\n|\n|-weather|Snow|[upkeep]\n|upkeep\n|turn|36\n|\n|t:|1701110481\n|switch|p1a: Ferrothorn|Ferrothorn, M|51\/100\n|move|p2a: Pearl.|Slack Off|p2a: Pearl.\n|-heal|p2a: Pearl.|93\/100\n|\n|-weather|Snow|[upkeep]\n|upkeep\n|turn|37\n|\n|t:|1701110487\n|move|p2a: Pearl.|Scald|p1a: Ferrothorn\n|-resisted|p1a: Ferrothorn\n|-damage|p1a: Ferrothorn|39\/100\n|-status|p1a: Ferrothorn|brn\n|move|p1a: Ferrothorn|Spikes|p2a: Pearl.\n|-sidestart|p2: batmanga|Spikes\n|\n|-weather|Snow|[upkeep]\n|-damage|p1a: Ferrothorn|33\/100 brn|[from] brn\n|upkeep\n|turn|38\n|\n|t:|1701110493\n|move|p2a: Pearl.|Future Sight|p1a: Ferrothorn\n|-start|p2a: Pearl.|move: Future Sight\n|move|p1a: Ferrothorn|Leech Seed|p2a: Pearl.\n|-start|p2a: Pearl.|move: Leech Seed\n|\n|-weather|none\n|-damage|p2a: Pearl.|81\/100|[from] Leech Seed|[of] p1a: Ferrothorn\n|-heal|p1a: Ferrothorn|47\/100 brn|[silent]\n|-damage|p1a: Ferrothorn|41\/100 brn|[from] brn\n|-fieldend|move: Psychic Terrain\n|upkeep\n|turn|39\n|\n|t:|1701110497\n|move|p2a: Pearl.|Chilly Reception|p2a: Pearl.\n|-weather|Snow\n|\n|t:|1701110499\n|switch|p2a: Vallar.|Zamazenta|57\/100|[from] Chilly Reception\n|-damage|p2a: Vallar.|51\/100|[from] Stealth Rock\n|-damage|p2a: Vallar.|35\/100|[from] Spikes\n|move|p1a: Ferrothorn|Leech Seed|p2a: Vallar.\n|-start|p2a: Vallar.|move: Leech Seed\n|\n|-weather|Snow|[upkeep]\n|-damage|p2a: Vallar.|22\/100|[from] Leech Seed|[of] p1a: Ferrothorn\n|-heal|p1a: Ferrothorn|52\/100 brn|[silent]\n|-damage|p1a: Ferrothorn|46\/100 brn|[from] brn\n|upkeep\n|turn|40\n|\n|t:|1701110502\n|move|p1a: Ferrothorn|Protect|p1a: Ferrothorn\n|-singleturn|p1a: Ferrothorn|Protect\n|move|p2a: Vallar.|Close Combat|p1a: Ferrothorn\n|-activate|p1a: Ferrothorn|move: Protect\n|\n|-weather|Snow|[upkeep]\n|-end|p1a: Ferrothorn|move: Future Sight\n|-resisted|p1a: Ferrothorn\n|-damage|p1a: Ferrothorn|29\/100 brn\n|-damage|p2a: Vallar.|10\/100|[from] Leech Seed|[of] p1a: Ferrothorn\n|-heal|p1a: Ferrothorn|41\/100 brn|[silent]\n|-damage|p1a: Ferrothorn|35\/100 brn|[from] brn\n|upkeep\n|turn|41\n|j| yuzhibo\n|\n|t:|1701110517\n|switch|p1a: Ditto|Ditto, shiny|100\/100\n|-transform|p1a: Ditto|p2a: Vallar.|[from] ability: Imposter\n|-ability|p1a: Ditto|Dauntless Shield|boost\n|-boost|p1a: Ditto|def|1\n|move|p2a: Vallar.|Close Combat|p1a: Ditto\n|-damage|p1a: Ditto|39\/100\n|-unboost|p2a: Vallar.|def|1\n|-unboost|p2a: Vallar.|spd|1\n|\n|-weather|Snow|[upkeep]\n|-damage|p2a: Vallar.|0 fnt|[from] Leech Seed|[of] p1a: Ditto\n|-heal|p1a: Ditto|49\/100|[silent]\n|faint|p2a: Vallar.\n|upkeep\n|\n|t:|1701110521\n|switch|p2a: Pearl.|Slowking, F|100\/100\n|-damage|p2a: Pearl.|88\/100|[from] Stealth Rock\n|-damage|p2a: Pearl.|72\/100|[from] Spikes\n|turn|42\n|\n|t:|1701110524\n|move|p1a: Ditto|Crunch|p2a: Pearl.\n|-supereffective|p2a: Pearl.\n|-damage|p2a: Pearl.|14\/100\n|move|p2a: Pearl.|Slack Off|p2a: Pearl.\n|-heal|p2a: Pearl.|64\/100\n|\n|-weather|Snow|[upkeep]\n|upkeep\n|turn|43\n|\n|t:|1701110527\n|move|p1a: Ditto|Crunch|p2a: Pearl.\n|-supereffective|p2a: Pearl.\n|-damage|p2a: Pearl.|4\/100\n|move|p2a: Pearl.|Scald|p1a: Ditto\n|-damage|p1a: Ditto|21\/100\n|\n|-weather|none\n|upkeep\n|turn|44\n|\n|t:|1701110531\n|move|p1a: Ditto|Crunch|p2a: Pearl.\n|-supereffective|p2a: Pearl.\n|-damage|p2a: Pearl.|0 fnt\n|faint|p2a: Pearl.\n|\n|win|ctufan23\n|raw|ctufan23's rating: 1682 &rarr; <strong>1699<\/strong><br \/>(+17 for winning)\n|raw|batmanga's rating: 1635 &rarr; <strong>1618<\/strong><br \/>(-17 for losing)\n","uploadtime":1701110535,"views":6,"p1id":"ctufan23","p2id":"batmanga","formatid":"gen9nationaldex","rating":1618,"private":0,"password":""}