{"id":"gen9nationaldex-1988738629","p1":"KmoSeJuega","p2":"Trail Beats Rock","format":"[Gen 9] National Dex","log":"|j|\u2606KmoSeJuega\n|j|\u2606Trail Beats Rock\n|t:|1699756897\n|gametype|singles\n|player|p1|KmoSeJuega|266|1061\n|player|p2|Trail Beats Rock|red|1070\n|teamsize|p1|6\n|teamsize|p2|6\n|gen|9\n|tier|[Gen 9] National Dex\n|rated|\n|rule|HP Percentage Mod: HP is shown in percentages\n|rule|Endless Battle Clause: Forcing endless battles is banned\n|rule|OHKO Clause: OHKO moves are banned\n|rule|Evasion Clause: Evasion abilities, items, and moves are banned\n|rule|Evasion Abilities Clause: Evasion abilities are banned\n|rule|Evasion Items Clause: Evasion items are banned\n|rule|Evasion Moves Clause: Evasion moves are banned\n|rule|Species Clause: Limit one of each Pok\u00e9mon\n|rule|Sleep Clause Mod: Limit one foe put to sleep\n|clearpoke\n|poke|p1|Blaziken, F|\n|poke|p1|Gardevoir, M|\n|poke|p1|Corviknight, F|\n|poke|p1|Gliscor, F|\n|poke|p1|Ribombee, F|\n|poke|p1|Bisharp, M|\n|poke|p2|Infernape, M|\n|poke|p2|Greninja-*, M|\n|poke|p2|Latias, F|\n|poke|p2|Clefable, F|\n|poke|p2|Corviknight, F|\n|poke|p2|Clodsire, F|\n|teampreview\n|inactive|Battle timer is ON: inactive players will automatically lose when time's up. (requested by Trail Beats Rock)\n|inactive|Trail Beats Rock has 120 seconds left.\n|\n|t:|1699756931\n|start\n|switch|p1a: Blaziken|Blaziken, F|100\/100\n|switch|p2a: Clodsire|Clodsire, F|100\/100\n|turn|1\n|\n|t:|1699756940\n|move|p1a: Blaziken|Hone Claws|p1a: Blaziken\n|-boost|p1a: Blaziken|atk|1\n|-boost|p1a: Blaziken|accuracy|1\n|move|p2a: Clodsire|Toxic|p1a: Blaziken\n|-status|p1a: Blaziken|tox\n|\n|-damage|p1a: Blaziken|95\/100 tox|[from] psn\n|-ability|p1a: Blaziken|Speed Boost|boost\n|-boost|p1a: Blaziken|spe|1\n|upkeep\n|turn|2\n|\n|t:|1699756947\n|switch|p2a: Latias|Latias, F|100\/100\n|move|p1a: Blaziken|Hone Claws|p1a: Blaziken\n|-boost|p1a: Blaziken|atk|1\n|-boost|p1a: Blaziken|accuracy|1\n|\n|-damage|p1a: Blaziken|83\/100 tox|[from] psn\n|-ability|p1a: Blaziken|Speed Boost|boost\n|-boost|p1a: Blaziken|spe|1\n|upkeep\n|turn|3\n|\n|t:|1699756952\n|detailschange|p2a: Latias|Latias-Mega, F\n|-mega|p2a: Latias|Latias|Latiasite\n|move|p1a: Blaziken|Blaze Kick|p2a: Latias\n|-resisted|p2a: Latias\n|-damage|p2a: Latias|66\/100\n|move|p2a: Latias|Psyshock|p1a: Blaziken\n|-supereffective|p1a: Blaziken\n|-damage|p1a: Blaziken|0 fnt\n|faint|p1a: Blaziken\n|\n|upkeep\n|\n|t:|1699756957\n|switch|p1a: Ribombee|Ribombee, F|100\/100\n|turn|4\n|\n|t:|1699756968\n|move|p2a: Latias|Psyshock|p1a: Ribombee\n|-damage|p1a: Ribombee|33\/100\n|move|p1a: Ribombee|Sticky Web|p2a: Latias\n|-sidestart|p2: Trail Beats Rock|move: Sticky Web\n|\n|upkeep\n|turn|5\n|\n|t:|1699756974\n|move|p2a: Latias|Psyshock|p1a: Ribombee\n|-damage|p1a: Ribombee|0 fnt\n|faint|p1a: Ribombee\n|\n|upkeep\n|\n|t:|1699756978\n|switch|p1a: Gardevoir|Gardevoir, M|100\/100\n|turn|6\n|\n|t:|1699757006\n|detailschange|p1a: Gardevoir|Gardevoir-Mega, M\n|-mega|p1a: Gardevoir|Gardevoir|Gardevoirite\n|move|p2a: Latias|Calm Mind|p2a: Latias\n|-boost|p2a: Latias|spa|1\n|-boost|p2a: Latias|spd|1\n|move|p1a: Gardevoir|Draining Kiss|p2a: Latias\n|-supereffective|p2a: Latias\n|-damage|p2a: Latias|38\/100\n|\n|upkeep\n|turn|7\n|\n|t:|1699757012\n|move|p2a: Latias|Roost|p2a: Latias\n|-heal|p2a: Latias|88\/100\n|-singleturn|p2a: Latias|move: Roost\n|move|p1a: Gardevoir|Draining Kiss|p2a: Latias\n|-supereffective|p2a: Latias\n|-damage|p2a: Latias|61\/100\n|\n|upkeep\n|turn|8\n|\n|t:|1699757028\n|move|p2a: Latias|Calm Mind|p2a: Latias\n|-boost|p2a: Latias|spa|1\n|-boost|p2a: Latias|spd|1\n|move|p1a: Gardevoir|Defense Curl|p1a: Gardevoir\n|-boost|p1a: Gardevoir|def|1\n|\n|upkeep\n|turn|9\n|\n|t:|1699757033\n|move|p2a: Latias|Calm Mind|p2a: Latias\n|-boost|p2a: Latias|spa|1\n|-boost|p2a: Latias|spd|1\n|move|p1a: Gardevoir|Draining Kiss|p2a: Latias\n|-supereffective|p2a: Latias\n|-damage|p2a: Latias|46\/100\n|\n|upkeep\n|turn|10\n|\n|t:|1699757036\n|move|p2a: Latias|Roost|p2a: Latias\n|-heal|p2a: Latias|96\/100\n|-singleturn|p2a: Latias|move: Roost\n|move|p1a: Gardevoir|Draining Kiss|p2a: Latias\n|-supereffective|p2a: Latias\n|-damage|p2a: Latias|79\/100\n|\n|upkeep\n|turn|11\n|\n|t:|1699757038\n|move|p2a: Latias|Psyshock|p1a: Gardevoir\n|-resisted|p1a: Gardevoir\n|-damage|p1a: Gardevoir|71\/100\n|move|p1a: Gardevoir|Draining Kiss|p2a: Latias\n|-supereffective|p2a: Latias\n|-damage|p2a: Latias|61\/100\n|-heal|p1a: Gardevoir|85\/100|[from] drain|[of] p2a: Latias\n|\n|upkeep\n|turn|12\n|\n|t:|1699757043\n|move|p2a: Latias|Energy Ball|p1a: Gardevoir\n|-damage|p1a: Gardevoir|29\/100\n|move|p1a: Gardevoir|Draining Kiss|p2a: Latias\n|-supereffective|p2a: Latias\n|-damage|p2a: Latias|45\/100\n|-heal|p1a: Gardevoir|42\/100|[from] drain|[of] p2a: Latias\n|\n|upkeep\n|turn|13\n|\n|t:|1699757046\n|move|p2a: Latias|Roost|p2a: Latias\n|-heal|p2a: Latias|95\/100\n|-singleturn|p2a: Latias|move: Roost\n|move|p1a: Gardevoir|Draining Kiss|p2a: Latias\n|-supereffective|p2a: Latias\n|-damage|p2a: Latias|78\/100\n|-heal|p1a: Gardevoir|56\/100|[from] drain|[of] p2a: Latias\n|\n|upkeep\n|turn|14\n|\n|t:|1699757048\n|move|p2a: Latias|Energy Ball|p1a: Gardevoir\n|-damage|p1a: Gardevoir|1\/100\n|move|p1a: Gardevoir|Draining Kiss|p2a: Latias\n|-supereffective|p2a: Latias\n|-damage|p2a: Latias|61\/100\n|-heal|p1a: Gardevoir|15\/100|[from] drain|[of] p2a: Latias\n|\n|upkeep\n|turn|15\n|\n|t:|1699757053\n|switch|p1a: Corviknight|Corviknight, F|100\/100\n|move|p2a: Latias|Roost|p2a: Latias\n|-heal|p2a: Latias|100\/100\n|-singleturn|p2a: Latias|move: Roost\n|\n|upkeep\n|turn|16\n|\n|t:|1699757059\n|move|p2a: Latias|Calm Mind|p2a: Latias\n|-boost|p2a: Latias|spa|1\n|-boost|p2a: Latias|spd|1\n|move|p1a: Corviknight|Hone Claws|p1a: Corviknight\n|-boost|p1a: Corviknight|atk|1\n|-boost|p1a: Corviknight|accuracy|1\n|\n|upkeep\n|turn|17\n|\n|t:|1699757066\n|move|p2a: Latias|Calm Mind|p2a: Latias\n|-boost|p2a: Latias|spa|1\n|-boost|p2a: Latias|spd|1\n|move|p1a: Corviknight|Hone Claws|p1a: Corviknight\n|-boost|p1a: Corviknight|atk|1\n|-boost|p1a: Corviknight|accuracy|1\n|\n|upkeep\n|turn|18\n|\n|t:|1699757069\n|move|p2a: Latias|Psyshock|p1a: Corviknight\n|-resisted|p1a: Corviknight\n|-damage|p1a: Corviknight|46\/100\n|move|p1a: Corviknight|Power Trip|p2a: Latias\n|-supereffective|p2a: Latias\n|-damage|p2a: Latias|24\/100\n|\n|-heal|p1a: Corviknight|52\/100|[from] item: Leftovers\n|upkeep\n|turn|19\n|\n|t:|1699757075\n|move|p2a: Latias|Psyshock|p1a: Corviknight\n|-resisted|p1a: Corviknight\n|-damage|p1a: Corviknight|0 fnt\n|faint|p1a: Corviknight\n|\n|upkeep\n|\n|t:|1699757080\n|switch|p1a: Bisharp|Bisharp, M|100\/100\n|turn|20\n|\n|t:|1699757082\n|move|p2a: Latias|Roost|p2a: Latias\n|-heal|p2a: Latias|74\/100\n|-singleturn|p2a: Latias|move: Roost\n|move|p1a: Bisharp|Stealth Rock|p2a: Latias\n|-sidestart|p2: Trail Beats Rock|move: Stealth Rock\n|\n|upkeep\n|turn|21\n|\n|t:|1699757088\n|move|p2a: Latias|Energy Ball|p1a: Bisharp\n|-resisted|p1a: Bisharp\n|-damage|p1a: Bisharp|69\/100\n|move|p1a: Bisharp|Swords Dance|p1a: Bisharp\n|-boost|p1a: Bisharp|atk|2\n|\n|upkeep\n|turn|22\n|\n|t:|1699757094\n|switch|p2a: Corviknight|Corviknight, F|100\/100\n|-damage|p2a: Corviknight|88\/100|[from] Stealth Rock\n|-ability|p2a: Corviknight|Pressure\n|move|p1a: Bisharp|Knock Off|p2a: Corviknight\n|-damage|p2a: Corviknight|30\/100\n|-damage|p1a: Bisharp|53\/100|[from] item: Rocky Helmet|[of] p2a: Corviknight\n|-enditem|p2a: Corviknight|Rocky Helmet|[from] move: Knock Off|[of] p1a: Bisharp\n|\n|upkeep\n|turn|23\n|\n|t:|1699757103\n|move|p1a: Bisharp|Knock Off|p2a: Corviknight\n|-damage|p2a: Corviknight|0 fnt\n|faint|p2a: Corviknight\n|\n|upkeep\n|\n|t:|1699757108\n|switch|p2a: Infernape|Infernape, M|100\/100\n|-activate|p2a: Infernape|move: Sticky Web\n|-unboost|p2a: Infernape|spe|1\n|-damage|p2a: Infernape|88\/100|[from] Stealth Rock\n|turn|24\n|\n|t:|1699757118\n|switch|p1a: Gardevoir|Gardevoir-Mega, M|15\/100\n|move|p2a: Infernape|Flare Blitz|p1a: Gardevoir\n|-crit|p1a: Gardevoir\n|-damage|p1a: Gardevoir|0 fnt\n|faint|p1a: Gardevoir\n|-damage|p2a: Infernape|83\/100|[from] Recoil\n|\n|upkeep\n|\n|t:|1699757123\n|switch|p1a: Gliscor|Gliscor, F|100\/100\n|turn|25\n|\n|t:|1699757130\n|move|p2a: Infernape|Flare Blitz|p1a: Gliscor\n|-damage|p1a: Gliscor|51\/100\n|-damage|p2a: Infernape|66\/100|[from] Recoil\n|move|p1a: Gliscor|Swords Dance|p1a: Gliscor\n|-boost|p1a: Gliscor|atk|2\n|\n|-status|p1a: Gliscor|tox|[from] item: Toxic Orb\n|upkeep\n|turn|26\n|\n|t:|1699757138\n|move|p2a: Infernape|Flare Blitz|p1a: Gliscor\n|-damage|p1a: Gliscor|3\/100 tox\n|-damage|p2a: Infernape|50\/100|[from] Recoil\n|move|p1a: Gliscor|Bulldoze|p2a: Infernape\n|-supereffective|p2a: Infernape\n|-damage|p2a: Infernape|0 fnt\n|faint|p2a: Infernape\n|\n|-heal|p1a: Gliscor|15\/100 tox|[from] ability: Poison Heal\n|upkeep\n|\n|t:|1699757155\n|switch|p2a: Latias|Latias-Mega, F|74\/100\n|-damage|p2a: Latias|62\/100|[from] Stealth Rock\n|turn|27\n|\n|t:|1699757162\n|move|p2a: Latias|Energy Ball|p1a: Gliscor\n|-crit|p1a: Gliscor\n|-damage|p1a: Gliscor|0 fnt\n|faint|p1a: Gliscor\n|\n|upkeep\n|\n|t:|1699757164\n|switch|p1a: Bisharp|Bisharp, M|53\/100\n|turn|28\n|\n|t:|1699757171\n|switch|p2a: Greninja|Greninja, M|100\/100\n|-activate|p2a: Greninja|move: Sticky Web\n|-unboost|p2a: Greninja|spe|1\n|-damage|p2a: Greninja|88\/100|[from] Stealth Rock\n|move|p1a: Bisharp|Swords Dance|p1a: Bisharp\n|-boost|p1a: Bisharp|atk|2\n|\n|upkeep\n|turn|29\n|\n|t:|1699757178\n|move|p2a: Greninja|U-turn|p1a: Bisharp\n|-start|p2a: Greninja|typechange|Bug|[from] ability: Protean\n|-damage|p1a: Bisharp|35\/100\n|\n|t:|1699757184\n|switch|p2a: Clodsire|Clodsire, F|100\/100|[from] U-turn\n|move|p1a: Bisharp|Iron Head|p2a: Clodsire\n|-damage|p2a: Clodsire|18\/100\n|\n|upkeep\n|turn|30\n|\n|t:|1699757190\n|move|p1a: Bisharp|Knock Off|p2a: Clodsire\n|-damage|p2a: Clodsire|0 fnt\n|-enditem|p2a: Clodsire|Heavy-Duty Boots|[from] move: Knock Off|[of] p1a: Bisharp\n|faint|p2a: Clodsire\n|\n|upkeep\n|\n|t:|1699757193\n|switch|p2a: Clefable|Clefable, F|100\/100\n|-activate|p2a: Clefable|move: Sticky Web\n|-unboost|p2a: Clefable|spe|1\n|-damage|p2a: Clefable|88\/100|[from] Stealth Rock\n|turn|31\n|\n|t:|1699757198\n|-terastallize|p2a: Clefable|Steel\n|move|p1a: Bisharp|Iron Head|p2a: Clefable\n|-resisted|p2a: Clefable\n|-damage|p2a: Clefable|73\/100\n|move|p2a: Clefable|Moonblast|p1a: Bisharp\n|-damage|p1a: Bisharp|13\/100\n|-unboost|p1a: Bisharp|spa|1\n|-ability|p1a: Bisharp|Defiant|boost\n|-boost|p1a: Bisharp|atk|2\n|\n|-heal|p2a: Clefable|79\/100|[from] item: Leftovers\n|upkeep\n|turn|32\n|\n|t:|1699757209\n|move|p1a: Bisharp|Knock Off|p2a: Clefable\n|-damage|p2a: Clefable|48\/100\n|-enditem|p2a: Clefable|Leftovers|[from] move: Knock Off|[of] p1a: Bisharp\n|move|p2a: Clefable|Moonblast|p1a: Bisharp\n|-damage|p1a: Bisharp|0 fnt\n|faint|p1a: Bisharp\n|\n|win|Trail Beats Rock\n|raw|KmoSeJuega's rating: 1061 &rarr; <strong>1044<\/strong><br \/>(-17 for losing)\n|raw|Trail Beats Rock's rating: 1094 &rarr; <strong>1117<\/strong><br \/>(+23 for winning)\n|l|\u2606KmoSeJuega\n","uploadtime":1699757223,"views":9,"p1id":"kmosejuega","p2id":"trailbeatsrock","formatid":"gen9nationaldex","rating":1044,"private":0,"password":""}