{"id":"gen9nationaldex-1998183879","p1":"baigu2","p2":"Elysia0019","format":"[Gen 9] National Dex","log":"|html|<div class=\"broadcast-blue\"><strong>[Gen 9] National Dex is currently suspecting Sneasler! For information on how to participate check out the <a href=\"https:\/\/www.smogon.com\/forums\/threads\/sv-national-dex-suspect-8-just-dance.3731534\/\">suspect thread<\/a>.<\/strong><\/div>\n|j|\u2606baigu2\n|j|\u2606Elysia0019\n|t:|1700908249\n|gametype|singles\n|player|p1|baigu2|265|1744\n|player|p2|Elysia0019|hilbert-wonderlauncher|1663\n|teamsize|p1|6\n|teamsize|p2|6\n|gen|9\n|tier|[Gen 9] National Dex\n|rated|\n|rule|HP Percentage Mod: HP is shown in percentages\n|rule|Endless Battle Clause: Forcing endless battles is banned\n|rule|OHKO Clause: OHKO moves are banned\n|rule|Evasion Clause: Evasion abilities, items, and moves are banned\n|rule|Evasion Abilities Clause: Evasion abilities are banned\n|rule|Evasion Items Clause: Evasion items are banned\n|rule|Evasion Moves Clause: Evasion moves are banned\n|rule|Species Clause: Limit one of each Pok\u00e9mon\n|rule|Sleep Clause Mod: Limit one foe put to sleep\n|clearpoke\n|poke|p1|Ursaluna, F|\n|poke|p1|Slowking, M|\n|poke|p1|Corviknight, F|\n|poke|p1|Hoopa-Unbound|\n|poke|p1|Dragonite, M|\n|poke|p1|Tapu Koko|\n|poke|p2|Mawile, M|\n|poke|p2|Marowak-Alola, F|\n|poke|p2|Hatterene, F|\n|poke|p2|Cresselia, F|\n|poke|p2|Porygon2|\n|poke|p2|Ursaluna, M|\n|teampreview\n|inactive|Battle timer is ON: inactive players will automatically lose when time's up. (requested by Elysia0019)\n|\n|t:|1700908265\n|start\n|switch|p1a: Tapu Koko|Tapu Koko|100\/100\n|switch|p2a: Porygon2|Porygon2|100\/100\n|-fieldstart|move: Electric Terrain|[from] ability: Electric Surge|[of] p1a: Tapu Koko\n|-ability|p2a: Porygon2|Electric Surge|[from] ability: Trace|[of] p1a: Tapu Koko\n|turn|1\n|\n|t:|1700908277\n|move|p1a: Tapu Koko|Volt Switch|p2a: Porygon2\n|-damage|p2a: Porygon2|68\/100\n|\n|t:|1700908279\n|switch|p1a: Slowking|Slowking, M|100\/100|[from] Volt Switch\n|move|p2a: Porygon2|Trick Room|p2a: Porygon2\n|-fieldstart|move: Trick Room|[of] p2a: Porygon2\n|\n|upkeep\n|turn|2\n|\n|t:|1700908284\n|move|p2a: Porygon2|Teleport|p2a: Porygon2\n|\n|t:|1700908301\n|switch|p2a: Mawile|Mawile, M|100\/100|[from] Teleport\n|-ability|p2a: Mawile|Intimidate|boost\n|-unboost|p1a: Slowking|atk|1\n|move|p1a: Slowking|Trick Room|p1a: Slowking\n|-fieldend|move: Trick Room\n|\n|upkeep\n|turn|3\n|\n|t:|1700908311\n|switch|p1a: Corviknight|Corviknight, F|100\/100\n|-ability|p1a: Corviknight|Pressure\n|detailschange|p2a: Mawile|Mawile-Mega, M\n|-mega|p2a: Mawile|Mawile|Mawilite\n|move|p2a: Mawile|Play Rough|p1a: Corviknight\n|-resisted|p1a: Corviknight\n|-damage|p1a: Corviknight|76\/100\n|-damage|p2a: Mawile|84\/100|[from] item: Rocky Helmet|[of] p1a: Corviknight\n|\n|upkeep\n|turn|4\n|inactive|Elysia0019 has 120 seconds left.\n|\n|t:|1700908342\n|move|p1a: Corviknight|U-turn|p2a: Mawile\n|-resisted|p2a: Mawile\n|-damage|p2a: Mawile|81\/100\n|\n|t:|1700908352\n|switch|p1a: \u718a\u5927|Ursaluna, F|100\/100|[from] U-turn\n|move|p2a: Mawile|Fire Fang|p1a: \u718a\u5927\n|-damage|p1a: \u718a\u5927|68\/100\n|-status|p1a: \u718a\u5927|brn\n|\n|-damage|p1a: \u718a\u5927|62\/100 brn|[from] brn\n|upkeep\n|turn|5\n|inactive|Elysia0019 has 120 seconds left.\n|\n|t:|1700908364\n|move|p1a: \u718a\u5927|Facade|p2a: Mawile\n|-resisted|p2a: Mawile\n|-damage|p2a: Mawile|23\/100\n|move|p2a: Mawile|Ice Punch|p1a: \u718a\u5927\n|-supereffective|p1a: \u718a\u5927\n|-damage|p1a: \u718a\u5927|0 fnt\n|faint|p1a: \u718a\u5927\n|\n|-fieldend|move: Electric Terrain\n|upkeep\n|\n|t:|1700908369\n|switch|p1a: Tapu Koko|Tapu Koko|100\/100\n|-fieldstart|move: Electric Terrain|[from] ability: Electric Surge|[of] p1a: Tapu Koko\n|turn|6\n|\n|t:|1700908379\n|switch|p2a: Porygon2|Porygon2|68\/100\n|-ability|p2a: Porygon2|Electric Surge|[from] ability: Trace|[of] p1a: Tapu Koko\n|move|p1a: Tapu Koko|Dazzling Gleam|p2a: Porygon2\n|-damage|p2a: Porygon2|40\/100\n|\n|upkeep\n|turn|7\n|\n|t:|1700908385\n|move|p1a: Tapu Koko|Dazzling Gleam|p2a: Porygon2\n|-damage|p2a: Porygon2|7\/100\n|move|p2a: Porygon2|Trick Room|p2a: Porygon2\n|-fieldstart|move: Trick Room|[of] p2a: Porygon2\n|\n|upkeep\n|turn|8\n|\n|t:|1700908388\n|move|p1a: Tapu Koko|Dazzling Gleam|p2a: Porygon2\n|-damage|p2a: Porygon2|0 fnt\n|faint|p2a: Porygon2\n|\n|upkeep\n|\n|t:|1700908397\n|switch|p2a: Marowak|Marowak-Alola, F|100\/100\n|turn|9\n|\n|t:|1700908406\n|-terastallize|p2a: Marowak|Ghost\n|move|p2a: Marowak|Poltergeist|p1a: Tapu Koko|[miss]\n|-miss|p2a: Marowak|p1a: Tapu Koko\n|move|p1a: Tapu Koko|Dazzling Gleam|p2a: Marowak\n|-damage|p2a: Marowak|37\/100\n|\n|upkeep\n|turn|10\n|\n|t:|1700908414\n|move|p2a: Marowak|Poltergeist|p1a: Tapu Koko\n|-activate|p1a: Tapu Koko|move: Poltergeist|Choice Specs\n|-damage|p1a: Tapu Koko|0 fnt\n|faint|p1a: Tapu Koko\n|\n|-fieldend|move: Electric Terrain\n|upkeep\n|\n|t:|1700908417\n|switch|p1a: Dragonite|Dragonite, M|100\/100\n|turn|11\n|\n|t:|1700908435\n|-terastallize|p1a: Dragonite|Normal\n|move|p2a: Marowak|Low Kick|p1a: Dragonite\n|-supereffective|p1a: Dragonite\n|-damage|p1a: Dragonite|31\/100\n|move|p1a: Dragonite|Dual Wingbeat|p2a: Marowak\n|-damage|p2a: Marowak|4\/100\n|-damage|p2a: Marowak|0 fnt\n|faint|p2a: Marowak\n|-hitcount|p2: Marowak|2\n|\n|-fieldend|move: Trick Room\n|upkeep\n|\n|t:|1700908451\n|switch|p2a: Cresselia|Cresselia, F|100\/100\n|turn|12\n|\n|t:|1700908456\n|switch|p1a: Slowking|Slowking, M|100\/100\n|move|p2a: Cresselia|Trick Room|p2a: Cresselia\n|-fieldstart|move: Trick Room|[of] p2a: Cresselia\n|\n|upkeep\n|turn|13\n|\n|t:|1700908461\n|switch|p2a: Ursaluna|Ursaluna, M|100\/100\n|move|p1a: Slowking|Trick Room|p1a: Slowking\n|-fieldend|move: Trick Room\n|\n|-status|p2a: Ursaluna|brn|[from] item: Flame Orb\n|upkeep\n|turn|14\n|\n|t:|1700908470\n|switch|p1a: Corviknight|Corviknight, F|76\/100\n|-ability|p1a: Corviknight|Pressure\n|move|p2a: Ursaluna|Facade|p1a: Corviknight\n|-resisted|p1a: Corviknight\n|-damage|p1a: Corviknight|40\/100\n|-damage|p2a: Ursaluna|84\/100 brn|[from] item: Rocky Helmet|[of] p1a: Corviknight\n|\n|-damage|p2a: Ursaluna|78\/100 brn|[from] brn\n|upkeep\n|turn|15\n|\n|t:|1700908478\n|move|p1a: Corviknight|Roost|p1a: Corviknight\n|-heal|p1a: Corviknight|90\/100\n|-singleturn|p1a: Corviknight|move: Roost\n|move|p2a: Ursaluna|Fire Punch|p1a: Corviknight\n|-supereffective|p1a: Corviknight\n|-damage|p1a: Corviknight|33\/100\n|-damage|p2a: Ursaluna|61\/100 brn|[from] item: Rocky Helmet|[of] p1a: Corviknight\n|\n|-damage|p2a: Ursaluna|55\/100 brn|[from] brn\n|upkeep\n|turn|16\n|\n|t:|1700908488\n|move|p1a: Corviknight|Roost|p1a: Corviknight\n|-heal|p1a: Corviknight|83\/100\n|-singleturn|p1a: Corviknight|move: Roost\n|move|p2a: Ursaluna|Earthquake|p1a: Corviknight\n|-supereffective|p1a: Corviknight\n|-damage|p1a: Corviknight|0 fnt\n|faint|p1a: Corviknight\n|\n|-damage|p2a: Ursaluna|49\/100 brn|[from] brn\n|upkeep\n|\n|t:|1700908497\n|switch|p1a: Hoopa|Hoopa-Unbound|100\/100\n|turn|17\n|\n|t:|1700908515\n|switch|p2a: Cresselia|Cresselia, F|100\/100\n|-zpower|p1a: Hoopa\n|move|p1a: Hoopa|All-Out Pummeling|p2a: Cresselia|[zeffect]\n|-resisted|p2a: Cresselia\n|-damage|p2a: Cresselia|72\/100\n|\n|upkeep\n|turn|18\n|\n|t:|1700908526\n|move|p1a: Hoopa|Dark Pulse|p2a: Cresselia\n|-supereffective|p2a: Cresselia\n|-enditem|p2a: Cresselia|Colbur Berry|[eat]\n|-enditem|p2a: Cresselia|Colbur Berry|[weaken]\n|-damage|p2a: Cresselia|40\/100\n|cant|p2a: Cresselia|flinch\n|\n|upkeep\n|turn|19\n|\n|t:|1700908535\n|move|p1a: Hoopa|Dark Pulse|p2a: Cresselia\n|-supereffective|p2a: Cresselia\n|-damage|p2a: Cresselia|0 fnt\n|faint|p2a: Cresselia\n|\n|upkeep\n|\n|t:|1700908537\n|switch|p2a: Hatterene|Hatterene, F|100\/100\n|turn|20\n|\n|t:|1700908544\n|move|p1a: Hoopa|Dark Pulse|p2a: Hatterene\n|-damage|p2a: Hatterene|44\/100\n|move|p2a: Hatterene|Trick Room|p2a: Hatterene\n|-fieldstart|move: Trick Room|[of] p2a: Hatterene\n|\n|upkeep\n|turn|21\n|\n|t:|1700908557\n|switch|p1a: Slowking|Slowking, M|100\/100\n|move|p2a: Hatterene|Misty Explosion|p1a: Slowking\n|-damage|p1a: Slowking|65\/100\n|faint|p2a: Hatterene\n|\n|upkeep\n|\n|t:|1700908563\n|switch|p2a: Ursaluna|Ursaluna, M|49\/100 brn\n|turn|22\n|\n|t:|1700908567\n|move|p1a: Slowking|Scald|p2a: Ursaluna\n|-supereffective|p2a: Ursaluna\n|-damage|p2a: Ursaluna|0 fnt\n|faint|p2a: Ursaluna\n|\n|upkeep\n|\n|t:|1700908570\n|switch|p2a: Mawile|Mawile-Mega, M|23\/100\n|turn|23\n|\n|t:|1700908574\n|move|p1a: Slowking|Scald|p2a: Mawile\n|-damage|p2a: Mawile|0 fnt\n|faint|p2a: Mawile\n|\n|win|baigu2\n|raw|baigu2's rating: 1744 &rarr; <strong>1759<\/strong><br \/>(+15 for winning)\n|raw|Elysia0019's rating: 1663 &rarr; <strong>1648<\/strong><br \/>(-15 for losing)\n","uploadtime":1700908578,"views":0,"p1id":"baigu2","p2id":"elysia0019","formatid":"gen9nationaldex","rating":1648,"private":0,"password":""}