{"id":"gen9nationaldex-1998471378","p1":"gallohon","p2":"Onlymanever","format":"[Gen 9] National Dex","log":"|html|<div class=\"broadcast-blue\"><strong>[Gen 9] National Dex is currently suspecting Sneasler! For information on how to participate check out the <a href=\"https:\/\/www.smogon.com\/forums\/threads\/sv-national-dex-suspect-8-just-dance.3731534\/\">suspect thread<\/a>.<\/strong><\/div>\n|j|\u2606gallohon\n|j|\u203dOnlymanever\n|t:|1700946057\n|gametype|singles\n|player|p1|gallohon|swimmerf|1000\n|player|p2|Onlymanever|lyra|1081\n|teamsize|p1|6\n|teamsize|p2|6\n|gen|9\n|tier|[Gen 9] National Dex\n|rated|\n|rule|HP Percentage Mod: HP is shown in percentages\n|rule|Endless Battle Clause: Forcing endless battles is banned\n|rule|OHKO Clause: OHKO moves are banned\n|rule|Evasion Clause: Evasion abilities, items, and moves are banned\n|rule|Evasion Abilities Clause: Evasion abilities are banned\n|rule|Evasion Items Clause: Evasion items are banned\n|rule|Evasion Moves Clause: Evasion moves are banned\n|rule|Species Clause: Limit one of each Pok\u00e9mon\n|rule|Sleep Clause Mod: Limit one foe put to sleep\n|clearpoke\n|poke|p1|Hatterene, F|\n|poke|p1|Samurott-Hisui, F|\n|poke|p1|Bisharp, F|\n|poke|p1|Medicham, M|\n|poke|p1|Gyarados, F|\n|poke|p1|Cinderace, F|\n|poke|p2|Meganium, F|\n|poke|p2|Furret, M|\n|poke|p2|Donphan, M|\n|poke|p2|Ampharos, F|\n|poke|p2|Scizor, M|\n|poke|p2|Wobbuffet, F|\n|teampreview\n|\n|t:|1700946099\n|start\n|switch|p1a: Hatterene|Hatterene, F, shiny|100\/100\n|switch|p2a: Wobbuffet|Wobbuffet, F|100\/100\n|turn|1\n|\n|t:|1700946123\n|move|p1a: Hatterene|Shadow Ball|p2a: Wobbuffet\n|-supereffective|p2a: Wobbuffet\n|-damage|p2a: Wobbuffet|52\/100\n|move|p2a: Wobbuffet|Mirror Coat|p1a: Hatterene\n|-damage|p1a: Hatterene|0 fnt\n|faint|p1a: Hatterene\n|\n|-heal|p2a: Wobbuffet|58\/100|[from] item: Leftovers\n|upkeep\n|\n|t:|1700946138\n|switch|p1a: Gyarados|Gyarados, F, shiny|100\/100\n|-ability|p1a: Gyarados|Intimidate|boost\n|-unboost|p2a: Wobbuffet|atk|1\n|turn|2\n|\n|t:|1700946186\n|move|p1a: Gyarados|Crunch|p2a: Wobbuffet\n|-supereffective|p2a: Wobbuffet\n|-damage|p2a: Wobbuffet|15\/100\n|move|p2a: Wobbuffet|Encore|p1a: Gyarados\n|-start|p1a: Gyarados|Encore\n|\n|-heal|p2a: Wobbuffet|21\/100|[from] item: Leftovers\n|upkeep\n|turn|3\n|\n|t:|1700946196\n|switch|p2a: Scizor|Scizor, M|100\/100\n|move|p1a: Gyarados|Crunch|p2a: Scizor\n|-damage|p2a: Scizor|64\/100\n|\n|upkeep\n|turn|4\n|inactive|Battle timer is ON: inactive players will automatically lose when time's up. (requested by Onlymanever)\n|\n|t:|1700946204\n|move|p1a: Gyarados|Crunch|p2a: Scizor\n|-damage|p2a: Scizor|28\/100\n|-unboost|p2a: Scizor|def|1\n|move|p2a: Scizor|Curse|p2a: Scizor\n|-unboost|p2a: Scizor|spe|1\n|-boost|p2a: Scizor|atk|1\n|-boost|p2a: Scizor|def|1\n|\n|upkeep\n|turn|5\n|\n|t:|1700946214\n|move|p1a: Gyarados|Crunch|p2a: Scizor\n|-damage|p2a: Scizor|0 fnt\n|faint|p2a: Scizor\n|\n|-end|p1a: Gyarados|Encore\n|upkeep\n|\n|t:|1700946221\n|switch|p2a: Ampharos|Ampharos, F|100\/100\n|turn|6\n|\n|t:|1700946238\n|move|p1a: Gyarados|Dragon Dance|p1a: Gyarados\n|-boost|p1a: Gyarados|atk|1\n|-boost|p1a: Gyarados|spe|1\n|move|p2a: Ampharos|Thunderbolt|p1a: Gyarados\n|-supereffective|p1a: Gyarados\n|-damage|p1a: Gyarados|0 fnt\n|faint|p1a: Gyarados\n|\n|upkeep\n|\n|t:|1700946245\n|switch|p1a: Bisharp|Bisharp, F|100\/100\n|-ability|p1a: Bisharp|Pressure\n|turn|7\n|\n|t:|1700946254\n|move|p2a: Ampharos|Thunderbolt|p1a: Bisharp\n|-damage|p1a: Bisharp|40\/100\n|move|p1a: Bisharp|Stone Edge|p2a: Ampharos\n|-damage|p2a: Ampharos|57\/100\n|\n|-heal|p2a: Ampharos|63\/100|[from] item: Leftovers\n|upkeep\n|turn|8\n|\n|t:|1700946267\n|switch|p1a: Bu-T|Cinderace, F, shiny|100\/100\n|move|p2a: Ampharos|Thunderbolt|p1a: Bu-T\n|-damage|p1a: Bu-T|43\/100\n|\n|-heal|p2a: Ampharos|69\/100|[from] item: Leftovers\n|upkeep\n|turn|9\n|\n|t:|1700946276\n|move|p1a: Bu-T|Zen Headbutt|p2a: Ampharos\n|-start|p1a: Bu-T|typechange|Psychic|[from] ability: Libero\n|-damage|p2a: Ampharos|24\/100\n|cant|p2a: Ampharos|flinch\n|\n|-heal|p2a: Ampharos|30\/100|[from] item: Leftovers\n|upkeep\n|turn|10\n|\n|t:|1700946285\n|move|p1a: Bu-T|Zen Headbutt|p2a: Ampharos\n|-damage|p2a: Ampharos|0 fnt\n|faint|p2a: Ampharos\n|\n|upkeep\n|\n|t:|1700946291\n|switch|p2a: Donphan|Donphan, M|100\/100\n|turn|11\n|\n|t:|1700946298\n|move|p1a: Bu-T|High Jump Kick|p2a: Donphan|[miss]\n|-miss|p1a: Bu-T|p2a: Donphan\n|-damage|p1a: Bu-T|0 fnt|[from] highjumpkick\n|faint|p1a: Bu-T\n|move|p2a: Donphan|Earthquake|p1: Bu-T|[notarget]\n|-fail|p2a: Donphan\n|\n|upkeep\n|\n|t:|1700946306\n|switch|p1a: Medicham|Medicham, M|100\/100\n|turn|12\n|\n|t:|1700946319\n|detailschange|p1a: Medicham|Medicham-Mega, M\n|-mega|p1a: Medicham|Medicham|Medichamite\n|move|p1a: Medicham|Energy Ball|p2a: Donphan\n|-supereffective|p2a: Donphan\n|-damage|p2a: Donphan|47\/100\n|move|p2a: Donphan|Earthquake|p1a: Medicham\n|-damage|p1a: Medicham|22\/100\n|\n|-heal|p2a: Donphan|53\/100|[from] item: Leftovers\n|upkeep\n|turn|13\n|\n|t:|1700946332\n|-terastallize|p2a: Donphan|Fairy\n|move|p1a: Medicham|Energy Ball|p2a: Donphan\n|-damage|p2a: Donphan|28\/100\n|-unboost|p2a: Donphan|spd|1\n|move|p2a: Donphan|Earthquake|p1a: Medicham\n|-damage|p1a: Medicham|0 fnt\n|faint|p1a: Medicham\n|\n|-heal|p2a: Donphan|34\/100|[from] item: Leftovers\n|upkeep\n|\n|t:|1700946337\n|switch|p1a: Samurott|Samurott-Hisui, F, shiny|100\/100\n|turn|14\n|inactive|Onlymanever has 120 seconds left.\n|\n|t:|1700946371\n|switch|p2a: Wobbuffet|Wobbuffet, F|21\/100\n|move|p1a: Samurott|Aqua Cutter|p2a: Wobbuffet\n|-damage|p2a: Wobbuffet|0 fnt\n|faint|p2a: Wobbuffet\n|\n|upkeep\n|inactive|Onlymanever has 120 seconds left.\n|\n|t:|1700946378\n|switch|p2a: Meganium|Meganium, F|100\/100\n|turn|15\n|\n|t:|1700946385\n|move|p1a: Samurott|Megahorn|p2a: Meganium\n|-supereffective|p2a: Meganium\n|-damage|p2a: Meganium|22\/100\n|move|p2a: Meganium|Energy Ball|p1a: Samurott\n|-supereffective|p1a: Samurott\n|-damage|p1a: Samurott|0 fnt\n|faint|p1a: Samurott\n|\n|-heal|p2a: Meganium|28\/100|[from] item: Leftovers\n|upkeep\n|\n|t:|1700946387\n|switch|p1a: Bisharp|Bisharp, F|40\/100\n|-ability|p1a: Bisharp|Pressure\n|turn|16\n|\n|t:|1700946401\n|move|p2a: Meganium|Energy Ball|p1a: Bisharp\n|-resisted|p1a: Bisharp\n|-damage|p1a: Bisharp|6\/100\n|move|p1a: Bisharp|Iron Head|p2a: Meganium\n|-damage|p2a: Meganium|0 fnt\n|faint|p2a: Meganium\n|\n|upkeep\n|\n|t:|1700946411\n|switch|p2a: Furret|Furret, M|100\/100\n|-item|p1a: Bisharp|Rocky Helmet|[from] ability: Frisk|[of] p2a: Furret|[identify]\n|turn|17\n|\n|t:|1700946422\n|-terastallize|p1a: Bisharp|Dark\n|move|p2a: Furret|Quick Attack|p1a: Bisharp\n|-damage|p1a: Bisharp|0 fnt\n|-damage|p2a: Furret|84\/100|[from] item: Rocky Helmet|[of] p1a: Bisharp\n|faint|p1a: Bisharp\n|\n|win|Onlymanever\n|raw|gallohon's rating: 1000 &rarr; <strong>1000<\/strong><br \/>(+0 for losing)\n|raw|Onlymanever's rating: 1081 &rarr; <strong>1102<\/strong><br \/>(+21 for winning)\n|l|\u2606gallohon\n","uploadtime":1700946430,"views":1,"p1id":"gallohon","p2id":"onlymanever","formatid":"gen9nationaldex","rating":1000,"private":0,"password":""}