{"id":"gen9nationaldex-1990895853","p1":"FakeDragon","p2":"Caden_B_Fadin","format":"[Gen 9] National Dex","log":"|j|\u2606FakeDragon\n|j|\u2606Caden_B_Fadin\n|t:|1700012494\n|gametype|singles\n|player|p1|FakeDragon|palmer|1390\n|player|p2|Caden_B_Fadin|roughneck-gen4|1346\n|teamsize|p1|6\n|teamsize|p2|6\n|gen|9\n|tier|[Gen 9] National Dex\n|rated|\n|rule|HP Percentage Mod: HP is shown in percentages\n|rule|Endless Battle Clause: Forcing endless battles is banned\n|rule|OHKO Clause: OHKO moves are banned\n|rule|Evasion Clause: Evasion abilities, items, and moves are banned\n|rule|Evasion Abilities Clause: Evasion abilities are banned\n|rule|Evasion Items Clause: Evasion items are banned\n|rule|Evasion Moves Clause: Evasion moves are banned\n|rule|Species Clause: Limit one of each Pok\u00e9mon\n|rule|Sleep Clause Mod: Limit one foe put to sleep\n|clearpoke\n|poke|p1|Latios, M|\n|poke|p1|Ceruledge, F|\n|poke|p1|Alomomola, M|\n|poke|p1|Ferrothorn, F|\n|poke|p1|Gliscor, F|\n|poke|p1|Tornadus-Therian, M|\n|poke|p2|Xurkitree|\n|poke|p2|Banette, M|\n|poke|p2|Ferrothorn, F|\n|poke|p2|Iron Valiant|\n|poke|p2|Great Tusk|\n|poke|p2|Moltres|\n|teampreview\n|inactive|Battle timer is ON: inactive players will automatically lose when time's up. (requested by FakeDragon)\n|\n|t:|1700012516\n|start\n|switch|p1a: Tornadus|Tornadus-Therian, M|100\/100\n|switch|p2a: Moltres|Moltres|100\/100\n|turn|1\n|\n|t:|1700012522\n|move|p1a: Tornadus|Knock Off|p2a: Moltres\n|-damage|p2a: Moltres|81\/100\n|-status|p1a: Tornadus|brn|[from] ability: Flame Body|[of] p2a: Moltres\n|-enditem|p2a: Moltres|Heavy-Duty Boots|[from] move: Knock Off|[of] p1a: Tornadus\n|move|p2a: Moltres|Will-O-Wisp|p1a: Tornadus|[miss]\n|-miss|p2a: Moltres|p1a: Tornadus\n|\n|-damage|p1a: Tornadus|94\/100 brn|[from] brn\n|upkeep\n|turn|2\n|\n|t:|1700012526\n|move|p1a: Tornadus|U-turn|p2a: Moltres\n|-resisted|p2a: Moltres\n|-damage|p2a: Moltres|79\/100\n|\n|t:|1700012534\n|switch|p1a: Ceruledge|Ceruledge, F|100\/100|[from] U-turn\n|move|p2a: Moltres|Flamethrower|p1a: Ceruledge\n|-resisted|p1a: Ceruledge\n|-damage|p1a: Ceruledge|79\/100\n|\n|upkeep\n|turn|3\n|\n|t:|1700012544\n|switch|p1a: Gliscor|Gliscor, F, shiny|100\/100\n|switch|p2a: Great Tusk|Great Tusk|100\/100\n|\n|-status|p1a: Gliscor|tox|[from] item: Toxic Orb\n|upkeep\n|turn|4\n|\n|t:|1700012550\n|move|p1a: Gliscor|Toxic|p2a: Great Tusk\n|-status|p2a: Great Tusk|tox\n|move|p2a: Great Tusk|Knock Off|p1a: Gliscor\n|-damage|p1a: Gliscor|78\/100 tox\n|-enditem|p1a: Gliscor|Toxic Orb|[from] move: Knock Off|[of] p2a: Great Tusk\n|\n|-heal|p1a: Gliscor|91\/100 tox|[from] ability: Poison Heal\n|-damage|p2a: Great Tusk|94\/100 tox|[from] psn\n|upkeep\n|turn|5\n|\n|t:|1700012563\n|-end|p2a: Great Tusk|Protosynthesis|[silent]\n|switch|p2a: Iron Valiant|Iron Valiant|100\/100\n|-enditem|p2a: Iron Valiant|Booster Energy\n|-activate|p2a: Iron Valiant|ability: Quark Drive|[fromitem]\n|-start|p2a: Iron Valiant|quarkdrivespe\n|move|p1a: Gliscor|U-turn|p2a: Iron Valiant\n|-resisted|p2a: Iron Valiant\n|-damage|p2a: Iron Valiant|95\/100\n|\n|t:|1700012575\n|switch|p1a: Tornadus|Tornadus-Therian, M|100\/100 brn|[from] U-turn\n|\n|-damage|p1a: Tornadus|94\/100 brn|[from] brn\n|upkeep\n|turn|6\n|\n|t:|1700012578\n|move|p2a: Iron Valiant|Substitute|p2a: Iron Valiant\n|-start|p2a: Iron Valiant|Substitute\n|-damage|p2a: Iron Valiant|70\/100\n|move|p1a: Tornadus|Bleakwind Storm|p2a: Iron Valiant\n|-supereffective|p2a: Iron Valiant\n|-end|p2a: Iron Valiant|Substitute\n|\n|-damage|p1a: Tornadus|88\/100 brn|[from] brn\n|upkeep\n|turn|7\n|\n|t:|1700012596\n|-end|p2a: Iron Valiant|Quark Drive|[silent]\n|switch|p2a: Ferrothorn|Ferrothorn, F|100\/100\n|move|p1a: Tornadus|Bleakwind Storm|p2a: Ferrothorn\n|-damage|p2a: Ferrothorn|68\/100\n|\n|-damage|p1a: Tornadus|82\/100 brn|[from] brn\n|upkeep\n|turn|8\n|\n|t:|1700012601\n|move|p1a: Tornadus|U-turn|p2a: Ferrothorn\n|-damage|p2a: Ferrothorn|64\/100\n|-damage|p1a: Tornadus|70\/100 brn|[from] ability: Iron Barbs|[of] p2a: Ferrothorn\n|-damage|p1a: Tornadus|53\/100 brn|[from] item: Rocky Helmet|[of] p2a: Ferrothorn\n|\n|t:|1700012605\n|switch|p1a: Ferrothorn|Ferrothorn, F|100\/100|[from] U-turn\n|move|p2a: Ferrothorn|Stealth Rock|p1a: Ferrothorn\n|-sidestart|p1: FakeDragon|move: Stealth Rock\n|\n|upkeep\n|turn|9\n|\n|t:|1700012619\n|move|p2a: Ferrothorn|Body Press|p1a: Ferrothorn\n|-supereffective|p1a: Ferrothorn\n|-damage|p1a: Ferrothorn|64\/100\n|-damage|p2a: Ferrothorn|51\/100|[from] ability: Iron Barbs|[of] p1a: Ferrothorn\n|move|p1a: Ferrothorn|Stealth Rock|p2a: Ferrothorn\n|-sidestart|p2: Caden_B_Fadin|move: Stealth Rock\n|\n|-heal|p1a: Ferrothorn|70\/100|[from] item: Leftovers\n|upkeep\n|turn|10\n|\n|t:|1700012639\n|move|p2a: Ferrothorn|Spikes|p1a: Ferrothorn\n|-sidestart|p1: FakeDragon|Spikes\n|move|p1a: Ferrothorn|Knock Off|p2a: Ferrothorn\n|-damage|p2a: Ferrothorn|39\/100\n|-damage|p1a: Ferrothorn|57\/100|[from] ability: Iron Barbs|[of] p2a: Ferrothorn\n|-damage|p1a: Ferrothorn|41\/100|[from] item: Rocky Helmet|[of] p2a: Ferrothorn\n|-enditem|p2a: Ferrothorn|Rocky Helmet|[from] move: Knock Off|[of] p1a: Ferrothorn\n|\n|-heal|p1a: Ferrothorn|47\/100|[from] item: Leftovers\n|upkeep\n|turn|11\n|\n|t:|1700012645\n|switch|p1a: Gliscor|Gliscor, F, shiny|91\/100 tox\n|-damage|p1a: Gliscor|78\/100 tox|[from] Stealth Rock\n|move|p2a: Ferrothorn|Spikes|p1a: Gliscor\n|-sidestart|p1: FakeDragon|Spikes\n|\n|-heal|p1a: Gliscor|91\/100 tox|[from] ability: Poison Heal\n|upkeep\n|turn|12\n|\n|t:|1700012650\n|move|p1a: Gliscor|Earthquake|p2a: Ferrothorn\n|-damage|p2a: Ferrothorn|20\/100\n|move|p2a: Ferrothorn|Leech Seed|p1a: Gliscor\n|-start|p1a: Gliscor|move: Leech Seed\n|\n|-damage|p1a: Gliscor|78\/100 tox|[from] Leech Seed|[of] p2a: Ferrothorn\n|-heal|p2a: Ferrothorn|33\/100|[silent]\n|-heal|p1a: Gliscor|91\/100 tox|[from] ability: Poison Heal\n|upkeep\n|turn|13\n|\n|t:|1700012656\n|move|p1a: Gliscor|U-turn|p2a: Ferrothorn\n|-crit|p2a: Ferrothorn\n|-damage|p2a: Ferrothorn|19\/100\n|-damage|p1a: Gliscor|78\/100 tox|[from] ability: Iron Barbs|[of] p2a: Ferrothorn\n|\n|t:|1700012660\n|switch|p1a: Tornadus|Tornadus-Therian, M|86\/100 brn|[from] U-turn\n|move|p2a: Ferrothorn|Body Press|p1a: Tornadus\n|-resisted|p1a: Tornadus\n|-damage|p1a: Tornadus|69\/100 brn\n|\n|-damage|p1a: Tornadus|63\/100 brn|[from] brn\n|upkeep\n|turn|14\n|\n|t:|1700012675\n|move|p1a: Tornadus|Bleakwind Storm|p2a: Ferrothorn\n|-damage|p2a: Ferrothorn|0 fnt\n|faint|p2a: Ferrothorn\n|\n|-damage|p1a: Tornadus|57\/100 brn|[from] brn\n|upkeep\n|\n|t:|1700012682\n|switch|p2a: Xurkitree|Xurkitree, shiny|100\/100\n|-damage|p2a: Xurkitree|88\/100|[from] Stealth Rock\n|turn|15\n|\n|t:|1700012708\n|move|p1a: Tornadus|Defog|p2a: Xurkitree\n|-unboost|p2a: Xurkitree|evasion|1\n|-sideend|p2: Caden_B_Fadin|Stealth Rock|[from] move: Defog|[of] p1a: Tornadus\n|-sideend|p1: FakeDragon|Spikes|[from] move: Defog|[of] p1a: Tornadus\n|-sideend|p1: FakeDragon|Stealth Rock|[from] move: Defog|[of] p1a: Tornadus\n|-zpower|p2a: Xurkitree\n|move|p2a: Xurkitree|Z-Hypnosis||[anim]Hypnosis|[still]\n|-boost|p2a: Xurkitree|spe|1|[zeffect]\n|-fail|p2a: Xurkitree\n|\n|-damage|p1a: Tornadus|51\/100 brn|[from] brn\n|upkeep\n|turn|16\n|\n|t:|1700012721\n|switch|p1a: Gliscor|Gliscor, F, shiny|78\/100 tox\n|move|p2a: Xurkitree|Thunderbolt|p1a: Gliscor\n|-immune|p1a: Gliscor\n|\n|-heal|p1a: Gliscor|91\/100 tox|[from] ability: Poison Heal\n|upkeep\n|turn|17\n|\n|t:|1700012728\n|move|p2a: Xurkitree|Hidden Power|p1a: Gliscor\n|-supereffective|p1a: Gliscor\n|-damage|p1a: Gliscor|4\/100 tox\n|move|p1a: Gliscor|Earthquake|p2a: Xurkitree\n|-supereffective|p2a: Xurkitree\n|-damage|p2a: Xurkitree|0 fnt\n|faint|p2a: Xurkitree\n|\n|-heal|p1a: Gliscor|17\/100 tox|[from] ability: Poison Heal\n|upkeep\n|\n|t:|1700012738\n|switch|p2a: Iron Valiant|Iron Valiant|70\/100\n|turn|18\n|\n|t:|1700012760\n|move|p2a: Iron Valiant|Substitute|p2a: Iron Valiant\n|-start|p2a: Iron Valiant|Substitute\n|-damage|p2a: Iron Valiant|45\/100\n|move|p1a: Gliscor|Earthquake|p2a: Iron Valiant\n|-end|p2a: Iron Valiant|Substitute\n|\n|-heal|p1a: Gliscor|29\/100 tox|[from] ability: Poison Heal\n|upkeep\n|turn|19\n|\n|t:|1700012764\n|move|p2a: Iron Valiant|Moonblast|p1a: Gliscor\n|-damage|p1a: Gliscor|0 fnt\n|faint|p1a: Gliscor\n|\n|upkeep\n|\n|t:|1700012769\n|switch|p1a: Tornadus|Tornadus-Therian, M|84\/100 brn\n|turn|20\n|l|\u2606Caden_B_Fadin\n|inactive|Caden_B_Fadin disconnected and has a minute to reconnect!\n|player|p2|\n|inactive|Caden_B_Fadin has 30 seconds to reconnect!\n|inactive|Caden_B_Fadin has 20 seconds to reconnect!\n|inactive|Caden_B_Fadin has 15 seconds to reconnect!\n|inactive|Caden_B_Fadin has 10 seconds to reconnect!\n|inactive|Caden_B_Fadin has 5 seconds to reconnect!\n|j|\u2606Caden_B_Fadin\n|inactive|Caden_B_Fadin reconnected and has 90 seconds left.\n|player|p2|Caden_B_Fadin|roughneck-gen4\n|\n|t:|1700012832\n|-end|p2a: Iron Valiant|Quark Drive|[silent]\n|switch|p2a: Moltres|Moltres|79\/100\n|move|p1a: Tornadus|Bleakwind Storm|p2a: Moltres\n|-damage|p2a: Moltres|54\/100\n|\n|-damage|p1a: Tornadus|78\/100 brn|[from] brn\n|upkeep\n|turn|21\n|\n|t:|1700012840\n|move|p1a: Tornadus|U-turn|p2a: Moltres\n|-resisted|p2a: Moltres\n|-damage|p2a: Moltres|52\/100\n|\n|t:|1700012847\n|switch|p1a: Alomomola|Alomomola, M|100\/100|[from] U-turn\n|move|p2a: Moltres|Roost|p2a: Moltres\n|-heal|p2a: Moltres|100\/100\n|-singleturn|p2a: Moltres|move: Roost\n|\n|upkeep\n|turn|22\n|\n|t:|1700012853\n|move|p2a: Moltres|Will-O-Wisp|p1a: Alomomola\n|-status|p1a: Alomomola|brn\n|move|p1a: Alomomola|Toxic|p2a: Moltres\n|-status|p2a: Moltres|tox\n|\n|-damage|p2a: Moltres|94\/100 tox|[from] psn\n|-damage|p1a: Alomomola|94\/100 brn|[from] brn\n|upkeep\n|turn|23\n|\n|t:|1700012856\n|move|p2a: Moltres|U-turn|p1a: Alomomola\n|-damage|p1a: Alomomola|86\/100 brn\n|-damage|p2a: Moltres|78\/100 tox|[from] item: Rocky Helmet|[of] p1a: Alomomola\n|\n|t:|1700012860\n|switch|p2a: Banette|Banette, M|100\/100|[from] U-turn\n|-item|p1a: Alomomola|Rocky Helmet|[from] ability: Frisk|[of] p2a: Banette|[identify]\n|move|p1a: Alomomola|Flip Turn|p2a: Banette\n|-damage|p2a: Banette|88\/100\n|inactive|FakeDragon has 120 seconds left.\n|\n|t:|1700012891\n|switch|p1a: Ferrothorn|Ferrothorn, F|47\/100|[from] Flip Turn\n|\n|-heal|p1a: Ferrothorn|53\/100|[from] item: Leftovers\n|upkeep\n|turn|24\n|\n|t:|1700012897\n|detailschange|p2a: Banette|Banette-Mega, M\n|-mega|p2a: Banette|Banette|Banettite\n|move|p2a: Banette|Poltergeist|p1a: Ferrothorn\n|-activate|p1a: Ferrothorn|move: Poltergeist|Leftovers\n|-damage|p1a: Ferrothorn|12\/100\n|move|p1a: Ferrothorn|Leech Seed|p2a: Banette|[miss]\n|-miss|p1a: Ferrothorn|p2a: Banette\n|\n|-heal|p1a: Ferrothorn|19\/100|[from] item: Leftovers\n|upkeep\n|turn|25\n|\n|t:|1700012907\n|move|p2a: Banette|Poltergeist|p1a: Ferrothorn\n|-activate|p1a: Ferrothorn|move: Poltergeist|Leftovers\n|-damage|p1a: Ferrothorn|0 fnt\n|faint|p1a: Ferrothorn\n|\n|upkeep\n|\n|t:|1700012909\n|switch|p1a: Tornadus|Tornadus-Therian, M|100\/100 brn\n|turn|26\n|\n|t:|1700012918\n|move|p1a: Tornadus|Bleakwind Storm|p2a: Banette\n|-damage|p2a: Banette|41\/100\n|move|p2a: Banette|Poltergeist|p1a: Tornadus\n|-activate|p1a: Tornadus|move: Poltergeist|Heavy-Duty Boots\n|-damage|p1a: Tornadus|19\/100 brn\n|\n|-damage|p1a: Tornadus|13\/100 brn|[from] brn\n|upkeep\n|turn|27\n|\n|t:|1700012947\n|switch|p1a: Alomomola|Alomomola, M|100\/100 brn\n|move|p2a: Banette|Shadow Sneak|p1a: Alomomola\n|-damage|p1a: Alomomola|84\/100 brn\n|-damage|p2a: Banette|24\/100|[from] item: Rocky Helmet|[of] p1a: Alomomola\n|\n|-damage|p1a: Alomomola|78\/100 brn|[from] brn\n|upkeep\n|turn|28\n|\n|t:|1700012955\n|move|p2a: Banette|Poltergeist|p1a: Alomomola\n|-activate|p1a: Alomomola|move: Poltergeist|Rocky Helmet\n|-damage|p1a: Alomomola|35\/100 brn\n|move|p1a: Alomomola|Flip Turn|p2a: Banette\n|-damage|p2a: Banette|13\/100\n|\n|t:|1700012959\n|switch|p1a: Ceruledge|Ceruledge, F|79\/100|[from] Flip Turn\n|\n|upkeep\n|turn|29\n|\n|t:|1700012967\n|move|p1a: Ceruledge|Shadow Sneak|p2a: Banette\n|-supereffective|p2a: Banette\n|-damage|p2a: Banette|0 fnt\n|faint|p2a: Banette\n|\n|upkeep\n|\n|t:|1700012972\n|switch|p2a: Great Tusk|Great Tusk|94\/100 tox\n|turn|30\n|\n|t:|1700013000\n|switch|p1a: Alomomola|Alomomola, M|68\/100 brn\n|move|p2a: Great Tusk|Knock Off|p1a: Alomomola\n|-damage|p1a: Alomomola|51\/100 brn\n|-damage|p2a: Great Tusk|78\/100 tox|[from] item: Rocky Helmet|[of] p1a: Alomomola\n|-enditem|p1a: Alomomola|Rocky Helmet|[from] move: Knock Off|[of] p2a: Great Tusk\n|\n|-heal|p2a: Great Tusk|84\/100 tox|[from] item: Leftovers\n|-damage|p2a: Great Tusk|78\/100 tox|[from] psn\n|-damage|p1a: Alomomola|45\/100 brn|[from] brn\n|upkeep\n|turn|31\n|\n|t:|1700013008\n|-terastallize|p2a: Great Tusk|Steel\n|move|p2a: Great Tusk|Body Press|p1a: Alomomola\n|-damage|p1a: Alomomola|19\/100 brn\n|move|p1a: Alomomola|Wish|p1a: Alomomola\n|\n|-heal|p2a: Great Tusk|84\/100 tox|[from] item: Leftovers\n|-damage|p2a: Great Tusk|71\/100 tox|[from] psn\n|-damage|p1a: Alomomola|13\/100 brn|[from] brn\n|upkeep\n|turn|32\n|\n|t:|1700013012\n|move|p1a: Alomomola|Protect|p1a: Alomomola\n|-singleturn|p1a: Alomomola|Protect\n|move|p2a: Great Tusk|Body Press|p1a: Alomomola\n|-activate|p1a: Alomomola|move: Protect\n|\n|-heal|p1a: Alomomola|63\/100 brn|[from] move: Wish|[wisher] Alomomola\n|-heal|p2a: Great Tusk|78\/100 tox|[from] item: Leftovers\n|-damage|p2a: Great Tusk|59\/100 tox|[from] psn\n|-damage|p1a: Alomomola|57\/100 brn|[from] brn\n|upkeep\n|turn|33\n|-message|Caden_B_Fadin forfeited.\n|\n|win|FakeDragon\n|raw|FakeDragon's rating: 1390 &rarr; <strong>1407<\/strong><br \/>(+17 for winning)\n|raw|Caden_B_Fadin's rating: 1346 &rarr; <strong>1329<\/strong><br \/>(-17 for losing)\n|l|\u2606Caden_B_Fadin\n","uploadtime":1700013022,"views":4,"p1id":"fakedragon","p2id":"cadenbfadin","formatid":"gen9nationaldex","rating":1329,"private":0,"password":""}