{"id":"gen9nationaldex-1990426180","p1":"grass knot zygarde","p2":"daodanguiTest","format":"[Gen 9] National Dex","log":"|j|\u2606grass knot zygarde\n|j|\u2606daodanguiTest\n|t:|1699969767\n|gametype|singles\n|player|p1|grass knot zygarde|dawn|1700\n|player|p2|daodanguiTest|170|1634\n|teamsize|p1|6\n|teamsize|p2|6\n|gen|9\n|tier|[Gen 9] National Dex\n|rated|\n|rule|HP Percentage Mod: HP is shown in percentages\n|rule|Endless Battle Clause: Forcing endless battles is banned\n|rule|OHKO Clause: OHKO moves are banned\n|rule|Evasion Clause: Evasion abilities, items, and moves are banned\n|rule|Evasion Abilities Clause: Evasion abilities are banned\n|rule|Evasion Items Clause: Evasion items are banned\n|rule|Evasion Moves Clause: Evasion moves are banned\n|rule|Species Clause: Limit one of each Pok\u00e9mon\n|rule|Sleep Clause Mod: Limit one foe put to sleep\n|clearpoke\n|poke|p1|Tapu Lele|\n|poke|p1|Urshifu-*, M|\n|poke|p1|Zapdos|\n|poke|p1|Ting-Lu|\n|poke|p1|Ferrothorn, F|\n|poke|p1|Heatran, F|\n|poke|p2|Rillaboom, F|\n|poke|p2|Heatran, M|\n|poke|p2|Banette, F|\n|poke|p2|Urshifu-*, F|\n|poke|p2|Hippowdon, F|\n|poke|p2|Slowking-Galar, M|\n|teampreview\n|inactive|Battle timer is ON: inactive players will automatically lose when time's up. (requested by grass knot zygarde)\n|\n|t:|1699969780\n|start\n|switch|p1a: my liver|Zapdos, shiny|100\/100\n|switch|p2a: Urshifu|Urshifu-Rapid-Strike, F|100\/100\n|turn|1\n|\n|t:|1699969787\n|switch|p2a: Hippowdon|Hippowdon, F|100\/100\n|-weather|Sandstorm|[from] ability: Sand Stream|[of] p2a: Hippowdon\n|move|p1a: my liver|Hurricane|p2a: Hippowdon\n|-damage|p2a: Hippowdon|57\/100\n|\n|-weather|Sandstorm|[upkeep]\n|-damage|p1a: my liver|94\/100|[from] Sandstorm\n|upkeep\n|turn|2\n|\n|t:|1699969801\n|switch|p1a: end eternal|Ferrothorn, F, shiny|100\/100\n|move|p2a: Hippowdon|Toxic|p1a: end eternal\n|-immune|p1a: end eternal\n|\n|-weather|Sandstorm|[upkeep]\n|upkeep\n|turn|3\n|\n|t:|1699969811\n|move|p2a: Hippowdon|Slack Off|p2a: Hippowdon\n|-heal|p2a: Hippowdon|100\/100\n|move|p1a: end eternal|Knock Off|p2a: Hippowdon\n|-damage|p2a: Hippowdon|89\/100\n|-damage|p1a: end eternal|84\/100|[from] item: Rocky Helmet|[of] p2a: Hippowdon\n|-enditem|p2a: Hippowdon|Rocky Helmet|[from] move: Knock Off|[of] p1a: end eternal\n|\n|-weather|Sandstorm|[upkeep]\n|-heal|p1a: end eternal|90\/100|[from] item: Leftovers\n|upkeep\n|turn|4\n|\n|t:|1699969820\n|switch|p2a: Banette|Banette, F|100\/100\n|-item|p1a: end eternal|Leftovers|[from] ability: Frisk|[of] p2a: Banette|[identify]\n|move|p1a: end eternal|Stealth Rock|p2a: Banette\n|-sidestart|p2: daodanguiTest|move: Stealth Rock\n|\n|-weather|Sandstorm|[upkeep]\n|-damage|p2a: Banette|95\/100|[from] Sandstorm\n|-heal|p1a: end eternal|97\/100|[from] item: Leftovers\n|upkeep\n|turn|5\n|\n|t:|1699969842\n|switch|p1a: the shadows|Ting-Lu|100\/100\n|-ability|p1a: the shadows|Vessel of Ruin\n|detailschange|p2a: Banette|Banette-Mega, F\n|-mega|p2a: Banette|Banette|Banettite\n|move|p2a: Banette|Will-O-Wisp|p1a: the shadows\n|-hint|Since gen 7, Dark is immune to Prankster moves.\n|-immune|p1a: the shadows\n|\n|-weather|none\n|upkeep\n|turn|6\n|\n|t:|1699969863\n|move|p2a: Banette|Poltergeist|p1a: the shadows\n|-activate|p1a: the shadows|move: Poltergeist|Leftovers\n|-resisted|p1a: the shadows\n|-damage|p1a: the shadows|81\/100\n|move|p1a: the shadows|Ruination|p2a: Banette\n|-damage|p2a: Banette|48\/100\n|\n|-heal|p1a: the shadows|87\/100|[from] item: Leftovers\n|upkeep\n|turn|7\n|\n|t:|1699969880\n|switch|p2a: Hippowdon|Hippowdon, F|89\/100\n|-damage|p2a: Hippowdon|83\/100|[from] Stealth Rock\n|-weather|Sandstorm|[from] ability: Sand Stream|[of] p2a: Hippowdon\n|move|p1a: the shadows|Spikes|p2a: Hippowdon\n|-sidestart|p2: daodanguiTest|Spikes\n|\n|-weather|Sandstorm|[upkeep]\n|-heal|p1a: the shadows|93\/100|[from] item: Leftovers\n|upkeep\n|turn|8\n|\n|t:|1699969895\n|switch|p2a: Rillaboom|Rillaboom, F|100\/100\n|-damage|p2a: Rillaboom|88\/100|[from] Stealth Rock\n|-damage|p2a: Rillaboom|76\/100|[from] Spikes\n|-fieldstart|move: Grassy Terrain|[from] ability: Grassy Surge|[of] p2a: Rillaboom\n|switch|p1a: end eternal|Ferrothorn, F, shiny|97\/100\n|\n|-weather|Sandstorm|[upkeep]\n|-damage|p2a: Rillaboom|70\/100|[from] Sandstorm\n|-heal|p2a: Rillaboom|76\/100|[from] Grassy Terrain\n|-heal|p1a: end eternal|100\/100|[from] Grassy Terrain\n|upkeep\n|turn|9\n|\n|t:|1699969900\n|switch|p1a: my liver|Zapdos, shiny|94\/100\n|-terastallize|p2a: Rillaboom|Fighting\n|move|p2a: Rillaboom|Superpower|p1a: my liver\n|-resisted|p1a: my liver\n|-damage|p1a: my liver|61\/100\n|-unboost|p2a: Rillaboom|atk|1\n|-unboost|p2a: Rillaboom|def|1\n|\n|-weather|Sandstorm|[upkeep]\n|-damage|p1a: my liver|55\/100|[from] Sandstorm\n|-damage|p2a: Rillaboom|70\/100|[from] Sandstorm\n|-heal|p2a: Rillaboom|76\/100|[from] Grassy Terrain\n|upkeep\n|turn|10\n|\n|t:|1699969910\n|switch|p2a: Hippowdon|Hippowdon, F|83\/100\n|-damage|p2a: Hippowdon|76\/100|[from] Stealth Rock\n|-damage|p2a: Hippowdon|64\/100|[from] Spikes\n|move|p1a: my liver|Hurricane|p2a: Hippowdon\n|-damage|p2a: Hippowdon|21\/100\n|\n|-weather|Sandstorm|[upkeep]\n|-damage|p1a: my liver|49\/100|[from] Sandstorm\n|-heal|p2a: Hippowdon|27\/100|[from] Grassy Terrain\n|upkeep\n|turn|11\n|\n|t:|1699969932\n|move|p1a: my liver|Hurricane|p2a: Hippowdon|[miss]\n|-miss|p1a: my liver|p2a: Hippowdon\n|move|p2a: Hippowdon|Slack Off|p2a: Hippowdon\n|-heal|p2a: Hippowdon|77\/100\n|\n|-weather|none\n|-heal|p2a: Hippowdon|84\/100|[from] Grassy Terrain\n|upkeep\n|turn|12\n|\n|t:|1699969937\n|switch|p1a: end eternal|Ferrothorn, F, shiny|100\/100\n|switch|p2a: Heatran|Heatran, M|100\/100\n|-damage|p2a: Heatran|88\/100|[from] Stealth Rock\n|-damage|p2a: Heatran|75\/100|[from] Spikes\n|\n|-heal|p2a: Heatran|82\/100|[from] Grassy Terrain\n|-heal|p2a: Heatran|88\/100|[from] item: Leftovers\n|-fieldend|move: Grassy Terrain\n|upkeep\n|turn|13\n|\n|t:|1699969947\n|switch|p1a: the shadows|Ting-Lu|93\/100\n|-ability|p1a: the shadows|Vessel of Ruin\n|move|p2a: Heatran|Stealth Rock|p1a: the shadows\n|-sidestart|p1: grass knot zygarde|move: Stealth Rock\n|\n|-heal|p2a: Heatran|94\/100|[from] item: Leftovers\n|-heal|p1a: the shadows|99\/100|[from] item: Leftovers\n|upkeep\n|turn|14\n|\n|t:|1699969954\n|move|p2a: Heatran|Eruption|p1a: the shadows\n|-damage|p1a: the shadows|67\/100\n|move|p1a: the shadows|Whirlwind|p2a: Heatran\n|drag|p2a: Slowking|Slowking-Galar, M|100\/100\n|-damage|p2a: Slowking|88\/100|[from] Stealth Rock\n|-damage|p2a: Slowking|76\/100|[from] Spikes\n|\n|-heal|p1a: the shadows|73\/100|[from] item: Leftovers\n|upkeep\n|turn|15\n|\n|t:|1699969964\n|move|p1a: the shadows|Earthquake|p2a: Slowking\n|-supereffective|p2a: Slowking\n|-damage|p2a: Slowking|0 fnt\n|faint|p2a: Slowking\n|\n|-heal|p1a: the shadows|79\/100|[from] item: Leftovers\n|upkeep\n|-message|daodanguiTest forfeited.\n|\n|win|grass knot zygarde\n|raw|grass knot zygarde's rating: 1700 &rarr; <strong>1716<\/strong><br \/>(+16 for winning)\n|raw|daodanguiTest's rating: 1634 &rarr; <strong>1618<\/strong><br \/>(-16 for losing)\n|l|\u2606daodanguiTest\n","uploadtime":1699970003,"views":4,"p1id":"grassknotzygarde","p2id":"daodanguitest","formatid":"gen9nationaldex","rating":1618,"private":0,"password":""}