{"id":"gen9nationaldex-1992462638","p1":"I AM Hoooman","p2":"Amber-acid","format":"[Gen 9] National Dex","log":"|j|\u2606I AM Hoooman\n|j|\u2606Amber-acid\n|t:|1700190566\n|gametype|singles\n|player|p1|I AM Hoooman|alec-anime|1264\n|player|p2|Amber-acid|1|1350\n|teamsize|p1|6\n|teamsize|p2|6\n|gen|9\n|tier|[Gen 9] National Dex\n|rated|\n|rule|HP Percentage Mod: HP is shown in percentages\n|rule|Endless Battle Clause: Forcing endless battles is banned\n|rule|OHKO Clause: OHKO moves are banned\n|rule|Evasion Clause: Evasion abilities, items, and moves are banned\n|rule|Evasion Abilities Clause: Evasion abilities are banned\n|rule|Evasion Items Clause: Evasion items are banned\n|rule|Evasion Moves Clause: Evasion moves are banned\n|rule|Species Clause: Limit one of each Pok\u00e9mon\n|rule|Sleep Clause Mod: Limit one foe put to sleep\n|clearpoke\n|poke|p1|Greninja-*, M|\n|poke|p1|Garchomp, F|\n|poke|p1|Pinsir, F|\n|poke|p1|Rillaboom, M|\n|poke|p1|Sneasler, F|\n|poke|p1|Aegislash, M|\n|poke|p2|Pelipper, M|\n|poke|p2|Barraskewda, M|\n|poke|p2|Swampert, F|\n|poke|p2|Kingdra, F|\n|poke|p2|Zapdos|\n|poke|p2|Garganacl, F|\n|teampreview\n|\n|t:|1700190586\n|start\n|switch|p1a: DONKEY KONG|Rillaboom, M, shiny|100\/100\n|switch|p2a: Pelipper|Pelipper, M|100\/100\n|-fieldstart|move: Grassy Terrain|[from] ability: Grassy Surge|[of] p1a: DONKEY KONG\n|-weather|RainDance|[from] ability: Drizzle|[of] p2a: Pelipper\n|turn|1\n|\n|t:|1700190603\n|move|p1a: DONKEY KONG|U-turn|p2a: Pelipper\n|-resisted|p2a: Pelipper\n|-damage|p2a: Pelipper|91\/100\n|\n|t:|1700190607\n|switch|p1a: KAMAITACHI|Sneasler, F|100\/100|[from] U-turn\n|-enditem|p1a: KAMAITACHI|Grassy Seed\n|-boost|p1a: KAMAITACHI|def|1|[from] item: Grassy Seed\n|move|p2a: Pelipper|Hurricane|p1a: KAMAITACHI\n|-supereffective|p1a: KAMAITACHI\n|-damage|p1a: KAMAITACHI|3\/100\n|\n|-weather|RainDance|[upkeep]\n|-heal|p1a: KAMAITACHI|9\/100|[from] Grassy Terrain\n|upkeep\n|turn|2\n|\n|t:|1700190616\n|move|p1a: KAMAITACHI|Acrobatics|p2a: Pelipper\n|-damage|p2a: Pelipper|57\/100\n|move|p2a: Pelipper|U-turn|p1a: KAMAITACHI\n|-resisted|p1a: KAMAITACHI\n|-damage|p1a: KAMAITACHI|6\/100\n|\n|t:|1700190622\n|switch|p2a: Barraskewda|Barraskewda, M, shiny|100\/100|[from] U-turn\n|\n|-weather|RainDance|[upkeep]\n|-heal|p1a: KAMAITACHI|12\/100|[from] Grassy Terrain\n|upkeep\n|turn|3\n|\n|t:|1700190628\n|-terastallize|p2a: Barraskewda|Water\n|move|p2a: Barraskewda|Liquidation|p1a: KAMAITACHI\n|-damage|p1a: KAMAITACHI|0 fnt\n|faint|p1a: KAMAITACHI\n|\n|-weather|RainDance|[upkeep]\n|upkeep\n|\n|t:|1700190639\n|switch|p1a: DONKEY KONG|Rillaboom, M, shiny|100\/100\n|turn|4\n|\n|t:|1700190645\n|move|p2a: Barraskewda|Liquidation|p1a: DONKEY KONG\n|-resisted|p1a: DONKEY KONG\n|-damage|p1a: DONKEY KONG|34\/100\n|move|p1a: DONKEY KONG|Swords Dance|p1a: DONKEY KONG\n|-boost|p1a: DONKEY KONG|atk|2\n|\n|-weather|RainDance|[upkeep]\n|-heal|p1a: DONKEY KONG|40\/100|[from] Grassy Terrain\n|-heal|p1a: DONKEY KONG|46\/100|[from] item: Leftovers\n|upkeep\n|turn|5\n|\n|t:|1700190654\n|switch|p2a: Zapdos|Zapdos|100\/100\n|move|p1a: DONKEY KONG|Grassy Glide|p2a: Zapdos\n|-resisted|p2a: Zapdos\n|-damage|p2a: Zapdos|72\/100\n|\n|-weather|RainDance|[upkeep]\n|-heal|p1a: DONKEY KONG|52\/100|[from] Grassy Terrain\n|-heal|p1a: DONKEY KONG|59\/100|[from] item: Leftovers\n|-fieldend|move: Grassy Terrain\n|upkeep\n|turn|6\n|\n|t:|1700190667\n|switch|p1a: SirSlashALot|Aegislash, M, shiny|100\/100\n|move|p2a: Zapdos|Hurricane|p1a: SirSlashALot\n|-resisted|p1a: SirSlashALot\n|-damage|p1a: SirSlashALot|83\/100\n|\n|-weather|RainDance|[upkeep]\n|upkeep\n|turn|7\n|\n|t:|1700190675\n|switch|p2a: Garganacl|Garganacl, F, shiny|100\/100\n|-formechange|p1a: SirSlashALot|Aegislash-Blade||[from] ability: Stance Change\n|move|p1a: SirSlashALot|Shadow Sneak|p2a: Garganacl\n|-damage|p2a: Garganacl|90\/100\n|\n|-weather|RainDance|[upkeep]\n|-heal|p2a: Garganacl|96\/100|[from] item: Leftovers\n|upkeep\n|turn|8\n|\n|t:|1700190683\n|-formechange|p1a: SirSlashALot|Aegislash||[from] ability: Stance Change\n|move|p1a: SirSlashALot|King's Shield|p1a: SirSlashALot\n|-singleturn|p1a: SirSlashALot|Protect\n|move|p2a: Garganacl|Iron Defense|p2a: Garganacl\n|-boost|p2a: Garganacl|def|2\n|\n|-weather|none\n|-heal|p2a: Garganacl|100\/100|[from] item: Leftovers\n|upkeep\n|turn|9\n|\n|t:|1700190692\n|move|p1a: SirSlashALot|Swords Dance|p1a: SirSlashALot\n|-boost|p1a: SirSlashALot|atk|2\n|move|p2a: Garganacl|Salt Cure|p1a: SirSlashALot\n|-resisted|p1a: SirSlashALot\n|-damage|p1a: SirSlashALot|77\/100\n|-start|p1a: SirSlashALot|Salt Cure\n|\n|-damage|p1a: SirSlashALot|52\/100|[from] Salt Cure\n|upkeep\n|turn|10\n|\n|t:|1700190704\n|move|p1a: SirSlashALot|Swords Dance|p1a: SirSlashALot\n|-boost|p1a: SirSlashALot|atk|2\n|move|p2a: Garganacl|Iron Defense|p2a: Garganacl\n|-boost|p2a: Garganacl|def|2\n|\n|-damage|p1a: SirSlashALot|27\/100|[from] Salt Cure\n|upkeep\n|turn|11\n|\n|t:|1700190716\n|-formechange|p1a: SirSlashALot|Aegislash-Blade||[from] ability: Stance Change\n|move|p1a: SirSlashALot|Iron Head|p2a: Garganacl\n|-supereffective|p2a: Garganacl\n|-damage|p2a: Garganacl|41\/100\n|move|p2a: Garganacl|Iron Defense|p2a: Garganacl\n|-boost|p2a: Garganacl|def|2\n|\n|-heal|p2a: Garganacl|47\/100|[from] item: Leftovers\n|-damage|p1a: SirSlashALot|2\/100|[from] Salt Cure\n|upkeep\n|turn|12\n|\n|t:|1700190726\n|move|p1a: SirSlashALot|Iron Head|p2a: Garganacl\n|-supereffective|p2a: Garganacl\n|-damage|p2a: Garganacl|0 fnt\n|faint|p2a: Garganacl\n|\n|-damage|p1a: SirSlashALot|0 fnt|[from] Salt Cure\n|faint|p1a: SirSlashALot\n|upkeep\n|\n|t:|1700190738\n|switch|p1a: DONKEY KONG|Rillaboom, M, shiny|59\/100\n|switch|p2a: Pelipper|Pelipper, M|57\/100\n|-fieldstart|move: Grassy Terrain|[from] ability: Grassy Surge|[of] p1a: DONKEY KONG\n|-weather|RainDance|[from] ability: Drizzle|[of] p2a: Pelipper\n|turn|13\n|\n|t:|1700190746\n|move|p1a: DONKEY KONG|Grassy Glide|p2a: Pelipper\n|-damage|p2a: Pelipper|28\/100\n|move|p2a: Pelipper|Roost|p2a: Pelipper\n|-heal|p2a: Pelipper|78\/100\n|-singleturn|p2a: Pelipper|move: Roost\n|\n|-weather|RainDance|[upkeep]\n|-heal|p1a: DONKEY KONG|65\/100|[from] Grassy Terrain\n|-heal|p1a: DONKEY KONG|71\/100|[from] item: Leftovers\n|-heal|p2a: Pelipper|84\/100|[from] Grassy Terrain\n|upkeep\n|turn|14\n|\n|t:|1700190757\n|move|p1a: DONKEY KONG|Swords Dance|p1a: DONKEY KONG\n|-boost|p1a: DONKEY KONG|atk|2\n|move|p2a: Pelipper|U-turn|p1a: DONKEY KONG\n|-supereffective|p1a: DONKEY KONG\n|-damage|p1a: DONKEY KONG|52\/100\n|\n|t:|1700190762\n|switch|p2a: Zapdos|Zapdos|72\/100|[from] U-turn\n|\n|-weather|RainDance|[upkeep]\n|-heal|p1a: DONKEY KONG|58\/100|[from] Grassy Terrain\n|-heal|p1a: DONKEY KONG|64\/100|[from] item: Leftovers\n|upkeep\n|turn|15\n|\n|t:|1700190772\n|-terastallize|p1a: DONKEY KONG|Grass\n|move|p1a: DONKEY KONG|Grassy Glide|p2a: Zapdos\n|-resisted|p2a: Zapdos\n|-damage|p2a: Zapdos|33\/100\n|-status|p1a: DONKEY KONG|par|[from] ability: Static|[of] p2a: Zapdos\n|move|p2a: Zapdos|Hurricane|p1a: DONKEY KONG\n|-supereffective|p1a: DONKEY KONG\n|-damage|p1a: DONKEY KONG|0 fnt\n|faint|p1a: DONKEY KONG\n|\n|-weather|RainDance|[upkeep]\n|upkeep\n|\n|t:|1700190780\n|switch|p1a: KERMIT|Greninja, M|100\/100\n|turn|16\n|\n|t:|1700190784\n|move|p1a: KERMIT|Dark Pulse|p2a: Zapdos\n|-damage|p2a: Zapdos|0 fnt\n|faint|p2a: Zapdos\n|-ability|p1a: KERMIT|Battle Bond|boost\n|-boost|p1a: KERMIT|atk|1\n|-boost|p1a: KERMIT|spa|1\n|-boost|p1a: KERMIT|spe|1\n|-activate|p1a: KERMIT|ability: Battle Bond\n|\n|-weather|RainDance|[upkeep]\n|upkeep\n|\n|t:|1700190794\n|switch|p2a: Barraskewda|Barraskewda, M, shiny, tera:Water|100\/100\n|turn|17\n|l|\u2606I AM Hoooman\n|player|p1|\n|inactive|Battle timer is ON: inactive players will automatically lose when time's up. (requested by Amber-acid)\n|inactive|I AM Hoooman has 30 seconds to reconnect!\n|inactive|I AM Hoooman has 20 seconds to reconnect!\n|inactive|I AM Hoooman has 15 seconds to reconnect!\n|inactive|I AM Hoooman has 10 seconds to reconnect!\n|inactive|I AM Hoooman has 5 seconds to reconnect!\n|-message|I AM Hoooman lost due to inactivity.\n|\n|win|Amber-acid\n|raw|I AM Hoooman's rating: 1264 &rarr; <strong>1245<\/strong><br \/>(-19 for losing)\n|raw|Amber-acid's rating: 1350 &rarr; <strong>1365<\/strong><br \/>(+15 for winning)\n","uploadtime":1700190885,"views":6,"p1id":"iamhoooman","p2id":"amberacid","formatid":"gen9nationaldex","rating":1245,"private":0,"password":""}