{"id":"gen9nationaldex-1991240920","p1":"xiangbr","p2":"Prtbl_Trash","format":"[Gen 9] National Dex","log":"|j|\u2606xiangbr\n|j|\u2606Prtbl_Trash\n|t:|1700060414\n|gametype|singles\n|player|p1|xiangbr|169|1480\n|player|p2|Prtbl_Trash|rosa|1401\n|teamsize|p1|6\n|teamsize|p2|6\n|gen|9\n|tier|[Gen 9] National Dex\n|rated|\n|rule|HP Percentage Mod: HP is shown in percentages\n|rule|Endless Battle Clause: Forcing endless battles is banned\n|rule|OHKO Clause: OHKO moves are banned\n|rule|Evasion Clause: Evasion abilities, items, and moves are banned\n|rule|Evasion Abilities Clause: Evasion abilities are banned\n|rule|Evasion Items Clause: Evasion items are banned\n|rule|Evasion Moves Clause: Evasion moves are banned\n|rule|Species Clause: Limit one of each Pok\u00e9mon\n|rule|Sleep Clause Mod: Limit one foe put to sleep\n|clearpoke\n|poke|p1|Gyarados, M|\n|poke|p1|Dondozo, M|\n|poke|p1|Celesteela|\n|poke|p1|Clodsire, F|\n|poke|p1|Gliscor, F|\n|poke|p1|Amoonguss, F|\n|poke|p2|Klinklang|\n|poke|p2|Slowking-Galar, M|\n|poke|p2|Gliscor, F|\n|poke|p2|Azumarill, F|\n|poke|p2|Skeledirge, F|\n|poke|p2|Serperior, F|\n|teampreview\n|inactive|Battle timer is ON: inactive players will automatically lose when time's up. (requested by Prtbl_Trash)\n|\n|t:|1700060424\n|start\n|switch|p1a: Celesteela|Celesteela|100\/100\n|switch|p2a: Klinklang|Klinklang|100\/100\n|turn|1\n|\n|t:|1700060431\n|-terastallize|p2a: Klinklang|Water\n|move|p2a: Klinklang|Shift Gear|p2a: Klinklang\n|-boost|p2a: Klinklang|spe|2\n|-boost|p2a: Klinklang|atk|1\n|move|p1a: Celesteela|Flamethrower|p2a: Klinklang\n|-resisted|p2a: Klinklang\n|-damage|p2a: Klinklang|85\/100\n|\n|upkeep\n|turn|2\n|\n|t:|1700060439\n|switch|p1a: Amoonguss|Amoonguss, F|100\/100\n|move|p2a: Klinklang|Wild Charge|p1a: Amoonguss\n|-resisted|p1a: Amoonguss\n|-damage|p1a: Amoonguss|81\/100\n|-damage|p2a: Klinklang|77\/100|[from] Recoil\n|-damage|p2a: Klinklang|67\/100|[from] item: Life Orb\n|\n|upkeep\n|turn|3\n|\n|t:|1700060445\n|move|p2a: Klinklang|Gear Grind|p1a: Amoonguss\n|-damage|p1a: Amoonguss|53\/100\n|-damage|p1a: Amoonguss|21\/100\n|-hitcount|p1a: Amoonguss|2\n|-damage|p2a: Klinklang|57\/100|[from] item: Life Orb\n|move|p1a: Amoonguss|Spore|p2a: Klinklang\n|-status|p2a: Klinklang|slp|[from] move: Spore\n|\n|upkeep\n|turn|4\n|\n|t:|1700060452\n|cant|p2a: Klinklang|slp\n|move|p1a: Amoonguss|Giga Drain|p2a: Klinklang\n|-supereffective|p2a: Klinklang\n|-damage|p2a: Klinklang|0 fnt\n|-heal|p1a: Amoonguss|38\/100|[from] drain|[of] p2a: Klinklang\n|faint|p2a: Klinklang\n|\n|upkeep\n|\n|t:|1700060459\n|switch|p2a: Skeledirge|Skeledirge, F|100\/100\n|turn|5\n|\n|t:|1700060462\n|switch|p1a: Dondozo|Dondozo, M|100\/100\n|move|p2a: Skeledirge|Torch Song|p1a: Dondozo\n|-resisted|p1a: Dondozo\n|-damage|p1a: Dondozo|86\/100\n|-boost|p2a: Skeledirge|spa|1\n|\n|upkeep\n|turn|6\n|\n|t:|1700060467\n|move|p2a: Skeledirge|Will-O-Wisp|p1a: Dondozo\n|-status|p1a: Dondozo|brn\n|move|p1a: Dondozo|Liquidation|p2a: Skeledirge\n|-supereffective|p2a: Skeledirge\n|-damage|p2a: Skeledirge|82\/100\n|\n|-damage|p1a: Dondozo|79\/100 brn|[from] brn\n|upkeep\n|turn|7\n|\n|t:|1700060472\n|move|p2a: Skeledirge|Hex|p1a: Dondozo\n|-damage|p1a: Dondozo|32\/100 brn\n|move|p1a: Dondozo|Rest|p1a: Dondozo\n|-status|p1a: Dondozo|slp|[from] move: Rest\n|-heal|p1a: Dondozo|100\/100 slp|[silent]\n|\n|upkeep\n|turn|8\n|\n|t:|1700060476\n|move|p2a: Skeledirge|Hex|p1a: Dondozo\n|-damage|p1a: Dondozo|56\/100 slp\n|cant|p1a: Dondozo|slp\n|\n|upkeep\n|turn|9\n|\n|t:|1700060481\n|move|p2a: Skeledirge|Hex|p1a: Dondozo\n|-damage|p1a: Dondozo|8\/100 slp\n|cant|p1a: Dondozo|slp\n|\n|upkeep\n|turn|10\n|\n|t:|1700060485\n|move|p2a: Skeledirge|Torch Song|p1a: Dondozo\n|-resisted|p1a: Dondozo\n|-damage|p1a: Dondozo|0 fnt\n|-boost|p2a: Skeledirge|spa|1\n|faint|p1a: Dondozo\n|\n|upkeep\n|\n|t:|1700060492\n|switch|p1a: Gliscor|Gliscor, F|100\/100\n|turn|11\n|\n|t:|1700060496\n|move|p1a: Gliscor|Knock Off|p2a: Skeledirge\n|-supereffective|p2a: Skeledirge\n|-damage|p2a: Skeledirge|55\/100\n|-enditem|p2a: Skeledirge|Heavy-Duty Boots|[from] move: Knock Off|[of] p1a: Gliscor\n|move|p2a: Skeledirge|Will-O-Wisp|p1a: Gliscor\n|-status|p1a: Gliscor|brn\n|\n|-damage|p1a: Gliscor|94\/100 brn|[from] brn\n|upkeep\n|turn|12\n|\n|t:|1700060504\n|move|p1a: Gliscor|Toxic|p2a: Skeledirge\n|-status|p2a: Skeledirge|tox\n|move|p2a: Skeledirge|Slack Off|p2a: Skeledirge\n|-heal|p2a: Skeledirge|100\/100 tox\n|\n|-damage|p2a: Skeledirge|94\/100 tox|[from] psn\n|-damage|p1a: Gliscor|88\/100 brn|[from] brn\n|upkeep\n|turn|13\n|\n|t:|1700060509\n|move|p1a: Gliscor|Spikes|p2a: Skeledirge\n|-sidestart|p2: Prtbl_Trash|Spikes\n|move|p2a: Skeledirge|Hex|p1a: Gliscor\n|-damage|p1a: Gliscor|0 fnt\n|faint|p1a: Gliscor\n|\n|-damage|p2a: Skeledirge|82\/100 tox|[from] psn\n|upkeep\n|\n|t:|1700060517\n|switch|p1a: Gyarados|Gyarados, M|100\/100\n|-ability|p1a: Gyarados|Intimidate|boost\n|-unboost|p2a: Skeledirge|atk|1\n|turn|14\n|\n|t:|1700060524\n|detailschange|p1a: Gyarados|Gyarados-Mega, M\n|-mega|p1a: Gyarados|Gyarados|Gyaradosite\n|-ability|p1a: Gyarados|Mold Breaker\n|move|p1a: Gyarados|Waterfall|p2a: Skeledirge\n|-supereffective|p2a: Skeledirge\n|-damage|p2a: Skeledirge|25\/100 tox\n|cant|p2a: Skeledirge|flinch\n|\n|-damage|p2a: Skeledirge|7\/100 tox|[from] psn\n|upkeep\n|turn|15\n|\n|t:|1700060535\n|move|p1a: Gyarados|Crunch|p2a: Skeledirge\n|-supereffective|p2a: Skeledirge\n|-damage|p2a: Skeledirge|0 fnt\n|faint|p2a: Skeledirge\n|\n|upkeep\n|\n|t:|1700060538\n|switch|p2a: Azumarill|Azumarill, F|100\/100\n|-damage|p2a: Azumarill|88\/100|[from] Spikes\n|turn|16\n|\n|t:|1700060546\n|switch|p1a: Celesteela|Celesteela|100\/100\n|move|p2a: Azumarill|Ice Spinner|p1a: Celesteela\n|-damage|p1a: Celesteela|70\/100\n|\n|-heal|p1a: Celesteela|76\/100|[from] item: Leftovers\n|upkeep\n|turn|17\n|\n|t:|1700060553\n|move|p1a: Celesteela|Leech Seed|p2a: Azumarill\n|-start|p2a: Azumarill|move: Leech Seed\n|move|p2a: Azumarill|Liquidation|p1a: Celesteela\n|-damage|p1a: Celesteela|32\/100\n|\n|-heal|p1a: Celesteela|38\/100|[from] item: Leftovers\n|-damage|p2a: Azumarill|76\/100|[from] Leech Seed|[of] p1a: Celesteela\n|-heal|p1a: Celesteela|50\/100|[silent]\n|upkeep\n|turn|18\n|\n|t:|1700060559\n|switch|p2a: Gliscor|Gliscor, F|100\/100\n|move|p1a: Celesteela|Protect||[still]\n|-fail|p1a: Celesteela\n|\n|-heal|p1a: Celesteela|56\/100|[from] item: Leftovers\n|-status|p2a: Gliscor|tox|[from] item: Toxic Orb\n|upkeep\n|turn|19\n|\n|t:|1700060563\n|move|p2a: Gliscor|Defog|p1a: Celesteela\n|-unboost|p1a: Celesteela|evasion|1\n|-sideend|p2: Prtbl_Trash|Spikes|[from] move: Defog|[of] p2a: Gliscor\n|move|p1a: Celesteela|Leech Seed|p2a: Gliscor\n|-start|p2a: Gliscor|move: Leech Seed\n|\n|-heal|p1a: Celesteela|62\/100|[from] item: Leftovers\n|-damage|p2a: Gliscor|88\/100 tox|[from] Leech Seed|[of] p1a: Celesteela\n|-heal|p1a: Celesteela|73\/100|[silent]\n|-heal|p2a: Gliscor|100\/100 tox|[from] ability: Poison Heal\n|upkeep\n|turn|20\n|\n|t:|1700060568\n|switch|p2a: Slowking|Slowking-Galar, M|100\/100\n|move|p1a: Celesteela|Protect||[still]\n|-fail|p1a: Celesteela\n|\n|-heal|p1a: Celesteela|79\/100|[from] item: Leftovers\n|upkeep\n|turn|21\n|\n|t:|1700060571\n|move|p1a: Celesteela|Leech Seed|p2a: Slowking\n|-start|p2a: Slowking|move: Leech Seed\n|move|p2a: Slowking|Thunder Wave|p1a: Celesteela\n|-status|p1a: Celesteela|par\n|\n|-heal|p1a: Celesteela|85\/100 par|[from] item: Leftovers\n|-damage|p2a: Slowking|88\/100|[from] Leech Seed|[of] p1a: Celesteela\n|-heal|p1a: Celesteela|98\/100 par|[silent]\n|upkeep\n|turn|22\n|\n|t:|1700060577\n|move|p1a: Celesteela|Heavy Slam|p2a: Slowking\n|-damage|p2a: Slowking|45\/100\n|move|p2a: Slowking|Future Sight|p1a: Celesteela\n|-start|p2a: Slowking|move: Future Sight\n|\n|-heal|p1a: Celesteela|100\/100 par|[from] item: Leftovers\n|-damage|p2a: Slowking|32\/100|[from] Leech Seed|[of] p1a: Celesteela\n|upkeep\n|turn|23\n|\n|t:|1700060584\n|switch|p2a: Gliscor|Gliscor, F|100\/100 tox\n|cant|p1a: Celesteela|par\n|\n|upkeep\n|turn|24\n|\n|t:|1700060589\n|switch|p2a: Slowking|Slowking-Galar, M|65\/100\n|cant|p1a: Celesteela|par\n|\n|-end|p1a: Celesteela|move: Future Sight\n|-resisted|p1a: Celesteela\n|-damage|p1a: Celesteela|87\/100 par\n|-heal|p1a: Celesteela|93\/100 par|[from] item: Leftovers\n|upkeep\n|turn|25\n|\n|t:|1700060593\n|cant|p1a: Celesteela|par\n|move|p2a: Slowking|Chilly Reception|p2a: Slowking\n|-weather|Snow\n|\n|t:|1700060597\n|switch|p2a: Serperior|Serperior, F|100\/100|[from] Chilly Reception\n|\n|-weather|Snow|[upkeep]\n|-heal|p1a: Celesteela|99\/100 par|[from] item: Leftovers\n|upkeep\n|turn|26\n|\n|t:|1700060604\n|move|p2a: Serperior|Leaf Storm|p1a: Celesteela\n|-resisted|p1a: Celesteela\n|-damage|p1a: Celesteela|93\/100 par\n|-boost|p2a: Serperior|spa|2\n|move|p1a: Celesteela|Flamethrower|p2a: Serperior\n|-supereffective|p2a: Serperior\n|-damage|p2a: Serperior|44\/100\n|\n|-weather|Snow|[upkeep]\n|-heal|p1a: Celesteela|99\/100 par|[from] item: Leftovers\n|upkeep\n|turn|27\n|\n|t:|1700060611\n|move|p2a: Serperior|Hidden Power|p1a: Celesteela\n|-supereffective|p1a: Celesteela\n|-crit|p1a: Celesteela\n|-damage|p1a: Celesteela|47\/100 par\n|move|p1a: Celesteela|Flamethrower|p2a: Serperior\n|-supereffective|p2a: Serperior\n|-damage|p2a: Serperior|0 fnt\n|faint|p2a: Serperior\n|-ability|p1a: Celesteela|Beast Boost|boost\n|-boost|p1a: Celesteela|spd|1\n|\n|-weather|Snow|[upkeep]\n|-heal|p1a: Celesteela|54\/100 par|[from] item: Leftovers\n|upkeep\n|\n|t:|1700060623\n|switch|p2a: Azumarill|Azumarill, F|76\/100\n|turn|28\n|\n|t:|1700060625\n|move|p1a: Celesteela|Protect|p1a: Celesteela\n|-singleturn|p1a: Celesteela|Protect\n|move|p2a: Azumarill|Liquidation|p1a: Celesteela\n|-activate|p1a: Celesteela|move: Protect\n|\n|-weather|Snow|[upkeep]\n|-heal|p1a: Celesteela|60\/100 par|[from] item: Leftovers\n|upkeep\n|turn|29\n|\n|t:|1700060630\n|move|p2a: Azumarill|Liquidation|p1a: Celesteela\n|-damage|p1a: Celesteela|11\/100 par\n|cant|p1a: Celesteela|par\n|\n|-weather|none\n|-heal|p1a: Celesteela|17\/100 par|[from] item: Leftovers\n|upkeep\n|turn|30\n|\n|t:|1700060641\n|switch|p1a: Amoonguss|Amoonguss, F|72\/100\n|move|p2a: Azumarill|Ice Spinner|p1a: Amoonguss\n|-supereffective|p1a: Amoonguss\n|-damage|p1a: Amoonguss|21\/100\n|\n|upkeep\n|turn|31\n|\n|t:|1700060648\n|switch|p1a: Gyarados|Gyarados-Mega, M|100\/100\n|-ability|p1a: Gyarados|Mold Breaker\n|move|p2a: Azumarill|Ice Spinner|p1a: Gyarados\n|-resisted|p1a: Gyarados\n|-damage|p1a: Gyarados|86\/100\n|\n|upkeep\n|turn|32\n|\n|t:|1700060656\n|move|p1a: Gyarados|Earthquake|p2a: Azumarill\n|-damage|p2a: Azumarill|28\/100\n|move|p2a: Azumarill|Play Rough|p1a: Gyarados\n|-supereffective|p1a: Gyarados\n|-damage|p1a: Gyarados|0 fnt\n|faint|p1a: Gyarados\n|\n|upkeep\n|\n|t:|1700060663\n|switch|p1a: Amoonguss|Amoonguss, F|54\/100\n|turn|33\n|\n|t:|1700060666\n|-terastallize|p1a: Amoonguss|Water\n|move|p2a: Azumarill|Ice Spinner|p1a: Amoonguss\n|-resisted|p1a: Amoonguss\n|-damage|p1a: Amoonguss|43\/100\n|move|p1a: Amoonguss|Giga Drain|p2a: Azumarill\n|-supereffective|p2a: Azumarill\n|-damage|p2a: Azumarill|0 fnt\n|-heal|p1a: Amoonguss|56\/100|[from] drain|[of] p2a: Azumarill\n|faint|p2a: Azumarill\n|\n|upkeep\n|\n|t:|1700060677\n|switch|p2a: Slowking|Slowking-Galar, M|99\/100\n|turn|34\n|\n|t:|1700060682\n|switch|p1a: Celesteela|Celesteela|17\/100 par\n|move|p2a: Slowking|Future Sight|p1a: Celesteela\n|-start|p2a: Slowking|move: Future Sight\n|\n|-heal|p1a: Celesteela|23\/100 par|[from] item: Leftovers\n|upkeep\n|turn|35\n|\n|t:|1700060688\n|move|p1a: Celesteela|Leech Seed|p2a: Slowking\n|-start|p2a: Slowking|move: Leech Seed\n|move|p2a: Slowking|Chilly Reception|p2a: Slowking\n|-weather|Snow\n|\n|t:|1700060692\n|switch|p2a: Gliscor|Gliscor, F|100\/100 tox|[from] Chilly Reception\n|\n|-weather|Snow|[upkeep]\n|-heal|p1a: Celesteela|29\/100 par|[from] item: Leftovers\n|upkeep\n|turn|36\n|\n|t:|1700060696\n|switch|p2a: Slowking|Slowking-Galar, M|100\/100\n|move|p1a: Celesteela|Protect||[still]\n|-fail|p1a: Celesteela\n|\n|-weather|Snow|[upkeep]\n|-end|p1a: Celesteela|move: Future Sight\n|-resisted|p1a: Celesteela\n|-damage|p1a: Celesteela|15\/100 par\n|-heal|p1a: Celesteela|21\/100 par|[from] item: Leftovers\n|upkeep\n|turn|37\n|\n|t:|1700060699\n|move|p1a: Celesteela|Heavy Slam|p2a: Slowking\n|-damage|p2a: Slowking|58\/100\n|move|p2a: Slowking|Future Sight|p1a: Celesteela\n|-start|p2a: Slowking|move: Future Sight\n|\n|-weather|Snow|[upkeep]\n|-heal|p1a: Celesteela|27\/100 par|[from] item: Leftovers\n|upkeep\n|turn|38\n|\n|t:|1700060708\n|move|p1a: Celesteela|Heavy Slam|p2a: Slowking\n|-damage|p2a: Slowking|17\/100\n|move|p2a: Slowking|Future Sight||[still]\n|-fail|p2a: Slowking\n|\n|-weather|Snow|[upkeep]\n|-heal|p1a: Celesteela|33\/100 par|[from] item: Leftovers\n|upkeep\n|turn|39\n|\n|t:|1700060713\n|switch|p2a: Gliscor|Gliscor, F|100\/100 tox\n|move|p1a: Celesteela|Leech Seed|p2a: Gliscor\n|-start|p2a: Gliscor|move: Leech Seed\n|\n|-weather|none\n|-end|p1a: Celesteela|move: Future Sight\n|-resisted|p1a: Celesteela\n|-damage|p1a: Celesteela|20\/100 par\n|-heal|p1a: Celesteela|26\/100 par|[from] item: Leftovers\n|-damage|p2a: Gliscor|88\/100 tox|[from] Leech Seed|[of] p1a: Celesteela\n|-heal|p1a: Celesteela|37\/100 par|[silent]\n|-heal|p2a: Gliscor|100\/100 tox|[from] ability: Poison Heal\n|upkeep\n|turn|40\n|\n|t:|1700060719\n|move|p2a: Gliscor|Defog|p1a: Celesteela\n|-unboost|p1a: Celesteela|evasion|1\n|cant|p1a: Celesteela|par\n|\n|-heal|p1a: Celesteela|43\/100 par|[from] item: Leftovers\n|-damage|p2a: Gliscor|88\/100 tox|[from] Leech Seed|[of] p1a: Celesteela\n|-heal|p1a: Celesteela|54\/100 par|[silent]\n|-heal|p2a: Gliscor|100\/100 tox|[from] ability: Poison Heal\n|upkeep\n|turn|41\n|\n|t:|1700060727\n|move|p2a: Gliscor|Defog|p1a: Celesteela\n|-unboost|p1a: Celesteela|evasion|1\n|cant|p1a: Celesteela|par\n|\n|-heal|p1a: Celesteela|60\/100 par|[from] item: Leftovers\n|-damage|p2a: Gliscor|88\/100 tox|[from] Leech Seed|[of] p1a: Celesteela\n|-heal|p1a: Celesteela|71\/100 par|[silent]\n|-heal|p2a: Gliscor|100\/100 tox|[from] ability: Poison Heal\n|upkeep\n|turn|42\n|\n|t:|1700060736\n|switch|p2a: Slowking|Slowking-Galar, M|50\/100\n|move|p1a: Celesteela|Flamethrower|p2a: Slowking\n|-damage|p2a: Slowking|38\/100\n|\n|-heal|p1a: Celesteela|77\/100 par|[from] item: Leftovers\n|upkeep\n|turn|43\n|\n|t:|1700060739\n|switch|p2a: Gliscor|Gliscor, F|100\/100 tox\n|move|p1a: Celesteela|Heavy Slam|p2a: Gliscor\n|-damage|p2a: Gliscor|70\/100 tox\n|\n|-heal|p1a: Celesteela|83\/100 par|[from] item: Leftovers\n|-heal|p2a: Gliscor|82\/100 tox|[from] ability: Poison Heal\n|upkeep\n|turn|44\n|\n|t:|1700060747\n|switch|p2a: Slowking|Slowking-Galar, M|71\/100\n|move|p1a: Celesteela|Leech Seed|p2a: Slowking\n|-start|p2a: Slowking|move: Leech Seed\n|\n|-heal|p1a: Celesteela|89\/100 par|[from] item: Leftovers\n|-damage|p2a: Slowking|58\/100|[from] Leech Seed|[of] p1a: Celesteela\n|-heal|p1a: Celesteela|100\/100 par|[silent]\n|upkeep\n|turn|45\n|\n|t:|1700060755\n|switch|p2a: Gliscor|Gliscor, F|82\/100 tox\n|move|p1a: Celesteela|Heavy Slam|p2a: Gliscor\n|-damage|p2a: Gliscor|47\/100 tox\n|\n|-heal|p2a: Gliscor|59\/100 tox|[from] ability: Poison Heal\n|upkeep\n|turn|46\n|\n|t:|1700060765\n|switch|p2a: Slowking|Slowking-Galar, M|92\/100\n|cant|p1a: Celesteela|par\n|\n|upkeep\n|turn|47\n|\n|t:|1700060774\n|switch|p2a: Gliscor|Gliscor, F|59\/100 tox\n|cant|p1a: Celesteela|par\n|\n|-heal|p2a: Gliscor|72\/100 tox|[from] ability: Poison Heal\n|upkeep\n|turn|48\n|\n|t:|1700060781\n|switch|p2a: Slowking|Slowking-Galar, M|100\/100\n|move|p1a: Celesteela|Flamethrower|p2a: Slowking\n|-damage|p2a: Slowking|87\/100\n|\n|upkeep\n|turn|49\n|\n|t:|1700060786\n|move|p1a: Celesteela|Heavy Slam|p2a: Slowking\n|-damage|p2a: Slowking|41\/100\n|move|p2a: Slowking|Future Sight|p1a: Celesteela\n|-start|p2a: Slowking|move: Future Sight\n|\n|upkeep\n|turn|50\n|\n|t:|1700060793\n|switch|p2a: Gliscor|Gliscor, F|72\/100 tox\n|move|p1a: Celesteela|Heavy Slam|p2a: Gliscor\n|-damage|p2a: Gliscor|36\/100 tox\n|\n|-heal|p2a: Gliscor|48\/100 tox|[from] ability: Poison Heal\n|upkeep\n|turn|51\n|\n|t:|1700060799\n|move|p2a: Gliscor|Roost|p2a: Gliscor\n|-heal|p2a: Gliscor|98\/100 tox\n|-singleturn|p2a: Gliscor|move: Roost\n|move|p1a: Celesteela|Heavy Slam|p2a: Gliscor\n|-damage|p2a: Gliscor|67\/100 tox\n|\n|-end|p1a: Celesteela|move: Future Sight\n|-resisted|p1a: Celesteela\n|-crit|p1a: Celesteela\n|-damage|p1a: Celesteela|81\/100 par\n|-heal|p1a: Celesteela|87\/100 par|[from] item: Leftovers\n|-heal|p2a: Gliscor|80\/100 tox|[from] ability: Poison Heal\n|upkeep\n|turn|52\n|\n|t:|1700060812\n|move|p2a: Gliscor|Defog|p1a: Celesteela\n|-unboost|p1a: Celesteela|evasion|1\n|move|p1a: Celesteela|Heavy Slam|p2a: Gliscor\n|-damage|p2a: Gliscor|44\/100 tox\n|\n|-heal|p1a: Celesteela|93\/100 par|[from] item: Leftovers\n|-heal|p2a: Gliscor|56\/100 tox|[from] ability: Poison Heal\n|upkeep\n|turn|53\n|\n|t:|1700060818\n|move|p2a: Gliscor|Roost|p2a: Gliscor\n|-heal|p2a: Gliscor|100\/100 tox\n|-singleturn|p2a: Gliscor|move: Roost\n|cant|p1a: Celesteela|par\n|\n|-heal|p1a: Celesteela|99\/100 par|[from] item: Leftovers\n|upkeep\n|turn|54\n|\n|t:|1700060821\n|switch|p2a: Slowking|Slowking-Galar, M|74\/100\n|move|p1a: Celesteela|Flamethrower|p2a: Slowking\n|-damage|p2a: Slowking|62\/100\n|\n|-heal|p1a: Celesteela|100\/100 par|[from] item: Leftovers\n|upkeep\n|turn|55\n|\n|t:|1700060825\n|switch|p2a: Gliscor|Gliscor, F|100\/100 tox\n|move|p1a: Celesteela|Heavy Slam|p2a: Gliscor\n|-damage|p2a: Gliscor|68\/100 tox\n|\n|-heal|p2a: Gliscor|81\/100 tox|[from] ability: Poison Heal\n|upkeep\n|turn|56\n|\n|t:|1700060832\n|switch|p2a: Slowking|Slowking-Galar, M|95\/100\n|move|p1a: Celesteela|Flamethrower|p2a: Slowking\n|-damage|p2a: Slowking|81\/100\n|-status|p2a: Slowking|brn\n|\n|-damage|p2a: Slowking|75\/100 brn|[from] brn\n|upkeep\n|turn|57\n|\n|t:|1700060840\n|switch|p2a: Gliscor|Gliscor, F|81\/100 tox\n|move|p1a: Celesteela|Heavy Slam|p2a: Gliscor\n|-damage|p2a: Gliscor|48\/100 tox\n|\n|-heal|p2a: Gliscor|60\/100 tox|[from] ability: Poison Heal\n|upkeep\n|turn|58\n|\n|t:|1700060846\n|move|p2a: Gliscor|Defog|p1a: Celesteela\n|-unboost|p1a: Celesteela|evasion|1\n|move|p1a: Celesteela|Flamethrower|p2a: Gliscor\n|-damage|p2a: Gliscor|41\/100 tox\n|\n|-heal|p2a: Gliscor|54\/100 tox|[from] ability: Poison Heal\n|upkeep\n|turn|59\n|\n|t:|1700060854\n|switch|p1a: Clodsire|Clodsire, F|100\/100\n|move|p2a: Gliscor|Roost|p2a: Gliscor\n|-heal|p2a: Gliscor|100\/100 tox\n|-singleturn|p2a: Gliscor|move: Roost\n|\n|upkeep\n|turn|60\n|\n|t:|1700060860\n|switch|p1a: Celesteela|Celesteela|100\/100 par\n|move|p2a: Gliscor|Earthquake|p1a: Celesteela\n|-immune|p1a: Celesteela\n|\n|upkeep\n|turn|61\n|\n|t:|1700060866\n|move|p2a: Gliscor|Defog|p1a: Celesteela\n|-unboost|p1a: Celesteela|evasion|1\n|move|p1a: Celesteela|Flamethrower|p2a: Gliscor\n|-damage|p2a: Gliscor|82\/100 tox\n|\n|-heal|p2a: Gliscor|94\/100 tox|[from] ability: Poison Heal\n|upkeep\n|turn|62\n|\n|t:|1700060882\n|move|p2a: Gliscor|Defog|p1a: Celesteela\n|-unboost|p1a: Celesteela|evasion|1\n|cant|p1a: Celesteela|par\n|\n|-heal|p2a: Gliscor|100\/100 tox|[from] ability: Poison Heal\n|upkeep\n|turn|63\n|\n|t:|1700060889\n|move|p2a: Gliscor|Toxic||[still]\n|-fail|p2a: Gliscor\n|move|p1a: Celesteela|Leech Seed|p2a: Gliscor\n|-start|p2a: Gliscor|move: Leech Seed\n|\n|-damage|p2a: Gliscor|88\/100 tox|[from] Leech Seed|[of] p1a: Celesteela\n|-heal|p2a: Gliscor|100\/100 tox|[from] ability: Poison Heal\n|upkeep\n|turn|64\n|\n|t:|1700060898\n|move|p2a: Gliscor|Toxic||[still]\n|-fail|p2a: Gliscor\n|move|p1a: Celesteela|Flamethrower|p2a: Gliscor\n|-damage|p2a: Gliscor|83\/100 tox\n|\n|-damage|p2a: Gliscor|70\/100 tox|[from] Leech Seed|[of] p1a: Celesteela\n|-heal|p2a: Gliscor|83\/100 tox|[from] ability: Poison Heal\n|upkeep\n|turn|65\n|\n|t:|1700060902\n|switch|p1a: Clodsire|Clodsire, F|100\/100\n|move|p2a: Gliscor|Toxic|p1a: Clodsire\n|-immune|p1a: Clodsire\n|\n|-damage|p2a: Gliscor|70\/100 tox|[from] Leech Seed|[of] p1a: Clodsire\n|-heal|p2a: Gliscor|83\/100 tox|[from] ability: Poison Heal\n|upkeep\n|turn|66\n|\n|t:|1700060910\n|switch|p1a: Celesteela|Celesteela|100\/100 par\n|move|p2a: Gliscor|Defog|p1a: Celesteela\n|-unboost|p1a: Celesteela|evasion|1\n|\n|-damage|p2a: Gliscor|70\/100 tox|[from] Leech Seed|[of] p1a: Celesteela\n|-heal|p2a: Gliscor|83\/100 tox|[from] ability: Poison Heal\n|upkeep\n|turn|67\n|\n|t:|1700060917\n|switch|p2a: Slowking|Slowking-Galar, M|100\/100 brn\n|switch|p1a: Clodsire|Clodsire, F|100\/100\n|\n|-damage|p2a: Slowking|94\/100 brn|[from] brn\n|upkeep\n|turn|68\n|\n|t:|1700060928\n|switch|p1a: Amoonguss|Amoonguss, F, tera:Water|89\/100\n|move|p2a: Slowking|Future Sight|p1a: Amoonguss\n|-start|p2a: Slowking|move: Future Sight\n|\n|-damage|p2a: Slowking|88\/100 brn|[from] brn\n|upkeep\n|turn|69\n|\n|t:|1700060937\n|move|p1a: Amoonguss|Sludge Bomb|p2a: Slowking\n|-resisted|p2a: Slowking\n|-damage|p2a: Slowking|80\/100 brn\n|move|p2a: Slowking|Sludge Bomb|p1a: Amoonguss\n|-damage|p1a: Amoonguss|59\/100\n|\n|-damage|p2a: Slowking|74\/100 brn|[from] brn\n|upkeep\n|turn|70\n|\n|t:|1700060946\n|switch|p1a: Celesteela|Celesteela|100\/100 par\n|switch|p2a: Gliscor|Gliscor, F|83\/100 tox\n|\n|-end|p1a: Celesteela|move: Future Sight\n|-resisted|p1a: Celesteela\n|-crit|p1a: Celesteela\n|-damage|p1a: Celesteela|80\/100 par\n|-heal|p1a: Celesteela|86\/100 par|[from] item: Leftovers\n|-heal|p2a: Gliscor|95\/100 tox|[from] ability: Poison Heal\n|upkeep\n|turn|71\n|\n|t:|1700060974\n|switch|p2a: Slowking|Slowking-Galar, M|100\/100 brn\n|switch|p1a: Amoonguss|Amoonguss, F, tera:Water|92\/100\n|\n|-damage|p2a: Slowking|94\/100 brn|[from] brn\n|upkeep\n|turn|72\n|\n|t:|1700060980\n|switch|p1a: Celesteela|Celesteela|86\/100 par\n|move|p2a: Slowking|Thunder Wave|p1a: Celesteela\n|-fail|p1a: Celesteela|par\n|\n|-heal|p1a: Celesteela|92\/100 par|[from] item: Leftovers\n|-damage|p2a: Slowking|88\/100 brn|[from] brn\n|upkeep\n|turn|73\n|\n|t:|1700060986\n|switch|p1a: Clodsire|Clodsire, F|100\/100\n|move|p2a: Slowking|Chilly Reception|p2a: Slowking\n|-weather|Snow\n|\n|t:|1700060988\n|switch|p2a: Gliscor|Gliscor, F|95\/100 tox|[from] Chilly Reception\n|\n|-weather|Snow|[upkeep]\n|-heal|p2a: Gliscor|100\/100 tox|[from] ability: Poison Heal\n|upkeep\n|turn|74\n|\n|t:|1700060992\n|switch|p2a: Slowking|Slowking-Galar, M|100\/100 brn\n|switch|p1a: Celesteela|Celesteela|92\/100 par\n|\n|-weather|Snow|[upkeep]\n|-heal|p1a: Celesteela|98\/100 par|[from] item: Leftovers\n|-damage|p2a: Slowking|94\/100 brn|[from] brn\n|upkeep\n|turn|75\n|\n|t:|1700060999\n|switch|p1a: Clodsire|Clodsire, F|100\/100\n|move|p2a: Slowking|Future Sight|p1a: Clodsire\n|-start|p2a: Slowking|move: Future Sight\n|\n|-weather|Snow|[upkeep]\n|-damage|p2a: Slowking|88\/100 brn|[from] brn\n|upkeep\n|turn|76\n|\n|t:|1700061005\n|move|p1a: Clodsire|Earthquake|p2a: Slowking\n|-supereffective|p2a: Slowking\n|-damage|p2a: Slowking|33\/100 brn\n|move|p2a: Slowking|Chilly Reception|p2a: Slowking\n|\n|t:|1700061010\n|switch|p2a: Gliscor|Gliscor, F|100\/100 tox|[from] Chilly Reception\n|\n|-weather|Snow|[upkeep]\n|upkeep\n|turn|77\n|\n|t:|1700061014\n|switch|p1a: Celesteela|Celesteela|98\/100 par\n|move|p2a: Gliscor|Earthquake|p1a: Celesteela\n|-immune|p1a: Celesteela\n|\n|-weather|none\n|-end|p1a: Celesteela|move: Future Sight\n|-resisted|p1a: Celesteela\n|-damage|p1a: Celesteela|84\/100 par\n|-heal|p1a: Celesteela|90\/100 par|[from] item: Leftovers\n|upkeep\n|turn|78\n|\n|t:|1700061025\n|switch|p2a: Slowking|Slowking-Galar, M|66\/100 brn\n|move|p1a: Celesteela|Flamethrower|p2a: Slowking\n|-damage|p2a: Slowking|54\/100 brn\n|\n|-heal|p1a: Celesteela|96\/100 par|[from] item: Leftovers\n|-damage|p2a: Slowking|48\/100 brn|[from] brn\n|upkeep\n|turn|79\n|\n|t:|1700061033\n|switch|p1a: Amoonguss|Amoonguss, F, tera:Water|100\/100\n|switch|p2a: Gliscor|Gliscor, F|100\/100 tox\n|\n|upkeep\n|turn|80\n|\n|t:|1700061040\n|move|p2a: Gliscor|Toxic|p1a: Amoonguss|[miss]\n|-miss|p2a: Gliscor|p1a: Amoonguss\n|move|p1a: Amoonguss|Giga Drain|p2a: Gliscor\n|-damage|p2a: Gliscor|80\/100 tox\n|\n|-heal|p2a: Gliscor|93\/100 tox|[from] ability: Poison Heal\n|upkeep\n|turn|81\n|\n|t:|1700061050\n|switch|p2a: Slowking|Slowking-Galar, M|81\/100 brn\n|switch|p1a: Celesteela|Celesteela|96\/100 par\n|\n|-heal|p1a: Celesteela|100\/100 par|[from] item: Leftovers\n|-damage|p2a: Slowking|75\/100 brn|[from] brn\n|upkeep\n|turn|82\n|\n|t:|1700061060\n|switch|p1a: Clodsire|Clodsire, F|100\/100\n|move|p2a: Slowking|Chilly Reception|p2a: Slowking\n|-weather|Snow\n|\n|t:|1700061062\n|switch|p2a: Gliscor|Gliscor, F|93\/100 tox|[from] Chilly Reception\n|\n|-weather|Snow|[upkeep]\n|-heal|p2a: Gliscor|100\/100 tox|[from] ability: Poison Heal\n|upkeep\n|turn|83\n|\n|t:|1700061071\n|switch|p2a: Slowking|Slowking-Galar, M|100\/100 brn\n|switch|p1a: Amoonguss|Amoonguss, F, tera:Water|100\/100\n|\n|-weather|Snow|[upkeep]\n|-damage|p2a: Slowking|94\/100 brn|[from] brn\n|upkeep\n|turn|84\n|\n|t:|1700061077\n|move|p1a: Amoonguss|Hidden Power|p2a: Slowking\n|-damage|p2a: Slowking|87\/100 brn\n|move|p2a: Slowking|Sludge Bomb|p1a: Amoonguss\n|-damage|p1a: Amoonguss|69\/100\n|\n|-weather|Snow|[upkeep]\n|-damage|p2a: Slowking|81\/100 brn|[from] brn\n|upkeep\n|turn|85\n|\n|t:|1700061085\n|switch|p1a: Clodsire|Clodsire, F|100\/100\n|move|p2a: Slowking|Chilly Reception|p2a: Slowking\n|\n|t:|1700061089\n|switch|p2a: Gliscor|Gliscor, F|100\/100 tox|[from] Chilly Reception\n|\n|-weather|Snow|[upkeep]\n|upkeep\n|turn|86\n|\n|t:|1700061093\n|switch|p1a: Celesteela|Celesteela|100\/100 par\n|move|p2a: Gliscor|Toxic||[still]\n|-fail|p2a: Gliscor\n|\n|-weather|none\n|upkeep\n|turn|87\n|\n|t:|1700061122\n|move|p2a: Gliscor|Defog|p1a: Celesteela\n|-unboost|p1a: Celesteela|evasion|1\n|cant|p1a: Celesteela|par\n|\n|upkeep\n|turn|88\n|\n|t:|1700061130\n|switch|p2a: Slowking|Slowking-Galar, M|100\/100 brn\n|move|p1a: Celesteela|Leech Seed|p2a: Slowking\n|-start|p2a: Slowking|move: Leech Seed\n|\n|-damage|p2a: Slowking|88\/100 brn|[from] Leech Seed|[of] p1a: Celesteela\n|-damage|p2a: Slowking|82\/100 brn|[from] brn\n|upkeep\n|turn|89\n|\n|t:|1700061135\n|switch|p1a: Clodsire|Clodsire, F|100\/100\n|move|p2a: Slowking|Chilly Reception|p2a: Slowking\n|-weather|Snow\n|\n|t:|1700061138\n|switch|p2a: Gliscor|Gliscor, F|100\/100 tox|[from] Chilly Reception\n|\n|-weather|Snow|[upkeep]\n|upkeep\n|turn|90\n|\n|t:|1700061142\n|switch|p2a: Slowking|Slowking-Galar, M|100\/100 brn\n|switch|p1a: Celesteela|Celesteela|100\/100 par\n|\n|-weather|Snow|[upkeep]\n|-damage|p2a: Slowking|94\/100 brn|[from] brn\n|upkeep\n|turn|91\n|\n|t:|1700061149\n|cant|p1a: Celesteela|par\n|move|p2a: Slowking|Future Sight|p1a: Celesteela\n|-start|p2a: Slowking|move: Future Sight\n|\n|-weather|Snow|[upkeep]\n|-damage|p2a: Slowking|88\/100 brn|[from] brn\n|upkeep\n|turn|92\n|\n|t:|1700061158\n|switch|p2a: Gliscor|Gliscor, F|100\/100 tox\n|move|p1a: Celesteela|Flamethrower|p2a: Gliscor\n|-damage|p2a: Gliscor|83\/100 tox\n|\n|-weather|Snow|[upkeep]\n|-heal|p2a: Gliscor|96\/100 tox|[from] ability: Poison Heal\n|upkeep\n|turn|93\n|\n|t:|1700061164\n|switch|p2a: Slowking|Slowking-Galar, M|100\/100 brn\n|move|p1a: Celesteela|Protect||[still]\n|-fail|p1a: Celesteela\n|\n|-weather|none\n|-end|p1a: Celesteela|move: Future Sight\n|-resisted|p1a: Celesteela\n|-damage|p1a: Celesteela|87\/100 par\n|-heal|p1a: Celesteela|93\/100 par|[from] item: Leftovers\n|-damage|p2a: Slowking|94\/100 brn|[from] brn\n|upkeep\n|turn|94\n|\n|t:|1700061171\n|cant|p1a: Celesteela|par\n|move|p2a: Slowking|Future Sight|p1a: Celesteela\n|-start|p2a: Slowking|move: Future Sight\n|\n|-heal|p1a: Celesteela|99\/100 par|[from] item: Leftovers\n|-damage|p2a: Slowking|88\/100 brn|[from] brn\n|upkeep\n|turn|95\n|\n|t:|1700061178\n|switch|p1a: Clodsire|Clodsire, F|100\/100\n|switch|p2a: Gliscor|Gliscor, F|96\/100 tox\n|\n|-heal|p2a: Gliscor|100\/100 tox|[from] ability: Poison Heal\n|upkeep\n|turn|96\n|\n|t:|1700061191\n|switch|p2a: Slowking|Slowking-Galar, M|100\/100 brn\n|switch|p1a: Celesteela|Celesteela|99\/100 par\n|\n|-end|p1a: Celesteela|move: Future Sight\n|-resisted|p1a: Celesteela\n|-damage|p1a: Celesteela|84\/100 par\n|-heal|p1a: Celesteela|90\/100 par|[from] item: Leftovers\n|-damage|p2a: Slowking|94\/100 brn|[from] brn\n|upkeep\n|turn|97\n|\n|t:|1700061199\n|switch|p1a: Clodsire|Clodsire, F|100\/100\n|move|p2a: Slowking|Future Sight|p1a: Clodsire\n|-start|p2a: Slowking|move: Future Sight\n|\n|-damage|p2a: Slowking|88\/100 brn|[from] brn\n|upkeep\n|turn|98\n|\n|t:|1700061205\n|move|p1a: Clodsire|Earthquake|p2a: Slowking\n|-supereffective|p2a: Slowking\n|-damage|p2a: Slowking|33\/100 brn\n|move|p2a: Slowking|Chilly Reception|p2a: Slowking\n|-weather|Snow\n|\n|t:|1700061210\n|switch|p2a: Gliscor|Gliscor, F|100\/100 tox|[from] Chilly Reception\n|\n|-weather|Snow|[upkeep]\n|upkeep\n|turn|99\n|\n|t:|1700061213\n|switch|p2a: Slowking|Slowking-Galar, M|67\/100 brn\n|switch|p1a: Celesteela|Celesteela|90\/100 par\n|\n|-weather|Snow|[upkeep]\n|-end|p1a: Celesteela|move: Future Sight\n|-resisted|p1a: Celesteela\n|-damage|p1a: Celesteela|76\/100 par\n|-heal|p1a: Celesteela|82\/100 par|[from] item: Leftovers\n|-damage|p2a: Slowking|61\/100 brn|[from] brn\n|upkeep\n|turn|100\n|\n|t:|1700061232\n|switch|p2a: Gliscor|Gliscor, F|100\/100 tox\n|move|p1a: Celesteela|Heavy Slam|p2a: Gliscor\n|-damage|p2a: Gliscor|69\/100 tox\n|\n|-weather|Snow|[upkeep]\n|-heal|p1a: Celesteela|88\/100 par|[from] item: Leftovers\n|-heal|p2a: Gliscor|81\/100 tox|[from] ability: Poison Heal\n|upkeep\n|turn|101\n|\n|t:|1700061240\n|switch|p1a: Clodsire|Clodsire, F|100\/100\n|move|p2a: Gliscor|Defog|p1a: Clodsire\n|-unboost|p1a: Clodsire|evasion|1\n|\n|-weather|Snow|[upkeep]\n|-heal|p2a: Gliscor|94\/100 tox|[from] ability: Poison Heal\n|upkeep\n|turn|102\n|\n|t:|1700061248\n|switch|p1a: Celesteela|Celesteela|88\/100 par\n|move|p2a: Gliscor|Earthquake|p1a: Celesteela\n|-immune|p1a: Celesteela\n|\n|-weather|none\n|-heal|p1a: Celesteela|94\/100 par|[from] item: Leftovers\n|-heal|p2a: Gliscor|100\/100 tox|[from] ability: Poison Heal\n|upkeep\n|turn|103\n|\n|t:|1700061260\n|switch|p1a: Clodsire|Clodsire, F|100\/100\n|move|p2a: Gliscor|Defog|p1a: Clodsire\n|-unboost|p1a: Clodsire|evasion|1\n|\n|upkeep\n|turn|104\n|\n|t:|1700061265\n|switch|p2a: Slowking|Slowking-Galar, M|94\/100 brn\n|switch|p1a: Celesteela|Celesteela|94\/100 par\n|\n|-heal|p1a: Celesteela|100\/100 par|[from] item: Leftovers\n|-damage|p2a: Slowking|88\/100 brn|[from] brn\n|upkeep\n|turn|105\n|\n|t:|1700061269\n|switch|p1a: Amoonguss|Amoonguss, F, tera:Water|100\/100\n|move|p2a: Slowking|Future Sight|p1a: Amoonguss\n|-start|p2a: Slowking|move: Future Sight\n|\n|-damage|p2a: Slowking|82\/100 brn|[from] brn\n|upkeep\n|turn|106\n|\n|t:|1700061276\n|move|p1a: Amoonguss|Hidden Power|p2a: Slowking\n|-damage|p2a: Slowking|75\/100 brn\n|move|p2a: Slowking|Sludge Bomb|p1a: Amoonguss\n|-damage|p1a: Amoonguss|71\/100\n|\n|-damage|p2a: Slowking|69\/100 brn|[from] brn\n|upkeep\n|turn|107\n|\n|t:|1700061283\n|switch|p1a: Celesteela|Celesteela|100\/100 par\n|switch|p2a: Gliscor|Gliscor, F|100\/100 tox\n|\n|-end|p1a: Celesteela|move: Future Sight\n|-resisted|p1a: Celesteela\n|-damage|p1a: Celesteela|87\/100 par\n|-heal|p1a: Celesteela|93\/100 par|[from] item: Leftovers\n|upkeep\n|turn|108\n|\n|t:|1700061289\n|move|p2a: Gliscor|Earthquake|p1a: Celesteela\n|-immune|p1a: Celesteela\n|move|p1a: Celesteela|Leech Seed|p2a: Gliscor\n|-start|p2a: Gliscor|move: Leech Seed\n|\n|-heal|p1a: Celesteela|99\/100 par|[from] item: Leftovers\n|-damage|p2a: Gliscor|88\/100 tox|[from] Leech Seed|[of] p1a: Celesteela\n|-heal|p1a: Celesteela|100\/100 par|[silent]\n|-heal|p2a: Gliscor|100\/100 tox|[from] ability: Poison Heal\n|upkeep\n|turn|109\n|\n|t:|1700061297\n|switch|p2a: Slowking|Slowking-Galar, M|100\/100 brn\n|switch|p1a: Clodsire|Clodsire, F|100\/100\n|\n|-damage|p2a: Slowking|94\/100 brn|[from] brn\n|upkeep\n|turn|110\n|\n|t:|1700061302\n|switch|p2a: Gliscor|Gliscor, F|100\/100 tox\n|move|p1a: Clodsire|Stealth Rock|p2a: Gliscor\n|-sidestart|p2: Prtbl_Trash|move: Stealth Rock\n|\n|upkeep\n|turn|111\n|\n|t:|1700061307\n|switch|p1a: Amoonguss|Amoonguss, F, tera:Water|100\/100\n|move|p2a: Gliscor|Defog|p1a: Amoonguss\n|-unboost|p1a: Amoonguss|evasion|1\n|-sideend|p2: Prtbl_Trash|Stealth Rock|[from] move: Defog|[of] p2a: Gliscor\n|\n|upkeep\n|turn|112\n|\n|t:|1700061313\n|move|p2a: Gliscor|Toxic|p1a: Amoonguss\n|-status|p1a: Amoonguss|tox\n|move|p1a: Amoonguss|Giga Drain|p2a: Gliscor\n|-damage|p2a: Gliscor|81\/100 tox\n|\n|-heal|p2a: Gliscor|94\/100 tox|[from] ability: Poison Heal\n|-damage|p1a: Amoonguss|94\/100 tox|[from] psn\n|upkeep\n|turn|113\n|\n|t:|1700061319\n|move|p2a: Gliscor|Earthquake|p1a: Amoonguss\n|-damage|p1a: Amoonguss|70\/100 tox\n|move|p1a: Amoonguss|Giga Drain|p2a: Gliscor\n|-damage|p2a: Gliscor|76\/100 tox\n|-heal|p1a: Amoonguss|77\/100 tox|[from] drain|[of] p2a: Gliscor\n|\n|-heal|p2a: Gliscor|89\/100 tox|[from] ability: Poison Heal\n|-damage|p1a: Amoonguss|65\/100 tox|[from] psn\n|upkeep\n|turn|114\n|\n|t:|1700061329\n|switch|p2a: Slowking|Slowking-Galar, M|100\/100 brn\n|switch|p1a: Celesteela|Celesteela|100\/100 par\n|\n|-damage|p2a: Slowking|94\/100 brn|[from] brn\n|upkeep\n|turn|115\n|\n|t:|1700061337\n|switch|p2a: Gliscor|Gliscor, F|89\/100 tox\n|move|p1a: Celesteela|Heavy Slam|p2a: Gliscor\n|-damage|p2a: Gliscor|58\/100 tox\n|\n|-heal|p2a: Gliscor|70\/100 tox|[from] ability: Poison Heal\n|upkeep\n|turn|116\n|\n|t:|1700061352\n|switch|p1a: Clodsire|Clodsire, F|100\/100\n|move|p2a: Gliscor|Earthquake|p1a: Clodsire\n|-supereffective|p1a: Clodsire\n|-damage|p1a: Clodsire|28\/100\n|\n|-heal|p2a: Gliscor|83\/100 tox|[from] ability: Poison Heal\n|upkeep\n|turn|117\n|\n|t:|1700061361\n|switch|p1a: Celesteela|Celesteela|100\/100 par\n|move|p2a: Gliscor|Earthquake|p1a: Celesteela\n|-immune|p1a: Celesteela\n|\n|-heal|p2a: Gliscor|95\/100 tox|[from] ability: Poison Heal\n|upkeep\n|turn|118\n|\n|t:|1700061369\n|switch|p2a: Slowking|Slowking-Galar, M|100\/100 brn\n|switch|p1a: Amoonguss|Amoonguss, F, tera:Water|98\/100 tox\n|\n|-damage|p1a: Amoonguss|92\/100 tox|[from] psn\n|-damage|p2a: Slowking|94\/100 brn|[from] brn\n|upkeep\n|turn|119\n|\n|t:|1700061373\n|switch|p1a: Celesteela|Celesteela|100\/100 par\n|move|p2a: Slowking|Future Sight|p1a: Celesteela\n|-start|p2a: Slowking|move: Future Sight\n|\n|-damage|p2a: Slowking|88\/100 brn|[from] brn\n|upkeep\n|turn|120\n|\n|t:|1700061377\n|switch|p1a: Clodsire|Clodsire, F|28\/100\n|switch|p2a: Gliscor|Gliscor, F|95\/100 tox\n|\n|-heal|p2a: Gliscor|100\/100 tox|[from] ability: Poison Heal\n|upkeep\n|turn|121\n|\n|t:|1700061382\n|switch|p2a: Slowking|Slowking-Galar, M|100\/100 brn\n|switch|p1a: Celesteela|Celesteela|100\/100 par\n|\n|-end|p1a: Celesteela|move: Future Sight\n|-resisted|p1a: Celesteela\n|-damage|p1a: Celesteela|88\/100 par\n|-heal|p1a: Celesteela|94\/100 par|[from] item: Leftovers\n|-damage|p2a: Slowking|94\/100 brn|[from] brn\n|upkeep\n|turn|122\n|\n|t:|1700061390\n|switch|p1a: Clodsire|Clodsire, F|28\/100\n|switch|p2a: Gliscor|Gliscor, F|100\/100 tox\n|\n|upkeep\n|turn|123\n|\n|t:|1700061396\n|switch|p2a: Slowking|Slowking-Galar, M|100\/100 brn\n|switch|p1a: Celesteela|Celesteela|94\/100 par\n|\n|-heal|p1a: Celesteela|99\/100 par|[from] item: Leftovers\n|-damage|p2a: Slowking|94\/100 brn|[from] brn\n|upkeep\n|turn|124\n|\n|t:|1700061400\n|switch|p1a: Clodsire|Clodsire, F|28\/100\n|move|p2a: Slowking|Chilly Reception|p2a: Slowking\n|-weather|Snow\n|\n|t:|1700061403\n|switch|p2a: Gliscor|Gliscor, F|100\/100 tox|[from] Chilly Reception\n|\n|-weather|Snow|[upkeep]\n|upkeep\n|turn|125\n|\n|t:|1700061407\n|switch|p1a: Amoonguss|Amoonguss, F, tera:Water|100\/100 tox\n|move|p2a: Gliscor|Defog|p1a: Amoonguss\n|-unboost|p1a: Amoonguss|evasion|1\n|\n|-weather|Snow|[upkeep]\n|-damage|p1a: Amoonguss|94\/100 tox|[from] psn\n|upkeep\n|turn|126\n|\n|t:|1700061414\n|switch|p2a: Slowking|Slowking-Galar, M|100\/100 brn\n|switch|p1a: Celesteela|Celesteela|99\/100 par\n|\n|-weather|Snow|[upkeep]\n|-heal|p1a: Celesteela|100\/100 par|[from] item: Leftovers\n|-damage|p2a: Slowking|94\/100 brn|[from] brn\n|upkeep\n|turn|127\n|\n|t:|1700061418\n|switch|p1a: Clodsire|Clodsire, F|28\/100\n|switch|p2a: Gliscor|Gliscor, F|100\/100 tox\n|\n|-weather|Snow|[upkeep]\n|upkeep\n|turn|128\n|\n|t:|1700061425\n|switch|p2a: Slowking|Slowking-Galar, M|100\/100 brn\n|switch|p1a: Celesteela|Celesteela|100\/100 par\n|\n|-weather|none\n|-damage|p2a: Slowking|94\/100 brn|[from] brn\n|upkeep\n|turn|129\n|\n|t:|1700061431\n|switch|p1a: Clodsire|Clodsire, F|28\/100\n|move|p2a: Slowking|Thunder Wave|p1a: Clodsire\n|-immune|p1a: Clodsire\n|\n|-damage|p2a: Slowking|88\/100 brn|[from] brn\n|upkeep\n|turn|130\n|\n|t:|1700061435\n|move|p1a: Clodsire|Recover|p1a: Clodsire\n|-heal|p1a: Clodsire|78\/100\n|move|p2a: Slowking|Future Sight|p1a: Clodsire\n|-start|p2a: Slowking|move: Future Sight\n|\n|-damage|p2a: Slowking|82\/100 brn|[from] brn\n|upkeep\n|turn|131\n|\n|t:|1700061441\n|move|p1a: Clodsire|Earthquake|p2a: Slowking\n|-supereffective|p2a: Slowking\n|-damage|p2a: Slowking|21\/100 brn\n|move|p2a: Slowking|Chilly Reception|p2a: Slowking\n|-weather|Snow\n|\n|t:|1700061447\n|switch|p2a: Gliscor|Gliscor, F|100\/100 tox|[from] Chilly Reception\n|\n|-weather|Snow|[upkeep]\n|upkeep\n|turn|132\n|\n|t:|1700061450\n|switch|p2a: Slowking|Slowking-Galar, M|54\/100 brn\n|switch|p1a: Celesteela|Celesteela|100\/100 par\n|\n|-weather|Snow|[upkeep]\n|-end|p1a: Celesteela|move: Future Sight\n|-resisted|p1a: Celesteela\n|-damage|p1a: Celesteela|87\/100 par\n|-heal|p1a: Celesteela|93\/100 par|[from] item: Leftovers\n|-damage|p2a: Slowking|48\/100 brn|[from] brn\n|upkeep\n|turn|133\n|\n|t:|1700061459\n|switch|p2a: Gliscor|Gliscor, F|100\/100 tox\n|move|p1a: Celesteela|Flamethrower|p2a: Gliscor\n|-crit|p2a: Gliscor\n|-damage|p2a: Gliscor|70\/100 tox\n|\n|-weather|Snow|[upkeep]\n|-heal|p1a: Celesteela|99\/100 par|[from] item: Leftovers\n|-heal|p2a: Gliscor|83\/100 tox|[from] ability: Poison Heal\n|upkeep\n|turn|134\n|\n|t:|1700061469\n|move|p1a: Celesteela|Protect|p1a: Celesteela\n|-singleturn|p1a: Celesteela|Protect\n|move|p2a: Gliscor|Defog|p1a: Celesteela\n|-activate|p1a: Celesteela|move: Protect\n|\n|-weather|Snow|[upkeep]\n|-heal|p1a: Celesteela|100\/100 par|[from] item: Leftovers\n|-heal|p2a: Gliscor|95\/100 tox|[from] ability: Poison Heal\n|upkeep\n|turn|135\n|\n|t:|1700061476\n|switch|p2a: Slowking|Slowking-Galar, M|81\/100 brn\n|switch|p1a: Amoonguss|Amoonguss, F, tera:Water|100\/100 tox\n|\n|-weather|none\n|-damage|p1a: Amoonguss|94\/100 tox|[from] psn\n|-damage|p2a: Slowking|75\/100 brn|[from] brn\n|upkeep\n|turn|136\n|\n|t:|1700061481\n|switch|p1a: Clodsire|Clodsire, F|78\/100\n|move|p2a: Slowking|Sludge Bomb|p1a: Clodsire\n|-resisted|p1a: Clodsire\n|-damage|p1a: Clodsire|73\/100\n|\n|-damage|p2a: Slowking|69\/100 brn|[from] brn\n|upkeep\n|turn|137\n|\n|t:|1700061487\n|switch|p2a: Gliscor|Gliscor, F|95\/100 tox\n|move|p1a: Clodsire|Earthquake|p2a: Gliscor\n|-immune|p2a: Gliscor\n|\n|-heal|p2a: Gliscor|100\/100 tox|[from] ability: Poison Heal\n|upkeep\n|turn|138\n|\n|t:|1700061491\n|switch|p2a: Slowking|Slowking-Galar, M|100\/100 brn\n|switch|p1a: Celesteela|Celesteela|100\/100 par\n|\n|-damage|p2a: Slowking|94\/100 brn|[from] brn\n|upkeep\n|turn|139\n|\n|t:|1700061495\n|switch|p1a: Clodsire|Clodsire, F|73\/100\n|switch|p2a: Gliscor|Gliscor, F|100\/100 tox\n|\n|upkeep\n|turn|140\n|inactive|xiangbr has 120 seconds left.\n|\n|t:|1700061534\n|switch|p1a: Celesteela|Celesteela|100\/100 par\n|move|p2a: Gliscor|Earthquake|p1a: Celesteela\n|-immune|p1a: Celesteela\n|\n|upkeep\n|turn|141\n|\n|t:|1700061549\n|switch|p2a: Slowking|Slowking-Galar, M|100\/100 brn\n|switch|p1a: Clodsire|Clodsire, F|73\/100\n|\n|-damage|p2a: Slowking|94\/100 brn|[from] brn\n|upkeep\n|turn|142\n|\n|t:|1700061552\n|switch|p2a: Gliscor|Gliscor, F|100\/100 tox\n|move|p1a: Clodsire|Earthquake|p2a: Gliscor\n|-immune|p2a: Gliscor\n|\n|upkeep\n|turn|143\n|\n|t:|1700061560\n|switch|p2a: Slowking|Slowking-Galar, M|100\/100 brn\n|switch|p1a: Celesteela|Celesteela|100\/100 par\n|\n|-damage|p2a: Slowking|94\/100 brn|[from] brn\n|upkeep\n|turn|144\n|\n|t:|1700061564\n|switch|p1a: Clodsire|Clodsire, F|73\/100\n|switch|p2a: Gliscor|Gliscor, F|100\/100 tox\n|\n|upkeep\n|turn|145\n|inactive|xiangbr has 120 seconds left.\n|\n|t:|1700061569\n|switch|p1a: Celesteela|Celesteela|100\/100 par\n|move|p2a: Gliscor|Earthquake|p1a: Celesteela\n|-immune|p1a: Celesteela\n|\n|upkeep\n|turn|146\n|inactive|xiangbr has 120 seconds left.\n|\n|t:|1700061576\n|switch|p2a: Slowking|Slowking-Galar, M|100\/100 brn\n|move|p1a: Celesteela|Protect||[still]\n|-fail|p1a: Celesteela\n|\n|-damage|p2a: Slowking|94\/100 brn|[from] brn\n|upkeep\n|turn|147\n|\n|t:|1700061581\n|switch|p1a: Clodsire|Clodsire, F|73\/100\n|switch|p2a: Gliscor|Gliscor, F|100\/100 tox\n|\n|upkeep\n|turn|148\n|\n|t:|1700061585\n|switch|p2a: Slowking|Slowking-Galar, M|100\/100 brn\n|switch|p1a: Celesteela|Celesteela|100\/100 par\n|\n|-damage|p2a: Slowking|94\/100 brn|[from] brn\n|upkeep\n|turn|149\n|\n|t:|1700061588\n|switch|p1a: Clodsire|Clodsire, F|73\/100\n|switch|p2a: Gliscor|Gliscor, F|100\/100 tox\n|\n|upkeep\n|turn|150\n|\n|t:|1700061593\n|switch|p2a: Slowking|Slowking-Galar, M|100\/100 brn\n|switch|p1a: Celesteela|Celesteela|100\/100 par\n|\n|-damage|p2a: Slowking|94\/100 brn|[from] brn\n|upkeep\n|turn|151\n|\n|t:|1700061596\n|switch|p1a: Clodsire|Clodsire, F|73\/100\n|switch|p2a: Gliscor|Gliscor, F|100\/100 tox\n|\n|upkeep\n|turn|152\n|\n|t:|1700061600\n|switch|p2a: Slowking|Slowking-Galar, M|100\/100 brn\n|switch|p1a: Celesteela|Celesteela|100\/100 par\n|\n|-damage|p2a: Slowking|94\/100 brn|[from] brn\n|upkeep\n|turn|153\n|\n|t:|1700061603\n|switch|p1a: Clodsire|Clodsire, F|73\/100\n|switch|p2a: Gliscor|Gliscor, F|100\/100 tox\n|\n|upkeep\n|turn|154\n|\n|t:|1700061609\n|switch|p1a: Celesteela|Celesteela|100\/100 par\n|move|p2a: Gliscor|Earthquake|p1a: Celesteela\n|-immune|p1a: Celesteela\n|\n|upkeep\n|turn|155\n|\n|t:|1700061613\n|switch|p1a: Clodsire|Clodsire, F|73\/100\n|move|p2a: Gliscor|Defog|p1a: Clodsire\n|-unboost|p1a: Clodsire|evasion|1\n|\n|upkeep\n|turn|156\n|\n|t:|1700061618\n|switch|p2a: Slowking|Slowking-Galar, M|100\/100 brn\n|switch|p1a: Celesteela|Celesteela|100\/100 par\n|\n|-damage|p2a: Slowking|94\/100 brn|[from] brn\n|upkeep\n|turn|157\n|\n|t:|1700061630\n|switch|p1a: Clodsire|Clodsire, F|73\/100\n|switch|p2a: Gliscor|Gliscor, F|100\/100 tox\n|\n|upkeep\n|turn|158\n|\n|t:|1700061637\n|switch|p2a: Slowking|Slowking-Galar, M|100\/100 brn\n|switch|p1a: Celesteela|Celesteela|100\/100 par\n|\n|-damage|p2a: Slowking|94\/100 brn|[from] brn\n|upkeep\n|turn|159\n|\n|t:|1700061643\n|switch|p1a: Clodsire|Clodsire, F|73\/100\n|move|p2a: Slowking|Chilly Reception|p2a: Slowking\n|-weather|Snow\n|\n|t:|1700061650\n|switch|p2a: Gliscor|Gliscor, F|100\/100 tox|[from] Chilly Reception\n|\n|-weather|Snow|[upkeep]\n|upkeep\n|turn|160\n|\n|t:|1700061655\n|switch|p1a: Celesteela|Celesteela|100\/100 par\n|move|p2a: Gliscor|Defog|p1a: Celesteela\n|-unboost|p1a: Celesteela|evasion|1\n|\n|-weather|Snow|[upkeep]\n|upkeep\n|turn|161\n|\n|t:|1700061662\n|switch|p2a: Slowking|Slowking-Galar, M|100\/100 brn\n|move|p1a: Celesteela|Flamethrower|p2a: Slowking\n|-damage|p2a: Slowking|88\/100 brn\n|\n|-weather|Snow|[upkeep]\n|-damage|p2a: Slowking|81\/100 brn|[from] brn\n|upkeep\n|turn|162\n|\n|t:|1700061670\n|switch|p1a: Amoonguss|Amoonguss, F, tera:Water|100\/100 tox\n|move|p2a: Slowking|Future Sight|p1a: Amoonguss\n|-start|p2a: Slowking|move: Future Sight\n|\n|-weather|Snow|[upkeep]\n|-damage|p1a: Amoonguss|94\/100 tox|[from] psn\n|-damage|p2a: Slowking|75\/100 brn|[from] brn\n|upkeep\n|turn|163\n|\n|t:|1700061676\n|move|p1a: Amoonguss|Giga Drain|p2a: Slowking\n|-resisted|p2a: Slowking\n|-damage|p2a: Slowking|68\/100 brn\n|-heal|p1a: Amoonguss|97\/100 tox|[from] drain|[of] p2a: Slowking\n|move|p2a: Slowking|Sludge Bomb|p1a: Amoonguss\n|-damage|p1a: Amoonguss|63\/100 tox\n|\n|-weather|none\n|-damage|p1a: Amoonguss|50\/100 tox|[from] psn\n|-damage|p2a: Slowking|62\/100 brn|[from] brn\n|upkeep\n|turn|164\n|\n|t:|1700061686\n|switch|p1a: Celesteela|Celesteela|100\/100 par\n|switch|p2a: Gliscor|Gliscor, F|100\/100 tox\n|\n|-end|p1a: Celesteela|move: Future Sight\n|-resisted|p1a: Celesteela\n|-damage|p1a: Celesteela|88\/100 par\n|-heal|p1a: Celesteela|94\/100 par|[from] item: Leftovers\n|upkeep\n|turn|165\n|\n|t:|1700061691\n|switch|p2a: Slowking|Slowking-Galar, M|95\/100 brn\n|switch|p1a: Amoonguss|Amoonguss, F, tera:Water|84\/100 tox\n|\n|-damage|p1a: Amoonguss|77\/100 tox|[from] psn\n|-damage|p2a: Slowking|89\/100 brn|[from] brn\n|upkeep\n|turn|166\n|\n|t:|1700061700\n|switch|p1a: Clodsire|Clodsire, F|73\/100\n|move|p2a: Slowking|Future Sight|p1a: Clodsire\n|-start|p2a: Slowking|move: Future Sight\n|\n|-damage|p2a: Slowking|83\/100 brn|[from] brn\n|upkeep\n|turn|167\n|\n|t:|1700061706\n|switch|p2a: Gliscor|Gliscor, F|100\/100 tox\n|move|p1a: Clodsire|Stealth Rock|p2a: Gliscor\n|-sidestart|p2: Prtbl_Trash|move: Stealth Rock\n|\n|upkeep\n|turn|168\n|\n|t:|1700061712\n|switch|p1a: Celesteela|Celesteela|94\/100 par\n|move|p2a: Gliscor|Defog|p1a: Celesteela\n|-unboost|p1a: Celesteela|evasion|1\n|-sideend|p2: Prtbl_Trash|Stealth Rock|[from] move: Defog|[of] p2a: Gliscor\n|\n|-end|p1a: Celesteela|move: Future Sight\n|-resisted|p1a: Celesteela\n|-crit|p1a: Celesteela\n|-damage|p1a: Celesteela|74\/100 par\n|-heal|p1a: Celesteela|80\/100 par|[from] item: Leftovers\n|upkeep\n|turn|169\n|\n|t:|1700061723\n|switch|p2a: Slowking|Slowking-Galar, M|100\/100 brn\n|move|p1a: Celesteela|Protect||[still]\n|-fail|p1a: Celesteela\n|\n|-heal|p1a: Celesteela|86\/100 par|[from] item: Leftovers\n|-damage|p2a: Slowking|94\/100 brn|[from] brn\n|upkeep\n|turn|170\n|\n|t:|1700061726\n|switch|p1a: Clodsire|Clodsire, F|73\/100\n|switch|p2a: Gliscor|Gliscor, F|100\/100 tox\n|\n|upkeep\n|turn|171\n|\n|t:|1700061733\n|switch|p1a: Celesteela|Celesteela|86\/100 par\n|move|p2a: Gliscor|Defog|p1a: Celesteela\n|-unboost|p1a: Celesteela|evasion|1\n|\n|-heal|p1a: Celesteela|92\/100 par|[from] item: Leftovers\n|upkeep\n|turn|172\n|\n|t:|1700061743\n|switch|p1a: Amoonguss|Amoonguss, F, tera:Water|100\/100 tox\n|move|p2a: Gliscor|Defog|p1a: Amoonguss\n|-unboost|p1a: Amoonguss|evasion|1\n|\n|-damage|p1a: Amoonguss|94\/100 tox|[from] psn\n|upkeep\n|turn|173\n|\n|t:|1700061750\n|move|p2a: Gliscor|Toxic|p1a: Amoonguss\n|-fail|p1a: Amoonguss|tox\n|move|p1a: Amoonguss|Giga Drain|p2a: Gliscor\n|-damage|p2a: Gliscor|81\/100 tox\n|-heal|p1a: Amoonguss|100\/100 tox|[from] drain|[of] p2a: Gliscor\n|\n|-heal|p2a: Gliscor|93\/100 tox|[from] ability: Poison Heal\n|-damage|p1a: Amoonguss|88\/100 tox|[from] psn\n|upkeep\n|turn|174\n|\n|t:|1700061755\n|move|p2a: Gliscor|Earthquake|p1a: Amoonguss\n|-damage|p1a: Amoonguss|65\/100 tox\n|move|p1a: Amoonguss|Giga Drain|p2a: Gliscor\n|-damage|p2a: Gliscor|74\/100 tox\n|-heal|p1a: Amoonguss|73\/100 tox|[from] drain|[of] p2a: Gliscor\n|\n|-heal|p2a: Gliscor|86\/100 tox|[from] ability: Poison Heal\n|-damage|p1a: Amoonguss|54\/100 tox|[from] psn\n|upkeep\n|turn|175\n|\n|t:|1700061764\n|switch|p1a: Celesteela|Celesteela|92\/100 par\n|move|p2a: Gliscor|Toxic||[still]\n|-fail|p2a: Gliscor\n|\n|-heal|p1a: Celesteela|98\/100 par|[from] item: Leftovers\n|-heal|p2a: Gliscor|99\/100 tox|[from] ability: Poison Heal\n|upkeep\n|turn|176\n|\n|t:|1700061774\n|switch|p2a: Slowking|Slowking-Galar, M|100\/100 brn\n|switch|p1a: Amoonguss|Amoonguss, F, tera:Water|88\/100 tox\n|\n|-damage|p1a: Amoonguss|81\/100 tox|[from] psn\n|-damage|p2a: Slowking|94\/100 brn|[from] brn\n|upkeep\n|turn|177\n|\n|t:|1700061778\n|switch|p1a: Clodsire|Clodsire, F|73\/100\n|move|p2a: Slowking|Future Sight|p1a: Clodsire\n|-start|p2a: Slowking|move: Future Sight\n|\n|-damage|p2a: Slowking|88\/100 brn|[from] brn\n|upkeep\n|turn|178\n|\n|t:|1700061785\n|switch|p2a: Gliscor|Gliscor, F|99\/100 tox\n|move|p1a: Clodsire|Poison Jab|p2a: Gliscor\n|-resisted|p2a: Gliscor\n|-crit|p2a: Gliscor\n|-damage|p2a: Gliscor|86\/100 tox\n|\n|-heal|p2a: Gliscor|99\/100 tox|[from] ability: Poison Heal\n|upkeep\n|turn|179\n|\n|t:|1700061794\n|switch|p2a: Slowking|Slowking-Galar, M|100\/100 brn\n|switch|p1a: Celesteela|Celesteela|98\/100 par\n|\n|-end|p1a: Celesteela|move: Future Sight\n|-resisted|p1a: Celesteela\n|-damage|p1a: Celesteela|84\/100 par\n|-heal|p1a: Celesteela|90\/100 par|[from] item: Leftovers\n|-damage|p2a: Slowking|94\/100 brn|[from] brn\n|upkeep\n|turn|180\n|\n|t:|1700061807\n|switch|p1a: Clodsire|Clodsire, F|73\/100\n|switch|p2a: Gliscor|Gliscor, F|99\/100 tox\n|\n|-heal|p2a: Gliscor|100\/100 tox|[from] ability: Poison Heal\n|upkeep\n|turn|181\n|\n|t:|1700061813\n|switch|p2a: Slowking|Slowking-Galar, M|100\/100 brn\n|switch|p1a: Amoonguss|Amoonguss, F, tera:Water|100\/100 tox\n|\n|-damage|p1a: Amoonguss|94\/100 tox|[from] psn\n|-damage|p2a: Slowking|94\/100 brn|[from] brn\n|upkeep\n|turn|182\n|\n|t:|1700061816\n|switch|p1a: Clodsire|Clodsire, F|73\/100\n|switch|p2a: Gliscor|Gliscor, F|100\/100 tox\n|\n|upkeep\n|turn|183\n|\n|t:|1700061821\n|switch|p1a: Celesteela|Celesteela|90\/100 par\n|move|p2a: Gliscor|Earthquake|p1a: Celesteela\n|-immune|p1a: Celesteela\n|\n|-heal|p1a: Celesteela|96\/100 par|[from] item: Leftovers\n|upkeep\n|turn|184\n|\n|t:|1700061828\n|switch|p2a: Slowking|Slowking-Galar, M|100\/100 brn\n|switch|p1a: Amoonguss|Amoonguss, F, tera:Water|100\/100 tox\n|\n|-damage|p1a: Amoonguss|94\/100 tox|[from] psn\n|-damage|p2a: Slowking|94\/100 brn|[from] brn\n|upkeep\n|turn|185\n|\n|t:|1700061839\n|switch|p2a: Gliscor|Gliscor, F|100\/100 tox\n|move|p1a: Amoonguss|Hidden Power|p2a: Gliscor\n|-damage|p2a: Gliscor|89\/100 tox\n|\n|-heal|p2a: Gliscor|100\/100 tox|[from] ability: Poison Heal\n|-damage|p1a: Amoonguss|82\/100 tox|[from] psn\n|upkeep\n|turn|186\n|\n|t:|1700061845\n|switch|p2a: Slowking|Slowking-Galar, M|100\/100 brn\n|move|p1a: Amoonguss|Giga Drain|p2a: Slowking\n|-resisted|p2a: Slowking\n|-damage|p2a: Slowking|94\/100 brn\n|-heal|p1a: Amoonguss|85\/100 tox|[from] drain|[of] p2a: Slowking\n|\n|-damage|p1a: Amoonguss|66\/100 tox|[from] psn\n|-damage|p2a: Slowking|88\/100 brn|[from] brn\n|upkeep\n|turn|187\n|\n|t:|1700061848\n|switch|p1a: Celesteela|Celesteela|96\/100 par\n|switch|p2a: Gliscor|Gliscor, F|100\/100 tox\n|\n|-heal|p1a: Celesteela|100\/100 par|[from] item: Leftovers\n|upkeep\n|turn|188\n|\n|t:|1700061852\n|switch|p2a: Slowking|Slowking-Galar, M|100\/100 brn\n|move|p1a: Celesteela|Flamethrower|p2a: Slowking\n|-damage|p2a: Slowking|88\/100 brn\n|\n|-damage|p2a: Slowking|82\/100 brn|[from] brn\n|upkeep\n|turn|189\n|\n|t:|1700061858\n|switch|p2a: Gliscor|Gliscor, F|100\/100 tox\n|move|p1a: Celesteela|Flamethrower|p2a: Gliscor\n|-damage|p2a: Gliscor|81\/100 tox\n|\n|-heal|p2a: Gliscor|94\/100 tox|[from] ability: Poison Heal\n|upkeep\n|turn|190\n|\n|t:|1700061862\n|switch|p2a: Slowking|Slowking-Galar, M|100\/100 brn\n|switch|p1a: Clodsire|Clodsire, F|73\/100\n|\n|-damage|p2a: Slowking|94\/100 brn|[from] brn\n|upkeep\n|turn|191\n|\n|t:|1700061865\n|switch|p2a: Gliscor|Gliscor, F|94\/100 tox\n|move|p1a: Clodsire|Poison Jab|p2a: Gliscor\n|-resisted|p2a: Gliscor\n|-crit|p2a: Gliscor\n|-damage|p2a: Gliscor|80\/100 tox\n|\n|-heal|p2a: Gliscor|93\/100 tox|[from] ability: Poison Heal\n|upkeep\n|turn|192\n|\n|t:|1700061869\n|switch|p2a: Slowking|Slowking-Galar, M|100\/100 brn\n|switch|p1a: Amoonguss|Amoonguss, F, tera:Water|99\/100 tox\n|\n|-damage|p1a: Amoonguss|93\/100 tox|[from] psn\n|-damage|p2a: Slowking|94\/100 brn|[from] brn\n|upkeep\n|turn|193\n|\n|t:|1700061872\n|switch|p1a: Celesteela|Celesteela|100\/100 par\n|switch|p2a: Gliscor|Gliscor, F|93\/100 tox\n|\n|-heal|p2a: Gliscor|100\/100 tox|[from] ability: Poison Heal\n|upkeep\n|turn|194\n|\n|t:|1700061883\n|switch|p2a: Slowking|Slowking-Galar, M|100\/100 brn\n|cant|p1a: Celesteela|par\n|\n|-damage|p2a: Slowking|94\/100 brn|[from] brn\n|upkeep\n|turn|195\n|\n|t:|1700061886\n|switch|p1a: Clodsire|Clodsire, F|73\/100\n|switch|p2a: Gliscor|Gliscor, F|100\/100 tox\n|\n|upkeep\n|turn|196\n|\n|t:|1700061893\n|switch|p1a: Amoonguss|Amoonguss, F, tera:Water|100\/100 tox\n|move|p2a: Gliscor|Earthquake|p1a: Amoonguss\n|-damage|p1a: Amoonguss|78\/100 tox\n|\n|-damage|p1a: Amoonguss|71\/100 tox|[from] psn\n|upkeep\n|turn|197\n|\n|t:|1700061899\n|switch|p2a: Slowking|Slowking-Galar, M|100\/100 brn\n|switch|p1a: Celesteela|Celesteela|100\/100 par\n|\n|-damage|p2a: Slowking|94\/100 brn|[from] brn\n|upkeep\n|turn|198\n|\n|t:|1700061907\n|switch|p1a: Clodsire|Clodsire, F|73\/100\n|switch|p2a: Gliscor|Gliscor, F|100\/100 tox\n|\n|upkeep\n|turn|199\n|\n|t:|1700061913\n|switch|p2a: Slowking|Slowking-Galar, M|100\/100 brn\n|switch|p1a: Amoonguss|Amoonguss, F, tera:Water|100\/100 tox\n|\n|-damage|p1a: Amoonguss|94\/100 tox|[from] psn\n|-damage|p2a: Slowking|94\/100 brn|[from] brn\n|upkeep\n|turn|200\n|\n|t:|1700061916\n|switch|p1a: Clodsire|Clodsire, F|73\/100\n|switch|p2a: Gliscor|Gliscor, F|100\/100 tox\n|\n|upkeep\n|turn|201\n|\n|t:|1700061921\n|switch|p2a: Slowking|Slowking-Galar, M|100\/100 brn\n|switch|p1a: Amoonguss|Amoonguss, F, tera:Water|100\/100 tox\n|\n|-damage|p1a: Amoonguss|94\/100 tox|[from] psn\n|-damage|p2a: Slowking|94\/100 brn|[from] brn\n|upkeep\n|turn|202\n|\n|t:|1700061923\n|switch|p1a: Clodsire|Clodsire, F|73\/100\n|switch|p2a: Gliscor|Gliscor, F|100\/100 tox\n|\n|upkeep\n|turn|203\n|\n|t:|1700061927\n|switch|p2a: Slowking|Slowking-Galar, M|100\/100 brn\n|switch|p1a: Amoonguss|Amoonguss, F, tera:Water|100\/100 tox\n|\n|-damage|p1a: Amoonguss|94\/100 tox|[from] psn\n|-damage|p2a: Slowking|94\/100 brn|[from] brn\n|upkeep\n|turn|204\n|\n|t:|1700061930\n|switch|p1a: Clodsire|Clodsire, F|73\/100\n|switch|p2a: Gliscor|Gliscor, F|100\/100 tox\n|\n|upkeep\n|turn|205\n|\n|t:|1700061934\n|switch|p2a: Slowking|Slowking-Galar, M|100\/100 brn\n|switch|p1a: Amoonguss|Amoonguss, F, tera:Water|100\/100 tox\n|\n|-damage|p1a: Amoonguss|94\/100 tox|[from] psn\n|-damage|p2a: Slowking|94\/100 brn|[from] brn\n|upkeep\n|turn|206\n|\n|t:|1700061937\n|switch|p1a: Clodsire|Clodsire, F|73\/100\n|switch|p2a: Gliscor|Gliscor, F|100\/100 tox\n|\n|upkeep\n|turn|207\n|\n|t:|1700061939\n|switch|p2a: Slowking|Slowking-Galar, M|100\/100 brn\n|switch|p1a: Amoonguss|Amoonguss, F, tera:Water|100\/100 tox\n|\n|-damage|p1a: Amoonguss|94\/100 tox|[from] psn\n|-damage|p2a: Slowking|94\/100 brn|[from] brn\n|upkeep\n|turn|208\n|\n|t:|1700061941\n|switch|p1a: Clodsire|Clodsire, F|73\/100\n|switch|p2a: Gliscor|Gliscor, F|100\/100 tox\n|\n|upkeep\n|turn|209\n|\n|t:|1700061944\n|switch|p2a: Slowking|Slowking-Galar, M|100\/100 brn\n|switch|p1a: Amoonguss|Amoonguss, F, tera:Water|100\/100 tox\n|\n|-damage|p1a: Amoonguss|94\/100 tox|[from] psn\n|-damage|p2a: Slowking|94\/100 brn|[from] brn\n|upkeep\n|turn|210\n|\n|t:|1700061947\n|switch|p1a: Clodsire|Clodsire, F|73\/100\n|switch|p2a: Gliscor|Gliscor, F|100\/100 tox\n|\n|upkeep\n|turn|211\n|\n|t:|1700061952\n|switch|p2a: Slowking|Slowking-Galar, M|100\/100 brn\n|switch|p1a: Amoonguss|Amoonguss, F, tera:Water|100\/100 tox\n|\n|-damage|p1a: Amoonguss|94\/100 tox|[from] psn\n|-damage|p2a: Slowking|94\/100 brn|[from] brn\n|upkeep\n|turn|212\n|\n|t:|1700061959\n|switch|p1a: Clodsire|Clodsire, F|73\/100\n|switch|p2a: Gliscor|Gliscor, F|100\/100 tox\n|\n|upkeep\n|turn|213\n|\n|t:|1700061973\n|switch|p2a: Slowking|Slowking-Galar, M|100\/100 brn\n|switch|p1a: Celesteela|Celesteela|100\/100 par\n|\n|-damage|p2a: Slowking|94\/100 brn|[from] brn\n|upkeep\n|turn|214\n|\n|t:|1700061977\n|switch|p1a: Amoonguss|Amoonguss, F, tera:Water|100\/100 tox\n|switch|p2a: Gliscor|Gliscor, F|100\/100 tox\n|\n|-damage|p1a: Amoonguss|94\/100 tox|[from] psn\n|upkeep\n|turn|215\n|\n|t:|1700061982\n|move|p2a: Gliscor|Earthquake|p1a: Amoonguss\n|-damage|p1a: Amoonguss|72\/100 tox\n|move|p1a: Amoonguss|Giga Drain|p2a: Gliscor\n|-damage|p2a: Gliscor|82\/100 tox\n|-heal|p1a: Amoonguss|79\/100 tox|[from] drain|[of] p2a: Gliscor\n|\n|-heal|p2a: Gliscor|94\/100 tox|[from] ability: Poison Heal\n|-damage|p1a: Amoonguss|67\/100 tox|[from] psn\n|upkeep\n|turn|216\n|\n|t:|1700061988\n|switch|p2a: Slowking|Slowking-Galar, M|100\/100 brn\n|move|p1a: Amoonguss|Giga Drain|p2a: Slowking\n|-resisted|p2a: Slowking\n|-damage|p2a: Slowking|94\/100 brn\n|-heal|p1a: Amoonguss|70\/100 tox|[from] drain|[of] p2a: Slowking\n|\n|-damage|p1a: Amoonguss|51\/100 tox|[from] psn\n|-damage|p2a: Slowking|88\/100 brn|[from] brn\n|upkeep\n|turn|217\n|\n|t:|1700061990\n|switch|p1a: Clodsire|Clodsire, F|73\/100\n|switch|p2a: Gliscor|Gliscor, F|94\/100 tox\n|\n|-heal|p2a: Gliscor|100\/100 tox|[from] ability: Poison Heal\n|upkeep\n|turn|218\n|\n|t:|1700061995\n|switch|p2a: Slowking|Slowking-Galar, M|100\/100 brn\n|switch|p1a: Celesteela|Celesteela|100\/100 par\n|\n|-damage|p2a: Slowking|94\/100 brn|[from] brn\n|upkeep\n|turn|219\n|\n|t:|1700061998\n|switch|p1a: Amoonguss|Amoonguss, F, tera:Water|85\/100 tox\n|switch|p2a: Gliscor|Gliscor, F|100\/100 tox\n|\n|-damage|p1a: Amoonguss|78\/100 tox|[from] psn\n|upkeep\n|turn|220\n|\n|t:|1700062002\n|switch|p2a: Slowking|Slowking-Galar, M|100\/100 brn\n|switch|p1a: Celesteela|Celesteela|100\/100 par\n|\n|-damage|p2a: Slowking|94\/100 brn|[from] brn\n|upkeep\n|turn|221\n|\n|t:|1700062006\n|switch|p1a: Clodsire|Clodsire, F|73\/100\n|switch|p2a: Gliscor|Gliscor, F|100\/100 tox\n|\n|upkeep\n|turn|222\n|\n|t:|1700062009\n|switch|p2a: Slowking|Slowking-Galar, M|100\/100 brn\n|switch|p1a: Amoonguss|Amoonguss, F, tera:Water|100\/100 tox\n|\n|-damage|p1a: Amoonguss|94\/100 tox|[from] psn\n|-damage|p2a: Slowking|94\/100 brn|[from] brn\n|upkeep\n|turn|223\n|\n|t:|1700062012\n|switch|p1a: Celesteela|Celesteela|100\/100 par\n|switch|p2a: Gliscor|Gliscor, F|100\/100 tox\n|\n|upkeep\n|turn|224\n|\n|t:|1700062015\n|switch|p2a: Slowking|Slowking-Galar, M|100\/100 brn\n|switch|p1a: Amoonguss|Amoonguss, F, tera:Water|100\/100 tox\n|\n|-damage|p1a: Amoonguss|94\/100 tox|[from] psn\n|-damage|p2a: Slowking|94\/100 brn|[from] brn\n|upkeep\n|turn|225\n|\n|t:|1700062018\n|switch|p1a: Clodsire|Clodsire, F|73\/100\n|switch|p2a: Gliscor|Gliscor, F|100\/100 tox\n|\n|upkeep\n|turn|226\n|\n|t:|1700062026\n|switch|p2a: Slowking|Slowking-Galar, M|100\/100 brn\n|switch|p1a: Amoonguss|Amoonguss, F, tera:Water|100\/100 tox\n|\n|-damage|p1a: Amoonguss|94\/100 tox|[from] psn\n|-damage|p2a: Slowking|94\/100 brn|[from] brn\n|upkeep\n|turn|227\n|\n|t:|1700062033\n|switch|p2a: Gliscor|Gliscor, F|100\/100 tox\n|move|p1a: Amoonguss|Hidden Power|p2a: Gliscor\n|-damage|p2a: Gliscor|90\/100 tox\n|\n|-heal|p2a: Gliscor|100\/100 tox|[from] ability: Poison Heal\n|-damage|p1a: Amoonguss|82\/100 tox|[from] psn\n|upkeep\n|turn|228\n|\n|t:|1700062037\n|switch|p2a: Slowking|Slowking-Galar, M|100\/100 brn\n|move|p1a: Amoonguss|Spore||[still]\n|-fail|p1a: Amoonguss\n|\n|-damage|p1a: Amoonguss|63\/100 tox|[from] psn\n|-damage|p2a: Slowking|94\/100 brn|[from] brn\n|upkeep\n|turn|229\n|\n|t:|1700062046\n|switch|p1a: Celesteela|Celesteela|100\/100 par\n|switch|p2a: Gliscor|Gliscor, F|100\/100 tox\n|\n|upkeep\n|turn|230\n|\n|t:|1700062054\n|switch|p2a: Slowking|Slowking-Galar, M|100\/100 brn\n|switch|p1a: Clodsire|Clodsire, F|73\/100\n|\n|-damage|p2a: Slowking|94\/100 brn|[from] brn\n|upkeep\n|turn|231\n|\n|t:|1700062058\n|switch|p2a: Gliscor|Gliscor, F|100\/100 tox\n|move|p1a: Clodsire|Stealth Rock|p2a: Gliscor\n|-sidestart|p2: Prtbl_Trash|move: Stealth Rock\n|\n|upkeep\n|turn|232\n|\n|t:|1700062064\n|switch|p1a: Celesteela|Celesteela|100\/100 par\n|move|p2a: Gliscor|Defog|p1a: Celesteela\n|-unboost|p1a: Celesteela|evasion|1\n|-sideend|p2: Prtbl_Trash|Stealth Rock|[from] move: Defog|[of] p2a: Gliscor\n|\n|upkeep\n|turn|233\n|\n|t:|1700062073\n|switch|p2a: Slowking|Slowking-Galar, M|100\/100 brn\n|switch|p1a: Clodsire|Clodsire, F|73\/100\n|\n|-damage|p2a: Slowking|94\/100 brn|[from] brn\n|upkeep\n|turn|234\n|\n|t:|1700062079\n|switch|p2a: Gliscor|Gliscor, F|100\/100 tox\n|move|p1a: Clodsire|Stealth Rock|p2a: Gliscor\n|-sidestart|p2: Prtbl_Trash|move: Stealth Rock\n|\n|upkeep\n|turn|235\n|\n|t:|1700062085\n|switch|p1a: Celesteela|Celesteela|100\/100 par\n|move|p2a: Gliscor|Defog|p1a: Celesteela\n|-unboost|p1a: Celesteela|evasion|1\n|-sideend|p2: Prtbl_Trash|Stealth Rock|[from] move: Defog|[of] p2a: Gliscor\n|\n|upkeep\n|turn|236\n|\n|t:|1700062090\n|switch|p2a: Slowking|Slowking-Galar, M|100\/100 brn\n|switch|p1a: Clodsire|Clodsire, F|73\/100\n|\n|-damage|p2a: Slowking|94\/100 brn|[from] brn\n|upkeep\n|turn|237\n|\n|t:|1700062092\n|switch|p2a: Gliscor|Gliscor, F|100\/100 tox\n|move|p1a: Clodsire|Stealth Rock|p2a: Gliscor\n|-sidestart|p2: Prtbl_Trash|move: Stealth Rock\n|\n|upkeep\n|turn|238\n|\n|t:|1700062100\n|switch|p1a: Amoonguss|Amoonguss, F, tera:Water|96\/100 tox\n|move|p2a: Gliscor|Defog|p1a: Amoonguss\n|-unboost|p1a: Amoonguss|evasion|1\n|-sideend|p2: Prtbl_Trash|Stealth Rock|[from] move: Defog|[of] p2a: Gliscor\n|\n|-damage|p1a: Amoonguss|90\/100 tox|[from] psn\n|upkeep\n|turn|239\n|\n|t:|1700062105\n|switch|p2a: Slowking|Slowking-Galar, M|100\/100 brn\n|move|p1a: Amoonguss|Hidden Power|p2a: Slowking\n|-damage|p2a: Slowking|94\/100 brn\n|\n|-damage|p1a: Amoonguss|78\/100 tox|[from] psn\n|-damage|p2a: Slowking|88\/100 brn|[from] brn\n|upkeep\n|turn|240\n|\n|t:|1700062111\n|switch|p1a: Clodsire|Clodsire, F|73\/100\n|switch|p2a: Gliscor|Gliscor, F|100\/100 tox\n|\n|upkeep\n|turn|241\n|\n|t:|1700062121\n|switch|p2a: Slowking|Slowking-Galar, M|100\/100 brn\n|switch|p1a: Celesteela|Celesteela|100\/100 par\n|\n|-damage|p2a: Slowking|94\/100 brn|[from] brn\n|upkeep\n|turn|242\n|\n|t:|1700062125\n|switch|p2a: Gliscor|Gliscor, F|100\/100 tox\n|move|p1a: Celesteela|Flamethrower|p2a: Gliscor\n|-damage|p2a: Gliscor|83\/100 tox\n|\n|-heal|p2a: Gliscor|95\/100 tox|[from] ability: Poison Heal\n|upkeep\n|turn|243\n|\n|t:|1700062129\n|switch|p1a: Amoonguss|Amoonguss, F, tera:Water|100\/100 tox\n|move|p2a: Gliscor|Earthquake|p1a: Amoonguss\n|-damage|p1a: Amoonguss|76\/100 tox\n|\n|-heal|p2a: Gliscor|100\/100 tox|[from] ability: Poison Heal\n|-damage|p1a: Amoonguss|70\/100 tox|[from] psn\n|upkeep\n|turn|244\n|-message|Prtbl_Trash forfeited.\n|\n|win|xiangbr\n|raw|xiangbr's rating: 1480 &rarr; <strong>1496<\/strong><br \/>(+16 for winning)\n|raw|Prtbl_Trash's rating: 1401 &rarr; <strong>1385<\/strong><br \/>(-16 for losing)\n|l|\u2606Prtbl_Trash\n","uploadtime":1700062149,"views":4,"p1id":"xiangbr","p2id":"prtbltrash","formatid":"gen9nationaldex","rating":1385,"private":0,"password":""}