{"id":"gen9nationaldex-1990803593","p1":"TheMurkrowGurl","p2":"PankeyXD","format":"[Gen 9] National Dex","log":"|j|\u2606TheMurkrowGurl\n|j|\u2606PankeyXD\n|t:|1700002444\n|gametype|singles\n|player|p1|TheMurkrowGurl|dawn|1420\n|player|p2|PankeyXD|mira|1357\n|teamsize|p1|6\n|teamsize|p2|6\n|gen|9\n|tier|[Gen 9] National Dex\n|rated|\n|rule|HP Percentage Mod: HP is shown in percentages\n|rule|Endless Battle Clause: Forcing endless battles is banned\n|rule|OHKO Clause: OHKO moves are banned\n|rule|Evasion Clause: Evasion abilities, items, and moves are banned\n|rule|Evasion Abilities Clause: Evasion abilities are banned\n|rule|Evasion Items Clause: Evasion items are banned\n|rule|Evasion Moves Clause: Evasion moves are banned\n|rule|Species Clause: Limit one of each Pok\u00e9mon\n|rule|Sleep Clause Mod: Limit one foe put to sleep\n|clearpoke\n|poke|p1|Tangela, F|\n|poke|p1|Piloswine, F|\n|poke|p1|Araquanid, F|\n|poke|p1|Murkrow, F|\n|poke|p1|Nihilego|\n|poke|p1|Slowking, F|\n|poke|p2|Iron Valiant|\n|poke|p2|Tapu Koko|\n|poke|p2|Iron Moth|\n|poke|p2|Landorus-Therian, M|\n|poke|p2|Kommo-o, M|\n|poke|p2|Scizor, M|\n|teampreview\n|\n|t:|1700002476\n|start\n|switch|p1a: Pillow|Piloswine, F, shiny|100\/100\n|switch|p2a: Tapu Koko|Tapu Koko|100\/100\n|-fieldstart|move: Electric Terrain|[from] ability: Electric Surge|[of] p2a: Tapu Koko\n|turn|1\n|inactive|Battle timer is ON: inactive players will automatically lose when time's up. (requested by TheMurkrowGurl)\n|\n|t:|1700002491\n|switch|p2a: Landorus|Landorus-Therian, M|100\/100\n|-ability|p2a: Landorus|Intimidate|boost\n|-unboost|p1a: Pillow|atk|1\n|move|p1a: Pillow|Avalanche|p2a: Landorus\n|-supereffective|p2a: Landorus\n|-damage|p2a: Landorus|10\/100\n|\n|-heal|p2a: Landorus|16\/100|[from] item: Leftovers\n|upkeep\n|turn|2\n|\n|t:|1700002501\n|switch|p2a: Iron Moth|Iron Moth|100\/100\n|-activate|p2a: Iron Moth|ability: Quark Drive\n|-start|p2a: Iron Moth|quarkdrivespa\n|move|p1a: Pillow|Ice Shard|p2a: Iron Moth\n|-resisted|p2a: Iron Moth\n|-damage|p2a: Iron Moth|89\/100\n|\n|upkeep\n|turn|3\n|\n|t:|1700002524\n|switch|p1a: Bloo|Nihilego, shiny|100\/100\n|-terastallize|p2a: Iron Moth|Grass\n|move|p2a: Iron Moth|Energy Ball|p1a: Bloo\n|-damage|p1a: Bloo|68\/100\n|\n|upkeep\n|turn|4\n|\n|t:|1700002539\n|-end|p2a: Iron Moth|Quark Drive|[silent]\n|switch|p2a: Landorus|Landorus-Therian, M|16\/100\n|-ability|p2a: Landorus|Intimidate|boost\n|-unboost|p1a: Bloo|atk|1\n|move|p1a: Bloo|Thunderbolt|p2a: Landorus\n|-immune|p2a: Landorus\n|\n|-heal|p2a: Landorus|22\/100|[from] item: Leftovers\n|upkeep\n|turn|5\n|\n|t:|1700002547\n|move|p1a: Bloo|Power Gem|p2a: Landorus\n|-damage|p2a: Landorus|0 fnt\n|faint|p2a: Landorus\n|-ability|p1a: Bloo|Beast Boost|boost\n|-boost|p1a: Bloo|spa|1\n|\n|-fieldend|move: Electric Terrain\n|upkeep\n|\n|t:|1700002554\n|switch|p2a: Tapu Koko|Tapu Koko|100\/100\n|-fieldstart|move: Electric Terrain|[from] ability: Electric Surge|[of] p2a: Tapu Koko\n|turn|6\n|\n|t:|1700002560\n|move|p2a: Tapu Koko|Thunder Wave|p1a: Bloo|[miss]\n|-miss|p2a: Tapu Koko|p1a: Bloo\n|move|p1a: Bloo|Power Gem|p2a: Tapu Koko\n|-damage|p2a: Tapu Koko|27\/100\n|\n|upkeep\n|turn|7\n|\n|t:|1700002565\n|switch|p1a: Pillow|Piloswine, F, shiny|100\/100\n|move|p2a: Tapu Koko|Thunder Wave|p1a: Pillow\n|-immune|p1a: Pillow\n|\n|upkeep\n|turn|8\n|\n|t:|1700002573\n|switch|p2a: Scizor|Scizor, M|100\/100\n|move|p1a: Pillow|Avalanche|p2a: Scizor\n|-resisted|p2a: Scizor\n|-damage|p2a: Scizor|86\/100\n|\n|upkeep\n|turn|9\n|\n|t:|1700002583\n|switch|p1a: Noodle|Tangela, F, shiny|100\/100\n|move|p2a: Scizor|Swords Dance|p2a: Scizor\n|-boost|p2a: Scizor|atk|2\n|\n|upkeep\n|turn|10\n|\n|t:|1700002590\n|detailschange|p2a: Scizor|Scizor-Mega, M\n|-mega|p2a: Scizor|Scizor|Scizorite\n|-terastallize|p1a: Noodle|Fire\n|move|p2a: Scizor|Bug Bite|p1a: Noodle\n|-resisted|p1a: Noodle\n|-damage|p1a: Noodle|63\/100\n|move|p1a: Noodle|Hidden Power|p2a: Scizor\n|-supereffective|p2a: Scizor\n|-damage|p2a: Scizor|0 fnt\n|faint|p2a: Scizor\n|\n|-fieldend|move: Electric Terrain\n|upkeep\n|\n|t:|1700002601\n|switch|p2a: Kommo-o|Kommo-o, M|100\/100\n|turn|11\n|\n|t:|1700002607\n|move|p2a: Kommo-o|Substitute|p2a: Kommo-o\n|-start|p2a: Kommo-o|Substitute\n|-damage|p2a: Kommo-o|76\/100\n|move|p1a: Noodle|Leech Seed||[still]\n|-fail|p1a: Noodle\n|\n|upkeep\n|turn|12\n|\n|t:|1700002629\n|switch|p1a: Pillow|Piloswine, F, shiny|100\/100\n|move|p2a: Kommo-o|Scale Shot|p1a: Pillow\n|-damage|p1a: Pillow|94\/100\n|-damage|p1a: Pillow|87\/100\n|-hitcount|p1a: Pillow|2\n|-unboost|p2a: Kommo-o|def|1\n|-boost|p2a: Kommo-o|spe|1\n|\n|upkeep\n|turn|13\n|\n|t:|1700002637\n|move|p1a: Pillow|Ice Shard|p2a: Kommo-o\n|-supereffective|p2a: Kommo-o\n|-end|p2a: Kommo-o|Substitute\n|-zpower|p2a: Kommo-o\n|move|p2a: Kommo-o|Z-Belly Drum|p2a: Kommo-o|[anim]Belly Drum\n|-heal|p2a: Kommo-o|100\/100|[zeffect]\n|-damage|p2a: Kommo-o|50\/100\n|-setboost|p2a: Kommo-o|atk|6|[from] move: Belly Drum\n|\n|upkeep\n|turn|14\n|\n|t:|1700002648\n|move|p1a: Pillow|Ice Shard|p2a: Kommo-o\n|-supereffective|p2a: Kommo-o\n|-damage|p2a: Kommo-o|6\/100\n|move|p2a: Kommo-o|Drain Punch|p1a: Pillow\n|-supereffective|p1a: Pillow\n|-damage|p1a: Pillow|0 fnt\n|-heal|p2a: Kommo-o|56\/100|[from] drain|[of] p1a: Pillow\n|faint|p1a: Pillow\n|\n|upkeep\n|\n|t:|1700002655\n|switch|p1a: Nimbus|Murkrow, F, shiny|100\/100\n|turn|15\n|\n|t:|1700002659\n|-zpower|p1a: Nimbus\n|move|p1a: Nimbus|Z-Mirror Move|p2a: Kommo-o|[anim]Mirror Move\n|-boost|p1a: Nimbus|atk|2|[zeffect]\n|move|p1a: Nimbus|All-Out Pummeling|p2a: Kommo-o|[from]move: Mirror Move\n|-damage|p2a: Kommo-o|0 fnt\n|faint|p2a: Kommo-o\n|\n|upkeep\n|\n|t:|1700002686\n|switch|p2a: Tapu Koko|Tapu Koko|27\/100\n|-fieldstart|move: Electric Terrain|[from] ability: Electric Surge|[of] p2a: Tapu Koko\n|turn|16\n|\n|t:|1700002696\n|move|p1a: Nimbus|Substitute|p1a: Nimbus\n|-start|p1a: Nimbus|Substitute\n|-damage|p1a: Nimbus|76\/100\n|move|p2a: Tapu Koko|Thunder Wave||[still]\n|-fail|p2a: Tapu Koko\n|\n|upkeep\n|turn|17\n|\n|t:|1700002701\n|move|p1a: Nimbus|Sucker Punch|p2a: Tapu Koko\n|-resisted|p2a: Tapu Koko\n|-damage|p2a: Tapu Koko|0 fnt\n|faint|p2a: Tapu Koko\n|\n|upkeep\n|\n|t:|1700002707\n|switch|p2a: Iron Valiant|Iron Valiant|100\/100\n|-activate|p2a: Iron Valiant|ability: Quark Drive\n|-start|p2a: Iron Valiant|quarkdrivespe\n|turn|18\n|\n|t:|1700002712\n|move|p2a: Iron Valiant|Encore|p1a: Nimbus\n|-start|p1a: Nimbus|Encore\n|move|p1a: Nimbus|Sucker Punch||[still]\n|-fail|p1a: Nimbus\n|\n|upkeep\n|turn|19\n|\n|t:|1700002723\n|move|p1a: Nimbus|Sucker Punch||[still]\n|-fail|p1a: Nimbus\n|move|p2a: Iron Valiant|Encore||[still]\n|-fail|p2a: Iron Valiant\n|\n|upkeep\n|turn|20\n|\n|t:|1700002729\n|move|p1a: Nimbus|Sucker Punch||[still]\n|-fail|p1a: Nimbus\n|move|p2a: Iron Valiant|Encore||[still]\n|-fail|p2a: Iron Valiant\n|\n|-end|p1a: Nimbus|Encore\n|-fieldend|move: Electric Terrain\n|-end|p2a: Iron Valiant|Quark Drive\n|upkeep\n|turn|21\n|\n|t:|1700002738\n|move|p1a: Nimbus|Mirror Move|p2a: Iron Valiant\n|move|p1a: Nimbus|Encore||[from]move: Mirror Move|[still]\n|-fail|p1a: Nimbus\n|move|p2a: Iron Valiant|Encore||[still]\n|-fail|p2a: Iron Valiant\n|\n|upkeep\n|turn|22\n|\n|t:|1700002760\n|move|p2a: Iron Valiant|Thunderbolt|p1a: Nimbus\n|-supereffective|p1a: Nimbus\n|-end|p1a: Nimbus|Substitute\n|-damage|p2a: Iron Valiant|91\/100|[from] item: Life Orb\n|move|p1a: Nimbus|Brave Bird|p2a: Iron Valiant\n|-supereffective|p2a: Iron Valiant\n|-damage|p2a: Iron Valiant|0 fnt\n|faint|p2a: Iron Valiant\n|-end|p2a: Iron Valiant|Quark Drive|[silent]\n|-damage|p1a: Nimbus|43\/100|[from] Recoil\n|\n|upkeep\n|-message|PankeyXD forfeited.\n|\n|win|TheMurkrowGurl\n|raw|TheMurkrowGurl's rating: 1420 &rarr; <strong>1436<\/strong><br \/>(+16 for winning)\n|raw|PankeyXD's rating: 1357 &rarr; <strong>1341<\/strong><br \/>(-16 for losing)\n","uploadtime":1700002772,"views":32,"p1id":"themurkrowgurl","p2id":"pankeyxd","formatid":"gen9nationaldex","rating":1341,"private":0,"password":""}