{"id":"gen9nationaldex-1998698617","p1":"ggggggggg KTV","p2":"despicableas","format":"[Gen 9] National Dex","log":"|html|<div class=\"broadcast-blue\"><strong>[Gen 9] National Dex is currently suspecting Sneasler! For information on how to participate check out the <a href=\"https:\/\/www.smogon.com\/forums\/threads\/sv-national-dex-suspect-8-just-dance.3731534\/\">suspect thread<\/a>.<\/strong><\/div>\n|j|\u2606ggggggggg KTV\n|j|\u2606despicableas\n|t:|1700974209\n|gametype|singles\n|player|p1|ggggggggg KTV|alec-anime|1082\n|player|p2|despicableas|waiter-gen4dp|1101\n|teamsize|p1|6\n|teamsize|p2|6\n|gen|9\n|tier|[Gen 9] National Dex\n|rated|\n|rule|HP Percentage Mod: HP is shown in percentages\n|rule|Endless Battle Clause: Forcing endless battles is banned\n|rule|OHKO Clause: OHKO moves are banned\n|rule|Evasion Clause: Evasion abilities, items, and moves are banned\n|rule|Evasion Abilities Clause: Evasion abilities are banned\n|rule|Evasion Items Clause: Evasion items are banned\n|rule|Evasion Moves Clause: Evasion moves are banned\n|rule|Species Clause: Limit one of each Pok\u00e9mon\n|rule|Sleep Clause Mod: Limit one foe put to sleep\n|clearpoke\n|poke|p1|Lucario, M|\n|poke|p1|Togekiss, F|\n|poke|p1|Roserade, M|\n|poke|p1|Milotic, M|\n|poke|p1|Spiritomb, M|\n|poke|p1|Garchomp, F|\n|poke|p2|Obstagoon, M|\n|poke|p2|Rillaboom, M|\n|poke|p2|Mr. Rime, M|\n|poke|p2|Dottler, F|\n|poke|p2|Zangoose, M|\n|poke|p2|Froslass, F|\n|teampreview\n|inactive|Battle timer is ON: inactive players will automatically lose when time's up. (requested by despicableas)\n|inactive|ggggggggg KTV also wants the timer to be on.\n|\n|t:|1700974217\n|start\n|switch|p1a: Togekiss|Togekiss, F|100\/100\n|switch|p2a: Dottler|Dottler, F|100\/100\n|turn|1\n|\n|t:|1700974224\n|move|p1a: Togekiss|Air Slash|p2a: Dottler\n|-supereffective|p2a: Dottler\n|-crit|p2a: Dottler\n|-damage|p2a: Dottler|15\/100\n|move|p2a: Dottler|Sticky Web|p1a: Togekiss\n|-sidestart|p1: ggggggggg KTV|move: Sticky Web\n|\n|upkeep\n|turn|2\n|\n|t:|1700974232\n|move|p1a: Togekiss|Air Slash|p2a: Dottler\n|-supereffective|p2a: Dottler\n|-damage|p2a: Dottler|0 fnt\n|faint|p2a: Dottler\n|\n|upkeep\n|\n|t:|1700974237\n|switch|p2a: Froslass|Froslass, F, shiny|100\/100\n|turn|3\n|\n|t:|1700974241\n|-terastallize|p1a: Togekiss|Flying\n|move|p1a: Togekiss|Air Slash|p2a: Froslass\n|-damage|p2a: Froslass|23\/100\n|cant|p2a: Froslass|flinch\n|\n|upkeep\n|turn|4\n|\n|t:|1700974248\n|move|p1a: Togekiss|Air Slash|p2a: Froslass\n|-damage|p2a: Froslass|0 fnt\n|faint|p2a: Froslass\n|\n|upkeep\n|\n|t:|1700974254\n|switch|p2a: Obstagoon|Obstagoon, M|100\/100\n|turn|5\n|\n|t:|1700974258\n|move|p2a: Obstagoon|Obstruct|p2a: Obstagoon\n|-singleturn|p2a: Obstagoon|Protect\n|move|p1a: Togekiss|Air Slash|p2a: Obstagoon\n|-activate|p2a: Obstagoon|move: Protect\n|\n|-status|p2a: Obstagoon|brn|[from] item: Flame Orb\n|upkeep\n|turn|6\n|\n|t:|1700974267\n|move|p1a: Togekiss|Air Slash|p2a: Obstagoon\n|-damage|p2a: Obstagoon|53\/100 brn\n|cant|p2a: Obstagoon|flinch\n|\n|-damage|p2a: Obstagoon|47\/100 brn|[from] brn\n|upkeep\n|turn|7\n|\n|t:|1700974276\n|move|p1a: Togekiss|Air Slash|p2a: Obstagoon\n|-damage|p2a: Obstagoon|0 fnt\n|faint|p2a: Obstagoon\n|\n|upkeep\n|\n|t:|1700974281\n|switch|p2a: Mr. Rime|Mr. Rime, M|100\/100\n|turn|8\n|\n|t:|1700974284\n|move|p1a: Togekiss|Air Slash|p2a: Mr. Rime\n|-damage|p2a: Mr. Rime|55\/100\n|cant|p2a: Mr. Rime|flinch\n|\n|upkeep\n|turn|9\n|\n|t:|1700974290\n|move|p1a: Togekiss|Air Slash|p2a: Mr. Rime\n|-damage|p2a: Mr. Rime|5\/100\n|cant|p2a: Mr. Rime|flinch\n|\n|upkeep\n|turn|10\n|\n|t:|1700974296\n|move|p1a: Togekiss|Air Slash|p2a: Mr. Rime|[miss]\n|-miss|p1a: Togekiss|p2a: Mr. Rime\n|move|p2a: Mr. Rime|Freeze-Dry|p1a: Togekiss\n|-supereffective|p1a: Togekiss\n|-damage|p1a: Togekiss|33\/100\n|\n|upkeep\n|turn|11\n|\n|t:|1700974303\n|move|p1a: Togekiss|Air Slash|p2a: Mr. Rime\n|-damage|p2a: Mr. Rime|0 fnt\n|faint|p2a: Mr. Rime\n|\n|upkeep\n|\n|t:|1700974308\n|switch|p2a: Rillaboom|Rillaboom, M, shiny|100\/100\n|-fieldstart|move: Grassy Terrain|[from] ability: Grassy Surge|[of] p2a: Rillaboom\n|turn|12\n|\n|t:|1700974315\n|-terastallize|p2a: Rillaboom|Grass\n|move|p2a: Rillaboom|Grassy Glide|p1a: Togekiss\n|-resisted|p1a: Togekiss\n|-damage|p1a: Togekiss|0 fnt\n|faint|p1a: Togekiss\n|\n|upkeep\n|\n|t:|1700974329\n|switch|p1a: Roserade|Roserade, M, shiny|100\/100\n|-activate|p1a: Roserade|move: Sticky Web\n|-unboost|p1a: Roserade|spe|1\n|turn|13\n|\n|t:|1700974333\n|switch|p2a: Zangoose|Zangoose, M|100\/100\n|move|p1a: Roserade|Sludge Bomb|p2a: Zangoose\n|-damage|p2a: Zangoose|0 fnt\n|faint|p2a: Zangoose\n|-damage|p1a: Roserade|91\/100|[from] item: Life Orb\n|\n|-heal|p1a: Roserade|97\/100|[from] Grassy Terrain\n|upkeep\n|-message|despicableas forfeited.\n|\n|win|ggggggggg KTV\n|raw|ggggggggg KTV's rating: 1082 &rarr; <strong>1111<\/strong><br \/>(+29 for winning)\n|raw|despicableas's rating: 1101 &rarr; <strong>1075<\/strong><br \/>(-26 for losing)\n|l|\u2606despicableas\n","uploadtime":1700974352,"views":1,"p1id":"gggggggggktv","p2id":"despicableas","formatid":"gen9nationaldex","rating":1075,"private":0,"password":""}