{"id":"gen9nationaldex-1991655797","p1":"Sorazyx","p2":"Zera & Lucy","format":"[Gen 9] National Dex","log":"|j|\u2606Sorazyx\n|j|\u2606Zera & Lucy\n|t:|1700099088\n|gametype|singles\n|player|p1|Sorazyx|266|1144\n|player|p2|Zera & Lucy|cynthia|1124\n|teamsize|p1|6\n|teamsize|p2|6\n|gen|9\n|tier|[Gen 9] National Dex\n|rated|\n|rule|HP Percentage Mod: HP is shown in percentages\n|rule|Endless Battle Clause: Forcing endless battles is banned\n|rule|OHKO Clause: OHKO moves are banned\n|rule|Evasion Clause: Evasion abilities, items, and moves are banned\n|rule|Evasion Abilities Clause: Evasion abilities are banned\n|rule|Evasion Items Clause: Evasion items are banned\n|rule|Evasion Moves Clause: Evasion moves are banned\n|rule|Species Clause: Limit one of each Pok\u00e9mon\n|rule|Sleep Clause Mod: Limit one foe put to sleep\n|clearpoke\n|poke|p1|Gengar, F|\n|poke|p1|Gardevoir, M|\n|poke|p1|Steelix, F|\n|poke|p1|Golem, F|\n|poke|p1|Infernape, F|\n|poke|p1|Dragonite, M|\n|poke|p2|Ambipom, F|\n|poke|p2|Zoroark-Hisui, F|\n|poke|p2|Cinccino, M|\n|poke|p2|Indeedee, M|\n|poke|p2|Cyclizar, F|\n|poke|p2|Komala, F|\n|teampreview\n|inactive|Battle timer is ON: inactive players will automatically lose when time's up. (requested by Zera & Lucy)\n|\n|t:|1700099111\n|start\n|switch|p1a: Golem|Golem, F|100\/100\n|switch|p2a: Ambipom|Ambipom, F|100\/100\n|turn|1\n|\n|t:|1700099130\n|move|p2a: Ambipom|Fake Out|p1a: Golem\n|-resisted|p1a: Golem\n|-damage|p1a: Golem|87\/100\n|cant|p1a: Golem|flinch\n|\n|upkeep\n|turn|2\n|\n|t:|1700099140\n|move|p2a: Ambipom|Knock Off|p1a: Golem\n|-damage|p1a: Golem|61\/100\n|-enditem|p1a: Golem|Custap Berry|[from] move: Knock Off|[of] p2a: Ambipom\n|move|p1a: Golem|Stealth Rock|p2a: Ambipom\n|-sidestart|p2: Zera & Lucy|move: Stealth Rock\n|\n|upkeep\n|turn|3\n|\n|t:|1700099148\n|move|p2a: Ambipom|U-turn|p1a: Golem\n|-damage|p1a: Golem|44\/100\n|\n|t:|1700099151\n|switch|p2a: Cyclizar|Cyclizar, F|100\/100|[from] U-turn\n|-damage|p2a: Cyclizar|88\/100|[from] Stealth Rock\n|move|p1a: Golem|Explosion|p2a: Cyclizar\n|-damage|p2a: Cyclizar|0 fnt\n|faint|p1a: Golem\n|faint|p2a: Cyclizar\n|\n|upkeep\n|\n|t:|1700099161\n|switch|p2a: Komala|Komala, F|100\/100\n|switch|p1a: Dragonite|Dragonite, M|100\/100\n|-damage|p2a: Komala|88\/100|[from] Stealth Rock\n|-ability|p2a: Komala|Comatose\n|turn|4\n|\n|t:|1700099174\n|move|p1a: Dragonite|Dragon Dance|p1a: Dragonite\n|-boost|p1a: Dragonite|atk|1\n|-boost|p1a: Dragonite|spe|1\n|move|p2a: Komala|Yawn|p1a: Dragonite\n|-start|p1a: Dragonite|move: Yawn|[of] p2a: Komala\n|\n|upkeep\n|turn|5\n|\n|t:|1700099198\n|move|p1a: Dragonite|Waterfall|p2a: Komala\n|-damage|p2a: Komala|29\/100\n|cant|p2a: Komala|flinch\n|\n|-end|p1a: Dragonite|move: Yawn|[silent]\n|-status|p1a: Dragonite|slp\n|upkeep\n|turn|6\n|\n|t:|1700099204\n|cant|p1a: Dragonite|slp\n|move|p2a: Komala|Wish|p2a: Komala\n|\n|upkeep\n|turn|7\n|\n|t:|1700099210\n|switch|p2a: Cinccino|Cinccino, M|100\/100\n|-damage|p2a: Cinccino|88\/100|[from] Stealth Rock\n|-curestatus|p1a: Dragonite|slp|[msg]\n|move|p1a: Dragonite|Waterfall|p2a: Cinccino\n|-damage|p2a: Cinccino|13\/100\n|\n|-heal|p2a: Cinccino|71\/100|[from] move: Wish|[wisher] Komala\n|upkeep\n|turn|8\n|\n|t:|1700099219\n|move|p1a: Dragonite|Waterfall|p2a: Cinccino\n|-damage|p2a: Cinccino|0 fnt\n|faint|p2a: Cinccino\n|\n|upkeep\n|\n|t:|1700099224\n|switch|p2a: Ambipom|Ambipom, F|100\/100\n|-damage|p2a: Ambipom|88\/100|[from] Stealth Rock\n|turn|9\n|\n|t:|1700099229\n|-terastallize|p2a: Ambipom|Normal\n|move|p2a: Ambipom|Fake Out|p1a: Dragonite\n|-damage|p1a: Dragonite|78\/100\n|cant|p1a: Dragonite|flinch\n|\n|-heal|p1a: Dragonite|84\/100|[from] item: Leftovers\n|upkeep\n|turn|10\n|\n|t:|1700099239\n|switch|p2a: Komala|Komala, F|29\/100\n|-damage|p2a: Komala|17\/100|[from] Stealth Rock\n|-ability|p2a: Komala|Comatose\n|move|p1a: Dragonite|Dragon Dance|p1a: Dragonite\n|-boost|p1a: Dragonite|atk|1\n|-boost|p1a: Dragonite|spe|1\n|\n|-heal|p1a: Dragonite|91\/100|[from] item: Leftovers\n|upkeep\n|turn|11\n|-enditem|p2a: Komala|Custap Berry|[eat]\n|-activate|p2a: Komala|item: Custap Berry|[consumed]\n|\n|t:|1700099248\n|move|p2a: Komala|Play Rough|p1a: Dragonite\n|-supereffective|p1a: Dragonite\n|-damage|p1a: Dragonite|20\/100\n|move|p1a: Dragonite|Waterfall|p2a: Komala\n|-damage|p2a: Komala|0 fnt\n|faint|p2a: Komala\n|\n|-heal|p1a: Dragonite|26\/100|[from] item: Leftovers\n|upkeep\n|\n|t:|1700099255\n|switch|p2a: Ambipom|Ambipom, F, tera:Normal|88\/100\n|-damage|p2a: Ambipom|76\/100|[from] Stealth Rock\n|turn|12\n|\n|t:|1700099260\n|move|p2a: Ambipom|Fake Out|p1a: Dragonite\n|-damage|p1a: Dragonite|0 fnt\n|faint|p1a: Dragonite\n|\n|upkeep\n|j| hisuian greninja\n|\n|t:|1700099270\n|switch|p1a: Infernape|Infernape, F|100\/100\n|turn|13\n|c| hisuian greninja|GO ZERA\n|\n|t:|1700099277\n|move|p1a: Infernape|Vacuum Wave|p2a: Ambipom\n|-supereffective|p2a: Ambipom\n|-damage|p2a: Ambipom|17\/100\n|move|p2a: Ambipom|U-turn|p1a: Infernape\n|-resisted|p1a: Infernape\n|-damage|p1a: Infernape|93\/100\n|c| hisuian greninja|OR LUCY\n|\n|t:|1700099281\n|switch|p2a: Indeedee|Indeedee, M|100\/100|[from] U-turn\n|-damage|p2a: Indeedee|88\/100|[from] Stealth Rock\n|\n|-heal|p1a: Infernape|99\/100|[from] item: Leftovers\n|upkeep\n|turn|14\n|\n|t:|1700099288\n|move|p1a: Infernape|Vacuum Wave|p2a: Indeedee\n|-immune|p2a: Indeedee\n|move|p2a: Indeedee|Extrasensory|p1a: Infernape\n|-supereffective|p1a: Infernape\n|-damage|p1a: Infernape|0 fnt\n|faint|p1a: Infernape\n|\n|upkeep\n|c| hisuian greninja|I HONESTLY DONT KNOW\n|\n|t:|1700099298\n|switch|p1a: Steelix|Steelix, F|100\/100\n|turn|15\n|\n|t:|1700099305\n|switch|p2a: Ambipom|Ambipom, F, tera:Normal|17\/100\n|-damage|p2a: Ambipom|5\/100|[from] Stealth Rock\n|move|p1a: Steelix|Curse|p1a: Steelix\n|-unboost|p1a: Steelix|spe|1\n|-boost|p1a: Steelix|atk|1\n|-boost|p1a: Steelix|def|1\n|\n|upkeep\n|turn|16\n|\n|t:|1700099314\n|move|p2a: Ambipom|Fake Out|p1a: Steelix\n|-resisted|p1a: Steelix\n|-damage|p1a: Steelix|93\/100\n|cant|p1a: Steelix|flinch\n|\n|-heal|p1a: Steelix|99\/100|[from] item: Leftovers\n|upkeep\n|turn|17\n|\n|t:|1700099321\n|move|p2a: Ambipom|Knock Off|p1a: Steelix\n|-damage|p1a: Steelix|89\/100\n|-enditem|p1a: Steelix|Leftovers|[from] move: Knock Off|[of] p2a: Ambipom\n|move|p1a: Steelix|Gyro Ball|p2a: Ambipom\n|-damage|p2a: Ambipom|0 fnt\n|faint|p2a: Ambipom\n|\n|upkeep\n|\n|t:|1700099331\n|switch|p2a: Indeedee|Indeedee, M|100\/100\n|-damage|p2a: Indeedee|88\/100|[from] Stealth Rock\n|-fieldstart|move: Psychic Terrain|[from] ability: Psychic Surge|[of] p2a: Indeedee\n|turn|18\n|\n|t:|1700099341\n|move|p2a: Indeedee|Expanding Force|p1a: Steelix\n|-resisted|p1a: Steelix\n|-damage|p1a: Steelix|51\/100\n|move|p1a: Steelix|Gyro Ball|p2a: Indeedee\n|-damage|p2a: Indeedee|0 fnt\n|faint|p2a: Indeedee\n|\n|upkeep\n|\n|t:|1700099343\n|switch|p2a: Zoroark|Zoroark-Hisui, F|88\/100\n|-damage|p2a: Zoroark|76\/100|[from] Stealth Rock\n|turn|19\n|c| hisuian greninja|can i play winner\\\n|\n|t:|1700099356\n|move|p2a: Zoroark|Bitter Malice|p1a: Steelix\n|-damage|p1a: Steelix|0 fnt\n|faint|p1a: Steelix\n|\n|upkeep\n|\n|t:|1700099364\n|switch|p1a: Gardevoir|Gardevoir, M|100\/100\n|turn|20\n|\n|t:|1700099368\n|move|p2a: Zoroark|Bitter Malice|p1a: Gardevoir\n|-supereffective|p1a: Gardevoir\n|-damage|p1a: Gardevoir|0 fnt\n|faint|p1a: Gardevoir\n|\n|upkeep\n|\n|t:|1700099374\n|switch|p1a: Gengar|Gengar, F|100\/100\n|turn|21\n|\n|t:|1700099380\n|move|p2a: Zoroark|Bitter Malice|p1a: Gengar\n|-supereffective|p1a: Gengar\n|-damage|p1a: Gengar|0 fnt\n|-start|p2a: Zoroark|Disable|Bitter Malice|[from] ability: Cursed Body|[of] p1a: Gengar\n|faint|p1a: Gengar\n|\n|win|Zera & Lucy\n|raw|Sorazyx's rating: 1144 &rarr; <strong>1118<\/strong><br \/>(-26 for losing)\n|raw|Zera &amp; Lucy's rating: 1124 &rarr; <strong>1150<\/strong><br \/>(+26 for winning)\n|c| hisuian greninja|WWOOOOOOOOOO\n|l|\u2606Sorazyx\n","uploadtime":1700099387,"views":15,"p1id":"sorazyx","p2id":"zeralucy","formatid":"gen9nationaldex","rating":1118,"private":0,"password":""}