{"id":"gen9nationaldex-1991805929","p1":"Tank Tests","p2":"xuxiansheng","format":"[Gen 9] National Dex","log":"|j|\u2606Tank Tests\n|j|\u2606xuxiansheng\n|t:|1700120753\n|gametype|singles\n|player|p1|Tank Tests|2|1409\n|player|p2|xuxiansheng|candice|1304\n|teamsize|p1|6\n|teamsize|p2|6\n|gen|9\n|tier|[Gen 9] National Dex\n|rated|\n|rule|HP Percentage Mod: HP is shown in percentages\n|rule|Endless Battle Clause: Forcing endless battles is banned\n|rule|OHKO Clause: OHKO moves are banned\n|rule|Evasion Clause: Evasion abilities, items, and moves are banned\n|rule|Evasion Abilities Clause: Evasion abilities are banned\n|rule|Evasion Items Clause: Evasion items are banned\n|rule|Evasion Moves Clause: Evasion moves are banned\n|rule|Species Clause: Limit one of each Pok\u00e9mon\n|rule|Sleep Clause Mod: Limit one foe put to sleep\n|clearpoke\n|poke|p1|Pawmot, M|\n|poke|p1|Rabsca, M|\n|poke|p1|Banette, M|\n|poke|p1|Victini|\n|poke|p1|Dragonite, F|\n|poke|p1|Forretress, F|\n|poke|p2|Charizard, F|\n|poke|p2|Volcarona, M|\n|poke|p2|Nidoking, M|\n|poke|p2|Great Tusk|\n|poke|p2|Ogerpon-Wellspring, F|\n|poke|p2|Ribombee, F|\n|teampreview\n|inactive|Battle timer is ON: inactive players will automatically lose when time's up. (requested by xuxiansheng)\n|\n|t:|1700120762\n|start\n|switch|p1a: Forretress|Forretress, F|100\/100\n|switch|p2a: Ribombee|Ribombee, F|100\/100\n|turn|1\n|\n|t:|1700120766\n|move|p2a: Ribombee|Sticky Web|p1a: Forretress\n|-sidestart|p1: Tank Tests|move: Sticky Web\n|move|p1a: Forretress|Thunder Wave|p2a: Ribombee\n|-status|p2a: Ribombee|par\n|\n|upkeep\n|turn|2\n|\n|t:|1700120771\n|move|p2a: Ribombee|Stun Spore|p1a: Forretress|[miss]\n|-miss|p2a: Ribombee|p1a: Forretress\n|move|p1a: Forretress|Stealth Rock|p2a: Ribombee\n|-sidestart|p2: xuxiansheng|move: Stealth Rock\n|\n|upkeep\n|turn|3\n|\n|t:|1700120774\n|cant|p2a: Ribombee|par\n|move|p1a: Forretress|Rapid Spin|p2a: Ribombee\n|-damage|p2a: Ribombee|79\/100 par\n|-boost|p1a: Forretress|spe|1\n|-sideend|p1: Tank Tests|Sticky Web|[from] move: Rapid Spin|[of] p1a: Forretress\n|\n|upkeep\n|turn|4\n|\n|t:|1700120777\n|cant|p2a: Ribombee|par\n|move|p1a: Forretress|Explosion|p2a: Ribombee\n|-damage|p2a: Ribombee|0 fnt\n|faint|p1a: Forretress\n|faint|p2a: Ribombee\n|\n|upkeep\n|\n|t:|1700120782\n|switch|p2a: Great Tusk|Great Tusk|100\/100\n|switch|p1a: Banette|Banette, M|100\/100\n|-damage|p2a: Great Tusk|98\/100|[from] Stealth Rock\n|turn|5\n|\n|t:|1700120789\n|detailschange|p1a: Banette|Banette-Mega, M\n|-mega|p1a: Banette|Banette|Banettite\n|move|p1a: Banette|Destiny Bond|p1a: Banette\n|-singlemove|p1a: Banette|Destiny Bond\n|move|p2a: Great Tusk|Headlong Rush|p1a: Banette\n|-damage|p1a: Banette|0 fnt\n|-unboost|p2a: Great Tusk|def|1\n|-unboost|p2a: Great Tusk|spd|1\n|faint|p1a: Banette\n|-activate|p1a: Banette|move: Destiny Bond\n|faint|p2a: Great Tusk\n|-end|p2a: Great Tusk|Protosynthesis|[silent]\n|\n|upkeep\n|\n|t:|1700120802\n|switch|p2a: Nidoking|Nidoking, M|100\/100\n|switch|p1a: Pawmot|Pawmot, M|100\/100\n|-damage|p2a: Nidoking|95\/100|[from] Stealth Rock\n|turn|6\n|\n|t:|1700120809\n|switch|p1a: Dragonite|Dragonite, F|100\/100\n|move|p2a: Nidoking|Earth Power|p1a: Dragonite\n|-immune|p1a: Dragonite\n|\n|upkeep\n|turn|7\n|\n|t:|1700120815\n|-terastallize|p2a: Nidoking|Water\n|move|p2a: Nidoking|Ice Beam|p1a: Dragonite\n|-supereffective|p1a: Dragonite\n|-damage|p1a: Dragonite|9\/100\n|-enditem|p1a: Dragonite|Weakness Policy\n|-boost|p1a: Dragonite|atk|2|[from] item: Weakness Policy\n|-boost|p1a: Dragonite|spa|2|[from] item: Weakness Policy\n|move|p1a: Dragonite|Dragon Dance|p1a: Dragonite\n|-boost|p1a: Dragonite|atk|1\n|-boost|p1a: Dragonite|spe|1\n|\n|upkeep\n|turn|8\n|\n|t:|1700120822\n|move|p1a: Dragonite|Extreme Speed|p2a: Nidoking\n|-damage|p2a: Nidoking|0 fnt\n|faint|p2a: Nidoking\n|\n|upkeep\n|\n|t:|1700120827\n|switch|p2a: Volcarona|Volcarona, M|100\/100\n|turn|9\n|\n|t:|1700120831\n|move|p1a: Dragonite|Extreme Speed|p2a: Volcarona\n|-damage|p2a: Volcarona|0 fnt\n|-status|p1a: Dragonite|brn|[from] ability: Flame Body|[of] p2a: Volcarona\n|faint|p2a: Volcarona\n|\n|-damage|p1a: Dragonite|3\/100 brn|[from] brn\n|upkeep\n|-message|xuxiansheng forfeited.\n|\n|win|Tank Tests\n|raw|Tank Tests's rating: 1409 &rarr; <strong>1423<\/strong><br \/>(+14 for winning)\n|raw|xuxiansheng's rating: 1304 &rarr; <strong>1290<\/strong><br \/>(-14 for losing)\n|l|\u2606xuxiansheng\n|c|\u2606Tank Tests|gg\n","uploadtime":1700120846,"views":13,"p1id":"tanktests","p2id":"xuxiansheng","formatid":"gen9nationaldex","rating":1290,"private":0,"password":""}