{"id":"gen9nationaldex-1998687484","p1":"Malkenvrel","p2":"Clayanto","format":"[Gen 9] National Dex","log":"|html|<div class=\"broadcast-blue\"><strong>[Gen 9] National Dex is currently suspecting Sneasler! For information on how to participate check out the <a href=\"https:\/\/www.smogon.com\/forums\/threads\/sv-national-dex-suspect-8-just-dance.3731534\/\">suspect thread<\/a>.<\/strong><\/div>\n|j|\u2606Malkenvrel\n|j|\u2606Clayanto\n|t:|1700972616\n|gametype|singles\n|player|p1|Malkenvrel|worker|1238\n|player|p2|Clayanto|ariana|1357\n|teamsize|p1|6\n|teamsize|p2|6\n|gen|9\n|tier|[Gen 9] National Dex\n|rated|\n|rule|HP Percentage Mod: HP is shown in percentages\n|rule|Endless Battle Clause: Forcing endless battles is banned\n|rule|OHKO Clause: OHKO moves are banned\n|rule|Evasion Clause: Evasion abilities, items, and moves are banned\n|rule|Evasion Abilities Clause: Evasion abilities are banned\n|rule|Evasion Items Clause: Evasion items are banned\n|rule|Evasion Moves Clause: Evasion moves are banned\n|rule|Species Clause: Limit one of each Pok\u00e9mon\n|rule|Sleep Clause Mod: Limit one foe put to sleep\n|clearpoke\n|poke|p1|Lycanroc, F|\n|poke|p1|Excadrill, M|\n|poke|p1|Tyranitar, M|\n|poke|p1|Cinderace, F|\n|poke|p1|Mamoswine, F|\n|poke|p1|Corviknight, F|\n|poke|p2|Ninetales-Alola, M|\n|poke|p2|Tyranitar, M|\n|poke|p2|Pelipper, M|\n|poke|p2|Torkoal, M|\n|poke|p2|Hatterene, F|\n|poke|p2|Sinistcha|\n|teampreview\n|inactive|Battle timer is ON: inactive players will automatically lose when time's up. (requested by Clayanto)\n|\n|t:|1700972633\n|start\n|switch|p1a: Cinderace|Cinderace, F|100\/100\n|switch|p2a: Pelipper|Pelipper, M|100\/100\n|-weather|RainDance|[from] ability: Drizzle|[of] p2a: Pelipper\n|turn|1\n|\n|t:|1700972643\n|switch|p1a: Tyranitar|Tyranitar, M|100\/100\n|-weather|Sandstorm|[from] ability: Sand Stream|[of] p1a: Tyranitar\n|move|p2a: Pelipper|Hydro Pump|p1a: Tyranitar\n|-supereffective|p1a: Tyranitar\n|-damage|p1a: Tyranitar|35\/100\n|\n|-weather|Sandstorm|[upkeep]\n|-damage|p2a: Pelipper|94\/100|[from] Sandstorm\n|upkeep\n|turn|2\n|\n|t:|1700972654\n|move|p2a: Pelipper|Hydro Pump|p1a: Tyranitar\n|-supereffective|p1a: Tyranitar\n|-damage|p1a: Tyranitar|0 fnt\n|faint|p1a: Tyranitar\n|\n|-weather|Sandstorm|[upkeep]\n|-damage|p2a: Pelipper|88\/100|[from] Sandstorm\n|upkeep\n|\n|t:|1700972664\n|switch|p1a: Lycanroc|Lycanroc, F|100\/100\n|turn|3\n|\n|t:|1700972674\n|switch|p2a: Hatterene|Hatterene, F|100\/100\n|move|p1a: Lycanroc|Stone Edge|p2a: Hatterene\n|-damage|p2a: Hatterene|40\/100\n|-damage|p1a: Lycanroc|91\/100|[from] item: Life Orb\n|\n|-weather|Sandstorm|[upkeep]\n|-damage|p2a: Hatterene|34\/100|[from] Sandstorm\n|upkeep\n|turn|4\n|\n|t:|1700972683\n|move|p1a: Lycanroc|Stone Edge|p2a: Hatterene\n|-damage|p2a: Hatterene|0 fnt\n|faint|p2a: Hatterene\n|-damage|p1a: Lycanroc|81\/100|[from] item: Life Orb\n|\n|-weather|Sandstorm|[upkeep]\n|upkeep\n|\n|t:|1700972687\n|switch|p2a: Ninetales|Ninetales-Alola, M|100\/100\n|-weather|Snow|[from] ability: Snow Warning|[of] p2a: Ninetales\n|turn|5\n|\n|t:|1700972707\n|switch|p2a: Sinistcha|Sinistcha|100\/100\n|move|p1a: Lycanroc|Stone Edge|p2a: Sinistcha|[miss]\n|-miss|p1a: Lycanroc|p2a: Sinistcha\n|\n|-weather|Snow|[upkeep]\n|upkeep\n|turn|6\n|\n|t:|1700972720\n|switch|p1a: Cinderace|Cinderace, F|100\/100\n|move|p2a: Sinistcha|Matcha Gotcha|p1a: Cinderace\n|-resisted|p1a: Cinderace\n|-damage|p1a: Cinderace|77\/100\n|\n|-weather|Snow|[upkeep]\n|upkeep\n|turn|7\n|\n|t:|1700972734\n|switch|p2a: Torkoal|Torkoal, M|100\/100\n|-weather|SunnyDay|[from] ability: Drought|[of] p2a: Torkoal\n|move|p1a: Cinderace|Flare Blitz|p2a: Torkoal\n|-resisted|p2a: Torkoal\n|-damage|p2a: Torkoal|66\/100\n|-damage|p1a: Cinderace|64\/100|[from] Recoil\n|\n|-weather|SunnyDay|[upkeep]\n|upkeep\n|turn|8\n|\n|t:|1700972746\n|switch|p1a: Lycanroc|Lycanroc, F|81\/100\n|move|p2a: Torkoal|Weather Ball|p1a: Lycanroc\n|-resisted|p1a: Lycanroc\n|-damage|p1a: Lycanroc|0 fnt\n|faint|p1a: Lycanroc\n|\n|-weather|SunnyDay|[upkeep]\n|upkeep\n|\n|t:|1700972756\n|switch|p1a: Mamoswine|Mamoswine, F|100\/100\n|turn|9\n|\n|t:|1700972772\n|switch|p2a: Ninetales|Ninetales-Alola, M|100\/100\n|-weather|Snow|[from] ability: Snow Warning|[of] p2a: Ninetales\n|move|p1a: Mamoswine|Earthquake|p2a: Ninetales\n|-damage|p2a: Ninetales|25\/100\n|\n|-weather|Snow|[upkeep]\n|upkeep\n|turn|10\n|\n|t:|1700972781\n|move|p2a: Ninetales|Aurora Veil|p2a: Ninetales\n|-sidestart|p2: Clayanto|move: Aurora Veil\n|move|p1a: Mamoswine|Earthquake|p2a: Ninetales\n|-damage|p2a: Ninetales|0 fnt\n|faint|p2a: Ninetales\n|\n|-weather|Snow|[upkeep]\n|upkeep\n|\n|t:|1700972785\n|switch|p2a: Pelipper|Pelipper, M|88\/100\n|-weather|RainDance|[from] ability: Drizzle|[of] p2a: Pelipper\n|turn|11\n|\n|t:|1700972793\n|switch|p1a: Corviknight|Corviknight, F|100\/100\n|move|p2a: Pelipper|Weather Ball|p1a: Corviknight\n|-damage|p1a: Corviknight|0 fnt\n|faint|p1a: Corviknight\n|\n|-weather|RainDance|[upkeep]\n|upkeep\n|\n|t:|1700972801\n|switch|p1a: Excadrill|Excadrill, M|100\/100\n|turn|12\n|\n|t:|1700972806\n|move|p1a: Excadrill|Rock Slide|p2a: Pelipper\n|-supereffective|p2a: Pelipper\n|-damage|p2a: Pelipper|39\/100\n|-damage|p1a: Excadrill|91\/100|[from] item: Life Orb\n|move|p2a: Pelipper|Weather Ball|p1a: Excadrill\n|-supereffective|p1a: Excadrill\n|-damage|p1a: Excadrill|0 fnt\n|faint|p1a: Excadrill\n|\n|-weather|RainDance|[upkeep]\n|upkeep\n|\n|t:|1700972817\n|switch|p1a: Cinderace|Cinderace, F|64\/100\n|turn|13\n|\n|t:|1700972822\n|move|p1a: Cinderace|Sucker Punch|p2a: Pelipper\n|-start|p1a: Cinderace|typechange|Dark|[from] ability: Libero\n|-damage|p2a: Pelipper|16\/100\n|move|p2a: Pelipper|Weather Ball|p1a: Cinderace\n|-damage|p1a: Cinderace|0 fnt\n|faint|p1a: Cinderace\n|\n|-weather|RainDance|[upkeep]\n|upkeep\n|-message|Malkenvrel forfeited.\n|\n|win|Clayanto\n|raw|Malkenvrel's rating: 1238 &rarr; <strong>1221<\/strong><br \/>(-17 for losing)\n|raw|Clayanto's rating: 1357 &rarr; <strong>1370<\/strong><br \/>(+13 for winning)\n|l|\u2606Malkenvrel\n","uploadtime":1700972965,"views":1,"p1id":"malkenvrel","p2id":"clayanto","formatid":"gen9nationaldex","rating":1221,"private":0,"password":""}