{"id":"gen9nationaldex-1994291495","p1":"RakzoTR","p2":"Greenmoosen","format":"[Gen 9] National Dex","log":"|j|\u2606RakzoTR\n|j|\u2606Greenmoosen\n|t:|1700427707\n|gametype|singles\n|player|p1|RakzoTR|gambler|1149\n|player|p2|Greenmoosen|dawn|1082\n|teamsize|p1|6\n|teamsize|p2|6\n|gen|9\n|tier|[Gen 9] National Dex\n|rated|\n|rule|HP Percentage Mod: HP is shown in percentages\n|rule|Endless Battle Clause: Forcing endless battles is banned\n|rule|OHKO Clause: OHKO moves are banned\n|rule|Evasion Clause: Evasion abilities, items, and moves are banned\n|rule|Evasion Abilities Clause: Evasion abilities are banned\n|rule|Evasion Items Clause: Evasion items are banned\n|rule|Evasion Moves Clause: Evasion moves are banned\n|rule|Species Clause: Limit one of each Pok\u00e9mon\n|rule|Sleep Clause Mod: Limit one foe put to sleep\n|clearpoke\n|poke|p1|Goodra-Hisui, F|\n|poke|p1|Ogerpon-Wellspring, F|\n|poke|p1|Donphan, M|\n|poke|p1|Zamazenta-*|\n|poke|p1|Cinderace, M|\n|poke|p1|Zapdos|\n|poke|p2|Incineroar, M|\n|poke|p2|Gallade, M|\n|poke|p2|Zeraora|\n|poke|p2|Samurott, M|\n|poke|p2|Vanilluxe, F|\n|poke|p2|Nihilego|\n|teampreview\n|inactive|Battle timer is ON: inactive players will automatically lose when time's up. (requested by Greenmoosen)\n|\n|t:|1700427715\n|start\n|switch|p1a: Ogo|Ogerpon-Wellspring, F|100\/100\n|switch|p2a: Nihilego|Nihilego|100\/100\n|turn|1\n|\n|t:|1700427722\n|switch|p1a: Rhaenyra|Goodra-Hisui, F|100\/100\n|move|p2a: Nihilego|Toxic Spikes|p1a: Rhaenyra\n|-sidestart|p1: RakzoTR|move: Toxic Spikes\n|\n|upkeep\n|turn|2\n|\n|t:|1700427728\n|move|p2a: Nihilego|Toxic Spikes|p1a: Rhaenyra\n|-sidestart|p1: RakzoTR|move: Toxic Spikes\n|move|p1a: Rhaenyra|Earthquake|p2a: Nihilego\n|-supereffective|p2a: Nihilego\n|-damage|p2a: Nihilego|0 fnt\n|faint|p2a: Nihilego\n|\n|upkeep\n|\n|t:|1700427739\n|switch|p2a: Gallade|Gallade, M, shiny|100\/100\n|turn|3\n|\n|t:|1700427743\n|detailschange|p2a: Gallade|Gallade-Mega, M, shiny\n|-mega|p2a: Gallade|Gallade|Galladite\n|-terastallize|p1a: Rhaenyra|Fairy\n|move|p2a: Gallade|Triple Axel|p1a: Rhaenyra\n|-damage|p1a: Rhaenyra|93\/100\n|-damage|p1a: Rhaenyra|76\/100\n|-damage|p1a: Rhaenyra|52\/100\n|-hitcount|p1a: Rhaenyra|3\n|move|p1a: Rhaenyra|Draco Meteor|p2a: Gallade\n|-damage|p2a: Gallade|32\/100\n|-unboost|p1a: Rhaenyra|spa|2\n|\n|upkeep\n|turn|4\n|\n|t:|1700427752\n|switch|p1a: Zip-Zap-Dos|Zapdos|100\/100\n|move|p2a: Gallade|Psycho Cut|p1a: Zip-Zap-Dos\n|-damage|p1a: Zip-Zap-Dos|54\/100\n|\n|upkeep\n|turn|5\n|\n|t:|1700427757\n|move|p2a: Gallade|Triple Axel|p1a: Zip-Zap-Dos\n|-supereffective|p1a: Zip-Zap-Dos\n|-damage|p1a: Zip-Zap-Dos|37\/100\n|-damage|p2a: Gallade|15\/100|[from] item: Rocky Helmet|[of] p1a: Zip-Zap-Dos\n|-hitcount|p1a: Zip-Zap-Dos|1\n|move|p1a: Zip-Zap-Dos|Volt Switch|p2a: Gallade\n|-damage|p2a: Gallade|0 fnt\n|faint|p2a: Gallade\n|\n|t:|1700427763\n|switch|p1a: Rammot|Cinderace, M|100\/100|[from] Volt Switch\n|\n|upkeep\n|\n|t:|1700427769\n|switch|p2a: Samurott|Samurott, M|100\/100\n|turn|6\n|\n|t:|1700427780\n|move|p1a: Rammot|Court Change|p1a: Rammot\n|-swapsideconditions\n|-activate|p1a: Rammot|move: Court Change\n|move|p2a: Samurott|Swords Dance|p2a: Samurott\n|-boost|p2a: Samurott|atk|2\n|\n|upkeep\n|turn|7\n|\n|t:|1700427786\n|move|p1a: Rammot|Will-O-Wisp|p2a: Samurott\n|-status|p2a: Samurott|brn\n|move|p2a: Samurott|Swords Dance|p2a: Samurott\n|-boost|p2a: Samurott|atk|2\n|\n|-damage|p2a: Samurott|94\/100 brn|[from] brn\n|upkeep\n|turn|8\n|\n|t:|1700427794\n|move|p1a: Rammot|U-turn|p2a: Samurott\n|-damage|p2a: Samurott|72\/100 brn\n|\n|t:|1700427796\n|switch|p1a: Ogo|Ogerpon-Wellspring, F|100\/100|[from] U-turn\n|move|p2a: Samurott|Aqua Cutter|p1a: Ogo\n|-immune|p1a: Ogo|[from] ability: Water Absorb\n|\n|-damage|p2a: Samurott|66\/100 brn|[from] brn\n|upkeep\n|turn|9\n|\n|t:|1700427803\n|move|p1a: Ogo|Horn Leech|p2a: Samurott\n|-supereffective|p2a: Samurott\n|-damage|p2a: Samurott|0 fnt\n|faint|p2a: Samurott\n|\n|upkeep\n|\n|t:|1700427810\n|switch|p2a: Vanilluxe|Vanilluxe, F|100\/100\n|-status|p2a: Vanilluxe|tox\n|-weather|Snow|[from] ability: Snow Warning|[of] p2a: Vanilluxe\n|turn|10\n|\n|t:|1700427825\n|move|p1a: Ogo|Ivy Cudgel|p2a: Vanilluxe|[anim] Ivy Cudgel Water\n|-damage|p2a: Vanilluxe|54\/100 tox\n|move|p2a: Vanilluxe|Blizzard|p1a: Ogo\n|-damage|p1a: Ogo|39\/100\n|\n|-weather|Snow|[upkeep]\n|-damage|p2a: Vanilluxe|48\/100 tox|[from] psn\n|upkeep\n|turn|11\n|\n|t:|1700427832\n|move|p1a: Ogo|Horn Leech|p2a: Vanilluxe\n|-damage|p2a: Vanilluxe|13\/100 tox\n|-heal|p1a: Ogo|59\/100|[from] drain|[of] p2a: Vanilluxe\n|move|p2a: Vanilluxe|Blizzard|p1a: Ogo\n|-damage|p1a: Ogo|0 fnt\n|faint|p1a: Ogo\n|\n|-weather|Snow|[upkeep]\n|-damage|p2a: Vanilluxe|1\/100 tox|[from] psn\n|upkeep\n|\n|t:|1700427839\n|switch|p1a: Rammot|Cinderace, M|100\/100\n|turn|12\n|\n|t:|1700427852\n|move|p1a: Rammot|U-turn|p2a: Vanilluxe\n|-damage|p2a: Vanilluxe|0 fnt\n|faint|p2a: Vanilluxe\n|\n|t:|1700427858\n|switch|p1a: WhatTheDogDoing?|Zamazenta|100\/100|[from] U-turn\n|-ability|p1a: WhatTheDogDoing?|Dauntless Shield|boost\n|-boost|p1a: WhatTheDogDoing?|def|1\n|\n|-weather|Snow|[upkeep]\n|upkeep\n|\n|t:|1700427862\n|switch|p2a: Zeraora|Zeraora|100\/100\n|-status|p2a: Zeraora|tox\n|turn|13\n|\n|t:|1700427868\n|switch|p1a: Zip-Zap-Dos|Zapdos|37\/100\n|move|p2a: Zeraora|Close Combat|p1a: Zip-Zap-Dos\n|-resisted|p1a: Zip-Zap-Dos\n|-damage|p1a: Zip-Zap-Dos|12\/100\n|-unboost|p2a: Zeraora|def|1\n|-unboost|p2a: Zeraora|spd|1\n|-damage|p2a: Zeraora|84\/100 tox|[from] item: Rocky Helmet|[of] p1a: Zip-Zap-Dos\n|-damage|p2a: Zeraora|74\/100 tox|[from] item: Life Orb\n|\n|-weather|Snow|[upkeep]\n|-damage|p2a: Zeraora|68\/100 tox|[from] psn\n|upkeep\n|turn|14\n|\n|t:|1700427878\n|move|p2a: Zeraora|Iron Tail|p1a: Zip-Zap-Dos\n|-resisted|p1a: Zip-Zap-Dos\n|-damage|p1a: Zip-Zap-Dos|0 fnt\n|-damage|p2a: Zeraora|52\/100 tox|[from] item: Rocky Helmet|[of] p1a: Zip-Zap-Dos\n|faint|p1a: Zip-Zap-Dos\n|-damage|p2a: Zeraora|42\/100 tox|[from] item: Life Orb\n|\n|-weather|none\n|-damage|p2a: Zeraora|30\/100 tox|[from] psn\n|upkeep\n|\n|t:|1700427884\n|switch|p1a: Rammot|Cinderace, M|100\/100\n|turn|15\n|\n|t:|1700427892\n|move|p2a: Zeraora|Plasma Fists|p1a: Rammot\n|-damage|p1a: Rammot|28\/100\n|-fieldactivate|move: Ion Deluge\n|-hint|Normal-type moves become Electric-type after using Plasma Fists.\n|-damage|p2a: Zeraora|20\/100 tox|[from] item: Life Orb\n|move|p1a: Rammot|U-turn|p2a: Zeraora\n|-damage|p2a: Zeraora|0 fnt\n|faint|p2a: Zeraora\n|\n|t:|1700427907\n|switch|p1a: Kandula|Donphan, M|100\/100|[from] U-turn\n|\n|upkeep\n|\n|t:|1700427916\n|switch|p2a: Incineroar|Incineroar, M|100\/100\n|-status|p2a: Incineroar|tox\n|-ability|p2a: Incineroar|Intimidate|boost\n|-unboost|p1a: Kandula|atk|1\n|turn|16\n|\n|t:|1700427919\n|move|p1a: Kandula|Earthquake|p2a: Incineroar\n|-supereffective|p2a: Incineroar\n|-damage|p2a: Incineroar|35\/100 tox\n|-zpower|p2a: Incineroar\n|move|p2a: Incineroar|Malicious Moonsault|p1a: Kandula|[zeffect]\n|-damage|p1a: Kandula|10\/100\n|\n|-damage|p2a: Incineroar|29\/100 tox|[from] psn\n|upkeep\n|turn|17\n|\n|t:|1700427933\n|move|p1a: Kandula|Earthquake|p2a: Incineroar\n|-supereffective|p2a: Incineroar\n|-damage|p2a: Incineroar|0 fnt\n|faint|p2a: Incineroar\n|\n|win|RakzoTR\n|raw|RakzoTR's rating: 1149 &rarr; <strong>1169<\/strong><br \/>(+20 for winning)\n|raw|Greenmoosen's rating: 1082 &rarr; <strong>1064<\/strong><br \/>(-18 for losing)\n|l|\u2606Greenmoosen\n","uploadtime":1700429564,"views":4,"p1id":"rakzotr","p2id":"greenmoosen","formatid":"gen9nationaldex","rating":1064,"private":0,"password":""}