{"id":"gen9nationaldex-1998585625","p1":"dicexdxd","p2":"ztgtgggh","format":"[Gen 9] National Dex","log":"|html|<div class=\"broadcast-blue\"><strong>[Gen 9] National Dex is currently suspecting Sneasler! For information on how to participate check out the <a href=\"https:\/\/www.smogon.com\/forums\/threads\/sv-national-dex-suspect-8-just-dance.3731534\/\">suspect thread<\/a>.<\/strong><\/div>\n|j|\u2606dicexdxd\n|j|\u2606ztgtgggh\n|t:|1700959563\n|gametype|singles\n|player|p1|dicexdxd|2|1177\n|player|p2|ztgtgggh|medium-gen2jp|1145\n|teamsize|p1|6\n|teamsize|p2|6\n|gen|9\n|tier|[Gen 9] National Dex\n|rated|\n|rule|HP Percentage Mod: HP is shown in percentages\n|rule|Endless Battle Clause: Forcing endless battles is banned\n|rule|OHKO Clause: OHKO moves are banned\n|rule|Evasion Clause: Evasion abilities, items, and moves are banned\n|rule|Evasion Abilities Clause: Evasion abilities are banned\n|rule|Evasion Items Clause: Evasion items are banned\n|rule|Evasion Moves Clause: Evasion moves are banned\n|rule|Species Clause: Limit one of each Pok\u00e9mon\n|rule|Sleep Clause Mod: Limit one foe put to sleep\n|clearpoke\n|poke|p1|Alomomola, M|\n|poke|p1|Garganacl, M|\n|poke|p1|Ninetales-Alola, F|\n|poke|p1|Corviknight, F|\n|poke|p1|Blissey, F|\n|poke|p1|Blaziken, F|\n|poke|p2|Araquanid, M|\n|poke|p2|Hawlucha, M|\n|poke|p2|Iron Moth|\n|poke|p2|Kartana|\n|poke|p2|Aerodactyl, M|\n|poke|p2|Manaphy|\n|teampreview\n|\n|t:|1700959574\n|start\n|switch|p1a: Ninetales|Ninetales-Alola, F|100\/100\n|switch|p2a: Zsmgesetzter HN|Aerodactyl, M|100\/100\n|-weather|Snow|[from] ability: Snow Warning|[of] p1a: Ninetales\n|turn|1\n|\n|t:|1700959614\n|detailschange|p2a: Zsmgesetzter HN|Aerodactyl-Mega, M\n|-mega|p2a: Zsmgesetzter HN|Aerodactyl|Aerodactylite\n|move|p2a: Zsmgesetzter HN|Taunt|p1a: Ninetales\n|-start|p1a: Ninetales|move: Taunt\n|cant|p1a: Ninetales|move: Taunt|Aurora Veil\n|\n|-weather|Snow|[upkeep]\n|upkeep\n|turn|2\n|inactive|Battle timer is ON: inactive players will automatically lose when time's up. (requested by dicexdxd)\n|\n|t:|1700959630\n|switch|p1a: Garganacl|Garganacl, M|100\/100\n|move|p2a: Zsmgesetzter HN|Dual Wingbeat|p1a: Garganacl\n|-resisted|p1a: Garganacl\n|-damage|p1a: Garganacl|90\/100\n|-resisted|p1a: Garganacl\n|-damage|p1a: Garganacl|79\/100\n|-hitcount|p1a: Garganacl|2\n|\n|-weather|Snow|[upkeep]\n|-heal|p1a: Garganacl|85\/100|[from] item: Leftovers\n|upkeep\n|turn|3\n|\n|t:|1700959633\n|move|p2a: Zsmgesetzter HN|Taunt|p1a: Garganacl\n|-start|p1a: Garganacl|move: Taunt\n|move|p1a: Garganacl|Salt Cure|p2a: Zsmgesetzter HN\n|-supereffective|p2a: Zsmgesetzter HN\n|-damage|p2a: Zsmgesetzter HN|65\/100\n|-start|p2a: Zsmgesetzter HN|Salt Cure\n|\n|-weather|Snow|[upkeep]\n|-heal|p1a: Garganacl|91\/100|[from] item: Leftovers\n|-damage|p2a: Zsmgesetzter HN|52\/100|[from] Salt Cure\n|upkeep\n|turn|4\n|\n|t:|1700959638\n|switch|p1a: Corviknight|Corviknight, F|100\/100\n|-ability|p1a: Corviknight|Pressure\n|move|p2a: Zsmgesetzter HN|Earthquake|p1a: Corviknight\n|-immune|p1a: Corviknight\n|\n|-weather|Snow|[upkeep]\n|-damage|p2a: Zsmgesetzter HN|40\/100|[from] Salt Cure\n|upkeep\n|turn|5\n|\n|t:|1700959642\n|move|p2a: Zsmgesetzter HN|Taunt|p1a: Corviknight\n|-start|p1a: Corviknight|move: Taunt\n|cant|p1a: Corviknight|move: Taunt|Iron Defense\n|\n|-weather|none\n|-damage|p2a: Zsmgesetzter HN|28\/100|[from] Salt Cure\n|upkeep\n|turn|6\n|\n|t:|1700959664\n|move|p2a: Zsmgesetzter HN|Dual Wingbeat|p1a: Corviknight\n|-resisted|p1a: Corviknight\n|-damage|p1a: Corviknight|88\/100\n|-resisted|p1a: Corviknight\n|-damage|p1a: Corviknight|74\/100\n|-hitcount|p1a: Corviknight|2\n|move|p1a: Corviknight|Body Press|p2a: Zsmgesetzter HN\n|-damage|p2a: Zsmgesetzter HN|1\/100\n|\n|-heal|p1a: Corviknight|81\/100|[from] item: Leftovers\n|-damage|p2a: Zsmgesetzter HN|0 fnt|[from] Salt Cure\n|faint|p2a: Zsmgesetzter HN\n|upkeep\n|\n|t:|1700959669\n|switch|p2a: Aghemmor Nakh|Araquanid, M|100\/100\n|turn|7\n|\n|t:|1700959678\n|switch|p1a: Blissey|Blissey, F|100\/100\n|move|p2a: Aghemmor Nakh|Liquidation|p1a: Blissey\n|-damage|p1a: Blissey|44\/100\n|\n|-heal|p1a: Blissey|50\/100|[from] item: Leftovers\n|upkeep\n|turn|8\n|\n|t:|1700959683\n|switch|p1a: Alomomola|Alomomola, M|100\/100\n|move|p2a: Aghemmor Nakh|Liquidation|p1a: Alomomola\n|-resisted|p1a: Alomomola\n|-damage|p1a: Alomomola|82\/100\n|\n|-heal|p1a: Alomomola|89\/100|[from] item: Leftovers\n|upkeep\n|turn|9\n|\n|t:|1700959685\n|move|p2a: Aghemmor Nakh|Magic Coat|p2a: Aghemmor Nakh\n|-singleturn|p2a: Aghemmor Nakh|move: Magic Coat\n|move|p1a: Alomomola|Toxic|p2a: Aghemmor Nakh\n|move|p2a: Aghemmor Nakh|Toxic|p1a: Alomomola|[from]Magic Coat\n|-status|p1a: Alomomola|tox\n|\n|-heal|p1a: Alomomola|95\/100 tox|[from] item: Leftovers\n|-damage|p1a: Alomomola|89\/100 tox|[from] psn\n|upkeep\n|turn|10\n|\n|t:|1700959690\n|move|p2a: Aghemmor Nakh|Magic Coat|p2a: Aghemmor Nakh\n|-singleturn|p2a: Aghemmor Nakh|move: Magic Coat\n|move|p1a: Alomomola|Toxic|p2a: Aghemmor Nakh\n|move|p2a: Aghemmor Nakh|Toxic|p1a: Alomomola|[from]Magic Coat\n|-fail|p1a: Alomomola|tox\n|\n|-heal|p1a: Alomomola|95\/100 tox|[from] item: Leftovers\n|-damage|p1a: Alomomola|82\/100 tox|[from] psn\n|upkeep\n|turn|11\n|\n|t:|1700959696\n|move|p1a: Alomomola|Flip Turn|p2a: Aghemmor Nakh\n|-resisted|p2a: Aghemmor Nakh\n|-damage|p2a: Aghemmor Nakh|92\/100\n|\n|t:|1700959700\n|switch|p1a: Ninetales|Ninetales-Alola, F|100\/100|[from] Flip Turn\n|-weather|Snow|[from] ability: Snow Warning|[of] p1a: Ninetales\n|move|p2a: Aghemmor Nakh|Liquidation|p1a: Ninetales\n|-damage|p1a: Ninetales|30\/100\n|\n|-weather|Snow|[upkeep]\n|upkeep\n|turn|12\n|\n|t:|1700959712\n|move|p1a: Ninetales|Freeze-Dry|p2a: Aghemmor Nakh\n|-supereffective|p2a: Aghemmor Nakh\n|-damage|p2a: Aghemmor Nakh|42\/100\n|move|p2a: Aghemmor Nakh|Sticky Web|p1a: Ninetales\n|-sidestart|p1: dicexdxd|move: Sticky Web\n|\n|-weather|Snow|[upkeep]\n|upkeep\n|turn|13\n|\n|t:|1700959717\n|move|p1a: Ninetales|Aurora Veil|p1a: Ninetales\n|-sidestart|p1: dicexdxd|move: Aurora Veil\n|move|p2a: Aghemmor Nakh|Liquidation|p1a: Ninetales\n|-damage|p1a: Ninetales|0 fnt\n|faint|p1a: Ninetales\n|\n|-weather|Snow|[upkeep]\n|upkeep\n|\n|t:|1700959721\n|switch|p1a: Corviknight|Corviknight, F|81\/100\n|-ability|p1a: Corviknight|Pressure\n|turn|14\n|\n|t:|1700959725\n|switch|p2a: Mottron Prime|Iron Moth|100\/100\n|-enditem|p2a: Mottron Prime|Booster Energy\n|-activate|p2a: Mottron Prime|ability: Quark Drive|[fromitem]\n|-start|p2a: Mottron Prime|quarkdrivespa\n|move|p1a: Corviknight|Defog|p2a: Mottron Prime\n|-unboost|p2a: Mottron Prime|evasion|1\n|-sideend|p1: dicexdxd|Sticky Web|[from] move: Defog|[of] p1a: Corviknight\n|\n|-weather|Snow|[upkeep]\n|-heal|p1a: Corviknight|87\/100|[from] item: Leftovers\n|upkeep\n|turn|15\n|\n|t:|1700959732\n|switch|p1a: Blissey|Blissey, F|50\/100\n|move|p2a: Mottron Prime|Fiery Dance|p1a: Blissey\n|-damage|p1a: Blissey|38\/100\n|\n|-weather|none\n|-heal|p1a: Blissey|44\/100|[from] item: Leftovers\n|upkeep\n|turn|16\n|\n|t:|1700959736\n|-end|p2a: Mottron Prime|Quark Drive|[silent]\n|switch|p2a: Aghemmor Nakh|Araquanid, M|42\/100\n|move|p1a: Blissey|Calm Mind|p1a: Blissey\n|-boost|p1a: Blissey|spa|1\n|-boost|p1a: Blissey|spd|1\n|\n|-heal|p1a: Blissey|50\/100|[from] item: Leftovers\n|upkeep\n|turn|17\n|\n|t:|1700959744\n|switch|p1a: Garganacl|Garganacl, M|91\/100\n|move|p2a: Aghemmor Nakh|Liquidation|p1a: Garganacl\n|-supereffective|p1a: Garganacl\n|-damage|p1a: Garganacl|45\/100\n|\n|-heal|p1a: Garganacl|51\/100|[from] item: Leftovers\n|upkeep\n|turn|18\n|\n|t:|1700959748\n|-terastallize|p1a: Garganacl|Ghost\n|move|p2a: Aghemmor Nakh|Liquidation|p1a: Garganacl\n|-damage|p1a: Garganacl|30\/100\n|move|p1a: Garganacl|Salt Cure|p2a: Aghemmor Nakh\n|-supereffective|p2a: Aghemmor Nakh\n|-damage|p2a: Aghemmor Nakh|16\/100\n|-start|p2a: Aghemmor Nakh|Salt Cure\n|-enditem|p2a: Aghemmor Nakh|Aguav Berry|[eat]\n|-heal|p2a: Aghemmor Nakh|49\/100|[from] item: Aguav Berry\n|\n|-heal|p1a: Garganacl|36\/100|[from] item: Leftovers\n|-damage|p2a: Aghemmor Nakh|24\/100|[from] Salt Cure\n|upkeep\n|turn|19\n|\n|t:|1700959755\n|move|p2a: Aghemmor Nakh|Liquidation|p1a: Garganacl\n|-damage|p1a: Garganacl|15\/100\n|move|p1a: Garganacl|Recover|p1a: Garganacl\n|-heal|p1a: Garganacl|65\/100\n|\n|-heal|p1a: Garganacl|71\/100|[from] item: Leftovers\n|-damage|p2a: Aghemmor Nakh|0 fnt|[from] Salt Cure\n|faint|p2a: Aghemmor Nakh\n|upkeep\n|\n|t:|1700959770\n|switch|p2a: Sekiropfer|Kartana|100\/100\n|turn|20\n|\n|t:|1700959774\n|move|p2a: Sekiropfer|Swords Dance|p2a: Sekiropfer\n|-boost|p2a: Sekiropfer|atk|2\n|move|p1a: Garganacl|Iron Defense|p1a: Garganacl\n|-boost|p1a: Garganacl|def|2\n|\n|-heal|p1a: Garganacl|77\/100|[from] item: Leftovers\n|-sideend|p1: dicexdxd|move: Aurora Veil\n|upkeep\n|turn|21\n|\n|t:|1700959780\n|move|p2a: Sekiropfer|Leaf Blade|p1a: Garganacl\n|-crit|p1a: Garganacl\n|-damage|p1a: Garganacl|0 fnt\n|faint|p1a: Garganacl\n|-ability|p2a: Sekiropfer|Beast Boost|boost\n|-boost|p2a: Sekiropfer|atk|1\n|\n|upkeep\n|\n|t:|1700959786\n|switch|p1a: Blaziken|Blaziken, F|100\/100\n|turn|22\n|\n|t:|1700959794\n|move|p1a: Blaziken|Protect|p1a: Blaziken\n|-singleturn|p1a: Blaziken|Protect\n|move|p2a: Sekiropfer|Sacred Sword|p1a: Blaziken\n|-activate|p1a: Blaziken|move: Protect\n|\n|-ability|p1a: Blaziken|Speed Boost|boost\n|-boost|p1a: Blaziken|spe|1\n|upkeep\n|turn|23\n|\n|t:|1700959804\n|move|p1a: Blaziken|Blaze Kick|p2a: Sekiropfer\n|-supereffective|p2a: Sekiropfer\n|-enditem|p2a: Sekiropfer|Focus Sash\n|-damage|p2a: Sekiropfer|1\/100\n|move|p2a: Sekiropfer|Sacred Sword|p1a: Blaziken\n|-damage|p1a: Blaziken|0 fnt\n|faint|p1a: Blaziken\n|-ability|p2a: Sekiropfer|Beast Boost|boost\n|-boost|p2a: Sekiropfer|atk|1\n|\n|upkeep\n|-message|dicexdxd forfeited.\n|\n|win|ztgtgggh\n|raw|dicexdxd's rating: 1177 &rarr; <strong>1150<\/strong><br \/>(-27 for losing)\n|raw|ztgtgggh's rating: 1145 &rarr; <strong>1172<\/strong><br \/>(+27 for winning)\n|l|\u2606dicexdxd\n","uploadtime":1700959816,"views":3,"p1id":"dicexdxd","p2id":"ztgtgggh","formatid":"gen9nationaldex","rating":1150,"private":0,"password":""}