{"id":"gen9nationaldex-1998057568","p1":"Kuro_xq","p2":"sighz 0-0","format":"[Gen 9] National Dex","log":"|html|<div class=\"broadcast-blue\"><strong>[Gen 9] National Dex is currently suspecting Sneasler! For information on how to participate check out the <a href=\"https:\/\/www.smogon.com\/forums\/threads\/sv-national-dex-suspect-8-just-dance.3731534\/\">suspect thread<\/a>.<\/strong><\/div>\n|j|\u2606Kuro_xq\n|j|\u2606sighz 0-0\n|t:|1700884823\n|gametype|singles\n|player|p1|Kuro_xq|pokekid|1382\n|player|p2|sighz 0-0|may-contest|1307\n|teamsize|p1|6\n|teamsize|p2|6\n|gen|9\n|tier|[Gen 9] National Dex\n|rated|\n|rule|HP Percentage Mod: HP is shown in percentages\n|rule|Endless Battle Clause: Forcing endless battles is banned\n|rule|OHKO Clause: OHKO moves are banned\n|rule|Evasion Clause: Evasion abilities, items, and moves are banned\n|rule|Evasion Abilities Clause: Evasion abilities are banned\n|rule|Evasion Items Clause: Evasion items are banned\n|rule|Evasion Moves Clause: Evasion moves are banned\n|rule|Species Clause: Limit one of each Pok\u00e9mon\n|rule|Sleep Clause Mod: Limit one foe put to sleep\n|clearpoke\n|poke|p1|Beedrill, M|\n|poke|p1|Skarmory, F|\n|poke|p1|Ogerpon, F|\n|poke|p1|Landorus-Therian, M|\n|poke|p1|Tapu Lele|\n|poke|p1|Ditto|\n|poke|p2|Blacephalon|\n|poke|p2|Snorlax, M|\n|poke|p2|Landorus-Therian, M|\n|poke|p2|Victini|\n|poke|p2|Bisharp, M|\n|poke|p2|Diancie|\n|teampreview\n|inactive|Battle timer is ON: inactive players will automatically lose when time's up. (requested by Kuro_xq)\n|\n|t:|1700884836\n|start\n|switch|p1a: Ogerpon|Ogerpon, F|100\/100\n|switch|p2a: Diancie|Diancie|100\/100\n|turn|1\n|\n|t:|1700884844\n|switch|p2a: Landorus|Landorus-Therian, M|100\/100\n|-ability|p2a: Landorus|Intimidate|boost\n|-unboost|p1a: Ogerpon|atk|1\n|-ability|p1a: Ogerpon|Defiant|boost\n|-boost|p1a: Ogerpon|atk|2\n|-enditem|p1a: Ogerpon|Adrenaline Orb\n|-boost|p1a: Ogerpon|spe|1|[from] item: Adrenaline Orb\n|move|p1a: Ogerpon|Ivy Cudgel|p2a: Landorus\n|-damage|p2a: Landorus|51\/100\n|\n|upkeep\n|turn|2\n|\n|t:|1700884858\n|move|p1a: Ogerpon|Swords Dance|p1a: Ogerpon\n|-boost|p1a: Ogerpon|atk|2\n|move|p2a: Landorus|Explosion|p1a: Ogerpon\n|-enditem|p2a: Landorus|Normal Gem|[from] gem\n|-damage|p1a: Ogerpon|0 fnt\n|faint|p2a: Landorus\n|faint|p1a: Ogerpon\n|\n|upkeep\n|\n|t:|1700884870\n|switch|p1a: Beedrill|Beedrill, M|100\/100\n|switch|p2a: Diancie|Diancie|100\/100\n|turn|3\n|\n|t:|1700884874\n|detailschange|p1a: Beedrill|Beedrill-Mega, M\n|-mega|p1a: Beedrill|Beedrill|Beedrillite\n|detailschange|p2a: Diancie|Diancie-Mega\n|-mega|p2a: Diancie|Diancie|Diancite\n|move|p1a: Beedrill|U-turn|p2a: Diancie\n|-resisted|p2a: Diancie\n|-damage|p2a: Diancie|62\/100\n|\n|t:|1700884886\n|switch|p1a: Skarmory|Skarmory, F|100\/100|[from] U-turn\n|move|p2a: Diancie|Diamond Storm|p1a: Skarmory\n|-crit|p1a: Skarmory\n|-damage|p1a: Skarmory|53\/100\n|-boost|p2a: Diancie|def|2\n|\n|upkeep\n|turn|4\n|\n|t:|1700884894\n|switch|p2a: Blacephalon|Blacephalon|100\/100\n|move|p1a: Skarmory|Whirlwind|p2a: Blacephalon\n|drag|p2a: Diancie|Diancie-Mega|62\/100\n|\n|upkeep\n|turn|5\n|\n|t:|1700884901\n|move|p2a: Diancie|Diamond Storm|p1a: Skarmory\n|-damage|p1a: Skarmory|25\/100\n|-boost|p2a: Diancie|def|2\n|move|p1a: Skarmory|Roost|p1a: Skarmory\n|-heal|p1a: Skarmory|75\/100\n|-singleturn|p1a: Skarmory|move: Roost\n|\n|upkeep\n|turn|6\n|\n|t:|1700884906\n|switch|p2a: Blacephalon|Blacephalon|100\/100\n|move|p1a: Skarmory|Roost|p1a: Skarmory\n|-heal|p1a: Skarmory|100\/100\n|-singleturn|p1a: Skarmory|move: Roost\n|\n|upkeep\n|turn|7\n|\n|t:|1700884912\n|move|p2a: Blacephalon|Flamethrower|p1a: Skarmory\n|-supereffective|p1a: Skarmory\n|-ability|p1a: Skarmory|Sturdy\n|-damage|p1a: Skarmory|1\/100\n|move|p1a: Skarmory|Stealth Rock|p2a: Blacephalon\n|-sidestart|p2: sighz 0-0|move: Stealth Rock\n|\n|upkeep\n|turn|8\n|\n|t:|1700884923\n|move|p2a: Blacephalon|Flamethrower|p1a: Skarmory\n|-supereffective|p1a: Skarmory\n|-damage|p1a: Skarmory|0 fnt\n|faint|p1a: Skarmory\n|-ability|p2a: Blacephalon|Beast Boost|boost\n|-boost|p2a: Blacephalon|spa|1\n|\n|upkeep\n|\n|t:|1700884930\n|switch|p1a: Beedrill|Beedrill-Mega, M|100\/100\n|turn|9\n|\n|t:|1700884932\n|move|p2a: Blacephalon|Flamethrower|p1a: Beedrill\n|-supereffective|p1a: Beedrill\n|-damage|p1a: Beedrill|0 fnt\n|faint|p1a: Beedrill\n|-ability|p2a: Blacephalon|Beast Boost|boost\n|-boost|p2a: Blacephalon|spa|1\n|\n|upkeep\n|\n|t:|1700884944\n|switch|p1a: Ditto|Ditto|100\/100\n|-transform|p1a: Ditto|p2a: Blacephalon|[from] ability: Imposter\n|turn|10\n|\n|t:|1700884954\n|switch|p2a: Snorlax|Snorlax, M, shiny|100\/100\n|-damage|p2a: Snorlax|88\/100|[from] Stealth Rock\n|move|p1a: Ditto|Flamethrower|p2a: Snorlax\n|-damage|p2a: Snorlax|67\/100\n|\n|upkeep\n|turn|11\n|\n|t:|1700884966\n|move|p1a: Ditto|Flamethrower|p2a: Snorlax\n|-damage|p2a: Snorlax|42\/100\n|move|p2a: Snorlax|Curse|p2a: Snorlax\n|-unboost|p2a: Snorlax|spe|1\n|-boost|p2a: Snorlax|atk|1\n|-boost|p2a: Snorlax|def|1\n|\n|upkeep\n|turn|12\n|\n|t:|1700884977\n|switch|p1a: Tapu Lele|Tapu Lele|100\/100\n|-fieldstart|move: Psychic Terrain|[from] ability: Psychic Surge|[of] p1a: Tapu Lele\n|move|p2a: Snorlax|Darkest Lariat|p1a: Tapu Lele\n|-crit|p1a: Tapu Lele\n|-damage|p1a: Tapu Lele|31\/100\n|\n|upkeep\n|turn|13\n|\n|t:|1700884981\n|move|p1a: Tapu Lele|Focus Blast|p2a: Snorlax\n|-supereffective|p2a: Snorlax\n|-damage|p2a: Snorlax|0 fnt\n|faint|p2a: Snorlax\n|-damage|p1a: Tapu Lele|21\/100|[from] item: Life Orb\n|\n|upkeep\n|\n|t:|1700884988\n|switch|p2a: Diancie|Diancie-Mega|62\/100\n|-damage|p2a: Diancie|50\/100|[from] Stealth Rock\n|turn|14\n|\n|t:|1700884992\n|move|p2a: Diancie|Moonblast|p1a: Tapu Lele\n|-damage|p1a: Tapu Lele|0 fnt\n|faint|p1a: Tapu Lele\n|\n|upkeep\n|\n|t:|1700884995\n|switch|p1a: Ditto|Ditto|100\/100\n|-transform|p1a: Ditto|p2a: Diancie|[from] ability: Imposter\n|turn|15\n|\n|t:|1700885010\n|move|p1a: Ditto|Earth Power|p2a: Diancie\n|-supereffective|p2a: Diancie\n|-damage|p2a: Diancie|0 fnt\n|faint|p2a: Diancie\n|\n|upkeep\n|\n|t:|1700885021\n|switch|p2a: Bisharp|Bisharp, M|100\/100\n|-damage|p2a: Bisharp|95\/100|[from] Stealth Rock\n|turn|16\n|\n|t:|1700885025\n|-terastallize|p2a: Bisharp|Dark\n|move|p1a: Ditto|Earth Power|p2a: Bisharp\n|-damage|p2a: Bisharp|38\/100\n|move|p2a: Bisharp|Iron Head|p1a: Ditto\n|-supereffective|p1a: Ditto\n|-damage|p1a: Ditto|0 fnt\n|faint|p1a: Ditto\n|-damage|p2a: Bisharp|28\/100|[from] item: Life Orb\n|\n|-fieldend|move: Psychic Terrain\n|upkeep\n|\n|t:|1700885030\n|switch|p1a: Landorus|Landorus-Therian, M|100\/100\n|-ability|p1a: Landorus|Intimidate|boost\n|-unboost|p2a: Bisharp|atk|1\n|-ability|p2a: Bisharp|Defiant|boost\n|-boost|p2a: Bisharp|atk|2\n|turn|17\n|\n|t:|1700885033\n|move|p1a: Landorus|Earthquake|p2a: Bisharp\n|-damage|p2a: Bisharp|0 fnt\n|faint|p2a: Bisharp\n|\n|upkeep\n|\n|t:|1700885036\n|switch|p2a: Victini|Victini|100\/100\n|-damage|p2a: Victini|75\/100|[from] Stealth Rock\n|turn|18\n|\n|t:|1700885040\n|-terastallize|p1a: Landorus|Water\n|move|p2a: Victini|Final Gambit|p1a: Landorus\n|-damage|p1a: Landorus|6\/100\n|faint|p2a: Victini\n|move|p1a: Landorus|Earthquake|p2: Victini|[notarget]\n|-fail|p1a: Landorus\n|\n|-heal|p1a: Landorus|11\/100|[from] item: Leftovers\n|upkeep\n|\n|t:|1700885044\n|switch|p2a: Blacephalon|Blacephalon|100\/100\n|-damage|p2a: Blacephalon|76\/100|[from] Stealth Rock\n|turn|19\n|\n|t:|1700885048\n|move|p2a: Blacephalon|Explosion|p1a: Landorus\n|-damage|p1a: Landorus|0 fnt\n|faint|p2a: Blacephalon\n|faint|p1a: Landorus\n|\n|win|Kuro_xq\n|raw|Kuro_xq's rating: 1382 &rarr; <strong>1398<\/strong><br \/>(+16 for winning)\n|raw|sighz 0-0's rating: 1307 &rarr; <strong>1291<\/strong><br \/>(-16 for losing)\n|c|\u2606sighz 0-0|lol\n|c|\u2606sighz 0-0|gg\n","uploadtime":1700885065,"views":1,"p1id":"kuroxq","p2id":"sighz00","formatid":"gen9nationaldex","rating":1291,"private":0,"password":""}