{"id":"gen9nationaldex-1990370210","p1":"shiyv","p2":"TNTlover","format":"[Gen 9] National Dex","log":"|j|\u203dshiyv\n|j|\u2606TNTlover\n|t:|1699963360\n|gametype|singles\n|player|p1|shiyv|wallace|1545\n|player|p2|TNTlover|170|1579\n|teamsize|p1|6\n|teamsize|p2|6\n|gen|9\n|tier|[Gen 9] National Dex\n|rated|\n|rule|HP Percentage Mod: HP is shown in percentages\n|rule|Endless Battle Clause: Forcing endless battles is banned\n|rule|OHKO Clause: OHKO moves are banned\n|rule|Evasion Clause: Evasion abilities, items, and moves are banned\n|rule|Evasion Abilities Clause: Evasion abilities are banned\n|rule|Evasion Items Clause: Evasion items are banned\n|rule|Evasion Moves Clause: Evasion moves are banned\n|rule|Species Clause: Limit one of each Pok\u00e9mon\n|rule|Sleep Clause Mod: Limit one foe put to sleep\n|clearpoke\n|poke|p1|Iron Valiant|\n|poke|p1|Dragonite, M|\n|poke|p1|Tyranitar, F|\n|poke|p1|Moltres|\n|poke|p1|Volcanion|\n|poke|p1|Glimmora, M|\n|poke|p2|Rillaboom, F|\n|poke|p2|Heatran, M|\n|poke|p2|Urshifu-*, M|\n|poke|p2|Slowking-Galar, F|\n|poke|p2|Thundurus-Therian, M|\n|poke|p2|Weezing-Galar, F|\n|teampreview\n|inactive|Battle timer is ON: inactive players will automatically lose when time's up. (requested by shiyv)\n|inactive|TNTlover has 120 seconds left.\n|\n|t:|1699963412\n|start\n|switch|p1a: Tyranitar|Tyranitar, F|100\/100\n|switch|p2a: Thundurus|Thundurus-Therian, M|100\/100\n|-weather|Sandstorm|[from] ability: Sand Stream|[of] p1a: Tyranitar\n|turn|1\n|\n|t:|1699963426\n|detailschange|p1a: Tyranitar|Tyranitar-Mega, F\n|-mega|p1a: Tyranitar|Tyranitar|Tyranitarite\n|move|p2a: Thundurus|Volt Switch|p1a: Tyranitar\n|-damage|p1a: Tyranitar|80\/100\n|inactive|TNTlover has 120 seconds left.\n|\n|t:|1699963467\n|switch|p2a: Urshifu|Urshifu-Rapid-Strike, M|100\/100|[from] Volt Switch\n|move|p1a: Tyranitar|Knock Off|p2a: Urshifu\n|-resisted|p2a: Urshifu\n|-damage|p2a: Urshifu|68\/100\n|-enditem|p2a: Urshifu|Choice Band|[from] move: Knock Off|[of] p1a: Tyranitar\n|\n|-weather|Sandstorm|[upkeep]\n|-damage|p2a: Urshifu|62\/100|[from] Sandstorm\n|upkeep\n|turn|2\n|\n|t:|1699963480\n|switch|p1a: Moltres|Moltres|100\/100\n|move|p2a: Urshifu|Close Combat|p1a: Moltres\n|-resisted|p1a: Moltres\n|-damage|p1a: Moltres|79\/100\n|-unboost|p2a: Urshifu|def|1\n|-unboost|p2a: Urshifu|spd|1\n|\n|-weather|Sandstorm|[upkeep]\n|-damage|p2a: Urshifu|56\/100|[from] Sandstorm\n|-damage|p1a: Moltres|73\/100|[from] Sandstorm\n|upkeep\n|turn|3\n|\n|t:|1699963486\n|switch|p1a: Volcanion|Volcanion|100\/100\n|move|p2a: Urshifu|Surging Strikes|p1a: Volcanion\n|-immune|p1a: Volcanion|[from] ability: Water Absorb\n|\n|-weather|Sandstorm|[upkeep]\n|-damage|p2a: Urshifu|49\/100|[from] Sandstorm\n|-damage|p1a: Volcanion|94\/100|[from] Sandstorm\n|upkeep\n|turn|4\n|\n|t:|1699963494\n|move|p2a: Urshifu|Surging Strikes|p1a: Volcanion\n|-heal|p1a: Volcanion|100\/100|[from] ability: Water Absorb|[of] p2a: Urshifu\n|move|p1a: Volcanion|Steam Eruption|p2a: Urshifu\n|-resisted|p2a: Urshifu\n|-damage|p2a: Urshifu|0 fnt\n|faint|p2a: Urshifu\n|\n|-weather|Sandstorm|[upkeep]\n|-damage|p1a: Volcanion|94\/100|[from] Sandstorm\n|upkeep\n|inactive|TNTlover has 120 seconds left.\n|\n|t:|1699963523\n|switch|p2a: Thundurus|Thundurus-Therian, M|100\/100\n|turn|5\n|\n|t:|1699963531\n|switch|p1a: Tyranitar|Tyranitar-Mega, F|80\/100\n|move|p2a: Thundurus|Volt Switch|p1a: Tyranitar\n|-damage|p1a: Tyranitar|60\/100\n|\n|t:|1699963534\n|switch|p2a: Rillaboom|Rillaboom, F|100\/100|[from] Volt Switch\n|-fieldstart|move: Grassy Terrain|[from] ability: Grassy Surge|[of] p2a: Rillaboom\n|\n|-weather|none\n|-heal|p1a: Tyranitar|66\/100|[from] Grassy Terrain\n|upkeep\n|turn|6\n|\n|t:|1699963537\n|switch|p1a: Moltres|Moltres|73\/100\n|move|p2a: Rillaboom|Knock Off|p1a: Moltres\n|-damage|p1a: Moltres|36\/100\n|-status|p2a: Rillaboom|brn|[from] ability: Flame Body|[of] p1a: Moltres\n|-enditem|p1a: Moltres|Heavy-Duty Boots|[from] move: Knock Off|[of] p2a: Rillaboom\n|\n|-damage|p2a: Rillaboom|94\/100 brn|[from] brn\n|upkeep\n|turn|7\n|\n|t:|1699963546\n|switch|p2a: Heatran|Heatran, M|100\/100\n|move|p1a: Moltres|Roost|p1a: Moltres\n|-heal|p1a: Moltres|86\/100\n|-singleturn|p1a: Moltres|move: Roost\n|\n|-heal|p1a: Moltres|92\/100|[from] Grassy Terrain\n|upkeep\n|turn|8\n|\n|t:|1699963553\n|move|p1a: Moltres|U-turn|p2a: Heatran\n|-resisted|p2a: Heatran\n|-damage|p2a: Heatran|98\/100\n|\n|t:|1699963559\n|switch|p1a: Glimmora|Glimmora, M|100\/100|[from] U-turn\n|move|p2a: Heatran|Stealth Rock|p1a: Glimmora\n|-sidestart|p1: shiyv|move: Stealth Rock\n|\n|-heal|p2a: Heatran|100\/100|[from] Grassy Terrain\n|upkeep\n|turn|9\n|inactive|TNTlover has 120 seconds left.\n|\n|t:|1699963600\n|move|p1a: Glimmora|Earth Power|p2a: Heatran\n|-supereffective|p2a: Heatran\n|-damage|p2a: Heatran|27\/100\n|move|p2a: Heatran|Earth Power|p1a: Glimmora\n|-supereffective|p1a: Glimmora\n|-enditem|p1a: Glimmora|Focus Sash\n|-damage|p1a: Glimmora|1\/100\n|\n|-heal|p1a: Glimmora|7\/100|[from] Grassy Terrain\n|-heal|p2a: Heatran|33\/100|[from] Grassy Terrain\n|-heal|p2a: Heatran|39\/100|[from] item: Leftovers\n|-fieldend|move: Grassy Terrain\n|upkeep\n|turn|10\n|\n|t:|1699963607\n|switch|p2a: Thundurus|Thundurus-Therian, M|100\/100\n|move|p1a: Glimmora|Power Gem|p2a: Thundurus\n|-supereffective|p2a: Thundurus\n|-damage|p2a: Thundurus|0 fnt\n|faint|p2a: Thundurus\n|\n|upkeep\n|-message|TNTlover forfeited.\n|\n|win|shiyv\n|raw|shiyv's rating: 1545 &rarr; <strong>1567<\/strong><br \/>(+22 for winning)\n|raw|TNTlover's rating: 1579 &rarr; <strong>1557<\/strong><br \/>(-22 for losing)\n|l|\u2606TNTlover\n|l|\u203dshiyv\n|j|\u203dshiyv\n|player|p1|shiyv|wallace\n","uploadtime":1699963672,"views":3,"p1id":"shiyv","p2id":"tntlover","formatid":"gen9nationaldex","rating":1557,"private":0,"password":""}