{"id":"gen9nationaldex-2000100762","p1":"steals many wives","p2":"Amshell","format":"[Gen 9] National Dex","log":"|html|<div class=\"broadcast-blue\"><strong>[Gen 9] National Dex is currently suspecting Sneasler! For information on how to participate check out the <a href=\"https:\/\/www.smogon.com\/forums\/threads\/sv-national-dex-suspect-8-just-dance.3731534\/\">suspect thread<\/a>.<\/strong><\/div>\n|j|\u2606steals many wives\n|j|\u2606Amshell\n|t:|1701154882\n|gametype|singles\n|player|p1|steals many wives|waitress|1146\n|player|p2|Amshell|ethan|1139\n|teamsize|p1|6\n|teamsize|p2|6\n|gen|9\n|tier|[Gen 9] National Dex\n|rated|\n|rule|HP Percentage Mod: HP is shown in percentages\n|rule|Endless Battle Clause: Forcing endless battles is banned\n|rule|OHKO Clause: OHKO moves are banned\n|rule|Evasion Clause: Evasion abilities, items, and moves are banned\n|rule|Evasion Abilities Clause: Evasion abilities are banned\n|rule|Evasion Items Clause: Evasion items are banned\n|rule|Evasion Moves Clause: Evasion moves are banned\n|rule|Species Clause: Limit one of each Pok\u00e9mon\n|rule|Sleep Clause Mod: Limit one foe put to sleep\n|clearpoke\n|poke|p1|Aggron, M|\n|poke|p1|Ferrothorn, M|\n|poke|p1|Goodra-Hisui, F|\n|poke|p1|Celesteela|\n|poke|p1|Heatran, M|\n|poke|p1|Excadrill, M|\n|poke|p2|Typhlosion, M|\n|poke|p2|Togekiss, F|\n|poke|p2|Politoed, M|\n|poke|p2|Umbreon, M|\n|poke|p2|Scizor, M|\n|poke|p2|Tyranitar, M|\n|teampreview\n|inactive|Battle timer is ON: inactive players will automatically lose when time's up. (requested by Amshell)\n|\n|t:|1701154893\n|start\n|switch|p1a: Lego|Ferrothorn, M|100\/100\n|switch|p2a: Politoed|Politoed, M|100\/100\n|-weather|RainDance|[from] ability: Drizzle|[of] p2a: Politoed\n|turn|1\n|\n|t:|1701154902\n|switch|p2a: Typhlosion|Typhlosion, M|100\/100\n|move|p1a: Lego|Stealth Rock|p2a: Typhlosion\n|-sidestart|p2: Amshell|move: Stealth Rock\n|\n|-weather|RainDance|[upkeep]\n|upkeep\n|turn|2\n|\n|t:|1701154913\n|switch|p2a: Politoed|Politoed, M|100\/100\n|-damage|p2a: Politoed|88\/100|[from] Stealth Rock\n|switch|p1a: Team Rocket|Celesteela|100\/100\n|\n|-weather|RainDance|[upkeep]\n|upkeep\n|turn|3\n|\n|t:|1701154923\n|-zpower|p2a: Politoed\n|move|p2a: Politoed|Hydro Vortex|p1a: Team Rocket|[zeffect]\n|-damage|p1a: Team Rocket|37\/100\n|move|p1a: Team Rocket|Leech Seed|p2a: Politoed\n|-start|p2a: Politoed|move: Leech Seed\n|\n|-weather|RainDance|[upkeep]\n|-heal|p1a: Team Rocket|43\/100|[from] item: Leftovers\n|-damage|p2a: Politoed|76\/100|[from] Leech Seed|[of] p1a: Team Rocket\n|-heal|p1a: Team Rocket|54\/100|[silent]\n|upkeep\n|turn|4\n|\n|t:|1701154940\n|switch|p2a: Togekiss|Togekiss, F|100\/100\n|-damage|p2a: Togekiss|76\/100|[from] Stealth Rock\n|move|p1a: Team Rocket|Protect||[still]\n|-fail|p1a: Team Rocket\n|\n|-weather|RainDance|[upkeep]\n|-heal|p2a: Togekiss|82\/100|[from] item: Leftovers\n|-heal|p1a: Team Rocket|60\/100|[from] item: Leftovers\n|upkeep\n|turn|5\n|\n|t:|1701154952\n|move|p2a: Togekiss|Defog|p1a: Team Rocket\n|-unboost|p1a: Team Rocket|evasion|1\n|-sideend|p2: Amshell|Stealth Rock|[from] move: Defog|[of] p2a: Togekiss\n|move|p1a: Team Rocket|Leech Seed|p2a: Togekiss|[miss]\n|-miss|p1a: Team Rocket|p2a: Togekiss\n|\n|-weather|none\n|-heal|p2a: Togekiss|88\/100|[from] item: Leftovers\n|-heal|p1a: Team Rocket|66\/100|[from] item: Leftovers\n|upkeep\n|turn|6\n|\n|t:|1701154964\n|move|p2a: Togekiss|Air Slash|p1a: Team Rocket\n|-resisted|p1a: Team Rocket\n|-damage|p1a: Team Rocket|52\/100\n|cant|p1a: Team Rocket|flinch\n|\n|-heal|p2a: Togekiss|94\/100|[from] item: Leftovers\n|-heal|p1a: Team Rocket|58\/100|[from] item: Leftovers\n|upkeep\n|turn|7\n|\n|t:|1701154975\n|move|p2a: Togekiss|Air Slash|p1a: Team Rocket\n|-resisted|p1a: Team Rocket\n|-damage|p1a: Team Rocket|43\/100\n|cant|p1a: Team Rocket|flinch\n|\n|-heal|p2a: Togekiss|99\/100|[from] item: Leftovers\n|-heal|p1a: Team Rocket|49\/100|[from] item: Leftovers\n|upkeep\n|turn|8\n|\n|t:|1701154986\n|switch|p2a: Typhlosion|Typhlosion, M|100\/100\n|move|p1a: Team Rocket|Protect||[still]\n|-fail|p1a: Team Rocket\n|\n|-heal|p1a: Team Rocket|56\/100|[from] item: Leftovers\n|upkeep\n|turn|9\n|\n|t:|1701154995\n|move|p1a: Team Rocket|Protect|p1a: Team Rocket\n|-singleturn|p1a: Team Rocket|Protect\n|move|p2a: Typhlosion|Flamethrower|p1a: Team Rocket\n|-activate|p1a: Team Rocket|move: Protect\n|\n|-heal|p1a: Team Rocket|62\/100|[from] item: Leftovers\n|upkeep\n|turn|10\n|\n|t:|1701155005\n|switch|p1a: Slag Heap|Heatran, M|100\/100\n|move|p2a: Typhlosion|Flamethrower|p1a: Slag Heap\n|-start|p1a: Slag Heap|ability: Flash Fire\n|\n|upkeep\n|turn|11\n|\n|t:|1701155015\n|switch|p2a: Politoed|Politoed, M|76\/100\n|-weather|RainDance|[from] ability: Drizzle|[of] p2a: Politoed\n|move|p1a: Slag Heap|Earth Power|p2a: Politoed\n|-damage|p2a: Politoed|48\/100\n|\n|-weather|RainDance|[upkeep]\n|upkeep\n|turn|12\n|\n|t:|1701155025\n|-end|p1a: Slag Heap|ability: Flash Fire|[silent]\n|switch|p1a: Team Rocket|Celesteela|62\/100\n|move|p2a: Politoed|Scald|p1a: Team Rocket\n|-damage|p1a: Team Rocket|28\/100\n|\n|-weather|RainDance|[upkeep]\n|-heal|p1a: Team Rocket|34\/100|[from] item: Leftovers\n|upkeep\n|turn|13\n|\n|t:|1701155035\n|move|p1a: Team Rocket|Protect|p1a: Team Rocket\n|-singleturn|p1a: Team Rocket|Protect\n|move|p2a: Politoed|Scald|p1a: Team Rocket\n|-activate|p1a: Team Rocket|move: Protect\n|\n|-weather|RainDance|[upkeep]\n|-heal|p1a: Team Rocket|40\/100|[from] item: Leftovers\n|upkeep\n|turn|14\n|\n|t:|1701155045\n|switch|p1a: Lego|Ferrothorn, M|100\/100\n|move|p2a: Politoed|Scald|p1a: Lego\n|-resisted|p1a: Lego\n|-damage|p1a: Lego|83\/100\n|\n|-weather|RainDance|[upkeep]\n|upkeep\n|turn|15\n|\n|t:|1701155055\n|switch|p2a: Typhlosion|Typhlosion, M|100\/100\n|move|p1a: Lego|Stealth Rock|p2a: Typhlosion\n|-sidestart|p2: Amshell|move: Stealth Rock\n|\n|-weather|none\n|upkeep\n|turn|16\n|\n|t:|1701155067\n|switch|p1a: Team Rocket|Celesteela|40\/100\n|move|p2a: Typhlosion|Flamethrower|p1a: Team Rocket\n|-supereffective|p1a: Team Rocket\n|-damage|p1a: Team Rocket|0 fnt\n|faint|p1a: Team Rocket\n|\n|upkeep\n|\n|t:|1701155074\n|switch|p1a: Drilliam Wallace|Excadrill, M|100\/100\n|-ability|p1a: Drilliam Wallace|Mold Breaker\n|turn|17\n|\n|t:|1701155081\n|move|p1a: Drilliam Wallace|Earthquake|p2a: Typhlosion\n|-supereffective|p2a: Typhlosion\n|-damage|p2a: Typhlosion|0 fnt\n|faint|p2a: Typhlosion\n|\n|upkeep\n|\n|t:|1701155089\n|switch|p2a: Politoed|Politoed, M|48\/100\n|-damage|p2a: Politoed|35\/100|[from] Stealth Rock\n|-weather|RainDance|[from] ability: Drizzle|[of] p2a: Politoed\n|turn|18\n|\n|t:|1701155095\n|move|p1a: Drilliam Wallace|Earthquake|p2a: Politoed\n|-damage|p2a: Politoed|0 fnt\n|faint|p2a: Politoed\n|\n|-weather|RainDance|[upkeep]\n|upkeep\n|\n|t:|1701155103\n|switch|p2a: Togekiss|Togekiss, F|99\/100\n|-damage|p2a: Togekiss|75\/100|[from] Stealth Rock\n|turn|19\n|\n|t:|1701155108\n|move|p1a: Drilliam Wallace|Iron Head|p2a: Togekiss\n|-supereffective|p2a: Togekiss\n|-damage|p2a: Togekiss|0 fnt\n|faint|p2a: Togekiss\n|\n|-weather|RainDance|[upkeep]\n|upkeep\n|-message|Amshell forfeited.\n|\n|win|steals many wives\n|raw|steals many wives's rating: 1146 &rarr; <strong>1170<\/strong><br \/>(+24 for winning)\n|raw|Amshell's rating: 1139 &rarr; <strong>1115<\/strong><br \/>(-24 for losing)\n|l|\u2606Amshell\n","uploadtime":1701155118,"views":1,"p1id":"stealsmanywives","p2id":"amshell","formatid":"gen9nationaldex","rating":1115,"private":0,"password":""}