{"id":"gen9nationaldex-1988219333","p1":"jawjsnsj","p2":"fen yun shi yue","format":"[Gen 9] National Dex","log":"|j|\u2606jawjsnsj\n|j|\u2606fen yun shi yue\n|t:|1699687750\n|gametype|singles\n|player|p1|jawjsnsj|bugcatcher-gen4dp|1114\n|player|p2|fen yun shi yue|blue|1040\n|teamsize|p1|6\n|teamsize|p2|6\n|gen|9\n|tier|[Gen 9] National Dex\n|rated|\n|rule|HP Percentage Mod: HP is shown in percentages\n|rule|Endless Battle Clause: Forcing endless battles is banned\n|rule|OHKO Clause: OHKO moves are banned\n|rule|Evasion Clause: Evasion abilities, items, and moves are banned\n|rule|Evasion Abilities Clause: Evasion abilities are banned\n|rule|Evasion Items Clause: Evasion items are banned\n|rule|Evasion Moves Clause: Evasion moves are banned\n|rule|Species Clause: Limit one of each Pok\u00e9mon\n|rule|Sleep Clause Mod: Limit one foe put to sleep\n|clearpoke\n|poke|p1|Araquanid, M|\n|poke|p1|Scizor, M|\n|poke|p1|Beedrill, F|\n|poke|p1|Centiskorch, M|\n|poke|p1|Garchomp, F|\n|poke|p1|Drifblim, F|\n|poke|p2|Absol, M|\n|poke|p2|Clodsire, M|\n|poke|p2|Corviknight, M|\n|poke|p2|Grimmsnarl, M|\n|poke|p2|Chandelure, F|\n|poke|p2|Hydreigon, M|\n|teampreview\n|inactive|Battle timer is ON: inactive players will automatically lose when time's up. (requested by jawjsnsj)\n|\n|t:|1699687762\n|start\n|switch|p1a: Garchomp|Garchomp, F|100\/100\n|switch|p2a: Clodsire|Clodsire, M|100\/100\n|turn|1\n|\n|t:|1699687773\n|move|p1a: Garchomp|Stealth Rock|p2a: Clodsire\n|-sidestart|p2: fen yun shi yue|move: Stealth Rock\n|move|p2a: Clodsire|Stealth Rock|p1a: Garchomp\n|-sidestart|p1: jawjsnsj|move: Stealth Rock\n|\n|upkeep\n|turn|2\n|\n|t:|1699687780\n|move|p1a: Garchomp|Substitute|p1a: Garchomp\n|-start|p1a: Garchomp|Substitute\n|-damage|p1a: Garchomp|76\/100\n|move|p2a: Clodsire|Toxic||[still]\n|-fail|p2a: Clodsire\n|\n|upkeep\n|turn|3\n|\n|t:|1699687789\n|switch|p2a: Corviknight|Corviknight, M|100\/100\n|-damage|p2a: Corviknight|88\/100|[from] Stealth Rock\n|move|p1a: Garchomp|Dragon Claw|p2a: Corviknight\n|-resisted|p2a: Corviknight\n|-damage|p2a: Corviknight|74\/100\n|-damage|p1a: Garchomp|59\/100|[from] item: Rocky Helmet|[of] p2a: Corviknight\n|\n|upkeep\n|turn|4\n|\n|t:|1699687801\n|move|p1a: Garchomp|Earthquake|p2a: Corviknight\n|-immune|p2a: Corviknight\n|move|p2a: Corviknight|Iron Defense|p2a: Corviknight\n|-boost|p2a: Corviknight|def|2\n|\n|upkeep\n|turn|5\n|\n|t:|1699687814\n|move|p1a: Garchomp|Dragon Claw|p2a: Corviknight\n|-resisted|p2a: Corviknight\n|-damage|p2a: Corviknight|68\/100\n|-damage|p1a: Garchomp|43\/100|[from] item: Rocky Helmet|[of] p2a: Corviknight\n|move|p2a: Corviknight|Iron Defense|p2a: Corviknight\n|-boost|p2a: Corviknight|def|2\n|\n|upkeep\n|turn|6\n|\n|t:|1699687828\n|switch|p1a: Drifblim|Drifblim, F|100\/100\n|-damage|p1a: Drifblim|76\/100|[from] Stealth Rock\n|move|p2a: Corviknight|Iron Defense|p2a: Corviknight\n|-boost|p2a: Corviknight|def|2\n|\n|-status|p1a: Drifblim|brn|[from] item: Flame Orb\n|upkeep\n|turn|7\n|\n|t:|1699687842\n|move|p1a: Drifblim|Trick|p2a: Corviknight\n|-activate|p1a: Drifblim|move: Trick|[of] p2a: Corviknight\n|-item|p2a: Corviknight|Flame Orb|[from] move: Trick\n|-item|p1a: Drifblim|Rocky Helmet|[from] move: Trick\n|move|p2a: Corviknight|Roost|p2a: Corviknight\n|-heal|p2a: Corviknight|100\/100\n|-singleturn|p2a: Corviknight|move: Roost\n|\n|-damage|p1a: Drifblim|70\/100 brn|[from] brn\n|-status|p2a: Corviknight|brn|[from] item: Flame Orb\n|upkeep\n|turn|8\n|\n|t:|1699687862\n|move|p1a: Drifblim|Haze|p1a: Drifblim\n|-clearallboost\n|move|p2a: Corviknight|Roost||[still]\n|-fail|p2a: Corviknight|heal\n|\n|-damage|p1a: Drifblim|63\/100 brn|[from] brn\n|-damage|p2a: Corviknight|94\/100 brn|[from] brn\n|upkeep\n|turn|9\n|\n|t:|1699687881\n|move|p1a: Drifblim|Air Slash|p2a: Corviknight\n|-resisted|p2a: Corviknight\n|-damage|p2a: Corviknight|68\/100 brn\n|move|p2a: Corviknight|U-turn|p1a: Drifblim\n|-resisted|p1a: Drifblim\n|-damage|p1a: Drifblim|61\/100 brn\n|-damage|p2a: Corviknight|52\/100 brn|[from] item: Rocky Helmet|[of] p1a: Drifblim\n|\n|t:|1699687890\n|switch|p2a: Absol|Absol, M|100\/100|[from] U-turn\n|-damage|p2a: Absol|88\/100|[from] Stealth Rock\n|\n|-damage|p1a: Drifblim|55\/100 brn|[from] brn\n|upkeep\n|turn|10\n|\n|t:|1699687901\n|detailschange|p2a: Absol|Absol-Mega, M\n|-mega|p2a: Absol|Absol|Absolite\n|move|p2a: Absol|Knock Off|p1a: Drifblim\n|-supereffective|p1a: Drifblim\n|-damage|p1a: Drifblim|0 fnt\n|-damage|p2a: Absol|71\/100|[from] item: Rocky Helmet|[of] p1a: Drifblim\n|-enditem|p1a: Drifblim|Rocky Helmet|[from] move: Knock Off|[of] p2a: Absol\n|faint|p1a: Drifblim\n|\n|upkeep\n|\n|t:|1699687912\n|switch|p1a: Beedrill|Beedrill, F|100\/100\n|-damage|p1a: Beedrill|75\/100|[from] Stealth Rock\n|turn|11\n|\n|t:|1699687920\n|detailschange|p1a: Beedrill|Beedrill-Mega, F\n|-mega|p1a: Beedrill|Beedrill|Beedrillite\n|move|p2a: Absol|Sucker Punch|p1a: Beedrill\n|-damage|p1a: Beedrill|0 fnt\n|faint|p1a: Beedrill\n|\n|upkeep\n|\n|t:|1699687926\n|switch|p1a: Scizor|Scizor, M|100\/100\n|-damage|p1a: Scizor|88\/100|[from] Stealth Rock\n|turn|12\n|\n|t:|1699687936\n|move|p2a: Absol|Knock Off|p1a: Scizor\n|-damage|p1a: Scizor|33\/100\n|-enditem|p1a: Scizor|Expert Belt|[from] move: Knock Off|[of] p2a: Absol\n|move|p1a: Scizor|Swords Dance|p1a: Scizor\n|-boost|p1a: Scizor|atk|2\n|\n|upkeep\n|turn|13\n|\n|t:|1699687946\n|move|p2a: Absol|Knock Off|p1a: Scizor\n|-damage|p1a: Scizor|0 fnt\n|faint|p1a: Scizor\n|\n|upkeep\n|-message|jawjsnsj forfeited.\n|\n|win|fen yun shi yue\n|raw|jawjsnsj's rating: 1114 &rarr; <strong>1084<\/strong><br \/>(-30 for losing)\n|raw|fen yun shi yue's rating: 1040 &rarr; <strong>1081<\/strong><br \/>(+41 for winning)\n|l|\u2606jawjsnsj\n","uploadtime":1699687956,"views":4,"p1id":"jawjsnsj","p2id":"fenyunshiyue","formatid":"gen9nationaldex","rating":1081,"private":0,"password":""}