{"id":"gen9nationaldex-1998683957","p1":"PyroGaleZX","p2":"tbor2002","format":"[Gen 9] National Dex","log":"|html|<div class=\"broadcast-blue\"><strong>[Gen 9] National Dex is currently suspecting Sneasler! For information on how to participate check out the <a href=\"https:\/\/www.smogon.com\/forums\/threads\/sv-national-dex-suspect-8-just-dance.3731534\/\">suspect thread<\/a>.<\/strong><\/div>\n|j|\u2606PyroGaleZX\n|j|\u2606tbor2002\n|t:|1700972118\n|gametype|singles\n|player|p1|PyroGaleZX|grusha|\n|player|p2|tbor2002|wattson|\n|teamsize|p1|6\n|teamsize|p2|6\n|gen|9\n|tier|[Gen 9] National Dex\n|rule|HP Percentage Mod: HP is shown in percentages\n|rule|Endless Battle Clause: Forcing endless battles is banned\n|rule|OHKO Clause: OHKO moves are banned\n|rule|Evasion Clause: Evasion abilities, items, and moves are banned\n|rule|Evasion Abilities Clause: Evasion abilities are banned\n|rule|Evasion Items Clause: Evasion items are banned\n|rule|Evasion Moves Clause: Evasion moves are banned\n|rule|Species Clause: Limit one of each Pok\u00e9mon\n|rule|Sleep Clause Mod: Limit one foe put to sleep\n|clearpoke\n|poke|p1|Gyarados, F|\n|poke|p1|Arcanine, M|\n|poke|p1|Spiritomb, F|\n|poke|p1|Luxio, M|\n|poke|p1|Articuno-Galar|\n|poke|p1|Dragonite, F|\n|poke|p2|Zamazenta-*|\n|poke|p2|Goodra-Hisui, F|\n|poke|p2|Jolteon, F|\n|poke|p2|Eelektross, M|\n|poke|p2|Crabominable, F|\n|poke|p2|Mareanie, L5, F|\n|teampreview\n|\n|t:|1700972167\n|start\n|switch|p1a: Other Gun|Articuno-Galar|100\/100\n|switch|p2a: Eelektross|Eelektross, M|100\/100\n|turn|1\n|\n|t:|1700972178\n|switch|p1a: Mini Gun?|Luxio, M|100\/100\n|-ability|p1a: Mini Gun?|Intimidate|boost\n|-unboost|p2a: Eelektross|atk|1\n|move|p2a: Eelektross|Discharge|p1a: Mini Gun?\n|-resisted|p1a: Mini Gun?\n|-damage|p1a: Mini Gun?|86\/100\n|\n|upkeep\n|turn|2\n|\n|t:|1700972191\n|move|p1a: Mini Gun?|Ice Fang|p2a: Eelektross\n|-damage|p2a: Eelektross|87\/100\n|move|p2a: Eelektross|Dragon Tail|p1a: Mini Gun?\n|-damage|p1a: Mini Gun?|75\/100\n|drag|p1a: Water Gun|Gyarados, F|100\/100\n|-ability|p1a: Water Gun|Intimidate|boost\n|-unboost|p2a: Eelektross|atk|1\n|\n|upkeep\n|turn|3\n|\n|t:|1700972211\n|switch|p1a: Shameful Gun|Arcanine, M|100\/100\n|-ability|p1a: Shameful Gun|Intimidate|boost\n|-unboost|p2a: Eelektross|atk|1\n|move|p2a: Eelektross|Discharge|p1a: Shameful Gun\n|-damage|p1a: Shameful Gun|67\/100\n|\n|upkeep\n|turn|4\n|\n|t:|1700972231\n|move|p1a: Shameful Gun|Flare Blitz|p2a: Eelektross\n|-damage|p2a: Eelektross|28\/100\n|-damage|p1a: Shameful Gun|44\/100|[from] Recoil\n|move|p2a: Eelektross|U-turn|p1a: Shameful Gun\n|-resisted|p1a: Shameful Gun\n|-damage|p1a: Shameful Gun|39\/100\n|\n|t:|1700972297\n|switch|p2a: Goodra|Goodra-Hisui, F|100\/100|[from] U-turn\n|\n|upkeep\n|turn|5\n|\n|t:|1700972315\n|switch|p1a: Mini Gun?|Luxio, M|75\/100\n|-ability|p1a: Mini Gun?|Intimidate|boost\n|-unboost|p2a: Goodra|atk|1\n|move|p2a: Goodra|Draco Meteor|p1a: Mini Gun?\n|-damage|p1a: Mini Gun?|5\/100\n|-unboost|p2a: Goodra|spa|2\n|\n|upkeep\n|turn|6\n|\n|t:|1700972326\n|switch|p2a: Eelektross|Eelektross, M|28\/100\n|move|p1a: Mini Gun?|Thunder Wave|p2a: Eelektross\n|-immune|p2a: Eelektross\n|\n|upkeep\n|turn|7\n|\n|t:|1700972333\n|move|p1a: Mini Gun?|Ice Fang|p2a: Eelektross\n|-damage|p2a: Eelektross|13\/100\n|-status|p2a: Eelektross|frz\n|cant|p2a: Eelektross|frz\n|\n|upkeep\n|turn|8\n|\n|t:|1700972340\n|move|p1a: Mini Gun?|Ice Fang|p2a: Eelektross\n|-damage|p2a: Eelektross|0 fnt\n|faint|p2a: Eelektross\n|\n|upkeep\n|\n|t:|1700972349\n|switch|p2a: Jolteon|Jolteon, F|100\/100\n|turn|9\n|\n|t:|1700972360\n|move|p2a: Jolteon|Thunderbolt|p1a: Mini Gun?\n|-resisted|p1a: Mini Gun?\n|-damage|p1a: Mini Gun?|0 fnt\n|faint|p1a: Mini Gun?\n|\n|upkeep\n|\n|t:|1700972366\n|switch|p1a: Not Gun|Spiritomb, F, shiny|100\/100\n|-ability|p1a: Not Gun|Pressure\n|turn|10\n|\n|t:|1700972387\n|move|p2a: Jolteon|Volt Switch|p1a: Not Gun\n|-damage|p1a: Not Gun|74\/100\n|\n|t:|1700972389\n|switch|p2a: Goodra|Goodra-Hisui, F|100\/100|[from] Volt Switch\n|move|p1a: Not Gun|Trick Room|p1a: Not Gun\n|-fieldstart|move: Trick Room|[of] p1a: Not Gun\n|\n|upkeep\n|turn|11\n|\n|t:|1700972415\n|move|p1a: Not Gun|Foul Play|p2a: Goodra\n|-damage|p2a: Goodra|68\/100\n|move|p2a: Goodra|Flash Cannon|p1a: Not Gun\n|-damage|p1a: Not Gun|41\/100\n|\n|-heal|p2a: Goodra|74\/100|[from] item: Leftovers\n|upkeep\n|turn|12\n|\n|t:|1700972428\n|move|p1a: Not Gun|Destiny Bond|p1a: Not Gun\n|-singlemove|p1a: Not Gun|Destiny Bond\n|move|p2a: Goodra|Draco Meteor|p1a: Not Gun\n|-damage|p1a: Not Gun|0 fnt\n|-unboost|p2a: Goodra|spa|2\n|faint|p1a: Not Gun\n|-activate|p1a: Not Gun|move: Destiny Bond\n|faint|p2a: Goodra\n|\n|upkeep\n|\n|t:|1700972437\n|switch|p1a: Shameful Gun|Arcanine, M|39\/100\n|switch|p2a: Mareanie|Mareanie, L5, F|100\/100\n|-ability|p1a: Shameful Gun|Intimidate|boost\n|-unboost|p2a: Mareanie|atk|1\n|turn|13\n|\n|t:|1700972446\n|switch|p1a: Water Gun|Gyarados, F|100\/100\n|-ability|p1a: Water Gun|Intimidate|boost\n|-unboost|p2a: Mareanie|atk|1\n|-terastallize|p2a: Mareanie|Ghost\n|move|p2a: Mareanie|Surf|p1a: Water Gun\n|-resisted|p1a: Water Gun\n|-damage|p1a: Water Gun|99\/100\n|\n|upkeep\n|turn|14\n|\n|t:|1700972459\n|move|p2a: Mareanie|Sludge Bomb|p1a: Water Gun\n|-damage|p1a: Water Gun|99\/100\n|-status|p1a: Water Gun|psn\n|move|p1a: Water Gun|Taunt|p2a: Mareanie\n|-start|p2a: Mareanie|move: Taunt\n|\n|-damage|p1a: Water Gun|88\/100 psn|[from] psn\n|-fieldend|move: Trick Room\n|upkeep\n|turn|15\n|\n|t:|1700972474\n|move|p1a: Water Gun|Dragon Dance|p1a: Water Gun\n|-boost|p1a: Water Gun|atk|1\n|-boost|p1a: Water Gun|spe|1\n|move|p2a: Mareanie|Sludge Bomb|p1a: Water Gun\n|-damage|p1a: Water Gun|87\/100 psn\n|\n|-damage|p1a: Water Gun|75\/100 psn|[from] psn\n|upkeep\n|turn|16\n|\n|t:|1700972482\n|move|p1a: Water Gun|Waterfall|p2a: Mareanie\n|-damage|p2a: Mareanie|0 fnt\n|faint|p2a: Mareanie\n|-damage|p1a: Water Gun|65\/100 psn|[from] item: Life Orb\n|\n|-damage|p1a: Water Gun|52\/100 psn|[from] psn\n|upkeep\n|\n|t:|1700972489\n|switch|p2a: Jolteon|Jolteon, F|100\/100\n|turn|17\n|\n|t:|1700972496\n|move|p2a: Jolteon|Thunderbolt|p1a: Water Gun\n|-supereffective|p1a: Water Gun\n|-damage|p1a: Water Gun|0 fnt\n|faint|p1a: Water Gun\n|\n|upkeep\n|\n|t:|1700972503\n|switch|p1a: Gun|Dragonite, F|100\/100\n|turn|18\n|\n|t:|1700972540\n|-terastallize|p1a: Gun|Normal\n|move|p2a: Jolteon|Volt Switch|p1a: Gun\n|-crit|p1a: Gun\n|-damage|p1a: Gun|76\/100\n|\n|t:|1700972544\n|switch|p2a: Crabominable|Crabominable, F|100\/100|[from] Volt Switch\n|move|p1a: Gun|Dragon Dance|p1a: Gun\n|-boost|p1a: Gun|atk|1\n|-boost|p1a: Gun|spe|1\n|\n|upkeep\n|turn|19\n|\n|t:|1700972627\n|move|p1a: Gun|Scale Shot|p2a: Crabominable\n|-damage|p2a: Crabominable|77\/100\n|-damage|p2a: Crabominable|51\/100\n|-damage|p2a: Crabominable|29\/100\n|-damage|p2a: Crabominable|6\/100\n|-hitcount|p2a: Crabominable|4\n|-unboost|p1a: Gun|def|1\n|-boost|p1a: Gun|spe|1\n|move|p2a: Crabominable|Drain Punch|p1a: Gun\n|-supereffective|p1a: Gun\n|-damage|p1a: Gun|0 fnt\n|-heal|p2a: Crabominable|36\/100|[from] drain|[of] p1a: Gun\n|faint|p1a: Gun\n|\n|upkeep\n|\n|t:|1700972636\n|switch|p1a: Shameful Gun|Arcanine, M|39\/100\n|-ability|p1a: Shameful Gun|Intimidate|boost\n|-unboost|p2a: Crabominable|atk|1\n|turn|20\n|\n|t:|1700972647\n|move|p1a: Shameful Gun|Flare Blitz|p2a: Crabominable\n|-supereffective|p2a: Crabominable\n|-damage|p2a: Crabominable|0 fnt\n|faint|p2a: Crabominable\n|-damage|p1a: Shameful Gun|24\/100|[from] Recoil\n|\n|upkeep\n|\n|t:|1700972657\n|switch|p2a: Jolteon|Jolteon, F|100\/100\n|turn|21\n|\n|t:|1700972661\n|move|p1a: Shameful Gun|Flare Blitz|p2a: Jolteon\n|-damage|p2a: Jolteon|0 fnt\n|faint|p2a: Jolteon\n|-damage|p1a: Shameful Gun|0 fnt|[from] Recoil\n|faint|p1a: Shameful Gun\n|\n|upkeep\n|\n|t:|1700972671\n|switch|p2a: Zamazenta|Zamazenta, shiny|100\/100\n|switch|p1a: Other Gun|Articuno-Galar|100\/100\n|-ability|p2a: Zamazenta|Dauntless Shield|boost\n|-boost|p2a: Zamazenta|def|1\n|turn|22\n|\n|t:|1700972685\n|move|p2a: Zamazenta|Crunch|p1a: Other Gun\n|-supereffective|p1a: Other Gun\n|-damage|p1a: Other Gun|56\/100\n|-unboost|p1a: Other Gun|def|1\n|-ability|p1a: Other Gun|Competitive|boost\n|-boost|p1a: Other Gun|spa|2\n|move|p1a: Other Gun|Agility|p1a: Other Gun\n|-boost|p1a: Other Gun|spe|2\n|\n|-heal|p1a: Other Gun|62\/100|[from] item: Leftovers\n|upkeep\n|turn|23\n|\n|t:|1700972695\n|move|p1a: Other Gun|Stored Power|p2a: Zamazenta\n|-supereffective|p2a: Zamazenta\n|-damage|p2a: Zamazenta|0 fnt\n|faint|p2a: Zamazenta\n|\n|win|PyroGaleZX\n","uploadtime":1700972699,"views":1,"p1id":"pyrogalezx","p2id":"tbor2002","formatid":"gen9nationaldex","rating":0,"private":0,"password":""}