{"id":"gen9nationaldex-1992089923","p1":"Emperor005","p2":"Greytronius","format":"[Gen 9] National Dex","log":"|j|\u2606Emperor005\n|j|\u2606Greytronius\n|t:|1700154223\n|gametype|singles\n|player|p1|Emperor005|cynthia|1143\n|player|p2|Greytronius|lucas-gen4pt|1042\n|teamsize|p1|6\n|teamsize|p2|6\n|gen|9\n|tier|[Gen 9] National Dex\n|rated|\n|rule|HP Percentage Mod: HP is shown in percentages\n|rule|Endless Battle Clause: Forcing endless battles is banned\n|rule|OHKO Clause: OHKO moves are banned\n|rule|Evasion Clause: Evasion abilities, items, and moves are banned\n|rule|Evasion Abilities Clause: Evasion abilities are banned\n|rule|Evasion Items Clause: Evasion items are banned\n|rule|Evasion Moves Clause: Evasion moves are banned\n|rule|Species Clause: Limit one of each Pok\u00e9mon\n|rule|Sleep Clause Mod: Limit one foe put to sleep\n|clearpoke\n|poke|p1|Gliscor, F|\n|poke|p1|Espeon, F|\n|poke|p1|Scizor, M|\n|poke|p1|Cloyster, F|\n|poke|p1|Volcarona, M|\n|poke|p1|Decidueye, F|\n|poke|p2|Gallade, M|\n|poke|p2|Shuckle, M|\n|poke|p2|Quagsire, M|\n|poke|p2|Aegislash, M|\n|poke|p2|Skeledirge, M|\n|poke|p2|Bellibolt, M|\n|teampreview\n|\n|t:|1700154232\n|start\n|switch|p1a: Gliscor|Gliscor, F|100\/100\n|switch|p2a: Derp|Quagsire, M|100\/100\n|turn|1\n|\n|t:|1700154239\n|move|p1a: Gliscor|Stealth Rock|p2a: Derp\n|-sidestart|p2: Greytronius|move: Stealth Rock\n|move|p2a: Derp|Ice Punch|p1a: Gliscor\n|-supereffective|p1a: Gliscor\n|-damage|p1a: Gliscor|49\/100\n|\n|-status|p1a: Gliscor|tox|[from] item: Toxic Orb\n|upkeep\n|turn|2\n|\n|t:|1700154255\n|move|p1a: Gliscor|Spikes|p2a: Derp\n|-sidestart|p2: Greytronius|Spikes\n|move|p2a: Derp|Ice Punch|p1a: Gliscor\n|-supereffective|p1a: Gliscor\n|-damage|p1a: Gliscor|0 fnt\n|faint|p1a: Gliscor\n|\n|upkeep\n|\n|t:|1700154274\n|switch|p1a: Cloyster|Cloyster, F|100\/100\n|turn|3\n|\n|t:|1700154280\n|move|p1a: Cloyster|Shell Smash|p1a: Cloyster\n|-unboost|p1a: Cloyster|def|1\n|-unboost|p1a: Cloyster|spd|1\n|-boost|p1a: Cloyster|atk|2\n|-boost|p1a: Cloyster|spa|2\n|-boost|p1a: Cloyster|spe|2\n|move|p2a: Derp|Earthquake|p1a: Cloyster\n|-damage|p1a: Cloyster|72\/100\n|\n|upkeep\n|turn|4\n|inactive|Battle timer is ON: inactive players will automatically lose when time's up. (requested by Emperor005)\n|\n|t:|1700154294\n|move|p1a: Cloyster|Icicle Spear|p2a: Derp\n|-damage|p2a: Derp|94\/100\n|-damage|p2a: Derp|87\/100\n|-damage|p2a: Derp|80\/100\n|-damage|p2a: Derp|73\/100\n|-damage|p2a: Derp|66\/100\n|-hitcount|p2a: Derp|5\n|move|p2a: Derp|Yawn|p1a: Cloyster\n|-start|p1a: Cloyster|move: Yawn|[of] p2a: Derp\n|\n|upkeep\n|turn|5\n|\n|t:|1700154318\n|switch|p1a: Decidueye|Decidueye, F|100\/100\n|move|p2a: Derp|Ice Punch|p1a: Decidueye\n|-supereffective|p1a: Decidueye\n|-damage|p1a: Decidueye|57\/100\n|\n|upkeep\n|turn|6\n|\n|t:|1700154329\n|-terastallize|p2a: Derp|Ice\n|move|p1a: Decidueye|Leaf Blade|p2a: Derp\n|-crit|p2a: Derp\n|-damage|p2a: Derp|20\/100\n|-damage|p1a: Decidueye|40\/100|[from] item: Rocky Helmet|[of] p2a: Derp\n|move|p2a: Derp|Ice Punch|p1a: Decidueye\n|-supereffective|p1a: Decidueye\n|-damage|p1a: Decidueye|0 fnt\n|faint|p1a: Decidueye\n|\n|upkeep\n|\n|t:|1700154343\n|switch|p1a: Scizor|Scizor, M|100\/100\n|turn|7\n|\n|t:|1700154350\n|detailschange|p1a: Scizor|Scizor-Mega, M\n|-mega|p1a: Scizor|Scizor|Scizorite\n|move|p1a: Scizor|Bullet Punch|p2a: Derp\n|-supereffective|p2a: Derp\n|-damage|p2a: Derp|0 fnt\n|-damage|p1a: Scizor|84\/100|[from] item: Rocky Helmet|[of] p2a: Derp\n|faint|p2a: Derp\n|\n|upkeep\n|\n|t:|1700154360\n|switch|p2a: Applegator|Skeledirge, M|100\/100\n|-damage|p2a: Applegator|76\/100|[from] Stealth Rock\n|-damage|p2a: Applegator|63\/100|[from] Spikes\n|turn|8\n|\n|t:|1700154375\n|switch|p1a: Cloyster|Cloyster, F|72\/100\n|move|p2a: Applegator|Torch Song|p1a: Cloyster\n|-damage|p1a: Cloyster|0 fnt\n|-boost|p2a: Applegator|spa|1\n|faint|p1a: Cloyster\n|\n|upkeep\n|inactive|Emperor005 has 120 seconds left.\n|\n|t:|1700154399\n|switch|p1a: Espeon|Espeon, F|100\/100\n|turn|9\n|\n|t:|1700154405\n|move|p1a: Espeon|Toxic|p2a: Applegator\n|-status|p2a: Applegator|tox\n|move|p2a: Applegator|Shadow Ball|p1a: Espeon\n|-supereffective|p1a: Espeon\n|-enditem|p1a: Espeon|Focus Sash\n|-damage|p1a: Espeon|1\/100\n|\n|-damage|p2a: Applegator|57\/100 tox|[from] psn\n|upkeep\n|turn|10\n|inactive|Emperor005 has 120 seconds left.\n|\n|t:|1700154424\n|move|p1a: Espeon|Psychic|p2a: Applegator\n|-damage|p2a: Applegator|9\/100 tox\n|move|p2a: Applegator|Torch Song|p1a: Espeon\n|-damage|p1a: Espeon|0 fnt\n|-boost|p2a: Applegator|spa|1\n|faint|p1a: Espeon\n|\n|-damage|p2a: Applegator|0 fnt|[from] psn\n|faint|p2a: Applegator\n|upkeep\n|inactive|Emperor005 has 120 seconds left.\n|\n|t:|1700154440\n|switch|p1a: Volcarona|Volcarona, M|100\/100\n|switch|p2a: Shuckie|Shuckle, M|100\/100\n|turn|11\n|inactive|Emperor005 has 120 seconds left.\n|\n|t:|1700154452\n|switch|p2a: Ion|Bellibolt, M|100\/100\n|-damage|p2a: Ion|88\/100|[from] Stealth Rock\n|-damage|p2a: Ion|76\/100|[from] Spikes\n|move|p1a: Volcarona|Quiver Dance|p1a: Volcarona\n|-boost|p1a: Volcarona|spa|1\n|-boost|p1a: Volcarona|spd|1\n|-boost|p1a: Volcarona|spe|1\n|\n|upkeep\n|turn|12\n|inactive|Emperor005 has 120 seconds left.\n|\n|t:|1700154466\n|move|p1a: Volcarona|Quiver Dance|p1a: Volcarona\n|-boost|p1a: Volcarona|spa|1\n|-boost|p1a: Volcarona|spd|1\n|-boost|p1a: Volcarona|spe|1\n|move|p2a: Ion|Thunder Wave|p1a: Volcarona\n|-status|p1a: Volcarona|par\n|\n|upkeep\n|turn|13\n|\n|t:|1700154475\n|move|p1a: Volcarona|Fiery Dance|p2a: Ion\n|-damage|p2a: Ion|9\/100\n|-start|p2a: Ion|Charge|Fiery Dance|[from] ability: Electromorphosis\n|move|p2a: Ion|Parabolic Charge|p1a: Volcarona\n|-damage|p1a: Volcarona|67\/100 par\n|-heal|p2a: Ion|23\/100|[from] drain|[of] p1a: Volcarona\n|-end|p2a: Ion|Charge|[silent]\n|\n|-heal|p1a: Volcarona|73\/100 par|[from] item: Leftovers\n|upkeep\n|turn|14\n|\n|t:|1700154487\n|cant|p1a: Volcarona|par\n|move|p2a: Ion|Parabolic Charge|p1a: Volcarona\n|-damage|p1a: Volcarona|56\/100 par\n|-heal|p2a: Ion|30\/100|[from] drain|[of] p1a: Volcarona\n|\n|-heal|p1a: Volcarona|62\/100 par|[from] item: Leftovers\n|upkeep\n|turn|15\n|\n|t:|1700154496\n|move|p1a: Volcarona|Fiery Dance|p2a: Ion\n|-damage|p2a: Ion|0 fnt\n|faint|p2a: Ion\n|\n|-heal|p1a: Volcarona|68\/100 par|[from] item: Leftovers\n|upkeep\n|\n|t:|1700154510\n|switch|p2a: Blade|Gallade, M|100\/100\n|-damage|p2a: Blade|94\/100|[from] Stealth Rock\n|-damage|p2a: Blade|82\/100|[from] Spikes\n|turn|16\n|\n|t:|1700154522\n|cant|p1a: Volcarona|par\n|move|p2a: Blade|Sacred Sword|p1a: Volcarona\n|-resisted|p1a: Volcarona\n|-damage|p1a: Volcarona|26\/100 par\n|\n|-heal|p1a: Volcarona|32\/100 par|[from] item: Leftovers\n|upkeep\n|turn|17\n|\n|t:|1700154531\n|move|p1a: Volcarona|Bug Buzz|p2a: Blade\n|-damage|p2a: Blade|0 fnt\n|faint|p2a: Blade\n|\n|-heal|p1a: Volcarona|38\/100 par|[from] item: Leftovers\n|upkeep\n|\n|t:|1700154537\n|switch|p2a: Slash|Aegislash, M|100\/100\n|-damage|p2a: Slash|94\/100|[from] Stealth Rock\n|-damage|p2a: Slash|82\/100|[from] Spikes\n|turn|18\n|\n|t:|1700154545\n|cant|p1a: Volcarona|par\n|-formechange|p2a: Slash|Aegislash-Blade||[from] ability: Stance Change\n|move|p2a: Slash|Iron Head|p1a: Volcarona\n|-resisted|p1a: Volcarona\n|-damage|p1a: Volcarona|8\/100 par\n|\n|-heal|p1a: Volcarona|14\/100 par|[from] item: Leftovers\n|-heal|p2a: Slash|88\/100|[from] item: Leftovers\n|upkeep\n|turn|19\n|\n|t:|1700154556\n|cant|p1a: Volcarona|par\n|move|p2a: Slash|Iron Head|p1a: Volcarona\n|-resisted|p1a: Volcarona\n|-damage|p1a: Volcarona|0 fnt\n|faint|p1a: Volcarona\n|\n|-heal|p2a: Slash|94\/100|[from] item: Leftovers\n|upkeep\n|\n|t:|1700154565\n|switch|p1a: Scizor|Scizor-Mega, M|84\/100\n|turn|20\n|\n|t:|1700154573\n|-formechange|p2a: Slash|Aegislash||[from] ability: Stance Change\n|move|p2a: Slash|King's Shield|p2a: Slash\n|-singleturn|p2a: Slash|Protect\n|move|p1a: Scizor|Swords Dance|p1a: Scizor\n|-boost|p1a: Scizor|atk|2\n|\n|-heal|p2a: Slash|100\/100|[from] item: Leftovers\n|upkeep\n|turn|21\n|\n|t:|1700154584\n|move|p1a: Scizor|Swords Dance|p1a: Scizor\n|-boost|p1a: Scizor|atk|2\n|-formechange|p2a: Slash|Aegislash-Blade||[from] ability: Stance Change\n|move|p2a: Slash|Shadow Claw|p1a: Scizor\n|-damage|p1a: Scizor|53\/100\n|\n|upkeep\n|turn|22\n|\n|t:|1700154597\n|move|p1a: Scizor|Bullet Punch|p2a: Slash\n|-resisted|p2a: Slash\n|-damage|p2a: Slash|18\/100\n|move|p2a: Slash|Shadow Claw|p1a: Scizor\n|-damage|p1a: Scizor|22\/100\n|\n|-heal|p2a: Slash|24\/100|[from] item: Leftovers\n|upkeep\n|turn|23\n|\n|t:|1700154606\n|-formechange|p2a: Slash|Aegislash||[from] ability: Stance Change\n|move|p2a: Slash|King's Shield|p2a: Slash\n|-singleturn|p2a: Slash|Protect\n|move|p1a: Scizor|Bullet Punch|p2a: Slash\n|-activate|p2a: Slash|move: Protect\n|-unboost|p1a: Scizor|atk|1\n|\n|-heal|p2a: Slash|30\/100|[from] item: Leftovers\n|upkeep\n|turn|24\n|\n|t:|1700154618\n|move|p1a: Scizor|Bullet Punch|p2a: Slash\n|-resisted|p2a: Slash\n|-damage|p2a: Slash|0 fnt\n|faint|p2a: Slash\n|\n|upkeep\n|\n|t:|1700154622\n|switch|p2a: Shuckie|Shuckle, M|100\/100\n|turn|25\n|\n|t:|1700154627\n|move|p1a: Scizor|Bullet Punch|p2a: Shuckie\n|-supereffective|p2a: Shuckie\n|-ability|p2a: Shuckie|Sturdy\n|-damage|p2a: Shuckie|1\/100\n|move|p2a: Shuckie|Power Split|p1a: Scizor\n|-activate|p2a: Shuckie|move: Power Split|[of] p1a: Scizor\n|\n|upkeep\n|turn|26\n|\n|t:|1700154636\n|move|p1a: Scizor|Bullet Punch|p2a: Shuckie\n|-supereffective|p2a: Shuckie\n|-damage|p2a: Shuckie|0 fnt\n|faint|p2a: Shuckie\n|\n|win|Emperor005\n|raw|Emperor005's rating: 1143 &rarr; <strong>1161<\/strong><br \/>(+18 for winning)\n|raw|Greytronius's rating: 1042 &rarr; <strong>1030<\/strong><br \/>(-12 for losing)\n|c|\u2606Greytronius|gg\n|l|\u2606Greytronius\n|c|\u2606Emperor005|Thanks\n|l|\u2606Emperor005\n|j|\u2606Greytronius\n|player|p2|Greytronius|lucas-gen4pt\n","uploadtime":1700154681,"views":12,"p1id":"emperor005","p2id":"greytronius","formatid":"gen9nationaldex","rating":1030,"private":0,"password":""}