{"id":"gen9nationaldex-1998615996","p1":"TPD JOHTO","p2":"jkljlkh","format":"[Gen 9] National Dex","log":"|html|<div class=\"broadcast-blue\"><strong>[Gen 9] National Dex is currently suspecting Sneasler! For information on how to participate check out the <a href=\"https:\/\/www.smogon.com\/forums\/threads\/sv-national-dex-suspect-8-just-dance.3731534\/\">suspect thread<\/a>.<\/strong><\/div>\n|j|\u2606TPD JOHTO\n|j|\u2606jkljlkh\n|t:|1700963341\n|gametype|singles\n|player|p1|TPD JOHTO|drayden|1647\n|player|p2|jkljlkh|169|1879\n|teamsize|p1|6\n|teamsize|p2|6\n|gen|9\n|tier|[Gen 9] National Dex\n|rated|\n|rule|HP Percentage Mod: HP is shown in percentages\n|rule|Endless Battle Clause: Forcing endless battles is banned\n|rule|OHKO Clause: OHKO moves are banned\n|rule|Evasion Clause: Evasion abilities, items, and moves are banned\n|rule|Evasion Abilities Clause: Evasion abilities are banned\n|rule|Evasion Items Clause: Evasion items are banned\n|rule|Evasion Moves Clause: Evasion moves are banned\n|rule|Species Clause: Limit one of each Pok\u00e9mon\n|rule|Sleep Clause Mod: Limit one foe put to sleep\n|clearpoke\n|poke|p1|Raikou|\n|poke|p1|Suicune|\n|poke|p1|Entei|\n|poke|p1|Tyranitar, F|\n|poke|p1|Celebi|\n|poke|p1|Skarmory, F|\n|poke|p2|Toxapex, F|\n|poke|p2|Dondozo, F|\n|poke|p2|Gliscor, F|\n|poke|p2|Blissey, F|\n|poke|p2|Corviknight, M|\n|poke|p2|Tyranitar, F|\n|teampreview\n|j| NicksRokaya\n|j| xuxiansheng\n|inactive|Battle timer is ON: inactive players will automatically lose when time's up. (requested by jkljlkh)\n|c|\u2606TPD JOHTO|Glhf\n|c|\u2606jkljlkh|u2\n|c|\u2606TPD JOHTO|This will take a turn or 2\n|inactive|TPD JOHTO has 120 seconds left.\n|c|\u2606jkljlkh|this will take like 200\n|\n|t:|1700963419\n|start\n|switch|p1a: Moose|Suicune, shiny|100\/100\n|switch|p2a: Gliscor|Gliscor, F|100\/100\n|-ability|p1a: Moose|Pressure\n|turn|1\n|\n|t:|1700963433\n|switch|p1a: Scissors|Skarmory, F, shiny|100\/100\n|move|p2a: Gliscor|Protect||[still]\n|-fail|p2a: Gliscor\n|\n|-status|p2a: Gliscor|tox|[from] item: Toxic Orb\n|upkeep\n|turn|2\n|\n|t:|1700963443\n|switch|p2a: Toxapex|Toxapex, F|100\/100\n|move|p1a: Scissors|Spikes|p2a: Toxapex\n|-sidestart|p2: jkljlkh|Spikes\n|\n|upkeep\n|turn|3\n|\n|t:|1700963449\n|switch|p1a: Paper|Celebi|100\/100\n|move|p2a: Toxapex|Knock Off|p1a: Paper\n|-supereffective|p1a: Paper\n|-damage|p1a: Paper|80\/100\n|-enditem|p1a: Paper|Leftovers|[from] move: Knock Off|[of] p2a: Toxapex\n|\n|upkeep\n|turn|4\n|\n|t:|1700963456\n|switch|p1a: Rock|Tyranitar, F, shiny|100\/100\n|-weather|Sandstorm|[from] ability: Sand Stream|[of] p1a: Rock\n|move|p2a: Toxapex|Baneful Bunker||[still]\n|-fail|p2a: Toxapex\n|\n|-weather|Sandstorm|[upkeep]\n|-damage|p2a: Toxapex|95\/100|[from] Sandstorm\n|upkeep\n|turn|5\n|\n|t:|1700963471\n|switch|p1a: Paper|Celebi|80\/100\n|move|p2a: Toxapex|Toxic|p1a: Paper\n|-status|p1a: Paper|tox\n|\n|-weather|Sandstorm|[upkeep]\n|-damage|p1a: Paper|74\/100 tox|[from] Sandstorm\n|-damage|p2a: Toxapex|89\/100|[from] Sandstorm\n|-damage|p1a: Paper|67\/100 tox|[from] psn\n|upkeep\n|turn|6\n|\n|t:|1700963477\n|-curestatus|p1a: Paper|tox|[from] ability: Natural Cure\n|switch|p1a: Scissors|Skarmory, F, shiny|100\/100\n|move|p2a: Toxapex|Baneful Bunker||[still]\n|-fail|p2a: Toxapex\n|\n|-weather|Sandstorm|[upkeep]\n|-damage|p2a: Toxapex|83\/100|[from] Sandstorm\n|upkeep\n|turn|7\n|\n|t:|1700963482\n|switch|p1a: Paper|Celebi|67\/100\n|move|p2a: Toxapex|Knock Off|p1a: Paper\n|-supereffective|p1a: Paper\n|-damage|p1a: Paper|52\/100\n|\n|-weather|Sandstorm|[upkeep]\n|-damage|p1a: Paper|46\/100|[from] Sandstorm\n|-damage|p2a: Toxapex|77\/100|[from] Sandstorm\n|upkeep\n|turn|8\n|inactive|jkljlkh has 120 seconds left.\n|\n|t:|1700963520\n|move|p2a: Toxapex|Baneful Bunker|p2a: Toxapex\n|-singleturn|p2a: Toxapex|move: Protect\n|move|p1a: Paper|Giga Drain|p2a: Toxapex\n|-activate|p2a: Toxapex|move: Protect\n|\n|-weather|none\n|upkeep\n|turn|9\n|\n|t:|1700963523\n|switch|p2a: Tyranitar|Tyranitar, F|100\/100\n|-damage|p2a: Tyranitar|88\/100|[from] Spikes\n|-weather|Sandstorm|[from] ability: Sand Stream|[of] p2a: Tyranitar\n|move|p1a: Paper|Psychic|p2a: Tyranitar\n|-immune|p2a: Tyranitar\n|\n|-weather|Sandstorm|[upkeep]\n|-damage|p1a: Paper|40\/100|[from] Sandstorm\n|upkeep\n|turn|10\n|\n|t:|1700963526\n|-activate|p1a: Paper|move: Pursuit\n|detailschange|p2a: Tyranitar|Tyranitar-Mega, F\n|-mega|p2a: Tyranitar|Tyranitar|Tyranitarite\n|move|p2a: Tyranitar|Pursuit|p1a: Paper|[from]Pursuit\n|-supereffective|p1a: Paper\n|-damage|p1a: Paper|0 fnt\n|faint|p1a: Paper\n|-hint|A Pokemon can't switch between when it runs out of HP and when it faints\n|\n|-weather|Sandstorm|[upkeep]\n|upkeep\n|c|\u2606TPD JOHTO|Maybe not lol\n|\n|t:|1700963538\n|switch|p1a: Moose|Suicune, shiny|100\/100\n|-ability|p1a: Moose|Pressure\n|turn|11\n|\n|t:|1700963548\n|move|p1a: Moose|Calm Mind|p1a: Moose\n|-boost|p1a: Moose|spa|1\n|-boost|p1a: Moose|spd|1\n|move|p2a: Tyranitar|Knock Off|p1a: Moose\n|-damage|p1a: Moose|72\/100\n|-enditem|p1a: Moose|Leftovers|[from] move: Knock Off|[of] p2a: Tyranitar\n|\n|-weather|Sandstorm|[upkeep]\n|-damage|p1a: Moose|66\/100|[from] Sandstorm\n|upkeep\n|turn|12\n|\n|t:|1700963553\n|switch|p2a: Toxapex|Toxapex, F|100\/100\n|move|p1a: Moose|Scald|p2a: Toxapex\n|-resisted|p2a: Toxapex\n|-damage|p2a: Toxapex|86\/100\n|\n|-weather|Sandstorm|[upkeep]\n|-damage|p1a: Moose|60\/100|[from] Sandstorm\n|-damage|p2a: Toxapex|80\/100|[from] Sandstorm\n|upkeep\n|turn|13\n|\n|t:|1700963556\n|move|p1a: Moose|Substitute|p1a: Moose\n|-start|p1a: Moose|Substitute\n|-damage|p1a: Moose|35\/100\n|move|p2a: Toxapex|Toxic||[still]\n|-fail|p2a: Toxapex\n|\n|-weather|none\n|upkeep\n|turn|14\n|\n|t:|1700963562\n|switch|p2a: Blissey|Blissey, F|100\/100\n|move|p1a: Moose|Scald|p2a: Blissey\n|-damage|p2a: Blissey|91\/100\n|\n|upkeep\n|turn|15\n|\n|t:|1700963565\n|move|p1a: Moose|Calm Mind|p1a: Moose\n|-boost|p1a: Moose|spa|1\n|-boost|p1a: Moose|spd|1\n|move|p2a: Blissey|Calm Mind|p2a: Blissey\n|-boost|p2a: Blissey|spa|1\n|-boost|p2a: Blissey|spd|1\n|\n|upkeep\n|turn|16\n|\n|t:|1700963570\n|move|p1a: Moose|Rest|p1a: Moose\n|-status|p1a: Moose|slp|[from] move: Rest\n|-heal|p1a: Moose|100\/100 slp|[silent]\n|move|p2a: Blissey|Calm Mind|p2a: Blissey\n|-boost|p2a: Blissey|spa|1\n|-boost|p2a: Blissey|spd|1\n|\n|upkeep\n|turn|17\n|c|\u2606jkljlkh|are you psyshock or something\n|\n|t:|1700963576\n|switch|p1a: Rock|Tyranitar, F, shiny|100\/100\n|-weather|Sandstorm|[from] ability: Sand Stream|[of] p1a: Rock\n|move|p2a: Blissey|Calm Mind|p2a: Blissey\n|-boost|p2a: Blissey|spa|1\n|-boost|p2a: Blissey|spd|1\n|\n|-weather|Sandstorm|[upkeep]\n|-damage|p2a: Blissey|84\/100|[from] Sandstorm\n|upkeep\n|turn|18\n|\n|t:|1700963580\n|switch|p2a: Toxapex|Toxapex, F|100\/100\n|move|p1a: Rock|Stealth Rock|p2a: Toxapex\n|-sidestart|p2: jkljlkh|move: Stealth Rock\n|\n|-weather|Sandstorm|[upkeep]\n|-damage|p2a: Toxapex|95\/100|[from] Sandstorm\n|upkeep\n|turn|19\n|\n|t:|1700963586\n|switch|p1a: Moose|Suicune, shiny|100\/100 slp\n|-ability|p1a: Moose|Pressure\n|move|p2a: Toxapex|Knock Off|p1a: Moose\n|-damage|p1a: Moose|95\/100 slp\n|\n|-weather|Sandstorm|[upkeep]\n|-damage|p1a: Moose|89\/100 slp|[from] Sandstorm\n|-damage|p2a: Toxapex|89\/100|[from] Sandstorm\n|upkeep\n|turn|20\n|\n|t:|1700963597\n|switch|p2a: Corviknight|Corviknight, M|100\/100\n|-damage|p2a: Corviknight|88\/100|[from] Stealth Rock\n|-ability|p2a: Corviknight|Pressure\n|cant|p1a: Moose|slp\n|\n|-weather|Sandstorm|[upkeep]\n|-damage|p1a: Moose|82\/100 slp|[from] Sandstorm\n|-heal|p2a: Corviknight|94\/100|[from] item: Leftovers\n|upkeep\n|turn|21\n|\n|t:|1700963601\n|cant|p1a: Moose|slp\n|move|p2a: Corviknight|Defog|p1a: Moose\n|-unboost|p1a: Moose|evasion|1\n|-sideend|p2: jkljlkh|Spikes|[from] move: Defog|[of] p2a: Corviknight\n|-sideend|p2: jkljlkh|Stealth Rock|[from] move: Defog|[of] p2a: Corviknight\n|\n|-weather|none\n|-heal|p2a: Corviknight|100\/100|[from] item: Leftovers\n|upkeep\n|turn|22\n|\n|t:|1700963607\n|switch|p1a: Scissors|Skarmory, F, shiny|100\/100\n|switch|p2a: Toxapex|Toxapex, F|100\/100\n|\n|upkeep\n|turn|23\n|\n|t:|1700963614\n|switch|p1a: Moose|Suicune, shiny|82\/100 slp\n|-ability|p1a: Moose|Pressure\n|move|p2a: Toxapex|Knock Off|p1a: Moose\n|-damage|p1a: Moose|77\/100 slp\n|\n|upkeep\n|turn|24\n|\n|t:|1700963623\n|-curestatus|p1a: Moose|slp|[msg]\n|move|p1a: Moose|Scald|p2a: Toxapex\n|-resisted|p2a: Toxapex\n|-damage|p2a: Toxapex|90\/100\n|-status|p2a: Toxapex|brn\n|move|p2a: Toxapex|Toxic|p1a: Moose\n|-status|p1a: Moose|tox\n|\n|-damage|p1a: Moose|71\/100 tox|[from] psn\n|-damage|p2a: Toxapex|84\/100 brn|[from] brn\n|upkeep\n|turn|25\n|\n|t:|1700963634\n|switch|p2a: Corviknight|Corviknight, M|100\/100\n|-ability|p2a: Corviknight|Pressure\n|move|p1a: Moose|Calm Mind|p1a: Moose\n|-boost|p1a: Moose|spa|1\n|-boost|p1a: Moose|spd|1\n|\n|-damage|p1a: Moose|58\/100 tox|[from] psn\n|upkeep\n|turn|26\n|\n|t:|1700963641\n|switch|p2a: Toxapex|Toxapex, F|100\/100 brn\n|move|p1a: Moose|Scald|p2a: Toxapex\n|-resisted|p2a: Toxapex\n|-damage|p2a: Toxapex|87\/100 brn\n|\n|-damage|p1a: Moose|40\/100 tox|[from] psn\n|-damage|p2a: Toxapex|81\/100 brn|[from] brn\n|upkeep\n|turn|27\n|\n|t:|1700963644\n|move|p2a: Toxapex|Baneful Bunker|p2a: Toxapex\n|-singleturn|p2a: Toxapex|move: Protect\n|move|p1a: Moose|Rest|p1a: Moose\n|-status|p1a: Moose|slp|[from] move: Rest\n|-heal|p1a: Moose|100\/100 slp|[silent]\n|\n|-damage|p2a: Toxapex|75\/100 brn|[from] brn\n|upkeep\n|turn|28\n|\n|t:|1700963649\n|switch|p1a: Rock|Tyranitar, F, shiny|100\/100\n|-weather|Sandstorm|[from] ability: Sand Stream|[of] p1a: Rock\n|switch|p2a: Blissey|Blissey, F|84\/100\n|\n|-weather|Sandstorm|[upkeep]\n|-damage|p2a: Blissey|78\/100|[from] Sandstorm\n|upkeep\n|turn|29\n|\n|t:|1700963653\n|-activate|p2a: Blissey|move: Pursuit\n|move|p1a: Rock|Pursuit|p2a: Blissey|[from]Pursuit\n|-damage|p2a: Blissey|24\/100\n|switch|p2a: Corviknight|Corviknight, M|100\/100\n|-ability|p2a: Corviknight|Pressure\n|\n|-weather|Sandstorm|[upkeep]\n|upkeep\n|turn|30\n|c|\u2606jkljlkh|ouch\n|l| NicksRokaya\n|\n|t:|1700963660\n|switch|p1a: Scissors|Skarmory, F, shiny|100\/100\n|move|p2a: Corviknight|Iron Head|p1a: Scissors\n|-resisted|p1a: Scissors\n|-damage|p1a: Scissors|93\/100\n|-damage|p2a: Corviknight|84\/100|[from] item: Rocky Helmet|[of] p1a: Scissors\n|\n|-weather|Sandstorm|[upkeep]\n|-heal|p2a: Corviknight|90\/100|[from] item: Leftovers\n|upkeep\n|turn|31\n|\n|t:|1700963680\n|move|p2a: Corviknight|Protect|p2a: Corviknight\n|-singleturn|p2a: Corviknight|Protect\n|move|p1a: Scissors|Whirlwind|p2a: Corviknight\n|drag|p2a: Dondozo|Dondozo, F|100\/100\n|\n|-weather|Sandstorm|[upkeep]\n|-damage|p2a: Dondozo|94\/100|[from] Sandstorm\n|upkeep\n|turn|32\n|\n|t:|1700963688\n|switch|p1a: Moose|Suicune, shiny|100\/100 slp\n|-ability|p1a: Moose|Pressure\n|switch|p2a: Toxapex|Toxapex, F|100\/100 brn\n|\n|-weather|none\n|-damage|p2a: Toxapex|95\/100 brn|[from] brn\n|upkeep\n|turn|33\n|\n|t:|1700963697\n|switch|p1a: Rock|Tyranitar, F, shiny|100\/100\n|-weather|Sandstorm|[from] ability: Sand Stream|[of] p1a: Rock\n|switch|p2a: Blissey|Blissey, F|24\/100\n|\n|-weather|Sandstorm|[upkeep]\n|-damage|p2a: Blissey|17\/100|[from] Sandstorm\n|upkeep\n|turn|34\n|\n|t:|1700963703\n|-terastallize|p2a: Blissey|Dark\n|move|p1a: Rock|Pursuit|p2a: Blissey\n|-resisted|p2a: Blissey\n|-damage|p2a: Blissey|1\/100\n|move|p2a: Blissey|Soft-Boiled|p2a: Blissey\n|-heal|p2a: Blissey|52\/100\n|\n|-weather|Sandstorm|[upkeep]\n|-damage|p2a: Blissey|45\/100|[from] Sandstorm\n|upkeep\n|turn|35\n|\n|t:|1700963711\n|-activate|p2a: Blissey|move: Pursuit\n|move|p1a: Rock|Pursuit|p2a: Blissey|[from]Pursuit\n|-resisted|p2a: Blissey\n|-damage|p2a: Blissey|15\/100\n|switch|p2a: Gliscor|Gliscor, F|100\/100 tox\n|\n|-weather|Sandstorm|[upkeep]\n|upkeep\n|turn|36\n|\n|t:|1700963718\n|move|p2a: Gliscor|Spikes|p1a: Rock\n|-sidestart|p1: TPD JOHTO|Spikes\n|move|p1a: Rock|Stealth Rock|p2a: Gliscor\n|-sidestart|p2: jkljlkh|move: Stealth Rock\n|\n|-weather|Sandstorm|[upkeep]\n|upkeep\n|turn|37\n|\n|t:|1700963720\n|move|p2a: Gliscor|Earthquake|p1a: Rock\n|-supereffective|p1a: Rock\n|-damage|p1a: Rock|50\/100\n|move|p1a: Rock|Roar|p2a: Gliscor\n|drag|p2a: Toxapex|Toxapex, F|100\/100 brn\n|\n|-weather|none\n|-heal|p1a: Rock|56\/100|[from] item: Leftovers\n|-damage|p2a: Toxapex|95\/100 brn|[from] brn\n|upkeep\n|turn|38\n|\n|t:|1700963723\n|switch|p1a: Moose|Suicune, shiny|100\/100 slp\n|-damage|p1a: Moose|88\/100 slp|[from] Spikes\n|-ability|p1a: Moose|Pressure\n|move|p2a: Toxapex|Knock Off|p1a: Moose\n|-damage|p1a: Moose|85\/100 slp\n|\n|-damage|p2a: Toxapex|89\/100 brn|[from] brn\n|upkeep\n|turn|39\n|\n|t:|1700963726\n|switch|p1a: Rock|Tyranitar, F, shiny|56\/100\n|-damage|p1a: Rock|43\/100|[from] Spikes\n|-weather|Sandstorm|[from] ability: Sand Stream|[of] p1a: Rock\n|switch|p2a: Blissey|Blissey, F, tera:Dark|15\/100\n|\n|-weather|Sandstorm|[upkeep]\n|-damage|p2a: Blissey|9\/100|[from] Sandstorm\n|-heal|p1a: Rock|50\/100|[from] item: Leftovers\n|upkeep\n|turn|40\n|\n|t:|1700963733\n|move|p1a: Rock|Pursuit|p2a: Blissey\n|-resisted|p2a: Blissey\n|-damage|p2a: Blissey|0 fnt\n|faint|p2a: Blissey\n|\n|-weather|Sandstorm|[upkeep]\n|-heal|p1a: Rock|56\/100|[from] item: Leftovers\n|upkeep\n|\n|t:|1700963739\n|switch|p2a: Gliscor|Gliscor, F|100\/100 tox\n|-damage|p2a: Gliscor|88\/100 tox|[from] Stealth Rock\n|turn|41\n|c|\u2606jkljlkh|welp\n|\n|t:|1700963757\n|switch|p1a: Scissors|Skarmory, F, shiny|93\/100\n|move|p2a: Gliscor|Spikes|p1a: Scissors\n|-sidestart|p1: TPD JOHTO|Spikes\n|\n|-weather|Sandstorm|[upkeep]\n|-heal|p2a: Gliscor|100\/100 tox|[from] ability: Poison Heal\n|upkeep\n|turn|42\n|\n|t:|1700963762\n|move|p2a: Gliscor|Spikes|p1a: Scissors\n|-sidestart|p1: TPD JOHTO|Spikes\n|move|p1a: Scissors|Defog|p2a: Gliscor\n|-unboost|p2a: Gliscor|evasion|1\n|-sideend|p2: jkljlkh|Stealth Rock|[from] move: Defog|[of] p1a: Scissors\n|-sideend|p1: TPD JOHTO|Spikes|[from] move: Defog|[of] p1a: Scissors\n|\n|-weather|Sandstorm|[upkeep]\n|upkeep\n|turn|43\n|\n|t:|1700963769\n|move|p2a: Gliscor|Spikes|p1a: Scissors\n|-sidestart|p1: TPD JOHTO|Spikes\n|move|p1a: Scissors|Spikes|p2a: Gliscor\n|-sidestart|p2: jkljlkh|Spikes\n|\n|-weather|none\n|upkeep\n|turn|44\n|\n|t:|1700963772\n|move|p2a: Gliscor|Spikes|p1a: Scissors\n|-sidestart|p1: TPD JOHTO|Spikes\n|move|p1a: Scissors|Spikes|p2a: Gliscor\n|-sidestart|p2: jkljlkh|Spikes\n|\n|upkeep\n|turn|45\n|\n|t:|1700963778\n|switch|p2a: Corviknight|Corviknight, M|90\/100\n|-ability|p2a: Corviknight|Pressure\n|move|p1a: Scissors|Defog|p2a: Corviknight\n|-unboost|p2a: Corviknight|evasion|1\n|-sideend|p2: jkljlkh|Spikes|[from] move: Defog|[of] p1a: Scissors\n|-sideend|p1: TPD JOHTO|Spikes|[from] move: Defog|[of] p1a: Scissors\n|\n|-heal|p2a: Corviknight|96\/100|[from] item: Leftovers\n|upkeep\n|turn|46\n|\n|t:|1700963782\n|switch|p2a: Gliscor|Gliscor, F|100\/100 tox\n|move|p1a: Scissors|Spikes|p2a: Gliscor\n|-sidestart|p2: jkljlkh|Spikes\n|\n|upkeep\n|turn|47\n|\n|t:|1700963789\n|switch|p1a: Moose|Suicune, shiny|85\/100 slp\n|-ability|p1a: Moose|Pressure\n|move|p2a: Gliscor|Spikes|p1a: Moose\n|-sidestart|p1: TPD JOHTO|Spikes\n|\n|upkeep\n|turn|48\n|\n|t:|1700963803\n|move|p2a: Gliscor|Earthquake|p1a: Moose\n|-damage|p1a: Moose|69\/100 slp\n|cant|p1a: Moose|slp\n|\n|upkeep\n|turn|49\n|\n|t:|1700963807\n|move|p2a: Gliscor|Earthquake|p1a: Moose\n|-damage|p1a: Moose|51\/100 slp\n|cant|p1a: Moose|slp\n|\n|upkeep\n|turn|50\n|\n|t:|1700963812\n|move|p2a: Gliscor|Earthquake|p1a: Moose\n|-damage|p1a: Moose|33\/100 slp\n|-curestatus|p1a: Moose|slp|[msg]\n|move|p1a: Moose|Substitute|p1a: Moose\n|-start|p1a: Moose|Substitute\n|-damage|p1a: Moose|8\/100\n|\n|upkeep\n|turn|51\n|\n|t:|1700963815\n|move|p2a: Gliscor|Earthquake|p1a: Moose\n|-activate|p1a: Moose|move: Substitute|[damage]\n|move|p1a: Moose|Rest|p1a: Moose\n|-status|p1a: Moose|slp|[from] move: Rest\n|-heal|p1a: Moose|100\/100 slp|[silent]\n|\n|upkeep\n|turn|52\n|\n|t:|1700963818\n|move|p2a: Gliscor|Earthquake|p1a: Moose\n|-end|p1a: Moose|Substitute\n|cant|p1a: Moose|slp\n|\n|upkeep\n|turn|53\n|\n|t:|1700963824\n|switch|p2a: Corviknight|Corviknight, M|96\/100\n|-ability|p2a: Corviknight|Pressure\n|cant|p1a: Moose|slp\n|\n|-heal|p2a: Corviknight|100\/100|[from] item: Leftovers\n|upkeep\n|turn|54\n|\n|t:|1700963826\n|-curestatus|p1a: Moose|slp|[msg]\n|move|p1a: Moose|Calm Mind|p1a: Moose\n|-boost|p1a: Moose|spa|1\n|-boost|p1a: Moose|spd|1\n|move|p2a: Corviknight|Defog|p1a: Moose\n|-unboost|p1a: Moose|evasion|1\n|-sideend|p1: TPD JOHTO|Spikes|[from] move: Defog|[of] p2a: Corviknight\n|-sideend|p2: jkljlkh|Spikes|[from] move: Defog|[of] p2a: Corviknight\n|\n|upkeep\n|turn|55\n|\n|t:|1700963834\n|switch|p2a: Toxapex|Toxapex, F|100\/100 brn\n|move|p1a: Moose|Calm Mind|p1a: Moose\n|-boost|p1a: Moose|spa|1\n|-boost|p1a: Moose|spd|1\n|\n|-damage|p2a: Toxapex|95\/100 brn|[from] brn\n|upkeep\n|turn|56\n|\n|t:|1700963838\n|switch|p2a: Dondozo|Dondozo, F|94\/100\n|move|p1a: Moose|Substitute|p1a: Moose\n|-start|p1a: Moose|Substitute\n|-damage|p1a: Moose|75\/100\n|\n|upkeep\n|turn|57\n|\n|t:|1700963842\n|move|p1a: Moose|Calm Mind|p1a: Moose\n|-boost|p1a: Moose|spa|1\n|-boost|p1a: Moose|spd|1\n|move|p2a: Dondozo|Curse|p2a: Dondozo\n|-unboost|p2a: Dondozo|spe|1\n|-boost|p2a: Dondozo|atk|1\n|-boost|p2a: Dondozo|def|1\n|\n|upkeep\n|turn|58\n|\n|t:|1700963847\n|move|p1a: Moose|Calm Mind|p1a: Moose\n|-boost|p1a: Moose|spa|1\n|-boost|p1a: Moose|spd|1\n|move|p2a: Dondozo|Curse|p2a: Dondozo\n|-unboost|p2a: Dondozo|spe|1\n|-boost|p2a: Dondozo|atk|1\n|-boost|p2a: Dondozo|def|1\n|\n|upkeep\n|turn|59\n|\n|t:|1700963852\n|move|p1a: Moose|Calm Mind|p1a: Moose\n|-boost|p1a: Moose|spa|1\n|-boost|p1a: Moose|spd|1\n|move|p2a: Dondozo|Curse|p2a: Dondozo\n|-unboost|p2a: Dondozo|spe|1\n|-boost|p2a: Dondozo|atk|1\n|-boost|p2a: Dondozo|def|1\n|\n|upkeep\n|turn|60\n|\n|t:|1700963872\n|switch|p2a: Toxapex|Toxapex, F|100\/100 brn\n|move|p1a: Moose|Calm Mind|p1a: Moose\n|-boost|p1a: Moose|spa|1\n|-boost|p1a: Moose|spd|1\n|\n|-damage|p2a: Toxapex|95\/100 brn|[from] brn\n|upkeep\n|turn|61\n|\n|t:|1700963876\n|switch|p2a: Dondozo|Dondozo, F|94\/100\n|move|p1a: Moose|Scald|p2a: Dondozo\n|-resisted|p2a: Dondozo\n|-damage|p2a: Dondozo|83\/100\n|\n|upkeep\n|turn|62\n|\n|t:|1700963884\n|switch|p2a: Toxapex|Toxapex, F|100\/100 brn\n|move|p1a: Moose|Scald|p2a: Toxapex\n|-resisted|p2a: Toxapex\n|-damage|p2a: Toxapex|60\/100 brn\n|\n|-damage|p2a: Toxapex|54\/100 brn|[from] brn\n|upkeep\n|turn|63\n|\n|t:|1700963893\n|switch|p2a: Dondozo|Dondozo, F|83\/100\n|move|p1a: Moose|Scald|p2a: Dondozo\n|-resisted|p2a: Dondozo\n|-damage|p2a: Dondozo|72\/100\n|\n|upkeep\n|turn|64\n|\n|t:|1700963897\n|switch|p2a: Toxapex|Toxapex, F|87\/100 brn\n|move|p1a: Moose|Scald|p2a: Toxapex\n|-resisted|p2a: Toxapex\n|-damage|p2a: Toxapex|48\/100 brn\n|\n|-damage|p2a: Toxapex|42\/100 brn|[from] brn\n|upkeep\n|turn|65\n|\n|t:|1700963907\n|switch|p2a: Dondozo|Dondozo, F|72\/100\n|move|p1a: Moose|Scald|p2a: Dondozo\n|-resisted|p2a: Dondozo\n|-damage|p2a: Dondozo|60\/100\n|\n|upkeep\n|turn|66\n|\n|t:|1700963919\n|move|p1a: Moose|Scald|p2a: Dondozo\n|-resisted|p2a: Dondozo\n|-damage|p2a: Dondozo|49\/100\n|-status|p2a: Dondozo|brn\n|move|p2a: Dondozo|Curse|p2a: Dondozo\n|-unboost|p2a: Dondozo|spe|1\n|-boost|p2a: Dondozo|atk|1\n|-boost|p2a: Dondozo|def|1\n|\n|-damage|p2a: Dondozo|43\/100 brn|[from] brn\n|upkeep\n|turn|67\n|\n|t:|1700963931\n|move|p1a: Moose|Scald|p2a: Dondozo\n|-resisted|p2a: Dondozo\n|-damage|p2a: Dondozo|31\/100 brn\n|move|p2a: Dondozo|Rest|p2a: Dondozo\n|-status|p2a: Dondozo|slp|[from] move: Rest\n|-heal|p2a: Dondozo|100\/100 slp|[silent]\n|\n|upkeep\n|turn|68\n|\n|t:|1700963944\n|switch|p1a: Scissors|Skarmory, F, shiny|93\/100\n|switch|p2a: Toxapex|Toxapex, F|76\/100 brn\n|\n|-damage|p2a: Toxapex|70\/100 brn|[from] brn\n|upkeep\n|turn|69\n|\n|t:|1700963953\n|switch|p1a: Moose|Suicune, shiny|75\/100\n|-ability|p1a: Moose|Pressure\n|move|p2a: Toxapex|Knock Off|p1a: Moose\n|-damage|p1a: Moose|73\/100\n|\n|-damage|p2a: Toxapex|64\/100 brn|[from] brn\n|upkeep\n|turn|70\n|\n|t:|1700963965\n|switch|p1a: Scissors|Skarmory, F, shiny|93\/100\n|switch|p2a: Dondozo|Dondozo, F|100\/100 slp\n|\n|upkeep\n|turn|71\n|\n|t:|1700963970\n|switch|p2a: Toxapex|Toxapex, F|97\/100 brn\n|move|p1a: Scissors|Spikes|p2a: Toxapex\n|-sidestart|p2: jkljlkh|Spikes\n|\n|-damage|p2a: Toxapex|91\/100 brn|[from] brn\n|upkeep\n|turn|72\n|\n|t:|1700963972\n|switch|p1a: Moose|Suicune, shiny|73\/100\n|-ability|p1a: Moose|Pressure\n|move|p2a: Toxapex|Knock Off|p1a: Moose\n|-damage|p1a: Moose|70\/100\n|\n|-damage|p2a: Toxapex|85\/100 brn|[from] brn\n|upkeep\n|turn|73\n|\n|t:|1700963977\n|switch|p1a: Scissors|Skarmory, F, shiny|93\/100\n|switch|p2a: Corviknight|Corviknight, M|100\/100\n|-ability|p2a: Corviknight|Pressure\n|\n|upkeep\n|turn|74\n|\n|t:|1700963983\n|switch|p1a: Kubo|Raikou, shiny|100\/100\n|-ability|p1a: Kubo|Pressure\n|move|p2a: Corviknight|Protect||[still]\n|-fail|p2a: Corviknight\n|\n|upkeep\n|turn|75\n|\n|t:|1700964003\n|move|p2a: Corviknight|Protect|p2a: Corviknight\n|-singleturn|p2a: Corviknight|Protect\n|move|p1a: Kubo|Calm Mind|p1a: Kubo\n|-boost|p1a: Kubo|spa|1\n|-boost|p1a: Kubo|spd|1\n|\n|upkeep\n|turn|76\n|\n|t:|1700964009\n|switch|p2a: Tyranitar|Tyranitar-Mega, F|88\/100\n|-damage|p2a: Tyranitar|76\/100|[from] Spikes\n|-weather|Sandstorm|[from] ability: Sand Stream|[of] p2a: Tyranitar\n|move|p1a: Kubo|Substitute|p1a: Kubo\n|-start|p1a: Kubo|Substitute\n|-damage|p1a: Kubo|76\/100\n|\n|-weather|Sandstorm|[upkeep]\n|-damage|p1a: Kubo|69\/100|[from] Sandstorm\n|-heal|p1a: Kubo|76\/100|[from] item: Leftovers\n|upkeep\n|turn|77\n|\n|t:|1700964013\n|move|p1a: Kubo|Protect|p1a: Kubo\n|-singleturn|p1a: Kubo|Protect\n|move|p2a: Tyranitar|Knock Off|p1a: Kubo\n|-activate|p1a: Kubo|move: Protect\n|\n|-weather|Sandstorm|[upkeep]\n|-damage|p1a: Kubo|69\/100|[from] Sandstorm\n|-heal|p1a: Kubo|76\/100|[from] item: Leftovers\n|upkeep\n|turn|78\n|\n|t:|1700964026\n|move|p1a: Kubo|Substitute|p1a: Kubo\n|-fail|p1a: Kubo|move: Substitute\n|move|p2a: Tyranitar|Knock Off|p1a: Kubo\n|-end|p1a: Kubo|Substitute\n|\n|-weather|Sandstorm|[upkeep]\n|-damage|p1a: Kubo|69\/100|[from] Sandstorm\n|-heal|p1a: Kubo|76\/100|[from] item: Leftovers\n|upkeep\n|turn|79\n|\n|t:|1700964031\n|switch|p2a: Gliscor|Gliscor, F|100\/100 tox\n|move|p1a: Kubo|Protect||[still]\n|-fail|p1a: Kubo\n|\n|-weather|Sandstorm|[upkeep]\n|-damage|p1a: Kubo|69\/100|[from] Sandstorm\n|-heal|p1a: Kubo|76\/100|[from] item: Leftovers\n|upkeep\n|turn|80\n|\n|t:|1700964039\n|move|p1a: Kubo|Protect|p1a: Kubo\n|-singleturn|p1a: Kubo|Protect\n|move|p2a: Gliscor|Protect||[still]\n|-fail|p2a: Gliscor\n|\n|-weather|none\n|-heal|p1a: Kubo|82\/100|[from] item: Leftovers\n|upkeep\n|turn|81\n|\n|t:|1700964054\n|move|p1a: Kubo|Substitute|p1a: Kubo\n|-start|p1a: Kubo|Substitute\n|-damage|p1a: Kubo|57\/100\n|move|p2a: Gliscor|Spikes|p1a: Kubo\n|-sidestart|p1: TPD JOHTO|Spikes\n|\n|-heal|p1a: Kubo|63\/100|[from] item: Leftovers\n|upkeep\n|turn|82\n|\n|t:|1700964060\n|switch|p2a: Corviknight|Corviknight, M|100\/100\n|-ability|p2a: Corviknight|Pressure\n|move|p1a: Kubo|Calm Mind|p1a: Kubo\n|-boost|p1a: Kubo|spa|1\n|-boost|p1a: Kubo|spd|1\n|\n|-heal|p1a: Kubo|69\/100|[from] item: Leftovers\n|upkeep\n|turn|83\n|\n|t:|1700964064\n|move|p2a: Corviknight|Protect|p2a: Corviknight\n|-singleturn|p2a: Corviknight|Protect\n|move|p1a: Kubo|Calm Mind|p1a: Kubo\n|-boost|p1a: Kubo|spa|1\n|-boost|p1a: Kubo|spd|1\n|\n|-heal|p1a: Kubo|76\/100|[from] item: Leftovers\n|upkeep\n|turn|84\n|\n|t:|1700964071\n|switch|p2a: Gliscor|Gliscor, F|100\/100 tox\n|move|p1a: Kubo|Calm Mind|p1a: Kubo\n|-boost|p1a: Kubo|spa|1\n|-boost|p1a: Kubo|spd|1\n|\n|-heal|p1a: Kubo|82\/100|[from] item: Leftovers\n|upkeep\n|turn|85\n|\n|t:|1700964075\n|move|p1a: Kubo|Protect|p1a: Kubo\n|-singleturn|p1a: Kubo|Protect\n|move|p2a: Gliscor|Earthquake|p1a: Kubo\n|-activate|p1a: Kubo|move: Protect\n|\n|-heal|p1a: Kubo|88\/100|[from] item: Leftovers\n|upkeep\n|turn|86\n|\n|t:|1700964081\n|move|p1a: Kubo|Calm Mind|p1a: Kubo\n|-boost|p1a: Kubo|spa|1\n|-boost|p1a: Kubo|spd|1\n|move|p2a: Gliscor|Spikes|p1a: Kubo\n|-sidestart|p1: TPD JOHTO|Spikes\n|\n|-heal|p1a: Kubo|94\/100|[from] item: Leftovers\n|upkeep\n|turn|87\n|\n|t:|1700964092\n|switch|p2a: Tyranitar|Tyranitar-Mega, F|76\/100\n|-damage|p2a: Tyranitar|63\/100|[from] Spikes\n|-weather|Sandstorm|[from] ability: Sand Stream|[of] p2a: Tyranitar\n|move|p1a: Kubo|Calm Mind|p1a: Kubo\n|-boost|p1a: Kubo|spa|1\n|-boost|p1a: Kubo|spd|1\n|\n|-weather|Sandstorm|[upkeep]\n|-damage|p1a: Kubo|88\/100|[from] Sandstorm\n|-heal|p1a: Kubo|94\/100|[from] item: Leftovers\n|upkeep\n|turn|88\n|\n|t:|1700964096\n|move|p1a: Kubo|Scald|p2a: Tyranitar\n|-supereffective|p2a: Tyranitar\n|-damage|p2a: Tyranitar|4\/100\n|move|p2a: Tyranitar|Rest|p2a: Tyranitar\n|-status|p2a: Tyranitar|slp|[from] move: Rest\n|-heal|p2a: Tyranitar|100\/100 slp|[silent]\n|\n|-weather|Sandstorm|[upkeep]\n|-damage|p1a: Kubo|88\/100|[from] Sandstorm\n|-heal|p1a: Kubo|94\/100|[from] item: Leftovers\n|upkeep\n|turn|89\n|\n|t:|1700964100\n|switch|p2a: Toxapex|Toxapex, F|100\/100 brn\n|move|p1a: Kubo|Scald|p2a: Toxapex\n|-resisted|p2a: Toxapex\n|-damage|p2a: Toxapex|66\/100 brn\n|\n|-weather|Sandstorm|[upkeep]\n|-damage|p1a: Kubo|88\/100|[from] Sandstorm\n|-damage|p2a: Toxapex|60\/100 brn|[from] Sandstorm\n|-heal|p1a: Kubo|94\/100|[from] item: Leftovers\n|-damage|p2a: Toxapex|54\/100 brn|[from] brn\n|upkeep\n|turn|90\n|\n|t:|1700964103\n|switch|p2a: Dondozo|Dondozo, F|100\/100 slp\n|move|p1a: Kubo|Scald|p2a: Dondozo\n|-resisted|p2a: Dondozo\n|-damage|p2a: Dondozo|91\/100 slp\n|\n|-weather|Sandstorm|[upkeep]\n|-damage|p1a: Kubo|88\/100|[from] Sandstorm\n|-damage|p2a: Dondozo|85\/100 slp|[from] Sandstorm\n|-heal|p1a: Kubo|94\/100|[from] item: Leftovers\n|upkeep\n|turn|91\n|c|\u2606jkljlkh|man you love scald don't you\n|\n|t:|1700964110\n|switch|p2a: Toxapex|Toxapex, F|88\/100 brn\n|move|p1a: Kubo|Scald|p2a: Toxapex\n|-resisted|p2a: Toxapex\n|-damage|p2a: Toxapex|56\/100 brn\n|\n|-weather|none\n|-heal|p1a: Kubo|100\/100|[from] item: Leftovers\n|-damage|p2a: Toxapex|50\/100 brn|[from] brn\n|upkeep\n|turn|92\n|c|\u2606TPD JOHTO|Yeee\n|\n|t:|1700964134\n|switch|p2a: Dondozo|Dondozo, F|85\/100 slp\n|move|p1a: Kubo|Scald|p2a: Dondozo\n|-resisted|p2a: Dondozo\n|-damage|p2a: Dondozo|75\/100 slp\n|\n|upkeep\n|turn|93\n|\n|t:|1700964138\n|switch|p2a: Toxapex|Toxapex, F|84\/100 brn\n|move|p1a: Kubo|Scald|p2a: Toxapex\n|-resisted|p2a: Toxapex\n|-damage|p2a: Toxapex|49\/100 brn\n|\n|-damage|p2a: Toxapex|43\/100 brn|[from] brn\n|upkeep\n|turn|94\n|\n|t:|1700964140\n|move|p1a: Kubo|Scald|p2a: Toxapex\n|-resisted|p2a: Toxapex\n|-damage|p2a: Toxapex|8\/100 brn\n|move|p2a: Toxapex|Recover|p2a: Toxapex\n|-heal|p2a: Toxapex|58\/100 brn\n|\n|-damage|p2a: Toxapex|52\/100 brn|[from] brn\n|upkeep\n|turn|95\n|\n|t:|1700964144\n|move|p2a: Toxapex|Baneful Bunker|p2a: Toxapex\n|-singleturn|p2a: Toxapex|move: Protect\n|move|p1a: Kubo|Scald|p2a: Toxapex\n|-activate|p2a: Toxapex|move: Protect\n|\n|-damage|p2a: Toxapex|46\/100 brn|[from] brn\n|upkeep\n|turn|96\n|\n|t:|1700964147\n|move|p1a: Kubo|Scald|p2a: Toxapex\n|-resisted|p2a: Toxapex\n|-damage|p2a: Toxapex|12\/100 brn\n|move|p2a: Toxapex|Recover|p2a: Toxapex\n|-heal|p2a: Toxapex|62\/100 brn\n|\n|-damage|p2a: Toxapex|56\/100 brn|[from] brn\n|upkeep\n|turn|97\n|\n|t:|1700964151\n|switch|p2a: Dondozo|Dondozo, F|75\/100 slp\n|move|p1a: Kubo|Calm Mind|p1a: Kubo\n|-boost|p1a: Kubo|spa|0\n|-boost|p1a: Kubo|spd|0\n|\n|upkeep\n|turn|98\n|\n|t:|1700964154\n|switch|p2a: Toxapex|Toxapex, F|89\/100 brn\n|move|p1a: Kubo|Scald|p2a: Toxapex\n|-resisted|p2a: Toxapex\n|-damage|p2a: Toxapex|57\/100 brn\n|\n|-damage|p2a: Toxapex|51\/100 brn|[from] brn\n|upkeep\n|turn|99\n|\n|t:|1700964157\n|switch|p2a: Dondozo|Dondozo, F|75\/100 slp\n|move|p1a: Kubo|Calm Mind|p1a: Kubo\n|-boost|p1a: Kubo|spa|0\n|-boost|p1a: Kubo|spd|0\n|\n|upkeep\n|turn|100\n|\n|t:|1700964159\n|switch|p2a: Toxapex|Toxapex, F|84\/100 brn\n|move|p1a: Kubo|Scald|p2a: Toxapex\n|-resisted|p2a: Toxapex\n|-damage|p2a: Toxapex|49\/100 brn\n|\n|-damage|p2a: Toxapex|43\/100 brn|[from] brn\n|upkeep\n|turn|101\n|\n|t:|1700964163\n|move|p1a: Kubo|Scald|p2a: Toxapex\n|-resisted|p2a: Toxapex\n|-damage|p2a: Toxapex|9\/100 brn\n|move|p2a: Toxapex|Recover|p2a: Toxapex\n|-heal|p2a: Toxapex|60\/100 brn\n|\n|-damage|p2a: Toxapex|54\/100 brn|[from] brn\n|upkeep\n|turn|102\n|\n|t:|1700964169\n|switch|p2a: Dondozo|Dondozo, F|75\/100 slp\n|move|p1a: Kubo|Scald|p2a: Dondozo\n|-resisted|p2a: Dondozo\n|-damage|p2a: Dondozo|66\/100 slp\n|\n|upkeep\n|turn|103\n|\n|t:|1700964173\n|move|p1a: Kubo|Scald|p2a: Dondozo\n|-resisted|p2a: Dondozo\n|-damage|p2a: Dondozo|56\/100 slp\n|cant|p2a: Dondozo|slp\n|\n|upkeep\n|turn|104\n|\n|t:|1700964177\n|switch|p1a: Scissors|Skarmory, F, shiny|93\/100\n|cant|p2a: Dondozo|slp\n|\n|upkeep\n|turn|105\n|\n|t:|1700964181\n|switch|p2a: Corviknight|Corviknight, M|100\/100\n|-ability|p2a: Corviknight|Pressure\n|move|p1a: Scissors|Defog|p2a: Corviknight\n|-unboost|p2a: Corviknight|evasion|1\n|-sideend|p2: jkljlkh|Spikes|[from] move: Defog|[of] p1a: Scissors\n|-sideend|p1: TPD JOHTO|Spikes|[from] move: Defog|[of] p1a: Scissors\n|\n|upkeep\n|turn|106\n|\n|t:|1700964183\n|switch|p2a: Gliscor|Gliscor, F|100\/100 tox\n|move|p1a: Scissors|Spikes|p2a: Gliscor\n|-sidestart|p2: jkljlkh|Spikes\n|\n|upkeep\n|turn|107\n|\n|t:|1700964188\n|switch|p1a: Moose|Suicune, shiny|70\/100\n|-ability|p1a: Moose|Pressure\n|move|p2a: Gliscor|Spikes|p1a: Moose\n|-sidestart|p1: TPD JOHTO|Spikes\n|\n|upkeep\n|turn|108\n|c|\u2606jkljlkh|...\n|\n|t:|1700964215\n|move|p2a: Gliscor|Toxic|p1a: Moose\n|-status|p1a: Moose|tox\n|move|p1a: Moose|Substitute|p1a: Moose\n|-start|p1a: Moose|Substitute\n|-damage|p1a: Moose|45\/100 tox\n|\n|-damage|p1a: Moose|39\/100 tox|[from] psn\n|upkeep\n|turn|109\n|\n|t:|1700964221\n|switch|p2a: Dondozo|Dondozo, F|56\/100 slp\n|move|p1a: Moose|Rest|p1a: Moose\n|-status|p1a: Moose|slp|[from] move: Rest\n|-heal|p1a: Moose|100\/100 slp|[silent]\n|\n|upkeep\n|turn|110\n|\n|t:|1700964226\n|cant|p1a: Moose|slp\n|-curestatus|p2a: Dondozo|slp|[msg]\n|move|p2a: Dondozo|Sleep Talk||[still]\n|-fail|p2a: Dondozo\n|\n|upkeep\n|turn|111\n|\n|t:|1700964235\n|cant|p1a: Moose|slp\n|move|p2a: Dondozo|Rest|p2a: Dondozo\n|-status|p2a: Dondozo|slp|[from] move: Rest\n|-heal|p2a: Dondozo|100\/100 slp|[silent]\n|\n|upkeep\n|turn|112\n|\n|t:|1700964244\n|switch|p1a: Scissors|Skarmory, F, shiny|93\/100\n|switch|p2a: Toxapex|Toxapex, F|87\/100 brn\n|\n|-damage|p2a: Toxapex|81\/100 brn|[from] brn\n|upkeep\n|turn|113\n|j| yumya233\n|\n|t:|1700964253\n|switch|p1a: Moose|Suicune, shiny|100\/100 slp\n|-damage|p1a: Moose|88\/100 slp|[from] Spikes\n|-ability|p1a: Moose|Pressure\n|move|p2a: Toxapex|Knock Off|p1a: Moose\n|-damage|p1a: Moose|85\/100 slp\n|\n|-damage|p2a: Toxapex|75\/100 brn|[from] brn\n|upkeep\n|turn|114\n|\n|t:|1700964266\n|switch|p2a: Dondozo|Dondozo, F|100\/100 slp\n|-curestatus|p1a: Moose|slp|[msg]\n|move|p1a: Moose|Substitute|p1a: Moose\n|-start|p1a: Moose|Substitute\n|-damage|p1a: Moose|60\/100\n|\n|upkeep\n|turn|115\n|\n|t:|1700964274\n|switch|p1a: Scissors|Skarmory, F, shiny|93\/100\n|switch|p2a: Toxapex|Toxapex, F|100\/100 brn\n|\n|-damage|p2a: Toxapex|95\/100 brn|[from] brn\n|upkeep\n|turn|116\n|\n|t:|1700964278\n|switch|p2a: Corviknight|Corviknight, M|100\/100\n|-ability|p2a: Corviknight|Pressure\n|move|p1a: Scissors|Defog|p2a: Corviknight\n|-unboost|p2a: Corviknight|evasion|1\n|-sideend|p2: jkljlkh|Spikes|[from] move: Defog|[of] p1a: Scissors\n|-sideend|p1: TPD JOHTO|Spikes|[from] move: Defog|[of] p1a: Scissors\n|\n|upkeep\n|turn|117\n|\n|t:|1700964284\n|switch|p2a: Toxapex|Toxapex, F|100\/100 brn\n|move|p1a: Scissors|Spikes|p2a: Toxapex\n|-sidestart|p2: jkljlkh|Spikes\n|\n|-damage|p2a: Toxapex|95\/100 brn|[from] brn\n|upkeep\n|turn|118\n|\n|t:|1700964290\n|switch|p2a: Corviknight|Corviknight, M|100\/100\n|-ability|p2a: Corviknight|Pressure\n|move|p1a: Scissors|Spikes|p2a: Corviknight\n|-sidestart|p2: jkljlkh|Spikes\n|\n|upkeep\n|turn|119\n|\n|t:|1700964294\n|switch|p1a: Kubo|Raikou, shiny|100\/100\n|-ability|p1a: Kubo|Pressure\n|switch|p2a: Toxapex|Toxapex, F|100\/100 brn\n|\n|-damage|p2a: Toxapex|95\/100 brn|[from] brn\n|upkeep\n|turn|120\n|\n|t:|1700964300\n|switch|p1a: Moose|Suicune, shiny|60\/100\n|-ability|p1a: Moose|Pressure\n|switch|p2a: Dondozo|Dondozo, F|100\/100 slp\n|\n|upkeep\n|turn|121\n|\n|t:|1700964310\n|switch|p1a: Simba|Entei, shiny|100\/100\n|-ability|p1a: Simba|Pressure\n|switch|p2a: Toxapex|Toxapex, F|100\/100 brn\n|\n|-damage|p2a: Toxapex|95\/100 brn|[from] brn\n|upkeep\n|turn|122\n|\n|t:|1700964315\n|switch|p1a: Moose|Suicune, shiny|60\/100\n|-ability|p1a: Moose|Pressure\n|switch|p2a: Gliscor|Gliscor, F|100\/100 tox\n|\n|upkeep\n|turn|123\n|j| hainiumm\n|\n|t:|1700964323\n|move|p2a: Gliscor|Spikes|p1a: Moose\n|-sidestart|p1: TPD JOHTO|Spikes\n|move|p1a: Moose|Scald|p2a: Gliscor\n|-supereffective|p2a: Gliscor\n|-damage|p2a: Gliscor|38\/100 tox\n|\n|-heal|p2a: Gliscor|50\/100 tox|[from] ability: Poison Heal\n|upkeep\n|turn|124\n|\n|t:|1700964327\n|move|p2a: Gliscor|Protect|p2a: Gliscor\n|-singleturn|p2a: Gliscor|Protect\n|move|p1a: Moose|Scald|p2a: Gliscor\n|-activate|p2a: Gliscor|move: Protect\n|\n|-heal|p2a: Gliscor|63\/100 tox|[from] ability: Poison Heal\n|upkeep\n|turn|125\n|\n|t:|1700964330\n|switch|p2a: Toxapex|Toxapex, F|100\/100 brn\n|move|p1a: Moose|Scald|p2a: Toxapex\n|-resisted|p2a: Toxapex\n|-damage|p2a: Toxapex|91\/100 brn\n|\n|-damage|p2a: Toxapex|85\/100 brn|[from] brn\n|upkeep\n|turn|126\n|\n|t:|1700964334\n|switch|p1a: Scissors|Skarmory, F, shiny|93\/100\n|switch|p2a: Dondozo|Dondozo, F|100\/100 slp\n|\n|upkeep\n|turn|127\n|j| Vayfulls\n|\n|t:|1700964339\n|switch|p2a: Corviknight|Corviknight, M|100\/100\n|-ability|p2a: Corviknight|Pressure\n|move|p1a: Scissors|Spikes|p2a: Corviknight\n|-sidestart|p2: jkljlkh|Spikes\n|\n|upkeep\n|turn|128\n|\n|t:|1700964344\n|switch|p1a: Moose|Suicune, shiny|60\/100\n|-damage|p1a: Moose|48\/100|[from] Spikes\n|-ability|p1a: Moose|Pressure\n|move|p2a: Corviknight|Protect||[still]\n|-fail|p2a: Corviknight\n|\n|upkeep\n|turn|129\n|\n|t:|1700964357\n|switch|p1a: Simba|Entei, shiny|100\/100\n|-damage|p1a: Simba|88\/100|[from] Spikes\n|-ability|p1a: Simba|Pressure\n|switch|p2a: Toxapex|Toxapex, F|100\/100 brn\n|\n|-heal|p1a: Simba|94\/100|[from] item: Leftovers\n|-damage|p2a: Toxapex|95\/100 brn|[from] brn\n|upkeep\n|turn|130\n|\n|t:|1700964371\n|switch|p1a: Moose|Suicune, shiny|48\/100\n|-damage|p1a: Moose|35\/100|[from] Spikes\n|-ability|p1a: Moose|Pressure\n|switch|p2a: Gliscor|Gliscor, F|63\/100 tox\n|\n|-heal|p2a: Gliscor|75\/100 tox|[from] ability: Poison Heal\n|upkeep\n|turn|131\n|\n|t:|1700964380\n|switch|p2a: Toxapex|Toxapex, F|100\/100 brn\n|move|p1a: Moose|Calm Mind|p1a: Moose\n|-boost|p1a: Moose|spa|1\n|-boost|p1a: Moose|spd|1\n|\n|-damage|p2a: Toxapex|95\/100 brn|[from] brn\n|upkeep\n|turn|132\n|\n|t:|1700964384\n|switch|p2a: Dondozo|Dondozo, F|100\/100 slp\n|move|p1a: Moose|Rest|p1a: Moose\n|-status|p1a: Moose|slp|[from] move: Rest\n|-heal|p1a: Moose|100\/100 slp|[silent]\n|\n|upkeep\n|turn|133\n|\n|t:|1700964399\n|switch|p1a: Scissors|Skarmory, F, shiny|93\/100\n|switch|p2a: Toxapex|Toxapex, F|100\/100 brn\n|\n|-damage|p2a: Toxapex|95\/100 brn|[from] brn\n|upkeep\n|turn|134\n|\n|t:|1700964411\n|switch|p2a: Corviknight|Corviknight, M|100\/100\n|-ability|p2a: Corviknight|Pressure\n|move|p1a: Scissors|Whirlwind|p2a: Corviknight\n|drag|p2a: Gliscor|Gliscor, F|75\/100 tox\n|\n|-heal|p2a: Gliscor|88\/100 tox|[from] ability: Poison Heal\n|upkeep\n|turn|135\n|\n|t:|1700964420\n|switch|p2a: Corviknight|Corviknight, M|100\/100\n|-ability|p2a: Corviknight|Pressure\n|switch|p1a: Moose|Suicune, shiny|100\/100 slp\n|-damage|p1a: Moose|88\/100 slp|[from] Spikes\n|-ability|p1a: Moose|Pressure\n|\n|upkeep\n|turn|136\n|\n|t:|1700964426\n|switch|p1a: Simba|Entei, shiny|94\/100\n|-damage|p1a: Simba|82\/100|[from] Spikes\n|-ability|p1a: Simba|Pressure\n|switch|p2a: Toxapex|Toxapex, F|100\/100 brn\n|\n|-heal|p1a: Simba|88\/100|[from] item: Leftovers\n|-damage|p2a: Toxapex|95\/100 brn|[from] brn\n|upkeep\n|turn|137\n|\n|t:|1700964433\n|switch|p1a: Moose|Suicune, shiny|88\/100 slp\n|-damage|p1a: Moose|76\/100 slp|[from] Spikes\n|-ability|p1a: Moose|Pressure\n|switch|p2a: Gliscor|Gliscor, F|88\/100 tox\n|\n|-heal|p2a: Gliscor|99\/100 tox|[from] ability: Poison Heal\n|upkeep\n|turn|138\n|\n|t:|1700964439\n|switch|p2a: Toxapex|Toxapex, F|100\/100 brn\n|switch|p1a: Kubo|Raikou, shiny|100\/100\n|-damage|p1a: Kubo|88\/100|[from] Spikes\n|-ability|p1a: Kubo|Pressure\n|\n|-heal|p1a: Kubo|94\/100|[from] item: Leftovers\n|-damage|p2a: Toxapex|95\/100 brn|[from] brn\n|upkeep\n|turn|139\n|\n|t:|1700964444\n|switch|p1a: Moose|Suicune, shiny|76\/100 slp\n|-damage|p1a: Moose|63\/100 slp|[from] Spikes\n|-ability|p1a: Moose|Pressure\n|switch|p2a: Dondozo|Dondozo, F|100\/100 slp\n|\n|upkeep\n|turn|140\n|\n|t:|1700964449\n|switch|p1a: Kubo|Raikou, shiny|94\/100\n|-damage|p1a: Kubo|82\/100|[from] Spikes\n|-ability|p1a: Kubo|Pressure\n|switch|p2a: Toxapex|Toxapex, F|100\/100 brn\n|\n|-heal|p1a: Kubo|88\/100|[from] item: Leftovers\n|-damage|p2a: Toxapex|95\/100 brn|[from] brn\n|upkeep\n|turn|141\n|l| xuxiansheng\n|\n|t:|1700964454\n|switch|p1a: Moose|Suicune, shiny|63\/100 slp\n|-damage|p1a: Moose|51\/100 slp|[from] Spikes\n|-ability|p1a: Moose|Pressure\n|switch|p2a: Dondozo|Dondozo, F|100\/100 slp\n|\n|upkeep\n|turn|142\n|\n|t:|1700964473\n|switch|p1a: Kubo|Raikou, shiny|88\/100\n|-damage|p1a: Kubo|76\/100|[from] Spikes\n|-ability|p1a: Kubo|Pressure\n|switch|p2a: Toxapex|Toxapex, F|100\/100 brn\n|\n|-heal|p1a: Kubo|82\/100|[from] item: Leftovers\n|-damage|p2a: Toxapex|95\/100 brn|[from] brn\n|upkeep\n|turn|143\n|\n|t:|1700964486\n|switch|p1a: Moose|Suicune, shiny|51\/100 slp\n|-damage|p1a: Moose|39\/100 slp|[from] Spikes\n|-ability|p1a: Moose|Pressure\n|switch|p2a: Dondozo|Dondozo, F|100\/100 slp\n|\n|upkeep\n|turn|144\n|\n|t:|1700964496\n|switch|p2a: Toxapex|Toxapex, F|100\/100 brn\n|cant|p1a: Moose|slp\n|\n|-damage|p2a: Toxapex|95\/100 brn|[from] brn\n|upkeep\n|turn|145\n|\n|t:|1700964502\n|switch|p2a: Gliscor|Gliscor, F|99\/100 tox\n|cant|p1a: Moose|slp\n|\n|-heal|p2a: Gliscor|100\/100 tox|[from] ability: Poison Heal\n|upkeep\n|turn|146\n|inactive|TPD JOHTO has 120 seconds left.\n|\n|t:|1700964520\n|switch|p2a: Toxapex|Toxapex, F|100\/100 brn\n|-curestatus|p1a: Moose|slp|[msg]\n|move|p1a: Moose|Substitute|p1a: Moose\n|-start|p1a: Moose|Substitute\n|-damage|p1a: Moose|14\/100\n|\n|-damage|p2a: Toxapex|95\/100 brn|[from] brn\n|upkeep\n|turn|147\n|\n|t:|1700964524\n|switch|p2a: Dondozo|Dondozo, F|100\/100 slp\n|move|p1a: Moose|Rest|p1a: Moose\n|-status|p1a: Moose|slp|[from] move: Rest\n|-heal|p1a: Moose|100\/100 slp|[silent]\n|\n|upkeep\n|turn|148\n|inactive|TPD JOHTO has 120 seconds left.\n|j| Umbre test\n|\n|t:|1700964539\n|switch|p1a: Simba|Entei, shiny|88\/100\n|-damage|p1a: Simba|76\/100|[from] Spikes\n|-ability|p1a: Simba|Pressure\n|switch|p2a: Toxapex|Toxapex, F|100\/100 brn\n|\n|-heal|p1a: Simba|82\/100|[from] item: Leftovers\n|-damage|p2a: Toxapex|95\/100 brn|[from] brn\n|upkeep\n|turn|149\n|\n|t:|1700964545\n|switch|p2a: Dondozo|Dondozo, F|100\/100 slp\n|move|p1a: Simba|Curse|p1a: Simba\n|-unboost|p1a: Simba|spe|1\n|-boost|p1a: Simba|atk|1\n|-boost|p1a: Simba|def|1\n|\n|-heal|p1a: Simba|88\/100|[from] item: Leftovers\n|upkeep\n|turn|150\n|inactive|TPD JOHTO has 120 seconds left.\n|c|\u2606TPD JOHTO|Sadly... the dogs dont have this one\n|\n|t:|1700964562\n|move|p1a: Simba|Curse|p1a: Simba\n|-unboost|p1a: Simba|spe|1\n|-boost|p1a: Simba|atk|1\n|-boost|p1a: Simba|def|1\n|cant|p2a: Dondozo|slp\n|\n|-heal|p1a: Simba|94\/100|[from] item: Leftovers\n|upkeep\n|turn|151\n|\n|t:|1700964571\n|switch|p2a: Toxapex|Toxapex, F|100\/100 brn\n|-terastallize|p1a: Simba|Normal\n|move|p1a: Simba|Curse|p1a: Simba\n|-unboost|p1a: Simba|spe|1\n|-boost|p1a: Simba|atk|1\n|-boost|p1a: Simba|def|1\n|\n|-heal|p1a: Simba|100\/100|[from] item: Leftovers\n|-damage|p2a: Toxapex|95\/100 brn|[from] brn\n|upkeep\n|turn|152\n|c| Umbre test|It's joever\n|\n|t:|1700964579\n|move|p2a: Toxapex|Knock Off|p1a: Simba\n|-damage|p1a: Simba|98\/100\n|-enditem|p1a: Simba|Leftovers|[from] move: Knock Off|[of] p2a: Toxapex\n|move|p1a: Simba|Curse|p1a: Simba\n|-unboost|p1a: Simba|spe|1\n|-boost|p1a: Simba|atk|1\n|-boost|p1a: Simba|def|1\n|\n|-damage|p2a: Toxapex|89\/100 brn|[from] brn\n|upkeep\n|turn|153\n|\n|t:|1700964583\n|move|p1a: Simba|Extreme Speed|p2a: Toxapex\n|-damage|p2a: Toxapex|27\/100 brn\n|move|p2a: Toxapex|Toxic|p1a: Simba\n|-status|p1a: Simba|tox\n|\n|-damage|p1a: Simba|92\/100 tox|[from] psn\n|-damage|p2a: Toxapex|21\/100 brn|[from] brn\n|upkeep\n|turn|154\n|inactive|TPD JOHTO has 120 seconds left.\n|c|\u2606jkljlkh|certified pex moment\n|c| Umbre test|Unfortunately it is joever\n|c|\u2606jkljlkh|living +4\n|\n|t:|1700964592\n|switch|p2a: Dondozo|Dondozo, F|100\/100 slp\n|move|p1a: Simba|Curse|p1a: Simba\n|-unboost|p1a: Simba|spe|1\n|-boost|p1a: Simba|atk|1\n|-boost|p1a: Simba|def|1\n|\n|-damage|p1a: Simba|79\/100 tox|[from] psn\n|upkeep\n|turn|155\n|inactive|TPD JOHTO has 120 seconds left.\n|\n|t:|1700964607\n|cant|p2a: Dondozo|slp\n|move|p1a: Simba|Curse|p1a: Simba\n|-unboost|p1a: Simba|spe|1\n|-boost|p1a: Simba|atk|1\n|-boost|p1a: Simba|def|1\n|\n|-damage|p1a: Simba|60\/100 tox|[from] psn\n|upkeep\n|turn|156\n|\n|t:|1700964611\n|-curestatus|p2a: Dondozo|slp|[msg]\n|move|p2a: Dondozo|Body Press|p1a: Simba\n|-supereffective|p1a: Simba\n|-damage|p1a: Simba|11\/100 tox\n|move|p1a: Simba|Rest|p1a: Simba\n|-status|p1a: Simba|slp|[from] move: Rest\n|-heal|p1a: Simba|100\/100 slp|[silent]\n|\n|upkeep\n|turn|157\n|inactive|TPD JOHTO has 120 seconds left.\n|\n|t:|1700964632\n|switch|p2a: Toxapex|Toxapex, F|55\/100 brn\n|switch|p1a: Moose|Suicune, shiny|100\/100 slp\n|-damage|p1a: Moose|88\/100 slp|[from] Spikes\n|-ability|p1a: Moose|Pressure\n|\n|-damage|p2a: Toxapex|49\/100 brn|[from] brn\n|upkeep\n|turn|158\n|\n|t:|1700964636\n|switch|p1a: Simba|Entei, shiny, tera:Normal|100\/100 slp\n|-damage|p1a: Simba|88\/100 slp|[from] Spikes\n|-ability|p1a: Simba|Pressure\n|switch|p2a: Dondozo|Dondozo, F|100\/100\n|\n|upkeep\n|turn|159\n|\n|t:|1700964643\n|switch|p2a: Toxapex|Toxapex, F|82\/100 brn\n|cant|p1a: Simba|slp\n|\n|-damage|p2a: Toxapex|76\/100 brn|[from] brn\n|upkeep\n|turn|160\n|inactive|TPD JOHTO has 120 seconds left.\n|l| yumya233\n|\n|t:|1700964653\n|switch|p1a: Moose|Suicune, shiny|88\/100 slp\n|-damage|p1a: Moose|76\/100 slp|[from] Spikes\n|-ability|p1a: Moose|Pressure\n|switch|p2a: Dondozo|Dondozo, F|100\/100\n|\n|upkeep\n|turn|161\n|\n|t:|1700964657\n|switch|p2a: Toxapex|Toxapex, F|100\/100 brn\n|cant|p1a: Moose|slp\n|\n|-damage|p2a: Toxapex|95\/100 brn|[from] brn\n|upkeep\n|turn|162\n|inactive|TPD JOHTO has 120 seconds left.\n|c|\u2606TPD JOHTO|Ggs\n|-message|TPD JOHTO forfeited.\n|\n|win|jkljlkh\n|raw|TPD JOHTO's rating: 1647 &rarr; <strong>1639<\/strong><br \/>(-8 for losing)\n|raw|jkljlkh's rating: 1879 &rarr; <strong>1887<\/strong><br \/>(+8 for winning)\n|j| xuxiansheng\n|c|\u2606jkljlkh|gg\n|c|\u2606jkljlkh|good team i hope never to run into you again\n|c|\u2606TPD JOHTO|U will\n|l| xuxiansheng\n|l|\u2606jkljlkh\n|l| Vayfulls\n","uploadtime":1700964682,"views":18,"p1id":"tpdjohto","p2id":"jkljlkh","formatid":"gen9nationaldex","rating":1639,"private":0,"password":""}