{"id":"gen9nationaldex-1994073370","p1":"Ace_58","p2":"SnaZzyIsCool","format":"[Gen 9] National Dex","log":"|j|\u2606Ace_58\n|j|\u2606SnaZzyIsCool\n|t:|1700403357\n|gametype|singles\n|player|p1|Ace_58|acetrainer-gen4dp|1190\n|player|p2|SnaZzyIsCool|ethan|1249\n|teamsize|p1|6\n|teamsize|p2|6\n|gen|9\n|tier|[Gen 9] National Dex\n|rated|\n|rule|HP Percentage Mod: HP is shown in percentages\n|rule|Endless Battle Clause: Forcing endless battles is banned\n|rule|OHKO Clause: OHKO moves are banned\n|rule|Evasion Clause: Evasion abilities, items, and moves are banned\n|rule|Evasion Abilities Clause: Evasion abilities are banned\n|rule|Evasion Items Clause: Evasion items are banned\n|rule|Evasion Moves Clause: Evasion moves are banned\n|rule|Species Clause: Limit one of each Pok\u00e9mon\n|rule|Sleep Clause Mod: Limit one foe put to sleep\n|clearpoke\n|poke|p1|Raichu, F|\n|poke|p1|Jolteon, M|\n|poke|p1|Crobat, M|\n|poke|p1|Magmortar, M|\n|poke|p1|Basculegion, M|\n|poke|p1|Great Tusk|\n|poke|p2|Ninetales-Alola, M|\n|poke|p2|Kyurem|\n|poke|p2|Gliscor, F|\n|poke|p2|Rotom-Wash|\n|poke|p2|Iron Valiant|\n|poke|p2|Victini|\n|teampreview\n|\n|t:|1700403382\n|start\n|switch|p1a: Raichu|Raichu, F|100\/100\n|switch|p2a: Ninetales|Ninetales-Alola, M, shiny|100\/100\n|-weather|Snow|[from] ability: Snow Warning|[of] p2a: Ninetales\n|turn|1\n|\n|t:|1700403399\n|move|p2a: Ninetales|Encore||[still]\n|-fail|p2a: Ninetales\n|move|p1a: Raichu|Trailblaze|p2a: Ninetales\n|-damage|p2a: Ninetales|83\/100\n|-boost|p1a: Raichu|spe|1\n|-damage|p1a: Raichu|91\/100|[from] item: Life Orb\n|\n|-weather|Snow|[upkeep]\n|upkeep\n|turn|2\n|\n|t:|1700403411\n|move|p1a: Raichu|Extreme Speed|p2a: Ninetales\n|-damage|p2a: Ninetales|56\/100\n|-damage|p1a: Raichu|81\/100|[from] item: Life Orb\n|move|p2a: Ninetales|Encore|p1a: Raichu\n|-start|p1a: Raichu|Encore\n|\n|-weather|Snow|[upkeep]\n|upkeep\n|turn|3\n|\n|t:|1700403426\n|move|p1a: Raichu|Extreme Speed|p2a: Ninetales\n|-damage|p2a: Ninetales|30\/100\n|-damage|p1a: Raichu|71\/100|[from] item: Life Orb\n|move|p2a: Ninetales|Aurora Veil|p2a: Ninetales\n|-sidestart|p2: SnaZzyIsCool|move: Aurora Veil\n|\n|-weather|Snow|[upkeep]\n|upkeep\n|turn|4\n|\n|t:|1700403435\n|switch|p2a: Kyurem|Kyurem, shiny|100\/100\n|-ability|p2a: Kyurem|Pressure\n|move|p1a: Raichu|Extreme Speed|p2a: Kyurem\n|-damage|p2a: Kyurem|91\/100\n|-damage|p1a: Raichu|61\/100|[from] item: Life Orb\n|\n|-weather|Snow|[upkeep]\n|upkeep\n|turn|5\n|\n|t:|1700403447\n|move|p1a: Raichu|Extreme Speed|p2a: Kyurem\n|-damage|p2a: Kyurem|81\/100\n|-damage|p1a: Raichu|51\/100|[from] item: Life Orb\n|move|p2a: Kyurem|Dragon Dance|p2a: Kyurem\n|-boost|p2a: Kyurem|atk|1\n|-boost|p2a: Kyurem|spe|1\n|\n|-weather|none\n|-end|p1a: Raichu|Encore\n|upkeep\n|turn|6\n|\n|t:|1700403462\n|move|p1a: Raichu|Play Rough|p2a: Kyurem\n|-supereffective|p2a: Kyurem\n|-damage|p2a: Kyurem|49\/100\n|-damage|p1a: Raichu|41\/100|[from] item: Life Orb\n|move|p2a: Kyurem|Scale Shot|p1a: Raichu\n|-crit|p1a: Raichu\n|-damage|p1a: Raichu|0 fnt\n|faint|p1a: Raichu\n|-hitcount|p1: Raichu|1\n|-unboost|p2a: Kyurem|def|1\n|-boost|p2a: Kyurem|spe|1\n|\n|upkeep\n|\n|t:|1700403475\n|switch|p1a: Great Tusk|Great Tusk|100\/100\n|turn|7\n|\n|t:|1700403482\n|move|p2a: Kyurem|Icicle Spear|p1a: Great Tusk\n|-supereffective|p1a: Great Tusk\n|-damage|p1a: Great Tusk|70\/100\n|-supereffective|p1a: Great Tusk\n|-damage|p1a: Great Tusk|40\/100\n|-supereffective|p1a: Great Tusk\n|-damage|p1a: Great Tusk|9\/100\n|-supereffective|p1a: Great Tusk\n|-damage|p1a: Great Tusk|0 fnt\n|faint|p1a: Great Tusk\n|-end|p1a: Great Tusk|Protosynthesis|[silent]\n|-hitcount|p1: Great Tusk|4\n|\n|upkeep\n|\n|t:|1700403492\n|switch|p1a: Magmortar|Magmortar, M|100\/100\n|turn|8\n|\n|t:|1700403504\n|-terastallize|p2a: Kyurem|Dragon\n|move|p2a: Kyurem|Scale Shot|p1a: Magmortar\n|-damage|p1a: Magmortar|57\/100\n|-damage|p1a: Magmortar|12\/100\n|-damage|p1a: Magmortar|0 fnt\n|faint|p1a: Magmortar\n|-hitcount|p1: Magmortar|3\n|-unboost|p2a: Kyurem|def|1\n|-boost|p2a: Kyurem|spe|1\n|\n|upkeep\n|\n|t:|1700403513\n|switch|p1a: Basculegion|Basculegion, M|100\/100\n|turn|9\n|\n|t:|1700403518\n|-terastallize|p1a: Basculegion|Water\n|move|p1a: Basculegion|Aqua Jet|p2a: Kyurem\n|-resisted|p2a: Kyurem\n|-damage|p2a: Kyurem|29\/100\n|move|p2a: Kyurem|Scale Shot|p1a: Basculegion\n|-damage|p1a: Basculegion|61\/100\n|-damage|p1a: Basculegion|23\/100\n|-damage|p1a: Basculegion|0 fnt\n|faint|p1a: Basculegion\n|-hitcount|p1: Basculegion|3\n|-unboost|p2a: Kyurem|def|1\n|-boost|p2a: Kyurem|spe|1\n|\n|upkeep\n|-message|Ace_58 forfeited.\n|\n|win|SnaZzyIsCool\n|raw|Ace_58's rating: 1190 &rarr; <strong>1169<\/strong><br \/>(-21 for losing)\n|raw|SnaZzyIsCool's rating: 1249 &rarr; <strong>1270<\/strong><br \/>(+21 for winning)\n|l|\u2606Ace_58\n","uploadtime":1700403537,"views":5,"p1id":"ace58","p2id":"snazzyiscool","formatid":"gen9nationaldex","rating":1169,"private":0,"password":""}