{"id":"gen9nationaldex-1989141731","p1":"JesusPizzaCrusher","p2":"Azu_CriticalXD","format":"[Gen 9] National Dex","log":"|j|\u2606JesusPizzaCrusher\n|j|\u2606Azu_CriticalXD\n|t:|1699816679\n|gametype|singles\n|player|p1|JesusPizzaCrusher|hugh|\n|player|p2|Azu_CriticalXD|ltsurge|\n|teamsize|p1|6\n|teamsize|p2|6\n|gen|9\n|tier|[Gen 9] National Dex\n|rule|HP Percentage Mod: HP is shown in percentages\n|rule|Endless Battle Clause: Forcing endless battles is banned\n|rule|OHKO Clause: OHKO moves are banned\n|rule|Evasion Clause: Evasion abilities, items, and moves are banned\n|rule|Evasion Abilities Clause: Evasion abilities are banned\n|rule|Evasion Items Clause: Evasion items are banned\n|rule|Evasion Moves Clause: Evasion moves are banned\n|rule|Species Clause: Limit one of each Pok\u00e9mon\n|rule|Sleep Clause Mod: Limit one foe put to sleep\n|clearpoke\n|poke|p1|Scizor, F|\n|poke|p1|Volcarona, F|\n|poke|p1|Pinsir, F|\n|poke|p1|Lokix, F|\n|poke|p1|Galvantula, F|\n|poke|p1|Araquanid, F|\n|poke|p2|Regigigas|\n|poke|p2|Zoroark-Hisui, M|\n|poke|p2|Komala, F|\n|poke|p2|Ursaluna, F|\n|poke|p2|Pidgeot, F|\n|poke|p2|Porygon-Z|\n|teampreview\n|c|\u2606Azu_CriticalXD|casi coloco el team que no era xD\n|\n|t:|1699816704\n|start\n|switch|p1a: Galvantula|Galvantula, F, shiny|100\/100\n|switch|p2a: Fancie|Ursaluna, F, shiny|100\/100\n|turn|1\n|\n|t:|1699816715\n|move|p1a: Galvantula|Sticky Web|p2a: Fancie\n|-sidestart|p2: Azu_CriticalXD|move: Sticky Web\n|move|p2a: Fancie|Earthquake|p1a: Galvantula\n|-enditem|p1a: Galvantula|Focus Sash\n|-damage|p1a: Galvantula|1\/100\n|\n|-status|p2a: Fancie|brn|[from] item: Flame Orb\n|upkeep\n|turn|2\n|\n|t:|1699816725\n|switch|p2a: Zigzag|Komala, F, shiny|100\/100\n|-ability|p2a: Zigzag|Comatose\n|move|p1a: Galvantula|Bug Buzz|p2a: Zigzag\n|-damage|p2a: Zigzag|62\/100\n|\n|upkeep\n|turn|3\n|\n|t:|1699816735\n|move|p1a: Galvantula|Discharge|p2a: Zigzag\n|-damage|p2a: Zigzag|24\/100\n|move|p2a: Zigzag|Rapid Spin|p1a: Galvantula\n|-damage|p1a: Galvantula|0 fnt\n|-boost|p2a: Zigzag|spe|1\n|-sideend|p2: Azu_CriticalXD|Sticky Web|[from] move: Rapid Spin|[of] p2a: Zigzag\n|faint|p1a: Galvantula\n|\n|upkeep\n|\n|t:|1699816753\n|switch|p1a: Scizor|Scizor, F|100\/100\n|turn|4\n|\n|t:|1699816767\n|move|p2a: Zigzag|Sucker Punch||[still]\n|-fail|p2a: Zigzag\n|move|p1a: Scizor|Swords Dance|p1a: Scizor\n|-boost|p1a: Scizor|atk|2\n|\n|upkeep\n|turn|5\n|\n|t:|1699816776\n|move|p2a: Zigzag|U-turn|p1a: Scizor\n|-resisted|p1a: Scizor\n|-damage|p1a: Scizor|91\/100\n|\n|t:|1699816784\n|switch|p2a: Dashy|Pidgeot, F, shiny|100\/100|[from] U-turn\n|move|p1a: Scizor|Swords Dance|p1a: Scizor\n|-boost|p1a: Scizor|atk|2\n|\n|-heal|p1a: Scizor|98\/100|[from] item: Leftovers\n|upkeep\n|turn|6\n|\n|t:|1699816797\n|move|p1a: Scizor|Bullet Punch|p2a: Dashy\n|-enditem|p2a: Dashy|Focus Sash\n|-damage|p2a: Dashy|1\/100\n|replace|p2a: Zero|Zoroark-Hisui, M, shiny\n|-end|p2a: Zero|Illusion\n|move|p2a: Zero|Flamethrower|p1a: Scizor\n|-supereffective|p1a: Scizor\n|-damage|p1a: Scizor|0 fnt\n|faint|p1a: Scizor\n|\n|upkeep\n|c|\u2606Azu_CriticalXD|aaaAAaaa\n|c|\u2606JesusPizzaCrusher|A\n|c|\u2606Azu_CriticalXD|a me asuste\n|\n|t:|1699816815\n|switch|p1a: Guilotine|Pinsir, F|100\/100\n|turn|7\n|\n|t:|1699816827\n|detailschange|p1a: Guilotine|Pinsir-Mega, F\n|-mega|p1a: Guilotine|Pinsir|Pinsirite\n|move|p1a: Guilotine|Quick Attack|p2a: Zero\n|-damage|p2a: Zero|0 fnt\n|faint|p2a: Zero\n|\n|upkeep\n|\n|t:|1699816844\n|switch|p2a: Glitchy.exe|Porygon-Z, shiny|100\/100\n|-ability|p2a: Glitchy.exe|Download|boost\n|-boost|p2a: Glitchy.exe|spa|1\n|turn|8\n|\n|t:|1699816850\n|move|p2a: Glitchy.exe|Thunderbolt|p1a: Guilotine\n|-supereffective|p1a: Guilotine\n|-damage|p1a: Guilotine|0 fnt\n|faint|p1a: Guilotine\n|\n|upkeep\n|\n|t:|1699816857\n|switch|p1a: Kamen Rider|Lokix, F|100\/100\n|turn|9\n|\n|t:|1699816865\n|move|p1a: Kamen Rider|First Impression|p2a: Glitchy.exe\n|-damage|p2a: Glitchy.exe|28\/100\n|-damage|p1a: Kamen Rider|91\/100|[from] item: Life Orb\n|move|p2a: Glitchy.exe|Thunderbolt|p1a: Kamen Rider\n|-damage|p1a: Kamen Rider|0 fnt\n|faint|p1a: Kamen Rider\n|\n|upkeep\n|c|\u2606JesusPizzaCrusher|q u e\n|\n|t:|1699816879\n|switch|p1a: Volcarona|Volcarona, F|100\/100\n|turn|10\n|c|\u2606Azu_CriticalXD|tiene un pa\u00f1uelito con el protoman\n|c|\u2606Azu_CriticalXD|xd\n|\n|t:|1699816906\n|-terastallize|p1a: Volcarona|Fire\n|move|p2a: Glitchy.exe|Thunderbolt|p1a: Volcarona\n|-damage|p1a: Volcarona|56\/100\n|move|p1a: Volcarona|Quiver Dance|p1a: Volcarona\n|-boost|p1a: Volcarona|spa|1\n|-boost|p1a: Volcarona|spd|1\n|-boost|p1a: Volcarona|spe|1\n|\n|upkeep\n|turn|11\n|c|\u2606JesusPizzaCrusher|creo que ya papie\n|\n|t:|1699816918\n|move|p2a: Glitchy.exe|Thunderbolt|p1a: Volcarona\n|-damage|p1a: Volcarona|30\/100\n|move|p1a: Volcarona|Roost|p1a: Volcarona\n|-heal|p1a: Volcarona|80\/100\n|\n|upkeep\n|turn|12\n|\n|t:|1699816925\n|move|p2a: Glitchy.exe|Thunderbolt|p1a: Volcarona\n|-damage|p1a: Volcarona|52\/100\n|move|p1a: Volcarona|Quiver Dance|p1a: Volcarona\n|-boost|p1a: Volcarona|spa|1\n|-boost|p1a: Volcarona|spd|1\n|-boost|p1a: Volcarona|spe|1\n|\n|upkeep\n|turn|13\n|\n|t:|1699816935\n|switch|p2a: Dashy|Pidgeot, F, shiny|100\/100\n|move|p1a: Volcarona|Roost|p1a: Volcarona\n|-heal|p1a: Volcarona|100\/100\n|\n|upkeep\n|turn|14\n|\n|t:|1699816942\n|detailschange|p2a: Dashy|Pidgeot-Mega, F, shiny\n|-mega|p2a: Dashy|Pidgeot|Pidgeotite\n|move|p1a: Volcarona|Fiery Dance|p2a: Dashy\n|-damage|p2a: Dashy|0 fnt\n|-boost|p1a: Volcarona|spa|1\n|faint|p2a: Dashy\n|\n|upkeep\n|c|\u2606Azu_CriticalXD|ya la cague vea?\n|c|\u2606JesusPizzaCrusher|nose\n|c|\u2606JesusPizzaCrusher|yo pense que me iba morir\n|c|\u2606JesusPizzaCrusher|roost me salvo la vida\n|\n|t:|1699816992\n|switch|p2a: Glitchy.exe|Porygon-Z, shiny|28\/100\n|-ability|p2a: Glitchy.exe|Download|boost\n|-boost|p2a: Glitchy.exe|atk|1\n|turn|15\n|\n|t:|1699816998\n|move|p1a: Volcarona|Fiery Dance|p2a: Glitchy.exe\n|-damage|p2a: Glitchy.exe|0 fnt\n|faint|p2a: Glitchy.exe\n|\n|upkeep\n|c|\u2606Azu_CriticalXD|pipipi\n|\n|t:|1699817006\n|switch|p2a: Mecha|Regigigas, shiny|100\/100\n|-start|p2a: Mecha|ability: Slow Start\n|turn|16\n|\n|t:|1699817017\n|move|p1a: Volcarona|Fiery Dance|p2a: Mecha\n|-damage|p2a: Mecha|6\/100\n|-boost|p1a: Volcarona|spa|1\n|move|p2a: Mecha|Thunder Wave|p1a: Volcarona\n|-status|p1a: Volcarona|par\n|\n|-heal|p2a: Mecha|12\/100|[from] item: Leftovers\n|upkeep\n|turn|17\n|c|\u2606Azu_CriticalXD|ooooo\n|c|\u2606Azu_CriticalXD|te amo regipapu\n|c|\u2606JesusPizzaCrusher|todo un grande el regi\n|c|\u2606Azu_CriticalXD|ajjaja\n|c|\u2606JesusPizzaCrusher|puedo respetar a otro regienjoyer\n|c|\u2606Azu_CriticalXD|el poder de la amistad papa\n|c|\u2606Azu_CriticalXD|xd\n|\n|t:|1699817065\n|move|p1a: Volcarona|Fiery Dance|p2a: Mecha\n|-damage|p2a: Mecha|0 fnt\n|faint|p2a: Mecha\n|-end|p2a: Mecha|Slow Start|[silent]\n|\n|upkeep\n|\n|t:|1699817073\n|switch|p2a: Fancie|Ursaluna, F, shiny|100\/100 brn\n|turn|18\n|\n|t:|1699817107\n|move|p1a: Volcarona|Fiery Dance|p2a: Fancie\n|-damage|p2a: Fancie|0 fnt\n|faint|p2a: Fancie\n|\n|upkeep\n|c|\u2606JesusPizzaCrusher|DALEEEE\n|c|\u2606Azu_CriticalXD|si lo hubiera sabido lo fuera sacado antes no la pense bien\n|\n|t:|1699817119\n|switch|p2a: Zigzag|Komala, F, shiny|24\/100\n|-ability|p2a: Zigzag|Comatose\n|turn|19\n|\n|t:|1699817127\n|move|p2a: Zigzag|Sucker Punch|p1a: Volcarona\n|-damage|p1a: Volcarona|83\/100 par\n|cant|p1a: Volcarona|par\n|\n|upkeep\n|turn|20\n|c|\u2606Azu_CriticalXD|xd\n|\n|t:|1699817135\n|move|p2a: Zigzag|Sucker Punch|p1a: Volcarona\n|-damage|p1a: Volcarona|66\/100 par\n|move|p1a: Volcarona|Fiery Dance|p2a: Zigzag\n|-damage|p2a: Zigzag|0 fnt\n|faint|p2a: Zigzag\n|\n|win|JesusPizzaCrusher\n|c|\u2606JesusPizzaCrusher|yay :D\n|c|\u2606Azu_CriticalXD|sis\n|c|\u2606JesusPizzaCrusher|good game\n|c|\u2606JesusPizzaCrusher|estuviste increible\n|c|\u2606Azu_CriticalXD|estuvo bueno\n|c|\u2606Azu_CriticalXD|tengo un problema con la gente que se cheta\n|c|\u2606Azu_CriticalXD|se me olvida que hacer xDDD\n","uploadtime":1699817169,"views":11,"p1id":"jesuspizzacrusher","p2id":"azucriticalxd","formatid":"gen9nationaldex","rating":0,"private":0,"password":""}