{"id":"gen9nationaldex-1993607931","p1":"LocoTrell","p2":"the frost guy","format":"[Gen 9] National Dex","log":"|j|\u2606LocoTrell\n|j|\u2606the frost guy\n|t:|1700336963\n|gametype|singles\n|player|p1|LocoTrell|169|1299\n|player|p2|the frost guy|birdkeeper-gen4dp|1325\n|teamsize|p1|6\n|teamsize|p2|6\n|gen|9\n|tier|[Gen 9] National Dex\n|rated|\n|rule|HP Percentage Mod: HP is shown in percentages\n|rule|Endless Battle Clause: Forcing endless battles is banned\n|rule|OHKO Clause: OHKO moves are banned\n|rule|Evasion Clause: Evasion abilities, items, and moves are banned\n|rule|Evasion Abilities Clause: Evasion abilities are banned\n|rule|Evasion Items Clause: Evasion items are banned\n|rule|Evasion Moves Clause: Evasion moves are banned\n|rule|Species Clause: Limit one of each Pok\u00e9mon\n|rule|Sleep Clause Mod: Limit one foe put to sleep\n|clearpoke\n|poke|p1|Tapu Koko|\n|poke|p1|Iron Valiant|\n|poke|p1|Hawlucha, M|\n|poke|p1|Iron Moth|\n|poke|p1|Landorus-Therian, M|\n|poke|p1|Scizor, M|\n|poke|p2|Skarmory, F|\n|poke|p2|Kyurem|\n|poke|p2|Zapdos|\n|poke|p2|Heatran, M|\n|poke|p2|Dragonite, F|\n|poke|p2|Ferrothorn, M|\n|teampreview\n|j| Mudkipsimp\n|c|\u2606the frost guy|glhf\n|\n|t:|1700336974\n|start\n|switch|p1a: Landorus|Landorus-Therian, M|100\/100\n|switch|p2a: Heatran|Heatran, M|100\/100\n|-ability|p1a: Landorus|Intimidate|boost\n|-unboost|p2a: Heatran|atk|1\n|-item|p2a: Heatran|Air Balloon\n|turn|1\n|c| Mudkipsimp|What is going on gamers\n|c| Mudkipsimp|The goat heatran\n|\n|t:|1700336985\n|move|p1a: Landorus|U-turn|p2a: Heatran\n|-resisted|p2a: Heatran\n|-damage|p2a: Heatran|96\/100\n|-enditem|p2a: Heatran|Air Balloon\n|\n|t:|1700336994\n|switch|p1a: Iron Moth|Iron Moth|100\/100|[from] U-turn\n|move|p2a: Heatran|Magma Storm|p1a: Iron Moth|[miss]\n|-miss|p2a: Heatran|p1a: Iron Moth\n|\n|upkeep\n|turn|2\n|\n|t:|1700337003\n|-terastallize|p1a: Iron Moth|Ground\n|move|p1a: Iron Moth|Tera Blast|p2a: Heatran|[anim] Tera Blast Ground\n|-supereffective|p2a: Heatran\n|-damage|p2a: Heatran|0 fnt\n|faint|p2a: Heatran\n|\n|upkeep\n|\n|t:|1700337018\n|switch|p2a: Ferrothorn|Ferrothorn, M|100\/100\n|turn|3\n|c| Mudkipsimp|so important question\n|c|\u2606the frost guy|whar\n|\n|t:|1700337033\n|-terastallize|p2a: Ferrothorn|Fire\n|move|p1a: Iron Moth|Fiery Dance|p2a: Ferrothorn\n|-resisted|p2a: Ferrothorn\n|-damage|p2a: Ferrothorn|83\/100\n|move|p2a: Ferrothorn|Power Whip|p1a: Iron Moth\n|-supereffective|p1a: Iron Moth\n|-damage|p1a: Iron Moth|0 fnt\n|faint|p1a: Iron Moth\n|-end|p1a: Iron Moth|Quark Drive|[silent]\n|\n|upkeep\n|c| Mudkipsimp|why ferrothorn into a fire type??\n|c| Mudkipsimp|ohhh\n|\n|t:|1700337041\n|switch|p1a: Landorus|Landorus-Therian, M|100\/100\n|-ability|p1a: Landorus|Intimidate|boost\n|-unboost|p2a: Ferrothorn|atk|1\n|turn|4\n|c| Mudkipsimp|mb\n|c|\u2606the frost guy|to resist fire\n|c|\u2606the frost guy|silly\n|\n|t:|1700337057\n|switch|p2a: Dragonite|Dragonite, F|100\/100\n|move|p1a: Landorus|Stealth Rock|p2a: Dragonite\n|-sidestart|p2: the frost guy|move: Stealth Rock\n|\n|upkeep\n|turn|5\n|\n|t:|1700337062\n|move|p1a: Landorus|Hidden Power|p2a: Dragonite\n|-supereffective|p2a: Dragonite\n|-damage|p2a: Dragonite|76\/100\n|move|p2a: Dragonite|Dragon Dance|p2a: Dragonite\n|-boost|p2a: Dragonite|atk|1\n|-boost|p2a: Dragonite|spe|1\n|\n|upkeep\n|turn|6\n|c| Mudkipsimp|Did you just let it set up rocks\n|\n|t:|1700337071\n|move|p2a: Dragonite|Dragon Dance|p2a: Dragonite\n|-boost|p2a: Dragonite|atk|1\n|-boost|p2a: Dragonite|spe|1\n|move|p1a: Landorus|Hidden Power|p2a: Dragonite\n|-supereffective|p2a: Dragonite\n|-damage|p2a: Dragonite|22\/100\n|\n|upkeep\n|turn|7\n|c|\u2606the frost guy|yes\n|\n|t:|1700337080\n|move|p2a: Dragonite|Dragon Claw|p1a: Landorus\n|-damage|p1a: Landorus|15\/100\n|-damage|p2a: Dragonite|6\/100|[from] item: Rocky Helmet|[of] p1a: Landorus\n|move|p1a: Landorus|Hidden Power|p2a: Dragonite\n|-supereffective|p2a: Dragonite\n|-damage|p2a: Dragonite|0 fnt\n|faint|p2a: Dragonite\n|\n|upkeep\n|c| Mudkipsimp|You could of used any move on dragonnite\n|c| Mudkipsimp|like any physical move\n|c| Mudkipsimp|why did you pick dragon claw\n|c| Mudkipsimp|did you have nothing else\n|c|\u2606the frost guy|because its stab\n|c|\u2606the frost guy|and i dont wanna outrage into a fairy type\n|c| Mudkipsimp|Should of used dragon rush for the hahas\n|c|\u2606the frost guy|no\n|\n|t:|1700337123\n|switch|p2a: Kyurem|Kyurem|100\/100\n|-damage|p2a: Kyurem|76\/100|[from] Stealth Rock\n|-ability|p2a: Kyurem|Pressure\n|turn|8\n|\n|t:|1700337130\n|move|p1a: Landorus|Earthquake|p2a: Kyurem\n|-crit|p2a: Kyurem\n|-damage|p2a: Kyurem|13\/100\n|move|p2a: Kyurem|Icicle Spear|p1a: Landorus\n|-supereffective|p1a: Landorus\n|-damage|p1a: Landorus|0 fnt\n|faint|p1a: Landorus\n|-hitcount|p1: Landorus|1\n|\n|upkeep\n|c| Mudkipsimp|See its joever\n|\n|t:|1700337141\n|switch|p1a: Scizor|Scizor, M|100\/100\n|turn|9\n|\n|t:|1700337154\n|detailschange|p1a: Scizor|Scizor-Mega, M\n|-mega|p1a: Scizor|Scizor|Scizorite\n|move|p2a: Kyurem|Scale Shot|p1a: Scizor\n|-resisted|p1a: Scizor\n|-damage|p1a: Scizor|94\/100\n|-resisted|p1a: Scizor\n|-damage|p1a: Scizor|88\/100\n|-resisted|p1a: Scizor\n|-damage|p1a: Scizor|81\/100\n|-resisted|p1a: Scizor\n|-damage|p1a: Scizor|76\/100\n|-resisted|p1a: Scizor\n|-damage|p1a: Scizor|70\/100\n|-hitcount|p1a: Scizor|5\n|-unboost|p2a: Kyurem|def|1\n|-boost|p2a: Kyurem|spe|1\n|move|p1a: Scizor|Swords Dance|p1a: Scizor\n|-boost|p1a: Scizor|atk|2\n|\n|upkeep\n|turn|10\n|c| Mudkipsimp|huh?\n|c|\u2606the frost guy|i was expecting a bullet punch\n|c|\u2606the frost guy|oops\n|\n|t:|1700337171\n|move|p1a: Scizor|Bullet Punch|p2a: Kyurem\n|-supereffective|p2a: Kyurem\n|-damage|p2a: Kyurem|0 fnt\n|faint|p2a: Kyurem\n|\n|upkeep\n|\n|t:|1700337182\n|switch|p2a: Skarmory|Skarmory, F|100\/100\n|-damage|p2a: Skarmory|88\/100|[from] Stealth Rock\n|turn|11\n|\n|t:|1700337186\n|move|p1a: Scizor|Close Combat|p2a: Skarmory\n|-damage|p2a: Skarmory|14\/100\n|-unboost|p1a: Scizor|def|1\n|-unboost|p1a: Scizor|spd|1\n|-ability|p2a: Skarmory|Weak Armor|boost\n|-unboost|p2a: Skarmory|def|1\n|-boost|p2a: Skarmory|spe|2\n|move|p2a: Skarmory|Swords Dance|p2a: Skarmory\n|-boost|p2a: Skarmory|atk|2\n|\n|upkeep\n|turn|12\n|\n|t:|1700337207\n|move|p2a: Skarmory|Brave Bird|p1a: Scizor\n|-damage|p1a: Scizor|0 fnt\n|faint|p1a: Scizor\n|-damage|p2a: Skarmory|0 fnt|[from] Recoil\n|faint|p2a: Skarmory\n|\n|upkeep\n|c|\u2606the frost guy|no bp?\n|\n|t:|1700337216\n|switch|p1a: Tapu Koko|Tapu Koko|100\/100\n|switch|p2a: Zapdos|Zapdos|100\/100\n|-fieldstart|move: Electric Terrain|[from] ability: Electric Surge|[of] p1a: Tapu Koko\n|-damage|p2a: Zapdos|75\/100|[from] Stealth Rock\n|turn|13\n|\n|t:|1700337224\n|move|p1a: Tapu Koko|Thunderbolt|p2a: Zapdos\n|-damage|p2a: Zapdos|25\/100\n|move|p2a: Zapdos|Roost|p2a: Zapdos\n|-heal|p2a: Zapdos|75\/100\n|-singleturn|p2a: Zapdos|move: Roost\n|\n|-heal|p2a: Zapdos|81\/100|[from] item: Leftovers\n|upkeep\n|turn|14\n|\n|t:|1700337236\n|move|p1a: Tapu Koko|Thunderbolt|p2a: Zapdos\n|-damage|p2a: Zapdos|33\/100\n|move|p2a: Zapdos|Whirlwind|p1a: Tapu Koko\n|drag|p1a: Hawlucha|Hawlucha, M|100\/100\n|-enditem|p1a: Hawlucha|Electric Seed\n|-boost|p1a: Hawlucha|def|1|[from] item: Electric Seed\n|\n|-heal|p2a: Zapdos|39\/100|[from] item: Leftovers\n|upkeep\n|turn|15\n|\n|t:|1700337249\n|move|p1a: Hawlucha|Acrobatics|p2a: Zapdos\n|-resisted|p2a: Zapdos\n|-damage|p2a: Zapdos|16\/100\n|move|p2a: Zapdos|Volt Switch|p1a: Hawlucha\n|-supereffective|p1a: Hawlucha\n|-damage|p1a: Hawlucha|0 fnt\n|faint|p1a: Hawlucha\n|\n|t:|1700337256\n|switch|p2a: Ferrothorn|Ferrothorn, M, tera:Fire|83\/100|[from] Volt Switch\n|-damage|p2a: Ferrothorn|58\/100|[from] Stealth Rock\n|\n|upkeep\n|c| Mudkipsimp|I love you ferrothorn\n|\n|t:|1700337264\n|switch|p1a: Iron Valiant|Iron Valiant|100\/100\n|-activate|p1a: Iron Valiant|ability: Quark Drive\n|-start|p1a: Iron Valiant|quarkdrivespe\n|turn|16\n|c| Mudkipsimp|its joever\n|\n|t:|1700337270\n|move|p1a: Iron Valiant|Thunderbolt|p2a: Ferrothorn\n|-crit|p2a: Ferrothorn\n|-damage|p2a: Ferrothorn|0 fnt\n|faint|p2a: Ferrothorn\n|-damage|p1a: Iron Valiant|91\/100|[from] item: Life Orb\n|\n|upkeep\n|\n|t:|1700337279\n|switch|p2a: Zapdos|Zapdos|16\/100\n|-damage|p2a: Zapdos|0 fnt|[from] Stealth Rock\n|faint|p2a: Zapdos\n|\n|win|LocoTrell\n|raw|LocoTrell's rating: 1299 &rarr; <strong>1326<\/strong><br \/>(+27 for winning)\n|raw|the frost guy's rating: 1325 &rarr; <strong>1304<\/strong><br \/>(-21 for losing)\n|c|\u2606the frost guy|gg\n|c| Mudkipsimp|gg\n|l|\u2606the frost guy\n","uploadtime":1700337292,"views":6,"p1id":"locotrell","p2id":"thefrostguy","formatid":"gen9nationaldex","rating":1304,"private":0,"password":""}