{"id":"gen9nationaldex-1988754862","p1":"ADDosd\u5c0f\u9668\u661f\u4fa0","p2":"wppoprpo","format":"[Gen 9] National Dex","log":"|j|\u2606ADDosd\u5c0f\u9668\u661f\u4fa0\n|j|\u2606wppoprpo\n|t:|1699758921\n|gametype|singles\n|player|p1|ADDosd\u5c0f\u9668\u661f\u4fa0|youngster-gen1rb|1226\n|player|p2|wppoprpo|blue|1169\n|teamsize|p1|6\n|teamsize|p2|6\n|gen|9\n|tier|[Gen 9] National Dex\n|rated|\n|rule|HP Percentage Mod: HP is shown in percentages\n|rule|Endless Battle Clause: Forcing endless battles is banned\n|rule|OHKO Clause: OHKO moves are banned\n|rule|Evasion Clause: Evasion abilities, items, and moves are banned\n|rule|Evasion Abilities Clause: Evasion abilities are banned\n|rule|Evasion Items Clause: Evasion items are banned\n|rule|Evasion Moves Clause: Evasion moves are banned\n|rule|Species Clause: Limit one of each Pok\u00e9mon\n|rule|Sleep Clause Mod: Limit one foe put to sleep\n|clearpoke\n|poke|p1|Zapdos-Galar|\n|poke|p1|Heliolisk, F|\n|poke|p1|Aegislash, F|\n|poke|p1|Rotom-Wash|\n|poke|p1|Dragonite, F|\n|poke|p1|Lokix, F|\n|poke|p2|Garganacl, M|\n|poke|p2|Moltres|\n|poke|p2|Hoopa-Unbound|\n|poke|p2|Greninja-*, F|\n|poke|p2|Ursaluna, M|\n|poke|p2|Scizor, M|\n|teampreview\n|inactive|Battle timer is ON: inactive players will automatically lose when time's up. (requested by wppoprpo)\n|\n|t:|1699758955\n|start\n|switch|p1a: Heliolisk|Heliolisk, F|100\/100\n|switch|p2a: Ursaluna|Ursaluna, M|100\/100\n|turn|1\n|\n|t:|1699758981\n|move|p1a: Heliolisk|Surf|p2a: Ursaluna\n|-supereffective|p2a: Ursaluna\n|-damage|p2a: Ursaluna|44\/100\n|move|p2a: Ursaluna|Fire Punch|p1a: Heliolisk\n|-damage|p1a: Heliolisk|34\/100\n|\n|-status|p2a: Ursaluna|brn|[from] item: Flame Orb\n|upkeep\n|turn|2\n|\n|t:|1699758999\n|switch|p2a: Scizor|Scizor, M|100\/100\n|move|p1a: Heliolisk|Surf|p2a: Scizor\n|-damage|p2a: Scizor|76\/100\n|\n|upkeep\n|turn|3\n|\n|t:|1699759016\n|switch|p1a: Rotom|Rotom-Wash|100\/100\n|detailschange|p2a: Scizor|Scizor-Mega, M\n|-mega|p2a: Scizor|Scizor|Scizorite\n|move|p2a: Scizor|Bullet Punch|p1a: Rotom\n|-resisted|p1a: Rotom\n|-damage|p1a: Rotom|93\/100\n|\n|-heal|p1a: Rotom|99\/100|[from] item: Leftovers\n|upkeep\n|turn|4\n|\n|t:|1699759027\n|move|p1a: Rotom|Substitute|p1a: Rotom\n|-start|p1a: Rotom|Substitute\n|-damage|p1a: Rotom|74\/100\n|move|p2a: Scizor|U-turn|p1a: Rotom\n|-end|p1a: Rotom|Substitute\n|\n|t:|1699759042\n|switch|p2a: Hoopa|Hoopa-Unbound|100\/100|[from] U-turn\n|\n|-heal|p1a: Rotom|80\/100|[from] item: Leftovers\n|upkeep\n|turn|5\n|\n|t:|1699759067\n|switch|p1a: Heliolisk|Heliolisk, F|34\/100\n|move|p2a: Hoopa|Dark Pulse|p1a: Heliolisk\n|-damage|p1a: Heliolisk|0 fnt\n|faint|p1a: Heliolisk\n|\n|upkeep\n|\n|t:|1699759073\n|switch|p1a: Lokix|Lokix, F|100\/100\n|turn|6\n|\n|t:|1699759078\n|switch|p2a: Moltres|Moltres|100\/100\n|move|p1a: Lokix|Swords Dance|p1a: Lokix\n|-boost|p1a: Lokix|atk|2\n|\n|upkeep\n|turn|7\n|\n|t:|1699759085\n|-terastallize|p1a: Lokix|Dark\n|move|p1a: Lokix|Throat Chop|p2a: Moltres\n|-crit|p2a: Moltres\n|-damage|p2a: Moltres|0 fnt\n|faint|p2a: Moltres\n|\n|upkeep\n|\n|t:|1699759108\n|switch|p2a: Greninja|Greninja, F|100\/100\n|turn|8\n|inactive|wppoprpo has 120 seconds left.\n|\n|t:|1699759130\n|move|p1a: Lokix|Sucker Punch|p2a: Greninja\n|-resisted|p2a: Greninja\n|-damage|p2a: Greninja|0 fnt\n|faint|p2a: Greninja\n|\n|upkeep\n|inactive|wppoprpo has 120 seconds left.\n|\n|t:|1699759139\n|switch|p2a: Scizor|Scizor-Mega, M|76\/100\n|turn|9\n|\n|t:|1699759146\n|move|p1a: Lokix|Throat Chop|p2a: Scizor\n|-damage|p2a: Scizor|0 fnt\n|faint|p2a: Scizor\n|\n|upkeep\n|\n|t:|1699759150\n|switch|p2a: Garganacl|Garganacl, M|100\/100\n|turn|10\n|\n|t:|1699759157\n|-terastallize|p2a: Garganacl|Fairy\n|move|p1a: Lokix|Throat Chop|p2a: Garganacl\n|-resisted|p2a: Garganacl\n|-damage|p2a: Garganacl|39\/100\n|-start|p2a: Garganacl|Throat Chop|[silent]\n|move|p2a: Garganacl|Salt Cure|p1a: Lokix\n|-damage|p1a: Lokix|81\/100\n|-start|p1a: Lokix|Salt Cure\n|\n|-heal|p2a: Garganacl|45\/100|[from] item: Leftovers\n|-damage|p1a: Lokix|69\/100|[from] Salt Cure\n|upkeep\n|turn|11\n|\n|t:|1699759168\n|move|p2a: Garganacl|Protect|p2a: Garganacl\n|-singleturn|p2a: Garganacl|Protect\n|move|p1a: Lokix|Throat Chop|p2a: Garganacl\n|-activate|p2a: Garganacl|move: Protect\n|\n|-heal|p2a: Garganacl|51\/100|[from] item: Leftovers\n|-damage|p1a: Lokix|57\/100|[from] Salt Cure\n|-end|p2a: Garganacl|Throat Chop|[silent]\n|upkeep\n|turn|12\n|\n|t:|1699759178\n|switch|p2a: Ursaluna|Ursaluna, M|44\/100 brn\n|move|p1a: Lokix|Throat Chop|p2a: Ursaluna\n|-damage|p2a: Ursaluna|0 fnt\n|faint|p2a: Ursaluna\n|\n|-damage|p1a: Lokix|45\/100|[from] Salt Cure\n|upkeep\n|\n|t:|1699759187\n|switch|p2a: Hoopa|Hoopa-Unbound|100\/100\n|turn|13\n|\n|t:|1699759190\n|move|p1a: Lokix|Sucker Punch|p2a: Hoopa\n|-damage|p2a: Hoopa|0 fnt\n|faint|p2a: Hoopa\n|\n|-damage|p1a: Lokix|32\/100|[from] Salt Cure\n|upkeep\n|\n|t:|1699759196\n|switch|p2a: Garganacl|Garganacl, M, tera:Fairy|51\/100\n|turn|14\n|-message|wppoprpo forfeited.\n|\n|win|ADDosd\u5c0f\u9668\u661f\u4fa0\n|raw|ADDosd\u5c0f\u9668\u661f\u4fa0's rating: 1226 &rarr; <strong>1247<\/strong><br \/>(+21 for winning)\n|raw|wppoprpo's rating: 1169 &rarr; <strong>1148<\/strong><br \/>(-21 for losing)\n|l|\u2606wppoprpo\n","uploadtime":1699759214,"views":4,"p1id":"addosd","p2id":"wppoprpo","formatid":"gen9nationaldex","rating":1148,"private":0,"password":""}