{"id":"gen9nationaldex-2000649113","p1":"by pekka","p2":"smeargleenjoyer259","format":"[Gen 9] National Dex","log":"|html|<div class=\"broadcast-blue\"><strong>[Gen 9] National Dex is currently suspecting Sneasler! For information on how to participate check out the <a href=\"https:\/\/www.smogon.com\/forums\/threads\/sv-national-dex-suspect-8-just-dance.3731534\/\">suspect thread<\/a>.<\/strong><\/div>\n|j|\u2606by pekka\n|j|\u2606smeargleenjoyer259\n|t:|1701214441\n|gametype|singles\n|player|p1|by pekka|hilbert|1279\n|player|p2|smeargleenjoyer259|schoolkid|1209\n|teamsize|p1|6\n|teamsize|p2|6\n|gen|9\n|tier|[Gen 9] National Dex\n|rated|\n|rule|HP Percentage Mod: HP is shown in percentages\n|rule|Endless Battle Clause: Forcing endless battles is banned\n|rule|OHKO Clause: OHKO moves are banned\n|rule|Evasion Clause: Evasion abilities, items, and moves are banned\n|rule|Evasion Abilities Clause: Evasion abilities are banned\n|rule|Evasion Items Clause: Evasion items are banned\n|rule|Evasion Moves Clause: Evasion moves are banned\n|rule|Species Clause: Limit one of each Pok\u00e9mon\n|rule|Sleep Clause Mod: Limit one foe put to sleep\n|clearpoke\n|poke|p1|Gliscor, F|\n|poke|p1|Clefable, F|\n|poke|p1|Dondozo, M|\n|poke|p1|Blissey, F|\n|poke|p1|Skeledirge, M|\n|poke|p1|Latias, F|\n|poke|p2|Forretress, F|\n|poke|p2|Haxorus, F|\n|poke|p2|Crawdaunt, M|\n|poke|p2|Tangrowth, M|\n|poke|p2|Incineroar, F|\n|poke|p2|Clodsire, M|\n|teampreview\n|\n|t:|1701214459\n|start\n|switch|p1a: Gliscor|Gliscor, F|100\/100\n|switch|p2a: Crawdaunt|Crawdaunt, M|100\/100\n|turn|1\n|\n|t:|1701214467\n|move|p1a: Gliscor|Toxic|p2a: Crawdaunt\n|-status|p2a: Crawdaunt|tox\n|-zpower|p2a: Crawdaunt\n|move|p2a: Crawdaunt|Hydro Vortex|p1a: Gliscor|[zeffect]\n|-supereffective|p1a: Gliscor\n|-damage|p1a: Gliscor|0 fnt\n|faint|p1a: Gliscor\n|\n|-damage|p2a: Crawdaunt|95\/100 tox|[from] psn\n|upkeep\n|\n|t:|1701214472\n|switch|p1a: Dondozo|Dondozo, M|100\/100\n|turn|2\n|\n|t:|1701214476\n|move|p2a: Crawdaunt|Knock Off|p1a: Dondozo\n|-damage|p1a: Dondozo|70\/100\n|-enditem|p1a: Dondozo|Heavy-Duty Boots|[from] move: Knock Off|[of] p2a: Crawdaunt\n|move|p1a: Dondozo|Body Press|p2a: Crawdaunt\n|-supereffective|p2a: Crawdaunt\n|-damage|p2a: Crawdaunt|17\/100 tox\n|\n|-damage|p2a: Crawdaunt|5\/100 tox|[from] psn\n|upkeep\n|turn|3\n|inactive|Battle timer is ON: inactive players will automatically lose when time's up. (requested by by pekka)\n|inactive|smeargleenjoyer259 has 120 seconds left.\n|\n|t:|1701214542\n|switch|p2a: Clodsire|Clodsire, M|100\/100\n|move|p1a: Dondozo|Rest|p1a: Dondozo\n|-status|p1a: Dondozo|slp|[from] move: Rest\n|-heal|p1a: Dondozo|100\/100 slp|[silent]\n|\n|upkeep\n|turn|4\n|\n|t:|1701214565\n|switch|p2a: Tangrowth|Tangrowth, M|100\/100\n|cant|p1a: Dondozo|slp\n|move|p1a: Dondozo|Sleep Talk|p1a: Dondozo\n|move|p1a: Dondozo|Body Press|p2a: Tangrowth|[from]move: Sleep Talk\n|-damage|p2a: Tangrowth|84\/100\n|-damage|p1a: Dondozo|84\/100 slp|[from] item: Rocky Helmet|[of] p2a: Tangrowth\n|\n|upkeep\n|turn|5\n|\n|t:|1701214576\n|switch|p1a: Skeledirge|Skeledirge, M|100\/100\n|move|p2a: Tangrowth|Giga Drain|p1a: Skeledirge\n|-resisted|p1a: Skeledirge\n|-damage|p1a: Skeledirge|91\/100\n|-heal|p2a: Tangrowth|89\/100|[from] drain|[of] p1a: Skeledirge\n|\n|upkeep\n|turn|6\n|\n|t:|1701214592\n|switch|p2a: Incineroar|Incineroar, F|100\/100\n|-ability|p2a: Incineroar|Intimidate|boost\n|-unboost|p1a: Skeledirge|atk|1\n|move|p1a: Skeledirge|Torch Song|p2a: Incineroar\n|-resisted|p2a: Incineroar\n|-damage|p2a: Incineroar|90\/100\n|-boost|p1a: Skeledirge|spa|1\n|\n|upkeep\n|turn|7\n|inactive|by pekka has 120 seconds left.\n|\n|t:|1701214609\n|switch|p1a: Dondozo|Dondozo, M|84\/100 slp\n|move|p2a: Incineroar|Knock Off|p1a: Dondozo\n|-damage|p1a: Dondozo|72\/100 slp\n|\n|upkeep\n|turn|8\n|\n|t:|1701214616\n|move|p2a: Incineroar|Parting Shot|p1a: Dondozo\n|-unboost|p1a: Dondozo|atk|1\n|-unboost|p1a: Dondozo|spa|1\n|\n|t:|1701214625\n|switch|p2a: Haxorus|Haxorus, F|100\/100|[from] Parting Shot\n|-ability|p2a: Haxorus|Mold Breaker\n|cant|p1a: Dondozo|slp\n|move|p1a: Dondozo|Sleep Talk|p1a: Dondozo\n|move|p1a: Dondozo|Rest||[from]move: Sleep Talk|[still]\n|-fail|p1a: Dondozo\n|\n|upkeep\n|turn|9\n|\n|t:|1701214640\n|switch|p1a: Clefable|Clefable, F|100\/100\n|move|p2a: Haxorus|Swords Dance|p2a: Haxorus\n|-boost|p2a: Haxorus|atk|2\n|\n|upkeep\n|turn|10\n|\n|t:|1701214648\n|move|p2a: Haxorus|Earthquake|p1a: Clefable\n|-damage|p1a: Clefable|26\/100\n|-damage|p2a: Haxorus|91\/100|[from] item: Life Orb\n|move|p1a: Clefable|Moonblast|p2a: Haxorus\n|-supereffective|p2a: Haxorus\n|-damage|p2a: Haxorus|0 fnt\n|faint|p2a: Haxorus\n|\n|-heal|p1a: Clefable|32\/100|[from] item: Leftovers\n|upkeep\n|\n|t:|1701214654\n|switch|p2a: Crawdaunt|Crawdaunt, M|5\/100 tox\n|turn|11\n|\n|t:|1701214659\n|move|p2a: Crawdaunt|Aqua Jet|p1a: Clefable\n|-damage|p1a: Clefable|8\/100\n|move|p1a: Clefable|Soft-Boiled|p1a: Clefable\n|-heal|p1a: Clefable|58\/100\n|\n|-heal|p1a: Clefable|64\/100|[from] item: Leftovers\n|-damage|p2a: Crawdaunt|0 fnt|[from] psn\n|faint|p2a: Crawdaunt\n|upkeep\n|\n|t:|1701214667\n|switch|p2a: Forretress|Forretress, F|100\/100\n|turn|12\n|\n|t:|1701214680\n|switch|p1a: Skeledirge|Skeledirge, M|91\/100\n|move|p2a: Forretress|Spikes|p1a: Skeledirge\n|-sidestart|p1: by pekka|Spikes\n|\n|upkeep\n|turn|13\n|\n|t:|1701214689\n|switch|p2a: Clodsire|Clodsire, M|100\/100\n|move|p1a: Skeledirge|Torch Song|p2a: Clodsire\n|-damage|p2a: Clodsire|82\/100\n|-boost|p1a: Skeledirge|spa|1\n|\n|-heal|p2a: Clodsire|88\/100|[from] item: Leftovers\n|upkeep\n|turn|14\n|\n|t:|1701214702\n|move|p1a: Skeledirge|Will-O-Wisp|p2a: Clodsire\n|-status|p2a: Clodsire|brn\n|move|p2a: Clodsire|Earthquake|p1a: Skeledirge\n|-supereffective|p1a: Skeledirge\n|-damage|p1a: Skeledirge|68\/100\n|\n|-heal|p2a: Clodsire|94\/100 brn|[from] item: Leftovers\n|-damage|p2a: Clodsire|88\/100 brn|[from] brn\n|upkeep\n|turn|15\n|\n|t:|1701214711\n|move|p1a: Skeledirge|Hex|p2a: Clodsire\n|-damage|p2a: Clodsire|62\/100 brn\n|move|p2a: Clodsire|Haze|p2a: Clodsire\n|-clearallboost\n|\n|-heal|p2a: Clodsire|68\/100 brn|[from] item: Leftovers\n|-damage|p2a: Clodsire|62\/100 brn|[from] brn\n|upkeep\n|turn|16\n|\n|t:|1701214717\n|move|p1a: Skeledirge|Hex|p2a: Clodsire\n|-damage|p2a: Clodsire|35\/100 brn\n|move|p2a: Clodsire|Recover|p2a: Clodsire\n|-heal|p2a: Clodsire|85\/100 brn\n|\n|-heal|p2a: Clodsire|91\/100 brn|[from] item: Leftovers\n|-damage|p2a: Clodsire|85\/100 brn|[from] brn\n|upkeep\n|turn|17\n|\n|t:|1701214745\n|-terastallize|p1a: Skeledirge|Steel\n|move|p1a: Skeledirge|Torch Song|p2a: Clodsire\n|-damage|p2a: Clodsire|68\/100 brn\n|-boost|p1a: Skeledirge|spa|1\n|move|p2a: Clodsire|Earthquake|p1a: Skeledirge\n|-supereffective|p1a: Skeledirge\n|-damage|p1a: Skeledirge|44\/100\n|\n|-heal|p2a: Clodsire|74\/100 brn|[from] item: Leftovers\n|-damage|p2a: Clodsire|68\/100 brn|[from] brn\n|upkeep\n|turn|18\n|\n|t:|1701214757\n|move|p1a: Skeledirge|Slack Off|p1a: Skeledirge\n|-heal|p1a: Skeledirge|94\/100\n|move|p2a: Clodsire|Earthquake|p1a: Skeledirge\n|-supereffective|p1a: Skeledirge\n|-damage|p1a: Skeledirge|72\/100\n|\n|-heal|p2a: Clodsire|74\/100 brn|[from] item: Leftovers\n|-damage|p2a: Clodsire|68\/100 brn|[from] brn\n|upkeep\n|turn|19\n|\n|t:|1701214764\n|move|p1a: Skeledirge|Torch Song|p2a: Clodsire\n|-damage|p2a: Clodsire|49\/100 brn\n|-boost|p1a: Skeledirge|spa|1\n|move|p2a: Clodsire|Haze|p2a: Clodsire\n|-clearallboost\n|\n|-heal|p2a: Clodsire|55\/100 brn|[from] item: Leftovers\n|-damage|p2a: Clodsire|49\/100 brn|[from] brn\n|upkeep\n|turn|20\n|\n|t:|1701214771\n|move|p1a: Skeledirge|Torch Song|p2a: Clodsire\n|-damage|p2a: Clodsire|32\/100 brn\n|-boost|p1a: Skeledirge|spa|1\n|move|p2a: Clodsire|Recover|p2a: Clodsire\n|-heal|p2a: Clodsire|82\/100 brn\n|\n|-heal|p2a: Clodsire|88\/100 brn|[from] item: Leftovers\n|-damage|p2a: Clodsire|82\/100 brn|[from] brn\n|upkeep\n|turn|21\n|\n|t:|1701214776\n|move|p1a: Skeledirge|Torch Song|p2a: Clodsire\n|-damage|p2a: Clodsire|66\/100 brn\n|-boost|p1a: Skeledirge|spa|1\n|move|p2a: Clodsire|Earthquake|p1a: Skeledirge\n|-supereffective|p1a: Skeledirge\n|-damage|p1a: Skeledirge|48\/100\n|\n|-heal|p2a: Clodsire|72\/100 brn|[from] item: Leftovers\n|-damage|p2a: Clodsire|66\/100 brn|[from] brn\n|upkeep\n|turn|22\n|\n|t:|1701214783\n|move|p1a: Skeledirge|Hex|p2a: Clodsire\n|-damage|p2a: Clodsire|36\/100 brn\n|move|p2a: Clodsire|Earthquake|p1a: Skeledirge\n|-supereffective|p1a: Skeledirge\n|-damage|p1a: Skeledirge|27\/100\n|\n|-heal|p2a: Clodsire|43\/100 brn|[from] item: Leftovers\n|-damage|p2a: Clodsire|36\/100 brn|[from] brn\n|upkeep\n|turn|23\n|\n|t:|1701214787\n|move|p1a: Skeledirge|Slack Off|p1a: Skeledirge\n|-heal|p1a: Skeledirge|77\/100\n|move|p2a: Clodsire|Recover|p2a: Clodsire\n|-heal|p2a: Clodsire|86\/100 brn\n|\n|-heal|p2a: Clodsire|93\/100 brn|[from] item: Leftovers\n|-damage|p2a: Clodsire|86\/100 brn|[from] brn\n|upkeep\n|turn|24\n|\n|t:|1701214794\n|move|p1a: Skeledirge|Torch Song|p2a: Clodsire\n|-damage|p2a: Clodsire|70\/100 brn\n|-boost|p1a: Skeledirge|spa|1\n|move|p2a: Clodsire|Earthquake|p1a: Skeledirge\n|-supereffective|p1a: Skeledirge\n|-damage|p1a: Skeledirge|53\/100\n|\n|-heal|p2a: Clodsire|76\/100 brn|[from] item: Leftovers\n|-damage|p2a: Clodsire|70\/100 brn|[from] brn\n|upkeep\n|turn|25\n|\n|t:|1701214802\n|move|p1a: Skeledirge|Torch Song|p2a: Clodsire\n|-damage|p2a: Clodsire|53\/100 brn\n|-boost|p1a: Skeledirge|spa|1\n|move|p2a: Clodsire|Earthquake|p1a: Skeledirge\n|-supereffective|p1a: Skeledirge\n|-damage|p1a: Skeledirge|30\/100\n|\n|-heal|p2a: Clodsire|59\/100 brn|[from] item: Leftovers\n|-damage|p2a: Clodsire|53\/100 brn|[from] brn\n|upkeep\n|turn|26\n|\n|t:|1701214805\n|move|p1a: Skeledirge|Slack Off|p1a: Skeledirge\n|-heal|p1a: Skeledirge|80\/100\n|move|p2a: Clodsire|Earthquake|p1a: Skeledirge\n|-supereffective|p1a: Skeledirge\n|-damage|p1a: Skeledirge|57\/100\n|\n|-heal|p2a: Clodsire|59\/100 brn|[from] item: Leftovers\n|-damage|p2a: Clodsire|53\/100 brn|[from] brn\n|upkeep\n|turn|27\n|\n|t:|1701214809\n|move|p1a: Skeledirge|Hex|p2a: Clodsire\n|-damage|p2a: Clodsire|25\/100 brn\n|move|p2a: Clodsire|Earthquake|p1a: Skeledirge\n|-supereffective|p1a: Skeledirge\n|-damage|p1a: Skeledirge|35\/100\n|\n|-heal|p2a: Clodsire|31\/100 brn|[from] item: Leftovers\n|-damage|p2a: Clodsire|25\/100 brn|[from] brn\n|upkeep\n|turn|28\n|\n|t:|1701214821\n|move|p1a: Skeledirge|Slack Off|p1a: Skeledirge\n|-heal|p1a: Skeledirge|85\/100\n|move|p2a: Clodsire|Recover|p2a: Clodsire\n|-heal|p2a: Clodsire|75\/100 brn\n|\n|-heal|p2a: Clodsire|81\/100 brn|[from] item: Leftovers\n|-damage|p2a: Clodsire|75\/100 brn|[from] brn\n|upkeep\n|turn|29\n|\n|t:|1701214828\n|move|p1a: Skeledirge|Torch Song|p2a: Clodsire\n|-damage|p2a: Clodsire|57\/100 brn\n|-boost|p1a: Skeledirge|spa|1\n|move|p2a: Clodsire|Earthquake|p1a: Skeledirge\n|-supereffective|p1a: Skeledirge\n|-damage|p1a: Skeledirge|63\/100\n|\n|-heal|p2a: Clodsire|63\/100 brn|[from] item: Leftovers\n|-damage|p2a: Clodsire|57\/100 brn|[from] brn\n|upkeep\n|turn|30\n|\n|t:|1701214833\n|move|p1a: Skeledirge|Hex|p2a: Clodsire\n|-damage|p2a: Clodsire|29\/100 brn\n|move|p2a: Clodsire|Earthquake|p1a: Skeledirge\n|-supereffective|p1a: Skeledirge\n|-damage|p1a: Skeledirge|39\/100\n|\n|-heal|p2a: Clodsire|35\/100 brn|[from] item: Leftovers\n|-damage|p2a: Clodsire|29\/100 brn|[from] brn\n|upkeep\n|turn|31\n|\n|t:|1701214836\n|move|p1a: Skeledirge|Slack Off|p1a: Skeledirge\n|-heal|p1a: Skeledirge|89\/100\n|move|p2a: Clodsire|Recover|p2a: Clodsire\n|-heal|p2a: Clodsire|79\/100 brn\n|\n|-heal|p2a: Clodsire|85\/100 brn|[from] item: Leftovers\n|-damage|p2a: Clodsire|79\/100 brn|[from] brn\n|upkeep\n|turn|32\n|\n|t:|1701214846\n|move|p1a: Skeledirge|Torch Song|p2a: Clodsire\n|-damage|p2a: Clodsire|62\/100 brn\n|-boost|p1a: Skeledirge|spa|1\n|move|p2a: Clodsire|Haze|p2a: Clodsire\n|-clearallboost\n|\n|-heal|p2a: Clodsire|68\/100 brn|[from] item: Leftovers\n|-damage|p2a: Clodsire|62\/100 brn|[from] brn\n|upkeep\n|turn|33\n|inactive|by pekka has 120 seconds left.\n|\n|t:|1701214881\n|switch|p1a: Dondozo|Dondozo, M|72\/100 slp\n|-damage|p1a: Dondozo|59\/100 slp|[from] Spikes\n|move|p2a: Clodsire|Earthquake|p1a: Dondozo\n|-damage|p1a: Dondozo|54\/100 slp\n|\n|-heal|p2a: Clodsire|68\/100 brn|[from] item: Leftovers\n|-damage|p2a: Clodsire|62\/100 brn|[from] brn\n|upkeep\n|turn|34\n|inactive|by pekka has 120 seconds left.\n|\n|t:|1701214891\n|switch|p2a: Tangrowth|Tangrowth, M|100\/100\n|-curestatus|p1a: Dondozo|slp|[msg]\n|move|p1a: Dondozo|Waterfall|p2a: Tangrowth\n|-resisted|p2a: Tangrowth\n|-damage|p2a: Tangrowth|93\/100\n|-damage|p1a: Dondozo|37\/100|[from] item: Rocky Helmet|[of] p2a: Tangrowth\n|\n|upkeep\n|turn|35\n|inactive|by pekka has 120 seconds left.\n|\n|t:|1701214908\n|switch|p1a: Skeledirge|Skeledirge, M, tera:Steel|89\/100\n|move|p2a: Tangrowth|Hidden Power|p1a: Skeledirge\n|-supereffective|p1a: Skeledirge\n|-damage|p1a: Skeledirge|67\/100\n|\n|upkeep\n|turn|36\n|\n|t:|1701214917\n|switch|p2a: Incineroar|Incineroar, F|90\/100\n|-ability|p2a: Incineroar|Intimidate|boost\n|-unboost|p1a: Skeledirge|atk|1\n|move|p1a: Skeledirge|Torch Song|p2a: Incineroar\n|-resisted|p2a: Incineroar\n|-damage|p2a: Incineroar|80\/100\n|-boost|p1a: Skeledirge|spa|1\n|\n|upkeep\n|turn|37\n|\n|t:|1701214929\n|switch|p1a: Clefable|Clefable, F|64\/100\n|move|p2a: Incineroar|Parting Shot|p1a: Clefable\n|-unboost|p1a: Clefable|atk|1\n|-unboost|p1a: Clefable|spa|1\n|\n|t:|1701214933\n|switch|p2a: Tangrowth|Tangrowth, M|100\/100|[from] Parting Shot\n|\n|-heal|p1a: Clefable|71\/100|[from] item: Leftovers\n|upkeep\n|turn|38\n|\n|t:|1701214942\n|move|p1a: Clefable|Stealth Rock|p2a: Tangrowth\n|-sidestart|p2: smeargleenjoyer259|move: Stealth Rock\n|move|p2a: Tangrowth|Sleep Powder|p1a: Clefable|[miss]\n|-miss|p2a: Tangrowth|p1a: Clefable\n|\n|-heal|p1a: Clefable|77\/100|[from] item: Leftovers\n|upkeep\n|turn|39\n|\n|t:|1701214955\n|move|p1a: Clefable|Knock Off|p2a: Tangrowth\n|-damage|p2a: Tangrowth|95\/100\n|-enditem|p2a: Tangrowth|Rocky Helmet|[from] move: Knock Off|[of] p1a: Clefable\n|move|p2a: Tangrowth|Giga Drain|p1a: Clefable\n|-damage|p1a: Clefable|48\/100\n|-heal|p2a: Tangrowth|100\/100|[from] drain|[of] p1a: Clefable\n|\n|-heal|p1a: Clefable|54\/100|[from] item: Leftovers\n|upkeep\n|turn|40\n|\n|t:|1701214965\n|switch|p1a: Blissey|Blissey, F|100\/100\n|move|p2a: Tangrowth|Giga Drain|p1a: Blissey\n|-damage|p1a: Blissey|89\/100\n|\n|upkeep\n|turn|41\n|\n|t:|1701214972\n|switch|p2a: Forretress|Forretress, F|100\/100\n|move|p1a: Blissey|Toxic|p2a: Forretress\n|-immune|p2a: Forretress\n|\n|upkeep\n|turn|42\n|\n|t:|1701214979\n|move|p1a: Blissey|Wish|p1a: Blissey\n|move|p2a: Forretress|Rapid Spin|p1a: Blissey\n|-damage|p1a: Blissey|79\/100\n|-boost|p2a: Forretress|spe|1\n|-sideend|p2: smeargleenjoyer259|Stealth Rock|[from] move: Rapid Spin|[of] p2a: Forretress\n|\n|upkeep\n|turn|43\n|\n|t:|1701214985\n|switch|p1a: Skeledirge|Skeledirge, M, tera:Steel|67\/100\n|move|p2a: Forretress|Explosion|p1a: Skeledirge\n|-resisted|p1a: Skeledirge\n|-damage|p1a: Skeledirge|46\/100\n|faint|p2a: Forretress\n|\n|-heal|p1a: Skeledirge|100\/100|[from] move: Wish|[wisher] Blissey\n|upkeep\n|\n|t:|1701214992\n|switch|p2a: Incineroar|Incineroar, F|80\/100\n|-ability|p2a: Incineroar|Intimidate|boost\n|-unboost|p1a: Skeledirge|atk|1\n|turn|44\n|\n|t:|1701214999\n|switch|p1a: Clefable|Clefable, F|54\/100\n|move|p2a: Incineroar|Parting Shot|p1a: Clefable\n|-unboost|p1a: Clefable|atk|1\n|-unboost|p1a: Clefable|spa|1\n|\n|t:|1701215002\n|switch|p2a: Tangrowth|Tangrowth, M|100\/100|[from] Parting Shot\n|\n|-heal|p1a: Clefable|60\/100|[from] item: Leftovers\n|upkeep\n|turn|45\n|\n|t:|1701215009\n|move|p1a: Clefable|Soft-Boiled|p1a: Clefable\n|-heal|p1a: Clefable|100\/100\n|move|p2a: Tangrowth|Knock Off|p1a: Clefable\n|-resisted|p1a: Clefable\n|-damage|p1a: Clefable|92\/100\n|-enditem|p1a: Clefable|Leftovers|[from] move: Knock Off|[of] p2a: Tangrowth\n|\n|upkeep\n|turn|46\n|\n|t:|1701215015\n|move|p1a: Clefable|Stealth Rock|p2a: Tangrowth\n|-sidestart|p2: smeargleenjoyer259|move: Stealth Rock\n|move|p2a: Tangrowth|Sleep Powder|p1a: Clefable\n|-status|p1a: Clefable|slp|[from] move: Sleep Powder\n|\n|upkeep\n|turn|47\n|\n|t:|1701215020\n|switch|p1a: Blissey|Blissey, F|79\/100\n|move|p2a: Tangrowth|Giga Drain|p1a: Blissey\n|-damage|p1a: Blissey|69\/100\n|\n|upkeep\n|turn|48\n|\n|t:|1701215025\n|move|p1a: Blissey|Wish|p1a: Blissey\n|move|p2a: Tangrowth|Knock Off|p1a: Blissey\n|-damage|p1a: Blissey|49\/100\n|-enditem|p1a: Blissey|Heavy-Duty Boots|[from] move: Knock Off|[of] p2a: Tangrowth\n|\n|upkeep\n|turn|49\n|\n|t:|1701215035\n|switch|p2a: Incineroar|Incineroar, F|80\/100\n|-ability|p2a: Incineroar|Intimidate|boost\n|-unboost|p1a: Blissey|atk|1\n|move|p1a: Blissey|Toxic|p2a: Incineroar\n|-status|p2a: Incineroar|tox\n|\n|-heal|p1a: Blissey|99\/100|[from] move: Wish|[wisher] Blissey\n|-damage|p2a: Incineroar|74\/100 tox|[from] psn\n|upkeep\n|turn|50\n|\n|t:|1701215044\n|move|p1a: Blissey|Protect|p1a: Blissey\n|-singleturn|p1a: Blissey|Protect\n|move|p2a: Incineroar|Swords Dance|p2a: Incineroar\n|-boost|p2a: Incineroar|atk|2\n|\n|-damage|p2a: Incineroar|62\/100 tox|[from] psn\n|upkeep\n|turn|51\n|\n|t:|1701215050\n|switch|p1a: Dondozo|Dondozo, M|37\/100\n|-damage|p1a: Dondozo|25\/100|[from] Spikes\n|move|p2a: Incineroar|Fire Punch|p1a: Dondozo\n|-resisted|p1a: Dondozo\n|-damage|p1a: Dondozo|18\/100\n|\n|-damage|p2a: Incineroar|44\/100 tox|[from] psn\n|upkeep\n|turn|52\n|\n|t:|1701215064\n|move|p2a: Incineroar|Knock Off|p1a: Dondozo\n|-damage|p1a: Dondozo|7\/100\n|move|p1a: Dondozo|Rest|p1a: Dondozo\n|-status|p1a: Dondozo|slp|[from] move: Rest\n|-heal|p1a: Dondozo|100\/100 slp|[silent]\n|\n|-damage|p2a: Incineroar|19\/100 tox|[from] psn\n|upkeep\n|turn|53\n|\n|t:|1701215070\n|move|p2a: Incineroar|Parting Shot|p1a: Dondozo\n|-unboost|p1a: Dondozo|atk|1\n|-unboost|p1a: Dondozo|spa|1\n|\n|t:|1701215076\n|switch|p2a: Tangrowth|Tangrowth, M|100\/100|[from] Parting Shot\n|-damage|p2a: Tangrowth|88\/100|[from] Stealth Rock\n|cant|p1a: Dondozo|slp\n|move|p1a: Dondozo|Sleep Talk|p1a: Dondozo\n|move|p1a: Dondozo|Rest||[from]move: Sleep Talk|[still]\n|-fail|p1a: Dondozo\n|\n|upkeep\n|turn|54\n|\n|t:|1701215087\n|switch|p1a: Blissey|Blissey, F|99\/100\n|-damage|p1a: Blissey|87\/100|[from] Spikes\n|move|p2a: Tangrowth|Giga Drain|p1a: Blissey\n|-damage|p1a: Blissey|76\/100\n|-heal|p2a: Tangrowth|98\/100|[from] drain|[of] p1a: Blissey\n|\n|upkeep\n|turn|55\n|\n|t:|1701215095\n|move|p1a: Blissey|Toxic|p2a: Tangrowth\n|-status|p2a: Tangrowth|tox\n|move|p2a: Tangrowth|Giga Drain|p1a: Blissey\n|-damage|p1a: Blissey|66\/100\n|-heal|p2a: Tangrowth|100\/100 tox|[from] drain|[of] p1a: Blissey\n|\n|-damage|p2a: Tangrowth|94\/100 tox|[from] psn\n|upkeep\n|turn|56\n|\n|t:|1701215102\n|move|p2a: Tangrowth|Giga Drain|p1a: Blissey\n|-damage|p1a: Blissey|56\/100\n|-heal|p2a: Tangrowth|100\/100 tox|[from] drain|[of] p1a: Blissey\n|move|p1a: Blissey|Counter||[still]\n|-fail|p1a: Blissey\n|\n|-damage|p2a: Tangrowth|88\/100 tox|[from] psn\n|upkeep\n|turn|57\n|\n|t:|1701215109\n|move|p1a: Blissey|Protect|p1a: Blissey\n|-singleturn|p1a: Blissey|Protect\n|move|p2a: Tangrowth|Giga Drain|p1a: Blissey\n|-activate|p1a: Blissey|move: Protect\n|\n|-damage|p2a: Tangrowth|70\/100 tox|[from] psn\n|upkeep\n|turn|58\n|\n|t:|1701215111\n|move|p1a: Blissey|Wish|p1a: Blissey\n|move|p2a: Tangrowth|Giga Drain|p1a: Blissey\n|-damage|p1a: Blissey|46\/100\n|-heal|p2a: Tangrowth|79\/100 tox|[from] drain|[of] p1a: Blissey\n|\n|-damage|p2a: Tangrowth|54\/100 tox|[from] psn\n|upkeep\n|turn|59\n|\n|t:|1701215118\n|switch|p2a: Clodsire|Clodsire, M|62\/100 brn\n|-damage|p2a: Clodsire|56\/100 brn|[from] Stealth Rock\n|move|p1a: Blissey|Protect||[still]\n|-fail|p1a: Blissey\n|\n|-heal|p1a: Blissey|96\/100|[from] move: Wish|[wisher] Blissey\n|-heal|p2a: Clodsire|62\/100 brn|[from] item: Leftovers\n|-damage|p2a: Clodsire|56\/100 brn|[from] brn\n|upkeep\n|turn|60\n|\n|t:|1701215126\n|move|p2a: Clodsire|Earthquake|p1a: Blissey\n|-damage|p1a: Blissey|85\/100\n|move|p1a: Blissey|Counter|p2a: Clodsire\n|-damage|p2a: Clodsire|21\/100 brn\n|\n|-heal|p2a: Clodsire|28\/100 brn|[from] item: Leftovers\n|-damage|p2a: Clodsire|21\/100 brn|[from] brn\n|upkeep\n|turn|61\n|\n|t:|1701215136\n|move|p2a: Clodsire|Recover|p2a: Clodsire\n|-heal|p2a: Clodsire|71\/100 brn\n|move|p1a: Blissey|Counter||[still]\n|-fail|p1a: Blissey\n|\n|-heal|p2a: Clodsire|78\/100 brn|[from] item: Leftovers\n|-damage|p2a: Clodsire|71\/100 brn|[from] brn\n|upkeep\n|turn|62\n|\n|t:|1701215156\n|switch|p1a: Latias|Latias, F|100\/100\n|move|p2a: Clodsire|Toxic|p1a: Latias\n|-status|p1a: Latias|tox\n|\n|-heal|p2a: Clodsire|78\/100 brn|[from] item: Leftovers\n|-damage|p1a: Latias|94\/100 tox|[from] psn\n|-damage|p2a: Clodsire|71\/100 brn|[from] brn\n|upkeep\n|turn|63\n|\n|t:|1701215170\n|switch|p2a: Incineroar|Incineroar, F|19\/100 tox\n|-ability|p2a: Incineroar|Intimidate|boost\n|-unboost|p1a: Latias|atk|1\n|detailschange|p1a: Latias|Latias-Mega, F\n|-mega|p1a: Latias|Latias|Latiasite\n|move|p1a: Latias|Calm Mind|p1a: Latias\n|-boost|p1a: Latias|spa|1\n|-boost|p1a: Latias|spd|1\n|\n|-damage|p1a: Latias|82\/100 tox|[from] psn\n|-damage|p2a: Incineroar|13\/100 tox|[from] psn\n|upkeep\n|turn|64\n|\n|t:|1701215183\n|move|p1a: Latias|Ice Beam|p2a: Incineroar\n|-resisted|p2a: Incineroar\n|-damage|p2a: Incineroar|0 fnt\n|faint|p2a: Incineroar\n|\n|-damage|p1a: Latias|64\/100 tox|[from] psn\n|upkeep\n|\n|t:|1701215185\n|switch|p2a: Clodsire|Clodsire, M|71\/100 brn\n|-damage|p2a: Clodsire|65\/100 brn|[from] Stealth Rock\n|turn|65\n|\n|t:|1701215188\n|move|p1a: Latias|Psyshock|p2a: Clodsire\n|-supereffective|p2a: Clodsire\n|-damage|p2a: Clodsire|0 fnt\n|faint|p2a: Clodsire\n|\n|-damage|p1a: Latias|40\/100 tox|[from] psn\n|upkeep\n|\n|t:|1701215191\n|switch|p2a: Tangrowth|Tangrowth, M|87\/100 tox\n|-damage|p2a: Tangrowth|75\/100 tox|[from] Stealth Rock\n|turn|66\n|\n|t:|1701215196\n|move|p1a: Latias|Ice Beam|p2a: Tangrowth\n|-supereffective|p2a: Tangrowth\n|-damage|p2a: Tangrowth|0 fnt\n|faint|p2a: Tangrowth\n|\n|win|by pekka\n|raw|by pekka's rating: 1279 &rarr; <strong>1299<\/strong><br \/>(+20 for winning)\n|raw|smeargleenjoyer259's rating: 1209 &rarr; <strong>1189<\/strong><br \/>(-20 for losing)\n|l|\u2606smeargleenjoyer259\n","uploadtime":1701215205,"views":1,"p1id":"bypekka","p2id":"smeargleenjoyer259","formatid":"gen9nationaldex","rating":1189,"private":0,"password":""}