{"id":"gen9nationaldex-1987446426","p1":"Sam450","p2":"cblackb3","format":"[Gen 9] National Dex","log":"|j|\u2606Sam450\n|j|\u2606cblackb3\n|t:|1699592786\n|gametype|singles\n|player|p1|Sam450|lance|1062\n|player|p2|cblackb3|102|1073\n|teamsize|p1|6\n|teamsize|p2|6\n|gen|9\n|tier|[Gen 9] National Dex\n|rated|\n|rule|HP Percentage Mod: HP is shown in percentages\n|rule|Endless Battle Clause: Forcing endless battles is banned\n|rule|OHKO Clause: OHKO moves are banned\n|rule|Evasion Clause: Evasion abilities, items, and moves are banned\n|rule|Evasion Abilities Clause: Evasion abilities are banned\n|rule|Evasion Items Clause: Evasion items are banned\n|rule|Evasion Moves Clause: Evasion moves are banned\n|rule|Species Clause: Limit one of each Pok\u00e9mon\n|rule|Sleep Clause Mod: Limit one foe put to sleep\n|clearpoke\n|poke|p1|Gyarados, F|\n|poke|p1|Dragonite, F|\n|poke|p1|Aerodactyl, F|\n|poke|p1|Charizard, M|\n|poke|p1|Tyranitar, M|\n|poke|p1|Rhydon, F|\n|poke|p2|Incineroar, M|\n|poke|p2|Weezing, M|\n|poke|p2|Umbreon, M|\n|poke|p2|Lilligant, F|\n|poke|p2|Jellicent, F|\n|poke|p2|Milotic, M|\n|teampreview\n|inactive|Battle timer is ON: inactive players will automatically lose when time's up. (requested by Sam450)\n|\n|t:|1699592827\n|start\n|switch|p1a: Aerodactyl|Aerodactyl, F|100\/100\n|switch|p2a: Lilligant|Lilligant, F|100\/100\n|-ability|p1a: Aerodactyl|Unnerve\n|turn|1\n|\n|t:|1699592837\n|move|p1a: Aerodactyl|Dual Wingbeat|p2a: Lilligant\n|-supereffective|p2a: Lilligant\n|-damage|p2a: Lilligant|44\/100\n|-supereffective|p2a: Lilligant\n|-damage|p2a: Lilligant|0 fnt\n|faint|p2a: Lilligant\n|-hitcount|p2: Lilligant|2\n|-damage|p1a: Aerodactyl|91\/100|[from] item: Life Orb\n|\n|upkeep\n|\n|t:|1699592848\n|switch|p2a: Milotic|Milotic, M|100\/100\n|turn|2\n|inactive|Sam450 has 120 seconds left.\n|\n|t:|1699592884\n|move|p1a: Aerodactyl|Dual Wingbeat|p2a: Milotic\n|-damage|p2a: Milotic|87\/100\n|-damage|p1a: Aerodactyl|74\/100|[from] item: Rocky Helmet|[of] p2a: Milotic\n|-damage|p2a: Milotic|74\/100\n|-damage|p1a: Aerodactyl|58\/100|[from] item: Rocky Helmet|[of] p2a: Milotic\n|-hitcount|p2a: Milotic|2\n|-damage|p1a: Aerodactyl|48\/100|[from] item: Life Orb\n|move|p2a: Milotic|Scald|p1a: Aerodactyl\n|-supereffective|p1a: Aerodactyl\n|-damage|p1a: Aerodactyl|0 fnt\n|faint|p1a: Aerodactyl\n|\n|upkeep\n|\n|t:|1699592901\n|switch|p1a: Charizard|Charizard, M|100\/100\n|turn|3\n|\n|t:|1699592923\n|detailschange|p1a: Charizard|Charizard-Mega-X, M\n|-mega|p1a: Charizard|Charizard|Charizardite X\n|move|p1a: Charizard|Thunder Punch|p2a: Milotic\n|-supereffective|p2a: Milotic\n|-damage|p2a: Milotic|22\/100\n|-damage|p1a: Charizard|84\/100|[from] item: Rocky Helmet|[of] p2a: Milotic\n|move|p2a: Milotic|Scald|p1a: Charizard\n|-damage|p1a: Charizard|49\/100\n|\n|upkeep\n|turn|4\n|\n|t:|1699592942\n|move|p1a: Charizard|Thunder Punch|p2a: Milotic\n|-supereffective|p2a: Milotic\n|-damage|p2a: Milotic|0 fnt\n|-damage|p1a: Charizard|32\/100|[from] item: Rocky Helmet|[of] p2a: Milotic\n|faint|p2a: Milotic\n|\n|upkeep\n|inactive|cblackb3 has 120 seconds left.\n|\n|t:|1699592963\n|switch|p2a: Weezing|Weezing, M|100\/100\n|turn|5\n|inactive|Sam450 has 120 seconds left.\n|inactive|cblackb3 has 120 seconds left.\n|\n|t:|1699592971\n|move|p1a: Charizard|Flare Blitz|p2a: Weezing\n|-damage|p2a: Weezing|22\/100\n|-damage|p1a: Charizard|7\/100|[from] Recoil\n|move|p2a: Weezing|Sludge Bomb|p1a: Charizard\n|-damage|p1a: Charizard|0 fnt\n|faint|p1a: Charizard\n|\n|-heal|p2a: Weezing|28\/100|[from] item: Black Sludge\n|upkeep\n|inactive|Sam450 has 120 seconds left.\n|\n|t:|1699592979\n|switch|p1a: Tyranitar|Tyranitar, M|100\/100\n|-weather|Sandstorm|[from] ability: Sand Stream|[of] p1a: Tyranitar\n|turn|6\n|\n|t:|1699592984\n|move|p1a: Tyranitar|Stealth Rock|p2a: Weezing\n|-sidestart|p2: cblackb3|move: Stealth Rock\n|move|p2a: Weezing|Pain Split|p1a: Tyranitar\n|-sethp|p1a: Tyranitar|60\/100|[from] move: Pain Split|[silent]\n|-sethp|p2a: Weezing|85\/100|[from] move: Pain Split\n|\n|-weather|Sandstorm|[upkeep]\n|-damage|p2a: Weezing|79\/100|[from] Sandstorm\n|-heal|p1a: Tyranitar|66\/100|[from] item: Leftovers\n|-heal|p2a: Weezing|85\/100|[from] item: Black Sludge\n|upkeep\n|turn|7\n|\n|t:|1699592996\n|move|p1a: Tyranitar|Rock Blast|p2a: Weezing\n|-damage|p2a: Weezing|75\/100\n|-damage|p2a: Weezing|65\/100\n|-hitcount|p2a: Weezing|2\n|move|p2a: Weezing|Sludge Bomb|p1a: Tyranitar\n|-resisted|p1a: Tyranitar\n|-damage|p1a: Tyranitar|61\/100\n|\n|-weather|Sandstorm|[upkeep]\n|-damage|p2a: Weezing|59\/100|[from] Sandstorm\n|-heal|p1a: Tyranitar|67\/100|[from] item: Leftovers\n|-heal|p2a: Weezing|65\/100|[from] item: Black Sludge\n|upkeep\n|turn|8\n|\n|t:|1699593013\n|switch|p2a: Jellicent|Jellicent, F|100\/100\n|-damage|p2a: Jellicent|88\/100|[from] Stealth Rock\n|move|p1a: Tyranitar|Thunder Wave|p2a: Jellicent\n|-status|p2a: Jellicent|par\n|\n|-weather|Sandstorm|[upkeep]\n|-damage|p2a: Jellicent|82\/100 par|[from] Sandstorm\n|-heal|p1a: Tyranitar|73\/100|[from] item: Leftovers\n|-heal|p2a: Jellicent|88\/100 par|[from] item: Leftovers\n|upkeep\n|turn|9\n|inactive|cblackb3 has 120 seconds left.\n|inactive|Sam450 has 120 seconds left.\n|\n|t:|1699593040\n|-terastallize|p1a: Tyranitar|Fairy\n|-terastallize|p2a: Jellicent|Water\n|move|p1a: Tyranitar|Rock Blast|p2a: Jellicent\n|-damage|p2a: Jellicent|78\/100 par\n|-damage|p2a: Jellicent|68\/100 par\n|-damage|p2a: Jellicent|59\/100 par\n|-damage|p2a: Jellicent|49\/100 par\n|-damage|p2a: Jellicent|39\/100 par\n|-hitcount|p2a: Jellicent|5\n|move|p2a: Jellicent|Scald|p1a: Tyranitar\n|-crit|p1a: Tyranitar\n|-damage|p1a: Tyranitar|46\/100\n|\n|-weather|Sandstorm|[upkeep]\n|-damage|p1a: Tyranitar|39\/100|[from] Sandstorm\n|-damage|p2a: Jellicent|33\/100 par|[from] Sandstorm\n|-heal|p1a: Tyranitar|46\/100|[from] item: Leftovers\n|-heal|p2a: Jellicent|39\/100 par|[from] item: Leftovers\n|upkeep\n|turn|10\n|inactive|Sam450 has 120 seconds left.\n|inactive|cblackb3 has 120 seconds left.\n|\n|t:|1699593061\n|move|p1a: Tyranitar|Rock Blast|p2a: Jellicent\n|-damage|p2a: Jellicent|28\/100 par\n|-damage|p2a: Jellicent|17\/100 par\n|-hitcount|p2a: Jellicent|2\n|cant|p2a: Jellicent|par\n|\n|-weather|none\n|-heal|p1a: Tyranitar|52\/100|[from] item: Leftovers\n|-heal|p2a: Jellicent|24\/100 par|[from] item: Leftovers\n|upkeep\n|turn|11\n|inactive|Sam450 has 120 seconds left.\n|\n|t:|1699593071\n|move|p1a: Tyranitar|Rock Blast|p2a: Jellicent|[miss]\n|-miss|p1a: Tyranitar|p2a: Jellicent\n|move|p2a: Jellicent|Will-O-Wisp|p1a: Tyranitar\n|-status|p1a: Tyranitar|brn\n|\n|-heal|p1a: Tyranitar|58\/100 brn|[from] item: Leftovers\n|-heal|p2a: Jellicent|30\/100 par|[from] item: Leftovers\n|-damage|p1a: Tyranitar|52\/100 brn|[from] brn\n|upkeep\n|turn|12\n|\n|t:|1699593084\n|move|p1a: Tyranitar|Rest|p1a: Tyranitar\n|-status|p1a: Tyranitar|slp|[from] move: Rest\n|-heal|p1a: Tyranitar|100\/100 slp|[silent]\n|cant|p2a: Jellicent|par\n|\n|-heal|p2a: Jellicent|36\/100 par|[from] item: Leftovers\n|upkeep\n|turn|13\n|\n|t:|1699593092\n|switch|p1a: Gyarados|Gyarados, F|100\/100\n|-ability|p1a: Gyarados|Intimidate|boost\n|-unboost|p2a: Jellicent|atk|1\n|cant|p2a: Jellicent|par\n|\n|-heal|p2a: Jellicent|42\/100 par|[from] item: Leftovers\n|upkeep\n|turn|14\n|inactive|cblackb3 has 120 seconds left.\n|\n|t:|1699593105\n|move|p1a: Gyarados|Dragon Dance|p1a: Gyarados\n|-boost|p1a: Gyarados|atk|1\n|-boost|p1a: Gyarados|spe|1\n|cant|p2a: Jellicent|par\n|\n|-heal|p2a: Jellicent|48\/100 par|[from] item: Leftovers\n|upkeep\n|turn|15\n|inactive|cblackb3 has 120 seconds left.\n|c|\u2606cblackb3|ffs\n|\n|t:|1699593117\n|-zpower|p1a: Gyarados\n|move|p1a: Gyarados|Supersonic Skystrike|p2a: Jellicent|[zeffect]\n|-damage|p2a: Jellicent|0 fnt\n|faint|p2a: Jellicent\n|\n|upkeep\n|\n|t:|1699593126\n|switch|p2a: Umbreon|Umbreon, M|100\/100\n|-damage|p2a: Umbreon|88\/100|[from] Stealth Rock\n|turn|16\n|inactive|cblackb3 has 120 seconds left.\n|\n|t:|1699593134\n|move|p1a: Gyarados|Waterfall|p2a: Umbreon\n|-damage|p2a: Umbreon|47\/100\n|move|p2a: Umbreon|Toxic|p1a: Gyarados\n|-status|p1a: Gyarados|tox\n|\n|-heal|p2a: Umbreon|53\/100|[from] item: Leftovers\n|-damage|p1a: Gyarados|94\/100 tox|[from] psn\n|upkeep\n|turn|17\n|inactive|cblackb3 has 120 seconds left.\n|\n|t:|1699593148\n|move|p1a: Gyarados|Waterfall|p2a: Umbreon\n|-damage|p2a: Umbreon|10\/100\n|move|p2a: Umbreon|Foul Play|p1a: Gyarados\n|-damage|p1a: Gyarados|4\/100 tox\n|\n|-heal|p2a: Umbreon|16\/100|[from] item: Leftovers\n|-damage|p1a: Gyarados|0 fnt|[from] psn\n|faint|p1a: Gyarados\n|upkeep\n|\n|t:|1699593154\n|switch|p1a: Tyranitar|Tyranitar, M, tera:Fairy|100\/100 slp\n|-weather|Sandstorm|[from] ability: Sand Stream|[of] p1a: Tyranitar\n|turn|18\n|inactive|cblackb3 has 120 seconds left.\n|\n|t:|1699593174\n|switch|p1a: Rhydon|Rhydon, F|100\/100\n|move|p2a: Umbreon|Foul Play|p1a: Rhydon\n|-damage|p1a: Rhydon|77\/100\n|\n|-weather|Sandstorm|[upkeep]\n|-damage|p2a: Umbreon|10\/100|[from] Sandstorm\n|-heal|p2a: Umbreon|16\/100|[from] item: Leftovers\n|upkeep\n|turn|19\n|inactive|cblackb3 has 120 seconds left.\n|\n|t:|1699593188\n|move|p2a: Umbreon|Toxic|p1a: Rhydon\n|-status|p1a: Rhydon|tox\n|move|p1a: Rhydon|Dragon Tail|p2a: Umbreon\n|-damage|p2a: Umbreon|0 fnt\n|faint|p2a: Umbreon\n|\n|-weather|Sandstorm|[upkeep]\n|-damage|p1a: Rhydon|71\/100 tox|[from] psn\n|upkeep\n|\n|t:|1699593211\n|switch|p2a: Incineroar|Incineroar, M|100\/100\n|-ability|p2a: Incineroar|Intimidate|boost\n|-unboost|p1a: Rhydon|atk|1\n|turn|20\n|c|\u2606cblackb3|!weak rhydon\n|c| cblackb3|\/raw <div class=\"infobox\">Rhydon (ignoring abilities):<br \/><span class=\"message-effect-weak\">Weaknesses<\/span>: Fighting, <b>Grass<\/b>, Ground, Ice, Steel, <b>Water<\/b><br \/><span class=\"message-effect-resist\">Resistances<\/span>: Fire, Flying, Normal, <b>Poison<\/b>, Rock<br \/><span class=\"message-effect-immune\">Immunities<\/span>: Electric, Sandstorm damage<\/div>\n|\n|t:|1699593226\n|move|p2a: Incineroar|Earthquake|p1a: Rhydon\n|-supereffective|p1a: Rhydon\n|-damage|p1a: Rhydon|39\/100 tox\n|move|p1a: Rhydon|Earthquake|p2a: Incineroar\n|-supereffective|p2a: Incineroar\n|-damage|p2a: Incineroar|21\/100\n|\n|-weather|Sandstorm|[upkeep]\n|-damage|p2a: Incineroar|15\/100|[from] Sandstorm\n|-damage|p1a: Rhydon|27\/100 tox|[from] psn\n|upkeep\n|turn|21\n|\n|t:|1699593239\n|move|p2a: Incineroar|Darkest Lariat|p1a: Rhydon\n|-damage|p1a: Rhydon|8\/100 tox\n|move|p1a: Rhydon|Dragon Tail|p2a: Incineroar\n|-damage|p2a: Incineroar|0 fnt\n|faint|p2a: Incineroar\n|\n|-weather|Sandstorm|[upkeep]\n|-damage|p1a: Rhydon|0 fnt|[from] psn\n|faint|p1a: Rhydon\n|upkeep\n|\n|t:|1699593251\n|switch|p2a: Weezing|Weezing, M|65\/100\n|switch|p1a: Dragonite|Dragonite, F|100\/100\n|-damage|p2a: Weezing|53\/100|[from] Stealth Rock\n|turn|22\n|\n|t:|1699593263\n|move|p1a: Dragonite|Extreme Speed|p2a: Weezing\n|-damage|p2a: Weezing|25\/100\n|move|p2a: Weezing|Pain Split|p1a: Dragonite\n|-sethp|p1a: Dragonite|61\/100|[from] move: Pain Split|[silent]\n|-sethp|p2a: Weezing|70\/100|[from] move: Pain Split\n|\n|-weather|none\n|-heal|p2a: Weezing|76\/100|[from] item: Black Sludge\n|upkeep\n|turn|23\n|\n|t:|1699593278\n|move|p1a: Dragonite|Extreme Speed|p2a: Weezing\n|-damage|p2a: Weezing|47\/100\n|move|p2a: Weezing|Will-O-Wisp|p1a: Dragonite\n|-status|p1a: Dragonite|brn\n|\n|-heal|p2a: Weezing|53\/100|[from] item: Black Sludge\n|-damage|p1a: Dragonite|55\/100 brn|[from] brn\n|upkeep\n|turn|24\n|\n|t:|1699593288\n|move|p1a: Dragonite|Dragon Dance|p1a: Dragonite\n|-boost|p1a: Dragonite|atk|1\n|-boost|p1a: Dragonite|spe|1\n|move|p2a: Weezing|Sludge Bomb|p1a: Dragonite\n|-damage|p1a: Dragonite|27\/100 brn\n|\n|-heal|p2a: Weezing|59\/100|[from] item: Black Sludge\n|-damage|p1a: Dragonite|20\/100 brn|[from] brn\n|upkeep\n|turn|25\n|inactive|cblackb3 has 90 seconds left.\n|\n|t:|1699593309\n|move|p1a: Dragonite|Extreme Speed|p2a: Weezing\n|-damage|p2a: Weezing|38\/100\n|move|p2a: Weezing|Sludge Bomb|p1a: Dragonite\n|-damage|p1a: Dragonite|0 fnt\n|faint|p1a: Dragonite\n|\n|-heal|p2a: Weezing|44\/100|[from] item: Black Sludge\n|upkeep\n|\n|t:|1699593315\n|switch|p1a: Tyranitar|Tyranitar, M, tera:Fairy|100\/100 slp\n|-weather|Sandstorm|[from] ability: Sand Stream|[of] p1a: Tyranitar\n|turn|26\n|\n|t:|1699593321\n|cant|p1a: Tyranitar|slp\n|move|p2a: Weezing|Pain Split|p1a: Tyranitar\n|-sethp|p1a: Tyranitar|66\/100 slp|[from] move: Pain Split|[silent]\n|-sethp|p2a: Weezing|93\/100|[from] move: Pain Split\n|\n|-weather|Sandstorm|[upkeep]\n|-damage|p1a: Tyranitar|59\/100 slp|[from] Sandstorm\n|-damage|p2a: Weezing|87\/100|[from] Sandstorm\n|-heal|p1a: Tyranitar|66\/100 slp|[from] item: Leftovers\n|-heal|p2a: Weezing|93\/100|[from] item: Black Sludge\n|upkeep\n|turn|27\n|\n|t:|1699593334\n|cant|p1a: Tyranitar|slp\n|move|p2a: Weezing|Sludge Bomb|p1a: Tyranitar\n|-supereffective|p1a: Tyranitar\n|-damage|p1a: Tyranitar|31\/100 slp\n|\n|-weather|Sandstorm|[upkeep]\n|-damage|p1a: Tyranitar|25\/100 slp|[from] Sandstorm\n|-damage|p2a: Weezing|87\/100|[from] Sandstorm\n|-heal|p1a: Tyranitar|31\/100 slp|[from] item: Leftovers\n|-heal|p2a: Weezing|93\/100|[from] item: Black Sludge\n|upkeep\n|turn|28\n|\n|t:|1699593343\n|-curestatus|p1a: Tyranitar|slp|[msg]\n|move|p1a: Tyranitar|Rock Blast|p2a: Weezing\n|-damage|p2a: Weezing|82\/100\n|-damage|p2a: Weezing|72\/100\n|-crit|p2a: Weezing\n|-damage|p2a: Weezing|58\/100\n|-damage|p2a: Weezing|48\/100\n|-hitcount|p2a: Weezing|4\n|move|p2a: Weezing|Sludge Bomb|p1a: Tyranitar\n|-supereffective|p1a: Tyranitar\n|-damage|p1a: Tyranitar|0 fnt\n|faint|p1a: Tyranitar\n|\n|win|cblackb3\n|raw|Sam450's rating: 1062 &rarr; <strong>1043<\/strong><br \/>(-19 for losing)\n|raw|cblackb3's rating: 1073 &rarr; <strong>1101<\/strong><br \/>(+28 for winning)\n|l|\u2606Sam450\n|c|\u2606cblackb3|gg\n","uploadtime":1699593362,"views":6,"p1id":"sam450","p2id":"cblackb3","formatid":"gen9nationaldex","rating":1043,"private":0,"password":""}