{"id":"gen9nationaldex-2000446919","p1":"hfhffhgd","p2":"gjgkhvj","format":"[Gen 9] National Dex","log":"|html|<div class=\"broadcast-blue\"><strong>[Gen 9] National Dex is currently suspecting Sneasler! For information on how to participate check out the <a href=\"https:\/\/www.smogon.com\/forums\/threads\/sv-national-dex-suspect-8-just-dance.3731534\/\">suspect thread<\/a>.<\/strong><\/div>\n|j|\u2606hfhffhgd\n|j|\u2606gjgkhvj\n|t:|1701195564\n|gametype|singles\n|player|p1|hfhffhgd|lucas|1097\n|player|p2|gjgkhvj|2|1000\n|teamsize|p1|6\n|teamsize|p2|6\n|gen|9\n|tier|[Gen 9] National Dex\n|rated|\n|rule|HP Percentage Mod: HP is shown in percentages\n|rule|Endless Battle Clause: Forcing endless battles is banned\n|rule|OHKO Clause: OHKO moves are banned\n|rule|Evasion Clause: Evasion abilities, items, and moves are banned\n|rule|Evasion Abilities Clause: Evasion abilities are banned\n|rule|Evasion Items Clause: Evasion items are banned\n|rule|Evasion Moves Clause: Evasion moves are banned\n|rule|Species Clause: Limit one of each Pok\u00e9mon\n|rule|Sleep Clause Mod: Limit one foe put to sleep\n|clearpoke\n|poke|p1|Fearow, F|\n|poke|p1|Dondozo, F|\n|poke|p1|Clodsire, F|\n|poke|p1|Ninetales, M|\n|poke|p1|Victreebel, M|\n|poke|p1|Gigalith, M|\n|poke|p2|Ninetales-Alola, F|\n|poke|p2|Arctozolt|\n|poke|p2|Slowking-Galar, M|\n|poke|p2|Eiscue, F|\n|poke|p2|Glaceon, F|\n|poke|p2|Sandslash-Alola, M|\n|teampreview\n|\n|t:|1701195584\n|start\n|switch|p1a: Gigalith|Gigalith, M|100\/100\n|switch|p2a: Slowking|Slowking-Galar, M|100\/100\n|turn|1\n|\n|t:|1701195604\n|move|p2a: Slowking|Chilly Reception|p2a: Slowking\n|-weather|Snow\n|\n|t:|1701195620\n|switch|p2a: Eiscue|Eiscue, F|100\/100|[from] Chilly Reception\n|move|p1a: Gigalith|Explosion|p2a: Eiscue\n|-activate|p2a: Eiscue|ability: Ice Face\n|-damage|p2a: Eiscue|100\/100\n|detailschange|p2a: Eiscue|Eiscue-Noice, F\n|faint|p1a: Gigalith\n|\n|-weather|Snow|[upkeep]\n|upkeep\n|inactive|Battle timer is ON: inactive players will automatically lose when time's up. (requested by gjgkhvj)\n|\n|t:|1701195640\n|switch|p1a: Ninetales|Ninetales, M|100\/100\n|-weather|SunnyDay|[from] ability: Drought|[of] p1a: Ninetales\n|turn|2\n|\n|t:|1701195658\n|-terastallize|p2a: Eiscue|Water\n|move|p2a: Eiscue|Belly Drum|p2a: Eiscue\n|-damage|p2a: Eiscue|50\/100\n|-setboost|p2a: Eiscue|atk|6|[from] move: Belly Drum\n|move|p1a: Ninetales|Fire Blast|p2a: Eiscue\n|-resisted|p2a: Eiscue\n|-damage|p2a: Eiscue|6\/100\n|-enditem|p2a: Eiscue|Aguav Berry|[eat]\n|-heal|p2a: Eiscue|39\/100|[from] item: Aguav Berry\n|\n|-weather|SunnyDay|[upkeep]\n|upkeep\n|turn|3\n|inactive|gjgkhvj has 120 seconds left.\n|\n|t:|1701195705\n|move|p2a: Eiscue|Icicle Crash|p1a: Ninetales\n|-resisted|p1a: Ninetales\n|-damage|p1a: Ninetales|41\/100\n|move|p1a: Ninetales|Solar Beam||[still]\n|-prepare|p1a: Ninetales|Solar Beam\n|-anim|p1a: Ninetales|Solar Beam|p2a: Eiscue\n|-supereffective|p2a: Eiscue\n|-damage|p2a: Eiscue|0 fnt\n|faint|p2a: Eiscue\n|\n|-weather|SunnyDay|[upkeep]\n|upkeep\n|inactive|gjgkhvj has 90 seconds left.\n|\n|t:|1701195725\n|switch|p2a: Slowking|Slowking-Galar, M|100\/100\n|turn|4\n|\n|t:|1701195740\n|move|p1a: Ninetales|Will-O-Wisp|p2a: Slowking\n|-status|p2a: Slowking|brn\n|move|p2a: Slowking|Future Sight|p1a: Ninetales\n|-start|p2a: Slowking|move: Future Sight\n|\n|-weather|SunnyDay|[upkeep]\n|-damage|p2a: Slowking|94\/100 brn|[from] brn\n|upkeep\n|turn|5\n|inactive|gjgkhvj has 90 seconds left.\n|\n|t:|1701195775\n|move|p1a: Ninetales|Fire Blast|p2a: Slowking\n|-damage|p2a: Slowking|51\/100 brn\n|move|p2a: Slowking|Chilly Reception|p2a: Slowking\n|-weather|Snow\n|\n|t:|1701195790\n|switch|p2a: Arctozolt|Arctozolt|100\/100|[from] Chilly Reception\n|\n|-weather|Snow|[upkeep]\n|upkeep\n|turn|6\n|inactive|gjgkhvj has 60 seconds left.\n|\n|t:|1701195806\n|switch|p1a: Clodsire|Clodsire, F|100\/100\n|move|p2a: Arctozolt|Bolt Beak|p1a: Clodsire\n|-immune|p1a: Clodsire\n|\n|-weather|Snow|[upkeep]\n|-end|p1a: Clodsire|move: Future Sight\n|-supereffective|p1a: Clodsire\n|-damage|p1a: Clodsire|49\/100\n|-heal|p1a: Clodsire|55\/100|[from] item: Black Sludge\n|upkeep\n|turn|7\n|\n|t:|1701195819\n|move|p2a: Arctozolt|Icicle Crash|p1a: Clodsire\n|-supereffective|p1a: Clodsire\n|-damage|p1a: Clodsire|0 fnt\n|faint|p1a: Clodsire\n|\n|-weather|Snow|[upkeep]\n|upkeep\n|\n|t:|1701195838\n|switch|p1a: Ninetales|Ninetales, M|41\/100\n|-weather|SunnyDay|[from] ability: Drought|[of] p1a: Ninetales\n|turn|8\n|inactive|hfhffhgd has 120 seconds left.\n|\n|t:|1701195857\n|switch|p2a: Slowking|Slowking-Galar, M|84\/100 brn\n|move|p1a: Ninetales|Will-O-Wisp|p2a: Slowking\n|-fail|p2a: Slowking|brn\n|\n|-weather|SunnyDay|[upkeep]\n|-damage|p2a: Slowking|78\/100 brn|[from] brn\n|upkeep\n|turn|9\n|inactive|hfhffhgd has 120 seconds left.\n|\n|t:|1701195869\n|move|p1a: Ninetales|Fire Blast|p2a: Slowking\n|-damage|p2a: Slowking|39\/100 brn\n|move|p2a: Slowking|Chilly Reception|p2a: Slowking\n|-weather|Snow\n|\n|t:|1701195876\n|switch|p2a: Arctozolt|Arctozolt|100\/100|[from] Chilly Reception\n|\n|-weather|Snow|[upkeep]\n|upkeep\n|turn|10\n|inactive|hfhffhgd has 120 seconds left.\n|\n|t:|1701195894\n|switch|p1a: Dondozo|Dondozo, F|100\/100\n|move|p2a: Arctozolt|Bolt Beak|p1a: Dondozo\n|-supereffective|p1a: Dondozo\n|-damage|p1a: Dondozo|27\/100\n|\n|-weather|Snow|[upkeep]\n|-heal|p1a: Dondozo|34\/100|[from] item: Leftovers\n|upkeep\n|turn|11\n|inactive|gjgkhvj has 90 seconds left.\n|inactive|hfhffhgd has 120 seconds left.\n|\n|t:|1701195915\n|move|p2a: Arctozolt|Bolt Beak|p1a: Dondozo\n|-supereffective|p1a: Dondozo\n|-damage|p1a: Dondozo|0 fnt\n|faint|p1a: Dondozo\n|\n|-weather|Snow|[upkeep]\n|upkeep\n|inactive|hfhffhgd has 120 seconds left.\n|inactive|hfhffhgd has 90 seconds left.\n|\n|t:|1701195951\n|switch|p1a: Ninetales|Ninetales, M|41\/100\n|-weather|SunnyDay|[from] ability: Drought|[of] p1a: Ninetales\n|turn|12\n|inactive|hfhffhgd has 90 seconds left.\n|\n|t:|1701195974\n|switch|p2a: Slowking|Slowking-Galar, M|73\/100 brn\n|-terastallize|p1a: Ninetales|Fire\n|move|p1a: Ninetales|Fire Blast|p2a: Slowking\n|-damage|p2a: Slowking|16\/100 brn\n|\n|-weather|SunnyDay|[upkeep]\n|-damage|p2a: Slowking|10\/100 brn|[from] brn\n|upkeep\n|turn|13\n|inactive|hfhffhgd has 90 seconds left.\n|\n|t:|1701195998\n|move|p1a: Ninetales|Solar Beam||[still]\n|-prepare|p1a: Ninetales|Solar Beam\n|-anim|p1a: Ninetales|Solar Beam|p2a: Slowking\n|-resisted|p2a: Slowking\n|-damage|p2a: Slowking|1\/100 brn\n|move|p2a: Slowking|Chilly Reception|p2a: Slowking\n|-weather|Snow\n|\n|t:|1701196006\n|switch|p2a: Arctozolt|Arctozolt|100\/100|[from] Chilly Reception\n|\n|-weather|Snow|[upkeep]\n|upkeep\n|turn|14\n|inactive|hfhffhgd has 90 seconds left.\n|\n|t:|1701196014\n|switch|p1a: Fearow|Fearow, F|100\/100\n|move|p2a: Arctozolt|Bolt Beak|p1a: Fearow\n|-supereffective|p1a: Fearow\n|-damage|p1a: Fearow|0 fnt\n|faint|p1a: Fearow\n|\n|-weather|Snow|[upkeep]\n|upkeep\n|inactive|hfhffhgd has 90 seconds left.\n|\n|t:|1701196024\n|switch|p1a: Ninetales|Ninetales, M, tera:Fire|41\/100\n|-weather|SunnyDay|[from] ability: Drought|[of] p1a: Ninetales\n|turn|15\n|\n|t:|1701196030\n|switch|p2a: Slowking|Slowking-Galar, M|34\/100 brn\n|move|p1a: Ninetales|Fire Blast|p2a: Slowking\n|-damage|p2a: Slowking|0 fnt\n|faint|p2a: Slowking\n|\n|-weather|SunnyDay|[upkeep]\n|upkeep\n|\n|t:|1701196040\n|switch|p2a: Glaceon|Glaceon, F|100\/100\n|turn|16\n|\n|t:|1701196050\n|move|p1a: Ninetales|Fire Blast|p2a: Glaceon\n|-supereffective|p2a: Glaceon\n|-damage|p2a: Glaceon|0 fnt\n|faint|p2a: Glaceon\n|\n|-weather|SunnyDay|[upkeep]\n|upkeep\n|\n|t:|1701196053\n|switch|p2a: Ninetales|Ninetales-Alola, F|100\/100\n|-weather|Snow|[from] ability: Snow Warning|[of] p2a: Ninetales\n|turn|17\n|inactive|hfhffhgd has 120 seconds left.\n|\n|t:|1701196069\n|move|p2a: Ninetales|Aurora Veil|p2a: Ninetales\n|-sidestart|p2: gjgkhvj|move: Aurora Veil\n|move|p1a: Ninetales|Fire Blast|p2a: Ninetales\n|-supereffective|p2a: Ninetales\n|-damage|p2a: Ninetales|44\/100\n|\n|-weather|Snow|[upkeep]\n|upkeep\n|turn|18\n|inactive|gjgkhvj has 90 seconds left.\n|\n|t:|1701196089\n|switch|p2a: Arctozolt|Arctozolt|100\/100\n|move|p1a: Ninetales|Fire Blast|p2a: Arctozolt\n|-supereffective|p2a: Arctozolt\n|-damage|p2a: Arctozolt|43\/100\n|\n|-weather|Snow|[upkeep]\n|upkeep\n|turn|19\n|inactive|hfhffhgd has 120 seconds left.\n|\n|t:|1701196107\n|switch|p1a: Victreebel|Victreebel, M|100\/100\n|move|p2a: Arctozolt|Bolt Beak|p1a: Victreebel\n|-resisted|p1a: Victreebel\n|-crit|p1a: Victreebel\n|-damage|p1a: Victreebel|0 fnt\n|faint|p1a: Victreebel\n|\n|-weather|Snow|[upkeep]\n|upkeep\n|-message|hfhffhgd forfeited.\n|\n|win|gjgkhvj\n|raw|hfhffhgd's rating: 1097 &rarr; <strong>1066<\/strong><br \/>(-31 for losing)\n|raw|gjgkhvj's rating: 1000 &rarr; <strong>1051<\/strong><br \/>(+51 for winning)\n|l|\u2606hfhffhgd\n","uploadtime":1701196124,"views":0,"p1id":"hfhffhgd","p2id":"gjgkhvj","formatid":"gen9nationaldex","rating":1051,"private":0,"password":""}