{"id":"gen9nationaldex-1987057245","p1":"NotLimeee","p2":"NotHenry","format":"[Gen 9] National Dex","log":"|j|\u2606NotLimeee\n|j|\u2606NotHenry\n|t:|1699552572\n|gametype|singles\n|player|p1|NotLimeee|pokekid|\n|player|p2|NotHenry|101|\n|teamsize|p1|6\n|teamsize|p2|6\n|gen|9\n|tier|[Gen 9] National Dex\n|rule|HP Percentage Mod: HP is shown in percentages\n|rule|Endless Battle Clause: Forcing endless battles is banned\n|rule|OHKO Clause: OHKO moves are banned\n|rule|Evasion Clause: Evasion abilities, items, and moves are banned\n|rule|Evasion Abilities Clause: Evasion abilities are banned\n|rule|Evasion Items Clause: Evasion items are banned\n|rule|Evasion Moves Clause: Evasion moves are banned\n|rule|Species Clause: Limit one of each Pok\u00e9mon\n|rule|Sleep Clause Mod: Limit one foe put to sleep\n|clearpoke\n|poke|p1|Zapdos|\n|poke|p1|Muk, M|\n|poke|p1|Crobat, M|\n|poke|p1|Kingdra, F|\n|poke|p1|Politoed, F|\n|poke|p1|Pinsir, F|\n|poke|p2|Scizor, F|\n|poke|p2|Qwilfish, F|\n|poke|p2|Slowking, M|\n|poke|p2|Vileplume, F|\n|poke|p2|Gligar, F|\n|poke|p2|Porygon2|\n|teampreview\n|inactive|Battle timer is ON: inactive players will automatically lose when time's up. (requested by NotHenry)\n|\n|t:|1699552583\n|start\n|switch|p1a: Ollie|Politoed, F|100\/100\n|switch|p2a: Puff Diddy|Qwilfish, F|100\/100\n|-weather|RainDance|[from] ability: Drizzle|[of] p1a: Ollie\n|turn|1\n|inactive|NotLimeee has 270 seconds left.\n|\n|t:|1699552624\n|move|p1a: Ollie|Protect|p1a: Ollie\n|-singleturn|p1a: Ollie|Protect\n|move|p2a: Puff Diddy|Gunk Shot|p1a: Ollie\n|-activate|p1a: Ollie|move: Protect\n|\n|-weather|RainDance|[upkeep]\n|upkeep\n|turn|2\n|\n|t:|1699552632\n|switch|p1a: Terry|Zapdos|100\/100\n|move|p2a: Puff Diddy|Gunk Shot|p1a: Terry\n|-damage|p1a: Terry|27\/100\n|\n|-weather|RainDance|[upkeep]\n|upkeep\n|turn|3\n|inactive|NotLimeee has 270 seconds left.\n|\n|t:|1699552642\n|move|p2a: Puff Diddy|Gunk Shot|p1a: Terry\n|-damage|p1a: Terry|0 fnt\n|faint|p1a: Terry\n|\n|-weather|RainDance|[upkeep]\n|upkeep\n|inactive|NotLimeee has 270 seconds left.\n|\n|t:|1699552662\n|switch|p1a: Phillip|Kingdra, F|100\/100\n|turn|4\n|\n|t:|1699552667\n|move|p2a: Puff Diddy|Gunk Shot|p1a: Phillip\n|-damage|p1a: Phillip|5\/100\n|-status|p1a: Phillip|psn\n|move|p1a: Phillip|Draco Meteor|p2a: Puff Diddy|[miss]\n|-miss|p1a: Phillip|p2a: Puff Diddy\n|\n|-weather|RainDance|[upkeep]\n|-damage|p1a: Phillip|0 fnt|[from] psn\n|faint|p1a: Phillip\n|upkeep\n|inactive|NotLimeee has 270 seconds left.\n|\n|t:|1699552678\n|switch|p1a: Jonny|Crobat, M|100\/100\n|turn|5\n|inactive|NotLimeee has 270 seconds left.\n|\n|t:|1699552691\n|switch|p2a: S***or|Scizor, F|100\/100\n|move|p1a: Jonny|Brave Bird|p2a: S***or\n|-damage|p2a: S***or|61\/100\n|-damage|p1a: Jonny|84\/100|[from] item: Rocky Helmet|[of] p2a: S***or\n|-damage|p1a: Jonny|72\/100|[from] Recoil\n|\n|-weather|RainDance|[upkeep]\n|-heal|p1a: Jonny|78\/100|[from] item: Black Sludge\n|upkeep\n|turn|6\n|inactive|NotLimeee has 270 seconds left.\n|\n|t:|1699552706\n|move|p1a: Jonny|Toxic|p2a: S***or\n|-immune|p2a: S***or\n|move|p2a: S***or|Roost|p2a: S***or\n|-heal|p2a: S***or|100\/100\n|-singleturn|p2a: S***or|move: Roost\n|\n|-weather|RainDance|[upkeep]\n|-heal|p1a: Jonny|84\/100|[from] item: Black Sludge\n|upkeep\n|turn|7\n|inactive|NotLimeee has 270 seconds left.\n|\n|t:|1699552719\n|move|p1a: Jonny|Brave Bird|p2a: S***or\n|-damage|p2a: S***or|63\/100\n|-damage|p1a: Jonny|68\/100|[from] item: Rocky Helmet|[of] p2a: S***or\n|-damage|p1a: Jonny|57\/100|[from] Recoil\n|move|p2a: S***or|Curse|p2a: S***or\n|-unboost|p2a: S***or|spe|1\n|-boost|p2a: S***or|atk|1\n|-boost|p2a: S***or|def|1\n|\n|-weather|RainDance|[upkeep]\n|-heal|p1a: Jonny|63\/100|[from] item: Black Sludge\n|upkeep\n|turn|8\n|inactive|NotLimeee has 270 seconds left.\n|\n|t:|1699552730\n|switch|p1a: Jeff|Muk, M|100\/100\n|move|p2a: S***or|Roost|p2a: S***or\n|-heal|p2a: S***or|100\/100\n|-singleturn|p2a: S***or|move: Roost\n|\n|-weather|none\n|upkeep\n|turn|9\n|\n|t:|1699552746\n|move|p1a: Jeff|Knock Off|p2a: S***or\n|-damage|p2a: S***or|86\/100\n|-damage|p1a: Jeff|84\/100|[from] item: Rocky Helmet|[of] p2a: S***or\n|-enditem|p2a: S***or|Rocky Helmet|[from] move: Knock Off|[of] p1a: Jeff\n|move|p2a: S***or|Knock Off|p1a: Jeff\n|-damage|p1a: Jeff|27\/100\n|-enditem|p1a: Jeff|Assault Vest|[from] move: Knock Off|[of] p2a: S***or\n|\n|upkeep\n|turn|10\n|\n|t:|1699552755\n|move|p2a: S***or|Bullet Punch|p1a: Jeff\n|-damage|p1a: Jeff|0 fnt\n|faint|p1a: Jeff\n|\n|upkeep\n|\n|t:|1699552767\n|switch|p1a: Jonny|Crobat, M|63\/100\n|turn|11\n|\n|t:|1699552773\n|move|p1a: Jonny|Brave Bird|p2a: S***or\n|-damage|p2a: S***or|60\/100\n|-damage|p1a: Jonny|55\/100|[from] Recoil\n|move|p2a: S***or|Curse|p2a: S***or\n|-unboost|p2a: S***or|spe|1\n|-boost|p2a: S***or|atk|1\n|-boost|p2a: S***or|def|1\n|\n|-heal|p1a: Jonny|61\/100|[from] item: Black Sludge\n|upkeep\n|turn|12\n|\n|t:|1699552792\n|move|p1a: Jonny|U-turn|p2a: S***or\n|-resisted|p2a: S***or\n|-damage|p2a: S***or|56\/100\n|\n|t:|1699552796\n|switch|p1a: Lisa|Pinsir, F|100\/100|[from] U-turn\n|move|p2a: S***or|Curse|p2a: S***or\n|-unboost|p2a: S***or|spe|1\n|-boost|p2a: S***or|atk|1\n|-boost|p2a: S***or|def|1\n|\n|upkeep\n|turn|13\n|\n|t:|1699552811\n|move|p1a: Lisa|Earthquake|p2a: S***or\n|-damage|p2a: S***or|42\/100\n|move|p2a: S***or|Roost|p2a: S***or\n|-heal|p2a: S***or|92\/100\n|-singleturn|p2a: S***or|move: Roost\n|\n|upkeep\n|turn|14\n|\n|t:|1699552819\n|move|p1a: Lisa|Earthquake|p2a: S***or\n|-damage|p2a: S***or|79\/100\n|move|p2a: S***or|Knock Off|p1a: Lisa\n|-damage|p1a: Lisa|0 fnt\n|-enditem|p1a: Lisa|Choice Scarf|[from] move: Knock Off|[of] p2a: S***or\n|faint|p1a: Lisa\n|\n|upkeep\n|\n|t:|1699552828\n|switch|p1a: Ollie|Politoed, F|100\/100\n|-weather|RainDance|[from] ability: Drizzle|[of] p1a: Ollie\n|turn|15\n|\n|t:|1699552841\n|move|p1a: Ollie|Scald|p2a: S***or\n|-damage|p2a: S***or|32\/100\n|move|p2a: S***or|Knock Off|p1a: Ollie\n|-damage|p1a: Ollie|24\/100\n|-enditem|p1a: Ollie|Damp Rock|[from] move: Knock Off|[of] p2a: S***or\n|\n|-weather|RainDance|[upkeep]\n|upkeep\n|turn|16\n|\n|t:|1699552851\n|move|p2a: S***or|Bullet Punch|p1a: Ollie\n|-resisted|p1a: Ollie\n|-damage|p1a: Ollie|0 fnt\n|faint|p1a: Ollie\n|\n|-weather|RainDance|[upkeep]\n|upkeep\n|\n|t:|1699552857\n|switch|p1a: Jonny|Crobat, M|61\/100\n|turn|17\n|\n|t:|1699552863\n|move|p1a: Jonny|Brave Bird|p2a: S***or\n|-damage|p2a: S***or|16\/100\n|-damage|p1a: Jonny|57\/100|[from] Recoil\n|move|p2a: S***or|Roost|p2a: S***or\n|-heal|p2a: S***or|66\/100\n|-singleturn|p2a: S***or|move: Roost\n|\n|-weather|RainDance|[upkeep]\n|-heal|p1a: Jonny|63\/100|[from] item: Black Sludge\n|upkeep\n|turn|18\n|\n|t:|1699552882\n|move|p1a: Jonny|Brave Bird|p2a: S***or\n|-damage|p2a: S***or|52\/100\n|-damage|p1a: Jonny|59\/100|[from] Recoil\n|move|p2a: S***or|Roost|p2a: S***or\n|-heal|p2a: S***or|100\/100\n|-singleturn|p2a: S***or|move: Roost\n|\n|-weather|RainDance|[upkeep]\n|-heal|p1a: Jonny|65\/100|[from] item: Black Sludge\n|upkeep\n|turn|19\n|\n|t:|1699552898\n|move|p1a: Jonny|Brave Bird|p2a: S***or\n|-damage|p2a: S***or|86\/100\n|-damage|p1a: Jonny|61\/100|[from] Recoil\n|move|p2a: S***or|Knock Off|p1a: Jonny\n|-damage|p1a: Jonny|0 fnt\n|-enditem|p1a: Jonny|Black Sludge|[from] move: Knock Off|[of] p2a: S***or\n|faint|p1a: Jonny\n|\n|win|NotHenry\n|l|\u2606NotLimeee\n","uploadtime":1699552929,"views":14,"p1id":"notlimeee","p2id":"nothenry","formatid":"gen9nationaldex","rating":0,"private":0,"password":""}