{"id":"gen9nationaldex-1993585073","p1":"Mr300Milesof","p2":"letmehavemynamel","format":"[Gen 9] National Dex","log":"|j|\u2606Mr300Milesof\n|j|\u2606letmehavemynamel\n|t:|1700334501\n|gametype|singles\n|player|p1|Mr300Milesof|acerola|1286\n|player|p2|letmehavemynamel|silver|1254\n|teamsize|p1|6\n|teamsize|p2|6\n|gen|9\n|tier|[Gen 9] National Dex\n|rated|\n|rule|HP Percentage Mod: HP is shown in percentages\n|rule|Endless Battle Clause: Forcing endless battles is banned\n|rule|OHKO Clause: OHKO moves are banned\n|rule|Evasion Clause: Evasion abilities, items, and moves are banned\n|rule|Evasion Abilities Clause: Evasion abilities are banned\n|rule|Evasion Items Clause: Evasion items are banned\n|rule|Evasion Moves Clause: Evasion moves are banned\n|rule|Species Clause: Limit one of each Pok\u00e9mon\n|rule|Sleep Clause Mod: Limit one foe put to sleep\n|clearpoke\n|poke|p1|Banette, M|\n|poke|p1|Vileplume, M|\n|poke|p1|Tapu Fini|\n|poke|p1|Mew|\n|poke|p1|Cinderace, M|\n|poke|p1|Galvantula, M|\n|poke|p2|Blastoise, M|\n|poke|p2|Bastiodon, M|\n|poke|p2|Garchomp, M|\n|poke|p2|Trevenant, M|\n|poke|p2|Gliscor, M|\n|poke|p2|Toxicroak, M|\n|teampreview\n|inactive|Battle timer is ON: inactive players will automatically lose when time's up. (requested by letmehavemynamel)\n|\n|t:|1700334518\n|start\n|switch|p1a: Galvantula|Galvantula, M|100\/100\n|switch|p2a: Bastiodon|Bastiodon, M|100\/100\n|turn|1\n|\n|t:|1700334523\n|move|p1a: Galvantula|Sticky Web|p2a: Bastiodon\n|-sidestart|p2: letmehavemynamel|move: Sticky Web\n|move|p2a: Bastiodon|Stealth Rock|p1a: Galvantula\n|-sidestart|p1: Mr300Milesof|move: Stealth Rock\n|\n|upkeep\n|turn|2\n|\n|t:|1700334527\n|move|p1a: Galvantula|Thunder|p2a: Bastiodon|[miss]\n|-miss|p1a: Galvantula|p2a: Bastiodon\n|move|p2a: Bastiodon|Roar|p1a: Galvantula\n|drag|p1a: Tapu Fini|Tapu Fini|100\/100\n|-damage|p1a: Tapu Fini|88\/100|[from] Stealth Rock\n|-fieldstart|move: Misty Terrain|[from] ability: Misty Surge|[of] p1a: Tapu Fini\n|\n|upkeep\n|turn|3\n|\n|t:|1700334534\n|move|p1a: Tapu Fini|Trick|p2a: Bastiodon\n|-activate|p1a: Tapu Fini|move: Trick|[of] p2a: Bastiodon\n|-item|p2a: Bastiodon|Choice Scarf|[from] move: Trick\n|-item|p1a: Tapu Fini|Leftovers|[from] move: Trick\n|move|p2a: Bastiodon|Metal Burst||[still]\n|-fail|p2a: Bastiodon\n|\n|-heal|p1a: Tapu Fini|94\/100|[from] item: Leftovers\n|upkeep\n|turn|4\n|\n|t:|1700334543\n|switch|p1a: Cinderace|Cinderace, M|100\/100\n|switch|p2a: Blastoise|Blastoise, M|100\/100\n|-activate|p2a: Blastoise|move: Sticky Web\n|-unboost|p2a: Blastoise|spe|1\n|\n|upkeep\n|turn|5\n|\n|t:|1700334550\n|move|p1a: Cinderace|Gunk Shot|p2a: Blastoise\n|-start|p1a: Cinderace|typechange|Poison|[from] ability: Libero\n|-damage|p2a: Blastoise|38\/100\n|move|p2a: Blastoise|Rapid Spin|p1a: Cinderace\n|-damage|p1a: Cinderace|88\/100\n|-boost|p2a: Blastoise|spe|1\n|-sideend|p2: letmehavemynamel|Sticky Web|[from] move: Rapid Spin|[of] p2a: Blastoise\n|\n|upkeep\n|turn|6\n|\n|t:|1700334558\n|switch|p2a: Bastiodon|Bastiodon, M|100\/100\n|move|p1a: Cinderace|Court Change|p1a: Cinderace\n|-swapsideconditions\n|-activate|p1a: Cinderace|move: Court Change\n|\n|-fieldend|Misty Terrain\n|upkeep\n|turn|7\n|\n|t:|1700334565\n|move|p1a: Cinderace|U-turn|p2a: Bastiodon\n|-resisted|p2a: Bastiodon\n|-damage|p2a: Bastiodon|93\/100\n|\n|t:|1700334569\n|switch|p1a: fetus|Mew|100\/100|[from] U-turn\n|move|p2a: Bastiodon|Metal Burst|p1a: fetus\n|-damage|p1a: fetus|91\/100\n|\n|upkeep\n|turn|8\n|\n|t:|1700334575\n|switch|p2a: Blastoise|Blastoise, M|38\/100\n|-damage|p2a: Blastoise|26\/100|[from] Stealth Rock\n|move|p1a: fetus|Cosmic Power|p1a: fetus\n|-boost|p1a: fetus|def|1\n|-boost|p1a: fetus|spd|1\n|\n|upkeep\n|turn|9\n|\n|t:|1700334582\n|-terastallize|p1a: fetus|Poison\n|move|p1a: fetus|Cosmic Power|p1a: fetus\n|-boost|p1a: fetus|def|1\n|-boost|p1a: fetus|spd|1\n|move|p2a: Blastoise|Rapid Spin|p1a: fetus\n|-damage|p1a: fetus|88\/100\n|-boost|p2a: Blastoise|spe|1\n|-sideend|p2: letmehavemynamel|Stealth Rock|[from] move: Rapid Spin|[of] p2a: Blastoise\n|\n|upkeep\n|turn|10\n|\n|t:|1700334591\n|switch|p2a: Trevenant|Trevenant, M|100\/100\n|move|p1a: fetus|Cosmic Power|p1a: fetus\n|-boost|p1a: fetus|def|1\n|-boost|p1a: fetus|spd|1\n|\n|upkeep\n|turn|11\n|\n|t:|1700334597\n|move|p1a: fetus|Cosmic Power|p1a: fetus\n|-boost|p1a: fetus|def|1\n|-boost|p1a: fetus|spd|1\n|move|p2a: Trevenant|Leech Seed|p1a: fetus\n|-start|p1a: fetus|move: Leech Seed\n|\n|-damage|p1a: fetus|75\/100|[from] Leech Seed|[of] p2a: Trevenant\n|upkeep\n|turn|12\n|\n|t:|1700334604\n|move|p1a: fetus|Stored Power|p2a: Trevenant\n|-damage|p2a: Trevenant|36\/100\n|-enditem|p2a: Trevenant|Sitrus Berry|[eat]\n|-heal|p2a: Trevenant|60\/100|[from] item: Sitrus Berry\n|move|p2a: Trevenant|Will-O-Wisp|p1a: fetus\n|-status|p1a: fetus|brn\n|-activate|p1a: fetus|ability: Synchronize\n|-status|p2a: Trevenant|brn\n|\n|-damage|p1a: fetus|63\/100 brn|[from] Leech Seed|[of] p2a: Trevenant\n|-heal|p2a: Trevenant|74\/100 brn|[silent]\n|-damage|p1a: fetus|57\/100 brn|[from] brn\n|-damage|p2a: Trevenant|68\/100 brn|[from] brn\n|-item|p2a: Trevenant|Sitrus Berry|[from] ability: Harvest\n|upkeep\n|turn|13\n|\n|t:|1700334619\n|move|p1a: fetus|Stored Power|p2a: Trevenant\n|-damage|p2a: Trevenant|1\/100 brn\n|-enditem|p2a: Trevenant|Sitrus Berry|[eat]\n|-heal|p2a: Trevenant|26\/100 brn|[from] item: Sitrus Berry\n|move|p2a: Trevenant|Horn Leech|p1a: fetus\n|-resisted|p1a: fetus\n|-damage|p1a: fetus|54\/100 brn\n|-heal|p2a: Trevenant|27\/100 brn|[from] drain|[of] p1a: fetus\n|\n|-damage|p1a: fetus|42\/100 brn|[from] Leech Seed|[of] p2a: Trevenant\n|-heal|p2a: Trevenant|40\/100 brn|[silent]\n|-damage|p1a: fetus|36\/100 brn|[from] brn\n|-damage|p2a: Trevenant|34\/100 brn|[from] brn\n|-item|p2a: Trevenant|Sitrus Berry|[from] ability: Harvest\n|upkeep\n|-enditem|p2a: Trevenant|Sitrus Berry|[eat]\n|-heal|p2a: Trevenant|59\/100 brn|[from] item: Sitrus Berry\n|turn|14\n|\n|t:|1700334639\n|move|p1a: fetus|Stored Power|p2a: Trevenant\n|-damage|p2a: Trevenant|0 fnt\n|faint|p2a: Trevenant\n|\n|-damage|p1a: fetus|29\/100 brn|[from] brn\n|upkeep\n|\n|t:|1700334653\n|switch|p2a: Bastiodon|Bastiodon, M|93\/100\n|turn|15\n|\n|t:|1700334658\n|move|p1a: fetus|Soft-Boiled|p1a: fetus\n|-heal|p1a: fetus|79\/100 brn\n|move|p2a: Bastiodon|Metal Burst||[still]\n|-fail|p2a: Bastiodon\n|\n|-damage|p1a: fetus|67\/100 brn|[from] Leech Seed|[of] p2a: Bastiodon\n|-heal|p2a: Bastiodon|100\/100|[silent]\n|-damage|p1a: fetus|61\/100 brn|[from] brn\n|upkeep\n|turn|16\n|\n|t:|1700334665\n|move|p1a: fetus|Soft-Boiled|p1a: fetus\n|-heal|p1a: fetus|100\/100 brn\n|move|p2a: Bastiodon|Metal Burst||[still]\n|-fail|p2a: Bastiodon\n|\n|-damage|p1a: fetus|88\/100 brn|[from] Leech Seed|[of] p2a: Bastiodon\n|-damage|p1a: fetus|82\/100 brn|[from] brn\n|upkeep\n|turn|17\n|\n|t:|1700334672\n|move|p1a: fetus|Cosmic Power|p1a: fetus\n|-boost|p1a: fetus|def|1\n|-boost|p1a: fetus|spd|1\n|move|p2a: Bastiodon|Metal Burst||[still]\n|-fail|p2a: Bastiodon\n|\n|-damage|p1a: fetus|70\/100 brn|[from] Leech Seed|[of] p2a: Bastiodon\n|-damage|p1a: fetus|63\/100 brn|[from] brn\n|upkeep\n|turn|18\n|\n|t:|1700334679\n|move|p1a: fetus|Cosmic Power|p1a: fetus\n|-boost|p1a: fetus|def|1\n|-boost|p1a: fetus|spd|1\n|move|p2a: Bastiodon|Metal Burst||[still]\n|-fail|p2a: Bastiodon\n|\n|-damage|p1a: fetus|51\/100 brn|[from] Leech Seed|[of] p2a: Bastiodon\n|-damage|p1a: fetus|45\/100 brn|[from] brn\n|upkeep\n|turn|19\n|\n|t:|1700334686\n|move|p1a: fetus|Soft-Boiled|p1a: fetus\n|-heal|p1a: fetus|95\/100 brn\n|move|p2a: Bastiodon|Metal Burst||[still]\n|-fail|p2a: Bastiodon\n|\n|-damage|p1a: fetus|82\/100 brn|[from] Leech Seed|[of] p2a: Bastiodon\n|-damage|p1a: fetus|76\/100 brn|[from] brn\n|upkeep\n|turn|20\n|\n|t:|1700334693\n|move|p1a: fetus|Body Press|p2a: Bastiodon\n|-supereffective|p2a: Bastiodon\n|-damage|p2a: Bastiodon|10\/100\n|move|p2a: Bastiodon|Metal Burst|p1a: fetus\n|-damage|p1a: fetus|0 fnt\n|faint|p1a: fetus\n|\n|upkeep\n|\n|t:|1700334696\n|switch|p1a: Banette|Banette, M|100\/100\n|turn|21\n|\n|t:|1700334701\n|detailschange|p1a: Banette|Banette-Mega, M\n|-mega|p1a: Banette|Banette|Banettite\n|move|p1a: Banette|Knock Off|p2a: Bastiodon\n|-damage|p2a: Bastiodon|0 fnt\n|-enditem|p2a: Bastiodon|Choice Scarf|[from] move: Knock Off|[of] p1a: Banette\n|faint|p2a: Bastiodon\n|\n|upkeep\n|\n|t:|1700334707\n|switch|p2a: Gliscor|Gliscor, M|100\/100\n|turn|22\n|\n|t:|1700334709\n|switch|p1a: Tapu Fini|Tapu Fini|94\/100\n|-fieldstart|move: Misty Terrain|[from] ability: Misty Surge|[of] p1a: Tapu Fini\n|move|p2a: Gliscor|Protect||[still]\n|-fail|p2a: Gliscor\n|\n|-heal|p1a: Tapu Fini|99\/100|[from] item: Leftovers\n|-status|p2a: Gliscor|tox|[from] item: Toxic Orb\n|upkeep\n|turn|23\n|\n|t:|1700334719\n|move|p2a: Gliscor|Knock Off|p1a: Tapu Fini\n|-resisted|p1a: Tapu Fini\n|-damage|p1a: Tapu Fini|89\/100\n|-enditem|p1a: Tapu Fini|Leftovers|[from] move: Knock Off|[of] p2a: Gliscor\n|move|p1a: Tapu Fini|Moonblast|p2a: Gliscor\n|-damage|p2a: Gliscor|56\/100 tox\n|\n|-heal|p2a: Gliscor|68\/100 tox|[from] ability: Poison Heal\n|upkeep\n|turn|24\n|\n|t:|1700334728\n|switch|p2a: Toxicroak|Toxicroak, M|100\/100\n|move|p1a: Tapu Fini|Surf|p2a: Toxicroak\n|-immune|p2a: Toxicroak|[from] ability: Dry Skin\n|\n|upkeep\n|turn|25\n|\n|t:|1700334734\n|switch|p1a: Vileplume|Vileplume, M|100\/100\n|move|p2a: Toxicroak|Swords Dance|p2a: Toxicroak\n|-boost|p2a: Toxicroak|atk|2\n|\n|upkeep\n|turn|26\n|\n|t:|1700334741\n|move|p2a: Toxicroak|Swords Dance|p2a: Toxicroak\n|-boost|p2a: Toxicroak|atk|2\n|move|p1a: Vileplume|Strength Sap|p2a: Toxicroak\n|-unboost|p2a: Toxicroak|atk|1\n|\n|-fieldend|Misty Terrain\n|upkeep\n|turn|27\n|\n|t:|1700334747\n|move|p2a: Toxicroak|Gunk Shot|p1a: Vileplume\n|-damage|p1a: Vileplume|1\/100\n|move|p1a: Vileplume|Strength Sap|p2a: Toxicroak\n|-unboost|p2a: Toxicroak|atk|1\n|-heal|p1a: Vileplume|100\/100\n|\n|upkeep\n|turn|28\n|\n|t:|1700334755\n|switch|p2a: Blastoise|Blastoise, M|26\/100\n|move|p1a: Vileplume|Strength Sap|p2a: Blastoise\n|-unboost|p2a: Blastoise|atk|1\n|\n|upkeep\n|turn|29\n|\n|t:|1700334761\n|move|p2a: Blastoise|Ice Beam|p1a: Vileplume\n|-supereffective|p1a: Vileplume\n|-damage|p1a: Vileplume|50\/100\n|move|p1a: Vileplume|Giga Drain|p2a: Blastoise\n|-supereffective|p2a: Blastoise\n|-damage|p2a: Blastoise|0 fnt\n|-heal|p1a: Vileplume|61\/100|[from] drain|[of] p2a: Blastoise\n|faint|p2a: Blastoise\n|\n|upkeep\n|\n|t:|1700334775\n|switch|p2a: Garchomp|Garchomp, M|100\/100\n|turn|30\n|\n|t:|1700334782\n|move|p2a: Garchomp|Fire Fang|p1a: Vileplume\n|-supereffective|p1a: Vileplume\n|-damage|p1a: Vileplume|25\/100\n|-damage|p2a: Garchomp|84\/100|[from] item: Rocky Helmet|[of] p1a: Vileplume\n|move|p1a: Vileplume|Strength Sap|p2a: Garchomp\n|-unboost|p2a: Garchomp|atk|1\n|-heal|p1a: Vileplume|100\/100\n|\n|upkeep\n|turn|31\n|\n|t:|1700334791\n|switch|p2a: Toxicroak|Toxicroak, M|100\/100\n|move|p1a: Vileplume|Sludge Bomb|p2a: Toxicroak\n|-resisted|p2a: Toxicroak\n|-damage|p2a: Toxicroak|72\/100\n|\n|upkeep\n|turn|32\n|\n|t:|1700334797\n|move|p2a: Toxicroak|Drain Punch|p1a: Vileplume\n|-resisted|p1a: Vileplume\n|-damage|p1a: Vileplume|88\/100\n|-heal|p2a: Toxicroak|79\/100|[from] drain|[of] p1a: Vileplume\n|-damage|p2a: Toxicroak|62\/100|[from] item: Rocky Helmet|[of] p1a: Vileplume\n|move|p1a: Vileplume|Strength Sap|p2a: Toxicroak\n|-unboost|p2a: Toxicroak|atk|1\n|-heal|p1a: Vileplume|100\/100\n|\n|upkeep\n|turn|33\n|\n|t:|1700334807\n|switch|p2a: Gliscor|Gliscor, M|68\/100 tox\n|move|p1a: Vileplume|Sludge Bomb|p2a: Gliscor\n|-resisted|p2a: Gliscor\n|-damage|p2a: Gliscor|48\/100 tox\n|\n|-heal|p2a: Gliscor|60\/100 tox|[from] ability: Poison Heal\n|upkeep\n|turn|34\n|\n|t:|1700334816\n|switch|p1a: Banette|Banette-Mega, M|100\/100\n|move|p2a: Gliscor|Knock Off|p1a: Banette\n|-supereffective|p1a: Banette\n|-damage|p1a: Banette|64\/100\n|\n|-heal|p2a: Gliscor|73\/100 tox|[from] ability: Poison Heal\n|upkeep\n|turn|35\n|\n|t:|1700334825\n|move|p2a: Gliscor|Earthquake|p1a: Banette\n|-damage|p1a: Banette|21\/100\n|move|p1a: Banette|Knock Off|p2a: Gliscor\n|-damage|p2a: Gliscor|42\/100 tox\n|-enditem|p2a: Gliscor|Toxic Orb|[from] move: Knock Off|[of] p1a: Banette\n|\n|-heal|p2a: Gliscor|54\/100 tox|[from] ability: Poison Heal\n|upkeep\n|turn|36\n|\n|t:|1700334833\n|move|p1a: Banette|Destiny Bond|p1a: Banette\n|-singlemove|p1a: Banette|Destiny Bond\n|move|p2a: Gliscor|Earthquake|p1a: Banette\n|-damage|p1a: Banette|0 fnt\n|faint|p1a: Banette\n|-activate|p1a: Banette|move: Destiny Bond\n|faint|p2a: Gliscor\n|\n|upkeep\n|c|\u2606letmehavemynamel|;-;\n|\n|t:|1700334840\n|switch|p2a: Garchomp|Garchomp, M|84\/100\n|switch|p1a: Vileplume|Vileplume, M|100\/100\n|turn|37\n|\n|t:|1700334845\n|move|p2a: Garchomp|Swords Dance|p2a: Garchomp\n|-boost|p2a: Garchomp|atk|2\n|move|p1a: Vileplume|Giga Drain|p2a: Garchomp\n|-damage|p2a: Garchomp|54\/100\n|\n|upkeep\n|turn|38\n|\n|t:|1700334851\n|move|p2a: Garchomp|Scale Shot|p1a: Vileplume\n|-damage|p1a: Vileplume|80\/100\n|-damage|p1a: Vileplume|61\/100\n|-damage|p1a: Vileplume|42\/100\n|-damage|p1a: Vileplume|21\/100\n|-hitcount|p1a: Vileplume|4\n|-unboost|p2a: Garchomp|def|1\n|-boost|p2a: Garchomp|spe|1\n|move|p1a: Vileplume|Strength Sap|p2a: Garchomp\n|-unboost|p2a: Garchomp|atk|1\n|-heal|p1a: Vileplume|100\/100\n|\n|upkeep\n|turn|39\n|c|\u2606letmehavemynamel|bruh\n|\n|t:|1700334863\n|move|p2a: Garchomp|Swords Dance|p2a: Garchomp\n|-boost|p2a: Garchomp|atk|2\n|move|p1a: Vileplume|Strength Sap|p2a: Garchomp\n|-unboost|p2a: Garchomp|atk|1\n|\n|upkeep\n|turn|40\n|\n|t:|1700334869\n|move|p2a: Garchomp|Swords Dance|p2a: Garchomp\n|-boost|p2a: Garchomp|atk|2\n|move|p1a: Vileplume|Strength Sap|p2a: Garchomp\n|-unboost|p2a: Garchomp|atk|1\n|\n|upkeep\n|turn|41\n|\n|t:|1700334874\n|move|p2a: Garchomp|Swords Dance|p2a: Garchomp\n|-boost|p2a: Garchomp|atk|2\n|move|p1a: Vileplume|Sleep Powder|p2a: Garchomp\n|-status|p2a: Garchomp|slp|[from] move: Sleep Powder\n|\n|upkeep\n|turn|42\n|\n|t:|1700334880\n|cant|p2a: Garchomp|slp\n|move|p1a: Vileplume|Giga Drain|p2a: Garchomp\n|-damage|p2a: Garchomp|25\/100 slp\n|\n|upkeep\n|turn|43\n|\n|t:|1700334884\n|cant|p2a: Garchomp|slp\n|move|p1a: Vileplume|Strength Sap|p2a: Garchomp\n|-unboost|p2a: Garchomp|atk|1\n|\n|upkeep\n|turn|44\n|\n|t:|1700334888\n|cant|p2a: Garchomp|slp\n|move|p1a: Vileplume|Strength Sap|p2a: Garchomp\n|-unboost|p2a: Garchomp|atk|1\n|\n|upkeep\n|turn|45\n|\n|t:|1700334893\n|-curestatus|p2a: Garchomp|slp|[msg]\n|move|p2a: Garchomp|Scale Shot|p1a: Vileplume\n|-damage|p1a: Vileplume|74\/100\n|-damage|p1a: Vileplume|49\/100\n|-damage|p1a: Vileplume|25\/100\n|-damage|p1a: Vileplume|1\/100\n|-hitcount|p1a: Vileplume|4\n|-unboost|p2a: Garchomp|def|1\n|-boost|p2a: Garchomp|spe|1\n|move|p1a: Vileplume|Giga Drain|p2a: Garchomp\n|-damage|p2a: Garchomp|0 fnt\n|-heal|p1a: Vileplume|13\/100|[from] drain|[of] p2a: Garchomp\n|faint|p2a: Garchomp\n|\n|upkeep\n|c|\u2606letmehavemynamel|ffs\n|\n|t:|1700334906\n|switch|p2a: Toxicroak|Toxicroak, M|62\/100\n|turn|46\n|\n|t:|1700334909\n|move|p2a: Toxicroak|Gunk Shot|p1a: Vileplume\n|-damage|p1a: Vileplume|0 fnt\n|faint|p1a: Vileplume\n|\n|upkeep\n|\n|t:|1700334911\n|switch|p1a: Galvantula|Galvantula, M|100\/100\n|turn|47\n|c|\u2606letmehavemynamel|that was dumb af\n|\n|t:|1700334916\n|move|p1a: Galvantula|Thunder Wave|p2a: Toxicroak\n|-status|p2a: Toxicroak|par\n|move|p2a: Toxicroak|Swords Dance|p2a: Toxicroak\n|-boost|p2a: Toxicroak|atk|2\n|\n|upkeep\n|turn|48\n|\n|t:|1700334922\n|move|p1a: Galvantula|Thunder|p2a: Toxicroak\n|-damage|p2a: Toxicroak|0 fnt\n|faint|p2a: Toxicroak\n|\n|win|Mr300Milesof\n|raw|Mr300Milesof's rating: 1286 &rarr; <strong>1309<\/strong><br \/>(+23 for winning)\n|raw|letmehavemynamel's rating: 1254 &rarr; <strong>1231<\/strong><br \/>(-23 for losing)\n|l|\u2606letmehavemynamel\n","uploadtime":1700334930,"views":17,"p1id":"mr300milesof","p2id":"letmehavemynamel","formatid":"gen9nationaldex","rating":1231,"private":0,"password":""}