{"id":"gen9nationaldex-1990887647","p1":"yoalexdanoob","p2":"Da besto Eva waso","format":"[Gen 9] National Dex","log":"|j|\u2606yoalexdanoob\n|j|\u2606Da besto Eva waso\n|t:|1700011577\n|gametype|singles\n|player|p1|yoalexdanoob|gardenia|1132\n|player|p2|Da besto Eva waso|169|1000\n|teamsize|p1|6\n|teamsize|p2|6\n|gen|9\n|tier|[Gen 9] National Dex\n|rated|\n|rule|HP Percentage Mod: HP is shown in percentages\n|rule|Endless Battle Clause: Forcing endless battles is banned\n|rule|OHKO Clause: OHKO moves are banned\n|rule|Evasion Clause: Evasion abilities, items, and moves are banned\n|rule|Evasion Abilities Clause: Evasion abilities are banned\n|rule|Evasion Items Clause: Evasion items are banned\n|rule|Evasion Moves Clause: Evasion moves are banned\n|rule|Species Clause: Limit one of each Pok\u00e9mon\n|rule|Sleep Clause Mod: Limit one foe put to sleep\n|clearpoke\n|poke|p1|Doublade, F|\n|poke|p1|Porygon2|\n|poke|p1|Sliggoo-Hisui, M|\n|poke|p1|Scyther, M|\n|poke|p1|Magmar, M|\n|poke|p1|Stantler, M|\n|poke|p2|Gigalith, F|\n|poke|p2|Garganacl, F|\n|poke|p2|Stonjourner, M|\n|poke|p2|Minior|\n|poke|p2|Lycanroc-Dusk, M|\n|poke|p2|Arcanine-Hisui, M|\n|teampreview\n|\n|t:|1700011592\n|start\n|switch|p1a: Butter knife|Doublade, F|100\/100\n|switch|p2a: Gigalith|Gigalith, F|100\/100\n|-weather|Sandstorm|[from] ability: Sand Stream|[of] p2a: Gigalith\n|turn|1\n|\n|t:|1700011610\n|move|p2a: Gigalith|Earthquake|p1a: Butter knife\n|-supereffective|p1a: Butter knife\n|-damage|p1a: Butter knife|65\/100\n|move|p1a: Butter knife|Swords Dance|p1a: Butter knife\n|-boost|p1a: Butter knife|atk|2\n|\n|-weather|Sandstorm|[upkeep]\n|upkeep\n|turn|2\n|\n|t:|1700011621\n|move|p2a: Gigalith|Earthquake|p1a: Butter knife\n|-supereffective|p1a: Butter knife\n|-damage|p1a: Butter knife|27\/100\n|move|p1a: Butter knife|Sacred Sword|p2a: Gigalith\n|-supereffective|p2a: Gigalith\n|-crit|p2a: Gigalith\n|-damage|p2a: Gigalith|0 fnt\n|faint|p2a: Gigalith\n|\n|-weather|Sandstorm|[upkeep]\n|upkeep\n|\n|t:|1700011631\n|switch|p2a: Lycanroc|Lycanroc-Dusk, M|100\/100\n|turn|3\n|\n|t:|1700011639\n|move|p1a: Butter knife|Shadow Sneak|p2a: Lycanroc\n|-damage|p2a: Lycanroc|53\/100\n|move|p2a: Lycanroc|Drill Run|p1a: Butter knife\n|-supereffective|p1a: Butter knife\n|-damage|p1a: Butter knife|0 fnt\n|faint|p1a: Butter knife\n|\n|-weather|Sandstorm|[upkeep]\n|upkeep\n|\n|t:|1700011655\n|switch|p1a: Stantler|Stantler, M|100\/100\n|-ability|p1a: Stantler|Intimidate|boost\n|-unboost|p2a: Lycanroc|atk|1\n|turn|4\n|\n|t:|1700011665\n|switch|p2a: Stonjourner|Stonjourner, M|100\/100\n|move|p1a: Stantler|Psyshield Bash|p2a: Stonjourner\n|-damage|p2a: Stonjourner|87\/100\n|-boost|p1a: Stantler|def|1\n|\n|-weather|Sandstorm|[upkeep]\n|-damage|p1a: Stantler|94\/100|[from] Sandstorm\n|-heal|p2a: Stonjourner|93\/100|[from] item: Leftovers\n|upkeep\n|turn|5\n|\n|t:|1700011685\n|-terastallize|p1a: Stantler|Psychic\n|move|p1a: Stantler|Earthquake|p2a: Stonjourner\n|-supereffective|p2a: Stonjourner\n|-damage|p2a: Stonjourner|53\/100\n|move|p2a: Stonjourner|Body Press|p1a: Stantler\n|-resisted|p1a: Stantler\n|-damage|p1a: Stantler|85\/100\n|\n|-weather|Sandstorm|[upkeep]\n|-damage|p1a: Stantler|79\/100|[from] Sandstorm\n|-heal|p2a: Stonjourner|59\/100|[from] item: Leftovers\n|upkeep\n|turn|6\n|\n|t:|1700011698\n|-terastallize|p2a: Stonjourner|Rock\n|move|p1a: Stantler|Earthquake|p2a: Stonjourner\n|-supereffective|p2a: Stonjourner\n|-damage|p2a: Stonjourner|18\/100\n|move|p2a: Stonjourner|Stone Edge|p1a: Stantler\n|-damage|p1a: Stantler|29\/100\n|\n|-weather|Sandstorm|[upkeep]\n|-damage|p1a: Stantler|23\/100|[from] Sandstorm\n|-heal|p2a: Stonjourner|24\/100|[from] item: Leftovers\n|upkeep\n|turn|7\n|\n|t:|1700011709\n|move|p1a: Stantler|Earthquake|p2a: Stonjourner\n|-supereffective|p2a: Stonjourner\n|-damage|p2a: Stonjourner|0 fnt\n|faint|p2a: Stonjourner\n|\n|-weather|Sandstorm|[upkeep]\n|-damage|p1a: Stantler|17\/100|[from] Sandstorm\n|upkeep\n|\n|t:|1700011717\n|switch|p2a: Lycanroc|Lycanroc-Dusk, M|53\/100\n|turn|8\n|\n|t:|1700011725\n|move|p2a: Lycanroc|Drill Run|p1a: Stantler\n|-damage|p1a: Stantler|0 fnt\n|faint|p1a: Stantler\n|\n|-weather|none\n|upkeep\n|\n|t:|1700011737\n|switch|p1a: Scyther|Scyther, M|100\/100\n|turn|9\n|\n|t:|1700011742\n|move|p2a: Lycanroc|Accelerock|p1a: Scyther\n|-supereffective|p1a: Scyther\n|-damage|p1a: Scyther|10\/100\n|move|p1a: Scyther|Trailblaze|p2a: Lycanroc\n|-supereffective|p2a: Lycanroc\n|-damage|p2a: Lycanroc|0 fnt\n|-boost|p1a: Scyther|spe|1\n|faint|p2a: Lycanroc\n|\n|upkeep\n|\n|t:|1700011749\n|switch|p2a: Arcanine|Arcanine-Hisui, M|100\/100\n|turn|10\n|\n|t:|1700011762\n|move|p2a: Arcanine|Extreme Speed|p1a: Scyther\n|-crit|p1a: Scyther\n|-damage|p1a: Scyther|0 fnt\n|faint|p1a: Scyther\n|\n|upkeep\n|\n|t:|1700011785\n|switch|p1a: Magmar|Magmar, M|100\/100\n|turn|11\n|\n|t:|1700011795\n|move|p1a: Magmar|Scorching Sands|p2a: Arcanine\n|-supereffective|p2a: Arcanine\n|-damage|p2a: Arcanine|0 fnt\n|faint|p2a: Arcanine\n|\n|upkeep\n|\n|t:|1700011808\n|switch|p2a: Minior|Minior|100\/100\n|-formechange|p2a: Minior|Minior-Meteor||[from] ability: Shields Down\n|turn|12\n|\n|t:|1700011818\n|switch|p1a: Porygon2|Porygon2|100\/100\n|move|p2a: Minior|Power Gem|p1a: Porygon2\n|-damage|p1a: Porygon2|87\/100\n|\n|upkeep\n|turn|13\n|\n|t:|1700011829\n|move|p2a: Minior|Power Gem|p1a: Porygon2\n|-damage|p1a: Porygon2|73\/100\n|move|p1a: Porygon2|Toxic|p2a: Minior\n|-immune|p2a: Minior|[from] ability: Shields Down\n|\n|upkeep\n|turn|14\n|\n|t:|1700011843\n|move|p2a: Minior|Power Gem|p1a: Porygon2\n|-damage|p1a: Porygon2|59\/100\n|move|p1a: Porygon2|Recover|p1a: Porygon2\n|-heal|p1a: Porygon2|100\/100\n|\n|upkeep\n|turn|15\n|\n|t:|1700011847\n|move|p2a: Minior|Power Gem|p1a: Porygon2\n|-damage|p1a: Porygon2|87\/100\n|move|p1a: Porygon2|Ice Beam|p2a: Minior\n|-supereffective|p2a: Minior\n|-damage|p2a: Minior|0 fnt\n|faint|p2a: Minior\n|\n|upkeep\n|\n|t:|1700011854\n|switch|p2a: Garganacl|Garganacl, F|100\/100\n|turn|16\n|\n|t:|1700011867\n|move|p1a: Porygon2|Ice Beam|p2a: Garganacl\n|-damage|p2a: Garganacl|74\/100\n|move|p2a: Garganacl|Salt Cure|p1a: Porygon2\n|-damage|p1a: Porygon2|77\/100\n|-start|p1a: Porygon2|Salt Cure\n|\n|-heal|p2a: Garganacl|81\/100|[from] item: Leftovers\n|-damage|p1a: Porygon2|65\/100|[from] Salt Cure\n|upkeep\n|turn|17\n|\n|t:|1700011877\n|move|p1a: Porygon2|Toxic|p2a: Garganacl\n|-immune|p2a: Garganacl|[from] ability: Purifying Salt\n|move|p2a: Garganacl|Recover|p2a: Garganacl\n|-heal|p2a: Garganacl|100\/100\n|\n|-damage|p1a: Porygon2|52\/100|[from] Salt Cure\n|upkeep\n|turn|18\n|\n|t:|1700011889\n|move|p1a: Porygon2|Recover|p1a: Porygon2\n|-heal|p1a: Porygon2|100\/100\n|move|p2a: Garganacl|Thunder Punch|p1a: Porygon2\n|-damage|p1a: Porygon2|88\/100\n|\n|-damage|p1a: Porygon2|76\/100|[from] Salt Cure\n|upkeep\n|turn|19\n|\n|t:|1700011891\n|move|p1a: Porygon2|Ice Beam|p2a: Garganacl\n|-damage|p2a: Garganacl|75\/100\n|move|p2a: Garganacl|Salt Cure|p1a: Porygon2\n|-damage|p1a: Porygon2|65\/100\n|\n|-heal|p2a: Garganacl|81\/100|[from] item: Leftovers\n|-damage|p1a: Porygon2|53\/100|[from] Salt Cure\n|upkeep\n|turn|20\n|\n|t:|1700011893\n|move|p1a: Porygon2|Ice Beam|p2a: Garganacl\n|-damage|p2a: Garganacl|57\/100\n|move|p2a: Garganacl|Earthquake|p1a: Porygon2\n|-crit|p1a: Porygon2\n|-damage|p1a: Porygon2|27\/100\n|\n|-heal|p2a: Garganacl|64\/100|[from] item: Leftovers\n|-damage|p1a: Porygon2|14\/100|[from] Salt Cure\n|upkeep\n|turn|21\n|\n|t:|1700011895\n|move|p1a: Porygon2|Ice Beam|p2a: Garganacl\n|-damage|p2a: Garganacl|39\/100\n|move|p2a: Garganacl|Recover|p2a: Garganacl\n|-heal|p2a: Garganacl|89\/100\n|\n|-heal|p2a: Garganacl|95\/100|[from] item: Leftovers\n|-damage|p1a: Porygon2|2\/100|[from] Salt Cure\n|upkeep\n|turn|22\n|\n|t:|1700011899\n|move|p1a: Porygon2|Ice Beam|p2a: Garganacl\n|-damage|p2a: Garganacl|68\/100\n|move|p2a: Garganacl|Salt Cure|p1a: Porygon2\n|-damage|p1a: Porygon2|0 fnt\n|faint|p1a: Porygon2\n|\n|-heal|p2a: Garganacl|74\/100|[from] item: Leftovers\n|upkeep\n|\n|t:|1700011907\n|switch|p1a: Magmar|Magmar, M|100\/100\n|turn|23\n|\n|t:|1700011918\n|move|p1a: Magmar|Focus Blast|p2a: Garganacl\n|-supereffective|p2a: Garganacl\n|-damage|p2a: Garganacl|0 fnt\n|faint|p2a: Garganacl\n|\n|win|yoalexdanoob\n|raw|yoalexdanoob's rating: 1132 &rarr; <strong>1148<\/strong><br \/>(+16 for winning)\n|raw|Da besto Eva waso's rating: 1000 &rarr; <strong>1000<\/strong><br \/>(+0 for losing)\n|l|\u2606Da besto Eva waso\n","uploadtime":1700011957,"views":5,"p1id":"yoalexdanoob","p2id":"dabestoevawaso","formatid":"gen9nationaldex","rating":1000,"private":0,"password":""}