{"id":"gen9nationaldex-1991147083","p1":"makerdedie","p2":"yinglunII","format":"[Gen 9] National Dex","log":"|j|\u2606makerdedie\n|j|\u2606yinglunII\n|t:|1700050026\n|gametype|singles\n|player|p1|makerdedie|swimmer|1380\n|player|p2|yinglunII|volkner|1463\n|teamsize|p1|6\n|teamsize|p2|6\n|gen|9\n|tier|[Gen 9] National Dex\n|rated|\n|rule|HP Percentage Mod: HP is shown in percentages\n|rule|Endless Battle Clause: Forcing endless battles is banned\n|rule|OHKO Clause: OHKO moves are banned\n|rule|Evasion Clause: Evasion abilities, items, and moves are banned\n|rule|Evasion Abilities Clause: Evasion abilities are banned\n|rule|Evasion Items Clause: Evasion items are banned\n|rule|Evasion Moves Clause: Evasion moves are banned\n|rule|Species Clause: Limit one of each Pok\u00e9mon\n|rule|Sleep Clause Mod: Limit one foe put to sleep\n|clearpoke\n|poke|p1|Gyarados, F|\n|poke|p1|Porygon-Z|\n|poke|p1|Aegislash, F|\n|poke|p1|Great Tusk|\n|poke|p1|Volcarona, F|\n|poke|p1|Rillaboom, F|\n|poke|p2|Ninetales-Alola, M|\n|poke|p2|Nidoking, M|\n|poke|p2|Serperior, F|\n|poke|p2|Pelipper, F|\n|poke|p2|Iron Valiant|\n|poke|p2|Excadrill, M|\n|teampreview\n|inactive|Battle timer is ON: inactive players will automatically lose when time's up. (requested by makerdedie)\n|\n|t:|1700050038\n|start\n|switch|p1a: Porygon-Z|Porygon-Z|100\/100\n|switch|p2a: Ninetales|Ninetales-Alola, M|100\/100\n|-weather|Snow|[from] ability: Snow Warning|[of] p2a: Ninetales\n|turn|1\n|\n|t:|1700050041\n|move|p2a: Ninetales|Toxic|p1a: Porygon-Z\n|-status|p1a: Porygon-Z|tox\n|move|p1a: Porygon-Z|Tri Attack|p2a: Ninetales\n|-damage|p2a: Ninetales|2\/100\n|\n|-weather|Snow|[upkeep]\n|-damage|p1a: Porygon-Z|94\/100 tox|[from] psn\n|upkeep\n|turn|2\n|\n|t:|1700050045\n|move|p2a: Ninetales|Aurora Veil|p2a: Ninetales\n|-sidestart|p2: yinglunII|move: Aurora Veil\n|move|p1a: Porygon-Z|Tri Attack|p2a: Ninetales\n|-crit|p2a: Ninetales\n|-damage|p2a: Ninetales|0 fnt\n|faint|p2a: Ninetales\n|\n|-weather|Snow|[upkeep]\n|-damage|p1a: Porygon-Z|82\/100 tox|[from] psn\n|upkeep\n|\n|t:|1700050052\n|switch|p2a: Serperior|Serperior, F|100\/100\n|turn|3\n|\n|t:|1700050056\n|move|p2a: Serperior|Leaf Storm|p1a: Porygon-Z\n|-damage|p1a: Porygon-Z|14\/100 tox\n|-boost|p2a: Serperior|spa|2\n|move|p1a: Porygon-Z|Tri Attack|p2a: Serperior\n|-damage|p2a: Serperior|43\/100\n|\n|-weather|Snow|[upkeep]\n|-heal|p2a: Serperior|49\/100|[from] item: Leftovers\n|-damage|p1a: Porygon-Z|0 fnt|[from] psn\n|faint|p1a: Porygon-Z\n|upkeep\n|\n|t:|1700050071\n|switch|p1a: Aegislash|Aegislash, F|100\/100\n|turn|4\n|\n|t:|1700050078\n|move|p2a: Serperior|Substitute|p2a: Serperior\n|-start|p2a: Serperior|Substitute\n|-damage|p2a: Serperior|24\/100\n|move|p1a: Aegislash|Swords Dance|p1a: Aegislash\n|-boost|p1a: Aegislash|atk|2\n|\n|-weather|Snow|[upkeep]\n|-heal|p2a: Serperior|30\/100|[from] item: Leftovers\n|upkeep\n|turn|5\n|\n|t:|1700050081\n|-formechange|p1a: Aegislash|Aegislash-Blade||[from] ability: Stance Change\n|move|p1a: Aegislash|Shadow Sneak|p2a: Serperior\n|-end|p2a: Serperior|Substitute\n|move|p2a: Serperior|Glare|p1a: Aegislash\n|-status|p1a: Aegislash|par\n|\n|-weather|none\n|-heal|p2a: Serperior|37\/100|[from] item: Leftovers\n|upkeep\n|turn|6\n|\n|t:|1700050090\n|cant|p1a: Aegislash|par\n|move|p2a: Serperior|Leaf Storm|p1a: Aegislash\n|-resisted|p1a: Aegislash\n|-damage|p1a: Aegislash|12\/100 par\n|-boost|p2a: Serperior|spa|2\n|\n|-heal|p2a: Serperior|43\/100|[from] item: Leftovers\n|-heal|p1a: Aegislash|18\/100 par|[from] item: Leftovers\n|upkeep\n|turn|7\n|\n|t:|1700050094\n|-terastallize|p1a: Aegislash|Ghost\n|cant|p1a: Aegislash|par\n|move|p2a: Serperior|Leaf Storm|p1a: Aegislash\n|-damage|p1a: Aegislash|0 fnt\n|-boost|p2a: Serperior|spa|2\n|faint|p1a: Aegislash\n|\n|-heal|p2a: Serperior|49\/100|[from] item: Leftovers\n|upkeep\n|c|\u2606yinglunII|sorry\n|\n|t:|1700050105\n|switch|p1a: Volcarona|Volcarona, F|100\/100\n|turn|8\n|-message|yinglunII forfeited.\n|\n|win|makerdedie\n|raw|makerdedie's rating: 1380 &rarr; <strong>1405<\/strong><br \/>(+25 for winning)\n|raw|yinglunII's rating: 1463 &rarr; <strong>1438<\/strong><br \/>(-25 for losing)\n|c|\u2606yinglunII|its\"s amusing\n|l|\u2606yinglunII\n|c|\u2606makerdedie|thank you\n","uploadtime":1700050136,"views":11,"p1id":"makerdedie","p2id":"yinglunii","formatid":"gen9nationaldex","rating":1405,"private":0,"password":""}