{"id":"gen9nationaldex-2000494675","p1":"PLAYB0I R0BBIE B","p2":"registeelflygon","format":"[Gen 9] National Dex","log":"|html|<div class=\"broadcast-blue\"><strong>[Gen 9] National Dex is currently suspecting Sneasler! For information on how to participate check out the <a href=\"https:\/\/www.smogon.com\/forums\/threads\/sv-national-dex-suspect-8-just-dance.3731534\/\">suspect thread<\/a>.<\/strong><\/div>\n|j|\u2606PLAYB0I R0BBIE B\n|j|\u2606registeelflygon\n|t:|1701199556\n|gametype|singles\n|player|p1|PLAYB0I R0BBIE B|eusine|1179\n|player|p2|registeelflygon|lance|1063\n|teamsize|p1|6\n|teamsize|p2|6\n|gen|9\n|tier|[Gen 9] National Dex\n|rated|\n|rule|HP Percentage Mod: HP is shown in percentages\n|rule|Endless Battle Clause: Forcing endless battles is banned\n|rule|OHKO Clause: OHKO moves are banned\n|rule|Evasion Clause: Evasion abilities, items, and moves are banned\n|rule|Evasion Abilities Clause: Evasion abilities are banned\n|rule|Evasion Items Clause: Evasion items are banned\n|rule|Evasion Moves Clause: Evasion moves are banned\n|rule|Species Clause: Limit one of each Pok\u00e9mon\n|rule|Sleep Clause Mod: Limit one foe put to sleep\n|clearpoke\n|poke|p1|Tapu Koko|\n|poke|p1|Tyranitar, M|\n|poke|p1|Iron Valiant|\n|poke|p1|Gliscor, M|\n|poke|p1|Toxapex, M|\n|poke|p1|Heatran, M|\n|poke|p2|Magnezone|\n|poke|p2|Weavile, F|\n|poke|p2|Alakazam, M|\n|poke|p2|Crobat, M|\n|poke|p2|Gengar, M|\n|poke|p2|Feraligatr, M|\n|teampreview\n|inactive|Battle timer is ON: inactive players will automatically lose when time's up. (requested by registeelflygon)\n|\n|t:|1701199569\n|start\n|switch|p1a: Tapu Koko|Tapu Koko|100\/100\n|switch|p2a: Alakazam|Alakazam, M|100\/100\n|-fieldstart|move: Electric Terrain|[from] ability: Electric Surge|[of] p1a: Tapu Koko\n|turn|1\n|\n|t:|1701199574\n|move|p1a: Tapu Koko|U-turn|p2a: Alakazam\n|-supereffective|p2a: Alakazam\n|-damage|p2a: Alakazam|16\/100\n|\n|t:|1701199578\n|switch|p1a: Gliscor|Gliscor, M|100\/100|[from] U-turn\n|move|p2a: Alakazam|Psychic|p1a: Gliscor\n|-damage|p1a: Gliscor|49\/100\n|\n|-status|p1a: Gliscor|tox|[from] item: Toxic Orb\n|upkeep\n|turn|2\n|\n|t:|1701199587\n|switch|p1a: Tyranitar|Tyranitar, M|100\/100\n|-weather|Sandstorm|[from] ability: Sand Stream|[of] p1a: Tyranitar\n|move|p2a: Alakazam|Psychic|p1a: Tyranitar\n|-immune|p1a: Tyranitar\n|\n|-weather|Sandstorm|[upkeep]\n|upkeep\n|turn|3\n|\n|t:|1701199591\n|detailschange|p1a: Tyranitar|Tyranitar-Mega, M\n|-mega|p1a: Tyranitar|Tyranitar|Tyranitarite\n|move|p2a: Alakazam|Focus Blast|p1a: Tyranitar\n|-supereffective|p1a: Tyranitar\n|-damage|p1a: Tyranitar|0 fnt\n|faint|p1a: Tyranitar\n|\n|-weather|Sandstorm|[upkeep]\n|upkeep\n|\n|t:|1701199597\n|switch|p1a: Iron Valiant|Iron Valiant|100\/100\n|-activate|p1a: Iron Valiant|ability: Quark Drive\n|-start|p1a: Iron Valiant|quarkdrivespe\n|turn|4\n|\n|t:|1701199602\n|move|p1a: Iron Valiant|Moonblast|p2a: Alakazam\n|-damage|p2a: Alakazam|0 fnt\n|faint|p2a: Alakazam\n|\n|-weather|Sandstorm|[upkeep]\n|-damage|p1a: Iron Valiant|94\/100|[from] Sandstorm\n|upkeep\n|\n|t:|1701199614\n|switch|p2a: Gengar|Gengar, M|100\/100\n|turn|5\n|\n|t:|1701199624\n|-zpower|p1a: Iron Valiant\n|move|p1a: Iron Valiant|Gigavolt Havoc|p2a: Gengar|[zeffect]\n|-damage|p2a: Gengar|0 fnt\n|faint|p2a: Gengar\n|\n|-weather|Sandstorm|[upkeep]\n|-damage|p1a: Iron Valiant|88\/100|[from] Sandstorm\n|upkeep\n|\n|t:|1701199634\n|switch|p2a: Magnezone|Magnezone|100\/100\n|-item|p2a: Magnezone|Air Balloon\n|turn|6\n|\n|t:|1701199639\n|move|p1a: Iron Valiant|Close Combat|p2a: Magnezone\n|-supereffective|p2a: Magnezone\n|-damage|p2a: Magnezone|4\/100\n|-unboost|p1a: Iron Valiant|def|1\n|-unboost|p1a: Iron Valiant|spd|1\n|-enditem|p2a: Magnezone|Air Balloon\n|move|p2a: Magnezone|Steel Beam|p1a: Iron Valiant\n|-supereffective|p1a: Iron Valiant\n|-damage|p1a: Iron Valiant|0 fnt\n|-damage|p2a: Magnezone|0 fnt|[from] steelbeam\n|faint|p2a: Magnezone\n|faint|p1a: Iron Valiant\n|-end|p1a: Iron Valiant|Quark Drive|[silent]\n|\n|-weather|none\n|upkeep\n|\n|t:|1701199652\n|switch|p1a: Gliscor|Gliscor, M|49\/100 tox\n|switch|p2a: Weavile|Weavile, F|100\/100\n|-ability|p2a: Weavile|Pressure\n|turn|7\n|\n|t:|1701199656\n|-terastallize|p1a: Gliscor|Water\n|move|p2a: Weavile|Swords Dance|p2a: Weavile\n|-boost|p2a: Weavile|atk|2\n|move|p1a: Gliscor|Roost|p1a: Gliscor\n|-heal|p1a: Gliscor|99\/100 tox\n|\n|-heal|p1a: Gliscor|100\/100 tox|[from] ability: Poison Heal\n|upkeep\n|turn|8\n|inactive|registeelflygon has 120 seconds left.\n|\n|t:|1701199706\n|move|p2a: Weavile|Knock Off|p1a: Gliscor\n|-damage|p1a: Gliscor|28\/100 tox\n|-enditem|p1a: Gliscor|Toxic Orb|[from] move: Knock Off|[of] p2a: Weavile\n|move|p1a: Gliscor|Earthquake|p2a: Weavile\n|-damage|p2a: Weavile|47\/100\n|\n|-heal|p1a: Gliscor|41\/100 tox|[from] ability: Poison Heal\n|-fieldend|move: Electric Terrain\n|upkeep\n|turn|9\n|\n|t:|1701199710\n|switch|p1a: Tapu Koko|Tapu Koko|100\/100\n|-fieldstart|move: Electric Terrain|[from] ability: Electric Surge|[of] p1a: Tapu Koko\n|move|p2a: Weavile|Knock Off|p1a: Tapu Koko\n|-resisted|p1a: Tapu Koko\n|-damage|p1a: Tapu Koko|30\/100\n|-enditem|p1a: Tapu Koko|Terrain Extender|[from] move: Knock Off|[of] p2a: Weavile\n|\n|upkeep\n|turn|10\n|inactive|registeelflygon has 120 seconds left.\n|\n|t:|1701199719\n|move|p1a: Tapu Koko|U-turn|p2a: Weavile\n|-supereffective|p2a: Weavile\n|-damage|p2a: Weavile|0 fnt\n|faint|p2a: Weavile\n|\n|t:|1701199723\n|switch|p1a: Gliscor|Gliscor, M, tera:Water|41\/100 tox|[from] U-turn\n|\n|-heal|p1a: Gliscor|53\/100 tox|[from] ability: Poison Heal\n|upkeep\n|\n|t:|1701199725\n|switch|p2a: Feraligatr|Feraligatr, M|100\/100\n|turn|11\n|\n|t:|1701199730\n|move|p1a: Gliscor|Swords Dance|p1a: Gliscor\n|-boost|p1a: Gliscor|atk|2\n|move|p2a: Feraligatr|Swords Dance|p2a: Feraligatr\n|-boost|p2a: Feraligatr|atk|2\n|\n|-heal|p1a: Gliscor|65\/100 tox|[from] ability: Poison Heal\n|upkeep\n|turn|12\n|\n|t:|1701199738\n|move|p1a: Gliscor|Facade|p2a: Feraligatr\n|-damage|p2a: Feraligatr|47\/100\n|move|p2a: Feraligatr|Earthquake|p1a: Gliscor\n|-damage|p1a: Gliscor|11\/100 tox\n|\n|-heal|p2a: Feraligatr|53\/100|[from] item: Leftovers\n|-heal|p1a: Gliscor|23\/100 tox|[from] ability: Poison Heal\n|upkeep\n|turn|13\n|\n|t:|1701199743\n|move|p1a: Gliscor|Facade|p2a: Feraligatr\n|-damage|p2a: Feraligatr|0 fnt\n|faint|p2a: Feraligatr\n|\n|-heal|p1a: Gliscor|36\/100 tox|[from] ability: Poison Heal\n|upkeep\n|\n|t:|1701199745\n|switch|p2a: Crobat|Crobat, M|100\/100\n|turn|14\n|\n|t:|1701199751\n|move|p2a: Crobat|Brave Bird|p1a: Gliscor\n|-damage|p1a: Gliscor|0 fnt\n|faint|p1a: Gliscor\n|-damage|p2a: Crobat|87\/100|[from] Recoil\n|\n|-heal|p2a: Crobat|93\/100|[from] item: Black Sludge\n|upkeep\n|\n|t:|1701199754\n|switch|p1a: Tapu Koko|Tapu Koko|30\/100\n|turn|15\n|\n|t:|1701199757\n|move|p2a: Crobat|Poison Fang|p1a: Tapu Koko\n|-supereffective|p1a: Tapu Koko\n|-damage|p1a: Tapu Koko|0 fnt\n|faint|p1a: Tapu Koko\n|\n|-heal|p2a: Crobat|99\/100|[from] item: Black Sludge\n|upkeep\n|\n|t:|1701199761\n|switch|p1a: Toxapex|Toxapex, M|100\/100\n|turn|16\n|\n|t:|1701199765\n|move|p2a: Crobat|Brave Bird|p1a: Toxapex\n|-damage|p1a: Toxapex|69\/100\n|-damage|p2a: Crobat|89\/100|[from] Recoil\n|move|p1a: Toxapex|Scald|p2a: Crobat\n|-damage|p2a: Crobat|68\/100\n|-status|p2a: Crobat|brn\n|\n|-heal|p2a: Crobat|74\/100 brn|[from] item: Black Sludge\n|-heal|p1a: Toxapex|75\/100|[from] item: Leftovers\n|-damage|p2a: Crobat|68\/100 brn|[from] brn\n|-fieldend|move: Electric Terrain\n|upkeep\n|turn|17\n|\n|t:|1701199773\n|move|p2a: Crobat|Brave Bird|p1a: Toxapex\n|-damage|p1a: Toxapex|61\/100\n|-damage|p2a: Crobat|63\/100 brn|[from] Recoil\n|move|p1a: Toxapex|Scald|p2a: Crobat\n|-damage|p2a: Crobat|40\/100 brn\n|\n|-heal|p2a: Crobat|46\/100 brn|[from] item: Black Sludge\n|-heal|p1a: Toxapex|68\/100|[from] item: Leftovers\n|-damage|p2a: Crobat|40\/100 brn|[from] brn\n|upkeep\n|turn|18\n|\n|t:|1701199776\n|move|p2a: Crobat|Haze|p2a: Crobat\n|-clearallboost\n|move|p1a: Toxapex|Recover|p1a: Toxapex\n|-heal|p1a: Toxapex|100\/100\n|\n|-heal|p2a: Crobat|46\/100 brn|[from] item: Black Sludge\n|-damage|p2a: Crobat|40\/100 brn|[from] brn\n|upkeep\n|turn|19\n|\n|t:|1701199781\n|move|p2a: Crobat|Brave Bird|p1a: Toxapex\n|-damage|p1a: Toxapex|87\/100\n|-damage|p2a: Crobat|35\/100 brn|[from] Recoil\n|move|p1a: Toxapex|Scald|p2a: Crobat\n|-damage|p2a: Crobat|13\/100 brn\n|\n|-heal|p2a: Crobat|19\/100 brn|[from] item: Black Sludge\n|-heal|p1a: Toxapex|93\/100|[from] item: Leftovers\n|-damage|p2a: Crobat|13\/100 brn|[from] brn\n|upkeep\n|turn|20\n|\n|t:|1701199785\n|-terastallize|p2a: Crobat|Poison\n|move|p2a: Crobat|Poison Fang|p1a: Toxapex\n|-resisted|p1a: Toxapex\n|-damage|p1a: Toxapex|88\/100\n|move|p1a: Toxapex|Scald|p2a: Crobat\n|-damage|p2a: Crobat|0 fnt\n|faint|p2a: Crobat\n|\n|win|PLAYB0I R0BBIE B\n|raw|PLAYB0I R0BBIE B's rating: 1179 &rarr; <strong>1196<\/strong><br \/>(+17 for winning)\n|raw|registeelflygon's rating: 1063 &rarr; <strong>1050<\/strong><br \/>(-13 for losing)\n|l|\u2606registeelflygon\n","uploadtime":1701199792,"views":0,"p1id":"playb0ir0bbieb","p2id":"registeelflygon","formatid":"gen9nationaldex","rating":1050,"private":0,"password":""}