{"id":"gen9nationaldex-1998478410","p1":"Jor99fran","p2":"mrpovea","format":"[Gen 9] National Dex","log":"|html|<div class=\"broadcast-blue\"><strong>[Gen 9] National Dex is currently suspecting Sneasler! For information on how to participate check out the <a href=\"https:\/\/www.smogon.com\/forums\/threads\/sv-national-dex-suspect-8-just-dance.3731534\/\">suspect thread<\/a>.<\/strong><\/div>\n|j|\u2606Jor99fran\n|j|\u2606mrpovea\n|t:|1700946868\n|gametype|singles\n|player|p1|Jor99fran|ghetsis|\n|player|p2|mrpovea|101|\n|teamsize|p1|6\n|teamsize|p2|6\n|gen|9\n|tier|[Gen 9] National Dex\n|rule|HP Percentage Mod: HP is shown in percentages\n|rule|Endless Battle Clause: Forcing endless battles is banned\n|rule|OHKO Clause: OHKO moves are banned\n|rule|Evasion Clause: Evasion abilities, items, and moves are banned\n|rule|Evasion Abilities Clause: Evasion abilities are banned\n|rule|Evasion Items Clause: Evasion items are banned\n|rule|Evasion Moves Clause: Evasion moves are banned\n|rule|Species Clause: Limit one of each Pok\u00e9mon\n|rule|Sleep Clause Mod: Limit one foe put to sleep\n|clearpoke\n|poke|p1|Zoroark-Hisui, F|\n|poke|p1|Mimikyu, F|\n|poke|p1|Froslass, F|\n|poke|p1|Ceruledge, M|\n|poke|p1|Mismagius, F|\n|poke|p1|Typhlosion-Hisui, F|\n|poke|p2|Primarina, M|\n|poke|p2|Vikavolt, M|\n|poke|p2|Salamence, M|\n|poke|p2|Salazzle, F|\n|poke|p2|Lurantis, F|\n|poke|p2|Palossand, M|\n|teampreview\n|\n|t:|1700946888\n|start\n|switch|p1a: Froslass|Froslass, F|100\/100\n|switch|p2a: Primarina|Primarina, M|100\/100\n|turn|1\n|\n|t:|1700946909\n|move|p1a: Froslass|Spikes|p2a: Primarina\n|-sidestart|p2: mrpovea|Spikes\n|move|p2a: Primarina|Moonblast|p1a: Froslass\n|-damage|p1a: Froslass|7\/100\n|-unboost|p1a: Froslass|spa|1\n|\n|upkeep\n|turn|2\n|\n|t:|1700946920\n|move|p1a: Froslass|Spikes|p2a: Primarina\n|-sidestart|p2: mrpovea|Spikes\n|move|p2a: Primarina|Moonblast|p1a: Froslass\n|-damage|p1a: Froslass|0 fnt\n|faint|p1a: Froslass\n|\n|upkeep\n|\n|t:|1700946927\n|switch|p1a: Typhlosion|Typhlosion-Hisui, F|100\/100\n|turn|3\n|\n|t:|1700946937\n|move|p1a: Typhlosion|Grass Knot|p2a: Primarina\n|-supereffective|p2a: Primarina\n|-damage|p2a: Primarina|69\/100\n|move|p2a: Primarina|Hyper Voice|p1a: Typhlosion\n|-enditem|p1a: Typhlosion|Focus Sash\n|-damage|p1a: Typhlosion|1\/100\n|replace|p1a: Zoroark|Zoroark-Hisui, F\n|-end|p1a: Zoroark|Illusion\n|\n|upkeep\n|turn|4\n|\n|t:|1700946951\n|move|p1a: Zoroark|Grass Knot|p2a: Primarina\n|-supereffective|p2a: Primarina\n|-damage|p2a: Primarina|37\/100\n|move|p2a: Primarina|Hyper Voice|p1a: Zoroark\n|-damage|p1a: Zoroark|0 fnt\n|faint|p1a: Zoroark\n|\n|upkeep\n|\n|t:|1700946957\n|switch|p1a: Mimikyu|Mimikyu, F|100\/100\n|turn|5\n|\n|t:|1700946965\n|move|p1a: Mimikyu|Swords Dance|p1a: Mimikyu\n|-boost|p1a: Mimikyu|atk|2\n|move|p2a: Primarina|Hyper Voice|p1a: Mimikyu\n|-activate|p1a: Mimikyu|ability: Disguise\n|-damage|p1a: Mimikyu|100\/100\n|detailschange|p1a: Mimikyu|Mimikyu-Busted, F\n|-damage|p1a: Mimikyu|88\/100|[from] pokemon: Mimikyu-Busted\n|\n|upkeep\n|turn|6\n|\n|t:|1700946976\n|move|p1a: Mimikyu|Shadow Claw|p2a: Primarina\n|-damage|p2a: Primarina|0 fnt\n|faint|p2a: Primarina\n|-damage|p1a: Mimikyu|78\/100|[from] item: Life Orb\n|\n|upkeep\n|\n|t:|1700946987\n|switch|p2a: Salazzle|Salazzle, F|100\/100\n|-damage|p2a: Salazzle|84\/100|[from] Spikes\n|turn|7\n|\n|t:|1700946995\n|move|p2a: Salazzle|Sludge Bomb|p1a: Mimikyu\n|-damage|p1a: Mimikyu|24\/100\n|move|p1a: Mimikyu|Play Rough|p2a: Salazzle\n|-resisted|p2a: Salazzle\n|-damage|p2a: Salazzle|34\/100\n|-damage|p1a: Mimikyu|14\/100|[from] item: Life Orb\n|\n|-heal|p2a: Salazzle|40\/100|[from] item: Black Sludge\n|upkeep\n|turn|8\n|\n|t:|1700947005\n|move|p1a: Mimikyu|Shadow Sneak|p2a: Salazzle\n|-damage|p2a: Salazzle|0 fnt\n|faint|p2a: Salazzle\n|-damage|p1a: Mimikyu|4\/100|[from] item: Life Orb\n|\n|upkeep\n|\n|t:|1700947023\n|switch|p2a: Vikavolt|Vikavolt, M|100\/100\n|turn|9\n|\n|t:|1700947031\n|move|p1a: Mimikyu|Shadow Claw|p2a: Vikavolt\n|-damage|p2a: Vikavolt|12\/100\n|-damage|p1a: Mimikyu|0 fnt|[from] item: Life Orb\n|faint|p1a: Mimikyu\n|move|p2a: Vikavolt|Discharge|p1: Mimikyu|[notarget]\n|-fail|p2a: Vikavolt\n|\n|upkeep\n|\n|t:|1700947041\n|switch|p1a: Ceruledge|Ceruledge, M|100\/100\n|turn|10\n|\n|t:|1700947045\n|move|p1a: Ceruledge|Shadow Sneak|p2a: Vikavolt\n|-damage|p2a: Vikavolt|0 fnt\n|faint|p2a: Vikavolt\n|\n|upkeep\n|\n|t:|1700947062\n|switch|p2a: Salamence|Salamence, M|100\/100\n|turn|11\n|\n|t:|1700947084\n|move|p2a: Salamence|Earthquake|p1a: Ceruledge\n|-supereffective|p1a: Ceruledge\n|-enditem|p1a: Ceruledge|Focus Sash\n|-damage|p1a: Ceruledge|1\/100\n|-ability|p1a: Ceruledge|Weak Armor|boost\n|-unboost|p1a: Ceruledge|def|1\n|-boost|p1a: Ceruledge|spe|2\n|move|p1a: Ceruledge|Swords Dance|p1a: Ceruledge\n|-boost|p1a: Ceruledge|atk|2\n|\n|upkeep\n|turn|12\n|\n|t:|1700947102\n|move|p1a: Ceruledge|Shadow Sneak|p2a: Salamence\n|-damage|p2a: Salamence|48\/100\n|move|p2a: Salamence|Dragon Claw|p1a: Ceruledge\n|-damage|p1a: Ceruledge|0 fnt\n|faint|p1a: Ceruledge\n|-ability|p2a: Salamence|Moxie|boost\n|-boost|p2a: Salamence|atk|1\n|\n|upkeep\n|\n|t:|1700947105\n|switch|p1a: Typhlosion|Typhlosion-Hisui, F|100\/100\n|turn|13\n|\n|t:|1700947111\n|move|p2a: Salamence|Earthquake|p1a: Typhlosion\n|-supereffective|p1a: Typhlosion\n|-damage|p1a: Typhlosion|0 fnt\n|faint|p1a: Typhlosion\n|-ability|p2a: Salamence|Moxie|boost\n|-boost|p2a: Salamence|atk|1\n|\n|upkeep\n|\n|t:|1700947114\n|switch|p1a: Mismagius|Mismagius, F|100\/100\n|turn|14\n|\n|t:|1700947122\n|-terastallize|p1a: Mismagius|Fairy\n|move|p1a: Mismagius|Trick|p2a: Salamence\n|-activate|p1a: Mismagius|move: Trick|[of] p2a: Salamence\n|-item|p2a: Salamence|Choice Scarf|[from] move: Trick\n|-enditem|p1a: Mismagius|Choice Scarf|[silent]|[from] move: Trick\n|move|p2a: Salamence|Dragon Claw|p1a: Mismagius\n|-immune|p1a: Mismagius\n|\n|upkeep\n|turn|15\n|\n|t:|1700947132\n|switch|p2a: Lurantis|Lurantis, F|100\/100\n|-damage|p2a: Lurantis|84\/100|[from] Spikes\n|move|p1a: Mismagius|Dazzling Gleam|p2a: Lurantis\n|-damage|p2a: Lurantis|57\/100\n|\n|upkeep\n|turn|16\n|\n|t:|1700947151\n|-terastallize|p2a: Lurantis|Grass\n|move|p1a: Mismagius|Shadow Ball|p2a: Lurantis\n|-damage|p2a: Lurantis|29\/100\n|-boost|p2a: Lurantis|spd|1\n|move|p2a: Lurantis|Leaf Storm|p1a: Mismagius|[miss]\n|-miss|p2a: Lurantis|p1a: Mismagius\n|\n|upkeep\n|turn|17\n|\n|t:|1700947159\n|move|p1a: Mismagius|Shadow Ball|p2a: Lurantis\n|-damage|p2a: Lurantis|12\/100\n|move|p2a: Lurantis|Leaf Storm|p1a: Mismagius\n|-damage|p1a: Mismagius|32\/100\n|-boost|p2a: Lurantis|spa|2\n|\n|upkeep\n|turn|18\n|\n|t:|1700947166\n|move|p1a: Mismagius|Shadow Ball|p2a: Lurantis\n|-damage|p2a: Lurantis|0 fnt\n|faint|p2a: Lurantis\n|\n|upkeep\n|\n|t:|1700947171\n|switch|p2a: Salamence|Salamence, M|48\/100\n|turn|19\n|\n|t:|1700947177\n|move|p2a: Salamence|Psychic Fangs|p1a: Mismagius\n|-damage|p1a: Mismagius|0 fnt\n|faint|p1a: Mismagius\n|\n|win|mrpovea\n|c|\u2606Jor99fran|gg\n|c|\u2606mrpovea|gg\n|l|\u2606mrpovea\n","uploadtime":1700947196,"views":3,"p1id":"jor99fran","p2id":"mrpovea","formatid":"gen9nationaldex","rating":0,"private":0,"password":""}