{"id":"gen9nationaldex-1996905192","p1":"yueyan","p2":"kongyi","format":"[Gen 9] National Dex","log":"|html|<div class=\"broadcast-blue\"><strong>[Gen 9] National Dex is currently suspecting Sneasler! For information on how to participate check out the <a href=\"https:\/\/www.smogon.com\/forums\/threads\/sv-national-dex-suspect-8-just-dance.3731534\/\">suspect thread<\/a>.<\/strong><\/div>\n|j|\u2606yueyan\n|j|\u2606kongyi\n|t:|1700742988\n|gametype|singles\n|player|p1|yueyan|hilda-wonderlauncher|1390\n|player|p2|kongyi|elesa-masters|1451\n|teamsize|p1|6\n|teamsize|p2|6\n|gen|9\n|tier|[Gen 9] National Dex\n|rated|\n|rule|HP Percentage Mod: HP is shown in percentages\n|rule|Endless Battle Clause: Forcing endless battles is banned\n|rule|OHKO Clause: OHKO moves are banned\n|rule|Evasion Clause: Evasion abilities, items, and moves are banned\n|rule|Evasion Abilities Clause: Evasion abilities are banned\n|rule|Evasion Items Clause: Evasion items are banned\n|rule|Evasion Moves Clause: Evasion moves are banned\n|rule|Species Clause: Limit one of each Pok\u00e9mon\n|rule|Sleep Clause Mod: Limit one foe put to sleep\n|clearpoke\n|poke|p1|Vaporeon, F|\n|poke|p1|Flareon, M|\n|poke|p1|Jolteon, M|\n|poke|p1|Umbreon, M|\n|poke|p1|Sylveon, F|\n|poke|p1|Espeon, F|\n|poke|p2|Typhlosion, F|\n|poke|p2|Tyranitar, F|\n|poke|p2|Mew|\n|poke|p2|Sandy Shocks|\n|poke|p2|Glimmora, M|\n|poke|p2|Celesteela|\n|teampreview\n|inactive|Battle timer is ON: inactive players will automatically lose when time's up. (requested by kongyi)\n|\n|t:|1700743007\n|start\n|switch|p1a: \u6781\u901f|Jolteon, M|100\/100\n|switch|p2a: Glimmora|Glimmora, M|100\/100\n|turn|1\n|\n|t:|1700743021\n|move|p1a: \u6781\u901f|Volt Switch|p2a: Glimmora\n|-damage|p2a: Glimmora|49\/100\n|-damage|p1a: \u6781\u901f|91\/100|[from] item: Life Orb\n|\n|t:|1700743025\n|switch|p1a: \u73c0\u513f|Espeon, F|100\/100|[from] Volt Switch\n|move|p2a: Glimmora|Earth Power|p1a: \u73c0\u513f\n|-damage|p1a: \u73c0\u513f|57\/100\n|\n|upkeep\n|turn|2\n|\n|t:|1700743037\n|switch|p2a: Tyranitar|Tyranitar, F|100\/100\n|-weather|Sandstorm|[from] ability: Sand Stream|[of] p2a: Tyranitar\n|move|p1a: \u73c0\u513f|Grass Knot|p2a: Tyranitar\n|-supereffective|p2a: Tyranitar\n|-damage|p2a: Tyranitar|52\/100\n|\n|-weather|Sandstorm|[upkeep]\n|-damage|p1a: \u73c0\u513f|51\/100|[from] Sandstorm\n|upkeep\n|turn|3\n|\n|t:|1700743049\n|move|p1a: \u73c0\u513f|Grass Knot|p2a: Tyranitar\n|-supereffective|p2a: Tyranitar\n|-damage|p2a: Tyranitar|2\/100\n|move|p2a: Tyranitar|Pursuit|p1a: \u73c0\u513f\n|-supereffective|p1a: \u73c0\u513f\n|-damage|p1a: \u73c0\u513f|0 fnt\n|faint|p1a: \u73c0\u513f\n|\n|-weather|Sandstorm|[upkeep]\n|upkeep\n|\n|t:|1700743063\n|switch|p1a: \u6781\u901f|Jolteon, M|91\/100\n|turn|4\n|\n|t:|1700743071\n|switch|p2a: Sandy Shocks|Sandy Shocks|100\/100\n|move|p1a: \u6781\u901f|Hidden Power|p2a: Sandy Shocks\n|-supereffective|p2a: Sandy Shocks\n|-damage|p2a: Sandy Shocks|38\/100\n|-damage|p1a: \u6781\u901f|81\/100|[from] item: Life Orb\n|\n|-weather|Sandstorm|[upkeep]\n|-damage|p1a: \u6781\u901f|75\/100|[from] Sandstorm\n|upkeep\n|turn|5\n|\n|t:|1700743088\n|-end|p2a: Sandy Shocks|Protosynthesis|[silent]\n|switch|p2a: Tyranitar|Tyranitar, F|2\/100\n|move|p1a: \u6781\u901f|Hidden Power|p2a: Tyranitar\n|-damage|p2a: Tyranitar|0 fnt\n|faint|p2a: Tyranitar\n|-damage|p1a: \u6781\u901f|65\/100|[from] item: Life Orb\n|\n|-weather|Sandstorm|[upkeep]\n|-damage|p1a: \u6781\u901f|59\/100|[from] Sandstorm\n|upkeep\n|\n|t:|1700743090\n|switch|p2a: Mew|Mew|100\/100\n|turn|6\n|\n|t:|1700743102\n|move|p1a: \u6781\u901f|Volt Switch|p2a: Mew\n|-damage|p2a: Mew|66\/100\n|-damage|p1a: \u6781\u901f|49\/100|[from] item: Life Orb\n|\n|t:|1700743106\n|switch|p1a: \u5e03\u83b1\u514b|Umbreon, M|100\/100|[from] Volt Switch\n|move|p2a: Mew|Cosmic Power|p2a: Mew\n|-boost|p2a: Mew|def|1\n|-boost|p2a: Mew|spd|1\n|\n|-weather|none\n|upkeep\n|turn|7\n|\n|t:|1700743115\n|-terastallize|p2a: Mew|Poison\n|move|p2a: Mew|Cosmic Power|p2a: Mew\n|-boost|p2a: Mew|def|1\n|-boost|p2a: Mew|spd|1\n|move|p1a: \u5e03\u83b1\u514b|Thunder Wave|p2a: Mew\n|-status|p2a: Mew|par\n|-activate|p2a: Mew|ability: Synchronize\n|-status|p1a: \u5e03\u83b1\u514b|par\n|-activate|p1a: \u5e03\u83b1\u514b|ability: Synchronize\n|-fail|p2a: Mew|par\n|\n|upkeep\n|turn|8\n|\n|t:|1700743122\n|cant|p2a: Mew|par\n|move|p1a: \u5e03\u83b1\u514b|Taunt|p2a: Mew\n|-start|p2a: Mew|move: Taunt\n|\n|upkeep\n|turn|9\n|\n|t:|1700743134\n|move|p2a: Mew|Body Press|p1a: \u5e03\u83b1\u514b\n|-supereffective|p1a: \u5e03\u83b1\u514b\n|-damage|p1a: \u5e03\u83b1\u514b|52\/100 par\n|-damage|p2a: Mew|49\/100 par|[from] item: Rocky Helmet|[of] p1a: \u5e03\u83b1\u514b\n|move|p1a: \u5e03\u83b1\u514b|Wish|p1a: \u5e03\u83b1\u514b\n|\n|upkeep\n|turn|10\n|\n|t:|1700743145\n|move|p2a: Mew|Body Press|p1a: \u5e03\u83b1\u514b\n|-supereffective|p1a: \u5e03\u83b1\u514b\n|-damage|p1a: \u5e03\u83b1\u514b|6\/100 par\n|-damage|p2a: Mew|33\/100 par|[from] item: Rocky Helmet|[of] p1a: \u5e03\u83b1\u514b\n|cant|p1a: \u5e03\u83b1\u514b|par\n|\n|-heal|p1a: \u5e03\u83b1\u514b|56\/100 par|[from] move: Wish|[wisher] \u5e03\u83b1\u514b\n|upkeep\n|turn|11\n|\n|t:|1700743154\n|cant|p2a: Mew|par\n|move|p1a: \u5e03\u83b1\u514b|Foul Play|p2a: Mew\n|-damage|p2a: Mew|23\/100 par\n|\n|-end|p2a: Mew|move: Taunt\n|upkeep\n|turn|12\n|\n|t:|1700743165\n|cant|p2a: Mew|par\n|move|p1a: \u5e03\u83b1\u514b|Taunt|p2a: Mew\n|-start|p2a: Mew|move: Taunt\n|\n|upkeep\n|turn|13\n|\n|t:|1700743172\n|move|p2a: Mew|Body Press|p1a: \u5e03\u83b1\u514b\n|-supereffective|p1a: \u5e03\u83b1\u514b\n|-damage|p1a: \u5e03\u83b1\u514b|6\/100 par\n|-damage|p2a: Mew|6\/100 par|[from] item: Rocky Helmet|[of] p1a: \u5e03\u83b1\u514b\n|move|p1a: \u5e03\u83b1\u514b|Wish|p1a: \u5e03\u83b1\u514b\n|\n|upkeep\n|turn|14\n|\n|t:|1700743193\n|cant|p2a: Mew|par\n|move|p1a: \u5e03\u83b1\u514b|Foul Play|p2a: Mew\n|-damage|p2a: Mew|0 fnt\n|faint|p2a: Mew\n|\n|-heal|p1a: \u5e03\u83b1\u514b|56\/100 par|[from] move: Wish|[wisher] \u5e03\u83b1\u514b\n|upkeep\n|\n|t:|1700743205\n|switch|p2a: Typhlosion|Typhlosion, F|100\/100\n|turn|15\n|\n|t:|1700743214\n|switch|p1a: \u592a\u9633\u70c8\u7130|Flareon, M|100\/100\n|move|p2a: Typhlosion|Fire Blast|p1a: \u592a\u9633\u70c8\u7130\n|-start|p1a: \u592a\u9633\u70c8\u7130|ability: Flash Fire\n|\n|upkeep\n|turn|16\n|\n|t:|1700743230\n|-zpower|p1a: \u592a\u9633\u70c8\u7130\n|move|p1a: \u592a\u9633\u70c8\u7130|All-Out Pummeling|p2a: Typhlosion|[zeffect]\n|-damage|p2a: Typhlosion|6\/100\n|move|p2a: Typhlosion|Counter|p1a: \u592a\u9633\u70c8\u7130\n|-damage|p1a: \u592a\u9633\u70c8\u7130|0 fnt\n|faint|p1a: \u592a\u9633\u70c8\u7130\n|\n|upkeep\n|\n|t:|1700743248\n|switch|p1a: \u6781\u901f|Jolteon, M|49\/100\n|turn|17\n|\n|t:|1700743258\n|move|p2a: Typhlosion|Quick Attack|p1a: \u6781\u901f\n|-damage|p1a: \u6781\u901f|33\/100\n|move|p1a: \u6781\u901f|Thunderbolt|p2a: Typhlosion\n|-damage|p2a: Typhlosion|0 fnt\n|faint|p2a: Typhlosion\n|-damage|p1a: \u6781\u901f|23\/100|[from] item: Life Orb\n|\n|upkeep\n|\n|t:|1700743264\n|switch|p2a: Sandy Shocks|Sandy Shocks|38\/100\n|turn|18\n|\n|t:|1700743272\n|move|p1a: \u6781\u901f|Hidden Power|p2a: Sandy Shocks\n|-supereffective|p2a: Sandy Shocks\n|-damage|p2a: Sandy Shocks|0 fnt\n|faint|p2a: Sandy Shocks\n|-end|p2a: Sandy Shocks|Protosynthesis|[silent]\n|-damage|p1a: \u6781\u901f|13\/100|[from] item: Life Orb\n|\n|upkeep\n|\n|t:|1700743275\n|switch|p2a: Glimmora|Glimmora, M|49\/100\n|turn|19\n|\n|t:|1700743280\n|move|p1a: \u6781\u901f|Thunderbolt|p2a: Glimmora\n|-damage|p2a: Glimmora|0 fnt\n|faint|p2a: Glimmora\n|-damage|p1a: \u6781\u901f|3\/100|[from] item: Life Orb\n|\n|upkeep\n|\n|t:|1700743283\n|switch|p2a: Celesteela|Celesteela|100\/100\n|turn|20\n|\n|t:|1700743285\n|move|p1a: \u6781\u901f|Thunderbolt|p2a: Celesteela\n|-supereffective|p2a: Celesteela\n|-crit|p2a: Celesteela\n|-damage|p2a: Celesteela|0 fnt\n|faint|p2a: Celesteela\n|-damage|p1a: \u6781\u901f|0 fnt|[from] item: Life Orb\n|faint|p1a: \u6781\u901f\n|\n|win|yueyan\n|raw|yueyan's rating: 1390 &rarr; <strong>1413<\/strong><br \/>(+23 for winning)\n|raw|kongyi's rating: 1451 &rarr; <strong>1428<\/strong><br \/>(-23 for losing)\n|l|\u2606kongyi\n","uploadtime":1700743297,"views":2,"p1id":"yueyan","p2id":"kongyi","formatid":"gen9nationaldex","rating":1413,"private":0,"password":""}