{"id":"gen9nationaldex-1993614419","p1":"Chili D Dewd","p2":"Poke_Gamer_Devil","format":"[Gen 9] National Dex","log":"|j|\u2606Chili D Dewd\n|j|\u2606Poke_Gamer_Devil\n|t:|1700337670\n|gametype|singles\n|player|p1|Chili D Dewd|flint|1757\n|player|p2|Poke_Gamer_Devil|hilbert|1675\n|teamsize|p1|6\n|teamsize|p2|6\n|gen|9\n|tier|[Gen 9] National Dex\n|rated|\n|rule|HP Percentage Mod: HP is shown in percentages\n|rule|Endless Battle Clause: Forcing endless battles is banned\n|rule|OHKO Clause: OHKO moves are banned\n|rule|Evasion Clause: Evasion abilities, items, and moves are banned\n|rule|Evasion Abilities Clause: Evasion abilities are banned\n|rule|Evasion Items Clause: Evasion items are banned\n|rule|Evasion Moves Clause: Evasion moves are banned\n|rule|Species Clause: Limit one of each Pok\u00e9mon\n|rule|Sleep Clause Mod: Limit one foe put to sleep\n|clearpoke\n|poke|p1|Scovillain, F|\n|poke|p1|Torkoal, M|\n|poke|p1|Great Tusk|\n|poke|p1|Houndoom, M|\n|poke|p1|Tapu Lele|\n|poke|p1|Rotom-Wash|\n|poke|p2|Polteageist-Antique|\n|poke|p2|Ceruledge, F|\n|poke|p2|Kartana|\n|poke|p2|Grimmsnarl, M|\n|poke|p2|Medicham, M|\n|poke|p2|Galvantula, F|\n|teampreview\n|inactive|Battle timer is ON: inactive players will automatically lose when time's up. (requested by Poke_Gamer_Devil)\n|\n|t:|1700337677\n|start\n|switch|p1a: Torkoal|Torkoal, M|100\/100\n|switch|p2a: Galvantula|Galvantula, F|100\/100\n|-weather|SunnyDay|[from] ability: Drought|[of] p1a: Torkoal\n|turn|1\n|\n|t:|1700337702\n|move|p2a: Galvantula|Thunder Wave|p1a: Torkoal\n|-status|p1a: Torkoal|par\n|move|p1a: Torkoal|Stealth Rock|p2a: Galvantula\n|-sidestart|p2: Poke_Gamer_Devil|move: Stealth Rock\n|\n|-weather|SunnyDay|[upkeep]\n|upkeep\n|turn|2\n|\n|t:|1700337718\n|switch|p1a: Great Tusk|Great Tusk|100\/100\n|-activate|p1a: Great Tusk|ability: Protosynthesis\n|-start|p1a: Great Tusk|protosynthesisatk\n|move|p2a: Galvantula|Thunder|p1a: Great Tusk\n|-immune|p1a: Great Tusk\n|\n|-weather|SunnyDay|[upkeep]\n|upkeep\n|turn|3\n|\n|t:|1700337721\n|move|p2a: Galvantula|Energy Ball|p1a: Great Tusk\n|-supereffective|p1a: Great Tusk\n|-damage|p1a: Great Tusk|25\/100\n|move|p1a: Great Tusk|Rapid Spin|p2a: Galvantula\n|-damage|p2a: Galvantula|55\/100\n|-boost|p1a: Great Tusk|spe|1\n|\n|-weather|SunnyDay|[upkeep]\n|upkeep\n|turn|4\n|\n|t:|1700337736\n|-zpower|p1a: Great Tusk\n|move|p1a: Great Tusk|Subzero Slammer|p2a: Galvantula|[zeffect]\n|-damage|p2a: Galvantula|0 fnt\n|faint|p2a: Galvantula\n|\n|-weather|SunnyDay|[upkeep]\n|upkeep\n|c|\u2606Chili D Dewd|Now webs 4 u\n|c|\u2606Chili D Dewd|No*\n|\n|t:|1700337749\n|switch|p2a: Grimmsnarl|Grimmsnarl, M|100\/100\n|-damage|p2a: Grimmsnarl|88\/100|[from] Stealth Rock\n|turn|5\n|\n|t:|1700337753\n|move|p2a: Grimmsnarl|Reflect|p2a: Grimmsnarl\n|-sidestart|p2: Poke_Gamer_Devil|Reflect\n|move|p1a: Great Tusk|Headlong Rush|p2a: Grimmsnarl\n|-damage|p2a: Grimmsnarl|49\/100\n|-unboost|p1a: Great Tusk|def|1\n|-unboost|p1a: Great Tusk|spd|1\n|\n|-weather|SunnyDay|[upkeep]\n|upkeep\n|turn|6\n|\n|t:|1700337762\n|move|p2a: Grimmsnarl|Light Screen|p2a: Grimmsnarl\n|-sidestart|p2: Poke_Gamer_Devil|move: Light Screen\n|move|p1a: Great Tusk|Headlong Rush|p2a: Grimmsnarl\n|-damage|p2a: Grimmsnarl|9\/100\n|-unboost|p1a: Great Tusk|def|1\n|-unboost|p1a: Great Tusk|spd|1\n|\n|-weather|SunnyDay|[upkeep]\n|upkeep\n|turn|7\n|\n|t:|1700337769\n|move|p2a: Grimmsnarl|Parting Shot|p1a: Great Tusk\n|-unboost|p1a: Great Tusk|atk|1\n|-unboost|p1a: Great Tusk|spa|1\n|\n|t:|1700337775\n|switch|p2a: Medicham|Medicham, M|100\/100|[from] Parting Shot\n|-damage|p2a: Medicham|94\/100|[from] Stealth Rock\n|move|p1a: Great Tusk|Headlong Rush|p2a: Medicham\n|-damage|p2a: Medicham|46\/100\n|-unboost|p1a: Great Tusk|def|1\n|-unboost|p1a: Great Tusk|spd|1\n|\n|-weather|SunnyDay|[upkeep]\n|upkeep\n|turn|8\n|\n|t:|1700337786\n|detailschange|p2a: Medicham|Medicham-Mega, M\n|-mega|p2a: Medicham|Medicham|Medichamite\n|move|p1a: Great Tusk|Headlong Rush|p2a: Medicham\n|-damage|p2a: Medicham|4\/100\n|-unboost|p1a: Great Tusk|def|1\n|-unboost|p1a: Great Tusk|spd|1\n|move|p2a: Medicham|Trailblaze|p1a: Great Tusk\n|-supereffective|p1a: Great Tusk\n|-damage|p1a: Great Tusk|0 fnt\n|-boost|p2a: Medicham|spe|1\n|faint|p1a: Great Tusk\n|-end|p1a: Great Tusk|Protosynthesis|[silent]\n|\n|-weather|none\n|upkeep\n|\n|t:|1700337796\n|switch|p1a: Torkoal|Torkoal, M|100\/100 par\n|-weather|SunnyDay|[from] ability: Drought|[of] p1a: Torkoal\n|turn|9\n|\n|t:|1700337805\n|move|p2a: Medicham|High Jump Kick|p1a: Torkoal\n|-damage|p1a: Torkoal|38\/100 par\n|move|p1a: Torkoal|Body Press|p2a: Medicham\n|-resisted|p2a: Medicham\n|-damage|p2a: Medicham|0 fnt\n|faint|p2a: Medicham\n|\n|-weather|SunnyDay|[upkeep]\n|upkeep\n|\n|t:|1700337818\n|switch|p2a: Polteageist|Polteageist-Antique|100\/100\n|-damage|p2a: Polteageist|88\/100|[from] Stealth Rock\n|turn|10\n|\n|t:|1700337820\n|move|p2a: Polteageist|Shell Smash|p2a: Polteageist\n|-unboost|p2a: Polteageist|def|1\n|-unboost|p2a: Polteageist|spd|1\n|-boost|p2a: Polteageist|atk|2\n|-boost|p2a: Polteageist|spa|2\n|-boost|p2a: Polteageist|spe|2\n|-enditem|p2a: Polteageist|White Herb\n|-clearnegativeboost|p2a: Polteageist|[silent]\n|move|p1a: Torkoal|Yawn|p2a: Polteageist\n|-start|p2a: Polteageist|move: Yawn|[of] p1a: Torkoal\n|\n|-weather|SunnyDay|[upkeep]\n|upkeep\n|turn|11\n|\n|t:|1700337825\n|switch|p1a: Rotom|Rotom-Wash|100\/100\n|move|p2a: Polteageist|Stored Power|p1a: Rotom\n|-damage|p1a: Rotom|23\/100\n|\n|-weather|SunnyDay|[upkeep]\n|-heal|p1a: Rotom|29\/100|[from] item: Leftovers\n|-end|p2a: Polteageist|move: Yawn|[silent]\n|-status|p2a: Polteageist|slp\n|upkeep\n|turn|12\n|\n|t:|1700337828\n|cant|p2a: Polteageist|slp\n|move|p1a: Rotom|Volt Switch|p2a: Polteageist\n|-damage|p2a: Polteageist|73\/100 slp\n|\n|t:|1700337833\n|switch|p1a: Houndoom|Houndoom, M|100\/100|[from] Volt Switch\n|\n|-weather|SunnyDay|[upkeep]\n|-sideend|p2: Poke_Gamer_Devil|Reflect\n|upkeep\n|turn|13\n|\n|t:|1700337839\n|detailschange|p1a: Houndoom|Houndoom-Mega, M\n|-mega|p1a: Houndoom|Houndoom|Houndoominite\n|cant|p2a: Polteageist|slp\n|move|p1a: Houndoom|Flame Charge|p2a: Polteageist\n|-damage|p2a: Polteageist|27\/100 slp\n|-boost|p1a: Houndoom|spe|1\n|-ability|p2a: Polteageist|Weak Armor|boost\n|-unboost|p2a: Polteageist|def|1\n|-boost|p2a: Polteageist|spe|2\n|\n|-weather|SunnyDay|[upkeep]\n|-damage|p1a: Houndoom|88\/100|[from] ability: Solar Power|[of] p1a: Houndoom\n|-sideend|p2: Poke_Gamer_Devil|move: Light Screen\n|upkeep\n|turn|14\n|\n|t:|1700337845\n|cant|p2a: Polteageist|slp\n|move|p1a: Houndoom|Flame Charge|p2a: Polteageist\n|-damage|p2a: Polteageist|0 fnt\n|-boost|p1a: Houndoom|spe|1\n|faint|p2a: Polteageist\n|\n|-weather|SunnyDay|[upkeep]\n|-damage|p1a: Houndoom|76\/100|[from] ability: Solar Power|[of] p1a: Houndoom\n|upkeep\n|\n|t:|1700337852\n|switch|p2a: Grimmsnarl|Grimmsnarl, M|9\/100\n|-damage|p2a: Grimmsnarl|0 fnt|[from] Stealth Rock\n|faint|p2a: Grimmsnarl\n|\n|t:|1700337860\n|switch|p2a: Ceruledge|Ceruledge, F|100\/100\n|-damage|p2a: Ceruledge|75\/100|[from] Stealth Rock\n|turn|15\n|\n|t:|1700337868\n|-terastallize|p2a: Ceruledge|Normal\n|move|p1a: Houndoom|Dark Pulse|p2a: Ceruledge\n|-damage|p2a: Ceruledge|5\/100\n|move|p2a: Ceruledge|Swords Dance|p2a: Ceruledge\n|-boost|p2a: Ceruledge|atk|2\n|\n|-weather|SunnyDay|[upkeep]\n|-damage|p1a: Houndoom|63\/100|[from] ability: Solar Power|[of] p1a: Houndoom\n|upkeep\n|turn|16\n|\n|t:|1700337877\n|move|p2a: Ceruledge|Shadow Sneak|p1a: Houndoom\n|-resisted|p1a: Houndoom\n|-damage|p1a: Houndoom|32\/100\n|move|p1a: Houndoom|Dark Pulse|p2a: Ceruledge\n|-damage|p2a: Ceruledge|0 fnt\n|faint|p2a: Ceruledge\n|\n|-weather|none\n|upkeep\n|\n|t:|1700337884\n|switch|p2a: Kartana|Kartana|100\/100\n|-damage|p2a: Kartana|94\/100|[from] Stealth Rock\n|turn|17\n|\n|t:|1700337890\n|move|p1a: Houndoom|Flamethrower|p2a: Kartana\n|-supereffective|p2a: Kartana\n|-damage|p2a: Kartana|0 fnt\n|faint|p2a: Kartana\n|\n|win|Chili D Dewd\n|raw|Chili D Dewd's rating: 1757 &rarr; <strong>1772<\/strong><br \/>(+15 for winning)\n|raw|Poke_Gamer_Devil's rating: 1660 &rarr; <strong>1645<\/strong><br \/>(-15 for losing)\n|c|\u2606Chili D Dewd|Gg\n","uploadtime":1700337919,"views":10,"p1id":"chiliddewd","p2id":"pokegamerdevil","formatid":"gen9nationaldex","rating":1645,"private":0,"password":""}