{"id":"gen9nationaldex-1993997826","p1":"Fengylin9","p2":"Sokko666","format":"[Gen 9] National Dex","log":"|j|\u2606Fengylin9\n|j|\u2606Sokko666\n|t:|1700390700\n|gametype|singles\n|player|p1|Fengylin9|dawn|1137\n|player|p2|Sokko666|wattson|1191\n|teamsize|p1|6\n|teamsize|p2|6\n|gen|9\n|tier|[Gen 9] National Dex\n|rated|\n|rule|HP Percentage Mod: HP is shown in percentages\n|rule|Endless Battle Clause: Forcing endless battles is banned\n|rule|OHKO Clause: OHKO moves are banned\n|rule|Evasion Clause: Evasion abilities, items, and moves are banned\n|rule|Evasion Abilities Clause: Evasion abilities are banned\n|rule|Evasion Items Clause: Evasion items are banned\n|rule|Evasion Moves Clause: Evasion moves are banned\n|rule|Species Clause: Limit one of each Pok\u00e9mon\n|rule|Sleep Clause Mod: Limit one foe put to sleep\n|clearpoke\n|poke|p1|Aerodactyl, M|\n|poke|p1|Garchomp, M|\n|poke|p1|Moltres|\n|poke|p1|Alomomola, M|\n|poke|p1|Cradily, F|\n|poke|p1|Ninetales-Alola, M|\n|poke|p2|Charizard, M|\n|poke|p2|Venusaur, F|\n|poke|p2|Great Tusk|\n|poke|p2|Grimmsnarl, M|\n|poke|p2|Alomomola, F|\n|poke|p2|Aegislash, F|\n|teampreview\n|\n|t:|1700390718\n|start\n|switch|p1a: Ninetales|Ninetales-Alola, M|100\/100\n|switch|p2a: Aegislash|Aegislash, F|100\/100\n|-weather|Snow|[from] ability: Snow Warning|[of] p1a: Ninetales\n|turn|1\n|\n|t:|1700390727\n|move|p1a: Ninetales|Aurora Veil|p1a: Ninetales\n|-sidestart|p1: Fengylin9|move: Aurora Veil\n|move|p2a: Aegislash|Toxic|p1a: Ninetales\n|-status|p1a: Ninetales|tox\n|\n|-weather|Snow|[upkeep]\n|-damage|p1a: Ninetales|94\/100 tox|[from] psn\n|upkeep\n|turn|2\n|\n|t:|1700390738\n|switch|p1a: \u6700\u597d\u7684\u706b\u9e21|Moltres, shiny|100\/100\n|move|p2a: Aegislash|Substitute|p2a: Aegislash\n|-start|p2a: Aegislash|Substitute\n|-damage|p2a: Aegislash|75\/100\n|\n|-weather|Snow|[upkeep]\n|-heal|p2a: Aegislash|82\/100|[from] item: Leftovers\n|upkeep\n|turn|3\n|\n|t:|1700390745\n|move|p1a: \u6700\u597d\u7684\u706b\u9e21|Flamethrower|p2a: Aegislash\n|-supereffective|p2a: Aegislash\n|-end|p2a: Aegislash|Substitute\n|move|p2a: Aegislash|Toxic|p1a: \u6700\u597d\u7684\u706b\u9e21|[miss]\n|-miss|p2a: Aegislash|p1a: \u6700\u597d\u7684\u706b\u9e21\n|\n|-weather|Snow|[upkeep]\n|-heal|p2a: Aegislash|88\/100|[from] item: Leftovers\n|upkeep\n|turn|4\n|\n|t:|1700390764\n|switch|p2a: Charizard|Charizard, M|100\/100\n|move|p1a: \u6700\u597d\u7684\u706b\u9e21|Flamethrower|p2a: Charizard\n|-resisted|p2a: Charizard\n|-damage|p2a: Charizard|75\/100\n|\n|-weather|Snow|[upkeep]\n|upkeep\n|turn|5\n|\n|t:|1700390772\n|detailschange|p2a: Charizard|Charizard-Mega-Y, M\n|-mega|p2a: Charizard|Charizard|Charizardite Y\n|-weather|SunnyDay|[from] ability: Drought|[of] p2a: Charizard\n|move|p2a: Charizard|Defog|p1a: \u6700\u597d\u7684\u706b\u9e21\n|-unboost|p1a: \u6700\u597d\u7684\u706b\u9e21|evasion|1\n|-sideend|p1: Fengylin9|move: Aurora Veil\n|move|p1a: \u6700\u597d\u7684\u706b\u9e21|U-turn|p2a: Charizard\n|-resisted|p2a: Charizard\n|-damage|p2a: Charizard|70\/100\n|\n|t:|1700390777\n|switch|p1a: Aerodactyl|Aerodactyl, M, shiny|100\/100|[from] U-turn\n|-ability|p1a: Aerodactyl|Pressure\n|\n|-weather|SunnyDay|[upkeep]\n|upkeep\n|turn|6\n|\n|t:|1700390786\n|switch|p2a: Aegislash|Aegislash, F|88\/100\n|detailschange|p1a: Aerodactyl|Aerodactyl-Mega, M, shiny\n|-mega|p1a: Aerodactyl|Aerodactyl|Aerodactylite\n|move|p1a: Aerodactyl|Stone Edge|p2a: Aegislash\n|-resisted|p2a: Aegislash\n|-damage|p2a: Aegislash|66\/100\n|\n|-weather|SunnyDay|[upkeep]\n|-heal|p2a: Aegislash|72\/100|[from] item: Leftovers\n|upkeep\n|turn|7\n|\n|t:|1700390816\n|move|p1a: Aerodactyl|Dragon Dance|p1a: Aerodactyl\n|-boost|p1a: Aerodactyl|atk|1\n|-boost|p1a: Aerodactyl|spe|1\n|move|p2a: Aegislash|Toxic|p1a: Aerodactyl\n|-status|p1a: Aerodactyl|tox\n|\n|-weather|SunnyDay|[upkeep]\n|-heal|p2a: Aegislash|78\/100|[from] item: Leftovers\n|-damage|p1a: Aerodactyl|95\/100 tox|[from] psn\n|upkeep\n|turn|8\n|\n|t:|1700390831\n|move|p2a: Aegislash|King's Shield|p2a: Aegislash\n|-singleturn|p2a: Aegislash|Protect\n|move|p1a: Aerodactyl|Dual Wingbeat|p2a: Aegislash\n|-activate|p2a: Aegislash|move: Protect\n|-unboost|p1a: Aerodactyl|atk|1\n|\n|-weather|SunnyDay|[upkeep]\n|-heal|p2a: Aegislash|84\/100|[from] item: Leftovers\n|-damage|p1a: Aerodactyl|83\/100 tox|[from] psn\n|upkeep\n|turn|9\n|\n|t:|1700390849\n|switch|p1a: Garchomp|Garchomp, M, shiny|100\/100\n|move|p2a: Aegislash|Substitute|p2a: Aegislash\n|-start|p2a: Aegislash|Substitute\n|-damage|p2a: Aegislash|59\/100\n|\n|-weather|none\n|-heal|p2a: Aegislash|65\/100|[from] item: Leftovers\n|upkeep\n|turn|10\n|\n|t:|1700390858\n|move|p1a: Garchomp|Stealth Rock|p2a: Aegislash\n|-sidestart|p2: Sokko666|move: Stealth Rock\n|move|p2a: Aegislash|Toxic|p1a: Garchomp\n|-status|p1a: Garchomp|tox\n|\n|-heal|p2a: Aegislash|71\/100|[from] item: Leftovers\n|-damage|p1a: Garchomp|94\/100 tox|[from] psn\n|upkeep\n|turn|11\n|\n|t:|1700390875\n|move|p2a: Aegislash|King's Shield|p2a: Aegislash\n|-singleturn|p2a: Aegislash|Protect\n|move|p1a: Garchomp|Earthquake|p2a: Aegislash\n|-activate|p2a: Aegislash|move: Protect\n|\n|-heal|p2a: Aegislash|78\/100|[from] item: Leftovers\n|-damage|p1a: Garchomp|82\/100 tox|[from] psn\n|upkeep\n|turn|12\n|\n|t:|1700390883\n|move|p1a: Garchomp|Earthquake|p2a: Aegislash\n|-supereffective|p2a: Aegislash\n|-end|p2a: Aegislash|Substitute\n|-formechange|p2a: Aegislash|Aegislash-Blade||[from] ability: Stance Change\n|move|p2a: Aegislash|Shadow Ball|p1a: Garchomp\n|-damage|p1a: Garchomp|40\/100 tox\n|\n|-heal|p2a: Aegislash|84\/100|[from] item: Leftovers\n|-damage|p1a: Garchomp|22\/100 tox|[from] psn\n|upkeep\n|turn|13\n|\n|t:|1700390909\n|switch|p1a: Ninetales|Ninetales-Alola, M|94\/100 tox\n|-weather|Snow|[from] ability: Snow Warning|[of] p1a: Ninetales\n|-formechange|p2a: Aegislash|Aegislash||[from] ability: Stance Change\n|move|p2a: Aegislash|King's Shield||[still]\n|-fail|p2a: Aegislash\n|\n|-weather|Snow|[upkeep]\n|-heal|p2a: Aegislash|90\/100|[from] item: Leftovers\n|-damage|p1a: Ninetales|88\/100 tox|[from] psn\n|upkeep\n|turn|14\n|\n|t:|1700390919\n|move|p1a: Ninetales|Aurora Veil|p1a: Ninetales\n|-sidestart|p1: Fengylin9|move: Aurora Veil\n|move|p2a: Aegislash|Substitute|p2a: Aegislash\n|-start|p2a: Aegislash|Substitute\n|-damage|p2a: Aegislash|65\/100\n|\n|-weather|Snow|[upkeep]\n|-heal|p2a: Aegislash|71\/100|[from] item: Leftovers\n|-damage|p1a: Ninetales|76\/100 tox|[from] psn\n|upkeep\n|turn|15\n|\n|t:|1700390926\n|move|p1a: Ninetales|Heal Bell|p1a: Ninetales\n|-activate|p1a: Ninetales|move: Heal Bell\n|-curestatus|p1a: Ninetales|tox|[msg]\n|-curestatus|p1: Aerodactyl|tox|[msg]\n|-curestatus|p1: Garchomp|tox|[msg]\n|-formechange|p2a: Aegislash|Aegislash-Blade||[from] ability: Stance Change\n|move|p2a: Aegislash|Shadow Ball|p1a: Ninetales\n|-damage|p1a: Ninetales|52\/100\n|\n|-weather|Snow|[upkeep]\n|-heal|p2a: Aegislash|77\/100|[from] item: Leftovers\n|upkeep\n|turn|16\n|\n|t:|1700390988\n|switch|p1a: \u6700\u597d\u7684\u706b\u9e21|Moltres, shiny|100\/100\n|-formechange|p2a: Aegislash|Aegislash||[from] ability: Stance Change\n|move|p2a: Aegislash|King's Shield||[still]\n|-fail|p2a: Aegislash\n|\n|-weather|Snow|[upkeep]\n|-heal|p2a: Aegislash|84\/100|[from] item: Leftovers\n|upkeep\n|turn|17\n|\n|t:|1700391000\n|move|p1a: \u6700\u597d\u7684\u706b\u9e21|Flamethrower|p2a: Aegislash\n|-supereffective|p2a: Aegislash\n|-end|p2a: Aegislash|Substitute\n|move|p2a: Aegislash|Toxic|p1a: \u6700\u597d\u7684\u706b\u9e21\n|-status|p1a: \u6700\u597d\u7684\u706b\u9e21|tox\n|\n|-weather|none\n|-heal|p2a: Aegislash|90\/100|[from] item: Leftovers\n|-damage|p1a: \u6700\u597d\u7684\u706b\u9e21|94\/100 tox|[from] psn\n|upkeep\n|turn|18\n|\n|t:|1700391010\n|move|p2a: Aegislash|King's Shield|p2a: Aegislash\n|-singleturn|p2a: Aegislash|Protect\n|move|p1a: \u6700\u597d\u7684\u706b\u9e21|Flamethrower|p2a: Aegislash\n|-activate|p2a: Aegislash|move: Protect\n|\n|-heal|p2a: Aegislash|96\/100|[from] item: Leftovers\n|-damage|p1a: \u6700\u597d\u7684\u706b\u9e21|82\/100 tox|[from] psn\n|upkeep\n|turn|19\n|\n|t:|1700391022\n|switch|p2a: Alomomola|Alomomola, F|100\/100\n|move|p1a: \u6700\u597d\u7684\u706b\u9e21|Flamethrower|p2a: Alomomola\n|-resisted|p2a: Alomomola\n|-damage|p2a: Alomomola|83\/100\n|\n|-damage|p1a: \u6700\u597d\u7684\u706b\u9e21|63\/100 tox|[from] psn\n|upkeep\n|turn|20\n|\n|t:|1700391032\n|move|p1a: \u6700\u597d\u7684\u706b\u9e21|U-turn|p2a: Alomomola\n|-damage|p2a: Alomomola|75\/100\n|\n|t:|1700391036\n|switch|p1a: Ninetales|Ninetales-Alola, M|52\/100|[from] U-turn\n|-weather|Snow|[from] ability: Snow Warning|[of] p1a: Ninetales\n|move|p2a: Alomomola|Flip Turn|p1a: Ninetales\n|-damage|p1a: Ninetales|45\/100\n|\n|t:|1700391044\n|switch|p2a: Great Tusk|Great Tusk|100\/100|[from] Flip Turn\n|\n|-weather|Snow|[upkeep]\n|upkeep\n|turn|21\n|\n|t:|1700391089\n|-terastallize|p2a: Great Tusk|Water\n|move|p1a: Ninetales|Moonblast|p2a: Great Tusk\n|-damage|p2a: Great Tusk|57\/100\n|move|p2a: Great Tusk|Rapid Spin|p1a: Ninetales\n|-damage|p1a: Ninetales|38\/100\n|-boost|p2a: Great Tusk|spe|1\n|-sideend|p2: Sokko666|Stealth Rock|[from] move: Rapid Spin|[of] p2a: Great Tusk\n|\n|-weather|Snow|[upkeep]\n|-sideend|p1: Fengylin9|move: Aurora Veil\n|upkeep\n|turn|22\n|\n|t:|1700391104\n|move|p2a: Great Tusk|Headlong Rush|p1a: Ninetales\n|-damage|p1a: Ninetales|0 fnt\n|-unboost|p2a: Great Tusk|def|1\n|-unboost|p2a: Great Tusk|spd|1\n|faint|p1a: Ninetales\n|\n|-weather|Snow|[upkeep]\n|upkeep\n|\n|t:|1700391115\n|switch|p1a: Cradily|Cradily, F, shiny|100\/100\n|turn|23\n|\n|t:|1700391121\n|move|p2a: Great Tusk|Close Combat|p1a: Cradily\n|-supereffective|p1a: Cradily\n|-damage|p1a: Cradily|0 fnt\n|-unboost|p2a: Great Tusk|def|1\n|-unboost|p2a: Great Tusk|spd|1\n|faint|p1a: Cradily\n|\n|-weather|Snow|[upkeep]\n|upkeep\n|\n|t:|1700391178\n|switch|p1a: Garchomp|Garchomp, M, shiny|22\/100\n|turn|24\n|\n|t:|1700391184\n|move|p2a: Great Tusk|Close Combat|p1a: Garchomp\n|-damage|p1a: Garchomp|0 fnt\n|-unboost|p2a: Great Tusk|def|1\n|-unboost|p2a: Great Tusk|spd|1\n|-damage|p2a: Great Tusk|44\/100|[from] ability: Rough Skin|[of] p1a: Garchomp\n|-damage|p2a: Great Tusk|28\/100|[from] item: Rocky Helmet|[of] p1a: Garchomp\n|faint|p1a: Garchomp\n|\n|-weather|none\n|upkeep\n|\n|t:|1700391188\n|switch|p1a: Aerodactyl|Aerodactyl-Mega, M, shiny|83\/100\n|turn|25\n|\n|t:|1700391199\n|move|p2a: Great Tusk|Close Combat|p1a: Aerodactyl\n|-damage|p1a: Aerodactyl|0 fnt\n|-unboost|p2a: Great Tusk|def|1\n|-unboost|p2a: Great Tusk|spd|1\n|faint|p1a: Aerodactyl\n|\n|upkeep\n|-message|Fengylin9 forfeited.\n|\n|win|Sokko666\n|raw|Fengylin9's rating: 1137 &rarr; <strong>1116<\/strong><br \/>(-21 for losing)\n|raw|Sokko666's rating: 1191 &rarr; <strong>1212<\/strong><br \/>(+21 for winning)\n|l|\u2606Fengylin9\n","uploadtime":1700391277,"views":15,"p1id":"fengylin9","p2id":"sokko666","formatid":"gen9nationaldex","rating":1116,"private":0,"password":""}