{"id":"gen9nationaldex-1989128890","p1":"Jabehsb","p2":"Threshy Is Freshy","format":"[Gen 9] National Dex","log":"|j|\u2606Jabehsb\n|j|\u2606Threshy Is Freshy\n|t:|1699815324\n|gametype|singles\n|player|p1|Jabehsb|169|1110\n|player|p2|Threshy Is Freshy|valerie|1152\n|teamsize|p1|6\n|teamsize|p2|6\n|gen|9\n|tier|[Gen 9] National Dex\n|rated|\n|rule|HP Percentage Mod: HP is shown in percentages\n|rule|Endless Battle Clause: Forcing endless battles is banned\n|rule|OHKO Clause: OHKO moves are banned\n|rule|Evasion Clause: Evasion abilities, items, and moves are banned\n|rule|Evasion Abilities Clause: Evasion abilities are banned\n|rule|Evasion Items Clause: Evasion items are banned\n|rule|Evasion Moves Clause: Evasion moves are banned\n|rule|Species Clause: Limit one of each Pok\u00e9mon\n|rule|Sleep Clause Mod: Limit one foe put to sleep\n|clearpoke\n|poke|p1|Kartana|\n|poke|p1|Clodsire, F|\n|poke|p1|Armarouge, F|\n|poke|p1|Scizor, M|\n|poke|p1|Sinistcha-Masterpiece|\n|poke|p1|Iron Hands|\n|poke|p2|Iron Valiant|\n|poke|p2|Lapras, F|\n|poke|p2|Azelf|\n|poke|p2|Landorus-Therian, M|\n|poke|p2|Scizor, M|\n|poke|p2|Rotom-Wash|\n|teampreview\n|\n|t:|1699815336\n|start\n|switch|p1a: Clodsire|Clodsire, F|100\/100\n|switch|p2a: Landorus|Landorus-Therian, M|100\/100\n|-ability|p2a: Landorus|Intimidate|boost\n|-unboost|p1a: Clodsire|atk|1\n|turn|1\n|l|\u2606Jabehsb\n|player|p1|\n|inactive|Battle timer is ON: inactive players will automatically lose when time's up. (requested by Threshy Is Freshy)\n|j|\u2606Jabehsb\n|inactive|Jabehsb reconnected and has 145 seconds left.\n|player|p1|Jabehsb|169\n|\n|t:|1699815368\n|move|p2a: Landorus|Earthquake|p1a: Clodsire\n|-supereffective|p1a: Clodsire\n|-damage|p1a: Clodsire|0 fnt\n|faint|p1a: Clodsire\n|\n|upkeep\n|\n|t:|1699815375\n|switch|p1a: Kartana|Kartana, shiny|100\/100\n|turn|2\n|\n|t:|1699815383\n|move|p1a: Kartana|Leaf Blade|p2a: Landorus\n|-damage|p2a: Landorus|7\/100\n|-damage|p1a: Kartana|84\/100|[from] item: Rocky Helmet|[of] p2a: Landorus\n|move|p2a: Landorus|Stealth Rock|p1a: Kartana\n|-sidestart|p1: Jabehsb|move: Stealth Rock\n|\n|upkeep\n|turn|3\n|\n|t:|1699815393\n|move|p1a: Kartana|Leaf Blade|p2a: Landorus\n|-damage|p2a: Landorus|0 fnt\n|-damage|p1a: Kartana|67\/100|[from] item: Rocky Helmet|[of] p2a: Landorus\n|faint|p2a: Landorus\n|-ability|p1a: Kartana|Beast Boost|boost\n|-boost|p1a: Kartana|atk|1\n|\n|upkeep\n|\n|t:|1699815414\n|switch|p2a: Iron Valiant|Iron Valiant|100\/100\n|-enditem|p2a: Iron Valiant|Booster Energy\n|-activate|p2a: Iron Valiant|ability: Quark Drive|[fromitem]\n|-start|p2a: Iron Valiant|quarkdrivedef\n|turn|4\n|inactive|Threshy Is Freshy has 120 seconds left.\n|\n|t:|1699815436\n|switch|p1a: Sinistcha|Sinistcha-Masterpiece|100\/100\n|-damage|p1a: Sinistcha|88\/100|[from] Stealth Rock\n|move|p2a: Iron Valiant|Calm Mind|p2a: Iron Valiant\n|-boost|p2a: Iron Valiant|spa|1\n|-boost|p2a: Iron Valiant|spd|1\n|\n|upkeep\n|turn|5\n|inactive|Threshy Is Freshy has 120 seconds left.\n|\n|t:|1699815447\n|move|p2a: Iron Valiant|Calm Mind|p2a: Iron Valiant\n|-boost|p2a: Iron Valiant|spa|1\n|-boost|p2a: Iron Valiant|spd|1\n|move|p1a: Sinistcha|Stun Spore|p2a: Iron Valiant|[miss]\n|-miss|p1a: Sinistcha|p2a: Iron Valiant\n|\n|upkeep\n|turn|6\n|\n|t:|1699815456\n|move|p2a: Iron Valiant|Moonblast|p1a: Sinistcha\n|-damage|p1a: Sinistcha|0 fnt\n|faint|p1a: Sinistcha\n|\n|upkeep\n|\n|t:|1699815464\n|switch|p1a: Armarouge|Armarouge, F, shiny|100\/100\n|-damage|p1a: Armarouge|76\/100|[from] Stealth Rock\n|turn|7\n|\n|t:|1699815477\n|move|p2a: Iron Valiant|Moonblast|p1a: Armarouge\n|-resisted|p1a: Armarouge\n|-damage|p1a: Armarouge|32\/100\n|move|p1a: Armarouge|Psyshock|p2a: Iron Valiant\n|-supereffective|p2a: Iron Valiant\n|-damage|p2a: Iron Valiant|32\/100\n|\n|upkeep\n|turn|8\n|\n|t:|1699815484\n|move|p2a: Iron Valiant|Moonblast|p1a: Armarouge\n|-resisted|p1a: Armarouge\n|-damage|p1a: Armarouge|0 fnt\n|faint|p1a: Armarouge\n|\n|upkeep\n|\n|t:|1699815491\n|switch|p1a: Iron Hands|Iron Hands, shiny|100\/100\n|-damage|p1a: Iron Hands|94\/100|[from] Stealth Rock\n|turn|9\n|\n|t:|1699815501\n|move|p1a: Iron Hands|Fake Out|p2a: Iron Valiant\n|-damage|p2a: Iron Valiant|23\/100\n|cant|p2a: Iron Valiant|flinch\n|\n|-heal|p1a: Iron Hands|100\/100|[from] item: Leftovers\n|upkeep\n|turn|10\n|\n|t:|1699815510\n|move|p2a: Iron Valiant|Moonblast|p1a: Iron Hands\n|-supereffective|p1a: Iron Hands\n|-damage|p1a: Iron Hands|0 fnt\n|faint|p1a: Iron Hands\n|-end|p1a: Iron Hands|Quark Drive|[silent]\n|\n|upkeep\n|\n|t:|1699815516\n|switch|p1a: Scizor|Scizor, M, shiny|100\/100\n|-damage|p1a: Scizor|88\/100|[from] Stealth Rock\n|turn|11\n|\n|t:|1699815541\n|detailschange|p1a: Scizor|Scizor-Mega, M, shiny\n|-mega|p1a: Scizor|Scizor|Scizorite\n|-terastallize|p2a: Iron Valiant|Steel\n|move|p2a: Iron Valiant|Moonblast|p1a: Scizor\n|-resisted|p1a: Scizor\n|-damage|p1a: Scizor|45\/100\n|-unboost|p1a: Scizor|spa|1\n|move|p1a: Scizor|Aerial Ace|p2a: Iron Valiant\n|-resisted|p2a: Iron Valiant\n|-damage|p2a: Iron Valiant|13\/100\n|\n|upkeep\n|turn|12\n|\n|t:|1699815560\n|move|p1a: Scizor|Bullet Punch|p2a: Iron Valiant\n|-resisted|p2a: Iron Valiant\n|-damage|p2a: Iron Valiant|0 fnt\n|faint|p2a: Iron Valiant\n|-end|p2a: Iron Valiant|Quark Drive|[silent]\n|\n|upkeep\n|inactive|Threshy Is Freshy has 120 seconds left.\n|\n|t:|1699815570\n|switch|p2a: Rotom|Rotom-Wash|100\/100\n|turn|13\n|\n|t:|1699815574\n|move|p1a: Scizor|Trailblaze|p2a: Rotom\n|-supereffective|p2a: Rotom\n|-damage|p2a: Rotom|36\/100\n|-boost|p1a: Scizor|spe|1\n|move|p2a: Rotom|Will-O-Wisp|p1a: Scizor\n|-status|p1a: Scizor|brn\n|\n|-heal|p2a: Rotom|42\/100|[from] item: Leftovers\n|-damage|p1a: Scizor|39\/100 brn|[from] brn\n|upkeep\n|turn|14\n|\n|t:|1699815586\n|move|p1a: Scizor|Trailblaze|p2a: Rotom\n|-supereffective|p2a: Rotom\n|-damage|p2a: Rotom|8\/100\n|-boost|p1a: Scizor|spe|1\n|move|p2a: Rotom|Volt Switch|p1a: Scizor\n|-damage|p1a: Scizor|1\/100 brn\n|\n|t:|1699815596\n|switch|p2a: Scizor|Scizor, M|100\/100|[from] Volt Switch\n|\n|-damage|p1a: Scizor|0 fnt|[from] brn\n|faint|p1a: Scizor\n|upkeep\n|\n|t:|1699815602\n|switch|p1a: Kartana|Kartana, shiny|67\/100\n|-damage|p1a: Kartana|61\/100|[from] Stealth Rock\n|turn|15\n|\n|t:|1699815612\n|detailschange|p2a: Scizor|Scizor-Mega, M\n|-mega|p2a: Scizor|Scizor|Scizorite\n|move|p1a: Kartana|Sacred Sword|p2a: Scizor\n|-damage|p2a: Scizor|66\/100\n|move|p2a: Scizor|Swords Dance|p2a: Scizor\n|-boost|p2a: Scizor|atk|2\n|\n|upkeep\n|turn|16\n|\n|t:|1699815630\n|move|p1a: Kartana|Sacred Sword|p2a: Scizor\n|-damage|p2a: Scizor|33\/100\n|move|p2a: Scizor|U-turn|p1a: Kartana\n|-damage|p1a: Kartana|0 fnt\n|faint|p1a: Kartana\n|\n|win|Threshy Is Freshy\n|raw|Jabehsb's rating: 1110 &rarr; <strong>1088<\/strong><br \/>(-22 for losing)\n|raw|Threshy Is Freshy's rating: 1152 &rarr; <strong>1174<\/strong><br \/>(+22 for winning)\n|l|\u2606Jabehsb\n","uploadtime":1699815640,"views":28,"p1id":"jabehsb","p2id":"threshyisfreshy","formatid":"gen9nationaldex","rating":1088,"private":0,"password":""}