{"id":"gen9nationaldex-1991371267","p1":"PWA Wright","p2":"elvisma","format":"[Gen 9] National Dex","log":"|j|\u2606PWA Wright\n|j|\u2606elvisma\n|t:|1700071557\n|gametype|singles\n|player|p1|PWA Wright|cynthia|1713\n|player|p2|elvisma|red-masters|1691\n|teamsize|p1|6\n|teamsize|p2|6\n|gen|9\n|tier|[Gen 9] National Dex\n|rated|\n|rule|HP Percentage Mod: HP is shown in percentages\n|rule|Endless Battle Clause: Forcing endless battles is banned\n|rule|OHKO Clause: OHKO moves are banned\n|rule|Evasion Clause: Evasion abilities, items, and moves are banned\n|rule|Evasion Abilities Clause: Evasion abilities are banned\n|rule|Evasion Items Clause: Evasion items are banned\n|rule|Evasion Moves Clause: Evasion moves are banned\n|rule|Species Clause: Limit one of each Pok\u00e9mon\n|rule|Sleep Clause Mod: Limit one foe put to sleep\n|clearpoke\n|poke|p1|Garchomp, M|\n|poke|p1|Dondozo, M|\n|poke|p1|Tyranitar, F|\n|poke|p1|Charizard, F|\n|poke|p1|Clodsire, F|\n|poke|p1|Corviknight, M|\n|poke|p2|Azelf|\n|poke|p2|Charizard, M|\n|poke|p2|Ribombee, M|\n|poke|p2|Great Tusk|\n|poke|p2|Ogerpon-Wellspring, F|\n|poke|p2|Victini|\n|teampreview\n|c|\u2606elvisma|gawd dam it\n|c|\u2606elvisma|i am so scared right now\n|c|\u2606PWA Wright|Why\n|c|\u2606elvisma|dondozo giving me ptsd\n|c|\u2606PWA Wright|Ayy lmao\n|j| xsk123\n|\n|t:|1700071606\n|start\n|switch|p1a: Tyranitar|Tyranitar, F|100\/100\n|switch|p2a: ZA BEE|Ribombee, M|100\/100\n|-weather|Sandstorm|[from] ability: Sand Stream|[of] p1a: Tyranitar\n|turn|1\n|c|\u2606PWA Wright|Donbozo go BRRRR\n|\n|t:|1700071611\n|move|p2a: ZA BEE|Sticky Web|p1a: Tyranitar\n|-sidestart|p1: PWA Wright|move: Sticky Web\n|move|p1a: Tyranitar|Stone Edge|p2a: ZA BEE\n|-supereffective|p2a: ZA BEE\n|-enditem|p2a: ZA BEE|Focus Sash\n|-damage|p2a: ZA BEE|1\/100\n|\n|-weather|Sandstorm|[upkeep]\n|-damage|p2a: ZA BEE|0 fnt|[from] Sandstorm\n|faint|p2a: ZA BEE\n|upkeep\n|\n|t:|1700071618\n|switch|p2a: V create spam|Victini|100\/100\n|turn|2\n|\n|t:|1700071623\n|-zpower|p2a: V create spam\n|move|p2a: V create spam|Z-Celebrate|p2a: V create spam|[anim]Celebrate\n|-boost|p2a: V create spam|atk|1|[zeffect]\n|-boost|p2a: V create spam|def|1|[zeffect]\n|-boost|p2a: V create spam|spa|1|[zeffect]\n|-boost|p2a: V create spam|spd|1|[zeffect]\n|-boost|p2a: V create spam|spe|1|[zeffect]\n|-activate|p2a: V create spam|move: Celebrate\n|move|p1a: Tyranitar|Stone Edge|p2a: V create spam\n|-supereffective|p2a: V create spam\n|-damage|p2a: V create spam|39\/100\n|\n|-weather|Sandstorm|[upkeep]\n|-damage|p2a: V create spam|33\/100|[from] Sandstorm\n|upkeep\n|turn|3\n|c|\u2606elvisma|im so dead\n|\n|t:|1700071632\n|move|p2a: V create spam|Energy Ball|p1a: Tyranitar\n|-supereffective|p1a: Tyranitar\n|-damage|p1a: Tyranitar|79\/100\n|move|p1a: Tyranitar|Crunch|p2a: V create spam\n|-supereffective|p2a: V create spam\n|-damage|p2a: V create spam|0 fnt\n|faint|p2a: V create spam\n|\n|-weather|Sandstorm|[upkeep]\n|upkeep\n|c|\u2606elvisma|thats god dam assult vest\n|c|\u2606elvisma|if i every did see one\n|c|\u2606PWA Wright|Oh yurr\n|\n|t:|1700071646\n|switch|p2a: touchgrassdrinkH2O|Ogerpon-Wellspring, F|100\/100\n|turn|4\n|\n|t:|1700071648\n|switch|p1a: Corviknight|Corviknight, M|100\/100\n|-ability|p1a: Corviknight|Pressure\n|move|p2a: touchgrassdrinkH2O|Swords Dance|p2a: touchgrassdrinkH2O\n|-boost|p2a: touchgrassdrinkH2O|atk|2\n|\n|-weather|Sandstorm|[upkeep]\n|-damage|p2a: touchgrassdrinkH2O|95\/100|[from] Sandstorm\n|upkeep\n|turn|5\n|c|\u2606elvisma|i can pray\n|\n|t:|1700071658\n|-terastallize|p2a: touchgrassdrinkH2O|Water\n|detailschange|p2a: touchgrassdrinkH2O|Ogerpon-Wellspring-Tera, F, tera:Water\n|-ability|p2a: touchgrassdrinkH2O|Embody Aspect (Wellspring)|boost\n|-boost|p2a: touchgrassdrinkH2O|spd|1\n|move|p2a: touchgrassdrinkH2O|Ivy Cudgel|p1a: Corviknight|[anim] Ivy Cudgel Water\n|-damage|p1a: Corviknight|13\/100\n|move|p1a: Corviknight|Defog|p2a: touchgrassdrinkH2O\n|-unboost|p2a: touchgrassdrinkH2O|evasion|1\n|-sideend|p1: PWA Wright|Sticky Web|[from] move: Defog|[of] p1a: Corviknight\n|\n|-weather|none\n|upkeep\n|turn|6\n|\n|t:|1700071663\n|switch|p1a: Clodsire|Clodsire, F|100\/100\n|move|p2a: touchgrassdrinkH2O|Swords Dance|p2a: touchgrassdrinkH2O\n|-boost|p2a: touchgrassdrinkH2O|atk|2\n|\n|upkeep\n|turn|7\n|c|\u2606elvisma|god hates me\n|\n|t:|1700071669\n|switch|p1a: Corviknight|Corviknight, M|13\/100\n|-ability|p1a: Corviknight|Pressure\n|move|p2a: touchgrassdrinkH2O|Horn Leech|p1a: Corviknight\n|-resisted|p1a: Corviknight\n|-damage|p1a: Corviknight|0 fnt\n|-heal|p2a: touchgrassdrinkH2O|100\/100|[from] drain|[of] p1a: Corviknight\n|-damage|p2a: touchgrassdrinkH2O|84\/100|[from] item: Rocky Helmet|[of] p1a: Corviknight\n|faint|p1a: Corviknight\n|\n|upkeep\n|\n|t:|1700071674\n|switch|p1a: Dondozo|Dondozo, M|100\/100\n|turn|8\n|\n|t:|1700071677\n|move|p2a: touchgrassdrinkH2O|Horn Leech|p1a: Dondozo\n|-supereffective|p1a: Dondozo\n|-damage|p1a: Dondozo|61\/100\n|-heal|p2a: touchgrassdrinkH2O|100\/100|[from] drain|[of] p1a: Dondozo\n|-damage|p2a: touchgrassdrinkH2O|84\/100|[from] item: Rocky Helmet|[of] p1a: Dondozo\n|move|p1a: Dondozo|Curse|p1a: Dondozo\n|-unboost|p1a: Dondozo|spe|1\n|-boost|p1a: Dondozo|atk|1\n|-boost|p1a: Dondozo|def|1\n|\n|upkeep\n|turn|9\n|\n|t:|1700071688\n|switch|p2a: pls dont u-turn|Azelf|100\/100\n|move|p1a: Dondozo|Curse|p1a: Dondozo\n|-unboost|p1a: Dondozo|spe|1\n|-boost|p1a: Dondozo|atk|1\n|-boost|p1a: Dondozo|def|1\n|\n|upkeep\n|turn|10\n|c|\u2606elvisma|giving flash backs to vietnam\n|\n|t:|1700071696\n|switch|p1a: Tyranitar|Tyranitar, F|79\/100\n|-weather|Sandstorm|[from] ability: Sand Stream|[of] p1a: Tyranitar\n|move|p2a: pls dont u-turn|Thunderbolt|p1a: Tyranitar\n|-crit|p1a: Tyranitar\n|-damage|p1a: Tyranitar|67\/100\n|\n|-weather|Sandstorm|[upkeep]\n|-damage|p2a: pls dont u-turn|94\/100|[from] Sandstorm\n|upkeep\n|turn|11\n|\n|t:|1700071699\n|-activate|p2a: pls dont u-turn|move: Pursuit\n|move|p1a: Tyranitar|Pursuit|p2a: pls dont u-turn|[from]Pursuit\n|-supereffective|p2a: pls dont u-turn\n|-damage|p2a: pls dont u-turn|0 fnt\n|faint|p2a: pls dont u-turn\n|-hint|A Pokemon can't switch between when it runs out of HP and when it faints\n|\n|-weather|Sandstorm|[upkeep]\n|upkeep\n|c|\u2606elvisma|alright\n|-message|elvisma forfeited.\n|\n|win|PWA Wright\n|raw|PWA Wright's rating: 1713 &rarr; <strong>1732<\/strong><br \/>(+19 for winning)\n|raw|elvisma's rating: 1691 &rarr; <strong>1672<\/strong><br \/>(-19 for losing)\n|c|\u2606PWA Wright|GG\n|c|\u2606elvisma|gg\n|l|\u2606elvisma\n","uploadtime":1700071716,"views":5,"p1id":"pwawright","p2id":"elvisma","formatid":"gen9nationaldex","rating":1672,"private":0,"password":""}