{"id":"gen9nationaldex-1992399343","p1":"Spiritneko666","p2":"Fiat_uno_rosado","format":"[Gen 9] National Dex","log":"|j|\u2606Spiritneko666\n|j|\u2606Fiat_uno_rosado\n|t:|1700183062\n|gametype|singles\n|player|p1|Spiritneko666|psychic-gen4|1084\n|player|p2|Fiat_uno_rosado|giovanni|1000\n|teamsize|p1|6\n|teamsize|p2|6\n|gen|9\n|tier|[Gen 9] National Dex\n|rated|\n|rule|HP Percentage Mod: HP is shown in percentages\n|rule|Endless Battle Clause: Forcing endless battles is banned\n|rule|OHKO Clause: OHKO moves are banned\n|rule|Evasion Clause: Evasion abilities, items, and moves are banned\n|rule|Evasion Abilities Clause: Evasion abilities are banned\n|rule|Evasion Items Clause: Evasion items are banned\n|rule|Evasion Moves Clause: Evasion moves are banned\n|rule|Species Clause: Limit one of each Pok\u00e9mon\n|rule|Sleep Clause Mod: Limit one foe put to sleep\n|clearpoke\n|poke|p1|Corsola-Galar, F|\n|poke|p1|Beedrill, F|\n|poke|p1|Absol, F|\n|poke|p1|Tapu Koko|\n|poke|p1|Gliscor, F|\n|poke|p1|Sneasler, M|\n|poke|p2|Shuckle, M|\n|poke|p2|Kommo-o, M|\n|poke|p2|Aegislash, M|\n|poke|p2|Meowscarada, M|\n|poke|p2|Magnezone|\n|poke|p2|Mr. Rime, M|\n|teampreview\n|inactive|Battle timer is ON: inactive players will automatically lose when time's up. (requested by Fiat_uno_rosado)\n|c|\u2606Fiat_uno_rosado|Bom jogo ora nos\n|\n|t:|1700183091\n|start\n|switch|p1a: Tapu Koko|Tapu Koko|100\/100\n|switch|p2a: Mr. Rime|Mr. Rime, M, shiny|100\/100\n|-fieldstart|move: Electric Terrain|[from] ability: Electric Surge|[of] p1a: Tapu Koko\n|turn|1\n|\n|t:|1700183105\n|move|p1a: Tapu Koko|Thunderbolt|p2a: Mr. Rime\n|-damage|p2a: Mr. Rime|42\/100\n|move|p2a: Mr. Rime|Calm Mind|p2a: Mr. Rime\n|-boost|p2a: Mr. Rime|spa|1\n|-boost|p2a: Mr. Rime|spd|1\n|\n|-heal|p2a: Mr. Rime|48\/100|[from] item: Leftovers\n|upkeep\n|turn|2\n|\n|t:|1700183111\n|move|p1a: Tapu Koko|Volt Switch|p2a: Mr. Rime\n|-damage|p2a: Mr. Rime|20\/100\n|\n|t:|1700183121\n|switch|p1a: Buzz|Beedrill, F|100\/100|[from] Volt Switch\n|move|p2a: Mr. Rime|Future Sight|p1a: Buzz\n|-start|p2a: Mr. Rime|move: Future Sight\n|\n|-heal|p2a: Mr. Rime|26\/100|[from] item: Leftovers\n|upkeep\n|turn|3\n|\n|t:|1700183134\n|switch|p1a: Reaper|Absol, F|100\/100\n|move|p2a: Mr. Rime|Freeze-Dry|p1a: Reaper\n|-damage|p1a: Reaper|1\/100\n|\n|-heal|p2a: Mr. Rime|32\/100|[from] item: Leftovers\n|upkeep\n|turn|4\n|\n|t:|1700183148\n|move|p1a: Reaper|Sucker Punch|p2a: Mr. Rime\n|-supereffective|p2a: Mr. Rime\n|-damage|p2a: Mr. Rime|0 fnt\n|faint|p2a: Mr. Rime\n|-damage|p1a: Reaper|0 fnt|[from] item: Life Orb\n|faint|p1a: Reaper\n|\n|-hint|Future Sight did not hit because the target is fainted.\n|upkeep\n|\n|t:|1700183154\n|switch|p1a: Sonya|Sneasler, M|100\/100\n|switch|p2a: Kommo-o|Kommo-o, M|100\/100\n|-enditem|p1a: Sonya|Electric Seed\n|-boost|p1a: Sonya|def|1|[from] item: Electric Seed\n|turn|5\n|\n|t:|1700183166\n|move|p1a: Sonya|Swords Dance|p1a: Sonya\n|-boost|p1a: Sonya|atk|2\n|move|p2a: Kommo-o|Dragon Dance|p2a: Kommo-o\n|-boost|p2a: Kommo-o|atk|1\n|-boost|p2a: Kommo-o|spe|1\n|\n|-fieldend|move: Electric Terrain\n|upkeep\n|turn|6\n|inactive|Spiritneko666 has 120 seconds left.\n|\n|t:|1700183201\n|-terastallize|p1a: Sonya|Flying\n|move|p1a: Sonya|Acrobatics|p2a: Kommo-o\n|-supereffective|p2a: Kommo-o\n|-damage|p2a: Kommo-o|0 fnt\n|faint|p2a: Kommo-o\n|\n|upkeep\n|\n|t:|1700183209\n|switch|p2a: Magnezone|Magnezone|100\/100\n|turn|7\n|\n|t:|1700183217\n|move|p1a: Sonya|Close Combat|p2a: Magnezone\n|-supereffective|p2a: Magnezone\n|-damage|p2a: Magnezone|0 fnt\n|-unboost|p1a: Sonya|def|1\n|-unboost|p1a: Sonya|spd|1\n|faint|p2a: Magnezone\n|\n|upkeep\n|\n|t:|1700183223\n|switch|p2a: Aegislash|Aegislash, M, shiny|100\/100\n|turn|8\n|\n|t:|1700183248\n|move|p1a: Sonya|Acrobatics|p2a: Aegislash\n|-resisted|p2a: Aegislash\n|-damage|p2a: Aegislash|35\/100\n|-formechange|p2a: Aegislash|Aegislash-Blade||[from] ability: Stance Change\n|move|p2a: Aegislash|Psycho Cut|p1a: Sonya\n|-damage|p1a: Sonya|54\/100\n|\n|-heal|p2a: Aegislash|41\/100|[from] item: Leftovers\n|upkeep\n|turn|9\n|\n|t:|1700183259\n|-formechange|p2a: Aegislash|Aegislash||[from] ability: Stance Change\n|move|p2a: Aegislash|King's Shield|p2a: Aegislash\n|-singleturn|p2a: Aegislash|Protect\n|move|p1a: Sonya|Swords Dance|p1a: Sonya\n|-boost|p1a: Sonya|atk|2\n|\n|-heal|p2a: Aegislash|47\/100|[from] item: Leftovers\n|upkeep\n|turn|10\n|\n|t:|1700183267\n|move|p1a: Sonya|Acrobatics|p2a: Aegislash\n|-resisted|p2a: Aegislash\n|-damage|p2a: Aegislash|0 fnt\n|faint|p2a: Aegislash\n|\n|upkeep\n|\n|t:|1700183271\n|switch|p2a: Shuckle|Shuckle, M|100\/100\n|turn|11\n|\n|t:|1700183286\n|move|p1a: Sonya|Acrobatics|p2a: Shuckle\n|-ability|p2a: Shuckle|Sturdy\n|-damage|p2a: Shuckle|1\/100\n|move|p2a: Shuckle|Curse|p2a: Shuckle\n|-unboost|p2a: Shuckle|spe|1\n|-boost|p2a: Shuckle|atk|1\n|-boost|p2a: Shuckle|def|1\n|\n|-heal|p2a: Shuckle|7\/100|[from] item: Leftovers\n|upkeep\n|turn|12\n|\n|t:|1700183294\n|move|p1a: Sonya|Acrobatics|p2a: Shuckle\n|-damage|p2a: Shuckle|0 fnt\n|faint|p2a: Shuckle\n|\n|upkeep\n|\n|t:|1700183299\n|switch|p2a: Meowscarada|Meowscarada, M, shiny|100\/100\n|turn|13\n|\n|t:|1700183308\n|move|p1a: Sonya|Acrobatics|p2a: Meowscarada\n|-supereffective|p2a: Meowscarada\n|-damage|p2a: Meowscarada|0 fnt\n|faint|p2a: Meowscarada\n|\n|win|Spiritneko666\n|raw|Spiritneko666's rating: 1084 &rarr; <strong>1105<\/strong><br \/>(+21 for winning)\n|raw|Fiat_uno_rosado's rating: 1000 &rarr; <strong>1000<\/strong><br \/>(+0 for losing)\n","uploadtime":1700183314,"views":14,"p1id":"spiritneko666","p2id":"fiatunorosado","formatid":"gen9nationaldex","rating":1000,"private":0,"password":""}