{"id":"gen9nationaldex-1991595158","p1":"GastrodonForOU","p2":"seefourset","format":"[Gen 9] National Dex","log":"|j|\u2606GastrodonForOU\n|j|\u2606seefourset\n|t:|1700092214\n|gametype|singles\n|player|p1|GastrodonForOU|hiker-gen4|\n|player|p2|seefourset|dawn-gen4pt|\n|teamsize|p1|6\n|teamsize|p2|6\n|gen|9\n|tier|[Gen 9] National Dex\n|rule|HP Percentage Mod: HP is shown in percentages\n|rule|Endless Battle Clause: Forcing endless battles is banned\n|rule|OHKO Clause: OHKO moves are banned\n|rule|Evasion Clause: Evasion abilities, items, and moves are banned\n|rule|Evasion Abilities Clause: Evasion abilities are banned\n|rule|Evasion Items Clause: Evasion items are banned\n|rule|Evasion Moves Clause: Evasion moves are banned\n|rule|Species Clause: Limit one of each Pok\u00e9mon\n|rule|Sleep Clause Mod: Limit one foe put to sleep\n|clearpoke\n|poke|p1|Toxapex, F|\n|poke|p1|Clefable, F|\n|poke|p1|Corviknight, M|\n|poke|p1|Chansey, F|\n|poke|p1|Garganacl, M|\n|poke|p1|Gliscor, F|\n|poke|p2|Slugma, M|\n|poke|p2|Roggenrola, F|\n|poke|p2|Shellos, M|\n|poke|p2|Wurmple, M|\n|poke|p2|Finneon, M|\n|poke|p2|Deino, F|\n|teampreview\n|inactive|Battle timer is ON: inactive players will automatically lose when time's up. (requested by GastrodonForOU)\n|c|\u2606seefourset|hi\n|c|\u2606seefourset|hiiiii\n|c|\u2606seefourset|hai\n|\n|t:|1700092236\n|start\n|switch|p1a: Clefable|Clefable, F|100\/100\n|switch|p2a: rocky babey|Roggenrola, F|100\/100\n|turn|1\n|c|\u2606seefourset|hi :3\n|c|\u2606seefourset|hiiiiiiiiii\n|j| Team Boner\n|\n|t:|1700092245\n|move|p1a: Clefable|Thunder Wave|p2a: rocky babey\n|-status|p2a: rocky babey|par\n|cant|p2a: rocky babey|par\n|\n|upkeep\n|turn|2\n|c|\u2606seefourset|hi Team Boner\n|\n|t:|1700092256\n|move|p1a: Clefable|Wish|p1a: Clefable\n|move|p2a: rocky babey|Autotomize|p2a: rocky babey\n|-boost|p2a: rocky babey|spe|2\n|-start|p2a: rocky babey|Autotomize\n|\n|upkeep\n|turn|3\n|\n|t:|1700092267\n|switch|p1a: Gliscor|Gliscor, F|100\/100\n|move|p2a: rocky babey|Rest|p2a: rocky babey\n|-fail|p2a: rocky babey|heal\n|\n|-status|p1a: Gliscor|tox|[from] item: Toxic Orb\n|upkeep\n|turn|4\n|\n|t:|1700092275\n|move|p1a: Gliscor|Toxic||[still]\n|-fail|p1a: Gliscor\n|cant|p2a: rocky babey|par\n|\n|upkeep\n|turn|5\n|c|\u2606GastrodonForOU|i dont have rocks\n|inactive|GastrodonForOU has 270 seconds left.\n|\n|t:|1700092307\n|switch|p1a: Corviknight|Corviknight, M|100\/100\n|-ability|p1a: Corviknight|Pressure\n|cant|p2a: rocky babey|par\n|\n|upkeep\n|turn|6\n|\n|t:|1700092322\n|move|p1a: Corviknight|U-turn|p2a: rocky babey\n|-damage|p2a: rocky babey|77\/100 par\n|inactive|GastrodonForOU has 270 seconds left.\n|c|\u2606seefourset|im winning\n|\n|t:|1700092355\n|switch|p1a: Garganacl|Garganacl, M|100\/100|[from] U-turn\n|move|p2a: rocky babey|Rest|p2a: rocky babey\n|-status|p2a: rocky babey|slp|[from] move: Rest\n|-heal|p2a: rocky babey|100\/100 slp|[silent]\n|\n|upkeep\n|turn|7\n|\n|t:|1700092372\n|cant|p2a: rocky babey|slp\n|move|p1a: Garganacl|Salt Cure|p2a: rocky babey\n|-damage|p2a: rocky babey|80\/100 slp\n|-start|p2a: rocky babey|Salt Cure\n|\n|-damage|p2a: rocky babey|68\/100 slp|[from] Salt Cure\n|upkeep\n|turn|8\n|j| Schnaffel\n|\n|t:|1700092383\n|switch|p1a: Toxapex|Toxapex, F|100\/100\n|cant|p2a: rocky babey|slp\n|\n|-damage|p2a: rocky babey|55\/100 slp|[from] Salt Cure\n|upkeep\n|turn|9\n|c| Schnaffel|Hard stall is NASTY\n|c|\u2606seefourset|omg big stall :3\n|\n|t:|1700092392\n|-curestatus|p2a: rocky babey|slp|[msg]\n|move|p2a: rocky babey|Rock Blast|p1a: Toxapex\n|-damage|p1a: Toxapex|95\/100\n|-damage|p1a: Toxapex|88\/100\n|-damage|p1a: Toxapex|82\/100\n|-damage|p1a: Toxapex|76\/100\n|-hitcount|p1a: Toxapex|4\n|move|p1a: Toxapex|Haze|p1a: Toxapex\n|-clearallboost\n|\n|-damage|p2a: rocky babey|43\/100|[from] Salt Cure\n|upkeep\n|turn|10\n|inactive|GastrodonForOU has 270 seconds left.\n|c|\u2606GastrodonForOU|i dont have any hazards\n|c|\u2606seefourset|go rocky babey !!!!!!!\n|\n|t:|1700092403\n|move|p2a: rocky babey|Rest|p2a: rocky babey\n|-status|p2a: rocky babey|slp|[from] move: Rest\n|-heal|p2a: rocky babey|100\/100 slp|[silent]\n|move|p1a: Toxapex|Toxic||[still]\n|-fail|p1a: Toxapex\n|\n|-damage|p2a: rocky babey|88\/100 slp|[from] Salt Cure\n|upkeep\n|turn|11\n|\n|t:|1700092417\n|cant|p2a: rocky babey|slp\n|move|p1a: Toxapex|Scald|p2a: rocky babey\n|-supereffective|p2a: rocky babey\n|-damage|p2a: rocky babey|0 fnt\n|faint|p2a: rocky babey\n|\n|upkeep\n|c|\u2606seefourset|WHAT\n|\n|t:|1700092423\n|switch|p2a: squishy|Shellos, M|100\/100\n|turn|12\n|\n|t:|1700092429\n|move|p1a: Toxapex|Toxic|p2a: squishy\n|-status|p2a: squishy|tox\n|move|p2a: squishy|Pain Split|p1a: Toxapex\n|-sethp|p1a: Toxapex|87\/100|[from] move: Pain Split|[silent]\n|-sethp|p2a: squishy|90\/100 tox|[from] move: Pain Split\n|\n|-damage|p2a: squishy|83\/100 tox|[from] psn\n|upkeep\n|turn|13\n|\n|t:|1700092444\n|switch|p1a: Garganacl|Garganacl, M|100\/100\n|move|p2a: squishy|Memento|p1a: Garganacl\n|-unboost|p1a: Garganacl|atk|2\n|-unboost|p1a: Garganacl|spa|2\n|faint|p2a: squishy\n|\n|upkeep\n|c|\u2606GastrodonForOU|DUDE\n|c|\u2606GastrodonForOU|kill yourse\n|c|\u2606seefourset|ok\n|\n|t:|1700092463\n|switch|p2a: diego|Deino, F|100\/100\n|turn|14\n|\n|t:|1700092468\n|move|p1a: Garganacl|Salt Cure|p2a: diego\n|-damage|p2a: diego|83\/100\n|-start|p2a: diego|Salt Cure\n|move|p2a: diego|Roar|p1a: Garganacl\n|drag|p1a: Corviknight|Corviknight, M|100\/100\n|-ability|p1a: Corviknight|Pressure\n|\n|-damage|p2a: diego|71\/100|[from] Salt Cure\n|upkeep\n|turn|15\n|c|\u2606seefourset|why im being salt cured\n|c|\u2606seefourset|what does tht do\n|c|\u2606GastrodonForOU|i dont have body press on corv\n|c| Schnaffel|it cures you\n|c| Schnaffel|with salt\n|c| Schnaffel|DUMBASS\n|c|\u2606seefourset|Yippee!!!\n|c|\u2606GastrodonForOU|DUDE\n|c| Schnaffel|Yippoo*\n|\n|t:|1700092501\n|move|p1a: Corviknight|U-turn|p2a: diego\n|-supereffective|p2a: diego\n|-damage|p2a: diego|0 fnt\n|faint|p2a: diego\n|\n|t:|1700092506\n|switch|p1a: Chansey|Chansey, F|100\/100|[from] U-turn\n|\n|upkeep\n|\n|t:|1700092511\n|switch|p2a: sluggy|Wurmple, M|100\/100\n|turn|16\n|\n|t:|1700092517\n|move|p2a: sluggy|Snore||[still]\n|-fail|p2a: sluggy\n|move|p1a: Chansey|Seismic Toss|p2a: sluggy\n|-damage|p2a: sluggy|57\/100\n|\n|upkeep\n|turn|17\n|c|\u2606GastrodonForOU|SNORE\n|\n|t:|1700092533\n|switch|p1a: Gliscor|Gliscor, F|100\/100 tox\n|-terastallize|p2a: sluggy|Bug\n|move|p2a: sluggy|Snore||[still]\n|-fail|p2a: sluggy\n|\n|upkeep\n|turn|18\n|\n|t:|1700092546\n|move|p1a: Gliscor|Toxic|p2a: sluggy\n|-status|p2a: sluggy|tox\n|move|p2a: sluggy|Snore||[still]\n|-fail|p2a: sluggy\n|\n|-damage|p2a: sluggy|51\/100 tox|[from] psn\n|upkeep\n|turn|19\n|c| Schnaffel|not life orb seismic toss L set\n|\n|t:|1700092565\n|switch|p1a: Corviknight|Corviknight, M|100\/100\n|-ability|p1a: Corviknight|Pressure\n|move|p2a: sluggy|Snore||[still]\n|-fail|p2a: sluggy\n|\n|-damage|p2a: sluggy|39\/100 tox|[from] psn\n|upkeep\n|turn|20\n|c|\u2606GastrodonForOU|banded rain dance\n|\n|t:|1700092582\n|-terastallize|p1a: Corviknight|Dragon\n|move|p1a: Corviknight|U-turn|p2a: sluggy\n|-damage|p2a: sluggy|0 fnt\n|faint|p2a: sluggy\n|\n|t:|1700092592\n|switch|p1a: Toxapex|Toxapex, F|100\/100|[from] U-turn\n|\n|upkeep\n|\n|t:|1700092597\n|switch|p2a: schlagenheim|Slugma, M, shiny|100\/100\n|turn|21\n|\n|t:|1700092605\n|move|p1a: Toxapex|Recover||[still]\n|-fail|p1a: Toxapex|heal\n|move|p2a: schlagenheim|Pain Split|p1a: Toxapex\n|-sethp|p1a: Toxapex|97\/100|[from] move: Pain Split|[silent]\n|-sethp|p2a: schlagenheim|100\/100|[from] move: Pain Split\n|\n|upkeep\n|turn|22\n|\n|t:|1700092616\n|move|p1a: Toxapex|Toxic|p2a: schlagenheim\n|-status|p2a: schlagenheim|tox\n|move|p2a: schlagenheim|Pain Split|p1a: Toxapex\n|-sethp|p1a: Toxapex|96\/100|[from] move: Pain Split|[silent]\n|-sethp|p2a: schlagenheim|100\/100 tox|[from] move: Pain Split\n|\n|-damage|p2a: schlagenheim|95\/100 tox|[from] psn\n|upkeep\n|turn|23\n|c|\u2606GastrodonForOU|why isnt this merciless\n|\n|t:|1700092629\n|switch|p1a: Chansey|Chansey, F|100\/100\n|move|p2a: schlagenheim|Pain Split|p1a: Chansey\n|-sethp|p1a: Chansey|69\/100|[from] move: Pain Split|[silent]\n|-sethp|p2a: schlagenheim|100\/100 tox|[from] move: Pain Split\n|\n|-damage|p2a: schlagenheim|89\/100 tox|[from] psn\n|upkeep\n|turn|24\n|\n|t:|1700092639\n|move|p1a: Chansey|Toxic|p2a: schlagenheim\n|-fail|p2a: schlagenheim|tox\n|move|p2a: schlagenheim|Pain Split|p1a: Chansey\n|-sethp|p1a: Chansey|53\/100|[from] move: Pain Split|[silent]\n|-sethp|p2a: schlagenheim|100\/100 tox|[from] move: Pain Split\n|\n|-damage|p2a: schlagenheim|83\/100 tox|[from] psn\n|upkeep\n|turn|25\n|\n|t:|1700092647\n|move|p1a: Chansey|Soft-Boiled|p1a: Chansey\n|-heal|p1a: Chansey|100\/100\n|move|p2a: schlagenheim|Pain Split|p1a: Chansey\n|-sethp|p1a: Chansey|67\/100|[from] move: Pain Split|[silent]\n|-sethp|p2a: schlagenheim|100\/100 tox|[from] move: Pain Split\n|\n|-damage|p2a: schlagenheim|77\/100 tox|[from] psn\n|upkeep\n|turn|26\n|\n|t:|1700092654\n|switch|p2a: fish|Finneon, M|100\/100\n|move|p1a: Chansey|Seismic Toss|p2a: fish\n|-damage|p2a: fish|59\/100\n|\n|upkeep\n|turn|27\n|c|\u2606seefourset|don't seismic toss my fish?\n|c|\u2606seefourset|wtf\n|\n|t:|1700092668\n|move|p2a: fish|Acrobatics|p1a: Chansey\n|-damage|p1a: Chansey|58\/100\n|move|p1a: Chansey|Toxic|p2a: fish\n|-status|p2a: fish|tox\n|\n|-damage|p2a: fish|53\/100 tox|[from] psn\n|upkeep\n|turn|28\n|c|\u2606GastrodonForOU|cb seismic toss\n|\n|t:|1700092674\n|move|p2a: fish|Defog|p1a: Chansey\n|-unboost|p1a: Chansey|evasion|1\n|move|p1a: Chansey|Soft-Boiled|p1a: Chansey\n|-heal|p1a: Chansey|100\/100\n|\n|-damage|p2a: fish|41\/100 tox|[from] psn\n|upkeep\n|turn|29\n|c| Schnaffel|life orb*\n|\n|t:|1700092681\n|move|p2a: fish|Defog|p1a: Chansey\n|-unboost|p1a: Chansey|evasion|1\n|move|p1a: Chansey|Aromatherapy|p1a: Chansey\n|-activate|p1a: Chansey|move: Aromatherapy\n|-curestatus|p1: Gliscor|tox|[msg]\n|\n|-damage|p2a: fish|24\/100 tox|[from] psn\n|upkeep\n|turn|30\n|\n|t:|1700092689\n|switch|p1a: Gliscor|Gliscor, F|100\/100\n|move|p2a: fish|Acrobatics|p1a: Gliscor\n|-damage|p1a: Gliscor|89\/100\n|\n|-damage|p2a: fish|0 fnt|[from] psn\n|faint|p2a: fish\n|-status|p1a: Gliscor|tox|[from] item: Toxic Orb\n|upkeep\n|c|\u2606seefourset|can u salt cure me again\n|\n|t:|1700092700\n|switch|p2a: schlagenheim|Slugma, M, shiny|77\/100 tox\n|turn|31\n|\n|t:|1700092704\n|switch|p1a: Chansey|Chansey, F|100\/100\n|move|p2a: schlagenheim|Pain Split|p1a: Chansey\n|-sethp|p1a: Chansey|66\/100|[from] move: Pain Split|[silent]\n|-sethp|p2a: schlagenheim|100\/100 tox|[from] move: Pain Split\n|\n|-damage|p2a: schlagenheim|95\/100 tox|[from] psn\n|upkeep\n|turn|32\n|c|\u2606GastrodonForOU|i cant my gliscor is poisoned\n|\n|t:|1700092727\n|move|p1a: Chansey|Aromatherapy|p1a: Chansey\n|-activate|p1a: Chansey|move: Aromatherapy\n|-curestatus|p1: Gliscor|tox|[msg]\n|move|p2a: schlagenheim|Pain Split|p1a: Chansey\n|-sethp|p1a: Chansey|52\/100|[from] move: Pain Split|[silent]\n|-sethp|p2a: schlagenheim|100\/100 tox|[from] move: Pain Split\n|\n|-damage|p2a: schlagenheim|89\/100 tox|[from] psn\n|upkeep\n|turn|33\n|\n|t:|1700092736\n|switch|p1a: Gliscor|Gliscor, F|89\/100\n|move|p2a: schlagenheim|Pain Split|p1a: Gliscor\n|-sethp|p1a: Gliscor|80\/100|[from] move: Pain Split|[silent]\n|-sethp|p2a: schlagenheim|99\/100 tox|[from] move: Pain Split\n|\n|-damage|p2a: schlagenheim|81\/100 tox|[from] psn\n|-status|p1a: Gliscor|tox|[from] item: Toxic Orb\n|upkeep\n|turn|34\n|\n|t:|1700092741\n|switch|p1a: Chansey|Chansey, F|52\/100\n|move|p2a: schlagenheim|Clear Smog|p1a: Chansey\n|-damage|p1a: Chansey|49\/100\n|-clearboost|p1a: Chansey\n|\n|-damage|p2a: schlagenheim|57\/100 tox|[from] psn\n|upkeep\n|turn|35\n|\n|t:|1700092748\n|move|p1a: Chansey|Aromatherapy|p1a: Chansey\n|-activate|p1a: Chansey|move: Aromatherapy\n|-curestatus|p1: Gliscor|tox|[msg]\n|move|p2a: schlagenheim|Pain Split|p1a: Chansey\n|-sethp|p1a: Chansey|36\/100|[from] move: Pain Split|[silent]\n|-sethp|p2a: schlagenheim|89\/100 tox|[from] move: Pain Split\n|\n|-damage|p2a: schlagenheim|59\/100 tox|[from] psn\n|upkeep\n|turn|36\n|\n|t:|1700092754\n|move|p1a: Chansey|Soft-Boiled|p1a: Chansey\n|-heal|p1a: Chansey|86\/100\n|move|p2a: schlagenheim|Pain Split|p1a: Chansey\n|-sethp|p1a: Chansey|55\/100|[from] move: Pain Split|[silent]\n|-sethp|p2a: schlagenheim|100\/100 tox|[from] move: Pain Split\n|\n|-damage|p2a: schlagenheim|65\/100 tox|[from] psn\n|upkeep\n|turn|37\n|\n|t:|1700092758\n|switch|p1a: Garganacl|Garganacl, M|100\/100\n|move|p2a: schlagenheim|Pain Split|p1a: Garganacl\n|-sethp|p1a: Garganacl|73\/100|[from] move: Pain Split|[silent]\n|-sethp|p2a: schlagenheim|100\/100 tox|[from] move: Pain Split\n|\n|-heal|p1a: Garganacl|79\/100|[from] item: Leftovers\n|-damage|p2a: schlagenheim|59\/100 tox|[from] psn\n|upkeep\n|turn|38\n|c|\u2606GastrodonForOU|i miscliekced\n|\n|t:|1700092779\n|move|p1a: Garganacl|Iron Defense|p1a: Garganacl\n|-boost|p1a: Garganacl|def|2\n|move|p2a: schlagenheim|Pain Split|p1a: Garganacl\n|-sethp|p1a: Garganacl|60\/100|[from] move: Pain Split|[silent]\n|-sethp|p2a: schlagenheim|85\/100 tox|[from] move: Pain Split\n|\n|-heal|p1a: Garganacl|66\/100|[from] item: Leftovers\n|-damage|p2a: schlagenheim|37\/100 tox|[from] psn\n|upkeep\n|turn|39\n|\n|t:|1700092796\n|switch|p1a: Chansey|Chansey, F|55\/100\n|move|p2a: schlagenheim|Pain Split|p1a: Chansey\n|-sethp|p1a: Chansey|35\/100|[from] move: Pain Split|[silent]\n|-sethp|p2a: schlagenheim|87\/100 tox|[from] move: Pain Split\n|\n|-damage|p2a: schlagenheim|33\/100 tox|[from] psn\n|upkeep\n|turn|40\n|\n|t:|1700092804\n|move|p1a: Chansey|Soft-Boiled|p1a: Chansey\n|-heal|p1a: Chansey|85\/100\n|move|p2a: schlagenheim|Pain Split|p1a: Chansey\n|-sethp|p1a: Chansey|49\/100|[from] move: Pain Split|[silent]\n|-sethp|p2a: schlagenheim|100\/100 tox|[from] move: Pain Split\n|\n|-damage|p2a: schlagenheim|41\/100 tox|[from] psn\n|upkeep\n|turn|41\n|\n|t:|1700092811\n|move|p1a: Chansey|Soft-Boiled|p1a: Chansey\n|-heal|p1a: Chansey|99\/100\n|move|p2a: schlagenheim|Pain Split|p1a: Chansey\n|-sethp|p1a: Chansey|58\/100|[from] move: Pain Split|[silent]\n|-sethp|p2a: schlagenheim|100\/100 tox|[from] move: Pain Split\n|\n|-damage|p2a: schlagenheim|35\/100 tox|[from] psn\n|upkeep\n|turn|42\n|\n|t:|1700092818\n|move|p1a: Chansey|Soft-Boiled|p1a: Chansey\n|-heal|p1a: Chansey|100\/100\n|move|p2a: schlagenheim|Pain Split|p1a: Chansey\n|-sethp|p1a: Chansey|57\/100|[from] move: Pain Split|[silent]\n|-sethp|p2a: schlagenheim|100\/100 tox|[from] move: Pain Split\n|\n|-damage|p2a: schlagenheim|29\/100 tox|[from] psn\n|upkeep\n|turn|43\n|c|\u2606GastrodonForOU|81%\n|\n|t:|1700092826\n|move|p1a: Chansey|Soft-Boiled|p1a: Chansey\n|-heal|p1a: Chansey|100\/100\n|move|p2a: schlagenheim|Pain Split|p1a: Chansey\n|-sethp|p1a: Chansey|56\/100|[from] move: Pain Split|[silent]\n|-sethp|p2a: schlagenheim|100\/100 tox|[from] move: Pain Split\n|\n|-damage|p2a: schlagenheim|23\/100 tox|[from] psn\n|upkeep\n|turn|44\n|\n|t:|1700092832\n|move|p1a: Chansey|Soft-Boiled|p1a: Chansey\n|-heal|p1a: Chansey|100\/100\n|move|p2a: schlagenheim|Pain Split|p1a: Chansey\n|-sethp|p1a: Chansey|55\/100|[from] move: Pain Split|[silent]\n|-sethp|p2a: schlagenheim|100\/100 tox|[from] move: Pain Split\n|\n|-damage|p2a: schlagenheim|17\/100 tox|[from] psn\n|upkeep\n|turn|45\n|c|\u2606GastrodonForOU|im outta soft-boiled\n|\n|t:|1700092844\n|switch|p1a: Clefable|Clefable, F|100\/100\n|move|p2a: schlagenheim|Pain Split|p1a: Clefable\n|-sethp|p1a: Clefable|56\/100|[from] move: Pain Split|[silent]\n|-sethp|p2a: schlagenheim|78\/100 tox|[from] move: Pain Split\n|\n|-heal|p1a: Clefable|62\/100|[from] item: Leftovers\n|-damage|p2a: schlagenheim|0 fnt|[from] psn\n|faint|p2a: schlagenheim\n|\n|win|GastrodonForOU\n|upkeep\n","uploadtime":1700092855,"views":5,"p1id":"gastrodonforou","p2id":"seefourset","formatid":"gen9nationaldex","rating":0,"private":0,"password":""}