{"id":"gen9nationaldex-1993127470","p1":"I am chicken man","p2":"Mekita willy","format":"[Gen 9] National Dex","log":"|j|\u2606I am chicken man\n|j|\u2606Mekita willy\n|t:|1700267996\n|gametype|singles\n|player|p1|I am chicken man|170|1559\n|player|p2|Mekita willy|teacher|1603\n|teamsize|p1|6\n|teamsize|p2|6\n|gen|9\n|tier|[Gen 9] National Dex\n|rated|\n|rule|HP Percentage Mod: HP is shown in percentages\n|rule|Endless Battle Clause: Forcing endless battles is banned\n|rule|OHKO Clause: OHKO moves are banned\n|rule|Evasion Clause: Evasion abilities, items, and moves are banned\n|rule|Evasion Abilities Clause: Evasion abilities are banned\n|rule|Evasion Items Clause: Evasion items are banned\n|rule|Evasion Moves Clause: Evasion moves are banned\n|rule|Species Clause: Limit one of each Pok\u00e9mon\n|rule|Sleep Clause Mod: Limit one foe put to sleep\n|clearpoke\n|poke|p1|Iron Hands|\n|poke|p1|Kommo-o, F|\n|poke|p1|Scizor, M|\n|poke|p1|Tapu Koko|\n|poke|p1|Iron Moth|\n|poke|p1|Iron Valiant|\n|poke|p2|Accelgor, M|\n|poke|p2|Indeedee, M|\n|poke|p2|Sneasler, F|\n|poke|p2|Aurorus, M|\n|poke|p2|Arctozolt|\n|poke|p2|Aegislash, F|\n|teampreview\n|inactive|Battle timer is ON: inactive players will automatically lose when time's up. (requested by I am chicken man)\n|\n|t:|1700268004\n|start\n|switch|p1a: Scizor|Scizor, M|100\/100\n|switch|p2a: SAHIDI|Accelgor, M, shiny|100\/100\n|turn|1\n|j| yuzhibo\n|\n|t:|1700268012\n|detailschange|p1a: Scizor|Scizor-Mega, M\n|-mega|p1a: Scizor|Scizor|Scizorite\n|move|p1a: Scizor|Bullet Punch|p2a: SAHIDI\n|-damage|p2a: SAHIDI|15\/100\n|move|p2a: SAHIDI|Final Gambit|p1a: Scizor\n|-damage|p1a: Scizor|85\/100\n|faint|p2a: SAHIDI\n|\n|upkeep\n|\n|t:|1700268022\n|switch|p2a: BOOTYLICIOUS|Indeedee, M|100\/100\n|-fieldstart|move: Psychic Terrain|[from] ability: Psychic Surge|[of] p2a: BOOTYLICIOUS\n|turn|2\n|\n|t:|1700268027\n|move|p2a: BOOTYLICIOUS|Mystical Fire|p1a: Scizor\n|-supereffective|p1a: Scizor\n|-damage|p1a: Scizor|0 fnt\n|faint|p1a: Scizor\n|\n|upkeep\n|\n|t:|1700268030\n|switch|p1a: Tapu Koko|Tapu Koko|100\/100\n|-fieldstart|move: Electric Terrain|[from] ability: Electric Surge|[of] p1a: Tapu Koko\n|turn|3\n|\n|t:|1700268036\n|switch|p2a: BRONTOSAURUS|Aurorus, M|100\/100\n|-weather|Snow|[from] ability: Snow Warning|[of] p2a: BRONTOSAURUS\n|-zpower|p1a: Tapu Koko\n|move|p1a: Tapu Koko|Gigavolt Havoc|p2a: BRONTOSAURUS|[zeffect]\n|-damage|p2a: BRONTOSAURUS|56\/100\n|\n|-weather|Snow|[upkeep]\n|upkeep\n|turn|4\n|\n|t:|1700268050\n|move|p1a: Tapu Koko|Grass Knot|p2a: BRONTOSAURUS\n|-supereffective|p2a: BRONTOSAURUS\n|-damage|p2a: BRONTOSAURUS|16\/100\n|move|p2a: BRONTOSAURUS|Aurora Veil|p2a: BRONTOSAURUS\n|-sidestart|p2: Mekita willy|move: Aurora Veil\n|\n|-weather|Snow|[upkeep]\n|upkeep\n|turn|5\n|\n|t:|1700268061\n|switch|p2a: BOOTYLICIOUS|Indeedee, M|100\/100\n|-fieldstart|move: Psychic Terrain|[from] ability: Psychic Surge|[of] p2a: BOOTYLICIOUS\n|move|p1a: Tapu Koko|Volt Switch|p2a: BOOTYLICIOUS\n|-damage|p2a: BOOTYLICIOUS|81\/100\n|\n|t:|1700268077\n|switch|p1a: Kommo-o|Kommo-o, F|100\/100|[from] Volt Switch\n|\n|-weather|Snow|[upkeep]\n|upkeep\n|turn|6\n|\n|t:|1700268084\n|-terastallize|p2a: BOOTYLICIOUS|Psychic\n|move|p2a: BOOTYLICIOUS|Expanding Force|p1a: Kommo-o\n|-supereffective|p1a: Kommo-o\n|-damage|p1a: Kommo-o|0 fnt\n|faint|p1a: Kommo-o\n|\n|-weather|Snow|[upkeep]\n|upkeep\n|\n|t:|1700268089\n|switch|p1a: Tapu Koko|Tapu Koko|100\/100\n|-fieldstart|move: Electric Terrain|[from] ability: Electric Surge|[of] p1a: Tapu Koko\n|turn|7\n|\n|t:|1700268102\n|switch|p2a: KFC|Arctozolt|100\/100\n|move|p1a: Tapu Koko|Volt Switch|p2a: KFC\n|-resisted|p2a: KFC\n|-damage|p2a: KFC|88\/100\n|\n|t:|1700268109\n|switch|p1a: Iron Hands|Iron Hands|100\/100|[from] Volt Switch\n|-activate|p1a: Iron Hands|ability: Quark Drive\n|-start|p1a: Iron Hands|quarkdriveatk\n|\n|-weather|Snow|[upkeep]\n|upkeep\n|turn|8\n|\n|t:|1700268119\n|switch|p2a: Aegislash|Aegislash, F|100\/100\n|move|p1a: Iron Hands|Fake Out|p2a: Aegislash\n|-immune|p2a: Aegislash\n|\n|-weather|Snow|[upkeep]\n|-sideend|p2: Mekita willy|move: Aurora Veil\n|upkeep\n|turn|9\n|\n|t:|1700268128\n|-end|p1a: Iron Hands|Quark Drive|[silent]\n|switch|p1a: Iron Moth|Iron Moth|100\/100\n|-activate|p1a: Iron Moth|ability: Quark Drive\n|-start|p1a: Iron Moth|quarkdrivespe\n|move|p2a: Aegislash|King's Shield||[still]\n|-fail|p2a: Aegislash\n|\n|-weather|Snow|[upkeep]\n|upkeep\n|turn|10\n|\n|t:|1700268142\n|move|p2a: Aegislash|King's Shield|p2a: Aegislash\n|-singleturn|p2a: Aegislash|Protect\n|move|p1a: Iron Moth|Fiery Dance|p2a: Aegislash\n|-activate|p2a: Aegislash|move: Protect\n|\n|-weather|none\n|upkeep\n|turn|11\n|\n|t:|1700268152\n|switch|p2a: BRONTOSAURUS|Aurorus, M|16\/100\n|-weather|Snow|[from] ability: Snow Warning|[of] p2a: BRONTOSAURUS\n|move|p1a: Iron Moth|Fiery Dance|p2a: BRONTOSAURUS\n|-damage|p2a: BRONTOSAURUS|0 fnt\n|faint|p2a: BRONTOSAURUS\n|\n|-weather|Snow|[upkeep]\n|-fieldend|move: Electric Terrain\n|-end|p1a: Iron Moth|Quark Drive\n|upkeep\n|\n|t:|1700268164\n|switch|p2a: KFC|Arctozolt|88\/100\n|turn|12\n|\n|t:|1700268171\n|-terastallize|p1a: Iron Moth|Grass\n|move|p2a: KFC|Stomping Tantrum|p1a: Iron Moth\n|-resisted|p1a: Iron Moth\n|-damage|p1a: Iron Moth|77\/100\n|-damage|p2a: KFC|78\/100|[from] item: Life Orb\n|move|p1a: Iron Moth|Sludge Wave|p2a: KFC\n|-damage|p2a: KFC|14\/100\n|\n|-weather|Snow|[upkeep]\n|upkeep\n|turn|13\n|\n|t:|1700268181\n|move|p2a: KFC|Icicle Crash|p1a: Iron Moth\n|-supereffective|p1a: Iron Moth\n|-damage|p1a: Iron Moth|0 fnt\n|faint|p1a: Iron Moth\n|-end|p1a: Iron Moth|Quark Drive|[silent]\n|-damage|p2a: KFC|4\/100|[from] item: Life Orb\n|\n|-weather|Snow|[upkeep]\n|upkeep\n|\n|t:|1700268184\n|switch|p1a: Iron Hands|Iron Hands|100\/100\n|turn|14\n|\n|t:|1700268196\n|move|p1a: Iron Hands|Fake Out|p2a: KFC\n|-damage|p2a: KFC|0 fnt\n|faint|p2a: KFC\n|\n|-weather|Snow|[upkeep]\n|upkeep\n|\n|t:|1700268202\n|switch|p2a: BOOTYLICIOUS|Indeedee, M, tera:Psychic|81\/100\n|-fieldstart|move: Psychic Terrain|[from] ability: Psychic Surge|[of] p2a: BOOTYLICIOUS\n|turn|15\n|\n|t:|1700268207\n|move|p2a: BOOTYLICIOUS|Expanding Force|p1a: Iron Hands\n|-supereffective|p1a: Iron Hands\n|-damage|p1a: Iron Hands|0 fnt\n|faint|p1a: Iron Hands\n|-end|p1a: Iron Hands|Quark Drive|[silent]\n|\n|-weather|Snow|[upkeep]\n|upkeep\n|\n|t:|1700268211\n|switch|p1a: Iron Valiant|Iron Valiant|100\/100\n|-enditem|p1a: Iron Valiant|Booster Energy\n|-activate|p1a: Iron Valiant|ability: Quark Drive|[fromitem]\n|-start|p1a: Iron Valiant|quarkdrivespe\n|turn|16\n|\n|t:|1700268218\n|switch|p2a: Aegislash|Aegislash, F|100\/100\n|move|p1a: Iron Valiant|Moonblast|p2a: Aegislash\n|-resisted|p2a: Aegislash\n|-crit|p2a: Aegislash\n|-damage|p2a: Aegislash|74\/100\n|-unboost|p2a: Aegislash|spa|1\n|\n|-weather|Snow|[upkeep]\n|upkeep\n|turn|17\n|\n|t:|1700268228\n|move|p2a: Aegislash|King's Shield|p2a: Aegislash\n|-singleturn|p2a: Aegislash|Protect\n|move|p1a: Iron Valiant|Thunderbolt|p2a: Aegislash\n|-activate|p2a: Aegislash|move: Protect\n|\n|-weather|Snow|[upkeep]\n|upkeep\n|turn|18\n|\n|t:|1700268238\n|move|p1a: Iron Valiant|Thunderbolt|p2a: Aegislash\n|-crit|p2a: Aegislash\n|-damage|p2a: Aegislash|42\/100\n|move|p2a: Aegislash|Swords Dance|p2a: Aegislash\n|-boost|p2a: Aegislash|atk|2\n|\n|-weather|none\n|upkeep\n|turn|19\n|\n|t:|1700268246\n|move|p2a: Aegislash|King's Shield|p2a: Aegislash\n|-singleturn|p2a: Aegislash|Protect\n|move|p1a: Iron Valiant|Moonblast|p2a: Aegislash\n|-activate|p2a: Aegislash|move: Protect\n|\n|-fieldend|move: Psychic Terrain\n|upkeep\n|turn|20\n|\n|t:|1700268254\n|-formechange|p2a: Aegislash|Aegislash-Blade||[from] ability: Stance Change\n|move|p2a: Aegislash|Shadow Sneak|p1a: Iron Valiant\n|-damage|p1a: Iron Valiant|17\/100\n|move|p1a: Iron Valiant|Moonblast|p2a: Aegislash\n|-resisted|p2a: Aegislash\n|-damage|p2a: Aegislash|1\/100\n|-unboost|p2a: Aegislash|spa|1\n|\n|upkeep\n|turn|21\n|-message|I am chicken man forfeited.\n|\n|win|Mekita willy\n|raw|I am chicken man's rating: 1559 &rarr; <strong>1542<\/strong><br \/>(-17 for losing)\n|raw|Mekita willy's rating: 1603 &rarr; <strong>1620<\/strong><br \/>(+17 for winning)\n|l|\u2606I am chicken man\n|l| yuzhibo\n","uploadtime":1700268276,"views":8,"p1id":"iamchickenman","p2id":"mekitawilly","formatid":"gen9nationaldex","rating":1542,"private":0,"password":""}