{"id":"gen9nationaldex-1988049171","p1":"SirDannyDevitoII","p2":"stargobble","format":"[Gen 9] National Dex","log":"|j|\u2606SirDannyDevitoII\n|j|\u2606stargobble\n|t:|1699663310\n|gametype|singles\n|player|p1|SirDannyDevitoII|swimmer|\n|player|p2|stargobble|clerk|\n|teamsize|p1|6\n|teamsize|p2|6\n|gen|9\n|tier|[Gen 9] National Dex\n|rule|HP Percentage Mod: HP is shown in percentages\n|rule|Endless Battle Clause: Forcing endless battles is banned\n|rule|OHKO Clause: OHKO moves are banned\n|rule|Evasion Clause: Evasion abilities, items, and moves are banned\n|rule|Evasion Abilities Clause: Evasion abilities are banned\n|rule|Evasion Items Clause: Evasion items are banned\n|rule|Evasion Moves Clause: Evasion moves are banned\n|rule|Species Clause: Limit one of each Pok\u00e9mon\n|rule|Sleep Clause Mod: Limit one foe put to sleep\n|clearpoke\n|poke|p1|Eelektross, M|\n|poke|p1|Swampert, M|\n|poke|p1|Gurdurr, M|\n|poke|p1|Bombirdier, M|\n|poke|p1|Morpeko, M|\n|poke|p1|Slowbro-Galar, F|\n|poke|p2|Zygarde-10%|\n|poke|p2|Cetitan, M|\n|poke|p2|Araquanid, M|\n|poke|p2|Abomasnow, M|\n|poke|p2|Runerigus, M|\n|poke|p2|Throh, M|\n|teampreview\n|inactive|Battle timer is ON: inactive players will automatically lose when time's up. (requested by SirDannyDevitoII)\n|c|\u2606SirDannyDevitoII|glhf\n|c|\u2606stargobble|u2\n|c|\u2606SirDannyDevitoII|thx\n|inactive|stargobble has 270 seconds left.\n|inactiveoff|Battle timer is now OFF.\n|\n|t:|1699663379\n|start\n|switch|p1a: Bombirdier|Bombirdier, M|100\/100\n|switch|p2a: Dez Yarg|Zygarde-10%|100\/100\n|-ability|p2a: Dez Yarg|Aura Break\n|turn|1\n|\n|t:|1699663421\n|move|p2a: Dez Yarg|Thousand Arrows|p1a: Bombirdier\n|-damage|p1a: Bombirdier|14\/100\n|-start|p1a: Bombirdier|Smack Down\n|move|p1a: Bombirdier|Knock Off|p2a: Dez Yarg\n|-damage|p2a: Dez Yarg|0 fnt\n|-enditem|p2a: Dez Yarg|Choice Band|[from] move: Knock Off|[of] p1a: Bombirdier\n|faint|p2a: Dez Yarg\n|\n|upkeep\n|\n|t:|1699663438\n|switch|p2a: Nice Tat|Cetitan, M|100\/100\n|turn|2\n|\n|t:|1699663445\n|move|p2a: Nice Tat|Ice Shard|p1a: Bombirdier\n|-supereffective|p1a: Bombirdier\n|-damage|p1a: Bombirdier|0 fnt\n|faint|p1a: Bombirdier\n|\n|upkeep\n|\n|t:|1699663463\n|switch|p1a: Eelektross|Eelektross, M|100\/100\n|turn|3\n|\n|t:|1699663547\n|switch|p2a: Gus Renuri|Runerigus, M|100\/100\n|move|p1a: Eelektross|Volt Switch|p2a: Gus Renuri\n|-immune|p2a: Gus Renuri\n|\n|upkeep\n|turn|4\n|j| poliwog171\n|\n|t:|1699663575\n|move|p1a: Eelektross|Giga Drain|p2a: Gus Renuri\n|-supereffective|p2a: Gus Renuri\n|-damage|p2a: Gus Renuri|72\/100\n|move|p2a: Gus Renuri|Will-O-Wisp|p1a: Eelektross\n|-status|p1a: Eelektross|brn\n|\n|-heal|p2a: Gus Renuri|78\/100|[from] item: Leftovers\n|-damage|p1a: Eelektross|94\/100 brn|[from] brn\n|upkeep\n|turn|5\n|\n|t:|1699663614\n|switch|p2a: Rohth|Throh, M|100\/100\n|move|p1a: Eelektross|Flamethrower|p2a: Rohth\n|-damage|p2a: Rohth|90\/100\n|\n|-heal|p1a: Eelektross|100\/100 brn|[from] item: Leftovers\n|-damage|p1a: Eelektross|94\/100 brn|[from] brn\n|upkeep\n|turn|6\n|\n|t:|1699663623\n|move|p2a: Rohth|Power-Up Punch|p1a: Eelektross\n|-damage|p1a: Eelektross|82\/100 brn\n|-boost|p2a: Rohth|atk|1\n|move|p1a: Eelektross|Volt Switch|p2a: Rohth\n|-damage|p2a: Rohth|78\/100\n|\n|t:|1699663643\n|switch|p1a: Gurdurr|Gurdurr, M|100\/100|[from] Volt Switch\n|\n|upkeep\n|turn|7\n|\n|t:|1699663669\n|move|p2a: Rohth|Knock Off|p1a: Gurdurr\n|-resisted|p1a: Gurdurr\n|-damage|p1a: Gurdurr|88\/100\n|-enditem|p1a: Gurdurr|Eviolite|[from] move: Knock Off|[of] p2a: Rohth\n|move|p1a: Gurdurr|Bulk Up|p1a: Gurdurr\n|-boost|p1a: Gurdurr|atk|1\n|-boost|p1a: Gurdurr|def|1\n|\n|upkeep\n|turn|8\n|\n|t:|1699663718\n|move|p2a: Rohth|Poison Jab|p1a: Gurdurr\n|-damage|p1a: Gurdurr|67\/100\n|move|p1a: Gurdurr|Bulk Up|p1a: Gurdurr\n|-boost|p1a: Gurdurr|atk|1\n|-boost|p1a: Gurdurr|def|1\n|\n|upkeep\n|turn|9\n|\n|t:|1699663740\n|move|p2a: Rohth|Superpower|p1a: Gurdurr\n|-damage|p1a: Gurdurr|36\/100\n|-unboost|p2a: Rohth|atk|1\n|-unboost|p2a: Rohth|def|1\n|move|p1a: Gurdurr|Drain Punch|p2a: Rohth\n|-damage|p2a: Rohth|0 fnt\n|-heal|p1a: Gurdurr|82\/100|[from] drain|[of] p2a: Rohth\n|faint|p2a: Rohth\n|\n|upkeep\n|\n|t:|1699663785\n|switch|p2a: Obamas Won|Abomasnow, M|100\/100\n|-weather|Snow|[from] ability: Snow Warning|[of] p2a: Obamas Won\n|turn|10\n|\n|t:|1699663791\n|move|p1a: Gurdurr|Mach Punch|p2a: Obamas Won\n|-supereffective|p2a: Obamas Won\n|-damage|p2a: Obamas Won|44\/100\n|move|p2a: Obamas Won|Leaf Storm|p1a: Gurdurr|[miss]\n|-miss|p2a: Obamas Won|p1a: Gurdurr\n|\n|-weather|Snow|[upkeep]\n|upkeep\n|turn|11\n|c|\u2606stargobble|-_-\n|c|\u2606SirDannyDevitoII|that is tough\n|\n|t:|1699663815\n|switch|p2a: Gus Renuri|Runerigus, M|78\/100\n|move|p1a: Gurdurr|Mach Punch|p2a: Gus Renuri\n|-immune|p2a: Gus Renuri\n|\n|-weather|Snow|[upkeep]\n|-heal|p2a: Gus Renuri|84\/100|[from] item: Leftovers\n|upkeep\n|turn|12\n|\n|t:|1699663880\n|move|p1a: Gurdurr|Ice Punch|p2a: Gus Renuri\n|-supereffective|p2a: Gus Renuri\n|-damage|p2a: Gus Renuri|9\/100\n|-activate|p2a: Gus Renuri|ability: Wandering Spirit|Guts|Wandering Spirit|[of] p1a: Gurdurr\n|move|p2a: Gus Renuri|Will-O-Wisp|p1a: Gurdurr\n|-status|p1a: Gurdurr|brn\n|\n|-weather|Snow|[upkeep]\n|-heal|p2a: Gus Renuri|15\/100|[from] item: Leftovers\n|-damage|p1a: Gurdurr|76\/100 brn|[from] brn\n|upkeep\n|turn|13\n|\n|t:|1699663903\n|switch|p2a: Obamas Won|Abomasnow, M|44\/100\n|move|p1a: Gurdurr|Ice Punch|p2a: Obamas Won\n|-damage|p2a: Obamas Won|25\/100\n|\n|-weather|Snow|[upkeep]\n|-damage|p1a: Gurdurr|69\/100 brn|[from] brn\n|upkeep\n|turn|14\n|\n|t:|1699663914\n|move|p1a: Gurdurr|Mach Punch|p2a: Obamas Won\n|-supereffective|p2a: Obamas Won\n|-damage|p2a: Obamas Won|0 fnt\n|faint|p2a: Obamas Won\n|\n|-weather|none\n|-damage|p1a: Gurdurr|63\/100 brn|[from] brn\n|upkeep\n|\n|t:|1699663937\n|switch|p2a: Ian Quarud|Araquanid, M|100\/100\n|turn|15\n|\n|t:|1699663945\n|switch|p1a: Eelektross|Eelektross, M|82\/100 brn\n|move|p2a: Ian Quarud|Protect||[still]\n|-fail|p2a: Ian Quarud\n|\n|-heal|p1a: Eelektross|88\/100 brn|[from] item: Leftovers\n|-damage|p1a: Eelektross|82\/100 brn|[from] brn\n|upkeep\n|turn|16\n|\n|t:|1699663952\n|switch|p2a: Gus Renuri|Runerigus, M|15\/100\n|move|p1a: Eelektross|Volt Switch|p2a: Gus Renuri\n|-immune|p2a: Gus Renuri\n|\n|-heal|p1a: Eelektross|88\/100 brn|[from] item: Leftovers\n|-heal|p2a: Gus Renuri|22\/100|[from] item: Leftovers\n|-damage|p1a: Eelektross|82\/100 brn|[from] brn\n|upkeep\n|turn|17\n|\n|t:|1699663961\n|switch|p2a: Nice Tat|Cetitan, M|100\/100\n|move|p1a: Eelektross|Flamethrower|p2a: Nice Tat\n|-supereffective|p2a: Nice Tat\n|-damage|p2a: Nice Tat|51\/100\n|\n|-heal|p1a: Eelektross|88\/100 brn|[from] item: Leftovers\n|-damage|p1a: Eelektross|82\/100 brn|[from] brn\n|upkeep\n|turn|18\n|\n|t:|1699663969\n|move|p2a: Nice Tat|Ice Spinner|p1a: Eelektross\n|-damage|p1a: Eelektross|55\/100 brn\n|move|p1a: Eelektross|Volt Switch|p2a: Nice Tat\n|-damage|p2a: Nice Tat|21\/100\n|-enditem|p2a: Nice Tat|Sitrus Berry|[eat]\n|-heal|p2a: Nice Tat|46\/100|[from] item: Sitrus Berry\n|\n|t:|1699663976\n|switch|p1a: Gurdurr|Gurdurr, M|63\/100 brn|[from] Volt Switch\n|\n|-damage|p1a: Gurdurr|57\/100 brn|[from] brn\n|upkeep\n|turn|19\n|\n|t:|1699663997\n|switch|p2a: Gus Renuri|Runerigus, M|22\/100\n|move|p1a: Gurdurr|Drain Punch|p2a: Gus Renuri\n|-immune|p2a: Gus Renuri\n|\n|-heal|p2a: Gus Renuri|28\/100|[from] item: Leftovers\n|-damage|p1a: Gurdurr|51\/100 brn|[from] brn\n|upkeep\n|turn|20\n|\n|t:|1699664014\n|switch|p2a: Nice Tat|Cetitan, M|46\/100\n|move|p1a: Gurdurr|Ice Punch|p2a: Nice Tat\n|-resisted|p2a: Nice Tat\n|-damage|p2a: Nice Tat|30\/100\n|\n|-damage|p1a: Gurdurr|45\/100 brn|[from] brn\n|upkeep\n|turn|21\n|\n|t:|1699664021\n|switch|p2a: Ian Quarud|Araquanid, M|100\/100\n|move|p1a: Gurdurr|Mach Punch|p2a: Ian Quarud\n|-resisted|p2a: Ian Quarud\n|-damage|p2a: Ian Quarud|90\/100\n|\n|-heal|p2a: Ian Quarud|96\/100|[from] item: Leftovers\n|-damage|p1a: Gurdurr|39\/100 brn|[from] brn\n|upkeep\n|turn|22\n|\n|t:|1699664033\n|switch|p1a: Swampert|Swampert, M|100\/100\n|move|p2a: Ian Quarud|Liquidation|p1a: Swampert\n|-damage|p1a: Swampert|70\/100\n|-unboost|p1a: Swampert|def|1\n|\n|-heal|p1a: Swampert|76\/100|[from] item: Leftovers\n|-heal|p2a: Ian Quarud|100\/100|[from] item: Leftovers\n|upkeep\n|turn|23\n|\n|t:|1699664050\n|move|p1a: Swampert|Flip Turn|p2a: Ian Quarud\n|-resisted|p2a: Ian Quarud\n|-damage|p2a: Ian Quarud|93\/100\n|\n|t:|1699664053\n|switch|p1a: Eelektross|Eelektross, M|55\/100 brn|[from] Flip Turn\n|move|p2a: Ian Quarud|Liquidation|p1a: Eelektross\n|-damage|p1a: Eelektross|22\/100 brn\n|\n|-heal|p1a: Eelektross|28\/100 brn|[from] item: Leftovers\n|-heal|p2a: Ian Quarud|99\/100|[from] item: Leftovers\n|-damage|p1a: Eelektross|22\/100 brn|[from] brn\n|upkeep\n|turn|24\n|\n|t:|1699664062\n|move|p2a: Ian Quarud|Protect|p2a: Ian Quarud\n|-singleturn|p2a: Ian Quarud|Protect\n|move|p1a: Eelektross|Giga Drain|p2a: Ian Quarud\n|-activate|p2a: Ian Quarud|move: Protect\n|\n|-heal|p1a: Eelektross|28\/100 brn|[from] item: Leftovers\n|-heal|p2a: Ian Quarud|100\/100|[from] item: Leftovers\n|-damage|p1a: Eelektross|22\/100 brn|[from] brn\n|upkeep\n|turn|25\n|\n|t:|1699664085\n|switch|p2a: Nice Tat|Cetitan, M|30\/100\n|move|p1a: Eelektross|Volt Switch|p2a: Nice Tat\n|-damage|p2a: Nice Tat|3\/100\n|\n|t:|1699664091\n|switch|p1a: Morpeko|Morpeko, M|100\/100|[from] Volt Switch\n|\n|-formechange|p1a: Morpeko|Morpeko-Hangry||[from] ability: Hunger Switch\n|upkeep\n|turn|26\n|\n|t:|1699664098\n|move|p2a: Nice Tat|Ice Shard|p1a: Morpeko\n|-damage|p1a: Morpeko|61\/100\n|move|p1a: Morpeko|Aura Wheel|p2a: Nice Tat\n|-damage|p2a: Nice Tat|0 fnt\n|-boost|p1a: Morpeko|spe|1\n|faint|p2a: Nice Tat\n|\n|-formechange|p1a: Morpeko|Morpeko||[from] ability: Hunger Switch\n|upkeep\n|\n|t:|1699664112\n|switch|p2a: Gus Renuri|Runerigus, M|28\/100\n|turn|27\n|\n|t:|1699664125\n|move|p1a: Morpeko|Protect|p1a: Morpeko\n|-singleturn|p1a: Morpeko|Protect\n|move|p2a: Gus Renuri|Body Press|p1a: Morpeko\n|-activate|p1a: Morpeko|move: Protect\n|\n|-heal|p2a: Gus Renuri|34\/100|[from] item: Leftovers\n|-formechange|p1a: Morpeko|Morpeko-Hangry||[from] ability: Hunger Switch\n|upkeep\n|turn|28\n|\n|t:|1699664132\n|move|p1a: Morpeko|Aura Wheel|p2a: Gus Renuri\n|-supereffective|p2a: Gus Renuri\n|-damage|p2a: Gus Renuri|0 fnt\n|-boost|p1a: Morpeko|spe|1\n|faint|p2a: Gus Renuri\n|\n|-formechange|p1a: Morpeko|Morpeko||[from] ability: Hunger Switch\n|upkeep\n|\n|t:|1699664136\n|switch|p2a: Ian Quarud|Araquanid, M|100\/100\n|turn|29\n|\n|t:|1699664141\n|move|p1a: Morpeko|Aura Wheel|p2a: Ian Quarud\n|-supereffective|p2a: Ian Quarud\n|-crit|p2a: Ian Quarud\n|-damage|p2a: Ian Quarud|0 fnt\n|-boost|p1a: Morpeko|spe|1\n|faint|p2a: Ian Quarud\n|\n|win|SirDannyDevitoII\n|c|\u2606SirDannyDevitoII|gg\n|l| poliwog171\n|c|\u2606stargobble|man\n|c|\u2606stargobble|idk how mach punch killed\n|c|\u2606stargobble|I took away guts and burned you\n|c|\u2606stargobble|must have high rolled\n|c|\u2606stargobble|that leaf storm miss cost me the game\n|c|\u2606SirDannyDevitoII|I was still x2 atk tho. That definitely helped\n|c|\u2606SirDannyDevitoII|Ya, leaf storm miss was very unfortunate\n|c|\u2606SirDannyDevitoII|Different game if that hit\n","uploadtime":1699664150,"views":9,"p1id":"sirdannydevitoii","p2id":"stargobble","formatid":"gen9nationaldex","rating":0,"private":0,"password":""}