{"id":"gen9nationaldex-1987906040","p1":"Luninja11","p2":"Player 723456","format":"[Gen 9] National Dex","log":"|j|\u2606Luninja11\n|j|\u2606Player 723456\n|t:|1699647857\n|gametype|singles\n|player|p1|Luninja11|hilbert|1046\n|player|p2|Player 723456|lucas|1000\n|teamsize|p1|6\n|teamsize|p2|6\n|gen|9\n|tier|[Gen 9] National Dex\n|rated|\n|rule|HP Percentage Mod: HP is shown in percentages\n|rule|Endless Battle Clause: Forcing endless battles is banned\n|rule|OHKO Clause: OHKO moves are banned\n|rule|Evasion Clause: Evasion abilities, items, and moves are banned\n|rule|Evasion Abilities Clause: Evasion abilities are banned\n|rule|Evasion Items Clause: Evasion items are banned\n|rule|Evasion Moves Clause: Evasion moves are banned\n|rule|Species Clause: Limit one of each Pok\u00e9mon\n|rule|Sleep Clause Mod: Limit one foe put to sleep\n|clearpoke\n|poke|p1|Serperior, M|\n|poke|p1|Unfezant, M|\n|poke|p1|Krookodile, M|\n|poke|p1|Darmanitan, M|\n|poke|p1|Eelektross, F|\n|poke|p1|Druddigon, M|\n|poke|p2|Furret, F|\n|poke|p2|Hawlucha, F|\n|poke|p2|Incineroar, F|\n|poke|p2|Feraligatr, M|\n|poke|p2|Serperior, M|\n|poke|p2|Duraludon, M|\n|teampreview\n|\n|t:|1699647868\n|start\n|switch|p1a: Tyna|Eelektross, F|100\/100\n|switch|p2a: Duraludon|Duraludon, M|100\/100\n|turn|1\n|\n|t:|1699647884\n|move|p1a: Tyna|Coil|p1a: Tyna\n|-boost|p1a: Tyna|atk|1\n|-boost|p1a: Tyna|def|1\n|-boost|p1a: Tyna|accuracy|1\n|move|p2a: Duraludon|Dragon Tail|p1a: Tyna\n|-damage|p1a: Tyna|83\/100\n|drag|p1a: Pido|Unfezant, M|100\/100\n|\n|upkeep\n|turn|2\n|\n|t:|1699647905\n|move|p1a: Pido|Focus Energy|p1a: Pido\n|-start|p1a: Pido|move: Focus Energy\n|move|p2a: Duraludon|Heavy Slam|p1a: Pido\n|-crit|p1a: Pido\n|-damage|p1a: Pido|51\/100\n|\n|upkeep\n|turn|3\n|\n|t:|1699647919\n|move|p1a: Pido|Brave Bird|p2a: Duraludon\n|-resisted|p2a: Duraludon\n|-crit|p2a: Duraludon\n|-damage|p2a: Duraludon|55\/100\n|-damage|p1a: Pido|37\/100|[from] Recoil\n|move|p2a: Duraludon|Heavy Slam|p1a: Pido\n|-damage|p1a: Pido|0 fnt\n|faint|p1a: Pido\n|\n|upkeep\n|\n|t:|1699647930\n|switch|p1a: Daru|Darmanitan, M|100\/100\n|turn|4\n|\n|t:|1699647940\n|move|p2a: Duraludon|Body Press|p1a: Daru\n|-damage|p1a: Daru|79\/100\n|move|p1a: Daru|Brick Break|p2a: Duraludon\n|-supereffective|p2a: Duraludon\n|-damage|p2a: Duraludon|0 fnt\n|faint|p2a: Duraludon\n|\n|-heal|p1a: Daru|85\/100|[from] item: Leftovers\n|upkeep\n|\n|t:|1699647957\n|switch|p2a: Feraligatr|Feraligatr, M|100\/100\n|turn|5\n|\n|t:|1699647962\n|switch|p1a: Sny|Serperior, M|100\/100\n|move|p2a: Feraligatr|Waterfall|p1a: Sny\n|-resisted|p1a: Sny\n|-damage|p1a: Sny|62\/100\n|\n|upkeep\n|turn|6\n|\n|t:|1699647971\n|-terastallize|p2a: Feraligatr|Dark\n|move|p1a: Sny|Calm Mind|p1a: Sny\n|-boost|p1a: Sny|spa|1\n|-boost|p1a: Sny|spd|1\n|move|p2a: Feraligatr|Dragon Dance|p2a: Feraligatr\n|-boost|p2a: Feraligatr|atk|1\n|-boost|p2a: Feraligatr|spe|1\n|\n|upkeep\n|turn|7\n|\n|t:|1699647980\n|move|p2a: Feraligatr|Crunch|p1a: Sny\n|-damage|p1a: Sny|0 fnt\n|faint|p1a: Sny\n|\n|upkeep\n|\n|t:|1699647985\n|switch|p1a: Drud|Druddigon, M|100\/100\n|turn|8\n|\n|t:|1699647990\n|move|p2a: Feraligatr|Crunch|p1a: Drud\n|-damage|p1a: Drud|4\/100\n|-damage|p2a: Feraligatr|88\/100|[from] ability: Rough Skin|[of] p1a: Drud\n|-damage|p2a: Feraligatr|72\/100|[from] item: Rocky Helmet|[of] p1a: Drud\n|move|p1a: Drud|Dragon Claw|p2a: Feraligatr\n|-damage|p2a: Feraligatr|23\/100\n|\n|upkeep\n|turn|9\n|\n|t:|1699647999\n|move|p1a: Drud|Sucker Punch|p2a: Feraligatr\n|-resisted|p2a: Feraligatr\n|-damage|p2a: Feraligatr|9\/100\n|move|p2a: Feraligatr|Crunch|p1a: Drud\n|-damage|p1a: Drud|0 fnt\n|-damage|p2a: Feraligatr|0 fnt|[from] ability: Rough Skin|[of] p1a: Drud\n|faint|p1a: Drud\n|faint|p2a: Feraligatr\n|\n|upkeep\n|\n|t:|1699648015\n|switch|p2a: Incineroar|Incineroar, F|100\/100\n|switch|p1a: Tyna|Eelektross, F|83\/100\n|-ability|p2a: Incineroar|Intimidate|boost\n|-unboost|p1a: Tyna|atk|1\n|turn|10\n|\n|t:|1699648022\n|move|p2a: Incineroar|Bulk Up|p2a: Incineroar\n|-boost|p2a: Incineroar|atk|1\n|-boost|p2a: Incineroar|def|1\n|move|p1a: Tyna|Coil|p1a: Tyna\n|-boost|p1a: Tyna|atk|1\n|-boost|p1a: Tyna|def|1\n|-boost|p1a: Tyna|accuracy|1\n|\n|-heal|p1a: Tyna|90\/100|[from] item: Leftovers\n|upkeep\n|turn|11\n|\n|t:|1699648032\n|move|p2a: Incineroar|Flame Charge|p1a: Tyna\n|-damage|p1a: Tyna|64\/100\n|-boost|p2a: Incineroar|spe|1\n|move|p1a: Tyna|Liquidation|p2a: Incineroar\n|-supereffective|p2a: Incineroar\n|-damage|p2a: Incineroar|52\/100\n|-unboost|p2a: Incineroar|def|1\n|-enditem|p2a: Incineroar|Weakness Policy\n|-boost|p2a: Incineroar|atk|2|[from] item: Weakness Policy\n|-boost|p2a: Incineroar|spa|2|[from] item: Weakness Policy\n|\n|-heal|p1a: Tyna|70\/100|[from] item: Leftovers\n|upkeep\n|turn|12\n|\n|t:|1699648045\n|move|p2a: Incineroar|Power Trip|p1a: Tyna\n|-damage|p1a: Tyna|0 fnt\n|faint|p1a: Tyna\n|\n|upkeep\n|\n|t:|1699648051\n|switch|p1a: Dil|Krookodile, M|100\/100\n|turn|13\n|\n|t:|1699648055\n|move|p2a: Incineroar|Drain Punch|p1a: Dil\n|-supereffective|p1a: Dil\n|-damage|p1a: Dil|0 fnt\n|-heal|p2a: Incineroar|100\/100|[from] drain|[of] p1a: Dil\n|faint|p1a: Dil\n|\n|upkeep\n|\n|t:|1699648061\n|switch|p1a: Daru|Darmanitan, M|85\/100\n|turn|14\n|\n|t:|1699648065\n|move|p2a: Incineroar|Power Trip|p1a: Daru\n|-damage|p1a: Daru|0 fnt\n|faint|p1a: Daru\n|\n|win|Player 723456\n|raw|Luninja11's rating: 1046 &rarr; <strong>1027<\/strong><br \/>(-19 for losing)\n|raw|Player 723456's rating: 1000 &rarr; <strong>1045<\/strong><br \/>(+45 for winning)\n|l|\u2606Luninja11\n","uploadtime":1699648075,"views":29,"p1id":"luninja11","p2id":"player723456","formatid":"gen9nationaldex","rating":1027,"private":0,"password":""}