{"id":"gen9nationaldex-1989782997","p1":"YKY_KING","p2":"fros45","format":"[Gen 9] National Dex","log":"|j|\u2606YKY_KING\n|j|\u2606fros45\n|t:|1699895355\n|gametype|singles\n|player|p1|YKY_KING|dawn|\n|player|p2|fros45|cyclistf-gen4|\n|teamsize|p1|6\n|teamsize|p2|6\n|gen|9\n|tier|[Gen 9] National Dex\n|rule|HP Percentage Mod: HP is shown in percentages\n|rule|Endless Battle Clause: Forcing endless battles is banned\n|rule|OHKO Clause: OHKO moves are banned\n|rule|Evasion Clause: Evasion abilities, items, and moves are banned\n|rule|Evasion Abilities Clause: Evasion abilities are banned\n|rule|Evasion Items Clause: Evasion items are banned\n|rule|Evasion Moves Clause: Evasion moves are banned\n|rule|Species Clause: Limit one of each Pok\u00e9mon\n|rule|Sleep Clause Mod: Limit one foe put to sleep\n|clearpoke\n|poke|p1|Scizor, F|\n|poke|p1|Iron Valiant|\n|poke|p1|Zapdos|\n|poke|p1|Garchomp, F|\n|poke|p1|Slowbro, M|\n|poke|p1|Iron Moth|\n|poke|p2|Great Tusk|\n|poke|p2|Muk-Alola, F|\n|poke|p2|Tyranitar, M|\n|poke|p2|Ursaluna, M|\n|poke|p2|Dracozolt|\n|poke|p2|Toxtricity, F|\n|teampreview\n|inactive|Battle timer is ON: inactive players will automatically lose when time's up. (requested by fros45)\n|c|\u2606YKY_KING|Bol \u015fans\n|c|\u2606fros45|bol \u015fans\n|inactiveoff|Battle timer is now OFF.\n|\n|t:|1699895379\n|start\n|switch|p1a: Iron Valiant|Iron Valiant|100\/100\n|switch|p2a: Muk|Muk-Alola, F|100\/100\n|turn|1\n|\n|t:|1699895393\n|-end|p1a: Iron Valiant|Quark Drive|[silent]\n|switch|p1a: Scizor|Scizor, F|100\/100\n|move|p2a: Muk|Ice Punch|p1a: Scizor\n|-resisted|p1a: Scizor\n|-damage|p1a: Scizor|95\/100\n|\n|upkeep\n|turn|2\n|\n|t:|1699895406\n|detailschange|p1a: Scizor|Scizor-Mega, F\n|-mega|p1a: Scizor|Scizor|Scizorite\n|move|p1a: Scizor|U-turn|p2a: Muk\n|-damage|p2a: Muk|64\/100\n|\n|t:|1699895413\n|switch|p1a: Garchomp|Garchomp, F|100\/100|[from] U-turn\n|move|p2a: Muk|Fire Punch|p1a: Garchomp\n|-resisted|p1a: Garchomp\n|-damage|p1a: Garchomp|92\/100\n|-damage|p2a: Muk|51\/100|[from] ability: Rough Skin|[of] p1a: Garchomp\n|\n|upkeep\n|turn|3\n|\n|t:|1699895427\n|switch|p2a: Great Tusk|Great Tusk|100\/100\n|move|p1a: Garchomp|Earthquake|p2a: Great Tusk\n|-damage|p2a: Great Tusk|75\/100\n|\n|upkeep\n|turn|4\n|\n|t:|1699895439\n|switch|p1a: Zapdos|Zapdos|100\/100\n|-ability|p1a: Zapdos|Pressure\n|move|p2a: Great Tusk|Stealth Rock|p1a: Zapdos\n|-sidestart|p1: YKY_KING|move: Stealth Rock\n|\n|upkeep\n|turn|5\n|\n|t:|1699895447\n|-end|p2a: Great Tusk|Protosynthesis|[silent]\n|switch|p2a: Tyranitar|Tyranitar, M|100\/100\n|-weather|Sandstorm|[from] ability: Sand Stream|[of] p2a: Tyranitar\n|move|p1a: Zapdos|Heat Wave|p2a: Tyranitar\n|-resisted|p2a: Tyranitar\n|-damage|p2a: Tyranitar|94\/100\n|\n|-weather|Sandstorm|[upkeep]\n|-damage|p1a: Zapdos|94\/100|[from] Sandstorm\n|-heal|p1a: Zapdos|100\/100|[from] item: Leftovers\n|upkeep\n|turn|6\n|\n|t:|1699895459\n|move|p1a: Zapdos|U-turn|p2a: Tyranitar\n|-supereffective|p2a: Tyranitar\n|-damage|p2a: Tyranitar|73\/100\n|\n|t:|1699895462\n|switch|p1a: Scizor|Scizor-Mega, F|95\/100|[from] U-turn\n|-damage|p1a: Scizor|82\/100|[from] Stealth Rock\n|move|p2a: Tyranitar|Dragon Tail|p1a: Scizor|[miss]\n|-miss|p2a: Tyranitar|p1a: Scizor\n|\n|-weather|Sandstorm|[upkeep]\n|upkeep\n|turn|7\n|\n|t:|1699895472\n|switch|p2a: Dracozolt|Dracozolt|100\/100\n|move|p1a: Scizor|Bullet Punch|p2a: Dracozolt\n|-resisted|p2a: Dracozolt\n|-damage|p2a: Dracozolt|84\/100\n|\n|-weather|Sandstorm|[upkeep]\n|upkeep\n|turn|8\n|\n|t:|1699895480\n|move|p2a: Dracozolt|Bolt Beak|p1a: Scizor\n|-damage|p1a: Scizor|19\/100\n|move|p1a: Scizor|U-turn|p2a: Dracozolt\n|-damage|p2a: Dracozolt|42\/100\n|\n|t:|1699895488\n|switch|p1a: Garchomp|Garchomp, F|92\/100|[from] U-turn\n|-damage|p1a: Garchomp|86\/100|[from] Stealth Rock\n|\n|-weather|Sandstorm|[upkeep]\n|upkeep\n|turn|9\n|\n|t:|1699895499\n|switch|p2a: Ursaluna|Ursaluna, M|100\/100\n|move|p1a: Garchomp|Swords Dance|p1a: Garchomp\n|-boost|p1a: Garchomp|atk|2\n|\n|-weather|Sandstorm|[upkeep]\n|-status|p2a: Ursaluna|brn|[from] item: Flame Orb\n|upkeep\n|turn|10\n|\n|t:|1699895511\n|-zpower|p1a: Garchomp\n|move|p1a: Garchomp|Devastating Drake|p2a: Ursaluna|[zeffect]\n|-damage|p2a: Ursaluna|0 fnt\n|faint|p2a: Ursaluna\n|\n|-weather|Sandstorm|[upkeep]\n|upkeep\n|\n|t:|1699895523\n|switch|p2a: Dracozolt|Dracozolt|42\/100\n|turn|11\n|\n|t:|1699895528\n|move|p2a: Dracozolt|Bolt Beak|p1a: Garchomp\n|-immune|p1a: Garchomp\n|move|p1a: Garchomp|Scale Shot|p2a: Dracozolt\n|-supereffective|p2a: Dracozolt\n|-damage|p2a: Dracozolt|0 fnt\n|faint|p2a: Dracozolt\n|-hitcount|p2: Dracozolt|1\n|-unboost|p1a: Garchomp|def|1\n|-boost|p1a: Garchomp|spe|1\n|\n|-weather|Sandstorm|[upkeep]\n|upkeep\n|\n|t:|1699895536\n|switch|p2a: Tyranitar|Tyranitar, M|73\/100\n|turn|12\n|\n|t:|1699895544\n|-terastallize|p2a: Tyranitar|Ghost\n|move|p1a: Garchomp|Earthquake|p2a: Tyranitar\n|-damage|p2a: Tyranitar|0 fnt\n|faint|p2a: Tyranitar\n|\n|-weather|none\n|upkeep\n|\n|t:|1699895549\n|switch|p2a: Great Tusk|Great Tusk|75\/100\n|turn|13\n|\n|t:|1699895556\n|move|p1a: Garchomp|Earthquake|p2a: Great Tusk\n|-damage|p2a: Great Tusk|25\/100\n|move|p2a: Great Tusk|Body Press|p1a: Garchomp\n|-damage|p1a: Garchomp|22\/100\n|-damage|p2a: Great Tusk|12\/100|[from] ability: Rough Skin|[of] p1a: Garchomp\n|\n|upkeep\n|turn|14\n|\n|t:|1699895565\n|move|p1a: Garchomp|Earthquake|p2a: Great Tusk\n|-damage|p2a: Great Tusk|0 fnt\n|faint|p2a: Great Tusk\n|-end|p2a: Great Tusk|Protosynthesis|[silent]\n|\n|upkeep\n|\n|t:|1699895567\n|switch|p2a: Toxtricity|Toxtricity, F|100\/100\n|turn|15\n|\n|t:|1699895572\n|move|p1a: Garchomp|Earthquake|p2a: Toxtricity\n|-supereffective|p2a: Toxtricity\n|-damage|p2a: Toxtricity|0 fnt\n|faint|p2a: Toxtricity\n|\n|upkeep\n|\n|t:|1699895574\n|switch|p2a: Muk|Muk-Alola, F|51\/100\n|turn|16\n|\n|t:|1699895580\n|move|p1a: Garchomp|Earthquake|p2a: Muk\n|-supereffective|p2a: Muk\n|-damage|p2a: Muk|0 fnt\n|faint|p2a: Muk\n|\n|win|YKY_KING\n|c|\u2606fros45|gg\n|c|\u2606YKY_KING|Gg\n|c|\u2606YKY_KING|Bi daha yapcaz demi\n|c|\u2606fros45|olabilir\n|c|\u2606fros45|rozetim bitmedi galiba\n|c|\u2606YKY_KING|Dur \u015funu atam\n","uploadtime":1699895587,"views":4,"p1id":"ykyking","p2id":"fros45","formatid":"gen9nationaldex","rating":0,"private":0,"password":""}