{"id":"gen9nationaldex-1988880120","p1":"Kluud","p2":"Elite Sabrina","format":"[Gen 9] National Dex","log":"|j|\u2606Kluud\n|j|\u2606Elite Sabrina\n|t:|1699779898\n|gametype|singles\n|player|p1|Kluud|blackbelt-gen4dp|1591\n|player|p2|Elite Sabrina|sabrina-gen3|1674\n|teamsize|p1|6\n|teamsize|p2|6\n|gen|9\n|tier|[Gen 9] National Dex\n|rated|\n|rule|HP Percentage Mod: HP is shown in percentages\n|rule|Endless Battle Clause: Forcing endless battles is banned\n|rule|OHKO Clause: OHKO moves are banned\n|rule|Evasion Clause: Evasion abilities, items, and moves are banned\n|rule|Evasion Abilities Clause: Evasion abilities are banned\n|rule|Evasion Items Clause: Evasion items are banned\n|rule|Evasion Moves Clause: Evasion moves are banned\n|rule|Species Clause: Limit one of each Pok\u00e9mon\n|rule|Sleep Clause Mod: Limit one foe put to sleep\n|clearpoke\n|poke|p1|Toxapex, F|\n|poke|p1|Landorus-Therian, M|\n|poke|p1|Iron Valiant|\n|poke|p1|Tapu Lele|\n|poke|p1|Tornadus-Therian, M|\n|poke|p1|Scizor, M|\n|poke|p2|Gardevoir, F|\n|poke|p2|Ceruledge, F|\n|poke|p2|Breloom, F|\n|poke|p2|Latias, F|\n|poke|p2|Corviknight, F|\n|poke|p2|Clodsire, F|\n|teampreview\n|inactive|Battle timer is ON: inactive players will automatically lose when time's up. (requested by Kluud)\n|c|\u2606Elite Sabrina|gl hf\n|\n|t:|1699779916\n|start\n|switch|p1a: Tornadus|Tornadus-Therian, M|100\/100\n|switch|p2a: Latias|Latias, F, shiny|100\/100\n|turn|1\n|\n|t:|1699779919\n|detailschange|p2a: Latias|Latias-Mega, F, shiny\n|-mega|p2a: Latias|Latias|Latiasite\n|move|p1a: Tornadus|U-turn|p2a: Latias\n|-supereffective|p2a: Latias\n|-damage|p2a: Latias|81\/100\n|\n|t:|1699779926\n|switch|p1a: Toxapex|Toxapex, F|100\/100|[from] U-turn\n|move|p2a: Latias|Ice Beam|p1a: Toxapex\n|-resisted|p1a: Toxapex\n|-damage|p1a: Toxapex|89\/100\n|\n|-heal|p1a: Toxapex|95\/100|[from] item: Leftovers\n|upkeep\n|turn|2\n|\n|t:|1699779930\n|switch|p2a: Clodsire|Clodsire, F|100\/100\n|move|p1a: Toxapex|Toxic|p2a: Clodsire\n|-immune|p2a: Clodsire\n|\n|-heal|p1a: Toxapex|100\/100|[from] item: Leftovers\n|upkeep\n|turn|3\n|\n|t:|1699779934\n|switch|p1a: Landorus|Landorus-Therian, M|100\/100\n|-ability|p1a: Landorus|Intimidate|boost\n|-unboost|p2a: Clodsire|atk|1\n|move|p2a: Clodsire|Stealth Rock|p1a: Landorus\n|-sidestart|p1: Kluud|move: Stealth Rock\n|\n|upkeep\n|turn|4\n|\n|t:|1699779938\n|switch|p2a: Latias|Latias-Mega, F, shiny|81\/100\n|move|p1a: Landorus|Stealth Rock|p2a: Latias\n|-sidestart|p2: Elite Sabrina|move: Stealth Rock\n|\n|upkeep\n|turn|5\n|\n|t:|1699779941\n|switch|p1a: Toxapex|Toxapex, F|100\/100\n|-damage|p1a: Toxapex|88\/100|[from] Stealth Rock\n|move|p2a: Latias|Ice Beam|p1a: Toxapex\n|-resisted|p1a: Toxapex\n|-damage|p1a: Toxapex|75\/100\n|\n|-heal|p1a: Toxapex|81\/100|[from] item: Leftovers\n|upkeep\n|turn|6\n|\n|t:|1699779944\n|switch|p2a: Clodsire|Clodsire, F|100\/100\n|-damage|p2a: Clodsire|94\/100|[from] Stealth Rock\n|move|p1a: Toxapex|Scald|p2a: Clodsire\n|-supereffective|p2a: Clodsire\n|-damage|p2a: Clodsire|77\/100\n|\n|-heal|p1a: Toxapex|87\/100|[from] item: Leftovers\n|-heal|p2a: Clodsire|83\/100|[from] item: Leftovers\n|upkeep\n|turn|7\n|\n|t:|1699779948\n|move|p1a: Toxapex|Scald|p2a: Clodsire\n|-supereffective|p2a: Clodsire\n|-damage|p2a: Clodsire|65\/100\n|move|p2a: Clodsire|Earthquake|p1a: Toxapex\n|-supereffective|p1a: Toxapex\n|-damage|p1a: Toxapex|56\/100\n|\n|-heal|p1a: Toxapex|62\/100|[from] item: Leftovers\n|-heal|p2a: Clodsire|71\/100|[from] item: Leftovers\n|upkeep\n|turn|8\n|\n|t:|1699779950\n|move|p1a: Toxapex|Scald|p2a: Clodsire\n|-supereffective|p2a: Clodsire\n|-damage|p2a: Clodsire|51\/100\n|move|p2a: Clodsire|Toxic|p1a: Toxapex\n|-immune|p1a: Toxapex\n|\n|-heal|p1a: Toxapex|68\/100|[from] item: Leftovers\n|-heal|p2a: Clodsire|57\/100|[from] item: Leftovers\n|upkeep\n|turn|9\n|\n|t:|1699779954\n|switch|p1a: Landorus|Landorus-Therian, M|100\/100\n|-damage|p1a: Landorus|88\/100|[from] Stealth Rock\n|-ability|p1a: Landorus|Intimidate|boost\n|-unboost|p2a: Clodsire|atk|1\n|move|p2a: Clodsire|Earthquake|p1a: Landorus\n|-immune|p1a: Landorus\n|\n|-heal|p1a: Landorus|94\/100|[from] item: Leftovers\n|-heal|p2a: Clodsire|63\/100|[from] item: Leftovers\n|upkeep\n|turn|10\n|\n|t:|1699779957\n|switch|p2a: Corviknight|Corviknight, F, shiny|100\/100\n|-damage|p2a: Corviknight|88\/100|[from] Stealth Rock\n|-ability|p2a: Corviknight|Pressure\n|move|p1a: Landorus|U-turn|p2a: Corviknight\n|-resisted|p2a: Corviknight\n|-damage|p2a: Corviknight|85\/100\n|-damage|p1a: Landorus|78\/100|[from] item: Rocky Helmet|[of] p2a: Corviknight\n|\n|t:|1699779965\n|switch|p1a: Toxapex|Toxapex, F|100\/100|[from] U-turn\n|-damage|p1a: Toxapex|88\/100|[from] Stealth Rock\n|\n|-heal|p1a: Toxapex|94\/100|[from] item: Leftovers\n|upkeep\n|turn|11\n|\n|t:|1699779971\n|switch|p2a: Breloom|Breloom, F|100\/100\n|-damage|p2a: Breloom|94\/100|[from] Stealth Rock\n|move|p1a: Toxapex|Scald|p2a: Breloom\n|-resisted|p2a: Breloom\n|-crit|p2a: Breloom\n|-damage|p2a: Breloom|68\/100\n|\n|-heal|p1a: Toxapex|100\/100|[from] item: Leftovers\n|upkeep\n|turn|12\n|j| YJLF2\n|l| YJLF2\n|\n|t:|1699779977\n|move|p2a: Breloom|Spore|p1a: Toxapex\n|-status|p1a: Toxapex|slp|[from] move: Spore\n|cant|p1a: Toxapex|slp\n|\n|upkeep\n|turn|13\n|\n|t:|1699779979\n|switch|p1a: Scizor|Scizor, M|100\/100\n|-damage|p1a: Scizor|88\/100|[from] Stealth Rock\n|move|p2a: Breloom|Bullet Seed|p1a: Scizor\n|-resisted|p1a: Scizor\n|-damage|p1a: Scizor|84\/100\n|-resisted|p1a: Scizor\n|-damage|p1a: Scizor|79\/100\n|-resisted|p1a: Scizor\n|-damage|p1a: Scizor|75\/100\n|-resisted|p1a: Scizor\n|-damage|p1a: Scizor|70\/100\n|-resisted|p1a: Scizor\n|-damage|p1a: Scizor|65\/100\n|-hitcount|p1a: Scizor|5\n|\n|upkeep\n|turn|14\n|\n|t:|1699779983\n|detailschange|p1a: Scizor|Scizor-Mega, M\n|-mega|p1a: Scizor|Scizor|Scizorite\n|-terastallize|p2a: Breloom|Fighting\n|move|p2a: Breloom|Close Combat|p1a: Scizor\n|-damage|p1a: Scizor|0 fnt\n|-unboost|p2a: Breloom|def|1\n|-unboost|p2a: Breloom|spd|1\n|faint|p1a: Scizor\n|\n|upkeep\n|\n|t:|1699779991\n|switch|p1a: Tornadus|Tornadus-Therian, M|100\/100\n|turn|15\n|\n|t:|1699779995\n|switch|p2a: Clodsire|Clodsire, F|63\/100\n|-damage|p2a: Clodsire|57\/100|[from] Stealth Rock\n|move|p1a: Tornadus|Knock Off|p2a: Clodsire\n|-crit|p2a: Clodsire\n|-damage|p2a: Clodsire|21\/100\n|-enditem|p2a: Clodsire|Leftovers|[from] move: Knock Off|[of] p1a: Tornadus\n|\n|upkeep\n|turn|16\n|\n|t:|1699780000\n|move|p1a: Tornadus|Bleakwind Storm|p2a: Clodsire|[miss]\n|-miss|p1a: Tornadus|p2a: Clodsire\n|move|p2a: Clodsire|Recover|p2a: Clodsire\n|-heal|p2a: Clodsire|71\/100\n|\n|upkeep\n|turn|17\n|\n|t:|1699780005\n|move|p1a: Tornadus|U-turn|p2a: Clodsire\n|-resisted|p2a: Clodsire\n|-damage|p2a: Clodsire|63\/100\n|\n|t:|1699780007\n|switch|p1a: Toxapex|Toxapex, F|100\/100 slp|[from] U-turn\n|-damage|p1a: Toxapex|88\/100 slp|[from] Stealth Rock\n|move|p2a: Clodsire|Toxic||[still]\n|-fail|p2a: Clodsire\n|\n|-heal|p1a: Toxapex|94\/100 slp|[from] item: Leftovers\n|upkeep\n|turn|18\n|\n|t:|1699780010\n|cant|p1a: Toxapex|slp\n|move|p2a: Clodsire|Earthquake|p1a: Toxapex\n|-supereffective|p1a: Toxapex\n|-damage|p1a: Toxapex|63\/100 slp\n|\n|-heal|p1a: Toxapex|69\/100 slp|[from] item: Leftovers\n|upkeep\n|turn|19\n|\n|t:|1699780012\n|-curestatus|p1a: Toxapex|slp|[msg]\n|move|p1a: Toxapex|Scald|p2a: Clodsire\n|-supereffective|p2a: Clodsire\n|-damage|p2a: Clodsire|44\/100\n|move|p2a: Clodsire|Earthquake|p1a: Toxapex\n|-supereffective|p1a: Toxapex\n|-damage|p1a: Toxapex|35\/100\n|\n|-heal|p1a: Toxapex|41\/100|[from] item: Leftovers\n|upkeep\n|turn|20\n|\n|t:|1699780014\n|move|p1a: Toxapex|Recover|p1a: Toxapex\n|-heal|p1a: Toxapex|91\/100\n|move|p2a: Clodsire|Recover|p2a: Clodsire\n|-heal|p2a: Clodsire|94\/100\n|\n|-heal|p1a: Toxapex|97\/100|[from] item: Leftovers\n|upkeep\n|turn|21\n|\n|t:|1699780016\n|move|p1a: Toxapex|Scald|p2a: Clodsire\n|-supereffective|p2a: Clodsire\n|-damage|p2a: Clodsire|77\/100\n|move|p2a: Clodsire|Earthquake|p1a: Toxapex\n|-supereffective|p1a: Toxapex\n|-damage|p1a: Toxapex|63\/100\n|\n|-heal|p1a: Toxapex|69\/100|[from] item: Leftovers\n|upkeep\n|turn|22\n|\n|t:|1699780019\n|switch|p2a: Gardevoir|Gardevoir, F, shiny|100\/100\n|-damage|p2a: Gardevoir|88\/100|[from] Stealth Rock\n|-ability|p2a: Gardevoir|Regenerator|[from] ability: Trace|[of] p1a: Toxapex\n|move|p1a: Toxapex|Scald|p2a: Gardevoir\n|-damage|p2a: Gardevoir|69\/100\n|-status|p2a: Gardevoir|brn\n|\n|-heal|p1a: Toxapex|75\/100|[from] item: Leftovers\n|-damage|p2a: Gardevoir|63\/100 brn|[from] brn\n|upkeep\n|turn|23\n|\n|t:|1699780023\n|switch|p1a: Tapu Lele|Tapu Lele|100\/100\n|-damage|p1a: Tapu Lele|88\/100|[from] Stealth Rock\n|-fieldstart|move: Psychic Terrain|[from] ability: Psychic Surge|[of] p1a: Tapu Lele\n|move|p2a: Gardevoir|Psyshock|p1a: Tapu Lele\n|-resisted|p1a: Tapu Lele\n|-damage|p1a: Tapu Lele|53\/100\n|\n|-damage|p2a: Gardevoir|56\/100 brn|[from] brn\n|upkeep\n|turn|24\n|\n|t:|1699780028\n|switch|p2a: Corviknight|Corviknight, F, shiny|85\/100\n|-damage|p2a: Corviknight|72\/100|[from] Stealth Rock\n|-ability|p2a: Corviknight|Pressure\n|move|p1a: Tapu Lele|Moonblast|p2a: Corviknight\n|-resisted|p2a: Corviknight\n|-damage|p2a: Corviknight|44\/100\n|\n|upkeep\n|turn|25\n|\n|t:|1699780033\n|move|p1a: Tapu Lele|Hidden Power|p2a: Corviknight\n|-supereffective|p2a: Corviknight\n|-damage|p2a: Corviknight|0 fnt\n|faint|p2a: Corviknight\n|\n|upkeep\n|\n|t:|1699780035\n|switch|p2a: Gardevoir|Gardevoir, F, shiny|90\/100 brn\n|-damage|p2a: Gardevoir|77\/100 brn|[from] Stealth Rock\n|-ability|p2a: Gardevoir|Psychic Surge|[from] ability: Trace|[of] p1a: Tapu Lele\n|turn|26\n|\n|t:|1699780039\n|move|p2a: Gardevoir|Moonblast|p1a: Tapu Lele\n|-damage|p1a: Tapu Lele|26\/100\n|move|p1a: Tapu Lele|Moonblast|p2a: Gardevoir\n|-damage|p2a: Gardevoir|16\/100 brn\n|\n|-damage|p2a: Gardevoir|10\/100 brn|[from] brn\n|upkeep\n|turn|27\n|\n|t:|1699780043\n|switch|p1a: Toxapex|Toxapex, F|100\/100\n|-damage|p1a: Toxapex|88\/100|[from] Stealth Rock\n|move|p2a: Gardevoir|Moonblast|p1a: Toxapex\n|-resisted|p1a: Toxapex\n|-damage|p1a: Toxapex|67\/100\n|\n|-heal|p1a: Toxapex|74\/100|[from] item: Leftovers\n|-damage|p2a: Gardevoir|3\/100 brn|[from] brn\n|-fieldend|move: Psychic Terrain\n|upkeep\n|turn|28\n|\n|t:|1699780051\n|switch|p2a: Clodsire|Clodsire, F|77\/100\n|-damage|p2a: Clodsire|71\/100|[from] Stealth Rock\n|move|p1a: Toxapex|Recover|p1a: Toxapex\n|-heal|p1a: Toxapex|100\/100\n|\n|upkeep\n|turn|29\n|\n|t:|1699780057\n|switch|p2a: Breloom|Breloom, F, tera:Fighting|68\/100\n|-damage|p2a: Breloom|62\/100|[from] Stealth Rock\n|move|p1a: Toxapex|Scald|p2a: Breloom\n|-damage|p2a: Breloom|28\/100\n|\n|upkeep\n|turn|30\n|\n|t:|1699780065\n|switch|p1a: Landorus|Landorus-Therian, M|78\/100\n|-damage|p1a: Landorus|65\/100|[from] Stealth Rock\n|-ability|p1a: Landorus|Intimidate|boost\n|-unboost|p2a: Breloom|atk|1\n|move|p2a: Breloom|Spore|p1a: Landorus\n|-status|p1a: Landorus|slp|[from] move: Spore\n|\n|-heal|p1a: Landorus|71\/100 slp|[from] item: Leftovers\n|upkeep\n|turn|31\n|\n|t:|1699780068\n|switch|p1a: Tornadus|Tornadus-Therian, M|100\/100\n|move|p2a: Breloom|Bullet Seed|p1a: Tornadus\n|-resisted|p1a: Tornadus\n|-damage|p1a: Tornadus|93\/100\n|-resisted|p1a: Tornadus\n|-damage|p1a: Tornadus|87\/100\n|-resisted|p1a: Tornadus\n|-damage|p1a: Tornadus|79\/100\n|-resisted|p1a: Tornadus\n|-damage|p1a: Tornadus|72\/100\n|-hitcount|p1a: Tornadus|4\n|\n|upkeep\n|turn|32\n|\n|t:|1699780073\n|switch|p2a: Clodsire|Clodsire, F|71\/100\n|-damage|p2a: Clodsire|65\/100|[from] Stealth Rock\n|move|p1a: Tornadus|Bleakwind Storm|p2a: Clodsire\n|-damage|p2a: Clodsire|46\/100\n|\n|upkeep\n|turn|33\n|j| KoKohs\n|\n|t:|1699780076\n|move|p1a: Tornadus|U-turn|p2a: Clodsire\n|-resisted|p2a: Clodsire\n|-damage|p2a: Clodsire|38\/100\n|\n|t:|1699780078\n|switch|p1a: Toxapex|Toxapex, F|100\/100|[from] U-turn\n|-damage|p1a: Toxapex|88\/100|[from] Stealth Rock\n|move|p2a: Clodsire|Recover|p2a: Clodsire\n|-heal|p2a: Clodsire|88\/100\n|\n|-heal|p1a: Toxapex|94\/100|[from] item: Leftovers\n|upkeep\n|turn|34\n|\n|t:|1699780081\n|move|p1a: Toxapex|Scald|p2a: Clodsire\n|-supereffective|p2a: Clodsire\n|-damage|p2a: Clodsire|70\/100\n|move|p2a: Clodsire|Earthquake|p1a: Toxapex\n|-supereffective|p1a: Toxapex\n|-damage|p1a: Toxapex|62\/100\n|\n|-heal|p1a: Toxapex|68\/100|[from] item: Leftovers\n|upkeep\n|turn|35\n|\n|t:|1699780083\n|switch|p2a: Latias|Latias-Mega, F, shiny|81\/100\n|-damage|p2a: Latias|69\/100|[from] Stealth Rock\n|move|p1a: Toxapex|Scald|p2a: Latias\n|-resisted|p2a: Latias\n|-crit|p2a: Latias\n|-damage|p2a: Latias|60\/100\n|\n|-heal|p1a: Toxapex|75\/100|[from] item: Leftovers\n|upkeep\n|turn|36\n|\n|t:|1699780088\n|switch|p1a: Tornadus|Tornadus-Therian, M|100\/100\n|move|p2a: Latias|Draco Meteor|p1a: Tornadus\n|-damage|p1a: Tornadus|28\/100\n|-unboost|p2a: Latias|spa|2\n|\n|upkeep\n|turn|37\n|\n|t:|1699780091\n|move|p1a: Tornadus|U-turn|p2a: Latias\n|-supereffective|p2a: Latias\n|-damage|p2a: Latias|41\/100\n|\n|t:|1699780093\n|switch|p1a: Toxapex|Toxapex, F|100\/100|[from] U-turn\n|-damage|p1a: Toxapex|88\/100|[from] Stealth Rock\n|move|p2a: Latias|Ice Beam|p1a: Toxapex\n|-resisted|p1a: Toxapex\n|-damage|p1a: Toxapex|82\/100\n|-status|p1a: Toxapex|frz\n|\n|-heal|p1a: Toxapex|88\/100 frz|[from] item: Leftovers\n|upkeep\n|turn|38\n|\n|t:|1699780096\n|switch|p2a: Breloom|Breloom, F, tera:Fighting|28\/100\n|-damage|p2a: Breloom|22\/100|[from] Stealth Rock\n|-curestatus|p1a: Toxapex|frz|[from] move: Scald\n|move|p1a: Toxapex|Scald|p2a: Breloom\n|-damage|p2a: Breloom|0 fnt\n|faint|p2a: Breloom\n|\n|-heal|p1a: Toxapex|94\/100|[from] item: Leftovers\n|upkeep\n|\n|t:|1699780102\n|switch|p2a: Ceruledge|Ceruledge, F, shiny|100\/100\n|turn|39\n|\n|t:|1699780105\n|move|p2a: Ceruledge|Taunt|p1a: Toxapex\n|-start|p1a: Toxapex|move: Taunt\n|cant|p1a: Toxapex|move: Taunt|Toxic\n|\n|-heal|p1a: Toxapex|100\/100|[from] item: Leftovers\n|upkeep\n|turn|40\n|\n|t:|1699780107\n|move|p2a: Ceruledge|Bulk Up|p2a: Ceruledge\n|-boost|p2a: Ceruledge|atk|1\n|-boost|p2a: Ceruledge|def|1\n|move|p1a: Toxapex|Scald|p2a: Ceruledge\n|-supereffective|p2a: Ceruledge\n|-damage|p2a: Ceruledge|74\/100\n|\n|upkeep\n|turn|41\n|\n|t:|1699780113\n|move|p2a: Ceruledge|Poltergeist|p1a: Toxapex\n|-activate|p1a: Toxapex|move: Poltergeist|Leftovers\n|-crit|p1a: Toxapex\n|-damage|p1a: Toxapex|28\/100\n|move|p1a: Toxapex|Scald|p2a: Ceruledge\n|-supereffective|p2a: Ceruledge\n|-damage|p2a: Ceruledge|50\/100\n|\n|-heal|p1a: Toxapex|34\/100|[from] item: Leftovers\n|-end|p1a: Toxapex|move: Taunt\n|upkeep\n|turn|42\n|\n|t:|1699780117\n|switch|p1a: Landorus|Landorus-Therian, M|71\/100 slp\n|-damage|p1a: Landorus|59\/100 slp|[from] Stealth Rock\n|-ability|p1a: Landorus|Intimidate|boost\n|-unboost|p2a: Ceruledge|atk|1\n|move|p2a: Ceruledge|Poltergeist|p1a: Landorus\n|-activate|p1a: Landorus|move: Poltergeist|Leftovers\n|-damage|p1a: Landorus|9\/100 slp\n|\n|-heal|p1a: Landorus|15\/100 slp|[from] item: Leftovers\n|upkeep\n|turn|43\n|\n|t:|1699780121\n|switch|p1a: Iron Valiant|Iron Valiant|100\/100\n|-damage|p1a: Iron Valiant|94\/100|[from] Stealth Rock\n|-enditem|p1a: Iron Valiant|Booster Energy\n|-activate|p1a: Iron Valiant|ability: Quark Drive|[fromitem]\n|-start|p1a: Iron Valiant|quarkdrivespe\n|move|p2a: Ceruledge|Bitter Blade|p1a: Iron Valiant\n|-damage|p1a: Iron Valiant|39\/100\n|-heal|p2a: Ceruledge|73\/100|[from] drain|[of] p1a: Iron Valiant\n|\n|upkeep\n|turn|44\n|\n|t:|1699780127\n|-terastallize|p1a: Iron Valiant|Dark\n|move|p1a: Iron Valiant|Knock Off|p2a: Ceruledge\n|-supereffective|p2a: Ceruledge\n|-damage|p2a: Ceruledge|0 fnt\n|-enditem|p2a: Ceruledge|Heavy-Duty Boots|[from] move: Knock Off|[of] p1a: Iron Valiant\n|faint|p2a: Ceruledge\n|\n|upkeep\n|\n|t:|1699780130\n|switch|p2a: Clodsire|Clodsire, F|70\/100\n|-damage|p2a: Clodsire|64\/100|[from] Stealth Rock\n|turn|45\n|\n|t:|1699780133\n|move|p1a: Iron Valiant|Knock Off|p2a: Clodsire\n|-damage|p2a: Clodsire|26\/100\n|move|p2a: Clodsire|Earthquake|p1a: Iron Valiant\n|-damage|p1a: Iron Valiant|3\/100\n|\n|upkeep\n|turn|46\n|\n|t:|1699780137\n|move|p1a: Iron Valiant|Knock Off|p2a: Clodsire\n|-crit|p2a: Clodsire\n|-damage|p2a: Clodsire|0 fnt\n|faint|p2a: Clodsire\n|\n|upkeep\n|\n|t:|1699780139\n|switch|p2a: Latias|Latias-Mega, F, shiny|41\/100\n|-damage|p2a: Latias|29\/100|[from] Stealth Rock\n|turn|47\n|\n|t:|1699780140\n|move|p1a: Iron Valiant|Spirit Break|p2a: Latias\n|-supereffective|p2a: Latias\n|-damage|p2a: Latias|0 fnt\n|faint|p2a: Latias\n|\n|upkeep\n|\n|t:|1699780143\n|switch|p2a: Gardevoir|Gardevoir, F, shiny|3\/100 brn\n|-damage|p2a: Gardevoir|0 fnt|[from] Stealth Rock\n|faint|p2a: Gardevoir\n|\n|win|Kluud\n|raw|Kluud's rating: 1591 &rarr; <strong>1616<\/strong><br \/>(+25 for winning)\n|raw|Elite Sabrina's rating: 1674 &rarr; <strong>1649<\/strong><br \/>(-25 for losing)\n|l|\u2606Elite Sabrina\n","uploadtime":1699780163,"views":4,"p1id":"kluud","p2id":"elitesabrina","formatid":"gen9nationaldex","rating":1616,"private":0,"password":""}