{"id":"gen9nationaldex-1999494864","p1":"zhw\u66b4\u9f99\u6218\u58eb123","p2":"lawrenceyu","format":"[Gen 9] National Dex","log":"|html|<div class=\"broadcast-blue\"><strong>[Gen 9] National Dex is currently suspecting Sneasler! For information on how to participate check out the <a href=\"https:\/\/www.smogon.com\/forums\/threads\/sv-national-dex-suspect-8-just-dance.3731534\/\">suspect thread<\/a>.<\/strong><\/div>\n|j|\u2606zhw\u66b4\u9f99\u6218\u58eb123\n|j|\u2606lawrenceyu\n|t:|1701088869\n|gametype|singles\n|player|p1|zhw\u66b4\u9f99\u6218\u58eb123|iono|1592\n|player|p2|lawrenceyu|266|1657\n|teamsize|p1|6\n|teamsize|p2|6\n|gen|9\n|tier|[Gen 9] National Dex\n|rated|\n|rule|HP Percentage Mod: HP is shown in percentages\n|rule|Endless Battle Clause: Forcing endless battles is banned\n|rule|OHKO Clause: OHKO moves are banned\n|rule|Evasion Clause: Evasion abilities, items, and moves are banned\n|rule|Evasion Abilities Clause: Evasion abilities are banned\n|rule|Evasion Items Clause: Evasion items are banned\n|rule|Evasion Moves Clause: Evasion moves are banned\n|rule|Species Clause: Limit one of each Pok\u00e9mon\n|rule|Sleep Clause Mod: Limit one foe put to sleep\n|clearpoke\n|poke|p1|Aerodactyl, M|\n|poke|p1|Alomomola, F|\n|poke|p1|Garchomp, F|\n|poke|p1|Iron Treads|\n|poke|p1|Hydreigon, F|\n|poke|p1|Tapu Lele|\n|poke|p2|Toxapex, F|\n|poke|p2|Sirfetch\u2019d, F|\n|poke|p2|Tapu Lele|\n|poke|p2|Ferrothorn, M|\n|poke|p2|Landorus-Therian, M|\n|poke|p2|Diancie|\n|teampreview\n|\n|t:|1701088880\n|start\n|switch|p1a: Iron Treads|Iron Treads|100\/100\n|switch|p2a: Landorus|Landorus-Therian, M|100\/100\n|-ability|p2a: Landorus|Intimidate|boost\n|-unboost|p1a: Iron Treads|atk|1\n|turn|1\n|inactive|Battle timer is ON: inactive players will automatically lose when time's up. (requested by lawrenceyu)\n|\n|t:|1701088888\n|switch|p2a: Toxapex|Toxapex, F|100\/100\n|-end|p1a: Iron Treads|Quark Drive|[silent]\n|switch|p1a: Aerodactyl|Aerodactyl, M|100\/100\n|-ability|p1a: Aerodactyl|Unnerve\n|\n|upkeep\n|turn|2\n|\n|t:|1701088895\n|switch|p1a: Iron Treads|Iron Treads|100\/100\n|move|p2a: Toxapex|Scald|p1a: Iron Treads\n|-supereffective|p1a: Iron Treads\n|-damage|p1a: Iron Treads|80\/100\n|\n|upkeep\n|turn|3\n|\n|t:|1701088903\n|move|p1a: Iron Treads|Knock Off|p2a: Toxapex\n|-damage|p2a: Toxapex|84\/100\n|-damage|p1a: Iron Treads|64\/100|[from] item: Rocky Helmet|[of] p2a: Toxapex\n|-enditem|p2a: Toxapex|Rocky Helmet|[from] move: Knock Off|[of] p1a: Iron Treads\n|move|p2a: Toxapex|Scald|p1a: Iron Treads\n|-supereffective|p1a: Iron Treads\n|-damage|p1a: Iron Treads|44\/100\n|-status|p1a: Iron Treads|brn\n|\n|-damage|p1a: Iron Treads|38\/100 brn|[from] brn\n|upkeep\n|turn|4\n|\n|t:|1701088914\n|move|p1a: Iron Treads|Volt Switch|p2a: Toxapex\n|-supereffective|p2a: Toxapex\n|-damage|p2a: Toxapex|67\/100\n|\n|t:|1701088918\n|-end|p1a: Iron Treads|Quark Drive|[silent]\n|switch|p1a: Alomomola|Alomomola, F|100\/100|[from] Volt Switch\n|move|p2a: Toxapex|Scald|p1a: Alomomola\n|-resisted|p1a: Alomomola\n|-damage|p1a: Alomomola|93\/100\n|-status|p1a: Alomomola|brn\n|\n|-damage|p1a: Alomomola|87\/100 brn|[from] brn\n|upkeep\n|turn|5\n|\n|t:|1701088933\n|switch|p2a: Diancie|Diancie|100\/100\n|move|p1a: Alomomola|Wish|p1a: Alomomola\n|\n|-damage|p1a: Alomomola|81\/100 brn|[from] brn\n|upkeep\n|turn|6\n|\n|t:|1701088939\n|detailschange|p2a: Diancie|Diancie-Mega\n|-mega|p2a: Diancie|Diancie|Diancite\n|move|p2a: Diancie|Moonblast|p1a: Alomomola\n|-damage|p1a: Alomomola|34\/100 brn\n|move|p1a: Alomomola|Flip Turn|p2a: Diancie\n|-supereffective|p2a: Diancie\n|-damage|p2a: Diancie|80\/100\n|\n|t:|1701088947\n|switch|p1a: Iron Treads|Iron Treads|38\/100 brn|[from] Flip Turn\n|\n|-heal|p1a: Iron Treads|100\/100 brn|[from] move: Wish|[wisher] Alomomola\n|-damage|p1a: Iron Treads|94\/100 brn|[from] brn\n|upkeep\n|turn|7\n|\n|t:|1701088953\n|move|p2a: Diancie|Earth Power|p1a: Iron Treads\n|-supereffective|p1a: Iron Treads\n|-damage|p1a: Iron Treads|54\/100 brn\n|move|p1a: Iron Treads|Earthquake|p2a: Diancie\n|-supereffective|p2a: Diancie\n|-damage|p2a: Diancie|34\/100\n|\n|-damage|p1a: Iron Treads|48\/100 brn|[from] brn\n|upkeep\n|turn|8\n|\n|t:|1701088966\n|switch|p2a: Landorus|Landorus-Therian, M|100\/100\n|-ability|p2a: Landorus|Intimidate|boost\n|-unboost|p1a: Iron Treads|atk|1\n|move|p1a: Iron Treads|Earthquake|p2a: Landorus\n|-immune|p2a: Landorus\n|\n|-damage|p1a: Iron Treads|42\/100 brn|[from] brn\n|upkeep\n|turn|9\n|\n|t:|1701088975\n|-end|p1a: Iron Treads|Quark Drive|[silent]\n|switch|p1a: Garchomp|Garchomp, F|100\/100\n|move|p2a: Landorus|U-turn|p1a: Garchomp\n|-damage|p1a: Garchomp|82\/100\n|-damage|p2a: Landorus|88\/100|[from] ability: Rough Skin|[of] p1a: Garchomp\n|-damage|p2a: Landorus|71\/100|[from] item: Rocky Helmet|[of] p1a: Garchomp\n|\n|t:|1701088982\n|switch|p2a: Diancie|Diancie-Mega|34\/100|[from] U-turn\n|\n|upkeep\n|turn|10\n|\n|t:|1701088995\n|-terastallize|p1a: Garchomp|Ghost\n|move|p2a: Diancie|Moonblast|p1a: Garchomp\n|-damage|p1a: Garchomp|27\/100\n|move|p1a: Garchomp|Earthquake|p2a: Diancie\n|-supereffective|p2a: Diancie\n|-damage|p2a: Diancie|0 fnt\n|faint|p2a: Diancie\n|\n|upkeep\n|\n|t:|1701089005\n|switch|p2a: Tapu Lele|Tapu Lele|100\/100\n|-fieldstart|move: Psychic Terrain|[from] ability: Psychic Surge|[of] p2a: Tapu Lele\n|turn|11\n|\n|t:|1701089011\n|switch|p1a: Iron Treads|Iron Treads|42\/100 brn\n|move|p2a: Tapu Lele|Moonblast|p1a: Iron Treads\n|-resisted|p1a: Iron Treads\n|-damage|p1a: Iron Treads|28\/100 brn\n|\n|-damage|p1a: Iron Treads|22\/100 brn|[from] brn\n|upkeep\n|turn|12\n|\n|t:|1701089020\n|switch|p2a: Toxapex|Toxapex, F|100\/100\n|-end|p1a: Iron Treads|Quark Drive|[silent]\n|switch|p1a: Alomomola|Alomomola, F|67\/100 brn\n|\n|-damage|p1a: Alomomola|61\/100 brn|[from] brn\n|upkeep\n|turn|13\n|\n|t:|1701089027\n|switch|p2a: Sirfetch\u2019d|Sirfetch\u2019d, F|100\/100\n|move|p1a: Alomomola|Wish|p1a: Alomomola\n|\n|-damage|p1a: Alomomola|55\/100 brn|[from] brn\n|upkeep\n|turn|14\n|\n|t:|1701089040\n|switch|p1a: Garchomp|Garchomp, F, tera:Ghost|27\/100\n|move|p2a: Sirfetch\u2019d|Leaf Blade|p1a: Garchomp\n|-crit|p1a: Garchomp\n|-damage|p1a: Garchomp|0 fnt\n|-damage|p2a: Sirfetch\u2019d|88\/100|[from] ability: Rough Skin|[of] p1a: Garchomp\n|-damage|p2a: Sirfetch\u2019d|72\/100|[from] item: Rocky Helmet|[of] p1a: Garchomp\n|faint|p1a: Garchomp\n|\n|upkeep\n|j| Nomer16\n|\n|t:|1701089049\n|switch|p1a: Aerodactyl|Aerodactyl, M|100\/100\n|-ability|p1a: Aerodactyl|Unnerve\n|turn|15\n|\n|t:|1701089057\n|switch|p2a: Ferrothorn|Ferrothorn, M|100\/100\n|detailschange|p1a: Aerodactyl|Aerodactyl-Mega, M\n|-mega|p1a: Aerodactyl|Aerodactyl|Aerodactylite\n|move|p1a: Aerodactyl|Fire Fang|p2a: Ferrothorn\n|-supereffective|p2a: Ferrothorn\n|-damage|p2a: Ferrothorn|0 fnt\n|-damage|p1a: Aerodactyl|88\/100|[from] ability: Iron Barbs|[of] p2a: Ferrothorn\n|faint|p2a: Ferrothorn\n|\n|-fieldend|move: Psychic Terrain\n|upkeep\n|\n|t:|1701089070\n|switch|p2a: Landorus|Landorus-Therian, M|71\/100\n|-ability|p2a: Landorus|Intimidate|boost\n|-unboost|p1a: Aerodactyl|atk|1\n|turn|16\n|\n|t:|1701089074\n|move|p1a: Aerodactyl|Ice Fang|p2a: Landorus\n|-supereffective|p2a: Landorus\n|-damage|p2a: Landorus|0 fnt\n|faint|p2a: Landorus\n|\n|upkeep\n|\n|t:|1701089079\n|switch|p2a: Tapu Lele|Tapu Lele|100\/100\n|-fieldstart|move: Psychic Terrain|[from] ability: Psychic Surge|[of] p2a: Tapu Lele\n|turn|17\n|\n|t:|1701089086\n|switch|p1a: Alomomola|Alomomola, F|88\/100 brn\n|move|p2a: Tapu Lele|Moonblast|p1a: Alomomola\n|-damage|p1a: Alomomola|44\/100 brn\n|-unboost|p1a: Alomomola|spa|1\n|\n|-damage|p1a: Alomomola|38\/100 brn|[from] brn\n|upkeep\n|turn|18\n|\n|t:|1701089094\n|switch|p1a: Iron Treads|Iron Treads|22\/100 brn\n|move|p2a: Tapu Lele|Moonblast|p1a: Iron Treads\n|-resisted|p1a: Iron Treads\n|-damage|p1a: Iron Treads|8\/100 brn\n|\n|-damage|p1a: Iron Treads|2\/100 brn|[from] brn\n|upkeep\n|turn|19\n|\n|t:|1701089101\n|move|p2a: Tapu Lele|Moonblast|p1a: Iron Treads\n|-resisted|p1a: Iron Treads\n|-damage|p1a: Iron Treads|0 fnt\n|faint|p1a: Iron Treads\n|-end|p1a: Iron Treads|Quark Drive|[silent]\n|\n|upkeep\n|\n|t:|1701089104\n|switch|p1a: Tapu Lele|Tapu Lele|100\/100\n|turn|20\n|\n|t:|1701089112\n|move|p2a: Tapu Lele|Moonblast|p1a: Tapu Lele\n|-damage|p1a: Tapu Lele|44\/100\n|move|p1a: Tapu Lele|Moonblast|p2a: Tapu Lele\n|-damage|p2a: Tapu Lele|48\/100\n|-unboost|p2a: Tapu Lele|spa|1\n|\n|upkeep\n|turn|21\n|\n|t:|1701089120\n|switch|p2a: Toxapex|Toxapex, F|100\/100\n|move|p1a: Tapu Lele|Moonblast|p2a: Toxapex\n|-resisted|p2a: Toxapex\n|-damage|p2a: Toxapex|81\/100\n|-unboost|p2a: Toxapex|spa|1\n|\n|-fieldend|move: Psychic Terrain\n|upkeep\n|turn|22\n|\n|t:|1701089128\n|switch|p1a: Alomomola|Alomomola, F|72\/100 brn\n|switch|p2a: Tapu Lele|Tapu Lele|48\/100\n|-fieldstart|move: Psychic Terrain|[from] ability: Psychic Surge|[of] p2a: Tapu Lele\n|\n|-damage|p1a: Alomomola|65\/100 brn|[from] brn\n|upkeep\n|turn|23\n|\n|t:|1701089137\n|move|p2a: Tapu Lele|Thunderbolt|p1a: Alomomola\n|-supereffective|p1a: Alomomola\n|-damage|p1a: Alomomola|13\/100 brn\n|move|p1a: Alomomola|Flip Turn|p2a: Tapu Lele\n|-damage|p2a: Tapu Lele|37\/100\n|\n|t:|1701089142\n|switch|p1a: Hydreigon|Hydreigon, F|100\/100|[from] Flip Turn\n|\n|upkeep\n|turn|24\n|\n|t:|1701089146\n|switch|p2a: Toxapex|Toxapex, F|100\/100\n|move|p1a: Hydreigon|Substitute|p1a: Hydreigon\n|-start|p1a: Hydreigon|Substitute\n|-damage|p1a: Hydreigon|76\/100\n|\n|-heal|p1a: Hydreigon|82\/100|[from] item: Leftovers\n|upkeep\n|turn|25\n|\n|t:|1701089158\n|move|p1a: Hydreigon|Nasty Plot|p1a: Hydreigon\n|-boost|p1a: Hydreigon|spa|2\n|move|p2a: Toxapex|Scald|p1a: Hydreigon\n|-resisted|p1a: Hydreigon\n|-crit|p1a: Hydreigon\n|-activate|p1a: Hydreigon|move: Substitute|[damage]\n|\n|-heal|p1a: Hydreigon|88\/100|[from] item: Leftovers\n|upkeep\n|turn|26\n|\n|t:|1701089166\n|move|p1a: Hydreigon|Earth Power|p2a: Toxapex\n|-supereffective|p2a: Toxapex\n|-damage|p2a: Toxapex|0 fnt\n|faint|p2a: Toxapex\n|\n|-heal|p1a: Hydreigon|94\/100|[from] item: Leftovers\n|-fieldend|move: Psychic Terrain\n|upkeep\n|\n|t:|1701089175\n|switch|p2a: Sirfetch\u2019d|Sirfetch\u2019d, F|72\/100\n|turn|27\n|\n|t:|1701089180\n|move|p2a: Sirfetch\u2019d|First Impression|p1a: Hydreigon\n|-supereffective|p1a: Hydreigon\n|-end|p1a: Hydreigon|Substitute\n|move|p1a: Hydreigon|Dark Pulse|p2a: Sirfetch\u2019d\n|-resisted|p2a: Sirfetch\u2019d\n|-damage|p2a: Sirfetch\u2019d|16\/100\n|\n|-heal|p1a: Hydreigon|99\/100|[from] item: Leftovers\n|upkeep\n|turn|28\n|\n|t:|1701089188\n|move|p1a: Hydreigon|Substitute|p1a: Hydreigon\n|-start|p1a: Hydreigon|Substitute\n|-damage|p1a: Hydreigon|75\/100\n|move|p2a: Sirfetch\u2019d|Close Combat|p1a: Hydreigon\n|-supereffective|p1a: Hydreigon\n|-end|p1a: Hydreigon|Substitute\n|-unboost|p2a: Sirfetch\u2019d|def|1\n|-unboost|p2a: Sirfetch\u2019d|spd|1\n|\n|-heal|p1a: Hydreigon|81\/100|[from] item: Leftovers\n|upkeep\n|turn|29\n|\n|t:|1701089197\n|move|p1a: Hydreigon|Dark Pulse|p2a: Sirfetch\u2019d\n|-resisted|p2a: Sirfetch\u2019d\n|-damage|p2a: Sirfetch\u2019d|0 fnt\n|faint|p2a: Sirfetch\u2019d\n|\n|-heal|p1a: Hydreigon|88\/100|[from] item: Leftovers\n|upkeep\n|\n|t:|1701089203\n|switch|p2a: Tapu Lele|Tapu Lele|37\/100\n|-fieldstart|move: Psychic Terrain|[from] ability: Psychic Surge|[of] p2a: Tapu Lele\n|turn|30\n|\n|t:|1701089207\n|move|p2a: Tapu Lele|Moonblast|p1a: Hydreigon\n|-supereffective|p1a: Hydreigon\n|-damage|p1a: Hydreigon|0 fnt\n|faint|p1a: Hydreigon\n|\n|upkeep\n|\n|t:|1701089213\n|switch|p1a: Tapu Lele|Tapu Lele|44\/100\n|turn|31\n|\n|t:|1701089216\n|move|p1a: Tapu Lele|Moonblast|p2a: Tapu Lele\n|-damage|p2a: Tapu Lele|0 fnt\n|faint|p2a: Tapu Lele\n|\n|win|zhw\u66b4\u9f99\u6218\u58eb123\n|raw|zhw\u66b4\u9f99\u6218\u58eb123's rating: 1613 &rarr; <strong>1636<\/strong><br \/>(+23 for winning)\n|raw|lawrenceyu's rating: 1657 &rarr; <strong>1634<\/strong><br \/>(-23 for losing)\n","uploadtime":1701089223,"views":1,"p1id":"zhw123","p2id":"lawrenceyu","formatid":"gen9nationaldex","rating":1634,"private":0,"password":""}