{"id":"gen9nationaldex-1989713395","p1":"qewt","p2":"Alexander90281","format":"[Gen 9] National Dex","log":"|j|\u2606qewt\n|j|\u2606Alexander90281\n|t:|1699889314\n|gametype|singles\n|player|p1|qewt|caitlin-masters|1543\n|player|p2|Alexander90281|tateandliza-gen6|1694\n|teamsize|p1|6\n|teamsize|p2|6\n|gen|9\n|tier|[Gen 9] National Dex\n|rated|\n|rule|HP Percentage Mod: HP is shown in percentages\n|rule|Endless Battle Clause: Forcing endless battles is banned\n|rule|OHKO Clause: OHKO moves are banned\n|rule|Evasion Clause: Evasion abilities, items, and moves are banned\n|rule|Evasion Abilities Clause: Evasion abilities are banned\n|rule|Evasion Items Clause: Evasion items are banned\n|rule|Evasion Moves Clause: Evasion moves are banned\n|rule|Species Clause: Limit one of each Pok\u00e9mon\n|rule|Sleep Clause Mod: Limit one foe put to sleep\n|clearpoke\n|poke|p1|Aegislash, M|\n|poke|p1|Gliscor, M|\n|poke|p1|Alomomola, M|\n|poke|p1|Lopunny, M|\n|poke|p1|Kartana|\n|poke|p1|Heatran, F|\n|poke|p2|Mimikyu, M|\n|poke|p2|Hatterene, F|\n|poke|p2|Victini|\n|poke|p2|Mawile, F|\n|poke|p2|Ogerpon-Wellspring, F|\n|poke|p2|Xurkitree|\n|teampreview\n|\n|t:|1699889323\n|start\n|switch|p1a: Aegislash|Aegislash, M|100\/100\n|switch|p2a: Victini|Victini|100\/100\n|turn|1\n|\n|t:|1699889338\n|move|p2a: Victini|Trick|p1a: Aegislash\n|-activate|p2a: Victini|move: Trick|[of] p1a: Aegislash\n|-item|p1a: Aegislash|Choice Scarf|[from] move: Trick\n|-item|p2a: Victini|Spell Tag|[from] move: Trick\n|-formechange|p1a: Aegislash|Aegislash-Blade||[from] ability: Stance Change\n|move|p1a: Aegislash|Shadow Ball|p2a: Victini\n|-supereffective|p2a: Victini\n|-damage|p2a: Victini|14\/100\n|-unboost|p2a: Victini|spd|1\n|\n|upkeep\n|turn|2\n|\n|t:|1699889346\n|move|p2a: Victini|Blue Flare|p1a: Aegislash\n|-supereffective|p1a: Aegislash\n|-damage|p1a: Aegislash|0 fnt\n|faint|p1a: Aegislash\n|\n|upkeep\n|\n|t:|1699889352\n|switch|p1a: Lopunny|Lopunny, M|100\/100\n|turn|3\n|\n|t:|1699889356\n|switch|p2a: Mawile|Mawile, F|100\/100\n|-ability|p2a: Mawile|Intimidate|boost\n|-unboost|p1a: Lopunny|atk|1\n|detailschange|p1a: Lopunny|Lopunny-Mega, M\n|-mega|p1a: Lopunny|Lopunny|Lopunnite\n|move|p1a: Lopunny|U-turn|p2a: Mawile\n|-resisted|p2a: Mawile\n|-damage|p2a: Mawile|95\/100\n|\n|t:|1699889369\n|switch|p1a: Heatran|Heatran, F|100\/100|[from] U-turn\n|\n|upkeep\n|turn|4\n|\n|t:|1699889376\n|detailschange|p2a: Mawile|Mawile-Mega, F\n|-mega|p2a: Mawile|Mawile|Mawilite\n|move|p1a: Heatran|Magma Storm|p2a: Mawile\n|-supereffective|p2a: Mawile\n|-damage|p2a: Mawile|0 fnt\n|faint|p2a: Mawile\n|\n|upkeep\n|\n|t:|1699889380\n|switch|p2a: Ogerpon|Ogerpon-Wellspring, F|100\/100\n|turn|5\n|\n|t:|1699889388\n|switch|p1a: Kartana|Kartana|100\/100\n|move|p2a: Ogerpon|Swords Dance|p2a: Ogerpon\n|-boost|p2a: Ogerpon|atk|2\n|\n|upkeep\n|turn|6\n|\n|t:|1699889397\n|move|p2a: Ogerpon|Knock Off|p1a: Kartana\n|-damage|p1a: Kartana|50\/100\n|-zpower|p1a: Kartana\n|move|p1a: Kartana|Bloom Doom|p2a: Ogerpon|[zeffect]\n|-damage|p2a: Ogerpon|0 fnt\n|faint|p2a: Ogerpon\n|-ability|p1a: Kartana|Beast Boost|boost\n|-boost|p1a: Kartana|atk|1\n|\n|upkeep\n|\n|t:|1699889405\n|switch|p2a: Hatterene|Hatterene, F|100\/100\n|turn|7\n|\n|t:|1699889408\n|move|p1a: Kartana|Leaf Blade|p2a: Hatterene\n|-damage|p2a: Hatterene|4\/100\n|move|p2a: Hatterene|Trick Room|p2a: Hatterene\n|-fieldstart|move: Trick Room|[of] p2a: Hatterene\n|\n|upkeep\n|turn|8\n|\n|t:|1699889413\n|switch|p1a: Heatran|Heatran, F|100\/100\n|move|p2a: Hatterene|Healing Wish|p2a: Hatterene\n|faint|p2a: Hatterene\n|\n|upkeep\n|\n|t:|1699889418\n|switch|p2a: Xurkitree|Xurkitree|100\/100\n|turn|9\n|\n|t:|1699889422\n|-zpower|p2a: Xurkitree\n|move|p2a: Xurkitree|Gigavolt Havoc|p1a: Heatran|[zeffect]\n|-damage|p1a: Heatran|17\/100\n|move|p1a: Heatran|Earth Power|p2a: Xurkitree\n|-supereffective|p2a: Xurkitree\n|-damage|p2a: Xurkitree|38\/100\n|\n|-heal|p1a: Heatran|23\/100|[from] item: Leftovers\n|upkeep\n|turn|10\n|\n|t:|1699889427\n|move|p2a: Xurkitree|Tail Glow|p2a: Xurkitree\n|-boost|p2a: Xurkitree|spa|3\n|move|p1a: Heatran|Earth Power|p2a: Xurkitree\n|-supereffective|p2a: Xurkitree\n|-damage|p2a: Xurkitree|0 fnt\n|faint|p2a: Xurkitree\n|\n|-heal|p1a: Heatran|30\/100|[from] item: Leftovers\n|upkeep\n|\n|t:|1699889432\n|switch|p2a: Mimikyu|Mimikyu, M|100\/100\n|turn|11\n|\n|t:|1699889435\n|move|p2a: Mimikyu|Curse|p1a: Heatran\n|-start|p1a: Heatran|Curse|[of] p2a: Mimikyu\n|-damage|p2a: Mimikyu|50\/100\n|move|p1a: Heatran|Toxic|p2a: Mimikyu|[miss]\n|-miss|p1a: Heatran|p2a: Mimikyu\n|\n|-heal|p1a: Heatran|36\/100|[from] item: Leftovers\n|-damage|p1a: Heatran|11\/100|[from] Curse\n|-fieldend|move: Trick Room\n|upkeep\n|turn|12\n|\n|t:|1699889443\n|move|p2a: Mimikyu|Protect|p2a: Mimikyu\n|-singleturn|p2a: Mimikyu|Protect\n|move|p1a: Heatran|Toxic|p2a: Mimikyu\n|-activate|p2a: Mimikyu|move: Protect\n|\n|-heal|p1a: Heatran|17\/100|[from] item: Leftovers\n|-damage|p1a: Heatran|0 fnt|[from] Curse\n|faint|p1a: Heatran\n|upkeep\n|-message|Alexander90281 forfeited.\n|\n|win|qewt\n|raw|qewt's rating: 1543 &rarr; <strong>1571<\/strong><br \/>(+28 for winning)\n|raw|Alexander90281's rating: 1694 &rarr; <strong>1666<\/strong><br \/>(-28 for losing)\n|l|\u2606Alexander90281\n|c|\u2606qewt|has my heatran hit a single move below 100% accuracy this game\n","uploadtime":1699889454,"views":13,"p1id":"qewt","p2id":"alexander90281","formatid":"gen9nationaldex","rating":1571,"private":0,"password":""}