{"id":"gen9nationaldex-1996069006","p1":"Viruskiller","p2":"Scribblemax","format":"[Gen 9] National Dex","log":"|html|<div class=\"broadcast-blue\"><strong>[Gen 9] National Dex is currently suspecting Sneasler! For information on how to participate check out the <a href=\"https:\/\/www.smogon.com\/forums\/threads\/sv-national-dex-suspect-8-just-dance.3731534\/\">suspect thread<\/a>.<\/strong><\/div>\n|j|\u2606Viruskiller\n|j|\u2606Scribblemax\n|t:|1700638914\n|gametype|singles\n|player|p1|Viruskiller|red|1035\n|player|p2|Scribblemax|266|1000\n|teamsize|p1|6\n|teamsize|p2|6\n|gen|9\n|tier|[Gen 9] National Dex\n|rated|\n|rule|HP Percentage Mod: HP is shown in percentages\n|rule|Endless Battle Clause: Forcing endless battles is banned\n|rule|OHKO Clause: OHKO moves are banned\n|rule|Evasion Clause: Evasion abilities, items, and moves are banned\n|rule|Evasion Abilities Clause: Evasion abilities are banned\n|rule|Evasion Items Clause: Evasion items are banned\n|rule|Evasion Moves Clause: Evasion moves are banned\n|rule|Species Clause: Limit one of each Pok\u00e9mon\n|rule|Sleep Clause Mod: Limit one foe put to sleep\n|clearpoke\n|poke|p1|Krookodile, F|\n|poke|p1|Greninja-*, F|\n|poke|p1|Charizard, F|\n|poke|p1|Kleavor, F|\n|poke|p1|Sceptile, F|\n|poke|p1|Toxtricity, F|\n|poke|p2|Audino, F|\n|poke|p2|Bronzong|\n|poke|p2|Tentacruel, M|\n|poke|p2|Hydreigon, M|\n|poke|p2|Venusaur, M|\n|poke|p2|Infernape, M|\n|teampreview\n|\n|t:|1700638930\n|start\n|switch|p1a: the rockler|Kleavor, F|100\/100\n|switch|p2a: Audino|Audino, F, shiny|100\/100\n|turn|1\n|\n|t:|1700638941\n|switch|p2a: Bronzong|Bronzong|100\/100\n|move|p1a: the rockler|Stone Axe|p2a: Bronzong\n|-resisted|p2a: Bronzong\n|-damage|p2a: Bronzong|80\/100\n|-damage|p1a: the rockler|84\/100|[from] item: Rocky Helmet|[of] p2a: Bronzong\n|-sidestart|p2: Scribblemax|move: Stealth Rock\n|-damage|p1a: the rockler|74\/100|[from] item: Life Orb\n|\n|upkeep\n|turn|2\n|c|\u2606Viruskiller|audino about you but shiny aduino is better then oj\n|c|\u2606Viruskiller|og*\n|\n|t:|1700638968\n|switch|p1a: raxter|Krookodile, F|100\/100\n|move|p2a: Bronzong|Toxic|p1a: raxter\n|-status|p1a: raxter|tox\n|\n|-damage|p1a: raxter|94\/100 tox|[from] psn\n|upkeep\n|turn|3\n|c|\u2606Scribblemax|it's too early for these puns\n|c|\u2606Viruskiller|lol\n|\n|t:|1700638996\n|switch|p2a: Hydreigon|Hydreigon, M|100\/100\n|-damage|p2a: Hydreigon|88\/100|[from] Stealth Rock\n|move|p1a: raxter|Earthquake|p2a: Hydreigon\n|-immune|p2a: Hydreigon|[from] ability: Levitate\n|\n|-damage|p1a: raxter|82\/100 tox|[from] psn\n|upkeep\n|turn|4\n|\n|t:|1700639007\n|move|p2a: Hydreigon|Sunny Day|p2a: Hydreigon\n|-weather|SunnyDay\n|move|p1a: raxter|Fire Fang|p2a: Hydreigon\n|-resisted|p2a: Hydreigon\n|-damage|p2a: Hydreigon|65\/100\n|-damage|p1a: raxter|72\/100 tox|[from] item: Life Orb\n|\n|-weather|SunnyDay|[upkeep]\n|-damage|p1a: raxter|54\/100 tox|[from] psn\n|upkeep\n|turn|5\n|\n|t:|1700639016\n|move|p2a: Hydreigon|Flash Cannon|p1a: raxter\n|-damage|p1a: raxter|17\/100 tox\n|move|p1a: raxter|Fire Fang|p2a: Hydreigon\n|-resisted|p2a: Hydreigon\n|-damage|p2a: Hydreigon|42\/100\n|-damage|p1a: raxter|7\/100 tox|[from] item: Life Orb\n|\n|-weather|SunnyDay|[upkeep]\n|-damage|p1a: raxter|0 fnt|[from] psn\n|faint|p1a: raxter\n|upkeep\n|\n|t:|1700639019\n|switch|p1a: Charcoal|Charizard, F|100\/100\n|turn|6\n|\n|t:|1700639029\n|move|p2a: Hydreigon|Dark Pulse|p1a: Charcoal\n|-crit|p1a: Charcoal\n|-damage|p1a: Charcoal|34\/100\n|move|p1a: Charcoal|Air Slash|p2a: Hydreigon\n|-damage|p2a: Hydreigon|8\/100\n|\n|-weather|SunnyDay|[upkeep]\n|upkeep\n|turn|7\n|\n|t:|1700639035\n|detailschange|p1a: Charcoal|Charizard-Mega-Y, F\n|-mega|p1a: Charcoal|Charizard|Charizardite Y\n|move|p2a: Hydreigon|Defog|p1a: Charcoal\n|-unboost|p1a: Charcoal|evasion|1\n|-sideend|p2: Scribblemax|Stealth Rock|[from] move: Defog|[of] p2a: Hydreigon\n|move|p1a: Charcoal|Flamethrower|p2a: Hydreigon\n|-resisted|p2a: Hydreigon\n|-damage|p2a: Hydreigon|0 fnt\n|faint|p2a: Hydreigon\n|\n|-weather|SunnyDay|[upkeep]\n|upkeep\n|c|\u2606Viruskiller|e\n|c|\u2606Viruskiller|well\n|c|\u2606Viruskiller|that was kinda dumb\n|\n|t:|1700639048\n|switch|p2a: Venusaur|Venusaur, M|100\/100\n|turn|8\n|c|\u2606Viruskiller|u couldve killed me\n|\n|t:|1700639054\n|move|p2a: Venusaur|Sludge Bomb|p1a: Charcoal\n|-damage|p1a: Charcoal|0 fnt\n|faint|p1a: Charcoal\n|\n|-weather|SunnyDay|[upkeep]\n|upkeep\n|c|\u2606Viruskiller|like that\n|\n|t:|1700639072\n|switch|p1a: uranium|Toxtricity, F, shiny|100\/100\n|turn|9\n|\n|t:|1700639084\n|switch|p2a: Bronzong|Bronzong|80\/100\n|-terastallize|p1a: uranium|Normal\n|move|p1a: uranium|Shift Gear|p1a: uranium\n|-boost|p1a: uranium|spe|2\n|-boost|p1a: uranium|atk|1\n|\n|-weather|SunnyDay|[upkeep]\n|upkeep\n|turn|10\n|\n|t:|1700639096\n|move|p1a: uranium|Boomburst|p2a: Bronzong\n|-resisted|p2a: Bronzong\n|-damage|p2a: Bronzong|39\/100\n|-enditem|p1a: uranium|Throat Spray\n|-boost|p1a: uranium|spa|1|[from] item: Throat Spray\n|move|p2a: Bronzong|Gyro Ball|p1a: uranium\n|-damage|p1a: uranium|31\/100\n|\n|-weather|SunnyDay|[upkeep]\n|upkeep\n|turn|11\n|\n|t:|1700639105\n|move|p1a: uranium|Boomburst|p2a: Bronzong\n|-resisted|p2a: Bronzong\n|-damage|p2a: Bronzong|0 fnt\n|faint|p2a: Bronzong\n|\n|-weather|none\n|upkeep\n|\n|t:|1700639120\n|switch|p2a: Infernape|Infernape, M|100\/100\n|turn|12\n|\n|t:|1700639131\n|move|p1a: uranium|Boomburst|p2a: Infernape\n|-damage|p2a: Infernape|0 fnt\n|faint|p2a: Infernape\n|\n|upkeep\n|\n|t:|1700639136\n|switch|p2a: Audino|Audino, F, shiny|100\/100\n|turn|13\n|\n|t:|1700639142\n|detailschange|p2a: Audino|Audino-Mega, F, shiny\n|-mega|p2a: Audino|Audino|Audinite\n|move|p1a: uranium|Boomburst|p2a: Audino\n|-damage|p2a: Audino|30\/100\n|move|p2a: Audino|Skill Swap|p1a: uranium\n|-activate|p2a: Audino|move: Skill Swap|Punk Rock|Healer|[of] p1a: uranium\n|\n|upkeep\n|turn|14\n|c|\u2606Viruskiller|u wot me\n|c|\u2606Viruskiller|no more abilty help boost\n|c|\u2606Scribblemax|I have weaponized Audino's terrible ability\n|c|\u2606Viruskiller|audino bout you but that sucked for me\n|c|\u2606Scribblemax|it is your burden now, not mine\n|\n|t:|1700639178\n|move|p1a: uranium|Boomburst|p2a: Audino\n|-damage|p2a: Audino|3\/100\n|move|p2a: Audino|Rest|p2a: Audino\n|-status|p2a: Audino|slp|[from] move: Rest\n|-heal|p2a: Audino|100\/100 slp|[silent]\n|\n|upkeep\n|turn|15\n|c|\u2606Viruskiller|still got 495 spa\n|\n|t:|1700639200\n|move|p1a: uranium|Boomburst|p2a: Audino\n|-damage|p2a: Audino|74\/100 slp\n|cant|p2a: Audino|slp\n|move|p2a: Audino|Sleep Talk|p2a: Audino\n|move|p2a: Audino|Dazzling Gleam|p1a: uranium|[from]move: Sleep Talk\n|-damage|p1a: uranium|0 fnt\n|faint|p1a: uranium\n|\n|upkeep\n|\n|t:|1700639207\n|switch|p1a: the rockler|Kleavor, F|74\/100\n|turn|16\n|c|\u2606Scribblemax|you got 0 hp\n|c|\u2606Viruskiller|fu\n|c|\u2606Scribblemax|<3\n|c|\u2606Viruskiller|yeah\n|c|\u2606Viruskiller|he ded af\n|c|\u2606Viruskiller|wait\n|c|\u2606Scribblemax|bruh I don't even know who this guy is\n|c|\u2606Viruskiller|i dont think thats shiny?\n|c|\u2606Scribblemax|no it is\n|\n|t:|1700639252\n|move|p1a: the rockler|Stone Axe|p2a: Audino\n|-damage|p2a: Audino|39\/100 slp\n|-sidestart|p2: Scribblemax|move: Stealth Rock\n|-damage|p1a: the rockler|64\/100|[from] item: Life Orb\n|cant|p2a: Audino|slp\n|\n|upkeep\n|turn|17\n|c|\u2606Viruskiller|well ok then\n|c|\u2606Scribblemax|omg I clicked dazzling gleam instead of sleep talk\n|c|\u2606Scribblemax|L\n|c|\u2606Viruskiller|fun fact this pokemon u dont know can attack and set rocks in one move\n|\n|t:|1700639277\n|switch|p2a: Tentacruel|Tentacruel, M|100\/100\n|-damage|p2a: Tentacruel|88\/100|[from] Stealth Rock\n|move|p1a: the rockler|X-Scissor|p2a: Tentacruel\n|-resisted|p2a: Tentacruel\n|-damage|p2a: Tentacruel|53\/100\n|-damage|p1a: the rockler|54\/100|[from] item: Life Orb\n|\n|-heal|p2a: Tentacruel|59\/100|[from] item: Black Sludge\n|upkeep\n|turn|18\n|c|\u2606Scribblemax|pretty next gen bruv\n|\n|t:|1700639291\n|move|p2a: Tentacruel|Scald|p1a: the rockler\n|-supereffective|p1a: the rockler\n|-damage|p1a: the rockler|0 fnt\n|faint|p1a: the rockler\n|\n|-heal|p2a: Tentacruel|65\/100|[from] item: Black Sludge\n|upkeep\n|\n|t:|1700639299\n|switch|p1a: slash|Sceptile, F|100\/100\n|turn|19\n|\n|t:|1700639304\n|move|p1a: slash|Endure|p1a: slash\n|-singleturn|p1a: slash|move: Endure\n|move|p2a: Tentacruel|Knock Off|p1a: slash\n|-damage|p1a: slash|74\/100\n|-enditem|p1a: slash|Weakness Policy|[from] move: Knock Off|[of] p2a: Tentacruel\n|\n|-heal|p2a: Tentacruel|71\/100|[from] item: Black Sludge\n|upkeep\n|turn|20\n|c|\u2606Viruskiller|ah fuck sake\n|c|\u2606Viruskiller|unverden shit\n|c|\u2606Viruskiller|never works wither used or knocked of\n|c|\u2606Scribblemax|i panicked for a second\n|\n|t:|1700639345\n|move|p1a: slash|Earthquake|p2a: Tentacruel\n|-supereffective|p2a: Tentacruel\n|-damage|p2a: Tentacruel|13\/100\n|move|p2a: Tentacruel|Scald|p1a: slash\n|-resisted|p1a: slash\n|-damage|p1a: slash|58\/100\n|\n|-heal|p2a: Tentacruel|19\/100|[from] item: Black Sludge\n|upkeep\n|turn|21\n|c|\u2606Viruskiller|im alredy doing that\n|c|\u2606Viruskiller|cuz of my shit ass abilty that never works cuz broken ass game im now fucked\n|\n|t:|1700639372\n|move|p1a: slash|Earthquake|p2a: Tentacruel\n|-supereffective|p2a: Tentacruel\n|-damage|p2a: Tentacruel|0 fnt\n|faint|p2a: Tentacruel\n|\n|upkeep\n|\n|t:|1700639380\n|switch|p2a: Venusaur|Venusaur, M|100\/100\n|-damage|p2a: Venusaur|88\/100|[from] Stealth Rock\n|turn|22\n|\n|t:|1700639386\n|switch|p1a: storm|Greninja, F|100\/100\n|move|p2a: Venusaur|Sludge Bomb|p1a: storm\n|-damage|p1a: storm|38\/100\n|\n|upkeep\n|turn|23\n|\n|t:|1700639396\n|move|p1a: storm|Ice Beam|p2a: Venusaur\n|-start|p1a: storm|typechange|Ice|[from] ability: Protean\n|-supereffective|p2a: Venusaur\n|-damage|p2a: Venusaur|4\/100\n|move|p2a: Venusaur|Sludge Bomb|p1a: storm\n|-damage|p1a: storm|0 fnt\n|faint|p1a: storm\n|\n|upkeep\n|\n|t:|1700639399\n|switch|p1a: slash|Sceptile, F|58\/100\n|turn|24\n|\n|t:|1700639408\n|move|p1a: slash|Thunder Punch|p2a: Venusaur\n|-resisted|p2a: Venusaur\n|-damage|p2a: Venusaur|0 fnt\n|faint|p2a: Venusaur\n|\n|upkeep\n|c|\u2606Scribblemax|ohno\n|\n|t:|1700639413\n|switch|p2a: Audino|Audino-Mega, F, shiny|39\/100 slp\n|-damage|p2a: Audino|26\/100 slp|[from] Stealth Rock\n|turn|25\n|\n|t:|1700639420\n|move|p1a: slash|Leaf Blade|p2a: Audino\n|-damage|p2a: Audino|1\/100 slp\n|-curestatus|p2a: Audino|slp|[msg]\n|move|p2a: Audino|Rest|p2a: Audino\n|-status|p2a: Audino|slp|[from] move: Rest\n|-heal|p2a: Audino|100\/100 slp|[silent]\n|\n|upkeep\n|turn|26\n|c|\u2606Scribblemax|1HP WONDER\n|c|\u2606Viruskiller|BRO WTF\n|c|\u2606Viruskiller|HOW\n|c|\u2606Viruskiller|EASFJTG4E\n|c|\u2606Viruskiller|5\n|\n|t:|1700639435\n|move|p1a: slash|Leaf Blade|p2a: Audino\n|-damage|p2a: Audino|75\/100 slp\n|cant|p2a: Audino|slp\n|move|p2a: Audino|Sleep Talk|p2a: Audino\n|move|p2a: Audino|Rest||[from]move: Sleep Talk|[still]\n|-fail|p2a: Audino\n|\n|upkeep\n|turn|27\n|\n|t:|1700639446\n|move|p1a: slash|Earthquake|p2a: Audino\n|-damage|p2a: Audino|55\/100 slp\n|cant|p2a: Audino|slp\n|move|p2a: Audino|Sleep Talk|p2a: Audino\n|move|p2a: Audino|Skill Swap|p1a: slash|[from]move: Sleep Talk\n|-activate|p2a: Audino|move: Skill Swap|Unburden|Healer|[of] p1a: slash\n|\n|upkeep\n|turn|28\n|\n|t:|1700639459\n|move|p1a: slash|Thunder Punch|p2a: Audino\n|-damage|p2a: Audino|40\/100 slp\n|-curestatus|p2a: Audino|slp|[msg]\n|move|p2a: Audino|Rest|p2a: Audino\n|-status|p2a: Audino|slp|[from] move: Rest\n|-heal|p2a: Audino|100\/100 slp|[silent]\n|\n|upkeep\n|turn|29\n|c|\u2606Viruskiller|u suck\n|c|\u2606Scribblemax|i love you long time\n|c|\u2606Viruskiller|my abilty wont do anything anyways\n|c|\u2606Viruskiller|so l\n|\n|t:|1700639481\n|move|p1a: slash|Thunder Punch|p2a: Audino\n|-damage|p2a: Audino|87\/100 slp\n|cant|p2a: Audino|slp\n|move|p2a: Audino|Sleep Talk|p2a: Audino\n|move|p2a: Audino|Dazzling Gleam|p1a: slash|[from]move: Sleep Talk\n|-damage|p1a: slash|27\/100\n|\n|upkeep\n|turn|30\n|c|\u2606Scribblemax|neither will Healer\n|c|\u2606Viruskiller|no\n|c|\u2606Viruskiller|no\n|c|\u2606Viruskiller|par please\n|c|\u2606Viruskiller|please\n|\n|t:|1700639493\n|move|p1a: slash|Thunder Punch|p2a: Audino\n|-damage|p2a: Audino|73\/100 slp\n|cant|p2a: Audino|slp\n|move|p2a: Audino|Sleep Talk|p2a: Audino\n|move|p2a: Audino|Dazzling Gleam|p1a: slash|[from]move: Sleep Talk\n|-damage|p1a: slash|0 fnt\n|faint|p1a: slash\n|\n|win|Scribblemax\n|raw|Viruskiller's rating: 1035 &rarr; <strong>1018<\/strong><br \/>(-17 for losing)\n|raw|Scribblemax's rating: 1000 &rarr; <strong>1044<\/strong><br \/>(+44 for winning)\n|c|\u2606Viruskiller|please\n|c|\u2606Viruskiller|FUCK\n|c|\u2606Viruskiller|ok gg\n","uploadtime":1700639367,"views":0,"p1id":"viruskiller","p2id":"scribblemax","formatid":"gen9nationaldex","rating":1018,"private":0,"password":""}