{"id":"gen9nationaldex-1996783372","p1":"mantidfly","p2":"AxolotlNumber2","format":"[Gen 9] National Dex","log":"|html|<div class=\"broadcast-blue\"><strong>[Gen 9] National Dex is currently suspecting Sneasler! For information on how to participate check out the <a href=\"https:\/\/www.smogon.com\/forums\/threads\/sv-national-dex-suspect-8-just-dance.3731534\/\">suspect thread<\/a>.<\/strong><\/div>\n|j|\u2606mantidfly\n|j|\u2606AxolotlNumber2\n|t:|1700724626\n|gametype|singles\n|player|p1|mantidfly|policeman-gen4|1150\n|player|p2|AxolotlNumber2|firebreather|1098\n|teamsize|p1|6\n|teamsize|p2|6\n|gen|9\n|tier|[Gen 9] National Dex\n|rated|\n|rule|HP Percentage Mod: HP is shown in percentages\n|rule|Endless Battle Clause: Forcing endless battles is banned\n|rule|OHKO Clause: OHKO moves are banned\n|rule|Evasion Clause: Evasion abilities, items, and moves are banned\n|rule|Evasion Abilities Clause: Evasion abilities are banned\n|rule|Evasion Items Clause: Evasion items are banned\n|rule|Evasion Moves Clause: Evasion moves are banned\n|rule|Species Clause: Limit one of each Pok\u00e9mon\n|rule|Sleep Clause Mod: Limit one foe put to sleep\n|clearpoke\n|poke|p1|Quaquaval, M|\n|poke|p1|Weavile, M|\n|poke|p1|Scizor, F|\n|poke|p1|Murkrow, M|\n|poke|p1|Slurpuff, M|\n|poke|p1|Sceptile, M|\n|poke|p2|Pelipper, F|\n|poke|p2|Urshifu-*, F|\n|poke|p2|Rotom-Wash|\n|poke|p2|Kommo-o, M|\n|poke|p2|Hawlucha, F|\n|poke|p2|Rillaboom, F|\n|teampreview\n|inactive|Battle timer is ON: inactive players will automatically lose when time's up. (requested by mantidfly)\n|c|\u2606AxolotlNumber2|glhf\n|c|\u2606mantidfly|Gljg\n|c|\u2606mantidfly|Glhf\n|\n|t:|1700724641\n|start\n|switch|p1a: Slurpuff|Slurpuff, M|100\/100\n|switch|p2a: Pelipper|Pelipper, F|100\/100\n|-weather|RainDance|[from] ability: Drizzle|[of] p2a: Pelipper\n|turn|1\n|\n|t:|1700724648\n|move|p1a: Slurpuff|Belly Drum|p1a: Slurpuff\n|-damage|p1a: Slurpuff|50\/100\n|-setboost|p1a: Slurpuff|atk|6|[from] move: Belly Drum\n|-enditem|p1a: Slurpuff|Sitrus Berry|[eat]\n|-heal|p1a: Slurpuff|75\/100|[from] item: Sitrus Berry\n|move|p2a: Pelipper|Hurricane|p1a: Slurpuff\n|-damage|p1a: Slurpuff|6\/100\n|-start|p1a: Slurpuff|confusion\n|\n|-weather|RainDance|[upkeep]\n|upkeep\n|turn|2\n|\n|t:|1700724671\n|-activate|p1a: Slurpuff|confusion\n|move|p1a: Slurpuff|Play Rough|p2a: Pelipper\n|-damage|p2a: Pelipper|0 fnt\n|faint|p2a: Pelipper\n|\n|-weather|RainDance|[upkeep]\n|upkeep\n|\n|t:|1700724678\n|switch|p2a: Rillaboom|Rillaboom, F|100\/100\n|-fieldstart|move: Grassy Terrain|[from] ability: Grassy Surge|[of] p2a: Rillaboom\n|turn|3\n|\n|t:|1700724686\n|move|p2a: Rillaboom|Grassy Glide|p1a: Slurpuff\n|-damage|p1a: Slurpuff|0 fnt\n|faint|p1a: Slurpuff\n|\n|-weather|RainDance|[upkeep]\n|upkeep\n|\n|t:|1700724693\n|switch|p1a: Murkrow|Murkrow, M|100\/100\n|turn|4\n|c|\u2606AxolotlNumber2|why didn't u concider to use a z move on slurpuff\n|\n|t:|1700724700\n|switch|p2a: Rotom|Rotom-Wash|100\/100\n|move|p1a: Murkrow|Calm Mind|p1a: Murkrow\n|-boost|p1a: Murkrow|spa|1\n|-boost|p1a: Murkrow|spd|1\n|\n|-weather|RainDance|[upkeep]\n|upkeep\n|turn|5\n|\n|t:|1700724708\n|move|p2a: Rotom|Thunder Wave|p1a: Murkrow\n|-status|p1a: Murkrow|par\n|cant|p1a: Murkrow|par\n|\n|-weather|RainDance|[upkeep]\n|upkeep\n|turn|6\n|\n|t:|1700724714\n|move|p2a: Rotom|Thunder|p1a: Murkrow\n|-supereffective|p1a: Murkrow\n|-damage|p1a: Murkrow|0 fnt\n|faint|p1a: Murkrow\n|\n|-weather|RainDance|[upkeep]\n|upkeep\n|\n|t:|1700724735\n|switch|p1a: Gunter|Sceptile, M|100\/100\n|turn|7\n|\n|t:|1700724741\n|move|p1a: Gunter|Leaf Blade|p2a: Rotom\n|-supereffective|p2a: Rotom\n|-damage|p2a: Rotom|1\/100\n|move|p2a: Rotom|Thunder Wave|p1a: Gunter\n|-status|p1a: Gunter|par\n|\n|-weather|RainDance|[upkeep]\n|-heal|p2a: Rotom|7\/100|[from] item: Leftovers\n|upkeep\n|turn|8\n|\n|t:|1700724753\n|move|p2a: Rotom|Thunder|p1a: Gunter\n|-resisted|p1a: Gunter\n|-damage|p1a: Gunter|62\/100 par\n|move|p1a: Gunter|Leaf Blade|p2a: Rotom\n|-supereffective|p2a: Rotom\n|-damage|p2a: Rotom|0 fnt\n|faint|p2a: Rotom\n|\n|-weather|none\n|-heal|p1a: Gunter|68\/100 par|[from] Grassy Terrain\n|upkeep\n|\n|t:|1700724762\n|switch|p2a: Kommo-o|Kommo-o, M|100\/100\n|turn|9\n|\n|t:|1700724773\n|move|p2a: Kommo-o|Clangorous Soul|p2a: Kommo-o\n|-boost|p2a: Kommo-o|atk|1\n|-boost|p2a: Kommo-o|def|1\n|-boost|p2a: Kommo-o|spa|1\n|-boost|p2a: Kommo-o|spd|1\n|-boost|p2a: Kommo-o|spe|1\n|-damage|p2a: Kommo-o|68\/100\n|-enditem|p2a: Kommo-o|Throat Spray\n|-boost|p2a: Kommo-o|spa|1|[from] item: Throat Spray\n|move|p1a: Gunter|Acrobatics|p2a: Kommo-o\n|-supereffective|p2a: Kommo-o\n|-damage|p2a: Kommo-o|47\/100\n|\n|-heal|p2a: Kommo-o|53\/100|[from] Grassy Terrain\n|-heal|p1a: Gunter|74\/100 par|[from] Grassy Terrain\n|upkeep\n|turn|10\n|\n|t:|1700724799\n|move|p2a: Kommo-o|Clanging Scales|p1a: Gunter\n|-damage|p1a: Gunter|0 fnt\n|faint|p1a: Gunter\n|-unboost|p2a: Kommo-o|def|1\n|\n|-heal|p2a: Kommo-o|59\/100|[from] Grassy Terrain\n|-fieldend|move: Grassy Terrain\n|upkeep\n|inactive|mantidfly has 120 seconds left.\n|\n|t:|1700724843\n|switch|p1a: Ken|Weavile, M|100\/100\n|-ability|p1a: Ken|Pressure\n|turn|11\n|c|\u2606AxolotlNumber2|yo u there?\n|\n|t:|1700724855\n|move|p2a: Kommo-o|Aura Sphere|p1a: Ken\n|-supereffective|p1a: Ken\n|-damage|p1a: Ken|0 fnt\n|faint|p1a: Ken\n|\n|upkeep\n|inactive|mantidfly has 90 seconds left.\n|\n|t:|1700724870\n|switch|p1a: Scizor|Scizor, F|100\/100\n|turn|12\n|c|\u2606AxolotlNumber2|like use scizor, it probobly got duel wingbeat\n|inactive|mantidfly has 90 seconds left.\n|\n|t:|1700724881\n|detailschange|p1a: Scizor|Scizor-Mega, F\n|-mega|p1a: Scizor|Scizor|Scizorite\n|move|p1a: Scizor|Bullet Punch|p2a: Kommo-o\n|-damage|p2a: Kommo-o|23\/100\n|move|p2a: Kommo-o|Aura Sphere|p1a: Scizor\n|-damage|p1a: Scizor|37\/100\n|\n|upkeep\n|turn|13\n|inactive|mantidfly has 90 seconds left.\n|\n|t:|1700724889\n|move|p1a: Scizor|Bullet Punch|p2a: Kommo-o\n|-damage|p2a: Kommo-o|0 fnt\n|faint|p2a: Kommo-o\n|\n|upkeep\n|\n|t:|1700724896\n|switch|p2a: Urshifu|Urshifu-Rapid-Strike, F|100\/100\n|turn|14\n|inactive|mantidfly has 90 seconds left.\n|\n|t:|1700724911\n|move|p2a: Urshifu|Surging Strikes|p1a: Scizor\n|-crit|p1a: Scizor\n|-damage|p1a: Scizor|21\/100\n|-crit|p1a: Scizor\n|-damage|p1a: Scizor|7\/100\n|-crit|p1a: Scizor\n|-damage|p1a: Scizor|0 fnt\n|faint|p1a: Scizor\n|-hitcount|p1: Scizor|3\n|\n|upkeep\n|inactive|mantidfly has 90 seconds left.\n|\n|t:|1700724917\n|switch|p1a: Bal Chagi|Quaquaval, M|100\/100\n|turn|15\n|inactive|mantidfly has 90 seconds left.\n|\n|t:|1700724929\n|move|p2a: Urshifu|Surging Strikes|p1a: Bal Chagi\n|-resisted|p1a: Bal Chagi\n|-crit|p1a: Bal Chagi\n|-damage|p1a: Bal Chagi|86\/100\n|-resisted|p1a: Bal Chagi\n|-crit|p1a: Bal Chagi\n|-damage|p1a: Bal Chagi|74\/100\n|-resisted|p1a: Bal Chagi\n|-crit|p1a: Bal Chagi\n|-damage|p1a: Bal Chagi|61\/100\n|-hitcount|p1a: Bal Chagi|3\n|move|p1a: Bal Chagi|Aqua Step|p2a: Urshifu\n|-resisted|p2a: Urshifu\n|-damage|p2a: Urshifu|70\/100\n|-boost|p1a: Bal Chagi|spe|1\n|\n|upkeep\n|turn|16\n|inactive|mantidfly has 90 seconds left.\n|\n|t:|1700724942\n|switch|p2a: Rillaboom|Rillaboom, F|100\/100\n|-fieldstart|move: Grassy Terrain|[from] ability: Grassy Surge|[of] p2a: Rillaboom\n|move|p1a: Bal Chagi|Aqua Step|p2a: Rillaboom\n|-resisted|p2a: Rillaboom\n|-damage|p2a: Rillaboom|69\/100\n|-boost|p1a: Bal Chagi|spe|1\n|\n|-heal|p1a: Bal Chagi|67\/100|[from] Grassy Terrain\n|-heal|p2a: Rillaboom|76\/100|[from] Grassy Terrain\n|upkeep\n|turn|17\n|\n|t:|1700724954\n|move|p2a: Rillaboom|Grassy Glide|p1a: Bal Chagi\n|-supereffective|p1a: Bal Chagi\n|-damage|p1a: Bal Chagi|0 fnt\n|faint|p1a: Bal Chagi\n|\n|win|AxolotlNumber2\n|raw|mantidfly's rating: 1150 &rarr; <strong>1121<\/strong><br \/>(-29 for losing)\n|raw|AxolotlNumber2's rating: 1098 &rarr; <strong>1127<\/strong><br \/>(+29 for winning)\n|c|\u2606mantidfly|Gg\n|c|\u2606AxolotlNumber2|ggs\n|l|\u2606AxolotlNumber2\n","uploadtime":1700724968,"views":1,"p1id":"mantidfly","p2id":"axolotlnumber2","formatid":"gen9nationaldex","rating":1121,"private":0,"password":""}