{"id":"gen9nationaldex-1995466980","p1":"gobbyhappy","p2":"VarcoDoesBattles","format":"[Gen 9] National Dex","log":"|html|<div class=\"broadcast-blue\"><strong>[Gen 9] National Dex is currently suspecting Sneasler! For information on how to participate check out the <a href=\"https:\/\/www.smogon.com\/forums\/threads\/sv-national-dex-suspect-8-just-dance.3731534\/\">suspect thread<\/a>.<\/strong><\/div>\n|j|\u2606gobbyhappy\n|j|\u2606VarcoDoesBattles\n|t:|1700574054\n|gametype|singles\n|player|p1|gobbyhappy|1|1581\n|player|p2|VarcoDoesBattles|essentia|1496\n|teamsize|p1|6\n|teamsize|p2|6\n|gen|9\n|tier|[Gen 9] National Dex\n|rated|\n|rule|HP Percentage Mod: HP is shown in percentages\n|rule|Endless Battle Clause: Forcing endless battles is banned\n|rule|OHKO Clause: OHKO moves are banned\n|rule|Evasion Clause: Evasion abilities, items, and moves are banned\n|rule|Evasion Abilities Clause: Evasion abilities are banned\n|rule|Evasion Items Clause: Evasion items are banned\n|rule|Evasion Moves Clause: Evasion moves are banned\n|rule|Species Clause: Limit one of each Pok\u00e9mon\n|rule|Sleep Clause Mod: Limit one foe put to sleep\n|clearpoke\n|poke|p1|Scizor, F|\n|poke|p1|Garganacl, M|\n|poke|p1|Alomomola, M|\n|poke|p1|Hoopa-Unbound|\n|poke|p1|Ogerpon-Wellspring, F|\n|poke|p1|Corviknight, F|\n|poke|p2|Florges-White, F|\n|poke|p2|Skarmory, M|\n|poke|p2|Great Tusk|\n|poke|p2|Banette, F|\n|poke|p2|Hoopa-Unbound|\n|poke|p2|Vaporeon, M|\n|teampreview\n|inactive|Battle timer is ON: inactive players will automatically lose when time's up. (requested by gobbyhappy)\n|\n|t:|1700574070\n|start\n|switch|p1a: Hoopa|Hoopa-Unbound|100\/100\n|switch|p2a: Holes|Hoopa-Unbound|100\/100\n|turn|1\n|\n|t:|1700574083\n|switch|p2a: Mammoth Being|Great Tusk|100\/100\n|move|p1a: Hoopa|Hyperspace Fury|p2a: Mammoth Being\n|-resisted|p2a: Mammoth Being\n|-crit|p2a: Mammoth Being\n|-damage|p2a: Mammoth Being|50\/100\n|-unboost|p1a: Hoopa|def|1\n|\n|upkeep\n|turn|2\n|\n|t:|1700574088\n|switch|p1a: Corviknight|Corviknight, F|100\/100\n|-ability|p1a: Corviknight|Pressure\n|move|p2a: Mammoth Being|Close Combat|p1a: Corviknight\n|-damage|p1a: Corviknight|61\/100\n|-unboost|p2a: Mammoth Being|def|1\n|-unboost|p2a: Mammoth Being|spd|1\n|-damage|p2a: Mammoth Being|34\/100|[from] item: Rocky Helmet|[of] p1a: Corviknight\n|\n|upkeep\n|turn|3\n|\n|t:|1700574103\n|-end|p2a: Mammoth Being|Protosynthesis|[silent]\n|switch|p2a: Fe|Skarmory, M|100\/100\n|move|p1a: Corviknight|Roost|p1a: Corviknight\n|-heal|p1a: Corviknight|100\/100\n|-singleturn|p1a: Corviknight|move: Roost\n|\n|upkeep\n|turn|4\n|\n|t:|1700574124\n|switch|p1a: Hoopa|Hoopa-Unbound|100\/100\n|move|p2a: Fe|Spikes|p1a: Hoopa\n|-sidestart|p1: gobbyhappy|Spikes\n|\n|upkeep\n|turn|5\n|\n|t:|1700574134\n|move|p1a: Hoopa|Hyperspace Fury|p2a: Fe\n|-damage|p2a: Fe|40\/100\n|-unboost|p1a: Hoopa|def|1\n|move|p2a: Fe|Body Press|p1a: Hoopa\n|-damage|p1a: Hoopa|20\/100\n|\n|upkeep\n|turn|6\n|\n|t:|1700574152\n|switch|p2a: Mammoth Being|Great Tusk|34\/100\n|move|p1a: Hoopa|Hyperspace Fury|p2a: Mammoth Being\n|-resisted|p2a: Mammoth Being\n|-damage|p2a: Mammoth Being|0 fnt\n|-unboost|p1a: Hoopa|def|1\n|faint|p2a: Mammoth Being\n|-end|p2a: Mammoth Being|Protosynthesis|[silent]\n|\n|upkeep\n|\n|t:|1700574163\n|switch|p2a: Bouquet|Florges-White, F|100\/100\n|turn|7\n|\n|t:|1700574166\n|move|p1a: Hoopa|Hyperspace Fury|p2a: Bouquet\n|-resisted|p2a: Bouquet\n|-damage|p2a: Bouquet|38\/100\n|-unboost|p1a: Hoopa|def|1\n|move|p2a: Bouquet|Moonblast|p1a: Hoopa\n|-supereffective|p1a: Hoopa\n|-damage|p1a: Hoopa|0 fnt\n|faint|p1a: Hoopa\n|\n|-heal|p2a: Bouquet|44\/100|[from] item: Leftovers\n|upkeep\n|\n|t:|1700574172\n|switch|p1a: Scizor|Scizor, F|100\/100\n|-damage|p1a: Scizor|88\/100|[from] Spikes\n|turn|8\n|\n|t:|1700574197\n|switch|p2a: You Wouldn't|Vaporeon, M|100\/100\n|detailschange|p1a: Scizor|Scizor-Mega, F\n|-mega|p1a: Scizor|Scizor|Scizorite\n|move|p1a: Scizor|Swords Dance|p1a: Scizor\n|-boost|p1a: Scizor|atk|2\n|\n|upkeep\n|turn|9\n|\n|t:|1700574202\n|move|p1a: Scizor|Knock Off|p2a: You Wouldn't\n|-damage|p2a: You Wouldn't|11\/100\n|-enditem|p2a: You Wouldn't|Leftovers|[from] move: Knock Off|[of] p1a: Scizor\n|move|p2a: You Wouldn't|Wish|p2a: You Wouldn't\n|\n|upkeep\n|turn|10\n|\n|t:|1700574208\n|switch|p2a: Fe|Skarmory, M|40\/100\n|move|p1a: Scizor|Swords Dance|p1a: Scizor\n|-boost|p1a: Scizor|atk|2\n|\n|-heal|p2a: Fe|100\/100|[from] move: Wish|[wisher] You Wouldn't\n|upkeep\n|turn|11\n|\n|t:|1700574212\n|move|p2a: Fe|Iron Defense|p2a: Fe\n|-boost|p2a: Fe|def|2\n|move|p1a: Scizor|Knock Off|p2a: Fe\n|-damage|p2a: Fe|66\/100\n|-damage|p1a: Scizor|72\/100|[from] item: Rocky Helmet|[of] p2a: Fe\n|-enditem|p2a: Fe|Rocky Helmet|[from] move: Knock Off|[of] p1a: Scizor\n|\n|upkeep\n|turn|12\n|\n|t:|1700574218\n|switch|p1a: Garganacl|Garganacl, M|100\/100\n|-damage|p1a: Garganacl|88\/100|[from] Spikes\n|move|p2a: Fe|Iron Defense|p2a: Fe\n|-boost|p2a: Fe|def|2\n|\n|-heal|p1a: Garganacl|94\/100|[from] item: Leftovers\n|upkeep\n|turn|13\n|\n|t:|1700574224\n|-terastallize|p1a: Garganacl|Ghost\n|move|p2a: Fe|Body Press|p1a: Garganacl\n|-immune|p1a: Garganacl\n|move|p1a: Garganacl|Iron Defense|p1a: Garganacl\n|-boost|p1a: Garganacl|def|2\n|\n|-heal|p1a: Garganacl|100\/100|[from] item: Leftovers\n|upkeep\n|turn|14\n|\n|t:|1700574241\n|switch|p2a: Dolly|Banette, F|100\/100\n|-item|p1a: Garganacl|Leftovers|[from] ability: Frisk|[of] p2a: Dolly|[identify]\n|move|p1a: Garganacl|Iron Defense|p1a: Garganacl\n|-boost|p1a: Garganacl|def|2\n|\n|upkeep\n|turn|15\n|\n|t:|1700574244\n|detailschange|p2a: Dolly|Banette-Mega, F\n|-mega|p2a: Dolly|Banette|Banettite\n|move|p2a: Dolly|Encore|p1a: Garganacl\n|-start|p1a: Garganacl|Encore\n|move|p1a: Garganacl|Iron Defense|p1a: Garganacl\n|-boost|p1a: Garganacl|def|2\n|\n|upkeep\n|turn|16\n|\n|t:|1700574250\n|switch|p2a: Holes|Hoopa-Unbound|100\/100\n|switch|p1a: Alomomola|Alomomola, M|100\/100\n|\n|upkeep\n|turn|17\n|\n|t:|1700574279\n|move|p2a: Holes|Dark Pulse|p1a: Alomomola\n|-damage|p1a: Alomomola|1\/100\n|move|p1a: Alomomola|Wish|p1a: Alomomola\n|\n|upkeep\n|turn|18\n|\n|t:|1700574302\n|move|p1a: Alomomola|Protect|p1a: Alomomola\n|-singleturn|p1a: Alomomola|Protect\n|move|p2a: Holes|Dark Pulse|p1a: Alomomola\n|-activate|p1a: Alomomola|move: Protect\n|\n|-heal|p1a: Alomomola|51\/100|[from] move: Wish|[wisher] Alomomola\n|upkeep\n|turn|19\n|\n|t:|1700574318\n|switch|p1a: Scizor|Scizor-Mega, F|72\/100\n|-damage|p1a: Scizor|59\/100|[from] Spikes\n|move|p2a: Holes|Dark Pulse|p1a: Scizor\n|-damage|p1a: Scizor|0 fnt\n|faint|p1a: Scizor\n|\n|upkeep\n|\n|t:|1700574320\n|switch|p1a: Ogerpon|Ogerpon-Wellspring, F|100\/100\n|-damage|p1a: Ogerpon|88\/100|[from] Spikes\n|turn|20\n|\n|t:|1700574332\n|switch|p2a: You Wouldn't|Vaporeon, M|11\/100\n|move|p1a: Ogerpon|Ivy Cudgel|p2a: You Wouldn't|[anim] Ivy Cudgel Water\n|-heal|p2a: You Wouldn't|36\/100|[from] ability: Water Absorb|[of] p1a: Ogerpon\n|\n|upkeep\n|turn|21\n|\n|t:|1700574343\n|switch|p2a: Dolly|Banette-Mega, F|100\/100\n|move|p1a: Ogerpon|Swords Dance|p1a: Ogerpon\n|-boost|p1a: Ogerpon|atk|2\n|\n|upkeep\n|turn|22\n|\n|t:|1700574348\n|move|p2a: Dolly|Encore|p1a: Ogerpon\n|-start|p1a: Ogerpon|Encore\n|move|p1a: Ogerpon|Swords Dance|p1a: Ogerpon\n|-boost|p1a: Ogerpon|atk|2\n|\n|upkeep\n|turn|23\n|\n|t:|1700574359\n|switch|p1a: Alomomola|Alomomola, M|85\/100\n|move|p2a: Dolly|Poltergeist|p1a: Alomomola\n|-activate|p1a: Alomomola|move: Poltergeist|Heavy-Duty Boots\n|-damage|p1a: Alomomola|45\/100\n|\n|upkeep\n|turn|24\n|\n|t:|1700574365\n|move|p2a: Dolly|Swords Dance|p2a: Dolly\n|-boost|p2a: Dolly|atk|2\n|move|p1a: Alomomola|Flip Turn|p2a: Dolly\n|-damage|p2a: Dolly|78\/100\n|\n|t:|1700574370\n|switch|p1a: Ogerpon|Ogerpon-Wellspring, F|88\/100|[from] Flip Turn\n|-damage|p1a: Ogerpon|76\/100|[from] Spikes\n|\n|upkeep\n|turn|25\n|\n|t:|1700574389\n|move|p1a: Ogerpon|Encore|p2a: Dolly\n|-start|p2a: Dolly|Encore\n|move|p2a: Dolly|Swords Dance|p2a: Dolly\n|-boost|p2a: Dolly|atk|2\n|\n|upkeep\n|turn|26\n|\n|t:|1700574394\n|switch|p2a: You Wouldn't|Vaporeon, M|36\/100\n|move|p1a: Ogerpon|Swords Dance|p1a: Ogerpon\n|-boost|p1a: Ogerpon|atk|2\n|\n|upkeep\n|turn|27\n|\n|t:|1700574402\n|-terastallize|p2a: You Wouldn't|Grass\n|move|p1a: Ogerpon|Horn Leech|p2a: You Wouldn't\n|-resisted|p2a: You Wouldn't\n|-damage|p2a: You Wouldn't|0 fnt\n|-heal|p1a: Ogerpon|100\/100|[from] drain|[of] p2a: You Wouldn't\n|faint|p2a: You Wouldn't\n|\n|upkeep\n|\n|t:|1700574410\n|switch|p2a: Dolly|Banette-Mega, F|78\/100\n|turn|28\n|\n|t:|1700574418\n|move|p2a: Dolly|Destiny Bond|p2a: Dolly\n|-singlemove|p2a: Dolly|Destiny Bond\n|move|p1a: Ogerpon|Encore|p2a: Dolly\n|-start|p2a: Dolly|Encore\n|\n|upkeep\n|turn|29\n|\n|t:|1700574426\n|move|p2a: Dolly|Destiny Bond||[still]\n|-fail|p2a: Dolly\n|move|p1a: Ogerpon|Ivy Cudgel|p2a: Dolly|[anim] Ivy Cudgel Water\n|-damage|p2a: Dolly|0 fnt\n|faint|p2a: Dolly\n|\n|upkeep\n|\n|t:|1700574432\n|switch|p2a: Fe|Skarmory, M|66\/100\n|turn|30\n|\n|t:|1700574435\n|move|p1a: Ogerpon|Ivy Cudgel|p2a: Fe|[anim] Ivy Cudgel Water\n|-damage|p2a: Fe|0 fnt\n|faint|p2a: Fe\n|\n|upkeep\n|\n|t:|1700574437\n|switch|p2a: Bouquet|Florges-White, F|44\/100\n|turn|31\n|\n|t:|1700574439\n|move|p1a: Ogerpon|Ivy Cudgel|p2a: Bouquet|[anim] Ivy Cudgel Water\n|-damage|p2a: Bouquet|0 fnt\n|faint|p2a: Bouquet\n|\n|upkeep\n|\n|t:|1700574459\n|switch|p2a: Holes|Hoopa-Unbound|100\/100\n|turn|32\n|\n|t:|1700574463\n|move|p1a: Ogerpon|Ivy Cudgel|p2a: Holes|[anim] Ivy Cudgel Water\n|-damage|p2a: Holes|0 fnt\n|faint|p2a: Holes\n|\n|win|gobbyhappy\n|raw|gobbyhappy's rating: 1581 &rarr; <strong>1596<\/strong><br \/>(+15 for winning)\n|raw|VarcoDoesBattles's rating: 1496 &rarr; <strong>1481<\/strong><br \/>(-15 for losing)\n|c|\u2606VarcoDoesBattles|ggwp\n|c|\u2606gobbyhappy|gg\n|l|\u2606VarcoDoesBattles\n","uploadtime":1700574473,"views":11,"p1id":"gobbyhappy","p2id":"varcodoesbattles","formatid":"gen9nationaldex","rating":1481,"private":0,"password":""}