{"id":"gen9nationaldex-1991813304","p1":"Koolwraith","p2":"kilatas","format":"[Gen 9] National Dex","log":"|j|\u2606Koolwraith\n|j|\u2606kilatas\n|t:|1700122058\n|gametype|singles\n|player|p1|Koolwraith|karen|1171\n|player|p2|kilatas|picnicker|1094\n|teamsize|p1|6\n|teamsize|p2|6\n|gen|9\n|tier|[Gen 9] National Dex\n|rated|\n|rule|HP Percentage Mod: HP is shown in percentages\n|rule|Endless Battle Clause: Forcing endless battles is banned\n|rule|OHKO Clause: OHKO moves are banned\n|rule|Evasion Clause: Evasion abilities, items, and moves are banned\n|rule|Evasion Abilities Clause: Evasion abilities are banned\n|rule|Evasion Items Clause: Evasion items are banned\n|rule|Evasion Moves Clause: Evasion moves are banned\n|rule|Species Clause: Limit one of each Pok\u00e9mon\n|rule|Sleep Clause Mod: Limit one foe put to sleep\n|clearpoke\n|poke|p1|Galvantula, M|\n|poke|p1|Breloom, M|\n|poke|p1|Swampert, M|\n|poke|p1|Togekiss, M|\n|poke|p1|Porygon2|\n|poke|p1|Mew|\n|poke|p2|Ambipom, F|\n|poke|p2|Meowscarada, M|\n|poke|p2|Tauros, M|\n|poke|p2|Porygon-Z|\n|poke|p2|Glalie, F|\n|poke|p2|Klinklang|\n|teampreview\n|inactive|Battle timer is ON: inactive players will automatically lose when time's up. (requested by kilatas)\n|\n|t:|1700122066\n|start\n|switch|p1a: Breloom|Breloom, M|100\/100\n|switch|p2a: Hangry|Glalie, F, shiny|100\/100\n|turn|1\n|\n|t:|1700122074\n|detailschange|p2a: Hangry|Glalie-Mega, F, shiny\n|-mega|p2a: Hangry|Glalie|Glalitite\n|move|p2a: Hangry|Body Slam|p1a: Breloom\n|-supereffective|p1a: Breloom\n|-damage|p1a: Breloom|0 fnt\n|faint|p1a: Breloom\n|\n|upkeep\n|\n|t:|1700122085\n|switch|p1a: Mew|Mew|100\/100\n|turn|2\n|\n|t:|1700122090\n|move|p2a: Hangry|Body Slam|p1a: Mew\n|-damage|p1a: Mew|59\/100\n|-status|p1a: Mew|par\n|-activate|p1a: Mew|ability: Synchronize\n|-status|p2a: Hangry|par\n|move|p1a: Mew|Cosmic Power|p1a: Mew\n|-boost|p1a: Mew|def|1\n|-boost|p1a: Mew|spd|1\n|\n|upkeep\n|turn|3\n|\n|t:|1700122100\n|move|p2a: Hangry|Hex|p1a: Mew\n|-supereffective|p1a: Mew\n|-crit|p1a: Mew\n|-damage|p1a: Mew|0 fnt\n|faint|p1a: Mew\n|\n|upkeep\n|\n|t:|1700122105\n|switch|p1a: Togekiss|Togekiss, M|100\/100\n|turn|4\n|\n|t:|1700122111\n|-terastallize|p1a: Togekiss|Fairy\n|move|p1a: Togekiss|Ancient Power|p2a: Hangry\n|-supereffective|p2a: Hangry\n|-damage|p2a: Hangry|39\/100 par\n|-boost|p1a: Togekiss|atk|1\n|-boost|p1a: Togekiss|def|1\n|-boost|p1a: Togekiss|spa|1\n|-boost|p1a: Togekiss|spd|1\n|-boost|p1a: Togekiss|spe|1\n|cant|p2a: Hangry|par\n|\n|upkeep\n|turn|5\n|\n|t:|1700122119\n|move|p1a: Togekiss|Ancient Power|p2a: Hangry\n|-supereffective|p2a: Hangry\n|-damage|p2a: Hangry|0 fnt\n|-boost|p1a: Togekiss|atk|1\n|-boost|p1a: Togekiss|def|1\n|-boost|p1a: Togekiss|spa|1\n|-boost|p1a: Togekiss|spd|1\n|-boost|p1a: Togekiss|spe|1\n|faint|p2a: Hangry\n|\n|upkeep\n|\n|t:|1700122123\n|switch|p2a: inCOGnito|Klinklang, shiny|100\/100\n|-item|p2a: inCOGnito|Air Balloon\n|turn|6\n|\n|t:|1700122130\n|move|p1a: Togekiss|Air Slash|p2a: inCOGnito\n|-resisted|p2a: inCOGnito\n|-damage|p2a: inCOGnito|36\/100\n|-enditem|p2a: inCOGnito|Air Balloon\n|cant|p2a: inCOGnito|flinch\n|\n|upkeep\n|turn|7\n|\n|t:|1700122138\n|move|p1a: Togekiss|Air Slash|p2a: inCOGnito\n|-resisted|p2a: inCOGnito\n|-damage|p2a: inCOGnito|0 fnt\n|faint|p2a: inCOGnito\n|\n|upkeep\n|\n|t:|1700122142\n|switch|p2a: Parsley moment|Meowscarada, M, shiny|100\/100\n|turn|8\n|\n|t:|1700122145\n|move|p1a: Togekiss|Air Slash|p2a: Parsley moment\n|-supereffective|p2a: Parsley moment\n|-damage|p2a: Parsley moment|0 fnt\n|faint|p2a: Parsley moment\n|\n|upkeep\n|\n|t:|1700122150\n|switch|p2a: Milk me good|Tauros, M|100\/100\n|turn|9\n|\n|t:|1700122153\n|move|p1a: Togekiss|Air Slash|p2a: Milk me good\n|-damage|p2a: Milk me good|0 fnt\n|faint|p2a: Milk me good\n|\n|upkeep\n|\n|t:|1700122156\n|switch|p2a: MONKE HIT!|Ambipom, F|100\/100\n|turn|10\n|\n|t:|1700122159\n|-terastallize|p2a: MONKE HIT!|Normal\n|move|p2a: MONKE HIT!|Fake Out|p1a: Togekiss\n|-damage|p1a: Togekiss|82\/100\n|cant|p1a: Togekiss|flinch\n|\n|-heal|p1a: Togekiss|88\/100|[from] item: Leftovers\n|upkeep\n|turn|11\n|\n|t:|1700122166\n|move|p1a: Togekiss|Air Slash|p2a: MONKE HIT!\n|-crit|p2a: MONKE HIT!\n|-damage|p2a: MONKE HIT!|0 fnt\n|faint|p2a: MONKE HIT!\n|\n|-heal|p1a: Togekiss|94\/100|[from] item: Leftovers\n|upkeep\n|\n|t:|1700122167\n|switch|p2a: Shape Tool > Oval|Porygon-Z, shiny|100\/100\n|turn|12\n|\n|t:|1700122173\n|move|p1a: Togekiss|Air Slash|p2a: Shape Tool > Oval\n|-damage|p2a: Shape Tool > Oval|0 fnt\n|faint|p2a: Shape Tool > Oval\n|\n|win|Koolwraith\n|raw|Koolwraith's rating: 1171 &rarr; <strong>1191<\/strong><br \/>(+20 for winning)\n|raw|kilatas's rating: 1094 &rarr; <strong>1075<\/strong><br \/>(-19 for losing)\n|l|\u2606kilatas\n","uploadtime":1700122184,"views":5,"p1id":"koolwraith","p2id":"kilatas","formatid":"gen9nationaldex","rating":1075,"private":0,"password":""}