{"id":"gen9nationaldex-1993903138","p1":"cgrtier","p2":"bazhujiadenvfen","format":"[Gen 9] National Dex","log":"|j|\u2606cgrtier\n|j|\u2606bazhujiadenvfen\n|t:|1700372759\n|gametype|singles\n|player|p1|cgrtier|diantha-masters|1397\n|player|p2|bazhujiadenvfen|2|1326\n|teamsize|p1|6\n|teamsize|p2|6\n|gen|9\n|tier|[Gen 9] National Dex\n|rated|\n|rule|HP Percentage Mod: HP is shown in percentages\n|rule|Endless Battle Clause: Forcing endless battles is banned\n|rule|OHKO Clause: OHKO moves are banned\n|rule|Evasion Clause: Evasion abilities, items, and moves are banned\n|rule|Evasion Abilities Clause: Evasion abilities are banned\n|rule|Evasion Items Clause: Evasion items are banned\n|rule|Evasion Moves Clause: Evasion moves are banned\n|rule|Species Clause: Limit one of each Pok\u00e9mon\n|rule|Sleep Clause Mod: Limit one foe put to sleep\n|clearpoke\n|poke|p1|Alomomola, F|\n|poke|p1|Magnezone|\n|poke|p1|Charizard, M|\n|poke|p1|Moltres|\n|poke|p1|Rillaboom, M|\n|poke|p1|Zeraora|\n|poke|p2|Slowbro-Galar, F|\n|poke|p2|Garchomp, F|\n|poke|p2|Zamazenta-*|\n|poke|p2|Rillaboom, M|\n|poke|p2|Torterra, F|\n|poke|p2|Serperior, F|\n|teampreview\n|\n|t:|1700372772\n|start\n|switch|p1a: Zeraora|Zeraora|100\/100\n|switch|p2a: Garchomp|Garchomp, F|100\/100\n|turn|1\n|inactive|Battle timer is ON: inactive players will automatically lose when time's up. (requested by cgrtier)\n|\n|t:|1700372813\n|move|p1a: Zeraora|Play Rough|p2a: Garchomp\n|-supereffective|p2a: Garchomp\n|-damage|p2a: Garchomp|42\/100\n|-damage|p1a: Zeraora|88\/100|[from] ability: Rough Skin|[of] p2a: Garchomp\n|move|p2a: Garchomp|Stealth Rock|p1a: Zeraora\n|-sidestart|p1: cgrtier|move: Stealth Rock\n|\n|upkeep\n|turn|2\n|\n|t:|1700372824\n|switch|p2a: Slowbro|Slowbro-Galar, F|100\/100\n|move|p1a: Zeraora|Play Rough|p2a: Slowbro\n|-resisted|p2a: Slowbro\n|-damage|p2a: Slowbro|91\/100\n|\n|upkeep\n|turn|3\n|\n|t:|1700372835\n|-zpower|p1a: Zeraora\n|move|p1a: Zeraora|Z-Hone Claws|p1a: Zeraora|[anim]Hone Claws\n|-boost|p1a: Zeraora|atk|1|[zeffect]\n|-boost|p1a: Zeraora|atk|1\n|-boost|p1a: Zeraora|accuracy|1\n|move|p2a: Slowbro|Iron Defense|p2a: Slowbro\n|-boost|p2a: Slowbro|def|2\n|\n|upkeep\n|turn|4\n|\n|t:|1700372850\n|move|p1a: Zeraora|Plasma Fists|p2a: Slowbro\n|-damage|p2a: Slowbro|59\/100\n|-fieldactivate|move: Ion Deluge\n|-hint|Normal-type moves become Electric-type after using Plasma Fists.\n|move|p2a: Slowbro|Body Press|p1a: Zeraora\n|-damage|p1a: Zeraora|19\/100\n|\n|upkeep\n|turn|5\n|\n|t:|1700372865\n|switch|p1a: Moltres|Moltres|100\/100\n|move|p2a: Slowbro|Body Press|p1a: Moltres\n|-resisted|p1a: Moltres\n|-crit|p1a: Moltres\n|-damage|p1a: Moltres|77\/100\n|\n|upkeep\n|turn|6\n|c|\u2606cgrtier|\u7535\u732b\u662f\u4ec0\u4e48fw\n|\n|t:|1700372878\n|move|p1a: Moltres|Defog|p2a: Slowbro\n|-unboost|p2a: Slowbro|evasion|1\n|-sideend|p1: cgrtier|Stealth Rock|[from] move: Defog|[of] p1a: Moltres\n|move|p2a: Slowbro|Scald|p1a: Moltres\n|-supereffective|p1a: Moltres\n|-damage|p1a: Moltres|37\/100\n|\n|upkeep\n|turn|7\n|\n|t:|1700372890\n|detailschange|p2a: Slowbro|Slowbro-Mega, F\n|-mega|p2a: Slowbro|Slowbro|Slowbronite\n|move|p1a: Moltres|Roost|p1a: Moltres\n|-heal|p1a: Moltres|87\/100\n|-singleturn|p1a: Moltres|move: Roost\n|move|p2a: Slowbro|Body Press|p1a: Moltres\n|-damage|p1a: Moltres|35\/100\n|-status|p2a: Slowbro|brn|[from] ability: Flame Body|[of] p1a: Moltres\n|\n|-damage|p2a: Slowbro|53\/100 brn|[from] brn\n|upkeep\n|turn|8\n|\n|t:|1700372903\n|move|p1a: Moltres|Roost|p1a: Moltres\n|-heal|p1a: Moltres|85\/100\n|-singleturn|p1a: Moltres|move: Roost\n|move|p2a: Slowbro|Scald|p1a: Moltres\n|-supereffective|p1a: Moltres\n|-damage|p1a: Moltres|17\/100\n|\n|-damage|p2a: Slowbro|47\/100 brn|[from] brn\n|upkeep\n|turn|9\n|\n|t:|1700372915\n|move|p1a: Moltres|U-turn|p2a: Slowbro\n|-supereffective|p2a: Slowbro\n|-damage|p2a: Slowbro|40\/100 brn\n|\n|t:|1700372926\n|switch|p1a: Zeraora|Zeraora|19\/100|[from] U-turn\n|move|p2a: Slowbro|Fire Blast|p1a: Zeraora\n|-damage|p1a: Zeraora|0 fnt\n|faint|p1a: Zeraora\n|\n|-damage|p2a: Slowbro|34\/100 brn|[from] brn\n|upkeep\n|\n|t:|1700372932\n|switch|p1a: Magnezone|Magnezone|100\/100\n|turn|10\n|\n|t:|1700372944\n|move|p1a: Magnezone|Volt Switch|p2a: Slowbro\n|-supereffective|p2a: Slowbro\n|-damage|p2a: Slowbro|0 fnt\n|faint|p2a: Slowbro\n|\n|t:|1700372951\n|switch|p1a: Alomomola|Alomomola, F|100\/100|[from] Volt Switch\n|\n|upkeep\n|\n|t:|1700372959\n|switch|p2a: Rillaboom|Rillaboom, M|100\/100\n|-fieldstart|move: Grassy Terrain|[from] ability: Grassy Surge|[of] p2a: Rillaboom\n|turn|11\n|\n|t:|1700372969\n|move|p1a: Alomomola|Protect|p1a: Alomomola\n|-singleturn|p1a: Alomomola|Protect\n|move|p2a: Rillaboom|U-turn|p1a: Alomomola\n|-activate|p1a: Alomomola|move: Protect\n|\n|upkeep\n|turn|12\n|\n|t:|1700372979\n|switch|p2a: Torterra|Torterra, F|100\/100\n|move|p1a: Alomomola|Toxic|p2a: Torterra\n|-status|p2a: Torterra|tox\n|\n|-damage|p2a: Torterra|94\/100 tox|[from] psn\n|upkeep\n|turn|13\n|\n|t:|1700372994\n|move|p1a: Alomomola|Protect|p1a: Alomomola\n|-singleturn|p1a: Alomomola|Protect\n|move|p2a: Torterra|Shell Smash|p2a: Torterra\n|-unboost|p2a: Torterra|def|1\n|-unboost|p2a: Torterra|spd|1\n|-boost|p2a: Torterra|atk|2\n|-boost|p2a: Torterra|spa|2\n|-boost|p2a: Torterra|spe|2\n|\n|-heal|p2a: Torterra|100\/100 tox|[from] Grassy Terrain\n|-damage|p2a: Torterra|88\/100 tox|[from] psn\n|upkeep\n|turn|14\n|\n|t:|1700373006\n|switch|p1a: Moltres|Moltres|17\/100\n|move|p2a: Torterra|Wood Hammer|p1a: Moltres\n|-resisted|p1a: Moltres\n|-damage|p1a: Moltres|0 fnt\n|faint|p1a: Moltres\n|-damage|p2a: Torterra|83\/100 tox|[from] Recoil\n|\n|-heal|p2a: Torterra|89\/100 tox|[from] Grassy Terrain\n|-damage|p2a: Torterra|71\/100 tox|[from] psn\n|upkeep\n|\n|t:|1700373014\n|switch|p1a: Rillaboom|Rillaboom, M|100\/100\n|turn|15\n|\n|t:|1700373020\n|-terastallize|p2a: Torterra|Grass\n|move|p1a: Rillaboom|Grassy Glide|p2a: Torterra\n|-resisted|p2a: Torterra\n|-damage|p2a: Torterra|31\/100 tox\n|move|p2a: Torterra|Wood Hammer|p1a: Rillaboom\n|-resisted|p1a: Rillaboom\n|-damage|p1a: Rillaboom|0 fnt\n|faint|p1a: Rillaboom\n|-damage|p2a: Torterra|0 fnt|[from] Recoil\n|faint|p2a: Torterra\n|\n|upkeep\n|\n|t:|1700373036\n|switch|p1a: Charizard|Charizard, M|100\/100\n|switch|p2a: Serperior|Serperior, F, shiny|100\/100\n|turn|16\n|\n|t:|1700373043\n|detailschange|p1a: Charizard|Charizard-Mega-Y, M\n|-mega|p1a: Charizard|Charizard|Charizardite Y\n|-weather|SunnyDay|[from] ability: Drought|[of] p1a: Charizard\n|move|p2a: Serperior|Glare|p1a: Charizard\n|-status|p1a: Charizard|par\n|move|p1a: Charizard|Weather Ball|p2a: Serperior\n|-supereffective|p2a: Serperior\n|-damage|p2a: Serperior|0 fnt\n|faint|p2a: Serperior\n|\n|-weather|SunnyDay|[upkeep]\n|upkeep\n|\n|t:|1700373056\n|switch|p2a: Zamazenta|Zamazenta|100\/100\n|-ability|p2a: Zamazenta|Dauntless Shield|boost\n|-boost|p2a: Zamazenta|def|1\n|turn|17\n|\n|t:|1700373060\n|move|p2a: Zamazenta|Stone Edge|p1a: Charizard\n|-supereffective|p1a: Charizard\n|-damage|p1a: Charizard|0 fnt\n|faint|p1a: Charizard\n|\n|-weather|SunnyDay|[upkeep]\n|upkeep\n|\n|t:|1700373066\n|switch|p1a: Alomomola|Alomomola, F|100\/100\n|turn|18\n|\n|t:|1700373074\n|switch|p2a: Garchomp|Garchomp, F|42\/100\n|move|p1a: Alomomola|Toxic|p2a: Garchomp|[miss]\n|-miss|p1a: Alomomola|p2a: Garchomp\n|\n|-weather|SunnyDay|[upkeep]\n|-heal|p2a: Garchomp|48\/100|[from] Grassy Terrain\n|-fieldend|move: Grassy Terrain\n|upkeep\n|turn|19\n|\n|t:|1700373083\n|move|p2a: Garchomp|Swords Dance|p2a: Garchomp\n|-boost|p2a: Garchomp|atk|2\n|move|p1a: Alomomola|Toxic|p2a: Garchomp|[miss]\n|-miss|p1a: Alomomola|p2a: Garchomp\n|\n|-weather|SunnyDay|[upkeep]\n|upkeep\n|turn|20\n|\n|t:|1700373103\n|-zpower|p2a: Garchomp\n|move|p2a: Garchomp|Devastating Drake|p1a: Alomomola|[zeffect]\n|-damage|p1a: Alomomola|3\/100\n|move|p1a: Alomomola|Flip Turn|p2a: Garchomp\n|-damage|p2a: Garchomp|41\/100\n|-damage|p1a: Alomomola|0 fnt|[from] ability: Rough Skin|[of] p2a: Garchomp\n|faint|p1a: Alomomola\n|\n|-weather|none\n|upkeep\n|\n|t:|1700373112\n|switch|p1a: Magnezone|Magnezone|100\/100\n|turn|21\n|\n|t:|1700373118\n|-terastallize|p1a: Magnezone|Electric\n|move|p2a: Garchomp|Earthquake|p1a: Magnezone\n|-supereffective|p1a: Magnezone\n|-damage|p1a: Magnezone|0 fnt\n|faint|p1a: Magnezone\n|\n|win|bazhujiadenvfen\n|raw|cgrtier's rating: 1397 &rarr; <strong>1373<\/strong><br \/>(-24 for losing)\n|raw|bazhujiadenvfen's rating: 1326 &rarr; <strong>1350<\/strong><br \/>(+24 for winning)\n","uploadtime":1700373129,"views":8,"p1id":"cgrtier","p2id":"bazhujiadenvfen","formatid":"gen9nationaldex","rating":1350,"private":0,"password":""}