{"id":"gen9nationaldex-1990093614","p1":"enenooxx3","p2":"mtyqjltz4","format":"[Gen 9] National Dex","log":"|j|\u2606enenooxx3\n|j|\u2606mtyqjltz4\n|t:|1699923832\n|gametype|singles\n|player|p1|enenooxx3|beauty-gen4dp|1441\n|player|p2|mtyqjltz4|elesa|1483\n|teamsize|p1|6\n|teamsize|p2|6\n|gen|9\n|tier|[Gen 9] National Dex\n|rated|\n|rule|HP Percentage Mod: HP is shown in percentages\n|rule|Endless Battle Clause: Forcing endless battles is banned\n|rule|OHKO Clause: OHKO moves are banned\n|rule|Evasion Clause: Evasion abilities, items, and moves are banned\n|rule|Evasion Abilities Clause: Evasion abilities are banned\n|rule|Evasion Items Clause: Evasion items are banned\n|rule|Evasion Moves Clause: Evasion moves are banned\n|rule|Species Clause: Limit one of each Pok\u00e9mon\n|rule|Sleep Clause Mod: Limit one foe put to sleep\n|clearpoke\n|poke|p1|Articuno-Galar|\n|poke|p1|Glimmora, M|\n|poke|p1|Banette, M|\n|poke|p1|Hatterene, F|\n|poke|p1|Great Tusk|\n|poke|p1|Hydreigon, M|\n|poke|p2|Beedrill, M|\n|poke|p2|Chansey, F|\n|poke|p2|Garchomp, M|\n|poke|p2|Urshifu-*, M|\n|poke|p2|Zapdos|\n|poke|p2|Tapu Lele|\n|teampreview\n|inactive|Battle timer is ON: inactive players will automatically lose when time's up. (requested by enenooxx3)\n|\n|t:|1699923865\n|start\n|switch|p1a: Banette|Banette, M|100\/100\n|switch|p2a: Chansey|Chansey, F|100\/100\n|turn|1\n|\n|t:|1699923883\n|switch|p1a: Glimmora|Glimmora, M|100\/100\n|move|p2a: Chansey|Toxic|p1a: Glimmora\n|-immune|p1a: Glimmora\n|\n|upkeep\n|turn|2\n|\n|t:|1699923887\n|move|p1a: Glimmora|Stealth Rock|p2a: Chansey\n|-sidestart|p2: mtyqjltz4|move: Stealth Rock\n|move|p2a: Chansey|Seismic Toss|p1a: Glimmora\n|-damage|p1a: Glimmora|68\/100\n|-activate|p1a: Glimmora|ability: Toxic Debris\n|-sidestart|p2: mtyqjltz4|move: Toxic Spikes\n|\n|upkeep\n|turn|3\n|\n|t:|1699923904\n|move|p1a: Glimmora|Mortal Spin|p2a: Chansey\n|-damage|p2a: Chansey|97\/100\n|-status|p2a: Chansey|psn\n|move|p2a: Chansey|Seismic Toss|p1a: Glimmora\n|-damage|p1a: Glimmora|35\/100\n|-activate|p1a: Glimmora|ability: Toxic Debris\n|-sidestart|p2: mtyqjltz4|move: Toxic Spikes\n|\n|-damage|p2a: Chansey|84\/100 psn|[from] psn\n|upkeep\n|turn|4\n|\n|t:|1699923918\n|switch|p1a: Banette|Banette, M|100\/100\n|move|p2a: Chansey|Seismic Toss|p1a: Banette\n|-immune|p1a: Banette\n|\n|-damage|p2a: Chansey|72\/100 psn|[from] psn\n|upkeep\n|turn|5\n|\n|t:|1699923920\n|detailschange|p1a: Banette|Banette-Mega, M\n|-mega|p1a: Banette|Banette|Banettite\n|move|p1a: Banette|Encore|p2a: Chansey\n|-start|p2a: Chansey|Encore\n|move|p2a: Chansey|Seismic Toss|p1a: Banette\n|-immune|p1a: Banette\n|\n|-damage|p2a: Chansey|60\/100 psn|[from] psn\n|upkeep\n|turn|6\n|\n|t:|1699923926\n|-curestatus|p2a: Chansey|psn|[from] ability: Natural Cure\n|switch|p2a: Zapdos|Zapdos|100\/100\n|move|p1a: Banette|Poltergeist|p2a: Zapdos\n|-activate|p2a: Zapdos|move: Poltergeist|Heavy-Duty Boots\n|-damage|p2a: Zapdos|44\/100\n|\n|upkeep\n|turn|7\n|\n|t:|1699923939\n|move|p1a: Banette|Poltergeist|p2a: Zapdos\n|-activate|p2a: Zapdos|move: Poltergeist|Heavy-Duty Boots\n|-damage|p2a: Zapdos|0 fnt\n|faint|p2a: Zapdos\n|\n|upkeep\n|\n|t:|1699923943\n|switch|p2a: Beedrill|Beedrill, M|100\/100\n|-damage|p2a: Beedrill|76\/100|[from] Stealth Rock\n|-sideend|p2: mtyqjltz4|move: Toxic Spikes|[of] p2a: Beedrill\n|turn|8\n|\n|t:|1699923948\n|switch|p1a: Glimmora|Glimmora, M|35\/100\n|detailschange|p2a: Beedrill|Beedrill-Mega, M\n|-mega|p2a: Beedrill|Beedrill|Beedrillite\n|move|p2a: Beedrill|Knock Off|p1a: Glimmora\n|-damage|p1a: Glimmora|0 fnt\n|-activate|p1a: Glimmora|ability: Toxic Debris\n|-sidestart|p2: mtyqjltz4|move: Toxic Spikes\n|-enditem|p1a: Glimmora|Focus Sash|[from] move: Knock Off|[of] p2a: Beedrill\n|faint|p1a: Glimmora\n|\n|upkeep\n|\n|t:|1699923958\n|switch|p1a: Great Tusk|Great Tusk|100\/100\n|turn|9\n|\n|t:|1699923970\n|move|p2a: Beedrill|U-turn|p1a: Great Tusk\n|-resisted|p1a: Great Tusk\n|-damage|p1a: Great Tusk|87\/100\n|\n|t:|1699923978\n|switch|p2a: Urshifu|Urshifu-Rapid-Strike, M|100\/100|[from] U-turn\n|-damage|p2a: Urshifu|94\/100|[from] Stealth Rock\n|-status|p2a: Urshifu|psn\n|move|p1a: Great Tusk|Rapid Spin|p2a: Urshifu\n|-damage|p2a: Urshifu|81\/100 psn\n|-boost|p1a: Great Tusk|spe|1\n|\n|-heal|p1a: Great Tusk|93\/100|[from] item: Leftovers\n|-damage|p2a: Urshifu|68\/100 psn|[from] psn\n|upkeep\n|turn|10\n|\n|t:|1699924007\n|-terastallize|p1a: Great Tusk|Water\n|move|p1a: Great Tusk|Bulk Up|p1a: Great Tusk\n|-boost|p1a: Great Tusk|atk|1\n|-boost|p1a: Great Tusk|def|1\n|move|p2a: Urshifu|Trailblaze|p1a: Great Tusk\n|-supereffective|p1a: Great Tusk\n|-damage|p1a: Great Tusk|80\/100\n|-boost|p2a: Urshifu|spe|1\n|\n|-heal|p1a: Great Tusk|87\/100|[from] item: Leftovers\n|-damage|p2a: Urshifu|56\/100 psn|[from] psn\n|upkeep\n|turn|11\n|\n|t:|1699924015\n|move|p2a: Urshifu|Swords Dance|p2a: Urshifu\n|-boost|p2a: Urshifu|atk|2\n|move|p1a: Great Tusk|Rapid Spin|p2a: Urshifu\n|-damage|p2a: Urshifu|36\/100 psn\n|-boost|p1a: Great Tusk|spe|1\n|\n|-heal|p1a: Great Tusk|93\/100|[from] item: Leftovers\n|-damage|p2a: Urshifu|23\/100 psn|[from] psn\n|upkeep\n|turn|12\n|\n|t:|1699924031\n|move|p2a: Urshifu|Close Combat|p1a: Great Tusk\n|-damage|p1a: Great Tusk|53\/100\n|-unboost|p2a: Urshifu|def|1\n|-unboost|p2a: Urshifu|spd|1\n|move|p1a: Great Tusk|Earthquake|p2a: Urshifu\n|-damage|p2a: Urshifu|0 fnt\n|faint|p2a: Urshifu\n|\n|-heal|p1a: Great Tusk|59\/100|[from] item: Leftovers\n|upkeep\n|inactive|mtyqjltz4 has 120 seconds left.\n|\n|t:|1699924056\n|switch|p2a: Tapu Lele|Tapu Lele|100\/100\n|-damage|p2a: Tapu Lele|88\/100|[from] Stealth Rock\n|-status|p2a: Tapu Lele|psn\n|-fieldstart|move: Psychic Terrain|[from] ability: Psychic Surge|[of] p2a: Tapu Lele\n|turn|13\n|\n|t:|1699924066\n|move|p2a: Tapu Lele|Moonblast|p1a: Great Tusk\n|-crit|p1a: Great Tusk\n|-damage|p1a: Great Tusk|0 fnt\n|faint|p1a: Great Tusk\n|-end|p1a: Great Tusk|Protosynthesis|[silent]\n|\n|-damage|p2a: Tapu Lele|76\/100 psn|[from] psn\n|upkeep\n|\n|t:|1699924069\n|switch|p1a: Articuno|Articuno-Galar|100\/100\n|turn|14\n|\n|t:|1699924074\n|switch|p2a: Chansey|Chansey, F|60\/100\n|-damage|p2a: Chansey|47\/100|[from] Stealth Rock\n|-status|p2a: Chansey|psn\n|move|p1a: Articuno|Agility|p1a: Articuno\n|-boost|p1a: Articuno|spe|2\n|\n|-damage|p2a: Chansey|35\/100 psn|[from] psn\n|upkeep\n|turn|15\n|\n|t:|1699924082\n|switch|p1a: Hatterene|Hatterene, F|100\/100\n|move|p2a: Chansey|Soft-Boiled|p2a: Chansey\n|-heal|p2a: Chansey|85\/100 psn\n|\n|-damage|p2a: Chansey|72\/100 psn|[from] psn\n|upkeep\n|turn|16\n|\n|t:|1699924089\n|move|p1a: Hatterene|Psyshock|p2a: Chansey\n|-damage|p2a: Chansey|44\/100 psn\n|move|p2a: Chansey|Teleport|p2a: Chansey\n|\n|t:|1699924092\n|-curestatus|p2a: Chansey|psn|[from] ability: Natural Cure\n|switch|p2a: Beedrill|Beedrill-Mega, M|76\/100|[from] Teleport\n|-damage|p2a: Beedrill|51\/100|[from] Stealth Rock\n|-sideend|p2: mtyqjltz4|move: Toxic Spikes|[of] p2a: Beedrill\n|\n|upkeep\n|turn|17\n|\n|t:|1699924099\n|switch|p1a: Hydreigon|Hydreigon, M|100\/100\n|move|p2a: Beedrill|Poison Jab|p1a: Hydreigon\n|-damage|p1a: Hydreigon|45\/100\n|\n|-heal|p1a: Hydreigon|52\/100|[from] item: Leftovers\n|-fieldend|move: Psychic Terrain\n|upkeep\n|turn|18\n|\n|t:|1699924111\n|move|p2a: Beedrill|U-turn|p1a: Hydreigon\n|-supereffective|p1a: Hydreigon\n|-damage|p1a: Hydreigon|0 fnt\n|faint|p1a: Hydreigon\n|\n|t:|1699924133\n|switch|p2a: Chansey|Chansey, F|44\/100|[from] U-turn\n|-damage|p2a: Chansey|32\/100|[from] Stealth Rock\n|\n|upkeep\n|\n|t:|1699924139\n|switch|p1a: Banette|Banette-Mega, M|100\/100\n|turn|19\n|\n|t:|1699924146\n|switch|p1a: Hatterene|Hatterene, F|100\/100\n|move|p2a: Chansey|Soft-Boiled|p2a: Chansey\n|-heal|p2a: Chansey|82\/100\n|\n|upkeep\n|turn|20\n|\n|t:|1699924155\n|move|p1a: Hatterene|Nuzzle|p2a: Chansey\n|-damage|p2a: Chansey|79\/100\n|-status|p2a: Chansey|par\n|move|p2a: Chansey|Teleport|p2a: Chansey\n|\n|t:|1699924161\n|-curestatus|p2a: Chansey|par|[from] ability: Natural Cure\n|switch|p2a: Beedrill|Beedrill-Mega, M|51\/100|[from] Teleport\n|-damage|p2a: Beedrill|26\/100|[from] Stealth Rock\n|\n|upkeep\n|turn|21\n|\n|t:|1699924167\n|move|p2a: Beedrill|Poison Jab|p1a: Hatterene\n|-supereffective|p1a: Hatterene\n|-damage|p1a: Hatterene|0 fnt\n|faint|p1a: Hatterene\n|\n|upkeep\n|\n|t:|1699924170\n|switch|p1a: Articuno|Articuno-Galar|100\/100\n|turn|22\n|\n|t:|1699924177\n|move|p2a: Beedrill|Knock Off|p1a: Articuno\n|-supereffective|p1a: Articuno\n|-damage|p1a: Articuno|50\/100\n|-enditem|p1a: Articuno|Leftovers|[from] move: Knock Off|[of] p2a: Beedrill\n|move|p1a: Articuno|Agility|p1a: Articuno\n|-boost|p1a: Articuno|spe|2\n|\n|upkeep\n|turn|23\n|\n|t:|1699924186\n|switch|p2a: Chansey|Chansey, F|79\/100\n|-damage|p2a: Chansey|67\/100|[from] Stealth Rock\n|move|p1a: Articuno|Calm Mind|p1a: Articuno\n|-boost|p1a: Articuno|spa|1\n|-boost|p1a: Articuno|spd|1\n|\n|upkeep\n|turn|24\n|\n|t:|1699924198\n|move|p1a: Articuno|Calm Mind|p1a: Articuno\n|-boost|p1a: Articuno|spa|1\n|-boost|p1a: Articuno|spd|1\n|move|p2a: Chansey|Toxic|p1a: Articuno\n|-status|p1a: Articuno|tox\n|\n|-damage|p1a: Articuno|44\/100 tox|[from] psn\n|upkeep\n|turn|25\n|\n|t:|1699924202\n|move|p1a: Articuno|Recover|p1a: Articuno\n|-heal|p1a: Articuno|94\/100 tox\n|move|p2a: Chansey|Soft-Boiled|p2a: Chansey\n|-heal|p2a: Chansey|100\/100\n|\n|-damage|p1a: Articuno|81\/100 tox|[from] psn\n|upkeep\n|turn|26\n|\n|t:|1699924205\n|move|p1a: Articuno|Calm Mind|p1a: Articuno\n|-boost|p1a: Articuno|spa|1\n|-boost|p1a: Articuno|spd|1\n|move|p2a: Chansey|Seismic Toss|p1a: Articuno\n|-damage|p1a: Articuno|55\/100 tox\n|\n|-damage|p1a: Articuno|36\/100 tox|[from] psn\n|upkeep\n|turn|27\n|\n|t:|1699924210\n|move|p1a: Articuno|Stored Power|p2a: Chansey\n|-damage|p2a: Chansey|45\/100\n|move|p2a: Chansey|Seismic Toss|p1a: Articuno\n|-damage|p1a: Articuno|10\/100 tox\n|\n|-damage|p1a: Articuno|0 fnt|[from] psn\n|faint|p1a: Articuno\n|upkeep\n|-message|enenooxx3 forfeited.\n|\n|win|mtyqjltz4\n|raw|enenooxx3's rating: 1441 &rarr; <strong>1423<\/strong><br \/>(-18 for losing)\n|raw|mtyqjltz4's rating: 1483 &rarr; <strong>1501<\/strong><br \/>(+18 for winning)\n|l|\u2606enenooxx3\n","uploadtime":1699924218,"views":4,"p1id":"enenooxx3","p2id":"mtyqjltz4","formatid":"gen9nationaldex","rating":1423,"private":0,"password":""}