{"id":"gen9nationaldex-2000670643","p1":"KingoftheTitans","p2":"tuuma","format":"[Gen 9] National Dex","log":"|html|<div class=\"broadcast-blue\"><strong>[Gen 9] National Dex is currently suspecting Sneasler! For information on how to participate check out the <a href=\"https:\/\/www.smogon.com\/forums\/threads\/sv-national-dex-suspect-8-just-dance.3731534\/\">suspect thread<\/a>.<\/strong><\/div>\n|j|\u2606KingoftheTitans\n|j|\u2606tuuma\n|t:|1701216920\n|gametype|singles\n|player|p1|KingoftheTitans|2|1266\n|player|p2|tuuma|265|1368\n|teamsize|p1|6\n|teamsize|p2|6\n|gen|9\n|tier|[Gen 9] National Dex\n|rated|\n|rule|HP Percentage Mod: HP is shown in percentages\n|rule|Endless Battle Clause: Forcing endless battles is banned\n|rule|OHKO Clause: OHKO moves are banned\n|rule|Evasion Clause: Evasion abilities, items, and moves are banned\n|rule|Evasion Abilities Clause: Evasion abilities are banned\n|rule|Evasion Items Clause: Evasion items are banned\n|rule|Evasion Moves Clause: Evasion moves are banned\n|rule|Species Clause: Limit one of each Pok\u00e9mon\n|rule|Sleep Clause Mod: Limit one foe put to sleep\n|clearpoke\n|poke|p1|Diancie|\n|poke|p1|Volcarona, F|\n|poke|p1|Ursaluna, M|\n|poke|p1|Dragonite, M|\n|poke|p1|Ogerpon-Wellspring, F|\n|poke|p1|Raikou|\n|poke|p2|Quaquaval, M|\n|poke|p2|Glimmora, M|\n|poke|p2|Garchomp, F|\n|poke|p2|Jirachi|\n|poke|p2|Banette, F|\n|poke|p2|Ferrothorn, F|\n|teampreview\n|inactive|Battle timer is ON: inactive players will automatically lose when time's up. (requested by tuuma)\n|\n|t:|1701216929\n|start\n|switch|p1a: Diancie|Diancie|100\/100\n|switch|p2a: Garchomp|Garchomp, F|100\/100\n|turn|1\n|\n|t:|1701216938\n|detailschange|p1a: Diancie|Diancie-Mega\n|-mega|p1a: Diancie|Diancie|Diancite\n|-terastallize|p2a: Garchomp|Poison\n|move|p1a: Diancie|Moonblast|p2a: Garchomp\n|-resisted|p2a: Garchomp\n|-damage|p2a: Garchomp|69\/100\n|move|p2a: Garchomp|Earthquake|p1a: Diancie\n|-supereffective|p1a: Diancie\n|-damage|p1a: Diancie|0 fnt\n|faint|p1a: Diancie\n|\n|upkeep\n|\n|t:|1701216951\n|switch|p1a: Dragonite|Dragonite, M|100\/100\n|turn|2\n|\n|t:|1701216955\n|move|p2a: Garchomp|Swords Dance|p2a: Garchomp\n|-boost|p2a: Garchomp|atk|2\n|move|p1a: Dragonite|Dragon Dance|p1a: Dragonite\n|-boost|p1a: Dragonite|atk|1\n|-boost|p1a: Dragonite|spe|1\n|\n|upkeep\n|turn|3\n|\n|t:|1701216961\n|move|p1a: Dragonite|Earthquake|p2a: Garchomp\n|-supereffective|p2a: Garchomp\n|-damage|p2a: Garchomp|0 fnt\n|faint|p2a: Garchomp\n|\n|upkeep\n|\n|t:|1701216967\n|switch|p2a: Banette|Banette, F|100\/100\n|-item|p1a: Dragonite|Leftovers|[from] ability: Frisk|[of] p2a: Banette|[identify]\n|turn|4\n|\n|t:|1701216972\n|switch|p1a: Volcarona|Volcarona, F|100\/100\n|detailschange|p2a: Banette|Banette-Mega, F\n|-mega|p2a: Banette|Banette|Banettite\n|move|p2a: Banette|Will-O-Wisp|p1a: Volcarona\n|-immune|p1a: Volcarona\n|\n|upkeep\n|turn|5\n|\n|t:|1701216980\n|move|p1a: Volcarona|Quiver Dance|p1a: Volcarona\n|-boost|p1a: Volcarona|spa|1\n|-boost|p1a: Volcarona|spd|1\n|-boost|p1a: Volcarona|spe|1\n|move|p2a: Banette|Poltergeist|p1a: Volcarona\n|-activate|p1a: Volcarona|move: Poltergeist|Heavy-Duty Boots\n|-damage|p1a: Volcarona|0 fnt\n|faint|p1a: Volcarona\n|\n|upkeep\n|\n|t:|1701216988\n|switch|p1a: Ursaluna|Ursaluna, M|100\/100\n|turn|6\n|\n|t:|1701216992\n|move|p2a: Banette|Destiny Bond|p2a: Banette\n|-singlemove|p2a: Banette|Destiny Bond\n|move|p1a: Ursaluna|Headlong Rush|p2a: Banette\n|-damage|p2a: Banette|7\/100\n|-unboost|p1a: Ursaluna|def|1\n|-unboost|p1a: Ursaluna|spd|1\n|\n|-status|p1a: Ursaluna|brn|[from] item: Flame Orb\n|upkeep\n|turn|7\n|\n|t:|1701217001\n|move|p2a: Banette|Poltergeist|p1a: Ursaluna\n|-immune|p1a: Ursaluna\n|move|p1a: Ursaluna|Play Rough|p2a: Banette|[miss]\n|-miss|p1a: Ursaluna|p2a: Banette\n|\n|-damage|p1a: Ursaluna|94\/100 brn|[from] brn\n|upkeep\n|turn|8\n|\n|t:|1701217012\n|move|p2a: Banette|Destiny Bond|p2a: Banette\n|-singlemove|p2a: Banette|Destiny Bond\n|move|p1a: Ursaluna|Facade|p2a: Banette\n|-immune|p2a: Banette\n|\n|-damage|p1a: Ursaluna|88\/100 brn|[from] brn\n|upkeep\n|turn|9\n|\n|t:|1701217018\n|move|p2a: Banette|Poltergeist|p1a: Ursaluna\n|-immune|p1a: Ursaluna\n|move|p1a: Ursaluna|Fire Punch|p2a: Banette\n|-damage|p2a: Banette|0 fnt\n|faint|p2a: Banette\n|\n|-damage|p1a: Ursaluna|82\/100 brn|[from] brn\n|upkeep\n|\n|t:|1701217022\n|switch|p2a: Quaquaval|Quaquaval, M|100\/100\n|turn|10\n|\n|t:|1701217028\n|switch|p1a: Ogerpon|Ogerpon-Wellspring, F|100\/100\n|move|p2a: Quaquaval|Aqua Step|p1a: Ogerpon\n|-immune|p1a: Ogerpon|[from] ability: Water Absorb\n|\n|upkeep\n|turn|11\n|\n|t:|1701217035\n|switch|p2a: Ferrothorn|Ferrothorn, F|100\/100\n|move|p1a: Ogerpon|Horn Leech|p2a: Ferrothorn\n|-resisted|p2a: Ferrothorn\n|-damage|p2a: Ferrothorn|95\/100\n|-damage|p1a: Ogerpon|88\/100|[from] ability: Iron Barbs|[of] p2a: Ferrothorn\n|-damage|p1a: Ogerpon|72\/100|[from] item: Rocky Helmet|[of] p2a: Ferrothorn\n|\n|upkeep\n|turn|12\n|\n|t:|1701217044\n|switch|p1a: Raikou|Raikou|100\/100\n|move|p2a: Ferrothorn|Leech Seed|p1a: Raikou\n|-start|p1a: Raikou|move: Leech Seed\n|\n|-damage|p1a: Raikou|88\/100|[from] Leech Seed|[of] p2a: Ferrothorn\n|-heal|p2a: Ferrothorn|100\/100|[silent]\n|upkeep\n|turn|13\n|\n|t:|1701217051\n|move|p1a: Raikou|Hidden Power|p2a: Ferrothorn\n|-supereffective|p2a: Ferrothorn\n|-damage|p2a: Ferrothorn|31\/100\n|move|p2a: Ferrothorn|Toxic|p1a: Raikou\n|-status|p1a: Raikou|tox\n|\n|-damage|p1a: Raikou|76\/100 tox|[from] Leech Seed|[of] p2a: Ferrothorn\n|-heal|p2a: Ferrothorn|42\/100|[silent]\n|-damage|p1a: Raikou|69\/100 tox|[from] psn\n|upkeep\n|turn|14\n|\n|t:|1701217061\n|move|p2a: Ferrothorn|Protect|p2a: Ferrothorn\n|-singleturn|p2a: Ferrothorn|Protect\n|move|p1a: Raikou|Calm Mind|p1a: Raikou\n|-boost|p1a: Raikou|spa|1\n|-boost|p1a: Raikou|spd|1\n|\n|-damage|p1a: Raikou|57\/100 tox|[from] Leech Seed|[of] p2a: Ferrothorn\n|-heal|p2a: Ferrothorn|54\/100|[silent]\n|-damage|p1a: Raikou|44\/100 tox|[from] psn\n|upkeep\n|turn|15\n|\n|t:|1701217069\n|switch|p2a: Glimmora|Glimmora, M|100\/100\n|-item|p2a: Glimmora|Air Balloon\n|move|p1a: Raikou|Hidden Power|p2a: Glimmora\n|-resisted|p2a: Glimmora\n|-damage|p2a: Glimmora|85\/100\n|-enditem|p2a: Glimmora|Air Balloon\n|\n|-damage|p1a: Raikou|32\/100 tox|[from] Leech Seed|[of] p2a: Glimmora\n|-heal|p2a: Glimmora|95\/100|[silent]\n|-damage|p1a: Raikou|13\/100 tox|[from] psn\n|upkeep\n|turn|16\n|\n|t:|1701217079\n|move|p2a: Glimmora|Spiky Shield|p2a: Glimmora\n|-singleturn|p2a: Glimmora|move: Protect\n|move|p1a: Raikou|Scald|p2a: Glimmora\n|-activate|p2a: Glimmora|move: Protect\n|\n|-damage|p1a: Raikou|1\/100 tox|[from] Leech Seed|[of] p2a: Glimmora\n|-heal|p2a: Glimmora|100\/100|[silent]\n|-damage|p1a: Raikou|0 fnt|[from] psn\n|faint|p1a: Raikou\n|upkeep\n|\n|t:|1701217091\n|switch|p1a: Ogerpon|Ogerpon-Wellspring, F|72\/100\n|turn|17\n|\n|t:|1701217095\n|move|p1a: Ogerpon|Ivy Cudgel|p2a: Glimmora|[anim] Ivy Cudgel Water\n|-supereffective|p2a: Glimmora\n|-damage|p2a: Glimmora|0 fnt\n|-activate|p2a: Glimmora|ability: Toxic Debris\n|-sidestart|p1: KingoftheTitans|move: Toxic Spikes\n|faint|p2a: Glimmora\n|\n|upkeep\n|\n|t:|1701217101\n|switch|p2a: Ferrothorn|Ferrothorn, F|54\/100\n|turn|18\n|\n|t:|1701217105\n|move|p1a: Ogerpon|Swords Dance|p1a: Ogerpon\n|-boost|p1a: Ogerpon|atk|2\n|move|p2a: Ferrothorn|Toxic|p1a: Ogerpon|[miss]\n|-miss|p2a: Ferrothorn|p1a: Ogerpon\n|\n|upkeep\n|turn|19\n|\n|t:|1701217113\n|-terastallize|p1a: Ogerpon|Water\n|detailschange|p1a: Ogerpon|Ogerpon-Wellspring-Tera, F, tera:Water\n|-ability|p1a: Ogerpon|Embody Aspect (Wellspring)|boost\n|-boost|p1a: Ogerpon|spd|1\n|move|p1a: Ogerpon|Ivy Cudgel|p2a: Ferrothorn|[anim] Ivy Cudgel Water\n|-resisted|p2a: Ferrothorn\n|-damage|p2a: Ferrothorn|9\/100\n|move|p2a: Ferrothorn|Toxic|p1a: Ogerpon\n|-status|p1a: Ogerpon|tox\n|\n|-damage|p1a: Ogerpon|66\/100 tox|[from] psn\n|upkeep\n|turn|20\n|\n|t:|1701217127\n|move|p2a: Ferrothorn|Protect|p2a: Ferrothorn\n|-singleturn|p2a: Ferrothorn|Protect\n|move|p1a: Ogerpon|Horn Leech|p2a: Ferrothorn\n|-activate|p2a: Ferrothorn|move: Protect\n|\n|-damage|p1a: Ogerpon|54\/100 tox|[from] psn\n|upkeep\n|turn|21\n|\n|t:|1701217133\n|move|p1a: Ogerpon|Ivy Cudgel|p2a: Ferrothorn|[anim] Ivy Cudgel Water\n|-resisted|p2a: Ferrothorn\n|-damage|p2a: Ferrothorn|0 fnt\n|faint|p2a: Ferrothorn\n|\n|-damage|p1a: Ogerpon|36\/100 tox|[from] psn\n|upkeep\n|\n|t:|1701217136\n|switch|p2a: Quaquaval|Quaquaval, M|100\/100\n|turn|22\n|\n|t:|1701217141\n|move|p1a: Ogerpon|Horn Leech|p2a: Quaquaval\n|-supereffective|p2a: Quaquaval\n|-enditem|p2a: Quaquaval|Focus Sash\n|-damage|p2a: Quaquaval|1\/100\n|-heal|p1a: Ogerpon|87\/100 tox|[from] drain|[of] p2a: Quaquaval\n|move|p2a: Quaquaval|Rapid Spin|p1a: Ogerpon\n|-damage|p1a: Ogerpon|63\/100 tox\n|-boost|p2a: Quaquaval|spe|1\n|\n|-damage|p1a: Ogerpon|39\/100 tox|[from] psn\n|upkeep\n|turn|23\n|\n|t:|1701217151\n|move|p2a: Quaquaval|Close Combat|p1a: Ogerpon\n|-damage|p1a: Ogerpon|0 fnt\n|-unboost|p2a: Quaquaval|def|1\n|-unboost|p2a: Quaquaval|spd|1\n|faint|p1a: Ogerpon\n|-ability|p2a: Quaquaval|Moxie|boost\n|-boost|p2a: Quaquaval|atk|1\n|\n|upkeep\n|\n|t:|1701217158\n|switch|p1a: Dragonite|Dragonite, M|100\/100\n|turn|24\n|\n|t:|1701217162\n|move|p1a: Dragonite|Extreme Speed|p2a: Quaquaval\n|-damage|p2a: Quaquaval|0 fnt\n|faint|p2a: Quaquaval\n|\n|upkeep\n|\n|t:|1701217164\n|switch|p2a: Jirachi|Jirachi, shiny|100\/100\n|turn|25\n|\n|t:|1701217168\n|-zpower|p2a: Jirachi\n|move|p2a: Jirachi|Z-Happy Hour|p2a: Jirachi|[anim]Happy Hour\n|-boost|p2a: Jirachi|atk|1|[zeffect]\n|-boost|p2a: Jirachi|def|1|[zeffect]\n|-boost|p2a: Jirachi|spa|1|[zeffect]\n|-boost|p2a: Jirachi|spd|1|[zeffect]\n|-boost|p2a: Jirachi|spe|1|[zeffect]\n|move|p1a: Dragonite|Dragon Dance|p1a: Dragonite\n|-boost|p1a: Dragonite|atk|1\n|-boost|p1a: Dragonite|spe|1\n|\n|upkeep\n|turn|26\n|\n|t:|1701217177\n|move|p2a: Jirachi|Charge Beam|p1a: Dragonite\n|-damage|p1a: Dragonite|88\/100\n|-boost|p2a: Jirachi|spa|1\n|move|p1a: Dragonite|Dragon Dance|p1a: Dragonite\n|-boost|p1a: Dragonite|atk|1\n|-boost|p1a: Dragonite|spe|1\n|\n|-heal|p1a: Dragonite|95\/100|[from] item: Leftovers\n|upkeep\n|turn|27\n|\n|t:|1701217185\n|move|p1a: Dragonite|Earthquake|p2a: Jirachi\n|-supereffective|p2a: Jirachi\n|-damage|p2a: Jirachi|1\/100\n|move|p2a: Jirachi|Stored Power|p1a: Dragonite\n|-damage|p1a: Dragonite|0 fnt\n|faint|p1a: Dragonite\n|\n|upkeep\n|\n|t:|1701217191\n|switch|p1a: Ursaluna|Ursaluna, M|82\/100 brn\n|turn|28\n|c|\u2606tuuma|Exactly\n|c|\u2606tuuma|1hp\n|c|\u2606KingoftheTitans|BRO\n|c|\u2606KingoftheTitans|SO CLOSE\n|\n|t:|1701217212\n|move|p2a: Jirachi|Stored Power|p1a: Ursaluna\n|-damage|p1a: Ursaluna|0 fnt\n|faint|p1a: Ursaluna\n|\n|win|tuuma\n|raw|KingoftheTitans's rating: 1266 &rarr; <strong>1248<\/strong><br \/>(-18 for losing)\n|raw|tuuma's rating: 1368 &rarr; <strong>1382<\/strong><br \/>(+14 for winning)\n|l|\u2606tuuma\n","uploadtime":1701217219,"views":1,"p1id":"kingofthetitans","p2id":"tuuma","formatid":"gen9nationaldex","rating":1248,"private":0,"password":""}