{"id":"gen9nationaldex-1993147355","p1":"snacksville","p2":"SegaSunnyD","format":"[Gen 9] National Dex","log":"|j|\u2606snacksville\n|j|\u2606SegaSunnyD\n|t:|1700270464\n|gametype|singles\n|player|p1|snacksville|chuck|1243\n|player|p2|SegaSunnyD|caitlin|1232\n|teamsize|p1|6\n|teamsize|p2|6\n|gen|9\n|tier|[Gen 9] National Dex\n|rated|\n|rule|HP Percentage Mod: HP is shown in percentages\n|rule|Endless Battle Clause: Forcing endless battles is banned\n|rule|OHKO Clause: OHKO moves are banned\n|rule|Evasion Clause: Evasion abilities, items, and moves are banned\n|rule|Evasion Abilities Clause: Evasion abilities are banned\n|rule|Evasion Items Clause: Evasion items are banned\n|rule|Evasion Moves Clause: Evasion moves are banned\n|rule|Species Clause: Limit one of each Pok\u00e9mon\n|rule|Sleep Clause Mod: Limit one foe put to sleep\n|clearpoke\n|poke|p1|Hatterene, F|\n|poke|p1|Gliscor, M|\n|poke|p1|Lopunny, M|\n|poke|p1|Porygon-Z|\n|poke|p1|Volcarona, M|\n|poke|p1|Dragonite, M|\n|poke|p2|Gardevoir, F|\n|poke|p2|Venomoth, F|\n|poke|p2|Gengar, F|\n|poke|p2|Araquanid, M|\n|poke|p2|Lucario, M|\n|poke|p2|Greninja-*, M|\n|teampreview\n|c|\u2606snacksville|glhf\n|inactive|Battle timer is ON: inactive players will automatically lose when time's up. (requested by snacksville)\n|\n|t:|1700270474\n|start\n|switch|p1a: Lopunny|Lopunny, M|100\/100\n|switch|p2a: Araquanid|Araquanid, M, shiny|100\/100\n|turn|1\n|\n|t:|1700270480\n|detailschange|p1a: Lopunny|Lopunny-Mega, M\n|-mega|p1a: Lopunny|Lopunny|Lopunnite\n|move|p1a: Lopunny|Fake Out|p2a: Araquanid\n|-damage|p2a: Araquanid|77\/100\n|cant|p2a: Araquanid|flinch\n|\n|upkeep\n|turn|2\n|\n|t:|1700270488\n|switch|p1a: Hatterene|Hatterene, F|100\/100\n|move|p2a: Araquanid|Sticky Web|p1a: Hatterene\n|move|p1a: Hatterene|Sticky Web|p2a: Araquanid|[from]ability: Magic Bounce\n|-sidestart|p2: SegaSunnyD|move: Sticky Web\n|\n|upkeep\n|turn|3\n|\n|t:|1700270494\n|move|p2a: Araquanid|Liquidation|p1a: Hatterene\n|-damage|p1a: Hatterene|44\/100\n|-enditem|p1a: Hatterene|Eject Button\n|\n|t:|1700270498\n|switch|p1a: Porygon-Z|Porygon-Z, shiny|100\/100\n|\n|upkeep\n|turn|4\n|\n|t:|1700270504\n|-zpower|p1a: Porygon-Z\n|move|p1a: Porygon-Z|Z-Conversion|p1a: Porygon-Z|[anim]Conversion\n|-boost|p1a: Porygon-Z|atk|1|[zeffect]\n|-boost|p1a: Porygon-Z|def|1|[zeffect]\n|-boost|p1a: Porygon-Z|spa|1|[zeffect]\n|-boost|p1a: Porygon-Z|spd|1|[zeffect]\n|-boost|p1a: Porygon-Z|spe|1|[zeffect]\n|-start|p1a: Porygon-Z|typechange|Electric\n|move|p2a: Araquanid|Liquidation|p1a: Porygon-Z\n|-damage|p1a: Porygon-Z|33\/100\n|-unboost|p1a: Porygon-Z|def|1\n|\n|upkeep\n|turn|5\n|\n|t:|1700270514\n|-terastallize|p2a: Araquanid|Ground\n|move|p1a: Porygon-Z|Thunderbolt|p2a: Araquanid\n|-immune|p2a: Araquanid\n|move|p2a: Araquanid|Sticky Web|p1a: Porygon-Z\n|-sidestart|p1: snacksville|move: Sticky Web\n|\n|upkeep\n|turn|6\n|c|\u2606snacksville|you son of a bitch\n|\n|t:|1700270529\n|move|p1a: Porygon-Z|Ice Beam|p2a: Araquanid\n|-supereffective|p2a: Araquanid\n|-damage|p2a: Araquanid|0 fnt\n|faint|p2a: Araquanid\n|\n|upkeep\n|\n|t:|1700270532\n|switch|p2a: Venomoth|Venomoth, F, shiny|100\/100\n|-activate|p2a: Venomoth|move: Sticky Web\n|-unboost|p2a: Venomoth|spe|1\n|turn|7\n|\n|t:|1700270537\n|move|p1a: Porygon-Z|Thunderbolt|p2a: Venomoth\n|-enditem|p2a: Venomoth|Focus Sash\n|-damage|p2a: Venomoth|1\/100\n|move|p2a: Venomoth|Quiver Dance|p2a: Venomoth\n|-boost|p2a: Venomoth|spa|1\n|-boost|p2a: Venomoth|spd|1\n|-boost|p2a: Venomoth|spe|1\n|\n|upkeep\n|turn|8\n|\n|t:|1700270545\n|move|p1a: Porygon-Z|Thunderbolt|p2a: Venomoth\n|-damage|p2a: Venomoth|0 fnt\n|faint|p2a: Venomoth\n|\n|upkeep\n|\n|t:|1700270548\n|switch|p2a: Greninja|Greninja, M|100\/100\n|-activate|p2a: Greninja|move: Sticky Web\n|-unboost|p2a: Greninja|spe|1\n|turn|9\n|\n|t:|1700270552\n|move|p2a: Greninja|Water Shuriken|p1a: Porygon-Z\n|-damage|p1a: Porygon-Z|25\/100\n|-damage|p1a: Porygon-Z|17\/100\n|-damage|p1a: Porygon-Z|9\/100\n|-hitcount|p1a: Porygon-Z|3\n|-damage|p2a: Greninja|91\/100|[from] item: Life Orb\n|move|p1a: Porygon-Z|Thunderbolt|p2a: Greninja\n|-supereffective|p2a: Greninja\n|-damage|p2a: Greninja|0 fnt\n|faint|p2a: Greninja\n|\n|upkeep\n|\n|t:|1700270568\n|switch|p2a: Lucario|Lucario, M, shiny|100\/100\n|-activate|p2a: Lucario|move: Sticky Web\n|-unboost|p2a: Lucario|spe|1\n|turn|10\n|\n|t:|1700270574\n|move|p2a: Lucario|Bullet Punch|p1a: Porygon-Z\n|-resisted|p1a: Porygon-Z\n|-damage|p1a: Porygon-Z|0 fnt\n|faint|p1a: Porygon-Z\n|-damage|p2a: Lucario|91\/100|[from] item: Life Orb\n|\n|upkeep\n|\n|t:|1700270580\n|switch|p1a: Lopunny|Lopunny-Mega, M|100\/100\n|-activate|p1a: Lopunny|move: Sticky Web\n|-unboost|p1a: Lopunny|spe|1\n|turn|11\n|\n|t:|1700270586\n|move|p1a: Lopunny|Fake Out|p2a: Lucario\n|-resisted|p2a: Lucario\n|-damage|p2a: Lucario|73\/100\n|move|p2a: Lucario|Close Combat|p1a: Lopunny\n|-supereffective|p1a: Lopunny\n|-damage|p1a: Lopunny|0 fnt\n|-unboost|p2a: Lucario|def|1\n|-unboost|p2a: Lucario|spd|1\n|faint|p1a: Lopunny\n|-damage|p2a: Lucario|63\/100|[from] item: Life Orb\n|\n|upkeep\n|\n|t:|1700270595\n|switch|p1a: Dragonite|Dragonite, M|100\/100\n|turn|12\n|\n|t:|1700270601\n|move|p1a: Dragonite|Dragon Dance|p1a: Dragonite\n|-boost|p1a: Dragonite|atk|1\n|-boost|p1a: Dragonite|spe|1\n|move|p2a: Lucario|Close Combat|p1a: Dragonite\n|-resisted|p1a: Dragonite\n|-damage|p1a: Dragonite|79\/100\n|-unboost|p2a: Lucario|def|1\n|-unboost|p2a: Lucario|spd|1\n|-damage|p2a: Lucario|53\/100|[from] item: Life Orb\n|\n|upkeep\n|turn|13\n|\n|t:|1700270610\n|move|p1a: Dragonite|Dragon Dance|p1a: Dragonite\n|-boost|p1a: Dragonite|atk|1\n|-boost|p1a: Dragonite|spe|1\n|move|p2a: Lucario|Close Combat|p1a: Dragonite\n|-resisted|p1a: Dragonite\n|-damage|p1a: Dragonite|34\/100\n|-unboost|p2a: Lucario|def|1\n|-unboost|p2a: Lucario|spd|1\n|-damage|p2a: Lucario|43\/100|[from] item: Life Orb\n|\n|upkeep\n|turn|14\n|\n|t:|1700270628\n|move|p2a: Lucario|Bullet Punch|p1a: Dragonite\n|-damage|p1a: Dragonite|6\/100\n|-damage|p2a: Lucario|33\/100|[from] item: Life Orb\n|move|p1a: Dragonite|Earthquake|p2a: Lucario\n|-supereffective|p2a: Lucario\n|-damage|p2a: Lucario|0 fnt\n|faint|p2a: Lucario\n|\n|upkeep\n|\n|t:|1700270632\n|switch|p2a: Gardevoir|Gardevoir, F, shiny|100\/100\n|-activate|p2a: Gardevoir|move: Sticky Web\n|-unboost|p2a: Gardevoir|spe|1\n|turn|15\n|\n|t:|1700270639\n|detailschange|p2a: Gardevoir|Gardevoir-Mega, F, shiny\n|-mega|p2a: Gardevoir|Gardevoir|Gardevoirite\n|-terastallize|p1a: Dragonite|Normal\n|move|p1a: Dragonite|Extreme Speed|p2a: Gardevoir\n|-damage|p2a: Gardevoir|0 fnt\n|faint|p2a: Gardevoir\n|\n|upkeep\n|\n|t:|1700270653\n|switch|p2a: Gengar|Gengar, F|100\/100\n|-activate|p2a: Gengar|move: Sticky Web\n|-unboost|p2a: Gengar|spe|1\n|turn|16\n|\n|t:|1700270659\n|move|p1a: Dragonite|Roost|p1a: Dragonite\n|-heal|p1a: Dragonite|57\/100\n|move|p2a: Gengar|Shadow Ball|p1a: Dragonite\n|-immune|p1a: Dragonite\n|\n|upkeep\n|turn|17\n|-message|SegaSunnyD forfeited.\n|\n|win|snacksville\n|raw|snacksville's rating: 1243 &rarr; <strong>1267<\/strong><br \/>(+24 for winning)\n|raw|SegaSunnyD's rating: 1232 &rarr; <strong>1208<\/strong><br \/>(-24 for losing)\n|l|\u2606SegaSunnyD\n","uploadtime":1700270528,"views":6,"p1id":"snacksville","p2id":"segasunnyd","formatid":"gen9nationaldex","rating":1208,"private":0,"password":""}