{"id":"gen9nationaldex-1992396579","p1":"the maraculous","p2":"shower035","format":"[Gen 9] National Dex","log":"|j|\u2606the maraculous\n|j|\u2606shower035\n|t:|1700182744\n|gametype|singles\n|player|p1|the maraculous|dragontamer|1392\n|player|p2|shower035|roxie|1369\n|teamsize|p1|6\n|teamsize|p2|6\n|gen|9\n|tier|[Gen 9] National Dex\n|rated|\n|rule|HP Percentage Mod: HP is shown in percentages\n|rule|Endless Battle Clause: Forcing endless battles is banned\n|rule|OHKO Clause: OHKO moves are banned\n|rule|Evasion Clause: Evasion abilities, items, and moves are banned\n|rule|Evasion Abilities Clause: Evasion abilities are banned\n|rule|Evasion Items Clause: Evasion items are banned\n|rule|Evasion Moves Clause: Evasion moves are banned\n|rule|Species Clause: Limit one of each Pok\u00e9mon\n|rule|Sleep Clause Mod: Limit one foe put to sleep\n|clearpoke\n|poke|p1|Grimmsnarl, M|\n|poke|p1|Ursaluna, M|\n|poke|p1|Ogerpon-Wellspring, F|\n|poke|p1|Volcarona, M|\n|poke|p1|Braviary-Hisui, M|\n|poke|p1|Xurkitree|\n|poke|p2|Ninetales-Alola, M|\n|poke|p2|Slowking-Galar, M|\n|poke|p2|Frosmoth, F|\n|poke|p2|Zapdos|\n|poke|p2|Ditto|\n|poke|p2|Banette, M|\n|teampreview\n|inactive|Battle timer is ON: inactive players will automatically lose when time's up. (requested by shower035)\n|j| Kanto one and only\n|\n|t:|1700182753\n|start\n|switch|p1a: Volcarona|Volcarona, M|100\/100\n|switch|p2a: Ninetales|Ninetales-Alola, M|100\/100\n|-weather|Snow|[from] ability: Snow Warning|[of] p2a: Ninetales\n|turn|1\n|\n|t:|1700182758\n|move|p2a: Ninetales|Aurora Veil|p2a: Ninetales\n|-sidestart|p2: shower035|move: Aurora Veil\n|move|p1a: Volcarona|Quiver Dance|p1a: Volcarona\n|-boost|p1a: Volcarona|spa|1\n|-boost|p1a: Volcarona|spd|1\n|-boost|p1a: Volcarona|spe|1\n|\n|-weather|Snow|[upkeep]\n|upkeep\n|turn|2\n|\n|t:|1700182775\n|move|p1a: Volcarona|Substitute|p1a: Volcarona\n|-start|p1a: Volcarona|Substitute\n|-damage|p1a: Volcarona|76\/100\n|move|p2a: Ninetales|Hypnosis||[still]\n|-fail|p2a: Ninetales\n|\n|-weather|Snow|[upkeep]\n|upkeep\n|turn|3\n|inactive|shower035 has 120 seconds left.\n|\n|t:|1700182807\n|switch|p2a: Slowking|Slowking-Galar, M|100\/100\n|move|p1a: Volcarona|Quiver Dance|p1a: Volcarona\n|-boost|p1a: Volcarona|spa|1\n|-boost|p1a: Volcarona|spd|1\n|-boost|p1a: Volcarona|spe|1\n|\n|-weather|Snow|[upkeep]\n|upkeep\n|turn|4\n|inactive|shower035 has 120 seconds left.\n|\n|t:|1700182817\n|move|p1a: Volcarona|Quiver Dance|p1a: Volcarona\n|-boost|p1a: Volcarona|spa|1\n|-boost|p1a: Volcarona|spd|1\n|-boost|p1a: Volcarona|spe|1\n|move|p2a: Slowking|Future Sight|p1a: Volcarona\n|-start|p2a: Slowking|move: Future Sight\n|\n|-weather|Snow|[upkeep]\n|upkeep\n|turn|5\n|inactive|shower035 has 120 seconds left.\n|inactive|shower035 has 90 seconds left.\n|inactive|shower035 has 60 seconds left.\n|inactive|shower035 has 30 seconds left.\n|\n|t:|1700182925\n|move|p1a: Volcarona|Quiver Dance|p1a: Volcarona\n|-boost|p1a: Volcarona|spa|1\n|-boost|p1a: Volcarona|spd|1\n|-boost|p1a: Volcarona|spe|1\n|move|p2a: Slowking|Chilly Reception|p2a: Slowking\n|inactive|shower035 has 30 seconds left this turn.\n|\n|t:|1700182930\n|switch|p2a: Banette|Banette, M|100\/100|[from] Chilly Reception\n|\n|-weather|none\n|upkeep\n|turn|6\n|\n|t:|1700182938\n|detailschange|p2a: Banette|Banette-Mega, M\n|-mega|p2a: Banette|Banette|Banettite\n|move|p2a: Banette|Destiny Bond|p2a: Banette\n|-singlemove|p2a: Banette|Destiny Bond\n|move|p1a: Volcarona|Quiver Dance|p1a: Volcarona\n|-boost|p1a: Volcarona|spa|1\n|-boost|p1a: Volcarona|spd|1\n|-boost|p1a: Volcarona|spe|1\n|\n|-end|p1a: Volcarona|move: Future Sight\n|-activate|p1a: Volcarona|move: Substitute|[damage]\n|upkeep\n|turn|7\n|l|\u2606shower035\n|inactive|shower035 disconnected and has a minute to reconnect!\n|player|p2|\n|inactive|shower035 has 30 seconds left.\n|inactive|shower035 has 20 seconds left.\n|j|\u2606shower035\n|inactive|shower035 reconnected and has 20 seconds left.\n|player|p2|shower035|roxie\n|inactive|shower035 has 15 seconds left.\n|\n|t:|1700182975\n|move|p2a: Banette|Encore|p1a: Volcarona\n|-start|p1a: Volcarona|Encore\n|move|p1a: Volcarona|Quiver Dance|p1a: Volcarona\n|-boost|p1a: Volcarona|spa|1\n|-boost|p1a: Volcarona|spd|1\n|-boost|p1a: Volcarona|spe|1\n|\n|upkeep\n|turn|8\n|inactive|shower035 has 25 seconds left this turn.\n|inactive|shower035 has 20 seconds left.\n|\n|t:|1700182981\n|move|p1a: Volcarona|Quiver Dance|p1a: Volcarona\n|-boost|p1a: Volcarona|spa|0\n|-boost|p1a: Volcarona|spd|0\n|-boost|p1a: Volcarona|spe|0\n|move|p2a: Banette|Poltergeist|p1a: Volcarona\n|-activate|p1a: Volcarona|move: Poltergeist|Heavy-Duty Boots\n|-end|p1a: Volcarona|Substitute\n|\n|-sideend|p2: shower035|move: Aurora Veil\n|upkeep\n|turn|9\n|inactive|shower035 has 30 seconds left this turn.\n|\n|t:|1700182987\n|move|p1a: Volcarona|Quiver Dance|p1a: Volcarona\n|-boost|p1a: Volcarona|spa|0\n|-boost|p1a: Volcarona|spd|0\n|-boost|p1a: Volcarona|spe|0\n|move|p2a: Banette|Poltergeist|p1a: Volcarona\n|-activate|p1a: Volcarona|move: Poltergeist|Heavy-Duty Boots\n|-damage|p1a: Volcarona|0 fnt\n|faint|p1a: Volcarona\n|\n|upkeep\n|\n|t:|1700182992\n|switch|p1a: Xurkitree|Xurkitree|100\/100\n|-item|p1a: Xurkitree|Air Balloon\n|turn|10\n|\n|t:|1700183000\n|switch|p2a: Ninetales|Ninetales-Alola, M|100\/100\n|-weather|Snow|[from] ability: Snow Warning|[of] p2a: Ninetales\n|move|p1a: Xurkitree|Thunder Wave|p2a: Ninetales|[miss]\n|-miss|p1a: Xurkitree|p2a: Ninetales\n|\n|-weather|Snow|[upkeep]\n|upkeep\n|turn|11\n|\n|t:|1700183008\n|move|p2a: Ninetales|Aurora Veil|p2a: Ninetales\n|-sidestart|p2: shower035|move: Aurora Veil\n|move|p1a: Xurkitree|Thunder Wave|p2a: Ninetales\n|-status|p2a: Ninetales|par\n|\n|-weather|Snow|[upkeep]\n|upkeep\n|turn|12\n|\n|t:|1700183013\n|move|p1a: Xurkitree|Thunderbolt|p2a: Ninetales\n|-damage|p2a: Ninetales|74\/100 par\n|move|p2a: Ninetales|Hypnosis|p1a: Xurkitree\n|-status|p1a: Xurkitree|slp|[from] move: Hypnosis\n|\n|-weather|Snow|[upkeep]\n|upkeep\n|turn|13\n|inactive|shower035 has 60 seconds left.\n|\n|t:|1700183019\n|switch|p2a: Frosmoth|Frosmoth, F|100\/100\n|cant|p1a: Xurkitree|slp\n|\n|-weather|Snow|[upkeep]\n|upkeep\n|turn|14\n|\n|t:|1700183025\n|-terastallize|p2a: Frosmoth|Ground\n|move|p2a: Frosmoth|Quiver Dance|p2a: Frosmoth\n|-boost|p2a: Frosmoth|spa|1\n|-boost|p2a: Frosmoth|spd|1\n|-boost|p2a: Frosmoth|spe|1\n|-curestatus|p1a: Xurkitree|slp|[msg]\n|move|p1a: Xurkitree|Thunder Wave|p2a: Frosmoth\n|-immune|p2a: Frosmoth\n|\n|-weather|none\n|upkeep\n|turn|15\n|\n|t:|1700183033\n|move|p2a: Frosmoth|Quiver Dance|p2a: Frosmoth\n|-boost|p2a: Frosmoth|spa|1\n|-boost|p2a: Frosmoth|spd|1\n|-boost|p2a: Frosmoth|spe|1\n|move|p1a: Xurkitree|Energy Ball|p2a: Frosmoth\n|-supereffective|p2a: Frosmoth\n|-damage|p2a: Frosmoth|87\/100\n|\n|upkeep\n|turn|16\n|\n|t:|1700183042\n|switch|p1a: Grimmsnarl|Grimmsnarl, M|100\/100\n|move|p2a: Frosmoth|Quiver Dance|p2a: Frosmoth\n|-boost|p2a: Frosmoth|spa|1\n|-boost|p2a: Frosmoth|spd|1\n|-boost|p2a: Frosmoth|spe|1\n|\n|upkeep\n|turn|17\n|\n|t:|1700183048\n|move|p1a: Grimmsnarl|Light Screen|p1a: Grimmsnarl\n|-sidestart|p1: the maraculous|move: Light Screen\n|move|p2a: Frosmoth|Tera Blast|p1a: Grimmsnarl|[anim] Tera Blast Ground\n|-damage|p1a: Grimmsnarl|49\/100\n|\n|upkeep\n|turn|18\n|\n|t:|1700183054\n|move|p2a: Frosmoth|Tera Blast|p1a: Grimmsnarl|[anim] Tera Blast Ground\n|-damage|p1a: Grimmsnarl|0 fnt\n|faint|p1a: Grimmsnarl\n|\n|-sideend|p2: shower035|move: Aurora Veil\n|upkeep\n|\n|t:|1700183059\n|switch|p1a: Ogerpon|Ogerpon-Wellspring, F|100\/100\n|turn|19\n|\n|t:|1700183064\n|switch|p2a: Ninetales|Ninetales-Alola, M|74\/100 par\n|-weather|Snow|[from] ability: Snow Warning|[of] p2a: Ninetales\n|-terastallize|p1a: Ogerpon|Water\n|detailschange|p1a: Ogerpon|Ogerpon-Wellspring-Tera, F, tera:Water\n|-ability|p1a: Ogerpon|Embody Aspect (Wellspring)|boost\n|-boost|p1a: Ogerpon|spd|1\n|move|p1a: Ogerpon|Ivy Cudgel|p2a: Ninetales|[anim] Ivy Cudgel Water\n|-damage|p2a: Ninetales|18\/100 par\n|\n|-weather|Snow|[upkeep]\n|upkeep\n|turn|20\n|\n|t:|1700183075\n|move|p1a: Ogerpon|Ivy Cudgel|p2a: Ninetales|[anim] Ivy Cudgel Water\n|-crit|p2a: Ninetales\n|-damage|p2a: Ninetales|0 fnt\n|faint|p2a: Ninetales\n|\n|-weather|Snow|[upkeep]\n|upkeep\n|\n|t:|1700183081\n|switch|p2a: Banette|Banette-Mega, M|100\/100\n|turn|21\n|\n|t:|1700183090\n|switch|p1a: Xurkitree|Xurkitree|100\/100\n|-item|p1a: Xurkitree|Air Balloon\n|move|p2a: Banette|Destiny Bond|p2a: Banette\n|-singlemove|p2a: Banette|Destiny Bond\n|\n|-weather|Snow|[upkeep]\n|upkeep\n|turn|22\n|\n|t:|1700183094\n|move|p1a: Xurkitree|Energy Ball|p2a: Banette\n|-damage|p2a: Banette|53\/100\n|move|p2a: Banette|Poltergeist|p1a: Xurkitree\n|-activate|p1a: Xurkitree|move: Poltergeist|Air Balloon\n|-crit|p1a: Xurkitree\n|-damage|p1a: Xurkitree|0 fnt\n|-enditem|p1a: Xurkitree|Air Balloon\n|faint|p1a: Xurkitree\n|\n|-weather|Snow|[upkeep]\n|upkeep\n|\n|t:|1700183110\n|switch|p1a: Braviary|Braviary-Hisui, M|100\/100\n|turn|23\n|\n|t:|1700183124\n|switch|p2a: Zapdos|Zapdos|100\/100\n|move|p1a: Braviary|Esper Wing|p2a: Zapdos\n|-damage|p2a: Zapdos|64\/100\n|-boost|p1a: Braviary|spe|1\n|\n|-weather|none\n|upkeep\n|turn|24\n|\n|t:|1700183131\n|move|p1a: Braviary|Esper Wing|p2a: Zapdos\n|-damage|p2a: Zapdos|12\/100\n|-boost|p1a: Braviary|spe|1\n|move|p2a: Zapdos|Volt Switch|p1a: Braviary\n|-supereffective|p1a: Braviary\n|-damage|p1a: Braviary|64\/100\n|\n|t:|1700183134\n|switch|p2a: Ditto|Ditto|100\/100|[from] Volt Switch\n|-transform|p2a: Ditto|p1a: Braviary|[from] ability: Imposter\n|\n|-sideend|p1: the maraculous|move: Light Screen\n|upkeep\n|turn|25\n|\n|t:|1700183141\n|move|p2a: Ditto|Dazzling Gleam|p1a: Braviary\n|-damage|p1a: Braviary|31\/100\n|move|p1a: Braviary|Esper Wing|p2a: Ditto\n|-resisted|p2a: Ditto\n|-damage|p2a: Ditto|5\/100\n|-boost|p1a: Braviary|spe|1\n|\n|upkeep\n|turn|26\n|\n|t:|1700183149\n|move|p2a: Ditto|Dazzling Gleam|p1a: Braviary\n|-damage|p1a: Braviary|0 fnt\n|faint|p1a: Braviary\n|\n|upkeep\n|\n|t:|1700183157\n|switch|p1a: Ogerpon|Ogerpon-Wellspring-Tera, F, tera:Water|100\/100\n|-ability|p1a: Ogerpon|Embody Aspect (Wellspring)|boost\n|-boost|p1a: Ogerpon|spd|1\n|turn|27\n|l|\u2606shower035\n|inactive|shower035 disconnected and has a minute to reconnect!\n|player|p2|\n|inactive|shower035 has 30 seconds to reconnect!\n|j|\u2606shower035\n|inactive|shower035 reconnected and has 100 seconds left.\n|player|p2|shower035|roxie\n|inactive|shower035 has 90 seconds left.\n|\n|t:|1700183224\n|switch|p2a: Zapdos|Zapdos|12\/100\n|move|p1a: Ogerpon|Ivy Cudgel|p2a: Zapdos|[anim] Ivy Cudgel Water\n|-damage|p2a: Zapdos|0 fnt\n|faint|p2a: Zapdos\n|\n|upkeep\n|\n|t:|1700183230\n|switch|p2a: Ditto|Ditto|5\/100\n|turn|28\n|inactive|shower035 has 90 seconds left.\n|\n|t:|1700183237\n|switch|p2a: Slowking|Slowking-Galar, M|100\/100\n|move|p1a: Ogerpon|Trailblaze|p2a: Slowking\n|-resisted|p2a: Slowking\n|-damage|p2a: Slowking|85\/100\n|-boost|p1a: Ogerpon|spe|1\n|\n|-heal|p2a: Slowking|91\/100|[from] item: Leftovers\n|upkeep\n|turn|29\n|\n|t:|1700183243\n|move|p1a: Ogerpon|Ivy Cudgel|p2a: Slowking|[anim] Ivy Cudgel Water\n|-damage|p2a: Slowking|19\/100\n|move|p2a: Slowking|Future Sight|p1a: Ogerpon\n|-start|p2a: Slowking|move: Future Sight\n|\n|-heal|p2a: Slowking|25\/100|[from] item: Leftovers\n|upkeep\n|turn|30\n|\n|t:|1700183250\n|move|p1a: Ogerpon|Ivy Cudgel|p2a: Slowking|[anim] Ivy Cudgel Water\n|-damage|p2a: Slowking|0 fnt\n|faint|p2a: Slowking\n|\n|upkeep\n|\n|t:|1700183254\n|switch|p2a: Banette|Banette-Mega, M|53\/100\n|turn|31\n|\n|t:|1700183256\n|switch|p1a: Ursaluna|Ursaluna, M|100\/100\n|move|p2a: Banette|Destiny Bond|p2a: Banette\n|-singlemove|p2a: Banette|Destiny Bond\n|\n|-end|p1a: Ursaluna|move: Future Sight\n|-crit|p1a: Ursaluna\n|-damage|p1a: Ursaluna|57\/100\n|-heal|p1a: Ursaluna|63\/100|[from] item: Leftovers\n|upkeep\n|turn|32\n|inactive|shower035 has 120 seconds left.\n|\n|t:|1700183267\n|move|p2a: Banette|Poltergeist|p1a: Ursaluna\n|-immune|p1a: Ursaluna\n|move|p1a: Ursaluna|Ice Punch|p2a: Banette\n|-damage|p2a: Banette|19\/100\n|\n|-heal|p1a: Ursaluna|69\/100|[from] item: Leftovers\n|upkeep\n|turn|33\n|inactive|shower035 has 120 seconds left.\n|\n|t:|1700183281\n|switch|p1a: Ogerpon|Ogerpon-Wellspring-Tera, F, tera:Water|100\/100\n|-ability|p1a: Ogerpon|Embody Aspect (Wellspring)|boost\n|-boost|p1a: Ogerpon|spd|1\n|move|p2a: Banette|Destiny Bond|p2a: Banette\n|-singlemove|p2a: Banette|Destiny Bond\n|\n|upkeep\n|turn|34\n|\n|t:|1700183287\n|switch|p1a: Ursaluna|Ursaluna, M|69\/100\n|move|p2a: Banette|Poltergeist|p1a: Ursaluna\n|-immune|p1a: Ursaluna\n|\n|-heal|p1a: Ursaluna|76\/100|[from] item: Leftovers\n|upkeep\n|turn|35\n|\n|t:|1700183294\n|move|p2a: Banette|Destiny Bond|p2a: Banette\n|-singlemove|p2a: Banette|Destiny Bond\n|move|p1a: Ursaluna|Bulk Up|p1a: Ursaluna\n|-boost|p1a: Ursaluna|atk|1\n|-boost|p1a: Ursaluna|def|1\n|\n|-heal|p1a: Ursaluna|82\/100|[from] item: Leftovers\n|upkeep\n|turn|36\n|\n|t:|1700183299\n|switch|p1a: Ogerpon|Ogerpon-Wellspring-Tera, F, tera:Water|100\/100\n|-ability|p1a: Ogerpon|Embody Aspect (Wellspring)|boost\n|-boost|p1a: Ogerpon|spd|1\n|move|p2a: Banette|Encore||[still]\n|-fail|p2a: Banette\n|\n|upkeep\n|turn|37\n|\n|t:|1700183306\n|switch|p1a: Ursaluna|Ursaluna, M|82\/100\n|move|p2a: Banette|Destiny Bond|p2a: Banette\n|-singlemove|p2a: Banette|Destiny Bond\n|\n|-heal|p1a: Ursaluna|88\/100|[from] item: Leftovers\n|upkeep\n|turn|38\n|\n|t:|1700183323\n|move|p2a: Banette|Poltergeist|p1a: Ursaluna\n|-immune|p1a: Ursaluna\n|move|p1a: Ursaluna|Ice Punch|p2a: Banette\n|-damage|p2a: Banette|0 fnt\n|faint|p2a: Banette\n|\n|-heal|p1a: Ursaluna|94\/100|[from] item: Leftovers\n|upkeep\n|\n|t:|1700183331\n|switch|p2a: Ditto|Ditto|5\/100\n|-transform|p2a: Ditto|p1a: Ursaluna|[from] ability: Imposter\n|turn|39\n|\n|t:|1700183346\n|move|p2a: Ditto|Earthquake|p1a: Ursaluna\n|-damage|p1a: Ursaluna|57\/100\n|move|p1a: Ursaluna|Ice Punch|p2a: Ditto\n|-supereffective|p2a: Ditto\n|-damage|p2a: Ditto|0 fnt\n|faint|p2a: Ditto\n|\n|-heal|p1a: Ursaluna|64\/100|[from] item: Leftovers\n|upkeep\n|\n|t:|1700183351\n|switch|p2a: Frosmoth|Frosmoth, F, tera:Ground|87\/100\n|turn|40\n|\n|t:|1700183355\n|move|p2a: Frosmoth|Ice Beam|p1a: Ursaluna\n|-supereffective|p1a: Ursaluna\n|-damage|p1a: Ursaluna|3\/100\n|move|p1a: Ursaluna|Ice Punch|p2a: Frosmoth\n|-supereffective|p2a: Frosmoth\n|-damage|p2a: Frosmoth|0 fnt\n|faint|p2a: Frosmoth\n|\n|win|the maraculous\n|raw|the maraculous's rating: 1392 &rarr; <strong>1411<\/strong><br \/>(+19 for winning)\n|raw|shower035's rating: 1369 &rarr; <strong>1350<\/strong><br \/>(-19 for losing)\n","uploadtime":1700183366,"views":6,"p1id":"themaraculous","p2id":"shower035","formatid":"gen9nationaldex","rating":1350,"private":0,"password":""}