{"id":"gen9nationaldex-1998124257","p1":"bu wei chen chen","p2":"spylentgoat","format":"[Gen 9] National Dex","log":"|html|<div class=\"broadcast-blue\"><strong>[Gen 9] National Dex is currently suspecting Sneasler! For information on how to participate check out the <a href=\"https:\/\/www.smogon.com\/forums\/threads\/sv-national-dex-suspect-8-just-dance.3731534\/\">suspect thread<\/a>.<\/strong><\/div>\n|j|\u2606bu wei chen chen\n|j|\u2606spylentgoat\n|t:|1700895711\n|gametype|singles\n|player|p1|bu wei chen chen|dawn|1470\n|player|p2|spylentgoat|palmer|1390\n|teamsize|p1|6\n|teamsize|p2|6\n|gen|9\n|tier|[Gen 9] National Dex\n|rated|\n|rule|HP Percentage Mod: HP is shown in percentages\n|rule|Endless Battle Clause: Forcing endless battles is banned\n|rule|OHKO Clause: OHKO moves are banned\n|rule|Evasion Clause: Evasion abilities, items, and moves are banned\n|rule|Evasion Abilities Clause: Evasion abilities are banned\n|rule|Evasion Items Clause: Evasion items are banned\n|rule|Evasion Moves Clause: Evasion moves are banned\n|rule|Species Clause: Limit one of each Pok\u00e9mon\n|rule|Sleep Clause Mod: Limit one foe put to sleep\n|clearpoke\n|poke|p1|Mew|\n|poke|p1|Heatran, M|\n|poke|p1|Rotom-Wash|\n|poke|p1|Gyarados, M|\n|poke|p1|Greninja-*, M|\n|poke|p1|Sneasler, M|\n|poke|p2|Charizard, M|\n|poke|p2|Darmanitan, F|\n|poke|p2|Ting-Lu|\n|poke|p2|Great Tusk|\n|poke|p2|Tapu Lele|\n|poke|p2|Ribombee, F|\n|teampreview\n|inactive|Battle timer is ON: inactive players will automatically lose when time's up. (requested by spylentgoat)\n|\n|t:|1700895729\n|start\n|switch|p1a: Rotom|Rotom-Wash|100\/100\n|switch|p2a: Ting-Lu|Ting-Lu|100\/100\n|-ability|p2a: Ting-Lu|Vessel of Ruin\n|turn|1\n|\n|t:|1700895737\n|move|p1a: Rotom|Hydro Pump|p2a: Ting-Lu\n|-supereffective|p2a: Ting-Lu\n|-damage|p2a: Ting-Lu|50\/100\n|move|p2a: Ting-Lu|Stealth Rock|p1a: Rotom\n|-sidestart|p1: bu wei chen chen|move: Stealth Rock\n|\n|upkeep\n|turn|2\n|\n|t:|1700895744\n|move|p1a: Rotom|Hydro Pump|p2a: Ting-Lu\n|-supereffective|p2a: Ting-Lu\n|-damage|p2a: Ting-Lu|3\/100\n|move|p2a: Ting-Lu|Spikes|p1a: Rotom\n|-sidestart|p1: bu wei chen chen|Spikes\n|\n|upkeep\n|turn|3\n|\n|t:|1700895749\n|move|p1a: Rotom|Defog|p2a: Ting-Lu\n|-unboost|p2a: Ting-Lu|evasion|1\n|-sideend|p1: bu wei chen chen|Spikes|[from] move: Defog|[of] p1a: Rotom\n|-sideend|p1: bu wei chen chen|Stealth Rock|[from] move: Defog|[of] p1a: Rotom\n|move|p2a: Ting-Lu|Spikes|p1a: Rotom\n|-sidestart|p1: bu wei chen chen|Spikes\n|\n|upkeep\n|turn|4\n|\n|t:|1700895753\n|move|p1a: Rotom|Hydro Pump|p2a: Ting-Lu\n|-supereffective|p2a: Ting-Lu\n|-damage|p2a: Ting-Lu|0 fnt\n|faint|p2a: Ting-Lu\n|\n|upkeep\n|\n|t:|1700895757\n|switch|p2a: Tapu Lele|Tapu Lele|100\/100\n|-fieldstart|move: Psychic Terrain|[from] ability: Psychic Surge|[of] p2a: Tapu Lele\n|turn|5\n|\n|t:|1700895765\n|switch|p1a: Heatran|Heatran, M|100\/100\n|-damage|p1a: Heatran|88\/100|[from] Spikes\n|move|p2a: Tapu Lele|Thunderbolt|p1a: Heatran\n|-damage|p1a: Heatran|57\/100\n|\n|-heal|p1a: Heatran|63\/100|[from] item: Leftovers\n|upkeep\n|turn|6\n|\n|t:|1700895781\n|switch|p2a: Charizard|Charizard, M|100\/100\n|move|p1a: Heatran|Stealth Rock|p2a: Charizard\n|-sidestart|p2: spylentgoat|move: Stealth Rock\n|\n|-heal|p1a: Heatran|69\/100|[from] item: Leftovers\n|upkeep\n|turn|7\n|\n|t:|1700895792\n|switch|p1a: Rotom|Rotom-Wash|100\/100\n|detailschange|p2a: Charizard|Charizard-Mega-Y, M\n|-mega|p2a: Charizard|Charizard|Charizardite Y\n|-weather|SunnyDay|[from] ability: Drought|[of] p2a: Charizard\n|move|p2a: Charizard|Air Slash|p1a: Rotom\n|-resisted|p1a: Rotom\n|-damage|p1a: Rotom|77\/100\n|\n|-weather|SunnyDay|[upkeep]\n|-heal|p1a: Rotom|84\/100|[from] item: Leftovers\n|upkeep\n|turn|8\n|\n|t:|1700895806\n|move|p2a: Charizard|Focus Blast|p1a: Rotom\n|-damage|p1a: Rotom|36\/100\n|move|p1a: Rotom|Volt Switch|p2a: Charizard\n|-supereffective|p2a: Charizard\n|-damage|p2a: Charizard|44\/100\n|\n|t:|1700895817\n|switch|p1a: Greninja|Greninja, M|100\/100|[from] Volt Switch\n|-damage|p1a: Greninja|88\/100|[from] Spikes\n|\n|-weather|SunnyDay|[upkeep]\n|upkeep\n|turn|9\n|\n|t:|1700895824\n|move|p1a: Greninja|Surf|p2a: Charizard\n|-supereffective|p2a: Charizard\n|-damage|p2a: Charizard|0 fnt\n|faint|p2a: Charizard\n|-ability|p1a: Greninja|Battle Bond|boost\n|-boost|p1a: Greninja|atk|1\n|-boost|p1a: Greninja|spa|1\n|-boost|p1a: Greninja|spe|1\n|-activate|p1a: Greninja|ability: Battle Bond\n|-damage|p1a: Greninja|78\/100|[from] item: Life Orb\n|\n|-weather|SunnyDay|[upkeep]\n|-fieldend|move: Psychic Terrain\n|upkeep\n|\n|t:|1700895827\n|switch|p2a: Great Tusk|Great Tusk|100\/100\n|-damage|p2a: Great Tusk|98\/100|[from] Stealth Rock\n|-activate|p2a: Great Tusk|ability: Protosynthesis\n|-start|p2a: Great Tusk|protosynthesisatk\n|turn|10\n|\n|t:|1700895840\n|-terastallize|p1a: Greninja|Water\n|move|p1a: Greninja|Ice Beam|p2a: Great Tusk\n|-supereffective|p2a: Great Tusk\n|-damage|p2a: Great Tusk|29\/100\n|-damage|p1a: Greninja|69\/100|[from] item: Life Orb\n|move|p2a: Great Tusk|Rapid Spin|p1a: Greninja\n|-damage|p1a: Greninja|29\/100\n|-boost|p2a: Great Tusk|spe|1\n|-sideend|p2: spylentgoat|Stealth Rock|[from] move: Rapid Spin|[of] p2a: Great Tusk\n|\n|-weather|SunnyDay|[upkeep]\n|upkeep\n|turn|11\n|\n|t:|1700895854\n|move|p1a: Greninja|Ice Beam|p2a: Great Tusk\n|-supereffective|p2a: Great Tusk\n|-damage|p2a: Great Tusk|0 fnt\n|faint|p2a: Great Tusk\n|-end|p2a: Great Tusk|Protosynthesis|[silent]\n|-damage|p1a: Greninja|19\/100|[from] item: Life Orb\n|\n|-weather|none\n|upkeep\n|\n|t:|1700895862\n|switch|p2a: Ribombee|Ribombee, F|100\/100\n|turn|12\n|\n|t:|1700895869\n|move|p1a: Greninja|Water Shuriken|p2a: Ribombee\n|-damage|p2a: Ribombee|77\/100\n|-damage|p2a: Ribombee|51\/100\n|-damage|p2a: Ribombee|27\/100\n|-damage|p2a: Ribombee|2\/100\n|-damage|p2a: Ribombee|0 fnt\n|faint|p2a: Ribombee\n|-hitcount|p2: Ribombee|5\n|-damage|p1a: Greninja|9\/100|[from] item: Life Orb\n|\n|upkeep\n|\n|t:|1700895873\n|switch|p2a: Darmanitan|Darmanitan, F|100\/100\n|turn|13\n|\n|t:|1700895877\n|move|p1a: Greninja|Surf|p2a: Darmanitan\n|-supereffective|p2a: Darmanitan\n|-damage|p2a: Darmanitan|0 fnt\n|faint|p2a: Darmanitan\n|-damage|p1a: Greninja|0 fnt|[from] item: Life Orb\n|faint|p1a: Greninja\n|\n|upkeep\n|\n|t:|1700895896\n|switch|p1a: Sneasler|Sneasler, M|100\/100\n|switch|p2a: Tapu Lele|Tapu Lele|100\/100\n|-fieldstart|move: Psychic Terrain|[from] ability: Psychic Surge|[of] p2a: Tapu Lele\n|-item|p1a: Sneasler|Air Balloon\n|turn|14\n|\n|t:|1700895905\n|-terastallize|p2a: Tapu Lele|Psychic\n|move|p2a: Tapu Lele|Psychic|p1a: Sneasler\n|-supereffective|p1a: Sneasler\n|-damage|p1a: Sneasler|0 fnt\n|-enditem|p1a: Sneasler|Air Balloon\n|faint|p1a: Sneasler\n|\n|upkeep\n|\n|t:|1700895909\n|switch|p1a: Mew|Mew|100\/100\n|-damage|p1a: Mew|88\/100|[from] Spikes\n|turn|15\n|\n|t:|1700895915\n|move|p1a: Mew|Fire Blast|p2a: Tapu Lele|[miss]\n|-miss|p1a: Mew|p2a: Tapu Lele\n|move|p2a: Tapu Lele|Psychic|p1a: Mew\n|-resisted|p1a: Mew\n|-damage|p1a: Mew|31\/100\n|\n|upkeep\n|turn|16\n|\n|t:|1700895917\n|move|p1a: Mew|Fire Blast|p2a: Tapu Lele\n|-damage|p2a: Tapu Lele|63\/100\n|move|p2a: Tapu Lele|Psychic|p1a: Mew\n|-resisted|p1a: Mew\n|-damage|p1a: Mew|0 fnt\n|faint|p1a: Mew\n|\n|upkeep\n|\n|t:|1700895921\n|switch|p1a: Heatran|Heatran, M|69\/100\n|-damage|p1a: Heatran|57\/100|[from] Spikes\n|turn|17\n|\n|t:|1700895924\n|move|p2a: Tapu Lele|Psychic|p1a: Heatran\n|-resisted|p1a: Heatran\n|-damage|p1a: Heatran|21\/100\n|move|p1a: Heatran|Fire Blast|p2a: Tapu Lele\n|-damage|p2a: Tapu Lele|12\/100\n|\n|-heal|p1a: Heatran|27\/100|[from] item: Leftovers\n|upkeep\n|turn|18\n|\n|t:|1700895928\n|move|p2a: Tapu Lele|Psychic|p1a: Heatran\n|-resisted|p1a: Heatran\n|-damage|p1a: Heatran|0 fnt\n|faint|p1a: Heatran\n|\n|-fieldend|move: Psychic Terrain\n|upkeep\n|\n|t:|1700895931\n|switch|p1a: Rotom|Rotom-Wash|36\/100\n|turn|19\n|\n|t:|1700895934\n|move|p2a: Tapu Lele|Psychic|p1a: Rotom\n|-damage|p1a: Rotom|0 fnt\n|faint|p1a: Rotom\n|\n|upkeep\n|\n|t:|1700895936\n|switch|p1a: Gyarados|Gyarados, M|100\/100\n|-ability|p1a: Gyarados|Intimidate|boost\n|-unboost|p2a: Tapu Lele|atk|1\n|turn|20\n|\n|t:|1700895942\n|detailschange|p1a: Gyarados|Gyarados-Mega, M\n|-mega|p1a: Gyarados|Gyarados|Gyaradosite\n|-ability|p1a: Gyarados|Mold Breaker\n|move|p2a: Tapu Lele|Psychic|p1a: Gyarados\n|-immune|p1a: Gyarados\n|move|p1a: Gyarados|Crunch|p2a: Tapu Lele\n|-supereffective|p2a: Tapu Lele\n|-damage|p2a: Tapu Lele|0 fnt\n|faint|p2a: Tapu Lele\n|\n|win|bu wei chen chen\n|raw|bu wei chen chen's rating: 1470 &rarr; <strong>1485<\/strong><br \/>(+15 for winning)\n|raw|spylentgoat's rating: 1390 &rarr; <strong>1375<\/strong><br \/>(-15 for losing)\n|l|\u2606spylentgoat\n","uploadtime":1700895969,"views":6,"p1id":"buweichenchen","p2id":"spylentgoat","formatid":"gen9nationaldex","rating":1375,"private":0,"password":""}