{"id":"gen9nationaldex-1998370372","p1":"FiRe team 2023","p2":"Dark Umbreon 08","format":"[Gen 9] National Dex","log":"|html|<div class=\"broadcast-blue\"><strong>[Gen 9] National Dex is currently suspecting Sneasler! For information on how to participate check out the <a href=\"https:\/\/www.smogon.com\/forums\/threads\/sv-national-dex-suspect-8-just-dance.3731534\/\">suspect thread<\/a>.<\/strong><\/div>\n|j|\u2606FiRe team 2023\n|j|\u2606Dark Umbreon 08\n|t:|1700934769\n|gametype|singles\n|player|p1|FiRe team 2023|colress|1042\n|player|p2|Dark Umbreon 08|lass-gen4dp|1142\n|teamsize|p1|6\n|teamsize|p2|6\n|gen|9\n|tier|[Gen 9] National Dex\n|rated|\n|rule|HP Percentage Mod: HP is shown in percentages\n|rule|Endless Battle Clause: Forcing endless battles is banned\n|rule|OHKO Clause: OHKO moves are banned\n|rule|Evasion Clause: Evasion abilities, items, and moves are banned\n|rule|Evasion Abilities Clause: Evasion abilities are banned\n|rule|Evasion Items Clause: Evasion items are banned\n|rule|Evasion Moves Clause: Evasion moves are banned\n|rule|Species Clause: Limit one of each Pok\u00e9mon\n|rule|Sleep Clause Mod: Limit one foe put to sleep\n|clearpoke\n|poke|p1|Infernape, M|\n|poke|p1|Charizard, M|\n|poke|p1|Flareon, F|\n|poke|p1|Skeledirge, M|\n|poke|p1|Magmortar, M|\n|poke|p1|Camerupt, F|\n|poke|p2|Pikachu-Original, M|\n|poke|p2|Charizard, F|\n|poke|p2|Bulbasaur, M|\n|poke|p2|Squirtle, M|\n|poke|p2|Tauros, M|\n|poke|p2|Muk-Alola, F|\n|teampreview\n|inactive|Battle timer is ON: inactive players will automatically lose when time's up. (requested by Dark Umbreon 08)\n|\n|t:|1700934786\n|start\n|switch|p1a: MoNkE|Infernape, M, shiny|100\/100\n|switch|p2a: Tauros|Tauros, M|100\/100\n|turn|1\n|\n|t:|1700934796\n|move|p2a: Tauros|Zen Headbutt|p1a: MoNkE\n|-supereffective|p1a: MoNkE\n|-damage|p1a: MoNkE|0 fnt\n|faint|p1a: MoNkE\n|\n|upkeep\n|\n|t:|1700934803\n|switch|p1a: HoRsE iDk|Skeledirge, M, shiny|100\/100\n|turn|2\n|\n|t:|1700934806\n|move|p1a: HoRsE iDk|Torch Song|p2a: Tauros\n|-damage|p2a: Tauros|52\/100\n|-boost|p1a: HoRsE iDk|spa|1\n|move|p2a: Tauros|Earthquake|p1a: HoRsE iDk\n|-supereffective|p1a: HoRsE iDk\n|-damage|p1a: HoRsE iDk|28\/100\n|-damage|p2a: Tauros|42\/100|[from] item: Life Orb\n|\n|upkeep\n|turn|3\n|\n|t:|1700934821\n|switch|p2a: Squirtle|Squirtle, M|100\/100\n|move|p1a: HoRsE iDk|Torch Song|p2a: Squirtle\n|-resisted|p2a: Squirtle\n|-damage|p2a: Squirtle|60\/100\n|-boost|p1a: HoRsE iDk|spa|1\n|\n|upkeep\n|turn|4\n|\n|t:|1700934830\n|-terastallize|p2a: Squirtle|Water\n|move|p2a: Squirtle|Aqua Jet|p1a: HoRsE iDk\n|-supereffective|p1a: HoRsE iDk\n|-damage|p1a: HoRsE iDk|0 fnt\n|faint|p1a: HoRsE iDk\n|\n|upkeep\n|\n|t:|1700934840\n|switch|p1a: Gold eevee|Flareon, F, shiny|100\/100\n|turn|5\n|\n|t:|1700934847\n|-terastallize|p1a: Gold eevee|Fairy\n|move|p1a: Gold eevee|Trailblaze|p2a: Squirtle\n|-supereffective|p2a: Squirtle\n|-damage|p2a: Squirtle|3\/100\n|-boost|p1a: Gold eevee|spe|1\n|move|p2a: Squirtle|Flip Turn|p1a: Gold eevee\n|-damage|p1a: Gold eevee|33\/100\n|\n|t:|1700934853\n|switch|p2a: Pikachu|Pikachu-Original, M|100\/100|[from] Flip Turn\n|\n|-status|p1a: Gold eevee|tox|[from] item: Toxic Orb\n|upkeep\n|turn|6\n|\n|t:|1700934863\n|move|p2a: Pikachu|Fake Out|p1a: Gold eevee\n|-damage|p1a: Gold eevee|3\/100 tox\n|cant|p1a: Gold eevee|flinch\n|\n|-damage|p1a: Gold eevee|0 fnt|[from] psn\n|faint|p1a: Gold eevee\n|upkeep\n|\n|t:|1700934875\n|switch|p1a: Volcano|Camerupt, F, shiny|100\/100\n|turn|7\n|\n|t:|1700934880\n|switch|p2a: Charizard|Charizard, F|100\/100\n|move|p1a: Volcano|Will-O-Wisp|p2a: Charizard\n|-immune|p2a: Charizard\n|\n|upkeep\n|turn|8\n|\n|t:|1700934889\n|switch|p1a: Magmortar|Magmortar, M, shiny|100\/100\n|detailschange|p2a: Charizard|Charizard-Mega-X, F\n|-mega|p2a: Charizard|Charizard|Charizardite X\n|move|p2a: Charizard|Dragon Dance|p2a: Charizard\n|-boost|p2a: Charizard|atk|1\n|-boost|p2a: Charizard|spe|1\n|\n|upkeep\n|turn|9\n|\n|t:|1700934902\n|move|p2a: Charizard|Earthquake|p1a: Magmortar\n|-supereffective|p1a: Magmortar\n|-damage|p1a: Magmortar|0 fnt\n|faint|p1a: Magmortar\n|\n|upkeep\n|inactive|FiRe team 2023 has 120 seconds left.\n|\n|t:|1700934951\n|switch|p1a: BlAcK lIzArD|Charizard, M, shiny|100\/100\n|turn|10\n|\n|t:|1700934960\n|move|p2a: Charizard|Dragon Claw|p1a: BlAcK lIzArD\n|-damage|p1a: BlAcK lIzArD|0 fnt\n|faint|p1a: BlAcK lIzArD\n|\n|upkeep\n|\n|t:|1700934977\n|switch|p1a: Volcano|Camerupt, F, shiny|100\/100\n|turn|11\n|\n|t:|1700934984\n|move|p2a: Charizard|Earthquake|p1a: Volcano\n|-supereffective|p1a: Volcano\n|-damage|p1a: Volcano|0 fnt\n|faint|p1a: Volcano\n|\n|win|Dark Umbreon 08\n|raw|FiRe team 2023's rating: 1042 &rarr; <strong>1030<\/strong><br \/>(-12 for losing)\n|raw|Dark Umbreon 08's rating: 1142 &rarr; <strong>1160<\/strong><br \/>(+18 for winning)\n|l|\u2606FiRe team 2023\n","uploadtime":1700935053,"views":0,"p1id":"fireteam2023","p2id":"darkumbreon08","formatid":"gen9nationaldex","rating":1030,"private":0,"password":""}