{"id":"gen9nationaldex-1998318440","p1":"wyf156","p2":"Deriverse","format":"[Gen 9] National Dex","log":"|html|<div class=\"broadcast-blue\"><strong>[Gen 9] National Dex is currently suspecting Sneasler! For information on how to participate check out the <a href=\"https:\/\/www.smogon.com\/forums\/threads\/sv-national-dex-suspect-8-just-dance.3731534\/\">suspect thread<\/a>.<\/strong><\/div>\n|j|\u203dwyf156\n|j|\u2606Deriverse\n|t:|1700928831\n|gametype|singles\n|player|p1|wyf156|elesa|1407\n|player|p2|Deriverse|veteranf|1474\n|teamsize|p1|6\n|teamsize|p2|6\n|gen|9\n|tier|[Gen 9] National Dex\n|rated|\n|rule|HP Percentage Mod: HP is shown in percentages\n|rule|Endless Battle Clause: Forcing endless battles is banned\n|rule|OHKO Clause: OHKO moves are banned\n|rule|Evasion Clause: Evasion abilities, items, and moves are banned\n|rule|Evasion Abilities Clause: Evasion abilities are banned\n|rule|Evasion Items Clause: Evasion items are banned\n|rule|Evasion Moves Clause: Evasion moves are banned\n|rule|Species Clause: Limit one of each Pok\u00e9mon\n|rule|Sleep Clause Mod: Limit one foe put to sleep\n|clearpoke\n|poke|p1|Sneasler, F|\n|poke|p1|Rillaboom, F|\n|poke|p1|Dragonite, F|\n|poke|p1|Lopunny, F|\n|poke|p1|Heatran, M|\n|poke|p1|Landorus-Therian, M|\n|poke|p2|Gliscor, M|\n|poke|p2|Tapu Lele|\n|poke|p2|Volcarona, F|\n|poke|p2|Ferrothorn, M|\n|poke|p2|Toxapex, M|\n|poke|p2|Rotom-Wash|\n|teampreview\n|inactive|Battle timer is ON: inactive players will automatically lose when time's up. (requested by Deriverse)\n|\n|t:|1700928839\n|start\n|switch|p1a: Lopunny|Lopunny, F, shiny|100\/100\n|switch|p2a: Ferrothorn|Ferrothorn, M|100\/100\n|turn|1\n|\n|t:|1700928851\n|move|p1a: Lopunny|Close Combat|p2a: Ferrothorn\n|-supereffective|p2a: Ferrothorn\n|-damage|p2a: Ferrothorn|55\/100\n|-unboost|p1a: Lopunny|def|1\n|-unboost|p1a: Lopunny|spd|1\n|-damage|p1a: Lopunny|88\/100|[from] ability: Iron Barbs|[of] p2a: Ferrothorn\n|move|p2a: Ferrothorn|Thunder Wave|p1a: Lopunny\n|-immune|p1a: Lopunny|[from] ability: Limber\n|\n|-heal|p2a: Ferrothorn|61\/100|[from] item: Leftovers\n|upkeep\n|turn|2\n|\n|t:|1700928862\n|detailschange|p1a: Lopunny|Lopunny-Mega, F, shiny\n|-mega|p1a: Lopunny|Lopunny|Lopunnite\n|move|p1a: Lopunny|Close Combat|p2a: Ferrothorn\n|-supereffective|p2a: Ferrothorn\n|-damage|p2a: Ferrothorn|0 fnt\n|-unboost|p1a: Lopunny|def|1\n|-unboost|p1a: Lopunny|spd|1\n|-damage|p1a: Lopunny|76\/100|[from] ability: Iron Barbs|[of] p2a: Ferrothorn\n|faint|p2a: Ferrothorn\n|\n|upkeep\n|\n|t:|1700928875\n|switch|p2a: Rotom|Rotom-Wash|100\/100\n|turn|3\n|\n|t:|1700928889\n|switch|p1a: Rillaboom|Rillaboom, F, shiny|100\/100\n|-fieldstart|move: Grassy Terrain|[from] ability: Grassy Surge|[of] p1a: Rillaboom\n|move|p2a: Rotom|Will-O-Wisp|p1a: Rillaboom\n|-status|p1a: Rillaboom|brn\n|\n|-damage|p1a: Rillaboom|94\/100 brn|[from] brn\n|upkeep\n|turn|4\n|\n|t:|1700928900\n|-terastallize|p1a: Rillaboom|Grass\n|move|p2a: Rotom|Volt Switch|p1a: Rillaboom\n|-resisted|p1a: Rillaboom\n|-damage|p1a: Rillaboom|73\/100 brn\n|\n|t:|1700928906\n|switch|p2a: Gliscor|Gliscor, M|100\/100|[from] Volt Switch\n|move|p1a: Rillaboom|Wood Hammer|p2a: Gliscor\n|-damage|p2a: Gliscor|53\/100\n|-damage|p1a: Rillaboom|57\/100 brn|[from] Recoil\n|\n|-heal|p1a: Rillaboom|63\/100 brn|[from] Grassy Terrain\n|-damage|p1a: Rillaboom|57\/100 brn|[from] brn\n|-status|p2a: Gliscor|tox|[from] item: Toxic Orb\n|upkeep\n|turn|5\n|\n|t:|1700928918\n|move|p1a: Rillaboom|Wood Hammer|p2a: Gliscor\n|-damage|p2a: Gliscor|1\/100 tox\n|-damage|p1a: Rillaboom|39\/100 brn|[from] Recoil\n|move|p2a: Gliscor|Knock Off|p1a: Rillaboom\n|-damage|p1a: Rillaboom|14\/100 brn\n|-enditem|p1a: Rillaboom|Choice Band|[from] move: Knock Off|[of] p2a: Gliscor\n|\n|-heal|p1a: Rillaboom|20\/100 brn|[from] Grassy Terrain\n|-heal|p2a: Gliscor|13\/100 tox|[from] ability: Poison Heal\n|-damage|p1a: Rillaboom|14\/100 brn|[from] brn\n|upkeep\n|turn|6\n|\n|t:|1700928930\n|switch|p2a: Toxapex|Toxapex, M|100\/100\n|move|p1a: Rillaboom|Grassy Glide|p2a: Toxapex\n|-crit|p2a: Toxapex\n|-damage|p2a: Toxapex|78\/100\n|\n|-heal|p1a: Rillaboom|20\/100 brn|[from] Grassy Terrain\n|-heal|p2a: Toxapex|84\/100|[from] Grassy Terrain\n|-heal|p2a: Toxapex|91\/100|[from] item: Leftovers\n|-damage|p1a: Rillaboom|14\/100 brn|[from] brn\n|upkeep\n|turn|7\n|\n|t:|1700928942\n|switch|p1a: Landorus|Landorus-Therian, M|100\/100\n|-ability|p1a: Landorus|Intimidate|boost\n|-unboost|p2a: Toxapex|atk|1\n|move|p2a: Toxapex|Scald|p1a: Landorus\n|-supereffective|p1a: Landorus\n|-damage|p1a: Landorus|62\/100\n|\n|-heal|p2a: Toxapex|97\/100|[from] Grassy Terrain\n|-heal|p2a: Toxapex|100\/100|[from] item: Leftovers\n|-fieldend|move: Grassy Terrain\n|upkeep\n|turn|8\n|\n|t:|1700928952\n|move|p1a: Landorus|Stealth Rock|p2a: Toxapex\n|-sidestart|p2: Deriverse|move: Stealth Rock\n|move|p2a: Toxapex|Scald|p1a: Landorus\n|-supereffective|p1a: Landorus\n|-damage|p1a: Landorus|23\/100\n|\n|upkeep\n|turn|9\n|\n|t:|1700928957\n|-zpower|p1a: Landorus\n|move|p1a: Landorus|Supersonic Skystrike|p2a: Toxapex|[zeffect]\n|-damage|p2a: Toxapex|37\/100\n|move|p2a: Toxapex|Scald|p1a: Landorus\n|-supereffective|p1a: Landorus\n|-damage|p1a: Landorus|0 fnt\n|faint|p1a: Landorus\n|\n|-heal|p2a: Toxapex|43\/100|[from] item: Leftovers\n|upkeep\n|\n|t:|1700928969\n|switch|p1a: Lopunny|Lopunny-Mega, F, shiny|76\/100\n|turn|10\n|\n|t:|1700928972\n|switch|p2a: Gliscor|Gliscor, M|13\/100 tox\n|-damage|p2a: Gliscor|1\/100 tox|[from] Stealth Rock\n|move|p1a: Lopunny|Fake Out|p2a: Gliscor\n|-damage|p2a: Gliscor|0 fnt\n|faint|p2a: Gliscor\n|\n|upkeep\n|\n|t:|1700928980\n|switch|p2a: Toxapex|Toxapex, M|76\/100\n|-damage|p2a: Toxapex|64\/100|[from] Stealth Rock\n|turn|11\n|\n|t:|1700928992\n|switch|p1a: Rillaboom|Rillaboom, F, shiny, tera:Grass|14\/100 brn\n|-fieldstart|move: Grassy Terrain|[from] ability: Grassy Surge|[of] p1a: Rillaboom\n|move|p2a: Toxapex|Scald|p1a: Rillaboom\n|-resisted|p1a: Rillaboom\n|-damage|p1a: Rillaboom|3\/100 brn\n|\n|-heal|p1a: Rillaboom|9\/100 brn|[from] Grassy Terrain\n|-heal|p2a: Toxapex|70\/100|[from] Grassy Terrain\n|-heal|p2a: Toxapex|76\/100|[from] item: Leftovers\n|-damage|p1a: Rillaboom|3\/100 brn|[from] brn\n|upkeep\n|turn|12\n|\n|t:|1700929001\n|move|p1a: Rillaboom|Wood Hammer|p2a: Toxapex\n|-damage|p2a: Toxapex|45\/100\n|-damage|p1a: Rillaboom|0 fnt|[from] Recoil\n|faint|p1a: Rillaboom\n|move|p2a: Toxapex|Recover|p2a: Toxapex\n|-heal|p2a: Toxapex|95\/100\n|\n|-heal|p2a: Toxapex|100\/100|[from] Grassy Terrain\n|upkeep\n|\n|t:|1700929009\n|switch|p1a: Lopunny|Lopunny-Mega, F, shiny|76\/100\n|turn|13\n|\n|t:|1700929012\n|move|p1a: Lopunny|Encore|p2a: Toxapex\n|-start|p2a: Toxapex|Encore\n|move|p2a: Toxapex|Recover||[still]\n|-fail|p2a: Toxapex|heal\n|\n|-heal|p1a: Lopunny|82\/100|[from] Grassy Terrain\n|upkeep\n|turn|14\n|\n|t:|1700929027\n|switch|p2a: Rotom|Rotom-Wash|100\/100\n|-damage|p2a: Rotom|88\/100|[from] Stealth Rock\n|move|p1a: Lopunny|Close Combat|p2a: Rotom\n|-damage|p2a: Rotom|0 fnt\n|-unboost|p1a: Lopunny|def|1\n|-unboost|p1a: Lopunny|spd|1\n|faint|p2a: Rotom\n|\n|-heal|p1a: Lopunny|88\/100|[from] Grassy Terrain\n|upkeep\n|\n|t:|1700929037\n|switch|p2a: Toxapex|Toxapex, M|100\/100\n|-damage|p2a: Toxapex|88\/100|[from] Stealth Rock\n|turn|15\n|\n|t:|1700929045\n|switch|p1a: Sneasler|Sneasler, F, shiny|100\/100\n|-enditem|p1a: Sneasler|Grassy Seed\n|-boost|p1a: Sneasler|def|1|[from] item: Grassy Seed\n|move|p2a: Toxapex|Scald|p1a: Sneasler\n|-damage|p1a: Sneasler|78\/100\n|-status|p1a: Sneasler|brn\n|\n|-heal|p1a: Sneasler|84\/100 brn|[from] Grassy Terrain\n|-heal|p2a: Toxapex|94\/100|[from] Grassy Terrain\n|-heal|p2a: Toxapex|100\/100|[from] item: Leftovers\n|-damage|p1a: Sneasler|78\/100 brn|[from] brn\n|-fieldend|move: Grassy Terrain\n|upkeep\n|turn|16\n|\n|t:|1700929054\n|move|p1a: Sneasler|Dire Claw|p2a: Toxapex\n|-resisted|p2a: Toxapex\n|-damage|p2a: Toxapex|94\/100\n|move|p2a: Toxapex|Scald|p1a: Sneasler\n|-damage|p1a: Sneasler|58\/100 brn\n|\n|-heal|p2a: Toxapex|99\/100|[from] item: Leftovers\n|-damage|p1a: Sneasler|52\/100 brn|[from] brn\n|upkeep\n|turn|17\n|\n|t:|1700929061\n|move|p1a: Sneasler|Acrobatics|p2a: Toxapex\n|-crit|p2a: Toxapex\n|-damage|p2a: Toxapex|80\/100\n|move|p2a: Toxapex|Scald|p1a: Sneasler\n|-damage|p1a: Sneasler|33\/100 brn\n|\n|-heal|p2a: Toxapex|86\/100|[from] item: Leftovers\n|-damage|p1a: Sneasler|27\/100 brn|[from] brn\n|upkeep\n|turn|18\n|\n|t:|1700929070\n|move|p1a: Sneasler|Close Combat|p2a: Toxapex\n|-resisted|p2a: Toxapex\n|-damage|p2a: Toxapex|76\/100\n|-unboost|p1a: Sneasler|def|1\n|-unboost|p1a: Sneasler|spd|1\n|move|p2a: Toxapex|Scald|p1a: Sneasler\n|-damage|p1a: Sneasler|0 fnt\n|faint|p1a: Sneasler\n|\n|-heal|p2a: Toxapex|83\/100|[from] item: Leftovers\n|upkeep\n|\n|t:|1700929081\n|switch|p1a: Dragonite|Dragonite, F, shiny|100\/100\n|turn|19\n|\n|t:|1700929084\n|move|p1a: Dragonite|Curse|p1a: Dragonite\n|-unboost|p1a: Dragonite|spe|1\n|-boost|p1a: Dragonite|atk|1\n|-boost|p1a: Dragonite|def|1\n|move|p2a: Toxapex|Scald|p1a: Dragonite\n|-resisted|p1a: Dragonite\n|-damage|p1a: Dragonite|98\/100\n|\n|-heal|p1a: Dragonite|100\/100|[from] item: Leftovers\n|-heal|p2a: Toxapex|89\/100|[from] item: Leftovers\n|upkeep\n|turn|20\n|\n|t:|1700929092\n|move|p1a: Dragonite|Curse|p1a: Dragonite\n|-unboost|p1a: Dragonite|spe|1\n|-boost|p1a: Dragonite|atk|1\n|-boost|p1a: Dragonite|def|1\n|move|p2a: Toxapex|Scald|p1a: Dragonite\n|-resisted|p1a: Dragonite\n|-damage|p1a: Dragonite|98\/100\n|-status|p1a: Dragonite|brn\n|\n|-heal|p2a: Toxapex|95\/100|[from] item: Leftovers\n|-heal|p1a: Dragonite|100\/100 brn|[from] item: Leftovers\n|-damage|p1a: Dragonite|94\/100 brn|[from] brn\n|upkeep\n|turn|21\n|\n|t:|1700929100\n|move|p2a: Toxapex|Haze|p2a: Toxapex\n|-clearallboost\n|move|p1a: Dragonite|Curse|p1a: Dragonite\n|-unboost|p1a: Dragonite|spe|1\n|-boost|p1a: Dragonite|atk|1\n|-boost|p1a: Dragonite|def|1\n|\n|-heal|p1a: Dragonite|100\/100 brn|[from] item: Leftovers\n|-heal|p2a: Toxapex|100\/100|[from] item: Leftovers\n|-damage|p1a: Dragonite|94\/100 brn|[from] brn\n|upkeep\n|turn|22\n|\n|t:|1700929106\n|move|p1a: Dragonite|Extreme Speed|p2a: Toxapex\n|-damage|p2a: Toxapex|91\/100\n|move|p2a: Toxapex|Knock Off|p1a: Dragonite\n|-damage|p1a: Dragonite|85\/100 brn\n|-enditem|p1a: Dragonite|Leftovers|[from] move: Knock Off|[of] p2a: Toxapex\n|\n|-heal|p2a: Toxapex|97\/100|[from] item: Leftovers\n|-damage|p1a: Dragonite|79\/100 brn|[from] brn\n|upkeep\n|turn|23\n|\n|t:|1700929109\n|move|p1a: Dragonite|Curse|p1a: Dragonite\n|-unboost|p1a: Dragonite|spe|1\n|-boost|p1a: Dragonite|atk|1\n|-boost|p1a: Dragonite|def|1\n|move|p2a: Toxapex|Scald|p1a: Dragonite\n|-resisted|p1a: Dragonite\n|-damage|p1a: Dragonite|74\/100 brn\n|\n|-heal|p2a: Toxapex|100\/100|[from] item: Leftovers\n|-damage|p1a: Dragonite|68\/100 brn|[from] brn\n|upkeep\n|turn|24\n|\n|t:|1700929114\n|move|p2a: Toxapex|Haze|p2a: Toxapex\n|-clearallboost\n|move|p1a: Dragonite|Dragon Claw|p2a: Toxapex\n|-damage|p2a: Toxapex|91\/100\n|\n|-heal|p2a: Toxapex|97\/100|[from] item: Leftovers\n|-damage|p1a: Dragonite|62\/100 brn|[from] brn\n|upkeep\n|turn|25\n|\n|t:|1700929121\n|move|p1a: Dragonite|Roost|p1a: Dragonite\n|-heal|p1a: Dragonite|100\/100 brn\n|-singleturn|p1a: Dragonite|move: Roost\n|move|p2a: Toxapex|Scald|p1a: Dragonite\n|-resisted|p1a: Dragonite\n|-damage|p1a: Dragonite|98\/100 brn\n|\n|-heal|p2a: Toxapex|100\/100|[from] item: Leftovers\n|-damage|p1a: Dragonite|92\/100 brn|[from] brn\n|upkeep\n|turn|26\n|\n|t:|1700929124\n|switch|p2a: Tapu Lele|Tapu Lele|100\/100\n|-damage|p2a: Tapu Lele|88\/100|[from] Stealth Rock\n|-fieldstart|move: Psychic Terrain|[from] ability: Psychic Surge|[of] p2a: Tapu Lele\n|move|p1a: Dragonite|Curse|p1a: Dragonite\n|-unboost|p1a: Dragonite|spe|1\n|-boost|p1a: Dragonite|atk|1\n|-boost|p1a: Dragonite|def|1\n|\n|-damage|p1a: Dragonite|86\/100 brn|[from] brn\n|upkeep\n|turn|27\n|\n|t:|1700929136\n|move|p1a: Dragonite|Extreme Speed|p2a: Tapu Lele\n|-activate|p2a: Tapu Lele|move: Psychic Terrain\n|move|p2a: Tapu Lele|Moonblast|p1a: Dragonite\n|-supereffective|p1a: Dragonite\n|-damage|p1a: Dragonite|0 fnt\n|faint|p1a: Dragonite\n|\n|upkeep\n|\n|t:|1700929141\n|switch|p1a: Heatran|Heatran, M|100\/100\n|turn|28\n|\n|t:|1700929154\n|switch|p2a: Toxapex|Toxapex, M|100\/100\n|-damage|p2a: Toxapex|88\/100|[from] Stealth Rock\n|move|p1a: Heatran|Eruption|p2a: Toxapex\n|-resisted|p2a: Toxapex\n|-damage|p2a: Toxapex|56\/100\n|\n|-heal|p2a: Toxapex|62\/100|[from] item: Leftovers\n|upkeep\n|turn|29\n|\n|t:|1700929170\n|move|p1a: Heatran|Eruption|p2a: Toxapex\n|-resisted|p2a: Toxapex\n|-damage|p2a: Toxapex|27\/100\n|move|p2a: Toxapex|Scald|p1a: Heatran\n|-supereffective|p1a: Heatran\n|-damage|p1a: Heatran|71\/100\n|\n|-heal|p2a: Toxapex|33\/100|[from] item: Leftovers\n|upkeep\n|turn|30\n|inactive|Deriverse has 120 seconds left.\n|\n|t:|1700929205\n|move|p1a: Heatran|Eruption|p2a: Toxapex\n|-resisted|p2a: Toxapex\n|-damage|p2a: Toxapex|9\/100\n|move|p2a: Toxapex|Recover|p2a: Toxapex\n|-heal|p2a: Toxapex|59\/100\n|\n|-heal|p2a: Toxapex|65\/100|[from] item: Leftovers\n|-fieldend|move: Psychic Terrain\n|upkeep\n|turn|31\n|\n|t:|1700929208\n|move|p1a: Heatran|Eruption|p2a: Toxapex\n|-resisted|p2a: Toxapex\n|-damage|p2a: Toxapex|43\/100\n|move|p2a: Toxapex|Scald|p1a: Heatran\n|-supereffective|p1a: Heatran\n|-damage|p1a: Heatran|37\/100\n|\n|-heal|p2a: Toxapex|50\/100|[from] item: Leftovers\n|upkeep\n|turn|32\n|\n|t:|1700929212\n|switch|p1a: Lopunny|Lopunny-Mega, F, shiny|88\/100\n|move|p2a: Toxapex|Scald|p1a: Lopunny\n|-damage|p1a: Lopunny|69\/100\n|\n|-heal|p2a: Toxapex|56\/100|[from] item: Leftovers\n|upkeep\n|turn|33\n|\n|t:|1700929216\n|move|p1a: Lopunny|Fake Out|p2a: Toxapex\n|-damage|p2a: Toxapex|44\/100\n|cant|p2a: Toxapex|flinch\n|\n|-heal|p2a: Toxapex|50\/100|[from] item: Leftovers\n|upkeep\n|turn|34\n|\n|t:|1700929227\n|move|p1a: Lopunny|Close Combat|p2a: Toxapex\n|-resisted|p2a: Toxapex\n|-damage|p2a: Toxapex|30\/100\n|-unboost|p1a: Lopunny|def|1\n|-unboost|p1a: Lopunny|spd|1\n|move|p2a: Toxapex|Scald|p1a: Lopunny\n|-damage|p1a: Lopunny|40\/100\n|-status|p1a: Lopunny|brn\n|\n|-heal|p2a: Toxapex|37\/100|[from] item: Leftovers\n|-damage|p1a: Lopunny|34\/100 brn|[from] brn\n|upkeep\n|turn|35\n|\n|t:|1700929239\n|move|p1a: Lopunny|Close Combat|p2a: Toxapex\n|-resisted|p2a: Toxapex\n|-damage|p2a: Toxapex|26\/100\n|-unboost|p1a: Lopunny|def|1\n|-unboost|p1a: Lopunny|spd|1\n|move|p2a: Toxapex|Recover|p2a: Toxapex\n|-heal|p2a: Toxapex|76\/100\n|\n|-heal|p2a: Toxapex|83\/100|[from] item: Leftovers\n|-damage|p1a: Lopunny|29\/100 brn|[from] brn\n|upkeep\n|turn|36\n|\n|t:|1700929243\n|move|p1a: Lopunny|Encore|p2a: Toxapex\n|-start|p2a: Toxapex|Encore\n|move|p2a: Toxapex|Recover|p2a: Toxapex\n|-heal|p2a: Toxapex|100\/100\n|\n|-damage|p1a: Lopunny|23\/100 brn|[from] brn\n|upkeep\n|turn|37\n|\n|t:|1700929247\n|switch|p2a: Tapu Lele|Tapu Lele|88\/100\n|-damage|p2a: Tapu Lele|76\/100|[from] Stealth Rock\n|-fieldstart|move: Psychic Terrain|[from] ability: Psychic Surge|[of] p2a: Tapu Lele\n|move|p1a: Lopunny|Close Combat|p2a: Tapu Lele\n|-resisted|p2a: Tapu Lele\n|-damage|p2a: Tapu Lele|64\/100\n|-unboost|p1a: Lopunny|def|1\n|-unboost|p1a: Lopunny|spd|1\n|\n|-damage|p1a: Lopunny|17\/100 brn|[from] brn\n|upkeep\n|turn|38\n|\n|t:|1700929259\n|move|p1a: Lopunny|Triple Axel|p2a: Tapu Lele|[miss]\n|-miss|p1a: Lopunny|p2a: Tapu Lele\n|move|p2a: Tapu Lele|Psychic|p1a: Lopunny\n|-supereffective|p1a: Lopunny\n|-damage|p1a: Lopunny|0 fnt\n|faint|p1a: Lopunny\n|\n|upkeep\n|\n|t:|1700929262\n|switch|p1a: Heatran|Heatran, M|37\/100\n|turn|39\n|\n|t:|1700929267\n|move|p1a: Heatran|Flash Cannon|p2a: Tapu Lele\n|-supereffective|p2a: Tapu Lele\n|-damage|p2a: Tapu Lele|0 fnt\n|faint|p2a: Tapu Lele\n|\n|upkeep\n|\n|t:|1700929273\n|switch|p2a: Volcarona|Volcarona, F|100\/100\n|turn|40\n|\n|t:|1700929279\n|move|p1a: Heatran|Flash Cannon|p2a: Volcarona\n|-resisted|p2a: Volcarona\n|-damage|p2a: Volcarona|80\/100\n|move|p2a: Volcarona|Quiver Dance|p2a: Volcarona\n|-boost|p2a: Volcarona|spa|1\n|-boost|p2a: Volcarona|spd|1\n|-boost|p2a: Volcarona|spe|1\n|\n|upkeep\n|turn|41\n|\n|t:|1700929284\n|move|p2a: Volcarona|Quiver Dance|p2a: Volcarona\n|-boost|p2a: Volcarona|spa|1\n|-boost|p2a: Volcarona|spd|1\n|-boost|p2a: Volcarona|spe|1\n|move|p1a: Heatran|Flash Cannon|p2a: Volcarona\n|-resisted|p2a: Volcarona\n|-damage|p2a: Volcarona|69\/100\n|-unboost|p2a: Volcarona|spd|1\n|\n|-fieldend|move: Psychic Terrain\n|upkeep\n|turn|42\n|\n|t:|1700929292\n|move|p2a: Volcarona|Quiver Dance|p2a: Volcarona\n|-boost|p2a: Volcarona|spa|1\n|-boost|p2a: Volcarona|spd|1\n|-boost|p2a: Volcarona|spe|1\n|move|p1a: Heatran|Flash Cannon|p2a: Volcarona\n|-resisted|p2a: Volcarona\n|-damage|p2a: Volcarona|57\/100\n|\n|upkeep\n|turn|43\n|\n|t:|1700929297\n|-terastallize|p2a: Volcarona|Dragon\n|move|p2a: Volcarona|Tera Blast|p1a: Heatran|[anim] Tera Blast Dragon\n|-resisted|p1a: Heatran\n|-damage|p1a: Heatran|0 fnt\n|faint|p1a: Heatran\n|\n|win|Deriverse\n|raw|wyf156's rating: 1407 &rarr; <strong>1391<\/strong><br \/>(-16 for losing)\n|raw|Deriverse's rating: 1474 &rarr; <strong>1490<\/strong><br \/>(+16 for winning)\n|l|\u203dwyf156\n","uploadtime":1700929306,"views":18,"p1id":"wyf156","p2id":"deriverse","formatid":"gen9nationaldex","rating":1391,"private":0,"password":""}