{"id":"gen9nationaldex-1999898403","p1":"hi sup boii","p2":"Cjmathis18","format":"[Gen 9] National Dex","log":"|html|<div class=\"broadcast-blue\"><strong>[Gen 9] National Dex is currently suspecting Sneasler! For information on how to participate check out the <a href=\"https:\/\/www.smogon.com\/forums\/threads\/sv-national-dex-suspect-8-just-dance.3731534\/\">suspect thread<\/a>.<\/strong><\/div>\n|j|\u2606hi sup boii\n|j|\u2606Cjmathis18\n|t:|1701127705\n|gametype|singles\n|player|p1|hi sup boii|ghetsis|1097\n|player|p2|Cjmathis18|266|1000\n|teamsize|p1|6\n|teamsize|p2|6\n|gen|9\n|tier|[Gen 9] National Dex\n|rated|\n|rule|HP Percentage Mod: HP is shown in percentages\n|rule|Endless Battle Clause: Forcing endless battles is banned\n|rule|OHKO Clause: OHKO moves are banned\n|rule|Evasion Clause: Evasion abilities, items, and moves are banned\n|rule|Evasion Abilities Clause: Evasion abilities are banned\n|rule|Evasion Items Clause: Evasion items are banned\n|rule|Evasion Moves Clause: Evasion moves are banned\n|rule|Species Clause: Limit one of each Pok\u00e9mon\n|rule|Sleep Clause Mod: Limit one foe put to sleep\n|clearpoke\n|poke|p1|Blaziken, M|\n|poke|p1|Gliscor, M|\n|poke|p1|Charizard, M|\n|poke|p1|Salamence, M|\n|poke|p1|Iron Valiant|\n|poke|p1|Rotom-Wash|\n|poke|p2|Raichu-Alola, F|\n|poke|p2|Tapu Koko|\n|poke|p2|Sneasler, M|\n|poke|p2|Iron Jugulis|\n|poke|p2|Iron Treads|\n|poke|p2|Iron Moth|\n|teampreview\n|\n|t:|1701127750\n|start\n|switch|p1a: Joe Biden|Gliscor, M|100\/100\n|switch|p2a: Tapu Koko|Tapu Koko|100\/100\n|-fieldstart|move: Electric Terrain|[from] ability: Electric Surge|[of] p2a: Tapu Koko\n|turn|1\n|\n|t:|1701127767\n|-terastallize|p2a: Tapu Koko|Electric\n|move|p2a: Tapu Koko|Discharge|p1a: Joe Biden\n|-immune|p1a: Joe Biden\n|move|p1a: Joe Biden|Toxic|p2a: Tapu Koko\n|-status|p2a: Tapu Koko|tox\n|\n|-damage|p2a: Tapu Koko|94\/100 tox|[from] psn\n|-status|p1a: Joe Biden|tox|[from] item: Toxic Orb\n|upkeep\n|turn|2\n|\n|t:|1701127785\n|switch|p2a: HYDRAGON|Iron Jugulis, shiny|100\/100\n|-activate|p2a: HYDRAGON|ability: Quark Drive\n|-start|p2a: HYDRAGON|quarkdrivespe\n|move|p1a: Joe Biden|Sunny Day|p1a: Joe Biden\n|-weather|SunnyDay\n|\n|-weather|SunnyDay|[upkeep]\n|upkeep\n|turn|3\n|\n|t:|1701127796\n|move|p2a: HYDRAGON|Flamethrower|p1a: Joe Biden\n|-damage|p1a: Joe Biden|32\/100 tox\n|move|p1a: Joe Biden|Fire Fang|p2a: HYDRAGON\n|-damage|p2a: HYDRAGON|72\/100\n|\n|-weather|SunnyDay|[upkeep]\n|-heal|p1a: Joe Biden|45\/100 tox|[from] ability: Poison Heal\n|upkeep\n|turn|4\n|\n|t:|1701127806\n|move|p1a: Joe Biden|Protect|p1a: Joe Biden\n|-singleturn|p1a: Joe Biden|Protect\n|move|p2a: HYDRAGON|Flamethrower|p1a: Joe Biden\n|-activate|p1a: Joe Biden|move: Protect\n|\n|-weather|SunnyDay|[upkeep]\n|-heal|p1a: Joe Biden|57\/100 tox|[from] ability: Poison Heal\n|upkeep\n|turn|5\n|\n|t:|1701127825\n|move|p2a: HYDRAGON|Flamethrower|p1a: Joe Biden\n|-damage|p1a: Joe Biden|0 fnt\n|faint|p1a: Joe Biden\n|\n|-weather|SunnyDay|[upkeep]\n|-fieldend|move: Electric Terrain\n|-end|p2a: HYDRAGON|Quark Drive\n|upkeep\n|-enditem|p2a: HYDRAGON|Booster Energy\n|-activate|p2a: HYDRAGON|ability: Quark Drive|[fromitem]\n|-start|p2a: HYDRAGON|quarkdrivespe\n|\n|t:|1701127868\n|switch|p1a: Bill Clinton|Rotom-Wash, shiny|100\/100\n|turn|6\n|\n|t:|1701127881\n|move|p2a: HYDRAGON|Flamethrower|p1a: Bill Clinton\n|-resisted|p1a: Bill Clinton\n|-damage|p1a: Bill Clinton|77\/100\n|move|p1a: Bill Clinton|Volt Switch|p2a: HYDRAGON\n|-supereffective|p2a: HYDRAGON\n|-damage|p2a: HYDRAGON|0 fnt\n|faint|p2a: HYDRAGON\n|-end|p2a: HYDRAGON|Quark Drive|[silent]\n|\n|t:|1701127893\n|switch|p1a: Obama|Blaziken, M|100\/100|[from] Volt Switch\n|\n|-weather|none\n|upkeep\n|\n|t:|1701127901\n|switch|p2a: HEXAGON|Iron Moth, shiny|100\/100\n|-enditem|p2a: HEXAGON|Booster Energy\n|-activate|p2a: HEXAGON|ability: Quark Drive|[fromitem]\n|-start|p2a: HEXAGON|quarkdrivespe\n|turn|7\n|\n|t:|1701127916\n|move|p2a: HEXAGON|Sludge Wave|p1a: Obama\n|-damage|p1a: Obama|33\/100\n|move|p1a: Obama|Bulk Up|p1a: Obama\n|-boost|p1a: Obama|atk|1\n|-boost|p1a: Obama|def|1\n|\n|-ability|p1a: Obama|Speed Boost|boost\n|-boost|p1a: Obama|spe|1\n|upkeep\n|turn|8\n|\n|t:|1701127925\n|move|p2a: HEXAGON|Sludge Wave|p1a: Obama\n|-damage|p1a: Obama|0 fnt\n|faint|p1a: Obama\n|\n|upkeep\n|\n|t:|1701127933\n|switch|p1a: Ben Shapiro|Charizard, M|100\/100\n|turn|9\n|\n|t:|1701127938\n|detailschange|p1a: Ben Shapiro|Charizard-Mega-X, M\n|-mega|p1a: Ben Shapiro|Charizard|Charizardite X\n|move|p2a: HEXAGON|Sludge Wave|p1a: Ben Shapiro\n|-damage|p1a: Ben Shapiro|41\/100\n|move|p1a: Ben Shapiro|Earthquake|p2a: HEXAGON\n|-supereffective|p2a: HEXAGON\n|-damage|p2a: HEXAGON|0 fnt\n|faint|p2a: HEXAGON\n|-end|p2a: HEXAGON|Quark Drive|[silent]\n|\n|upkeep\n|\n|t:|1701127953\n|switch|p2a: Sneasler|Sneasler, M|100\/100\n|turn|10\n|\n|t:|1701127963\n|move|p2a: Sneasler|Dire Claw|p1a: Ben Shapiro\n|-damage|p1a: Ben Shapiro|0 fnt\n|faint|p1a: Ben Shapiro\n|\n|upkeep\n|\n|t:|1701127972\n|switch|p1a: Nicki Haley|Iron Valiant|100\/100\n|turn|11\n|\n|t:|1701127987\n|move|p2a: Sneasler|Acrobatics|p1a: Nicki Haley\n|-supereffective|p1a: Nicki Haley\n|-damage|p1a: Nicki Haley|50\/100\n|move|p1a: Nicki Haley|Psychic|p2a: Sneasler\n|-supereffective|p2a: Sneasler\n|-damage|p2a: Sneasler|0 fnt\n|faint|p2a: Sneasler\n|\n|upkeep\n|\n|t:|1701127998\n|switch|p2a: ELEPHANTZ|Iron Treads, shiny|100\/100\n|-enditem|p2a: ELEPHANTZ|Booster Energy\n|-activate|p2a: ELEPHANTZ|ability: Quark Drive|[fromitem]\n|-start|p2a: ELEPHANTZ|quarkdriveatk\n|turn|12\n|\n|t:|1701128006\n|move|p1a: Nicki Haley|Aura Sphere|p2a: ELEPHANTZ\n|-supereffective|p2a: ELEPHANTZ\n|-damage|p2a: ELEPHANTZ|0 fnt\n|faint|p2a: ELEPHANTZ\n|-end|p2a: ELEPHANTZ|Quark Drive|[silent]\n|\n|upkeep\n|\n|t:|1701128013\n|switch|p2a: Tapu Koko|Tapu Koko, tera:Electric|94\/100 tox\n|-fieldstart|move: Electric Terrain|[from] ability: Electric Surge|[of] p2a: Tapu Koko\n|-activate|p1a: Nicki Haley|ability: Quark Drive\n|-start|p1a: Nicki Haley|quarkdrivespa\n|turn|13\n|\n|t:|1701128023\n|move|p2a: Tapu Koko|U-turn|p1a: Nicki Haley\n|-resisted|p1a: Nicki Haley\n|-damage|p1a: Nicki Haley|45\/100\n|\n|t:|1701128026\n|switch|p2a: GOROCHU|Raichu-Alola, F|100\/100|[from] U-turn\n|move|p1a: Nicki Haley|Moonblast|p2a: GOROCHU\n|-damage|p2a: GOROCHU|13\/100\n|-unboost|p2a: GOROCHU|spa|1\n|\n|upkeep\n|turn|14\n|\n|t:|1701128039\n|move|p2a: GOROCHU|Surf|p1a: Nicki Haley\n|-crit|p1a: Nicki Haley\n|-damage|p1a: Nicki Haley|0 fnt\n|faint|p1a: Nicki Haley\n|-end|p1a: Nicki Haley|Quark Drive|[silent]\n|\n|upkeep\n|\n|t:|1701128052\n|switch|p1a: Bill Clinton|Rotom-Wash, shiny|77\/100\n|turn|15\n|\n|t:|1701128057\n|move|p2a: GOROCHU|Surf|p1a: Bill Clinton\n|-resisted|p1a: Bill Clinton\n|-damage|p1a: Bill Clinton|67\/100\n|move|p1a: Bill Clinton|Volt Switch|p2a: GOROCHU\n|-resisted|p2a: GOROCHU\n|-damage|p2a: GOROCHU|0 fnt\n|faint|p2a: GOROCHU\n|\n|t:|1701128065\n|switch|p1a: Trump|Salamence, M|100\/100|[from] Volt Switch\n|\n|upkeep\n|\n|t:|1701128069\n|switch|p2a: Tapu Koko|Tapu Koko, tera:Electric|94\/100 tox\n|turn|16\n|\n|t:|1701128074\n|move|p2a: Tapu Koko|Discharge|p1a: Trump\n|-damage|p1a: Trump|2\/100\n|move|p1a: Trump|Earthquake|p2a: Tapu Koko\n|-supereffective|p2a: Tapu Koko\n|-damage|p2a: Tapu Koko|0 fnt\n|faint|p2a: Tapu Koko\n|\n|win|hi sup boii\n|raw|hi sup boii's rating: 1097 &rarr; <strong>1116<\/strong><br \/>(+19 for winning)\n|raw|Cjmathis18's rating: 1000 &rarr; <strong>1000<\/strong><br \/>(+0 for losing)\n|l|\u2606hi sup boii\n","uploadtime":1701128090,"views":8,"p1id":"hisupboii","p2id":"cjmathis18","formatid":"gen9nationaldex","rating":1000,"private":0,"password":""}