{"id":"gen9nationaldex-1995642788","p1":"Snakeman24","p2":"gasman90","format":"[Gen 9] National Dex","log":"|html|<div class=\"broadcast-blue\"><strong>[Gen 9] National Dex is currently suspecting Sneasler! For information on how to participate check out the <a href=\"https:\/\/www.smogon.com\/forums\/threads\/sv-national-dex-suspect-8-just-dance.3731534\/\">suspect thread<\/a>.<\/strong><\/div>\n|j|\u2606Snakeman24\n|j|\u2606gasman90\n|t:|1700590127\n|gametype|singles\n|player|p1|Snakeman24|steven|1574\n|player|p2|gasman90|170|1543\n|teamsize|p1|6\n|teamsize|p2|6\n|gen|9\n|tier|[Gen 9] National Dex\n|rated|\n|rule|HP Percentage Mod: HP is shown in percentages\n|rule|Endless Battle Clause: Forcing endless battles is banned\n|rule|OHKO Clause: OHKO moves are banned\n|rule|Evasion Clause: Evasion abilities, items, and moves are banned\n|rule|Evasion Abilities Clause: Evasion abilities are banned\n|rule|Evasion Items Clause: Evasion items are banned\n|rule|Evasion Moves Clause: Evasion moves are banned\n|rule|Species Clause: Limit one of each Pok\u00e9mon\n|rule|Sleep Clause Mod: Limit one foe put to sleep\n|clearpoke\n|poke|p1|Chansey, F|\n|poke|p1|Hoopa-Unbound|\n|poke|p1|Zapdos|\n|poke|p1|Ditto|\n|poke|p1|Diancie|\n|poke|p1|Urshifu-*, F|\n|poke|p2|Milotic, M|\n|poke|p2|Garganacl, M|\n|poke|p2|Tapu Koko|\n|poke|p2|Ferrothorn, M|\n|poke|p2|Xurkitree|\n|poke|p2|Garchomp, M|\n|teampreview\n|\n|t:|1700590142\n|start\n|switch|p1a: Chansey|Chansey, F|100\/100\n|switch|p2a: Tapu Koko|Tapu Koko|100\/100\n|-fieldstart|move: Electric Terrain|[from] ability: Electric Surge|[of] p2a: Tapu Koko\n|turn|1\n|\n|t:|1700590152\n|move|p2a: Tapu Koko|Volt Switch|p1a: Chansey\n|-damage|p1a: Chansey|89\/100\n|\n|t:|1700590160\n|switch|p2a: Ferrothorn|Ferrothorn, M|100\/100|[from] Volt Switch\n|move|p1a: Chansey|Teleport|p1a: Chansey\n|\n|t:|1700590176\n|switch|p1a: Hoopa|Hoopa-Unbound|100\/100|[from] Teleport\n|\n|upkeep\n|turn|2\n|\n|t:|1700590183\n|-terastallize|p1a: Hoopa|Dark\n|move|p1a: Hoopa|Hyperspace Fury|p2a: Ferrothorn\n|-damage|p2a: Ferrothorn|17\/100\n|-unboost|p1a: Hoopa|def|1\n|move|p2a: Ferrothorn|Gyro Ball|p1a: Hoopa\n|-damage|p1a: Hoopa|0 fnt\n|faint|p1a: Hoopa\n|\n|upkeep\n|\n|t:|1700590194\n|switch|p1a: Diancie|Diancie|100\/100\n|turn|3\n|\n|t:|1700590205\n|detailschange|p1a: Diancie|Diancie-Mega\n|-mega|p1a: Diancie|Diancie|Diancite\n|move|p1a: Diancie|Mystical Fire|p2a: Ferrothorn\n|-supereffective|p2a: Ferrothorn\n|-damage|p2a: Ferrothorn|0 fnt\n|faint|p2a: Ferrothorn\n|\n|upkeep\n|\n|t:|1700590215\n|switch|p2a: Milotic|Milotic, M|100\/100\n|turn|4\n|\n|t:|1700590219\n|switch|p1a: Chansey|Chansey, F|89\/100\n|move|p2a: Milotic|Surf|p1a: Chansey\n|-damage|p1a: Chansey|80\/100\n|\n|upkeep\n|turn|5\n|\n|t:|1700590227\n|switch|p2a: Garganacl|Garganacl, M|100\/100\n|move|p1a: Chansey|Stealth Rock|p2a: Garganacl\n|-sidestart|p2: gasman90|move: Stealth Rock\n|\n|-fieldend|move: Electric Terrain\n|upkeep\n|turn|6\n|\n|t:|1700590234\n|move|p2a: Garganacl|Iron Defense|p2a: Garganacl\n|-boost|p2a: Garganacl|def|2\n|move|p1a: Chansey|Teleport|p1a: Chansey\n|\n|t:|1700590239\n|switch|p1a: Ditto|Ditto|100\/100|[from] Teleport\n|-transform|p1a: Ditto|p2a: Garganacl|[from] ability: Imposter\n|\n|upkeep\n|turn|7\n|\n|t:|1700590248\n|-terastallize|p2a: Garganacl|Ghost\n|move|p1a: Ditto|Salt Cure|p2a: Garganacl\n|-damage|p2a: Garganacl|96\/100\n|-start|p2a: Garganacl|Salt Cure\n|move|p2a: Garganacl|Body Press|p1a: Ditto\n|-supereffective|p1a: Ditto\n|-damage|p1a: Ditto|59\/100\n|\n|-heal|p2a: Garganacl|100\/100|[from] item: Leftovers\n|-damage|p2a: Garganacl|88\/100|[from] Salt Cure\n|upkeep\n|turn|8\n|\n|t:|1700590262\n|switch|p1a: Zapdos|Zapdos|100\/100\n|move|p2a: Garganacl|Salt Cure|p1a: Zapdos\n|-supereffective|p1a: Zapdos\n|-damage|p1a: Zapdos|80\/100\n|-start|p1a: Zapdos|Salt Cure\n|\n|-heal|p2a: Garganacl|94\/100|[from] item: Leftovers\n|-damage|p1a: Zapdos|67\/100|[from] Salt Cure\n|-damage|p2a: Garganacl|82\/100|[from] Salt Cure\n|upkeep\n|turn|9\n|\n|t:|1700590277\n|move|p1a: Zapdos|Volt Switch|p2a: Garganacl\n|-damage|p2a: Garganacl|62\/100\n|\n|t:|1700590286\n|switch|p1a: Diancie|Diancie-Mega|100\/100|[from] Volt Switch\n|move|p2a: Garganacl|Iron Defense|p2a: Garganacl\n|-boost|p2a: Garganacl|def|2\n|\n|-heal|p2a: Garganacl|69\/100|[from] item: Leftovers\n|-damage|p2a: Garganacl|56\/100|[from] Salt Cure\n|upkeep\n|turn|10\n|\n|t:|1700590302\n|move|p1a: Diancie|Moonblast|p2a: Garganacl\n|-damage|p2a: Garganacl|17\/100\n|-unboost|p2a: Garganacl|spa|1\n|move|p2a: Garganacl|Recover|p2a: Garganacl\n|-heal|p2a: Garganacl|67\/100\n|\n|-heal|p2a: Garganacl|73\/100|[from] item: Leftovers\n|-damage|p2a: Garganacl|61\/100|[from] Salt Cure\n|upkeep\n|turn|11\n|\n|t:|1700590316\n|move|p1a: Diancie|Diamond Storm|p2a: Garganacl|[miss]\n|-miss|p1a: Diancie|p2a: Garganacl\n|move|p2a: Garganacl|Recover|p2a: Garganacl\n|-heal|p2a: Garganacl|100\/100\n|\n|-damage|p2a: Garganacl|88\/100|[from] Salt Cure\n|upkeep\n|turn|12\n|\n|t:|1700590326\n|move|p1a: Diancie|Diamond Storm|p2a: Garganacl\n|-damage|p2a: Garganacl|77\/100\n|-boost|p1a: Diancie|def|2\n|move|p2a: Garganacl|Body Press|p1a: Diancie\n|-damage|p1a: Diancie|52\/100\n|\n|-heal|p2a: Garganacl|83\/100|[from] item: Leftovers\n|-damage|p2a: Garganacl|71\/100|[from] Salt Cure\n|upkeep\n|turn|13\n|\n|t:|1700590338\n|move|p1a: Diancie|Diamond Storm|p2a: Garganacl\n|-damage|p2a: Garganacl|58\/100\n|-boost|p1a: Diancie|def|2\n|move|p2a: Garganacl|Salt Cure|p1a: Diancie\n|-damage|p1a: Diancie|46\/100\n|-start|p1a: Diancie|Salt Cure\n|\n|-heal|p2a: Garganacl|64\/100|[from] item: Leftovers\n|-damage|p1a: Diancie|33\/100|[from] Salt Cure\n|-damage|p2a: Garganacl|52\/100|[from] Salt Cure\n|upkeep\n|turn|14\n|\n|t:|1700590350\n|move|p1a: Diancie|Moonblast|p2a: Garganacl\n|-damage|p2a: Garganacl|13\/100\n|-unboost|p2a: Garganacl|spa|1\n|move|p2a: Garganacl|Recover|p2a: Garganacl\n|-heal|p2a: Garganacl|63\/100\n|\n|-heal|p2a: Garganacl|70\/100|[from] item: Leftovers\n|-damage|p1a: Diancie|21\/100|[from] Salt Cure\n|-damage|p2a: Garganacl|57\/100|[from] Salt Cure\n|upkeep\n|turn|15\n|\n|t:|1700590361\n|move|p1a: Diancie|Moonblast|p2a: Garganacl\n|-damage|p2a: Garganacl|17\/100\n|move|p2a: Garganacl|Recover|p2a: Garganacl\n|-heal|p2a: Garganacl|67\/100\n|\n|-heal|p2a: Garganacl|73\/100|[from] item: Leftovers\n|-damage|p1a: Diancie|8\/100|[from] Salt Cure\n|-damage|p2a: Garganacl|61\/100|[from] Salt Cure\n|upkeep\n|turn|16\n|\n|t:|1700590371\n|move|p1a: Diancie|Moonblast|p2a: Garganacl\n|-damage|p2a: Garganacl|22\/100\n|move|p2a: Garganacl|Recover|p2a: Garganacl\n|-heal|p2a: Garganacl|72\/100\n|\n|-heal|p2a: Garganacl|78\/100|[from] item: Leftovers\n|-damage|p1a: Diancie|0 fnt|[from] Salt Cure\n|faint|p1a: Diancie\n|-damage|p2a: Garganacl|65\/100|[from] Salt Cure\n|upkeep\n|\n|t:|1700590388\n|switch|p1a: Urshifu|Urshifu-Rapid-Strike, F|100\/100\n|turn|17\n|\n|t:|1700590392\n|move|p1a: Urshifu|Surging Strikes|p2a: Garganacl\n|-crit|p2a: Garganacl\n|-damage|p2a: Garganacl|43\/100\n|-crit|p2a: Garganacl\n|-damage|p2a: Garganacl|21\/100\n|-crit|p2a: Garganacl\n|-damage|p2a: Garganacl|0 fnt\n|faint|p2a: Garganacl\n|-hitcount|p2: Garganacl|3\n|\n|upkeep\n|\n|t:|1700590400\n|switch|p2a: Tapu Koko|Tapu Koko|100\/100\n|-fieldstart|move: Electric Terrain|[from] ability: Electric Surge|[of] p2a: Tapu Koko\n|turn|18\n|\n|t:|1700590405\n|switch|p1a: Chansey|Chansey, F|80\/100\n|move|p2a: Tapu Koko|Volt Switch|p1a: Chansey\n|-damage|p1a: Chansey|68\/100\n|\n|t:|1700590410\n|switch|p2a: Garchomp|Garchomp, M|100\/100|[from] Volt Switch\n|-damage|p2a: Garchomp|94\/100|[from] Stealth Rock\n|\n|upkeep\n|turn|19\n|\n|t:|1700590416\n|move|p2a: Garchomp|Scale Shot|p1a: Chansey\n|-damage|p1a: Chansey|59\/100\n|-damage|p1a: Chansey|50\/100\n|-damage|p1a: Chansey|42\/100\n|-damage|p1a: Chansey|34\/100\n|-damage|p1a: Chansey|25\/100\n|-hitcount|p1a: Chansey|5\n|-unboost|p2a: Garchomp|def|1\n|-boost|p2a: Garchomp|spe|1\n|move|p1a: Chansey|Teleport|p1a: Chansey\n|\n|t:|1700590427\n|switch|p1a: Ditto|Ditto|59\/100|[from] Teleport\n|-transform|p1a: Ditto|p2a: Garchomp|[from] ability: Imposter\n|\n|upkeep\n|turn|20\n|\n|t:|1700590437\n|switch|p2a: Milotic|Milotic, M|100\/100\n|-damage|p2a: Milotic|88\/100|[from] Stealth Rock\n|move|p1a: Ditto|Earthquake|p2a: Milotic\n|-damage|p2a: Milotic|32\/100\n|\n|-heal|p2a: Milotic|39\/100|[from] item: Leftovers\n|upkeep\n|turn|21\n|-message|gasman90 forfeited.\n|\n|win|Snakeman24\n|raw|Snakeman24's rating: 1574 &rarr; <strong>1592<\/strong><br \/>(+18 for winning)\n|raw|gasman90's rating: 1543 &rarr; <strong>1525<\/strong><br \/>(-18 for losing)\n|l|\u2606gasman90\n","uploadtime":1700590450,"views":9,"p1id":"snakeman24","p2id":"gasman90","formatid":"gen9nationaldex","rating":1525,"private":0,"password":""}