{"id":"gen9nationaldex-1991024716","p1":"Pacific Warrior","p2":"etherealmilk","format":"[Gen 9] National Dex","log":"|j|\u2606Pacific Warrior\n|j|\u2606etherealmilk\n|t:|1700030013\n|gametype|singles\n|player|p1|Pacific Warrior|marlon|1146\n|player|p2|etherealmilk|volkner|1222\n|teamsize|p1|6\n|teamsize|p2|6\n|gen|9\n|tier|[Gen 9] National Dex\n|rated|\n|rule|HP Percentage Mod: HP is shown in percentages\n|rule|Endless Battle Clause: Forcing endless battles is banned\n|rule|OHKO Clause: OHKO moves are banned\n|rule|Evasion Clause: Evasion abilities, items, and moves are banned\n|rule|Evasion Abilities Clause: Evasion abilities are banned\n|rule|Evasion Items Clause: Evasion items are banned\n|rule|Evasion Moves Clause: Evasion moves are banned\n|rule|Species Clause: Limit one of each Pok\u00e9mon\n|rule|Sleep Clause Mod: Limit one foe put to sleep\n|clearpoke\n|poke|p1|Claydol|\n|poke|p1|Golurk|\n|poke|p1|Seismitoad, M|\n|poke|p1|Sandy Shocks|\n|poke|p1|Ursaluna, F|\n|poke|p1|Hippowdon, M|\n|poke|p2|Pelipper, M|\n|poke|p2|Azumarill, M|\n|poke|p2|Quaquaval, F|\n|poke|p2|Kingdra, M|\n|poke|p2|Swampert, M|\n|poke|p2|Basculegion, M|\n|teampreview\n|\n|t:|1700030020\n|start\n|switch|p1a: Golurk|Golurk|100\/100\n|switch|p2a: Pelipper|Pelipper, M|100\/100\n|-weather|RainDance|[from] ability: Drizzle|[of] p2a: Pelipper\n|turn|1\n|\n|t:|1700030028\n|switch|p1a: Seismitoad|Seismitoad, M|100\/100\n|move|p2a: Pelipper|Weather Ball|p1a: Seismitoad\n|-immune|p1a: Seismitoad|[from] ability: Water Absorb\n|\n|-weather|RainDance|[upkeep]\n|upkeep\n|turn|2\n|\n|t:|1700030037\n|move|p1a: Seismitoad|Knock Off|p2a: Pelipper\n|-damage|p2a: Pelipper|52\/100\n|-enditem|p2a: Pelipper|Damp Rock|[from] move: Knock Off|[of] p1a: Seismitoad\n|move|p2a: Pelipper|Hurricane|p1a: Seismitoad\n|-damage|p1a: Seismitoad|53\/100\n|-start|p1a: Seismitoad|confusion\n|\n|-weather|RainDance|[upkeep]\n|upkeep\n|turn|3\n|\n|t:|1700030049\n|switch|p1a: Sandy Shocks|Sandy Shocks|100\/100\n|-enditem|p1a: Sandy Shocks|Booster Energy\n|-activate|p1a: Sandy Shocks|ability: Protosynthesis|[fromitem]\n|-start|p1a: Sandy Shocks|protosynthesisspa\n|switch|p2a: Quaquaval|Quaquaval, F|100\/100\n|\n|-weather|RainDance|[upkeep]\n|upkeep\n|turn|4\n|\n|t:|1700030062\n|move|p1a: Sandy Shocks|Volt Switch|p2a: Quaquaval\n|-supereffective|p2a: Quaquaval\n|-damage|p2a: Quaquaval|0 fnt\n|faint|p2a: Quaquaval\n|\n|t:|1700030068\n|-end|p1a: Sandy Shocks|Protosynthesis|[silent]\n|switch|p1a: Golurk|Golurk|100\/100|[from] Volt Switch\n|\n|-weather|RainDance|[upkeep]\n|upkeep\n|\n|t:|1700030085\n|switch|p2a: Swampert|Swampert, M|100\/100\n|turn|5\n|\n|t:|1700030090\n|detailschange|p2a: Swampert|Swampert-Mega, M\n|-mega|p2a: Swampert|Swampert|Swampertite\n|move|p2a: Swampert|Waterfall|p1a: Golurk\n|-supereffective|p1a: Golurk\n|-damage|p1a: Golurk|0 fnt\n|faint|p1a: Golurk\n|\n|-weather|RainDance|[upkeep]\n|upkeep\n|\n|t:|1700030099\n|switch|p1a: Sandy Shocks|Sandy Shocks|100\/100\n|turn|6\n|\n|t:|1700030107\n|-end|p1a: Sandy Shocks|Protosynthesis|[silent]\n|switch|p1a: Seismitoad|Seismitoad, M|53\/100\n|move|p2a: Swampert|Waterfall|p1a: Seismitoad\n|-heal|p1a: Seismitoad|78\/100|[from] ability: Water Absorb|[of] p2a: Swampert\n|\n|-weather|RainDance|[upkeep]\n|upkeep\n|turn|7\n|\n|t:|1700030116\n|move|p2a: Swampert|Ice Punch|p1a: Seismitoad\n|-damage|p1a: Seismitoad|43\/100\n|move|p1a: Seismitoad|Liquidation|p2a: Swampert\n|-damage|p2a: Swampert|15\/100\n|\n|-weather|RainDance|[upkeep]\n|upkeep\n|turn|8\n|\n|t:|1700030128\n|move|p2a: Swampert|Earthquake|p1a: Seismitoad\n|-damage|p1a: Seismitoad|0 fnt\n|faint|p1a: Seismitoad\n|\n|-weather|none\n|upkeep\n|\n|t:|1700030134\n|switch|p1a: Sandy Shocks|Sandy Shocks|100\/100\n|turn|9\n|\n|t:|1700030142\n|switch|p2a: Pelipper|Pelipper, M|52\/100\n|-weather|RainDance|[from] ability: Drizzle|[of] p2a: Pelipper\n|move|p1a: Sandy Shocks|Earth Power|p2a: Pelipper\n|-immune|p2a: Pelipper\n|\n|-weather|RainDance|[upkeep]\n|upkeep\n|turn|10\n|\n|t:|1700030153\n|move|p1a: Sandy Shocks|Volt Switch|p2a: Pelipper\n|-supereffective|p2a: Pelipper\n|-damage|p2a: Pelipper|0 fnt\n|faint|p2a: Pelipper\n|\n|t:|1700030161\n|-end|p1a: Sandy Shocks|Protosynthesis|[silent]\n|switch|p1a: Hippowdon|Hippowdon, M|100\/100|[from] Volt Switch\n|-weather|Sandstorm|[from] ability: Sand Stream|[of] p1a: Hippowdon\n|\n|-weather|Sandstorm|[upkeep]\n|upkeep\n|\n|t:|1700030173\n|switch|p2a: Azumarill|Azumarill, M|100\/100\n|turn|11\n|\n|t:|1700030179\n|move|p2a: Azumarill|Aqua Jet|p1a: Hippowdon\n|-supereffective|p1a: Hippowdon\n|-damage|p1a: Hippowdon|43\/100\n|move|p1a: Hippowdon|Earthquake|p2a: Azumarill\n|-damage|p2a: Azumarill|53\/100\n|\n|-weather|Sandstorm|[upkeep]\n|-damage|p2a: Azumarill|47\/100|[from] Sandstorm\n|-heal|p1a: Hippowdon|50\/100|[from] item: Leftovers\n|upkeep\n|turn|12\n|\n|t:|1700030195\n|-terastallize|p1a: Hippowdon|Bug\n|move|p2a: Azumarill|Aqua Jet|p1a: Hippowdon\n|-damage|p1a: Hippowdon|19\/100\n|move|p1a: Hippowdon|Slack Off|p1a: Hippowdon\n|-heal|p1a: Hippowdon|69\/100\n|\n|-weather|Sandstorm|[upkeep]\n|-damage|p2a: Azumarill|41\/100|[from] Sandstorm\n|-damage|p1a: Hippowdon|63\/100|[from] Sandstorm\n|-heal|p1a: Hippowdon|69\/100|[from] item: Leftovers\n|upkeep\n|turn|13\n|\n|t:|1700030210\n|switch|p2a: Swampert|Swampert-Mega, M|15\/100\n|move|p1a: Hippowdon|Stone Edge|p2a: Swampert|[miss]\n|-miss|p1a: Hippowdon|p2a: Swampert\n|\n|-weather|Sandstorm|[upkeep]\n|-damage|p1a: Hippowdon|63\/100|[from] Sandstorm\n|-heal|p1a: Hippowdon|69\/100|[from] item: Leftovers\n|upkeep\n|turn|14\n|\n|t:|1700030220\n|move|p2a: Swampert|Earthquake|p1a: Hippowdon\n|-resisted|p1a: Hippowdon\n|-damage|p1a: Hippowdon|46\/100\n|move|p1a: Hippowdon|Earthquake|p2a: Swampert\n|-damage|p2a: Swampert|0 fnt\n|faint|p2a: Swampert\n|\n|-weather|none\n|-heal|p1a: Hippowdon|53\/100|[from] item: Leftovers\n|upkeep\n|\n|t:|1700030226\n|switch|p2a: Kingdra|Kingdra, M|100\/100\n|turn|15\n|\n|t:|1700030242\n|move|p2a: Kingdra|Hurricane|p1a: Hippowdon\n|-supereffective|p1a: Hippowdon\n|-damage|p1a: Hippowdon|0 fnt\n|faint|p1a: Hippowdon\n|-damage|p2a: Kingdra|91\/100|[from] item: Life Orb\n|\n|upkeep\n|\n|t:|1700030248\n|switch|p1a: Ursaluna|Ursaluna, F|100\/100\n|turn|16\n|\n|t:|1700030256\n|move|p2a: Kingdra|Scald|p1a: Ursaluna\n|-supereffective|p1a: Ursaluna\n|-damage|p1a: Ursaluna|28\/100\n|-status|p1a: Ursaluna|brn\n|-damage|p2a: Kingdra|81\/100|[from] item: Life Orb\n|move|p1a: Ursaluna|Headlong Rush|p2a: Kingdra\n|-damage|p2a: Kingdra|0 fnt\n|-unboost|p1a: Ursaluna|def|1\n|-unboost|p1a: Ursaluna|spd|1\n|faint|p2a: Kingdra\n|\n|-damage|p1a: Ursaluna|22\/100 brn|[from] brn\n|upkeep\n|\n|t:|1700030267\n|switch|p2a: Basculegion|Basculegion, M|100\/100\n|turn|17\n|\n|t:|1700030274\n|move|p2a: Basculegion|Aqua Jet|p1a: Ursaluna\n|-supereffective|p1a: Ursaluna\n|-damage|p1a: Ursaluna|0 fnt\n|faint|p1a: Ursaluna\n|\n|upkeep\n|\n|t:|1700030280\n|switch|p1a: Sandy Shocks|Sandy Shocks|100\/100\n|turn|18\n|\n|t:|1700030284\n|-terastallize|p2a: Basculegion|Water\n|move|p2a: Basculegion|Aqua Jet|p1a: Sandy Shocks\n|-supereffective|p1a: Sandy Shocks\n|-damage|p1a: Sandy Shocks|11\/100\n|move|p1a: Sandy Shocks|Discharge|p2a: Basculegion\n|-supereffective|p2a: Basculegion\n|-damage|p2a: Basculegion|25\/100\n|\n|upkeep\n|turn|19\n|\n|t:|1700030295\n|move|p2a: Basculegion|Aqua Jet|p1a: Sandy Shocks\n|-supereffective|p1a: Sandy Shocks\n|-damage|p1a: Sandy Shocks|0 fnt\n|faint|p1a: Sandy Shocks\n|-end|p1a: Sandy Shocks|Protosynthesis|[silent]\n|\n|upkeep\n|\n|t:|1700030300\n|switch|p1a: Claydol|Claydol|100\/100\n|turn|20\n|\n|t:|1700030308\n|move|p2a: Basculegion|Aqua Jet|p1a: Claydol\n|-supereffective|p1a: Claydol\n|-damage|p1a: Claydol|26\/100\n|move|p1a: Claydol|Earth Power|p2a: Basculegion\n|-damage|p2a: Basculegion|0 fnt\n|faint|p2a: Basculegion\n|\n|-heal|p1a: Claydol|32\/100|[from] item: Leftovers\n|upkeep\n|\n|t:|1700030312\n|switch|p2a: Azumarill|Azumarill, M|41\/100\n|turn|21\n|\n|t:|1700030320\n|move|p2a: Azumarill|Aqua Jet|p1a: Claydol\n|-supereffective|p1a: Claydol\n|-damage|p1a: Claydol|0 fnt\n|faint|p1a: Claydol\n|\n|win|etherealmilk\n|raw|Pacific Warrior's rating: 1146 &rarr; <strong>1126<\/strong><br \/>(-20 for losing)\n|raw|etherealmilk's rating: 1222 &rarr; <strong>1242<\/strong><br \/>(+20 for winning)\n","uploadtime":1700030327,"views":16,"p1id":"pacificwarrior","p2id":"etherealmilk","formatid":"gen9nationaldex","rating":1126,"private":0,"password":""}