{"id":"gen9nationaldex-1991999707","p1":"Sinnerofgod","p2":"chicken_ou","format":"[Gen 9] National Dex","log":"|j|\u2606Sinnerofgod\n|j|\u2606chicken_ou\n|t:|1700146507\n|gametype|singles\n|player|p1|Sinnerofgod|richboy-gen4|1000\n|player|p2|chicken_ou|102|1121\n|teamsize|p1|2\n|teamsize|p2|6\n|gen|9\n|tier|[Gen 9] National Dex\n|rated|\n|rule|HP Percentage Mod: HP is shown in percentages\n|rule|Endless Battle Clause: Forcing endless battles is banned\n|rule|OHKO Clause: OHKO moves are banned\n|rule|Evasion Clause: Evasion abilities, items, and moves are banned\n|rule|Evasion Abilities Clause: Evasion abilities are banned\n|rule|Evasion Items Clause: Evasion items are banned\n|rule|Evasion Moves Clause: Evasion moves are banned\n|rule|Species Clause: Limit one of each Pok\u00e9mon\n|rule|Sleep Clause Mod: Limit one foe put to sleep\n|clearpoke\n|poke|p1|Beedrill, M|\n|poke|p1|Lycanroc-Dusk, F|\n|poke|p2|Scolipede, M|\n|poke|p2|Luxray, M|\n|poke|p2|Wailord, F|\n|poke|p2|Golurk|\n|poke|p2|Sinistcha|\n|poke|p2|Swellow, F|\n|teampreview\n|\n|t:|1700146515\n|start\n|switch|p1a: Lycanroc|Lycanroc-Dusk, F|100\/100\n|switch|p2a: Swellow|Swellow, F|100\/100\n|turn|1\n|\n|t:|1700146525\n|move|p2a: Swellow|Tailwind|p2a: Swellow\n|-sidestart|p2: chicken_ou|move: Tailwind\n|move|p1a: Lycanroc|Stealth Rock|p2a: Swellow\n|-sidestart|p2: chicken_ou|move: Stealth Rock\n|\n|upkeep\n|turn|2\n|\n|t:|1700146548\n|switch|p2a: Golurk|Golurk|100\/100\n|-damage|p2a: Golurk|94\/100|[from] Stealth Rock\n|move|p1a: Lycanroc|Accelerock|p2a: Golurk\n|-resisted|p2a: Golurk\n|-crit|p2a: Golurk\n|-damage|p2a: Golurk|77\/100\n|\n|upkeep\n|turn|3\n|\n|t:|1700146562\n|-terastallize|p2a: Golurk|Ground\n|move|p2a: Golurk|Earthquake|p1a: Lycanroc\n|-supereffective|p1a: Lycanroc\n|-enditem|p1a: Lycanroc|Focus Sash\n|-damage|p1a: Lycanroc|1\/100\n|move|p1a: Lycanroc|Roar|p2a: Golurk\n|drag|p2a: Sinistcha|Sinistcha|100\/100\n|-damage|p2a: Sinistcha|88\/100|[from] Stealth Rock\n|\n|upkeep\n|turn|4\n|\n|t:|1700146586\n|move|p2a: Sinistcha|Matcha Gotcha|p1a: Lycanroc\n|-supereffective|p1a: Lycanroc\n|-damage|p1a: Lycanroc|0 fnt\n|-heal|p2a: Sinistcha|88\/100|[from] drain|[of] p1a: Lycanroc\n|faint|p1a: Lycanroc\n|\n|-sideend|p2: chicken_ou|move: Tailwind\n|upkeep\n|\n|t:|1700146589\n|switch|p1a: Beedrill|Beedrill, M|100\/100\n|turn|5\n|\n|t:|1700146607\n|switch|p2a: Golurk|Golurk, tera:Ground|77\/100\n|-damage|p2a: Golurk|71\/100|[from] Stealth Rock\n|detailschange|p1a: Beedrill|Beedrill-Mega, M\n|-mega|p1a: Beedrill|Beedrill|Beedrillite\n|move|p1a: Beedrill|Fell Stinger|p2a: Golurk\n|-damage|p2a: Golurk|30\/100\n|\n|upkeep\n|turn|6\n|\n|t:|1700146622\n|move|p1a: Beedrill|Fell Stinger|p2a: Golurk\n|-damage|p2a: Golurk|0 fnt\n|faint|p2a: Golurk\n|-boost|p1a: Beedrill|atk|3\n|\n|upkeep\n|\n|t:|1700146636\n|switch|p2a: Swellow|Swellow, F|100\/100\n|-damage|p2a: Swellow|76\/100|[from] Stealth Rock\n|turn|7\n|\n|t:|1700146645\n|move|p1a: Beedrill|Poison Jab|p2a: Swellow\n|-damage|p2a: Swellow|0 fnt\n|faint|p2a: Swellow\n|\n|upkeep\n|\n|t:|1700146653\n|switch|p2a: Luxray|Luxray, M|100\/100\n|-damage|p2a: Luxray|88\/100|[from] Stealth Rock\n|-ability|p2a: Luxray|Intimidate|boost\n|-unboost|p1a: Beedrill|atk|1\n|turn|8\n|\n|t:|1700146662\n|move|p1a: Beedrill|Drill Run|p2a: Luxray\n|-supereffective|p2a: Luxray\n|-damage|p2a: Luxray|0 fnt\n|faint|p2a: Luxray\n|\n|upkeep\n|\n|t:|1700146668\n|switch|p2a: Scolipede|Scolipede, M|100\/100\n|-damage|p2a: Scolipede|76\/100|[from] Stealth Rock\n|turn|9\n|\n|t:|1700146682\n|move|p1a: Beedrill|Drill Run|p2a: Scolipede\n|-damage|p2a: Scolipede|0 fnt\n|faint|p2a: Scolipede\n|\n|upkeep\n|\n|t:|1700146687\n|switch|p2a: Wailord|Wailord, F|100\/100\n|-damage|p2a: Wailord|88\/100|[from] Stealth Rock\n|turn|10\n|\n|t:|1700146699\n|move|p1a: Beedrill|X-Scissor|p2a: Wailord\n|-damage|p2a: Wailord|0 fnt\n|faint|p2a: Wailord\n|\n|upkeep\n|-message|chicken_ou forfeited.\n|\n|win|Sinnerofgod\n|raw|Sinnerofgod's rating: 1000 &rarr; <strong>1053<\/strong><br \/>(+53 for winning)\n|raw|chicken_ou's rating: 1121 &rarr; <strong>1088<\/strong><br \/>(-33 for losing)\n|l|\u2606chicken_ou\n","uploadtime":1700146712,"views":16,"p1id":"sinnerofgod","p2id":"chickenou","formatid":"gen9nationaldex","rating":1053,"private":0,"password":""}