{"id":"gen9nationaldex-1993405023","p1":"White ZOA","p2":"kulta","format":"[Gen 9] National Dex","log":"|j|\u2606White ZOA\n|j|\u2606kulta\n|t:|1700313333\n|gametype|singles\n|player|p1|White ZOA|wallace|1132\n|player|p2|kulta|cynthia|1084\n|teamsize|p1|6\n|teamsize|p2|6\n|gen|9\n|tier|[Gen 9] National Dex\n|rated|\n|rule|HP Percentage Mod: HP is shown in percentages\n|rule|Endless Battle Clause: Forcing endless battles is banned\n|rule|OHKO Clause: OHKO moves are banned\n|rule|Evasion Clause: Evasion abilities, items, and moves are banned\n|rule|Evasion Abilities Clause: Evasion abilities are banned\n|rule|Evasion Items Clause: Evasion items are banned\n|rule|Evasion Moves Clause: Evasion moves are banned\n|rule|Species Clause: Limit one of each Pok\u00e9mon\n|rule|Sleep Clause Mod: Limit one foe put to sleep\n|clearpoke\n|poke|p1|Pelipper, M|\n|poke|p1|Urshifu-*, M|\n|poke|p1|Swampert, M|\n|poke|p1|Barraskewda, M|\n|poke|p1|Tapu Lele|\n|poke|p1|Xurkitree|\n|poke|p2|Great Tusk|\n|poke|p2|Garchomp, M|\n|poke|p2|Volcarona, F|\n|poke|p2|Drapion, M|\n|poke|p2|Sceptile, F|\n|poke|p2|Togekiss, M|\n|teampreview\n|\n|t:|1700313340\n|start\n|switch|p1a: \u5168\u961f\u6838\u5fc3|Pelipper, M, shiny|100\/100\n|switch|p2a: Sceptile|Sceptile, F|100\/100\n|-weather|RainDance|[from] ability: Drizzle|[of] p1a: \u5168\u961f\u6838\u5fc3\n|turn|1\n|\n|t:|1700313347\n|detailschange|p2a: Sceptile|Sceptile-Mega, F\n|-mega|p2a: Sceptile|Sceptile|Sceptilite\n|move|p2a: Sceptile|Giga Drain|p1a: \u5168\u961f\u6838\u5fc3\n|-damage|p1a: \u5168\u961f\u6838\u5fc3|38\/100\n|move|p1a: \u5168\u961f\u6838\u5fc3|Hurricane|p2a: Sceptile\n|-supereffective|p2a: Sceptile\n|-damage|p2a: Sceptile|0 fnt\n|faint|p2a: Sceptile\n|\n|-weather|RainDance|[upkeep]\n|upkeep\n|\n|t:|1700313356\n|switch|p2a: Togekiss|Togekiss, M|100\/100\n|turn|2\n|inactive|Battle timer is ON: inactive players will automatically lose when time's up. (requested by kulta)\n|\n|t:|1700313368\n|switch|p1a: \u81ea\u4fe1\u8fc7\u5ea6|Xurkitree, shiny|100\/100\n|move|p2a: Togekiss|Ancient Power|p1a: \u81ea\u4fe1\u8fc7\u5ea6\n|-damage|p1a: \u81ea\u4fe1\u8fc7\u5ea6|73\/100\n|\n|-weather|RainDance|[upkeep]\n|upkeep\n|turn|3\n|\n|t:|1700313378\n|move|p1a: \u81ea\u4fe1\u8fc7\u5ea6|Dazzling Gleam|p2a: Togekiss\n|-damage|p2a: Togekiss|67\/100\n|move|p2a: Togekiss|Mystical Fire|p1a: \u81ea\u4fe1\u8fc7\u5ea6\n|-damage|p1a: \u81ea\u4fe1\u8fc7\u5ea6|56\/100\n|-unboost|p1a: \u81ea\u4fe1\u8fc7\u5ea6|spa|1\n|\n|-weather|RainDance|[upkeep]\n|-heal|p2a: Togekiss|73\/100|[from] item: Leftovers\n|upkeep\n|turn|4\n|\n|t:|1700313388\n|switch|p1a: \u7329\u7329\u53bb\u6b7b|Tapu Lele|100\/100\n|-fieldstart|move: Psychic Terrain|[from] ability: Psychic Surge|[of] p1a: \u7329\u7329\u53bb\u6b7b\n|move|p2a: Togekiss|Mystical Fire|p1a: \u7329\u7329\u53bb\u6b7b\n|-damage|p1a: \u7329\u7329\u53bb\u6b7b|88\/100\n|-unboost|p1a: \u7329\u7329\u53bb\u6b7b|spa|1\n|\n|-weather|RainDance|[upkeep]\n|-heal|p2a: Togekiss|79\/100|[from] item: Leftovers\n|upkeep\n|turn|5\n|\n|t:|1700313399\n|move|p1a: \u7329\u7329\u53bb\u6b7b|Thunder|p2a: Togekiss\n|-supereffective|p2a: Togekiss\n|-damage|p2a: Togekiss|29\/100\n|-status|p2a: Togekiss|par\n|move|p2a: Togekiss|Mystical Fire|p1a: \u7329\u7329\u53bb\u6b7b\n|-damage|p1a: \u7329\u7329\u53bb\u6b7b|75\/100\n|-unboost|p1a: \u7329\u7329\u53bb\u6b7b|spa|1\n|\n|-weather|RainDance|[upkeep]\n|-heal|p2a: Togekiss|35\/100 par|[from] item: Leftovers\n|upkeep\n|turn|6\n|\n|t:|1700313411\n|move|p1a: \u7329\u7329\u53bb\u6b7b|Moonblast|p2a: Togekiss\n|-damage|p2a: Togekiss|13\/100 par\n|-unboost|p2a: Togekiss|spa|1\n|cant|p2a: Togekiss|par\n|\n|-weather|RainDance|[upkeep]\n|-heal|p2a: Togekiss|19\/100 par|[from] item: Leftovers\n|upkeep\n|turn|7\n|\n|t:|1700313419\n|move|p1a: \u7329\u7329\u53bb\u6b7b|Moonblast|p2a: Togekiss\n|-damage|p2a: Togekiss|0 fnt\n|faint|p2a: Togekiss\n|\n|-weather|RainDance|[upkeep]\n|upkeep\n|\n|t:|1700313426\n|switch|p2a: Drapion|Drapion, M|100\/100\n|turn|8\n|\n|t:|1700313435\n|move|p2a: Drapion|Toxic Spikes|p1a: \u7329\u7329\u53bb\u6b7b\n|-sidestart|p1: White ZOA|move: Toxic Spikes\n|-zpower|p1a: \u7329\u7329\u53bb\u6b7b\n|move|p1a: \u7329\u7329\u53bb\u6b7b|All-Out Pummeling|p2a: Drapion|[zeffect]\n|-damage|p2a: Drapion|50\/100\n|\n|-weather|none\n|-heal|p2a: Drapion|56\/100|[from] item: Leftovers\n|-fieldend|move: Psychic Terrain\n|upkeep\n|turn|9\n|\n|t:|1700313447\n|switch|p1a: \u5168\u961f\u6838\u5fc3|Pelipper, M, shiny|38\/100\n|-weather|RainDance|[from] ability: Drizzle|[of] p1a: \u5168\u961f\u6838\u5fc3\n|move|p2a: Drapion|Toxic Spikes|p1a: \u5168\u961f\u6838\u5fc3\n|-sidestart|p1: White ZOA|move: Toxic Spikes\n|\n|-weather|RainDance|[upkeep]\n|-heal|p2a: Drapion|62\/100|[from] item: Leftovers\n|upkeep\n|turn|10\n|\n|t:|1700313454\n|move|p2a: Drapion|Knock Off|p1a: \u5168\u961f\u6838\u5fc3\n|-damage|p1a: \u5168\u961f\u6838\u5fc3|6\/100\n|-enditem|p1a: \u5168\u961f\u6838\u5fc3|Damp Rock|[from] move: Knock Off|[of] p2a: Drapion\n|move|p1a: \u5168\u961f\u6838\u5fc3|Surf|p2a: Drapion\n|-damage|p2a: Drapion|0 fnt\n|faint|p2a: Drapion\n|\n|-weather|RainDance|[upkeep]\n|upkeep\n|\n|t:|1700313462\n|switch|p2a: Great Tusk|Great Tusk|100\/100\n|-enditem|p2a: Great Tusk|Booster Energy\n|-activate|p2a: Great Tusk|ability: Protosynthesis|[fromitem]\n|-start|p2a: Great Tusk|protosynthesisdef\n|turn|11\n|\n|t:|1700313470\n|switch|p1a: \u56db\u500d\u5f31\u8349|Swampert, M|100\/100\n|-status|p1a: \u56db\u500d\u5f31\u8349|tox\n|move|p2a: Great Tusk|Rapid Spin|p1a: \u56db\u500d\u5f31\u8349\n|-damage|p1a: \u56db\u500d\u5f31\u8349|83\/100 tox\n|-boost|p2a: Great Tusk|spe|1\n|\n|-weather|RainDance|[upkeep]\n|-damage|p1a: \u56db\u500d\u5f31\u8349|77\/100 tox|[from] psn\n|upkeep\n|turn|12\n|\n|t:|1700313483\n|detailschange|p1a: \u56db\u500d\u5f31\u8349|Swampert-Mega, M\n|-mega|p1a: \u56db\u500d\u5f31\u8349|Swampert|Swampertite\n|-terastallize|p2a: Great Tusk|Steel\n|move|p1a: \u56db\u500d\u5f31\u8349|Liquidation|p2a: Great Tusk\n|-damage|p2a: Great Tusk|65\/100\n|move|p2a: Great Tusk|Body Press|p1a: \u56db\u500d\u5f31\u8349\n|-damage|p1a: \u56db\u500d\u5f31\u8349|40\/100 tox\n|\n|-weather|RainDance|[upkeep]\n|-damage|p1a: \u56db\u500d\u5f31\u8349|27\/100 tox|[from] psn\n|upkeep\n|turn|13\n|\n|t:|1700313493\n|move|p1a: \u56db\u500d\u5f31\u8349|Brick Break|p2a: Great Tusk\n|-supereffective|p2a: Great Tusk\n|-damage|p2a: Great Tusk|38\/100\n|move|p2a: Great Tusk|Earthquake|p1a: \u56db\u500d\u5f31\u8349\n|-damage|p1a: \u56db\u500d\u5f31\u8349|0 fnt\n|faint|p1a: \u56db\u500d\u5f31\u8349\n|\n|-weather|RainDance|[upkeep]\n|upkeep\n|\n|t:|1700313499\n|switch|p1a: \u5168\u573a\u6700\u5feb|Barraskewda, M, shiny|100\/100\n|-status|p1a: \u5168\u573a\u6700\u5feb|tox\n|turn|14\n|\n|t:|1700313503\n|move|p1a: \u5168\u573a\u6700\u5feb|Close Combat|p2a: Great Tusk\n|-supereffective|p2a: Great Tusk\n|-damage|p2a: Great Tusk|0 fnt\n|-unboost|p1a: \u5168\u573a\u6700\u5feb|def|1\n|-unboost|p1a: \u5168\u573a\u6700\u5feb|spd|1\n|faint|p2a: Great Tusk\n|-end|p2a: Great Tusk|Protosynthesis|[silent]\n|-damage|p1a: \u5168\u573a\u6700\u5feb|91\/100 tox|[from] item: Life Orb\n|\n|-weather|RainDance|[upkeep]\n|-damage|p1a: \u5168\u573a\u6700\u5feb|85\/100 tox|[from] psn\n|upkeep\n|\n|t:|1700313524\n|switch|p2a: Garchomp|Garchomp, M|100\/100\n|turn|15\n|\n|t:|1700313532\n|-terastallize|p1a: \u5168\u573a\u6700\u5feb|Fairy\n|move|p1a: \u5168\u573a\u6700\u5feb|Liquidation|p2a: Garchomp\n|-damage|p2a: Garchomp|14\/100\n|-damage|p1a: \u5168\u573a\u6700\u5feb|72\/100 tox|[from] ability: Rough Skin|[of] p2a: Garchomp\n|-damage|p1a: \u5168\u573a\u6700\u5feb|55\/100 tox|[from] item: Rocky Helmet|[of] p2a: Garchomp\n|-damage|p1a: \u5168\u573a\u6700\u5feb|46\/100 tox|[from] item: Life Orb\n|move|p2a: Garchomp|Dragon Claw|p1a: \u5168\u573a\u6700\u5feb\n|-immune|p1a: \u5168\u573a\u6700\u5feb\n|\n|-weather|RainDance|[upkeep]\n|-damage|p1a: \u5168\u573a\u6700\u5feb|33\/100 tox|[from] psn\n|upkeep\n|turn|16\n|\n|t:|1700313544\n|move|p1a: \u5168\u573a\u6700\u5feb|Flip Turn|p2a: Garchomp\n|-damage|p2a: Garchomp|0 fnt\n|-damage|p1a: \u5168\u573a\u6700\u5feb|21\/100 tox|[from] ability: Rough Skin|[of] p2a: Garchomp\n|-damage|p1a: \u5168\u573a\u6700\u5feb|4\/100 tox|[from] item: Rocky Helmet|[of] p2a: Garchomp\n|faint|p2a: Garchomp\n|-damage|p1a: \u5168\u573a\u6700\u5feb|0 fnt|[from] item: Life Orb\n|faint|p1a: \u5168\u573a\u6700\u5feb\n|\n|-weather|none\n|upkeep\n|\n|t:|1700313553\n|switch|p1a: \u8349\u94a2\u4eb2\u513f\u5b50|Urshifu-Rapid-Strike, M|100\/100\n|switch|p2a: Volcarona|Volcarona, F|100\/100\n|-status|p1a: \u8349\u94a2\u4eb2\u513f\u5b50|tox\n|turn|17\n|\n|t:|1700313561\n|move|p1a: \u8349\u94a2\u4eb2\u513f\u5b50|Surging Strikes|p2a: Volcarona\n|-supereffective|p2a: Volcarona\n|-crit|p2a: Volcarona\n|-damage|p2a: Volcarona|36\/100\n|-supereffective|p2a: Volcarona\n|-crit|p2a: Volcarona\n|-damage|p2a: Volcarona|0 fnt\n|faint|p2a: Volcarona\n|-hitcount|p2: Volcarona|2\n|\n|win|White ZOA\n|raw|White ZOA's rating: 1132 &rarr; <strong>1154<\/strong><br \/>(+22 for winning)\n|raw|kulta's rating: 1084 &rarr; <strong>1065<\/strong><br \/>(-19 for losing)\n|l|\u2606kulta\n","uploadtime":1700313571,"views":14,"p1id":"whitezoa","p2id":"kulta","formatid":"gen9nationaldex","rating":1065,"private":0,"password":""}