{"id":"gen9nationaldex-1991833334","p1":"vladisfaction","p2":"GABRIEL_HU","format":"[Gen 9] National Dex","log":"|j|\u2606vladisfaction\n|j|\u2606GABRIEL_HU\n|t:|1700125402\n|gametype|singles\n|player|p1|vladisfaction|169|1299\n|player|p2|GABRIEL_HU|guitarist|1380\n|teamsize|p1|6\n|teamsize|p2|6\n|gen|9\n|tier|[Gen 9] National Dex\n|rated|\n|rule|HP Percentage Mod: HP is shown in percentages\n|rule|Endless Battle Clause: Forcing endless battles is banned\n|rule|OHKO Clause: OHKO moves are banned\n|rule|Evasion Clause: Evasion abilities, items, and moves are banned\n|rule|Evasion Abilities Clause: Evasion abilities are banned\n|rule|Evasion Items Clause: Evasion items are banned\n|rule|Evasion Moves Clause: Evasion moves are banned\n|rule|Species Clause: Limit one of each Pok\u00e9mon\n|rule|Sleep Clause Mod: Limit one foe put to sleep\n|clearpoke\n|poke|p1|Samurott-Hisui, F|\n|poke|p1|Gliscor, F|\n|poke|p1|Venusaur, M|\n|poke|p1|Skeledirge, M|\n|poke|p1|Blissey, F|\n|poke|p1|Slowbro, F|\n|poke|p2|Garganacl, F|\n|poke|p2|Greninja-*, M|\n|poke|p2|Zapdos|\n|poke|p2|Great Tusk|\n|poke|p2|Heatran, M|\n|poke|p2|Scizor, M|\n|teampreview\n|inactive|Battle timer is ON: inactive players will automatically lose when time's up. (requested by GABRIEL_HU)\n|\n|t:|1700125411\n|start\n|switch|p1a: Venice|Gliscor, F|100\/100\n|switch|p2a: Heatran|Heatran, M|100\/100\n|turn|1\n|\n|t:|1700125417\n|switch|p2a: Great Tusk|Great Tusk|100\/100\n|move|p1a: Venice|Stealth Rock|p2a: Great Tusk\n|-sidestart|p2: GABRIEL_HU|move: Stealth Rock\n|\n|-status|p1a: Venice|tox|[from] item: Toxic Orb\n|upkeep\n|turn|2\n|\n|t:|1700125425\n|switch|p1a: Slowbro|Slowbro, F, shiny|100\/100\n|move|p2a: Great Tusk|Rapid Spin|p1a: Slowbro\n|-damage|p1a: Slowbro|90\/100\n|-boost|p2a: Great Tusk|spe|1\n|-sideend|p2: GABRIEL_HU|Stealth Rock|[from] move: Rapid Spin|[of] p2a: Great Tusk\n|\n|upkeep\n|turn|3\n|\n|t:|1700125438\n|-end|p2a: Great Tusk|Protosynthesis|[silent]\n|switch|p2a: Greninja|Greninja, M|100\/100\n|move|p1a: Slowbro|Scald|p2a: Greninja\n|-resisted|p2a: Greninja\n|-damage|p2a: Greninja|79\/100\n|\n|upkeep\n|turn|4\n|\n|t:|1700125452\n|switch|p1a: Gorf|Venusaur, M, shiny|100\/100\n|move|p2a: Greninja|Surf|p1a: Gorf\n|-resisted|p1a: Gorf\n|-damage|p1a: Gorf|77\/100\n|-damage|p2a: Greninja|69\/100|[from] item: Life Orb\n|\n|upkeep\n|turn|5\n|\n|t:|1700125461\n|switch|p2a: Heatran|Heatran, M|100\/100\n|detailschange|p1a: Gorf|Venusaur-Mega, M, shiny\n|-mega|p1a: Gorf|Venusaur|Venusaurite\n|move|p1a: Gorf|Giga Drain|p2a: Heatran\n|-resisted|p2a: Heatran\n|-damage|p2a: Heatran|96\/100\n|-heal|p1a: Gorf|79\/100|[from] drain|[of] p2a: Heatran\n|\n|upkeep\n|turn|6\n|\n|t:|1700125466\n|move|p1a: Gorf|Earth Power|p2a: Heatran\n|-supereffective|p2a: Heatran\n|-damage|p2a: Heatran|33\/100\n|move|p2a: Heatran|Stealth Rock|p1a: Gorf\n|-sidestart|p1: vladisfaction|move: Stealth Rock\n|\n|upkeep\n|turn|7\n|\n|t:|1700125471\n|move|p2a: Heatran|Protect|p2a: Heatran\n|-singleturn|p2a: Heatran|Protect\n|move|p1a: Gorf|Earth Power|p2a: Heatran\n|-activate|p2a: Heatran|move: Protect\n|\n|upkeep\n|turn|8\n|\n|t:|1700125477\n|switch|p2a: Zapdos|Zapdos|100\/100\n|move|p1a: Gorf|Giga Drain|p2a: Zapdos\n|-resisted|p2a: Zapdos\n|-damage|p2a: Zapdos|85\/100\n|-heal|p1a: Gorf|87\/100|[from] drain|[of] p2a: Zapdos\n|\n|upkeep\n|turn|9\n|\n|t:|1700125485\n|switch|p1a: Big Mom|Blissey, F|100\/100\n|move|p2a: Zapdos|Discharge|p1a: Big Mom\n|-damage|p1a: Big Mom|88\/100\n|\n|upkeep\n|turn|10\n|\n|t:|1700125488\n|move|p2a: Zapdos|U-turn|p1a: Big Mom\n|-damage|p1a: Big Mom|76\/100\n|\n|t:|1700125494\n|switch|p2a: Great Tusk|Great Tusk|100\/100|[from] U-turn\n|move|p1a: Big Mom|Toxic|p2a: Great Tusk\n|-status|p2a: Great Tusk|tox\n|\n|-damage|p2a: Great Tusk|94\/100 tox|[from] psn\n|upkeep\n|turn|11\n|\n|t:|1700125500\n|move|p1a: Big Mom|Protect|p1a: Big Mom\n|-singleturn|p1a: Big Mom|Protect\n|move|p2a: Great Tusk|Rapid Spin|p1a: Big Mom\n|-activate|p1a: Big Mom|move: Protect\n|\n|-damage|p2a: Great Tusk|82\/100 tox|[from] psn\n|upkeep\n|turn|12\n|\n|t:|1700125509\n|switch|p1a: California|Skeledirge, M|100\/100\n|move|p2a: Great Tusk|Rapid Spin|p1a: California\n|-immune|p1a: California\n|\n|-damage|p2a: Great Tusk|63\/100 tox|[from] psn\n|upkeep\n|turn|13\n|\n|t:|1700125514\n|-end|p2a: Great Tusk|Protosynthesis|[silent]\n|switch|p2a: Garganacl|Garganacl, F, shiny|100\/100\n|move|p1a: California|Torch Song|p2a: Garganacl\n|-resisted|p2a: Garganacl\n|-damage|p2a: Garganacl|90\/100\n|-boost|p1a: California|spa|1\n|\n|-heal|p2a: Garganacl|96\/100|[from] item: Leftovers\n|upkeep\n|turn|14\n|\n|t:|1700125523\n|move|p1a: California|Torch Song|p2a: Garganacl\n|-resisted|p2a: Garganacl\n|-damage|p2a: Garganacl|81\/100\n|-boost|p1a: California|spa|1\n|move|p2a: Garganacl|Salt Cure|p1a: California\n|-supereffective|p1a: California\n|-damage|p1a: California|84\/100\n|-start|p1a: California|Salt Cure\n|\n|-heal|p2a: Garganacl|87\/100|[from] item: Leftovers\n|-damage|p1a: California|72\/100|[from] Salt Cure\n|upkeep\n|turn|15\n|\n|t:|1700125534\n|switch|p1a: Gorf|Venusaur-Mega, M, shiny|87\/100\n|-damage|p1a: Gorf|75\/100|[from] Stealth Rock\n|move|p2a: Garganacl|Iron Defense|p2a: Garganacl\n|-boost|p2a: Garganacl|def|2\n|\n|-heal|p2a: Garganacl|93\/100|[from] item: Leftovers\n|upkeep\n|turn|16\n|\n|t:|1700125539\n|switch|p2a: Zapdos|Zapdos|85\/100\n|move|p1a: Gorf|Giga Drain|p2a: Zapdos\n|-resisted|p2a: Zapdos\n|-damage|p2a: Zapdos|70\/100\n|-heal|p1a: Gorf|83\/100|[from] drain|[of] p2a: Zapdos\n|\n|upkeep\n|turn|17\n|\n|t:|1700125550\n|move|p2a: Zapdos|U-turn|p1a: Gorf\n|-damage|p1a: Gorf|74\/100\n|\n|t:|1700125557\n|switch|p2a: Scizor|Scizor, M|100\/100|[from] U-turn\n|move|p1a: Gorf|Synthesis|p1a: Gorf\n|-heal|p1a: Gorf|100\/100\n|\n|upkeep\n|turn|18\n|\n|t:|1700125561\n|detailschange|p2a: Scizor|Scizor-Mega, M\n|-mega|p2a: Scizor|Scizor|Scizorite\n|move|p1a: Gorf|Hidden Power|p2a: Scizor\n|-supereffective|p2a: Scizor\n|-damage|p2a: Scizor|45\/100\n|move|p2a: Scizor|U-turn|p1a: Gorf\n|-damage|p1a: Gorf|79\/100\n|\n|t:|1700125566\n|switch|p2a: Greninja|Greninja, M|69\/100|[from] U-turn\n|\n|upkeep\n|turn|19\n|\n|t:|1700125571\n|move|p2a: Greninja|Ice Beam|p1a: Gorf\n|-supereffective|p1a: Gorf\n|-damage|p1a: Gorf|53\/100\n|-damage|p2a: Greninja|59\/100|[from] item: Life Orb\n|move|p1a: Gorf|Giga Drain|p2a: Greninja\n|-supereffective|p2a: Greninja\n|-damage|p2a: Greninja|0 fnt\n|-heal|p1a: Gorf|76\/100|[from] drain|[of] p2a: Greninja\n|faint|p2a: Greninja\n|\n|upkeep\n|\n|t:|1700125576\n|switch|p2a: Heatran|Heatran, M|33\/100\n|turn|20\n|\n|t:|1700125587\n|move|p1a: Gorf|Earth Power|p2a: Heatran\n|-supereffective|p2a: Heatran\n|-damage|p2a: Heatran|0 fnt\n|faint|p2a: Heatran\n|\n|upkeep\n|\n|t:|1700125590\n|switch|p2a: Zapdos|Zapdos|70\/100\n|turn|21\n|\n|t:|1700125598\n|switch|p1a: Venice|Gliscor, F|100\/100 tox\n|-damage|p1a: Venice|88\/100 tox|[from] Stealth Rock\n|move|p2a: Zapdos|Discharge|p1a: Venice\n|-immune|p1a: Venice\n|\n|-heal|p1a: Venice|100\/100 tox|[from] ability: Poison Heal\n|upkeep\n|turn|22\n|\n|t:|1700125602\n|move|p2a: Zapdos|U-turn|p1a: Venice\n|-resisted|p1a: Venice\n|-damage|p1a: Venice|95\/100 tox\n|\n|t:|1700125604\n|switch|p2a: Great Tusk|Great Tusk|63\/100 tox|[from] U-turn\n|move|p1a: Venice|Toxic|p2a: Great Tusk\n|-fail|p2a: Great Tusk|tox\n|\n|-damage|p2a: Great Tusk|57\/100 tox|[from] psn\n|-heal|p1a: Venice|100\/100 tox|[from] ability: Poison Heal\n|upkeep\n|turn|23\n|\n|t:|1700125610\n|move|p2a: Great Tusk|Headlong Rush|p1a: Venice\n|-immune|p1a: Venice\n|move|p1a: Venice|Stealth Rock|p2a: Great Tusk\n|-sidestart|p2: GABRIEL_HU|move: Stealth Rock\n|\n|-damage|p2a: Great Tusk|45\/100 tox|[from] psn\n|upkeep\n|turn|24\n|\n|t:|1700125619\n|switch|p1a: Gorf|Venusaur-Mega, M, shiny|76\/100\n|-damage|p1a: Gorf|64\/100|[from] Stealth Rock\n|move|p2a: Great Tusk|Headlong Rush|p1a: Gorf\n|-damage|p1a: Gorf|24\/100\n|-unboost|p2a: Great Tusk|def|1\n|-unboost|p2a: Great Tusk|spd|1\n|\n|-damage|p2a: Great Tusk|26\/100 tox|[from] psn\n|upkeep\n|turn|25\n|\n|t:|1700125629\n|switch|p1a: Venice|Gliscor, F|100\/100 tox\n|-damage|p1a: Venice|88\/100 tox|[from] Stealth Rock\n|move|p2a: Great Tusk|Headlong Rush|p1a: Venice\n|-immune|p1a: Venice\n|\n|-damage|p2a: Great Tusk|1\/100 tox|[from] psn\n|-heal|p1a: Venice|100\/100 tox|[from] ability: Poison Heal\n|upkeep\n|turn|26\n|\n|t:|1700125638\n|-zpower|p2a: Great Tusk\n|move|p2a: Great Tusk|Subzero Slammer|p1a: Venice|[zeffect]\n|-supereffective|p1a: Venice\n|-damage|p1a: Venice|0 fnt\n|faint|p1a: Venice\n|\n|-damage|p2a: Great Tusk|0 fnt|[from] psn\n|faint|p2a: Great Tusk\n|-end|p2a: Great Tusk|Protosynthesis|[silent]\n|upkeep\n|\n|t:|1700125651\n|switch|p2a: Scizor|Scizor-Mega, M|45\/100\n|switch|p1a: Gorf|Venusaur-Mega, M, shiny|24\/100\n|-damage|p1a: Gorf|11\/100|[from] Stealth Rock\n|-damage|p2a: Scizor|32\/100|[from] Stealth Rock\n|turn|27\n|\n|t:|1700125654\n|move|p2a: Scizor|Bullet Punch|p1a: Gorf\n|-damage|p1a: Gorf|0 fnt\n|faint|p1a: Gorf\n|\n|upkeep\n|\n|t:|1700125660\n|switch|p1a: California|Skeledirge, M|72\/100\n|turn|28\n|\n|t:|1700125662\n|switch|p2a: Garganacl|Garganacl, F, shiny|93\/100\n|-damage|p2a: Garganacl|81\/100|[from] Stealth Rock\n|move|p1a: California|Will-O-Wisp|p2a: Garganacl\n|-immune|p2a: Garganacl|[from] ability: Purifying Salt\n|\n|-heal|p2a: Garganacl|87\/100|[from] item: Leftovers\n|upkeep\n|turn|29\n|\n|t:|1700125679\n|switch|p1a: Slowbro|Slowbro, F, shiny|100\/100\n|move|p2a: Garganacl|Salt Cure|p1a: Slowbro\n|-damage|p1a: Slowbro|92\/100\n|-start|p1a: Slowbro|Salt Cure\n|\n|-heal|p2a: Garganacl|93\/100|[from] item: Leftovers\n|-damage|p1a: Slowbro|67\/100|[from] Salt Cure\n|upkeep\n|turn|30\n|\n|t:|1700125683\n|move|p2a: Garganacl|Iron Defense|p2a: Garganacl\n|-boost|p2a: Garganacl|def|2\n|move|p1a: Slowbro|Scald|p2a: Garganacl\n|-supereffective|p2a: Garganacl\n|-damage|p2a: Garganacl|58\/100\n|\n|-heal|p2a: Garganacl|65\/100|[from] item: Leftovers\n|-damage|p1a: Slowbro|42\/100|[from] Salt Cure\n|upkeep\n|turn|31\n|\n|t:|1700125687\n|-terastallize|p2a: Garganacl|Water\n|move|p2a: Garganacl|Salt Cure|p1a: Slowbro\n|-damage|p1a: Slowbro|33\/100\n|move|p1a: Slowbro|Scald|p2a: Garganacl\n|-resisted|p2a: Garganacl\n|-damage|p2a: Garganacl|56\/100\n|\n|-heal|p2a: Garganacl|62\/100|[from] item: Leftovers\n|-damage|p1a: Slowbro|9\/100|[from] Salt Cure\n|upkeep\n|turn|32\n|\n|t:|1700125699\n|switch|p1a: Big Mom|Blissey, F|76\/100\n|move|p2a: Garganacl|Recover|p2a: Garganacl\n|-heal|p2a: Garganacl|100\/100\n|\n|upkeep\n|turn|33\n|\n|t:|1700125715\n|move|p1a: Big Mom|Seismic Toss|p2a: Garganacl\n|-damage|p2a: Garganacl|76\/100\n|move|p2a: Garganacl|Body Press|p1a: Big Mom\n|-supereffective|p1a: Big Mom\n|-damage|p1a: Big Mom|0 fnt\n|faint|p1a: Big Mom\n|\n|-heal|p2a: Garganacl|82\/100|[from] item: Leftovers\n|upkeep\n|\n|t:|1700125719\n|switch|p1a: Vrazy|Samurott-Hisui, F, shiny|100\/100\n|-damage|p1a: Vrazy|88\/100|[from] Stealth Rock\n|turn|34\n|\n|t:|1700125724\n|-terastallize|p1a: Vrazy|Poison\n|move|p1a: Vrazy|Swords Dance|p1a: Vrazy\n|-boost|p1a: Vrazy|atk|2\n|move|p2a: Garganacl|Salt Cure|p1a: Vrazy\n|-damage|p1a: Vrazy|69\/100\n|-start|p1a: Vrazy|Salt Cure\n|\n|-heal|p2a: Garganacl|88\/100|[from] item: Leftovers\n|-damage|p1a: Vrazy|57\/100|[from] Salt Cure\n|upkeep\n|turn|35\n|\n|t:|1700125729\n|move|p1a: Vrazy|Swords Dance|p1a: Vrazy\n|-boost|p1a: Vrazy|atk|2\n|move|p2a: Garganacl|Iron Defense|p2a: Garganacl\n|-boost|p2a: Garganacl|def|2\n|\n|-heal|p2a: Garganacl|94\/100|[from] item: Leftovers\n|-damage|p1a: Vrazy|44\/100|[from] Salt Cure\n|upkeep\n|turn|36\n|\n|t:|1700125732\n|move|p1a: Vrazy|Ceaseless Edge|p2a: Garganacl\n|-damage|p2a: Garganacl|64\/100\n|-sidestart|p2: GABRIEL_HU|Spikes\n|move|p2a: Garganacl|Body Press|p1a: Vrazy\n|-resisted|p1a: Vrazy\n|-damage|p1a: Vrazy|0 fnt\n|faint|p1a: Vrazy\n|\n|-heal|p2a: Garganacl|70\/100|[from] item: Leftovers\n|upkeep\n|-message|vladisfaction forfeited.\n|\n|win|GABRIEL_HU\n|raw|vladisfaction's rating: 1299 &rarr; <strong>1280<\/strong><br \/>(-19 for losing)\n|raw|GABRIEL_HU's rating: 1380 &rarr; <strong>1395<\/strong><br \/>(+15 for winning)\n|l|\u2606vladisfaction\n","uploadtime":1700125750,"views":4,"p1id":"vladisfaction","p2id":"gabrielhu","formatid":"gen9nationaldex","rating":1280,"private":0,"password":""}