{"id":"gen9nationaldex-1995307674","p1":"NDSNEZ Larrea","p2":"NDSNEZFurinaGaming","format":"[Gen 9] National Dex","log":"|html|<div class=\"broadcast-blue\"><strong>[Gen 9] National Dex is currently suspecting Sneasler! For information on how to participate check out the <a href=\"https:\/\/www.smogon.com\/forums\/threads\/sv-national-dex-suspect-8-just-dance.3731534\/\">suspect thread<\/a>.<\/strong><\/div>\n|j|\u2606NDSNEZ Larrea\n|j|\u2606NDSNEZFurinaGaming\n|t:|1700550892\n|gametype|singles\n|player|p1|NDSNEZ Larrea|olivia|1352\n|player|p2|NDSNEZFurinaGaming|winona|1271\n|teamsize|p1|6\n|teamsize|p2|6\n|gen|9\n|tier|[Gen 9] National Dex\n|rated|\n|rule|HP Percentage Mod: HP is shown in percentages\n|rule|Endless Battle Clause: Forcing endless battles is banned\n|rule|OHKO Clause: OHKO moves are banned\n|rule|Evasion Clause: Evasion abilities, items, and moves are banned\n|rule|Evasion Abilities Clause: Evasion abilities are banned\n|rule|Evasion Items Clause: Evasion items are banned\n|rule|Evasion Moves Clause: Evasion moves are banned\n|rule|Species Clause: Limit one of each Pok\u00e9mon\n|rule|Sleep Clause Mod: Limit one foe put to sleep\n|clearpoke\n|poke|p1|Garchomp, M|\n|poke|p1|Ninetales-Alola, F|\n|poke|p1|Landorus-Therian, M|\n|poke|p1|Urshifu-*, F|\n|poke|p1|Scizor, M|\n|poke|p1|Iron Valiant|\n|poke|p2|Tapu Koko|\n|poke|p2|Volcarona, M|\n|poke|p2|Sneasler, M|\n|poke|p2|Gyarados, M|\n|poke|p2|Tapu Lele|\n|poke|p2|Iron Valiant|\n|teampreview\n|\n|t:|1700550899\n|start\n|switch|p1a: Garchomp|Garchomp, M|100\/100\n|switch|p2a: Tapu Coco|Tapu Koko|100\/100\n|-fieldstart|move: Electric Terrain|[from] ability: Electric Surge|[of] p2a: Tapu Coco\n|turn|1\n|\n|t:|1700550917\n|-terastallize|p1a: Garchomp|Poison\n|move|p2a: Tapu Coco|Taunt|p1a: Garchomp\n|-start|p1a: Garchomp|move: Taunt\n|move|p1a: Garchomp|Poison Jab|p2a: Tapu Coco\n|-supereffective|p2a: Tapu Coco\n|-damage|p2a: Tapu Coco|0 fnt\n|faint|p2a: Tapu Coco\n|\n|upkeep\n|\n|t:|1700550930\n|switch|p2a: Tapu Lele|Tapu Lele|100\/100\n|-fieldstart|move: Psychic Terrain|[from] ability: Psychic Surge|[of] p2a: Tapu Lele\n|turn|2\n|inactive|Battle timer is ON: inactive players will automatically lose when time's up. (requested by NDSNEZ Larrea)\n|\n|t:|1700550954\n|switch|p1a: Ninetales|Ninetales-Alola, F|100\/100\n|-weather|Snow|[from] ability: Snow Warning|[of] p1a: Ninetales\n|move|p2a: Tapu Lele|Psychic|p1a: Ninetales\n|-damage|p1a: Ninetales|46\/100\n|\n|-weather|Snow|[upkeep]\n|upkeep\n|turn|3\n|\n|t:|1700550961\n|move|p2a: Tapu Lele|Psychic|p1a: Ninetales\n|-damage|p1a: Ninetales|0 fnt\n|faint|p1a: Ninetales\n|\n|-weather|Snow|[upkeep]\n|upkeep\n|\n|t:|1700550965\n|switch|p1a: Urshifu|Urshifu-Rapid-Strike, F|100\/100\n|turn|4\n|\n|t:|1700550967\n|move|p1a: Urshifu|U-turn|p2a: Tapu Lele\n|-damage|p2a: Tapu Lele|61\/100\n|\n|t:|1700550970\n|switch|p1a: Scizor|Scizor, M|100\/100|[from] U-turn\n|move|p2a: Tapu Lele|Psychic|p1a: Scizor\n|-resisted|p1a: Scizor\n|-damage|p1a: Scizor|66\/100\n|\n|-weather|Snow|[upkeep]\n|upkeep\n|turn|5\n|\n|t:|1700550992\n|switch|p2a: Maniac|Volcarona, M|100\/100\n|switch|p1a: Landorus|Landorus-Therian, M|100\/100\n|-ability|p1a: Landorus|Intimidate|boost\n|-unboost|p2a: Maniac|atk|1\n|\n|-weather|Snow|[upkeep]\n|upkeep\n|turn|6\n|\n|t:|1700551008\n|move|p2a: Maniac|Quiver Dance|p2a: Maniac\n|-boost|p2a: Maniac|spa|1\n|-boost|p2a: Maniac|spd|1\n|-boost|p2a: Maniac|spe|1\n|move|p1a: Landorus|Toxic|p2a: Maniac\n|-status|p2a: Maniac|tox\n|\n|-weather|none\n|-damage|p2a: Maniac|94\/100 tox|[from] psn\n|-fieldend|move: Psychic Terrain\n|upkeep\n|turn|7\n|\n|t:|1700551030\n|move|p2a: Maniac|Quiver Dance|p2a: Maniac\n|-boost|p2a: Maniac|spa|1\n|-boost|p2a: Maniac|spd|1\n|-boost|p2a: Maniac|spe|1\n|move|p1a: Landorus|Stealth Rock|p2a: Maniac\n|-sidestart|p2: NDSNEZFurinaGaming|move: Stealth Rock\n|\n|-damage|p2a: Maniac|82\/100 tox|[from] psn\n|upkeep\n|turn|8\n|\n|t:|1700551038\n|move|p2a: Maniac|Flamethrower|p1a: Landorus\n|-damage|p1a: Landorus|13\/100\n|move|p1a: Landorus|Earthquake|p2a: Maniac\n|-damage|p2a: Maniac|10\/100 tox\n|\n|-damage|p2a: Maniac|0 fnt|[from] psn\n|faint|p2a: Maniac\n|upkeep\n|\n|t:|1700551048\n|switch|p2a: Tapu Lele|Tapu Lele|61\/100\n|-damage|p2a: Tapu Lele|49\/100|[from] Stealth Rock\n|-fieldstart|move: Psychic Terrain|[from] ability: Psychic Surge|[of] p2a: Tapu Lele\n|turn|9\n|\n|t:|1700551057\n|move|p2a: Tapu Lele|Psychic|p1a: Landorus\n|-damage|p1a: Landorus|0 fnt\n|faint|p1a: Landorus\n|\n|upkeep\n|\n|t:|1700551079\n|switch|p1a: Urshifu|Urshifu-Rapid-Strike, F|100\/100\n|turn|10\n|\n|t:|1700551083\n|move|p1a: Urshifu|Surging Strikes|p2a: Tapu Lele\n|-crit|p2a: Tapu Lele\n|-damage|p2a: Tapu Lele|17\/100\n|-crit|p2a: Tapu Lele\n|-damage|p2a: Tapu Lele|0 fnt\n|faint|p2a: Tapu Lele\n|-hitcount|p2: Tapu Lele|2\n|\n|upkeep\n|\n|t:|1700551095\n|switch|p2a: Gyarados|Gyarados, M|100\/100\n|-damage|p2a: Gyarados|76\/100|[from] Stealth Rock\n|-ability|p2a: Gyarados|Intimidate|boost\n|-unboost|p1a: Urshifu|atk|1\n|turn|11\n|\n|t:|1700551107\n|switch|p1a: Garchomp|Garchomp, M, tera:Poison|100\/100\n|move|p2a: Gyarados|Dragon Dance|p2a: Gyarados\n|-boost|p2a: Gyarados|atk|1\n|-boost|p2a: Gyarados|spe|1\n|\n|upkeep\n|turn|12\n|\n|t:|1700551117\n|move|p2a: Gyarados|Dragon Dance|p2a: Gyarados\n|-boost|p2a: Gyarados|atk|1\n|-boost|p2a: Gyarados|spe|1\n|move|p1a: Garchomp|Scale Shot|p2a: Gyarados|[miss]\n|-miss|p1a: Garchomp|p2a: Gyarados\n|\n|upkeep\n|turn|13\n|\n|t:|1700551126\n|detailschange|p2a: Gyarados|Gyarados-Mega, M\n|-mega|p2a: Gyarados|Gyarados|Gyaradosite\n|-ability|p2a: Gyarados|Mold Breaker\n|move|p2a: Gyarados|Earthquake|p1a: Garchomp\n|-supereffective|p1a: Garchomp\n|-damage|p1a: Garchomp|0 fnt\n|faint|p1a: Garchomp\n|\n|-fieldend|move: Psychic Terrain\n|upkeep\n|\n|t:|1700551135\n|switch|p1a: Urshifu|Urshifu-Rapid-Strike, F|100\/100\n|turn|14\n|\n|t:|1700551138\n|move|p2a: Gyarados|Earthquake|p1a: Urshifu\n|-damage|p1a: Urshifu|8\/100\n|move|p1a: Urshifu|Close Combat|p2a: Gyarados\n|-supereffective|p2a: Gyarados\n|-damage|p2a: Gyarados|0 fnt\n|-unboost|p1a: Urshifu|def|1\n|-unboost|p1a: Urshifu|spd|1\n|faint|p2a: Gyarados\n|\n|upkeep\n|\n|t:|1700551153\n|switch|p2a: Iron Valiant|Iron Valiant|100\/100\n|-damage|p2a: Iron Valiant|94\/100|[from] Stealth Rock\n|-enditem|p2a: Iron Valiant|Booster Energy\n|-activate|p2a: Iron Valiant|ability: Quark Drive|[fromitem]\n|-start|p2a: Iron Valiant|quarkdrivespe\n|turn|15\n|\n|t:|1700551180\n|switch|p1a: Scizor|Scizor, M|66\/100\n|move|p2a: Iron Valiant|Moonblast|p1a: Scizor\n|-resisted|p1a: Scizor\n|-damage|p1a: Scizor|41\/100\n|\n|upkeep\n|turn|16\n|\n|t:|1700551186\n|detailschange|p1a: Scizor|Scizor-Mega, M\n|-mega|p1a: Scizor|Scizor|Scizorite\n|-terastallize|p2a: Iron Valiant|Electric\n|move|p1a: Scizor|Bullet Punch|p2a: Iron Valiant\n|-resisted|p2a: Iron Valiant\n|-damage|p2a: Iron Valiant|76\/100\n|move|p2a: Iron Valiant|Thunderbolt|p1a: Scizor\n|-damage|p1a: Scizor|0 fnt\n|faint|p1a: Scizor\n|\n|upkeep\n|\n|t:|1700551193\n|switch|p1a: Iron Valiant|Iron Valiant|100\/100\n|turn|17\n|\n|t:|1700551196\n|move|p2a: Iron Valiant|Moonblast|p1a: Iron Valiant\n|-supereffective|p1a: Iron Valiant\n|-damage|p1a: Iron Valiant|0 fnt\n|faint|p1a: Iron Valiant\n|-end|p1a: Iron Valiant|Quark Drive|[silent]\n|\n|upkeep\n|-message|NDSNEZ Larrea forfeited.\n|\n|win|NDSNEZFurinaGaming\n|raw|NDSNEZ Larrea's rating: 1352 &rarr; <strong>1327<\/strong><br \/>(-25 for losing)\n|raw|NDSNEZFurinaGaming's rating: 1271 &rarr; <strong>1302<\/strong><br \/>(+31 for winning)\n|l|\u2606NDSNEZ Larrea\n","uploadtime":1700551207,"views":2,"p1id":"ndsnezlarrea","p2id":"ndsnezfurinagaming","formatid":"gen9nationaldex","rating":1302,"private":0,"password":""}