{"id":"gen9nationaldex-2000237964","p1":"Yakkosalabama","p2":"qrerawa","format":"[Gen 9] National Dex","log":"|html|<div class=\"broadcast-blue\"><strong>[Gen 9] National Dex is currently suspecting Sneasler! For information on how to participate check out the <a href=\"https:\/\/www.smogon.com\/forums\/threads\/sv-national-dex-suspect-8-just-dance.3731534\/\">suspect thread<\/a>.<\/strong><\/div>\n|j|\u2606Yakkosalabama\n|j|\u2606qrerawa\n|t:|1701176088\n|gametype|singles\n|player|p1|Yakkosalabama|volo|1422\n|player|p2|qrerawa|2|1434\n|teamsize|p1|6\n|teamsize|p2|6\n|gen|9\n|tier|[Gen 9] National Dex\n|rated|\n|rule|HP Percentage Mod: HP is shown in percentages\n|rule|Endless Battle Clause: Forcing endless battles is banned\n|rule|OHKO Clause: OHKO moves are banned\n|rule|Evasion Clause: Evasion abilities, items, and moves are banned\n|rule|Evasion Abilities Clause: Evasion abilities are banned\n|rule|Evasion Items Clause: Evasion items are banned\n|rule|Evasion Moves Clause: Evasion moves are banned\n|rule|Species Clause: Limit one of each Pok\u00e9mon\n|rule|Sleep Clause Mod: Limit one foe put to sleep\n|clearpoke\n|poke|p1|Kommo-o, F|\n|poke|p1|Kartana|\n|poke|p1|Tapu Koko|\n|poke|p1|Diancie|\n|poke|p1|Landorus-Therian, M|\n|poke|p1|Grimmsnarl, M|\n|poke|p2|Mawile, M|\n|poke|p2|Marowak-Alola, F|\n|poke|p2|Hatterene, F|\n|poke|p2|Cresselia, F|\n|poke|p2|Porygon2|\n|poke|p2|Ursaluna, F|\n|teampreview\n|inactive|Battle timer is ON: inactive players will automatically lose when time's up. (requested by Yakkosalabama)\n|c|\u2606Yakkosalabama|Hi\n|inactive|qrerawa has 120 seconds left.\n|\n|t:|1701176124\n|start\n|switch|p1a: Grimmsnarl|Grimmsnarl, M|100\/100\n|switch|p2a: Porygon2|Porygon2|100\/100\n|-ability|p2a: Porygon2|Prankster|[from] ability: Trace|[of] p1a: Grimmsnarl\n|turn|1\n|c|\u2606qrerawa|\u4f60\u597d\n|\n|t:|1701176132\n|move|p1a: Grimmsnarl|Reflect|p1a: Grimmsnarl\n|-sidestart|p1: Yakkosalabama|Reflect\n|move|p2a: Porygon2|Trick Room|p2a: Porygon2\n|-fieldstart|move: Trick Room|[of] p2a: Porygon2\n|\n|upkeep\n|turn|2\n|c|\u2606Yakkosalabama|how are you?\n|\n|t:|1701176139\n|move|p1a: Grimmsnarl|Light Screen|p1a: Grimmsnarl\n|-sidestart|p1: Yakkosalabama|move: Light Screen\n|move|p2a: Porygon2|Teleport|p2a: Porygon2\n|\n|t:|1701176148\n|switch|p2a: Ursaluna|Ursaluna, F|100\/100|[from] Teleport\n|\n|-status|p2a: Ursaluna|brn|[from] item: Flame Orb\n|upkeep\n|turn|3\n|\n|t:|1701176157\n|move|p1a: Grimmsnarl|Parting Shot|p2a: Ursaluna\n|-unboost|p2a: Ursaluna|atk|1\n|-unboost|p2a: Ursaluna|spa|1\n|\n|t:|1701176160\n|switch|p1a: Landorus|Landorus-Therian, M|100\/100|[from] Parting Shot\n|-ability|p1a: Landorus|Intimidate|boost\n|-unboost|p2a: Ursaluna|atk|1\n|move|p2a: Ursaluna|Swords Dance|p2a: Ursaluna\n|-boost|p2a: Ursaluna|atk|2\n|\n|-damage|p2a: Ursaluna|94\/100 brn|[from] brn\n|upkeep\n|turn|4\n|\n|t:|1701176171\n|-terastallize|p1a: Landorus|Ground\n|move|p2a: Ursaluna|Swords Dance|p2a: Ursaluna\n|-boost|p2a: Ursaluna|atk|2\n|move|p1a: Landorus|Earthquake|p2a: Ursaluna\n|-damage|p2a: Ursaluna|38\/100 brn\n|\n|-damage|p2a: Ursaluna|32\/100 brn|[from] brn\n|upkeep\n|turn|5\n|\n|t:|1701176184\n|move|p2a: Ursaluna|Facade|p1a: Landorus\n|-damage|p1a: Landorus|0 fnt\n|faint|p1a: Landorus\n|\n|-damage|p2a: Ursaluna|26\/100 brn|[from] brn\n|-fieldend|move: Trick Room\n|upkeep\n|\n|t:|1701176187\n|switch|p1a: Kartana|Kartana|100\/100\n|turn|6\n|\n|t:|1701176192\n|switch|p2a: Porygon2|Porygon2|100\/100\n|-ability|p2a: Porygon2|Beast Boost|[from] ability: Trace|[of] p1a: Kartana\n|move|p1a: Kartana|Leaf Blade|p2a: Porygon2\n|-damage|p2a: Porygon2|74\/100\n|\n|upkeep\n|turn|7\n|\n|t:|1701176200\n|move|p1a: Kartana|Knock Off|p2a: Porygon2\n|-damage|p2a: Porygon2|57\/100\n|-enditem|p2a: Porygon2|Eviolite|[from] move: Knock Off|[of] p1a: Kartana\n|move|p2a: Porygon2|Trick Room|p2a: Porygon2\n|-fieldstart|move: Trick Room|[of] p2a: Porygon2\n|\n|upkeep\n|turn|8\n|\n|t:|1701176207\n|move|p1a: Kartana|Sacred Sword|p2a: Porygon2\n|-supereffective|p2a: Porygon2\n|-damage|p2a: Porygon2|7\/100\n|move|p2a: Porygon2|Teleport|p2a: Porygon2\n|\n|t:|1701176219\n|switch|p2a: Marowak|Marowak-Alola, F|100\/100|[from] Teleport\n|\n|-sideend|p1: Yakkosalabama|Reflect\n|upkeep\n|turn|9\n|\n|t:|1701176226\n|switch|p1a: Grimmsnarl|Grimmsnarl, M|100\/100\n|move|p2a: Marowak|Swords Dance|p2a: Marowak\n|-boost|p2a: Marowak|atk|2\n|\n|-sideend|p1: Yakkosalabama|move: Light Screen\n|upkeep\n|turn|10\n|\n|t:|1701176233\n|move|p1a: Grimmsnarl|Reflect|p1a: Grimmsnarl\n|-sidestart|p1: Yakkosalabama|Reflect\n|move|p2a: Marowak|Flare Blitz|p1a: Grimmsnarl\n|-damage|p1a: Grimmsnarl|12\/100\n|\n|upkeep\n|turn|11\n|\n|t:|1701176238\n|move|p1a: Grimmsnarl|Parting Shot|p2a: Marowak\n|-unboost|p2a: Marowak|atk|1\n|-unboost|p2a: Marowak|spa|1\n|\n|t:|1701176242\n|switch|p1a: Diancie|Diancie|100\/100|[from] Parting Shot\n|move|p2a: Marowak|Flare Blitz|p1a: Diancie\n|-resisted|p1a: Diancie\n|-damage|p1a: Diancie|60\/100\n|\n|-fieldend|move: Trick Room\n|upkeep\n|turn|12\n|\n|t:|1701176250\n|switch|p2a: Porygon2|Porygon2|7\/100\n|-ability|p2a: Porygon2|Clear Body|[from] ability: Trace|[of] p1a: Diancie\n|detailschange|p1a: Diancie|Diancie-Mega\n|-mega|p1a: Diancie|Diancie|Diancite\n|move|p1a: Diancie|Diamond Storm|p2a: Porygon2\n|-damage|p2a: Porygon2|0 fnt\n|faint|p2a: Porygon2\n|\n|upkeep\n|\n|t:|1701176260\n|switch|p2a: Cresselia|Cresselia, F|100\/100\n|turn|13\n|\n|t:|1701176264\n|move|p1a: Diancie|Calm Mind|p1a: Diancie\n|-boost|p1a: Diancie|spa|1\n|-boost|p1a: Diancie|spd|1\n|move|p2a: Cresselia|Trick Room|p2a: Cresselia\n|-fieldstart|move: Trick Room|[of] p2a: Cresselia\n|\n|upkeep\n|turn|14\n|\n|t:|1701176270\n|move|p2a: Cresselia|Lunar Dance|p2a: Cresselia\n|faint|p2a: Cresselia\n|move|p1a: Diancie|Calm Mind|p1a: Diancie\n|-boost|p1a: Diancie|spa|1\n|-boost|p1a: Diancie|spd|1\n|\n|upkeep\n|\n|t:|1701176275\n|switch|p2a: Ursaluna|Ursaluna, F|26\/100 brn\n|-heal|p2a: Ursaluna|100\/100|[from] move: Lunar Dance\n|turn|15\n|\n|t:|1701176279\n|move|p2a: Ursaluna|Swords Dance|p2a: Ursaluna\n|-boost|p2a: Ursaluna|atk|2\n|move|p1a: Diancie|Draining Kiss|p2a: Ursaluna\n|-damage|p2a: Ursaluna|43\/100\n|-heal|p1a: Diancie|100\/100|[from] drain|[of] p2a: Ursaluna\n|\n|-status|p2a: Ursaluna|brn|[from] item: Flame Orb\n|upkeep\n|turn|16\n|\n|t:|1701176289\n|move|p2a: Ursaluna|Earthquake|p1a: Diancie\n|-supereffective|p1a: Diancie\n|-damage|p1a: Diancie|0 fnt\n|faint|p1a: Diancie\n|\n|-damage|p2a: Ursaluna|37\/100 brn|[from] brn\n|upkeep\n|\n|t:|1701176295\n|switch|p1a: Grimmsnarl|Grimmsnarl, M|12\/100\n|turn|17\n|\n|t:|1701176301\n|switch|p1a: Kartana|Kartana|100\/100\n|move|p2a: Ursaluna|Facade|p1a: Kartana\n|-resisted|p1a: Kartana\n|-damage|p1a: Kartana|40\/100\n|\n|-damage|p2a: Ursaluna|31\/100 brn|[from] brn\n|-sideend|p1: Yakkosalabama|Reflect\n|-fieldend|move: Trick Room\n|upkeep\n|turn|18\n|\n|t:|1701176312\n|switch|p2a: Marowak|Marowak-Alola, F|100\/100\n|move|p1a: Kartana|Sacred Sword|p2a: Marowak\n|-immune|p2a: Marowak\n|\n|upkeep\n|turn|19\n|\n|t:|1701176320\n|move|p1a: Kartana|Knock Off|p2a: Marowak\n|-supereffective|p2a: Marowak\n|-damage|p2a: Marowak|38\/100\n|-enditem|p2a: Marowak|Thick Club|[from] move: Knock Off|[of] p1a: Kartana\n|move|p2a: Marowak|Flare Blitz|p1a: Kartana\n|-supereffective|p1a: Kartana\n|-damage|p1a: Kartana|0 fnt\n|faint|p1a: Kartana\n|\n|upkeep\n|\n|t:|1701176326\n|switch|p1a: Kommo-o|Kommo-o, F|100\/100\n|turn|20\n|\n|t:|1701176333\n|move|p1a: Kommo-o|Clangorous Soul|p1a: Kommo-o\n|-boost|p1a: Kommo-o|atk|1\n|-boost|p1a: Kommo-o|def|1\n|-boost|p1a: Kommo-o|spa|1\n|-boost|p1a: Kommo-o|spd|1\n|-boost|p1a: Kommo-o|spe|1\n|-damage|p1a: Kommo-o|68\/100\n|-enditem|p1a: Kommo-o|Throat Spray\n|-boost|p1a: Kommo-o|spa|1|[from] item: Throat Spray\n|move|p2a: Marowak|Poltergeist||[still]\n|-fail|p2a: Marowak\n|\n|upkeep\n|turn|21\n|c|\u2606qrerawa|wp\n|c|\u2606Yakkosalabama|Thx\n|inactive|qrerawa has 120 seconds left.\n|\n|t:|1701176367\n|switch|p2a: Mawile|Mawile, M|100\/100\n|-ability|p2a: Mawile|Intimidate|boost\n|-unboost|p1a: Kommo-o|atk|1\n|move|p1a: Kommo-o|Clangorous Soul|p1a: Kommo-o\n|-boost|p1a: Kommo-o|atk|1\n|-boost|p1a: Kommo-o|def|1\n|-boost|p1a: Kommo-o|spa|1\n|-boost|p1a: Kommo-o|spd|1\n|-boost|p1a: Kommo-o|spe|1\n|-damage|p1a: Kommo-o|35\/100\n|\n|upkeep\n|turn|22\n|inactive|qrerawa has 120 seconds left.\n|\n|t:|1701176391\n|detailschange|p2a: Mawile|Mawile-Mega, M\n|-mega|p2a: Mawile|Mawile|Mawilite\n|move|p1a: Kommo-o|Boomburst|p2a: Mawile\n|-resisted|p2a: Mawile\n|-damage|p2a: Mawile|36\/100\n|move|p2a: Mawile|Play Rough|p1a: Kommo-o\n|-supereffective|p1a: Kommo-o\n|-damage|p1a: Kommo-o|0 fnt\n|faint|p1a: Kommo-o\n|\n|upkeep\n|\n|t:|1701176394\n|switch|p1a: Tapu Koko|Tapu Koko|100\/100\n|-fieldstart|move: Electric Terrain|[from] ability: Electric Surge|[of] p1a: Tapu Koko\n|turn|23\n|\n|t:|1701176404\n|switch|p2a: Marowak|Marowak-Alola, F|38\/100\n|move|p1a: Tapu Koko|Volt Switch|p2a: Marowak\n|-damage|p2a: Marowak|0 fnt\n|faint|p2a: Marowak\n|\n|t:|1701176406\n|switch|p1a: Grimmsnarl|Grimmsnarl, M|12\/100|[from] Volt Switch\n|\n|upkeep\n|\n|t:|1701176412\n|switch|p2a: Hatterene|Hatterene, F|100\/100\n|turn|24\n|\n|t:|1701176416\n|move|p1a: Grimmsnarl|Reflect|p1a: Grimmsnarl\n|-sidestart|p1: Yakkosalabama|Reflect\n|move|p2a: Hatterene|Trick Room|p2a: Hatterene\n|-fieldstart|move: Trick Room|[of] p2a: Hatterene\n|\n|upkeep\n|turn|25\n|\n|t:|1701176423\n|move|p1a: Grimmsnarl|Light Screen|p1a: Grimmsnarl\n|-sidestart|p1: Yakkosalabama|move: Light Screen\n|move|p2a: Hatterene|Misty Explosion|p1a: Grimmsnarl\n|-supereffective|p1a: Grimmsnarl\n|-damage|p1a: Grimmsnarl|0 fnt\n|faint|p2a: Hatterene\n|faint|p1a: Grimmsnarl\n|\n|upkeep\n|\n|t:|1701176429\n|switch|p2a: Ursaluna|Ursaluna, F|31\/100 brn\n|switch|p1a: Tapu Koko|Tapu Koko|100\/100\n|turn|26\n|c|\u2606qrerawa|ggwp\n|\n|t:|1701176439\n|move|p2a: Ursaluna|Earthquake|p1a: Tapu Koko\n|-supereffective|p1a: Tapu Koko\n|-damage|p1a: Tapu Koko|0 fnt\n|faint|p1a: Tapu Koko\n|\n|win|qrerawa\n|raw|Yakkosalabama's rating: 1422 &rarr; <strong>1403<\/strong><br \/>(-19 for losing)\n|raw|qrerawa's rating: 1434 &rarr; <strong>1453<\/strong><br \/>(+19 for winning)\n|c|\u2606Yakkosalabama|Thx\n|c|\u2606Yakkosalabama|Gg\n|l|\u2606Yakkosalabama\n|c|\u2606qrerawa|bye\n","uploadtime":1701176444,"views":4,"p1id":"yakkosalabama","p2id":"qrerawa","formatid":"gen9nationaldex","rating":1403,"private":0,"password":""}