{"id":"gen9nationaldex-1998117172","p1":"Maribar","p2":"BronteBean","format":"[Gen 9] National Dex","log":"|html|<div class=\"broadcast-blue\"><strong>[Gen 9] National Dex is currently suspecting Sneasler! For information on how to participate check out the <a href=\"https:\/\/www.smogon.com\/forums\/threads\/sv-national-dex-suspect-8-just-dance.3731534\/\">suspect thread<\/a>.<\/strong><\/div>\n|j|\u2606Maribar\n|j|\u2606BronteBean\n|t:|1700894367\n|gametype|singles\n|player|p1|Maribar|medium|\n|player|p2|BronteBean|parasollady-gen4|\n|teamsize|p1|6\n|teamsize|p2|6\n|gen|9\n|tier|[Gen 9] National Dex\n|rule|HP Percentage Mod: HP is shown in percentages\n|rule|Endless Battle Clause: Forcing endless battles is banned\n|rule|OHKO Clause: OHKO moves are banned\n|rule|Evasion Clause: Evasion abilities, items, and moves are banned\n|rule|Evasion Abilities Clause: Evasion abilities are banned\n|rule|Evasion Items Clause: Evasion items are banned\n|rule|Evasion Moves Clause: Evasion moves are banned\n|rule|Species Clause: Limit one of each Pok\u00e9mon\n|rule|Sleep Clause Mod: Limit one foe put to sleep\n|clearpoke\n|poke|p1|Charizard, M|\n|poke|p1|Vivillon-Fancy, F|\n|poke|p1|Gliscor, M|\n|poke|p1|Clefable, F|\n|poke|p1|Cyclizar, M|\n|poke|p1|Gengar, M|\n|poke|p2|Ceruledge, M|\n|poke|p2|Suicune|\n|poke|p2|Manaphy|\n|poke|p2|Chansey, F|\n|poke|p2|Ribombee, M|\n|poke|p2|Diancie|\n|teampreview\n|\n|t:|1700894387\n|start\n|switch|p1a: >: )|Gengar, M|100\/100\n|switch|p2a: Ribombee|Ribombee, M|100\/100\n|turn|1\n|\n|t:|1700894400\n|move|p2a: Ribombee|Sticky Web|p1a: >: )\n|-sidestart|p1: Maribar|move: Sticky Web\n|move|p1a: >: )|Toxic Spikes|p2a: Ribombee\n|-sidestart|p2: BronteBean|move: Toxic Spikes\n|\n|upkeep\n|turn|2\n|\n|t:|1700894510\n|move|p2a: Ribombee|Moonblast|p1a: >: )\n|-resisted|p1a: >: )\n|-damage|p1a: >: )|65\/100\n|move|p1a: >: )|Toxic Spikes|p2a: Ribombee\n|-sidestart|p2: BronteBean|move: Toxic Spikes\n|\n|upkeep\n|turn|3\n|\n|t:|1700894527\n|move|p2a: Ribombee|Moonblast|p1a: >: )\n|-resisted|p1a: >: )\n|-damage|p1a: >: )|31\/100\n|-start|p2a: Ribombee|Disable|Moonblast|[from] ability: Cursed Body|[of] p1a: >: )\n|move|p1a: >: )|Toxic Spikes||[still]\n|-fail|p1a: >: )\n|\n|upkeep\n|turn|4\n|\n|t:|1700894539\n|switch|p1a: In me mums car|Cyclizar, M, shiny|100\/100\n|move|p2a: Ribombee|U-turn|p1a: In me mums car\n|-damage|p1a: In me mums car|74\/100\n|\n|t:|1700894566\n|switch|p2a: Manaphy|Manaphy|100\/100|[from] U-turn\n|-status|p2a: Manaphy|tox\n|\n|-damage|p2a: Manaphy|94\/100 tox|[from] psn\n|upkeep\n|turn|5\n|\n|t:|1700894577\n|switch|p1a: : )|Clefable, F|100\/100\n|-activate|p1a: : )|move: Sticky Web\n|-unboost|p1a: : )|spe|1\n|move|p2a: Manaphy|Ice Beam|p1a: : )\n|-damage|p1a: : )|79\/100\n|-damage|p2a: Manaphy|84\/100 tox|[from] item: Life Orb\n|\n|-heal|p1a: : )|86\/100|[from] item: Leftovers\n|-damage|p2a: Manaphy|72\/100 tox|[from] psn\n|upkeep\n|turn|6\n|\n|t:|1700894591\n|move|p2a: Manaphy|Flip Turn|p1a: : )\n|-damage|p1a: : )|57\/100\n|-damage|p2a: Manaphy|62\/100 tox|[from] item: Life Orb\n|\n|t:|1700894598\n|switch|p2a: Ceruledge|Ceruledge, M|100\/100|[from] Flip Turn\n|-status|p2a: Ceruledge|tox\n|move|p1a: : )|Wish|p1a: : )\n|\n|-heal|p1a: : )|63\/100|[from] item: Leftovers\n|-damage|p2a: Ceruledge|94\/100 tox|[from] psn\n|upkeep\n|turn|7\n|\n|t:|1700894638\n|switch|p1a: >: )|Gengar, M|31\/100\n|-activate|p1a: >: )|move: Sticky Web\n|-unboost|p1a: >: )|spe|1\n|-terastallize|p2a: Ceruledge|Steel\n|move|p2a: Ceruledge|Iron Head|p1a: >: )\n|-damage|p1a: >: )|0 fnt\n|faint|p1a: >: )\n|\n|-damage|p2a: Ceruledge|82\/100 tox|[from] psn\n|upkeep\n|\n|t:|1700894658\n|switch|p1a: $1700|Charizard, M, shiny|100\/100\n|turn|8\n|\n|t:|1700894689\n|switch|p2a: Suicune|Suicune|100\/100\n|-status|p2a: Suicune|tox\n|-ability|p2a: Suicune|Pressure\n|detailschange|p1a: $1700|Charizard-Mega-Y, M, shiny\n|-mega|p1a: $1700|Charizard|Charizardite Y\n|-weather|SunnyDay|[from] ability: Drought|[of] p1a: $1700\n|move|p1a: $1700|Scorching Sands|p2a: Suicune\n|-damage|p2a: Suicune|85\/100 tox\n|\n|-weather|SunnyDay|[upkeep]\n|-damage|p2a: Suicune|79\/100 tox|[from] psn\n|upkeep\n|turn|9\n|\n|t:|1700894706\n|move|p1a: $1700|Solar Beam||[still]\n|-prepare|p1a: $1700|Solar Beam\n|-anim|p1a: $1700|Solar Beam|p2a: Suicune\n|-supereffective|p2a: Suicune\n|-enditem|p2a: Suicune|Rindo Berry|[eat]\n|-enditem|p2a: Suicune|Rindo Berry|[weaken]\n|-damage|p2a: Suicune|50\/100 tox\n|move|p2a: Suicune|Rain Dance|p2a: Suicune\n|-weather|RainDance\n|\n|-weather|RainDance|[upkeep]\n|-damage|p2a: Suicune|38\/100 tox|[from] psn\n|upkeep\n|turn|10\n|\n|t:|1700894727\n|switch|p1a: : )|Clefable, F|63\/100\n|-activate|p1a: : )|move: Sticky Web\n|-unboost|p1a: : )|spe|1\n|move|p2a: Suicune|Surf|p1a: : )\n|-damage|p1a: : )|35\/100\n|\n|-weather|RainDance|[upkeep]\n|-heal|p1a: : )|41\/100|[from] item: Leftovers\n|-damage|p2a: Suicune|20\/100 tox|[from] psn\n|upkeep\n|turn|11\n|\n|t:|1700894748\n|move|p2a: Suicune|Toxic|p1a: : )\n|-status|p1a: : )|tox\n|move|p1a: : )|Wish|p1a: : )\n|\n|-weather|RainDance|[upkeep]\n|-heal|p1a: : )|47\/100 tox|[from] item: Leftovers\n|-damage|p2a: Suicune|0 fnt|[from] psn\n|faint|p2a: Suicune\n|-damage|p1a: : )|41\/100 tox|[from] psn\n|upkeep\n|\n|t:|1700894757\n|switch|p2a: Ceruledge|Ceruledge, M, tera:Steel|82\/100 tox\n|turn|12\n|\n|t:|1700894769\n|switch|p1a: Spicy Count|Gliscor, M|100\/100\n|move|p2a: Ceruledge|Iron Head|p1a: Spicy Count\n|-damage|p1a: Spicy Count|59\/100\n|\n|-weather|RainDance|[upkeep]\n|-heal|p1a: Spicy Count|100\/100|[from] move: Wish|[wisher] : )\n|-damage|p2a: Ceruledge|76\/100 tox|[from] psn\n|-status|p1a: Spicy Count|tox|[from] item: Toxic Orb\n|upkeep\n|turn|13\n|\n|t:|1700894790\n|switch|p2a: Manaphy|Manaphy|62\/100 tox\n|move|p1a: Spicy Count|Substitute|p1a: Spicy Count\n|-start|p1a: Spicy Count|Substitute\n|-damage|p1a: Spicy Count|76\/100 tox\n|\n|-weather|none\n|-damage|p2a: Manaphy|56\/100 tox|[from] psn\n|-heal|p1a: Spicy Count|88\/100 tox|[from] ability: Poison Heal\n|upkeep\n|turn|14\n|\n|t:|1700894813\n|move|p2a: Manaphy|Ice Beam|p1a: Spicy Count\n|-supereffective|p1a: Spicy Count\n|-end|p1a: Spicy Count|Substitute\n|-damage|p2a: Manaphy|46\/100 tox|[from] item: Life Orb\n|move|p1a: Spicy Count|Swords Dance|p1a: Spicy Count\n|-boost|p1a: Spicy Count|atk|2\n|\n|-damage|p2a: Manaphy|34\/100 tox|[from] psn\n|-heal|p1a: Spicy Count|100\/100 tox|[from] ability: Poison Heal\n|upkeep\n|turn|15\n|\n|t:|1700894824\n|switch|p1a: : )|Clefable, F|41\/100 tox\n|-activate|p1a: : )|move: Sticky Web\n|-unboost|p1a: : )|spe|1\n|move|p2a: Manaphy|Ice Beam|p1a: : )\n|-crit|p1a: : )\n|-damage|p1a: : )|5\/100 tox\n|-damage|p2a: Manaphy|24\/100 tox|[from] item: Life Orb\n|\n|-heal|p1a: : )|11\/100 tox|[from] item: Leftovers\n|-damage|p2a: Manaphy|5\/100 tox|[from] psn\n|-damage|p1a: : )|5\/100 tox|[from] psn\n|upkeep\n|turn|16\n|\n|t:|1700894838\n|move|p2a: Manaphy|Flip Turn|p1a: : )\n|-damage|p1a: : )|0 fnt\n|faint|p1a: : )\n|-damage|p2a: Manaphy|0 fnt|[from] item: Life Orb\n|faint|p2a: Manaphy\n|\n|upkeep\n|\n|t:|1700894884\n|switch|p2a: Diancie|Diancie|100\/100\n|switch|p1a: In me mums car|Cyclizar, M, shiny|100\/100\n|-status|p2a: Diancie|tox\n|turn|17\n|\n|t:|1700894906\n|detailschange|p2a: Diancie|Diancie-Mega\n|-mega|p2a: Diancie|Diancie|Diancite\n|-terastallize|p1a: In me mums car|Steel\n|move|p1a: In me mums car|Iron Head|p2a: Diancie\n|-supereffective|p2a: Diancie\n|-damage|p2a: Diancie|0 fnt\n|faint|p2a: Diancie\n|\n|upkeep\n|\n|t:|1700894939\n|switch|p2a: Ceruledge|Ceruledge, M, tera:Steel|76\/100 tox\n|turn|18\n|\n|t:|1700894959\n|move|p1a: In me mums car|U-turn|p2a: Ceruledge\n|-resisted|p2a: Ceruledge\n|-damage|p2a: Ceruledge|60\/100 tox\n|\n|t:|1700894963\n|switch|p1a: Spicy Count|Gliscor, M|100\/100 tox|[from] U-turn\n|move|p2a: Ceruledge|Bitter Blade|p1a: Spicy Count\n|-damage|p1a: Spicy Count|59\/100 tox\n|-heal|p2a: Ceruledge|81\/100 tox|[from] drain|[of] p1a: Spicy Count\n|\n|-heal|p1a: Spicy Count|71\/100 tox|[from] ability: Poison Heal\n|-damage|p2a: Ceruledge|75\/100 tox|[from] psn\n|upkeep\n|turn|19\n|\n|t:|1700894984\n|switch|p2a: Chansey|Chansey, F|100\/100\n|-status|p2a: Chansey|tox\n|move|p1a: Spicy Count|Earthquake|p2a: Chansey\n|-damage|p2a: Chansey|74\/100 tox\n|\n|-heal|p1a: Spicy Count|84\/100 tox|[from] ability: Poison Heal\n|-damage|p2a: Chansey|68\/100 tox|[from] psn\n|upkeep\n|turn|20\n|\n|t:|1700895038\n|move|p1a: Spicy Count|Substitute|p1a: Spicy Count\n|-start|p1a: Spicy Count|Substitute\n|-damage|p1a: Spicy Count|59\/100 tox\n|move|p2a: Chansey|Stealth Rock|p1a: Spicy Count\n|-sidestart|p1: Maribar|move: Stealth Rock\n|\n|-heal|p1a: Spicy Count|71\/100 tox|[from] ability: Poison Heal\n|-damage|p2a: Chansey|56\/100 tox|[from] psn\n|upkeep\n|turn|21\n|\n|t:|1700895046\n|move|p1a: Spicy Count|Earthquake|p2a: Chansey\n|-damage|p2a: Chansey|28\/100 tox\n|move|p2a: Chansey|Soft-Boiled|p2a: Chansey\n|-heal|p2a: Chansey|78\/100 tox\n|\n|-heal|p1a: Spicy Count|84\/100 tox|[from] ability: Poison Heal\n|-damage|p2a: Chansey|60\/100 tox|[from] psn\n|upkeep\n|turn|22\n|\n|t:|1700895055\n|move|p1a: Spicy Count|Swords Dance|p1a: Spicy Count\n|-boost|p1a: Spicy Count|atk|2\n|move|p2a: Chansey|Soft-Boiled|p2a: Chansey\n|-heal|p2a: Chansey|100\/100 tox\n|\n|-heal|p1a: Spicy Count|96\/100 tox|[from] ability: Poison Heal\n|-damage|p2a: Chansey|76\/100 tox|[from] psn\n|upkeep\n|turn|23\n|\n|t:|1700895073\n|move|p1a: Spicy Count|Swords Dance|p1a: Spicy Count\n|-boost|p1a: Spicy Count|atk|2\n|move|p2a: Chansey|Seismic Toss|p1a: Spicy Count\n|-end|p1a: Spicy Count|Substitute\n|\n|-heal|p1a: Spicy Count|100\/100 tox|[from] ability: Poison Heal\n|-damage|p2a: Chansey|45\/100 tox|[from] psn\n|upkeep\n|turn|24\n|\n|t:|1700895101\n|move|p1a: Spicy Count|Earthquake|p2a: Chansey\n|-damage|p2a: Chansey|0 fnt\n|faint|p2a: Chansey\n|\n|upkeep\n|\n|t:|1700895108\n|switch|p2a: Ribombee|Ribombee, M|100\/100\n|turn|25\n|\n|t:|1700895127\n|move|p2a: Ribombee|Bug Buzz|p1a: Spicy Count\n|-resisted|p1a: Spicy Count\n|-damage|p1a: Spicy Count|71\/100 tox\n|move|p1a: Spicy Count|Earthquake|p2a: Ribombee\n|-resisted|p2a: Ribombee\n|-damage|p2a: Ribombee|0 fnt\n|faint|p2a: Ribombee\n|\n|-heal|p1a: Spicy Count|84\/100 tox|[from] ability: Poison Heal\n|upkeep\n|\n|t:|1700895135\n|switch|p2a: Ceruledge|Ceruledge, M, tera:Steel|75\/100 tox\n|turn|26\n|\n|t:|1700895142\n|move|p1a: Spicy Count|Earthquake|p2a: Ceruledge\n|-supereffective|p2a: Ceruledge\n|-damage|p2a: Ceruledge|0 fnt\n|faint|p2a: Ceruledge\n|\n|win|Maribar\n","uploadtime":1700895150,"views":7,"p1id":"maribar","p2id":"brontebean","formatid":"gen9nationaldex","rating":0,"private":0,"password":""}