{"id":"gen9nationaldex-1996058954","p1":"Prof. Gar","p2":"Malicious Matt","format":"[Gen 9] National Dex","log":"|html|<div class=\"broadcast-blue\"><strong>[Gen 9] National Dex is currently suspecting Sneasler! For information on how to participate check out the <a href=\"https:\/\/www.smogon.com\/forums\/threads\/sv-national-dex-suspect-8-just-dance.3731534\/\">suspect thread<\/a>.<\/strong><\/div>\n|j|\u2606Prof. Gar\n|j|\u2606Malicious Matt\n|t:|1700637131\n|gametype|singles\n|player|p1|Prof. Gar|unknown|\n|player|p2|Malicious Matt|unknown|\n|teamsize|p1|3\n|teamsize|p2|3\n|gen|9\n|tier|[Gen 9] National Dex\n|rule|HP Percentage Mod: HP is shown in percentages\n|rule|Endless Battle Clause: Forcing endless battles is banned\n|rule|OHKO Clause: OHKO moves are banned\n|rule|Evasion Clause: Evasion abilities, items, and moves are banned\n|rule|Evasion Abilities Clause: Evasion abilities are banned\n|rule|Evasion Items Clause: Evasion items are banned\n|rule|Evasion Moves Clause: Evasion moves are banned\n|rule|Species Clause: Limit one of each Pok\u00e9mon\n|rule|Sleep Clause Mod: Limit one foe put to sleep\n|clearpoke\n|poke|p1|Ditto, L20|\n|poke|p1|Cofagrigus, L80, M|\n|poke|p1|Aerodactyl, L80, F|\n|poke|p2|Garchomp, L80, M|\n|poke|p2|Celesteela, L76|\n|poke|p2|Sableye, L74, F|\n|teampreview\n|\n|t:|1700637139\n|start\n|switch|p1a: Cofagrigus|Cofagrigus, L80, M|100\/100\n|switch|p2a: Garchomp|Garchomp, L80, M|100\/100\n|turn|1\n|\n|t:|1700637149\n|move|p2a: Garchomp|Stealth Rock|p1a: Cofagrigus\n|-sidestart|p1: Prof. Gar|move: Stealth Rock\n|move|p1a: Cofagrigus|Will-O-Wisp|p2a: Garchomp\n|-status|p2a: Garchomp|brn\n|\n|-damage|p2a: Garchomp|95\/100 brn|[from] brn\n|upkeep\n|turn|2\n|\n|t:|1700637172\n|move|p2a: Garchomp|Swords Dance|p2a: Garchomp\n|-boost|p2a: Garchomp|atk|2\n|move|p1a: Cofagrigus|Nasty Plot|p1a: Cofagrigus\n|-boost|p1a: Cofagrigus|spa|2\n|\n|-damage|p2a: Garchomp|89\/100 brn|[from] brn\n|upkeep\n|turn|3\n|\n|t:|1700637191\n|move|p2a: Garchomp|Earthquake|p1a: Cofagrigus\n|-damage|p1a: Cofagrigus|57\/100\n|move|p1a: Cofagrigus|Hex|p2a: Garchomp\n|-crit|p2a: Garchomp\n|-damage|p2a: Garchomp|0 fnt\n|faint|p2a: Garchomp\n|\n|upkeep\n|\n|t:|1700637197\n|switch|p2a: Sableye|Sableye, L74, F|100\/100\n|turn|4\n|\n|t:|1700637207\n|detailschange|p2a: Sableye|Sableye-Mega, L74, F\n|-mega|p2a: Sableye|Sableye|Sablenite\n|move|p1a: Cofagrigus|Will-O-Wisp|p2a: Sableye\n|move|p2a: Sableye|Will-O-Wisp|p1a: Cofagrigus|[from]ability: Magic Bounce\n|-status|p1a: Cofagrigus|brn\n|move|p2a: Sableye|Will-O-Wisp|p1a: Cofagrigus\n|-fail|p1a: Cofagrigus|brn\n|\n|-damage|p1a: Cofagrigus|51\/100 brn|[from] brn\n|upkeep\n|turn|5\n|\n|t:|1700637236\n|move|p1a: Cofagrigus|Dark Pulse|p2a: Sableye\n|-damage|p2a: Sableye|63\/100\n|move|p2a: Sableye|Metal Burst|p1a: Cofagrigus\n|-damage|p1a: Cofagrigus|0 fnt\n|faint|p1a: Cofagrigus\n|\n|upkeep\n|\n|t:|1700637246\n|switch|p1a: Aerodactyl|Aerodactyl, L80, F|100\/100\n|-damage|p1a: Aerodactyl|76\/100|[from] Stealth Rock\n|-ability|p1a: Aerodactyl|Pressure\n|turn|6\n|\n|t:|1700637253\n|move|p1a: Aerodactyl|Dragon Dance|p1a: Aerodactyl\n|-boost|p1a: Aerodactyl|atk|1\n|-boost|p1a: Aerodactyl|spe|1\n|move|p2a: Sableye|Will-O-Wisp|p1a: Aerodactyl\n|-status|p1a: Aerodactyl|brn\n|\n|-damage|p1a: Aerodactyl|69\/100 brn|[from] brn\n|upkeep\n|turn|7\n|\n|t:|1700637274\n|move|p1a: Aerodactyl|Dual Wingbeat|p2a: Sableye\n|-damage|p2a: Sableye|52\/100\n|-damage|p2a: Sableye|41\/100\n|-hitcount|p2a: Sableye|2\n|move|p2a: Sableye|Recover|p2a: Sableye\n|-heal|p2a: Sableye|91\/100\n|\n|-damage|p1a: Aerodactyl|63\/100 brn|[from] brn\n|upkeep\n|turn|8\n|\n|t:|1700637285\n|switch|p1a: Ditto|Ditto, L20|100\/100\n|-damage|p1a: Ditto|89\/100|[from] Stealth Rock\n|-transform|p1a: Ditto|p2a: Sableye|[from] ability: Imposter\n|move|p2a: Sableye|Metal Burst||[still]\n|-fail|p2a: Sableye\n|\n|upkeep\n|turn|9\n|\n|t:|1700637294\n|switch|p2a: Celesteela|Celesteela, L76|100\/100\n|move|p1a: Ditto|Will-O-Wisp|p2a: Celesteela\n|-status|p2a: Celesteela|brn\n|\n|-damage|p2a: Celesteela|94\/100 brn|[from] brn\n|upkeep\n|turn|10\n|\n|t:|1700637311\n|move|p1a: Ditto|Protect|p1a: Ditto\n|-singleturn|p1a: Ditto|Protect\n|move|p2a: Celesteela|Flamethrower|p1a: Ditto\n|-activate|p1a: Ditto|move: Protect\n|\n|-heal|p2a: Celesteela|100\/100 brn|[from] item: Leftovers\n|-damage|p2a: Celesteela|94\/100 brn|[from] brn\n|upkeep\n|turn|11\n|\n|t:|1700637334\n|switch|p1a: Aerodactyl|Aerodactyl, L80, F|63\/100 brn\n|-damage|p1a: Aerodactyl|38\/100 brn|[from] Stealth Rock\n|-ability|p1a: Aerodactyl|Pressure\n|move|p2a: Celesteela|Flamethrower|p1a: Aerodactyl\n|-resisted|p1a: Aerodactyl\n|-damage|p1a: Aerodactyl|28\/100 brn\n|\n|-heal|p2a: Celesteela|100\/100 brn|[from] item: Leftovers\n|-damage|p1a: Aerodactyl|22\/100 brn|[from] brn\n|-damage|p2a: Celesteela|94\/100 brn|[from] brn\n|upkeep\n|turn|12\n|\n|t:|1700637351\n|move|p1a: Aerodactyl|Stone Edge|p2a: Celesteela\n|-damage|p2a: Celesteela|81\/100 brn\n|move|p2a: Celesteela|Heavy Slam|p1a: Aerodactyl\n|-supereffective|p1a: Aerodactyl\n|-damage|p1a: Aerodactyl|0 fnt\n|faint|p1a: Aerodactyl\n|-ability|p2a: Celesteela|Beast Boost|boost\n|-boost|p2a: Celesteela|def|1\n|\n|-heal|p2a: Celesteela|87\/100 brn|[from] item: Leftovers\n|-damage|p2a: Celesteela|81\/100 brn|[from] brn\n|upkeep\n|\n|t:|1700637353\n|switch|p1a: Ditto|Ditto, L20|89\/100\n|-damage|p1a: Ditto|77\/100|[from] Stealth Rock\n|-transform|p1a: Ditto|p2a: Celesteela|[from] ability: Imposter\n|turn|13\n|\n|t:|1700637359\n|move|p1a: Ditto|Flamethrower|p2a: Celesteela\n|-supereffective|p2a: Celesteela\n|-damage|p2a: Celesteela|69\/100 brn\n|move|p2a: Celesteela|Flamethrower|p1a: Ditto\n|-supereffective|p1a: Ditto\n|-damage|p1a: Ditto|0 fnt\n|faint|p1a: Ditto\n|\n|win|Malicious Matt\n","uploadtime":1700637366,"views":8,"p1id":"profgar","p2id":"maliciousmatt","formatid":"gen9nationaldex","rating":0,"private":0,"password":""}