{"id":"gen9nationaldex-1986999590","p1":"viiicey","p2":"Ziz_chaos","format":"[Gen 9] National Dex","log":"|j|\u2606viiicey\n|j|\u2606Ziz_chaos\n|t:|1699547888\n|gametype|singles\n|player|p1|viiicey|1|1203\n|player|p2|Ziz_chaos|koga|1252\n|teamsize|p1|6\n|teamsize|p2|6\n|gen|9\n|tier|[Gen 9] National Dex\n|rated|\n|rule|HP Percentage Mod: HP is shown in percentages\n|rule|Endless Battle Clause: Forcing endless battles is banned\n|rule|OHKO Clause: OHKO moves are banned\n|rule|Evasion Clause: Evasion abilities, items, and moves are banned\n|rule|Evasion Abilities Clause: Evasion abilities are banned\n|rule|Evasion Items Clause: Evasion items are banned\n|rule|Evasion Moves Clause: Evasion moves are banned\n|rule|Species Clause: Limit one of each Pok\u00e9mon\n|rule|Sleep Clause Mod: Limit one foe put to sleep\n|clearpoke\n|poke|p1|Slaking, M|\n|poke|p1|Mew|\n|poke|p1|Venusaur, M|\n|poke|p1|Cobalion|\n|poke|p1|Grafaiai, M|\n|poke|p1|Hippowdon, M|\n|poke|p2|Garganacl, F|\n|poke|p2|Alomomola, M|\n|poke|p2|Xatu, F|\n|poke|p2|Nidoking, M|\n|poke|p2|Aegislash, M|\n|poke|p2|Goodra-Hisui, F|\n|teampreview\n|j| SyriuszGrem\n|inactive|Battle timer is ON: inactive players will automatically lose when time's up. (requested by Ziz_chaos)\n|\n|t:|1699547911\n|start\n|switch|p1a: Shaw|Hippowdon, M|100\/100\n|switch|p2a: Nidoking|Nidoking, M|100\/100\n|-weather|Sandstorm|[from] ability: Sand Stream|[of] p1a: Shaw\n|turn|1\n|\n|t:|1699547919\n|switch|p1a: Licis|Mew|100\/100\n|move|p2a: Nidoking|Ice Beam|p1a: Licis\n|-damage|p1a: Licis|72\/100\n|\n|-weather|Sandstorm|[upkeep]\n|-damage|p1a: Licis|65\/100|[from] Sandstorm\n|upkeep\n|turn|2\n|\n|t:|1699547939\n|switch|p2a: Tezcatlipoca|Xatu, F|100\/100\n|move|p1a: Licis|Psychic|p2a: Tezcatlipoca\n|-resisted|p2a: Tezcatlipoca\n|-crit|p2a: Tezcatlipoca\n|-damage|p2a: Tezcatlipoca|72\/100\n|\n|-weather|Sandstorm|[upkeep]\n|-damage|p1a: Licis|59\/100|[from] Sandstorm\n|-damage|p2a: Tezcatlipoca|66\/100|[from] Sandstorm\n|upkeep\n|turn|3\n|inactive|viiicey has 120 seconds left.\n|\n|t:|1699547970\n|switch|p1a: Stoltman|Cobalion|100\/100\n|move|p2a: Tezcatlipoca|Psychic|p1a: Stoltman\n|-damage|p1a: Stoltman|62\/100\n|\n|-weather|Sandstorm|[upkeep]\n|-damage|p2a: Tezcatlipoca|60\/100|[from] Sandstorm\n|upkeep\n|turn|4\n|\n|t:|1699547981\n|switch|p2a: Alomomola|Alomomola, M|100\/100\n|move|p1a: Stoltman|Calm Mind|p1a: Stoltman\n|-boost|p1a: Stoltman|spa|1\n|-boost|p1a: Stoltman|spd|1\n|\n|-weather|Sandstorm|[upkeep]\n|-damage|p2a: Alomomola|94\/100|[from] Sandstorm\n|upkeep\n|turn|5\n|\n|t:|1699547986\n|move|p1a: Stoltman|Calm Mind|p1a: Stoltman\n|-boost|p1a: Stoltman|spa|1\n|-boost|p1a: Stoltman|spd|1\n|move|p2a: Alomomola|Flip Turn|p1a: Stoltman\n|-damage|p1a: Stoltman|49\/100\n|\n|t:|1699547992\n|switch|p2a: Leviathan's Maw|Goodra-Hisui, F|100\/100|[from] Flip Turn\n|\n|-weather|none\n|upkeep\n|turn|6\n|\n|t:|1699548002\n|-zpower|p1a: Stoltman\n|move|p1a: Stoltman|All-Out Pummeling|p2a: Leviathan's Maw|[zeffect]\n|-supereffective|p2a: Leviathan's Maw\n|-damage|p2a: Leviathan's Maw|0 fnt\n|faint|p2a: Leviathan's Maw\n|\n|upkeep\n|\n|t:|1699548013\n|switch|p2a: Rugged Exterior|Garganacl, F|100\/100\n|turn|7\n|\n|t:|1699548018\n|-terastallize|p2a: Rugged Exterior|Bug\n|move|p1a: Stoltman|Flash Cannon|p2a: Rugged Exterior\n|-damage|p2a: Rugged Exterior|39\/100\n|move|p2a: Rugged Exterior|Salt Cure|p1a: Stoltman\n|-resisted|p1a: Stoltman\n|-damage|p1a: Stoltman|46\/100\n|-start|p1a: Stoltman|Salt Cure\n|\n|-damage|p1a: Stoltman|21\/100|[from] Salt Cure\n|upkeep\n|turn|8\n|\n|t:|1699548030\n|switch|p2a: Alomomola|Alomomola, M|100\/100\n|move|p1a: Stoltman|Volt Switch|p2a: Alomomola\n|-supereffective|p2a: Alomomola\n|-damage|p2a: Alomomola|10\/100\n|\n|t:|1699548038\n|switch|p1a: Hafthor|Slaking, M|100\/100|[from] Volt Switch\n|\n|upkeep\n|turn|9\n|\n|t:|1699548042\n|move|p2a: Alomomola|Protect|p2a: Alomomola\n|-singleturn|p2a: Alomomola|Protect\n|move|p1a: Hafthor|Earthquake|p2a: Alomomola\n|-activate|p2a: Alomomola|move: Protect\n|\n|upkeep\n|turn|10\n|\n|t:|1699548045\n|switch|p1a: Big Z|Grafaiai, M|100\/100\n|move|p2a: Alomomola|Wish|p2a: Alomomola\n|\n|upkeep\n|turn|11\n|\n|t:|1699548053\n|move|p2a: Alomomola|Protect|p2a: Alomomola\n|-singleturn|p2a: Alomomola|Protect\n|move|p1a: Big Z|Encore|p2a: Alomomola\n|-activate|p2a: Alomomola|move: Protect\n|\n|-heal|p2a: Alomomola|60\/100|[from] move: Wish|[wisher] Alomomola\n|upkeep\n|turn|12\n|\n|t:|1699548062\n|switch|p2a: Tezcatlipoca|Xatu, F|60\/100\n|move|p1a: Big Z|Knock Off|p2a: Tezcatlipoca\n|-supereffective|p2a: Tezcatlipoca\n|-damage|p2a: Tezcatlipoca|12\/100\n|-enditem|p2a: Tezcatlipoca|Heavy-Duty Boots|[from] move: Knock Off|[of] p1a: Big Z\n|\n|upkeep\n|turn|13\n|\n|t:|1699548069\n|move|p1a: Big Z|Knock Off|p2a: Tezcatlipoca\n|-supereffective|p2a: Tezcatlipoca\n|-damage|p2a: Tezcatlipoca|0 fnt\n|faint|p2a: Tezcatlipoca\n|\n|upkeep\n|\n|t:|1699548074\n|switch|p2a: Rugged Exterior|Garganacl, F, tera:Bug|39\/100\n|turn|14\n|\n|t:|1699548081\n|move|p1a: Big Z|Knock Off|p2a: Rugged Exterior\n|-damage|p2a: Rugged Exterior|28\/100\n|-enditem|p2a: Rugged Exterior|Covert Cloak|[from] move: Knock Off|[of] p1a: Big Z\n|move|p2a: Rugged Exterior|Salt Cure|p1a: Big Z\n|-damage|p1a: Big Z|81\/100\n|-start|p1a: Big Z|Salt Cure\n|\n|-damage|p1a: Big Z|69\/100|[from] Salt Cure\n|upkeep\n|turn|15\n|\n|t:|1699548087\n|switch|p2a: Alomomola|Alomomola, M|94\/100\n|move|p1a: Big Z|Encore||[still]\n|-fail|p1a: Big Z\n|\n|-damage|p1a: Big Z|57\/100|[from] Salt Cure\n|upkeep\n|turn|16\n|\n|t:|1699548093\n|move|p1a: Big Z|Toxic|p2a: Alomomola\n|-status|p2a: Alomomola|tox\n|move|p2a: Alomomola|Wish|p2a: Alomomola\n|\n|-damage|p2a: Alomomola|87\/100 tox|[from] psn\n|-damage|p1a: Big Z|44\/100|[from] Salt Cure\n|upkeep\n|turn|17\n|\n|t:|1699548098\n|switch|p2a: Rugged Exterior|Garganacl, F, tera:Bug|28\/100\n|move|p1a: Big Z|Parting Shot|p2a: Rugged Exterior\n|-unboost|p2a: Rugged Exterior|atk|1\n|-unboost|p2a: Rugged Exterior|spa|1\n|\n|t:|1699548110\n|switch|p1a: Hafthor|Slaking, M|100\/100|[from] Parting Shot\n|\n|-heal|p2a: Rugged Exterior|94\/100|[from] move: Wish|[wisher] Alomomola\n|upkeep\n|turn|18\n|\n|t:|1699548118\n|-terastallize|p1a: Hafthor|Normal\n|move|p1a: Hafthor|Return|p2a: Rugged Exterior\n|-damage|p2a: Rugged Exterior|31\/100\n|move|p2a: Rugged Exterior|Iron Defense|p2a: Rugged Exterior\n|-boost|p2a: Rugged Exterior|def|2\n|\n|upkeep\n|turn|19\n|\n|t:|1699548129\n|switch|p1a: Big Z|Grafaiai, M|44\/100\n|move|p2a: Rugged Exterior|Recover|p2a: Rugged Exterior\n|-heal|p2a: Rugged Exterior|81\/100\n|\n|upkeep\n|turn|20\n|\n|t:|1699548144\n|switch|p2a: Alomomola|Alomomola, M|100\/100 tox\n|move|p1a: Big Z|Encore||[still]\n|-fail|p1a: Big Z\n|\n|-damage|p2a: Alomomola|94\/100 tox|[from] psn\n|upkeep\n|turn|21\n|\n|t:|1699548151\n|move|p1a: Big Z|Knock Off|p2a: Alomomola\n|-damage|p2a: Alomomola|82\/100 tox\n|-damage|p1a: Big Z|27\/100|[from] item: Rocky Helmet|[of] p2a: Alomomola\n|-enditem|p2a: Alomomola|Rocky Helmet|[from] move: Knock Off|[of] p1a: Big Z\n|move|p2a: Alomomola|Flip Turn|p1a: Big Z\n|-damage|p1a: Big Z|4\/100\n|\n|t:|1699548160\n|switch|p2a: Caliburn|Aegislash, M, shiny|100\/100|[from] Flip Turn\n|\n|upkeep\n|turn|22\n|\n|t:|1699548166\n|switch|p2a: Alomomola|Alomomola, M|100\/100 tox\n|move|p1a: Big Z|Knock Off|p2a: Alomomola\n|-damage|p2a: Alomomola|92\/100 tox\n|\n|-damage|p2a: Alomomola|86\/100 tox|[from] psn\n|upkeep\n|turn|23\n|\n|t:|1699548169\n|move|p1a: Big Z|Parting Shot|p2a: Alomomola\n|-unboost|p2a: Alomomola|atk|1\n|-unboost|p2a: Alomomola|spa|1\n|\n|t:|1699548181\n|switch|p1a: Stoltman|Cobalion|21\/100|[from] Parting Shot\n|move|p2a: Alomomola|Flip Turn|p1a: Stoltman\n|-damage|p1a: Stoltman|11\/100\n|\n|t:|1699548198\n|switch|p2a: Caliburn|Aegislash, M, shiny|100\/100|[from] Flip Turn\n|\n|upkeep\n|turn|24\n|\n|t:|1699548202\n|-formechange|p2a: Caliburn|Aegislash-Blade||[from] ability: Stance Change\n|move|p2a: Caliburn|Shadow Sneak|p1a: Stoltman\n|-damage|p1a: Stoltman|0 fnt\n|faint|p1a: Stoltman\n|\n|upkeep\n|\n|t:|1699548213\n|switch|p1a: Shaw|Hippowdon, M|100\/100\n|-weather|Sandstorm|[from] ability: Sand Stream|[of] p1a: Shaw\n|turn|25\n|\n|t:|1699548218\n|switch|p2a: Alomomola|Alomomola, M|100\/100 tox\n|move|p1a: Shaw|Stealth Rock|p2a: Alomomola\n|-sidestart|p2: Ziz_chaos|move: Stealth Rock\n|\n|-weather|Sandstorm|[upkeep]\n|-damage|p2a: Alomomola|94\/100 tox|[from] Sandstorm\n|-damage|p2a: Alomomola|88\/100 tox|[from] psn\n|upkeep\n|turn|26\n|\n|t:|1699548222\n|move|p2a: Alomomola|Scald|p1a: Shaw\n|-supereffective|p1a: Shaw\n|-damage|p1a: Shaw|73\/100\n|-status|p1a: Shaw|brn\n|move|p1a: Shaw|Yawn||[still]\n|-fail|p1a: Shaw\n|\n|-weather|Sandstorm|[upkeep]\n|-damage|p2a: Alomomola|82\/100 tox|[from] Sandstorm\n|-heal|p1a: Shaw|80\/100 brn|[from] item: Leftovers\n|-damage|p2a: Alomomola|70\/100 tox|[from] psn\n|-damage|p1a: Shaw|73\/100 brn|[from] brn\n|upkeep\n|turn|27\n|\n|t:|1699548233\n|switch|p1a: Nakonechnyy|Venusaur, M|100\/100\n|move|p2a: Alomomola|Flip Turn|p1a: Nakonechnyy\n|-resisted|p1a: Nakonechnyy\n|-damage|p1a: Nakonechnyy|92\/100\n|\n|t:|1699548241\n|switch|p2a: Rugged Exterior|Garganacl, F, tera:Bug|81\/100|[from] Flip Turn\n|-damage|p2a: Rugged Exterior|56\/100|[from] Stealth Rock\n|\n|-weather|Sandstorm|[upkeep]\n|-damage|p1a: Nakonechnyy|86\/100|[from] Sandstorm\n|-damage|p2a: Rugged Exterior|50\/100|[from] Sandstorm\n|upkeep\n|turn|28\n|\n|t:|1699548247\n|detailschange|p1a: Nakonechnyy|Venusaur-Mega, M\n|-mega|p1a: Nakonechnyy|Venusaur|Venusaurite\n|move|p1a: Nakonechnyy|Sludge Bomb|p2a: Rugged Exterior\n|-damage|p2a: Rugged Exterior|17\/100\n|move|p2a: Rugged Exterior|Recover|p2a: Rugged Exterior\n|-heal|p2a: Rugged Exterior|67\/100\n|\n|-weather|Sandstorm|[upkeep]\n|-damage|p1a: Nakonechnyy|80\/100|[from] Sandstorm\n|-damage|p2a: Rugged Exterior|61\/100|[from] Sandstorm\n|upkeep\n|turn|29\n|\n|t:|1699548255\n|move|p1a: Nakonechnyy|Sludge Bomb|p2a: Rugged Exterior\n|-crit|p2a: Rugged Exterior\n|-damage|p2a: Rugged Exterior|9\/100\n|move|p2a: Rugged Exterior|Salt Cure|p1a: Nakonechnyy\n|-damage|p1a: Nakonechnyy|69\/100\n|-start|p1a: Nakonechnyy|Salt Cure\n|\n|-weather|none\n|-damage|p1a: Nakonechnyy|56\/100|[from] Salt Cure\n|upkeep\n|turn|30\n|\n|t:|1699548264\n|move|p1a: Nakonechnyy|Giga Drain|p2a: Rugged Exterior\n|-resisted|p2a: Rugged Exterior\n|-damage|p2a: Rugged Exterior|0 fnt\n|-heal|p1a: Nakonechnyy|61\/100|[from] drain|[of] p2a: Rugged Exterior\n|faint|p2a: Rugged Exterior\n|\n|-damage|p1a: Nakonechnyy|49\/100|[from] Salt Cure\n|upkeep\n|\n|t:|1699548270\n|switch|p2a: Nidoking|Nidoking, M|100\/100\n|-damage|p2a: Nidoking|95\/100|[from] Stealth Rock\n|turn|31\n|\n|t:|1699548274\n|move|p2a: Nidoking|Sludge Wave|p1a: Nakonechnyy\n|-damage|p1a: Nakonechnyy|9\/100\n|move|p1a: Nakonechnyy|Synthesis|p1a: Nakonechnyy\n|-heal|p1a: Nakonechnyy|59\/100\n|\n|-damage|p1a: Nakonechnyy|47\/100|[from] Salt Cure\n|upkeep\n|turn|32\n|\n|t:|1699548283\n|move|p2a: Nidoking|Sludge Wave|p1a: Nakonechnyy\n|-damage|p1a: Nakonechnyy|9\/100\n|move|p1a: Nakonechnyy|Hidden Power|p2a: Nidoking\n|-supereffective|p2a: Nidoking\n|-damage|p2a: Nidoking|51\/100\n|\n|-damage|p1a: Nakonechnyy|0 fnt|[from] Salt Cure\n|faint|p1a: Nakonechnyy\n|upkeep\n|\n|t:|1699548294\n|switch|p1a: Licis|Mew|59\/100\n|turn|33\n|\n|t:|1699548298\n|move|p2a: Nidoking|Sludge Wave|p1a: Licis\n|-damage|p1a: Licis|10\/100\n|move|p1a: Licis|Heal Bell|p1a: Licis\n|-activate|p1a: Licis|move: Heal Bell\n|-curestatus|p1: Shaw|brn|[msg]\n|\n|upkeep\n|turn|34\n|\n|t:|1699548305\n|move|p2a: Nidoking|Sludge Wave|p1a: Licis\n|-damage|p1a: Licis|0 fnt\n|faint|p1a: Licis\n|\n|upkeep\n|\n|t:|1699548307\n|switch|p1a: Hafthor|Slaking, M, tera:Normal|100\/100\n|turn|35\n|\n|t:|1699548311\n|switch|p2a: Alomomola|Alomomola, M|100\/100 tox\n|-damage|p2a: Alomomola|88\/100 tox|[from] Stealth Rock\n|move|p1a: Hafthor|Earthquake|p2a: Alomomola\n|-damage|p2a: Alomomola|55\/100 tox\n|\n|-damage|p2a: Alomomola|49\/100 tox|[from] psn\n|upkeep\n|turn|36\n|\n|t:|1699548318\n|switch|p1a: Big Z|Grafaiai, M|4\/100\n|move|p2a: Alomomola|Wish|p2a: Alomomola\n|\n|-damage|p2a: Alomomola|36\/100 tox|[from] psn\n|upkeep\n|turn|37\n|\n|t:|1699548325\n|move|p2a: Alomomola|Protect|p2a: Alomomola\n|-singleturn|p2a: Alomomola|Protect\n|move|p1a: Big Z|Knock Off|p2a: Alomomola\n|-activate|p2a: Alomomola|move: Protect\n|\n|-heal|p2a: Alomomola|86\/100 tox|[from] move: Wish|[wisher] Alomomola\n|-damage|p2a: Alomomola|68\/100 tox|[from] psn\n|upkeep\n|turn|38\n|\n|t:|1699548331\n|move|p1a: Big Z|Encore|p2a: Alomomola\n|-start|p2a: Alomomola|Encore\n|move|p2a: Alomomola|Protect||[still]\n|-fail|p2a: Alomomola\n|\n|-damage|p2a: Alomomola|43\/100 tox|[from] psn\n|upkeep\n|turn|39\n|\n|t:|1699548339\n|switch|p2a: Nidoking|Nidoking, M|51\/100\n|-damage|p2a: Nidoking|45\/100|[from] Stealth Rock\n|move|p1a: Big Z|Knock Off|p2a: Nidoking\n|-damage|p2a: Nidoking|15\/100\n|-enditem|p2a: Nidoking|Life Orb|[from] move: Knock Off|[of] p1a: Big Z\n|\n|upkeep\n|turn|40\n|\n|t:|1699548347\n|move|p1a: Big Z|Knock Off|p2a: Nidoking\n|-damage|p2a: Nidoking|0 fnt\n|faint|p2a: Nidoking\n|\n|upkeep\n|\n|t:|1699548352\n|switch|p2a: Alomomola|Alomomola, M|77\/100 tox\n|-damage|p2a: Alomomola|64\/100 tox|[from] Stealth Rock\n|turn|41\n|\n|t:|1699548359\n|switch|p1a: Hafthor|Slaking, M, tera:Normal|100\/100\n|move|p2a: Alomomola|Flip Turn|p1a: Hafthor\n|-damage|p1a: Hafthor|88\/100\n|\n|t:|1699548364\n|switch|p2a: Caliburn|Aegislash, M, shiny|100\/100|[from] Flip Turn\n|-damage|p2a: Caliburn|94\/100|[from] Stealth Rock\n|\n|upkeep\n|turn|42\n|\n|t:|1699548367\n|move|p2a: Caliburn|King's Shield|p2a: Caliburn\n|-singleturn|p2a: Caliburn|Protect\n|move|p1a: Hafthor|Earthquake|p2a: Caliburn\n|-activate|p2a: Caliburn|move: Protect\n|\n|upkeep\n|turn|43\n|\n|t:|1699548376\n|cant|p1a: Hafthor|ability: Truant\n|-formechange|p2a: Caliburn|Aegislash-Blade||[from] ability: Stance Change\n|move|p2a: Caliburn|Sacred Sword|p1a: Hafthor\n|-supereffective|p1a: Hafthor\n|-damage|p1a: Hafthor|30\/100\n|\n|upkeep\n|turn|44\n|\n|t:|1699548384\n|switch|p1a: Big Z|Grafaiai, M|4\/100\n|-formechange|p2a: Caliburn|Aegislash||[from] ability: Stance Change\n|move|p2a: Caliburn|King's Shield||[still]\n|-fail|p2a: Caliburn\n|\n|upkeep\n|turn|45\n|\n|t:|1699548398\n|switch|p2a: Alomomola|Alomomola, M|98\/100 tox\n|-damage|p2a: Alomomola|85\/100 tox|[from] Stealth Rock\n|move|p1a: Big Z|Encore||[still]\n|-fail|p1a: Big Z\n|\n|-damage|p2a: Alomomola|79\/100 tox|[from] psn\n|upkeep\n|turn|46\n|\n|t:|1699548401\n|move|p1a: Big Z|Knock Off|p2a: Alomomola\n|-damage|p2a: Alomomola|72\/100 tox\n|move|p2a: Alomomola|Flip Turn|p1a: Big Z\n|-damage|p1a: Big Z|0 fnt\n|faint|p1a: Big Z\n|\n|t:|1699548404\n|switch|p2a: Caliburn|Aegislash, M, shiny|94\/100|[from] Flip Turn\n|-damage|p2a: Caliburn|88\/100|[from] Stealth Rock\n|\n|upkeep\n|\n|t:|1699548406\n|switch|p1a: Shaw|Hippowdon, M|73\/100\n|-weather|Sandstorm|[from] ability: Sand Stream|[of] p1a: Shaw\n|turn|47\n|\n|t:|1699548411\n|move|p2a: Caliburn|Swords Dance|p2a: Caliburn\n|-boost|p2a: Caliburn|atk|2\n|move|p1a: Shaw|Yawn|p2a: Caliburn\n|-start|p2a: Caliburn|move: Yawn|[of] p1a: Shaw\n|\n|-weather|Sandstorm|[upkeep]\n|-heal|p1a: Shaw|80\/100|[from] item: Leftovers\n|upkeep\n|turn|48\n|\n|t:|1699548422\n|switch|p2a: Alomomola|Alomomola, M|100\/100 tox\n|-damage|p2a: Alomomola|88\/100 tox|[from] Stealth Rock\n|move|p1a: Shaw|Earthquake|p2a: Alomomola\n|-damage|p2a: Alomomola|70\/100 tox\n|\n|-weather|Sandstorm|[upkeep]\n|-damage|p2a: Alomomola|63\/100 tox|[from] Sandstorm\n|-heal|p1a: Shaw|86\/100|[from] item: Leftovers\n|-damage|p2a: Alomomola|57\/100 tox|[from] psn\n|upkeep\n|turn|49\n|\n|t:|1699548433\n|move|p2a: Alomomola|Scald|p1a: Shaw\n|-supereffective|p1a: Shaw\n|-damage|p1a: Shaw|61\/100\n|move|p1a: Shaw|Yawn||[still]\n|-fail|p1a: Shaw\n|\n|-weather|Sandstorm|[upkeep]\n|-damage|p2a: Alomomola|51\/100 tox|[from] Sandstorm\n|-heal|p1a: Shaw|68\/100|[from] item: Leftovers\n|-damage|p2a: Alomomola|39\/100 tox|[from] psn\n|upkeep\n|turn|50\n|\n|t:|1699548439\n|move|p2a: Alomomola|Scald|p1a: Shaw\n|-supereffective|p1a: Shaw\n|-damage|p1a: Shaw|43\/100\n|move|p1a: Shaw|Earthquake|p2a: Alomomola\n|-crit|p2a: Alomomola\n|-damage|p2a: Alomomola|9\/100 tox\n|\n|-weather|Sandstorm|[upkeep]\n|-damage|p2a: Alomomola|3\/100 tox|[from] Sandstorm\n|-heal|p1a: Shaw|50\/100|[from] item: Leftovers\n|-damage|p2a: Alomomola|0 fnt|[from] psn\n|faint|p2a: Alomomola\n|upkeep\n|\n|t:|1699548441\n|switch|p2a: Caliburn|Aegislash, M, shiny|88\/100\n|-damage|p2a: Caliburn|82\/100|[from] Stealth Rock\n|turn|51\n|\n|t:|1699548445\n|move|p2a: Caliburn|Swords Dance|p2a: Caliburn\n|-boost|p2a: Caliburn|atk|2\n|move|p1a: Shaw|Yawn|p2a: Caliburn\n|-start|p2a: Caliburn|move: Yawn|[of] p1a: Shaw\n|\n|-weather|none\n|-heal|p1a: Shaw|56\/100|[from] item: Leftovers\n|upkeep\n|turn|52\n|\n|t:|1699548448\n|-formechange|p2a: Caliburn|Aegislash-Blade||[from] ability: Stance Change\n|move|p2a: Caliburn|Sacred Sword|p1a: Shaw\n|-damage|p1a: Shaw|19\/100\n|move|p1a: Shaw|Earthquake|p2a: Caliburn\n|-supereffective|p2a: Caliburn\n|-damage|p2a: Caliburn|0 fnt\n|faint|p2a: Caliburn\n|\n|win|viiicey\n|raw|viiicey's rating: 1203 &rarr; <strong>1232<\/strong><br \/>(+29 for winning)\n|raw|Ziz_chaos's rating: 1252 &rarr; <strong>1223<\/strong><br \/>(-29 for losing)\n|l|\u2606Ziz_chaos\n","uploadtime":1699548461,"views":6,"p1id":"viiicey","p2id":"zizchaos","formatid":"gen9nationaldex","rating":1223,"private":0,"password":""}