{"id":"gen9nationaldex-1997149195","p1":"Demonstealthrouge","p2":"Shelmett","format":"[Gen 9] National Dex","log":"|html|<div class=\"broadcast-blue\"><strong>[Gen 9] National Dex is currently suspecting Sneasler! For information on how to participate check out the <a href=\"https:\/\/www.smogon.com\/forums\/threads\/sv-national-dex-suspect-8-just-dance.3731534\/\">suspect thread<\/a>.<\/strong><\/div>\n|j|\u2606Demonstealthrouge\n|j|\u2606Shelmett\n|t:|1700769498\n|gametype|singles\n|player|p1|Demonstealthrouge|cynthia-masters3|1130\n|player|p2|Shelmett|roxie|1000\n|teamsize|p1|6\n|teamsize|p2|6\n|gen|9\n|tier|[Gen 9] National Dex\n|rated|\n|rule|HP Percentage Mod: HP is shown in percentages\n|rule|Endless Battle Clause: Forcing endless battles is banned\n|rule|OHKO Clause: OHKO moves are banned\n|rule|Evasion Clause: Evasion abilities, items, and moves are banned\n|rule|Evasion Abilities Clause: Evasion abilities are banned\n|rule|Evasion Items Clause: Evasion items are banned\n|rule|Evasion Moves Clause: Evasion moves are banned\n|rule|Species Clause: Limit one of each Pok\u00e9mon\n|rule|Sleep Clause Mod: Limit one foe put to sleep\n|clearpoke\n|poke|p1|Sneasler, F|\n|poke|p1|Ninetales-Alola, F|\n|poke|p1|Tatsugiri-Droopy, F|\n|poke|p1|Mienshao, F|\n|poke|p1|Bisharp, F|\n|poke|p1|Gallade, M|\n|poke|p2|Cresselia, F|\n|poke|p2|Delibird, F|\n|poke|p2|Ferroseed, F|\n|poke|p2|Trapinch, F|\n|poke|p2|Ampharos, M|\n|poke|p2|Dusclops, M|\n|teampreview\n|inactive|Battle timer is ON: inactive players will automatically lose when time's up. (requested by Demonstealthrouge)\n|\n|t:|1700769503\n|start\n|switch|p1a: Ninetales|Ninetales-Alola, F, shiny|100\/100\n|switch|p2a: Dusclops|Dusclops, M|100\/100\n|-weather|Snow|[from] ability: Snow Warning|[of] p1a: Ninetales\n|-item|p1a: Ninetales|Icy Rock|[from] ability: Frisk|[of] p2a: Dusclops|[identify]\n|turn|1\n|\n|t:|1700769512\n|move|p1a: Ninetales|Dark Pulse|p2a: Dusclops\n|-supereffective|p2a: Dusclops\n|-damage|p2a: Dusclops|67\/100\n|cant|p2a: Dusclops|flinch\n|\n|-weather|Snow|[upkeep]\n|upkeep\n|turn|2\n|\n|t:|1700769516\n|move|p1a: Ninetales|Dark Pulse|p2a: Dusclops\n|-supereffective|p2a: Dusclops\n|-damage|p2a: Dusclops|36\/100\n|move|p2a: Dusclops|Trick Room|p2a: Dusclops\n|-fieldstart|move: Trick Room|[of] p2a: Dusclops\n|\n|-weather|Snow|[upkeep]\n|upkeep\n|turn|3\n|\n|t:|1700769526\n|switch|p2a: Ferroseed|Ferroseed, F|100\/100\n|move|p1a: Ninetales|Dark Pulse|p2a: Ferroseed\n|-damage|p2a: Ferroseed|80\/100\n|\n|-weather|Snow|[upkeep]\n|upkeep\n|turn|4\n|\n|t:|1700769536\n|move|p2a: Ferroseed|Curse|p2a: Ferroseed\n|-unboost|p2a: Ferroseed|spe|1\n|-boost|p2a: Ferroseed|atk|1\n|-boost|p2a: Ferroseed|def|1\n|move|p1a: Ninetales|Ice Beam|p2a: Ferroseed\n|-damage|p2a: Ferroseed|40\/100\n|\n|-weather|Snow|[upkeep]\n|upkeep\n|turn|5\n|\n|t:|1700769546\n|move|p2a: Ferroseed|Gyro Ball|p1a: Ninetales\n|-supereffective|p1a: Ninetales\n|-damage|p1a: Ninetales|0 fnt\n|faint|p1a: Ninetales\n|\n|-weather|Snow|[upkeep]\n|upkeep\n|\n|t:|1700769556\n|switch|p1a: Femme|Gallade, M|100\/100\n|turn|6\n|\n|t:|1700769561\n|move|p2a: Ferroseed|Gyro Ball|p1a: Femme\n|-damage|p1a: Femme|0 fnt\n|faint|p1a: Femme\n|\n|-weather|Snow|[upkeep]\n|-fieldend|move: Trick Room\n|upkeep\n|\n|t:|1700769566\n|switch|p1a: Mienshao|Mienshao, F, shiny|100\/100\n|turn|7\n|\n|t:|1700769569\n|move|p1a: Mienshao|Fake Out|p2a: Ferroseed\n|-resisted|p2a: Ferroseed\n|-damage|p2a: Ferroseed|35\/100\n|-damage|p1a: Mienshao|88\/100|[from] ability: Iron Barbs|[of] p2a: Ferroseed\n|cant|p2a: Ferroseed|flinch\n|\n|-weather|Snow|[upkeep]\n|upkeep\n|turn|8\n|\n|t:|1700769574\n|move|p1a: Mienshao|Drain Punch|p2a: Ferroseed\n|-supereffective|p2a: Ferroseed\n|-damage|p2a: Ferroseed|0 fnt\n|-heal|p1a: Mienshao|100\/100|[from] drain|[of] p2a: Ferroseed\n|-damage|p1a: Mienshao|88\/100|[from] ability: Iron Barbs|[of] p2a: Ferroseed\n|faint|p2a: Ferroseed\n|\n|-weather|none\n|upkeep\n|\n|t:|1700769578\n|switch|p2a: Dusclops|Dusclops, M|36\/100\n|-item|p1a: Mienshao|Muscle Band|[from] ability: Frisk|[of] p2a: Dusclops|[identify]\n|turn|9\n|\n|t:|1700769584\n|move|p1a: Mienshao|Poison Jab|p2a: Dusclops\n|-resisted|p2a: Dusclops\n|-damage|p2a: Dusclops|25\/100\n|-status|p2a: Dusclops|psn\n|move|p2a: Dusclops|Trick Room|p2a: Dusclops\n|-fieldstart|move: Trick Room|[of] p2a: Dusclops\n|\n|-damage|p2a: Dusclops|13\/100 psn|[from] psn\n|upkeep\n|turn|10\n|\n|t:|1700769591\n|move|p2a: Dusclops|Memento|p1a: Mienshao\n|-unboost|p1a: Mienshao|atk|2\n|-unboost|p1a: Mienshao|spa|2\n|faint|p2a: Dusclops\n|move|p1a: Mienshao|Ice Spinner|p2: Dusclops|[notarget]\n|-fail|p1a: Mienshao\n|\n|upkeep\n|\n|t:|1700769599\n|switch|p2a: Delibird|Delibird, F|100\/100\n|turn|11\n|\n|t:|1700769604\n|switch|p1a: Tatsugiri|Tatsugiri-Droopy, F|100\/100\n|move|p2a: Delibird|Brave Bird|p1a: Tatsugiri\n|-damage|p1a: Tatsugiri|0 fnt\n|faint|p1a: Tatsugiri\n|-damage|p2a: Delibird|70\/100|[from] Recoil\n|\n|upkeep\n|\n|t:|1700769608\n|switch|p1a: Sneasler|Sneasler, F|100\/100\n|-ability|p1a: Sneasler|Pressure\n|turn|12\n|\n|t:|1700769611\n|move|p2a: Delibird|Brave Bird|p1a: Sneasler|[miss]\n|-miss|p2a: Delibird|p1a: Sneasler\n|move|p1a: Sneasler|Dire Claw|p2a: Delibird\n|-damage|p2a: Delibird|0 fnt\n|faint|p2a: Delibird\n|\n|upkeep\n|\n|t:|1700769621\n|switch|p2a: Trapinch|Trapinch, F|100\/100\n|turn|13\n|\n|t:|1700769629\n|move|p2a: Trapinch|Earthquake|p1a: Sneasler\n|-supereffective|p1a: Sneasler\n|-damage|p1a: Sneasler|0 fnt\n|faint|p1a: Sneasler\n|-damage|p2a: Trapinch|91\/100|[from] item: Life Orb\n|\n|-fieldend|move: Trick Room\n|upkeep\n|\n|t:|1700769636\n|switch|p1a: Mienshao|Mienshao, F, shiny|88\/100\n|turn|14\n|\n|t:|1700769643\n|switch|p2a: Ampharos|Ampharos, M|100\/100\n|move|p1a: Mienshao|Fake Out|p2a: Ampharos\n|-damage|p2a: Ampharos|85\/100\n|\n|upkeep\n|turn|15\n|\n|t:|1700769651\n|detailschange|p2a: Ampharos|Ampharos-Mega, M\n|-mega|p2a: Ampharos|Ampharos|Ampharosite\n|-ability|p2a: Ampharos|Mold Breaker\n|move|p1a: Mienshao|Ice Spinner|p2a: Ampharos\n|-supereffective|p2a: Ampharos\n|-damage|p2a: Ampharos|34\/100\n|move|p2a: Ampharos|Volt Switch|p1a: Mienshao\n|-damage|p1a: Mienshao|4\/100\n|\n|t:|1700769658\n|switch|p2a: Trapinch|Trapinch, F|91\/100|[from] Volt Switch\n|\n|upkeep\n|turn|16\n|\n|t:|1700769663\n|move|p2a: Trapinch|First Impression|p1a: Mienshao\n|-resisted|p1a: Mienshao\n|-damage|p1a: Mienshao|0 fnt\n|faint|p1a: Mienshao\n|-damage|p2a: Trapinch|81\/100|[from] item: Life Orb\n|\n|upkeep\n|\n|t:|1700769670\n|switch|p1a: Bisharp|Bisharp, F|100\/100\n|turn|17\n|\n|t:|1700769681\n|-terastallize|p1a: Bisharp|Poison\n|-terastallize|p2a: Trapinch|Ground\n|move|p1a: Bisharp|Poison Jab|p2a: Trapinch\n|-resisted|p2a: Trapinch\n|-damage|p2a: Trapinch|36\/100\n|move|p2a: Trapinch|Earthquake|p1a: Bisharp\n|-supereffective|p1a: Bisharp\n|-damage|p1a: Bisharp|0 fnt\n|faint|p1a: Bisharp\n|-damage|p2a: Trapinch|26\/100|[from] item: Life Orb\n|\n|win|Shelmett\n|raw|Demonstealthrouge's rating: 1130 &rarr; <strong>1096<\/strong><br \/>(-34 for losing)\n|raw|Shelmett's rating: 1000 &rarr; <strong>1054<\/strong><br \/>(+54 for winning)\n|c|\u2606Shelmett|gg\n|l|\u2606Demonstealthrouge\n","uploadtime":1700769700,"views":3,"p1id":"demonstealthrouge","p2id":"shelmett","formatid":"gen9nationaldex","rating":1054,"private":0,"password":""}