{"id":"gen9nationaldex-1999410838","p1":"haremboyxeo","p2":"DR4N","format":"[Gen 9] National Dex","log":"|html|<div class=\"broadcast-blue\"><strong>[Gen 9] National Dex is currently suspecting Sneasler! For information on how to participate check out the <a href=\"https:\/\/www.smogon.com\/forums\/threads\/sv-national-dex-suspect-8-just-dance.3731534\/\">suspect thread<\/a>.<\/strong><\/div>\n|j|\u2606haremboyxeo\n|j|\u2606DR4N\n|t:|1701075930\n|gametype|singles\n|player|p1|haremboyxeo|swimmerf-gen4dp|1000\n|player|p2|DR4N|lucas-gen4pt|1020\n|teamsize|p1|6\n|teamsize|p2|6\n|gen|9\n|tier|[Gen 9] National Dex\n|rated|\n|rule|HP Percentage Mod: HP is shown in percentages\n|rule|Endless Battle Clause: Forcing endless battles is banned\n|rule|OHKO Clause: OHKO moves are banned\n|rule|Evasion Clause: Evasion abilities, items, and moves are banned\n|rule|Evasion Abilities Clause: Evasion abilities are banned\n|rule|Evasion Items Clause: Evasion items are banned\n|rule|Evasion Moves Clause: Evasion moves are banned\n|rule|Species Clause: Limit one of each Pok\u00e9mon\n|rule|Sleep Clause Mod: Limit one foe put to sleep\n|clearpoke\n|poke|p1|Charizard, M|\n|poke|p1|Lucario, M|\n|poke|p1|Greninja-*, M|\n|poke|p1|Goodra-Hisui, F|\n|poke|p1|Tropius, M|\n|poke|p1|Gengar, M|\n|poke|p2|Oshawott, M|\n|poke|p2|Lycanroc-Dusk, M|\n|poke|p2|Pawmot, F|\n|poke|p2|Clodsire, M|\n|poke|p2|Gogoat, M|\n|poke|p2|Arcanine, M|\n|teampreview\n|\n|t:|1701075938\n|start\n|switch|p1a: Greninja|Greninja, M, shiny|100\/100\n|switch|p2a: Goat-Test|Gogoat, M, shiny|100\/100\n|turn|1\n|\n|t:|1701075951\n|move|p1a: Greninja|Ice Beam|p2a: Goat-Test\n|-start|p1a: Greninja|typechange|Ice|[from] ability: Protean\n|-supereffective|p2a: Goat-Test\n|-damage|p2a: Goat-Test|24\/100\n|move|p2a: Goat-Test|Horn Leech|p1a: Greninja\n|-damage|p1a: Greninja|36\/100\n|-heal|p2a: Goat-Test|45\/100|[from] drain|[of] p1a: Greninja\n|\n|-heal|p1a: Greninja|42\/100|[from] item: Leftovers\n|upkeep\n|turn|2\n|\n|t:|1701075968\n|move|p1a: Greninja|Ice Beam|p2a: Goat-Test\n|-supereffective|p2a: Goat-Test\n|-damage|p2a: Goat-Test|0 fnt\n|faint|p2a: Goat-Test\n|\n|-heal|p1a: Greninja|48\/100|[from] item: Leftovers\n|upkeep\n|\n|t:|1701075975\n|switch|p2a: Lycan-Test|Lycanroc-Dusk, M, shiny|100\/100\n|turn|3\n|\n|t:|1701075983\n|-terastallize|p2a: Lycan-Test|Fighting\n|move|p2a: Lycan-Test|Swords Dance|p2a: Lycan-Test\n|-boost|p2a: Lycan-Test|atk|2\n|move|p1a: Greninja|Substitute|p1a: Greninja\n|-start|p1a: Greninja|Substitute\n|-damage|p1a: Greninja|23\/100\n|\n|-heal|p1a: Greninja|29\/100|[from] item: Leftovers\n|upkeep\n|turn|4\n|\n|t:|1701075993\n|move|p2a: Lycan-Test|Accelerock|p1a: Greninja\n|-supereffective|p1a: Greninja\n|-end|p1a: Greninja|Substitute\n|-damage|p2a: Lycan-Test|91\/100|[from] item: Life Orb\n|move|p1a: Greninja|Water Shuriken|p2a: Lycan-Test\n|-damage|p2a: Lycan-Test|83\/100\n|-damage|p2a: Lycan-Test|76\/100\n|-hitcount|p2a: Lycan-Test|2\n|\n|-heal|p1a: Greninja|35\/100|[from] item: Leftovers\n|upkeep\n|turn|5\n|\n|t:|1701076013\n|switch|p1a: Gengar|Gengar, M, shiny|100\/100\n|move|p2a: Lycan-Test|Accelerock|p1a: Gengar\n|-damage|p1a: Gengar|0 fnt\n|-start|p2a: Lycan-Test|Disable|Accelerock|[from] ability: Cursed Body|[of] p1a: Gengar\n|faint|p1a: Gengar\n|-damage|p2a: Lycan-Test|66\/100|[from] item: Life Orb\n|\n|upkeep\n|\n|t:|1701076026\n|switch|p1a: Charizard|Charizard, M|100\/100\n|turn|6\n|\n|t:|1701076035\n|switch|p2a: Arca-Test|Arcanine, M, shiny|100\/100\n|detailschange|p1a: Charizard|Charizard-Mega-X, M\n|-mega|p1a: Charizard|Charizard|Charizardite X\n|move|p1a: Charizard|Dragon Dance|p1a: Charizard\n|-boost|p1a: Charizard|atk|1\n|-boost|p1a: Charizard|spe|1\n|\n|upkeep\n|turn|7\n|\n|t:|1701076044\n|move|p1a: Charizard|Dragon Dance|p1a: Charizard\n|-boost|p1a: Charizard|atk|1\n|-boost|p1a: Charizard|spe|1\n|move|p2a: Arca-Test|Dragon Pulse|p1a: Charizard\n|-supereffective|p1a: Charizard\n|-damage|p1a: Charizard|28\/100\n|\n|upkeep\n|turn|8\n|\n|t:|1701076052\n|move|p1a: Charizard|Dragon Claw|p2a: Arca-Test\n|-damage|p2a: Arca-Test|0 fnt\n|faint|p2a: Arca-Test\n|\n|upkeep\n|\n|t:|1701076056\n|switch|p2a: Osha-Test|Oshawott, M, shiny|100\/100\n|turn|9\n|\n|t:|1701076062\n|move|p2a: Osha-Test|Aqua Jet|p1a: Charizard\n|-crit|p1a: Charizard\n|-damage|p1a: Charizard|8\/100\n|move|p1a: Charizard|Dragon Claw|p2a: Osha-Test\n|-enditem|p2a: Osha-Test|Focus Sash\n|-damage|p2a: Osha-Test|1\/100\n|\n|upkeep\n|turn|10\n|c|\u2606DR4N|Eeeeee\n|\n|t:|1701076074\n|switch|p1a: Tropius|Tropius, M, shiny|100\/100\n|move|p2a: Osha-Test|Aqua Jet|p1a: Tropius\n|-resisted|p1a: Tropius\n|-damage|p1a: Tropius|90\/100\n|\n|upkeep\n|turn|11\n|\n|t:|1701076083\n|switch|p2a: Clod-Test|Clodsire, M, shiny|100\/100\n|move|p1a: Tropius|Air Slash|p2a: Clod-Test\n|-damage|p2a: Clod-Test|89\/100\n|\n|-heal|p2a: Clod-Test|96\/100|[from] item: Leftovers\n|upkeep\n|turn|12\n|\n|t:|1701076092\n|-terastallize|p1a: Tropius|Poison\n|move|p1a: Tropius|Leech Seed|p2a: Clod-Test\n|-start|p2a: Clod-Test|move: Leech Seed\n|move|p2a: Clod-Test|Stealth Rock|p1a: Tropius\n|-sidestart|p1: haremboyxeo|move: Stealth Rock\n|\n|-heal|p2a: Clod-Test|100\/100|[from] item: Leftovers\n|-damage|p2a: Clod-Test|88\/100|[from] Leech Seed|[of] p1a: Tropius\n|-heal|p1a: Tropius|100\/100|[silent]\n|upkeep\n|turn|13\n|\n|t:|1701076103\n|move|p1a: Tropius|Substitute|p1a: Tropius\n|-start|p1a: Tropius|Substitute\n|-damage|p1a: Tropius|76\/100\n|move|p2a: Clod-Test|Earthquake|p1a: Tropius\n|-supereffective|p1a: Tropius\n|-end|p1a: Tropius|Substitute\n|\n|-heal|p2a: Clod-Test|94\/100|[from] item: Leftovers\n|-damage|p2a: Clod-Test|82\/100|[from] Leech Seed|[of] p1a: Tropius\n|-heal|p1a: Tropius|92\/100|[silent]\n|upkeep\n|turn|14\n|\n|t:|1701076114\n|move|p1a: Tropius|Air Slash|p2a: Clod-Test\n|-damage|p2a: Clod-Test|71\/100\n|move|p2a: Clod-Test|Earthquake|p1a: Tropius\n|-supereffective|p1a: Tropius\n|-damage|p1a: Tropius|39\/100\n|-enditem|p1a: Tropius|Sitrus Berry|[eat]\n|-heal|p1a: Tropius|63\/100|[from] item: Sitrus Berry\n|\n|-heal|p2a: Clod-Test|77\/100|[from] item: Leftovers\n|-damage|p2a: Clod-Test|64\/100|[from] Leech Seed|[of] p1a: Tropius\n|-heal|p1a: Tropius|80\/100|[silent]\n|-item|p1a: Tropius|Sitrus Berry|[from] ability: Harvest\n|upkeep\n|turn|15\n|\n|t:|1701076129\n|move|p1a: Tropius|Protect|p1a: Tropius\n|-singleturn|p1a: Tropius|Protect\n|move|p2a: Clod-Test|Toxic Spikes|p1a: Tropius\n|-sidestart|p1: haremboyxeo|move: Toxic Spikes\n|\n|-heal|p2a: Clod-Test|71\/100|[from] item: Leftovers\n|-damage|p2a: Clod-Test|58\/100|[from] Leech Seed|[of] p1a: Tropius\n|-heal|p1a: Tropius|97\/100|[silent]\n|upkeep\n|turn|16\n|\n|t:|1701076138\n|move|p1a: Tropius|Air Slash|p2a: Clod-Test\n|-damage|p2a: Clod-Test|47\/100\n|cant|p2a: Clod-Test|flinch\n|\n|-heal|p2a: Clod-Test|53\/100|[from] item: Leftovers\n|-damage|p2a: Clod-Test|41\/100|[from] Leech Seed|[of] p1a: Tropius\n|-heal|p1a: Tropius|100\/100|[silent]\n|upkeep\n|turn|17\n|\n|t:|1701076147\n|move|p1a: Tropius|Air Slash|p2a: Clod-Test\n|-damage|p2a: Clod-Test|30\/100\n|move|p2a: Clod-Test|Toxic Spikes|p1a: Tropius\n|-sidestart|p1: haremboyxeo|move: Toxic Spikes\n|\n|-heal|p2a: Clod-Test|37\/100|[from] item: Leftovers\n|-damage|p2a: Clod-Test|24\/100|[from] Leech Seed|[of] p1a: Tropius\n|upkeep\n|turn|18\n|\n|t:|1701076156\n|move|p1a: Tropius|Air Slash|p2a: Clod-Test\n|-damage|p2a: Clod-Test|13\/100\n|move|p2a: Clod-Test|Recover|p2a: Clod-Test\n|-heal|p2a: Clod-Test|63\/100\n|\n|-heal|p2a: Clod-Test|69\/100|[from] item: Leftovers\n|-damage|p2a: Clod-Test|57\/100|[from] Leech Seed|[of] p1a: Tropius\n|upkeep\n|turn|19\n|\n|t:|1701076166\n|move|p1a: Tropius|Substitute|p1a: Tropius\n|-start|p1a: Tropius|Substitute\n|-damage|p1a: Tropius|76\/100\n|move|p2a: Clod-Test|Recover|p2a: Clod-Test\n|-heal|p2a: Clod-Test|100\/100\n|\n|-damage|p2a: Clod-Test|88\/100|[from] Leech Seed|[of] p1a: Tropius\n|-heal|p1a: Tropius|92\/100|[silent]\n|upkeep\n|turn|20\n|\n|t:|1701076176\n|move|p1a: Tropius|Air Slash|p2a: Clod-Test\n|-damage|p2a: Clod-Test|78\/100\n|move|p2a: Clod-Test|Earthquake|p1a: Tropius\n|-supereffective|p1a: Tropius\n|-end|p1a: Tropius|Substitute\n|\n|-heal|p2a: Clod-Test|85\/100|[from] item: Leftovers\n|-damage|p2a: Clod-Test|72\/100|[from] Leech Seed|[of] p1a: Tropius\n|-heal|p1a: Tropius|100\/100|[silent]\n|upkeep\n|turn|21\n|\n|t:|1701076186\n|move|p1a: Tropius|Air Slash|p2a: Clod-Test\n|-damage|p2a: Clod-Test|61\/100\n|move|p2a: Clod-Test|Earthquake|p1a: Tropius\n|-supereffective|p1a: Tropius\n|-damage|p1a: Tropius|39\/100\n|-enditem|p1a: Tropius|Sitrus Berry|[eat]\n|-heal|p1a: Tropius|64\/100|[from] item: Sitrus Berry\n|\n|-heal|p2a: Clod-Test|68\/100|[from] item: Leftovers\n|-damage|p2a: Clod-Test|55\/100|[from] Leech Seed|[of] p1a: Tropius\n|-heal|p1a: Tropius|80\/100|[silent]\n|-item|p1a: Tropius|Sitrus Berry|[from] ability: Harvest\n|upkeep\n|turn|22\n|\n|t:|1701076199\n|move|p1a: Tropius|Air Slash|p2a: Clod-Test\n|-damage|p2a: Clod-Test|44\/100\n|move|p2a: Clod-Test|Earthquake|p1a: Tropius\n|-supereffective|p1a: Tropius\n|-damage|p1a: Tropius|22\/100\n|-enditem|p1a: Tropius|Sitrus Berry|[eat]\n|-heal|p1a: Tropius|46\/100|[from] item: Sitrus Berry\n|\n|-heal|p2a: Clod-Test|50\/100|[from] item: Leftovers\n|-damage|p2a: Clod-Test|38\/100|[from] Leech Seed|[of] p1a: Tropius\n|-heal|p1a: Tropius|63\/100|[silent]\n|-item|p1a: Tropius|Sitrus Berry|[from] ability: Harvest\n|upkeep\n|turn|23\n|\n|t:|1701076213\n|move|p1a: Tropius|Protect|p1a: Tropius\n|-singleturn|p1a: Tropius|Protect\n|move|p2a: Clod-Test|Earthquake|p1a: Tropius\n|-activate|p1a: Tropius|move: Protect\n|\n|-heal|p2a: Clod-Test|44\/100|[from] item: Leftovers\n|-damage|p2a: Clod-Test|32\/100|[from] Leech Seed|[of] p1a: Tropius\n|-heal|p1a: Tropius|79\/100|[silent]\n|upkeep\n|turn|24\n|\n|t:|1701076224\n|move|p1a: Tropius|Air Slash|p2a: Clod-Test\n|-damage|p2a: Clod-Test|21\/100\n|move|p2a: Clod-Test|Recover|p2a: Clod-Test\n|-heal|p2a: Clod-Test|71\/100\n|\n|-heal|p2a: Clod-Test|77\/100|[from] item: Leftovers\n|-damage|p2a: Clod-Test|65\/100|[from] Leech Seed|[of] p1a: Tropius\n|-heal|p1a: Tropius|96\/100|[silent]\n|upkeep\n|turn|25\n|\n|t:|1701076235\n|move|p1a: Tropius|Air Slash|p2a: Clod-Test\n|-damage|p2a: Clod-Test|54\/100\n|move|p2a: Clod-Test|Recover|p2a: Clod-Test\n|-heal|p2a: Clod-Test|100\/100\n|\n|-damage|p2a: Clod-Test|88\/100|[from] Leech Seed|[of] p1a: Tropius\n|-heal|p1a: Tropius|100\/100|[silent]\n|upkeep\n|turn|26\n|\n|t:|1701076244\n|move|p1a: Tropius|Air Slash|p2a: Clod-Test\n|-damage|p2a: Clod-Test|78\/100\n|move|p2a: Clod-Test|Earthquake|p1a: Tropius\n|-supereffective|p1a: Tropius\n|-damage|p1a: Tropius|39\/100\n|-enditem|p1a: Tropius|Sitrus Berry|[eat]\n|-heal|p1a: Tropius|64\/100|[from] item: Sitrus Berry\n|\n|-heal|p2a: Clod-Test|85\/100|[from] item: Leftovers\n|-damage|p2a: Clod-Test|72\/100|[from] Leech Seed|[of] p1a: Tropius\n|-heal|p1a: Tropius|80\/100|[silent]\n|-item|p1a: Tropius|Sitrus Berry|[from] ability: Harvest\n|upkeep\n|turn|27\n|\n|t:|1701076257\n|move|p1a: Tropius|Air Slash|p2a: Clod-Test\n|-crit|p2a: Clod-Test\n|-damage|p2a: Clod-Test|55\/100\n|move|p2a: Clod-Test|Earthquake|p1a: Tropius\n|-supereffective|p1a: Tropius\n|-damage|p1a: Tropius|22\/100\n|-enditem|p1a: Tropius|Sitrus Berry|[eat]\n|-heal|p1a: Tropius|46\/100|[from] item: Sitrus Berry\n|\n|-heal|p2a: Clod-Test|61\/100|[from] item: Leftovers\n|-damage|p2a: Clod-Test|49\/100|[from] Leech Seed|[of] p1a: Tropius\n|-heal|p1a: Tropius|63\/100|[silent]\n|upkeep\n|turn|28\n|\n|t:|1701076269\n|move|p1a: Tropius|Protect|p1a: Tropius\n|-singleturn|p1a: Tropius|Protect\n|move|p2a: Clod-Test|Recover|p2a: Clod-Test\n|-heal|p2a: Clod-Test|99\/100\n|\n|-heal|p2a: Clod-Test|100\/100|[from] item: Leftovers\n|-damage|p2a: Clod-Test|88\/100|[from] Leech Seed|[of] p1a: Tropius\n|-heal|p1a: Tropius|79\/100|[silent]\n|-item|p1a: Tropius|Sitrus Berry|[from] ability: Harvest\n|upkeep\n|turn|29\n|\n|t:|1701076280\n|move|p1a: Tropius|Air Slash|p2a: Clod-Test\n|-damage|p2a: Clod-Test|78\/100\n|move|p2a: Clod-Test|Earthquake|p1a: Tropius\n|-supereffective|p1a: Tropius\n|-damage|p1a: Tropius|22\/100\n|-enditem|p1a: Tropius|Sitrus Berry|[eat]\n|-heal|p1a: Tropius|47\/100|[from] item: Sitrus Berry\n|\n|-heal|p2a: Clod-Test|85\/100|[from] item: Leftovers\n|-damage|p2a: Clod-Test|72\/100|[from] Leech Seed|[of] p1a: Tropius\n|-heal|p1a: Tropius|64\/100|[silent]\n|upkeep\n|turn|30\n|\n|t:|1701076294\n|move|p1a: Tropius|Protect|p1a: Tropius\n|-singleturn|p1a: Tropius|Protect\n|move|p2a: Clod-Test|Toxic Spikes||[still]\n|-fail|p2a: Clod-Test\n|\n|-heal|p2a: Clod-Test|78\/100|[from] item: Leftovers\n|-damage|p2a: Clod-Test|66\/100|[from] Leech Seed|[of] p1a: Tropius\n|-heal|p1a: Tropius|80\/100|[silent]\n|upkeep\n|turn|31\n|\n|t:|1701076303\n|move|p1a: Tropius|Air Slash|p2a: Clod-Test\n|-damage|p2a: Clod-Test|54\/100\n|move|p2a: Clod-Test|Earthquake|p1a: Tropius\n|-supereffective|p1a: Tropius\n|-damage|p1a: Tropius|23\/100\n|\n|-heal|p2a: Clod-Test|60\/100|[from] item: Leftovers\n|-damage|p2a: Clod-Test|48\/100|[from] Leech Seed|[of] p1a: Tropius\n|-heal|p1a: Tropius|40\/100|[silent]\n|-item|p1a: Tropius|Sitrus Berry|[from] ability: Harvest\n|upkeep\n|-enditem|p1a: Tropius|Sitrus Berry|[eat]\n|-heal|p1a: Tropius|65\/100|[from] item: Sitrus Berry\n|turn|32\n|\n|t:|1701076317\n|switch|p2a: Paw-Test|Pawmot, F, shiny|100\/100\n|move|p1a: Tropius|Air Slash|p2a: Paw-Test\n|-damage|p2a: Paw-Test|73\/100\n|\n|upkeep\n|turn|33\n|\n|t:|1701076324\n|move|p2a: Paw-Test|Nuzzle|p1a: Tropius\n|-crit|p1a: Tropius\n|-damage|p1a: Tropius|51\/100\n|-status|p1a: Tropius|par\n|cant|p1a: Tropius|par\n|\n|upkeep\n|turn|34\n|\n|t:|1701076331\n|move|p2a: Paw-Test|Revival Blessing|p2a: Paw-Test\n|\n|t:|1701076335\n|-heal|p2: Arca-Test|50\/100|[from] move: Revival Blessing\n|move|p1a: Tropius|Leech Seed|p2a: Paw-Test|[miss]\n|-miss|p1a: Tropius|p2a: Paw-Test\n|\n|-item|p1a: Tropius|Sitrus Berry|[from] ability: Harvest\n|upkeep\n|turn|35\n|\n|t:|1701076346\n|move|p2a: Paw-Test|Rest|p2a: Paw-Test\n|-status|p2a: Paw-Test|slp|[from] move: Rest\n|-heal|p2a: Paw-Test|100\/100 slp|[silent]\n|move|p1a: Tropius|Leech Seed|p2a: Paw-Test\n|-start|p2a: Paw-Test|move: Leech Seed\n|\n|-damage|p2a: Paw-Test|88\/100 slp|[from] Leech Seed|[of] p1a: Tropius\n|-heal|p1a: Tropius|64\/100 par|[silent]\n|upkeep\n|turn|36\n|\n|t:|1701076358\n|cant|p2a: Paw-Test|slp\n|move|p2a: Paw-Test|Sleep Talk|p2a: Paw-Test\n|move|p2a: Paw-Test|Rest||[from]move: Sleep Talk|[still]\n|-fail|p2a: Paw-Test\n|move|p1a: Tropius|Substitute|p1a: Tropius\n|-start|p1a: Tropius|Substitute\n|-damage|p1a: Tropius|39\/100 par\n|-enditem|p1a: Tropius|Sitrus Berry|[eat]\n|-heal|p1a: Tropius|64\/100 par|[from] item: Sitrus Berry\n|\n|-damage|p2a: Paw-Test|75\/100 slp|[from] Leech Seed|[of] p1a: Tropius\n|-heal|p1a: Tropius|76\/100 par|[silent]\n|-item|p1a: Tropius|Sitrus Berry|[from] ability: Harvest\n|upkeep\n|turn|37\n|\n|t:|1701076372\n|cant|p2a: Paw-Test|slp\n|move|p2a: Paw-Test|Sleep Talk|p2a: Paw-Test\n|move|p2a: Paw-Test|Rest||[from]move: Sleep Talk|[still]\n|-fail|p2a: Paw-Test\n|move|p1a: Tropius|Air Slash|p2a: Paw-Test\n|-damage|p2a: Paw-Test|48\/100 slp\n|\n|-damage|p2a: Paw-Test|35\/100 slp|[from] Leech Seed|[of] p1a: Tropius\n|-heal|p1a: Tropius|88\/100 par|[silent]\n|upkeep\n|turn|38\n|\n|t:|1701076384\n|-curestatus|p2a: Paw-Test|slp|[msg]\n|move|p2a: Paw-Test|Sleep Talk||[still]\n|-fail|p2a: Paw-Test\n|cant|p1a: Tropius|par\n|\n|-damage|p2a: Paw-Test|23\/100|[from] Leech Seed|[of] p1a: Tropius\n|-heal|p1a: Tropius|100\/100 par|[silent]\n|upkeep\n|turn|39\n|\n|t:|1701076394\n|move|p2a: Paw-Test|Rest|p2a: Paw-Test\n|-status|p2a: Paw-Test|slp|[from] move: Rest\n|-heal|p2a: Paw-Test|100\/100 slp|[silent]\n|cant|p1a: Tropius|par\n|\n|-damage|p2a: Paw-Test|88\/100 slp|[from] Leech Seed|[of] p1a: Tropius\n|upkeep\n|turn|40\n|\n|t:|1701076408\n|switch|p1a: Greninja|Greninja, M, shiny|35\/100\n|-damage|p1a: Greninja|23\/100|[from] Stealth Rock\n|-status|p1a: Greninja|tox\n|cant|p2a: Paw-Test|slp\n|move|p2a: Paw-Test|Sleep Talk|p2a: Paw-Test\n|move|p2a: Paw-Test|Nuzzle|p1a: Greninja|[from]move: Sleep Talk\n|-supereffective|p1a: Greninja\n|-damage|p1a: Greninja|0 fnt\n|faint|p1a: Greninja\n|\n|upkeep\n|\n|t:|1701076421\n|switch|p1a: Lucario|Lucario, M|100\/100\n|-damage|p1a: Lucario|98\/100|[from] Stealth Rock\n|turn|41\n|\n|t:|1701076427\n|cant|p2a: Paw-Test|slp\n|move|p2a: Paw-Test|Sleep Talk|p2a: Paw-Test\n|move|p2a: Paw-Test|Nuzzle|p1a: Lucario|[from]move: Sleep Talk\n|-damage|p1a: Lucario|83\/100\n|-status|p1a: Lucario|par\n|cant|p1a: Lucario|par\n|\n|-heal|p1a: Lucario|89\/100 par|[from] item: Leftovers\n|-damage|p2a: Paw-Test|75\/100 slp|[from] Leech Seed|[of] p1a: Lucario\n|-heal|p1a: Lucario|100\/100 par|[silent]\n|upkeep\n|turn|42\n|\n|t:|1701076440\n|-curestatus|p2a: Paw-Test|slp|[msg]\n|move|p2a: Paw-Test|Rest|p2a: Paw-Test\n|-status|p2a: Paw-Test|slp|[from] move: Rest\n|-heal|p2a: Paw-Test|100\/100 slp|[silent]\n|move|p1a: Lucario|Swords Dance|p1a: Lucario\n|-boost|p1a: Lucario|atk|2\n|\n|-damage|p2a: Paw-Test|88\/100 slp|[from] Leech Seed|[of] p1a: Lucario\n|upkeep\n|turn|43\n|\n|t:|1701076452\n|cant|p2a: Paw-Test|slp\n|move|p2a: Paw-Test|Sleep Talk|p2a: Paw-Test\n|move|p2a: Paw-Test|Nuzzle|p1a: Lucario|[from]move: Sleep Talk\n|-damage|p1a: Lucario|89\/100 par\n|move|p1a: Lucario|Earthquake|p2a: Paw-Test\n|-supereffective|p2a: Paw-Test\n|-crit|p2a: Paw-Test\n|-damage|p2a: Paw-Test|0 fnt\n|faint|p2a: Paw-Test\n|\n|-heal|p1a: Lucario|95\/100 par|[from] item: Leftovers\n|upkeep\n|\n|t:|1701076464\n|switch|p2a: Arca-Test|Arcanine, M, shiny|50\/100\n|turn|44\n|\n|t:|1701076467\n|move|p2a: Arca-Test|Flamethrower|p1a: Lucario\n|-supereffective|p1a: Lucario\n|-damage|p1a: Lucario|0 fnt\n|faint|p1a: Lucario\n|\n|upkeep\n|\n|t:|1701076474\n|switch|p1a: Tropius|Tropius, M, shiny, tera:Poison|100\/100 par\n|-damage|p1a: Tropius|88\/100 par|[from] Stealth Rock\n|-sideend|p1: haremboyxeo|move: Toxic Spikes|[of] p1a: Tropius\n|turn|45\n|\n|t:|1701076479\n|move|p2a: Arca-Test|Hyper Beam|p1a: Tropius\n|-damage|p1a: Tropius|50\/100 par\n|-mustrecharge|p2a: Arca-Test\n|-enditem|p1a: Tropius|Sitrus Berry|[eat]\n|-heal|p1a: Tropius|75\/100 par|[from] item: Sitrus Berry\n|move|p1a: Tropius|Leech Seed|p2a: Arca-Test\n|-start|p2a: Arca-Test|move: Leech Seed\n|\n|-damage|p2a: Arca-Test|38\/100|[from] Leech Seed|[of] p1a: Tropius\n|-heal|p1a: Tropius|86\/100 par|[silent]\n|-item|p1a: Tropius|Sitrus Berry|[from] ability: Harvest\n|upkeep\n|turn|46\n|\n|t:|1701076491\n|cant|p2a: Arca-Test|recharge\n|move|p1a: Tropius|Air Slash|p2a: Arca-Test\n|-damage|p2a: Arca-Test|14\/100\n|\n|-damage|p2a: Arca-Test|2\/100|[from] Leech Seed|[of] p1a: Tropius\n|-heal|p1a: Tropius|98\/100 par|[silent]\n|upkeep\n|turn|47\n|\n|t:|1701076500\n|cant|p1a: Tropius|par\n|move|p2a: Arca-Test|Flamethrower|p1a: Tropius\n|-damage|p1a: Tropius|62\/100 par\n|\n|-damage|p2a: Arca-Test|0 fnt|[from] Leech Seed|[of] p1a: Tropius\n|-heal|p1a: Tropius|63\/100 par|[silent]\n|faint|p2a: Arca-Test\n|upkeep\n|\n|t:|1701076508\n|switch|p2a: Clod-Test|Clodsire, M, shiny|48\/100\n|turn|48\n|\n|t:|1701076514\n|move|p1a: Tropius|Leech Seed|p2a: Clod-Test\n|-start|p2a: Clod-Test|move: Leech Seed\n|move|p2a: Clod-Test|Earthquake|p1a: Tropius\n|-supereffective|p1a: Tropius\n|-damage|p1a: Tropius|0 fnt\n|faint|p1a: Tropius\n|\n|-heal|p2a: Clod-Test|54\/100|[from] item: Leftovers\n|upkeep\n|\n|t:|1701076523\n|switch|p1a: Goodra|Goodra-Hisui, F|100\/100\n|-damage|p1a: Goodra|95\/100|[from] Stealth Rock\n|turn|49\n|\n|t:|1701076532\n|move|p1a: Goodra|Chilling Water|p2a: Clod-Test\n|-supereffective|p2a: Clod-Test\n|-damage|p2a: Clod-Test|37\/100\n|-unboost|p2a: Clod-Test|atk|1\n|move|p2a: Clod-Test|Earthquake|p1a: Goodra\n|-supereffective|p1a: Goodra\n|-damage|p1a: Goodra|56\/100\n|\n|-heal|p1a: Goodra|62\/100|[from] item: Leftovers\n|-heal|p2a: Clod-Test|43\/100|[from] item: Leftovers\n|-damage|p2a: Clod-Test|31\/100|[from] Leech Seed|[of] p1a: Goodra\n|-heal|p1a: Goodra|81\/100|[silent]\n|upkeep\n|turn|50\n|\n|t:|1701076558\n|move|p1a: Goodra|Chilling Water|p2a: Clod-Test\n|-supereffective|p2a: Clod-Test\n|-damage|p2a: Clod-Test|14\/100\n|-unboost|p2a: Clod-Test|atk|1\n|move|p2a: Clod-Test|Recover|p2a: Clod-Test\n|-heal|p2a: Clod-Test|64\/100\n|\n|-heal|p1a: Goodra|87\/100|[from] item: Leftovers\n|-heal|p2a: Clod-Test|71\/100|[from] item: Leftovers\n|-damage|p2a: Clod-Test|58\/100|[from] Leech Seed|[of] p1a: Goodra\n|-heal|p1a: Goodra|100\/100|[silent]\n|upkeep\n|turn|51\n|\n|t:|1701076570\n|move|p1a: Goodra|Chilling Water|p2a: Clod-Test\n|-supereffective|p2a: Clod-Test\n|-damage|p2a: Clod-Test|42\/100\n|-unboost|p2a: Clod-Test|atk|1\n|move|p2a: Clod-Test|Earthquake|p1a: Goodra\n|-supereffective|p1a: Goodra\n|-damage|p1a: Goodra|73\/100\n|\n|-heal|p1a: Goodra|79\/100|[from] item: Leftovers\n|-heal|p2a: Clod-Test|48\/100|[from] item: Leftovers\n|-damage|p2a: Clod-Test|36\/100|[from] Leech Seed|[of] p1a: Goodra\n|-heal|p1a: Goodra|98\/100|[silent]\n|upkeep\n|turn|52\n|\n|t:|1701076584\n|move|p1a: Goodra|Chilling Water|p2a: Clod-Test\n|-supereffective|p2a: Clod-Test\n|-damage|p2a: Clod-Test|19\/100\n|-unboost|p2a: Clod-Test|atk|1\n|move|p2a: Clod-Test|Recover|p2a: Clod-Test\n|-heal|p2a: Clod-Test|69\/100\n|\n|-heal|p1a: Goodra|100\/100|[from] item: Leftovers\n|-heal|p2a: Clod-Test|75\/100|[from] item: Leftovers\n|-damage|p2a: Clod-Test|63\/100|[from] Leech Seed|[of] p1a: Goodra\n|upkeep\n|turn|53\n|\n|t:|1701076598\n|move|p1a: Goodra|Chilling Water|p2a: Clod-Test\n|-supereffective|p2a: Clod-Test\n|-damage|p2a: Clod-Test|47\/100\n|-unboost|p2a: Clod-Test|atk|1\n|move|p2a: Clod-Test|Earthquake|p1a: Goodra\n|-supereffective|p1a: Goodra\n|-damage|p1a: Goodra|84\/100\n|\n|-heal|p1a: Goodra|90\/100|[from] item: Leftovers\n|-heal|p2a: Clod-Test|54\/100|[from] item: Leftovers\n|-damage|p2a: Clod-Test|41\/100|[from] Leech Seed|[of] p1a: Goodra\n|-heal|p1a: Goodra|100\/100|[silent]\n|upkeep\n|turn|54\n|\n|t:|1701076614\n|move|p1a: Goodra|Flash Cannon|p2a: Clod-Test\n|-damage|p2a: Clod-Test|19\/100\n|move|p2a: Clod-Test|Toxic Spikes|p1a: Goodra\n|-sidestart|p1: haremboyxeo|move: Toxic Spikes\n|\n|-heal|p2a: Clod-Test|26\/100|[from] item: Leftovers\n|-damage|p2a: Clod-Test|13\/100|[from] Leech Seed|[of] p1a: Goodra\n|upkeep\n|turn|55\n|\n|t:|1701076623\n|move|p1a: Goodra|Flash Cannon|p2a: Clod-Test\n|-damage|p2a: Clod-Test|0 fnt\n|faint|p2a: Clod-Test\n|\n|upkeep\n|\n|t:|1701076625\n|switch|p2a: Lycan-Test|Lycanroc-Dusk, M, shiny, tera:Fighting|66\/100\n|turn|56\n|\n|t:|1701076637\n|move|p2a: Lycan-Test|Close Combat|p1a: Goodra\n|-supereffective|p1a: Goodra\n|-damage|p1a: Goodra|0 fnt\n|-unboost|p2a: Lycan-Test|def|1\n|-unboost|p2a: Lycan-Test|spd|1\n|faint|p1a: Goodra\n|-damage|p2a: Lycan-Test|56\/100|[from] item: Life Orb\n|\n|upkeep\n|c|\u2606DR4N|Gg spammer\n|\n|t:|1701076646\n|switch|p1a: Charizard|Charizard-Mega-X, M|8\/100\n|-damage|p1a: Charizard|0 fnt|[from] Stealth Rock\n|faint|p1a: Charizard\n|\n|win|DR4N\n|raw|haremboyxeo's rating: 1000 &rarr; <strong>1000<\/strong><br \/>(+0 for losing)\n|raw|DR4N's rating: 1020 &rarr; <strong>1055<\/strong><br \/>(+35 for winning)\n|c|\u2606DR4N|Ig\n|l|\u2606haremboyxeo\n|c|\u2606DR4N|Wait no staller\n","uploadtime":1701076669,"views":4,"p1id":"haremboyxeo","p2id":"dr4n","formatid":"gen9nationaldex","rating":1000,"private":0,"password":""}