{"id":"gen9nationaldex-1997254982","p1":"Meb78910","p2":"JoMauRori","format":"[Gen 9] National Dex","log":"|html|<div class=\"broadcast-blue\"><strong>[Gen 9] National Dex is currently suspecting Sneasler! For information on how to participate check out the <a href=\"https:\/\/www.smogon.com\/forums\/threads\/sv-national-dex-suspect-8-just-dance.3731534\/\">suspect thread<\/a>.<\/strong><\/div>\n|j|\u2606Meb78910\n|j|\u2606JoMauRori\n|t:|1700780982\n|gametype|singles\n|player|p1|Meb78910|170|1128\n|player|p2|JoMauRori|benga|1101\n|teamsize|p1|6\n|teamsize|p2|6\n|gen|9\n|tier|[Gen 9] National Dex\n|rated|\n|rule|HP Percentage Mod: HP is shown in percentages\n|rule|Endless Battle Clause: Forcing endless battles is banned\n|rule|OHKO Clause: OHKO moves are banned\n|rule|Evasion Clause: Evasion abilities, items, and moves are banned\n|rule|Evasion Abilities Clause: Evasion abilities are banned\n|rule|Evasion Items Clause: Evasion items are banned\n|rule|Evasion Moves Clause: Evasion moves are banned\n|rule|Species Clause: Limit one of each Pok\u00e9mon\n|rule|Sleep Clause Mod: Limit one foe put to sleep\n|clearpoke\n|poke|p1|Venusaur, M|\n|poke|p1|Arcanine-Hisui, F|\n|poke|p1|Ninetales-Alola, M|\n|poke|p1|Skarmory, F|\n|poke|p1|Starmie|\n|poke|p1|Togekiss, F|\n|poke|p2|Gengar, M|\n|poke|p2|Lucario, M|\n|poke|p2|Metagross|\n|poke|p2|Greninja-*, M|\n|poke|p2|Grimmsnarl, M|\n|poke|p2|Charizard, F|\n|teampreview\n|\n|t:|1700780992\n|start\n|switch|p1a: Ninetales|Ninetales-Alola, M|100\/100\n|switch|p2a: Charizard|Charizard, F|100\/100\n|-weather|Snow|[from] ability: Snow Warning|[of] p1a: Ninetales\n|turn|1\n|\n|t:|1700781001\n|move|p1a: Ninetales|Aurora Veil|p1a: Ninetales\n|-sidestart|p1: Meb78910|move: Aurora Veil\n|move|p2a: Charizard|Blaze Kick|p1a: Ninetales\n|-supereffective|p1a: Ninetales\n|-damage|p1a: Ninetales|66\/100\n|\n|-weather|Snow|[upkeep]\n|upkeep\n|turn|2\n|\n|t:|1700781013\n|switch|p1a: Arcanine|Arcanine-Hisui, F|100\/100\n|move|p2a: Charizard|Blaze Kick|p1a: Arcanine\n|-resisted|p1a: Arcanine\n|-damage|p1a: Arcanine|96\/100\n|\n|-weather|Snow|[upkeep]\n|upkeep\n|turn|3\n|\n|t:|1700781023\n|detailschange|p2a: Charizard|Charizard-Mega-X, F\n|-mega|p2a: Charizard|Charizard|Charizardite X\n|move|p1a: Arcanine|Wild Charge|p2a: Charizard\n|-resisted|p2a: Charizard\n|-damage|p2a: Charizard|84\/100\n|move|p2a: Charizard|Earthquake|p1a: Arcanine\n|-supereffective|p1a: Arcanine\n|-damage|p1a: Arcanine|17\/100\n|\n|-weather|Snow|[upkeep]\n|upkeep\n|turn|4\n|\n|t:|1700781038\n|switch|p1a: Skarmory|Skarmory, F|100\/100\n|move|p2a: Charizard|Earthquake|p1a: Skarmory\n|-immune|p1a: Skarmory\n|\n|-weather|Snow|[upkeep]\n|upkeep\n|turn|5\n|\n|t:|1700781052\n|move|p2a: Charizard|Blaze Kick|p1a: Skarmory\n|-supereffective|p1a: Skarmory\n|-damage|p1a: Skarmory|62\/100\n|-damage|p2a: Charizard|67\/100|[from] item: Rocky Helmet|[of] p1a: Skarmory\n|move|p1a: Skarmory|Toxic|p2a: Charizard\n|-status|p2a: Charizard|tox\n|\n|-weather|none\n|-damage|p2a: Charizard|61\/100 tox|[from] psn\n|upkeep\n|turn|6\n|\n|t:|1700781065\n|move|p2a: Charizard|Blaze Kick|p1a: Skarmory\n|-supereffective|p1a: Skarmory\n|-damage|p1a: Skarmory|29\/100\n|-damage|p2a: Charizard|45\/100 tox|[from] item: Rocky Helmet|[of] p1a: Skarmory\n|move|p1a: Skarmory|Whirlwind|p2a: Charizard\n|drag|p2a: Metagross|Metagross, shiny|100\/100\n|\n|upkeep\n|turn|7\n|\n|t:|1700781079\n|move|p1a: Skarmory|Roost|p1a: Skarmory\n|-heal|p1a: Skarmory|79\/100\n|-singleturn|p1a: Skarmory|move: Roost\n|move|p2a: Metagross|Zen Headbutt|p1a: Skarmory\n|-resisted|p1a: Skarmory\n|-damage|p1a: Skarmory|72\/100\n|-damage|p2a: Metagross|84\/100|[from] item: Rocky Helmet|[of] p1a: Skarmory\n|\n|-heal|p2a: Metagross|90\/100|[from] item: Leftovers\n|upkeep\n|turn|8\n|\n|t:|1700781090\n|move|p1a: Skarmory|Stealth Rock|p2a: Metagross\n|-sidestart|p2: JoMauRori|move: Stealth Rock\n|move|p2a: Metagross|Hammer Arm|p1a: Skarmory|[miss]\n|-miss|p2a: Metagross|p1a: Skarmory\n|\n|-heal|p2a: Metagross|96\/100|[from] item: Leftovers\n|-sideend|p1: Meb78910|move: Aurora Veil\n|upkeep\n|turn|9\n|\n|t:|1700781102\n|move|p2a: Metagross|Hammer Arm|p1a: Skarmory\n|-damage|p1a: Skarmory|47\/100\n|-unboost|p2a: Metagross|spe|1\n|-damage|p2a: Metagross|80\/100|[from] item: Rocky Helmet|[of] p1a: Skarmory\n|move|p1a: Skarmory|Whirlwind|p2a: Metagross\n|drag|p2a: Grimmsnarl|Grimmsnarl, M|100\/100\n|-damage|p2a: Grimmsnarl|88\/100|[from] Stealth Rock\n|-item|p1a: Skarmory|Rocky Helmet|[from] ability: Frisk|[of] p2a: Grimmsnarl|[identify]\n|\n|upkeep\n|turn|10\n|\n|t:|1700781125\n|move|p1a: Skarmory|Roost|p1a: Skarmory\n|-heal|p1a: Skarmory|97\/100\n|-singleturn|p1a: Skarmory|move: Roost\n|move|p2a: Grimmsnarl|Fire Punch|p1a: Skarmory\n|-supereffective|p1a: Skarmory\n|-damage|p1a: Skarmory|62\/100\n|-damage|p2a: Grimmsnarl|72\/100|[from] item: Rocky Helmet|[of] p1a: Skarmory\n|\n|upkeep\n|turn|11\n|\n|t:|1700781142\n|switch|p1a: Ninetales|Ninetales-Alola, M|66\/100\n|-weather|Snow|[from] ability: Snow Warning|[of] p1a: Ninetales\n|move|p2a: Grimmsnarl|Fire Punch|p1a: Ninetales\n|-supereffective|p1a: Ninetales\n|-damage|p1a: Ninetales|14\/100\n|\n|-weather|Snow|[upkeep]\n|upkeep\n|turn|12\n|\n|t:|1700781153\n|move|p2a: Grimmsnarl|Sucker Punch||[still]\n|-fail|p2a: Grimmsnarl\n|move|p1a: Ninetales|Aurora Veil|p1a: Ninetales\n|-sidestart|p1: Meb78910|move: Aurora Veil\n|\n|-weather|Snow|[upkeep]\n|upkeep\n|turn|13\n|\n|t:|1700781161\n|move|p1a: Ninetales|Encore|p2a: Grimmsnarl\n|-start|p2a: Grimmsnarl|Encore\n|move|p2a: Grimmsnarl|Sucker Punch||[still]\n|-fail|p2a: Grimmsnarl\n|\n|-weather|Snow|[upkeep]\n|upkeep\n|turn|14\n|\n|t:|1700781171\n|switch|p1a: Skarmory|Skarmory, F|62\/100\n|-terastallize|p2a: Grimmsnarl|Poison\n|move|p2a: Grimmsnarl|Sucker Punch||[still]\n|-fail|p2a: Grimmsnarl\n|\n|-weather|Snow|[upkeep]\n|upkeep\n|turn|15\n|\n|t:|1700781188\n|move|p2a: Grimmsnarl|Sucker Punch||[still]\n|-fail|p2a: Grimmsnarl\n|move|p1a: Skarmory|Roost|p1a: Skarmory\n|-heal|p1a: Skarmory|100\/100\n|-singleturn|p1a: Skarmory|move: Roost\n|\n|-weather|none\n|-end|p2a: Grimmsnarl|Encore\n|upkeep\n|turn|16\n|\n|t:|1700781198\n|move|p2a: Grimmsnarl|Fire Punch|p1a: Skarmory\n|-supereffective|p1a: Skarmory\n|-damage|p1a: Skarmory|82\/100\n|-damage|p2a: Grimmsnarl|55\/100|[from] item: Rocky Helmet|[of] p1a: Skarmory\n|move|p1a: Skarmory|Whirlwind|p2a: Grimmsnarl\n|drag|p2a: Charizard|Charizard-Mega-X, F|45\/100 tox\n|-damage|p2a: Charizard|20\/100 tox|[from] Stealth Rock\n|\n|-damage|p2a: Charizard|14\/100 tox|[from] psn\n|upkeep\n|turn|17\n|\n|t:|1700781215\n|switch|p1a: Starmie|Starmie|100\/100\n|move|p2a: Charizard|Blaze Kick|p1a: Starmie\n|-resisted|p1a: Starmie\n|-damage|p1a: Starmie|81\/100\n|\n|-damage|p2a: Charizard|2\/100 tox|[from] psn\n|upkeep\n|turn|18\n|-message|JoMauRori forfeited.\n|\n|win|Meb78910\n|raw|Meb78910's rating: 1128 &rarr; <strong>1151<\/strong><br \/>(+23 for winning)\n|raw|JoMauRori's rating: 1101 &rarr; <strong>1078<\/strong><br \/>(-23 for losing)\n|l|\u2606JoMauRori\n","uploadtime":1700781245,"views":23,"p1id":"meb78910","p2id":"jomaurori","formatid":"gen9nationaldex","rating":1078,"private":0,"password":""}