{"id":"gen9nationaldex-1987888058","p1":"Neitor el 08","p2":"dvdpoola","format":"[Gen 9] National Dex","log":"|j|\u2606Neitor el 08\n|j|\u2606dvdpoola\n|t:|1699646110\n|gametype|singles\n|player|p1|Neitor el 08|n|1165\n|player|p2|dvdpoola|clown|1108\n|teamsize|p1|6\n|teamsize|p2|6\n|gen|9\n|tier|[Gen 9] National Dex\n|rated|\n|rule|HP Percentage Mod: HP is shown in percentages\n|rule|Endless Battle Clause: Forcing endless battles is banned\n|rule|OHKO Clause: OHKO moves are banned\n|rule|Evasion Clause: Evasion abilities, items, and moves are banned\n|rule|Evasion Abilities Clause: Evasion abilities are banned\n|rule|Evasion Items Clause: Evasion items are banned\n|rule|Evasion Moves Clause: Evasion moves are banned\n|rule|Species Clause: Limit one of each Pok\u00e9mon\n|rule|Sleep Clause Mod: Limit one foe put to sleep\n|clearpoke\n|poke|p1|Samurott-Hisui, F|\n|poke|p1|Dunsparce, M|\n|poke|p1|Goodra-Hisui, M|\n|poke|p1|Hitmontop, M|\n|poke|p1|Azumarill, F|\n|poke|p1|Scizor, M|\n|poke|p2|Hatterene, F|\n|poke|p2|Rabsca, F|\n|poke|p2|Seismitoad, M|\n|poke|p2|Bisharp, F|\n|poke|p2|Salamence, M|\n|poke|p2|Dudunsparce-*, F|\n|teampreview\n|\n|t:|1699646117\n|start\n|switch|p1a: Deseo de Chema|Hitmontop, M|100\/100\n|switch|p2a: Seismitoad|Seismitoad, M|100\/100\n|turn|1\n|\n|t:|1699646124\n|move|p1a: Deseo de Chema|Fake Out|p2a: Seismitoad\n|-damage|p2a: Seismitoad|86\/100\n|cant|p2a: Seismitoad|flinch\n|\n|-heal|p2a: Seismitoad|92\/100|[from] item: Leftovers\n|upkeep\n|turn|2\n|\n|t:|1699646137\n|move|p2a: Seismitoad|Toxic|p1a: Deseo de Chema|[miss]\n|-miss|p2a: Seismitoad|p1a: Deseo de Chema\n|move|p1a: Deseo de Chema|Triple Axel|p2a: Seismitoad\n|-damage|p2a: Seismitoad|86\/100\n|-damage|p2a: Seismitoad|73\/100\n|-damage|p2a: Seismitoad|54\/100\n|-hitcount|p2a: Seismitoad|3\n|\n|-heal|p2a: Seismitoad|60\/100|[from] item: Leftovers\n|upkeep\n|turn|3\n|\n|t:|1699646150\n|switch|p1a: Ya quisiera Chema|Goodra-Hisui, M|100\/100\n|move|p2a: Seismitoad|Toxic|p1a: Ya quisiera Chema\n|-immune|p1a: Ya quisiera Chema\n|\n|-heal|p2a: Seismitoad|66\/100|[from] item: Leftovers\n|upkeep\n|turn|4\n|inactive|Battle timer is ON: inactive players will automatically lose when time's up. (requested by Neitor el 08)\n|\n|t:|1699646159\n|move|p2a: Seismitoad|Stealth Rock|p1a: Ya quisiera Chema\n|-sidestart|p1: Neitor el 08|move: Stealth Rock\n|move|p1a: Ya quisiera Chema|Knock Off|p2a: Seismitoad\n|-damage|p2a: Seismitoad|51\/100\n|-enditem|p2a: Seismitoad|Leftovers|[from] move: Knock Off|[of] p1a: Ya quisiera Chema\n|\n|upkeep\n|turn|5\n|\n|t:|1699646166\n|move|p2a: Seismitoad|Knock Off|p1a: Ya quisiera Chema\n|-damage|p1a: Ya quisiera Chema|81\/100\n|-enditem|p1a: Ya quisiera Chema|Assault Vest|[from] move: Knock Off|[of] p2a: Seismitoad\n|move|p1a: Ya quisiera Chema|Dragon Tail|p2a: Seismitoad\n|-damage|p2a: Seismitoad|35\/100\n|drag|p2a: Salamence|Salamence, M|100\/100\n|-ability|p2a: Salamence|Intimidate|boost\n|-unboost|p1a: Ya quisiera Chema|atk|1\n|\n|upkeep\n|turn|6\n|\n|t:|1699646179\n|switch|p2a: Hatterene|Hatterene, F|100\/100\n|move|p1a: Ya quisiera Chema|Dragon Tail|p2a: Hatterene\n|-immune|p2a: Hatterene\n|\n|upkeep\n|turn|7\n|\n|t:|1699646186\n|move|p1a: Ya quisiera Chema|Flash Cannon|p2a: Hatterene\n|-supereffective|p2a: Hatterene\n|-damage|p2a: Hatterene|49\/100\n|move|p2a: Hatterene|Trick Room|p2a: Hatterene\n|-fieldstart|move: Trick Room|[of] p2a: Hatterene\n|\n|upkeep\n|turn|8\n|\n|t:|1699646195\n|move|p2a: Hatterene|Mystical Fire|p1a: Ya quisiera Chema\n|-damage|p1a: Ya quisiera Chema|69\/100\n|-unboost|p1a: Ya quisiera Chema|spa|1\n|move|p1a: Ya quisiera Chema|Flash Cannon|p2a: Hatterene\n|-supereffective|p2a: Hatterene\n|-damage|p2a: Hatterene|15\/100\n|\n|upkeep\n|turn|9\n|\n|t:|1699646205\n|move|p2a: Hatterene|Misty Explosion|p1a: Ya quisiera Chema\n|-damage|p1a: Ya quisiera Chema|46\/100\n|faint|p2a: Hatterene\n|move|p1a: Ya quisiera Chema|Knock Off|p2: Hatterene|[notarget]\n|-fail|p1a: Ya quisiera Chema\n|\n|upkeep\n|\n|t:|1699646214\n|switch|p2a: Rabsca|Rabsca, F|100\/100\n|turn|10\n|\n|t:|1699646220\n|move|p2a: Rabsca|Earth Power|p1a: Ya quisiera Chema\n|-supereffective|p1a: Ya quisiera Chema\n|-damage|p1a: Ya quisiera Chema|0 fnt\n|faint|p1a: Ya quisiera Chema\n|-damage|p2a: Rabsca|91\/100|[from] item: Life Orb\n|\n|upkeep\n|\n|t:|1699646232\n|switch|p1a: Deseo de Chema|Hitmontop, M|100\/100\n|-damage|p1a: Deseo de Chema|95\/100|[from] Stealth Rock\n|turn|11\n|\n|t:|1699646238\n|switch|p2a: Salamence|Salamence, M|100\/100\n|-ability|p2a: Salamence|Intimidate|boost\n|-unboost|p1a: Deseo de Chema|atk|1\n|move|p1a: Deseo de Chema|Fake Out|p2a: Salamence\n|-damage|p2a: Salamence|84\/100\n|\n|-fieldend|move: Trick Room\n|upkeep\n|turn|12\n|\n|t:|1699646247\n|move|p2a: Salamence|Dual Wingbeat|p1a: Deseo de Chema\n|-supereffective|p1a: Deseo de Chema\n|-damage|p1a: Deseo de Chema|43\/100\n|-supereffective|p1a: Deseo de Chema\n|-damage|p1a: Deseo de Chema|0 fnt\n|faint|p1a: Deseo de Chema\n|-hitcount|p1: Deseo de Chema|2\n|\n|upkeep\n|\n|t:|1699646254\n|switch|p1a: El motero|Azumarill, F|100\/100\n|-damage|p1a: El motero|88\/100|[from] Stealth Rock\n|turn|13\n|\n|t:|1699646260\n|switch|p2a: Seismitoad|Seismitoad, M|35\/100\n|move|p1a: El motero|Belly Drum|p1a: El motero\n|-damage|p1a: El motero|38\/100\n|-setboost|p1a: El motero|atk|6|[from] move: Belly Drum\n|-enditem|p1a: El motero|Sitrus Berry|[eat]\n|-heal|p1a: El motero|63\/100|[from] item: Sitrus Berry\n|\n|upkeep\n|turn|14\n|\n|t:|1699646271\n|move|p1a: El motero|Play Rough|p2a: Seismitoad\n|-damage|p2a: Seismitoad|0 fnt\n|faint|p2a: Seismitoad\n|\n|upkeep\n|\n|t:|1699646278\n|switch|p2a: Dudunsparce|Dudunsparce, F|100\/100\n|turn|15\n|\n|t:|1699646284\n|-terastallize|p2a: Dudunsparce|Poison\n|move|p1a: El motero|Liquidation|p2a: Dudunsparce\n|-damage|p2a: Dudunsparce|0 fnt\n|faint|p2a: Dudunsparce\n|\n|upkeep\n|\n|t:|1699646293\n|switch|p2a: Rabsca|Rabsca, F|91\/100\n|turn|16\n|\n|t:|1699646296\n|move|p1a: El motero|Liquidation|p2a: Rabsca\n|-damage|p2a: Rabsca|0 fnt\n|faint|p2a: Rabsca\n|\n|upkeep\n|\n|t:|1699646302\n|switch|p2a: Salamence|Salamence, M|84\/100\n|-ability|p2a: Salamence|Intimidate|boost\n|-unboost|p1a: El motero|atk|1\n|turn|17\n|\n|t:|1699646308\n|move|p2a: Salamence|Dual Wingbeat|p1a: El motero\n|-damage|p1a: El motero|37\/100\n|-damage|p1a: El motero|13\/100\n|-hitcount|p1a: El motero|2\n|move|p1a: El motero|Play Rough|p2a: Salamence\n|-supereffective|p2a: Salamence\n|-damage|p2a: Salamence|0 fnt\n|faint|p2a: Salamence\n|\n|upkeep\n|\n|t:|1699646318\n|switch|p2a: Bisharp|Bisharp, F|100\/100\n|turn|18\n|\n|t:|1699646321\n|move|p2a: Bisharp|Sucker Punch|p1a: El motero\n|-resisted|p1a: El motero\n|-damage|p1a: El motero|0 fnt\n|faint|p1a: El motero\n|\n|upkeep\n|\n|t:|1699646326\n|switch|p1a: PreDudududunsparce|Dunsparce, M|100\/100\n|-damage|p1a: PreDudududunsparce|88\/100|[from] Stealth Rock\n|turn|19\n|\n|t:|1699646330\n|move|p2a: Bisharp|Swords Dance|p2a: Bisharp\n|-boost|p2a: Bisharp|atk|2\n|move|p1a: PreDudududunsparce|Thunder Wave|p2a: Bisharp\n|-status|p2a: Bisharp|par\n|\n|upkeep\n|turn|20\n|\n|t:|1699646338\n|move|p1a: PreDudududunsparce|Air Slash|p2a: Bisharp\n|-resisted|p2a: Bisharp\n|-damage|p2a: Bisharp|95\/100 par\n|cant|p2a: Bisharp|flinch\n|\n|upkeep\n|turn|21\n|\n|t:|1699646345\n|move|p1a: PreDudududunsparce|Air Slash|p2a: Bisharp\n|-resisted|p2a: Bisharp\n|-damage|p2a: Bisharp|89\/100 par\n|cant|p2a: Bisharp|flinch\n|\n|upkeep\n|turn|22\n|\n|t:|1699646352\n|move|p2a: Bisharp|Sucker Punch|p1a: PreDudududunsparce\n|-damage|p1a: PreDudududunsparce|50\/100\n|move|p1a: PreDudududunsparce|Air Slash|p2a: Bisharp\n|-resisted|p2a: Bisharp\n|-damage|p2a: Bisharp|83\/100 par\n|\n|upkeep\n|turn|23\n|\n|t:|1699646360\n|cant|p2a: Bisharp|par\n|move|p1a: PreDudududunsparce|Roost|p1a: PreDudududunsparce\n|-heal|p1a: PreDudududunsparce|99\/100\n|-singleturn|p1a: PreDudududunsparce|move: Roost\n|\n|upkeep\n|turn|24\n|\n|t:|1699646366\n|move|p1a: PreDudududunsparce|Air Slash|p2a: Bisharp\n|-resisted|p2a: Bisharp\n|-damage|p2a: Bisharp|78\/100 par\n|move|p2a: Bisharp|Swords Dance|p2a: Bisharp\n|-boost|p2a: Bisharp|atk|2\n|\n|upkeep\n|turn|25\n|\n|t:|1699646373\n|move|p1a: PreDudududunsparce|Air Slash|p2a: Bisharp\n|-resisted|p2a: Bisharp\n|-damage|p2a: Bisharp|72\/100 par\n|cant|p2a: Bisharp|flinch\n|\n|upkeep\n|turn|26\n|\n|t:|1699646379\n|move|p1a: PreDudududunsparce|Air Slash|p2a: Bisharp\n|-resisted|p2a: Bisharp\n|-damage|p2a: Bisharp|67\/100 par\n|cant|p2a: Bisharp|flinch\n|\n|upkeep\n|turn|27\n|\n|t:|1699646385\n|move|p1a: PreDudududunsparce|Air Slash|p2a: Bisharp\n|-resisted|p2a: Bisharp\n|-crit|p2a: Bisharp\n|-damage|p2a: Bisharp|59\/100 par\n|cant|p2a: Bisharp|flinch\n|\n|upkeep\n|turn|28\n|\n|t:|1699646392\n|move|p1a: PreDudududunsparce|Air Slash|p2a: Bisharp\n|-resisted|p2a: Bisharp\n|-damage|p2a: Bisharp|53\/100 par\n|cant|p2a: Bisharp|flinch\n|\n|upkeep\n|turn|29\n|\n|t:|1699646398\n|move|p1a: PreDudududunsparce|Air Slash|p2a: Bisharp\n|-resisted|p2a: Bisharp\n|-damage|p2a: Bisharp|48\/100 par\n|cant|p2a: Bisharp|flinch\n|\n|upkeep\n|turn|30\n|\n|t:|1699646403\n|move|p1a: PreDudududunsparce|Air Slash|p2a: Bisharp\n|-resisted|p2a: Bisharp\n|-damage|p2a: Bisharp|42\/100 par\n|cant|p2a: Bisharp|flinch\n|\n|upkeep\n|turn|31\n|\n|t:|1699646409\n|move|p1a: PreDudududunsparce|Air Slash|p2a: Bisharp\n|-resisted|p2a: Bisharp\n|-damage|p2a: Bisharp|37\/100 par\n|cant|p2a: Bisharp|flinch\n|\n|upkeep\n|turn|32\n|\n|t:|1699646415\n|move|p1a: PreDudududunsparce|Air Slash|p2a: Bisharp\n|-resisted|p2a: Bisharp\n|-damage|p2a: Bisharp|32\/100 par\n|move|p2a: Bisharp|Knock Off|p1a: PreDudududunsparce\n|-damage|p1a: PreDudududunsparce|19\/100\n|-enditem|p1a: PreDudududunsparce|Eviolite|[from] move: Knock Off|[of] p2a: Bisharp\n|\n|upkeep\n|turn|33\n|\n|t:|1699646423\n|move|p2a: Bisharp|Sucker Punch||[still]\n|-fail|p2a: Bisharp\n|move|p1a: PreDudududunsparce|Roost|p1a: PreDudududunsparce\n|-heal|p1a: PreDudududunsparce|69\/100\n|-singleturn|p1a: PreDudududunsparce|move: Roost\n|\n|upkeep\n|turn|34\n|\n|t:|1699646431\n|move|p1a: PreDudududunsparce|Roost|p1a: PreDudududunsparce\n|-heal|p1a: PreDudududunsparce|100\/100\n|-singleturn|p1a: PreDudududunsparce|move: Roost\n|move|p2a: Bisharp|Iron Head|p1a: PreDudududunsparce\n|-damage|p1a: PreDudududunsparce|0 fnt\n|faint|p1a: PreDudududunsparce\n|\n|upkeep\n|\n|t:|1699646439\n|switch|p1a: Choca esos 5|Scizor, M|100\/100\n|-damage|p1a: Choca esos 5|88\/100|[from] Stealth Rock\n|turn|35\n|\n|t:|1699646445\n|detailschange|p1a: Choca esos 5|Scizor-Mega, M\n|-mega|p1a: Choca esos 5|Scizor|Scizorite\n|move|p1a: Choca esos 5|Bullet Punch|p2a: Bisharp\n|-resisted|p2a: Bisharp\n|-damage|p2a: Bisharp|18\/100 par\n|move|p2a: Bisharp|Knock Off|p1a: Choca esos 5\n|-damage|p1a: Choca esos 5|12\/100\n|\n|upkeep\n|turn|36\n|\n|t:|1699646454\n|move|p1a: Choca esos 5|Bullet Punch|p2a: Bisharp\n|-resisted|p2a: Bisharp\n|-damage|p2a: Bisharp|6\/100 par\n|cant|p2a: Bisharp|par\n|\n|upkeep\n|turn|37\n|\n|t:|1699646460\n|move|p1a: Choca esos 5|Bullet Punch|p2a: Bisharp\n|-resisted|p2a: Bisharp\n|-crit|p2a: Bisharp\n|-damage|p2a: Bisharp|0 fnt\n|faint|p2a: Bisharp\n|\n|win|Neitor el 08\n|raw|Neitor el 08's rating: 1165 &rarr; <strong>1186<\/strong><br \/>(+21 for winning)\n|raw|dvdpoola's rating: 1108 &rarr; <strong>1087<\/strong><br \/>(-21 for losing)\n","uploadtime":1699646468,"views":15,"p1id":"neitorel08","p2id":"dvdpoola","formatid":"gen9nationaldex","rating":1087,"private":0,"password":""}