{"id":"gen9nationaldex-1988245276","p1":"Rankuroi","p2":"GnnAAATTTT","format":"[Gen 9] National Dex","log":"|j|\u2606Rankuroi\n|j|\u2606GnnAAATTTT\n|t:|1699693354\n|gametype|singles\n|player|p1|Rankuroi|erika|1226\n|player|p2|GnnAAATTTT|boarder|1139\n|teamsize|p1|6\n|teamsize|p2|6\n|gen|9\n|tier|[Gen 9] National Dex\n|rated|\n|rule|HP Percentage Mod: HP is shown in percentages\n|rule|Endless Battle Clause: Forcing endless battles is banned\n|rule|OHKO Clause: OHKO moves are banned\n|rule|Evasion Clause: Evasion abilities, items, and moves are banned\n|rule|Evasion Abilities Clause: Evasion abilities are banned\n|rule|Evasion Items Clause: Evasion items are banned\n|rule|Evasion Moves Clause: Evasion moves are banned\n|rule|Species Clause: Limit one of each Pok\u00e9mon\n|rule|Sleep Clause Mod: Limit one foe put to sleep\n|clearpoke\n|poke|p1|Victreebel, M|\n|poke|p1|Torkoal, F|\n|poke|p1|Seaking, F|\n|poke|p1|Octillery, F|\n|poke|p1|Spiritomb, F|\n|poke|p1|Sunflora, M|\n|poke|p2|Dragonite, F|\n|poke|p2|Diancie|\n|poke|p2|Landorus-Therian, M|\n|poke|p2|Garganacl, M|\n|poke|p2|Urshifu-*, F|\n|poke|p2|Zamazenta-*|\n|teampreview\n|inactive|Battle timer is ON: inactive players will automatically lose when time's up. (requested by Rankuroi)\n|inactive|GnnAAATTTT also wants the timer to be on.\n|\n|t:|1699693363\n|start\n|switch|p1a: Sunflora|Sunflora, M, shiny|100\/100\n|switch|p2a: \ud83d\udc05|Landorus-Therian, M, shiny|100\/100\n|-ability|p2a: \ud83d\udc05|Intimidate|boost\n|-unboost|p1a: Sunflora|atk|1\n|turn|1\n|\n|t:|1699693379\n|move|p2a: \ud83d\udc05|Hidden Power|p1a: Sunflora\n|-supereffective|p1a: Sunflora\n|-damage|p1a: Sunflora|73\/100\n|move|p1a: Sunflora|Giga Drain|p2a: \ud83d\udc05\n|-damage|p2a: \ud83d\udc05|67\/100\n|-heal|p1a: Sunflora|93\/100|[from] drain|[of] p2a: \ud83d\udc05\n|\n|-heal|p2a: \ud83d\udc05|73\/100|[from] item: Leftovers\n|upkeep\n|turn|2\n|\n|t:|1699693389\n|switch|p1a: Octillery|Octillery, F|100\/100\n|move|p2a: \ud83d\udc05|U-turn|p1a: Octillery\n|-damage|p1a: Octillery|74\/100\n|\n|t:|1699693407\n|switch|p2a: \ud83d\udd76\ufe0f|Garganacl, M|100\/100|[from] U-turn\n|\n|upkeep\n|turn|3\n|\n|t:|1699693414\n|move|p1a: Octillery|Surf|p2a: \ud83d\udd76\ufe0f\n|-supereffective|p2a: \ud83d\udd76\ufe0f\n|-damage|p2a: \ud83d\udd76\ufe0f|42\/100\n|move|p2a: \ud83d\udd76\ufe0f|Salt Cure|p1a: Octillery\n|-damage|p1a: Octillery|59\/100\n|-start|p1a: Octillery|Salt Cure\n|\n|-heal|p2a: \ud83d\udd76\ufe0f|48\/100|[from] item: Leftovers\n|-damage|p1a: Octillery|34\/100|[from] Salt Cure\n|upkeep\n|turn|4\n|\n|t:|1699693425\n|switch|p1a: Sunflora|Sunflora, M, shiny|93\/100\n|move|p2a: \ud83d\udd76\ufe0f|Protect||[still]\n|-fail|p2a: \ud83d\udd76\ufe0f\n|\n|-heal|p2a: \ud83d\udd76\ufe0f|54\/100|[from] item: Leftovers\n|upkeep\n|turn|5\n|\n|t:|1699693437\n|-terastallize|p2a: \ud83d\udd76\ufe0f|Water\n|move|p2a: \ud83d\udd76\ufe0f|Salt Cure|p1a: Sunflora\n|-crit|p1a: Sunflora\n|-damage|p1a: Sunflora|66\/100\n|-start|p1a: Sunflora|Salt Cure\n|move|p1a: Sunflora|Giga Drain|p2a: \ud83d\udd76\ufe0f\n|-supereffective|p2a: \ud83d\udd76\ufe0f\n|-damage|p2a: \ud83d\udd76\ufe0f|2\/100\n|-heal|p1a: Sunflora|100\/100|[from] drain|[of] p2a: \ud83d\udd76\ufe0f\n|\n|-heal|p2a: \ud83d\udd76\ufe0f|9\/100|[from] item: Leftovers\n|-damage|p1a: Sunflora|88\/100|[from] Salt Cure\n|upkeep\n|turn|6\n|\n|t:|1699693451\n|switch|p1a: Octillery|Octillery, F|34\/100\n|move|p2a: \ud83d\udd76\ufe0f|Recover|p2a: \ud83d\udd76\ufe0f\n|-heal|p2a: \ud83d\udd76\ufe0f|59\/100\n|\n|-heal|p2a: \ud83d\udd76\ufe0f|65\/100|[from] item: Leftovers\n|upkeep\n|turn|7\n|\n|t:|1699693460\n|move|p1a: Octillery|Sludge Wave|p2a: \ud83d\udd76\ufe0f\n|-damage|p2a: \ud83d\udd76\ufe0f|45\/100\n|move|p2a: \ud83d\udd76\ufe0f|Salt Cure|p1a: Octillery\n|-damage|p1a: Octillery|17\/100\n|-start|p1a: Octillery|Salt Cure\n|\n|-heal|p2a: \ud83d\udd76\ufe0f|51\/100|[from] item: Leftovers\n|-damage|p1a: Octillery|0 fnt|[from] Salt Cure\n|faint|p1a: Octillery\n|upkeep\n|\n|t:|1699693472\n|switch|p1a: Torkoal|Torkoal, F, shiny|100\/100\n|-weather|SunnyDay|[from] ability: Drought|[of] p1a: Torkoal\n|turn|8\n|\n|t:|1699693480\n|switch|p1a: Sunflora|Sunflora, M, shiny|88\/100\n|move|p2a: \ud83d\udd76\ufe0f|Salt Cure|p1a: Sunflora\n|-damage|p1a: Sunflora|71\/100\n|-start|p1a: Sunflora|Salt Cure\n|\n|-weather|SunnyDay|[upkeep]\n|-damage|p1a: Sunflora|59\/100|[from] ability: Solar Power|[of] p1a: Sunflora\n|-heal|p2a: \ud83d\udd76\ufe0f|58\/100|[from] item: Leftovers\n|-damage|p1a: Sunflora|47\/100|[from] Salt Cure\n|upkeep\n|turn|9\n|\n|t:|1699693492\n|move|p2a: \ud83d\udd76\ufe0f|Recover|p2a: \ud83d\udd76\ufe0f\n|-heal|p2a: \ud83d\udd76\ufe0f|100\/100\n|move|p1a: Sunflora|Giga Drain|p2a: \ud83d\udd76\ufe0f\n|-supereffective|p2a: \ud83d\udd76\ufe0f\n|-damage|p2a: \ud83d\udd76\ufe0f|30\/100\n|-heal|p1a: Sunflora|95\/100|[from] drain|[of] p2a: \ud83d\udd76\ufe0f\n|\n|-weather|SunnyDay|[upkeep]\n|-damage|p1a: Sunflora|83\/100|[from] ability: Solar Power|[of] p1a: Sunflora\n|-heal|p2a: \ud83d\udd76\ufe0f|36\/100|[from] item: Leftovers\n|-damage|p1a: Sunflora|71\/100|[from] Salt Cure\n|upkeep\n|turn|10\n|\n|t:|1699693504\n|move|p2a: \ud83d\udd76\ufe0f|Protect|p2a: \ud83d\udd76\ufe0f\n|-singleturn|p2a: \ud83d\udd76\ufe0f|Protect\n|move|p1a: Sunflora|Giga Drain|p2a: \ud83d\udd76\ufe0f\n|-activate|p2a: \ud83d\udd76\ufe0f|move: Protect\n|\n|-weather|SunnyDay|[upkeep]\n|-damage|p1a: Sunflora|58\/100|[from] ability: Solar Power|[of] p1a: Sunflora\n|-heal|p2a: \ud83d\udd76\ufe0f|43\/100|[from] item: Leftovers\n|-damage|p1a: Sunflora|46\/100|[from] Salt Cure\n|upkeep\n|turn|11\n|\n|t:|1699693520\n|switch|p2a: \ud83d\udc05|Landorus-Therian, M, shiny|73\/100\n|-ability|p2a: \ud83d\udc05|Intimidate|boost\n|-unboost|p1a: Sunflora|atk|1\n|move|p1a: Sunflora|Giga Drain|p2a: \ud83d\udc05\n|-damage|p2a: \ud83d\udc05|22\/100\n|-heal|p1a: Sunflora|75\/100|[from] drain|[of] p2a: \ud83d\udc05\n|\n|-weather|SunnyDay|[upkeep]\n|-damage|p1a: Sunflora|63\/100|[from] ability: Solar Power|[of] p1a: Sunflora\n|-heal|p2a: \ud83d\udc05|28\/100|[from] item: Leftovers\n|-damage|p1a: Sunflora|51\/100|[from] Salt Cure\n|upkeep\n|turn|12\n|\n|t:|1699693539\n|-terastallize|p1a: Sunflora|Fairy\n|move|p2a: \ud83d\udc05|Defog|p1a: Sunflora\n|-unboost|p1a: Sunflora|evasion|1\n|move|p1a: Sunflora|Dazzling Gleam|p2a: \ud83d\udc05\n|-damage|p2a: \ud83d\udc05|0 fnt\n|faint|p2a: \ud83d\udc05\n|\n|-weather|SunnyDay|[upkeep]\n|-damage|p1a: Sunflora|38\/100|[from] ability: Solar Power|[of] p1a: Sunflora\n|-damage|p1a: Sunflora|26\/100|[from] Salt Cure\n|upkeep\n|\n|t:|1699693550\n|switch|p2a: \ud83d\udc3b|Urshifu-Rapid-Strike, F|100\/100\n|turn|13\n|\n|t:|1699693556\n|move|p2a: \ud83d\udc3b|Aqua Jet|p1a: Sunflora\n|-damage|p1a: Sunflora|12\/100\n|move|p1a: Sunflora|Giga Drain|p2a: \ud83d\udc3b\n|-supereffective|p2a: \ud83d\udc3b\n|-crit|p2a: \ud83d\udc3b\n|-damage|p2a: \ud83d\udc3b|0 fnt\n|-heal|p1a: Sunflora|71\/100|[from] drain|[of] p2a: \ud83d\udc3b\n|faint|p2a: \ud83d\udc3b\n|\n|-weather|SunnyDay|[upkeep]\n|-damage|p1a: Sunflora|59\/100|[from] ability: Solar Power|[of] p1a: Sunflora\n|-damage|p1a: Sunflora|46\/100|[from] Salt Cure\n|upkeep\n|\n|t:|1699693567\n|switch|p2a: \ud83d\udc8e|Diancie, shiny|100\/100\n|turn|14\n|\n|t:|1699693571\n|detailschange|p2a: \ud83d\udc8e|Diancie-Mega, shiny\n|-mega|p2a: \ud83d\udc8e|Diancie|Diancite\n|move|p2a: \ud83d\udc8e|Mystical Fire|p1a: Sunflora\n|-damage|p1a: Sunflora|3\/100\n|-unboost|p1a: Sunflora|spa|1\n|move|p1a: Sunflora|Giga Drain|p2a: \ud83d\udc8e\n|-supereffective|p2a: \ud83d\udc8e\n|-damage|p2a: \ud83d\udc8e|0 fnt\n|-heal|p1a: Sunflora|44\/100|[from] drain|[of] p2a: \ud83d\udc8e\n|faint|p2a: \ud83d\udc8e\n|\n|-weather|SunnyDay|[upkeep]\n|-damage|p1a: Sunflora|32\/100|[from] ability: Solar Power|[of] p1a: Sunflora\n|-damage|p1a: Sunflora|19\/100|[from] Salt Cure\n|upkeep\n|\n|t:|1699693585\n|switch|p2a: Dragonite|Dragonite, F, shiny|100\/100\n|turn|15\n|\n|t:|1699693591\n|switch|p1a: Spiritomb|Spiritomb, F, shiny|100\/100\n|move|p2a: Dragonite|Extreme Speed|p1a: Spiritomb\n|-immune|p1a: Spiritomb\n|\n|-weather|none\n|upkeep\n|turn|16\n|\n|t:|1699693600\n|switch|p2a: \ud83d\udd76\ufe0f|Garganacl, M, tera:Water|43\/100\n|move|p1a: Spiritomb|Foul Play|p2a: \ud83d\udd76\ufe0f\n|-damage|p2a: \ud83d\udd76\ufe0f|20\/100\n|\n|-heal|p2a: \ud83d\udd76\ufe0f|26\/100|[from] item: Leftovers\n|upkeep\n|turn|17\n|\n|t:|1699693615\n|move|p1a: Spiritomb|Poltergeist|p2a: \ud83d\udd76\ufe0f\n|-activate|p2a: \ud83d\udd76\ufe0f|move: Poltergeist|Leftovers\n|-damage|p2a: \ud83d\udd76\ufe0f|8\/100\n|move|p2a: \ud83d\udd76\ufe0f|Recover|p2a: \ud83d\udd76\ufe0f\n|-heal|p2a: \ud83d\udd76\ufe0f|58\/100\n|\n|-heal|p2a: \ud83d\udd76\ufe0f|64\/100|[from] item: Leftovers\n|upkeep\n|turn|18\n|\n|t:|1699693626\n|switch|p1a: Torkoal|Torkoal, F, shiny|100\/100\n|-weather|SunnyDay|[from] ability: Drought|[of] p1a: Torkoal\n|move|p2a: \ud83d\udd76\ufe0f|Salt Cure|p1a: Torkoal\n|-supereffective|p1a: Torkoal\n|-damage|p1a: Torkoal|79\/100\n|-start|p1a: Torkoal|Salt Cure\n|\n|-weather|SunnyDay|[upkeep]\n|-heal|p2a: \ud83d\udd76\ufe0f|71\/100|[from] item: Leftovers\n|-damage|p1a: Torkoal|67\/100|[from] Salt Cure\n|upkeep\n|turn|19\n|\n|t:|1699693638\n|switch|p1a: Victreebel|Victreebel, M, shiny|100\/100\n|move|p2a: \ud83d\udd76\ufe0f|Stealth Rock|p1a: Victreebel\n|-sidestart|p1: Rankuroi|move: Stealth Rock\n|\n|-weather|SunnyDay|[upkeep]\n|-heal|p2a: \ud83d\udd76\ufe0f|77\/100|[from] item: Leftovers\n|upkeep\n|turn|20\n|\n|t:|1699693652\n|move|p2a: \ud83d\udd76\ufe0f|Protect|p2a: \ud83d\udd76\ufe0f\n|-singleturn|p2a: \ud83d\udd76\ufe0f|Protect\n|move|p1a: Victreebel|Growth|p1a: Victreebel\n|-boost|p1a: Victreebel|atk|2\n|-boost|p1a: Victreebel|spa|2\n|\n|-weather|SunnyDay|[upkeep]\n|-heal|p2a: \ud83d\udd76\ufe0f|83\/100|[from] item: Leftovers\n|upkeep\n|turn|21\n|\n|t:|1699693661\n|move|p1a: Victreebel|Giga Drain|p2a: \ud83d\udd76\ufe0f\n|-supereffective|p2a: \ud83d\udd76\ufe0f\n|-damage|p2a: \ud83d\udd76\ufe0f|0 fnt\n|faint|p2a: \ud83d\udd76\ufe0f\n|\n|-weather|SunnyDay|[upkeep]\n|upkeep\n|\n|t:|1699693667\n|switch|p2a: Dragonite|Dragonite, F, shiny|100\/100\n|turn|22\n|\n|t:|1699693691\n|move|p1a: Victreebel|Sludge Bomb|p2a: Dragonite\n|-damage|p2a: Dragonite|58\/100\n|move|p2a: Dragonite|Earthquake|p1a: Victreebel\n|-damage|p1a: Victreebel|8\/100\n|\n|-weather|SunnyDay|[upkeep]\n|upkeep\n|turn|23\n|\n|t:|1699693700\n|switch|p1a: Seaking|Seaking, F|100\/100\n|-damage|p1a: Seaking|88\/100|[from] Stealth Rock\n|move|p2a: Dragonite|Earthquake|p1a: Seaking\n|-damage|p1a: Seaking|17\/100\n|\n|-weather|SunnyDay|[upkeep]\n|upkeep\n|turn|24\n|\n|t:|1699693709\n|move|p1a: Seaking|Quick Attack|p2a: Dragonite\n|-damage|p2a: Dragonite|39\/100\n|-damage|p1a: Seaking|7\/100|[from] item: Life Orb\n|move|p2a: Dragonite|Earthquake|p1a: Seaking\n|-damage|p1a: Seaking|0 fnt\n|faint|p1a: Seaking\n|\n|-weather|SunnyDay|[upkeep]\n|upkeep\n|\n|t:|1699693722\n|switch|p1a: Spiritomb|Spiritomb, F, shiny|100\/100\n|-damage|p1a: Spiritomb|88\/100|[from] Stealth Rock\n|turn|25\n|\n|t:|1699693726\n|move|p2a: Dragonite|Earthquake|p1a: Spiritomb\n|-damage|p1a: Spiritomb|32\/100\n|move|p1a: Spiritomb|Foul Play|p2a: Dragonite\n|-damage|p2a: Dragonite|0 fnt\n|faint|p2a: Dragonite\n|\n|-weather|none\n|upkeep\n|\n|t:|1699693734\n|switch|p2a: \ud83d\udee1\ufe0f|Zamazenta, shiny|100\/100\n|-ability|p2a: \ud83d\udee1\ufe0f|Dauntless Shield|boost\n|-boost|p2a: \ud83d\udee1\ufe0f|def|1\n|turn|26\n|\n|t:|1699693753\n|move|p2a: \ud83d\udee1\ufe0f|Body Press|p1a: Spiritomb\n|-immune|p1a: Spiritomb\n|move|p1a: Spiritomb|Poltergeist|p2a: \ud83d\udee1\ufe0f\n|-activate|p2a: \ud83d\udee1\ufe0f|move: Poltergeist|Leftovers\n|-damage|p2a: \ud83d\udee1\ufe0f|72\/100\n|\n|-heal|p2a: \ud83d\udee1\ufe0f|79\/100|[from] item: Leftovers\n|upkeep\n|turn|27\n|\n|t:|1699693764\n|move|p2a: \ud83d\udee1\ufe0f|Crunch|p1a: Spiritomb\n|-damage|p1a: Spiritomb|5\/100\n|move|p1a: Spiritomb|Poltergeist|p2a: \ud83d\udee1\ufe0f\n|-activate|p2a: \ud83d\udee1\ufe0f|move: Poltergeist|Leftovers\n|-damage|p2a: \ud83d\udee1\ufe0f|54\/100\n|\n|-heal|p2a: \ud83d\udee1\ufe0f|60\/100|[from] item: Leftovers\n|upkeep\n|turn|28\n|\n|t:|1699693774\n|move|p1a: Spiritomb|Sucker Punch|p2a: \ud83d\udee1\ufe0f\n|-resisted|p2a: \ud83d\udee1\ufe0f\n|-damage|p2a: \ud83d\udee1\ufe0f|52\/100\n|move|p2a: \ud83d\udee1\ufe0f|Crunch|p1a: Spiritomb\n|-damage|p1a: Spiritomb|0 fnt\n|faint|p1a: Spiritomb\n|\n|-heal|p2a: \ud83d\udee1\ufe0f|58\/100|[from] item: Leftovers\n|upkeep\n|\n|t:|1699693784\n|switch|p1a: Torkoal|Torkoal, F, shiny|67\/100\n|-damage|p1a: Torkoal|42\/100|[from] Stealth Rock\n|-weather|SunnyDay|[from] ability: Drought|[of] p1a: Torkoal\n|turn|29\n|\n|t:|1699693799\n|move|p2a: \ud83d\udee1\ufe0f|Body Press|p1a: Torkoal\n|-damage|p1a: Torkoal|9\/100\n|move|p1a: Torkoal|Rapid Spin|p2a: \ud83d\udee1\ufe0f\n|-damage|p2a: \ud83d\udee1\ufe0f|53\/100\n|-boost|p1a: Torkoal|spe|1\n|-sideend|p1: Rankuroi|Stealth Rock|[from] move: Rapid Spin|[of] p1a: Torkoal\n|\n|-weather|SunnyDay|[upkeep]\n|-heal|p2a: \ud83d\udee1\ufe0f|59\/100|[from] item: Leftovers\n|upkeep\n|turn|30\n|\n|t:|1699693809\n|move|p2a: \ud83d\udee1\ufe0f|Body Press|p1a: Torkoal\n|-damage|p1a: Torkoal|0 fnt\n|faint|p1a: Torkoal\n|\n|-weather|SunnyDay|[upkeep]\n|-heal|p2a: \ud83d\udee1\ufe0f|65\/100|[from] item: Leftovers\n|upkeep\n|\n|t:|1699693817\n|switch|p1a: Victreebel|Victreebel, M, shiny|8\/100\n|turn|31\n|\n|t:|1699693826\n|move|p1a: Victreebel|Giga Drain|p2a: \ud83d\udee1\ufe0f\n|-damage|p2a: \ud83d\udee1\ufe0f|36\/100\n|-heal|p1a: Victreebel|27\/100|[from] drain|[of] p2a: \ud83d\udee1\ufe0f\n|move|p2a: \ud83d\udee1\ufe0f|Crunch|p1a: Victreebel\n|-damage|p1a: Victreebel|0 fnt\n|faint|p1a: Victreebel\n|\n|-weather|SunnyDay|[upkeep]\n|-heal|p2a: \ud83d\udee1\ufe0f|43\/100|[from] item: Leftovers\n|upkeep\n|\n|t:|1699693837\n|switch|p1a: Sunflora|Sunflora, M, shiny, tera:Fairy|19\/100\n|turn|32\n|\n|t:|1699693861\n|move|p2a: \ud83d\udee1\ufe0f|Crunch|p1a: Sunflora\n|-resisted|p1a: Sunflora\n|-damage|p1a: Sunflora|6\/100\n|-unboost|p1a: Sunflora|def|1\n|move|p1a: Sunflora|Dazzling Gleam|p2a: \ud83d\udee1\ufe0f\n|-supereffective|p2a: \ud83d\udee1\ufe0f\n|-damage|p2a: \ud83d\udee1\ufe0f|0 fnt\n|faint|p2a: \ud83d\udee1\ufe0f\n|\n|win|Rankuroi\n|raw|Rankuroi's rating: 1226 &rarr; <strong>1245<\/strong><br \/>(+19 for winning)\n|raw|GnnAAATTTT's rating: 1139 &rarr; <strong>1120<\/strong><br \/>(-19 for losing)\n|c|\u2606Rankuroi|Gg\n","uploadtime":1699693882,"views":9,"p1id":"rankuroi","p2id":"gnnaaatttt","formatid":"gen9nationaldex","rating":1120,"private":0,"password":""}