{"id":"gen9nationaldex-1992685175","p1":"fanhualuoji chara","p2":"MoraKun","format":"[Gen 9] National Dex","log":"|j|\u2606fanhualuoji chara\n|j|\u2606MoraKun\n|t:|1700225052\n|gametype|singles\n|player|p1|fanhualuoji chara|gambler|1291\n|player|p2|MoraKun|n|1323\n|teamsize|p1|6\n|teamsize|p2|6\n|gen|9\n|tier|[Gen 9] National Dex\n|rated|\n|rule|HP Percentage Mod: HP is shown in percentages\n|rule|Endless Battle Clause: Forcing endless battles is banned\n|rule|OHKO Clause: OHKO moves are banned\n|rule|Evasion Clause: Evasion abilities, items, and moves are banned\n|rule|Evasion Abilities Clause: Evasion abilities are banned\n|rule|Evasion Items Clause: Evasion items are banned\n|rule|Evasion Moves Clause: Evasion moves are banned\n|rule|Species Clause: Limit one of each Pok\u00e9mon\n|rule|Sleep Clause Mod: Limit one foe put to sleep\n|clearpoke\n|poke|p1|Clodsire, M|\n|poke|p1|Azumarill, F|\n|poke|p1|Lopunny, F|\n|poke|p1|Garganacl, M|\n|poke|p1|Glimmora, F|\n|poke|p1|Latias, F|\n|poke|p2|Dragonite, F|\n|poke|p2|Corviknight, F|\n|poke|p2|Victini|\n|poke|p2|Centiskorch, F|\n|poke|p2|Cursola, F|\n|poke|p2|Rabsca, F|\n|teampreview\n|\n|t:|1700225089\n|start\n|switch|p1a: Glimmora|Glimmora, F|100\/100\n|switch|p2a: Valkovia|Dragonite, F, shiny|100\/100\n|turn|1\n|\n|t:|1700225100\n|-terastallize|p2a: Valkovia|Normal\n|move|p1a: Glimmora|Spiky Shield|p1a: Glimmora\n|-singleturn|p1a: Glimmora|move: Protect\n|move|p2a: Valkovia|Dragon Dance|p2a: Valkovia\n|-boost|p2a: Valkovia|atk|1\n|-boost|p2a: Valkovia|spe|1\n|\n|upkeep\n|turn|2\n|\n|t:|1700225112\n|move|p2a: Valkovia|Earthquake|p1a: Glimmora\n|-supereffective|p1a: Glimmora\n|-damage|p1a: Glimmora|0 fnt\n|faint|p1a: Glimmora\n|\n|upkeep\n|\n|t:|1700225122\n|switch|p1a: Clodsire|Clodsire, M|100\/100\n|turn|3\n|\n|t:|1700225131\n|-terastallize|p1a: Clodsire|Flying\n|move|p2a: Valkovia|Dragon Dance|p2a: Valkovia\n|-boost|p2a: Valkovia|atk|1\n|-boost|p2a: Valkovia|spe|1\n|move|p1a: Clodsire|Toxic|p2a: Valkovia\n|-status|p2a: Valkovia|tox\n|\n|-damage|p2a: Valkovia|94\/100 tox|[from] psn\n|upkeep\n|turn|4\n|\n|t:|1700225141\n|move|p2a: Valkovia|Extreme Speed|p1a: Clodsire\n|-damage|p1a: Clodsire|0 fnt\n|faint|p1a: Clodsire\n|\n|-damage|p2a: Valkovia|82\/100 tox|[from] psn\n|upkeep\n|\n|t:|1700225147\n|switch|p1a: Lopunny|Lopunny, F|100\/100\n|turn|5\n|\n|t:|1700225152\n|move|p1a: Lopunny|Fake Out|p2a: Valkovia\n|-damage|p2a: Valkovia|66\/100 tox\n|cant|p2a: Valkovia|flinch\n|\n|-damage|p2a: Valkovia|48\/100 tox|[from] psn\n|upkeep\n|turn|6\n|\n|t:|1700225163\n|switch|p1a: Azumarill|Azumarill, F|100\/100\n|move|p2a: Valkovia|Extreme Speed|p1a: Azumarill\n|-damage|p1a: Azumarill|37\/100\n|\n|-heal|p1a: Azumarill|44\/100|[from] item: Leftovers\n|-damage|p2a: Valkovia|23\/100 tox|[from] psn\n|upkeep\n|turn|7\n|\n|t:|1700225173\n|move|p1a: Azumarill|Protect|p1a: Azumarill\n|-singleturn|p1a: Azumarill|Protect\n|move|p2a: Valkovia|Extreme Speed|p1a: Azumarill\n|-activate|p1a: Azumarill|move: Protect\n|\n|-heal|p1a: Azumarill|50\/100|[from] item: Leftovers\n|-damage|p2a: Valkovia|0 fnt|[from] psn\n|faint|p2a: Valkovia\n|upkeep\n|\n|t:|1700225189\n|switch|p2a: Silvya|Corviknight, F, shiny|100\/100\n|turn|8\n|\n|t:|1700225201\n|switch|p1a: Latias|Latias, F|100\/100\n|move|p2a: Silvya|Iron Defense|p2a: Silvya\n|-boost|p2a: Silvya|def|2\n|\n|upkeep\n|turn|9\n|\n|t:|1700225210\n|detailschange|p1a: Latias|Latias-Mega, F\n|-mega|p1a: Latias|Latias|Latiasite\n|move|p1a: Latias|Mystical Fire|p2a: Silvya\n|-supereffective|p2a: Silvya\n|-damage|p2a: Silvya|59\/100\n|-ability|p2a: Silvya|Mirror Armor\n|-unboost|p1a: Latias|spa|1\n|move|p2a: Silvya|Drill Peck|p1a: Latias\n|-damage|p1a: Latias|79\/100\n|\n|upkeep\n|turn|10\n|\n|t:|1700225221\n|move|p1a: Latias|Mystical Fire|p2a: Silvya\n|-supereffective|p2a: Silvya\n|-damage|p2a: Silvya|33\/100\n|-ability|p2a: Silvya|Mirror Armor\n|-unboost|p1a: Latias|spa|1\n|move|p2a: Silvya|Roost|p2a: Silvya\n|-heal|p2a: Silvya|83\/100\n|-singleturn|p2a: Silvya|move: Roost\n|\n|upkeep\n|turn|11\n|\n|t:|1700225233\n|move|p1a: Latias|Mystical Fire|p2a: Silvya\n|-supereffective|p2a: Silvya\n|-damage|p2a: Silvya|64\/100\n|-ability|p2a: Silvya|Mirror Armor\n|-unboost|p1a: Latias|spa|1\n|move|p2a: Silvya|Drill Peck|p1a: Latias\n|-damage|p1a: Latias|56\/100\n|\n|upkeep\n|turn|12\n|\n|t:|1700225243\n|move|p1a: Latias|Recover|p1a: Latias\n|-heal|p1a: Latias|100\/100\n|move|p2a: Silvya|Drill Peck|p1a: Latias\n|-damage|p1a: Latias|80\/100\n|\n|upkeep\n|turn|13\n|\n|t:|1700225250\n|switch|p1a: Garganacl|Garganacl, M|100\/100\n|move|p2a: Silvya|Roost|p2a: Silvya\n|-heal|p2a: Silvya|100\/100\n|-singleturn|p2a: Silvya|move: Roost\n|\n|upkeep\n|turn|14\n|\n|t:|1700225258\n|move|p2a: Silvya|Iron Defense|p2a: Silvya\n|-boost|p2a: Silvya|def|2\n|move|p1a: Garganacl|Salt Cure|p2a: Silvya\n|-damage|p2a: Silvya|96\/100\n|-start|p2a: Silvya|Salt Cure\n|\n|-damage|p2a: Silvya|72\/100|[from] Salt Cure\n|upkeep\n|turn|15\n|\n|t:|1700225267\n|move|p2a: Silvya|Body Press|p1a: Garganacl\n|-supereffective|p1a: Garganacl\n|-damage|p1a: Garganacl|25\/100\n|-damage|p2a: Silvya|55\/100|[from] item: Rocky Helmet|[of] p1a: Garganacl\n|move|p1a: Garganacl|Iron Defense|p1a: Garganacl\n|-boost|p1a: Garganacl|def|2\n|\n|-damage|p2a: Silvya|30\/100|[from] Salt Cure\n|upkeep\n|turn|16\n|\n|t:|1700225277\n|move|p2a: Silvya|Body Press|p1a: Garganacl\n|-supereffective|p1a: Garganacl\n|-damage|p1a: Garganacl|0 fnt\n|-damage|p2a: Silvya|14\/100|[from] item: Rocky Helmet|[of] p1a: Garganacl\n|faint|p1a: Garganacl\n|\n|-damage|p2a: Silvya|0 fnt|[from] Salt Cure\n|faint|p2a: Silvya\n|upkeep\n|\n|t:|1700225293\n|switch|p2a: Coralina|Cursola, F, shiny|100\/100\n|switch|p1a: Lopunny|Lopunny, F|100\/100\n|turn|17\n|\n|t:|1700225300\n|move|p1a: Lopunny|U-turn|p2a: Coralina\n|-resisted|p2a: Coralina\n|-damage|p2a: Coralina|84\/100\n|-ability|p2a: Coralina|Weak Armor|boost\n|-unboost|p2a: Coralina|def|1\n|-boost|p2a: Coralina|spe|2\n|\n|t:|1700225308\n|switch|p1a: Azumarill|Azumarill, F|50\/100|[from] U-turn\n|move|p2a: Coralina|Stealth Rock|p1a: Azumarill\n|-sidestart|p1: fanhualuoji chara|move: Stealth Rock\n|\n|-heal|p1a: Azumarill|56\/100|[from] item: Leftovers\n|upkeep\n|turn|18\n|\n|t:|1700225319\n|move|p2a: Coralina|Strength Sap|p1a: Azumarill\n|-ability|p1a: Azumarill|Sap Sipper|boost\n|-boost|p1a: Azumarill|atk|1\n|move|p1a: Azumarill|Toxic|p2a: Coralina\n|-status|p2a: Coralina|tox\n|\n|-heal|p1a: Azumarill|62\/100|[from] item: Leftovers\n|-damage|p2a: Coralina|78\/100 tox|[from] psn\n|upkeep\n|turn|19\n|\n|t:|1700225329\n|move|p2a: Coralina|Shadow Ball|p1a: Azumarill\n|-damage|p1a: Azumarill|9\/100\n|move|p1a: Azumarill|Whirlpool|p2a: Coralina\n|-damage|p2a: Coralina|71\/100 tox\n|-activate|p2a: Coralina|move: Whirlpool|[of] p1a: Azumarill\n|\n|-heal|p1a: Azumarill|16\/100|[from] item: Leftovers\n|-damage|p2a: Coralina|59\/100 tox|[from] psn\n|-damage|p2a: Coralina|46\/100 tox|[from] move: Whirlpool|[partiallytrapped]\n|upkeep\n|turn|20\n|\n|t:|1700225341\n|move|p1a: Azumarill|Protect|p1a: Azumarill\n|-singleturn|p1a: Azumarill|Protect\n|move|p2a: Coralina|Shadow Ball|p1a: Azumarill\n|-activate|p1a: Azumarill|move: Protect\n|\n|-heal|p1a: Azumarill|22\/100|[from] item: Leftovers\n|-damage|p2a: Coralina|28\/100 tox|[from] psn\n|-damage|p2a: Coralina|16\/100 tox|[from] move: Whirlpool|[partiallytrapped]\n|upkeep\n|turn|21\n|\n|t:|1700225353\n|move|p1a: Azumarill|Protect||[still]\n|-fail|p1a: Azumarill\n|move|p2a: Coralina|Shadow Ball|p1a: Azumarill\n|-damage|p1a: Azumarill|0 fnt\n|faint|p1a: Azumarill\n|\n|-damage|p2a: Coralina|0 fnt|[from] psn\n|faint|p2a: Coralina\n|upkeep\n|\n|t:|1700225364\n|switch|p1a: Latias|Latias-Mega, F|80\/100\n|switch|p2a: Parar\u00e1|Victini|100\/100\n|-damage|p1a: Latias|68\/100|[from] Stealth Rock\n|turn|22\n|\n|t:|1700225375\n|-zpower|p2a: Parar\u00e1\n|move|p2a: Parar\u00e1|Z-Celebrate|p2a: Parar\u00e1|[anim]Celebrate\n|-boost|p2a: Parar\u00e1|atk|1|[zeffect]\n|-boost|p2a: Parar\u00e1|def|1|[zeffect]\n|-boost|p2a: Parar\u00e1|spa|1|[zeffect]\n|-boost|p2a: Parar\u00e1|spd|1|[zeffect]\n|-boost|p2a: Parar\u00e1|spe|1|[zeffect]\n|-activate|p2a: Parar\u00e1|move: Celebrate\n|move|p1a: Latias|Draco Meteor|p2a: Parar\u00e1\n|-damage|p2a: Parar\u00e1|52\/100\n|-unboost|p1a: Latias|spa|2\n|\n|upkeep\n|turn|23\n|\n|t:|1700225393\n|move|p2a: Parar\u00e1|Stored Power|p1a: Latias\n|-resisted|p1a: Latias\n|-crit|p1a: Latias\n|-damage|p1a: Latias|25\/100\n|move|p1a: Latias|Recover|p1a: Latias\n|-heal|p1a: Latias|75\/100\n|\n|upkeep\n|turn|24\n|\n|t:|1700225401\n|switch|p1a: Lopunny|Lopunny, F|100\/100\n|-damage|p1a: Lopunny|88\/100|[from] Stealth Rock\n|move|p2a: Parar\u00e1|Stored Power|p1a: Lopunny\n|-damage|p1a: Lopunny|0 fnt\n|faint|p1a: Lopunny\n|\n|upkeep\n|\n|t:|1700225409\n|switch|p1a: Latias|Latias-Mega, F|75\/100\n|-damage|p1a: Latias|63\/100|[from] Stealth Rock\n|turn|25\n|\n|t:|1700225413\n|switch|p2a: Cetra|Centiskorch, F, shiny|100\/100\n|move|p1a: Latias|Recover|p1a: Latias\n|-heal|p1a: Latias|100\/100\n|\n|upkeep\n|turn|26\n|\n|t:|1700225422\n|move|p1a: Latias|Mystical Fire|p2a: Cetra\n|-damage|p2a: Cetra|75\/100\n|move|p2a: Cetra|Coil|p2a: Cetra\n|-boost|p2a: Cetra|atk|1\n|-boost|p2a: Cetra|def|1\n|-boost|p2a: Cetra|accuracy|1\n|\n|upkeep\n|turn|27\n|\n|t:|1700225430\n|move|p1a: Latias|Psychic|p2a: Cetra\n|-damage|p2a: Cetra|29\/100\n|move|p2a: Cetra|Leech Life|p1a: Latias\n|-supereffective|p1a: Latias\n|-damage|p1a: Latias|0 fnt\n|-heal|p2a: Cetra|72\/100|[from] drain|[of] p1a: Latias\n|faint|p1a: Latias\n|\n|win|MoraKun\n|raw|fanhualuoji chara's rating: 1291 &rarr; <strong>1268<\/strong><br \/>(-23 for losing)\n|raw|MoraKun's rating: 1323 &rarr; <strong>1341<\/strong><br \/>(+18 for winning)\n|l|\u2606fanhualuoji chara\n","uploadtime":1700225441,"views":6,"p1id":"fanhualuojichara","p2id":"morakun","formatid":"gen9nationaldex","rating":1268,"private":0,"password":""}