{"id":"gen9nationaldex-1996627940","p1":"MorthDaMooth","p2":"shyguy and glaceon","format":"[Gen 9] National Dex","log":"|html|<div class=\"broadcast-blue\"><strong>[Gen 9] National Dex is currently suspecting Sneasler! For information on how to participate check out the <a href=\"https:\/\/www.smogon.com\/forums\/threads\/sv-national-dex-suspect-8-just-dance.3731534\/\">suspect thread<\/a>.<\/strong><\/div>\n|j|\u2606MorthDaMooth\n|j|\u2606shyguy and glaceon\n|t:|1700702437\n|gametype|singles\n|player|p1|MorthDaMooth|170|\n|player|p2|shyguy and glaceon|roxanne|\n|teamsize|p1|6\n|teamsize|p2|6\n|gen|9\n|tier|[Gen 9] National Dex\n|rule|HP Percentage Mod: HP is shown in percentages\n|rule|Endless Battle Clause: Forcing endless battles is banned\n|rule|OHKO Clause: OHKO moves are banned\n|rule|Evasion Clause: Evasion abilities, items, and moves are banned\n|rule|Evasion Abilities Clause: Evasion abilities are banned\n|rule|Evasion Items Clause: Evasion items are banned\n|rule|Evasion Moves Clause: Evasion moves are banned\n|rule|Species Clause: Limit one of each Pok\u00e9mon\n|rule|Sleep Clause Mod: Limit one foe put to sleep\n|clearpoke\n|poke|p1|Serperior, M|\n|poke|p1|Noivern, M|\n|poke|p1|Tinkaton, F|\n|poke|p1|Slither Wing|\n|poke|p1|Milotic, F|\n|poke|p1|Clodsire, M|\n|poke|p2|Conkeldurr, M|\n|poke|p2|Tinkaton, F|\n|poke|p2|Dondozo, F|\n|poke|p2|Tyranitar, M|\n|poke|p2|Iron Hands|\n|poke|p2|Great Tusk|\n|teampreview\n|\n|t:|1700702451\n|start\n|switch|p1a: The Lad!|Clodsire, M|100\/100\n|switch|p2a: Mamoswine??|Great Tusk|100\/100\n|-enditem|p2a: Mamoswine??|Booster Energy\n|-activate|p2a: Mamoswine??|ability: Protosynthesis|[fromitem]\n|-start|p2a: Mamoswine??|protosynthesisdef\n|turn|1\n|j| Stealth 25\n|\n|t:|1700702466\n|move|p2a: Mamoswine??|Stealth Rock|p1a: The Lad!\n|-sidestart|p1: MorthDaMooth|move: Stealth Rock\n|move|p1a: The Lad!|Stealth Rock|p2a: Mamoswine??\n|-sidestart|p2: shyguy and glaceon|move: Stealth Rock\n|\n|upkeep\n|turn|2\n|j| lemmybro87\n|\n|t:|1700702485\n|switch|p1a: Da Snoove!|Serperior, M|100\/100\n|-damage|p1a: Da Snoove!|88\/100|[from] Stealth Rock\n|move|p2a: Mamoswine??|Earthquake|p1a: Da Snoove!\n|-resisted|p1a: Da Snoove!\n|-damage|p1a: Da Snoove!|63\/100\n|\n|-heal|p1a: Da Snoove!|70\/100|[from] item: Leftovers\n|upkeep\n|turn|3\n|\n|t:|1700702506\n|move|p1a: Da Snoove!|Leaf Storm|p2a: Mamoswine??\n|-supereffective|p2a: Mamoswine??\n|-damage|p2a: Mamoswine??|0 fnt\n|-boost|p1a: Da Snoove!|spa|2\n|faint|p2a: Mamoswine??\n|-end|p2a: Mamoswine??|Protosynthesis|[silent]\n|\n|-heal|p1a: Da Snoove!|76\/100|[from] item: Leftovers\n|upkeep\n|\n|t:|1700702538\n|switch|p2a: labron james|Tinkaton, F, shiny|100\/100\n|-damage|p2a: labron james|94\/100|[from] Stealth Rock\n|-ability|p2a: labron james|Mold Breaker\n|turn|4\n|\n|t:|1700702553\n|move|p1a: Da Snoove!|Hidden Power|p2a: labron james\n|-supereffective|p2a: labron james\n|-damage|p2a: labron james|31\/100\n|move|p2a: labron james|Play Rough|p1a: Da Snoove!\n|-damage|p1a: Da Snoove!|37\/100\n|\n|-heal|p1a: Da Snoove!|43\/100|[from] item: Leftovers\n|upkeep\n|turn|5\n|\n|t:|1700702564\n|move|p1a: Da Snoove!|Leaf Storm|p2a: labron james\n|-resisted|p2a: labron james\n|-damage|p2a: labron james|0 fnt\n|-boost|p1a: Da Snoove!|spa|2\n|faint|p2a: labron james\n|\n|-heal|p1a: Da Snoove!|49\/100|[from] item: Leftovers\n|upkeep\n|\n|t:|1700702572\n|switch|p2a: big man|Conkeldurr, M, shiny|100\/100\n|-damage|p2a: big man|95\/100|[from] Stealth Rock\n|turn|6\n|\n|t:|1700702584\n|-terastallize|p2a: big man|Fighting\n|move|p2a: big man|Mach Punch|p1a: Da Snoove!\n|-damage|p1a: Da Snoove!|17\/100\n|move|p1a: Da Snoove!|Leaf Storm|p2a: big man\n|-damage|p2a: big man|0 fnt\n|-boost|p1a: Da Snoove!|spa|2\n|faint|p2a: big man\n|\n|-heal|p1a: Da Snoove!|23\/100|[from] item: Leftovers\n|upkeep\n|\n|t:|1700702597\n|switch|p2a: metal mario|Iron Hands, shiny|100\/100\n|-damage|p2a: metal mario|94\/100|[from] Stealth Rock\n|turn|7\n|\n|t:|1700702602\n|move|p2a: metal mario|Fake Out|p1a: Da Snoove!\n|-damage|p1a: Da Snoove!|5\/100\n|cant|p1a: Da Snoove!|flinch\n|\n|-heal|p1a: Da Snoove!|11\/100|[from] item: Leftovers\n|upkeep\n|turn|8\n|\n|t:|1700702610\n|move|p1a: Da Snoove!|Leaf Storm|p2a: metal mario\n|-damage|p2a: metal mario|0 fnt\n|faint|p2a: metal mario\n|-end|p2a: metal mario|Quark Drive|[silent]\n|\n|-heal|p1a: Da Snoove!|17\/100|[from] item: Leftovers\n|upkeep\n|\n|t:|1700702615\n|switch|p2a: Godzilla|Tyranitar, M, shiny|100\/100\n|-damage|p2a: Godzilla|88\/100|[from] Stealth Rock\n|-weather|Sandstorm|[from] ability: Sand Stream|[of] p2a: Godzilla\n|turn|9\n|\n|t:|1700702634\n|move|p1a: Da Snoove!|Leaf Storm|p2a: Godzilla\n|-supereffective|p2a: Godzilla\n|-damage|p2a: Godzilla|0 fnt\n|faint|p2a: Godzilla\n|\n|-weather|Sandstorm|[upkeep]\n|-damage|p1a: Da Snoove!|11\/100|[from] Sandstorm\n|-heal|p1a: Da Snoove!|17\/100|[from] item: Leftovers\n|upkeep\n|\n|t:|1700702641\n|switch|p2a: it da tank|Dondozo, F, shiny|100\/100\n|-damage|p2a: it da tank|88\/100|[from] Stealth Rock\n|turn|10\n|\n|t:|1700702651\n|move|p1a: Da Snoove!|Leaf Storm|p2a: it da tank\n|-supereffective|p2a: it da tank\n|-damage|p2a: it da tank|0 fnt\n|faint|p2a: it da tank\n|\n|win|MorthDaMooth\n|l| lemmybro87\n|l|\u2606shyguy and glaceon\n","uploadtime":1700702661,"views":3,"p1id":"morthdamooth","p2id":"shyguyandglaceon","formatid":"gen9nationaldex","rating":0,"private":0,"password":""}