{"id":"gen9nationaldex-1996463730","p1":"sampl_txt","p2":"DrippinSauce","format":"[Gen 9] National Dex","log":"|html|<div class=\"broadcast-blue\"><strong>[Gen 9] National Dex is currently suspecting Sneasler! For information on how to participate check out the <a href=\"https:\/\/www.smogon.com\/forums\/threads\/sv-national-dex-suspect-8-just-dance.3731534\/\">suspect thread<\/a>.<\/strong><\/div>\n|j|\u2606sampl_txt\n|j|\u2606DrippinSauce\n|t:|1700684494\n|gametype|singles\n|player|p1|sampl_txt|fisherman-gen3|1581\n|player|p2|DrippinSauce|cynthia-masters|1504\n|teamsize|p1|6\n|teamsize|p2|6\n|gen|9\n|tier|[Gen 9] National Dex\n|rated|\n|rule|HP Percentage Mod: HP is shown in percentages\n|rule|Endless Battle Clause: Forcing endless battles is banned\n|rule|OHKO Clause: OHKO moves are banned\n|rule|Evasion Clause: Evasion abilities, items, and moves are banned\n|rule|Evasion Abilities Clause: Evasion abilities are banned\n|rule|Evasion Items Clause: Evasion items are banned\n|rule|Evasion Moves Clause: Evasion moves are banned\n|rule|Species Clause: Limit one of each Pok\u00e9mon\n|rule|Sleep Clause Mod: Limit one foe put to sleep\n|clearpoke\n|poke|p1|Infernape, M|\n|poke|p1|Tapu Lele|\n|poke|p1|Great Tusk|\n|poke|p1|Ting-Lu|\n|poke|p1|Sneasler, F|\n|poke|p1|Beedrill, F|\n|poke|p2|Heatran, M|\n|poke|p2|Ninetales-Alola, F|\n|poke|p2|Great Tusk|\n|poke|p2|Ursaluna, F|\n|poke|p2|Latias, F|\n|poke|p2|Kommo-o, F|\n|teampreview\n|inactive|Battle timer is ON: inactive players will automatically lose when time's up. (requested by DrippinSauce)\n|\n|t:|1700684504\n|start\n|switch|p1a: Beedrill|Beedrill, F|100\/100\n|switch|p2a: Tuskin|Great Tusk|100\/100\n|turn|1\n|\n|t:|1700684512\n|detailschange|p1a: Beedrill|Beedrill-Mega, F\n|-mega|p1a: Beedrill|Beedrill|Beedrillite\n|move|p1a: Beedrill|U-turn|p2a: Tuskin\n|-resisted|p2a: Tuskin\n|-damage|p2a: Tuskin|87\/100\n|\n|t:|1700684515\n|switch|p1a: Great Tusk|Great Tusk|100\/100|[from] U-turn\n|move|p2a: Tuskin|Earthquake|p1a: Great Tusk\n|-damage|p1a: Great Tusk|77\/100\n|\n|-heal|p1a: Great Tusk|84\/100|[from] item: Leftovers\n|-heal|p2a: Tuskin|93\/100|[from] item: Leftovers\n|upkeep\n|turn|2\n|\n|t:|1700684521\n|-end|p2a: Tuskin|Protosynthesis|[silent]\n|switch|p2a: Snowin|Ninetales-Alola, F, shiny|100\/100\n|-weather|Snow|[from] ability: Snow Warning|[of] p2a: Snowin\n|move|p1a: Great Tusk|Stealth Rock|p2a: Snowin\n|-sidestart|p2: DrippinSauce|move: Stealth Rock\n|\n|-weather|Snow|[upkeep]\n|-heal|p1a: Great Tusk|90\/100|[from] item: Leftovers\n|upkeep\n|turn|3\n|\n|t:|1700684542\n|-end|p1a: Great Tusk|Protosynthesis|[silent]\n|switch|p1a: Beedrill|Beedrill-Mega, F|100\/100\n|move|p2a: Snowin|Aurora Veil|p2a: Snowin\n|-sidestart|p2: DrippinSauce|move: Aurora Veil\n|\n|-weather|Snow|[upkeep]\n|upkeep\n|turn|4\n|\n|t:|1700684546\n|switch|p2a: Rushin|Ursaluna, F, shiny|100\/100\n|-damage|p2a: Rushin|94\/100|[from] Stealth Rock\n|move|p1a: Beedrill|U-turn|p2a: Rushin\n|-damage|p2a: Rushin|75\/100\n|\n|t:|1700684552\n|switch|p1a: Infernape|Infernape, M|100\/100|[from] U-turn\n|\n|-weather|Snow|[upkeep]\n|-status|p2a: Rushin|brn|[from] item: Flame Orb\n|upkeep\n|turn|5\n|\n|t:|1700684563\n|switch|p2a: Tuskin|Great Tusk|93\/100\n|-damage|p2a: Tuskin|90\/100|[from] Stealth Rock\n|move|p1a: Infernape|Close Combat|p2a: Tuskin\n|-damage|p2a: Tuskin|72\/100\n|-unboost|p1a: Infernape|def|1\n|-unboost|p1a: Infernape|spd|1\n|\n|-weather|Snow|[upkeep]\n|-heal|p2a: Tuskin|78\/100|[from] item: Leftovers\n|upkeep\n|turn|6\n|\n|t:|1700684568\n|switch|p1a: Great Tusk|Great Tusk|90\/100\n|move|p2a: Tuskin|Rapid Spin|p1a: Great Tusk\n|-damage|p1a: Great Tusk|83\/100\n|-boost|p2a: Tuskin|spe|1\n|-sideend|p2: DrippinSauce|Stealth Rock|[from] move: Rapid Spin|[of] p2a: Tuskin\n|\n|-weather|none\n|-heal|p2a: Tuskin|84\/100|[from] item: Leftovers\n|-heal|p1a: Great Tusk|89\/100|[from] item: Leftovers\n|upkeep\n|turn|7\n|\n|t:|1700684575\n|move|p2a: Tuskin|Ice Spinner|p1a: Great Tusk\n|-supereffective|p1a: Great Tusk\n|-damage|p1a: Great Tusk|67\/100\n|move|p1a: Great Tusk|Stealth Rock|p2a: Tuskin\n|-sidestart|p2: DrippinSauce|move: Stealth Rock\n|\n|-heal|p2a: Tuskin|90\/100|[from] item: Leftovers\n|-heal|p1a: Great Tusk|73\/100|[from] item: Leftovers\n|upkeep\n|turn|8\n|\n|t:|1700684585\n|-end|p1a: Great Tusk|Protosynthesis|[silent]\n|switch|p1a: Ting-Lu|Ting-Lu|100\/100\n|-ability|p1a: Ting-Lu|Vessel of Ruin\n|move|p2a: Tuskin|Rapid Spin|p1a: Ting-Lu\n|-damage|p1a: Ting-Lu|93\/100\n|-boost|p2a: Tuskin|spe|1\n|-sideend|p2: DrippinSauce|Stealth Rock|[from] move: Rapid Spin|[of] p2a: Tuskin\n|\n|-heal|p2a: Tuskin|96\/100|[from] item: Leftovers\n|-heal|p1a: Ting-Lu|99\/100|[from] item: Leftovers\n|upkeep\n|turn|9\n|\n|t:|1700684587\n|move|p2a: Tuskin|Body Press|p1a: Ting-Lu\n|-supereffective|p1a: Ting-Lu\n|-damage|p1a: Ting-Lu|46\/100\n|move|p1a: Ting-Lu|Ruination|p2a: Tuskin\n|-damage|p2a: Tuskin|48\/100\n|\n|-heal|p2a: Tuskin|55\/100|[from] item: Leftovers\n|-heal|p1a: Ting-Lu|52\/100|[from] item: Leftovers\n|upkeep\n|turn|10\n|\n|t:|1700684596\n|switch|p1a: Tapu Lele|Tapu Lele|100\/100\n|-fieldstart|move: Psychic Terrain|[from] ability: Psychic Surge|[of] p1a: Tapu Lele\n|move|p2a: Tuskin|Body Press|p1a: Tapu Lele\n|-resisted|p1a: Tapu Lele\n|-damage|p1a: Tapu Lele|82\/100\n|\n|-heal|p2a: Tuskin|61\/100|[from] item: Leftovers\n|-sideend|p2: DrippinSauce|move: Aurora Veil\n|upkeep\n|turn|11\n|\n|t:|1700684602\n|-end|p2a: Tuskin|Protosynthesis|[silent]\n|switch|p2a: Molten|Heatran, M, shiny|100\/100\n|move|p1a: Tapu Lele|Focus Blast|p2a: Molten\n|-supereffective|p2a: Molten\n|-damage|p2a: Molten|53\/100\n|\n|-heal|p2a: Molten|59\/100|[from] item: Leftovers\n|upkeep\n|turn|12\n|\n|t:|1700684607\n|switch|p1a: Ting-Lu|Ting-Lu|52\/100\n|-ability|p1a: Ting-Lu|Vessel of Ruin\n|move|p2a: Molten|Magma Storm|p1a: Ting-Lu\n|-damage|p1a: Ting-Lu|35\/100\n|-activate|p1a: Ting-Lu|move: Magma Storm|[of] p2a: Molten\n|\n|-heal|p2a: Molten|66\/100|[from] item: Leftovers\n|-heal|p1a: Ting-Lu|41\/100|[from] item: Leftovers\n|-damage|p1a: Ting-Lu|29\/100|[from] move: Magma Storm|[partiallytrapped]\n|upkeep\n|turn|13\n|\n|t:|1700684617\n|switch|p2a: Snowin|Ninetales-Alola, F, shiny|100\/100\n|-weather|Snow|[from] ability: Snow Warning|[of] p2a: Snowin\n|move|p1a: Ting-Lu|Spikes|p2a: Snowin\n|-sidestart|p2: DrippinSauce|Spikes\n|\n|-weather|Snow|[upkeep]\n|-heal|p1a: Ting-Lu|35\/100|[from] item: Leftovers\n|-end|p1a: Ting-Lu|Magma Storm|[partiallytrapped]|[silent]\n|upkeep\n|turn|14\n|\n|t:|1700684624\n|move|p2a: Snowin|Aurora Veil|p2a: Snowin\n|-sidestart|p2: DrippinSauce|move: Aurora Veil\n|move|p1a: Ting-Lu|Spikes|p2a: Snowin\n|-sidestart|p2: DrippinSauce|Spikes\n|\n|-weather|Snow|[upkeep]\n|-heal|p1a: Ting-Lu|41\/100|[from] item: Leftovers\n|-fieldend|move: Psychic Terrain\n|upkeep\n|turn|15\n|\n|t:|1700684632\n|move|p2a: Snowin|Moonblast|p1a: Ting-Lu\n|-supereffective|p1a: Ting-Lu\n|-damage|p1a: Ting-Lu|17\/100\n|move|p1a: Ting-Lu|Whirlwind|p2a: Snowin\n|drag|p2a: Jettin|Latias, F|100\/100\n|\n|-weather|Snow|[upkeep]\n|-heal|p1a: Ting-Lu|23\/100|[from] item: Leftovers\n|upkeep\n|turn|16\n|\n|t:|1700684642\n|switch|p1a: Tapu Lele|Tapu Lele|82\/100\n|-fieldstart|move: Psychic Terrain|[from] ability: Psychic Surge|[of] p1a: Tapu Lele\n|detailschange|p2a: Jettin|Latias-Mega, F\n|-mega|p2a: Jettin|Latias|Latiasite\n|move|p2a: Jettin|Calm Mind|p2a: Jettin\n|-boost|p2a: Jettin|spa|1\n|-boost|p2a: Jettin|spd|1\n|\n|-weather|Snow|[upkeep]\n|upkeep\n|turn|17\n|\n|t:|1700684646\n|move|p1a: Tapu Lele|Moonblast|p2a: Jettin\n|-supereffective|p2a: Jettin\n|-damage|p2a: Jettin|80\/100\n|move|p2a: Jettin|Mystical Fire|p1a: Tapu Lele\n|-damage|p1a: Tapu Lele|37\/100\n|-unboost|p1a: Tapu Lele|spa|1\n|\n|-weather|none\n|upkeep\n|turn|18\n|\n|t:|1700684652\n|switch|p1a: Ting-Lu|Ting-Lu|23\/100\n|-ability|p1a: Ting-Lu|Vessel of Ruin\n|move|p2a: Jettin|Stored Power|p1a: Ting-Lu\n|-immune|p1a: Ting-Lu\n|\n|-heal|p1a: Ting-Lu|29\/100|[from] item: Leftovers\n|upkeep\n|turn|19\n|\n|t:|1700684657\n|move|p2a: Jettin|Mystical Fire|p1a: Ting-Lu\n|-damage|p1a: Ting-Lu|13\/100\n|-unboost|p1a: Ting-Lu|spa|1\n|move|p1a: Ting-Lu|Whirlwind|p2a: Jettin\n|drag|p2a: Rushin|Ursaluna, F, shiny|75\/100 brn\n|-damage|p2a: Rushin|58\/100 brn|[from] Spikes\n|\n|-heal|p1a: Ting-Lu|19\/100|[from] item: Leftovers\n|-damage|p2a: Rushin|52\/100 brn|[from] brn\n|upkeep\n|turn|20\n|\n|t:|1700684672\n|move|p2a: Rushin|Facade|p1a: Ting-Lu\n|-damage|p1a: Ting-Lu|0 fnt\n|faint|p1a: Ting-Lu\n|\n|-damage|p2a: Rushin|46\/100 brn|[from] brn\n|-fieldend|move: Psychic Terrain\n|upkeep\n|\n|t:|1700684677\n|switch|p1a: Infernape|Infernape, M|100\/100\n|turn|21\n|\n|t:|1700684686\n|move|p1a: Infernape|U-turn|p2a: Rushin\n|-damage|p2a: Rushin|34\/100 brn\n|\n|t:|1700684689\n|switch|p1a: Great Tusk|Great Tusk|73\/100|[from] U-turn\n|move|p2a: Rushin|Facade|p1a: Great Tusk\n|-damage|p1a: Great Tusk|11\/100\n|\n|-heal|p1a: Great Tusk|17\/100|[from] item: Leftovers\n|-damage|p2a: Rushin|28\/100 brn|[from] brn\n|-sideend|p2: DrippinSauce|move: Aurora Veil\n|upkeep\n|turn|22\n|\n|t:|1700684697\n|move|p1a: Great Tusk|Stealth Rock|p2a: Rushin\n|-sidestart|p2: DrippinSauce|move: Stealth Rock\n|move|p2a: Rushin|Facade|p1a: Great Tusk\n|-damage|p1a: Great Tusk|0 fnt\n|faint|p1a: Great Tusk\n|-end|p1a: Great Tusk|Protosynthesis|[silent]\n|\n|-damage|p2a: Rushin|21\/100 brn|[from] brn\n|upkeep\n|\n|t:|1700684714\n|switch|p1a: Beedrill|Beedrill-Mega, F|100\/100\n|turn|23\n|\n|t:|1700684725\n|move|p1a: Beedrill|Fell Stinger|p2a: Rushin\n|-damage|p2a: Rushin|0 fnt\n|faint|p2a: Rushin\n|-boost|p1a: Beedrill|atk|3\n|\n|upkeep\n|\n|t:|1700684729\n|switch|p2a: Snowin|Ninetales-Alola, F, shiny|100\/100\n|-damage|p2a: Snowin|84\/100|[from] Spikes\n|-damage|p2a: Snowin|59\/100|[from] Stealth Rock\n|-weather|Snow|[from] ability: Snow Warning|[of] p2a: Snowin\n|turn|24\n|\n|t:|1700684750\n|move|p1a: Beedrill|Poison Jab|p2a: Snowin\n|-supereffective|p2a: Snowin\n|-damage|p2a: Snowin|0 fnt\n|faint|p2a: Snowin\n|\n|-weather|Snow|[upkeep]\n|upkeep\n|\n|t:|1700684752\n|switch|p2a: Molten|Heatran, M, shiny|66\/100\n|-damage|p2a: Molten|49\/100|[from] Spikes\n|-damage|p2a: Molten|37\/100|[from] Stealth Rock\n|turn|25\n|\n|t:|1700684753\n|move|p1a: Beedrill|Knock Off|p2a: Molten\n|-damage|p2a: Molten|0 fnt\n|-enditem|p2a: Molten|Leftovers|[from] move: Knock Off|[of] p1a: Beedrill\n|faint|p2a: Molten\n|\n|-weather|Snow|[upkeep]\n|upkeep\n|\n|t:|1700684757\n|switch|p2a: Tuskin|Great Tusk|61\/100\n|-damage|p2a: Tuskin|44\/100|[from] Spikes\n|-damage|p2a: Tuskin|41\/100|[from] Stealth Rock\n|turn|26\n|-message|DrippinSauce forfeited.\n|\n|win|sampl_txt\n|raw|sampl_txt's rating: 1581 &rarr; <strong>1597<\/strong><br \/>(+16 for winning)\n|raw|DrippinSauce's rating: 1504 &rarr; <strong>1488<\/strong><br \/>(-16 for losing)\n|l|\u2606DrippinSauce\n","uploadtime":1700684773,"views":2,"p1id":"sampltxt","p2id":"drippinsauce","formatid":"gen9nationaldex","rating":1488,"private":0,"password":""}