{"id":"gen9nationaldex-1996253062","p1":"Houmura","p2":"anti toxic","format":"[Gen 9] National Dex","log":"|html|<div class=\"broadcast-blue\"><strong>[Gen 9] National Dex is currently suspecting Sneasler! For information on how to participate check out the <a href=\"https:\/\/www.smogon.com\/forums\/threads\/sv-national-dex-suspect-8-just-dance.3731534\/\">suspect thread<\/a>.<\/strong><\/div>\n|j|\u2606Houmura\n|j|\u2606anti toxic\n|t:|1700664263\n|gametype|singles\n|player|p1|Houmura|1|1219\n|player|p2|anti toxic|hiker|1253\n|teamsize|p1|6\n|teamsize|p2|6\n|gen|9\n|tier|[Gen 9] National Dex\n|rated|\n|rule|HP Percentage Mod: HP is shown in percentages\n|rule|Endless Battle Clause: Forcing endless battles is banned\n|rule|OHKO Clause: OHKO moves are banned\n|rule|Evasion Clause: Evasion abilities, items, and moves are banned\n|rule|Evasion Abilities Clause: Evasion abilities are banned\n|rule|Evasion Items Clause: Evasion items are banned\n|rule|Evasion Moves Clause: Evasion moves are banned\n|rule|Species Clause: Limit one of each Pok\u00e9mon\n|rule|Sleep Clause Mod: Limit one foe put to sleep\n|clearpoke\n|poke|p1|Mawile, F|\n|poke|p1|Iron Valiant|\n|poke|p1|Rotom-Wash|\n|poke|p1|Tapu Koko|\n|poke|p1|Heatran, M|\n|poke|p1|Landorus-Therian, M|\n|poke|p2|Meowscarada, M|\n|poke|p2|Ribombee, M|\n|poke|p2|Tapu Koko|\n|poke|p2|Raichu-Alola, M|\n|poke|p2|Banette, F|\n|poke|p2|Celesteela|\n|teampreview\n|\n|t:|1700664281\n|start\n|switch|p1a: Tapu Koko|Tapu Koko|100\/100\n|switch|p2a: Ribombee|Ribombee, M|100\/100\n|-fieldstart|move: Electric Terrain|[from] ability: Electric Surge|[of] p1a: Tapu Koko\n|turn|1\n|inactive|Battle timer is ON: inactive players will automatically lose when time's up. (requested by anti toxic)\n|\n|t:|1700664290\n|move|p1a: Tapu Koko|Brave Bird|p2a: Ribombee\n|-supereffective|p2a: Ribombee\n|-enditem|p2a: Ribombee|Focus Sash\n|-damage|p2a: Ribombee|1\/100\n|-damage|p1a: Tapu Koko|63\/100|[from] Recoil\n|move|p2a: Ribombee|Sticky Web|p1a: Tapu Koko\n|-sidestart|p1: Houmura|move: Sticky Web\n|\n|upkeep\n|turn|2\n|\n|t:|1700664310\n|switch|p2a: Celesteela|Celesteela|100\/100\n|move|p1a: Tapu Koko|U-turn|p2a: Celesteela\n|-resisted|p2a: Celesteela\n|-damage|p2a: Celesteela|96\/100\n|-damage|p1a: Tapu Koko|46\/100|[from] item: Rocky Helmet|[of] p2a: Celesteela\n|\n|t:|1700664318\n|switch|p1a: Rotom|Rotom-Wash|100\/100|[from] U-turn\n|\n|upkeep\n|turn|3\n|\n|t:|1700664328\n|move|p1a: Rotom|Defog|p2a: Celesteela\n|-unboost|p2a: Celesteela|evasion|1\n|-sideend|p1: Houmura|Sticky Web|[from] move: Defog|[of] p1a: Rotom\n|-fieldend|move: Electric Terrain\n|move|p2a: Celesteela|Leech Seed|p1a: Rotom\n|-start|p1a: Rotom|move: Leech Seed\n|\n|-damage|p1a: Rotom|88\/100|[from] Leech Seed|[of] p2a: Celesteela\n|-heal|p2a: Celesteela|100\/100|[silent]\n|upkeep\n|turn|4\n|\n|t:|1700664341\n|move|p1a: Rotom|Will-O-Wisp|p2a: Celesteela\n|-status|p2a: Celesteela|brn\n|move|p2a: Celesteela|Toxic|p1a: Rotom\n|-status|p1a: Rotom|tox\n|\n|-heal|p1a: Rotom|94\/100 tox|[from] item: Leftovers\n|-damage|p1a: Rotom|82\/100 tox|[from] Leech Seed|[of] p2a: Celesteela\n|-damage|p1a: Rotom|75\/100 tox|[from] psn\n|-damage|p2a: Celesteela|94\/100 brn|[from] brn\n|upkeep\n|turn|5\n|\n|t:|1700664357\n|switch|p1a: Heatran|Heatran, M, shiny|100\/100\n|switch|p2a: Tapu Koko|Tapu Koko|100\/100\n|-fieldstart|move: Electric Terrain|[from] ability: Electric Surge|[of] p2a: Tapu Koko\n|\n|upkeep\n|turn|6\n|\n|t:|1700664374\n|move|p2a: Tapu Koko|U-turn|p1a: Heatran\n|-resisted|p1a: Heatran\n|-damage|p1a: Heatran|96\/100\n|\n|t:|1700664376\n|switch|p2a: Raichu|Raichu-Alola, M|100\/100|[from] U-turn\n|move|p1a: Heatran|Earth Power|p2a: Raichu\n|-supereffective|p2a: Raichu\n|-damage|p2a: Raichu|26\/100\n|\n|-heal|p1a: Heatran|100\/100|[from] item: Leftovers\n|upkeep\n|turn|7\n|\n|t:|1700664385\n|move|p2a: Raichu|Surf|p1a: Heatran\n|-supereffective|p1a: Heatran\n|-damage|p1a: Heatran|69\/100\n|move|p1a: Heatran|Earth Power|p2a: Raichu\n|-supereffective|p2a: Raichu\n|-damage|p2a: Raichu|0 fnt\n|faint|p2a: Raichu\n|\n|-heal|p1a: Heatran|76\/100|[from] item: Leftovers\n|upkeep\n|\n|t:|1700664404\n|switch|p2a: Tapu Koko|Tapu Koko|100\/100\n|turn|8\n|\n|t:|1700664415\n|-terastallize|p2a: Tapu Koko|Electric\n|move|p2a: Tapu Koko|Wild Charge|p1a: Heatran\n|-damage|p1a: Heatran|18\/100\n|-damage|p2a: Tapu Koko|81\/100|[from] Recoil\n|move|p1a: Heatran|Magma Storm|p2a: Tapu Koko\n|-damage|p2a: Tapu Koko|18\/100\n|-activate|p2a: Tapu Koko|move: Magma Storm|[of] p1a: Heatran\n|\n|-heal|p1a: Heatran|24\/100|[from] item: Leftovers\n|-damage|p2a: Tapu Koko|5\/100|[from] move: Magma Storm|[partiallytrapped]\n|upkeep\n|turn|9\n|\n|t:|1700664430\n|switch|p1a: Landorus|Landorus-Therian, M, shiny|100\/100\n|-ability|p1a: Landorus|Intimidate|boost\n|-unboost|p2a: Tapu Koko|atk|1\n|move|p2a: Tapu Koko|Brave Bird|p1a: Landorus\n|-damage|p1a: Landorus|75\/100\n|-damage|p2a: Tapu Koko|0 fnt|[from] Recoil\n|faint|p2a: Tapu Koko\n|\n|upkeep\n|\n|t:|1700664441\n|switch|p2a: Celesteela|Celesteela|94\/100 brn\n|turn|10\n|\n|t:|1700664452\n|move|p1a: Landorus|Smack Down|p2a: Celesteela\n|-damage|p2a: Celesteela|78\/100 brn\n|-start|p2a: Celesteela|Smack Down\n|move|p2a: Celesteela|Iron Defense|p2a: Celesteela\n|-boost|p2a: Celesteela|def|2\n|\n|-damage|p2a: Celesteela|72\/100 brn|[from] brn\n|upkeep\n|turn|11\n|\n|t:|1700664462\n|move|p1a: Landorus|Earthquake|p2a: Celesteela\n|-supereffective|p2a: Celesteela\n|-damage|p2a: Celesteela|28\/100 brn\n|move|p2a: Celesteela|Toxic|p1a: Landorus\n|-status|p1a: Landorus|tox\n|\n|-damage|p1a: Landorus|69\/100 tox|[from] psn\n|-damage|p2a: Celesteela|22\/100 brn|[from] brn\n|upkeep\n|turn|12\n|\n|t:|1700664471\n|move|p1a: Landorus|Knock Off|p2a: Celesteela\n|-damage|p2a: Celesteela|7\/100 brn\n|-damage|p1a: Landorus|53\/100 tox|[from] item: Rocky Helmet|[of] p2a: Celesteela\n|-enditem|p2a: Celesteela|Rocky Helmet|[from] move: Knock Off|[of] p1a: Landorus\n|move|p2a: Celesteela|Leech Seed|p1a: Landorus\n|-start|p1a: Landorus|move: Leech Seed\n|\n|-damage|p1a: Landorus|40\/100 tox|[from] Leech Seed|[of] p2a: Celesteela\n|-heal|p2a: Celesteela|18\/100 brn|[silent]\n|-damage|p1a: Landorus|28\/100 tox|[from] psn\n|-damage|p2a: Celesteela|12\/100 brn|[from] brn\n|-fieldend|move: Electric Terrain\n|upkeep\n|turn|13\n|\n|t:|1700664486\n|move|p1a: Landorus|Earthquake|p2a: Celesteela\n|-supereffective|p2a: Celesteela\n|-damage|p2a: Celesteela|0 fnt\n|faint|p2a: Celesteela\n|\n|-damage|p1a: Landorus|10\/100 tox|[from] psn\n|upkeep\n|\n|t:|1700664494\n|switch|p2a: Banette|Banette, F|100\/100\n|turn|14\n|\n|t:|1700664503\n|detailschange|p2a: Banette|Banette-Mega, F\n|-mega|p2a: Banette|Banette|Banettite\n|move|p2a: Banette|Sucker Punch|p1a: Landorus\n|-damage|p1a: Landorus|0 fnt\n|faint|p1a: Landorus\n|\n|upkeep\n|\n|t:|1700664512\n|switch|p1a: ku\u78b3|Mawile, F|100\/100\n|-ability|p1a: ku\u78b3|Intimidate|boost\n|-unboost|p2a: Banette|atk|1\n|turn|15\n|\n|t:|1700664521\n|switch|p2a: Meowscarada|Meowscarada, M|100\/100\n|switch|p1a: Heatran|Heatran, M, shiny|24\/100\n|\n|-heal|p1a: Heatran|31\/100|[from] item: Leftovers\n|upkeep\n|turn|16\n|\n|t:|1700664532\n|move|p2a: Meowscarada|Knock Off|p1a: Heatran\n|-start|p2a: Meowscarada|typechange|Dark|[from] ability: Protean\n|-damage|p1a: Heatran|0 fnt\n|-enditem|p1a: Heatran|Leftovers|[from] move: Knock Off|[of] p2a: Meowscarada\n|faint|p1a: Heatran\n|\n|upkeep\n|\n|t:|1700664540\n|switch|p1a: Tapu Koko|Tapu Koko|46\/100\n|-fieldstart|move: Electric Terrain|[from] ability: Electric Surge|[of] p1a: Tapu Koko\n|turn|17\n|\n|t:|1700664544\n|switch|p2a: Banette|Banette-Mega, F|100\/100\n|-zpower|p1a: Tapu Koko\n|move|p1a: Tapu Koko|Gigavolt Havoc|p2a: Banette|[zeffect]\n|-damage|p2a: Banette|0 fnt\n|faint|p2a: Banette\n|\n|upkeep\n|\n|t:|1700664548\n|switch|p2a: Meowscarada|Meowscarada, M|100\/100\n|turn|18\n|\n|t:|1700664559\n|move|p1a: Tapu Koko|Brave Bird|p2a: Meowscarada\n|-supereffective|p2a: Meowscarada\n|-damage|p2a: Meowscarada|0 fnt\n|faint|p2a: Meowscarada\n|-damage|p1a: Tapu Koko|12\/100|[from] Recoil\n|\n|upkeep\n|\n|t:|1700664562\n|switch|p2a: Ribombee|Ribombee, M|1\/100\n|turn|19\n|\n|t:|1700664567\n|move|p1a: Tapu Koko|U-turn|p2a: Ribombee\n|-resisted|p2a: Ribombee\n|-damage|p2a: Ribombee|0 fnt\n|faint|p2a: Ribombee\n|\n|win|Houmura\n|raw|Houmura's rating: 1219 &rarr; <strong>1246<\/strong><br \/>(+27 for winning)\n|raw|anti toxic's rating: 1253 &rarr; <strong>1226<\/strong><br \/>(-27 for losing)\n|l|\u2606anti toxic\n","uploadtime":1700664600,"views":0,"p1id":"houmura","p2id":"antitoxic","formatid":"gen9nationaldex","rating":1226,"private":0,"password":""}