{"id":"gen9nationaldex-1994708384","p1":"bu wei chen chen","p2":"whskeey","format":"[Gen 9] National Dex","log":"|html|<div class=\"broadcast-blue\"><strong>[Gen 9] National Dex is currently suspecting Sneasler! For information on how to participate check out the <a href=\"https:\/\/www.smogon.com\/forums\/threads\/sv-national-dex-suspect-8-just-dance.3731534\/\">suspect thread<\/a>.<\/strong><\/div>\n|j|\u2606bu wei chen chen\n|j|\u2606whskeey\n|t:|1700483996\n|gametype|singles\n|player|p1|bu wei chen chen|dawn|1342\n|player|p2|whskeey|bugcatcher-gen4dp|1274\n|teamsize|p1|6\n|teamsize|p2|6\n|gen|9\n|tier|[Gen 9] National Dex\n|rated|\n|rule|HP Percentage Mod: HP is shown in percentages\n|rule|Endless Battle Clause: Forcing endless battles is banned\n|rule|OHKO Clause: OHKO moves are banned\n|rule|Evasion Clause: Evasion abilities, items, and moves are banned\n|rule|Evasion Abilities Clause: Evasion abilities are banned\n|rule|Evasion Items Clause: Evasion items are banned\n|rule|Evasion Moves Clause: Evasion moves are banned\n|rule|Species Clause: Limit one of each Pok\u00e9mon\n|rule|Sleep Clause Mod: Limit one foe put to sleep\n|clearpoke\n|poke|p1|Pelipper, M|\n|poke|p1|Ferrothorn, M|\n|poke|p1|Greninja-*, M|\n|poke|p1|Swampert, F|\n|poke|p1|Zapdos|\n|poke|p1|Ogerpon-Wellspring, F|\n|poke|p2|Ribombee, M|\n|poke|p2|Latios, M|\n|poke|p2|Landorus-Therian, M|\n|poke|p2|Moltres-Galar|\n|poke|p2|Iron Treads|\n|poke|p2|Blaziken, F|\n|teampreview\n|inactive|Battle timer is ON: inactive players will automatically lose when time's up. (requested by bu wei chen chen)\n|inactive|whskeey also wants the timer to be on.\n|\n|t:|1700484010\n|start\n|switch|p1a: Greninja|Greninja, M|100\/100\n|switch|p2a: Ribombee|Ribombee, M|100\/100\n|turn|1\n|\n|t:|1700484019\n|move|p1a: Greninja|Water Shuriken|p2a: Ribombee\n|-damage|p2a: Ribombee|82\/100\n|-damage|p2a: Ribombee|61\/100\n|-hitcount|p2a: Ribombee|2\n|move|p2a: Ribombee|Sticky Web|p1a: Greninja\n|-sidestart|p1: bu wei chen chen|move: Sticky Web\n|\n|upkeep\n|turn|2\n|\n|t:|1700484030\n|switch|p1a: Pelipper|Pelipper, M|100\/100\n|-weather|RainDance|[from] ability: Drizzle|[of] p1a: Pelipper\n|move|p2a: Ribombee|Moonblast|p1a: Pelipper\n|-damage|p1a: Pelipper|60\/100\n|\n|-weather|RainDance|[upkeep]\n|upkeep\n|turn|3\n|\n|t:|1700484045\n|move|p2a: Ribombee|Quiver Dance|p2a: Ribombee\n|-boost|p2a: Ribombee|spa|1\n|-boost|p2a: Ribombee|spd|1\n|-boost|p2a: Ribombee|spe|1\n|move|p1a: Pelipper|Defog|p2a: Ribombee\n|-unboost|p2a: Ribombee|evasion|1\n|-sideend|p1: bu wei chen chen|Sticky Web|[from] move: Defog|[of] p1a: Pelipper\n|\n|-weather|RainDance|[upkeep]\n|upkeep\n|turn|4\n|\n|t:|1700484057\n|switch|p1a: Ferrothorn|Ferrothorn, M|100\/100\n|move|p2a: Ribombee|Moonblast|p1a: Ferrothorn\n|-resisted|p1a: Ferrothorn\n|-damage|p1a: Ferrothorn|77\/100\n|\n|-weather|RainDance|[upkeep]\n|upkeep\n|turn|5\n|\n|t:|1700484069\n|move|p2a: Ribombee|Sticky Web|p1a: Ferrothorn\n|-sidestart|p1: bu wei chen chen|move: Sticky Web\n|move|p1a: Ferrothorn|Leech Seed|p2a: Ribombee\n|-start|p2a: Ribombee|move: Leech Seed\n|\n|-weather|RainDance|[upkeep]\n|-damage|p2a: Ribombee|49\/100|[from] Leech Seed|[of] p1a: Ferrothorn\n|-heal|p1a: Ferrothorn|86\/100|[silent]\n|upkeep\n|turn|6\n|\n|t:|1700484074\n|move|p2a: Ribombee|Stun Spore|p1a: Ferrothorn\n|-immune|p1a: Ferrothorn\n|move|p1a: Ferrothorn|Stealth Rock|p2a: Ribombee\n|-sidestart|p2: whskeey|move: Stealth Rock\n|\n|-weather|RainDance|[upkeep]\n|-damage|p2a: Ribombee|37\/100|[from] Leech Seed|[of] p1a: Ferrothorn\n|-heal|p1a: Ferrothorn|95\/100|[silent]\n|upkeep\n|turn|7\n|\n|t:|1700484084\n|move|p2a: Ribombee|Moonblast|p1a: Ferrothorn\n|-resisted|p1a: Ferrothorn\n|-damage|p1a: Ferrothorn|74\/100\n|-unboost|p1a: Ferrothorn|spa|1\n|move|p1a: Ferrothorn|Knock Off|p2a: Ribombee\n|-resisted|p2a: Ribombee\n|-damage|p2a: Ribombee|17\/100\n|-enditem|p2a: Ribombee|Focus Sash|[from] move: Knock Off|[of] p1a: Ferrothorn\n|\n|-weather|RainDance|[upkeep]\n|-damage|p2a: Ribombee|4\/100|[from] Leech Seed|[of] p1a: Ferrothorn\n|-heal|p1a: Ferrothorn|83\/100|[silent]\n|upkeep\n|turn|8\n|\n|t:|1700484088\n|move|p2a: Ribombee|Moonblast|p1a: Ferrothorn\n|-resisted|p1a: Ferrothorn\n|-damage|p1a: Ferrothorn|58\/100\n|-unboost|p1a: Ferrothorn|spa|1\n|move|p1a: Ferrothorn|Knock Off|p2a: Ribombee\n|-resisted|p2a: Ribombee\n|-damage|p2a: Ribombee|0 fnt\n|faint|p2a: Ribombee\n|\n|-weather|RainDance|[upkeep]\n|upkeep\n|\n|t:|1700484108\n|switch|p2a: Blaziken|Blaziken, F|100\/100\n|-damage|p2a: Blaziken|88\/100|[from] Stealth Rock\n|turn|9\n|\n|t:|1700484116\n|move|p2a: Blaziken|Swords Dance|p2a: Blaziken\n|-boost|p2a: Blaziken|atk|2\n|move|p1a: Ferrothorn|Leech Seed|p2a: Blaziken\n|-start|p2a: Blaziken|move: Leech Seed\n|\n|-weather|none\n|-damage|p2a: Blaziken|76\/100|[from] Leech Seed|[of] p1a: Ferrothorn\n|-heal|p1a: Ferrothorn|68\/100|[silent]\n|-ability|p2a: Blaziken|Speed Boost|boost\n|-boost|p2a: Blaziken|spe|1\n|upkeep\n|turn|10\n|\n|t:|1700484122\n|switch|p1a: Pelipper|Pelipper, M|60\/100\n|-weather|RainDance|[from] ability: Drizzle|[of] p1a: Pelipper\n|move|p2a: Blaziken|Fire Punch|p1a: Pelipper\n|-resisted|p1a: Pelipper\n|-damage|p1a: Pelipper|39\/100\n|\n|-weather|RainDance|[upkeep]\n|-damage|p2a: Blaziken|64\/100|[from] Leech Seed|[of] p1a: Pelipper\n|-heal|p1a: Pelipper|50\/100|[silent]\n|-ability|p2a: Blaziken|Speed Boost|boost\n|-boost|p2a: Blaziken|spe|1\n|upkeep\n|turn|11\n|\n|t:|1700484131\n|-terastallize|p1a: Pelipper|Ground\n|move|p2a: Blaziken|Close Combat|p1a: Pelipper\n|-damage|p1a: Pelipper|0 fnt\n|-unboost|p2a: Blaziken|def|1\n|-unboost|p2a: Blaziken|spd|1\n|faint|p1a: Pelipper\n|\n|-weather|RainDance|[upkeep]\n|-ability|p2a: Blaziken|Speed Boost|boost\n|-boost|p2a: Blaziken|spe|1\n|upkeep\n|\n|t:|1700484142\n|switch|p1a: Greninja|Greninja, M|100\/100\n|-activate|p1a: Greninja|move: Sticky Web\n|-unboost|p1a: Greninja|spe|1\n|turn|12\n|\n|t:|1700484163\n|move|p2a: Blaziken|Protect|p2a: Blaziken\n|-singleturn|p2a: Blaziken|Protect\n|move|p1a: Greninja|Water Shuriken|p2a: Blaziken\n|-activate|p2a: Blaziken|move: Protect\n|\n|-weather|RainDance|[upkeep]\n|-damage|p2a: Blaziken|51\/100|[from] Leech Seed|[of] p1a: Greninja\n|-ability|p2a: Blaziken|Speed Boost|boost\n|-boost|p2a: Blaziken|spe|1\n|upkeep\n|turn|13\n|\n|t:|1700484173\n|move|p2a: Blaziken|Protect|p2a: Blaziken\n|-singleturn|p2a: Blaziken|Protect\n|move|p1a: Greninja|Water Shuriken|p2a: Blaziken\n|-activate|p2a: Blaziken|move: Protect\n|\n|-weather|RainDance|[upkeep]\n|-damage|p2a: Blaziken|39\/100|[from] Leech Seed|[of] p1a: Greninja\n|-ability|p2a: Blaziken|Speed Boost|boost\n|-boost|p2a: Blaziken|spe|1\n|upkeep\n|turn|14\n|\n|t:|1700484177\n|move|p2a: Blaziken|Protect||[still]\n|-fail|p2a: Blaziken\n|move|p1a: Greninja|Water Shuriken|p2a: Blaziken\n|-supereffective|p2a: Blaziken\n|-damage|p2a: Blaziken|0 fnt\n|faint|p2a: Blaziken\n|-ability|p1a: Greninja|Battle Bond|boost\n|-boost|p1a: Greninja|atk|1\n|-boost|p1a: Greninja|spa|1\n|-boost|p1a: Greninja|spe|1\n|-activate|p1a: Greninja|ability: Battle Bond\n|-hitcount|p2: Blaziken|1\n|\n|-weather|RainDance|[upkeep]\n|upkeep\n|\n|t:|1700484195\n|switch|p2a: Moltres|Moltres-Galar|100\/100\n|turn|15\n|\n|t:|1700484209\n|-terastallize|p2a: Moltres|Dark\n|move|p1a: Greninja|Water Shuriken|p2a: Moltres\n|-damage|p2a: Moltres|81\/100\n|-damage|p2a: Moltres|62\/100\n|-hitcount|p2a: Moltres|2\n|move|p2a: Moltres|Fiery Wrath|p1a: Greninja\n|-resisted|p1a: Greninja\n|-damage|p1a: Greninja|55\/100\n|\n|-weather|RainDance|[upkeep]\n|upkeep\n|turn|16\n|\n|t:|1700484223\n|move|p1a: Greninja|Water Shuriken|p2a: Moltres\n|-damage|p2a: Moltres|43\/100\n|-damage|p2a: Moltres|25\/100\n|-damage|p2a: Moltres|8\/100\n|-hitcount|p2a: Moltres|3\n|-ability|p2a: Moltres|Berserk|boost\n|-boost|p2a: Moltres|spa|1\n|move|p2a: Moltres|Fiery Wrath|p1a: Greninja\n|-resisted|p1a: Greninja\n|-damage|p1a: Greninja|0 fnt\n|faint|p1a: Greninja\n|\n|-weather|RainDance|[upkeep]\n|upkeep\n|\n|t:|1700484236\n|switch|p1a: Swampert|Swampert, F|100\/100\n|-activate|p1a: Swampert|move: Sticky Web\n|-unboost|p1a: Swampert|spe|1\n|turn|17\n|\n|t:|1700484244\n|detailschange|p1a: Swampert|Swampert-Mega, F\n|-mega|p1a: Swampert|Swampert|Swampertite\n|move|p1a: Swampert|Ice Punch|p2a: Moltres\n|-damage|p2a: Moltres|0 fnt\n|faint|p2a: Moltres\n|\n|-weather|none\n|upkeep\n|\n|t:|1700484253\n|switch|p2a: Landorus|Landorus-Therian, M|100\/100\n|-damage|p2a: Landorus|88\/100|[from] Stealth Rock\n|-ability|p2a: Landorus|Intimidate|boost\n|-unboost|p1a: Swampert|atk|1\n|turn|18\n|\n|t:|1700484257\n|move|p2a: Landorus|Stealth Rock|p1a: Swampert\n|-sidestart|p1: bu wei chen chen|move: Stealth Rock\n|move|p1a: Swampert|Ice Punch|p2a: Landorus\n|-supereffective|p2a: Landorus\n|-damage|p2a: Landorus|0 fnt\n|faint|p2a: Landorus\n|\n|upkeep\n|\n|t:|1700484265\n|switch|p2a: Latios|Latios, M|100\/100\n|-damage|p2a: Latios|88\/100|[from] Stealth Rock\n|turn|19\n|\n|t:|1700484275\n|switch|p1a: Ferrothorn|Ferrothorn, M|68\/100\n|-activate|p1a: Ferrothorn|move: Sticky Web\n|-unboost|p1a: Ferrothorn|spe|1\n|-damage|p1a: Ferrothorn|62\/100|[from] Stealth Rock\n|detailschange|p2a: Latios|Latios-Mega, M\n|-mega|p2a: Latios|Latios|Latiosite\n|move|p2a: Latios|Breaking Swipe|p1a: Ferrothorn\n|-resisted|p1a: Ferrothorn\n|-damage|p1a: Ferrothorn|50\/100\n|-unboost|p1a: Ferrothorn|atk|1\n|-damage|p2a: Latios|76\/100|[from] ability: Iron Barbs|[of] p1a: Ferrothorn\n|\n|upkeep\n|turn|20\n|\n|t:|1700484288\n|move|p2a: Latios|Dragon Dance|p2a: Latios\n|-boost|p2a: Latios|atk|1\n|-boost|p2a: Latios|spe|1\n|move|p1a: Ferrothorn|Leech Seed|p2a: Latios\n|-start|p2a: Latios|move: Leech Seed\n|\n|-damage|p2a: Latios|64\/100|[from] Leech Seed|[of] p1a: Ferrothorn\n|-heal|p1a: Ferrothorn|60\/100|[silent]\n|upkeep\n|turn|21\n|\n|t:|1700484296\n|move|p2a: Latios|Roost|p2a: Latios\n|-heal|p2a: Latios|100\/100\n|-singleturn|p2a: Latios|move: Roost\n|move|p1a: Ferrothorn|Knock Off|p2a: Latios\n|-supereffective|p2a: Latios\n|-damage|p2a: Latios|79\/100\n|\n|-damage|p2a: Latios|67\/100|[from] Leech Seed|[of] p1a: Ferrothorn\n|-heal|p1a: Ferrothorn|71\/100|[silent]\n|upkeep\n|turn|22\n|\n|t:|1700484305\n|switch|p1a: Swampert|Swampert-Mega, F|100\/100\n|-activate|p1a: Swampert|move: Sticky Web\n|-unboost|p1a: Swampert|spe|1\n|-damage|p1a: Swampert|94\/100|[from] Stealth Rock\n|move|p2a: Latios|Dragon Dance|p2a: Latios\n|-boost|p2a: Latios|atk|1\n|-boost|p2a: Latios|spe|1\n|\n|-damage|p2a: Latios|55\/100|[from] Leech Seed|[of] p1a: Swampert\n|-heal|p1a: Swampert|100\/100|[silent]\n|upkeep\n|turn|23\n|\n|t:|1700484314\n|move|p2a: Latios|Breaking Swipe|p1a: Swampert\n|-damage|p1a: Swampert|36\/100\n|-unboost|p1a: Swampert|atk|1\n|move|p1a: Swampert|Ice Punch|p2a: Latios\n|-supereffective|p2a: Latios\n|-damage|p2a: Latios|9\/100\n|\n|-damage|p2a: Latios|0 fnt|[from] Leech Seed|[of] p1a: Swampert\n|-heal|p1a: Swampert|44\/100|[silent]\n|faint|p2a: Latios\n|upkeep\n|\n|t:|1700484321\n|switch|p2a: Iron Treads|Iron Treads|100\/100\n|-damage|p2a: Iron Treads|97\/100|[from] Stealth Rock\n|turn|24\n|\n|t:|1700484331\n|move|p2a: Iron Treads|Earthquake|p1a: Swampert\n|-damage|p1a: Swampert|0 fnt\n|faint|p1a: Swampert\n|\n|upkeep\n|\n|t:|1700484335\n|switch|p1a: Ferrothorn|Ferrothorn, M|71\/100\n|-activate|p1a: Ferrothorn|move: Sticky Web\n|-unboost|p1a: Ferrothorn|spe|1\n|-damage|p1a: Ferrothorn|65\/100|[from] Stealth Rock\n|turn|25\n|\n|t:|1700484338\n|move|p2a: Iron Treads|Ice Spinner|p1a: Ferrothorn\n|-damage|p1a: Ferrothorn|49\/100\n|-damage|p2a: Iron Treads|85\/100|[from] ability: Iron Barbs|[of] p1a: Ferrothorn\n|move|p1a: Ferrothorn|Leech Seed|p2a: Iron Treads\n|-start|p2a: Iron Treads|move: Leech Seed\n|\n|-damage|p2a: Iron Treads|72\/100|[from] Leech Seed|[of] p1a: Ferrothorn\n|-heal|p1a: Ferrothorn|60\/100|[silent]\n|upkeep\n|turn|26\n|\n|t:|1700484344\n|move|p2a: Iron Treads|Earthquake|p1a: Ferrothorn\n|-damage|p1a: Ferrothorn|27\/100\n|move|p1a: Ferrothorn|Knock Off|p2a: Iron Treads\n|-damage|p2a: Iron Treads|52\/100\n|-enditem|p2a: Iron Treads|Assault Vest|[from] move: Knock Off|[of] p1a: Ferrothorn\n|\n|-damage|p2a: Iron Treads|39\/100|[from] Leech Seed|[of] p1a: Ferrothorn\n|-heal|p1a: Ferrothorn|39\/100|[silent]\n|upkeep\n|turn|27\n|\n|t:|1700484354\n|move|p2a: Iron Treads|Earthquake|p1a: Ferrothorn\n|-damage|p1a: Ferrothorn|4\/100\n|move|p1a: Ferrothorn|Knock Off|p2a: Iron Treads\n|-damage|p2a: Iron Treads|27\/100\n|\n|-damage|p2a: Iron Treads|15\/100|[from] Leech Seed|[of] p1a: Ferrothorn\n|-heal|p1a: Ferrothorn|16\/100|[silent]\n|upkeep\n|turn|28\n|-message|whskeey forfeited.\n|\n|win|bu wei chen chen\n|raw|bu wei chen chen's rating: 1342 &rarr; <strong>1358<\/strong><br \/>(+16 for winning)\n|raw|whskeey's rating: 1274 &rarr; <strong>1254<\/strong><br \/>(-20 for losing)\n|l|\u2606whskeey\n","uploadtime":1700484363,"views":4,"p1id":"buweichenchen","p2id":"whskeey","formatid":"gen9nationaldex","rating":1254,"private":0,"password":""}