{"id":"gen9nationaldex-1996205395","p1":"crazyliy","p2":"schoolboy333","format":"[Gen 9] National Dex","log":"|html|<div class=\"broadcast-blue\"><strong>[Gen 9] National Dex is currently suspecting Sneasler! For information on how to participate check out the <a href=\"https:\/\/www.smogon.com\/forums\/threads\/sv-national-dex-suspect-8-just-dance.3731534\/\">suspect thread<\/a>.<\/strong><\/div>\n|j|\u2606crazyliy\n|j|\u2606schoolboy333\n|t:|1700658946\n|gametype|singles\n|player|p1|crazyliy|sage|1250\n|player|p2|schoolboy333|byron|1217\n|teamsize|p1|6\n|teamsize|p2|6\n|gen|9\n|tier|[Gen 9] National Dex\n|rated|\n|rule|HP Percentage Mod: HP is shown in percentages\n|rule|Endless Battle Clause: Forcing endless battles is banned\n|rule|OHKO Clause: OHKO moves are banned\n|rule|Evasion Clause: Evasion abilities, items, and moves are banned\n|rule|Evasion Abilities Clause: Evasion abilities are banned\n|rule|Evasion Items Clause: Evasion items are banned\n|rule|Evasion Moves Clause: Evasion moves are banned\n|rule|Species Clause: Limit one of each Pok\u00e9mon\n|rule|Sleep Clause Mod: Limit one foe put to sleep\n|clearpoke\n|poke|p1|Sneasler, M|\n|poke|p1|Rillaboom, F|\n|poke|p1|Ursaluna, M|\n|poke|p1|Heatran, M|\n|poke|p1|Zapdos|\n|poke|p1|Scizor, M|\n|poke|p2|Dragonite, M|\n|poke|p2|Hatterene, F|\n|poke|p2|Keldeo|\n|poke|p2|Ogerpon-Cornerstone, F|\n|poke|p2|Bisharp, F|\n|poke|p2|Skeledirge, F|\n|teampreview\n|inactive|Battle timer is ON: inactive players will automatically lose when time's up. (requested by crazyliy)\n|\n|t:|1700658969\n|start\n|switch|p1a: Rillaboom|Rillaboom, F|100\/100\n|switch|p2a: Hatterene|Hatterene, F|100\/100\n|-fieldstart|move: Grassy Terrain|[from] ability: Grassy Surge|[of] p1a: Rillaboom\n|turn|1\n|\n|t:|1700658986\n|move|p1a: Rillaboom|U-turn|p2a: Hatterene\n|-damage|p2a: Hatterene|72\/100\n|-damage|p1a: Rillaboom|84\/100|[from] item: Rocky Helmet|[of] p2a: Hatterene\n|\n|t:|1700658990\n|switch|p1a: Scizor|Scizor, M|100\/100|[from] U-turn\n|move|p2a: Hatterene|Nuzzle|p1a: Scizor\n|-damage|p1a: Scizor|96\/100\n|-status|p1a: Scizor|par\n|\n|-heal|p2a: Hatterene|78\/100|[from] Grassy Terrain\n|-heal|p1a: Scizor|100\/100 par|[from] Grassy Terrain\n|upkeep\n|turn|2\n|\n|t:|1700659002\n|detailschange|p1a: Scizor|Scizor-Mega, M\n|-mega|p1a: Scizor|Scizor|Scizorite\n|move|p1a: Scizor|Bullet Punch|p2a: Hatterene\n|-supereffective|p2a: Hatterene\n|-damage|p2a: Hatterene|0 fnt\n|-damage|p1a: Scizor|84\/100 par|[from] item: Rocky Helmet|[of] p2a: Hatterene\n|faint|p2a: Hatterene\n|\n|-heal|p1a: Scizor|90\/100 par|[from] Grassy Terrain\n|upkeep\n|\n|t:|1700659010\n|switch|p2a: Skeledirge|Skeledirge, F|100\/100\n|turn|3\n|\n|t:|1700659023\n|switch|p1a: Sneasler|Sneasler, M|100\/100\n|-enditem|p1a: Sneasler|Grassy Seed\n|-boost|p1a: Sneasler|def|1|[from] item: Grassy Seed\n|move|p2a: Skeledirge|Earth Power|p1a: Sneasler\n|-supereffective|p1a: Sneasler\n|-damage|p1a: Sneasler|21\/100\n|\n|-heal|p1a: Sneasler|27\/100|[from] Grassy Terrain\n|upkeep\n|turn|4\n|\n|t:|1700659048\n|-terastallize|p1a: Sneasler|Flying\n|move|p1a: Sneasler|Acrobatics|p2a: Skeledirge\n|-damage|p2a: Skeledirge|54\/100\n|move|p2a: Skeledirge|Torch Song|p1a: Sneasler\n|-damage|p1a: Sneasler|0 fnt\n|-boost|p2a: Skeledirge|spa|1\n|faint|p1a: Sneasler\n|-enditem|p2a: Skeledirge|Throat Spray\n|-boost|p2a: Skeledirge|spa|1|[from] item: Throat Spray\n|\n|-heal|p2a: Skeledirge|60\/100|[from] Grassy Terrain\n|upkeep\n|\n|t:|1700659061\n|switch|p1a: Ursaluna|Ursaluna, M|100\/100\n|turn|5\n|\n|t:|1700659086\n|-terastallize|p2a: Skeledirge|Flying\n|move|p1a: Ursaluna|Headlong Rush|p2a: Skeledirge\n|-immune|p2a: Skeledirge\n|move|p2a: Skeledirge|Slack Off|p2a: Skeledirge\n|-heal|p2a: Skeledirge|100\/100\n|\n|-fieldend|move: Grassy Terrain\n|-status|p1a: Ursaluna|brn|[from] item: Flame Orb\n|upkeep\n|turn|6\n|\n|t:|1700659095\n|move|p1a: Ursaluna|Facade|p2a: Skeledirge\n|-damage|p2a: Skeledirge|7\/100\n|move|p2a: Skeledirge|Torch Song|p1a: Ursaluna\n|-crit|p1a: Ursaluna\n|-damage|p1a: Ursaluna|0 fnt\n|-boost|p2a: Skeledirge|spa|1\n|faint|p1a: Ursaluna\n|\n|upkeep\n|-message|crazyliy forfeited.\n|\n|win|schoolboy333\n|raw|crazyliy's rating: 1250 &rarr; <strong>1223<\/strong><br \/>(-27 for losing)\n|raw|schoolboy333's rating: 1217 &rarr; <strong>1244<\/strong><br \/>(+27 for winning)\n|l|\u2606crazyliy\n","uploadtime":1700659108,"views":11,"p1id":"crazyliy","p2id":"schoolboy333","formatid":"gen9nationaldex","rating":1223,"private":0,"password":""}