{"id":"gen9nationaldex-1993493060","p1":"Leo11123","p2":"Okamateratsu","format":"[Gen 9] National Dex","log":"|j|\u2606Leo11123\n|j|\u2606Okamateratsu\n|t:|1700324439\n|gametype|singles\n|player|p1|Leo11123|richboy|1355\n|player|p2|Okamateratsu|emmet|1388\n|teamsize|p1|6\n|teamsize|p2|6\n|gen|9\n|tier|[Gen 9] National Dex\n|rated|\n|rule|HP Percentage Mod: HP is shown in percentages\n|rule|Endless Battle Clause: Forcing endless battles is banned\n|rule|OHKO Clause: OHKO moves are banned\n|rule|Evasion Clause: Evasion abilities, items, and moves are banned\n|rule|Evasion Abilities Clause: Evasion abilities are banned\n|rule|Evasion Items Clause: Evasion items are banned\n|rule|Evasion Moves Clause: Evasion moves are banned\n|rule|Species Clause: Limit one of each Pok\u00e9mon\n|rule|Sleep Clause Mod: Limit one foe put to sleep\n|clearpoke\n|poke|p1|Toxapex, M|\n|poke|p1|Dondozo, M|\n|poke|p1|Garganacl, M|\n|poke|p1|Sableye, M|\n|poke|p1|Clodsire, M|\n|poke|p1|Gliscor, F|\n|poke|p2|Tapu Lele|\n|poke|p2|Sneasler, M|\n|poke|p2|Araquanid, F|\n|poke|p2|Garchomp, M|\n|poke|p2|Armarouge, F|\n|poke|p2|Starmie|\n|teampreview\n|inactive|Battle timer is ON: inactive players will automatically lose when time's up. (requested by Leo11123)\n|\n|t:|1700324453\n|start\n|switch|p1a: Toxapex|Toxapex, M|100\/100\n|switch|p2a: Araquanid|Araquanid, F|100\/100\n|turn|1\n|\n|t:|1700324462\n|move|p2a: Araquanid|Magic Coat|p2a: Araquanid\n|-singleturn|p2a: Araquanid|move: Magic Coat\n|move|p1a: Toxapex|Toxic|p2a: Araquanid\n|move|p2a: Araquanid|Toxic|p1a: Toxapex|[from]Magic Coat\n|-immune|p1a: Toxapex\n|\n|upkeep\n|turn|2\n|\n|t:|1700324474\n|move|p2a: Araquanid|Sticky Web|p1a: Toxapex\n|-sidestart|p1: Leo11123|move: Sticky Web\n|move|p1a: Toxapex|Toxic|p2a: Araquanid\n|-status|p2a: Araquanid|tox\n|\n|-damage|p2a: Araquanid|94\/100 tox|[from] psn\n|upkeep\n|turn|3\n|\n|t:|1700324487\n|switch|p2a: Tapu Lele|Tapu Lele|100\/100\n|-fieldstart|move: Psychic Terrain|[from] ability: Psychic Surge|[of] p2a: Tapu Lele\n|switch|p1a: Gliscor|Gliscor, F|100\/100\n|\n|-status|p1a: Gliscor|tox|[from] item: Toxic Orb\n|upkeep\n|turn|4\n|\n|t:|1700324509\n|switch|p1a: Sableye|Sableye, M|100\/100\n|-activate|p1a: Sableye|move: Sticky Web\n|-unboost|p1a: Sableye|spe|1\n|move|p2a: Tapu Lele|Future Sight|p1a: Sableye\n|-start|p2a: Tapu Lele|move: Future Sight\n|\n|upkeep\n|turn|5\n|\n|t:|1700324527\n|detailschange|p1a: Sableye|Sableye-Mega, M\n|-mega|p1a: Sableye|Sableye|Sablenite\n|move|p1a: Sableye|Protect|p1a: Sableye\n|-singleturn|p1a: Sableye|Protect\n|move|p2a: Tapu Lele|Moonblast|p1a: Sableye\n|-activate|p1a: Sableye|move: Protect\n|\n|upkeep\n|turn|6\n|inactive|Leo11123 has 120 seconds left.\n|\n|t:|1700324563\n|switch|p2a: Armarouge|Armarouge, F|100\/100\n|move|p1a: Sableye|Knock Off|p2a: Armarouge\n|-supereffective|p2a: Armarouge\n|-damage|p2a: Armarouge|49\/100\n|-ability|p2a: Armarouge|Weak Armor|boost\n|-unboost|p2a: Armarouge|def|1\n|-boost|p2a: Armarouge|spe|2\n|-enditem|p2a: Armarouge|Focus Sash|[from] move: Knock Off|[of] p1a: Sableye\n|\n|-end|p1a: Sableye|move: Future Sight\n|-immune|p1a: Sableye\n|upkeep\n|turn|7\n|\n|t:|1700324577\n|move|p2a: Armarouge|Armor Cannon|p1a: Sableye\n|-damage|p1a: Sableye|35\/100\n|-unboost|p2a: Armarouge|def|1\n|-unboost|p2a: Armarouge|spd|1\n|move|p1a: Sableye|Knock Off|p2a: Armarouge\n|-supereffective|p2a: Armarouge\n|-damage|p2a: Armarouge|0 fnt\n|faint|p2a: Armarouge\n|\n|upkeep\n|\n|t:|1700324583\n|switch|p2a: Garchomp|Garchomp, M|100\/100\n|turn|8\n|\n|t:|1700324589\n|detailschange|p2a: Garchomp|Garchomp-Mega, M\n|-mega|p2a: Garchomp|Garchomp|Garchompite\n|move|p1a: Sableye|Protect|p1a: Sableye\n|-singleturn|p1a: Sableye|Protect\n|move|p2a: Garchomp|Scale Shot|p1a: Sableye\n|-activate|p1a: Sableye|move: Protect\n|\n|upkeep\n|turn|9\n|\n|t:|1700324603\n|switch|p1a: Dondozo|Dondozo, M|100\/100\n|-activate|p1a: Dondozo|move: Sticky Web\n|-unboost|p1a: Dondozo|spe|1\n|move|p2a: Garchomp|Scale Shot|p1a: Dondozo\n|-damage|p1a: Dondozo|93\/100\n|-damage|p1a: Dondozo|86\/100\n|-hitcount|p1a: Dondozo|2\n|-unboost|p2a: Garchomp|def|1\n|-boost|p2a: Garchomp|spe|1\n|\n|-heal|p1a: Dondozo|92\/100|[from] item: Leftovers\n|upkeep\n|turn|10\n|\n|t:|1700324622\n|switch|p2a: Araquanid|Araquanid, F|94\/100 tox\n|move|p1a: Dondozo|Liquidation|p2a: Araquanid\n|-resisted|p2a: Araquanid\n|-damage|p2a: Araquanid|76\/100 tox\n|\n|-heal|p2a: Araquanid|83\/100 tox|[from] item: Leftovers\n|-heal|p1a: Dondozo|98\/100|[from] item: Leftovers\n|-damage|p2a: Araquanid|76\/100 tox|[from] psn\n|-fieldend|move: Psychic Terrain\n|upkeep\n|turn|11\n|inactive|Leo11123 has 120 seconds left.\n|\n|t:|1700324639\n|switch|p1a: Toxapex|Toxapex, M|100\/100\n|move|p2a: Araquanid|Poison Jab|p1a: Toxapex\n|-resisted|p1a: Toxapex\n|-damage|p1a: Toxapex|92\/100\n|\n|-heal|p2a: Araquanid|83\/100 tox|[from] item: Leftovers\n|-damage|p2a: Araquanid|70\/100 tox|[from] psn\n|upkeep\n|turn|12\n|inactive|Leo11123 has 120 seconds left.\n|\n|t:|1700324648\n|switch|p2a: Tapu Lele|Tapu Lele|100\/100\n|-fieldstart|move: Psychic Terrain|[from] ability: Psychic Surge|[of] p2a: Tapu Lele\n|move|p1a: Toxapex|Scald|p2a: Tapu Lele\n|-damage|p2a: Tapu Lele|81\/100\n|\n|upkeep\n|turn|13\n|inactive|Leo11123 has 120 seconds left.\n|\n|t:|1700324672\n|-terastallize|p1a: Toxapex|Fairy\n|move|p2a: Tapu Lele|Future Sight|p1a: Toxapex\n|-start|p2a: Tapu Lele|move: Future Sight\n|move|p1a: Toxapex|Toxic|p2a: Tapu Lele|[miss]\n|-miss|p1a: Toxapex|p2a: Tapu Lele\n|\n|upkeep\n|turn|14\n|\n|t:|1700324680\n|switch|p2a: Araquanid|Araquanid, F|70\/100 tox\n|move|p1a: Toxapex|Toxic|p2a: Araquanid\n|-fail|p2a: Araquanid|tox\n|\n|-heal|p2a: Araquanid|76\/100 tox|[from] item: Leftovers\n|-damage|p2a: Araquanid|70\/100 tox|[from] psn\n|upkeep\n|turn|15\n|inactive|Leo11123 has 120 seconds left.\n|\n|t:|1700324700\n|move|p2a: Araquanid|Liquidation|p1a: Toxapex\n|-damage|p1a: Toxapex|45\/100\n|move|p1a: Toxapex|Recover|p1a: Toxapex\n|-heal|p1a: Toxapex|95\/100\n|\n|-end|p1a: Toxapex|move: Future Sight\n|-damage|p1a: Toxapex|41\/100\n|-heal|p2a: Araquanid|76\/100 tox|[from] item: Leftovers\n|-damage|p2a: Araquanid|64\/100 tox|[from] psn\n|upkeep\n|turn|16\n|\n|t:|1700324724\n|switch|p1a: Dondozo|Dondozo, M|98\/100\n|-activate|p1a: Dondozo|move: Sticky Web\n|-unboost|p1a: Dondozo|spe|1\n|move|p2a: Araquanid|Poison Jab|p1a: Dondozo\n|-damage|p1a: Dondozo|89\/100\n|\n|-heal|p2a: Araquanid|70\/100 tox|[from] item: Leftovers\n|-heal|p1a: Dondozo|95\/100|[from] item: Leftovers\n|-damage|p2a: Araquanid|52\/100 tox|[from] psn\n|upkeep\n|turn|17\n|\n|t:|1700324731\n|switch|p2a: Starmie|Starmie|100\/100\n|move|p1a: Dondozo|Liquidation|p2a: Starmie\n|-resisted|p2a: Starmie\n|-damage|p2a: Starmie|78\/100\n|\n|-heal|p1a: Dondozo|100\/100|[from] item: Leftovers\n|upkeep\n|turn|18\n|\n|t:|1700324750\n|switch|p1a: Gliscor|Gliscor, F|100\/100 tox\n|-terastallize|p2a: Starmie|Psychic\n|move|p2a: Starmie|Expanding Force|p1a: Gliscor\n|-damage|p1a: Gliscor|0 fnt\n|faint|p1a: Gliscor\n|\n|upkeep\n|inactive|Leo11123 has 90 seconds left.\n|\n|t:|1700324768\n|switch|p1a: Garganacl|Garganacl, M|100\/100\n|-activate|p1a: Garganacl|move: Sticky Web\n|-unboost|p1a: Garganacl|spe|1\n|turn|19\n|inactive|Leo11123 has 90 seconds left.\n|\n|t:|1700324778\n|move|p2a: Starmie|Hydro Pump|p1a: Garganacl\n|-supereffective|p1a: Garganacl\n|-damage|p1a: Garganacl|42\/100\n|move|p1a: Garganacl|Salt Cure|p2a: Starmie\n|-damage|p2a: Starmie|57\/100\n|-start|p2a: Starmie|Salt Cure\n|\n|-heal|p1a: Garganacl|48\/100|[from] item: Leftovers\n|-damage|p2a: Starmie|45\/100|[from] Salt Cure\n|-fieldend|move: Psychic Terrain\n|upkeep\n|turn|20\n|inactive|Leo11123 has 90 seconds left.\n|\n|t:|1700324788\n|switch|p2a: Tapu Lele|Tapu Lele|81\/100\n|-fieldstart|move: Psychic Terrain|[from] ability: Psychic Surge|[of] p2a: Tapu Lele\n|move|p1a: Garganacl|Protect||[still]\n|-fail|p1a: Garganacl\n|\n|-heal|p1a: Garganacl|54\/100|[from] item: Leftovers\n|upkeep\n|turn|21\n|\n|t:|1700324797\n|move|p2a: Tapu Lele|Future Sight|p1a: Garganacl\n|-start|p2a: Tapu Lele|move: Future Sight\n|move|p1a: Garganacl|Recover|p1a: Garganacl\n|-heal|p1a: Garganacl|100\/100\n|\n|upkeep\n|turn|22\n|\n|t:|1700324805\n|move|p2a: Tapu Lele|Focus Blast|p1a: Garganacl|[miss]\n|-miss|p2a: Tapu Lele|p1a: Garganacl\n|move|p1a: Garganacl|Salt Cure|p2a: Tapu Lele\n|-damage|p2a: Tapu Lele|59\/100\n|-start|p2a: Tapu Lele|Salt Cure\n|\n|-damage|p2a: Tapu Lele|46\/100|[from] Salt Cure\n|upkeep\n|turn|23\n|\n|t:|1700324824\n|switch|p1a: Sableye|Sableye-Mega, M|35\/100\n|-activate|p1a: Sableye|move: Sticky Web\n|-unboost|p1a: Sableye|spe|1\n|move|p2a: Tapu Lele|Moonblast|p1a: Sableye\n|-supereffective|p1a: Sableye\n|-damage|p1a: Sableye|0 fnt\n|faint|p1a: Sableye\n|\n|-hint|Future Sight did not hit because the target is fainted.\n|-damage|p2a: Tapu Lele|34\/100|[from] Salt Cure\n|upkeep\n|\n|t:|1700324831\n|switch|p1a: Garganacl|Garganacl, M|100\/100\n|-activate|p1a: Garganacl|move: Sticky Web\n|-unboost|p1a: Garganacl|spe|1\n|turn|24\n|\n|t:|1700324835\n|switch|p2a: Garchomp|Garchomp-Mega, M|100\/100\n|move|p1a: Garganacl|Stealth Rock|p2a: Garchomp\n|-sidestart|p2: Okamateratsu|move: Stealth Rock\n|\n|upkeep\n|turn|25\n|\n|t:|1700324848\n|move|p2a: Garchomp|Earthquake|p1a: Garganacl\n|-supereffective|p1a: Garganacl\n|-damage|p1a: Garganacl|15\/100\n|move|p1a: Garganacl|Salt Cure|p2a: Garchomp\n|-resisted|p2a: Garchomp\n|-damage|p2a: Garchomp|94\/100\n|-start|p2a: Garchomp|Salt Cure\n|\n|-heal|p1a: Garganacl|21\/100|[from] item: Leftovers\n|-damage|p2a: Garchomp|82\/100|[from] Salt Cure\n|upkeep\n|turn|26\n|\n|t:|1700324859\n|switch|p1a: Dondozo|Dondozo, M|100\/100\n|-activate|p1a: Dondozo|move: Sticky Web\n|-unboost|p1a: Dondozo|spe|1\n|move|p2a: Garchomp|Swords Dance|p2a: Garchomp\n|-boost|p2a: Garchomp|atk|2\n|\n|-damage|p2a: Garchomp|70\/100|[from] Salt Cure\n|upkeep\n|turn|27\n|\n|t:|1700324867\n|move|p2a: Garchomp|Scale Shot|p1a: Dondozo\n|-damage|p1a: Dondozo|93\/100\n|-damage|p1a: Dondozo|86\/100\n|-hitcount|p1a: Dondozo|2\n|-unboost|p2a: Garchomp|def|1\n|-boost|p2a: Garchomp|spe|1\n|move|p1a: Dondozo|Liquidation|p2a: Garchomp\n|-damage|p2a: Garchomp|47\/100\n|\n|-heal|p1a: Dondozo|92\/100|[from] item: Leftovers\n|-damage|p2a: Garchomp|34\/100|[from] Salt Cure\n|-fieldend|move: Psychic Terrain\n|upkeep\n|turn|28\n|\n|t:|1700324876\n|switch|p2a: Araquanid|Araquanid, F|52\/100 tox\n|-damage|p2a: Araquanid|27\/100 tox|[from] Stealth Rock\n|move|p1a: Dondozo|Liquidation|p2a: Araquanid\n|-resisted|p2a: Araquanid\n|-damage|p2a: Araquanid|7\/100 tox\n|\n|-heal|p2a: Araquanid|13\/100 tox|[from] item: Leftovers\n|-heal|p1a: Dondozo|98\/100|[from] item: Leftovers\n|-damage|p2a: Araquanid|7\/100 tox|[from] psn\n|upkeep\n|turn|29\n|inactive|Leo11123 has 120 seconds left.\n|\n|t:|1700324893\n|switch|p1a: Garganacl|Garganacl, M|21\/100\n|-activate|p1a: Garganacl|move: Sticky Web\n|-unboost|p1a: Garganacl|spe|1\n|move|p2a: Araquanid|Poison Jab|p1a: Garganacl\n|-resisted|p1a: Garganacl\n|-damage|p1a: Garganacl|15\/100\n|\n|-heal|p2a: Araquanid|13\/100 tox|[from] item: Leftovers\n|-heal|p1a: Garganacl|21\/100|[from] item: Leftovers\n|-damage|p2a: Araquanid|0 fnt|[from] psn\n|faint|p2a: Araquanid\n|upkeep\n|\n|t:|1700324898\n|switch|p2a: Starmie|Starmie, tera:Psychic|45\/100\n|turn|30\n|\n|t:|1700324906\n|move|p1a: Garganacl|Protect|p1a: Garganacl\n|-singleturn|p1a: Garganacl|Protect\n|move|p2a: Starmie|Rapid Spin|p1a: Garganacl\n|-activate|p1a: Garganacl|move: Protect\n|\n|-heal|p1a: Garganacl|27\/100|[from] item: Leftovers\n|upkeep\n|turn|31\n|inactive|Leo11123 has 120 seconds left.\n|\n|t:|1700324925\n|move|p2a: Starmie|Hydro Pump|p1a: Garganacl\n|-supereffective|p1a: Garganacl\n|-damage|p1a: Garganacl|0 fnt\n|faint|p1a: Garganacl\n|\n|upkeep\n|inactive|Leo11123 has 120 seconds left.\n|\n|t:|1700324936\n|switch|p1a: Toxapex|Toxapex, M, tera:Fairy|75\/100\n|turn|32\n|inactive|Leo11123 has 120 seconds left.\n|\n|t:|1700324943\n|move|p2a: Starmie|Rapid Spin|p1a: Toxapex\n|-damage|p1a: Toxapex|68\/100\n|-boost|p2a: Starmie|spe|1\n|-sideend|p2: Okamateratsu|Stealth Rock|[from] move: Rapid Spin|[of] p2a: Starmie\n|move|p1a: Toxapex|Toxic|p2a: Starmie\n|-status|p2a: Starmie|tox\n|\n|-damage|p2a: Starmie|38\/100 tox|[from] psn\n|upkeep\n|turn|33\n|inactive|Leo11123 has 120 seconds left.\n|\n|t:|1700324955\n|-curestatus|p2a: Starmie|tox|[from] ability: Natural Cure\n|switch|p2a: Tapu Lele|Tapu Lele|34\/100\n|-fieldstart|move: Psychic Terrain|[from] ability: Psychic Surge|[of] p2a: Tapu Lele\n|move|p1a: Toxapex|Recover|p1a: Toxapex\n|-heal|p1a: Toxapex|100\/100\n|\n|upkeep\n|turn|34\n|\n|t:|1700324964\n|move|p2a: Tapu Lele|Future Sight|p1a: Toxapex\n|-start|p2a: Tapu Lele|move: Future Sight\n|move|p1a: Toxapex|Toxic|p2a: Tapu Lele\n|-status|p2a: Tapu Lele|tox\n|\n|-damage|p2a: Tapu Lele|28\/100 tox|[from] psn\n|upkeep\n|turn|35\n|\n|t:|1700324968\n|switch|p2a: Sneasler|Sneasler, M|100\/100\n|-enditem|p2a: Sneasler|Psychic Seed\n|-boost|p2a: Sneasler|spd|1|[from] item: Psychic Seed\n|move|p1a: Toxapex|Scald|p2a: Sneasler\n|-damage|p2a: Sneasler|85\/100\n|\n|upkeep\n|turn|36\n|\n|t:|1700324983\n|move|p2a: Sneasler|Dire Claw|p1a: Toxapex\n|-supereffective|p1a: Toxapex\n|-damage|p1a: Toxapex|23\/100\n|-status|p1a: Toxapex|par\n|cant|p1a: Toxapex|par\n|\n|-end|p1a: Toxapex|move: Future Sight\n|-damage|p1a: Toxapex|0 fnt\n|faint|p1a: Toxapex\n|upkeep\n|\n|t:|1700324992\n|switch|p1a: Dondozo|Dondozo, M|98\/100\n|-activate|p1a: Dondozo|move: Sticky Web\n|-unboost|p1a: Dondozo|spe|1\n|turn|37\n|\n|t:|1700325003\n|move|p2a: Sneasler|Dire Claw|p1a: Dondozo\n|-damage|p1a: Dondozo|77\/100\n|-status|p1a: Dondozo|psn\n|move|p1a: Dondozo|Liquidation|p2a: Sneasler\n|-damage|p2a: Sneasler|36\/100\n|\n|-heal|p1a: Dondozo|83\/100 psn|[from] item: Leftovers\n|-damage|p1a: Dondozo|70\/100 psn|[from] psn\n|upkeep\n|turn|38\n|\n|t:|1700325010\n|move|p2a: Sneasler|Dire Claw|p1a: Dondozo\n|-damage|p1a: Dondozo|50\/100 psn\n|move|p1a: Dondozo|Liquidation|p2a: Sneasler\n|-damage|p2a: Sneasler|0 fnt\n|faint|p2a: Sneasler\n|\n|-heal|p1a: Dondozo|56\/100 psn|[from] item: Leftovers\n|-damage|p1a: Dondozo|43\/100 psn|[from] psn\n|upkeep\n|\n|t:|1700325016\n|switch|p2a: Tapu Lele|Tapu Lele|28\/100 tox\n|turn|39\n|\n|t:|1700325019\n|move|p2a: Tapu Lele|Psychic|p1a: Dondozo\n|-damage|p1a: Dondozo|0 fnt\n|faint|p1a: Dondozo\n|\n|-damage|p2a: Tapu Lele|22\/100 tox|[from] psn\n|upkeep\n|\n|t:|1700325021\n|switch|p1a: Clodsire|Clodsire, M|100\/100\n|turn|40\n|\n|t:|1700325030\n|move|p2a: Tapu Lele|Psychic|p1a: Clodsire\n|-supereffective|p1a: Clodsire\n|-damage|p1a: Clodsire|32\/100\n|-unboost|p1a: Clodsire|spd|1\n|move|p1a: Clodsire|Recover|p1a: Clodsire\n|-heal|p1a: Clodsire|82\/100\n|\n|-damage|p2a: Tapu Lele|10\/100 tox|[from] psn\n|-fieldend|move: Psychic Terrain\n|upkeep\n|turn|41\n|\n|t:|1700325038\n|move|p2a: Tapu Lele|Future Sight|p1a: Clodsire\n|-start|p2a: Tapu Lele|move: Future Sight\n|move|p1a: Clodsire|Recover|p1a: Clodsire\n|-heal|p1a: Clodsire|100\/100\n|\n|-damage|p2a: Tapu Lele|0 fnt|[from] psn\n|faint|p2a: Tapu Lele\n|upkeep\n|\n|t:|1700325045\n|switch|p2a: Garchomp|Garchomp-Mega, M|34\/100\n|turn|42\n|\n|t:|1700325057\n|move|p2a: Garchomp|Earthquake|p1a: Clodsire\n|-supereffective|p1a: Clodsire\n|-damage|p1a: Clodsire|0 fnt\n|faint|p1a: Clodsire\n|\n|win|Okamateratsu\n|raw|Leo11123's rating: 1355 &rarr; <strong>1337<\/strong><br \/>(-18 for losing)\n|raw|Okamateratsu's rating: 1388 &rarr; <strong>1406<\/strong><br \/>(+18 for winning)\n|l|\u2606Leo11123\n","uploadtime":1700325083,"views":17,"p1id":"leo11123","p2id":"okamateratsu","formatid":"gen9nationaldex","rating":1337,"private":0,"password":""}