{"id":"gen9nationaldex-1988704149","p1":"coletade_oleo","p2":"yueyue12345","format":"[Gen 9] National Dex","log":"|j|\u2606coletade_oleo\n|j|\u2606yueyue12345\n|t:|1699752742\n|gametype|singles\n|player|p1|coletade_oleo|bruno|1292\n|player|p2|yueyue12345|lucas|1372\n|teamsize|p1|6\n|teamsize|p2|6\n|gen|9\n|tier|[Gen 9] National Dex\n|rated|\n|rule|HP Percentage Mod: HP is shown in percentages\n|rule|Endless Battle Clause: Forcing endless battles is banned\n|rule|OHKO Clause: OHKO moves are banned\n|rule|Evasion Clause: Evasion abilities, items, and moves are banned\n|rule|Evasion Abilities Clause: Evasion abilities are banned\n|rule|Evasion Items Clause: Evasion items are banned\n|rule|Evasion Moves Clause: Evasion moves are banned\n|rule|Species Clause: Limit one of each Pok\u00e9mon\n|rule|Sleep Clause Mod: Limit one foe put to sleep\n|clearpoke\n|poke|p1|Beedrill, F|\n|poke|p1|Zamazenta-*|\n|poke|p1|Lilligant-Hisui, F|\n|poke|p1|Iron Moth|\n|poke|p1|Urshifu-*, F|\n|poke|p1|Zygarde-10%|\n|poke|p2|Banette, F|\n|poke|p2|Sneasler, M|\n|poke|p2|Tapu Lele|\n|poke|p2|Zoroark-Hisui, M|\n|poke|p2|Blacephalon|\n|poke|p2|Grimmsnarl, M|\n|teampreview\n|inactive|Battle timer is ON: inactive players will automatically lose when time's up. (requested by coletade_oleo)\n|\n|t:|1699752765\n|start\n|switch|p1a: broken water bear|Urshifu-Rapid-Strike, F|100\/100\n|switch|p2a: Grimmsnarl|Grimmsnarl, M|100\/100\n|turn|1\n|\n|t:|1699752773\n|move|p1a: broken water bear|Surging Strikes|p2a: Grimmsnarl\n|-crit|p2a: Grimmsnarl\n|-damage|p2a: Grimmsnarl|61\/100\n|replace|p2a: Zoroark|Zoroark-Hisui, M\n|-end|p2a: Zoroark|Illusion\n|-crit|p2a: Zoroark\n|-damage|p2a: Zoroark|18\/100\n|-crit|p2a: Zoroark\n|-damage|p2a: Zoroark|0 fnt\n|faint|p2a: Zoroark\n|-hitcount|p2: Zoroark|3\n|\n|upkeep\n|\n|t:|1699752782\n|switch|p2a: Grimmsnarl|Grimmsnarl, M|100\/100\n|turn|2\n|\n|t:|1699752785\n|move|p1a: broken water bear|Surging Strikes|p2a: Grimmsnarl\n|-crit|p2a: Grimmsnarl\n|-damage|p2a: Grimmsnarl|76\/100\n|-crit|p2a: Grimmsnarl\n|-damage|p2a: Grimmsnarl|52\/100\n|-crit|p2a: Grimmsnarl\n|-damage|p2a: Grimmsnarl|30\/100\n|-hitcount|p2a: Grimmsnarl|3\n|move|p2a: Grimmsnarl|Thunder Punch|p1a: broken water bear\n|-supereffective|p1a: broken water bear\n|-damage|p1a: broken water bear|30\/100\n|-damage|p2a: Grimmsnarl|20\/100|[from] item: Life Orb\n|\n|upkeep\n|turn|3\n|\n|t:|1699752795\n|move|p2a: Grimmsnarl|Sucker Punch|p1a: broken water bear\n|-resisted|p1a: broken water bear\n|-damage|p1a: broken water bear|3\/100\n|-damage|p2a: Grimmsnarl|10\/100|[from] item: Life Orb\n|move|p1a: broken water bear|Surging Strikes|p2a: Grimmsnarl\n|-crit|p2a: Grimmsnarl\n|-damage|p2a: Grimmsnarl|0 fnt\n|faint|p2a: Grimmsnarl\n|-hitcount|p2: Grimmsnarl|1\n|\n|upkeep\n|\n|t:|1699752804\n|switch|p2a: Blacephalon|Blacephalon|100\/100\n|turn|4\n|inactive|coletade_oleo has 120 seconds left.\n|\n|t:|1699752845\n|move|p1a: broken water bear|Surging Strikes|p2a: Blacephalon\n|-supereffective|p2a: Blacephalon\n|-crit|p2a: Blacephalon\n|-damage|p2a: Blacephalon|3\/100\n|-supereffective|p2a: Blacephalon\n|-crit|p2a: Blacephalon\n|-damage|p2a: Blacephalon|0 fnt\n|faint|p2a: Blacephalon\n|-hitcount|p2: Blacephalon|2\n|\n|upkeep\n|\n|t:|1699752852\n|switch|p2a: Banette|Banette, F|100\/100\n|-item|p1a: broken water bear|Choice Scarf|[from] ability: Frisk|[of] p2a: Banette|[identify]\n|turn|5\n|\n|t:|1699752858\n|detailschange|p2a: Banette|Banette-Mega, F\n|-mega|p2a: Banette|Banette|Banettite\n|move|p2a: Banette|Destiny Bond|p2a: Banette\n|-singlemove|p2a: Banette|Destiny Bond\n|move|p1a: broken water bear|Surging Strikes|p2a: Banette\n|-crit|p2a: Banette\n|-damage|p2a: Banette|82\/100\n|-crit|p2a: Banette\n|-damage|p2a: Banette|60\/100\n|-crit|p2a: Banette\n|-damage|p2a: Banette|40\/100\n|-hitcount|p2a: Banette|3\n|\n|upkeep\n|turn|6\n|\n|t:|1699752868\n|move|p1a: broken water bear|Surging Strikes|p2a: Banette\n|-crit|p2a: Banette\n|-damage|p2a: Banette|19\/100\n|-crit|p2a: Banette\n|-damage|p2a: Banette|0 fnt\n|faint|p2a: Banette\n|-activate|p2a: Banette|move: Destiny Bond\n|faint|p1a: broken water bear\n|-hitcount|p2: Banette|2\n|\n|upkeep\n|\n|t:|1699752880\n|switch|p1a: im just a bee :)|Beedrill, F|100\/100\n|switch|p2a: Tapu Lele|Tapu Lele|100\/100\n|-fieldstart|move: Psychic Terrain|[from] ability: Psychic Surge|[of] p2a: Tapu Lele\n|turn|7\n|\n|t:|1699752889\n|detailschange|p1a: im just a bee :)|Beedrill-Mega, F\n|-mega|p1a: im just a bee :)|Beedrill|Beedrillite\n|move|p1a: im just a bee :)|Poison Jab|p2a: Tapu Lele\n|-supereffective|p2a: Tapu Lele\n|-damage|p2a: Tapu Lele|0 fnt\n|faint|p2a: Tapu Lele\n|\n|upkeep\n|\n|t:|1699752893\n|switch|p2a: Sneasler|Sneasler, M|100\/100\n|-enditem|p2a: Sneasler|Psychic Seed\n|-boost|p2a: Sneasler|spd|1|[from] item: Psychic Seed\n|turn|8\n|\n|t:|1699752898\n|-terastallize|p2a: Sneasler|Flying\n|move|p2a: Sneasler|Swords Dance|p2a: Sneasler\n|-boost|p2a: Sneasler|atk|2\n|move|p1a: im just a bee :)|Drill Run|p2a: Sneasler\n|-immune|p2a: Sneasler\n|\n|upkeep\n|turn|9\n|\n|t:|1699752904\n|move|p2a: Sneasler|Acrobatics|p1a: im just a bee :)\n|-supereffective|p1a: im just a bee :)\n|-damage|p1a: im just a bee :)|0 fnt\n|faint|p1a: im just a bee :)\n|\n|upkeep\n|\n|t:|1699752917\n|switch|p1a: Zygarde|Zygarde-10%|100\/100\n|-ability|p1a: Zygarde|Aura Break\n|turn|10\n|\n|t:|1699752925\n|move|p2a: Sneasler|Close Combat|p1a: Zygarde\n|-damage|p1a: Zygarde|0 fnt\n|-unboost|p2a: Sneasler|def|1\n|-unboost|p2a: Sneasler|spd|1\n|faint|p1a: Zygarde\n|\n|upkeep\n|\n|t:|1699752936\n|switch|p1a: doggo|Zamazenta|100\/100\n|-ability|p1a: doggo|Dauntless Shield|boost\n|-boost|p1a: doggo|def|1\n|turn|11\n|\n|t:|1699752941\n|move|p2a: Sneasler|Acrobatics|p1a: doggo\n|-supereffective|p1a: doggo\n|-damage|p1a: doggo|0 fnt\n|faint|p1a: doggo\n|\n|-fieldend|move: Psychic Terrain\n|upkeep\n|\n|t:|1699752945\n|switch|p1a: moth just moth|Iron Moth|100\/100\n|turn|12\n|\n|t:|1699752951\n|move|p2a: Sneasler|Acrobatics|p1a: moth just moth\n|-damage|p1a: moth just moth|0 fnt\n|faint|p1a: moth just moth\n|-end|p1a: moth just moth|Quark Drive|[silent]\n|\n|upkeep\n|\n|t:|1699752956\n|switch|p1a: VictoryDanceGoBrrr|Lilligant-Hisui, F|100\/100\n|turn|13\n|\n|t:|1699752962\n|move|p2a: Sneasler|Acrobatics|p1a: VictoryDanceGoBrrr\n|-supereffective|p1a: VictoryDanceGoBrrr\n|-crit|p1a: VictoryDanceGoBrrr\n|-enditem|p1a: VictoryDanceGoBrrr|Focus Sash\n|-damage|p1a: VictoryDanceGoBrrr|1\/100\n|move|p1a: VictoryDanceGoBrrr|Axe Kick|p2a: Sneasler\n|-resisted|p2a: Sneasler\n|-damage|p2a: Sneasler|26\/100\n|\n|upkeep\n|turn|14\n|\n|t:|1699752972\n|move|p2a: Sneasler|Dire Claw|p1a: VictoryDanceGoBrrr\n|-supereffective|p1a: VictoryDanceGoBrrr\n|-damage|p1a: VictoryDanceGoBrrr|0 fnt\n|faint|p1a: VictoryDanceGoBrrr\n|\n|win|yueyue12345\n|raw|coletade_oleo's rating: 1292 &rarr; <strong>1273<\/strong><br \/>(-19 for losing)\n|raw|yueyue12345's rating: 1372 &rarr; <strong>1387<\/strong><br \/>(+15 for winning)\n","uploadtime":1699752979,"views":13,"p1id":"coletadeoleo","p2id":"yueyue12345","formatid":"gen9nationaldex","rating":1273,"private":0,"password":""}