{"id":"gen9nationaldex-1997318822","p1":"josupa","p2":"QSR-ZY","format":"[Gen 9] National Dex","log":"|html|<div class=\"broadcast-blue\"><strong>[Gen 9] National Dex is currently suspecting Sneasler! For information on how to participate check out the <a href=\"https:\/\/www.smogon.com\/forums\/threads\/sv-national-dex-suspect-8-just-dance.3731534\/\">suspect thread<\/a>.<\/strong><\/div>\n|j|\u2606josupa\n|j|\u2606QSR-ZY\n|t:|1700788831\n|gametype|singles\n|player|p1|josupa|265|1311\n|player|p2|QSR-ZY|266|1210\n|teamsize|p1|6\n|teamsize|p2|6\n|gen|9\n|tier|[Gen 9] National Dex\n|rated|\n|rule|HP Percentage Mod: HP is shown in percentages\n|rule|Endless Battle Clause: Forcing endless battles is banned\n|rule|OHKO Clause: OHKO moves are banned\n|rule|Evasion Clause: Evasion abilities, items, and moves are banned\n|rule|Evasion Abilities Clause: Evasion abilities are banned\n|rule|Evasion Items Clause: Evasion items are banned\n|rule|Evasion Moves Clause: Evasion moves are banned\n|rule|Species Clause: Limit one of each Pok\u00e9mon\n|rule|Sleep Clause Mod: Limit one foe put to sleep\n|clearpoke\n|poke|p1|Medicham, M|\n|poke|p1|Volcarona, F|\n|poke|p1|Mandibuzz, F|\n|poke|p1|Rotom-Wash|\n|poke|p1|Hydreigon, M|\n|poke|p1|Excadrill, F|\n|poke|p2|Spiritomb, M|\n|poke|p2|Gastrodon, F|\n|poke|p2|Milotic, F|\n|poke|p2|Togekiss, F|\n|poke|p2|Garchomp, M|\n|poke|p2|Lucario, M|\n|teampreview\n|c|\u2606josupa|Cynthia's team?\n|\n|t:|1700788856\n|start\n|switch|p1a: Rotom|Rotom-Wash|100\/100\n|switch|p2a: Togekiss|Togekiss, F|100\/100\n|turn|1\n|\n|t:|1700788870\n|switch|p2a: Gastrodon|Gastrodon, F|100\/100\n|move|p1a: Rotom|Thunder Wave|p2a: Gastrodon\n|-immune|p2a: Gastrodon\n|\n|upkeep\n|turn|2\n|\n|t:|1700788888\n|switch|p1a: Hydreigon|Hydreigon, M|100\/100\n|move|p2a: Gastrodon|Scald|p1a: Hydreigon\n|-resisted|p1a: Hydreigon\n|-damage|p1a: Hydreigon|87\/100\n|-status|p1a: Hydreigon|brn\n|\n|-damage|p1a: Hydreigon|80\/100 brn|[from] brn\n|upkeep\n|turn|3\n|\n|t:|1700788898\n|move|p1a: Hydreigon|Dark Pulse|p2a: Gastrodon\n|-damage|p2a: Gastrodon|76\/100\n|move|p2a: Gastrodon|Ice Beam|p1a: Hydreigon\n|-supereffective|p1a: Hydreigon\n|-damage|p1a: Hydreigon|37\/100 brn\n|\n|-damage|p1a: Hydreigon|31\/100 brn|[from] brn\n|upkeep\n|turn|4\n|\n|t:|1700788907\n|move|p1a: Hydreigon|Dark Pulse|p2a: Gastrodon\n|-damage|p2a: Gastrodon|50\/100\n|cant|p2a: Gastrodon|flinch\n|\n|-damage|p1a: Hydreigon|25\/100 brn|[from] brn\n|upkeep\n|turn|5\n|\n|t:|1700788915\n|move|p1a: Hydreigon|Dark Pulse|p2a: Gastrodon\n|-damage|p2a: Gastrodon|24\/100\n|move|p2a: Gastrodon|Ice Beam|p1a: Hydreigon\n|-supereffective|p1a: Hydreigon\n|-damage|p1a: Hydreigon|0 fnt\n|faint|p1a: Hydreigon\n|\n|upkeep\n|\n|t:|1700788921\n|switch|p1a: Medicham|Medicham, M|100\/100\n|turn|6\n|\n|t:|1700788928\n|switch|p2a: Milotic|Milotic, F|100\/100\n|detailschange|p1a: Medicham|Medicham-Mega, M\n|-mega|p1a: Medicham|Medicham|Medichamite\n|move|p1a: Medicham|Close Combat|p2a: Milotic\n|-damage|p2a: Milotic|26\/100\n|-unboost|p1a: Medicham|def|1\n|-unboost|p1a: Medicham|spd|1\n|\n|-status|p2a: Milotic|brn|[from] item: Flame Orb\n|upkeep\n|turn|7\n|\n|t:|1700788941\n|switch|p2a: Spiritomb|Spiritomb, M|100\/100\n|move|p1a: Medicham|Close Combat|p2a: Spiritomb\n|-immune|p2a: Spiritomb\n|\n|upkeep\n|turn|8\n|\n|t:|1700788953\n|switch|p1a: Rotom|Rotom-Wash|100\/100\n|move|p2a: Spiritomb|Poltergeist|p1a: Rotom\n|-activate|p1a: Rotom|move: Poltergeist|Leftovers\n|-damage|p1a: Rotom|48\/100\n|\n|-heal|p1a: Rotom|54\/100|[from] item: Leftovers\n|upkeep\n|turn|9\n|\n|t:|1700788966\n|switch|p2a: Milotic|Milotic, F|26\/100 brn\n|move|p1a: Rotom|Pain Split|p2a: Milotic\n|-sethp|p2a: Milotic|34\/100 brn|[from] move: Pain Split|[silent]\n|-sethp|p1a: Rotom|44\/100|[from] move: Pain Split\n|\n|-heal|p1a: Rotom|50\/100|[from] item: Leftovers\n|-damage|p2a: Milotic|28\/100 brn|[from] brn\n|upkeep\n|turn|10\n|\n|t:|1700788977\n|-terastallize|p2a: Milotic|Ghost\n|move|p1a: Rotom|Volt Switch|p2a: Milotic\n|-damage|p2a: Milotic|9\/100 brn\n|\n|t:|1700788984\n|switch|p1a: Mandibuzz|Mandibuzz, F|100\/100|[from] Volt Switch\n|move|p2a: Milotic|Recover|p2a: Milotic\n|-heal|p2a: Milotic|59\/100 brn\n|\n|-damage|p2a: Milotic|53\/100 brn|[from] brn\n|upkeep\n|turn|11\n|\n|t:|1700788992\n|move|p2a: Milotic|Recover|p2a: Milotic\n|-heal|p2a: Milotic|100\/100 brn\n|move|p1a: Mandibuzz|Foul Play|p2a: Milotic\n|-supereffective|p2a: Milotic\n|-damage|p2a: Milotic|82\/100 brn\n|\n|-damage|p2a: Milotic|76\/100 brn|[from] brn\n|upkeep\n|turn|12\n|\n|t:|1700789002\n|move|p2a: Milotic|Toxic|p1a: Mandibuzz\n|-status|p1a: Mandibuzz|tox\n|move|p1a: Mandibuzz|Foul Play|p2a: Milotic\n|-supereffective|p2a: Milotic\n|-damage|p2a: Milotic|57\/100 brn\n|\n|-damage|p1a: Mandibuzz|94\/100 tox|[from] psn\n|-damage|p2a: Milotic|51\/100 brn|[from] brn\n|upkeep\n|turn|13\n|\n|t:|1700789015\n|switch|p1a: Volcarona|Volcarona, F|100\/100\n|move|p2a: Milotic|Recover|p2a: Milotic\n|-heal|p2a: Milotic|100\/100 brn\n|\n|-damage|p2a: Milotic|94\/100 brn|[from] brn\n|upkeep\n|turn|14\n|\n|t:|1700789023\n|move|p1a: Volcarona|Quiver Dance|p1a: Volcarona\n|-boost|p1a: Volcarona|spa|1\n|-boost|p1a: Volcarona|spd|1\n|-boost|p1a: Volcarona|spe|1\n|move|p2a: Milotic|Toxic|p1a: Volcarona\n|-status|p1a: Volcarona|tox\n|\n|-damage|p1a: Volcarona|94\/100 tox|[from] psn\n|-damage|p2a: Milotic|88\/100 brn|[from] brn\n|upkeep\n|turn|15\n|\n|t:|1700789034\n|move|p1a: Volcarona|Fiery Dance|p2a: Milotic\n|-damage|p2a: Milotic|41\/100 brn\n|-boost|p1a: Volcarona|spa|1\n|move|p2a: Milotic|Recover|p2a: Milotic\n|-heal|p2a: Milotic|91\/100 brn\n|\n|-damage|p1a: Volcarona|82\/100 tox|[from] psn\n|-damage|p2a: Milotic|85\/100 brn|[from] brn\n|upkeep\n|turn|16\n|\n|t:|1700789045\n|move|p1a: Volcarona|Fiery Dance|p2a: Milotic\n|-damage|p2a: Milotic|24\/100 brn\n|-boost|p1a: Volcarona|spa|1\n|move|p2a: Milotic|Mirror Coat|p1a: Volcarona\n|-damage|p1a: Volcarona|0 fnt\n|faint|p1a: Volcarona\n|\n|-damage|p2a: Milotic|18\/100 brn|[from] brn\n|upkeep\n|\n|t:|1700789053\n|switch|p1a: Medicham|Medicham-Mega, M|100\/100\n|turn|17\n|\n|t:|1700789059\n|move|p1a: Medicham|Bullet Punch|p2a: Milotic\n|-damage|p2a: Milotic|6\/100 brn\n|move|p2a: Milotic|Recover|p2a: Milotic\n|-heal|p2a: Milotic|56\/100 brn\n|\n|-damage|p2a: Milotic|50\/100 brn|[from] brn\n|upkeep\n|turn|18\n|\n|t:|1700789068\n|move|p1a: Medicham|Zen Headbutt|p2a: Milotic\n|-damage|p2a: Milotic|15\/100 brn\n|move|p2a: Milotic|Toxic|p1a: Medicham\n|-status|p1a: Medicham|tox\n|\n|-damage|p1a: Medicham|94\/100 tox|[from] psn\n|-damage|p2a: Milotic|9\/100 brn|[from] brn\n|upkeep\n|turn|19\n|\n|t:|1700789086\n|switch|p2a: Spiritomb|Spiritomb, M|100\/100\n|move|p1a: Medicham|Bullet Punch|p2a: Spiritomb\n|-damage|p2a: Spiritomb|75\/100\n|\n|-damage|p1a: Medicham|82\/100 tox|[from] psn\n|upkeep\n|turn|20\n|\n|t:|1700789096\n|switch|p1a: Excadrill|Excadrill, F|100\/100\n|-ability|p1a: Excadrill|Mold Breaker\n|move|p2a: Spiritomb|Sucker Punch||[still]\n|-fail|p2a: Spiritomb\n|\n|upkeep\n|turn|21\n|\n|t:|1700789104\n|move|p1a: Excadrill|Stealth Rock|p2a: Spiritomb\n|-sidestart|p2: QSR-ZY|move: Stealth Rock\n|move|p2a: Spiritomb|Will-O-Wisp|p1a: Excadrill\n|-status|p1a: Excadrill|brn\n|\n|-damage|p1a: Excadrill|94\/100 brn|[from] brn\n|upkeep\n|turn|22\n|\n|t:|1700789114\n|switch|p1a: Rotom|Rotom-Wash|50\/100\n|move|p2a: Spiritomb|Poltergeist|p1a: Rotom\n|-activate|p1a: Rotom|move: Poltergeist|Leftovers\n|-damage|p1a: Rotom|0 fnt\n|faint|p1a: Rotom\n|\n|upkeep\n|\n|t:|1700789123\n|switch|p1a: Mandibuzz|Mandibuzz, F|94\/100 tox\n|turn|23\n|\n|t:|1700789131\n|move|p1a: Mandibuzz|Foul Play|p2a: Spiritomb\n|-crit|p2a: Spiritomb\n|-damage|p2a: Spiritomb|12\/100\n|move|p2a: Spiritomb|Poltergeist|p1a: Mandibuzz\n|-activate|p1a: Mandibuzz|move: Poltergeist|Heavy-Duty Boots\n|-resisted|p1a: Mandibuzz\n|-damage|p1a: Mandibuzz|82\/100 tox\n|\n|-damage|p1a: Mandibuzz|75\/100 tox|[from] psn\n|upkeep\n|turn|24\n|\n|t:|1700789142\n|move|p2a: Spiritomb|Sucker Punch|p1a: Mandibuzz\n|-resisted|p1a: Mandibuzz\n|-damage|p1a: Mandibuzz|66\/100 tox\n|move|p1a: Mandibuzz|Foul Play|p2a: Spiritomb\n|-damage|p2a: Spiritomb|0 fnt\n|faint|p2a: Spiritomb\n|\n|-damage|p1a: Mandibuzz|54\/100 tox|[from] psn\n|upkeep\n|\n|t:|1700789161\n|switch|p2a: Lucario|Lucario, M|100\/100\n|-damage|p2a: Lucario|98\/100|[from] Stealth Rock\n|turn|25\n|\n|t:|1700789169\n|move|p2a: Lucario|Close Combat|p1a: Mandibuzz\n|-damage|p1a: Mandibuzz|8\/100 tox\n|-unboost|p2a: Lucario|def|1\n|-unboost|p2a: Lucario|spd|1\n|-damage|p2a: Lucario|88\/100|[from] item: Life Orb\n|move|p1a: Mandibuzz|Brave Bird|p2a: Lucario\n|-damage|p2a: Lucario|25\/100\n|-damage|p1a: Mandibuzz|0 fnt|[from] Recoil\n|faint|p1a: Mandibuzz\n|\n|upkeep\n|\n|t:|1700789180\n|switch|p1a: Excadrill|Excadrill, F|94\/100 brn\n|-ability|p1a: Excadrill|Mold Breaker\n|turn|26\n|\n|t:|1700789188\n|-terastallize|p1a: Excadrill|Water\n|move|p2a: Lucario|Extreme Speed|p1a: Excadrill\n|-damage|p1a: Excadrill|40\/100 brn\n|-damage|p2a: Lucario|15\/100|[from] item: Life Orb\n|move|p1a: Excadrill|Earthquake|p2a: Lucario\n|-supereffective|p2a: Lucario\n|-damage|p2a: Lucario|0 fnt\n|faint|p2a: Lucario\n|\n|-damage|p1a: Excadrill|33\/100 brn|[from] brn\n|upkeep\n|\n|t:|1700789200\n|switch|p2a: Garchomp|Garchomp, M, shiny|100\/100\n|-damage|p2a: Garchomp|94\/100|[from] Stealth Rock\n|turn|27\n|\n|t:|1700789206\n|move|p2a: Garchomp|Swords Dance|p2a: Garchomp\n|-boost|p2a: Garchomp|atk|2\n|move|p1a: Excadrill|Iron Head|p2a: Garchomp\n|-damage|p2a: Garchomp|76\/100\n|-damage|p1a: Excadrill|21\/100 brn|[from] ability: Rough Skin|[of] p2a: Garchomp\n|\n|-damage|p1a: Excadrill|15\/100 brn|[from] brn\n|upkeep\n|turn|28\n|\n|t:|1700789217\n|move|p2a: Garchomp|Scale Shot|p1a: Excadrill\n|-damage|p1a: Excadrill|0 fnt\n|faint|p1a: Excadrill\n|-hitcount|p1: Excadrill|1\n|-unboost|p2a: Garchomp|def|1\n|-boost|p2a: Garchomp|spe|1\n|\n|upkeep\n|\n|t:|1700789220\n|switch|p1a: Medicham|Medicham-Mega, M|82\/100 tox\n|turn|29\n|\n|t:|1700789229\n|move|p2a: Garchomp|Scale Shot|p1a: Medicham\n|-damage|p1a: Medicham|47\/100 tox\n|-damage|p1a: Medicham|11\/100 tox\n|-damage|p1a: Medicham|0 fnt\n|faint|p1a: Medicham\n|-hitcount|p1: Medicham|3\n|\n|win|QSR-ZY\n|raw|josupa's rating: 1311 &rarr; <strong>1285<\/strong><br \/>(-26 for losing)\n|raw|QSR-ZY's rating: 1210 &rarr; <strong>1242<\/strong><br \/>(+32 for winning)\n|l|\u2606josupa\n","uploadtime":1700789264,"views":8,"p1id":"josupa","p2id":"qsrzy","formatid":"gen9nationaldex","rating":1242,"private":0,"password":""}