{"id":"gen9nationaldex-1989112257","p1":"N3ROZ3RO","p2":"Oxxo_ntsm","format":"[Gen 9] National Dex","log":"|j|\u2606N3ROZ3RO\n|j|\u2606Oxxo_ntsm\n|t:|1699813519\n|gametype|singles\n|player|p1|N3ROZ3RO|ninjaboy|\n|player|p2|Oxxo_ntsm|hilbert-wonderlauncher|\n|teamsize|p1|6\n|teamsize|p2|6\n|gen|9\n|tier|[Gen 9] National Dex\n|rule|HP Percentage Mod: HP is shown in percentages\n|rule|Endless Battle Clause: Forcing endless battles is banned\n|rule|OHKO Clause: OHKO moves are banned\n|rule|Evasion Clause: Evasion abilities, items, and moves are banned\n|rule|Evasion Abilities Clause: Evasion abilities are banned\n|rule|Evasion Items Clause: Evasion items are banned\n|rule|Evasion Moves Clause: Evasion moves are banned\n|rule|Species Clause: Limit one of each Pok\u00e9mon\n|rule|Sleep Clause Mod: Limit one foe put to sleep\n|clearpoke\n|poke|p1|Skeledirge, M|\n|poke|p1|Delphox, F|\n|poke|p1|Blaziken, M|\n|poke|p1|Charizard, M|\n|poke|p1|Cinderace, F|\n|poke|p1|Incineroar, M|\n|poke|p2|Galvantula, M|\n|poke|p2|Azumarill, M|\n|poke|p2|Volcarona, F|\n|poke|p2|Ursaluna, M|\n|poke|p2|Porygon2|\n|poke|p2|Gliscor, M|\n|teampreview\n|inactive|Battle timer is ON: inactive players will automatically lose when time's up. (requested by Oxxo_ntsm)\n|c|\u2606Oxxo_ntsm|Buena suerte\n|c|\u2606N3ROZ3RO|Igualmente\n|inactive|N3ROZ3RO has 270 seconds left.\n|\n|t:|1699813553\n|start\n|switch|p1a: Cinderace|Cinderace, F, shiny|100\/100\n|switch|p2a: Murcielascorpion|Gliscor, M|100\/100\n|turn|1\n|\n|t:|1699813570\n|switch|p1a: Charizard|Charizard, M, shiny|100\/100\n|move|p2a: Murcielascorpion|Stealth Rock|p1a: Charizard\n|-sidestart|p1: N3ROZ3RO|move: Stealth Rock\n|\n|-status|p2a: Murcielascorpion|tox|[from] item: Toxic Orb\n|upkeep\n|turn|2\n|\n|t:|1699813578\n|detailschange|p1a: Charizard|Charizard-Mega-Y, M, shiny\n|-mega|p1a: Charizard|Charizard|Charizardite Y\n|-weather|SunnyDay|[from] ability: Drought|[of] p1a: Charizard\n|move|p1a: Charizard|Solar Beam||[still]\n|-prepare|p1a: Charizard|Solar Beam\n|-anim|p1a: Charizard|Solar Beam|p2a: Murcielascorpion\n|-crit|p2a: Murcielascorpion\n|-damage|p2a: Murcielascorpion|5\/100 tox\n|move|p2a: Murcielascorpion|Knock Off|p1a: Charizard\n|-damage|p1a: Charizard|78\/100\n|\n|-weather|SunnyDay|[upkeep]\n|-heal|p2a: Murcielascorpion|17\/100 tox|[from] ability: Poison Heal\n|upkeep\n|turn|3\n|\n|t:|1699813592\n|move|p1a: Charizard|Flamethrower|p2a: Murcielascorpion\n|-damage|p2a: Murcielascorpion|0 fnt\n|faint|p2a: Murcielascorpion\n|\n|-weather|SunnyDay|[upkeep]\n|upkeep\n|\n|t:|1699813606\n|switch|p2a: Azumadre|Azumarill, M|100\/100\n|turn|4\n|\n|t:|1699813614\n|move|p1a: Charizard|Solar Beam||[still]\n|-prepare|p1a: Charizard|Solar Beam\n|-anim|p1a: Charizard|Solar Beam|p2a: Azumadre\n|-supereffective|p2a: Azumadre\n|-damage|p2a: Azumadre|0 fnt\n|faint|p2a: Azumadre\n|\n|-weather|SunnyDay|[upkeep]\n|upkeep\n|\n|t:|1699813625\n|switch|p2a: Pato|Porygon2, shiny|100\/100\n|turn|5\n|\n|t:|1699813631\n|move|p1a: Charizard|Flamethrower|p2a: Pato\n|-damage|p2a: Pato|49\/100\n|move|p2a: Pato|Thunderbolt|p1a: Charizard\n|-supereffective|p1a: Charizard\n|-damage|p1a: Charizard|0 fnt\n|faint|p1a: Charizard\n|\n|-weather|SunnyDay|[upkeep]\n|upkeep\n|\n|t:|1699813639\n|switch|p1a: Cinderace|Cinderace, F, shiny|100\/100\n|turn|6\n|\n|t:|1699813643\n|move|p1a: Cinderace|High Jump Kick|p2a: Pato\n|-start|p1a: Cinderace|typechange|Fighting|[from] ability: Libero\n|-supereffective|p2a: Pato\n|-damage|p2a: Pato|0 fnt\n|faint|p2a: Pato\n|\n|-weather|none\n|upkeep\n|\n|t:|1699813651\n|switch|p2a: Mothra|Volcarona, F, shiny|100\/100\n|turn|7\n|inactive|N3ROZ3RO has 270 seconds left.\n|\n|t:|1699813682\n|move|p1a: Cinderace|Pyro Ball|p2a: Mothra\n|-damage|p2a: Mothra|39\/100\n|move|p2a: Mothra|Quiver Dance|p2a: Mothra\n|-boost|p2a: Mothra|spa|1\n|-boost|p2a: Mothra|spd|1\n|-boost|p2a: Mothra|spe|1\n|\n|upkeep\n|turn|8\n|\n|t:|1699813690\n|move|p2a: Mothra|Giga Drain|p1a: Cinderace\n|-damage|p1a: Cinderace|32\/100\n|-heal|p2a: Mothra|72\/100|[from] drain|[of] p1a: Cinderace\n|move|p1a: Cinderace|Pyro Ball|p2a: Mothra\n|-damage|p2a: Mothra|15\/100\n|\n|upkeep\n|turn|9\n|\n|t:|1699813699\n|move|p2a: Mothra|Giga Drain|p1a: Cinderace\n|-damage|p1a: Cinderace|0 fnt\n|-heal|p2a: Mothra|30\/100|[from] drain|[of] p1a: Cinderace\n|faint|p1a: Cinderace\n|\n|upkeep\n|\n|t:|1699813718\n|switch|p1a: Incineroar|Incineroar, M, shiny|100\/100\n|-damage|p1a: Incineroar|76\/100|[from] Stealth Rock\n|-ability|p1a: Incineroar|Intimidate|boost\n|-unboost|p2a: Mothra|atk|1\n|turn|10\n|\n|t:|1699813729\n|move|p2a: Mothra|Bug Buzz|p1a: Incineroar\n|-damage|p1a: Incineroar|19\/100\n|move|p1a: Incineroar|Knock Off|p2a: Mothra\n|-damage|p2a: Mothra|0 fnt\n|-enditem|p2a: Mothra|Heavy-Duty Boots|[from] move: Knock Off|[of] p1a: Incineroar\n|faint|p2a: Mothra\n|-damage|p1a: Incineroar|9\/100|[from] item: Life Orb\n|\n|upkeep\n|\n|t:|1699813739\n|switch|p2a: Galvanni|Galvantula, M|100\/100\n|turn|11\n|\n|t:|1699813744\n|move|p2a: Galvanni|Volt Switch|p1a: Incineroar\n|-damage|p1a: Incineroar|0 fnt\n|faint|p1a: Incineroar\n|\n|t:|1699813749\n|switch|p2a: Segata Sanshiro|Ursaluna, M|100\/100|[from] Volt Switch\n|\n|-status|p2a: Segata Sanshiro|brn|[from] item: Flame Orb\n|upkeep\n|\n|t:|1699813760\n|switch|p1a: Delphox|Delphox, F, shiny|100\/100\n|-damage|p1a: Delphox|76\/100|[from] Stealth Rock\n|turn|12\n|\n|t:|1699813767\n|-terastallize|p1a: Delphox|Grass\n|move|p1a: Delphox|Grass Knot|p2a: Segata Sanshiro\n|-supereffective|p2a: Segata Sanshiro\n|-damage|p2a: Segata Sanshiro|0 fnt\n|faint|p2a: Segata Sanshiro\n|\n|upkeep\n|\n|t:|1699813774\n|switch|p2a: Galvanni|Galvantula, M|100\/100\n|turn|13\n|\n|t:|1699813777\n|move|p2a: Galvanni|Bug Buzz|p1a: Delphox\n|-supereffective|p1a: Delphox\n|-damage|p1a: Delphox|0 fnt\n|faint|p1a: Delphox\n|\n|upkeep\n|\n|t:|1699813782\n|switch|p1a: Blaziken|Blaziken, M, shiny|100\/100\n|-damage|p1a: Blaziken|88\/100|[from] Stealth Rock\n|turn|14\n|\n|t:|1699813789\n|move|p2a: Galvanni|Thunder Wave|p1a: Blaziken\n|-status|p1a: Blaziken|par\n|cant|p1a: Blaziken|par\n|\n|-ability|p1a: Blaziken|Speed Boost|boost\n|-boost|p1a: Blaziken|spe|1\n|upkeep\n|turn|15\n|\n|t:|1699813798\n|move|p2a: Galvanni|Thunder|p1a: Blaziken\n|-damage|p1a: Blaziken|23\/100 par\n|cant|p1a: Blaziken|par\n|\n|-ability|p1a: Blaziken|Speed Boost|boost\n|-boost|p1a: Blaziken|spe|1\n|upkeep\n|turn|16\n|\n|t:|1699813807\n|move|p2a: Galvanni|Bug Buzz|p1a: Blaziken\n|-resisted|p1a: Blaziken\n|-damage|p1a: Blaziken|10\/100 par\n|-unboost|p1a: Blaziken|spd|1\n|-zpower|p1a: Blaziken\n|move|p1a: Blaziken|Inferno Overdrive|p2a: Galvanni|[zeffect]\n|-supereffective|p2a: Galvanni\n|-enditem|p2a: Galvanni|Focus Sash\n|-damage|p2a: Galvanni|1\/100\n|\n|-ability|p1a: Blaziken|Speed Boost|boost\n|-boost|p1a: Blaziken|spe|1\n|upkeep\n|turn|17\n|\n|t:|1699813821\n|move|p2a: Galvanni|Thunder|p1a: Blaziken\n|-damage|p1a: Blaziken|0 fnt\n|faint|p1a: Blaziken\n|\n|upkeep\n|\n|t:|1699813823\n|switch|p1a: Skeledirge|Skeledirge, M, shiny|100\/100\n|-damage|p1a: Skeledirge|76\/100|[from] Stealth Rock\n|turn|18\n|\n|t:|1699813830\n|move|p2a: Galvanni|Thunder|p1a: Skeledirge\n|-damage|p1a: Skeledirge|30\/100\n|move|p1a: Skeledirge|Torch Song|p2a: Galvanni\n|-supereffective|p2a: Galvanni\n|-damage|p2a: Galvanni|0 fnt\n|-boost|p1a: Skeledirge|spa|1\n|faint|p2a: Galvanni\n|\n|win|N3ROZ3RO\n|c|\u2606Oxxo_ntsm|gg\n|c|\u2606N3ROZ3RO|gg\n|l|\u2606Oxxo_ntsm\n","uploadtime":1699813859,"views":10,"p1id":"n3roz3ro","p2id":"oxxontsm","formatid":"gen9nationaldex","rating":0,"private":0,"password":""}