{"id":"gen9nationaldex-1990874214","p1":"360 ice beam","p2":"Chompas","format":"[Gen 9] National Dex","log":"|j|\u2606360 ice beam\n|j|\u2606Chompas\n|t:|1700010082\n|gametype|singles\n|player|p1|360 ice beam|2|1087\n|player|p2|Chompas|ghetsis-gen5bw|1119\n|teamsize|p1|6\n|teamsize|p2|6\n|gen|9\n|tier|[Gen 9] National Dex\n|rated|\n|rule|HP Percentage Mod: HP is shown in percentages\n|rule|Endless Battle Clause: Forcing endless battles is banned\n|rule|OHKO Clause: OHKO moves are banned\n|rule|Evasion Clause: Evasion abilities, items, and moves are banned\n|rule|Evasion Abilities Clause: Evasion abilities are banned\n|rule|Evasion Items Clause: Evasion items are banned\n|rule|Evasion Moves Clause: Evasion moves are banned\n|rule|Species Clause: Limit one of each Pok\u00e9mon\n|rule|Sleep Clause Mod: Limit one foe put to sleep\n|clearpoke\n|poke|p1|Hoopa-Unbound|\n|poke|p1|Weavile, F|\n|poke|p1|Charizard, M|\n|poke|p1|Landorus-Therian, M|\n|poke|p1|Kartana|\n|poke|p1|Zapdos|\n|poke|p2|Sableye, F|\n|poke|p2|Iron Leaves|\n|poke|p2|Torkoal, M|\n|poke|p2|Pincurchin, M|\n|poke|p2|Slither Wing|\n|poke|p2|Skeledirge, F|\n|teampreview\n|\n|t:|1700010089\n|start\n|switch|p1a: Weavile|Weavile, F|100\/100\n|switch|p2a: Sabugo de milho|Sableye, F|100\/100\n|turn|1\n|\n|t:|1700010095\n|move|p2a: Sabugo de milho|Will-O-Wisp|p1a: Weavile\n|-hint|Since gen 7, Dark is immune to Prankster moves.\n|-immune|p1a: Weavile\n|move|p1a: Weavile|Swords Dance|p1a: Weavile\n|-boost|p1a: Weavile|atk|2\n|\n|upkeep\n|turn|2\n|\n|t:|1700010111\n|detailschange|p2a: Sabugo de milho|Sableye-Mega, F\n|-mega|p2a: Sabugo de milho|Sableye|Sablenite\n|move|p1a: Weavile|Throat Chop|p2a: Sabugo de milho\n|-damage|p2a: Sabugo de milho|39\/100\n|-start|p2a: Sabugo de milho|Throat Chop|[silent]\n|move|p2a: Sabugo de milho|Will-O-Wisp|p1a: Weavile\n|-status|p1a: Weavile|brn\n|\n|-damage|p1a: Weavile|94\/100 brn|[from] brn\n|upkeep\n|turn|3\n|\n|t:|1700010127\n|move|p2a: Sabugo de milho|Protect|p2a: Sabugo de milho\n|-singleturn|p2a: Sabugo de milho|Protect\n|move|p1a: Weavile|Swords Dance|p1a: Weavile\n|-boost|p1a: Weavile|atk|2\n|\n|-damage|p1a: Weavile|88\/100 brn|[from] brn\n|-end|p2a: Sabugo de milho|Throat Chop|[silent]\n|upkeep\n|turn|4\n|\n|t:|1700010136\n|move|p1a: Weavile|Throat Chop|p2a: Sabugo de milho\n|-damage|p2a: Sabugo de milho|0 fnt\n|faint|p2a: Sabugo de milho\n|\n|-damage|p1a: Weavile|82\/100 brn|[from] brn\n|upkeep\n|\n|t:|1700010152\n|switch|p2a: Q dor ese fogo|Skeledirge, F|100\/100\n|turn|5\n|\n|t:|1700010179\n|-terastallize|p2a: Q dor ese fogo|Fairy\n|-zpower|p1a: Weavile\n|move|p1a: Weavile|Black Hole Eclipse|p2a: Q dor ese fogo|[zeffect]\n|-resisted|p2a: Q dor ese fogo\n|-damage|p2a: Q dor ese fogo|83\/100\n|-enditem|p2a: Q dor ese fogo|Red Card|[of] p1a: Weavile\n|drag|p1a: Zapdos|Zapdos|100\/100\n|move|p2a: Q dor ese fogo|Will-O-Wisp|p1a: Zapdos\n|-status|p1a: Zapdos|brn\n|\n|-damage|p1a: Zapdos|94\/100 brn|[from] brn\n|upkeep\n|turn|6\n|\n|t:|1700010205\n|move|p1a: Zapdos|Discharge|p2a: Q dor ese fogo\n|-damage|p2a: Q dor ese fogo|60\/100\n|-status|p2a: Q dor ese fogo|par\n|move|p2a: Q dor ese fogo|Torch Song|p1a: Zapdos\n|-damage|p1a: Zapdos|68\/100 brn\n|-boost|p2a: Q dor ese fogo|spa|1\n|\n|-damage|p1a: Zapdos|62\/100 brn|[from] brn\n|upkeep\n|turn|7\n|\n|t:|1700010229\n|switch|p2a: Pelo amor de deus|Torkoal, M|100\/100\n|-weather|SunnyDay|[from] ability: Drought|[of] p2a: Pelo amor de deus\n|move|p1a: Zapdos|Heat Wave|p2a: Pelo amor de deus\n|-resisted|p2a: Pelo amor de deus\n|-damage|p2a: Pelo amor de deus|80\/100\n|\n|-weather|SunnyDay|[upkeep]\n|-heal|p2a: Pelo amor de deus|87\/100|[from] item: Leftovers\n|-damage|p1a: Zapdos|56\/100 brn|[from] brn\n|upkeep\n|turn|8\n|\n|t:|1700010243\n|move|p1a: Zapdos|Roost|p1a: Zapdos\n|-heal|p1a: Zapdos|100\/100 brn\n|-singleturn|p1a: Zapdos|move: Roost\n|move|p2a: Pelo amor de deus|Stealth Rock|p1a: Zapdos\n|-sidestart|p1: 360 ice beam|move: Stealth Rock\n|\n|-weather|SunnyDay|[upkeep]\n|-heal|p2a: Pelo amor de deus|93\/100|[from] item: Leftovers\n|-damage|p1a: Zapdos|94\/100 brn|[from] brn\n|upkeep\n|turn|9\n|\n|t:|1700010253\n|move|p1a: Zapdos|Discharge|p2a: Pelo amor de deus\n|-damage|p2a: Pelo amor de deus|58\/100\n|-status|p2a: Pelo amor de deus|par\n|move|p2a: Pelo amor de deus|Eruption|p1a: Zapdos\n|-damage|p1a: Zapdos|50\/100 brn\n|\n|-weather|SunnyDay|[upkeep]\n|-heal|p2a: Pelo amor de deus|64\/100 par|[from] item: Leftovers\n|-damage|p1a: Zapdos|44\/100 brn|[from] brn\n|upkeep\n|turn|10\n|\n|t:|1700010265\n|move|p1a: Zapdos|Roost|p1a: Zapdos\n|-heal|p1a: Zapdos|94\/100 brn\n|-singleturn|p1a: Zapdos|move: Roost\n|cant|p2a: Pelo amor de deus|par\n|\n|-weather|SunnyDay|[upkeep]\n|-heal|p2a: Pelo amor de deus|71\/100 par|[from] item: Leftovers\n|-damage|p1a: Zapdos|88\/100 brn|[from] brn\n|upkeep\n|turn|11\n|j| JEAN1MLG\n|\n|t:|1700010273\n|move|p1a: Zapdos|Discharge|p2a: Pelo amor de deus\n|-damage|p2a: Pelo amor de deus|35\/100 par\n|cant|p2a: Pelo amor de deus|par\n|\n|-weather|none\n|-heal|p2a: Pelo amor de deus|41\/100 par|[from] item: Leftovers\n|-damage|p1a: Zapdos|82\/100 brn|[from] brn\n|upkeep\n|turn|12\n|\n|t:|1700010284\n|switch|p2a: Q dor ese fogo|Skeledirge, F, tera:Fairy|60\/100 par\n|move|p1a: Zapdos|Discharge|p2a: Q dor ese fogo\n|-damage|p2a: Q dor ese fogo|37\/100 par\n|\n|-damage|p1a: Zapdos|76\/100 brn|[from] brn\n|upkeep\n|turn|13\n|\n|t:|1700010291\n|move|p1a: Zapdos|Discharge|p2a: Q dor ese fogo\n|-damage|p2a: Q dor ese fogo|13\/100 par\n|move|p2a: Q dor ese fogo|Roar|p1a: Zapdos\n|drag|p1a: Kartana|Kartana|100\/100\n|-damage|p1a: Kartana|94\/100|[from] Stealth Rock\n|\n|upkeep\n|turn|14\n|\n|t:|1700010303\n|move|p1a: Kartana|Smart Strike|p2a: Q dor ese fogo\n|-supereffective|p2a: Q dor ese fogo\n|-damage|p2a: Q dor ese fogo|0 fnt\n|faint|p2a: Q dor ese fogo\n|-ability|p1a: Kartana|Beast Boost|boost\n|-boost|p1a: Kartana|atk|1\n|\n|upkeep\n|\n|t:|1700010310\n|switch|p2a: Pelo amor de deus|Torkoal, M|41\/100 par\n|-weather|SunnyDay|[from] ability: Drought|[of] p2a: Pelo amor de deus\n|turn|15\n|\n|t:|1700010315\n|move|p1a: Kartana|Smart Strike|p2a: Pelo amor de deus\n|-resisted|p2a: Pelo amor de deus\n|-damage|p2a: Pelo amor de deus|17\/100 par\n|move|p2a: Pelo amor de deus|Eruption|p1a: Kartana\n|-supereffective|p1a: Kartana\n|-damage|p1a: Kartana|0 fnt\n|faint|p1a: Kartana\n|\n|-weather|SunnyDay|[upkeep]\n|-heal|p2a: Pelo amor de deus|23\/100 par|[from] item: Leftovers\n|upkeep\n|\n|t:|1700010333\n|switch|p1a: Hoopa|Hoopa-Unbound|100\/100\n|-damage|p1a: Hoopa|88\/100|[from] Stealth Rock\n|turn|16\n|\n|t:|1700010351\n|move|p1a: Hoopa|Zen Headbutt|p2a: Pelo amor de deus\n|-damage|p2a: Pelo amor de deus|0 fnt\n|faint|p2a: Pelo amor de deus\n|\n|-weather|SunnyDay|[upkeep]\n|upkeep\n|\n|t:|1700010369\n|switch|p2a: Supernova|Slither Wing|100\/100\n|-activate|p2a: Supernova|ability: Protosynthesis\n|-start|p2a: Supernova|protosynthesisatk\n|turn|17\n|\n|t:|1700010378\n|-terastallize|p1a: Hoopa|Psychic\n|move|p2a: Supernova|U-turn|p1a: Hoopa\n|-supereffective|p1a: Hoopa\n|-damage|p1a: Hoopa|0 fnt\n|faint|p1a: Hoopa\n|\n|t:|1700010384\n|-end|p2a: Supernova|Protosynthesis|[silent]\n|switch|p2a: Cavalo|Iron Leaves|100\/100|[from] U-turn\n|\n|-weather|SunnyDay|[upkeep]\n|upkeep\n|\n|t:|1700010389\n|switch|p1a: Charizard|Charizard, M|100\/100\n|-damage|p1a: Charizard|51\/100|[from] Stealth Rock\n|turn|18\n|\n|t:|1700010398\n|detailschange|p1a: Charizard|Charizard-Mega-Y, M\n|-mega|p1a: Charizard|Charizard|Charizardite Y\n|move|p2a: Cavalo|Psyblade|p1a: Charizard\n|-damage|p1a: Charizard|0 fnt\n|faint|p1a: Charizard\n|-damage|p2a: Cavalo|91\/100|[from] item: Life Orb\n|\n|-weather|SunnyDay|[upkeep]\n|upkeep\n|\n|t:|1700010408\n|switch|p1a: Weavile|Weavile, F|82\/100 brn\n|-damage|p1a: Weavile|57\/100 brn|[from] Stealth Rock\n|turn|19\n|\n|t:|1700010417\n|-end|p2a: Cavalo|Quark Drive|[silent]\n|switch|p2a: Supernova|Slither Wing|100\/100\n|-activate|p2a: Supernova|ability: Protosynthesis\n|-start|p2a: Supernova|protosynthesisatk\n|move|p1a: Weavile|Triple Axel|p2a: Supernova\n|-damage|p2a: Supernova|94\/100\n|-damage|p2a: Supernova|81\/100\n|-hitcount|p2a: Supernova|2\n|\n|-weather|none\n|-end|p2a: Supernova|Protosynthesis\n|-damage|p1a: Weavile|51\/100 brn|[from] brn\n|upkeep\n|turn|20\n|\n|t:|1700010431\n|move|p1a: Weavile|Ice Shard|p2a: Supernova\n|-damage|p2a: Supernova|69\/100\n|move|p2a: Supernova|U-turn|p1a: Weavile\n|-supereffective|p1a: Weavile\n|-damage|p1a: Weavile|0 fnt\n|faint|p1a: Weavile\n|\n|t:|1700010436\n|-end|p2a: Supernova|Protosynthesis|[silent]\n|switch|p2a: Cavalo|Iron Leaves|91\/100|[from] U-turn\n|\n|upkeep\n|\n|t:|1700010441\n|switch|p1a: Landorus|Landorus-Therian, M|100\/100\n|-damage|p1a: Landorus|88\/100|[from] Stealth Rock\n|-ability|p1a: Landorus|Intimidate|boost\n|-unboost|p2a: Cavalo|atk|1\n|turn|21\n|\n|t:|1700010448\n|-end|p2a: Cavalo|Quark Drive|[silent]\n|switch|p2a: Boseta marinha|Pincurchin, M|100\/100\n|-fieldstart|move: Electric Terrain|[from] ability: Electric Surge|[of] p2a: Boseta marinha\n|move|p1a: Landorus|Toxic|p2a: Boseta marinha\n|-status|p2a: Boseta marinha|tox\n|\n|-damage|p2a: Boseta marinha|94\/100 tox|[from] psn\n|upkeep\n|turn|22\n|\n|t:|1700010459\n|move|p2a: Boseta marinha|Sucker Punch|p1a: Landorus\n|-damage|p1a: Landorus|70\/100\n|-damage|p2a: Boseta marinha|78\/100 tox|[from] item: Rocky Helmet|[of] p1a: Landorus\n|move|p1a: Landorus|Earthquake|p2a: Boseta marinha\n|-supereffective|p2a: Boseta marinha\n|-damage|p2a: Boseta marinha|0 fnt\n|faint|p2a: Boseta marinha\n|\n|upkeep\n|\n|t:|1700010465\n|switch|p2a: Cavalo|Iron Leaves|91\/100\n|-activate|p2a: Cavalo|ability: Quark Drive\n|-start|p2a: Cavalo|quarkdriveatk\n|turn|23\n|\n|t:|1700010474\n|move|p2a: Cavalo|Psyblade|p1a: Landorus\n|-crit|p1a: Landorus\n|-damage|p1a: Landorus|0 fnt\n|-damage|p2a: Cavalo|74\/100|[from] item: Rocky Helmet|[of] p1a: Landorus\n|faint|p1a: Landorus\n|-damage|p2a: Cavalo|64\/100|[from] item: Life Orb\n|\n|upkeep\n|\n|t:|1700010479\n|switch|p1a: Zapdos|Zapdos|76\/100 brn\n|turn|24\n|\n|t:|1700010484\n|move|p2a: Cavalo|Psyblade|p1a: Zapdos\n|-damage|p1a: Zapdos|0 fnt\n|-status|p2a: Cavalo|par|[from] ability: Static|[of] p1a: Zapdos\n|faint|p1a: Zapdos\n|-damage|p2a: Cavalo|54\/100 par|[from] item: Life Orb\n|\n|win|Chompas\n|raw|360 ice beam's rating: 1087 &rarr; <strong>1066<\/strong><br \/>(-21 for losing)\n|raw|Chompas's rating: 1119 &rarr; <strong>1142<\/strong><br \/>(+23 for winning)\n|l|\u2606360 ice beam\n|c|\u2606Chompas|Eh isso\n","uploadtime":1700010497,"views":14,"p1id":"360icebeam","p2id":"chompas","formatid":"gen9nationaldex","rating":1066,"private":0,"password":""}