{"id":"gen9nationaldex-1994135128","p1":"DBKGaming","p2":"ManitKhurana","format":"[Gen 9] National Dex","log":"|j|\u2606DBKGaming\n|j|\u2606ManitKhurana\n|t:|1700411017\n|gametype|singles\n|player|p1|DBKGaming|blackbelt|1103\n|player|p2|ManitKhurana|ethan|1098\n|teamsize|p1|6\n|teamsize|p2|6\n|gen|9\n|tier|[Gen 9] National Dex\n|rated|\n|rule|HP Percentage Mod: HP is shown in percentages\n|rule|Endless Battle Clause: Forcing endless battles is banned\n|rule|OHKO Clause: OHKO moves are banned\n|rule|Evasion Clause: Evasion abilities, items, and moves are banned\n|rule|Evasion Abilities Clause: Evasion abilities are banned\n|rule|Evasion Items Clause: Evasion items are banned\n|rule|Evasion Moves Clause: Evasion moves are banned\n|rule|Species Clause: Limit one of each Pok\u00e9mon\n|rule|Sleep Clause Mod: Limit one foe put to sleep\n|clearpoke\n|poke|p1|Dondozo, M|\n|poke|p1|Chansey, F|\n|poke|p1|Tapu Koko|\n|poke|p1|Pinsir, F|\n|poke|p1|Victini|\n|poke|p1|Iron Valiant|\n|poke|p2|Charmeleon, M|\n|poke|p2|Sceptile, M|\n|poke|p2|Scizor, M|\n|poke|p2|Swellow, M|\n|poke|p2|Hydreigon, M|\n|poke|p2|Tyranitar, M|\n|teampreview\n|inactive|Battle timer is ON: inactive players will automatically lose when time's up. (requested by ManitKhurana)\n|\n|t:|1700411037\n|start\n|switch|p1a: Tapu Koko|Tapu Koko|100\/100\n|switch|p2a: Charmeleon|Charmeleon, M|100\/100\n|-fieldstart|move: Electric Terrain|[from] ability: Electric Surge|[of] p1a: Tapu Koko\n|-item|p1a: Tapu Koko|Air Balloon\n|turn|1\n|\n|t:|1700411051\n|move|p1a: Tapu Koko|Volt Switch|p2a: Charmeleon\n|-damage|p2a: Charmeleon|43\/100\n|\n|t:|1700411057\n|switch|p1a: Chansey|Chansey, F|100\/100|[from] Volt Switch\n|move|p2a: Charmeleon|Fire Blast|p1a: Chansey\n|-damage|p1a: Chansey|90\/100\n|\n|upkeep\n|turn|2\n|\n|t:|1700411064\n|move|p2a: Charmeleon|Power-Up Punch|p1a: Chansey\n|-supereffective|p1a: Chansey\n|-damage|p1a: Chansey|72\/100\n|-boost|p2a: Charmeleon|atk|1\n|move|p1a: Chansey|Seismic Toss|p2a: Charmeleon\n|-damage|p2a: Charmeleon|4\/100\n|-enditem|p2a: Charmeleon|Salac Berry|[eat]\n|-boost|p2a: Charmeleon|spe|1|[from] item: Salac Berry\n|\n|upkeep\n|turn|3\n|\n|t:|1700411085\n|move|p2a: Charmeleon|Power-Up Punch|p1a: Chansey\n|-supereffective|p1a: Chansey\n|-damage|p1a: Chansey|42\/100\n|-boost|p2a: Charmeleon|atk|1\n|move|p1a: Chansey|Seismic Toss|p2a: Charmeleon\n|-damage|p2a: Charmeleon|0 fnt\n|faint|p2a: Charmeleon\n|\n|upkeep\n|inactive|ManitKhurana has 120 seconds left.\n|\n|t:|1700411101\n|switch|p2a: Hydreigon|Hydreigon, M|100\/100\n|turn|4\n|\n|t:|1700411107\n|move|p2a: Hydreigon|Focus Blast|p1a: Chansey\n|-supereffective|p1a: Chansey\n|-damage|p1a: Chansey|22\/100\n|-unboost|p1a: Chansey|spd|1\n|move|p1a: Chansey|Soft-Boiled|p1a: Chansey\n|-heal|p1a: Chansey|72\/100\n|\n|upkeep\n|turn|5\n|\n|t:|1700411115\n|move|p2a: Hydreigon|Focus Blast|p1a: Chansey\n|-supereffective|p1a: Chansey\n|-damage|p1a: Chansey|43\/100\n|move|p1a: Chansey|Thunder Wave|p2a: Hydreigon\n|-status|p2a: Hydreigon|par\n|\n|-fieldend|move: Electric Terrain\n|upkeep\n|turn|6\n|\n|t:|1700411127\n|switch|p1a: Victini|Victini|100\/100\n|cant|p2a: Hydreigon|par\n|\n|upkeep\n|turn|7\n|\n|t:|1700411136\n|-terastallize|p2a: Hydreigon|Fairy\n|move|p1a: Victini|U-turn|p2a: Hydreigon\n|-resisted|p2a: Hydreigon\n|-damage|p2a: Hydreigon|89\/100 par\n|\n|t:|1700411152\n|switch|p1a: Tapu Koko|Tapu Koko|100\/100|[from] U-turn\n|-fieldstart|move: Electric Terrain|[from] ability: Electric Surge|[of] p1a: Tapu Koko\n|-item|p1a: Tapu Koko|Air Balloon\n|move|p2a: Hydreigon|Hydro Pump|p1a: Tapu Koko\n|-damage|p1a: Tapu Koko|41\/100\n|-enditem|p1a: Tapu Koko|Air Balloon\n|\n|upkeep\n|turn|8\n|\n|t:|1700411163\n|move|p1a: Tapu Koko|Volt Switch|p2a: Hydreigon\n|-damage|p2a: Hydreigon|44\/100 par\n|\n|t:|1700411166\n|switch|p1a: Chansey|Chansey, F|43\/100|[from] Volt Switch\n|move|p2a: Hydreigon|Hydro Pump|p1a: Chansey\n|-damage|p1a: Chansey|34\/100\n|\n|upkeep\n|turn|9\n|\n|t:|1700411174\n|move|p2a: Hydreigon|Focus Blast|p1a: Chansey\n|-supereffective|p1a: Chansey\n|-damage|p1a: Chansey|17\/100\n|move|p1a: Chansey|Soft-Boiled|p1a: Chansey\n|-heal|p1a: Chansey|67\/100\n|\n|upkeep\n|turn|10\n|\n|t:|1700411184\n|move|p2a: Hydreigon|Focus Blast|p1a: Chansey\n|-supereffective|p1a: Chansey\n|-damage|p1a: Chansey|47\/100\n|move|p1a: Chansey|Seismic Toss|p2a: Hydreigon\n|-damage|p2a: Hydreigon|13\/100 par\n|\n|upkeep\n|turn|11\n|\n|t:|1700411195\n|move|p2a: Hydreigon|Focus Blast|p1a: Chansey\n|-supereffective|p1a: Chansey\n|-damage|p1a: Chansey|27\/100\n|move|p1a: Chansey|Soft-Boiled|p1a: Chansey\n|-heal|p1a: Chansey|77\/100\n|\n|-fieldend|move: Electric Terrain\n|upkeep\n|turn|12\n|\n|t:|1700411203\n|move|p2a: Hydreigon|Focus Blast|p1a: Chansey\n|-supereffective|p1a: Chansey\n|-damage|p1a: Chansey|58\/100\n|move|p1a: Chansey|Seismic Toss|p2a: Hydreigon\n|-damage|p2a: Hydreigon|0 fnt\n|faint|p2a: Hydreigon\n|\n|upkeep\n|\n|t:|1700411221\n|switch|p2a: Sceptile|Sceptile, M|100\/100\n|turn|13\n|\n|t:|1700411228\n|detailschange|p2a: Sceptile|Sceptile-Mega, M\n|-mega|p2a: Sceptile|Sceptile|Sceptilite\n|move|p2a: Sceptile|Low Kick|p1a: Chansey\n|-supereffective|p1a: Chansey\n|-damage|p1a: Chansey|0 fnt\n|faint|p1a: Chansey\n|\n|upkeep\n|\n|t:|1700411234\n|switch|p1a: Pinsir|Pinsir, F, shiny|100\/100\n|turn|14\n|\n|t:|1700411246\n|detailschange|p1a: Pinsir|Pinsir-Mega, F, shiny\n|-mega|p1a: Pinsir|Pinsir|Pinsirite\n|move|p2a: Sceptile|Aerial Ace|p1a: Pinsir\n|-supereffective|p1a: Pinsir\n|-damage|p1a: Pinsir|60\/100\n|move|p1a: Pinsir|X-Scissor|p2a: Sceptile\n|-supereffective|p2a: Sceptile\n|-damage|p2a: Sceptile|0 fnt\n|faint|p2a: Sceptile\n|\n|upkeep\n|\n|t:|1700411257\n|switch|p2a: Swellow|Swellow, M|100\/100\n|turn|15\n|\n|t:|1700411264\n|switch|p1a: Tapu Koko|Tapu Koko|41\/100\n|-fieldstart|move: Electric Terrain|[from] ability: Electric Surge|[of] p1a: Tapu Koko\n|move|p2a: Swellow|Boomburst|p1a: Tapu Koko\n|-damage|p1a: Tapu Koko|0 fnt\n|faint|p1a: Tapu Koko\n|\n|upkeep\n|\n|t:|1700411278\n|switch|p1a: Victini|Victini|100\/100\n|turn|16\n|\n|t:|1700411283\n|move|p1a: Victini|Final Gambit|p2a: Swellow\n|-damage|p2a: Swellow|0 fnt\n|faint|p1a: Victini\n|faint|p2a: Swellow\n|\n|upkeep\n|\n|t:|1700411295\n|switch|p2a: Scizor|Scizor, M|100\/100\n|switch|p1a: Iron Valiant|Iron Valiant|100\/100\n|-activate|p1a: Iron Valiant|ability: Quark Drive\n|-start|p1a: Iron Valiant|quarkdriveatk\n|turn|17\n|\n|t:|1700411305\n|move|p2a: Scizor|Bullet Punch|p1a: Iron Valiant\n|-supereffective|p1a: Iron Valiant\n|-damage|p1a: Iron Valiant|15\/100\n|move|p1a: Iron Valiant|Destiny Bond|p1a: Iron Valiant\n|-singlemove|p1a: Iron Valiant|Destiny Bond\n|\n|upkeep\n|turn|18\n|\n|t:|1700411319\n|move|p1a: Iron Valiant|Destiny Bond||[still]\n|-fail|p1a: Iron Valiant\n|move|p2a: Scizor|Roost||[still]\n|-fail|p2a: Scizor|heal\n|\n|upkeep\n|turn|19\n|\n|t:|1700411325\n|-end|p1a: Iron Valiant|Quark Drive|[silent]\n|switch|p1a: Dondozo|Dondozo, M|100\/100\n|move|p2a: Scizor|Bullet Punch|p1a: Dondozo\n|-resisted|p1a: Dondozo\n|-damage|p1a: Dondozo|93\/100\n|-damage|p2a: Scizor|84\/100|[from] item: Rocky Helmet|[of] p1a: Dondozo\n|\n|-fieldend|move: Electric Terrain\n|upkeep\n|turn|20\n|\n|t:|1700411339\n|switch|p2a: Tyranitar|Tyranitar, M|100\/100\n|-weather|Sandstorm|[from] ability: Sand Stream|[of] p2a: Tyranitar\n|move|p1a: Dondozo|Body Slam|p2a: Tyranitar\n|-resisted|p2a: Tyranitar\n|-damage|p2a: Tyranitar|93\/100\n|\n|-weather|Sandstorm|[upkeep]\n|-damage|p1a: Dondozo|87\/100|[from] Sandstorm\n|upkeep\n|turn|21\n|\n|t:|1700411351\n|move|p2a: Tyranitar|Thunder|p1a: Dondozo\n|-supereffective|p1a: Dondozo\n|-damage|p1a: Dondozo|10\/100\n|move|p1a: Dondozo|Body Press|p2a: Tyranitar\n|-supereffective|p2a: Tyranitar\n|-damage|p2a: Tyranitar|1\/100\n|\n|-weather|Sandstorm|[upkeep]\n|-damage|p1a: Dondozo|4\/100|[from] Sandstorm\n|upkeep\n|turn|22\n|\n|t:|1700411367\n|move|p2a: Tyranitar|Fire Blast|p1a: Dondozo|[miss]\n|-miss|p2a: Tyranitar|p1a: Dondozo\n|move|p1a: Dondozo|Rest|p1a: Dondozo\n|-status|p1a: Dondozo|slp|[from] move: Rest\n|-heal|p1a: Dondozo|100\/100 slp|[silent]\n|\n|-weather|Sandstorm|[upkeep]\n|-damage|p1a: Dondozo|94\/100 slp|[from] Sandstorm\n|upkeep\n|turn|23\n|\n|t:|1700411377\n|move|p2a: Tyranitar|Thunder|p1a: Dondozo|[miss]\n|-miss|p2a: Tyranitar|p1a: Dondozo\n|cant|p1a: Dondozo|slp\n|\n|-weather|Sandstorm|[upkeep]\n|-damage|p1a: Dondozo|88\/100 slp|[from] Sandstorm\n|upkeep\n|turn|24\n|\n|t:|1700411384\n|-terastallize|p1a: Dondozo|Grass\n|move|p2a: Tyranitar|Thunder|p1a: Dondozo\n|-resisted|p1a: Dondozo\n|-damage|p1a: Dondozo|71\/100 slp\n|cant|p1a: Dondozo|slp\n|\n|-weather|none\n|upkeep\n|turn|25\n|\n|t:|1700411393\n|move|p2a: Tyranitar|Fire Blast|p1a: Dondozo\n|-supereffective|p1a: Dondozo\n|-damage|p1a: Dondozo|0 fnt\n|faint|p1a: Dondozo\n|\n|upkeep\n|\n|t:|1700411404\n|switch|p1a: Pinsir|Pinsir-Mega, F, shiny|60\/100\n|turn|26\n|\n|t:|1700411409\n|move|p1a: Pinsir|Quick Attack|p2a: Tyranitar\n|-resisted|p2a: Tyranitar\n|-damage|p2a: Tyranitar|0 fnt\n|faint|p2a: Tyranitar\n|\n|upkeep\n|\n|t:|1700411414\n|switch|p2a: Scizor|Scizor, M|84\/100\n|turn|27\n|\n|t:|1700411424\n|move|p1a: Pinsir|Return|p2a: Scizor\n|-damage|p2a: Scizor|33\/100\n|move|p2a: Scizor|Iron Head|p1a: Pinsir\n|-damage|p1a: Pinsir|17\/100\n|\n|upkeep\n|turn|28\n|\n|t:|1700411431\n|move|p1a: Pinsir|Quick Attack|p2a: Scizor\n|-damage|p2a: Scizor|11\/100\n|move|p2a: Scizor|Bullet Punch|p1a: Pinsir\n|-damage|p1a: Pinsir|0 fnt\n|faint|p1a: Pinsir\n|\n|upkeep\n|-message|DBKGaming forfeited.\n|\n|win|ManitKhurana\n|raw|DBKGaming's rating: 1103 &rarr; <strong>1078<\/strong><br \/>(-25 for losing)\n|raw|ManitKhurana's rating: 1098 &rarr; <strong>1124<\/strong><br \/>(+26 for winning)\n|l|\u2606DBKGaming\n","uploadtime":1700411447,"views":5,"p1id":"dbkgaming","p2id":"manitkhurana","formatid":"gen9nationaldex","rating":1078,"private":0,"password":""}