{"id":"gen9nationaldex-1994076499","p1":"lx_xg","p2":"Skullmonkey","format":"[Gen 9] National Dex","log":"|j|\u2606lx_xg\n|j|\u2606Skullmonkey\n|t:|1700403782\n|gametype|singles\n|player|p1|lx_xg|palmer|1420\n|player|p2|Skullmonkey|li|1518\n|teamsize|p1|6\n|teamsize|p2|6\n|gen|9\n|tier|[Gen 9] National Dex\n|rated|\n|rule|HP Percentage Mod: HP is shown in percentages\n|rule|Endless Battle Clause: Forcing endless battles is banned\n|rule|OHKO Clause: OHKO moves are banned\n|rule|Evasion Clause: Evasion abilities, items, and moves are banned\n|rule|Evasion Abilities Clause: Evasion abilities are banned\n|rule|Evasion Items Clause: Evasion items are banned\n|rule|Evasion Moves Clause: Evasion moves are banned\n|rule|Species Clause: Limit one of each Pok\u00e9mon\n|rule|Sleep Clause Mod: Limit one foe put to sleep\n|clearpoke\n|poke|p1|Pelipper, F|\n|poke|p1|Swampert, M|\n|poke|p1|Ferrothorn, F|\n|poke|p1|Zapdos|\n|poke|p1|Barraskewda, M|\n|poke|p1|Garganacl, F|\n|poke|p2|Swampert, M|\n|poke|p2|Pelipper, M|\n|poke|p2|Corviknight, M|\n|poke|p2|Clodsire, M|\n|poke|p2|Volcarona, M|\n|poke|p2|Rotom-Wash|\n|teampreview\n|\n|t:|1700403788\n|start\n|switch|p1a: Pelipper|Pelipper, F|100\/100\n|switch|p2a: Rotom|Rotom-Wash, shiny|100\/100\n|-weather|RainDance|[from] ability: Drizzle|[of] p1a: Pelipper\n|turn|1\n|\n|t:|1700403800\n|switch|p1a: Ferrothorn|Ferrothorn, F, shiny|100\/100\n|move|p2a: Rotom|Trick|p1a: Ferrothorn\n|-activate|p2a: Rotom|move: Trick|[of] p1a: Ferrothorn\n|-item|p1a: Ferrothorn|Choice Scarf|[from] move: Trick\n|-item|p2a: Rotom|Leftovers|[from] move: Trick\n|\n|-weather|RainDance|[upkeep]\n|upkeep\n|turn|2\n|\n|t:|1700403807\n|move|p2a: Rotom|Volt Switch|p1a: Ferrothorn\n|-resisted|p1a: Ferrothorn\n|-damage|p1a: Ferrothorn|87\/100\n|\n|t:|1700403810\n|switch|p2a: Volcarona|Volcarona, M|100\/100|[from] Volt Switch\n|move|p1a: Ferrothorn|Stealth Rock|p2a: Volcarona\n|-sidestart|p2: Skullmonkey|move: Stealth Rock\n|\n|-weather|RainDance|[upkeep]\n|upkeep\n|turn|3\n|\n|t:|1700403821\n|switch|p1a: Garganacl|Garganacl, F|100\/100\n|move|p2a: Volcarona|Quiver Dance|p2a: Volcarona\n|-boost|p2a: Volcarona|spa|1\n|-boost|p2a: Volcarona|spd|1\n|-boost|p2a: Volcarona|spe|1\n|\n|-weather|RainDance|[upkeep]\n|upkeep\n|turn|4\n|\n|t:|1700403830\n|move|p2a: Volcarona|Giga Drain|p1a: Garganacl\n|-supereffective|p1a: Garganacl\n|-damage|p1a: Garganacl|49\/100\n|move|p1a: Garganacl|Salt Cure|p2a: Volcarona\n|-supereffective|p2a: Volcarona\n|-damage|p2a: Volcarona|20\/100\n|-start|p2a: Volcarona|Salt Cure\n|\n|-weather|RainDance|[upkeep]\n|-heal|p1a: Garganacl|55\/100|[from] item: Leftovers\n|-damage|p2a: Volcarona|8\/100|[from] Salt Cure\n|upkeep\n|turn|5\n|\n|t:|1700403846\n|switch|p2a: Swampert|Swampert, M|100\/100\n|-damage|p2a: Swampert|94\/100|[from] Stealth Rock\n|switch|p1a: Zapdos|Zapdos|100\/100\n|\n|-weather|RainDance|[upkeep]\n|upkeep\n|turn|6\n|\n|t:|1700403854\n|detailschange|p2a: Swampert|Swampert-Mega, M\n|-mega|p2a: Swampert|Swampert|Swampertite\n|move|p2a: Swampert|Liquidation|p1a: Zapdos\n|-damage|p1a: Zapdos|0 fnt\n|faint|p1a: Zapdos\n|\n|-weather|RainDance|[upkeep]\n|upkeep\n|\n|t:|1700403861\n|switch|p1a: Barraskewda|Barraskewda, M|100\/100\n|turn|7\n|inactive|Battle timer is ON: inactive players will automatically lose when time's up. (requested by Skullmonkey)\n|\n|t:|1700403868\n|switch|p2a: Clodsire|Clodsire, M|100\/100\n|-damage|p2a: Clodsire|94\/100|[from] Stealth Rock\n|-terastallize|p1a: Barraskewda|Water\n|move|p1a: Barraskewda|Liquidation|p2a: Clodsire\n|-heal|p2a: Clodsire|100\/100|[from] ability: Water Absorb|[of] p1a: Barraskewda\n|\n|-weather|RainDance|[upkeep]\n|upkeep\n|turn|8\n|\n|t:|1700403877\n|switch|p1a: Ferrothorn|Ferrothorn, F, shiny|87\/100\n|move|p2a: Clodsire|Earthquake|p1a: Ferrothorn\n|-damage|p1a: Ferrothorn|72\/100\n|\n|-weather|none\n|upkeep\n|turn|9\n|\n|t:|1700403884\n|move|p2a: Clodsire|Stealth Rock|p1a: Ferrothorn\n|-sidestart|p1: lx_xg|move: Stealth Rock\n|move|p1a: Ferrothorn|Leech Seed|p2a: Clodsire\n|-start|p2a: Clodsire|move: Leech Seed\n|\n|-damage|p2a: Clodsire|88\/100|[from] Leech Seed|[of] p1a: Ferrothorn\n|-heal|p1a: Ferrothorn|88\/100|[silent]\n|upkeep\n|turn|10\n|\n|t:|1700403894\n|switch|p2a: Pelipper|Pelipper, M|100\/100\n|-damage|p2a: Pelipper|76\/100|[from] Stealth Rock\n|-weather|RainDance|[from] ability: Drizzle|[of] p2a: Pelipper\n|move|p1a: Ferrothorn|Leech Seed|p2a: Pelipper\n|-start|p2a: Pelipper|move: Leech Seed\n|\n|-weather|RainDance|[upkeep]\n|-damage|p2a: Pelipper|63\/100|[from] Leech Seed|[of] p1a: Ferrothorn\n|-heal|p1a: Ferrothorn|99\/100|[silent]\n|upkeep\n|turn|11\n|\n|t:|1700403904\n|move|p2a: Pelipper|Scald|p1a: Ferrothorn\n|-resisted|p1a: Ferrothorn\n|-damage|p1a: Ferrothorn|75\/100\n|move|p1a: Ferrothorn|Leech Seed||[still]\n|-fail|p1a: Ferrothorn\n|\n|-weather|RainDance|[upkeep]\n|-damage|p2a: Pelipper|51\/100|[from] Leech Seed|[of] p1a: Ferrothorn\n|-heal|p1a: Ferrothorn|87\/100|[silent]\n|upkeep\n|turn|12\n|\n|t:|1700403912\n|move|p2a: Pelipper|Roost|p2a: Pelipper\n|-heal|p2a: Pelipper|100\/100\n|-singleturn|p2a: Pelipper|move: Roost\n|move|p1a: Ferrothorn|Leech Seed||[still]\n|-fail|p1a: Ferrothorn\n|\n|-weather|RainDance|[upkeep]\n|-damage|p2a: Pelipper|88\/100|[from] Leech Seed|[of] p1a: Ferrothorn\n|-heal|p1a: Ferrothorn|98\/100|[silent]\n|upkeep\n|turn|13\n|\n|t:|1700403920\n|move|p2a: Pelipper|Hurricane|p1a: Ferrothorn\n|-damage|p1a: Ferrothorn|52\/100\n|move|p1a: Ferrothorn|Leech Seed||[still]\n|-fail|p1a: Ferrothorn\n|\n|-weather|RainDance|[upkeep]\n|-damage|p2a: Pelipper|76\/100|[from] Leech Seed|[of] p1a: Ferrothorn\n|-heal|p1a: Ferrothorn|63\/100|[silent]\n|upkeep\n|turn|14\n|\n|t:|1700403927\n|move|p2a: Pelipper|Roost|p2a: Pelipper\n|-heal|p2a: Pelipper|100\/100\n|-singleturn|p2a: Pelipper|move: Roost\n|move|p1a: Ferrothorn|Leech Seed||[still]\n|-fail|p1a: Ferrothorn\n|\n|-weather|RainDance|[upkeep]\n|-damage|p2a: Pelipper|88\/100|[from] Leech Seed|[of] p1a: Ferrothorn\n|-heal|p1a: Ferrothorn|75\/100|[silent]\n|upkeep\n|turn|15\n|\n|t:|1700403935\n|switch|p1a: Pelipper|Pelipper, F|100\/100\n|-damage|p1a: Pelipper|76\/100|[from] Stealth Rock\n|move|p2a: Pelipper|Hurricane|p1a: Pelipper\n|-damage|p1a: Pelipper|11\/100\n|\n|-weather|RainDance|[upkeep]\n|-damage|p2a: Pelipper|76\/100|[from] Leech Seed|[of] p1a: Pelipper\n|-heal|p1a: Pelipper|23\/100|[silent]\n|upkeep\n|turn|16\n|\n|t:|1700403944\n|switch|p2a: Clodsire|Clodsire, M|88\/100\n|-damage|p2a: Clodsire|82\/100|[from] Stealth Rock\n|move|p1a: Pelipper|Roost|p1a: Pelipper\n|-heal|p1a: Pelipper|73\/100\n|-singleturn|p1a: Pelipper|move: Roost\n|\n|-weather|RainDance|[upkeep]\n|-heal|p2a: Clodsire|88\/100|[from] item: Leftovers\n|upkeep\n|turn|17\n|\n|t:|1700403954\n|move|p1a: Pelipper|U-turn|p2a: Clodsire\n|-resisted|p2a: Clodsire\n|-damage|p2a: Clodsire|83\/100\n|\n|t:|1700403958\n|switch|p1a: Swampert|Swampert, M, shiny|100\/100|[from] U-turn\n|-damage|p1a: Swampert|94\/100|[from] Stealth Rock\n|move|p2a: Clodsire|Toxic|p1a: Swampert\n|-status|p1a: Swampert|tox\n|\n|-weather|none\n|-heal|p2a: Clodsire|89\/100|[from] item: Leftovers\n|-damage|p1a: Swampert|88\/100 tox|[from] psn\n|upkeep\n|turn|18\n|\n|t:|1700403967\n|switch|p1a: Garganacl|Garganacl, F|55\/100\n|-damage|p1a: Garganacl|43\/100|[from] Stealth Rock\n|switch|p2a: Rotom|Rotom-Wash, shiny|100\/100\n|-damage|p2a: Rotom|88\/100|[from] Stealth Rock\n|\n|-heal|p2a: Rotom|94\/100|[from] item: Leftovers\n|-heal|p1a: Garganacl|49\/100|[from] item: Leftovers\n|upkeep\n|turn|19\n|\n|t:|1700403978\n|move|p2a: Rotom|Hydro Pump|p1a: Garganacl\n|-supereffective|p1a: Garganacl\n|-damage|p1a: Garganacl|0 fnt\n|faint|p1a: Garganacl\n|\n|-heal|p2a: Rotom|100\/100|[from] item: Leftovers\n|upkeep\n|-message|lx_xg forfeited.\n|\n|win|Skullmonkey\n|raw|lx_xg's rating: 1420 &rarr; <strong>1405<\/strong><br \/>(-15 for losing)\n|raw|Skullmonkey's rating: 1518 &rarr; <strong>1533<\/strong><br \/>(+15 for winning)\n|l|\u2606lx_xg\n|c|\u2606Skullmonkey|GG\n","uploadtime":1700403997,"views":12,"p1id":"lxxg","p2id":"skullmonkey","formatid":"gen9nationaldex","rating":1405,"private":0,"password":""}