{"id":"gen9nationaldex-1991606414","p1":"sonicfan872","p2":"Aelted","format":"[Gen 9] National Dex","log":"|j|\u2606sonicfan872\n|j|\u2606Aelted\n|t:|1700093485\n|gametype|singles\n|player|p1|sonicfan872|266|\n|player|p2|Aelted|265|\n|teamsize|p1|6\n|teamsize|p2|6\n|gen|9\n|tier|[Gen 9] National Dex\n|rule|HP Percentage Mod: HP is shown in percentages\n|rule|Endless Battle Clause: Forcing endless battles is banned\n|rule|OHKO Clause: OHKO moves are banned\n|rule|Evasion Clause: Evasion abilities, items, and moves are banned\n|rule|Evasion Abilities Clause: Evasion abilities are banned\n|rule|Evasion Items Clause: Evasion items are banned\n|rule|Evasion Moves Clause: Evasion moves are banned\n|rule|Species Clause: Limit one of each Pok\u00e9mon\n|rule|Sleep Clause Mod: Limit one foe put to sleep\n|clearpoke\n|poke|p1|Poliwhirl, F|\n|poke|p1|Nidoking, M|\n|poke|p1|Butterfree, F|\n|poke|p1|Scyther, M|\n|poke|p1|Pikachu, F|\n|poke|p1|Slowbro, F|\n|poke|p2|Dragonite, M|\n|poke|p2|Tauros, M|\n|poke|p2|Blastoise, F|\n|poke|p2|Charizard, F|\n|poke|p2|Venusaur, M|\n|poke|p2|Pikachu-Original, M|\n|teampreview\n|\n|t:|1700093500\n|start\n|switch|p1a: Scyther|Scyther, M|100\/100\n|switch|p2a: Tauros|Tauros, M|100\/100\n|turn|1\n|\n|t:|1700093520\n|move|p2a: Tauros|Body Slam|p1a: Scyther\n|-damage|p1a: Scyther|56\/100\n|move|p1a: Scyther|Pounce|p2a: Tauros\n|-damage|p2a: Tauros|57\/100\n|-unboost|p2a: Tauros|spe|1\n|\n|upkeep\n|turn|2\n|\n|t:|1700093541\n|move|p1a: Scyther|Trailblaze|p2a: Tauros\n|-damage|p2a: Tauros|29\/100\n|-boost|p1a: Scyther|spe|1\n|move|p2a: Tauros|Body Slam|p1a: Scyther\n|-damage|p1a: Scyther|9\/100\n|\n|upkeep\n|turn|3\n|\n|t:|1700093560\n|move|p1a: Scyther|Pounce|p2a: Tauros\n|-damage|p2a: Tauros|0 fnt\n|faint|p2a: Tauros\n|\n|upkeep\n|\n|t:|1700093568\n|switch|p2a: Charizard|Charizard, F|100\/100\n|turn|4\n|\n|t:|1700093574\n|move|p1a: Scyther|Dual Wingbeat|p2a: Charizard\n|-damage|p2a: Charizard|61\/100\n|-damage|p2a: Charizard|19\/100\n|-hitcount|p2a: Charizard|2\n|move|p2a: Charizard|Air Slash|p1a: Scyther\n|-supereffective|p1a: Scyther\n|-damage|p1a: Scyther|0 fnt\n|faint|p1a: Scyther\n|\n|upkeep\n|\n|t:|1700093580\n|switch|p1a: Poliwhirl|Poliwhirl, F|100\/100\n|turn|5\n|\n|t:|1700093592\n|move|p2a: Charizard|Air Slash|p1a: Poliwhirl\n|-damage|p1a: Poliwhirl|50\/100\n|move|p1a: Poliwhirl|Body Slam|p2a: Charizard\n|-damage|p2a: Charizard|0 fnt\n|faint|p2a: Charizard\n|\n|upkeep\n|\n|t:|1700093602\n|switch|p2a: Pikachu|Pikachu-Original, M|100\/100\n|turn|6\n|\n|t:|1700093611\n|move|p2a: Pikachu|Fake Out|p1a: Poliwhirl\n|-damage|p1a: Poliwhirl|44\/100\n|cant|p1a: Poliwhirl|flinch\n|\n|upkeep\n|turn|7\n|\n|t:|1700093623\n|move|p1a: Poliwhirl|Earthquake|p2a: Pikachu\n|-supereffective|p2a: Pikachu\n|-damage|p2a: Pikachu|0 fnt\n|faint|p2a: Pikachu\n|\n|upkeep\n|\n|t:|1700093630\n|switch|p2a: Dragonite|Dragonite, M|100\/100\n|turn|8\n|\n|t:|1700093643\n|move|p1a: Poliwhirl|Body Slam|p2a: Dragonite\n|-damage|p2a: Dragonite|91\/100\n|move|p2a: Dragonite|Dragon Dance|p2a: Dragonite\n|-boost|p2a: Dragonite|atk|1\n|-boost|p2a: Dragonite|spe|1\n|\n|-heal|p2a: Dragonite|97\/100|[from] item: Leftovers\n|upkeep\n|turn|9\n|\n|t:|1700093650\n|move|p2a: Dragonite|Dragon Dance|p2a: Dragonite\n|-boost|p2a: Dragonite|atk|1\n|-boost|p2a: Dragonite|spe|1\n|move|p1a: Poliwhirl|Body Slam|p2a: Dragonite\n|-damage|p2a: Dragonite|74\/100\n|\n|-heal|p2a: Dragonite|80\/100|[from] item: Leftovers\n|upkeep\n|turn|10\n|\n|t:|1700093658\n|switch|p1a: Butterfree|Butterfree, F|100\/100\n|move|p2a: Dragonite|Dragon Dance|p2a: Dragonite\n|-boost|p2a: Dragonite|atk|1\n|-boost|p2a: Dragonite|spe|1\n|\n|-heal|p2a: Dragonite|87\/100|[from] item: Leftovers\n|upkeep\n|turn|11\n|\n|t:|1700093669\n|move|p2a: Dragonite|Dragon Claw|p1a: Butterfree\n|-enditem|p1a: Butterfree|Focus Sash\n|-damage|p1a: Butterfree|1\/100\n|move|p1a: Butterfree|Sleep Powder|p2a: Dragonite\n|-status|p2a: Dragonite|slp|[from] move: Sleep Powder\n|\n|-heal|p2a: Dragonite|93\/100 slp|[from] item: Leftovers\n|upkeep\n|turn|12\n|\n|t:|1700093679\n|switch|p1a: Nidoking|Nidoking, M|100\/100\n|cant|p2a: Dragonite|slp\n|\n|-heal|p2a: Dragonite|99\/100 slp|[from] item: Leftovers\n|upkeep\n|turn|13\n|\n|t:|1700093685\n|-curestatus|p2a: Dragonite|slp|[msg]\n|move|p2a: Dragonite|Dragon Claw|p1a: Nidoking\n|-crit|p1a: Nidoking\n|-damage|p1a: Nidoking|0 fnt\n|faint|p1a: Nidoking\n|\n|-heal|p2a: Dragonite|100\/100|[from] item: Leftovers\n|upkeep\n|\n|t:|1700093689\n|switch|p1a: Pikachu|Pikachu, F|100\/100\n|turn|14\n|\n|t:|1700093696\n|move|p1a: Pikachu|Fake Out|p2a: Dragonite\n|-damage|p2a: Dragonite|91\/100\n|cant|p2a: Dragonite|flinch\n|\n|-heal|p2a: Dragonite|97\/100|[from] item: Leftovers\n|upkeep\n|turn|15\n|\n|t:|1700093702\n|move|p1a: Pikachu|Extreme Speed|p2a: Dragonite\n|-damage|p2a: Dragonite|64\/100\n|move|p2a: Dragonite|Dragon Claw|p1a: Pikachu\n|-damage|p1a: Pikachu|0 fnt\n|-status|p2a: Dragonite|par|[from] ability: Static|[of] p1a: Pikachu\n|faint|p1a: Pikachu\n|\n|-heal|p2a: Dragonite|70\/100 par|[from] item: Leftovers\n|upkeep\n|\n|t:|1700093709\n|switch|p1a: Butterfree|Butterfree, F|1\/100\n|turn|16\n|\n|t:|1700093717\n|move|p2a: Dragonite|Extreme Speed|p1a: Butterfree\n|-damage|p1a: Butterfree|0 fnt\n|faint|p1a: Butterfree\n|\n|-heal|p2a: Dragonite|76\/100 par|[from] item: Leftovers\n|upkeep\n|\n|t:|1700093718\n|switch|p1a: Poliwhirl|Poliwhirl, F|44\/100\n|turn|17\n|\n|t:|1700093724\n|cant|p2a: Dragonite|par\n|move|p1a: Poliwhirl|Body Slam|p2a: Dragonite\n|-damage|p2a: Dragonite|57\/100 par\n|\n|-heal|p2a: Dragonite|63\/100 par|[from] item: Leftovers\n|upkeep\n|turn|18\n|\n|t:|1700093730\n|cant|p2a: Dragonite|par\n|move|p1a: Poliwhirl|Body Slam|p2a: Dragonite\n|-damage|p2a: Dragonite|43\/100 par\n|\n|-heal|p2a: Dragonite|49\/100 par|[from] item: Leftovers\n|upkeep\n|turn|19\n|\n|t:|1700093736\n|move|p2a: Dragonite|Extreme Speed|p1a: Poliwhirl\n|-damage|p1a: Poliwhirl|0 fnt\n|faint|p1a: Poliwhirl\n|\n|-heal|p2a: Dragonite|56\/100 par|[from] item: Leftovers\n|upkeep\n|\n|t:|1700093738\n|switch|p1a: Slowbro|Slowbro, F|100\/100\n|turn|20\n|\n|t:|1700093745\n|detailschange|p1a: Slowbro|Slowbro-Mega, F\n|-mega|p1a: Slowbro|Slowbro|Slowbronite\n|cant|p2a: Dragonite|par\n|move|p1a: Slowbro|Iron Defense|p1a: Slowbro\n|-boost|p1a: Slowbro|def|2\n|\n|-heal|p2a: Dragonite|62\/100 par|[from] item: Leftovers\n|upkeep\n|turn|21\n|\n|t:|1700093755\n|move|p2a: Dragonite|Extreme Speed|p1a: Slowbro\n|-damage|p1a: Slowbro|81\/100\n|move|p1a: Slowbro|Iron Defense|p1a: Slowbro\n|-boost|p1a: Slowbro|def|2\n|\n|-heal|p2a: Dragonite|68\/100 par|[from] item: Leftovers\n|upkeep\n|turn|22\n|\n|t:|1700093763\n|move|p2a: Dragonite|Dragon Claw|p1a: Slowbro\n|-damage|p1a: Slowbro|60\/100\n|move|p1a: Slowbro|Calm Mind|p1a: Slowbro\n|-boost|p1a: Slowbro|spa|1\n|-boost|p1a: Slowbro|spd|1\n|\n|-heal|p2a: Dragonite|74\/100 par|[from] item: Leftovers\n|upkeep\n|turn|23\n|\n|t:|1700093772\n|switch|p2a: Blastoise|Blastoise, F|100\/100\n|move|p1a: Slowbro|Slack Off|p1a: Slowbro\n|-heal|p1a: Slowbro|100\/100\n|\n|upkeep\n|turn|24\n|\n|t:|1700093778\n|move|p2a: Blastoise|Toxic|p1a: Slowbro\n|-status|p1a: Slowbro|tox\n|move|p1a: Slowbro|Calm Mind|p1a: Slowbro\n|-boost|p1a: Slowbro|spa|1\n|-boost|p1a: Slowbro|spd|1\n|\n|-damage|p1a: Slowbro|94\/100 tox|[from] psn\n|upkeep\n|turn|25\n|\n|t:|1700093786\n|move|p2a: Blastoise|Rain Dance|p2a: Blastoise\n|-weather|RainDance\n|move|p1a: Slowbro|Stored Power|p2a: Blastoise\n|-damage|p2a: Blastoise|0 fnt\n|faint|p2a: Blastoise\n|\n|-weather|RainDance|[upkeep]\n|-damage|p1a: Slowbro|82\/100 tox|[from] psn\n|upkeep\n|\n|t:|1700093807\n|switch|p2a: Venusaur|Venusaur, M|100\/100\n|turn|26\n|\n|t:|1700093817\n|-terastallize|p2a: Venusaur|Grass\n|move|p2a: Venusaur|Sleep Powder||[still]\n|-fail|p2a: Venusaur\n|move|p1a: Slowbro|Stored Power|p2a: Venusaur\n|-damage|p2a: Venusaur|0 fnt\n|faint|p2a: Venusaur\n|\n|-weather|RainDance|[upkeep]\n|-damage|p1a: Slowbro|64\/100 tox|[from] psn\n|upkeep\n|\n|t:|1700093826\n|switch|p2a: Dragonite|Dragonite, M|74\/100 par\n|turn|27\n|inactive|Battle timer is ON: inactive players will automatically lose when time's up. (requested by sonicfan872)\n|\n|t:|1700093890\n|cant|p2a: Dragonite|par\n|move|p1a: Slowbro|Stored Power|p2a: Dragonite\n|-damage|p2a: Dragonite|0 fnt\n|faint|p2a: Dragonite\n|\n|win|sonicfan872\n","uploadtime":1700093897,"views":4,"p1id":"sonicfan872","p2id":"aelted","formatid":"gen9nationaldex","rating":0,"private":0,"password":""}