{"id":"gen9nationaldex-1991247807","p1":"Zabanya-Z","p2":"SSSSSSlizard","format":"[Gen 9] National Dex","log":"|j|\u203dZabanya-Z\n|j|\u2606SSSSSSlizard\n|t:|1700061041\n|gametype|singles\n|player|p1|Zabanya-Z|proton|1553\n|player|p2|SSSSSSlizard|irida|1589\n|teamsize|p1|6\n|teamsize|p2|6\n|gen|9\n|tier|[Gen 9] National Dex\n|rated|\n|rule|HP Percentage Mod: HP is shown in percentages\n|rule|Endless Battle Clause: Forcing endless battles is banned\n|rule|OHKO Clause: OHKO moves are banned\n|rule|Evasion Clause: Evasion abilities, items, and moves are banned\n|rule|Evasion Abilities Clause: Evasion abilities are banned\n|rule|Evasion Items Clause: Evasion items are banned\n|rule|Evasion Moves Clause: Evasion moves are banned\n|rule|Species Clause: Limit one of each Pok\u00e9mon\n|rule|Sleep Clause Mod: Limit one foe put to sleep\n|clearpoke\n|poke|p1|Rillaboom, F|\n|poke|p1|Heatran, F|\n|poke|p1|Urshifu-*, F|\n|poke|p1|Slowking-Galar, F|\n|poke|p1|Thundurus-Therian, M|\n|poke|p1|Weezing-Galar, F|\n|poke|p2|Rillaboom, M|\n|poke|p2|Heatran, M|\n|poke|p2|Urshifu-*, M|\n|poke|p2|Slowking-Galar, F|\n|poke|p2|Thundurus-Therian, M|\n|poke|p2|Weezing-Galar, M|\n|teampreview\n|inactive|Battle timer is ON: inactive players will automatically lose when time's up. (requested by Zabanya-Z)\n|c|\u2606SSSSSSlizard|\u54df\n|inactive|SSSSSSlizard has 120 seconds left.\n|\n|t:|1700061091\n|start\n|switch|p1a: Slowking|Slowking-Galar, F|100\/100\n|switch|p2a: Urshifu|Urshifu-Rapid-Strike, M|100\/100\n|turn|1\n|\n|t:|1700061117\n|-terastallize|p2a: Urshifu|Water\n|move|p2a: Urshifu|Surging Strikes|p1a: Slowking\n|-crit|p1a: Slowking\n|-damage|p1a: Slowking|67\/100\n|-crit|p1a: Slowking\n|-damage|p1a: Slowking|37\/100\n|-crit|p1a: Slowking\n|-damage|p1a: Slowking|7\/100\n|-hitcount|p1a: Slowking|3\n|move|p1a: Slowking|Thunder Wave|p2a: Urshifu\n|-status|p2a: Urshifu|par\n|\n|upkeep\n|turn|2\n|\n|t:|1700061122\n|switch|p1a: Weezing|Weezing-Galar, F|100\/100\n|-ability|p1a: Weezing|Neutralizing Gas\n|cant|p2a: Urshifu|par\n|\n|upkeep\n|turn|3\n|\n|t:|1700061127\n|move|p2a: Urshifu|Surging Strikes|p1a: Weezing\n|-crit|p1a: Weezing\n|-damage|p1a: Weezing|74\/100\n|-crit|p1a: Weezing\n|-damage|p1a: Weezing|46\/100\n|-crit|p1a: Weezing\n|-damage|p1a: Weezing|17\/100\n|-hitcount|p1a: Weezing|3\n|move|p1a: Weezing|Toxic Spikes|p2a: Urshifu\n|-sidestart|p2: SSSSSSlizard|move: Toxic Spikes\n|\n|-heal|p1a: Weezing|23\/100|[from] item: Leftovers\n|upkeep\n|turn|4\n|\n|t:|1700061132\n|-end|p1a: Weezing|ability: Neutralizing Gas\n|switch|p1a: Rillaboom|Rillaboom, F|100\/100\n|-fieldstart|move: Grassy Terrain|[from] ability: Grassy Surge|[of] p1a: Rillaboom\n|cant|p2a: Urshifu|par\n|\n|upkeep\n|turn|5\n|c|\u2606SSSSSSlizard|\u73a9\u72d7\u8fd0\n|\n|t:|1700061151\n|switch|p2a: Weezing|Weezing-Galar, M|100\/100\n|-ability|p2a: Weezing|Neutralizing Gas\n|-sideend|p2: SSSSSSlizard|move: Toxic Spikes|[of] p2a: Weezing\n|move|p1a: Rillaboom|Wood Hammer|p2a: Weezing\n|-resisted|p2a: Weezing\n|-damage|p2a: Weezing|62\/100\n|-damage|p1a: Rillaboom|88\/100|[from] Recoil\n|\n|-heal|p1a: Rillaboom|94\/100|[from] Grassy Terrain\n|-heal|p2a: Weezing|68\/100|[from] Grassy Terrain\n|-heal|p2a: Weezing|74\/100|[from] item: Leftovers\n|upkeep\n|turn|6\n|\n|t:|1700061168\n|switch|p1a: Slowking|Slowking-Galar, F|40\/100\n|move|p2a: Weezing|Toxic Spikes|p1a: Slowking\n|-sidestart|p1: Zabanya-Z|move: Toxic Spikes\n|\n|-heal|p2a: Weezing|80\/100|[from] Grassy Terrain\n|-heal|p2a: Weezing|86\/100|[from] item: Leftovers\n|-heal|p1a: Slowking|46\/100|[from] Grassy Terrain\n|upkeep\n|turn|7\n|\n|t:|1700061177\n|-end|p2a: Weezing|ability: Neutralizing Gas\n|switch|p2a: Urshifu|Urshifu-Rapid-Strike, M, tera:Water|100\/100 par\n|move|p1a: Slowking|Thunder Wave|p2a: Urshifu\n|-fail|p2a: Urshifu|par\n|\n|-heal|p1a: Slowking|52\/100|[from] Grassy Terrain\n|upkeep\n|turn|8\n|\n|t:|1700061194\n|switch|p1a: Rillaboom|Rillaboom, F|94\/100\n|-status|p1a: Rillaboom|psn\n|cant|p2a: Urshifu|par\n|\n|-heal|p1a: Rillaboom|99\/100 psn|[from] Grassy Terrain\n|-damage|p1a: Rillaboom|88\/100 psn|[from] psn\n|-fieldend|move: Grassy Terrain\n|upkeep\n|turn|9\n|c|\u2606SSSSSSlizard|\u8fc7\u5206\u4e86\n|\n|t:|1700061212\n|switch|p2a: Weezing|Weezing-Galar, M|86\/100\n|-ability|p2a: Weezing|Neutralizing Gas\n|move|p1a: Rillaboom|Knock Off|p2a: Weezing\n|-resisted|p2a: Weezing\n|-damage|p2a: Weezing|69\/100\n|-enditem|p2a: Weezing|Leftovers|[from] move: Knock Off|[of] p1a: Rillaboom\n|\n|-damage|p1a: Rillaboom|76\/100 psn|[from] psn\n|upkeep\n|turn|10\n|\n|t:|1700061224\n|switch|p1a: Slowking|Slowking-Galar, F|86\/100\n|-sideend|p1: Zabanya-Z|move: Toxic Spikes|[of] p1a: Slowking\n|move|p2a: Weezing|Will-O-Wisp|p1a: Slowking\n|-status|p1a: Slowking|brn\n|\n|-damage|p1a: Slowking|80\/100 brn|[from] brn\n|upkeep\n|turn|11\n|\n|t:|1700061231\n|-end|p2a: Weezing|ability: Neutralizing Gas\n|switch|p2a: Urshifu|Urshifu-Rapid-Strike, M, tera:Water|100\/100 par\n|move|p1a: Slowking|Chilly Reception|p1a: Slowking\n|-weather|Snow\n|\n|t:|1700061236\n|switch|p1a: Thundurus|Thundurus-Therian, M|100\/100|[from] Chilly Reception\n|\n|-weather|Snow|[upkeep]\n|upkeep\n|turn|12\n|\n|t:|1700061245\n|switch|p2a: Thundurus|Thundurus-Therian, M|100\/100\n|move|p1a: Thundurus|Hidden Power|p2a: Thundurus\n|-supereffective|p2a: Thundurus\n|-damage|p2a: Thundurus|38\/100\n|\n|-weather|Snow|[upkeep]\n|upkeep\n|turn|13\n|\n|t:|1700061253\n|switch|p2a: Urshifu|Urshifu-Rapid-Strike, M, tera:Water|100\/100 par\n|move|p1a: Thundurus|Hidden Power|p2a: Urshifu\n|-resisted|p2a: Urshifu\n|-damage|p2a: Urshifu|84\/100 par\n|\n|-weather|Snow|[upkeep]\n|upkeep\n|turn|14\n|\n|t:|1700061256\n|switch|p1a: Rillaboom|Rillaboom, F|76\/100 psn\n|-fieldstart|move: Grassy Terrain|[from] ability: Grassy Surge|[of] p1a: Rillaboom\n|cant|p2a: Urshifu|par\n|\n|-weather|Snow|[upkeep]\n|-heal|p1a: Rillaboom|82\/100 psn|[from] Grassy Terrain\n|-heal|p2a: Urshifu|90\/100 par|[from] Grassy Terrain\n|-damage|p1a: Rillaboom|69\/100 psn|[from] psn\n|upkeep\n|turn|15\n|c|\u2606SSSSSSlizard|....\n|\n|t:|1700061274\n|switch|p2a: Weezing|Weezing-Galar, M|69\/100\n|-ability|p2a: Weezing|Neutralizing Gas\n|move|p1a: Rillaboom|U-turn|p2a: Weezing\n|-resisted|p2a: Weezing\n|-damage|p2a: Weezing|63\/100\n|\n|t:|1700061283\n|switch|p1a: Thundurus|Thundurus-Therian, M|100\/100|[from] U-turn\n|\n|-weather|none\n|-heal|p2a: Weezing|69\/100|[from] Grassy Terrain\n|upkeep\n|turn|16\n|\n|t:|1700061293\n|-end|p2a: Weezing|ability: Neutralizing Gas\n|switch|p2a: Heatran|Heatran, M|100\/100\n|move|p1a: Thundurus|Hidden Power|p2a: Heatran\n|-resisted|p2a: Heatran\n|-damage|p2a: Heatran|97\/100\n|\n|-heal|p2a: Heatran|100\/100|[from] Grassy Terrain\n|upkeep\n|turn|17\n|\n|t:|1700061306\n|switch|p1a: Slowking|Slowking-Galar, F|100\/100 brn\n|move|p2a: Heatran|Earth Power|p1a: Slowking\n|-supereffective|p1a: Slowking\n|-damage|p1a: Slowking|62\/100 brn\n|\n|-heal|p1a: Slowking|68\/100 brn|[from] Grassy Terrain\n|-damage|p1a: Slowking|62\/100 brn|[from] brn\n|upkeep\n|turn|18\n|\n|t:|1700061314\n|switch|p2a: Urshifu|Urshifu-Rapid-Strike, M, tera:Water|90\/100 par\n|move|p1a: Slowking|Thunder Wave|p2a: Urshifu\n|-fail|p2a: Urshifu|par\n|\n|-heal|p2a: Urshifu|96\/100 par|[from] Grassy Terrain\n|-heal|p1a: Slowking|68\/100 brn|[from] Grassy Terrain\n|-damage|p1a: Slowking|62\/100 brn|[from] brn\n|-fieldend|move: Grassy Terrain\n|upkeep\n|turn|19\n|\n|t:|1700061319\n|move|p2a: Urshifu|U-turn|p1a: Slowking\n|-damage|p1a: Slowking|33\/100 brn\n|\n|t:|1700061329\n|switch|p2a: Heatran|Heatran, M|100\/100|[from] U-turn\n|move|p1a: Slowking|Chilly Reception|p1a: Slowking\n|-weather|Snow\n|\n|t:|1700061334\n|switch|p1a: Urshifu|Urshifu-Rapid-Strike, F|100\/100|[from] Chilly Reception\n|\n|-weather|Snow|[upkeep]\n|upkeep\n|turn|20\n|inactive|SSSSSSlizard has 120 seconds left.\n|\n|t:|1700061368\n|switch|p2a: Urshifu|Urshifu-Rapid-Strike, M, tera:Water|96\/100 par\n|move|p1a: Urshifu|Surging Strikes|p2a: Urshifu\n|-resisted|p2a: Urshifu\n|-crit|p2a: Urshifu\n|-damage|p2a: Urshifu|81\/100 par\n|-resisted|p2a: Urshifu\n|-crit|p2a: Urshifu\n|-damage|p2a: Urshifu|66\/100 par\n|-resisted|p2a: Urshifu\n|-crit|p2a: Urshifu\n|-damage|p2a: Urshifu|52\/100 par\n|-hitcount|p2a: Urshifu|3\n|\n|-weather|Snow|[upkeep]\n|upkeep\n|turn|21\n|inactive|SSSSSSlizard has 120 seconds left.\n|\n|t:|1700061394\n|switch|p1a: Slowking|Slowking-Galar, F|66\/100 brn\n|switch|p2a: Rillaboom|Rillaboom, M|100\/100\n|-fieldstart|move: Grassy Terrain|[from] ability: Grassy Surge|[of] p2a: Rillaboom\n|\n|-weather|Snow|[upkeep]\n|-heal|p1a: Slowking|72\/100 brn|[from] Grassy Terrain\n|-damage|p1a: Slowking|66\/100 brn|[from] brn\n|upkeep\n|turn|22\n|\n|t:|1700061398\n|move|p2a: Rillaboom|Knock Off|p1a: Slowking\n|-supereffective|p1a: Slowking\n|-damage|p1a: Slowking|0 fnt\n|-enditem|p1a: Slowking|Heavy-Duty Boots|[from] move: Knock Off|[of] p2a: Rillaboom\n|faint|p1a: Slowking\n|\n|-weather|Snow|[upkeep]\n|upkeep\n|\n|t:|1700061402\n|switch|p1a: Thundurus|Thundurus-Therian, M|100\/100\n|turn|23\n|\n|t:|1700061407\n|switch|p2a: Heatran|Heatran, M|100\/100\n|move|p1a: Thundurus|Hidden Power|p2a: Heatran\n|-resisted|p2a: Heatran\n|-damage|p2a: Heatran|97\/100\n|\n|-weather|none\n|-heal|p2a: Heatran|100\/100|[from] Grassy Terrain\n|upkeep\n|turn|24\n|\n|t:|1700061416\n|switch|p1a: Heatran|Heatran, F|100\/100\n|move|p2a: Heatran|Earth Power|p1a: Heatran\n|-supereffective|p1a: Heatran\n|-damage|p1a: Heatran|34\/100\n|\n|-heal|p1a: Heatran|40\/100|[from] Grassy Terrain\n|-heal|p1a: Heatran|47\/100|[from] item: Leftovers\n|upkeep\n|turn|25\n|\n|t:|1700061428\n|switch|p2a: Slowking|Slowking-Galar, F|100\/100\n|move|p1a: Heatran|Stealth Rock|p2a: Slowking\n|-sidestart|p2: SSSSSSlizard|move: Stealth Rock\n|\n|-heal|p1a: Heatran|53\/100|[from] Grassy Terrain\n|-heal|p1a: Heatran|59\/100|[from] item: Leftovers\n|-fieldend|move: Grassy Terrain\n|upkeep\n|turn|26\n|\n|t:|1700061431\n|move|p1a: Heatran|Taunt|p2a: Slowking\n|-start|p2a: Slowking|move: Taunt\n|cant|p2a: Slowking|move: Taunt|Thunder Wave\n|\n|-heal|p1a: Heatran|65\/100|[from] item: Leftovers\n|upkeep\n|turn|27\n|\n|t:|1700061434\n|move|p1a: Heatran|Magma Storm|p2a: Slowking\n|-damage|p2a: Slowking|67\/100\n|-activate|p2a: Slowking|move: Magma Storm|[of] p1a: Heatran\n|move|p2a: Slowking|Future Sight|p1a: Heatran\n|-start|p2a: Slowking|move: Future Sight\n|\n|-heal|p1a: Heatran|71\/100|[from] item: Leftovers\n|-damage|p2a: Slowking|54\/100|[from] move: Magma Storm|[partiallytrapped]\n|upkeep\n|turn|28\n|\n|t:|1700061440\n|move|p1a: Heatran|Earth Power|p2a: Slowking\n|-supereffective|p2a: Slowking\n|-crit|p2a: Slowking\n|-damage|p2a: Slowking|0 fnt\n|faint|p2a: Slowking\n|\n|-heal|p1a: Heatran|78\/100|[from] item: Leftovers\n|upkeep\n|\n|t:|1700061449\n|switch|p2a: Urshifu|Urshifu-Rapid-Strike, M, tera:Water|52\/100 par\n|-damage|p2a: Urshifu|40\/100 par|[from] Stealth Rock\n|turn|29\n|\n|t:|1700061456\n|switch|p1a: Weezing|Weezing-Galar, F|23\/100\n|-ability|p1a: Weezing|Neutralizing Gas\n|cant|p2a: Urshifu|par\n|\n|-end|p1a: Weezing|move: Future Sight\n|-supereffective|p1a: Weezing\n|-damage|p1a: Weezing|0 fnt\n|faint|p1a: Weezing\n|-end|p1a: Weezing|ability: Neutralizing Gas\n|upkeep\n|\n|t:|1700061461\n|switch|p1a: Rillaboom|Rillaboom, F|69\/100 psn\n|-fieldstart|move: Grassy Terrain|[from] ability: Grassy Surge|[of] p1a: Rillaboom\n|turn|30\n|\n|t:|1700061487\n|move|p1a: Rillaboom|Wood Hammer|p2a: Urshifu\n|-supereffective|p2a: Urshifu\n|-damage|p2a: Urshifu|0 fnt\n|faint|p2a: Urshifu\n|-damage|p1a: Rillaboom|57\/100 psn|[from] Recoil\n|\n|-heal|p1a: Rillaboom|63\/100 psn|[from] Grassy Terrain\n|-damage|p1a: Rillaboom|50\/100 psn|[from] psn\n|upkeep\n|\n|t:|1700061493\n|switch|p2a: Weezing|Weezing-Galar, M|69\/100\n|-ability|p2a: Weezing|Neutralizing Gas\n|-damage|p2a: Weezing|56\/100|[from] Stealth Rock\n|turn|31\n|\n|t:|1700061497\n|switch|p1a: Heatran|Heatran, F|78\/100\n|move|p2a: Weezing|Defog|p1a: Heatran\n|-unboost|p1a: Heatran|evasion|1\n|-sideend|p2: SSSSSSlizard|Stealth Rock|[from] move: Defog|[of] p2a: Weezing\n|-fieldend|move: Grassy Terrain\n|\n|-heal|p1a: Heatran|84\/100|[from] item: Leftovers\n|upkeep\n|turn|32\n|\n|t:|1700061507\n|move|p1a: Heatran|Magma Storm|p2a: Weezing\n|-damage|p2a: Weezing|0 fnt\n|faint|p2a: Weezing\n|-end|p2a: Weezing|ability: Neutralizing Gas\n|\n|-heal|p1a: Heatran|90\/100|[from] item: Leftovers\n|upkeep\n|\n|t:|1700061512\n|switch|p2a: Heatran|Heatran, M|100\/100\n|turn|33\n|-message|SSSSSSlizard forfeited.\n|\n|win|Zabanya-Z\n|raw|Zabanya-Z's rating: 1553 &rarr; <strong>1575<\/strong><br \/>(+22 for winning)\n|raw|SSSSSSlizard's rating: 1589 &rarr; <strong>1567<\/strong><br \/>(-22 for losing)\n|l|\u2606SSSSSSlizard\n","uploadtime":1700061529,"views":4,"p1id":"zabanyaz","p2id":"sssssslizard","formatid":"gen9nationaldex","rating":1567,"private":0,"password":""}