{"id":"gen9nationaldex-1997201739","p1":"Viruskiller","p2":"DrewTrain06","format":"[Gen 9] National Dex","log":"|html|<div class=\"broadcast-blue\"><strong>[Gen 9] National Dex is currently suspecting Sneasler! For information on how to participate check out the <a href=\"https:\/\/www.smogon.com\/forums\/threads\/sv-national-dex-suspect-8-just-dance.3731534\/\">suspect thread<\/a>.<\/strong><\/div>\n|j|\u2606Viruskiller\n|j|\u2606DrewTrain06\n|t:|1700775014\n|gametype|singles\n|player|p1|Viruskiller|red|1033\n|player|p2|DrewTrain06|lillie-masters2|1131\n|teamsize|p1|6\n|teamsize|p2|6\n|gen|9\n|tier|[Gen 9] National Dex\n|rated|\n|rule|HP Percentage Mod: HP is shown in percentages\n|rule|Endless Battle Clause: Forcing endless battles is banned\n|rule|OHKO Clause: OHKO moves are banned\n|rule|Evasion Clause: Evasion abilities, items, and moves are banned\n|rule|Evasion Abilities Clause: Evasion abilities are banned\n|rule|Evasion Items Clause: Evasion items are banned\n|rule|Evasion Moves Clause: Evasion moves are banned\n|rule|Species Clause: Limit one of each Pok\u00e9mon\n|rule|Sleep Clause Mod: Limit one foe put to sleep\n|clearpoke\n|poke|p1|Krookodile, F|\n|poke|p1|Greninja-*, F|\n|poke|p1|Charizard, F|\n|poke|p1|Kleavor, F|\n|poke|p1|Sceptile, F|\n|poke|p1|Toxtricity, F|\n|poke|p2|Froslass, F|\n|poke|p2|Abomasnow, F|\n|poke|p2|Avalugg-Hisui, F|\n|poke|p2|Weavile, F|\n|poke|p2|Glaceon, F|\n|poke|p2|Medicham, F|\n|teampreview\n|\n|t:|1700775023\n|start\n|switch|p1a: the rockler|Kleavor, F|100\/100\n|switch|p2a: Abomasnow|Abomasnow, F|100\/100\n|-weather|Snow|[from] ability: Snow Warning|[of] p2a: Abomasnow\n|turn|1\n|\n|t:|1700775026\n|move|p1a: the rockler|Stone Axe|p2a: Abomasnow\n|-supereffective|p2a: Abomasnow\n|-crit|p2a: Abomasnow\n|-damage|p2a: Abomasnow|0 fnt\n|-sidestart|p2: DrewTrain06|move: Stealth Rock\n|faint|p2a: Abomasnow\n|-damage|p1a: the rockler|91\/100|[from] item: Life Orb\n|\n|-weather|Snow|[upkeep]\n|upkeep\n|c|\u2606Viruskiller|bruh snowwwwwwwwwww\n|\n|t:|1700775034\n|switch|p2a: Glaceon|Glaceon, F|100\/100\n|-damage|p2a: Glaceon|76\/100|[from] Stealth Rock\n|turn|2\n|c|\u2606Viruskiller|i hate the cold lol\n|\n|t:|1700775040\n|move|p1a: the rockler|Stone Axe|p2a: Glaceon\n|-supereffective|p2a: Glaceon\n|-crit|p2a: Glaceon\n|-damage|p2a: Glaceon|0 fnt\n|faint|p2a: Glaceon\n|-damage|p1a: the rockler|81\/100|[from] item: Life Orb\n|\n|-weather|Snow|[upkeep]\n|upkeep\n|\n|t:|1700775043\n|switch|p2a: Medicham|Medicham, F|100\/100\n|-damage|p2a: Medicham|94\/100|[from] Stealth Rock\n|turn|3\n|\n|t:|1700775048\n|detailschange|p2a: Medicham|Medicham-Mega, F\n|-mega|p2a: Medicham|Medicham|Medichamite\n|move|p2a: Medicham|Ice Punch|p1a: the rockler\n|-damage|p1a: the rockler|32\/100\n|move|p1a: the rockler|X-Scissor|p2a: Medicham\n|-damage|p2a: Medicham|0 fnt\n|faint|p2a: Medicham\n|-damage|p1a: the rockler|22\/100|[from] item: Life Orb\n|\n|-weather|Snow|[upkeep]\n|upkeep\n|c|\u2606DrewTrain06|Gg\n|\n|t:|1700775060\n|switch|p2a: Avalugg|Avalugg-Hisui, F|100\/100\n|turn|4\n|c|\u2606Viruskiller|gg?\n|\n|t:|1700775065\n|move|p1a: the rockler|Roost|p1a: the rockler\n|-heal|p1a: the rockler|72\/100\n|-singleturn|p1a: the rockler|move: Roost\n|move|p2a: Avalugg|Body Press|p1a: the rockler\n|-damage|p1a: the rockler|24\/100\n|\n|-weather|Snow|[upkeep]\n|upkeep\n|turn|5\n|\n|t:|1700775073\n|move|p1a: the rockler|Roost|p1a: the rockler\n|-heal|p1a: the rockler|75\/100\n|-singleturn|p1a: the rockler|move: Roost\n|move|p2a: Avalugg|Body Press|p1a: the rockler\n|-damage|p1a: the rockler|26\/100\n|\n|-weather|Snow|[upkeep]\n|upkeep\n|turn|6\n|\n|t:|1700775088\n|move|p1a: the rockler|Stone Axe|p2a: Avalugg|[miss]\n|-miss|p1a: the rockler|p2a: Avalugg\n|move|p2a: Avalugg|Body Press|p1a: the rockler\n|-damage|p1a: the rockler|0 fnt\n|faint|p1a: the rockler\n|\n|-weather|Snow|[upkeep]\n|upkeep\n|\n|t:|1700775094\n|switch|p1a: Charcoal|Charizard, F|100\/100\n|turn|7\n|\n|t:|1700775099\n|detailschange|p1a: Charcoal|Charizard-Mega-Y, F\n|-mega|p1a: Charcoal|Charizard|Charizardite Y\n|-weather|SunnyDay|[from] ability: Drought|[of] p1a: Charcoal\n|move|p1a: Charcoal|Flamethrower|p2a: Avalugg\n|-ability|p2a: Avalugg|Sturdy\n|-damage|p2a: Avalugg|1\/100\n|move|p2a: Avalugg|Rock Slide|p1a: Charcoal\n|-supereffective|p1a: Charcoal\n|-damage|p1a: Charcoal|0 fnt\n|faint|p1a: Charcoal\n|\n|-weather|SunnyDay|[upkeep]\n|upkeep\n|\n|t:|1700775107\n|switch|p1a: storm|Greninja, F|100\/100\n|turn|8\n|\n|t:|1700775111\n|move|p1a: storm|U-turn|p2a: Avalugg\n|-start|p1a: storm|typechange|Bug|[from] ability: Protean\n|-damage|p2a: Avalugg|0 fnt\n|faint|p2a: Avalugg\n|\n|t:|1700775115\n|switch|p1a: uranium|Toxtricity, F, shiny|100\/100|[from] U-turn\n|\n|-weather|SunnyDay|[upkeep]\n|upkeep\n|\n|t:|1700775119\n|switch|p2a: Weavile|Weavile, F|100\/100\n|-damage|p2a: Weavile|76\/100|[from] Stealth Rock\n|-ability|p2a: Weavile|Pressure\n|turn|9\n|\n|t:|1700775124\n|-terastallize|p2a: Weavile|Ice\n|-terastallize|p1a: uranium|Normal\n|move|p2a: Weavile|Triple Axel|p1a: uranium\n|-damage|p1a: uranium|74\/100\n|-damage|p1a: uranium|25\/100\n|-damage|p1a: uranium|0 fnt\n|faint|p1a: uranium\n|-hitcount|p1: uranium|3\n|-damage|p2a: Weavile|66\/100|[from] item: Life Orb\n|\n|-weather|SunnyDay|[upkeep]\n|upkeep\n|c|\u2606Viruskiller|ow\n|\n|t:|1700775139\n|switch|p1a: raxter|Krookodile, F|100\/100\n|turn|10\n|\n|t:|1700775148\n|move|p2a: Weavile|Triple Axel|p1a: raxter\n|-supereffective|p1a: raxter\n|-damage|p1a: raxter|60\/100\n|-supereffective|p1a: raxter\n|-damage|p1a: raxter|0 fnt\n|faint|p1a: raxter\n|-hitcount|p1: raxter|2\n|-damage|p2a: Weavile|56\/100|[from] item: Life Orb\n|\n|-weather|SunnyDay|[upkeep]\n|upkeep\n|\n|t:|1700775154\n|switch|p1a: slash|Sceptile, F|100\/100\n|turn|11\n|\n|t:|1700775160\n|move|p1a: slash|Endure|p1a: slash\n|-singleturn|p1a: slash|move: Endure\n|move|p2a: Weavile|Triple Axel|p1a: slash\n|-supereffective|p1a: slash\n|-damage|p1a: slash|42\/100\n|-enditem|p1a: slash|Weakness Policy\n|-boost|p1a: slash|atk|2|[from] item: Weakness Policy\n|-boost|p1a: slash|spa|2|[from] item: Weakness Policy\n|-supereffective|p1a: slash\n|-activate|p1a: slash|move: Endure\n|-damage|p1a: slash|1\/100\n|-supereffective|p1a: slash\n|-activate|p1a: slash|move: Endure\n|-damage|p1a: slash|1\/100\n|-hitcount|p1a: slash|3\n|-damage|p2a: Weavile|46\/100|[from] item: Life Orb\n|\n|-weather|none\n|upkeep\n|turn|12\n|\n|t:|1700775173\n|move|p1a: slash|Thunder Punch|p2a: Weavile\n|-damage|p2a: Weavile|0 fnt\n|faint|p2a: Weavile\n|\n|upkeep\n|\n|t:|1700775177\n|switch|p2a: Froslass|Froslass, F|100\/100\n|-damage|p2a: Froslass|76\/100|[from] Stealth Rock\n|turn|13\n|\n|t:|1700775180\n|move|p1a: slash|Thunder Punch|p2a: Froslass\n|-damage|p2a: Froslass|8\/100\n|-start|p1a: slash|Disable|Thunder Punch|[from] ability: Cursed Body|[of] p2a: Froslass\n|-enditem|p2a: Froslass|Sitrus Berry|[eat]\n|-heal|p2a: Froslass|33\/100|[from] item: Sitrus Berry\n|move|p2a: Froslass|Blizzard|p1a: slash|[miss]\n|-miss|p2a: Froslass|p1a: slash\n|\n|upkeep\n|turn|14\n|\n|t:|1700775191\n|move|p1a: slash|Leaf Blade|p2a: Froslass\n|-damage|p2a: Froslass|0 fnt\n|faint|p2a: Froslass\n|\n|win|Viruskiller\n|raw|Viruskiller's rating: 1033 &rarr; <strong>1078<\/strong><br \/>(+45 for winning)\n|raw|DrewTrain06's rating: 1131 &rarr; <strong>1099<\/strong><br \/>(-32 for losing)\n|c|\u2606Viruskiller|that was prettyclose gg\n|l|\u2606DrewTrain06\n","uploadtime":1700775217,"views":7,"p1id":"viruskiller","p2id":"drewtrain06","formatid":"gen9nationaldex","rating":1078,"private":0,"password":""}