{"id":"gen9nationaldex-1994749400","p1":"riniv","p2":"shfeha","format":"[Gen 9] National Dex","log":"|html|<div class=\"broadcast-blue\"><strong>[Gen 9] National Dex is currently suspecting Sneasler! For information on how to participate check out the <a href=\"https:\/\/www.smogon.com\/forums\/threads\/sv-national-dex-suspect-8-just-dance.3731534\/\">suspect thread<\/a>.<\/strong><\/div>\n|j|\u2606riniv\n|j|\u2606shfeha\n|t:|1700488867\n|gametype|singles\n|player|p1|riniv|caitlin|1233\n|player|p2|shfeha|cyclist|1216\n|teamsize|p1|6\n|teamsize|p2|6\n|gen|9\n|tier|[Gen 9] National Dex\n|rated|\n|rule|HP Percentage Mod: HP is shown in percentages\n|rule|Endless Battle Clause: Forcing endless battles is banned\n|rule|OHKO Clause: OHKO moves are banned\n|rule|Evasion Clause: Evasion abilities, items, and moves are banned\n|rule|Evasion Abilities Clause: Evasion abilities are banned\n|rule|Evasion Items Clause: Evasion items are banned\n|rule|Evasion Moves Clause: Evasion moves are banned\n|rule|Species Clause: Limit one of each Pok\u00e9mon\n|rule|Sleep Clause Mod: Limit one foe put to sleep\n|clearpoke\n|poke|p1|Heatran, F|\n|poke|p1|Gyarados, F|\n|poke|p1|Ninetales-Alola, F|\n|poke|p1|Landorus-Therian, M|\n|poke|p1|Iron Valiant|\n|poke|p1|Tapu Koko|\n|poke|p2|Smeargle, F|\n|poke|p2|Grimmsnarl, M|\n|poke|p2|Tornadus-Therian, M|\n|poke|p2|Tapu Koko|\n|poke|p2|Iron Valiant|\n|poke|p2|Medicham, M|\n|teampreview\n|inactive|Battle timer is ON: inactive players will automatically lose when time's up. (requested by shfeha)\n|\n|t:|1700488874\n|start\n|switch|p1a: Tapu Koko|Tapu Koko|100\/100\n|switch|p2a: Grimmsnarl|Grimmsnarl, M|100\/100\n|-fieldstart|move: Electric Terrain|[from] ability: Electric Surge|[of] p1a: Tapu Koko\n|turn|1\n|\n|t:|1700488879\n|move|p2a: Grimmsnarl|Taunt|p1a: Tapu Koko\n|-start|p1a: Tapu Koko|move: Taunt\n|cant|p1a: Tapu Koko|move: Taunt|Taunt\n|\n|upkeep\n|turn|2\n|\n|t:|1700488885\n|move|p2a: Grimmsnarl|Light Screen|p2a: Grimmsnarl\n|-sidestart|p2: shfeha|move: Light Screen\n|-zpower|p1a: Tapu Koko\n|move|p1a: Tapu Koko|Gigavolt Havoc|p2a: Grimmsnarl|[zeffect]\n|-damage|p2a: Grimmsnarl|71\/100\n|\n|upkeep\n|turn|3\n|\n|t:|1700488895\n|switch|p1a: Gyarados|Gyarados, F|100\/100\n|-ability|p1a: Gyarados|Intimidate|boost\n|-unboost|p2a: Grimmsnarl|atk|1\n|move|p2a: Grimmsnarl|Reflect|p2a: Grimmsnarl\n|-sidestart|p2: shfeha|Reflect\n|\n|upkeep\n|turn|4\n|\n|t:|1700488901\n|move|p2a: Grimmsnarl|Taunt|p1a: Gyarados\n|-start|p1a: Gyarados|move: Taunt\n|cant|p1a: Gyarados|move: Taunt|Dragon Dance\n|\n|upkeep\n|turn|5\n|\n|t:|1700488906\n|switch|p1a: Iron Valiant|Iron Valiant|100\/100\n|-activate|p1a: Iron Valiant|ability: Quark Drive\n|-start|p1a: Iron Valiant|quarkdrivespe\n|switch|p2a: Tornadus|Tornadus-Therian, M|100\/100\n|\n|-fieldend|move: Electric Terrain\n|-end|p1a: Iron Valiant|Quark Drive\n|upkeep\n|turn|6\n|\n|t:|1700488912\n|-end|p1a: Iron Valiant|Quark Drive|[silent]\n|switch|p1a: Heatran|Heatran, F|100\/100\n|move|p2a: Tornadus|Hurricane|p1a: Heatran\n|-resisted|p1a: Heatran\n|-damage|p1a: Heatran|79\/100\n|-start|p1a: Heatran|confusion\n|\n|upkeep\n|turn|7\n|\n|t:|1700488919\n|move|p2a: Tornadus|Hurricane|p1a: Heatran|[miss]\n|-miss|p2a: Tornadus|p1a: Heatran\n|-activate|p1a: Heatran|confusion\n|move|p1a: Heatran|Magma Storm|p2a: Tornadus\n|-damage|p2a: Tornadus|68\/100\n|-activate|p2a: Tornadus|move: Magma Storm|[of] p1a: Heatran\n|-enditem|p2a: Tornadus|Eject Button\n|\n|t:|1700488924\n|switch|p2a: Smeargle|Smeargle, F, shiny|100\/100\n|\n|upkeep\n|turn|8\n|\n|t:|1700488930\n|move|p2a: Smeargle|Geomancy||[still]\n|-prepare|p2a: Smeargle|Geomancy\n|-enditem|p2a: Smeargle|Power Herb\n|-anim|p2a: Smeargle|Geomancy|p2a: Smeargle\n|-boost|p2a: Smeargle|spa|2\n|-boost|p2a: Smeargle|spd|2\n|-boost|p2a: Smeargle|spe|2\n|-activate|p1a: Heatran|confusion\n|move|p1a: Heatran|Taunt|p2a: Smeargle\n|-start|p2a: Smeargle|move: Taunt\n|\n|upkeep\n|turn|9\n|\n|t:|1700488938\n|move|p2a: Smeargle|Secret Sword|p1a: Heatran\n|-supereffective|p1a: Heatran\n|-damage|p1a: Heatran|39\/100\n|-activate|p1a: Heatran|confusion\n|move|p1a: Heatran|Magma Storm|p2a: Smeargle|[miss]\n|-miss|p1a: Heatran|p2a: Smeargle\n|\n|-sideend|p2: shfeha|move: Light Screen\n|upkeep\n|turn|10\n|\n|t:|1700488946\n|switch|p1a: Ninetales|Ninetales-Alola, F|100\/100\n|-weather|Snow|[from] ability: Snow Warning|[of] p1a: Ninetales\n|move|p2a: Smeargle|Secret Sword|p1a: Ninetales\n|-damage|p1a: Ninetales|76\/100\n|\n|-weather|Snow|[upkeep]\n|-sideend|p2: shfeha|Reflect\n|upkeep\n|turn|11\n|\n|t:|1700488952\n|move|p2a: Smeargle|Boomburst|p1a: Ninetales\n|-damage|p1a: Ninetales|11\/100\n|move|p1a: Ninetales|Aurora Veil|p1a: Ninetales\n|-sidestart|p1: riniv|move: Aurora Veil\n|\n|-weather|Snow|[upkeep]\n|-end|p2a: Smeargle|move: Taunt\n|upkeep\n|turn|12\n|\n|t:|1700488963\n|move|p2a: Smeargle|Boomburst|p1a: Ninetales\n|-damage|p1a: Ninetales|0 fnt\n|faint|p1a: Ninetales\n|\n|-weather|Snow|[upkeep]\n|upkeep\n|\n|t:|1700488968\n|switch|p1a: Tapu Koko|Tapu Koko|100\/100\n|-fieldstart|move: Electric Terrain|[from] ability: Electric Surge|[of] p1a: Tapu Koko\n|turn|13\n|\n|t:|1700488974\n|move|p2a: Smeargle|Boomburst|p1a: Tapu Koko\n|-damage|p1a: Tapu Koko|57\/100\n|move|p1a: Tapu Koko|Light Screen|p1a: Tapu Koko\n|-sidestart|p1: riniv|move: Light Screen\n|\n|-weather|Snow|[upkeep]\n|upkeep\n|turn|14\n|\n|t:|1700488979\n|move|p2a: Smeargle|Boomburst|p1a: Tapu Koko\n|-damage|p1a: Tapu Koko|10\/100\n|move|p1a: Tapu Koko|Volt Switch|p2a: Smeargle\n|-damage|p2a: Smeargle|52\/100\n|\n|t:|1700488984\n|switch|p1a: Iron Valiant|Iron Valiant|100\/100|[from] Volt Switch\n|-activate|p1a: Iron Valiant|ability: Quark Drive\n|-start|p1a: Iron Valiant|quarkdrivespe\n|\n|-weather|none\n|upkeep\n|turn|15\n|\n|t:|1700488990\n|move|p1a: Iron Valiant|Close Combat|p2a: Smeargle\n|-supereffective|p2a: Smeargle\n|-damage|p2a: Smeargle|0 fnt\n|-unboost|p1a: Iron Valiant|def|1\n|-unboost|p1a: Iron Valiant|spd|1\n|faint|p2a: Smeargle\n|\n|upkeep\n|\n|t:|1700488995\n|switch|p2a: Grimmsnarl|Grimmsnarl, M|71\/100\n|turn|16\n|\n|t:|1700489001\n|-terastallize|p1a: Iron Valiant|Fairy\n|move|p2a: Grimmsnarl|Reflect|p2a: Grimmsnarl\n|-sidestart|p2: shfeha|Reflect\n|move|p1a: Iron Valiant|Tera Blast|p2a: Grimmsnarl|[anim] Tera Blast Fairy\n|-supereffective|p2a: Grimmsnarl\n|-damage|p2a: Grimmsnarl|0 fnt\n|faint|p2a: Grimmsnarl\n|\n|upkeep\n|\n|t:|1700489008\n|switch|p2a: Tornadus|Tornadus-Therian, M|100\/100\n|turn|17\n|\n|t:|1700489012\n|move|p1a: Iron Valiant|Tera Blast|p2a: Tornadus|[anim] Tera Blast Fairy\n|-damage|p2a: Tornadus|65\/100\n|move|p2a: Tornadus|Hurricane|p1a: Iron Valiant|[miss]\n|-miss|p2a: Tornadus|p1a: Iron Valiant\n|\n|-sideend|p1: riniv|move: Light Screen\n|-fieldend|move: Electric Terrain\n|-end|p1a: Iron Valiant|Quark Drive\n|upkeep\n|turn|18\n|\n|t:|1700489016\n|-end|p1a: Iron Valiant|Quark Drive|[silent]\n|switch|p1a: Heatran|Heatran, F|39\/100\n|move|p2a: Tornadus|Hurricane|p1a: Heatran|[miss]\n|-miss|p2a: Tornadus|p1a: Heatran\n|\n|-sideend|p1: riniv|move: Aurora Veil\n|upkeep\n|turn|19\n|\n|t:|1700489020\n|-terastallize|p2a: Tornadus|Ground\n|move|p2a: Tornadus|Tera Blast|p1a: Heatran|[anim] Tera Blast Ground\n|-supereffective|p1a: Heatran\n|-damage|p1a: Heatran|0 fnt\n|faint|p1a: Heatran\n|\n|upkeep\n|\n|t:|1700489026\n|switch|p1a: Gyarados|Gyarados, F|100\/100\n|-ability|p1a: Gyarados|Intimidate|boost\n|-unboost|p2a: Tornadus|atk|1\n|turn|20\n|\n|t:|1700489033\n|detailschange|p1a: Gyarados|Gyarados-Mega, F\n|-mega|p1a: Gyarados|Gyarados|Gyaradosite\n|-ability|p1a: Gyarados|Mold Breaker\n|move|p2a: Tornadus|Hurricane|p1a: Gyarados\n|-damage|p1a: Gyarados|66\/100\n|-start|p1a: Gyarados|confusion\n|-activate|p1a: Gyarados|confusion\n|-damage|p1a: Gyarados|53\/100|[from] confusion\n|\n|upkeep\n|turn|21\n|\n|t:|1700489043\n|move|p2a: Tornadus|Tera Blast|p1a: Gyarados|[anim] Tera Blast Ground\n|-damage|p1a: Gyarados|29\/100\n|-activate|p1a: Gyarados|confusion\n|move|p1a: Gyarados|Waterfall|p2a: Tornadus\n|-supereffective|p2a: Tornadus\n|-damage|p2a: Tornadus|0 fnt\n|faint|p2a: Tornadus\n|\n|upkeep\n|\n|t:|1700489051\n|switch|p2a: Tapu Koko|Tapu Koko, shiny|100\/100\n|-fieldstart|move: Electric Terrain|[from] ability: Electric Surge|[of] p2a: Tapu Koko\n|turn|22\n|\n|t:|1700489057\n|switch|p1a: Landorus|Landorus-Therian, M|100\/100\n|-ability|p1a: Landorus|Intimidate|boost\n|-unboost|p2a: Tapu Koko|atk|1\n|move|p2a: Tapu Koko|Volt Switch|p1a: Landorus\n|-immune|p1a: Landorus\n|\n|upkeep\n|turn|23\n|\n|t:|1700489062\n|move|p1a: Landorus|U-turn|p2a: Tapu Koko\n|-resisted|p2a: Tapu Koko\n|-damage|p2a: Tapu Koko|91\/100\n|\n|t:|1700489068\n|switch|p1a: Iron Valiant|Iron Valiant, tera:Fairy|100\/100|[from] U-turn\n|-activate|p1a: Iron Valiant|ability: Quark Drive\n|-start|p1a: Iron Valiant|quarkdrivespe\n|move|p2a: Tapu Koko|Hidden Power|p1a: Iron Valiant\n|-damage|p1a: Iron Valiant|58\/100\n|-damage|p2a: Tapu Koko|81\/100|[from] item: Life Orb\n|\n|-sideend|p2: shfeha|Reflect\n|upkeep\n|turn|24\n|\n|t:|1700489077\n|move|p1a: Iron Valiant|Tera Blast|p2a: Tapu Koko|[anim] Tera Blast Fairy\n|-damage|p2a: Tapu Koko|8\/100\n|move|p2a: Tapu Koko|Volt Switch|p1a: Iron Valiant\n|-damage|p1a: Iron Valiant|0 fnt\n|faint|p1a: Iron Valiant\n|-end|p1a: Iron Valiant|Quark Drive|[silent]\n|-damage|p2a: Tapu Koko|0 fnt|[from] item: Life Orb\n|faint|p2a: Tapu Koko\n|\n|upkeep\n|\n|t:|1700489083\n|switch|p2a: Iron Valiant|Iron Valiant|100\/100\n|switch|p1a: Landorus|Landorus-Therian, M|100\/100\n|-ability|p1a: Landorus|Intimidate|boost\n|-unboost|p2a: Iron Valiant|atk|1\n|-activate|p2a: Iron Valiant|ability: Quark Drive\n|-start|p2a: Iron Valiant|quarkdrivespe\n|turn|25\n|\n|t:|1700489090\n|move|p2a: Iron Valiant|Knock Off|p1a: Landorus\n|-damage|p1a: Landorus|65\/100\n|-enditem|p1a: Landorus|Choice Scarf|[from] move: Knock Off|[of] p2a: Iron Valiant\n|-damage|p2a: Iron Valiant|91\/100|[from] item: Life Orb\n|move|p1a: Landorus|Earthquake|p2a: Iron Valiant\n|-damage|p2a: Iron Valiant|18\/100\n|\n|upkeep\n|turn|26\n|\n|t:|1700489099\n|move|p2a: Iron Valiant|Spirit Break|p1a: Landorus\n|-damage|p1a: Landorus|29\/100\n|-unboost|p1a: Landorus|spa|1\n|-damage|p2a: Iron Valiant|8\/100|[from] item: Life Orb\n|move|p1a: Landorus|Earthquake|p2a: Iron Valiant\n|-damage|p2a: Iron Valiant|0 fnt\n|faint|p2a: Iron Valiant\n|-end|p2a: Iron Valiant|Quark Drive|[silent]\n|\n|-fieldend|move: Electric Terrain\n|upkeep\n|\n|t:|1700489105\n|switch|p2a: Medicham|Medicham, M|100\/100\n|turn|27\n|\n|t:|1700489108\n|switch|p1a: Gyarados|Gyarados-Mega, F|29\/100\n|-ability|p1a: Gyarados|Mold Breaker\n|detailschange|p2a: Medicham|Medicham-Mega, M\n|-mega|p2a: Medicham|Medicham|Medichamite\n|move|p2a: Medicham|Fake Out|p1a: Gyarados\n|-damage|p1a: Gyarados|11\/100\n|\n|upkeep\n|turn|28\n|\n|t:|1700489133\n|move|p2a: Medicham|Close Combat|p1a: Gyarados\n|-supereffective|p1a: Gyarados\n|-damage|p1a: Gyarados|0 fnt\n|-unboost|p2a: Medicham|def|1\n|-unboost|p2a: Medicham|spd|1\n|faint|p1a: Gyarados\n|\n|upkeep\n|\n|t:|1700489137\n|switch|p1a: Landorus|Landorus-Therian, M|29\/100\n|-ability|p1a: Landorus|Intimidate|boost\n|-unboost|p2a: Medicham|atk|1\n|turn|29\n|\n|t:|1700489140\n|move|p2a: Medicham|Zen Headbutt|p1a: Landorus|[miss]\n|-miss|p2a: Medicham|p1a: Landorus\n|move|p1a: Landorus|Earthquake|p2a: Medicham\n|-damage|p2a: Medicham|0 fnt\n|faint|p2a: Medicham\n|\n|win|riniv\n|raw|riniv's rating: 1233 &rarr; <strong>1257<\/strong><br \/>(+24 for winning)\n|raw|shfeha's rating: 1216 &rarr; <strong>1192<\/strong><br \/>(-24 for losing)\n","uploadtime":1700489144,"views":1,"p1id":"riniv","p2id":"shfeha","formatid":"gen9nationaldex","rating":1192,"private":0,"password":""}