{"id":"gen9nationaldex-1989982119","p1":"wildflower13","p2":"deathdragon551","format":"[Gen 9] National Dex","log":"|j|\u2606wildflower13\n|j|\u2606deathdragon551\n|t:|1699912353\n|gametype|singles\n|player|p1|wildflower13|wallace|1673\n|player|p2|deathdragon551|101|1672\n|teamsize|p1|6\n|teamsize|p2|6\n|gen|9\n|tier|[Gen 9] National Dex\n|rated|\n|rule|HP Percentage Mod: HP is shown in percentages\n|rule|Endless Battle Clause: Forcing endless battles is banned\n|rule|OHKO Clause: OHKO moves are banned\n|rule|Evasion Clause: Evasion abilities, items, and moves are banned\n|rule|Evasion Abilities Clause: Evasion abilities are banned\n|rule|Evasion Items Clause: Evasion items are banned\n|rule|Evasion Moves Clause: Evasion moves are banned\n|rule|Species Clause: Limit one of each Pok\u00e9mon\n|rule|Sleep Clause Mod: Limit one foe put to sleep\n|clearpoke\n|poke|p1|Ferrothorn, M|\n|poke|p1|Primarina, M|\n|poke|p1|Iron Valiant|\n|poke|p1|Mawile, M|\n|poke|p1|Landorus-Therian, M|\n|poke|p1|Latias, F|\n|poke|p2|Toxapex, M|\n|poke|p2|Gliscor, M|\n|poke|p2|Sneasler, F|\n|poke|p2|Urshifu-*, M|\n|poke|p2|Tapu Lele|\n|poke|p2|Corviknight, F|\n|teampreview\n|inactive|Battle timer is ON: inactive players will automatically lose when time's up. (requested by wildflower13)\n|inactive|wildflower13 has 120 seconds left.\n|\n|t:|1699912390\n|start\n|switch|p1a: Primarina|Primarina, M|100\/100\n|switch|p2a: Gliscor|Gliscor, M|100\/100\n|turn|1\n|j| Ghha\n|\n|t:|1699912395\n|move|p2a: Gliscor|Protect|p2a: Gliscor\n|-singleturn|p2a: Gliscor|Protect\n|move|p1a: Primarina|Sparkling Aria|p2a: Gliscor\n|-activate|p2a: Gliscor|move: Protect\n|\n|-status|p2a: Gliscor|tox|[from] item: Toxic Orb\n|upkeep\n|turn|2\n|\n|t:|1699912403\n|switch|p2a: Toxapex|Toxapex, M|100\/100\n|switch|p1a: Ferrothorn|Ferrothorn, M|100\/100\n|\n|upkeep\n|turn|3\n|\n|t:|1699912410\n|move|p2a: Toxapex|Scald|p1a: Ferrothorn\n|-resisted|p1a: Ferrothorn\n|-damage|p1a: Ferrothorn|95\/100\n|move|p1a: Ferrothorn|Stealth Rock|p2a: Toxapex\n|-sidestart|p2: deathdragon551|move: Stealth Rock\n|\n|-heal|p1a: Ferrothorn|100\/100|[from] item: Leftovers\n|upkeep\n|turn|4\n|\n|t:|1699912417\n|move|p2a: Toxapex|Scald|p1a: Ferrothorn\n|-resisted|p1a: Ferrothorn\n|-damage|p1a: Ferrothorn|95\/100\n|move|p1a: Ferrothorn|Leech Seed|p2a: Toxapex\n|-start|p2a: Toxapex|move: Leech Seed\n|\n|-heal|p1a: Ferrothorn|100\/100|[from] item: Leftovers\n|-damage|p2a: Toxapex|88\/100|[from] Leech Seed|[of] p1a: Ferrothorn\n|upkeep\n|turn|5\n|\n|t:|1699912425\n|move|p2a: Toxapex|Scald|p1a: Ferrothorn\n|-resisted|p1a: Ferrothorn\n|-damage|p1a: Ferrothorn|95\/100\n|-status|p1a: Ferrothorn|brn\n|move|p1a: Ferrothorn|Knock Off|p2a: Toxapex\n|-damage|p2a: Toxapex|80\/100\n|-enditem|p2a: Toxapex|Heavy-Duty Boots|[from] move: Knock Off|[of] p1a: Ferrothorn\n|\n|-heal|p1a: Ferrothorn|100\/100 brn|[from] item: Leftovers\n|-damage|p2a: Toxapex|67\/100|[from] Leech Seed|[of] p1a: Ferrothorn\n|-damage|p1a: Ferrothorn|94\/100 brn|[from] brn\n|upkeep\n|turn|6\n|\n|t:|1699912437\n|switch|p2a: Gliscor|Gliscor, M|100\/100 tox\n|-damage|p2a: Gliscor|88\/100 tox|[from] Stealth Rock\n|move|p1a: Ferrothorn|Knock Off|p2a: Gliscor\n|-damage|p2a: Gliscor|81\/100 tox\n|-enditem|p2a: Gliscor|Toxic Orb|[from] move: Knock Off|[of] p1a: Ferrothorn\n|\n|-heal|p1a: Ferrothorn|100\/100 brn|[from] item: Leftovers\n|-heal|p2a: Gliscor|94\/100 tox|[from] ability: Poison Heal\n|-damage|p1a: Ferrothorn|94\/100 brn|[from] brn\n|upkeep\n|turn|7\n|\n|t:|1699912448\n|move|p2a: Gliscor|Knock Off|p1a: Ferrothorn\n|-damage|p1a: Ferrothorn|76\/100 brn\n|-damage|p2a: Gliscor|81\/100 tox|[from] ability: Iron Barbs|[of] p1a: Ferrothorn\n|-enditem|p1a: Ferrothorn|Leftovers|[from] move: Knock Off|[of] p2a: Gliscor\n|move|p1a: Ferrothorn|Leech Seed|p2a: Gliscor|[miss]\n|-miss|p1a: Ferrothorn|p2a: Gliscor\n|\n|-heal|p2a: Gliscor|94\/100 tox|[from] ability: Poison Heal\n|-damage|p1a: Ferrothorn|70\/100 brn|[from] brn\n|upkeep\n|turn|8\n|\n|t:|1699912459\n|move|p2a: Gliscor|Spikes|p1a: Ferrothorn\n|-sidestart|p1: wildflower13|Spikes\n|move|p1a: Ferrothorn|Leech Seed|p2a: Gliscor\n|-start|p2a: Gliscor|move: Leech Seed\n|\n|-damage|p2a: Gliscor|81\/100 tox|[from] Leech Seed|[of] p1a: Ferrothorn\n|-heal|p1a: Ferrothorn|83\/100 brn|[silent]\n|-heal|p2a: Gliscor|94\/100 tox|[from] ability: Poison Heal\n|-damage|p1a: Ferrothorn|76\/100 brn|[from] brn\n|upkeep\n|turn|9\n|\n|t:|1699912468\n|switch|p1a: Latias|Latias, F|100\/100\n|move|p2a: Gliscor|Spikes|p1a: Latias\n|-sidestart|p1: wildflower13|Spikes\n|\n|-damage|p2a: Gliscor|81\/100 tox|[from] Leech Seed|[of] p1a: Latias\n|-heal|p2a: Gliscor|94\/100 tox|[from] ability: Poison Heal\n|upkeep\n|turn|10\n|\n|t:|1699912476\n|switch|p2a: Corviknight|Corviknight, F|100\/100\n|-damage|p2a: Corviknight|88\/100|[from] Stealth Rock\n|-ability|p2a: Corviknight|Pressure\n|move|p1a: Latias|Surf|p2a: Corviknight\n|-damage|p2a: Corviknight|63\/100\n|-damage|p1a: Latias|91\/100|[from] item: Life Orb\n|\n|-heal|p2a: Corviknight|69\/100|[from] item: Leftovers\n|upkeep\n|turn|11\n|\n|t:|1699912486\n|move|p1a: Latias|Mystical Fire|p2a: Corviknight\n|-supereffective|p2a: Corviknight\n|-damage|p2a: Corviknight|29\/100\n|-unboost|p2a: Corviknight|spa|1\n|-damage|p1a: Latias|81\/100|[from] item: Life Orb\n|move|p2a: Corviknight|Roost|p2a: Corviknight\n|-heal|p2a: Corviknight|79\/100\n|-singleturn|p2a: Corviknight|move: Roost\n|\n|-heal|p2a: Corviknight|85\/100|[from] item: Leftovers\n|upkeep\n|turn|12\n|\n|t:|1699912498\n|move|p1a: Latias|Mystical Fire|p2a: Corviknight\n|-supereffective|p2a: Corviknight\n|-crit|p2a: Corviknight\n|-damage|p2a: Corviknight|20\/100\n|-unboost|p2a: Corviknight|spa|1\n|-damage|p1a: Latias|71\/100|[from] item: Life Orb\n|move|p2a: Corviknight|Roost|p2a: Corviknight\n|-heal|p2a: Corviknight|70\/100\n|-singleturn|p2a: Corviknight|move: Roost\n|\n|-heal|p2a: Corviknight|77\/100|[from] item: Leftovers\n|upkeep\n|turn|13\n|\n|t:|1699912509\n|move|p1a: Latias|Mystical Fire|p2a: Corviknight\n|-supereffective|p2a: Corviknight\n|-damage|p2a: Corviknight|38\/100\n|-unboost|p2a: Corviknight|spa|1\n|-damage|p1a: Latias|61\/100|[from] item: Life Orb\n|move|p2a: Corviknight|Roost|p2a: Corviknight\n|-heal|p2a: Corviknight|88\/100\n|-singleturn|p2a: Corviknight|move: Roost\n|\n|-heal|p2a: Corviknight|94\/100|[from] item: Leftovers\n|upkeep\n|turn|14\n|\n|t:|1699912520\n|move|p1a: Latias|Mystical Fire|p2a: Corviknight\n|-supereffective|p2a: Corviknight\n|-damage|p2a: Corviknight|52\/100\n|-unboost|p2a: Corviknight|spa|1\n|-damage|p1a: Latias|51\/100|[from] item: Life Orb\n|move|p2a: Corviknight|Roost|p2a: Corviknight\n|-heal|p2a: Corviknight|100\/100\n|-singleturn|p2a: Corviknight|move: Roost\n|\n|upkeep\n|turn|15\n|\n|t:|1699912530\n|move|p1a: Latias|Roost|p1a: Latias\n|-heal|p1a: Latias|100\/100\n|-singleturn|p1a: Latias|move: Roost\n|move|p2a: Corviknight|U-turn|p1a: Latias\n|-supereffective|p1a: Latias\n|-damage|p1a: Latias|67\/100\n|\n|t:|1699912537\n|switch|p2a: Tapu Lele|Tapu Lele|100\/100|[from] U-turn\n|-damage|p2a: Tapu Lele|88\/100|[from] Stealth Rock\n|-fieldstart|move: Psychic Terrain|[from] ability: Psychic Surge|[of] p2a: Tapu Lele\n|\n|upkeep\n|turn|16\n|\n|t:|1699912545\n|switch|p1a: Ferrothorn|Ferrothorn, M|76\/100 brn\n|-damage|p1a: Ferrothorn|60\/100 brn|[from] Spikes\n|move|p2a: Tapu Lele|Moonblast|p1a: Ferrothorn\n|-resisted|p1a: Ferrothorn\n|-damage|p1a: Ferrothorn|44\/100 brn\n|\n|-damage|p1a: Ferrothorn|37\/100 brn|[from] brn\n|upkeep\n|turn|17\n|\n|t:|1699912556\n|switch|p2a: Gliscor|Gliscor, M|94\/100 tox\n|-damage|p2a: Gliscor|81\/100 tox|[from] Stealth Rock\n|move|p1a: Ferrothorn|Leech Seed|p2a: Gliscor\n|-start|p2a: Gliscor|move: Leech Seed\n|\n|-damage|p2a: Gliscor|69\/100 tox|[from] Leech Seed|[of] p1a: Ferrothorn\n|-heal|p1a: Ferrothorn|50\/100 brn|[silent]\n|-heal|p2a: Gliscor|81\/100 tox|[from] ability: Poison Heal\n|-damage|p1a: Ferrothorn|44\/100 brn|[from] brn\n|upkeep\n|turn|18\n|\n|t:|1699912566\n|move|p2a: Gliscor|Spikes|p1a: Ferrothorn\n|-sidestart|p1: wildflower13|Spikes\n|move|p1a: Ferrothorn|Knock Off|p2a: Gliscor\n|-damage|p2a: Gliscor|77\/100 tox\n|\n|-damage|p2a: Gliscor|64\/100 tox|[from] Leech Seed|[of] p1a: Ferrothorn\n|-heal|p1a: Ferrothorn|56\/100 brn|[silent]\n|-heal|p2a: Gliscor|77\/100 tox|[from] ability: Poison Heal\n|-damage|p1a: Ferrothorn|50\/100 brn|[from] brn\n|upkeep\n|turn|19\n|\n|t:|1699912575\n|move|p2a: Gliscor|Earthquake|p1a: Ferrothorn\n|-damage|p1a: Ferrothorn|27\/100 brn\n|move|p1a: Ferrothorn|Leech Seed||[still]\n|-fail|p1a: Ferrothorn\n|\n|-damage|p2a: Gliscor|64\/100 tox|[from] Leech Seed|[of] p1a: Ferrothorn\n|-heal|p1a: Ferrothorn|39\/100 brn|[silent]\n|-heal|p2a: Gliscor|77\/100 tox|[from] ability: Poison Heal\n|-damage|p1a: Ferrothorn|33\/100 brn|[from] brn\n|-fieldend|move: Psychic Terrain\n|upkeep\n|turn|20\n|\n|t:|1699912585\n|move|p2a: Gliscor|Earthquake|p1a: Ferrothorn\n|-damage|p1a: Ferrothorn|8\/100 brn\n|move|p1a: Ferrothorn|Leech Seed||[still]\n|-fail|p1a: Ferrothorn\n|\n|-damage|p2a: Gliscor|64\/100 tox|[from] Leech Seed|[of] p1a: Ferrothorn\n|-heal|p1a: Ferrothorn|20\/100 brn|[silent]\n|-heal|p2a: Gliscor|77\/100 tox|[from] ability: Poison Heal\n|-damage|p1a: Ferrothorn|14\/100 brn|[from] brn\n|upkeep\n|turn|21\n|\n|t:|1699912598\n|move|p2a: Gliscor|Earthquake|p1a: Ferrothorn\n|-damage|p1a: Ferrothorn|0 fnt\n|faint|p1a: Ferrothorn\n|\n|-heal|p2a: Gliscor|89\/100 tox|[from] ability: Poison Heal\n|upkeep\n|\n|t:|1699912605\n|switch|p1a: Latias|Latias, F|67\/100\n|turn|22\n|\n|t:|1699912618\n|switch|p2a: Corviknight|Corviknight, F|100\/100\n|-damage|p2a: Corviknight|88\/100|[from] Stealth Rock\n|-ability|p2a: Corviknight|Pressure\n|move|p1a: Latias|Surf|p2a: Corviknight\n|-damage|p2a: Corviknight|61\/100\n|-damage|p1a: Latias|57\/100|[from] item: Life Orb\n|\n|-heal|p2a: Corviknight|67\/100|[from] item: Leftovers\n|upkeep\n|turn|23\n|\n|t:|1699912629\n|move|p1a: Latias|Mystical Fire|p2a: Corviknight\n|-supereffective|p2a: Corviknight\n|-damage|p2a: Corviknight|24\/100\n|-unboost|p2a: Corviknight|spa|1\n|-damage|p1a: Latias|47\/100|[from] item: Life Orb\n|move|p2a: Corviknight|U-turn|p1a: Latias\n|-supereffective|p1a: Latias\n|-damage|p1a: Latias|9\/100\n|\n|t:|1699912634\n|switch|p2a: Tapu Lele|Tapu Lele|88\/100|[from] U-turn\n|-damage|p2a: Tapu Lele|76\/100|[from] Stealth Rock\n|-fieldstart|move: Psychic Terrain|[from] ability: Psychic Surge|[of] p2a: Tapu Lele\n|\n|upkeep\n|turn|24\n|\n|t:|1699912651\n|move|p2a: Tapu Lele|Psychic|p1a: Latias\n|-resisted|p1a: Latias\n|-damage|p1a: Latias|0 fnt\n|faint|p1a: Latias\n|\n|upkeep\n|\n|t:|1699912656\n|switch|p1a: Mawile|Mawile, M|100\/100\n|-damage|p1a: Mawile|76\/100|[from] Spikes\n|-ability|p1a: Mawile|Intimidate|boost\n|-unboost|p2a: Tapu Lele|atk|1\n|turn|25\n|\n|t:|1699912663\n|switch|p2a: Toxapex|Toxapex, M|100\/100\n|-damage|p2a: Toxapex|88\/100|[from] Stealth Rock\n|detailschange|p1a: Mawile|Mawile-Mega, M\n|-mega|p1a: Mawile|Mawile|Mawilite\n|move|p1a: Mawile|Play Rough|p2a: Toxapex\n|-resisted|p2a: Toxapex\n|-crit|p2a: Toxapex\n|-damage|p2a: Toxapex|44\/100\n|\n|upkeep\n|turn|26\n|\n|t:|1699912672\n|move|p1a: Mawile|Thunder Punch|p2a: Toxapex\n|-supereffective|p2a: Toxapex\n|-damage|p2a: Toxapex|0 fnt\n|faint|p2a: Toxapex\n|\n|upkeep\n|\n|t:|1699912676\n|switch|p2a: Gliscor|Gliscor, M|89\/100 tox\n|-damage|p2a: Gliscor|77\/100 tox|[from] Stealth Rock\n|turn|27\n|\n|t:|1699912680\n|switch|p1a: Landorus|Landorus-Therian, M|100\/100\n|-ability|p1a: Landorus|Intimidate|boost\n|-unboost|p2a: Gliscor|atk|1\n|move|p2a: Gliscor|Earthquake|p1a: Landorus\n|-immune|p1a: Landorus\n|\n|-heal|p2a: Gliscor|89\/100 tox|[from] ability: Poison Heal\n|-fieldend|move: Psychic Terrain\n|upkeep\n|turn|28\n|\n|t:|1699912689\n|move|p2a: Gliscor|Knock Off|p1a: Landorus\n|-damage|p1a: Landorus|91\/100\n|-damage|p2a: Gliscor|73\/100 tox|[from] item: Rocky Helmet|[of] p1a: Landorus\n|-enditem|p1a: Landorus|Rocky Helmet|[from] move: Knock Off|[of] p2a: Gliscor\n|move|p1a: Landorus|Defog|p2a: Gliscor\n|-unboost|p2a: Gliscor|evasion|1\n|-sideend|p2: deathdragon551|Stealth Rock|[from] move: Defog|[of] p1a: Landorus\n|-sideend|p1: wildflower13|Spikes|[from] move: Defog|[of] p1a: Landorus\n|\n|-heal|p2a: Gliscor|85\/100 tox|[from] ability: Poison Heal\n|upkeep\n|turn|29\n|\n|t:|1699912700\n|switch|p1a: Primarina|Primarina, M|100\/100\n|move|p2a: Gliscor|Spikes|p1a: Primarina\n|-sidestart|p1: wildflower13|Spikes\n|\n|-heal|p2a: Gliscor|97\/100 tox|[from] ability: Poison Heal\n|upkeep\n|turn|30\n|\n|t:|1699912716\n|switch|p2a: Tapu Lele|Tapu Lele|76\/100\n|-fieldstart|move: Psychic Terrain|[from] ability: Psychic Surge|[of] p2a: Tapu Lele\n|move|p1a: Primarina|Sparkling Aria|p2a: Tapu Lele\n|-damage|p2a: Tapu Lele|0 fnt\n|faint|p2a: Tapu Lele\n|\n|upkeep\n|\n|t:|1699912723\n|switch|p2a: Sneasler|Sneasler, F|100\/100\n|-enditem|p2a: Sneasler|Psychic Seed\n|-boost|p2a: Sneasler|spd|1|[from] item: Psychic Seed\n|turn|31\n|\n|t:|1699912731\n|move|p2a: Sneasler|Dire Claw|p1a: Primarina\n|-supereffective|p1a: Primarina\n|-damage|p1a: Primarina|0 fnt\n|faint|p1a: Primarina\n|\n|upkeep\n|\n|t:|1699912737\n|switch|p1a: Landorus|Landorus-Therian, M|91\/100\n|-ability|p1a: Landorus|Intimidate|boost\n|-unboost|p2a: Sneasler|atk|1\n|turn|32\n|\n|t:|1699912743\n|-terastallize|p2a: Sneasler|Flying\n|move|p2a: Sneasler|Swords Dance|p2a: Sneasler\n|-boost|p2a: Sneasler|atk|2\n|move|p1a: Landorus|U-turn|p2a: Sneasler\n|-resisted|p2a: Sneasler\n|-damage|p2a: Sneasler|81\/100\n|\n|t:|1699912750\n|switch|p1a: Mawile|Mawile-Mega, M|76\/100|[from] U-turn\n|-damage|p1a: Mawile|64\/100|[from] Spikes\n|\n|upkeep\n|turn|33\n|\n|t:|1699912756\n|switch|p1a: Landorus|Landorus-Therian, M|91\/100\n|-ability|p1a: Landorus|Intimidate|boost\n|-unboost|p2a: Sneasler|atk|1\n|move|p2a: Sneasler|Close Combat|p1a: Landorus\n|-resisted|p1a: Landorus\n|-damage|p1a: Landorus|68\/100\n|-unboost|p2a: Sneasler|def|1\n|-unboost|p2a: Sneasler|spd|1\n|\n|upkeep\n|turn|34\n|\n|t:|1699912765\n|move|p2a: Sneasler|Swords Dance|p2a: Sneasler\n|-boost|p2a: Sneasler|atk|2\n|move|p1a: Landorus|U-turn|p2a: Sneasler\n|-resisted|p2a: Sneasler\n|-damage|p2a: Sneasler|54\/100\n|\n|t:|1699912770\n|switch|p1a: Mawile|Mawile-Mega, M|64\/100|[from] U-turn\n|-damage|p1a: Mawile|51\/100|[from] Spikes\n|\n|-fieldend|move: Psychic Terrain\n|upkeep\n|turn|35\n|\n|t:|1699912778\n|move|p1a: Mawile|Sucker Punch|p2a: Sneasler\n|-damage|p2a: Sneasler|0 fnt\n|faint|p2a: Sneasler\n|\n|upkeep\n|\n|t:|1699912782\n|switch|p2a: Urshifu|Urshifu-Rapid-Strike, M|100\/100\n|turn|36\n|\n|t:|1699912788\n|switch|p1a: Landorus|Landorus-Therian, M|68\/100\n|-ability|p1a: Landorus|Intimidate|boost\n|-unboost|p2a: Urshifu|atk|1\n|move|p2a: Urshifu|Surging Strikes|p1a: Landorus\n|-supereffective|p1a: Landorus\n|-crit|p1a: Landorus\n|-damage|p1a: Landorus|25\/100\n|-supereffective|p1a: Landorus\n|-crit|p1a: Landorus\n|-damage|p1a: Landorus|0 fnt\n|faint|p1a: Landorus\n|-hitcount|p1: Landorus|2\n|\n|upkeep\n|l| Ghha\n|\n|t:|1699912799\n|switch|p1a: Iron Valiant|Iron Valiant, shiny|100\/100\n|-damage|p1a: Iron Valiant|88\/100|[from] Spikes\n|-enditem|p1a: Iron Valiant|Booster Energy\n|-activate|p1a: Iron Valiant|ability: Quark Drive|[fromitem]\n|-start|p1a: Iron Valiant|quarkdrivespe\n|turn|37\n|\n|t:|1699912807\n|move|p1a: Iron Valiant|Moonblast|p2a: Urshifu\n|-supereffective|p2a: Urshifu\n|-damage|p2a: Urshifu|0 fnt\n|faint|p2a: Urshifu\n|\n|upkeep\n|\n|t:|1699912821\n|switch|p2a: Gliscor|Gliscor, M|97\/100 tox\n|turn|38\n|\n|t:|1699912825\n|move|p2a: Gliscor|Protect|p2a: Gliscor\n|-singleturn|p2a: Gliscor|Protect\n|move|p1a: Iron Valiant|Calm Mind|p1a: Iron Valiant\n|-boost|p1a: Iron Valiant|spa|1\n|-boost|p1a: Iron Valiant|spd|1\n|\n|-heal|p2a: Gliscor|100\/100 tox|[from] ability: Poison Heal\n|upkeep\n|turn|39\n|\n|t:|1699912832\n|move|p1a: Iron Valiant|Encore|p2a: Gliscor\n|-start|p2a: Gliscor|Encore\n|move|p2a: Gliscor|Protect||[still]\n|-fail|p2a: Gliscor\n|\n|upkeep\n|turn|40\n|\n|t:|1699912837\n|switch|p2a: Corviknight|Corviknight, F|24\/100\n|-ability|p2a: Corviknight|Pressure\n|move|p1a: Iron Valiant|Calm Mind|p1a: Iron Valiant\n|-boost|p1a: Iron Valiant|spa|1\n|-boost|p1a: Iron Valiant|spd|1\n|\n|-heal|p2a: Corviknight|31\/100|[from] item: Leftovers\n|upkeep\n|turn|41\n|\n|t:|1699912848\n|-terastallize|p1a: Iron Valiant|Ghost\n|move|p1a: Iron Valiant|Shadow Ball|p2a: Corviknight\n|-damage|p2a: Corviknight|0 fnt\n|faint|p2a: Corviknight\n|\n|upkeep\n|\n|t:|1699912852\n|switch|p2a: Gliscor|Gliscor, M|100\/100 tox\n|turn|42\n|\n|t:|1699912859\n|move|p1a: Iron Valiant|Moonblast|p2a: Gliscor\n|-damage|p2a: Gliscor|0 fnt\n|faint|p2a: Gliscor\n|\n|win|wildflower13\n|raw|wildflower13's rating: 1673 &rarr; <strong>1693<\/strong><br \/>(+20 for winning)\n|raw|deathdragon551's rating: 1672 &rarr; <strong>1652<\/strong><br \/>(-20 for losing)\n|l|\u2606deathdragon551\n","uploadtime":1699912868,"views":12,"p1id":"wildflower13","p2id":"deathdragon551","formatid":"gen9nationaldex","rating":1652,"private":0,"password":""}