{"id":"gen9nationaldex-1987100274","p1":"mr Deuzp","p2":"johngaming","format":"[Gen 9] National Dex","log":"|j|\u2606mr Deuzp\n|j|\u2606johngaming\n|t:|1699556055\n|gametype|singles\n|player|p1|mr Deuzp|shadowtriad|1299\n|player|p2|johngaming|265|1238\n|teamsize|p1|6\n|teamsize|p2|6\n|gen|9\n|tier|[Gen 9] National Dex\n|rated|\n|rule|HP Percentage Mod: HP is shown in percentages\n|rule|Endless Battle Clause: Forcing endless battles is banned\n|rule|OHKO Clause: OHKO moves are banned\n|rule|Evasion Clause: Evasion abilities, items, and moves are banned\n|rule|Evasion Abilities Clause: Evasion abilities are banned\n|rule|Evasion Items Clause: Evasion items are banned\n|rule|Evasion Moves Clause: Evasion moves are banned\n|rule|Species Clause: Limit one of each Pok\u00e9mon\n|rule|Sleep Clause Mod: Limit one foe put to sleep\n|clearpoke\n|poke|p1|Toxapex, F|\n|poke|p1|Excadrill, M|\n|poke|p1|Breloom, M|\n|poke|p1|Skarmory, M|\n|poke|p1|Kilowattrel, M|\n|poke|p1|Diancie|\n|poke|p2|Scizor, M|\n|poke|p2|Goodra, F|\n|poke|p2|Houndoom, M|\n|poke|p2|Keldeo-Resolute|\n|poke|p2|Serperior, F|\n|poke|p2|Diggersby, M|\n|teampreview\n|inactive|Battle timer is ON: inactive players will automatically lose when time's up. (requested by johngaming)\n|\n|t:|1699556083\n|start\n|switch|p1a: Skarmory|Skarmory, M, shiny|100\/100\n|switch|p2a: Diggersby|Diggersby, M, shiny|100\/100\n|turn|1\n|\n|t:|1699556090\n|move|p2a: Diggersby|Knock Off|p1a: Skarmory\n|-damage|p1a: Skarmory|78\/100\n|-enditem|p1a: Skarmory|Leftovers|[from] move: Knock Off|[of] p2a: Diggersby\n|move|p1a: Skarmory|Toxic|p2a: Diggersby\n|-status|p2a: Diggersby|tox\n|\n|-damage|p2a: Diggersby|94\/100 tox|[from] psn\n|upkeep\n|turn|2\n|\n|t:|1699556099\n|move|p2a: Diggersby|Stone Edge|p1a: Skarmory\n|-damage|p1a: Skarmory|53\/100\n|move|p1a: Skarmory|Stealth Rock|p2a: Diggersby\n|-sidestart|p2: johngaming|move: Stealth Rock\n|\n|-damage|p2a: Diggersby|82\/100 tox|[from] psn\n|upkeep\n|turn|3\n|\n|t:|1699556107\n|switch|p2a: Goodra|Goodra, F|100\/100\n|-damage|p2a: Goodra|88\/100|[from] Stealth Rock\n|move|p1a: Skarmory|Roost|p1a: Skarmory\n|-heal|p1a: Skarmory|100\/100\n|-singleturn|p1a: Skarmory|move: Roost\n|\n|upkeep\n|turn|4\n|\n|t:|1699556115\n|move|p2a: Goodra|Fire Blast|p1a: Skarmory\n|-supereffective|p1a: Skarmory\n|-ability|p1a: Skarmory|Sturdy\n|-damage|p1a: Skarmory|1\/100\n|move|p1a: Skarmory|Toxic|p2a: Goodra\n|-status|p2a: Goodra|tox\n|\n|-damage|p2a: Goodra|82\/100 tox|[from] psn\n|upkeep\n|turn|5\n|\n|t:|1699556127\n|switch|p1a: Toxapex|Toxapex, F, shiny|100\/100\n|move|p2a: Goodra|Thunderbolt|p1a: Toxapex\n|-supereffective|p1a: Toxapex\n|-damage|p1a: Toxapex|49\/100\n|\n|-heal|p1a: Toxapex|55\/100|[from] item: Leftovers\n|-damage|p2a: Goodra|69\/100 tox|[from] psn\n|upkeep\n|turn|6\n|\n|t:|1699556137\n|move|p1a: Toxapex|Baneful Bunker|p1a: Toxapex\n|-singleturn|p1a: Toxapex|move: Protect\n|move|p2a: Goodra|Fire Blast|p1a: Toxapex\n|-activate|p1a: Toxapex|move: Protect\n|\n|-heal|p1a: Toxapex|61\/100|[from] item: Leftovers\n|-damage|p2a: Goodra|50\/100 tox|[from] psn\n|upkeep\n|turn|7\n|\n|t:|1699556145\n|move|p2a: Goodra|Thunderbolt|p1a: Toxapex\n|-supereffective|p1a: Toxapex\n|-damage|p1a: Toxapex|4\/100\n|move|p1a: Toxapex|Knock Off|p2a: Goodra\n|-damage|p2a: Goodra|33\/100 tox\n|-ability|p2a: Goodra|Gooey\n|-unboost|p1a: Toxapex|spe|1\n|-enditem|p2a: Goodra|Assault Vest|[from] move: Knock Off|[of] p1a: Toxapex\n|\n|-heal|p1a: Toxapex|10\/100|[from] item: Leftovers\n|-damage|p2a: Goodra|8\/100 tox|[from] psn\n|upkeep\n|turn|8\n|\n|t:|1699556171\n|switch|p2a: Serperior|Serperior, F|100\/100\n|-damage|p2a: Serperior|88\/100|[from] Stealth Rock\n|move|p1a: Toxapex|Baneful Bunker||[still]\n|-fail|p1a: Toxapex\n|\n|-heal|p1a: Toxapex|16\/100|[from] item: Leftovers\n|upkeep\n|turn|9\n|\n|t:|1699556179\n|move|p1a: Toxapex|Baneful Bunker|p1a: Toxapex\n|-singleturn|p1a: Toxapex|move: Protect\n|move|p2a: Serperior|Defog|p1a: Toxapex\n|-activate|p1a: Toxapex|move: Protect\n|\n|-heal|p1a: Toxapex|22\/100|[from] item: Leftovers\n|upkeep\n|turn|10\n|\n|t:|1699556193\n|switch|p1a: Kilowattrel|Kilowattrel, M, shiny|100\/100\n|move|p2a: Serperior|Leaf Storm|p1a: Kilowattrel\n|-resisted|p1a: Kilowattrel\n|-damage|p1a: Kilowattrel|68\/100\n|-boost|p2a: Serperior|spa|2\n|\n|upkeep\n|turn|11\n|\n|t:|1699556201\n|-terastallize|p2a: Serperior|Dragon\n|move|p1a: Kilowattrel|Air Slash|p2a: Serperior\n|-damage|p2a: Serperior|55\/100\n|move|p2a: Serperior|Light Screen|p2a: Serperior\n|-sidestart|p2: johngaming|move: Light Screen\n|\n|upkeep\n|turn|12\n|\n|t:|1699556209\n|move|p1a: Kilowattrel|Air Slash|p2a: Serperior|[miss]\n|-miss|p1a: Kilowattrel|p2a: Serperior\n|move|p2a: Serperior|Defog|p1a: Kilowattrel\n|-unboost|p1a: Kilowattrel|evasion|1\n|-sideend|p2: johngaming|Stealth Rock|[from] move: Defog|[of] p2a: Serperior\n|\n|upkeep\n|turn|13\n|\n|t:|1699556215\n|move|p1a: Kilowattrel|Air Slash|p2a: Serperior\n|-damage|p2a: Serperior|37\/100\n|move|p2a: Serperior|Leaf Storm|p1a: Kilowattrel\n|-resisted|p1a: Kilowattrel\n|-damage|p1a: Kilowattrel|10\/100\n|-boost|p2a: Serperior|spa|2\n|\n|upkeep\n|turn|14\n|\n|t:|1699556222\n|move|p1a: Kilowattrel|Air Slash|p2a: Serperior\n|-damage|p2a: Serperior|20\/100\n|move|p2a: Serperior|Reflect|p2a: Serperior\n|-sidestart|p2: johngaming|Reflect\n|\n|upkeep\n|turn|15\n|\n|t:|1699556229\n|move|p1a: Kilowattrel|Air Slash|p2a: Serperior\n|-damage|p2a: Serperior|2\/100\n|cant|p2a: Serperior|flinch\n|\n|upkeep\n|turn|16\n|\n|t:|1699556239\n|switch|p2a: Scizor|Scizor, M|100\/100\n|move|p1a: Kilowattrel|Discharge|p2a: Scizor\n|-damage|p2a: Scizor|79\/100\n|-status|p2a: Scizor|par\n|\n|upkeep\n|turn|17\n|\n|t:|1699556246\n|detailschange|p2a: Scizor|Scizor-Mega, M\n|-mega|p2a: Scizor|Scizor|Scizorite\n|move|p2a: Scizor|Bullet Punch|p1a: Kilowattrel\n|-resisted|p1a: Kilowattrel\n|-crit|p1a: Kilowattrel\n|-damage|p1a: Kilowattrel|0 fnt\n|faint|p1a: Kilowattrel\n|\n|upkeep\n|\n|t:|1699556256\n|switch|p1a: Breloom|Breloom, M, shiny|100\/100\n|turn|18\n|\n|t:|1699556260\n|switch|p2a: Goodra|Goodra, F|8\/100 tox\n|move|p1a: Breloom|Spore||[still]\n|-fail|p1a: Breloom\n|\n|-damage|p2a: Goodra|1\/100 tox|[from] psn\n|-sideend|p2: johngaming|move: Light Screen\n|upkeep\n|turn|19\n|\n|t:|1699556267\n|move|p1a: Breloom|Mach Punch|p2a: Goodra\n|-damage|p2a: Goodra|0 fnt\n|-ability|p2a: Goodra|Gooey\n|-unboost|p1a: Breloom|spe|1\n|faint|p2a: Goodra\n|\n|upkeep\n|\n|t:|1699556275\n|switch|p2a: Houndoom|Houndoom, M, shiny|100\/100\n|turn|20\n|\n|t:|1699556284\n|-terastallize|p1a: Breloom|Ghost\n|move|p2a: Houndoom|Flamethrower|p1a: Breloom\n|-damage|p1a: Breloom|31\/100\n|move|p1a: Breloom|Spore|p2a: Houndoom\n|-status|p2a: Houndoom|slp|[from] move: Spore\n|\n|-heal|p1a: Breloom|37\/100|[from] item: Leftovers\n|upkeep\n|turn|21\n|\n|t:|1699556295\n|cant|p2a: Houndoom|slp\n|move|p1a: Breloom|Swords Dance|p1a: Breloom\n|-boost|p1a: Breloom|atk|2\n|\n|-heal|p1a: Breloom|43\/100|[from] item: Leftovers\n|-sideend|p2: johngaming|Reflect\n|upkeep\n|turn|22\n|\n|t:|1699556304\n|cant|p2a: Houndoom|slp\n|move|p1a: Breloom|Swords Dance|p1a: Breloom\n|-boost|p1a: Breloom|atk|2\n|\n|-heal|p1a: Breloom|49\/100|[from] item: Leftovers\n|upkeep\n|turn|23\n|\n|t:|1699556312\n|cant|p2a: Houndoom|slp\n|move|p1a: Breloom|Mach Punch|p2a: Houndoom\n|-supereffective|p2a: Houndoom\n|-enditem|p2a: Houndoom|Focus Sash\n|-damage|p2a: Houndoom|1\/100 slp\n|\n|-heal|p1a: Breloom|55\/100|[from] item: Leftovers\n|upkeep\n|turn|24\n|\n|t:|1699556319\n|-curestatus|p2a: Houndoom|slp|[msg]\n|move|p2a: Houndoom|Sucker Punch|p1a: Breloom\n|-supereffective|p1a: Breloom\n|-damage|p1a: Breloom|1\/100\n|move|p1a: Breloom|Mach Punch|p2a: Houndoom\n|-supereffective|p2a: Houndoom\n|-damage|p2a: Houndoom|0 fnt\n|faint|p2a: Houndoom\n|\n|-heal|p1a: Breloom|7\/100|[from] item: Leftovers\n|upkeep\n|\n|t:|1699556331\n|switch|p2a: Scizor|Scizor-Mega, M|79\/100 par\n|turn|25\n|\n|t:|1699556334\n|move|p1a: Breloom|Mach Punch|p2a: Scizor\n|-damage|p2a: Scizor|0 fnt\n|faint|p2a: Scizor\n|\n|-heal|p1a: Breloom|13\/100|[from] item: Leftovers\n|upkeep\n|\n|t:|1699556344\n|switch|p2a: Diggersby|Diggersby, M, shiny|82\/100 tox\n|turn|26\n|\n|t:|1699556348\n|move|p1a: Breloom|Mach Punch|p2a: Diggersby\n|-supereffective|p2a: Diggersby\n|-damage|p2a: Diggersby|0 fnt\n|faint|p2a: Diggersby\n|\n|-heal|p1a: Breloom|20\/100|[from] item: Leftovers\n|upkeep\n|\n|t:|1699556354\n|switch|p2a: Keldeo|Keldeo-Resolute|100\/100\n|turn|27\n|\n|t:|1699556357\n|move|p1a: Breloom|Mach Punch|p2a: Keldeo\n|-damage|p2a: Keldeo|0 fnt\n|faint|p2a: Keldeo\n|\n|-heal|p1a: Breloom|26\/100|[from] item: Leftovers\n|upkeep\n|\n|t:|1699556363\n|switch|p2a: Serperior|Serperior, F, tera:Dragon|2\/100\n|turn|28\n|\n|t:|1699556365\n|move|p1a: Breloom|Mach Punch|p2a: Serperior\n|-damage|p2a: Serperior|0 fnt\n|faint|p2a: Serperior\n|\n|win|mr Deuzp\n|raw|mr Deuzp's rating: 1299 &rarr; <strong>1320<\/strong><br \/>(+21 for winning)\n|raw|johngaming's rating: 1238 &rarr; <strong>1217<\/strong><br \/>(-21 for losing)\n","uploadtime":1699556371,"views":5,"p1id":"mrdeuzp","p2id":"johngaming","formatid":"gen9nationaldex","rating":1217,"private":0,"password":""}