{"id":"gen9nationaldex-1999027689","p1":"AntilopeVerde","p2":"famus123","format":"[Gen 9] National Dex","log":"|html|<div class=\"broadcast-blue\"><strong>[Gen 9] National Dex is currently suspecting Sneasler! For information on how to participate check out the <a href=\"https:\/\/www.smogon.com\/forums\/threads\/sv-national-dex-suspect-8-just-dance.3731534\/\">suspect thread<\/a>.<\/strong><\/div>\n|j|\u2606AntilopeVerde\n|j|\u2606famus123\n|t:|1701025412\n|gametype|singles\n|player|p1|AntilopeVerde|wattson|\n|player|p2|famus123|kukui|\n|teamsize|p1|6\n|teamsize|p2|6\n|gen|9\n|tier|[Gen 9] National Dex\n|rule|HP Percentage Mod: HP is shown in percentages\n|rule|Endless Battle Clause: Forcing endless battles is banned\n|rule|OHKO Clause: OHKO moves are banned\n|rule|Evasion Clause: Evasion abilities, items, and moves are banned\n|rule|Evasion Abilities Clause: Evasion abilities are banned\n|rule|Evasion Items Clause: Evasion items are banned\n|rule|Evasion Moves Clause: Evasion moves are banned\n|rule|Species Clause: Limit one of each Pok\u00e9mon\n|rule|Sleep Clause Mod: Limit one foe put to sleep\n|clearpoke\n|poke|p1|Quagsire, F|\n|poke|p1|Venusaur, F|\n|poke|p1|Politoed, M|\n|poke|p1|Swampert, M|\n|poke|p1|Salamence, F|\n|poke|p1|Charizard, M|\n|poke|p2|Weavile, F|\n|poke|p2|Landorus-Therian, M|\n|poke|p2|Suicune|\n|poke|p2|Mew|\n|poke|p2|Zeraora|\n|poke|p2|Incineroar, F|\n|teampreview\n|inactive|Battle timer is ON: inactive players will automatically lose when time's up. (requested by AntilopeVerde)\n|\n|t:|1701025436\n|start\n|switch|p1a: Politoed|Politoed, M, shiny|100\/100\n|switch|p2a: Dirty Daddy|Landorus-Therian, M|100\/100\n|-ability|p2a: Dirty Daddy|Intimidate|boost\n|-unboost|p1a: Politoed|atk|1\n|-weather|RainDance|[from] ability: Drizzle|[of] p1a: Politoed\n|turn|1\n|j| GabrieLopez\n|\n|t:|1701025460\n|move|p2a: Dirty Daddy|U-turn|p1a: Politoed\n|-damage|p1a: Politoed|79\/100\n|\n|t:|1701025466\n|switch|p2a: Zeraora|Zeraora|100\/100|[from] U-turn\n|move|p1a: Politoed|Ice Beam|p2a: Zeraora\n|-damage|p2a: Zeraora|77\/100\n|\n|-weather|RainDance|[upkeep]\n|upkeep\n|turn|2\n|\n|t:|1701025473\n|switch|p1a: Swampert|Swampert, M|100\/100\n|move|p2a: Zeraora|Toxic|p1a: Swampert\n|-status|p1a: Swampert|tox\n|\n|-weather|RainDance|[upkeep]\n|-damage|p1a: Swampert|94\/100 tox|[from] psn\n|upkeep\n|turn|3\n|\n|t:|1701025487\n|switch|p2a: Dirty Daddy|Landorus-Therian, M|100\/100\n|-ability|p2a: Dirty Daddy|Intimidate|boost\n|-unboost|p1a: Swampert|atk|1\n|detailschange|p1a: Swampert|Swampert-Mega, M\n|-mega|p1a: Swampert|Swampert|Swampertite\n|move|p1a: Swampert|Earthquake|p2a: Dirty Daddy\n|-immune|p2a: Dirty Daddy\n|\n|-weather|RainDance|[upkeep]\n|-damage|p1a: Swampert|82\/100 tox|[from] psn\n|upkeep\n|turn|4\n|\n|t:|1701025494\n|move|p1a: Swampert|Ice Punch|p2a: Dirty Daddy\n|-supereffective|p2a: Dirty Daddy\n|-damage|p2a: Dirty Daddy|9\/100\n|move|p2a: Dirty Daddy|U-turn|p1a: Swampert\n|-damage|p1a: Swampert|58\/100 tox\n|\n|t:|1701025503\n|switch|p2a: Incineroar|Incineroar, F|100\/100|[from] U-turn\n|-ability|p2a: Incineroar|Intimidate|boost\n|-unboost|p1a: Swampert|atk|1\n|\n|-weather|RainDance|[upkeep]\n|-damage|p1a: Swampert|39\/100 tox|[from] psn\n|upkeep\n|turn|5\n|\n|t:|1701025522\n|switch|p1a: Politoed|Politoed, M, shiny|79\/100\n|switch|p2a: Suicune|Suicune|100\/100\n|-ability|p2a: Suicune|Pressure\n|\n|-weather|RainDance|[upkeep]\n|upkeep\n|turn|6\n|\n|t:|1701025528\n|move|p2a: Suicune|Substitute|p2a: Suicune\n|-start|p2a: Suicune|Substitute\n|-damage|p2a: Suicune|75\/100\n|move|p1a: Politoed|Toxic||[still]\n|-fail|p1a: Politoed\n|\n|-weather|RainDance|[upkeep]\n|-heal|p2a: Suicune|82\/100|[from] item: Leftovers\n|upkeep\n|turn|7\n|\n|t:|1701025537\n|switch|p1a: azul|Venusaur, F|100\/100\n|move|p2a: Suicune|Calm Mind|p2a: Suicune\n|-boost|p2a: Suicune|spa|1\n|-boost|p2a: Suicune|spd|1\n|\n|-weather|RainDance|[upkeep]\n|-heal|p2a: Suicune|88\/100|[from] item: Leftovers\n|upkeep\n|turn|8\n|\n|t:|1701025542\n|move|p2a: Suicune|Calm Mind|p2a: Suicune\n|-boost|p2a: Suicune|spa|1\n|-boost|p2a: Suicune|spd|1\n|move|p1a: azul|Sludge Bomb|p2a: Suicune\n|-activate|p2a: Suicune|move: Substitute|[damage]\n|\n|-weather|none\n|-heal|p2a: Suicune|94\/100|[from] item: Leftovers\n|upkeep\n|turn|9\n|\n|t:|1701025546\n|move|p2a: Suicune|Calm Mind|p2a: Suicune\n|-boost|p2a: Suicune|spa|1\n|-boost|p2a: Suicune|spd|1\n|move|p1a: azul|Sludge Bomb|p2a: Suicune\n|-activate|p2a: Suicune|move: Substitute|[damage]\n|\n|-heal|p2a: Suicune|99\/100|[from] item: Leftovers\n|upkeep\n|turn|10\n|\n|t:|1701025553\n|move|p2a: Suicune|Calm Mind|p2a: Suicune\n|-boost|p2a: Suicune|spa|1\n|-boost|p2a: Suicune|spd|1\n|move|p1a: azul|Sludge Bomb|p2a: Suicune\n|-end|p2a: Suicune|Substitute\n|\n|-heal|p2a: Suicune|100\/100|[from] item: Leftovers\n|upkeep\n|turn|11\n|\n|t:|1701025568\n|switch|p1a: la cabra|Quagsire, F|100\/100\n|move|p2a: Suicune|Substitute|p2a: Suicune\n|-start|p2a: Suicune|Substitute\n|-damage|p2a: Suicune|75\/100\n|\n|-heal|p2a: Suicune|82\/100|[from] item: Leftovers\n|upkeep\n|turn|12\n|\n|t:|1701025573\n|move|p2a: Suicune|Scald|p1a: la cabra\n|-damage|p1a: la cabra|72\/100\n|-status|p1a: la cabra|brn\n|move|p1a: la cabra|Stealth Rock|p2a: Suicune\n|-sidestart|p2: famus123|move: Stealth Rock\n|\n|-heal|p2a: Suicune|88\/100|[from] item: Leftovers\n|-heal|p1a: la cabra|78\/100 brn|[from] item: Leftovers\n|-damage|p1a: la cabra|72\/100 brn|[from] brn\n|upkeep\n|turn|13\n|\n|t:|1701025582\n|move|p2a: Suicune|Scald|p1a: la cabra\n|-damage|p1a: la cabra|40\/100 brn\n|move|p1a: la cabra|Toxic Spikes|p2a: Suicune\n|-sidestart|p2: famus123|move: Toxic Spikes\n|\n|-heal|p2a: Suicune|94\/100|[from] item: Leftovers\n|-heal|p1a: la cabra|46\/100 brn|[from] item: Leftovers\n|-damage|p1a: la cabra|40\/100 brn|[from] brn\n|upkeep\n|turn|14\n|\n|t:|1701025588\n|move|p2a: Suicune|Scald|p1a: la cabra\n|-damage|p1a: la cabra|10\/100 brn\n|move|p1a: la cabra|Recover|p1a: la cabra\n|-heal|p1a: la cabra|60\/100 brn\n|\n|-heal|p2a: Suicune|99\/100|[from] item: Leftovers\n|-heal|p1a: la cabra|66\/100 brn|[from] item: Leftovers\n|-damage|p1a: la cabra|60\/100 brn|[from] brn\n|upkeep\n|turn|15\n|\n|t:|1701025595\n|move|p2a: Suicune|Scald|p1a: la cabra\n|-damage|p1a: la cabra|28\/100 brn\n|move|p1a: la cabra|Recover|p1a: la cabra\n|-heal|p1a: la cabra|78\/100 brn\n|\n|-heal|p2a: Suicune|100\/100|[from] item: Leftovers\n|-heal|p1a: la cabra|84\/100 brn|[from] item: Leftovers\n|-damage|p1a: la cabra|78\/100 brn|[from] brn\n|upkeep\n|turn|16\n|\n|t:|1701025600\n|move|p2a: Suicune|Scald|p1a: la cabra\n|-damage|p1a: la cabra|46\/100 brn\n|move|p1a: la cabra|Earthquake|p2a: Suicune\n|-activate|p2a: Suicune|move: Substitute|[damage]\n|\n|-heal|p1a: la cabra|53\/100 brn|[from] item: Leftovers\n|-damage|p1a: la cabra|46\/100 brn|[from] brn\n|upkeep\n|turn|17\n|\n|t:|1701025604\n|move|p2a: Suicune|Scald|p1a: la cabra\n|-damage|p1a: la cabra|18\/100 brn\n|move|p1a: la cabra|Recover|p1a: la cabra\n|-heal|p1a: la cabra|68\/100 brn\n|\n|-heal|p1a: la cabra|74\/100 brn|[from] item: Leftovers\n|-damage|p1a: la cabra|68\/100 brn|[from] brn\n|upkeep\n|turn|18\n|\n|t:|1701025608\n|move|p2a: Suicune|Scald|p1a: la cabra\n|-damage|p1a: la cabra|39\/100 brn\n|move|p1a: la cabra|Earthquake|p2a: Suicune\n|-activate|p2a: Suicune|move: Substitute|[damage]\n|\n|-heal|p1a: la cabra|45\/100 brn|[from] item: Leftovers\n|-damage|p1a: la cabra|39\/100 brn|[from] brn\n|upkeep\n|turn|19\n|\n|t:|1701025610\n|move|p2a: Suicune|Scald|p1a: la cabra\n|-damage|p1a: la cabra|8\/100 brn\n|move|p1a: la cabra|Recover|p1a: la cabra\n|-heal|p1a: la cabra|58\/100 brn\n|\n|-heal|p1a: la cabra|64\/100 brn|[from] item: Leftovers\n|-damage|p1a: la cabra|58\/100 brn|[from] brn\n|upkeep\n|turn|20\n|\n|t:|1701025616\n|move|p2a: Suicune|Scald|p1a: la cabra\n|-damage|p1a: la cabra|30\/100 brn\n|move|p1a: la cabra|Recover|p1a: la cabra\n|-heal|p1a: la cabra|80\/100 brn\n|\n|-heal|p1a: la cabra|86\/100 brn|[from] item: Leftovers\n|-damage|p1a: la cabra|80\/100 brn|[from] brn\n|upkeep\n|turn|21\n|\n|t:|1701025619\n|move|p2a: Suicune|Scald|p1a: la cabra\n|-damage|p1a: la cabra|47\/100 brn\n|move|p1a: la cabra|Earthquake|p2a: Suicune\n|-end|p2a: Suicune|Substitute\n|\n|-heal|p1a: la cabra|53\/100 brn|[from] item: Leftovers\n|-damage|p1a: la cabra|47\/100 brn|[from] brn\n|upkeep\n|turn|22\n|\n|t:|1701025639\n|switch|p1a: Politoed|Politoed, M, shiny|79\/100\n|-weather|RainDance|[from] ability: Drizzle|[of] p1a: Politoed\n|move|p2a: Suicune|Substitute|p2a: Suicune\n|-start|p2a: Suicune|Substitute\n|-damage|p2a: Suicune|75\/100\n|\n|-weather|RainDance|[upkeep]\n|-heal|p2a: Suicune|82\/100|[from] item: Leftovers\n|upkeep\n|turn|23\n|\n|t:|1701025645\n|move|p2a: Suicune|Calm Mind|p2a: Suicune\n|-boost|p2a: Suicune|spa|1\n|-boost|p2a: Suicune|spd|1\n|move|p1a: Politoed|Scald|p2a: Suicune\n|-resisted|p2a: Suicune\n|-activate|p2a: Suicune|move: Substitute|[damage]\n|\n|-weather|RainDance|[upkeep]\n|-heal|p2a: Suicune|88\/100|[from] item: Leftovers\n|upkeep\n|turn|24\n|\n|t:|1701025648\n|move|p2a: Suicune|Calm Mind|p2a: Suicune\n|-boost|p2a: Suicune|spa|1\n|-boost|p2a: Suicune|spd|1\n|move|p1a: Politoed|Scald|p2a: Suicune\n|-resisted|p2a: Suicune\n|-activate|p2a: Suicune|move: Substitute|[damage]\n|\n|-weather|RainDance|[upkeep]\n|-heal|p2a: Suicune|94\/100|[from] item: Leftovers\n|upkeep\n|turn|25\n|\n|t:|1701025651\n|move|p2a: Suicune|Scald|p1a: Politoed\n|-resisted|p1a: Politoed\n|-damage|p1a: Politoed|16\/100\n|move|p1a: Politoed|Scald|p2a: Suicune\n|-resisted|p2a: Suicune\n|-activate|p2a: Suicune|move: Substitute|[damage]\n|\n|-weather|RainDance|[upkeep]\n|-heal|p2a: Suicune|99\/100|[from] item: Leftovers\n|upkeep\n|turn|26\n|\n|t:|1701025655\n|move|p2a: Suicune|Ice Beam|p1a: Politoed\n|-resisted|p1a: Politoed\n|-damage|p1a: Politoed|0 fnt\n|faint|p1a: Politoed\n|\n|-weather|RainDance|[upkeep]\n|-heal|p2a: Suicune|100\/100|[from] item: Leftovers\n|upkeep\n|\n|t:|1701025656\n|switch|p1a: Swampert|Swampert-Mega, M|39\/100 tox\n|turn|27\n|\n|t:|1701025661\n|move|p1a: Swampert|Earthquake|p2a: Suicune\n|-end|p2a: Suicune|Substitute\n|move|p2a: Suicune|Scald|p1a: Swampert\n|-damage|p1a: Swampert|0 fnt\n|faint|p1a: Swampert\n|\n|-weather|RainDance|[upkeep]\n|upkeep\n|\n|t:|1701025684\n|switch|p1a: verde|Salamence, F|100\/100\n|-ability|p1a: verde|Intimidate|boost\n|-unboost|p2a: Suicune|atk|1\n|turn|28\n|\n|t:|1701025688\n|move|p1a: verde|Outrage|p2a: Suicune\n|-damage|p2a: Suicune|54\/100\n|move|p2a: Suicune|Ice Beam|p1a: verde\n|-supereffective|p1a: verde\n|-damage|p1a: verde|0 fnt\n|faint|p1a: verde\n|\n|-weather|RainDance|[upkeep]\n|-heal|p2a: Suicune|60\/100|[from] item: Leftovers\n|upkeep\n|\n|t:|1701025695\n|switch|p1a: Charizard|Charizard, M, shiny|100\/100\n|turn|29\n|\n|t:|1701025708\n|-terastallize|p1a: Charizard|Steel\n|move|p1a: Charizard|Hurricane|p2a: Suicune\n|-damage|p2a: Suicune|51\/100\n|-start|p2a: Suicune|confusion\n|-activate|p2a: Suicune|confusion\n|-damage|p2a: Suicune|49\/100|[from] confusion\n|\n|-weather|none\n|-heal|p2a: Suicune|55\/100|[from] item: Leftovers\n|upkeep\n|turn|30\n|\n|t:|1701025721\n|move|p1a: Charizard|Will-O-Wisp|p2a: Suicune\n|-status|p2a: Suicune|brn\n|-activate|p2a: Suicune|confusion\n|move|p2a: Suicune|Scald|p1a: Charizard\n|-damage|p1a: Charizard|0 fnt\n|faint|p1a: Charizard\n|\n|-heal|p2a: Suicune|61\/100 brn|[from] item: Leftovers\n|-damage|p2a: Suicune|55\/100 brn|[from] brn\n|upkeep\n|\n|t:|1701025729\n|switch|p1a: la cabra|Quagsire, F|47\/100 brn\n|turn|31\n|\n|t:|1701025733\n|-end|p2a: Suicune|confusion\n|move|p2a: Suicune|Scald|p1a: la cabra\n|-damage|p1a: la cabra|15\/100 brn\n|move|p1a: la cabra|Recover|p1a: la cabra\n|-heal|p1a: la cabra|65\/100 brn\n|\n|-heal|p2a: Suicune|61\/100 brn|[from] item: Leftovers\n|-heal|p1a: la cabra|71\/100 brn|[from] item: Leftovers\n|-damage|p2a: Suicune|55\/100 brn|[from] brn\n|-damage|p1a: la cabra|65\/100 brn|[from] brn\n|upkeep\n|turn|32\n|\n|t:|1701025737\n|switch|p1a: azul|Venusaur, F|100\/100\n|move|p2a: Suicune|Scald|p1a: azul\n|-resisted|p1a: azul\n|-damage|p1a: azul|65\/100\n|-status|p1a: azul|brn\n|\n|-heal|p2a: Suicune|61\/100 brn|[from] item: Leftovers\n|-heal|p1a: azul|71\/100 brn|[from] item: Leftovers\n|-damage|p2a: Suicune|55\/100 brn|[from] brn\n|-damage|p1a: azul|65\/100 brn|[from] brn\n|upkeep\n|turn|33\n|\n|t:|1701025742\n|move|p2a: Suicune|Ice Beam|p1a: azul\n|-supereffective|p1a: azul\n|-damage|p1a: azul|0 fnt\n|faint|p1a: azul\n|\n|-heal|p2a: Suicune|61\/100 brn|[from] item: Leftovers\n|-damage|p2a: Suicune|55\/100 brn|[from] brn\n|upkeep\n|\n|t:|1701025744\n|switch|p1a: la cabra|Quagsire, F|65\/100 brn\n|turn|34\n|\n|t:|1701025747\n|move|p2a: Suicune|Scald|p1a: la cabra\n|-damage|p1a: la cabra|33\/100 brn\n|move|p1a: la cabra|Recover|p1a: la cabra\n|-heal|p1a: la cabra|83\/100 brn\n|\n|-heal|p2a: Suicune|61\/100 brn|[from] item: Leftovers\n|-heal|p1a: la cabra|89\/100 brn|[from] item: Leftovers\n|-damage|p2a: Suicune|55\/100 brn|[from] brn\n|-damage|p1a: la cabra|83\/100 brn|[from] brn\n|upkeep\n|turn|35\n|\n|t:|1701025750\n|move|p2a: Suicune|Scald|p1a: la cabra\n|-damage|p1a: la cabra|52\/100 brn\n|move|p1a: la cabra|Earthquake|p2a: Suicune\n|-crit|p2a: Suicune\n|-damage|p2a: Suicune|41\/100 brn\n|\n|-heal|p2a: Suicune|47\/100 brn|[from] item: Leftovers\n|-heal|p1a: la cabra|58\/100 brn|[from] item: Leftovers\n|-damage|p2a: Suicune|41\/100 brn|[from] brn\n|-damage|p1a: la cabra|52\/100 brn|[from] brn\n|upkeep\n|turn|36\n|\n|t:|1701025752\n|move|p2a: Suicune|Substitute|p2a: Suicune\n|-start|p2a: Suicune|Substitute\n|-damage|p2a: Suicune|16\/100 brn\n|move|p1a: la cabra|Earthquake|p2a: Suicune\n|-activate|p2a: Suicune|move: Substitute|[damage]\n|\n|-heal|p2a: Suicune|22\/100 brn|[from] item: Leftovers\n|-heal|p1a: la cabra|58\/100 brn|[from] item: Leftovers\n|-damage|p2a: Suicune|16\/100 brn|[from] brn\n|-damage|p1a: la cabra|52\/100 brn|[from] brn\n|upkeep\n|turn|37\n|\n|t:|1701025755\n|move|p2a: Suicune|Scald|p1a: la cabra\n|-damage|p1a: la cabra|18\/100 brn\n|move|p1a: la cabra|Earthquake|p2a: Suicune\n|-activate|p2a: Suicune|move: Substitute|[damage]\n|\n|-heal|p2a: Suicune|22\/100 brn|[from] item: Leftovers\n|-heal|p1a: la cabra|24\/100 brn|[from] item: Leftovers\n|-damage|p2a: Suicune|16\/100 brn|[from] brn\n|-damage|p1a: la cabra|18\/100 brn|[from] brn\n|upkeep\n|turn|38\n|\n|t:|1701025759\n|move|p2a: Suicune|Scald|p1a: la cabra\n|-damage|p1a: la cabra|0 fnt\n|faint|p1a: la cabra\n|\n|win|famus123\n|c|\u2606famus123|gg\n|l| GabrieLopez\n","uploadtime":1701025765,"views":8,"p1id":"antilopeverde","p2id":"famus123","formatid":"gen9nationaldex","rating":0,"private":0,"password":""}