{"id":"gen9nationaldex-1989250826","p1":"KaellStrom","p2":"Brick_Enjoyer_144","format":"[Gen 9] National Dex","log":"|j|\u2606KaellStrom\n|j|\u2606Brick_Enjoyer_144\n|t:|1699828078\n|gametype|singles\n|player|p1|KaellStrom|elesa|1107\n|player|p2|Brick_Enjoyer_144|shauntal|1124\n|teamsize|p1|6\n|teamsize|p2|6\n|gen|9\n|tier|[Gen 9] National Dex\n|rated|\n|rule|HP Percentage Mod: HP is shown in percentages\n|rule|Endless Battle Clause: Forcing endless battles is banned\n|rule|OHKO Clause: OHKO moves are banned\n|rule|Evasion Clause: Evasion abilities, items, and moves are banned\n|rule|Evasion Abilities Clause: Evasion abilities are banned\n|rule|Evasion Items Clause: Evasion items are banned\n|rule|Evasion Moves Clause: Evasion moves are banned\n|rule|Species Clause: Limit one of each Pok\u00e9mon\n|rule|Sleep Clause Mod: Limit one foe put to sleep\n|clearpoke\n|poke|p1|Electrode-Hisui|\n|poke|p1|Gliscor, F|\n|poke|p1|Ribombee, M|\n|poke|p1|Aegislash, M|\n|poke|p1|Arcanine-Hisui, M|\n|poke|p1|Sableye, M|\n|poke|p2|Iron Valiant|\n|poke|p2|Medicham, M|\n|poke|p2|Durant, M|\n|poke|p2|Urshifu-*, F|\n|poke|p2|Hydreigon, F|\n|poke|p2|Maushold|\n|teampreview\n|inactive|Battle timer is ON: inactive players will automatically lose when time's up. (requested by Brick_Enjoyer_144)\n|\n|t:|1699828086\n|start\n|switch|p1a: 20 rupees|Sableye, M|100\/100\n|switch|p2a: Durant|Durant, M|100\/100\n|turn|1\n|\n|t:|1699828093\n|move|p1a: 20 rupees|Thunder Wave|p2a: Durant\n|-status|p2a: Durant|par\n|move|p2a: Durant|Hone Claws|p2a: Durant\n|-boost|p2a: Durant|atk|1\n|-boost|p2a: Durant|accuracy|1\n|\n|upkeep\n|turn|2\n|\n|t:|1699828101\n|move|p1a: 20 rupees|Encore|p2a: Durant\n|-start|p2a: Durant|Encore\n|cant|p2a: Durant|par\n|\n|upkeep\n|turn|3\n|\n|t:|1699828105\n|move|p2a: Durant|Hone Claws|p2a: Durant\n|-boost|p2a: Durant|atk|1\n|-boost|p2a: Durant|accuracy|1\n|move|p1a: 20 rupees|Knock Off|p2a: Durant\n|-crit|p2a: Durant\n|-damage|p2a: Durant|49\/100 par\n|-enditem|p2a: Durant|Focus Sash|[from] move: Knock Off|[of] p1a: 20 rupees\n|\n|upkeep\n|turn|4\n|\n|t:|1699828114\n|move|p2a: Durant|Hone Claws|p2a: Durant\n|-boost|p2a: Durant|atk|1\n|-boost|p2a: Durant|accuracy|1\n|move|p1a: 20 rupees|Knock Off|p2a: Durant\n|-damage|p2a: Durant|28\/100 par\n|\n|-end|p2a: Durant|Encore\n|upkeep\n|turn|5\n|\n|t:|1699828122\n|move|p1a: 20 rupees|Encore|p2a: Durant\n|-start|p2a: Durant|Encore\n|move|p2a: Durant|Hone Claws|p2a: Durant\n|-boost|p2a: Durant|atk|1\n|-boost|p2a: Durant|accuracy|1\n|\n|upkeep\n|turn|6\n|\n|t:|1699828125\n|move|p2a: Durant|Hone Claws|p2a: Durant\n|-boost|p2a: Durant|atk|1\n|-boost|p2a: Durant|accuracy|1\n|move|p1a: 20 rupees|Knock Off|p2a: Durant\n|-damage|p2a: Durant|6\/100 par\n|\n|upkeep\n|turn|7\n|\n|t:|1699828129\n|cant|p2a: Durant|par\n|move|p1a: 20 rupees|Knock Off|p2a: Durant\n|-damage|p2a: Durant|0 fnt\n|faint|p2a: Durant\n|\n|upkeep\n|\n|t:|1699828141\n|switch|p2a: Hydreigon|Hydreigon, F|100\/100\n|turn|8\n|\n|t:|1699828162\n|switch|p1a: F it We Ball|Electrode-Hisui|100\/100\n|move|p2a: Hydreigon|Flash Cannon|p1a: F it We Ball\n|-resisted|p1a: F it We Ball\n|-damage|p1a: F it We Ball|68\/100\n|-enditem|p1a: F it We Ball|Red Card|[of] p2a: Hydreigon\n|drag|p2a: Urshifu|Urshifu-Rapid-Strike, F|100\/100\n|\n|upkeep\n|turn|9\n|\n|t:|1699828179\n|switch|p2a: Hydreigon|Hydreigon, F|100\/100\n|move|p1a: F it We Ball|Thunderbolt|p2a: Hydreigon\n|-resisted|p2a: Hydreigon\n|-damage|p2a: Hydreigon|80\/100\n|\n|upkeep\n|turn|10\n|\n|t:|1699828195\n|move|p1a: F it We Ball|Thunder Wave|p2a: Hydreigon\n|-status|p2a: Hydreigon|par\n|move|p2a: Hydreigon|Draco Meteor|p1a: F it We Ball\n|-damage|p1a: F it We Ball|0 fnt\n|-unboost|p2a: Hydreigon|spa|2\n|faint|p1a: F it We Ball\n|\n|upkeep\n|\n|t:|1699828202\n|switch|p1a: TheXenoblade2|Aegislash, M|100\/100\n|turn|11\n|\n|t:|1699828213\n|switch|p2a: Medicham|Medicham, M|100\/100\n|move|p1a: TheXenoblade2|Autotomize|p1a: TheXenoblade2\n|-boost|p1a: TheXenoblade2|spe|2\n|-start|p1a: TheXenoblade2|Autotomize\n|\n|upkeep\n|turn|12\n|\n|t:|1699828233\n|switch|p2a: Hydreigon|Hydreigon, F|80\/100 par\n|-formechange|p1a: TheXenoblade2|Aegislash-Blade||[from] ability: Stance Change\n|move|p1a: TheXenoblade2|Shadow Ball|p2a: Hydreigon\n|-resisted|p2a: Hydreigon\n|-damage|p2a: Hydreigon|58\/100 par\n|\n|upkeep\n|turn|13\n|inactive|Brick_Enjoyer_144 has 120 seconds left.\n|\n|t:|1699828250\n|move|p1a: TheXenoblade2|Close Combat|p2a: Hydreigon\n|-supereffective|p2a: Hydreigon\n|-damage|p2a: Hydreigon|0 fnt\n|-unboost|p1a: TheXenoblade2|def|1\n|-unboost|p1a: TheXenoblade2|spd|1\n|faint|p2a: Hydreigon\n|\n|upkeep\n|inactive|Brick_Enjoyer_144 has 120 seconds left.\n|\n|t:|1699828262\n|switch|p2a: Iron Valiant|Iron Valiant|100\/100\n|turn|14\n|inactive|Brick_Enjoyer_144 has 120 seconds left.\n|\n|t:|1699828269\n|move|p1a: TheXenoblade2|Flash Cannon|p2a: Iron Valiant\n|-supereffective|p2a: Iron Valiant\n|-damage|p2a: Iron Valiant|0 fnt\n|faint|p2a: Iron Valiant\n|-end|p2a: Iron Valiant|Quark Drive|[silent]\n|\n|upkeep\n|inactive|Brick_Enjoyer_144 has 120 seconds left.\n|\n|t:|1699828276\n|switch|p2a: Urshifu|Urshifu-Rapid-Strike, F|100\/100\n|turn|15\n|\n|t:|1699828287\n|switch|p1a: 20 rupees|Sableye, M|100\/100\n|move|p2a: Urshifu|Surging Strikes|p1a: 20 rupees\n|-crit|p1a: 20 rupees\n|-damage|p1a: 20 rupees|78\/100\n|-crit|p1a: 20 rupees\n|-damage|p1a: 20 rupees|57\/100\n|-crit|p1a: 20 rupees\n|-damage|p1a: 20 rupees|35\/100\n|-hitcount|p1a: 20 rupees|3\n|\n|upkeep\n|turn|16\n|\n|t:|1699828297\n|move|p1a: 20 rupees|Thunder Wave|p2a: Urshifu\n|-status|p2a: Urshifu|par\n|move|p2a: Urshifu|Surging Strikes|p1a: 20 rupees\n|-crit|p1a: 20 rupees\n|-damage|p1a: 20 rupees|12\/100\n|-crit|p1a: 20 rupees\n|-damage|p1a: 20 rupees|0 fnt\n|faint|p1a: 20 rupees\n|-hitcount|p1: 20 rupees|2\n|\n|upkeep\n|\n|t:|1699828307\n|switch|p1a: BeeMovieReference|Ribombee, M|100\/100\n|turn|17\n|\n|t:|1699828313\n|move|p1a: BeeMovieReference|Quiver Dance|p1a: BeeMovieReference\n|-boost|p1a: BeeMovieReference|spa|1\n|-boost|p1a: BeeMovieReference|spd|1\n|-boost|p1a: BeeMovieReference|spe|1\n|move|p2a: Urshifu|Surging Strikes|p1a: BeeMovieReference\n|-crit|p1a: BeeMovieReference\n|-damage|p1a: BeeMovieReference|62\/100\n|-crit|p1a: BeeMovieReference\n|-damage|p1a: BeeMovieReference|20\/100\n|-crit|p1a: BeeMovieReference\n|-damage|p1a: BeeMovieReference|0 fnt\n|faint|p1a: BeeMovieReference\n|-hitcount|p1: BeeMovieReference|3\n|\n|upkeep\n|\n|t:|1699828326\n|switch|p1a: TheXenoblade2|Aegislash, M|100\/100\n|turn|18\n|\n|t:|1699828336\n|-formechange|p1a: TheXenoblade2|Aegislash-Blade||[from] ability: Stance Change\n|move|p1a: TheXenoblade2|Shadow Ball|p2a: Urshifu\n|-damage|p2a: Urshifu|66\/100 par\n|cant|p2a: Urshifu|par\n|\n|upkeep\n|turn|19\n|\n|t:|1699828345\n|move|p1a: TheXenoblade2|Shadow Ball|p2a: Urshifu\n|-damage|p2a: Urshifu|31\/100 par\n|cant|p2a: Urshifu|par\n|\n|upkeep\n|turn|20\n|\n|t:|1699828351\n|move|p1a: TheXenoblade2|Shadow Ball|p2a: Urshifu\n|-damage|p2a: Urshifu|0 fnt\n|faint|p2a: Urshifu\n|\n|upkeep\n|\n|t:|1699828361\n|switch|p2a: Medicham|Medicham, M|100\/100\n|turn|21\n|\n|t:|1699828368\n|detailschange|p2a: Medicham|Medicham-Mega, M\n|-mega|p2a: Medicham|Medicham|Medichamite\n|move|p2a: Medicham|Zen Headbutt|p1a: TheXenoblade2\n|-resisted|p1a: TheXenoblade2\n|-damage|p1a: TheXenoblade2|34\/100\n|move|p1a: TheXenoblade2|Autotomize|p1a: TheXenoblade2\n|-boost|p1a: TheXenoblade2|spe|2\n|-start|p1a: TheXenoblade2|Autotomize\n|\n|upkeep\n|turn|22\n|\n|t:|1699828378\n|move|p1a: TheXenoblade2|Shadow Ball|p2a: Medicham\n|-supereffective|p2a: Medicham\n|-damage|p2a: Medicham|0 fnt\n|faint|p2a: Medicham\n|\n|upkeep\n|\n|t:|1699828384\n|switch|p2a: Maushold|Maushold|100\/100\n|turn|23\n|\n|t:|1699828394\n|move|p1a: TheXenoblade2|Close Combat|p2a: Maushold\n|-supereffective|p2a: Maushold\n|-damage|p2a: Maushold|0 fnt\n|-unboost|p1a: TheXenoblade2|def|1\n|-unboost|p1a: TheXenoblade2|spd|1\n|faint|p2a: Maushold\n|\n|win|KaellStrom\n|raw|KaellStrom's rating: 1107 &rarr; <strong>1133<\/strong><br \/>(+26 for winning)\n|raw|Brick_Enjoyer_144's rating: 1124 &rarr; <strong>1098<\/strong><br \/>(-26 for losing)\n|l|\u2606KaellStrom\n","uploadtime":1699828403,"views":6,"p1id":"kaellstrom","p2id":"brickenjoyer144","formatid":"gen9nationaldex","rating":1098,"private":0,"password":""}