{"id":"gen9nationaldex-1995266159","p1":"Bandyy00xx","p2":"KarmaNightraide","format":"[Gen 9] National Dex","log":"|html|<div class=\"broadcast-blue\"><strong>[Gen 9] National Dex is currently suspecting Sneasler! For information on how to participate check out the <a href=\"https:\/\/www.smogon.com\/forums\/threads\/sv-national-dex-suspect-8-just-dance.3731534\/\">suspect thread<\/a>.<\/strong><\/div>\n|j|\u2606Bandyy00xx\n|j|\u2606KarmaNightraide\n|t:|1700543719\n|gametype|singles\n|player|p1|Bandyy00xx|flannery|1013\n|player|p2|KarmaNightraide|unknown|1019\n|teamsize|p1|4\n|teamsize|p2|6\n|gen|9\n|tier|[Gen 9] National Dex\n|rated|\n|rule|HP Percentage Mod: HP is shown in percentages\n|rule|Endless Battle Clause: Forcing endless battles is banned\n|rule|OHKO Clause: OHKO moves are banned\n|rule|Evasion Clause: Evasion abilities, items, and moves are banned\n|rule|Evasion Abilities Clause: Evasion abilities are banned\n|rule|Evasion Items Clause: Evasion items are banned\n|rule|Evasion Moves Clause: Evasion moves are banned\n|rule|Species Clause: Limit one of each Pok\u00e9mon\n|rule|Sleep Clause Mod: Limit one foe put to sleep\n|clearpoke\n|poke|p1|Lopunny, M|\n|poke|p1|Jumpluff, F|\n|poke|p1|Oricorio-Pa'u, F|\n|poke|p1|Mismagius, F|\n|poke|p2|Drifblim, M|\n|poke|p2|Runerigus, M|\n|poke|p2|Jellicent, M|\n|poke|p2|Mimikyu, M|\n|poke|p2|Froslass, F|\n|poke|p2|Cursola, F|\n|teampreview\n|inactive|Battle timer is ON: inactive players will automatically lose when time's up. (requested by Bandyy00xx)\n|c|\u2606KarmaNightraide|Just testing some things\n|c|\u2606KarmaNightraide|GL\n|\n|t:|1700543738\n|start\n|switch|p1a: Lopunny|Lopunny, M, shiny|100\/100\n|switch|p2a: Ragnar\u00f6k|Runerigus, M|100\/100\n|turn|1\n|\n|t:|1700543746\n|detailschange|p1a: Lopunny|Lopunny-Mega, M, shiny\n|-mega|p1a: Lopunny|Lopunny|Lopunnite\n|move|p1a: Lopunny|Assurance|p2a: Ragnar\u00f6k\n|-supereffective|p2a: Ragnar\u00f6k\n|-damage|p2a: Ragnar\u00f6k|63\/100\n|-activate|p2a: Ragnar\u00f6k|ability: Wandering Spirit|Scrappy|Wandering Spirit|[of] p1a: Lopunny\n|move|p2a: Ragnar\u00f6k|Stealth Rock|p1a: Lopunny\n|-sidestart|p1: Bandyy00xx|move: Stealth Rock\n|\n|upkeep\n|turn|2\n|\n|t:|1700543755\n|move|p1a: Lopunny|Assurance|p2a: Ragnar\u00f6k\n|-supereffective|p2a: Ragnar\u00f6k\n|-damage|p2a: Ragnar\u00f6k|28\/100\n|move|p2a: Ragnar\u00f6k|Trick Room|p2a: Ragnar\u00f6k\n|-fieldstart|move: Trick Room|[of] p2a: Ragnar\u00f6k\n|\n|upkeep\n|turn|3\n|\n|t:|1700543761\n|move|p2a: Ragnar\u00f6k|Memento|p1a: Lopunny\n|-unboost|p1a: Lopunny|atk|2\n|-unboost|p1a: Lopunny|spa|2\n|faint|p2a: Ragnar\u00f6k\n|move|p1a: Lopunny|Assurance|p2: Ragnar\u00f6k|[notarget]\n|-fail|p1a: Lopunny\n|\n|upkeep\n|\n|t:|1700543768\n|switch|p2a: Coral|Cursola, F|100\/100\n|turn|4\n|\n|t:|1700543772\n|-terastallize|p2a: Coral|Rock\n|move|p2a: Coral|Meteor Beam||[still]\n|-prepare|p2a: Coral|Meteor Beam\n|-boost|p2a: Coral|spa|1\n|-enditem|p2a: Coral|Power Herb\n|-anim|p2a: Coral|Meteor Beam|p1a: Lopunny\n|-resisted|p1a: Lopunny\n|-damage|p1a: Lopunny|22\/100\n|move|p1a: Lopunny|Assurance|p2a: Coral\n|-damage|p2a: Coral|84\/100\n|-ability|p2a: Coral|Weak Armor|boost\n|-unboost|p2a: Coral|def|1\n|-boost|p2a: Coral|spe|2\n|\n|upkeep\n|turn|5\n|\n|t:|1700543788\n|move|p2a: Coral|Giga Drain|p1a: Lopunny\n|-damage|p1a: Lopunny|0 fnt\n|-heal|p2a: Coral|95\/100|[from] drain|[of] p1a: Lopunny\n|faint|p1a: Lopunny\n|\n|upkeep\n|\n|t:|1700543796\n|switch|p1a: Mismagius|Mismagius, F|100\/100\n|-damage|p1a: Mismagius|88\/100|[from] Stealth Rock\n|turn|6\n|\n|t:|1700543814\n|move|p2a: Coral|Ice Beam|p1a: Mismagius\n|-damage|p1a: Mismagius|34\/100\n|move|p1a: Mismagius|Mean Look|p2a: Coral\n|-activate|p2a: Coral|trapped\n|\n|-heal|p1a: Mismagius|40\/100|[from] item: Leftovers\n|-fieldend|move: Trick Room\n|upkeep\n|turn|7\n|\n|t:|1700543823\n|move|p1a: Mismagius|Perish Song|p1a: Mismagius\n|-start|p1a: Mismagius|perish3|[silent]\n|-start|p2a: Coral|perish3|[silent]\n|-fieldactivate|move: Perish Song\n|move|p2a: Coral|Ice Beam|p1a: Mismagius\n|-damage|p1a: Mismagius|0 fnt\n|faint|p1a: Mismagius\n|\n|-start|p2a: Coral|perish3\n|upkeep\n|\n|t:|1700543831\n|switch|p1a: Jumpluff|Jumpluff, F, shiny|100\/100\n|-damage|p1a: Jumpluff|76\/100|[from] Stealth Rock\n|turn|8\n|-message|Bandyy00xx forfeited.\n|\n|win|KarmaNightraide\n|raw|Bandyy00xx's rating: 1013 &rarr; <strong>1001<\/strong><br \/>(-12 for losing)\n|raw|KarmaNightraide's rating: 1019 &rarr; <strong>1056<\/strong><br \/>(+37 for winning)\n|l|\u2606Bandyy00xx\n","uploadtime":1700543855,"views":3,"p1id":"bandyy00xx","p2id":"karmanightraide","formatid":"gen9nationaldex","rating":1001,"private":0,"password":""}