{"id":"gen9nationaldex-1996052888","p1":"Tokiwakano","p2":"littleht6666","format":"[Gen 9] National Dex","log":"|html|<div class=\"broadcast-blue\"><strong>[Gen 9] National Dex is currently suspecting Sneasler! For information on how to participate check out the <a href=\"https:\/\/www.smogon.com\/forums\/threads\/sv-national-dex-suspect-8-just-dance.3731534\/\">suspect thread<\/a>.<\/strong><\/div>\n|j|\u2606Tokiwakano\n|j|\u2606littleht6666\n|t:|1700636016\n|gametype|singles\n|player|p1|Tokiwakano|caitlin|1719\n|player|p2|littleht6666|elesa|1657\n|teamsize|p1|6\n|teamsize|p2|6\n|gen|9\n|tier|[Gen 9] National Dex\n|rated|\n|rule|HP Percentage Mod: HP is shown in percentages\n|rule|Endless Battle Clause: Forcing endless battles is banned\n|rule|OHKO Clause: OHKO moves are banned\n|rule|Evasion Clause: Evasion abilities, items, and moves are banned\n|rule|Evasion Abilities Clause: Evasion abilities are banned\n|rule|Evasion Items Clause: Evasion items are banned\n|rule|Evasion Moves Clause: Evasion moves are banned\n|rule|Species Clause: Limit one of each Pok\u00e9mon\n|rule|Sleep Clause Mod: Limit one foe put to sleep\n|clearpoke\n|poke|p1|Tapu Koko|\n|poke|p1|Iron Valiant|\n|poke|p1|Garchomp, F|\n|poke|p1|Ferrothorn, M|\n|poke|p1|Scizor, F|\n|poke|p1|Landorus-Therian, M|\n|poke|p2|Weavile, F|\n|poke|p2|Landorus-Therian, M|\n|poke|p2|Zapdos|\n|poke|p2|Volcanion|\n|poke|p2|Ursaluna, M|\n|poke|p2|Kartana|\n|teampreview\n|inactive|Battle timer is ON: inactive players will automatically lose when time's up. (requested by Tokiwakano)\n|\n|t:|1700636051\n|start\n|switch|p1a: Iron Valiant|Iron Valiant|100\/100\n|switch|p2a: Landorus|Landorus-Therian, M|100\/100\n|-ability|p2a: Landorus|Intimidate|boost\n|-unboost|p1a: Iron Valiant|atk|1\n|turn|1\n|\n|t:|1700636055\n|-terastallize|p1a: Iron Valiant|Fairy\n|move|p1a: Iron Valiant|Moonblast|p2a: Landorus\n|-damage|p2a: Landorus|31\/100\n|move|p2a: Landorus|U-turn|p1a: Iron Valiant\n|-resisted|p1a: Iron Valiant\n|-damage|p1a: Iron Valiant|87\/100\n|\n|t:|1700636061\n|switch|p2a: Volcanion|Volcanion|100\/100|[from] U-turn\n|\n|upkeep\n|turn|2\n|\n|t:|1700636065\n|-end|p1a: Iron Valiant|Quark Drive|[silent]\n|switch|p1a: Garchomp|Garchomp, F|100\/100\n|move|p2a: Volcanion|Steam Eruption|p1a: Garchomp|[miss]\n|-miss|p2a: Volcanion|p1a: Garchomp\n|\n|upkeep\n|turn|3\n|\n|t:|1700636070\n|move|p1a: Garchomp|Swords Dance|p1a: Garchomp\n|-boost|p1a: Garchomp|atk|2\n|move|p2a: Volcanion|Steam Eruption|p1a: Garchomp\n|-damage|p1a: Garchomp|47\/100\n|\n|upkeep\n|turn|4\n|\n|t:|1700636074\n|move|p1a: Garchomp|Earthquake|p2a: Volcanion\n|-supereffective|p2a: Volcanion\n|-damage|p2a: Volcanion|0 fnt\n|faint|p2a: Volcanion\n|\n|upkeep\n|\n|t:|1700636077\n|switch|p2a: Weavile|Weavile, F|100\/100\n|-ability|p2a: Weavile|Pressure\n|turn|5\n|\n|t:|1700636080\n|switch|p1a: Scizor|Scizor, F|100\/100\n|move|p2a: Weavile|Beat Up|p1a: Scizor\n|-damage|p1a: Scizor|89\/100\n|-crit|p1a: Scizor\n|-damage|p1a: Scizor|71\/100\n|-damage|p1a: Scizor|56\/100\n|-damage|p1a: Scizor|41\/100\n|-damage|p1a: Scizor|25\/100\n|-hitcount|p1a: Scizor|5\n|\n|upkeep\n|turn|6\n|\n|t:|1700636089\n|switch|p2a: Zapdos|Zapdos|100\/100\n|detailschange|p1a: Scizor|Scizor-Mega, F\n|-mega|p1a: Scizor|Scizor|Scizorite\n|move|p1a: Scizor|Bullet Punch|p2a: Zapdos\n|-resisted|p2a: Zapdos\n|-damage|p2a: Zapdos|90\/100\n|\n|upkeep\n|turn|7\n|\n|t:|1700636099\n|switch|p1a: Tapu Koko|Tapu Koko|100\/100\n|-fieldstart|move: Electric Terrain|[from] ability: Electric Surge|[of] p1a: Tapu Koko\n|move|p2a: Zapdos|Hurricane|p1a: Tapu Koko\n|-resisted|p1a: Tapu Koko\n|-damage|p1a: Tapu Koko|68\/100\n|\n|upkeep\n|turn|8\n|\n|t:|1700636107\n|move|p1a: Tapu Koko|Dazzling Gleam|p2a: Zapdos\n|-damage|p2a: Zapdos|55\/100\n|move|p2a: Zapdos|U-turn|p1a: Tapu Koko\n|-resisted|p1a: Tapu Koko\n|-damage|p1a: Tapu Koko|59\/100\n|j| Nomer16\n|inactive|littleht6666 has 120 seconds left.\n|\n|t:|1700636151\n|switch|p2a: Ursaluna|Ursaluna, M|100\/100|[from] U-turn\n|\n|-status|p2a: Ursaluna|brn|[from] item: Flame Orb\n|upkeep\n|turn|9\n|\n|t:|1700636161\n|switch|p1a: Scizor|Scizor-Mega, F|25\/100\n|move|p2a: Ursaluna|Facade|p1a: Scizor\n|-resisted|p1a: Scizor\n|-damage|p1a: Scizor|0 fnt\n|faint|p1a: Scizor\n|\n|-damage|p2a: Ursaluna|94\/100 brn|[from] brn\n|upkeep\n|\n|t:|1700636173\n|switch|p1a: Garchomp|Garchomp, F|47\/100\n|turn|10\n|\n|t:|1700636175\n|-zpower|p1a: Garchomp\n|move|p1a: Garchomp|Devastating Drake|p2a: Ursaluna|[zeffect]\n|-damage|p2a: Ursaluna|13\/100 brn\n|move|p2a: Ursaluna|Facade|p1a: Garchomp\n|-damage|p1a: Garchomp|0 fnt\n|-damage|p2a: Ursaluna|1\/100 brn|[from] ability: Rough Skin|[of] p1a: Garchomp\n|faint|p1a: Garchomp\n|\n|-damage|p2a: Ursaluna|0 fnt|[from] brn\n|faint|p2a: Ursaluna\n|upkeep\n|\n|t:|1700636191\n|switch|p1a: Iron Valiant|Iron Valiant, tera:Fairy|87\/100\n|switch|p2a: Landorus|Landorus-Therian, M|31\/100\n|-activate|p1a: Iron Valiant|ability: Quark Drive\n|-start|p1a: Iron Valiant|quarkdrivespe\n|-ability|p2a: Landorus|Intimidate|boost\n|-unboost|p1a: Iron Valiant|atk|1\n|turn|11\n|\n|t:|1700636196\n|move|p1a: Iron Valiant|Moonblast|p2a: Landorus\n|-damage|p2a: Landorus|0 fnt\n|faint|p2a: Landorus\n|\n|-fieldend|move: Electric Terrain\n|-end|p1a: Iron Valiant|Quark Drive\n|upkeep\n|\n|t:|1700636202\n|switch|p2a: Weavile|Weavile, F|100\/100\n|-ability|p2a: Weavile|Pressure\n|turn|12\n|\n|t:|1700636209\n|-end|p1a: Iron Valiant|Quark Drive|[silent]\n|switch|p1a: Ferrothorn|Ferrothorn, M|100\/100\n|move|p2a: Weavile|Knock Off|p1a: Ferrothorn\n|-damage|p1a: Ferrothorn|59\/100\n|-damage|p2a: Weavile|88\/100|[from] ability: Iron Barbs|[of] p1a: Ferrothorn\n|-enditem|p1a: Ferrothorn|Leftovers|[from] move: Knock Off|[of] p2a: Weavile\n|\n|upkeep\n|turn|13\n|\n|t:|1700636215\n|switch|p2a: Zapdos|Zapdos|55\/100\n|move|p1a: Ferrothorn|Leech Seed|p2a: Zapdos\n|-start|p2a: Zapdos|move: Leech Seed\n|\n|-damage|p2a: Zapdos|43\/100|[from] Leech Seed|[of] p1a: Ferrothorn\n|-heal|p1a: Ferrothorn|73\/100|[silent]\n|upkeep\n|turn|14\n|\n|t:|1700636221\n|switch|p1a: Tapu Koko|Tapu Koko|59\/100\n|-fieldstart|move: Electric Terrain|[from] ability: Electric Surge|[of] p1a: Tapu Koko\n|move|p2a: Zapdos|Discharge|p1a: Tapu Koko\n|-resisted|p1a: Tapu Koko\n|-damage|p1a: Tapu Koko|34\/100\n|\n|-damage|p2a: Zapdos|31\/100|[from] Leech Seed|[of] p1a: Tapu Koko\n|-heal|p1a: Tapu Koko|50\/100|[silent]\n|upkeep\n|turn|15\n|\n|t:|1700636228\n|move|p1a: Tapu Koko|Volt Switch|p2a: Zapdos\n|-damage|p2a: Zapdos|0 fnt\n|faint|p2a: Zapdos\n|\n|t:|1700636231\n|switch|p1a: Iron Valiant|Iron Valiant, tera:Fairy|87\/100|[from] Volt Switch\n|-activate|p1a: Iron Valiant|ability: Quark Drive\n|-start|p1a: Iron Valiant|quarkdrivespe\n|\n|upkeep\n|-message|littleht6666 forfeited.\n|\n|win|Tokiwakano\n|raw|Tokiwakano's rating: 1719 &rarr; <strong>1735<\/strong><br \/>(+16 for winning)\n|raw|littleht6666's rating: 1657 &rarr; <strong>1641<\/strong><br \/>(-16 for losing)\n|l|\u2606littleht6666\n","uploadtime":1700636252,"views":0,"p1id":"tokiwakano","p2id":"littleht6666","formatid":"gen9nationaldex","rating":1641,"private":0,"password":""}