{"id":"gen9nationaldex-1989163195","p1":"dragonmaster441","p2":"bruhhzapdos","format":"[Gen 9] National Dex","log":"|j|\u2606dragonmaster441\n|j|\u2606bruhhzapdos\n|t:|1699818909\n|gametype|singles\n|player|p1|dragonmaster441|bianca|1281\n|player|p2|bruhhzapdos|2|1191\n|teamsize|p1|6\n|teamsize|p2|6\n|gen|9\n|tier|[Gen 9] National Dex\n|rated|\n|rule|HP Percentage Mod: HP is shown in percentages\n|rule|Endless Battle Clause: Forcing endless battles is banned\n|rule|OHKO Clause: OHKO moves are banned\n|rule|Evasion Clause: Evasion abilities, items, and moves are banned\n|rule|Evasion Abilities Clause: Evasion abilities are banned\n|rule|Evasion Items Clause: Evasion items are banned\n|rule|Evasion Moves Clause: Evasion moves are banned\n|rule|Species Clause: Limit one of each Pok\u00e9mon\n|rule|Sleep Clause Mod: Limit one foe put to sleep\n|clearpoke\n|poke|p1|Banette, F|\n|poke|p1|Ninetales-Alola, M|\n|poke|p1|Dragonite, M|\n|poke|p1|Kommo-o, M|\n|poke|p1|Ogerpon-Wellspring, F|\n|poke|p1|Garchomp, F|\n|poke|p2|Salamence, F|\n|poke|p2|Galvantula, F|\n|poke|p2|Diancie|\n|poke|p2|Milotic, F|\n|poke|p2|Zoroark-Hisui, F|\n|poke|p2|Zapdos-Galar|\n|teampreview\n|inactive|Battle timer is ON: inactive players will automatically lose when time's up. (requested by dragonmaster441)\n|c|\u2606dragonmaster441|hf\n|\n|t:|1699818921\n|start\n|switch|p1a: Ninetales|Ninetales-Alola, M|100\/100\n|switch|p2a: Galvantula|Galvantula, F|100\/100\n|-weather|Snow|[from] ability: Snow Warning|[of] p1a: Ninetales\n|turn|1\n|\n|t:|1699818929\n|move|p1a: Ninetales|Hypnosis|p2a: Galvantula|[miss]\n|-miss|p1a: Ninetales|p2a: Galvantula\n|move|p2a: Galvantula|Sticky Web|p1a: Ninetales\n|-sidestart|p1: dragonmaster441|move: Sticky Web\n|\n|-weather|Snow|[upkeep]\n|upkeep\n|turn|2\n|\n|t:|1699818936\n|move|p1a: Ninetales|Aurora Veil|p1a: Ninetales\n|-sidestart|p1: dragonmaster441|move: Aurora Veil\n|move|p2a: Galvantula|Thunder Wave|p1a: Ninetales\n|-status|p1a: Ninetales|par\n|\n|-weather|Snow|[upkeep]\n|upkeep\n|turn|3\n|\n|t:|1699818945\n|move|p2a: Galvantula|Thunderbolt|p1a: Ninetales\n|-damage|p1a: Ninetales|76\/100 par\n|cant|p1a: Ninetales|par\n|\n|-weather|Snow|[upkeep]\n|upkeep\n|turn|4\n|\n|t:|1699818951\n|switch|p1a: Garchomp|Garchomp, F|100\/100\n|-activate|p1a: Garchomp|move: Sticky Web\n|-unboost|p1a: Garchomp|spe|1\n|move|p2a: Galvantula|Thunderbolt|p1a: Garchomp\n|-immune|p1a: Garchomp\n|\n|-weather|Snow|[upkeep]\n|upkeep\n|turn|5\n|\n|t:|1699818973\n|move|p2a: Galvantula|Thunder Wave|p1a: Garchomp\n|-immune|p1a: Garchomp\n|move|p1a: Garchomp|Substitute|p1a: Garchomp\n|-start|p1a: Garchomp|Substitute\n|-damage|p1a: Garchomp|76\/100\n|\n|-weather|none\n|upkeep\n|turn|6\n|c|\u2606bruhhzapdos|bruh\n|\n|t:|1699818983\n|move|p2a: Galvantula|Bug Buzz|p1a: Garchomp\n|-damage|p1a: Garchomp|54\/100\n|move|p1a: Garchomp|Swords Dance|p1a: Garchomp\n|-boost|p1a: Garchomp|atk|2\n|\n|upkeep\n|turn|7\n|\n|t:|1699818992\n|move|p2a: Galvantula|Bug Buzz|p1a: Garchomp\n|-damage|p1a: Garchomp|34\/100\n|move|p1a: Garchomp|Scale Shot|p2a: Galvantula\n|-damage|p2a: Galvantula|51\/100\n|-damage|p2a: Galvantula|0 fnt\n|faint|p2a: Galvantula\n|-hitcount|p2: Galvantula|2\n|-unboost|p1a: Garchomp|def|1\n|-boost|p1a: Garchomp|spe|1\n|\n|upkeep\n|\n|t:|1699819010\n|switch|p2a: Zapdos|Zapdos-Galar|100\/100\n|turn|8\n|\n|t:|1699819019\n|move|p2a: Zapdos|Shadow Ball|p1a: Garchomp\n|-activate|p1a: Garchomp|move: Substitute|[damage]\n|move|p1a: Garchomp|Scale Shot|p2a: Zapdos\n|-damage|p2a: Zapdos|44\/100\n|replace|p2a: Zoroark|Zoroark-Hisui, F\n|-end|p2a: Zoroark|Illusion\n|-damage|p2a: Zoroark|0 fnt\n|faint|p2a: Zoroark\n|-hitcount|p2: Zoroark|2\n|-unboost|p1a: Garchomp|def|1\n|-boost|p1a: Garchomp|spe|1\n|\n|upkeep\n|\n|t:|1699819032\n|switch|p2a: Milotic|Milotic, F|100\/100\n|turn|9\n|\n|t:|1699819039\n|move|p1a: Garchomp|Scale Shot|p2a: Milotic\n|-damage|p2a: Milotic|71\/100\n|-damage|p2a: Milotic|45\/100\n|-damage|p2a: Milotic|20\/100\n|-damage|p2a: Milotic|0 fnt\n|faint|p2a: Milotic\n|-hitcount|p2: Milotic|4\n|-unboost|p1a: Garchomp|def|1\n|-boost|p1a: Garchomp|spe|1\n|\n|-sideend|p1: dragonmaster441|move: Aurora Veil\n|upkeep\n|\n|t:|1699819052\n|switch|p2a: Diancie|Diancie|100\/100\n|turn|10\n|\n|t:|1699819056\n|detailschange|p2a: Diancie|Diancie-Mega\n|-mega|p2a: Diancie|Diancie|Diancite\n|move|p1a: Garchomp|Earthquake|p2a: Diancie\n|-supereffective|p2a: Diancie\n|-damage|p2a: Diancie|0 fnt\n|faint|p2a: Diancie\n|\n|upkeep\n|\n|t:|1699819062\n|switch|p2a: Salamence|Salamence, F|100\/100\n|turn|11\n|\n|t:|1699819067\n|-terastallize|p2a: Salamence|Dragon\n|move|p1a: Garchomp|Scale Shot|p2a: Salamence\n|-supereffective|p2a: Salamence\n|-damage|p2a: Salamence|40\/100\n|-supereffective|p2a: Salamence\n|-damage|p2a: Salamence|0 fnt\n|faint|p2a: Salamence\n|-hitcount|p2: Salamence|2\n|-unboost|p1a: Garchomp|def|1\n|-boost|p1a: Garchomp|spe|1\n|\n|upkeep\n|-message|bruhhzapdos forfeited.\n|\n|win|dragonmaster441\n|raw|dragonmaster441's rating: 1281 &rarr; <strong>1300<\/strong><br \/>(+19 for winning)\n|raw|bruhhzapdos's rating: 1191 &rarr; <strong>1172<\/strong><br \/>(-19 for losing)\n|l|\u2606bruhhzapdos\n|c|\u2606dragonmaster441|gg\n","uploadtime":1699819085,"views":4,"p1id":"dragonmaster441","p2id":"bruhhzapdos","formatid":"gen9nationaldex","rating":1172,"private":0,"password":""}