{"id":"gen9nationaldex-1989237725","p1":"Darkslender44369","p2":"Mechdefender4","format":"[Gen 9] National Dex","log":"|j|\u2606Darkslender44369\n|j|\u2606Mechdefender4\n|t:|1699826669\n|gametype|singles\n|player|p1|Darkslender44369|101|\n|player|p2|Mechdefender4|dawn-masters2|\n|teamsize|p1|6\n|teamsize|p2|6\n|gen|9\n|tier|[Gen 9] National Dex\n|rule|HP Percentage Mod: HP is shown in percentages\n|rule|Endless Battle Clause: Forcing endless battles is banned\n|rule|OHKO Clause: OHKO moves are banned\n|rule|Evasion Clause: Evasion abilities, items, and moves are banned\n|rule|Evasion Abilities Clause: Evasion abilities are banned\n|rule|Evasion Items Clause: Evasion items are banned\n|rule|Evasion Moves Clause: Evasion moves are banned\n|rule|Species Clause: Limit one of each Pok\u00e9mon\n|rule|Sleep Clause Mod: Limit one foe put to sleep\n|clearpoke\n|poke|p1|Maushold-Four|\n|poke|p1|Garchomp, M|\n|poke|p1|Gallade, M|\n|poke|p1|Dedenne, F|\n|poke|p1|Swampert, F|\n|poke|p1|Hawlucha, M|\n|poke|p2|Iron Valiant|\n|poke|p2|Rotom-Wash|\n|poke|p2|Meowscarada, F|\n|poke|p2|Tinkaton, F|\n|poke|p2|Scizor, M|\n|poke|p2|Great Tusk|\n|teampreview\n|\n|t:|1699826676\n|start\n|switch|p1a: Garchomp|Garchomp, M|100\/100\n|switch|p2a: Rotom|Rotom-Wash|100\/100\n|turn|1\n|\n|t:|1699826683\n|move|p1a: Garchomp|Earthquake|p2a: Rotom\n|-immune|p2a: Rotom|[from] ability: Levitate\n|move|p2a: Rotom|Will-O-Wisp|p1a: Garchomp\n|-status|p1a: Garchomp|brn\n|\n|-damage|p1a: Garchomp|94\/100 brn|[from] brn\n|upkeep\n|turn|2\n|\n|t:|1699826696\n|switch|p1a: Hawlucha|Hawlucha, M|100\/100\n|move|p2a: Rotom|Shadow Ball|p1a: Hawlucha\n|-damage|p1a: Hawlucha|71\/100\n|\n|upkeep\n|turn|3\n|\n|t:|1699826703\n|move|p1a: Hawlucha|Roost|p1a: Hawlucha\n|-heal|p1a: Hawlucha|100\/100\n|-singleturn|p1a: Hawlucha|move: Roost\n|move|p2a: Rotom|Will-O-Wisp|p1a: Hawlucha|[miss]\n|-miss|p2a: Rotom|p1a: Hawlucha\n|\n|upkeep\n|turn|4\n|\n|t:|1699826712\n|move|p1a: Hawlucha|High Jump Kick|p2a: Rotom\n|-damage|p2a: Rotom|40\/100\n|move|p2a: Rotom|Will-O-Wisp|p1a: Hawlucha\n|-status|p1a: Hawlucha|brn\n|\n|-heal|p2a: Rotom|46\/100|[from] item: Leftovers\n|-damage|p1a: Hawlucha|94\/100 brn|[from] brn\n|upkeep\n|turn|5\n|\n|t:|1699826723\n|move|p1a: Hawlucha|High Jump Kick|p2a: Rotom\n|-damage|p2a: Rotom|13\/100\n|move|p2a: Rotom|Volt Switch|p1a: Hawlucha\n|-supereffective|p1a: Hawlucha\n|-damage|p1a: Hawlucha|25\/100 brn\n|\n|t:|1699826739\n|switch|p2a: Exterminat: Blast|Iron Valiant|100\/100|[from] Volt Switch\n|\n|-damage|p1a: Hawlucha|19\/100 brn|[from] brn\n|upkeep\n|turn|6\n|\n|t:|1699826746\n|move|p2a: Exterminat: Blast|Moonblast|p1a: Hawlucha\n|-supereffective|p1a: Hawlucha\n|-damage|p1a: Hawlucha|0 fnt\n|faint|p1a: Hawlucha\n|\n|upkeep\n|\n|t:|1699826757\n|switch|p1a: Maushold|Maushold-Four|100\/100\n|turn|7\n|\n|t:|1699826760\n|-end|p2a: Exterminat: Blast|Quark Drive|[silent]\n|switch|p2a: Tinkaton|Tinkaton, F|100\/100\n|-ability|p2a: Tinkaton|Mold Breaker\n|move|p1a: Maushold|Population Bomb|p2a: Tinkaton\n|-resisted|p2a: Tinkaton\n|-damage|p2a: Tinkaton|94\/100\n|-resisted|p2a: Tinkaton\n|-damage|p2a: Tinkaton|88\/100\n|-resisted|p2a: Tinkaton\n|-damage|p2a: Tinkaton|82\/100\n|-resisted|p2a: Tinkaton\n|-damage|p2a: Tinkaton|76\/100\n|-resisted|p2a: Tinkaton\n|-damage|p2a: Tinkaton|70\/100\n|-resisted|p2a: Tinkaton\n|-crit|p2a: Tinkaton\n|-damage|p2a: Tinkaton|61\/100\n|-resisted|p2a: Tinkaton\n|-damage|p2a: Tinkaton|56\/100\n|-resisted|p2a: Tinkaton\n|-damage|p2a: Tinkaton|49\/100\n|-resisted|p2a: Tinkaton\n|-damage|p2a: Tinkaton|43\/100\n|-resisted|p2a: Tinkaton\n|-damage|p2a: Tinkaton|37\/100\n|-hitcount|p2a: Tinkaton|10\n|\n|-heal|p2a: Tinkaton|44\/100|[from] item: Leftovers\n|upkeep\n|turn|8\n|\n|t:|1699826785\n|move|p1a: Maushold|Population Bomb|p2a: Tinkaton\n|-resisted|p2a: Tinkaton\n|-damage|p2a: Tinkaton|38\/100\n|-resisted|p2a: Tinkaton\n|-damage|p2a: Tinkaton|32\/100\n|-resisted|p2a: Tinkaton\n|-damage|p2a: Tinkaton|26\/100\n|-resisted|p2a: Tinkaton\n|-damage|p2a: Tinkaton|19\/100\n|-resisted|p2a: Tinkaton\n|-damage|p2a: Tinkaton|14\/100\n|-resisted|p2a: Tinkaton\n|-damage|p2a: Tinkaton|8\/100\n|-resisted|p2a: Tinkaton\n|-crit|p2a: Tinkaton\n|-damage|p2a: Tinkaton|0 fnt\n|faint|p2a: Tinkaton\n|-hitcount|p2: Tinkaton|7\n|\n|upkeep\n|\n|t:|1699826791\n|switch|p2a: Smash|Great Tusk|100\/100\n|turn|9\n|\n|t:|1699826804\n|move|p1a: Maushold|U-turn|p2a: Smash\n|-resisted|p2a: Smash\n|-damage|p2a: Smash|95\/100\n|\n|t:|1699826811\n|switch|p1a: Gallade|Gallade, M|100\/100|[from] U-turn\n|move|p2a: Smash|Close Combat|p1a: Gallade\n|-resisted|p1a: Gallade\n|-damage|p1a: Gallade|44\/100\n|-unboost|p2a: Smash|def|1\n|-unboost|p2a: Smash|spd|1\n|\n|upkeep\n|turn|10\n|\n|t:|1699826823\n|move|p1a: Gallade|Air Slash|p2a: Smash\n|-supereffective|p2a: Smash\n|-damage|p2a: Smash|52\/100\n|move|p2a: Smash|Rapid Spin|p1a: Gallade\n|-damage|p1a: Gallade|11\/100\n|-boost|p2a: Smash|spe|1\n|\n|upkeep\n|turn|11\n|\n|t:|1699826831\n|move|p2a: Smash|Rapid Spin|p1a: Gallade\n|-damage|p1a: Gallade|0 fnt\n|-boost|p2a: Smash|spe|1\n|faint|p1a: Gallade\n|\n|upkeep\n|\n|t:|1699826841\n|switch|p1a: Garchomp|Garchomp, M|94\/100 brn\n|turn|12\n|\n|t:|1699826847\n|move|p2a: Smash|Ice Spinner|p1a: Garchomp\n|-supereffective|p1a: Garchomp\n|-damage|p1a: Garchomp|0 fnt\n|-damage|p2a: Smash|39\/100|[from] ability: Rough Skin|[of] p1a: Garchomp\n|-damage|p2a: Smash|23\/100|[from] item: Rocky Helmet|[of] p1a: Garchomp\n|faint|p1a: Garchomp\n|\n|upkeep\n|\n|t:|1699826859\n|switch|p1a: Swampert|Swampert, F|100\/100\n|turn|13\n|\n|t:|1699826863\n|detailschange|p1a: Swampert|Swampert-Mega, F\n|-mega|p1a: Swampert|Swampert|Swampertite\n|move|p2a: Smash|Close Combat|p1a: Swampert\n|-damage|p1a: Swampert|37\/100\n|-unboost|p2a: Smash|def|1\n|-unboost|p2a: Smash|spd|1\n|move|p1a: Swampert|Waterfall|p2a: Smash\n|-supereffective|p2a: Smash\n|-damage|p2a: Smash|0 fnt\n|faint|p2a: Smash\n|-end|p2a: Smash|Protosynthesis|[silent]\n|\n|upkeep\n|\n|t:|1699826869\n|switch|p2a: Tadai|Meowscarada, F|100\/100\n|turn|14\n|\n|t:|1699826882\n|switch|p1a: Dedenne|Dedenne, F|100\/100\n|move|p2a: Tadai|Flower Trick|p1a: Dedenne\n|-start|p2a: Tadai|typechange|Grass|[from] ability: Protean\n|-crit|p1a: Dedenne\n|-damage|p1a: Dedenne|0 fnt\n|faint|p1a: Dedenne\n|\n|upkeep\n|c|\u2606Mechdefender4|+w+\n|\n|t:|1699826893\n|switch|p1a: Maushold|Maushold-Four|100\/100\n|turn|15\n|\n|t:|1699826898\n|-terastallize|p2a: Tadai|Grass\n|-terastallize|p1a: Maushold|Normal\n|move|p2a: Tadai|Flower Trick|p1a: Maushold\n|-crit|p1a: Maushold\n|-damage|p1a: Maushold|0 fnt\n|faint|p1a: Maushold\n|\n|upkeep\n|c|\u2606Mechdefender4|my tera beats yours +w+\n|\n|t:|1699826908\n|switch|p1a: Swampert|Swampert-Mega, F|37\/100\n|turn|16\n|\n|t:|1699826913\n|move|p2a: Tadai|Flower Trick|p1a: Swampert\n|-supereffective|p1a: Swampert\n|-crit|p1a: Swampert\n|-damage|p1a: Swampert|0 fnt\n|faint|p1a: Swampert\n|\n|win|Mechdefender4\n|l|\u2606Darkslender44369\n","uploadtime":1699827040,"views":5,"p1id":"darkslender44369","p2id":"mechdefender4","formatid":"gen9nationaldex","rating":0,"private":0,"password":""}