{"id":"gen9nationaldex-1998159309","p1":"ImTrickky","p2":"purplepu","format":"[Gen 9] National Dex","log":"|html|<div class=\"broadcast-blue\"><strong>[Gen 9] National Dex is currently suspecting Sneasler! For information on how to participate check out the <a href=\"https:\/\/www.smogon.com\/forums\/threads\/sv-national-dex-suspect-8-just-dance.3731534\/\">suspect thread<\/a>.<\/strong><\/div>\n|j|\u2606ImTrickky\n|j|\u2606purplepu\n|t:|1700903089\n|gametype|singles\n|player|p1|ImTrickky|caitlin|\n|player|p2|purplepu|mira|\n|teamsize|p1|6\n|teamsize|p2|6\n|gen|9\n|tier|[Gen 9] National Dex\n|rule|HP Percentage Mod: HP is shown in percentages\n|rule|Endless Battle Clause: Forcing endless battles is banned\n|rule|OHKO Clause: OHKO moves are banned\n|rule|Evasion Clause: Evasion abilities, items, and moves are banned\n|rule|Evasion Abilities Clause: Evasion abilities are banned\n|rule|Evasion Items Clause: Evasion items are banned\n|rule|Evasion Moves Clause: Evasion moves are banned\n|rule|Species Clause: Limit one of each Pok\u00e9mon\n|rule|Sleep Clause Mod: Limit one foe put to sleep\n|clearpoke\n|poke|p1|Serperior, F|\n|poke|p1|Meowscarada, F|\n|poke|p1|Decidueye, F|\n|poke|p1|Sceptile, F|\n|poke|p1|Torterra, F|\n|poke|p1|Rillaboom, F|\n|poke|p2|Sprigatito, M|\n|poke|p2|Fuecoco, M|\n|poke|p2|Quaxly, F|\n|poke|p2|Snivy, M|\n|poke|p2|Tepig, F|\n|poke|p2|Oshawott, F|\n|teampreview\n|\n|t:|1700903230\n|start\n|switch|p1a: Serperior|Serperior, F, shiny|100\/100\n|switch|p2a: Fuecoco|Fuecoco, M|100\/100\n|turn|1\n|inactive|Battle timer is ON: inactive players will automatically lose when time's up. (requested by ImTrickky)\n|\n|t:|1700903256\n|move|p1a: Serperior|Hidden Power|p2a: Fuecoco\n|-supereffective|p2a: Fuecoco\n|-damage|p2a: Fuecoco|73\/100\n|move|p2a: Fuecoco|Will-O-Wisp|p1a: Serperior\n|-status|p1a: Serperior|brn\n|\n|-damage|p1a: Serperior|94\/100 brn|[from] brn\n|upkeep\n|turn|2\n|\n|t:|1700903276\n|move|p1a: Serperior|Glare|p2a: Fuecoco\n|-status|p2a: Fuecoco|par\n|move|p2a: Fuecoco|Flamethrower|p1a: Serperior\n|-supereffective|p1a: Serperior\n|-damage|p1a: Serperior|39\/100 brn\n|\n|-heal|p1a: Serperior|45\/100 brn|[from] item: Leftovers\n|-damage|p1a: Serperior|39\/100 brn|[from] brn\n|upkeep\n|turn|3\n|\n|t:|1700903289\n|move|p1a: Serperior|Substitute|p1a: Serperior\n|-start|p1a: Serperior|Substitute\n|-damage|p1a: Serperior|14\/100 brn\n|move|p2a: Fuecoco|Flamethrower|p1a: Serperior\n|-supereffective|p1a: Serperior\n|-end|p1a: Serperior|Substitute\n|\n|-heal|p1a: Serperior|20\/100 brn|[from] item: Leftovers\n|-damage|p1a: Serperior|14\/100 brn|[from] brn\n|upkeep\n|turn|4\n|\n|t:|1700903302\n|move|p1a: Serperior|Hidden Power|p2a: Fuecoco\n|-supereffective|p2a: Fuecoco\n|-damage|p2a: Fuecoco|46\/100 par\n|cant|p2a: Fuecoco|par\n|\n|-heal|p1a: Serperior|20\/100 brn|[from] item: Leftovers\n|-damage|p1a: Serperior|14\/100 brn|[from] brn\n|upkeep\n|turn|5\n|\n|t:|1700903317\n|move|p1a: Serperior|Hidden Power|p2a: Fuecoco\n|-supereffective|p2a: Fuecoco\n|-damage|p2a: Fuecoco|19\/100 par\n|cant|p2a: Fuecoco|par\n|\n|-heal|p1a: Serperior|20\/100 brn|[from] item: Leftovers\n|-damage|p1a: Serperior|14\/100 brn|[from] brn\n|upkeep\n|turn|6\n|\n|t:|1700903325\n|move|p1a: Serperior|Hidden Power|p2a: Fuecoco\n|-supereffective|p2a: Fuecoco\n|-damage|p2a: Fuecoco|0 fnt\n|faint|p2a: Fuecoco\n|\n|-heal|p1a: Serperior|20\/100 brn|[from] item: Leftovers\n|-damage|p1a: Serperior|14\/100 brn|[from] brn\n|upkeep\n|\n|t:|1700903331\n|switch|p2a: Tepig|Tepig, F|100\/100\n|turn|7\n|\n|t:|1700903347\n|move|p2a: Tepig|Sucker Punch||[still]\n|-fail|p2a: Tepig\n|move|p1a: Serperior|Glare|p2a: Tepig\n|-status|p2a: Tepig|par\n|\n|-heal|p1a: Serperior|20\/100 brn|[from] item: Leftovers\n|-damage|p1a: Serperior|14\/100 brn|[from] brn\n|upkeep\n|turn|8\n|\n|t:|1700903364\n|move|p1a: Serperior|Hidden Power|p2a: Tepig\n|-supereffective|p2a: Tepig\n|-damage|p2a: Tepig|40\/100 par\n|cant|p2a: Tepig|par\n|\n|-heal|p1a: Serperior|20\/100 brn|[from] item: Leftovers\n|-damage|p1a: Serperior|14\/100 brn|[from] brn\n|upkeep\n|turn|9\n|\n|t:|1700903371\n|move|p1a: Serperior|Hidden Power|p2a: Tepig\n|-supereffective|p2a: Tepig\n|-damage|p2a: Tepig|0 fnt\n|faint|p2a: Tepig\n|\n|-heal|p1a: Serperior|20\/100 brn|[from] item: Leftovers\n|-damage|p1a: Serperior|14\/100 brn|[from] brn\n|upkeep\n|\n|t:|1700903383\n|switch|p2a: Snivy|Snivy, M|100\/100\n|turn|10\n|inactiveoff|Battle timer is now OFF.\n|\n|t:|1700903392\n|move|p1a: Serperior|Glare|p2a: Snivy\n|-status|p2a: Snivy|par\n|cant|p2a: Snivy|par\n|\n|-heal|p1a: Serperior|20\/100 brn|[from] item: Leftovers\n|-damage|p1a: Serperior|14\/100 brn|[from] brn\n|upkeep\n|turn|11\n|\n|t:|1700903400\n|move|p1a: Serperior|Hidden Power|p2a: Snivy\n|-resisted|p2a: Snivy\n|-damage|p2a: Snivy|90\/100 par\n|move|p2a: Snivy|Hidden Power|p1a: Serperior\n|-supereffective|p1a: Serperior\n|-damage|p1a: Serperior|0 fnt\n|faint|p1a: Serperior\n|\n|upkeep\n|\n|t:|1700903414\n|switch|p1a: Sceptile|Sceptile, F, shiny|100\/100\n|turn|12\n|\n|t:|1700903423\n|detailschange|p1a: Sceptile|Sceptile-Mega, F, shiny\n|-mega|p1a: Sceptile|Sceptile|Sceptilite\n|move|p1a: Sceptile|Hidden Power|p2a: Snivy\n|-supereffective|p2a: Snivy\n|-damage|p2a: Snivy|14\/100 par\n|move|p2a: Snivy|Hidden Power|p1a: Sceptile\n|-supereffective|p1a: Sceptile\n|-damage|p1a: Sceptile|35\/100\n|\n|upkeep\n|turn|13\n|\n|t:|1700903431\n|move|p1a: Sceptile|Hidden Power|p2a: Snivy\n|-supereffective|p2a: Snivy\n|-damage|p2a: Snivy|0 fnt\n|faint|p2a: Snivy\n|\n|upkeep\n|\n|t:|1700903456\n|switch|p2a: Sprigatito|Sprigatito, M|100\/100\n|turn|14\n|\n|t:|1700903474\n|-terastallize|p2a: Sprigatito|Grass\n|move|p2a: Sprigatito|Sucker Punch|p1a: Sceptile\n|-damage|p1a: Sceptile|0 fnt\n|faint|p1a: Sceptile\n|\n|upkeep\n|\n|t:|1700903491\n|switch|p1a: Meowscarada|Meowscarada, F, shiny|100\/100\n|turn|15\n|\n|t:|1700903500\n|move|p2a: Sprigatito|Sucker Punch|p1a: Meowscarada\n|-resisted|p1a: Meowscarada\n|-damage|p1a: Meowscarada|80\/100\n|move|p1a: Meowscarada|U-turn|p2a: Sprigatito\n|-start|p1a: Meowscarada|typechange|Bug|[from] ability: Protean\n|-supereffective|p2a: Sprigatito\n|-damage|p2a: Sprigatito|0 fnt\n|faint|p2a: Sprigatito\n|\n|t:|1700903510\n|switch|p1a: Decidueye|Decidueye, F, shiny|100\/100|[from] U-turn\n|\n|upkeep\n|\n|t:|1700903515\n|switch|p2a: Oshawott|Oshawott, F|100\/100\n|turn|16\n|\n|t:|1700903552\n|move|p1a: Decidueye|Swords Dance|p1a: Decidueye\n|-boost|p1a: Decidueye|atk|2\n|move|p2a: Oshawott|Sacred Sword|p1a: Decidueye\n|-immune|p1a: Decidueye\n|\n|upkeep\n|turn|17\n|\n|t:|1700903565\n|move|p2a: Oshawott|Aqua Jet|p1a: Decidueye\n|-resisted|p1a: Decidueye\n|-damage|p1a: Decidueye|88\/100\n|-damage|p2a: Oshawott|91\/100|[from] item: Life Orb\n|move|p1a: Decidueye|Swords Dance|p1a: Decidueye\n|-boost|p1a: Decidueye|atk|2\n|\n|upkeep\n|turn|18\n|\n|t:|1700903572\n|move|p1a: Decidueye|Swords Dance|p1a: Decidueye\n|-boost|p1a: Decidueye|atk|2\n|move|p2a: Oshawott|Aqua Tail|p1a: Decidueye|[miss]\n|-miss|p2a: Oshawott|p1a: Decidueye\n|\n|upkeep\n|turn|19\n|\n|t:|1700903582\n|move|p1a: Decidueye|Shadow Sneak|p2a: Oshawott\n|-damage|p2a: Oshawott|0 fnt\n|faint|p2a: Oshawott\n|\n|upkeep\n|\n|t:|1700903586\n|switch|p2a: Quaxly|Quaxly, F|100\/100\n|turn|20\n|\n|t:|1700903617\n|-terastallize|p1a: Decidueye|Fairy\n|move|p1a: Decidueye|Poltergeist|p2a: Quaxly\n|-activate|p2a: Quaxly|move: Poltergeist|Eviolite\n|-damage|p2a: Quaxly|0 fnt\n|faint|p2a: Quaxly\n|\n|win|ImTrickky\n","uploadtime":1700903630,"views":4,"p1id":"imtrickky","p2id":"purplepu","formatid":"gen9nationaldex","rating":0,"private":0,"password":""}