{"id":"gen9nationaldex-1995950277","p1":"Maxbcc","p2":"daybreak wave4","format":"[Gen 9] National Dex","log":"|html|<div class=\"broadcast-blue\"><strong>[Gen 9] National Dex is currently suspecting Sneasler! For information on how to participate check out the <a href=\"https:\/\/www.smogon.com\/forums\/threads\/sv-national-dex-suspect-8-just-dance.3731534\/\">suspect thread<\/a>.<\/strong><\/div>\n|j|\u2606Maxbcc\n|j|\u2606daybreak wave4\n|t:|1700621060\n|gametype|singles\n|player|p1|Maxbcc|265|1113\n|player|p2|daybreak wave4|lillie-masters2|1129\n|teamsize|p1|6\n|teamsize|p2|6\n|gen|9\n|tier|[Gen 9] National Dex\n|rated|\n|rule|HP Percentage Mod: HP is shown in percentages\n|rule|Endless Battle Clause: Forcing endless battles is banned\n|rule|OHKO Clause: OHKO moves are banned\n|rule|Evasion Clause: Evasion abilities, items, and moves are banned\n|rule|Evasion Abilities Clause: Evasion abilities are banned\n|rule|Evasion Items Clause: Evasion items are banned\n|rule|Evasion Moves Clause: Evasion moves are banned\n|rule|Species Clause: Limit one of each Pok\u00e9mon\n|rule|Sleep Clause Mod: Limit one foe put to sleep\n|clearpoke\n|poke|p1|Samurott-Hisui, M|\n|poke|p1|Whimsicott, F|\n|poke|p1|Electivire, M|\n|poke|p1|Excadrill, F|\n|poke|p1|Gardevoir, F|\n|poke|p1|Dodrio, F|\n|poke|p2|Garganacl, F|\n|poke|p2|Crabominable, F|\n|poke|p2|Great Tusk|\n|poke|p2|Moltres|\n|poke|p2|Hoopa-Unbound|\n|poke|p2|Sceptile, F|\n|teampreview\n|inactive|Battle timer is ON: inactive players will automatically lose when time's up. (requested by Maxbcc)\n|\n|t:|1700621077\n|start\n|switch|p1a: Excadrill|Excadrill, F|100\/100\n|switch|p2a: Crabominable|Crabominable, F|100\/100\n|-ability|p1a: Excadrill|Mold Breaker\n|turn|1\n|\n|t:|1700621085\n|move|p1a: Excadrill|Stealth Rock|p2a: Crabominable\n|-sidestart|p2: daybreak wave4|move: Stealth Rock\n|move|p2a: Crabominable|Drain Punch|p1a: Excadrill\n|-supereffective|p1a: Excadrill\n|-enditem|p1a: Excadrill|Focus Sash\n|-damage|p1a: Excadrill|1\/100\n|\n|upkeep\n|turn|2\n|\n|t:|1700621097\n|switch|p2a: Great Tusk|Great Tusk|100\/100\n|move|p1a: Excadrill|Toxic|p2a: Great Tusk\n|-status|p2a: Great Tusk|tox\n|\n|-damage|p2a: Great Tusk|94\/100 tox|[from] psn\n|upkeep\n|turn|3\n|\n|t:|1700621102\n|move|p1a: Excadrill|Earthquake|p2a: Great Tusk\n|-damage|p2a: Great Tusk|56\/100 tox\n|move|p2a: Great Tusk|Rapid Spin|p1a: Excadrill\n|-resisted|p1a: Excadrill\n|-damage|p1a: Excadrill|0 fnt\n|-boost|p2a: Great Tusk|spe|1\n|-sideend|p2: daybreak wave4|Stealth Rock|[from] move: Rapid Spin|[of] p2a: Great Tusk\n|faint|p1a: Excadrill\n|\n|-damage|p2a: Great Tusk|44\/100 tox|[from] psn\n|upkeep\n|\n|t:|1700621108\n|switch|p1a: Gardevoir|Gardevoir, F|100\/100\n|turn|4\n|\n|t:|1700621112\n|detailschange|p1a: Gardevoir|Gardevoir-Mega, F\n|-mega|p1a: Gardevoir|Gardevoir|Gardevoirite\n|move|p2a: Great Tusk|Headlong Rush|p1a: Gardevoir\n|-damage|p1a: Gardevoir|0 fnt\n|-unboost|p2a: Great Tusk|def|1\n|-unboost|p2a: Great Tusk|spd|1\n|faint|p1a: Gardevoir\n|\n|-damage|p2a: Great Tusk|25\/100 tox|[from] psn\n|upkeep\n|\n|t:|1700621118\n|switch|p1a: Electivire|Electivire, M|100\/100\n|turn|5\n|\n|t:|1700621125\n|-terastallize|p1a: Electivire|Fighting\n|move|p2a: Great Tusk|Headlong Rush|p1a: Electivire\n|-damage|p1a: Electivire|0 fnt\n|-unboost|p2a: Great Tusk|def|1\n|-unboost|p2a: Great Tusk|spd|1\n|faint|p1a: Electivire\n|\n|-damage|p2a: Great Tusk|0 fnt|[from] psn\n|faint|p2a: Great Tusk\n|-end|p2a: Great Tusk|Protosynthesis|[silent]\n|upkeep\n|\n|t:|1700621135\n|switch|p2a: Crabominable|Crabominable, F|100\/100\n|switch|p1a: Whimsicott|Whimsicott, F|100\/100\n|turn|6\n|\n|t:|1700621146\n|-terastallize|p2a: Crabominable|Fairy\n|move|p1a: Whimsicott|Stun Spore|p2a: Crabominable\n|-status|p2a: Crabominable|par\n|move|p2a: Crabominable|Ice Punch|p1a: Whimsicott\n|-supereffective|p1a: Whimsicott\n|-damage|p1a: Whimsicott|0 fnt\n|faint|p1a: Whimsicott\n|\n|upkeep\n|\n|t:|1700621153\n|switch|p1a: Samurott|Samurott-Hisui, M|100\/100\n|turn|7\n|\n|t:|1700621157\n|move|p1a: Samurott|Razor Shell|p2a: Crabominable\n|-damage|p2a: Crabominable|18\/100 par\n|move|p2a: Crabominable|Drain Punch|p1a: Samurott\n|-supereffective|p1a: Samurott\n|-damage|p1a: Samurott|0 fnt\n|-heal|p2a: Crabominable|59\/100 par|[from] drain|[of] p1a: Samurott\n|faint|p1a: Samurott\n|\n|upkeep\n|\n|t:|1700621164\n|switch|p1a: Dodrio|Dodrio, F|100\/100\n|turn|8\n|\n|t:|1700621169\n|move|p1a: Dodrio|Knock Off|p2a: Crabominable\n|-resisted|p2a: Crabominable\n|-damage|p2a: Crabominable|37\/100 par\n|-enditem|p2a: Crabominable|Assault Vest|[from] move: Knock Off|[of] p1a: Dodrio\n|move|p2a: Crabominable|Thunder Punch|p1a: Dodrio\n|-supereffective|p1a: Dodrio\n|-damage|p1a: Dodrio|0 fnt\n|faint|p1a: Dodrio\n|\n|win|daybreak wave4\n|raw|Maxbcc's rating: 1113 &rarr; <strong>1089<\/strong><br \/>(-24 for losing)\n|raw|daybreak wave4's rating: 1129 &rarr; <strong>1153<\/strong><br \/>(+24 for winning)\n|l|\u2606Maxbcc\n","uploadtime":1700621178,"views":0,"p1id":"maxbcc","p2id":"daybreakwave4","formatid":"gen9nationaldex","rating":1089,"private":0,"password":""}