{"id":"gen9nationaldex-1990986639","p1":"Jaspo","p2":"Shelmett","format":"[Gen 9] National Dex","log":"|j|\u2606Jaspo\n|j|\u2606Shelmett\n|t:|1700023685\n|gametype|singles\n|player|p1|Jaspo|clair|1135\n|player|p2|Shelmett|roxie|1068\n|teamsize|p1|6\n|teamsize|p2|6\n|gen|9\n|tier|[Gen 9] National Dex\n|rated|\n|rule|HP Percentage Mod: HP is shown in percentages\n|rule|Endless Battle Clause: Forcing endless battles is banned\n|rule|OHKO Clause: OHKO moves are banned\n|rule|Evasion Clause: Evasion abilities, items, and moves are banned\n|rule|Evasion Abilities Clause: Evasion abilities are banned\n|rule|Evasion Items Clause: Evasion items are banned\n|rule|Evasion Moves Clause: Evasion moves are banned\n|rule|Species Clause: Limit one of each Pok\u00e9mon\n|rule|Sleep Clause Mod: Limit one foe put to sleep\n|clearpoke\n|poke|p1|Kingdra, M|\n|poke|p1|Luxray, M|\n|poke|p1|Scolipede, F|\n|poke|p1|Typhlosion-Hisui, M|\n|poke|p1|Hydreigon, F|\n|poke|p1|Absol, M|\n|poke|p2|Great Tusk|\n|poke|p2|Kartana|\n|poke|p2|Skeledirge, M|\n|poke|p2|Pidgeot, M|\n|poke|p2|Rotom-Wash|\n|poke|p2|Alomomola, F|\n|teampreview\n|inactive|Battle timer is ON: inactive players will automatically lose when time's up. (requested by Jaspo)\n|\n|t:|1700023696\n|start\n|switch|p1a: Absol|Absol, M|100\/100\n|switch|p2a: Rotom|Rotom-Wash|100\/100\n|turn|1\n|\n|t:|1700023703\n|detailschange|p1a: Absol|Absol-Mega, M\n|-mega|p1a: Absol|Absol|Absolite\n|move|p1a: Absol|Detect|p1a: Absol\n|-singleturn|p1a: Absol|Protect\n|move|p2a: Rotom|Volt Switch|p1a: Absol\n|-activate|p1a: Absol|move: Protect\n|\n|upkeep\n|turn|2\n|\n|t:|1700023713\n|move|p1a: Absol|Knock Off|p2a: Rotom\n|-damage|p2a: Rotom|23\/100\n|-enditem|p2a: Rotom|Leftovers|[from] move: Knock Off|[of] p1a: Absol\n|move|p2a: Rotom|Volt Switch|p1a: Absol\n|-damage|p1a: Absol|38\/100\n|\n|t:|1700023725\n|switch|p2a: Pidgeot|Pidgeot, M|100\/100|[from] Volt Switch\n|\n|upkeep\n|turn|3\n|\n|t:|1700023730\n|switch|p1a: Luxray|Luxray, M|100\/100\n|-ability|p1a: Luxray|Intimidate|boost\n|-unboost|p2a: Pidgeot|atk|1\n|detailschange|p2a: Pidgeot|Pidgeot-Mega, M\n|-mega|p2a: Pidgeot|Pidgeot|Pidgeotite\n|move|p2a: Pidgeot|Hurricane|p1a: Luxray\n|-resisted|p1a: Luxray\n|-damage|p1a: Luxray|67\/100\n|\n|upkeep\n|turn|4\n|\n|t:|1700023747\n|switch|p2a: Great Tusk|Great Tusk|100\/100\n|move|p1a: Luxray|Wild Charge|p2a: Great Tusk\n|-immune|p2a: Great Tusk\n|\n|upkeep\n|turn|5\n|\n|t:|1700023762\n|switch|p1a: Hydreigon|Hydreigon, F|100\/100\n|move|p2a: Great Tusk|Rapid Spin|p1a: Hydreigon\n|-damage|p1a: Hydreigon|84\/100\n|-boost|p2a: Great Tusk|spe|1\n|-damage|p2a: Great Tusk|84\/100|[from] item: Rocky Helmet|[of] p1a: Hydreigon\n|\n|upkeep\n|turn|6\n|\n|t:|1700023779\n|switch|p1a: Typhlosion|Typhlosion-Hisui, M|100\/100\n|-item|p2a: Great Tusk|Lum Berry|[from] ability: Frisk|[of] p1a: Typhlosion|[identify]\n|move|p2a: Great Tusk|Ice Spinner|p1a: Typhlosion\n|-resisted|p1a: Typhlosion\n|-damage|p1a: Typhlosion|84\/100\n|\n|upkeep\n|turn|7\n|\n|t:|1700023794\n|move|p1a: Typhlosion|Protect|p1a: Typhlosion\n|-singleturn|p1a: Typhlosion|Protect\n|move|p2a: Great Tusk|Headlong Rush|p1a: Typhlosion\n|-activate|p1a: Typhlosion|move: Protect\n|\n|upkeep\n|turn|8\n|\n|t:|1700023814\n|switch|p1a: Kingdra|Kingdra, M|100\/100\n|move|p2a: Great Tusk|Headlong Rush|p1a: Kingdra\n|-damage|p1a: Kingdra|35\/100\n|-unboost|p2a: Great Tusk|def|1\n|-unboost|p2a: Great Tusk|spd|1\n|\n|upkeep\n|turn|9\n|\n|t:|1700023827\n|switch|p1a: Hydreigon|Hydreigon, F|84\/100\n|move|p2a: Great Tusk|Close Combat|p1a: Hydreigon\n|-supereffective|p1a: Hydreigon\n|-damage|p1a: Hydreigon|0 fnt\n|-unboost|p2a: Great Tusk|def|1\n|-unboost|p2a: Great Tusk|spd|1\n|-damage|p2a: Great Tusk|67\/100|[from] item: Rocky Helmet|[of] p1a: Hydreigon\n|faint|p1a: Hydreigon\n|\n|upkeep\n|\n|t:|1700023836\n|switch|p1a: Absol|Absol-Mega, M|38\/100\n|turn|10\n|\n|t:|1700023839\n|switch|p1a: Typhlosion|Typhlosion-Hisui, M|84\/100\n|-item|p2a: Great Tusk|Lum Berry|[from] ability: Frisk|[of] p1a: Typhlosion|[identify]\n|move|p2a: Great Tusk|Close Combat|p1a: Typhlosion\n|-immune|p1a: Typhlosion\n|\n|upkeep\n|turn|11\n|\n|t:|1700023848\n|switch|p1a: Kingdra|Kingdra, M|35\/100\n|move|p2a: Great Tusk|Headlong Rush|p1a: Kingdra\n|-damage|p1a: Kingdra|0 fnt\n|-unboost|p2a: Great Tusk|def|1\n|-unboost|p2a: Great Tusk|spd|1\n|faint|p1a: Kingdra\n|\n|upkeep\n|\n|t:|1700023855\n|switch|p1a: Luxray|Luxray, M|67\/100\n|-ability|p1a: Luxray|Intimidate|boost\n|-unboost|p2a: Great Tusk|atk|1\n|turn|12\n|\n|t:|1700023861\n|switch|p1a: Absol|Absol-Mega, M|38\/100\n|move|p2a: Great Tusk|Headlong Rush|p1a: Absol\n|-damage|p1a: Absol|0 fnt\n|-unboost|p2a: Great Tusk|def|1\n|-unboost|p2a: Great Tusk|spd|1\n|faint|p1a: Absol\n|\n|upkeep\n|\n|t:|1700023869\n|switch|p1a: Luxray|Luxray, M|67\/100\n|-ability|p1a: Luxray|Intimidate|boost\n|-unboost|p2a: Great Tusk|atk|1\n|turn|13\n|\n|t:|1700023873\n|switch|p1a: Typhlosion|Typhlosion-Hisui, M|84\/100\n|-item|p2a: Great Tusk|Lum Berry|[from] ability: Frisk|[of] p1a: Typhlosion|[identify]\n|move|p2a: Great Tusk|Headlong Rush|p1a: Typhlosion\n|-supereffective|p1a: Typhlosion\n|-damage|p1a: Typhlosion|18\/100\n|-unboost|p2a: Great Tusk|def|1\n|-unboost|p2a: Great Tusk|spd|1\n|\n|upkeep\n|turn|14\n|\n|t:|1700023881\n|switch|p1a: Scolipede|Scolipede, F, shiny|100\/100\n|move|p2a: Great Tusk|Headlong Rush|p1a: Scolipede\n|-damage|p1a: Scolipede|62\/100\n|-unboost|p2a: Great Tusk|def|1\n|-unboost|p2a: Great Tusk|spd|1\n|\n|-heal|p1a: Scolipede|68\/100|[from] item: Leftovers\n|upkeep\n|turn|15\n|\n|t:|1700023891\n|switch|p1a: Luxray|Luxray, M|67\/100\n|-ability|p1a: Luxray|Intimidate|boost\n|-unboost|p2a: Great Tusk|atk|1\n|move|p2a: Great Tusk|Headlong Rush|p1a: Luxray\n|-supereffective|p1a: Luxray\n|-damage|p1a: Luxray|10\/100\n|\n|upkeep\n|turn|16\n|\n|t:|1700023898\n|switch|p1a: Scolipede|Scolipede, F, shiny|68\/100\n|move|p2a: Great Tusk|Ice Spinner|p1a: Scolipede\n|-damage|p1a: Scolipede|51\/100\n|\n|-heal|p1a: Scolipede|57\/100|[from] item: Leftovers\n|upkeep\n|turn|17\n|\n|t:|1700023905\n|switch|p1a: Typhlosion|Typhlosion-Hisui, M|18\/100\n|-item|p2a: Great Tusk|Lum Berry|[from] ability: Frisk|[of] p1a: Typhlosion|[identify]\n|move|p2a: Great Tusk|Ice Spinner|p1a: Typhlosion\n|-resisted|p1a: Typhlosion\n|-damage|p1a: Typhlosion|13\/100\n|\n|upkeep\n|turn|18\n|\n|t:|1700023912\n|switch|p1a: Luxray|Luxray, M|10\/100\n|-ability|p1a: Luxray|Intimidate|boost\n|-unboost|p2a: Great Tusk|atk|1\n|move|p2a: Great Tusk|Headlong Rush|p1a: Luxray\n|-supereffective|p1a: Luxray\n|-damage|p1a: Luxray|0 fnt\n|faint|p1a: Luxray\n|\n|upkeep\n|\n|t:|1700023920\n|switch|p1a: Typhlosion|Typhlosion-Hisui, M|13\/100\n|-item|p2a: Great Tusk|Lum Berry|[from] ability: Frisk|[of] p1a: Typhlosion|[identify]\n|turn|19\n|\n|t:|1700023925\n|switch|p1a: Scolipede|Scolipede, F, shiny|57\/100\n|move|p2a: Great Tusk|Ice Spinner|p1a: Scolipede\n|-damage|p1a: Scolipede|46\/100\n|\n|-heal|p1a: Scolipede|52\/100|[from] item: Leftovers\n|upkeep\n|turn|20\n|\n|t:|1700023935\n|switch|p1a: Typhlosion|Typhlosion-Hisui, M|13\/100\n|-item|p2a: Great Tusk|Lum Berry|[from] ability: Frisk|[of] p1a: Typhlosion|[identify]\n|move|p2a: Great Tusk|Ice Spinner|p1a: Typhlosion\n|-resisted|p1a: Typhlosion\n|-damage|p1a: Typhlosion|7\/100\n|\n|upkeep\n|turn|21\n|\n|t:|1700023941\n|switch|p1a: Scolipede|Scolipede, F, shiny|52\/100\n|move|p2a: Great Tusk|Ice Spinner|p1a: Scolipede\n|-damage|p1a: Scolipede|39\/100\n|\n|-heal|p1a: Scolipede|45\/100|[from] item: Leftovers\n|upkeep\n|turn|22\n|\n|t:|1700023948\n|switch|p1a: Typhlosion|Typhlosion-Hisui, M|7\/100\n|-item|p2a: Great Tusk|Lum Berry|[from] ability: Frisk|[of] p1a: Typhlosion|[identify]\n|move|p2a: Great Tusk|Ice Spinner|p1a: Typhlosion\n|-resisted|p1a: Typhlosion\n|-damage|p1a: Typhlosion|2\/100\n|\n|upkeep\n|turn|23\n|\n|t:|1700023955\n|switch|p1a: Scolipede|Scolipede, F, shiny|45\/100\n|move|p2a: Great Tusk|Ice Spinner|p1a: Scolipede\n|-damage|p1a: Scolipede|31\/100\n|\n|-heal|p1a: Scolipede|38\/100|[from] item: Leftovers\n|upkeep\n|turn|24\n|\n|t:|1700023962\n|switch|p1a: Typhlosion|Typhlosion-Hisui, M|2\/100\n|-item|p2a: Great Tusk|Lum Berry|[from] ability: Frisk|[of] p1a: Typhlosion|[identify]\n|move|p2a: Great Tusk|Ice Spinner|p1a: Typhlosion\n|-resisted|p1a: Typhlosion\n|-damage|p1a: Typhlosion|0 fnt\n|faint|p1a: Typhlosion\n|\n|upkeep\n|\n|t:|1700023969\n|switch|p1a: Scolipede|Scolipede, F, shiny|38\/100\n|turn|25\n|\n|t:|1700023974\n|move|p1a: Scolipede|Protect|p1a: Scolipede\n|-singleturn|p1a: Scolipede|Protect\n|move|p2a: Great Tusk|Ice Spinner|p1a: Scolipede\n|-activate|p1a: Scolipede|move: Protect\n|\n|-heal|p1a: Scolipede|44\/100|[from] item: Leftovers\n|-ability|p1a: Scolipede|Speed Boost|boost\n|-boost|p1a: Scolipede|spe|1\n|upkeep\n|turn|26\n|\n|t:|1700023981\n|move|p1a: Scolipede|Protect||[still]\n|-fail|p1a: Scolipede\n|move|p2a: Great Tusk|Ice Spinner|p1a: Scolipede\n|-damage|p1a: Scolipede|31\/100\n|\n|-heal|p1a: Scolipede|38\/100|[from] item: Leftovers\n|-ability|p1a: Scolipede|Speed Boost|boost\n|-boost|p1a: Scolipede|spe|1\n|upkeep\n|turn|27\n|\n|t:|1700023990\n|move|p1a: Scolipede|Protect|p1a: Scolipede\n|-singleturn|p1a: Scolipede|Protect\n|move|p2a: Great Tusk|Ice Spinner|p1a: Scolipede\n|-activate|p1a: Scolipede|move: Protect\n|\n|-heal|p1a: Scolipede|44\/100|[from] item: Leftovers\n|-ability|p1a: Scolipede|Speed Boost|boost\n|-boost|p1a: Scolipede|spe|1\n|upkeep\n|turn|28\n|\n|t:|1700023998\n|-end|p2a: Great Tusk|Protosynthesis|[silent]\n|switch|p2a: Alomomola|Alomomola, F|100\/100\n|move|p1a: Scolipede|Protect||[still]\n|-fail|p1a: Scolipede\n|\n|-heal|p1a: Scolipede|50\/100|[from] item: Leftovers\n|-ability|p1a: Scolipede|Speed Boost|boost\n|-boost|p1a: Scolipede|spe|1\n|-enditem|p2a: Alomomola|Mirror Herb\n|-boost|p2a: Alomomola|spe|1|[from] item: Mirror Herb\n|upkeep\n|turn|29\n|\n|t:|1700024008\n|-terastallize|p2a: Alomomola|Flying\n|move|p1a: Scolipede|Iron Defense|p1a: Scolipede\n|-boost|p1a: Scolipede|def|2\n|move|p2a: Alomomola|Swagger|p1a: Scolipede\n|-boost|p1a: Scolipede|atk|2\n|-start|p1a: Scolipede|confusion\n|\n|-heal|p1a: Scolipede|56\/100|[from] item: Leftovers\n|-ability|p1a: Scolipede|Speed Boost|boost\n|-boost|p1a: Scolipede|spe|1\n|upkeep\n|turn|30\n|\n|t:|1700024017\n|-activate|p1a: Scolipede|confusion\n|move|p1a: Scolipede|Protect|p1a: Scolipede\n|-singleturn|p1a: Scolipede|Protect\n|move|p2a: Alomomola|Acrobatics|p1a: Scolipede\n|-activate|p1a: Scolipede|move: Protect\n|\n|-heal|p1a: Scolipede|62\/100|[from] item: Leftovers\n|-ability|p1a: Scolipede|Speed Boost|boost\n|-boost|p1a: Scolipede|spe|1\n|upkeep\n|turn|31\n|\n|t:|1700024025\n|-activate|p1a: Scolipede|confusion\n|move|p1a: Scolipede|Iron Defense|p1a: Scolipede\n|-boost|p1a: Scolipede|def|2\n|move|p2a: Alomomola|Acrobatics|p1a: Scolipede\n|-supereffective|p1a: Scolipede\n|-damage|p1a: Scolipede|20\/100\n|\n|-heal|p1a: Scolipede|26\/100|[from] item: Leftovers\n|upkeep\n|turn|32\n|inactive|Jaspo has 120 seconds left.\n|\n|t:|1700024056\n|-end|p1a: Scolipede|confusion\n|move|p1a: Scolipede|Protect|p1a: Scolipede\n|-singleturn|p1a: Scolipede|Protect\n|move|p2a: Alomomola|Acrobatics|p1a: Scolipede\n|-activate|p1a: Scolipede|move: Protect\n|\n|-heal|p1a: Scolipede|33\/100|[from] item: Leftovers\n|upkeep\n|turn|33\n|\n|t:|1700024066\n|-terastallize|p1a: Scolipede|Ground\n|move|p1a: Scolipede|Iron Defense|p1a: Scolipede\n|-boost|p1a: Scolipede|def|2\n|move|p2a: Alomomola|Acrobatics|p1a: Scolipede\n|-damage|p1a: Scolipede|16\/100\n|\n|-heal|p1a: Scolipede|22\/100|[from] item: Leftovers\n|upkeep\n|turn|34\n|\n|t:|1700024074\n|move|p1a: Scolipede|Protect|p1a: Scolipede\n|-singleturn|p1a: Scolipede|Protect\n|move|p2a: Alomomola|Liquidation|p1a: Scolipede\n|-activate|p1a: Scolipede|move: Protect\n|\n|-heal|p1a: Scolipede|28\/100|[from] item: Leftovers\n|upkeep\n|turn|35\n|\n|t:|1700024080\n|move|p1a: Scolipede|Protect|p1a: Scolipede\n|-singleturn|p1a: Scolipede|Protect\n|move|p2a: Alomomola|Liquidation|p1a: Scolipede\n|-activate|p1a: Scolipede|move: Protect\n|\n|-heal|p1a: Scolipede|34\/100|[from] item: Leftovers\n|upkeep\n|turn|36\n|\n|t:|1700024088\n|move|p1a: Scolipede|Protect|p1a: Scolipede\n|-singleturn|p1a: Scolipede|Protect\n|move|p2a: Alomomola|Liquidation|p1a: Scolipede\n|-activate|p1a: Scolipede|move: Protect\n|\n|-heal|p1a: Scolipede|40\/100|[from] item: Leftovers\n|upkeep\n|turn|37\n|\n|t:|1700024094\n|move|p1a: Scolipede|Protect||[still]\n|-fail|p1a: Scolipede\n|move|p2a: Alomomola|Liquidation|p1a: Scolipede\n|-supereffective|p1a: Scolipede\n|-damage|p1a: Scolipede|17\/100\n|\n|-heal|p1a: Scolipede|23\/100|[from] item: Leftovers\n|upkeep\n|turn|38\n|\n|t:|1700024101\n|move|p1a: Scolipede|Protect|p1a: Scolipede\n|-singleturn|p1a: Scolipede|Protect\n|move|p2a: Alomomola|Wish|p2a: Alomomola\n|\n|-heal|p1a: Scolipede|29\/100|[from] item: Leftovers\n|upkeep\n|turn|39\n|\n|t:|1700024108\n|move|p1a: Scolipede|Protect|p1a: Scolipede\n|-singleturn|p1a: Scolipede|Protect\n|move|p2a: Alomomola|Swagger|p1a: Scolipede\n|-activate|p1a: Scolipede|move: Protect\n|\n|-heal|p1a: Scolipede|35\/100|[from] item: Leftovers\n|upkeep\n|turn|40\n|\n|t:|1700024114\n|move|p1a: Scolipede|Protect||[still]\n|-fail|p1a: Scolipede\n|move|p2a: Alomomola|Swagger|p1a: Scolipede|[miss]\n|-miss|p2a: Alomomola|p1a: Scolipede\n|\n|-heal|p1a: Scolipede|41\/100|[from] item: Leftovers\n|upkeep\n|turn|41\n|\n|t:|1700024125\n|switch|p2a: Kartana|Kartana|100\/100\n|move|p1a: Scolipede|Protect||[still]\n|-fail|p1a: Scolipede\n|\n|-heal|p1a: Scolipede|47\/100|[from] item: Leftovers\n|upkeep\n|turn|42\n|\n|t:|1700024132\n|move|p1a: Scolipede|Protect|p1a: Scolipede\n|-singleturn|p1a: Scolipede|Protect\n|move|p2a: Kartana|Leaf Blade|p1a: Scolipede\n|-activate|p1a: Scolipede|move: Protect\n|\n|-heal|p1a: Scolipede|53\/100|[from] item: Leftovers\n|upkeep\n|turn|43\n|\n|t:|1700024141\n|move|p1a: Scolipede|Earthquake|p2a: Kartana\n|-damage|p2a: Kartana|16\/100\n|move|p2a: Kartana|Leaf Blade|p1a: Scolipede\n|-supereffective|p1a: Scolipede\n|-damage|p1a: Scolipede|15\/100\n|\n|-heal|p1a: Scolipede|21\/100|[from] item: Leftovers\n|upkeep\n|turn|44\n|\n|t:|1700024153\n|switch|p2a: Alomomola|Alomomola, F, tera:Flying|100\/100\n|move|p1a: Scolipede|Protect||[still]\n|-fail|p1a: Scolipede\n|\n|-heal|p1a: Scolipede|27\/100|[from] item: Leftovers\n|upkeep\n|turn|45\n|\n|t:|1700024164\n|move|p1a: Scolipede|Poison Jab|p2a: Alomomola\n|-damage|p2a: Alomomola|47\/100\n|move|p2a: Alomomola|Wish|p2a: Alomomola\n|\n|-heal|p1a: Scolipede|33\/100|[from] item: Leftovers\n|upkeep\n|turn|46\n|\n|t:|1700024177\n|move|p1a: Scolipede|Poison Jab|p2a: Alomomola\n|-damage|p2a: Alomomola|0 fnt\n|faint|p2a: Alomomola\n|\n|-heal|p1a: Scolipede|39\/100|[from] item: Leftovers\n|upkeep\n|\n|t:|1700024179\n|switch|p2a: Skeledirge|Skeledirge, M|100\/100\n|turn|47\n|\n|t:|1700024184\n|move|p1a: Scolipede|Earthquake|p2a: Skeledirge\n|-supereffective|p2a: Skeledirge\n|-damage|p2a: Skeledirge|29\/100\n|move|p2a: Skeledirge|Torch Song|p1a: Scolipede\n|-damage|p1a: Scolipede|0 fnt\n|-boost|p2a: Skeledirge|spa|1\n|faint|p1a: Scolipede\n|\n|win|Shelmett\n|raw|Jaspo's rating: 1135 &rarr; <strong>1105<\/strong><br \/>(-30 for losing)\n|raw|Shelmett's rating: 1068 &rarr; <strong>1103<\/strong><br \/>(+35 for winning)\n|c|\u2606Jaspo|ggwp\n|c|\u2606Shelmett|gg\n","uploadtime":1700024196,"views":4,"p1id":"jaspo","p2id":"shelmett","formatid":"gen9nationaldex","rating":1103,"private":0,"password":""}