{"id":"gen9nationaldex-1987832468","p1":"Dagon7259ondiscord","p2":"Cute3765ondiscord","format":"[Gen 9] National Dex","log":"|j|\u2606Dagon7259ondiscord\n|j|\u2606Cute3765ondiscord\n|t:|1699640967\n|gametype|singles\n|player|p1|Dagon7259ondiscord|1|\n|player|p2|Cute3765ondiscord|barry|\n|teamsize|p1|6\n|teamsize|p2|6\n|gen|9\n|tier|[Gen 9] National Dex\n|rule|HP Percentage Mod: HP is shown in percentages\n|rule|Endless Battle Clause: Forcing endless battles is banned\n|rule|OHKO Clause: OHKO moves are banned\n|rule|Evasion Clause: Evasion abilities, items, and moves are banned\n|rule|Evasion Abilities Clause: Evasion abilities are banned\n|rule|Evasion Items Clause: Evasion items are banned\n|rule|Evasion Moves Clause: Evasion moves are banned\n|rule|Species Clause: Limit one of each Pok\u00e9mon\n|rule|Sleep Clause Mod: Limit one foe put to sleep\n|clearpoke\n|poke|p1|Meganium, M|\n|poke|p1|Charizard, M|\n|poke|p1|Gyarados, F|\n|poke|p1|Houndstone, F|\n|poke|p1|Umbreon, M|\n|poke|p1|Zamazenta-*|\n|poke|p2|Swellow, M|\n|poke|p2|Blastoise, M|\n|poke|p2|Dugtrio, M|\n|poke|p2|Sylveon, F|\n|poke|p2|Zeraora|\n|poke|p2|Tapu Lele|\n|teampreview\n|inactive|Battle timer is ON: inactive players will automatically lose when time's up. (requested by Cute3765ondiscord)\n|\n|t:|1699640978\n|start\n|switch|p1a: 6|Charizard, M, shiny|100\/100\n|switch|p2a: 50|Dugtrio, M, shiny|100\/100\n|turn|1\n|\n|t:|1699640989\n|move|p2a: 50|Stone Edge|p1a: 6|[miss]\n|-miss|p2a: 50|p1a: 6\n|move|p1a: 6|Hurricane|p2a: 50|[miss]\n|-miss|p1a: 6|p2a: 50\n|\n|upkeep\n|turn|2\n|\n|t:|1699640999\n|switch|p1a: 130|Gyarados, F, shiny|100\/100\n|-ability|p1a: 130|Intimidate|boost\n|-unboost|p2a: 50|atk|1\n|move|p2a: 50|Stone Edge|p1a: 130\n|-supereffective|p1a: 130\n|-damage|p1a: 130|46\/100\n|\n|upkeep\n|turn|3\n|\n|t:|1699641011\n|move|p2a: 50|Stone Edge|p1a: 130|[miss]\n|-miss|p2a: 50|p1a: 130\n|move|p1a: 130|Waterfall|p2a: 50\n|-supereffective|p2a: 50\n|-damage|p2a: 50|0 fnt\n|faint|p2a: 50\n|\n|upkeep\n|\n|t:|1699641021\n|switch|p2a: 276|Swellow, M, shiny|100\/100\n|turn|4\n|\n|t:|1699641034\n|detailschange|p1a: 130|Gyarados-Mega, F, shiny\n|-mega|p1a: 130|Gyarados|Gyaradosite\n|-ability|p1a: 130|Mold Breaker\n|move|p2a: 276|Endeavor|p1a: 130\n|-immune|p1a: 130\n|move|p1a: 130|Waterfall|p2a: 276\n|-damage|p2a: 276|4\/100\n|-enditem|p2a: 276|Liechi Berry|[eat]\n|-boost|p2a: 276|atk|1|[from] item: Liechi Berry\n|\n|upkeep\n|turn|5\n|\n|t:|1699641052\n|move|p2a: 276|Brave Bird|p1a: 130\n|-damage|p1a: 130|0 fnt\n|faint|p1a: 130\n|-damage|p2a: 276|0 fnt|[from] Recoil\n|faint|p2a: 276\n|\n|upkeep\n|\n|t:|1699641061\n|switch|p2a: 9|Blastoise, M, shiny|100\/100\n|switch|p1a: 6|Charizard, M, shiny|100\/100\n|turn|6\n|\n|t:|1699641072\n|move|p1a: 6|Tera Blast|p2a: 9\n|-damage|p2a: 9|74\/100\n|move|p2a: 9|Dark Pulse|p1a: 6\n|-damage|p1a: 6|71\/100\n|\n|-heal|p2a: 9|80\/100|[from] item: Leftovers\n|upkeep\n|turn|7\n|\n|t:|1699641082\n|move|p1a: 6|Tera Blast|p2a: 9\n|-damage|p2a: 9|53\/100\n|move|p2a: 9|Rapid Spin|p1a: 6\n|-damage|p1a: 6|59\/100\n|-boost|p2a: 9|spe|1\n|\n|-heal|p2a: 9|59\/100|[from] item: Leftovers\n|upkeep\n|turn|8\n|\n|t:|1699641091\n|move|p2a: 9|Ice Beam|p1a: 6\n|-damage|p1a: 6|28\/100\n|-status|p1a: 6|frz\n|cant|p1a: 6|frz\n|\n|-heal|p2a: 9|65\/100|[from] item: Leftovers\n|upkeep\n|turn|9\n|\n|t:|1699641101\n|-terastallize|p1a: 6|Electric\n|move|p2a: 9|Ice Beam|p1a: 6\n|-damage|p1a: 6|0 fnt\n|faint|p1a: 6\n|\n|-heal|p2a: 9|71\/100|[from] item: Leftovers\n|upkeep\n|\n|t:|1699641112\n|switch|p1a: 889|Zamazenta, shiny|100\/100\n|-ability|p1a: 889|Dauntless Shield|boost\n|-boost|p1a: 889|def|1\n|turn|10\n|\n|t:|1699641118\n|move|p2a: 9|Dark Pulse|p1a: 889\n|-resisted|p1a: 889\n|-crit|p1a: 889\n|-damage|p1a: 889|93\/100\n|move|p1a: 889|Wild Charge|p2a: 9\n|-supereffective|p2a: 9\n|-damage|p2a: 9|0 fnt\n|faint|p2a: 9\n|-damage|p1a: 889|79\/100|[from] Recoil\n|\n|upkeep\n|\n|t:|1699641127\n|switch|p2a: 700|Sylveon, F, shiny|100\/100\n|turn|11\n|\n|t:|1699641139\n|switch|p1a: 152|Meganium, M, shiny|100\/100\n|move|p2a: 700|Hyper Voice|p1a: 152\n|-damage|p1a: 152|35\/100\n|\n|upkeep\n|turn|12\n|\n|t:|1699641148\n|move|p1a: 152|Giga Drain|p2a: 700\n|-crit|p2a: 700\n|-damage|p2a: 700|64\/100\n|-heal|p1a: 152|55\/100|[from] drain|[of] p2a: 700\n|move|p2a: 700|Psyshock|p1a: 152\n|-damage|p1a: 152|22\/100\n|\n|upkeep\n|turn|13\n|\n|t:|1699641156\n|move|p1a: 152|Giga Drain|p2a: 700\n|-damage|p2a: 700|26\/100\n|-heal|p1a: 152|43\/100|[from] drain|[of] p2a: 700\n|move|p2a: 700|Hyper Voice|p1a: 152\n|-damage|p1a: 152|0 fnt\n|faint|p1a: 152\n|\n|upkeep\n|\n|t:|1699641166\n|switch|p1a: 971|Houndstone, F, shiny|100\/100\n|turn|14\n|\n|t:|1699641172\n|move|p2a: 700|Hyper Voice|p1a: 971\n|-damage|p1a: 971|36\/100\n|move|p1a: 971|Body Press|p2a: 700\n|-resisted|p2a: 700\n|-damage|p2a: 700|10\/100\n|\n|-heal|p1a: 971|42\/100|[from] item: Leftovers\n|upkeep\n|turn|15\n|\n|t:|1699641181\n|move|p2a: 700|Hyper Voice|p1a: 971\n|-damage|p1a: 971|0 fnt\n|faint|p1a: 971\n|\n|upkeep\n|\n|t:|1699641186\n|switch|p1a: 197|Umbreon, M, shiny|100\/100\n|turn|16\n|\n|t:|1699641192\n|move|p2a: 700|Psyshock|p1a: 197\n|-immune|p1a: 197\n|move|p1a: 197|Iron Tail|p2a: 700\n|-supereffective|p2a: 700\n|-damage|p2a: 700|0 fnt\n|faint|p2a: 700\n|\n|upkeep\n|\n|t:|1699641202\n|switch|p2a: 786|Tapu Lele, shiny|100\/100\n|-fieldstart|move: Psychic Terrain|[from] ability: Psychic Surge|[of] p2a: 786\n|turn|17\n|\n|t:|1699641208\n|move|p2a: 786|Moonblast|p1a: 197\n|-supereffective|p1a: 197\n|-crit|p1a: 197\n|-damage|p1a: 197|0 fnt\n|faint|p1a: 197\n|\n|upkeep\n|\n|t:|1699641213\n|switch|p1a: 889|Zamazenta, shiny|79\/100\n|turn|18\n|\n|t:|1699641223\n|move|p2a: 786|Moonblast|p1a: 889\n|-supereffective|p1a: 889\n|-damage|p1a: 889|25\/100\n|-unboost|p1a: 889|spa|1\n|move|p1a: 889|Ice Fang|p2a: 786\n|-damage|p2a: 786|62\/100\n|\n|upkeep\n|turn|19\n|\n|t:|1699641232\n|move|p2a: 786|Moonblast|p1a: 889\n|-supereffective|p1a: 889\n|-damage|p1a: 889|0 fnt\n|faint|p1a: 889\n|\n|win|Cute3765ondiscord\n|l|\u2606Dagon7259ondiscord\n","uploadtime":1699641986,"views":5,"p1id":"dagon7259ondiscord","p2id":"cute3765ondiscord","formatid":"gen9nationaldex","rating":0,"private":0,"password":""}