{"id":"gen9nationaldex-1998962010","p1":"Neitor el 08","p2":"famus123","format":"[Gen 9] National Dex","log":"|html|<div class=\"broadcast-blue\"><strong>[Gen 9] National Dex is currently suspecting Sneasler! For information on how to participate check out the <a href=\"https:\/\/www.smogon.com\/forums\/threads\/sv-national-dex-suspect-8-just-dance.3731534\/\">suspect thread<\/a>.<\/strong><\/div>\n|j|\u2606Neitor el 08\n|j|\u2606famus123\n|t:|1701018200\n|gametype|singles\n|player|p1|Neitor el 08|red|\n|player|p2|famus123|kukui|\n|teamsize|p1|6\n|teamsize|p2|6\n|gen|9\n|tier|[Gen 9] National Dex\n|rule|HP Percentage Mod: HP is shown in percentages\n|rule|Endless Battle Clause: Forcing endless battles is banned\n|rule|OHKO Clause: OHKO moves are banned\n|rule|Evasion Clause: Evasion abilities, items, and moves are banned\n|rule|Evasion Abilities Clause: Evasion abilities are banned\n|rule|Evasion Items Clause: Evasion items are banned\n|rule|Evasion Moves Clause: Evasion moves are banned\n|rule|Species Clause: Limit one of each Pok\u00e9mon\n|rule|Sleep Clause Mod: Limit one foe put to sleep\n|clearpoke\n|poke|p1|Typhlosion-Hisui, F|\n|poke|p1|Scizor, F|\n|poke|p1|Ursaluna, M|\n|poke|p1|Enamorus, F|\n|poke|p1|Quagsire, F|\n|poke|p1|Porygon2|\n|poke|p2|Tarountula, F|\n|poke|p2|Ogerpon-Wellspring, F|\n|poke|p2|Skeledirge, F|\n|poke|p2|Revavroom, M|\n|poke|p2|Lokix, M|\n|poke|p2|Glimmora, F|\n|teampreview\n|c|\u2606Neitor el 08|suerte\n|\n|t:|1701018220\n|start\n|switch|p1a: Choca esos 5|Scizor, F|100\/100\n|switch|p2a: Tarountula|Tarountula, F|100\/100\n|turn|1\n|\n|t:|1701018236\n|detailschange|p1a: Choca esos 5|Scizor-Mega, F\n|-mega|p1a: Choca esos 5|Scizor|Scizorite\n|move|p1a: Choca esos 5|Dual Wingbeat|p2a: Tarountula\n|-supereffective|p2a: Tarountula\n|-damage|p2a: Tarountula|23\/100\n|-supereffective|p2a: Tarountula\n|-damage|p2a: Tarountula|0 fnt\n|faint|p2a: Tarountula\n|-hitcount|p2: Tarountula|2\n|\n|upkeep\n|\n|t:|1701018243\n|switch|p2a: Skeledirge|Skeledirge, F|100\/100\n|turn|2\n|\n|t:|1701018247\n|switch|p1a: Me la pelas|Quagsire, F|100\/100\n|move|p2a: Skeledirge|Will-O-Wisp|p1a: Me la pelas|[miss]\n|-miss|p2a: Skeledirge|p1a: Me la pelas\n|\n|upkeep\n|turn|3\n|\n|t:|1701018254\n|switch|p2a: Glimmora|Glimmora, F|100\/100\n|move|p1a: Me la pelas|Toxic|p2a: Glimmora\n|-immune|p2a: Glimmora\n|\n|upkeep\n|turn|4\n|\n|t:|1701018262\n|move|p2a: Glimmora|Mortal Spin|p1a: Me la pelas\n|-resisted|p1a: Me la pelas\n|-damage|p1a: Me la pelas|98\/100\n|-status|p1a: Me la pelas|psn\n|-damage|p2a: Glimmora|84\/100|[from] item: Rocky Helmet|[of] p1a: Me la pelas\n|move|p1a: Me la pelas|Earthquake|p2a: Glimmora\n|-supereffective|p2a: Glimmora\n|-damage|p2a: Glimmora|0 fnt\n|-activate|p2a: Glimmora|ability: Toxic Debris\n|-sidestart|p1: Neitor el 08|move: Toxic Spikes\n|faint|p2a: Glimmora\n|\n|-damage|p1a: Me la pelas|86\/100 psn|[from] psn\n|upkeep\n|\n|t:|1701018269\n|switch|p2a: Ogerpon|Ogerpon-Wellspring, F|100\/100\n|turn|5\n|\n|t:|1701018276\n|move|p2a: Ogerpon|Substitute|p2a: Ogerpon\n|-start|p2a: Ogerpon|Substitute\n|-damage|p2a: Ogerpon|76\/100\n|move|p1a: Me la pelas|Toxic|p2a: Ogerpon|[miss]\n|-miss|p1a: Me la pelas|p2a: Ogerpon\n|\n|-damage|p1a: Me la pelas|73\/100 psn|[from] psn\n|upkeep\n|turn|6\n|\n|t:|1701018285\n|switch|p1a: Pat\u00e9tico Glu Glu|Porygon2|100\/100\n|-status|p1a: Pat\u00e9tico Glu Glu|psn\n|move|p2a: Ogerpon|Swords Dance|p2a: Ogerpon\n|-boost|p2a: Ogerpon|atk|2\n|\n|-damage|p1a: Pat\u00e9tico Glu Glu|88\/100 psn|[from] psn\n|upkeep\n|turn|7\n|\n|t:|1701018294\n|-terastallize|p2a: Ogerpon|Water\n|detailschange|p2a: Ogerpon|Ogerpon-Wellspring-Tera, F, tera:Water\n|-ability|p2a: Ogerpon|Embody Aspect (Wellspring)|boost\n|-boost|p2a: Ogerpon|spd|1\n|move|p2a: Ogerpon|Ivy Cudgel|p1a: Pat\u00e9tico Glu Glu|[anim] Ivy Cudgel Water\n|-crit|p1a: Pat\u00e9tico Glu Glu\n|-damage|p1a: Pat\u00e9tico Glu Glu|0 fnt\n|faint|p1a: Pat\u00e9tico Glu Glu\n|\n|upkeep\n|\n|t:|1701018320\n|switch|p1a: Fumao|Typhlosion-Hisui, F|100\/100\n|-status|p1a: Fumao|psn\n|-item|p2a: Ogerpon|Wellspring Mask|[from] ability: Frisk|[of] p1a: Fumao|[identify]\n|turn|8\n|\n|t:|1701018326\n|move|p1a: Fumao|Shadow Ball|p2a: Ogerpon\n|-end|p2a: Ogerpon|Substitute\n|move|p2a: Ogerpon|Ivy Cudgel|p1a: Fumao|[anim] Ivy Cudgel Water\n|-supereffective|p1a: Fumao\n|-crit|p1a: Fumao\n|-damage|p1a: Fumao|0 fnt\n|faint|p1a: Fumao\n|\n|upkeep\n|\n|t:|1701018335\n|switch|p1a: Cogeortos|Ursaluna, M|100\/100\n|-status|p1a: Cogeortos|psn\n|turn|9\n|\n|t:|1701018340\n|-terastallize|p1a: Cogeortos|Normal\n|move|p2a: Ogerpon|Ivy Cudgel|p1a: Cogeortos|[anim] Ivy Cudgel Water\n|-damage|p1a: Cogeortos|0 fnt\n|faint|p1a: Cogeortos\n|\n|upkeep\n|\n|t:|1701018350\n|switch|p1a: Choca esos 5|Scizor-Mega, F|100\/100\n|turn|10\n|\n|t:|1701018353\n|move|p1a: Choca esos 5|Bullet Punch|p2a: Ogerpon\n|-resisted|p2a: Ogerpon\n|-damage|p2a: Ogerpon|52\/100\n|move|p2a: Ogerpon|Ivy Cudgel|p1a: Choca esos 5|[anim] Ivy Cudgel Water\n|-damage|p1a: Choca esos 5|0 fnt\n|faint|p1a: Choca esos 5\n|\n|upkeep\n|\n|t:|1701018360\n|switch|p1a: Me la pelas|Quagsire, F|73\/100 psn\n|turn|11\n|\n|t:|1701018365\n|move|p2a: Ogerpon|Power Whip|p1a: Me la pelas\n|-supereffective|p1a: Me la pelas\n|-damage|p1a: Me la pelas|0 fnt\n|-damage|p2a: Ogerpon|35\/100|[from] item: Rocky Helmet|[of] p1a: Me la pelas\n|faint|p1a: Me la pelas\n|\n|upkeep\n|\n|t:|1701018371\n|switch|p1a: Cupido|Enamorus, F|100\/100\n|turn|12\n|\n|t:|1701018375\n|move|p2a: Ogerpon|Ivy Cudgel|p1a: Cupido|[anim] Ivy Cudgel Water\n|-damage|p1a: Cupido|0 fnt\n|faint|p1a: Cupido\n|\n|win|famus123\n|c|\u2606famus123|GG\n|c|\u2606Neitor el 08|po muy chulo\n","uploadtime":1701018382,"views":21,"p1id":"neitorel08","p2id":"famus123","formatid":"gen9nationaldex","rating":0,"private":0,"password":""}