{"id":"gen9nationaldex-1988736494","p1":"landiwosh","p2":"snivy ye \u53f6\u86c7","format":"[Gen 9] National Dex","log":"|j|\u2606landiwosh\n|j|\u2606snivy ye \u53f6\u86c7\n|t:|1699756628\n|gametype|singles\n|player|p1|landiwosh|steven|1612\n|player|p2|snivy ye \u53f6\u86c7|winona|1819\n|teamsize|p1|6\n|teamsize|p2|6\n|gen|9\n|tier|[Gen 9] National Dex\n|rated|\n|rule|HP Percentage Mod: HP is shown in percentages\n|rule|Endless Battle Clause: Forcing endless battles is banned\n|rule|OHKO Clause: OHKO moves are banned\n|rule|Evasion Clause: Evasion abilities, items, and moves are banned\n|rule|Evasion Abilities Clause: Evasion abilities are banned\n|rule|Evasion Items Clause: Evasion items are banned\n|rule|Evasion Moves Clause: Evasion moves are banned\n|rule|Species Clause: Limit one of each Pok\u00e9mon\n|rule|Sleep Clause Mod: Limit one foe put to sleep\n|clearpoke\n|poke|p1|Zapdos|\n|poke|p1|Lopunny, M|\n|poke|p1|Landorus-Therian, M|\n|poke|p1|Volcanion|\n|poke|p1|Tapu Koko|\n|poke|p1|Sneasler, F|\n|poke|p2|Slowbro, M|\n|poke|p2|Landorus-Therian, M|\n|poke|p2|Arcanine-Hisui, F|\n|poke|p2|Corviknight, F|\n|poke|p2|Tapu Koko|\n|poke|p2|Tyranitar, F|\n|teampreview\n|inactive|Battle timer is ON: inactive players will automatically lose when time's up. (requested by snivy ye \u53f6\u86c7)\n|j| czcyf\n|\n|t:|1699756657\n|start\n|switch|p1a: Lopunny|Lopunny, M|100\/100\n|switch|p2a: Slowbro|Slowbro, M|100\/100\n|turn|1\n|\n|t:|1699756664\n|switch|p1a: Volcanion|Volcanion|100\/100\n|move|p2a: Slowbro|Psychic|p1a: Volcanion\n|-damage|p1a: Volcanion|18\/100\n|\n|upkeep\n|turn|2\n|\n|t:|1699756670\n|switch|p1a: Landorus|Landorus-Therian, M|100\/100\n|-ability|p1a: Landorus|Intimidate|boost\n|-unboost|p2a: Slowbro|atk|1\n|move|p2a: Slowbro|Psychic|p1a: Landorus\n|-damage|p1a: Landorus|26\/100\n|\n|upkeep\n|turn|3\n|c|\u2606landiwosh|\u773c\u955c\u7684\uff1f\n|c|\u2606landiwosh|\u8fd9\u4e48\u75db\n|\n|t:|1699756687\n|move|p1a: Landorus|Stealth Rock|p2a: Slowbro\n|-sidestart|p2: snivy ye \u53f6\u86c7|move: Stealth Rock\n|move|p2a: Slowbro|Psychic|p1a: Landorus\n|-damage|p1a: Landorus|0 fnt\n|faint|p1a: Landorus\n|\n|upkeep\n|\n|t:|1699756691\n|switch|p1a: Tapu Koko|Tapu Koko|100\/100\n|-fieldstart|move: Electric Terrain|[from] ability: Electric Surge|[of] p1a: Tapu Koko\n|turn|4\n|\n|t:|1699756696\n|switch|p2a: Landorus|Landorus-Therian, M|100\/100\n|-damage|p2a: Landorus|88\/100|[from] Stealth Rock\n|-ability|p2a: Landorus|Intimidate|boost\n|-unboost|p1a: Tapu Koko|atk|1\n|move|p1a: Tapu Koko|Thunderbolt|p2a: Landorus\n|-immune|p2a: Landorus\n|\n|upkeep\n|turn|5\n|\n|t:|1699756704\n|switch|p1a: Zapdos|Zapdos|100\/100\n|move|p2a: Landorus|Toxic|p1a: Zapdos\n|-status|p1a: Zapdos|tox\n|\n|-damage|p1a: Zapdos|94\/100 tox|[from] psn\n|upkeep\n|turn|6\n|\n|t:|1699756711\n|switch|p2a: Tyranitar|Tyranitar, F|100\/100\n|-damage|p2a: Tyranitar|88\/100|[from] Stealth Rock\n|-weather|Sandstorm|[from] ability: Sand Stream|[of] p2a: Tyranitar\n|move|p1a: Zapdos|Hurricane|p2a: Tyranitar\n|-resisted|p2a: Tyranitar\n|-damage|p2a: Tyranitar|69\/100\n|\n|-weather|Sandstorm|[upkeep]\n|-damage|p1a: Zapdos|88\/100 tox|[from] Sandstorm\n|-damage|p1a: Zapdos|76\/100 tox|[from] psn\n|upkeep\n|turn|7\n|\n|t:|1699756732\n|detailschange|p2a: Tyranitar|Tyranitar-Mega, F\n|-mega|p2a: Tyranitar|Tyranitar|Tyranitarite\n|move|p1a: Zapdos|Volt Switch|p2a: Tyranitar\n|-damage|p2a: Tyranitar|50\/100\n|\n|t:|1699756742\n|switch|p1a: Lopunny|Lopunny, M|100\/100|[from] Volt Switch\n|move|p2a: Tyranitar|Stone Edge|p1a: Lopunny\n|-damage|p1a: Lopunny|5\/100\n|\n|-weather|Sandstorm|[upkeep]\n|-damage|p1a: Lopunny|0 fnt|[from] Sandstorm\n|faint|p1a: Lopunny\n|upkeep\n|\n|t:|1699756745\n|switch|p1a: Sneasler|Sneasler, F|100\/100\n|-enditem|p1a: Sneasler|Electric Seed\n|-boost|p1a: Sneasler|def|1|[from] item: Electric Seed\n|turn|8\n|\n|t:|1699756753\n|switch|p2a: Landorus|Landorus-Therian, M|88\/100\n|-damage|p2a: Landorus|76\/100|[from] Stealth Rock\n|-ability|p2a: Landorus|Intimidate|boost\n|-unboost|p1a: Sneasler|atk|1\n|move|p1a: Sneasler|Close Combat|p2a: Landorus\n|-resisted|p2a: Landorus\n|-damage|p2a: Landorus|58\/100\n|-unboost|p1a: Sneasler|def|1\n|-unboost|p1a: Sneasler|spd|1\n|-damage|p1a: Sneasler|84\/100|[from] item: Rocky Helmet|[of] p2a: Landorus\n|\n|-weather|Sandstorm|[upkeep]\n|-damage|p1a: Sneasler|78\/100|[from] Sandstorm\n|-fieldend|move: Electric Terrain\n|upkeep\n|turn|9\n|\n|t:|1699756765\n|-terastallize|p1a: Sneasler|Flying\n|move|p1a: Sneasler|Swords Dance|p1a: Sneasler\n|-boost|p1a: Sneasler|atk|2\n|move|p2a: Landorus|Stealth Rock|p1a: Sneasler\n|-sidestart|p1: landiwosh|move: Stealth Rock\n|\n|-weather|Sandstorm|[upkeep]\n|-damage|p1a: Sneasler|72\/100|[from] Sandstorm\n|upkeep\n|turn|10\n|\n|t:|1699756775\n|move|p1a: Sneasler|Dire Claw|p2a: Landorus\n|-resisted|p2a: Landorus\n|-damage|p2a: Landorus|29\/100\n|-status|p2a: Landorus|psn\n|-damage|p1a: Sneasler|55\/100|[from] item: Rocky Helmet|[of] p2a: Landorus\n|move|p2a: Landorus|U-turn|p1a: Sneasler\n|-resisted|p1a: Sneasler\n|-damage|p1a: Sneasler|36\/100\n|\n|t:|1699756784\n|switch|p2a: Slowbro|Slowbro, M|100\/100|[from] U-turn\n|-damage|p2a: Slowbro|88\/100|[from] Stealth Rock\n|\n|-weather|none\n|upkeep\n|turn|11\n|\n|t:|1699756790\n|switch|p2a: Landorus|Landorus-Therian, M|29\/100 psn\n|-damage|p2a: Landorus|16\/100 psn|[from] Stealth Rock\n|-ability|p2a: Landorus|Intimidate|boost\n|-unboost|p1a: Sneasler|atk|1\n|move|p1a: Sneasler|Dire Claw|p2a: Landorus\n|-resisted|p2a: Landorus\n|-damage|p2a: Landorus|0 fnt\n|-damage|p1a: Sneasler|19\/100|[from] item: Rocky Helmet|[of] p2a: Landorus\n|faint|p2a: Landorus\n|\n|upkeep\n|\n|t:|1699756805\n|switch|p2a: Corviknight|Corviknight, F|100\/100\n|-damage|p2a: Corviknight|88\/100|[from] Stealth Rock\n|turn|12\n|\n|t:|1699756812\n|move|p1a: Sneasler|Close Combat|p2a: Corviknight\n|-damage|p2a: Corviknight|44\/100\n|-unboost|p1a: Sneasler|def|1\n|-unboost|p1a: Sneasler|spd|1\n|-damage|p1a: Sneasler|3\/100|[from] item: Rocky Helmet|[of] p2a: Corviknight\n|move|p2a: Corviknight|Body Press|p1a: Sneasler\n|-resisted|p1a: Sneasler\n|-damage|p1a: Sneasler|0 fnt\n|faint|p1a: Sneasler\n|\n|upkeep\n|\n|t:|1699756820\n|switch|p1a: Tapu Koko|Tapu Koko|100\/100\n|-damage|p1a: Tapu Koko|88\/100|[from] Stealth Rock\n|-fieldstart|move: Electric Terrain|[from] ability: Electric Surge|[of] p1a: Tapu Koko\n|turn|13\n|\n|t:|1699756826\n|move|p1a: Tapu Koko|Thunderbolt|p2a: Corviknight\n|-supereffective|p2a: Corviknight\n|-damage|p2a: Corviknight|0 fnt\n|faint|p2a: Corviknight\n|\n|upkeep\n|\n|t:|1699756830\n|switch|p2a: Tapu Koko|Tapu Koko|100\/100\n|-damage|p2a: Tapu Koko|88\/100|[from] Stealth Rock\n|turn|14\n|\n|t:|1699756838\n|switch|p1a: Volcanion|Volcanion|18\/100\n|-zpower|p2a: Tapu Koko\n|move|p2a: Tapu Koko|Gigavolt Havoc|p1a: Volcanion|[zeffect]\n|-supereffective|p1a: Volcanion\n|-damage|p1a: Volcanion|0 fnt\n|faint|p1a: Volcanion\n|\n|upkeep\n|\n|t:|1699756852\n|switch|p1a: Zapdos|Zapdos|76\/100 tox\n|-damage|p1a: Zapdos|51\/100 tox|[from] Stealth Rock\n|turn|15\n|\n|t:|1699756857\n|move|p2a: Tapu Koko|Thunderbolt|p1a: Zapdos\n|-damage|p1a: Zapdos|0 fnt\n|faint|p1a: Zapdos\n|\n|upkeep\n|\n|t:|1699756859\n|switch|p1a: Tapu Koko|Tapu Koko|88\/100\n|-damage|p1a: Tapu Koko|76\/100|[from] Stealth Rock\n|turn|16\n|\n|t:|1699756864\n|move|p2a: Tapu Koko|Dazzling Gleam|p1a: Tapu Koko\n|-damage|p1a: Tapu Koko|26\/100\n|move|p1a: Tapu Koko|Thunderbolt|p2a: Tapu Koko\n|-resisted|p2a: Tapu Koko\n|-damage|p2a: Tapu Koko|33\/100\n|\n|upkeep\n|turn|17\n|\n|t:|1699756870\n|move|p1a: Tapu Koko|Thunderbolt|p2a: Tapu Koko\n|-resisted|p2a: Tapu Koko\n|-damage|p2a: Tapu Koko|0 fnt\n|faint|p2a: Tapu Koko\n|\n|-fieldend|move: Electric Terrain\n|upkeep\n|\n|t:|1699756876\n|switch|p2a: Arcanine|Arcanine-Hisui, F|100\/100\n|-damage|p2a: Arcanine|75\/100|[from] Stealth Rock\n|turn|18\n|\n|t:|1699756881\n|-terastallize|p2a: Arcanine|Normal\n|move|p2a: Arcanine|Extreme Speed|p1a: Tapu Koko\n|-damage|p1a: Tapu Koko|0 fnt\n|faint|p1a: Tapu Koko\n|\n|win|snivy ye \u53f6\u86c7\n|raw|landiwosh's rating: 1612 &rarr; <strong>1603<\/strong><br \/>(-9 for losing)\n|raw|snivy ye \u53f6\u86c7's rating: 1819 &rarr; <strong>1828<\/strong><br \/>(+9 for winning)\n|l|\u2606landiwosh\n|l|\u2606snivy ye \u53f6\u86c7\n|l| czcyf\n|j|\u2606snivy ye \u53f6\u86c7\n|player|p2|snivy ye \u53f6\u86c7|winona\n","uploadtime":1699756986,"views":8,"p1id":"landiwosh","p2id":"snivyye","formatid":"gen9nationaldex","rating":1603,"private":0,"password":""}