{"id":"gen9nationaldex-1995431829","p1":"firepunch917","p2":"baigu2","format":"[Gen 9] National Dex","log":"|html|<div class=\"broadcast-blue\"><strong>[Gen 9] National Dex is currently suspecting Sneasler! For information on how to participate check out the <a href=\"https:\/\/www.smogon.com\/forums\/threads\/sv-national-dex-suspect-8-just-dance.3731534\/\">suspect thread<\/a>.<\/strong><\/div>\n|j|\u2606firepunch917\n|j|\u2606baigu2\n|t:|1700570001\n|gametype|singles\n|player|p1|firepunch917|266|1814\n|player|p2|baigu2|101|1746\n|teamsize|p1|6\n|teamsize|p2|6\n|gen|9\n|tier|[Gen 9] National Dex\n|rated|\n|rule|HP Percentage Mod: HP is shown in percentages\n|rule|Endless Battle Clause: Forcing endless battles is banned\n|rule|OHKO Clause: OHKO moves are banned\n|rule|Evasion Clause: Evasion abilities, items, and moves are banned\n|rule|Evasion Abilities Clause: Evasion abilities are banned\n|rule|Evasion Items Clause: Evasion items are banned\n|rule|Evasion Moves Clause: Evasion moves are banned\n|rule|Species Clause: Limit one of each Pok\u00e9mon\n|rule|Sleep Clause Mod: Limit one foe put to sleep\n|clearpoke\n|poke|p1|Alomomola, M|\n|poke|p1|Gliscor, F|\n|poke|p1|Ampharos, F|\n|poke|p1|Garganacl, F|\n|poke|p1|Hoopa-Unbound|\n|poke|p1|Moltres|\n|poke|p2|Ursaluna, M|\n|poke|p2|Dragonite, M|\n|poke|p2|Slowking, F|\n|poke|p2|Tapu Koko|\n|poke|p2|Hoopa-Unbound|\n|poke|p2|Great Tusk|\n|teampreview\n|\n|t:|1700570015\n|start\n|switch|p1a: Ampharos|Ampharos, F|100\/100\n|switch|p2a: Tapu Koko|Tapu Koko|100\/100\n|-fieldstart|move: Electric Terrain|[from] ability: Electric Surge|[of] p2a: Tapu Koko\n|turn|1\n|\n|t:|1700570019\n|move|p2a: Tapu Koko|U-turn|p1a: Ampharos\n|-damage|p1a: Ampharos|84\/100\n|\n|t:|1700570022\n|switch|p2a: Ursaluna|Ursaluna, M|100\/100|[from] U-turn\n|move|p1a: Ampharos|Toxic|p2a: Ursaluna\n|-status|p2a: Ursaluna|tox\n|\n|-damage|p2a: Ursaluna|94\/100 tox|[from] psn\n|upkeep\n|turn|2\n|\n|t:|1700570031\n|switch|p1a: Moltres|Moltres|100\/100\n|-terastallize|p2a: Ursaluna|Normal\n|move|p2a: Ursaluna|Facade|p1a: Moltres\n|-damage|p1a: Moltres|0 fnt\n|faint|p1a: Moltres\n|\n|-damage|p2a: Ursaluna|82\/100 tox|[from] psn\n|upkeep\n|\n|t:|1700570038\n|switch|p1a: Hoopa|Hoopa-Unbound|100\/100\n|turn|3\n|\n|t:|1700570041\n|switch|p2a: Tapu Koko|Tapu Koko|100\/100\n|-terastallize|p1a: Hoopa|Dark\n|move|p1a: Hoopa|Hyperspace Fury|p2a: Tapu Koko\n|-resisted|p2a: Tapu Koko\n|-damage|p2a: Tapu Koko|19\/100\n|-unboost|p1a: Hoopa|def|1\n|\n|upkeep\n|turn|4\n|\n|t:|1700570045\n|switch|p1a: Gliscor|Gliscor, F|100\/100\n|move|p2a: Tapu Koko|U-turn|p1a: Gliscor\n|-resisted|p1a: Gliscor\n|-damage|p1a: Gliscor|94\/100\n|\n|t:|1700570050\n|switch|p2a: Ursaluna|Ursaluna, M, tera:Normal|82\/100 tox|[from] U-turn\n|\n|-damage|p2a: Ursaluna|75\/100 tox|[from] psn\n|-status|p1a: Gliscor|tox|[from] item: Toxic Orb\n|upkeep\n|turn|5\n|\n|t:|1700570054\n|move|p1a: Gliscor|Protect|p1a: Gliscor\n|-singleturn|p1a: Gliscor|Protect\n|move|p2a: Ursaluna|Facade|p1a: Gliscor\n|-activate|p1a: Gliscor|move: Protect\n|\n|-heal|p1a: Gliscor|100\/100 tox|[from] ability: Poison Heal\n|-damage|p2a: Ursaluna|63\/100 tox|[from] psn\n|-fieldend|move: Electric Terrain\n|upkeep\n|turn|6\n|\n|t:|1700570060\n|switch|p1a: Garganacl|Garganacl, F|100\/100\n|move|p2a: Ursaluna|Facade|p1a: Garganacl\n|-resisted|p1a: Garganacl\n|-damage|p1a: Garganacl|58\/100\n|\n|-heal|p1a: Garganacl|64\/100|[from] item: Leftovers\n|-damage|p2a: Ursaluna|44\/100 tox|[from] psn\n|upkeep\n|turn|7\n|\n|t:|1700570065\n|switch|p2a: Great Tusk|Great Tusk|100\/100\n|move|p1a: Garganacl|Protect||[still]\n|-fail|p1a: Garganacl\n|\n|-heal|p1a: Garganacl|70\/100|[from] item: Leftovers\n|upkeep\n|turn|8\n|\n|t:|1700570070\n|switch|p1a: Alomomola|Alomomola, M|100\/100\n|move|p2a: Great Tusk|Stealth Rock|p1a: Alomomola\n|-sidestart|p1: firepunch917|move: Stealth Rock\n|\n|upkeep\n|turn|9\n|\n|t:|1700570076\n|-end|p2a: Great Tusk|Protosynthesis|[silent]\n|switch|p2a: Hoopa|Hoopa-Unbound|100\/100\n|move|p1a: Alomomola|Flip Turn|p2a: Hoopa\n|-damage|p2a: Hoopa|69\/100\n|\n|t:|1700570081\n|switch|p1a: Hoopa|Hoopa-Unbound, tera:Dark|100\/100|[from] Flip Turn\n|-damage|p1a: Hoopa|88\/100|[from] Stealth Rock\n|\n|upkeep\n|turn|10\n|\n|t:|1700570091\n|switch|p2a: Dragonite|Dragonite, M|100\/100\n|move|p1a: Hoopa|Hyperspace Fury|p2a: Dragonite\n|-damage|p2a: Dragonite|40\/100\n|-unboost|p1a: Hoopa|def|1\n|\n|upkeep\n|turn|11\n|\n|t:|1700570095\n|switch|p1a: Alomomola|Alomomola, M|100\/100\n|move|p2a: Dragonite|Extreme Speed|p1a: Alomomola\n|-damage|p1a: Alomomola|74\/100\n|\n|upkeep\n|turn|12\n|\n|t:|1700570098\n|switch|p2a: Slowking|Slowking, F|100\/100\n|move|p1a: Alomomola|Flip Turn|p2a: Slowking\n|-resisted|p2a: Slowking\n|-damage|p2a: Slowking|93\/100\n|\n|t:|1700570101\n|switch|p1a: Hoopa|Hoopa-Unbound, tera:Dark|88\/100|[from] Flip Turn\n|-damage|p1a: Hoopa|76\/100|[from] Stealth Rock\n|\n|upkeep\n|turn|13\n|\n|t:|1700570106\n|switch|p2a: Great Tusk|Great Tusk|100\/100\n|move|p1a: Hoopa|Hyperspace Fury|p2a: Great Tusk\n|-resisted|p2a: Great Tusk\n|-damage|p2a: Great Tusk|65\/100\n|-unboost|p1a: Hoopa|def|1\n|\n|upkeep\n|turn|14\n|\n|t:|1700570110\n|switch|p1a: Gliscor|Gliscor, F|100\/100 tox\n|-damage|p1a: Gliscor|88\/100 tox|[from] Stealth Rock\n|move|p2a: Great Tusk|Ice Spinner|p1a: Gliscor\n|-supereffective|p1a: Gliscor\n|-damage|p1a: Gliscor|0 fnt\n|faint|p1a: Gliscor\n|\n|upkeep\n|\n|t:|1700570114\n|switch|p1a: Alomomola|Alomomola, M|100\/100\n|turn|15\n|\n|t:|1700570124\n|move|p2a: Great Tusk|Ice Spinner|p1a: Alomomola\n|-resisted|p1a: Alomomola\n|-damage|p1a: Alomomola|93\/100\n|move|p1a: Alomomola|Toxic|p2a: Great Tusk\n|-status|p2a: Great Tusk|tox\n|\n|-damage|p2a: Great Tusk|59\/100 tox|[from] psn\n|upkeep\n|turn|16\n|\n|t:|1700570130\n|-end|p2a: Great Tusk|Protosynthesis|[silent]\n|switch|p2a: Hoopa|Hoopa-Unbound|69\/100\n|move|p1a: Alomomola|Flip Turn|p2a: Hoopa\n|-damage|p2a: Hoopa|37\/100\n|\n|t:|1700570132\n|switch|p1a: Hoopa|Hoopa-Unbound, tera:Dark|76\/100|[from] Flip Turn\n|-damage|p1a: Hoopa|64\/100|[from] Stealth Rock\n|\n|upkeep\n|turn|17\n|\n|t:|1700570138\n|switch|p2a: Great Tusk|Great Tusk|59\/100 tox\n|move|p1a: Hoopa|Hyperspace Fury|p2a: Great Tusk\n|-resisted|p2a: Great Tusk\n|-damage|p2a: Great Tusk|22\/100 tox\n|-unboost|p1a: Hoopa|def|1\n|\n|-damage|p2a: Great Tusk|16\/100 tox|[from] psn\n|upkeep\n|turn|18\n|\n|t:|1700570144\n|switch|p1a: Alomomola|Alomomola, M|100\/100\n|move|p2a: Great Tusk|Headlong Rush|p1a: Alomomola\n|-damage|p1a: Alomomola|63\/100\n|-unboost|p2a: Great Tusk|def|1\n|-unboost|p2a: Great Tusk|spd|1\n|\n|-damage|p2a: Great Tusk|3\/100 tox|[from] psn\n|upkeep\n|turn|19\n|\n|t:|1700570151\n|-end|p2a: Great Tusk|Protosynthesis|[silent]\n|switch|p2a: Slowking|Slowking, F|100\/100\n|move|p1a: Alomomola|Flip Turn|p2a: Slowking\n|-resisted|p2a: Slowking\n|-damage|p2a: Slowking|92\/100\n|\n|t:|1700570155\n|switch|p1a: Hoopa|Hoopa-Unbound, tera:Dark|64\/100|[from] Flip Turn\n|-damage|p1a: Hoopa|51\/100|[from] Stealth Rock\n|\n|upkeep\n|turn|20\n|\n|t:|1700570159\n|switch|p2a: Great Tusk|Great Tusk|3\/100 tox\n|move|p1a: Hoopa|Hyperspace Fury|p2a: Great Tusk\n|-resisted|p2a: Great Tusk\n|-damage|p2a: Great Tusk|0 fnt\n|-unboost|p1a: Hoopa|def|1\n|faint|p2a: Great Tusk\n|-end|p2a: Great Tusk|Protosynthesis|[silent]\n|\n|upkeep\n|\n|t:|1700570165\n|switch|p2a: Dragonite|Dragonite, M|40\/100\n|turn|21\n|\n|t:|1700570175\n|switch|p1a: Alomomola|Alomomola, M|96\/100\n|move|p2a: Dragonite|Outrage|p1a: Alomomola\n|-damage|p1a: Alomomola|38\/100\n|\n|upkeep\n|turn|22\n|\n|t:|1700570183\n|switch|p1a: Ampharos|Ampharos, F|84\/100\n|-damage|p1a: Ampharos|71\/100|[from] Stealth Rock\n|move|p2a: Dragonite|Outrage|p1a: Ampharos|[from]lockedmove\n|-damage|p1a: Ampharos|0 fnt\n|-status|p2a: Dragonite|par|[from] ability: Static|[of] p1a: Ampharos\n|faint|p1a: Ampharos\n|-start|p2a: Dragonite|confusion|[fatigue]\n|\n|upkeep\n|\n|t:|1700570187\n|switch|p1a: Hoopa|Hoopa-Unbound, tera:Dark|51\/100\n|-damage|p1a: Hoopa|39\/100|[from] Stealth Rock\n|turn|23\n|\n|t:|1700570193\n|switch|p2a: Ursaluna|Ursaluna, M, tera:Normal|44\/100 tox\n|move|p1a: Hoopa|Hyperspace Fury|p2a: Ursaluna\n|-damage|p2a: Ursaluna|0 fnt\n|-unboost|p1a: Hoopa|def|1\n|faint|p2a: Ursaluna\n|\n|upkeep\n|\n|t:|1700570200\n|switch|p2a: Dragonite|Dragonite, M|40\/100 par\n|turn|24\n|\n|t:|1700570204\n|switch|p1a: Alomomola|Alomomola, M|71\/100\n|switch|p2a: Tapu Koko|Tapu Koko|19\/100\n|-fieldstart|move: Electric Terrain|[from] ability: Electric Surge|[of] p2a: Tapu Koko\n|\n|upkeep\n|turn|25\n|\n|t:|1700570209\n|move|p1a: Alomomola|Protect|p1a: Alomomola\n|-singleturn|p1a: Alomomola|Protect\n|move|p2a: Tapu Koko|Thunderbolt|p1a: Alomomola\n|-activate|p1a: Alomomola|move: Protect\n|\n|upkeep\n|turn|26\n|\n|t:|1700570214\n|switch|p1a: Garganacl|Garganacl, F|70\/100\n|-damage|p1a: Garganacl|58\/100|[from] Stealth Rock\n|move|p2a: Tapu Koko|Thunderbolt|p1a: Garganacl\n|-damage|p1a: Garganacl|0 fnt\n|faint|p1a: Garganacl\n|\n|upkeep\n|\n|t:|1700570217\n|switch|p1a: Hoopa|Hoopa-Unbound, tera:Dark|39\/100\n|-damage|p1a: Hoopa|27\/100|[from] Stealth Rock\n|turn|27\n|\n|t:|1700570223\n|switch|p2a: Slowking|Slowking, F|100\/100\n|move|p1a: Hoopa|Hyperspace Fury|p2a: Slowking\n|-supereffective|p2a: Slowking\n|-damage|p2a: Slowking|0 fnt\n|-unboost|p1a: Hoopa|def|1\n|faint|p2a: Slowking\n|\n|upkeep\n|\n|t:|1700570229\n|switch|p2a: Dragonite|Dragonite, M|40\/100 par\n|turn|28\n|\n|t:|1700570232\n|move|p2a: Dragonite|Extreme Speed|p1a: Hoopa\n|-damage|p1a: Hoopa|0 fnt\n|faint|p1a: Hoopa\n|\n|-fieldend|move: Electric Terrain\n|upkeep\n|\n|t:|1700570234\n|switch|p1a: Alomomola|Alomomola, M|100\/100\n|turn|29\n|\n|t:|1700570237\n|switch|p2a: Hoopa|Hoopa-Unbound|37\/100\n|move|p1a: Alomomola|Flip Turn|p2a: Hoopa\n|-damage|p2a: Hoopa|4\/100\n|\n|upkeep\n|turn|30\n|\n|t:|1700570242\n|-zpower|p2a: Hoopa\n|move|p2a: Hoopa|All-Out Pummeling|p1a: Alomomola|[zeffect]\n|-damage|p1a: Alomomola|0 fnt\n|faint|p1a: Alomomola\n|\n|win|baigu2\n|raw|firepunch917's rating: 1814 &rarr; <strong>1790<\/strong><br \/>(-24 for losing)\n|raw|baigu2's rating: 1746 &rarr; <strong>1770<\/strong><br \/>(+24 for winning)\n","uploadtime":1700570245,"views":0,"p1id":"firepunch917","p2id":"baigu2","formatid":"gen9nationaldex","rating":1770,"private":0,"password":""}