{"id":"gen9nationaldex-1992819542","p1":"Blastoisman96","p2":"Toon B.D.G.","format":"[Gen 9] National Dex","log":"|j|\u2606Blastoisman96\n|j|\u2606Toon B.D.G.\n|t:|1700238225\n|gametype|singles\n|player|p1|Blastoisman96|thorton|1032\n|player|p2|Toon B.D.G.|ash|1126\n|teamsize|p1|6\n|teamsize|p2|6\n|gen|9\n|tier|[Gen 9] National Dex\n|rated|\n|rule|HP Percentage Mod: HP is shown in percentages\n|rule|Endless Battle Clause: Forcing endless battles is banned\n|rule|OHKO Clause: OHKO moves are banned\n|rule|Evasion Clause: Evasion abilities, items, and moves are banned\n|rule|Evasion Abilities Clause: Evasion abilities are banned\n|rule|Evasion Items Clause: Evasion items are banned\n|rule|Evasion Moves Clause: Evasion moves are banned\n|rule|Species Clause: Limit one of each Pok\u00e9mon\n|rule|Sleep Clause Mod: Limit one foe put to sleep\n|clearpoke\n|poke|p1|Blastoise, M|\n|poke|p1|Zebstrika, M|\n|poke|p1|Hydreigon, F|\n|poke|p1|Glaceon, F|\n|poke|p1|Steelix, M|\n|poke|p1|Aerodactyl, M|\n|poke|p2|Salazzle, F|\n|poke|p2|Thundurus-Therian, M|\n|poke|p2|Hippowdon, M|\n|poke|p2|Kommo-o, M|\n|poke|p2|Ninetales-Alola, M|\n|poke|p2|Ogerpon-Wellspring, F|\n|teampreview\n|\n|t:|1700238250\n|start\n|switch|p1a: Glaceon|Glaceon, F|100\/100\n|switch|p2a: Hippowdon|Hippowdon, M|100\/100\n|-weather|Sandstorm|[from] ability: Sand Stream|[of] p2a: Hippowdon\n|turn|1\n|inactive|Battle timer is ON: inactive players will automatically lose when time's up. (requested by Toon B.D.G.)\n|\n|t:|1700238262\n|switch|p1a: Steelix|Steelix, M|100\/100\n|move|p2a: Hippowdon|Stealth Rock|p1a: Steelix\n|-sidestart|p1: Blastoisman96|move: Stealth Rock\n|\n|-weather|Sandstorm|[upkeep]\n|upkeep\n|turn|2\n|\n|t:|1700238272\n|move|p2a: Hippowdon|Yawn|p1a: Steelix\n|-start|p1a: Steelix|move: Yawn|[of] p2a: Hippowdon\n|move|p1a: Steelix|Gyro Ball|p2a: Hippowdon\n|-damage|p2a: Hippowdon|90\/100\n|-damage|p1a: Steelix|84\/100|[from] item: Rocky Helmet|[of] p2a: Hippowdon\n|\n|-weather|Sandstorm|[upkeep]\n|upkeep\n|turn|3\n|\n|t:|1700238284\n|move|p2a: Hippowdon|Body Press|p1a: Steelix\n|-supereffective|p1a: Steelix\n|-damage|p1a: Steelix|55\/100\n|move|p1a: Steelix|Dragon Tail|p2a: Hippowdon|[miss]\n|-miss|p1a: Steelix|p2a: Hippowdon\n|\n|-weather|Sandstorm|[upkeep]\n|-end|p1a: Steelix|move: Yawn|[silent]\n|-status|p1a: Steelix|slp\n|upkeep\n|-enditem|p1a: Steelix|Chesto Berry|[eat]\n|-curestatus|p1a: Steelix|slp|[msg]\n|turn|4\n|\n|t:|1700238296\n|move|p2a: Hippowdon|Yawn|p1a: Steelix\n|-start|p1a: Steelix|move: Yawn|[of] p2a: Hippowdon\n|move|p1a: Steelix|Dragon Tail|p2a: Hippowdon\n|-damage|p2a: Hippowdon|81\/100\n|-damage|p1a: Steelix|39\/100|[from] item: Rocky Helmet|[of] p2a: Hippowdon\n|drag|p2a: Thundurus|Thundurus-Therian, M|100\/100\n|\n|-weather|Sandstorm|[upkeep]\n|-damage|p2a: Thundurus|94\/100|[from] Sandstorm\n|upkeep\n|turn|5\n|\n|t:|1700238313\n|move|p2a: Thundurus|Hidden Power|p1a: Steelix\n|-damage|p1a: Steelix|0 fnt\n|faint|p1a: Steelix\n|-damage|p2a: Thundurus|85\/100|[from] item: Life Orb\n|\n|-weather|none\n|upkeep\n|inactive|Blastoisman96 has 120 seconds left.\n|\n|t:|1700238334\n|switch|p1a: Glaceon|Glaceon, F|100\/100\n|-damage|p1a: Glaceon|75\/100|[from] Stealth Rock\n|turn|6\n|\n|t:|1700238340\n|move|p2a: Thundurus|Volt Switch|p1a: Glaceon\n|-damage|p1a: Glaceon|25\/100\n|-damage|p2a: Thundurus|75\/100|[from] item: Life Orb\n|\n|t:|1700238346\n|switch|p2a: Ninetales|Ninetales-Alola, M|100\/100|[from] Volt Switch\n|-weather|Snow|[from] ability: Snow Warning|[of] p2a: Ninetales\n|move|p1a: Glaceon|Ice Beam|p2a: Ninetales\n|-resisted|p2a: Ninetales\n|-damage|p2a: Ninetales|79\/100\n|\n|-weather|Snow|[upkeep]\n|-heal|p1a: Glaceon|32\/100|[from] ability: Ice Body\n|-heal|p1a: Glaceon|38\/100|[from] item: Leftovers\n|upkeep\n|turn|7\n|\n|t:|1700238359\n|move|p1a: Glaceon|Protect|p1a: Glaceon\n|-singleturn|p1a: Glaceon|Protect\n|move|p2a: Ninetales|Aurora Veil|p2a: Ninetales\n|-sidestart|p2: Toon B.D.G.|move: Aurora Veil\n|\n|-weather|Snow|[upkeep]\n|-heal|p1a: Glaceon|44\/100|[from] ability: Ice Body\n|-heal|p1a: Glaceon|50\/100|[from] item: Leftovers\n|upkeep\n|turn|8\n|\n|t:|1700238376\n|move|p2a: Ninetales|Freeze-Dry|p1a: Glaceon\n|-resisted|p1a: Glaceon\n|-damage|p1a: Glaceon|42\/100\n|move|p1a: Glaceon|Wish|p1a: Glaceon\n|\n|-weather|Snow|[upkeep]\n|-heal|p1a: Glaceon|48\/100|[from] ability: Ice Body\n|-heal|p1a: Glaceon|54\/100|[from] item: Leftovers\n|upkeep\n|turn|9\n|\n|t:|1700238383\n|switch|p2a: Salazzle|Salazzle, F|100\/100\n|move|p1a: Glaceon|Work Up|p1a: Glaceon\n|-boost|p1a: Glaceon|atk|1\n|-boost|p1a: Glaceon|spa|1\n|\n|-weather|Snow|[upkeep]\n|-heal|p1a: Glaceon|60\/100|[from] ability: Ice Body\n|-heal|p1a: Glaceon|100\/100|[from] move: Wish|[wisher] Glaceon\n|upkeep\n|turn|10\n|\n|t:|1700238395\n|move|p2a: Salazzle|Flamethrower|p1a: Glaceon\n|-supereffective|p1a: Glaceon\n|-damage|p1a: Glaceon|20\/100\n|move|p1a: Glaceon|Ice Beam|p2a: Salazzle\n|-resisted|p2a: Salazzle\n|-damage|p2a: Salazzle|68\/100\n|\n|-weather|none\n|-heal|p1a: Glaceon|27\/100|[from] item: Leftovers\n|upkeep\n|turn|11\n|\n|t:|1700238411\n|move|p1a: Glaceon|Protect|p1a: Glaceon\n|-singleturn|p1a: Glaceon|Protect\n|move|p2a: Salazzle|Flamethrower|p1a: Glaceon\n|-activate|p1a: Glaceon|move: Protect\n|\n|-heal|p1a: Glaceon|33\/100|[from] item: Leftovers\n|upkeep\n|turn|12\n|\n|t:|1700238422\n|switch|p1a: Blastoise|Blastoise, M|100\/100\n|-damage|p1a: Blastoise|88\/100|[from] Stealth Rock\n|move|p2a: Salazzle|Flamethrower|p1a: Blastoise\n|-resisted|p1a: Blastoise\n|-damage|p1a: Blastoise|75\/100\n|\n|-heal|p1a: Blastoise|81\/100|[from] item: Leftovers\n|upkeep\n|turn|13\n|\n|t:|1700238433\n|move|p2a: Salazzle|Toxic|p1a: Blastoise\n|-status|p1a: Blastoise|tox\n|move|p1a: Blastoise|Rapid Spin|p2a: Salazzle\n|-damage|p2a: Salazzle|61\/100\n|-boost|p1a: Blastoise|spe|1\n|-sideend|p1: Blastoisman96|Stealth Rock|[from] move: Rapid Spin|[of] p1a: Blastoise\n|\n|-heal|p1a: Blastoise|88\/100 tox|[from] item: Leftovers\n|-damage|p1a: Blastoise|81\/100 tox|[from] psn\n|upkeep\n|turn|14\n|\n|t:|1700238443\n|move|p2a: Salazzle|Sludge Bomb|p1a: Blastoise\n|-damage|p1a: Blastoise|54\/100 tox\n|move|p1a: Blastoise|Scald|p2a: Salazzle\n|-supereffective|p2a: Salazzle\n|-damage|p2a: Salazzle|19\/100\n|\n|-heal|p1a: Blastoise|60\/100 tox|[from] item: Leftovers\n|-damage|p1a: Blastoise|48\/100 tox|[from] psn\n|-sideend|p2: Toon B.D.G.|move: Aurora Veil\n|upkeep\n|turn|15\n|\n|t:|1700238452\n|switch|p2a: Ogerpon|Ogerpon-Wellspring, F|100\/100\n|move|p1a: Blastoise|Scald|p2a: Ogerpon\n|-immune|p2a: Ogerpon|[from] ability: Water Absorb\n|\n|-heal|p1a: Blastoise|54\/100 tox|[from] item: Leftovers\n|-damage|p1a: Blastoise|36\/100 tox|[from] psn\n|upkeep\n|turn|16\n|\n|t:|1700238465\n|move|p2a: Ogerpon|Trailblaze|p1a: Blastoise\n|-supereffective|p1a: Blastoise\n|-damage|p1a: Blastoise|0 fnt\n|-boost|p2a: Ogerpon|spe|1\n|faint|p1a: Blastoise\n|\n|upkeep\n|\n|t:|1700238477\n|switch|p1a: Zebstrika|Zebstrika, M, shiny|100\/100\n|turn|17\n|\n|t:|1700238485\n|switch|p2a: Thundurus|Thundurus-Therian, M|75\/100\n|move|p1a: Zebstrika|Wild Charge|p2a: Thundurus\n|-heal|p2a: Thundurus|99\/100|[from] ability: Volt Absorb|[of] p1a: Zebstrika\n|\n|upkeep\n|turn|18\n|\n|t:|1700238499\n|switch|p1a: Aerodactyl|Aerodactyl, M|100\/100\n|move|p2a: Thundurus|Hidden Power|p1a: Aerodactyl\n|-supereffective|p1a: Aerodactyl\n|-damage|p1a: Aerodactyl|19\/100\n|-damage|p2a: Thundurus|90\/100|[from] item: Life Orb\n|\n|upkeep\n|turn|19\n|\n|t:|1700238515\n|move|p1a: Aerodactyl|Smack Down|p2a: Thundurus\n|-supereffective|p2a: Thundurus\n|-damage|p2a: Thundurus|0 fnt\n|faint|p2a: Thundurus\n|-damage|p1a: Aerodactyl|9\/100|[from] item: Life Orb\n|\n|upkeep\n|\n|t:|1700238522\n|switch|p2a: Kommo-o|Kommo-o, M|100\/100\n|turn|20\n|\n|t:|1700238529\n|move|p1a: Aerodactyl|Aerial Ace|p2a: Kommo-o\n|-supereffective|p2a: Kommo-o\n|-damage|p2a: Kommo-o|32\/100\n|-damage|p1a: Aerodactyl|0 fnt|[from] item: Life Orb\n|faint|p1a: Aerodactyl\n|move|p2a: Kommo-o|Boomburst|p1: Aerodactyl|[notarget]\n|-fail|p2a: Kommo-o\n|\n|upkeep\n|\n|t:|1700238544\n|switch|p1a: Zebstrika|Zebstrika, M, shiny|100\/100\n|turn|21\n|\n|t:|1700238559\n|move|p1a: Zebstrika|Wild Charge|p2a: Kommo-o\n|-resisted|p2a: Kommo-o\n|-damage|p2a: Kommo-o|2\/100\n|-damage|p1a: Zebstrika|93\/100|[from] Recoil\n|move|p2a: Kommo-o|Clanging Scales|p1a: Zebstrika\n|-damage|p1a: Zebstrika|11\/100\n|-unboost|p2a: Kommo-o|def|1\n|-enditem|p2a: Kommo-o|Throat Spray\n|-boost|p2a: Kommo-o|spa|1|[from] item: Throat Spray\n|\n|upkeep\n|turn|22\n|\n|t:|1700238571\n|move|p1a: Zebstrika|Wild Charge|p2a: Kommo-o\n|-resisted|p2a: Kommo-o\n|-damage|p2a: Kommo-o|0 fnt\n|faint|p2a: Kommo-o\n|-damage|p1a: Zebstrika|11\/100|[from] Recoil\n|\n|upkeep\n|\n|t:|1700238582\n|switch|p2a: Ogerpon|Ogerpon-Wellspring, F|100\/100\n|turn|23\n|\n|t:|1700238589\n|switch|p1a: Glaceon|Glaceon, F|33\/100\n|move|p2a: Ogerpon|Trailblaze|p1a: Glaceon\n|-damage|p1a: Glaceon|0 fnt\n|-boost|p2a: Ogerpon|spe|1\n|faint|p1a: Glaceon\n|\n|upkeep\n|\n|t:|1700238607\n|switch|p1a: Zebstrika|Zebstrika, M, shiny|11\/100\n|turn|24\n|\n|t:|1700238612\n|-terastallize|p2a: Ogerpon|Water\n|detailschange|p2a: Ogerpon|Ogerpon-Wellspring-Tera, F, tera:Water\n|-ability|p2a: Ogerpon|Embody Aspect (Wellspring)|boost\n|-boost|p2a: Ogerpon|spd|1\n|move|p2a: Ogerpon|Trailblaze|p1a: Zebstrika\n|-ability|p1a: Zebstrika|Sap Sipper|boost\n|-boost|p1a: Zebstrika|atk|1\n|move|p1a: Zebstrika|Wild Charge|p2a: Ogerpon\n|-supereffective|p2a: Ogerpon\n|-damage|p2a: Ogerpon|0 fnt\n|faint|p2a: Ogerpon\n|-damage|p1a: Zebstrika|0 fnt|[from] Recoil\n|faint|p1a: Zebstrika\n|\n|upkeep\n|\n|t:|1700238625\n|switch|p2a: Ninetales|Ninetales-Alola, M|79\/100\n|switch|p1a: Hydreigon|Hydreigon, F|100\/100\n|-weather|Snow|[from] ability: Snow Warning|[of] p2a: Ninetales\n|turn|25\n|\n|t:|1700238630\n|move|p2a: Ninetales|Freeze-Dry|p1a: Hydreigon\n|-supereffective|p1a: Hydreigon\n|-damage|p1a: Hydreigon|54\/100\n|move|p1a: Hydreigon|Flamethrower|p2a: Ninetales\n|-supereffective|p2a: Ninetales\n|-damage|p2a: Ninetales|0 fnt\n|faint|p2a: Ninetales\n|\n|-weather|Snow|[upkeep]\n|upkeep\n|\n|t:|1700238637\n|switch|p2a: Hippowdon|Hippowdon, M|81\/100\n|-weather|Sandstorm|[from] ability: Sand Stream|[of] p2a: Hippowdon\n|turn|26\n|\n|t:|1700238642\n|move|p1a: Hydreigon|Flamethrower|p2a: Hippowdon\n|-damage|p2a: Hippowdon|27\/100\n|move|p2a: Hippowdon|Yawn|p1a: Hydreigon\n|-start|p1a: Hydreigon|move: Yawn|[of] p2a: Hippowdon\n|\n|-weather|Sandstorm|[upkeep]\n|-damage|p1a: Hydreigon|48\/100|[from] Sandstorm\n|upkeep\n|turn|27\n|\n|t:|1700238653\n|move|p1a: Hydreigon|Flamethrower|p2a: Hippowdon\n|-damage|p2a: Hippowdon|0 fnt\n|faint|p2a: Hippowdon\n|\n|-weather|Sandstorm|[upkeep]\n|-damage|p1a: Hydreigon|42\/100|[from] Sandstorm\n|-end|p1a: Hydreigon|move: Yawn|[silent]\n|-status|p1a: Hydreigon|slp\n|upkeep\n|\n|t:|1700238655\n|switch|p2a: Salazzle|Salazzle, F|19\/100\n|turn|28\n|\n|t:|1700238662\n|move|p2a: Salazzle|Sludge Bomb|p1a: Hydreigon\n|-damage|p1a: Hydreigon|0 fnt\n|faint|p1a: Hydreigon\n|\n|win|Toon B.D.G.\n|raw|Blastoisman96's rating: 1032 &rarr; <strong>1021<\/strong><br \/>(-11 for losing)\n|raw|Toon B.D.G.'s rating: 1126 &rarr; <strong>1144<\/strong><br \/>(+18 for winning)\n|c|\u2606Blastoisman96|gg\n|c|\u2606Toon B.D.G.|Gg\n","uploadtime":1700238683,"views":6,"p1id":"blastoisman96","p2id":"toonbdg","formatid":"gen9nationaldex","rating":1021,"private":0,"password":""}