{"id":"gen9nationaldex-1992544466","p1":"DracoShivam","p2":"DeathRayKPK","format":"[Gen 9] National Dex","log":"|j|\u2606DracoShivam\n|j|\u2606DeathRayKPK\n|t:|1700202968\n|gametype|singles\n|player|p1|DracoShivam|blue|\n|player|p2|DeathRayKPK|101|\n|teamsize|p1|6\n|teamsize|p2|6\n|gen|9\n|tier|[Gen 9] National Dex\n|rule|HP Percentage Mod: HP is shown in percentages\n|rule|Endless Battle Clause: Forcing endless battles is banned\n|rule|OHKO Clause: OHKO moves are banned\n|rule|Evasion Clause: Evasion abilities, items, and moves are banned\n|rule|Evasion Abilities Clause: Evasion abilities are banned\n|rule|Evasion Items Clause: Evasion items are banned\n|rule|Evasion Moves Clause: Evasion moves are banned\n|rule|Species Clause: Limit one of each Pok\u00e9mon\n|rule|Sleep Clause Mod: Limit one foe put to sleep\n|clearpoke\n|poke|p1|Ogerpon-Wellspring, F|\n|poke|p1|Samurott-Hisui, F|\n|poke|p1|Ninetales-Alola, F|\n|poke|p1|Rillaboom, M|\n|poke|p1|Hydreigon, M|\n|poke|p1|Dragonite, F|\n|poke|p2|Scizor, M|\n|poke|p2|Heatran, M|\n|poke|p2|Ferrothorn, F|\n|poke|p2|Goodra-Hisui, F|\n|poke|p2|Skarmory, M|\n|poke|p2|Kartana|\n|teampreview\n|inactive|Battle timer is ON: inactive players will automatically lose when time's up. (requested by DracoShivam)\n|c|\u2606DeathRayKPK|glhf\n|\n|t:|1700202994\n|start\n|switch|p1a: Dragonite|Dragonite, F|100\/100\n|switch|p2a: Kartana-Hisui|Kartana, shiny|100\/100\n|turn|1\n|j| Najirs\n|c| Najirs|Damn\n|c|\u2606DeathRayKPK|sike you've never met hisuian kartana before have you\n|c| Najirs|Who tf starts with kartana\n|inactive|DeathRayKPK has 270 seconds left.\n|\n|t:|1700203051\n|switch|p2a: Scizor|Scizor, M|100\/100\n|move|p1a: Dragonite|Dragon Dance|p1a: Dragonite\n|-boost|p1a: Dragonite|atk|1\n|-boost|p1a: Dragonite|spe|1\n|\n|upkeep\n|turn|2\n|\n|t:|1700203064\n|detailschange|p2a: Scizor|Scizor-Mega, M\n|-mega|p2a: Scizor|Scizor|Scizorite\n|move|p1a: Dragonite|Fire Punch|p2a: Scizor\n|-supereffective|p2a: Scizor\n|-damage|p2a: Scizor|6\/100\n|move|p2a: Scizor|Swords Dance|p2a: Scizor\n|-boost|p2a: Scizor|atk|2\n|\n|upkeep\n|turn|3\n|inactive|DeathRayKPK has 240 seconds left.\n|c|\u2606DeathRayKPK|Shreyas always told me not to use fire punch\n|c|\u2606DeathRayKPK|nice\n|\n|t:|1700203091\n|move|p2a: Scizor|Bullet Punch|p1a: Dragonite\n|-crit|p1a: Dragonite\n|-damage|p1a: Dragonite|46\/100\n|move|p1a: Dragonite|Fire Punch|p2a: Scizor\n|-supereffective|p2a: Scizor\n|-damage|p2a: Scizor|0 fnt\n|faint|p2a: Scizor\n|\n|upkeep\n|\n|t:|1700203109\n|switch|p2a: Kartana-Hisui|Kartana, shiny|100\/100\n|turn|4\n|\n|t:|1700203123\n|move|p2a: Kartana-Hisui|Smart Strike|p1a: Dragonite\n|-damage|p1a: Dragonite|0 fnt\n|faint|p1a: Dragonite\n|-ability|p2a: Kartana-Hisui|Beast Boost|boost\n|-boost|p2a: Kartana-Hisui|atk|1\n|\n|upkeep\n|c| Najirs|Why aren't you playing\n|\n|t:|1700203140\n|switch|p1a: Hydreigon|Hydreigon, M|100\/100\n|turn|5\n|c| Najirs|Oh my bad\n|inactive|DeathRayKPK has 210 seconds left.\n|c| Najirs|Sexy\n|c|\u2606DeathRayKPK|hmmm\n|c|\u2606DeathRayKPK|I'm tempted and all that\n|c| Najirs|Oh I see\n|c|\u2606DeathRayKPK|question being will hydreigon live that\n|inactive|DeathRayKPK has 180 seconds left.\n|inactive|DracoShivam has 270 seconds left.\n|c| Najirs|I know what both sides are gonna do lmao\n|inactive|DeathRayKPK has 150 seconds left.\n|\n|t:|1700203233\n|switch|p2a: Goodra|Goodra-Hisui, F|100\/100\n|-terastallize|p1a: Hydreigon|Electric\n|move|p1a: Hydreigon|Earth Power|p2a: Goodra\n|-supereffective|p2a: Goodra\n|-damage|p2a: Goodra|54\/100\n|\n|-heal|p2a: Goodra|60\/100|[from] item: Leftovers\n|upkeep\n|turn|6\n|inactive|DracoShivam has 270 seconds left.\n|c| Najirs|Nice\n|inactive|DeathRayKPK has 150 seconds left.\n|\n|t:|1700203260\n|switch|p1a: Ninetales|Ninetales-Alola, F|100\/100\n|-weather|Snow|[from] ability: Snow Warning|[of] p1a: Ninetales\n|move|p2a: Goodra|Dragon Tail|p1a: Ninetales\n|-immune|p1a: Ninetales\n|\n|-weather|Snow|[upkeep]\n|-heal|p2a: Goodra|66\/100|[from] item: Leftovers\n|upkeep\n|turn|7\n|c| Najirs|Lol\n|\n|t:|1700203276\n|move|p1a: Ninetales|Encore|p2a: Goodra\n|-start|p2a: Goodra|Encore\n|move|p2a: Goodra|Dragon Tail|p1a: Ninetales\n|-immune|p1a: Ninetales\n|\n|-weather|Snow|[upkeep]\n|-heal|p2a: Goodra|72\/100|[from] item: Leftovers\n|upkeep\n|turn|8\n|c| Najirs|Interesting\n|c| Najirs|Oof\n|c| Najirs|Worked out\n|inactive|DracoShivam has 240 seconds left.\n|\n|t:|1700203313\n|switch|p1a: Samurott|Samurott-Hisui, F|100\/100\n|switch|p2a: Skarmory|Skarmory, M|100\/100\n|\n|-weather|Snow|[upkeep]\n|upkeep\n|turn|9\n|inactive|DracoShivam has 240 seconds left.\n|\n|t:|1700203331\n|move|p1a: Samurott|Ceaseless Edge|p2a: Skarmory\n|-damage|p2a: Skarmory|75\/100\n|-damage|p1a: Samurott|84\/100|[from] item: Rocky Helmet|[of] p2a: Skarmory\n|-sidestart|p2: DeathRayKPK|Spikes\n|move|p2a: Skarmory|Body Press|p1a: Samurott\n|-supereffective|p1a: Samurott\n|-damage|p1a: Samurott|7\/100\n|\n|-weather|Snow|[upkeep]\n|upkeep\n|turn|10\n|c| Najirs|Nice\n|inactive|DeathRayKPK has 120 seconds left.\n|\n|t:|1700203356\n|switch|p1a: Rillaboom|Rillaboom, M|100\/100\n|-fieldstart|move: Grassy Terrain|[from] ability: Grassy Surge|[of] p1a: Rillaboom\n|move|p2a: Skarmory|Body Press|p1a: Rillaboom\n|-damage|p1a: Rillaboom|66\/100\n|\n|-weather|none\n|-heal|p1a: Rillaboom|72\/100|[from] Grassy Terrain\n|upkeep\n|turn|11\n|inactive|DeathRayKPK has 120 seconds left.\n|j| plasma_fistem\n|inactive|DeathRayKPK has 90 seconds left.\n|inactive|DracoShivam has 210 seconds left.\n|\n|t:|1700203406\n|move|p1a: Rillaboom|Knock Off|p2a: Skarmory\n|-damage|p2a: Skarmory|55\/100\n|-damage|p1a: Rillaboom|55\/100|[from] item: Rocky Helmet|[of] p2a: Skarmory\n|-enditem|p2a: Skarmory|Rocky Helmet|[from] move: Knock Off|[of] p1a: Rillaboom\n|move|p2a: Skarmory|Defog|p1a: Rillaboom\n|-unboost|p1a: Rillaboom|evasion|1\n|-sideend|p2: DeathRayKPK|Spikes|[from] move: Defog|[of] p2a: Skarmory\n|-fieldend|move: Grassy Terrain\n|\n|upkeep\n|turn|12\n|c| Najirs|Brother\n|c| Najirs|Timer\n|inactive|DracoShivam has 210 seconds left.\n|\n|t:|1700203420\n|switch|p1a: Ninetales|Ninetales-Alola, F|100\/100\n|-weather|Snow|[from] ability: Snow Warning|[of] p1a: Ninetales\n|move|p2a: Skarmory|Roost|p2a: Skarmory\n|-heal|p2a: Skarmory|100\/100\n|-singleturn|p2a: Skarmory|move: Roost\n|\n|-weather|Snow|[upkeep]\n|upkeep\n|turn|13\n|inactive|DeathRayKPK has 90 seconds left.\n|inactive|DracoShivam has 210 seconds left.\n|\n|t:|1700203448\n|move|p2a: Skarmory|Body Press|p1a: Ninetales\n|-damage|p1a: Ninetales|75\/100\n|move|p1a: Ninetales|Roar|p2a: Skarmory\n|drag|p2a: Goodra|Goodra-Hisui, F|72\/100\n|\n|-weather|Snow|[upkeep]\n|-heal|p2a: Goodra|78\/100|[from] item: Leftovers\n|upkeep\n|turn|14\n|c| Najirs|Nice roost\n|inactive|DeathRayKPK has 60 seconds left.\n|\n|t:|1700203469\n|move|p1a: Ninetales|Aurora Veil|p1a: Ninetales\n|-sidestart|p1: DracoShivam|move: Aurora Veil\n|move|p2a: Goodra|Flash Cannon|p1a: Ninetales\n|-supereffective|p1a: Ninetales\n|-damage|p1a: Ninetales|0 fnt\n|faint|p1a: Ninetales\n|\n|-weather|Snow|[upkeep]\n|-heal|p2a: Goodra|84\/100|[from] item: Leftovers\n|upkeep\n|c| Najirs|Mfer why did you keep the roar\n|\n|t:|1700203479\n|switch|p1a: Samurott|Samurott-Hisui, F|7\/100\n|turn|15\n|inactive|DracoShivam has 180 seconds left.\n|\n|t:|1700203519\n|switch|p2a: Skarmory|Skarmory, M|100\/100\n|-zpower|p1a: Samurott\n|move|p1a: Samurott|Tectonic Rage|p2a: Skarmory|[zeffect]\n|-immune|p2a: Skarmory\n|\n|-weather|Snow|[upkeep]\n|upkeep\n|turn|16\n|c| plasma_fistem|lmaoo\n|c| Najirs|Nice\n|c| Najirs|Insane\n|c| Najirs|What a fluke\n|c|\u2606DeathRayKPK|no I genuinely saw some fighting move coming\n|c|\u2606DeathRayKPK|or ground\n|inactive|DracoShivam has 150 seconds left.\n|c|\u2606DeathRayKPK|so I thought skarmory\n|\n|t:|1700203568\n|move|p1a: Samurott|Ceaseless Edge|p2a: Skarmory\n|-crit|p2a: Skarmory\n|-damage|p2a: Skarmory|63\/100\n|-sidestart|p2: DeathRayKPK|Spikes\n|move|p2a: Skarmory|Defog|p1a: Samurott\n|-unboost|p1a: Samurott|evasion|1\n|-sideend|p1: DracoShivam|move: Aurora Veil\n|-sideend|p2: DeathRayKPK|Spikes|[from] move: Defog|[of] p2a: Skarmory\n|\n|-weather|none\n|upkeep\n|turn|17\n|inactive|DeathRayKPK has 60 seconds left.\n|c| Najirs|Awesome defog\n|inactive|DracoShivam has 120 seconds left.\n|c| Najirs|Somehow actually worked out\n|c| Najirs|Absolutely insane\n|c|\u2606DeathRayKPK|I told you it's needed xD\n|\n|t:|1700203609\n|move|p1a: Samurott|Ceaseless Edge|p2a: Skarmory\n|-damage|p2a: Skarmory|38\/100\n|-sidestart|p2: DeathRayKPK|Spikes\n|move|p2a: Skarmory|Body Press|p1a: Samurott\n|-supereffective|p1a: Samurott\n|-damage|p1a: Samurott|0 fnt\n|faint|p1a: Samurott\n|\n|upkeep\n|c| Najirs|Defog on a steel team is so dum\n|c| plasma_fistem|oy stop chatting and worry about timer\n|c| Najirs|How did it work\n|\n|t:|1700203618\n|switch|p1a: Hydreigon|Hydreigon, M, tera:Electric|100\/100\n|turn|18\n|inactive|DeathRayKPK has 60 seconds left.\n|c| plasma_fistem|also you probably should have roosted there\n|c|\u2606DeathRayKPK|ik\n|c| plasma_fistem|then gone for a press\n|c|\u2606DeathRayKPK|one sec\n|c| Najirs|Play da\n|inactive|DracoShivam has 90 seconds left.\n|c|\u2606DeathRayKPK|have to open the door\n|c|\u2606DeathRayKPK|can you stop the timer\n|c|\u2606DeathRayKPK|brb\n|inactiveoff|Battle timer is now OFF.\n|c|\u2606DeathRayKPK|yeah thanks\n|c|\u2606DeathRayKPK|I'm back now\n|c| plasma_fistem|its funny how even draco is relatively close in terms of timer\n|inactive|Battle timer is ON: inactive players will automatically lose when time's up. (requested by DracoShivam)\n|inactive|DracoShivam has 90 seconds left.\n|c| Najirs|Lol yeah\n|\n|t:|1700203693\n|move|p1a: Hydreigon|Dark Pulse|p2a: Skarmory\n|-damage|p2a: Skarmory|0 fnt\n|faint|p2a: Skarmory\n|\n|upkeep\n|c| plasma_fistem|never seen his timer drop this low\n|c| Najirs|Oof\n|c| Najirs|Ikr same\n|inactive|DeathRayKPK has 30 seconds left.\n|\n|t:|1700203714\n|switch|p2a: Heatran|Heatran, M|100\/100\n|-damage|p2a: Heatran|88\/100|[from] Spikes\n|turn|19\n|inactive|DeathRayKPK has 30 seconds left.\n|inactive|DeathRayKPK has 20 seconds left.\n|\n|t:|1700203735\n|switch|p1a: Ogerpon|Ogerpon-Wellspring, F|100\/100\n|-terastallize|p2a: Heatran|Bug\n|move|p2a: Heatran|Magma Storm|p1a: Ogerpon\n|-damage|p1a: Ogerpon|49\/100\n|-activate|p1a: Ogerpon|move: Magma Storm|[of] p2a: Heatran\n|\n|-heal|p2a: Heatran|94\/100|[from] item: Leftovers\n|-damage|p1a: Ogerpon|36\/100|[from] move: Magma Storm|[partiallytrapped]\n|upkeep\n|turn|20\n|inactive|DeathRayKPK has 30 seconds left this turn.\n|c| Najirs|Kou's gonna lose from timer\n|c| Najirs|Just watch\n|inactive|DeathRayKPK has 20 seconds left.\n|c| plasma_fistem|fuckin hell\n|inactive|DracoShivam has 90 seconds left.\n|\n|t:|1700203752\n|move|p1a: Ogerpon|Swords Dance|p1a: Ogerpon\n|-boost|p1a: Ogerpon|atk|2\n|move|p2a: Heatran|Magma Storm|p1a: Ogerpon\n|-damage|p1a: Ogerpon|0 fnt\n|faint|p1a: Ogerpon\n|\n|-heal|p2a: Heatran|100\/100|[from] item: Leftovers\n|upkeep\n|inactive|DeathRayKPK has 25 seconds left this turn.\n|inactive|DracoShivam has 90 seconds left.\n|c| Najirs|Lmaooo nice\n|c| plasma_fistem|interesting\n|\n|t:|1700203763\n|switch|p1a: Rillaboom|Rillaboom, M|55\/100\n|-fieldstart|move: Grassy Terrain|[from] ability: Grassy Surge|[of] p1a: Rillaboom\n|turn|21\n|inactive|DracoShivam has 90 seconds left.\n|\n|t:|1700203768\n|move|p1a: Rillaboom|Knock Off|p2a: Heatran\n|-damage|p2a: Heatran|68\/100\n|-enditem|p2a: Heatran|Leftovers|[from] move: Knock Off|[of] p1a: Rillaboom\n|move|p2a: Heatran|Magma Storm|p1a: Rillaboom\n|-supereffective|p1a: Rillaboom\n|-damage|p1a: Rillaboom|0 fnt\n|faint|p1a: Rillaboom\n|\n|-heal|p2a: Heatran|75\/100|[from] Grassy Terrain\n|upkeep\n|c| Najirs|Gg unless timee\n|inactive|DracoShivam has 90 seconds left.\n|\n|t:|1700203776\n|switch|p1a: Hydreigon|Hydreigon, M, tera:Electric|100\/100\n|turn|22\n|c| plasma_fistem|3 magma storm hits\n|c| plasma_fistem|jeez\n|\n|t:|1700203783\n|move|p1a: Hydreigon|Dark Pulse|p2a: Heatran\n|-damage|p2a: Heatran|46\/100\n|move|p2a: Heatran|Earth Power|p1a: Hydreigon\n|-immune|p1a: Hydreigon|[from] ability: Levitate\n|\n|-heal|p2a: Heatran|52\/100|[from] Grassy Terrain\n|upkeep\n|turn|23\n|c|\u2606DeathRayKPK|yeah rare\n|c| plasma_fistem|BRO\n|c|\u2606DeathRayKPK|oh that's a thing\n|c|\u2606DeathRayKPK|shit\n|c| plasma_fistem|BRUHHHH\n|\n|t:|1700203794\n|move|p1a: Hydreigon|Dark Pulse|p2a: Heatran\n|-damage|p2a: Heatran|24\/100\n|move|p2a: Heatran|Magma Storm|p1a: Hydreigon\n|-damage|p1a: Hydreigon|51\/100\n|-activate|p1a: Hydreigon|move: Magma Storm|[of] p2a: Heatran\n|\n|-heal|p2a: Heatran|30\/100|[from] Grassy Terrain\n|-damage|p1a: Hydreigon|39\/100|[from] move: Magma Storm|[partiallytrapped]\n|upkeep\n|turn|24\n|c| Najirs|Why else would hydreigon tera electric\n|\n|t:|1700203811\n|move|p1a: Hydreigon|Dark Pulse|p2a: Heatran\n|-damage|p2a: Heatran|4\/100\n|move|p2a: Heatran|Toxic|p1a: Hydreigon|[miss]\n|-miss|p2a: Heatran|p1a: Hydreigon\n|\n|-heal|p2a: Heatran|11\/100|[from] Grassy Terrain\n|-damage|p1a: Hydreigon|27\/100|[from] move: Magma Storm|[partiallytrapped]\n|upkeep\n|turn|25\n|\n|t:|1700203822\n|move|p1a: Hydreigon|Dark Pulse|p2a: Heatran\n|-damage|p2a: Heatran|0 fnt\n|faint|p2a: Heatran\n|\n|-end|p1a: Hydreigon|Magma Storm|[partiallytrapped]|[silent]\n|-fieldend|move: Grassy Terrain\n|upkeep\n|\n|t:|1700203832\n|switch|p2a: Kartana-Hisui|Kartana, shiny|100\/100\n|-damage|p2a: Kartana-Hisui|88\/100|[from] Spikes\n|turn|26\n|\n|t:|1700203844\n|move|p2a: Kartana-Hisui|Knock Off|p1a: Hydreigon\n|-damage|p1a: Hydreigon|0 fnt\n|-enditem|p1a: Hydreigon|Choice Scarf|[from] move: Knock Off|[of] p2a: Kartana-Hisui\n|faint|p1a: Hydreigon\n|\n|win|DeathRayKPK\n|c|\u2606DeathRayKPK|gg\n|c|\u2606DracoShivam|Gg\n|c| plasma_fistem|tf you mean by \"kartana hisui\" lmao\n|c| plasma_fistem|nice\n|l|\u2606DracoShivam\n|c|\u2606DeathRayKPK|it's a new kartana bro\n|c|\u2606DeathRayKPK|haven't you seen it?\n|c| plasma_fistem|kpk is the challenger now\n|c|\u2606DeathRayKPK|the new DLC\n|c|\u2606DeathRayKPK|K jk\n","uploadtime":1700203860,"views":15,"p1id":"dracoshivam","p2id":"deathraykpk","formatid":"gen9nationaldex","rating":0,"private":0,"password":""}