{"id":"gen9nationaldex-1987965605","p1":"zaigaan","p2":"DashL","format":"[Gen 9] National Dex","log":"|j|\u2606zaigaan\n|j|\u2606DashL\n|t:|1699653934\n|gametype|singles\n|player|p1|zaigaan|cynthia|\n|player|p2|DashL|1|\n|teamsize|p1|6\n|teamsize|p2|6\n|gen|9\n|tier|[Gen 9] National Dex\n|rule|HP Percentage Mod: HP is shown in percentages\n|rule|Endless Battle Clause: Forcing endless battles is banned\n|rule|OHKO Clause: OHKO moves are banned\n|rule|Evasion Clause: Evasion abilities, items, and moves are banned\n|rule|Evasion Abilities Clause: Evasion abilities are banned\n|rule|Evasion Items Clause: Evasion items are banned\n|rule|Evasion Moves Clause: Evasion moves are banned\n|rule|Species Clause: Limit one of each Pok\u00e9mon\n|rule|Sleep Clause Mod: Limit one foe put to sleep\n|clearpoke\n|poke|p1|Venusaur, M|\n|poke|p1|Celesteela|\n|poke|p1|Infernape, M|\n|poke|p1|Sigilyph, F|\n|poke|p1|Tapu Koko|\n|poke|p1|Terrakion|\n|poke|p2|Ting-Lu|\n|poke|p2|Diancie|\n|poke|p2|Arcanine-Hisui, F|\n|poke|p2|Araquanid, M|\n|poke|p2|Buzzwole|\n|poke|p2|Iron Leaves|\n|teampreview\n|\n|t:|1699653948\n|start\n|switch|p1a: Infernape|Infernape, M|100\/100\n|switch|p2a: Araquanid|Araquanid, M|100\/100\n|turn|1\n|\n|t:|1699653959\n|move|p1a: Infernape|Stealth Rock|p2a: Araquanid\n|-sidestart|p2: DashL|move: Stealth Rock\n|move|p2a: Araquanid|Sticky Web|p1a: Infernape\n|-sidestart|p1: zaigaan|move: Sticky Web\n|\n|upkeep\n|turn|2\n|\n|t:|1699654132\n|switch|p1a: Celesteela|Celesteela|100\/100\n|move|p2a: Araquanid|Toxic|p1a: Celesteela\n|-immune|p1a: Celesteela\n|\n|upkeep\n|turn|3\n|\n|t:|1699654159\n|move|p1a: Celesteela|Autotomize|p1a: Celesteela\n|-boost|p1a: Celesteela|spe|2\n|-start|p1a: Celesteela|Autotomize\n|move|p2a: Araquanid|Substitute|p2a: Araquanid\n|-start|p2a: Araquanid|Substitute\n|-damage|p2a: Araquanid|76\/100\n|\n|-heal|p2a: Araquanid|82\/100|[from] item: Leftovers\n|upkeep\n|turn|4\n|j| Dunkster106\n|\n|t:|1699654330\n|switch|p2a: Arcanine|Arcanine-Hisui, F|100\/100\n|-damage|p2a: Arcanine|76\/100|[from] Stealth Rock\n|move|p1a: Celesteela|Air Slash|p2a: Arcanine\n|-resisted|p2a: Arcanine\n|-damage|p2a: Arcanine|52\/100\n|\n|upkeep\n|turn|5\n|\n|t:|1699654449\n|switch|p2a: Iron Leaves|Iron Leaves|100\/100\n|-damage|p2a: Iron Leaves|88\/100|[from] Stealth Rock\n|-enditem|p2a: Iron Leaves|Booster Energy\n|-activate|p2a: Iron Leaves|ability: Quark Drive|[fromitem]\n|-start|p2a: Iron Leaves|quarkdrivespe\n|move|p1a: Celesteela|Meteor Beam||[still]\n|-prepare|p1a: Celesteela|Meteor Beam\n|-boost|p1a: Celesteela|spa|1\n|-enditem|p1a: Celesteela|Power Herb\n|-anim|p1a: Celesteela|Meteor Beam|p2a: Iron Leaves\n|-damage|p2a: Iron Leaves|35\/100\n|\n|upkeep\n|turn|6\n|\n|t:|1699654467\n|move|p2a: Iron Leaves|Night Slash|p1a: Celesteela\n|-damage|p1a: Celesteela|82\/100\n|move|p1a: Celesteela|Air Slash|p2a: Iron Leaves\n|-supereffective|p2a: Iron Leaves\n|-damage|p2a: Iron Leaves|0 fnt\n|faint|p2a: Iron Leaves\n|-end|p2a: Iron Leaves|Quark Drive|[silent]\n|-ability|p1a: Celesteela|Beast Boost|boost\n|-boost|p1a: Celesteela|spa|1\n|\n|upkeep\n|\n|t:|1699654511\n|switch|p2a: Diancie|Diancie|100\/100\n|-damage|p2a: Diancie|88\/100|[from] Stealth Rock\n|turn|7\n|\n|t:|1699654519\n|detailschange|p2a: Diancie|Diancie-Mega\n|-mega|p2a: Diancie|Diancie|Diancite\n|move|p1a: Celesteela|Flash Cannon|p2a: Diancie\n|-supereffective|p2a: Diancie\n|-damage|p2a: Diancie|0 fnt\n|faint|p2a: Diancie\n|-ability|p1a: Celesteela|Beast Boost|boost\n|-boost|p1a: Celesteela|spa|1\n|\n|upkeep\n|\n|t:|1699654557\n|switch|p2a: Ting-Lu|Ting-Lu|100\/100\n|-damage|p2a: Ting-Lu|94\/100|[from] Stealth Rock\n|-ability|p2a: Ting-Lu|Vessel of Ruin\n|turn|8\n|\n|t:|1699654604\n|move|p1a: Celesteela|Flash Cannon|p2a: Ting-Lu\n|-damage|p2a: Ting-Lu|35\/100\n|move|p2a: Ting-Lu|Body Press|p1a: Celesteela\n|-damage|p1a: Celesteela|54\/100\n|-damage|p2a: Ting-Lu|25\/100|[from] item: Life Orb\n|\n|upkeep\n|turn|9\n|\n|t:|1699654627\n|switch|p2a: Buzzwole|Buzzwole|100\/100\n|-damage|p2a: Buzzwole|88\/100|[from] Stealth Rock\n|move|p1a: Celesteela|Flash Cannon|p2a: Buzzwole\n|-damage|p2a: Buzzwole|0 fnt\n|faint|p2a: Buzzwole\n|-ability|p1a: Celesteela|Beast Boost|boost\n|-boost|p1a: Celesteela|spa|1\n|\n|upkeep\n|\n|t:|1699654639\n|switch|p2a: Araquanid|Araquanid, M|82\/100\n|-damage|p2a: Araquanid|57\/100|[from] Stealth Rock\n|turn|10\n|\n|t:|1699654644\n|move|p1a: Celesteela|Air Slash|p2a: Araquanid\n|-supereffective|p2a: Araquanid\n|-damage|p2a: Araquanid|0 fnt\n|faint|p2a: Araquanid\n|-ability|p1a: Celesteela|Beast Boost|boost\n|-boost|p1a: Celesteela|spa|1\n|\n|upkeep\n|\n|t:|1699654652\n|switch|p2a: Arcanine|Arcanine-Hisui, F|52\/100\n|-damage|p2a: Arcanine|27\/100|[from] Stealth Rock\n|turn|11\n|\n|t:|1699654690\n|move|p1a: Celesteela|Flash Cannon|p2a: Arcanine\n|-damage|p2a: Arcanine|0 fnt\n|faint|p2a: Arcanine\n|-ability|p1a: Celesteela|Beast Boost|boost\n|-boost|p1a: Celesteela|spa|1\n|\n|upkeep\n|\n|t:|1699654696\n|switch|p2a: Ting-Lu|Ting-Lu|25\/100\n|-damage|p2a: Ting-Lu|19\/100|[from] Stealth Rock\n|-ability|p2a: Ting-Lu|Vessel of Ruin\n|turn|12\n|\n|t:|1699654736\n|move|p1a: Celesteela|Autotomize|p1a: Celesteela\n|-boost|p1a: Celesteela|spe|2\n|-start|p1a: Celesteela|Autotomize\n|move|p2a: Ting-Lu|Giga Impact|p1a: Celesteela\n|-resisted|p1a: Celesteela\n|-damage|p1a: Celesteela|25\/100\n|-mustrecharge|p2a: Ting-Lu\n|-damage|p2a: Ting-Lu|9\/100|[from] item: Life Orb\n|\n|upkeep\n|turn|13\n|\n|t:|1699654752\n|move|p1a: Celesteela|Meteor Beam||[still]\n|-prepare|p1a: Celesteela|Meteor Beam\n|-boost|p1a: Celesteela|spa|0\n|cant|p2a: Ting-Lu|recharge\n|\n|upkeep\n|turn|14\n|\n|t:|1699654758\n|move|p1a: Celesteela|Meteor Beam|p2a: Ting-Lu|[from]lockedmove\n|-resisted|p2a: Ting-Lu\n|-damage|p2a: Ting-Lu|0 fnt\n|faint|p2a: Ting-Lu\n|\n|win|zaigaan\n|l| Dunkster106\n","uploadtime":1699654841,"views":37,"p1id":"zaigaan","p2id":"dashl","formatid":"gen9nationaldex","rating":0,"private":0,"password":""}