{"id":"gen9nationaldex-1995548146","p1":"Simbadd","p2":"elvisma","format":"[Gen 9] National Dex","log":"|html|<div class=\"broadcast-blue\"><strong>[Gen 9] National Dex is currently suspecting Sneasler! For information on how to participate check out the <a href=\"https:\/\/www.smogon.com\/forums\/threads\/sv-national-dex-suspect-8-just-dance.3731534\/\">suspect thread<\/a>.<\/strong><\/div>\n|j|\u2606Simbadd\n|j|\u2606elvisma\n|t:|1700581848\n|gametype|singles\n|player|p1|Simbadd|101|1589\n|player|p2|elvisma|red-masters|1690\n|teamsize|p1|6\n|teamsize|p2|6\n|gen|9\n|tier|[Gen 9] National Dex\n|rated|\n|rule|HP Percentage Mod: HP is shown in percentages\n|rule|Endless Battle Clause: Forcing endless battles is banned\n|rule|OHKO Clause: OHKO moves are banned\n|rule|Evasion Clause: Evasion abilities, items, and moves are banned\n|rule|Evasion Abilities Clause: Evasion abilities are banned\n|rule|Evasion Items Clause: Evasion items are banned\n|rule|Evasion Moves Clause: Evasion moves are banned\n|rule|Species Clause: Limit one of each Pok\u00e9mon\n|rule|Sleep Clause Mod: Limit one foe put to sleep\n|clearpoke\n|poke|p1|Heatran, F|\n|poke|p1|Hydreigon, M|\n|poke|p1|Iron Valiant|\n|poke|p1|Scizor, F|\n|poke|p1|Rotom-Wash|\n|poke|p1|Landorus-Therian, M|\n|poke|p2|Azelf|\n|poke|p2|Charizard, M|\n|poke|p2|Ribombee, F|\n|poke|p2|Great Tusk|\n|poke|p2|Ogerpon-Wellspring, F|\n|poke|p2|Victini|\n|teampreview\n|\n|t:|1700581891\n|start\n|switch|p1a: Scizor|Scizor, F|100\/100\n|switch|p2a: ampheros|Charizard, M|100\/100\n|turn|1\n|\n|t:|1700581900\n|switch|p1a: Heatran|Heatran, F|100\/100\n|-item|p1a: Heatran|Air Balloon\n|move|p2a: ampheros|Dragon Dance|p2a: ampheros\n|-boost|p2a: ampheros|atk|1\n|-boost|p2a: ampheros|spe|1\n|\n|upkeep\n|turn|2\n|\n|t:|1700581907\n|-terastallize|p1a: Heatran|Grass\n|move|p2a: ampheros|Dragon Claw|p1a: Heatran\n|-damage|p1a: Heatran|70\/100\n|-enditem|p1a: Heatran|Air Balloon\n|move|p1a: Heatran|Magma Storm|p2a: ampheros\n|-resisted|p2a: ampheros\n|-damage|p2a: ampheros|65\/100\n|-activate|p2a: ampheros|move: Magma Storm|[of] p1a: Heatran\n|\n|-damage|p2a: ampheros|53\/100|[from] move: Magma Storm|[partiallytrapped]\n|upkeep\n|turn|3\n|\n|t:|1700581917\n|detailschange|p2a: ampheros|Charizard-Mega-X, M\n|-mega|p2a: ampheros|Charizard|Charizardite X\n|move|p2a: ampheros|Dragon Claw|p1a: Heatran\n|-damage|p1a: Heatran|0 fnt\n|faint|p1a: Heatran\n|\n|-end|p2a: ampheros|Magma Storm|[partiallytrapped]|[silent]\n|upkeep\n|\n|t:|1700581941\n|switch|p1a: Iron Valiant|Iron Valiant, shiny|100\/100\n|-enditem|p1a: Iron Valiant|Booster Energy\n|-activate|p1a: Iron Valiant|ability: Quark Drive|[fromitem]\n|-start|p1a: Iron Valiant|quarkdrivespe\n|turn|4\n|\n|t:|1700581951\n|move|p1a: Iron Valiant|Close Combat|p2a: ampheros\n|-damage|p2a: ampheros|0 fnt\n|-unboost|p1a: Iron Valiant|def|1\n|-unboost|p1a: Iron Valiant|spd|1\n|faint|p2a: ampheros\n|\n|upkeep\n|\n|t:|1700581955\n|switch|p2a: ZA BEE|Ribombee, F|100\/100\n|turn|5\n|\n|t:|1700581962\n|move|p1a: Iron Valiant|Spirit Break|p2a: ZA BEE\n|-damage|p2a: ZA BEE|29\/100\n|move|p2a: ZA BEE|Moonblast|p1a: Iron Valiant\n|-supereffective|p1a: Iron Valiant\n|-damage|p1a: Iron Valiant|0 fnt\n|faint|p1a: Iron Valiant\n|-end|p1a: Iron Valiant|Quark Drive|[silent]\n|\n|upkeep\n|\n|t:|1700581968\n|switch|p1a: Scizor|Scizor, F|100\/100\n|turn|6\n|\n|t:|1700581972\n|switch|p2a: V create spam|Victini|100\/100\n|detailschange|p1a: Scizor|Scizor-Mega, F\n|-mega|p1a: Scizor|Scizor|Scizorite\n|move|p1a: Scizor|Bullet Punch|p2a: V create spam\n|-resisted|p2a: V create spam\n|-damage|p2a: V create spam|85\/100\n|\n|upkeep\n|turn|7\n|\n|t:|1700581979\n|switch|p1a: Hydreigon|Hydreigon, M|100\/100\n|-zpower|p2a: V create spam\n|move|p2a: V create spam|Z-Celebrate|p2a: V create spam|[anim]Celebrate\n|-boost|p2a: V create spam|atk|1|[zeffect]\n|-boost|p2a: V create spam|def|1|[zeffect]\n|-boost|p2a: V create spam|spa|1|[zeffect]\n|-boost|p2a: V create spam|spd|1|[zeffect]\n|-boost|p2a: V create spam|spe|1|[zeffect]\n|-activate|p2a: V create spam|move: Celebrate\n|\n|upkeep\n|turn|8\n|\n|t:|1700581984\n|move|p2a: V create spam|Searing Shot|p1a: Hydreigon\n|-resisted|p1a: Hydreigon\n|-damage|p1a: Hydreigon|66\/100\n|-status|p1a: Hydreigon|brn\n|move|p1a: Hydreigon|Dark Pulse|p2a: V create spam\n|-supereffective|p2a: V create spam\n|-damage|p2a: V create spam|2\/100\n|\n|-damage|p1a: Hydreigon|60\/100 brn|[from] brn\n|upkeep\n|turn|9\n|\n|t:|1700581992\n|move|p2a: V create spam|Searing Shot|p1a: Hydreigon\n|-resisted|p1a: Hydreigon\n|-damage|p1a: Hydreigon|23\/100 brn\n|move|p1a: Hydreigon|Dark Pulse|p2a: V create spam\n|-supereffective|p2a: V create spam\n|-damage|p2a: V create spam|0 fnt\n|faint|p2a: V create spam\n|\n|-damage|p1a: Hydreigon|17\/100 brn|[from] brn\n|upkeep\n|\n|t:|1700581998\n|switch|p2a: ZA BEE|Ribombee, F|29\/100\n|turn|10\n|\n|t:|1700582003\n|move|p2a: ZA BEE|Sticky Web|p1a: Hydreigon\n|-sidestart|p1: Simbadd|move: Sticky Web\n|move|p1a: Hydreigon|Dark Pulse|p2a: ZA BEE\n|-resisted|p2a: ZA BEE\n|-damage|p2a: ZA BEE|0 fnt\n|faint|p2a: ZA BEE\n|\n|-damage|p1a: Hydreigon|11\/100 brn|[from] brn\n|upkeep\n|\n|t:|1700582011\n|switch|p2a: touchgrassdrinkH2O|Ogerpon-Wellspring, F|100\/100\n|turn|11\n|\n|t:|1700582018\n|move|p2a: touchgrassdrinkH2O|Horn Leech|p1a: Hydreigon\n|-resisted|p1a: Hydreigon\n|-damage|p1a: Hydreigon|0 fnt\n|faint|p1a: Hydreigon\n|\n|upkeep\n|\n|t:|1700582027\n|switch|p1a: Landorus|Landorus-Therian, M|100\/100\n|-ability|p1a: Landorus|Intimidate|boost\n|-unboost|p2a: touchgrassdrinkH2O|atk|1\n|turn|12\n|\n|t:|1700582036\n|-terastallize|p2a: touchgrassdrinkH2O|Water\n|detailschange|p2a: touchgrassdrinkH2O|Ogerpon-Wellspring-Tera, F, tera:Water\n|-ability|p2a: touchgrassdrinkH2O|Embody Aspect (Wellspring)|boost\n|-boost|p2a: touchgrassdrinkH2O|spd|1\n|move|p2a: touchgrassdrinkH2O|Swords Dance|p2a: touchgrassdrinkH2O\n|-boost|p2a: touchgrassdrinkH2O|atk|2\n|move|p1a: Landorus|U-turn|p2a: touchgrassdrinkH2O\n|-damage|p2a: touchgrassdrinkH2O|64\/100\n|\n|t:|1700582043\n|switch|p1a: Rotom|Rotom-Wash|100\/100|[from] U-turn\n|\n|upkeep\n|turn|13\n|\n|t:|1700582047\n|move|p1a: Rotom|Thunder Wave|p2a: touchgrassdrinkH2O\n|-status|p2a: touchgrassdrinkH2O|par\n|move|p2a: touchgrassdrinkH2O|Horn Leech|p1a: Rotom\n|-supereffective|p1a: Rotom\n|-damage|p1a: Rotom|0 fnt\n|-heal|p2a: touchgrassdrinkH2O|100\/100 par|[from] drain|[of] p1a: Rotom\n|faint|p1a: Rotom\n|\n|upkeep\n|\n|t:|1700582053\n|switch|p1a: Landorus|Landorus-Therian, M|100\/100\n|-ability|p1a: Landorus|Intimidate|boost\n|-unboost|p2a: touchgrassdrinkH2O|atk|1\n|turn|14\n|\n|t:|1700582067\n|move|p1a: Landorus|Swords Dance|p1a: Landorus\n|-boost|p1a: Landorus|atk|2\n|move|p2a: touchgrassdrinkH2O|Ivy Cudgel|p1a: Landorus|[anim] Ivy Cudgel Water\n|-supereffective|p1a: Landorus\n|-damage|p1a: Landorus|0 fnt\n|faint|p1a: Landorus\n|\n|upkeep\n|-message|Simbadd forfeited.\n|\n|win|elvisma\n|raw|Simbadd's rating: 1589 &rarr; <strong>1575<\/strong><br \/>(-14 for losing)\n|raw|elvisma's rating: 1690 &rarr; <strong>1704<\/strong><br \/>(+14 for winning)\n|l|\u2606Simbadd\n","uploadtime":1700582075,"views":0,"p1id":"simbadd","p2id":"elvisma","formatid":"gen9nationaldex","rating":1575,"private":0,"password":""}