{"id":"gen9nationaldex-1993292296","p1":"Jsjsjsjsjsns","p2":"nijika10086","format":"[Gen 9] National Dex","log":"|j|\u2606Jsjsjsjsjsns\n|j|\u2606nijika10086\n|t:|1700291791\n|gametype|singles\n|player|p1|Jsjsjsjsjsns|266|1194\n|player|p2|nijika10086|cynthia-gen4|1252\n|teamsize|p1|6\n|teamsize|p2|6\n|gen|9\n|tier|[Gen 9] National Dex\n|rated|\n|rule|HP Percentage Mod: HP is shown in percentages\n|rule|Endless Battle Clause: Forcing endless battles is banned\n|rule|OHKO Clause: OHKO moves are banned\n|rule|Evasion Clause: Evasion abilities, items, and moves are banned\n|rule|Evasion Abilities Clause: Evasion abilities are banned\n|rule|Evasion Items Clause: Evasion items are banned\n|rule|Evasion Moves Clause: Evasion moves are banned\n|rule|Species Clause: Limit one of each Pok\u00e9mon\n|rule|Sleep Clause Mod: Limit one foe put to sleep\n|clearpoke\n|poke|p1|Gliscor, M|\n|poke|p1|Toxapex, M|\n|poke|p1|Tapu Koko|\n|poke|p1|Kartana|\n|poke|p1|Volcarona, F|\n|poke|p1|Tyranitar, M|\n|poke|p2|Diancie|\n|poke|p2|Slowking-Galar, F|\n|poke|p2|Zapdos|\n|poke|p2|Dragonite, M|\n|poke|p2|Bisharp, M|\n|poke|p2|Blaziken, M|\n|teampreview\n|inactive|Battle timer is ON: inactive players will automatically lose when time's up. (requested by Jsjsjsjsjsns)\n|\n|t:|1700291822\n|start\n|switch|p1a: Tapu Koko|Tapu Koko|100\/100\n|switch|p2a: Slowking|Slowking-Galar, F|100\/100\n|-fieldstart|move: Electric Terrain|[from] ability: Electric Surge|[of] p1a: Tapu Koko\n|turn|1\n|\n|t:|1700291844\n|move|p1a: Tapu Koko|Taunt|p2a: Slowking\n|-start|p2a: Slowking|move: Taunt\n|cant|p2a: Slowking|move: Taunt|Chilly Reception\n|\n|upkeep\n|turn|2\n|\n|t:|1700291865\n|move|p1a: Tapu Koko|Volt Switch|p2a: Slowking\n|-damage|p2a: Slowking|81\/100\n|\n|t:|1700291869\n|switch|p1a: Tyranitar|Tyranitar, M, shiny|100\/100|[from] Volt Switch\n|-weather|Sandstorm|[from] ability: Sand Stream|[of] p1a: Tyranitar\n|move|p2a: Slowking|Sludge Bomb|p1a: Tyranitar\n|-resisted|p1a: Tyranitar\n|-damage|p1a: Tyranitar|89\/100\n|\n|-weather|Sandstorm|[upkeep]\n|-damage|p2a: Slowking|75\/100|[from] Sandstorm\n|upkeep\n|turn|3\n|\n|t:|1700291881\n|-activate|p2a: Slowking|move: Pursuit\n|detailschange|p1a: Tyranitar|Tyranitar-Mega, M, shiny\n|-mega|p1a: Tyranitar|Tyranitar|Tyranitarite\n|move|p1a: Tyranitar|Pursuit|p2a: Slowking|[from]Pursuit\n|-supereffective|p2a: Slowking\n|-damage|p2a: Slowking|0 fnt\n|faint|p2a: Slowking\n|-hint|A Pokemon can't switch between when it runs out of HP and when it faints\n|\n|-weather|Sandstorm|[upkeep]\n|upkeep\n|\n|t:|1700291890\n|switch|p2a: Blaziken|Blaziken, M|100\/100\n|turn|4\n|\n|t:|1700291907\n|switch|p1a: Gliscor|Gliscor, M, shiny|100\/100\n|move|p2a: Blaziken|Swords Dance|p2a: Blaziken\n|-boost|p2a: Blaziken|atk|2\n|\n|-weather|Sandstorm|[upkeep]\n|-damage|p2a: Blaziken|95\/100|[from] Sandstorm\n|-ability|p2a: Blaziken|Speed Boost|boost\n|-boost|p2a: Blaziken|spe|1\n|-status|p1a: Gliscor|tox|[from] item: Toxic Orb\n|upkeep\n|turn|5\n|\n|t:|1700291922\n|-zpower|p2a: Blaziken\n|move|p2a: Blaziken|Inferno Overdrive|p1a: Gliscor|[zeffect]\n|-damage|p1a: Gliscor|0 fnt\n|faint|p1a: Gliscor\n|\n|-weather|Sandstorm|[upkeep]\n|-damage|p2a: Blaziken|89\/100|[from] Sandstorm\n|-fieldend|move: Electric Terrain\n|-ability|p2a: Blaziken|Speed Boost|boost\n|-boost|p2a: Blaziken|spe|1\n|upkeep\n|\n|t:|1700291936\n|switch|p1a: Toxapex|Toxapex, M, shiny|100\/100\n|turn|6\n|\n|t:|1700291940\n|move|p2a: Blaziken|Swords Dance|p2a: Blaziken\n|-boost|p2a: Blaziken|atk|2\n|move|p1a: Toxapex|Scald|p2a: Blaziken\n|-supereffective|p2a: Blaziken\n|-damage|p2a: Blaziken|42\/100\n|\n|-weather|none\n|-ability|p2a: Blaziken|Speed Boost|boost\n|-boost|p2a: Blaziken|spe|1\n|upkeep\n|turn|7\n|\n|t:|1700291950\n|move|p2a: Blaziken|Flare Blitz|p1a: Toxapex\n|-resisted|p1a: Toxapex\n|-damage|p1a: Toxapex|37\/100\n|-damage|p2a: Blaziken|21\/100|[from] Recoil\n|move|p1a: Toxapex|Scald|p2a: Blaziken\n|-supereffective|p2a: Blaziken\n|-damage|p2a: Blaziken|0 fnt\n|faint|p2a: Blaziken\n|\n|upkeep\n|\n|t:|1700291955\n|switch|p2a: Diancie|Diancie|100\/100\n|turn|8\n|\n|t:|1700291963\n|detailschange|p2a: Diancie|Diancie-Mega\n|-mega|p2a: Diancie|Diancie|Diancite\n|move|p2a: Diancie|Moonblast|p1a: Toxapex\n|-resisted|p1a: Toxapex\n|-damage|p1a: Toxapex|15\/100\n|move|p1a: Toxapex|Recover|p1a: Toxapex\n|-heal|p1a: Toxapex|65\/100\n|\n|upkeep\n|turn|9\n|\n|t:|1700291973\n|switch|p2a: Zapdos|Zapdos|100\/100\n|move|p1a: Toxapex|Scald|p2a: Zapdos\n|-damage|p2a: Zapdos|83\/100\n|\n|upkeep\n|turn|10\n|\n|t:|1700291982\n|switch|p1a: Tapu Koko|Tapu Koko|100\/100\n|-fieldstart|move: Electric Terrain|[from] ability: Electric Surge|[of] p1a: Tapu Koko\n|move|p2a: Zapdos|Volt Switch|p1a: Tapu Koko\n|-resisted|p1a: Tapu Koko\n|-damage|p1a: Tapu Koko|79\/100\n|\n|t:|1700291991\n|switch|p2a: Bisharp|Bisharp, M|100\/100|[from] Volt Switch\n|\n|upkeep\n|turn|11\n|\n|t:|1700292000\n|-terastallize|p2a: Bisharp|Fairy\n|move|p1a: Tapu Koko|Thunder Wave|p2a: Bisharp\n|-status|p2a: Bisharp|par\n|move|p2a: Bisharp|Iron Head|p1a: Tapu Koko\n|-damage|p1a: Tapu Koko|25\/100\n|\n|upkeep\n|turn|12\n|\n|t:|1700292010\n|move|p2a: Bisharp|Sucker Punch|p1a: Tapu Koko\n|-resisted|p1a: Tapu Koko\n|-damage|p1a: Tapu Koko|0 fnt\n|faint|p1a: Tapu Koko\n|\n|upkeep\n|\n|t:|1700292032\n|switch|p1a: Volcarona|Volcarona, F, shiny|100\/100\n|turn|13\n|\n|t:|1700292047\n|switch|p2a: Zapdos|Zapdos|83\/100\n|move|p1a: Volcarona|Quiver Dance|p1a: Volcarona\n|-boost|p1a: Volcarona|spa|1\n|-boost|p1a: Volcarona|spd|1\n|-boost|p1a: Volcarona|spe|1\n|\n|upkeep\n|turn|14\n|\n|t:|1700292055\n|move|p1a: Volcarona|Quiver Dance|p1a: Volcarona\n|-boost|p1a: Volcarona|spa|1\n|-boost|p1a: Volcarona|spd|1\n|-boost|p1a: Volcarona|spe|1\n|move|p2a: Zapdos|Hurricane|p1a: Volcarona\n|-supereffective|p1a: Volcarona\n|-damage|p1a: Volcarona|58\/100\n|-start|p1a: Volcarona|confusion\n|\n|-fieldend|move: Electric Terrain\n|upkeep\n|turn|15\n|\n|t:|1700292065\n|-activate|p1a: Volcarona|confusion\n|-damage|p1a: Volcarona|53\/100|[from] confusion\n|move|p2a: Zapdos|Volt Switch|p1a: Volcarona\n|-damage|p1a: Volcarona|39\/100\n|\n|t:|1700292073\n|switch|p2a: Dragonite|Dragonite, M|100\/100|[from] Volt Switch\n|\n|upkeep\n|turn|16\n|\n|t:|1700292085\n|switch|p1a: Tyranitar|Tyranitar-Mega, M, shiny|89\/100\n|-weather|Sandstorm|[from] ability: Sand Stream|[of] p1a: Tyranitar\n|move|p2a: Dragonite|Curse|p2a: Dragonite\n|-unboost|p2a: Dragonite|spe|1\n|-boost|p2a: Dragonite|atk|1\n|-boost|p2a: Dragonite|def|1\n|\n|-weather|Sandstorm|[upkeep]\n|-damage|p2a: Dragonite|94\/100|[from] Sandstorm\n|upkeep\n|turn|17\n|\n|t:|1700292097\n|switch|p2a: Bisharp|Bisharp, M, tera:Fairy|100\/100 par\n|move|p1a: Tyranitar|Knock Off|p2a: Bisharp\n|-resisted|p2a: Bisharp\n|-damage|p2a: Bisharp|80\/100 par\n|-enditem|p2a: Bisharp|Eviolite|[from] move: Knock Off|[of] p1a: Tyranitar\n|\n|-weather|Sandstorm|[upkeep]\n|-damage|p2a: Bisharp|74\/100 par|[from] Sandstorm\n|upkeep\n|turn|18\n|\n|t:|1700292109\n|switch|p1a: Toxapex|Toxapex, M, shiny|98\/100\n|move|p2a: Bisharp|Swords Dance|p2a: Bisharp\n|-boost|p2a: Bisharp|atk|2\n|\n|-weather|Sandstorm|[upkeep]\n|-damage|p1a: Toxapex|92\/100|[from] Sandstorm\n|-damage|p2a: Bisharp|68\/100 par|[from] Sandstorm\n|upkeep\n|turn|19\n|\n|t:|1700292118\n|move|p1a: Toxapex|Scald|p2a: Bisharp\n|-damage|p2a: Bisharp|46\/100 par\n|move|p2a: Bisharp|Iron Head|p1a: Toxapex\n|-resisted|p1a: Toxapex\n|-damage|p1a: Toxapex|60\/100\n|\n|-weather|Sandstorm|[upkeep]\n|-damage|p1a: Toxapex|54\/100|[from] Sandstorm\n|-damage|p2a: Bisharp|40\/100 par|[from] Sandstorm\n|upkeep\n|turn|20\n|\n|t:|1700292134\n|move|p1a: Toxapex|Toxic Spikes|p2a: Bisharp\n|-sidestart|p2: nijika10086|move: Toxic Spikes\n|move|p2a: Bisharp|Iron Head|p1a: Toxapex\n|-resisted|p1a: Toxapex\n|-damage|p1a: Toxapex|25\/100\n|\n|-weather|none\n|upkeep\n|turn|21\n|\n|t:|1700292142\n|move|p1a: Toxapex|Recover|p1a: Toxapex\n|-heal|p1a: Toxapex|75\/100\n|move|p2a: Bisharp|Iron Head|p1a: Toxapex\n|-resisted|p1a: Toxapex\n|-crit|p1a: Toxapex\n|-damage|p1a: Toxapex|34\/100\n|\n|upkeep\n|turn|22\n|\n|t:|1700292149\n|move|p1a: Toxapex|Recover|p1a: Toxapex\n|-heal|p1a: Toxapex|84\/100\n|move|p2a: Bisharp|Swords Dance|p2a: Bisharp\n|-boost|p2a: Bisharp|atk|2\n|\n|upkeep\n|turn|23\n|\n|t:|1700292162\n|move|p2a: Bisharp|Sucker Punch|p1a: Toxapex\n|-damage|p1a: Toxapex|5\/100\n|move|p1a: Toxapex|Scald|p2a: Bisharp\n|-damage|p2a: Bisharp|19\/100 par\n|\n|upkeep\n|turn|24\n|\n|t:|1700292169\n|move|p1a: Toxapex|Recover|p1a: Toxapex\n|-heal|p1a: Toxapex|55\/100\n|move|p2a: Bisharp|Pursuit|p1a: Toxapex\n|-damage|p1a: Toxapex|12\/100\n|\n|upkeep\n|turn|25\n|\n|t:|1700292176\n|move|p1a: Toxapex|Recover|p1a: Toxapex\n|-heal|p1a: Toxapex|62\/100\n|cant|p2a: Bisharp|par\n|\n|upkeep\n|turn|26\n|\n|t:|1700292182\n|move|p2a: Bisharp|Sucker Punch||[still]\n|-fail|p2a: Bisharp\n|move|p1a: Toxapex|Recover|p1a: Toxapex\n|-heal|p1a: Toxapex|100\/100\n|\n|upkeep\n|turn|27\n|\n|t:|1700292188\n|cant|p2a: Bisharp|par\n|move|p1a: Toxapex|Toxic Spikes|p2a: Bisharp\n|-sidestart|p2: nijika10086|move: Toxic Spikes\n|\n|upkeep\n|turn|28\n|\n|t:|1700292196\n|move|p1a: Toxapex|Toxic Spikes||[still]\n|-fail|p1a: Toxapex\n|move|p2a: Bisharp|Pursuit|p1a: Toxapex\n|-damage|p1a: Toxapex|55\/100\n|\n|upkeep\n|turn|29\n|\n|t:|1700292207\n|move|p1a: Toxapex|Recover|p1a: Toxapex\n|-heal|p1a: Toxapex|100\/100\n|cant|p2a: Bisharp|par\n|\n|upkeep\n|turn|30\n|\n|t:|1700292213\n|move|p1a: Toxapex|Scald|p2a: Bisharp\n|-damage|p2a: Bisharp|0 fnt\n|faint|p2a: Bisharp\n|\n|upkeep\n|\n|t:|1700292219\n|switch|p2a: Zapdos|Zapdos|83\/100\n|turn|31\n|\n|t:|1700292228\n|switch|p1a: Tyranitar|Tyranitar-Mega, M, shiny|89\/100\n|-weather|Sandstorm|[from] ability: Sand Stream|[of] p1a: Tyranitar\n|move|p2a: Zapdos|Hurricane|p1a: Tyranitar|[miss]\n|-miss|p2a: Zapdos|p1a: Tyranitar\n|\n|-weather|Sandstorm|[upkeep]\n|-damage|p2a: Zapdos|77\/100|[from] Sandstorm\n|upkeep\n|turn|32\n|\n|t:|1700292240\n|move|p2a: Zapdos|Toxic|p1a: Tyranitar\n|-status|p1a: Tyranitar|tox\n|move|p1a: Tyranitar|Pursuit|p2a: Zapdos\n|-damage|p2a: Zapdos|59\/100\n|\n|-weather|Sandstorm|[upkeep]\n|-damage|p2a: Zapdos|52\/100|[from] Sandstorm\n|-damage|p1a: Tyranitar|83\/100 tox|[from] psn\n|upkeep\n|turn|33\n|\n|t:|1700292251\n|move|p2a: Zapdos|Roost|p2a: Zapdos\n|-heal|p2a: Zapdos|100\/100\n|-singleturn|p2a: Zapdos|move: Roost\n|move|p1a: Tyranitar|Stone Edge|p2a: Zapdos|[miss]\n|-miss|p1a: Tyranitar|p2a: Zapdos\n|\n|-weather|Sandstorm|[upkeep]\n|-damage|p2a: Zapdos|94\/100|[from] Sandstorm\n|-damage|p1a: Tyranitar|71\/100 tox|[from] psn\n|upkeep\n|turn|34\n|inactive|nijika10086 has 120 seconds left.\n|\n|t:|1700292289\n|move|p2a: Zapdos|Hurricane|p1a: Tyranitar|[miss]\n|-miss|p2a: Zapdos|p1a: Tyranitar\n|move|p1a: Tyranitar|Dragon Dance|p1a: Tyranitar\n|-boost|p1a: Tyranitar|atk|1\n|-boost|p1a: Tyranitar|spe|1\n|\n|-weather|Sandstorm|[upkeep]\n|-damage|p2a: Zapdos|88\/100|[from] Sandstorm\n|-damage|p1a: Tyranitar|53\/100 tox|[from] psn\n|upkeep\n|turn|35\n|inactive|nijika10086 has 120 seconds left.\n|\n|t:|1700292302\n|move|p1a: Tyranitar|Dragon Dance|p1a: Tyranitar\n|-boost|p1a: Tyranitar|atk|1\n|-boost|p1a: Tyranitar|spe|1\n|move|p2a: Zapdos|Roost|p2a: Zapdos\n|-heal|p2a: Zapdos|100\/100\n|-singleturn|p2a: Zapdos|move: Roost\n|\n|-weather|none\n|-damage|p1a: Tyranitar|29\/100 tox|[from] psn\n|upkeep\n|turn|36\n|inactive|nijika10086 has 120 seconds left.\n|\n|t:|1700292316\n|move|p1a: Tyranitar|Knock Off|p2a: Zapdos\n|-crit|p2a: Zapdos\n|-damage|p2a: Zapdos|0 fnt\n|-enditem|p2a: Zapdos|Heavy-Duty Boots|[from] move: Knock Off|[of] p1a: Tyranitar\n|faint|p2a: Zapdos\n|\n|-damage|p1a: Tyranitar|0 fnt|[from] psn\n|faint|p1a: Tyranitar\n|upkeep\n|\n|t:|1700292329\n|switch|p2a: Dragonite|Dragonite, M|94\/100\n|switch|p1a: Kartana|Kartana, shiny|100\/100\n|turn|37\n|\n|t:|1700292342\n|move|p1a: Kartana|Swords Dance|p1a: Kartana\n|-boost|p1a: Kartana|atk|2\n|move|p2a: Dragonite|Curse|p2a: Dragonite\n|-unboost|p2a: Dragonite|spe|1\n|-boost|p2a: Dragonite|atk|1\n|-boost|p2a: Dragonite|def|1\n|\n|upkeep\n|turn|38\n|\n|t:|1700292352\n|move|p1a: Kartana|Smart Strike|p2a: Dragonite\n|-damage|p2a: Dragonite|42\/100\n|move|p2a: Dragonite|Earthquake|p1a: Kartana\n|-damage|p1a: Kartana|44\/100\n|\n|upkeep\n|turn|39\n|\n|t:|1700292364\n|move|p1a: Kartana|Smart Strike|p2a: Dragonite\n|-damage|p2a: Dragonite|0 fnt\n|faint|p2a: Dragonite\n|-ability|p1a: Kartana|Beast Boost|boost\n|-boost|p1a: Kartana|atk|1\n|\n|upkeep\n|\n|t:|1700292366\n|switch|p2a: Diancie|Diancie-Mega|100\/100\n|-status|p2a: Diancie|tox\n|turn|40\n|\n|t:|1700292374\n|move|p2a: Diancie|Mystical Fire|p1a: Kartana\n|-supereffective|p1a: Kartana\n|-damage|p1a: Kartana|0 fnt\n|faint|p1a: Kartana\n|\n|-damage|p2a: Diancie|94\/100 tox|[from] psn\n|upkeep\n|\n|t:|1700292386\n|switch|p1a: Volcarona|Volcarona, F, shiny|39\/100\n|turn|41\n|\n|t:|1700292395\n|-terastallize|p1a: Volcarona|Water\n|move|p2a: Diancie|Diamond Storm|p1a: Volcarona\n|-damage|p1a: Volcarona|0 fnt\n|-boost|p2a: Diancie|def|2\n|faint|p1a: Volcarona\n|\n|-damage|p2a: Diancie|82\/100 tox|[from] psn\n|upkeep\n|\n|t:|1700292405\n|switch|p1a: Toxapex|Toxapex, M, shiny|100\/100\n|turn|42\n|\n|t:|1700292414\n|move|p2a: Diancie|Diamond Storm|p1a: Toxapex\n|-damage|p1a: Toxapex|67\/100\n|-boost|p2a: Diancie|def|2\n|move|p1a: Toxapex|Scald|p2a: Diancie\n|-supereffective|p2a: Diancie\n|-damage|p2a: Diancie|36\/100 tox\n|\n|-damage|p2a: Diancie|18\/100 tox|[from] psn\n|upkeep\n|turn|43\n|\n|t:|1700292424\n|move|p2a: Diancie|Diamond Storm|p1a: Toxapex\n|-damage|p1a: Toxapex|35\/100\n|-boost|p2a: Diancie|def|2\n|move|p1a: Toxapex|Scald|p2a: Diancie\n|-supereffective|p2a: Diancie\n|-damage|p2a: Diancie|0 fnt\n|faint|p2a: Diancie\n|\n|win|Jsjsjsjsjsns\n|raw|Jsjsjsjsjsns's rating: 1194 &rarr; <strong>1223<\/strong><br \/>(+29 for winning)\n|raw|nijika10086's rating: 1252 &rarr; <strong>1223<\/strong><br \/>(-29 for losing)\n|l|\u2606nijika10086\n","uploadtime":1700292436,"views":6,"p1id":"jsjsjsjsjsns","p2id":"nijika10086","formatid":"gen9nationaldex","rating":1223,"private":0,"password":""}