{"id":"gen9nationaldex-1995486469","p1":"zgynumber","p2":"baigu2","format":"[Gen 9] National Dex","log":"|html|<div class=\"broadcast-blue\"><strong>[Gen 9] National Dex is currently suspecting Sneasler! For information on how to participate check out the <a href=\"https:\/\/www.smogon.com\/forums\/threads\/sv-national-dex-suspect-8-just-dance.3731534\/\">suspect thread<\/a>.<\/strong><\/div>\n|j|\u2606zgynumber\n|j|\u2606baigu2\n|t:|1700576113\n|gametype|singles\n|player|p1|zgynumber|101|1545\n|player|p2|baigu2|101|1651\n|teamsize|p1|6\n|teamsize|p2|6\n|gen|9\n|tier|[Gen 9] National Dex\n|rated|\n|rule|HP Percentage Mod: HP is shown in percentages\n|rule|Endless Battle Clause: Forcing endless battles is banned\n|rule|OHKO Clause: OHKO moves are banned\n|rule|Evasion Clause: Evasion abilities, items, and moves are banned\n|rule|Evasion Abilities Clause: Evasion abilities are banned\n|rule|Evasion Items Clause: Evasion items are banned\n|rule|Evasion Moves Clause: Evasion moves are banned\n|rule|Species Clause: Limit one of each Pok\u00e9mon\n|rule|Sleep Clause Mod: Limit one foe put to sleep\n|clearpoke\n|poke|p1|Golisopod, M|\n|poke|p1|Hoopa-Unbound|\n|poke|p1|Zapdos|\n|poke|p1|Landorus-Therian, M|\n|poke|p1|Heatran, M|\n|poke|p1|Scizor, F|\n|poke|p2|Ursaluna, F|\n|poke|p2|Dragonite, F|\n|poke|p2|Slowking, M|\n|poke|p2|Tapu Koko|\n|poke|p2|Hoopa-Unbound|\n|poke|p2|Great Tusk|\n|teampreview\n|inactive|Battle timer is ON: inactive players will automatically lose when time's up. (requested by zgynumber)\n|j| shutuprwdv\n|\n|t:|1700576129\n|start\n|switch|p1a: Scizor|Scizor, F|100\/100\n|switch|p2a: Tapu Koko|Tapu Koko|100\/100\n|-fieldstart|move: Electric Terrain|[from] ability: Electric Surge|[of] p2a: Tapu Koko\n|turn|1\n|\n|t:|1700576145\n|switch|p1a: Landorus|Landorus-Therian, M, shiny|100\/100\n|-ability|p1a: Landorus|Intimidate|boost\n|-unboost|p2a: Tapu Koko|atk|1\n|move|p2a: Tapu Koko|U-turn|p1a: Landorus\n|-resisted|p1a: Landorus\n|-damage|p1a: Landorus|95\/100\n|\n|t:|1700576150\n|switch|p2a: Ursaluna|Ursaluna, F|100\/100|[from] U-turn\n|\n|-status|p2a: Ursaluna|brn|[from] item: Flame Orb\n|upkeep\n|turn|2\n|inactive|zgynumber has 120 seconds left.\n|\n|t:|1700576190\n|move|p1a: Landorus|Earthquake|p2a: Ursaluna\n|-damage|p2a: Ursaluna|60\/100 brn\n|move|p2a: Ursaluna|Facade|p1a: Landorus\n|-damage|p1a: Landorus|0 fnt\n|faint|p1a: Landorus\n|\n|-damage|p2a: Ursaluna|54\/100 brn|[from] brn\n|upkeep\n|\n|t:|1700576211\n|switch|p1a: Hoopa|Hoopa-Unbound|100\/100\n|turn|3\n|\n|t:|1700576215\n|switch|p2a: Dragonite|Dragonite, F|100\/100\n|-terastallize|p1a: Hoopa|Dark\n|move|p1a: Hoopa|Hyperspace Fury|p2a: Dragonite\n|-damage|p2a: Dragonite|34\/100\n|-unboost|p1a: Hoopa|def|1\n|\n|upkeep\n|turn|4\n|\n|t:|1700576225\n|switch|p1a: Scizor|Scizor, F|100\/100\n|move|p2a: Dragonite|Extreme Speed|p1a: Scizor\n|-resisted|p1a: Scizor\n|-damage|p1a: Scizor|79\/100\n|\n|upkeep\n|turn|5\n|inactive|zgynumber has 120 seconds left.\n|\n|t:|1700576237\n|switch|p2a: Great Tusk|Great Tusk|100\/100\n|detailschange|p1a: Scizor|Scizor-Mega, F\n|-mega|p1a: Scizor|Scizor|Scizorite\n|move|p1a: Scizor|U-turn|p2a: Great Tusk\n|-resisted|p2a: Great Tusk\n|-damage|p2a: Great Tusk|87\/100\n|\n|t:|1700576253\n|switch|p1a: Golisopod|Golisopod, M, shiny|100\/100|[from] U-turn\n|\n|-fieldend|move: Electric Terrain\n|upkeep\n|turn|6\n|\n|t:|1700576261\n|move|p2a: Great Tusk|Stealth Rock|p1a: Golisopod\n|-sidestart|p1: zgynumber|move: Stealth Rock\n|move|p1a: Golisopod|Liquidation|p2a: Great Tusk\n|-supereffective|p2a: Great Tusk\n|-damage|p2a: Great Tusk|27\/100\n|\n|upkeep\n|turn|7\n|\n|t:|1700576278\n|move|p2a: Great Tusk|Headlong Rush|p1a: Golisopod\n|-resisted|p1a: Golisopod\n|-damage|p1a: Golisopod|77\/100\n|-unboost|p2a: Great Tusk|def|1\n|-unboost|p2a: Great Tusk|spd|1\n|move|p1a: Golisopod|Leech Life|p2a: Great Tusk\n|-resisted|p2a: Great Tusk\n|-damage|p2a: Great Tusk|6\/100\n|-heal|p1a: Golisopod|90\/100|[from] drain|[of] p2a: Great Tusk\n|\n|upkeep\n|turn|8\n|inactive|zgynumber has 120 seconds left.\n|\n|t:|1700576288\n|move|p1a: Golisopod|Aqua Jet|p2a: Great Tusk\n|-supereffective|p2a: Great Tusk\n|-damage|p2a: Great Tusk|0 fnt\n|faint|p2a: Great Tusk\n|-end|p2a: Great Tusk|Protosynthesis|[silent]\n|\n|upkeep\n|\n|t:|1700576290\n|switch|p2a: Tapu Koko|Tapu Koko|100\/100\n|-fieldstart|move: Electric Terrain|[from] ability: Electric Surge|[of] p2a: Tapu Koko\n|turn|9\n|\n|t:|1700576300\n|switch|p1a: Heatran|Heatran, M|100\/100\n|-damage|p1a: Heatran|88\/100|[from] Stealth Rock\n|move|p2a: Tapu Koko|Thunderbolt|p1a: Heatran\n|-damage|p1a: Heatran|46\/100\n|\n|-heal|p1a: Heatran|53\/100|[from] item: Leftovers\n|upkeep\n|turn|10\n|inactive|zgynumber has 120 seconds left.\n|\n|t:|1700576316\n|-terastallize|p2a: Tapu Koko|Electric\n|move|p2a: Tapu Koko|Thunderbolt|p1a: Heatran\n|-damage|p1a: Heatran|0 fnt\n|faint|p1a: Heatran\n|\n|upkeep\n|inactive|zgynumber has 120 seconds left.\n|\n|t:|1700576330\n|switch|p1a: Hoopa|Hoopa-Unbound, tera:Dark|100\/100\n|-damage|p1a: Hoopa|88\/100|[from] Stealth Rock\n|turn|11\n|\n|t:|1700576336\n|switch|p2a: Hoopa|Hoopa-Unbound|100\/100\n|move|p1a: Hoopa|Hyperspace Fury|p2a: Hoopa\n|-damage|p2a: Hoopa|0 fnt\n|-unboost|p1a: Hoopa|def|1\n|faint|p2a: Hoopa\n|\n|upkeep\n|\n|t:|1700576338\n|switch|p2a: Dragonite|Dragonite, F|34\/100\n|turn|12\n|\n|t:|1700576347\n|switch|p1a: Zapdos|Zapdos|100\/100\n|move|p2a: Dragonite|Fire Punch|p1a: Zapdos\n|-damage|p1a: Zapdos|67\/100\n|-status|p1a: Zapdos|brn\n|\n|-damage|p1a: Zapdos|60\/100 brn|[from] brn\n|upkeep\n|turn|13\n|\n|t:|1700576369\n|switch|p2a: Tapu Koko|Tapu Koko, tera:Electric|100\/100\n|move|p1a: Zapdos|Roost|p1a: Zapdos\n|-heal|p1a: Zapdos|100\/100 brn\n|-singleturn|p1a: Zapdos|move: Roost\n|\n|-damage|p1a: Zapdos|94\/100 brn|[from] brn\n|-fieldend|move: Electric Terrain\n|upkeep\n|turn|14\n|\n|t:|1700576381\n|move|p2a: Tapu Koko|Thunderbolt|p1a: Zapdos\n|-damage|p1a: Zapdos|19\/100 brn\n|move|p1a: Zapdos|Volt Switch|p2a: Tapu Koko\n|-resisted|p2a: Tapu Koko\n|-damage|p2a: Tapu Koko|79\/100\n|\n|t:|1700576391\n|switch|p1a: Hoopa|Hoopa-Unbound, tera:Dark|88\/100|[from] Volt Switch\n|-damage|p1a: Hoopa|76\/100|[from] Stealth Rock\n|\n|upkeep\n|turn|15\n|\n|t:|1700576401\n|switch|p2a: Slowking|Slowking, M|100\/100\n|move|p1a: Hoopa|Hyperspace Fury|p2a: Slowking\n|-supereffective|p2a: Slowking\n|-damage|p2a: Slowking|0 fnt\n|-unboost|p1a: Hoopa|def|1\n|faint|p2a: Slowking\n|\n|upkeep\n|\n|t:|1700576404\n|switch|p2a: Dragonite|Dragonite, F|34\/100\n|turn|16\n|\n|t:|1700576419\n|switch|p1a: Zapdos|Zapdos|19\/100 brn\n|move|p2a: Dragonite|Extreme Speed|p1a: Zapdos\n|-damage|p1a: Zapdos|0 fnt\n|faint|p1a: Zapdos\n|\n|upkeep\n|inactive|zgynumber has 120 seconds left.\n|\n|t:|1700576433\n|switch|p1a: Scizor|Scizor-Mega, F|79\/100\n|-damage|p1a: Scizor|67\/100|[from] Stealth Rock\n|turn|17\n|inactive|zgynumber has 120 seconds left.\n|\n|t:|1700576447\n|move|p2a: Dragonite|Extreme Speed|p1a: Scizor\n|-resisted|p1a: Scizor\n|-damage|p1a: Scizor|50\/100\n|move|p1a: Scizor|Close Combat|p2a: Dragonite\n|-resisted|p2a: Dragonite\n|-damage|p2a: Dragonite|12\/100\n|-unboost|p1a: Scizor|def|1\n|-unboost|p1a: Scizor|spd|1\n|\n|upkeep\n|turn|18\n|\n|t:|1700576461\n|switch|p2a: Ursaluna|Ursaluna, F|54\/100 brn\n|move|p1a: Scizor|Roost|p1a: Scizor\n|-heal|p1a: Scizor|99\/100\n|-singleturn|p1a: Scizor|move: Roost\n|\n|-damage|p2a: Ursaluna|48\/100 brn|[from] brn\n|upkeep\n|turn|19\n|inactive|zgynumber has 120 seconds left.\n|\n|t:|1700576492\n|switch|p1a: Hoopa|Hoopa-Unbound, tera:Dark|76\/100\n|-damage|p1a: Hoopa|64\/100|[from] Stealth Rock\n|move|p2a: Ursaluna|Fire Punch|p1a: Hoopa\n|-damage|p1a: Hoopa|0 fnt\n|faint|p1a: Hoopa\n|\n|-damage|p2a: Ursaluna|42\/100 brn|[from] brn\n|upkeep\n|\n|t:|1700576507\n|switch|p1a: Golisopod|Golisopod, M, shiny|90\/100\n|turn|20\n|\n|t:|1700576519\n|move|p1a: Golisopod|First Impression|p2a: Ursaluna\n|-damage|p2a: Ursaluna|9\/100 brn\n|move|p2a: Ursaluna|Facade|p1a: Golisopod\n|-damage|p1a: Golisopod|0 fnt\n|faint|p1a: Golisopod\n|\n|-damage|p2a: Ursaluna|3\/100 brn|[from] brn\n|upkeep\n|\n|t:|1700576527\n|switch|p1a: Scizor|Scizor-Mega, F|99\/100\n|-damage|p1a: Scizor|88\/100|[from] Stealth Rock\n|turn|21\n|\n|t:|1700576533\n|move|p1a: Scizor|Bullet Punch|p2a: Ursaluna\n|-damage|p2a: Ursaluna|0 fnt\n|faint|p2a: Ursaluna\n|\n|upkeep\n|\n|t:|1700576535\n|switch|p2a: Tapu Koko|Tapu Koko, tera:Electric|79\/100\n|-fieldstart|move: Electric Terrain|[from] ability: Electric Surge|[of] p2a: Tapu Koko\n|turn|22\n|\n|t:|1700576544\n|move|p2a: Tapu Koko|Thunderbolt|p1a: Scizor\n|-damage|p1a: Scizor|0 fnt\n|faint|p1a: Scizor\n|\n|win|baigu2\n|raw|zgynumber's rating: 1545 &rarr; <strong>1531<\/strong><br \/>(-14 for losing)\n|raw|baigu2's rating: 1651 &rarr; <strong>1665<\/strong><br \/>(+14 for winning)\n","uploadtime":1700576548,"views":0,"p1id":"zgynumber","p2id":"baigu2","formatid":"gen9nationaldex","rating":1531,"private":0,"password":""}