{"id":"gen9nationaldex-1992551191","p1":"JachiMalz","p2":"szkkk","format":"[Gen 9] National Dex","log":"|j|\u2606JachiMalz\n|j|\u2606szkkk\n|t:|1700204182\n|gametype|singles\n|player|p1|JachiMalz|rocketgruntf|1450\n|player|p2|szkkk|acerola|1346\n|teamsize|p1|6\n|teamsize|p2|6\n|gen|9\n|tier|[Gen 9] National Dex\n|rated|\n|rule|HP Percentage Mod: HP is shown in percentages\n|rule|Endless Battle Clause: Forcing endless battles is banned\n|rule|OHKO Clause: OHKO moves are banned\n|rule|Evasion Clause: Evasion abilities, items, and moves are banned\n|rule|Evasion Abilities Clause: Evasion abilities are banned\n|rule|Evasion Items Clause: Evasion items are banned\n|rule|Evasion Moves Clause: Evasion moves are banned\n|rule|Species Clause: Limit one of each Pok\u00e9mon\n|rule|Sleep Clause Mod: Limit one foe put to sleep\n|clearpoke\n|poke|p1|Reuniclus, F|\n|poke|p1|Tapu Koko|\n|poke|p1|Gastrodon, F|\n|poke|p1|Keldeo-Resolute|\n|poke|p1|Sneasler, F|\n|poke|p1|Iron Treads|\n|poke|p2|Ninetales-Alola, F|\n|poke|p2|Alomomola, F|\n|poke|p2|Volcarona, M|\n|poke|p2|Kommo-o, F|\n|poke|p2|Mawile, F|\n|poke|p2|Dragonite, M|\n|teampreview\n|inactive|Battle timer is ON: inactive players will automatically lose when time's up. (requested by szkkk)\n|\n|t:|1700204192\n|start\n|switch|p1a: Tapu Koko|Tapu Koko|100\/100\n|switch|p2a: Ninetales|Ninetales-Alola, F, shiny|100\/100\n|-fieldstart|move: Electric Terrain|[from] ability: Electric Surge|[of] p1a: Tapu Koko\n|-weather|Snow|[from] ability: Snow Warning|[of] p2a: Ninetales\n|turn|1\n|\n|t:|1700204198\n|move|p1a: Tapu Koko|Volt Switch|p2a: Ninetales\n|-damage|p2a: Ninetales|56\/100\n|\n|t:|1700204205\n|switch|p1a: Iron Treads|Iron Treads|100\/100|[from] Volt Switch\n|-activate|p1a: Iron Treads|ability: Quark Drive\n|-start|p1a: Iron Treads|quarkdrivespe\n|move|p2a: Ninetales|Aurora Veil|p2a: Ninetales\n|-sidestart|p2: szkkk|move: Aurora Veil\n|\n|-weather|Snow|[upkeep]\n|upkeep\n|turn|2\n|\n|t:|1700204219\n|switch|p2a: Volcarona|Volcarona, M|100\/100\n|move|p1a: Iron Treads|Earthquake|p2a: Volcarona\n|-damage|p2a: Volcarona|53\/100\n|-damage|p1a: Iron Treads|91\/100|[from] item: Life Orb\n|\n|-weather|Snow|[upkeep]\n|-heal|p2a: Volcarona|59\/100|[from] item: Leftovers\n|upkeep\n|turn|3\n|\n|t:|1700204226\n|-terastallize|p2a: Volcarona|Grass\n|move|p1a: Iron Treads|Earthquake|p2a: Volcarona\n|-resisted|p2a: Volcarona\n|-damage|p2a: Volcarona|35\/100\n|-damage|p1a: Iron Treads|81\/100|[from] item: Life Orb\n|move|p2a: Volcarona|Quiver Dance|p2a: Volcarona\n|-boost|p2a: Volcarona|spa|1\n|-boost|p2a: Volcarona|spd|1\n|-boost|p2a: Volcarona|spe|1\n|\n|-weather|Snow|[upkeep]\n|-heal|p2a: Volcarona|41\/100|[from] item: Leftovers\n|upkeep\n|turn|4\n|\n|t:|1700204233\n|-terastallize|p1a: Iron Treads|Fire\n|move|p1a: Iron Treads|Tera Blast|p2a: Volcarona|[anim] Tera Blast Fire\n|-supereffective|p2a: Volcarona\n|-damage|p2a: Volcarona|0 fnt\n|faint|p2a: Volcarona\n|-damage|p1a: Iron Treads|71\/100|[from] item: Life Orb\n|\n|-weather|Snow|[upkeep]\n|upkeep\n|\n|t:|1700204243\n|switch|p2a: Kommo-o|Kommo-o, F|100\/100\n|turn|5\n|\n|t:|1700204255\n|move|p1a: Iron Treads|Earthquake|p2a: Kommo-o\n|-damage|p2a: Kommo-o|70\/100\n|-damage|p1a: Iron Treads|61\/100|[from] item: Life Orb\n|move|p2a: Kommo-o|Belly Drum|p2a: Kommo-o\n|-damage|p2a: Kommo-o|20\/100\n|-setboost|p2a: Kommo-o|atk|6|[from] move: Belly Drum\n|-enditem|p2a: Kommo-o|Salac Berry|[eat]\n|-boost|p2a: Kommo-o|spe|1|[from] item: Salac Berry\n|\n|-weather|none\n|-fieldend|move: Electric Terrain\n|-end|p1a: Iron Treads|Quark Drive\n|upkeep\n|turn|6\n|\n|t:|1700204265\n|move|p2a: Kommo-o|Drain Punch|p1a: Iron Treads\n|-damage|p1a: Iron Treads|0 fnt\n|-heal|p2a: Kommo-o|53\/100|[from] drain|[of] p1a: Iron Treads\n|faint|p1a: Iron Treads\n|-end|p1a: Iron Treads|Quark Drive|[silent]\n|\n|upkeep\n|\n|t:|1700204268\n|switch|p1a: Tapu Koko|Tapu Koko|100\/100\n|-fieldstart|move: Electric Terrain|[from] ability: Electric Surge|[of] p1a: Tapu Koko\n|turn|7\n|\n|t:|1700204280\n|move|p2a: Kommo-o|Drain Punch|p1a: Tapu Koko\n|-resisted|p1a: Tapu Koko\n|-damage|p1a: Tapu Koko|4\/100\n|-heal|p2a: Kommo-o|99\/100|[from] drain|[of] p1a: Tapu Koko\n|move|p1a: Tapu Koko|Dazzling Gleam|p2a: Kommo-o\n|-supereffective|p2a: Kommo-o\n|-damage|p2a: Kommo-o|18\/100\n|\n|upkeep\n|turn|8\n|\n|t:|1700204289\n|switch|p1a: Sneasler|Sneasler, F|100\/100\n|-enditem|p1a: Sneasler|Electric Seed\n|-boost|p1a: Sneasler|def|1|[from] item: Electric Seed\n|move|p2a: Kommo-o|Drain Punch|p1a: Sneasler\n|-resisted|p1a: Sneasler\n|-crit|p1a: Sneasler\n|-damage|p1a: Sneasler|0 fnt\n|-heal|p2a: Kommo-o|70\/100|[from] drain|[of] p1a: Sneasler\n|faint|p1a: Sneasler\n|\n|-sideend|p2: szkkk|move: Aurora Veil\n|upkeep\n|\n|t:|1700204295\n|switch|p1a: Keldeo|Keldeo-Resolute|100\/100\n|turn|9\n|\n|t:|1700204301\n|move|p2a: Kommo-o|Drain Punch|p1a: Keldeo\n|-damage|p1a: Keldeo|0 fnt\n|-heal|p2a: Kommo-o|100\/100|[from] drain|[of] p1a: Keldeo\n|faint|p1a: Keldeo\n|\n|upkeep\n|\n|t:|1700204304\n|switch|p1a: Reuniclus|Reuniclus, F|100\/100\n|-enditem|p1a: Reuniclus|Electric Seed\n|-boost|p1a: Reuniclus|def|1|[from] item: Electric Seed\n|turn|10\n|\n|t:|1700204312\n|move|p2a: Kommo-o|Thunder Punch|p1a: Reuniclus\n|-damage|p1a: Reuniclus|47\/100\n|move|p1a: Reuniclus|Stored Power|p2a: Kommo-o\n|-supereffective|p2a: Kommo-o\n|-damage|p2a: Kommo-o|59\/100\n|\n|upkeep\n|turn|11\n|\n|t:|1700204317\n|move|p2a: Kommo-o|Thunder Punch|p1a: Reuniclus\n|-damage|p1a: Reuniclus|0 fnt\n|faint|p1a: Reuniclus\n|\n|-fieldend|move: Electric Terrain\n|upkeep\n|\n|t:|1700204319\n|switch|p1a: Gastrodon|Gastrodon, F|100\/100\n|turn|12\n|\n|t:|1700204322\n|move|p2a: Kommo-o|Drain Punch|p1a: Gastrodon\n|-damage|p1a: Gastrodon|0 fnt\n|-heal|p2a: Kommo-o|100\/100|[from] drain|[of] p1a: Gastrodon\n|faint|p1a: Gastrodon\n|\n|upkeep\n|\n|t:|1700204324\n|switch|p1a: Tapu Koko|Tapu Koko|4\/100\n|-fieldstart|move: Electric Terrain|[from] ability: Electric Surge|[of] p1a: Tapu Koko\n|turn|13\n|\n|t:|1700204326\n|move|p2a: Kommo-o|Drain Punch|p1a: Tapu Koko\n|-resisted|p1a: Tapu Koko\n|-damage|p1a: Tapu Koko|0 fnt\n|faint|p1a: Tapu Koko\n|\n|win|szkkk\n|raw|JachiMalz's rating: 1450 &rarr; <strong>1424<\/strong><br \/>(-26 for losing)\n|raw|szkkk's rating: 1346 &rarr; <strong>1372<\/strong><br \/>(+26 for winning)\n|l|\u2606JachiMalz\n","uploadtime":1700204335,"views":9,"p1id":"jachimalz","p2id":"szkkk","formatid":"gen9nationaldex","rating":1372,"private":0,"password":""}