{"id":"gen9nationaldex-1997784023","p1":"jiangxiuxiu1218","p2":"Z-ARC Butler","format":"[Gen 9] National Dex","log":"|html|<div class=\"broadcast-blue\"><strong>[Gen 9] National Dex is currently suspecting Sneasler! For information on how to participate check out the <a href=\"https:\/\/www.smogon.com\/forums\/threads\/sv-national-dex-suspect-8-just-dance.3731534\/\">suspect thread<\/a>.<\/strong><\/div>\n|j|\u2606jiangxiuxiu1218\n|j|\u2606Z-ARC Butler\n|t:|1700852282\n|gametype|singles\n|player|p1|jiangxiuxiu1218|riley|1131\n|player|p2|Z-ARC Butler|pokemonranger-gen4|1102\n|teamsize|p1|6\n|teamsize|p2|6\n|gen|9\n|tier|[Gen 9] National Dex\n|rated|\n|rule|HP Percentage Mod: HP is shown in percentages\n|rule|Endless Battle Clause: Forcing endless battles is banned\n|rule|OHKO Clause: OHKO moves are banned\n|rule|Evasion Clause: Evasion abilities, items, and moves are banned\n|rule|Evasion Abilities Clause: Evasion abilities are banned\n|rule|Evasion Items Clause: Evasion items are banned\n|rule|Evasion Moves Clause: Evasion moves are banned\n|rule|Species Clause: Limit one of each Pok\u00e9mon\n|rule|Sleep Clause Mod: Limit one foe put to sleep\n|clearpoke\n|poke|p1|Ferrothorn, F|\n|poke|p1|Landorus-Therian, M|\n|poke|p1|Cloyster, F|\n|poke|p1|Glalie, M|\n|poke|p1|Golem-Alola, F|\n|poke|p1|Grafaiai, M|\n|poke|p2|Absol, M|\n|poke|p2|Crobat, F|\n|poke|p2|Grapploct, F|\n|poke|p2|Primarina, F|\n|poke|p2|Celesteela|\n|poke|p2|Flygon, M|\n|teampreview\n|inactive|Battle timer is ON: inactive players will automatically lose when time's up. (requested by jiangxiuxiu1218)\n|\n|t:|1700852289\n|start\n|switch|p1a: Grafaiai|Grafaiai, M|100\/100\n|switch|p2a: Celesteela|Celesteela|100\/100\n|turn|1\n|\n|t:|1700852295\n|move|p1a: Grafaiai|Switcheroo|p2a: Celesteela\n|-activate|p1a: Grafaiai|move: Trick|[of] p2a: Celesteela\n|-item|p2a: Celesteela|Choice Band|[from] move: Switcheroo\n|-enditem|p1a: Grafaiai|Choice Band|[silent]|[from] move: Switcheroo\n|move|p2a: Celesteela|Earthquake|p1a: Grafaiai\n|-supereffective|p1a: Grafaiai\n|-damage|p1a: Grafaiai|0 fnt\n|faint|p1a: Grafaiai\n|-ability|p2a: Celesteela|Beast Boost|boost\n|-boost|p2a: Celesteela|atk|1\n|\n|upkeep\n|\n|t:|1700852307\n|switch|p1a: Landorus|Landorus-Therian, M|100\/100\n|-ability|p1a: Landorus|Intimidate|boost\n|-unboost|p2a: Celesteela|atk|1\n|turn|2\n|\n|t:|1700852317\n|switch|p2a: Grapploct|Grapploct, F|100\/100\n|move|p1a: Landorus|Stealth Rock|p2a: Grapploct\n|-sidestart|p2: Z-ARC Butler|move: Stealth Rock\n|\n|upkeep\n|turn|3\n|\n|t:|1700852332\n|switch|p1a: Golem|Golem-Alola, F|100\/100\n|-terastallize|p2a: Grapploct|Ice\n|move|p2a: Grapploct|Ice Punch|p1a: Golem\n|-damage|p1a: Golem|71\/100\n|\n|upkeep\n|turn|4\n|\n|t:|1700852342\n|-terastallize|p1a: Golem|Flying\n|move|p1a: Golem|Fire Punch|p2a: Grapploct\n|-supereffective|p2a: Grapploct\n|-damage|p2a: Grapploct|41\/100\n|move|p2a: Grapploct|Revenge|p1a: Golem\n|-resisted|p1a: Golem\n|-damage|p1a: Golem|48\/100\n|\n|upkeep\n|turn|5\n|\n|t:|1700852351\n|move|p1a: Golem|Fire Punch|p2a: Grapploct\n|-supereffective|p2a: Grapploct\n|-damage|p2a: Grapploct|0 fnt\n|faint|p2a: Grapploct\n|\n|upkeep\n|\n|t:|1700852363\n|switch|p2a: Celesteela|Celesteela|100\/100\n|-damage|p2a: Celesteela|88\/100|[from] Stealth Rock\n|turn|6\n|\n|t:|1700852369\n|move|p2a: Celesteela|Flame Charge|p1a: Golem\n|-damage|p1a: Golem|31\/100\n|-boost|p2a: Celesteela|spe|1\n|move|p1a: Golem|Wild Charge|p2a: Celesteela\n|-supereffective|p2a: Celesteela\n|-damage|p2a: Celesteela|0 fnt\n|faint|p2a: Celesteela\n|-damage|p1a: Golem|11\/100|[from] Recoil\n|\n|upkeep\n|\n|t:|1700852387\n|switch|p2a: Absol|Absol, M|100\/100\n|-damage|p2a: Absol|88\/100|[from] Stealth Rock\n|turn|7\n|-enditem|p1a: Golem|Custap Berry|[eat]\n|-activate|p1a: Golem|item: Custap Berry|[consumed]\n|\n|t:|1700852393\n|move|p1a: Golem|Explosion|p2a: Absol\n|-crit|p2a: Absol\n|-damage|p2a: Absol|0 fnt\n|faint|p1a: Golem\n|faint|p2a: Absol\n|\n|upkeep\n|\n|t:|1700852405\n|switch|p2a: Flygon|Flygon, M|100\/100\n|switch|p1a: Glalie|Glalie, M|100\/100\n|-damage|p2a: Flygon|95\/100|[from] Stealth Rock\n|turn|8\n|\n|t:|1700852412\n|detailschange|p1a: Glalie|Glalie-Mega, M\n|-mega|p1a: Glalie|Glalie|Glalitite\n|move|p2a: Flygon|First Impression|p1a: Glalie\n|-damage|p1a: Glalie|67\/100\n|move|p1a: Glalie|Double-Edge|p2a: Flygon\n|-supereffective|p2a: Flygon\n|-damage|p2a: Flygon|0 fnt\n|faint|p2a: Flygon\n|-damage|p1a: Glalie|36\/100|[from] Recoil\n|\n|upkeep\n|\n|t:|1700852421\n|switch|p2a: Primarina|Primarina, F|100\/100\n|-damage|p2a: Primarina|88\/100|[from] Stealth Rock\n|turn|9\n|\n|t:|1700852427\n|move|p1a: Glalie|Explosion|p2a: Primarina\n|-resisted|p2a: Primarina\n|-damage|p2a: Primarina|0 fnt\n|faint|p1a: Glalie\n|faint|p2a: Primarina\n|\n|upkeep\n|\n|t:|1700852434\n|switch|p1a: Ferrothorn|Ferrothorn, F|100\/100\n|switch|p2a: Crobat|Crobat, F|100\/100\n|-damage|p2a: Crobat|76\/100|[from] Stealth Rock\n|turn|10\n|\n|t:|1700852440\n|move|p2a: Crobat|Acrobatics|p1a: Ferrothorn\n|-damage|p1a: Ferrothorn|67\/100\n|-damage|p2a: Crobat|64\/100|[from] ability: Iron Barbs|[of] p1a: Ferrothorn\n|move|p1a: Ferrothorn|Explosion|p2a: Crobat\n|-enditem|p1a: Ferrothorn|Normal Gem|[from] gem\n|-damage|p2a: Crobat|0 fnt\n|faint|p1a: Ferrothorn\n|faint|p2a: Crobat\n|\n|win|jiangxiuxiu1218\n|raw|jiangxiuxiu1218's rating: 1131 &rarr; <strong>1154<\/strong><br \/>(+23 for winning)\n|raw|Z-ARC Butler's rating: 1102 &rarr; <strong>1079<\/strong><br \/>(-23 for losing)\n|l|\u2606Z-ARC Butler\n","uploadtime":1700852567,"views":1,"p1id":"jiangxiuxiu1218","p2id":"zarcbutler","formatid":"gen9nationaldex","rating":1079,"private":0,"password":""}