{"id":"gen9nationaldex-1994376636","p1":"akyraaiko","p2":"Ekkogandr","format":"[Gen 9] National Dex","log":"|j|\u2606akyraaiko\n|j|\u2606Ekkogandr\n|t:|1700436890\n|gametype|singles\n|player|p1|akyraaiko|101|\n|player|p2|Ekkogandr|turo-ai|\n|teamsize|p1|6\n|teamsize|p2|6\n|gen|9\n|tier|[Gen 9] National Dex\n|rule|HP Percentage Mod: HP is shown in percentages\n|rule|Endless Battle Clause: Forcing endless battles is banned\n|rule|OHKO Clause: OHKO moves are banned\n|rule|Evasion Clause: Evasion abilities, items, and moves are banned\n|rule|Evasion Abilities Clause: Evasion abilities are banned\n|rule|Evasion Items Clause: Evasion items are banned\n|rule|Evasion Moves Clause: Evasion moves are banned\n|rule|Species Clause: Limit one of each Pok\u00e9mon\n|rule|Sleep Clause Mod: Limit one foe put to sleep\n|clearpoke\n|poke|p1|Iron Hands|\n|poke|p1|Garchomp, M|\n|poke|p1|Lycanroc-Dusk, F|\n|poke|p1|Urshifu-*, F|\n|poke|p1|Heatran, M|\n|poke|p1|Mimikyu, M|\n|poke|p2|Gyarados, F|\n|poke|p2|Iron Valiant|\n|poke|p2|Volcarona, F|\n|poke|p2|Heatran, M|\n|poke|p2|Great Tusk|\n|poke|p2|Landorus-Therian, M|\n|teampreview\n|\n|t:|1700436918\n|start\n|switch|p1a: calorento|Heatran, M, shiny|100\/100\n|switch|p2a: Terra Tigris|Landorus-Therian, M|100\/100\n|-ability|p2a: Terra Tigris|Intimidate|boost\n|-unboost|p1a: calorento|atk|1\n|-item|p1a: calorento|Air Balloon\n|turn|1\n|\n|t:|1700436924\n|move|p2a: Terra Tigris|Stealth Rock|p1a: calorento\n|-sidestart|p1: akyraaiko|move: Stealth Rock\n|move|p1a: calorento|Stealth Rock|p2a: Terra Tigris\n|-sidestart|p2: Ekkogandr|move: Stealth Rock\n|\n|upkeep\n|turn|2\n|\n|t:|1700436928\n|move|p2a: Terra Tigris|U-turn|p1a: calorento\n|-resisted|p1a: calorento\n|-damage|p1a: calorento|96\/100\n|-enditem|p1a: calorento|Air Balloon\n|\n|t:|1700436933\n|switch|p2a: Dominus Terrae|Great Tusk|100\/100|[from] U-turn\n|move|p1a: calorento|Magma Storm|p2a: Dominus Terrae\n|-damage|p2a: Dominus Terrae|11\/100\n|-activate|p2a: Dominus Terrae|move: Magma Storm|[of] p1a: calorento\n|\n|-damage|p2a: Dominus Terrae|0 fnt|[from] move: Magma Storm|[partiallytrapped]\n|faint|p2a: Dominus Terrae\n|-end|p2a: Dominus Terrae|Protosynthesis|[silent]\n|upkeep\n|\n|t:|1700436941\n|switch|p2a: Domina Aestuum|Gyarados, F, shiny|100\/100\n|-damage|p2a: Domina Aestuum|76\/100|[from] Stealth Rock\n|-ability|p2a: Domina Aestuum|Intimidate|boost\n|-unboost|p1a: calorento|atk|1\n|turn|3\n|\n|t:|1700436966\n|detailschange|p2a: Domina Aestuum|Gyarados-Mega, F, shiny\n|-mega|p2a: Domina Aestuum|Gyarados|Gyaradosite\n|-ability|p2a: Domina Aestuum|Mold Breaker\n|move|p2a: Domina Aestuum|Substitute|p2a: Domina Aestuum\n|-start|p2a: Domina Aestuum|Substitute\n|-damage|p2a: Domina Aestuum|51\/100\n|move|p1a: calorento|Magma Storm|p2a: Domina Aestuum\n|-resisted|p2a: Domina Aestuum\n|-activate|p2a: Domina Aestuum|move: Substitute|[damage]\n|\n|upkeep\n|turn|4\n|\n|t:|1700436974\n|move|p2a: Domina Aestuum|Dragon Dance|p2a: Domina Aestuum\n|-boost|p2a: Domina Aestuum|atk|1\n|-boost|p2a: Domina Aestuum|spe|1\n|move|p1a: calorento|Magma Storm|p2a: Domina Aestuum\n|-resisted|p2a: Domina Aestuum\n|-end|p2a: Domina Aestuum|Substitute\n|\n|upkeep\n|turn|5\n|\n|t:|1700436984\n|-terastallize|p1a: calorento|Grass\n|move|p2a: Domina Aestuum|Waterfall|p1a: calorento\n|-resisted|p1a: calorento\n|-damage|p1a: calorento|69\/100\n|move|p1a: calorento|Magma Storm|p2a: Domina Aestuum\n|-resisted|p2a: Domina Aestuum\n|-damage|p2a: Domina Aestuum|27\/100\n|-activate|p2a: Domina Aestuum|move: Magma Storm|[of] p1a: calorento\n|\n|-damage|p2a: Domina Aestuum|15\/100|[from] move: Magma Storm|[partiallytrapped]\n|upkeep\n|turn|6\n|\n|t:|1700436993\n|move|p2a: Domina Aestuum|Crunch|p1a: calorento\n|-damage|p1a: calorento|10\/100\n|move|p1a: calorento|Taunt|p2a: Domina Aestuum\n|-start|p2a: Domina Aestuum|move: Taunt\n|\n|-damage|p2a: Domina Aestuum|2\/100|[from] move: Magma Storm|[partiallytrapped]\n|upkeep\n|turn|7\n|\n|t:|1700436998\n|move|p2a: Domina Aestuum|Crunch|p1a: calorento\n|-damage|p1a: calorento|0 fnt\n|faint|p1a: calorento\n|\n|-end|p2a: Domina Aestuum|Magma Storm|[partiallytrapped]|[silent]\n|upkeep\n|\n|t:|1700437017\n|switch|p1a: el lobo|Lycanroc-Dusk, F, shiny|100\/100\n|-damage|p1a: el lobo|88\/100|[from] Stealth Rock\n|turn|8\n|\n|t:|1700437026\n|move|p1a: el lobo|Accelerock|p2a: Domina Aestuum\n|-damage|p2a: Domina Aestuum|0 fnt\n|faint|p2a: Domina Aestuum\n|\n|upkeep\n|\n|t:|1700437035\n|switch|p2a: Lunae Bellator|Iron Valiant|100\/100\n|-damage|p2a: Lunae Bellator|94\/100|[from] Stealth Rock\n|turn|9\n|\n|t:|1700437050\n|switch|p1a: mimica|Mimikyu, M, shiny|100\/100\n|-damage|p1a: mimica|88\/100|[from] Stealth Rock\n|move|p2a: Lunae Bellator|Moonblast|p1a: mimica\n|-activate|p1a: mimica|ability: Disguise\n|-damage|p1a: mimica|88\/100\n|detailschange|p1a: mimica|Mimikyu-Busted, M, shiny\n|-damage|p1a: mimica|76\/100|[from] pokemon: Mimikyu-Busted\n|\n|upkeep\n|turn|10\n|\n|t:|1700437069\n|-end|p2a: Lunae Bellator|Quark Drive|[silent]\n|switch|p2a: Molaris Ira|Heatran, M|100\/100\n|-damage|p2a: Molaris Ira|88\/100|[from] Stealth Rock\n|move|p1a: mimica|Play Rough|p2a: Molaris Ira|[miss]\n|-miss|p1a: mimica|p2a: Molaris Ira\n|\n|-heal|p2a: Molaris Ira|94\/100|[from] item: Leftovers\n|upkeep\n|turn|11\n|\n|t:|1700437075\n|move|p1a: mimica|Shadow Claw|p2a: Molaris Ira\n|-damage|p2a: Molaris Ira|63\/100\n|-damage|p1a: mimica|66\/100|[from] item: Life Orb\n|move|p2a: Molaris Ira|Magma Storm|p1a: mimica\n|-damage|p1a: mimica|8\/100\n|-activate|p1a: mimica|move: Magma Storm|[of] p2a: Molaris Ira\n|\n|-heal|p2a: Molaris Ira|69\/100|[from] item: Leftovers\n|-damage|p1a: mimica|0 fnt|[from] move: Magma Storm|[partiallytrapped]\n|faint|p1a: mimica\n|upkeep\n|\n|t:|1700437085\n|switch|p1a: roger guedes|Urshifu-Rapid-Strike, F|100\/100\n|-damage|p1a: roger guedes|94\/100|[from] Stealth Rock\n|turn|12\n|\n|t:|1700437099\n|switch|p2a: Terra Tigris|Landorus-Therian, M|100\/100\n|-damage|p2a: Terra Tigris|88\/100|[from] Stealth Rock\n|-ability|p2a: Terra Tigris|Intimidate|boost\n|-unboost|p1a: roger guedes|atk|1\n|move|p1a: roger guedes|Ice Spinner|p2a: Terra Tigris\n|-supereffective|p2a: Terra Tigris\n|-damage|p2a: Terra Tigris|11\/100\n|-damage|p1a: roger guedes|78\/100|[from] item: Rocky Helmet|[of] p2a: Terra Tigris\n|\n|upkeep\n|turn|13\n|\n|t:|1700437121\n|switch|p1a: Dragao da sua irma|Garchomp, M|100\/100\n|-damage|p1a: Dragao da sua irma|94\/100|[from] Stealth Rock\n|move|p2a: Terra Tigris|Earthquake|p1a: Dragao da sua irma\n|-damage|p1a: Dragao da sua irma|50\/100\n|\n|upkeep\n|turn|14\n|\n|t:|1700437132\n|detailschange|p1a: Dragao da sua irma|Garchomp-Mega, M\n|-mega|p1a: Dragao da sua irma|Garchomp|Garchompite\n|move|p1a: Dragao da sua irma|Scale Shot|p2a: Terra Tigris\n|-damage|p2a: Terra Tigris|0 fnt\n|faint|p2a: Terra Tigris\n|-hitcount|p2: Terra Tigris|1\n|-unboost|p1a: Dragao da sua irma|def|1\n|-boost|p1a: Dragao da sua irma|spe|1\n|\n|upkeep\n|\n|t:|1700437137\n|switch|p2a: Lunae Bellator|Iron Valiant|94\/100\n|-damage|p2a: Lunae Bellator|88\/100|[from] Stealth Rock\n|turn|15\n|\n|t:|1700437144\n|move|p2a: Lunae Bellator|Moonblast|p1a: Dragao da sua irma\n|-supereffective|p1a: Dragao da sua irma\n|-damage|p1a: Dragao da sua irma|0 fnt\n|faint|p1a: Dragao da sua irma\n|\n|upkeep\n|\n|t:|1700437186\n|switch|p1a: roger guedes|Urshifu-Rapid-Strike, F|78\/100\n|-damage|p1a: roger guedes|72\/100|[from] Stealth Rock\n|turn|16\n|\n|t:|1700437201\n|move|p2a: Lunae Bellator|Moonblast|p1a: roger guedes\n|-supereffective|p1a: roger guedes\n|-damage|p1a: roger guedes|0 fnt\n|faint|p1a: roger guedes\n|\n|upkeep\n|\n|t:|1700437205\n|switch|p1a: Iron Hands|Iron Hands|100\/100\n|-damage|p1a: Iron Hands|94\/100|[from] Stealth Rock\n|-enditem|p1a: Iron Hands|Booster Energy\n|-activate|p1a: Iron Hands|ability: Quark Drive|[fromitem]\n|-start|p1a: Iron Hands|quarkdriveatk\n|turn|17\n|\n|t:|1700437220\n|move|p2a: Lunae Bellator|Moonblast|p1a: Iron Hands\n|-supereffective|p1a: Iron Hands\n|-damage|p1a: Iron Hands|0 fnt\n|faint|p1a: Iron Hands\n|-end|p1a: Iron Hands|Quark Drive|[silent]\n|\n|upkeep\n|\n|t:|1700437226\n|switch|p1a: el lobo|Lycanroc-Dusk, F, shiny|88\/100\n|-damage|p1a: el lobo|76\/100|[from] Stealth Rock\n|turn|18\n|\n|t:|1700437232\n|move|p2a: Lunae Bellator|Moonblast|p1a: el lobo\n|-damage|p1a: el lobo|0 fnt\n|faint|p1a: el lobo\n|\n|win|Ekkogandr\n|l|\u2606akyraaiko\n","uploadtime":1700437238,"views":5,"p1id":"akyraaiko","p2id":"ekkogandr","formatid":"gen9nationaldex","rating":0,"private":0,"password":""}