{"id":"gen9nationaldex-1994823459","p1":"Calmmind7543","p2":"Soulless_Umbra","format":"[Gen 9] National Dex","log":"|html|<div class=\"broadcast-blue\"><strong>[Gen 9] National Dex is currently suspecting Sneasler! For information on how to participate check out the <a href=\"https:\/\/www.smogon.com\/forums\/threads\/sv-national-dex-suspect-8-just-dance.3731534\/\">suspect thread<\/a>.<\/strong><\/div>\n|j|\u2606Calmmind7543\n|j|\u2606Soulless_Umbra\n|t:|1700496117\n|gametype|singles\n|player|p1|Calmmind7543|acerola|\n|player|p2|Soulless_Umbra|misty|\n|teamsize|p1|6\n|teamsize|p2|6\n|gen|9\n|tier|[Gen 9] National Dex\n|rule|HP Percentage Mod: HP is shown in percentages\n|rule|Endless Battle Clause: Forcing endless battles is banned\n|rule|OHKO Clause: OHKO moves are banned\n|rule|Evasion Clause: Evasion abilities, items, and moves are banned\n|rule|Evasion Abilities Clause: Evasion abilities are banned\n|rule|Evasion Items Clause: Evasion items are banned\n|rule|Evasion Moves Clause: Evasion moves are banned\n|rule|Species Clause: Limit one of each Pok\u00e9mon\n|rule|Sleep Clause Mod: Limit one foe put to sleep\n|clearpoke\n|poke|p1|Weavile, M|\n|poke|p1|Gliscor, F|\n|poke|p1|Skeledirge, F|\n|poke|p1|Lopunny, M|\n|poke|p1|Toxapex, F|\n|poke|p1|Sylveon, F|\n|poke|p2|Breloom, F|\n|poke|p2|Volcarona, F|\n|poke|p2|Mawile, F|\n|poke|p2|Pelipper, M|\n|poke|p2|Excadrill, M|\n|poke|p2|Shuckle, F|\n|teampreview\n|inactive|Battle timer is ON: inactive players will automatically lose when time's up. (requested by Calmmind7543)\n|j| whitpain9\n|c| whitpain9|Les go\n|c|\u2606Calmmind7543|You bitch using shuckle and stall\n|c| whitpain9|Lmfao\n|inactive|Calmmind7543 has 270 seconds left.\n|\n|t:|1700496154\n|start\n|switch|p1a: Destruction|Weavile, M|100\/100\n|switch|p2a: Shucky|Shuckle, F|100\/100\n|-ability|p1a: Destruction|Pressure\n|turn|1\n|c|\u2606Soulless_Umbra|i just asked my firend for a pokemon so lol\n|\n|t:|1700496160\n|move|p1a: Destruction|Icicle Crash|p2a: Shucky|[miss]\n|-miss|p1a: Destruction|p2a: Shucky\n|move|p2a: Shucky|Sticky Web|p1a: Destruction\n|-sidestart|p1: Calmmind7543|move: Sticky Web\n|\n|upkeep\n|turn|2\n|\n|t:|1700496166\n|move|p1a: Destruction|Icicle Crash|p2a: Shucky\n|-damage|p2a: Shucky|65\/100\n|move|p2a: Shucky|Stealth Rock|p1a: Destruction\n|-sidestart|p1: Calmmind7543|move: Stealth Rock\n|\n|upkeep\n|turn|3\n|c|\u2606Calmmind7543|WIW\n|c| whitpain9|Rng bro\n|\n|t:|1700496181\n|move|p1a: Destruction|Icicle Crash|p2a: Shucky\n|-damage|p2a: Shucky|33\/100\n|move|p2a: Shucky|Encore|p1a: Destruction\n|-start|p1a: Destruction|Encore\n|\n|upkeep\n|turn|4\n|c|\u2606Calmmind7543|A staller mf\n|c|\u2606Calmmind7543|Hell nah\n|\n|t:|1700496188\n|move|p1a: Destruction|Icicle Crash|p2a: Shucky\n|-damage|p2a: Shucky|0 fnt\n|faint|p2a: Shucky\n|\n|upkeep\n|\n|t:|1700496193\n|switch|p2a: Bre|Breloom, F, shiny|100\/100\n|turn|5\n|\n|t:|1700496201\n|switch|p1a: Toxapex|Toxapex, F, shiny|100\/100\n|-activate|p1a: Toxapex|move: Sticky Web\n|-unboost|p1a: Toxapex|spe|1\n|-damage|p1a: Toxapex|88\/100|[from] Stealth Rock\n|move|p2a: Bre|Leech Seed|p1a: Toxapex\n|-start|p1a: Toxapex|move: Leech Seed\n|\n|-heal|p1a: Toxapex|94\/100|[from] item: Leftovers\n|-damage|p1a: Toxapex|82\/100|[from] Leech Seed|[of] p2a: Bre\n|upkeep\n|turn|6\n|c|\u2606Calmmind7543|100% stsll\n|\n|t:|1700496216\n|switch|p2a: ARMADRILLO!|Excadrill, M|100\/100\n|move|p1a: Toxapex|Scald|p2a: ARMADRILLO!\n|-supereffective|p2a: ARMADRILLO!\n|-damage|p2a: ARMADRILLO!|53\/100\n|\n|-heal|p1a: Toxapex|88\/100|[from] item: Leftovers\n|-damage|p1a: Toxapex|75\/100|[from] Leech Seed|[of] p2a: ARMADRILLO!\n|-heal|p2a: ARMADRILLO!|64\/100|[silent]\n|upkeep\n|turn|7\n|\n|t:|1700496227\n|switch|p1a: Winds|Gliscor, F|100\/100\n|-damage|p1a: Winds|88\/100|[from] Stealth Rock\n|move|p2a: ARMADRILLO!|Earthquake|p1a: Winds\n|-immune|p1a: Winds\n|\n|-status|p1a: Winds|tox|[from] item: Toxic Orb\n|upkeep\n|turn|8\n|\n|t:|1700496239\n|move|p2a: ARMADRILLO!|Iron Head|p1a: Winds\n|-damage|p1a: Winds|62\/100 tox\n|move|p1a: Winds|U-turn|p2a: ARMADRILLO!\n|-resisted|p2a: ARMADRILLO!\n|-damage|p2a: ARMADRILLO!|53\/100\n|\n|t:|1700496246\n|switch|p1a: Toxapex|Toxapex, F, shiny|100\/100|[from] U-turn\n|-activate|p1a: Toxapex|move: Sticky Web\n|-unboost|p1a: Toxapex|spe|1\n|-damage|p1a: Toxapex|88\/100|[from] Stealth Rock\n|\n|-heal|p1a: Toxapex|94\/100|[from] item: Leftovers\n|upkeep\n|turn|9\n|\n|t:|1700496254\n|switch|p1a: Winds|Gliscor, F|62\/100 tox\n|-damage|p1a: Winds|49\/100 tox|[from] Stealth Rock\n|move|p2a: ARMADRILLO!|Earthquake|p1a: Winds\n|-immune|p1a: Winds\n|\n|-heal|p1a: Winds|62\/100 tox|[from] ability: Poison Heal\n|upkeep\n|turn|10\n|\n|t:|1700496257\n|move|p2a: ARMADRILLO!|Iron Head|p1a: Winds\n|-damage|p1a: Winds|34\/100 tox\n|move|p1a: Winds|Earthquake|p2a: ARMADRILLO!\n|-supereffective|p2a: ARMADRILLO!\n|-damage|p2a: ARMADRILLO!|0 fnt\n|faint|p2a: ARMADRILLO!\n|\n|-heal|p1a: Winds|46\/100 tox|[from] ability: Poison Heal\n|upkeep\n|\n|t:|1700496263\n|switch|p2a: Birb|Pelipper, M|100\/100\n|-weather|RainDance|[from] ability: Drizzle|[of] p2a: Birb\n|turn|11\n|\n|t:|1700496269\n|switch|p1a: Toxapex|Toxapex, F, shiny|100\/100\n|-activate|p1a: Toxapex|move: Sticky Web\n|-unboost|p1a: Toxapex|spe|1\n|-damage|p1a: Toxapex|88\/100|[from] Stealth Rock\n|move|p2a: Birb|Surf|p1a: Toxapex\n|-resisted|p1a: Toxapex\n|-damage|p1a: Toxapex|72\/100\n|\n|-weather|RainDance|[upkeep]\n|-heal|p1a: Toxapex|78\/100|[from] item: Leftovers\n|upkeep\n|turn|12\n|\n|t:|1700496279\n|move|p2a: Birb|Hurricane|p1a: Toxapex\n|-damage|p1a: Toxapex|52\/100\n|-start|p1a: Toxapex|confusion\n|-activate|p1a: Toxapex|confusion\n|-damage|p1a: Toxapex|48\/100|[from] confusion\n|\n|-weather|RainDance|[upkeep]\n|-heal|p1a: Toxapex|54\/100|[from] item: Leftovers\n|upkeep\n|turn|13\n|\n|t:|1700496287\n|move|p2a: Birb|Hurricane|p1a: Toxapex\n|-damage|p1a: Toxapex|29\/100\n|-end|p1a: Toxapex|confusion\n|move|p1a: Toxapex|Recover|p1a: Toxapex\n|-heal|p1a: Toxapex|79\/100\n|\n|-weather|RainDance|[upkeep]\n|-heal|p1a: Toxapex|85\/100|[from] item: Leftovers\n|upkeep\n|turn|14\n|\n|t:|1700496296\n|move|p2a: Birb|Hurricane|p1a: Toxapex\n|-damage|p1a: Toxapex|59\/100\n|-start|p1a: Toxapex|confusion\n|-activate|p1a: Toxapex|confusion\n|-damage|p1a: Toxapex|55\/100|[from] confusion\n|\n|-weather|RainDance|[upkeep]\n|-heal|p1a: Toxapex|62\/100|[from] item: Leftovers\n|upkeep\n|turn|15\n|\n|t:|1700496304\n|move|p2a: Birb|Hurricane|p1a: Toxapex\n|-damage|p1a: Toxapex|36\/100\n|-end|p1a: Toxapex|confusion\n|move|p1a: Toxapex|Recover|p1a: Toxapex\n|-heal|p1a: Toxapex|86\/100\n|\n|-weather|RainDance|[upkeep]\n|-heal|p1a: Toxapex|92\/100|[from] item: Leftovers\n|upkeep\n|turn|16\n|c|\u2606Calmmind7543|....\n|\n|t:|1700496313\n|move|p2a: Birb|U-turn|p1a: Toxapex\n|-resisted|p1a: Toxapex\n|-damage|p1a: Toxapex|88\/100\n|\n|t:|1700496317\n|switch|p2a: Fly-Trap|Mawile, F|100\/100|[from] U-turn\n|-ability|p2a: Fly-Trap|Intimidate|boost\n|-unboost|p1a: Toxapex|atk|1\n|move|p1a: Toxapex|Toxic|p2a: Fly-Trap\n|-immune|p2a: Fly-Trap\n|\n|-weather|RainDance|[upkeep]\n|-heal|p1a: Toxapex|95\/100|[from] item: Leftovers\n|upkeep\n|turn|17\n|\n|t:|1700496329\n|detailschange|p2a: Fly-Trap|Mawile-Mega, F\n|-mega|p2a: Fly-Trap|Mawile|Mawilite\n|move|p2a: Fly-Trap|Sucker Punch||[still]\n|-fail|p2a: Fly-Trap\n|move|p1a: Toxapex|Haze|p1a: Toxapex\n|-clearallboost\n|\n|-weather|RainDance|[upkeep]\n|-heal|p1a: Toxapex|100\/100|[from] item: Leftovers\n|upkeep\n|turn|18\n|\n|t:|1700496339\n|move|p2a: Fly-Trap|Fire Fang|p1a: Toxapex\n|-resisted|p1a: Toxapex\n|-damage|p1a: Toxapex|93\/100\n|move|p1a: Toxapex|Scald|p2a: Fly-Trap\n|-damage|p2a: Fly-Trap|73\/100\n|\n|-weather|none\n|-heal|p1a: Toxapex|99\/100|[from] item: Leftovers\n|upkeep\n|turn|19\n|\n|t:|1700496349\n|move|p2a: Fly-Trap|Play Rough|p1a: Toxapex\n|-resisted|p1a: Toxapex\n|-damage|p1a: Toxapex|67\/100\n|move|p1a: Toxapex|Scald|p2a: Fly-Trap\n|-damage|p2a: Fly-Trap|54\/100\n|\n|-heal|p1a: Toxapex|74\/100|[from] item: Leftovers\n|upkeep\n|turn|20\n|c|\u2606Calmmind7543|Get stalled\n|\n|t:|1700496358\n|move|p2a: Fly-Trap|Sucker Punch|p1a: Toxapex\n|-damage|p1a: Toxapex|42\/100\n|move|p1a: Toxapex|Scald|p2a: Fly-Trap\n|-damage|p2a: Fly-Trap|34\/100\n|\n|-heal|p1a: Toxapex|48\/100|[from] item: Leftovers\n|upkeep\n|turn|21\n|\n|t:|1700496365\n|move|p2a: Fly-Trap|Sucker Punch||[still]\n|-fail|p2a: Fly-Trap\n|move|p1a: Toxapex|Recover|p1a: Toxapex\n|-heal|p1a: Toxapex|98\/100\n|\n|-heal|p1a: Toxapex|100\/100|[from] item: Leftovers\n|upkeep\n|turn|22\n|\n|t:|1700496370\n|move|p2a: Fly-Trap|Swords Dance|p2a: Fly-Trap\n|-boost|p2a: Fly-Trap|atk|2\n|move|p1a: Toxapex|Scald|p2a: Fly-Trap\n|-damage|p2a: Fly-Trap|16\/100\n|\n|upkeep\n|turn|23\n|\n|t:|1700496376\n|move|p2a: Fly-Trap|Play Rough|p1a: Toxapex\n|-resisted|p1a: Toxapex\n|-damage|p1a: Toxapex|34\/100\n|move|p1a: Toxapex|Haze|p1a: Toxapex\n|-clearallboost\n|\n|-heal|p1a: Toxapex|40\/100|[from] item: Leftovers\n|upkeep\n|turn|24\n|\n|t:|1700496383\n|move|p2a: Fly-Trap|Swords Dance|p2a: Fly-Trap\n|-boost|p2a: Fly-Trap|atk|2\n|move|p1a: Toxapex|Scald|p2a: Fly-Trap\n|-damage|p2a: Fly-Trap|0 fnt\n|faint|p2a: Fly-Trap\n|\n|-heal|p1a: Toxapex|47\/100|[from] item: Leftovers\n|upkeep\n|\n|t:|1700496388\n|switch|p2a: Birb|Pelipper, M|100\/100\n|-weather|RainDance|[from] ability: Drizzle|[of] p2a: Birb\n|turn|25\n|\n|t:|1700496390\n|move|p2a: Birb|Hurricane|p1a: Toxapex\n|-damage|p1a: Toxapex|19\/100\n|move|p1a: Toxapex|Recover|p1a: Toxapex\n|-heal|p1a: Toxapex|69\/100\n|\n|-weather|RainDance|[upkeep]\n|-heal|p1a: Toxapex|75\/100|[from] item: Leftovers\n|upkeep\n|turn|26\n|\n|t:|1700496395\n|move|p2a: Birb|Hurricane|p1a: Toxapex\n|-damage|p1a: Toxapex|50\/100\n|-start|p1a: Toxapex|confusion\n|-activate|p1a: Toxapex|confusion\n|move|p1a: Toxapex|Toxic|p2a: Birb\n|-status|p2a: Birb|tox\n|\n|-weather|RainDance|[upkeep]\n|-heal|p1a: Toxapex|56\/100|[from] item: Leftovers\n|-damage|p2a: Birb|94\/100 tox|[from] psn\n|upkeep\n|turn|27\n|\n|t:|1700496411\n|move|p2a: Birb|Hurricane|p1a: Toxapex\n|-damage|p1a: Toxapex|29\/100\n|-activate|p1a: Toxapex|confusion\n|move|p1a: Toxapex|Recover|p1a: Toxapex\n|-heal|p1a: Toxapex|79\/100\n|\n|-weather|RainDance|[upkeep]\n|-heal|p1a: Toxapex|86\/100|[from] item: Leftovers\n|-damage|p2a: Birb|82\/100 tox|[from] psn\n|upkeep\n|turn|28\n|\n|t:|1700496421\n|move|p2a: Birb|Hurricane|p1a: Toxapex\n|-damage|p1a: Toxapex|60\/100\n|-activate|p1a: Toxapex|confusion\n|move|p1a: Toxapex|Scald|p2a: Birb\n|-resisted|p2a: Birb\n|-damage|p2a: Birb|64\/100 tox\n|\n|-weather|RainDance|[upkeep]\n|-heal|p1a: Toxapex|66\/100|[from] item: Leftovers\n|-damage|p2a: Birb|46\/100 tox|[from] psn\n|upkeep\n|turn|29\n|\n|t:|1700496428\n|move|p2a: Birb|Roost|p2a: Birb\n|-heal|p2a: Birb|96\/100 tox\n|-singleturn|p2a: Birb|move: Roost\n|-activate|p1a: Toxapex|confusion\n|move|p1a: Toxapex|Scald|p2a: Birb\n|-resisted|p2a: Birb\n|-damage|p2a: Birb|77\/100 tox\n|\n|-weather|RainDance|[upkeep]\n|-heal|p1a: Toxapex|72\/100|[from] item: Leftovers\n|-damage|p2a: Birb|53\/100 tox|[from] psn\n|upkeep\n|turn|30\n|\n|t:|1700496439\n|move|p2a: Birb|Roost|p2a: Birb\n|-heal|p2a: Birb|100\/100 tox\n|-singleturn|p2a: Birb|move: Roost\n|-end|p1a: Toxapex|confusion\n|move|p1a: Toxapex|Scald|p2a: Birb\n|-resisted|p2a: Birb\n|-damage|p2a: Birb|84\/100 tox\n|\n|-weather|RainDance|[upkeep]\n|-heal|p1a: Toxapex|78\/100|[from] item: Leftovers\n|-damage|p2a: Birb|53\/100 tox|[from] psn\n|upkeep\n|turn|31\n|\n|t:|1700496446\n|move|p2a: Birb|Hurricane|p1a: Toxapex\n|-damage|p1a: Toxapex|52\/100\n|move|p1a: Toxapex|Scald|p2a: Birb\n|-resisted|p2a: Birb\n|-damage|p2a: Birb|36\/100 tox\n|\n|-weather|RainDance|[upkeep]\n|-heal|p1a: Toxapex|58\/100|[from] item: Leftovers\n|-damage|p2a: Birb|0 fnt|[from] psn\n|faint|p2a: Birb\n|upkeep\n|\n|t:|1700496451\n|switch|p2a: Bre|Breloom, F, shiny|100\/100\n|turn|32\n|\n|t:|1700496455\n|move|p2a: Bre|Spore|p1a: Toxapex\n|-status|p1a: Toxapex|slp|[from] move: Spore\n|cant|p1a: Toxapex|slp\n|\n|-weather|none\n|-heal|p1a: Toxapex|64\/100 slp|[from] item: Leftovers\n|upkeep\n|turn|33\n|\n|t:|1700496460\n|switch|p2a: Volca|Volcarona, F|100\/100\n|switch|p1a: Skeledirge|Skeledirge, F|100\/100\n|\n|upkeep\n|turn|34\n|c| whitpain9|Nahhh\n|\n|t:|1700496465\n|move|p2a: Volca|Quiver Dance|p2a: Volca\n|-boost|p2a: Volca|spa|1\n|-boost|p2a: Volca|spd|1\n|-boost|p2a: Volca|spe|1\n|move|p1a: Skeledirge|Torch Song|p2a: Volca\n|-damage|p2a: Volca|74\/100\n|-boost|p1a: Skeledirge|spa|1\n|\n|upkeep\n|turn|35\n|\n|t:|1700496472\n|move|p2a: Volca|Quiver Dance|p2a: Volca\n|-boost|p2a: Volca|spa|1\n|-boost|p2a: Volca|spd|1\n|-boost|p2a: Volca|spe|1\n|move|p1a: Skeledirge|Torch Song|p2a: Volca\n|-damage|p2a: Volca|37\/100\n|-boost|p1a: Skeledirge|spa|1\n|\n|upkeep\n|turn|36\n|\n|t:|1700496478\n|move|p2a: Volca|Roost|p2a: Volca\n|-heal|p2a: Volca|87\/100\n|-singleturn|p2a: Volca|move: Roost\n|move|p1a: Skeledirge|Torch Song|p2a: Volca\n|-damage|p2a: Volca|37\/100\n|-boost|p1a: Skeledirge|spa|1\n|\n|upkeep\n|turn|37\n|\n|t:|1700496482\n|move|p2a: Volca|Bug Buzz|p1a: Skeledirge\n|-resisted|p1a: Skeledirge\n|-damage|p1a: Skeledirge|93\/100\n|move|p1a: Skeledirge|Torch Song|p2a: Volca\n|-damage|p2a: Volca|0 fnt\n|-boost|p1a: Skeledirge|spa|1\n|faint|p2a: Volca\n|\n|upkeep\n|\n|t:|1700496484\n|switch|p2a: Bre|Breloom, F, shiny|100\/100\n|turn|38\n|\n|t:|1700496487\n|move|p2a: Bre|Spore|p1a: Skeledirge\n|-message|Sleep Clause Mod activated.\n|-hint|Sleep Clause Mod prevents players from putting more than one of their opponent's Pok\u00e9mon to sleep at a time\n|move|p1a: Skeledirge|Torch Song|p2a: Bre\n|-supereffective|p2a: Bre\n|-damage|p2a: Bre|0 fnt\n|-boost|p1a: Skeledirge|spa|1\n|faint|p2a: Bre\n|\n|win|Calmmind7543\n|c|\u2606Soulless_Umbra|gg\n|c|\u2606Calmmind7543|6-0\n|c|\u2606Calmmind7543|Damn\n|c|\u2606Calmmind7543|ggs\n|c|\u2606Soulless_Umbra|what i dont do pvp lol\n","uploadtime":1700496502,"views":2,"p1id":"calmmind7543","p2id":"soullessumbra","formatid":"gen9nationaldex","rating":0,"private":0,"password":""}