{"id":"gen9nationaldex-1987939948","p1":"Zhi4\u4e59\u8fc7\u6df7\u51e0","p2":"imbleed","format":"[Gen 9] National Dex","log":"|j|\u2606Zhi4\u4e59\u8fc7\u6df7\u51e0\n|j|\u2606imbleed\n|t:|1699651249\n|gametype|singles\n|player|p1|Zhi4\u4e59\u8fc7\u6df7\u51e0|pokemonranger-gen6|1609\n|player|p2|imbleed|poppy|1526\n|teamsize|p1|6\n|teamsize|p2|6\n|gen|9\n|tier|[Gen 9] National Dex\n|rated|\n|rule|HP Percentage Mod: HP is shown in percentages\n|rule|Endless Battle Clause: Forcing endless battles is banned\n|rule|OHKO Clause: OHKO moves are banned\n|rule|Evasion Clause: Evasion abilities, items, and moves are banned\n|rule|Evasion Abilities Clause: Evasion abilities are banned\n|rule|Evasion Items Clause: Evasion items are banned\n|rule|Evasion Moves Clause: Evasion moves are banned\n|rule|Species Clause: Limit one of each Pok\u00e9mon\n|rule|Sleep Clause Mod: Limit one foe put to sleep\n|clearpoke\n|poke|p1|Charizard, M|\n|poke|p1|Snorlax, M|\n|poke|p1|Slowbro, M|\n|poke|p1|Ogerpon-Wellspring, F|\n|poke|p1|Corviknight, M|\n|poke|p1|Clodsire, M|\n|poke|p2|Necrozma|\n|poke|p2|Gyarados, M|\n|poke|p2|Starmie|\n|poke|p2|Scizor, M|\n|poke|p2|Great Tusk|\n|poke|p2|Entei|\n|teampreview\n|j| kung fu pokechu\n|j| mistahmerrikuu\n|j| bigglygrande\n|j| Lonsol\n|\n|t:|1699651283\n|start\n|switch|p1a: \u751f\u9508\u7684\u9e26\u51e0|Corviknight, M|100\/100\n|switch|p2a: member|Gyarados, M|100\/100\n|-ability|p2a: member|Intimidate|boost\n|-ability|p1a: \u751f\u9508\u7684\u9e26\u51e0|Mirror Armor\n|-unboost|p2a: member|atk|1\n|turn|1\n|inactive|Battle timer is ON: inactive players will automatically lose when time's up. (requested by Zhi4\u4e59\u8fc7\u6df7\u51e0)\n|\n|t:|1699651293\n|switch|p2a: PRISMED|Necrozma|100\/100\n|move|p1a: \u751f\u9508\u7684\u9e26\u51e0|Bulk Up|p1a: \u751f\u9508\u7684\u9e26\u51e0\n|-boost|p1a: \u751f\u9508\u7684\u9e26\u51e0|atk|1\n|-boost|p1a: \u751f\u9508\u7684\u9e26\u51e0|def|1\n|\n|upkeep\n|turn|2\n|\n|t:|1699651309\n|move|p2a: PRISMED|Rock Polish|p2a: PRISMED\n|-boost|p2a: PRISMED|spe|2\n|move|p1a: \u751f\u9508\u7684\u9e26\u51e0|Brave Bird|p2a: PRISMED\n|-damage|p2a: PRISMED|66\/100\n|-damage|p1a: \u751f\u9508\u7684\u9e26\u51e0|89\/100|[from] Recoil\n|\n|-heal|p1a: \u751f\u9508\u7684\u9e26\u51e0|95\/100|[from] item: Leftovers\n|upkeep\n|turn|3\n|j| less might be more\n|inactive|Zhi4\u4e59\u8fc7\u6df7\u51e0 has 120 seconds left.\n|\n|t:|1699651349\n|switch|p2a: yes i am a cat|Entei|100\/100\n|move|p1a: \u751f\u9508\u7684\u9e26\u51e0|Bulk Up|p1a: \u751f\u9508\u7684\u9e26\u51e0\n|-boost|p1a: \u751f\u9508\u7684\u9e26\u51e0|atk|1\n|-boost|p1a: \u751f\u9508\u7684\u9e26\u51e0|def|1\n|\n|-heal|p1a: \u751f\u9508\u7684\u9e26\u51e0|100\/100|[from] item: Leftovers\n|upkeep\n|turn|4\n|\n|t:|1699651356\n|switch|p1a: \u667a\u6167\u7684\u773c\u795e|Slowbro, M|100\/100\n|move|p2a: yes i am a cat|Sacred Fire|p1a: \u667a\u6167\u7684\u773c\u795e\n|-resisted|p1a: \u667a\u6167\u7684\u773c\u795e\n|-damage|p1a: \u667a\u6167\u7684\u773c\u795e|78\/100\n|-status|p1a: \u667a\u6167\u7684\u773c\u795e|brn\n|\n|-damage|p1a: \u667a\u6167\u7684\u773c\u795e|72\/100 brn|[from] brn\n|upkeep\n|turn|5\n|inactive|Zhi4\u4e59\u8fc7\u6df7\u51e0 has 120 seconds left.\n|\n|t:|1699651362\n|switch|p2a: gonna hit|Starmie|100\/100\n|move|p1a: \u667a\u6167\u7684\u773c\u795e|Teleport|p1a: \u667a\u6167\u7684\u773c\u795e\n|inactive|Zhi4\u4e59\u8fc7\u6df7\u51e0 has 120 seconds left.\n|\n|t:|1699651369\n|switch|p1a: \u6c34\u9e1f|Ogerpon-Wellspring, F|100\/100|[from] Teleport\n|\n|upkeep\n|turn|6\n|\n|t:|1699651374\n|move|p2a: gonna hit|Zap Cannon|p1a: \u6c34\u9e1f|[miss]\n|-miss|p2a: gonna hit|p1a: \u6c34\u9e1f\n|move|p1a: \u6c34\u9e1f|Swords Dance|p1a: \u6c34\u9e1f\n|-boost|p1a: \u6c34\u9e1f|atk|2\n|\n|upkeep\n|turn|7\n|\n|t:|1699651380\n|move|p2a: gonna hit|Zap Cannon|p1a: \u6c34\u9e1f\n|-damage|p1a: \u6c34\u9e1f|58\/100\n|-status|p1a: \u6c34\u9e1f|par\n|move|p1a: \u6c34\u9e1f|Horn Leech|p2a: gonna hit\n|-supereffective|p2a: gonna hit\n|-damage|p2a: gonna hit|0 fnt\n|-heal|p1a: \u6c34\u9e1f|100\/100 par|[from] drain|[of] p2a: gonna hit\n|faint|p2a: gonna hit\n|\n|upkeep\n|\n|t:|1699651392\n|switch|p2a: member|Gyarados, M|100\/100\n|-ability|p2a: member|Intimidate|boost\n|-unboost|p1a: \u6c34\u9e1f|atk|1\n|turn|8\n|\n|t:|1699651399\n|move|p2a: member|Dragon Dance|p2a: member\n|-boost|p2a: member|atk|1\n|-boost|p2a: member|spe|1\n|cant|p1a: \u6c34\u9e1f|par\n|\n|upkeep\n|turn|9\n|\n|t:|1699651408\n|move|p2a: member|Substitute|p2a: member\n|-start|p2a: member|Substitute\n|-damage|p2a: member|76\/100\n|move|p1a: \u6c34\u9e1f|Encore|p2a: member\n|-start|p2a: member|Encore\n|\n|upkeep\n|turn|10\n|\n|t:|1699651416\n|move|p2a: member|Substitute|p2a: member\n|-fail|p2a: member|move: Substitute\n|move|p1a: \u6c34\u9e1f|Horn Leech|p2a: member\n|-end|p2a: member|Substitute\n|\n|upkeep\n|turn|11\n|\n|t:|1699651422\n|move|p2a: member|Substitute|p2a: member\n|-start|p2a: member|Substitute\n|-damage|p2a: member|51\/100\n|move|p1a: \u6c34\u9e1f|Horn Leech|p2a: member\n|-end|p2a: member|Substitute\n|\n|upkeep\n|turn|12\n|\n|t:|1699651429\n|move|p2a: member|Substitute|p2a: member\n|-start|p2a: member|Substitute\n|-damage|p2a: member|26\/100\n|move|p1a: \u6c34\u9e1f|Encore||[still]\n|-fail|p1a: \u6c34\u9e1f\n|\n|-end|p2a: member|Encore\n|upkeep\n|turn|13\n|\n|t:|1699651438\n|detailschange|p2a: member|Gyarados-Mega, M\n|-mega|p2a: member|Gyarados|Gyaradosite\n|-ability|p2a: member|Mold Breaker\n|move|p2a: member|Crunch|p1a: \u6c34\u9e1f\n|-damage|p1a: \u6c34\u9e1f|10\/100 par\n|-unboost|p1a: \u6c34\u9e1f|def|1\n|move|p1a: \u6c34\u9e1f|Horn Leech|p2a: member\n|-supereffective|p2a: member\n|-end|p2a: member|Substitute\n|-heal|p1a: \u6c34\u9e1f|24\/100 par|[from] drain|[of] p2a: member\n|\n|upkeep\n|turn|14\n|j| Gaza Stripper\n|\n|t:|1699651456\n|switch|p1a: \u6c34\u4ea1|Clodsire, M|100\/100\n|move|p2a: member|Crunch|p1a: \u6c34\u4ea1\n|-damage|p1a: \u6c34\u4ea1|52\/100\n|\n|-heal|p1a: \u6c34\u4ea1|58\/100|[from] item: Leftovers\n|upkeep\n|turn|15\n|\n|t:|1699651465\n|switch|p1a: \u667a\u6167\u7684\u773c\u795e|Slowbro, M|100\/100 brn\n|move|p2a: member|Waterfall|p1a: \u667a\u6167\u7684\u773c\u795e\n|-resisted|p1a: \u667a\u6167\u7684\u773c\u795e\n|-crit|p1a: \u667a\u6167\u7684\u773c\u795e\n|-damage|p1a: \u667a\u6167\u7684\u773c\u795e|72\/100 brn\n|-damage|p2a: member|10\/100|[from] item: Rocky Helmet|[of] p1a: \u667a\u6167\u7684\u773c\u795e\n|\n|-damage|p1a: \u667a\u6167\u7684\u773c\u795e|65\/100 brn|[from] brn\n|upkeep\n|turn|16\n|\n|t:|1699651477\n|-terastallize|p1a: \u667a\u6167\u7684\u773c\u795e|Fairy\n|move|p2a: member|Crunch|p1a: \u667a\u6167\u7684\u773c\u795e\n|-resisted|p1a: \u667a\u6167\u7684\u773c\u795e\n|-damage|p1a: \u667a\u6167\u7684\u773c\u795e|46\/100 brn\n|-damage|p2a: member|0 fnt|[from] item: Rocky Helmet|[of] p1a: \u667a\u6167\u7684\u773c\u795e\n|faint|p2a: member\n|move|p1a: \u667a\u6167\u7684\u773c\u795e|Teleport|p1a: \u667a\u6167\u7684\u773c\u795e\n|\n|t:|1699651494\n|switch|p1a: \u4e0d\u4f1a\u55b7\u706b\u7684\u9f99|Charizard, M|100\/100|[from] Teleport\n|\n|upkeep\n|\n|t:|1699651505\n|switch|p2a: PRISMED|Necrozma|66\/100\n|turn|17\n|inactive|Zhi4\u4e59\u8fc7\u6df7\u51e0 has 120 seconds left.\n|\n|t:|1699651539\n|detailschange|p1a: \u4e0d\u4f1a\u55b7\u706b\u7684\u9f99|Charizard-Mega-X, M\n|-mega|p1a: \u4e0d\u4f1a\u55b7\u706b\u7684\u9f99|Charizard|Charizardite X\n|move|p1a: \u4e0d\u4f1a\u55b7\u706b\u7684\u9f99|Flare Blitz|p2a: PRISMED\n|-damage|p2a: PRISMED|12\/100\n|-damage|p1a: \u4e0d\u4f1a\u55b7\u706b\u7684\u9f99|77\/100|[from] Recoil\n|move|p2a: PRISMED|Rock Polish|p2a: PRISMED\n|-boost|p2a: PRISMED|spe|2\n|\n|upkeep\n|turn|18\n|inactive|Zhi4\u4e59\u8fc7\u6df7\u51e0 has 120 seconds left.\n|\n|t:|1699651549\n|switch|p1a: \u751f\u9508\u7684\u9e26\u51e0|Corviknight, M|100\/100\n|move|p2a: PRISMED|Signal Beam|p1a: \u751f\u9508\u7684\u9e26\u51e0\n|-resisted|p1a: \u751f\u9508\u7684\u9e26\u51e0\n|-damage|p1a: \u751f\u9508\u7684\u9e26\u51e0|96\/100\n|\n|-heal|p1a: \u751f\u9508\u7684\u9e26\u51e0|100\/100|[from] item: Leftovers\n|upkeep\n|turn|19\n|\n|t:|1699651556\n|move|p2a: PRISMED|Signal Beam|p1a: \u751f\u9508\u7684\u9e26\u51e0\n|-resisted|p1a: \u751f\u9508\u7684\u9e26\u51e0\n|-damage|p1a: \u751f\u9508\u7684\u9e26\u51e0|96\/100\n|move|p1a: \u751f\u9508\u7684\u9e26\u51e0|Brave Bird|p2a: PRISMED\n|-damage|p2a: PRISMED|0 fnt\n|faint|p2a: PRISMED\n|-damage|p1a: \u751f\u9508\u7684\u9e26\u51e0|92\/100|[from] Recoil\n|\n|-heal|p1a: \u751f\u9508\u7684\u9e26\u51e0|98\/100|[from] item: Leftovers\n|upkeep\n|\n|t:|1699651564\n|switch|p2a: yes i am a cat|Entei|100\/100\n|turn|20\n|\n|t:|1699651572\n|switch|p1a: \u80a5\u80a5\u517d|Snorlax, M|100\/100\n|move|p2a: yes i am a cat|Sacred Fire|p1a: \u80a5\u80a5\u517d\n|-damage|p1a: \u80a5\u80a5\u517d|73\/100\n|-status|p1a: \u80a5\u80a5\u517d|brn\n|\n|-heal|p1a: \u80a5\u80a5\u517d|79\/100 brn|[from] item: Leftovers\n|-damage|p1a: \u80a5\u80a5\u517d|73\/100 brn|[from] brn\n|upkeep\n|turn|21\n|\n|t:|1699651582\n|switch|p2a: red chud|Scizor, M|100\/100\n|move|p1a: \u80a5\u80a5\u517d|Curse|p1a: \u80a5\u80a5\u517d\n|-unboost|p1a: \u80a5\u80a5\u517d|spe|1\n|-boost|p1a: \u80a5\u80a5\u517d|atk|1\n|-boost|p1a: \u80a5\u80a5\u517d|def|1\n|\n|-heal|p1a: \u80a5\u80a5\u517d|79\/100 brn|[from] item: Leftovers\n|-damage|p1a: \u80a5\u80a5\u517d|73\/100 brn|[from] brn\n|upkeep\n|turn|22\n|\n|t:|1699651589\n|switch|p1a: \u751f\u9508\u7684\u9e26\u51e0|Corviknight, M|98\/100\n|move|p2a: red chud|Close Combat|p1a: \u751f\u9508\u7684\u9e26\u51e0\n|-damage|p1a: \u751f\u9508\u7684\u9e26\u51e0|66\/100\n|-unboost|p2a: red chud|def|1\n|-unboost|p2a: red chud|spd|1\n|-damage|p2a: red chud|91\/100|[from] item: Life Orb\n|\n|-heal|p1a: \u751f\u9508\u7684\u9e26\u51e0|72\/100|[from] item: Leftovers\n|upkeep\n|turn|23\n|\n|t:|1699651594\n|switch|p2a: yes i am a cat|Entei|100\/100\n|move|p1a: \u751f\u9508\u7684\u9e26\u51e0|Brave Bird|p2a: yes i am a cat\n|-damage|p2a: yes i am a cat|63\/100\n|-damage|p1a: \u751f\u9508\u7684\u9e26\u51e0|61\/100|[from] Recoil\n|\n|-heal|p1a: \u751f\u9508\u7684\u9e26\u51e0|67\/100|[from] item: Leftovers\n|upkeep\n|turn|24\n|\n|t:|1699651598\n|switch|p1a: \u667a\u6167\u7684\u773c\u795e|Slowbro, M, tera:Fairy|79\/100 brn\n|move|p2a: yes i am a cat|Sacred Fire|p1a: \u667a\u6167\u7684\u773c\u795e\n|-damage|p1a: \u667a\u6167\u7684\u773c\u795e|40\/100 brn\n|\n|-damage|p1a: \u667a\u6167\u7684\u773c\u795e|34\/100 brn|[from] brn\n|upkeep\n|turn|25\n|\n|t:|1699651603\n|move|p2a: yes i am a cat|Sacred Fire|p1a: \u667a\u6167\u7684\u773c\u795e\n|-damage|p1a: \u667a\u6167\u7684\u773c\u795e|0 fnt\n|faint|p1a: \u667a\u6167\u7684\u773c\u795e\n|\n|upkeep\n|\n|t:|1699651613\n|switch|p1a: \u4e0d\u4f1a\u55b7\u706b\u7684\u9f99|Charizard-Mega-X, M|77\/100\n|turn|26\n|\n|t:|1699651618\n|switch|p2a: wowie zowie|Great Tusk|100\/100\n|move|p1a: \u4e0d\u4f1a\u55b7\u706b\u7684\u9f99|Dragon Dance|p1a: \u4e0d\u4f1a\u55b7\u706b\u7684\u9f99\n|-boost|p1a: \u4e0d\u4f1a\u55b7\u706b\u7684\u9f99|atk|1\n|-boost|p1a: \u4e0d\u4f1a\u55b7\u706b\u7684\u9f99|spe|1\n|\n|upkeep\n|turn|27\n|\n|t:|1699651626\n|switch|p1a: \u751f\u9508\u7684\u9e26\u51e0|Corviknight, M|67\/100\n|-terastallize|p2a: wowie zowie|Water\n|move|p2a: wowie zowie|Headlong Rush|p1a: \u751f\u9508\u7684\u9e26\u51e0\n|-immune|p1a: \u751f\u9508\u7684\u9e26\u51e0\n|\n|-heal|p1a: \u751f\u9508\u7684\u9e26\u51e0|73\/100|[from] item: Leftovers\n|upkeep\n|turn|28\n|\n|t:|1699651635\n|move|p2a: wowie zowie|Close Combat|p1a: \u751f\u9508\u7684\u9e26\u51e0\n|-damage|p1a: \u751f\u9508\u7684\u9e26\u51e0|30\/100\n|-unboost|p2a: wowie zowie|def|1\n|-unboost|p2a: wowie zowie|spd|1\n|move|p1a: \u751f\u9508\u7684\u9e26\u51e0|Brave Bird|p2a: wowie zowie\n|-damage|p2a: wowie zowie|64\/100\n|-damage|p1a: \u751f\u9508\u7684\u9e26\u51e0|19\/100|[from] Recoil\n|\n|-heal|p1a: \u751f\u9508\u7684\u9e26\u51e0|25\/100|[from] item: Leftovers\n|upkeep\n|turn|29\n|\n|t:|1699651645\n|switch|p1a: \u6c34\u4ea1|Clodsire, M|58\/100\n|move|p2a: wowie zowie|Close Combat|p1a: \u6c34\u4ea1\n|-resisted|p1a: \u6c34\u4ea1\n|-damage|p1a: \u6c34\u4ea1|34\/100\n|-unboost|p2a: wowie zowie|def|1\n|-unboost|p2a: wowie zowie|spd|1\n|\n|-heal|p1a: \u6c34\u4ea1|40\/100|[from] item: Leftovers\n|upkeep\n|turn|30\n|\n|t:|1699651656\n|move|p2a: wowie zowie|Headlong Rush|p1a: \u6c34\u4ea1\n|-supereffective|p1a: \u6c34\u4ea1\n|-damage|p1a: \u6c34\u4ea1|0 fnt\n|-unboost|p2a: wowie zowie|def|1\n|-unboost|p2a: wowie zowie|spd|1\n|faint|p1a: \u6c34\u4ea1\n|\n|upkeep\n|\n|t:|1699651673\n|switch|p1a: \u80a5\u80a5\u517d|Snorlax, M|73\/100 brn\n|turn|31\n|\n|t:|1699651682\n|-end|p2a: wowie zowie|Protosynthesis|[silent]\n|switch|p2a: red chud|Scizor, M|91\/100\n|move|p1a: \u80a5\u80a5\u517d|Body Slam|p2a: red chud\n|-resisted|p2a: red chud\n|-damage|p2a: red chud|81\/100\n|\n|-heal|p1a: \u80a5\u80a5\u517d|79\/100 brn|[from] item: Leftovers\n|-damage|p1a: \u80a5\u80a5\u517d|73\/100 brn|[from] brn\n|upkeep\n|turn|32\n|\n|t:|1699651693\n|switch|p1a: \u751f\u9508\u7684\u9e26\u51e0|Corviknight, M|25\/100\n|move|p2a: red chud|Close Combat|p1a: \u751f\u9508\u7684\u9e26\u51e0\n|-damage|p1a: \u751f\u9508\u7684\u9e26\u51e0|0 fnt\n|-unboost|p2a: red chud|def|1\n|-unboost|p2a: red chud|spd|1\n|faint|p1a: \u751f\u9508\u7684\u9e26\u51e0\n|-damage|p2a: red chud|71\/100|[from] item: Life Orb\n|\n|upkeep\n|\n|t:|1699651697\n|switch|p1a: \u4e0d\u4f1a\u55b7\u706b\u7684\u9f99|Charizard-Mega-X, M|77\/100\n|turn|33\n|\n|t:|1699651705\n|move|p1a: \u4e0d\u4f1a\u55b7\u706b\u7684\u9f99|Flare Blitz|p2a: red chud\n|-supereffective|p2a: red chud\n|-damage|p2a: red chud|0 fnt\n|faint|p2a: red chud\n|-damage|p1a: \u4e0d\u4f1a\u55b7\u706b\u7684\u9f99|55\/100|[from] Recoil\n|\n|upkeep\n|\n|t:|1699651709\n|switch|p2a: wowie zowie|Great Tusk, tera:Water|64\/100\n|turn|34\n|\n|t:|1699651722\n|move|p1a: \u4e0d\u4f1a\u55b7\u706b\u7684\u9f99|Outrage|p2a: wowie zowie\n|-damage|p2a: wowie zowie|1\/100\n|move|p2a: wowie zowie|Close Combat|p1a: \u4e0d\u4f1a\u55b7\u706b\u7684\u9f99\n|-damage|p1a: \u4e0d\u4f1a\u55b7\u706b\u7684\u9f99|0 fnt\n|-unboost|p2a: wowie zowie|def|1\n|-unboost|p2a: wowie zowie|spd|1\n|faint|p1a: \u4e0d\u4f1a\u55b7\u706b\u7684\u9f99\n|\n|upkeep\n|\n|t:|1699651729\n|switch|p1a: \u80a5\u80a5\u517d|Snorlax, M|73\/100 brn\n|turn|35\n|\n|t:|1699651732\n|move|p2a: wowie zowie|Close Combat|p1a: \u80a5\u80a5\u517d\n|-supereffective|p1a: \u80a5\u80a5\u517d\n|-damage|p1a: \u80a5\u80a5\u517d|0 fnt\n|-unboost|p2a: wowie zowie|def|1\n|-unboost|p2a: wowie zowie|spd|1\n|faint|p1a: \u80a5\u80a5\u517d\n|\n|upkeep\n|\n|t:|1699651735\n|switch|p1a: \u6c34\u9e1f|Ogerpon-Wellspring, F|24\/100 par\n|turn|36\n|l|\u2606Zhi4\u4e59\u8fc7\u6df7\u51e0\n|inactive|Zhi4\u4e59\u8fc7\u6df7\u51e0 disconnected and has a minute to reconnect!\n|player|p1|\n|inactive|Zhi4\u4e59\u8fc7\u6df7\u51e0 has 30 seconds to reconnect!\n|inactive|Zhi4\u4e59\u8fc7\u6df7\u51e0 has 20 seconds to reconnect!\n|inactive|Zhi4\u4e59\u8fc7\u6df7\u51e0 has 15 seconds to reconnect!\n|inactive|Zhi4\u4e59\u8fc7\u6df7\u51e0 has 10 seconds to reconnect!\n|inactive|Zhi4\u4e59\u8fc7\u6df7\u51e0 has 5 seconds to reconnect!\n|l| Lonsol\n|-message|Zhi4\u4e59\u8fc7\u6df7\u51e0 lost due to inactivity.\n|\n|win|imbleed\n|raw|Zhi4\u4e59\u8fc7\u6df7\u51e0's rating: 1609 &rarr; <strong>1584<\/strong><br \/>(-25 for losing)\n|raw|imbleed's rating: 1526 &rarr; <strong>1551<\/strong><br \/>(+25 for winning)\n","uploadtime":1699651809,"views":4,"p1id":"zhi4","p2id":"imbleed","formatid":"gen9nationaldex","rating":1551,"private":0,"password":""}