{"id":"gen9nationaldex-1990947513","p1":"Ev3nt Horiz0n","p2":"JustSnakessss","format":"[Gen 9] National Dex","log":"|j|\u2606Ev3nt Horiz0n\n|j|\u2606JustSnakessss\n|t:|1700018431\n|gametype|singles\n|player|p1|Ev3nt Horiz0n|fantina|1000\n|player|p2|JustSnakessss|pokemonbreederf-gen4|1044\n|teamsize|p1|3\n|teamsize|p2|6\n|gen|9\n|tier|[Gen 9] National Dex\n|rated|\n|rule|HP Percentage Mod: HP is shown in percentages\n|rule|Endless Battle Clause: Forcing endless battles is banned\n|rule|OHKO Clause: OHKO moves are banned\n|rule|Evasion Clause: Evasion abilities, items, and moves are banned\n|rule|Evasion Abilities Clause: Evasion abilities are banned\n|rule|Evasion Items Clause: Evasion items are banned\n|rule|Evasion Moves Clause: Evasion moves are banned\n|rule|Species Clause: Limit one of each Pok\u00e9mon\n|rule|Sleep Clause Mod: Limit one foe put to sleep\n|clearpoke\n|poke|p1|Unfezant, F|\n|poke|p1|Honchkrow, F|\n|poke|p1|Absol, F|\n|poke|p2|Serperior, M|\n|poke|p2|Arbok, M|\n|poke|p2|Sandaconda, M|\n|poke|p2|Milotic, F|\n|poke|p2|Dragonair, M|\n|poke|p2|Seviper, M|\n|teampreview\n|\n|t:|1700018437\n|start\n|switch|p1a: Absol|Absol, F|100\/100\n|switch|p2a: Sandaconda|Sandaconda, M|100\/100\n|turn|1\n|\n|t:|1700018442\n|-terastallize|p1a: Absol|Dark\n|move|p1a: Absol|Night Slash|p2a: Sandaconda\n|-crit|p2a: Sandaconda\n|-damage|p2a: Sandaconda|50\/100\n|move|p2a: Sandaconda|Stealth Rock|p1a: Absol\n|-sidestart|p1: Ev3nt Horiz0n|move: Stealth Rock\n|\n|-heal|p2a: Sandaconda|56\/100|[from] item: Leftovers\n|upkeep\n|turn|2\n|\n|t:|1700018452\n|move|p1a: Absol|Night Slash|p2a: Sandaconda\n|-crit|p2a: Sandaconda\n|-damage|p2a: Sandaconda|5\/100\n|move|p2a: Sandaconda|Earthquake|p1a: Absol\n|-damage|p1a: Absol|37\/100\n|\n|-heal|p2a: Sandaconda|11\/100|[from] item: Leftovers\n|upkeep\n|turn|3\n|\n|t:|1700018460\n|move|p1a: Absol|Night Slash|p2a: Sandaconda\n|-crit|p2a: Sandaconda\n|-damage|p2a: Sandaconda|0 fnt\n|faint|p2a: Sandaconda\n|\n|upkeep\n|\n|t:|1700018466\n|switch|p2a: Serperior|Serperior, M|100\/100\n|turn|4\n|\n|t:|1700018471\n|move|p1a: Absol|Sucker Punch|p2a: Serperior\n|-crit|p2a: Serperior\n|-damage|p2a: Serperior|0 fnt\n|faint|p2a: Serperior\n|\n|upkeep\n|\n|t:|1700018482\n|switch|p2a: Dragonair|Dragonair, M|100\/100\n|turn|5\n|\n|t:|1700018487\n|move|p1a: Absol|Night Slash|p2a: Dragonair\n|-crit|p2a: Dragonair\n|-damage|p2a: Dragonair|7\/100\n|move|p2a: Dragonair|Dragon Dance|p2a: Dragonair\n|-boost|p2a: Dragonair|atk|1\n|-boost|p2a: Dragonair|spe|1\n|\n|upkeep\n|turn|6\n|\n|t:|1700018493\n|move|p1a: Absol|Quick Attack|p2a: Dragonair\n|-damage|p2a: Dragonair|0 fnt\n|faint|p2a: Dragonair\n|\n|upkeep\n|\n|t:|1700018497\n|switch|p2a: Seviper|Seviper, M|100\/100\n|turn|7\n|\n|t:|1700018505\n|move|p1a: Absol|Sucker Punch||[still]\n|-fail|p1a: Absol\n|move|p2a: Seviper|Coil|p2a: Seviper\n|-boost|p2a: Seviper|atk|1\n|-boost|p2a: Seviper|def|1\n|-boost|p2a: Seviper|accuracy|1\n|\n|upkeep\n|turn|8\n|\n|t:|1700018511\n|move|p1a: Absol|Night Slash|p2a: Seviper\n|-crit|p2a: Seviper\n|-damage|p2a: Seviper|0 fnt\n|faint|p2a: Seviper\n|\n|upkeep\n|\n|t:|1700018515\n|switch|p2a: Arbok|Arbok, M|100\/100\n|-ability|p2a: Arbok|Intimidate|boost\n|-unboost|p1a: Absol|atk|1\n|turn|9\n|\n|t:|1700018520\n|move|p2a: Arbok|Gunk Shot|p1a: Absol\n|-damage|p1a: Absol|0 fnt\n|faint|p1a: Absol\n|\n|upkeep\n|\n|t:|1700018528\n|switch|p1a: Honchkrow|Honchkrow, F|100\/100\n|-damage|p1a: Honchkrow|76\/100|[from] Stealth Rock\n|turn|10\n|\n|t:|1700018536\n|move|p1a: Honchkrow|Sucker Punch||[still]\n|-fail|p1a: Honchkrow\n|move|p2a: Arbok|Coil|p2a: Arbok\n|-boost|p2a: Arbok|atk|1\n|-boost|p2a: Arbok|def|1\n|-boost|p2a: Arbok|accuracy|1\n|\n|upkeep\n|turn|11\n|\n|t:|1700018547\n|move|p1a: Honchkrow|Sucker Punch||[still]\n|-fail|p1a: Honchkrow\n|move|p2a: Arbok|Coil|p2a: Arbok\n|-boost|p2a: Arbok|atk|1\n|-boost|p2a: Arbok|def|1\n|-boost|p2a: Arbok|accuracy|1\n|\n|upkeep\n|turn|12\n|\n|t:|1700018555\n|move|p1a: Honchkrow|Sucker Punch|p2a: Arbok\n|-damage|p2a: Arbok|65\/100\n|move|p2a: Arbok|Gunk Shot|p1a: Honchkrow\n|-damage|p1a: Honchkrow|0 fnt\n|faint|p1a: Honchkrow\n|\n|upkeep\n|\n|t:|1700018557\n|switch|p1a: Calva|Unfezant, F|100\/100\n|-damage|p1a: Calva|76\/100|[from] Stealth Rock\n|turn|13\n|\n|t:|1700018564\n|move|p1a: Calva|Night Slash|p2a: Arbok\n|-crit|p2a: Arbok\n|-damage|p2a: Arbok|0 fnt\n|faint|p2a: Arbok\n|\n|upkeep\n|\n|t:|1700018568\n|switch|p2a: Milotic|Milotic, F|100\/100\n|turn|14\n|\n|t:|1700018574\n|move|p1a: Calva|Night Slash|p2a: Milotic\n|-crit|p2a: Milotic\n|-damage|p2a: Milotic|62\/100\n|move|p2a: Milotic|Scald|p1a: Calva\n|-damage|p1a: Calva|28\/100\n|-status|p1a: Calva|brn\n|\n|-heal|p2a: Milotic|68\/100|[from] item: Leftovers\n|-damage|p1a: Calva|22\/100 brn|[from] brn\n|upkeep\n|turn|15\n|\n|t:|1700018584\n|move|p1a: Calva|Night Slash|p2a: Milotic\n|-crit|p2a: Milotic\n|-damage|p2a: Milotic|47\/100\n|move|p2a: Milotic|Recover|p2a: Milotic\n|-heal|p2a: Milotic|97\/100\n|\n|-heal|p2a: Milotic|100\/100|[from] item: Leftovers\n|-damage|p1a: Calva|16\/100 brn|[from] brn\n|upkeep\n|turn|16\n|\n|t:|1700018593\n|move|p1a: Calva|Night Slash|p2a: Milotic\n|-crit|p2a: Milotic\n|-damage|p2a: Milotic|80\/100\n|move|p2a: Milotic|Scald|p1a: Calva\n|-damage|p1a: Calva|0 fnt\n|faint|p1a: Calva\n|\n|win|JustSnakessss\n|raw|Ev3nt Horiz0n's rating: 1000 &rarr; <strong>1000<\/strong><br \/>(+0 for losing)\n|raw|JustSnakessss's rating: 1044 &rarr; <strong>1073<\/strong><br \/>(+29 for winning)\n","uploadtime":1700018602,"views":16,"p1id":"ev3nthoriz0n","p2id":"justsnakessss","formatid":"gen9nationaldex","rating":1000,"private":0,"password":""}