{"id":"gen9nationaldex-1994346819","p1":"ArgenPolmerica","p2":"tempuraboiz","format":"[Gen 9] National Dex","log":"|j|\u2606ArgenPolmerica\n|j|\u2606tempuraboiz\n|t:|1700433592\n|gametype|singles\n|player|p1|ArgenPolmerica|101|1072\n|player|p2|tempuraboiz|backersf|1114\n|teamsize|p1|6\n|teamsize|p2|6\n|gen|9\n|tier|[Gen 9] National Dex\n|rated|\n|rule|HP Percentage Mod: HP is shown in percentages\n|rule|Endless Battle Clause: Forcing endless battles is banned\n|rule|OHKO Clause: OHKO moves are banned\n|rule|Evasion Clause: Evasion abilities, items, and moves are banned\n|rule|Evasion Abilities Clause: Evasion abilities are banned\n|rule|Evasion Items Clause: Evasion items are banned\n|rule|Evasion Moves Clause: Evasion moves are banned\n|rule|Species Clause: Limit one of each Pok\u00e9mon\n|rule|Sleep Clause Mod: Limit one foe put to sleep\n|clearpoke\n|poke|p1|Greninja-*, M|\n|poke|p1|Pikachu, F|\n|poke|p1|Charizard, M|\n|poke|p1|Infernape, F|\n|poke|p1|Dragonite, M|\n|poke|p1|Sceptile, M|\n|poke|p2|Muk-Alola, F|\n|poke|p2|Swampert, F|\n|poke|p2|Armarouge, F|\n|poke|p2|Shuckle, F|\n|poke|p2|Iron Treads|\n|poke|p2|Pelipper, F|\n|teampreview\n|\n|t:|1700433601\n|start\n|switch|p1a: Pikachu|Pikachu, F|100\/100\n|switch|p2a: Shuckle|Shuckle, F|100\/100\n|turn|1\n|\n|t:|1700433608\n|move|p1a: Pikachu|Nuzzle|p2a: Shuckle\n|-damage|p2a: Shuckle|92\/100\n|-status|p2a: Shuckle|par\n|move|p2a: Shuckle|Sticky Web|p1a: Pikachu\n|-sidestart|p1: ArgenPolmerica|move: Sticky Web\n|\n|upkeep\n|turn|2\n|\n|t:|1700433618\n|move|p1a: Pikachu|Volt Tackle|p2a: Shuckle\n|-damage|p2a: Shuckle|47\/100 par\n|-damage|p1a: Pikachu|83\/100|[from] Recoil\n|cant|p2a: Shuckle|par\n|\n|upkeep\n|turn|3\n|\n|t:|1700433626\n|move|p1a: Pikachu|Volt Tackle|p2a: Shuckle\n|-damage|p2a: Shuckle|0 fnt\n|faint|p2a: Shuckle\n|-damage|p1a: Pikachu|66\/100|[from] Recoil\n|\n|upkeep\n|\n|t:|1700433637\n|switch|p2a: Iron Treads|Iron Treads|100\/100\n|turn|4\n|\n|t:|1700433649\n|-terastallize|p1a: Pikachu|Normal\n|move|p2a: Iron Treads|Rapid Spin|p1a: Pikachu\n|-damage|p1a: Pikachu|11\/100\n|-boost|p2a: Iron Treads|spe|1\n|move|p1a: Pikachu|Body Slam|p2a: Iron Treads\n|-resisted|p2a: Iron Treads\n|-damage|p2a: Iron Treads|77\/100\n|-status|p2a: Iron Treads|par\n|\n|-heal|p2a: Iron Treads|83\/100 par|[from] item: Leftovers\n|upkeep\n|turn|5\n|\n|t:|1700433662\n|move|p1a: Pikachu|Quick Attack|p2a: Iron Treads\n|-resisted|p2a: Iron Treads\n|-damage|p2a: Iron Treads|72\/100 par\n|move|p2a: Iron Treads|Rapid Spin|p1a: Pikachu\n|-damage|p1a: Pikachu|0 fnt\n|-boost|p2a: Iron Treads|spe|1\n|faint|p1a: Pikachu\n|\n|-heal|p2a: Iron Treads|78\/100 par|[from] item: Leftovers\n|upkeep\n|\n|t:|1700433670\n|switch|p1a: Infernape|Infernape, F|100\/100\n|-activate|p1a: Infernape|move: Sticky Web\n|-unboost|p1a: Infernape|spe|1\n|turn|6\n|\n|t:|1700433697\n|move|p1a: Infernape|Mach Punch|p2a: Iron Treads\n|-supereffective|p2a: Iron Treads\n|-crit|p2a: Iron Treads\n|-damage|p2a: Iron Treads|7\/100 par\n|move|p2a: Iron Treads|Earthquake|p1a: Infernape\n|-supereffective|p1a: Infernape\n|-damage|p1a: Infernape|0 fnt\n|faint|p1a: Infernape\n|\n|-heal|p2a: Iron Treads|13\/100 par|[from] item: Leftovers\n|upkeep\n|\n|t:|1700433706\n|switch|p1a: Charizard|Charizard, M|100\/100\n|turn|7\n|\n|t:|1700433711\n|detailschange|p1a: Charizard|Charizard-Mega-Y, M\n|-mega|p1a: Charizard|Charizard|Charizardite Y\n|-weather|SunnyDay|[from] ability: Drought|[of] p1a: Charizard\n|move|p1a: Charizard|Flamethrower|p2a: Iron Treads\n|-supereffective|p2a: Iron Treads\n|-damage|p2a: Iron Treads|0 fnt\n|faint|p2a: Iron Treads\n|-end|p2a: Iron Treads|Quark Drive|[silent]\n|\n|-weather|SunnyDay|[upkeep]\n|upkeep\n|\n|t:|1700433721\n|switch|p2a: Pelipper|Pelipper, F, shiny|100\/100\n|-weather|RainDance|[from] ability: Drizzle|[of] p2a: Pelipper\n|turn|8\n|\n|t:|1700433730\n|switch|p1a: Dragonite|Dragonite, M|100\/100\n|move|p2a: Pelipper|U-turn|p1a: Dragonite\n|-resisted|p1a: Dragonite\n|-damage|p1a: Dragonite|96\/100\n|\n|t:|1700433736\n|switch|p2a: Swampert|Swampert, F, shiny|100\/100|[from] U-turn\n|\n|-weather|RainDance|[upkeep]\n|upkeep\n|turn|9\n|\n|t:|1700433742\n|switch|p1a: Charizard|Charizard-Mega-Y, M|100\/100\n|-weather|SunnyDay|[from] ability: Drought|[of] p1a: Charizard\n|detailschange|p2a: Swampert|Swampert-Mega, F, shiny\n|-mega|p2a: Swampert|Swampert|Swampertite\n|move|p2a: Swampert|Ice Punch|p1a: Charizard\n|-damage|p1a: Charizard|60\/100\n|\n|-weather|SunnyDay|[upkeep]\n|upkeep\n|turn|10\n|\n|t:|1700433760\n|switch|p1a: Dragonite|Dragonite, M|96\/100\n|switch|p2a: Muk|Muk-Alola, F, shiny|100\/100\n|\n|-weather|SunnyDay|[upkeep]\n|upkeep\n|turn|11\n|\n|t:|1700433768\n|move|p1a: Dragonite|Dragon Dance|p1a: Dragonite\n|-boost|p1a: Dragonite|atk|1\n|-boost|p1a: Dragonite|spe|1\n|move|p2a: Muk|Knock Off|p1a: Dragonite\n|-crit|p1a: Dragonite\n|-damage|p1a: Dragonite|11\/100\n|-enditem|p1a: Dragonite|Life Orb|[from] move: Knock Off|[of] p2a: Muk\n|\n|-weather|SunnyDay|[upkeep]\n|upkeep\n|turn|12\n|\n|t:|1700433779\n|move|p1a: Dragonite|Dragon Claw|p2a: Muk\n|-damage|p2a: Muk|31\/100\n|move|p2a: Muk|Drain Punch|p1a: Dragonite\n|-resisted|p1a: Dragonite\n|-damage|p1a: Dragonite|0 fnt\n|-heal|p2a: Muk|35\/100|[from] drain|[of] p1a: Dragonite\n|faint|p1a: Dragonite\n|\n|-weather|SunnyDay|[upkeep]\n|-heal|p2a: Muk|41\/100|[from] item: Black Sludge\n|upkeep\n|\n|t:|1700433789\n|switch|p1a: Sceptile|Sceptile, M|100\/100\n|-activate|p1a: Sceptile|move: Sticky Web\n|-unboost|p1a: Sceptile|spe|1\n|turn|13\n|\n|t:|1700433809\n|move|p1a: Sceptile|Dragon Pulse|p2a: Muk\n|-damage|p2a: Muk|20\/100\n|move|p2a: Muk|Knock Off|p1a: Sceptile\n|-damage|p1a: Sceptile|15\/100\n|-status|p1a: Sceptile|psn|[from] ability: Poison Touch|[of] p2a: Muk\n|-enditem|p1a: Sceptile|Focus Sash|[from] move: Knock Off|[of] p2a: Muk\n|\n|-weather|none\n|-heal|p2a: Muk|26\/100|[from] item: Black Sludge\n|-damage|p1a: Sceptile|2\/100 psn|[from] psn\n|upkeep\n|turn|14\n|\n|t:|1700433821\n|switch|p2a: Pelipper|Pelipper, F, shiny|100\/100\n|-weather|RainDance|[from] ability: Drizzle|[of] p2a: Pelipper\n|move|p1a: Sceptile|Focus Blast|p2a: Pelipper|[miss]\n|-miss|p1a: Sceptile|p2a: Pelipper\n|\n|-weather|RainDance|[upkeep]\n|-damage|p1a: Sceptile|0 fnt|[from] psn\n|faint|p1a: Sceptile\n|upkeep\n|\n|t:|1700433830\n|switch|p1a: Charizard|Charizard-Mega-Y, M|60\/100\n|-weather|SunnyDay|[from] ability: Drought|[of] p1a: Charizard\n|turn|15\n|\n|t:|1700433837\n|move|p1a: Charizard|Work Up|p1a: Charizard\n|-boost|p1a: Charizard|atk|1\n|-boost|p1a: Charizard|spa|1\n|move|p2a: Pelipper|U-turn|p1a: Charizard\n|-resisted|p1a: Charizard\n|-damage|p1a: Charizard|57\/100\n|\n|t:|1700433845\n|switch|p2a: Armarouge|Armarouge, F, shiny|100\/100|[from] U-turn\n|\n|-weather|SunnyDay|[upkeep]\n|upkeep\n|turn|16\n|\n|t:|1700433857\n|move|p1a: Charizard|Air Slash|p2a: Armarouge\n|-damage|p2a: Armarouge|29\/100\n|cant|p2a: Armarouge|flinch\n|\n|-weather|SunnyDay|[upkeep]\n|upkeep\n|turn|17\n|\n|t:|1700433865\n|move|p2a: Armarouge|Endure|p2a: Armarouge\n|-singleturn|p2a: Armarouge|move: Endure\n|move|p1a: Charizard|Air Slash|p2a: Armarouge\n|-activate|p2a: Armarouge|move: Endure\n|-damage|p2a: Armarouge|1\/100\n|\n|-weather|SunnyDay|[upkeep]\n|upkeep\n|turn|18\n|\n|t:|1700433873\n|move|p1a: Charizard|Air Slash|p2a: Armarouge\n|-damage|p2a: Armarouge|0 fnt\n|faint|p2a: Armarouge\n|\n|-weather|SunnyDay|[upkeep]\n|upkeep\n|\n|t:|1700433885\n|switch|p2a: Muk|Muk-Alola, F, shiny|26\/100\n|turn|19\n|\n|t:|1700433888\n|move|p1a: Charizard|Air Slash|p2a: Muk\n|-damage|p2a: Muk|0 fnt\n|faint|p2a: Muk\n|\n|-weather|none\n|upkeep\n|\n|t:|1700433894\n|switch|p2a: Pelipper|Pelipper, F, shiny|100\/100\n|-weather|RainDance|[from] ability: Drizzle|[of] p2a: Pelipper\n|turn|20\n|\n|t:|1700433902\n|switch|p1a: Greninja|Greninja, M|100\/100\n|-activate|p1a: Greninja|move: Sticky Web\n|-unboost|p1a: Greninja|spe|1\n|move|p2a: Pelipper|Scald|p1a: Greninja\n|-resisted|p1a: Greninja\n|-damage|p1a: Greninja|69\/100\n|-status|p1a: Greninja|brn\n|\n|-weather|RainDance|[upkeep]\n|-damage|p1a: Greninja|63\/100 brn|[from] brn\n|upkeep\n|turn|21\n|\n|t:|1700433915\n|move|p1a: Greninja|Surf|p2a: Pelipper\n|-resisted|p2a: Pelipper\n|-damage|p2a: Pelipper|55\/100\n|move|p2a: Pelipper|U-turn|p1a: Greninja\n|-supereffective|p1a: Greninja\n|-damage|p1a: Greninja|35\/100 brn\n|\n|t:|1700433921\n|switch|p2a: Swampert|Swampert-Mega, F, shiny|100\/100|[from] U-turn\n|\n|-weather|RainDance|[upkeep]\n|-damage|p1a: Greninja|29\/100 brn|[from] brn\n|upkeep\n|turn|22\n|\n|t:|1700433928\n|move|p2a: Swampert|Waterfall|p1a: Greninja\n|-resisted|p1a: Greninja\n|-damage|p1a: Greninja|0 fnt\n|faint|p1a: Greninja\n|\n|-weather|RainDance|[upkeep]\n|upkeep\n|\n|t:|1700433933\n|switch|p1a: Charizard|Charizard-Mega-Y, M|57\/100\n|-weather|SunnyDay|[from] ability: Drought|[of] p1a: Charizard\n|turn|23\n|\n|t:|1700433939\n|switch|p2a: Pelipper|Pelipper, F, shiny|55\/100\n|-weather|RainDance|[from] ability: Drizzle|[of] p2a: Pelipper\n|move|p1a: Charizard|Solar Beam||[still]\n|-prepare|p1a: Charizard|Solar Beam\n|\n|-weather|RainDance|[upkeep]\n|upkeep\n|turn|24\n|\n|t:|1700433947\n|move|p1a: Charizard|Solar Beam|p2a: Pelipper|[from]lockedmove\n|-damage|p2a: Pelipper|19\/100\n|move|p2a: Pelipper|Scald|p1a: Charizard\n|-supereffective|p1a: Charizard\n|-damage|p1a: Charizard|0 fnt\n|faint|p1a: Charizard\n|\n|win|tempuraboiz\n|raw|ArgenPolmerica's rating: 1072 &rarr; <strong>1054<\/strong><br \/>(-18 for losing)\n|raw|tempuraboiz's rating: 1114 &rarr; <strong>1136<\/strong><br \/>(+22 for winning)\n|c|\u2606tempuraboiz|Gg\n|l|\u2606ArgenPolmerica\n","uploadtime":1700433964,"views":9,"p1id":"argenpolmerica","p2id":"tempuraboiz","formatid":"gen9nationaldex","rating":1054,"private":0,"password":""}