{"id":"gen9nationaldex-1990558501","p1":"UKanada foreva","p2":"SegaSunnyD","format":"[Gen 9] National Dex","log":"|j|\u2606UKanada foreva\n|j|\u2606SegaSunnyD\n|t:|1699981338\n|gametype|singles\n|player|p1|UKanada foreva|1|1000\n|player|p2|SegaSunnyD|caitlin|1000\n|teamsize|p1|6\n|teamsize|p2|6\n|gen|9\n|tier|[Gen 9] National Dex\n|rated|\n|rule|HP Percentage Mod: HP is shown in percentages\n|rule|Endless Battle Clause: Forcing endless battles is banned\n|rule|OHKO Clause: OHKO moves are banned\n|rule|Evasion Clause: Evasion abilities, items, and moves are banned\n|rule|Evasion Abilities Clause: Evasion abilities are banned\n|rule|Evasion Items Clause: Evasion items are banned\n|rule|Evasion Moves Clause: Evasion moves are banned\n|rule|Species Clause: Limit one of each Pok\u00e9mon\n|rule|Sleep Clause Mod: Limit one foe put to sleep\n|clearpoke\n|poke|p1|Magikarp, M|\n|poke|p1|Kricketot, F|\n|poke|p1|Burmy, M|\n|poke|p1|Ledyba, F|\n|poke|p1|Magby, M|\n|poke|p1|Mankey, M|\n|poke|p2|Magikarp, M|\n|poke|p2|Kricketot, F|\n|poke|p2|Burmy, F|\n|poke|p2|Ledyba, F|\n|poke|p2|Magby, F|\n|poke|p2|Mankey, F|\n|teampreview\n|c|\u2606SegaSunnyD|Well one of us has to change\n|\n|t:|1699981367\n|start\n|switch|p1a: Magby|Magby, M|100\/100\n|switch|p2a: Burmy|Burmy, F|100\/100\n|turn|1\n|j| john's spicy alt\n|\n|t:|1699981397\n|switch|p2a: The true God|Magikarp, M|100\/100\n|-terastallize|p1a: Magby|Fire\n|move|p1a: Magby|Flamethrower|p2a: The true God\n|-resisted|p2a: The true God\n|-enditem|p2a: The true God|Focus Sash\n|-damage|p2a: The true God|1\/100\n|\n|upkeep\n|turn|2\n|\n|t:|1699981405\n|-terastallize|p2a: The true God|Normal\n|move|p1a: Magby|Flamethrower|p2a: The true God\n|-damage|p2a: The true God|0 fnt\n|faint|p2a: The true God\n|\n|upkeep\n|\n|t:|1699981416\n|switch|p2a: Mankey|Mankey, F|100\/100\n|turn|3\n|c| john's spicy alt|great minds think alike\n|\n|t:|1699981423\n|switch|p1a: Ledyba|Ledyba, F|100\/100\n|move|p2a: Mankey|Earthquake|p1a: Ledyba\n|-immune|p1a: Ledyba\n|\n|upkeep\n|turn|4\n|\n|t:|1699981427\n|switch|p2a: Magby|Magby, F|100\/100\n|switch|p1a: Magby|Magby, M, tera:Fire|100\/100\n|\n|upkeep\n|turn|5\n|\n|t:|1699981449\n|move|p1a: Magby|Psychic|p2a: Magby\n|-damage|p2a: Magby|52\/100\n|move|p2a: Magby|Psychic|p1a: Magby\n|-crit|p1a: Magby\n|-damage|p1a: Magby|32\/100\n|\n|upkeep\n|turn|6\n|j| Velcroc\n|\n|t:|1699981466\n|switch|p1a: Kricketot|Kricketot, F|100\/100\n|move|p2a: Magby|Psychic|p1a: Kricketot\n|-crit|p1a: Kricketot\n|-damage|p1a: Kricketot|24\/100\n|\n|upkeep\n|turn|7\n|\n|t:|1699981474\n|move|p2a: Magby|Flamethrower|p1a: Kricketot\n|-supereffective|p1a: Kricketot\n|-damage|p1a: Kricketot|0 fnt\n|faint|p1a: Kricketot\n|\n|upkeep\n|\n|t:|1699981480\n|switch|p1a: The true God|Magikarp, M|100\/100\n|turn|8\n|\n|t:|1699981487\n|move|p2a: Magby|Will-O-Wisp|p1a: The true God|[miss]\n|-miss|p2a: Magby|p1a: The true God\n|move|p1a: The true God|Hydro Pump|p2a: Magby|[miss]\n|-miss|p1a: The true God|p2a: Magby\n|\n|upkeep\n|turn|9\n|\n|t:|1699981491\n|move|p2a: Magby|Will-O-Wisp|p1a: The true God\n|-status|p1a: The true God|brn\n|move|p1a: The true God|Hydro Pump|p2a: Magby|[miss]\n|-miss|p1a: The true God|p2a: Magby\n|\n|-damage|p1a: The true God|94\/100 brn|[from] brn\n|upkeep\n|turn|10\n|\n|t:|1699981496\n|move|p2a: Magby|Psychic|p1a: The true God\n|-damage|p1a: The true God|0 fnt\n|faint|p1a: The true God\n|\n|upkeep\n|\n|t:|1699981504\n|switch|p1a: Magby|Magby, M, tera:Fire|32\/100\n|turn|11\n|c|\u2606SegaSunnyD|This is the true battle of the gods\n|\n|t:|1699981519\n|move|p2a: Magby|Psychic|p1a: Magby\n|-crit|p1a: Magby\n|-damage|p1a: Magby|0 fnt\n|faint|p1a: Magby\n|\n|upkeep\n|\n|t:|1699981527\n|switch|p1a: Burmy|Burmy, M|100\/100\n|turn|12\n|\n|t:|1699981536\n|move|p2a: Magby|Flamethrower|p1a: Burmy\n|-supereffective|p1a: Burmy\n|-damage|p1a: Burmy|9\/100\n|move|p1a: Burmy|Electroweb|p2a: Magby|[miss]\n|-miss|p1a: Burmy|p2a: Magby\n|\n|-heal|p1a: Burmy|15\/100|[from] item: Leftovers\n|upkeep\n|turn|13\n|\n|t:|1699981545\n|move|p2a: Magby|Flamethrower|p1a: Burmy\n|-supereffective|p1a: Burmy\n|-damage|p1a: Burmy|0 fnt\n|faint|p1a: Burmy\n|\n|upkeep\n|\n|t:|1699981549\n|switch|p1a: Ledyba|Ledyba, F|100\/100\n|turn|14\n|\n|t:|1699981555\n|move|p2a: Magby|Flamethrower|p1a: Ledyba\n|-supereffective|p1a: Ledyba\n|-damage|p1a: Ledyba|2\/100\n|move|p1a: Ledyba|Drain Punch|p2a: Magby\n|-crit|p2a: Magby\n|-damage|p2a: Magby|0 fnt\n|-heal|p1a: Ledyba|23\/100|[from] drain|[of] p2a: Magby\n|faint|p2a: Magby\n|\n|upkeep\n|\n|t:|1699981561\n|switch|p2a: Ledyba|Ledyba, F|100\/100\n|turn|15\n|\n|t:|1699981566\n|move|p1a: Ledyba|Drain Punch|p2a: Ledyba\n|-resisted|p2a: Ledyba\n|-damage|p2a: Ledyba|88\/100\n|-heal|p1a: Ledyba|30\/100|[from] drain|[of] p2a: Ledyba\n|move|p2a: Ledyba|Thunder Punch|p1a: Ledyba\n|-supereffective|p1a: Ledyba\n|-damage|p1a: Ledyba|0 fnt\n|faint|p1a: Ledyba\n|\n|upkeep\n|\n|t:|1699981569\n|switch|p1a: Mankey|Mankey, M|100\/100\n|turn|16\n|\n|t:|1699981574\n|move|p1a: Mankey|Outrage|p2a: Ledyba\n|-damage|p2a: Ledyba|0 fnt\n|faint|p2a: Ledyba\n|\n|upkeep\n|\n|t:|1699981577\n|switch|p2a: Kricketot|Kricketot, F|100\/100\n|turn|17\n|\n|t:|1699981579\n|move|p1a: Mankey|Outrage|p2a: Kricketot|[from]lockedmove\n|-enditem|p2a: Kricketot|Focus Sash\n|-damage|p2a: Kricketot|1\/100\n|move|p2a: Kricketot|Endeavor|p1a: Mankey\n|-damage|p1a: Mankey|1\/100\n|\n|upkeep\n|turn|18\n|\n|t:|1699981583\n|move|p1a: Mankey|Outrage|p2a: Kricketot|[from]lockedmove\n|-damage|p2a: Kricketot|0 fnt\n|faint|p2a: Kricketot\n|-start|p1a: Mankey|confusion|[fatigue]\n|\n|upkeep\n|\n|t:|1699981585\n|switch|p2a: Burmy|Burmy, F|100\/100\n|turn|19\n|\n|t:|1699981587\n|-activate|p1a: Mankey|confusion\n|-damage|p1a: Mankey|0 fnt|[from] confusion\n|faint|p1a: Mankey\n|\n|win|SegaSunnyD\n|raw|UKanada foreva's rating: 1000 &rarr; <strong>1000<\/strong><br \/>(+0 for losing)\n|raw|SegaSunnyD's rating: 1000 &rarr; <strong>1040<\/strong><br \/>(+40 for winning)\n|l|\u2606UKanada foreva\n|c|\u2606SegaSunnyD|Gg\n","uploadtime":1699981598,"views":3,"p1id":"ukanadaforeva","p2id":"segasunnyd","formatid":"gen9nationaldex","rating":1000,"private":0,"password":""}