{"id":"gen9nationaldex-1990456211","p1":"about15guys","p2":"RunicPower419","format":"[Gen 9] National Dex","log":"|j|\u2606about15guys\n|j|\u2606RunicPower419\n|inactive|Battle timer is ON: inactive players will automatically lose when time's up.\n|t:|1699972681\n|gametype|singles\n|player|p1|about15guys|alec-anime|\n|player|p2|RunicPower419|red-masters|\n|teamsize|p1|6\n|teamsize|p2|6\n|gen|9\n|tier|[Gen 9] National Dex\n|rated|Tournament battle\n|rule|HP Percentage Mod: HP is shown in percentages\n|rule|Endless Battle Clause: Forcing endless battles is banned\n|rule|OHKO Clause: OHKO moves are banned\n|rule|Evasion Clause: Evasion abilities, items, and moves are banned\n|rule|Evasion Abilities Clause: Evasion abilities are banned\n|rule|Evasion Items Clause: Evasion items are banned\n|rule|Evasion Moves Clause: Evasion moves are banned\n|rule|Species Clause: Limit one of each Pok\u00e9mon\n|rule|Sleep Clause Mod: Limit one foe put to sleep\n|rule|Terastal Clause: You cannot Terastallize\n|clearpoke\n|poke|p1|Banette, M|\n|poke|p1|Pawmot, M|\n|poke|p1|Alomomola, M|\n|poke|p1|Landorus-Therian, M|\n|poke|p1|Moltres|\n|poke|p1|Kingambit, M|\n|poke|p2|Zapdos|\n|poke|p2|Lopunny, F|\n|poke|p2|Sinistcha-Masterpiece|\n|poke|p2|Ting-Lu|\n|poke|p2|Alomomola, F|\n|poke|p2|Heatran, F|\n|teampreview\n|inactive|about15guys also wants the timer to be on.\n|inactive|RunicPower419 also wants the timer to be on.\n|j| primataNoCompuiter\n|c|\u2606about15guys|glhf\n|j|+Avaritia~!\n|c|\u2606RunicPower419|glhf\n|\n|t:|1699972696\n|start\n|switch|p1a: STORYTELLER|Landorus-Therian, M|100\/100\n|switch|p2a: Lopunny|Lopunny, F, shiny|100\/100\n|-ability|p1a: STORYTELLER|Intimidate|boost\n|-unboost|p2a: Lopunny|atk|1\n|turn|1\n|\n|t:|1699972723\n|switch|p1a: CLOUD9999|Moltres|100\/100\n|detailschange|p2a: Lopunny|Lopunny-Mega, F, shiny\n|-mega|p2a: Lopunny|Lopunny|Lopunnite\n|move|p2a: Lopunny|U-turn|p1a: CLOUD9999\n|-resisted|p1a: CLOUD9999\n|-damage|p1a: CLOUD9999|97\/100\n|-status|p2a: Lopunny|brn|[from] ability: Flame Body|[of] p1a: CLOUD9999\n|c|\u2606about15guys|aw yeah\n|inactive|RunicPower419 has 120 seconds left.\n|c|\u2606RunicPower419|Just\n|c|\u2606RunicPower419|wow\n|c|\u2606about15guys|rng is great actually\n|c|\u2606about15guys|i love pokemon\n|\n|t:|1699972746\n|switch|p2a: Heatran|Heatran, F|100\/100|[from] U-turn\n|\n|upkeep\n|turn|2\n|\n|t:|1699972754\n|switch|p1a: AISHITE|Alomomola, M|100\/100\n|move|p2a: Heatran|Stealth Rock|p1a: AISHITE\n|-sidestart|p1: about15guys|move: Stealth Rock\n|\n|upkeep\n|turn|3\n|c| primataNoCompuiter|worst start possible for runic\n|\n|t:|1699972759\n|move|p2a: Heatran|Magma Storm|p1a: AISHITE\n|-resisted|p1a: AISHITE\n|-damage|p1a: AISHITE|80\/100\n|-activate|p1a: AISHITE|move: Magma Storm|[of] p2a: Heatran\n|move|p1a: AISHITE|Flip Turn|p2a: Heatran\n|-supereffective|p2a: Heatran\n|-damage|p2a: Heatran|75\/100\n|\n|t:|1699972766\n|switch|p1a: STORYTELLER|Landorus-Therian, M|100\/100|[from] Flip Turn\n|-damage|p1a: STORYTELLER|88\/100|[from] Stealth Rock\n|-ability|p1a: STORYTELLER|Intimidate|boost\n|-unboost|p2a: Heatran|atk|1\n|\n|-heal|p2a: Heatran|81\/100|[from] item: Leftovers\n|upkeep\n|turn|4\n|j|+Lameflame\n|\n|t:|1699972776\n|switch|p2a: Alomomola|Alomomola, F|100\/100\n|move|p1a: STORYTELLER|Stealth Rock|p2a: Alomomola\n|-sidestart|p2: RunicPower419|move: Stealth Rock\n|\n|upkeep\n|turn|5\n|j| XXMurdrXX\n|\n|t:|1699972782\n|move|p1a: STORYTELLER|U-turn|p2a: Alomomola\n|-damage|p2a: Alomomola|87\/100\n|\n|t:|1699972787\n|switch|p1a: CABLE TIE RAVE|Kingambit, M|100\/100|[from] U-turn\n|-damage|p1a: CABLE TIE RAVE|94\/100|[from] Stealth Rock\n|move|p2a: Alomomola|Flip Turn|p1a: CABLE TIE RAVE\n|-damage|p1a: CABLE TIE RAVE|84\/100\n|\n|t:|1699972792\n|switch|p2a: Ting-Lu|Ting-Lu|100\/100|[from] Flip Turn\n|-damage|p2a: Ting-Lu|94\/100|[from] Stealth Rock\n|-ability|p2a: Ting-Lu|Vessel of Ruin\n|\n|-heal|p2a: Ting-Lu|100\/100|[from] item: Leftovers\n|upkeep\n|turn|6\n|\n|t:|1699972799\n|move|p1a: CABLE TIE RAVE|Low Kick|p2a: Ting-Lu\n|-supereffective|p2a: Ting-Lu\n|-damage|p2a: Ting-Lu|58\/100\n|move|p2a: Ting-Lu|Spikes|p1a: CABLE TIE RAVE\n|-sidestart|p1: about15guys|Spikes\n|\n|-heal|p2a: Ting-Lu|64\/100|[from] item: Leftovers\n|upkeep\n|turn|7\n|\n|t:|1699972803\n|move|p1a: CABLE TIE RAVE|Low Kick|p2a: Ting-Lu\n|-supereffective|p2a: Ting-Lu\n|-damage|p2a: Ting-Lu|22\/100\n|move|p2a: Ting-Lu|Earthquake|p1a: CABLE TIE RAVE\n|-supereffective|p1a: CABLE TIE RAVE\n|-damage|p1a: CABLE TIE RAVE|34\/100\n|\n|-heal|p2a: Ting-Lu|28\/100|[from] item: Leftovers\n|upkeep\n|turn|8\n|\n|t:|1699972807\n|switch|p2a: Zapdos|Zapdos, shiny|100\/100\n|move|p1a: CABLE TIE RAVE|Low Kick|p2a: Zapdos\n|-resisted|p2a: Zapdos\n|-damage|p2a: Zapdos|90\/100\n|-status|p1a: CABLE TIE RAVE|par|[from] ability: Static|[of] p2a: Zapdos\n|\n|upkeep\n|turn|9\n|c|\u2606RunicPower419|rng is a beach\n|c|\u2606about15guys|:(\n|\n|t:|1699972825\n|move|p2a: Zapdos|Volt Switch|p1a: CABLE TIE RAVE\n|-damage|p1a: CABLE TIE RAVE|18\/100 par\n|c|\u2606about15guys|pokemon sucks\n|c|\u2606about15guys|I hate this game\n|\n|t:|1699972830\n|switch|p2a: Lopunny|Lopunny-Mega, F, shiny|100\/100 brn|[from] Volt Switch\n|-damage|p2a: Lopunny|95\/100 brn|[from] Stealth Rock\n|move|p1a: CABLE TIE RAVE|Knock Off|p2a: Lopunny\n|-resisted|p2a: Lopunny\n|-damage|p2a: Lopunny|72\/100 brn\n|\n|-damage|p2a: Lopunny|66\/100 brn|[from] brn\n|upkeep\n|turn|10\n|\n|t:|1699972838\n|-end|p1a: CABLE TIE RAVE|fallenundefined|[silent]\n|switch|p1a: CLOUD9999|Moltres|97\/100\n|move|p2a: Lopunny|Fake Out|p1a: CLOUD9999\n|-damage|p1a: CLOUD9999|87\/100\n|\n|-damage|p2a: Lopunny|60\/100 brn|[from] brn\n|upkeep\n|turn|11\n|\n|t:|1699972842\n|move|p2a: Lopunny|U-turn|p1a: CLOUD9999\n|-resisted|p1a: CLOUD9999\n|-damage|p1a: CLOUD9999|85\/100\n|\n|t:|1699972846\n|switch|p2a: Heatran|Heatran, F|81\/100|[from] U-turn\n|-damage|p2a: Heatran|69\/100|[from] Stealth Rock\n|move|p1a: CLOUD9999|Defog|p2a: Heatran\n|-unboost|p2a: Heatran|evasion|1\n|-sideend|p2: RunicPower419|Stealth Rock|[from] move: Defog|[of] p1a: CLOUD9999\n|-sideend|p1: about15guys|Spikes|[from] move: Defog|[of] p1a: CLOUD9999\n|-sideend|p1: about15guys|Stealth Rock|[from] move: Defog|[of] p1a: CLOUD9999\n|\n|-heal|p2a: Heatran|75\/100|[from] item: Leftovers\n|upkeep\n|turn|12\n|\n|t:|1699972853\n|switch|p1a: AISHITE|Alomomola, M|100\/100\n|move|p2a: Heatran|Magma Storm|p1a: AISHITE\n|-resisted|p1a: AISHITE\n|-crit|p1a: AISHITE\n|-damage|p1a: AISHITE|71\/100\n|-activate|p1a: AISHITE|move: Magma Storm|[of] p2a: Heatran\n|\n|-heal|p2a: Heatran|81\/100|[from] item: Leftovers\n|-damage|p1a: AISHITE|58\/100|[from] move: Magma Storm|[partiallytrapped]\n|upkeep\n|turn|13\n|\n|t:|1699972858\n|move|p2a: Heatran|Taunt|p1a: AISHITE\n|-start|p1a: AISHITE|move: Taunt\n|move|p1a: AISHITE|Flip Turn|p2a: Heatran\n|-supereffective|p2a: Heatran\n|-damage|p2a: Heatran|55\/100\n|\n|t:|1699972860\n|switch|p1a: STORYTELLER|Landorus-Therian, M|88\/100|[from] Flip Turn\n|-ability|p1a: STORYTELLER|Intimidate|boost\n|-unboost|p2a: Heatran|atk|1\n|\n|-heal|p2a: Heatran|61\/100|[from] item: Leftovers\n|upkeep\n|turn|14\n|\n|t:|1699972865\n|switch|p2a: Sinistcha|Sinistcha-Masterpiece, shiny|100\/100\n|move|p1a: STORYTELLER|Stealth Rock|p2a: Sinistcha\n|-sidestart|p2: RunicPower419|move: Stealth Rock\n|\n|upkeep\n|turn|15\n|\n|t:|1699972871\n|move|p1a: STORYTELLER|Taunt|p2a: Sinistcha\n|-start|p2a: Sinistcha|move: Taunt\n|cant|p2a: Sinistcha|move: Taunt|Calm Mind\n|\n|upkeep\n|turn|16\n|\n|t:|1699972878\n|switch|p1a: CLOUD9999|Moltres|85\/100\n|move|p2a: Sinistcha|Matcha Gotcha|p1a: CLOUD9999\n|-resisted|p1a: CLOUD9999\n|-damage|p1a: CLOUD9999|77\/100\n|\n|upkeep\n|turn|17\n|\n|t:|1699972883\n|switch|p2a: Heatran|Heatran, F|61\/100\n|-damage|p2a: Heatran|49\/100|[from] Stealth Rock\n|move|p1a: CLOUD9999|Hurricane|p2a: Heatran\n|-resisted|p2a: Heatran\n|-damage|p2a: Heatran|35\/100\n|\n|-heal|p2a: Heatran|41\/100|[from] item: Leftovers\n|upkeep\n|turn|18\n|\n|t:|1699972890\n|switch|p1a: AISHITE|Alomomola, M|91\/100\n|move|p2a: Heatran|Stealth Rock|p1a: AISHITE\n|-sidestart|p1: about15guys|move: Stealth Rock\n|\n|-heal|p2a: Heatran|47\/100|[from] item: Leftovers\n|upkeep\n|turn|19\n|\n|t:|1699972895\n|switch|p2a: Sinistcha|Sinistcha-Masterpiece, shiny|100\/100\n|-damage|p2a: Sinistcha|88\/100|[from] Stealth Rock\n|move|p1a: AISHITE|Flip Turn|p2a: Sinistcha\n|-resisted|p2a: Sinistcha\n|-damage|p2a: Sinistcha|83\/100\n|\n|t:|1699972907\n|switch|p1a: CABLE TIE RAVE|Kingambit, M|18\/100 par|[from] Flip Turn\n|-damage|p1a: CABLE TIE RAVE|12\/100 par|[from] Stealth Rock\n|\n|-heal|p2a: Sinistcha|89\/100|[from] item: Leftovers\n|upkeep\n|turn|20\n|c|\u2606RunicPower419|Give\n|c|\u2606RunicPower419|me\n|c|\u2606RunicPower419|PARA\n|\n|t:|1699972924\n|move|p2a: Sinistcha|Shadow Ball|p1a: CABLE TIE RAVE\n|-resisted|p1a: CABLE TIE RAVE\n|-damage|p1a: CABLE TIE RAVE|3\/100 par\n|-unboost|p1a: CABLE TIE RAVE|spd|1\n|move|p1a: CABLE TIE RAVE|Knock Off|p2a: Sinistcha\n|-supereffective|p2a: Sinistcha\n|-damage|p2a: Sinistcha|18\/100\n|-enditem|p2a: Sinistcha|Leftovers|[from] move: Knock Off|[of] p1a: CABLE TIE RAVE\n|\n|upkeep\n|turn|21\n|c|\u2606RunicPower419|Whoops\n|\n|t:|1699972939\n|move|p1a: CABLE TIE RAVE|Sucker Punch||[still]\n|-fail|p1a: CABLE TIE RAVE\n|move|p2a: Sinistcha|Strength Sap|p1a: CABLE TIE RAVE\n|-unboost|p1a: CABLE TIE RAVE|atk|1\n|-heal|p2a: Sinistcha|100\/100\n|\n|upkeep\n|turn|22\n|c|\u2606about15guys|oh\n|c|\u2606about15guys|yeah that\n|\n|t:|1699972946\n|-end|p1a: CABLE TIE RAVE|fallenundefined|[silent]\n|switch|p1a: CLOUD9999|Moltres|77\/100\n|move|p2a: Sinistcha|Matcha Gotcha|p1a: CLOUD9999\n|-resisted|p1a: CLOUD9999\n|-damage|p1a: CLOUD9999|70\/100\n|\n|upkeep\n|turn|23\n|\n|t:|1699972956\n|switch|p2a: Alomomola|Alomomola, F|100\/100\n|move|p1a: CLOUD9999|Hurricane|p2a: Alomomola\n|-damage|p2a: Alomomola|56\/100\n|-start|p2a: Alomomola|confusion\n|\n|upkeep\n|turn|24\n|\n|t:|1699972964\n|move|p1a: CLOUD9999|Hurricane|p2a: Alomomola\n|-damage|p2a: Alomomola|16\/100\n|-activate|p2a: Alomomola|confusion\n|move|p2a: Alomomola|Wish|p2a: Alomomola\n|\n|upkeep\n|turn|25\n|\n|t:|1699972973\n|switch|p2a: Heatran|Heatran, F|47\/100\n|-damage|p2a: Heatran|35\/100|[from] Stealth Rock\n|move|p1a: CLOUD9999|Defog|p2a: Heatran\n|-unboost|p2a: Heatran|evasion|1\n|-sideend|p2: RunicPower419|Stealth Rock|[from] move: Defog|[of] p1a: CLOUD9999\n|-sideend|p1: about15guys|Stealth Rock|[from] move: Defog|[of] p1a: CLOUD9999\n|\n|-heal|p2a: Heatran|96\/100|[from] move: Wish|[wisher] Alomomola\n|-heal|p2a: Heatran|100\/100|[from] item: Leftovers\n|upkeep\n|turn|26\n|\n|t:|1699972988\n|switch|p1a: AISHITE|Alomomola, M|100\/100\n|move|p2a: Heatran|Earth Power|p1a: AISHITE\n|-damage|p1a: AISHITE|78\/100\n|\n|upkeep\n|turn|27\n|\n|t:|1699972991\n|switch|p2a: Sinistcha|Sinistcha-Masterpiece, shiny|100\/100\n|move|p1a: AISHITE|Flip Turn|p2a: Sinistcha\n|-resisted|p2a: Sinistcha\n|-damage|p2a: Sinistcha|96\/100\n|\n|t:|1699972995\n|switch|p1a: JUST BELIEVE|Banette, M|100\/100|[from] Flip Turn\n|\n|upkeep\n|turn|28\n|\n|t:|1699973003\n|switch|p2a: Lopunny|Lopunny-Mega, F, shiny|60\/100 brn\n|detailschange|p1a: JUST BELIEVE|Banette-Mega, M\n|-mega|p1a: JUST BELIEVE|Banette|Banettite\n|move|p1a: JUST BELIEVE|Infestation|p2a: Lopunny\n|-resisted|p2a: Lopunny\n|-damage|p2a: Lopunny|57\/100 brn\n|-activate|p2a: Lopunny|move: Infestation|[of] p1a: JUST BELIEVE\n|\n|-damage|p2a: Lopunny|51\/100 brn|[from] brn\n|-damage|p2a: Lopunny|39\/100 brn|[from] move: Infestation|[partiallytrapped]\n|upkeep\n|turn|29\n|\n|t:|1699973009\n|switch|p1a: STORYTELLER|Landorus-Therian, M|88\/100\n|-ability|p1a: STORYTELLER|Intimidate|boost\n|-fail|p2a: Lopunny|unboost|Attack|[from] ability: Scrappy|[of] p2a: Lopunny\n|move|p2a: Lopunny|Close Combat|p1a: STORYTELLER\n|-resisted|p1a: STORYTELLER\n|-damage|p1a: STORYTELLER|77\/100\n|-unboost|p2a: Lopunny|def|1\n|-unboost|p2a: Lopunny|spd|1\n|-damage|p2a: Lopunny|22\/100 brn|[from] item: Rocky Helmet|[of] p1a: STORYTELLER\n|\n|-damage|p2a: Lopunny|16\/100 brn|[from] brn\n|-end|p2a: Lopunny|Infestation|[partiallytrapped]|[silent]\n|upkeep\n|turn|30\n|\n|t:|1699973018\n|switch|p2a: Alomomola|Alomomola, F|49\/100\n|move|p1a: STORYTELLER|Stealth Rock|p2a: Alomomola\n|-sidestart|p2: RunicPower419|move: Stealth Rock\n|\n|upkeep\n|turn|31\n|\n|t:|1699973020\n|move|p1a: STORYTELLER|Taunt|p2a: Alomomola\n|-start|p2a: Alomomola|move: Taunt\n|cant|p2a: Alomomola|move: Taunt|Wish\n|\n|upkeep\n|turn|32\n|\n|t:|1699973026\n|switch|p2a: Sinistcha|Sinistcha-Masterpiece, shiny|96\/100\n|-damage|p2a: Sinistcha|83\/100|[from] Stealth Rock\n|move|p1a: STORYTELLER|Earthquake|p2a: Sinistcha\n|-resisted|p2a: Sinistcha\n|-damage|p2a: Sinistcha|69\/100\n|\n|upkeep\n|turn|33\n|\n|t:|1699973032\n|move|p1a: STORYTELLER|Taunt|p2a: Sinistcha\n|-start|p2a: Sinistcha|move: Taunt\n|move|p2a: Sinistcha|Shadow Ball|p1a: STORYTELLER\n|-damage|p1a: STORYTELLER|42\/100\n|\n|upkeep\n|turn|34\n|\n|t:|1699973034\n|move|p1a: STORYTELLER|U-turn|p2a: Sinistcha\n|-damage|p2a: Sinistcha|53\/100\n|\n|t:|1699973037\n|switch|p1a: CLOUD9999|Moltres|70\/100|[from] U-turn\n|move|p2a: Sinistcha|Shadow Ball|p1a: CLOUD9999\n|-damage|p1a: CLOUD9999|37\/100\n|\n|upkeep\n|turn|35\n|\n|t:|1699973042\n|switch|p2a: Heatran|Heatran, F|100\/100\n|-damage|p2a: Heatran|88\/100|[from] Stealth Rock\n|move|p1a: CLOUD9999|Roost|p1a: CLOUD9999\n|-heal|p1a: CLOUD9999|87\/100\n|-singleturn|p1a: CLOUD9999|move: Roost\n|\n|-heal|p2a: Heatran|94\/100|[from] item: Leftovers\n|upkeep\n|turn|36\n|\n|t:|1699973049\n|switch|p1a: AISHITE|Alomomola, M|100\/100\n|move|p2a: Heatran|Taunt|p1a: AISHITE\n|-start|p1a: AISHITE|move: Taunt\n|\n|-heal|p2a: Heatran|100\/100|[from] item: Leftovers\n|upkeep\n|turn|37\n|\n|t:|1699973052\n|switch|p2a: Alomomola|Alomomola, F|82\/100\n|move|p1a: AISHITE|Flip Turn|p2a: Alomomola\n|-resisted|p2a: Alomomola\n|-damage|p2a: Alomomola|78\/100\n|\n|t:|1699973062\n|switch|p1a: BETTER WITHOUT YOU|Pawmot, M|100\/100|[from] Flip Turn\n|\n|upkeep\n|turn|38\n|\n|t:|1699973068\n|switch|p2a: Zapdos|Zapdos, shiny|90\/100\n|move|p1a: BETTER WITHOUT YOU|Double Shock|p2a: Zapdos\n|-damage|p2a: Zapdos|46\/100\n|-start|p1a: BETTER WITHOUT YOU|typechange|???\/Fighting|[from] move: Double Shock\n|\n|upkeep\n|turn|39\n|\n|t:|1699973091\n|switch|p1a: JUST BELIEVE|Banette-Mega, M|100\/100\n|switch|p2a: Lopunny|Lopunny-Mega, F, shiny|16\/100 brn\n|-damage|p2a: Lopunny|10\/100 brn|[from] Stealth Rock\n|\n|-damage|p2a: Lopunny|5\/100 brn|[from] brn\n|upkeep\n|turn|40\n|\n|t:|1699973097\n|switch|p1a: AISHITE|Alomomola, M|100\/100\n|move|p2a: Lopunny|Close Combat|p1a: AISHITE\n|-damage|p1a: AISHITE|81\/100\n|-unboost|p2a: Lopunny|def|1\n|-unboost|p2a: Lopunny|spd|1\n|-damage|p2a: Lopunny|0 fnt|[from] item: Rocky Helmet|[of] p1a: AISHITE\n|faint|p2a: Lopunny\n|\n|upkeep\n|\n|t:|1699973100\n|switch|p2a: Sinistcha|Sinistcha-Masterpiece, shiny|53\/100\n|-damage|p2a: Sinistcha|40\/100|[from] Stealth Rock\n|turn|41\n|\n|t:|1699973104\n|move|p2a: Sinistcha|Calm Mind|p2a: Sinistcha\n|-boost|p2a: Sinistcha|spa|1\n|-boost|p2a: Sinistcha|spd|1\n|move|p1a: AISHITE|Flip Turn|p2a: Sinistcha\n|-resisted|p2a: Sinistcha\n|-damage|p2a: Sinistcha|35\/100\n|\n|t:|1699973107\n|switch|p1a: JUST BELIEVE|Banette-Mega, M|100\/100|[from] Flip Turn\n|\n|upkeep\n|turn|42\n|\n|t:|1699973111\n|move|p2a: Sinistcha|Strength Sap|p1a: JUST BELIEVE\n|-unboost|p1a: JUST BELIEVE|atk|1\n|-heal|p2a: Sinistcha|100\/100\n|move|p1a: JUST BELIEVE|Infestation|p2a: Sinistcha\n|-damage|p2a: Sinistcha|97\/100\n|-activate|p2a: Sinistcha|move: Infestation|[of] p1a: JUST BELIEVE\n|\n|-damage|p2a: Sinistcha|84\/100|[from] move: Infestation|[partiallytrapped]\n|upkeep\n|turn|43\n|\n|t:|1699973117\n|move|p1a: JUST BELIEVE|Encore|p2a: Sinistcha\n|-start|p2a: Sinistcha|Encore\n|move|p2a: Sinistcha|Strength Sap|p1a: JUST BELIEVE\n|-unboost|p1a: JUST BELIEVE|atk|1\n|-heal|p2a: Sinistcha|100\/100\n|\n|-damage|p2a: Sinistcha|88\/100|[from] move: Infestation|[partiallytrapped]\n|upkeep\n|turn|44\n|c|\u2606about15guys|uh oh!\n|\n|t:|1699973128\n|switch|p2a: Heatran|Heatran, F|100\/100\n|-damage|p2a: Heatran|88\/100|[from] Stealth Rock\n|move|p1a: JUST BELIEVE|Knock Off|p2a: Heatran\n|-damage|p2a: Heatran|74\/100\n|-enditem|p2a: Heatran|Leftovers|[from] move: Knock Off|[of] p1a: JUST BELIEVE\n|\n|upkeep\n|turn|45\n|\n|t:|1699973139\n|move|p2a: Heatran|Stealth Rock|p1a: JUST BELIEVE\n|-sidestart|p1: about15guys|move: Stealth Rock\n|move|p1a: JUST BELIEVE|Infestation|p2a: Heatran\n|-resisted|p2a: Heatran\n|-damage|p2a: Heatran|73\/100\n|-activate|p2a: Heatran|move: Infestation|[of] p1a: JUST BELIEVE\n|\n|-damage|p2a: Heatran|61\/100|[from] move: Infestation|[partiallytrapped]\n|upkeep\n|turn|46\n|\n|t:|1699973144\n|move|p1a: JUST BELIEVE|Encore|p2a: Heatran\n|-start|p2a: Heatran|Encore\n|move|p2a: Heatran|Stealth Rock||[still]\n|-fail|p2a: Heatran\n|\n|-damage|p2a: Heatran|48\/100|[from] move: Infestation|[partiallytrapped]\n|upkeep\n|turn|47\n|\n|t:|1699973149\n|move|p2a: Heatran|Stealth Rock||[still]\n|-fail|p2a: Heatran\n|move|p1a: JUST BELIEVE|Knock Off|p2a: Heatran\n|-damage|p2a: Heatran|37\/100\n|\n|-damage|p2a: Heatran|25\/100|[from] move: Infestation|[partiallytrapped]\n|upkeep\n|turn|48\n|\n|t:|1699973151\n|move|p2a: Heatran|Stealth Rock||[still]\n|-fail|p2a: Heatran\n|move|p1a: JUST BELIEVE|Knock Off|p2a: Heatran\n|-damage|p2a: Heatran|14\/100\n|\n|-damage|p2a: Heatran|2\/100|[from] move: Infestation|[partiallytrapped]\n|-end|p2a: Heatran|Encore\n|upkeep\n|turn|49\n|\n|t:|1699973155\n|move|p1a: JUST BELIEVE|Encore|p2a: Heatran\n|-start|p2a: Heatran|Encore\n|move|p2a: Heatran|Stealth Rock||[still]\n|-fail|p2a: Heatran\n|\n|-damage|p2a: Heatran|0 fnt|[from] move: Infestation|[partiallytrapped]\n|faint|p2a: Heatran\n|upkeep\n|\n|t:|1699973158\n|switch|p2a: Sinistcha|Sinistcha-Masterpiece, shiny|88\/100\n|-damage|p2a: Sinistcha|76\/100|[from] Stealth Rock\n|turn|50\n|\n|t:|1699973161\n|move|p1a: JUST BELIEVE|Destiny Bond|p1a: JUST BELIEVE\n|-singlemove|p1a: JUST BELIEVE|Destiny Bond\n|move|p2a: Sinistcha|Shadow Ball|p1a: JUST BELIEVE\n|-supereffective|p1a: JUST BELIEVE\n|-damage|p1a: JUST BELIEVE|44\/100\n|\n|upkeep\n|turn|51\n|\n|t:|1699973165\n|move|p2a: Sinistcha|Calm Mind|p2a: Sinistcha\n|-boost|p2a: Sinistcha|spa|1\n|-boost|p2a: Sinistcha|spd|1\n|move|p1a: JUST BELIEVE|Infestation|p2a: Sinistcha\n|-damage|p2a: Sinistcha|72\/100\n|-activate|p2a: Sinistcha|move: Infestation|[of] p1a: JUST BELIEVE\n|\n|-damage|p2a: Sinistcha|60\/100|[from] move: Infestation|[partiallytrapped]\n|upkeep\n|turn|52\n|\n|t:|1699973169\n|move|p1a: JUST BELIEVE|Encore|p2a: Sinistcha\n|-start|p2a: Sinistcha|Encore\n|move|p2a: Sinistcha|Calm Mind|p2a: Sinistcha\n|-boost|p2a: Sinistcha|spa|1\n|-boost|p2a: Sinistcha|spd|1\n|\n|-damage|p2a: Sinistcha|47\/100|[from] move: Infestation|[partiallytrapped]\n|upkeep\n|turn|53\n|\n|t:|1699973171\n|move|p2a: Sinistcha|Calm Mind|p2a: Sinistcha\n|-boost|p2a: Sinistcha|spa|1\n|-boost|p2a: Sinistcha|spd|1\n|move|p1a: JUST BELIEVE|Knock Off|p2a: Sinistcha\n|-supereffective|p2a: Sinistcha\n|-damage|p2a: Sinistcha|32\/100\n|\n|-damage|p2a: Sinistcha|19\/100|[from] move: Infestation|[partiallytrapped]\n|upkeep\n|turn|54\n|c|\u2606RunicPower419|gg lol\n|c|\u2606about15guys|ggs\n|c|\u2606about15guys|i mean you can switch out\n|inactive|RunicPower419 has 120 seconds left.\n|c|\u2606RunicPower419|Wont really do any good atp\n|l|+Lameflame\n|\n|t:|1699973211\n|switch|p2a: Alomomola|Alomomola, F|100\/100\n|move|p1a: JUST BELIEVE|Knock Off|p2a: Alomomola\n|-damage|p2a: Alomomola|89\/100\n|-enditem|p2a: Alomomola|Heavy-Duty Boots|[from] move: Knock Off|[of] p1a: JUST BELIEVE\n|\n|upkeep\n|turn|55\n|\n|t:|1699973216\n|move|p2a: Alomomola|Toxic|p1a: JUST BELIEVE\n|-status|p1a: JUST BELIEVE|tox\n|move|p1a: JUST BELIEVE|Infestation|p2a: Alomomola\n|-damage|p2a: Alomomola|85\/100\n|-activate|p2a: Alomomola|move: Infestation|[of] p1a: JUST BELIEVE\n|\n|-damage|p1a: JUST BELIEVE|38\/100 tox|[from] psn\n|-damage|p2a: Alomomola|73\/100|[from] move: Infestation|[partiallytrapped]\n|upkeep\n|turn|56\n|\n|t:|1699973220\n|move|p1a: JUST BELIEVE|Encore|p2a: Alomomola\n|-start|p2a: Alomomola|Encore\n|move|p2a: Alomomola|Toxic|p1a: JUST BELIEVE\n|-fail|p1a: JUST BELIEVE|tox\n|\n|-damage|p1a: JUST BELIEVE|26\/100 tox|[from] psn\n|-damage|p2a: Alomomola|60\/100|[from] move: Infestation|[partiallytrapped]\n|upkeep\n|turn|57\n|\n|t:|1699973227\n|move|p2a: Alomomola|Toxic|p1a: JUST BELIEVE\n|-fail|p1a: JUST BELIEVE|tox\n|move|p1a: JUST BELIEVE|Knock Off|p2a: Alomomola\n|-damage|p2a: Alomomola|54\/100\n|\n|-damage|p1a: JUST BELIEVE|8\/100 tox|[from] psn\n|-damage|p2a: Alomomola|41\/100|[from] move: Infestation|[partiallytrapped]\n|upkeep\n|turn|58\n|\n|t:|1699973231\n|move|p2a: Alomomola|Toxic|p1a: JUST BELIEVE\n|-fail|p1a: JUST BELIEVE|tox\n|move|p1a: JUST BELIEVE|Knock Off|p2a: Alomomola\n|-crit|p2a: Alomomola\n|-damage|p2a: Alomomola|19\/100\n|\n|-damage|p1a: JUST BELIEVE|0 fnt|[from] psn\n|faint|p1a: JUST BELIEVE\n|-end|p2a: Alomomola|Infestation|[partiallytrapped]|[silent]\n|-end|p2a: Alomomola|Encore\n|upkeep\n|\n|t:|1699973236\n|switch|p1a: BETTER WITHOUT YOU|Pawmot, M|100\/100\n|-damage|p1a: BETTER WITHOUT YOU|94\/100|[from] Stealth Rock\n|turn|59\n|\n|t:|1699973241\n|move|p2a: Alomomola|Protect|p2a: Alomomola\n|-singleturn|p2a: Alomomola|Protect\n|move|p1a: BETTER WITHOUT YOU|Close Combat|p2a: Alomomola\n|-activate|p2a: Alomomola|move: Protect\n|\n|upkeep\n|turn|60\n|\n|t:|1699973253\n|switch|p2a: Zapdos|Zapdos, shiny|46\/100\n|move|p1a: BETTER WITHOUT YOU|Close Combat|p2a: Zapdos\n|-resisted|p2a: Zapdos\n|-damage|p2a: Zapdos|24\/100\n|-unboost|p1a: BETTER WITHOUT YOU|def|1\n|-unboost|p1a: BETTER WITHOUT YOU|spd|1\n|\n|upkeep\n|turn|61\n|\n|t:|1699973260\n|move|p1a: BETTER WITHOUT YOU|Double Shock|p2a: Zapdos\n|-damage|p2a: Zapdos|0 fnt\n|-start|p1a: BETTER WITHOUT YOU|typechange|???\/Fighting|[from] move: Double Shock\n|faint|p2a: Zapdos\n|\n|upkeep\n|\n|t:|1699973264\n|switch|p2a: Alomomola|Alomomola, F|53\/100\n|-damage|p2a: Alomomola|40\/100|[from] Stealth Rock\n|turn|62\n|\n|t:|1699973270\n|switch|p1a: CLOUD9999|Moltres|87\/100\n|move|p2a: Alomomola|Protect||[still]\n|-fail|p2a: Alomomola\n|\n|upkeep\n|turn|63\n|\n|t:|1699973275\n|switch|p2a: Ting-Lu|Ting-Lu|28\/100\n|-damage|p2a: Ting-Lu|22\/100|[from] Stealth Rock\n|-ability|p2a: Ting-Lu|Vessel of Ruin\n|move|p1a: CLOUD9999|Hurricane|p2a: Ting-Lu\n|-damage|p2a: Ting-Lu|2\/100\n|\n|-heal|p2a: Ting-Lu|8\/100|[from] item: Leftovers\n|upkeep\n|turn|64\n|\n|t:|1699973280\n|move|p1a: CLOUD9999|Mystical Fire|p2a: Ting-Lu\n|-damage|p2a: Ting-Lu|0 fnt\n|faint|p2a: Ting-Lu\n|\n|upkeep\n|\n|t:|1699973283\n|switch|p2a: Alomomola|Alomomola, F|73\/100\n|-damage|p2a: Alomomola|61\/100|[from] Stealth Rock\n|turn|65\n|\n|t:|1699973285\n|move|p1a: CLOUD9999|Hurricane|p2a: Alomomola\n|-damage|p2a: Alomomola|18\/100\n|move|p2a: Alomomola|Wish|p2a: Alomomola\n|\n|upkeep\n|turn|66\n|\n|t:|1699973291\n|move|p2a: Alomomola|Protect|p2a: Alomomola\n|-singleturn|p2a: Alomomola|Protect\n|move|p1a: CLOUD9999|Hurricane|p2a: Alomomola\n|-activate|p2a: Alomomola|move: Protect\n|\n|-heal|p2a: Alomomola|68\/100|[from] move: Wish|[wisher] Alomomola\n|upkeep\n|turn|67\n|\n|t:|1699973297\n|move|p1a: CLOUD9999|Hurricane|p2a: Alomomola|[miss]\n|-miss|p1a: CLOUD9999|p2a: Alomomola\n|move|p2a: Alomomola|Toxic|p1a: CLOUD9999\n|-status|p1a: CLOUD9999|tox\n|\n|-damage|p1a: CLOUD9999|81\/100 tox|[from] psn\n|upkeep\n|turn|68\n|\n|t:|1699973302\n|move|p1a: CLOUD9999|Defog|p2a: Alomomola\n|-unboost|p2a: Alomomola|evasion|1\n|-sideend|p2: RunicPower419|Stealth Rock|[from] move: Defog|[of] p1a: CLOUD9999\n|-sideend|p1: about15guys|Stealth Rock|[from] move: Defog|[of] p1a: CLOUD9999\n|move|p2a: Alomomola|Wish|p2a: Alomomola\n|\n|-damage|p1a: CLOUD9999|69\/100 tox|[from] psn\n|upkeep\n|turn|69\n|\n|t:|1699973310\n|switch|p1a: AISHITE|Alomomola, M|100\/100\n|move|p2a: Alomomola|Flip Turn|p1a: AISHITE\n|-resisted|p1a: AISHITE\n|-damage|p1a: AISHITE|96\/100\n|-damage|p2a: Alomomola|51\/100|[from] item: Rocky Helmet|[of] p1a: AISHITE\n|\n|t:|1699973312\n|switch|p2a: Sinistcha|Sinistcha-Masterpiece, shiny|19\/100|[from] Flip Turn\n|\n|-heal|p2a: Sinistcha|87\/100|[from] move: Wish|[wisher] Alomomola\n|upkeep\n|turn|70\n|\n|t:|1699973317\n|move|p2a: Sinistcha|Calm Mind|p2a: Sinistcha\n|-boost|p2a: Sinistcha|spa|1\n|-boost|p2a: Sinistcha|spd|1\n|move|p1a: AISHITE|Wish|p1a: AISHITE\n|\n|upkeep\n|turn|71\n|\n|t:|1699973320\n|switch|p1a: CLOUD9999|Moltres|69\/100 tox\n|move|p2a: Sinistcha|Calm Mind|p2a: Sinistcha\n|-boost|p2a: Sinistcha|spa|1\n|-boost|p2a: Sinistcha|spd|1\n|\n|-heal|p1a: CLOUD9999|100\/100 tox|[from] move: Wish|[wisher] AISHITE\n|-damage|p1a: CLOUD9999|94\/100 tox|[from] psn\n|upkeep\n|turn|72\n|\n|t:|1699973322\n|move|p1a: CLOUD9999|Hurricane|p2a: Sinistcha|[miss]\n|-miss|p1a: CLOUD9999|p2a: Sinistcha\n|move|p2a: Sinistcha|Shadow Ball|p1a: CLOUD9999\n|-damage|p1a: CLOUD9999|32\/100 tox\n|\n|-damage|p1a: CLOUD9999|20\/100 tox|[from] psn\n|upkeep\n|turn|73\n|\n|t:|1699973325\n|move|p1a: CLOUD9999|Hurricane|p2a: Sinistcha|[miss]\n|-miss|p1a: CLOUD9999|p2a: Sinistcha\n|move|p2a: Sinistcha|Shadow Ball|p1a: CLOUD9999\n|-damage|p1a: CLOUD9999|0 fnt\n|faint|p1a: CLOUD9999\n|\n|upkeep\n|c|\u2606about15guys|bruh\n|\n|t:|1699973329\n|switch|p1a: BETTER WITHOUT YOU|Pawmot, M|94\/100\n|turn|74\n|\n|t:|1699973332\n|move|p1a: BETTER WITHOUT YOU|Revival Blessing|p1a: BETTER WITHOUT YOU\n|-enditem|p1a: BETTER WITHOUT YOU|Leppa Berry|[eat]\n|-activate|p1a: BETTER WITHOUT YOU|item: Leppa Berry|Revival Blessing|[consumed]\n|\n|t:|1699973334\n|-heal|p1: JUST BELIEVE|50\/100|[from] move: Revival Blessing\n|move|p2a: Sinistcha|Matcha Gotcha|p1a: BETTER WITHOUT YOU\n|-damage|p1a: BETTER WITHOUT YOU|0 fnt\n|-heal|p2a: Sinistcha|100\/100|[from] drain|[of] p1a: BETTER WITHOUT YOU\n|faint|p1a: BETTER WITHOUT YOU\n|\n|upkeep\n|\n|t:|1699973336\n|switch|p1a: JUST BELIEVE|Banette-Mega, M|50\/100\n|turn|75\n|\n|t:|1699973340\n|switch|p2a: Alomomola|Alomomola, F|84\/100\n|move|p1a: JUST BELIEVE|Destiny Bond|p1a: JUST BELIEVE\n|-singlemove|p1a: JUST BELIEVE|Destiny Bond\n|\n|upkeep\n|turn|76\n|\n|t:|1699973345\n|switch|p1a: AISHITE|Alomomola, M|100\/100\n|move|p2a: Alomomola|Toxic|p1a: AISHITE\n|-status|p1a: AISHITE|tox\n|\n|-damage|p1a: AISHITE|94\/100 tox|[from] psn\n|upkeep\n|turn|77\n|\n|t:|1699973349\n|move|p1a: AISHITE|Wish|p1a: AISHITE\n|move|p2a: Alomomola|Flip Turn|p1a: AISHITE\n|-resisted|p1a: AISHITE\n|-crit|p1a: AISHITE\n|-damage|p1a: AISHITE|88\/100 tox\n|-damage|p2a: Alomomola|68\/100|[from] item: Rocky Helmet|[of] p1a: AISHITE\n|\n|t:|1699973353\n|switch|p2a: Sinistcha|Sinistcha-Masterpiece, shiny|100\/100|[from] Flip Turn\n|\n|-damage|p1a: AISHITE|75\/100 tox|[from] psn\n|upkeep\n|turn|78\n|\n|t:|1699973355\n|move|p2a: Sinistcha|Matcha Gotcha|p1a: AISHITE\n|-supereffective|p1a: AISHITE\n|-damage|p1a: AISHITE|18\/100 tox\n|move|p1a: AISHITE|Flip Turn|p2a: Sinistcha\n|-resisted|p2a: Sinistcha\n|-damage|p2a: Sinistcha|95\/100\n|\n|t:|1699973362\n|switch|p1a: CABLE TIE RAVE|Kingambit, M|3\/100 par|[from] Flip Turn\n|-activate|p1a: CABLE TIE RAVE|ability: Supreme Overlord\n|-start|p1a: CABLE TIE RAVE|fallen3|[silent]\n|\n|-heal|p1a: CABLE TIE RAVE|62\/100 par|[from] move: Wish|[wisher] AISHITE\n|upkeep\n|turn|79\n|\n|t:|1699973368\n|move|p2a: Sinistcha|Strength Sap|p1a: CABLE TIE RAVE\n|-unboost|p1a: CABLE TIE RAVE|atk|1\n|-heal|p2a: Sinistcha|100\/100\n|move|p1a: CABLE TIE RAVE|Knock Off|p2a: Sinistcha\n|-supereffective|p2a: Sinistcha\n|-damage|p2a: Sinistcha|59\/100\n|\n|upkeep\n|turn|80\n|\n|t:|1699973372\n|move|p2a: Sinistcha|Strength Sap|p1a: CABLE TIE RAVE\n|-unboost|p1a: CABLE TIE RAVE|atk|1\n|-heal|p2a: Sinistcha|100\/100\n|move|p1a: CABLE TIE RAVE|Knock Off|p2a: Sinistcha\n|-supereffective|p2a: Sinistcha\n|-damage|p2a: Sinistcha|70\/100\n|\n|upkeep\n|turn|81\n|\n|t:|1699973374\n|move|p2a: Sinistcha|Matcha Gotcha|p1a: CABLE TIE RAVE|[miss]\n|-miss|p2a: Sinistcha|p1a: CABLE TIE RAVE\n|move|p1a: CABLE TIE RAVE|Knock Off|p2a: Sinistcha\n|-supereffective|p2a: Sinistcha\n|-damage|p2a: Sinistcha|42\/100\n|\n|upkeep\n|turn|82\n|\n|t:|1699973378\n|move|p2a: Sinistcha|Matcha Gotcha|p1a: CABLE TIE RAVE|[miss]\n|-miss|p2a: Sinistcha|p1a: CABLE TIE RAVE\n|cant|p1a: CABLE TIE RAVE|par\n|\n|upkeep\n|turn|83\n|\n|t:|1699973381\n|move|p2a: Sinistcha|Matcha Gotcha|p1a: CABLE TIE RAVE\n|-resisted|p1a: CABLE TIE RAVE\n|-damage|p1a: CABLE TIE RAVE|53\/100 par\n|-heal|p2a: Sinistcha|47\/100|[from] drain|[of] p1a: CABLE TIE RAVE\n|move|p1a: CABLE TIE RAVE|Knock Off|p2a: Sinistcha\n|-supereffective|p2a: Sinistcha\n|-damage|p2a: Sinistcha|14\/100\n|\n|upkeep\n|turn|84\n|c|\u2606about15guys|justice\n|\n|t:|1699973386\n|switch|p2a: Alomomola|Alomomola, F|100\/100\n|move|p1a: CABLE TIE RAVE|Knock Off|p2a: Alomomola\n|-damage|p2a: Alomomola|86\/100\n|\n|upkeep\n|turn|85\n|\n|t:|1699973390\n|-end|p1a: CABLE TIE RAVE|fallen3|[silent]\n|switch|p1a: AISHITE|Alomomola, M|51\/100 tox\n|move|p2a: Alomomola|Wish|p2a: Alomomola\n|\n|-damage|p1a: AISHITE|45\/100 tox|[from] psn\n|upkeep\n|turn|86\n|\n|t:|1699973393\n|move|p1a: AISHITE|Toxic|p2a: Alomomola\n|-status|p2a: Alomomola|tox\n|move|p2a: Alomomola|Flip Turn|p1a: AISHITE\n|-resisted|p1a: AISHITE\n|-damage|p1a: AISHITE|40\/100 tox\n|-damage|p2a: Alomomola|69\/100 tox|[from] item: Rocky Helmet|[of] p1a: AISHITE\n|\n|t:|1699973395\n|switch|p2a: Sinistcha|Sinistcha-Masterpiece, shiny|14\/100|[from] Flip Turn\n|\n|-heal|p2a: Sinistcha|83\/100|[from] move: Wish|[wisher] Alomomola\n|-damage|p1a: AISHITE|28\/100 tox|[from] psn\n|upkeep\n|turn|87\n|\n|t:|1699973399\n|switch|p1a: CABLE TIE RAVE|Kingambit, M|53\/100 par\n|-activate|p1a: CABLE TIE RAVE|ability: Supreme Overlord\n|-start|p1a: CABLE TIE RAVE|fallen3|[silent]\n|move|p2a: Sinistcha|Calm Mind|p2a: Sinistcha\n|-boost|p2a: Sinistcha|spa|1\n|-boost|p2a: Sinistcha|spd|1\n|\n|upkeep\n|turn|88\n|\n|t:|1699973405\n|move|p2a: Sinistcha|Strength Sap|p1a: CABLE TIE RAVE\n|-unboost|p1a: CABLE TIE RAVE|atk|1\n|-heal|p2a: Sinistcha|100\/100\n|move|p1a: CABLE TIE RAVE|Knock Off|p2a: Sinistcha\n|-supereffective|p2a: Sinistcha\n|-damage|p2a: Sinistcha|60\/100\n|\n|upkeep\n|turn|89\n|\n|t:|1699973408\n|move|p2a: Sinistcha|Matcha Gotcha|p1a: CABLE TIE RAVE|[miss]\n|-miss|p2a: Sinistcha|p1a: CABLE TIE RAVE\n|move|p1a: CABLE TIE RAVE|Knock Off|p2a: Sinistcha\n|-supereffective|p2a: Sinistcha\n|-damage|p2a: Sinistcha|18\/100\n|\n|upkeep\n|turn|90\n|\n|t:|1699973411\n|switch|p2a: Alomomola|Alomomola, F|100\/100 tox\n|move|p1a: CABLE TIE RAVE|Knock Off|p2a: Alomomola\n|-damage|p2a: Alomomola|81\/100 tox\n|\n|-damage|p2a: Alomomola|75\/100 tox|[from] psn\n|upkeep\n|turn|91\n|\n|t:|1699973416\n|-end|p1a: CABLE TIE RAVE|fallen3|[silent]\n|switch|p1a: AISHITE|Alomomola, M|61\/100 tox\n|move|p2a: Alomomola|Wish|p2a: Alomomola\n|\n|-damage|p2a: Alomomola|63\/100 tox|[from] psn\n|-damage|p1a: AISHITE|55\/100 tox|[from] psn\n|upkeep\n|turn|92\n|\n|t:|1699973418\n|move|p2a: Alomomola|Flip Turn|p1a: AISHITE\n|-resisted|p1a: AISHITE\n|-damage|p1a: AISHITE|50\/100 tox\n|-damage|p2a: Alomomola|46\/100 tox|[from] item: Rocky Helmet|[of] p1a: AISHITE\n|\n|t:|1699973421\n|switch|p2a: Sinistcha|Sinistcha-Masterpiece, shiny|18\/100|[from] Flip Turn\n|move|p1a: AISHITE|Wish|p1a: AISHITE\n|\n|-heal|p2a: Sinistcha|87\/100|[from] move: Wish|[wisher] Alomomola\n|-damage|p1a: AISHITE|38\/100 tox|[from] psn\n|upkeep\n|turn|93\n|\n|t:|1699973423\n|switch|p1a: CABLE TIE RAVE|Kingambit, M|53\/100 par\n|-activate|p1a: CABLE TIE RAVE|ability: Supreme Overlord\n|-start|p1a: CABLE TIE RAVE|fallen3|[silent]\n|move|p2a: Sinistcha|Strength Sap|p1a: CABLE TIE RAVE\n|-unboost|p1a: CABLE TIE RAVE|atk|1\n|-heal|p2a: Sinistcha|100\/100\n|\n|-heal|p1a: CABLE TIE RAVE|100\/100 par|[from] move: Wish|[wisher] AISHITE\n|upkeep\n|turn|94\n|\n|t:|1699973428\n|move|p2a: Sinistcha|Strength Sap|p1a: CABLE TIE RAVE\n|-unboost|p1a: CABLE TIE RAVE|atk|1\n|move|p1a: CABLE TIE RAVE|Knock Off|p2a: Sinistcha\n|-supereffective|p2a: Sinistcha\n|-damage|p2a: Sinistcha|69\/100\n|\n|upkeep\n|turn|95\n|\n|t:|1699973431\n|move|p2a: Sinistcha|Strength Sap|p1a: CABLE TIE RAVE\n|-unboost|p1a: CABLE TIE RAVE|atk|1\n|-heal|p2a: Sinistcha|100\/100\n|move|p1a: CABLE TIE RAVE|Knock Off|p2a: Sinistcha\n|-supereffective|p2a: Sinistcha\n|-damage|p2a: Sinistcha|74\/100\n|\n|upkeep\n|turn|96\n|c|\u2606about15guys|one crit\n|\n|t:|1699973435\n|move|p2a: Sinistcha|Strength Sap|p1a: CABLE TIE RAVE\n|-unboost|p1a: CABLE TIE RAVE|atk|1\n|-heal|p2a: Sinistcha|100\/100\n|move|p1a: CABLE TIE RAVE|Knock Off|p2a: Sinistcha\n|-supereffective|p2a: Sinistcha\n|-damage|p2a: Sinistcha|78\/100\n|\n|upkeep\n|turn|97\n|\n|t:|1699973439\n|move|p2a: Sinistcha|Calm Mind|p2a: Sinistcha\n|-boost|p2a: Sinistcha|spa|1\n|-boost|p2a: Sinistcha|spd|1\n|move|p1a: CABLE TIE RAVE|Knock Off|p2a: Sinistcha\n|-supereffective|p2a: Sinistcha\n|-crit|p2a: Sinistcha\n|-damage|p2a: Sinistcha|0 fnt\n|faint|p2a: Sinistcha\n|\n|upkeep\n|c|\u2606about15guys|yeah\n|c|\u2606about15guys|ggs\n|j| dragonPIMPNITE\n|c|\u2606RunicPower419|ggs\n|l| dragonPIMPNITE\n|c|\u2606about15guys|shoutouts to av gambit\n|-message|RunicPower419 forfeited.\n|\n|win|about15guys\n|n|\u2606about15guys|about15guys\n|n|\u2606RunicPower419|runicpower419\n|n| primataNoCompuiter|primatanocompuiter\n|n|+Avaritia~!|avaritia\n|n| XXMurdrXX|xxmurdrxx\n","uploadtime":1699973454,"views":7,"p1id":"about15guys","p2id":"runicpower419","formatid":"gen9nationaldex","rating":0,"private":0,"password":""}