{"id":"gen9nationaldex-1987587152","p1":"pikaplayer1001000","p2":"TheOneWhoAsked","format":"[Gen 9] National Dex","log":"|j|\u2606pikaplayer1001000\n|j|\u2606TheOneWhoAsked\n|t:|1699616094\n|gametype|singles\n|player|p1|pikaplayer1001000|red-gen2|1243\n|player|p2|TheOneWhoAsked|cyrus|1301\n|teamsize|p1|6\n|teamsize|p2|6\n|gen|9\n|tier|[Gen 9] National Dex\n|rated|\n|rule|HP Percentage Mod: HP is shown in percentages\n|rule|Endless Battle Clause: Forcing endless battles is banned\n|rule|OHKO Clause: OHKO moves are banned\n|rule|Evasion Clause: Evasion abilities, items, and moves are banned\n|rule|Evasion Abilities Clause: Evasion abilities are banned\n|rule|Evasion Items Clause: Evasion items are banned\n|rule|Evasion Moves Clause: Evasion moves are banned\n|rule|Species Clause: Limit one of each Pok\u00e9mon\n|rule|Sleep Clause Mod: Limit one foe put to sleep\n|clearpoke\n|poke|p1|Kricketune, F|\n|poke|p1|Clamperl, F|\n|poke|p1|Ninetales-Alola, F|\n|poke|p1|Ribombee, F|\n|poke|p1|Pawmot, F|\n|poke|p1|Tsareena, F|\n|poke|p2|Garchomp, F|\n|poke|p2|Ninetales-Alola, F|\n|poke|p2|Cyclizar, F|\n|poke|p2|Arcanine-Hisui, F|\n|poke|p2|Zamazenta-*|\n|poke|p2|Tapu Lele|\n|teampreview\n|inactive|Battle timer is ON: inactive players will automatically lose when time's up. (requested by TheOneWhoAsked)\n|inactive|pikaplayer1001000 has 120 seconds left.\n|inactive|pikaplayer1001000 has 90 seconds left.\n|\n|t:|1699616163\n|start\n|switch|p1a: Ribombee|Ribombee, F|100\/100\n|switch|p2a: Arcanine|Arcanine-Hisui, F|100\/100\n|turn|1\n|\n|t:|1699616168\n|move|p1a: Ribombee|Sticky Web|p2a: Arcanine\n|-sidestart|p2: TheOneWhoAsked|move: Sticky Web\n|move|p2a: Arcanine|Will-O-Wisp|p1a: Ribombee|[miss]\n|-miss|p2a: Arcanine|p1a: Ribombee\n|\n|upkeep\n|turn|2\n|inactive|pikaplayer1001000 has 120 seconds left.\n|\n|t:|1699616203\n|move|p2a: Arcanine|Extreme Speed|p1a: Ribombee\n|-damage|p1a: Ribombee|60\/100\n|move|p1a: Ribombee|U-turn|p2a: Arcanine\n|-resisted|p2a: Arcanine\n|-damage|p2a: Arcanine|92\/100\n|inactive|pikaplayer1001000 has 120 seconds left.\n|\n|t:|1699616216\n|switch|p1a: Ninetales|Ninetales-Alola, F|100\/100|[from] U-turn\n|-weather|Snow|[from] ability: Snow Warning|[of] p1a: Ninetales\n|\n|-weather|Snow|[upkeep]\n|upkeep\n|turn|3\n|\n|t:|1699616225\n|move|p1a: Ninetales|Aurora Veil|p1a: Ninetales\n|-sidestart|p1: pikaplayer1001000|move: Aurora Veil\n|move|p2a: Arcanine|Head Smash|p1a: Ninetales\n|-supereffective|p1a: Ninetales\n|-damage|p1a: Ninetales|19\/100\n|\n|-weather|Snow|[upkeep]\n|upkeep\n|turn|4\n|\n|t:|1699616231\n|move|p2a: Arcanine|Extreme Speed|p1a: Ninetales\n|-damage|p1a: Ninetales|7\/100\n|move|p1a: Ninetales|Hypnosis|p2a: Arcanine\n|-status|p2a: Arcanine|slp|[from] move: Hypnosis\n|\n|-weather|Snow|[upkeep]\n|upkeep\n|turn|5\n|\n|t:|1699616235\n|switch|p1a: Clamperl|Clamperl, F|100\/100\n|cant|p2a: Arcanine|slp\n|\n|-weather|Snow|[upkeep]\n|upkeep\n|turn|6\n|\n|t:|1699616239\n|cant|p2a: Arcanine|slp\n|move|p1a: Clamperl|Shell Smash|p1a: Clamperl\n|-unboost|p1a: Clamperl|def|1\n|-unboost|p1a: Clamperl|spd|1\n|-boost|p1a: Clamperl|atk|2\n|-boost|p1a: Clamperl|spa|2\n|-boost|p1a: Clamperl|spe|2\n|\n|-weather|none\n|upkeep\n|turn|7\n|\n|t:|1699616244\n|move|p1a: Clamperl|Surf|p2a: Arcanine\n|-supereffective|p2a: Arcanine\n|-damage|p2a: Arcanine|0 fnt\n|faint|p2a: Arcanine\n|\n|upkeep\n|\n|t:|1699616259\n|switch|p2a: Cyclizar|Cyclizar, F|100\/100\n|turn|8\n|\n|t:|1699616264\n|move|p2a: Cyclizar|Rapid Spin|p1a: Clamperl\n|-damage|p1a: Clamperl|73\/100\n|-boost|p2a: Cyclizar|spe|1\n|-sideend|p2: TheOneWhoAsked|Sticky Web|[from] move: Rapid Spin|[of] p2a: Cyclizar\n|move|p1a: Clamperl|Shell Smash|p1a: Clamperl\n|-unboost|p1a: Clamperl|def|1\n|-unboost|p1a: Clamperl|spd|1\n|-boost|p1a: Clamperl|atk|2\n|-boost|p1a: Clamperl|spa|2\n|-boost|p1a: Clamperl|spe|2\n|\n|upkeep\n|turn|9\n|\n|t:|1699616271\n|move|p2a: Cyclizar|Knock Off|p1a: Clamperl\n|-damage|p1a: Clamperl|22\/100\n|-ability|p1a: Clamperl|Rattled|boost\n|-boost|p1a: Clamperl|spe|1\n|-enditem|p1a: Clamperl|Deep Sea Tooth|[from] move: Knock Off|[of] p2a: Cyclizar\n|move|p1a: Clamperl|Ice Beam|p2a: Cyclizar\n|-supereffective|p2a: Cyclizar\n|-damage|p2a: Cyclizar|0 fnt\n|faint|p2a: Cyclizar\n|\n|upkeep\n|\n|t:|1699616283\n|switch|p2a: Zamazenta|Zamazenta|100\/100\n|-ability|p2a: Zamazenta|Dauntless Shield|boost\n|-boost|p2a: Zamazenta|def|1\n|turn|10\n|\n|t:|1699616312\n|-terastallize|p1a: Clamperl|Water\n|move|p2a: Zamazenta|Protect|p2a: Zamazenta\n|-singleturn|p2a: Zamazenta|Protect\n|move|p1a: Clamperl|Surf|p2a: Zamazenta\n|-activate|p2a: Zamazenta|move: Protect\n|\n|-sideend|p1: pikaplayer1001000|move: Aurora Veil\n|upkeep\n|turn|11\n|\n|t:|1699616324\n|move|p1a: Clamperl|Surf|p2a: Zamazenta\n|-damage|p2a: Zamazenta|0 fnt\n|faint|p2a: Zamazenta\n|\n|upkeep\n|\n|t:|1699616327\n|switch|p2a: Teumessian|Ninetales-Alola, F|100\/100\n|-weather|Snow|[from] ability: Snow Warning|[of] p2a: Teumessian\n|turn|12\n|\n|t:|1699616331\n|move|p1a: Clamperl|Surf|p2a: Teumessian\n|-damage|p2a: Teumessian|0 fnt\n|faint|p2a: Teumessian\n|\n|-weather|Snow|[upkeep]\n|upkeep\n|\n|t:|1699616334\n|switch|p2a: Tapu Lele|Tapu Lele|100\/100\n|-fieldstart|move: Psychic Terrain|[from] ability: Psychic Surge|[of] p2a: Tapu Lele\n|turn|13\n|\n|t:|1699616337\n|move|p1a: Clamperl|Surf|p2a: Tapu Lele\n|-damage|p2a: Tapu Lele|0 fnt\n|faint|p2a: Tapu Lele\n|\n|-weather|Snow|[upkeep]\n|upkeep\n|\n|t:|1699616339\n|switch|p2a: Excelsus|Garchomp, F|100\/100\n|turn|14\n|\n|t:|1699616341\n|move|p1a: Clamperl|Surf|p2a: Excelsus\n|-damage|p2a: Excelsus|0 fnt\n|faint|p2a: Excelsus\n|\n|win|pikaplayer1001000\n|raw|pikaplayer1001000's rating: 1243 &rarr; <strong>1272<\/strong><br \/>(+29 for winning)\n|raw|TheOneWhoAsked's rating: 1301 &rarr; <strong>1278<\/strong><br \/>(-23 for losing)\n|c|\u2606TheOneWhoAsked|gg\n","uploadtime":1699616344,"views":19,"p1id":"pikaplayer1001000","p2id":"theonewhoasked","formatid":"gen9nationaldex","rating":1272,"private":0,"password":""}