{"id":"gen9nationaldex-2000036339","p1":"Bkuzzz","p2":"loch2009","format":"[Gen 9] National Dex","log":"|html|<div class=\"broadcast-blue\"><strong>[Gen 9] National Dex is currently suspecting Sneasler! For information on how to participate check out the <a href=\"https:\/\/www.smogon.com\/forums\/threads\/sv-national-dex-suspect-8-just-dance.3731534\/\">suspect thread<\/a>.<\/strong><\/div>\n|j|\u2606Bkuzzz\n|j|\u2606loch2009\n|t:|1701144178\n|gametype|singles\n|player|p1|Bkuzzz|170|1024\n|player|p2|loch2009|lance-gen3|1097\n|teamsize|p1|6\n|teamsize|p2|6\n|gen|9\n|tier|[Gen 9] National Dex\n|rated|\n|rule|HP Percentage Mod: HP is shown in percentages\n|rule|Endless Battle Clause: Forcing endless battles is banned\n|rule|OHKO Clause: OHKO moves are banned\n|rule|Evasion Clause: Evasion abilities, items, and moves are banned\n|rule|Evasion Abilities Clause: Evasion abilities are banned\n|rule|Evasion Items Clause: Evasion items are banned\n|rule|Evasion Moves Clause: Evasion moves are banned\n|rule|Species Clause: Limit one of each Pok\u00e9mon\n|rule|Sleep Clause Mod: Limit one foe put to sleep\n|clearpoke\n|poke|p1|Amoonguss, F|\n|poke|p1|Garchomp, M|\n|poke|p1|Sableye, M|\n|poke|p1|Tinkaton, F|\n|poke|p1|Skarmory, M|\n|poke|p1|Volcanion|\n|poke|p2|Medicham, M|\n|poke|p2|Gliscor, F|\n|poke|p2|Tapu Koko|\n|poke|p2|Garchomp, F|\n|poke|p2|Blaziken, F|\n|poke|p2|Ribombee, F|\n|teampreview\n|c|\u2606loch2009|glhf\n|\n|t:|1701144190\n|start\n|switch|p1a: Tinkaton|Tinkaton, F|100\/100\n|switch|p2a: Blaziken|Blaziken, F|100\/100\n|-ability|p1a: Tinkaton|Mold Breaker\n|turn|1\n|inactive|Battle timer is ON: inactive players will automatically lose when time's up. (requested by loch2009)\n|\n|t:|1701144238\n|switch|p1a: Volcanion|Volcanion|100\/100\n|move|p2a: Blaziken|Focus Energy|p2a: Blaziken\n|-start|p2a: Blaziken|move: Focus Energy\n|\n|-ability|p2a: Blaziken|Speed Boost|boost\n|-boost|p2a: Blaziken|spe|1\n|upkeep\n|turn|2\n|\n|t:|1701144247\n|move|p2a: Blaziken|Focus Blast|p1a: Volcanion\n|-crit|p1a: Volcanion\n|-damage|p1a: Volcanion|0 fnt\n|faint|p1a: Volcanion\n|\n|-ability|p2a: Blaziken|Speed Boost|boost\n|-boost|p2a: Blaziken|spe|1\n|upkeep\n|\n|t:|1701144254\n|switch|p1a: Amoonguss|Amoonguss, F|100\/100\n|turn|3\n|\n|t:|1701144258\n|move|p2a: Blaziken|Overheat|p1a: Amoonguss|[miss]\n|-miss|p2a: Blaziken|p1a: Amoonguss\n|move|p1a: Amoonguss|Clear Smog|p2a: Blaziken\n|-damage|p2a: Blaziken|77\/100\n|-clearboost|p2a: Blaziken\n|\n|-ability|p2a: Blaziken|Speed Boost|boost\n|-boost|p2a: Blaziken|spe|1\n|upkeep\n|turn|4\n|\n|t:|1701144268\n|move|p2a: Blaziken|Overheat|p1a: Amoonguss\n|-supereffective|p1a: Amoonguss\n|-crit|p1a: Amoonguss\n|-damage|p1a: Amoonguss|0 fnt\n|-unboost|p2a: Blaziken|spa|2\n|faint|p1a: Amoonguss\n|\n|-ability|p2a: Blaziken|Speed Boost|boost\n|-boost|p2a: Blaziken|spe|1\n|upkeep\n|\n|t:|1701144278\n|switch|p1a: Sableye|Sableye, M|100\/100\n|turn|5\n|\n|t:|1701144287\n|move|p1a: Sableye|Taunt|p2a: Blaziken\n|-start|p2a: Blaziken|move: Taunt\n|move|p2a: Blaziken|Overheat|p1a: Sableye\n|-crit|p1a: Sableye\n|-damage|p1a: Sableye|0 fnt\n|-unboost|p2a: Blaziken|spa|2\n|faint|p1a: Sableye\n|\n|-ability|p2a: Blaziken|Speed Boost|boost\n|-boost|p2a: Blaziken|spe|1\n|upkeep\n|\n|t:|1701144299\n|switch|p1a: Tinkaton|Tinkaton, F|100\/100\n|-ability|p1a: Tinkaton|Mold Breaker\n|turn|6\n|\n|t:|1701144308\n|move|p2a: Blaziken|Overheat|p1a: Tinkaton\n|-supereffective|p1a: Tinkaton\n|-crit|p1a: Tinkaton\n|-damage|p1a: Tinkaton|0 fnt\n|-unboost|p2a: Blaziken|spa|2\n|faint|p1a: Tinkaton\n|\n|-ability|p2a: Blaziken|Speed Boost|boost\n|-boost|p2a: Blaziken|spe|1\n|upkeep\n|\n|t:|1701144315\n|switch|p1a: Skarmory|Skarmory, M|100\/100\n|turn|7\n|\n|t:|1701144320\n|move|p2a: Blaziken|Overheat|p1a: Skarmory\n|-supereffective|p1a: Skarmory\n|-crit|p1a: Skarmory\n|-damage|p1a: Skarmory|0 fnt\n|faint|p1a: Skarmory\n|\n|-end|p2a: Blaziken|move: Taunt\n|-ability|p2a: Blaziken|Speed Boost|boost\n|-boost|p2a: Blaziken|spe|1\n|upkeep\n|\n|t:|1701144327\n|switch|p1a: Garchomp|Garchomp, M|100\/100\n|turn|8\n|\n|t:|1701144335\n|move|p2a: Blaziken|Focus Blast|p1a: Garchomp\n|-crit|p1a: Garchomp\n|-damage|p1a: Garchomp|0 fnt\n|faint|p1a: Garchomp\n|\n|win|loch2009\n|raw|Bkuzzz's rating: 1024 &rarr; <strong>1013<\/strong><br \/>(-11 for losing)\n|raw|loch2009's rating: 1097 &rarr; <strong>1117<\/strong><br \/>(+20 for winning)\n|c|\u2606loch2009|ggwp\n","uploadtime":1701144346,"views":1,"p1id":"bkuzzz","p2id":"loch2009","formatid":"gen9nationaldex","rating":1013,"private":0,"password":""}