{"id":"gen9nationaldex-1997995116","p1":"FuniPlagueMan","p2":"SpaceZodiac","format":"[Gen 9] National Dex","log":"|html|<div class=\"broadcast-blue\"><strong>[Gen 9] National Dex is currently suspecting Sneasler! For information on how to participate check out the <a href=\"https:\/\/www.smogon.com\/forums\/threads\/sv-national-dex-suspect-8-just-dance.3731534\/\">suspect thread<\/a>.<\/strong><\/div>\n|j|\u2606FuniPlagueMan\n|j|\u2606SpaceZodiac\n|t:|1700876687\n|gametype|singles\n|player|p1|FuniPlagueMan|roxie|1120\n|player|p2|SpaceZodiac|darach-caitlin|1171\n|teamsize|p1|6\n|teamsize|p2|6\n|gen|9\n|tier|[Gen 9] National Dex\n|rated|\n|rule|HP Percentage Mod: HP is shown in percentages\n|rule|Endless Battle Clause: Forcing endless battles is banned\n|rule|OHKO Clause: OHKO moves are banned\n|rule|Evasion Clause: Evasion abilities, items, and moves are banned\n|rule|Evasion Abilities Clause: Evasion abilities are banned\n|rule|Evasion Items Clause: Evasion items are banned\n|rule|Evasion Moves Clause: Evasion moves are banned\n|rule|Species Clause: Limit one of each Pok\u00e9mon\n|rule|Sleep Clause Mod: Limit one foe put to sleep\n|clearpoke\n|poke|p1|Alomomola, F|\n|poke|p1|Sneasler, M|\n|poke|p1|Banette, M|\n|poke|p1|Ogerpon-Wellspring, F|\n|poke|p1|Tapu Koko|\n|poke|p1|Iron Valiant|\n|poke|p2|Seismitoad, M|\n|poke|p2|Sawsbuck-Summer, F|\n|poke|p2|Chandelure, M|\n|poke|p2|Galvantula, M|\n|poke|p2|Hydreigon, M|\n|poke|p2|Archeops, F|\n|teampreview\n|inactive|Battle timer is ON: inactive players will automatically lose when time's up. (requested by SpaceZodiac)\n|inactive|FuniPlagueMan also wants the timer to be on.\n|\n|t:|1700876694\n|start\n|switch|p1a: Tapu Koko|Tapu Koko|100\/100\n|switch|p2a: Galvantula|Galvantula, M|100\/100\n|-fieldstart|move: Electric Terrain|[from] ability: Electric Surge|[of] p1a: Tapu Koko\n|turn|1\n|\n|t:|1700876702\n|move|p1a: Tapu Koko|Volt Switch|p2a: Galvantula\n|-resisted|p2a: Galvantula\n|-damage|p2a: Galvantula|63\/100\n|\n|t:|1700876707\n|switch|p1a: Sneasler|Sneasler, M|100\/100|[from] Volt Switch\n|-enditem|p1a: Sneasler|Electric Seed\n|-boost|p1a: Sneasler|def|1|[from] item: Electric Seed\n|move|p2a: Galvantula|Sticky Web|p1a: Sneasler\n|-sidestart|p1: FuniPlagueMan|move: Sticky Web\n|\n|upkeep\n|turn|2\n|\n|t:|1700876720\n|move|p1a: Sneasler|Acrobatics|p2a: Galvantula\n|-damage|p2a: Galvantula|0 fnt\n|faint|p2a: Galvantula\n|\n|upkeep\n|\n|t:|1700876729\n|switch|p2a: Chandelure|Chandelure, M|100\/100\n|turn|3\n|\n|t:|1700876737\n|-terastallize|p1a: Sneasler|Flying\n|move|p1a: Sneasler|Acrobatics|p2a: Chandelure\n|-damage|p2a: Chandelure|15\/100\n|move|p2a: Chandelure|Psychic|p1a: Sneasler\n|-damage|p1a: Sneasler|50\/100\n|\n|upkeep\n|turn|4\n|\n|t:|1700876745\n|move|p1a: Sneasler|Acrobatics|p2a: Chandelure\n|-damage|p2a: Chandelure|0 fnt\n|faint|p2a: Chandelure\n|\n|upkeep\n|\n|t:|1700876747\n|switch|p2a: Archeops|Archeops, F|100\/100\n|turn|5\n|\n|t:|1700876752\n|move|p1a: Sneasler|Close Combat|p2a: Archeops\n|-damage|p2a: Archeops|0 fnt\n|-unboost|p1a: Sneasler|def|1\n|-unboost|p1a: Sneasler|spd|1\n|faint|p2a: Archeops\n|\n|upkeep\n|\n|t:|1700876756\n|switch|p2a: Hydreigon|Hydreigon, M|100\/100\n|turn|6\n|\n|t:|1700876763\n|move|p1a: Sneasler|Close Combat|p2a: Hydreigon\n|-supereffective|p2a: Hydreigon\n|-damage|p2a: Hydreigon|0 fnt\n|-unboost|p1a: Sneasler|def|1\n|-unboost|p1a: Sneasler|spd|1\n|faint|p2a: Hydreigon\n|\n|upkeep\n|\n|t:|1700876773\n|switch|p2a: Sawsbuck|Sawsbuck-Summer, F|100\/100\n|turn|7\n|\n|t:|1700876778\n|-terastallize|p2a: Sawsbuck|Fairy\n|move|p1a: Sneasler|Acrobatics|p2a: Sawsbuck\n|-damage|p2a: Sawsbuck|20\/100\n|move|p2a: Sawsbuck|Body Slam|p1a: Sneasler\n|-damage|p1a: Sneasler|0 fnt\n|faint|p1a: Sneasler\n|\n|upkeep\n|\n|t:|1700876794\n|switch|p1a: Tapu Koko|Tapu Koko|100\/100\n|-activate|p1a: Tapu Koko|move: Sticky Web\n|-unboost|p1a: Tapu Koko|spe|1\n|turn|8\n|\n|t:|1700876801\n|move|p2a: Sawsbuck|Horn Leech|p1a: Tapu Koko\n|-damage|p1a: Tapu Koko|50\/100\n|-heal|p2a: Sawsbuck|44\/100|[from] drain|[of] p1a: Tapu Koko\n|move|p1a: Tapu Koko|Volt Switch|p2a: Sawsbuck\n|-crit|p2a: Sawsbuck\n|-damage|p2a: Sawsbuck|0 fnt\n|faint|p2a: Sawsbuck\n|\n|t:|1700876811\n|switch|p1a: Iron Valiant|Iron Valiant|100\/100|[from] Volt Switch\n|-activate|p1a: Iron Valiant|move: Sticky Web\n|-unboost|p1a: Iron Valiant|spe|1\n|-activate|p1a: Iron Valiant|ability: Quark Drive\n|-start|p1a: Iron Valiant|quarkdriveatk\n|\n|-fieldend|move: Electric Terrain\n|-end|p1a: Iron Valiant|Quark Drive\n|upkeep\n|-enditem|p1a: Iron Valiant|Booster Energy\n|-activate|p1a: Iron Valiant|ability: Quark Drive|[fromitem]\n|-start|p1a: Iron Valiant|quarkdriveatk\n|\n|t:|1700876816\n|switch|p2a: Seismitoad|Seismitoad, M|100\/100\n|turn|9\n|\n|t:|1700876826\n|move|p1a: Iron Valiant|Swords Dance|p1a: Iron Valiant\n|-boost|p1a: Iron Valiant|atk|2\n|move|p2a: Seismitoad|Poison Jab|p1a: Iron Valiant\n|-supereffective|p1a: Iron Valiant\n|-damage|p1a: Iron Valiant|36\/100\n|\n|upkeep\n|turn|10\n|\n|t:|1700876848\n|move|p1a: Iron Valiant|Close Combat|p2a: Seismitoad\n|-damage|p2a: Seismitoad|0 fnt\n|-unboost|p1a: Iron Valiant|def|1\n|-unboost|p1a: Iron Valiant|spd|1\n|faint|p2a: Seismitoad\n|\n|win|FuniPlagueMan\n|raw|FuniPlagueMan's rating: 1120 &rarr; <strong>1149<\/strong><br \/>(+29 for winning)\n|raw|SpaceZodiac's rating: 1171 &rarr; <strong>1142<\/strong><br \/>(-29 for losing)\n|l|\u2606FuniPlagueMan\n|l|\u2606SpaceZodiac\n|j|\u2606FuniPlagueMan\n|player|p1|FuniPlagueMan|roxie\n","uploadtime":1700876855,"views":15,"p1id":"funiplagueman","p2id":"spacezodiac","formatid":"gen9nationaldex","rating":1142,"private":0,"password":""}