{"id":"gen9nationaldex-1999312684","p1":"Shuichi420","p2":"tdd20070515\u5179\u4f0f\u5947\u5927\u543e","format":"[Gen 9] National Dex","log":"|html|<div class=\"broadcast-blue\"><strong>[Gen 9] National Dex is currently suspecting Sneasler! For information on how to participate check out the <a href=\"https:\/\/www.smogon.com\/forums\/threads\/sv-national-dex-suspect-8-just-dance.3731534\/\">suspect thread<\/a>.<\/strong><\/div>\n|j|\u2606Shuichi420\n|j|\u2606tdd20070515\u5179\u4f0f\u5947\u5927\u543e\n|t:|1701058738\n|gametype|singles\n|player|p1|Shuichi420|102|1604\n|player|p2|tdd20070515\u5179\u4f0f\u5947\u5927\u543e|steven|1570\n|teamsize|p1|6\n|teamsize|p2|6\n|gen|9\n|tier|[Gen 9] National Dex\n|rated|\n|rule|HP Percentage Mod: HP is shown in percentages\n|rule|Endless Battle Clause: Forcing endless battles is banned\n|rule|OHKO Clause: OHKO moves are banned\n|rule|Evasion Clause: Evasion abilities, items, and moves are banned\n|rule|Evasion Abilities Clause: Evasion abilities are banned\n|rule|Evasion Items Clause: Evasion items are banned\n|rule|Evasion Moves Clause: Evasion moves are banned\n|rule|Species Clause: Limit one of each Pok\u00e9mon\n|rule|Sleep Clause Mod: Limit one foe put to sleep\n|clearpoke\n|poke|p1|Sableye, M|\n|poke|p1|Corviknight, M|\n|poke|p1|Toxapex, M|\n|poke|p1|Dondozo, M|\n|poke|p1|Gliscor, F|\n|poke|p1|Chansey, F|\n|poke|p2|Tapu Lele|\n|poke|p2|Chansey, F|\n|poke|p2|Cinderace, M|\n|poke|p2|Polteageist-Antique|\n|poke|p2|Armarouge, F|\n|poke|p2|Hawlucha, F|\n|teampreview\n|inactive|Battle timer is ON: inactive players will automatically lose when time's up. (requested by Shuichi420)\n|\n|t:|1701058747\n|start\n|switch|p1a: Sableye|Sableye, M|100\/100\n|switch|p2a: Tapu Lele|Tapu Lele|100\/100\n|-fieldstart|move: Psychic Terrain|[from] ability: Psychic Surge|[of] p2a: Tapu Lele\n|turn|1\n|c|\u2606tdd20070515\u5179\u4f0f\u5947\u5927\u543e|wc\u53d7\n|\n|t:|1701058755\n|switch|p1a: Chansey|Chansey, F|100\/100\n|move|p2a: Tapu Lele|Moonblast|p1a: Chansey\n|-damage|p1a: Chansey|84\/100\n|\n|upkeep\n|turn|2\n|\n|t:|1701058760\n|move|p2a: Tapu Lele|Taunt|p1a: Chansey\n|-start|p1a: Chansey|move: Taunt\n|cant|p1a: Chansey|move: Taunt|Toxic\n|\n|upkeep\n|turn|3\n|\n|t:|1701058768\n|switch|p2a: Polteageist|Polteageist-Antique|100\/100\n|move|p1a: Chansey|Seismic Toss|p2a: Polteageist\n|-immune|p2a: Polteageist\n|\n|upkeep\n|turn|4\n|c|\u2606tdd20070515\u5179\u4f0f\u5947\u5927\u543e|\u7206\u7834\uff01\u7206\u7834\uff01\n|\n|t:|1701058791\n|switch|p1a: Toxapex|Toxapex, M|100\/100\n|move|p2a: Polteageist|Shell Smash|p2a: Polteageist\n|-unboost|p2a: Polteageist|def|1\n|-unboost|p2a: Polteageist|spd|1\n|-boost|p2a: Polteageist|atk|2\n|-boost|p2a: Polteageist|spa|2\n|-boost|p2a: Polteageist|spe|2\n|\n|upkeep\n|turn|5\n|\n|t:|1701058794\n|move|p2a: Polteageist|Stored Power|p1a: Toxapex\n|-supereffective|p1a: Toxapex\n|-damage|p1a: Toxapex|0 fnt\n|faint|p1a: Toxapex\n|\n|upkeep\n|\n|t:|1701058798\n|switch|p1a: Sableye|Sableye, M|100\/100\n|turn|6\n|\n|t:|1701058802\n|detailschange|p1a: Sableye|Sableye-Mega, M\n|-mega|p1a: Sableye|Sableye|Sablenite\n|move|p2a: Polteageist|Shadow Ball|p1a: Sableye\n|-damage|p1a: Sableye|31\/100\n|-unboost|p1a: Sableye|spd|1\n|move|p1a: Sableye|Foul Play|p2a: Polteageist\n|-supereffective|p2a: Polteageist\n|-enditem|p2a: Polteageist|Focus Sash\n|-damage|p2a: Polteageist|1\/100\n|-ability|p2a: Polteageist|Weak Armor|boost\n|-unboost|p2a: Polteageist|def|1\n|-boost|p2a: Polteageist|spe|2\n|\n|upkeep\n|turn|7\n|\n|t:|1701058808\n|move|p1a: Sableye|Protect|p1a: Sableye\n|-singleturn|p1a: Sableye|Protect\n|move|p2a: Polteageist|Shadow Ball|p1a: Sableye\n|-activate|p1a: Sableye|move: Protect\n|\n|upkeep\n|turn|8\n|\n|t:|1701058823\n|switch|p1a: Chansey|Chansey, F|84\/100\n|move|p2a: Polteageist|Shadow Ball|p1a: Chansey\n|-immune|p1a: Chansey\n|\n|-fieldend|move: Psychic Terrain\n|upkeep\n|turn|9\n|\n|t:|1701058833\n|-terastallize|p2a: Polteageist|Fighting\n|move|p2a: Polteageist|Tera Blast|p1a: Chansey|[anim] Tera Blast Fighting\n|-supereffective|p1a: Chansey\n|-damage|p1a: Chansey|28\/100\n|move|p1a: Chansey|Toxic|p2a: Polteageist\n|-status|p2a: Polteageist|tox\n|\n|-damage|p2a: Polteageist|0 fnt|[from] psn\n|faint|p2a: Polteageist\n|upkeep\n|\n|t:|1701058837\n|switch|p2a: Tapu Lele|Tapu Lele|100\/100\n|-fieldstart|move: Psychic Terrain|[from] ability: Psychic Surge|[of] p2a: Tapu Lele\n|turn|10\n|\n|t:|1701058843\n|move|p2a: Tapu Lele|Taunt|p1a: Chansey\n|-start|p1a: Chansey|move: Taunt\n|cant|p1a: Chansey|move: Taunt|Soft-Boiled\n|\n|upkeep\n|turn|11\n|\n|t:|1701058850\n|switch|p1a: Gliscor|Gliscor, F|100\/100\n|move|p2a: Tapu Lele|Moonblast|p1a: Gliscor\n|-damage|p1a: Gliscor|58\/100\n|-unboost|p1a: Gliscor|spa|1\n|\n|-status|p1a: Gliscor|tox|[from] item: Toxic Orb\n|upkeep\n|turn|12\n|\n|t:|1701058859\n|switch|p2a: Hawlucha|Hawlucha, F, shiny|100\/100\n|-enditem|p2a: Hawlucha|Psychic Seed\n|-boost|p2a: Hawlucha|spd|1|[from] item: Psychic Seed\n|move|p1a: Gliscor|Roost|p1a: Gliscor\n|-heal|p1a: Gliscor|100\/100 tox\n|-singleturn|p1a: Gliscor|move: Roost\n|\n|upkeep\n|turn|13\n|\n|t:|1701058862\n|move|p2a: Hawlucha|Encore|p1a: Gliscor\n|-start|p1a: Gliscor|Encore\n|move|p1a: Gliscor|Roost||[still]\n|-fail|p1a: Gliscor|heal\n|\n|upkeep\n|turn|14\n|\n|t:|1701058873\n|switch|p2a: Armarouge|Armarouge, F|100\/100\n|switch|p1a: Sableye|Sableye-Mega, M|31\/100\n|\n|upkeep\n|turn|15\n|\n|t:|1701058881\n|move|p2a: Armarouge|Armor Cannon|p1a: Sableye\n|-damage|p1a: Sableye|0 fnt\n|-unboost|p2a: Armarouge|def|1\n|-unboost|p2a: Armarouge|spd|1\n|faint|p1a: Sableye\n|\n|upkeep\n|\n|t:|1701058889\n|switch|p1a: Dondozo|Dondozo, M|100\/100\n|turn|16\n|\n|t:|1701058894\n|move|p2a: Armarouge|Expanding Force|p1a: Dondozo\n|-damage|p1a: Dondozo|30\/100\n|move|p1a: Dondozo|Curse|p1a: Dondozo\n|-unboost|p1a: Dondozo|spe|1\n|-boost|p1a: Dondozo|atk|1\n|-boost|p1a: Dondozo|def|1\n|\n|upkeep\n|turn|17\n|c|\u2606tdd20070515\u5179\u4f0f\u5947\u5927\u543e|\u7206\u7834\uff01\u7206\u7834\uff01\n|\n|t:|1701058905\n|-terastallize|p1a: Dondozo|Dragon\n|move|p2a: Armarouge|Expanding Force|p1a: Dondozo\n|-damage|p1a: Dondozo|0 fnt\n|faint|p1a: Dondozo\n|\n|-fieldend|move: Psychic Terrain\n|upkeep\n|-message|Shuichi420 forfeited.\n|\n|win|tdd20070515\u5179\u4f0f\u5947\u5927\u543e\n|raw|Shuichi420's rating: 1604 &rarr; <strong>1582<\/strong><br \/>(-22 for losing)\n|raw|tdd20070515\u5179\u4f0f\u5947\u5927\u543e's rating: 1570 &rarr; <strong>1592<\/strong><br \/>(+22 for winning)\n|l|\u2606tdd20070515\u5179\u4f0f\u5947\u5927\u543e\n|j|\u2606tdd20070515\u5179\u4f0f\u5947\u5927\u543e\n|player|p2|tdd20070515\u5179\u4f0f\u5947\u5927\u543e|steven\n|c|\u2606tdd20070515\u5179\u4f0f\u5947\u5927\u543e|\u72e0\u72e0\u5730\u7206\u7834\n","uploadtime":1701058978,"views":8,"p1id":"shuichi420","p2id":"tdd20070515","formatid":"gen9nationaldex","rating":1582,"private":0,"password":""}