{"id":"gen9nationaldex-1990037978","p1":"d9ryan","p2":"Applejuicebruh","format":"[Gen 9] National Dex","log":"|j|\u2606d9ryan\n|j|\u203dApplejuicebruh\n|t:|1699917886\n|gametype|singles\n|player|p1|d9ryan|roughneck|1178\n|player|p2|Applejuicebruh|crasherwake|1104\n|teamsize|p1|6\n|teamsize|p2|6\n|gen|9\n|tier|[Gen 9] National Dex\n|rated|\n|rule|HP Percentage Mod: HP is shown in percentages\n|rule|Endless Battle Clause: Forcing endless battles is banned\n|rule|OHKO Clause: OHKO moves are banned\n|rule|Evasion Clause: Evasion abilities, items, and moves are banned\n|rule|Evasion Abilities Clause: Evasion abilities are banned\n|rule|Evasion Items Clause: Evasion items are banned\n|rule|Evasion Moves Clause: Evasion moves are banned\n|rule|Species Clause: Limit one of each Pok\u00e9mon\n|rule|Sleep Clause Mod: Limit one foe put to sleep\n|clearpoke\n|poke|p1|Venusaur, M|\n|poke|p1|Arcanine-Hisui, M|\n|poke|p1|Rillaboom, M|\n|poke|p1|Thundurus-Therian, M|\n|poke|p1|Chandelure, F|\n|poke|p1|Dragalge, M|\n|poke|p2|Beedrill, M|\n|poke|p2|Victini|\n|poke|p2|Togekiss, M|\n|poke|p2|Hawlucha, M|\n|poke|p2|Feraligatr, M|\n|poke|p2|Blastoise, M|\n|teampreview\n|inactive|Battle timer is ON: inactive players will automatically lose when time's up. (requested by d9ryan)\n|\n|t:|1699917895\n|start\n|switch|p1a: Arcanine|Arcanine-Hisui, M|100\/100\n|switch|p2a: Victini|Victini|100\/100\n|-ability|p1a: Arcanine|Intimidate|boost\n|-unboost|p2a: Victini|atk|1\n|turn|1\n|\n|t:|1699917900\n|-zpower|p2a: Victini\n|move|p2a: Victini|Z-Celebrate|p2a: Victini|[anim]Celebrate\n|-boost|p2a: Victini|atk|1|[zeffect]\n|-boost|p2a: Victini|def|1|[zeffect]\n|-boost|p2a: Victini|spa|1|[zeffect]\n|-boost|p2a: Victini|spd|1|[zeffect]\n|-boost|p2a: Victini|spe|1|[zeffect]\n|-activate|p2a: Victini|move: Celebrate\n|move|p1a: Arcanine|Stealth Rock|p2a: Victini\n|-sidestart|p2: Applejuicebruh|move: Stealth Rock\n|\n|upkeep\n|turn|2\n|\n|t:|1699917906\n|move|p2a: Victini|Stored Power|p1a: Arcanine\n|-damage|p1a: Arcanine|21\/100\n|move|p1a: Arcanine|Head Smash|p2a: Victini|[miss]\n|-miss|p1a: Arcanine|p2a: Victini\n|\n|upkeep\n|turn|3\n|inactive|d9ryan has 120 seconds left.\n|\n|t:|1699917936\n|switch|p1a: Rillaboom|Rillaboom, M, shiny|100\/100\n|-fieldstart|move: Grassy Terrain|[from] ability: Grassy Surge|[of] p1a: Rillaboom\n|move|p2a: Victini|Stored Power|p1a: Rillaboom\n|-damage|p1a: Rillaboom|67\/100\n|\n|-heal|p1a: Rillaboom|73\/100|[from] Grassy Terrain\n|upkeep\n|turn|4\n|\n|t:|1699917943\n|move|p2a: Victini|Flamethrower|p1a: Rillaboom\n|-supereffective|p1a: Rillaboom\n|-damage|p1a: Rillaboom|3\/100\n|move|p1a: Rillaboom|Knock Off|p2a: Victini\n|-supereffective|p2a: Victini\n|-damage|p2a: Victini|75\/100\n|\n|-heal|p2a: Victini|81\/100|[from] Grassy Terrain\n|-heal|p1a: Rillaboom|10\/100|[from] Grassy Terrain\n|upkeep\n|turn|5\n|\n|t:|1699917948\n|move|p2a: Victini|Dazzling Gleam|p1a: Rillaboom\n|-damage|p1a: Rillaboom|0 fnt\n|faint|p1a: Rillaboom\n|\n|-heal|p2a: Victini|88\/100|[from] Grassy Terrain\n|upkeep\n|\n|t:|1699917951\n|switch|p1a: Dragalge|Dragalge, M, shiny|100\/100\n|turn|6\n|\n|t:|1699917964\n|-terastallize|p1a: Dragalge|Water\n|move|p2a: Victini|Stored Power|p1a: Dragalge\n|-damage|p1a: Dragalge|53\/100\n|move|p1a: Dragalge|Sludge Wave|p2a: Victini\n|-damage|p2a: Victini|64\/100\n|\n|-heal|p2a: Victini|70\/100|[from] Grassy Terrain\n|-heal|p1a: Dragalge|59\/100|[from] Grassy Terrain\n|upkeep\n|turn|7\n|\n|t:|1699917971\n|move|p2a: Victini|Dazzling Gleam|p1a: Dragalge\n|-damage|p1a: Dragalge|33\/100\n|move|p1a: Dragalge|Draco Meteor|p2a: Victini\n|-damage|p2a: Victini|43\/100\n|-unboost|p1a: Dragalge|spa|2\n|\n|-heal|p2a: Victini|49\/100|[from] Grassy Terrain\n|-heal|p1a: Dragalge|39\/100|[from] Grassy Terrain\n|-fieldend|move: Grassy Terrain\n|upkeep\n|turn|8\n|\n|t:|1699917978\n|move|p2a: Victini|Stored Power|p1a: Dragalge\n|-damage|p1a: Dragalge|0 fnt\n|faint|p1a: Dragalge\n|\n|upkeep\n|\n|t:|1699917981\n|switch|p1a: Chandelure|Chandelure, F, shiny|100\/100\n|turn|9\n|\n|t:|1699917985\n|move|p2a: Victini|Stored Power|p1a: Chandelure\n|-damage|p1a: Chandelure|0 fnt\n|faint|p1a: Chandelure\n|\n|upkeep\n|\n|t:|1699917988\n|switch|p1a: Arcanine|Arcanine-Hisui, M|21\/100\n|-ability|p1a: Arcanine|Intimidate|boost\n|-unboost|p2a: Victini|atk|1\n|turn|10\n|\n|t:|1699917992\n|move|p1a: Arcanine|Extreme Speed|p2a: Victini\n|-damage|p2a: Victini|35\/100\n|move|p2a: Victini|Stored Power|p1a: Arcanine\n|-damage|p1a: Arcanine|0 fnt\n|faint|p1a: Arcanine\n|\n|upkeep\n|\n|t:|1699917997\n|switch|p1a: Venusaur|Venusaur, M|100\/100\n|turn|11\n|\n|t:|1699917999\n|detailschange|p1a: Venusaur|Venusaur-Mega, M\n|-mega|p1a: Venusaur|Venusaur|Venusaurite\n|move|p2a: Victini|Stored Power|p1a: Venusaur\n|-supereffective|p1a: Venusaur\n|-damage|p1a: Venusaur|0 fnt\n|faint|p1a: Venusaur\n|\n|upkeep\n|\n|t:|1699918003\n|switch|p1a: Thundurus|Thundurus-Therian, M, shiny|100\/100\n|turn|12\n|\n|t:|1699918006\n|move|p2a: Victini|Flamethrower|p1a: Thundurus\n|-damage|p1a: Thundurus|12\/100\n|move|p1a: Thundurus|Thunderbolt|p2a: Victini\n|-damage|p2a: Victini|2\/100\n|-status|p2a: Victini|par\n|\n|upkeep\n|turn|13\n|\n|t:|1699918013\n|move|p1a: Thundurus|Taunt|p2a: Victini\n|-start|p2a: Victini|move: Taunt\n|cant|p2a: Victini|move: Taunt|Celebrate\n|\n|upkeep\n|turn|14\n|\n|t:|1699918020\n|move|p1a: Thundurus|Volt Switch|p2a: Victini\n|-damage|p2a: Victini|0 fnt\n|faint|p2a: Victini\n|\n|upkeep\n|\n|t:|1699918025\n|switch|p2a: Beedrill|Beedrill, M, shiny|100\/100\n|-damage|p2a: Beedrill|75\/100|[from] Stealth Rock\n|turn|15\n|\n|t:|1699918029\n|detailschange|p2a: Beedrill|Beedrill-Mega, M, shiny\n|-mega|p2a: Beedrill|Beedrill|Beedrillite\n|move|p2a: Beedrill|Fell Stinger|p1a: Thundurus\n|-resisted|p1a: Thundurus\n|-damage|p1a: Thundurus|0 fnt\n|faint|p1a: Thundurus\n|\n|win|Applejuicebruh\n|raw|d9ryan's rating: 1178 &rarr; <strong>1148<\/strong><br \/>(-30 for losing)\n|raw|Applejuicebruh's rating: 1104 &rarr; <strong>1134<\/strong><br \/>(+30 for winning)\n|l|\u2606d9ryan\n","uploadtime":1699918041,"views":4,"p1id":"d9ryan","p2id":"applejuicebruh","formatid":"gen9nationaldex","rating":1134,"private":0,"password":""}