{"id":"gen9nationaldex-1992515338","p1":"quzjenzhang\u5927\u50bb\u903c","p2":"fresh yes","format":"[Gen 9] National Dex","log":"|j|\u2606quzjenzhang\u5927\u50bb\u903c\n|j|\u2606fresh yes\n|t:|1700197919\n|gametype|singles\n|player|p1|quzjenzhang\u5927\u50bb\u903c|winona|1133\n|player|p2|fresh yes|shauntal|1219\n|teamsize|p1|6\n|teamsize|p2|6\n|gen|9\n|tier|[Gen 9] National Dex\n|rated|\n|rule|HP Percentage Mod: HP is shown in percentages\n|rule|Endless Battle Clause: Forcing endless battles is banned\n|rule|OHKO Clause: OHKO moves are banned\n|rule|Evasion Clause: Evasion abilities, items, and moves are banned\n|rule|Evasion Abilities Clause: Evasion abilities are banned\n|rule|Evasion Items Clause: Evasion items are banned\n|rule|Evasion Moves Clause: Evasion moves are banned\n|rule|Species Clause: Limit one of each Pok\u00e9mon\n|rule|Sleep Clause Mod: Limit one foe put to sleep\n|clearpoke\n|poke|p1|Ribombee, F|\n|poke|p1|Breloom, F|\n|poke|p1|Banette, M|\n|poke|p1|Alomomola, F|\n|poke|p1|Tapu Lele|\n|poke|p1|Gliscor, F|\n|poke|p2|Spiritomb, F|\n|poke|p2|Roserade, F|\n|poke|p2|Togekiss, M|\n|poke|p2|Milotic, F|\n|poke|p2|Lucario, M|\n|poke|p2|Garchomp, F|\n|teampreview\n|inactive|Battle timer is ON: inactive players will automatically lose when time's up. (requested by fresh yes)\n|c|\u2606quzjenzhang\u5927\u50bb\u903c|oh\n|\n|t:|1700197930\n|start\n|switch|p1a: Ribombee|Ribombee, F|100\/100\n|switch|p2a: Spiritomb|Spiritomb, F|100\/100\n|-ability|p2a: Spiritomb|Pressure\n|turn|1\n|\n|t:|1700197935\n|switch|p2a: Roserade|Roserade, F|100\/100\n|move|p1a: Ribombee|Sticky Web|p2a: Roserade\n|-sidestart|p2: fresh yes|move: Sticky Web\n|\n|upkeep\n|turn|2\n|\n|t:|1700197945\n|move|p1a: Ribombee|Psychic|p2a: Roserade\n|-supereffective|p2a: Roserade\n|-damage|p2a: Roserade|53\/100\n|move|p2a: Roserade|Leech Seed|p1a: Ribombee\n|-start|p1a: Ribombee|move: Leech Seed\n|\n|-heal|p2a: Roserade|59\/100|[from] item: Black Sludge\n|-damage|p1a: Ribombee|88\/100|[from] Leech Seed|[of] p2a: Roserade\n|-heal|p2a: Roserade|69\/100|[silent]\n|upkeep\n|turn|3\n|inactive|fresh yes has 120 seconds left.\n|\n|t:|1700197976\n|move|p1a: Ribombee|Psychic|p2a: Roserade\n|-supereffective|p2a: Roserade\n|-damage|p2a: Roserade|18\/100\n|move|p2a: Roserade|Shadow Ball|p1a: Ribombee\n|-damage|p1a: Ribombee|36\/100\n|\n|-heal|p2a: Roserade|24\/100|[from] item: Black Sludge\n|-damage|p1a: Ribombee|24\/100|[from] Leech Seed|[of] p2a: Roserade\n|-heal|p2a: Roserade|34\/100|[silent]\n|upkeep\n|turn|4\n|\n|t:|1700197982\n|switch|p2a: Spiritomb|Spiritomb, F|100\/100\n|-activate|p2a: Spiritomb|move: Sticky Web\n|-unboost|p2a: Spiritomb|spe|1\n|-ability|p2a: Spiritomb|Pressure\n|move|p1a: Ribombee|Psychic|p2a: Spiritomb\n|-immune|p2a: Spiritomb\n|\n|-damage|p1a: Ribombee|12\/100|[from] Leech Seed|[of] p2a: Spiritomb\n|upkeep\n|turn|5\n|\n|t:|1700197995\n|switch|p2a: Lucario|Lucario, M|100\/100\n|-activate|p2a: Lucario|move: Sticky Web\n|-unboost|p2a: Lucario|spe|1\n|move|p1a: Ribombee|Moonblast|p2a: Lucario\n|-damage|p2a: Lucario|31\/100\n|\n|-damage|p1a: Ribombee|0 fnt|[from] Leech Seed|[of] p2a: Lucario\n|-heal|p2a: Lucario|41\/100|[silent]\n|faint|p1a: Ribombee\n|upkeep\n|\n|t:|1700198021\n|switch|p1a: Banette|Banette, M|100\/100\n|-item|p2a: Lucario|Expert Belt|[from] ability: Frisk|[of] p1a: Banette|[identify]\n|turn|6\n|\n|t:|1700198024\n|detailschange|p1a: Banette|Banette-Mega, M\n|-mega|p1a: Banette|Banette|Banettite\n|move|p1a: Banette|Will-O-Wisp|p2a: Lucario\n|-status|p2a: Lucario|brn\n|move|p2a: Lucario|Agility|p2a: Lucario\n|-boost|p2a: Lucario|spe|2\n|\n|-damage|p2a: Lucario|35\/100 brn|[from] brn\n|upkeep\n|turn|7\n|\n|t:|1700198031\n|move|p1a: Banette|Encore|p2a: Lucario\n|-start|p2a: Lucario|Encore\n|move|p2a: Lucario|Agility|p2a: Lucario\n|-boost|p2a: Lucario|spe|2\n|\n|-damage|p2a: Lucario|29\/100 brn|[from] brn\n|upkeep\n|turn|8\n|\n|t:|1700198038\n|switch|p2a: Roserade|Roserade, F|34\/100\n|-activate|p2a: Roserade|move: Sticky Web\n|-unboost|p2a: Roserade|spe|1\n|move|p1a: Banette|Poltergeist|p2a: Roserade\n|-activate|p2a: Roserade|move: Poltergeist|Black Sludge\n|-damage|p2a: Roserade|0 fnt\n|faint|p2a: Roserade\n|\n|upkeep\n|\n|t:|1700198052\n|switch|p2a: Togekiss|Togekiss, M|100\/100\n|turn|9\n|\n|t:|1700198076\n|switch|p1a: Gliscor|Gliscor, F|100\/100\n|move|p2a: Togekiss|Air Slash|p1a: Gliscor\n|-crit|p1a: Gliscor\n|-damage|p1a: Gliscor|54\/100\n|\n|-status|p1a: Gliscor|tox|[from] item: Toxic Orb\n|upkeep\n|turn|10\n|\n|t:|1700198087\n|move|p1a: Gliscor|Roost|p1a: Gliscor\n|-heal|p1a: Gliscor|100\/100 tox\n|-singleturn|p1a: Gliscor|move: Roost\n|move|p2a: Togekiss|Air Slash|p1a: Gliscor\n|-damage|p1a: Gliscor|65\/100 tox\n|\n|-heal|p1a: Gliscor|77\/100 tox|[from] ability: Poison Heal\n|upkeep\n|turn|11\n|\n|t:|1700198095\n|move|p1a: Gliscor|Stone Edge|p2a: Togekiss|[miss]\n|-miss|p1a: Gliscor|p2a: Togekiss\n|move|p2a: Togekiss|Air Slash|p1a: Gliscor\n|-damage|p1a: Gliscor|43\/100 tox\n|\n|-heal|p1a: Gliscor|56\/100 tox|[from] ability: Poison Heal\n|upkeep\n|turn|12\n|\n|t:|1700198105\n|move|p1a: Gliscor|Stealth Rock|p2a: Togekiss\n|-sidestart|p2: fresh yes|move: Stealth Rock\n|move|p2a: Togekiss|Air Slash|p1a: Gliscor\n|-damage|p1a: Gliscor|21\/100 tox\n|\n|-heal|p1a: Gliscor|33\/100 tox|[from] ability: Poison Heal\n|upkeep\n|turn|13\n|\n|t:|1700198111\n|move|p1a: Gliscor|Roost|p1a: Gliscor\n|-heal|p1a: Gliscor|83\/100 tox\n|-singleturn|p1a: Gliscor|move: Roost\n|move|p2a: Togekiss|Air Slash|p1a: Gliscor|[miss]\n|-miss|p2a: Togekiss|p1a: Gliscor\n|\n|-heal|p1a: Gliscor|96\/100 tox|[from] ability: Poison Heal\n|upkeep\n|turn|14\n|\n|t:|1700198120\n|switch|p2a: Garchomp|Garchomp, F|100\/100\n|-activate|p2a: Garchomp|move: Sticky Web\n|-unboost|p2a: Garchomp|spe|1\n|-damage|p2a: Garchomp|94\/100|[from] Stealth Rock\n|move|p1a: Gliscor|Stone Edge|p2a: Garchomp\n|-resisted|p2a: Garchomp\n|-damage|p2a: Garchomp|83\/100\n|\n|-heal|p1a: Gliscor|100\/100 tox|[from] ability: Poison Heal\n|upkeep\n|turn|15\n|\n|t:|1700198133\n|switch|p1a: Alomomola|Alomomola, F|100\/100\n|detailschange|p2a: Garchomp|Garchomp-Mega, F\n|-mega|p2a: Garchomp|Garchomp|Garchompite\n|move|p2a: Garchomp|Scale Shot|p1a: Alomomola\n|-damage|p1a: Alomomola|91\/100\n|-damage|p1a: Alomomola|80\/100\n|-damage|p1a: Alomomola|71\/100\n|-damage|p1a: Alomomola|61\/100\n|-hitcount|p1a: Alomomola|4\n|-unboost|p2a: Garchomp|def|1\n|-boost|p2a: Garchomp|spe|1\n|\n|upkeep\n|turn|16\n|\n|t:|1700198149\n|move|p1a: Alomomola|Protect|p1a: Alomomola\n|-singleturn|p1a: Alomomola|Protect\n|move|p2a: Garchomp|Scale Shot|p1a: Alomomola\n|-activate|p1a: Alomomola|move: Protect\n|\n|upkeep\n|turn|17\n|\n|t:|1700198155\n|move|p2a: Garchomp|Swords Dance|p2a: Garchomp\n|-boost|p2a: Garchomp|atk|2\n|move|p1a: Alomomola|Flip Turn|p2a: Garchomp\n|-damage|p2a: Garchomp|62\/100\n|\n|t:|1700198161\n|switch|p1a: Tapu Lele|Tapu Lele|100\/100|[from] Flip Turn\n|-fieldstart|move: Psychic Terrain|[from] ability: Psychic Surge|[of] p1a: Tapu Lele\n|\n|upkeep\n|turn|18\n|\n|t:|1700198175\n|switch|p2a: Togekiss|Togekiss, M|100\/100\n|-damage|p2a: Togekiss|76\/100|[from] Stealth Rock\n|move|p1a: Tapu Lele|Moonblast|p2a: Togekiss\n|-damage|p2a: Togekiss|18\/100\n|\n|-heal|p2a: Togekiss|24\/100|[from] item: Leftovers\n|upkeep\n|turn|19\n|\n|t:|1700198185\n|move|p1a: Tapu Lele|Moonblast|p2a: Togekiss\n|-damage|p2a: Togekiss|0 fnt\n|faint|p2a: Togekiss\n|\n|upkeep\n|\n|t:|1700198186\n|switch|p2a: Milotic|Milotic, F|100\/100\n|-activate|p2a: Milotic|move: Sticky Web\n|-unboost|p2a: Milotic|spe|1\n|-damage|p2a: Milotic|88\/100|[from] Stealth Rock\n|turn|20\n|\n|t:|1700198213\n|switch|p1a: Breloom|Breloom, F|100\/100\n|move|p2a: Milotic|Scald|p1a: Breloom\n|-resisted|p1a: Breloom\n|-damage|p1a: Breloom|73\/100\n|\n|-status|p2a: Milotic|brn|[from] item: Flame Orb\n|upkeep\n|turn|21\n|\n|t:|1700198223\n|move|p1a: Breloom|Bullet Seed|p2a: Milotic\n|-supereffective|p2a: Milotic\n|-damage|p2a: Milotic|71\/100 brn\n|-supereffective|p2a: Milotic\n|-damage|p2a: Milotic|52\/100 brn\n|-supereffective|p2a: Milotic\n|-damage|p2a: Milotic|33\/100 brn\n|-supereffective|p2a: Milotic\n|-damage|p2a: Milotic|13\/100 brn\n|-hitcount|p2a: Milotic|4\n|move|p2a: Milotic|Ice Beam|p1a: Breloom\n|-supereffective|p1a: Breloom\n|-damage|p1a: Breloom|0 fnt\n|faint|p1a: Breloom\n|\n|-damage|p2a: Milotic|7\/100 brn|[from] brn\n|-fieldend|move: Psychic Terrain\n|upkeep\n|inactive|quzjenzhang\u5927\u50bb\u903c has 120 seconds left.\n|\n|t:|1700198246\n|switch|p1a: Gliscor|Gliscor, F|100\/100 tox\n|turn|22\n|\n|t:|1700198248\n|move|p1a: Gliscor|Earthquake|p2a: Milotic\n|-damage|p2a: Milotic|0 fnt\n|faint|p2a: Milotic\n|\n|upkeep\n|\n|t:|1700198256\n|switch|p2a: Garchomp|Garchomp-Mega, F|62\/100\n|-activate|p2a: Garchomp|move: Sticky Web\n|-unboost|p2a: Garchomp|spe|1\n|-damage|p2a: Garchomp|56\/100|[from] Stealth Rock\n|turn|23\n|\n|t:|1700198266\n|move|p1a: Gliscor|Earthquake|p2a: Garchomp\n|-damage|p2a: Garchomp|29\/100\n|move|p2a: Garchomp|Rock Slide|p1a: Gliscor\n|-damage|p1a: Gliscor|73\/100 tox\n|\n|-heal|p1a: Gliscor|85\/100 tox|[from] ability: Poison Heal\n|upkeep\n|turn|24\n|-message|fresh yes forfeited.\n|\n|win|quzjenzhang\u5927\u50bb\u903c\n|raw|quzjenzhang\u5927\u50bb\u903c's rating: 1133 &rarr; <strong>1164<\/strong><br \/>(+31 for winning)\n|raw|fresh yes's rating: 1219 &rarr; <strong>1188<\/strong><br \/>(-31 for losing)\n|l|\u2606fresh yes\n","uploadtime":1700198285,"views":8,"p1id":"quzjenzhang","p2id":"freshyes","formatid":"gen9nationaldex","rating":1164,"private":0,"password":""}