{"id":"gen9nationaldex-1987918858","p1":"Dislike Harder","p2":"Afogomorn","format":"[Gen 9] National Dex","log":"|j|\u203dDislike Harder\n|j|\u2606Afogomorn\n|t:|1699649105\n|gametype|singles\n|player|p1|Dislike Harder|mallow-masters|1607\n|player|p2|Afogomorn|170|1690\n|teamsize|p1|6\n|teamsize|p2|6\n|gen|9\n|tier|[Gen 9] National Dex\n|rated|\n|rule|HP Percentage Mod: HP is shown in percentages\n|rule|Endless Battle Clause: Forcing endless battles is banned\n|rule|OHKO Clause: OHKO moves are banned\n|rule|Evasion Clause: Evasion abilities, items, and moves are banned\n|rule|Evasion Abilities Clause: Evasion abilities are banned\n|rule|Evasion Items Clause: Evasion items are banned\n|rule|Evasion Moves Clause: Evasion moves are banned\n|rule|Species Clause: Limit one of each Pok\u00e9mon\n|rule|Sleep Clause Mod: Limit one foe put to sleep\n|clearpoke\n|poke|p1|Banette, F|\n|poke|p1|Corviknight, M|\n|poke|p1|Hatterene, F|\n|poke|p1|Heatran, M|\n|poke|p1|Toxapex, F|\n|poke|p1|Rillaboom, F|\n|poke|p2|Toxapex, M|\n|poke|p2|Dondozo, F|\n|poke|p2|Chansey, F|\n|poke|p2|Gliscor, M|\n|poke|p2|Sableye, F|\n|poke|p2|Tangrowth, F|\n|teampreview\n|inactive|Battle timer is ON: inactive players will automatically lose when time's up. (requested by Dislike Harder)\n|\n|t:|1699649113\n|start\n|switch|p1a: Banette|Banette, F|100\/100\n|switch|p2a: Sableye|Sableye, F|100\/100\n|-item|p2a: Sableye|Sablenite|[from] ability: Frisk|[of] p1a: Banette|[identify]\n|turn|1\n|\n|t:|1699649120\n|switch|p1a: Hatterene|Hatterene, F|100\/100\n|detailschange|p2a: Sableye|Sableye-Mega, F\n|-mega|p2a: Sableye|Sableye|Sablenite\n|move|p2a: Sableye|Will-O-Wisp|p1a: Hatterene\n|move|p1a: Hatterene|Will-O-Wisp|p2a: Sableye|[from]ability: Magic Bounce\n|-status|p2a: Sableye|brn\n|\n|-damage|p2a: Sableye|94\/100 brn|[from] brn\n|upkeep\n|turn|2\n|\n|t:|1699649131\n|move|p1a: Hatterene|Calm Mind|p1a: Hatterene\n|-boost|p1a: Hatterene|spa|1\n|-boost|p1a: Hatterene|spd|1\n|move|p2a: Sableye|Knock Off|p1a: Hatterene\n|-damage|p1a: Hatterene|89\/100\n|-enditem|p1a: Hatterene|Leftovers|[from] move: Knock Off|[of] p2a: Sableye\n|\n|-damage|p2a: Sableye|88\/100 brn|[from] brn\n|upkeep\n|turn|3\n|\n|t:|1699649143\n|switch|p2a: Chansey|Chansey, F|100\/100\n|move|p1a: Hatterene|Draining Kiss|p2a: Chansey\n|-damage|p2a: Chansey|91\/100\n|-heal|p1a: Hatterene|100\/100|[from] drain|[of] p2a: Chansey\n|\n|upkeep\n|turn|4\n|\n|t:|1699649150\n|move|p2a: Chansey|Seismic Toss|p1a: Hatterene\n|-damage|p1a: Hatterene|69\/100\n|move|p1a: Hatterene|Psyshock|p2a: Chansey\n|-damage|p2a: Chansey|56\/100\n|\n|upkeep\n|turn|5\n|\n|t:|1699649156\n|move|p2a: Chansey|Seismic Toss|p1a: Hatterene\n|-damage|p1a: Hatterene|38\/100\n|move|p1a: Hatterene|Calm Mind|p1a: Hatterene\n|-boost|p1a: Hatterene|spa|1\n|-boost|p1a: Hatterene|spd|1\n|\n|upkeep\n|turn|6\n|\n|t:|1699649163\n|move|p2a: Chansey|Seismic Toss|p1a: Hatterene\n|-damage|p1a: Hatterene|6\/100\n|move|p1a: Hatterene|Draining Kiss|p2a: Chansey\n|-damage|p2a: Chansey|44\/100\n|-heal|p1a: Hatterene|24\/100|[from] drain|[of] p2a: Chansey\n|\n|upkeep\n|turn|7\n|\n|t:|1699649169\n|switch|p1a: Banette|Banette, F|100\/100\n|-item|p2a: Chansey|Eviolite|[from] ability: Frisk|[of] p1a: Banette|[identify]\n|move|p2a: Chansey|Seismic Toss|p1a: Banette\n|-immune|p1a: Banette\n|\n|upkeep\n|turn|8\n|\n|t:|1699649176\n|switch|p1a: Rillaboom|Rillaboom, F|100\/100\n|-fieldstart|move: Grassy Terrain|[from] ability: Grassy Surge|[of] p1a: Rillaboom\n|move|p2a: Chansey|Soft-Boiled|p2a: Chansey\n|-heal|p2a: Chansey|94\/100\n|\n|-heal|p2a: Chansey|100\/100|[from] Grassy Terrain\n|upkeep\n|turn|9\n|j| gondfjgn\n|\n|t:|1699649184\n|switch|p2a: Tangrowth|Tangrowth, F|100\/100\n|move|p1a: Rillaboom|Knock Off|p2a: Tangrowth\n|-damage|p2a: Tangrowth|72\/100\n|-damage|p1a: Rillaboom|84\/100|[from] item: Rocky Helmet|[of] p2a: Tangrowth\n|-enditem|p2a: Tangrowth|Rocky Helmet|[from] move: Knock Off|[of] p1a: Rillaboom\n|\n|-heal|p1a: Rillaboom|90\/100|[from] Grassy Terrain\n|-heal|p2a: Tangrowth|78\/100|[from] Grassy Terrain\n|upkeep\n|turn|10\n|\n|t:|1699649194\n|switch|p1a: Toxapex|Toxapex, F|100\/100\n|move|p2a: Tangrowth|Knock Off|p1a: Toxapex\n|-damage|p1a: Toxapex|89\/100\n|-enditem|p1a: Toxapex|Heavy-Duty Boots|[from] move: Knock Off|[of] p2a: Tangrowth\n|\n|-heal|p2a: Tangrowth|84\/100|[from] Grassy Terrain\n|-heal|p1a: Toxapex|95\/100|[from] Grassy Terrain\n|upkeep\n|turn|11\n|n| gondfjgn|gondfjgn\n|\n|t:|1699649204\n|switch|p2a: Chansey|Chansey, F|100\/100\n|move|p1a: Toxapex|Scald|p2a: Chansey\n|-damage|p2a: Chansey|96\/100\n|\n|-heal|p2a: Chansey|100\/100|[from] Grassy Terrain\n|-heal|p1a: Toxapex|100\/100|[from] Grassy Terrain\n|upkeep\n|turn|12\n|\n|t:|1699649216\n|switch|p1a: Banette|Banette, F|100\/100\n|-item|p2a: Chansey|Eviolite|[from] ability: Frisk|[of] p1a: Banette|[identify]\n|move|p2a: Chansey|Seismic Toss|p1a: Banette\n|-immune|p1a: Banette\n|\n|-fieldend|move: Grassy Terrain\n|upkeep\n|turn|13\n|\n|t:|1699649224\n|move|p1a: Banette|Will-O-Wisp|p2a: Chansey\n|-status|p2a: Chansey|brn\n|move|p2a: Chansey|Toxic|p1a: Banette\n|-status|p1a: Banette|tox\n|\n|-damage|p1a: Banette|94\/100 tox|[from] psn\n|-damage|p2a: Chansey|94\/100 brn|[from] brn\n|upkeep\n|turn|14\n|\n|t:|1699649232\n|switch|p1a: Rillaboom|Rillaboom, F|90\/100\n|-fieldstart|move: Grassy Terrain|[from] ability: Grassy Surge|[of] p1a: Rillaboom\n|-curestatus|p2a: Chansey|brn|[from] ability: Natural Cure\n|switch|p2a: Tangrowth|Tangrowth, F|100\/100\n|\n|-heal|p1a: Rillaboom|96\/100|[from] Grassy Terrain\n|upkeep\n|turn|15\n|j| YJLF2\n|\n|t:|1699649241\n|move|p1a: Rillaboom|U-turn|p2a: Tangrowth\n|-supereffective|p2a: Tangrowth\n|-damage|p2a: Tangrowth|60\/100\n|\n|t:|1699649247\n|switch|p1a: Toxapex|Toxapex, F|100\/100|[from] U-turn\n|move|p2a: Tangrowth|Knock Off|p1a: Toxapex\n|-damage|p1a: Toxapex|92\/100\n|\n|-heal|p2a: Tangrowth|67\/100|[from] Grassy Terrain\n|-heal|p1a: Toxapex|98\/100|[from] Grassy Terrain\n|upkeep\n|turn|16\n|\n|t:|1699649256\n|switch|p2a: Chansey|Chansey, F|94\/100\n|move|p1a: Toxapex|Toxic|p2a: Chansey\n|-status|p2a: Chansey|tox\n|\n|-heal|p2a: Chansey|100\/100 tox|[from] Grassy Terrain\n|-heal|p1a: Toxapex|100\/100|[from] Grassy Terrain\n|-damage|p2a: Chansey|94\/100 tox|[from] psn\n|upkeep\n|turn|17\n|\n|t:|1699649265\n|-curestatus|p2a: Chansey|tox|[from] ability: Natural Cure\n|switch|p2a: Gliscor|Gliscor, M|100\/100\n|switch|p1a: Rillaboom|Rillaboom, F|96\/100\n|\n|-heal|p1a: Rillaboom|100\/100|[from] Grassy Terrain\n|-status|p2a: Gliscor|tox|[from] item: Toxic Orb\n|upkeep\n|turn|18\n|\n|t:|1699649274\n|switch|p1a: Hatterene|Hatterene, F|24\/100\n|switch|p2a: Tangrowth|Tangrowth, F|99\/100\n|\n|-heal|p2a: Tangrowth|100\/100|[from] Grassy Terrain\n|-heal|p1a: Hatterene|30\/100|[from] Grassy Terrain\n|-fieldend|move: Grassy Terrain\n|upkeep\n|turn|19\n|\n|t:|1699649283\n|switch|p1a: Heatran|Heatran, M|100\/100\n|move|p2a: Tangrowth|Giga Drain|p1a: Heatran\n|-resisted|p1a: Heatran\n|-damage|p1a: Heatran|96\/100\n|\n|-heal|p1a: Heatran|100\/100|[from] item: Leftovers\n|upkeep\n|turn|20\n|\n|t:|1699649290\n|switch|p2a: Gliscor|Gliscor, M|100\/100 tox\n|move|p1a: Heatran|Magma Storm|p2a: Gliscor\n|-damage|p2a: Gliscor|61\/100 tox\n|-activate|p2a: Gliscor|move: Magma Storm|[of] p1a: Heatran\n|\n|-heal|p2a: Gliscor|74\/100 tox|[from] ability: Poison Heal\n|-damage|p2a: Gliscor|61\/100 tox|[from] move: Magma Storm|[partiallytrapped]\n|upkeep\n|turn|21\n|\n|t:|1699649299\n|switch|p1a: Hatterene|Hatterene, F|30\/100\n|move|p2a: Gliscor|Earthquake|p1a: Hatterene\n|-damage|p1a: Hatterene|1\/100\n|\n|-heal|p2a: Gliscor|74\/100 tox|[from] ability: Poison Heal\n|-end|p2a: Gliscor|Magma Storm|[partiallytrapped]|[silent]\n|upkeep\n|turn|22\n|\n|t:|1699649306\n|switch|p1a: Rillaboom|Rillaboom, F|100\/100\n|-fieldstart|move: Grassy Terrain|[from] ability: Grassy Surge|[of] p1a: Rillaboom\n|move|p2a: Gliscor|Earthquake|p1a: Rillaboom\n|-resisted|p1a: Rillaboom\n|-damage|p1a: Rillaboom|92\/100\n|\n|-heal|p1a: Rillaboom|98\/100|[from] Grassy Terrain\n|-heal|p2a: Gliscor|86\/100 tox|[from] ability: Poison Heal\n|upkeep\n|turn|23\n|\n|t:|1699649318\n|switch|p2a: Tangrowth|Tangrowth, F|100\/100\n|move|p1a: Rillaboom|U-turn|p2a: Tangrowth\n|-supereffective|p2a: Tangrowth\n|-damage|p2a: Tangrowth|57\/100\n|\n|t:|1699649321\n|switch|p1a: Heatran|Heatran, M|100\/100|[from] U-turn\n|\n|-heal|p2a: Tangrowth|64\/100|[from] Grassy Terrain\n|upkeep\n|turn|24\n|\n|t:|1699649329\n|switch|p2a: Gliscor|Gliscor, M|86\/100 tox\n|move|p1a: Heatran|Stealth Rock|p2a: Gliscor\n|-sidestart|p2: Afogomorn|move: Stealth Rock\n|\n|-heal|p2a: Gliscor|99\/100 tox|[from] ability: Poison Heal\n|upkeep\n|turn|25\n|l| gondfjgn\n|\n|t:|1699649336\n|move|p2a: Gliscor|Defog|p1a: Heatran\n|-unboost|p1a: Heatran|evasion|1\n|-sideend|p2: Afogomorn|Stealth Rock|[from] move: Defog|[of] p2a: Gliscor\n|-fieldend|move: Grassy Terrain\n|move|p1a: Heatran|Magma Storm|p2a: Gliscor\n|-damage|p2a: Gliscor|63\/100 tox\n|-activate|p2a: Gliscor|move: Magma Storm|[of] p1a: Heatran\n|\n|-heal|p2a: Gliscor|76\/100 tox|[from] ability: Poison Heal\n|-damage|p2a: Gliscor|63\/100 tox|[from] move: Magma Storm|[partiallytrapped]\n|upkeep\n|turn|26\n|\n|t:|1699649345\n|switch|p1a: Rillaboom|Rillaboom, F|98\/100\n|-fieldstart|move: Grassy Terrain|[from] ability: Grassy Surge|[of] p1a: Rillaboom\n|move|p2a: Gliscor|Earthquake|p1a: Rillaboom\n|-resisted|p1a: Rillaboom\n|-damage|p1a: Rillaboom|90\/100\n|\n|-heal|p1a: Rillaboom|96\/100|[from] Grassy Terrain\n|-heal|p2a: Gliscor|76\/100 tox|[from] ability: Poison Heal\n|-end|p2a: Gliscor|Magma Storm|[partiallytrapped]|[silent]\n|upkeep\n|turn|27\n|\n|t:|1699649356\n|switch|p2a: Tangrowth|Tangrowth, F|97\/100\n|move|p1a: Rillaboom|Wood Hammer|p2a: Tangrowth\n|-resisted|p2a: Tangrowth\n|-damage|p2a: Tangrowth|66\/100\n|-damage|p1a: Rillaboom|83\/100|[from] Recoil\n|\n|-heal|p1a: Rillaboom|90\/100|[from] Grassy Terrain\n|-heal|p2a: Tangrowth|72\/100|[from] Grassy Terrain\n|upkeep\n|turn|28\n|\n|t:|1699649371\n|switch|p1a: Hatterene|Hatterene, F|1\/100\n|move|p2a: Tangrowth|Leech Seed|p1a: Hatterene\n|move|p1a: Hatterene|Leech Seed|p2a: Tangrowth|[from]ability: Magic Bounce\n|-immune|p2a: Tangrowth\n|\n|-heal|p2a: Tangrowth|78\/100|[from] Grassy Terrain\n|-heal|p1a: Hatterene|7\/100|[from] Grassy Terrain\n|upkeep\n|turn|29\n|\n|t:|1699649395\n|switch|p1a: Heatran|Heatran, M|100\/100\n|move|p2a: Tangrowth|Earthquake|p1a: Heatran\n|-supereffective|p1a: Heatran\n|-damage|p1a: Heatran|68\/100\n|\n|-heal|p1a: Heatran|75\/100|[from] Grassy Terrain\n|-heal|p1a: Heatran|81\/100|[from] item: Leftovers\n|-heal|p2a: Tangrowth|84\/100|[from] Grassy Terrain\n|upkeep\n|turn|30\n|\n|t:|1699649405\n|switch|p2a: Gliscor|Gliscor, M|76\/100 tox\n|move|p1a: Heatran|Magma Storm|p2a: Gliscor\n|-damage|p2a: Gliscor|38\/100 tox\n|-activate|p2a: Gliscor|move: Magma Storm|[of] p1a: Heatran\n|\n|-heal|p1a: Heatran|87\/100|[from] Grassy Terrain\n|-heal|p1a: Heatran|93\/100|[from] item: Leftovers\n|-heal|p2a: Gliscor|51\/100 tox|[from] ability: Poison Heal\n|-damage|p2a: Gliscor|38\/100 tox|[from] move: Magma Storm|[partiallytrapped]\n|-fieldend|move: Grassy Terrain\n|upkeep\n|turn|31\n|\n|t:|1699649417\n|switch|p1a: Banette|Banette, F|94\/100 tox\n|-item|p2a: Gliscor|Toxic Orb|[from] ability: Frisk|[of] p1a: Banette|[identify]\n|move|p2a: Gliscor|Roost|p2a: Gliscor\n|-heal|p2a: Gliscor|88\/100 tox\n|-singleturn|p2a: Gliscor|move: Roost\n|\n|-heal|p2a: Gliscor|100\/100 tox|[from] ability: Poison Heal\n|-damage|p1a: Banette|88\/100 tox|[from] psn\n|-end|p2a: Gliscor|Magma Storm|[partiallytrapped]|[silent]\n|upkeep\n|turn|32\n|\n|t:|1699649430\n|switch|p2a: Toxapex|Toxapex, M|100\/100\n|switch|p1a: Rillaboom|Rillaboom, F|90\/100\n|-fieldstart|move: Grassy Terrain|[from] ability: Grassy Surge|[of] p1a: Rillaboom\n|\n|-heal|p1a: Rillaboom|96\/100|[from] Grassy Terrain\n|upkeep\n|turn|33\n|\n|t:|1699649444\n|switch|p2a: Tangrowth|Tangrowth, F|100\/100\n|move|p1a: Rillaboom|U-turn|p2a: Tangrowth\n|-supereffective|p2a: Tangrowth\n|-damage|p2a: Tangrowth|56\/100\n|\n|t:|1699649446\n|switch|p1a: Hatterene|Hatterene, F|7\/100|[from] U-turn\n|\n|-heal|p2a: Tangrowth|63\/100|[from] Grassy Terrain\n|-heal|p1a: Hatterene|13\/100|[from] Grassy Terrain\n|upkeep\n|turn|34\n|\n|t:|1699649458\n|switch|p1a: Heatran|Heatran, M|93\/100\n|move|p2a: Tangrowth|Knock Off|p1a: Heatran\n|-damage|p1a: Heatran|76\/100\n|-enditem|p1a: Heatran|Leftovers|[from] move: Knock Off|[of] p2a: Tangrowth\n|\n|-heal|p1a: Heatran|83\/100|[from] Grassy Terrain\n|-heal|p2a: Tangrowth|69\/100|[from] Grassy Terrain\n|upkeep\n|turn|35\n|\n|t:|1699649467\n|switch|p2a: Toxapex|Toxapex, M|100\/100\n|move|p1a: Heatran|Stealth Rock|p2a: Toxapex\n|-sidestart|p2: Afogomorn|move: Stealth Rock\n|\n|-heal|p1a: Heatran|89\/100|[from] Grassy Terrain\n|upkeep\n|turn|36\n|\n|t:|1699649476\n|move|p1a: Heatran|Magma Storm|p2a: Toxapex\n|-resisted|p2a: Toxapex\n|-damage|p2a: Toxapex|87\/100\n|-activate|p2a: Toxapex|move: Magma Storm|[of] p1a: Heatran\n|move|p2a: Toxapex|Scald|p1a: Heatran\n|-supereffective|p1a: Heatran\n|-damage|p1a: Heatran|68\/100\n|\n|-heal|p1a: Heatran|74\/100|[from] Grassy Terrain\n|-heal|p2a: Toxapex|93\/100|[from] Grassy Terrain\n|-heal|p2a: Toxapex|99\/100|[from] item: Black Sludge\n|-damage|p2a: Toxapex|87\/100|[from] move: Magma Storm|[partiallytrapped]\n|-fieldend|move: Grassy Terrain\n|upkeep\n|turn|37\n|\n|t:|1699649488\n|move|p1a: Heatran|Earth Power|p2a: Toxapex\n|-supereffective|p2a: Toxapex\n|-damage|p2a: Toxapex|54\/100\n|move|p2a: Toxapex|Scald|p1a: Heatran\n|-supereffective|p1a: Heatran\n|-damage|p1a: Heatran|51\/100\n|\n|-heal|p2a: Toxapex|60\/100|[from] item: Black Sludge\n|-damage|p2a: Toxapex|48\/100|[from] move: Magma Storm|[partiallytrapped]\n|upkeep\n|turn|38\n|\n|t:|1699649497\n|move|p1a: Heatran|Earth Power|p2a: Toxapex\n|-supereffective|p2a: Toxapex\n|-damage|p2a: Toxapex|13\/100\n|move|p2a: Toxapex|Recover|p2a: Toxapex\n|-heal|p2a: Toxapex|63\/100\n|\n|-heal|p2a: Toxapex|69\/100|[from] item: Black Sludge\n|-damage|p2a: Toxapex|56\/100|[from] move: Magma Storm|[partiallytrapped]\n|upkeep\n|turn|39\n|\n|t:|1699649505\n|switch|p1a: Hatterene|Hatterene, F|13\/100\n|move|p2a: Toxapex|Recover|p2a: Toxapex\n|-heal|p2a: Toxapex|100\/100\n|\n|-end|p2a: Toxapex|Magma Storm|[partiallytrapped]|[silent]\n|upkeep\n|turn|40\n|\n|t:|1699649512\n|switch|p2a: Gliscor|Gliscor, M|100\/100 tox\n|-damage|p2a: Gliscor|88\/100 tox|[from] Stealth Rock\n|move|p1a: Hatterene|Psyshock|p2a: Gliscor\n|-damage|p2a: Gliscor|59\/100 tox\n|\n|-heal|p2a: Gliscor|71\/100 tox|[from] ability: Poison Heal\n|upkeep\n|turn|41\n|j| gondfjgn\n|c| gondfjgn|ez\n|\n|t:|1699649533\n|move|p2a: Gliscor|Toxic|p1a: Hatterene\n|move|p1a: Hatterene|Toxic|p2a: Gliscor|[from]ability: Magic Bounce\n|-fail|p2a: Gliscor|tox\n|move|p1a: Hatterene|Draining Kiss|p2a: Gliscor\n|-damage|p2a: Gliscor|52\/100 tox\n|-heal|p1a: Hatterene|30\/100|[from] drain|[of] p2a: Gliscor\n|\n|-heal|p2a: Gliscor|64\/100 tox|[from] ability: Poison Heal\n|upkeep\n|turn|42\n|c| gondfjgn|you are locked\n|c| gondfjgn|dislike harder is toxic\n|\n|t:|1699649543\n|move|p2a: Gliscor|Earthquake|p1a: Hatterene\n|-crit|p1a: Hatterene\n|-damage|p1a: Hatterene|0 fnt\n|faint|p1a: Hatterene\n|\n|-heal|p2a: Gliscor|76\/100 tox|[from] ability: Poison Heal\n|upkeep\n|\n|t:|1699649549\n|switch|p1a: Rillaboom|Rillaboom, F|96\/100\n|-fieldstart|move: Grassy Terrain|[from] ability: Grassy Surge|[of] p1a: Rillaboom\n|turn|43\n|c| gondfjgn|i hope you win afogomorn\n|\n|t:|1699649563\n|switch|p2a: Tangrowth|Tangrowth, F|100\/100\n|-damage|p2a: Tangrowth|88\/100|[from] Stealth Rock\n|move|p1a: Rillaboom|Wood Hammer|p2a: Tangrowth\n|-resisted|p2a: Tangrowth\n|-damage|p2a: Tangrowth|53\/100\n|-damage|p1a: Rillaboom|82\/100|[from] Recoil\n|\n|-heal|p1a: Rillaboom|88\/100|[from] Grassy Terrain\n|-heal|p2a: Tangrowth|59\/100|[from] Grassy Terrain\n|upkeep\n|turn|44\n|\n|t:|1699649573\n|move|p1a: Rillaboom|Wood Hammer|p2a: Tangrowth\n|-resisted|p2a: Tangrowth\n|-damage|p2a: Tangrowth|24\/100\n|-damage|p1a: Rillaboom|74\/100|[from] Recoil\n|move|p2a: Tangrowth|Knock Off|p1a: Rillaboom\n|-damage|p1a: Rillaboom|53\/100\n|-enditem|p1a: Rillaboom|Choice Band|[from] move: Knock Off|[of] p2a: Tangrowth\n|\n|-heal|p1a: Rillaboom|59\/100|[from] Grassy Terrain\n|-heal|p2a: Tangrowth|30\/100|[from] Grassy Terrain\n|upkeep\n|turn|45\n|c| gondfjgn|dont let this racist win\n|\n|t:|1699649584\n|move|p1a: Rillaboom|Knock Off|p2a: Tangrowth\n|-damage|p2a: Tangrowth|18\/100\n|move|p2a: Tangrowth|Giga Drain|p1a: Rillaboom\n|-resisted|p1a: Rillaboom\n|-damage|p1a: Rillaboom|35\/100\n|-heal|p2a: Tangrowth|28\/100|[from] drain|[of] p1a: Rillaboom\n|\n|-heal|p1a: Rillaboom|41\/100|[from] Grassy Terrain\n|-heal|p2a: Tangrowth|34\/100|[from] Grassy Terrain\n|upkeep\n|turn|46\n|\n|t:|1699649593\n|move|p1a: Rillaboom|U-turn|p2a: Tangrowth\n|-supereffective|p2a: Tangrowth\n|-damage|p2a: Tangrowth|7\/100\n|\n|t:|1699649596\n|switch|p1a: Corviknight|Corviknight, M|100\/100|[from] U-turn\n|-ability|p1a: Corviknight|Pressure\n|move|p2a: Tangrowth|Giga Drain|p1a: Corviknight\n|-resisted|p1a: Corviknight\n|-damage|p1a: Corviknight|92\/100\n|-heal|p2a: Tangrowth|11\/100|[from] drain|[of] p1a: Corviknight\n|\n|-heal|p1a: Corviknight|98\/100|[from] item: Leftovers\n|-heal|p2a: Tangrowth|18\/100|[from] Grassy Terrain\n|upkeep\n|turn|47\n|\n|t:|1699649607\n|switch|p2a: Gliscor|Gliscor, M|76\/100 tox\n|-damage|p2a: Gliscor|64\/100 tox|[from] Stealth Rock\n|move|p1a: Corviknight|U-turn|p2a: Gliscor\n|-resisted|p2a: Gliscor\n|-damage|p2a: Gliscor|59\/100 tox\n|\n|t:|1699649610\n|switch|p1a: Rillaboom|Rillaboom, F|41\/100|[from] U-turn\n|\n|-heal|p1a: Rillaboom|47\/100|[from] Grassy Terrain\n|-heal|p2a: Gliscor|71\/100 tox|[from] ability: Poison Heal\n|-fieldend|move: Grassy Terrain\n|upkeep\n|turn|48\n|\n|t:|1699649621\n|move|p1a: Rillaboom|U-turn|p2a: Gliscor\n|-resisted|p2a: Gliscor\n|-damage|p2a: Gliscor|61\/100 tox\n|\n|t:|1699649624\n|switch|p1a: Corviknight|Corviknight, M|98\/100|[from] U-turn\n|-ability|p1a: Corviknight|Pressure\n|move|p2a: Gliscor|Toxic|p1a: Corviknight\n|-immune|p1a: Corviknight\n|\n|-heal|p1a: Corviknight|100\/100|[from] item: Leftovers\n|-heal|p2a: Gliscor|73\/100 tox|[from] ability: Poison Heal\n|upkeep\n|turn|49\n|\n|t:|1699649633\n|move|p2a: Gliscor|Defog|p1a: Corviknight\n|-unboost|p1a: Corviknight|evasion|1\n|-sideend|p2: Afogomorn|Stealth Rock|[from] move: Defog|[of] p2a: Gliscor\n|move|p1a: Corviknight|U-turn|p2a: Gliscor\n|-resisted|p2a: Gliscor\n|-damage|p2a: Gliscor|67\/100 tox\n|\n|t:|1699649640\n|switch|p1a: Rillaboom|Rillaboom, F|47\/100|[from] U-turn\n|-fieldstart|move: Grassy Terrain|[from] ability: Grassy Surge|[of] p1a: Rillaboom\n|\n|-heal|p1a: Rillaboom|54\/100|[from] Grassy Terrain\n|-heal|p2a: Gliscor|80\/100 tox|[from] ability: Poison Heal\n|upkeep\n|turn|50\n|\n|t:|1699649648\n|switch|p2a: Tangrowth|Tangrowth, F|51\/100\n|move|p1a: Rillaboom|U-turn|p2a: Tangrowth\n|-supereffective|p2a: Tangrowth\n|-damage|p2a: Tangrowth|22\/100\n|\n|t:|1699649653\n|switch|p1a: Heatran|Heatran, M|51\/100|[from] U-turn\n|\n|-heal|p1a: Heatran|57\/100|[from] Grassy Terrain\n|-heal|p2a: Tangrowth|28\/100|[from] Grassy Terrain\n|upkeep\n|turn|51\n|\n|t:|1699649666\n|switch|p2a: Gliscor|Gliscor, M|80\/100 tox\n|move|p1a: Heatran|Magma Storm|p2a: Gliscor\n|-damage|p2a: Gliscor|42\/100 tox\n|-activate|p2a: Gliscor|move: Magma Storm|[of] p1a: Heatran\n|\n|-heal|p1a: Heatran|63\/100|[from] Grassy Terrain\n|-heal|p2a: Gliscor|55\/100 tox|[from] ability: Poison Heal\n|-damage|p2a: Gliscor|42\/100 tox|[from] move: Magma Storm|[partiallytrapped]\n|upkeep\n|turn|52\n|\n|t:|1699649676\n|move|p2a: Gliscor|Roost|p2a: Gliscor\n|-heal|p2a: Gliscor|92\/100 tox\n|-singleturn|p2a: Gliscor|move: Roost\n|move|p1a: Heatran|Stealth Rock|p2a: Gliscor\n|-sidestart|p2: Afogomorn|move: Stealth Rock\n|\n|-heal|p2a: Gliscor|99\/100 tox|[from] Grassy Terrain\n|-heal|p1a: Heatran|70\/100|[from] Grassy Terrain\n|-heal|p2a: Gliscor|100\/100 tox|[from] ability: Poison Heal\n|-damage|p2a: Gliscor|88\/100 tox|[from] move: Magma Storm|[partiallytrapped]\n|upkeep\n|turn|53\n|\n|t:|1699649686\n|switch|p1a: Corviknight|Corviknight, M|100\/100\n|-ability|p1a: Corviknight|Pressure\n|move|p2a: Gliscor|Defog|p1a: Corviknight\n|-unboost|p1a: Corviknight|evasion|1\n|-sideend|p2: Afogomorn|Stealth Rock|[from] move: Defog|[of] p2a: Gliscor\n|-fieldend|move: Grassy Terrain\n|\n|-heal|p2a: Gliscor|100\/100 tox|[from] ability: Poison Heal\n|-end|p2a: Gliscor|Magma Storm|[partiallytrapped]|[silent]\n|upkeep\n|turn|54\n|\n|t:|1699649698\n|switch|p2a: Chansey|Chansey, F|94\/100\n|move|p1a: Corviknight|U-turn|p2a: Chansey\n|-damage|p2a: Chansey|85\/100\n|\n|t:|1699649701\n|switch|p1a: Rillaboom|Rillaboom, F|54\/100|[from] U-turn\n|-fieldstart|move: Grassy Terrain|[from] ability: Grassy Surge|[of] p1a: Rillaboom\n|\n|-heal|p1a: Rillaboom|60\/100|[from] Grassy Terrain\n|-heal|p2a: Chansey|91\/100|[from] Grassy Terrain\n|upkeep\n|turn|55\n|\n|t:|1699649709\n|switch|p2a: Tangrowth|Tangrowth, F|61\/100\n|move|p1a: Rillaboom|Knock Off|p2a: Tangrowth\n|-damage|p2a: Tangrowth|48\/100\n|\n|-heal|p1a: Rillaboom|66\/100|[from] Grassy Terrain\n|-heal|p2a: Tangrowth|54\/100|[from] Grassy Terrain\n|upkeep\n|turn|56\n|\n|t:|1699649717\n|move|p1a: Rillaboom|U-turn|p2a: Tangrowth\n|-supereffective|p2a: Tangrowth\n|-damage|p2a: Tangrowth|25\/100\n|\n|t:|1699649722\n|switch|p1a: Heatran|Heatran, M|70\/100|[from] U-turn\n|move|p2a: Tangrowth|Knock Off|p1a: Heatran\n|-damage|p1a: Heatran|59\/100\n|\n|-heal|p1a: Heatran|65\/100|[from] Grassy Terrain\n|-heal|p2a: Tangrowth|32\/100|[from] Grassy Terrain\n|upkeep\n|turn|57\n|\n|t:|1699649731\n|switch|p2a: Toxapex|Toxapex, M|100\/100\n|move|p1a: Heatran|Stealth Rock|p2a: Toxapex\n|-sidestart|p2: Afogomorn|move: Stealth Rock\n|\n|-heal|p1a: Heatran|71\/100|[from] Grassy Terrain\n|upkeep\n|turn|58\n|\n|t:|1699649739\n|move|p1a: Heatran|Earth Power|p2a: Toxapex\n|-supereffective|p2a: Toxapex\n|-damage|p2a: Toxapex|67\/100\n|move|p2a: Toxapex|Scald|p1a: Heatran\n|-supereffective|p1a: Heatran\n|-damage|p1a: Heatran|48\/100\n|\n|-heal|p1a: Heatran|54\/100|[from] Grassy Terrain\n|-heal|p2a: Toxapex|73\/100|[from] Grassy Terrain\n|-heal|p2a: Toxapex|79\/100|[from] item: Black Sludge\n|-fieldend|move: Grassy Terrain\n|upkeep\n|turn|59\n|\n|t:|1699649750\n|switch|p1a: Toxapex|Toxapex, F|100\/100\n|move|p2a: Toxapex|Scald|p1a: Toxapex\n|-resisted|p1a: Toxapex\n|-damage|p1a: Toxapex|94\/100\n|\n|-heal|p2a: Toxapex|86\/100|[from] item: Black Sludge\n|upkeep\n|turn|60\n|\n|t:|1699649757\n|move|p2a: Toxapex|Scald|p1a: Toxapex\n|-resisted|p1a: Toxapex\n|-damage|p1a: Toxapex|87\/100\n|-status|p1a: Toxapex|brn\n|move|p1a: Toxapex|Scald|p2a: Toxapex\n|-resisted|p2a: Toxapex\n|-damage|p2a: Toxapex|80\/100\n|\n|-heal|p2a: Toxapex|86\/100|[from] item: Black Sludge\n|-damage|p1a: Toxapex|81\/100 brn|[from] brn\n|upkeep\n|turn|61\n|\n|t:|1699649769\n|switch|p2a: Gliscor|Gliscor, M|100\/100 tox\n|-damage|p2a: Gliscor|88\/100 tox|[from] Stealth Rock\n|move|p1a: Toxapex|Scald|p2a: Gliscor\n|-supereffective|p2a: Gliscor\n|-damage|p2a: Gliscor|63\/100 tox\n|\n|-heal|p2a: Gliscor|75\/100 tox|[from] ability: Poison Heal\n|-damage|p1a: Toxapex|75\/100 brn|[from] brn\n|upkeep\n|turn|62\n|\n|t:|1699649779\n|switch|p1a: Rillaboom|Rillaboom, F|66\/100\n|-fieldstart|move: Grassy Terrain|[from] ability: Grassy Surge|[of] p1a: Rillaboom\n|move|p2a: Gliscor|Defog|p1a: Rillaboom\n|-unboost|p1a: Rillaboom|evasion|1\n|-sideend|p2: Afogomorn|Stealth Rock|[from] move: Defog|[of] p2a: Gliscor\n|-fieldend|move: Grassy Terrain\n|\n|-heal|p2a: Gliscor|88\/100 tox|[from] ability: Poison Heal\n|upkeep\n|turn|63\n|\n|t:|1699649790\n|move|p1a: Rillaboom|U-turn|p2a: Gliscor\n|-resisted|p2a: Gliscor\n|-damage|p2a: Gliscor|77\/100 tox\n|\n|t:|1699649793\n|switch|p1a: Corviknight|Corviknight, M|100\/100|[from] U-turn\n|-ability|p1a: Corviknight|Pressure\n|move|p2a: Gliscor|Toxic|p1a: Corviknight\n|-immune|p1a: Corviknight\n|\n|-heal|p2a: Gliscor|89\/100 tox|[from] ability: Poison Heal\n|upkeep\n|turn|64\n|\n|t:|1699649803\n|switch|p2a: Chansey|Chansey, F|91\/100\n|move|p1a: Corviknight|Brave Bird|p2a: Chansey\n|-damage|p2a: Chansey|67\/100\n|-damage|p1a: Corviknight|88\/100|[from] Recoil\n|\n|-heal|p1a: Corviknight|94\/100|[from] item: Leftovers\n|upkeep\n|turn|65\n|\n|t:|1699649816\n|move|p1a: Corviknight|Brave Bird|p2a: Chansey\n|-damage|p2a: Chansey|43\/100\n|-damage|p1a: Corviknight|81\/100|[from] Recoil\n|move|p2a: Chansey|Stealth Rock|p1a: Corviknight\n|-sidestart|p1: Dislike Harder|move: Stealth Rock\n|\n|-heal|p1a: Corviknight|87\/100|[from] item: Leftovers\n|upkeep\n|turn|66\n|\n|t:|1699649824\n|move|p1a: Corviknight|Defog|p2a: Chansey\n|-unboost|p2a: Chansey|evasion|1\n|-sideend|p1: Dislike Harder|Stealth Rock|[from] move: Defog|[of] p1a: Corviknight\n|move|p2a: Chansey|Soft-Boiled|p2a: Chansey\n|-heal|p2a: Chansey|93\/100\n|\n|-heal|p1a: Corviknight|94\/100|[from] item: Leftovers\n|upkeep\n|turn|67\n|\n|t:|1699649833\n|switch|p2a: Gliscor|Gliscor, M|89\/100 tox\n|move|p1a: Corviknight|U-turn|p2a: Gliscor\n|-resisted|p2a: Gliscor\n|-damage|p2a: Gliscor|84\/100 tox\n|\n|t:|1699649835\n|switch|p1a: Rillaboom|Rillaboom, F|66\/100|[from] U-turn\n|-fieldstart|move: Grassy Terrain|[from] ability: Grassy Surge|[of] p1a: Rillaboom\n|\n|-heal|p1a: Rillaboom|72\/100|[from] Grassy Terrain\n|-heal|p2a: Gliscor|96\/100 tox|[from] ability: Poison Heal\n|upkeep\n|turn|68\n|\n|t:|1699649845\n|-terastallize|p1a: Rillaboom|Grass\n|move|p1a: Rillaboom|Wood Hammer|p2a: Gliscor\n|-damage|p2a: Gliscor|12\/100 tox\n|-damage|p1a: Rillaboom|43\/100|[from] Recoil\n|move|p2a: Gliscor|Toxic|p1a: Rillaboom\n|-status|p1a: Rillaboom|tox\n|\n|-heal|p1a: Rillaboom|49\/100 tox|[from] Grassy Terrain\n|-damage|p1a: Rillaboom|43\/100 tox|[from] psn\n|-heal|p2a: Gliscor|24\/100 tox|[from] ability: Poison Heal\n|upkeep\n|turn|69\n|\n|t:|1699649858\n|switch|p2a: Tangrowth|Tangrowth, F|65\/100\n|move|p1a: Rillaboom|Grassy Glide|p2a: Tangrowth\n|-resisted|p2a: Tangrowth\n|-damage|p2a: Tangrowth|52\/100\n|\n|-heal|p1a: Rillaboom|49\/100 tox|[from] Grassy Terrain\n|-heal|p2a: Tangrowth|58\/100|[from] Grassy Terrain\n|-damage|p1a: Rillaboom|37\/100 tox|[from] psn\n|upkeep\n|turn|70\n|\n|t:|1699649870\n|move|p1a: Rillaboom|U-turn|p2a: Tangrowth\n|-supereffective|p2a: Tangrowth\n|-damage|p2a: Tangrowth|30\/100\n|\n|t:|1699649873\n|switch|p1a: Corviknight|Corviknight, M|94\/100|[from] U-turn\n|-ability|p1a: Corviknight|Pressure\n|move|p2a: Tangrowth|Earthquake|p1a: Corviknight\n|-immune|p1a: Corviknight\n|\n|-heal|p1a: Corviknight|99\/100|[from] item: Leftovers\n|-heal|p2a: Tangrowth|36\/100|[from] Grassy Terrain\n|upkeep\n|turn|71\n|\n|t:|1699649889\n|switch|p2a: Toxapex|Toxapex, M|100\/100\n|move|p1a: Corviknight|U-turn|p2a: Toxapex\n|-resisted|p2a: Toxapex\n|-damage|p2a: Toxapex|95\/100\n|\n|t:|1699649893\n|switch|p1a: Banette|Banette, F|88\/100 tox|[from] U-turn\n|-item|p2a: Toxapex|Black Sludge|[from] ability: Frisk|[of] p1a: Banette|[identify]\n|\n|-heal|p1a: Banette|94\/100 tox|[from] Grassy Terrain\n|-heal|p2a: Toxapex|100\/100|[from] Grassy Terrain\n|-damage|p1a: Banette|88\/100 tox|[from] psn\n|-fieldend|move: Grassy Terrain\n|upkeep\n|turn|72\n|\n|t:|1699649902\n|switch|p2a: Gliscor|Gliscor, M|24\/100 tox\n|detailschange|p1a: Banette|Banette-Mega, F\n|-mega|p1a: Banette|Banette|Banettite\n|move|p1a: Banette|Will-O-Wisp|p2a: Gliscor|[miss]\n|-miss|p1a: Banette|p2a: Gliscor\n|\n|-heal|p2a: Gliscor|37\/100 tox|[from] ability: Poison Heal\n|-damage|p1a: Banette|76\/100 tox|[from] psn\n|upkeep\n|turn|73\n|\n|t:|1699649913\n|move|p2a: Gliscor|Roost|p2a: Gliscor\n|-heal|p2a: Gliscor|87\/100 tox\n|-singleturn|p2a: Gliscor|move: Roost\n|move|p1a: Banette|Poltergeist|p2a: Gliscor\n|-activate|p2a: Gliscor|move: Poltergeist|Toxic Orb\n|-crit|p2a: Gliscor\n|-damage|p2a: Gliscor|0 fnt\n|faint|p2a: Gliscor\n|\n|-damage|p1a: Banette|58\/100 tox|[from] psn\n|upkeep\n|\n|t:|1699649924\n|switch|p2a: Tangrowth|Tangrowth, F|69\/100\n|turn|74\n|\n|t:|1699649930\n|switch|p1a: Corviknight|Corviknight, M|99\/100\n|-ability|p1a: Corviknight|Pressure\n|move|p2a: Tangrowth|Knock Off|p1a: Corviknight\n|-damage|p1a: Corviknight|89\/100\n|-enditem|p1a: Corviknight|Leftovers|[from] move: Knock Off|[of] p2a: Tangrowth\n|\n|upkeep\n|turn|75\n|\n|t:|1699649939\n|switch|p2a: Toxapex|Toxapex, M|100\/100\n|move|p1a: Corviknight|U-turn|p2a: Toxapex\n|-resisted|p2a: Toxapex\n|-damage|p2a: Toxapex|94\/100\n|\n|t:|1699649941\n|switch|p1a: Banette|Banette-Mega, F|58\/100 tox|[from] U-turn\n|\n|-heal|p2a: Toxapex|100\/100|[from] item: Black Sludge\n|-damage|p1a: Banette|52\/100 tox|[from] psn\n|upkeep\n|turn|76\n|\n|t:|1699649949\n|switch|p2a: Chansey|Chansey, F|93\/100\n|move|p1a: Banette|Poltergeist|p2a: Chansey\n|-immune|p2a: Chansey\n|\n|-damage|p1a: Banette|40\/100 tox|[from] psn\n|upkeep\n|turn|77\n|\n|t:|1699649958\n|switch|p1a: Rillaboom|Rillaboom, F, tera:Grass|37\/100 tox\n|-fieldstart|move: Grassy Terrain|[from] ability: Grassy Surge|[of] p1a: Rillaboom\n|move|p2a: Chansey|Stealth Rock|p1a: Rillaboom\n|-sidestart|p1: Dislike Harder|move: Stealth Rock\n|\n|-heal|p1a: Rillaboom|43\/100 tox|[from] Grassy Terrain\n|-heal|p2a: Chansey|99\/100|[from] Grassy Terrain\n|-damage|p1a: Rillaboom|37\/100 tox|[from] psn\n|upkeep\n|turn|78\n|\n|t:|1699649968\n|switch|p2a: Tangrowth|Tangrowth, F|100\/100\n|move|p1a: Rillaboom|Knock Off|p2a: Tangrowth\n|-damage|p2a: Tangrowth|87\/100\n|\n|-heal|p1a: Rillaboom|43\/100 tox|[from] Grassy Terrain\n|-heal|p2a: Tangrowth|93\/100|[from] Grassy Terrain\n|-damage|p1a: Rillaboom|31\/100 tox|[from] psn\n|upkeep\n|turn|79\n|\n|t:|1699649978\n|switch|p2a: Sableye|Sableye-Mega, F|88\/100 brn\n|move|p1a: Rillaboom|U-turn|p2a: Sableye\n|-damage|p2a: Sableye|69\/100 brn\n|\n|t:|1699649983\n|switch|p1a: Heatran|Heatran, M|54\/100|[from] U-turn\n|-damage|p1a: Heatran|42\/100|[from] Stealth Rock\n|\n|-heal|p1a: Heatran|48\/100|[from] Grassy Terrain\n|-heal|p2a: Sableye|75\/100 brn|[from] Grassy Terrain\n|-damage|p2a: Sableye|69\/100 brn|[from] brn\n|upkeep\n|turn|80\n|\n|t:|1699649993\n|move|p2a: Sableye|Protect|p2a: Sableye\n|-singleturn|p2a: Sableye|Protect\n|move|p1a: Heatran|Magma Storm|p2a: Sableye\n|-activate|p2a: Sableye|move: Protect\n|\n|-heal|p1a: Heatran|54\/100|[from] Grassy Terrain\n|-heal|p2a: Sableye|75\/100 brn|[from] Grassy Terrain\n|-damage|p2a: Sableye|69\/100 brn|[from] brn\n|upkeep\n|turn|81\n|\n|t:|1699650003\n|switch|p2a: Toxapex|Toxapex, M|100\/100\n|move|p1a: Heatran|Magma Storm|p2a: Toxapex\n|-resisted|p2a: Toxapex\n|-damage|p2a: Toxapex|87\/100\n|-activate|p2a: Toxapex|move: Magma Storm|[of] p1a: Heatran\n|\n|-heal|p1a: Heatran|60\/100|[from] Grassy Terrain\n|-heal|p2a: Toxapex|93\/100|[from] Grassy Terrain\n|-heal|p2a: Toxapex|99\/100|[from] item: Black Sludge\n|-damage|p2a: Toxapex|87\/100|[from] move: Magma Storm|[partiallytrapped]\n|-fieldend|move: Grassy Terrain\n|upkeep\n|turn|82\n|\n|t:|1699650015\n|move|p1a: Heatran|Stealth Rock|p2a: Toxapex\n|-sidestart|p2: Afogomorn|move: Stealth Rock\n|move|p2a: Toxapex|Scald|p1a: Heatran\n|-supereffective|p1a: Heatran\n|-damage|p1a: Heatran|38\/100\n|\n|-heal|p2a: Toxapex|93\/100|[from] item: Black Sludge\n|-damage|p2a: Toxapex|80\/100|[from] move: Magma Storm|[partiallytrapped]\n|upkeep\n|turn|83\n|\n|t:|1699650023\n|switch|p1a: Corviknight|Corviknight, M|89\/100\n|-damage|p1a: Corviknight|76\/100|[from] Stealth Rock\n|-ability|p1a: Corviknight|Pressure\n|move|p2a: Toxapex|Scald|p1a: Corviknight\n|-damage|p1a: Corviknight|61\/100\n|\n|-heal|p2a: Toxapex|87\/100|[from] item: Black Sludge\n|-end|p2a: Toxapex|Magma Storm|[partiallytrapped]|[silent]\n|upkeep\n|turn|84\n|j| elvisma\n|\n|t:|1699650032\n|move|p1a: Corviknight|Roost|p1a: Corviknight\n|-heal|p1a: Corviknight|100\/100\n|-singleturn|p1a: Corviknight|move: Roost\n|move|p2a: Toxapex|Scald|p1a: Corviknight\n|-damage|p1a: Corviknight|85\/100\n|-status|p1a: Corviknight|brn\n|\n|-heal|p2a: Toxapex|93\/100|[from] item: Black Sludge\n|-damage|p1a: Corviknight|79\/100 brn|[from] brn\n|upkeep\n|turn|85\n|j| Aziz Le Bledart\n|\n|t:|1699650042\n|move|p1a: Corviknight|Defog|p2a: Toxapex\n|-unboost|p2a: Toxapex|evasion|1\n|-sideend|p2: Afogomorn|Stealth Rock|[from] move: Defog|[of] p1a: Corviknight\n|-sideend|p1: Dislike Harder|Stealth Rock|[from] move: Defog|[of] p1a: Corviknight\n|move|p2a: Toxapex|Scald|p1a: Corviknight\n|-damage|p1a: Corviknight|63\/100 brn\n|\n|-heal|p2a: Toxapex|99\/100|[from] item: Black Sludge\n|-damage|p1a: Corviknight|57\/100 brn|[from] brn\n|upkeep\n|turn|86\n|l| Aziz Le Bledart\n|\n|t:|1699650053\n|move|p1a: Corviknight|Roost|p1a: Corviknight\n|-heal|p1a: Corviknight|100\/100 brn\n|-singleturn|p1a: Corviknight|move: Roost\n|move|p2a: Toxapex|Scald|p1a: Corviknight\n|-damage|p1a: Corviknight|83\/100 brn\n|\n|-heal|p2a: Toxapex|100\/100|[from] item: Black Sludge\n|-damage|p1a: Corviknight|77\/100 brn|[from] brn\n|upkeep\n|turn|87\n|\n|t:|1699650064\n|move|p1a: Corviknight|Brave Bird|p2a: Toxapex\n|-damage|p2a: Toxapex|87\/100\n|-damage|p1a: Corviknight|73\/100 brn|[from] Recoil\n|move|p2a: Toxapex|Scald|p1a: Corviknight\n|-damage|p1a: Corviknight|56\/100 brn\n|\n|-heal|p2a: Toxapex|93\/100|[from] item: Black Sludge\n|-damage|p1a: Corviknight|49\/100 brn|[from] brn\n|upkeep\n|turn|88\n|\n|t:|1699650073\n|move|p1a: Corviknight|Roost|p1a: Corviknight\n|-heal|p1a: Corviknight|99\/100 brn\n|-singleturn|p1a: Corviknight|move: Roost\n|move|p2a: Toxapex|Scald|p1a: Corviknight\n|-damage|p1a: Corviknight|83\/100 brn\n|\n|-heal|p2a: Toxapex|99\/100|[from] item: Black Sludge\n|-damage|p1a: Corviknight|77\/100 brn|[from] brn\n|upkeep\n|turn|89\n|\n|t:|1699650083\n|switch|p2a: Chansey|Chansey, F|99\/100\n|move|p1a: Corviknight|Brave Bird|p2a: Chansey\n|-damage|p2a: Chansey|87\/100\n|-damage|p1a: Corviknight|70\/100 brn|[from] Recoil\n|\n|-damage|p1a: Corviknight|64\/100 brn|[from] brn\n|upkeep\n|turn|90\n|\n|t:|1699650091\n|move|p1a: Corviknight|U-turn|p2a: Chansey\n|-damage|p2a: Chansey|82\/100\n|\n|t:|1699650093\n|switch|p1a: Rillaboom|Rillaboom, F, tera:Grass|31\/100 tox|[from] U-turn\n|-fieldstart|move: Grassy Terrain|[from] ability: Grassy Surge|[of] p1a: Rillaboom\n|move|p2a: Chansey|Soft-Boiled|p2a: Chansey\n|-heal|p2a: Chansey|100\/100\n|\n|-heal|p1a: Rillaboom|37\/100 tox|[from] Grassy Terrain\n|-damage|p1a: Rillaboom|31\/100 tox|[from] psn\n|upkeep\n|turn|91\n|j| Culamen\n|\n|t:|1699650105\n|move|p1a: Rillaboom|U-turn|p2a: Chansey\n|-damage|p2a: Chansey|84\/100\n|\n|t:|1699650108\n|switch|p1a: Heatran|Heatran, M|38\/100|[from] U-turn\n|move|p2a: Chansey|Seismic Toss|p1a: Heatran\n|-damage|p1a: Heatran|12\/100\n|\n|-heal|p1a: Heatran|18\/100|[from] Grassy Terrain\n|-heal|p2a: Chansey|90\/100|[from] Grassy Terrain\n|upkeep\n|turn|92\n|\n|t:|1699650116\n|move|p1a: Heatran|Stealth Rock|p2a: Chansey\n|-sidestart|p2: Afogomorn|move: Stealth Rock\n|move|p2a: Chansey|Seismic Toss|p1a: Heatran\n|-damage|p1a: Heatran|0 fnt\n|faint|p1a: Heatran\n|\n|-heal|p2a: Chansey|96\/100|[from] Grassy Terrain\n|upkeep\n|\n|t:|1699650120\n|switch|p1a: Rillaboom|Rillaboom, F, tera:Grass|31\/100 tox\n|turn|93\n|\n|t:|1699650125\n|switch|p2a: Tangrowth|Tangrowth, F|100\/100\n|-damage|p2a: Tangrowth|88\/100|[from] Stealth Rock\n|move|p1a: Rillaboom|Wood Hammer|p2a: Tangrowth\n|-resisted|p2a: Tangrowth\n|-damage|p2a: Tangrowth|57\/100\n|-damage|p1a: Rillaboom|19\/100 tox|[from] Recoil\n|\n|-heal|p1a: Rillaboom|25\/100 tox|[from] Grassy Terrain\n|-heal|p2a: Tangrowth|63\/100|[from] Grassy Terrain\n|-damage|p1a: Rillaboom|19\/100 tox|[from] psn\n|upkeep\n|turn|94\n|l| Culamen\n|\n|t:|1699650137\n|move|p1a: Rillaboom|U-turn|p2a: Tangrowth\n|-supereffective|p2a: Tangrowth\n|-damage|p2a: Tangrowth|38\/100\n|\n|t:|1699650139\n|switch|p1a: Corviknight|Corviknight, M|64\/100 brn|[from] U-turn\n|-ability|p1a: Corviknight|Pressure\n|move|p2a: Tangrowth|Knock Off|p1a: Corviknight\n|-damage|p1a: Corviknight|56\/100 brn\n|\n|-heal|p2a: Tangrowth|44\/100|[from] Grassy Terrain\n|-damage|p1a: Corviknight|49\/100 brn|[from] brn\n|-fieldend|move: Grassy Terrain\n|upkeep\n|turn|95\n|\n|t:|1699650149\n|switch|p2a: Chansey|Chansey, F|96\/100\n|-damage|p2a: Chansey|84\/100|[from] Stealth Rock\n|move|p1a: Corviknight|Roost|p1a: Corviknight\n|-heal|p1a: Corviknight|99\/100 brn\n|-singleturn|p1a: Corviknight|move: Roost\n|\n|-damage|p1a: Corviknight|93\/100 brn|[from] brn\n|upkeep\n|turn|96\n|\n|t:|1699650158\n|move|p1a: Corviknight|Defog|p2a: Chansey\n|-unboost|p2a: Chansey|evasion|1\n|-sideend|p2: Afogomorn|Stealth Rock|[from] move: Defog|[of] p1a: Corviknight\n|move|p2a: Chansey|Stealth Rock|p1a: Corviknight\n|-sidestart|p1: Dislike Harder|move: Stealth Rock\n|\n|-damage|p1a: Corviknight|87\/100 brn|[from] brn\n|upkeep\n|turn|97\n|\n|t:|1699650165\n|move|p1a: Corviknight|Defog|p2a: Chansey\n|-unboost|p2a: Chansey|evasion|1\n|-sideend|p1: Dislike Harder|Stealth Rock|[from] move: Defog|[of] p1a: Corviknight\n|move|p2a: Chansey|Seismic Toss|p1a: Corviknight\n|-damage|p1a: Corviknight|62\/100 brn\n|\n|-damage|p1a: Corviknight|56\/100 brn|[from] brn\n|upkeep\n|turn|98\n|\n|t:|1699650173\n|move|p1a: Corviknight|U-turn|p2a: Chansey\n|-damage|p2a: Chansey|79\/100\n|\n|t:|1699650175\n|switch|p1a: Toxapex|Toxapex, F|100\/100 brn|[from] U-turn\n|move|p2a: Chansey|Seismic Toss|p1a: Toxapex\n|-damage|p1a: Toxapex|67\/100 brn\n|\n|-damage|p1a: Toxapex|62\/100 brn|[from] brn\n|upkeep\n|turn|99\n|\n|t:|1699650182\n|move|p2a: Chansey|Stealth Rock|p1a: Toxapex\n|-sidestart|p1: Dislike Harder|move: Stealth Rock\n|move|p1a: Toxapex|Recover|p1a: Toxapex\n|-heal|p1a: Toxapex|100\/100 brn\n|\n|-damage|p1a: Toxapex|95\/100 brn|[from] brn\n|upkeep\n|turn|100\n|\n|t:|1699650188\n|move|p2a: Chansey|Seismic Toss|p1a: Toxapex\n|-damage|p1a: Toxapex|62\/100 brn\n|move|p1a: Toxapex|Toxic|p2a: Chansey\n|-status|p2a: Chansey|tox\n|\n|-damage|p2a: Chansey|72\/100 tox|[from] psn\n|-damage|p1a: Toxapex|56\/100 brn|[from] brn\n|upkeep\n|turn|101\n|\n|t:|1699650198\n|-curestatus|p2a: Chansey|tox|[from] ability: Natural Cure\n|switch|p2a: Sableye|Sableye-Mega, F|69\/100 brn\n|move|p1a: Toxapex|Recover|p1a: Toxapex\n|-heal|p1a: Toxapex|100\/100 brn\n|\n|-damage|p1a: Toxapex|95\/100 brn|[from] brn\n|-damage|p2a: Sableye|63\/100 brn|[from] brn\n|upkeep\n|turn|102\n|\n|t:|1699650209\n|move|p1a: Toxapex|Scald|p2a: Sableye\n|-damage|p2a: Sableye|46\/100 brn\n|move|p2a: Sableye|Knock Off|p1a: Toxapex\n|-damage|p1a: Toxapex|89\/100 brn\n|\n|-damage|p1a: Toxapex|83\/100 brn|[from] brn\n|-damage|p2a: Sableye|40\/100 brn|[from] brn\n|upkeep\n|turn|103\n|\n|t:|1699650217\n|switch|p2a: Tangrowth|Tangrowth, F|77\/100\n|move|p1a: Toxapex|Scald|p2a: Tangrowth\n|-resisted|p2a: Tangrowth\n|-damage|p2a: Tangrowth|65\/100\n|\n|-damage|p1a: Toxapex|77\/100 brn|[from] brn\n|upkeep\n|turn|104\n|\n|t:|1699650225\n|move|p2a: Tangrowth|Earthquake|p1a: Toxapex\n|-supereffective|p1a: Toxapex\n|-damage|p1a: Toxapex|50\/100 brn\n|move|p1a: Toxapex|Scald|p2a: Tangrowth\n|-resisted|p2a: Tangrowth\n|-crit|p2a: Tangrowth\n|-damage|p2a: Tangrowth|47\/100\n|\n|-damage|p1a: Toxapex|44\/100 brn|[from] brn\n|upkeep\n|turn|105\n|\n|t:|1699650234\n|switch|p2a: Toxapex|Toxapex, M|100\/100\n|move|p1a: Toxapex|Recover|p1a: Toxapex\n|-heal|p1a: Toxapex|95\/100 brn\n|\n|-damage|p1a: Toxapex|89\/100 brn|[from] brn\n|upkeep\n|turn|106\n|\n|t:|1699650241\n|move|p1a: Toxapex|Scald|p2a: Toxapex\n|-resisted|p2a: Toxapex\n|-damage|p2a: Toxapex|96\/100\n|-status|p2a: Toxapex|brn\n|move|p2a: Toxapex|Haze|p2a: Toxapex\n|-clearallboost\n|\n|-heal|p2a: Toxapex|100\/100 brn|[from] item: Black Sludge\n|-damage|p1a: Toxapex|83\/100 brn|[from] brn\n|-damage|p2a: Toxapex|94\/100 brn|[from] brn\n|upkeep\n|turn|107\n|\n|t:|1699650252\n|switch|p2a: Chansey|Chansey, F|72\/100\n|move|p1a: Toxapex|Haze|p1a: Toxapex\n|-clearallboost\n|\n|-damage|p1a: Toxapex|77\/100 brn|[from] brn\n|upkeep\n|turn|108\n|\n|t:|1699650261\n|move|p2a: Chansey|Seismic Toss|p1a: Toxapex\n|-damage|p1a: Toxapex|44\/100 brn\n|move|p1a: Toxapex|Toxic|p2a: Chansey\n|-status|p2a: Chansey|tox\n|\n|-damage|p2a: Chansey|66\/100 tox|[from] psn\n|-damage|p1a: Toxapex|38\/100 brn|[from] brn\n|upkeep\n|turn|109\n|\n|t:|1699650269\n|-curestatus|p2a: Chansey|tox|[from] ability: Natural Cure\n|switch|p2a: Tangrowth|Tangrowth, F|80\/100\n|switch|p1a: Banette|Banette-Mega, F|40\/100 tox\n|-damage|p1a: Banette|28\/100 tox|[from] Stealth Rock\n|\n|-damage|p1a: Banette|22\/100 tox|[from] psn\n|upkeep\n|turn|110\n|\n|t:|1699650278\n|move|p1a: Banette|Destiny Bond|p1a: Banette\n|-singlemove|p1a: Banette|Destiny Bond\n|move|p2a: Tangrowth|Giga Drain|p1a: Banette\n|-damage|p1a: Banette|0 fnt\n|-heal|p2a: Tangrowth|89\/100|[from] drain|[of] p1a: Banette\n|faint|p1a: Banette\n|-activate|p1a: Banette|move: Destiny Bond\n|faint|p2a: Tangrowth\n|\n|upkeep\n|\n|t:|1699650287\n|switch|p1a: Corviknight|Corviknight, M|56\/100 brn\n|switch|p2a: Dondozo|Dondozo, F|100\/100\n|-damage|p1a: Corviknight|43\/100 brn|[from] Stealth Rock\n|-ability|p1a: Corviknight|Pressure\n|turn|111\n|\n|t:|1699650295\n|move|p1a: Corviknight|Defog|p2a: Dondozo\n|-unboost|p2a: Dondozo|evasion|1\n|-sideend|p1: Dislike Harder|Stealth Rock|[from] move: Defog|[of] p1a: Corviknight\n|move|p2a: Dondozo|Curse|p2a: Dondozo\n|-unboost|p2a: Dondozo|spe|1\n|-boost|p2a: Dondozo|atk|1\n|-boost|p2a: Dondozo|def|1\n|\n|-damage|p1a: Corviknight|37\/100 brn|[from] brn\n|upkeep\n|turn|112\n|\n|t:|1699650304\n|move|p1a: Corviknight|U-turn|p2a: Dondozo\n|-damage|p2a: Dondozo|98\/100\n|\n|t:|1699650307\n|switch|p1a: Toxapex|Toxapex, F|71\/100 brn|[from] U-turn\n|move|p2a: Dondozo|Liquidation|p1a: Toxapex\n|-resisted|p1a: Toxapex\n|-damage|p1a: Toxapex|57\/100 brn\n|\n|-heal|p2a: Dondozo|100\/100|[from] item: Leftovers\n|-damage|p1a: Toxapex|51\/100 brn|[from] brn\n|upkeep\n|turn|113\n|\n|t:|1699650317\n|-terastallize|p2a: Dondozo|Dragon\n|move|p1a: Toxapex|Recover|p1a: Toxapex\n|-heal|p1a: Toxapex|100\/100 brn\n|move|p2a: Dondozo|Sleep Talk||[still]\n|-fail|p2a: Dondozo\n|\n|-damage|p1a: Toxapex|95\/100 brn|[from] brn\n|upkeep\n|turn|114\n|\n|t:|1699650325\n|switch|p2a: Chansey|Chansey, F|66\/100\n|move|p1a: Toxapex|Haze|p1a: Toxapex\n|-clearallboost\n|\n|-damage|p1a: Toxapex|89\/100 brn|[from] brn\n|upkeep\n|turn|115\n|\n|t:|1699650333\n|move|p2a: Chansey|Stealth Rock|p1a: Toxapex\n|-sidestart|p1: Dislike Harder|move: Stealth Rock\n|move|p1a: Toxapex|Toxic|p2a: Chansey\n|-status|p2a: Chansey|tox\n|\n|-damage|p2a: Chansey|60\/100 tox|[from] psn\n|-damage|p1a: Toxapex|83\/100 brn|[from] brn\n|upkeep\n|turn|116\n|\n|t:|1699650345\n|-curestatus|p2a: Chansey|tox|[from] ability: Natural Cure\n|switch|p2a: Toxapex|Toxapex, M|100\/100 brn\n|move|p1a: Toxapex|Scald|p2a: Toxapex\n|-resisted|p2a: Toxapex\n|-damage|p2a: Toxapex|96\/100 brn\n|\n|-heal|p2a: Toxapex|100\/100 brn|[from] item: Black Sludge\n|-damage|p1a: Toxapex|77\/100 brn|[from] brn\n|-damage|p2a: Toxapex|94\/100 brn|[from] brn\n|upkeep\n|turn|117\n|\n|t:|1699650356\n|switch|p2a: Chansey|Chansey, F|60\/100\n|move|p1a: Toxapex|Haze|p1a: Toxapex\n|-clearallboost\n|\n|-damage|p1a: Toxapex|71\/100 brn|[from] brn\n|upkeep\n|turn|118\n|\n|t:|1699650368\n|move|p2a: Chansey|Seismic Toss|p1a: Toxapex\n|-damage|p1a: Toxapex|38\/100 brn\n|move|p1a: Toxapex|Haze|p1a: Toxapex\n|-clearallboost\n|\n|-damage|p1a: Toxapex|32\/100 brn|[from] brn\n|upkeep\n|turn|119\n|\n|t:|1699650376\n|switch|p1a: Corviknight|Corviknight, M|37\/100 brn\n|-damage|p1a: Corviknight|24\/100 brn|[from] Stealth Rock\n|-ability|p1a: Corviknight|Pressure\n|move|p2a: Chansey|Seismic Toss|p1a: Corviknight\n|-damage|p1a: Corviknight|0 fnt\n|faint|p1a: Corviknight\n|\n|upkeep\n|\n|t:|1699650378\n|switch|p1a: Rillaboom|Rillaboom, F, tera:Grass|19\/100 tox\n|-damage|p1a: Rillaboom|7\/100 tox|[from] Stealth Rock\n|-fieldstart|move: Grassy Terrain|[from] ability: Grassy Surge|[of] p1a: Rillaboom\n|turn|120\n|\n|t:|1699650389\n|switch|p2a: Dondozo|Dondozo, F, tera:Dragon|100\/100\n|move|p1a: Rillaboom|Knock Off|p2a: Dondozo\n|-damage|p2a: Dondozo|85\/100\n|-enditem|p2a: Dondozo|Leftovers|[from] move: Knock Off|[of] p1a: Rillaboom\n|\n|-heal|p1a: Rillaboom|13\/100 tox|[from] Grassy Terrain\n|-heal|p2a: Dondozo|92\/100|[from] Grassy Terrain\n|-damage|p1a: Rillaboom|7\/100 tox|[from] psn\n|upkeep\n|turn|121\n|-message|Dislike Harder forfeited.\n|\n|win|Afogomorn\n|raw|Dislike Harder's rating: 1607 &rarr; <strong>1592<\/strong><br \/>(-15 for losing)\n|raw|Afogomorn's rating: 1690 &rarr; <strong>1705<\/strong><br \/>(+15 for winning)\n|l|\u203dDislike Harder\n","uploadtime":1699649968,"views":4,"p1id":"dislikeharder","p2id":"afogomorn","formatid":"gen9nationaldex","rating":1592,"private":0,"password":""}