{"id":"gen9nationaldex-1991389136","p1":"Tpd le Spew","p2":"Xurkiyee","format":"[Gen 9] National Dex","log":"|j|\u2606Tpd le Spew\n|j|\u2606Xurkiyee\n|t:|1700073019\n|gametype|singles\n|player|p1|Tpd le Spew|drayden|1700\n|player|p2|Xurkiyee|kimonogirl|1811\n|teamsize|p1|6\n|teamsize|p2|6\n|gen|9\n|tier|[Gen 9] National Dex\n|rated|\n|rule|HP Percentage Mod: HP is shown in percentages\n|rule|Endless Battle Clause: Forcing endless battles is banned\n|rule|OHKO Clause: OHKO moves are banned\n|rule|Evasion Clause: Evasion abilities, items, and moves are banned\n|rule|Evasion Abilities Clause: Evasion abilities are banned\n|rule|Evasion Items Clause: Evasion items are banned\n|rule|Evasion Moves Clause: Evasion moves are banned\n|rule|Species Clause: Limit one of each Pok\u00e9mon\n|rule|Sleep Clause Mod: Limit one foe put to sleep\n|clearpoke\n|poke|p1|Raikou|\n|poke|p1|Entei|\n|poke|p1|Suicune|\n|poke|p1|Celebi|\n|poke|p1|Tyranitar, M|\n|poke|p1|Skarmory, F|\n|poke|p2|Sudowoodo, F|\n|poke|p2|Tapu Koko|\n|poke|p2|Serperior, M|\n|poke|p2|Alomomola, M|\n|poke|p2|Landorus-Therian, M|\n|poke|p2|Heatran, M|\n|teampreview\n|c|\u2606Xurkiyee|Cool\n|c|\u2606Tpd le Spew|Thats a strange tree\n|c|\u2606Tpd le Spew|Glhf\n|c|\u2606Xurkiyee|Hf bro\n|j| elvisma\n|j| YomiIzu\n|\n|t:|1700073051\n|start\n|switch|p1a: Simba|Entei, shiny|100\/100\n|switch|p2a: Landorus|Landorus-Therian, M|100\/100\n|-ability|p1a: Simba|Pressure\n|-ability|p2a: Landorus|Intimidate|boost\n|-unboost|p1a: Simba|atk|1\n|turn|1\n|\n|t:|1700073054\n|switch|p1a: Scissors|Skarmory, F, shiny|100\/100\n|move|p2a: Landorus|Earthquake|p1a: Scissors\n|-immune|p1a: Scissors\n|\n|upkeep\n|turn|2\n|\n|t:|1700073062\n|move|p2a: Landorus|Knock Off|p1a: Scissors\n|-damage|p1a: Scissors|83\/100\n|-damage|p2a: Landorus|84\/100|[from] item: Rocky Helmet|[of] p1a: Scissors\n|-enditem|p1a: Scissors|Rocky Helmet|[from] move: Knock Off|[of] p2a: Landorus\n|move|p1a: Scissors|Spikes|p2a: Landorus\n|-sidestart|p2: Xurkiyee|Spikes\n|\n|upkeep\n|turn|3\n|\n|t:|1700073068\n|move|p2a: Landorus|Knock Off|p1a: Scissors\n|-damage|p1a: Scissors|71\/100\n|move|p1a: Scissors|Spikes|p2a: Landorus\n|-sidestart|p2: Xurkiyee|Spikes\n|\n|upkeep\n|turn|4\n|\n|t:|1700073075\n|move|p2a: Landorus|Defog|p1a: Scissors\n|-unboost|p1a: Scissors|evasion|1\n|-sideend|p2: Xurkiyee|Spikes|[from] move: Defog|[of] p2a: Landorus\n|move|p1a: Scissors|Whirlwind|p2a: Landorus\n|drag|p2a: Tapu Koko|Tapu Koko|100\/100\n|-fieldstart|move: Electric Terrain|[from] ability: Electric Surge|[of] p2a: Tapu Koko\n|\n|upkeep\n|turn|5\n|\n|t:|1700073082\n|switch|p1a: Kubo|Raikou, shiny|100\/100\n|-ability|p1a: Kubo|Pressure\n|move|p2a: Tapu Koko|U-turn|p1a: Kubo\n|-damage|p1a: Kubo|78\/100\n|\n|t:|1700073089\n|switch|p2a: Serperior|Serperior, M|100\/100|[from] U-turn\n|\n|-heal|p1a: Kubo|84\/100|[from] item: Leftovers\n|upkeep\n|turn|6\n|\n|t:|1700073094\n|move|p1a: Kubo|Protect|p1a: Kubo\n|-singleturn|p1a: Kubo|Protect\n|move|p2a: Serperior|Leaf Storm|p1a: Kubo\n|-activate|p1a: Kubo|move: Protect\n|\n|-heal|p1a: Kubo|90\/100|[from] item: Leftovers\n|upkeep\n|turn|7\n|\n|t:|1700073098\n|move|p1a: Kubo|Substitute|p1a: Kubo\n|-start|p1a: Kubo|Substitute\n|-damage|p1a: Kubo|65\/100\n|move|p2a: Serperior|Leaf Storm|p1a: Kubo\n|-end|p1a: Kubo|Substitute\n|-boost|p2a: Serperior|spa|2\n|\n|-heal|p1a: Kubo|72\/100|[from] item: Leftovers\n|upkeep\n|turn|8\n|\n|t:|1700073103\n|move|p1a: Kubo|Protect|p1a: Kubo\n|-singleturn|p1a: Kubo|Protect\n|move|p2a: Serperior|Hidden Power|p1a: Kubo\n|-activate|p1a: Kubo|move: Protect\n|\n|-heal|p1a: Kubo|78\/100|[from] item: Leftovers\n|-fieldend|move: Electric Terrain\n|upkeep\n|turn|9\n|\n|t:|1700073120\n|switch|p1a: Simba|Entei, shiny|100\/100\n|-ability|p1a: Simba|Pressure\n|move|p2a: Serperior|Hidden Power|p1a: Simba\n|-resisted|p1a: Simba\n|-damage|p1a: Simba|91\/100\n|\n|-heal|p1a: Simba|97\/100|[from] item: Leftovers\n|upkeep\n|turn|10\n|j| YJLF\n|\n|t:|1700073153\n|switch|p2a: Alomomola|Alomomola, M|100\/100\n|move|p1a: Simba|Curse|p1a: Simba\n|-unboost|p1a: Simba|spe|1\n|-boost|p1a: Simba|atk|1\n|-boost|p1a: Simba|def|1\n|\n|-heal|p1a: Simba|100\/100|[from] item: Leftovers\n|upkeep\n|turn|11\n|\n|t:|1700073161\n|move|p2a: Alomomola|Toxic|p1a: Simba\n|-status|p1a: Simba|tox\n|move|p1a: Simba|Sacred Fire|p2a: Alomomola\n|-resisted|p2a: Alomomola\n|-damage|p2a: Alomomola|82\/100\n|-status|p2a: Alomomola|brn\n|\n|-damage|p1a: Simba|94\/100 tox|[from] psn\n|-damage|p2a: Alomomola|76\/100 brn|[from] brn\n|upkeep\n|turn|12\n|\n|t:|1700073168\n|switch|p1a: Moose|Suicune, shiny|100\/100\n|-ability|p1a: Moose|Pressure\n|move|p2a: Alomomola|Wish|p2a: Alomomola\n|\n|-damage|p2a: Alomomola|70\/100 brn|[from] brn\n|upkeep\n|turn|13\n|\n|t:|1700073172\n|move|p1a: Moose|Substitute|p1a: Moose\n|-start|p1a: Moose|Substitute\n|-damage|p1a: Moose|75\/100\n|move|p2a: Alomomola|Flip Turn|p1a: Moose\n|-resisted|p1a: Moose\n|-activate|p1a: Moose|move: Substitute|[damage]\n|inactive|Battle timer is ON: inactive players will automatically lose when time's up. (requested by Tpd le Spew)\n|\n|t:|1700073229\n|switch|p2a: Woody|Sudowoodo, F, shiny|100\/100|[from] Flip Turn\n|\n|-heal|p1a: Moose|82\/100|[from] item: Leftovers\n|upkeep\n|turn|14\n|\n|t:|1700073244\n|move|p1a: Moose|Calm Mind|p1a: Moose\n|-boost|p1a: Moose|spa|1\n|-boost|p1a: Moose|spd|1\n|move|p2a: Woody|Wood Hammer|p1a: Moose\n|-supereffective|p1a: Moose\n|-end|p1a: Moose|Substitute\n|\n|-heal|p1a: Moose|88\/100|[from] item: Leftovers\n|upkeep\n|turn|15\n|l| elvisma\n|\n|t:|1700073259\n|switch|p1a: Scissors|Skarmory, F, shiny|71\/100\n|-terastallize|p2a: Woody|Grass\n|move|p2a: Woody|Wood Hammer|p1a: Scissors\n|-resisted|p1a: Scissors\n|-damage|p1a: Scissors|59\/100\n|\n|upkeep\n|turn|16\n|\n|t:|1700073270\n|switch|p2a: Heatran|Heatran, M|100\/100\n|move|p1a: Scissors|Roost|p1a: Scissors\n|-heal|p1a: Scissors|100\/100\n|-singleturn|p1a: Scissors|move: Roost\n|\n|upkeep\n|turn|17\n|\n|t:|1700073275\n|switch|p1a: Moose|Suicune, shiny|88\/100\n|-ability|p1a: Moose|Pressure\n|move|p2a: Heatran|Stealth Rock|p1a: Moose\n|-sidestart|p1: Tpd le Spew|move: Stealth Rock\n|\n|-heal|p1a: Moose|94\/100|[from] item: Leftovers\n|upkeep\n|turn|18\n|\n|t:|1700073278\n|move|p2a: Heatran|Taunt|p1a: Moose\n|-start|p1a: Moose|move: Taunt\n|cant|p1a: Moose|move: Taunt|Substitute\n|\n|-heal|p1a: Moose|99\/100|[from] item: Leftovers\n|upkeep\n|turn|19\n|\n|t:|1700073283\n|switch|p2a: Alomomola|Alomomola, M|100\/100 brn\n|move|p1a: Moose|Scald|p2a: Alomomola\n|-resisted|p2a: Alomomola\n|-damage|p2a: Alomomola|89\/100 brn\n|\n|-heal|p1a: Moose|100\/100|[from] item: Leftovers\n|-damage|p2a: Alomomola|83\/100 brn|[from] brn\n|upkeep\n|turn|20\n|\n|t:|1700073288\n|switch|p1a: Paper|Celebi|100\/100\n|-damage|p1a: Paper|88\/100|[from] Stealth Rock\n|move|p2a: Alomomola|Flip Turn|p1a: Paper\n|-resisted|p1a: Paper\n|-damage|p1a: Paper|86\/100\n|\n|t:|1700073297\n|switch|p2a: Landorus|Landorus-Therian, M|84\/100|[from] Flip Turn\n|-ability|p2a: Landorus|Intimidate|boost\n|-unboost|p1a: Paper|atk|1\n|\n|-heal|p1a: Paper|92\/100|[from] item: Leftovers\n|upkeep\n|turn|21\n|\n|t:|1700073305\n|switch|p1a: Scissors|Skarmory, F, shiny|100\/100\n|-damage|p1a: Scissors|88\/100|[from] Stealth Rock\n|move|p2a: Landorus|U-turn|p1a: Scissors\n|-resisted|p1a: Scissors\n|-damage|p1a: Scissors|85\/100\n|\n|t:|1700073309\n|switch|p2a: Tapu Koko|Tapu Koko|100\/100|[from] U-turn\n|-fieldstart|move: Electric Terrain|[from] ability: Electric Surge|[of] p2a: Tapu Koko\n|\n|upkeep\n|turn|22\n|\n|t:|1700073316\n|switch|p1a: Rock|Tyranitar, M, shiny|100\/100\n|-damage|p1a: Rock|88\/100|[from] Stealth Rock\n|-weather|Sandstorm|[from] ability: Sand Stream|[of] p1a: Rock\n|move|p2a: Tapu Koko|Thunderbolt|p1a: Rock\n|-damage|p1a: Rock|70\/100\n|\n|-weather|Sandstorm|[upkeep]\n|-damage|p2a: Tapu Koko|94\/100|[from] Sandstorm\n|-heal|p1a: Rock|76\/100|[from] item: Leftovers\n|upkeep\n|turn|23\n|\n|t:|1700073325\n|move|p2a: Tapu Koko|U-turn|p1a: Rock\n|-supereffective|p1a: Rock\n|-damage|p1a: Rock|50\/100\n|\n|t:|1700073328\n|switch|p2a: Landorus|Landorus-Therian, M|84\/100|[from] U-turn\n|-ability|p2a: Landorus|Intimidate|boost\n|-unboost|p1a: Rock|atk|1\n|move|p1a: Rock|Stealth Rock|p2a: Landorus\n|-sidestart|p2: Xurkiyee|move: Stealth Rock\n|\n|-weather|Sandstorm|[upkeep]\n|-heal|p1a: Rock|56\/100|[from] item: Leftovers\n|upkeep\n|turn|24\n|\n|t:|1700073337\n|switch|p1a: Scissors|Skarmory, F, shiny|85\/100\n|-damage|p1a: Scissors|73\/100|[from] Stealth Rock\n|move|p2a: Landorus|U-turn|p1a: Scissors\n|-resisted|p1a: Scissors\n|-damage|p1a: Scissors|70\/100\n|\n|t:|1700073339\n|switch|p2a: Tapu Koko|Tapu Koko|94\/100|[from] U-turn\n|\n|-weather|Sandstorm|[upkeep]\n|-damage|p2a: Tapu Koko|88\/100|[from] Sandstorm\n|upkeep\n|turn|25\n|\n|t:|1700073346\n|switch|p1a: Paper|Celebi|92\/100\n|-damage|p1a: Paper|79\/100|[from] Stealth Rock\n|move|p2a: Tapu Koko|Thunderbolt|p1a: Paper\n|-resisted|p1a: Paper\n|-damage|p1a: Paper|61\/100\n|\n|-weather|Sandstorm|[upkeep]\n|-damage|p2a: Tapu Koko|82\/100|[from] Sandstorm\n|-damage|p1a: Paper|55\/100|[from] Sandstorm\n|-heal|p1a: Paper|61\/100|[from] item: Leftovers\n|-fieldend|move: Electric Terrain\n|upkeep\n|turn|26\n|\n|t:|1700073351\n|switch|p1a: Scissors|Skarmory, F, shiny|70\/100\n|-damage|p1a: Scissors|58\/100|[from] Stealth Rock\n|move|p2a: Tapu Koko|U-turn|p1a: Scissors\n|-resisted|p1a: Scissors\n|-damage|p1a: Scissors|55\/100\n|\n|t:|1700073355\n|switch|p2a: Heatran|Heatran, M|100\/100|[from] U-turn\n|-damage|p2a: Heatran|88\/100|[from] Stealth Rock\n|\n|-weather|none\n|-heal|p2a: Heatran|94\/100|[from] item: Leftovers\n|upkeep\n|turn|27\n|\n|t:|1700073364\n|switch|p1a: Moose|Suicune, shiny|100\/100\n|-damage|p1a: Moose|88\/100|[from] Stealth Rock\n|-ability|p1a: Moose|Pressure\n|move|p2a: Heatran|Magma Storm|p1a: Moose\n|-resisted|p1a: Moose\n|-damage|p1a: Moose|71\/100\n|-activate|p1a: Moose|move: Magma Storm|[of] p2a: Heatran\n|\n|-heal|p2a: Heatran|100\/100|[from] item: Leftovers\n|-heal|p1a: Moose|77\/100|[from] item: Leftovers\n|-damage|p1a: Moose|65\/100|[from] move: Magma Storm|[partiallytrapped]\n|upkeep\n|turn|28\n|\n|t:|1700073371\n|move|p2a: Heatran|Earth Power|p1a: Moose\n|-damage|p1a: Moose|45\/100\n|move|p1a: Moose|Scald|p2a: Heatran\n|-supereffective|p2a: Heatran\n|-damage|p2a: Heatran|63\/100\n|\n|-heal|p2a: Heatran|69\/100|[from] item: Leftovers\n|-heal|p1a: Moose|51\/100|[from] item: Leftovers\n|-damage|p1a: Moose|39\/100|[from] move: Magma Storm|[partiallytrapped]\n|upkeep\n|turn|29\n|\n|t:|1700073373\n|move|p2a: Heatran|Taunt|p1a: Moose\n|-start|p1a: Moose|move: Taunt\n|move|p1a: Moose|Scald|p2a: Heatran\n|-supereffective|p2a: Heatran\n|-damage|p2a: Heatran|38\/100\n|\n|-heal|p2a: Heatran|44\/100|[from] item: Leftovers\n|-heal|p1a: Moose|45\/100|[from] item: Leftovers\n|-damage|p1a: Moose|33\/100|[from] move: Magma Storm|[partiallytrapped]\n|upkeep\n|turn|30\n|\n|t:|1700073375\n|move|p2a: Heatran|Earth Power|p1a: Moose\n|-damage|p1a: Moose|13\/100\n|move|p1a: Moose|Scald|p2a: Heatran\n|-supereffective|p2a: Heatran\n|-damage|p2a: Heatran|6\/100\n|\n|-heal|p2a: Heatran|12\/100|[from] item: Leftovers\n|-heal|p1a: Moose|20\/100|[from] item: Leftovers\n|-damage|p1a: Moose|7\/100|[from] move: Magma Storm|[partiallytrapped]\n|upkeep\n|turn|31\n|\n|t:|1700073377\n|move|p2a: Heatran|Earth Power|p1a: Moose\n|-damage|p1a: Moose|0 fnt\n|faint|p1a: Moose\n|\n|-heal|p2a: Heatran|19\/100|[from] item: Leftovers\n|upkeep\n|\n|t:|1700073378\n|switch|p1a: Kubo|Raikou, shiny|78\/100\n|-damage|p1a: Kubo|65\/100|[from] Stealth Rock\n|-ability|p1a: Kubo|Pressure\n|turn|32\n|\n|t:|1700073386\n|move|p1a: Kubo|Scald|p2a: Heatran\n|-supereffective|p2a: Heatran\n|-damage|p2a: Heatran|0 fnt\n|faint|p2a: Heatran\n|\n|-heal|p1a: Kubo|72\/100|[from] item: Leftovers\n|upkeep\n|\n|t:|1700073395\n|switch|p2a: Woody|Sudowoodo, F, shiny, tera:Grass|100\/100\n|-damage|p2a: Woody|88\/100|[from] Stealth Rock\n|turn|33\n|\n|t:|1700073399\n|move|p1a: Kubo|Protect|p1a: Kubo\n|-singleturn|p1a: Kubo|Protect\n|move|p2a: Woody|Wood Hammer|p1a: Kubo\n|-activate|p1a: Kubo|move: Protect\n|\n|-heal|p1a: Kubo|78\/100|[from] item: Leftovers\n|upkeep\n|turn|34\n|\n|t:|1700073409\n|switch|p1a: Scissors|Skarmory, F, shiny|55\/100\n|-damage|p1a: Scissors|43\/100|[from] Stealth Rock\n|move|p2a: Woody|Wood Hammer|p1a: Scissors\n|-resisted|p1a: Scissors\n|-damage|p1a: Scissors|30\/100\n|\n|upkeep\n|turn|35\n|\n|t:|1700073416\n|switch|p2a: Tapu Koko|Tapu Koko|82\/100\n|-fieldstart|move: Electric Terrain|[from] ability: Electric Surge|[of] p2a: Tapu Koko\n|move|p1a: Scissors|Defog|p2a: Tapu Koko\n|-unboost|p2a: Tapu Koko|evasion|1\n|-sideend|p2: Xurkiyee|Stealth Rock|[from] move: Defog|[of] p1a: Scissors\n|-sideend|p1: Tpd le Spew|Stealth Rock|[from] move: Defog|[of] p1a: Scissors\n|-fieldend|move: Electric Terrain\n|\n|upkeep\n|turn|36\n|\n|t:|1700073422\n|switch|p1a: Simba|Entei, shiny|94\/100 tox\n|-ability|p1a: Simba|Pressure\n|move|p2a: Tapu Koko|U-turn|p1a: Simba\n|-resisted|p1a: Simba\n|-damage|p1a: Simba|87\/100 tox\n|\n|t:|1700073428\n|switch|p2a: Landorus|Landorus-Therian, M|84\/100|[from] U-turn\n|-ability|p2a: Landorus|Intimidate|boost\n|-unboost|p1a: Simba|atk|1\n|\n|-heal|p1a: Simba|94\/100 tox|[from] item: Leftovers\n|-damage|p1a: Simba|87\/100 tox|[from] psn\n|upkeep\n|turn|37\n|\n|t:|1700073434\n|switch|p1a: Scissors|Skarmory, F, shiny|30\/100\n|move|p2a: Landorus|U-turn|p1a: Scissors\n|-resisted|p1a: Scissors\n|-damage|p1a: Scissors|27\/100\n|\n|t:|1700073443\n|switch|p2a: Tapu Koko|Tapu Koko|82\/100|[from] U-turn\n|-fieldstart|move: Electric Terrain|[from] ability: Electric Surge|[of] p2a: Tapu Koko\n|\n|upkeep\n|turn|38\n|\n|t:|1700073470\n|move|p2a: Tapu Koko|Thunderbolt|p1a: Scissors\n|-supereffective|p1a: Scissors\n|-damage|p1a: Scissors|0 fnt\n|faint|p1a: Scissors\n|\n|upkeep\n|\n|t:|1700073473\n|switch|p1a: Kubo|Raikou, shiny|78\/100\n|-ability|p1a: Kubo|Pressure\n|turn|39\n|\n|t:|1700073483\n|move|p2a: Tapu Koko|U-turn|p1a: Kubo\n|-damage|p1a: Kubo|57\/100\n|\n|t:|1700073499\n|switch|p2a: Serperior|Serperior, M|100\/100|[from] U-turn\n|move|p1a: Kubo|Substitute|p1a: Kubo\n|-start|p1a: Kubo|Substitute\n|-damage|p1a: Kubo|32\/100\n|\n|-heal|p1a: Kubo|39\/100|[from] item: Leftovers\n|upkeep\n|turn|40\n|\n|t:|1700073503\n|move|p1a: Kubo|Protect|p1a: Kubo\n|-singleturn|p1a: Kubo|Protect\n|move|p2a: Serperior|Hidden Power|p1a: Kubo\n|-activate|p1a: Kubo|move: Protect\n|\n|-heal|p1a: Kubo|45\/100|[from] item: Leftovers\n|upkeep\n|turn|41\n|\n|t:|1700073508\n|move|p1a: Kubo|Calm Mind|p1a: Kubo\n|-boost|p1a: Kubo|spa|1\n|-boost|p1a: Kubo|spd|1\n|move|p2a: Serperior|Leaf Storm|p1a: Kubo|[miss]\n|-miss|p2a: Serperior|p1a: Kubo\n|\n|-heal|p1a: Kubo|51\/100|[from] item: Leftovers\n|-fieldend|move: Electric Terrain\n|upkeep\n|turn|42\n|\n|t:|1700073515\n|switch|p2a: Woody|Sudowoodo, F, shiny, tera:Grass|88\/100\n|move|p1a: Kubo|Calm Mind|p1a: Kubo\n|-boost|p1a: Kubo|spa|1\n|-boost|p1a: Kubo|spd|1\n|\n|-heal|p1a: Kubo|57\/100|[from] item: Leftovers\n|upkeep\n|turn|43\n|\n|t:|1700073519\n|move|p1a: Kubo|Protect|p1a: Kubo\n|-singleturn|p1a: Kubo|Protect\n|move|p2a: Woody|Wood Hammer|p1a: Kubo\n|-activate|p1a: Kubo|move: Protect\n|\n|-heal|p1a: Kubo|63\/100|[from] item: Leftovers\n|upkeep\n|turn|44\n|\n|t:|1700073528\n|move|p1a: Kubo|Scald|p2a: Woody\n|-resisted|p2a: Woody\n|-damage|p2a: Woody|57\/100\n|move|p2a: Woody|Wood Hammer|p1a: Kubo\n|-end|p1a: Kubo|Substitute\n|\n|-heal|p1a: Kubo|70\/100|[from] item: Leftovers\n|upkeep\n|turn|45\n|\n|t:|1700073548\n|move|p1a: Kubo|Protect|p1a: Kubo\n|-singleturn|p1a: Kubo|Protect\n|move|p2a: Woody|Wood Hammer|p1a: Kubo\n|-activate|p1a: Kubo|move: Protect\n|\n|-heal|p1a: Kubo|76\/100|[from] item: Leftovers\n|upkeep\n|turn|46\n|\n|t:|1700073559\n|switch|p1a: Simba|Entei, shiny|87\/100 tox\n|-ability|p1a: Simba|Pressure\n|move|p2a: Woody|Wood Hammer|p1a: Simba\n|-resisted|p1a: Simba\n|-crit|p1a: Simba\n|-damage|p1a: Simba|28\/100 tox\n|\n|-heal|p1a: Simba|35\/100 tox|[from] item: Leftovers\n|-damage|p1a: Simba|28\/100 tox|[from] psn\n|upkeep\n|turn|47\n|\n|t:|1700073568\n|switch|p2a: Alomomola|Alomomola, M|100\/100 brn\n|move|p1a: Simba|Rest|p1a: Simba\n|-status|p1a: Simba|slp|[from] move: Rest\n|-heal|p1a: Simba|100\/100 slp|[silent]\n|\n|-damage|p2a: Alomomola|94\/100 brn|[from] brn\n|upkeep\n|turn|48\n|\n|t:|1700073576\n|switch|p1a: Paper|Celebi|61\/100\n|move|p2a: Alomomola|Wish|p2a: Alomomola\n|\n|-heal|p1a: Paper|68\/100|[from] item: Leftovers\n|-damage|p2a: Alomomola|88\/100 brn|[from] brn\n|upkeep\n|turn|49\n|\n|t:|1700073583\n|switch|p2a: Woody|Sudowoodo, F, shiny, tera:Grass|57\/100\n|move|p1a: Paper|Heal Bell|p1a: Paper\n|-activate|p1a: Paper|move: Heal Bell\n|-curestatus|p1: Simba|slp|[msg]\n|\n|-heal|p2a: Woody|100\/100|[from] move: Wish|[wisher] Alomomola\n|-heal|p1a: Paper|74\/100|[from] item: Leftovers\n|upkeep\n|turn|50\n|\n|t:|1700073597\n|move|p1a: Paper|Psychic|p2a: Woody\n|-damage|p2a: Woody|53\/100\n|-unboost|p2a: Woody|spd|1\n|move|p2a: Woody|Head Smash|p1a: Paper\n|-damage|p1a: Paper|5\/100\n|\n|-heal|p1a: Paper|11\/100|[from] item: Leftovers\n|upkeep\n|turn|51\n|\n|t:|1700073608\n|switch|p2a: Serperior|Serperior, M|100\/100\n|move|p1a: Paper|Psychic|p2a: Serperior\n|-crit|p2a: Serperior\n|-damage|p2a: Serperior|41\/100\n|\n|-heal|p1a: Paper|17\/100|[from] item: Leftovers\n|upkeep\n|turn|52\n|\n|t:|1700073613\n|switch|p1a: Simba|Entei, shiny|100\/100\n|-ability|p1a: Simba|Pressure\n|move|p2a: Serperior|Leaf Storm|p1a: Simba\n|-resisted|p1a: Simba\n|-damage|p1a: Simba|85\/100\n|-boost|p2a: Serperior|spa|2\n|\n|-heal|p1a: Simba|91\/100|[from] item: Leftovers\n|upkeep\n|turn|53\n|\n|t:|1700073622\n|-zpower|p2a: Serperior\n|move|p2a: Serperior|Z-Nature Power|p1a: Simba|[anim]Nature Power\n|move|p2a: Serperior|Breakneck Blitz|p1a: Simba|[from]move: Nature Power\n|-damage|p1a: Simba|36\/100\n|move|p1a: Simba|Curse|p1a: Simba\n|-unboost|p1a: Simba|spe|1\n|-boost|p1a: Simba|atk|1\n|-boost|p1a: Simba|def|1\n|\n|-heal|p1a: Simba|42\/100|[from] item: Leftovers\n|upkeep\n|turn|54\n|\n|t:|1700073637\n|move|p2a: Serperior|Nature Power|p1a: Simba\n|move|p2a: Serperior|Tri Attack|p1a: Simba|[from]move: Nature Power\n|-damage|p1a: Simba|14\/100\n|move|p1a: Simba|Curse|p1a: Simba\n|-unboost|p1a: Simba|spe|1\n|-boost|p1a: Simba|atk|1\n|-boost|p1a: Simba|def|1\n|\n|-heal|p1a: Simba|20\/100|[from] item: Leftovers\n|upkeep\n|turn|55\n|\n|t:|1700073645\n|-terastallize|p1a: Simba|Normal\n|move|p1a: Simba|Extreme Speed|p2a: Serperior\n|-damage|p2a: Serperior|0 fnt\n|faint|p2a: Serperior\n|\n|-heal|p1a: Simba|27\/100|[from] item: Leftovers\n|upkeep\n|\n|t:|1700073650\n|switch|p2a: Landorus|Landorus-Therian, M|84\/100\n|-ability|p2a: Landorus|Intimidate|boost\n|-unboost|p1a: Simba|atk|1\n|turn|56\n|\n|t:|1700073656\n|move|p2a: Landorus|Earthquake|p1a: Simba\n|-damage|p1a: Simba|4\/100\n|move|p1a: Simba|Rest|p1a: Simba\n|-status|p1a: Simba|slp|[from] move: Rest\n|-heal|p1a: Simba|100\/100 slp|[silent]\n|\n|upkeep\n|turn|57\n|\n|t:|1700073663\n|move|p2a: Landorus|Knock Off|p1a: Simba\n|-damage|p1a: Simba|87\/100 slp\n|-enditem|p1a: Simba|Leftovers|[from] move: Knock Off|[of] p2a: Landorus\n|cant|p1a: Simba|slp\n|\n|upkeep\n|turn|58\n|\n|t:|1700073667\n|move|p2a: Landorus|U-turn|p1a: Simba\n|-damage|p1a: Simba|77\/100 slp\n|\n|t:|1700073669\n|switch|p2a: Alomomola|Alomomola, M|100\/100 brn|[from] U-turn\n|cant|p1a: Simba|slp\n|\n|-damage|p2a: Alomomola|94\/100 brn|[from] brn\n|upkeep\n|turn|59\n|\n|t:|1700073674\n|move|p2a: Alomomola|Wish|p2a: Alomomola\n|-curestatus|p1a: Simba|slp|[msg]\n|move|p1a: Simba|Curse|p1a: Simba\n|-unboost|p1a: Simba|spe|1\n|-boost|p1a: Simba|atk|1\n|-boost|p1a: Simba|def|1\n|\n|-damage|p2a: Alomomola|88\/100 brn|[from] brn\n|upkeep\n|turn|60\n|\n|t:|1700073680\n|move|p2a: Alomomola|Toxic|p1a: Simba\n|-status|p1a: Simba|tox\n|move|p1a: Simba|Curse|p1a: Simba\n|-unboost|p1a: Simba|spe|1\n|-boost|p1a: Simba|atk|1\n|-boost|p1a: Simba|def|1\n|\n|-heal|p2a: Alomomola|100\/100 brn|[from] move: Wish|[wisher] Alomomola\n|-damage|p1a: Simba|71\/100 tox|[from] psn\n|-damage|p2a: Alomomola|94\/100 brn|[from] brn\n|upkeep\n|turn|61\n|\n|t:|1700073686\n|move|p2a: Alomomola|Wish|p2a: Alomomola\n|move|p1a: Simba|Curse|p1a: Simba\n|-unboost|p1a: Simba|spe|1\n|-boost|p1a: Simba|atk|1\n|-boost|p1a: Simba|def|1\n|\n|-damage|p1a: Simba|58\/100 tox|[from] psn\n|-damage|p2a: Alomomola|88\/100 brn|[from] brn\n|upkeep\n|turn|62\n|\n|t:|1700073694\n|move|p2a: Alomomola|Protect|p2a: Alomomola\n|-singleturn|p2a: Alomomola|Protect\n|move|p1a: Simba|Rest|p1a: Simba\n|-status|p1a: Simba|slp|[from] move: Rest\n|-heal|p1a: Simba|100\/100 slp|[silent]\n|\n|-heal|p2a: Alomomola|100\/100 brn|[from] move: Wish|[wisher] Alomomola\n|-damage|p2a: Alomomola|94\/100 brn|[from] brn\n|upkeep\n|turn|63\n|\n|t:|1700073697\n|move|p2a: Alomomola|Flip Turn|p1a: Simba\n|-damage|p1a: Simba|98\/100 slp\n|\n|t:|1700073703\n|switch|p2a: Woody|Sudowoodo, F, shiny, tera:Grass|53\/100|[from] Flip Turn\n|cant|p1a: Simba|slp\n|\n|upkeep\n|turn|64\n|\n|t:|1700073707\n|move|p2a: Woody|Head Smash|p1a: Simba\n|-damage|p1a: Simba|72\/100 slp\n|cant|p1a: Simba|slp\n|\n|upkeep\n|turn|65\n|\n|t:|1700073712\n|switch|p2a: Alomomola|Alomomola, M|100\/100 brn\n|-curestatus|p1a: Simba|slp|[msg]\n|move|p1a: Simba|Extreme Speed|p2a: Alomomola\n|-damage|p2a: Alomomola|49\/100 brn\n|\n|-damage|p2a: Alomomola|43\/100 brn|[from] brn\n|upkeep\n|turn|66\n|\n|t:|1700073724\n|switch|p2a: Landorus|Landorus-Therian, M|84\/100\n|-ability|p2a: Landorus|Intimidate|boost\n|-unboost|p1a: Simba|atk|1\n|move|p1a: Simba|Extreme Speed|p2a: Landorus\n|-damage|p2a: Landorus|29\/100\n|-damage|p1a: Simba|55\/100|[from] item: Rocky Helmet|[of] p2a: Landorus\n|\n|upkeep\n|turn|67\n|\n|t:|1700073731\n|move|p1a: Simba|Extreme Speed|p2a: Landorus\n|-damage|p2a: Landorus|0 fnt\n|-damage|p1a: Simba|39\/100|[from] item: Rocky Helmet|[of] p2a: Landorus\n|faint|p2a: Landorus\n|\n|upkeep\n|\n|t:|1700073738\n|switch|p2a: Alomomola|Alomomola, M|77\/100 brn\n|turn|68\n|\n|t:|1700073745\n|move|p2a: Alomomola|Flip Turn|p1a: Simba\n|-damage|p1a: Simba|37\/100\n|\n|t:|1700073747\n|switch|p2a: Tapu Koko|Tapu Koko|82\/100|[from] Flip Turn\n|-fieldstart|move: Electric Terrain|[from] ability: Electric Surge|[of] p2a: Tapu Koko\n|move|p1a: Simba|Curse|p1a: Simba\n|-unboost|p1a: Simba|spe|1\n|-boost|p1a: Simba|atk|1\n|-boost|p1a: Simba|def|1\n|\n|upkeep\n|turn|69\n|\n|t:|1700073753\n|switch|p2a: Alomomola|Alomomola, M|100\/100 brn\n|move|p1a: Simba|Extreme Speed|p2a: Alomomola\n|-damage|p2a: Alomomola|41\/100 brn\n|\n|-damage|p2a: Alomomola|35\/100 brn|[from] brn\n|upkeep\n|turn|70\n|c|\u2606Xurkiyee|gg\n|-message|Xurkiyee forfeited.\n|\n|win|Tpd le Spew\n|raw|Tpd le Spew's rating: 1700 &rarr; <strong>1726<\/strong><br \/>(+26 for winning)\n|raw|Xurkiyee's rating: 1811 &rarr; <strong>1785<\/strong><br \/>(-26 for losing)\n|l|\u2606Xurkiyee\n|l| YJLF\n|c|\u2606Tpd le Spew|Gg\n","uploadtime":1700073817,"views":13,"p1id":"tpdlespew","p2id":"xurkiyee","formatid":"gen9nationaldex","rating":1726,"private":0,"password":""}