{"id":"gen9nationaldex-1988426057","p1":"tdd20070515\u5179\u4f0f\u5947\u5927\u543e","p2":"takeo115","format":"[Gen 9] National Dex","log":"|j|\u2606tdd20070515\u5179\u4f0f\u5947\u5927\u543e\n|j|\u2606takeo115\n|t:|1699721649\n|gametype|singles\n|player|p1|tdd20070515\u5179\u4f0f\u5947\u5927\u543e|steven|1340\n|player|p2|takeo115|102|1264\n|teamsize|p1|6\n|teamsize|p2|6\n|gen|9\n|tier|[Gen 9] National Dex\n|rated|\n|rule|HP Percentage Mod: HP is shown in percentages\n|rule|Endless Battle Clause: Forcing endless battles is banned\n|rule|OHKO Clause: OHKO moves are banned\n|rule|Evasion Clause: Evasion abilities, items, and moves are banned\n|rule|Evasion Abilities Clause: Evasion abilities are banned\n|rule|Evasion Items Clause: Evasion items are banned\n|rule|Evasion Moves Clause: Evasion moves are banned\n|rule|Species Clause: Limit one of each Pok\u00e9mon\n|rule|Sleep Clause Mod: Limit one foe put to sleep\n|clearpoke\n|poke|p1|Scizor, M|\n|poke|p1|Sneasler, F|\n|poke|p1|Heatran, M|\n|poke|p1|Great Tusk|\n|poke|p1|Slowbro, M|\n|poke|p1|Rillaboom, F|\n|poke|p2|Excadrill, F|\n|poke|p2|Tyranitar, M|\n|poke|p2|Greninja-*, M|\n|poke|p2|Skarmory, F|\n|poke|p2|Ferrothorn, F|\n|poke|p2|Heatran, M|\n|teampreview\n|inactive|Battle timer is ON: inactive players will automatically lose when time's up. (requested by takeo115)\n|\n|t:|1699721658\n|start\n|switch|p1a: Scizor|Scizor, M|100\/100\n|switch|p2a: Tyranitar|Tyranitar, M|100\/100\n|-weather|Sandstorm|[from] ability: Sand Stream|[of] p2a: Tyranitar\n|turn|1\n|\n|t:|1699721661\n|detailschange|p1a: Scizor|Scizor-Mega, M\n|-mega|p1a: Scizor|Scizor|Scizorite\n|move|p1a: Scizor|U-turn|p2a: Tyranitar\n|-supereffective|p2a: Tyranitar\n|-damage|p2a: Tyranitar|51\/100\n|\n|t:|1699721667\n|switch|p1a: Sneasler|Sneasler, F|100\/100|[from] U-turn\n|move|p2a: Tyranitar|Stealth Rock|p1a: Sneasler\n|-sidestart|p1: tdd20070515\u5179\u4f0f\u5947\u5927\u543e|move: Stealth Rock\n|\n|-weather|Sandstorm|[upkeep]\n|-damage|p1a: Sneasler|95\/100|[from] Sandstorm\n|upkeep\n|turn|2\n|\n|t:|1699721679\n|switch|p2a: Ferrothorn|Ferrothorn, F|100\/100\n|move|p1a: Sneasler|U-turn|p2a: Ferrothorn\n|-damage|p2a: Ferrothorn|83\/100\n|-damage|p1a: Sneasler|82\/100|[from] ability: Iron Barbs|[of] p2a: Ferrothorn\n|-damage|p1a: Sneasler|66\/100|[from] item: Rocky Helmet|[of] p2a: Ferrothorn\n|\n|t:|1699721685\n|switch|p1a: Heatran|Heatran, M|100\/100|[from] U-turn\n|-damage|p1a: Heatran|88\/100|[from] Stealth Rock\n|\n|-weather|Sandstorm|[upkeep]\n|-heal|p1a: Heatran|94\/100|[from] item: Leftovers\n|upkeep\n|turn|3\n|\n|t:|1699721690\n|switch|p2a: Heatran|Heatran, M|100\/100\n|move|p1a: Heatran|Toxic|p2a: Heatran\n|-immune|p2a: Heatran\n|\n|-weather|Sandstorm|[upkeep]\n|-heal|p1a: Heatran|100\/100|[from] item: Leftovers\n|upkeep\n|turn|4\n|\n|t:|1699721695\n|-terastallize|p2a: Heatran|Grass\n|-terastallize|p1a: Heatran|Grass\n|move|p2a: Heatran|Earth Power|p1a: Heatran\n|-resisted|p1a: Heatran\n|-damage|p1a: Heatran|91\/100\n|move|p1a: Heatran|Earth Power|p2a: Heatran\n|-resisted|p2a: Heatran\n|-damage|p2a: Heatran|87\/100\n|\n|-weather|Sandstorm|[upkeep]\n|-damage|p2a: Heatran|80\/100|[from] Sandstorm\n|-damage|p1a: Heatran|85\/100|[from] Sandstorm\n|-heal|p2a: Heatran|87\/100|[from] item: Leftovers\n|-heal|p1a: Heatran|91\/100|[from] item: Leftovers\n|upkeep\n|turn|5\n|\n|t:|1699721714\n|move|p2a: Heatran|Ancient Power|p1a: Heatran\n|-damage|p1a: Heatran|78\/100\n|move|p1a: Heatran|Toxic|p2a: Heatran\n|-status|p2a: Heatran|tox\n|\n|-weather|Sandstorm|[upkeep]\n|-damage|p2a: Heatran|80\/100 tox|[from] Sandstorm\n|-damage|p1a: Heatran|72\/100|[from] Sandstorm\n|-heal|p2a: Heatran|87\/100 tox|[from] item: Leftovers\n|-heal|p1a: Heatran|78\/100|[from] item: Leftovers\n|-damage|p2a: Heatran|80\/100 tox|[from] psn\n|upkeep\n|turn|6\n|\n|t:|1699721718\n|move|p1a: Heatran|Protect|p1a: Heatran\n|-singleturn|p1a: Heatran|Protect\n|move|p2a: Heatran|Ancient Power|p1a: Heatran\n|-activate|p1a: Heatran|move: Protect\n|\n|-weather|Sandstorm|[upkeep]\n|-damage|p2a: Heatran|74\/100 tox|[from] Sandstorm\n|-damage|p1a: Heatran|72\/100|[from] Sandstorm\n|-heal|p2a: Heatran|80\/100 tox|[from] item: Leftovers\n|-heal|p1a: Heatran|78\/100|[from] item: Leftovers\n|-damage|p2a: Heatran|68\/100 tox|[from] psn\n|upkeep\n|turn|7\n|\n|t:|1699721745\n|move|p1a: Heatran|Protect||[still]\n|-fail|p1a: Heatran\n|move|p2a: Heatran|Ancient Power|p1a: Heatran\n|-damage|p1a: Heatran|65\/100\n|\n|-weather|Sandstorm|[upkeep]\n|-damage|p2a: Heatran|62\/100 tox|[from] Sandstorm\n|-damage|p1a: Heatran|59\/100|[from] Sandstorm\n|-heal|p2a: Heatran|68\/100 tox|[from] item: Leftovers\n|-heal|p1a: Heatran|65\/100|[from] item: Leftovers\n|-damage|p2a: Heatran|50\/100 tox|[from] psn\n|upkeep\n|turn|8\n|\n|t:|1699721758\n|switch|p2a: Greninja|Greninja, M|100\/100\n|switch|p1a: Slowbro|Slowbro, M|100\/100\n|-damage|p1a: Slowbro|88\/100|[from] Stealth Rock\n|\n|-weather|none\n|upkeep\n|turn|9\n|inactive|tdd20070515\u5179\u4f0f\u5947\u5927\u543e has 120 seconds left.\n|\n|t:|1699721787\n|move|p2a: Greninja|U-turn|p1a: Slowbro\n|-start|p2a: Greninja|typechange|Bug|[from] ability: Protean\n|-supereffective|p1a: Slowbro\n|-damage|p1a: Slowbro|46\/100\n|-damage|p2a: Greninja|84\/100|[from] item: Rocky Helmet|[of] p1a: Slowbro\n|-damage|p2a: Greninja|74\/100|[from] item: Life Orb\n|\n|t:|1699721804\n|switch|p2a: Tyranitar|Tyranitar, M|51\/100|[from] U-turn\n|-weather|Sandstorm|[from] ability: Sand Stream|[of] p2a: Tyranitar\n|move|p1a: Slowbro|Future Sight|p2a: Tyranitar\n|-start|p1a: Slowbro|move: Future Sight\n|\n|-weather|Sandstorm|[upkeep]\n|-damage|p1a: Slowbro|40\/100|[from] Sandstorm\n|upkeep\n|turn|10\n|inactive|tdd20070515\u5179\u4f0f\u5947\u5927\u543e has 120 seconds left.\n|\n|t:|1699721826\n|move|p2a: Tyranitar|Thunderbolt|p1a: Slowbro\n|-supereffective|p1a: Slowbro\n|-damage|p1a: Slowbro|0 fnt\n|faint|p1a: Slowbro\n|\n|-weather|Sandstorm|[upkeep]\n|upkeep\n|\n|t:|1699721830\n|switch|p1a: Rillaboom|Rillaboom, F|100\/100\n|-damage|p1a: Rillaboom|88\/100|[from] Stealth Rock\n|-fieldstart|move: Grassy Terrain|[from] ability: Grassy Surge|[of] p1a: Rillaboom\n|turn|11\n|\n|t:|1699721834\n|switch|p2a: Ferrothorn|Ferrothorn, F|83\/100\n|move|p1a: Rillaboom|U-turn|p2a: Ferrothorn\n|-damage|p2a: Ferrothorn|52\/100\n|-damage|p1a: Rillaboom|76\/100|[from] ability: Iron Barbs|[of] p2a: Ferrothorn\n|-damage|p1a: Rillaboom|59\/100|[from] item: Rocky Helmet|[of] p2a: Ferrothorn\n|inactive|tdd20070515\u5179\u4f0f\u5947\u5927\u543e has 120 seconds left.\n|\n|t:|1699721846\n|switch|p1a: Heatran|Heatran, M, tera:Grass|65\/100|[from] U-turn\n|-damage|p1a: Heatran|52\/100|[from] Stealth Rock\n|\n|-weather|Sandstorm|[upkeep]\n|-damage|p1a: Heatran|46\/100|[from] Sandstorm\n|-end|p2a: Ferrothorn|move: Future Sight\n|-resisted|p2a: Ferrothorn\n|-damage|p2a: Ferrothorn|29\/100\n|-heal|p1a: Heatran|52\/100|[from] Grassy Terrain\n|-heal|p1a: Heatran|59\/100|[from] item: Leftovers\n|-heal|p2a: Ferrothorn|36\/100|[from] Grassy Terrain\n|upkeep\n|turn|12\n|\n|t:|1699721853\n|move|p1a: Heatran|Earth Power|p2a: Ferrothorn\n|-damage|p2a: Ferrothorn|10\/100\n|move|p2a: Ferrothorn|Explosion|p1a: Heatran\n|-damage|p1a: Heatran|0 fnt\n|faint|p2a: Ferrothorn\n|faint|p1a: Heatran\n|\n|-weather|Sandstorm|[upkeep]\n|upkeep\n|\n|t:|1699721873\n|switch|p1a: Rillaboom|Rillaboom, F|59\/100\n|switch|p2a: Excadrill|Excadrill, F|100\/100\n|-damage|p1a: Rillaboom|47\/100|[from] Stealth Rock\n|turn|13\n|\n|t:|1699721877\n|move|p2a: Excadrill|Earthquake|p1a: Rillaboom\n|-resisted|p1a: Rillaboom\n|-damage|p1a: Rillaboom|28\/100\n|-damage|p2a: Excadrill|91\/100|[from] item: Life Orb\n|move|p1a: Rillaboom|Wood Hammer|p2a: Excadrill\n|-damage|p2a: Excadrill|0 fnt\n|faint|p2a: Excadrill\n|-damage|p1a: Rillaboom|1\/100|[from] Recoil\n|\n|-weather|Sandstorm|[upkeep]\n|-damage|p1a: Rillaboom|0 fnt|[from] Sandstorm\n|faint|p1a: Rillaboom\n|upkeep\n|\n|t:|1699721893\n|switch|p2a: Greninja|Greninja, M|74\/100\n|switch|p1a: Sneasler|Sneasler, F|66\/100\n|-damage|p1a: Sneasler|60\/100|[from] Stealth Rock\n|turn|14\n|\n|t:|1699721901\n|move|p1a: Sneasler|Fake Out|p2a: Greninja\n|-damage|p2a: Greninja|50\/100\n|cant|p2a: Greninja|flinch\n|\n|-weather|Sandstorm|[upkeep]\n|-damage|p2a: Greninja|44\/100|[from] Sandstorm\n|-damage|p1a: Sneasler|54\/100|[from] Sandstorm\n|-heal|p2a: Greninja|50\/100|[from] Grassy Terrain\n|-heal|p1a: Sneasler|60\/100|[from] Grassy Terrain\n|upkeep\n|turn|15\n|\n|t:|1699721913\n|move|p2a: Greninja|U-turn|p1a: Sneasler\n|-start|p2a: Greninja|typechange|Bug|[from] ability: Protean\n|-resisted|p1a: Sneasler\n|-damage|p1a: Sneasler|42\/100\n|-damage|p2a: Greninja|40\/100|[from] item: Life Orb\n|\n|t:|1699721924\n|switch|p2a: Heatran|Heatran, M, tera:Grass|50\/100 tox|[from] U-turn\n|move|p1a: Sneasler|Dire Claw|p2a: Heatran\n|-supereffective|p2a: Heatran\n|-damage|p2a: Heatran|0 fnt\n|faint|p2a: Heatran\n|\n|-weather|Sandstorm|[upkeep]\n|-damage|p1a: Sneasler|36\/100|[from] Sandstorm\n|-heal|p1a: Sneasler|42\/100|[from] Grassy Terrain\n|-fieldend|move: Grassy Terrain\n|upkeep\n|\n|t:|1699721925\n|switch|p2a: Skarmory|Skarmory, F|100\/100\n|turn|16\n|\n|t:|1699721934\n|move|p1a: Sneasler|Close Combat|p2a: Skarmory\n|-damage|p2a: Skarmory|53\/100\n|-unboost|p1a: Sneasler|def|1\n|-unboost|p1a: Sneasler|spd|1\n|-enditem|p2a: Skarmory|Red Card|[of] p1a: Sneasler\n|drag|p1a: Great Tusk|Great Tusk|100\/100\n|-damage|p1a: Great Tusk|98\/100|[from] Stealth Rock\n|move|p2a: Skarmory|Spikes|p1a: Great Tusk\n|-sidestart|p1: tdd20070515\u5179\u4f0f\u5947\u5927\u543e|Spikes\n|\n|-weather|none\n|upkeep\n|turn|17\n|\n|t:|1699721947\n|move|p1a: Great Tusk|Rapid Spin|p2a: Skarmory\n|-resisted|p2a: Skarmory\n|-damage|p2a: Skarmory|47\/100\n|-boost|p1a: Great Tusk|spe|1\n|-sideend|p1: tdd20070515\u5179\u4f0f\u5947\u5927\u543e|Spikes|[from] move: Rapid Spin|[of] p1a: Great Tusk\n|-sideend|p1: tdd20070515\u5179\u4f0f\u5947\u5927\u543e|Stealth Rock|[from] move: Rapid Spin|[of] p1a: Great Tusk\n|move|p2a: Skarmory|Toxic|p1a: Great Tusk\n|-status|p1a: Great Tusk|tox\n|\n|-damage|p1a: Great Tusk|91\/100 tox|[from] psn\n|upkeep\n|turn|18\n|\n|t:|1699721955\n|-zpower|p1a: Great Tusk\n|move|p1a: Great Tusk|Subzero Slammer|p2a: Skarmory|[zeffect]\n|-damage|p2a: Skarmory|5\/100\n|move|p2a: Skarmory|Roost|p2a: Skarmory\n|-heal|p2a: Skarmory|55\/100\n|-singleturn|p2a: Skarmory|move: Roost\n|\n|-damage|p1a: Great Tusk|79\/100 tox|[from] psn\n|upkeep\n|turn|19\n|\n|t:|1699721969\n|-end|p1a: Great Tusk|Protosynthesis|[silent]\n|switch|p1a: Sneasler|Sneasler, F|42\/100\n|move|p2a: Skarmory|Roost|p2a: Skarmory\n|-heal|p2a: Skarmory|100\/100\n|-singleturn|p2a: Skarmory|move: Roost\n|\n|upkeep\n|turn|20\n|\n|t:|1699721973\n|move|p1a: Sneasler|Close Combat|p2a: Skarmory\n|-damage|p2a: Skarmory|53\/100\n|-unboost|p1a: Sneasler|def|1\n|-unboost|p1a: Sneasler|spd|1\n|move|p2a: Skarmory|Spikes|p1a: Sneasler\n|-sidestart|p1: tdd20070515\u5179\u4f0f\u5947\u5927\u543e|Spikes\n|\n|upkeep\n|turn|21\n|\n|t:|1699721981\n|switch|p2a: Tyranitar|Tyranitar, M|51\/100\n|-weather|Sandstorm|[from] ability: Sand Stream|[of] p2a: Tyranitar\n|move|p1a: Sneasler|Close Combat|p2a: Tyranitar\n|-supereffective|p2a: Tyranitar\n|-damage|p2a: Tyranitar|0 fnt\n|-unboost|p1a: Sneasler|def|1\n|-unboost|p1a: Sneasler|spd|1\n|faint|p2a: Tyranitar\n|\n|-weather|Sandstorm|[upkeep]\n|-damage|p1a: Sneasler|36\/100|[from] Sandstorm\n|upkeep\n|\n|t:|1699721983\n|switch|p2a: Greninja|Greninja, M|40\/100\n|turn|22\n|\n|t:|1699721988\n|switch|p1a: Scizor|Scizor-Mega, M|100\/100\n|-damage|p1a: Scizor|88\/100|[from] Spikes\n|move|p2a: Greninja|Waterfall|p1a: Scizor\n|-start|p2a: Greninja|typechange|Water|[from] ability: Protean\n|-damage|p1a: Scizor|64\/100\n|-damage|p2a: Greninja|31\/100|[from] item: Life Orb\n|\n|-weather|Sandstorm|[upkeep]\n|-damage|p2a: Greninja|25\/100|[from] Sandstorm\n|upkeep\n|turn|23\n|\n|t:|1699721995\n|switch|p2a: Skarmory|Skarmory, F|53\/100\n|move|p1a: Scizor|Roost|p1a: Scizor\n|-heal|p1a: Scizor|100\/100\n|-singleturn|p1a: Scizor|move: Roost\n|\n|-weather|Sandstorm|[upkeep]\n|upkeep\n|turn|24\n|\n|t:|1699722000\n|move|p1a: Scizor|U-turn|p2a: Skarmory\n|-resisted|p2a: Skarmory\n|-damage|p2a: Skarmory|46\/100\n|-message|takeo115 forfeited.\n|\n|win|tdd20070515\u5179\u4f0f\u5947\u5927\u543e\n|raw|tdd20070515\u5179\u4f0f\u5947\u5927\u543e's rating: 1315 &rarr; <strong>1332<\/strong><br \/>(+17 for winning)\n|raw|takeo115's rating: 1264 &rarr; <strong>1243<\/strong><br \/>(-21 for losing)\n|l|\u2606takeo115\n","uploadtime":1699722009,"views":5,"p1id":"tdd20070515","p2id":"takeo115","formatid":"gen9nationaldex","rating":1243,"private":0,"password":""}