{"id":"gen9nationaldex-1988665841","p1":"OnlyPyper","p2":"Corazonmorado27","format":"[Gen 9] National Dex","log":"|j|\u2606OnlyPyper\n|j|\u2606Corazonmorado27\n|t:|1699748084\n|gametype|singles\n|player|p1|OnlyPyper|shauntal|\n|player|p2|Corazonmorado27|170|\n|teamsize|p1|6\n|teamsize|p2|6\n|gen|9\n|tier|[Gen 9] National Dex\n|rule|HP Percentage Mod: HP is shown in percentages\n|rule|Endless Battle Clause: Forcing endless battles is banned\n|rule|OHKO Clause: OHKO moves are banned\n|rule|Evasion Clause: Evasion abilities, items, and moves are banned\n|rule|Evasion Abilities Clause: Evasion abilities are banned\n|rule|Evasion Items Clause: Evasion items are banned\n|rule|Evasion Moves Clause: Evasion moves are banned\n|rule|Species Clause: Limit one of each Pok\u00e9mon\n|rule|Sleep Clause Mod: Limit one foe put to sleep\n|clearpoke\n|poke|p1|Primarina, F|\n|poke|p1|Banette, F|\n|poke|p1|Raichu-Alola, F|\n|poke|p1|Masquerain, F|\n|poke|p1|Audino, F|\n|poke|p1|Toxicroak, F|\n|poke|p2|Inteleon, M|\n|poke|p2|Corviknight, F|\n|poke|p2|Eldegoss, F|\n|poke|p2|Cinderace, M|\n|poke|p2|Hatterene, F|\n|poke|p2|Grapploct, M|\n|teampreview\n|c|\u2606Corazonmorado27|suerte uwu\n|c|\u2606OnlyPyper|Suerte qlona uwu\n|c|\u2606Corazonmorado27|me apeteci\u00f3 llevar a estos\n|c|\u2606OnlyPyper|Ta bien\n|c|\u2606OnlyPyper|No es como que el cinde me qlee todo el team\n|c|\u2606Corazonmorado27|XDXD\n|\n|t:|1699748131\n|start\n|switch|p1a: Isha|Audino, F|100\/100\n|switch|p2a: Mr. Cinderace|Cinderace, M|100\/100\n|turn|1\n|\n|t:|1699748145\n|detailschange|p1a: Isha|Audino-Mega, F\n|-mega|p1a: Isha|Audino|Audinite\n|move|p2a: Mr. Cinderace|U-turn|p1a: Isha\n|-start|p2a: Mr. Cinderace|typechange|Bug|[from] ability: Libero\n|-resisted|p1a: Isha\n|-damage|p1a: Isha|88\/100\n|\n|t:|1699748150\n|switch|p2a: Miss. Corviknight|Corviknight, F|100\/100|[from] U-turn\n|-ability|p2a: Miss. Corviknight|Pressure\n|move|p1a: Isha|Wish|p1a: Isha\n|\n|upkeep\n|turn|2\n|\n|t:|1699748165\n|switch|p1a: Teshie|Raichu-Alola, F|100\/100\n|move|p2a: Miss. Corviknight|U-turn|p1a: Teshie\n|-supereffective|p1a: Teshie\n|-damage|p1a: Teshie|39\/100\n|c|\u2606OnlyPyper|Dios tiene un chingo de defensa est\u00e1 kbrona\n|c|\u2606Corazonmorado27|porquelamandesinistabacerotiene?XD\n|c|\u2606OnlyPyper|Por miada\n|\n|t:|1699748188\n|switch|p2a: Mr. Inteleon|Inteleon, M|100\/100|[from] U-turn\n|\n|-heal|p1a: Teshie|100\/100|[from] move: Wish|[wisher] Isha\n|upkeep\n|turn|3\n|\n|t:|1699748230\n|switch|p1a: Summer|Toxicroak, F|100\/100\n|move|p2a: Mr. Inteleon|Dark Pulse|p1a: Summer\n|-resisted|p1a: Summer\n|-crit|p1a: Summer\n|-damage|p1a: Summer|31\/100\n|\n|upkeep\n|turn|4\n|c|\u2606Corazonmorado27|dios\n|c|\u2606OnlyPyper|Auch\n|\n|t:|1699748283\n|switch|p1a: Isha|Audino-Mega, F|88\/100\n|move|p2a: Mr. Inteleon|Dark Pulse|p1a: Isha\n|-resisted|p1a: Isha\n|-damage|p1a: Isha|74\/100\n|\n|upkeep\n|turn|5\n|j| mixco\n|\n|t:|1699748296\n|switch|p2a: Miss. Haterrene|Hatterene, F|100\/100\n|move|p1a: Isha|Wish|p1a: Isha\n|\n|upkeep\n|turn|6\n|c|\u2606OnlyPyper|Aguanta un chingo\n|\n|t:|1699748309\n|switch|p1a: Summer|Toxicroak, F|31\/100\n|move|p2a: Miss. Haterrene|Nuzzle|p1a: Summer\n|-damage|p1a: Summer|25\/100\n|-status|p1a: Summer|par\n|\n|-heal|p1a: Summer|92\/100 par|[from] move: Wish|[wisher] Isha\n|upkeep\n|turn|7\n|c|\u2606Corazonmorado27|ya vi\n|c|\u2606OnlyPyper|Messi\n|c|\u2606OnlyPyper|Mejor a qu\u00e9 se coma un psychock\n|\n|t:|1699748334\n|switch|p1a: Teshie|Raichu-Alola, F|100\/100\n|switch|p2a: Miss. Corviknight|Corviknight, F|100\/100\n|-ability|p2a: Miss. Corviknight|Pressure\n|\n|upkeep\n|turn|8\n|\n|t:|1699748344\n|switch|p2a: Miss. Eldegoss|Eldegoss, F|100\/100\n|move|p1a: Teshie|Volt Switch|p2a: Miss. Eldegoss\n|-resisted|p2a: Miss. Eldegoss\n|-damage|p2a: Miss. Eldegoss|86\/100\n|\n|t:|1699748358\n|switch|p1a: Summer|Toxicroak, F|92\/100 par|[from] Volt Switch\n|\n|upkeep\n|turn|9\n|\n|t:|1699748375\n|move|p2a: Miss. Eldegoss|Leech Seed|p1a: Summer\n|-start|p1a: Summer|move: Leech Seed\n|cant|p1a: Summer|par\n|\n|-damage|p1a: Summer|79\/100 par|[from] Leech Seed|[of] p2a: Miss. Eldegoss\n|-heal|p2a: Miss. Eldegoss|100\/100|[silent]\n|upkeep\n|turn|10\n|\n|t:|1699748388\n|switch|p2a: Miss. Corviknight|Corviknight, F|100\/100\n|-ability|p2a: Miss. Corviknight|Pressure\n|switch|p1a: Dory|Banette, F|100\/100\n|-item|p2a: Miss. Corviknight|Rocky Helmet|[from] ability: Frisk|[of] p1a: Dory|[identify]\n|\n|upkeep\n|turn|11\n|\n|t:|1699748405\n|move|p1a: Dory|Swords Dance|p1a: Dory\n|-boost|p1a: Dory|atk|2\n|move|p2a: Miss. Corviknight|Brave Bird|p1a: Dory\n|-damage|p1a: Dory|35\/100\n|-damage|p2a: Miss. Corviknight|86\/100|[from] Recoil\n|\n|upkeep\n|turn|12\n|c| mixco|La -w-\n|\n|t:|1699748434\n|move|p1a: Dory|Poltergeist|p2a: Miss. Corviknight\n|-activate|p2a: Miss. Corviknight|move: Poltergeist|Rocky Helmet\n|-damage|p2a: Miss. Corviknight|8\/100\n|move|p2a: Miss. Corviknight|Roost|p2a: Miss. Corviknight\n|-heal|p2a: Miss. Corviknight|58\/100\n|-singleturn|p2a: Miss. Corviknight|move: Roost\n|\n|upkeep\n|turn|13\n|c|\u2606OnlyPyper|Dios\n|c|\u2606OnlyPyper|Hija de er diavlo\n|c|\u2606Corazonmorado27|y si\n|\n|t:|1699748464\n|move|p1a: Dory|Poltergeist|p2a: Miss. Corviknight\n|-activate|p2a: Miss. Corviknight|move: Poltergeist|Rocky Helmet\n|-damage|p2a: Miss. Corviknight|0 fnt\n|faint|p2a: Miss. Corviknight\n|\n|upkeep\n|\n|t:|1699748511\n|switch|p2a: Mr. Grapploct|Grapploct, M|100\/100\n|turn|14\n|\n|t:|1699748522\n|move|p1a: Dory|Shadow Sneak|p2a: Mr. Grapploct\n|-damage|p2a: Mr. Grapploct|60\/100\n|move|p2a: Mr. Grapploct|Sucker Punch||[still]\n|-fail|p2a: Mr. Grapploct\n|\n|upkeep\n|turn|15\n|\n|t:|1699748528\n|move|p1a: Dory|Poltergeist|p2a: Mr. Grapploct\n|-activate|p2a: Mr. Grapploct|move: Poltergeist|Focus Sash\n|-damage|p2a: Mr. Grapploct|0 fnt\n|faint|p2a: Mr. Grapploct\n|\n|upkeep\n|c|\u2606Corazonmorado27|dios, que horribleeee\n|\n|t:|1699748555\n|switch|p2a: Mr. Cinderace|Cinderace, M|100\/100\n|turn|16\n|\n|t:|1699748579\n|move|p2a: Mr. Cinderace|Sucker Punch|p1a: Dory\n|-start|p2a: Mr. Cinderace|typechange|Dark|[from] ability: Libero\n|-supereffective|p1a: Dory\n|-damage|p1a: Dory|0 fnt\n|faint|p1a: Dory\n|\n|upkeep\n|\n|t:|1699748588\n|switch|p1a: Isha|Audino-Mega, F|74\/100\n|turn|17\n|\n|t:|1699748602\n|switch|p2a: Miss. Haterrene|Hatterene, F|100\/100\n|move|p1a: Isha|Heal Bell|p1a: Isha\n|-activate|p1a: Isha|move: Heal Bell\n|-curestatus|p1: Summer|par|[msg]\n|\n|upkeep\n|turn|18\n|c|\u2606OnlyPyper|Que es audino wey? XD\n|\n|t:|1699748619\n|switch|p1a: Teshie|Raichu-Alola, F|100\/100\n|move|p2a: Miss. Haterrene|Calm Mind|p2a: Miss. Haterrene\n|-boost|p2a: Miss. Haterrene|spa|1\n|-boost|p2a: Miss. Haterrene|spd|1\n|\n|upkeep\n|turn|19\n|c| mixco|Nose\n|c|\u2606Corazonmorado27|sepa\n|c| mixco|Una cabra?\n|\n|t:|1699748636\n|move|p1a: Teshie|Volt Switch|p2a: Miss. Haterrene\n|-damage|p2a: Miss. Haterrene|67\/100\n|\n|t:|1699748648\n|switch|p1a: Nerea|Primarina, F|100\/100|[from] Volt Switch\n|move|p2a: Miss. Haterrene|Draining Kiss|p1a: Nerea\n|-damage|p1a: Nerea|69\/100\n|-heal|p2a: Miss. Haterrene|89\/100|[from] drain|[of] p1a: Nerea\n|\n|-heal|p1a: Nerea|75\/100|[from] item: Leftovers\n|-heal|p2a: Miss. Haterrene|95\/100|[from] item: Leftovers\n|upkeep\n|turn|20\n|c|\u2606OnlyPyper|Que jota\n|c|\u2606Corazonmorado27|XDXD\n|c| mixco|XD\n|c|\u2606OnlyPyper|Dudo que audino sea una cabra xd\n|\n|t:|1699748685\n|move|p1a: Nerea|Calm Mind|p1a: Nerea\n|-boost|p1a: Nerea|spa|1\n|-boost|p1a: Nerea|spd|1\n|move|p2a: Miss. Haterrene|Nuzzle|p1a: Nerea\n|-supereffective|p1a: Nerea\n|-damage|p1a: Nerea|65\/100\n|-status|p1a: Nerea|par\n|\n|-heal|p1a: Nerea|71\/100 par|[from] item: Leftovers\n|-heal|p2a: Miss. Haterrene|100\/100|[from] item: Leftovers\n|upkeep\n|turn|21\n|\n|t:|1699748697\n|move|p1a: Nerea|Encore|p2a: Miss. Haterrene\n|move|p2a: Miss. Haterrene|Encore||[from]ability: Magic Bounce|[still]\n|-fail|p2a: Miss. Haterrene\n|move|p2a: Miss. Haterrene|Calm Mind|p2a: Miss. Haterrene\n|-boost|p2a: Miss. Haterrene|spa|1\n|-boost|p2a: Miss. Haterrene|spd|1\n|\n|-heal|p1a: Nerea|77\/100 par|[from] item: Leftovers\n|upkeep\n|turn|22\n|c|\u2606OnlyPyper|Ignoremos eso\n|c|\u2606OnlyPyper|Porfa\n|c|\u2606Corazonmorado27|XDXD\n|c|\u2606Corazonmorado27|oka\n|\n|t:|1699748713\n|cant|p1a: Nerea|par\n|move|p2a: Miss. Haterrene|Calm Mind|p2a: Miss. Haterrene\n|-boost|p2a: Miss. Haterrene|spa|1\n|-boost|p2a: Miss. Haterrene|spd|1\n|\n|-heal|p1a: Nerea|83\/100 par|[from] item: Leftovers\n|upkeep\n|turn|23\n|c| mixco|XDDD\n|\n|t:|1699748726\n|move|p1a: Nerea|Scald|p2a: Miss. Haterrene\n|-damage|p2a: Miss. Haterrene|79\/100\n|move|p2a: Miss. Haterrene|Calm Mind|p2a: Miss. Haterrene\n|-boost|p2a: Miss. Haterrene|spa|1\n|-boost|p2a: Miss. Haterrene|spd|1\n|\n|-heal|p1a: Nerea|89\/100 par|[from] item: Leftovers\n|-heal|p2a: Miss. Haterrene|85\/100|[from] item: Leftovers\n|upkeep\n|turn|24\n|\n|t:|1699748739\n|move|p1a: Nerea|Scald|p2a: Miss. Haterrene\n|-damage|p2a: Miss. Haterrene|69\/100\n|-status|p2a: Miss. Haterrene|brn\n|move|p2a: Miss. Haterrene|Draining Kiss|p1a: Nerea\n|-damage|p1a: Nerea|46\/100 par\n|-heal|p2a: Miss. Haterrene|99\/100 brn|[from] drain|[of] p1a: Nerea\n|\n|-heal|p1a: Nerea|52\/100 par|[from] item: Leftovers\n|-heal|p2a: Miss. Haterrene|100\/100 brn|[from] item: Leftovers\n|-damage|p2a: Miss. Haterrene|95\/100 brn|[from] brn\n|upkeep\n|turn|25\n|c|\u2606OnlyPyper|Cada d\u00eda m\u00e1s jota\n|c|\u2606OnlyPyper|Las 2\n|c|\u2606OnlyPyper|Pq est\u00e1 supuestamente es hetere\n|c|\u2606Corazonmorado27|XDXD\n|\n|t:|1699748776\n|move|p1a: Nerea|Draining Kiss|p2a: Miss. Haterrene\n|-damage|p2a: Miss. Haterrene|84\/100 brn\n|-heal|p1a: Nerea|60\/100 par|[from] drain|[of] p2a: Miss. Haterrene\n|move|p2a: Miss. Haterrene|Draining Kiss|p1a: Nerea\n|-damage|p1a: Nerea|18\/100 par\n|-heal|p2a: Miss. Haterrene|100\/100 brn|[from] drain|[of] p1a: Nerea\n|\n|-heal|p1a: Nerea|24\/100 par|[from] item: Leftovers\n|-damage|p2a: Miss. Haterrene|95\/100 brn|[from] brn\n|upkeep\n|turn|26\n|c|\u2606Corazonmorado27|esta tmb\n|c| mixco|XDD\n|c|\u2606Corazonmorado27|XD\n|c| mixco|Son para reforzar la amistad\n|c|\u2606Corazonmorado27|XDXD\n|\n|t:|1699748798\n|move|p1a: Nerea|Scald|p2a: Miss. Haterrene\n|-damage|p2a: Miss. Haterrene|68\/100 brn\n|move|p2a: Miss. Haterrene|Draining Kiss|p1a: Nerea\n|-damage|p1a: Nerea|0 fnt\n|-heal|p2a: Miss. Haterrene|85\/100 brn|[from] drain|[of] p1a: Nerea\n|faint|p1a: Nerea\n|\n|-heal|p2a: Miss. Haterrene|91\/100 brn|[from] item: Leftovers\n|-damage|p2a: Miss. Haterrene|85\/100 brn|[from] brn\n|upkeep\n|c|\u2606OnlyPyper|Jsbsjsjsjs\n|\n|t:|1699748809\n|switch|p1a: Summer|Toxicroak, F|79\/100\n|turn|27\n|\n|t:|1699748819\n|switch|p1a: Teshie|Raichu-Alola, F|100\/100\n|-terastallize|p2a: Miss. Haterrene|Water\n|move|p2a: Miss. Haterrene|Psyshock|p1a: Teshie\n|-resisted|p1a: Teshie\n|-damage|p1a: Teshie|0 fnt\n|faint|p1a: Teshie\n|\n|-heal|p2a: Miss. Haterrene|91\/100 brn|[from] item: Leftovers\n|-damage|p2a: Miss. Haterrene|85\/100 brn|[from] brn\n|upkeep\n|c|\u2606OnlyPyper|Lo sab\u00eda\n|\n|t:|1699748831\n|switch|p1a: Summer|Toxicroak, F|79\/100\n|turn|28\n|\n|t:|1699748840\n|-terastallize|p1a: Summer|Dark\n|move|p1a: Summer|Thunder Punch|p2a: Miss. Haterrene\n|-supereffective|p2a: Miss. Haterrene\n|-damage|p2a: Miss. Haterrene|26\/100 brn\n|move|p2a: Miss. Haterrene|Draining Kiss|p1a: Summer\n|-supereffective|p1a: Summer\n|-damage|p1a: Summer|0 fnt\n|-heal|p2a: Miss. Haterrene|83\/100 brn|[from] drain|[of] p1a: Summer\n|faint|p1a: Summer\n|\n|-heal|p2a: Miss. Haterrene|89\/100 brn|[from] item: Leftovers\n|-damage|p2a: Miss. Haterrene|83\/100 brn|[from] brn\n|upkeep\n|c|\u2606OnlyPyper|No la pta madre xdddd\n|c|\u2606Corazonmorado27|pens\u00e9 en neutro\n|c|\u2606Corazonmorado27|me sali\u00f3 mejor de lo esperado\n|\n|t:|1699748860\n|switch|p1a: Ame|Masquerain, F|100\/100\n|-ability|p1a: Ame|Intimidate|boost\n|-unboost|p2a: Miss. Haterrene|atk|1\n|turn|29\n|c|\u2606OnlyPyper|Baila hija de er diavlo\n|c|\u2606Corazonmorado27|XD\n|\n|t:|1699748887\n|move|p1a: Ame|Quiver Dance|p1a: Ame\n|-boost|p1a: Ame|spa|1\n|-boost|p1a: Ame|spd|1\n|-boost|p1a: Ame|spe|1\n|move|p2a: Miss. Haterrene|Draining Kiss|p1a: Ame\n|-damage|p1a: Ame|31\/100\n|-heal|p2a: Miss. Haterrene|100\/100 brn|[from] drain|[of] p1a: Ame\n|\n|-damage|p2a: Miss. Haterrene|95\/100 brn|[from] brn\n|upkeep\n|turn|30\n|c|\u2606OnlyPyper|Dios\n|\n|t:|1699748899\n|move|p1a: Ame|Hurricane|p2a: Miss. Haterrene|[miss]\n|-miss|p1a: Ame|p2a: Miss. Haterrene\n|move|p2a: Miss. Haterrene|Psyshock|p1a: Ame\n|-damage|p1a: Ame|0 fnt\n|faint|p1a: Ame\n|\n|-heal|p2a: Miss. Haterrene|100\/100 brn|[from] item: Leftovers\n|-damage|p2a: Miss. Haterrene|95\/100 brn|[from] brn\n|upkeep\n|c|\u2606Corazonmorado27|930 spa\n|c|\u2606OnlyPyper|Pero\n|c|\u2606Corazonmorado27|por eso\n|c|\u2606OnlyPyper|Pipipi\n|\n|t:|1699748911\n|switch|p1a: Isha|Audino-Mega, F|74\/100\n|turn|31\n|c|\u2606Corazonmorado27|aunque cambie, qu\u00e9 har\u00e1 Isha?\n|c|\u2606OnlyPyper|Morir\n|c|\u2606OnlyPyper|O stallear pp\n|\n|t:|1699748955\n|move|p1a: Isha|Wish|p1a: Isha\n|move|p2a: Miss. Haterrene|Psyshock|p1a: Isha\n|-damage|p1a: Isha|15\/100\n|\n|-heal|p2a: Miss. Haterrene|100\/100 brn|[from] item: Leftovers\n|-damage|p2a: Miss. Haterrene|95\/100 brn|[from] brn\n|upkeep\n|turn|32\n|\n|t:|1699748969\n|move|p1a: Isha|Dazzling Gleam|p2a: Miss. Haterrene\n|-damage|p2a: Miss. Haterrene|86\/100 brn\n|move|p2a: Miss. Haterrene|Calm Mind|p2a: Miss. Haterrene\n|-boost|p2a: Miss. Haterrene|spa|1\n|-boost|p2a: Miss. Haterrene|spd|1\n|\n|-heal|p1a: Isha|65\/100|[from] move: Wish|[wisher] Isha\n|-heal|p2a: Miss. Haterrene|92\/100 brn|[from] item: Leftovers\n|-damage|p2a: Miss. Haterrene|86\/100 brn|[from] brn\n|upkeep\n|turn|33\n|c|\u2606Corazonmorado27|esperaba tect XD\n|c|\u2606OnlyPyper|Lo s\u00e9\n|\n|t:|1699748984\n|move|p1a: Isha|Wish|p1a: Isha\n|move|p2a: Miss. Haterrene|Psyshock|p1a: Isha\n|-damage|p1a: Isha|5\/100\n|\n|-heal|p2a: Miss. Haterrene|92\/100 brn|[from] item: Leftovers\n|-damage|p2a: Miss. Haterrene|86\/100 brn|[from] brn\n|upkeep\n|turn|34\n|\n|t:|1699748993\n|move|p1a: Isha|Protect|p1a: Isha\n|-singleturn|p1a: Isha|Protect\n|move|p2a: Miss. Haterrene|Draining Kiss|p1a: Isha\n|-activate|p1a: Isha|move: Protect\n|\n|-heal|p1a: Isha|55\/100|[from] move: Wish|[wisher] Isha\n|-heal|p2a: Miss. Haterrene|92\/100 brn|[from] item: Leftovers\n|-damage|p2a: Miss. Haterrene|86\/100 brn|[from] brn\n|upkeep\n|turn|35\n|\n|t:|1699749005\n|move|p1a: Isha|Wish|p1a: Isha\n|move|p2a: Miss. Haterrene|Psyshock|p1a: Isha\n|-damage|p1a: Isha|0 fnt\n|faint|p1a: Isha\n|\n|win|Corazonmorado27\n|c|\u2606OnlyPyper|Gg\n|c|\u2606Corazonmorado27|1085 spa\n|c|\u2606Corazonmorado27|dios\n|c|\u2606Corazonmorado27|gg\n","uploadtime":1699749019,"views":5,"p1id":"onlypyper","p2id":"corazonmorado27","formatid":"gen9nationaldex","rating":0,"private":0,"password":""}