{"id":"gen9nationaldex-1987651293","p1":"Haruken13","p2":"steals many wives","format":"[Gen 9] National Dex","log":"|j|\u2606Haruken13\n|j|\u2606steals many wives\n|t:|1699624095\n|gametype|singles\n|player|p1|Haruken13|pryce|1114\n|player|p2|steals many wives|waitress|1022\n|teamsize|p1|6\n|teamsize|p2|6\n|gen|9\n|tier|[Gen 9] National Dex\n|rated|\n|rule|HP Percentage Mod: HP is shown in percentages\n|rule|Endless Battle Clause: Forcing endless battles is banned\n|rule|OHKO Clause: OHKO moves are banned\n|rule|Evasion Clause: Evasion abilities, items, and moves are banned\n|rule|Evasion Abilities Clause: Evasion abilities are banned\n|rule|Evasion Items Clause: Evasion items are banned\n|rule|Evasion Moves Clause: Evasion moves are banned\n|rule|Species Clause: Limit one of each Pok\u00e9mon\n|rule|Sleep Clause Mod: Limit one foe put to sleep\n|clearpoke\n|poke|p1|Leavanny, F|\n|poke|p1|Araquanid, F|\n|poke|p1|Volcarona, F|\n|poke|p1|Clawitzer, F|\n|poke|p1|Pinsir, M|\n|poke|p1|Inteleon, F|\n|poke|p2|Torterra, F|\n|poke|p2|Excadrill, M|\n|poke|p2|Clodsire, M|\n|poke|p2|Gastrodon, F|\n|poke|p2|Mudsdale, F|\n|poke|p2|Camerupt, M|\n|teampreview\n|\n|t:|1699624113\n|start\n|switch|p1a: Volcarona|Volcarona, F|100\/100\n|switch|p2a: Vesuvius|Camerupt, M|100\/100\n|turn|1\n|\n|t:|1699624118\n|detailschange|p2a: Vesuvius|Camerupt-Mega, M\n|-mega|p2a: Vesuvius|Camerupt|Cameruptite\n|move|p1a: Volcarona|Quiver Dance|p1a: Volcarona\n|-boost|p1a: Volcarona|spa|1\n|-boost|p1a: Volcarona|spd|1\n|-boost|p1a: Volcarona|spe|1\n|move|p2a: Vesuvius|Ancient Power|p1a: Volcarona\n|-supereffective|p1a: Volcarona\n|-damage|p1a: Volcarona|37\/100\n|\n|upkeep\n|turn|2\n|\n|t:|1699624129\n|move|p1a: Volcarona|Giga Drain|p2a: Vesuvius\n|-damage|p2a: Vesuvius|58\/100\n|-heal|p1a: Volcarona|61\/100|[from] drain|[of] p2a: Vesuvius\n|move|p2a: Vesuvius|Ancient Power|p1a: Volcarona\n|-supereffective|p1a: Volcarona\n|-damage|p1a: Volcarona|0 fnt\n|faint|p1a: Volcarona\n|\n|upkeep\n|inactive|Battle timer is ON: inactive players will automatically lose when time's up. (requested by Haruken13)\n|\n|t:|1699624132\n|switch|p1a: Araquanid|Araquanid, F|100\/100\n|turn|3\n|\n|t:|1699624138\n|switch|p2a: The Slimy One|Gastrodon, F|100\/100\n|move|p1a: Araquanid|Sticky Web|p2a: The Slimy One\n|-sidestart|p2: steals many wives|move: Sticky Web\n|\n|upkeep\n|turn|4\n|\n|t:|1699624163\n|move|p1a: Araquanid|Iron Defense|p1a: Araquanid\n|-boost|p1a: Araquanid|def|2\n|move|p2a: The Slimy One|Yawn|p1a: Araquanid\n|-start|p1a: Araquanid|move: Yawn|[of] p2a: The Slimy One\n|\n|upkeep\n|turn|5\n|\n|t:|1699624173\n|switch|p2a: Vesuvius|Camerupt-Mega, M|58\/100\n|-activate|p2a: Vesuvius|move: Sticky Web\n|-unboost|p2a: Vesuvius|spe|1\n|move|p1a: Araquanid|Lunge|p2a: Vesuvius\n|-resisted|p2a: Vesuvius\n|-damage|p2a: Vesuvius|45\/100\n|-unboost|p2a: Vesuvius|atk|1\n|\n|-end|p1a: Araquanid|move: Yawn|[silent]\n|-status|p1a: Araquanid|slp\n|upkeep\n|turn|6\n|\n|t:|1699624184\n|cant|p1a: Araquanid|slp\n|move|p2a: Vesuvius|Ancient Power|p1a: Araquanid\n|-supereffective|p1a: Araquanid\n|-damage|p1a: Araquanid|51\/100 slp\n|\n|upkeep\n|turn|7\n|\n|t:|1699624189\n|cant|p1a: Araquanid|slp\n|move|p2a: Vesuvius|Ancient Power|p1a: Araquanid\n|-supereffective|p1a: Araquanid\n|-damage|p1a: Araquanid|0 fnt\n|faint|p1a: Araquanid\n|\n|upkeep\n|\n|t:|1699624195\n|switch|p1a: Inteleon|Inteleon, F|100\/100\n|turn|8\n|\n|t:|1699624199\n|switch|p2a: The Slimy One|Gastrodon, F|100\/100\n|-activate|p2a: The Slimy One|move: Sticky Web\n|-unboost|p2a: The Slimy One|spe|1\n|move|p1a: Inteleon|Snipe Shot|p2a: The Slimy One\n|-ability|p2a: The Slimy One|Storm Drain|boost\n|-boost|p2a: The Slimy One|spa|1\n|\n|upkeep\n|turn|9\n|\n|t:|1699624206\n|move|p1a: Inteleon|U-turn|p2a: The Slimy One\n|-damage|p2a: The Slimy One|89\/100\n|\n|t:|1699624216\n|switch|p1a: Clawitzer|Clawitzer, F|100\/100|[from] U-turn\n|move|p2a: The Slimy One|Earth Power|p1a: Clawitzer\n|-damage|p1a: Clawitzer|44\/100\n|\n|-heal|p2a: The Slimy One|95\/100|[from] item: Leftovers\n|upkeep\n|turn|10\n|\n|t:|1699624232\n|move|p1a: Clawitzer|Dragon Pulse|p2a: The Slimy One\n|-damage|p2a: The Slimy One|38\/100\n|move|p2a: The Slimy One|Earth Power|p1a: Clawitzer\n|-damage|p1a: Clawitzer|0 fnt\n|faint|p1a: Clawitzer\n|\n|-heal|p2a: The Slimy One|44\/100|[from] item: Leftovers\n|upkeep\n|\n|t:|1699624236\n|switch|p1a: Leavanny|Leavanny, F|100\/100\n|turn|11\n|\n|t:|1699624243\n|switch|p2a: Vesuvius|Camerupt-Mega, M|45\/100\n|-activate|p2a: Vesuvius|move: Sticky Web\n|-unboost|p2a: Vesuvius|spe|1\n|move|p1a: Leavanny|Trailblaze|p2a: Vesuvius\n|-damage|p2a: Vesuvius|24\/100\n|-boost|p1a: Leavanny|spe|1\n|\n|upkeep\n|turn|12\n|\n|t:|1699624251\n|-terastallize|p1a: Leavanny|Bug\n|move|p1a: Leavanny|Fell Stinger|p2a: Vesuvius\n|-resisted|p2a: Vesuvius\n|-damage|p2a: Vesuvius|7\/100\n|move|p2a: Vesuvius|Flamethrower|p1a: Leavanny\n|-supereffective|p1a: Leavanny\n|-enditem|p1a: Leavanny|Focus Sash\n|-damage|p1a: Leavanny|1\/100\n|\n|upkeep\n|turn|13\n|\n|t:|1699624261\n|switch|p2a: Land Blimp|Clodsire, M|100\/100\n|-activate|p2a: Land Blimp|move: Sticky Web\n|-unboost|p2a: Land Blimp|spe|1\n|move|p1a: Leavanny|Fell Stinger|p2a: Land Blimp\n|-resisted|p2a: Land Blimp\n|-damage|p2a: Land Blimp|79\/100\n|\n|upkeep\n|turn|14\n|\n|t:|1699624277\n|move|p1a: Leavanny|Lunge|p2a: Land Blimp\n|-resisted|p2a: Land Blimp\n|-damage|p2a: Land Blimp|51\/100\n|-unboost|p2a: Land Blimp|atk|1\n|move|p2a: Land Blimp|Poison Jab|p1a: Leavanny\n|-damage|p1a: Leavanny|0 fnt\n|faint|p1a: Leavanny\n|\n|upkeep\n|c|\u2606steals many wives|I'm so sorry\n|\n|t:|1699624281\n|switch|p1a: Inteleon|Inteleon, F|100\/100\n|turn|15\n|c|\u2606steals many wives|I just lied, i'm not sorry at all\n|\n|t:|1699624297\n|move|p1a: Inteleon|Focus Energy|p1a: Inteleon\n|-start|p1a: Inteleon|move: Focus Energy\n|move|p2a: Land Blimp|Trailblaze|p1a: Inteleon\n|-supereffective|p1a: Inteleon\n|-damage|p1a: Inteleon|73\/100\n|-boost|p2a: Land Blimp|spe|1\n|\n|upkeep\n|turn|16\n|\n|t:|1699624311\n|move|p1a: Inteleon|Air Slash|p2a: Land Blimp\n|-damage|p2a: Land Blimp|39\/100\n|move|p2a: Land Blimp|Trailblaze|p1a: Inteleon\n|-supereffective|p1a: Inteleon\n|-damage|p1a: Inteleon|44\/100\n|-boost|p2a: Land Blimp|spe|1\n|\n|upkeep\n|turn|17\n|\n|t:|1699624317\n|move|p1a: Inteleon|Snipe Shot|p2a: Land Blimp\n|-supereffective|p2a: Land Blimp\n|-crit|p2a: Land Blimp\n|-damage|p2a: Land Blimp|0 fnt\n|faint|p2a: Land Blimp\n|\n|upkeep\n|\n|t:|1699624325\n|switch|p2a: The Slimy One|Gastrodon, F|44\/100\n|-activate|p2a: The Slimy One|move: Sticky Web\n|-unboost|p2a: The Slimy One|spe|1\n|turn|18\n|\n|t:|1699624329\n|move|p1a: Inteleon|Air Slash|p2a: The Slimy One\n|-damage|p2a: The Slimy One|21\/100\n|move|p2a: The Slimy One|Recover|p2a: The Slimy One\n|-heal|p2a: The Slimy One|72\/100\n|\n|-heal|p2a: The Slimy One|78\/100|[from] item: Leftovers\n|upkeep\n|turn|19\n|\n|t:|1699624336\n|move|p1a: Inteleon|Air Slash|p2a: The Slimy One\n|-damage|p2a: The Slimy One|58\/100\n|move|p2a: The Slimy One|Earth Power|p1a: Inteleon\n|-crit|p1a: Inteleon\n|-damage|p1a: Inteleon|0 fnt\n|faint|p1a: Inteleon\n|\n|-heal|p2a: The Slimy One|64\/100|[from] item: Leftovers\n|upkeep\n|\n|t:|1699624338\n|switch|p1a: Pinsir|Pinsir, M|100\/100\n|turn|20\n|\n|t:|1699624346\n|detailschange|p1a: Pinsir|Pinsir-Mega, M\n|-mega|p1a: Pinsir|Pinsir|Pinsirite\n|move|p1a: Pinsir|Swords Dance|p1a: Pinsir\n|-boost|p1a: Pinsir|atk|2\n|move|p2a: The Slimy One|Yawn|p1a: Pinsir\n|-start|p1a: Pinsir|move: Yawn|[of] p2a: The Slimy One\n|\n|-heal|p2a: The Slimy One|70\/100|[from] item: Leftovers\n|upkeep\n|turn|21\n|\n|t:|1699624354\n|move|p1a: Pinsir|Close Combat|p2a: The Slimy One\n|-damage|p2a: The Slimy One|0 fnt\n|-unboost|p1a: Pinsir|def|1\n|-unboost|p1a: Pinsir|spd|1\n|faint|p2a: The Slimy One\n|\n|-end|p1a: Pinsir|move: Yawn|[silent]\n|-status|p1a: Pinsir|slp\n|upkeep\n|\n|t:|1699624361\n|switch|p2a: Tortellini|Torterra, F|100\/100\n|-activate|p2a: Tortellini|move: Sticky Web\n|-unboost|p2a: Tortellini|spe|1\n|turn|22\n|\n|t:|1699624365\n|cant|p1a: Pinsir|slp\n|move|p2a: Tortellini|Rock Blast|p1a: Pinsir\n|-supereffective|p1a: Pinsir\n|-damage|p1a: Pinsir|49\/100 slp\n|-supereffective|p1a: Pinsir\n|-damage|p1a: Pinsir|0 fnt\n|faint|p1a: Pinsir\n|-hitcount|p1: Pinsir|2\n|\n|win|steals many wives\n|raw|Haruken13's rating: 1114 &rarr; <strong>1083<\/strong><br \/>(-31 for losing)\n|raw|steals many wives's rating: 1022 &rarr; <strong>1068<\/strong><br \/>(+46 for winning)\n|l|\u2606Haruken13\n|c|\u2606steals many wives|gg\n","uploadtime":1699624376,"views":4,"p1id":"haruken13","p2id":"stealsmanywives","formatid":"gen9nationaldex","rating":1068,"private":0,"password":""}