{"id":"gen9nationaldex-1992034189","p1":"KarmaNightraide","p2":"KingX200109","format":"[Gen 9] National Dex","log":"|j|\u2606KarmaNightraide\n|j|\u2606KingX200109\n|t:|1700149520\n|gametype|singles\n|player|p1|KarmaNightraide|unknown|1214\n|player|p2|KingX200109|red-masters|1251\n|teamsize|p1|6\n|teamsize|p2|6\n|gen|9\n|tier|[Gen 9] National Dex\n|rated|\n|rule|HP Percentage Mod: HP is shown in percentages\n|rule|Endless Battle Clause: Forcing endless battles is banned\n|rule|OHKO Clause: OHKO moves are banned\n|rule|Evasion Clause: Evasion abilities, items, and moves are banned\n|rule|Evasion Abilities Clause: Evasion abilities are banned\n|rule|Evasion Items Clause: Evasion items are banned\n|rule|Evasion Moves Clause: Evasion moves are banned\n|rule|Species Clause: Limit one of each Pok\u00e9mon\n|rule|Sleep Clause Mod: Limit one foe put to sleep\n|clearpoke\n|poke|p1|Drifblim, M|\n|poke|p1|Runerigus, M|\n|poke|p1|Chandelure, M|\n|poke|p1|Jellicent, M|\n|poke|p1|Mimikyu, M|\n|poke|p1|Froslass, F|\n|poke|p2|Iron Hands|\n|poke|p2|Venusaur, M|\n|poke|p2|Heatran, M|\n|poke|p2|Gliscor, F|\n|poke|p2|Rotom-Wash|\n|poke|p2|Volcarona, M|\n|teampreview\n|c|\u2606KingX200109|glhf\n|inactive|Battle timer is ON: inactive players will automatically lose when time's up. (requested by KarmaNightraide)\n|c|\u2606KarmaNightraide|Thank you, you too\n|\n|t:|1700149545\n|start\n|switch|p1a: Ragnar\u00f6k|Runerigus, M|100\/100\n|switch|p2a: Iron Hands|Iron Hands|100\/100\n|turn|1\n|c|\u2606KarmaNightraide|You're against only RU ghosts\n|c|\u2606KingX200109|ik\n|inactive|KarmaNightraide has 120 seconds left.\n|\n|t:|1700149581\n|-end|p2a: Iron Hands|Quark Drive|[silent]\n|switch|p2a: Venusaur|Venusaur, M|100\/100\n|move|p1a: Ragnar\u00f6k|Earthquake|p2a: Venusaur\n|-damage|p2a: Venusaur|50\/100\n|\n|upkeep\n|turn|2\n|inactive|KarmaNightraide has 120 seconds left.\n|\n|t:|1700149605\n|detailschange|p2a: Venusaur|Venusaur-Mega, M\n|-mega|p2a: Venusaur|Venusaur|Venusaurite\n|move|p2a: Venusaur|Giga Drain|p1a: Ragnar\u00f6k\n|-supereffective|p1a: Ragnar\u00f6k\n|-damage|p1a: Ragnar\u00f6k|44\/100\n|-heal|p2a: Venusaur|70\/100|[from] drain|[of] p1a: Ragnar\u00f6k\n|move|p1a: Ragnar\u00f6k|Poltergeist|p2a: Venusaur\n|-activate|p2a: Venusaur|move: Poltergeist|Venusaurite\n|-damage|p2a: Venusaur|32\/100\n|\n|upkeep\n|turn|3\n|\n|t:|1700149625\n|-terastallize|p1a: Ragnar\u00f6k|Fighting\n|move|p2a: Venusaur|Giga Drain|p1a: Ragnar\u00f6k\n|-damage|p1a: Ragnar\u00f6k|17\/100\n|-heal|p2a: Venusaur|42\/100|[from] drain|[of] p1a: Ragnar\u00f6k\n|move|p1a: Ragnar\u00f6k|Earthquake|p2a: Venusaur\n|-damage|p2a: Venusaur|6\/100\n|\n|upkeep\n|turn|4\n|\n|t:|1700149637\n|move|p2a: Venusaur|Giga Drain|p1a: Ragnar\u00f6k\n|-damage|p1a: Ragnar\u00f6k|0 fnt\n|-heal|p2a: Venusaur|12\/100|[from] drain|[of] p1a: Ragnar\u00f6k\n|faint|p1a: Ragnar\u00f6k\n|\n|upkeep\n|inactive|KarmaNightraide has 90 seconds left.\n|\n|t:|1700149649\n|switch|p1a: Icy Wifey|Froslass, F, shiny|100\/100\n|turn|5\n|\n|t:|1700149653\n|move|p1a: Icy Wifey|Swagger|p2a: Venusaur\n|-boost|p2a: Venusaur|atk|2\n|-enditem|p1a: Icy Wifey|Mirror Herb\n|-boost|p1a: Icy Wifey|atk|2|[from] item: Mirror Herb\n|-start|p2a: Venusaur|confusion\n|-activate|p2a: Venusaur|confusion\n|move|p2a: Venusaur|Synthesis|p2a: Venusaur\n|-heal|p2a: Venusaur|62\/100\n|\n|upkeep\n|turn|6\n|l|\u2606KarmaNightraide\n|inactive|KarmaNightraide disconnected and has a minute to reconnect!\n|player|p1|\n|j|\u2606KarmaNightraide\n|inactive|KarmaNightraide reconnected and has 95 seconds left.\n|player|p1|KarmaNightraide|unknown\n|\n|t:|1700149670\n|switch|p2a: Heatran|Heatran, M|100\/100\n|move|p1a: Icy Wifey|Triple Axel|p2a: Heatran\n|-resisted|p2a: Heatran\n|-damage|p2a: Heatran|97\/100\n|-resisted|p2a: Heatran\n|-damage|p2a: Heatran|91\/100\n|-resisted|p2a: Heatran\n|-damage|p2a: Heatran|81\/100\n|-hitcount|p2a: Heatran|3\n|\n|-heal|p2a: Heatran|87\/100|[from] item: Leftovers\n|upkeep\n|turn|7\n|\n|t:|1700149683\n|move|p1a: Icy Wifey|Poltergeist|p2a: Heatran\n|-activate|p2a: Heatran|move: Poltergeist|Leftovers\n|-damage|p2a: Heatran|12\/100\n|move|p2a: Heatran|Stealth Rock|p1a: Icy Wifey\n|-sidestart|p1: KarmaNightraide|move: Stealth Rock\n|\n|-heal|p2a: Heatran|19\/100|[from] item: Leftovers\n|upkeep\n|turn|8\n|\n|t:|1700149694\n|move|p1a: Icy Wifey|Sucker Punch|p2a: Heatran\n|-damage|p2a: Heatran|0 fnt\n|faint|p2a: Heatran\n|\n|upkeep\n|\n|t:|1700149699\n|switch|p2a: Volcarona|Volcarona, M|100\/100\n|turn|9\n|\n|t:|1700149714\n|move|p1a: Icy Wifey|Poltergeist|p2a: Volcarona\n|-activate|p2a: Volcarona|move: Poltergeist|Heavy-Duty Boots\n|-damage|p2a: Volcarona|0 fnt\n|faint|p2a: Volcarona\n|\n|upkeep\n|inactive|KingX200109 has 120 seconds left.\n|c|\u2606KarmaNightraide|Risky strat but it pays off\n|\n|t:|1700149768\n|switch|p2a: Rotom|Rotom-Wash|100\/100\n|turn|10\n|\n|t:|1700149789\n|-terastallize|p2a: Rotom|Steel\n|move|p1a: Icy Wifey|Poltergeist|p2a: Rotom\n|-activate|p2a: Rotom|move: Poltergeist|Leftovers\n|-damage|p2a: Rotom|28\/100\n|move|p2a: Rotom|Will-O-Wisp|p1a: Icy Wifey\n|-status|p1a: Icy Wifey|brn\n|\n|-heal|p2a: Rotom|35\/100|[from] item: Leftovers\n|-damage|p1a: Icy Wifey|94\/100 brn|[from] brn\n|upkeep\n|turn|11\n|inactive|KingX200109 has 90 seconds left.\n|\n|t:|1700149822\n|move|p1a: Icy Wifey|Poltergeist|p2a: Rotom\n|-activate|p2a: Rotom|move: Poltergeist|Leftovers\n|-damage|p2a: Rotom|1\/100\n|move|p2a: Rotom|Pain Split|p1a: Icy Wifey\n|-sethp|p1a: Icy Wifey|48\/100 brn|[from] move: Pain Split|[silent]\n|-sethp|p2a: Rotom|45\/100|[from] move: Pain Split\n|\n|-heal|p2a: Rotom|51\/100|[from] item: Leftovers\n|-damage|p1a: Icy Wifey|42\/100 brn|[from] brn\n|upkeep\n|turn|12\n|inactive|KarmaNightraide has 90 seconds left.\n|c|\u2606KarmaNightraide|Well played\n|\n|t:|1700149844\n|move|p1a: Icy Wifey|Poltergeist|p2a: Rotom\n|-activate|p2a: Rotom|move: Poltergeist|Leftovers\n|-damage|p2a: Rotom|16\/100\n|move|p2a: Rotom|Volt Switch|p1a: Icy Wifey\n|-damage|p1a: Icy Wifey|2\/100 brn\n|-start|p2a: Rotom|Disable|Volt Switch|[from] ability: Cursed Body|[of] p1a: Icy Wifey\n|inactive|KingX200109 has 90 seconds left.\n|\n|t:|1700149866\n|switch|p2a: Venusaur|Venusaur-Mega, M|62\/100|[from] Volt Switch\n|\n|-damage|p1a: Icy Wifey|0 fnt|[from] brn\n|faint|p1a: Icy Wifey\n|upkeep\n|inactive|KarmaNightraide has 90 seconds left.\n|\n|t:|1700149891\n|switch|p1a: 'Loon|Drifblim, M|100\/100\n|-damage|p1a: 'Loon|76\/100|[from] Stealth Rock\n|turn|13\n|inactive|KingX200109 has 90 seconds left.\n|\n|t:|1700149917\n|switch|p2a: Rotom|Rotom-Wash, tera:Steel|16\/100\n|move|p1a: 'Loon|Protect||[still]\n|-fail|p1a: 'Loon\n|\n|-heal|p2a: Rotom|23\/100|[from] item: Leftovers\n|-status|p1a: 'Loon|brn|[from] item: Flame Orb\n|upkeep\n|turn|14\n|inactive|KingX200109 has 60 seconds left.\n|inactive|KarmaNightraide has 60 seconds left.\n|\n|t:|1700149951\n|switch|p1a: LittleLightOfMine|Chandelure, M|100\/100\n|-damage|p1a: LittleLightOfMine|76\/100|[from] Stealth Rock\n|move|p2a: Rotom|Volt Switch|p1a: LittleLightOfMine\n|-crit|p1a: LittleLightOfMine\n|-damage|p1a: LittleLightOfMine|21\/100\n|\n|t:|1700149957\n|switch|p2a: Gliscor|Gliscor, F|100\/100|[from] Volt Switch\n|\n|-status|p2a: Gliscor|tox|[from] item: Toxic Orb\n|upkeep\n|turn|15\n|inactive|KarmaNightraide has 60 seconds left.\n|\n|t:|1700149981\n|move|p1a: LittleLightOfMine|Flamethrower|p2a: Gliscor\n|-damage|p2a: Gliscor|49\/100 tox\n|-damage|p1a: LittleLightOfMine|11\/100|[from] item: Life Orb\n|move|p2a: Gliscor|Spikes|p1a: LittleLightOfMine\n|-sidestart|p1: KarmaNightraide|Spikes\n|\n|-heal|p2a: Gliscor|62\/100 tox|[from] ability: Poison Heal\n|upkeep\n|turn|16\n|inactive|KarmaNightraide has 60 seconds left.\n|inactive|KingX200109 has 60 seconds left.\n|\n|t:|1700149993\n|move|p1a: LittleLightOfMine|Flamethrower|p2a: Gliscor\n|-damage|p2a: Gliscor|4\/100 tox\n|-damage|p1a: LittleLightOfMine|1\/100|[from] item: Life Orb\n|move|p2a: Gliscor|Roost|p2a: Gliscor\n|-heal|p2a: Gliscor|54\/100 tox\n|-singleturn|p2a: Gliscor|move: Roost\n|\n|-heal|p2a: Gliscor|66\/100 tox|[from] ability: Poison Heal\n|upkeep\n|turn|17\n|inactive|KingX200109 has 60 seconds left.\n|inactive|KarmaNightraide has 60 seconds left.\n|\n|t:|1700150005\n|move|p1a: LittleLightOfMine|Flamethrower|p2a: Gliscor\n|-damage|p2a: Gliscor|14\/100 tox\n|-damage|p1a: LittleLightOfMine|0 fnt|[from] item: Life Orb\n|faint|p1a: LittleLightOfMine\n|move|p2a: Gliscor|Roost|p2a: Gliscor\n|-heal|p2a: Gliscor|64\/100 tox\n|-singleturn|p2a: Gliscor|move: Roost\n|\n|-heal|p2a: Gliscor|76\/100 tox|[from] ability: Poison Heal\n|upkeep\n|inactive|KarmaNightraide has 60 seconds left.\n|\n|t:|1700150018\n|switch|p1a: Nice 'Stache|Jellicent, M|100\/100\n|-damage|p1a: Nice 'Stache|88\/100|[from] Stealth Rock\n|-damage|p1a: Nice 'Stache|76\/100|[from] Spikes\n|turn|18\n|inactive|KarmaNightraide has 60 seconds left.\n|\n|t:|1700150028\n|move|p2a: Gliscor|Toxic|p1a: Nice 'Stache\n|-status|p1a: Nice 'Stache|tox\n|move|p1a: Nice 'Stache|Recover|p1a: Nice 'Stache\n|-heal|p1a: Nice 'Stache|100\/100 tox\n|\n|-heal|p2a: Gliscor|89\/100 tox|[from] ability: Poison Heal\n|-damage|p1a: Nice 'Stache|94\/100 tox|[from] psn\n|upkeep\n|turn|19\n|inactive|KarmaNightraide has 60 seconds left.\n|\n|t:|1700150038\n|move|p2a: Gliscor|Spikes|p1a: Nice 'Stache\n|-sidestart|p1: KarmaNightraide|Spikes\n|move|p1a: Nice 'Stache|Scald|p2a: Gliscor\n|-supereffective|p2a: Gliscor\n|-damage|p2a: Gliscor|32\/100 tox\n|\n|-heal|p1a: Nice 'Stache|100\/100 tox|[from] item: Leftovers\n|-heal|p2a: Gliscor|45\/100 tox|[from] ability: Poison Heal\n|-damage|p1a: Nice 'Stache|88\/100 tox|[from] psn\n|upkeep\n|turn|20\n|inactive|KarmaNightraide has 60 seconds left.\n|c|\u2606KarmaNightraide|I'm stupid\n|inactive|KingX200109 has 60 seconds left.\n|\n|t:|1700150065\n|move|p2a: Gliscor|Roost|p2a: Gliscor\n|-heal|p2a: Gliscor|95\/100 tox\n|-singleturn|p2a: Gliscor|move: Roost\n|move|p1a: Nice 'Stache|Ice Beam|p2a: Gliscor\n|-supereffective|p2a: Gliscor\n|-damage|p2a: Gliscor|50\/100 tox\n|\n|-heal|p1a: Nice 'Stache|94\/100 tox|[from] item: Leftovers\n|-heal|p2a: Gliscor|63\/100 tox|[from] ability: Poison Heal\n|-damage|p1a: Nice 'Stache|76\/100 tox|[from] psn\n|upkeep\n|turn|21\n|c|\u2606KarmaNightraide|I forgot I had this on Jellicent\n|inactive|KingX200109 has 60 seconds left.\n|inactive|KarmaNightraide has 60 seconds left.\n|\n|t:|1700150084\n|move|p2a: Gliscor|Spikes|p1a: Nice 'Stache\n|-sidestart|p1: KarmaNightraide|Spikes\n|move|p1a: Nice 'Stache|Ice Beam|p2a: Gliscor\n|-supereffective|p2a: Gliscor\n|-crit|p2a: Gliscor\n|-damage|p2a: Gliscor|0 fnt\n|faint|p2a: Gliscor\n|\n|-heal|p1a: Nice 'Stache|82\/100 tox|[from] item: Leftovers\n|-damage|p1a: Nice 'Stache|58\/100 tox|[from] psn\n|upkeep\n|c|\u2606KingX200109|bro\n|c|\u2606KingX200109|a crit\n|c|\u2606KingX200109|now\n|c|\u2606KingX200109|like\n|\n|t:|1700150102\n|switch|p2a: Iron Hands|Iron Hands|100\/100\n|turn|22\n|inactive|KarmaNightraide has 60 seconds left.\n|\n|t:|1700150126\n|move|p1a: Nice 'Stache|Scald|p2a: Iron Hands\n|-damage|p2a: Iron Hands|80\/100\n|move|p2a: Iron Hands|Wild Charge|p1a: Nice 'Stache\n|-supereffective|p1a: Nice 'Stache\n|-damage|p1a: Nice 'Stache|0 fnt\n|faint|p1a: Nice 'Stache\n|-damage|p2a: Iron Hands|70\/100|[from] Recoil\n|\n|upkeep\n|\n|t:|1700150139\n|switch|p1a: 'Lil guy my man|Mimikyu, M|100\/100\n|-damage|p1a: 'Lil guy my man|88\/100|[from] Stealth Rock\n|-damage|p1a: 'Lil guy my man|63\/100|[from] Spikes\n|turn|23\n|\n|t:|1700150151\n|move|p1a: 'Lil guy my man|Swords Dance|p1a: 'Lil guy my man\n|-boost|p1a: 'Lil guy my man|atk|2\n|move|p2a: Iron Hands|Wild Charge|p1a: 'Lil guy my man\n|-activate|p1a: 'Lil guy my man|ability: Disguise\n|-damage|p1a: 'Lil guy my man|63\/100\n|detailschange|p1a: 'Lil guy my man|Mimikyu-Busted, M\n|-damage|p1a: 'Lil guy my man|51\/100|[from] pokemon: Mimikyu-Busted\n|\n|upkeep\n|turn|24\n|\n|t:|1700150161\n|-zpower|p1a: 'Lil guy my man\n|move|p1a: 'Lil guy my man|Let's Snuggle Forever|p2a: Iron Hands|[zeffect]\n|-supereffective|p2a: Iron Hands\n|-damage|p2a: Iron Hands|0 fnt\n|faint|p2a: Iron Hands\n|-end|p2a: Iron Hands|Quark Drive|[silent]\n|\n|upkeep\n|\n|t:|1700150170\n|switch|p2a: Venusaur|Venusaur-Mega, M|62\/100\n|turn|25\n|inactive|KarmaNightraide has 60 seconds left.\n|\n|t:|1700150192\n|move|p1a: 'Lil guy my man|Shadow Sneak|p2a: Venusaur\n|-crit|p2a: Venusaur\n|-damage|p2a: Venusaur|20\/100\n|move|p2a: Venusaur|Synthesis|p2a: Venusaur\n|-heal|p2a: Venusaur|70\/100\n|\n|upkeep\n|turn|26\n|\n|t:|1700150202\n|move|p1a: 'Lil guy my man|Shadow Sneak|p2a: Venusaur\n|-damage|p2a: Venusaur|46\/100\n|move|p2a: Venusaur|Synthesis|p2a: Venusaur\n|-heal|p2a: Venusaur|96\/100\n|\n|upkeep\n|turn|27\n|\n|t:|1700150210\n|move|p1a: 'Lil guy my man|Swords Dance|p1a: 'Lil guy my man\n|-boost|p1a: 'Lil guy my man|atk|2\n|move|p2a: Venusaur|Sludge Bomb|p1a: 'Lil guy my man\n|-damage|p1a: 'Lil guy my man|0 fnt\n|faint|p1a: 'Lil guy my man\n|\n|upkeep\n|\n|t:|1700150217\n|switch|p1a: 'Loon|Drifblim, M|76\/100 brn\n|-damage|p1a: 'Loon|51\/100 brn|[from] Stealth Rock\n|turn|28\n|inactive|KarmaNightraide has 60 seconds left.\n|\n|t:|1700150227\n|move|p1a: 'Loon|Air Slash|p2a: Venusaur\n|-supereffective|p2a: Venusaur\n|-damage|p2a: Venusaur|28\/100\n|move|p2a: Venusaur|Giga Drain|p1a: 'Loon\n|-resisted|p1a: 'Loon\n|-damage|p1a: 'Loon|26\/100 brn\n|-heal|p2a: Venusaur|43\/100|[from] drain|[of] p1a: 'Loon\n|\n|-damage|p1a: 'Loon|20\/100 brn|[from] brn\n|upkeep\n|turn|29\n|\n|t:|1700150238\n|switch|p2a: Rotom|Rotom-Wash, tera:Steel|23\/100\n|move|p1a: 'Loon|Air Slash|p2a: Rotom\n|-resisted|p2a: Rotom\n|-damage|p2a: Rotom|0 fnt\n|faint|p2a: Rotom\n|\n|-damage|p1a: 'Loon|13\/100 brn|[from] brn\n|upkeep\n|\n|t:|1700150245\n|switch|p2a: Venusaur|Venusaur-Mega, M|43\/100\n|turn|30\n|c|\u2606KingX200109|ggwp\n|\n|t:|1700150249\n|move|p1a: 'Loon|Air Slash|p2a: Venusaur\n|-supereffective|p2a: Venusaur\n|-damage|p2a: Venusaur|0 fnt\n|faint|p2a: Venusaur\n|\n|win|KarmaNightraide\n|raw|KarmaNightraide's rating: 1214 &rarr; <strong>1242<\/strong><br \/>(+28 for winning)\n|raw|KingX200109's rating: 1251 &rarr; <strong>1223<\/strong><br \/>(-28 for losing)\n|c|\u2606KarmaNightraide|Holy shit that was close\n|c|\u2606KingX200109|ye\n|l|\u2606KingX200109\n|c|\u2606KarmaNightraide|Good battle, man\n","uploadtime":1700150277,"views":12,"p1id":"karmanightraide","p2id":"kingx200109","formatid":"gen9nationaldex","rating":1223,"private":0,"password":""}