{"id":"gen9nationaldex-1998243416","p1":"SrPorquet","p2":"Arcaninelover69","format":"[Gen 9] National Dex","log":"|html|<div class=\"broadcast-blue\"><strong>[Gen 9] National Dex is currently suspecting Sneasler! For information on how to participate check out the <a href=\"https:\/\/www.smogon.com\/forums\/threads\/sv-national-dex-suspect-8-just-dance.3731534\/\">suspect thread<\/a>.<\/strong><\/div>\n|j|\u203dSrPorquet\n|j|\u2606Arcaninelover69\n|t:|1700918792\n|gametype|singles\n|player|p1|SrPorquet|falkner|1172\n|player|p2|Arcaninelover69|volo|1274\n|teamsize|p1|6\n|teamsize|p2|6\n|gen|9\n|tier|[Gen 9] National Dex\n|rated|\n|rule|HP Percentage Mod: HP is shown in percentages\n|rule|Endless Battle Clause: Forcing endless battles is banned\n|rule|OHKO Clause: OHKO moves are banned\n|rule|Evasion Clause: Evasion abilities, items, and moves are banned\n|rule|Evasion Abilities Clause: Evasion abilities are banned\n|rule|Evasion Items Clause: Evasion items are banned\n|rule|Evasion Moves Clause: Evasion moves are banned\n|rule|Species Clause: Limit one of each Pok\u00e9mon\n|rule|Sleep Clause Mod: Limit one foe put to sleep\n|clearpoke\n|poke|p1|Goodra-Hisui, M|\n|poke|p1|Wyrdeer, M|\n|poke|p1|Leavanny, F|\n|poke|p1|Avalugg, M|\n|poke|p1|Togekiss, M|\n|poke|p1|Floatzel, M|\n|poke|p2|Weavile, M|\n|poke|p2|Hitmonlee, M|\n|poke|p2|Gliscor, F|\n|poke|p2|Banette, M|\n|poke|p2|Galvantula, M|\n|poke|p2|Sneasler, M|\n|teampreview\n|inactive|Battle timer is ON: inactive players will automatically lose when time's up. (requested by Arcaninelover69)\n|c|\u2606Arcaninelover69|This looks like an ru team\n|c|\u2606Arcaninelover69|I am scared\n|\n|t:|1700918814\n|start\n|switch|p1a: Leavanny|Leavanny, F|100\/100\n|switch|p2a: Galvantula|Galvantula, M|100\/100\n|turn|1\n|\n|t:|1700918819\n|move|p2a: Galvantula|Sticky Web|p1a: Leavanny\n|-sidestart|p1: SrPorquet|move: Sticky Web\n|move|p1a: Leavanny|Sticky Web|p2a: Galvantula\n|-sidestart|p2: Arcaninelover69|move: Sticky Web\n|\n|upkeep\n|turn|2\n|\n|t:|1700918825\n|move|p2a: Galvantula|Bug Buzz|p1a: Leavanny\n|-supereffective|p1a: Leavanny\n|-enditem|p1a: Leavanny|Focus Sash\n|-damage|p1a: Leavanny|1\/100\n|move|p1a: Leavanny|Knock Off|p2a: Galvantula\n|-damage|p2a: Galvantula|45\/100\n|-enditem|p2a: Galvantula|Focus Sash|[from] move: Knock Off|[of] p1a: Leavanny\n|\n|upkeep\n|turn|3\n|\n|t:|1700918833\n|move|p2a: Galvantula|Bug Buzz|p1a: Leavanny\n|-supereffective|p1a: Leavanny\n|-damage|p1a: Leavanny|0 fnt\n|faint|p1a: Leavanny\n|\n|upkeep\n|\n|t:|1700918837\n|switch|p1a: Goodra|Goodra-Hisui, M|100\/100\n|-activate|p1a: Goodra|move: Sticky Web\n|-unboost|p1a: Goodra|spe|1\n|turn|4\n|\n|t:|1700918840\n|move|p2a: Galvantula|Thunder|p1a: Goodra\n|-resisted|p1a: Goodra\n|-damage|p1a: Goodra|84\/100\n|-status|p1a: Goodra|par\n|cant|p1a: Goodra|par\n|\n|-heal|p1a: Goodra|90\/100 par|[from] item: Leftovers\n|upkeep\n|turn|5\n|\n|t:|1700918842\n|move|p2a: Galvantula|Thunder|p1a: Goodra\n|-resisted|p1a: Goodra\n|-damage|p1a: Goodra|75\/100 par\n|move|p1a: Goodra|Dragon Pulse|p2a: Galvantula\n|-damage|p2a: Galvantula|0 fnt\n|faint|p2a: Galvantula\n|\n|-heal|p1a: Goodra|81\/100 par|[from] item: Leftovers\n|upkeep\n|\n|t:|1700918850\n|switch|p2a: Gliscor|Gliscor, F|100\/100\n|turn|6\n|\n|t:|1700918855\n|switch|p1a: Avalugg|Avalugg, M|100\/100\n|-activate|p1a: Avalugg|move: Sticky Web\n|-unboost|p1a: Avalugg|spe|1\n|move|p2a: Gliscor|Stealth Rock|p1a: Avalugg\n|-sidestart|p1: SrPorquet|move: Stealth Rock\n|\n|-status|p2a: Gliscor|tox|[from] item: Toxic Orb\n|upkeep\n|turn|7\n|\n|t:|1700918859\n|move|p2a: Gliscor|Spikes|p1a: Avalugg\n|-sidestart|p1: SrPorquet|Spikes\n|move|p1a: Avalugg|Curse|p1a: Avalugg\n|-unboost|p1a: Avalugg|spe|1\n|-boost|p1a: Avalugg|atk|1\n|-boost|p1a: Avalugg|def|1\n|\n|upkeep\n|turn|8\n|\n|t:|1700918865\n|switch|p2a: Banette|Banette, M|100\/100\n|-activate|p2a: Banette|move: Sticky Web\n|-unboost|p2a: Banette|spe|1\n|move|p1a: Avalugg|Avalanche|p2a: Banette\n|-damage|p2a: Banette|42\/100\n|\n|upkeep\n|turn|9\n|\n|t:|1700918878\n|switch|p1a: Goodra|Goodra-Hisui, M|81\/100 par\n|-activate|p1a: Goodra|move: Sticky Web\n|-unboost|p1a: Goodra|spe|1\n|-damage|p1a: Goodra|75\/100 par|[from] Stealth Rock\n|-damage|p1a: Goodra|63\/100 par|[from] Spikes\n|detailschange|p2a: Banette|Banette-Mega, M\n|-mega|p2a: Banette|Banette|Banettite\n|move|p2a: Banette|Will-O-Wisp||[still]\n|-fail|p2a: Banette\n|\n|-heal|p1a: Goodra|69\/100 par|[from] item: Leftovers\n|upkeep\n|turn|10\n|\n|t:|1700918883\n|move|p2a: Banette|Poltergeist|p1a: Goodra\n|-activate|p1a: Goodra|move: Poltergeist|Leftovers\n|-damage|p1a: Goodra|14\/100 par\n|move|p1a: Goodra|Dragon Pulse|p2a: Banette\n|-damage|p2a: Banette|0 fnt\n|faint|p2a: Banette\n|\n|-heal|p1a: Goodra|20\/100 par|[from] item: Leftovers\n|upkeep\n|\n|t:|1700918889\n|switch|p2a: Gliscor|Gliscor, F|100\/100 tox\n|turn|11\n|\n|t:|1700918893\n|move|p2a: Gliscor|Earthquake|p1a: Goodra\n|-supereffective|p1a: Goodra\n|-damage|p1a: Goodra|0 fnt\n|faint|p1a: Goodra\n|\n|upkeep\n|\n|t:|1700918896\n|switch|p1a: Avalugg|Avalugg, M|100\/100\n|-activate|p1a: Avalugg|move: Sticky Web\n|-unboost|p1a: Avalugg|spe|1\n|-damage|p1a: Avalugg|76\/100|[from] Stealth Rock\n|-damage|p1a: Avalugg|63\/100|[from] Spikes\n|turn|12\n|\n|t:|1700918902\n|move|p2a: Gliscor|Earthquake|p1a: Avalugg\n|-damage|p1a: Avalugg|47\/100\n|move|p1a: Avalugg|Body Press|p2a: Gliscor\n|-resisted|p2a: Gliscor\n|-damage|p2a: Gliscor|91\/100 tox\n|\n|-heal|p2a: Gliscor|100\/100 tox|[from] ability: Poison Heal\n|upkeep\n|turn|13\n|\n|t:|1700918906\n|switch|p2a: Sneasler|Sneasler, M|100\/100\n|-activate|p2a: Sneasler|move: Sticky Web\n|-unboost|p2a: Sneasler|spe|1\n|move|p1a: Avalugg|Avalanche|p2a: Sneasler\n|-damage|p2a: Sneasler|54\/100\n|\n|upkeep\n|turn|14\n|\n|t:|1700918910\n|move|p2a: Sneasler|Fake Out|p1a: Avalugg\n|-enditem|p2a: Sneasler|Normal Gem|[from] gem\n|-damage|p1a: Avalugg|38\/100\n|-damage|p2a: Sneasler|38\/100|[from] item: Rocky Helmet|[of] p1a: Avalugg\n|cant|p1a: Avalugg|flinch\n|\n|upkeep\n|turn|15\n|\n|t:|1700918916\n|-terastallize|p2a: Sneasler|Fighting\n|move|p2a: Sneasler|Close Combat|p1a: Avalugg\n|-supereffective|p1a: Avalugg\n|-damage|p1a: Avalugg|0 fnt\n|-unboost|p2a: Sneasler|def|1\n|-unboost|p2a: Sneasler|spd|1\n|-damage|p2a: Sneasler|21\/100|[from] item: Rocky Helmet|[of] p1a: Avalugg\n|faint|p1a: Avalugg\n|\n|upkeep\n|\n|t:|1700918921\n|switch|p1a: Floatzel|Floatzel, M|100\/100\n|-activate|p1a: Floatzel|move: Sticky Web\n|-unboost|p1a: Floatzel|spe|1\n|-damage|p1a: Floatzel|88\/100|[from] Stealth Rock\n|-damage|p1a: Floatzel|76\/100|[from] Spikes\n|turn|16\n|\n|t:|1700918925\n|move|p1a: Floatzel|Aqua Jet|p2a: Sneasler\n|-damage|p2a: Sneasler|0 fnt\n|faint|p2a: Sneasler\n|-damage|p1a: Floatzel|66\/100|[from] item: Life Orb\n|\n|upkeep\n|\n|t:|1700918932\n|switch|p2a: Weavile|Weavile, M|100\/100\n|-activate|p2a: Weavile|move: Sticky Web\n|-unboost|p2a: Weavile|spe|1\n|-ability|p2a: Weavile|Pressure\n|turn|17\n|\n|t:|1700918938\n|move|p2a: Weavile|Knock Off|p1a: Floatzel\n|-damage|p1a: Floatzel|0 fnt\n|-enditem|p1a: Floatzel|Life Orb|[from] move: Knock Off|[of] p2a: Weavile\n|faint|p1a: Floatzel\n|-damage|p2a: Weavile|91\/100|[from] item: Life Orb\n|\n|upkeep\n|\n|t:|1700918947\n|switch|p1a: Wyrdeer|Wyrdeer, M|100\/100\n|-activate|p1a: Wyrdeer|move: Sticky Web\n|-unboost|p1a: Wyrdeer|spe|1\n|-damage|p1a: Wyrdeer|88\/100|[from] Stealth Rock\n|-damage|p1a: Wyrdeer|76\/100|[from] Spikes\n|-ability|p1a: Wyrdeer|Intimidate|boost\n|-unboost|p2a: Weavile|atk|1\n|turn|18\n|\n|t:|1700918952\n|switch|p2a: Gliscor|Gliscor, F|100\/100 tox\n|-terastallize|p1a: Wyrdeer|Normal\n|move|p1a: Wyrdeer|Double-Edge|p2a: Gliscor\n|-damage|p2a: Gliscor|54\/100 tox\n|-damage|p1a: Wyrdeer|61\/100|[from] Recoil\n|\n|-heal|p2a: Gliscor|66\/100 tox|[from] ability: Poison Heal\n|upkeep\n|turn|19\n|\n|t:|1700918956\n|move|p2a: Gliscor|Roost|p2a: Gliscor\n|-heal|p2a: Gliscor|100\/100 tox\n|-singleturn|p2a: Gliscor|move: Roost\n|move|p1a: Wyrdeer|Double-Edge|p2a: Gliscor\n|-damage|p2a: Gliscor|54\/100 tox\n|-damage|p1a: Wyrdeer|46\/100|[from] Recoil\n|\n|-heal|p2a: Gliscor|66\/100 tox|[from] ability: Poison Heal\n|upkeep\n|turn|20\n|\n|t:|1700918958\n|switch|p1a: Togekiss|Togekiss, M|100\/100\n|-damage|p1a: Togekiss|76\/100|[from] Stealth Rock\n|move|p2a: Gliscor|Earthquake|p1a: Togekiss\n|-immune|p1a: Togekiss\n|\n|-heal|p1a: Togekiss|82\/100|[from] item: Leftovers\n|-heal|p2a: Gliscor|78\/100 tox|[from] ability: Poison Heal\n|upkeep\n|turn|21\n|\n|t:|1700918970\n|move|p1a: Togekiss|Air Slash|p2a: Gliscor\n|-damage|p2a: Gliscor|35\/100 tox\n|move|p2a: Gliscor|Spikes|p1a: Togekiss\n|-sidestart|p1: SrPorquet|Spikes\n|\n|-heal|p1a: Togekiss|88\/100|[from] item: Leftovers\n|-heal|p2a: Gliscor|47\/100 tox|[from] ability: Poison Heal\n|upkeep\n|turn|22\n|\n|t:|1700918977\n|move|p1a: Togekiss|Air Slash|p2a: Gliscor\n|-damage|p2a: Gliscor|7\/100 tox\n|cant|p2a: Gliscor|flinch\n|\n|-heal|p1a: Togekiss|94\/100|[from] item: Leftovers\n|-heal|p2a: Gliscor|20\/100 tox|[from] ability: Poison Heal\n|upkeep\n|turn|23\n|\n|t:|1700918980\n|move|p1a: Togekiss|Aura Sphere|p2a: Gliscor\n|-resisted|p2a: Gliscor\n|-damage|p2a: Gliscor|5\/100 tox\n|move|p2a: Gliscor|Roost|p2a: Gliscor\n|-heal|p2a: Gliscor|55\/100 tox\n|-singleturn|p2a: Gliscor|move: Roost\n|\n|-heal|p1a: Togekiss|100\/100|[from] item: Leftovers\n|-heal|p2a: Gliscor|67\/100 tox|[from] ability: Poison Heal\n|upkeep\n|turn|24\n|\n|t:|1700918984\n|move|p1a: Togekiss|Air Slash|p2a: Gliscor|[miss]\n|-miss|p1a: Togekiss|p2a: Gliscor\n|move|p2a: Gliscor|Roost|p2a: Gliscor\n|-heal|p2a: Gliscor|100\/100 tox\n|-singleturn|p2a: Gliscor|move: Roost\n|\n|upkeep\n|turn|25\n|\n|t:|1700918987\n|move|p1a: Togekiss|Air Slash|p2a: Gliscor\n|-damage|p2a: Gliscor|60\/100 tox\n|cant|p2a: Gliscor|flinch\n|\n|-heal|p2a: Gliscor|73\/100 tox|[from] ability: Poison Heal\n|upkeep\n|turn|26\n|\n|t:|1700918990\n|move|p1a: Togekiss|Air Slash|p2a: Gliscor\n|-damage|p2a: Gliscor|29\/100 tox\n|cant|p2a: Gliscor|flinch\n|\n|-heal|p2a: Gliscor|42\/100 tox|[from] ability: Poison Heal\n|upkeep\n|turn|27\n|\n|t:|1700918993\n|move|p1a: Togekiss|Air Slash|p2a: Gliscor\n|-damage|p2a: Gliscor|0 fnt\n|faint|p2a: Gliscor\n|\n|upkeep\n|\n|t:|1700918995\n|switch|p2a: Weavile|Weavile, M|91\/100\n|-activate|p2a: Weavile|move: Sticky Web\n|-unboost|p2a: Weavile|spe|1\n|-ability|p2a: Weavile|Pressure\n|turn|28\n|\n|t:|1700918997\n|move|p2a: Weavile|Ice Shard|p1a: Togekiss\n|-supereffective|p1a: Togekiss\n|-damage|p1a: Togekiss|47\/100\n|-damage|p2a: Weavile|81\/100|[from] item: Life Orb\n|move|p1a: Togekiss|Aura Sphere|p2a: Weavile\n|-supereffective|p2a: Weavile\n|-damage|p2a: Weavile|0 fnt\n|faint|p2a: Weavile\n|\n|-heal|p1a: Togekiss|53\/100|[from] item: Leftovers\n|upkeep\n|\n|t:|1700919001\n|switch|p2a: Hitmonlee|Hitmonlee, M|100\/100\n|-activate|p2a: Hitmonlee|move: Sticky Web\n|-unboost|p2a: Hitmonlee|spe|1\n|turn|29\n|\n|t:|1700919006\n|move|p2a: Hitmonlee|Endure|p2a: Hitmonlee\n|-singleturn|p2a: Hitmonlee|move: Endure\n|move|p1a: Togekiss|Thunder Wave|p2a: Hitmonlee\n|-status|p2a: Hitmonlee|par\n|\n|-heal|p1a: Togekiss|59\/100|[from] item: Leftovers\n|upkeep\n|turn|30\n|\n|t:|1700919012\n|move|p2a: Hitmonlee|Endure||[still]\n|-fail|p2a: Hitmonlee\n|move|p1a: Togekiss|Air Slash|p2a: Hitmonlee|[miss]\n|-miss|p1a: Togekiss|p2a: Hitmonlee\n|\n|-heal|p1a: Togekiss|65\/100|[from] item: Leftovers\n|upkeep\n|turn|31\n|\n|t:|1700919017\n|move|p2a: Hitmonlee|Endure|p2a: Hitmonlee\n|-singleturn|p2a: Hitmonlee|move: Endure\n|move|p1a: Togekiss|Air Slash|p2a: Hitmonlee\n|-supereffective|p2a: Hitmonlee\n|-damage|p2a: Hitmonlee|5\/100 par\n|-enditem|p2a: Hitmonlee|Liechi Berry|[eat]\n|-boost|p2a: Hitmonlee|atk|1|[from] item: Liechi Berry\n|\n|-heal|p1a: Togekiss|72\/100|[from] item: Leftovers\n|upkeep\n|turn|32\n|\n|t:|1700919022\n|move|p1a: Togekiss|Dazzling Gleam|p2a: Hitmonlee\n|-supereffective|p2a: Hitmonlee\n|-damage|p2a: Hitmonlee|0 fnt\n|faint|p2a: Hitmonlee\n|\n|win|SrPorquet\n|raw|SrPorquet's rating: 1172 &rarr; <strong>1204<\/strong><br \/>(+32 for winning)\n|raw|Arcaninelover69's rating: 1274 &rarr; <strong>1242<\/strong><br \/>(-32 for losing)\n","uploadtime":1700919025,"views":2,"p1id":"srporquet","p2id":"arcaninelover69","formatid":"gen9nationaldex","rating":1204,"private":0,"password":""}