{"id":"gen9nationaldex-1995404403","p1":"snivy ye \u53f6\u86c7","p2":"As cheu","format":"[Gen 9] National Dex","log":"|html|<div class=\"broadcast-blue\"><strong>[Gen 9] National Dex is currently suspecting Sneasler! For information on how to participate check out the <a href=\"https:\/\/www.smogon.com\/forums\/threads\/sv-national-dex-suspect-8-just-dance.3731534\/\">suspect thread<\/a>.<\/strong><\/div>\n|j|\u2606snivy ye \u53f6\u86c7\n|j|\u2606As cheu\n|t:|1700566344\n|gametype|singles\n|player|p1|snivy ye \u53f6\u86c7|winona|1863\n|player|p2|As cheu|officeworker|1832\n|teamsize|p1|6\n|teamsize|p2|6\n|gen|9\n|tier|[Gen 9] National Dex\n|rated|\n|rule|HP Percentage Mod: HP is shown in percentages\n|rule|Endless Battle Clause: Forcing endless battles is banned\n|rule|OHKO Clause: OHKO moves are banned\n|rule|Evasion Clause: Evasion abilities, items, and moves are banned\n|rule|Evasion Abilities Clause: Evasion abilities are banned\n|rule|Evasion Items Clause: Evasion items are banned\n|rule|Evasion Moves Clause: Evasion moves are banned\n|rule|Species Clause: Limit one of each Pok\u00e9mon\n|rule|Sleep Clause Mod: Limit one foe put to sleep\n|clearpoke\n|poke|p1|Slowbro, M|\n|poke|p1|Landorus-Therian, M|\n|poke|p1|Arcanine-Hisui, F|\n|poke|p1|Corviknight, F|\n|poke|p1|Tapu Koko|\n|poke|p1|Tyranitar, F|\n|poke|p2|Cloyster, M|\n|poke|p2|Umbreon, F|\n|poke|p2|Gardevoir, F|\n|poke|p2|Forretress, M|\n|poke|p2|Thundurus-Therian, M|\n|poke|p2|Sneasler, M|\n|teampreview\n|inactive|Battle timer is ON: inactive players will automatically lose when time's up. (requested by snivy ye \u53f6\u86c7)\n|\n|t:|1700566349\n|start\n|switch|p1a: \u6b66\u529b\u7684\u624b\u6bb5|Tyranitar, F|100\/100\n|switch|p2a: Sneasler|Sneasler, M|100\/100\n|-weather|Sandstorm|[from] ability: Sand Stream|[of] p1a: \u6b66\u529b\u7684\u624b\u6bb5\n|turn|1\n|\n|t:|1700566355\n|switch|p1a: \u66b4\u529b\u4e0d\u662f\u76ee\u7684|Landorus-Therian, M|100\/100\n|-ability|p1a: \u66b4\u529b\u4e0d\u662f\u76ee\u7684|Intimidate|boost\n|-unboost|p2a: Sneasler|atk|1\n|move|p2a: Sneasler|U-turn|p1a: \u66b4\u529b\u4e0d\u662f\u76ee\u7684\n|-resisted|p1a: \u66b4\u529b\u4e0d\u662f\u76ee\u7684\n|-damage|p1a: \u66b4\u529b\u4e0d\u662f\u76ee\u7684|94\/100\n|-damage|p2a: Sneasler|84\/100|[from] item: Rocky Helmet|[of] p1a: \u66b4\u529b\u4e0d\u662f\u76ee\u7684\n|-status|p1a: \u66b4\u529b\u4e0d\u662f\u76ee\u7684|psn|[from] ability: Poison Touch|[of] p2a: Sneasler\n|\n|t:|1700566363\n|switch|p2a: Forretress|Forretress, M|100\/100|[from] U-turn\n|\n|-weather|Sandstorm|[upkeep]\n|-damage|p1a: \u66b4\u529b\u4e0d\u662f\u76ee\u7684|82\/100 psn|[from] psn\n|upkeep\n|turn|2\n|\n|t:|1700566370\n|move|p1a: \u66b4\u529b\u4e0d\u662f\u76ee\u7684|U-turn|p2a: Forretress\n|-resisted|p2a: Forretress\n|-damage|p2a: Forretress|94\/100\n|-damage|p1a: \u66b4\u529b\u4e0d\u662f\u76ee\u7684|65\/100 psn|[from] item: Rocky Helmet|[of] p2a: Forretress\n|\n|t:|1700566375\n|switch|p1a: \u901f\u5ea6\u5728\u4f60\u4e4b\u4e0a|Tapu Koko|100\/100|[from] U-turn\n|-fieldstart|move: Electric Terrain|[from] ability: Electric Surge|[of] p1a: \u901f\u5ea6\u5728\u4f60\u4e4b\u4e0a\n|move|p2a: Forretress|Stealth Rock|p1a: \u901f\u5ea6\u5728\u4f60\u4e4b\u4e0a\n|-sidestart|p1: snivy ye \u53f6\u86c7|move: Stealth Rock\n|\n|-weather|Sandstorm|[upkeep]\n|-damage|p1a: \u901f\u5ea6\u5728\u4f60\u4e4b\u4e0a|94\/100|[from] Sandstorm\n|upkeep\n|turn|3\n|\n|t:|1700566383\n|move|p1a: \u901f\u5ea6\u5728\u4f60\u4e4b\u4e0a|Calm Mind|p1a: \u901f\u5ea6\u5728\u4f60\u4e4b\u4e0a\n|-boost|p1a: \u901f\u5ea6\u5728\u4f60\u4e4b\u4e0a|spa|1\n|-boost|p1a: \u901f\u5ea6\u5728\u4f60\u4e4b\u4e0a|spd|1\n|move|p2a: Forretress|Toxic|p1a: \u901f\u5ea6\u5728\u4f60\u4e4b\u4e0a\n|-status|p1a: \u901f\u5ea6\u5728\u4f60\u4e4b\u4e0a|tox\n|\n|-weather|Sandstorm|[upkeep]\n|-damage|p1a: \u901f\u5ea6\u5728\u4f60\u4e4b\u4e0a|88\/100 tox|[from] Sandstorm\n|-damage|p1a: \u901f\u5ea6\u5728\u4f60\u4e4b\u4e0a|82\/100 tox|[from] psn\n|upkeep\n|turn|4\n|\n|t:|1700566392\n|switch|p2a: Thundurus|Thundurus-Therian, M|100\/100\n|move|p1a: \u901f\u5ea6\u5728\u4f60\u4e4b\u4e0a|Dazzling Gleam|p2a: Thundurus\n|-damage|p2a: Thundurus|36\/100\n|\n|-weather|Sandstorm|[upkeep]\n|-damage|p1a: \u901f\u5ea6\u5728\u4f60\u4e4b\u4e0a|76\/100 tox|[from] Sandstorm\n|-damage|p2a: Thundurus|30\/100|[from] Sandstorm\n|-damage|p1a: \u901f\u5ea6\u5728\u4f60\u4e4b\u4e0a|64\/100 tox|[from] psn\n|upkeep\n|turn|5\n|\n|t:|1700566402\n|switch|p1a: \u66b4\u529b\u4e0d\u662f\u76ee\u7684|Landorus-Therian, M|65\/100 psn\n|-damage|p1a: \u66b4\u529b\u4e0d\u662f\u76ee\u7684|53\/100 psn|[from] Stealth Rock\n|-ability|p1a: \u66b4\u529b\u4e0d\u662f\u76ee\u7684|Intimidate|boost\n|-unboost|p2a: Thundurus|atk|1\n|move|p2a: Thundurus|Thunderbolt|p1a: \u66b4\u529b\u4e0d\u662f\u76ee\u7684\n|-immune|p1a: \u66b4\u529b\u4e0d\u662f\u76ee\u7684\n|\n|-weather|none\n|-damage|p1a: \u66b4\u529b\u4e0d\u662f\u76ee\u7684|41\/100 psn|[from] psn\n|upkeep\n|turn|6\n|\n|t:|1700566412\n|move|p2a: Thundurus|Focus Blast|p1a: \u66b4\u529b\u4e0d\u662f\u76ee\u7684\n|-resisted|p1a: \u66b4\u529b\u4e0d\u662f\u76ee\u7684\n|-damage|p1a: \u66b4\u529b\u4e0d\u662f\u76ee\u7684|14\/100 psn\n|-unboost|p1a: \u66b4\u529b\u4e0d\u662f\u76ee\u7684|spd|1\n|move|p1a: \u66b4\u529b\u4e0d\u662f\u76ee\u7684|U-turn|p2a: Thundurus\n|-resisted|p2a: Thundurus\n|-damage|p2a: Thundurus|14\/100\n|\n|t:|1700566421\n|switch|p1a: \u901f\u5ea6\u5728\u4f60\u4e4b\u4e0a|Tapu Koko|64\/100 tox|[from] U-turn\n|-damage|p1a: \u901f\u5ea6\u5728\u4f60\u4e4b\u4e0a|52\/100 tox|[from] Stealth Rock\n|\n|-damage|p1a: \u901f\u5ea6\u5728\u4f60\u4e4b\u4e0a|46\/100 tox|[from] psn\n|-fieldend|move: Electric Terrain\n|upkeep\n|turn|7\n|\n|t:|1700566428\n|switch|p2a: Forretress|Forretress, M|94\/100\n|move|p1a: \u901f\u5ea6\u5728\u4f60\u4e4b\u4e0a|U-turn|p2a: Forretress\n|-resisted|p2a: Forretress\n|-damage|p2a: Forretress|89\/100\n|-damage|p1a: \u901f\u5ea6\u5728\u4f60\u4e4b\u4e0a|29\/100 tox|[from] item: Rocky Helmet|[of] p2a: Forretress\n|\n|t:|1700566436\n|switch|p1a: \u4e0d\u706d\u7684\u70df\u706b|Arcanine-Hisui, F|100\/100|[from] U-turn\n|-damage|p1a: \u4e0d\u706d\u7684\u70df\u706b|75\/100|[from] Stealth Rock\n|\n|upkeep\n|turn|8\n|\n|t:|1700566441\n|-terastallize|p2a: Forretress|Fire\n|move|p1a: \u4e0d\u706d\u7684\u70df\u706b|Flare Blitz|p2a: Forretress\n|-resisted|p2a: Forretress\n|-damage|p2a: Forretress|62\/100\n|-damage|p1a: \u4e0d\u706d\u7684\u70df\u706b|59\/100|[from] item: Rocky Helmet|[of] p2a: Forretress\n|move|p2a: Forretress|Earthquake|p1a: \u4e0d\u706d\u7684\u70df\u706b\n|-supereffective|p1a: \u4e0d\u706d\u7684\u70df\u706b\n|-damage|p1a: \u4e0d\u706d\u7684\u70df\u706b|0 fnt\n|faint|p1a: \u4e0d\u706d\u7684\u70df\u706b\n|\n|upkeep\n|\n|t:|1700566450\n|switch|p1a: \u6700\u540e\u7684\u9632\u7ebf|Corviknight, F|100\/100\n|-damage|p1a: \u6700\u540e\u7684\u9632\u7ebf|88\/100|[from] Stealth Rock\n|turn|9\n|\n|t:|1700566460\n|switch|p2a: Thundurus|Thundurus-Therian, M|14\/100\n|move|p1a: \u6700\u540e\u7684\u9632\u7ebf|Defog|p2a: Thundurus\n|-unboost|p2a: Thundurus|evasion|1\n|-sideend|p1: snivy ye \u53f6\u86c7|Stealth Rock|[from] move: Defog|[of] p1a: \u6700\u540e\u7684\u9632\u7ebf\n|\n|upkeep\n|turn|10\n|\n|t:|1700566467\n|switch|p1a: \u66b4\u529b\u4e0d\u662f\u76ee\u7684|Landorus-Therian, M|14\/100 psn\n|-ability|p1a: \u66b4\u529b\u4e0d\u662f\u76ee\u7684|Intimidate|boost\n|-unboost|p2a: Thundurus|atk|1\n|move|p2a: Thundurus|Nasty Plot|p2a: Thundurus\n|-boost|p2a: Thundurus|spa|2\n|\n|-damage|p1a: \u66b4\u529b\u4e0d\u662f\u76ee\u7684|2\/100 psn|[from] psn\n|upkeep\n|turn|11\n|\n|t:|1700566476\n|move|p2a: Thundurus|Hidden Power|p1a: \u66b4\u529b\u4e0d\u662f\u76ee\u7684\n|-supereffective|p1a: \u66b4\u529b\u4e0d\u662f\u76ee\u7684\n|-crit|p1a: \u66b4\u529b\u4e0d\u662f\u76ee\u7684\n|-damage|p1a: \u66b4\u529b\u4e0d\u662f\u76ee\u7684|0 fnt\n|faint|p1a: \u66b4\u529b\u4e0d\u662f\u76ee\u7684\n|\n|upkeep\n|\n|t:|1700566481\n|switch|p1a: \u901f\u5ea6\u5728\u4f60\u4e4b\u4e0a|Tapu Koko|29\/100 tox\n|-fieldstart|move: Electric Terrain|[from] ability: Electric Surge|[of] p1a: \u901f\u5ea6\u5728\u4f60\u4e4b\u4e0a\n|turn|12\n|\n|t:|1700566490\n|switch|p2a: Forretress|Forretress, M, tera:Fire|62\/100\n|move|p1a: \u901f\u5ea6\u5728\u4f60\u4e4b\u4e0a|U-turn|p2a: Forretress\n|-resisted|p2a: Forretress\n|-damage|p2a: Forretress|58\/100\n|-damage|p1a: \u901f\u5ea6\u5728\u4f60\u4e4b\u4e0a|13\/100 tox|[from] item: Rocky Helmet|[of] p2a: Forretress\n|\n|t:|1700566497\n|switch|p1a: \u81ea\u7531\u53c8\u6b66\u65ad|Slowbro, M|100\/100|[from] U-turn\n|\n|upkeep\n|turn|13\n|\n|t:|1700566501\n|move|p2a: Forretress|Stealth Rock|p1a: \u81ea\u7531\u53c8\u6b66\u65ad\n|-sidestart|p1: snivy ye \u53f6\u86c7|move: Stealth Rock\n|move|p1a: \u81ea\u7531\u53c8\u6b66\u65ad|Surf|p2a: Forretress\n|-supereffective|p2a: Forretress\n|-damage|p2a: Forretress|0 fnt\n|faint|p2a: Forretress\n|\n|upkeep\n|\n|t:|1700566507\n|switch|p2a: Thundurus|Thundurus-Therian, M|14\/100\n|turn|14\n|\n|t:|1700566511\n|switch|p1a: \u6b66\u529b\u7684\u624b\u6bb5|Tyranitar, F|100\/100\n|-damage|p1a: \u6b66\u529b\u7684\u624b\u6bb5|88\/100|[from] Stealth Rock\n|-weather|Sandstorm|[from] ability: Sand Stream|[of] p1a: \u6b66\u529b\u7684\u624b\u6bb5\n|move|p2a: Thundurus|Thunderbolt|p1a: \u6b66\u529b\u7684\u624b\u6bb5\n|-damage|p1a: \u6b66\u529b\u7684\u624b\u6bb5|55\/100\n|\n|-weather|Sandstorm|[upkeep]\n|-damage|p2a: Thundurus|8\/100|[from] Sandstorm\n|upkeep\n|turn|15\n|\n|t:|1700566521\n|switch|p2a: \u56e1\u56e1|Umbreon, F|100\/100\n|detailschange|p1a: \u6b66\u529b\u7684\u624b\u6bb5|Tyranitar-Mega, F\n|-mega|p1a: \u6b66\u529b\u7684\u624b\u6bb5|Tyranitar|Tyranitarite\n|move|p1a: \u6b66\u529b\u7684\u624b\u6bb5|Dragon Dance|p1a: \u6b66\u529b\u7684\u624b\u6bb5\n|-boost|p1a: \u6b66\u529b\u7684\u624b\u6bb5|atk|1\n|-boost|p1a: \u6b66\u529b\u7684\u624b\u6bb5|spe|1\n|\n|-weather|Sandstorm|[upkeep]\n|-damage|p2a: \u56e1\u56e1|94\/100|[from] Sandstorm\n|-heal|p2a: \u56e1\u56e1|100\/100|[from] item: Leftovers\n|upkeep\n|turn|16\n|\n|t:|1700566531\n|move|p1a: \u6b66\u529b\u7684\u624b\u6bb5|Dragon Dance|p1a: \u6b66\u529b\u7684\u624b\u6bb5\n|-boost|p1a: \u6b66\u529b\u7684\u624b\u6bb5|atk|1\n|-boost|p1a: \u6b66\u529b\u7684\u624b\u6bb5|spe|1\n|move|p2a: \u56e1\u56e1|Foul Play|p1a: \u6b66\u529b\u7684\u624b\u6bb5\n|-resisted|p1a: \u6b66\u529b\u7684\u624b\u6bb5\n|-damage|p1a: \u6b66\u529b\u7684\u624b\u6bb5|16\/100\n|\n|-weather|Sandstorm|[upkeep]\n|-damage|p2a: \u56e1\u56e1|94\/100|[from] Sandstorm\n|-heal|p2a: \u56e1\u56e1|100\/100|[from] item: Leftovers\n|-fieldend|move: Electric Terrain\n|upkeep\n|turn|17\n|\n|t:|1700566540\n|move|p2a: \u56e1\u56e1|Protect|p2a: \u56e1\u56e1\n|-singleturn|p2a: \u56e1\u56e1|Protect\n|move|p1a: \u6b66\u529b\u7684\u624b\u6bb5|Stone Edge|p2a: \u56e1\u56e1\n|-activate|p2a: \u56e1\u56e1|move: Protect\n|\n|-weather|Sandstorm|[upkeep]\n|-damage|p2a: \u56e1\u56e1|94\/100|[from] Sandstorm\n|-heal|p2a: \u56e1\u56e1|100\/100|[from] item: Leftovers\n|upkeep\n|turn|18\n|\n|t:|1700566549\n|move|p1a: \u6b66\u529b\u7684\u624b\u6bb5|Stone Edge|p2a: \u56e1\u56e1|[miss]\n|-miss|p1a: \u6b66\u529b\u7684\u624b\u6bb5|p2a: \u56e1\u56e1\n|move|p2a: \u56e1\u56e1|Foul Play|p1a: \u6b66\u529b\u7684\u624b\u6bb5\n|-resisted|p1a: \u6b66\u529b\u7684\u624b\u6bb5\n|-crit|p1a: \u6b66\u529b\u7684\u624b\u6bb5\n|-damage|p1a: \u6b66\u529b\u7684\u624b\u6bb5|0 fnt\n|faint|p1a: \u6b66\u529b\u7684\u624b\u6bb5\n|\n|-weather|none\n|upkeep\n|-message|snivy ye \u53f6\u86c7 forfeited.\n|\n|win|As cheu\n|raw|snivy ye \u53f6\u86c7's rating: 1863 &rarr; <strong>1841<\/strong><br \/>(-22 for losing)\n|raw|As cheu's rating: 1832 &rarr; <strong>1854<\/strong><br \/>(+22 for winning)\n","uploadtime":1700566559,"views":20,"p1id":"snivyye","p2id":"ascheu","formatid":"gen9nationaldex","rating":1841,"private":0,"password":""}