{"id":"gen9nationaldex-1990262689","p1":"xsk123","p2":"SCP-4666","format":"[Gen 9] National Dex","log":"|j|\u2606xsk123\n|j|\u2606SCP-4666\n|t:|1699946851\n|gametype|singles\n|player|p1|xsk123|pokefan-gen4|1577\n|player|p2|SCP-4666|1|1555\n|teamsize|p1|6\n|teamsize|p2|6\n|gen|9\n|tier|[Gen 9] National Dex\n|rated|\n|rule|HP Percentage Mod: HP is shown in percentages\n|rule|Endless Battle Clause: Forcing endless battles is banned\n|rule|OHKO Clause: OHKO moves are banned\n|rule|Evasion Clause: Evasion abilities, items, and moves are banned\n|rule|Evasion Abilities Clause: Evasion abilities are banned\n|rule|Evasion Items Clause: Evasion items are banned\n|rule|Evasion Moves Clause: Evasion moves are banned\n|rule|Species Clause: Limit one of each Pok\u00e9mon\n|rule|Sleep Clause Mod: Limit one foe put to sleep\n|clearpoke\n|poke|p1|Scyther, F|\n|poke|p1|Pinsir, M|\n|poke|p1|Staraptor, F|\n|poke|p1|Nidoking, M|\n|poke|p1|Serperior, M|\n|poke|p1|Zapdos-Galar|\n|poke|p2|Gliscor, F|\n|poke|p2|Sableye, M|\n|poke|p2|Toxapex, F|\n|poke|p2|Chansey, F|\n|poke|p2|Clodsire, M|\n|poke|p2|Dondozo, M|\n|teampreview\n|l|\u2606SCP-4666\n|player|p2|\n|j|\u2606SCP-4666\n|player|p2|SCP-4666|1\n|inactive|Battle timer is ON: inactive players will automatically lose when time's up. (requested by xsk123)\n|inactive|xsk123 has 120 seconds left.\n|c|\u2606SCP-4666|Sneed\n|j| Rookome4\n|inactive|xsk123 has 90 seconds left.\n|\n|t:|1699946933\n|start\n|switch|p1a: Scyther|Scyther, F|100\/100\n|switch|p2a: Sableye|Sableye, M|100\/100\n|turn|1\n|\n|t:|1699946939\n|detailschange|p2a: Sableye|Sableye-Mega, M\n|-mega|p2a: Sableye|Sableye|Sablenite\n|move|p1a: Scyther|Dual Wingbeat|p2a: Sableye\n|-damage|p2a: Sableye|82\/100\n|-damage|p2a: Sableye|62\/100\n|-hitcount|p2a: Sableye|2\n|move|p2a: Sableye|Will-O-Wisp|p1a: Scyther|[miss]\n|-miss|p2a: Sableye|p1a: Scyther\n|\n|upkeep\n|turn|2\n|\n|t:|1699946969\n|move|p1a: Scyther|U-turn|p2a: Sableye\n|-damage|p2a: Sableye|39\/100\n|\n|t:|1699946973\n|switch|p1a: Serperior|Serperior, M|100\/100|[from] U-turn\n|move|p2a: Sableye|Knock Off|p1a: Serperior\n|-damage|p1a: Serperior|71\/100\n|-enditem|p1a: Serperior|Leftovers|[from] move: Knock Off|[of] p2a: Sableye\n|\n|upkeep\n|turn|3\n|\n|t:|1699946983\n|switch|p2a: Clodsire|Clodsire, M|100\/100\n|move|p1a: Serperior|Leaf Storm|p2a: Clodsire\n|-damage|p2a: Clodsire|81\/100\n|-boost|p1a: Serperior|spa|2\n|\n|-heal|p2a: Clodsire|87\/100|[from] item: Leftovers\n|upkeep\n|turn|4\n|\n|t:|1699946993\n|move|p1a: Serperior|Glare|p2a: Clodsire\n|-status|p2a: Clodsire|par\n|move|p2a: Clodsire|Toxic|p1a: Serperior\n|-status|p1a: Serperior|tox\n|\n|-heal|p2a: Clodsire|94\/100 par|[from] item: Leftovers\n|-damage|p1a: Serperior|65\/100 tox|[from] psn\n|upkeep\n|turn|5\n|\n|t:|1699947004\n|move|p1a: Serperior|Leaf Storm|p2a: Clodsire|[miss]\n|-miss|p1a: Serperior|p2a: Clodsire\n|move|p2a: Clodsire|Spikes|p1a: Serperior\n|-sidestart|p1: xsk123|Spikes\n|\n|-heal|p2a: Clodsire|99\/100 par|[from] item: Leftovers\n|-damage|p1a: Serperior|53\/100 tox|[from] psn\n|upkeep\n|turn|6\n|\n|t:|1699947009\n|move|p1a: Serperior|Leaf Storm|p2a: Clodsire\n|-damage|p2a: Clodsire|80\/100 par\n|-boost|p1a: Serperior|spa|2\n|cant|p2a: Clodsire|par\n|\n|-heal|p2a: Clodsire|86\/100 par|[from] item: Leftovers\n|-damage|p1a: Serperior|34\/100 tox|[from] psn\n|upkeep\n|turn|7\n|\n|t:|1699947024\n|switch|p1a: Staraptor|Staraptor, F|100\/100\n|move|p2a: Clodsire|Spikes|p1a: Staraptor\n|-sidestart|p1: xsk123|Spikes\n|\n|-heal|p2a: Clodsire|92\/100 par|[from] item: Leftovers\n|upkeep\n|turn|8\n|\n|t:|1699947030\n|switch|p2a: Gliscor|Gliscor, F|100\/100\n|move|p1a: Staraptor|Brave Bird|p2a: Gliscor\n|-damage|p2a: Gliscor|43\/100\n|-damage|p1a: Staraptor|79\/100|[from] Recoil\n|\n|-status|p2a: Gliscor|tox|[from] item: Toxic Orb\n|upkeep\n|turn|9\n|\n|t:|1699947038\n|move|p2a: Gliscor|Protect|p2a: Gliscor\n|-singleturn|p2a: Gliscor|Protect\n|move|p1a: Staraptor|Brave Bird|p2a: Gliscor\n|-activate|p2a: Gliscor|move: Protect\n|\n|-heal|p2a: Gliscor|55\/100 tox|[from] ability: Poison Heal\n|upkeep\n|turn|10\n|\n|t:|1699947045\n|switch|p2a: Dondozo|Dondozo, M|100\/100\n|move|p1a: Staraptor|Brave Bird|p2a: Dondozo\n|-damage|p2a: Dondozo|55\/100\n|-damage|p1a: Staraptor|54\/100|[from] Recoil\n|\n|-heal|p2a: Dondozo|61\/100|[from] item: Leftovers\n|upkeep\n|turn|11\n|\n|t:|1699947056\n|-terastallize|p1a: Staraptor|Flying\n|move|p1a: Staraptor|Brave Bird|p2a: Dondozo\n|-damage|p2a: Dondozo|0 fnt\n|faint|p2a: Dondozo\n|-damage|p1a: Staraptor|22\/100|[from] Recoil\n|\n|upkeep\n|\n|t:|1699947065\n|switch|p2a: Toxapex|Toxapex, F|100\/100\n|turn|12\n|\n|t:|1699947075\n|switch|p1a: Serperior|Serperior, M|34\/100 tox\n|-damage|p1a: Serperior|17\/100 tox|[from] Spikes\n|move|p2a: Toxapex|Scald|p1a: Serperior\n|-resisted|p1a: Serperior\n|-damage|p1a: Serperior|10\/100 tox\n|\n|-damage|p1a: Serperior|4\/100 tox|[from] psn\n|upkeep\n|turn|13\n|\n|t:|1699947092\n|move|p1a: Serperior|Glare|p2a: Toxapex\n|-status|p2a: Toxapex|par\n|move|p2a: Toxapex|Toxic Spikes|p1a: Serperior\n|-sidestart|p1: xsk123|move: Toxic Spikes\n|\n|-damage|p1a: Serperior|0 fnt|[from] psn\n|faint|p1a: Serperior\n|upkeep\n|\n|t:|1699947116\n|switch|p1a: Pinsir|Pinsir, M|100\/100\n|-damage|p1a: Pinsir|84\/100|[from] Spikes\n|-status|p1a: Pinsir|psn\n|turn|14\n|\n|t:|1699947129\n|detailschange|p1a: Pinsir|Pinsir-Mega, M\n|-mega|p1a: Pinsir|Pinsir|Pinsirite\n|move|p1a: Pinsir|Swords Dance|p1a: Pinsir\n|-boost|p1a: Pinsir|atk|2\n|cant|p2a: Toxapex|par\n|\n|-damage|p1a: Pinsir|72\/100 psn|[from] psn\n|upkeep\n|turn|15\n|\n|t:|1699947140\n|switch|p2a: Sableye|Sableye-Mega, M|39\/100\n|move|p1a: Pinsir|Earthquake|p2a: Sableye\n|-damage|p2a: Sableye|0 fnt\n|faint|p2a: Sableye\n|\n|-damage|p1a: Pinsir|60\/100 psn|[from] psn\n|upkeep\n|\n|t:|1699947143\n|switch|p2a: Gliscor|Gliscor, F|55\/100 tox\n|turn|16\n|\n|t:|1699947146\n|move|p2a: Gliscor|Protect|p2a: Gliscor\n|-singleturn|p2a: Gliscor|Protect\n|move|p1a: Pinsir|Return|p2a: Gliscor\n|-activate|p2a: Gliscor|move: Protect\n|\n|-damage|p1a: Pinsir|47\/100 psn|[from] psn\n|-heal|p2a: Gliscor|67\/100 tox|[from] ability: Poison Heal\n|upkeep\n|turn|17\n|\n|t:|1699947154\n|move|p2a: Gliscor|Protect||[still]\n|-fail|p2a: Gliscor\n|move|p1a: Pinsir|Return|p2a: Gliscor\n|-damage|p2a: Gliscor|0 fnt\n|faint|p2a: Gliscor\n|\n|-damage|p1a: Pinsir|35\/100 psn|[from] psn\n|upkeep\n|-message|SCP-4666 forfeited.\n|\n|win|xsk123\n|raw|xsk123's rating: 1577 &rarr; <strong>1596<\/strong><br \/>(+19 for winning)\n|raw|SCP-4666's rating: 1555 &rarr; <strong>1536<\/strong><br \/>(-19 for losing)\n|l|\u2606SCP-4666\n","uploadtime":1699947169,"views":7,"p1id":"xsk123","p2id":"scp4666","formatid":"gen9nationaldex","rating":1536,"private":0,"password":""}