{"id":"gen9nationaldex-1988906900","p1":"RadvilsTTT","p2":"Billy Bond 2","format":"[Gen 9] National Dex","log":"|j|\u2606RadvilsTTT\n|j|\u2606Billy Bond 2\n|t:|1699785379\n|gametype|singles\n|player|p1|RadvilsTTT|youngster-gen4dp|1483\n|player|p2|Billy Bond 2|266|1440\n|teamsize|p1|6\n|teamsize|p2|6\n|gen|9\n|tier|[Gen 9] National Dex\n|rated|\n|rule|HP Percentage Mod: HP is shown in percentages\n|rule|Endless Battle Clause: Forcing endless battles is banned\n|rule|OHKO Clause: OHKO moves are banned\n|rule|Evasion Clause: Evasion abilities, items, and moves are banned\n|rule|Evasion Abilities Clause: Evasion abilities are banned\n|rule|Evasion Items Clause: Evasion items are banned\n|rule|Evasion Moves Clause: Evasion moves are banned\n|rule|Species Clause: Limit one of each Pok\u00e9mon\n|rule|Sleep Clause Mod: Limit one foe put to sleep\n|clearpoke\n|poke|p1|Ribombee, M|\n|poke|p1|Grimmsnarl, M|\n|poke|p1|Gallade, M|\n|poke|p1|Ceruledge, M|\n|poke|p1|Tornadus-Therian, M|\n|poke|p1|Diggersby, M|\n|poke|p2|Brute Bonnet|\n|poke|p2|Swampert, M|\n|poke|p2|Goodra-Hisui, M|\n|poke|p2|Lopunny, F|\n|poke|p2|Iron Valiant|\n|poke|p2|Zamazenta-*|\n|teampreview\n|inactive|Battle timer is ON: inactive players will automatically lose when time's up. (requested by Billy Bond 2)\n|\n|t:|1699785399\n|start\n|switch|p1a: Ribombee|Ribombee, M|100\/100\n|switch|p2a: Goodra|Goodra-Hisui, M|100\/100\n|turn|1\n|inactive|RadvilsTTT has 120 seconds left.\n|inactive|RadvilsTTT has 90 seconds left.\n|\n|t:|1699785467\n|move|p1a: Ribombee|Sticky Web|p2a: Goodra\n|-sidestart|p2: Billy Bond 2|move: Sticky Web\n|move|p2a: Goodra|Flash Cannon|p1a: Ribombee\n|-supereffective|p1a: Ribombee\n|-enditem|p1a: Ribombee|Focus Sash\n|-damage|p1a: Ribombee|1\/100\n|\n|upkeep\n|turn|2\n|\n|t:|1699785484\n|move|p1a: Ribombee|Moonblast|p2a: Goodra\n|-damage|p2a: Goodra|84\/100\n|move|p2a: Goodra|Flash Cannon|p1a: Ribombee\n|-supereffective|p1a: Ribombee\n|-damage|p1a: Ribombee|0 fnt\n|faint|p1a: Ribombee\n|\n|upkeep\n|inactive|RadvilsTTT has 90 seconds left.\n|\n|t:|1699785498\n|switch|p1a: Grimmsnarl|Grimmsnarl, M|100\/100\n|turn|3\n|\n|t:|1699785502\n|move|p1a: Grimmsnarl|Light Screen|p1a: Grimmsnarl\n|-sidestart|p1: RadvilsTTT|move: Light Screen\n|move|p2a: Goodra|Flash Cannon|p1a: Grimmsnarl\n|-supereffective|p1a: Grimmsnarl\n|-damage|p1a: Grimmsnarl|72\/100\n|\n|upkeep\n|turn|4\n|inactive|RadvilsTTT has 90 seconds left.\n|\n|t:|1699785543\n|move|p1a: Grimmsnarl|Reflect|p1a: Grimmsnarl\n|-sidestart|p1: RadvilsTTT|Reflect\n|move|p2a: Goodra|Flash Cannon|p1a: Grimmsnarl\n|-supereffective|p1a: Grimmsnarl\n|-damage|p1a: Grimmsnarl|41\/100\n|\n|upkeep\n|turn|5\n|\n|t:|1699785549\n|move|p1a: Grimmsnarl|Parting Shot|p2a: Goodra\n|-unboost|p2a: Goodra|atk|1\n|-unboost|p2a: Goodra|spa|1\n|\n|t:|1699785552\n|switch|p1a: Gallade|Gallade, M|100\/100|[from] Parting Shot\n|move|p2a: Goodra|Draco Meteor|p1a: Gallade\n|-damage|p1a: Gallade|78\/100\n|-unboost|p2a: Goodra|spa|2\n|\n|upkeep\n|turn|6\n|\n|t:|1699785559\n|switch|p2a: Swampert|Swampert, M|100\/100\n|-activate|p2a: Swampert|move: Sticky Web\n|-unboost|p2a: Swampert|spe|1\n|detailschange|p1a: Gallade|Gallade-Mega, M\n|-mega|p1a: Gallade|Gallade|Galladite\n|move|p1a: Gallade|Swords Dance|p1a: Gallade\n|-boost|p1a: Gallade|atk|2\n|\n|upkeep\n|turn|7\n|\n|t:|1699785562\n|move|p1a: Gallade|Zen Headbutt|p2a: Swampert\n|-damage|p2a: Swampert|31\/100\n|-damage|p1a: Gallade|62\/100|[from] item: Rocky Helmet|[of] p2a: Swampert\n|move|p2a: Swampert|Stealth Rock|p1a: Gallade\n|-sidestart|p1: RadvilsTTT|move: Stealth Rock\n|\n|upkeep\n|turn|8\n|\n|t:|1699785570\n|move|p1a: Gallade|Zen Headbutt|p2a: Swampert\n|-damage|p2a: Swampert|0 fnt\n|-damage|p1a: Gallade|45\/100|[from] item: Rocky Helmet|[of] p2a: Swampert\n|faint|p2a: Swampert\n|\n|upkeep\n|\n|t:|1699785576\n|switch|p2a: Lopunny|Lopunny, F|100\/100\n|-activate|p2a: Lopunny|move: Sticky Web\n|-unboost|p2a: Lopunny|spe|1\n|turn|9\n|\n|t:|1699785580\n|detailschange|p2a: Lopunny|Lopunny-Mega, F\n|-mega|p2a: Lopunny|Lopunny|Lopunnite\n|move|p2a: Lopunny|Fake Out|p1a: Gallade\n|-damage|p1a: Gallade|29\/100\n|move|p1a: Gallade|Close Combat|p2a: Lopunny\n|-supereffective|p2a: Lopunny\n|-damage|p2a: Lopunny|0 fnt\n|-unboost|p1a: Gallade|def|1\n|-unboost|p1a: Gallade|spd|1\n|faint|p2a: Lopunny\n|\n|upkeep\n|c|\u2606RadvilsTTT|inner focus...\n|\n|t:|1699785602\n|switch|p2a: Zamazenta|Zamazenta|100\/100\n|-activate|p2a: Zamazenta|move: Sticky Web\n|-unboost|p2a: Zamazenta|spe|1\n|-ability|p2a: Zamazenta|Dauntless Shield|boost\n|-boost|p2a: Zamazenta|def|1\n|turn|10\n|\n|t:|1699785604\n|move|p1a: Gallade|Close Combat|p2a: Zamazenta\n|-damage|p2a: Zamazenta|40\/100\n|-unboost|p1a: Gallade|def|1\n|-unboost|p1a: Gallade|spd|1\n|move|p2a: Zamazenta|Iron Defense|p2a: Zamazenta\n|-boost|p2a: Zamazenta|def|2\n|\n|-heal|p2a: Zamazenta|46\/100|[from] item: Leftovers\n|-sideend|p1: RadvilsTTT|move: Light Screen\n|upkeep\n|turn|11\n|\n|t:|1699785608\n|move|p1a: Gallade|Zen Headbutt|p2a: Zamazenta\n|-supereffective|p2a: Zamazenta\n|-damage|p2a: Zamazenta|0 fnt\n|faint|p2a: Zamazenta\n|\n|-sideend|p1: RadvilsTTT|Reflect\n|upkeep\n|\n|t:|1699785613\n|switch|p2a: Brute Bonnet|Brute Bonnet|100\/100\n|-activate|p2a: Brute Bonnet|move: Sticky Web\n|-unboost|p2a: Brute Bonnet|spe|1\n|turn|12\n|\n|t:|1699785616\n|move|p2a: Brute Bonnet|Sucker Punch||[still]\n|-fail|p2a: Brute Bonnet\n|move|p1a: Gallade|Swords Dance|p1a: Gallade\n|-boost|p1a: Gallade|atk|2\n|\n|upkeep\n|turn|13\n|\n|t:|1699785621\n|-terastallize|p2a: Brute Bonnet|Fire\n|move|p2a: Brute Bonnet|Sucker Punch||[still]\n|-fail|p2a: Brute Bonnet\n|move|p1a: Gallade|Swords Dance|p1a: Gallade\n|-boost|p1a: Gallade|atk|2\n|\n|upkeep\n|turn|14\n|\n|t:|1699785626\n|move|p2a: Brute Bonnet|Sucker Punch|p1a: Gallade\n|-crit|p1a: Gallade\n|-damage|p1a: Gallade|0 fnt\n|faint|p1a: Gallade\n|\n|upkeep\n|\n|t:|1699785629\n|switch|p1a: Diggersby|Diggersby, M|100\/100\n|-damage|p1a: Diggersby|94\/100|[from] Stealth Rock\n|turn|15\n|\n|t:|1699785632\n|move|p1a: Diggersby|Earthquake|p2a: Brute Bonnet\n|-supereffective|p2a: Brute Bonnet\n|-damage|p2a: Brute Bonnet|0 fnt\n|faint|p2a: Brute Bonnet\n|-end|p2a: Brute Bonnet|Protosynthesis|[silent]\n|-damage|p1a: Diggersby|84\/100|[from] item: Life Orb\n|\n|upkeep\n|\n|t:|1699785635\n|switch|p2a: Iron Valiant|Iron Valiant|100\/100\n|-activate|p2a: Iron Valiant|move: Sticky Web\n|-unboost|p2a: Iron Valiant|spe|1\n|turn|16\n|\n|t:|1699785639\n|switch|p1a: Ceruledge|Ceruledge, M|100\/100\n|-damage|p1a: Ceruledge|76\/100|[from] Stealth Rock\n|move|p2a: Iron Valiant|Moonblast|p1a: Ceruledge\n|-resisted|p1a: Ceruledge\n|-damage|p1a: Ceruledge|32\/100\n|\n|upkeep\n|turn|17\n|\n|t:|1699785643\n|move|p1a: Ceruledge|Bitter Blade|p2a: Iron Valiant\n|-damage|p2a: Iron Valiant|40\/100\n|-heal|p1a: Ceruledge|62\/100|[from] drain|[of] p2a: Iron Valiant\n|move|p2a: Iron Valiant|Moonblast|p1a: Ceruledge\n|-resisted|p1a: Ceruledge\n|-crit|p1a: Ceruledge\n|-damage|p1a: Ceruledge|0 fnt\n|faint|p1a: Ceruledge\n|\n|upkeep\n|\n|t:|1699785650\n|switch|p1a: Diggersby|Diggersby, M|84\/100\n|-damage|p1a: Diggersby|78\/100|[from] Stealth Rock\n|turn|18\n|\n|t:|1699785656\n|move|p1a: Diggersby|Earthquake|p2a: Iron Valiant\n|-damage|p2a: Iron Valiant|0 fnt\n|faint|p2a: Iron Valiant\n|-end|p2a: Iron Valiant|Quark Drive|[silent]\n|-damage|p1a: Diggersby|68\/100|[from] item: Life Orb\n|\n|upkeep\n|c|\u2606RadvilsTTT|gg\n|inactive|Billy Bond 2 has 120 seconds left.\n|\n|t:|1699785691\n|switch|p2a: Goodra|Goodra-Hisui, M|84\/100\n|-activate|p2a: Goodra|move: Sticky Web\n|-unboost|p2a: Goodra|spe|1\n|turn|19\n|\n|t:|1699785695\n|move|p1a: Diggersby|Earthquake|p2a: Goodra\n|-supereffective|p2a: Goodra\n|-damage|p2a: Goodra|0 fnt\n|faint|p2a: Goodra\n|-damage|p1a: Diggersby|58\/100|[from] item: Life Orb\n|\n|win|RadvilsTTT\n|raw|RadvilsTTT's rating: 1511 &rarr; <strong>1527<\/strong><br \/>(+16 for winning)\n|raw|Billy Bond 2's rating: 1440 &rarr; <strong>1424<\/strong><br \/>(-16 for losing)\n|l|\u2606Billy Bond 2\n","uploadtime":1699785707,"views":4,"p1id":"radvilsttt","p2id":"billybond2","formatid":"gen9nationaldex","rating":1424,"private":0,"password":""}