{"id":"gen9nationaldex-1987978195","p1":"Red Vs Showdown","p2":"kuhrrohhsion","format":"[Gen 9] National Dex","log":"|j|\u2606Red Vs Showdown\n|j|\u203dkuhrrohhsion\n|inactive|Battle timer is ON: inactive players will automatically lose when time's up.\n|t:|1699655278\n|gametype|singles\n|player|p1|Red Vs Showdown|red-gen2|\n|player|p2|kuhrrohhsion|dawn|\n|teamsize|p1|6\n|teamsize|p2|6\n|gen|9\n|tier|[Gen 9] National Dex\n|rated|Tournament battle\n|rule|HP Percentage Mod: HP is shown in percentages\n|rule|Endless Battle Clause: Forcing endless battles is banned\n|rule|OHKO Clause: OHKO moves are banned\n|rule|Evasion Clause: Evasion abilities, items, and moves are banned\n|rule|Evasion Abilities Clause: Evasion abilities are banned\n|rule|Evasion Items Clause: Evasion items are banned\n|rule|Evasion Moves Clause: Evasion moves are banned\n|rule|Species Clause: Limit one of each Pok\u00e9mon\n|rule|Sleep Clause Mod: Limit one foe put to sleep\n|clearpoke\n|poke|p1|Pikachu, F|\n|poke|p1|Charizard, M|\n|poke|p1|Blastoise, M|\n|poke|p1|Venusaur, F|\n|poke|p1|Snorlax, M|\n|poke|p1|Espeon, F|\n|poke|p2|Ditto|\n|poke|p2|Alomomola, M|\n|poke|p2|Slowking-Galar, F|\n|poke|p2|Blissey, F|\n|poke|p2|Tapu Lele|\n|poke|p2|Tornadus-Therian, M|\n|teampreview\n|c|\u2606Red Vs Showdown|...\n|j| fluffersmcsheep\n|inactive|Red Vs Showdown has 120 seconds left.\n|\n|t:|1699655317\n|start\n|switch|p1a: Snorlax|Snorlax, M|100\/100\n|switch|p2a: Tapu Lele|Tapu Lele|100\/100\n|-fieldstart|move: Psychic Terrain|[from] ability: Psychic Surge|[of] p2a: Tapu Lele\n|turn|1\n|\n|t:|1699655320\n|-terastallize|p2a: Tapu Lele|Psychic\n|move|p2a: Tapu Lele|Psychic|p1a: Snorlax\n|-damage|p1a: Snorlax|36\/100\n|move|p1a: Snorlax|Return|p2a: Tapu Lele\n|-damage|p2a: Tapu Lele|0 fnt\n|faint|p2a: Tapu Lele\n|\n|upkeep\n|\n|t:|1699655330\n|switch|p2a: Alomomola|Alomomola, M|100\/100\n|turn|2\n|j| Dabman1069\n|\n|t:|1699655335\n|switch|p1a: Blastoise|Blastoise, M|100\/100\n|move|p2a: Alomomola|Flip Turn|p1a: Blastoise\n|-resisted|p1a: Blastoise\n|-damage|p1a: Blastoise|96\/100\n|\n|t:|1699655338\n|switch|p2a: Ditto|Ditto|100\/100|[from] Flip Turn\n|-transform|p2a: Ditto|p1a: Blastoise|[from] ability: Imposter\n|\n|-heal|p1a: Blastoise|100\/100|[from] item: Leftovers\n|upkeep\n|turn|3\n|\n|t:|1699655342\n|move|p2a: Ditto|Flip Turn|p1a: Blastoise\n|-resisted|p1a: Blastoise\n|-damage|p1a: Blastoise|94\/100\n|\n|t:|1699655344\n|switch|p2a: Slowking|Slowking-Galar, F|100\/100|[from] Flip Turn\n|move|p1a: Blastoise|Flip Turn|p2a: Slowking\n|-damage|p2a: Slowking|88\/100\n|\n|t:|1699655347\n|switch|p1a: Snorlax|Snorlax, M|36\/100|[from] Flip Turn\n|\n|upkeep\n|turn|4\n|\n|t:|1699655351\n|-activate|p2a: Slowking|move: Pursuit\n|move|p1a: Snorlax|Pursuit|p2a: Slowking|[from]Pursuit\n|-supereffective|p2a: Slowking\n|-damage|p2a: Slowking|30\/100\n|switch|p2a: Alomomola|Alomomola, M|100\/100\n|\n|upkeep\n|turn|5\n|\n|t:|1699655356\n|switch|p1a: Blastoise|Blastoise, M|94\/100\n|move|p2a: Alomomola|Scald|p1a: Blastoise\n|-resisted|p1a: Blastoise\n|-damage|p1a: Blastoise|87\/100\n|-status|p1a: Blastoise|brn\n|\n|-heal|p1a: Blastoise|93\/100 brn|[from] item: Leftovers\n|-damage|p1a: Blastoise|87\/100 brn|[from] brn\n|-fieldend|move: Psychic Terrain\n|upkeep\n|turn|6\n|j| XXMurdrXX\n|\n|t:|1699655365\n|move|p1a: Blastoise|Ice Beam|p2a: Alomomola\n|-resisted|p2a: Alomomola\n|-damage|p2a: Alomomola|91\/100\n|move|p2a: Alomomola|Flip Turn|p1a: Blastoise\n|-resisted|p1a: Blastoise\n|-damage|p1a: Blastoise|82\/100 brn\n|\n|t:|1699655368\n|switch|p2a: Tornadus|Tornadus-Therian, M|100\/100|[from] Flip Turn\n|\n|-heal|p1a: Blastoise|88\/100 brn|[from] item: Leftovers\n|-damage|p1a: Blastoise|82\/100 brn|[from] brn\n|upkeep\n|turn|7\n|\n|t:|1699655370\n|move|p2a: Tornadus|U-turn|p1a: Blastoise\n|-damage|p1a: Blastoise|72\/100 brn\n|\n|t:|1699655373\n|switch|p2a: Alomomola|Alomomola, M|100\/100|[from] U-turn\n|move|p1a: Blastoise|Flip Turn|p2a: Alomomola\n|-resisted|p2a: Alomomola\n|-damage|p2a: Alomomola|98\/100\n|\n|t:|1699655375\n|switch|p1a: Charizard|Charizard, M|100\/100|[from] Flip Turn\n|\n|upkeep\n|turn|8\n|\n|t:|1699655378\n|detailschange|p1a: Charizard|Charizard-Mega-Y, M\n|-mega|p1a: Charizard|Charizard|Charizardite Y\n|-weather|SunnyDay|[from] ability: Drought|[of] p1a: Charizard\n|move|p2a: Alomomola|Protect|p2a: Alomomola\n|-singleturn|p2a: Alomomola|Protect\n|move|p1a: Charizard|Fire Blast|p2a: Alomomola\n|-activate|p2a: Alomomola|move: Protect\n|\n|-weather|SunnyDay|[upkeep]\n|upkeep\n|turn|9\n|\n|t:|1699655381\n|switch|p2a: Blissey|Blissey, F|100\/100\n|move|p1a: Charizard|Fire Blast|p2a: Blissey\n|-damage|p2a: Blissey|74\/100\n|\n|-weather|SunnyDay|[upkeep]\n|upkeep\n|turn|10\n|l| fluffersmcsheep\n|\n|t:|1699655391\n|switch|p1a: Espeon|Espeon, F|100\/100\n|move|p2a: Blissey|Teleport|p2a: Blissey\n|\n|t:|1699655394\n|switch|p2a: Tornadus|Tornadus-Therian, M|100\/100|[from] Teleport\n|\n|-weather|SunnyDay|[upkeep]\n|upkeep\n|turn|11\n|\n|t:|1699655398\n|switch|p1a: Blastoise|Blastoise, M|72\/100 brn\n|move|p2a: Tornadus|U-turn|p1a: Blastoise\n|-damage|p1a: Blastoise|62\/100 brn\n|\n|t:|1699655401\n|switch|p2a: Alomomola|Alomomola, M|100\/100|[from] U-turn\n|\n|-weather|SunnyDay|[upkeep]\n|-heal|p1a: Blastoise|68\/100 brn|[from] item: Leftovers\n|-damage|p1a: Blastoise|62\/100 brn|[from] brn\n|upkeep\n|turn|12\n|\n|t:|1699655404\n|move|p1a: Blastoise|Ice Beam|p2a: Alomomola\n|-resisted|p2a: Alomomola\n|-damage|p2a: Alomomola|90\/100\n|move|p2a: Alomomola|Flip Turn|p1a: Blastoise\n|-resisted|p1a: Blastoise\n|-damage|p1a: Blastoise|60\/100 brn\n|\n|t:|1699655407\n|switch|p2a: Slowking|Slowking-Galar, F|63\/100|[from] Flip Turn\n|\n|-weather|none\n|-heal|p1a: Blastoise|66\/100 brn|[from] item: Leftovers\n|-damage|p1a: Blastoise|60\/100 brn|[from] brn\n|upkeep\n|turn|13\n|\n|t:|1699655410\n|move|p1a: Blastoise|Flip Turn|p2a: Slowking\n|-damage|p2a: Slowking|56\/100\n|\n|t:|1699655412\n|switch|p1a: Snorlax|Snorlax, M|36\/100|[from] Flip Turn\n|move|p2a: Slowking|Chilly Reception|p2a: Slowking\n|-weather|Snow\n|\n|t:|1699655416\n|switch|p2a: Alomomola|Alomomola, M|100\/100|[from] Chilly Reception\n|\n|-weather|Snow|[upkeep]\n|upkeep\n|turn|14\n|\n|t:|1699655421\n|switch|p1a: Charizard|Charizard-Mega-Y, M|100\/100\n|-weather|SunnyDay|[from] ability: Drought|[of] p1a: Charizard\n|move|p2a: Alomomola|Scald|p1a: Charizard\n|-supereffective|p1a: Charizard\n|-damage|p1a: Charizard|88\/100\n|\n|-weather|SunnyDay|[upkeep]\n|upkeep\n|turn|15\n|\n|t:|1699655424\n|switch|p1a: Venusaur|Venusaur, F|100\/100\n|move|p2a: Alomomola|Protect||[still]\n|-fail|p2a: Alomomola\n|\n|-weather|SunnyDay|[upkeep]\n|upkeep\n|turn|16\n|\n|t:|1699655427\n|switch|p2a: Slowking|Slowking-Galar, F|90\/100\n|move|p1a: Venusaur|Sludge Bomb|p2a: Slowking\n|-resisted|p2a: Slowking\n|-damage|p2a: Slowking|74\/100\n|\n|-weather|SunnyDay|[upkeep]\n|upkeep\n|turn|17\n|\n|t:|1699655433\n|move|p1a: Venusaur|Weather Ball|p2a: Slowking\n|-damage|p2a: Slowking|42\/100\n|move|p2a: Slowking|Thunder Wave|p1a: Venusaur|[miss]\n|-miss|p2a: Slowking|p1a: Venusaur\n|\n|-weather|SunnyDay|[upkeep]\n|upkeep\n|turn|18\n|\n|t:|1699655437\n|switch|p2a: Blissey|Blissey, F|74\/100\n|move|p1a: Venusaur|Weather Ball|p2a: Blissey\n|-damage|p2a: Blissey|61\/100\n|\n|-weather|none\n|upkeep\n|turn|19\n|\n|t:|1699655440\n|switch|p1a: Espeon|Espeon, F|100\/100\n|move|p2a: Blissey|Soft-Boiled|p2a: Blissey\n|-heal|p2a: Blissey|100\/100\n|\n|upkeep\n|turn|20\n|\n|t:|1699655443\n|switch|p2a: Tornadus|Tornadus-Therian, M|100\/100\n|move|p1a: Espeon|Trick|p2a: Tornadus\n|-activate|p1a: Espeon|move: Trick|[of] p2a: Tornadus\n|-item|p2a: Tornadus|Choice Scarf|[from] move: Trick\n|-item|p1a: Espeon|Heavy-Duty Boots|[from] move: Trick\n|\n|upkeep\n|turn|21\n|\n|t:|1699655448\n|move|p2a: Tornadus|Knock Off|p1a: Espeon\n|-supereffective|p1a: Espeon\n|-damage|p1a: Espeon|18\/100\n|-enditem|p1a: Espeon|Heavy-Duty Boots|[from] move: Knock Off|[of] p2a: Tornadus\n|move|p1a: Espeon|Psychic|p2a: Tornadus\n|-damage|p2a: Tornadus|53\/100\n|\n|upkeep\n|turn|22\n|\n|t:|1699655452\n|switch|p1a: Charizard|Charizard-Mega-Y, M|88\/100\n|-weather|SunnyDay|[from] ability: Drought|[of] p1a: Charizard\n|move|p2a: Tornadus|Knock Off|p1a: Charizard\n|-damage|p1a: Charizard|69\/100\n|\n|-weather|SunnyDay|[upkeep]\n|upkeep\n|turn|23\n|\n|t:|1699655455\n|switch|p2a: Blissey|Blissey, F|100\/100\n|switch|p1a: Pikachu|Pikachu, F|100\/100\n|\n|-weather|SunnyDay|[upkeep]\n|upkeep\n|turn|24\n|\n|t:|1699655461\n|switch|p2a: Ditto|Ditto|100\/100\n|-transform|p2a: Ditto|p1a: Pikachu|[from] ability: Imposter\n|-terastallize|p1a: Pikachu|Normal\n|move|p1a: Pikachu|Fake Out|p2a: Ditto\n|-damage|p2a: Ditto|30\/100\n|\n|-weather|SunnyDay|[upkeep]\n|upkeep\n|turn|25\n|\n|t:|1699655467\n|switch|p1a: Venusaur|Venusaur, F|100\/100\n|move|p2a: Ditto|Fake Out|p1a: Venusaur\n|-damage|p1a: Venusaur|89\/100\n|\n|-weather|SunnyDay|[upkeep]\n|upkeep\n|turn|26\n|\n|t:|1699655471\n|switch|p1a: Pikachu|Pikachu, F, tera:Normal|100\/100\n|switch|p2a: Slowking|Slowking-Galar, F|75\/100\n|\n|-weather|none\n|upkeep\n|turn|27\n|\n|t:|1699655478\n|move|p1a: Pikachu|Volt Tackle|p2a: Slowking\n|-damage|p2a: Slowking|10\/100\n|-damage|p1a: Pikachu|61\/100|[from] Recoil\n|move|p2a: Slowking|Sludge Bomb|p1a: Pikachu\n|-damage|p1a: Pikachu|0 fnt\n|faint|p1a: Pikachu\n|\n|upkeep\n|\n|t:|1699655481\n|switch|p1a: Snorlax|Snorlax, M|36\/100\n|turn|28\n|\n|t:|1699655487\n|move|p1a: Snorlax|Pursuit|p2a: Slowking\n|-supereffective|p2a: Slowking\n|-damage|p2a: Slowking|0 fnt\n|faint|p2a: Slowking\n|\n|upkeep\n|\n|t:|1699655491\n|switch|p2a: Tornadus|Tornadus-Therian, M|86\/100\n|turn|29\n|j| Guape\n|\n|t:|1699655494\n|switch|p1a: Charizard|Charizard-Mega-Y, M|69\/100\n|-weather|SunnyDay|[from] ability: Drought|[of] p1a: Charizard\n|move|p2a: Tornadus|U-turn|p1a: Charizard\n|-resisted|p1a: Charizard\n|-damage|p1a: Charizard|63\/100\n|\n|t:|1699655497\n|switch|p2a: Ditto|Ditto|30\/100|[from] U-turn\n|-transform|p2a: Ditto|p1a: Charizard|[from] ability: Imposter\n|\n|-weather|SunnyDay|[upkeep]\n|upkeep\n|turn|30\n|\n|t:|1699655500\n|move|p2a: Ditto|Roost|p2a: Ditto\n|-heal|p2a: Ditto|80\/100\n|-singleturn|p2a: Ditto|move: Roost\n|move|p1a: Charizard|Roost|p1a: Charizard\n|-heal|p1a: Charizard|100\/100\n|-singleturn|p1a: Charizard|move: Roost\n|\n|-weather|SunnyDay|[upkeep]\n|upkeep\n|turn|31\n|\n|t:|1699655503\n|switch|p2a: Blissey|Blissey, F|100\/100\n|switch|p1a: Snorlax|Snorlax, M|36\/100\n|\n|-weather|SunnyDay|[upkeep]\n|upkeep\n|turn|32\n|\n|t:|1699655508\n|switch|p2a: Alomomola|Alomomola, M|100\/100\n|move|p1a: Snorlax|Superpower|p2a: Alomomola\n|-damage|p2a: Alomomola|70\/100\n|-unboost|p1a: Snorlax|atk|1\n|-unboost|p1a: Snorlax|def|1\n|\n|-weather|SunnyDay|[upkeep]\n|upkeep\n|turn|33\n|\n|t:|1699655512\n|switch|p1a: Blastoise|Blastoise, M|60\/100 brn\n|move|p2a: Alomomola|Flip Turn|p1a: Blastoise\n|-resisted|p1a: Blastoise\n|-damage|p1a: Blastoise|57\/100 brn\n|\n|t:|1699655518\n|switch|p2a: Ditto|Ditto|80\/100|[from] Flip Turn\n|-transform|p2a: Ditto|p1a: Blastoise|[from] ability: Imposter\n|\n|-weather|none\n|-heal|p1a: Blastoise|63\/100 brn|[from] item: Leftovers\n|-damage|p1a: Blastoise|57\/100 brn|[from] brn\n|upkeep\n|turn|34\n|\n|t:|1699655522\n|move|p2a: Ditto|Flip Turn|p1a: Blastoise\n|-resisted|p1a: Blastoise\n|-damage|p1a: Blastoise|51\/100 brn\n|\n|t:|1699655525\n|switch|p2a: Blissey|Blissey, F|100\/100|[from] Flip Turn\n|move|p1a: Blastoise|Flip Turn|p2a: Blissey\n|-damage|p2a: Blissey|83\/100\n|\n|t:|1699655527\n|switch|p1a: Snorlax|Snorlax, M|36\/100|[from] Flip Turn\n|\n|upkeep\n|turn|35\n|\n|t:|1699655530\n|move|p2a: Blissey|Seismic Toss|p1a: Snorlax\n|-damage|p1a: Snorlax|15\/100\n|move|p1a: Snorlax|Return|p2a: Blissey\n|-damage|p2a: Blissey|0 fnt\n|faint|p2a: Blissey\n|\n|upkeep\n|\n|t:|1699655534\n|switch|p2a: Tornadus|Tornadus-Therian, M|100\/100\n|turn|36\n|\n|t:|1699655538\n|switch|p1a: Charizard|Charizard-Mega-Y, M|100\/100\n|-weather|SunnyDay|[from] ability: Drought|[of] p1a: Charizard\n|move|p2a: Tornadus|Hurricane|p1a: Charizard|[miss]\n|-miss|p2a: Tornadus|p1a: Charizard\n|\n|-weather|SunnyDay|[upkeep]\n|upkeep\n|turn|37\n|\n|t:|1699655541\n|move|p2a: Tornadus|Hurricane|p1a: Charizard\n|-damage|p1a: Charizard|60\/100\n|-start|p1a: Charizard|confusion\n|-activate|p1a: Charizard|confusion\n|move|p1a: Charizard|Fire Blast|p2a: Tornadus\n|-damage|p2a: Tornadus|0 fnt\n|faint|p2a: Tornadus\n|\n|-weather|SunnyDay|[upkeep]\n|upkeep\n|\n|t:|1699655544\n|switch|p2a: Ditto|Ditto|80\/100\n|-transform|p2a: Ditto|p1a: Charizard|[from] ability: Imposter\n|turn|38\n|\n|t:|1699655550\n|switch|p1a: Blastoise|Blastoise, M|51\/100 brn\n|move|p2a: Ditto|Air Slash|p1a: Blastoise\n|-damage|p1a: Blastoise|9\/100 brn\n|\n|-weather|SunnyDay|[upkeep]\n|-heal|p1a: Blastoise|15\/100 brn|[from] item: Leftovers\n|-damage|p1a: Blastoise|9\/100 brn|[from] brn\n|upkeep\n|turn|39\n|\n|t:|1699655552\n|move|p2a: Ditto|Air Slash|p1a: Blastoise\n|-damage|p1a: Blastoise|0 fnt\n|faint|p1a: Blastoise\n|\n|-weather|SunnyDay|[upkeep]\n|upkeep\n|\n|t:|1699655570\n|switch|p1a: Charizard|Charizard-Mega-Y, M|60\/100\n|turn|40\n|\n|t:|1699655572\n|move|p2a: Ditto|Air Slash|p1a: Charizard\n|-damage|p1a: Charizard|10\/100\n|move|p1a: Charizard|Roost|p1a: Charizard\n|-heal|p1a: Charizard|60\/100\n|-singleturn|p1a: Charizard|move: Roost\n|\n|-weather|none\n|upkeep\n|turn|41\n|\n|t:|1699655575\n|move|p2a: Ditto|Air Slash|p1a: Charizard\n|-damage|p1a: Charizard|16\/100\n|move|p1a: Charizard|Roost|p1a: Charizard\n|-heal|p1a: Charizard|66\/100\n|-singleturn|p1a: Charizard|move: Roost\n|\n|upkeep\n|turn|42\n|\n|t:|1699655578\n|switch|p2a: Alomomola|Alomomola, M|100\/100\n|move|p1a: Charizard|Roost|p1a: Charizard\n|-heal|p1a: Charizard|100\/100\n|-singleturn|p1a: Charizard|move: Roost\n|\n|upkeep\n|turn|43\n|\n|t:|1699655583\n|switch|p1a: Espeon|Espeon, F|18\/100\n|move|p2a: Alomomola|Flip Turn|p1a: Espeon\n|-damage|p1a: Espeon|0 fnt\n|faint|p1a: Espeon\n|\n|t:|1699655586\n|switch|p2a: Ditto|Ditto|80\/100|[from] Flip Turn\n|\n|upkeep\n|\n|t:|1699655588\n|switch|p1a: Venusaur|Venusaur, F|89\/100\n|turn|44\n|\n|t:|1699655592\n|-zpower|p1a: Venusaur\n|move|p1a: Venusaur|Bloom Doom|p2a: Ditto|[zeffect]\n|-damage|p2a: Ditto|0 fnt\n|faint|p2a: Ditto\n|\n|upkeep\n|\n|t:|1699655593\n|switch|p2a: Alomomola|Alomomola, M|100\/100\n|turn|45\n|\n|t:|1699655595\n|switch|p1a: Charizard|Charizard-Mega-Y, M|100\/100\n|-weather|SunnyDay|[from] ability: Drought|[of] p1a: Charizard\n|move|p2a: Alomomola|Scald|p1a: Charizard\n|-supereffective|p1a: Charizard\n|-damage|p1a: Charizard|86\/100\n|\n|-weather|SunnyDay|[upkeep]\n|upkeep\n|turn|46\n|\n|t:|1699655597\n|switch|p1a: Snorlax|Snorlax, M|15\/100\n|move|p2a: Alomomola|Protect||[still]\n|-fail|p2a: Alomomola\n|\n|-weather|SunnyDay|[upkeep]\n|upkeep\n|turn|47\n|\n|t:|1699655599\n|move|p2a: Alomomola|Scald|p1a: Snorlax\n|-damage|p1a: Snorlax|11\/100\n|move|p1a: Snorlax|Return|p2a: Alomomola\n|-damage|p2a: Alomomola|56\/100\n|\n|-weather|SunnyDay|[upkeep]\n|upkeep\n|turn|48\n|\n|t:|1699655601\n|move|p2a: Alomomola|Scald|p1a: Snorlax\n|-damage|p1a: Snorlax|7\/100\n|move|p1a: Snorlax|Return|p2a: Alomomola\n|-damage|p2a: Alomomola|13\/100\n|\n|-weather|SunnyDay|[upkeep]\n|upkeep\n|turn|49\n|\n|t:|1699655603\n|move|p2a: Alomomola|Flip Turn|p1a: Snorlax\n|-damage|p1a: Snorlax|0 fnt\n|faint|p1a: Snorlax\n|\n|-weather|none\n|upkeep\n|\n|t:|1699655604\n|switch|p1a: Venusaur|Venusaur, F|89\/100\n|turn|50\n|\n|t:|1699655606\n|move|p2a: Alomomola|Protect|p2a: Alomomola\n|-singleturn|p2a: Alomomola|Protect\n|move|p1a: Venusaur|Sludge Bomb|p2a: Alomomola\n|-activate|p2a: Alomomola|move: Protect\n|\n|upkeep\n|turn|51\n|c|\u2606Red Vs Showdown|...\n|\n|t:|1699655608\n|move|p2a: Alomomola|Protect||[still]\n|-fail|p2a: Alomomola\n|move|p1a: Venusaur|Sludge Bomb|p2a: Alomomola\n|-damage|p2a: Alomomola|0 fnt\n|faint|p2a: Alomomola\n|\n|win|Red Vs Showdown\n|n|\u2606Red Vs Showdown|redvsshowdown\n|n|\u203dkuhrrohhsion|kuhrrohhsion\n|n| Dabman1069|dabman1069\n|n| XXMurdrXX|xxmurdrxx\n|n| Guape|guape\n","uploadtime":1699655610,"views":4,"p1id":"redvsshowdown","p2id":"kuhrrohhsion","formatid":"gen9nationaldex","rating":0,"private":0,"password":""}