{"id":"gen9nationaldex-1997300565","p1":"SpecsGastr0","p2":"Andrew cross","format":"[Gen 9] National Dex","log":"|html|<div class=\"broadcast-blue\"><strong>[Gen 9] National Dex is currently suspecting Sneasler! For information on how to participate check out the <a href=\"https:\/\/www.smogon.com\/forums\/threads\/sv-national-dex-suspect-8-just-dance.3731534\/\">suspect thread<\/a>.<\/strong><\/div>\n|j|\u2606SpecsGastr0\n|j|\u2606Andrew cross\n|t:|1700786554\n|gametype|singles\n|player|p1|SpecsGastr0|colress|1146\n|player|p2|Andrew cross|102|1148\n|teamsize|p1|6\n|teamsize|p2|6\n|gen|9\n|tier|[Gen 9] National Dex\n|rated|\n|rule|HP Percentage Mod: HP is shown in percentages\n|rule|Endless Battle Clause: Forcing endless battles is banned\n|rule|OHKO Clause: OHKO moves are banned\n|rule|Evasion Clause: Evasion abilities, items, and moves are banned\n|rule|Evasion Abilities Clause: Evasion abilities are banned\n|rule|Evasion Items Clause: Evasion items are banned\n|rule|Evasion Moves Clause: Evasion moves are banned\n|rule|Species Clause: Limit one of each Pok\u00e9mon\n|rule|Sleep Clause Mod: Limit one foe put to sleep\n|clearpoke\n|poke|p1|Incineroar, M|\n|poke|p1|Umbreon, F|\n|poke|p1|Jolteon, M|\n|poke|p1|Flareon, M|\n|poke|p1|Okidogi, M|\n|poke|p1|Grimmsnarl, M|\n|poke|p2|Garchomp, F|\n|poke|p2|Roserade, M|\n|poke|p2|Spiritomb, M|\n|poke|p2|Togekiss, F|\n|poke|p2|Milotic, F|\n|poke|p2|Gastrodon-East, M|\n|teampreview\n|\n|t:|1700786566\n|start\n|switch|p1a: Ornsnarl|Grimmsnarl, M|100\/100\n|switch|p2a: Gastrodon|Gastrodon-East, M|100\/100\n|turn|1\n|inactive|Battle timer is ON: inactive players will automatically lose when time's up. (requested by Andrew cross)\n|\n|t:|1700786575\n|move|p1a: Ornsnarl|Taunt|p2a: Gastrodon\n|-start|p2a: Gastrodon|move: Taunt\n|move|p2a: Gastrodon|Scald|p1a: Ornsnarl\n|-damage|p1a: Ornsnarl|74\/100\n|\n|upkeep\n|turn|2\n|\n|t:|1700786582\n|move|p1a: Ornsnarl|Light Screen|p1a: Ornsnarl\n|-sidestart|p1: SpecsGastr0|move: Light Screen\n|move|p2a: Gastrodon|Scald|p1a: Ornsnarl\n|-damage|p1a: Ornsnarl|61\/100\n|\n|upkeep\n|turn|3\n|\n|t:|1700786588\n|move|p1a: Ornsnarl|Reflect|p1a: Ornsnarl\n|-sidestart|p1: SpecsGastr0|Reflect\n|move|p2a: Gastrodon|Scald|p1a: Ornsnarl\n|-damage|p1a: Ornsnarl|48\/100\n|\n|-end|p2a: Gastrodon|move: Taunt\n|upkeep\n|turn|4\n|\n|t:|1700786594\n|move|p1a: Ornsnarl|Taunt|p2a: Gastrodon\n|-start|p2a: Gastrodon|move: Taunt\n|move|p2a: Gastrodon|Scald|p1a: Ornsnarl\n|-damage|p1a: Ornsnarl|34\/100\n|\n|upkeep\n|turn|5\n|\n|t:|1700786615\n|switch|p1a: Amiibo God|Incineroar, M|100\/100\n|-ability|p1a: Amiibo God|Intimidate|boost\n|-unboost|p2a: Gastrodon|atk|1\n|move|p2a: Gastrodon|Earth Power|p1a: Amiibo God\n|-supereffective|p1a: Amiibo God\n|-damage|p1a: Amiibo God|65\/100\n|\n|upkeep\n|turn|6\n|\n|t:|1700786624\n|move|p1a: Amiibo God|Knock Off|p2a: Gastrodon\n|-damage|p2a: Gastrodon|60\/100\n|-enditem|p2a: Gastrodon|Leftovers|[from] move: Knock Off|[of] p1a: Amiibo God\n|move|p2a: Gastrodon|Earth Power|p1a: Amiibo God\n|-supereffective|p1a: Amiibo God\n|-damage|p1a: Amiibo God|29\/100\n|\n|-end|p2a: Gastrodon|move: Taunt\n|upkeep\n|turn|7\n|\n|t:|1700786633\n|move|p1a: Amiibo God|Parting Shot|p2a: Gastrodon\n|-unboost|p2a: Gastrodon|atk|1\n|-unboost|p2a: Gastrodon|spa|1\n|\n|t:|1700786640\n|switch|p1a: Line Holder|Umbreon, F|100\/100|[from] Parting Shot\n|move|p2a: Gastrodon|Recover|p2a: Gastrodon\n|-heal|p2a: Gastrodon|100\/100\n|\n|upkeep\n|turn|8\n|\n|t:|1700786647\n|switch|p2a: Roserade|Roserade, M|100\/100\n|move|p1a: Line Holder|Toxic|p2a: Roserade\n|-immune|p2a: Roserade\n|\n|upkeep\n|turn|9\n|\n|t:|1700786652\n|move|p2a: Roserade|Sludge Bomb|p1a: Line Holder\n|-damage|p1a: Line Holder|88\/100\n|move|p1a: Line Holder|Wish|p1a: Line Holder\n|\n|-heal|p1a: Line Holder|94\/100|[from] item: Leftovers\n|-sideend|p1: SpecsGastr0|move: Light Screen\n|upkeep\n|turn|10\n|\n|t:|1700786662\n|switch|p1a: Fucking Donkey|Flareon, M|100\/100\n|move|p2a: Roserade|Sludge Bomb|p1a: Fucking Donkey\n|-damage|p1a: Fucking Donkey|53\/100\n|\n|-heal|p1a: Fucking Donkey|100\/100|[from] move: Wish|[wisher] Line Holder\n|-sideend|p1: SpecsGastr0|Reflect\n|-status|p1a: Fucking Donkey|tox|[from] item: Toxic Orb\n|upkeep\n|turn|11\n|\n|t:|1700786675\n|move|p2a: Roserade|Sludge Bomb|p1a: Fucking Donkey\n|-damage|p1a: Fucking Donkey|55\/100 tox\n|move|p1a: Fucking Donkey|Trailblaze|p2a: Roserade\n|-resisted|p2a: Roserade\n|-damage|p2a: Roserade|88\/100\n|-boost|p1a: Fucking Donkey|spe|1\n|\n|-damage|p1a: Fucking Donkey|49\/100 tox|[from] psn\n|upkeep\n|turn|12\n|\n|t:|1700786687\n|move|p2a: Roserade|Sludge Bomb|p1a: Fucking Donkey\n|-damage|p1a: Fucking Donkey|4\/100 tox\n|move|p1a: Fucking Donkey|Facade|p2a: Roserade\n|-damage|p2a: Roserade|0 fnt\n|faint|p2a: Roserade\n|\n|-damage|p1a: Fucking Donkey|0 fnt|[from] psn\n|faint|p1a: Fucking Donkey\n|upkeep\n|\n|t:|1700786699\n|switch|p2a: Spiritomb|Spiritomb, M|100\/100\n|switch|p1a: Ornsnarl|Grimmsnarl, M|34\/100\n|turn|13\n|\n|t:|1700786704\n|move|p1a: Ornsnarl|Reflect|p1a: Ornsnarl\n|-sidestart|p1: SpecsGastr0|Reflect\n|move|p2a: Spiritomb|Shadow Ball|p1a: Ornsnarl\n|-resisted|p1a: Ornsnarl\n|-damage|p1a: Ornsnarl|21\/100\n|-unboost|p1a: Ornsnarl|spd|1\n|\n|upkeep\n|turn|14\n|\n|t:|1700786711\n|move|p1a: Ornsnarl|Light Screen|p1a: Ornsnarl\n|-sidestart|p1: SpecsGastr0|move: Light Screen\n|move|p2a: Spiritomb|Shadow Ball|p1a: Ornsnarl\n|-resisted|p1a: Ornsnarl\n|-damage|p1a: Ornsnarl|1\/100\n|\n|upkeep\n|turn|15\n|\n|t:|1700786721\n|switch|p1a: Line Holder|Umbreon, F|94\/100\n|move|p2a: Spiritomb|Shadow Ball|p1a: Line Holder\n|-resisted|p1a: Line Holder\n|-crit|p1a: Line Holder\n|-damage|p1a: Line Holder|81\/100\n|\n|-heal|p1a: Line Holder|87\/100|[from] item: Leftovers\n|upkeep\n|turn|16\n|\n|t:|1700786735\n|move|p1a: Line Holder|Wish|p1a: Line Holder\n|move|p2a: Spiritomb|Will-O-Wisp|p1a: Line Holder\n|-status|p1a: Line Holder|brn\n|-activate|p1a: Line Holder|ability: Synchronize\n|-status|p2a: Spiritomb|brn\n|\n|-heal|p1a: Line Holder|93\/100 brn|[from] item: Leftovers\n|-damage|p1a: Line Holder|87\/100 brn|[from] brn\n|-damage|p2a: Spiritomb|94\/100 brn|[from] brn\n|upkeep\n|turn|17\n|\n|t:|1700786747\n|switch|p1a: Amiibo God|Incineroar, M|29\/100\n|-ability|p1a: Amiibo God|Intimidate|boost\n|-unboost|p2a: Spiritomb|atk|1\n|switch|p2a: Togekiss|Togekiss, F|100\/100\n|\n|-heal|p1a: Amiibo God|79\/100|[from] move: Wish|[wisher] Line Holder\n|upkeep\n|turn|18\n|\n|t:|1700786758\n|move|p1a: Amiibo God|Fake Out|p2a: Togekiss\n|-damage|p2a: Togekiss|88\/100\n|cant|p2a: Togekiss|flinch\n|\n|upkeep\n|turn|19\n|\n|t:|1700786767\n|switch|p1a: Regieleki At Home|Jolteon, M|100\/100\n|move|p2a: Togekiss|Thunder Wave|p1a: Regieleki At Home\n|-immune|p1a: Regieleki At Home|[from] ability: Volt Absorb\n|\n|upkeep\n|turn|20\n|\n|t:|1700786773\n|switch|p2a: Gastrodon|Gastrodon-East, M|100\/100\n|-terastallize|p1a: Regieleki At Home|Ice\n|move|p1a: Regieleki At Home|Tera Blast|p2a: Gastrodon|[anim] Tera Blast Ice\n|-damage|p2a: Gastrodon|47\/100\n|\n|-sideend|p1: SpecsGastr0|Reflect\n|upkeep\n|turn|21\n|\n|t:|1700786780\n|move|p1a: Regieleki At Home|Tera Blast|p2a: Gastrodon|[anim] Tera Blast Ice\n|-damage|p2a: Gastrodon|0 fnt\n|faint|p2a: Gastrodon\n|\n|-sideend|p1: SpecsGastr0|move: Light Screen\n|upkeep\n|\n|t:|1700786787\n|switch|p2a: Spiritomb|Spiritomb, M|94\/100 brn\n|turn|22\n|\n|t:|1700786793\n|switch|p1a: Amiibo God|Incineroar, M|79\/100\n|-ability|p1a: Amiibo God|Intimidate|boost\n|-unboost|p2a: Spiritomb|atk|1\n|move|p2a: Spiritomb|Shadow Ball|p1a: Amiibo God\n|-resisted|p1a: Amiibo God\n|-damage|p1a: Amiibo God|62\/100\n|\n|-damage|p2a: Spiritomb|88\/100 brn|[from] brn\n|upkeep\n|turn|23\n|\n|t:|1700786803\n|switch|p2a: Garchomp|Garchomp, F|100\/100\n|move|p1a: Amiibo God|Knock Off|p2a: Garchomp\n|-damage|p2a: Garchomp|75\/100\n|-damage|p1a: Amiibo God|49\/100|[from] ability: Rough Skin|[of] p2a: Garchomp\n|\n|upkeep\n|turn|24\n|\n|t:|1700786816\n|switch|p1a: Ornsnarl|Grimmsnarl, M|1\/100\n|detailschange|p2a: Garchomp|Garchomp-Mega, F\n|-mega|p2a: Garchomp|Garchomp|Garchompite\n|move|p2a: Garchomp|Stealth Rock|p1a: Ornsnarl\n|-sidestart|p1: SpecsGastr0|move: Stealth Rock\n|\n|upkeep\n|turn|25\n|\n|t:|1700786828\n|switch|p2a: Milotic|Milotic, F|100\/100\n|move|p1a: Ornsnarl|Taunt|p2a: Milotic\n|-start|p2a: Milotic|move: Taunt\n|\n|upkeep\n|turn|26\n|\n|t:|1700786834\n|move|p1a: Ornsnarl|Light Screen|p1a: Ornsnarl\n|-sidestart|p1: SpecsGastr0|move: Light Screen\n|move|p2a: Milotic|Hydro Pump|p1a: Ornsnarl\n|-damage|p1a: Ornsnarl|0 fnt\n|faint|p1a: Ornsnarl\n|\n|upkeep\n|\n|t:|1700786851\n|switch|p1a: Dogbert|Okidogi, M|100\/100\n|-damage|p1a: Dogbert|94\/100|[from] Stealth Rock\n|turn|27\n|\n|t:|1700786858\n|move|p2a: Milotic|Hydro Pump|p1a: Dogbert\n|-damage|p1a: Dogbert|70\/100\n|move|p1a: Dogbert|Bulk Up|p1a: Dogbert\n|-boost|p1a: Dogbert|atk|1\n|-boost|p1a: Dogbert|def|1\n|\n|-heal|p1a: Dogbert|76\/100|[from] item: Leftovers\n|-end|p2a: Milotic|move: Taunt\n|upkeep\n|turn|28\n|\n|t:|1700786867\n|move|p2a: Milotic|Coil|p2a: Milotic\n|-boost|p2a: Milotic|atk|1\n|-boost|p2a: Milotic|def|1\n|-boost|p2a: Milotic|accuracy|1\n|move|p1a: Dogbert|Drain Punch|p2a: Milotic\n|-damage|p2a: Milotic|52\/100\n|-heal|p1a: Dogbert|97\/100|[from] drain|[of] p2a: Milotic\n|\n|-heal|p2a: Milotic|58\/100|[from] item: Leftovers\n|-heal|p1a: Dogbert|100\/100|[from] item: Leftovers\n|upkeep\n|turn|29\n|\n|t:|1700786877\n|move|p2a: Milotic|Coil|p2a: Milotic\n|-boost|p2a: Milotic|atk|1\n|-boost|p2a: Milotic|def|1\n|-boost|p2a: Milotic|accuracy|1\n|move|p1a: Dogbert|Bulk Up|p1a: Dogbert\n|-boost|p1a: Dogbert|atk|1\n|-boost|p1a: Dogbert|def|1\n|\n|-heal|p2a: Milotic|64\/100|[from] item: Leftovers\n|upkeep\n|turn|30\n|\n|t:|1700786886\n|move|p2a: Milotic|Hypnosis|p1a: Dogbert\n|-status|p1a: Dogbert|slp|[from] move: Hypnosis\n|cant|p1a: Dogbert|slp\n|\n|-heal|p2a: Milotic|70\/100|[from] item: Leftovers\n|upkeep\n|turn|31\n|\n|t:|1700786893\n|switch|p1a: Regieleki At Home|Jolteon, M, tera:Ice|100\/100\n|-damage|p1a: Regieleki At Home|76\/100|[from] Stealth Rock\n|move|p2a: Milotic|Hydro Pump|p1a: Regieleki At Home\n|-crit|p1a: Regieleki At Home\n|-damage|p1a: Regieleki At Home|0 fnt\n|faint|p1a: Regieleki At Home\n|\n|-heal|p2a: Milotic|76\/100|[from] item: Leftovers\n|upkeep\n|\n|t:|1700786903\n|switch|p1a: Line Holder|Umbreon, F|87\/100 brn\n|-damage|p1a: Line Holder|74\/100 brn|[from] Stealth Rock\n|turn|32\n|\n|t:|1700786907\n|move|p2a: Milotic|Hydro Pump|p1a: Line Holder\n|-damage|p1a: Line Holder|61\/100 brn\n|move|p1a: Line Holder|Toxic|p2a: Milotic\n|-status|p2a: Milotic|tox\n|\n|-heal|p2a: Milotic|82\/100 tox|[from] item: Leftovers\n|-heal|p1a: Line Holder|67\/100 brn|[from] item: Leftovers\n|-damage|p2a: Milotic|76\/100 tox|[from] psn\n|-damage|p1a: Line Holder|61\/100 brn|[from] brn\n|upkeep\n|turn|33\n|\n|t:|1700786917\n|move|p2a: Milotic|Hydro Pump|p1a: Line Holder\n|-damage|p1a: Line Holder|49\/100 brn\n|move|p1a: Line Holder|Wish|p1a: Line Holder\n|\n|-heal|p2a: Milotic|82\/100 tox|[from] item: Leftovers\n|-heal|p1a: Line Holder|55\/100 brn|[from] item: Leftovers\n|-damage|p2a: Milotic|70\/100 tox|[from] psn\n|-damage|p1a: Line Holder|49\/100 brn|[from] brn\n|-sideend|p1: SpecsGastr0|move: Light Screen\n|upkeep\n|turn|34\n|\n|t:|1700786926\n|move|p1a: Line Holder|Protect|p1a: Line Holder\n|-singleturn|p1a: Line Holder|Protect\n|move|p2a: Milotic|Hydro Pump|p1a: Line Holder\n|-activate|p1a: Line Holder|move: Protect\n|\n|-heal|p1a: Line Holder|99\/100 brn|[from] move: Wish|[wisher] Line Holder\n|-heal|p2a: Milotic|76\/100 tox|[from] item: Leftovers\n|-heal|p1a: Line Holder|100\/100 brn|[from] item: Leftovers\n|-damage|p2a: Milotic|58\/100 tox|[from] psn\n|-damage|p1a: Line Holder|94\/100 brn|[from] brn\n|upkeep\n|turn|35\n|\n|t:|1700786938\n|move|p2a: Milotic|Hydro Pump|p1a: Line Holder\n|-damage|p1a: Line Holder|70\/100 brn\n|move|p1a: Line Holder|Wish|p1a: Line Holder\n|\n|-heal|p2a: Milotic|64\/100 tox|[from] item: Leftovers\n|-heal|p1a: Line Holder|76\/100 brn|[from] item: Leftovers\n|-damage|p2a: Milotic|40\/100 tox|[from] psn\n|-damage|p1a: Line Holder|70\/100 brn|[from] brn\n|upkeep\n|turn|36\n|\n|t:|1700786948\n|move|p2a: Milotic|Dragon Pulse|p1a: Line Holder\n|-damage|p1a: Line Holder|58\/100 brn\n|move|p1a: Line Holder|Foul Play|p2a: Milotic\n|-damage|p2a: Milotic|30\/100 tox\n|\n|-heal|p1a: Line Holder|100\/100 brn|[from] move: Wish|[wisher] Line Holder\n|-heal|p2a: Milotic|36\/100 tox|[from] item: Leftovers\n|-damage|p2a: Milotic|6\/100 tox|[from] psn\n|-damage|p1a: Line Holder|94\/100 brn|[from] brn\n|upkeep\n|turn|37\n|\n|t:|1700786959\n|move|p2a: Milotic|Hydro Pump|p1a: Line Holder\n|-damage|p1a: Line Holder|70\/100 brn\n|move|p1a: Line Holder|Wish|p1a: Line Holder\n|\n|-heal|p2a: Milotic|12\/100 tox|[from] item: Leftovers\n|-heal|p1a: Line Holder|76\/100 brn|[from] item: Leftovers\n|-damage|p2a: Milotic|0 fnt|[from] psn\n|faint|p2a: Milotic\n|-damage|p1a: Line Holder|70\/100 brn|[from] brn\n|upkeep\n|\n|t:|1700786963\n|switch|p2a: Togekiss|Togekiss, F|88\/100\n|turn|38\n|\n|t:|1700786971\n|move|p2a: Togekiss|Air Slash|p1a: Line Holder\n|-crit|p1a: Line Holder\n|-damage|p1a: Line Holder|40\/100 brn\n|cant|p1a: Line Holder|flinch\n|\n|-heal|p1a: Line Holder|90\/100 brn|[from] move: Wish|[wisher] Line Holder\n|-heal|p1a: Line Holder|96\/100 brn|[from] item: Leftovers\n|-damage|p1a: Line Holder|90\/100 brn|[from] brn\n|upkeep\n|turn|39\n|\n|t:|1700786979\n|move|p2a: Togekiss|Air Slash|p1a: Line Holder\n|-damage|p1a: Line Holder|72\/100 brn\n|cant|p1a: Line Holder|flinch\n|\n|-heal|p1a: Line Holder|78\/100 brn|[from] item: Leftovers\n|-damage|p1a: Line Holder|72\/100 brn|[from] brn\n|upkeep\n|turn|40\n|\n|t:|1700786986\n|move|p2a: Togekiss|Air Slash|p1a: Line Holder\n|-damage|p1a: Line Holder|52\/100 brn\n|cant|p1a: Line Holder|flinch\n|\n|-heal|p1a: Line Holder|58\/100 brn|[from] item: Leftovers\n|-damage|p1a: Line Holder|52\/100 brn|[from] brn\n|upkeep\n|turn|41\n|\n|t:|1700786994\n|move|p1a: Line Holder|Protect|p1a: Line Holder\n|-singleturn|p1a: Line Holder|Protect\n|move|p2a: Togekiss|Air Slash|p1a: Line Holder\n|-activate|p1a: Line Holder|move: Protect\n|\n|-heal|p1a: Line Holder|58\/100 brn|[from] item: Leftovers\n|-damage|p1a: Line Holder|52\/100 brn|[from] brn\n|upkeep\n|turn|42\n|\n|t:|1700786996\n|move|p2a: Togekiss|Air Slash|p1a: Line Holder\n|-damage|p1a: Line Holder|33\/100 brn\n|move|p1a: Line Holder|Toxic|p2a: Togekiss\n|-status|p2a: Togekiss|tox\n|\n|-heal|p1a: Line Holder|40\/100 brn|[from] item: Leftovers\n|-damage|p2a: Togekiss|82\/100 tox|[from] psn\n|-damage|p1a: Line Holder|33\/100 brn|[from] brn\n|upkeep\n|turn|43\n|\n|t:|1700787006\n|move|p2a: Togekiss|Air Slash|p1a: Line Holder\n|-damage|p1a: Line Holder|14\/100 brn\n|move|p1a: Line Holder|Wish|p1a: Line Holder\n|\n|-heal|p1a: Line Holder|20\/100 brn|[from] item: Leftovers\n|-damage|p2a: Togekiss|69\/100 tox|[from] psn\n|-damage|p1a: Line Holder|14\/100 brn|[from] brn\n|upkeep\n|turn|44\n|\n|t:|1700787013\n|move|p1a: Line Holder|Protect|p1a: Line Holder\n|-singleturn|p1a: Line Holder|Protect\n|move|p2a: Togekiss|Air Slash|p1a: Line Holder\n|-activate|p1a: Line Holder|move: Protect\n|\n|-heal|p1a: Line Holder|64\/100 brn|[from] move: Wish|[wisher] Line Holder\n|-heal|p1a: Line Holder|70\/100 brn|[from] item: Leftovers\n|-damage|p2a: Togekiss|51\/100 tox|[from] psn\n|-damage|p1a: Line Holder|64\/100 brn|[from] brn\n|upkeep\n|turn|45\n|\n|t:|1700787023\n|move|p2a: Togekiss|Air Slash|p1a: Line Holder\n|-damage|p1a: Line Holder|45\/100 brn\n|move|p1a: Line Holder|Wish|p1a: Line Holder\n|\n|-heal|p1a: Line Holder|51\/100 brn|[from] item: Leftovers\n|-damage|p2a: Togekiss|27\/100 tox|[from] psn\n|-damage|p1a: Line Holder|45\/100 brn|[from] brn\n|upkeep\n|turn|46\n|\n|t:|1700787030\n|move|p1a: Line Holder|Protect|p1a: Line Holder\n|-singleturn|p1a: Line Holder|Protect\n|move|p2a: Togekiss|Air Slash|p1a: Line Holder\n|-activate|p1a: Line Holder|move: Protect\n|\n|-heal|p1a: Line Holder|95\/100 brn|[from] move: Wish|[wisher] Line Holder\n|-heal|p1a: Line Holder|100\/100 brn|[from] item: Leftovers\n|-damage|p2a: Togekiss|0 fnt|[from] psn\n|faint|p2a: Togekiss\n|-damage|p1a: Line Holder|94\/100 brn|[from] brn\n|upkeep\n|\n|t:|1700787033\n|switch|p2a: Garchomp|Garchomp-Mega, F|75\/100\n|turn|47\n|\n|t:|1700787043\n|move|p2a: Garchomp|Earthquake|p1a: Line Holder\n|-crit|p1a: Line Holder\n|-damage|p1a: Line Holder|12\/100 brn\n|move|p1a: Line Holder|Toxic|p2a: Garchomp\n|-status|p2a: Garchomp|tox\n|\n|-heal|p1a: Line Holder|18\/100 brn|[from] item: Leftovers\n|-damage|p2a: Garchomp|69\/100 tox|[from] psn\n|-damage|p1a: Line Holder|12\/100 brn|[from] brn\n|upkeep\n|turn|48\n|\n|t:|1700787054\n|move|p1a: Line Holder|Protect|p1a: Line Holder\n|-singleturn|p1a: Line Holder|Protect\n|move|p2a: Garchomp|Earthquake|p1a: Line Holder\n|-activate|p1a: Line Holder|move: Protect\n|\n|-heal|p1a: Line Holder|18\/100 brn|[from] item: Leftovers\n|-damage|p2a: Garchomp|57\/100 tox|[from] psn\n|-damage|p1a: Line Holder|12\/100 brn|[from] brn\n|upkeep\n|turn|49\n|\n|t:|1700787063\n|move|p2a: Garchomp|Earthquake|p1a: Line Holder\n|-crit|p1a: Line Holder\n|-damage|p1a: Line Holder|0 fnt\n|faint|p1a: Line Holder\n|\n|-damage|p2a: Garchomp|38\/100 tox|[from] psn\n|upkeep\n|\n|t:|1700787069\n|switch|p1a: Amiibo God|Incineroar, M|49\/100\n|-ability|p1a: Amiibo God|Intimidate|boost\n|-unboost|p2a: Garchomp|atk|1\n|turn|50\n|\n|t:|1700787074\n|switch|p2a: Spiritomb|Spiritomb, M|88\/100 brn\n|move|p1a: Amiibo God|Fake Out|p2a: Spiritomb\n|-immune|p2a: Spiritomb\n|\n|-damage|p2a: Spiritomb|82\/100 brn|[from] brn\n|upkeep\n|turn|51\n|\n|t:|1700787079\n|move|p1a: Amiibo God|Parting Shot|p2a: Spiritomb\n|-unboost|p2a: Spiritomb|atk|1\n|-unboost|p2a: Spiritomb|spa|1\n|\n|t:|1700787082\n|switch|p1a: Dogbert|Okidogi, M|100\/100 slp|[from] Parting Shot\n|-damage|p1a: Dogbert|94\/100 slp|[from] Stealth Rock\n|move|p2a: Spiritomb|Shadow Ball|p1a: Dogbert\n|-damage|p1a: Dogbert|69\/100 slp\n|\n|-heal|p1a: Dogbert|75\/100 slp|[from] item: Leftovers\n|-damage|p2a: Spiritomb|75\/100 brn|[from] brn\n|upkeep\n|turn|52\n|\n|t:|1700787092\n|cant|p1a: Dogbert|slp\n|move|p2a: Spiritomb|Shadow Ball|p1a: Dogbert\n|-damage|p1a: Dogbert|49\/100 slp\n|\n|-heal|p1a: Dogbert|55\/100 slp|[from] item: Leftovers\n|-damage|p2a: Spiritomb|69\/100 brn|[from] brn\n|upkeep\n|turn|53\n|\n|t:|1700787101\n|cant|p1a: Dogbert|slp\n|move|p2a: Spiritomb|Shadow Ball|p1a: Dogbert\n|-damage|p1a: Dogbert|29\/100 slp\n|\n|-heal|p1a: Dogbert|35\/100 slp|[from] item: Leftovers\n|-damage|p2a: Spiritomb|63\/100 brn|[from] brn\n|upkeep\n|turn|54\n|\n|t:|1700787104\n|-curestatus|p1a: Dogbert|slp|[msg]\n|move|p1a: Dogbert|Knock Off|p2a: Spiritomb\n|-damage|p2a: Spiritomb|23\/100 brn\n|-enditem|p2a: Spiritomb|Custap Berry|[from] move: Knock Off|[of] p1a: Dogbert\n|move|p2a: Spiritomb|Shadow Ball|p1a: Dogbert\n|-damage|p1a: Dogbert|10\/100\n|-unboost|p1a: Dogbert|spd|1\n|\n|-heal|p1a: Dogbert|17\/100|[from] item: Leftovers\n|-damage|p2a: Spiritomb|17\/100 brn|[from] brn\n|upkeep\n|turn|55\n|\n|t:|1700787126\n|move|p2a: Spiritomb|Sucker Punch|p1a: Dogbert\n|-resisted|p1a: Dogbert\n|-damage|p1a: Dogbert|14\/100\n|move|p1a: Dogbert|Knock Off|p2a: Spiritomb\n|-damage|p2a: Spiritomb|0 fnt\n|faint|p2a: Spiritomb\n|\n|-heal|p1a: Dogbert|20\/100|[from] item: Leftovers\n|upkeep\n|\n|t:|1700787129\n|switch|p2a: Garchomp|Garchomp-Mega, F|38\/100 tox\n|turn|56\n|\n|t:|1700787139\n|move|p2a: Garchomp|Earthquake|p1a: Dogbert\n|-supereffective|p1a: Dogbert\n|-damage|p1a: Dogbert|0 fnt\n|faint|p1a: Dogbert\n|\n|-damage|p2a: Garchomp|32\/100 tox|[from] psn\n|upkeep\n|\n|t:|1700787142\n|switch|p1a: Amiibo God|Incineroar, M|49\/100\n|-ability|p1a: Amiibo God|Intimidate|boost\n|-unboost|p2a: Garchomp|atk|1\n|turn|57\n|\n|t:|1700787147\n|move|p1a: Amiibo God|Fake Out|p2a: Garchomp\n|-damage|p2a: Garchomp|23\/100 tox\n|cant|p2a: Garchomp|flinch\n|\n|-damage|p2a: Garchomp|11\/100 tox|[from] psn\n|upkeep\n|turn|58\n|\n|t:|1700787155\n|move|p2a: Garchomp|Earthquake|p1a: Amiibo God\n|-supereffective|p1a: Amiibo God\n|-damage|p1a: Amiibo God|0 fnt\n|faint|p1a: Amiibo God\n|\n|win|Andrew cross\n|raw|SpecsGastr0's rating: 1146 &rarr; <strong>1121<\/strong><br \/>(-25 for losing)\n|raw|Andrew cross's rating: 1148 &rarr; <strong>1173<\/strong><br \/>(+25 for winning)\n|l|\u2606Andrew cross\n","uploadtime":1700787159,"views":15,"p1id":"specsgastr0","p2id":"andrewcross","formatid":"gen9nationaldex","rating":1121,"private":0,"password":""}