{"id":"gen9nationaldex-1990077910","p1":"mrSetekh","p2":"XANIMEV","format":"[Gen 9] National Dex","log":"|j|\u2606mrSetekh\n|j|\u2606XANIMEV\n|t:|1699922161\n|gametype|singles\n|player|p1|mrSetekh|n|1068\n|player|p2|XANIMEV|1|1053\n|teamsize|p1|6\n|teamsize|p2|6\n|gen|9\n|tier|[Gen 9] National Dex\n|rated|\n|rule|HP Percentage Mod: HP is shown in percentages\n|rule|Endless Battle Clause: Forcing endless battles is banned\n|rule|OHKO Clause: OHKO moves are banned\n|rule|Evasion Clause: Evasion abilities, items, and moves are banned\n|rule|Evasion Abilities Clause: Evasion abilities are banned\n|rule|Evasion Items Clause: Evasion items are banned\n|rule|Evasion Moves Clause: Evasion moves are banned\n|rule|Species Clause: Limit one of each Pok\u00e9mon\n|rule|Sleep Clause Mod: Limit one foe put to sleep\n|clearpoke\n|poke|p1|Venusaur, M|\n|poke|p1|Ferrothorn, M|\n|poke|p1|Breloom, M|\n|poke|p1|Ludicolo, F|\n|poke|p1|Cradily, F|\n|poke|p1|Rillaboom, F|\n|poke|p2|Dusclops, F|\n|poke|p2|Gyarados, M|\n|poke|p2|Glimmora, F|\n|poke|p2|Chansey, F|\n|poke|p2|Rillaboom, F|\n|poke|p2|Heatran, M|\n|teampreview\n|inactive|Battle timer is ON: inactive players will automatically lose when time's up. (requested by XANIMEV)\n|\n|t:|1699922194\n|start\n|switch|p1a: Cradily|Cradily, F|100\/100\n|switch|p2a: Glimmora|Glimmora, F|100\/100\n|turn|1\n|\n|t:|1699922203\n|switch|p1a: Ferrothorn|Ferrothorn, M|100\/100\n|move|p2a: Glimmora|Mortal Spin|p1a: Ferrothorn\n|-immune|p1a: Ferrothorn\n|\n|upkeep\n|turn|2\n|\n|t:|1699922209\n|switch|p2a: Heatran|Heatran, M|100\/100\n|move|p1a: Ferrothorn|Stealth Rock|p2a: Heatran\n|-sidestart|p2: XANIMEV|move: Stealth Rock\n|\n|upkeep\n|turn|3\n|\n|t:|1699922218\n|switch|p1a: Cradily|Cradily, F|100\/100\n|move|p2a: Heatran|Eruption|p1a: Cradily\n|-damage|p1a: Cradily|49\/100\n|\n|-heal|p1a: Cradily|55\/100|[from] item: Leftovers\n|upkeep\n|turn|4\n|\n|t:|1699922229\n|-terastallize|p2a: Heatran|Fire\n|move|p2a: Heatran|Eruption|p1a: Cradily\n|-damage|p1a: Cradily|0 fnt\n|faint|p1a: Cradily\n|\n|upkeep\n|\n|t:|1699922236\n|switch|p1a: Ludicolo|Ludicolo, F|100\/100\n|turn|5\n|c|\u2606mrSetekh|wtf\n|c|\u2606XANIMEV|\ud83d\udc40\n|c|\u2606mrSetekh|my ludicolo has only 3 moves\n|\n|t:|1699922265\n|switch|p2a: Chansey|Chansey, F|100\/100\n|-damage|p2a: Chansey|88\/100|[from] Stealth Rock\n|move|p1a: Ludicolo|Rain Dance|p1a: Ludicolo\n|-weather|RainDance\n|\n|-weather|RainDance|[upkeep]\n|upkeep\n|turn|6\n|c|\u2606XANIMEV|are u using assault vest?\n|c|\u2606mrSetekh|idk\n|c|\u2606mrSetekh|xd\n|c|\u2606XANIMEV|xd\n|inactive|XANIMEV has 120 seconds left.\n|\n|t:|1699922296\n|move|p1a: Ludicolo|Ice Beam|p2a: Chansey\n|-damage|p2a: Chansey|77\/100\n|-damage|p1a: Ludicolo|91\/100|[from] item: Life Orb\n|move|p2a: Chansey|Toxic|p1a: Ludicolo\n|-status|p1a: Ludicolo|tox\n|\n|-weather|RainDance|[upkeep]\n|-damage|p1a: Ludicolo|85\/100 tox|[from] psn\n|upkeep\n|turn|7\n|inactive|mrSetekh has 120 seconds left.\n|\n|t:|1699922319\n|switch|p1a: Ferrothorn|Ferrothorn, M|100\/100\n|move|p2a: Chansey|Seismic Toss|p1a: Ferrothorn\n|-damage|p1a: Ferrothorn|72\/100\n|-damage|p2a: Chansey|65\/100|[from] ability: Iron Barbs|[of] p1a: Ferrothorn\n|\n|-weather|RainDance|[upkeep]\n|-heal|p1a: Ferrothorn|78\/100|[from] item: Leftovers\n|upkeep\n|turn|8\n|inactive|mrSetekh has 120 seconds left.\n|\n|t:|1699922329\n|move|p2a: Chansey|Soft-Boiled|p2a: Chansey\n|-heal|p2a: Chansey|100\/100\n|move|p1a: Ferrothorn|Leech Seed|p2a: Chansey\n|-start|p2a: Chansey|move: Leech Seed\n|\n|-weather|RainDance|[upkeep]\n|-heal|p1a: Ferrothorn|85\/100|[from] item: Leftovers\n|-damage|p2a: Chansey|88\/100|[from] Leech Seed|[of] p1a: Ferrothorn\n|-heal|p1a: Ferrothorn|100\/100|[silent]\n|upkeep\n|turn|9\n|inactive|mrSetekh has 120 seconds left.\n|\n|t:|1699922341\n|switch|p2a: Dusclops|Dusclops, F|100\/100\n|-damage|p2a: Dusclops|88\/100|[from] Stealth Rock\n|-item|p1a: Ferrothorn|Leftovers|[from] ability: Frisk|[of] p2a: Dusclops|[identify]\n|move|p1a: Ferrothorn|Gyro Ball|p2a: Dusclops\n|-damage|p2a: Dusclops|77\/100\n|\n|-weather|none\n|upkeep\n|turn|10\n|inactive|mrSetekh has 120 seconds left.\n|\n|t:|1699922352\n|switch|p1a: Ludicolo|Ludicolo, F|85\/100 tox\n|move|p2a: Dusclops|Will-O-Wisp||[still]\n|-fail|p2a: Dusclops\n|\n|-damage|p1a: Ludicolo|79\/100 tox|[from] psn\n|upkeep\n|turn|11\n|inactive|mrSetekh has 120 seconds left.\n|\n|t:|1699922364\n|move|p1a: Ludicolo|Ice Beam|p2a: Dusclops\n|-damage|p2a: Dusclops|59\/100\n|-damage|p1a: Ludicolo|69\/100 tox|[from] item: Life Orb\n|move|p2a: Dusclops|Hex|p1a: Ludicolo\n|-damage|p1a: Ludicolo|37\/100 tox\n|\n|-damage|p1a: Ludicolo|25\/100 tox|[from] psn\n|upkeep\n|turn|12\n|\n|t:|1699922372\n|move|p1a: Ludicolo|Giga Drain|p2a: Dusclops\n|-crit|p2a: Dusclops\n|-damage|p2a: Dusclops|25\/100\n|-heal|p1a: Ludicolo|41\/100 tox|[from] drain|[of] p2a: Dusclops\n|-damage|p1a: Ludicolo|31\/100 tox|[from] item: Life Orb\n|move|p2a: Dusclops|Hex|p1a: Ludicolo\n|-damage|p1a: Ludicolo|0 fnt\n|faint|p1a: Ludicolo\n|\n|upkeep\n|inactive|mrSetekh has 120 seconds left.\n|\n|t:|1699922385\n|switch|p1a: Rillaboom|Rillaboom, F|100\/100\n|-fieldstart|move: Grassy Terrain|[from] ability: Grassy Surge|[of] p1a: Rillaboom\n|turn|13\n|inactive|XANIMEV has 120 seconds left.\n|\n|t:|1699922428\n|move|p1a: Rillaboom|Knock Off|p2a: Dusclops\n|-supereffective|p2a: Dusclops\n|-crit|p2a: Dusclops\n|-damage|p2a: Dusclops|0 fnt\n|-enditem|p2a: Dusclops|Eviolite|[from] move: Knock Off|[of] p1a: Rillaboom\n|faint|p2a: Dusclops\n|\n|upkeep\n|\n|t:|1699922437\n|switch|p2a: Heatran|Heatran, M, tera:Fire|100\/100\n|-damage|p2a: Heatran|76\/100|[from] Stealth Rock\n|turn|14\n|\n|t:|1699922462\n|move|p2a: Heatran|Burning Jealousy|p1a: Rillaboom\n|-supereffective|p1a: Rillaboom\n|-damage|p1a: Rillaboom|0 fnt\n|faint|p1a: Rillaboom\n|\n|-heal|p2a: Heatran|82\/100|[from] Grassy Terrain\n|upkeep\n|\n|t:|1699922469\n|switch|p1a: Venusaur|Venusaur, M|100\/100\n|turn|15\n|\n|t:|1699922472\n|switch|p2a: Chansey|Chansey, F|88\/100\n|-damage|p2a: Chansey|76\/100|[from] Stealth Rock\n|detailschange|p1a: Venusaur|Venusaur-Mega, M\n|-mega|p1a: Venusaur|Venusaur|Venusaurite\n|move|p1a: Venusaur|Sludge Bomb|p2a: Chansey\n|-damage|p2a: Chansey|61\/100\n|\n|-heal|p2a: Chansey|67\/100|[from] Grassy Terrain\n|upkeep\n|turn|16\n|inactive|mrSetekh has 120 seconds left.\n|\n|t:|1699922499\n|move|p1a: Venusaur|Sludge Bomb|p2a: Chansey\n|-damage|p2a: Chansey|52\/100\n|move|p2a: Chansey|Seismic Toss|p1a: Venusaur\n|-damage|p1a: Venusaur|73\/100\n|\n|-heal|p1a: Venusaur|79\/100|[from] Grassy Terrain\n|-heal|p2a: Chansey|58\/100|[from] Grassy Terrain\n|upkeep\n|turn|17\n|inactive|XANIMEV has 120 seconds left.\n|\n|t:|1699922534\n|move|p1a: Venusaur|Giga Drain|p2a: Chansey\n|-damage|p2a: Chansey|42\/100\n|-heal|p1a: Venusaur|95\/100|[from] drain|[of] p2a: Chansey\n|move|p2a: Chansey|Soft-Boiled|p2a: Chansey\n|-heal|p2a: Chansey|92\/100\n|\n|-heal|p1a: Venusaur|100\/100|[from] Grassy Terrain\n|-heal|p2a: Chansey|98\/100|[from] Grassy Terrain\n|-fieldend|move: Grassy Terrain\n|upkeep\n|turn|18\n|inactive|mrSetekh has 120 seconds left.\n|\n|t:|1699922555\n|move|p1a: Venusaur|Sludge Bomb|p2a: Chansey\n|-damage|p2a: Chansey|82\/100\n|move|p2a: Chansey|Seismic Toss|p1a: Venusaur\n|-damage|p1a: Venusaur|73\/100\n|\n|upkeep\n|turn|19\n|inactive|mrSetekh has 120 seconds left.\n|\n|t:|1699922569\n|move|p1a: Venusaur|Giga Drain|p2a: Chansey\n|-damage|p2a: Chansey|69\/100\n|-heal|p1a: Venusaur|86\/100|[from] drain|[of] p2a: Chansey\n|move|p2a: Chansey|Seismic Toss|p1a: Venusaur\n|-damage|p1a: Venusaur|58\/100\n|\n|upkeep\n|turn|20\n|inactive|mrSetekh has 120 seconds left.\n|\n|t:|1699922577\n|move|p1a: Venusaur|Sludge Bomb|p2a: Chansey\n|-damage|p2a: Chansey|53\/100\n|move|p2a: Chansey|Seismic Toss|p1a: Venusaur\n|-damage|p1a: Venusaur|31\/100\n|\n|upkeep\n|turn|21\n|inactive|mrSetekh has 120 seconds left.\n|\n|t:|1699922591\n|move|p1a: Venusaur|Sludge Bomb|p2a: Chansey\n|-damage|p2a: Chansey|36\/100\n|-status|p2a: Chansey|psn\n|move|p2a: Chansey|Soft-Boiled|p2a: Chansey\n|-heal|p2a: Chansey|86\/100 psn\n|\n|-damage|p2a: Chansey|74\/100 psn|[from] psn\n|upkeep\n|turn|22\n|\n|t:|1699922598\n|move|p1a: Venusaur|Synthesis|p1a: Venusaur\n|-heal|p1a: Venusaur|81\/100\n|move|p2a: Chansey|Aromatherapy|p2a: Chansey\n|-activate|p2a: Chansey|move: Aromatherapy\n|-curestatus|p2a: Chansey|psn|[msg]\n|\n|upkeep\n|turn|23\n|n|!mrSetekh|mrsetekh\n|inactive|mrSetekh has 120 seconds left.\n|\n|t:|1699922620\n|switch|p1a: Ferrothorn|Ferrothorn, M|100\/100\n|move|p2a: Chansey|Seismic Toss|p1a: Ferrothorn\n|-damage|p1a: Ferrothorn|72\/100\n|-damage|p2a: Chansey|62\/100|[from] ability: Iron Barbs|[of] p1a: Ferrothorn\n|\n|-heal|p1a: Ferrothorn|78\/100|[from] item: Leftovers\n|upkeep\n|turn|24\n|inactive|mrSetekh has 120 seconds left.\n|\n|t:|1699922630\n|move|p2a: Chansey|Soft-Boiled|p2a: Chansey\n|-heal|p2a: Chansey|100\/100\n|move|p1a: Ferrothorn|Leech Seed|p2a: Chansey\n|-start|p2a: Chansey|move: Leech Seed\n|\n|-heal|p1a: Ferrothorn|85\/100|[from] item: Leftovers\n|-damage|p2a: Chansey|88\/100|[from] Leech Seed|[of] p1a: Ferrothorn\n|-heal|p1a: Ferrothorn|100\/100|[silent]\n|upkeep\n|turn|25\n|\n|t:|1699922639\n|switch|p2a: Heatran|Heatran, M, tera:Fire|82\/100\n|-damage|p2a: Heatran|57\/100|[from] Stealth Rock\n|switch|p1a: Breloom|Breloom, M|100\/100\n|\n|upkeep\n|turn|26\n|\n|t:|1699922654\n|move|p2a: Heatran|Burning Jealousy|p1a: Breloom\n|-supereffective|p1a: Breloom\n|-enditem|p1a: Breloom|Focus Sash\n|-damage|p1a: Breloom|1\/100\n|move|p1a: Breloom|Spore|p2a: Heatran\n|-status|p2a: Heatran|slp|[from] move: Spore\n|\n|upkeep\n|turn|27\n|\n|t:|1699922663\n|switch|p2a: Chansey|Chansey, F|88\/100\n|-damage|p2a: Chansey|76\/100|[from] Stealth Rock\n|-terastallize|p1a: Breloom|Grass\n|move|p1a: Breloom|Swords Dance|p1a: Breloom\n|-boost|p1a: Breloom|atk|2\n|\n|upkeep\n|turn|28\n|\n|t:|1699922672\n|move|p1a: Breloom|Mach Punch|p2a: Chansey\n|-supereffective|p2a: Chansey\n|-damage|p2a: Chansey|0 fnt\n|faint|p2a: Chansey\n|\n|upkeep\n|\n|t:|1699922675\n|switch|p2a: Rillaboom|Rillaboom, F|100\/100\n|-damage|p2a: Rillaboom|88\/100|[from] Stealth Rock\n|-fieldstart|move: Grassy Terrain|[from] ability: Grassy Surge|[of] p2a: Rillaboom\n|turn|29\n|\n|t:|1699922694\n|move|p2a: Rillaboom|Grassy Glide|p1a: Breloom\n|-resisted|p1a: Breloom\n|-damage|p1a: Breloom|0 fnt\n|faint|p1a: Breloom\n|-damage|p2a: Rillaboom|78\/100|[from] item: Life Orb\n|\n|-heal|p2a: Rillaboom|84\/100|[from] Grassy Terrain\n|upkeep\n|\n|t:|1699922703\n|switch|p1a: Venusaur|Venusaur-Mega, M|81\/100\n|turn|30\n|\n|t:|1699922722\n|switch|p2a: Heatran|Heatran, M, tera:Fire|57\/100 slp\n|-damage|p2a: Heatran|32\/100 slp|[from] Stealth Rock\n|move|p1a: Venusaur|Sludge Bomb|p2a: Heatran\n|-damage|p2a: Heatran|0 fnt\n|faint|p2a: Heatran\n|\n|-heal|p1a: Venusaur|87\/100|[from] Grassy Terrain\n|upkeep\n|\n|t:|1699922736\n|switch|p2a: Glimmora|Glimmora, F|100\/100\n|-damage|p2a: Glimmora|88\/100|[from] Stealth Rock\n|turn|31\n|c|\u2606XANIMEV|ggg\n|\n|t:|1699922753\n|switch|p1a: Ferrothorn|Ferrothorn, M|100\/100\n|move|p2a: Glimmora|Mortal Spin|p1a: Ferrothorn\n|-immune|p1a: Ferrothorn\n|\n|-heal|p2a: Glimmora|94\/100|[from] Grassy Terrain\n|upkeep\n|turn|32\n|c|\u2606XANIMEV|no debi dejar que mates mi chansey\n|-message|XANIMEV forfeited.\n|\n|win|mrSetekh\n|raw|mrSetekh's rating: 1068 &rarr; <strong>1097<\/strong><br \/>(+29 for winning)\n|raw|XANIMEV's rating: 1053 &rarr; <strong>1036<\/strong><br \/>(-17 for losing)\n","uploadtime":1699922609,"views":8,"p1id":"mrsetekh","p2id":"xanimev","formatid":"gen9nationaldex","rating":1036,"private":0,"password":""}