{"id":"gen9nationaldex-1993797546","p1":"Carapace44","p2":"Chaaro","format":"[Gen 9] National Dex","log":"|j|\u2606Carapace44\n|j|\u2606Chaaro\n|t:|1700358467\n|gametype|singles\n|player|p1|Carapace44|biker-gen4|\n|player|p2|Chaaro|102|\n|teamsize|p1|6\n|teamsize|p2|6\n|gen|9\n|tier|[Gen 9] National Dex\n|rule|HP Percentage Mod: HP is shown in percentages\n|rule|Endless Battle Clause: Forcing endless battles is banned\n|rule|OHKO Clause: OHKO moves are banned\n|rule|Evasion Clause: Evasion abilities, items, and moves are banned\n|rule|Evasion Abilities Clause: Evasion abilities are banned\n|rule|Evasion Items Clause: Evasion items are banned\n|rule|Evasion Moves Clause: Evasion moves are banned\n|rule|Species Clause: Limit one of each Pok\u00e9mon\n|rule|Sleep Clause Mod: Limit one foe put to sleep\n|clearpoke\n|poke|p1|Ribombee, M|\n|poke|p1|Volcarona, F|\n|poke|p1|Heracross, M|\n|poke|p1|Araquanid, M|\n|poke|p1|Kleavor, F|\n|poke|p1|Scizor, M|\n|poke|p2|Meowscarada, F|\n|poke|p2|Weavile, F|\n|poke|p2|Ceruledge, F|\n|poke|p2|Gliscor, M|\n|poke|p2|Tyranitar, F|\n|poke|p2|Corviknight, F|\n|teampreview\n|j| Prince Sparks\n|j| Yuufaa\n|c| Yuufaa|WOOOO\n|c| Yuufaa|Penis\n|c| Yuufaa|BALLS\n|c| Yuufaa|WOOOOOOOOOOOOOO\n|\n|t:|1700358488\n|start\n|switch|p1a: Ribombee|Ribombee, M|100\/100\n|switch|p2a: Corviknight|Corviknight, F|100\/100\n|-ability|p2a: Corviknight|Pressure\n|turn|1\n|\n|t:|1700358499\n|move|p1a: Ribombee|Stun Spore|p2a: Corviknight\n|-status|p2a: Corviknight|par\n|move|p2a: Corviknight|Defog|p1a: Ribombee\n|-unboost|p1a: Ribombee|evasion|1\n|\n|upkeep\n|turn|2\n|c|\u2606Carapace44|:)\n|c|\u2606Chaaro|I went for a read im ngl\n|c|\u2606Carapace44|oh I'm aware\n|\n|t:|1700358524\n|move|p1a: Ribombee|Sticky Web|p2a: Corviknight\n|-sidestart|p2: Chaaro|move: Sticky Web\n|move|p2a: Corviknight|Body Press|p1a: Ribombee\n|-resisted|p1a: Ribombee\n|-damage|p1a: Ribombee|86\/100\n|\n|upkeep\n|turn|3\n|\n|t:|1700358533\n|move|p1a: Ribombee|U-turn|p2a: Corviknight\n|-resisted|p2a: Corviknight\n|-damage|p2a: Corviknight|98\/100 par\n|\n|t:|1700358535\n|switch|p1a: Volcarona|Volcarona, F|100\/100|[from] U-turn\n|move|p2a: Corviknight|Defog|p1a: Volcarona\n|-unboost|p1a: Volcarona|evasion|1\n|-sideend|p2: Chaaro|Sticky Web|[from] move: Defog|[of] p2a: Corviknight\n|\n|-heal|p2a: Corviknight|100\/100 par|[from] item: Leftovers\n|upkeep\n|turn|4\n|\n|t:|1700358547\n|switch|p1a: Araquanid|Araquanid, M|100\/100\n|switch|p2a: Ceruledge|Ceruledge, F|100\/100\n|\n|upkeep\n|turn|5\n|c|\u2606Chaaro|he's too good\n|c|\u2606Carapace44|I AM\n|c|\u2606Carapace44|YOUR FINAL CHALLENGE\n|c| Yuufaa|RAAAAAAAA\n|c|\u2606Carapace44|I CANNOT LOSE\n|c| Yuufaa|hehehehe\n|c| Yuufaa|rats\n|\n|t:|1700358575\n|switch|p2a: Corviknight|Corviknight, F|100\/100 par\n|-ability|p2a: Corviknight|Pressure\n|move|p1a: Araquanid|Liquidation|p2a: Corviknight\n|-damage|p2a: Corviknight|69\/100 par\n|-unboost|p2a: Corviknight|def|1\n|\n|-heal|p2a: Corviknight|75\/100 par|[from] item: Leftovers\n|upkeep\n|turn|6\n|c| Prince Sparks|THAT'S MY CHAMPION GETTING THOSE DEFENSE DROPS OFF\n|c| Yuufaa|MOVE DAMNIT\n|c|\u2606Carapace44|also I fucked up and one of my mons has the wrong move but like I STAND UNDETTERED\n|c| Yuufaa|hwehwehwehwe\n|\n|t:|1700358642\n|move|p1a: Araquanid|Liquidation|p2a: Corviknight\n|-damage|p2a: Corviknight|28\/100 par\n|move|p2a: Corviknight|U-turn|p1a: Araquanid\n|-damage|p1a: Araquanid|85\/100\n|\n|t:|1700358659\n|switch|p2a: Meowscarada|Meowscarada, F|100\/100|[from] U-turn\n|\n|-heal|p1a: Araquanid|91\/100|[from] item: Leftovers\n|upkeep\n|turn|7\n|c| Yuufaa|pain\n|c|\u2606Carapace44|i THINK i SPELLED THAT WRONG NGL\n|\n|t:|1700358676\n|move|p1a: Araquanid|Protect|p1a: Araquanid\n|-singleturn|p1a: Araquanid|Protect\n|move|p2a: Meowscarada|Flower Trick|p1a: Araquanid\n|-start|p2a: Meowscarada|typechange|Grass|[from] ability: Protean\n|-activate|p1a: Araquanid|move: Protect\n|\n|-heal|p1a: Araquanid|98\/100|[from] item: Leftovers\n|upkeep\n|turn|8\n|c| Yuufaa|bro...\n|c| Yuufaa|Fortnite battle pass~\n|l| Prince Sparks\n|j| Prince Sparks\n|c| Yuufaa|I just shit out my ass~\n|c|\u2606Chaaro|bryan\n|c|\u2606Carapace44|Bryan'\n|c| Prince Sparks|Bryan\n|c|\u2606Carapace44|kindlyu\n|c|\u2606Carapace44|stfu\n|c| Yuufaa|k\n|c|\u2606Carapace44|screenshotting that btw\n|c|\u2606Chaaro|what\n|c| Yuufaa|noice\n|\n|t:|1700358816\n|switch|p1a: Scizor|Scizor, M|100\/100\n|move|p2a: Meowscarada|Flower Trick|p1a: Scizor\n|-resisted|p1a: Scizor\n|-crit|p1a: Scizor\n|-damage|p1a: Scizor|89\/100\n|\n|-heal|p1a: Scizor|95\/100|[from] item: Leftovers\n|upkeep\n|turn|9\n|c|\u2606Carapace44|bro I'm shaking lmao\n|\n|t:|1700358858\n|switch|p2a: Gliscor|Gliscor, M|100\/100\n|move|p1a: Scizor|U-turn|p2a: Gliscor\n|-resisted|p2a: Gliscor\n|-damage|p2a: Gliscor|88\/100\n|c|\u2606Chaaro|big\n|\n|t:|1700358872\n|switch|p1a: Araquanid|Araquanid, M|98\/100|[from] U-turn\n|\n|-heal|p1a: Araquanid|100\/100|[from] item: Leftovers\n|-status|p2a: Gliscor|tox|[from] item: Toxic Orb\n|upkeep\n|turn|10\n|c| Yuufaa|huge perhaps\n|\n|t:|1700358884\n|move|p2a: Gliscor|Protect|p2a: Gliscor\n|-singleturn|p2a: Gliscor|Protect\n|move|p1a: Araquanid|Liquidation|p2a: Gliscor\n|-activate|p2a: Gliscor|move: Protect\n|\n|-heal|p2a: Gliscor|100\/100 tox|[from] ability: Poison Heal\n|upkeep\n|turn|11\n|c|\u2606Chaaro|GRAAAAHAHHHH\n|c| Prince Sparks|Can we turn on timer\n|inactive|Battle timer is ON: inactive players will automatically lose when time's up. (requested by Carapace44)\n|c|\u2606Carapace44|yea\n|c|\u2606Chaaro|asshole\n|c|\u2606Carapace44|bro is taking too long\n|c|\u2606Carapace44|hey you don't get infinite time even at the highest levels\n|c|\u2606Chaaro|bro\n|c|\u2606Chaaro|timer is so cringe for this\n|inactive|Chaaro has 270 seconds left.\n|c| Yuufaa|lol\n|\n|t:|1700358996\n|switch|p2a: Corviknight|Corviknight, F|28\/100 par\n|-ability|p2a: Corviknight|Pressure\n|move|p1a: Araquanid|Liquidation|p2a: Corviknight\n|-damage|p2a: Corviknight|0 fnt\n|faint|p2a: Corviknight\n|\n|upkeep\n|\n|t:|1700359003\n|switch|p2a: Tyranitar|Tyranitar, F|100\/100\n|-weather|Sandstorm|[from] ability: Sand Stream|[of] p2a: Tyranitar\n|turn|12\n|c| Yuufaa|pain and suffering\n|\n|t:|1700359016\n|switch|p1a: Kleavor|Kleavor, F|100\/100\n|detailschange|p2a: Tyranitar|Tyranitar-Mega, F\n|-mega|p2a: Tyranitar|Tyranitar|Tyranitarite\n|move|p2a: Tyranitar|Stone Edge|p1a: Kleavor\n|-supereffective|p1a: Kleavor\n|-damage|p1a: Kleavor|0 fnt\n|faint|p1a: Kleavor\n|\n|-weather|Sandstorm|[upkeep]\n|upkeep\n|\n|t:|1700359022\n|switch|p1a: Ribombee|Ribombee, M|86\/100\n|turn|13\n|\n|t:|1700359032\n|move|p1a: Ribombee|Sticky Web|p2a: Tyranitar\n|-sidestart|p2: Chaaro|move: Sticky Web\n|move|p2a: Tyranitar|Stone Edge|p1a: Ribombee\n|-supereffective|p1a: Ribombee\n|-damage|p1a: Ribombee|0 fnt\n|faint|p1a: Ribombee\n|\n|-weather|Sandstorm|[upkeep]\n|upkeep\n|\n|t:|1700359046\n|switch|p1a: Scizor|Scizor, M|95\/100\n|turn|14\n|\n|t:|1700359063\n|switch|p2a: Ceruledge|Ceruledge, F|100\/100\n|move|p1a: Scizor|U-turn|p2a: Ceruledge\n|-resisted|p2a: Ceruledge\n|-damage|p2a: Ceruledge|85\/100\n|\n|t:|1700359071\n|switch|p1a: Araquanid|Araquanid, M|100\/100|[from] U-turn\n|\n|-weather|Sandstorm|[upkeep]\n|-damage|p2a: Ceruledge|79\/100|[from] Sandstorm\n|-damage|p1a: Araquanid|94\/100|[from] Sandstorm\n|-heal|p1a: Araquanid|100\/100|[from] item: Leftovers\n|upkeep\n|turn|15\n|c|\u2606Carapace44|ok leaving this here as a note: Ceru has Boots\n|inactive|Chaaro has 270 seconds left.\n|c| Yuufaa|lol\n|c|\u2606Chaaro|I am destroying these cashews\n|inactive|Carapace44 has 270 seconds left.\n|c| Yuufaa|I'll destroy you\n|\n|t:|1700359127\n|switch|p2a: Meowscarada|Meowscarada, F|100\/100\n|-activate|p2a: Meowscarada|move: Sticky Web\n|-unboost|p2a: Meowscarada|spe|1\n|move|p1a: Araquanid|Lunge|p2a: Meowscarada\n|-supereffective|p2a: Meowscarada\n|-enditem|p2a: Meowscarada|Focus Sash\n|-damage|p2a: Meowscarada|1\/100\n|-unboost|p2a: Meowscarada|atk|1\n|\n|-weather|Sandstorm|[upkeep]\n|-damage|p2a: Meowscarada|0 fnt|[from] Sandstorm\n|-damage|p1a: Araquanid|94\/100|[from] Sandstorm\n|faint|p2a: Meowscarada\n|-heal|p1a: Araquanid|100\/100|[from] item: Leftovers\n|upkeep\n|c| Prince Sparks|Stop eating and play the game\n|c|\u2606Carapace44|FUCK YES\n|inactive|Chaaro has 240 seconds left.\n|c| Yuufaa|rough\n|\n|t:|1700359156\n|switch|p2a: Tyranitar|Tyranitar-Mega, F|100\/100\n|-activate|p2a: Tyranitar|move: Sticky Web\n|-unboost|p2a: Tyranitar|spe|1\n|turn|16\n|\n|t:|1700359165\n|move|p1a: Araquanid|Protect|p1a: Araquanid\n|-singleturn|p1a: Araquanid|Protect\n|move|p2a: Tyranitar|Stone Edge|p1a: Araquanid\n|-activate|p1a: Araquanid|move: Protect\n|\n|-weather|none\n|upkeep\n|turn|17\n|c| Yuufaa|rocks?\n|inactive|Carapace44 has 270 seconds left.\n|inactive|Chaaro has 210 seconds left.\n|\n|t:|1700359214\n|switch|p1a: Scizor|Scizor, M|95\/100\n|move|p2a: Tyranitar|Dragon Dance|p2a: Tyranitar\n|-boost|p2a: Tyranitar|atk|1\n|-boost|p2a: Tyranitar|spe|1\n|\n|-heal|p1a: Scizor|100\/100|[from] item: Leftovers\n|upkeep\n|turn|18\n|c| Yuufaa|tyranitar looks like Godzilla's nerd cousin\n|inactive|Chaaro has 180 seconds left.\n|c| Prince Sparks|nah Godzilla looks like tyranitar's nerd cousin\n|\n|t:|1700359241\n|move|p1a: Scizor|Bullet Punch|p2a: Tyranitar\n|-supereffective|p2a: Tyranitar\n|-damage|p2a: Tyranitar|55\/100\n|move|p2a: Tyranitar|Dragon Dance|p2a: Tyranitar\n|-boost|p2a: Tyranitar|atk|1\n|-boost|p2a: Tyranitar|spe|1\n|\n|upkeep\n|turn|19\n|inactive|Chaaro has 180 seconds left.\n|inactive|Carapace44 has 240 seconds left.\n|\n|t:|1700359281\n|move|p1a: Scizor|Bullet Punch|p2a: Tyranitar\n|-supereffective|p2a: Tyranitar\n|-damage|p2a: Tyranitar|9\/100\n|move|p2a: Tyranitar|Stone Edge|p1a: Scizor\n|-damage|p1a: Scizor|0 fnt\n|faint|p1a: Scizor\n|\n|upkeep\n|\n|t:|1700359292\n|switch|p1a: Heracross|Heracross, M|100\/100\n|turn|20\n|c|\u2606Chaaro|I was banking on that not critting\n|c| Yuufaa|rocks\n|c| Yuufaa|?\n|\n|t:|1700359310\n|detailschange|p1a: Heracross|Heracross-Mega, M\n|-mega|p1a: Heracross|Heracross|Heracronite\n|move|p2a: Tyranitar|Stone Edge|p1a: Heracross|[miss]\n|-miss|p2a: Tyranitar|p1a: Heracross\n|move|p1a: Heracross|Bullet Seed|p2a: Tyranitar\n|-supereffective|p2a: Tyranitar\n|-damage|p2a: Tyranitar|0 fnt\n|faint|p2a: Tyranitar\n|-hitcount|p2: Tyranitar|1\n|\n|upkeep\n|c|\u2606Chaaro|welp\n|c| Yuufaa|ROCKS\n|c|\u2606Chaaro|I think i lost because of that\n|c|\u2606Carapace44|thats how it be\n|c|\u2606Carapace44|bryan fucking what\n|c|\u2606Chaaro|I think I won the game if not for that\n|inactive|Chaaro has 150 seconds left.\n|c|\u2606Chaaro|wow\n|c| Prince Sparks|that's my champion\n|\n|t:|1700359343\n|switch|p2a: Gliscor|Gliscor, M|100\/100 tox\n|turn|21\n|c|\u2606Carapace44|live by 80%, die by 80%\n|inactive|Chaaro has 120 seconds left.\n|\n|t:|1700359389\n|switch|p1a: Volcarona|Volcarona, F|100\/100\n|move|p2a: Gliscor|Swords Dance|p2a: Gliscor\n|-boost|p2a: Gliscor|atk|2\n|\n|upkeep\n|turn|22\n|inactive|Carapace44 has 210 seconds left.\n|inactive|Chaaro has 90 seconds left.\n|inactive|Carapace44 has 180 seconds left.\n|inactive|Carapace44 has 150 seconds left.\n|\n|t:|1700359483\n|switch|p1a: Araquanid|Araquanid, M|100\/100\n|move|p2a: Gliscor|Earthquake|p1a: Araquanid\n|-resisted|p1a: Araquanid\n|-damage|p1a: Araquanid|65\/100\n|\n|-heal|p1a: Araquanid|71\/100|[from] item: Leftovers\n|upkeep\n|turn|23\n|inactive|Chaaro has 90 seconds left.\n|c| Yuufaa|bro\n|\n|t:|1700359501\n|move|p2a: Gliscor|Facade|p1a: Araquanid\n|-damage|p1a: Araquanid|8\/100\n|move|p1a: Araquanid|Liquidation|p2a: Gliscor\n|-supereffective|p2a: Gliscor\n|-damage|p2a: Gliscor|31\/100 tox\n|-unboost|p2a: Gliscor|def|1\n|\n|-heal|p1a: Araquanid|14\/100|[from] item: Leftovers\n|-heal|p2a: Gliscor|43\/100 tox|[from] ability: Poison Heal\n|upkeep\n|turn|24\n|inactive|Carapace44 has 150 seconds left.\n|inactive|Chaaro has 90 seconds left.\n|c| Yuufaa|the clock HATES you\n|inactive|Chaaro has 60 seconds left.\n|inactive|Carapace44 has 120 seconds left.\n|\n|t:|1700359564\n|switch|p1a: Heracross|Heracross-Mega, M|100\/100\n|move|p2a: Gliscor|Facade|p1a: Heracross\n|-damage|p1a: Heracross|50\/100\n|\n|-heal|p2a: Gliscor|56\/100 tox|[from] ability: Poison Heal\n|upkeep\n|turn|25\n|c|\u2606Carapace44|fuck\n|inactive|Carapace44 has 90 seconds left.\n|\n|t:|1700359597\n|move|p2a: Gliscor|Protect|p2a: Gliscor\n|-singleturn|p2a: Gliscor|Protect\n|move|p1a: Heracross|Rock Blast|p2a: Gliscor\n|-activate|p2a: Gliscor|move: Protect\n|\n|-heal|p2a: Gliscor|68\/100 tox|[from] ability: Poison Heal\n|upkeep\n|turn|26\n|\n|t:|1700359605\n|move|p2a: Gliscor|Facade|p1a: Heracross\n|-damage|p1a: Heracross|0 fnt\n|faint|p1a: Heracross\n|\n|-heal|p2a: Gliscor|81\/100 tox|[from] ability: Poison Heal\n|upkeep\n|inactive|Carapace44 has 90 seconds left.\n|\n|t:|1700359616\n|switch|p1a: Volcarona|Volcarona, F|100\/100\n|turn|27\n|\n|t:|1700359621\n|move|p1a: Volcarona|Quiver Dance|p1a: Volcarona\n|-boost|p1a: Volcarona|spa|1\n|-boost|p1a: Volcarona|spd|1\n|-boost|p1a: Volcarona|spe|1\n|move|p2a: Gliscor|Earthquake|p1a: Volcarona\n|-damage|p1a: Volcarona|0 fnt\n|faint|p1a: Volcarona\n|\n|-heal|p2a: Gliscor|93\/100 tox|[from] ability: Poison Heal\n|upkeep\n|\n|t:|1700359626\n|switch|p1a: Araquanid|Araquanid, M|14\/100\n|turn|28\n|c|\u2606Carapace44|sir\n|\n|t:|1700359631\n|move|p2a: Gliscor|Facade|p1a: Araquanid\n|-damage|p1a: Araquanid|0 fnt\n|faint|p1a: Araquanid\n|\n|win|Chaaro\n|c|\u2606Carapace44|good shit\n|l| Prince Sparks\n|l|\u2606Carapace44\n|l|\u2606Chaaro\n","uploadtime":1700362124,"views":10,"p1id":"carapace44","p2id":"chaaro","formatid":"gen9nationaldex","rating":0,"private":0,"password":""}