{"id":"gen9nationaldex-1987120224","p1":"Acura RL","p2":"Kaideos ODC","format":"[Gen 9] National Dex","log":"|j|\u2606Acura RL\n|j|\u2606Kaideos ODC\n|t:|1699557711\n|gametype|singles\n|player|p1|Acura RL|#stt5noadkokoroyal|\n|player|p2|Kaideos ODC|2|\n|teamsize|p1|6\n|teamsize|p2|6\n|gen|9\n|tier|[Gen 9] National Dex\n|rated|Tournament battle\n|rule|HP Percentage Mod: HP is shown in percentages\n|rule|Endless Battle Clause: Forcing endless battles is banned\n|rule|OHKO Clause: OHKO moves are banned\n|rule|Evasion Clause: Evasion abilities, items, and moves are banned\n|rule|Evasion Abilities Clause: Evasion abilities are banned\n|rule|Evasion Items Clause: Evasion items are banned\n|rule|Evasion Moves Clause: Evasion moves are banned\n|rule|Species Clause: Limit one of each Pok\u00e9mon\n|rule|Sleep Clause Mod: Limit one foe put to sleep\n|clearpoke\n|poke|p1|Clamperl, L5, M|\n|poke|p1|Ninetales-Alola, L5, M|\n|poke|p1|Zapdos, L5|\n|poke|p1|Sandslash-Alola, L5, M|\n|poke|p1|Sneasler, L5, F|\n|poke|p1|Moltres, L5|\n|poke|p2|Qwilfish-Hisui, L5, F|\n|poke|p2|Klefki, L5, M|\n|poke|p2|Rotom-Wash, L5|\n|poke|p2|Mew, L5|\n|poke|p2|Basculegion, L5, M|\n|poke|p2|Weavile, L5, F|\n|teampreview\n|j|#Lyna \u6c37\n|c|\u2606Acura RL|glhf\n|c|\u2606Kaideos ODC|hf!\n|\n|t:|1699557742\n|start\n|switch|p1a: Sneasler|Sneasler, L5, F|100\/100\n|switch|p2a: Klefki|Klefki, L5, M|100\/100\n|turn|1\n|j| Wolfein\n|c|#Lyna \u6c37|sample.. \u00e0 ton grand \u00e2ge..\n|c|\u2606Kaideos ODC|\u00e0 2s d'\u00eatre dq...\n|c|\u2606Kaideos ODC|Mais!\n|c| Wolfein|c'est sa rain il en est fier\n|c|\u2606Kaideos ODC|c'est quand m\u00eame ma team >:|\n|c|\u2606Kaideos ODC|j'avoue\n|j| Nosaka_0\n|c|\u2606Kaideos ODC|je suis un mongole fier\n|c|\u2606Kaideos ODC|ow8\n|\n|t:|1699557788\n|move|p2a: Klefki|Rain Dance|p2a: Klefki\n|-weather|RainDance\n|move|p1a: Sneasler|Close Combat|p2a: Klefki\n|-damage|p2a: Klefki|19\/100\n|-unboost|p1a: Sneasler|def|1\n|-unboost|p1a: Sneasler|spd|1\n|\n|-weather|RainDance|[upkeep]\n|upkeep\n|turn|2\n|\n|t:|1699557796\n|switch|p1a: Zapdos|Zapdos, L5|100\/100\n|switch|p2a: Basculegion|Basculegion, L5, M|100\/100\n|\n|-weather|RainDance|[upkeep]\n|upkeep\n|turn|3\n|\n|t:|1699557805\n|-terastallize|p2a: Basculegion|Water\n|move|p2a: Basculegion|Waterfall|p1a: Zapdos\n|-damage|p1a: Zapdos|0 fnt\n|faint|p1a: Zapdos\n|-damage|p2a: Basculegion|93\/100|[from] item: Life Orb\n|\n|-weather|RainDance|[upkeep]\n|upkeep\n|\n|t:|1699557807\n|switch|p1a: Ninetales|Ninetales-Alola, L5, M|100\/100\n|-weather|Snow|[from] ability: Snow Warning|[of] p1a: Ninetales\n|turn|4\n|\n|t:|1699557816\n|switch|p2a: Weavile|Weavile, L5, F|100\/100\n|-ability|p2a: Weavile|Pressure\n|move|p1a: Ninetales|Aurora Veil|p1a: Ninetales\n|-sidestart|p1: Acura RL|move: Aurora Veil\n|\n|-weather|Snow|[upkeep]\n|upkeep\n|turn|5\n|\n|t:|1699557822\n|move|p2a: Weavile|Rain Dance|p2a: Weavile\n|-weather|RainDance\n|move|p1a: Ninetales|Moonblast|p2a: Weavile\n|-supereffective|p2a: Weavile\n|-damage|p2a: Weavile|0 fnt\n|faint|p2a: Weavile\n|\n|-weather|RainDance|[upkeep]\n|upkeep\n|\n|t:|1699557832\n|switch|p2a: Qwilfish|Qwilfish-Hisui, L5, F|100\/100\n|turn|6\n|\n|t:|1699557837\n|move|p2a: Qwilfish|Swords Dance|p2a: Qwilfish\n|-boost|p2a: Qwilfish|atk|2\n|move|p1a: Ninetales|Nasty Plot|p1a: Ninetales\n|-boost|p1a: Ninetales|spa|2\n|\n|-weather|RainDance|[upkeep]\n|upkeep\n|turn|7\n|\n|t:|1699557847\n|switch|p1a: Moltres|Moltres, L5|100\/100\n|move|p2a: Qwilfish|Poison Jab|p1a: Moltres\n|-damage|p1a: Moltres|64\/100\n|-status|p2a: Qwilfish|brn|[from] ability: Flame Body|[of] p1a: Moltres\n|\n|-weather|RainDance|[upkeep]\n|-damage|p2a: Qwilfish|96\/100 brn|[from] brn\n|upkeep\n|turn|8\n|c|\u2606Kaideos ODC|mature \u00e7a*\n|\n|t:|1699557856\n|move|p2a: Qwilfish|Liquidation|p1a: Moltres\n|-supereffective|p1a: Moltres\n|-damage|p1a: Moltres|20\/100\n|move|p1a: Moltres|Flamethrower|p2a: Qwilfish\n|-damage|p2a: Qwilfish|79\/100 brn\n|\n|-weather|RainDance|[upkeep]\n|-damage|p2a: Qwilfish|74\/100 brn|[from] brn\n|upkeep\n|turn|9\n|c|\u2606Acura RL|gameplan\n|\n|t:|1699557861\n|move|p2a: Qwilfish|Liquidation|p1a: Moltres\n|-supereffective|p1a: Moltres\n|-crit|p1a: Moltres\n|-damage|p1a: Moltres|0 fnt\n|faint|p1a: Moltres\n|\n|-weather|RainDance|[upkeep]\n|-damage|p2a: Qwilfish|70\/100 brn|[from] brn\n|upkeep\n|\n|t:|1699557867\n|switch|p1a: Ninetales|Ninetales-Alola, L5, M|100\/100\n|-weather|Snow|[from] ability: Snow Warning|[of] p1a: Ninetales\n|turn|10\n|\n|t:|1699557872\n|move|p1a: Ninetales|Moonblast|p2a: Qwilfish\n|-damage|p2a: Qwilfish|18\/100 brn\n|-unboost|p2a: Qwilfish|spa|1\n|move|p2a: Qwilfish|Poison Jab|p1a: Ninetales\n|-supereffective|p1a: Ninetales\n|-damage|p1a: Ninetales|61\/100\n|-status|p1a: Ninetales|psn\n|\n|-weather|Snow|[upkeep]\n|-damage|p1a: Ninetales|53\/100 psn|[from] psn\n|-damage|p2a: Qwilfish|14\/100 brn|[from] brn\n|upkeep\n|turn|11\n|\n|t:|1699557878\n|move|p1a: Ninetales|Moonblast|p2a: Qwilfish\n|-damage|p2a: Qwilfish|0 fnt\n|faint|p2a: Qwilfish\n|\n|-weather|Snow|[upkeep]\n|-damage|p1a: Ninetales|44\/100 psn|[from] psn\n|-sideend|p1: Acura RL|move: Aurora Veil\n|upkeep\n|\n|t:|1699557884\n|switch|p2a: Klefki|Klefki, L5, M|19\/100\n|turn|12\n|\n|t:|1699557894\n|switch|p1a: Sandslash|Sandslash-Alola, L5, M|100\/100\n|move|p2a: Klefki|Rain Dance|p2a: Klefki\n|-weather|RainDance\n|\n|-weather|RainDance|[upkeep]\n|upkeep\n|turn|13\n|\n|t:|1699557899\n|move|p2a: Klefki|Spikes|p1a: Sandslash\n|-sidestart|p1: Acura RL|Spikes\n|move|p1a: Sandslash|Iron Head|p2a: Klefki\n|-damage|p2a: Klefki|0 fnt\n|faint|p2a: Klefki\n|\n|-weather|RainDance|[upkeep]\n|upkeep\n|\n|t:|1699557904\n|switch|p2a: Basculegion|Basculegion, L5, M, tera:Water|93\/100\n|turn|14\n|\n|t:|1699557907\n|move|p2a: Basculegion|Waterfall|p1a: Sandslash\n|-damage|p1a: Sandslash|0 fnt\n|faint|p1a: Sandslash\n|-damage|p2a: Basculegion|86\/100|[from] item: Life Orb\n|\n|-weather|RainDance|[upkeep]\n|upkeep\n|\n|t:|1699557910\n|switch|p1a: Ninetales|Ninetales-Alola, L5, M|44\/100 psn\n|-damage|p1a: Ninetales|35\/100 psn|[from] Spikes\n|-weather|Snow|[from] ability: Snow Warning|[of] p1a: Ninetales\n|turn|15\n|\n|t:|1699557922\n|move|p1a: Ninetales|Aurora Veil|p1a: Ninetales\n|-sidestart|p1: Acura RL|move: Aurora Veil\n|move|p2a: Basculegion|Flip Turn|p1a: Ninetales\n|-damage|p1a: Ninetales|0 fnt\n|faint|p1a: Ninetales\n|-damage|p2a: Basculegion|79\/100|[from] item: Life Orb\n|\n|t:|1699557928\n|switch|p2a: Mew|Mew, L5|100\/100|[from] Flip Turn\n|\n|-weather|Snow|[upkeep]\n|upkeep\n|\n|t:|1699557954\n|switch|p1a: Clamperl|Clamperl, L5, M|100\/100\n|-damage|p1a: Clamperl|91\/100|[from] Spikes\n|turn|16\n|\n|t:|1699557963\n|move|p2a: Mew|Rain Dance|p2a: Mew\n|-weather|RainDance\n|move|p1a: Clamperl|Shell Smash|p1a: Clamperl\n|-unboost|p1a: Clamperl|def|1\n|-unboost|p1a: Clamperl|spd|1\n|-boost|p1a: Clamperl|atk|2\n|-boost|p1a: Clamperl|spa|2\n|-boost|p1a: Clamperl|spe|2\n|\n|-weather|RainDance|[upkeep]\n|upkeep\n|turn|17\n|\n|t:|1699557985\n|move|p1a: Clamperl|Surf|p2a: Mew\n|-damage|p2a: Mew|0 fnt\n|faint|p2a: Mew\n|\n|-weather|RainDance|[upkeep]\n|upkeep\n|c| Wolfein|kaideos me dit pas que\n|\n|t:|1699558022\n|switch|p2a: Rotom|Rotom-Wash, L5|100\/100\n|turn|18\n|c| Wolfein|mais non c'est pas vrai\n|c|\u2606Kaideos ODC|quoi\n|\n|t:|1699558048\n|move|p2a: Rotom|Thunder|p1a: Clamperl\n|-supereffective|p1a: Clamperl\n|-damage|p1a: Clamperl|0 fnt\n|faint|p1a: Clamperl\n|\n|-weather|RainDance|[upkeep]\n|upkeep\n|\n|t:|1699558052\n|switch|p1a: Sneasler|Sneasler, L5, F|100\/100\n|-damage|p1a: Sneasler|88\/100|[from] Spikes\n|turn|19\n|\n|t:|1699558058\n|-terastallize|p1a: Sneasler|Fighting\n|move|p1a: Sneasler|Close Combat|p2a: Rotom\n|-damage|p2a: Rotom|0 fnt\n|-unboost|p1a: Sneasler|def|1\n|-unboost|p1a: Sneasler|spd|1\n|faint|p2a: Rotom\n|\n|-weather|RainDance|[upkeep]\n|upkeep\n|\n|t:|1699558062\n|switch|p2a: Basculegion|Basculegion, L5, M, tera:Water|79\/100\n|turn|20\n|\n|t:|1699558064\n|move|p2a: Basculegion|Waterfall|p1a: Sneasler\n|-damage|p1a: Sneasler|0 fnt\n|faint|p1a: Sneasler\n|-damage|p2a: Basculegion|72\/100|[from] item: Life Orb\n|\n|win|Kaideos ODC\n|n|\u2606Acura RL|acurarl\n|n|\u2606Kaideos ODC|kaideosodc\n|n|+Lyna \u6c37|lyna\n|n| Wolfein|wolfein\n|n| Nosaka_0|nosaka0\n","uploadtime":1699558065,"views":5,"p1id":"acurarl","p2id":"kaideosodc","formatid":"gen9nationaldex","rating":0,"private":0,"password":""}