{"id":"gen9nationaldex-1987623232","p1":"Un0Eg0","p2":"xnckkc","format":"[Gen 9] National Dex","log":"|j|\u2606Un0Eg0\n|j|\u2606xnckkc\n|t:|1699620875\n|gametype|singles\n|player|p1|Un0Eg0|ash|1276\n|player|p2|xnckkc|2|1250\n|teamsize|p1|6\n|teamsize|p2|6\n|gen|9\n|tier|[Gen 9] National Dex\n|rated|\n|rule|HP Percentage Mod: HP is shown in percentages\n|rule|Endless Battle Clause: Forcing endless battles is banned\n|rule|OHKO Clause: OHKO moves are banned\n|rule|Evasion Clause: Evasion abilities, items, and moves are banned\n|rule|Evasion Abilities Clause: Evasion abilities are banned\n|rule|Evasion Items Clause: Evasion items are banned\n|rule|Evasion Moves Clause: Evasion moves are banned\n|rule|Species Clause: Limit one of each Pok\u00e9mon\n|rule|Sleep Clause Mod: Limit one foe put to sleep\n|clearpoke\n|poke|p1|Pikachu, F|\n|poke|p1|Lucario, F|\n|poke|p1|Gengar, M|\n|poke|p1|Dragonite, M|\n|poke|p1|Sirfetch\u2019d, F|\n|poke|p1|Greninja-*, M|\n|poke|p2|Kleavor, F|\n|poke|p2|Bisharp, M|\n|poke|p2|Great Tusk|\n|poke|p2|Medicham, M|\n|poke|p2|Ribombee, F|\n|poke|p2|Jirachi|\n|teampreview\n|inactive|Battle timer is ON: inactive players will automatically lose when time's up. (requested by Un0Eg0)\n|inactive|xnckkc also wants the timer to be on.\n|inactive|Un0Eg0 has 120 seconds left.\n|\n|t:|1699620908\n|start\n|switch|p1a: KaMon|Sirfetch\u2019d, F|100\/100\n|switch|p2a: Ribombee|Ribombee, F|100\/100\n|turn|1\n|\n|t:|1699620912\n|move|p2a: Ribombee|Sticky Web|p1a: KaMon\n|-sidestart|p1: Un0Eg0|move: Sticky Web\n|move|p1a: KaMon|Dual Wingbeat|p2a: Ribombee\n|-supereffective|p2a: Ribombee\n|-crit|p2a: Ribombee\n|-damage|p2a: Ribombee|1\/100\n|-supereffective|p2a: Ribombee\n|-damage|p2a: Ribombee|0 fnt\n|faint|p2a: Ribombee\n|-hitcount|p2: Ribombee|2\n|\n|upkeep\n|\n|t:|1699620932\n|switch|p2a: Medicham|Medicham, M|100\/100\n|turn|2\n|\n|t:|1699620934\n|detailschange|p2a: Medicham|Medicham-Mega, M\n|-mega|p2a: Medicham|Medicham|Medichamite\n|move|p2a: Medicham|Fake Out|p1a: KaMon\n|-damage|p1a: KaMon|75\/100\n|cant|p1a: KaMon|flinch\n|\n|upkeep\n|turn|3\n|\n|t:|1699620938\n|move|p2a: Medicham|Psycho Cut|p1a: KaMon\n|-supereffective|p1a: KaMon\n|-damage|p1a: KaMon|0 fnt\n|faint|p1a: KaMon\n|\n|upkeep\n|\n|t:|1699620942\n|switch|p1a: Drago|Dragonite, M|100\/100\n|turn|4\n|\n|t:|1699620945\n|move|p2a: Medicham|Ice Punch|p1a: Drago\n|-supereffective|p1a: Drago\n|-damage|p1a: Drago|7\/100\n|-status|p1a: Drago|frz\n|-enditem|p1a: Drago|Weakness Policy\n|-boost|p1a: Drago|atk|2|[from] item: Weakness Policy\n|-boost|p1a: Drago|spa|2|[from] item: Weakness Policy\n|cant|p1a: Drago|frz\n|\n|upkeep\n|turn|5\n|\n|t:|1699620953\n|cant|p1a: Drago|frz\n|move|p2a: Medicham|Ice Punch|p1a: Drago\n|-supereffective|p1a: Drago\n|-damage|p1a: Drago|0 fnt\n|faint|p1a: Drago\n|\n|upkeep\n|\n|t:|1699620956\n|switch|p1a: Bachira|Gengar, M|100\/100\n|-activate|p1a: Bachira|move: Sticky Web\n|-unboost|p1a: Bachira|spe|1\n|turn|6\n|\n|t:|1699620959\n|move|p2a: Medicham|Psycho Cut|p1a: Bachira\n|-supereffective|p1a: Bachira\n|-enditem|p1a: Bachira|Focus Sash\n|-damage|p1a: Bachira|1\/100\n|move|p1a: Bachira|Shadow Ball|p2a: Medicham\n|-supereffective|p2a: Medicham\n|-damage|p2a: Medicham|0 fnt\n|faint|p2a: Medicham\n|\n|upkeep\n|\n|t:|1699620964\n|switch|p2a: Bisharp|Bisharp, M|100\/100\n|turn|7\n|\n|t:|1699620970\n|move|p2a: Bisharp|Sucker Punch||[still]\n|-fail|p2a: Bisharp\n|move|p1a: Bachira|Taunt|p2a: Bisharp\n|-start|p2a: Bisharp|move: Taunt\n|\n|upkeep\n|turn|8\n|\n|t:|1699620973\n|move|p2a: Bisharp|Knock Off|p1a: Bachira\n|-supereffective|p1a: Bachira\n|-damage|p1a: Bachira|0 fnt\n|faint|p1a: Bachira\n|\n|upkeep\n|\n|t:|1699620977\n|switch|p1a: Star platinum|Lucario, F|100\/100\n|-activate|p1a: Star platinum|move: Sticky Web\n|-unboost|p1a: Star platinum|spe|1\n|turn|9\n|\n|t:|1699620983\n|switch|p2a: Great Tusk|Great Tusk|100\/100\n|move|p1a: Star platinum|Close Combat|p2a: Great Tusk\n|-damage|p2a: Great Tusk|44\/100\n|-unboost|p1a: Star platinum|def|1\n|-unboost|p1a: Star platinum|spd|1\n|-damage|p1a: Star platinum|91\/100|[from] item: Life Orb\n|\n|upkeep\n|turn|10\n|\n|t:|1699620989\n|move|p2a: Great Tusk|Earthquake|p1a: Star platinum\n|-supereffective|p1a: Star platinum\n|-damage|p1a: Star platinum|0 fnt\n|faint|p1a: Star platinum\n|\n|upkeep\n|\n|t:|1699620995\n|switch|p1a: Naruto|Greninja, M|100\/100\n|-activate|p1a: Naruto|move: Sticky Web\n|-unboost|p1a: Naruto|spe|1\n|turn|11\n|\n|t:|1699621001\n|move|p1a: Naruto|Water Shuriken|p2a: Great Tusk\n|-supereffective|p2a: Great Tusk\n|-damage|p2a: Great Tusk|24\/100\n|-supereffective|p2a: Great Tusk\n|-damage|p2a: Great Tusk|3\/100\n|-supereffective|p2a: Great Tusk\n|-damage|p2a: Great Tusk|0 fnt\n|faint|p2a: Great Tusk\n|-end|p2a: Great Tusk|Protosynthesis|[silent]\n|-ability|p1a: Naruto|Battle Bond|boost\n|-boost|p1a: Naruto|atk|1\n|-boost|p1a: Naruto|spa|1\n|-boost|p1a: Naruto|spe|1\n|-activate|p1a: Naruto|ability: Battle Bond\n|-hitcount|p2: Great Tusk|3\n|\n|upkeep\n|\n|t:|1699621008\n|switch|p2a: Jirachi|Jirachi|100\/100\n|turn|12\n|\n|t:|1699621014\n|move|p1a: Naruto|Water Shuriken|p2a: Jirachi\n|-damage|p2a: Jirachi|88\/100\n|-damage|p2a: Jirachi|74\/100\n|-damage|p2a: Jirachi|61\/100\n|-hitcount|p2a: Jirachi|3\n|move|p2a: Jirachi|Calm Mind|p2a: Jirachi\n|-boost|p2a: Jirachi|spa|1\n|-boost|p2a: Jirachi|spd|1\n|\n|-heal|p2a: Jirachi|67\/100|[from] item: Leftovers\n|upkeep\n|turn|13\n|\n|t:|1699621025\n|-terastallize|p2a: Jirachi|Steel\n|move|p1a: Naruto|Water Shuriken|p2a: Jirachi\n|-damage|p2a: Jirachi|59\/100\n|-damage|p2a: Jirachi|49\/100\n|-damage|p2a: Jirachi|41\/100\n|-damage|p2a: Jirachi|31\/100\n|-hitcount|p2a: Jirachi|4\n|move|p2a: Jirachi|Ancient Power|p1a: Naruto\n|-damage|p1a: Naruto|66\/100\n|\n|-heal|p2a: Jirachi|37\/100|[from] item: Leftovers\n|upkeep\n|turn|14\n|\n|t:|1699621039\n|-terastallize|p1a: Naruto|Water\n|move|p1a: Naruto|Water Shuriken|p2a: Jirachi\n|-damage|p2a: Jirachi|26\/100\n|-damage|p2a: Jirachi|15\/100\n|-damage|p2a: Jirachi|3\/100\n|-hitcount|p2a: Jirachi|3\n|move|p2a: Jirachi|Calm Mind|p2a: Jirachi\n|-boost|p2a: Jirachi|spa|1\n|-boost|p2a: Jirachi|spd|1\n|\n|-heal|p2a: Jirachi|9\/100|[from] item: Leftovers\n|upkeep\n|turn|15\n|\n|t:|1699621052\n|move|p1a: Naruto|Water Shuriken|p2a: Jirachi\n|-damage|p2a: Jirachi|1\/100\n|-damage|p2a: Jirachi|0 fnt\n|faint|p2a: Jirachi\n|-hitcount|p2: Jirachi|2\n|\n|upkeep\n|\n|t:|1699621059\n|switch|p2a: Bisharp|Bisharp, M|100\/100\n|turn|16\n|\n|t:|1699621062\n|move|p1a: Naruto|Water Shuriken|p2a: Bisharp\n|-damage|p2a: Bisharp|64\/100\n|-damage|p2a: Bisharp|29\/100\n|-hitcount|p2a: Bisharp|2\n|move|p2a: Bisharp|Sucker Punch||[still]\n|-fail|p2a: Bisharp\n|\n|upkeep\n|turn|17\n|\n|t:|1699621067\n|move|p1a: Naruto|Water Shuriken|p2a: Bisharp\n|-damage|p2a: Bisharp|0 fnt\n|faint|p2a: Bisharp\n|-hitcount|p2: Bisharp|1\n|\n|upkeep\n|\n|t:|1699621070\n|switch|p2a: Kleavor|Kleavor, F|100\/100\n|turn|18\n|\n|t:|1699621075\n|move|p1a: Naruto|Water Shuriken|p2a: Kleavor\n|-supereffective|p2a: Kleavor\n|-damage|p2a: Kleavor|39\/100\n|-supereffective|p2a: Kleavor\n|-damage|p2a: Kleavor|0 fnt\n|faint|p2a: Kleavor\n|-hitcount|p2: Kleavor|2\n|\n|win|Un0Eg0\n|raw|Un0Eg0's rating: 1276 &rarr; <strong>1299<\/strong><br \/>(+23 for winning)\n|raw|xnckkc's rating: 1250 &rarr; <strong>1227<\/strong><br \/>(-23 for losing)\n|l|\u2606xnckkc\n","uploadtime":1699621080,"views":4,"p1id":"un0eg0","p2id":"xnckkc","formatid":"gen9nationaldex","rating":1227,"private":0,"password":""}