{"id":"gen9nationaldex-1988355324","p1":"guess19","p2":"jsj2679","format":"[Gen 9] National Dex","log":"|j|\u2606guess19\n|j|\u2606jsj2679\n|t:|1699713138\n|gametype|singles\n|player|p1|guess19|volkner|1511\n|player|p2|jsj2679|falkner|1741\n|teamsize|p1|6\n|teamsize|p2|6\n|gen|9\n|tier|[Gen 9] National Dex\n|rated|\n|rule|HP Percentage Mod: HP is shown in percentages\n|rule|Endless Battle Clause: Forcing endless battles is banned\n|rule|OHKO Clause: OHKO moves are banned\n|rule|Evasion Clause: Evasion abilities, items, and moves are banned\n|rule|Evasion Abilities Clause: Evasion abilities are banned\n|rule|Evasion Items Clause: Evasion items are banned\n|rule|Evasion Moves Clause: Evasion moves are banned\n|rule|Species Clause: Limit one of each Pok\u00e9mon\n|rule|Sleep Clause Mod: Limit one foe put to sleep\n|clearpoke\n|poke|p1|Cloyster, M|\n|poke|p1|Umbreon, F|\n|poke|p1|Gardevoir, F|\n|poke|p1|Forretress, M|\n|poke|p1|Thundurus-Therian, M|\n|poke|p1|Ambipom, M|\n|poke|p2|Diancie|\n|poke|p2|Garchomp, F|\n|poke|p2|Urshifu-*, F|\n|poke|p2|Zapdos|\n|poke|p2|Bisharp, F|\n|poke|p2|Victini|\n|teampreview\n|inactive|Battle timer is ON: inactive players will automatically lose when time's up. (requested by guess19)\n|\n|t:|1699713151\n|start\n|switch|p1a: Cloyster|Cloyster, M|100\/100\n|switch|p2a: Victini|Victini|100\/100\n|turn|1\n|\n|t:|1699713166\n|move|p2a: Victini|Blue Flare|p1a: Cloyster\n|-enditem|p1a: Cloyster|Focus Sash\n|-damage|p1a: Cloyster|1\/100\n|move|p1a: Cloyster|Shell Smash|p1a: Cloyster\n|-unboost|p1a: Cloyster|def|1\n|-unboost|p1a: Cloyster|spd|1\n|-boost|p1a: Cloyster|atk|2\n|-boost|p1a: Cloyster|spa|2\n|-boost|p1a: Cloyster|spe|2\n|\n|upkeep\n|turn|2\n|\n|t:|1699713178\n|switch|p2a: Bisharp|Bisharp, F|100\/100\n|move|p1a: Cloyster|Icicle Spear|p2a: Bisharp\n|-resisted|p2a: Bisharp\n|-damage|p2a: Bisharp|92\/100\n|-resisted|p2a: Bisharp\n|-damage|p2a: Bisharp|85\/100\n|-resisted|p2a: Bisharp\n|-damage|p2a: Bisharp|77\/100\n|-resisted|p2a: Bisharp\n|-damage|p2a: Bisharp|70\/100\n|-resisted|p2a: Bisharp\n|-damage|p2a: Bisharp|62\/100\n|-hitcount|p2a: Bisharp|5\n|\n|upkeep\n|turn|3\n|\n|t:|1699713184\n|move|p1a: Cloyster|Ice Shard|p2a: Bisharp\n|-resisted|p2a: Bisharp\n|-damage|p2a: Bisharp|49\/100\n|move|p2a: Bisharp|Sucker Punch||[still]\n|-fail|p2a: Bisharp\n|\n|upkeep\n|turn|4\n|\n|t:|1699713191\n|move|p1a: Cloyster|Ice Shard|p2a: Bisharp\n|-resisted|p2a: Bisharp\n|-damage|p2a: Bisharp|37\/100\n|move|p2a: Bisharp|Sucker Punch||[still]\n|-fail|p2a: Bisharp\n|\n|upkeep\n|turn|5\n|\n|t:|1699713195\n|move|p1a: Cloyster|Waterfall|p2a: Bisharp\n|-damage|p2a: Bisharp|0 fnt\n|faint|p2a: Bisharp\n|\n|upkeep\n|\n|t:|1699713199\n|switch|p2a: \u5175\u957f|Urshifu-Rapid-Strike, F|100\/100\n|turn|6\n|\n|t:|1699713205\n|switch|p1a: Forretress|Forretress, M|100\/100\n|move|p2a: \u5175\u957f|Aqua Jet|p1a: Forretress\n|-damage|p1a: Forretress|88\/100\n|-damage|p2a: \u5175\u957f|84\/100|[from] item: Rocky Helmet|[of] p1a: Forretress\n|\n|upkeep\n|turn|7\n|\n|t:|1699713211\n|switch|p2a: Victini|Victini|100\/100\n|move|p1a: Forretress|Stealth Rock|p2a: Victini\n|-sidestart|p2: jsj2679|move: Stealth Rock\n|\n|upkeep\n|turn|8\n|\n|t:|1699713228\n|switch|p1a: Umbreon|Umbreon, F|100\/100\n|move|p2a: Victini|Blue Flare|p1a: Umbreon\n|-damage|p1a: Umbreon|65\/100\n|\n|-heal|p1a: Umbreon|71\/100|[from] item: Leftovers\n|upkeep\n|turn|9\n|\n|t:|1699713237\n|move|p2a: Victini|U-turn|p1a: Umbreon\n|-supereffective|p1a: Umbreon\n|-damage|p1a: Umbreon|54\/100\n|\n|t:|1699713239\n|switch|p2a: \u9ec4\u91d1\u8106\u76ae\u9e21|Zapdos|100\/100|[from] U-turn\n|move|p1a: Umbreon|Wish|p1a: Umbreon\n|\n|-heal|p1a: Umbreon|60\/100|[from] item: Leftovers\n|upkeep\n|turn|10\n|\n|t:|1699713245\n|move|p1a: Umbreon|Protect|p1a: Umbreon\n|-singleturn|p1a: Umbreon|Protect\n|move|p2a: \u9ec4\u91d1\u8106\u76ae\u9e21|Defog|p1a: Umbreon\n|-activate|p1a: Umbreon|move: Protect\n|\n|-heal|p1a: Umbreon|100\/100|[from] move: Wish|[wisher] Umbreon\n|upkeep\n|turn|11\n|\n|t:|1699713249\n|switch|p1a: Thundurus|Thundurus-Therian, M|100\/100\n|move|p2a: \u9ec4\u91d1\u8106\u76ae\u9e21|Defog|p1a: Thundurus\n|-unboost|p1a: Thundurus|evasion|1\n|-sideend|p2: jsj2679|Stealth Rock|[from] move: Defog|[of] p2a: \u9ec4\u91d1\u8106\u76ae\u9e21\n|\n|upkeep\n|turn|12\n|\n|t:|1699713263\n|switch|p2a: \u96fe\u96e8\u9b54\u7406\u6c99|Diancie|100\/100\n|move|p1a: Thundurus|Wildbolt Storm|p2a: \u96fe\u96e8\u9b54\u7406\u6c99|[miss]\n|-miss|p1a: Thundurus|p2a: \u96fe\u96e8\u9b54\u7406\u6c99\n|\n|upkeep\n|turn|13\n|inactive|guess19 has 120 seconds left.\n|\n|t:|1699713294\n|detailschange|p2a: \u96fe\u96e8\u9b54\u7406\u6c99|Diancie-Mega\n|-mega|p2a: \u96fe\u96e8\u9b54\u7406\u6c99|Diancie|Diancite\n|-terastallize|p1a: Thundurus|Water\n|move|p2a: \u96fe\u96e8\u9b54\u7406\u6c99|Diamond Storm|p1a: Thundurus\n|-damage|p1a: Thundurus|18\/100\n|move|p1a: Thundurus|Grass Knot|p2a: \u96fe\u96e8\u9b54\u7406\u6c99\n|-supereffective|p2a: \u96fe\u96e8\u9b54\u7406\u6c99\n|-damage|p2a: \u96fe\u96e8\u9b54\u7406\u6c99|36\/100\n|\n|upkeep\n|turn|14\n|inactive|guess19 has 120 seconds left.\n|\n|t:|1699713306\n|move|p2a: \u96fe\u96e8\u9b54\u7406\u6c99|Moonblast|p1a: Thundurus\n|-damage|p1a: Thundurus|0 fnt\n|faint|p1a: Thundurus\n|\n|upkeep\n|inactive|guess19 has 120 seconds left.\n|\n|t:|1699713312\n|switch|p1a: Cloyster|Cloyster, M|1\/100\n|turn|15\n|\n|t:|1699713322\n|switch|p2a: Victini|Victini|100\/100\n|move|p1a: Cloyster|Ice Shard|p2a: Victini\n|-resisted|p2a: Victini\n|-damage|p2a: Victini|91\/100\n|\n|upkeep\n|turn|16\n|\n|t:|1699713328\n|move|p1a: Cloyster|Ice Shard|p2a: Victini\n|-resisted|p2a: Victini\n|-damage|p2a: Victini|83\/100\n|move|p2a: Victini|U-turn|p1a: Cloyster\n|-damage|p1a: Cloyster|0 fnt\n|faint|p1a: Cloyster\n|\n|t:|1699713334\n|switch|p2a: \u96fe\u96e8\u9b54\u7406\u6c99|Diancie-Mega|36\/100|[from] U-turn\n|\n|upkeep\n|\n|t:|1699713337\n|switch|p1a: Gardevoir|Gardevoir, F, shiny|100\/100\n|-ability|p1a: Gardevoir|Magic Bounce|[from] ability: Trace|[of] p2a: \u96fe\u96e8\u9b54\u7406\u6c99\n|turn|17\n|\n|t:|1699713340\n|switch|p2a: Victini|Victini|83\/100\n|detailschange|p1a: Gardevoir|Gardevoir-Mega, F, shiny\n|-mega|p1a: Gardevoir|Gardevoir|Gardevoirite\n|move|p1a: Gardevoir|Hyper Voice|p2a: Victini\n|-resisted|p2a: Victini\n|-damage|p2a: Victini|50\/100\n|\n|upkeep\n|turn|18\n|\n|t:|1699713354\n|move|p2a: Victini|Thunder Wave|p1a: Gardevoir\n|-status|p1a: Gardevoir|par\n|move|p1a: Gardevoir|Hyper Voice|p2a: Victini\n|-resisted|p2a: Victini\n|-damage|p2a: Victini|21\/100\n|\n|upkeep\n|turn|19\n|\n|t:|1699713361\n|switch|p1a: Umbreon|Umbreon, F|100\/100\n|move|p2a: Victini|Blue Flare|p1a: Umbreon\n|-damage|p1a: Umbreon|59\/100\n|-status|p1a: Umbreon|brn\n|-activate|p1a: Umbreon|ability: Synchronize\n|-immune|p2a: Victini\n|\n|-heal|p1a: Umbreon|65\/100 brn|[from] item: Leftovers\n|-damage|p1a: Umbreon|59\/100 brn|[from] brn\n|upkeep\n|turn|20\n|\n|t:|1699713372\n|move|p2a: Victini|U-turn|p1a: Umbreon\n|-supereffective|p1a: Umbreon\n|-damage|p1a: Umbreon|44\/100 brn\n|\n|t:|1699713376\n|switch|p2a: \u5175\u957f|Urshifu-Rapid-Strike, F|84\/100|[from] U-turn\n|move|p1a: Umbreon|Heal Bell|p1a: Umbreon\n|-activate|p1a: Umbreon|move: Heal Bell\n|-curestatus|p1a: Umbreon|brn|[msg]\n|-curestatus|p1: Gardevoir|par|[msg]\n|\n|-heal|p1a: Umbreon|50\/100|[from] item: Leftovers\n|upkeep\n|turn|21\n|\n|t:|1699713389\n|switch|p1a: Forretress|Forretress, M|88\/100\n|move|p2a: \u5175\u957f|Close Combat|p1a: Forretress\n|-damage|p1a: Forretress|49\/100\n|-unboost|p2a: \u5175\u957f|def|1\n|-unboost|p2a: \u5175\u957f|spd|1\n|-damage|p2a: \u5175\u957f|68\/100|[from] item: Rocky Helmet|[of] p1a: Forretress\n|\n|upkeep\n|turn|22\n|\n|t:|1699713401\n|switch|p2a: \u96fe\u96e8\u9b54\u7406\u6c99|Diancie-Mega|36\/100\n|move|p1a: Forretress|Gyro Ball|p2a: \u96fe\u96e8\u9b54\u7406\u6c99\n|-supereffective|p2a: \u96fe\u96e8\u9b54\u7406\u6c99\n|-damage|p2a: \u96fe\u96e8\u9b54\u7406\u6c99|0 fnt\n|faint|p2a: \u96fe\u96e8\u9b54\u7406\u6c99\n|\n|upkeep\n|\n|t:|1699713409\n|switch|p2a: Victini|Victini|21\/100\n|turn|23\n|\n|t:|1699713429\n|switch|p1a: Umbreon|Umbreon, F|50\/100\n|move|p2a: Victini|Blue Flare|p1a: Umbreon\n|-damage|p1a: Umbreon|12\/100\n|\n|-heal|p1a: Umbreon|18\/100|[from] item: Leftovers\n|upkeep\n|turn|24\n|\n|t:|1699713435\n|move|p1a: Umbreon|Protect|p1a: Umbreon\n|-singleturn|p1a: Umbreon|Protect\n|move|p2a: Victini|Blue Flare|p1a: Umbreon\n|-activate|p1a: Umbreon|move: Protect\n|\n|-heal|p1a: Umbreon|24\/100|[from] item: Leftovers\n|upkeep\n|turn|25\n|\n|t:|1699713447\n|move|p2a: Victini|Blue Flare|p1a: Umbreon\n|-damage|p1a: Umbreon|0 fnt\n|faint|p1a: Umbreon\n|\n|upkeep\n|\n|t:|1699713452\n|switch|p1a: Ambipom|Ambipom, M|100\/100\n|turn|26\n|\n|t:|1699713456\n|switch|p2a: \u9ec4\u91d1\u8106\u76ae\u9e21|Zapdos|100\/100\n|move|p1a: Ambipom|Fake Out|p2a: \u9ec4\u91d1\u8106\u76ae\u9e21\n|-crit|p2a: \u9ec4\u91d1\u8106\u76ae\u9e21\n|-damage|p2a: \u9ec4\u91d1\u8106\u76ae\u9e21|63\/100\n|-damage|p1a: Ambipom|91\/100|[from] item: Life Orb\n|\n|upkeep\n|turn|27\n|\n|t:|1699713462\n|move|p1a: Ambipom|Last Resort|p2a: \u9ec4\u91d1\u8106\u76ae\u9e21\n|-damage|p2a: \u9ec4\u91d1\u8106\u76ae\u9e21|3\/100\n|-damage|p1a: Ambipom|81\/100|[from] item: Life Orb\n|move|p2a: \u9ec4\u91d1\u8106\u76ae\u9e21|Roost|p2a: \u9ec4\u91d1\u8106\u76ae\u9e21\n|-heal|p2a: \u9ec4\u91d1\u8106\u76ae\u9e21|53\/100\n|-singleturn|p2a: \u9ec4\u91d1\u8106\u76ae\u9e21|move: Roost\n|\n|upkeep\n|turn|28\n|\n|t:|1699713469\n|move|p1a: Ambipom|Last Resort|p2a: \u9ec4\u91d1\u8106\u76ae\u9e21\n|-damage|p2a: \u9ec4\u91d1\u8106\u76ae\u9e21|0 fnt\n|faint|p2a: \u9ec4\u91d1\u8106\u76ae\u9e21\n|-damage|p1a: Ambipom|71\/100|[from] item: Life Orb\n|\n|upkeep\n|\n|t:|1699713474\n|switch|p2a: \u5175\u957f|Urshifu-Rapid-Strike, F|68\/100\n|turn|29\n|\n|t:|1699713483\n|switch|p1a: Forretress|Forretress, M|49\/100\n|-terastallize|p2a: \u5175\u957f|Water\n|move|p2a: \u5175\u957f|Surging Strikes|p1a: Forretress\n|-crit|p1a: Forretress\n|-damage|p1a: Forretress|32\/100\n|-damage|p2a: \u5175\u957f|51\/100|[from] item: Rocky Helmet|[of] p1a: Forretress\n|-crit|p1a: Forretress\n|-damage|p1a: Forretress|13\/100\n|-damage|p2a: \u5175\u957f|35\/100|[from] item: Rocky Helmet|[of] p1a: Forretress\n|-crit|p1a: Forretress\n|-damage|p1a: Forretress|0 fnt\n|-damage|p2a: \u5175\u957f|18\/100|[from] item: Rocky Helmet|[of] p1a: Forretress\n|faint|p1a: Forretress\n|-hitcount|p1: Forretress|3\n|\n|upkeep\n|\n|t:|1699713493\n|switch|p1a: Ambipom|Ambipom, M|71\/100\n|turn|30\n|\n|t:|1699713499\n|switch|p2a: Victini|Victini|21\/100\n|switch|p1a: Gardevoir|Gardevoir-Mega, F, shiny|100\/100\n|\n|upkeep\n|turn|31\n|\n|t:|1699713508\n|move|p2a: Victini|Thunder Wave|p1a: Gardevoir\n|-status|p1a: Gardevoir|par\n|move|p1a: Gardevoir|Hyper Voice|p2a: Victini\n|-resisted|p2a: Victini\n|-crit|p2a: Victini\n|-damage|p2a: Victini|0 fnt\n|faint|p2a: Victini\n|\n|upkeep\n|\n|t:|1699713513\n|switch|p2a: \u5175\u957f|Urshifu-Rapid-Strike, F, tera:Water|18\/100\n|turn|32\n|\n|t:|1699713518\n|move|p2a: \u5175\u957f|Surging Strikes|p1a: Gardevoir\n|-crit|p1a: Gardevoir\n|-damage|p1a: Gardevoir|72\/100 par\n|-crit|p1a: Gardevoir\n|-damage|p1a: Gardevoir|44\/100 par\n|-crit|p1a: Gardevoir\n|-damage|p1a: Gardevoir|13\/100 par\n|-hitcount|p1a: Gardevoir|3\n|move|p1a: Gardevoir|Hyper Voice|p2a: \u5175\u957f\n|-damage|p2a: \u5175\u957f|0 fnt\n|faint|p2a: \u5175\u957f\n|\n|upkeep\n|\n|t:|1699713525\n|switch|p2a: \u5927\u661f\u4e49|Garchomp, F|100\/100\n|turn|33\n|\n|t:|1699713530\n|move|p2a: \u5927\u661f\u4e49|Earthquake|p1a: Gardevoir\n|-damage|p1a: Gardevoir|0 fnt\n|faint|p1a: Gardevoir\n|\n|upkeep\n|\n|t:|1699713532\n|switch|p1a: Ambipom|Ambipom, M|71\/100\n|turn|34\n|\n|t:|1699713535\n|move|p1a: Ambipom|Fake Out|p2a: \u5927\u661f\u4e49\n|-damage|p2a: \u5927\u661f\u4e49|69\/100\n|-damage|p1a: Ambipom|58\/100|[from] ability: Rough Skin|[of] p2a: \u5927\u661f\u4e49\n|-damage|p1a: Ambipom|48\/100|[from] item: Life Orb\n|cant|p2a: \u5927\u661f\u4e49|flinch\n|\n|upkeep\n|turn|35\n|\n|t:|1699713541\n|move|p1a: Ambipom|Last Resort|p2a: \u5927\u661f\u4e49\n|-damage|p2a: \u5927\u661f\u4e49|0 fnt\n|-damage|p1a: Ambipom|36\/100|[from] ability: Rough Skin|[of] p2a: \u5927\u661f\u4e49\n|faint|p2a: \u5927\u661f\u4e49\n|-damage|p1a: Ambipom|26\/100|[from] item: Life Orb\n|\n|win|guess19\n|raw|guess19's rating: 1511 &rarr; <strong>1543<\/strong><br \/>(+32 for winning)\n|raw|jsj2679's rating: 1741 &rarr; <strong>1709<\/strong><br \/>(-32 for losing)\n|l|\u2606jsj2679\n","uploadtime":1699713552,"views":19,"p1id":"guess19","p2id":"jsj2679","formatid":"gen9nationaldex","rating":1543,"private":0,"password":""}