{"id":"gen9nationaldex-1988569680","p1":"314159Pokemon","p2":"Matsurizzzu","format":"[Gen 9] National Dex","log":"|j|\u2606314159Pokemon\n|j|\u2606Matsurizzzu\n|t:|1699737197\n|gametype|singles\n|player|p1|314159Pokemon|170|1295\n|player|p2|Matsurizzzu|dawn|1299\n|teamsize|p1|6\n|teamsize|p2|6\n|gen|9\n|tier|[Gen 9] National Dex\n|rated|\n|rule|HP Percentage Mod: HP is shown in percentages\n|rule|Endless Battle Clause: Forcing endless battles is banned\n|rule|OHKO Clause: OHKO moves are banned\n|rule|Evasion Clause: Evasion abilities, items, and moves are banned\n|rule|Evasion Abilities Clause: Evasion abilities are banned\n|rule|Evasion Items Clause: Evasion items are banned\n|rule|Evasion Moves Clause: Evasion moves are banned\n|rule|Species Clause: Limit one of each Pok\u00e9mon\n|rule|Sleep Clause Mod: Limit one foe put to sleep\n|clearpoke\n|poke|p1|Garchomp, F|\n|poke|p1|Gyarados, M|\n|poke|p1|Tapu Koko|\n|poke|p1|Charizard, M|\n|poke|p1|Iron Valiant|\n|poke|p1|Aegislash, F|\n|poke|p2|Dondozo, M|\n|poke|p2|Blissey, F|\n|poke|p2|Absol, M|\n|poke|p2|Corviknight, F|\n|poke|p2|Shuckle, F|\n|poke|p2|Toxapex, M|\n|teampreview\n|inactive|Battle timer is ON: inactive players will automatically lose when time's up. (requested by Matsurizzzu)\n|inactive|314159Pokemon also wants the timer to be on.\n|\n|t:|1699737205\n|start\n|switch|p1a: Zap Tap|Tapu Koko, shiny|100\/100\n|switch|p2a: Shuckle|Shuckle, F|100\/100\n|-fieldstart|move: Electric Terrain|[from] ability: Electric Surge|[of] p1a: Zap Tap\n|turn|1\n|\n|t:|1699737213\n|move|p1a: Zap Tap|Volt Switch|p2a: Shuckle\n|-damage|p2a: Shuckle|80\/100\n|\n|t:|1699737228\n|switch|p1a: Chompert|Garchomp, F, shiny|100\/100|[from] Volt Switch\n|move|p2a: Shuckle|Sticky Web|p1a: Chompert\n|-sidestart|p1: 314159Pokemon|move: Sticky Web\n|\n|upkeep\n|turn|2\n|\n|t:|1699737233\n|move|p1a: Chompert|Earthquake|p2a: Shuckle\n|-damage|p2a: Shuckle|45\/100\n|move|p2a: Shuckle|Stealth Rock|p1a: Chompert\n|-sidestart|p1: 314159Pokemon|move: Stealth Rock\n|\n|upkeep\n|turn|3\n|\n|t:|1699737238\n|move|p1a: Chompert|Stealth Rock|p2a: Shuckle\n|-sidestart|p2: Matsurizzzu|move: Stealth Rock\n|move|p2a: Shuckle|Toxic|p1a: Chompert\n|-status|p1a: Chompert|tox\n|\n|-damage|p1a: Chompert|94\/100 tox|[from] psn\n|upkeep\n|turn|4\n|\n|t:|1699737244\n|move|p1a: Chompert|Earthquake|p2a: Shuckle\n|-damage|p2a: Shuckle|7\/100\n|move|p2a: Shuckle|Encore|p1a: Chompert\n|-start|p1a: Chompert|Encore\n|\n|-damage|p1a: Chompert|82\/100 tox|[from] psn\n|upkeep\n|turn|5\n|\n|t:|1699737250\n|switch|p2a: Corviknight|Corviknight, F|100\/100\n|-ability|p2a: Corviknight|Pressure\n|move|p1a: Chompert|Earthquake|p2a: Corviknight\n|-immune|p2a: Corviknight\n|\n|-damage|p1a: Chompert|64\/100 tox|[from] psn\n|-fieldend|move: Electric Terrain\n|upkeep\n|turn|6\n|\n|t:|1699737261\n|switch|p1a: Eel|Gyarados, M, shiny|100\/100\n|-damage|p1a: Eel|76\/100|[from] Stealth Rock\n|-ability|p1a: Eel|Intimidate|boost\n|-unboost|p2a: Corviknight|atk|1\n|move|p2a: Corviknight|Defog|p1a: Eel\n|-unboost|p1a: Eel|evasion|1\n|-sideend|p1: 314159Pokemon|Stealth Rock|[from] move: Defog|[of] p2a: Corviknight\n|-sideend|p1: 314159Pokemon|Sticky Web|[from] move: Defog|[of] p2a: Corviknight\n|-sideend|p2: Matsurizzzu|Stealth Rock|[from] move: Defog|[of] p2a: Corviknight\n|\n|-heal|p1a: Eel|82\/100|[from] item: Leftovers\n|upkeep\n|turn|7\n|\n|t:|1699737275\n|switch|p2a: Ur mom|Dondozo, M|100\/100\n|move|p1a: Eel|Dragon Dance|p1a: Eel\n|-boost|p1a: Eel|atk|1\n|-boost|p1a: Eel|spe|1\n|\n|-heal|p1a: Eel|88\/100|[from] item: Leftovers\n|upkeep\n|turn|8\n|\n|t:|1699737283\n|move|p1a: Eel|Waterfall|p2a: Ur mom\n|-resisted|p2a: Ur mom\n|-damage|p2a: Ur mom|90\/100\n|-damage|p1a: Eel|71\/100|[from] item: Rocky Helmet|[of] p2a: Ur mom\n|move|p2a: Ur mom|Curse|p2a: Ur mom\n|-unboost|p2a: Ur mom|spe|1\n|-boost|p2a: Ur mom|atk|1\n|-boost|p2a: Ur mom|def|1\n|\n|-heal|p1a: Eel|77\/100|[from] item: Leftovers\n|upkeep\n|turn|9\n|\n|t:|1699737301\n|switch|p1a: Zap Tap|Tapu Koko, shiny|100\/100\n|-fieldstart|move: Electric Terrain|[from] ability: Electric Surge|[of] p1a: Zap Tap\n|move|p2a: Ur mom|Liquidation|p1a: Zap Tap\n|-damage|p1a: Zap Tap|45\/100\n|\n|upkeep\n|turn|10\n|\n|t:|1699737312\n|switch|p2a: Blissey|Blissey, F|100\/100\n|move|p1a: Zap Tap|Volt Switch|p2a: Blissey\n|-damage|p2a: Blissey|90\/100\n|\n|t:|1699737317\n|switch|p1a: Guard of Psy|Iron Valiant, shiny|100\/100|[from] Volt Switch\n|-activate|p1a: Guard of Psy|ability: Quark Drive\n|-start|p1a: Guard of Psy|quarkdrivespe\n|\n|upkeep\n|turn|11\n|\n|t:|1699737323\n|switch|p2a: Toxapex|Toxapex, M|100\/100\n|move|p1a: Guard of Psy|Aura Sphere|p2a: Toxapex\n|-resisted|p2a: Toxapex\n|-damage|p2a: Toxapex|86\/100\n|\n|upkeep\n|turn|12\n|\n|t:|1699737335\n|-end|p1a: Guard of Psy|Quark Drive|[silent]\n|switch|p1a: Aegislash|Aegislash, F|100\/100\n|move|p2a: Toxapex|Toxic|p1a: Aegislash\n|-immune|p1a: Aegislash\n|\n|upkeep\n|turn|13\n|\n|t:|1699737343\n|move|p2a: Toxapex|Scald|p1a: Aegislash\n|-damage|p1a: Aegislash|90\/100\n|-status|p1a: Aegislash|brn\n|-formechange|p1a: Aegislash|Aegislash-Blade||[from] ability: Stance Change\n|move|p1a: Aegislash|Shadow Ball|p2a: Toxapex\n|-damage|p2a: Toxapex|56\/100\n|\n|-damage|p1a: Aegislash|84\/100 brn|[from] brn\n|-fieldend|move: Electric Terrain\n|upkeep\n|turn|14\n|\n|t:|1699737357\n|switch|p2a: Blissey|Blissey, F|90\/100\n|move|p1a: Aegislash|Shadow Ball|p2a: Blissey\n|-immune|p2a: Blissey\n|\n|-damage|p1a: Aegislash|78\/100 brn|[from] brn\n|upkeep\n|turn|15\n|\n|t:|1699737371\n|switch|p2a: Ur mom|Dondozo, M|90\/100\n|move|p1a: Aegislash|Toxic|p2a: Ur mom\n|-status|p2a: Ur mom|tox\n|\n|-damage|p2a: Ur mom|84\/100 tox|[from] psn\n|-damage|p1a: Aegislash|72\/100 brn|[from] brn\n|upkeep\n|turn|16\n|\n|t:|1699737379\n|-formechange|p1a: Aegislash|Aegislash||[from] ability: Stance Change\n|move|p1a: Aegislash|King's Shield|p1a: Aegislash\n|-singleturn|p1a: Aegislash|Protect\n|move|p2a: Ur mom|Rest|p2a: Ur mom\n|-status|p2a: Ur mom|slp|[from] move: Rest\n|-heal|p2a: Ur mom|100\/100 slp|[silent]\n|\n|-damage|p1a: Aegislash|66\/100 brn|[from] brn\n|upkeep\n|turn|17\n|\n|t:|1699737390\n|switch|p2a: Furry|Absol, M, shiny|100\/100\n|move|p1a: Aegislash|Toxic|p2a: Furry\n|-status|p2a: Furry|tox\n|\n|-damage|p2a: Furry|94\/100 tox|[from] psn\n|-damage|p1a: Aegislash|59\/100 brn|[from] brn\n|upkeep\n|turn|18\n|\n|t:|1699737403\n|switch|p1a: Fire|Charizard, M|100\/100\n|detailschange|p2a: Furry|Absol-Mega, M, shiny\n|-mega|p2a: Furry|Absol|Absolite\n|move|p2a: Furry|Sucker Punch||[still]\n|-fail|p2a: Furry\n|\n|-damage|p2a: Furry|82\/100 tox|[from] psn\n|upkeep\n|turn|19\n|\n|t:|1699737415\n|switch|p2a: Blissey|Blissey, F|90\/100\n|detailschange|p1a: Fire|Charizard-Mega-Y, M\n|-mega|p1a: Fire|Charizard|Charizardite Y\n|-weather|SunnyDay|[from] ability: Drought|[of] p1a: Fire\n|move|p1a: Fire|Focus Blast|p2a: Blissey\n|-supereffective|p2a: Blissey\n|-damage|p2a: Blissey|62\/100\n|\n|-weather|SunnyDay|[upkeep]\n|upkeep\n|turn|20\n|\n|t:|1699737428\n|switch|p1a: Aegislash|Aegislash, F|59\/100 brn\n|move|p2a: Blissey|Toxic||[still]\n|-fail|p2a: Blissey\n|\n|-weather|SunnyDay|[upkeep]\n|-damage|p1a: Aegislash|53\/100 brn|[from] brn\n|upkeep\n|turn|21\n|\n|t:|1699737435\n|switch|p2a: Toxapex|Toxapex, M|89\/100\n|move|p1a: Aegislash|Toxic|p2a: Toxapex\n|-immune|p2a: Toxapex\n|\n|-weather|SunnyDay|[upkeep]\n|-damage|p1a: Aegislash|47\/100 brn|[from] brn\n|upkeep\n|turn|22\n|\n|t:|1699737443\n|move|p2a: Toxapex|Scald|p1a: Aegislash\n|-damage|p1a: Aegislash|42\/100 brn\n|-formechange|p1a: Aegislash|Aegislash-Blade||[from] ability: Stance Change\n|move|p1a: Aegislash|Shadow Ball|p2a: Toxapex\n|-damage|p2a: Toxapex|59\/100\n|-unboost|p2a: Toxapex|spd|1\n|\n|-weather|SunnyDay|[upkeep]\n|-damage|p1a: Aegislash|36\/100 brn|[from] brn\n|upkeep\n|turn|23\n|\n|t:|1699737454\n|switch|p2a: Blissey|Blissey, F|62\/100\n|move|p1a: Aegislash|Shadow Ball|p2a: Blissey\n|-immune|p2a: Blissey\n|\n|-weather|none\n|-damage|p1a: Aegislash|30\/100 brn|[from] brn\n|upkeep\n|turn|24\n|\n|t:|1699737463\n|switch|p2a: Toxapex|Toxapex, M|92\/100\n|move|p1a: Aegislash|Toxic|p2a: Toxapex\n|-immune|p2a: Toxapex\n|\n|-damage|p1a: Aegislash|24\/100 brn|[from] brn\n|upkeep\n|turn|25\n|\n|t:|1699737469\n|move|p2a: Toxapex|Scald|p1a: Aegislash\n|-damage|p1a: Aegislash|6\/100 brn\n|move|p1a: Aegislash|Shadow Ball|p2a: Toxapex\n|-damage|p2a: Toxapex|64\/100\n|\n|-damage|p1a: Aegislash|0 fnt|[from] brn\n|faint|p1a: Aegislash\n|upkeep\n|\n|t:|1699737479\n|switch|p1a: Eel|Gyarados, M, shiny|77\/100\n|-ability|p1a: Eel|Intimidate|boost\n|-unboost|p2a: Toxapex|atk|1\n|turn|26\n|\n|t:|1699737485\n|switch|p2a: Ur mom|Dondozo, M|100\/100 slp\n|move|p1a: Eel|Earthquake|p2a: Ur mom\n|-damage|p2a: Ur mom|84\/100 slp\n|\n|-heal|p1a: Eel|83\/100|[from] item: Leftovers\n|upkeep\n|turn|27\n|\n|t:|1699737493\n|move|p1a: Eel|Dragon Dance|p1a: Eel\n|-boost|p1a: Eel|atk|1\n|-boost|p1a: Eel|spe|1\n|cant|p2a: Ur mom|slp\n|move|p2a: Ur mom|Sleep Talk|p2a: Ur mom\n|move|p2a: Ur mom|Curse|p2a: Ur mom|[from]move: Sleep Talk\n|-unboost|p2a: Ur mom|spe|1\n|-boost|p2a: Ur mom|atk|1\n|-boost|p2a: Ur mom|def|1\n|\n|-heal|p1a: Eel|89\/100|[from] item: Leftovers\n|upkeep\n|turn|28\n|\n|t:|1699737504\n|move|p1a: Eel|Dragon Dance|p1a: Eel\n|-boost|p1a: Eel|atk|1\n|-boost|p1a: Eel|spe|1\n|cant|p2a: Ur mom|slp\n|move|p2a: Ur mom|Sleep Talk|p2a: Ur mom\n|move|p2a: Ur mom|Curse|p2a: Ur mom|[from]move: Sleep Talk\n|-unboost|p2a: Ur mom|spe|1\n|-boost|p2a: Ur mom|atk|1\n|-boost|p2a: Ur mom|def|1\n|\n|-heal|p1a: Eel|95\/100|[from] item: Leftovers\n|upkeep\n|turn|29\n|\n|t:|1699737521\n|-terastallize|p1a: Eel|Flying\n|move|p1a: Eel|Tera Blast|p2a: Ur mom|[anim] Tera Blast Flying\n|-damage|p2a: Ur mom|71\/100 slp\n|-curestatus|p2a: Ur mom|slp|[msg]\n|move|p2a: Ur mom|Curse|p2a: Ur mom\n|-unboost|p2a: Ur mom|spe|1\n|-boost|p2a: Ur mom|atk|1\n|-boost|p2a: Ur mom|def|1\n|\n|-heal|p1a: Eel|100\/100|[from] item: Leftovers\n|upkeep\n|turn|30\n|\n|t:|1699737532\n|switch|p1a: Zap Tap|Tapu Koko, shiny|45\/100\n|-fieldstart|move: Electric Terrain|[from] ability: Electric Surge|[of] p1a: Zap Tap\n|move|p2a: Ur mom|Liquidation|p1a: Zap Tap\n|-damage|p1a: Zap Tap|0 fnt\n|faint|p1a: Zap Tap\n|\n|upkeep\n|-message|314159Pokemon forfeited.\n|\n|win|Matsurizzzu\n|raw|314159Pokemon's rating: 1295 &rarr; <strong>1270<\/strong><br \/>(-25 for losing)\n|raw|Matsurizzzu's rating: 1299 &rarr; <strong>1324<\/strong><br \/>(+25 for winning)\n|l|\u2606314159Pokemon\n","uploadtime":1699737545,"views":4,"p1id":"314159pokemon","p2id":"matsurizzzu","formatid":"gen9nationaldex","rating":1270,"private":0,"password":""}