{"id":"gen9nationaldex-1999148016","p1":"SpecsGastr0","p2":"Technecium","format":"[Gen 9] National Dex","log":"|html|<div class=\"broadcast-blue\"><strong>[Gen 9] National Dex is currently suspecting Sneasler! For information on how to participate check out the <a href=\"https:\/\/www.smogon.com\/forums\/threads\/sv-national-dex-suspect-8-just-dance.3731534\/\">suspect thread<\/a>.<\/strong><\/div>\n|j|\u2606SpecsGastr0\n|j|\u2606Technecium\n|t:|1701038399\n|gametype|singles\n|player|p1|SpecsGastr0|colress|1262\n|player|p2|Technecium|birdkeeper|1171\n|teamsize|p1|6\n|teamsize|p2|6\n|gen|9\n|tier|[Gen 9] National Dex\n|rated|\n|rule|HP Percentage Mod: HP is shown in percentages\n|rule|Endless Battle Clause: Forcing endless battles is banned\n|rule|OHKO Clause: OHKO moves are banned\n|rule|Evasion Clause: Evasion abilities, items, and moves are banned\n|rule|Evasion Abilities Clause: Evasion abilities are banned\n|rule|Evasion Items Clause: Evasion items are banned\n|rule|Evasion Moves Clause: Evasion moves are banned\n|rule|Species Clause: Limit one of each Pok\u00e9mon\n|rule|Sleep Clause Mod: Limit one foe put to sleep\n|clearpoke\n|poke|p1|Iron Valiant|\n|poke|p1|Decidueye-Hisui, M|\n|poke|p1|Ting-Lu|\n|poke|p1|Goodra, F|\n|poke|p1|Samurott, M|\n|poke|p1|Lopunny, M|\n|poke|p2|Latias, F|\n|poke|p2|Staraptor, M|\n|poke|p2|Nidoqueen, F|\n|poke|p2|Arcanine, F|\n|poke|p2|Zoroark-Hisui, F|\n|poke|p2|Dragonite, F|\n|teampreview\n|inactive|Battle timer is ON: inactive players will automatically lose when time's up. (requested by Technecium)\n|\n|t:|1701038408\n|start\n|switch|p1a: Ting-Lu|Ting-Lu|100\/100\n|switch|p2a: Just Nemona...|Nidoqueen, F, shiny|100\/100\n|-item|p2a: Just Nemona...|Air Balloon\n|-ability|p1a: Ting-Lu|Vessel of Ruin\n|turn|1\n|\n|t:|1701038416\n|move|p2a: Just Nemona...|Stealth Rock|p1a: Ting-Lu\n|-sidestart|p1: SpecsGastr0|move: Stealth Rock\n|move|p1a: Ting-Lu|Stealth Rock|p2a: Just Nemona...\n|-sidestart|p2: Technecium|move: Stealth Rock\n|\n|upkeep\n|turn|2\n|\n|t:|1701038421\n|move|p1a: Ting-Lu|Spikes|p2a: Just Nemona...\n|-sidestart|p2: Technecium|Spikes\n|move|p2a: Just Nemona...|Dragon Tail|p1a: Ting-Lu\n|-damage|p1a: Ting-Lu|93\/100\n|drag|p1a: Kaiir|Samurott, M|100\/100\n|-damage|p1a: Kaiir|88\/100|[from] Stealth Rock\n|\n|upkeep\n|turn|3\n|\n|t:|1701038431\n|move|p1a: Kaiir|Hydro Pump|p2a: Just Nemona...|[miss]\n|-miss|p1a: Kaiir|p2a: Just Nemona...\n|move|p2a: Just Nemona...|Dragon Tail|p1a: Kaiir\n|-damage|p1a: Kaiir|74\/100\n|drag|p1a: Iron Valiant|Iron Valiant|100\/100\n|-damage|p1a: Iron Valiant|94\/100|[from] Stealth Rock\n|-enditem|p1a: Iron Valiant|Booster Energy\n|-activate|p1a: Iron Valiant|ability: Quark Drive|[fromitem]\n|-start|p1a: Iron Valiant|quarkdrivespe\n|\n|upkeep\n|turn|4\n|\n|t:|1701038441\n|move|p1a: Iron Valiant|Psychic|p2a: Just Nemona...\n|-supereffective|p2a: Just Nemona...\n|-damage|p2a: Just Nemona...|38\/100\n|-enditem|p2a: Just Nemona...|Air Balloon\n|move|p2a: Just Nemona...|Toxic Spikes|p1a: Iron Valiant\n|-sidestart|p1: SpecsGastr0|move: Toxic Spikes\n|\n|upkeep\n|turn|5\n|\n|t:|1701038452\n|move|p1a: Iron Valiant|Psychic|p2a: Just Nemona...\n|-supereffective|p2a: Just Nemona...\n|-damage|p2a: Just Nemona...|0 fnt\n|faint|p2a: Just Nemona...\n|\n|upkeep\n|\n|t:|1701038462\n|switch|p2a: Gonie|Dragonite, F|100\/100\n|-damage|p2a: Gonie|75\/100|[from] Stealth Rock\n|turn|6\n|\n|t:|1701038468\n|move|p1a: Iron Valiant|Moonblast|p2a: Gonie\n|-supereffective|p2a: Gonie\n|-damage|p2a: Gonie|0 fnt\n|faint|p2a: Gonie\n|\n|upkeep\n|\n|t:|1701038474\n|switch|p2a: Star|Staraptor, M|100\/100\n|-damage|p2a: Star|76\/100|[from] Stealth Rock\n|turn|7\n|\n|t:|1701038478\n|move|p1a: Iron Valiant|Thunderbolt|p2a: Star\n|-supereffective|p2a: Star\n|-damage|p2a: Star|0 fnt\n|faint|p2a: Star\n|\n|upkeep\n|\n|t:|1701038483\n|switch|p2a: Latias|Latias, F|100\/100\n|-damage|p2a: Latias|88\/100|[from] Stealth Rock\n|-damage|p2a: Latias|76\/100|[from] Spikes\n|turn|8\n|\n|t:|1701038490\n|move|p1a: Iron Valiant|Knock Off|p2a: Latias\n|-supereffective|p2a: Latias\n|-damage|p2a: Latias|0 fnt\n|replace|p2a: Heidi|Zoroark-Hisui, F\n|-end|p2a: Heidi|Illusion\n|-enditem|p2a: Heidi|Choice Scarf|[from] move: Knock Off|[of] p1a: Iron Valiant\n|faint|p2a: Heidi\n|\n|upkeep\n|\n|t:|1701038498\n|switch|p2a: Latias|Latias, F|100\/100\n|-damage|p2a: Latias|88\/100|[from] Stealth Rock\n|turn|9\n|\n|t:|1701038505\n|-terastallize|p2a: Latias|Steel\n|move|p1a: Iron Valiant|Moonblast|p2a: Latias\n|-resisted|p2a: Latias\n|-damage|p2a: Latias|68\/100\n|-unboost|p2a: Latias|spa|1\n|move|p2a: Latias|Psychic|p1a: Iron Valiant\n|-supereffective|p1a: Iron Valiant\n|-damage|p1a: Iron Valiant|8\/100\n|\n|-heal|p2a: Latias|74\/100|[from] item: Leftovers\n|upkeep\n|turn|10\n|\n|t:|1701038516\n|move|p1a: Iron Valiant|Knock Off|p2a: Latias\n|-damage|p2a: Latias|51\/100\n|-enditem|p2a: Latias|Leftovers|[from] move: Knock Off|[of] p1a: Iron Valiant\n|move|p2a: Latias|Calm Mind|p2a: Latias\n|-boost|p2a: Latias|spa|1\n|-boost|p2a: Latias|spd|1\n|\n|upkeep\n|turn|11\n|\n|t:|1701038525\n|move|p1a: Iron Valiant|Thunderbolt|p2a: Latias\n|-damage|p2a: Latias|34\/100\n|move|p2a: Latias|Calm Mind|p2a: Latias\n|-boost|p2a: Latias|spa|1\n|-boost|p2a: Latias|spd|1\n|\n|upkeep\n|turn|12\n|\n|t:|1701038548\n|-end|p1a: Iron Valiant|Quark Drive|[silent]\n|switch|p1a: Takumi|Decidueye-Hisui, M|100\/100\n|-damage|p1a: Takumi|95\/100|[from] Stealth Rock\n|-status|p1a: Takumi|psn\n|move|p2a: Latias|Calm Mind|p2a: Latias\n|-boost|p2a: Latias|spa|1\n|-boost|p2a: Latias|spd|1\n|\n|-damage|p1a: Takumi|82\/100 psn|[from] psn\n|upkeep\n|turn|13\n|\n|t:|1701038558\n|move|p2a: Latias|Psychic|p1a: Takumi\n|-supereffective|p1a: Takumi\n|-damage|p1a: Takumi|0 fnt\n|faint|p1a: Takumi\n|\n|upkeep\n|\n|t:|1701038561\n|switch|p1a: Astolfo|Lopunny, M, shiny|100\/100\n|-damage|p1a: Astolfo|88\/100|[from] Stealth Rock\n|-status|p1a: Astolfo|psn\n|turn|14\n|\n|t:|1701038572\n|detailschange|p1a: Astolfo|Lopunny-Mega, M, shiny\n|-mega|p1a: Astolfo|Lopunny|Lopunnite\n|move|p1a: Astolfo|Close Combat|p2a: Latias\n|-supereffective|p2a: Latias\n|-crit|p2a: Latias\n|-damage|p2a: Latias|0 fnt\n|-unboost|p1a: Astolfo|def|1\n|-unboost|p1a: Astolfo|spd|1\n|faint|p2a: Latias\n|\n|-damage|p1a: Astolfo|76\/100 psn|[from] psn\n|upkeep\n|\n|t:|1701038582\n|switch|p2a: Arkani|Arcanine, F|100\/100\n|turn|15\n|\n|t:|1701038597\n|switch|p1a: Ting-Lu|Ting-Lu|93\/100\n|-damage|p1a: Ting-Lu|87\/100|[from] Stealth Rock\n|-status|p1a: Ting-Lu|psn\n|-ability|p1a: Ting-Lu|Vessel of Ruin\n|move|p2a: Arkani|Play Rough|p1a: Ting-Lu|[miss]\n|-miss|p2a: Arkani|p1a: Ting-Lu\n|\n|-heal|p1a: Ting-Lu|93\/100 psn|[from] item: Leftovers\n|-damage|p1a: Ting-Lu|81\/100 psn|[from] psn\n|upkeep\n|turn|16\n|\n|t:|1701038608\n|move|p2a: Arkani|Play Rough|p1a: Ting-Lu\n|-supereffective|p1a: Ting-Lu\n|-damage|p1a: Ting-Lu|57\/100 psn\n|move|p1a: Ting-Lu|Earthquake|p2a: Arkani\n|-supereffective|p2a: Arkani\n|-damage|p2a: Arkani|49\/100\n|\n|-heal|p1a: Ting-Lu|64\/100 psn|[from] item: Leftovers\n|-damage|p1a: Ting-Lu|51\/100 psn|[from] psn\n|upkeep\n|turn|17\n|\n|t:|1701038619\n|move|p2a: Arkani|Morning Sun|p2a: Arkani\n|-heal|p2a: Arkani|99\/100\n|move|p1a: Ting-Lu|Earthquake|p2a: Arkani\n|-supereffective|p2a: Arkani\n|-damage|p2a: Arkani|41\/100\n|\n|-heal|p1a: Ting-Lu|57\/100 psn|[from] item: Leftovers\n|-damage|p1a: Ting-Lu|45\/100 psn|[from] psn\n|upkeep\n|turn|18\n|\n|t:|1701038627\n|move|p2a: Arkani|Morning Sun|p2a: Arkani\n|-heal|p2a: Arkani|91\/100\n|move|p1a: Ting-Lu|Earthquake|p2a: Arkani\n|-supereffective|p2a: Arkani\n|-damage|p2a: Arkani|33\/100\n|\n|-heal|p1a: Ting-Lu|51\/100 psn|[from] item: Leftovers\n|-damage|p1a: Ting-Lu|39\/100 psn|[from] psn\n|upkeep\n|turn|19\n|\n|t:|1701038636\n|move|p2a: Arkani|Morning Sun|p2a: Arkani\n|-heal|p2a: Arkani|83\/100\n|move|p1a: Ting-Lu|Earthquake|p2a: Arkani\n|-supereffective|p2a: Arkani\n|-damage|p2a: Arkani|30\/100\n|\n|-heal|p1a: Ting-Lu|45\/100 psn|[from] item: Leftovers\n|-damage|p1a: Ting-Lu|32\/100 psn|[from] psn\n|upkeep\n|turn|20\n|\n|t:|1701038645\n|move|p2a: Arkani|Morning Sun|p2a: Arkani\n|-heal|p2a: Arkani|80\/100\n|move|p1a: Ting-Lu|Earthquake|p2a: Arkani\n|-supereffective|p2a: Arkani\n|-damage|p2a: Arkani|27\/100\n|\n|-heal|p1a: Ting-Lu|39\/100 psn|[from] item: Leftovers\n|-damage|p1a: Ting-Lu|26\/100 psn|[from] psn\n|upkeep\n|turn|21\n|\n|t:|1701038653\n|move|p2a: Arkani|Morning Sun|p2a: Arkani\n|-heal|p2a: Arkani|77\/100\n|move|p1a: Ting-Lu|Earthquake|p2a: Arkani\n|-supereffective|p2a: Arkani\n|-damage|p2a: Arkani|20\/100\n|\n|-heal|p1a: Ting-Lu|32\/100 psn|[from] item: Leftovers\n|-damage|p1a: Ting-Lu|20\/100 psn|[from] psn\n|upkeep\n|turn|22\n|\n|t:|1701038669\n|move|p2a: Arkani|Play Rough|p1a: Ting-Lu\n|-supereffective|p1a: Ting-Lu\n|-damage|p1a: Ting-Lu|0 fnt\n|faint|p1a: Ting-Lu\n|\n|upkeep\n|\n|t:|1701038672\n|switch|p1a: Astolfo|Lopunny-Mega, M, shiny|76\/100 psn\n|-damage|p1a: Astolfo|70\/100 psn|[from] Stealth Rock\n|turn|23\n|\n|t:|1701038677\n|move|p1a: Astolfo|Fake Out|p2a: Arkani\n|-damage|p2a: Arkani|4\/100\n|cant|p2a: Arkani|flinch\n|\n|-damage|p1a: Astolfo|58\/100 psn|[from] psn\n|upkeep\n|turn|24\n|\n|t:|1701038683\n|move|p1a: Astolfo|Return|p2a: Arkani\n|-damage|p2a: Arkani|0 fnt\n|faint|p2a: Arkani\n|\n|win|SpecsGastr0\n|raw|SpecsGastr0's rating: 1262 &rarr; <strong>1281<\/strong><br \/>(+19 for winning)\n|raw|Technecium's rating: 1171 &rarr; <strong>1152<\/strong><br \/>(-19 for losing)\n|l|\u2606Technecium\n","uploadtime":1701038688,"views":12,"p1id":"specsgastr0","p2id":"technecium","formatid":"gen9nationaldex","rating":1152,"private":0,"password":""}