{"id":"gen9nationaldex-1989004300","p1":"SOLAROS & LUNARIS","p2":"tttttynobuts","format":"[Gen 9] National Dex","log":"|j|\u2606SOLAROS & LUNARIS\n|j|\u2606tttttynobuts\n|inactive|Battle timer is ON: inactive players will automatically lose when time's up.\n|t:|1699801052\n|gametype|singles\n|player|p1|SOLAROS & LUNARIS|#solaroslunaris|\n|player|p2|tttttynobuts|265|\n|teamsize|p1|6\n|teamsize|p2|6\n|gen|9\n|tier|[Gen 9] National Dex\n|rated|Tournament battle\n|rule|HP Percentage Mod: HP is shown in percentages\n|rule|Endless Battle Clause: Forcing endless battles is banned\n|rule|OHKO Clause: OHKO moves are banned\n|rule|Evasion Clause: Evasion abilities, items, and moves are banned\n|rule|Evasion Abilities Clause: Evasion abilities are banned\n|rule|Evasion Items Clause: Evasion items are banned\n|rule|Evasion Moves Clause: Evasion moves are banned\n|rule|Species Clause: Limit one of each Pok\u00e9mon\n|rule|Sleep Clause Mod: Limit one foe put to sleep\n|rule|Terastal Clause: You cannot Terastallize\n|clearpoke\n|poke|p1|Medicham, M|\n|poke|p1|Kingambit, M|\n|poke|p1|Ting-Lu|\n|poke|p1|Alomomola, F|\n|poke|p1|Heatran, F|\n|poke|p1|Ogerpon, F|\n|poke|p2|Tapu Fini|\n|poke|p2|Lopunny, F|\n|poke|p2|Kartana|\n|poke|p2|Landorus-Therian, M|\n|poke|p2|Kommo-o, M|\n|poke|p2|Ursaluna, F|\n|teampreview\n|j|+Avaritia~!\n|j| hhhry\n|\n|t:|1699801064\n|start\n|switch|p1a: Alomomola|Alomomola, F|100\/100\n|switch|p2a: Landorus|Landorus-Therian, M|100\/100\n|-ability|p2a: Landorus|Intimidate|boost\n|-unboost|p1a: Alomomola|atk|1\n|turn|1\n|j| XXMurdrXX\n|c|\u2606SOLAROS & LUNARIS|glhf\n|\n|t:|1699801073\n|move|p2a: Landorus|Toxic|p1a: Alomomola\n|-status|p1a: Alomomola|tox\n|move|p1a: Alomomola|Toxic|p2a: Landorus\n|-status|p2a: Landorus|tox\n|\n|-damage|p2a: Landorus|94\/100 tox|[from] psn\n|-damage|p1a: Alomomola|94\/100 tox|[from] psn\n|upkeep\n|turn|2\n|c|\u2606tttttynobuts|glhf to\n|c|\u2606tttttynobuts|too\n|\n|t:|1699801080\n|move|p2a: Landorus|U-turn|p1a: Alomomola\n|-damage|p1a: Alomomola|79\/100 tox\n|\n|t:|1699801087\n|switch|p2a: Kommo-o|Kommo-o, M|100\/100|[from] U-turn\n|move|p1a: Alomomola|Flip Turn|p2a: Kommo-o\n|-resisted|p2a: Kommo-o\n|-damage|p2a: Kommo-o|95\/100\n|\n|t:|1699801096\n|switch|p1a: Medicham|Medicham, M|100\/100|[from] Flip Turn\n|\n|upkeep\n|turn|3\n|\n|t:|1699801099\n|switch|p2a: Landorus|Landorus-Therian, M|94\/100 tox\n|-ability|p2a: Landorus|Intimidate|boost\n|-unboost|p1a: Medicham|atk|1\n|detailschange|p1a: Medicham|Medicham-Mega, M\n|-mega|p1a: Medicham|Medicham|Medichamite\n|move|p1a: Medicham|Fake Out|p2a: Landorus\n|-damage|p2a: Landorus|78\/100 tox\n|-damage|p1a: Medicham|84\/100|[from] item: Rocky Helmet|[of] p2a: Landorus\n|\n|-damage|p2a: Landorus|71\/100 tox|[from] psn\n|upkeep\n|turn|4\n|j| OuterDreams\n|\n|t:|1699801104\n|move|p1a: Medicham|Ice Punch|p2a: Landorus\n|-supereffective|p2a: Landorus\n|-damage|p2a: Landorus|0 fnt\n|-damage|p1a: Medicham|68\/100|[from] item: Rocky Helmet|[of] p2a: Landorus\n|faint|p2a: Landorus\n|\n|upkeep\n|\n|t:|1699801109\n|switch|p2a: Lopunny|Lopunny, F|100\/100\n|turn|5\n|\n|t:|1699801114\n|switch|p1a: Alomomola|Alomomola, F|100\/100 tox\n|detailschange|p2a: Lopunny|Lopunny-Mega, F\n|-mega|p2a: Lopunny|Lopunny|Lopunnite\n|move|p2a: Lopunny|Fake Out|p1a: Alomomola\n|-damage|p1a: Alomomola|88\/100 tox\n|\n|-damage|p1a: Alomomola|82\/100 tox|[from] psn\n|upkeep\n|turn|6\n|\n|t:|1699801117\n|move|p2a: Lopunny|U-turn|p1a: Alomomola\n|-damage|p1a: Alomomola|67\/100 tox\n|\n|t:|1699801119\n|switch|p2a: Tapu Fini|Tapu Fini|100\/100|[from] U-turn\n|-fieldstart|move: Misty Terrain|[from] ability: Misty Surge|[of] p2a: Tapu Fini\n|move|p1a: Alomomola|Flip Turn|p2a: Tapu Fini\n|-resisted|p2a: Tapu Fini\n|-damage|p2a: Tapu Fini|94\/100\n|\n|t:|1699801124\n|switch|p1a: Ogerpon|Ogerpon, F|100\/100|[from] Flip Turn\n|\n|-heal|p2a: Tapu Fini|100\/100|[from] item: Leftovers\n|upkeep\n|turn|7\n|\n|t:|1699801140\n|switch|p2a: Lopunny|Lopunny-Mega, F|100\/100\n|move|p1a: Ogerpon|Knock Off|p2a: Lopunny\n|-resisted|p2a: Lopunny\n|-damage|p2a: Lopunny|85\/100\n|\n|upkeep\n|turn|8\n|\n|t:|1699801147\n|switch|p1a: Alomomola|Alomomola, F|99\/100 tox\n|move|p2a: Lopunny|Fake Out|p1a: Alomomola\n|-damage|p1a: Alomomola|88\/100 tox\n|\n|-damage|p1a: Alomomola|82\/100 tox|[from] psn\n|upkeep\n|turn|9\n|j|%hidin\n|\n|t:|1699801152\n|move|p2a: Lopunny|Return|p1a: Alomomola\n|-damage|p1a: Alomomola|46\/100 tox\n|move|p1a: Alomomola|Flip Turn|p2a: Lopunny\n|-damage|p2a: Lopunny|64\/100\n|l|%hidin\n|\n|t:|1699801157\n|switch|p1a: Medicham|Medicham-Mega, M|68\/100|[from] Flip Turn\n|\n|upkeep\n|turn|10\n|\n|t:|1699801165\n|switch|p2a: Tapu Fini|Tapu Fini|100\/100\n|move|p1a: Medicham|Fake Out|p2a: Tapu Fini\n|-damage|p2a: Tapu Fini|83\/100\n|\n|-heal|p2a: Tapu Fini|89\/100|[from] item: Leftovers\n|-fieldend|Misty Terrain\n|upkeep\n|turn|11\n|\n|t:|1699801173\n|switch|p1a: Kingambit|Kingambit, M|100\/100\n|move|p2a: Tapu Fini|Draining Kiss|p1a: Kingambit\n|-damage|p1a: Kingambit|79\/100\n|-heal|p2a: Tapu Fini|100\/100|[from] drain|[of] p1a: Kingambit\n|\n|upkeep\n|turn|12\n|\n|t:|1699801180\n|-end|p1a: Kingambit|fallenundefined|[silent]\n|switch|p1a: Ogerpon|Ogerpon, F|100\/100\n|move|p2a: Tapu Fini|Scald|p1a: Ogerpon\n|-resisted|p1a: Ogerpon\n|-damage|p1a: Ogerpon|81\/100\n|-status|p1a: Ogerpon|brn\n|\n|-damage|p1a: Ogerpon|75\/100 brn|[from] brn\n|upkeep\n|turn|13\n|\n|t:|1699801190\n|switch|p2a: Lopunny|Lopunny-Mega, F|64\/100\n|move|p1a: Ogerpon|U-turn|p2a: Lopunny\n|-resisted|p2a: Lopunny\n|-damage|p2a: Lopunny|56\/100\n|j| Gholdie\n|\n|t:|1699801197\n|switch|p1a: Alomomola|Alomomola, F|79\/100 tox|[from] U-turn\n|\n|-damage|p1a: Alomomola|73\/100 tox|[from] psn\n|upkeep\n|turn|14\n|\n|t:|1699801201\n|switch|p1a: Ting-Lu|Ting-Lu|100\/100\n|-ability|p1a: Ting-Lu|Vessel of Ruin\n|move|p2a: Lopunny|Fake Out|p1a: Ting-Lu\n|-damage|p1a: Ting-Lu|91\/100\n|\n|-heal|p1a: Ting-Lu|97\/100|[from] item: Leftovers\n|upkeep\n|turn|15\n|c|\u2606tttttynobuts|1 sec brb bathroom\n|c|\u2606tttttynobuts|srry\n|inactive|tttttynobuts has 120 seconds left.\n|inactive|tttttynobuts has 90 seconds left.\n|\n|t:|1699801265\n|move|p2a: Lopunny|U-turn|p1a: Ting-Lu\n|-supereffective|p1a: Ting-Lu\n|-damage|p1a: Ting-Lu|77\/100\n|inactive|tttttynobuts has 90 seconds left.\n|\n|t:|1699801271\n|switch|p2a: Tapu Fini|Tapu Fini|100\/100|[from] U-turn\n|-fieldstart|move: Misty Terrain|[from] ability: Misty Surge|[of] p2a: Tapu Fini\n|move|p1a: Ting-Lu|Earthquake|p2a: Tapu Fini\n|-damage|p2a: Tapu Fini|71\/100\n|\n|-heal|p2a: Tapu Fini|78\/100|[from] item: Leftovers\n|-heal|p1a: Ting-Lu|83\/100|[from] item: Leftovers\n|upkeep\n|turn|16\n|\n|t:|1699801276\n|move|p2a: Tapu Fini|Scald|p1a: Ting-Lu\n|-supereffective|p1a: Ting-Lu\n|-damage|p1a: Ting-Lu|43\/100\n|move|p1a: Ting-Lu|Spikes|p2a: Tapu Fini\n|-sidestart|p2: tttttynobuts|Spikes\n|\n|-heal|p2a: Tapu Fini|84\/100|[from] item: Leftovers\n|-heal|p1a: Ting-Lu|49\/100|[from] item: Leftovers\n|upkeep\n|turn|17\n|\n|t:|1699801281\n|switch|p1a: Alomomola|Alomomola, F|100\/100 tox\n|move|p2a: Tapu Fini|Taunt|p1a: Alomomola\n|-start|p1a: Alomomola|move: Taunt\n|\n|-heal|p2a: Tapu Fini|90\/100|[from] item: Leftovers\n|-damage|p1a: Alomomola|94\/100 tox|[from] psn\n|upkeep\n|turn|18\n|\n|t:|1699801285\n|move|p2a: Tapu Fini|Calm Mind|p2a: Tapu Fini\n|-boost|p2a: Tapu Fini|spa|1\n|-boost|p2a: Tapu Fini|spd|1\n|move|p1a: Alomomola|Flip Turn|p2a: Tapu Fini\n|-resisted|p2a: Tapu Fini\n|-damage|p2a: Tapu Fini|84\/100\n|\n|t:|1699801291\n|switch|p1a: Medicham|Medicham-Mega, M|68\/100|[from] Flip Turn\n|\n|-heal|p2a: Tapu Fini|90\/100|[from] item: Leftovers\n|upkeep\n|turn|19\n|\n|t:|1699801294\n|move|p1a: Medicham|Fake Out|p2a: Tapu Fini\n|-damage|p2a: Tapu Fini|71\/100\n|cant|p2a: Tapu Fini|flinch\n|\n|-heal|p2a: Tapu Fini|77\/100|[from] item: Leftovers\n|-fieldend|Misty Terrain\n|upkeep\n|turn|20\n|\n|t:|1699801300\n|switch|p1a: Heatran|Heatran, F|100\/100\n|move|p2a: Tapu Fini|Draining Kiss|p1a: Heatran\n|-resisted|p1a: Heatran\n|-damage|p1a: Heatran|96\/100\n|-heal|p2a: Tapu Fini|81\/100|[from] drain|[of] p1a: Heatran\n|\n|-heal|p1a: Heatran|100\/100|[from] item: Leftovers\n|-heal|p2a: Tapu Fini|87\/100|[from] item: Leftovers\n|upkeep\n|turn|21\n|\n|t:|1699801304\n|move|p1a: Heatran|Taunt|p2a: Tapu Fini\n|-start|p2a: Tapu Fini|move: Taunt\n|move|p2a: Tapu Fini|Scald|p1a: Heatran\n|-supereffective|p1a: Heatran\n|-damage|p1a: Heatran|38\/100\n|\n|-heal|p1a: Heatran|44\/100|[from] item: Leftovers\n|-heal|p2a: Tapu Fini|93\/100|[from] item: Leftovers\n|upkeep\n|turn|22\n|\n|t:|1699801310\n|move|p1a: Heatran|Stealth Rock|p2a: Tapu Fini\n|-sidestart|p2: tttttynobuts|move: Stealth Rock\n|move|p2a: Tapu Fini|Scald|p1a: Heatran\n|-supereffective|p1a: Heatran\n|-damage|p1a: Heatran|0 fnt\n|faint|p1a: Heatran\n|\n|-heal|p2a: Tapu Fini|99\/100|[from] item: Leftovers\n|upkeep\n|\n|t:|1699801322\n|switch|p1a: Alomomola|Alomomola, F|100\/100 tox\n|turn|23\n|\n|t:|1699801327\n|move|p2a: Tapu Fini|Draining Kiss|p1a: Alomomola\n|-damage|p1a: Alomomola|75\/100 tox\n|-heal|p2a: Tapu Fini|100\/100|[from] drain|[of] p1a: Alomomola\n|move|p1a: Alomomola|Wish|p1a: Alomomola\n|\n|-damage|p1a: Alomomola|69\/100 tox|[from] psn\n|-end|p2a: Tapu Fini|move: Taunt\n|upkeep\n|turn|24\n|\n|t:|1699801331\n|move|p2a: Tapu Fini|Calm Mind|p2a: Tapu Fini\n|-boost|p2a: Tapu Fini|spa|1\n|-boost|p2a: Tapu Fini|spd|1\n|move|p1a: Alomomola|Flip Turn|p2a: Tapu Fini\n|-resisted|p2a: Tapu Fini\n|-damage|p2a: Tapu Fini|94\/100\n|\n|t:|1699801333\n|switch|p1a: Ting-Lu|Ting-Lu|49\/100|[from] Flip Turn\n|-ability|p1a: Ting-Lu|Vessel of Ruin\n|\n|-heal|p1a: Ting-Lu|95\/100|[from] move: Wish|[wisher] Alomomola\n|-heal|p2a: Tapu Fini|100\/100|[from] item: Leftovers\n|-heal|p1a: Ting-Lu|100\/100|[from] item: Leftovers\n|upkeep\n|turn|25\n|\n|t:|1699801336\n|move|p2a: Tapu Fini|Draining Kiss|p1a: Ting-Lu\n|-supereffective|p1a: Ting-Lu\n|-crit|p1a: Ting-Lu\n|-damage|p1a: Ting-Lu|35\/100\n|move|p1a: Ting-Lu|Whirlwind|p2a: Tapu Fini\n|drag|p2a: Lopunny|Lopunny-Mega, F|56\/100\n|-damage|p2a: Lopunny|44\/100|[from] Spikes\n|-damage|p2a: Lopunny|38\/100|[from] Stealth Rock\n|\n|-heal|p1a: Ting-Lu|41\/100|[from] item: Leftovers\n|upkeep\n|turn|26\n|\n|t:|1699801346\n|move|p2a: Lopunny|Close Combat|p1a: Ting-Lu\n|-supereffective|p1a: Ting-Lu\n|-damage|p1a: Ting-Lu|0 fnt\n|-unboost|p2a: Lopunny|def|1\n|-unboost|p2a: Lopunny|spd|1\n|faint|p1a: Ting-Lu\n|\n|upkeep\n|\n|t:|1699801350\n|switch|p1a: Medicham|Medicham-Mega, M|68\/100\n|turn|27\n|\n|t:|1699801356\n|switch|p2a: Tapu Fini|Tapu Fini|100\/100\n|-damage|p2a: Tapu Fini|88\/100|[from] Spikes\n|-damage|p2a: Tapu Fini|75\/100|[from] Stealth Rock\n|-fieldstart|move: Misty Terrain|[from] ability: Misty Surge|[of] p2a: Tapu Fini\n|move|p1a: Medicham|Fake Out|p2a: Tapu Fini\n|-damage|p2a: Tapu Fini|56\/100\n|\n|-heal|p2a: Tapu Fini|62\/100|[from] item: Leftovers\n|upkeep\n|turn|28\n|\n|t:|1699801359\n|move|p1a: Medicham|Zen Headbutt|p2a: Tapu Fini\n|-damage|p2a: Tapu Fini|7\/100\n|move|p2a: Tapu Fini|Draining Kiss|p1a: Medicham\n|-supereffective|p1a: Medicham\n|-crit|p1a: Medicham\n|-damage|p1a: Medicham|0 fnt\n|-heal|p2a: Tapu Fini|45\/100|[from] drain|[of] p1a: Medicham\n|faint|p1a: Medicham\n|\n|-heal|p2a: Tapu Fini|51\/100|[from] item: Leftovers\n|upkeep\n|\n|t:|1699801365\n|switch|p1a: Ogerpon|Ogerpon, F|75\/100 brn\n|turn|29\n|\n|t:|1699801370\n|move|p1a: Ogerpon|Ivy Cudgel|p2a: Tapu Fini\n|-supereffective|p2a: Tapu Fini\n|-damage|p2a: Tapu Fini|10\/100\n|move|p2a: Tapu Fini|Draining Kiss|p1a: Ogerpon\n|-damage|p1a: Ogerpon|52\/100 brn\n|-heal|p2a: Tapu Fini|25\/100|[from] drain|[of] p1a: Ogerpon\n|\n|-heal|p2a: Tapu Fini|31\/100|[from] item: Leftovers\n|-damage|p1a: Ogerpon|46\/100 brn|[from] brn\n|upkeep\n|turn|30\n|\n|t:|1699801377\n|move|p1a: Ogerpon|Ivy Cudgel|p2a: Tapu Fini\n|-supereffective|p2a: Tapu Fini\n|-damage|p2a: Tapu Fini|0 fnt\n|faint|p2a: Tapu Fini\n|\n|-damage|p1a: Ogerpon|40\/100 brn|[from] brn\n|upkeep\n|\n|t:|1699801379\n|switch|p2a: Lopunny|Lopunny-Mega, F|38\/100\n|-damage|p2a: Lopunny|26\/100|[from] Spikes\n|-damage|p2a: Lopunny|20\/100|[from] Stealth Rock\n|turn|31\n|\n|t:|1699801384\n|move|p2a: Lopunny|Fake Out|p1a: Ogerpon\n|-damage|p1a: Ogerpon|12\/100 brn\n|cant|p1a: Ogerpon|flinch\n|\n|-damage|p1a: Ogerpon|6\/100 brn|[from] brn\n|-fieldend|Misty Terrain\n|upkeep\n|turn|32\n|\n|t:|1699801388\n|move|p2a: Lopunny|Return|p1a: Ogerpon\n|-damage|p1a: Ogerpon|0 fnt\n|faint|p1a: Ogerpon\n|\n|upkeep\n|\n|t:|1699801393\n|switch|p1a: Kingambit|Kingambit, M|79\/100\n|-activate|p1a: Kingambit|ability: Supreme Overlord\n|-start|p1a: Kingambit|fallen4|[silent]\n|turn|33\n|\n|t:|1699801399\n|move|p1a: Kingambit|Sucker Punch|p2a: Lopunny\n|-resisted|p2a: Lopunny\n|-damage|p2a: Lopunny|0 fnt\n|faint|p2a: Lopunny\n|\n|upkeep\n|\n|t:|1699801402\n|switch|p2a: Kommo-o|Kommo-o, M|95\/100\n|-damage|p2a: Kommo-o|83\/100|[from] Spikes\n|-damage|p2a: Kommo-o|77\/100|[from] Stealth Rock\n|turn|34\n|\n|t:|1699801405\n|move|p2a: Kommo-o|Aura Sphere|p1a: Kingambit\n|-supereffective|p1a: Kingambit\n|-damage|p1a: Kingambit|0 fnt\n|faint|p1a: Kingambit\n|-end|p1a: Kingambit|fallen4|[silent]\n|\n|upkeep\n|\n|t:|1699801408\n|switch|p1a: Alomomola|Alomomola, F|100\/100 tox\n|turn|35\n|\n|t:|1699801411\n|move|p2a: Kommo-o|Clangorous Soul|p2a: Kommo-o\n|-boost|p2a: Kommo-o|atk|1\n|-boost|p2a: Kommo-o|def|1\n|-boost|p2a: Kommo-o|spa|1\n|-boost|p2a: Kommo-o|spd|1\n|-boost|p2a: Kommo-o|spe|1\n|-damage|p2a: Kommo-o|44\/100\n|-enditem|p2a: Kommo-o|Throat Spray\n|-boost|p2a: Kommo-o|spa|1|[from] item: Throat Spray\n|move|p1a: Alomomola|Toxic|p2a: Kommo-o\n|-status|p2a: Kommo-o|tox\n|\n|-damage|p2a: Kommo-o|38\/100 tox|[from] psn\n|-damage|p1a: Alomomola|94\/100 tox|[from] psn\n|upkeep\n|turn|36\n|\n|t:|1699801418\n|move|p2a: Kommo-o|Boomburst|p1a: Alomomola\n|-damage|p1a: Alomomola|18\/100 tox\n|move|p1a: Alomomola|Wish|p1a: Alomomola\n|\n|-damage|p2a: Kommo-o|25\/100 tox|[from] psn\n|-damage|p1a: Alomomola|5\/100 tox|[from] psn\n|upkeep\n|turn|37\n|\n|t:|1699801423\n|move|p1a: Alomomola|Protect|p1a: Alomomola\n|-singleturn|p1a: Alomomola|Protect\n|move|p2a: Kommo-o|Boomburst|p1a: Alomomola\n|-activate|p1a: Alomomola|move: Protect\n|\n|-heal|p1a: Alomomola|55\/100 tox|[from] move: Wish|[wisher] Alomomola\n|-damage|p2a: Kommo-o|7\/100 tox|[from] psn\n|-damage|p1a: Alomomola|37\/100 tox|[from] psn\n|upkeep\n|turn|38\n|c|\u2606tttttynobuts|ggwp\n|\n|t:|1699801431\n|move|p1a: Alomomola|Protect||[still]\n|-fail|p1a: Alomomola\n|move|p2a: Kommo-o|Boomburst|p1a: Alomomola\n|-damage|p1a: Alomomola|0 fnt\n|faint|p1a: Alomomola\n|\n|win|tttttynobuts\n|n|\u2606SOLAROS & LUNARIS|solaroslunaris\n|n|\u2606tttttynobuts|tttttynobuts\n|n|+Avaritia~!|avaritia\n|n| hhhry|hhhry\n|n| XXMurdrXX|xxmurdrxx\n|n| OuterDreams|outerdreams\n|n| Gholdie|gholdie\n","uploadtime":1699801432,"views":4,"p1id":"solaroslunaris","p2id":"tttttynobuts","formatid":"gen9nationaldex","rating":0,"private":0,"password":""}