{"id":"gen9nationaldex-1990740060","p1":"Nakuy","p2":"Abrar83","format":"[Gen 9] National Dex","log":"|j|\u2606Nakuy\n|j|\u2606Abrar83\n|t:|1699996387\n|gametype|singles\n|player|p1|Nakuy|byron|\n|player|p2|Abrar83|morty-masters|\n|teamsize|p1|6\n|teamsize|p2|6\n|gen|9\n|tier|[Gen 9] National Dex\n|rule|HP Percentage Mod: HP is shown in percentages\n|rule|Endless Battle Clause: Forcing endless battles is banned\n|rule|OHKO Clause: OHKO moves are banned\n|rule|Evasion Clause: Evasion abilities, items, and moves are banned\n|rule|Evasion Abilities Clause: Evasion abilities are banned\n|rule|Evasion Items Clause: Evasion items are banned\n|rule|Evasion Moves Clause: Evasion moves are banned\n|rule|Species Clause: Limit one of each Pok\u00e9mon\n|rule|Sleep Clause Mod: Limit one foe put to sleep\n|clearpoke\n|poke|p1|Garganacl, F|\n|poke|p1|Weavile, F|\n|poke|p1|Haxorus, F|\n|poke|p1|Scizor, F|\n|poke|p1|Grimmsnarl, M|\n|poke|p1|Clodsire, M|\n|poke|p2|Gardevoir, F|\n|poke|p2|Arcanine-Hisui, M|\n|poke|p2|Dragonite, F|\n|poke|p2|Bisharp, M|\n|poke|p2|Zapdos|\n|poke|p2|Great Tusk|\n|teampreview\n|\n|t:|1699996399\n|start\n|switch|p1a: No.|Grimmsnarl, M|100\/100\n|switch|p2a: Zolo|Bisharp, M|100\/100\n|turn|1\n|\n|t:|1699996435\n|move|p1a: No.|Reflect|p1a: No.\n|-sidestart|p1: Nakuy|Reflect\n|move|p2a: Zolo|Iron Head|p1a: No.\n|-supereffective|p1a: No.\n|-damage|p1a: No.|50\/100\n|\n|upkeep\n|turn|2\n|\n|t:|1699996477\n|switch|p1a: Haxorus|Haxorus, F|100\/100\n|-ability|p1a: Haxorus|Mold Breaker\n|move|p2a: Zolo|Iron Head|p1a: Haxorus\n|-damage|p1a: Haxorus|70\/100\n|\n|upkeep\n|turn|3\n|\n|t:|1699996491\n|switch|p2a: Ylia|Gardevoir, F|100\/100\n|-ability|p2a: Ylia|Mold Breaker\n|-ability|p2a: Ylia|Mold Breaker|[from] ability: Trace|[of] p1a: Haxorus\n|move|p1a: Haxorus|Iron Head|p2a: Ylia\n|-supereffective|p2a: Ylia\n|-damage|p2a: Ylia|0 fnt\n|faint|p2a: Ylia\n|\n|upkeep\n|\n|t:|1699996501\n|switch|p2a: Sasakibe|Zapdos|100\/100\n|turn|4\n|\n|t:|1699996521\n|switch|p1a: No.|Grimmsnarl, M|50\/100\n|move|p2a: Sasakibe|Hurricane|p1a: No.\n|-damage|p1a: No.|3\/100\n|\n|upkeep\n|turn|5\n|\n|t:|1699996528\n|move|p1a: No.|Parting Shot|p2a: Sasakibe\n|-unboost|p2a: Sasakibe|atk|1\n|-unboost|p2a: Sasakibe|spa|1\n|\n|t:|1699996532\n|switch|p1a: Kosher|Garganacl, F|100\/100|[from] Parting Shot\n|move|p2a: Sasakibe|Discharge|p1a: Kosher\n|-damage|p1a: Kosher|82\/100\n|\n|-heal|p1a: Kosher|88\/100|[from] item: Leftovers\n|upkeep\n|turn|6\n|\n|t:|1699996551\n|switch|p2a: Ode To Joy|Great Tusk|100\/100\n|-enditem|p2a: Ode To Joy|Booster Energy\n|-activate|p2a: Ode To Joy|ability: Protosynthesis|[fromitem]\n|-start|p2a: Ode To Joy|protosynthesisatk\n|move|p1a: Kosher|Iron Defense|p1a: Kosher\n|-boost|p1a: Kosher|def|2\n|\n|-heal|p1a: Kosher|94\/100|[from] item: Leftovers\n|upkeep\n|turn|7\n|\n|t:|1699996568\n|move|p2a: Ode To Joy|Rapid Spin|p1a: Kosher\n|-resisted|p1a: Kosher\n|-damage|p1a: Kosher|92\/100\n|-boost|p2a: Ode To Joy|spe|1\n|move|p1a: Kosher|Iron Defense|p1a: Kosher\n|-boost|p1a: Kosher|def|2\n|\n|-heal|p1a: Kosher|99\/100|[from] item: Leftovers\n|upkeep\n|turn|8\n|\n|t:|1699996579\n|move|p2a: Ode To Joy|Close Combat|p1a: Kosher\n|-supereffective|p1a: Kosher\n|-damage|p1a: Kosher|79\/100\n|-unboost|p2a: Ode To Joy|def|1\n|-unboost|p2a: Ode To Joy|spd|1\n|move|p1a: Kosher|Body Press|p2a: Ode To Joy\n|-damage|p2a: Ode To Joy|24\/100\n|\n|-heal|p1a: Kosher|85\/100|[from] item: Leftovers\n|-sideend|p1: Nakuy|Reflect\n|upkeep\n|turn|9\n|\n|t:|1699996588\n|move|p2a: Ode To Joy|Close Combat|p1a: Kosher\n|-supereffective|p1a: Kosher\n|-damage|p1a: Kosher|48\/100\n|-unboost|p2a: Ode To Joy|def|1\n|-unboost|p2a: Ode To Joy|spd|1\n|move|p1a: Kosher|Body Press|p2a: Ode To Joy\n|-damage|p2a: Ode To Joy|0 fnt\n|faint|p2a: Ode To Joy\n|-end|p2a: Ode To Joy|Protosynthesis|[silent]\n|\n|-heal|p1a: Kosher|54\/100|[from] item: Leftovers\n|upkeep\n|\n|t:|1699996614\n|switch|p2a: Zolo|Bisharp, M|100\/100\n|turn|10\n|\n|t:|1699996621\n|-terastallize|p2a: Zolo|Flying\n|move|p2a: Zolo|Swords Dance|p2a: Zolo\n|-boost|p2a: Zolo|atk|2\n|move|p1a: Kosher|Salt Cure|p2a: Zolo\n|-supereffective|p2a: Zolo\n|-damage|p2a: Zolo|81\/100\n|-start|p2a: Zolo|Salt Cure\n|\n|-heal|p1a: Kosher|60\/100|[from] item: Leftovers\n|-damage|p2a: Zolo|68\/100|[from] Salt Cure\n|upkeep\n|turn|11\n|\n|t:|1699996639\n|move|p2a: Zolo|Iron Head|p1a: Kosher\n|-supereffective|p1a: Kosher\n|-damage|p1a: Kosher|17\/100\n|move|p1a: Kosher|Recover|p1a: Kosher\n|-heal|p1a: Kosher|67\/100\n|\n|-heal|p1a: Kosher|73\/100|[from] item: Leftovers\n|-damage|p2a: Zolo|56\/100|[from] Salt Cure\n|upkeep\n|turn|12\n|\n|t:|1699996648\n|move|p2a: Zolo|Iron Head|p1a: Kosher\n|-supereffective|p1a: Kosher\n|-damage|p1a: Kosher|33\/100\n|move|p1a: Kosher|Iron Defense|p1a: Kosher\n|-boost|p1a: Kosher|def|2\n|\n|-heal|p1a: Kosher|39\/100|[from] item: Leftovers\n|-damage|p2a: Zolo|44\/100|[from] Salt Cure\n|upkeep\n|turn|13\n|\n|t:|1699996657\n|move|p2a: Zolo|Iron Head|p1a: Kosher\n|-supereffective|p1a: Kosher\n|-damage|p1a: Kosher|11\/100\n|move|p1a: Kosher|Recover|p1a: Kosher\n|-heal|p1a: Kosher|61\/100\n|\n|-heal|p1a: Kosher|67\/100|[from] item: Leftovers\n|-damage|p2a: Zolo|32\/100|[from] Salt Cure\n|upkeep\n|turn|14\n|\n|t:|1699996667\n|move|p2a: Zolo|Swords Dance|p2a: Zolo\n|-boost|p2a: Zolo|atk|2\n|move|p1a: Kosher|Recover|p1a: Kosher\n|-heal|p1a: Kosher|100\/100\n|\n|-damage|p2a: Zolo|19\/100|[from] Salt Cure\n|upkeep\n|turn|15\n|\n|t:|1699996676\n|move|p2a: Zolo|Iron Head|p1a: Kosher\n|-supereffective|p1a: Kosher\n|-damage|p1a: Kosher|57\/100\n|move|p1a: Kosher|Salt Cure|p2a: Zolo\n|-supereffective|p2a: Zolo\n|-damage|p2a: Zolo|1\/100\n|\n|-heal|p1a: Kosher|64\/100|[from] item: Leftovers\n|-damage|p2a: Zolo|0 fnt|[from] Salt Cure\n|faint|p2a: Zolo\n|upkeep\n|\n|t:|1699996682\n|switch|p2a: Sasakibe|Zapdos|100\/100\n|turn|16\n|\n|t:|1699996690\n|move|p2a: Sasakibe|Discharge|p1a: Kosher\n|-damage|p1a: Kosher|32\/100\n|move|p1a: Kosher|Salt Cure|p2a: Sasakibe\n|-supereffective|p2a: Sasakibe\n|-damage|p2a: Sasakibe|72\/100\n|-start|p2a: Sasakibe|Salt Cure\n|\n|-heal|p1a: Kosher|38\/100|[from] item: Leftovers\n|-damage|p2a: Sasakibe|60\/100|[from] Salt Cure\n|upkeep\n|turn|17\n|\n|t:|1699996709\n|-zpower|p2a: Sasakibe\n|move|p2a: Sasakibe|Supersonic Skystrike|p1a: Kosher|[zeffect]\n|-resisted|p1a: Kosher\n|-damage|p1a: Kosher|6\/100\n|move|p1a: Kosher|Recover|p1a: Kosher\n|-heal|p1a: Kosher|56\/100\n|\n|-heal|p1a: Kosher|62\/100|[from] item: Leftovers\n|-damage|p2a: Sasakibe|48\/100|[from] Salt Cure\n|upkeep\n|turn|18\n|\n|t:|1699996728\n|switch|p2a: Pina|Dragonite, F|100\/100\n|move|p1a: Kosher|Recover|p1a: Kosher\n|-heal|p1a: Kosher|100\/100\n|\n|upkeep\n|turn|19\n|\n|t:|1699996737\n|move|p2a: Pina|Curse|p2a: Pina\n|-unboost|p2a: Pina|spe|1\n|-boost|p2a: Pina|atk|1\n|-boost|p2a: Pina|def|1\n|move|p1a: Kosher|Salt Cure|p2a: Pina\n|-supereffective|p2a: Pina\n|-damage|p2a: Pina|92\/100\n|-start|p2a: Pina|Salt Cure\n|\n|-heal|p2a: Pina|98\/100|[from] item: Leftovers\n|-damage|p2a: Pina|85\/100|[from] Salt Cure\n|upkeep\n|turn|20\n|\n|t:|1699996763\n|move|p2a: Pina|Curse|p2a: Pina\n|-unboost|p2a: Pina|spe|1\n|-boost|p2a: Pina|atk|1\n|-boost|p2a: Pina|def|1\n|move|p1a: Kosher|Salt Cure|p2a: Pina\n|-supereffective|p2a: Pina\n|-damage|p2a: Pina|73\/100\n|\n|-heal|p2a: Pina|79\/100|[from] item: Leftovers\n|-damage|p2a: Pina|66\/100|[from] Salt Cure\n|upkeep\n|turn|21\n|\n|t:|1699996774\n|move|p1a: Kosher|Body Press|p2a: Pina\n|-resisted|p2a: Pina\n|-crit|p2a: Pina\n|-damage|p2a: Pina|4\/100\n|move|p2a: Pina|Curse|p2a: Pina\n|-unboost|p2a: Pina|spe|1\n|-boost|p2a: Pina|atk|1\n|-boost|p2a: Pina|def|1\n|\n|-heal|p2a: Pina|11\/100|[from] item: Leftovers\n|-damage|p2a: Pina|0 fnt|[from] Salt Cure\n|faint|p2a: Pina\n|upkeep\n|\n|t:|1699996780\n|switch|p2a: Sasakibe|Zapdos|48\/100\n|turn|22\n|\n|t:|1699996789\n|move|p2a: Sasakibe|Discharge|p1a: Kosher\n|-damage|p1a: Kosher|74\/100\n|move|p1a: Kosher|Salt Cure|p2a: Sasakibe\n|-supereffective|p2a: Sasakibe\n|-damage|p2a: Sasakibe|18\/100\n|-start|p2a: Sasakibe|Salt Cure\n|\n|-heal|p1a: Kosher|80\/100|[from] item: Leftovers\n|-damage|p2a: Sasakibe|6\/100|[from] Salt Cure\n|upkeep\n|turn|23\n|\n|t:|1699996800\n|move|p2a: Sasakibe|Discharge|p1a: Kosher\n|-damage|p1a: Kosher|50\/100\n|move|p1a: Kosher|Body Press|p2a: Sasakibe\n|-resisted|p2a: Sasakibe\n|-damage|p2a: Sasakibe|0 fnt\n|faint|p2a: Sasakibe\n|\n|-heal|p1a: Kosher|56\/100|[from] item: Leftovers\n|upkeep\n|\n|t:|1699996805\n|switch|p2a: Milotic?|Arcanine-Hisui, M|100\/100\n|turn|24\n|\n|t:|1699996814\n|move|p2a: Milotic?|Close Combat|p1a: Kosher\n|-supereffective|p1a: Kosher\n|-damage|p1a: Kosher|43\/100\n|-unboost|p2a: Milotic?|def|1\n|-unboost|p2a: Milotic?|spd|1\n|move|p1a: Kosher|Body Press|p2a: Milotic?\n|-supereffective|p2a: Milotic?\n|-damage|p2a: Milotic?|0 fnt\n|faint|p2a: Milotic?\n|\n|win|Nakuy\n|l|\u2606Abrar83\n|c|\u2606Nakuy|gg ez\n","uploadtime":1699996824,"views":4,"p1id":"nakuy","p2id":"abrar83","formatid":"gen9nationaldex","rating":0,"private":0,"password":""}