{"id":"gen9nationaldex-1995283238","p1":"PikaTheRat","p2":"KaneWritez","format":"[Gen 9] National Dex","log":"|html|<div class=\"broadcast-blue\"><strong>[Gen 9] National Dex is currently suspecting Sneasler! For information on how to participate check out the <a href=\"https:\/\/www.smogon.com\/forums\/threads\/sv-national-dex-suspect-8-just-dance.3731534\/\">suspect thread<\/a>.<\/strong><\/div>\n|j|\u2606PikaTheRat\n|j|\u2606KaneWritez\n|t:|1700546518\n|gametype|singles\n|player|p1|PikaTheRat|lucas|\n|player|p2|KaneWritez|ghetsis|\n|teamsize|p1|3\n|teamsize|p2|2\n|gen|9\n|tier|[Gen 9] National Dex\n|rule|HP Percentage Mod: HP is shown in percentages\n|rule|Endless Battle Clause: Forcing endless battles is banned\n|rule|OHKO Clause: OHKO moves are banned\n|rule|Evasion Clause: Evasion abilities, items, and moves are banned\n|rule|Evasion Abilities Clause: Evasion abilities are banned\n|rule|Evasion Items Clause: Evasion items are banned\n|rule|Evasion Moves Clause: Evasion moves are banned\n|rule|Species Clause: Limit one of each Pok\u00e9mon\n|rule|Sleep Clause Mod: Limit one foe put to sleep\n|clearpoke\n|poke|p1|Bagon, L20, M|\n|poke|p1|Rockruff, L21, M|\n|poke|p1|Lombre, L20, F|\n|poke|p2|Sunkern, L16, M|\n|poke|p2|Sunflora, L18, F|\n|teampreview\n|\n|t:|1700546568\n|start\n|switch|p1a: Rocky|Bagon, L20, M|100\/100\n|switch|p2a: Sunkern|Sunkern, L16, M|100\/100\n|turn|1\n|\n|t:|1700546580\n|move|p1a: Rocky|Ember|p2a: Sunkern\n|-supereffective|p2a: Sunkern\n|-damage|p2a: Sunkern|15\/100\n|move|p2a: Sunkern|Leech Seed|p1a: Rocky\n|-start|p1a: Rocky|move: Leech Seed\n|\n|-damage|p1a: Rocky|89\/100|[from] Leech Seed|[of] p2a: Sunkern\n|-heal|p2a: Sunkern|30\/100|[silent]\n|upkeep\n|turn|2\n|\n|t:|1700546589\n|move|p1a: Rocky|Ember|p2a: Sunkern\n|-supereffective|p2a: Sunkern\n|-damage|p2a: Sunkern|0 fnt\n|faint|p2a: Sunkern\n|\n|upkeep\n|\n|t:|1700546595\n|switch|p2a: Sunflora|Sunflora, L18, F|100\/100\n|turn|3\n|\n|t:|1700546599\n|move|p2a: Sunflora|Sunny Day|p2a: Sunflora\n|-weather|SunnyDay\n|move|p1a: Rocky|Ember|p2a: Sunflora\n|-supereffective|p2a: Sunflora\n|-damage|p2a: Sunflora|57\/100\n|\n|-weather|SunnyDay|[upkeep]\n|-damage|p1a: Rocky|78\/100|[from] Leech Seed|[of] p2a: Sunflora\n|-heal|p2a: Sunflora|67\/100|[silent]\n|upkeep\n|turn|4\n|\n|t:|1700546608\n|move|p2a: Sunflora|Solar Beam||[still]\n|-prepare|p2a: Sunflora|Solar Beam\n|-anim|p2a: Sunflora|Solar Beam|p1a: Rocky\n|-resisted|p1a: Rocky\n|-damage|p1a: Rocky|23\/100\n|move|p1a: Rocky|Ember|p2a: Sunflora\n|-supereffective|p2a: Sunflora\n|-damage|p2a: Sunflora|27\/100\n|-status|p2a: Sunflora|brn\n|\n|-weather|SunnyDay|[upkeep]\n|-damage|p1a: Rocky|12\/100|[from] Leech Seed|[of] p2a: Sunflora\n|-heal|p2a: Sunflora|37\/100 brn|[silent]\n|-damage|p2a: Sunflora|32\/100 brn|[from] brn\n|upkeep\n|turn|5\n|\n|t:|1700546622\n|move|p2a: Sunflora|Solar Beam||[still]\n|-prepare|p2a: Sunflora|Solar Beam\n|-anim|p2a: Sunflora|Solar Beam|p1a: Rocky\n|-resisted|p1a: Rocky\n|-damage|p1a: Rocky|0 fnt\n|faint|p1a: Rocky\n|\n|-weather|SunnyDay|[upkeep]\n|-damage|p2a: Sunflora|27\/100 brn|[from] brn\n|upkeep\n|\n|t:|1700546631\n|switch|p1a: Lucy|Lombre, L20, F|100\/100\n|turn|6\n|\n|t:|1700546635\n|move|p2a: Sunflora|Sunny Day||[still]\n|-fail|p2a: Sunflora\n|move|p1a: Lucy|Mega Drain|p2a: Sunflora\n|-resisted|p2a: Sunflora\n|-damage|p2a: Sunflora|15\/100 brn\n|\n|-weather|SunnyDay|[upkeep]\n|-damage|p2a: Sunflora|10\/100 brn|[from] brn\n|upkeep\n|turn|7\n|c|\u2606KaneWritez|it didnt refill my sun saysydy..\n|\n|t:|1700546654\n|move|p2a: Sunflora|Solar Beam||[still]\n|-prepare|p2a: Sunflora|Solar Beam\n|-anim|p2a: Sunflora|Solar Beam|p1a: Lucy\n|-damage|p1a: Lucy|10\/100\n|move|p1a: Lucy|Mega Drain|p2a: Sunflora\n|-resisted|p2a: Sunflora\n|-damage|p2a: Sunflora|0 fnt\n|-heal|p1a: Lucy|15\/100|[from] drain|[of] p2a: Sunflora\n|faint|p2a: Sunflora\n|\n|win|PikaTheRat\n","uploadtime":1700546669,"views":2,"p1id":"pikatherat","p2id":"kanewritez","formatid":"gen9nationaldex","rating":0,"private":0,"password":""}