{"id":"gen9nationaldex-1998005326","p1":"QIxhQI","p2":"ndou\u6389\u5206\u84dd\u67d0\u4fa0996","format":"[Gen 9] National Dex","log":"|html|<div class=\"broadcast-blue\"><strong>[Gen 9] National Dex is currently suspecting Sneasler! For information on how to participate check out the <a href=\"https:\/\/www.smogon.com\/forums\/threads\/sv-national-dex-suspect-8-just-dance.3731534\/\">suspect thread<\/a>.<\/strong><\/div>\n|j|\u2606QIxhQI\n|j|\u2606ndou\u6389\u5206\u84dd\u67d0\u4fa0996\n|t:|1700877968\n|gametype|singles\n|player|p1|QIxhQI|1|1625\n|player|p2|ndou\u6389\u5206\u84dd\u67d0\u4fa0996|hilbert|1611\n|teamsize|p1|6\n|teamsize|p2|6\n|gen|9\n|tier|[Gen 9] National Dex\n|rated|\n|rule|HP Percentage Mod: HP is shown in percentages\n|rule|Endless Battle Clause: Forcing endless battles is banned\n|rule|OHKO Clause: OHKO moves are banned\n|rule|Evasion Clause: Evasion abilities, items, and moves are banned\n|rule|Evasion Abilities Clause: Evasion abilities are banned\n|rule|Evasion Items Clause: Evasion items are banned\n|rule|Evasion Moves Clause: Evasion moves are banned\n|rule|Species Clause: Limit one of each Pok\u00e9mon\n|rule|Sleep Clause Mod: Limit one foe put to sleep\n|clearpoke\n|poke|p1|Ninetales-Alola, M|\n|poke|p1|Blaziken, M|\n|poke|p1|Gyarados, F|\n|poke|p1|Volcarona, F|\n|poke|p1|Celesteela|\n|poke|p1|Iron Treads|\n|poke|p2|Corsola-Galar, F|\n|poke|p2|Gliscor, M|\n|poke|p2|Skeledirge, F|\n|poke|p2|Chansey, F|\n|poke|p2|Venusaur, M|\n|poke|p2|Blacephalon|\n|teampreview\n|\n|t:|1700877978\n|start\n|switch|p1a: Iron Treads|Iron Treads|100\/100\n|switch|p2a: \u54e5\u8c2d\u5c0f\u4e11|Blacephalon|100\/100\n|turn|1\n|inactive|Battle timer is ON: inactive players will automatically lose when time's up. (requested by QIxhQI)\n|\n|t:|1700877996\n|move|p2a: \u54e5\u8c2d\u5c0f\u4e11|Fire Blast|p1a: Iron Treads\n|-supereffective|p1a: Iron Treads\n|-enditem|p1a: Iron Treads|Focus Sash\n|-damage|p1a: Iron Treads|1\/100\n|move|p1a: Iron Treads|Stealth Rock|p2a: \u54e5\u8c2d\u5c0f\u4e11\n|-sidestart|p2: ndou\u6389\u5206\u84dd\u67d0\u4fa0996|move: Stealth Rock\n|\n|upkeep\n|turn|2\n|\n|t:|1700878009\n|switch|p2a: \u4ebb\u5c14\u5973\u5b50|Gliscor, M|100\/100\n|-damage|p2a: \u4ebb\u5c14\u5973\u5b50|88\/100|[from] Stealth Rock\n|-end|p1a: Iron Treads|Quark Drive|[silent]\n|switch|p1a: Gyarados|Gyarados, F, shiny|100\/100\n|-ability|p1a: Gyarados|Intimidate|boost\n|-unboost|p2a: \u4ebb\u5c14\u5973\u5b50|atk|1\n|\n|-status|p2a: \u4ebb\u5c14\u5973\u5b50|tox|[from] item: Toxic Orb\n|upkeep\n|turn|3\n|\n|t:|1700878018\n|switch|p1a: Iron Treads|Iron Treads|1\/100\n|move|p2a: \u4ebb\u5c14\u5973\u5b50|Taunt|p1a: Iron Treads\n|-start|p1a: Iron Treads|move: Taunt\n|\n|-heal|p2a: \u4ebb\u5c14\u5973\u5b50|100\/100 tox|[from] ability: Poison Heal\n|upkeep\n|turn|4\n|\n|t:|1700878023\n|move|p1a: Iron Treads|Endeavor|p2a: \u4ebb\u5c14\u5973\u5b50\n|-damage|p2a: \u4ebb\u5c14\u5973\u5b50|1\/100 tox\n|move|p2a: \u4ebb\u5c14\u5973\u5b50|Defog|p1a: Iron Treads\n|-unboost|p1a: Iron Treads|evasion|1\n|-sideend|p2: ndou\u6389\u5206\u84dd\u67d0\u4fa0996|Stealth Rock|[from] move: Defog|[of] p2a: \u4ebb\u5c14\u5973\u5b50\n|\n|-heal|p2a: \u4ebb\u5c14\u5973\u5b50|13\/100 tox|[from] ability: Poison Heal\n|upkeep\n|turn|5\n|\n|t:|1700878029\n|move|p2a: \u4ebb\u5c14\u5973\u5b50|Protect|p2a: \u4ebb\u5c14\u5973\u5b50\n|-singleturn|p2a: \u4ebb\u5c14\u5973\u5b50|Protect\n|move|p1a: Iron Treads|Iron Head|p2a: \u4ebb\u5c14\u5973\u5b50\n|-activate|p2a: \u4ebb\u5c14\u5973\u5b50|move: Protect\n|\n|-heal|p2a: \u4ebb\u5c14\u5973\u5b50|26\/100 tox|[from] ability: Poison Heal\n|-end|p1a: Iron Treads|move: Taunt\n|upkeep\n|turn|6\n|\n|t:|1700878033\n|move|p1a: Iron Treads|Endeavor|p2a: \u4ebb\u5c14\u5973\u5b50\n|-damage|p2a: \u4ebb\u5c14\u5973\u5b50|1\/100 tox\n|move|p2a: \u4ebb\u5c14\u5973\u5b50|Earthquake|p1a: Iron Treads\n|-supereffective|p1a: Iron Treads\n|-damage|p1a: Iron Treads|0 fnt\n|faint|p1a: Iron Treads\n|-end|p1a: Iron Treads|Quark Drive|[silent]\n|\n|-heal|p2a: \u4ebb\u5c14\u5973\u5b50|13\/100 tox|[from] ability: Poison Heal\n|upkeep\n|\n|t:|1700878044\n|switch|p1a: Gyarados|Gyarados, F, shiny|100\/100\n|-ability|p1a: Gyarados|Intimidate|boost\n|-unboost|p2a: \u4ebb\u5c14\u5973\u5b50|atk|1\n|turn|7\n|\n|t:|1700878050\n|switch|p2a: \u6211\u5bc4\u4e86\u4f60\u4eec\u5f00\u5fc3\u4e86\u5427|Corsola-Galar, F, shiny|100\/100\n|move|p1a: Gyarados|Waterfall|p2a: \u6211\u5bc4\u4e86\u4f60\u4eec\u5f00\u5fc3\u4e86\u5427\n|-damage|p2a: \u6211\u5bc4\u4e86\u4f60\u4eec\u5f00\u5fc3\u4e86\u5427|80\/100\n|-start|p1a: Gyarados|Disable|Waterfall|[from] ability: Cursed Body|[of] p2a: \u6211\u5bc4\u4e86\u4f60\u4eec\u5f00\u5fc3\u4e86\u5427\n|\n|upkeep\n|turn|8\n|\n|t:|1700878059\n|switch|p1a: Ninetales|Ninetales-Alola, M|100\/100\n|-weather|Snow|[from] ability: Snow Warning|[of] p1a: Ninetales\n|move|p2a: \u6211\u5bc4\u4e86\u4f60\u4eec\u5f00\u5fc3\u4e86\u5427|Will-O-Wisp|p1a: Ninetales|[miss]\n|-miss|p2a: \u6211\u5bc4\u4e86\u4f60\u4eec\u5f00\u5fc3\u4e86\u5427|p1a: Ninetales\n|\n|-weather|Snow|[upkeep]\n|upkeep\n|turn|9\n|\n|t:|1700878068\n|switch|p2a: \u5c0f\u86cb|Chansey, F|100\/100\n|move|p1a: Ninetales|Freeze-Dry|p2a: \u5c0f\u86cb\n|-damage|p2a: \u5c0f\u86cb|95\/100\n|-status|p2a: \u5c0f\u86cb|frz\n|\n|-weather|Snow|[upkeep]\n|upkeep\n|turn|10\n|\n|t:|1700878081\n|-curestatus|p2a: \u5c0f\u86cb|frz|[from] ability: Natural Cure\n|switch|p2a: \u58ee\u58ee\u5988|Skeledirge, F|100\/100\n|move|p1a: Ninetales|Aurora Veil|p1a: Ninetales\n|-sidestart|p1: QIxhQI|move: Aurora Veil\n|\n|-weather|Snow|[upkeep]\n|upkeep\n|turn|11\n|\n|t:|1700878089\n|switch|p1a: Gyarados|Gyarados, F, shiny|100\/100\n|-ability|p1a: Gyarados|Intimidate|boost\n|-unboost|p2a: \u58ee\u58ee\u5988|atk|1\n|move|p2a: \u58ee\u58ee\u5988|Will-O-Wisp|p1a: Gyarados\n|-status|p1a: Gyarados|brn\n|\n|-weather|Snow|[upkeep]\n|-damage|p1a: Gyarados|94\/100 brn|[from] brn\n|upkeep\n|turn|12\n|\n|t:|1700878098\n|move|p1a: Gyarados|Dragon Dance|p1a: Gyarados\n|-boost|p1a: Gyarados|atk|1\n|-boost|p1a: Gyarados|spe|1\n|move|p2a: \u58ee\u58ee\u5988|Torch Song|p1a: Gyarados\n|-resisted|p1a: Gyarados\n|-damage|p1a: Gyarados|87\/100 brn\n|-boost|p2a: \u58ee\u58ee\u5988|spa|1\n|\n|-weather|none\n|-damage|p1a: Gyarados|81\/100 brn|[from] brn\n|upkeep\n|turn|13\n|\n|t:|1700878109\n|switch|p2a: \u6211\u5bc4\u4e86\u4f60\u4eec\u5f00\u5fc3\u4e86\u5427|Corsola-Galar, F, shiny|80\/100\n|move|p1a: Gyarados|Dragon Dance|p1a: Gyarados\n|-boost|p1a: Gyarados|atk|1\n|-boost|p1a: Gyarados|spe|1\n|\n|-damage|p1a: Gyarados|75\/100 brn|[from] brn\n|upkeep\n|turn|14\n|\n|t:|1700878114\n|detailschange|p1a: Gyarados|Gyarados-Mega, F, shiny\n|-mega|p1a: Gyarados|Gyarados|Gyaradosite\n|-ability|p1a: Gyarados|Mold Breaker\n|move|p1a: Gyarados|Crunch|p2a: \u6211\u5bc4\u4e86\u4f60\u4eec\u5f00\u5fc3\u4e86\u5427\n|-supereffective|p2a: \u6211\u5bc4\u4e86\u4f60\u4eec\u5f00\u5fc3\u4e86\u5427\n|-damage|p2a: \u6211\u5bc4\u4e86\u4f60\u4eec\u5f00\u5fc3\u4e86\u5427|30\/100\n|move|p2a: \u6211\u5bc4\u4e86\u4f60\u4eec\u5f00\u5fc3\u4e86\u5427|Strength Sap|p1a: Gyarados\n|-unboost|p1a: Gyarados|atk|1\n|-heal|p2a: \u6211\u5bc4\u4e86\u4f60\u4eec\u5f00\u5fc3\u4e86\u5427|100\/100\n|\n|-damage|p1a: Gyarados|69\/100 brn|[from] brn\n|upkeep\n|turn|15\n|\n|t:|1700878130\n|switch|p1a: Celesteela|Celesteela, shiny|100\/100\n|move|p2a: \u6211\u5bc4\u4e86\u4f60\u4eec\u5f00\u5fc3\u4e86\u5427|Night Shade|p1a: Celesteela\n|-damage|p1a: Celesteela|72\/100\n|\n|upkeep\n|turn|16\n|\n|t:|1700878136\n|switch|p2a: \u82b1\u82b1\u53ef\u7231|Venusaur, M|100\/100\n|move|p1a: Celesteela|Autotomize|p1a: Celesteela\n|-boost|p1a: Celesteela|spe|2\n|-start|p1a: Celesteela|Autotomize\n|\n|upkeep\n|turn|17\n|\n|t:|1700878139\n|switch|p2a: \u5c0f\u86cb|Chansey, F|95\/100\n|move|p1a: Celesteela|Air Slash|p2a: \u5c0f\u86cb\n|-damage|p2a: \u5c0f\u86cb|84\/100\n|\n|-sideend|p1: QIxhQI|move: Aurora Veil\n|upkeep\n|turn|18\n|\n|t:|1700878147\n|switch|p1a: Blaziken|Blaziken, M, shiny|100\/100\n|switch|p2a: \u82b1\u82b1\u53ef\u7231|Venusaur, M|100\/100\n|\n|upkeep\n|turn|19\n|\n|t:|1700878164\n|detailschange|p2a: \u82b1\u82b1\u53ef\u7231|Venusaur-Mega, M\n|-mega|p2a: \u82b1\u82b1\u53ef\u7231|Venusaur|Venusaurite\n|move|p1a: Blaziken|Flare Blitz|p2a: \u82b1\u82b1\u53ef\u7231\n|-supereffective|p2a: \u82b1\u82b1\u53ef\u7231\n|-damage|p2a: \u82b1\u82b1\u53ef\u7231|54\/100\n|-damage|p1a: Blaziken|82\/100|[from] Recoil\n|move|p2a: \u82b1\u82b1\u53ef\u7231|Earth Power|p1a: Blaziken\n|-supereffective|p1a: Blaziken\n|-damage|p1a: Blaziken|4\/100\n|\n|-ability|p1a: Blaziken|Speed Boost|boost\n|-boost|p1a: Blaziken|spe|1\n|upkeep\n|turn|20\n|\n|t:|1700878173\n|switch|p2a: \u4ebb\u5c14\u5973\u5b50|Gliscor, M|13\/100 tox\n|-zpower|p1a: Blaziken\n|move|p1a: Blaziken|Inferno Overdrive|p2a: \u4ebb\u5c14\u5973\u5b50|[zeffect]\n|-damage|p2a: \u4ebb\u5c14\u5973\u5b50|0 fnt\n|faint|p2a: \u4ebb\u5c14\u5973\u5b50\n|\n|-ability|p1a: Blaziken|Speed Boost|boost\n|-boost|p1a: Blaziken|spe|1\n|upkeep\n|\n|t:|1700878181\n|switch|p2a: \u6211\u5bc4\u4e86\u4f60\u4eec\u5f00\u5fc3\u4e86\u5427|Corsola-Galar, F, shiny|100\/100\n|turn|21\n|\n|t:|1700878193\n|switch|p1a: Volcarona|Volcarona, F|100\/100\n|move|p2a: \u6211\u5bc4\u4e86\u4f60\u4eec\u5f00\u5fc3\u4e86\u5427|Strength Sap|p1a: Volcarona\n|-unboost|p1a: Volcarona|atk|1\n|\n|upkeep\n|turn|22\n|\n|t:|1700878204\n|switch|p2a: \u58ee\u58ee\u5988|Skeledirge, F|100\/100\n|move|p1a: Volcarona|Quiver Dance|p1a: Volcarona\n|-boost|p1a: Volcarona|spa|1\n|-boost|p1a: Volcarona|spd|1\n|-boost|p1a: Volcarona|spe|1\n|\n|upkeep\n|turn|23\n|\n|t:|1700878217\n|move|p1a: Volcarona|Flamethrower|p2a: \u58ee\u58ee\u5988\n|-resisted|p2a: \u58ee\u58ee\u5988\n|-damage|p2a: \u58ee\u58ee\u5988|73\/100\n|move|p2a: \u58ee\u58ee\u5988|Torch Song|p1a: Volcarona\n|-damage|p1a: Volcarona|71\/100\n|-boost|p2a: \u58ee\u58ee\u5988|spa|1\n|\n|-heal|p2a: \u58ee\u58ee\u5988|79\/100|[from] item: Leftovers\n|upkeep\n|turn|24\n|\n|t:|1700878227\n|switch|p1a: Gyarados|Gyarados-Mega, F, shiny|69\/100 brn\n|-ability|p1a: Gyarados|Mold Breaker\n|move|p2a: \u58ee\u58ee\u5988|Torch Song|p1a: Gyarados\n|-resisted|p1a: Gyarados\n|-damage|p1a: Gyarados|51\/100 brn\n|-boost|p2a: \u58ee\u58ee\u5988|spa|1\n|\n|-heal|p2a: \u58ee\u58ee\u5988|85\/100|[from] item: Leftovers\n|-damage|p1a: Gyarados|45\/100 brn|[from] brn\n|upkeep\n|turn|25\n|\n|t:|1700878231\n|switch|p2a: \u82b1\u82b1\u53ef\u7231|Venusaur-Mega, M|54\/100\n|move|p1a: Gyarados|Crunch|p2a: \u82b1\u82b1\u53ef\u7231\n|-damage|p2a: \u82b1\u82b1\u53ef\u7231|37\/100\n|\n|-damage|p1a: Gyarados|39\/100 brn|[from] brn\n|upkeep\n|turn|26\n|\n|t:|1700878238\n|switch|p1a: Celesteela|Celesteela, shiny|72\/100\n|move|p2a: \u82b1\u82b1\u53ef\u7231|Synthesis|p2a: \u82b1\u82b1\u53ef\u7231\n|-heal|p2a: \u82b1\u82b1\u53ef\u7231|87\/100\n|\n|upkeep\n|turn|27\n|\n|t:|1700878241\n|switch|p2a: \u5c0f\u86cb|Chansey, F|84\/100\n|move|p1a: Celesteela|Air Slash|p2a: \u5c0f\u86cb\n|-damage|p2a: \u5c0f\u86cb|73\/100\n|\n|upkeep\n|turn|28\n|\n|t:|1700878248\n|switch|p1a: Gyarados|Gyarados-Mega, F, shiny|39\/100 brn\n|-ability|p1a: Gyarados|Mold Breaker\n|move|p2a: \u5c0f\u86cb|Seismic Toss|p1a: Gyarados\n|-damage|p1a: Gyarados|8\/100 brn\n|\n|-damage|p1a: Gyarados|2\/100 brn|[from] brn\n|upkeep\n|turn|29\n|\n|t:|1700878257\n|switch|p2a: \u6211\u5bc4\u4e86\u4f60\u4eec\u5f00\u5fc3\u4e86\u5427|Corsola-Galar, F, shiny|100\/100\n|move|p1a: Gyarados|Waterfall|p2a: \u6211\u5bc4\u4e86\u4f60\u4eec\u5f00\u5fc3\u4e86\u5427\n|-damage|p2a: \u6211\u5bc4\u4e86\u4f60\u4eec\u5f00\u5fc3\u4e86\u5427|88\/100\n|\n|-damage|p1a: Gyarados|0 fnt|[from] brn\n|faint|p1a: Gyarados\n|upkeep\n|-message|QIxhQI forfeited.\n|\n|win|ndou\u6389\u5206\u84dd\u67d0\u4fa0996\n|raw|QIxhQI's rating: 1625 &rarr; <strong>1604<\/strong><br \/>(-21 for losing)\n|raw|ndou\u6389\u5206\u84dd\u67d0\u4fa0996's rating: 1611 &rarr; <strong>1632<\/strong><br \/>(+21 for winning)\n|l|\u2606QIxhQI\n","uploadtime":1700878291,"views":1,"p1id":"qixhqi","p2id":"ndou996","formatid":"gen9nationaldex","rating":1604,"private":0,"password":""}