{"id":"gen9nationaldex-1997793360","p1":"ChampionKal","p2":"Inky_vortex","format":"[Gen 9] National Dex","log":"|html|<div class=\"broadcast-blue\"><strong>[Gen 9] National Dex is currently suspecting Sneasler! For information on how to participate check out the <a href=\"https:\/\/www.smogon.com\/forums\/threads\/sv-national-dex-suspect-8-just-dance.3731534\/\">suspect thread<\/a>.<\/strong><\/div>\n|j|\u2606ChampionKal\n|j|\u2606Inky_vortex\n|t:|1700853308\n|gametype|singles\n|player|p1|ChampionKal|bea|\n|player|p2|Inky_vortex|red|\n|teamsize|p1|6\n|teamsize|p2|6\n|gen|9\n|tier|[Gen 9] National Dex\n|rule|HP Percentage Mod: HP is shown in percentages\n|rule|Endless Battle Clause: Forcing endless battles is banned\n|rule|OHKO Clause: OHKO moves are banned\n|rule|Evasion Clause: Evasion abilities, items, and moves are banned\n|rule|Evasion Abilities Clause: Evasion abilities are banned\n|rule|Evasion Items Clause: Evasion items are banned\n|rule|Evasion Moves Clause: Evasion moves are banned\n|rule|Species Clause: Limit one of each Pok\u00e9mon\n|rule|Sleep Clause Mod: Limit one foe put to sleep\n|clearpoke\n|poke|p1|Sneasler, M|\n|poke|p1|Tapu Lele|\n|poke|p1|Klefki, M|\n|poke|p1|Volcarona, M|\n|poke|p1|Rillaboom, M|\n|poke|p1|Rotom-Wash|\n|poke|p2|Staraptor, F|\n|poke|p2|Porygon-Z|\n|poke|p2|Zoroark-Hisui, F|\n|poke|p2|Maushold-Four|\n|poke|p2|Linoone, M|\n|poke|p2|Ditto|\n|teampreview\n|c|\u2606ChampionKal|glhf\n|j| real kyao\n|j| DutchyGold\n|c|\u2606ChampionKal|what bro\n|\n|t:|1700853340\n|start\n|switch|p1a: Tapu Lele|Tapu Lele|100\/100\n|switch|p2a: Ditto|Ditto|100\/100\n|-fieldstart|move: Psychic Terrain|[from] ability: Psychic Surge|[of] p1a: Tapu Lele\n|-transform|p2a: Ditto|p1a: Tapu Lele|[from] ability: Imposter\n|turn|1\n|c|\u2606ChampionKal|i enjoy a little bit of tomfoolery here and there\n|\n|t:|1700853352\n|move|p2a: Ditto|Shadow Ball|p1a: Tapu Lele\n|-supereffective|p1a: Tapu Lele\n|-damage|p1a: Tapu Lele|39\/100\n|move|p1a: Tapu Lele|Calm Mind|p1a: Tapu Lele\n|-boost|p1a: Tapu Lele|spa|1\n|-boost|p1a: Tapu Lele|spd|1\n|\n|upkeep\n|turn|2\n|\n|t:|1700853363\n|switch|p1a: Volcarona|Volcarona, M|100\/100\n|move|p2a: Ditto|Shadow Ball|p1a: Volcarona\n|-damage|p1a: Volcarona|70\/100\n|-unboost|p1a: Volcarona|spd|1\n|\n|upkeep\n|turn|3\n|c|\u2606ChampionKal|fml\n|\n|t:|1700853378\n|switch|p2a: Staraptor|Staraptor, F|100\/100\n|switch|p1a: Rotom|Rotom-Wash|100\/100\n|\n|upkeep\n|turn|4\n|\n|t:|1700853401\n|move|p2a: Staraptor|Hyper Voice|p1a: Rotom\n|-damage|p1a: Rotom|35\/100\n|move|p1a: Rotom|Will-O-Wisp|p2a: Staraptor\n|-status|p2a: Staraptor|brn\n|\n|-heal|p1a: Rotom|42\/100|[from] item: Leftovers\n|-damage|p2a: Staraptor|95\/100 brn|[from] brn\n|upkeep\n|turn|5\n|\n|t:|1700853407\n|move|p2a: Staraptor|Hyper Voice|p1a: Rotom\n|-damage|p1a: Rotom|0 fnt\n|faint|p1a: Rotom\n|\n|-damage|p2a: Staraptor|89\/100 brn|[from] brn\n|-fieldend|move: Psychic Terrain\n|upkeep\n|\n|t:|1700853410\n|switch|p1a: Tapu Lele|Tapu Lele|39\/100\n|-fieldstart|move: Psychic Terrain|[from] ability: Psychic Surge|[of] p1a: Tapu Lele\n|turn|6\n|\n|t:|1700853416\n|move|p1a: Tapu Lele|Moonblast|p2a: Staraptor\n|-damage|p2a: Staraptor|0 fnt\n|replace|p2a: Zoroark|Zoroark-Hisui, F\n|-end|p2a: Zoroark|Illusion\n|faint|p2a: Zoroark\n|\n|upkeep\n|\n|t:|1700853423\n|switch|p2a: Ditto|Ditto|100\/100\n|-transform|p2a: Ditto|p1a: Tapu Lele|[from] ability: Imposter\n|turn|7\n|\n|t:|1700853427\n|move|p2a: Ditto|Shadow Ball|p1a: Tapu Lele\n|-supereffective|p1a: Tapu Lele\n|-damage|p1a: Tapu Lele|0 fnt\n|faint|p1a: Tapu Lele\n|\n|upkeep\n|\n|t:|1700853434\n|switch|p1a: Sneasler|Sneasler, M|100\/100\n|-enditem|p1a: Sneasler|Psychic Seed\n|-boost|p1a: Sneasler|spd|1|[from] item: Psychic Seed\n|turn|8\n|\n|t:|1700853442\n|switch|p2a: Maushold|Maushold-Four|100\/100\n|move|p1a: Sneasler|Dire Claw|p2a: Maushold\n|-damage|p2a: Maushold|27\/100\n|-status|p2a: Maushold|slp\n|\n|upkeep\n|turn|9\n|\n|t:|1700853446\n|move|p1a: Sneasler|Swords Dance|p1a: Sneasler\n|-boost|p1a: Sneasler|atk|2\n|cant|p2a: Maushold|slp\n|\n|upkeep\n|turn|10\n|c|\u2606ChampionKal|gg\n|c|\u2606ChampionKal|jkjk\n|\n|t:|1700853458\n|move|p1a: Sneasler|Dire Claw|p2a: Maushold\n|-damage|p2a: Maushold|0 fnt\n|faint|p2a: Maushold\n|\n|-fieldend|move: Psychic Terrain\n|upkeep\n|c|\u2606ChampionKal|here comes the ditto\n|\n|t:|1700853466\n|switch|p2a: Ditto|Ditto|100\/100\n|-transform|p2a: Ditto|p1a: Sneasler|[from] ability: Imposter\n|turn|11\n|\n|t:|1700853476\n|move|p1a: Sneasler|Close Combat|p2a: Ditto\n|-resisted|p2a: Ditto\n|-damage|p2a: Ditto|0 fnt\n|-unboost|p1a: Sneasler|def|1\n|-unboost|p1a: Sneasler|spd|1\n|faint|p2a: Ditto\n|\n|upkeep\n|c|\u2606ChampionKal|ion even need no acro\n|\n|t:|1700853486\n|switch|p2a: Staraptor|Staraptor, F|100\/100\n|turn|12\n|\n|t:|1700853491\n|move|p1a: Sneasler|Dire Claw|p2a: Staraptor\n|-damage|p2a: Staraptor|0 fnt\n|faint|p2a: Staraptor\n|\n|upkeep\n|\n|t:|1700853497\n|switch|p2a: Linoone|Linoone, M|100\/100\n|turn|13\n|c|\u2606ChampionKal|i tank this ong\n|\n|t:|1700853511\n|move|p2a: Linoone|Extreme Speed|p1a: Sneasler\n|-damage|p1a: Sneasler|24\/100\n|move|p1a: Sneasler|Dire Claw|p2a: Linoone\n|-damage|p2a: Linoone|0 fnt\n|faint|p2a: Linoone\n|\n|upkeep\n|\n|t:|1700853516\n|switch|p2a: Porygon-Z|Porygon-Z|100\/100\n|turn|14\n|\n|t:|1700853519\n|move|p1a: Sneasler|Dire Claw|p2a: Porygon-Z\n|-damage|p2a: Porygon-Z|0 fnt\n|faint|p2a: Porygon-Z\n|\n|win|ChampionKal\n|c|\u2606ChampionKal|geegee\n|l|\u2606Inky_vortex\n","uploadtime":1700853525,"views":2,"p1id":"championkal","p2id":"inkyvortex","formatid":"gen9nationaldex","rating":0,"private":0,"password":""}