{"id":"gen9nationaldex-1991415039","p1":"dttd","p2":"Nashrock","format":"[Gen 9] National Dex","log":"|j|\u2606dttd\n|j|\u2606Nashrock\n|inactive|Battle timer is ON: inactive players will automatically lose when time's up.\n|t:|1700075165\n|gametype|singles\n|player|p1|dttd|102|\n|player|p2|Nashrock|pokemaniac|\n|teamsize|p1|6\n|teamsize|p2|6\n|gen|9\n|tier|[Gen 9] National Dex\n|rated|Tournament battle\n|rule|HP Percentage Mod: HP is shown in percentages\n|rule|Endless Battle Clause: Forcing endless battles is banned\n|rule|OHKO Clause: OHKO moves are banned\n|rule|Evasion Clause: Evasion abilities, items, and moves are banned\n|rule|Evasion Abilities Clause: Evasion abilities are banned\n|rule|Evasion Items Clause: Evasion items are banned\n|rule|Evasion Moves Clause: Evasion moves are banned\n|rule|Species Clause: Limit one of each Pok\u00e9mon\n|rule|Sleep Clause Mod: Limit one foe put to sleep\n|clearpoke\n|poke|p1|Ninetales-Alola, F|\n|poke|p1|Haxorus, M|\n|poke|p1|Ceruledge, F|\n|poke|p1|Enamorus, F|\n|poke|p1|Gyarados, M|\n|poke|p1|Forretress, M|\n|poke|p2|Zamazenta-*|\n|poke|p2|Swampert, M|\n|poke|p2|Pelipper, F|\n|poke|p2|Glimmora, M|\n|poke|p2|Basculegion-F, F|\n|poke|p2|Urshifu-*, M|\n|teampreview\n|inactive|Nashrock also wants the timer to be on.\n|j| ibleachyourskin\n|\n|t:|1700075174\n|start\n|switch|p1a: Forretress|Forretress, M|100\/100\n|switch|p2a: Pelipper|Pelipper, F|100\/100\n|-weather|RainDance|[from] ability: Drizzle|[of] p2a: Pelipper\n|turn|1\n|\n|t:|1700075182\n|move|p2a: Pelipper|U-turn|p1a: Forretress\n|-resisted|p1a: Forretress\n|-damage|p1a: Forretress|98\/100\n|\n|t:|1700075186\n|switch|p2a: Basculegion|Basculegion-F, F|100\/100|[from] U-turn\n|move|p1a: Forretress|Stealth Rock|p2a: Basculegion\n|-sidestart|p2: Nashrock|move: Stealth Rock\n|\n|-weather|RainDance|[upkeep]\n|-heal|p1a: Forretress|100\/100|[from] item: Leftovers\n|upkeep\n|turn|2\n|\n|t:|1700075190\n|move|p2a: Basculegion|Surf|p1a: Forretress\n|-ability|p1a: Forretress|Sturdy\n|-damage|p1a: Forretress|1\/100\n|move|p1a: Forretress|Volt Switch|p2a: Basculegion\n|-supereffective|p2a: Basculegion\n|-damage|p2a: Basculegion|76\/100\n|\n|t:|1700075195\n|switch|p1a: Ninetales|Ninetales-Alola, F|100\/100|[from] Volt Switch\n|-weather|Snow|[from] ability: Snow Warning|[of] p1a: Ninetales\n|\n|-weather|Snow|[upkeep]\n|upkeep\n|turn|3\n|\n|t:|1700075201\n|switch|p2a: Pelipper|Pelipper, F|100\/100\n|-damage|p2a: Pelipper|76\/100|[from] Stealth Rock\n|-weather|RainDance|[from] ability: Drizzle|[of] p2a: Pelipper\n|move|p1a: Ninetales|Aurora Veil||[still]\n|-fail|p1a: Ninetales\n|\n|-weather|RainDance|[upkeep]\n|upkeep\n|turn|4\n|\n|t:|1700075204\n|switch|p2a: Glimmora|Glimmora, M|100\/100\n|-damage|p2a: Glimmora|88\/100|[from] Stealth Rock\n|move|p1a: Ninetales|Hail|p1a: Ninetales\n|-weather|Hail\n|\n|-weather|Hail|[upkeep]\n|-damage|p2a: Glimmora|82\/100|[from] Hail\n|upkeep\n|turn|5\n|\n|t:|1700075210\n|move|p1a: Ninetales|Aurora Veil|p1a: Ninetales\n|-sidestart|p1: dttd|move: Aurora Veil\n|move|p2a: Glimmora|Stealth Rock|p1a: Ninetales\n|-sidestart|p1: dttd|move: Stealth Rock\n|\n|-weather|Hail|[upkeep]\n|-damage|p2a: Glimmora|76\/100|[from] Hail\n|upkeep\n|turn|6\n|\n|t:|1700075217\n|switch|p1a: Forretress|Forretress, M|1\/100\n|-damage|p1a: Forretress|0 fnt|[from] Stealth Rock\n|faint|p1a: Forretress\n|move|p2a: Glimmora|Mortal Spin|p1: Forretress|[notarget]\n|-fail|p2a: Glimmora\n|\n|-weather|Hail|[upkeep]\n|-damage|p2a: Glimmora|70\/100|[from] Hail\n|upkeep\n|\n|t:|1700075221\n|switch|p1a: Haxorus|Haxorus, M|100\/100\n|-damage|p1a: Haxorus|88\/100|[from] Stealth Rock\n|-ability|p1a: Haxorus|Mold Breaker\n|turn|7\n|\n|t:|1700075225\n|move|p1a: Haxorus|Swords Dance|p1a: Haxorus\n|-boost|p1a: Haxorus|atk|2\n|move|p2a: Glimmora|Mortal Spin|p1a: Haxorus\n|-damage|p1a: Haxorus|84\/100\n|-status|p1a: Haxorus|psn\n|-sideend|p2: Nashrock|Stealth Rock|[from] move: Mortal Spin|[of] p2a: Glimmora\n|\n|-weather|Hail|[upkeep]\n|-damage|p1a: Haxorus|78\/100 psn|[from] Hail\n|-damage|p2a: Glimmora|63\/100|[from] Hail\n|-damage|p1a: Haxorus|66\/100 psn|[from] psn\n|upkeep\n|turn|8\n|\n|t:|1700075240\n|move|p1a: Haxorus|Scale Shot|p2a: Glimmora\n|-damage|p2a: Glimmora|26\/100\n|-activate|p2a: Glimmora|ability: Toxic Debris\n|-sidestart|p1: dttd|move: Toxic Spikes\n|-damage|p2a: Glimmora|0 fnt\n|-activate|p2a: Glimmora|ability: Toxic Debris\n|-sidestart|p1: dttd|move: Toxic Spikes\n|faint|p2a: Glimmora\n|-hitcount|p2: Glimmora|2\n|-unboost|p1a: Haxorus|def|1\n|-boost|p1a: Haxorus|spe|1\n|\n|-weather|none\n|-damage|p1a: Haxorus|54\/100 psn|[from] psn\n|upkeep\n|\n|t:|1700075251\n|switch|p2a: Zamazenta|Zamazenta|100\/100\n|-ability|p2a: Zamazenta|Dauntless Shield|boost\n|-boost|p2a: Zamazenta|def|1\n|turn|9\n|\n|t:|1700075256\n|move|p1a: Haxorus|Scale Shot|p2a: Zamazenta\n|-damage|p2a: Zamazenta|89\/100\n|-damage|p2a: Zamazenta|76\/100\n|-damage|p2a: Zamazenta|63\/100\n|-damage|p2a: Zamazenta|51\/100\n|-hitcount|p2a: Zamazenta|4\n|-unboost|p1a: Haxorus|def|1\n|-boost|p1a: Haxorus|spe|1\n|move|p2a: Zamazenta|Body Press|p1a: Haxorus\n|-damage|p1a: Haxorus|0 fnt\n|faint|p1a: Haxorus\n|\n|-heal|p2a: Zamazenta|57\/100|[from] item: Leftovers\n|upkeep\n|\n|t:|1700075261\n|switch|p1a: Ceruledge|Ceruledge, F|100\/100\n|-damage|p1a: Ceruledge|76\/100|[from] Stealth Rock\n|-status|p1a: Ceruledge|tox\n|turn|10\n|\n|t:|1700075265\n|move|p2a: Zamazenta|Crunch|p1a: Ceruledge\n|-supereffective|p1a: Ceruledge\n|-damage|p1a: Ceruledge|48\/100 tox\n|-ability|p1a: Ceruledge|Weak Armor|boost\n|-unboost|p1a: Ceruledge|def|1\n|-boost|p1a: Ceruledge|spe|2\n|move|p1a: Ceruledge|Swords Dance|p1a: Ceruledge\n|-boost|p1a: Ceruledge|atk|2\n|\n|-heal|p2a: Zamazenta|63\/100|[from] item: Leftovers\n|-damage|p1a: Ceruledge|42\/100 tox|[from] psn\n|upkeep\n|turn|11\n|\n|t:|1700075270\n|-zpower|p1a: Ceruledge\n|move|p1a: Ceruledge|Never-Ending Nightmare|p2a: Zamazenta|[zeffect]\n|-damage|p2a: Zamazenta|0 fnt\n|faint|p2a: Zamazenta\n|\n|-damage|p1a: Ceruledge|29\/100 tox|[from] psn\n|upkeep\n|\n|t:|1700075274\n|switch|p2a: Urshifu|Urshifu-Rapid-Strike, M|100\/100\n|turn|12\n|\n|t:|1700075279\n|switch|p1a: Enamorus|Enamorus, F|100\/100\n|-damage|p1a: Enamorus|75\/100|[from] Stealth Rock\n|move|p2a: Urshifu|Aqua Jet|p1a: Enamorus\n|-damage|p1a: Enamorus|51\/100\n|-start|p2a: Urshifu|Attract|[from] ability: Cute Charm|[of] p1a: Enamorus\n|\n|-sideend|p1: dttd|move: Aurora Veil\n|upkeep\n|turn|13\n|\n|t:|1700075286\n|switch|p1a: Ceruledge|Ceruledge, F|29\/100 tox\n|-end|p2a: Urshifu|Attract|[silent]\n|-damage|p1a: Ceruledge|5\/100 tox|[from] Stealth Rock\n|-terastallize|p2a: Urshifu|Water\n|move|p2a: Urshifu|Aqua Jet|p1a: Ceruledge\n|-supereffective|p1a: Ceruledge\n|-damage|p1a: Ceruledge|0 fnt\n|faint|p1a: Ceruledge\n|\n|upkeep\n|\n|t:|1700075288\n|switch|p1a: Ninetales|Ninetales-Alola, F|100\/100\n|-damage|p1a: Ninetales|76\/100|[from] Stealth Rock\n|-status|p1a: Ninetales|tox\n|-weather|Snow|[from] ability: Snow Warning|[of] p1a: Ninetales\n|turn|14\n|\n|t:|1700075290\n|switch|p2a: Pelipper|Pelipper, F|76\/100\n|-weather|RainDance|[from] ability: Drizzle|[of] p2a: Pelipper\n|move|p1a: Ninetales|Aurora Veil||[still]\n|-fail|p1a: Ninetales\n|\n|-weather|RainDance|[upkeep]\n|-damage|p1a: Ninetales|70\/100 tox|[from] psn\n|upkeep\n|turn|15\n|\n|t:|1700075292\n|move|p1a: Ninetales|Hail|p1a: Ninetales\n|-weather|Hail\n|move|p2a: Pelipper|U-turn|p1a: Ninetales\n|-resisted|p1a: Ninetales\n|-damage|p1a: Ninetales|64\/100 tox\n|\n|t:|1700075297\n|switch|p2a: Basculegion|Basculegion-F, F|76\/100|[from] U-turn\n|\n|-weather|Hail|[upkeep]\n|-damage|p2a: Basculegion|70\/100|[from] Hail\n|-damage|p1a: Ninetales|52\/100 tox|[from] psn\n|upkeep\n|turn|16\n|\n|t:|1700075300\n|switch|p2a: Pelipper|Pelipper, F|76\/100\n|-weather|RainDance|[from] ability: Drizzle|[of] p2a: Pelipper\n|move|p1a: Ninetales|Aurora Veil||[still]\n|-fail|p1a: Ninetales\n|\n|-weather|RainDance|[upkeep]\n|-damage|p1a: Ninetales|34\/100 tox|[from] psn\n|upkeep\n|turn|17\n|\n|t:|1700075304\n|move|p1a: Ninetales|Hail|p1a: Ninetales\n|-weather|Hail\n|move|p2a: Pelipper|Hurricane|p1a: Ninetales|[miss]\n|-miss|p2a: Pelipper|p1a: Ninetales\n|\n|-weather|Hail|[upkeep]\n|-damage|p2a: Pelipper|70\/100|[from] Hail\n|-damage|p1a: Ninetales|10\/100 tox|[from] psn\n|upkeep\n|turn|18\n|\n|t:|1700075309\n|move|p1a: Ninetales|Aurora Veil|p1a: Ninetales\n|-sidestart|p1: dttd|move: Aurora Veil\n|move|p2a: Pelipper|Defog|p1a: Ninetales\n|-unboost|p1a: Ninetales|evasion|1\n|-sideend|p1: dttd|move: Aurora Veil\n|-sideend|p1: dttd|Toxic Spikes|[from] move: Defog|[of] p2a: Pelipper\n|-sideend|p1: dttd|Stealth Rock|[from] move: Defog|[of] p2a: Pelipper\n|\n|-weather|Hail|[upkeep]\n|-damage|p2a: Pelipper|63\/100|[from] Hail\n|-damage|p1a: Ninetales|0 fnt|[from] psn\n|faint|p1a: Ninetales\n|upkeep\n|\n|t:|1700075313\n|switch|p1a: Gyarados|Gyarados, M|100\/100\n|-ability|p1a: Gyarados|Intimidate|boost\n|-unboost|p2a: Pelipper|atk|1\n|turn|19\n|j| leona misa\n|\n|t:|1700075319\n|switch|p2a: Urshifu|Urshifu-Rapid-Strike, M, tera:Water|100\/100\n|move|p1a: Gyarados|Substitute|p1a: Gyarados\n|-start|p1a: Gyarados|Substitute\n|-damage|p1a: Gyarados|76\/100\n|\n|-weather|Hail|[upkeep]\n|-damage|p2a: Urshifu|94\/100|[from] Hail\n|-damage|p1a: Gyarados|69\/100|[from] Hail\n|upkeep\n|turn|20\n|\n|t:|1700075324\n|move|p2a: Urshifu|Surging Strikes|p1a: Gyarados\n|-resisted|p1a: Gyarados\n|-crit|p1a: Gyarados\n|-activate|p1a: Gyarados|move: Substitute|[damage]\n|-resisted|p1a: Gyarados\n|-crit|p1a: Gyarados\n|-end|p1a: Gyarados|Substitute\n|-resisted|p1a: Gyarados\n|-crit|p1a: Gyarados\n|-damage|p1a: Gyarados|44\/100\n|-hitcount|p1a: Gyarados|3\n|move|p1a: Gyarados|Dragon Dance|p1a: Gyarados\n|-boost|p1a: Gyarados|atk|1\n|-boost|p1a: Gyarados|spe|1\n|\n|-weather|Hail|[upkeep]\n|-damage|p1a: Gyarados|38\/100|[from] Hail\n|-damage|p2a: Urshifu|88\/100|[from] Hail\n|upkeep\n|turn|21\n|\n|t:|1700075337\n|detailschange|p1a: Gyarados|Gyarados-Mega, M\n|-mega|p1a: Gyarados|Gyarados|Gyaradosite\n|-ability|p1a: Gyarados|Mold Breaker\n|move|p1a: Gyarados|Dragon Dance|p1a: Gyarados\n|-boost|p1a: Gyarados|atk|1\n|-boost|p1a: Gyarados|spe|1\n|move|p2a: Urshifu|Surging Strikes|p1a: Gyarados\n|-resisted|p1a: Gyarados\n|-crit|p1a: Gyarados\n|-damage|p1a: Gyarados|20\/100\n|-resisted|p1a: Gyarados\n|-crit|p1a: Gyarados\n|-damage|p1a: Gyarados|0 fnt\n|faint|p1a: Gyarados\n|-hitcount|p1: Gyarados|2\n|\n|-weather|none\n|upkeep\n|\n|t:|1700075342\n|switch|p1a: Enamorus|Enamorus, F|51\/100\n|turn|22\n|\n|t:|1700075344\n|switch|p2a: Pelipper|Pelipper, F|63\/100\n|-weather|RainDance|[from] ability: Drizzle|[of] p2a: Pelipper\n|move|p1a: Enamorus|Moonblast|p2a: Pelipper\n|-damage|p2a: Pelipper|0 fnt\n|faint|p2a: Pelipper\n|\n|-weather|RainDance|[upkeep]\n|upkeep\n|\n|t:|1700075346\n|switch|p2a: Basculegion|Basculegion-F, F|70\/100\n|turn|23\n|\n|t:|1700075349\n|move|p2a: Basculegion|Surf|p1a: Enamorus\n|-damage|p1a: Enamorus|0 fnt\n|faint|p1a: Enamorus\n|\n|win|Nashrock\n|n|\u2606dttd|dttd\n|n|\u2606Nashrock|nashrock\n|n| ibleachyourskin|ibleachyourskin\n|n| leona misa|leonamisa\n|l|\u2606Nashrock\n|l| leona misa\n|l|\u2606dttd\n","uploadtime":1700075411,"views":17,"p1id":"dttd","p2id":"nashrock","formatid":"gen9nationaldex","rating":0,"private":0,"password":""}