{"id":"gen9nationaldex-1989369794","p1":"soul2472","p2":"JaedinRxs","format":"[Gen 9] National Dex","log":"|j|\u2606soul2472\n|j|\u2606JaedinRxs\n|t:|1699841742\n|gametype|singles\n|player|p1|soul2472|lance|\n|player|p2|JaedinRxs|nate|\n|teamsize|p1|3\n|teamsize|p2|6\n|gen|9\n|tier|[Gen 9] National Dex\n|rule|HP Percentage Mod: HP is shown in percentages\n|rule|Endless Battle Clause: Forcing endless battles is banned\n|rule|OHKO Clause: OHKO moves are banned\n|rule|Evasion Clause: Evasion abilities, items, and moves are banned\n|rule|Evasion Abilities Clause: Evasion abilities are banned\n|rule|Evasion Items Clause: Evasion items are banned\n|rule|Evasion Moves Clause: Evasion moves are banned\n|rule|Species Clause: Limit one of each Pok\u00e9mon\n|rule|Sleep Clause Mod: Limit one foe put to sleep\n|clearpoke\n|poke|p1|Trevenant, M|\n|poke|p1|Ribombee, M|\n|poke|p1|Aerodactyl, M|\n|poke|p2|Thundurus-Therian, M|\n|poke|p2|Slaking, M|\n|poke|p2|Slither Wing|\n|poke|p2|Komala, F|\n|poke|p2|Azelf|\n|poke|p2|Aggron, F|\n|teampreview\n|c|\u2606soul2472|ok\n|c|\u2606soul2472|it works\n|\n|t:|1699841752\n|start\n|switch|p1a: Aerodactyl|Aerodactyl, M|100\/100\n|switch|p2a: Komala|Komala, F|100\/100\n|-ability|p1a: Aerodactyl|Pressure\n|-ability|p2a: Komala|Comatose\n|turn|1\n|c|\u2606JaedinRxs|Ok\n|\n|t:|1699841760\n|move|p1a: Aerodactyl|Taunt|p2a: Komala\n|-start|p2a: Komala|move: Taunt\n|cant|p2a: Komala|move: Taunt|Stockpile\n|\n|upkeep\n|turn|2\n|\n|t:|1699841766\n|move|p1a: Aerodactyl|Stealth Rock|p2a: Komala\n|-sidestart|p2: JaedinRxs|move: Stealth Rock\n|move|p2a: Komala|Super Fang|p1a: Aerodactyl|[miss]\n|-miss|p2a: Komala|p1a: Aerodactyl\n|\n|upkeep\n|turn|3\n|\n|t:|1699841775\n|switch|p1a: Ribombee|Ribombee, M|100\/100\n|move|p2a: Komala|Super Fang|p1a: Ribombee|[miss]\n|-miss|p2a: Komala|p1a: Ribombee\n|\n|-end|p2a: Komala|move: Taunt\n|upkeep\n|turn|4\n|\n|t:|1699841786\n|move|p1a: Ribombee|Stun Spore|p2a: Komala|[miss]\n|-miss|p1a: Ribombee|p2a: Komala\n|move|p2a: Komala|Stockpile|p2a: Komala\n|-start|p2a: Komala|stockpile1\n|-boost|p2a: Komala|def|1\n|-boost|p2a: Komala|spd|1\n|\n|upkeep\n|turn|5\n|\n|t:|1699841793\n|move|p1a: Ribombee|Stun Spore|p2a: Komala|[miss]\n|-miss|p1a: Ribombee|p2a: Komala\n|move|p2a: Komala|Stockpile|p2a: Komala\n|-start|p2a: Komala|stockpile2\n|-boost|p2a: Komala|def|1\n|-boost|p2a: Komala|spd|1\n|\n|upkeep\n|turn|6\n|c|\u2606soul2472|this guy is a problem\n|\n|t:|1699841802\n|move|p1a: Ribombee|Stun Spore|p2a: Komala\n|-immune|p2a: Komala|[from] ability: Comatose\n|move|p2a: Komala|Work Up|p2a: Komala\n|-boost|p2a: Komala|atk|1\n|-boost|p2a: Komala|spa|1\n|\n|upkeep\n|turn|7\n|\n|t:|1699841808\n|move|p1a: Ribombee|Sticky Web|p2a: Komala\n|-sidestart|p2: JaedinRxs|move: Sticky Web\n|move|p2a: Komala|Work Up|p2a: Komala\n|-boost|p2a: Komala|atk|1\n|-boost|p2a: Komala|spa|1\n|\n|upkeep\n|turn|8\n|c|\u2606soul2472|oh no\n|\n|t:|1699841814\n|switch|p1a: Trevenant|Trevenant, M|100\/100\n|-item|p2a: Komala|Leftovers|[from] ability: Frisk|[of] p1a: Trevenant|[identify]\n|move|p2a: Komala|Stockpile|p2a: Komala\n|-start|p2a: Komala|stockpile3\n|-boost|p2a: Komala|def|1\n|-boost|p2a: Komala|spd|1\n|\n|upkeep\n|turn|9\n|c|\u2606soul2472|gg\n|\n|t:|1699841822\n|-zpower|p1a: Trevenant\n|move|p1a: Trevenant|Z-Forest's Curse|p2a: Komala|[anim]Forest's Curse\n|-boost|p1a: Trevenant|atk|1|[zeffect]\n|-boost|p1a: Trevenant|def|1|[zeffect]\n|-boost|p1a: Trevenant|spa|1|[zeffect]\n|-boost|p1a: Trevenant|spd|1|[zeffect]\n|-boost|p1a: Trevenant|spe|1|[zeffect]\n|-start|p2a: Komala|typeadd|Grass|[from] move: Forest's Curse\n|move|p2a: Komala|Stockpile||[still]\n|-fail|p2a: Komala\n|\n|upkeep\n|turn|10\n|c|\u2606soul2472|gg\n|c|\u2606soul2472|i just realised what i did\n|\n|t:|1699841842\n|move|p1a: Trevenant|Horn Leech|p2a: Komala\n|-resisted|p2a: Komala\n|-damage|p2a: Komala|85\/100\n|move|p2a: Komala|Super Fang|p1a: Trevenant\n|-immune|p1a: Trevenant\n|\n|-heal|p2a: Komala|91\/100|[from] item: Leftovers\n|upkeep\n|turn|11\n|c|\u2606soul2472|i cant hit you\n|\n|t:|1699841851\n|move|p1a: Trevenant|Poltergeist|p2a: Komala\n|-immune|p2a: Komala\n|move|p2a: Komala|Reversal|p1a: Trevenant\n|-immune|p1a: Trevenant\n|\n|-heal|p2a: Komala|97\/100|[from] item: Leftovers\n|upkeep\n|turn|12\n|c|\u2606JaedinRxs|We cant hit eachother lol\n|c|\u2606soul2472|we cant hit eachother\n|\n|t:|1699841874\n|switch|p2a: Aggron|Aggron, F|100\/100\n|-damage|p2a: Aggron|94\/100|[from] Stealth Rock\n|-activate|p2a: Aggron|move: Sticky Web\n|-unboost|p2a: Aggron|spe|1\n|move|p1a: Trevenant|Horn Leech|p2a: Aggron\n|-damage|p2a: Aggron|62\/100\n|\n|upkeep\n|turn|13\n|c|\u2606soul2472|i can do small damage\n|\n|t:|1699841886\n|detailschange|p2a: Aggron|Aggron-Mega, F\n|-mega|p2a: Aggron|Aggron|Aggronite\n|move|p1a: Trevenant|Earthquake|p2a: Aggron\n|-supereffective|p2a: Aggron\n|-damage|p2a: Aggron|27\/100\n|move|p2a: Aggron|Body Press|p1a: Trevenant\n|-immune|p1a: Trevenant\n|\n|upkeep\n|turn|14\n|c|\u2606soul2472|now i can do big damage\n|\n|t:|1699841898\n|move|p1a: Trevenant|Earthquake|p2a: Aggron\n|-supereffective|p2a: Aggron\n|-damage|p2a: Aggron|0 fnt\n|faint|p2a: Aggron\n|\n|upkeep\n|c|\u2606soul2472|omni boost tree\n|\n|t:|1699841908\n|switch|p2a: Thundurus|Thundurus-Therian, M|100\/100\n|-damage|p2a: Thundurus|76\/100|[from] Stealth Rock\n|turn|15\n|\n|t:|1699841916\n|move|p1a: Trevenant|Poltergeist|p2a: Thundurus\n|-activate|p2a: Thundurus|move: Poltergeist|Zap Plate\n|-damage|p2a: Thundurus|0 fnt\n|faint|p2a: Thundurus\n|\n|upkeep\n|c|\u2606soul2472|tree sweep\n|\n|t:|1699841934\n|switch|p2a: Azelf|Azelf|100\/100\n|-damage|p2a: Azelf|88\/100|[from] Stealth Rock\n|turn|16\n|\n|t:|1699841946\n|move|p1a: Trevenant|Poltergeist|p2a: Azelf\n|-activate|p2a: Azelf|move: Poltergeist|Leftovers\n|-supereffective|p2a: Azelf\n|-damage|p2a: Azelf|0 fnt\n|faint|p2a: Azelf\n|\n|upkeep\n|\n|t:|1699841954\n|switch|p2a: Slither Wing|Slither Wing|100\/100\n|-damage|p2a: Slither Wing|88\/100|[from] Stealth Rock\n|-activate|p2a: Slither Wing|move: Sticky Web\n|-unboost|p2a: Slither Wing|spe|1\n|turn|17\n|\n|t:|1699841968\n|move|p1a: Trevenant|Poltergeist|p2a: Slither Wing\n|-activate|p2a: Slither Wing|move: Poltergeist|Assault Vest\n|-damage|p2a: Slither Wing|0 fnt\n|faint|p2a: Slither Wing\n|-end|p2a: Slither Wing|Protosynthesis|[silent]\n|\n|upkeep\n|\n|t:|1699841974\n|switch|p2a: Slaking|Slaking, M|100\/100\n|-damage|p2a: Slaking|88\/100|[from] Stealth Rock\n|-activate|p2a: Slaking|move: Sticky Web\n|-unboost|p2a: Slaking|spe|1\n|turn|18\n|\n|t:|1699841994\n|move|p2a: Slaking|Protect|p2a: Slaking\n|-singleturn|p2a: Slaking|Protect\n|move|p1a: Trevenant|Horn Leech|p2a: Slaking\n|-activate|p2a: Slaking|move: Protect\n|\n|upkeep\n|turn|19\n|\n|t:|1699842005\n|move|p1a: Trevenant|Horn Leech|p2a: Slaking\n|-damage|p2a: Slaking|53\/100\n|cant|p2a: Slaking|ability: Truant\n|\n|upkeep\n|turn|20\n|c|\u2606soul2472|protect slaking does not work very well\n|\n|t:|1699842029\n|move|p1a: Trevenant|Horn Leech|p2a: Slaking\n|-damage|p2a: Slaking|19\/100\n|move|p2a: Slaking|Bulk Up|p2a: Slaking\n|-boost|p2a: Slaking|atk|1\n|-boost|p2a: Slaking|def|1\n|\n|upkeep\n|turn|21\n|\n|t:|1699842042\n|cant|p2a: Slaking|ability: Truant\n|move|p1a: Trevenant|Horn Leech|p2a: Slaking\n|-damage|p2a: Slaking|0 fnt\n|faint|p2a: Slaking\n|\n|upkeep\n|\n|t:|1699842047\n|switch|p2a: Komala|Komala, F|97\/100\n|-damage|p2a: Komala|84\/100|[from] Stealth Rock\n|-activate|p2a: Komala|move: Sticky Web\n|-unboost|p2a: Komala|spe|1\n|-ability|p2a: Komala|Comatose\n|turn|22\n|c|\u2606soul2472|gg\n|\n|t:|1699842057\n|move|p1a: Trevenant|Horn Leech|p2a: Komala\n|-damage|p2a: Komala|13\/100\n|move|p2a: Komala|Stockpile|p2a: Komala\n|-start|p2a: Komala|stockpile1\n|-boost|p2a: Komala|def|1\n|-boost|p2a: Komala|spd|1\n|\n|-heal|p2a: Komala|19\/100|[from] item: Leftovers\n|upkeep\n|turn|23\n|c|\u2606soul2472|ggwp\n|\n|t:|1699842071\n|-terastallize|p2a: Komala|Electric\n|move|p1a: Trevenant|Horn Leech|p2a: Komala\n|-damage|p2a: Komala|0 fnt\n|faint|p2a: Komala\n|\n|win|soul2472\n|c|\u2606JaedinRxs|Gg\n","uploadtime":1699842083,"views":4,"p1id":"soul2472","p2id":"jaedinrxs","formatid":"gen9nationaldex","rating":0,"private":0,"password":""}