{"id":"gen9nationaldex-1994516792","p1":"How To Beat Lance","p2":"NDSNEZFurinaGaming","format":"[Gen 9] National Dex","log":"|j|\u2606How To Beat Lance\n|j|\u2606NDSNEZFurinaGaming\n|t:|1700453399\n|gametype|singles\n|player|p1|How To Beat Lance|lance|1040\n|player|p2|NDSNEZFurinaGaming|winona|1091\n|teamsize|p1|6\n|teamsize|p2|6\n|gen|9\n|tier|[Gen 9] National Dex\n|rated|\n|rule|HP Percentage Mod: HP is shown in percentages\n|rule|Endless Battle Clause: Forcing endless battles is banned\n|rule|OHKO Clause: OHKO moves are banned\n|rule|Evasion Clause: Evasion abilities, items, and moves are banned\n|rule|Evasion Abilities Clause: Evasion abilities are banned\n|rule|Evasion Items Clause: Evasion items are banned\n|rule|Evasion Moves Clause: Evasion moves are banned\n|rule|Species Clause: Limit one of each Pok\u00e9mon\n|rule|Sleep Clause Mod: Limit one foe put to sleep\n|clearpoke\n|poke|p1|Dragonite, M|\n|poke|p1|Tyrantrum, F|\n|poke|p1|Duraludon, F|\n|poke|p1|Sceptile, F|\n|poke|p1|Dracozolt|\n|poke|p1|Latios, M|\n|poke|p2|Tapu Koko|\n|poke|p2|Smeargle, F|\n|poke|p2|Volcarona, M|\n|poke|p2|Lopunny, M|\n|poke|p2|Sneasler, F|\n|poke|p2|Toxapex, F|\n|teampreview\n|c|\u2606How To Beat Lance|\"I've been waiting for you. NDSNEZFuriniaGaming! I knew that you, with your skills, would eventually reach me here. There's no need for words now. We will battle to determine who is the stronger of the two of us. As the most powerful trainer and as the Pok\u00e9mon League Champion\u2026 I, Lance the dragon master, accept your challenge!\n|\n|t:|1700453431\n|start\n|switch|p1a: funny tower|Duraludon, F|100\/100\n|switch|p2a: Smeargle|Smeargle, F|100\/100\n|turn|1\n|c|\u2606NDSNEZFurinaGaming|wow\n|c|\u2606NDSNEZFurinaGaming|nice copypasta\n|\n|t:|1700453442\n|switch|p1a: Sectile-Mega|Sceptile, F|100\/100\n|move|p2a: Smeargle|Taunt|p1a: Sectile-Mega\n|-start|p1a: Sectile-Mega|move: Taunt\n|\n|upkeep\n|turn|2\n|c|\u2606How To Beat Lance|thanks\n|\n|t:|1700453452\n|detailschange|p1a: Sectile-Mega|Sceptile-Mega, F\n|-mega|p1a: Sectile-Mega|Sceptile|Sceptilite\n|move|p1a: Sectile-Mega|Focus Blast|p2a: Smeargle\n|-supereffective|p2a: Smeargle\n|-enditem|p2a: Smeargle|Focus Sash\n|-damage|p2a: Smeargle|1\/100\n|move|p2a: Smeargle|Sticky Web|p1a: Sectile-Mega\n|-sidestart|p1: How To Beat Lance|move: Sticky Web\n|\n|upkeep\n|turn|3\n|\n|t:|1700453466\n|move|p1a: Sectile-Mega|Giga Drain|p2a: Smeargle\n|-damage|p2a: Smeargle|0 fnt\n|faint|p2a: Smeargle\n|\n|-end|p1a: Sectile-Mega|move: Taunt\n|upkeep\n|\n|t:|1700453474\n|switch|p2a: Toxapex|Toxapex, F|100\/100\n|turn|4\n|\n|t:|1700453479\n|switch|p1a: Latios|Latios, M|100\/100\n|move|p2a: Toxapex|Ice Beam|p1a: Latios\n|-supereffective|p1a: Latios\n|-damage|p1a: Latios|68\/100\n|\n|upkeep\n|turn|5\n|\n|t:|1700453495\n|move|p1a: Latios|Defog|p2a: Toxapex\n|-unboost|p2a: Toxapex|evasion|1\n|-sideend|p1: How To Beat Lance|Sticky Web|[from] move: Defog|[of] p1a: Latios\n|move|p2a: Toxapex|Knock Off|p1a: Latios\n|-supereffective|p1a: Latios\n|-damage|p1a: Latios|37\/100\n|-enditem|p1a: Latios|Covert Cloak|[from] move: Knock Off|[of] p2a: Toxapex\n|\n|upkeep\n|turn|6\n|\n|t:|1700453502\n|move|p1a: Latios|Recover|p1a: Latios\n|-heal|p1a: Latios|87\/100\n|move|p2a: Toxapex|Ice Beam|p1a: Latios\n|-supereffective|p1a: Latios\n|-damage|p1a: Latios|58\/100\n|\n|upkeep\n|turn|7\n|\n|t:|1700453509\n|switch|p2a: Tapu Koko|Tapu Koko|100\/100\n|-fieldstart|move: Electric Terrain|[from] ability: Electric Surge|[of] p2a: Tapu Koko\n|move|p1a: Latios|Psychic|p2a: Tapu Koko\n|-damage|p2a: Tapu Koko|54\/100\n|\n|upkeep\n|turn|8\n|\n|t:|1700453524\n|move|p2a: Tapu Koko|Light Screen|p2a: Tapu Koko\n|-sidestart|p2: NDSNEZFurinaGaming|move: Light Screen\n|move|p1a: Latios|Psychic|p2a: Tapu Koko\n|-damage|p2a: Tapu Koko|30\/100\n|\n|upkeep\n|turn|9\n|\n|t:|1700453528\n|move|p2a: Tapu Koko|Reflect|p2a: Tapu Koko\n|-sidestart|p2: NDSNEZFurinaGaming|Reflect\n|move|p1a: Latios|Recover|p1a: Latios\n|-heal|p1a: Latios|100\/100\n|\n|upkeep\n|turn|10\n|\n|t:|1700453542\n|move|p2a: Tapu Koko|Taunt|p1a: Latios\n|-start|p1a: Latios|move: Taunt\n|move|p1a: Latios|Psychic|p2a: Tapu Koko\n|-damage|p2a: Tapu Koko|6\/100\n|\n|upkeep\n|turn|11\n|\n|t:|1700453550\n|move|p2a: Tapu Koko|U-turn|p1a: Latios\n|-supereffective|p1a: Latios\n|-damage|p1a: Latios|62\/100\n|\n|t:|1700453568\n|switch|p2a: Volcarona|Volcarona, M|100\/100|[from] U-turn\n|move|p1a: Latios|Psychic|p2a: Volcarona\n|-damage|p2a: Volcarona|80\/100\n|\n|-fieldend|move: Electric Terrain\n|upkeep\n|turn|12\n|\n|t:|1700453578\n|switch|p1a: dianasaur|Tyrantrum, F|100\/100\n|move|p2a: Volcarona|Quiver Dance|p2a: Volcarona\n|-boost|p2a: Volcarona|spa|1\n|-boost|p2a: Volcarona|spd|1\n|-boost|p2a: Volcarona|spe|1\n|\n|upkeep\n|turn|13\n|\n|t:|1700453588\n|move|p2a: Volcarona|Quiver Dance|p2a: Volcarona\n|-boost|p2a: Volcarona|spa|1\n|-boost|p2a: Volcarona|spd|1\n|-boost|p2a: Volcarona|spe|1\n|move|p1a: dianasaur|Head Smash|p2a: Volcarona\n|-supereffective|p2a: Volcarona\n|-damage|p2a: Volcarona|0 fnt\n|-status|p1a: dianasaur|brn|[from] ability: Flame Body|[of] p2a: Volcarona\n|faint|p2a: Volcarona\n|\n|-damage|p1a: dianasaur|94\/100 brn|[from] brn\n|upkeep\n|\n|t:|1700453598\n|switch|p2a: Sneasler|Sneasler, F|100\/100\n|turn|14\n|\n|t:|1700453604\n|switch|p2a: Tapu Koko|Tapu Koko|6\/100\n|-fieldstart|move: Electric Terrain|[from] ability: Electric Surge|[of] p2a: Tapu Koko\n|move|p1a: dianasaur|Dragon Dance|p1a: dianasaur\n|-boost|p1a: dianasaur|atk|1\n|-boost|p1a: dianasaur|spe|1\n|\n|-damage|p1a: dianasaur|88\/100 brn|[from] brn\n|upkeep\n|turn|15\n|c|\u2606NDSNEZFurinaGaming|should've sacked coco\n|\n|t:|1700453615\n|move|p1a: dianasaur|Dragon Dance|p1a: dianasaur\n|-boost|p1a: dianasaur|atk|1\n|-boost|p1a: dianasaur|spe|1\n|move|p2a: Tapu Koko|Taunt|p1a: dianasaur\n|-start|p1a: dianasaur|move: Taunt\n|\n|-damage|p1a: dianasaur|82\/100 brn|[from] brn\n|-sideend|p2: NDSNEZFurinaGaming|move: Light Screen\n|upkeep\n|turn|16\n|c|\u2606How To Beat Lance|probably\n|\n|t:|1700453624\n|move|p1a: dianasaur|Earthquake|p2a: Tapu Koko\n|-supereffective|p2a: Tapu Koko\n|-damage|p2a: Tapu Koko|0 fnt\n|faint|p2a: Tapu Koko\n|\n|-damage|p1a: dianasaur|76\/100 brn|[from] brn\n|-sideend|p2: NDSNEZFurinaGaming|Reflect\n|upkeep\n|c|\u2606NDSNEZFurinaGaming|gg wp\n|\n|t:|1700453630\n|switch|p2a: Lopunny|Lopunny, M|100\/100\n|turn|17\n|c|\u2606How To Beat Lance|g\n|c|\u2606How To Beat Lance|gg\n|c|\u2606NDSNEZFurinaGaming|Yeah idt i can win\n|c|\u2606How To Beat Lance|ok\n|c|\u2606NDSNEZFurinaGaming|sacking coco was the right play\n|\n|t:|1700453648\n|detailschange|p2a: Lopunny|Lopunny-Mega, M\n|-mega|p2a: Lopunny|Lopunny|Lopunnite\n|move|p1a: dianasaur|Earthquake|p2a: Lopunny\n|-crit|p2a: Lopunny\n|-damage|p2a: Lopunny|39\/100\n|move|p2a: Lopunny|Close Combat|p1a: dianasaur\n|-supereffective|p1a: dianasaur\n|-damage|p1a: dianasaur|0 fnt\n|-unboost|p2a: Lopunny|def|1\n|-unboost|p2a: Lopunny|spd|1\n|faint|p1a: dianasaur\n|\n|upkeep\n|c|\u2606NDSNEZFurinaGaming|oh wait\n|c|\u2606NDSNEZFurinaGaming|flame body\n|c|\u2606NDSNEZFurinaGaming|i think i have a chance\n|c|\u2606How To Beat Lance|yeah\n|\n|t:|1700453675\n|switch|p1a: Darcozolt|Dracozolt|100\/100\n|turn|18\n|\n|t:|1700453682\n|move|p1a: Darcozolt|Bolt Beak|p2a: Lopunny\n|-damage|p2a: Lopunny|0 fnt\n|faint|p2a: Lopunny\n|\n|-fieldend|move: Electric Terrain\n|upkeep\n|\n|t:|1700453688\n|switch|p2a: Sneasler|Sneasler, F|100\/100\n|turn|19\n|c|\u2606How To Beat Lance|if the terrain lasted longer\n|\n|t:|1700453707\n|move|p1a: Darcozolt|Bolt Beak|p2a: Sneasler\n|-crit|p2a: Sneasler\n|-damage|p2a: Sneasler|0 fnt\n|faint|p2a: Sneasler\n|\n|upkeep\n|c|\u2606NDSNEZFurinaGaming|Nah i lose\n|c|\u2606NDSNEZFurinaGaming|gg\n|-message|NDSNEZFurinaGaming forfeited.\n|\n|win|How To Beat Lance\n|raw|How To Beat Lance's rating: 1040 &rarr; <strong>1079<\/strong><br \/>(+39 for winning)\n|raw|NDSNEZFurinaGaming's rating: 1091 &rarr; <strong>1064<\/strong><br \/>(-27 for losing)\n|l|\u2606NDSNEZFurinaGaming\n|c|\u2606How To Beat Lance|ggwp\n","uploadtime":1700453717,"views":4,"p1id":"howtobeatlance","p2id":"ndsnezfurinagaming","formatid":"gen9nationaldex","rating":1064,"private":0,"password":""}