{"id":"gen9nationaldex-1989513691","p1":"fossiltruffle123","p2":"ogerponice","format":"[Gen 9] National Dex","log":"|j|\u2606fossiltruffle123\n|j|\u2606ogerponice\n|t:|1699863642\n|gametype|singles\n|player|p1|fossiltruffle123|1|1050\n|player|p2|ogerponice|nurse|1137\n|teamsize|p1|6\n|teamsize|p2|6\n|gen|9\n|tier|[Gen 9] National Dex\n|rated|\n|rule|HP Percentage Mod: HP is shown in percentages\n|rule|Endless Battle Clause: Forcing endless battles is banned\n|rule|OHKO Clause: OHKO moves are banned\n|rule|Evasion Clause: Evasion abilities, items, and moves are banned\n|rule|Evasion Abilities Clause: Evasion abilities are banned\n|rule|Evasion Items Clause: Evasion items are banned\n|rule|Evasion Moves Clause: Evasion moves are banned\n|rule|Species Clause: Limit one of each Pok\u00e9mon\n|rule|Sleep Clause Mod: Limit one foe put to sleep\n|clearpoke\n|poke|p1|Ambipom, M|\n|poke|p1|Blaziken, F|\n|poke|p1|Rhydon, M|\n|poke|p1|Iron Treads|\n|poke|p1|Gyarados, F|\n|poke|p1|Dragonite, M|\n|poke|p2|Nidoking, M|\n|poke|p2|Corviknight, M|\n|poke|p2|Mew|\n|poke|p2|Pinsir, M|\n|poke|p2|Ribombee, M|\n|poke|p2|Bisharp, M|\n|teampreview\n|inactive|Battle timer is ON: inactive players will automatically lose when time's up. (requested by ogerponice)\n|\n|t:|1699863672\n|start\n|switch|p1a: Ambipom|Ambipom, M|100\/100\n|switch|p2a: Ribombee|Ribombee, M, shiny|100\/100\n|turn|1\n|\n|t:|1699863680\n|switch|p2a: Corviknight|Corviknight, M, shiny|100\/100\n|move|p1a: Ambipom|Fake Out|p2a: Corviknight\n|-resisted|p2a: Corviknight\n|-damage|p2a: Corviknight|89\/100\n|-damage|p1a: Ambipom|91\/100|[from] item: Life Orb\n|\n|-heal|p2a: Corviknight|95\/100|[from] item: Leftovers\n|upkeep\n|turn|2\n|\n|t:|1699863702\n|switch|p1a: Blaziken|Blaziken, F|100\/100\n|move|p2a: Corviknight|Body Press|p1a: Blaziken\n|-damage|p1a: Blaziken|59\/100\n|\n|-heal|p2a: Corviknight|100\/100|[from] item: Leftovers\n|upkeep\n|turn|3\n|inactive|ogerponice has 120 seconds left.\n|\n|t:|1699863725\n|switch|p2a: Mew|Mew, shiny|100\/100\n|move|p1a: Blaziken|Swords Dance|p1a: Blaziken\n|-boost|p1a: Blaziken|atk|2\n|\n|-ability|p1a: Blaziken|Speed Boost|boost\n|-boost|p1a: Blaziken|spe|1\n|upkeep\n|turn|4\n|\n|t:|1699863734\n|move|p1a: Blaziken|Protect|p1a: Blaziken\n|-singleturn|p1a: Blaziken|Protect\n|move|p2a: Mew|Cosmic Power|p2a: Mew\n|-boost|p2a: Mew|def|1\n|-boost|p2a: Mew|spd|1\n|\n|-ability|p1a: Blaziken|Speed Boost|boost\n|-boost|p1a: Blaziken|spe|1\n|upkeep\n|turn|5\n|\n|t:|1699863741\n|move|p1a: Blaziken|Blaze Kick|p2a: Mew\n|-damage|p2a: Mew|56\/100\n|move|p2a: Mew|Cosmic Power|p2a: Mew\n|-boost|p2a: Mew|def|1\n|-boost|p2a: Mew|spd|1\n|\n|-ability|p1a: Blaziken|Speed Boost|boost\n|-boost|p1a: Blaziken|spe|1\n|upkeep\n|turn|6\n|\n|t:|1699863747\n|move|p1a: Blaziken|Swords Dance|p1a: Blaziken\n|-boost|p1a: Blaziken|atk|2\n|move|p2a: Mew|Roost|p2a: Mew\n|-heal|p2a: Mew|100\/100\n|-singleturn|p2a: Mew|move: Roost\n|\n|-ability|p1a: Blaziken|Speed Boost|boost\n|-boost|p1a: Blaziken|spe|1\n|upkeep\n|turn|7\n|\n|t:|1699863753\n|move|p1a: Blaziken|Blaze Kick|p2a: Mew\n|-damage|p2a: Mew|50\/100\n|move|p2a: Mew|Cosmic Power|p2a: Mew\n|-boost|p2a: Mew|def|1\n|-boost|p2a: Mew|spd|1\n|\n|-ability|p1a: Blaziken|Speed Boost|boost\n|-boost|p1a: Blaziken|spe|1\n|upkeep\n|turn|8\n|\n|t:|1699863759\n|move|p1a: Blaziken|Blaze Kick|p2a: Mew|[miss]\n|-miss|p1a: Blaziken|p2a: Mew\n|move|p2a: Mew|Roost|p2a: Mew\n|-heal|p2a: Mew|99\/100\n|-singleturn|p2a: Mew|move: Roost\n|\n|-ability|p1a: Blaziken|Speed Boost|boost\n|-boost|p1a: Blaziken|spe|1\n|upkeep\n|turn|9\n|\n|t:|1699863765\n|move|p1a: Blaziken|Swords Dance|p1a: Blaziken\n|-boost|p1a: Blaziken|atk|2\n|move|p2a: Mew|Cosmic Power|p2a: Mew\n|-boost|p2a: Mew|def|1\n|-boost|p2a: Mew|spd|1\n|\n|upkeep\n|turn|10\n|\n|t:|1699863774\n|move|p1a: Blaziken|Blaze Kick|p2a: Mew\n|-damage|p2a: Mew|51\/100\n|move|p2a: Mew|Stored Power|p1a: Blaziken\n|-supereffective|p1a: Blaziken\n|-damage|p1a: Blaziken|0 fnt\n|faint|p1a: Blaziken\n|\n|upkeep\n|\n|t:|1699863783\n|switch|p1a: Ambipom|Ambipom, M|91\/100\n|turn|11\n|\n|t:|1699863789\n|move|p1a: Ambipom|Fake Out|p2a: Mew\n|-damage|p2a: Mew|41\/100\n|-damage|p1a: Ambipom|81\/100|[from] item: Life Orb\n|move|p2a: Mew|Cosmic Power|p2a: Mew\n|-boost|p2a: Mew|def|1\n|-boost|p2a: Mew|spd|1\n|\n|upkeep\n|turn|12\n|\n|t:|1699863794\n|move|p1a: Ambipom|Last Resort|p2a: Mew\n|-damage|p2a: Mew|22\/100\n|-damage|p1a: Ambipom|71\/100|[from] item: Life Orb\n|move|p2a: Mew|Roost|p2a: Mew\n|-heal|p2a: Mew|72\/100\n|-singleturn|p2a: Mew|move: Roost\n|\n|upkeep\n|turn|13\n|\n|t:|1699863806\n|switch|p1a: Gyarados|Gyarados, F|100\/100\n|-ability|p1a: Gyarados|Intimidate|boost\n|-unboost|p2a: Mew|atk|1\n|move|p2a: Mew|Cosmic Power|p2a: Mew\n|-boost|p2a: Mew|def|1\n|-boost|p2a: Mew|spd|1\n|\n|upkeep\n|turn|14\n|\n|t:|1699863817\n|detailschange|p1a: Gyarados|Gyarados-Mega, F\n|-mega|p1a: Gyarados|Gyarados|Gyaradosite\n|-ability|p1a: Gyarados|Mold Breaker\n|-terastallize|p2a: Mew|Poison\n|move|p2a: Mew|Stored Power|p1a: Gyarados\n|-immune|p1a: Gyarados\n|move|p1a: Gyarados|Dragon Dance|p1a: Gyarados\n|-boost|p1a: Gyarados|atk|1\n|-boost|p1a: Gyarados|spe|1\n|\n|upkeep\n|turn|15\n|\n|t:|1699863831\n|move|p1a: Gyarados|Dragon Dance|p1a: Gyarados\n|-boost|p1a: Gyarados|atk|1\n|-boost|p1a: Gyarados|spe|1\n|move|p2a: Mew|Body Press|p1a: Gyarados\n|-supereffective|p1a: Gyarados\n|-damage|p1a: Gyarados|0 fnt\n|faint|p1a: Gyarados\n|\n|upkeep\n|\n|t:|1699863846\n|switch|p1a: Iron Treads|Iron Treads|100\/100\n|-enditem|p1a: Iron Treads|Booster Energy\n|-activate|p1a: Iron Treads|ability: Quark Drive|[fromitem]\n|-start|p1a: Iron Treads|quarkdrivespe\n|turn|16\n|\n|t:|1699863856\n|move|p1a: Iron Treads|Knock Off|p2a: Mew\n|-damage|p2a: Mew|65\/100\n|-enditem|p2a: Mew|Covert Cloak|[from] move: Knock Off|[of] p1a: Iron Treads\n|move|p2a: Mew|Roost|p2a: Mew\n|-heal|p2a: Mew|100\/100\n|\n|upkeep\n|turn|17\n|\n|t:|1699863867\n|move|p1a: Iron Treads|Iron Head|p2a: Mew\n|-damage|p2a: Mew|93\/100\n|cant|p2a: Mew|flinch\n|\n|upkeep\n|turn|18\n|\n|t:|1699863873\n|move|p1a: Iron Treads|Iron Head|p2a: Mew\n|-damage|p2a: Mew|84\/100\n|move|p2a: Mew|Stored Power|p1a: Iron Treads\n|-resisted|p1a: Iron Treads\n|-damage|p1a: Iron Treads|35\/100\n|\n|upkeep\n|turn|19\n|\n|t:|1699863879\n|move|p1a: Iron Treads|Iron Head|p2a: Mew\n|-damage|p2a: Mew|76\/100\n|move|p2a: Mew|Stored Power|p1a: Iron Treads\n|-resisted|p1a: Iron Treads\n|-damage|p1a: Iron Treads|0 fnt\n|faint|p1a: Iron Treads\n|-end|p1a: Iron Treads|Quark Drive|[silent]\n|\n|upkeep\n|\n|t:|1699863888\n|switch|p1a: Dragonite|Dragonite, M|100\/100\n|turn|20\n|\n|t:|1699863893\n|move|p2a: Mew|Stored Power|p1a: Dragonite\n|-damage|p1a: Dragonite|75\/100\n|move|p1a: Dragonite|Earthquake|p2a: Mew\n|-supereffective|p2a: Mew\n|-damage|p2a: Mew|61\/100\n|\n|upkeep\n|turn|21\n|\n|t:|1699863907\n|move|p2a: Mew|Stored Power|p1a: Dragonite\n|-damage|p1a: Dragonite|19\/100\n|move|p1a: Dragonite|Earthquake|p2a: Mew\n|-supereffective|p2a: Mew\n|-damage|p2a: Mew|43\/100\n|\n|upkeep\n|turn|22\n|\n|t:|1699863914\n|move|p2a: Mew|Roost|p2a: Mew\n|-heal|p2a: Mew|93\/100\n|move|p1a: Dragonite|Earthquake|p2a: Mew\n|-supereffective|p2a: Mew\n|-damage|p2a: Mew|75\/100\n|\n|upkeep\n|turn|23\n|\n|t:|1699863920\n|move|p2a: Mew|Stored Power|p1a: Dragonite\n|-crit|p1a: Dragonite\n|-damage|p1a: Dragonite|0 fnt\n|faint|p1a: Dragonite\n|\n|upkeep\n|\n|t:|1699863922\n|switch|p1a: Rhydon|Rhydon, M|100\/100\n|turn|24\n|\n|t:|1699863932\n|-terastallize|p1a: Rhydon|Bug\n|move|p2a: Mew|Stored Power|p1a: Rhydon\n|-damage|p1a: Rhydon|1\/100\n|move|p1a: Rhydon|Swords Dance|p1a: Rhydon\n|-boost|p1a: Rhydon|atk|2\n|\n|upkeep\n|turn|25\n|\n|t:|1699863939\n|move|p2a: Mew|Stored Power|p1a: Rhydon\n|-damage|p1a: Rhydon|0 fnt\n|faint|p1a: Rhydon\n|\n|upkeep\n|-message|fossiltruffle123 forfeited.\n|\n|win|ogerponice\n|raw|fossiltruffle123's rating: 1050 &rarr; <strong>1037<\/strong><br \/>(-13 for losing)\n|raw|ogerponice's rating: 1137 &rarr; <strong>1156<\/strong><br \/>(+19 for winning)\n|l|\u2606fossiltruffle123\n","uploadtime":1699863948,"views":6,"p1id":"fossiltruffle123","p2id":"ogerponice","formatid":"gen9nationaldex","rating":1037,"private":0,"password":""}