{"id":"gen9nationaldex-1991762929","p1":"PapaPena","p2":"w0909","format":"[Gen 9] National Dex","log":"|j|\u2606PapaPena\n|j|\u2606w0909\n|t:|1700112910\n|gametype|singles\n|player|p1|PapaPena|roughneck|\n|player|p2|w0909|klara|\n|teamsize|p1|6\n|teamsize|p2|6\n|gen|9\n|tier|[Gen 9] National Dex\n|rule|HP Percentage Mod: HP is shown in percentages\n|rule|Endless Battle Clause: Forcing endless battles is banned\n|rule|OHKO Clause: OHKO moves are banned\n|rule|Evasion Clause: Evasion abilities, items, and moves are banned\n|rule|Evasion Abilities Clause: Evasion abilities are banned\n|rule|Evasion Items Clause: Evasion items are banned\n|rule|Evasion Moves Clause: Evasion moves are banned\n|rule|Species Clause: Limit one of each Pok\u00e9mon\n|rule|Sleep Clause Mod: Limit one foe put to sleep\n|clearpoke\n|poke|p1|Moltres|\n|poke|p1|Tornadus-Therian, M|\n|poke|p1|Klefki, F|\n|poke|p1|Eelektross, F|\n|poke|p1|Lycanroc-Midnight, M|\n|poke|p1|Toedscool, F|\n|poke|p2|Corviknight, F|\n|poke|p2|Regidrago|\n|poke|p2|Sylveon, F|\n|poke|p2|Medicham, F|\n|poke|p2|Dugtrio-Alola, F|\n|poke|p2|Arctibax, F|\n|teampreview\n|\n|t:|1700112954\n|start\n|switch|p1a: Tornadus|Tornadus-Therian, M|100\/100\n|switch|p2a: Dugtrio|Dugtrio-Alola, F|100\/100\n|turn|1\n|j| HeirEhm\n|\n|t:|1700112974\n|move|p1a: Tornadus|Grass Knot|p2a: Dugtrio\n|-damage|p2a: Dugtrio|47\/100\n|-ability|p2a: Dugtrio|Tangling Hair\n|-unboost|p1a: Tornadus|spe|1\n|move|p2a: Dugtrio|Stealth Rock|p1a: Tornadus\n|-sidestart|p1: PapaPena|move: Stealth Rock\n|\n|upkeep\n|turn|2\n|\n|t:|1700113000\n|switch|p2a: Arctibax|Arctibax, F|100\/100\n|move|p1a: Tornadus|Bleakwind Storm|p2a: Arctibax\n|-damage|p2a: Arctibax|35\/100\n|\n|upkeep\n|turn|3\n|\n|t:|1700113041\n|move|p1a: Tornadus|Dark Pulse|p2a: Arctibax\n|-damage|p2a: Arctibax|0 fnt\n|faint|p2a: Arctibax\n|\n|upkeep\n|\n|t:|1700113046\n|switch|p2a: Medicham|Medicham, F|100\/100\n|turn|4\n|\n|t:|1700113078\n|move|p2a: Medicham|Thunder Punch|p1a: Tornadus\n|-supereffective|p1a: Tornadus\n|-damage|p1a: Tornadus|14\/100\n|move|p1a: Tornadus|Bleakwind Storm|p2a: Medicham\n|-supereffective|p2a: Medicham\n|-damage|p2a: Medicham|0 fnt\n|faint|p2a: Medicham\n|\n|-heal|p1a: Tornadus|20\/100|[from] item: Leftovers\n|upkeep\n|\n|t:|1700113084\n|switch|p2a: Dugtrio|Dugtrio-Alola, F|47\/100\n|turn|5\n|\n|t:|1700113092\n|switch|p1a: Klefki|Klefki, F|100\/100\n|-damage|p1a: Klefki|95\/100|[from] Stealth Rock\n|move|p2a: Dugtrio|Sucker Punch||[still]\n|-fail|p2a: Dugtrio\n|\n|upkeep\n|turn|6\n|\n|t:|1700113101\n|move|p2a: Dugtrio|Earthquake|p1a: Klefki\n|-supereffective|p1a: Klefki\n|-damage|p1a: Klefki|0 fnt\n|faint|p1a: Klefki\n|-damage|p2a: Dugtrio|37\/100|[from] item: Life Orb\n|\n|upkeep\n|\n|t:|1700113135\n|switch|p1a: flame-ingo|Moltres, shiny|100\/100\n|turn|7\n|\n|t:|1700113144\n|switch|p2a: Sylveon|Sylveon, F|100\/100\n|move|p1a: flame-ingo|Air Slash|p2a: Sylveon\n|-crit|p2a: Sylveon\n|-damage|p2a: Sylveon|67\/100\n|\n|-heal|p2a: Sylveon|73\/100|[from] item: Leftovers\n|upkeep\n|turn|8\n|\n|t:|1700113159\n|switch|p1a: squeeward|Toedscool, F|100\/100\n|-damage|p1a: squeeward|95\/100|[from] Stealth Rock\n|move|p2a: Sylveon|Protect||[still]\n|-fail|p2a: Sylveon\n|\n|-heal|p2a: Sylveon|79\/100|[from] item: Leftovers\n|upkeep\n|turn|9\n|\n|t:|1700113167\n|move|p2a: Sylveon|Mystical Fire|p1a: squeeward\n|-supereffective|p1a: squeeward\n|-damage|p1a: squeeward|66\/100\n|-unboost|p1a: squeeward|spa|1\n|move|p1a: squeeward|Toxic|p2a: Sylveon\n|-status|p2a: Sylveon|tox\n|\n|-heal|p2a: Sylveon|85\/100 tox|[from] item: Leftovers\n|-damage|p2a: Sylveon|79\/100 tox|[from] psn\n|upkeep\n|turn|10\n|\n|t:|1700113177\n|move|p1a: squeeward|Knock Off|p2a: Sylveon\n|-resisted|p2a: Sylveon\n|-damage|p2a: Sylveon|73\/100 tox\n|-enditem|p2a: Sylveon|Leftovers|[from] move: Knock Off|[of] p1a: squeeward\n|move|p2a: Sylveon|Hyper Voice|p1a: squeeward\n|-damage|p1a: squeeward|31\/100\n|\n|-damage|p2a: Sylveon|60\/100 tox|[from] psn\n|upkeep\n|turn|11\n|\n|t:|1700113185\n|move|p1a: squeeward|Protect|p1a: squeeward\n|-singleturn|p1a: squeeward|Protect\n|move|p2a: Sylveon|Mystical Fire|p1a: squeeward\n|-activate|p1a: squeeward|move: Protect\n|\n|-damage|p2a: Sylveon|42\/100 tox|[from] psn\n|upkeep\n|turn|12\n|\n|t:|1700113197\n|switch|p1a: flame-ingo|Moltres, shiny|100\/100\n|move|p2a: Sylveon|Mystical Fire|p1a: flame-ingo\n|-resisted|p1a: flame-ingo\n|-damage|p1a: flame-ingo|91\/100\n|-unboost|p1a: flame-ingo|spa|1\n|\n|-damage|p2a: Sylveon|18\/100 tox|[from] psn\n|upkeep\n|turn|13\n|\n|t:|1700113224\n|switch|p1a: what dat mouth do|Eelektross, F|100\/100\n|-damage|p1a: what dat mouth do|88\/100|[from] Stealth Rock\n|move|p2a: Sylveon|Shadow Ball|p1a: what dat mouth do\n|-damage|p1a: what dat mouth do|58\/100\n|\n|-damage|p2a: Sylveon|0 fnt|[from] psn\n|faint|p2a: Sylveon\n|upkeep\n|\n|t:|1700113235\n|switch|p2a: Dugtrio|Dugtrio-Alola, F|37\/100\n|turn|14\n|\n|t:|1700113244\n|move|p2a: Dugtrio|Iron Head|p1a: what dat mouth do\n|-resisted|p1a: what dat mouth do\n|-damage|p1a: what dat mouth do|31\/100\n|-damage|p2a: Dugtrio|27\/100|[from] item: Life Orb\n|cant|p1a: what dat mouth do|flinch\n|\n|upkeep\n|turn|15\n|\n|t:|1700113258\n|switch|p1a: flame-ingo|Moltres, shiny|91\/100\n|move|p2a: Dugtrio|Iron Head|p1a: flame-ingo\n|-resisted|p1a: flame-ingo\n|-damage|p1a: flame-ingo|67\/100\n|-damage|p2a: Dugtrio|17\/100|[from] item: Life Orb\n|\n|upkeep\n|turn|16\n|\n|t:|1700113268\n|move|p2a: Dugtrio|Sucker Punch|p1a: flame-ingo\n|-damage|p1a: flame-ingo|43\/100\n|-damage|p2a: Dugtrio|7\/100|[from] item: Life Orb\n|move|p1a: flame-ingo|Air Slash|p2a: Dugtrio\n|-resisted|p2a: Dugtrio\n|-damage|p2a: Dugtrio|0 fnt\n|faint|p2a: Dugtrio\n|\n|upkeep\n|\n|t:|1700113276\n|switch|p2a: Regidrago|Regidrago|100\/100\n|turn|17\n|\n|t:|1700113284\n|move|p2a: Regidrago|Dragon Pulse|p1a: flame-ingo\n|-damage|p1a: flame-ingo|0 fnt\n|faint|p1a: flame-ingo\n|\n|upkeep\n|\n|t:|1700113289\n|switch|p1a: what dat mouth do|Eelektross, F|31\/100\n|-damage|p1a: what dat mouth do|19\/100|[from] Stealth Rock\n|turn|18\n|\n|t:|1700113292\n|move|p2a: Regidrago|Dragon Pulse|p1a: what dat mouth do\n|-damage|p1a: what dat mouth do|0 fnt\n|faint|p1a: what dat mouth do\n|\n|upkeep\n|\n|t:|1700113308\n|switch|p1a: squeeward|Toedscool, F|31\/100\n|-damage|p1a: squeeward|25\/100|[from] Stealth Rock\n|turn|19\n|\n|t:|1700113318\n|move|p1a: squeeward|Protect|p1a: squeeward\n|-singleturn|p1a: squeeward|Protect\n|move|p2a: Regidrago|Dragon Pulse|p1a: squeeward\n|-activate|p1a: squeeward|move: Protect\n|\n|upkeep\n|turn|20\n|\n|t:|1700113327\n|move|p2a: Regidrago|Dragon Pulse|p1a: squeeward\n|-crit|p1a: squeeward\n|-damage|p1a: squeeward|0 fnt\n|faint|p1a: squeeward\n|\n|upkeep\n|\n|t:|1700113331\n|switch|p1a: Lycanroc|Lycanroc-Midnight, M|100\/100\n|-damage|p1a: Lycanroc|88\/100|[from] Stealth Rock\n|turn|21\n|\n|t:|1700113345\n|move|p1a: Lycanroc|Shadow Claw|p2a: Regidrago\n|-damage|p2a: Regidrago|74\/100\n|move|p2a: Regidrago|Dragon Pulse|p1a: Lycanroc\n|-damage|p1a: Lycanroc|0 fnt\n|faint|p1a: Lycanroc\n|\n|upkeep\n|\n|t:|1700113352\n|switch|p1a: Tornadus|Tornadus-Therian, M|53\/100\n|-damage|p1a: Tornadus|29\/100|[from] Stealth Rock\n|turn|22\n|\n|t:|1700113360\n|move|p1a: Tornadus|Dark Pulse|p2a: Regidrago\n|-damage|p2a: Regidrago|47\/100\n|cant|p2a: Regidrago|flinch\n|\n|-heal|p1a: Tornadus|35\/100|[from] item: Leftovers\n|upkeep\n|turn|23\n|\n|t:|1700113367\n|-terastallize|p1a: Tornadus|Ground\n|move|p1a: Tornadus|Dark Pulse|p2a: Regidrago\n|-damage|p2a: Regidrago|19\/100\n|move|p2a: Regidrago|Dragon Pulse|p1a: Tornadus\n|-damage|p1a: Tornadus|0 fnt\n|faint|p1a: Tornadus\n|\n|win|w0909\n","uploadtime":1700113377,"views":8,"p1id":"papapena","p2id":"w0909","formatid":"gen9nationaldex","rating":0,"private":0,"password":""}