{"id":"gen9nationaldex-1987395900","p1":"catkins132","p2":"FlynnStingray","format":"[Gen 9] National Dex","log":"|j|\u2606catkins132\n|j|\u2606FlynnStingray\n|t:|1699585907\n|gametype|singles\n|player|p1|catkins132|266|1032\n|player|p2|FlynnStingray|erika|1067\n|teamsize|p1|3\n|teamsize|p2|6\n|gen|9\n|tier|[Gen 9] National Dex\n|rated|\n|rule|HP Percentage Mod: HP is shown in percentages\n|rule|Endless Battle Clause: Forcing endless battles is banned\n|rule|OHKO Clause: OHKO moves are banned\n|rule|Evasion Clause: Evasion abilities, items, and moves are banned\n|rule|Evasion Abilities Clause: Evasion abilities are banned\n|rule|Evasion Items Clause: Evasion items are banned\n|rule|Evasion Moves Clause: Evasion moves are banned\n|rule|Species Clause: Limit one of each Pok\u00e9mon\n|rule|Sleep Clause Mod: Limit one foe put to sleep\n|clearpoke\n|poke|p1|Shuckle, M|\n|poke|p1|Glimmora, F|\n|poke|p1|Tapu Koko|\n|poke|p2|Landorus-Therian, M|\n|poke|p2|Kleavor, F|\n|poke|p2|Rillaboom, M|\n|poke|p2|Urshifu-*, F|\n|poke|p2|Skeledirge, M|\n|poke|p2|Snorlax, M|\n|teampreview\n|c|\u2606FlynnStingray|Let me guess\n|c|\u2606FlynnStingray|Cool Gimmick team?\n|c|\u2606FlynnStingray|Youtube Channel?\n|c|\u2606catkins132|no\n|c|\u2606catkins132|just having fun with weird teams\n|c|\u2606catkins132|lol?\n|\n|t:|1699585945\n|start\n|switch|p1a: Shuckle|Shuckle, M|100\/100\n|switch|p2a: Fat bastard|Snorlax, M, shiny|100\/100\n|turn|1\n|\n|t:|1699585953\n|move|p2a: Fat bastard|Body Slam|p1a: Shuckle\n|-resisted|p1a: Shuckle\n|-damage|p1a: Shuckle|83\/100\n|move|p1a: Shuckle|Infestation|p2a: Fat bastard\n|-damage|p2a: Fat bastard|99\/100\n|-activate|p2a: Fat bastard|move: Infestation|[of] p1a: Shuckle\n|\n|-damage|p2a: Fat bastard|87\/100|[from] move: Infestation|[partiallytrapped]\n|upkeep\n|turn|2\n|\n|t:|1699585972\n|move|p2a: Fat bastard|Rest|p2a: Fat bastard\n|-status|p2a: Fat bastard|slp|[from] move: Rest\n|-heal|p2a: Fat bastard|100\/100 slp|[silent]\n|move|p1a: Shuckle|Sticky Web|p2a: Fat bastard\n|-sidestart|p2: FlynnStingray|move: Sticky Web\n|\n|-damage|p2a: Fat bastard|88\/100 slp|[from] move: Infestation|[partiallytrapped]\n|upkeep\n|turn|3\n|\n|t:|1699585979\n|cant|p2a: Fat bastard|slp\n|move|p2a: Fat bastard|Sleep Talk|p2a: Fat bastard\n|move|p2a: Fat bastard|Body Slam|p1a: Shuckle|[from]move: Sleep Talk\n|-resisted|p1a: Shuckle\n|-damage|p1a: Shuckle|65\/100\n|move|p1a: Shuckle|Stealth Rock|p2a: Fat bastard\n|-sidestart|p2: FlynnStingray|move: Stealth Rock\n|\n|-damage|p2a: Fat bastard|76\/100 slp|[from] move: Infestation|[partiallytrapped]\n|upkeep\n|turn|4\n|\n|t:|1699585987\n|switch|p1a: Glimmora|Glimmora, F|100\/100\n|cant|p2a: Fat bastard|slp\n|move|p2a: Fat bastard|Sleep Talk|p2a: Fat bastard\n|move|p2a: Fat bastard|Rest||[from]move: Sleep Talk|[still]\n|-fail|p2a: Fat bastard\n|\n|-end|p2a: Fat bastard|Infestation|[partiallytrapped]|[silent]\n|upkeep\n|turn|5\n|\n|t:|1699585996\n|move|p1a: Glimmora|Toxic Spikes|p2a: Fat bastard\n|-sidestart|p2: FlynnStingray|move: Toxic Spikes\n|-curestatus|p2a: Fat bastard|slp|[msg]\n|move|p2a: Fat bastard|Sleep Talk||[still]\n|-fail|p2a: Fat bastard\n|\n|upkeep\n|turn|6\n|\n|t:|1699586002\n|move|p1a: Glimmora|Spikes|p2a: Fat bastard\n|-sidestart|p2: FlynnStingray|Spikes\n|move|p2a: Fat bastard|Heavy Slam|p1a: Glimmora\n|-supereffective|p1a: Glimmora\n|-damage|p1a: Glimmora|17\/100\n|-activate|p1a: Glimmora|ability: Toxic Debris\n|-sidestart|p2: FlynnStingray|move: Toxic Spikes\n|\n|upkeep\n|turn|7\n|\n|t:|1699586012\n|move|p1a: Glimmora|Spiky Shield|p1a: Glimmora\n|-singleturn|p1a: Glimmora|move: Protect\n|move|p2a: Fat bastard|Heavy Slam|p1a: Glimmora\n|-activate|p1a: Glimmora|move: Protect\n|-damage|p2a: Fat bastard|63\/100|[from] Spiky Shield|[of] p1a: Glimmora\n|\n|upkeep\n|turn|8\n|\n|t:|1699586024\n|switch|p1a: Shuckle|Shuckle, M|65\/100\n|move|p2a: Fat bastard|Rest|p2a: Fat bastard\n|-status|p2a: Fat bastard|slp|[from] move: Rest\n|-heal|p2a: Fat bastard|100\/100 slp|[silent]\n|\n|upkeep\n|turn|9\n|\n|t:|1699586030\n|cant|p2a: Fat bastard|slp\n|move|p2a: Fat bastard|Sleep Talk|p2a: Fat bastard\n|move|p2a: Fat bastard|Heavy Slam|p1a: Shuckle|[from]move: Sleep Talk\n|-supereffective|p1a: Shuckle\n|-damage|p1a: Shuckle|2\/100\n|move|p1a: Shuckle|Infestation|p2a: Fat bastard\n|-damage|p2a: Fat bastard|99\/100 slp\n|-activate|p2a: Fat bastard|move: Infestation|[of] p1a: Shuckle\n|\n|-damage|p2a: Fat bastard|87\/100 slp|[from] move: Infestation|[partiallytrapped]\n|upkeep\n|turn|10\n|\n|t:|1699586040\n|switch|p1a: Tapu Koko|Tapu Koko|100\/100\n|-fieldstart|move: Electric Terrain|[from] ability: Electric Surge|[of] p1a: Tapu Koko\n|cant|p2a: Fat bastard|slp\n|move|p2a: Fat bastard|Sleep Talk|p2a: Fat bastard\n|move|p2a: Fat bastard|Body Slam|p1a: Tapu Koko|[from]move: Sleep Talk\n|-damage|p1a: Tapu Koko|51\/100\n|\n|-end|p2a: Fat bastard|Infestation|[partiallytrapped]|[silent]\n|upkeep\n|turn|11\n|\n|t:|1699586052\n|-curestatus|p2a: Fat bastard|slp|[msg]\n|move|p2a: Fat bastard|Sleep Talk||[still]\n|-fail|p2a: Fat bastard\n|move|p1a: Tapu Koko|Roar|p2a: Fat bastard\n|drag|p2a: The AXE|Kleavor, F, shiny|100\/100\n|-activate|p2a: The AXE|move: Sticky Web\n|-unboost|p2a: The AXE|spe|1\n|-damage|p2a: The AXE|76\/100|[from] Stealth Rock\n|-status|p2a: The AXE|tox\n|-damage|p2a: The AXE|63\/100 tox|[from] Spikes\n|\n|-damage|p2a: The AXE|57\/100 tox|[from] psn\n|upkeep\n|turn|12\n|\n|t:|1699586067\n|move|p2a: The AXE|X-Scissor|p1a: Tapu Koko\n|-resisted|p1a: Tapu Koko\n|-damage|p1a: Tapu Koko|14\/100\n|move|p1a: Tapu Koko|Roar|p2a: The AXE\n|drag|p2a: Randy Jr.|Landorus-Therian, M|100\/100\n|-damage|p2a: Randy Jr.|88\/100|[from] Stealth Rock\n|-ability|p2a: Randy Jr.|Intimidate|boost\n|-unboost|p1a: Tapu Koko|atk|1\n|\n|upkeep\n|turn|13\n|\n|t:|1699586077\n|move|p2a: Randy Jr.|Defog|p1a: Tapu Koko\n|-unboost|p1a: Tapu Koko|evasion|1\n|-sideend|p2: FlynnStingray|Spikes|[from] move: Defog|[of] p2a: Randy Jr.\n|-sideend|p2: FlynnStingray|Toxic Spikes|[from] move: Defog|[of] p2a: Randy Jr.\n|-sideend|p2: FlynnStingray|Stealth Rock|[from] move: Defog|[of] p2a: Randy Jr.\n|-sideend|p2: FlynnStingray|Sticky Web|[from] move: Defog|[of] p2a: Randy Jr.\n|-fieldend|move: Electric Terrain\n|move|p1a: Tapu Koko|Roar|p2a: Randy Jr.\n|drag|p2a: Beowulf|Urshifu-Rapid-Strike, F|100\/100\n|\n|upkeep\n|turn|14\n|-message|catkins132 forfeited.\n|\n|win|FlynnStingray\n|raw|catkins132's rating: 1032 &rarr; <strong>1019<\/strong><br \/>(-13 for losing)\n|raw|FlynnStingray's rating: 1067 &rarr; <strong>1094<\/strong><br \/>(+27 for winning)\n|l|\u2606catkins132\n|c|\u2606FlynnStingray|LOL\n","uploadtime":1699586092,"views":5,"p1id":"catkins132","p2id":"flynnstingray","formatid":"gen9nationaldex","rating":1019,"private":0,"password":""}