{"id":"gen9nationaldex-1990448829","p1":"baigu3","p2":"L1ghten1ng","format":"[Gen 9] National Dex","log":"|j|\u2606baigu3\n|j|\u2606L1ghten1ng\n|t:|1699971992\n|gametype|singles\n|player|p1|baigu3|dawn|1675\n|player|p2|L1ghten1ng|101|1580\n|teamsize|p1|6\n|teamsize|p2|6\n|gen|9\n|tier|[Gen 9] National Dex\n|rated|\n|rule|HP Percentage Mod: HP is shown in percentages\n|rule|Endless Battle Clause: Forcing endless battles is banned\n|rule|OHKO Clause: OHKO moves are banned\n|rule|Evasion Clause: Evasion abilities, items, and moves are banned\n|rule|Evasion Abilities Clause: Evasion abilities are banned\n|rule|Evasion Items Clause: Evasion items are banned\n|rule|Evasion Moves Clause: Evasion moves are banned\n|rule|Species Clause: Limit one of each Pok\u00e9mon\n|rule|Sleep Clause Mod: Limit one foe put to sleep\n|clearpoke\n|poke|p1|Pelipper, M|\n|poke|p1|Kingdra, M|\n|poke|p1|Ferrothorn, F|\n|poke|p1|Dragonite, F|\n|poke|p1|Great Tusk|\n|poke|p1|Banette, M|\n|poke|p2|Armarouge, M|\n|poke|p2|Ninetales-Alola, F|\n|poke|p2|Scizor, M|\n|poke|p2|Dragonite, M|\n|poke|p2|Ogerpon-Wellspring, F|\n|poke|p2|Tapu Lele|\n|teampreview\n|inactive|Battle timer is ON: inactive players will automatically lose when time's up. (requested by L1ghten1ng)\n|\n|t:|1699972013\n|start\n|switch|p1a: Ferrothorn|Ferrothorn, F|100\/100\n|switch|p2a: Tapu Lele|Tapu Lele|100\/100\n|-fieldstart|move: Psychic Terrain|[from] ability: Psychic Surge|[of] p2a: Tapu Lele\n|turn|1\n|\n|t:|1699972025\n|move|p2a: Tapu Lele|Focus Blast|p1a: Ferrothorn\n|-supereffective|p1a: Ferrothorn\n|-damage|p1a: Ferrothorn|27\/100\n|-unboost|p1a: Ferrothorn|spd|1\n|move|p1a: Ferrothorn|Gyro Ball|p2a: Tapu Lele\n|-supereffective|p2a: Tapu Lele\n|-damage|p2a: Tapu Lele|0 fnt\n|faint|p2a: Tapu Lele\n|\n|-heal|p1a: Ferrothorn|33\/100|[from] item: Leftovers\n|upkeep\n|\n|t:|1699972048\n|switch|p2a: Armarouge|Armarouge, M|100\/100\n|turn|2\n|\n|t:|1699972054\n|switch|p1a: Pelipper|Pelipper, M|100\/100\n|-weather|RainDance|[from] ability: Drizzle|[of] p1a: Pelipper\n|move|p2a: Armarouge|Iron Defense|p2a: Armarouge\n|-boost|p2a: Armarouge|def|2\n|\n|-weather|RainDance|[upkeep]\n|upkeep\n|turn|3\n|\n|t:|1699972068\n|move|p2a: Armarouge|Endure|p2a: Armarouge\n|-singleturn|p2a: Armarouge|move: Endure\n|move|p1a: Pelipper|Scald|p2a: Armarouge\n|-supereffective|p2a: Armarouge\n|-activate|p2a: Armarouge|move: Endure\n|-damage|p2a: Armarouge|1\/100\n|-enditem|p2a: Armarouge|Weakness Policy\n|-boost|p2a: Armarouge|atk|2|[from] item: Weakness Policy\n|-boost|p2a: Armarouge|spa|2|[from] item: Weakness Policy\n|\n|-weather|RainDance|[upkeep]\n|upkeep\n|turn|4\n|\n|t:|1699972080\n|switch|p1a: Ferrothorn|Ferrothorn, F|33\/100\n|move|p2a: Armarouge|Stored Power|p1a: Ferrothorn\n|-resisted|p1a: Ferrothorn\n|-damage|p1a: Ferrothorn|0 fnt\n|faint|p1a: Ferrothorn\n|\n|-weather|RainDance|[upkeep]\n|upkeep\n|\n|t:|1699972082\n|switch|p1a: Dragonite|Dragonite, F|100\/100\n|turn|5\n|\n|t:|1699972097\n|move|p2a: Armarouge|Endure|p2a: Armarouge\n|-singleturn|p2a: Armarouge|move: Endure\n|move|p1a: Dragonite|Dual Wingbeat|p2a: Armarouge\n|-activate|p2a: Armarouge|move: Endure\n|-damage|p2a: Armarouge|1\/100\n|-ability|p2a: Armarouge|Weak Armor|boost\n|-unboost|p2a: Armarouge|def|1\n|-boost|p2a: Armarouge|spe|2\n|-crit|p2a: Armarouge\n|-activate|p2a: Armarouge|move: Endure\n|-damage|p2a: Armarouge|1\/100\n|-ability|p2a: Armarouge|Weak Armor|boost\n|-unboost|p2a: Armarouge|def|1\n|-boost|p2a: Armarouge|spe|2\n|-hitcount|p2a: Armarouge|2\n|\n|-weather|RainDance|[upkeep]\n|-fieldend|move: Psychic Terrain\n|upkeep\n|turn|6\n|\n|t:|1699972111\n|move|p2a: Armarouge|Stored Power|p1a: Dragonite\n|-damage|p1a: Dragonite|24\/100\n|move|p1a: Dragonite|Dual Wingbeat|p2a: Armarouge\n|-damage|p2a: Armarouge|0 fnt\n|faint|p2a: Armarouge\n|-hitcount|p2: Armarouge|1\n|\n|-weather|RainDance|[upkeep]\n|upkeep\n|\n|t:|1699972127\n|switch|p2a: Ninetales|Ninetales-Alola, F|100\/100\n|-weather|Snow|[from] ability: Snow Warning|[of] p2a: Ninetales\n|turn|7\n|\n|t:|1699972134\n|switch|p1a: Pelipper|Pelipper, M|100\/100\n|-weather|RainDance|[from] ability: Drizzle|[of] p1a: Pelipper\n|move|p2a: Ninetales|Freeze-Dry|p1a: Pelipper\n|-supereffective|p1a: Pelipper\n|-crit|p1a: Pelipper\n|-damage|p1a: Pelipper|0 fnt\n|faint|p1a: Pelipper\n|\n|-weather|RainDance|[upkeep]\n|upkeep\n|\n|t:|1699972140\n|switch|p1a: Banette|Banette, M|100\/100\n|turn|8\n|\n|t:|1699972148\n|switch|p2a: Dragonite|Dragonite, M|100\/100\n|move|p1a: Banette|Poltergeist|p2a: Dragonite\n|-activate|p2a: Dragonite|move: Poltergeist|Heavy-Duty Boots\n|-damage|p2a: Dragonite|76\/100\n|\n|-weather|RainDance|[upkeep]\n|upkeep\n|turn|9\n|\n|t:|1699972160\n|detailschange|p1a: Banette|Banette-Mega, M\n|-mega|p1a: Banette|Banette|Banettite\n|move|p1a: Banette|Poltergeist|p2a: Dragonite\n|-activate|p2a: Dragonite|move: Poltergeist|Heavy-Duty Boots\n|-damage|p2a: Dragonite|16\/100\n|move|p2a: Dragonite|Roost|p2a: Dragonite\n|-heal|p2a: Dragonite|66\/100\n|-singleturn|p2a: Dragonite|move: Roost\n|\n|-weather|RainDance|[upkeep]\n|upkeep\n|turn|10\n|\n|t:|1699972173\n|-terastallize|p2a: Dragonite|Normal\n|move|p1a: Banette|Poltergeist|p2a: Dragonite\n|-immune|p2a: Dragonite\n|move|p2a: Dragonite|Roost|p2a: Dragonite\n|-heal|p2a: Dragonite|100\/100\n|\n|-weather|RainDance|[upkeep]\n|upkeep\n|turn|11\n|\n|t:|1699972184\n|move|p1a: Banette|Encore|p2a: Dragonite\n|-start|p2a: Dragonite|Encore\n|move|p2a: Dragonite|Roost||[still]\n|-fail|p2a: Dragonite|heal\n|\n|-weather|RainDance|[upkeep]\n|upkeep\n|turn|12\n|\n|t:|1699972195\n|switch|p2a: Ninetales|Ninetales-Alola, F|100\/100\n|-weather|Snow|[from] ability: Snow Warning|[of] p2a: Ninetales\n|move|p1a: Banette|Poltergeist|p2a: Ninetales\n|-activate|p2a: Ninetales|move: Poltergeist|Light Clay\n|-damage|p2a: Ninetales|43\/100\n|\n|-weather|Snow|[upkeep]\n|upkeep\n|turn|13\n|\n|t:|1699972208\n|move|p2a: Ninetales|Aurora Veil|p2a: Ninetales\n|-sidestart|p2: L1ghten1ng|move: Aurora Veil\n|move|p1a: Banette|Infestation|p2a: Ninetales\n|-resisted|p2a: Ninetales\n|-damage|p2a: Ninetales|42\/100\n|-activate|p2a: Ninetales|move: Infestation|[of] p1a: Banette\n|\n|-weather|Snow|[upkeep]\n|-damage|p2a: Ninetales|30\/100|[from] move: Infestation|[partiallytrapped]\n|upkeep\n|turn|14\n|\n|t:|1699972218\n|move|p1a: Banette|Encore|p2a: Ninetales\n|-start|p2a: Ninetales|Encore\n|move|p2a: Ninetales|Aurora Veil||[still]\n|-fail|p2a: Ninetales\n|\n|-weather|Snow|[upkeep]\n|-damage|p2a: Ninetales|17\/100|[from] move: Infestation|[partiallytrapped]\n|upkeep\n|turn|15\n|\n|t:|1699972229\n|move|p1a: Banette|Encore||[still]\n|-fail|p1a: Banette\n|move|p2a: Ninetales|Aurora Veil||[still]\n|-fail|p2a: Ninetales\n|\n|-weather|Snow|[upkeep]\n|-damage|p2a: Ninetales|5\/100|[from] move: Infestation|[partiallytrapped]\n|upkeep\n|turn|16\n|\n|t:|1699972243\n|move|p1a: Banette|Encore||[still]\n|-fail|p1a: Banette\n|move|p2a: Ninetales|Aurora Veil||[still]\n|-fail|p2a: Ninetales\n|\n|-weather|none\n|-damage|p2a: Ninetales|0 fnt|[from] move: Infestation|[partiallytrapped]\n|faint|p2a: Ninetales\n|upkeep\n|inactive|L1ghten1ng has 120 seconds left.\n|\n|t:|1699972277\n|switch|p2a: Dragonite|Dragonite, M, tera:Normal|100\/100\n|turn|17\n|\n|t:|1699972281\n|switch|p1a: Great Tusk|Great Tusk|100\/100\n|move|p2a: Dragonite|Curse|p2a: Dragonite\n|-unboost|p2a: Dragonite|spe|1\n|-boost|p2a: Dragonite|atk|1\n|-boost|p2a: Dragonite|def|1\n|\n|upkeep\n|turn|18\n|inactive|L1ghten1ng has 120 seconds left.\n|\n|t:|1699972303\n|move|p1a: Great Tusk|Close Combat|p2a: Dragonite\n|-supereffective|p2a: Dragonite\n|-damage|p2a: Dragonite|84\/100\n|-unboost|p1a: Great Tusk|def|1\n|-unboost|p1a: Great Tusk|spd|1\n|move|p2a: Dragonite|Curse|p2a: Dragonite\n|-unboost|p2a: Dragonite|spe|1\n|-boost|p2a: Dragonite|atk|1\n|-boost|p2a: Dragonite|def|1\n|\n|upkeep\n|turn|19\n|inactive|L1ghten1ng has 120 seconds left.\n|\n|t:|1699972316\n|move|p1a: Great Tusk|Close Combat|p2a: Dragonite\n|-supereffective|p2a: Dragonite\n|-damage|p2a: Dragonite|61\/100\n|-unboost|p1a: Great Tusk|def|1\n|-unboost|p1a: Great Tusk|spd|1\n|move|p2a: Dragonite|Roost|p2a: Dragonite\n|-heal|p2a: Dragonite|100\/100\n|\n|upkeep\n|turn|20\n|inactive|L1ghten1ng has 120 seconds left.\n|\n|t:|1699972332\n|-end|p1a: Great Tusk|Protosynthesis|[silent]\n|switch|p1a: Dragonite|Dragonite, F|24\/100\n|move|p2a: Dragonite|Extreme Speed|p1a: Dragonite\n|-damage|p1a: Dragonite|0 fnt\n|faint|p1a: Dragonite\n|\n|-sideend|p2: L1ghten1ng|move: Aurora Veil\n|upkeep\n|\n|t:|1699972334\n|switch|p1a: Banette|Banette-Mega, M|100\/100\n|turn|21\n|inactive|L1ghten1ng has 120 seconds left.\n|\n|t:|1699972355\n|switch|p2a: Scizor|Scizor, M|100\/100\n|move|p1a: Banette|Encore||[still]\n|-fail|p1a: Banette\n|\n|upkeep\n|turn|22\n|inactive|L1ghten1ng has 120 seconds left.\n|\n|t:|1699972368\n|detailschange|p2a: Scizor|Scizor-Mega, M\n|-mega|p2a: Scizor|Scizor|Scizorite\n|move|p2a: Scizor|Bullet Punch|p1a: Banette\n|-damage|p1a: Banette|57\/100\n|move|p1a: Banette|Poltergeist|p2a: Scizor\n|-activate|p2a: Scizor|move: Poltergeist|Scizorite\n|-crit|p2a: Scizor\n|-damage|p2a: Scizor|25\/100\n|\n|upkeep\n|turn|23\n|inactive|L1ghten1ng has 120 seconds left.\n|\n|t:|1699972379\n|switch|p2a: Dragonite|Dragonite, M, tera:Normal|100\/100\n|move|p1a: Banette|Poltergeist|p2a: Dragonite\n|-immune|p2a: Dragonite\n|\n|upkeep\n|turn|24\n|inactive|L1ghten1ng has 120 seconds left.\n|\n|t:|1699972402\n|move|p1a: Banette|Infestation|p2a: Dragonite\n|-damage|p2a: Dragonite|99\/100\n|-activate|p2a: Dragonite|move: Infestation|[of] p1a: Banette\n|move|p2a: Dragonite|Earthquake|p1a: Banette\n|-damage|p1a: Banette|10\/100\n|\n|-damage|p2a: Dragonite|86\/100|[from] move: Infestation|[partiallytrapped]\n|upkeep\n|turn|25\n|\n|t:|1699972416\n|switch|p1a: Great Tusk|Great Tusk|100\/100\n|move|p2a: Dragonite|Earthquake|p1a: Great Tusk\n|-damage|p1a: Great Tusk|76\/100\n|\n|-end|p2a: Dragonite|Infestation|[partiallytrapped]|[silent]\n|upkeep\n|turn|26\n|inactive|L1ghten1ng has 90 seconds left.\n|\n|t:|1699972454\n|switch|p2a: Ogerpon|Ogerpon-Wellspring, F|100\/100\n|move|p1a: Great Tusk|Close Combat|p2a: Ogerpon\n|-damage|p2a: Ogerpon|15\/100\n|-unboost|p1a: Great Tusk|def|1\n|-unboost|p1a: Great Tusk|spd|1\n|\n|upkeep\n|turn|27\n|inactive|L1ghten1ng has 90 seconds left.\n|\n|t:|1699972464\n|move|p1a: Great Tusk|Close Combat|p2a: Ogerpon\n|-damage|p2a: Ogerpon|0 fnt\n|-unboost|p1a: Great Tusk|def|1\n|-unboost|p1a: Great Tusk|spd|1\n|faint|p2a: Ogerpon\n|\n|upkeep\n|inactive|L1ghten1ng has 90 seconds left.\n|\n|t:|1699972473\n|switch|p2a: Scizor|Scizor-Mega, M|25\/100\n|turn|28\n|inactive|L1ghten1ng has 90 seconds left.\n|\n|t:|1699972491\n|move|p2a: Scizor|Bullet Punch|p1a: Great Tusk\n|-damage|p1a: Great Tusk|35\/100\n|move|p1a: Great Tusk|Close Combat|p2a: Scizor\n|-crit|p2a: Scizor\n|-damage|p2a: Scizor|0 fnt\n|-unboost|p1a: Great Tusk|def|1\n|-unboost|p1a: Great Tusk|spd|1\n|faint|p2a: Scizor\n|\n|upkeep\n|\n|t:|1699972499\n|switch|p2a: Dragonite|Dragonite, M, tera:Normal|86\/100\n|turn|29\n|inactive|L1ghten1ng has 90 seconds left.\n|\n|t:|1699972519\n|-end|p1a: Great Tusk|Protosynthesis|[silent]\n|switch|p1a: Kingdra|Kingdra, M|100\/100\n|move|p2a: Dragonite|Extreme Speed|p1a: Kingdra\n|-damage|p1a: Kingdra|50\/100\n|\n|upkeep\n|turn|30\n|\n|t:|1699972529\n|-terastallize|p1a: Kingdra|Water\n|move|p2a: Dragonite|Extreme Speed|p1a: Kingdra\n|-damage|p1a: Kingdra|0 fnt\n|faint|p1a: Kingdra\n|\n|upkeep\n|\n|t:|1699972534\n|switch|p1a: Banette|Banette-Mega, M|10\/100\n|turn|31\n|inactive|L1ghten1ng has 90 seconds left.\n|\n|t:|1699972545\n|move|p1a: Banette|Encore|p2a: Dragonite\n|-start|p2a: Dragonite|Encore\n|move|p2a: Dragonite|Extreme Speed|p1a: Banette\n|-immune|p1a: Banette\n|\n|upkeep\n|turn|32\n|inactive|L1ghten1ng has 90 seconds left.\n|\n|t:|1699972551\n|move|p2a: Dragonite|Extreme Speed|p1a: Banette\n|-immune|p1a: Banette\n|move|p1a: Banette|Infestation|p2a: Dragonite\n|-damage|p2a: Dragonite|83\/100\n|-activate|p2a: Dragonite|move: Infestation|[of] p1a: Banette\n|\n|-damage|p2a: Dragonite|71\/100|[from] move: Infestation|[partiallytrapped]\n|upkeep\n|turn|33\n|inactive|L1ghten1ng has 90 seconds left.\n|\n|t:|1699972562\n|move|p2a: Dragonite|Extreme Speed|p1a: Banette\n|-immune|p1a: Banette\n|move|p1a: Banette|Infestation|p2a: Dragonite\n|-damage|p2a: Dragonite|68\/100\n|\n|-damage|p2a: Dragonite|55\/100|[from] move: Infestation|[partiallytrapped]\n|-end|p2a: Dragonite|Encore\n|upkeep\n|turn|34\n|\n|t:|1699972570\n|move|p1a: Banette|Encore|p2a: Dragonite\n|-start|p2a: Dragonite|Encore\n|move|p2a: Dragonite|Extreme Speed|p1a: Banette\n|-immune|p1a: Banette\n|\n|-damage|p2a: Dragonite|43\/100|[from] move: Infestation|[partiallytrapped]\n|upkeep\n|turn|35\n|\n|t:|1699972578\n|move|p2a: Dragonite|Extreme Speed|p1a: Banette\n|-immune|p1a: Banette\n|move|p1a: Banette|Infestation|p2a: Dragonite\n|-damage|p2a: Dragonite|40\/100\n|\n|-damage|p2a: Dragonite|27\/100|[from] move: Infestation|[partiallytrapped]\n|-end|p2a: Dragonite|Encore\n|upkeep\n|turn|36\n|\n|t:|1699972588\n|move|p1a: Banette|Destiny Bond|p1a: Banette\n|-singlemove|p1a: Banette|Destiny Bond\n|move|p2a: Dragonite|Roost|p2a: Dragonite\n|-heal|p2a: Dragonite|77\/100\n|\n|-end|p2a: Dragonite|Infestation|[partiallytrapped]\n|upkeep\n|turn|37\n|\n|t:|1699972613\n|switch|p1a: Great Tusk|Great Tusk|35\/100\n|move|p2a: Dragonite|Earthquake|p1a: Great Tusk\n|-damage|p1a: Great Tusk|13\/100\n|\n|upkeep\n|turn|38\n|inactive|L1ghten1ng has 90 seconds left.\n|\n|t:|1699972634\n|move|p1a: Great Tusk|Close Combat|p2a: Dragonite\n|-supereffective|p2a: Dragonite\n|-damage|p2a: Dragonite|0 fnt\n|-unboost|p1a: Great Tusk|def|1\n|-unboost|p1a: Great Tusk|spd|1\n|faint|p2a: Dragonite\n|\n|win|baigu3\n|raw|baigu3's rating: 1675 &rarr; <strong>1690<\/strong><br \/>(+15 for winning)\n|raw|L1ghten1ng's rating: 1580 &rarr; <strong>1565<\/strong><br \/>(-15 for losing)\n|c|\u2606baigu3|gg\n|l|\u2606L1ghten1ng\n","uploadtime":1699972643,"views":4,"p1id":"baigu3","p2id":"l1ghten1ng","formatid":"gen9nationaldex","rating":1565,"private":0,"password":""}