{"id":"gen9nationaldex-1990847794","p1":"looking 4 horizons","p2":"SylfDream","format":"[Gen 9] National Dex","log":"|j|\u2606looking 4 horizons\n|j|\u2606SylfDream\n|inactive|Battle timer is ON: inactive players will automatically lose when time's up.\n|t:|1700007166\n|gametype|singles\n|player|p1|looking 4 horizons|silver-masters|\n|player|p2|SylfDream|cogita|\n|teamsize|p1|6\n|teamsize|p2|6\n|gen|9\n|tier|[Gen 9] National Dex\n|rated|Tournament battle\n|rule|HP Percentage Mod: HP is shown in percentages\n|rule|Endless Battle Clause: Forcing endless battles is banned\n|rule|OHKO Clause: OHKO moves are banned\n|rule|Evasion Clause: Evasion abilities, items, and moves are banned\n|rule|Evasion Abilities Clause: Evasion abilities are banned\n|rule|Evasion Items Clause: Evasion items are banned\n|rule|Evasion Moves Clause: Evasion moves are banned\n|rule|Species Clause: Limit one of each Pok\u00e9mon\n|rule|Sleep Clause Mod: Limit one foe put to sleep\n|clearpoke\n|poke|p1|Gliscor, M|\n|poke|p1|Dondozo, F|\n|poke|p1|Aegislash, M|\n|poke|p1|Ampharos, M|\n|poke|p1|Chansey, F|\n|poke|p1|Tornadus-Therian, M|\n|poke|p2|Reuniclus, F|\n|poke|p2|Rotom-Wash|\n|poke|p2|Corviknight, M|\n|poke|p2|Blaziken, F|\n|poke|p2|Zamazenta-*|\n|poke|p2|Iron Valiant|\n|teampreview\n|inactive|SylfDream also wants the timer to be on.\n|c|\u2606looking 4 horizons|hf\n|c|\u2606SylfDream|gl\n|inactive|looking 4 horizons has 120 seconds left.\n|\n|t:|1700007206\n|start\n|switch|p1a: Gliscor|Gliscor, M|100\/100\n|switch|p2a: Rotom|Rotom-Wash|100\/100\n|turn|1\n|\n|t:|1700007215\n|switch|p1a: Dondozo|Dondozo, F|100\/100\n|move|p2a: Rotom|Hydro Pump|p1a: Dondozo\n|-resisted|p1a: Dondozo\n|-damage|p1a: Dondozo|82\/100\n|\n|-heal|p1a: Dondozo|89\/100|[from] item: Leftovers\n|upkeep\n|turn|2\n|\n|t:|1700007218\n|switch|p1a: Gliscor|Gliscor, M|100\/100\n|move|p2a: Rotom|Will-O-Wisp|p1a: Gliscor\n|-status|p1a: Gliscor|brn\n|\n|-damage|p1a: Gliscor|94\/100 brn|[from] brn\n|upkeep\n|turn|3\n|\n|t:|1700007223\n|move|p1a: Gliscor|Toxic|p2a: Rotom\n|-status|p2a: Rotom|tox\n|move|p2a: Rotom|Hydro Pump|p1a: Gliscor\n|-supereffective|p1a: Gliscor\n|-damage|p1a: Gliscor|32\/100 brn\n|\n|-damage|p2a: Rotom|94\/100 tox|[from] psn\n|-damage|p1a: Gliscor|26\/100 brn|[from] brn\n|upkeep\n|turn|4\n|\n|t:|1700007228\n|switch|p2a: Corviknight|Corviknight, M|100\/100\n|-ability|p2a: Corviknight|Pressure\n|move|p1a: Gliscor|Roost|p1a: Gliscor\n|-heal|p1a: Gliscor|76\/100 brn\n|-singleturn|p1a: Gliscor|move: Roost\n|\n|-damage|p1a: Gliscor|70\/100 brn|[from] brn\n|upkeep\n|turn|5\n|\n|t:|1700007237\n|switch|p1a: Ampharos|Ampharos, M|100\/100\n|move|p2a: Corviknight|U-turn|p1a: Ampharos\n|-damage|p1a: Ampharos|85\/100\n|inactive|SylfDream has 120 seconds left.\n|\n|t:|1700007273\n|switch|p2a: Iron Valiant|Iron Valiant|100\/100|[from] U-turn\n|-enditem|p2a: Iron Valiant|Booster Energy\n|-activate|p2a: Iron Valiant|ability: Quark Drive|[fromitem]\n|-start|p2a: Iron Valiant|quarkdrivespe\n|\n|upkeep\n|turn|6\n|inactive|looking 4 horizons has 120 seconds left.\n|\n|t:|1700007305\n|switch|p1a: Aegislash|Aegislash, M|100\/100\n|move|p2a: Iron Valiant|Calm Mind|p2a: Iron Valiant\n|-boost|p2a: Iron Valiant|spa|1\n|-boost|p2a: Iron Valiant|spd|1\n|\n|upkeep\n|turn|7\n|\n|t:|1700007316\n|move|p2a: Iron Valiant|Thunderbolt|p1a: Aegislash\n|-crit|p1a: Aegislash\n|-damage|p1a: Aegislash|48\/100\n|move|p1a: Aegislash|Toxic|p2a: Iron Valiant|[miss]\n|-miss|p1a: Aegislash|p2a: Iron Valiant\n|\n|-heal|p1a: Aegislash|54\/100|[from] item: Leftovers\n|upkeep\n|turn|8\n|\n|t:|1700007323\n|-terastallize|p2a: Iron Valiant|Steel\n|move|p1a: Aegislash|King's Shield|p1a: Aegislash\n|-singleturn|p1a: Aegislash|Protect\n|move|p2a: Iron Valiant|Calm Mind|p2a: Iron Valiant\n|-boost|p2a: Iron Valiant|spa|1\n|-boost|p2a: Iron Valiant|spd|1\n|\n|-heal|p1a: Aegislash|61\/100|[from] item: Leftovers\n|upkeep\n|turn|9\n|\n|t:|1700007329\n|move|p2a: Iron Valiant|Thunderbolt|p1a: Aegislash\n|-damage|p1a: Aegislash|18\/100\n|-status|p1a: Aegislash|par\n|cant|p1a: Aegislash|par\n|\n|-heal|p1a: Aegislash|24\/100 par|[from] item: Leftovers\n|upkeep\n|turn|10\n|\n|t:|1700007340\n|switch|p1a: Gliscor|Gliscor, M|70\/100 brn\n|move|p2a: Iron Valiant|Moonblast|p1a: Gliscor\n|-damage|p1a: Gliscor|0 fnt\n|faint|p1a: Gliscor\n|\n|upkeep\n|\n|t:|1700007342\n|switch|p1a: Chansey|Chansey, F|100\/100\n|turn|11\n|c|\u2606SylfDream|did moonblast get a new animation?\n|c|\u2606SylfDream|or that just me\n|\n|t:|1700007360\n|move|p2a: Iron Valiant|Focus Blast|p1a: Chansey\n|-supereffective|p1a: Chansey\n|-damage|p1a: Chansey|34\/100\n|move|p1a: Chansey|Seismic Toss|p2a: Iron Valiant\n|-damage|p2a: Iron Valiant|66\/100\n|\n|upkeep\n|turn|12\n|c|\u2606looking 4 horizons|it does have a new animation\n|c|\u2606SylfDream|ok i was like thats odd xD\n|c|\u2606looking 4 horizons|i'm also screwed\n|\n|t:|1700007382\n|-terastallize|p1a: Chansey|Ghost\n|move|p2a: Iron Valiant|Thunderbolt|p1a: Chansey\n|-damage|p1a: Chansey|15\/100\n|move|p1a: Chansey|Soft-Boiled|p1a: Chansey\n|-heal|p1a: Chansey|65\/100\n|\n|upkeep\n|turn|13\n|\n|t:|1700007397\n|-end|p2a: Iron Valiant|Quark Drive|[silent]\n|switch|p2a: Corviknight|Corviknight, M|100\/100\n|-ability|p2a: Corviknight|Pressure\n|move|p1a: Chansey|Seismic Toss|p2a: Corviknight\n|-damage|p2a: Corviknight|75\/100\n|-damage|p1a: Chansey|48\/100|[from] item: Rocky Helmet|[of] p2a: Corviknight\n|\n|upkeep\n|turn|14\n|\n|t:|1700007408\n|move|p1a: Chansey|Soft-Boiled|p1a: Chansey\n|-heal|p1a: Chansey|98\/100\n|move|p2a: Corviknight|Brave Bird|p1a: Chansey\n|-damage|p1a: Chansey|76\/100\n|-damage|p2a: Corviknight|63\/100|[from] Recoil\n|\n|upkeep\n|turn|15\n|\n|t:|1700007411\n|move|p1a: Chansey|Wish|p1a: Chansey\n|move|p2a: Corviknight|U-turn|p1a: Chansey\n|-resisted|p1a: Chansey\n|-damage|p1a: Chansey|71\/100\n|\n|t:|1700007424\n|switch|p2a: Zamazenta|Zamazenta|100\/100|[from] U-turn\n|-ability|p2a: Zamazenta|Dauntless Shield|boost\n|-boost|p2a: Zamazenta|def|1\n|\n|upkeep\n|turn|16\n|\n|t:|1700007433\n|switch|p1a: Aegislash|Aegislash, M|24\/100 par\n|move|p2a: Zamazenta|Substitute|p2a: Zamazenta\n|-start|p2a: Zamazenta|Substitute\n|-damage|p2a: Zamazenta|75\/100\n|\n|-heal|p1a: Aegislash|100\/100 par|[from] move: Wish|[wisher] Chansey\n|-heal|p2a: Zamazenta|82\/100|[from] item: Leftovers\n|upkeep\n|turn|17\n|\n|t:|1700007440\n|move|p2a: Zamazenta|Iron Defense|p2a: Zamazenta\n|-boost|p2a: Zamazenta|def|2\n|-formechange|p1a: Aegislash|Aegislash-Blade||[from] ability: Stance Change\n|move|p1a: Aegislash|Shadow Ball|p2a: Zamazenta\n|-end|p2a: Zamazenta|Substitute\n|\n|-heal|p2a: Zamazenta|88\/100|[from] item: Leftovers\n|upkeep\n|turn|18\n|\n|t:|1700007448\n|-formechange|p1a: Aegislash|Aegislash||[from] ability: Stance Change\n|move|p1a: Aegislash|King's Shield|p1a: Aegislash\n|-singleturn|p1a: Aegislash|Protect\n|move|p2a: Zamazenta|Crunch|p1a: Aegislash\n|-activate|p1a: Aegislash|move: Protect\n|-unboost|p2a: Zamazenta|atk|1\n|\n|-heal|p2a: Zamazenta|94\/100|[from] item: Leftovers\n|upkeep\n|turn|19\n|\n|t:|1700007455\n|move|p2a: Zamazenta|Substitute|p2a: Zamazenta\n|-start|p2a: Zamazenta|Substitute\n|-damage|p2a: Zamazenta|69\/100\n|-formechange|p1a: Aegislash|Aegislash-Blade||[from] ability: Stance Change\n|move|p1a: Aegislash|Shadow Ball|p2a: Zamazenta\n|-end|p2a: Zamazenta|Substitute\n|\n|-heal|p2a: Zamazenta|75\/100|[from] item: Leftovers\n|upkeep\n|turn|20\n|\n|t:|1700007460\n|move|p2a: Zamazenta|Substitute|p2a: Zamazenta\n|-start|p2a: Zamazenta|Substitute\n|-damage|p2a: Zamazenta|50\/100\n|move|p1a: Aegislash|Shadow Ball|p2a: Zamazenta\n|-crit|p2a: Zamazenta\n|-end|p2a: Zamazenta|Substitute\n|\n|-heal|p2a: Zamazenta|56\/100|[from] item: Leftovers\n|upkeep\n|turn|21\n|\n|t:|1700007465\n|cant|p1a: Aegislash|par\n|move|p2a: Zamazenta|Crunch|p1a: Aegislash\n|-supereffective|p1a: Aegislash\n|-damage|p1a: Aegislash|43\/100 par\n|\n|-heal|p2a: Zamazenta|63\/100|[from] item: Leftovers\n|-heal|p1a: Aegislash|49\/100 par|[from] item: Leftovers\n|upkeep\n|turn|22\n|\n|t:|1700007471\n|switch|p1a: Dondozo|Dondozo, F|89\/100\n|move|p2a: Zamazenta|Substitute|p2a: Zamazenta\n|-start|p2a: Zamazenta|Substitute\n|-damage|p2a: Zamazenta|38\/100\n|\n|-heal|p2a: Zamazenta|44\/100|[from] item: Leftovers\n|-heal|p1a: Dondozo|95\/100|[from] item: Leftovers\n|upkeep\n|turn|23\n|\n|t:|1700007478\n|switch|p2a: Corviknight|Corviknight, M|63\/100\n|-ability|p2a: Corviknight|Pressure\n|move|p1a: Dondozo|Curse|p1a: Dondozo\n|-unboost|p1a: Dondozo|spe|1\n|-boost|p1a: Dondozo|atk|1\n|-boost|p1a: Dondozo|def|1\n|\n|-heal|p1a: Dondozo|100\/100|[from] item: Leftovers\n|upkeep\n|turn|24\n|\n|t:|1700007501\n|switch|p1a: Aegislash|Aegislash, M|49\/100 par\n|move|p2a: Corviknight|Roost|p2a: Corviknight\n|-heal|p2a: Corviknight|100\/100\n|-singleturn|p2a: Corviknight|move: Roost\n|\n|-heal|p1a: Aegislash|55\/100 par|[from] item: Leftovers\n|upkeep\n|turn|25\n|\n|t:|1700007512\n|move|p1a: Aegislash|King's Shield|p1a: Aegislash\n|-singleturn|p1a: Aegislash|Protect\n|move|p2a: Corviknight|U-turn|p1a: Aegislash\n|-activate|p1a: Aegislash|move: Protect\n|-unboost|p2a: Corviknight|atk|1\n|\n|-heal|p1a: Aegislash|61\/100 par|[from] item: Leftovers\n|upkeep\n|turn|26\n|\n|t:|1700007517\n|move|p2a: Corviknight|U-turn|p1a: Aegislash\n|-resisted|p1a: Aegislash\n|-damage|p1a: Aegislash|59\/100 par\n|\n|t:|1700007522\n|switch|p2a: Rotom|Rotom-Wash|94\/100 tox|[from] U-turn\n|cant|p1a: Aegislash|par\n|\n|-heal|p2a: Rotom|100\/100 tox|[from] item: Leftovers\n|-heal|p1a: Aegislash|65\/100 par|[from] item: Leftovers\n|-damage|p2a: Rotom|94\/100 tox|[from] psn\n|upkeep\n|turn|27\n|\n|t:|1700007531\n|move|p1a: Aegislash|King's Shield|p1a: Aegislash\n|-singleturn|p1a: Aegislash|Protect\n|move|p2a: Rotom|Volt Switch|p1a: Aegislash\n|-activate|p1a: Aegislash|move: Protect\n|\n|-heal|p2a: Rotom|100\/100 tox|[from] item: Leftovers\n|-heal|p1a: Aegislash|72\/100 par|[from] item: Leftovers\n|-damage|p2a: Rotom|88\/100 tox|[from] psn\n|upkeep\n|turn|28\n|\n|t:|1700007536\n|move|p2a: Rotom|Volt Switch|p1a: Aegislash\n|-damage|p1a: Aegislash|54\/100 par\n|\n|t:|1700007543\n|switch|p2a: Corviknight|Corviknight, M|100\/100|[from] Volt Switch\n|-ability|p2a: Corviknight|Pressure\n|cant|p1a: Aegislash|par\n|\n|-heal|p1a: Aegislash|60\/100 par|[from] item: Leftovers\n|upkeep\n|turn|29\n|\n|t:|1700007562\n|move|p1a: Aegislash|King's Shield|p1a: Aegislash\n|-singleturn|p1a: Aegislash|Protect\n|move|p2a: Corviknight|Brave Bird|p1a: Aegislash\n|-activate|p1a: Aegislash|move: Protect\n|-unboost|p2a: Corviknight|atk|1\n|\n|-heal|p1a: Aegislash|66\/100 par|[from] item: Leftovers\n|upkeep\n|turn|30\n|\n|t:|1700007571\n|move|p2a: Corviknight|U-turn|p1a: Aegislash\n|-resisted|p1a: Aegislash\n|-crit|p1a: Aegislash\n|-damage|p1a: Aegislash|61\/100 par\n|\n|t:|1700007585\n|switch|p2a: Rotom|Rotom-Wash|88\/100 tox|[from] U-turn\n|cant|p1a: Aegislash|par\n|\n|-heal|p2a: Rotom|94\/100 tox|[from] item: Leftovers\n|-heal|p1a: Aegislash|67\/100 par|[from] item: Leftovers\n|-damage|p2a: Rotom|88\/100 tox|[from] psn\n|upkeep\n|turn|31\n|\n|t:|1700007590\n|move|p1a: Aegislash|King's Shield|p1a: Aegislash\n|-singleturn|p1a: Aegislash|Protect\n|move|p2a: Rotom|Hydro Pump|p1a: Aegislash\n|-activate|p1a: Aegislash|move: Protect\n|\n|-heal|p2a: Rotom|94\/100 tox|[from] item: Leftovers\n|-heal|p1a: Aegislash|73\/100 par|[from] item: Leftovers\n|-damage|p2a: Rotom|82\/100 tox|[from] psn\n|upkeep\n|turn|32\n|\n|t:|1700007595\n|move|p2a: Rotom|Hydro Pump|p1a: Aegislash|[miss]\n|-miss|p2a: Rotom|p1a: Aegislash\n|-formechange|p1a: Aegislash|Aegislash-Blade||[from] ability: Stance Change\n|move|p1a: Aegislash|Shadow Ball|p2a: Rotom\n|-damage|p2a: Rotom|37\/100 tox\n|\n|-heal|p2a: Rotom|43\/100 tox|[from] item: Leftovers\n|-heal|p1a: Aegislash|80\/100 par|[from] item: Leftovers\n|-damage|p2a: Rotom|25\/100 tox|[from] psn\n|upkeep\n|turn|33\n|\n|t:|1700007607\n|-formechange|p1a: Aegislash|Aegislash||[from] ability: Stance Change\n|move|p1a: Aegislash|King's Shield|p1a: Aegislash\n|-singleturn|p1a: Aegislash|Protect\n|move|p2a: Rotom|Volt Switch|p1a: Aegislash\n|-activate|p1a: Aegislash|move: Protect\n|\n|-heal|p2a: Rotom|31\/100 tox|[from] item: Leftovers\n|-heal|p1a: Aegislash|86\/100 par|[from] item: Leftovers\n|-damage|p2a: Rotom|6\/100 tox|[from] psn\n|upkeep\n|turn|34\n|\n|t:|1700007620\n|move|p2a: Rotom|Volt Switch|p1a: Aegislash\n|-damage|p1a: Aegislash|68\/100 par\n|\n|t:|1700007624\n|switch|p2a: Corviknight|Corviknight, M|100\/100|[from] Volt Switch\n|-ability|p2a: Corviknight|Pressure\n|-formechange|p1a: Aegislash|Aegislash-Blade||[from] ability: Stance Change\n|move|p1a: Aegislash|Shadow Ball|p2a: Corviknight\n|-damage|p2a: Corviknight|55\/100\n|-unboost|p2a: Corviknight|spd|1\n|\n|-heal|p1a: Aegislash|74\/100 par|[from] item: Leftovers\n|upkeep\n|turn|35\n|\n|t:|1700007641\n|switch|p2a: Rotom|Rotom-Wash|6\/100 tox\n|move|p1a: Aegislash|Shadow Ball|p2a: Rotom\n|-crit|p2a: Rotom\n|-damage|p2a: Rotom|0 fnt\n|faint|p2a: Rotom\n|\n|-heal|p1a: Aegislash|80\/100 par|[from] item: Leftovers\n|upkeep\n|\n|t:|1700007643\n|switch|p2a: Blaziken|Blaziken, F|100\/100\n|turn|36\n|\n|t:|1700007659\n|switch|p1a: Dondozo|Dondozo, F|100\/100\n|move|p2a: Blaziken|Protect||[still]\n|-fail|p2a: Blaziken\n|\n|-ability|p2a: Blaziken|Speed Boost|boost\n|-boost|p2a: Blaziken|spe|1\n|upkeep\n|turn|37\n|\n|t:|1700007663\n|switch|p2a: Corviknight|Corviknight, M|55\/100\n|-ability|p2a: Corviknight|Pressure\n|move|p1a: Dondozo|Curse|p1a: Dondozo\n|-unboost|p1a: Dondozo|spe|1\n|-boost|p1a: Dondozo|atk|1\n|-boost|p1a: Dondozo|def|1\n|\n|upkeep\n|turn|38\n|\n|t:|1700007670\n|move|p2a: Corviknight|U-turn|p1a: Dondozo\n|-damage|p1a: Dondozo|96\/100\n|\n|t:|1700007676\n|switch|p2a: Iron Valiant|Iron Valiant, tera:Steel|66\/100|[from] U-turn\n|move|p1a: Dondozo|Liquidation|p2a: Iron Valiant\n|-damage|p2a: Iron Valiant|8\/100\n|\n|-heal|p1a: Dondozo|100\/100|[from] item: Leftovers\n|upkeep\n|turn|39\n|c|\u2606SylfDream|ggs\n|-message|SylfDream forfeited.\n|\n|win|looking 4 horizons\n|n|\u2606looking 4 horizons|looking4horizons\n|n|\u2606SylfDream|sylfdream\n|c|\u2606looking 4 horizons|gg\n|l|\u2606SylfDream\n","uploadtime":1700008188,"views":4,"p1id":"looking4horizons","p2id":"sylfdream","formatid":"gen9nationaldex","rating":0,"private":0,"password":""}