{"id":"gen9nationaldex-1995577208","p1":"runeatest","p2":"xCookieBallx","format":"[Gen 9] National Dex","log":"|html|<div class=\"broadcast-blue\"><strong>[Gen 9] National Dex is currently suspecting Sneasler! For information on how to participate check out the <a href=\"https:\/\/www.smogon.com\/forums\/threads\/sv-national-dex-suspect-8-just-dance.3731534\/\">suspect thread<\/a>.<\/strong><\/div>\n|j|\u2606runeatest\n|j|\u2606xCookieBallx\n|t:|1700584393\n|gametype|singles\n|player|p1|runeatest|fisherman-gen4|1165\n|player|p2|xCookieBallx|melony|1183\n|teamsize|p1|6\n|teamsize|p2|6\n|gen|9\n|tier|[Gen 9] National Dex\n|rated|\n|rule|HP Percentage Mod: HP is shown in percentages\n|rule|Endless Battle Clause: Forcing endless battles is banned\n|rule|OHKO Clause: OHKO moves are banned\n|rule|Evasion Clause: Evasion abilities, items, and moves are banned\n|rule|Evasion Abilities Clause: Evasion abilities are banned\n|rule|Evasion Items Clause: Evasion items are banned\n|rule|Evasion Moves Clause: Evasion moves are banned\n|rule|Species Clause: Limit one of each Pok\u00e9mon\n|rule|Sleep Clause Mod: Limit one foe put to sleep\n|clearpoke\n|poke|p1|Vaporeon, M|\n|poke|p1|Salamence, M|\n|poke|p1|Hitmontop, M|\n|poke|p1|Electivire, M|\n|poke|p1|Togekiss, M|\n|poke|p1|Houndoom, M|\n|poke|p2|Spinda, M|\n|poke|p2|Tapu Fini|\n|poke|p2|Volcarona, M|\n|poke|p2|Audino, F|\n|poke|p2|Meowscarada, M|\n|poke|p2|Rotom-Frost|\n|teampreview\n|inactive|Battle timer is ON: inactive players will automatically lose when time's up. (requested by runeatest)\n|\n|t:|1700584399\n|start\n|switch|p1a: Salamence|Salamence, M|100\/100\n|switch|p2a: Neverfridge|Rotom-Frost|100\/100\n|-ability|p1a: Salamence|Intimidate|boost\n|-unboost|p2a: Neverfridge|atk|1\n|turn|1\n|\n|t:|1700584406\n|move|p1a: Salamence|Draco Meteor|p2a: Neverfridge\n|-damage|p2a: Neverfridge|12\/100\n|-unboost|p1a: Salamence|spa|2\n|move|p2a: Neverfridge|Trick|p1a: Salamence\n|-activate|p2a: Neverfridge|move: Trick|[of] p1a: Salamence\n|-item|p1a: Salamence|Sticky Barb|[from] move: Trick\n|-item|p2a: Neverfridge|Choice Specs|[from] move: Trick\n|\n|-damage|p1a: Salamence|88\/100|[from] item: Sticky Barb\n|upkeep\n|turn|2\n|\n|t:|1700584425\n|move|p1a: Salamence|Draco Meteor|p2a: Neverfridge\n|-damage|p2a: Neverfridge|0 fnt\n|-unboost|p1a: Salamence|spa|2\n|faint|p2a: Neverfridge\n|\n|-damage|p1a: Salamence|76\/100|[from] item: Sticky Barb\n|upkeep\n|\n|t:|1700584438\n|switch|p2a: Gabriel|Audino, F, shiny|100\/100\n|turn|3\n|\n|t:|1700584444\n|switch|p1a: Togekiss|Togekiss, M, shiny|100\/100\n|detailschange|p2a: Gabriel|Audino-Mega, F, shiny\n|-mega|p2a: Gabriel|Audino|Audinite\n|move|p2a: Gabriel|Calm Mind|p2a: Gabriel\n|-boost|p2a: Gabriel|spa|1\n|-boost|p2a: Gabriel|spd|1\n|\n|upkeep\n|turn|4\n|\n|t:|1700584451\n|move|p1a: Togekiss|Thunder Wave|p2a: Gabriel\n|-status|p2a: Gabriel|par\n|move|p2a: Gabriel|Dazzling Gleam|p1a: Togekiss\n|-damage|p1a: Togekiss|62\/100\n|\n|upkeep\n|turn|5\n|\n|t:|1700584457\n|move|p1a: Togekiss|Air Slash|p2a: Gabriel\n|-damage|p2a: Gabriel|83\/100 par\n|cant|p2a: Gabriel|flinch\n|\n|upkeep\n|turn|6\n|\n|t:|1700584462\n|move|p1a: Togekiss|Air Slash|p2a: Gabriel\n|-damage|p2a: Gabriel|65\/100 par\n|move|p2a: Gabriel|Dazzling Gleam|p1a: Togekiss\n|-damage|p1a: Togekiss|17\/100\n|\n|upkeep\n|turn|7\n|\n|t:|1700584488\n|move|p1a: Togekiss|Air Slash|p2a: Gabriel\n|-damage|p2a: Gabriel|46\/100 par\n|cant|p2a: Gabriel|par\n|\n|upkeep\n|turn|8\n|\n|t:|1700584493\n|move|p1a: Togekiss|Air Slash|p2a: Gabriel\n|-damage|p2a: Gabriel|29\/100 par\n|cant|p2a: Gabriel|flinch\n|\n|upkeep\n|turn|9\n|\n|t:|1700584497\n|move|p1a: Togekiss|Air Slash|p2a: Gabriel\n|-damage|p2a: Gabriel|11\/100 par\n|cant|p2a: Gabriel|flinch\n|\n|upkeep\n|turn|10\n|\n|t:|1700584502\n|move|p1a: Togekiss|Air Slash|p2a: Gabriel\n|-damage|p2a: Gabriel|0 fnt\n|faint|p2a: Gabriel\n|\n|upkeep\n|\n|t:|1700584507\n|switch|p2a: Pitou|Meowscarada, M, shiny|100\/100\n|turn|11\n|\n|t:|1700584510\n|switch|p1a: Salamence|Salamence, M|76\/100\n|-ability|p1a: Salamence|Intimidate|boost\n|-unboost|p2a: Pitou|atk|1\n|move|p2a: Pitou|Thunder Punch|p1a: Salamence\n|-start|p2a: Pitou|typechange|Electric|[from] ability: Protean\n|-damage|p1a: Salamence|47\/100\n|\n|-damage|p1a: Salamence|35\/100|[from] item: Sticky Barb\n|upkeep\n|turn|12\n|\n|t:|1700584523\n|move|p2a: Pitou|U-turn|p1a: Salamence\n|-resisted|p1a: Salamence\n|-damage|p1a: Salamence|26\/100\n|\n|t:|1700584525\n|switch|p2a: Filipop|Tapu Fini|100\/100|[from] U-turn\n|-fieldstart|move: Misty Terrain|[from] ability: Misty Surge|[of] p2a: Filipop\n|move|p1a: Salamence|Draco Meteor|p2a: Filipop\n|-immune|p2a: Filipop\n|\n|-damage|p1a: Salamence|13\/100|[from] item: Sticky Barb\n|upkeep\n|turn|13\n|\n|t:|1700584533\n|move|p1a: Salamence|Air Slash|p2a: Filipop\n|-damage|p2a: Filipop|78\/100\n|cant|p2a: Filipop|flinch\n|\n|-heal|p2a: Filipop|85\/100|[from] item: Leftovers\n|-damage|p1a: Salamence|1\/100|[from] item: Sticky Barb\n|upkeep\n|turn|14\n|\n|t:|1700584545\n|move|p1a: Salamence|Air Slash|p2a: Filipop\n|-damage|p2a: Filipop|59\/100\n|move|p2a: Filipop|Scald|p1a: Salamence\n|-resisted|p1a: Salamence\n|-damage|p1a: Salamence|0 fnt\n|faint|p1a: Salamence\n|\n|-heal|p2a: Filipop|65\/100|[from] item: Leftovers\n|upkeep\n|\n|t:|1700584554\n|switch|p1a: Togekiss|Togekiss, M, shiny|17\/100\n|turn|15\n|\n|t:|1700584561\n|move|p1a: Togekiss|Roost|p1a: Togekiss\n|-heal|p1a: Togekiss|67\/100\n|-singleturn|p1a: Togekiss|move: Roost\n|move|p2a: Filipop|Moonblast|p1a: Togekiss\n|-damage|p1a: Togekiss|37\/100\n|-unboost|p1a: Togekiss|spa|1\n|\n|-heal|p2a: Filipop|71\/100|[from] item: Leftovers\n|upkeep\n|turn|16\n|\n|t:|1700584570\n|move|p1a: Togekiss|Air Slash|p2a: Filipop\n|-damage|p2a: Filipop|54\/100\n|move|p2a: Filipop|Taunt|p1a: Togekiss\n|-start|p1a: Togekiss|move: Taunt\n|\n|-heal|p2a: Filipop|60\/100|[from] item: Leftovers\n|-fieldend|Misty Terrain\n|upkeep\n|turn|17\n|\n|t:|1700584577\n|move|p1a: Togekiss|Air Slash|p2a: Filipop\n|-damage|p2a: Filipop|42\/100\n|cant|p2a: Filipop|flinch\n|\n|-heal|p2a: Filipop|48\/100|[from] item: Leftovers\n|upkeep\n|turn|18\n|\n|t:|1700584583\n|move|p1a: Togekiss|Air Slash|p2a: Filipop\n|-damage|p2a: Filipop|32\/100\n|move|p2a: Filipop|Moonblast|p1a: Togekiss\n|-damage|p1a: Togekiss|3\/100\n|-unboost|p1a: Togekiss|spa|1\n|\n|-heal|p2a: Filipop|38\/100|[from] item: Leftovers\n|upkeep\n|turn|19\n|\n|t:|1700584592\n|switch|p2a: Pitou|Meowscarada, M, shiny|100\/100\n|move|p1a: Togekiss|Air Slash|p2a: Pitou\n|-supereffective|p2a: Pitou\n|-damage|p2a: Pitou|43\/100\n|\n|-end|p1a: Togekiss|move: Taunt\n|upkeep\n|turn|20\n|\n|t:|1700584599\n|switch|p1a: Electivire|Electivire, M, shiny|100\/100\n|-item|p1a: Electivire|Air Balloon\n|move|p2a: Pitou|U-turn|p1a: Electivire\n|-start|p2a: Pitou|typechange|Bug|[from] ability: Protean\n|-damage|p1a: Electivire|49\/100\n|-enditem|p1a: Electivire|Air Balloon\n|\n|t:|1700584605\n|switch|p2a: Emerald|Spinda, M|100\/100|[from] U-turn\n|\n|upkeep\n|turn|21\n|\n|t:|1700584610\n|move|p1a: Electivire|Thunder Punch|p2a: Emerald\n|-damage|p2a: Emerald|41\/100\n|move|p2a: Emerald|Superpower|p1a: Electivire\n|-damage|p1a: Electivire|9\/100\n|-boost|p2a: Emerald|atk|1\n|-boost|p2a: Emerald|def|1\n|\n|upkeep\n|turn|22\n|\n|t:|1700584618\n|move|p1a: Electivire|Thunder Punch|p2a: Emerald\n|-damage|p2a: Emerald|5\/100\n|-status|p2a: Emerald|par\n|move|p2a: Emerald|Superpower|p1a: Electivire\n|-damage|p1a: Electivire|0 fnt\n|-boost|p2a: Emerald|atk|1\n|-boost|p2a: Emerald|def|1\n|faint|p1a: Electivire\n|\n|upkeep\n|\n|t:|1700584627\n|switch|p1a: Togekiss|Togekiss, M, shiny|3\/100\n|turn|23\n|\n|t:|1700584630\n|move|p2a: Emerald|Sucker Punch|p1a: Togekiss\n|-resisted|p1a: Togekiss\n|-damage|p1a: Togekiss|0 fnt\n|faint|p1a: Togekiss\n|\n|upkeep\n|\n|t:|1700584634\n|switch|p1a: Hitmontop|Hitmontop, M|100\/100\n|turn|24\n|\n|t:|1700584639\n|-terastallize|p2a: Emerald|Ghost\n|move|p1a: Hitmontop|Fake Out|p2a: Emerald\n|-immune|p2a: Emerald\n|move|p2a: Emerald|Zen Headbutt|p1a: Hitmontop\n|-supereffective|p1a: Hitmontop\n|-enditem|p1a: Hitmontop|Focus Sash\n|-damage|p1a: Hitmontop|1\/100\n|\n|upkeep\n|turn|25\n|\n|t:|1700584647\n|move|p1a: Hitmontop|Sucker Punch|p2a: Emerald\n|-supereffective|p2a: Emerald\n|-damage|p2a: Emerald|0 fnt\n|faint|p2a: Emerald\n|\n|upkeep\n|\n|t:|1700584652\n|switch|p2a: Pitou|Meowscarada, M, shiny|43\/100\n|turn|26\n|\n|t:|1700584655\n|move|p1a: Hitmontop|Sucker Punch|p2a: Pitou\n|-resisted|p2a: Pitou\n|-damage|p2a: Pitou|26\/100\n|move|p2a: Pitou|U-turn|p1a: Hitmontop\n|-start|p2a: Pitou|typechange|Bug|[from] ability: Protean\n|-resisted|p1a: Hitmontop\n|-damage|p1a: Hitmontop|0 fnt\n|faint|p1a: Hitmontop\n|\n|t:|1700584659\n|switch|p2a: Adan|Volcarona, M|100\/100|[from] U-turn\n|\n|upkeep\n|\n|t:|1700584665\n|switch|p1a: Vaporeon|Vaporeon, M|100\/100\n|turn|27\n|\n|t:|1700584668\n|switch|p2a: Filipop|Tapu Fini|38\/100\n|-fieldstart|move: Misty Terrain|[from] ability: Misty Surge|[of] p2a: Filipop\n|move|p1a: Vaporeon|Hydro Pump|p2a: Filipop\n|-resisted|p2a: Filipop\n|-damage|p2a: Filipop|18\/100\n|\n|-heal|p2a: Filipop|24\/100|[from] item: Leftovers\n|upkeep\n|turn|28\n|\n|t:|1700584677\n|move|p2a: Filipop|Taunt|p1a: Vaporeon\n|-start|p1a: Vaporeon|move: Taunt\n|move|p1a: Vaporeon|Hidden Power|p2a: Filipop\n|-supereffective|p2a: Filipop\n|-damage|p2a: Filipop|0 fnt\n|faint|p2a: Filipop\n|\n|upkeep\n|\n|t:|1700584690\n|switch|p2a: Pitou|Meowscarada, M, shiny|26\/100\n|turn|29\n|\n|t:|1700584694\n|-terastallize|p1a: Vaporeon|Ice\n|move|p2a: Pitou|Knock Off|p1a: Vaporeon\n|-start|p2a: Pitou|typechange|Dark|[from] ability: Protean\n|-damage|p1a: Vaporeon|62\/100\n|-enditem|p1a: Vaporeon|Leftovers|[from] move: Knock Off|[of] p2a: Pitou\n|move|p1a: Vaporeon|Ice Beam|p2a: Pitou\n|-damage|p2a: Pitou|0 fnt\n|faint|p2a: Pitou\n|\n|upkeep\n|\n|t:|1700584702\n|switch|p2a: Adan|Volcarona, M|100\/100\n|turn|30\n|\n|t:|1700584705\n|move|p2a: Adan|Fiery Dance|p1a: Vaporeon\n|-supereffective|p1a: Vaporeon\n|-crit|p1a: Vaporeon\n|-damage|p1a: Vaporeon|0 fnt\n|faint|p1a: Vaporeon\n|\n|upkeep\n|\n|t:|1700584710\n|switch|p1a: Houndoom|Houndoom, M|100\/100\n|turn|31\n|\n|t:|1700584713\n|move|p1a: Houndoom|Nasty Plot|p1a: Houndoom\n|-boost|p1a: Houndoom|spa|2\n|move|p2a: Adan|Quiver Dance|p2a: Adan\n|-boost|p2a: Adan|spa|1\n|-boost|p2a: Adan|spd|1\n|-boost|p2a: Adan|spe|1\n|\n|-fieldend|Misty Terrain\n|upkeep\n|turn|32\n|\n|t:|1700584720\n|move|p2a: Adan|Quiver Dance|p2a: Adan\n|-boost|p2a: Adan|spa|1\n|-boost|p2a: Adan|spd|1\n|-boost|p2a: Adan|spe|1\n|move|p1a: Houndoom|Sludge Bomb|p2a: Adan\n|-damage|p2a: Adan|75\/100\n|\n|upkeep\n|turn|33\n|\n|t:|1700584728\n|move|p2a: Adan|Quiver Dance|p2a: Adan\n|-boost|p2a: Adan|spa|1\n|-boost|p2a: Adan|spd|1\n|-boost|p2a: Adan|spe|1\n|move|p1a: Houndoom|Nasty Plot|p1a: Houndoom\n|-boost|p1a: Houndoom|spa|2\n|\n|upkeep\n|turn|34\n|\n|t:|1700584736\n|move|p2a: Adan|Quiver Dance|p2a: Adan\n|-boost|p2a: Adan|spa|1\n|-boost|p2a: Adan|spd|1\n|-boost|p2a: Adan|spe|1\n|move|p1a: Houndoom|Sludge Bomb|p2a: Adan\n|-damage|p2a: Adan|49\/100\n|-status|p2a: Adan|psn\n|\n|-damage|p2a: Adan|36\/100 psn|[from] psn\n|upkeep\n|turn|35\n|\n|t:|1700584745\n|move|p2a: Adan|Giga Drain|p1a: Houndoom\n|-resisted|p1a: Houndoom\n|-damage|p1a: Houndoom|51\/100\n|-heal|p2a: Adan|57\/100 psn|[from] drain|[of] p1a: Houndoom\n|move|p1a: Houndoom|Sludge Bomb|p2a: Adan\n|-damage|p2a: Adan|33\/100 psn\n|\n|-damage|p2a: Adan|20\/100 psn|[from] psn\n|upkeep\n|turn|36\n|\n|t:|1700584754\n|move|p2a: Adan|Fiery Dance|p1a: Houndoom\n|-start|p1a: Houndoom|ability: Flash Fire\n|move|p1a: Houndoom|Sludge Bomb|p2a: Adan\n|-damage|p2a: Adan|0 fnt\n|faint|p2a: Adan\n|\n|win|runeatest\n|raw|runeatest's rating: 1165 &rarr; <strong>1191<\/strong><br \/>(+26 for winning)\n|raw|xCookieBallx's rating: 1183 &rarr; <strong>1157<\/strong><br \/>(-26 for losing)\n|c|\u2606xCookieBallx|xd\n|c|\u2606xCookieBallx|gg\n|l|\u2606xCookieBallx\n","uploadtime":1700584776,"views":2,"p1id":"runeatest","p2id":"xcookieballx","formatid":"gen9nationaldex","rating":1157,"private":0,"password":""}