{"id":"gen9nationaldex-1996280663","p1":"pitiman","p2":"Fabrizio8","format":"[Gen 9] National Dex","log":"|html|<div class=\"broadcast-blue\"><strong>[Gen 9] National Dex is currently suspecting Sneasler! For information on how to participate check out the <a href=\"https:\/\/www.smogon.com\/forums\/threads\/sv-national-dex-suspect-8-just-dance.3731534\/\">suspect thread<\/a>.<\/strong><\/div>\n|j|\u2606pitiman\n|j|\u2606Fabrizio8\n|t:|1700667066\n|gametype|singles\n|player|p1|pitiman|cheren-gen5bw2|\n|player|p2|Fabrizio8|blue|\n|teamsize|p1|6\n|teamsize|p2|6\n|gen|9\n|tier|[Gen 9] National Dex\n|rule|HP Percentage Mod: HP is shown in percentages\n|rule|Endless Battle Clause: Forcing endless battles is banned\n|rule|OHKO Clause: OHKO moves are banned\n|rule|Evasion Clause: Evasion abilities, items, and moves are banned\n|rule|Evasion Abilities Clause: Evasion abilities are banned\n|rule|Evasion Items Clause: Evasion items are banned\n|rule|Evasion Moves Clause: Evasion moves are banned\n|rule|Species Clause: Limit one of each Pok\u00e9mon\n|rule|Sleep Clause Mod: Limit one foe put to sleep\n|clearpoke\n|poke|p1|Scizor, F|\n|poke|p1|Alomomola, F|\n|poke|p1|Gliscor, M|\n|poke|p1|Chansey, F|\n|poke|p1|Latios, M|\n|poke|p1|Xurkitree|\n|poke|p2|Glimmora, F|\n|poke|p2|Okidogi, M|\n|poke|p2|Hydreigon, F|\n|poke|p2|Toxtricity, M|\n|poke|p2|Beedrill, F|\n|poke|p2|Slowbro-Galar, M|\n|teampreview\n|\n|t:|1700667091\n|start\n|switch|p1a: Xurkitree|Xurkitree|100\/100\n|switch|p2a: cummora|Glimmora, F, shiny|100\/100\n|turn|1\n|\n|t:|1700667111\n|move|p1a: Xurkitree|Volt Switch|p2a: cummora\n|-damage|p2a: cummora|57\/100\n|\n|t:|1700667115\n|switch|p1a: Gliscor|Gliscor, M|100\/100|[from] Volt Switch\n|move|p2a: cummora|Toxic Spikes|p1a: Gliscor\n|-sidestart|p1: pitiman|move: Toxic Spikes\n|\n|-status|p1a: Gliscor|tox|[from] item: Toxic Orb\n|upkeep\n|turn|2\n|\n|t:|1700667124\n|switch|p2a: tsohg olra|Hydreigon, F|100\/100\n|move|p1a: Gliscor|Earthquake|p2a: tsohg olra\n|-immune|p2a: tsohg olra|[from] ability: Levitate\n|\n|upkeep\n|turn|3\n|\n|t:|1700667144\n|switch|p1a: Chansey|Chansey, F|100\/100\n|-status|p1a: Chansey|psn\n|move|p2a: tsohg olra|Nasty Plot|p2a: tsohg olra\n|-boost|p2a: tsohg olra|spa|2\n|\n|-damage|p1a: Chansey|88\/100 psn|[from] psn\n|upkeep\n|turn|4\n|\n|t:|1700667160\n|switch|p2a: todo bien|Okidogi, M|100\/100\n|move|p1a: Chansey|Toxic|p2a: todo bien\n|-immune|p2a: todo bien\n|\n|-damage|p1a: Chansey|75\/100 psn|[from] psn\n|upkeep\n|turn|5\n|\n|t:|1700667174\n|-curestatus|p1a: Chansey|psn|[from] ability: Natural Cure\n|switch|p1a: Gliscor|Gliscor, M|100\/100 tox\n|move|p2a: todo bien|Knock Off|p1a: Gliscor\n|-crit|p1a: Gliscor\n|-damage|p1a: Gliscor|72\/100 tox\n|-enditem|p1a: Gliscor|Toxic Orb|[from] move: Knock Off|[of] p2a: todo bien\n|\n|-heal|p1a: Gliscor|84\/100 tox|[from] ability: Poison Heal\n|upkeep\n|turn|6\n|\n|t:|1700667198\n|switch|p2a: tsohg olra|Hydreigon, F|100\/100\n|move|p1a: Gliscor|Defog|p2a: tsohg olra\n|-unboost|p2a: tsohg olra|evasion|1\n|-sideend|p1: pitiman|Toxic Spikes|[from] move: Defog|[of] p1a: Gliscor\n|\n|-heal|p1a: Gliscor|97\/100 tox|[from] ability: Poison Heal\n|upkeep\n|turn|7\n|\n|t:|1700667207\n|switch|p1a: Chansey|Chansey, F|75\/100\n|move|p2a: tsohg olra|Nasty Plot|p2a: tsohg olra\n|-boost|p2a: tsohg olra|spa|2\n|\n|upkeep\n|turn|8\n|j| Sylveon(404)\n|j| Sai4rr\n|\n|t:|1700667215\n|switch|p2a: cummora|Glimmora, F, shiny|57\/100\n|move|p1a: Chansey|Toxic|p2a: cummora\n|-immune|p2a: cummora\n|\n|upkeep\n|turn|9\n|c| Sylveon(404)|hydreigon besto veneno\n|\n|t:|1700667224\n|switch|p1a: Gliscor|Gliscor, M|97\/100 tox\n|move|p2a: cummora|Toxic Spikes|p1a: Gliscor\n|-sidestart|p1: pitiman|move: Toxic Spikes\n|\n|-heal|p1a: Gliscor|100\/100 tox|[from] ability: Poison Heal\n|upkeep\n|turn|10\n|c| Sai4rr|Uuuuh\n|\n|t:|1700667232\n|switch|p2a: Slowbro|Slowbro-Galar, M|100\/100\n|move|p1a: Gliscor|Defog|p2a: Slowbro\n|-unboost|p2a: Slowbro|evasion|1\n|-sideend|p1: pitiman|Toxic Spikes|[from] move: Defog|[of] p1a: Gliscor\n|\n|upkeep\n|turn|11\n|-activate|p2a: Slowbro|ability: Quick Draw\n|\n|t:|1700667241\n|move|p2a: Slowbro|Liquidation|p1a: Gliscor\n|-supereffective|p1a: Gliscor\n|-crit|p1a: Gliscor\n|-damage|p1a: Gliscor|55\/100 tox\n|-unboost|p1a: Gliscor|def|1\n|move|p1a: Gliscor|Stealth Rock|p2a: Slowbro\n|-sidestart|p2: Fabrizio8|move: Stealth Rock\n|\n|-heal|p1a: Gliscor|67\/100 tox|[from] ability: Poison Heal\n|upkeep\n|turn|12\n|l| Sai4rr\n|j| Sai4rr\n|c| Sylveon(404)|SE USA ESPECIAL A SLOWBRO\n|\n|t:|1700667256\n|switch|p1a: Latios|Latios, M|100\/100\n|move|p2a: Slowbro|Liquidation|p1a: Latios\n|-resisted|p1a: Latios\n|-damage|p1a: Latios|84\/100\n|\n|upkeep\n|turn|13\n|\n|t:|1700667271\n|move|p1a: Latios|Draco Meteor|p2a: Slowbro\n|-damage|p2a: Slowbro|0 fnt\n|-unboost|p1a: Latios|spa|2\n|faint|p2a: Slowbro\n|-damage|p1a: Latios|74\/100|[from] item: Life Orb\n|\n|upkeep\n|\n|t:|1700667278\n|switch|p2a: tsohg olra|Hydreigon, F|100\/100\n|-damage|p2a: tsohg olra|88\/100|[from] Stealth Rock\n|turn|14\n|\n|t:|1700667285\n|switch|p1a: Chansey|Chansey, F|75\/100\n|-terastallize|p2a: tsohg olra|Steel\n|move|p2a: tsohg olra|Draco Meteor|p1a: Chansey|[miss]\n|-miss|p2a: tsohg olra|p1a: Chansey\n|\n|upkeep\n|turn|15\n|\n|t:|1700667294\n|switch|p2a: todo bien|Okidogi, M|100\/100\n|-damage|p2a: todo bien|95\/100|[from] Stealth Rock\n|move|p1a: Chansey|Seismic Toss|p2a: todo bien\n|-damage|p2a: todo bien|63\/100\n|\n|upkeep\n|turn|16\n|\n|t:|1700667304\n|switch|p1a: Alomomola|Alomomola, F|100\/100\n|move|p2a: todo bien|Knock Off|p1a: Alomomola\n|-damage|p1a: Alomomola|82\/100\n|-enditem|p1a: Alomomola|Leftovers|[from] move: Knock Off|[of] p2a: todo bien\n|\n|upkeep\n|turn|17\n|\n|t:|1700667311\n|move|p2a: todo bien|Gunk Shot|p1a: Alomomola\n|-damage|p1a: Alomomola|51\/100\n|move|p1a: Alomomola|Wish|p1a: Alomomola\n|\n|upkeep\n|turn|18\n|c| Sylveon(404)|miss\n|\n|t:|1700667342\n|switch|p2a: tsohg olra|Hydreigon, F, tera:Steel|88\/100\n|-damage|p2a: tsohg olra|82\/100|[from] Stealth Rock\n|switch|p1a: Gliscor|Gliscor, M|67\/100 tox\n|\n|-heal|p1a: Gliscor|100\/100 tox|[from] move: Wish|[wisher] Alomomola\n|upkeep\n|turn|19\n|c| Sai4rr|Fabrizia eres un enfermo\n|\n|t:|1700667358\n|switch|p1a: Chansey|Chansey, F|75\/100\n|move|p2a: tsohg olra|Nasty Plot|p2a: tsohg olra\n|-boost|p2a: tsohg olra|spa|2\n|\n|upkeep\n|turn|20\n|\n|t:|1700667367\n|switch|p2a: toxico|Toxtricity, M|100\/100\n|-damage|p2a: toxico|88\/100|[from] Stealth Rock\n|move|p1a: Chansey|Seismic Toss|p2a: toxico\n|-damage|p2a: toxico|54\/100\n|\n|upkeep\n|turn|21\n|\n|t:|1700667375\n|move|p2a: toxico|Shift Gear|p2a: toxico\n|-boost|p2a: toxico|spe|2\n|-boost|p2a: toxico|atk|1\n|move|p1a: Chansey|Soft-Boiled|p1a: Chansey\n|-heal|p1a: Chansey|100\/100\n|\n|upkeep\n|turn|22\n|c|\u2606pitiman|fisico alv\n|\n|t:|1700667388\n|switch|p1a: Gliscor|Gliscor, M|100\/100 tox\n|move|p2a: toxico|Sludge Bomb|p1a: Gliscor\n|-resisted|p1a: Gliscor\n|-damage|p1a: Gliscor|72\/100 tox\n|\n|-heal|p1a: Gliscor|85\/100 tox|[from] ability: Poison Heal\n|upkeep\n|turn|23\n|c|\u2606pitiman|o no\n|c|\u2606pitiman|ya estoy confundido\n|\n|t:|1700667410\n|switch|p2a: tsohg olra|Hydreigon, F, tera:Steel|82\/100\n|-damage|p2a: tsohg olra|76\/100|[from] Stealth Rock\n|switch|p1a: Chansey|Chansey, F|100\/100\n|\n|upkeep\n|turn|24\n|c|\u2606Fabrizio8|no puedo rendirme ya? este combate es puro cambio\n|c|\u2606pitiman|asi son realmente los combates\n|\n|t:|1700667454\n|switch|p2a: todo bien|Okidogi, M|63\/100\n|-damage|p2a: todo bien|57\/100|[from] Stealth Rock\n|move|p1a: Chansey|Seismic Toss|p2a: todo bien\n|-damage|p2a: todo bien|25\/100\n|\n|upkeep\n|turn|25\n|\n|t:|1700667464\n|switch|p1a: Gliscor|Gliscor, M|85\/100 tox\n|move|p2a: todo bien|Knock Off|p1a: Gliscor\n|-damage|p1a: Gliscor|71\/100 tox\n|\n|-heal|p1a: Gliscor|84\/100 tox|[from] ability: Poison Heal\n|upkeep\n|turn|26\n|\n|t:|1700667480\n|switch|p1a: Xurkitree|Xurkitree|100\/100\n|move|p2a: todo bien|Close Combat|p1a: Xurkitree\n|-damage|p1a: Xurkitree|6\/100\n|-unboost|p2a: todo bien|def|1\n|-unboost|p2a: todo bien|spd|1\n|\n|upkeep\n|turn|27\n|c|\u2606pitiman|ah\n|\n|t:|1700667489\n|move|p1a: Xurkitree|Volt Switch|p2a: todo bien\n|-damage|p2a: todo bien|0 fnt\n|faint|p2a: todo bien\n|-ability|p1a: Xurkitree|Beast Boost|boost\n|-boost|p1a: Xurkitree|spa|1\n|\n|t:|1700667496\n|switch|p1a: Scizor|Scizor, F|100\/100|[from] Volt Switch\n|\n|upkeep\n|\n|t:|1700667501\n|switch|p2a: tsohg olra|Hydreigon, F, tera:Steel|76\/100\n|-damage|p2a: tsohg olra|70\/100|[from] Stealth Rock\n|turn|28\n|\n|t:|1700667506\n|switch|p1a: Chansey|Chansey, F|100\/100\n|move|p2a: tsohg olra|Flamethrower|p1a: Chansey\n|-damage|p1a: Chansey|94\/100\n|\n|upkeep\n|turn|29\n|c| Sai4rr|Cuidado con ese scizor\n|\n|t:|1700667518\n|move|p2a: tsohg olra|Nasty Plot|p2a: tsohg olra\n|-boost|p2a: tsohg olra|spa|2\n|move|p1a: Chansey|Seismic Toss|p2a: tsohg olra\n|-damage|p2a: tsohg olra|39\/100\n|\n|upkeep\n|turn|30\n|c|\u2606pitiman|yo diria mas q nada cuidado con el chansey\n|c|\u2606Fabrizio8|ya matame\n|c|\u2606pitiman|en eso estoy\n|\n|t:|1700667541\n|move|p2a: tsohg olra|Draco Meteor|p1a: Chansey\n|-damage|p1a: Chansey|65\/100\n|-unboost|p2a: tsohg olra|spa|2\n|move|p1a: Chansey|Seismic Toss|p2a: tsohg olra\n|-damage|p2a: tsohg olra|8\/100\n|\n|upkeep\n|turn|31\n|\n|t:|1700667551\n|move|p2a: tsohg olra|Draco Meteor|p1a: Chansey\n|-damage|p1a: Chansey|51\/100\n|-unboost|p2a: tsohg olra|spa|2\n|move|p1a: Chansey|Seismic Toss|p2a: tsohg olra\n|-damage|p2a: tsohg olra|0 fnt\n|faint|p2a: tsohg olra\n|\n|upkeep\n|c| Sai4rr|XDDDD\n|\n|t:|1700667561\n|switch|p2a: Beedrill|Beedrill, F|100\/100\n|-damage|p2a: Beedrill|75\/100|[from] Stealth Rock\n|turn|32\n|c| Sylveon(404)|xd\n|\n|t:|1700667567\n|switch|p1a: Gliscor|Gliscor, M|84\/100 tox\n|detailschange|p2a: Beedrill|Beedrill-Mega, F\n|-mega|p2a: Beedrill|Beedrill|Beedrillite\n|move|p2a: Beedrill|Frustration|p1a: Gliscor\n|-damage|p1a: Gliscor|55\/100 tox\n|\n|-heal|p1a: Gliscor|67\/100 tox|[from] ability: Poison Heal\n|upkeep\n|turn|33\n|\n|t:|1700667579\n|move|p2a: Beedrill|Frustration|p1a: Gliscor\n|-damage|p1a: Gliscor|42\/100 tox\n|move|p1a: Gliscor|Earthquake|p2a: Beedrill\n|-damage|p2a: Beedrill|0 fnt\n|faint|p2a: Beedrill\n|\n|-heal|p1a: Gliscor|54\/100 tox|[from] ability: Poison Heal\n|upkeep\n|c|\u2606Fabrizio8|bien\n|\n|t:|1700667591\n|switch|p2a: cummora|Glimmora, F, shiny|57\/100\n|-damage|p2a: cummora|44\/100|[from] Stealth Rock\n|turn|34\n|\n|t:|1700667596\n|move|p1a: Gliscor|Earthquake|p2a: cummora\n|-supereffective|p2a: cummora\n|-damage|p2a: cummora|0 fnt\n|faint|p2a: cummora\n|\n|-heal|p1a: Gliscor|67\/100 tox|[from] ability: Poison Heal\n|upkeep\n|c| Sylveon(404)|como q beedril con frustracion\n|c| Sai4rr|Se viene papeada\n|\n|t:|1700667604\n|switch|p2a: toxico|Toxtricity, M|54\/100\n|-damage|p2a: toxico|41\/100|[from] Stealth Rock\n|turn|35\n|c| Sylveon(404)|otro 6-0? no jodas\n|\n|t:|1700667614\n|move|p2a: toxico|Shift Gear|p2a: toxico\n|-boost|p2a: toxico|spe|2\n|-boost|p2a: toxico|atk|1\n|move|p1a: Gliscor|Earthquake|p2a: toxico\n|-supereffective|p2a: toxico\n|-damage|p2a: toxico|0 fnt\n|faint|p2a: toxico\n|\n|win|pitiman\n|l|\u2606Fabrizio8\n|l| Sylveon(404)\n|c|\u2606pitiman|pero es q el se dejo a mitad de partida\n","uploadtime":1700667630,"views":5,"p1id":"pitiman","p2id":"fabrizio8","formatid":"gen9nationaldex","rating":0,"private":0,"password":""}