{"id":"gen9nationaldex-1991735162","p1":"Tyr Alexander","p2":"terrysalt","format":"[Gen 9] National Dex","log":"|j|\u2606Tyr Alexander\n|j|\u2606terrysalt\n|t:|1700108672\n|gametype|singles\n|player|p1|Tyr Alexander|101|\n|player|p2|terrysalt|170|\n|teamsize|p1|6\n|teamsize|p2|6\n|gen|9\n|tier|[Gen 9] National Dex\n|rule|HP Percentage Mod: HP is shown in percentages\n|rule|Endless Battle Clause: Forcing endless battles is banned\n|rule|OHKO Clause: OHKO moves are banned\n|rule|Evasion Clause: Evasion abilities, items, and moves are banned\n|rule|Evasion Abilities Clause: Evasion abilities are banned\n|rule|Evasion Items Clause: Evasion items are banned\n|rule|Evasion Moves Clause: Evasion moves are banned\n|rule|Species Clause: Limit one of each Pok\u00e9mon\n|rule|Sleep Clause Mod: Limit one foe put to sleep\n|clearpoke\n|poke|p1|Meowscarada, M|\n|poke|p1|Dragonite, F|\n|poke|p1|Slowking, F|\n|poke|p1|Cinderace, M|\n|poke|p1|Great Tusk|\n|poke|p1|Gengar, F|\n|poke|p2|Rhydon, M|\n|poke|p2|Sylveon, M|\n|poke|p2|Decidueye, M|\n|poke|p2|Toxicroak, F|\n|poke|p2|Togedemaru, F|\n|poke|p2|Dondozo, F|\n|teampreview\n|\n|t:|1700108743\n|start\n|switch|p1a: Catty|Meowscarada, M|100\/100\n|switch|p2a: Togedemaru|Togedemaru, F|100\/100\n|turn|1\n|\n|t:|1700108752\n|move|p1a: Catty|Flower Trick|p2a: Togedemaru\n|-start|p1a: Catty|typechange|Grass|[from] ability: Protean\n|-resisted|p2a: Togedemaru\n|-crit|p2a: Togedemaru\n|-damage|p2a: Togedemaru|58\/100\n|move|p2a: Togedemaru|U-turn|p1a: Catty\n|-supereffective|p1a: Catty\n|-damage|p1a: Catty|35\/100\n|\n|t:|1700108763\n|switch|p2a: Sylveon|Sylveon, M|100\/100|[from] U-turn\n|\n|upkeep\n|turn|2\n|\n|t:|1700108777\n|switch|p1a: Oblivious|Slowking, F|100\/100\n|move|p2a: Sylveon|Wish|p2a: Sylveon\n|\n|upkeep\n|turn|3\n|\n|t:|1700108791\n|switch|p2a: Togedemaru|Togedemaru, F|58\/100\n|move|p1a: Oblivious|Future Sight|p2a: Togedemaru\n|-start|p1a: Oblivious|move: Future Sight\n|\n|-heal|p2a: Togedemaru|100\/100|[from] move: Wish|[wisher] Sylveon\n|upkeep\n|turn|4\n|\n|t:|1700108800\n|move|p2a: Togedemaru|Zing Zap|p1a: Oblivious\n|-supereffective|p1a: Oblivious\n|-damage|p1a: Oblivious|24\/100\n|move|p1a: Oblivious|Psychic|p2a: Togedemaru\n|-resisted|p2a: Togedemaru\n|-damage|p2a: Togedemaru|74\/100\n|\n|upkeep\n|turn|5\n|\n|t:|1700108814\n|switch|p1a: Stalwart|Great Tusk|100\/100\n|move|p2a: Togedemaru|Zing Zap|p1a: Stalwart\n|-immune|p1a: Stalwart\n|\n|-end|p2a: Togedemaru|move: Future Sight\n|-resisted|p2a: Togedemaru\n|-crit|p2a: Togedemaru\n|-damage|p2a: Togedemaru|22\/100\n|upkeep\n|turn|6\n|\n|t:|1700108825\n|switch|p2a: Dondozo|Dondozo, F|100\/100\n|move|p1a: Stalwart|Knock Off|p2a: Dondozo\n|-damage|p2a: Dondozo|87\/100\n|-enditem|p2a: Dondozo|Leftovers|[from] move: Knock Off|[of] p1a: Stalwart\n|\n|upkeep\n|turn|7\n|\n|t:|1700108834\n|-end|p1a: Stalwart|Protosynthesis|[silent]\n|switch|p1a: Friendly|Dragonite, F|100\/100\n|move|p2a: Dondozo|Liquidation|p1a: Friendly\n|-resisted|p1a: Friendly\n|-damage|p1a: Friendly|93\/100\n|\n|upkeep\n|turn|8\n|\n|t:|1700108856\n|move|p1a: Friendly|Extreme Speed|p2a: Dondozo\n|-damage|p2a: Dondozo|67\/100\n|move|p2a: Dondozo|Liquidation|p1a: Friendly\n|-resisted|p1a: Friendly\n|-damage|p1a: Friendly|78\/100\n|\n|upkeep\n|turn|9\n|\n|t:|1700108865\n|move|p1a: Friendly|Extreme Speed|p2a: Dondozo\n|-damage|p2a: Dondozo|48\/100\n|move|p2a: Dondozo|Curse|p2a: Dondozo\n|-unboost|p2a: Dondozo|spe|1\n|-boost|p2a: Dondozo|atk|1\n|-boost|p2a: Dondozo|def|1\n|\n|upkeep\n|turn|10\n|\n|t:|1700108878\n|move|p1a: Friendly|Extreme Speed|p2a: Dondozo\n|-damage|p2a: Dondozo|35\/100\n|move|p2a: Dondozo|Rest|p2a: Dondozo\n|-status|p2a: Dondozo|slp|[from] move: Rest\n|-heal|p2a: Dondozo|100\/100 slp|[silent]\n|\n|upkeep\n|turn|11\n|\n|t:|1700108885\n|switch|p1a: Catty|Meowscarada, M|35\/100\n|cant|p2a: Dondozo|slp\n|move|p2a: Dondozo|Sleep Talk|p2a: Dondozo\n|move|p2a: Dondozo|Curse|p2a: Dondozo|[from]move: Sleep Talk\n|-unboost|p2a: Dondozo|spe|1\n|-boost|p2a: Dondozo|atk|1\n|-boost|p2a: Dondozo|def|1\n|\n|upkeep\n|turn|12\n|\n|t:|1700108912\n|move|p1a: Catty|Flower Trick|p2a: Dondozo\n|-start|p1a: Catty|typechange|Grass|[from] ability: Protean\n|-supereffective|p2a: Dondozo\n|-crit|p2a: Dondozo\n|-damage|p2a: Dondozo|54\/100 slp\n|cant|p2a: Dondozo|slp\n|move|p2a: Dondozo|Sleep Talk|p2a: Dondozo\n|move|p2a: Dondozo|Rest||[from]move: Sleep Talk|[still]\n|-fail|p2a: Dondozo\n|\n|upkeep\n|turn|13\n|\n|t:|1700108932\n|move|p1a: Catty|Flower Trick|p2a: Dondozo\n|-supereffective|p2a: Dondozo\n|-crit|p2a: Dondozo\n|-damage|p2a: Dondozo|9\/100 slp\n|-curestatus|p2a: Dondozo|slp|[msg]\n|move|p2a: Dondozo|Rest|p2a: Dondozo\n|-status|p2a: Dondozo|slp|[from] move: Rest\n|-heal|p2a: Dondozo|100\/100 slp|[silent]\n|\n|upkeep\n|turn|14\n|\n|t:|1700108954\n|move|p1a: Catty|Flower Trick|p2a: Dondozo\n|-supereffective|p2a: Dondozo\n|-crit|p2a: Dondozo\n|-damage|p2a: Dondozo|54\/100 slp\n|cant|p2a: Dondozo|slp\n|move|p2a: Dondozo|Sleep Talk|p2a: Dondozo\n|move|p2a: Dondozo|Liquidation|p1a: Catty|[from]move: Sleep Talk\n|-resisted|p1a: Catty\n|-damage|p1a: Catty|0 fnt\n|faint|p1a: Catty\n|\n|upkeep\n|\n|t:|1700108965\n|switch|p1a: Gengar|Gengar, F, shiny|100\/100\n|turn|15\n|\n|t:|1700108971\n|switch|p2a: Rhydon|Rhydon, M|100\/100\n|move|p1a: Gengar|Thunder|p2a: Rhydon\n|-immune|p2a: Rhydon\n|\n|upkeep\n|turn|16\n|\n|t:|1700108987\n|move|p1a: Gengar|Hyper Beam|p2a: Rhydon\n|-resisted|p2a: Rhydon\n|-damage|p2a: Rhydon|70\/100\n|-mustrecharge|p1a: Gengar\n|move|p2a: Rhydon|Earthquake|p1a: Gengar\n|-supereffective|p1a: Gengar\n|-damage|p1a: Gengar|0 fnt\n|faint|p1a: Gengar\n|\n|upkeep\n|\n|t:|1700108999\n|switch|p1a: Friendly|Dragonite, F|78\/100\n|turn|17\n|\n|t:|1700109012\n|move|p1a: Friendly|Fire Punch|p2a: Rhydon\n|-resisted|p2a: Rhydon\n|-damage|p2a: Rhydon|57\/100\n|move|p2a: Rhydon|Stone Edge|p1a: Friendly\n|-supereffective|p1a: Friendly\n|-damage|p1a: Friendly|0 fnt\n|faint|p1a: Friendly\n|\n|upkeep\n|\n|t:|1700109023\n|switch|p1a: Engaged|Cinderace, M|100\/100\n|turn|18\n|\n|t:|1700109027\n|move|p1a: Engaged|Pyro Ball|p2a: Rhydon\n|-resisted|p2a: Rhydon\n|-damage|p2a: Rhydon|45\/100\n|-status|p2a: Rhydon|brn\n|move|p2a: Rhydon|Earthquake|p1a: Engaged\n|-supereffective|p1a: Engaged\n|-damage|p1a: Engaged|28\/100\n|\n|-damage|p2a: Rhydon|39\/100 brn|[from] brn\n|upkeep\n|turn|19\n|\n|t:|1700109038\n|move|p1a: Engaged|Pyro Ball|p2a: Rhydon\n|-resisted|p2a: Rhydon\n|-damage|p2a: Rhydon|20\/100 brn\n|move|p2a: Rhydon|Earthquake|p1a: Engaged\n|-supereffective|p1a: Engaged\n|-damage|p1a: Engaged|0 fnt\n|faint|p1a: Engaged\n|\n|-damage|p2a: Rhydon|14\/100 brn|[from] brn\n|upkeep\n|\n|t:|1700109046\n|switch|p1a: Stalwart|Great Tusk|100\/100\n|turn|20\n|\n|t:|1700109051\n|switch|p2a: Sylveon|Sylveon, M|100\/100\n|move|p1a: Stalwart|Knock Off|p2a: Sylveon\n|-resisted|p2a: Sylveon\n|-damage|p2a: Sylveon|82\/100\n|-enditem|p2a: Sylveon|Leftovers|[from] move: Knock Off|[of] p1a: Stalwart\n|\n|upkeep\n|turn|21\n|\n|t:|1700109060\n|move|p1a: Stalwart|Earthquake|p2a: Sylveon\n|-damage|p2a: Sylveon|28\/100\n|move|p2a: Sylveon|Wish|p2a: Sylveon\n|\n|upkeep\n|turn|22\n|\n|t:|1700109068\n|switch|p2a: Dondozo|Dondozo, F|54\/100 slp\n|move|p1a: Stalwart|Earthquake|p2a: Dondozo\n|-damage|p2a: Dondozo|35\/100 slp\n|\n|-heal|p2a: Dondozo|74\/100 slp|[from] move: Wish|[wisher] Sylveon\n|upkeep\n|turn|23\n|\n|t:|1700109087\n|move|p1a: Stalwart|Knock Off|p2a: Dondozo\n|-damage|p2a: Dondozo|66\/100 slp\n|cant|p2a: Dondozo|slp\n|\n|upkeep\n|turn|24\n|\n|t:|1700109095\n|move|p1a: Stalwart|Earthquake|p2a: Dondozo\n|-damage|p2a: Dondozo|47\/100 slp\n|-curestatus|p2a: Dondozo|slp|[msg]\n|move|p2a: Dondozo|Liquidation|p1a: Stalwart\n|-supereffective|p1a: Stalwart\n|-damage|p1a: Stalwart|74\/100\n|-damage|p2a: Dondozo|30\/100|[from] item: Rocky Helmet|[of] p1a: Stalwart\n|\n|upkeep\n|turn|25\n|\n|t:|1700109107\n|move|p1a: Stalwart|Earthquake|p2a: Dondozo\n|-damage|p2a: Dondozo|12\/100\n|move|p2a: Dondozo|Rest|p2a: Dondozo\n|-status|p2a: Dondozo|slp|[from] move: Rest\n|-heal|p2a: Dondozo|100\/100 slp|[silent]\n|\n|upkeep\n|turn|26\n|\n|t:|1700109114\n|move|p1a: Stalwart|Earthquake|p2a: Dondozo\n|-damage|p2a: Dondozo|80\/100 slp\n|cant|p2a: Dondozo|slp\n|move|p2a: Dondozo|Sleep Talk|p2a: Dondozo\n|move|p2a: Dondozo|Curse|p2a: Dondozo|[from]move: Sleep Talk\n|-unboost|p2a: Dondozo|spe|1\n|-boost|p2a: Dondozo|atk|1\n|-boost|p2a: Dondozo|def|1\n|\n|upkeep\n|turn|27\n|\n|t:|1700109123\n|move|p1a: Stalwart|Earthquake|p2a: Dondozo\n|-damage|p2a: Dondozo|67\/100 slp\n|cant|p2a: Dondozo|slp\n|move|p2a: Dondozo|Sleep Talk|p2a: Dondozo\n|move|p2a: Dondozo|Rest||[from]move: Sleep Talk|[still]\n|-fail|p2a: Dondozo\n|\n|upkeep\n|turn|28\n|\n|t:|1700109131\n|move|p1a: Stalwart|Earthquake|p2a: Dondozo\n|-damage|p2a: Dondozo|55\/100 slp\n|-curestatus|p2a: Dondozo|slp|[msg]\n|move|p2a: Dondozo|Liquidation|p1a: Stalwart\n|-supereffective|p1a: Stalwart\n|-damage|p1a: Stalwart|32\/100\n|-damage|p2a: Dondozo|38\/100|[from] item: Rocky Helmet|[of] p1a: Stalwart\n|\n|upkeep\n|turn|29\n|\n|t:|1700109139\n|move|p1a: Stalwart|Earthquake|p2a: Dondozo\n|-damage|p2a: Dondozo|24\/100\n|move|p2a: Dondozo|Rest|p2a: Dondozo\n|-status|p2a: Dondozo|slp|[from] move: Rest\n|-heal|p2a: Dondozo|100\/100 slp|[silent]\n|\n|upkeep\n|turn|30\n|\n|t:|1700109147\n|move|p1a: Stalwart|Earthquake|p2a: Dondozo\n|-damage|p2a: Dondozo|87\/100 slp\n|cant|p2a: Dondozo|slp\n|move|p2a: Dondozo|Sleep Talk|p2a: Dondozo\n|move|p2a: Dondozo|Liquidation|p1a: Stalwart|[from]move: Sleep Talk\n|-supereffective|p1a: Stalwart\n|-damage|p1a: Stalwart|0 fnt\n|-damage|p2a: Dondozo|70\/100 slp|[from] item: Rocky Helmet|[of] p1a: Stalwart\n|faint|p1a: Stalwart\n|-end|p1a: Stalwart|Protosynthesis|[silent]\n|\n|upkeep\n|\n|t:|1700109213\n|switch|p1a: Oblivious|Slowking, F|57\/100\n|turn|31\n|\n|t:|1700109234\n|cant|p2a: Dondozo|slp\n|move|p2a: Dondozo|Sleep Talk|p2a: Dondozo\n|move|p2a: Dondozo|Rest||[from]move: Sleep Talk|[still]\n|-fail|p2a: Dondozo\n|move|p1a: Oblivious|Psychic|p2a: Dondozo\n|-damage|p2a: Dondozo|40\/100 slp\n|\n|upkeep\n|turn|32\n|\n|t:|1700109246\n|-curestatus|p2a: Dondozo|slp|[msg]\n|move|p2a: Dondozo|Rest|p2a: Dondozo\n|-status|p2a: Dondozo|slp|[from] move: Rest\n|-heal|p2a: Dondozo|100\/100 slp|[silent]\n|move|p1a: Oblivious|Psychic|p2a: Dondozo\n|-damage|p2a: Dondozo|69\/100 slp\n|\n|upkeep\n|turn|33\n|\n|t:|1700109255\n|cant|p2a: Dondozo|slp\n|move|p2a: Dondozo|Sleep Talk|p2a: Dondozo\n|move|p2a: Dondozo|Curse|p2a: Dondozo|[from]move: Sleep Talk\n|-unboost|p2a: Dondozo|spe|1\n|-boost|p2a: Dondozo|atk|1\n|-boost|p2a: Dondozo|def|1\n|move|p1a: Oblivious|Psychic|p2a: Dondozo\n|-damage|p2a: Dondozo|39\/100 slp\n|\n|upkeep\n|turn|34\n|\n|t:|1700109267\n|move|p1a: Oblivious|Psychic|p2a: Dondozo\n|-damage|p2a: Dondozo|7\/100 slp\n|cant|p2a: Dondozo|slp\n|move|p2a: Dondozo|Sleep Talk|p2a: Dondozo\n|move|p2a: Dondozo|Liquidation|p1a: Oblivious|[from]move: Sleep Talk\n|-resisted|p1a: Oblivious\n|-damage|p1a: Oblivious|26\/100\n|\n|upkeep\n|turn|35\n|\n|t:|1700109286\n|move|p1a: Oblivious|Psychic|p2a: Dondozo\n|-damage|p2a: Dondozo|0 fnt\n|faint|p2a: Dondozo\n|\n|upkeep\n|\n|t:|1700109290\n|switch|p2a: Decidueye|Decidueye, M|100\/100\n|turn|36\n|\n|t:|1700109295\n|move|p2a: Decidueye|Leaf Blade|p1a: Oblivious\n|-supereffective|p1a: Oblivious\n|-damage|p1a: Oblivious|0 fnt\n|faint|p1a: Oblivious\n|\n|win|terrysalt\n|c|\u2606terrysalt|gg\n|c|\u2606Tyr Alexander|gg\n|c|\u2606terrysalt|Okay, at least I got one!\n","uploadtime":1700109309,"views":8,"p1id":"tyralexander","p2id":"terrysalt","formatid":"gen9nationaldex","rating":0,"private":0,"password":""}