{"id":"gen9nationaldex-2000179059","p1":"stephen140","p2":"Yuanshen61\u6211\u8981\u73a9\u539f\u795e","format":"[Gen 9] National Dex","log":"|html|<div class=\"broadcast-blue\"><strong>[Gen 9] National Dex is currently suspecting Sneasler! For information on how to participate check out the <a href=\"https:\/\/www.smogon.com\/forums\/threads\/sv-national-dex-suspect-8-just-dance.3731534\/\">suspect thread<\/a>.<\/strong><\/div>\n|j|\u2606stephen140\n|j|\u2606Yuanshen61\u6211\u8981\u73a9\u539f\u795e\n|t:|1701168075\n|gametype|singles\n|player|p1|stephen140|iris-gen5bw2|1470\n|player|p2|Yuanshen61\u6211\u8981\u73a9\u539f\u795e|dawn-contest|1443\n|teamsize|p1|6\n|teamsize|p2|6\n|gen|9\n|tier|[Gen 9] National Dex\n|rated|\n|rule|HP Percentage Mod: HP is shown in percentages\n|rule|Endless Battle Clause: Forcing endless battles is banned\n|rule|OHKO Clause: OHKO moves are banned\n|rule|Evasion Clause: Evasion abilities, items, and moves are banned\n|rule|Evasion Abilities Clause: Evasion abilities are banned\n|rule|Evasion Items Clause: Evasion items are banned\n|rule|Evasion Moves Clause: Evasion moves are banned\n|rule|Species Clause: Limit one of each Pok\u00e9mon\n|rule|Sleep Clause Mod: Limit one foe put to sleep\n|clearpoke\n|poke|p1|Swampert, M|\n|poke|p1|Pelipper, F|\n|poke|p1|Clodsire, M|\n|poke|p1|Kartana|\n|poke|p1|Zapdos|\n|poke|p1|Zoroark-Hisui, M|\n|poke|p2|Tapu Lele|\n|poke|p2|Sneasler, F|\n|poke|p2|Empoleon, M|\n|poke|p2|Dondozo, M|\n|poke|p2|Garchomp, M|\n|poke|p2|Charizard, M|\n|teampreview\n|inactive|Battle timer is ON: inactive players will automatically lose when time's up. (requested by Yuanshen61\u6211\u8981\u73a9\u539f\u795e)\n|inactive|stephen140 also wants the timer to be on.\n|\n|t:|1701168087\n|start\n|switch|p1a: Kartana|Kartana, shiny|100\/100\n|switch|p2a: Empoleon|Empoleon, M|100\/100\n|turn|1\n|\n|t:|1701168101\n|switch|p2a: Charizard|Charizard, M|100\/100\n|move|p1a: Kartana|U-turn|p2a: Charizard\n|-resisted|p2a: Charizard\n|-damage|p2a: Charizard|95\/100\n|\n|t:|1701168111\n|switch|p1a: Clodsire|Clodsire, M|100\/100|[from] U-turn\n|\n|upkeep\n|turn|2\n|\n|t:|1701168123\n|switch|p2a: Garchomp|Garchomp, M|100\/100\n|move|p1a: Clodsire|Stealth Rock|p2a: Garchomp\n|-sidestart|p2: Yuanshen61\u6211\u8981\u73a9\u539f\u795e|move: Stealth Rock\n|\n|upkeep\n|turn|3\n|\n|t:|1701168138\n|switch|p1a: Kartana|Kartana, shiny|100\/100\n|move|p2a: Garchomp|Scale Shot|p1a: Kartana\n|-resisted|p1a: Kartana\n|-damage|p1a: Kartana|95\/100\n|-resisted|p1a: Kartana\n|-damage|p1a: Kartana|89\/100\n|-hitcount|p1a: Kartana|2\n|-unboost|p2a: Garchomp|def|1\n|-boost|p2a: Garchomp|spe|1\n|\n|upkeep\n|turn|4\n|\n|t:|1701168151\n|-zpower|p2a: Garchomp\n|move|p2a: Garchomp|Tectonic Rage|p1a: Kartana|[zeffect]\n|-damage|p1a: Kartana|0 fnt\n|faint|p1a: Kartana\n|\n|upkeep\n|inactive|stephen140 has 120 seconds left.\n|\n|t:|1701168176\n|switch|p1a: Toad 1.9|Swampert, M|100\/100\n|turn|5\n|\n|t:|1701168197\n|detailschange|p1a: Toad 1.9|Swampert-Mega, M\n|-mega|p1a: Toad 1.9|Swampert|Swampertite\n|move|p2a: Garchomp|Stealth Rock|p1a: Toad 1.9\n|-sidestart|p1: stephen140|move: Stealth Rock\n|move|p1a: Toad 1.9|Ice Punch|p2a: Garchomp\n|-supereffective|p2a: Garchomp\n|-damage|p2a: Garchomp|0 fnt\n|-damage|p1a: Toad 1.9|88\/100|[from] ability: Rough Skin|[of] p2a: Garchomp\n|faint|p2a: Garchomp\n|\n|upkeep\n|\n|t:|1701168201\n|switch|p2a: Tapu Lele|Tapu Lele|100\/100\n|-damage|p2a: Tapu Lele|88\/100|[from] Stealth Rock\n|-fieldstart|move: Psychic Terrain|[from] ability: Psychic Surge|[of] p2a: Tapu Lele\n|turn|6\n|\n|t:|1701168213\n|switch|p1a: Zapdos|Zapdos|100\/100\n|move|p2a: Tapu Lele|Psychic|p1a: Zapdos\n|-damage|p1a: Zapdos|44\/100\n|-unboost|p1a: Zapdos|spd|1\n|\n|upkeep\n|turn|7\n|\n|t:|1701168218\n|move|p2a: Tapu Lele|Psychic|p1a: Zapdos\n|-damage|p1a: Zapdos|0 fnt\n|faint|p1a: Zapdos\n|\n|upkeep\n|\n|t:|1701168222\n|switch|p1a: Toad 0.9|Pelipper, F|100\/100\n|-damage|p1a: Toad 0.9|75\/100|[from] Stealth Rock\n|-weather|RainDance|[from] ability: Drizzle|[of] p1a: Toad 0.9\n|turn|8\n|inactive|Yuanshen61\u6211\u8981\u73a9\u539f\u795e has 120 seconds left.\n|\n|t:|1701168267\n|-terastallize|p1a: Toad 0.9|Steel\n|move|p2a: Tapu Lele|Psychic|p1a: Toad 0.9\n|-resisted|p1a: Toad 0.9\n|-damage|p1a: Toad 0.9|46\/100\n|move|p1a: Toad 0.9|U-turn|p2a: Tapu Lele\n|-damage|p2a: Tapu Lele|75\/100\n|inactive|stephen140 has 120 seconds left.\n|\n|t:|1701168297\n|switch|p1a: Toad 1.9|Swampert-Mega, M|88\/100|[from] U-turn\n|-damage|p1a: Toad 1.9|82\/100|[from] Stealth Rock\n|\n|-weather|RainDance|[upkeep]\n|upkeep\n|turn|9\n|inactive|Yuanshen61\u6211\u8981\u73a9\u539f\u795e has 120 seconds left.\n|\n|t:|1701168305\n|switch|p2a: Dondozo|Dondozo, M|100\/100\n|-damage|p2a: Dondozo|88\/100|[from] Stealth Rock\n|move|p1a: Toad 1.9|Waterfall|p2a: Dondozo\n|-resisted|p2a: Dondozo\n|-damage|p2a: Dondozo|71\/100\n|\n|-weather|RainDance|[upkeep]\n|-heal|p2a: Dondozo|77\/100|[from] item: Leftovers\n|upkeep\n|turn|10\n|\n|t:|1701168314\n|move|p1a: Toad 1.9|Flip Turn|p2a: Dondozo\n|-resisted|p2a: Dondozo\n|-damage|p2a: Dondozo|64\/100\n|\n|t:|1701168319\n|switch|p1a: Clodsire|Clodsire, M|100\/100|[from] Flip Turn\n|-damage|p1a: Clodsire|94\/100|[from] Stealth Rock\n|move|p2a: Dondozo|Curse|p2a: Dondozo\n|-unboost|p2a: Dondozo|spe|1\n|-boost|p2a: Dondozo|atk|1\n|-boost|p2a: Dondozo|def|1\n|\n|-weather|RainDance|[upkeep]\n|-heal|p1a: Clodsire|100\/100|[from] item: Leftovers\n|-heal|p2a: Dondozo|70\/100|[from] item: Leftovers\n|-fieldend|move: Psychic Terrain\n|upkeep\n|turn|11\n|\n|t:|1701168330\n|move|p1a: Clodsire|Toxic|p2a: Dondozo\n|-status|p2a: Dondozo|tox\n|move|p2a: Dondozo|Waterfall|p1a: Clodsire\n|-supereffective|p1a: Clodsire\n|-damage|p1a: Clodsire|22\/100\n|\n|-weather|RainDance|[upkeep]\n|-heal|p1a: Clodsire|29\/100|[from] item: Leftovers\n|-heal|p2a: Dondozo|76\/100 tox|[from] item: Leftovers\n|-damage|p2a: Dondozo|70\/100 tox|[from] psn\n|upkeep\n|turn|12\n|\n|t:|1701168336\n|move|p1a: Clodsire|Earthquake|p2a: Dondozo\n|-damage|p2a: Dondozo|58\/100 tox\n|move|p2a: Dondozo|Curse|p2a: Dondozo\n|-unboost|p2a: Dondozo|spe|1\n|-boost|p2a: Dondozo|atk|1\n|-boost|p2a: Dondozo|def|1\n|\n|-weather|RainDance|[upkeep]\n|-heal|p1a: Clodsire|35\/100|[from] item: Leftovers\n|-heal|p2a: Dondozo|64\/100 tox|[from] item: Leftovers\n|-damage|p2a: Dondozo|52\/100 tox|[from] psn\n|upkeep\n|turn|13\n|\n|t:|1701168339\n|switch|p1a: Toad 1.9|Swampert-Mega, M|100\/100\n|-damage|p1a: Toad 1.9|88\/100|[from] Stealth Rock\n|move|p2a: Dondozo|Rest|p2a: Dondozo\n|-status|p2a: Dondozo|slp|[from] move: Rest\n|-heal|p2a: Dondozo|100\/100 slp|[silent]\n|\n|-weather|RainDance|[upkeep]\n|upkeep\n|turn|14\n|\n|t:|1701168342\n|move|p1a: Toad 1.9|Trick|p2a: Dondozo\n|-activate|p1a: Toad 1.9|move: Trick|[of] p2a: Dondozo\n|-item|p2a: Dondozo|Choice Specs|[from] move: Trick\n|-item|p1a: Toad 1.9|Leftovers|[from] move: Trick\n|cant|p2a: Dondozo|slp\n|move|p2a: Dondozo|Sleep Talk|p2a: Dondozo\n|move|p2a: Dondozo|Waterfall|p1a: Toad 1.9|[from]move: Sleep Talk\n|-damage|p1a: Toad 1.9|0 fnt\n|replace|p1a: Zoroark|Zoroark-Hisui, M, shiny\n|-end|p1a: Zoroark|Illusion\n|faint|p1a: Zoroark\n|\n|-weather|RainDance|[upkeep]\n|upkeep\n|\n|t:|1701168350\n|switch|p1a: Clodsire|Clodsire, M|35\/100\n|-damage|p1a: Clodsire|29\/100|[from] Stealth Rock\n|turn|15\n|\n|t:|1701168353\n|move|p1a: Clodsire|Earthquake|p2a: Dondozo\n|-damage|p2a: Dondozo|87\/100 slp\n|cant|p2a: Dondozo|slp\n|move|p2a: Dondozo|Sleep Talk|p2a: Dondozo\n|move|p2a: Dondozo|Rest||[from]move: Sleep Talk|[still]\n|-fail|p2a: Dondozo\n|\n|-weather|none\n|-heal|p1a: Clodsire|35\/100|[from] item: Leftovers\n|upkeep\n|turn|16\n|\n|t:|1701168361\n|switch|p1a: Toad 0.9|Pelipper, F, tera:Steel|46\/100\n|-damage|p1a: Toad 0.9|40\/100|[from] Stealth Rock\n|-weather|RainDance|[from] ability: Drizzle|[of] p1a: Toad 0.9\n|switch|p2a: Tapu Lele|Tapu Lele|75\/100\n|-damage|p2a: Tapu Lele|62\/100|[from] Stealth Rock\n|-fieldstart|move: Psychic Terrain|[from] ability: Psychic Surge|[of] p2a: Tapu Lele\n|\n|-weather|RainDance|[upkeep]\n|upkeep\n|turn|17\n|\n|t:|1701168368\n|switch|p1a: Clodsire|Clodsire, M|35\/100\n|-damage|p1a: Clodsire|29\/100|[from] Stealth Rock\n|move|p2a: Tapu Lele|Psychic|p1a: Clodsire\n|-supereffective|p1a: Clodsire\n|-damage|p1a: Clodsire|0 fnt\n|faint|p1a: Clodsire\n|\n|-weather|RainDance|[upkeep]\n|upkeep\n|\n|t:|1701168385\n|switch|p1a: Toad 0.9|Pelipper, F, tera:Steel|40\/100\n|-damage|p1a: Toad 0.9|34\/100|[from] Stealth Rock\n|turn|18\n|\n|t:|1701168389\n|move|p2a: Tapu Lele|Psychic|p1a: Toad 0.9\n|-resisted|p1a: Toad 0.9\n|-damage|p1a: Toad 0.9|7\/100\n|move|p1a: Toad 0.9|Roost|p1a: Toad 0.9\n|-heal|p1a: Toad 0.9|57\/100\n|\n|-weather|RainDance|[upkeep]\n|upkeep\n|turn|19\n|\n|t:|1701168394\n|switch|p2a: Sneasler|Sneasler, F|100\/100\n|-damage|p2a: Sneasler|95\/100|[from] Stealth Rock\n|-enditem|p2a: Sneasler|Psychic Seed\n|-boost|p2a: Sneasler|spd|1|[from] item: Psychic Seed\n|move|p1a: Toad 0.9|Roost|p1a: Toad 0.9\n|-heal|p1a: Toad 0.9|100\/100\n|\n|-weather|RainDance|[upkeep]\n|upkeep\n|turn|20\n|\n|t:|1701168407\n|move|p2a: Sneasler|Close Combat|p1a: Toad 0.9\n|-supereffective|p1a: Toad 0.9\n|-damage|p1a: Toad 0.9|0 fnt\n|-unboost|p2a: Sneasler|def|1\n|-unboost|p2a: Sneasler|spd|1\n|faint|p1a: Toad 0.9\n|\n|-weather|RainDance|[upkeep]\n|-fieldend|move: Psychic Terrain\n|upkeep\n|\n|t:|1701168411\n|switch|p1a: Toad 1.9|Swampert-Mega, M|82\/100\n|-damage|p1a: Toad 1.9|76\/100|[from] Stealth Rock\n|turn|21\n|\n|t:|1701168413\n|move|p2a: Sneasler|Close Combat|p1a: Toad 1.9\n|-damage|p1a: Toad 1.9|18\/100\n|-unboost|p2a: Sneasler|def|1\n|-unboost|p2a: Sneasler|spd|1\n|move|p1a: Toad 1.9|Waterfall|p2a: Sneasler\n|-damage|p2a: Sneasler|0 fnt\n|faint|p2a: Sneasler\n|\n|-weather|RainDance|[upkeep]\n|upkeep\n|\n|t:|1701168416\n|switch|p2a: Charizard|Charizard, M|95\/100\n|-damage|p2a: Charizard|46\/100|[from] Stealth Rock\n|turn|22\n|\n|t:|1701168419\n|detailschange|p2a: Charizard|Charizard-Mega-Y, M\n|-mega|p2a: Charizard|Charizard|Charizardite Y\n|-weather|SunnyDay|[from] ability: Drought|[of] p2a: Charizard\n|move|p2a: Charizard|Solar Beam||[still]\n|-prepare|p2a: Charizard|Solar Beam\n|-anim|p2a: Charizard|Solar Beam|p1a: Toad 1.9\n|-supereffective|p1a: Toad 1.9\n|-damage|p1a: Toad 1.9|0 fnt\n|faint|p1a: Toad 1.9\n|\n|win|Yuanshen61\u6211\u8981\u73a9\u539f\u795e\n|raw|stephen140's rating: 1470 &rarr; <strong>1450<\/strong><br \/>(-20 for losing)\n|raw|Yuanshen61\u6211\u8981\u73a9\u539f\u795e's rating: 1463 &rarr; <strong>1483<\/strong><br \/>(+20 for winning)\n|l|\u2606stephen140\n|l|\u2606Yuanshen61\u6211\u8981\u73a9\u539f\u795e\n|j|\u2606Yuanshen61\u6211\u8981\u73a9\u539f\u795e\n|player|p2|Yuanshen61\u6211\u8981\u73a9\u539f\u795e|dawn-contest\n","uploadtime":1701168440,"views":1,"p1id":"stephen140","p2id":"yuanshen61","formatid":"gen9nationaldex","rating":1450,"private":0,"password":""}