{"id":"gen9nationaldex-1995851158","p1":"natillo","p2":"alive!12","format":"[Gen 9] National Dex","log":"|html|<div class=\"broadcast-blue\"><strong>[Gen 9] National Dex is currently suspecting Sneasler! For information on how to participate check out the <a href=\"https:\/\/www.smogon.com\/forums\/threads\/sv-national-dex-suspect-8-just-dance.3731534\/\">suspect thread<\/a>.<\/strong><\/div>\n|j|\u2606natillo\n|j|\u2606alive!12\n|t:|1700609611\n|gametype|singles\n|player|p1|natillo|biker|1203\n|player|p2|alive!12|janitor|1210\n|teamsize|p1|6\n|teamsize|p2|6\n|gen|9\n|tier|[Gen 9] National Dex\n|rated|\n|rule|HP Percentage Mod: HP is shown in percentages\n|rule|Endless Battle Clause: Forcing endless battles is banned\n|rule|OHKO Clause: OHKO moves are banned\n|rule|Evasion Clause: Evasion abilities, items, and moves are banned\n|rule|Evasion Abilities Clause: Evasion abilities are banned\n|rule|Evasion Items Clause: Evasion items are banned\n|rule|Evasion Moves Clause: Evasion moves are banned\n|rule|Species Clause: Limit one of each Pok\u00e9mon\n|rule|Sleep Clause Mod: Limit one foe put to sleep\n|clearpoke\n|poke|p1|Cresselia, F|\n|poke|p1|Ogerpon-Wellspring, F|\n|poke|p1|Glimmora, F|\n|poke|p1|Empoleon, F|\n|poke|p1|Kommo-o, M|\n|poke|p1|Corviknight, M|\n|poke|p2|Arcanine-Hisui, M|\n|poke|p2|Greninja-*, M|\n|poke|p2|Rotom-Wash|\n|poke|p2|Gliscor, M|\n|poke|p2|Beedrill, M|\n|poke|p2|Venusaur, F|\n|teampreview\n|\n|t:|1700609637\n|start\n|switch|p1a: Empoleon|Empoleon, F|100\/100\n|switch|p2a: Greninja|Greninja, M|100\/100\n|turn|1\n|\n|t:|1700609661\n|move|p1a: Empoleon|Vacuum Wave|p2a: Greninja\n|-supereffective|p2a: Greninja\n|-damage|p2a: Greninja|38\/100\n|move|p2a: Greninja|Dark Pulse|p1a: Empoleon\n|-start|p2a: Greninja|typechange|Dark|[from] ability: Protean\n|-damage|p1a: Empoleon|66\/100\n|\n|upkeep\n|turn|2\n|c|\u2606alive!12|interesting\u2026\n|\n|t:|1700609687\n|switch|p2a: Venusaur|Venusaur, F|100\/100\n|move|p1a: Empoleon|Vacuum Wave|p2a: Venusaur\n|-resisted|p2a: Venusaur\n|-damage|p2a: Venusaur|93\/100\n|\n|-heal|p2a: Venusaur|99\/100|[from] item: Black Sludge\n|upkeep\n|turn|3\n|\n|t:|1700609699\n|switch|p1a: Corviknight|Corviknight, M, shiny|100\/100\n|move|p2a: Venusaur|Earth Power|p1a: Corviknight\n|-immune|p1a: Corviknight\n|\n|-heal|p2a: Venusaur|100\/100|[from] item: Black Sludge\n|upkeep\n|turn|4\n|\n|t:|1700609712\n|switch|p2a: Arcanine|Arcanine-Hisui, M|100\/100\n|move|p1a: Corviknight|Brave Bird|p2a: Arcanine\n|-resisted|p2a: Arcanine\n|-damage|p2a: Arcanine|79\/100\n|-damage|p1a: Corviknight|94\/100|[from] Recoil\n|\n|-heal|p1a: Corviknight|100\/100|[from] item: Leftovers\n|upkeep\n|turn|5\n|\n|t:|1700609727\n|switch|p1a: Glimmora|Glimmora, F|100\/100\n|move|p2a: Arcanine|Head Smash|p1a: Glimmora\n|-damage|p1a: Glimmora|24\/100\n|-activate|p1a: Glimmora|ability: Toxic Debris\n|-sidestart|p2: alive!12|move: Toxic Spikes\n|\n|upkeep\n|turn|6\n|\n|t:|1700609742\n|move|p2a: Arcanine|Head Smash|p1a: Glimmora\n|-damage|p1a: Glimmora|0 fnt\n|-activate|p1a: Glimmora|ability: Toxic Debris\n|-sidestart|p2: alive!12|move: Toxic Spikes\n|faint|p1a: Glimmora\n|\n|upkeep\n|\n|t:|1700609745\n|switch|p1a: Kommo-o|Kommo-o, M|100\/100\n|turn|7\n|\n|t:|1700609753\n|move|p2a: Arcanine|Psychic Fangs|p1a: Kommo-o\n|-supereffective|p1a: Kommo-o\n|-damage|p1a: Kommo-o|46\/100\n|move|p1a: Kommo-o|Clangorous Soul|p1a: Kommo-o\n|-boost|p1a: Kommo-o|atk|1\n|-boost|p1a: Kommo-o|def|1\n|-boost|p1a: Kommo-o|spa|1\n|-boost|p1a: Kommo-o|spd|1\n|-boost|p1a: Kommo-o|spe|1\n|-damage|p1a: Kommo-o|13\/100\n|-enditem|p1a: Kommo-o|Throat Spray\n|-boost|p1a: Kommo-o|spa|1|[from] item: Throat Spray\n|\n|upkeep\n|turn|8\n|\n|t:|1700609764\n|-terastallize|p1a: Kommo-o|Steel\n|move|p2a: Arcanine|Extreme Speed|p1a: Kommo-o\n|-resisted|p1a: Kommo-o\n|-damage|p1a: Kommo-o|4\/100\n|move|p1a: Kommo-o|Clanging Scales|p2a: Arcanine\n|-damage|p2a: Arcanine|0 fnt\n|faint|p2a: Arcanine\n|-unboost|p1a: Kommo-o|def|1\n|\n|upkeep\n|c|\u2606alive!12|Nice!\n|\n|t:|1700609790\n|switch|p2a: Beedrill|Beedrill, M|100\/100\n|-sideend|p2: alive!12|move: Toxic Spikes|[of] p2a: Beedrill\n|turn|9\n|\n|t:|1700609797\n|detailschange|p2a: Beedrill|Beedrill-Mega, M\n|-mega|p2a: Beedrill|Beedrill|Beedrillite\n|move|p1a: Kommo-o|Flamethrower|p2a: Beedrill\n|-supereffective|p2a: Beedrill\n|-damage|p2a: Beedrill|0 fnt\n|faint|p2a: Beedrill\n|\n|upkeep\n|\n|t:|1700609813\n|switch|p2a: Rotom|Rotom-Wash|100\/100\n|turn|10\n|\n|t:|1700609825\n|move|p1a: Kommo-o|Clanging Scales|p2a: Rotom\n|-damage|p2a: Rotom|0 fnt\n|faint|p2a: Rotom\n|-unboost|p1a: Kommo-o|def|1\n|\n|upkeep\n|\n|t:|1700609836\n|switch|p2a: Venusaur|Venusaur, F|100\/100\n|turn|11\n|\n|t:|1700609848\n|move|p1a: Kommo-o|Flamethrower|p2a: Venusaur\n|-supereffective|p2a: Venusaur\n|-damage|p2a: Venusaur|18\/100\n|move|p2a: Venusaur|Giga Drain|p1a: Kommo-o\n|-resisted|p1a: Kommo-o\n|-damage|p1a: Kommo-o|0 fnt\n|-heal|p2a: Venusaur|20\/100|[from] drain|[of] p1a: Kommo-o\n|faint|p1a: Kommo-o\n|\n|-heal|p2a: Venusaur|26\/100|[from] item: Black Sludge\n|upkeep\n|\n|t:|1700609859\n|switch|p1a: Corviknight|Corviknight, M, shiny|100\/100\n|turn|12\n|\n|t:|1700609868\n|switch|p2a: Gliscor|Gliscor, M|100\/100\n|move|p1a: Corviknight|Brave Bird|p2a: Gliscor\n|-damage|p2a: Gliscor|68\/100\n|-damage|p1a: Corviknight|92\/100|[from] Recoil\n|\n|-heal|p1a: Corviknight|98\/100|[from] item: Leftovers\n|-status|p2a: Gliscor|tox|[from] item: Toxic Orb\n|upkeep\n|turn|13\n|\n|t:|1700609886\n|switch|p1a: Cresselia|Cresselia, F, shiny|100\/100\n|move|p2a: Gliscor|Swords Dance|p2a: Gliscor\n|-boost|p2a: Gliscor|atk|2\n|\n|-heal|p2a: Gliscor|80\/100 tox|[from] ability: Poison Heal\n|upkeep\n|turn|14\n|\n|t:|1700609895\n|-terastallize|p2a: Gliscor|Dark\n|move|p2a: Gliscor|Knock Off|p1a: Cresselia\n|-supereffective|p1a: Cresselia\n|-damage|p1a: Cresselia|0 fnt\n|-enditem|p1a: Cresselia|Heavy-Duty Boots|[from] move: Knock Off|[of] p2a: Gliscor\n|faint|p1a: Cresselia\n|\n|-heal|p2a: Gliscor|93\/100 tox|[from] ability: Poison Heal\n|upkeep\n|\n|t:|1700609904\n|switch|p1a: Empoleon|Empoleon, F|66\/100\n|turn|15\n|\n|t:|1700609909\n|move|p1a: Empoleon|Vacuum Wave|p2a: Gliscor\n|-supereffective|p2a: Gliscor\n|-damage|p2a: Gliscor|37\/100 tox\n|move|p2a: Gliscor|Earthquake|p1a: Empoleon\n|-supereffective|p1a: Empoleon\n|-damage|p1a: Empoleon|0 fnt\n|faint|p1a: Empoleon\n|\n|-heal|p2a: Gliscor|49\/100 tox|[from] ability: Poison Heal\n|upkeep\n|\n|t:|1700609912\n|switch|p1a: Corviknight|Corviknight, M, shiny|98\/100\n|turn|16\n|\n|t:|1700609927\n|move|p2a: Gliscor|Knock Off|p1a: Corviknight\n|-damage|p1a: Corviknight|54\/100\n|-enditem|p1a: Corviknight|Leftovers|[from] move: Knock Off|[of] p2a: Gliscor\n|move|p1a: Corviknight|Body Press|p2a: Gliscor\n|-supereffective|p2a: Gliscor\n|-damage|p2a: Gliscor|4\/100 tox\n|\n|-heal|p2a: Gliscor|17\/100 tox|[from] ability: Poison Heal\n|upkeep\n|turn|17\n|\n|t:|1700609938\n|move|p2a: Gliscor|Protect|p2a: Gliscor\n|-singleturn|p2a: Gliscor|Protect\n|move|p1a: Corviknight|Body Press|p2a: Gliscor\n|-activate|p2a: Gliscor|move: Protect\n|\n|-heal|p2a: Gliscor|29\/100 tox|[from] ability: Poison Heal\n|upkeep\n|turn|18\n|\n|t:|1700609955\n|switch|p2a: Venusaur|Venusaur, F|26\/100\n|move|p1a: Corviknight|Body Press|p2a: Venusaur\n|-resisted|p2a: Venusaur\n|-damage|p2a: Venusaur|11\/100\n|\n|-heal|p2a: Venusaur|18\/100|[from] item: Black Sludge\n|upkeep\n|turn|19\n|\n|t:|1700609973\n|move|p2a: Venusaur|Giga Drain|p1a: Corviknight\n|-resisted|p1a: Corviknight\n|-damage|p1a: Corviknight|48\/100\n|-heal|p2a: Venusaur|21\/100|[from] drain|[of] p1a: Corviknight\n|move|p1a: Corviknight|Roost|p1a: Corviknight\n|-heal|p1a: Corviknight|98\/100\n|-singleturn|p1a: Corviknight|move: Roost\n|\n|-heal|p2a: Venusaur|27\/100|[from] item: Black Sludge\n|upkeep\n|turn|20\n|\n|t:|1700610025\n|move|p2a: Venusaur|Giga Drain|p1a: Corviknight\n|-resisted|p1a: Corviknight\n|-damage|p1a: Corviknight|92\/100\n|-heal|p2a: Venusaur|30\/100|[from] drain|[of] p1a: Corviknight\n|move|p1a: Corviknight|Brave Bird|p2a: Venusaur\n|-supereffective|p2a: Venusaur\n|-damage|p2a: Venusaur|0 fnt\n|faint|p2a: Venusaur\n|-damage|p1a: Corviknight|83\/100|[from] Recoil\n|\n|upkeep\n|\n|t:|1700610044\n|switch|p2a: Gliscor|Gliscor, M, tera:Dark|29\/100 tox\n|turn|21\n|\n|t:|1700610048\n|move|p2a: Gliscor|Protect|p2a: Gliscor\n|-singleturn|p2a: Gliscor|Protect\n|move|p1a: Corviknight|Body Press|p2a: Gliscor\n|-activate|p2a: Gliscor|move: Protect\n|\n|-heal|p2a: Gliscor|41\/100 tox|[from] ability: Poison Heal\n|upkeep\n|turn|22\n|\n|t:|1700610061\n|move|p2a: Gliscor|Knock Off|p1a: Corviknight\n|-damage|p1a: Corviknight|70\/100\n|move|p1a: Corviknight|Body Press|p2a: Gliscor\n|-supereffective|p2a: Gliscor\n|-damage|p2a: Gliscor|0 fnt\n|faint|p2a: Gliscor\n|\n|upkeep\n|\n|t:|1700610069\n|switch|p2a: Greninja|Greninja, M|38\/100\n|turn|23\n|\n|t:|1700610080\n|move|p2a: Greninja|Dark Pulse|p1a: Corviknight\n|-start|p2a: Greninja|typechange|Dark|[from] ability: Protean\n|-damage|p1a: Corviknight|38\/100\n|move|p1a: Corviknight|Body Press|p2a: Greninja\n|-supereffective|p2a: Greninja\n|-damage|p2a: Greninja|0 fnt\n|faint|p2a: Greninja\n|\n|win|natillo\n|raw|natillo's rating: 1203 &rarr; <strong>1229<\/strong><br \/>(+26 for winning)\n|raw|alive!12's rating: 1210 &rarr; <strong>1184<\/strong><br \/>(-26 for losing)\n|c|\u2606natillo|gg\n|c|\u2606alive!12|gg\n|l|\u2606alive!12\n","uploadtime":1700610103,"views":1,"p1id":"natillo","p2id":"alive12","formatid":"gen9nationaldex","rating":1184,"private":0,"password":""}