{"id":"gen9nationaldex-1987439710","p1":"Poopinho","p2":"TheQuobGobbler","format":"[Gen 9] National Dex","log":"|j|\u2606Poopinho\n|j|\u2606TheQuobGobbler\n|t:|1699591776\n|gametype|singles\n|player|p1|Poopinho|dancer|1057\n|player|p2|TheQuobGobbler|ghetsis|1107\n|teamsize|p1|6\n|teamsize|p2|6\n|gen|9\n|tier|[Gen 9] National Dex\n|rated|\n|rule|HP Percentage Mod: HP is shown in percentages\n|rule|Endless Battle Clause: Forcing endless battles is banned\n|rule|OHKO Clause: OHKO moves are banned\n|rule|Evasion Clause: Evasion abilities, items, and moves are banned\n|rule|Evasion Abilities Clause: Evasion abilities are banned\n|rule|Evasion Items Clause: Evasion items are banned\n|rule|Evasion Moves Clause: Evasion moves are banned\n|rule|Species Clause: Limit one of each Pok\u00e9mon\n|rule|Sleep Clause Mod: Limit one foe put to sleep\n|clearpoke\n|poke|p1|Magnezone|\n|poke|p1|Politoed, M|\n|poke|p1|Dragonite, M|\n|poke|p1|Mawile, M|\n|poke|p1|Volcanion|\n|poke|p1|Whimsicott, F|\n|poke|p2|Salazzle, F|\n|poke|p2|Magnemite, L1|\n|poke|p2|Probopass, L2, M|\n|poke|p2|Mandibuzz, F|\n|poke|p2|Nosepass, L1, M|\n|poke|p2|Tentacruel, F|\n|teampreview\n|inactive|Battle timer is ON: inactive players will automatically lose when time's up. (requested by Poopinho)\n|\n|t:|1699591800\n|start\n|switch|p1a: Mawile|Mawile, M|100\/100\n|switch|p2a: Sh\ud83d\udca9tsquid|Tentacruel, F|100\/100\n|-ability|p1a: Mawile|Intimidate|boost\n|-fail|p2a: Sh\ud83d\udca9tsquid|unboost|[from] ability: Clear Body|[of] p2a: Sh\ud83d\udca9tsquid\n|turn|1\n|\n|t:|1699591815\n|detailschange|p1a: Mawile|Mawile-Mega, M\n|-mega|p1a: Mawile|Mawile|Mawilite\n|move|p2a: Sh\ud83d\udca9tsquid|Scald|p1a: Mawile\n|-damage|p1a: Mawile|73\/100\n|-status|p1a: Mawile|brn\n|move|p1a: Mawile|Knock Off|p2a: Sh\ud83d\udca9tsquid\n|-damage|p2a: Sh\ud83d\udca9tsquid|62\/100\n|-enditem|p2a: Sh\ud83d\udca9tsquid|Leftovers|[from] move: Knock Off|[of] p1a: Mawile\n|\n|-damage|p1a: Mawile|66\/100 brn|[from] brn\n|upkeep\n|turn|2\n|\n|t:|1699591831\n|move|p2a: Sh\ud83d\udca9tsquid|Scald|p1a: Mawile\n|-damage|p1a: Mawile|41\/100 brn\n|move|p1a: Mawile|Super Fang|p2a: Sh\ud83d\udca9tsquid\n|-damage|p2a: Sh\ud83d\udca9tsquid|31\/100\n|\n|-damage|p1a: Mawile|34\/100 brn|[from] brn\n|upkeep\n|turn|3\n|inactive|Poopinho has 120 seconds left.\n|\n|t:|1699591856\n|move|p2a: Sh\ud83d\udca9tsquid|Scald|p1a: Mawile\n|-damage|p1a: Mawile|7\/100 brn\n|move|p1a: Mawile|Knock Off|p2a: Sh\ud83d\udca9tsquid\n|-damage|p2a: Sh\ud83d\udca9tsquid|7\/100\n|\n|-damage|p1a: Mawile|1\/100 brn|[from] brn\n|upkeep\n|turn|4\n|inactive|Poopinho has 120 seconds left.\n|\n|t:|1699591870\n|move|p1a: Mawile|Sucker Punch|p2a: Sh\ud83d\udca9tsquid\n|-damage|p2a: Sh\ud83d\udca9tsquid|0 fnt\n|faint|p2a: Sh\ud83d\udca9tsquid\n|\n|-damage|p1a: Mawile|0 fnt|[from] brn\n|faint|p1a: Mawile\n|upkeep\n|inactive|Poopinho has 120 seconds left.\n|\n|t:|1699591884\n|switch|p2a: Click the \u274c|Nosepass, L1, M, shiny|100\/100\n|switch|p1a: Politoed|Politoed, M|100\/100\n|-weather|RainDance|[from] ability: Drizzle|[of] p1a: Politoed\n|turn|5\n|inactive|Poopinho has 120 seconds left.\n|\n|t:|1699591898\n|move|p1a: Politoed|Chilling Water|p2a: Click the \u274c\n|-supereffective|p2a: Click the \u274c\n|-ability|p2a: Click the \u274c|Sturdy\n|-damage|p2a: Click the \u274c|10\/100\n|-unboost|p2a: Click the \u274c|atk|1\n|-enditem|p2a: Click the \u274c|Berry Juice\n|-heal|p2a: Click the \u274c|100\/100|[from] item: Berry Juice\n|move|p2a: Click the \u274c|Toxic|p1a: Politoed\n|-status|p1a: Politoed|tox\n|\n|-weather|RainDance|[upkeep]\n|-damage|p1a: Politoed|94\/100 tox|[from] psn\n|upkeep\n|turn|6\n|\n|t:|1699591907\n|move|p1a: Politoed|Chilling Water|p2a: Click the \u274c\n|-supereffective|p2a: Click the \u274c\n|-ability|p2a: Click the \u274c|Sturdy\n|-damage|p2a: Click the \u274c|10\/100\n|-unboost|p2a: Click the \u274c|atk|1\n|move|p2a: Click the \u274c|Pain Split|p1a: Politoed\n|-sethp|p1a: Politoed|47\/100 tox|[from] move: Pain Split|[silent]\n|-sethp|p2a: Click the \u274c|100\/100|[from] move: Pain Split\n|\n|-weather|RainDance|[upkeep]\n|-damage|p1a: Politoed|35\/100 tox|[from] psn\n|upkeep\n|turn|7\n|\n|t:|1699591916\n|move|p1a: Politoed|Encore|p2a: Click the \u274c\n|-start|p2a: Click the \u274c|Encore\n|move|p2a: Click the \u274c|Pain Split|p1a: Politoed\n|-sethp|p1a: Politoed|19\/100 tox|[from] move: Pain Split|[silent]\n|-sethp|p2a: Click the \u274c|100\/100|[from] move: Pain Split\n|\n|-weather|RainDance|[upkeep]\n|-damage|p1a: Politoed|0 fnt|[from] psn\n|faint|p1a: Politoed\n|upkeep\n|\n|t:|1699591926\n|switch|p1a: Magnezone|Magnezone|100\/100\n|-item|p1a: Magnezone|Air Balloon\n|turn|8\n|\n|t:|1699591953\n|move|p1a: Magnezone|Thunder|p2a: Click the \u274c\n|-ability|p2a: Click the \u274c|Sturdy\n|-damage|p2a: Click the \u274c|10\/100\n|move|p2a: Click the \u274c|Pain Split|p1a: Magnezone\n|-sethp|p1a: Magnezone|50\/100|[from] move: Pain Split|[silent]\n|-sethp|p2a: Click the \u274c|100\/100|[from] move: Pain Split\n|\n|-weather|RainDance|[upkeep]\n|upkeep\n|turn|9\n|\n|t:|1699591961\n|move|p1a: Magnezone|Toxic|p2a: Click the \u274c\n|-status|p2a: Click the \u274c|tox\n|move|p2a: Click the \u274c|Pain Split|p1a: Magnezone\n|-sethp|p1a: Magnezone|27\/100|[from] move: Pain Split|[silent]\n|-sethp|p2a: Click the \u274c|100\/100 tox|[from] move: Pain Split\n|\n|-weather|none\n|-damage|p2a: Click the \u274c|91\/100 tox|[from] psn\n|-end|p2a: Click the \u274c|Encore\n|upkeep\n|turn|10\n|\n|t:|1699591976\n|move|p1a: Magnezone|Flash Cannon|p2a: Click the \u274c\n|-supereffective|p2a: Click the \u274c\n|-damage|p2a: Click the \u274c|0 fnt\n|faint|p2a: Click the \u274c\n|\n|upkeep\n|\n|t:|1699591978\n|switch|p2a: No Fun Allowed|Salazzle, F|100\/100\n|turn|11\n|\n|t:|1699591987\n|move|p2a: No Fun Allowed|Substitute|p2a: No Fun Allowed\n|-start|p2a: No Fun Allowed|Substitute\n|-damage|p2a: No Fun Allowed|76\/100\n|move|p1a: Magnezone|Tera Blast|p2a: No Fun Allowed\n|-end|p2a: No Fun Allowed|Substitute\n|\n|-heal|p2a: No Fun Allowed|82\/100|[from] item: Leftovers\n|upkeep\n|turn|12\n|\n|t:|1699592000\n|move|p2a: No Fun Allowed|Substitute|p2a: No Fun Allowed\n|-start|p2a: No Fun Allowed|Substitute\n|-damage|p2a: No Fun Allowed|57\/100\n|move|p1a: Magnezone|Thunder|p2a: No Fun Allowed|[miss]\n|-miss|p1a: Magnezone|p2a: No Fun Allowed\n|\n|-heal|p2a: No Fun Allowed|63\/100|[from] item: Leftovers\n|upkeep\n|turn|13\n|\n|t:|1699592008\n|move|p2a: No Fun Allowed|Protect|p2a: No Fun Allowed\n|-singleturn|p2a: No Fun Allowed|Protect\n|move|p1a: Magnezone|Tera Blast|p2a: No Fun Allowed\n|-activate|p2a: No Fun Allowed|move: Protect\n|\n|-heal|p2a: No Fun Allowed|69\/100|[from] item: Leftovers\n|upkeep\n|turn|14\n|\n|t:|1699592011\n|move|p2a: No Fun Allowed|Flamethrower|p1a: Magnezone\n|-supereffective|p1a: Magnezone\n|-damage|p1a: Magnezone|0 fnt\n|-enditem|p1a: Magnezone|Air Balloon\n|faint|p1a: Magnezone\n|\n|-heal|p2a: No Fun Allowed|75\/100|[from] item: Leftovers\n|upkeep\n|\n|t:|1699592026\n|switch|p1a: Volcanion|Volcanion|100\/100\n|turn|15\n|\n|t:|1699592031\n|move|p2a: No Fun Allowed|Toxic|p1a: Volcanion\n|-status|p1a: Volcanion|tox\n|move|p1a: Volcanion|Steam Eruption|p2a: No Fun Allowed\n|-supereffective|p2a: No Fun Allowed\n|-end|p2a: No Fun Allowed|Substitute\n|\n|-heal|p2a: No Fun Allowed|81\/100|[from] item: Leftovers\n|-damage|p1a: Volcanion|95\/100 tox|[from] psn\n|upkeep\n|turn|16\n|\n|t:|1699592040\n|move|p2a: No Fun Allowed|Protect|p2a: No Fun Allowed\n|-singleturn|p2a: No Fun Allowed|Protect\n|move|p1a: Volcanion|Steam Eruption|p2a: No Fun Allowed\n|-activate|p2a: No Fun Allowed|move: Protect\n|\n|-heal|p2a: No Fun Allowed|88\/100|[from] item: Leftovers\n|-damage|p1a: Volcanion|83\/100 tox|[from] psn\n|upkeep\n|turn|17\n|inactive|TheQuobGobbler has 120 seconds left.\n|\n|t:|1699592073\n|move|p2a: No Fun Allowed|Substitute|p2a: No Fun Allowed\n|-start|p2a: No Fun Allowed|Substitute\n|-damage|p2a: No Fun Allowed|63\/100\n|move|p1a: Volcanion|Steam Eruption|p2a: No Fun Allowed\n|-supereffective|p2a: No Fun Allowed\n|-end|p2a: No Fun Allowed|Substitute\n|\n|-heal|p2a: No Fun Allowed|69\/100|[from] item: Leftovers\n|-damage|p1a: Volcanion|65\/100 tox|[from] psn\n|upkeep\n|turn|18\n|\n|t:|1699592094\n|move|p2a: No Fun Allowed|Protect|p2a: No Fun Allowed\n|-singleturn|p2a: No Fun Allowed|Protect\n|move|p1a: Volcanion|Steam Eruption|p2a: No Fun Allowed\n|-activate|p2a: No Fun Allowed|move: Protect\n|\n|-heal|p2a: No Fun Allowed|75\/100|[from] item: Leftovers\n|-damage|p1a: Volcanion|41\/100 tox|[from] psn\n|upkeep\n|turn|19\n|inactive|TheQuobGobbler has 120 seconds left.\n|\n|t:|1699592125\n|move|p2a: No Fun Allowed|Substitute|p2a: No Fun Allowed\n|-start|p2a: No Fun Allowed|Substitute\n|-damage|p2a: No Fun Allowed|50\/100\n|move|p1a: Volcanion|Steam Eruption|p2a: No Fun Allowed\n|-supereffective|p2a: No Fun Allowed\n|-end|p2a: No Fun Allowed|Substitute\n|\n|-heal|p2a: No Fun Allowed|56\/100|[from] item: Leftovers\n|-damage|p1a: Volcanion|11\/100 tox|[from] psn\n|upkeep\n|turn|20\n|c|\u2606Poopinho|Is taking long to do the same series of moves part of your strategy\n|-message|Poopinho forfeited.\n|\n|win|TheQuobGobbler\n|raw|Poopinho's rating: 1057 &rarr; <strong>1039<\/strong><br \/>(-18 for losing)\n|raw|TheQuobGobbler's rating: 1070 &rarr; <strong>1098<\/strong><br \/>(+28 for winning)\n|c|\u2606Poopinho|Toxic af\n|c|\u2606Poopinho|Forfeit real life\n|l|\u2606Poopinho\n","uploadtime":1699592200,"views":4,"p1id":"poopinho","p2id":"thequobgobbler","formatid":"gen9nationaldex","rating":1039,"private":0,"password":""}