{"id":"gen9nationaldex-1990252626","p1":"dcrownd","p2":"ZharZhar","format":"[Gen 9] National Dex","log":"|j|\u2606dcrownd\n|j|\u2606ZharZhar\n|t:|1699945028\n|gametype|singles\n|player|p1|dcrownd|giovanni|1148\n|player|p2|ZharZhar|giovanni|1260\n|teamsize|p1|6\n|teamsize|p2|6\n|gen|9\n|tier|[Gen 9] National Dex\n|rated|\n|rule|HP Percentage Mod: HP is shown in percentages\n|rule|Endless Battle Clause: Forcing endless battles is banned\n|rule|OHKO Clause: OHKO moves are banned\n|rule|Evasion Clause: Evasion abilities, items, and moves are banned\n|rule|Evasion Abilities Clause: Evasion abilities are banned\n|rule|Evasion Items Clause: Evasion items are banned\n|rule|Evasion Moves Clause: Evasion moves are banned\n|rule|Species Clause: Limit one of each Pok\u00e9mon\n|rule|Sleep Clause Mod: Limit one foe put to sleep\n|clearpoke\n|poke|p1|Charizard, M|\n|poke|p1|Samurott-Hisui, F|\n|poke|p1|Sneasler, M|\n|poke|p1|Rillaboom, M|\n|poke|p1|Kartana|\n|poke|p1|Great Tusk|\n|poke|p2|Beedrill, F|\n|poke|p2|Nidoking, M|\n|poke|p2|Golem, F|\n|poke|p2|Rhydon, F|\n|poke|p2|Tyranitar, M|\n|poke|p2|Cloyster, F|\n|teampreview\n|\n|t:|1699945052\n|start\n|switch|p1a: Rillaboom|Rillaboom, M|100\/100\n|switch|p2a: Golem|Golem, F|100\/100\n|-fieldstart|move: Grassy Terrain|[from] ability: Grassy Surge|[of] p1a: Rillaboom\n|turn|1\n|inactive|Battle timer is ON: inactive players will automatically lose when time's up. (requested by ZharZhar)\n|\n|t:|1699945064\n|-terastallize|p1a: Rillaboom|Grass\n|move|p1a: Rillaboom|Grassy Glide|p2a: Golem\n|-supereffective|p2a: Golem\n|-ability|p2a: Golem|Sturdy\n|-damage|p2a: Golem|1\/100\n|move|p2a: Golem|Stealth Rock|p1a: Rillaboom\n|-sidestart|p1: dcrownd|move: Stealth Rock\n|\n|-heal|p2a: Golem|7\/100|[from] Grassy Terrain\n|upkeep\n|turn|2\n|-enditem|p2a: Golem|Custap Berry|[eat]\n|-activate|p2a: Golem|item: Custap Berry|[consumed]\n|\n|t:|1699945077\n|move|p1a: Rillaboom|Grassy Glide|p2a: Golem\n|-supereffective|p2a: Golem\n|-damage|p2a: Golem|0 fnt\n|faint|p2a: Golem\n|\n|upkeep\n|\n|t:|1699945092\n|switch|p2a: Nidoking|Nidoking, M|100\/100\n|turn|3\n|\n|t:|1699945097\n|-terastallize|p2a: Nidoking|Poison\n|move|p1a: Rillaboom|Grassy Glide|p2a: Nidoking\n|-resisted|p2a: Nidoking\n|-damage|p2a: Nidoking|48\/100\n|move|p2a: Nidoking|Sludge Wave|p1a: Rillaboom\n|-supereffective|p1a: Rillaboom\n|-damage|p1a: Rillaboom|0 fnt\n|faint|p1a: Rillaboom\n|\n|-heal|p2a: Nidoking|54\/100|[from] Grassy Terrain\n|upkeep\n|\n|t:|1699945110\n|switch|p1a: Sneasler|Sneasler, M|100\/100\n|-damage|p1a: Sneasler|95\/100|[from] Stealth Rock\n|-enditem|p1a: Sneasler|Grassy Seed\n|-boost|p1a: Sneasler|def|1|[from] item: Grassy Seed\n|turn|4\n|\n|t:|1699945121\n|move|p1a: Sneasler|Acrobatics|p2a: Nidoking\n|-damage|p2a: Nidoking|0 fnt\n|faint|p2a: Nidoking\n|\n|-heal|p1a: Sneasler|100\/100|[from] Grassy Terrain\n|upkeep\n|\n|t:|1699945127\n|switch|p2a: Tyranitar|Tyranitar, M|100\/100\n|-weather|Sandstorm|[from] ability: Sand Stream|[of] p2a: Tyranitar\n|turn|5\n|\n|t:|1699945135\n|move|p1a: Sneasler|Close Combat|p2a: Tyranitar\n|-supereffective|p2a: Tyranitar\n|-damage|p2a: Tyranitar|0 fnt\n|-unboost|p1a: Sneasler|def|1\n|-unboost|p1a: Sneasler|spd|1\n|faint|p2a: Tyranitar\n|\n|-weather|Sandstorm|[upkeep]\n|-damage|p1a: Sneasler|95\/100|[from] Sandstorm\n|-heal|p1a: Sneasler|100\/100|[from] Grassy Terrain\n|-fieldend|move: Grassy Terrain\n|upkeep\n|\n|t:|1699945148\n|switch|p2a: Rhydon|Rhydon, F|100\/100\n|turn|6\n|\n|t:|1699945160\n|move|p1a: Sneasler|Close Combat|p2a: Rhydon\n|-supereffective|p2a: Rhydon\n|-damage|p2a: Rhydon|30\/100\n|-unboost|p1a: Sneasler|def|1\n|-unboost|p1a: Sneasler|spd|1\n|move|p2a: Rhydon|Stone Edge|p1a: Sneasler\n|-resisted|p1a: Sneasler\n|-damage|p1a: Sneasler|29\/100\n|\n|-weather|Sandstorm|[upkeep]\n|-damage|p1a: Sneasler|23\/100|[from] Sandstorm\n|upkeep\n|turn|7\n|\n|t:|1699945181\n|move|p1a: Sneasler|Close Combat|p2a: Rhydon\n|-supereffective|p2a: Rhydon\n|-damage|p2a: Rhydon|0 fnt\n|-unboost|p1a: Sneasler|def|1\n|-unboost|p1a: Sneasler|spd|1\n|faint|p2a: Rhydon\n|\n|-weather|Sandstorm|[upkeep]\n|-damage|p1a: Sneasler|17\/100|[from] Sandstorm\n|upkeep\n|inactive|ZharZhar has 120 seconds left.\n|\n|t:|1699945213\n|switch|p2a: Cloyster|Cloyster, F|100\/100\n|turn|8\n|\n|t:|1699945220\n|move|p1a: Sneasler|Close Combat|p2a: Cloyster\n|-supereffective|p2a: Cloyster\n|-damage|p2a: Cloyster|0 fnt\n|-unboost|p1a: Sneasler|def|1\n|-unboost|p1a: Sneasler|spd|1\n|faint|p2a: Cloyster\n|\n|-weather|Sandstorm|[upkeep]\n|-damage|p1a: Sneasler|11\/100|[from] Sandstorm\n|upkeep\n|\n|t:|1699945228\n|switch|p2a: Beedrill|Beedrill, F|100\/100\n|turn|9\n|\n|t:|1699945233\n|detailschange|p2a: Beedrill|Beedrill-Mega, F\n|-mega|p2a: Beedrill|Beedrill|Beedrillite\n|move|p1a: Sneasler|Acrobatics|p2a: Beedrill\n|-supereffective|p2a: Beedrill\n|-damage|p2a: Beedrill|0 fnt\n|faint|p2a: Beedrill\n|\n|win|dcrownd\n|raw|dcrownd's rating: 1148 &rarr; <strong>1181<\/strong><br \/>(+33 for winning)\n|raw|ZharZhar's rating: 1260 &rarr; <strong>1227<\/strong><br \/>(-33 for losing)\n|l|\u2606ZharZhar\n","uploadtime":1699945241,"views":9,"p1id":"dcrownd","p2id":"zharzhar","formatid":"gen9nationaldex","rating":1181,"private":0,"password":""}