{"id":"gen9nationaldex-1997959066","p1":"Hysuto","p2":"TheIllustriousYUBI","format":"[Gen 9] National Dex","log":"|html|<div class=\"broadcast-blue\"><strong>[Gen 9] National Dex is currently suspecting Sneasler! For information on how to participate check out the <a href=\"https:\/\/www.smogon.com\/forums\/threads\/sv-national-dex-suspect-8-just-dance.3731534\/\">suspect thread<\/a>.<\/strong><\/div>\n|j|\u2606Hysuto\n|j|\u2606TheIllustriousYUBI\n|t:|1700872266\n|gametype|singles\n|player|p1|Hysuto|burglar|1519\n|player|p2|TheIllustriousYUBI|brycenman|1492\n|teamsize|p1|6\n|teamsize|p2|6\n|gen|9\n|tier|[Gen 9] National Dex\n|rated|\n|rule|HP Percentage Mod: HP is shown in percentages\n|rule|Endless Battle Clause: Forcing endless battles is banned\n|rule|OHKO Clause: OHKO moves are banned\n|rule|Evasion Clause: Evasion abilities, items, and moves are banned\n|rule|Evasion Abilities Clause: Evasion abilities are banned\n|rule|Evasion Items Clause: Evasion items are banned\n|rule|Evasion Moves Clause: Evasion moves are banned\n|rule|Species Clause: Limit one of each Pok\u00e9mon\n|rule|Sleep Clause Mod: Limit one foe put to sleep\n|clearpoke\n|poke|p1|Alomomola, M|\n|poke|p1|Aggron, F|\n|poke|p1|Heatran, M|\n|poke|p1|Rillaboom, F|\n|poke|p1|Sneasler, F|\n|poke|p1|Moltres|\n|poke|p2|Tapu Koko|\n|poke|p2|Sneasler, F|\n|poke|p2|Zapdos|\n|poke|p2|Ting-Lu|\n|poke|p2|Iron Moth|\n|poke|p2|Urshifu-*, F|\n|teampreview\n|inactive|Battle timer is ON: inactive players will automatically lose when time's up. (requested by Hysuto)\n|c|\u2606Hysuto|Uhhh\n|\n|t:|1700872292\n|start\n|switch|p1a: Rillaboom|Rillaboom, F|100\/100\n|switch|p2a: Iron Moth|Iron Moth|100\/100\n|-fieldstart|move: Grassy Terrain|[from] ability: Grassy Surge|[of] p1a: Rillaboom\n|turn|1\n|\n|t:|1700872313\n|-end|p2a: Iron Moth|Quark Drive|[silent]\n|switch|p2a: Ting-Lu|Ting-Lu|100\/100\n|-ability|p2a: Ting-Lu|Vessel of Ruin\n|switch|p1a: Heatran|Heatran, M|100\/100\n|\n|upkeep\n|turn|2\n|\n|t:|1700872317\n|switch|p1a: Aggron|Aggron, F|100\/100\n|move|p2a: Ting-Lu|Stealth Rock|p1a: Aggron\n|-sidestart|p1: Hysuto|move: Stealth Rock\n|\n|upkeep\n|turn|3\n|\n|t:|1700872333\n|switch|p2a: Zapdos|Zapdos|100\/100\n|detailschange|p1a: Aggron|Aggron-Mega, F\n|-mega|p1a: Aggron|Aggron|Aggronite\n|move|p1a: Aggron|Body Press|p2a: Zapdos\n|-resisted|p2a: Zapdos\n|-damage|p2a: Zapdos|83\/100\n|\n|upkeep\n|turn|4\n|\n|t:|1700872341\n|switch|p1a: Rillaboom|Rillaboom, F|100\/100\n|-damage|p1a: Rillaboom|88\/100|[from] Stealth Rock\n|move|p2a: Zapdos|Heat Wave|p1a: Rillaboom\n|-supereffective|p1a: Rillaboom\n|-damage|p1a: Rillaboom|13\/100\n|-status|p1a: Rillaboom|brn\n|\n|-heal|p1a: Rillaboom|19\/100 brn|[from] Grassy Terrain\n|-damage|p1a: Rillaboom|13\/100 brn|[from] brn\n|upkeep\n|turn|5\n|\n|t:|1700872349\n|switch|p1a: Moltres|Moltres|100\/100\n|move|p2a: Zapdos|Volt Switch|p1a: Moltres\n|-supereffective|p1a: Moltres\n|-damage|p1a: Moltres|46\/100\n|c|\u2606Hysuto|Wow\n|inactive|TheIllustriousYUBI has 120 seconds left.\n|\n|t:|1700872395\n|switch|p2a: Ting-Lu|Ting-Lu|100\/100|[from] Volt Switch\n|-ability|p2a: Ting-Lu|Vessel of Ruin\n|\n|-fieldend|move: Grassy Terrain\n|upkeep\n|turn|6\n|\n|t:|1700872401\n|move|p1a: Moltres|Defog|p2a: Ting-Lu\n|-unboost|p2a: Ting-Lu|evasion|1\n|-sideend|p1: Hysuto|Stealth Rock|[from] move: Defog|[of] p1a: Moltres\n|move|p2a: Ting-Lu|Stone Edge|p1a: Moltres\n|-supereffective|p1a: Moltres\n|-crit|p1a: Moltres\n|-damage|p1a: Moltres|0 fnt\n|faint|p1a: Moltres\n|\n|upkeep\n|\n|t:|1700872406\n|switch|p1a: Rillaboom|Rillaboom, F|13\/100 brn\n|-fieldstart|move: Grassy Terrain|[from] ability: Grassy Surge|[of] p1a: Rillaboom\n|turn|7\n|\n|t:|1700872411\n|switch|p2a: Zapdos|Zapdos|83\/100\n|move|p1a: Rillaboom|Knock Off|p2a: Zapdos\n|-damage|p2a: Zapdos|64\/100\n|-enditem|p2a: Zapdos|Heavy-Duty Boots|[from] move: Knock Off|[of] p1a: Rillaboom\n|\n|-heal|p1a: Rillaboom|19\/100 brn|[from] Grassy Terrain\n|-damage|p1a: Rillaboom|13\/100 brn|[from] brn\n|upkeep\n|turn|8\n|\n|t:|1700872420\n|switch|p1a: Heatran|Heatran, M|100\/100\n|move|p2a: Zapdos|Volt Switch|p1a: Heatran\n|-damage|p1a: Heatran|89\/100\n|\n|t:|1700872433\n|switch|p2a: Iron Moth|Iron Moth|100\/100|[from] Volt Switch\n|\n|-heal|p1a: Heatran|95\/100|[from] Grassy Terrain\n|upkeep\n|turn|9\n|\n|t:|1700872437\n|-terastallize|p2a: Iron Moth|Ground\n|move|p2a: Iron Moth|Tera Blast|p1a: Heatran|[anim] Tera Blast Ground\n|-supereffective|p1a: Heatran\n|-damage|p1a: Heatran|0 fnt\n|faint|p1a: Heatran\n|\n|upkeep\n|\n|t:|1700872443\n|switch|p1a: Alomomola|Alomomola, M|100\/100\n|turn|10\n|\n|t:|1700872449\n|-end|p2a: Iron Moth|Quark Drive|[silent]\n|switch|p2a: Zapdos|Zapdos|64\/100\n|move|p1a: Alomomola|Toxic|p2a: Zapdos\n|-status|p2a: Zapdos|tox\n|\n|-damage|p2a: Zapdos|58\/100 tox|[from] psn\n|upkeep\n|turn|11\n|\n|t:|1700872454\n|move|p1a: Alomomola|Protect|p1a: Alomomola\n|-singleturn|p1a: Alomomola|Protect\n|move|p2a: Zapdos|Volt Switch|p1a: Alomomola\n|-activate|p1a: Alomomola|move: Protect\n|\n|-damage|p2a: Zapdos|45\/100 tox|[from] psn\n|-fieldend|move: Grassy Terrain\n|upkeep\n|turn|12\n|\n|t:|1700872459\n|move|p2a: Zapdos|Volt Switch|p1a: Alomomola\n|-supereffective|p1a: Alomomola\n|-damage|p1a: Alomomola|56\/100\n|\n|t:|1700872475\n|switch|p2a: Iron Moth|Iron Moth, tera:Ground|100\/100|[from] Volt Switch\n|move|p1a: Alomomola|Toxic|p2a: Iron Moth\n|-status|p2a: Iron Moth|tox\n|\n|-damage|p2a: Iron Moth|95\/100 tox|[from] psn\n|upkeep\n|turn|13\n|\n|t:|1700872489\n|move|p2a: Iron Moth|Tera Blast|p1a: Alomomola|[anim] Tera Blast Ground\n|-damage|p1a: Alomomola|6\/100\n|move|p1a: Alomomola|Wish|p1a: Alomomola\n|\n|-damage|p2a: Iron Moth|83\/100 tox|[from] psn\n|upkeep\n|turn|14\n|inactive|TheIllustriousYUBI has 120 seconds left.\n|\n|t:|1700872516\n|-end|p2a: Iron Moth|Quark Drive|[silent]\n|switch|p2a: Zapdos|Zapdos|45\/100 tox\n|move|p1a: Alomomola|Protect||[still]\n|-fail|p1a: Alomomola\n|\n|-heal|p1a: Alomomola|56\/100|[from] move: Wish|[wisher] Alomomola\n|-damage|p2a: Zapdos|39\/100 tox|[from] psn\n|upkeep\n|turn|15\n|\n|t:|1700872520\n|move|p1a: Alomomola|Protect|p1a: Alomomola\n|-singleturn|p1a: Alomomola|Protect\n|move|p2a: Zapdos|Volt Switch|p1a: Alomomola\n|-activate|p1a: Alomomola|move: Protect\n|\n|-damage|p2a: Zapdos|27\/100 tox|[from] psn\n|upkeep\n|turn|16\n|\n|t:|1700872525\n|move|p2a: Zapdos|Volt Switch|p1a: Alomomola\n|-supereffective|p1a: Alomomola\n|-damage|p1a: Alomomola|11\/100\n|\n|t:|1700872528\n|switch|p2a: Urshifu|Urshifu-Rapid-Strike, F|100\/100|[from] Volt Switch\n|move|p1a: Alomomola|Wish|p1a: Alomomola\n|\n|upkeep\n|turn|17\n|\n|t:|1700872534\n|switch|p1a: Aggron|Aggron-Mega, F|100\/100\n|move|p2a: Urshifu|Close Combat|p1a: Aggron\n|-supereffective|p1a: Aggron\n|-damage|p1a: Aggron|65\/100\n|-unboost|p2a: Urshifu|def|1\n|-unboost|p2a: Urshifu|spd|1\n|\n|-heal|p1a: Aggron|100\/100|[from] move: Wish|[wisher] Alomomola\n|upkeep\n|turn|18\n|\n|t:|1700872544\n|switch|p2a: Zapdos|Zapdos|27\/100 tox\n|move|p1a: Aggron|Heavy Slam|p2a: Zapdos\n|-resisted|p2a: Zapdos\n|-damage|p2a: Zapdos|5\/100 tox\n|-status|p1a: Aggron|par|[from] ability: Static|[of] p2a: Zapdos\n|\n|-damage|p2a: Zapdos|0 fnt|[from] psn\n|faint|p2a: Zapdos\n|upkeep\n|\n|t:|1700872549\n|switch|p2a: Iron Moth|Iron Moth, tera:Ground|83\/100 tox\n|turn|19\n|\n|t:|1700872555\n|switch|p1a: Rillaboom|Rillaboom, F|13\/100 brn\n|-fieldstart|move: Grassy Terrain|[from] ability: Grassy Surge|[of] p1a: Rillaboom\n|move|p2a: Iron Moth|Overheat|p1a: Rillaboom\n|-supereffective|p1a: Rillaboom\n|-damage|p1a: Rillaboom|0 fnt\n|-unboost|p2a: Iron Moth|spa|2\n|faint|p1a: Rillaboom\n|\n|-heal|p2a: Iron Moth|89\/100 tox|[from] Grassy Terrain\n|-damage|p2a: Iron Moth|83\/100 tox|[from] psn\n|upkeep\n|\n|t:|1700872558\n|switch|p1a: Sneasler|Sneasler, F, shiny|100\/100\n|-enditem|p1a: Sneasler|Grassy Seed\n|-boost|p1a: Sneasler|def|1|[from] item: Grassy Seed\n|turn|20\n|inactive|TheIllustriousYUBI has 120 seconds left.\n|c|\u2606Hysuto|Has to be scarfed\n|\n|t:|1700872608\n|-end|p2a: Iron Moth|Quark Drive|[silent]\n|switch|p2a: Tapu Koko|Tapu Koko|100\/100\n|-fieldstart|move: Electric Terrain|[from] ability: Electric Surge|[of] p2a: Tapu Koko\n|move|p1a: Sneasler|Swords Dance|p1a: Sneasler\n|-boost|p1a: Sneasler|atk|2\n|\n|upkeep\n|turn|21\n|\n|t:|1700872617\n|move|p1a: Sneasler|Acrobatics|p2a: Tapu Koko\n|-resisted|p2a: Tapu Koko\n|-damage|p2a: Tapu Koko|57\/100\n|move|p2a: Tapu Koko|Reflect|p2a: Tapu Koko\n|-sidestart|p2: TheIllustriousYUBI|Reflect\n|\n|upkeep\n|turn|22\n|\n|t:|1700872629\n|move|p1a: Sneasler|Acrobatics|p2a: Tapu Koko\n|-resisted|p2a: Tapu Koko\n|-damage|p2a: Tapu Koko|36\/100\n|move|p2a: Tapu Koko|U-turn|p1a: Sneasler\n|-resisted|p1a: Sneasler\n|-damage|p1a: Sneasler|95\/100\n|\n|t:|1700872633\n|switch|p2a: Sneasler|Sneasler, F|100\/100|[from] U-turn\n|-enditem|p2a: Sneasler|Electric Seed\n|-boost|p2a: Sneasler|def|1|[from] item: Electric Seed\n|\n|upkeep\n|turn|23\n|inactive|TheIllustriousYUBI has 120 seconds left.\n|\n|t:|1700872640\n|-terastallize|p1a: Sneasler|Flying\n|move|p1a: Sneasler|Acrobatics|p2a: Sneasler\n|-supereffective|p2a: Sneasler\n|-damage|p2a: Sneasler|0 fnt\n|faint|p2a: Sneasler\n|\n|upkeep\n|inactive|TheIllustriousYUBI has 120 seconds left.\n|\n|t:|1700872667\n|switch|p2a: Ting-Lu|Ting-Lu|100\/100\n|-ability|p2a: Ting-Lu|Vessel of Ruin\n|turn|24\n|\n|t:|1700872671\n|move|p1a: Sneasler|Close Combat|p2a: Ting-Lu\n|-supereffective|p2a: Ting-Lu\n|-damage|p2a: Ting-Lu|33\/100\n|-unboost|p1a: Sneasler|def|1\n|-unboost|p1a: Sneasler|spd|1\n|move|p2a: Ting-Lu|Stone Edge|p1a: Sneasler|[miss]\n|-miss|p2a: Ting-Lu|p1a: Sneasler\n|\n|-heal|p2a: Ting-Lu|39\/100|[from] item: Leftovers\n|-fieldend|move: Electric Terrain\n|upkeep\n|turn|25\n|-message|TheIllustriousYUBI forfeited.\n|\n|win|Hysuto\n|raw|Hysuto's rating: 1519 &rarr; <strong>1537<\/strong><br \/>(+18 for winning)\n|raw|TheIllustriousYUBI's rating: 1492 &rarr; <strong>1474<\/strong><br \/>(-18 for losing)\n|l|\u2606TheIllustriousYUBI\n","uploadtime":1700872685,"views":2,"p1id":"hysuto","p2id":"theillustriousyubi","formatid":"gen9nationaldex","rating":1474,"private":0,"password":""}