{"id":"gen9nationaldex-1996549909","p1":"BugType\u2019sLastStand","p2":"buxet00","format":"[Gen 9] National Dex","log":"|html|<div class=\"broadcast-blue\"><strong>[Gen 9] National Dex is currently suspecting Sneasler! For information on how to participate check out the <a href=\"https:\/\/www.smogon.com\/forums\/threads\/sv-national-dex-suspect-8-just-dance.3731534\/\">suspect thread<\/a>.<\/strong><\/div>\n|j|\u2606BugType\u2019sLastStand\n|j|\u2606buxet00\n|t:|1700693215\n|gametype|singles\n|player|p1|BugType\u2019sLastStand|266|1000\n|player|p2|buxet00|steven|1077\n|teamsize|p1|4\n|teamsize|p2|2\n|gen|9\n|tier|[Gen 9] National Dex\n|rated|\n|rule|HP Percentage Mod: HP is shown in percentages\n|rule|Endless Battle Clause: Forcing endless battles is banned\n|rule|OHKO Clause: OHKO moves are banned\n|rule|Evasion Clause: Evasion abilities, items, and moves are banned\n|rule|Evasion Abilities Clause: Evasion abilities are banned\n|rule|Evasion Items Clause: Evasion items are banned\n|rule|Evasion Moves Clause: Evasion moves are banned\n|rule|Species Clause: Limit one of each Pok\u00e9mon\n|rule|Sleep Clause Mod: Limit one foe put to sleep\n|clearpoke\n|poke|p1|Blastoise, F|\n|poke|p1|Polteageist|\n|poke|p1|Tapu Koko|\n|poke|p1|Slowbro, F|\n|poke|p2|Zeraora|\n|poke|p2|Maushold-Four|\n|teampreview\n|\n|t:|1700693226\n|start\n|switch|p1a: Duchess|Polteageist|100\/100\n|switch|p2a: Maushold|Maushold-Four|100\/100\n|turn|1\n|\n|t:|1700693236\n|switch|p1a: Shaman|Tapu Koko|100\/100\n|-fieldstart|move: Electric Terrain|[from] ability: Electric Surge|[of] p1a: Shaman\n|move|p2a: Maushold|Thunder Wave|p1a: Shaman\n|-immune|p1a: Shaman\n|\n|upkeep\n|turn|2\n|\n|t:|1700693246\n|move|p1a: Shaman|Dazzling Gleam|p2a: Maushold\n|-damage|p2a: Maushold|39\/100\n|-damage|p1a: Shaman|91\/100|[from] item: Life Orb\n|move|p2a: Maushold|Population Bomb|p1a: Shaman\n|-damage|p1a: Shaman|75\/100\n|-damage|p1a: Shaman|59\/100\n|-damage|p1a: Shaman|42\/100\n|-damage|p1a: Shaman|24\/100\n|-damage|p1a: Shaman|7\/100\n|-damage|p1a: Shaman|0 fnt\n|faint|p1a: Shaman\n|-hitcount|p1: Shaman|6\n|\n|upkeep\n|\n|t:|1700693259\n|switch|p1a: Admiral|Blastoise, F|100\/100\n|turn|3\n|\n|t:|1700693262\n|move|p2a: Maushold|Population Bomb|p1a: Admiral\n|-crit|p1a: Admiral\n|-damage|p1a: Admiral|81\/100\n|-damage|p1a: Admiral|69\/100\n|-damage|p1a: Admiral|57\/100\n|-damage|p1a: Admiral|46\/100\n|-hitcount|p1a: Admiral|4\n|move|p1a: Admiral|Brick Break|p2a: Maushold\n|-supereffective|p2a: Maushold\n|-damage|p2a: Maushold|0 fnt\n|faint|p2a: Maushold\n|\n|upkeep\n|\n|t:|1700693276\n|switch|p2a: Zeraora|Zeraora|100\/100\n|turn|4\n|\n|t:|1700693286\n|switch|p1a: Duchess|Polteageist|100\/100\n|move|p2a: Zeraora|Bulk Up|p2a: Zeraora\n|-boost|p2a: Zeraora|atk|1\n|-boost|p2a: Zeraora|def|1\n|\n|upkeep\n|turn|5\n|\n|t:|1700693297\n|-terastallize|p1a: Duchess|Ghost\n|move|p2a: Zeraora|Plasma Fists|p1a: Duchess\n|-crit|p1a: Duchess\n|-damage|p1a: Duchess|0 fnt\n|-fieldactivate|move: Ion Deluge\n|-hint|Normal-type moves become Electric-type after using Plasma Fists.\n|faint|p1a: Duchess\n|-damage|p2a: Zeraora|91\/100|[from] item: Life Orb\n|\n|-fieldend|move: Electric Terrain\n|upkeep\n|\n|t:|1700693306\n|switch|p1a: Old Tim|Slowbro, F|100\/100\n|turn|6\n|\n|t:|1700693314\n|move|p2a: Zeraora|Plasma Fists|p1a: Old Tim\n|-supereffective|p1a: Old Tim\n|-damage|p1a: Old Tim|0 fnt\n|-fieldactivate|move: Ion Deluge\n|-hint|Normal-type moves become Electric-type after using Plasma Fists.\n|faint|p1a: Old Tim\n|-damage|p2a: Zeraora|81\/100|[from] item: Life Orb\n|\n|upkeep\n|\n|t:|1700693322\n|switch|p1a: Admiral|Blastoise, F|46\/100\n|turn|7\n|\n|t:|1700693326\n|move|p2a: Zeraora|Plasma Fists|p1a: Admiral\n|-supereffective|p1a: Admiral\n|-damage|p1a: Admiral|0 fnt\n|-fieldactivate|move: Ion Deluge\n|-hint|Normal-type moves become Electric-type after using Plasma Fists.\n|faint|p1a: Admiral\n|-damage|p2a: Zeraora|71\/100|[from] item: Life Orb\n|\n|win|buxet00\n|raw|BugType\u2019sLastStand's rating: 1000 &rarr; <strong>1000<\/strong><br \/>(+0 for losing)\n|raw|buxet00's rating: 1077 &rarr; <strong>1099<\/strong><br \/>(+22 for winning)\n|l|\u2606BugType\u2019sLastStand\n","uploadtime":1700693336,"views":4,"p1id":"bugtypeslaststand","p2id":"buxet00","formatid":"gen9nationaldex","rating":1000,"private":0,"password":""}