{"id":"gen9nationaldex-1989224472","p1":"SaschaCara","p2":"Noble Consort Ruyi","format":"[Gen 9] National Dex","log":"|j|\u2606SaschaCara\n|j|\u2606Noble Consort Ruyi\n|t:|1699825256\n|gametype|singles\n|player|p1|SaschaCara|youngster-gen4dp|1117\n|player|p2|Noble Consort Ruyi|lady-gen6oras|1104\n|teamsize|p1|6\n|teamsize|p2|6\n|gen|9\n|tier|[Gen 9] National Dex\n|rated|\n|rule|HP Percentage Mod: HP is shown in percentages\n|rule|Endless Battle Clause: Forcing endless battles is banned\n|rule|OHKO Clause: OHKO moves are banned\n|rule|Evasion Clause: Evasion abilities, items, and moves are banned\n|rule|Evasion Abilities Clause: Evasion abilities are banned\n|rule|Evasion Items Clause: Evasion items are banned\n|rule|Evasion Moves Clause: Evasion moves are banned\n|rule|Species Clause: Limit one of each Pok\u00e9mon\n|rule|Sleep Clause Mod: Limit one foe put to sleep\n|clearpoke\n|poke|p1|Jynx, F|\n|poke|p1|Tapu Koko|\n|poke|p1|Lopunny, M|\n|poke|p1|Landorus-Therian, M|\n|poke|p1|Ferrothorn, M|\n|poke|p1|Hoopa-Unbound|\n|poke|p2|Weezing-Galar, M|\n|poke|p2|Coalossal, M|\n|poke|p2|Polteageist|\n|poke|p2|Corviknight, F|\n|poke|p2|Rapidash-Galar, F|\n|poke|p2|Runerigus, M|\n|teampreview\n|\n|t:|1699825278\n|start\n|switch|p1a: Jynx|Jynx, F|100\/100\n|switch|p2a: My Lord|Corviknight, F, shiny|100\/100\n|turn|1\n|\n|t:|1699825287\n|move|p1a: Jynx|Lovely Kiss|p2a: My Lord\n|-status|p2a: My Lord|slp|[from] move: Lovely Kiss\n|cant|p2a: My Lord|slp\n|\n|upkeep\n|turn|2\n|\n|t:|1699825322\n|switch|p1a: Tapu Koko|Tapu Koko|100\/100\n|-fieldstart|move: Electric Terrain|[from] ability: Electric Surge|[of] p1a: Tapu Koko\n|switch|p2a: Locomotive|Coalossal, M, shiny|100\/100\n|\n|upkeep\n|turn|3\n|\n|t:|1699825361\n|move|p1a: Tapu Koko|Thunderbolt|p2a: Locomotive\n|-damage|p2a: Locomotive|56\/100\n|move|p2a: Locomotive|Meteor Beam||[still]\n|-prepare|p2a: Locomotive|Meteor Beam\n|-boost|p2a: Locomotive|spa|1\n|-enditem|p2a: Locomotive|Power Herb\n|-anim|p2a: Locomotive|Meteor Beam|p1a: Tapu Koko|[miss]\n|-miss|p2a: Locomotive|p1a: Tapu Koko\n|\n|upkeep\n|turn|4\n|\n|t:|1699825375\n|move|p1a: Tapu Koko|Thunderbolt|p2a: Locomotive\n|-damage|p2a: Locomotive|9\/100\n|move|p2a: Locomotive|Earth Power|p1a: Tapu Koko\n|-supereffective|p1a: Tapu Koko\n|-enditem|p1a: Tapu Koko|Shuca Berry|[eat]\n|-enditem|p1a: Tapu Koko|Shuca Berry|[weaken]\n|-damage|p1a: Tapu Koko|43\/100\n|-unboost|p1a: Tapu Koko|spd|1\n|\n|upkeep\n|turn|5\n|\n|t:|1699825387\n|switch|p2a: My Artifacts|Runerigus, M, shiny|100\/100\n|move|p1a: Tapu Koko|Thunderbolt|p2a: My Artifacts\n|-immune|p2a: My Artifacts\n|\n|upkeep\n|turn|6\n|\n|t:|1699825434\n|switch|p1a: Ferrothorn|Ferrothorn, M|100\/100\n|switch|p2a: Scotland|Rapidash-Galar, F, shiny|100\/100\n|\n|-fieldend|move: Electric Terrain\n|upkeep\n|turn|7\n|\n|t:|1699825451\n|switch|p2a: Locomotive|Coalossal, M, shiny|9\/100\n|move|p1a: Ferrothorn|Leech Seed|p2a: Locomotive\n|-start|p2a: Locomotive|move: Leech Seed\n|\n|-damage|p2a: Locomotive|0 fnt|[from] Leech Seed|[of] p1a: Ferrothorn\n|faint|p2a: Locomotive\n|upkeep\n|\n|t:|1699825462\n|switch|p2a: Industrial|Weezing-Galar, M, shiny|100\/100\n|turn|8\n|\n|t:|1699825517\n|switch|p1a: Jynx|Jynx, F|100\/100\n|move|p2a: Industrial|Flamethrower|p1a: Jynx\n|-supereffective|p1a: Jynx\n|-damage|p1a: Jynx|6\/100\n|\n|upkeep\n|turn|9\n|\n|t:|1699825530\n|switch|p2a: My Lord|Corviknight, F, shiny|100\/100 slp\n|move|p1a: Jynx|Psychic|p2a: My Lord\n|-resisted|p2a: My Lord\n|-damage|p2a: My Lord|85\/100 slp\n|\n|upkeep\n|turn|10\n|\n|t:|1699825553\n|move|p1a: Jynx|Focus Blast|p2a: My Lord\n|-damage|p2a: My Lord|58\/100 slp\n|cant|p2a: My Lord|slp\n|\n|upkeep\n|turn|11\n|\n|t:|1699825564\n|switch|p1a: Lopunny|Lopunny, M|100\/100\n|cant|p2a: My Lord|slp\n|\n|upkeep\n|turn|12\n|\n|t:|1699825598\n|switch|p2a: Teatime|Polteageist, shiny|100\/100\n|detailschange|p1a: Lopunny|Lopunny-Mega, M\n|-mega|p1a: Lopunny|Lopunny|Lopunnite\n|move|p1a: Lopunny|U-turn|p2a: Teatime\n|-resisted|p2a: Teatime\n|-damage|p2a: Teatime|78\/100\n|\n|t:|1699825630\n|switch|p1a: Hoopa|Hoopa-Unbound|100\/100|[from] U-turn\n|\n|upkeep\n|turn|13\n|inactive|Battle timer is ON: inactive players will automatically lose when time's up. (requested by Noble Consort Ruyi)\n|\n|t:|1699825643\n|switch|p2a: Scotland|Rapidash-Galar, F, shiny|100\/100\n|move|p1a: Hoopa|Hyperspace Fury|p2a: Scotland\n|-damage|p2a: Scotland|0 fnt\n|-unboost|p1a: Hoopa|def|1\n|faint|p2a: Scotland\n|\n|upkeep\n|\n|t:|1699825658\n|switch|p2a: Industrial|Weezing-Galar, M, shiny|100\/100\n|turn|14\n|inactive|SaschaCara has 120 seconds left.\n|\n|t:|1699825691\n|-terastallize|p1a: Hoopa|Psychic\n|move|p1a: Hoopa|Hyperspace Fury|p2a: Industrial\n|-resisted|p2a: Industrial\n|-damage|p2a: Industrial|56\/100\n|-unboost|p1a: Hoopa|def|1\n|move|p2a: Industrial|Strange Steam|p1a: Hoopa\n|-damage|p1a: Hoopa|63\/100\n|\n|upkeep\n|turn|15\n|inactive|SaschaCara has 120 seconds left.\n|\n|t:|1699825722\n|switch|p2a: My Lord|Corviknight, F, shiny|58\/100 slp\n|move|p1a: Hoopa|Hyperspace Fury|p2a: My Lord\n|-damage|p2a: My Lord|0 fnt\n|-unboost|p1a: Hoopa|def|1\n|faint|p2a: My Lord\n|\n|upkeep\n|\n|t:|1699825740\n|switch|p2a: My Artifacts|Runerigus, M, shiny|100\/100\n|turn|16\n|\n|t:|1699825749\n|-terastallize|p2a: My Artifacts|Ground\n|move|p1a: Hoopa|Hyperspace Fury|p2a: My Artifacts\n|-damage|p2a: My Artifacts|29\/100\n|-unboost|p1a: Hoopa|def|1\n|move|p2a: My Artifacts|Will-O-Wisp|p1a: Hoopa\n|-status|p1a: Hoopa|brn\n|\n|-heal|p2a: My Artifacts|35\/100|[from] item: Leftovers\n|-damage|p1a: Hoopa|57\/100 brn|[from] brn\n|upkeep\n|turn|17\n|inactive|SaschaCara has 120 seconds left.\n|inactive|Noble Consort Ruyi has 120 seconds left.\n|\n|t:|1699825783\n|move|p1a: Hoopa|Hyperspace Fury|p2a: My Artifacts\n|-damage|p2a: My Artifacts|0 fnt\n|-unboost|p1a: Hoopa|def|1\n|faint|p2a: My Artifacts\n|\n|-damage|p1a: Hoopa|51\/100 brn|[from] brn\n|upkeep\n|\n|t:|1699825793\n|switch|p2a: Industrial|Weezing-Galar, M, shiny|56\/100\n|turn|18\n|\n|t:|1699825800\n|move|p1a: Hoopa|Hyperspace Fury|p2a: Industrial\n|-resisted|p2a: Industrial\n|-damage|p2a: Industrial|35\/100\n|-unboost|p1a: Hoopa|def|1\n|move|p2a: Industrial|Strange Steam|p1a: Hoopa\n|-damage|p1a: Hoopa|15\/100 brn\n|\n|-damage|p1a: Hoopa|9\/100 brn|[from] brn\n|upkeep\n|turn|19\n|\n|t:|1699825810\n|move|p1a: Hoopa|Hyperspace Fury|p2a: Industrial\n|-resisted|p2a: Industrial\n|-damage|p2a: Industrial|13\/100\n|move|p2a: Industrial|Strange Steam|p1a: Hoopa\n|-damage|p1a: Hoopa|0 fnt\n|faint|p1a: Hoopa\n|\n|upkeep\n|\n|t:|1699825820\n|switch|p1a: Jynx|Jynx, F|6\/100\n|turn|20\n|\n|t:|1699825829\n|move|p1a: Jynx|Psychic|p2a: Industrial\n|-supereffective|p2a: Industrial\n|-damage|p2a: Industrial|0 fnt\n|faint|p2a: Industrial\n|\n|upkeep\n|\n|t:|1699825833\n|switch|p2a: Teatime|Polteageist, shiny|78\/100\n|turn|21\n|\n|t:|1699825837\n|-zpower|p1a: Jynx\n|move|p1a: Jynx|Z-Lovely Kiss|p2a: Teatime|[anim]Lovely Kiss\n|-boost|p1a: Jynx|spe|1|[zeffect]\n|-status|p2a: Teatime|slp|[from] move: Lovely Kiss\n|cant|p2a: Teatime|slp\n|\n|upkeep\n|turn|22\n|\n|t:|1699825846\n|move|p1a: Jynx|Ice Beam|p2a: Teatime\n|-crit|p2a: Teatime\n|-damage|p2a: Teatime|6\/100 slp\n|-curestatus|p2a: Teatime|slp|[msg]\n|move|p2a: Teatime|Shell Smash|p2a: Teatime\n|-unboost|p2a: Teatime|def|1\n|-unboost|p2a: Teatime|spd|1\n|-boost|p2a: Teatime|atk|2\n|-boost|p2a: Teatime|spa|2\n|-boost|p2a: Teatime|spe|2\n|-enditem|p2a: Teatime|White Herb\n|-clearnegativeboost|p2a: Teatime|[silent]\n|\n|upkeep\n|turn|23\n|\n|t:|1699825860\n|move|p2a: Teatime|Giga Drain|p1a: Jynx\n|-damage|p1a: Jynx|0 fnt\n|-heal|p2a: Teatime|9\/100|[from] drain|[of] p1a: Jynx\n|faint|p1a: Jynx\n|\n|upkeep\n|\n|t:|1699825865\n|switch|p1a: Lopunny|Lopunny-Mega, M|100\/100\n|turn|24\n|\n|t:|1699825871\n|move|p1a: Lopunny|Fake Out|p2a: Teatime\n|-damage|p2a: Teatime|0 fnt\n|faint|p2a: Teatime\n|\n|win|SaschaCara\n|raw|SaschaCara's rating: 1117 &rarr; <strong>1141<\/strong><br \/>(+24 for winning)\n|raw|Noble Consort Ruyi's rating: 1104 &rarr; <strong>1080<\/strong><br \/>(-24 for losing)\n|l|\u2606Noble Consort Ruyi\n","uploadtime":1699825882,"views":6,"p1id":"saschacara","p2id":"nobleconsortruyi","formatid":"gen9nationaldex","rating":1080,"private":0,"password":""}