{"id":"gen9nationaldex-1998316635","p1":"Ada(n)gio","p2":"Boostedfish","format":"[Gen 9] National Dex","log":"|html|<div class=\"broadcast-blue\"><strong>[Gen 9] National Dex is currently suspecting Sneasler! For information on how to participate check out the <a href=\"https:\/\/www.smogon.com\/forums\/threads\/sv-national-dex-suspect-8-just-dance.3731534\/\">suspect thread<\/a>.<\/strong><\/div>\n|j|\u2606Ada(n)gio\n|j|\u2606Boostedfish\n|inactive|Battle timer is ON: inactive players will automatically lose when time's up.\n|t:|1700928616\n|gametype|singles\n|player|p1|Ada(n)gio|boarder-gen2|\n|player|p2|Boostedfish|pokemaniac|\n|teamsize|p1|6\n|teamsize|p2|6\n|gen|9\n|tier|[Gen 9] National Dex\n|rated|Tournament battle\n|rule|HP Percentage Mod: HP is shown in percentages\n|rule|Endless Battle Clause: Forcing endless battles is banned\n|rule|OHKO Clause: OHKO moves are banned\n|rule|Evasion Clause: Evasion abilities, items, and moves are banned\n|rule|Evasion Abilities Clause: Evasion abilities are banned\n|rule|Evasion Items Clause: Evasion items are banned\n|rule|Evasion Moves Clause: Evasion moves are banned\n|rule|Species Clause: Limit one of each Pok\u00e9mon\n|rule|Sleep Clause Mod: Limit one foe put to sleep\n|clearpoke\n|poke|p1|Hatterene, F|\n|poke|p1|Mawile, M|\n|poke|p1|Porygon2|\n|poke|p1|Landorus-Therian, M|\n|poke|p1|Ursaluna, F|\n|poke|p1|Toxtricity, M|\n|poke|p2|Alomomola, F|\n|poke|p2|Altaria, M|\n|poke|p2|Skeledirge, M|\n|poke|p2|Clodsire, F|\n|poke|p2|Gliscor, M|\n|poke|p2|Clefable, F|\n|teampreview\n|inactive|Boostedfish also wants the timer to be on.\n|\n|t:|1700928624\n|start\n|switch|p1a: Landorus|Landorus-Therian, M|100\/100\n|switch|p2a: Altaria|Altaria, M|100\/100\n|-ability|p1a: Landorus|Intimidate|boost\n|-unboost|p2a: Altaria|atk|1\n|turn|1\n|j| unusuncia\n|\n|t:|1700928631\n|move|p1a: Landorus|Substitute|p1a: Landorus\n|-start|p1a: Landorus|Substitute\n|-damage|p1a: Landorus|76\/100\n|move|p2a: Altaria|Fire Spin|p1a: Landorus\n|-activate|p1a: Landorus|move: Substitute|[damage]\n|\n|upkeep\n|turn|2\n|j| yhgtf\n|l| yhgtf\n|\n|t:|1700928643\n|move|p1a: Landorus|Swords Dance|p1a: Landorus\n|-boost|p1a: Landorus|atk|2\n|move|p2a: Altaria|Perish Song|p2a: Altaria\n|-start|p1a: Landorus|perish3|[silent]\n|-start|p2a: Altaria|perish3|[silent]\n|-fieldactivate|move: Perish Song\n|\n|-start|p1a: Landorus|perish3\n|-start|p2a: Altaria|perish3\n|upkeep\n|turn|3\n|\n|t:|1700928659\n|switch|p2a: Gliscor|Gliscor, M|100\/100\n|-zpower|p1a: Landorus\n|move|p1a: Landorus|Supersonic Skystrike|p2a: Gliscor|[zeffect]\n|-damage|p2a: Gliscor|0 fnt\n|faint|p2a: Gliscor\n|\n|-start|p1a: Landorus|perish2\n|upkeep\n|\n|t:|1700928669\n|switch|p2a: Alomomola|Alomomola, F|100\/100\n|turn|4\n|\n|t:|1700928676\n|move|p1a: Landorus|Earthquake|p2a: Alomomola\n|-damage|p2a: Alomomola|32\/100\n|move|p2a: Alomomola|Flip Turn|p1a: Landorus\n|-supereffective|p1a: Landorus\n|-end|p1a: Landorus|Substitute\n|\n|t:|1700928681\n|switch|p2a: Altaria|Altaria, M|100\/100|[from] Flip Turn\n|\n|-start|p1a: Landorus|perish1\n|upkeep\n|turn|5\n|\n|t:|1700928686\n|switch|p1a: Porygon2|Porygon2|100\/100\n|-ability|p1a: Porygon2|Natural Cure|[from] ability: Trace|[of] p2a: Altaria\n|move|p2a: Altaria|Fire Spin|p1a: Porygon2\n|-damage|p1a: Porygon2|97\/100\n|-activate|p1a: Porygon2|move: Fire Spin|[of] p2a: Altaria\n|\n|-damage|p1a: Porygon2|84\/100|[from] move: Fire Spin|[partiallytrapped]\n|upkeep\n|turn|6\n|\n|t:|1700928695\n|switch|p2a: Alomomola|Alomomola, F|66\/100\n|move|p1a: Porygon2|Trick Room|p1a: Porygon2\n|-fieldstart|move: Trick Room|[of] p1a: Porygon2\n|\n|-end|p1a: Porygon2|Fire Spin|[partiallytrapped]|[silent]\n|upkeep\n|turn|7\n|\n|t:|1700928699\n|move|p2a: Alomomola|Wish|p2a: Alomomola\n|move|p1a: Porygon2|Teleport|p1a: Porygon2\n|\n|t:|1700928712\n|switch|p1a: Toxtricity|Toxtricity, M|100\/100|[from] Teleport\n|\n|upkeep\n|turn|8\n|\n|t:|1700928732\n|move|p2a: Alomomola|Flip Turn|p1a: Toxtricity\n|-damage|p1a: Toxtricity|80\/100\n|\n|t:|1700928735\n|switch|p2a: Clodsire|Clodsire, F|100\/100|[from] Flip Turn\n|move|p1a: Toxtricity|Overdrive|p2a: Clodsire\n|-immune|p2a: Clodsire\n|\n|upkeep\n|turn|9\n|\n|t:|1700928761\n|switch|p1a: Porygon2|Porygon2|84\/100\n|-ability|p1a: Porygon2|Unaware|[from] ability: Trace|[of] p2a: Clodsire\n|move|p2a: Clodsire|Earthquake|p1a: Porygon2\n|-damage|p1a: Porygon2|72\/100\n|\n|upkeep\n|turn|10\n|inactive|Ada(n)gio has 120 seconds left.\n|\n|t:|1700928791\n|move|p2a: Clodsire|Stealth Rock|p1a: Porygon2\n|-sidestart|p1: Ada(n)gio|move: Stealth Rock\n|move|p1a: Porygon2|Teleport|p1a: Porygon2\n|\n|t:|1700928794\n|switch|p1a: Landorus|Landorus-Therian, M|76\/100|[from] Teleport\n|-damage|p1a: Landorus|64\/100|[from] Stealth Rock\n|-ability|p1a: Landorus|Intimidate|boost\n|-unboost|p2a: Clodsire|atk|1\n|\n|-fieldend|move: Trick Room\n|upkeep\n|turn|11\n|\n|t:|1700928801\n|switch|p2a: Altaria|Altaria, M|100\/100\n|move|p1a: Landorus|Substitute|p1a: Landorus\n|-start|p1a: Landorus|Substitute\n|-damage|p1a: Landorus|39\/100\n|\n|upkeep\n|turn|12\n|\n|t:|1700928808\n|move|p1a: Landorus|Swords Dance|p1a: Landorus\n|-boost|p1a: Landorus|atk|2\n|move|p2a: Altaria|Perish Song|p2a: Altaria\n|-start|p1a: Landorus|perish3|[silent]\n|-start|p2a: Altaria|perish3|[silent]\n|-fieldactivate|move: Perish Song\n|\n|-start|p1a: Landorus|perish3\n|-start|p2a: Altaria|perish3\n|upkeep\n|turn|13\n|\n|t:|1700928817\n|move|p1a: Landorus|Fly||[still]\n|-prepare|p1a: Landorus|Fly\n|move|p2a: Altaria|Fire Spin|p1a: Landorus|[miss]\n|-miss|p2a: Altaria|p1a: Landorus\n|\n|-start|p1a: Landorus|perish2\n|-start|p2a: Altaria|perish2\n|upkeep\n|turn|14\n|\n|t:|1700928822\n|switch|p2a: Skeledirge|Skeledirge, M|100\/100\n|move|p1a: Landorus|Fly|p2a: Skeledirge|[from]lockedmove\n|-damage|p2a: Skeledirge|70\/100\n|\n|-start|p1a: Landorus|perish1\n|upkeep\n|turn|15\n|\n|t:|1700928832\n|switch|p2a: Altaria|Altaria, M|100\/100\n|move|p1a: Landorus|Earthquake|p2a: Altaria\n|-immune|p2a: Altaria\n|\n|-start|p1a: Landorus|perish0\n|upkeep\n|faint|p1a: Landorus\n|\n|t:|1700928837\n|switch|p1a: Porygon2|Porygon2|72\/100\n|-damage|p1a: Porygon2|60\/100|[from] Stealth Rock\n|-ability|p1a: Porygon2|Natural Cure|[from] ability: Trace|[of] p2a: Altaria\n|turn|16\n|\n|t:|1700928854\n|move|p2a: Altaria|Fire Spin|p1a: Porygon2\n|-damage|p1a: Porygon2|56\/100\n|-activate|p1a: Porygon2|move: Fire Spin|[of] p2a: Altaria\n|move|p1a: Porygon2|Trick Room|p1a: Porygon2\n|-fieldstart|move: Trick Room|[of] p1a: Porygon2\n|\n|-damage|p1a: Porygon2|44\/100|[from] move: Fire Spin|[partiallytrapped]\n|upkeep\n|turn|17\n|\n|t:|1700928869\n|switch|p2a: Alomomola|Alomomola, F|99\/100\n|move|p1a: Porygon2|Teleport|p1a: Porygon2\n|\n|t:|1700928879\n|switch|p1a: Ursaluna|Ursaluna, F|100\/100|[from] Teleport\n|-damage|p1a: Ursaluna|94\/100|[from] Stealth Rock\n|\n|-status|p1a: Ursaluna|brn|[from] item: Flame Orb\n|upkeep\n|turn|18\n|\n|t:|1700928890\n|-terastallize|p1a: Ursaluna|Normal\n|move|p1a: Ursaluna|Swords Dance|p1a: Ursaluna\n|-boost|p1a: Ursaluna|atk|2\n|move|p2a: Alomomola|Wish|p2a: Alomomola\n|\n|-damage|p1a: Ursaluna|88\/100 brn|[from] brn\n|upkeep\n|turn|19\n|\n|t:|1700928901\n|switch|p2a: Skeledirge|Skeledirge, M|70\/100\n|move|p1a: Ursaluna|Facade|p2a: Skeledirge\n|-immune|p2a: Skeledirge\n|\n|-heal|p2a: Skeledirge|100\/100|[from] move: Wish|[wisher] Alomomola\n|-damage|p1a: Ursaluna|82\/100 brn|[from] brn\n|upkeep\n|turn|20\n|\n|t:|1700928912\n|switch|p2a: Altaria|Altaria, M|100\/100\n|move|p1a: Ursaluna|Headlong Rush|p2a: Altaria\n|-immune|p2a: Altaria\n|\n|-damage|p1a: Ursaluna|76\/100 brn|[from] brn\n|-fieldend|move: Trick Room\n|upkeep\n|turn|21\n|\n|t:|1700928922\n|switch|p2a: Skeledirge|Skeledirge, M|100\/100\n|move|p1a: Ursaluna|Facade|p2a: Skeledirge\n|-immune|p2a: Skeledirge\n|\n|-damage|p1a: Ursaluna|70\/100 brn|[from] brn\n|upkeep\n|turn|22\n|\n|t:|1700928929\n|switch|p2a: Alomomola|Alomomola, F|100\/100\n|move|p1a: Ursaluna|Headlong Rush|p2a: Alomomola\n|-damage|p2a: Alomomola|0 fnt\n|-unboost|p1a: Ursaluna|def|1\n|-unboost|p1a: Ursaluna|spd|1\n|faint|p2a: Alomomola\n|\n|-damage|p1a: Ursaluna|64\/100 brn|[from] brn\n|upkeep\n|\n|t:|1700928936\n|switch|p2a: Skeledirge|Skeledirge, M|100\/100\n|turn|23\n|\n|t:|1700928942\n|switch|p1a: Porygon2|Porygon2|44\/100\n|-damage|p1a: Porygon2|32\/100|[from] Stealth Rock\n|-ability|p1a: Porygon2|Unaware|[from] ability: Trace|[of] p2a: Skeledirge\n|move|p2a: Skeledirge|Torch Song|p1a: Porygon2\n|-damage|p1a: Porygon2|14\/100\n|-boost|p2a: Skeledirge|spa|1\n|\n|upkeep\n|turn|24\n|j|+Avaritia~!\n|\n|t:|1700928952\n|move|p2a: Skeledirge|Torch Song|p1a: Porygon2\n|-damage|p1a: Porygon2|0 fnt\n|-boost|p2a: Skeledirge|spa|1\n|faint|p1a: Porygon2\n|\n|upkeep\n|inactive|Ada(n)gio has 120 seconds left.\n|l| unusuncia\n|\n|t:|1700928994\n|switch|p1a: Hatterene|Hatterene, F|100\/100\n|-damage|p1a: Hatterene|88\/100|[from] Stealth Rock\n|turn|25\n|\n|t:|1700929004\n|move|p2a: Skeledirge|Hex|p1a: Hatterene\n|-supereffective|p1a: Hatterene\n|-damage|p1a: Hatterene|0 fnt\n|faint|p1a: Hatterene\n|\n|upkeep\n|\n|t:|1700929008\n|switch|p1a: Ursaluna|Ursaluna, F, tera:Normal|64\/100 brn\n|-damage|p1a: Ursaluna|52\/100 brn|[from] Stealth Rock\n|turn|26\n|\n|t:|1700929019\n|-terastallize|p2a: Skeledirge|Water\n|move|p2a: Skeledirge|Slack Off||[still]\n|-fail|p2a: Skeledirge|heal\n|move|p1a: Ursaluna|Headlong Rush|p2a: Skeledirge\n|-damage|p2a: Skeledirge|37\/100\n|-unboost|p1a: Ursaluna|def|1\n|-unboost|p1a: Ursaluna|spd|1\n|\n|-damage|p1a: Ursaluna|46\/100 brn|[from] brn\n|upkeep\n|turn|27\n|c|\u2606Boostedfish|misclicked lmao\n|\n|t:|1700929032\n|move|p2a: Skeledirge|Torch Song|p1a: Ursaluna\n|-damage|p1a: Ursaluna|0 fnt\n|-boost|p2a: Skeledirge|spa|1\n|faint|p1a: Ursaluna\n|\n|upkeep\n|\n|t:|1700929041\n|switch|p1a: Mawile|Mawile, M|100\/100\n|-damage|p1a: Mawile|95\/100|[from] Stealth Rock\n|turn|28\n|\n|t:|1700929046\n|detailschange|p1a: Mawile|Mawile-Mega, M\n|-mega|p1a: Mawile|Mawile|Mawilite\n|move|p2a: Skeledirge|Torch Song|p1a: Mawile\n|-supereffective|p1a: Mawile\n|-damage|p1a: Mawile|0 fnt\n|-boost|p2a: Skeledirge|spa|1\n|faint|p1a: Mawile\n|\n|upkeep\n|\n|t:|1700929050\n|switch|p1a: Toxtricity|Toxtricity, M|80\/100\n|-damage|p1a: Toxtricity|68\/100|[from] Stealth Rock\n|turn|29\n|\n|t:|1700929053\n|switch|p2a: Clodsire|Clodsire, F|100\/100\n|move|p1a: Toxtricity|Boomburst|p2a: Clodsire\n|-damage|p2a: Clodsire|67\/100\n|-enditem|p1a: Toxtricity|Throat Spray\n|-boost|p1a: Toxtricity|spa|1|[from] item: Throat Spray\n|\n|upkeep\n|turn|30\n|\n|t:|1700929057\n|move|p1a: Toxtricity|Acid Spray|p2a: Clodsire\n|-resisted|p2a: Clodsire\n|-damage|p2a: Clodsire|64\/100\n|-unboost|p2a: Clodsire|spd|2\n|move|p2a: Clodsire|Recover|p2a: Clodsire\n|-heal|p2a: Clodsire|100\/100\n|\n|upkeep\n|turn|31\n|\n|t:|1700929062\n|switch|p2a: Skeledirge|Skeledirge, M, tera:Water|37\/100\n|move|p1a: Toxtricity|Boomburst|p2a: Skeledirge\n|-damage|p2a: Skeledirge|0 fnt\n|faint|p2a: Skeledirge\n|\n|upkeep\n|\n|t:|1700929067\n|switch|p2a: Clodsire|Clodsire, F|100\/100\n|turn|32\n|\n|t:|1700929070\n|move|p1a: Toxtricity|Acid Spray|p2a: Clodsire\n|-resisted|p2a: Clodsire\n|-damage|p2a: Clodsire|98\/100\n|-unboost|p2a: Clodsire|spd|2\n|move|p2a: Clodsire|Earthquake|p1a: Toxtricity\n|-supereffective|p1a: Toxtricity\n|-damage|p1a: Toxtricity|0 fnt\n|faint|p1a: Toxtricity\n|\n|win|Boostedfish\n|n|\u2606Ada(n)gio|adangio\n|n|\u2606Boostedfish|boostedfish\n|n|+Avaritia~!|avaritia\n","uploadtime":1700929071,"views":30,"p1id":"adangio","p2id":"boostedfish","formatid":"gen9nationaldex","rating":0,"private":0,"password":""}