{"id":"gen9nationaldex-1990281453","p1":"twiceer","p2":"Prtbl_Trash","format":"[Gen 9] National Dex","log":"|j|\u203dtwiceer\n|j|\u2606Prtbl_Trash\n|t:|1699950086\n|gametype|singles\n|player|p1|twiceer|dawn|1367\n|player|p2|Prtbl_Trash|rosa|1432\n|teamsize|p1|6\n|teamsize|p2|6\n|gen|9\n|tier|[Gen 9] National Dex\n|rated|\n|rule|HP Percentage Mod: HP is shown in percentages\n|rule|Endless Battle Clause: Forcing endless battles is banned\n|rule|OHKO Clause: OHKO moves are banned\n|rule|Evasion Clause: Evasion abilities, items, and moves are banned\n|rule|Evasion Abilities Clause: Evasion abilities are banned\n|rule|Evasion Items Clause: Evasion items are banned\n|rule|Evasion Moves Clause: Evasion moves are banned\n|rule|Species Clause: Limit one of each Pok\u00e9mon\n|rule|Sleep Clause Mod: Limit one foe put to sleep\n|clearpoke\n|poke|p1|Banette, F|\n|poke|p1|Urshifu-*, F|\n|poke|p1|Rillaboom, M|\n|poke|p1|Tapu Lele|\n|poke|p1|Sneasler, F|\n|poke|p1|Hatterene, F|\n|poke|p2|Pangoro, F|\n|poke|p2|Slowking-Galar, F|\n|poke|p2|Landorus-Therian, M|\n|poke|p2|Aegislash, F|\n|poke|p2|Hydreigon, F|\n|poke|p2|Azumarill, M|\n|teampreview\n|inactive|Battle timer is ON: inactive players will automatically lose when time's up. (requested by Prtbl_Trash)\n|\n|t:|1699950097\n|start\n|switch|p1a: Urshifu|Urshifu-Rapid-Strike, F|100\/100\n|switch|p2a: Pangoro|Pangoro, F, shiny|100\/100\n|turn|1\n|\n|t:|1699950103\n|-terastallize|p2a: Pangoro|Poison\n|move|p1a: Urshifu|Close Combat|p2a: Pangoro\n|-resisted|p2a: Pangoro\n|-damage|p2a: Pangoro|67\/100\n|-unboost|p1a: Urshifu|def|1\n|-unboost|p1a: Urshifu|spd|1\n|move|p2a: Pangoro|Knock Off|p1a: Urshifu\n|-resisted|p1a: Urshifu\n|-damage|p1a: Urshifu|63\/100\n|-enditem|p1a: Urshifu|Choice Scarf|[from] move: Knock Off|[of] p2a: Pangoro\n|\n|upkeep\n|turn|2\n|\n|t:|1699950115\n|switch|p1a: Hatterene|Hatterene, F|100\/100\n|move|p2a: Pangoro|Drain Punch|p1a: Hatterene\n|-resisted|p1a: Hatterene\n|-damage|p1a: Hatterene|92\/100\n|-heal|p2a: Pangoro|71\/100|[from] drain|[of] p1a: Hatterene\n|-enditem|p1a: Hatterene|Eject Button\n|\n|t:|1699950125\n|switch|p1a: Tapu Lele|Tapu Lele|100\/100\n|-fieldstart|move: Psychic Terrain|[from] ability: Psychic Surge|[of] p1a: Tapu Lele\n|\n|upkeep\n|turn|3\n|\n|t:|1699950129\n|switch|p2a: Slowking|Slowking-Galar, F|100\/100\n|move|p1a: Tapu Lele|Future Sight|p2a: Slowking\n|-start|p1a: Tapu Lele|move: Future Sight\n|\n|upkeep\n|turn|4\n|\n|t:|1699950134\n|-zpower|p1a: Tapu Lele\n|move|p1a: Tapu Lele|Shattered Psyche|p2a: Slowking|[zeffect]\n|-damage|p2a: Slowking|25\/100\n|move|p2a: Slowking|Thunder Wave|p1a: Tapu Lele\n|-status|p1a: Tapu Lele|par\n|\n|upkeep\n|turn|5\n|\n|t:|1699950149\n|switch|p1a: Urshifu|Urshifu-Rapid-Strike, F|63\/100\n|switch|p2a: Aegislash|Aegislash, F|100\/100\n|\n|-end|p2a: Aegislash|move: Future Sight\n|-resisted|p2a: Aegislash\n|-damage|p2a: Aegislash|76\/100\n|-heal|p2a: Aegislash|83\/100|[from] item: Leftovers\n|upkeep\n|turn|6\n|\n|t:|1699950158\n|-terastallize|p1a: Urshifu|Water\n|move|p1a: Urshifu|Surging Strikes|p2a: Aegislash\n|-crit|p2a: Aegislash\n|-damage|p2a: Aegislash|61\/100\n|-crit|p2a: Aegislash\n|-damage|p2a: Aegislash|41\/100\n|-crit|p2a: Aegislash\n|-damage|p2a: Aegislash|20\/100\n|-hitcount|p2a: Aegislash|3\n|move|p2a: Aegislash|Toxic|p1a: Urshifu\n|-status|p1a: Urshifu|tox\n|\n|-heal|p2a: Aegislash|26\/100|[from] item: Leftovers\n|-damage|p1a: Urshifu|57\/100 tox|[from] psn\n|-fieldend|move: Psychic Terrain\n|upkeep\n|turn|7\n|\n|t:|1699950174\n|switch|p1a: Tapu Lele|Tapu Lele|100\/100 par\n|-fieldstart|move: Psychic Terrain|[from] ability: Psychic Surge|[of] p1a: Tapu Lele\n|switch|p2a: Azumarill|Azumarill, M|100\/100\n|\n|upkeep\n|turn|8\n|\n|t:|1699950183\n|cant|p1a: Tapu Lele|par\n|move|p2a: Azumarill|Ice Spinner|p1a: Tapu Lele\n|-damage|p1a: Tapu Lele|18\/100 par\n|-fieldend|move: Psychic Terrain\n|\n|upkeep\n|turn|9\n|\n|t:|1699950188\n|move|p1a: Tapu Lele|Psychic|p2a: Azumarill\n|-damage|p2a: Azumarill|54\/100\n|-unboost|p2a: Azumarill|spd|1\n|move|p2a: Azumarill|Ice Spinner|p1a: Tapu Lele\n|-damage|p1a: Tapu Lele|0 fnt\n|faint|p1a: Tapu Lele\n|\n|upkeep\n|\n|t:|1699950193\n|switch|p1a: Rillaboom|Rillaboom, M|100\/100\n|-fieldstart|move: Grassy Terrain|[from] ability: Grassy Surge|[of] p1a: Rillaboom\n|turn|10\n|\n|t:|1699950200\n|switch|p2a: Pangoro|Pangoro, F, shiny, tera:Poison|71\/100\n|move|p1a: Rillaboom|Wood Hammer|p2a: Pangoro\n|-resisted|p2a: Pangoro\n|-damage|p2a: Pangoro|2\/100\n|-damage|p1a: Rillaboom|76\/100|[from] Recoil\n|\n|-heal|p1a: Rillaboom|82\/100|[from] Grassy Terrain\n|-heal|p2a: Pangoro|8\/100|[from] Grassy Terrain\n|upkeep\n|turn|11\n|\n|t:|1699950207\n|move|p2a: Pangoro|Bullet Punch|p1a: Rillaboom\n|-crit|p1a: Rillaboom\n|-damage|p1a: Rillaboom|60\/100\n|move|p1a: Rillaboom|Wood Hammer|p2a: Pangoro\n|-resisted|p2a: Pangoro\n|-damage|p2a: Pangoro|0 fnt\n|faint|p2a: Pangoro\n|-damage|p1a: Rillaboom|57\/100|[from] Recoil\n|\n|-heal|p1a: Rillaboom|63\/100|[from] Grassy Terrain\n|upkeep\n|\n|t:|1699950210\n|switch|p2a: Landorus|Landorus-Therian, M|100\/100\n|-ability|p2a: Landorus|Intimidate|boost\n|-unboost|p1a: Rillaboom|atk|1\n|turn|12\n|\n|t:|1699950218\n|switch|p1a: Sneasler|Sneasler, F|100\/100\n|-enditem|p1a: Sneasler|Grassy Seed\n|-boost|p1a: Sneasler|def|1|[from] item: Grassy Seed\n|move|p2a: Landorus|U-turn|p1a: Sneasler\n|-resisted|p1a: Sneasler\n|-damage|p1a: Sneasler|95\/100\n|\n|t:|1699950225\n|switch|p2a: Slowking|Slowking-Galar, F|58\/100|[from] U-turn\n|\n|-heal|p1a: Sneasler|100\/100|[from] Grassy Terrain\n|-heal|p2a: Slowking|64\/100|[from] Grassy Terrain\n|upkeep\n|turn|13\n|\n|t:|1699950234\n|move|p1a: Sneasler|Acrobatics|p2a: Slowking\n|-damage|p2a: Slowking|21\/100\n|move|p2a: Slowking|Thunder Wave|p1a: Sneasler\n|-status|p1a: Sneasler|par\n|\n|-heal|p2a: Slowking|27\/100|[from] Grassy Terrain\n|upkeep\n|turn|14\n|\n|t:|1699950243\n|switch|p2a: Aegislash|Aegislash, F|26\/100\n|move|p1a: Sneasler|Swords Dance|p1a: Sneasler\n|-boost|p1a: Sneasler|atk|2\n|\n|-heal|p2a: Aegislash|33\/100|[from] Grassy Terrain\n|-heal|p2a: Aegislash|39\/100|[from] item: Leftovers\n|-fieldend|move: Grassy Terrain\n|upkeep\n|turn|15\n|\n|t:|1699950253\n|move|p2a: Aegislash|King's Shield|p2a: Aegislash\n|-singleturn|p2a: Aegislash|Protect\n|move|p1a: Sneasler|Acrobatics|p2a: Aegislash\n|-activate|p2a: Aegislash|move: Protect\n|-unboost|p1a: Sneasler|atk|1\n|\n|-heal|p2a: Aegislash|45\/100|[from] item: Leftovers\n|upkeep\n|turn|16\n|\n|t:|1699950261\n|move|p1a: Sneasler|Acrobatics|p2a: Aegislash\n|-resisted|p2a: Aegislash\n|-damage|p2a: Aegislash|20\/100\n|-formechange|p2a: Aegislash|Aegislash-Blade||[from] ability: Stance Change\n|move|p2a: Aegislash|Shadow Ball|p1a: Sneasler\n|-damage|p1a: Sneasler|52\/100 par\n|\n|-heal|p2a: Aegislash|26\/100|[from] item: Leftovers\n|upkeep\n|turn|17\n|\n|t:|1699950271\n|move|p1a: Sneasler|Swords Dance|p1a: Sneasler\n|-boost|p1a: Sneasler|atk|2\n|move|p2a: Aegislash|Shadow Ball|p1a: Sneasler\n|-damage|p1a: Sneasler|2\/100 par\n|\n|-heal|p2a: Aegislash|32\/100|[from] item: Leftovers\n|upkeep\n|turn|18\n|\n|t:|1699950279\n|-formechange|p2a: Aegislash|Aegislash||[from] ability: Stance Change\n|move|p2a: Aegislash|King's Shield|p2a: Aegislash\n|-singleturn|p2a: Aegislash|Protect\n|cant|p1a: Sneasler|par\n|\n|-heal|p2a: Aegislash|38\/100|[from] item: Leftovers\n|upkeep\n|turn|19\n|\n|t:|1699950283\n|move|p1a: Sneasler|Acrobatics|p2a: Aegislash\n|-resisted|p2a: Aegislash\n|-damage|p2a: Aegislash|0 fnt\n|faint|p2a: Aegislash\n|\n|upkeep\n|\n|t:|1699950291\n|switch|p2a: Azumarill|Azumarill, M|54\/100\n|turn|20\n|\n|t:|1699950294\n|move|p2a: Azumarill|Aqua Jet|p1a: Sneasler\n|-damage|p1a: Sneasler|0 fnt\n|faint|p1a: Sneasler\n|\n|upkeep\n|\n|t:|1699950297\n|switch|p1a: Rillaboom|Rillaboom, M|63\/100\n|-fieldstart|move: Grassy Terrain|[from] ability: Grassy Surge|[of] p1a: Rillaboom\n|turn|21\n|\n|t:|1699950300\n|switch|p2a: Landorus|Landorus-Therian, M|100\/100\n|-ability|p2a: Landorus|Intimidate|boost\n|-unboost|p1a: Rillaboom|atk|1\n|move|p1a: Rillaboom|Wood Hammer|p2a: Landorus\n|-crit|p2a: Landorus\n|-damage|p2a: Landorus|0 fnt\n|-damage|p1a: Rillaboom|47\/100|[from] item: Rocky Helmet|[of] p2a: Landorus\n|faint|p2a: Landorus\n|-damage|p1a: Rillaboom|10\/100|[from] Recoil\n|\n|-heal|p1a: Rillaboom|16\/100|[from] Grassy Terrain\n|upkeep\n|\n|t:|1699950304\n|switch|p2a: Hydreigon|Hydreigon, F|100\/100\n|turn|22\n|\n|t:|1699950312\n|switch|p1a: Hatterene|Hatterene, F|92\/100\n|move|p2a: Hydreigon|Dark Pulse|p1a: Hatterene\n|-damage|p1a: Hatterene|49\/100\n|\n|-heal|p1a: Hatterene|55\/100|[from] Grassy Terrain\n|upkeep\n|turn|23\n|\n|t:|1699950319\n|switch|p2a: Slowking|Slowking-Galar, F|61\/100\n|move|p1a: Hatterene|Healing Wish|p1a: Hatterene\n|faint|p1a: Hatterene\n|\n|-heal|p2a: Slowking|67\/100|[from] Grassy Terrain\n|upkeep\n|\n|t:|1699950323\n|switch|p1a: Rillaboom|Rillaboom, M|16\/100\n|-heal|p1a: Rillaboom|100\/100|[from] move: Healing Wish\n|turn|24\n|\n|t:|1699950329\n|move|p1a: Rillaboom|Wood Hammer|p2a: Slowking\n|-resisted|p2a: Slowking\n|-damage|p2a: Slowking|4\/100\n|-damage|p1a: Rillaboom|77\/100|[from] Recoil\n|move|p2a: Slowking|Sludge Bomb|p1a: Rillaboom\n|-supereffective|p1a: Rillaboom\n|-damage|p1a: Rillaboom|0 fnt\n|faint|p1a: Rillaboom\n|\n|-heal|p2a: Slowking|10\/100|[from] Grassy Terrain\n|upkeep\n|\n|t:|1699950335\n|switch|p1a: Urshifu|Urshifu-Rapid-Strike, F, tera:Water|57\/100 tox\n|turn|25\n|\n|t:|1699950343\n|switch|p2a: Azumarill|Azumarill, M|54\/100\n|move|p1a: Urshifu|Surging Strikes|p2a: Azumarill\n|-resisted|p2a: Azumarill\n|-crit|p2a: Azumarill\n|-damage|p2a: Azumarill|40\/100\n|-resisted|p2a: Azumarill\n|-crit|p2a: Azumarill\n|-damage|p2a: Azumarill|26\/100\n|-resisted|p2a: Azumarill\n|-crit|p2a: Azumarill\n|-damage|p2a: Azumarill|12\/100\n|-hitcount|p2a: Azumarill|3\n|\n|-heal|p1a: Urshifu|63\/100 tox|[from] Grassy Terrain\n|-heal|p2a: Azumarill|18\/100|[from] Grassy Terrain\n|-damage|p1a: Urshifu|57\/100 tox|[from] psn\n|-fieldend|move: Grassy Terrain\n|upkeep\n|turn|26\n|\n|t:|1699950357\n|move|p2a: Azumarill|Aqua Jet|p1a: Urshifu\n|-resisted|p1a: Urshifu\n|-damage|p1a: Urshifu|38\/100 tox\n|move|p1a: Urshifu|Surging Strikes|p2a: Azumarill\n|-resisted|p2a: Azumarill\n|-crit|p2a: Azumarill\n|-damage|p2a: Azumarill|4\/100\n|-resisted|p2a: Azumarill\n|-crit|p2a: Azumarill\n|-damage|p2a: Azumarill|0 fnt\n|faint|p2a: Azumarill\n|-hitcount|p2: Azumarill|2\n|\n|-damage|p1a: Urshifu|26\/100 tox|[from] psn\n|upkeep\n|\n|t:|1699950366\n|switch|p2a: Hydreigon|Hydreigon, F|100\/100\n|turn|27\n|\n|t:|1699950371\n|move|p2a: Hydreigon|Dark Pulse|p1a: Urshifu\n|-damage|p1a: Urshifu|0 fnt\n|faint|p1a: Urshifu\n|\n|upkeep\n|\n|t:|1699950373\n|switch|p1a: Banette|Banette, F|100\/100\n|turn|28\n|-message|twiceer forfeited.\n|\n|win|Prtbl_Trash\n|raw|twiceer's rating: 1367 &rarr; <strong>1351<\/strong><br \/>(-16 for losing)\n|raw|Prtbl_Trash's rating: 1432 &rarr; <strong>1448<\/strong><br \/>(+16 for winning)\n|l|\u203dtwiceer\n","uploadtime":1699950388,"views":6,"p1id":"twiceer","p2id":"prtbltrash","formatid":"gen9nationaldex","rating":1351,"private":0,"password":""}