{"id":"gen9nationaldex-1993820052","p1":"MMQZA7","p2":"Toxic Ariados","format":"[Gen 9] National Dex","log":"|j|\u2606MMQZA7\n|j|\u2606Toxic Ariados\n|t:|1700361286\n|gametype|singles\n|player|p1|MMQZA7|170|1660\n|player|p2|Toxic Ariados|lucas|1692\n|teamsize|p1|6\n|teamsize|p2|6\n|gen|9\n|tier|[Gen 9] National Dex\n|rated|\n|rule|HP Percentage Mod: HP is shown in percentages\n|rule|Endless Battle Clause: Forcing endless battles is banned\n|rule|OHKO Clause: OHKO moves are banned\n|rule|Evasion Clause: Evasion abilities, items, and moves are banned\n|rule|Evasion Abilities Clause: Evasion abilities are banned\n|rule|Evasion Items Clause: Evasion items are banned\n|rule|Evasion Moves Clause: Evasion moves are banned\n|rule|Species Clause: Limit one of each Pok\u00e9mon\n|rule|Sleep Clause Mod: Limit one foe put to sleep\n|clearpoke\n|poke|p1|Swellow, F|\n|poke|p1|Banette, M|\n|poke|p1|Urshifu-*, M|\n|poke|p1|Corviknight, F|\n|poke|p1|Clodsire, M|\n|poke|p1|Volcanion|\n|poke|p2|Grimmsnarl, M|\n|poke|p2|Okidogi, M|\n|poke|p2|Volcarona, F|\n|poke|p2|Great Tusk|\n|poke|p2|Ogerpon-Cornerstone, F|\n|poke|p2|Jirachi|\n|teampreview\n|l|\u2606MMQZA7\n|player|p1|\n|j|\u2606MMQZA7\n|player|p1|MMQZA7|170\n|\n|t:|1700361321\n|start\n|switch|p1a: Volcanion|Volcanion|100\/100\n|switch|p2a: Diablo|Grimmsnarl, M|100\/100\n|turn|1\n|\n|t:|1700361327\n|move|p2a: Diablo|Light Screen|p2a: Diablo\n|-sidestart|p2: Toxic Ariados|move: Light Screen\n|move|p1a: Volcanion|Steam Eruption|p2a: Diablo\n|-damage|p2a: Diablo|75\/100\n|-status|p2a: Diablo|brn\n|\n|-damage|p2a: Diablo|69\/100 brn|[from] brn\n|upkeep\n|turn|2\n|\n|t:|1700361335\n|move|p2a: Diablo|Taunt|p1a: Volcanion\n|-start|p1a: Volcanion|move: Taunt\n|move|p1a: Volcanion|Steam Eruption|p2a: Diablo\n|-damage|p2a: Diablo|43\/100 brn\n|\n|-damage|p2a: Diablo|37\/100 brn|[from] brn\n|upkeep\n|turn|3\n|\n|t:|1700361350\n|switch|p1a: Corviknight|Corviknight, F|100\/100\n|-ability|p1a: Corviknight|Pressure\n|move|p2a: Diablo|Reflect|p2a: Diablo\n|-sidestart|p2: Toxic Ariados|Reflect\n|\n|-damage|p2a: Diablo|31\/100 brn|[from] brn\n|upkeep\n|turn|4\n|\n|t:|1700361357\n|move|p2a: Diablo|Taunt|p1a: Corviknight\n|-start|p1a: Corviknight|move: Taunt\n|move|p1a: Corviknight|U-turn|p2a: Diablo\n|-damage|p2a: Diablo|24\/100 brn\n|l|\u2606MMQZA7\n|player|p1|\n|inactive|Battle timer is ON: inactive players will automatically lose when time's up. (requested by Toxic Ariados)\n|j|\u2606MMQZA7\n|inactive|MMQZA7 reconnected and has 150 seconds left.\n|player|p1|MMQZA7|170\n|\n|t:|1700361412\n|switch|p1a: Urshifu|Urshifu-Rapid-Strike, M|100\/100|[from] U-turn\n|\n|-damage|p2a: Diablo|18\/100 brn|[from] brn\n|upkeep\n|turn|5\n|\n|t:|1700361422\n|move|p2a: Diablo|Taunt|p1a: Urshifu\n|-start|p1a: Urshifu|move: Taunt\n|move|p1a: Urshifu|U-turn|p2a: Diablo\n|-damage|p2a: Diablo|5\/100 brn\n|\n|t:|1700361426\n|switch|p1a: Corviknight|Corviknight, F|100\/100|[from] U-turn\n|-ability|p1a: Corviknight|Pressure\n|\n|-damage|p2a: Diablo|0 fnt|[from] brn\n|faint|p2a: Diablo\n|upkeep\n|\n|t:|1700361435\n|switch|p2a: Solstice|Volcarona, F|100\/100\n|turn|6\n|\n|t:|1700361442\n|switch|p2a: Ogerpon|Ogerpon-Cornerstone, F|100\/100\n|switch|p1a: Clodsire|Clodsire, M|100\/100\n|\n|upkeep\n|turn|7\n|\n|t:|1700361451\n|switch|p1a: Corviknight|Corviknight, F|100\/100\n|-ability|p1a: Corviknight|Pressure\n|move|p2a: Ogerpon|Stomping Tantrum|p1a: Corviknight\n|-immune|p1a: Corviknight\n|\n|upkeep\n|turn|8\n|\n|t:|1700361456\n|move|p2a: Ogerpon|Swords Dance|p2a: Ogerpon\n|-boost|p2a: Ogerpon|atk|2\n|move|p1a: Corviknight|U-turn|p2a: Ogerpon\n|-supereffective|p2a: Ogerpon\n|-damage|p2a: Ogerpon|81\/100\n|\n|t:|1700361458\n|switch|p1a: Banette|Banette, M|100\/100|[from] U-turn\n|-item|p2a: Ogerpon|Cornerstone Mask|[from] ability: Frisk|[of] p1a: Banette|[identify]\n|\n|-sideend|p2: Toxic Ariados|move: Light Screen\n|upkeep\n|turn|9\n|\n|t:|1700361470\n|switch|p2a: Wrath|Okidogi, M|100\/100\n|detailschange|p1a: Banette|Banette-Mega, M\n|-mega|p1a: Banette|Banette|Banettite\n|move|p1a: Banette|Encore||[still]\n|-fail|p1a: Banette\n|\n|upkeep\n|turn|10\n|\n|t:|1700361479\n|switch|p1a: Corviknight|Corviknight, F|100\/100\n|-ability|p1a: Corviknight|Pressure\n|move|p2a: Wrath|Knock Off|p1a: Corviknight\n|-damage|p1a: Corviknight|81\/100\n|-damage|p2a: Wrath|84\/100|[from] item: Rocky Helmet|[of] p1a: Corviknight\n|-enditem|p1a: Corviknight|Rocky Helmet|[from] move: Knock Off|[of] p2a: Wrath\n|\n|-sideend|p2: Toxic Ariados|Reflect\n|upkeep\n|turn|11\n|\n|t:|1700361484\n|move|p2a: Wrath|Drain Punch|p1a: Corviknight\n|-damage|p1a: Corviknight|58\/100\n|-heal|p2a: Wrath|96\/100|[from] drain|[of] p1a: Corviknight\n|move|p1a: Corviknight|U-turn|p2a: Wrath\n|-resisted|p2a: Wrath\n|-damage|p2a: Wrath|93\/100\n|\n|t:|1700361489\n|switch|p1a: Swellow|Swellow, F|100\/100|[from] U-turn\n|\n|upkeep\n|turn|12\n|\n|t:|1700361493\n|-terastallize|p1a: Swellow|Normal\n|move|p1a: Swellow|Boomburst|p2a: Wrath\n|-damage|p2a: Wrath|9\/100\n|move|p2a: Wrath|Drain Punch|p1a: Swellow\n|-supereffective|p1a: Swellow\n|-damage|p1a: Swellow|0 fnt\n|-heal|p2a: Wrath|43\/100|[from] drain|[of] p1a: Swellow\n|faint|p1a: Swellow\n|\n|upkeep\n|\n|t:|1700361509\n|switch|p1a: Urshifu|Urshifu-Rapid-Strike, M|100\/100\n|turn|13\n|\n|t:|1700361512\n|move|p1a: Urshifu|Surging Strikes|p2a: Wrath\n|-crit|p2a: Wrath\n|-damage|p2a: Wrath|27\/100\n|-crit|p2a: Wrath\n|-damage|p2a: Wrath|9\/100\n|-crit|p2a: Wrath\n|-damage|p2a: Wrath|0 fnt\n|faint|p2a: Wrath\n|-hitcount|p2: Wrath|3\n|\n|upkeep\n|\n|t:|1700361514\n|switch|p2a: Ogerpon|Ogerpon-Cornerstone, F|81\/100\n|turn|14\n|\n|t:|1700361532\n|switch|p1a: Corviknight|Corviknight, F|58\/100\n|-ability|p1a: Corviknight|Pressure\n|move|p2a: Ogerpon|Horn Leech|p1a: Corviknight\n|-resisted|p1a: Corviknight\n|-damage|p1a: Corviknight|52\/100\n|-heal|p2a: Ogerpon|86\/100|[from] drain|[of] p1a: Corviknight\n|\n|upkeep\n|turn|15\n|\n|t:|1700361542\n|move|p2a: Ogerpon|Ivy Cudgel|p1a: Corviknight|[anim] Ivy Cudgel Rock\n|-damage|p1a: Corviknight|16\/100\n|move|p1a: Corviknight|Roost|p1a: Corviknight\n|-heal|p1a: Corviknight|66\/100\n|-singleturn|p1a: Corviknight|move: Roost\n|\n|upkeep\n|turn|16\n|\n|t:|1700361557\n|switch|p2a: Bedrock|Great Tusk|100\/100\n|move|p1a: Corviknight|Iron Defense|p1a: Corviknight\n|-boost|p1a: Corviknight|def|2\n|\n|upkeep\n|turn|17\n|\n|t:|1700361565\n|-end|p2a: Bedrock|Protosynthesis|[silent]\n|switch|p2a: Solstice|Volcarona, F|100\/100\n|move|p1a: Corviknight|Body Press|p2a: Solstice\n|-resisted|p2a: Solstice\n|-damage|p2a: Solstice|68\/100\n|\n|upkeep\n|turn|18\n|\n|t:|1700361569\n|switch|p1a: Clodsire|Clodsire, M|100\/100\n|move|p2a: Solstice|Fiery Dance|p1a: Clodsire\n|-damage|p1a: Clodsire|74\/100\n|\n|-heal|p1a: Clodsire|80\/100|[from] item: Leftovers\n|upkeep\n|turn|19\n|\n|t:|1700361580\n|switch|p2a: Bedrock|Great Tusk|100\/100\n|move|p1a: Clodsire|Stealth Rock|p2a: Bedrock\n|-sidestart|p2: Toxic Ariados|move: Stealth Rock\n|\n|-heal|p1a: Clodsire|86\/100|[from] item: Leftovers\n|upkeep\n|turn|20\n|\n|t:|1700361583\n|switch|p1a: Corviknight|Corviknight, F|66\/100\n|-ability|p1a: Corviknight|Pressure\n|move|p2a: Bedrock|Close Combat|p1a: Corviknight\n|-damage|p1a: Corviknight|31\/100\n|-unboost|p2a: Bedrock|def|1\n|-unboost|p2a: Bedrock|spd|1\n|\n|upkeep\n|turn|21\n|\n|t:|1700361592\n|switch|p1a: Banette|Banette-Mega, M|100\/100\n|move|p2a: Bedrock|Headlong Rush|p1a: Banette\n|-damage|p1a: Banette|24\/100\n|-unboost|p2a: Bedrock|def|1\n|-unboost|p2a: Bedrock|spd|1\n|\n|upkeep\n|turn|22\n|\n|t:|1700361599\n|move|p1a: Banette|Destiny Bond|p1a: Banette\n|-singlemove|p1a: Banette|Destiny Bond\n|move|p2a: Bedrock|Headlong Rush|p1a: Banette\n|-damage|p1a: Banette|0 fnt\n|-unboost|p2a: Bedrock|def|1\n|-unboost|p2a: Bedrock|spd|1\n|faint|p1a: Banette\n|-activate|p1a: Banette|move: Destiny Bond\n|faint|p2a: Bedrock\n|-end|p2a: Bedrock|Protosynthesis|[silent]\n|\n|upkeep\n|j| YJLF\n|\n|t:|1700361613\n|switch|p2a: Ogerpon|Ogerpon-Cornerstone, F|86\/100\n|switch|p1a: Urshifu|Urshifu-Rapid-Strike, M|100\/100\n|-damage|p2a: Ogerpon|73\/100|[from] Stealth Rock\n|turn|23\n|\n|t:|1700361616\n|move|p1a: Urshifu|Close Combat|p2a: Ogerpon\n|-supereffective|p2a: Ogerpon\n|-damage|p2a: Ogerpon|0 fnt\n|-unboost|p1a: Urshifu|def|1\n|-unboost|p1a: Urshifu|spd|1\n|faint|p2a: Ogerpon\n|\n|upkeep\n|\n|t:|1700361622\n|switch|p2a: Stardust|Jirachi, shiny|100\/100\n|-damage|p2a: Stardust|94\/100|[from] Stealth Rock\n|turn|24\n|\n|t:|1700361626\n|switch|p1a: Volcanion|Volcanion|100\/100\n|-zpower|p2a: Stardust\n|move|p2a: Stardust|Z-Happy Hour|p2a: Stardust|[anim]Happy Hour\n|-boost|p2a: Stardust|atk|1|[zeffect]\n|-boost|p2a: Stardust|def|1|[zeffect]\n|-boost|p2a: Stardust|spa|1|[zeffect]\n|-boost|p2a: Stardust|spd|1|[zeffect]\n|-boost|p2a: Stardust|spe|1|[zeffect]\n|\n|upkeep\n|turn|25\n|l|\u2606MMQZA7\n|inactive|MMQZA7 disconnected and has a minute to reconnect!\n|player|p1|\n|inactive|Toxic Ariados has 120 seconds left.\n|j|\u2606MMQZA7\n|inactive|MMQZA7 reconnected.\n|player|p1|MMQZA7|170\n|\n|t:|1700361667\n|move|p2a: Stardust|Iron Head|p1a: Volcanion\n|-resisted|p1a: Volcanion\n|-damage|p1a: Volcanion|93\/100\n|move|p1a: Volcanion|Flamethrower|p2a: Stardust\n|-supereffective|p2a: Stardust\n|-damage|p2a: Stardust|24\/100\n|\n|upkeep\n|turn|26\n|\n|t:|1700361675\n|switch|p1a: Corviknight|Corviknight, F|31\/100\n|-ability|p1a: Corviknight|Pressure\n|move|p2a: Stardust|Stored Power|p1a: Corviknight\n|-resisted|p1a: Corviknight\n|-crit|p1a: Corviknight\n|-damage|p1a: Corviknight|0 fnt\n|faint|p1a: Corviknight\n|\n|upkeep\n|\n|t:|1700361681\n|switch|p1a: Urshifu|Urshifu-Rapid-Strike, M|100\/100\n|turn|27\n|\n|t:|1700361683\n|move|p2a: Stardust|Stored Power|p1a: Urshifu\n|-supereffective|p1a: Urshifu\n|-damage|p1a: Urshifu|0 fnt\n|faint|p1a: Urshifu\n|\n|upkeep\n|\n|t:|1700361688\n|switch|p1a: Volcanion|Volcanion|93\/100\n|turn|28\n|\n|t:|1700361691\n|move|p2a: Stardust|Stored Power|p1a: Volcanion\n|-damage|p1a: Volcanion|8\/100\n|move|p1a: Volcanion|Flamethrower|p2a: Stardust\n|-supereffective|p2a: Stardust\n|-damage|p2a: Stardust|0 fnt\n|faint|p2a: Stardust\n|\n|upkeep\n|\n|t:|1700361695\n|switch|p2a: Solstice|Volcarona, F|68\/100\n|turn|29\n|\n|t:|1700361702\n|move|p2a: Solstice|Giga Drain|p1a: Volcanion\n|-damage|p1a: Volcanion|0 fnt\n|-heal|p2a: Solstice|72\/100|[from] drain|[of] p1a: Volcanion\n|faint|p1a: Volcanion\n|\n|upkeep\n|\n|t:|1700361704\n|switch|p1a: Clodsire|Clodsire, M|86\/100\n|turn|30\n|\n|t:|1700361709\n|-terastallize|p2a: Solstice|Poison\n|move|p2a: Solstice|Fiery Dance|p1a: Clodsire\n|-damage|p1a: Clodsire|63\/100\n|-boost|p2a: Solstice|spa|1\n|move|p1a: Clodsire|Toxic|p2a: Solstice\n|-immune|p2a: Solstice\n|\n|-heal|p1a: Clodsire|69\/100|[from] item: Leftovers\n|upkeep\n|turn|31\n|\n|t:|1700361717\n|move|p2a: Solstice|Fiery Dance|p1a: Clodsire\n|-damage|p1a: Clodsire|44\/100\n|move|p1a: Clodsire|Recover|p1a: Clodsire\n|-heal|p1a: Clodsire|94\/100\n|\n|-heal|p1a: Clodsire|99\/100|[from] item: Leftovers\n|upkeep\n|turn|32\n|\n|t:|1700361722\n|move|p2a: Solstice|Fiery Dance|p1a: Clodsire\n|-damage|p1a: Clodsire|74\/100\n|move|p1a: Clodsire|Earthquake|p2a: Solstice\n|-supereffective|p2a: Solstice\n|-damage|p2a: Solstice|0 fnt\n|faint|p2a: Solstice\n|\n|win|MMQZA7\n|raw|MMQZA7's rating: 1660 &rarr; <strong>1682<\/strong><br \/>(+22 for winning)\n|raw|Toxic Ariados's rating: 1692 &rarr; <strong>1670<\/strong><br \/>(-22 for losing)\n|c|\u2606Toxic Ariados|gg\n|l|\u2606Toxic Ariados\n|c|\u2606MMQZA7|gg\n","uploadtime":1700361731,"views":7,"p1id":"mmqza7","p2id":"toxicariados","formatid":"gen9nationaldex","rating":1670,"private":0,"password":""}