{"id":"gen9nationaldex-1988306295","p1":"icesaya","p2":"BaiyiS","format":"[Gen 9] National Dex","log":"|j|\u2606icesaya\n|j|\u2606BaiyiS\n|t:|1699705609\n|gametype|singles\n|player|p1|icesaya|alec-anime|1483\n|player|p2|BaiyiS|cynthia|1588\n|teamsize|p1|6\n|teamsize|p2|6\n|gen|9\n|tier|[Gen 9] National Dex\n|rated|\n|rule|HP Percentage Mod: HP is shown in percentages\n|rule|Endless Battle Clause: Forcing endless battles is banned\n|rule|OHKO Clause: OHKO moves are banned\n|rule|Evasion Clause: Evasion abilities, items, and moves are banned\n|rule|Evasion Abilities Clause: Evasion abilities are banned\n|rule|Evasion Items Clause: Evasion items are banned\n|rule|Evasion Moves Clause: Evasion moves are banned\n|rule|Species Clause: Limit one of each Pok\u00e9mon\n|rule|Sleep Clause Mod: Limit one foe put to sleep\n|clearpoke\n|poke|p1|Banette, M|\n|poke|p1|Alomomola, F|\n|poke|p1|Pawmot, F|\n|poke|p1|Goodra-Hisui, F|\n|poke|p1|Moltres|\n|poke|p1|Mamoswine, M|\n|poke|p2|Hoopa-Unbound|\n|poke|p2|Tapu Koko|\n|poke|p2|Urshifu-*, F|\n|poke|p2|Iron Valiant|\n|poke|p2|Moltres|\n|poke|p2|Medicham, M|\n|teampreview\n|inactive|Battle timer is ON: inactive players will automatically lose when time's up. (requested by BaiyiS)\n|inactive|icesaya also wants the timer to be on.\n|\n|t:|1699705633\n|start\n|switch|p1a: Pawmot|Pawmot, F|100\/100\n|switch|p2a: Urshifu|Urshifu-Rapid-Strike, F|100\/100\n|turn|1\n|\n|t:|1699705639\n|switch|p2a: Tapu Koko|Tapu Koko|100\/100\n|-fieldstart|move: Electric Terrain|[from] ability: Electric Surge|[of] p2a: Tapu Koko\n|move|p1a: Pawmot|Double Shock|p2a: Tapu Koko\n|-resisted|p2a: Tapu Koko\n|-damage|p2a: Tapu Koko|41\/100\n|-start|p1a: Pawmot|typechange|???\/Fighting|[from] move: Double Shock\n|\n|upkeep\n|turn|2\n|\n|t:|1699705649\n|switch|p1a: Goodra|Goodra-Hisui, F|100\/100\n|move|p2a: Tapu Koko|U-turn|p1a: Goodra\n|-resisted|p1a: Goodra\n|-damage|p1a: Goodra|91\/100\n|\n|t:|1699705655\n|switch|p2a: Medicham|Medicham, M|100\/100|[from] U-turn\n|\n|upkeep\n|turn|3\n|\n|t:|1699705660\n|switch|p1a: Banette|Banette, M|100\/100\n|-item|p2a: Medicham|Medichamite|[from] ability: Frisk|[of] p1a: Banette|[identify]\n|detailschange|p2a: Medicham|Medicham-Mega, M\n|-mega|p2a: Medicham|Medicham|Medichamite\n|move|p2a: Medicham|Psycho Cut|p1a: Banette\n|-damage|p1a: Banette|0 fnt\n|faint|p1a: Banette\n|\n|upkeep\n|\n|t:|1699705669\n|switch|p1a: Pawmot|Pawmot, F|100\/100\n|turn|4\n|\n|t:|1699705673\n|switch|p2a: Tapu Koko|Tapu Koko|41\/100\n|move|p1a: Pawmot|Double Shock|p2a: Tapu Koko\n|-resisted|p2a: Tapu Koko\n|-damage|p2a: Tapu Koko|0 fnt\n|-start|p1a: Pawmot|typechange|???\/Fighting|[from] move: Double Shock\n|faint|p2a: Tapu Koko\n|\n|upkeep\n|\n|t:|1699705675\n|switch|p2a: Medicham|Medicham-Mega, M|100\/100\n|turn|5\n|\n|t:|1699705682\n|switch|p1a: Moltres|Moltres|100\/100\n|move|p2a: Medicham|Psycho Cut|p1a: Moltres\n|-crit|p1a: Moltres\n|-damage|p1a: Moltres|38\/100\n|\n|-fieldend|move: Electric Terrain\n|upkeep\n|turn|6\n|\n|t:|1699705692\n|switch|p1a: Alomomola|Alomomola, F|100\/100\n|move|p2a: Medicham|Psycho Cut|p1a: Alomomola\n|-damage|p1a: Alomomola|70\/100\n|\n|-heal|p1a: Alomomola|76\/100|[from] item: Leftovers\n|upkeep\n|turn|7\n|\n|t:|1699705702\n|move|p2a: Medicham|Psycho Cut|p1a: Alomomola\n|-crit|p1a: Alomomola\n|-damage|p1a: Alomomola|24\/100\n|move|p1a: Alomomola|Toxic|p2a: Medicham\n|-status|p2a: Medicham|tox\n|\n|-heal|p1a: Alomomola|31\/100|[from] item: Leftovers\n|-damage|p2a: Medicham|94\/100 tox|[from] psn\n|upkeep\n|turn|8\n|\n|t:|1699705709\n|move|p1a: Alomomola|Protect|p1a: Alomomola\n|-singleturn|p1a: Alomomola|Protect\n|move|p2a: Medicham|Close Combat|p1a: Alomomola\n|-activate|p1a: Alomomola|move: Protect\n|\n|-heal|p1a: Alomomola|37\/100|[from] item: Leftovers\n|-damage|p2a: Medicham|82\/100 tox|[from] psn\n|upkeep\n|turn|9\n|\n|t:|1699705719\n|switch|p1a: Moltres|Moltres|38\/100\n|move|p2a: Medicham|Psycho Cut|p1a: Moltres\n|-damage|p1a: Moltres|0 fnt\n|faint|p1a: Moltres\n|\n|-damage|p2a: Medicham|64\/100 tox|[from] psn\n|upkeep\n|\n|t:|1699705726\n|switch|p1a: Pawmot|Pawmot, F|100\/100\n|turn|10\n|\n|t:|1699705736\n|switch|p2a: Moltres|Moltres|100\/100\n|move|p1a: Pawmot|Double Shock|p2a: Moltres\n|-supereffective|p2a: Moltres\n|-damage|p2a: Moltres|15\/100\n|-start|p1a: Pawmot|typechange|???\/Fighting|[from] move: Double Shock\n|\n|upkeep\n|turn|11\n|\n|t:|1699705744\n|switch|p1a: Goodra|Goodra-Hisui, F|91\/100\n|move|p2a: Moltres|U-turn|p1a: Goodra\n|-resisted|p1a: Goodra\n|-damage|p1a: Goodra|85\/100\n|\n|t:|1699705747\n|switch|p2a: Medicham|Medicham-Mega, M|64\/100 tox|[from] U-turn\n|\n|-damage|p2a: Medicham|58\/100 tox|[from] psn\n|upkeep\n|turn|12\n|\n|t:|1699705753\n|switch|p1a: Alomomola|Alomomola, F|70\/100\n|move|p2a: Medicham|Close Combat|p1a: Alomomola\n|-damage|p1a: Alomomola|16\/100\n|-unboost|p2a: Medicham|def|1\n|-unboost|p2a: Medicham|spd|1\n|\n|-heal|p1a: Alomomola|22\/100|[from] item: Leftovers\n|-damage|p2a: Medicham|45\/100 tox|[from] psn\n|upkeep\n|turn|13\n|\n|t:|1699705764\n|move|p1a: Alomomola|Protect|p1a: Alomomola\n|-singleturn|p1a: Alomomola|Protect\n|move|p2a: Medicham|Close Combat|p1a: Alomomola\n|-activate|p1a: Alomomola|move: Protect\n|\n|-heal|p1a: Alomomola|28\/100|[from] item: Leftovers\n|-damage|p2a: Medicham|27\/100 tox|[from] psn\n|upkeep\n|turn|14\n|\n|t:|1699705779\n|switch|p1a: Mamoswine|Mamoswine, M|100\/100\n|move|p2a: Medicham|Close Combat|p1a: Mamoswine\n|-supereffective|p1a: Mamoswine\n|-damage|p1a: Mamoswine|0 fnt\n|-unboost|p2a: Medicham|def|1\n|-unboost|p2a: Medicham|spd|1\n|faint|p1a: Mamoswine\n|\n|-damage|p2a: Medicham|2\/100 tox|[from] psn\n|upkeep\n|\n|t:|1699705789\n|switch|p1a: Alomomola|Alomomola, F|61\/100\n|turn|15\n|\n|t:|1699705794\n|move|p1a: Alomomola|Protect|p1a: Alomomola\n|-singleturn|p1a: Alomomola|Protect\n|move|p2a: Medicham|Close Combat|p1a: Alomomola\n|-activate|p1a: Alomomola|move: Protect\n|\n|-heal|p1a: Alomomola|68\/100|[from] item: Leftovers\n|-damage|p2a: Medicham|0 fnt|[from] psn\n|faint|p2a: Medicham\n|upkeep\n|\n|t:|1699705797\n|switch|p2a: Hoopa|Hoopa-Unbound|100\/100\n|turn|16\n|\n|t:|1699705809\n|switch|p1a: Goodra|Goodra-Hisui, F|85\/100\n|-terastallize|p2a: Hoopa|Dark\n|move|p2a: Hoopa|Hyperspace Fury|p1a: Goodra\n|-damage|p1a: Goodra|0 fnt\n|-unboost|p2a: Hoopa|def|1\n|faint|p1a: Goodra\n|\n|upkeep\n|\n|t:|1699705817\n|switch|p1a: Pawmot|Pawmot, F|100\/100\n|turn|17\n|\n|t:|1699705822\n|switch|p2a: Moltres|Moltres|15\/100\n|move|p1a: Pawmot|Revival Blessing|p1a: Pawmot\n|\n|t:|1699705828\n|-heal|p1: Goodra|50\/100|[from] move: Revival Blessing\n|\n|upkeep\n|turn|18\n|\n|t:|1699705836\n|switch|p1a: Alomomola|Alomomola, F|100\/100\n|move|p2a: Moltres|Flamethrower|p1a: Alomomola\n|-resisted|p1a: Alomomola\n|-damage|p1a: Alomomola|79\/100\n|\n|-heal|p1a: Alomomola|85\/100|[from] item: Leftovers\n|upkeep\n|turn|19\n|\n|t:|1699705843\n|move|p2a: Moltres|U-turn|p1a: Alomomola\n|-damage|p1a: Alomomola|77\/100\n|\n|t:|1699705845\n|switch|p2a: Hoopa|Hoopa-Unbound, tera:Dark|100\/100|[from] U-turn\n|move|p1a: Alomomola|Wish|p1a: Alomomola\n|\n|-heal|p1a: Alomomola|83\/100|[from] item: Leftovers\n|upkeep\n|turn|20\n|\n|t:|1699705853\n|move|p2a: Hoopa|Hyperspace Fury|p1a: Alomomola\n|-damage|p1a: Alomomola|20\/100\n|-unboost|p2a: Hoopa|def|1\n|move|p1a: Alomomola|Toxic|p2a: Hoopa\n|-status|p2a: Hoopa|tox\n|\n|-heal|p1a: Alomomola|70\/100|[from] move: Wish|[wisher] Alomomola\n|-heal|p1a: Alomomola|77\/100|[from] item: Leftovers\n|-damage|p2a: Hoopa|95\/100 tox|[from] psn\n|upkeep\n|turn|21\n|\n|t:|1699705864\n|switch|p2a: Moltres|Moltres|15\/100\n|move|p1a: Alomomola|Protect||[still]\n|-fail|p1a: Alomomola\n|\n|-heal|p1a: Alomomola|83\/100|[from] item: Leftovers\n|upkeep\n|turn|22\n|\n|t:|1699705873\n|move|p2a: Moltres|Roost|p2a: Moltres\n|-heal|p2a: Moltres|66\/100\n|-singleturn|p2a: Moltres|move: Roost\n|move|p1a: Alomomola|Wish|p1a: Alomomola\n|\n|-heal|p1a: Alomomola|89\/100|[from] item: Leftovers\n|upkeep\n|turn|23\n|\n|t:|1699705880\n|move|p2a: Moltres|U-turn|p1a: Alomomola\n|-damage|p1a: Alomomola|81\/100\n|\n|t:|1699705882\n|switch|p2a: Hoopa|Hoopa-Unbound, tera:Dark|95\/100 tox|[from] U-turn\n|move|p1a: Alomomola|Flip Turn|p2a: Hoopa\n|-damage|p2a: Hoopa|66\/100 tox\n|\n|t:|1699705889\n|switch|p1a: Pawmot|Pawmot, F|100\/100|[from] Flip Turn\n|\n|-damage|p2a: Hoopa|60\/100 tox|[from] psn\n|upkeep\n|turn|24\n|\n|t:|1699705894\n|switch|p2a: Moltres|Moltres|66\/100\n|move|p1a: Pawmot|Double Shock|p2a: Moltres\n|-supereffective|p2a: Moltres\n|-damage|p2a: Moltres|0 fnt\n|-start|p1a: Pawmot|typechange|???\/Fighting|[from] move: Double Shock\n|-status|p1a: Pawmot|brn|[from] ability: Flame Body|[of] p2a: Moltres\n|faint|p2a: Moltres\n|\n|-damage|p1a: Pawmot|94\/100 brn|[from] brn\n|upkeep\n|\n|t:|1699705896\n|switch|p2a: Iron Valiant|Iron Valiant|100\/100\n|-enditem|p2a: Iron Valiant|Booster Energy\n|-activate|p2a: Iron Valiant|ability: Quark Drive|[fromitem]\n|-start|p2a: Iron Valiant|quarkdrivespe\n|turn|25\n|\n|t:|1699705908\n|-curestatus|p1a: Pawmot|brn|[from] ability: Natural Cure\n|switch|p1a: Alomomola|Alomomola, F|100\/100\n|move|p2a: Iron Valiant|Moonblast|p1a: Alomomola\n|-damage|p1a: Alomomola|49\/100\n|\n|-heal|p1a: Alomomola|55\/100|[from] item: Leftovers\n|upkeep\n|turn|26\n|\n|t:|1699705917\n|move|p1a: Alomomola|Protect|p1a: Alomomola\n|-singleturn|p1a: Alomomola|Protect\n|move|p2a: Iron Valiant|Swords Dance|p2a: Iron Valiant\n|-boost|p2a: Iron Valiant|atk|2\n|\n|-heal|p1a: Alomomola|61\/100|[from] item: Leftovers\n|upkeep\n|turn|27\n|\n|t:|1699705924\n|move|p2a: Iron Valiant|Moonblast|p1a: Alomomola\n|-damage|p1a: Alomomola|3\/100\n|move|p1a: Alomomola|Toxic|p2a: Iron Valiant\n|-status|p2a: Iron Valiant|tox\n|\n|-heal|p1a: Alomomola|9\/100|[from] item: Leftovers\n|-damage|p2a: Iron Valiant|94\/100 tox|[from] psn\n|upkeep\n|turn|28\n|\n|t:|1699705932\n|move|p2a: Iron Valiant|Close Combat|p1a: Alomomola\n|-damage|p1a: Alomomola|0 fnt\n|-unboost|p2a: Iron Valiant|def|1\n|-unboost|p2a: Iron Valiant|spd|1\n|faint|p1a: Alomomola\n|\n|-damage|p2a: Iron Valiant|82\/100 tox|[from] psn\n|upkeep\n|\n|t:|1699705940\n|switch|p1a: Pawmot|Pawmot, F|94\/100\n|turn|29\n|\n|t:|1699705943\n|move|p2a: Iron Valiant|Moonblast|p1a: Pawmot\n|-supereffective|p1a: Pawmot\n|-damage|p1a: Pawmot|0 fnt\n|faint|p1a: Pawmot\n|\n|-damage|p2a: Iron Valiant|63\/100 tox|[from] psn\n|upkeep\n|c|\u2606BaiyiS|\u5f92\u52b3\n|\n|t:|1699705954\n|switch|p1a: Goodra|Goodra-Hisui, F|50\/100\n|turn|30\n|\n|t:|1699705958\n|move|p2a: Iron Valiant|Close Combat|p1a: Goodra\n|-supereffective|p1a: Goodra\n|-damage|p1a: Goodra|0 fnt\n|-unboost|p2a: Iron Valiant|def|1\n|-unboost|p2a: Iron Valiant|spd|1\n|faint|p1a: Goodra\n|\n|win|BaiyiS\n|raw|icesaya's rating: 1483 &rarr; <strong>1469<\/strong><br \/>(-14 for losing)\n|raw|BaiyiS's rating: 1588 &rarr; <strong>1602<\/strong><br \/>(+14 for winning)\n|l|\u2606icesaya\n","uploadtime":1699706061,"views":10,"p1id":"icesaya","p2id":"baiyis","formatid":"gen9nationaldex","rating":1469,"private":0,"password":""}