{"id":"gen9nationaldex-1998907890","p1":"ilovetosiing","p2":"TheEmeraldGamerGuy","format":"[Gen 9] National Dex","log":"|html|<div class=\"broadcast-blue\"><strong>[Gen 9] National Dex is currently suspecting Sneasler! For information on how to participate check out the <a href=\"https:\/\/www.smogon.com\/forums\/threads\/sv-national-dex-suspect-8-just-dance.3731534\/\">suspect thread<\/a>.<\/strong><\/div>\n|j|\u2606ilovetosiing\n|j|\u2606TheEmeraldGamerGuy\n|t:|1701011629\n|gametype|singles\n|player|p1|ilovetosiing|170|1415\n|player|p2|TheEmeraldGamerGuy|colress|1552\n|teamsize|p1|6\n|teamsize|p2|6\n|gen|9\n|tier|[Gen 9] National Dex\n|rated|\n|rule|HP Percentage Mod: HP is shown in percentages\n|rule|Endless Battle Clause: Forcing endless battles is banned\n|rule|OHKO Clause: OHKO moves are banned\n|rule|Evasion Clause: Evasion abilities, items, and moves are banned\n|rule|Evasion Abilities Clause: Evasion abilities are banned\n|rule|Evasion Items Clause: Evasion items are banned\n|rule|Evasion Moves Clause: Evasion moves are banned\n|rule|Species Clause: Limit one of each Pok\u00e9mon\n|rule|Sleep Clause Mod: Limit one foe put to sleep\n|clearpoke\n|poke|p1|Zapdos-Galar|\n|poke|p1|Toxapex, M|\n|poke|p1|Dragonite, F|\n|poke|p1|Latios, M|\n|poke|p1|Corviknight, M|\n|poke|p1|Grimmsnarl, M|\n|poke|p2|Landorus-Therian, M|\n|poke|p2|Heatran, M|\n|poke|p2|Tangrowth, M|\n|poke|p2|Tapu Lele|\n|poke|p2|Tyranitar, M|\n|poke|p2|Volcarona, F|\n|teampreview\n|inactive|Battle timer is ON: inactive players will automatically lose when time's up. (requested by TheEmeraldGamerGuy)\n|\n|t:|1701011638\n|start\n|switch|p1a: Zapdos|Zapdos-Galar|100\/100\n|switch|p2a: Tapu Lele|Tapu Lele|100\/100\n|-fieldstart|move: Psychic Terrain|[from] ability: Psychic Surge|[of] p2a: Tapu Lele\n|turn|1\n|\n|t:|1701011647\n|switch|p2a: Landorus|Landorus-Therian, M|100\/100\n|-ability|p2a: Landorus|Intimidate|boost\n|-unboost|p1a: Zapdos|atk|1\n|-ability|p1a: Zapdos|Defiant|boost\n|-boost|p1a: Zapdos|atk|2\n|switch|p1a: Grimmsnarl|Grimmsnarl, M|100\/100\n|\n|upkeep\n|turn|2\n|\n|t:|1701011659\n|move|p1a: Grimmsnarl|Reflect|p1a: Grimmsnarl\n|-sidestart|p1: ilovetosiing|Reflect\n|move|p2a: Landorus|Toxic|p1a: Grimmsnarl|[miss]\n|-miss|p2a: Landorus|p1a: Grimmsnarl\n|\n|upkeep\n|turn|3\n|\n|t:|1701011664\n|move|p1a: Grimmsnarl|Light Screen|p1a: Grimmsnarl\n|-sidestart|p1: ilovetosiing|move: Light Screen\n|move|p2a: Landorus|Toxic|p1a: Grimmsnarl\n|-status|p1a: Grimmsnarl|tox\n|\n|-damage|p1a: Grimmsnarl|94\/100 tox|[from] psn\n|upkeep\n|turn|4\n|\n|t:|1701011670\n|move|p2a: Landorus|Defog|p1a: Grimmsnarl\n|-unboost|p1a: Grimmsnarl|evasion|1\n|-sideend|p1: ilovetosiing|Reflect\n|-sideend|p1: ilovetosiing|move: Light Screen\n|-fieldend|move: Psychic Terrain\n|move|p1a: Grimmsnarl|Spirit Break|p2a: Landorus\n|-damage|p2a: Landorus|80\/100\n|-unboost|p2a: Landorus|spa|1\n|-damage|p1a: Grimmsnarl|78\/100 tox|[from] item: Rocky Helmet|[of] p2a: Landorus\n|\n|-damage|p1a: Grimmsnarl|66\/100 tox|[from] psn\n|upkeep\n|turn|5\n|\n|t:|1701011682\n|move|p1a: Grimmsnarl|Reflect|p1a: Grimmsnarl\n|-sidestart|p1: ilovetosiing|Reflect\n|move|p2a: Landorus|U-turn|p1a: Grimmsnarl\n|-damage|p1a: Grimmsnarl|53\/100 tox\n|\n|t:|1701011687\n|switch|p2a: Tapu Lele|Tapu Lele|100\/100|[from] U-turn\n|-fieldstart|move: Psychic Terrain|[from] ability: Psychic Surge|[of] p2a: Tapu Lele\n|\n|-damage|p1a: Grimmsnarl|35\/100 tox|[from] psn\n|upkeep\n|turn|6\n|\n|t:|1701011695\n|move|p1a: Grimmsnarl|Light Screen|p1a: Grimmsnarl\n|-sidestart|p1: ilovetosiing|move: Light Screen\n|move|p2a: Tapu Lele|Moonblast|p1a: Grimmsnarl\n|-supereffective|p1a: Grimmsnarl\n|-crit|p1a: Grimmsnarl\n|-damage|p1a: Grimmsnarl|0 fnt\n|faint|p1a: Grimmsnarl\n|\n|upkeep\n|\n|t:|1701011704\n|switch|p1a: Zapdos|Zapdos-Galar|100\/100\n|turn|7\n|\n|t:|1701011709\n|move|p2a: Tapu Lele|Moonblast|p1a: Zapdos\n|-supereffective|p1a: Zapdos\n|-damage|p1a: Zapdos|46\/100\n|-unboost|p1a: Zapdos|spa|1\n|-ability|p1a: Zapdos|Defiant|boost\n|-boost|p1a: Zapdos|atk|2\n|move|p1a: Zapdos|Brave Bird|p2a: Tapu Lele\n|-damage|p2a: Tapu Lele|0 fnt\n|faint|p2a: Tapu Lele\n|-damage|p1a: Zapdos|17\/100|[from] Recoil\n|\n|upkeep\n|\n|t:|1701011716\n|switch|p2a: Landorus|Landorus-Therian, M|80\/100\n|-ability|p2a: Landorus|Intimidate|boost\n|-unboost|p1a: Zapdos|atk|1\n|-ability|p1a: Zapdos|Defiant|boost\n|-boost|p1a: Zapdos|atk|2\n|turn|8\n|\n|t:|1701011726\n|move|p1a: Zapdos|Brave Bird|p2a: Landorus\n|-damage|p2a: Landorus|0 fnt\n|-damage|p1a: Zapdos|0 fnt|[from] item: Rocky Helmet|[of] p2a: Landorus\n|faint|p2a: Landorus\n|faint|p1a: Zapdos\n|\n|upkeep\n|\n|t:|1701011739\n|switch|p1a: Dragonite|Dragonite, F|100\/100\n|switch|p2a: Tyranitar|Tyranitar, M|100\/100\n|-weather|Sandstorm|[from] ability: Sand Stream|[of] p2a: Tyranitar\n|turn|9\n|\n|t:|1701011747\n|detailschange|p2a: Tyranitar|Tyranitar-Mega, M\n|-mega|p2a: Tyranitar|Tyranitar|Tyranitarite\n|-terastallize|p1a: Dragonite|Normal\n|move|p2a: Tyranitar|Dragon Dance|p2a: Tyranitar\n|-boost|p2a: Tyranitar|atk|1\n|-boost|p2a: Tyranitar|spe|1\n|move|p1a: Dragonite|Dragon Dance|p1a: Dragonite\n|-boost|p1a: Dragonite|atk|1\n|-boost|p1a: Dragonite|spe|1\n|\n|-weather|Sandstorm|[upkeep]\n|-damage|p1a: Dragonite|94\/100|[from] Sandstorm\n|-fieldend|move: Psychic Terrain\n|upkeep\n|turn|10\n|\n|t:|1701011760\n|move|p2a: Tyranitar|Stone Edge|p1a: Dragonite\n|-damage|p1a: Dragonite|44\/100\n|move|p1a: Dragonite|Earthquake|p2a: Tyranitar\n|-supereffective|p2a: Tyranitar\n|-damage|p2a: Tyranitar|21\/100\n|\n|-weather|Sandstorm|[upkeep]\n|-damage|p1a: Dragonite|37\/100|[from] Sandstorm\n|upkeep\n|turn|11\n|\n|t:|1701011770\n|move|p1a: Dragonite|Extreme Speed|p2a: Tyranitar\n|-resisted|p2a: Tyranitar\n|-damage|p2a: Tyranitar|0 fnt\n|faint|p2a: Tyranitar\n|\n|-weather|Sandstorm|[upkeep]\n|-damage|p1a: Dragonite|31\/100|[from] Sandstorm\n|upkeep\n|\n|t:|1701011776\n|switch|p2a: Tangrowth|Tangrowth, M|100\/100\n|turn|12\n|\n|t:|1701011781\n|move|p1a: Dragonite|Roost|p1a: Dragonite\n|-heal|p1a: Dragonite|81\/100\n|move|p2a: Tangrowth|Knock Off|p1a: Dragonite\n|-damage|p1a: Dragonite|69\/100\n|-enditem|p1a: Dragonite|Heavy-Duty Boots|[from] move: Knock Off|[of] p2a: Tangrowth\n|\n|-weather|Sandstorm|[upkeep]\n|-damage|p1a: Dragonite|63\/100|[from] Sandstorm\n|-damage|p2a: Tangrowth|94\/100|[from] Sandstorm\n|-sideend|p1: ilovetosiing|Reflect\n|upkeep\n|turn|13\n|\n|t:|1701011794\n|move|p1a: Dragonite|Dragon Dance|p1a: Dragonite\n|-boost|p1a: Dragonite|atk|1\n|-boost|p1a: Dragonite|spe|1\n|move|p2a: Tangrowth|Sleep Powder|p1a: Dragonite|[miss]\n|-miss|p2a: Tangrowth|p1a: Dragonite\n|\n|-weather|none\n|-sideend|p1: ilovetosiing|move: Light Screen\n|upkeep\n|turn|14\n|\n|t:|1701011801\n|move|p1a: Dragonite|Extreme Speed|p2a: Tangrowth\n|-damage|p2a: Tangrowth|44\/100\n|-damage|p1a: Dragonite|47\/100|[from] item: Rocky Helmet|[of] p2a: Tangrowth\n|move|p2a: Tangrowth|Sleep Powder|p1a: Dragonite\n|-status|p1a: Dragonite|slp|[from] move: Sleep Powder\n|\n|upkeep\n|turn|15\n|\n|t:|1701011809\n|switch|p1a: Latios|Latios, M|100\/100\n|move|p2a: Tangrowth|Giga Drain|p1a: Latios\n|-resisted|p1a: Latios\n|-crit|p1a: Latios\n|-damage|p1a: Latios|81\/100\n|-heal|p2a: Tangrowth|51\/100|[from] drain|[of] p1a: Latios\n|\n|upkeep\n|turn|16\n|\n|t:|1701011817\n|switch|p2a: Heatran|Heatran, M|100\/100\n|move|p1a: Latios|Draco Meteor|p2a: Heatran\n|-resisted|p2a: Heatran\n|-damage|p2a: Heatran|69\/100\n|-unboost|p1a: Latios|spa|2\n|\n|-heal|p2a: Heatran|76\/100|[from] item: Leftovers\n|upkeep\n|turn|17\n|\n|t:|1701011828\n|switch|p1a: Toxapex|Toxapex, M|100\/100\n|move|p2a: Heatran|Magma Storm|p1a: Toxapex|[miss]\n|-miss|p2a: Heatran|p1a: Toxapex\n|\n|-heal|p2a: Heatran|82\/100|[from] item: Leftovers\n|upkeep\n|turn|18\n|\n|t:|1701011836\n|move|p2a: Heatran|Magma Storm|p1a: Toxapex\n|-resisted|p1a: Toxapex\n|-damage|p1a: Toxapex|84\/100\n|-activate|p1a: Toxapex|move: Magma Storm|[of] p2a: Heatran\n|move|p1a: Toxapex|Scald|p2a: Heatran\n|-supereffective|p2a: Heatran\n|-damage|p2a: Heatran|59\/100\n|\n|-heal|p2a: Heatran|65\/100|[from] item: Leftovers\n|-heal|p1a: Toxapex|90\/100|[from] item: Black Sludge\n|-damage|p1a: Toxapex|78\/100|[from] move: Magma Storm|[partiallytrapped]\n|upkeep\n|turn|19\n|\n|t:|1701011847\n|move|p2a: Heatran|Taunt|p1a: Toxapex\n|-start|p1a: Toxapex|move: Taunt\n|move|p1a: Toxapex|Scald|p2a: Heatran\n|-supereffective|p2a: Heatran\n|-damage|p2a: Heatran|43\/100\n|\n|-heal|p2a: Heatran|49\/100|[from] item: Leftovers\n|-heal|p1a: Toxapex|84\/100|[from] item: Black Sludge\n|-damage|p1a: Toxapex|72\/100|[from] move: Magma Storm|[partiallytrapped]\n|upkeep\n|turn|20\n|\n|t:|1701011857\n|move|p2a: Heatran|Earth Power|p1a: Toxapex\n|-supereffective|p1a: Toxapex\n|-damage|p1a: Toxapex|30\/100\n|move|p1a: Toxapex|Scald|p2a: Heatran\n|-supereffective|p2a: Heatran\n|-damage|p2a: Heatran|27\/100\n|\n|-heal|p2a: Heatran|34\/100|[from] item: Leftovers\n|-heal|p1a: Toxapex|36\/100|[from] item: Black Sludge\n|-damage|p1a: Toxapex|24\/100|[from] move: Magma Storm|[partiallytrapped]\n|upkeep\n|turn|21\n|\n|t:|1701011867\n|move|p2a: Heatran|Earth Power|p1a: Toxapex\n|-supereffective|p1a: Toxapex\n|-damage|p1a: Toxapex|0 fnt\n|faint|p1a: Toxapex\n|\n|-heal|p2a: Heatran|40\/100|[from] item: Leftovers\n|upkeep\n|\n|t:|1701011875\n|switch|p1a: Latios|Latios, M|81\/100\n|turn|22\n|\n|t:|1701011878\n|move|p1a: Latios|Psyshock|p2a: Heatran\n|-resisted|p2a: Heatran\n|-damage|p2a: Heatran|12\/100\n|move|p2a: Heatran|Magma Storm|p1a: Latios\n|-resisted|p1a: Latios\n|-damage|p1a: Latios|58\/100\n|-activate|p1a: Latios|move: Magma Storm|[of] p2a: Heatran\n|\n|-heal|p2a: Heatran|18\/100|[from] item: Leftovers\n|-damage|p1a: Latios|45\/100|[from] move: Magma Storm|[partiallytrapped]\n|upkeep\n|turn|23\n|\n|t:|1701011888\n|switch|p2a: Tangrowth|Tangrowth, M|84\/100\n|move|p1a: Latios|Psyshock|p2a: Tangrowth\n|-damage|p2a: Tangrowth|52\/100\n|\n|-end|p1a: Latios|Magma Storm|[partiallytrapped]|[silent]\n|upkeep\n|turn|24\n|\n|t:|1701011895\n|switch|p1a: Corviknight|Corviknight, M|100\/100\n|move|p2a: Tangrowth|Knock Off|p1a: Corviknight\n|-damage|p1a: Corviknight|86\/100\n|-damage|p2a: Tangrowth|35\/100|[from] item: Rocky Helmet|[of] p1a: Corviknight\n|-enditem|p1a: Corviknight|Rocky Helmet|[from] move: Knock Off|[of] p2a: Tangrowth\n|\n|upkeep\n|turn|25\n|\n|t:|1701011903\n|switch|p2a: Heatran|Heatran, M|18\/100\n|move|p1a: Corviknight|Brave Bird|p2a: Heatran\n|-resisted|p2a: Heatran\n|-damage|p2a: Heatran|2\/100\n|-damage|p1a: Corviknight|81\/100|[from] Recoil\n|\n|-heal|p2a: Heatran|8\/100|[from] item: Leftovers\n|upkeep\n|turn|26\n|\n|t:|1701011912\n|move|p2a: Heatran|Magma Storm|p1a: Corviknight|[miss]\n|-miss|p2a: Heatran|p1a: Corviknight\n|move|p1a: Corviknight|U-turn|p2a: Heatran\n|-resisted|p2a: Heatran\n|-damage|p2a: Heatran|5\/100\n|\n|t:|1701011919\n|switch|p1a: Latios|Latios, M|45\/100|[from] U-turn\n|\n|-heal|p2a: Heatran|11\/100|[from] item: Leftovers\n|upkeep\n|turn|27\n|\n|t:|1701011925\n|switch|p2a: Tangrowth|Tangrowth, M|69\/100\n|move|p1a: Latios|Psyshock|p2a: Tangrowth\n|-damage|p2a: Tangrowth|37\/100\n|\n|upkeep\n|turn|28\n|\n|t:|1701011933\n|switch|p1a: Corviknight|Corviknight, M|81\/100\n|-terastallize|p2a: Tangrowth|Steel\n|move|p2a: Tangrowth|Knock Off|p1a: Corviknight\n|-damage|p1a: Corviknight|72\/100\n|\n|upkeep\n|turn|29\n|\n|t:|1701011940\n|switch|p2a: Heatran|Heatran, M|11\/100\n|move|p1a: Corviknight|U-turn|p2a: Heatran\n|-resisted|p2a: Heatran\n|-damage|p2a: Heatran|8\/100\n|\n|t:|1701011946\n|switch|p1a: Latios|Latios, M|45\/100|[from] U-turn\n|\n|-heal|p2a: Heatran|14\/100|[from] item: Leftovers\n|upkeep\n|turn|30\n|\n|t:|1701011953\n|switch|p2a: Tangrowth|Tangrowth, M, tera:Steel|70\/100\n|move|p1a: Latios|Thunder|p2a: Tangrowth|[miss]\n|-miss|p1a: Latios|p2a: Tangrowth\n|\n|upkeep\n|turn|31\n|\n|t:|1701011960\n|switch|p1a: Corviknight|Corviknight, M|72\/100\n|move|p2a: Tangrowth|Knock Off|p1a: Corviknight\n|-crit|p1a: Corviknight\n|-damage|p1a: Corviknight|59\/100\n|\n|upkeep\n|turn|32\n|\n|t:|1701011969\n|switch|p2a: Heatran|Heatran, M|14\/100\n|move|p1a: Corviknight|U-turn|p2a: Heatran\n|-resisted|p2a: Heatran\n|-damage|p2a: Heatran|11\/100\n|\n|t:|1701011974\n|switch|p1a: Latios|Latios, M|45\/100|[from] U-turn\n|\n|-heal|p2a: Heatran|17\/100|[from] item: Leftovers\n|upkeep\n|turn|33\n|\n|t:|1701011983\n|move|p1a: Latios|Trick|p2a: Heatran\n|-activate|p1a: Latios|move: Trick|[of] p2a: Heatran\n|-item|p2a: Heatran|Choice Specs|[from] move: Trick\n|-item|p1a: Latios|Leftovers|[from] move: Trick\n|move|p2a: Heatran|Stealth Rock|p1a: Latios\n|-sidestart|p1: ilovetosiing|move: Stealth Rock\n|\n|-heal|p1a: Latios|51\/100|[from] item: Leftovers\n|upkeep\n|turn|34\n|\n|t:|1701011997\n|switch|p2a: Tangrowth|Tangrowth, M, tera:Steel|100\/100\n|move|p1a: Latios|Thunder|p2a: Tangrowth\n|-crit|p2a: Tangrowth\n|-damage|p2a: Tangrowth|21\/100\n|\n|-heal|p1a: Latios|57\/100|[from] item: Leftovers\n|upkeep\n|turn|35\n|\n|t:|1701012004\n|move|p1a: Latios|Thunder|p2a: Tangrowth\n|-damage|p2a: Tangrowth|0 fnt\n|faint|p2a: Tangrowth\n|\n|-heal|p1a: Latios|63\/100|[from] item: Leftovers\n|upkeep\n|\n|t:|1701012006\n|switch|p2a: Volcarona|Volcarona, F|100\/100\n|turn|36\n|inactive|ilovetosiing has 120 seconds left.\n|\n|t:|1701012060\n|move|p1a: Latios|Draco Meteor|p2a: Volcarona|[miss]\n|-miss|p1a: Latios|p2a: Volcarona\n|move|p2a: Volcarona|Quiver Dance|p2a: Volcarona\n|-boost|p2a: Volcarona|spa|1\n|-boost|p2a: Volcarona|spd|1\n|-boost|p2a: Volcarona|spe|1\n|\n|-heal|p1a: Latios|69\/100|[from] item: Leftovers\n|upkeep\n|turn|37\n|\n|t:|1701012071\n|move|p2a: Volcarona|Bug Buzz|p1a: Latios\n|-supereffective|p1a: Latios\n|-damage|p1a: Latios|0 fnt\n|faint|p1a: Latios\n|\n|upkeep\n|\n|t:|1701012077\n|switch|p1a: Corviknight|Corviknight, M|59\/100\n|-damage|p1a: Corviknight|47\/100|[from] Stealth Rock\n|turn|38\n|\n|t:|1701012083\n|move|p2a: Volcarona|Flamethrower|p1a: Corviknight\n|-supereffective|p1a: Corviknight\n|-damage|p1a: Corviknight|0 fnt\n|faint|p1a: Corviknight\n|\n|upkeep\n|\n|t:|1701012088\n|switch|p1a: Dragonite|Dragonite, F, tera:Normal|47\/100 slp\n|-damage|p1a: Dragonite|34\/100 slp|[from] Stealth Rock\n|turn|39\n|\n|t:|1701012093\n|move|p2a: Volcarona|Flamethrower|p1a: Dragonite\n|-damage|p1a: Dragonite|0 fnt\n|faint|p1a: Dragonite\n|\n|win|TheEmeraldGamerGuy\n|raw|ilovetosiing's rating: 1415 &rarr; <strong>1403<\/strong><br \/>(-12 for losing)\n|raw|TheEmeraldGamerGuy's rating: 1552 &rarr; <strong>1564<\/strong><br \/>(+12 for winning)\n|l|\u2606ilovetosiing\n","uploadtime":1701012106,"views":15,"p1id":"ilovetosiing","p2id":"theemeraldgamerguy","formatid":"gen9nationaldex","rating":1403,"private":0,"password":""}