{"id":"gen9nationaldex-1995336849","p1":"Honwave59","p2":"Poyo90","format":"[Gen 9] National Dex","log":"|html|<div class=\"broadcast-blue\"><strong>[Gen 9] National Dex is currently suspecting Sneasler! For information on how to participate check out the <a href=\"https:\/\/www.smogon.com\/forums\/threads\/sv-national-dex-suspect-8-just-dance.3731534\/\">suspect thread<\/a>.<\/strong><\/div>\n|j|\u2606Honwave59\n|j|\u2606Poyo90\n|t:|1700555901\n|gametype|singles\n|player|p1|Honwave59|pilot|1058\n|player|p2|Poyo90|hau|1144\n|teamsize|p1|6\n|teamsize|p2|6\n|gen|9\n|tier|[Gen 9] National Dex\n|rated|\n|rule|HP Percentage Mod: HP is shown in percentages\n|rule|Endless Battle Clause: Forcing endless battles is banned\n|rule|OHKO Clause: OHKO moves are banned\n|rule|Evasion Clause: Evasion abilities, items, and moves are banned\n|rule|Evasion Abilities Clause: Evasion abilities are banned\n|rule|Evasion Items Clause: Evasion items are banned\n|rule|Evasion Moves Clause: Evasion moves are banned\n|rule|Species Clause: Limit one of each Pok\u00e9mon\n|rule|Sleep Clause Mod: Limit one foe put to sleep\n|clearpoke\n|poke|p1|Tapu Lele|\n|poke|p1|Salamence, M|\n|poke|p1|Durant, M|\n|poke|p1|Espeon, M|\n|poke|p1|Darmanitan, F|\n|poke|p1|Mew|\n|poke|p2|Iron Moth|\n|poke|p2|Greninja-*, M|\n|poke|p2|Gliscor, M|\n|poke|p2|Lopunny, F|\n|poke|p2|Toxapex, M|\n|poke|p2|Hatterene, F|\n|teampreview\n|inactive|Battle timer is ON: inactive players will automatically lose when time's up. (requested by Honwave59)\n|\n|t:|1700555919\n|start\n|switch|p1a: Salamence|Salamence, M|100\/100\n|switch|p2a: Lopunny|Lopunny, F|100\/100\n|turn|1\n|\n|t:|1700555923\n|switch|p1a: Little boy|Tapu Lele|100\/100\n|-fieldstart|move: Psychic Terrain|[from] ability: Psychic Surge|[of] p1a: Little boy\n|detailschange|p2a: Lopunny|Lopunny-Mega, F\n|-mega|p2a: Lopunny|Lopunny|Lopunnite\n|move|p2a: Lopunny|Fake Out|p1a: Little boy\n|-activate|p1a: Little boy|move: Psychic Terrain\n|\n|upkeep\n|turn|2\n|\n|t:|1700555934\n|switch|p2a: Gliscor|Gliscor, M|100\/100\n|move|p1a: Little boy|Psychic|p2a: Gliscor\n|-damage|p2a: Gliscor|0 fnt\n|faint|p2a: Gliscor\n|\n|upkeep\n|\n|t:|1700555939\n|switch|p2a: Greninja|Greninja, M|100\/100\n|turn|3\n|\n|t:|1700555943\n|switch|p1a: John Xina|Durant, M|100\/100\n|move|p2a: Greninja|Work Up|p2a: Greninja\n|-boost|p2a: Greninja|atk|1\n|-boost|p2a: Greninja|spa|1\n|\n|upkeep\n|turn|4\n|\n|t:|1700555951\n|switch|p2a: Toxapex|Toxapex, M|100\/100\n|move|p1a: John Xina|X-Scissor|p2a: Toxapex\n|-resisted|p2a: Toxapex\n|-damage|p2a: Toxapex|75\/100\n|\n|-heal|p2a: Toxapex|81\/100|[from] item: Leftovers\n|upkeep\n|turn|5\n|\n|t:|1700555954\n|switch|p1a: Espeon|Espeon, M|100\/100\n|move|p2a: Toxapex|Toxic|p1a: Espeon\n|move|p1a: Espeon|Toxic|p2a: Toxapex|[from]ability: Magic Bounce\n|-immune|p2a: Toxapex\n|\n|-heal|p2a: Toxapex|87\/100|[from] item: Leftovers\n|-fieldend|move: Psychic Terrain\n|upkeep\n|turn|6\n|\n|t:|1700555960\n|switch|p2a: Hatterene|Hatterene, F|100\/100\n|move|p1a: Espeon|Trick|p2a: Hatterene\n|-activate|p1a: Espeon|move: Trick|[of] p2a: Hatterene\n|-item|p2a: Hatterene|Choice Scarf|[from] move: Trick\n|-item|p1a: Espeon|Leftovers|[from] move: Trick\n|\n|upkeep\n|turn|7\n|\n|t:|1700555970\n|switch|p1a: Little boy|Tapu Lele|100\/100\n|-fieldstart|move: Psychic Terrain|[from] ability: Psychic Surge|[of] p1a: Little boy\n|move|p2a: Hatterene|Nuzzle|p1a: Little boy\n|-damage|p1a: Little boy|94\/100\n|-status|p1a: Little boy|par\n|\n|upkeep\n|turn|8\n|\n|t:|1700555974\n|switch|p2a: Toxapex|Toxapex, M|100\/100\n|cant|p1a: Little boy|par\n|\n|upkeep\n|turn|9\n|\n|t:|1700555980\n|switch|p2a: Greninja|Greninja, M|100\/100\n|cant|p1a: Little boy|par\n|\n|upkeep\n|turn|10\n|\n|t:|1700555988\n|switch|p2a: Toxapex|Toxapex, M|100\/100\n|move|p1a: Little boy|Thunderbolt|p2a: Toxapex\n|-supereffective|p2a: Toxapex\n|-damage|p2a: Toxapex|16\/100\n|\n|-heal|p2a: Toxapex|23\/100|[from] item: Leftovers\n|upkeep\n|turn|11\n|\n|t:|1700555993\n|switch|p2a: Iron Moth|Iron Moth|100\/100\n|move|p1a: Little boy|Thunderbolt|p2a: Iron Moth\n|-damage|p2a: Iron Moth|54\/100\n|\n|-fieldend|move: Psychic Terrain\n|upkeep\n|turn|12\n|\n|t:|1700555997\n|move|p2a: Iron Moth|Sludge Wave|p1a: Little boy\n|-supereffective|p1a: Little boy\n|-damage|p1a: Little boy|0 fnt\n|faint|p1a: Little boy\n|\n|upkeep\n|\n|t:|1700556005\n|switch|p1a: Mew|Mew|100\/100\n|turn|13\n|\n|t:|1700556009\n|-end|p2a: Iron Moth|Quark Drive|[silent]\n|switch|p2a: Greninja|Greninja, M|100\/100\n|move|p1a: Mew|Future Sight|p2a: Greninja\n|-start|p1a: Mew|move: Future Sight\n|\n|upkeep\n|turn|14\n|\n|t:|1700556020\n|move|p2a: Greninja|Dark Pulse|p1a: Mew\n|-supereffective|p1a: Mew\n|-damage|p1a: Mew|18\/100\n|cant|p1a: Mew|flinch\n|\n|upkeep\n|turn|15\n|\n|t:|1700556025\n|move|p2a: Greninja|Dark Pulse|p1a: Mew\n|-supereffective|p1a: Mew\n|-damage|p1a: Mew|0 fnt\n|faint|p1a: Mew\n|-ability|p2a: Greninja|Battle Bond|boost\n|-boost|p2a: Greninja|atk|1\n|-boost|p2a: Greninja|spa|1\n|-boost|p2a: Greninja|spe|1\n|-activate|p2a: Greninja|ability: Battle Bond\n|\n|-end|p2a: Greninja|move: Future Sight\n|-immune|p2a: Greninja\n|upkeep\n|\n|t:|1700556028\n|switch|p1a: John Xina|Durant, M|100\/100\n|turn|16\n|\n|t:|1700556040\n|switch|p2a: Lopunny|Lopunny-Mega, F|100\/100\n|move|p1a: John Xina|First Impression|p2a: Lopunny\n|-resisted|p2a: Lopunny\n|-damage|p2a: Lopunny|34\/100\n|\n|upkeep\n|turn|17\n|\n|t:|1700556044\n|switch|p1a: Espeon|Espeon, M|100\/100\n|move|p2a: Lopunny|Fake Out|p1a: Espeon\n|-damage|p1a: Espeon|59\/100\n|\n|-heal|p1a: Espeon|65\/100|[from] item: Leftovers\n|upkeep\n|turn|18\n|\n|t:|1700556051\n|move|p2a: Lopunny|Play Rough|p1a: Espeon\n|-damage|p1a: Espeon|9\/100\n|-unboost|p1a: Espeon|atk|1\n|move|p1a: Espeon|Expanding Force|p2a: Lopunny\n|-supereffective|p2a: Lopunny\n|-crit|p2a: Lopunny\n|-damage|p2a: Lopunny|0 fnt\n|faint|p2a: Lopunny\n|\n|-heal|p1a: Espeon|15\/100|[from] item: Leftovers\n|upkeep\n|\n|t:|1700556054\n|switch|p2a: Greninja|Greninja, M|100\/100\n|turn|19\n|\n|t:|1700556058\n|move|p2a: Greninja|Dark Pulse|p1a: Espeon\n|-supereffective|p1a: Espeon\n|-damage|p1a: Espeon|0 fnt\n|faint|p1a: Espeon\n|\n|upkeep\n|\n|t:|1700556060\n|switch|p1a: John Xina|Durant, M|100\/100\n|turn|20\n|\n|t:|1700556064\n|switch|p2a: Toxapex|Toxapex, M|56\/100\n|move|p1a: John Xina|Return|p2a: Toxapex|[miss]\n|-miss|p1a: John Xina|p2a: Toxapex\n|\n|-heal|p2a: Toxapex|62\/100|[from] item: Leftovers\n|upkeep\n|turn|21\n|\n|t:|1700556069\n|move|p1a: John Xina|Return|p2a: Toxapex\n|-damage|p2a: Toxapex|13\/100\n|move|p2a: Toxapex|Toxic|p1a: John Xina\n|-immune|p1a: John Xina\n|\n|-heal|p2a: Toxapex|19\/100|[from] item: Leftovers\n|upkeep\n|turn|22\n|\n|t:|1700556073\n|move|p2a: Toxapex|Baneful Bunker|p2a: Toxapex\n|-singleturn|p2a: Toxapex|move: Protect\n|move|p1a: John Xina|Return|p2a: Toxapex\n|-activate|p2a: Toxapex|move: Protect\n|\n|-heal|p2a: Toxapex|25\/100|[from] item: Leftovers\n|upkeep\n|turn|23\n|\n|t:|1700556077\n|switch|p2a: Iron Moth|Iron Moth|54\/100\n|move|p1a: John Xina|Return|p2a: Iron Moth\n|-damage|p2a: Iron Moth|0 fnt\n|faint|p2a: Iron Moth\n|-end|p2a: Iron Moth|Quark Drive|[silent]\n|\n|upkeep\n|\n|t:|1700556080\n|switch|p2a: Toxapex|Toxapex, M|59\/100\n|turn|24\n|\n|t:|1700556083\n|move|p1a: John Xina|Return|p2a: Toxapex\n|-damage|p2a: Toxapex|15\/100\n|move|p2a: Toxapex|Recover|p2a: Toxapex\n|-heal|p2a: Toxapex|65\/100\n|\n|-heal|p2a: Toxapex|71\/100|[from] item: Leftovers\n|upkeep\n|turn|25\n|\n|t:|1700556089\n|switch|p1a: Kachigga my|Darmanitan, F, shiny|100\/100\n|move|p2a: Toxapex|Recover|p2a: Toxapex\n|-heal|p2a: Toxapex|100\/100\n|\n|upkeep\n|turn|26\n|\n|t:|1700556095\n|move|p1a: Kachigga my|Earthquake|p2a: Toxapex\n|-supereffective|p2a: Toxapex\n|-damage|p2a: Toxapex|53\/100\n|move|p2a: Toxapex|Toxic|p1a: Kachigga my\n|-status|p1a: Kachigga my|tox\n|\n|-heal|p2a: Toxapex|59\/100|[from] item: Leftovers\n|-damage|p1a: Kachigga my|95\/100 tox|[from] psn\n|upkeep\n|turn|27\n|\n|t:|1700556102\n|switch|p1a: Salamence|Salamence, M|100\/100\n|move|p2a: Toxapex|Recover|p2a: Toxapex\n|-heal|p2a: Toxapex|100\/100\n|\n|upkeep\n|turn|28\n|\n|t:|1700556109\n|move|p1a: Salamence|Dragon Dance|p1a: Salamence\n|-boost|p1a: Salamence|atk|1\n|-boost|p1a: Salamence|spe|1\n|move|p2a: Toxapex|Toxic|p1a: Salamence\n|-status|p1a: Salamence|tox\n|\n|-damage|p1a: Salamence|94\/100 tox|[from] psn\n|upkeep\n|turn|29\n|\n|t:|1700556113\n|switch|p2a: Hatterene|Hatterene, F|100\/100\n|-zpower|p1a: Salamence\n|move|p1a: Salamence|Devastating Drake|p2a: Hatterene|[zeffect]\n|-immune|p2a: Hatterene\n|\n|-damage|p1a: Salamence|82\/100 tox|[from] psn\n|upkeep\n|turn|30\n|\n|t:|1700556120\n|move|p1a: Salamence|Dual Wingbeat|p2a: Hatterene\n|-damage|p2a: Hatterene|60\/100\n|-damage|p2a: Hatterene|18\/100\n|-hitcount|p2a: Hatterene|2\n|move|p2a: Hatterene|Draining Kiss|p1a: Salamence\n|-supereffective|p1a: Salamence\n|-damage|p1a: Salamence|15\/100 tox\n|-heal|p2a: Hatterene|75\/100|[from] drain|[of] p1a: Salamence\n|\n|-damage|p1a: Salamence|0 fnt|[from] psn\n|faint|p1a: Salamence\n|upkeep\n|\n|t:|1700556130\n|switch|p1a: Kachigga my|Darmanitan, F, shiny|95\/100 tox\n|turn|31\n|\n|t:|1700556134\n|move|p1a: Kachigga my|U-turn|p2a: Hatterene\n|-damage|p2a: Hatterene|42\/100\n|\n|t:|1700556136\n|switch|p1a: John Xina|Durant, M|100\/100|[from] U-turn\n|move|p2a: Hatterene|Draining Kiss|p1a: John Xina\n|-resisted|p1a: John Xina\n|-damage|p1a: John Xina|65\/100\n|-heal|p2a: Hatterene|64\/100|[from] drain|[of] p1a: John Xina\n|\n|upkeep\n|turn|32\n|\n|t:|1700556144\n|move|p1a: John Xina|X-Scissor|p2a: Hatterene\n|-damage|p2a: Hatterene|0 fnt\n|faint|p2a: Hatterene\n|\n|upkeep\n|\n|t:|1700556147\n|switch|p2a: Toxapex|Toxapex, M|100\/100\n|turn|33\n|\n|t:|1700556149\n|switch|p1a: Kachigga my|Darmanitan, F, shiny|95\/100 tox\n|move|p2a: Toxapex|Scald|p1a: Kachigga my\n|-supereffective|p1a: Kachigga my\n|-damage|p1a: Kachigga my|43\/100 tox\n|\n|-damage|p1a: Kachigga my|37\/100 tox|[from] psn\n|upkeep\n|turn|34\n|\n|t:|1700556153\n|move|p2a: Toxapex|Baneful Bunker|p2a: Toxapex\n|-singleturn|p2a: Toxapex|move: Protect\n|move|p1a: Kachigga my|Earthquake|p2a: Toxapex\n|-activate|p2a: Toxapex|move: Protect\n|\n|-damage|p1a: Kachigga my|25\/100 tox|[from] psn\n|upkeep\n|turn|35\n|\n|t:|1700556159\n|move|p1a: Kachigga my|Earthquake|p2a: Toxapex\n|-supereffective|p2a: Toxapex\n|-damage|p2a: Toxapex|49\/100\n|move|p2a: Toxapex|Recover|p2a: Toxapex\n|-heal|p2a: Toxapex|99\/100\n|\n|-heal|p2a: Toxapex|100\/100|[from] item: Leftovers\n|-damage|p1a: Kachigga my|7\/100 tox|[from] psn\n|upkeep\n|turn|36\n|\n|t:|1700556162\n|move|p2a: Toxapex|Baneful Bunker|p2a: Toxapex\n|-singleturn|p2a: Toxapex|move: Protect\n|move|p1a: Kachigga my|Earthquake|p2a: Toxapex\n|-activate|p2a: Toxapex|move: Protect\n|\n|-damage|p1a: Kachigga my|0 fnt|[from] psn\n|faint|p1a: Kachigga my\n|upkeep\n|\n|t:|1700556164\n|switch|p1a: John Xina|Durant, M|65\/100\n|turn|37\n|\n|t:|1700556166\n|-terastallize|p1a: John Xina|Bug\n|move|p1a: John Xina|X-Scissor|p2a: Toxapex\n|-resisted|p2a: Toxapex\n|-damage|p2a: Toxapex|66\/100\n|move|p2a: Toxapex|Scald|p1a: John Xina\n|-damage|p1a: John Xina|27\/100\n|-status|p1a: John Xina|brn\n|\n|-heal|p2a: Toxapex|72\/100|[from] item: Leftovers\n|-damage|p1a: John Xina|21\/100 brn|[from] brn\n|upkeep\n|turn|38\n|l|\u2606Honwave59\n|inactive|Honwave59 disconnected and has a minute to reconnect!\n|player|p1|\n|c|\u2606Poyo90|lol\n|inactive|Honwave59 has 30 seconds to reconnect!\n|inactive|Honwave59 has 20 seconds to reconnect!\n|inactive|Honwave59 has 15 seconds to reconnect!\n|inactive|Honwave59 has 10 seconds to reconnect!\n|inactive|Honwave59 has 5 seconds to reconnect!\n|-message|Honwave59 lost due to inactivity.\n|\n|win|Poyo90\n|raw|Honwave59's rating: 1058 &rarr; <strong>1044<\/strong><br \/>(-14 for losing)\n|raw|Poyo90's rating: 1144 &rarr; <strong>1163<\/strong><br \/>(+19 for winning)\n","uploadtime":1700556238,"views":4,"p1id":"honwave59","p2id":"poyo90","formatid":"gen9nationaldex","rating":1044,"private":0,"password":""}