{"id":"gen9nationaldex-1998248402","p1":"LeafStormHimNotME","p2":"efemetin123","format":"[Gen 9] National Dex","log":"|html|<div class=\"broadcast-blue\"><strong>[Gen 9] National Dex is currently suspecting Sneasler! For information on how to participate check out the <a href=\"https:\/\/www.smogon.com\/forums\/threads\/sv-national-dex-suspect-8-just-dance.3731534\/\">suspect thread<\/a>.<\/strong><\/div>\n|j|\u2606LeafStormHimNotME\n|j|\u2606efemetin123\n|t:|1700919560\n|gametype|singles\n|player|p1|LeafStormHimNotME|youngcouple-gen4dp|1117\n|player|p2|efemetin123|170|1022\n|teamsize|p1|6\n|teamsize|p2|6\n|gen|9\n|tier|[Gen 9] National Dex\n|rated|\n|rule|HP Percentage Mod: HP is shown in percentages\n|rule|Endless Battle Clause: Forcing endless battles is banned\n|rule|OHKO Clause: OHKO moves are banned\n|rule|Evasion Clause: Evasion abilities, items, and moves are banned\n|rule|Evasion Abilities Clause: Evasion abilities are banned\n|rule|Evasion Items Clause: Evasion items are banned\n|rule|Evasion Moves Clause: Evasion moves are banned\n|rule|Species Clause: Limit one of each Pok\u00e9mon\n|rule|Sleep Clause Mod: Limit one foe put to sleep\n|clearpoke\n|poke|p1|Ursaluna, F|\n|poke|p1|Conkeldurr, M|\n|poke|p1|Swellow, M|\n|poke|p1|Obstagoon, F|\n|poke|p1|Flareon, M|\n|poke|p1|Luxray, M|\n|poke|p2|Hitmonlee, M|\n|poke|p2|Pyukumuku, F|\n|poke|p2|Aggron, M|\n|poke|p2|Roserade, M|\n|poke|p2|Kommo-o, F|\n|poke|p2|Blaziken, M|\n|teampreview\n|inactive|Battle timer is ON: inactive players will automatically lose when time's up. (requested by LeafStormHimNotME)\n|\n|t:|1700919564\n|start\n|switch|p1a: Swellow|Swellow, M|100\/100\n|switch|p2a: Blaziken|Blaziken, M|100\/100\n|turn|1\n|\n|t:|1700919572\n|move|p2a: Blaziken|Protect|p2a: Blaziken\n|-singleturn|p2a: Blaziken|Protect\n|move|p1a: Swellow|Brave Bird|p2a: Blaziken\n|-activate|p2a: Blaziken|move: Protect\n|\n|-status|p1a: Swellow|brn|[from] item: Flame Orb\n|-ability|p2a: Blaziken|Speed Boost|boost\n|-boost|p2a: Blaziken|spe|1\n|upkeep\n|turn|2\n|\n|t:|1700919582\n|switch|p2a: Aggron|Aggron, M|100\/100\n|move|p1a: Swellow|Brave Bird|p2a: Aggron\n|-resisted|p2a: Aggron\n|-damage|p2a: Aggron|90\/100\n|-damage|p1a: Swellow|96\/100 brn|[from] Recoil\n|\n|-damage|p1a: Swellow|90\/100 brn|[from] brn\n|upkeep\n|turn|3\n|\n|t:|1700919592\n|detailschange|p2a: Aggron|Aggron-Mega, M\n|-mega|p2a: Aggron|Aggron|Aggronite\n|move|p1a: Swellow|U-turn|p2a: Aggron\n|-resisted|p2a: Aggron\n|-damage|p2a: Aggron|83\/100\n|\n|t:|1700919599\n|switch|p1a: Ursaluna|Ursaluna, F|100\/100|[from] U-turn\n|move|p2a: Aggron|Curse|p2a: Aggron\n|-unboost|p2a: Aggron|spe|1\n|-boost|p2a: Aggron|atk|1\n|-boost|p2a: Aggron|def|1\n|\n|-status|p1a: Ursaluna|brn|[from] item: Flame Orb\n|upkeep\n|turn|4\n|\n|t:|1700919611\n|move|p1a: Ursaluna|Earthquake|p2a: Aggron\n|-supereffective|p2a: Aggron\n|-damage|p2a: Aggron|37\/100\n|move|p2a: Aggron|Body Press|p1a: Ursaluna\n|-supereffective|p1a: Ursaluna\n|-damage|p1a: Ursaluna|13\/100 brn\n|\n|-damage|p1a: Ursaluna|7\/100 brn|[from] brn\n|upkeep\n|turn|5\n|\n|t:|1700919619\n|move|p1a: Ursaluna|Earthquake|p2a: Aggron\n|-supereffective|p2a: Aggron\n|-damage|p2a: Aggron|0 fnt\n|faint|p2a: Aggron\n|\n|-damage|p1a: Ursaluna|1\/100 brn|[from] brn\n|upkeep\n|\n|t:|1700919631\n|switch|p2a: Blaziken|Blaziken, M|100\/100\n|turn|6\n|\n|t:|1700919636\n|move|p2a: Blaziken|Protect|p2a: Blaziken\n|-singleturn|p2a: Blaziken|Protect\n|move|p1a: Ursaluna|Earthquake|p2a: Blaziken\n|-activate|p2a: Blaziken|move: Protect\n|\n|-damage|p1a: Ursaluna|0 fnt|[from] brn\n|faint|p1a: Ursaluna\n|-ability|p2a: Blaziken|Speed Boost|boost\n|-boost|p2a: Blaziken|spe|1\n|upkeep\n|\n|t:|1700919639\n|switch|p1a: Swellow|Swellow, M|90\/100 brn\n|turn|7\n|\n|t:|1700919647\n|switch|p2a: Pyukumuku|Pyukumuku, F|100\/100\n|move|p1a: Swellow|Brave Bird|p2a: Pyukumuku\n|-damage|p2a: Pyukumuku|42\/100\n|-damage|p1a: Swellow|67\/100 brn|[from] Recoil\n|\n|-heal|p2a: Pyukumuku|48\/100|[from] item: Leftovers\n|-damage|p1a: Swellow|61\/100 brn|[from] brn\n|upkeep\n|turn|8\n|\n|t:|1700919658\n|move|p2a: Pyukumuku|Protect|p2a: Pyukumuku\n|-singleturn|p2a: Pyukumuku|Protect\n|move|p1a: Swellow|Facade|p2a: Pyukumuku\n|-activate|p2a: Pyukumuku|move: Protect\n|\n|-heal|p2a: Pyukumuku|54\/100|[from] item: Leftovers\n|-damage|p1a: Swellow|55\/100 brn|[from] brn\n|upkeep\n|turn|9\n|\n|t:|1700919671\n|switch|p2a: Hitmonlee|Hitmonlee, M|100\/100\n|move|p1a: Swellow|Facade|p2a: Hitmonlee\n|-damage|p2a: Hitmonlee|0 fnt\n|faint|p2a: Hitmonlee\n|\n|-damage|p1a: Swellow|48\/100 brn|[from] brn\n|upkeep\n|c|\u2606efemetin123|i realised\n|c|\u2606efemetin123|im using 3 fighting\n|inactive|efemetin123 has 120 seconds left.\n|\n|t:|1700919702\n|switch|p2a: Blaziken|Blaziken, M|100\/100\n|turn|10\n|\n|t:|1700919713\n|switch|p1a: Luxray|Luxray, M|100\/100\n|move|p2a: Blaziken|Protect||[still]\n|-fail|p2a: Blaziken\n|\n|-status|p1a: Luxray|brn|[from] item: Flame Orb\n|-ability|p2a: Blaziken|Speed Boost|boost\n|-boost|p2a: Blaziken|spe|1\n|upkeep\n|turn|11\n|inactive|efemetin123 has 120 seconds left.\n|\n|t:|1700919730\n|move|p2a: Blaziken|Swords Dance|p2a: Blaziken\n|-boost|p2a: Blaziken|atk|2\n|move|p1a: Luxray|Thunder Wave|p2a: Blaziken\n|-status|p2a: Blaziken|par\n|\n|-damage|p1a: Luxray|95\/100 brn|[from] brn\n|-ability|p2a: Blaziken|Speed Boost|boost\n|-boost|p2a: Blaziken|spe|1\n|upkeep\n|turn|12\n|\n|t:|1700919740\n|move|p2a: Blaziken|Protect|p2a: Blaziken\n|-singleturn|p2a: Blaziken|Protect\n|move|p1a: Luxray|Facade|p2a: Blaziken\n|-activate|p2a: Blaziken|move: Protect\n|\n|-damage|p1a: Luxray|89\/100 brn|[from] brn\n|-ability|p2a: Blaziken|Speed Boost|boost\n|-boost|p2a: Blaziken|spe|1\n|upkeep\n|turn|13\n|\n|t:|1700919749\n|move|p2a: Blaziken|Fire Punch|p1a: Luxray\n|-damage|p1a: Luxray|0 fnt\n|faint|p1a: Luxray\n|\n|-ability|p2a: Blaziken|Speed Boost|boost\n|-boost|p2a: Blaziken|spe|1\n|upkeep\n|\n|t:|1700919754\n|switch|p1a: Swellow|Swellow, M|48\/100 brn\n|turn|14\n|\n|t:|1700919758\n|move|p2a: Blaziken|Protect|p2a: Blaziken\n|-singleturn|p2a: Blaziken|Protect\n|move|p1a: Swellow|Brave Bird|p2a: Blaziken\n|-activate|p2a: Blaziken|move: Protect\n|\n|-damage|p1a: Swellow|42\/100 brn|[from] brn\n|-ability|p2a: Blaziken|Speed Boost|boost\n|-boost|p2a: Blaziken|spe|1\n|upkeep\n|turn|15\n|\n|t:|1700919765\n|move|p2a: Blaziken|Fire Punch|p1a: Swellow\n|-damage|p1a: Swellow|0 fnt\n|faint|p1a: Swellow\n|\n|-ability|p2a: Blaziken|Speed Boost|boost\n|-boost|p2a: Blaziken|spe|1\n|upkeep\n|\n|t:|1700919780\n|switch|p1a: Conkeldurr|Conkeldurr, M|100\/100\n|turn|16\n|\n|t:|1700919800\n|move|p2a: Blaziken|Fire Punch|p1a: Conkeldurr\n|-crit|p1a: Conkeldurr\n|-damage|p1a: Conkeldurr|0 fnt\n|faint|p1a: Conkeldurr\n|\n|upkeep\n|\n|t:|1700919804\n|switch|p1a: Obstagoon|Obstagoon, F|100\/100\n|turn|17\n|c|\u2606LeafStormHimNotME|R IU\n|c|\u2606LeafStormHimNotME|GONNA GET\n|c|\u2606LeafStormHimNotME|PARAYLSED\n|c|\u2606LeafStormHimNotME|?\n|c|\u2606efemetin123|idk\n|\n|t:|1700919816\n|move|p2a: Blaziken|Brick Break|p1a: Obstagoon\n|-supereffective|p1a: Obstagoon\n|-damage|p1a: Obstagoon|0 fnt\n|faint|p1a: Obstagoon\n|\n|upkeep\n|\n|t:|1700919818\n|switch|p1a: Flareon|Flareon, M|100\/100\n|turn|18\n|\n|t:|1700919822\n|move|p2a: Blaziken|Brick Break|p1a: Flareon\n|-damage|p1a: Flareon|0 fnt\n|faint|p1a: Flareon\n|\n|win|efemetin123\n|raw|LeafStormHimNotME's rating: 1117 &rarr; <strong>1085<\/strong><br \/>(-32 for losing)\n|raw|efemetin123's rating: 1022 &rarr; <strong>1068<\/strong><br \/>(+46 for winning)\n|c|\u2606LeafStormHimNotME|DUDE?\n","uploadtime":1700919830,"views":7,"p1id":"leafstormhimnotme","p2id":"efemetin123","formatid":"gen9nationaldex","rating":1068,"private":0,"password":""}