{"id":"gen9nationaldex-1988261030","p1":"Amshell","p2":"Jaspo","format":"[Gen 9] National Dex","log":"|j|\u2606Amshell\n|j|\u2606Jaspo\n|t:|1699696774\n|gametype|singles\n|player|p1|Amshell|ethan|1076\n|player|p2|Jaspo|clair|1079\n|teamsize|p1|6\n|teamsize|p2|6\n|gen|9\n|tier|[Gen 9] National Dex\n|rated|\n|rule|HP Percentage Mod: HP is shown in percentages\n|rule|Endless Battle Clause: Forcing endless battles is banned\n|rule|OHKO Clause: OHKO moves are banned\n|rule|Evasion Clause: Evasion abilities, items, and moves are banned\n|rule|Evasion Abilities Clause: Evasion abilities are banned\n|rule|Evasion Items Clause: Evasion items are banned\n|rule|Evasion Moves Clause: Evasion moves are banned\n|rule|Species Clause: Limit one of each Pok\u00e9mon\n|rule|Sleep Clause Mod: Limit one foe put to sleep\n|clearpoke\n|poke|p1|Typhlosion, M|\n|poke|p1|Togekiss, F|\n|poke|p1|Politoed, M|\n|poke|p1|Umbreon, M|\n|poke|p1|Gyarados, M|\n|poke|p1|Dragonite, M|\n|poke|p2|Kingdra, M|\n|poke|p2|Luxray, M|\n|poke|p2|Scolipede, F|\n|poke|p2|Typhlosion-Hisui, M|\n|poke|p2|Hydreigon, F|\n|poke|p2|Absol, M|\n|teampreview\n|inactive|Battle timer is ON: inactive players will automatically lose when time's up. (requested by Amshell)\n|\n|t:|1699696781\n|start\n|switch|p1a: Typhlosion|Typhlosion, M|100\/100\n|switch|p2a: Typhlosion|Typhlosion-Hisui, M|100\/100\n|-item|p1a: Typhlosion|Leftovers|[from] ability: Frisk|[of] p2a: Typhlosion|[identify]\n|turn|1\n|\n|t:|1699696791\n|move|p1a: Typhlosion|Burn Up|p2a: Typhlosion\n|-resisted|p2a: Typhlosion\n|-crit|p2a: Typhlosion\n|-damage|p2a: Typhlosion|54\/100\n|-start|p1a: Typhlosion|typechange|???|[from] move: Burn Up\n|-zpower|p2a: Typhlosion\n|move|p2a: Typhlosion|All-Out Pummeling|p1a: Typhlosion|[zeffect]\n|-damage|p1a: Typhlosion|25\/100\n|\n|-heal|p1a: Typhlosion|31\/100|[from] item: Leftovers\n|upkeep\n|turn|2\n|\n|t:|1699696808\n|switch|p1a: Politoed|Politoed, M|100\/100\n|-weather|RainDance|[from] ability: Drizzle|[of] p1a: Politoed\n|move|p2a: Typhlosion|Burn Up|p1a: Politoed\n|-resisted|p1a: Politoed\n|-damage|p1a: Politoed|84\/100\n|-start|p2a: Typhlosion|typechange|???\/Ghost|[from] move: Burn Up\n|\n|-weather|RainDance|[upkeep]\n|-heal|p1a: Politoed|91\/100|[from] item: Leftovers\n|upkeep\n|turn|3\n|\n|t:|1699696824\n|move|p1a: Politoed|Toxic|p2a: Typhlosion\n|-status|p2a: Typhlosion|tox\n|move|p2a: Typhlosion|Infernal Parade|p1a: Politoed\n|-damage|p1a: Politoed|62\/100\n|-status|p1a: Politoed|brn\n|\n|-weather|RainDance|[upkeep]\n|-heal|p1a: Politoed|68\/100 brn|[from] item: Leftovers\n|-damage|p2a: Typhlosion|48\/100 tox|[from] psn\n|-damage|p1a: Politoed|62\/100 brn|[from] brn\n|upkeep\n|turn|4\n|\n|t:|1699696837\n|switch|p1a: Togekiss|Togekiss, F|100\/100\n|move|p2a: Typhlosion|Infernal Parade|p1a: Togekiss\n|-crit|p1a: Togekiss\n|-damage|p1a: Togekiss|56\/100\n|-status|p1a: Togekiss|brn\n|\n|-weather|RainDance|[upkeep]\n|-heal|p1a: Togekiss|62\/100 brn|[from] item: Leftovers\n|-damage|p2a: Typhlosion|36\/100 tox|[from] psn\n|-damage|p1a: Togekiss|56\/100 brn|[from] brn\n|upkeep\n|turn|5\n|\n|t:|1699696851\n|move|p1a: Togekiss|Heal Bell|p1a: Togekiss\n|-activate|p1a: Togekiss|move: Heal Bell\n|-curestatus|p1a: Togekiss|brn|[msg]\n|-curestatus|p1: Politoed|brn|[msg]\n|move|p2a: Typhlosion|Infernal Parade|p1a: Togekiss\n|-damage|p1a: Togekiss|29\/100\n|\n|-weather|RainDance|[upkeep]\n|-heal|p1a: Togekiss|35\/100|[from] item: Leftovers\n|-damage|p2a: Typhlosion|18\/100 tox|[from] psn\n|upkeep\n|turn|6\n|\n|t:|1699696865\n|switch|p1a: Typhlosion|Typhlosion, M|31\/100\n|move|p2a: Typhlosion|Infernal Parade|p1a: Typhlosion\n|-damage|p1a: Typhlosion|0 fnt\n|faint|p1a: Typhlosion\n|\n|-weather|none\n|-damage|p2a: Typhlosion|0 fnt|[from] psn\n|faint|p2a: Typhlosion\n|upkeep\n|\n|t:|1699696880\n|switch|p1a: Dragonite|Dragonite, M|100\/100\n|switch|p2a: Absol|Absol, M|100\/100\n|turn|7\n|\n|t:|1699696889\n|detailschange|p2a: Absol|Absol-Mega, M\n|-mega|p2a: Absol|Absol|Absolite\n|move|p2a: Absol|Knock Off|p1a: Dragonite\n|-damage|p1a: Dragonite|56\/100\n|-zpower|p1a: Dragonite\n|move|p1a: Dragonite|Devastating Drake|p2a: Absol|[zeffect]\n|-damage|p2a: Absol|0 fnt\n|faint|p2a: Absol\n|\n|upkeep\n|\n|t:|1699696904\n|switch|p2a: Hydreigon|Hydreigon, F|100\/100\n|turn|8\n|\n|t:|1699696909\n|switch|p1a: Togekiss|Togekiss, F|35\/100\n|-terastallize|p2a: Hydreigon|Steel\n|move|p2a: Hydreigon|Dragon Pulse|p1a: Togekiss\n|-immune|p1a: Togekiss\n|\n|-heal|p1a: Togekiss|41\/100|[from] item: Leftovers\n|upkeep\n|turn|9\n|\n|t:|1699696920\n|move|p1a: Togekiss|Air Slash|p2a: Hydreigon\n|-resisted|p2a: Hydreigon\n|-damage|p2a: Hydreigon|78\/100\n|cant|p2a: Hydreigon|flinch\n|\n|-heal|p1a: Togekiss|47\/100|[from] item: Leftovers\n|upkeep\n|turn|10\n|\n|t:|1699696929\n|move|p1a: Togekiss|Air Slash|p2a: Hydreigon\n|-resisted|p2a: Hydreigon\n|-damage|p2a: Hydreigon|58\/100\n|cant|p2a: Hydreigon|flinch\n|\n|-heal|p1a: Togekiss|54\/100|[from] item: Leftovers\n|upkeep\n|turn|11\n|\n|t:|1699696937\n|move|p1a: Togekiss|Air Slash|p2a: Hydreigon|[miss]\n|-miss|p1a: Togekiss|p2a: Hydreigon\n|move|p2a: Hydreigon|Roost|p2a: Hydreigon\n|-heal|p2a: Hydreigon|100\/100\n|\n|-heal|p1a: Togekiss|60\/100|[from] item: Leftovers\n|upkeep\n|turn|12\n|\n|t:|1699696946\n|move|p1a: Togekiss|Air Slash|p2a: Hydreigon\n|-resisted|p2a: Hydreigon\n|-damage|p2a: Hydreigon|78\/100\n|cant|p2a: Hydreigon|flinch\n|\n|-heal|p1a: Togekiss|66\/100|[from] item: Leftovers\n|upkeep\n|turn|13\n|\n|t:|1699696955\n|move|p1a: Togekiss|Air Slash|p2a: Hydreigon\n|-resisted|p2a: Hydreigon\n|-crit|p2a: Hydreigon\n|-damage|p2a: Hydreigon|47\/100\n|cant|p2a: Hydreigon|flinch\n|\n|-heal|p1a: Togekiss|72\/100|[from] item: Leftovers\n|upkeep\n|turn|14\n|\n|t:|1699696964\n|move|p1a: Togekiss|Air Slash|p2a: Hydreigon\n|-resisted|p2a: Hydreigon\n|-damage|p2a: Hydreigon|24\/100\n|cant|p2a: Hydreigon|flinch\n|\n|-heal|p1a: Togekiss|78\/100|[from] item: Leftovers\n|upkeep\n|turn|15\n|\n|t:|1699696973\n|move|p1a: Togekiss|Air Slash|p2a: Hydreigon\n|-resisted|p2a: Hydreigon\n|-damage|p2a: Hydreigon|2\/100\n|cant|p2a: Hydreigon|flinch\n|\n|-heal|p1a: Togekiss|84\/100|[from] item: Leftovers\n|upkeep\n|turn|16\n|c|\u2606Jaspo|Yo f u c k u\n|-message|Jaspo forfeited.\n|\n|win|Amshell\n|raw|Amshell's rating: 1076 &rarr; <strong>1105<\/strong><br \/>(+29 for winning)\n|raw|Jaspo's rating: 1079 &rarr; <strong>1057<\/strong><br \/>(-22 for losing)\n","uploadtime":1699696987,"views":4,"p1id":"amshell","p2id":"jaspo","formatid":"gen9nationaldex","rating":1057,"private":0,"password":""}