{"id":"gen9nationaldex-1987375739","p1":"Nimezin","p2":"TAFALANDOCOMIGO?","format":"[Gen 9] National Dex","log":"|j|\u2606Nimezin\n|j|\u2606TAFALANDOCOMIGO?\n|t:|1699583478\n|gametype|singles\n|player|p1|Nimezin|pokemonbreederf-gen4|1150\n|player|p2|TAFALANDOCOMIGO?|swimmerf|1104\n|teamsize|p1|6\n|teamsize|p2|6\n|gen|9\n|tier|[Gen 9] National Dex\n|rated|\n|rule|HP Percentage Mod: HP is shown in percentages\n|rule|Endless Battle Clause: Forcing endless battles is banned\n|rule|OHKO Clause: OHKO moves are banned\n|rule|Evasion Clause: Evasion abilities, items, and moves are banned\n|rule|Evasion Abilities Clause: Evasion abilities are banned\n|rule|Evasion Items Clause: Evasion items are banned\n|rule|Evasion Moves Clause: Evasion moves are banned\n|rule|Species Clause: Limit one of each Pok\u00e9mon\n|rule|Sleep Clause Mod: Limit one foe put to sleep\n|clearpoke\n|poke|p1|Ampharos, M|\n|poke|p1|Lycanroc-Dusk, M|\n|poke|p1|Starmie|\n|poke|p1|Ditto|\n|poke|p1|Espeon, M|\n|poke|p1|Mew|\n|poke|p2|Ceruledge, M|\n|poke|p2|Hatterene, F|\n|poke|p2|Dragonite, M|\n|poke|p2|Toxapex, M|\n|poke|p2|Mandibuzz, F|\n|poke|p2|Hippowdon, M|\n|teampreview\n|\n|t:|1699583496\n|start\n|switch|p1a: Mew|Mew|100\/100\n|switch|p2a: Ceruledge|Ceruledge, M|100\/100\n|turn|1\n|\n|t:|1699583503\n|move|p1a: Mew|Cosmic Power|p1a: Mew\n|-boost|p1a: Mew|def|1\n|-boost|p1a: Mew|spd|1\n|move|p2a: Ceruledge|Swords Dance|p2a: Ceruledge\n|-boost|p2a: Ceruledge|atk|2\n|\n|upkeep\n|turn|2\n|\n|t:|1699583511\n|move|p1a: Mew|Cosmic Power|p1a: Mew\n|-boost|p1a: Mew|def|1\n|-boost|p1a: Mew|spd|1\n|move|p2a: Ceruledge|Swords Dance|p2a: Ceruledge\n|-boost|p2a: Ceruledge|atk|2\n|\n|upkeep\n|turn|3\n|\n|t:|1699583520\n|move|p1a: Mew|Agility|p1a: Mew\n|-boost|p1a: Mew|spe|2\n|move|p2a: Ceruledge|Swords Dance|p2a: Ceruledge\n|-boost|p2a: Ceruledge|atk|2\n|\n|upkeep\n|turn|4\n|\n|t:|1699583530\n|move|p1a: Mew|Cosmic Power|p1a: Mew\n|-boost|p1a: Mew|def|1\n|-boost|p1a: Mew|spd|1\n|move|p2a: Ceruledge|Poltergeist|p1a: Mew\n|-activate|p1a: Mew|move: Poltergeist|Weakness Policy\n|-supereffective|p1a: Mew\n|-damage|p1a: Mew|0 fnt\n|faint|p1a: Mew\n|\n|upkeep\n|\n|t:|1699583540\n|switch|p1a: Ditto|Ditto, shiny|100\/100\n|-transform|p1a: Ditto|p2a: Ceruledge|[from] ability: Imposter\n|turn|5\n|\n|t:|1699583554\n|move|p1a: Ditto|Poltergeist|p2a: Ceruledge\n|-activate|p2a: Ceruledge|move: Poltergeist|Focus Sash\n|-supereffective|p2a: Ceruledge\n|-enditem|p2a: Ceruledge|Focus Sash\n|-damage|p2a: Ceruledge|1\/100\n|-ability|p2a: Ceruledge|Weak Armor|boost\n|-unboost|p2a: Ceruledge|def|1\n|-boost|p2a: Ceruledge|spe|2\n|move|p2a: Ceruledge|Poltergeist|p1a: Ditto\n|-activate|p1a: Ditto|move: Poltergeist|Choice Scarf\n|-supereffective|p1a: Ditto\n|-damage|p1a: Ditto|0 fnt\n|faint|p1a: Ditto\n|\n|upkeep\n|\n|t:|1699583571\n|switch|p1a: Lycanroc|Lycanroc-Dusk, M|100\/100\n|turn|6\n|\n|t:|1699583578\n|-terastallize|p2a: Ceruledge|Flying\n|move|p1a: Lycanroc|Accelerock|p2a: Ceruledge\n|-supereffective|p2a: Ceruledge\n|-damage|p2a: Ceruledge|0 fnt\n|faint|p2a: Ceruledge\n|\n|upkeep\n|\n|t:|1699583588\n|switch|p2a: Toxapex|Toxapex, M, shiny|100\/100\n|turn|7\n|\n|t:|1699583601\n|switch|p1a: Espeon|Espeon, M|100\/100\n|move|p2a: Toxapex|Scald|p1a: Espeon\n|-damage|p1a: Espeon|79\/100\n|\n|upkeep\n|turn|8\n|\n|t:|1699583613\n|switch|p2a: Mandibuzz|Mandibuzz, F|100\/100\n|-terastallize|p1a: Espeon|Psychic\n|move|p1a: Espeon|Psychic|p2a: Mandibuzz\n|-immune|p2a: Mandibuzz\n|\n|upkeep\n|turn|9\n|\n|t:|1699583621\n|move|p1a: Espeon|Protect|p1a: Espeon\n|-singleturn|p1a: Espeon|Protect\n|move|p2a: Mandibuzz|U-turn|p1a: Espeon\n|-activate|p1a: Espeon|move: Protect\n|\n|upkeep\n|turn|10\n|\n|t:|1699583629\n|move|p1a: Espeon|Toxic|p2a: Mandibuzz\n|-status|p2a: Mandibuzz|tox\n|move|p2a: Mandibuzz|Foul Play|p1a: Espeon\n|-supereffective|p1a: Espeon\n|-damage|p1a: Espeon|2\/100\n|-enditem|p1a: Espeon|Weakness Policy\n|-boost|p1a: Espeon|atk|2|[from] item: Weakness Policy\n|-boost|p1a: Espeon|spa|2|[from] item: Weakness Policy\n|\n|-damage|p2a: Mandibuzz|94\/100 tox|[from] psn\n|upkeep\n|turn|11\n|\n|t:|1699583641\n|switch|p2a: Hippowdon|Hippowdon, M|100\/100\n|-weather|Sandstorm|[from] ability: Sand Stream|[of] p2a: Hippowdon\n|move|p1a: Espeon|Protect||[still]\n|-fail|p1a: Espeon\n|\n|-weather|Sandstorm|[upkeep]\n|-damage|p1a: Espeon|0 fnt|[from] Sandstorm\n|faint|p1a: Espeon\n|upkeep\n|\n|t:|1699583664\n|switch|p1a: Starmie|Starmie|100\/100\n|turn|12\n|\n|t:|1699583683\n|switch|p2a: Mandibuzz|Mandibuzz, F|94\/100 tox\n|move|p1a: Starmie|Surf|p2a: Mandibuzz\n|-damage|p2a: Mandibuzz|68\/100 tox\n|\n|-weather|Sandstorm|[upkeep]\n|-damage|p1a: Starmie|94\/100|[from] Sandstorm\n|-heal|p1a: Starmie|100\/100|[from] item: Leftovers\n|-damage|p2a: Mandibuzz|62\/100 tox|[from] psn\n|upkeep\n|turn|13\n|\n|t:|1699583701\n|move|p1a: Starmie|Ice Beam|p2a: Mandibuzz\n|-supereffective|p2a: Mandibuzz\n|-damage|p2a: Mandibuzz|25\/100 tox\n|move|p2a: Mandibuzz|Foul Play|p1a: Starmie\n|-supereffective|p1a: Starmie\n|-damage|p1a: Starmie|46\/100\n|\n|-weather|Sandstorm|[upkeep]\n|-damage|p1a: Starmie|40\/100|[from] Sandstorm\n|-heal|p1a: Starmie|46\/100|[from] item: Leftovers\n|-damage|p2a: Mandibuzz|13\/100 tox|[from] psn\n|upkeep\n|turn|14\n|\n|t:|1699583715\n|move|p1a: Starmie|Ice Beam|p2a: Mandibuzz\n|-supereffective|p2a: Mandibuzz\n|-damage|p2a: Mandibuzz|0 fnt\n|faint|p2a: Mandibuzz\n|\n|-weather|Sandstorm|[upkeep]\n|-damage|p1a: Starmie|40\/100|[from] Sandstorm\n|-heal|p1a: Starmie|46\/100|[from] item: Leftovers\n|upkeep\n|\n|t:|1699583718\n|switch|p2a: Dragonite|Dragonite, M|100\/100\n|turn|15\n|\n|t:|1699583726\n|move|p2a: Dragonite|Extreme Speed|p1a: Starmie\n|-damage|p1a: Starmie|0 fnt\n|faint|p1a: Starmie\n|\n|-weather|none\n|upkeep\n|\n|t:|1699583735\n|switch|p1a: Ampharos|Ampharos, M|100\/100\n|turn|16\n|\n|t:|1699583740\n|switch|p2a: Hatterene|Hatterene, F, shiny|100\/100\n|detailschange|p1a: Ampharos|Ampharos-Mega, M\n|-mega|p1a: Ampharos|Ampharos|Ampharosite\n|-ability|p1a: Ampharos|Mold Breaker\n|move|p1a: Ampharos|Cotton Guard|p1a: Ampharos\n|-boost|p1a: Ampharos|def|3\n|\n|upkeep\n|turn|17\n|\n|t:|1699583764\n|move|p1a: Ampharos|Charge Beam|p2a: Hatterene\n|-damage|p2a: Hatterene|68\/100\n|-boost|p1a: Ampharos|spa|1\n|move|p2a: Hatterene|Mystical Fire|p1a: Ampharos\n|-resisted|p1a: Ampharos\n|-damage|p1a: Ampharos|86\/100\n|-unboost|p1a: Ampharos|spa|1\n|\n|upkeep\n|turn|18\n|\n|t:|1699583776\n|move|p1a: Ampharos|Charge Beam|p2a: Hatterene\n|-damage|p2a: Hatterene|35\/100\n|-boost|p1a: Ampharos|spa|1\n|move|p2a: Hatterene|Mystical Fire|p1a: Ampharos\n|-resisted|p1a: Ampharos\n|-crit|p1a: Ampharos\n|-damage|p1a: Ampharos|62\/100\n|-unboost|p1a: Ampharos|spa|1\n|\n|upkeep\n|turn|19\n|inactive|Battle timer is ON: inactive players will automatically lose when time's up. (requested by TAFALANDOCOMIGO?)\n|\n|t:|1699583786\n|move|p1a: Ampharos|Charge Beam|p2a: Hatterene\n|-damage|p2a: Hatterene|3\/100\n|-boost|p1a: Ampharos|spa|1\n|move|p2a: Hatterene|Mystical Fire|p1a: Ampharos\n|-resisted|p1a: Ampharos\n|-damage|p1a: Ampharos|45\/100\n|-unboost|p1a: Ampharos|spa|1\n|\n|upkeep\n|turn|20\n|\n|t:|1699583805\n|switch|p2a: Hippowdon|Hippowdon, M|100\/100\n|-weather|Sandstorm|[from] ability: Sand Stream|[of] p2a: Hippowdon\n|move|p1a: Ampharos|Charge Beam|p2a: Hippowdon\n|-immune|p2a: Hippowdon\n|\n|-weather|Sandstorm|[upkeep]\n|-damage|p1a: Ampharos|39\/100|[from] Sandstorm\n|upkeep\n|turn|21\n|\n|t:|1699583815\n|move|p2a: Hippowdon|Earthquake|p1a: Ampharos\n|-supereffective|p1a: Ampharos\n|-damage|p1a: Ampharos|15\/100\n|move|p1a: Ampharos|Dragon Pulse|p2a: Hippowdon\n|-damage|p2a: Hippowdon|58\/100\n|\n|-weather|Sandstorm|[upkeep]\n|-damage|p1a: Ampharos|9\/100|[from] Sandstorm\n|-heal|p2a: Hippowdon|64\/100|[from] item: Leftovers\n|upkeep\n|turn|22\n|\n|t:|1699583828\n|move|p2a: Hippowdon|Earthquake|p1a: Ampharos\n|-supereffective|p1a: Ampharos\n|-damage|p1a: Ampharos|0 fnt\n|faint|p1a: Ampharos\n|\n|-weather|Sandstorm|[upkeep]\n|-heal|p2a: Hippowdon|70\/100|[from] item: Leftovers\n|upkeep\n|\n|t:|1699583837\n|switch|p1a: Lycanroc|Lycanroc-Dusk, M|100\/100\n|turn|23\n|\n|t:|1699583850\n|-zpower|p1a: Lycanroc\n|move|p1a: Lycanroc|Splintered Stormshards|p2a: Hippowdon|[zeffect]\n|-resisted|p2a: Hippowdon\n|-damage|p2a: Hippowdon|39\/100\n|move|p2a: Hippowdon|Toxic|p1a: Lycanroc\n|-status|p1a: Lycanroc|tox\n|\n|-weather|Sandstorm|[upkeep]\n|-heal|p2a: Hippowdon|45\/100|[from] item: Leftovers\n|-damage|p1a: Lycanroc|94\/100 tox|[from] psn\n|upkeep\n|turn|24\n|-message|Nimezin forfeited.\n|\n|win|TAFALANDOCOMIGO?\n|raw|Nimezin's rating: 1150 &rarr; <strong>1122<\/strong><br \/>(-28 for losing)\n|raw|TAFALANDOCOMIGO?'s rating: 1104 &rarr; <strong>1132<\/strong><br \/>(+28 for winning)\n|l|\u2606Nimezin\n|c|\u2606TAFALANDOCOMIGO?|gg\n","uploadtime":1699583877,"views":38,"p1id":"nimezin","p2id":"tafalandocomigo","formatid":"gen9nationaldex","rating":1122,"private":0,"password":""}