{"id":"gen9nationaldex-1992417823","p1":"klangerstein","p2":"Tank Tests","format":"[Gen 9] National Dex","log":"|j|\u2606klangerstein\n|j|\u2606Tank Tests\n|t:|1700185189\n|gametype|singles\n|player|p1|klangerstein|wallace|1340\n|player|p2|Tank Tests|2|1385\n|teamsize|p1|6\n|teamsize|p2|6\n|gen|9\n|tier|[Gen 9] National Dex\n|rated|\n|rule|HP Percentage Mod: HP is shown in percentages\n|rule|Endless Battle Clause: Forcing endless battles is banned\n|rule|OHKO Clause: OHKO moves are banned\n|rule|Evasion Clause: Evasion abilities, items, and moves are banned\n|rule|Evasion Abilities Clause: Evasion abilities are banned\n|rule|Evasion Items Clause: Evasion items are banned\n|rule|Evasion Moves Clause: Evasion moves are banned\n|rule|Species Clause: Limit one of each Pok\u00e9mon\n|rule|Sleep Clause Mod: Limit one foe put to sleep\n|clearpoke\n|poke|p1|Slurpuff, F|\n|poke|p1|Galvantula, F|\n|poke|p1|Iron Valiant|\n|poke|p1|Ogerpon-Cornerstone, F|\n|poke|p1|Skeledirge, F|\n|poke|p1|Goodra-Hisui, M|\n|poke|p2|Pawmot, M|\n|poke|p2|Rabsca, F|\n|poke|p2|Banette, F|\n|poke|p2|Victini|\n|poke|p2|Dragonite, F|\n|poke|p2|Forretress, F|\n|teampreview\n|inactive|Battle timer is ON: inactive players will automatically lose when time's up. (requested by klangerstein)\n|\n|t:|1700185193\n|start\n|switch|p1a: Galvantula|Galvantula, F|100\/100\n|switch|p2a: Banette|Banette, F|100\/100\n|turn|1\n|\n|t:|1700185196\n|detailschange|p2a: Banette|Banette-Mega, F\n|-mega|p2a: Banette|Banette|Banettite\n|move|p2a: Banette|Taunt|p1a: Galvantula\n|-start|p1a: Galvantula|move: Taunt\n|move|p1a: Galvantula|Bug Buzz|p2a: Banette\n|-resisted|p2a: Banette\n|-crit|p2a: Banette\n|-damage|p2a: Banette|40\/100\n|-unboost|p2a: Banette|spd|1\n|\n|upkeep\n|turn|2\n|\n|t:|1700185201\n|move|p2a: Banette|Destiny Bond|p2a: Banette\n|-singlemove|p2a: Banette|Destiny Bond\n|move|p1a: Galvantula|Thunder|p2a: Banette\n|-damage|p2a: Banette|0 fnt\n|faint|p2a: Banette\n|-activate|p2a: Banette|move: Destiny Bond\n|faint|p1a: Galvantula\n|\n|upkeep\n|\n|t:|1700185208\n|switch|p1a: Slurpuff|Slurpuff, F|100\/100\n|switch|p2a: Rabsca|Rabsca, F|100\/100\n|turn|3\n|\n|t:|1700185213\n|move|p1a: Slurpuff|Belly Drum|p1a: Slurpuff\n|-damage|p1a: Slurpuff|50\/100\n|-setboost|p1a: Slurpuff|atk|6|[from] move: Belly Drum\n|-enditem|p1a: Slurpuff|Sitrus Berry|[eat]\n|-heal|p1a: Slurpuff|75\/100|[from] item: Sitrus Berry\n|move|p2a: Rabsca|Revival Blessing|p2a: Rabsca\n|-enditem|p2a: Rabsca|Leppa Berry|[eat]\n|-activate|p2a: Rabsca|item: Leppa Berry|Revival Blessing|[consumed]\n|\n|t:|1700185222\n|-heal|p2: Banette|50\/100|[from] move: Revival Blessing\n|\n|upkeep\n|turn|4\n|\n|t:|1700185228\n|switch|p2a: Forretress|Forretress, F|100\/100\n|move|p1a: Slurpuff|Play Rough|p2a: Forretress\n|-resisted|p2a: Forretress\n|-damage|p2a: Forretress|53\/100\n|\n|upkeep\n|turn|5\n|\n|t:|1700185233\n|move|p1a: Slurpuff|Drain Punch|p2a: Forretress\n|-damage|p2a: Forretress|0 fnt\n|-heal|p1a: Slurpuff|100\/100|[from] drain|[of] p2a: Forretress\n|faint|p2a: Forretress\n|\n|upkeep\n|\n|t:|1700185237\n|switch|p2a: Banette|Banette-Mega, F|50\/100\n|turn|6\n|\n|t:|1700185246\n|move|p2a: Banette|Destiny Bond|p2a: Banette\n|-singlemove|p2a: Banette|Destiny Bond\n|move|p1a: Slurpuff|Play Rough|p2a: Banette|[miss]\n|-miss|p1a: Slurpuff|p2a: Banette\n|\n|upkeep\n|turn|7\n|\n|t:|1700185251\n|move|p2a: Banette|Encore|p1a: Slurpuff\n|-start|p1a: Slurpuff|Encore\n|move|p1a: Slurpuff|Play Rough|p2a: Banette\n|-damage|p2a: Banette|0 fnt\n|faint|p2a: Banette\n|\n|upkeep\n|\n|t:|1700185268\n|switch|p2a: Rabsca|Rabsca, F|100\/100\n|turn|8\n|\n|t:|1700185271\n|move|p1a: Slurpuff|Play Rough|p2a: Rabsca\n|-damage|p2a: Rabsca|0 fnt\n|faint|p2a: Rabsca\n|\n|upkeep\n|-message|Tank Tests forfeited.\n|\n|win|klangerstein\n|raw|klangerstein's rating: 1340 &rarr; <strong>1363<\/strong><br \/>(+23 for winning)\n|raw|Tank Tests's rating: 1385 &rarr; <strong>1362<\/strong><br \/>(-23 for losing)\n|l|\u2606Tank Tests\n","uploadtime":1700185280,"views":10,"p1id":"klangerstein","p2id":"tanktests","formatid":"gen9nationaldex","rating":1362,"private":0,"password":""}