{"id":"gen9nationaldex-1993662412","p1":"bgileguy","p2":"Akihiro Nira","format":"[Gen 9] National Dex","log":"|j|\u2606bgileguy\n|j|\u2606Akihiro Nira\n|t:|1700342888\n|gametype|singles\n|player|p1|bgileguy|koga|1275\n|player|p2|Akihiro Nira|cynthia-gen7|1342\n|teamsize|p1|6\n|teamsize|p2|6\n|gen|9\n|tier|[Gen 9] National Dex\n|rated|\n|rule|HP Percentage Mod: HP is shown in percentages\n|rule|Endless Battle Clause: Forcing endless battles is banned\n|rule|OHKO Clause: OHKO moves are banned\n|rule|Evasion Clause: Evasion abilities, items, and moves are banned\n|rule|Evasion Abilities Clause: Evasion abilities are banned\n|rule|Evasion Items Clause: Evasion items are banned\n|rule|Evasion Moves Clause: Evasion moves are banned\n|rule|Species Clause: Limit one of each Pok\u00e9mon\n|rule|Sleep Clause Mod: Limit one foe put to sleep\n|clearpoke\n|poke|p1|Raticate, M|\n|poke|p1|Blastoise, M|\n|poke|p1|Torkoal, M|\n|poke|p1|Torterra, M|\n|poke|p1|Diancie|\n|poke|p1|Drednaw, M|\n|poke|p2|Toxicroak, M|\n|poke|p2|Pelipper, M|\n|poke|p2|Dragonite, F|\n|poke|p2|Basculegion, M|\n|poke|p2|Scizor, M|\n|poke|p2|Clefable, M|\n|teampreview\n|c|\u2606Akihiro Nira|Hello.\n|c|\u2606bgileguy|hey there mate\n|c|\u2606Akihiro Nira|Sun with Blastoise and Drednaw?\n|c|\u2606Akihiro Nira|I kinda scared\n|c|\u2606bgileguy|lol\n|c|\u2606bgileguy|you'll see\n|c|\u2606bgileguy|nlhf mate\n|c|\u2606Akihiro Nira|U2\n|\n|t:|1700342942\n|start\n|switch|p1a: Leonardo|Drednaw, M|100\/100\n|switch|p2a: Scizor|Scizor, M|100\/100\n|turn|1\n|\n|t:|1700342950\n|switch|p1a: Raphael|Torkoal, M|100\/100\n|-zpower|p2a: Scizor\n|move|p2a: Scizor|All-Out Pummeling|p1a: Raphael|[zeffect]\n|-damage|p1a: Raphael|42\/100\n|\n|upkeep\n|turn|2\n|c|\u2606Akihiro Nira|Oh I see\n|\n|t:|1700342961\n|move|p2a: Scizor|U-turn|p1a: Raphael\n|-resisted|p1a: Raphael\n|-damage|p1a: Raphael|28\/100\n|\n|t:|1700342963\n|switch|p2a: Pelipper|Pelipper, M|100\/100|[from] U-turn\n|-weather|RainDance|[from] ability: Drizzle|[of] p2a: Pelipper\n|move|p1a: Raphael|Stealth Rock|p2a: Pelipper\n|-sidestart|p2: Akihiro Nira|move: Stealth Rock\n|\n|-weather|RainDance|[upkeep]\n|upkeep\n|turn|3\n|\n|t:|1700342979\n|move|p2a: Pelipper|Defog|p1a: Raphael\n|-fail|p1a: Raphael|unboost|[from] ability: White Smoke|[of] p1a: Raphael\n|-sideend|p2: Akihiro Nira|Stealth Rock|[from] move: Defog|[of] p2a: Pelipper\n|move|p1a: Raphael|Iron Defense|p1a: Raphael\n|-boost|p1a: Raphael|def|2\n|\n|-weather|RainDance|[upkeep]\n|upkeep\n|turn|4\n|\n|t:|1700342987\n|move|p2a: Pelipper|Scald|p1a: Raphael\n|-supereffective|p1a: Raphael\n|-damage|p1a: Raphael|0 fnt\n|faint|p1a: Raphael\n|\n|-weather|RainDance|[upkeep]\n|upkeep\n|c|\u2606Akihiro Nira|Yeah, White Smoke\n|\n|t:|1700343002\n|switch|p1a: Master Splinter|Raticate, M|100\/100\n|turn|5\n|\n|t:|1700343005\n|move|p1a: Master Splinter|Swords Dance|p1a: Master Splinter\n|-boost|p1a: Master Splinter|atk|2\n|move|p2a: Pelipper|U-turn|p1a: Master Splinter\n|-damage|p1a: Master Splinter|83\/100\n|c|\u2606bgileguy|now\n|\n|t:|1700343012\n|switch|p2a: Basculegion|Basculegion, M|100\/100|[from] U-turn\n|\n|-weather|RainDance|[upkeep]\n|-status|p1a: Master Splinter|brn|[from] item: Flame Orb\n|upkeep\n|turn|6\n|c|\u2606bgileguy|you should be afraid mate\n|c|\u2606bgileguy|lol\n|c|\u2606Akihiro Nira|U sure about that?\n|\n|t:|1700343028\n|-terastallize|p2a: Basculegion|Water\n|-terastallize|p1a: Master Splinter|Dark\n|move|p1a: Master Splinter|Sucker Punch|p2a: Basculegion\n|-damage|p2a: Basculegion|7\/100\n|move|p2a: Basculegion|Wave Crash|p1a: Master Splinter\n|-damage|p1a: Master Splinter|0 fnt\n|faint|p1a: Master Splinter\n|-damage|p2a: Basculegion|0 fnt|[from] Recoil\n|faint|p2a: Basculegion\n|\n|-weather|RainDance|[upkeep]\n|upkeep\n|c|\u2606bgileguy|lol yes\n|c|\u2606Akihiro Nira|Now what?\n|c|\u2606bgileguy|I'm thinking lol\n|c|\u2606Akihiro Nira|XD\n|\n|t:|1700343089\n|switch|p1a: Michelangelo|Torterra, M|100\/100\n|switch|p2a: Toxicroak|Toxicroak, M|100\/100\n|turn|7\n|c|\u2606Akihiro Nira|oh\n|\n|t:|1700343112\n|move|p2a: Toxicroak|Substitute|p2a: Toxicroak\n|-start|p2a: Toxicroak|Substitute\n|-damage|p2a: Toxicroak|76\/100\n|move|p1a: Michelangelo|Headlong Rush|p2a: Toxicroak\n|-supereffective|p2a: Toxicroak\n|-end|p2a: Toxicroak|Substitute\n|-unboost|p1a: Michelangelo|def|1\n|-unboost|p1a: Michelangelo|spd|1\n|-enditem|p1a: Michelangelo|White Herb\n|-clearnegativeboost|p1a: Michelangelo|[silent]\n|\n|-weather|RainDance|[upkeep]\n|-heal|p2a: Toxicroak|88\/100|[from] ability: Dry Skin\n|upkeep\n|turn|8\n|c|\u2606Akihiro Nira|TMNT!\n|c|\u2606bgileguy|lol\n|\n|t:|1700343134\n|move|p2a: Toxicroak|Substitute|p2a: Toxicroak\n|-start|p2a: Toxicroak|Substitute\n|-damage|p2a: Toxicroak|63\/100\n|move|p1a: Michelangelo|Headlong Rush|p2a: Toxicroak\n|-supereffective|p2a: Toxicroak\n|-end|p2a: Toxicroak|Substitute\n|-unboost|p1a: Michelangelo|def|1\n|-unboost|p1a: Michelangelo|spd|1\n|\n|-weather|RainDance|[upkeep]\n|-heal|p2a: Toxicroak|76\/100|[from] ability: Dry Skin\n|upkeep\n|turn|9\n|\n|t:|1700343144\n|move|p2a: Toxicroak|Substitute|p2a: Toxicroak\n|-start|p2a: Toxicroak|Substitute\n|-damage|p2a: Toxicroak|51\/100\n|move|p1a: Michelangelo|Headlong Rush|p2a: Toxicroak\n|-supereffective|p2a: Toxicroak\n|-end|p2a: Toxicroak|Substitute\n|-unboost|p1a: Michelangelo|def|1\n|-unboost|p1a: Michelangelo|spd|1\n|\n|-weather|none\n|upkeep\n|turn|10\n|\n|t:|1700343152\n|move|p2a: Toxicroak|Poison Jab|p1a: Michelangelo\n|-damage|p1a: Michelangelo|15\/100\n|-damage|p2a: Toxicroak|41\/100|[from] item: Life Orb\n|move|p1a: Michelangelo|Shell Smash|p1a: Michelangelo\n|-unboost|p1a: Michelangelo|def|1\n|-unboost|p1a: Michelangelo|spd|1\n|-boost|p1a: Michelangelo|atk|2\n|-boost|p1a: Michelangelo|spa|2\n|-boost|p1a: Michelangelo|spe|2\n|\n|upkeep\n|turn|11\n|\n|t:|1700343161\n|switch|p2a: Pelipper|Pelipper, M|100\/100\n|-weather|RainDance|[from] ability: Drizzle|[of] p2a: Pelipper\n|move|p1a: Michelangelo|Headlong Rush|p2a: Pelipper\n|-immune|p2a: Pelipper\n|\n|-weather|RainDance|[upkeep]\n|upkeep\n|turn|12\n|c|\u2606Akihiro Nira|no\n|\n|t:|1700343168\n|move|p1a: Michelangelo|Stone Edge|p2a: Pelipper\n|-supereffective|p2a: Pelipper\n|-damage|p2a: Pelipper|0 fnt\n|faint|p2a: Pelipper\n|\n|-weather|RainDance|[upkeep]\n|upkeep\n|c|\u2606Akihiro Nira|Yes, I guess\n|c|\u2606bgileguy|yes\n|c|\u2606bgileguy|lol\n|\n|t:|1700343176\n|switch|p2a: Scizor|Scizor, M|100\/100\n|turn|13\n|\n|t:|1700343182\n|switch|p1a: Donatello|Blastoise, M, shiny|100\/100\n|move|p2a: Scizor|Bullet Punch|p1a: Donatello\n|-resisted|p1a: Donatello\n|-damage|p1a: Donatello|81\/100\n|\n|-weather|RainDance|[upkeep]\n|upkeep\n|turn|14\n|\n|t:|1700343189\n|move|p1a: Donatello|Focus Blast|p2a: Scizor\n|-damage|p2a: Scizor|62\/100\n|move|p2a: Scizor|U-turn|p1a: Donatello\n|-damage|p1a: Donatello|34\/100\n|\n|t:|1700343197\n|switch|p2a: Toxicroak|Toxicroak, M|41\/100|[from] U-turn\n|\n|-weather|RainDance|[upkeep]\n|-heal|p2a: Toxicroak|54\/100|[from] ability: Dry Skin\n|upkeep\n|turn|15\n|c|\u2606bgileguy|good guess lol\n|\n|t:|1700343206\n|move|p2a: Toxicroak|Substitute|p2a: Toxicroak\n|-start|p2a: Toxicroak|Substitute\n|-damage|p2a: Toxicroak|29\/100\n|move|p1a: Donatello|Ice Beam|p2a: Toxicroak\n|-crit|p2a: Toxicroak\n|-end|p2a: Toxicroak|Substitute\n|\n|-weather|RainDance|[upkeep]\n|-heal|p2a: Toxicroak|41\/100|[from] ability: Dry Skin\n|upkeep\n|turn|16\n|\n|t:|1700343213\n|move|p2a: Toxicroak|Drain Punch|p1a: Donatello\n|-damage|p1a: Donatello|0 fnt\n|-heal|p2a: Toxicroak|58\/100|[from] drain|[of] p1a: Donatello\n|faint|p1a: Donatello\n|-damage|p2a: Toxicroak|48\/100|[from] item: Life Orb\n|\n|-weather|RainDance|[upkeep]\n|-heal|p2a: Toxicroak|60\/100|[from] ability: Dry Skin\n|upkeep\n|c|\u2606Akihiro Nira|Yeah, not Choiced\n|c|\u2606Akihiro Nira|Nice.\n|\n|t:|1700343243\n|switch|p1a: Michelangelo|Torterra, M|15\/100\n|turn|17\n|\n|t:|1700343251\n|move|p2a: Toxicroak|Drain Punch|p1a: Michelangelo\n|-damage|p1a: Michelangelo|0 fnt\n|-heal|p2a: Toxicroak|69\/100|[from] drain|[of] p1a: Michelangelo\n|faint|p1a: Michelangelo\n|-damage|p2a: Toxicroak|59\/100|[from] item: Life Orb\n|\n|-weather|RainDance|[upkeep]\n|-heal|p2a: Toxicroak|71\/100|[from] ability: Dry Skin\n|upkeep\n|\n|t:|1700343264\n|switch|p1a: April O'Neill|Diancie|100\/100\n|turn|18\n|c|\u2606bgileguy|wp my good mate\n|\n|t:|1700343275\n|detailschange|p1a: April O'Neill|Diancie-Mega\n|-mega|p1a: April O'Neill|Diancie|Diancite\n|move|p1a: April O'Neill|Reflect|p1a: April O'Neill\n|-sidestart|p1: bgileguy|Reflect\n|move|p2a: Toxicroak|Poison Jab|p1a: April O'Neill\n|-damage|p1a: April O'Neill|74\/100\n|-status|p1a: April O'Neill|psn\n|-damage|p2a: Toxicroak|61\/100|[from] item: Life Orb\n|\n|-weather|none\n|-damage|p1a: April O'Neill|62\/100 psn|[from] psn\n|upkeep\n|turn|19\n|c|\u2606Akihiro Nira|Yo what??\n|\n|t:|1700343285\n|move|p1a: April O'Neill|Moonblast|p2a: Toxicroak\n|-damage|p2a: Toxicroak|0 fnt\n|faint|p2a: Toxicroak\n|\n|-damage|p1a: April O'Neill|49\/100 psn|[from] psn\n|upkeep\n|\n|t:|1700343290\n|switch|p2a: Clefable|Clefable, M|100\/100\n|turn|20\n|\n|t:|1700343295\n|move|p1a: April O'Neill|Diamond Storm|p2a: Clefable\n|-damage|p2a: Clefable|43\/100\n|move|p2a: Clefable|Moonblast|p1a: April O'Neill\n|-damage|p1a: April O'Neill|17\/100 psn\n|-unboost|p1a: April O'Neill|spa|1\n|\n|-damage|p1a: April O'Neill|4\/100 psn|[from] psn\n|upkeep\n|turn|21\n|\n|t:|1700343303\n|move|p1a: April O'Neill|Diamond Storm|p2a: Clefable\n|-damage|p2a: Clefable|0 fnt\n|-boost|p1a: April O'Neill|def|2\n|faint|p2a: Clefable\n|\n|-damage|p1a: April O'Neill|0 fnt|[from] psn\n|faint|p1a: April O'Neill\n|upkeep\n|c|\u2606bgileguy|hee hee haw haw\n|\n|t:|1700343312\n|switch|p1a: Leonardo|Drednaw, M|100\/100\n|switch|p2a: Scizor|Scizor, M|62\/100\n|turn|22\n|c|\u2606Akihiro Nira|Nah bruh\n|\n|t:|1700343321\n|move|p1a: Leonardo|Shell Smash|p1a: Leonardo\n|-unboost|p1a: Leonardo|def|1\n|-unboost|p1a: Leonardo|spd|1\n|-boost|p1a: Leonardo|atk|2\n|-boost|p1a: Leonardo|spa|2\n|-boost|p1a: Leonardo|spe|2\n|-enditem|p1a: Leonardo|White Herb\n|-clearnegativeboost|p1a: Leonardo|[silent]\n|move|p2a: Scizor|Roost|p2a: Scizor\n|-heal|p2a: Scizor|100\/100\n|-singleturn|p2a: Scizor|move: Roost\n|\n|-sideend|p1: bgileguy|Reflect\n|upkeep\n|turn|23\n|\n|t:|1700343331\n|move|p1a: Leonardo|Liquidation|p2a: Scizor\n|-damage|p2a: Scizor|4\/100\n|move|p2a: Scizor|Close Combat|p1a: Leonardo\n|-supereffective|p1a: Leonardo\n|-damage|p1a: Leonardo|0 fnt\n|-unboost|p2a: Scizor|def|1\n|-unboost|p2a: Scizor|spd|1\n|faint|p1a: Leonardo\n|\n|win|Akihiro Nira\n|raw|bgileguy's rating: 1275 &rarr; <strong>1255<\/strong><br \/>(-20 for losing)\n|raw|Akihiro Nira's rating: 1342 &rarr; <strong>1358<\/strong><br \/>(+16 for winning)\n|c|\u2606Akihiro Nira|Gg.\n|c|\u2606bgileguy|lol\n|c|\u2606bgileguy|wp mate\n|l|\u2606bgileguy\n|c|\u2606Akihiro Nira|Wp\n","uploadtime":1700343349,"views":12,"p1id":"bgileguy","p2id":"akihironira","formatid":"gen9nationaldex","rating":1255,"private":0,"password":""}