{"id":"gen9nationaldex-1998879550","p1":"7t77","p2":"lawrenceyu","format":"[Gen 9] National Dex","log":"|html|<div class=\"broadcast-blue\"><strong>[Gen 9] National Dex is currently suspecting Sneasler! For information on how to participate check out the <a href=\"https:\/\/www.smogon.com\/forums\/threads\/sv-national-dex-suspect-8-just-dance.3731534\/\">suspect thread<\/a>.<\/strong><\/div>\n|j|\u26067t77\n|j|\u2606lawrenceyu\n|t:|1701007642\n|gametype|singles\n|player|p1|7t77|unknown|1568\n|player|p2|lawrenceyu|1|1601\n|teamsize|p1|6\n|teamsize|p2|6\n|gen|9\n|tier|[Gen 9] National Dex\n|rated|\n|rule|HP Percentage Mod: HP is shown in percentages\n|rule|Endless Battle Clause: Forcing endless battles is banned\n|rule|OHKO Clause: OHKO moves are banned\n|rule|Evasion Clause: Evasion abilities, items, and moves are banned\n|rule|Evasion Abilities Clause: Evasion abilities are banned\n|rule|Evasion Items Clause: Evasion items are banned\n|rule|Evasion Moves Clause: Evasion moves are banned\n|rule|Species Clause: Limit one of each Pok\u00e9mon\n|rule|Sleep Clause Mod: Limit one foe put to sleep\n|clearpoke\n|poke|p1|Mawile, M|\n|poke|p1|Marowak-Alola, M|\n|poke|p1|Hatterene, F|\n|poke|p1|Cresselia, F|\n|poke|p1|Porygon2|\n|poke|p1|Ursaluna, M|\n|poke|p2|Toxapex, M|\n|poke|p2|Sirfetch\u2019d, F|\n|poke|p2|Tapu Lele|\n|poke|p2|Ferrothorn, F|\n|poke|p2|Landorus-Therian, M|\n|poke|p2|Diancie|\n|teampreview\n|inactive|Battle timer is ON: inactive players will automatically lose when time's up. (requested by lawrenceyu)\n|\n|t:|1701007671\n|start\n|switch|p1a: Hatterene|Hatterene, F|100\/100\n|switch|p2a: Sirfetch\u2019d|Sirfetch\u2019d, F|100\/100\n|turn|1\n|\n|t:|1701007680\n|move|p2a: Sirfetch\u2019d|Knock Off|p1a: Hatterene\n|-damage|p1a: Hatterene|56\/100\n|-enditem|p1a: Hatterene|Focus Sash|[from] move: Knock Off|[of] p2a: Sirfetch\u2019d\n|move|p1a: Hatterene|Trick Room|p1a: Hatterene\n|-fieldstart|move: Trick Room|[of] p1a: Hatterene\n|\n|upkeep\n|turn|2\n|\n|t:|1701007686\n|switch|p2a: Ferrothorn|Ferrothorn, F|100\/100\n|move|p1a: Hatterene|Misty Explosion|p2a: Ferrothorn\n|-resisted|p2a: Ferrothorn\n|-damage|p2a: Ferrothorn|81\/100\n|faint|p1a: Hatterene\n|\n|-heal|p2a: Ferrothorn|87\/100|[from] item: Leftovers\n|upkeep\n|\n|t:|1701007691\n|switch|p1a: Marowak|Marowak-Alola, M|100\/100\n|turn|3\n|\n|t:|1701007697\n|-terastallize|p1a: Marowak|Ghost\n|move|p2a: Ferrothorn|Protect|p2a: Ferrothorn\n|-singleturn|p2a: Ferrothorn|Protect\n|move|p1a: Marowak|Poltergeist|p2a: Ferrothorn\n|-activate|p2a: Ferrothorn|move: Protect\n|\n|-heal|p2a: Ferrothorn|94\/100|[from] item: Leftovers\n|upkeep\n|turn|4\n|\n|t:|1701007707\n|move|p2a: Ferrothorn|Gyro Ball|p1a: Marowak\n|-damage|p1a: Marowak|85\/100\n|move|p1a: Marowak|Flare Blitz|p2a: Ferrothorn\n|-supereffective|p2a: Ferrothorn\n|-damage|p2a: Ferrothorn|0 fnt\n|-damage|p1a: Marowak|73\/100|[from] ability: Iron Barbs|[of] p2a: Ferrothorn\n|faint|p2a: Ferrothorn\n|\n|upkeep\n|\n|t:|1701007719\n|switch|p2a: Toxapex|Toxapex, M|100\/100\n|turn|5\n|\n|t:|1701007729\n|move|p1a: Marowak|Poltergeist|p2a: Toxapex\n|-activate|p2a: Toxapex|move: Poltergeist|Rocky Helmet\n|-damage|p2a: Toxapex|20\/100\n|move|p2a: Toxapex|Scald|p1a: Marowak\n|-damage|p1a: Marowak|50\/100\n|\n|-fieldend|move: Trick Room\n|upkeep\n|turn|6\n|\n|t:|1701007738\n|switch|p1a: Porygon2|Porygon2|100\/100\n|-ability|p1a: Porygon2|Regenerator|[from] ability: Trace|[of] p2a: Toxapex\n|move|p2a: Toxapex|Scald|p1a: Porygon2\n|-damage|p1a: Porygon2|91\/100\n|\n|upkeep\n|turn|7\n|\n|t:|1701007747\n|move|p2a: Toxapex|Recover|p2a: Toxapex\n|-heal|p2a: Toxapex|70\/100\n|move|p1a: Porygon2|Trick Room|p1a: Porygon2\n|-fieldstart|move: Trick Room|[of] p1a: Porygon2\n|\n|upkeep\n|turn|8\n|\n|t:|1701007752\n|move|p2a: Toxapex|Scald|p1a: Porygon2\n|-damage|p1a: Porygon2|82\/100\n|-status|p1a: Porygon2|brn\n|move|p1a: Porygon2|Teleport|p1a: Porygon2\n|\n|t:|1701007755\n|switch|p1a: Ursaluna|Ursaluna, M|100\/100|[from] Teleport\n|\n|-status|p1a: Ursaluna|brn|[from] item: Flame Orb\n|upkeep\n|turn|9\n|j| Fhow\u2740\n|\n|t:|1701007763\n|move|p2a: Toxapex|Baneful Bunker|p2a: Toxapex\n|-singleturn|p2a: Toxapex|move: Protect\n|move|p1a: Ursaluna|Swords Dance|p1a: Ursaluna\n|-boost|p1a: Ursaluna|atk|2\n|\n|-damage|p1a: Ursaluna|94\/100 brn|[from] brn\n|upkeep\n|turn|10\n|\n|t:|1701007771\n|move|p1a: Ursaluna|Facade|p2a: Toxapex\n|-damage|p2a: Toxapex|0 fnt\n|-damage|p1a: Ursaluna|78\/100 brn|[from] item: Rocky Helmet|[of] p2a: Toxapex\n|faint|p2a: Toxapex\n|\n|-damage|p1a: Ursaluna|72\/100 brn|[from] brn\n|upkeep\n|\n|t:|1701007780\n|switch|p2a: Diancie|Diancie|100\/100\n|turn|11\n|\n|t:|1701007784\n|move|p1a: Ursaluna|Earthquake|p2a: Diancie\n|-supereffective|p2a: Diancie\n|-damage|p2a: Diancie|0 fnt\n|faint|p2a: Diancie\n|\n|-damage|p1a: Ursaluna|66\/100 brn|[from] brn\n|-fieldend|move: Trick Room\n|upkeep\n|\n|t:|1701007790\n|switch|p2a: Sirfetch\u2019d|Sirfetch\u2019d, F|100\/100\n|turn|12\n|\n|t:|1701007795\n|switch|p1a: Cresselia|Cresselia, F|100\/100\n|move|p2a: Sirfetch\u2019d|First Impression|p1a: Cresselia\n|-supereffective|p1a: Cresselia\n|-crit|p1a: Cresselia\n|-damage|p1a: Cresselia|44\/100\n|\n|upkeep\n|turn|13\n|\n|t:|1701007801\n|move|p2a: Sirfetch\u2019d|Knock Off|p1a: Cresselia\n|-supereffective|p1a: Cresselia\n|-enditem|p1a: Cresselia|Colbur Berry|[eat]\n|-enditem|p1a: Cresselia|Colbur Berry|[weaken]\n|-damage|p1a: Cresselia|26\/100\n|move|p1a: Cresselia|Trick Room|p1a: Cresselia\n|-fieldstart|move: Trick Room|[of] p1a: Cresselia\n|\n|upkeep\n|turn|14\n|\n|t:|1701007808\n|move|p2a: Sirfetch\u2019d|Knock Off|p1a: Cresselia\n|-supereffective|p1a: Cresselia\n|-crit|p1a: Cresselia\n|-damage|p1a: Cresselia|0 fnt\n|faint|p1a: Cresselia\n|\n|upkeep\n|\n|t:|1701007813\n|switch|p1a: Marowak|Marowak-Alola, M, tera:Ghost|50\/100\n|turn|15\n|\n|t:|1701007824\n|switch|p2a: Landorus|Landorus-Therian, M|100\/100\n|-ability|p2a: Landorus|Intimidate|boost\n|-unboost|p1a: Marowak|atk|1\n|move|p1a: Marowak|Flare Blitz|p2a: Landorus\n|-damage|p2a: Landorus|23\/100\n|\n|upkeep\n|turn|16\n|\n|t:|1701007831\n|switch|p2a: Tapu Lele|Tapu Lele|100\/100\n|-fieldstart|move: Psychic Terrain|[from] ability: Psychic Surge|[of] p2a: Tapu Lele\n|move|p1a: Marowak|Flare Blitz|p2a: Tapu Lele\n|-damage|p2a: Tapu Lele|3\/100\n|\n|upkeep\n|turn|17\n|\n|t:|1701007839\n|move|p1a: Marowak|Flare Blitz|p2a: Tapu Lele\n|-damage|p2a: Tapu Lele|0 fnt\n|faint|p2a: Tapu Lele\n|\n|-fieldend|move: Trick Room\n|upkeep\n|\n|t:|1701007847\n|switch|p2a: Sirfetch\u2019d|Sirfetch\u2019d, F|100\/100\n|turn|18\n|\n|t:|1701007851\n|switch|p1a: Mawile|Mawile, M|100\/100\n|-ability|p1a: Mawile|Intimidate|boost\n|-fail|p2a: Sirfetch\u2019d|unboost|Attack|[from] ability: Scrappy|[of] p2a: Sirfetch\u2019d\n|move|p2a: Sirfetch\u2019d|Knock Off|p1a: Mawile\n|-resisted|p1a: Mawile\n|-damage|p1a: Mawile|85\/100\n|\n|upkeep\n|turn|19\n|j| one eye ding zhen\n|\n|t:|1701007859\n|detailschange|p1a: Mawile|Mawile-Mega, M\n|-mega|p1a: Mawile|Mawile|Mawilite\n|-terastallize|p2a: Sirfetch\u2019d|Poison\n|move|p2a: Sirfetch\u2019d|Close Combat|p1a: Mawile\n|-crit|p1a: Mawile\n|-damage|p1a: Mawile|0 fnt\n|-unboost|p2a: Sirfetch\u2019d|def|1\n|-unboost|p2a: Sirfetch\u2019d|spd|1\n|faint|p1a: Mawile\n|\n|upkeep\n|\n|t:|1701007866\n|switch|p1a: Porygon2|Porygon2|100\/100 brn\n|-ability|p1a: Porygon2|Scrappy|[from] ability: Trace|[of] p2a: Sirfetch\u2019d\n|turn|20\n|\n|t:|1701007871\n|move|p2a: Sirfetch\u2019d|Close Combat|p1a: Porygon2\n|-supereffective|p1a: Porygon2\n|-crit|p1a: Porygon2\n|-damage|p1a: Porygon2|0 fnt\n|-unboost|p2a: Sirfetch\u2019d|def|1\n|-unboost|p2a: Sirfetch\u2019d|spd|1\n|faint|p1a: Porygon2\n|\n|-fieldend|move: Psychic Terrain\n|upkeep\n|j| Weirdmenace\n|\n|t:|1701007878\n|switch|p1a: Marowak|Marowak-Alola, M, tera:Ghost|50\/100\n|turn|21\n|\n|t:|1701007880\n|move|p2a: Sirfetch\u2019d|Knock Off|p1a: Marowak\n|-supereffective|p1a: Marowak\n|-crit|p1a: Marowak\n|-damage|p1a: Marowak|0 fnt\n|-enditem|p1a: Marowak|Thick Club|[from] move: Knock Off|[of] p2a: Sirfetch\u2019d\n|faint|p1a: Marowak\n|\n|upkeep\n|l| Weirdmenace\n|-message|7t77 forfeited.\n|\n|win|lawrenceyu\n|raw|7t77's rating: 1568 &rarr; <strong>1550<\/strong><br \/>(-18 for losing)\n|raw|lawrenceyu's rating: 1601 &rarr; <strong>1619<\/strong><br \/>(+18 for winning)\n|l|\u26067t77\n","uploadtime":1701007888,"views":1,"p1id":"7t77","p2id":"lawrenceyu","formatid":"gen9nationaldex","rating":1550,"private":0,"password":""}