{"id":"gen9nationaldex-1988195039","p1":"veasters","p2":"xdswl","format":"[Gen 9] National Dex","log":"|j|\u2606veasters\n|j|\u2606xdswl\n|t:|1699683045\n|gametype|singles\n|player|p1|veasters|psychic-gen4|\n|player|p2|xdswl|101|\n|teamsize|p1|6\n|teamsize|p2|6\n|gen|9\n|tier|[Gen 9] National Dex\n|rule|HP Percentage Mod: HP is shown in percentages\n|rule|Endless Battle Clause: Forcing endless battles is banned\n|rule|OHKO Clause: OHKO moves are banned\n|rule|Evasion Clause: Evasion abilities, items, and moves are banned\n|rule|Evasion Abilities Clause: Evasion abilities are banned\n|rule|Evasion Items Clause: Evasion items are banned\n|rule|Evasion Moves Clause: Evasion moves are banned\n|rule|Species Clause: Limit one of each Pok\u00e9mon\n|rule|Sleep Clause Mod: Limit one foe put to sleep\n|clearpoke\n|poke|p1|Slurpuff, M|\n|poke|p1|Landorus-Therian, M|\n|poke|p1|Shuckle, M|\n|poke|p1|Blaziken, M|\n|poke|p1|Diancie|\n|poke|p1|Blacephalon|\n|poke|p2|Ursaluna, F|\n|poke|p2|Zapdos|\n|poke|p2|Scizor, M|\n|poke|p2|Ogerpon-Cornerstone, F|\n|poke|p2|Samurott-Hisui, F|\n|poke|p2|Volcarona, F|\n|teampreview\n|l|\u2606veasters\n|player|p1|\n|inactive|Battle timer is ON: inactive players will automatically lose when time's up. (requested by xdswl)\n|j| flysix\n|c| flysix|\uff01\u80d6\u751c\u59ae\n|j| XYStarshone.\u661f\u8000\n|inactive|veasters has 270 seconds to reconnect!\n|c|\u2606xdswl|\u2026\n|j| zck731\u7360\u7259\u738b\u724c\n|inactive|veasters has 240 seconds to reconnect!\n|c| XYStarshone.\u661f\u8000|\u80d6\u751c\u59ae\u597d\u50cf\u6709\u8179\u9f13\u914d\u7f6e\n|j| 3.14159265359e\n|inactive|veasters has 210 seconds to reconnect!\n|l| zck731\u7360\u7259\u738b\u724c\n|c|\u2606xdswl|\u53ea\u6709\u8179\u9f13\u914d\u7f6e\n|j| zck731\u7360\u7259\u738b\u724c\n|c| XYStarshone.\u661f\u8000|\u975e\u4e5f\n|c| XYStarshone.\u661f\u8000|\u8fd8\u6709\u9996\u53d1\u9ecf\u9ecf\u7f51\n|inactive|veasters has 180 seconds to reconnect!\n|inactive|veasters has 150 seconds to reconnect!\n|inactive|veasters has 120 seconds to reconnect!\n|c| XYStarshone.\u661f\u8000|\u5e26\u5c0f\u4e11\u73a9\u7684\u90fd\u662f\u597d\u4eba\u554a\n|l| zck731\u7360\u7259\u738b\u724c\n|c|\u2606xdswl|\u5bf9\u9762\u8fd9\u662f\u2026\u2026\n|c|\u2606xdswl|\u661f\u8000\u4f60\u6765\u5417\uff08\n|c| XYStarshone.\u661f\u8000|\u6765\u4ec0\u4e48\uff08\uff09\n|inactive|veasters has 90 seconds to reconnect!\n|c|\u2606xdswl|\u8bd5\u961f\n|c| XYStarshone.\u661f\u8000|\u4e0d\u8981\n|c|\u2606xdswl|\u516d\n|c|\u2606xdswl|\u90a3\u6211\u627eflysix\u53bb\uff08\n|c| XYStarshone.\u661f\u8000|\u90a3\u4e2a\u961f\u4f0d\u7ec4\u51fa\u6765\u82b1\u4e86\u6211\u516b\u767e\u5e74\uff08\uff09\n|j|\u2606veasters\n|inactive|veasters reconnected and has 300 seconds left.\n|player|p1|veasters|psychic-gen4\n|l| flysix\n|c|\u2606xdswl|\u9ebb\u75f9\u961f\u6709\u4ec0\u4e48\u7528\uff08\n|c| XYStarshone.\u661f\u8000|\u54e6\u6389\u4e86\u554a\n|c|\u2606xdswl|\ud83d\ude20\n|c|\u2606veasters|hllhll\n|c| XYStarshone.\u661f\u8000|\u4f60\u95ed\u5634\uff01\n|c|\u2606veasters|sorry\n|c| XYStarshone.\u661f\u8000|\u90a3\u4e0d\u662f\u9ebb\u75f9\u961f\uff01\n|\n|t:|1699683331\n|start\n|switch|p1a: Slurpuff|Slurpuff, M, shiny|100\/100\n|switch|p2a: Samurott|Samurott-Hisui, F|100\/100\n|turn|1\n|\n|t:|1699683345\n|move|p2a: Samurott|Razor Shell|p1a: Slurpuff\n|-crit|p1a: Slurpuff\n|-damage|p1a: Slurpuff|0 fnt\n|faint|p1a: Slurpuff\n|-damage|p2a: Samurott|91\/100|[from] item: Life Orb\n|\n|upkeep\n|c|\u2606xdswl|\u5408\u7406\n|j| flysix\n|\n|t:|1699683353\n|switch|p1a: Shuckle|Shuckle, M, shiny|100\/100\n|turn|2\n|\n|t:|1699683361\n|-terastallize|p1a: Shuckle|Flying\n|move|p2a: Samurott|Razor Shell|p1a: Shuckle\n|-damage|p1a: Shuckle|46\/100\n|-boost|p1a: Shuckle|def|1\n|-damage|p2a: Samurott|74\/100|[from] item: Rocky Helmet|[of] p1a: Shuckle\n|-damage|p2a: Samurott|64\/100|[from] item: Life Orb\n|move|p1a: Shuckle|Sticky Web|p2a: Samurott\n|-sidestart|p2: xdswl|move: Sticky Web\n|\n|upkeep\n|turn|3\n|c| flysix|\u574f\u4e86\n|\n|t:|1699683372\n|move|p2a: Samurott|Ceaseless Edge|p1a: Shuckle\n|-damage|p1a: Shuckle|13\/100\n|-damage|p2a: Samurott|48\/100|[from] item: Rocky Helmet|[of] p1a: Shuckle\n|-sidestart|p1: veasters|Spikes\n|-damage|p2a: Samurott|38\/100|[from] item: Life Orb\n|move|p1a: Shuckle|Gyro Ball|p2a: Samurott\n|-resisted|p2a: Samurott\n|-damage|p2a: Samurott|33\/100\n|\n|upkeep\n|turn|4\n|c| XYStarshone.\u661f\u8000|\u5927\u5c06\u9f9f\u529b\u5ea6\u8fd9\u4e48\u9ad8\u5417\n|\n|t:|1699683382\n|move|p2a: Samurott|Ceaseless Edge|p1a: Shuckle\n|-damage|p1a: Shuckle|0 fnt\n|-damage|p2a: Samurott|16\/100|[from] item: Rocky Helmet|[of] p1a: Shuckle\n|-sidestart|p1: veasters|Spikes\n|faint|p1a: Shuckle\n|-damage|p2a: Samurott|6\/100|[from] item: Life Orb\n|\n|upkeep\n|c|\u2606xdswl|\u547d\u7389\uff0c\u5c0f\u5b50\n|\n|t:|1699683393\n|switch|p1a: Blaziken|Blaziken, M|100\/100\n|-damage|p1a: Blaziken|84\/100|[from] Spikes\n|turn|5\n|\n|t:|1699683396\n|move|p1a: Blaziken|Protect|p1a: Blaziken\n|-singleturn|p1a: Blaziken|Protect\n|move|p2a: Samurott|Razor Shell|p1a: Blaziken\n|-activate|p1a: Blaziken|move: Protect\n|\n|-heal|p1a: Blaziken|90\/100|[from] item: Leftovers\n|-ability|p1a: Blaziken|Speed Boost|boost\n|-boost|p1a: Blaziken|spe|1\n|upkeep\n|turn|6\n|c| flysix|5%\u5462\n|\n|t:|1699683407\n|move|p2a: Samurott|Sucker Punch|p1a: Blaziken\n|-resisted|p1a: Blaziken\n|-damage|p1a: Blaziken|58\/100\n|-damage|p2a: Samurott|0 fnt|[from] item: Life Orb\n|faint|p2a: Samurott\n|move|p1a: Blaziken|Poison Jab|p2: Samurott|[notarget]\n|-fail|p1a: Blaziken\n|\n|-heal|p1a: Blaziken|64\/100|[from] item: Leftovers\n|-ability|p1a: Blaziken|Speed Boost|boost\n|-boost|p1a: Blaziken|spe|1\n|upkeep\n|c| XYStarshone.\u661f\u8000|\u6211\u53bb\n|\n|t:|1699683421\n|switch|p2a: Zapdos|Zapdos|100\/100\n|turn|7\n|\n|t:|1699683428\n|move|p1a: Blaziken|Protect|p1a: Blaziken\n|-singleturn|p1a: Blaziken|Protect\n|move|p2a: Zapdos|Hurricane|p1a: Blaziken\n|-activate|p1a: Blaziken|move: Protect\n|\n|-heal|p1a: Blaziken|70\/100|[from] item: Leftovers\n|-ability|p1a: Blaziken|Speed Boost|boost\n|-boost|p1a: Blaziken|spe|1\n|upkeep\n|turn|8\n|c| XYStarshone.\u661f\u8000|\u706b\u7130\u9e21\u771f\u7684\u6709\u683c\u5b50\u5e26poison jab\u5417\n|\n|t:|1699683436\n|move|p1a: Blaziken|Poison Jab|p2a: Zapdos\n|-damage|p2a: Zapdos|79\/100\n|-status|p1a: Blaziken|par|[from] ability: Static|[of] p2a: Zapdos\n|move|p2a: Zapdos|Hurricane|p1a: Blaziken\n|-supereffective|p1a: Blaziken\n|-damage|p1a: Blaziken|0 fnt\n|faint|p1a: Blaziken\n|\n|upkeep\n|c|\u2606xdswl|\u5176\u5b9e\u6ca1\u6709\uff08\n|c| XYStarshone.\u661f\u8000|\u6216\u8005\u8bf4\u6709\u5fc5\u8981\u5417\uff08\uff1f\uff09\n|\n|t:|1699683448\n|switch|p1a: Landorus|Landorus-Therian, M|100\/100\n|-ability|p1a: Landorus|Intimidate|boost\n|-unboost|p2a: Zapdos|atk|1\n|turn|9\n|\n|t:|1699683458\n|switch|p2a: Scizor|Scizor, M|100\/100\n|-activate|p2a: Scizor|move: Sticky Web\n|-unboost|p2a: Scizor|spe|1\n|move|p1a: Landorus|Stone Edge|p2a: Scizor\n|-damage|p2a: Scizor|65\/100\n|\n|upkeep\n|turn|10\n|\n|t:|1699683463\n|detailschange|p2a: Scizor|Scizor-Mega, M\n|-mega|p2a: Scizor|Scizor|Scizorite\n|move|p1a: Landorus|Earthquake|p2a: Scizor\n|-damage|p2a: Scizor|19\/100\n|move|p2a: Scizor|Roost|p2a: Scizor\n|-heal|p2a: Scizor|70\/100\n|-singleturn|p2a: Scizor|move: Roost\n|\n|upkeep\n|turn|11\n|\n|t:|1699683471\n|move|p1a: Landorus|Taunt|p2a: Scizor\n|-start|p2a: Scizor|move: Taunt\n|move|p2a: Scizor|Knock Off|p1a: Landorus\n|-damage|p1a: Landorus|65\/100\n|-damage|p2a: Scizor|53\/100|[from] item: Rocky Helmet|[of] p1a: Landorus\n|-enditem|p1a: Landorus|Rocky Helmet|[from] move: Knock Off|[of] p2a: Scizor\n|\n|upkeep\n|turn|12\n|\n|t:|1699683476\n|move|p1a: Landorus|Earthquake|p2a: Scizor\n|-damage|p2a: Scizor|8\/100\n|move|p2a: Scizor|U-turn|p1a: Landorus\n|-resisted|p1a: Landorus\n|-damage|p1a: Landorus|47\/100\n|c|\u2606xdswl|\u8fd9\u571f\u732b\u4e0d\u5bf9\u52b2\n|\n|t:|1699683489\n|switch|p2a: Ursaluna|Ursaluna, F|100\/100|[from] U-turn\n|-activate|p2a: Ursaluna|move: Sticky Web\n|-unboost|p2a: Ursaluna|spe|1\n|\n|-status|p2a: Ursaluna|brn|[from] item: Flame Orb\n|upkeep\n|turn|13\n|\n|t:|1699683493\n|move|p1a: Landorus|Defog|p2a: Ursaluna\n|-unboost|p2a: Ursaluna|evasion|1\n|-sideend|p2: xdswl|Sticky Web|[from] move: Defog|[of] p1a: Landorus\n|-sideend|p1: veasters|Spikes|[from] move: Defog|[of] p1a: Landorus\n|move|p2a: Ursaluna|Facade|p1a: Landorus\n|-crit|p1a: Landorus\n|-damage|p1a: Landorus|0 fnt\n|faint|p1a: Landorus\n|\n|-damage|p2a: Ursaluna|94\/100 brn|[from] brn\n|upkeep\n|\n|t:|1699683500\n|switch|p1a: Blacephalon|Blacephalon, shiny|100\/100\n|turn|14\n|c| XYStarshone.\u661f\u8000|\u81ea\u5df1\u5f00\u7684\u7f51\u81ea\u5df1\u9664\n|\n|t:|1699683506\n|move|p1a: Blacephalon|Protect|p1a: Blacephalon\n|-singleturn|p1a: Blacephalon|Protect\n|move|p2a: Ursaluna|Headlong Rush|p1a: Blacephalon\n|-activate|p1a: Blacephalon|move: Protect\n|\n|-damage|p2a: Ursaluna|88\/100 brn|[from] brn\n|upkeep\n|turn|15\n|c| XYStarshone.\u661f\u8000|\u6211\u89c9\u5f97\u6740\u4e0d\u6389\n|c| XYStarshone.\u661f\u8000|\u5c0f\u4e11\u6211\u8fd8\u662f\u77e5\u9053\u7684\uff08\uff09\n|c|\u2606xdswl|\u8c22\u8c22defog\n|\n|t:|1699683515\n|move|p1a: Blacephalon|Taunt|p2a: Ursaluna\n|-start|p2a: Ursaluna|move: Taunt\n|move|p2a: Ursaluna|Headlong Rush|p1a: Blacephalon\n|-supereffective|p1a: Blacephalon\n|-damage|p1a: Blacephalon|0 fnt\n|-unboost|p2a: Ursaluna|def|1\n|-unboost|p2a: Ursaluna|spd|1\n|faint|p1a: Blacephalon\n|\n|-damage|p2a: Ursaluna|82\/100 brn|[from] brn\n|upkeep\n|c| XYStarshone.\u661f\u8000|\uff1f\n|c|\u2606xdswl|\uff1f\n|\n|t:|1699683519\n|switch|p1a: Diancie|Diancie|100\/100\n|turn|16\n|c| XYStarshone.\u661f\u8000|\uff1f\n|c| XYStarshone.\u661f\u8000|\u6700\u96be\u770b\u61c2\u7684\u4e00\u96c6\n|\n|t:|1699683530\n|detailschange|p1a: Diancie|Diancie-Mega\n|-mega|p1a: Diancie|Diancie|Diancite\n|move|p1a: Diancie|Moonblast|p2a: Ursaluna\n|-damage|p2a: Ursaluna|2\/100 brn\n|move|p2a: Ursaluna|Headlong Rush|p1a: Diancie\n|-supereffective|p1a: Diancie\n|-damage|p1a: Diancie|0 fnt\n|-unboost|p2a: Ursaluna|def|1\n|-unboost|p2a: Ursaluna|spd|1\n|faint|p1a: Diancie\n|\n|win|xdswl\n","uploadtime":1699683536,"views":7,"p1id":"veasters","p2id":"xdswl","formatid":"gen9nationaldex","rating":0,"private":0,"password":""}