{"id":"gen9nationaldex-1994793479","p1":"RakzoTR","p2":"Bszoouuww","format":"[Gen 9] National Dex","log":"|html|<div class=\"broadcast-blue\"><strong>[Gen 9] National Dex is currently suspecting Sneasler! For information on how to participate check out the <a href=\"https:\/\/www.smogon.com\/forums\/threads\/sv-national-dex-suspect-8-just-dance.3731534\/\">suspect thread<\/a>.<\/strong><\/div>\n|j|\u2606RakzoTR\n|j|\u2606Bszoouuww\n|t:|1700493333\n|gametype|singles\n|player|p1|RakzoTR|gambler|1418\n|player|p2|Bszoouuww|bugcatcher-gen4dp|1323\n|teamsize|p1|6\n|teamsize|p2|6\n|gen|9\n|tier|[Gen 9] National Dex\n|rated|\n|rule|HP Percentage Mod: HP is shown in percentages\n|rule|Endless Battle Clause: Forcing endless battles is banned\n|rule|OHKO Clause: OHKO moves are banned\n|rule|Evasion Clause: Evasion abilities, items, and moves are banned\n|rule|Evasion Abilities Clause: Evasion abilities are banned\n|rule|Evasion Items Clause: Evasion items are banned\n|rule|Evasion Moves Clause: Evasion moves are banned\n|rule|Species Clause: Limit one of each Pok\u00e9mon\n|rule|Sleep Clause Mod: Limit one foe put to sleep\n|clearpoke\n|poke|p1|Goodra-Hisui, F|\n|poke|p1|Ogerpon-Wellspring, F|\n|poke|p1|Donphan, M|\n|poke|p1|Zamazenta-*|\n|poke|p1|Cinderace, M|\n|poke|p1|Zapdos|\n|poke|p2|Zeraora|\n|poke|p2|Tapu Koko|\n|poke|p2|Iron Valiant|\n|poke|p2|Iron Hands|\n|poke|p2|Urshifu-*, F|\n|poke|p2|Banette, M|\n|teampreview\n|\n|t:|1700493343\n|start\n|switch|p1a: Zip-Zap-Dos|Zapdos|100\/100\n|switch|p2a: Tapu Koko|Tapu Koko|100\/100\n|-fieldstart|move: Electric Terrain|[from] ability: Electric Surge|[of] p2a: Tapu Koko\n|turn|1\n|\n|t:|1700493350\n|move|p2a: Tapu Koko|Volt Switch|p1a: Zip-Zap-Dos\n|-damage|p1a: Zip-Zap-Dos|38\/100\n|\n|t:|1700493355\n|switch|p2a: Zeraora|Zeraora, shiny|100\/100|[from] Volt Switch\n|-item|p2a: Zeraora|Air Balloon\n|move|p1a: Zip-Zap-Dos|Heat Wave|p2a: Zeraora\n|-damage|p2a: Zeraora|58\/100\n|-enditem|p2a: Zeraora|Air Balloon\n|\n|upkeep\n|turn|2\n|\n|t:|1700493370\n|switch|p1a: WhatTheDogDoing?|Zamazenta|100\/100\n|-ability|p1a: WhatTheDogDoing?|Dauntless Shield|boost\n|-boost|p1a: WhatTheDogDoing?|def|1\n|move|p2a: Zeraora|Fake Out|p1a: WhatTheDogDoing?\n|-damage|p1a: WhatTheDogDoing?|92\/100\n|\n|upkeep\n|turn|3\n|\n|t:|1700493382\n|move|p1a: WhatTheDogDoing?|Close Combat|p2a: Zeraora\n|-damage|p2a: Zeraora|0 fnt\n|-unboost|p1a: WhatTheDogDoing?|def|1\n|-unboost|p1a: WhatTheDogDoing?|spd|1\n|faint|p2a: Zeraora\n|\n|upkeep\n|\n|t:|1700493395\n|switch|p2a: Urshifu|Urshifu-Rapid-Strike, F|100\/100\n|turn|4\n|\n|t:|1700493400\n|switch|p1a: Ogo|Ogerpon-Wellspring, F|100\/100\n|move|p2a: Urshifu|Surging Strikes|p1a: Ogo\n|-immune|p1a: Ogo|[from] ability: Water Absorb\n|\n|upkeep\n|turn|5\n|\n|t:|1700493412\n|switch|p2a: Iron Hands|Iron Hands|100\/100\n|-activate|p2a: Iron Hands|ability: Quark Drive\n|-start|p2a: Iron Hands|quarkdriveatk\n|move|p1a: Ogo|Substitute|p1a: Ogo\n|-start|p1a: Ogo|Substitute\n|-damage|p1a: Ogo|76\/100\n|\n|-fieldend|move: Electric Terrain\n|-end|p2a: Iron Hands|Quark Drive\n|upkeep\n|turn|6\n|\n|t:|1700493420\n|move|p2a: Iron Hands|Fake Out|p1a: Ogo\n|-activate|p1a: Ogo|move: Substitute|[damage]\n|move|p1a: Ogo|Ivy Cudgel|p2a: Iron Hands|[anim] Ivy Cudgel Water\n|-damage|p2a: Iron Hands|64\/100\n|\n|upkeep\n|turn|7\n|\n|t:|1700493428\n|move|p1a: Ogo|Zen Headbutt|p2a: Iron Hands\n|-supereffective|p2a: Iron Hands\n|-damage|p2a: Iron Hands|28\/100\n|move|p2a: Iron Hands|Ice Punch|p1a: Ogo\n|-end|p1a: Ogo|Substitute\n|\n|upkeep\n|turn|8\n|\n|t:|1700493435\n|move|p1a: Ogo|Ivy Cudgel|p2a: Iron Hands|[anim] Ivy Cudgel Water\n|-damage|p2a: Iron Hands|0 fnt\n|faint|p2a: Iron Hands\n|-end|p2a: Iron Hands|Quark Drive|[silent]\n|\n|upkeep\n|\n|t:|1700493438\n|switch|p2a: Tapu Koko|Tapu Koko|100\/100\n|-fieldstart|move: Electric Terrain|[from] ability: Electric Surge|[of] p2a: Tapu Koko\n|turn|9\n|\n|t:|1700493447\n|switch|p1a: Rhaenyra|Goodra-Hisui, F|100\/100\n|move|p2a: Tapu Koko|Volt Switch|p1a: Rhaenyra\n|-resisted|p1a: Rhaenyra\n|-damage|p1a: Rhaenyra|85\/100\n|\n|t:|1700493457\n|switch|p2a: Urshifu|Urshifu-Rapid-Strike, F|100\/100|[from] Volt Switch\n|\n|upkeep\n|turn|10\n|\n|t:|1700493463\n|-terastallize|p1a: Rhaenyra|Fairy\n|move|p2a: Urshifu|Ice Spinner|p1a: Rhaenyra\n|-damage|p1a: Rhaenyra|54\/100\n|-fieldend|move: Electric Terrain\n|move|p1a: Rhaenyra|Draco Meteor|p2a: Urshifu\n|-damage|p2a: Urshifu|0 fnt\n|-unboost|p1a: Rhaenyra|spa|2\n|faint|p2a: Urshifu\n|\n|upkeep\n|\n|t:|1700493473\n|switch|p2a: Tapu Koko|Tapu Koko|100\/100\n|-fieldstart|move: Electric Terrain|[from] ability: Electric Surge|[of] p2a: Tapu Koko\n|turn|11\n|\n|t:|1700493480\n|move|p2a: Tapu Koko|Dazzling Gleam|p1a: Rhaenyra\n|-damage|p1a: Rhaenyra|30\/100\n|move|p1a: Rhaenyra|Earthquake|p2a: Tapu Koko\n|-supereffective|p2a: Tapu Koko\n|-damage|p2a: Tapu Koko|31\/100\n|\n|upkeep\n|turn|12\n|-message|Bszoouuww forfeited.\n|\n|win|RakzoTR\n|raw|RakzoTR's rating: 1418 &rarr; <strong>1433<\/strong><br \/>(+15 for winning)\n|raw|Bszoouuww's rating: 1323 &rarr; <strong>1308<\/strong><br \/>(-15 for losing)\n|l|\u2606Bszoouuww\n","uploadtime":1700493497,"views":1,"p1id":"rakzotr","p2id":"bszoouuww","formatid":"gen9nationaldex","rating":1308,"private":0,"password":""}