{"id":"gen9nationaldex-1998895009","p1":"sarahstevens2004","p2":"Chaoss150","format":"[Gen 9] National Dex","log":"|html|<div class=\"broadcast-blue\"><strong>[Gen 9] National Dex is currently suspecting Sneasler! For information on how to participate check out the <a href=\"https:\/\/www.smogon.com\/forums\/threads\/sv-national-dex-suspect-8-just-dance.3731534\/\">suspect thread<\/a>.<\/strong><\/div>\n|j|\u2606sarahstevens2004\n|j|\u2606Chaoss150\n|t:|1701009887\n|gametype|singles\n|player|p1|sarahstevens2004|falkner|\n|player|p2|Chaoss150|hugh|\n|teamsize|p1|6\n|teamsize|p2|6\n|gen|9\n|tier|[Gen 9] National Dex\n|rule|HP Percentage Mod: HP is shown in percentages\n|rule|Endless Battle Clause: Forcing endless battles is banned\n|rule|OHKO Clause: OHKO moves are banned\n|rule|Evasion Clause: Evasion abilities, items, and moves are banned\n|rule|Evasion Abilities Clause: Evasion abilities are banned\n|rule|Evasion Items Clause: Evasion items are banned\n|rule|Evasion Moves Clause: Evasion moves are banned\n|rule|Species Clause: Limit one of each Pok\u00e9mon\n|rule|Sleep Clause Mod: Limit one foe put to sleep\n|clearpoke\n|poke|p1|Ribombee, F|\n|poke|p1|Tapu Fini|\n|poke|p1|Zamazenta-*|\n|poke|p1|Sneasler, F|\n|poke|p1|Iron Valiant|\n|poke|p1|Scizor, M|\n|poke|p2|Iron Valiant|\n|poke|p2|Tapu Koko|\n|poke|p2|Clefable, F|\n|poke|p2|Ribombee, F|\n|poke|p2|Mawile, M|\n|poke|p2|Mimikyu, F|\n|teampreview\n|inactive|Battle timer is ON: inactive players will automatically lose when time's up. (requested by Chaoss150)\n|c|\u2606sarahstevens2004|different team?\n|c|\u2606Chaoss150|yeah\n|\n|t:|1701009906\n|start\n|switch|p1a: Ribombee|Ribombee, F, shiny|100\/100\n|switch|p2a: Mawile|Mawile, M|100\/100\n|-ability|p2a: Mawile|Intimidate|boost\n|-unboost|p1a: Ribombee|atk|1\n|turn|1\n|\n|t:|1701009912\n|detailschange|p2a: Mawile|Mawile-Mega, M\n|-mega|p2a: Mawile|Mawile|Mawilite\n|move|p1a: Ribombee|Stun Spore|p2a: Mawile|[miss]\n|-miss|p1a: Ribombee|p2a: Mawile\n|move|p2a: Mawile|Substitute|p2a: Mawile\n|-start|p2a: Mawile|Substitute\n|-damage|p2a: Mawile|76\/100\n|\n|upkeep\n|turn|2\n|c|\u2606sarahstevens2004|alr then :3\n|\n|t:|1701009921\n|move|p1a: Ribombee|Sticky Web|p2a: Mawile\n|-sidestart|p2: Chaoss150|move: Sticky Web\n|move|p2a: Mawile|Iron Head|p1a: Ribombee\n|-supereffective|p1a: Ribombee\n|-enditem|p1a: Ribombee|Focus Sash\n|-damage|p1a: Ribombee|1\/100\n|\n|upkeep\n|turn|3\n|c|\u2606sarahstevens2004|damnit rimbombee\n|\n|t:|1701009943\n|move|p1a: Ribombee|Moonblast|p2a: Mawile\n|-resisted|p2a: Mawile\n|-activate|p2a: Mawile|move: Substitute|[damage]\n|move|p2a: Mawile|Iron Head|p1a: Ribombee\n|-supereffective|p1a: Ribombee\n|-damage|p1a: Ribombee|0 fnt\n|faint|p1a: Ribombee\n|\n|upkeep\n|inactive|sarahstevens2004 has 270 seconds left.\n|\n|t:|1701009967\n|switch|p1a: Iron Valiant|Iron Valiant|100\/100\n|-enditem|p1a: Iron Valiant|Booster Energy\n|-activate|p1a: Iron Valiant|ability: Quark Drive|[fromitem]\n|-start|p1a: Iron Valiant|quarkdrivespe\n|turn|4\n|\n|t:|1701009970\n|move|p1a: Iron Valiant|Thunderbolt|p2a: Mawile\n|-end|p2a: Mawile|Substitute\n|move|p2a: Mawile|Iron Head|p1a: Iron Valiant\n|-supereffective|p1a: Iron Valiant\n|-damage|p1a: Iron Valiant|0 fnt\n|faint|p1a: Iron Valiant\n|-end|p1a: Iron Valiant|Quark Drive|[silent]\n|\n|upkeep\n|inactive|sarahstevens2004 has 270 seconds left.\n|\n|t:|1701009997\n|switch|p1a: Zamazenta|Zamazenta|100\/100\n|-ability|p1a: Zamazenta|Dauntless Shield|boost\n|-boost|p1a: Zamazenta|def|1\n|turn|5\n|\n|t:|1701010005\n|move|p1a: Zamazenta|Body Press|p2a: Mawile\n|-crit|p2a: Mawile\n|-damage|p2a: Mawile|0 fnt\n|faint|p2a: Mawile\n|\n|upkeep\n|c|\u2606sarahstevens2004|beaten because of rng D:\n|inactive|Chaoss150 has 270 seconds left.\n|\n|t:|1701010048\n|switch|p2a: Clefable|Clefable, F|100\/100\n|-activate|p2a: Clefable|move: Sticky Web\n|-unboost|p2a: Clefable|spe|1\n|turn|6\n|inactive|sarahstevens2004 has 270 seconds left.\n|\n|t:|1701010063\n|move|p1a: Zamazenta|Iron Head|p2a: Clefable\n|-supereffective|p2a: Clefable\n|-damage|p2a: Clefable|69\/100\n|move|p2a: Clefable|Toxic|p1a: Zamazenta\n|-status|p1a: Zamazenta|tox\n|\n|-heal|p2a: Clefable|75\/100|[from] item: Leftovers\n|-damage|p1a: Zamazenta|94\/100 tox|[from] psn\n|upkeep\n|turn|7\n|\n|t:|1701010070\n|move|p1a: Zamazenta|Iron Head|p2a: Clefable\n|-supereffective|p2a: Clefable\n|-damage|p2a: Clefable|44\/100\n|move|p2a: Clefable|Soft-Boiled|p2a: Clefable\n|-heal|p2a: Clefable|94\/100\n|\n|-heal|p1a: Zamazenta|100\/100 tox|[from] item: Leftovers\n|-heal|p2a: Clefable|99\/100|[from] item: Leftovers\n|-damage|p1a: Zamazenta|88\/100 tox|[from] psn\n|upkeep\n|turn|8\n|\n|t:|1701010077\n|switch|p1a: Scizor|Scizor, M|100\/100\n|move|p2a: Clefable|Calm Mind|p2a: Clefable\n|-boost|p2a: Clefable|spa|1\n|-boost|p2a: Clefable|spd|1\n|\n|-heal|p2a: Clefable|100\/100|[from] item: Leftovers\n|upkeep\n|turn|9\n|\n|t:|1701010085\n|switch|p2a: Tapu Koko|Tapu Koko|100\/100\n|-activate|p2a: Tapu Koko|move: Sticky Web\n|-unboost|p2a: Tapu Koko|spe|1\n|-fieldstart|move: Electric Terrain|[from] ability: Electric Surge|[of] p2a: Tapu Koko\n|detailschange|p1a: Scizor|Scizor-Mega, M\n|-mega|p1a: Scizor|Scizor|Scizorite\n|move|p1a: Scizor|Bullet Punch|p2a: Tapu Koko\n|-damage|p2a: Tapu Koko|45\/100\n|\n|upkeep\n|turn|10\n|\n|t:|1701010093\n|move|p1a: Scizor|Bullet Punch|p2a: Tapu Koko\n|-damage|p2a: Tapu Koko|0 fnt\n|faint|p2a: Tapu Koko\n|\n|upkeep\n|inactive|Chaoss150 has 270 seconds left.\n|\n|t:|1701010131\n|switch|p2a: Iron Valiant|Iron Valiant|100\/100\n|-activate|p2a: Iron Valiant|move: Sticky Web\n|-unboost|p2a: Iron Valiant|spe|1\n|-activate|p2a: Iron Valiant|ability: Quark Drive\n|-start|p2a: Iron Valiant|quarkdriveatk\n|turn|11\n|\n|t:|1701010145\n|move|p1a: Scizor|Bullet Punch|p2a: Iron Valiant\n|-supereffective|p2a: Iron Valiant\n|-damage|p2a: Iron Valiant|0 fnt\n|faint|p2a: Iron Valiant\n|-end|p2a: Iron Valiant|Quark Drive|[silent]\n|\n|upkeep\n|c|\u2606Chaoss150|darn gg\n|\n|t:|1701010153\n|switch|p2a: Clefable|Clefable, F|100\/100\n|-activate|p2a: Clefable|move: Sticky Web\n|-unboost|p2a: Clefable|spe|1\n|turn|12\n|c|\u2606sarahstevens2004|does scizor just wipe now?\n|\n|t:|1701010162\n|-terastallize|p2a: Clefable|Fighting\n|move|p1a: Scizor|Swords Dance|p1a: Scizor\n|-boost|p1a: Scizor|atk|2\n|move|p2a: Clefable|Calm Mind|p2a: Clefable\n|-boost|p2a: Clefable|spa|1\n|-boost|p2a: Clefable|spd|1\n|\n|upkeep\n|turn|13\n|c|\u2606Chaoss150|yeah\n|\n|t:|1701010168\n|move|p1a: Scizor|Bullet Punch|p2a: Clefable\n|-crit|p2a: Clefable\n|-damage|p2a: Clefable|60\/100\n|move|p2a: Clefable|Calm Mind|p2a: Clefable\n|-boost|p2a: Clefable|spa|1\n|-boost|p2a: Clefable|spd|1\n|\n|-heal|p2a: Clefable|66\/100|[from] item: Leftovers\n|upkeep\n|turn|14\n|\n|t:|1701010186\n|switch|p1a: Zamazenta|Zamazenta|88\/100 tox\n|move|p2a: Clefable|Soft-Boiled|p2a: Clefable\n|-heal|p2a: Clefable|100\/100\n|\n|-heal|p1a: Zamazenta|94\/100 tox|[from] item: Leftovers\n|-damage|p1a: Zamazenta|88\/100 tox|[from] psn\n|upkeep\n|turn|15\n|\n|t:|1701010189\n|move|p1a: Zamazenta|Body Press|p2a: Clefable\n|-damage|p2a: Clefable|70\/100\n|move|p2a: Clefable|Calm Mind|p2a: Clefable\n|-boost|p2a: Clefable|spa|1\n|-boost|p2a: Clefable|spd|1\n|\n|-heal|p1a: Zamazenta|94\/100 tox|[from] item: Leftovers\n|-heal|p2a: Clefable|76\/100|[from] item: Leftovers\n|-damage|p1a: Zamazenta|82\/100 tox|[from] psn\n|upkeep\n|turn|16\n|\n|t:|1701010196\n|move|p1a: Zamazenta|Iron Defense|p1a: Zamazenta\n|-boost|p1a: Zamazenta|def|2\n|move|p2a: Clefable|Soft-Boiled|p2a: Clefable\n|-heal|p2a: Clefable|100\/100\n|\n|-heal|p1a: Zamazenta|88\/100 tox|[from] item: Leftovers\n|-damage|p1a: Zamazenta|70\/100 tox|[from] psn\n|-fieldend|move: Electric Terrain\n|upkeep\n|turn|17\n|\n|t:|1701010200\n|move|p1a: Zamazenta|Iron Defense|p1a: Zamazenta\n|-boost|p1a: Zamazenta|def|2\n|move|p2a: Clefable|Calm Mind|p2a: Clefable\n|-boost|p2a: Clefable|spa|1\n|-boost|p2a: Clefable|spd|1\n|\n|-heal|p1a: Zamazenta|76\/100 tox|[from] item: Leftovers\n|-damage|p1a: Zamazenta|51\/100 tox|[from] psn\n|upkeep\n|turn|18\n|\n|t:|1701010203\n|move|p1a: Zamazenta|Body Press|p2a: Clefable\n|-damage|p2a: Clefable|73\/100\n|move|p2a: Clefable|Calm Mind|p2a: Clefable\n|-boost|p2a: Clefable|spa|1\n|-boost|p2a: Clefable|spd|1\n|\n|-heal|p1a: Zamazenta|57\/100 tox|[from] item: Leftovers\n|-heal|p2a: Clefable|79\/100|[from] item: Leftovers\n|-damage|p1a: Zamazenta|27\/100 tox|[from] psn\n|upkeep\n|turn|19\n|\n|t:|1701010208\n|move|p1a: Zamazenta|Body Press|p2a: Clefable\n|-crit|p2a: Clefable\n|-damage|p2a: Clefable|32\/100\n|move|p2a: Clefable|Calm Mind|p2a: Clefable\n|-boost|p2a: Clefable|spa|1\n|-boost|p2a: Clefable|spd|1\n|\n|-heal|p1a: Zamazenta|33\/100 tox|[from] item: Leftovers\n|-heal|p2a: Clefable|38\/100|[from] item: Leftovers\n|-damage|p1a: Zamazenta|0 fnt|[from] psn\n|faint|p1a: Zamazenta\n|upkeep\n|\n|t:|1701010212\n|switch|p1a: Tapu Fini|Tapu Fini, shiny|100\/100\n|-fieldstart|move: Misty Terrain|[from] ability: Misty Surge|[of] p1a: Tapu Fini\n|turn|20\n|\n|t:|1701010216\n|move|p1a: Tapu Fini|Moonblast|p2a: Clefable\n|-supereffective|p2a: Clefable\n|-damage|p2a: Clefable|18\/100\n|move|p2a: Clefable|Soft-Boiled|p2a: Clefable\n|-heal|p2a: Clefable|68\/100\n|\n|-heal|p2a: Clefable|74\/100|[from] item: Leftovers\n|upkeep\n|turn|21\n|\n|t:|1701010220\n|move|p1a: Tapu Fini|Moonblast|p2a: Clefable\n|-supereffective|p2a: Clefable\n|-damage|p2a: Clefable|56\/100\n|move|p2a: Clefable|Soft-Boiled|p2a: Clefable\n|-heal|p2a: Clefable|100\/100\n|\n|upkeep\n|turn|22\n|\n|t:|1701010223\n|move|p1a: Tapu Fini|Moonblast|p2a: Clefable\n|-supereffective|p2a: Clefable\n|-damage|p2a: Clefable|81\/100\n|move|p2a: Clefable|Moonblast|p1a: Tapu Fini\n|-damage|p1a: Tapu Fini|0 fnt\n|faint|p1a: Tapu Fini\n|\n|-heal|p2a: Clefable|87\/100|[from] item: Leftovers\n|upkeep\n|\n|t:|1701010226\n|switch|p1a: Sneasler|Sneasler, F|100\/100\n|-enditem|p1a: Sneasler|Misty Seed\n|-boost|p1a: Sneasler|spd|1|[from] item: Misty Seed\n|turn|23\n|\n|t:|1701010232\n|switch|p2a: Ribombee|Ribombee, F|100\/100\n|-activate|p2a: Ribombee|move: Sticky Web\n|-unboost|p2a: Ribombee|spe|1\n|-terastallize|p1a: Sneasler|Flying\n|move|p1a: Sneasler|Acrobatics|p2a: Ribombee\n|-supereffective|p2a: Ribombee\n|-damage|p2a: Ribombee|0 fnt\n|faint|p2a: Ribombee\n|\n|upkeep\n|\n|t:|1701010233\n|switch|p2a: Mimikyu|Mimikyu, F|100\/100\n|-activate|p2a: Mimikyu|move: Sticky Web\n|-unboost|p2a: Mimikyu|spe|1\n|turn|24\n|\n|t:|1701010239\n|move|p1a: Sneasler|Dire Claw|p2a: Mimikyu\n|-activate|p2a: Mimikyu|ability: Disguise\n|-damage|p2a: Mimikyu|100\/100\n|detailschange|p2a: Mimikyu|Mimikyu-Busted, F\n|-damage|p2a: Mimikyu|88\/100|[from] pokemon: Mimikyu-Busted\n|move|p2a: Mimikyu|Play Rough|p1a: Sneasler\n|-damage|p1a: Sneasler|22\/100\n|-damage|p2a: Mimikyu|78\/100|[from] item: Life Orb\n|\n|-fieldend|Misty Terrain\n|upkeep\n|turn|25\n|\n|t:|1701010247\n|move|p1a: Sneasler|Acrobatics|p2a: Mimikyu\n|-damage|p2a: Mimikyu|0 fnt\n|faint|p2a: Mimikyu\n|\n|upkeep\n|\n|t:|1701010249\n|switch|p2a: Clefable|Clefable, F, tera:Fighting|87\/100\n|-activate|p2a: Clefable|move: Sticky Web\n|-unboost|p2a: Clefable|spe|1\n|turn|26\n|\n|t:|1701010250\n|move|p1a: Sneasler|Acrobatics|p2a: Clefable\n|-supereffective|p2a: Clefable\n|-damage|p2a: Clefable|0 fnt\n|faint|p2a: Clefable\n|\n|win|sarahstevens2004\n|c|\u2606Chaoss150|gg\n|c|\u2606sarahstevens2004|GG\n|c|\u2606sarahstevens2004|i probably won because of taht crit D:\n|c|\u2606Chaoss150|i forgot to give mimikyu shadow sneak\n|c|\u2606sarahstevens2004|ooff\n|c|\u2606sarahstevens2004|i think it wouldnt have mattered\n|c|\u2606Chaoss150|its because of that\n|c|\u2606sarahstevens2004|scizor outspeeds\n|c|\u2606Chaoss150|it would have killed sneasler\n|c|\u2606Chaoss150|clef 1v1s scizor\n|c|\u2606Chaoss150|does it have dual wingbeat?\n","uploadtime":1701010262,"views":2,"p1id":"sarahstevens2004","p2id":"chaoss150","formatid":"gen9nationaldex","rating":0,"private":0,"password":""}