{"id":"gen9nationaldex-1998346042","p1":"Adiadimeter","p2":"liado","format":"[Gen 9] National Dex","log":"|html|<div class=\"broadcast-blue\"><strong>[Gen 9] National Dex is currently suspecting Sneasler! For information on how to participate check out the <a href=\"https:\/\/www.smogon.com\/forums\/threads\/sv-national-dex-suspect-8-just-dance.3731534\/\">suspect thread<\/a>.<\/strong><\/div>\n|j|\u2606Adiadimeter\n|j|\u2606liado\n|t:|1700932019\n|gametype|singles\n|player|p1|Adiadimeter|janitor|1442\n|player|p2|liado|265|1432\n|teamsize|p1|6\n|teamsize|p2|6\n|gen|9\n|tier|[Gen 9] National Dex\n|rated|\n|rule|HP Percentage Mod: HP is shown in percentages\n|rule|Endless Battle Clause: Forcing endless battles is banned\n|rule|OHKO Clause: OHKO moves are banned\n|rule|Evasion Clause: Evasion abilities, items, and moves are banned\n|rule|Evasion Abilities Clause: Evasion abilities are banned\n|rule|Evasion Items Clause: Evasion items are banned\n|rule|Evasion Moves Clause: Evasion moves are banned\n|rule|Species Clause: Limit one of each Pok\u00e9mon\n|rule|Sleep Clause Mod: Limit one foe put to sleep\n|clearpoke\n|poke|p1|Diancie|\n|poke|p1|Garchomp, M|\n|poke|p1|Landorus-Therian, M|\n|poke|p1|Heatran, M|\n|poke|p1|Ferrothorn, M|\n|poke|p1|Aegislash, M|\n|poke|p2|Sharpedo, F|\n|poke|p2|Ditto|\n|poke|p2|Victini|\n|poke|p2|Moltres|\n|poke|p2|Blaziken, F|\n|poke|p2|Dragonite, F|\n|teampreview\n|inactive|Battle timer is ON: inactive players will automatically lose when time's up. (requested by liado)\n|\n|t:|1700932033\n|start\n|switch|p1a: Diancie|Diancie|100\/100\n|switch|p2a: Sharpedo|Sharpedo, F|100\/100\n|turn|1\n|\n|t:|1700932040\n|switch|p1a: Ferrothorn|Ferrothorn, M|100\/100\n|move|p2a: Sharpedo|Protect||[still]\n|-fail|p2a: Sharpedo\n|\n|-ability|p2a: Sharpedo|Speed Boost|boost\n|-boost|p2a: Sharpedo|spe|1\n|upkeep\n|turn|2\n|\n|t:|1700932048\n|switch|p2a: Blaziken|Blaziken, F|100\/100\n|move|p1a: Ferrothorn|Stealth Rock|p2a: Blaziken\n|-sidestart|p2: liado|move: Stealth Rock\n|\n|upkeep\n|turn|3\n|\n|t:|1700932052\n|switch|p1a: Aegislash|Aegislash, M|100\/100\n|move|p2a: Blaziken|Focus Energy|p2a: Blaziken\n|-start|p2a: Blaziken|move: Focus Energy\n|\n|-ability|p2a: Blaziken|Speed Boost|boost\n|-boost|p2a: Blaziken|spe|1\n|upkeep\n|turn|4\n|\n|t:|1700932057\n|move|p2a: Blaziken|Overheat|p1a: Aegislash\n|-supereffective|p1a: Aegislash\n|-crit|p1a: Aegislash\n|-damage|p1a: Aegislash|0 fnt\n|-unboost|p2a: Blaziken|spa|2\n|faint|p1a: Aegislash\n|\n|-ability|p2a: Blaziken|Speed Boost|boost\n|-boost|p2a: Blaziken|spe|1\n|upkeep\n|\n|t:|1700932063\n|switch|p1a: Garchomp|Garchomp, M|100\/100\n|turn|5\n|\n|t:|1700932073\n|move|p2a: Blaziken|Protect|p2a: Blaziken\n|-singleturn|p2a: Blaziken|Protect\n|move|p1a: Garchomp|Scale Shot|p2a: Blaziken\n|-activate|p2a: Blaziken|move: Protect\n|\n|-ability|p2a: Blaziken|Speed Boost|boost\n|-boost|p2a: Blaziken|spe|1\n|upkeep\n|turn|6\n|\n|t:|1700932080\n|move|p2a: Blaziken|Overheat|p1a: Garchomp\n|-resisted|p1a: Garchomp\n|-crit|p1a: Garchomp\n|-damage|p1a: Garchomp|43\/100\n|-unboost|p2a: Blaziken|spa|2\n|move|p1a: Garchomp|Scale Shot|p2a: Blaziken\n|-damage|p2a: Blaziken|79\/100\n|-damage|p2a: Blaziken|58\/100\n|-damage|p2a: Blaziken|36\/100\n|-crit|p2a: Blaziken\n|-damage|p2a: Blaziken|4\/100\n|-hitcount|p2a: Blaziken|4\n|-unboost|p1a: Garchomp|def|1\n|-boost|p1a: Garchomp|spe|1\n|\n|-ability|p2a: Blaziken|Speed Boost|boost\n|-boost|p2a: Blaziken|spe|1\n|upkeep\n|turn|7\n|\n|t:|1700932085\n|switch|p1a: Heatran|Heatran, M|100\/100\n|move|p2a: Blaziken|Overheat|p1a: Heatran\n|-start|p1a: Heatran|ability: Flash Fire\n|\n|-ability|p2a: Blaziken|Speed Boost|boost\n|-boost|p2a: Blaziken|spe|1\n|upkeep\n|turn|8\n|\n|t:|1700932090\n|move|p1a: Heatran|Protect|p1a: Heatran\n|-singleturn|p1a: Heatran|Protect\n|move|p2a: Blaziken|Close Combat|p1a: Heatran\n|-activate|p1a: Heatran|move: Protect\n|\n|-ability|p2a: Blaziken|Speed Boost|boost\n|-boost|p2a: Blaziken|spe|1\n|upkeep\n|turn|9\n|\n|t:|1700932093\n|-end|p1a: Heatran|ability: Flash Fire|[silent]\n|switch|p1a: Garchomp|Garchomp, M|43\/100\n|move|p2a: Blaziken|Overheat|p1a: Garchomp|[miss]\n|-miss|p2a: Blaziken|p1a: Garchomp\n|\n|upkeep\n|turn|10\n|\n|t:|1700932107\n|switch|p1a: Heatran|Heatran, M|100\/100\n|move|p2a: Blaziken|Close Combat|p1a: Heatran\n|-supereffective|p1a: Heatran\n|-crit|p1a: Heatran\n|-damage|p1a: Heatran|0 fnt\n|-unboost|p2a: Blaziken|def|1\n|-unboost|p2a: Blaziken|spd|1\n|faint|p1a: Heatran\n|\n|upkeep\n|-message|Adiadimeter forfeited.\n|\n|win|liado\n|raw|Adiadimeter's rating: 1442 &rarr; <strong>1421<\/strong><br \/>(-21 for losing)\n|raw|liado's rating: 1432 &rarr; <strong>1453<\/strong><br \/>(+21 for winning)\n|l|\u2606Adiadimeter\n","uploadtime":1700932143,"views":0,"p1id":"adiadimeter","p2id":"liado","formatid":"gen9nationaldex","rating":1421,"private":0,"password":""}