{"id":"gen9nationaldex-1989162479","p1":"Red Vs Showdown","p2":"test account dl","format":"[Gen 9] National Dex","log":"|j|\u2606Red Vs Showdown\n|j|\u2606test account dl\n|t:|1699818838\n|gametype|singles\n|player|p1|Red Vs Showdown|red-gen2|1884\n|player|p2|test account dl|acetrainer|1733\n|teamsize|p1|6\n|teamsize|p2|6\n|gen|9\n|tier|[Gen 9] National Dex\n|rated|\n|rule|HP Percentage Mod: HP is shown in percentages\n|rule|Endless Battle Clause: Forcing endless battles is banned\n|rule|OHKO Clause: OHKO moves are banned\n|rule|Evasion Clause: Evasion abilities, items, and moves are banned\n|rule|Evasion Abilities Clause: Evasion abilities are banned\n|rule|Evasion Items Clause: Evasion items are banned\n|rule|Evasion Moves Clause: Evasion moves are banned\n|rule|Species Clause: Limit one of each Pok\u00e9mon\n|rule|Sleep Clause Mod: Limit one foe put to sleep\n|clearpoke\n|poke|p1|Pikachu, F|\n|poke|p1|Charizard, M|\n|poke|p1|Blastoise, M|\n|poke|p1|Venusaur, F|\n|poke|p1|Snorlax, M|\n|poke|p1|Espeon, F|\n|poke|p2|Serperior, F|\n|poke|p2|Arcanine-Hisui, M|\n|poke|p2|Slowking, M|\n|poke|p2|Steelix, M|\n|poke|p2|Corviknight, M|\n|poke|p2|Hawlucha, F|\n|teampreview\n|c|\u2606Red Vs Showdown|...\n|c|\u2606test account dl|hi BITANA\n|\n|t:|1699818860\n|start\n|switch|p1a: Blastoise|Blastoise, M|100\/100\n|switch|p2a: Slowking|Slowking, M|100\/100\n|turn|1\n|\n|t:|1699818867\n|switch|p1a: Snorlax|Snorlax, M|100\/100\n|move|p2a: Slowking|Psyshock|p1a: Snorlax\n|-damage|p1a: Snorlax|62\/100\n|\n|upkeep\n|turn|2\n|\n|t:|1699818873\n|-activate|p2a: Slowking|move: Pursuit\n|move|p1a: Snorlax|Pursuit|p2a: Slowking|[from]Pursuit\n|-supereffective|p2a: Slowking\n|-damage|p2a: Slowking|13\/100\n|switch|p2a: Steelix|Steelix, M|100\/100\n|\n|upkeep\n|turn|3\n|\n|t:|1699818887\n|switch|p1a: Blastoise|Blastoise, M|100\/100\n|detailschange|p2a: Steelix|Steelix-Mega, M\n|-mega|p2a: Steelix|Steelix|Steelixite\n|move|p2a: Steelix|Heavy Slam|p1a: Blastoise\n|-resisted|p1a: Blastoise\n|-damage|p1a: Blastoise|83\/100\n|\n|-heal|p1a: Blastoise|89\/100|[from] item: Leftovers\n|upkeep\n|turn|4\n|\n|t:|1699818893\n|switch|p2a: Slowking|Slowking, M|47\/100\n|move|p1a: Blastoise|Flip Turn|p2a: Slowking\n|-resisted|p2a: Slowking\n|-damage|p2a: Slowking|38\/100\n|\n|t:|1699818896\n|switch|p1a: Snorlax|Snorlax, M|62\/100|[from] Flip Turn\n|\n|upkeep\n|turn|5\n|\n|t:|1699818898\n|-activate|p2a: Slowking|move: Pursuit\n|move|p1a: Snorlax|Pursuit|p2a: Slowking|[from]Pursuit\n|-supereffective|p2a: Slowking\n|-damage|p2a: Slowking|0 fnt\n|faint|p2a: Slowking\n|-hint|A Pokemon can't switch between when it runs out of HP and when it faints\n|\n|upkeep\n|\n|t:|1699818900\n|switch|p2a: Arcanine|Arcanine-Hisui, M|100\/100\n|turn|6\n|\n|t:|1699818904\n|switch|p1a: Blastoise|Blastoise, M|89\/100\n|move|p2a: Arcanine|Head Smash|p1a: Blastoise\n|-damage|p1a: Blastoise|12\/100\n|\n|-heal|p1a: Blastoise|18\/100|[from] item: Leftovers\n|upkeep\n|turn|7\n|\n|t:|1699818907\n|move|p2a: Arcanine|Head Smash|p1a: Blastoise\n|-damage|p1a: Blastoise|0 fnt\n|faint|p1a: Blastoise\n|\n|upkeep\n|\n|t:|1699818910\n|switch|p1a: Charizard|Charizard, M|100\/100\n|turn|8\n|\n|t:|1699818916\n|switch|p2a: Hawlucha|Hawlucha, F|100\/100\n|detailschange|p1a: Charizard|Charizard-Mega-Y, M\n|-mega|p1a: Charizard|Charizard|Charizardite Y\n|-weather|SunnyDay|[from] ability: Drought|[of] p1a: Charizard\n|move|p1a: Charizard|Focus Blast|p2a: Hawlucha\n|-resisted|p2a: Hawlucha\n|-damage|p2a: Hawlucha|61\/100\n|\n|-weather|SunnyDay|[upkeep]\n|upkeep\n|turn|9\n|\n|t:|1699818927\n|switch|p1a: Espeon|Espeon, F|100\/100\n|move|p2a: Hawlucha|Substitute|p2a: Hawlucha\n|-start|p2a: Hawlucha|Substitute\n|-damage|p2a: Hawlucha|36\/100\n|-enditem|p2a: Hawlucha|Sitrus Berry|[eat]\n|-heal|p2a: Hawlucha|61\/100|[from] item: Sitrus Berry\n|\n|-weather|SunnyDay|[upkeep]\n|upkeep\n|turn|10\n|inactive|Battle timer is ON: inactive players will automatically lose when time's up. (requested by test account dl)\n|\n|t:|1699818940\n|move|p2a: Hawlucha|Swords Dance|p2a: Hawlucha\n|-boost|p2a: Hawlucha|atk|2\n|move|p1a: Espeon|Weather Ball|p2a: Hawlucha\n|-end|p2a: Hawlucha|Substitute\n|\n|-weather|SunnyDay|[upkeep]\n|upkeep\n|turn|11\n|\n|t:|1699818952\n|switch|p1a: Snorlax|Snorlax, M|62\/100\n|move|p2a: Hawlucha|Acrobatics|p1a: Snorlax\n|-damage|p1a: Snorlax|0 fnt\n|faint|p1a: Snorlax\n|\n|-weather|SunnyDay|[upkeep]\n|upkeep\n|\n|t:|1699818955\n|switch|p1a: Pikachu|Pikachu, F|100\/100\n|turn|12\n|\n|t:|1699818966\n|-terastallize|p1a: Pikachu|Normal\n|move|p1a: Pikachu|Extreme Speed|p2a: Hawlucha\n|-damage|p2a: Hawlucha|0 fnt\n|faint|p2a: Hawlucha\n|\n|-weather|none\n|upkeep\n|\n|t:|1699818976\n|switch|p2a: Serperior|Serperior, F|100\/100\n|turn|13\n|\n|t:|1699818980\n|switch|p2a: Steelix|Steelix-Mega, M|100\/100\n|switch|p1a: Charizard|Charizard-Mega-Y, M|100\/100\n|-weather|SunnyDay|[from] ability: Drought|[of] p1a: Charizard\n|\n|-weather|SunnyDay|[upkeep]\n|upkeep\n|turn|14\n|\n|t:|1699818986\n|switch|p2a: Arcanine|Arcanine-Hisui, M|100\/100\n|move|p1a: Charizard|Fire Blast|p2a: Arcanine|[miss]\n|-miss|p1a: Charizard|p2a: Arcanine\n|\n|-weather|SunnyDay|[upkeep]\n|upkeep\n|turn|15\n|\n|t:|1699818992\n|-terastallize|p2a: Arcanine|Water\n|move|p1a: Charizard|Focus Blast|p2a: Arcanine\n|-damage|p2a: Arcanine|36\/100\n|move|p2a: Arcanine|Head Smash|p1a: Charizard\n|-supereffective|p1a: Charizard\n|-damage|p1a: Charizard|0 fnt\n|faint|p1a: Charizard\n|\n|-weather|SunnyDay|[upkeep]\n|upkeep\n|\n|t:|1699818995\n|switch|p1a: Venusaur|Venusaur, F|100\/100\n|turn|16\n|\n|t:|1699819002\n|move|p1a: Venusaur|Weather Ball|p2a: Arcanine\n|-resisted|p2a: Arcanine\n|-damage|p2a: Arcanine|10\/100\n|move|p2a: Arcanine|Head Smash|p1a: Venusaur|[miss]\n|-miss|p2a: Arcanine|p1a: Venusaur\n|\n|-weather|SunnyDay|[upkeep]\n|upkeep\n|turn|17\n|\n|t:|1699819010\n|move|p1a: Venusaur|Weather Ball|p2a: Arcanine\n|-resisted|p2a: Arcanine\n|-damage|p2a: Arcanine|0 fnt\n|faint|p2a: Arcanine\n|\n|-weather|none\n|upkeep\n|\n|t:|1699819020\n|switch|p2a: Serperior|Serperior, F|100\/100\n|turn|18\n|\n|t:|1699819023\n|move|p2a: Serperior|Substitute|p2a: Serperior\n|-start|p2a: Serperior|Substitute\n|-damage|p2a: Serperior|75\/100\n|move|p1a: Venusaur|Sludge Bomb|p2a: Serperior\n|-supereffective|p2a: Serperior\n|-end|p2a: Serperior|Substitute\n|\n|-heal|p2a: Serperior|82\/100|[from] item: Leftovers\n|upkeep\n|turn|19\n|\n|t:|1699819025\n|move|p2a: Serperior|Glare|p1a: Venusaur\n|-status|p1a: Venusaur|par\n|move|p1a: Venusaur|Sludge Bomb|p2a: Serperior\n|-supereffective|p2a: Serperior\n|-damage|p2a: Serperior|0 fnt\n|faint|p2a: Serperior\n|\n|upkeep\n|\n|t:|1699819029\n|switch|p2a: Corviknight|Corviknight, M|100\/100\n|-ability|p2a: Corviknight|Pressure\n|turn|20\n|\n|t:|1699819032\n|switch|p1a: Espeon|Espeon, F|100\/100\n|move|p2a: Corviknight|Substitute|p2a: Corviknight\n|-start|p2a: Corviknight|Substitute\n|-damage|p2a: Corviknight|75\/100\n|\n|-heal|p2a: Corviknight|82\/100|[from] item: Leftovers\n|upkeep\n|turn|21\n|\n|t:|1699819039\n|move|p1a: Espeon|Psychic|p2a: Corviknight\n|-resisted|p2a: Corviknight\n|-activate|p2a: Corviknight|move: Substitute|[damage]\n|move|p2a: Corviknight|Brave Bird|p1a: Espeon\n|-damage|p1a: Espeon|28\/100\n|-damage|p2a: Corviknight|65\/100|[from] Recoil\n|\n|-heal|p2a: Corviknight|72\/100|[from] item: Leftovers\n|upkeep\n|turn|22\n|\n|t:|1699819045\n|move|p1a: Espeon|Psychic|p2a: Corviknight\n|-resisted|p2a: Corviknight\n|-end|p2a: Corviknight|Substitute\n|move|p2a: Corviknight|Substitute|p2a: Corviknight\n|-start|p2a: Corviknight|Substitute\n|-damage|p2a: Corviknight|47\/100\n|\n|-heal|p2a: Corviknight|53\/100|[from] item: Leftovers\n|upkeep\n|turn|23\n|\n|t:|1699819047\n|move|p1a: Espeon|Psychic|p2a: Corviknight\n|-resisted|p2a: Corviknight\n|-activate|p2a: Corviknight|move: Substitute|[damage]\n|move|p2a: Corviknight|Bulk Up|p2a: Corviknight\n|-boost|p2a: Corviknight|atk|1\n|-boost|p2a: Corviknight|def|1\n|\n|-heal|p2a: Corviknight|59\/100|[from] item: Leftovers\n|upkeep\n|turn|24\n|\n|t:|1699819049\n|move|p1a: Espeon|Psychic|p2a: Corviknight\n|-resisted|p2a: Corviknight\n|-end|p2a: Corviknight|Substitute\n|move|p2a: Corviknight|Substitute|p2a: Corviknight\n|-start|p2a: Corviknight|Substitute\n|-damage|p2a: Corviknight|34\/100\n|\n|-heal|p2a: Corviknight|40\/100|[from] item: Leftovers\n|upkeep\n|turn|25\n|\n|t:|1699819051\n|move|p1a: Espeon|Psychic|p2a: Corviknight\n|-resisted|p2a: Corviknight\n|-activate|p2a: Corviknight|move: Substitute|[damage]\n|move|p2a: Corviknight|Bulk Up|p2a: Corviknight\n|-boost|p2a: Corviknight|atk|1\n|-boost|p2a: Corviknight|def|1\n|\n|-heal|p2a: Corviknight|47\/100|[from] item: Leftovers\n|upkeep\n|turn|26\n|\n|t:|1699819053\n|move|p1a: Espeon|Psychic|p2a: Corviknight\n|-resisted|p2a: Corviknight\n|-end|p2a: Corviknight|Substitute\n|move|p2a: Corviknight|Substitute|p2a: Corviknight\n|-start|p2a: Corviknight|Substitute\n|-damage|p2a: Corviknight|22\/100\n|\n|-heal|p2a: Corviknight|28\/100|[from] item: Leftovers\n|upkeep\n|turn|27\n|\n|t:|1699819055\n|move|p1a: Espeon|Psychic|p2a: Corviknight\n|-resisted|p2a: Corviknight\n|-activate|p2a: Corviknight|move: Substitute|[damage]\n|move|p2a: Corviknight|Roost|p2a: Corviknight\n|-heal|p2a: Corviknight|78\/100\n|-singleturn|p2a: Corviknight|move: Roost\n|\n|-heal|p2a: Corviknight|84\/100|[from] item: Leftovers\n|upkeep\n|turn|28\n|\n|t:|1699819057\n|move|p1a: Espeon|Psychic|p2a: Corviknight\n|-resisted|p2a: Corviknight\n|-crit|p2a: Corviknight\n|-end|p2a: Corviknight|Substitute\n|move|p2a: Corviknight|Substitute|p2a: Corviknight\n|-start|p2a: Corviknight|Substitute\n|-damage|p2a: Corviknight|59\/100\n|\n|-heal|p2a: Corviknight|65\/100|[from] item: Leftovers\n|upkeep\n|turn|29\n|c|\u2606Red Vs Showdown|..!\n|-message|Red Vs Showdown forfeited.\n|\n|win|test account dl\n|raw|Red Vs Showdown's rating: 1884 &rarr; <strong>1856<\/strong><br \/>(-28 for losing)\n|raw|test account dl's rating: 1733 &rarr; <strong>1761<\/strong><br \/>(+28 for winning)\n|l|\u2606Red Vs Showdown\n|c|\u2606test account dl|\/log test account dl made this room public.\n","uploadtime":1699819087,"views":16,"p1id":"redvsshowdown","p2id":"testaccountdl","formatid":"gen9nationaldex","rating":1761,"private":0,"password":""}