{"id":"gen9nationaldex-1998690537","p1":"PyroGaleZX","p2":"tbor2002","format":"[Gen 9] National Dex","log":"|html|<div class=\"broadcast-blue\"><strong>[Gen 9] National Dex is currently suspecting Sneasler! For information on how to participate check out the <a href=\"https:\/\/www.smogon.com\/forums\/threads\/sv-national-dex-suspect-8-just-dance.3731534\/\">suspect thread<\/a>.<\/strong><\/div>\n|j|\u2606PyroGaleZX\n|j|\u2606tbor2002\n|t:|1700973058\n|gametype|singles\n|player|p1|PyroGaleZX|grusha|\n|player|p2|tbor2002|wattson|\n|teamsize|p1|6\n|teamsize|p2|6\n|gen|9\n|tier|[Gen 9] National Dex\n|rule|HP Percentage Mod: HP is shown in percentages\n|rule|Endless Battle Clause: Forcing endless battles is banned\n|rule|OHKO Clause: OHKO moves are banned\n|rule|Evasion Clause: Evasion abilities, items, and moves are banned\n|rule|Evasion Abilities Clause: Evasion abilities are banned\n|rule|Evasion Items Clause: Evasion items are banned\n|rule|Evasion Moves Clause: Evasion moves are banned\n|rule|Species Clause: Limit one of each Pok\u00e9mon\n|rule|Sleep Clause Mod: Limit one foe put to sleep\n|clearpoke\n|poke|p1|Gyarados, M|\n|poke|p1|Arcanine, M|\n|poke|p1|Spiritomb, M|\n|poke|p1|Luxio, M|\n|poke|p1|Articuno-Galar|\n|poke|p1|Dragonite, M|\n|poke|p2|Zamazenta-*|\n|poke|p2|Goodra-Hisui, M|\n|poke|p2|Jolteon, F|\n|poke|p2|Eelektross, M|\n|poke|p2|Crabominable, M|\n|poke|p2|Mareanie, F|\n|teampreview\n|\n|t:|1700973095\n|start\n|switch|p1a: Mini Gun?|Luxio, M|100\/100\n|switch|p2a: Goodra|Goodra-Hisui, M|100\/100\n|-ability|p1a: Mini Gun?|Intimidate|boost\n|-unboost|p2a: Goodra|atk|1\n|turn|1\n|\n|t:|1700973117\n|move|p2a: Goodra|Flash Cannon|p1a: Mini Gun?\n|-resisted|p1a: Mini Gun?\n|-damage|p1a: Mini Gun?|79\/100\n|move|p1a: Mini Gun?|Thunder Wave|p2a: Goodra\n|-status|p2a: Goodra|par\n|\n|upkeep\n|turn|2\n|\n|t:|1700973129\n|move|p1a: Mini Gun?|Ice Fang|p2a: Goodra\n|-damage|p2a: Goodra|88\/100 par\n|move|p2a: Goodra|Dragon Tail|p1a: Mini Gun?|[miss]\n|-miss|p2a: Goodra|p1a: Mini Gun?\n|\n|-heal|p2a: Goodra|94\/100 par|[from] item: Leftovers\n|upkeep\n|turn|3\n|\n|t:|1700973138\n|move|p2a: Goodra|Draco Meteor|p1a: Mini Gun?\n|-damage|p1a: Mini Gun?|9\/100\n|-unboost|p2a: Goodra|spa|2\n|move|p1a: Mini Gun?|Roar|p2a: Goodra\n|drag|p2a: Eelektross|Eelektross, M|100\/100\n|\n|upkeep\n|turn|4\n|\n|t:|1700973151\n|move|p1a: Mini Gun?|Ice Fang|p2a: Eelektross\n|-damage|p2a: Eelektross|87\/100\n|move|p2a: Eelektross|Giga Drain|p1a: Mini Gun?\n|-damage|p1a: Mini Gun?|0 fnt\n|-heal|p2a: Eelektross|90\/100|[from] drain|[of] p1a: Mini Gun?\n|faint|p1a: Mini Gun?\n|\n|upkeep\n|\n|t:|1700973164\n|switch|p1a: Shameful Gun|Arcanine, M|100\/100\n|-ability|p1a: Shameful Gun|Intimidate|boost\n|-unboost|p2a: Eelektross|atk|1\n|turn|5\n|\n|t:|1700973172\n|move|p1a: Shameful Gun|Flare Blitz|p2a: Eelektross\n|-damage|p2a: Eelektross|30\/100\n|-damage|p1a: Shameful Gun|77\/100|[from] Recoil\n|move|p2a: Eelektross|Discharge|p1a: Shameful Gun\n|-damage|p1a: Shameful Gun|43\/100\n|-status|p1a: Shameful Gun|par\n|\n|upkeep\n|turn|6\n|\n|t:|1700973181\n|move|p1a: Shameful Gun|Flare Blitz|p2a: Eelektross\n|-damage|p2a: Eelektross|0 fnt\n|faint|p2a: Eelektross\n|-damage|p1a: Shameful Gun|31\/100 par|[from] Recoil\n|\n|upkeep\n|\n|t:|1700973188\n|switch|p2a: Mareanie|Mareanie, F|100\/100\n|turn|7\n|\n|t:|1700973195\n|move|p1a: Shameful Gun|Flare Blitz|p2a: Mareanie\n|-resisted|p2a: Mareanie\n|-damage|p2a: Mareanie|73\/100\n|-damage|p1a: Shameful Gun|24\/100 par|[from] Recoil\n|move|p2a: Mareanie|Surf|p1a: Shameful Gun\n|-supereffective|p1a: Shameful Gun\n|-damage|p1a: Shameful Gun|0 fnt\n|faint|p1a: Shameful Gun\n|\n|upkeep\n|\n|t:|1700973221\n|switch|p1a: Water Gun|Gyarados, M|100\/100\n|-ability|p1a: Water Gun|Intimidate|boost\n|-unboost|p2a: Mareanie|atk|1\n|turn|8\n|\n|t:|1700973234\n|move|p1a: Water Gun|Dragon Dance|p1a: Water Gun\n|-boost|p1a: Water Gun|atk|1\n|-boost|p1a: Water Gun|spe|1\n|move|p2a: Mareanie|Sludge Bomb|p1a: Water Gun\n|-damage|p1a: Water Gun|81\/100\n|-status|p1a: Water Gun|psn\n|\n|-damage|p1a: Water Gun|69\/100 psn|[from] psn\n|upkeep\n|turn|9\n|\n|t:|1700973242\n|move|p1a: Water Gun|Dragon Dance|p1a: Water Gun\n|-boost|p1a: Water Gun|atk|1\n|-boost|p1a: Water Gun|spe|1\n|move|p2a: Mareanie|Haze|p2a: Mareanie\n|-clearallboost\n|\n|-damage|p1a: Water Gun|56\/100 psn|[from] psn\n|upkeep\n|turn|10\n|\n|t:|1700973251\n|move|p1a: Water Gun|Taunt|p2a: Mareanie\n|-start|p2a: Mareanie|move: Taunt\n|cant|p2a: Mareanie|move: Taunt|Recover\n|\n|-damage|p1a: Water Gun|44\/100 psn|[from] psn\n|upkeep\n|turn|11\n|\n|t:|1700973258\n|move|p1a: Water Gun|Dragon Dance|p1a: Water Gun\n|-boost|p1a: Water Gun|atk|1\n|-boost|p1a: Water Gun|spe|1\n|move|p2a: Mareanie|Sludge Bomb|p1a: Water Gun\n|-damage|p1a: Water Gun|25\/100 psn\n|\n|-damage|p1a: Water Gun|12\/100 psn|[from] psn\n|upkeep\n|turn|12\n|\n|t:|1700973271\n|switch|p2a: Goodra|Goodra-Hisui, M|94\/100 par\n|move|p1a: Water Gun|Tera Blast|p2a: Goodra\n|-resisted|p2a: Goodra\n|-damage|p2a: Goodra|88\/100 par\n|-damage|p1a: Water Gun|2\/100 psn|[from] item: Life Orb\n|\n|-heal|p2a: Goodra|94\/100 par|[from] item: Leftovers\n|-damage|p1a: Water Gun|0 fnt|[from] psn\n|faint|p1a: Water Gun\n|upkeep\n|\n|t:|1700973283\n|switch|p1a: Not Gun|Spiritomb, M, shiny|100\/100\n|-ability|p1a: Not Gun|Pressure\n|turn|13\n|\n|t:|1700973301\n|switch|p2a: Mareanie|Mareanie, F|100\/100\n|move|p1a: Not Gun|Foul Play|p2a: Mareanie\n|-damage|p2a: Mareanie|83\/100\n|\n|upkeep\n|turn|14\n|\n|t:|1700973322\n|move|p2a: Mareanie|Sludge Bomb|p1a: Not Gun\n|-resisted|p1a: Not Gun\n|-damage|p1a: Not Gun|94\/100\n|move|p1a: Not Gun|Trick Room|p1a: Not Gun\n|-fieldstart|move: Trick Room|[of] p1a: Not Gun\n|\n|upkeep\n|turn|15\n|\n|t:|1700973330\n|move|p1a: Not Gun|Foul Play|p2a: Mareanie\n|-damage|p2a: Mareanie|66\/100\n|move|p2a: Mareanie|Sludge Bomb|p1a: Not Gun\n|-resisted|p1a: Not Gun\n|-damage|p1a: Not Gun|86\/100\n|-status|p1a: Not Gun|psn\n|\n|-damage|p1a: Not Gun|74\/100 psn|[from] psn\n|upkeep\n|turn|16\n|\n|t:|1700973338\n|move|p1a: Not Gun|Foul Play|p2a: Mareanie\n|-damage|p2a: Mareanie|48\/100\n|move|p2a: Mareanie|Recover|p2a: Mareanie\n|-heal|p2a: Mareanie|98\/100\n|\n|-damage|p1a: Not Gun|62\/100 psn|[from] psn\n|upkeep\n|turn|17\n|\n|t:|1700973358\n|move|p1a: Not Gun|Foul Play|p2a: Mareanie\n|-damage|p2a: Mareanie|80\/100\n|move|p2a: Mareanie|Surf|p1a: Not Gun\n|-damage|p1a: Not Gun|47\/100 psn\n|\n|-damage|p1a: Not Gun|35\/100 psn|[from] psn\n|upkeep\n|turn|18\n|\n|t:|1700973367\n|move|p1a: Not Gun|Foul Play|p2a: Mareanie\n|-damage|p2a: Mareanie|62\/100\n|move|p2a: Mareanie|Surf|p1a: Not Gun\n|-damage|p1a: Not Gun|21\/100 psn\n|\n|-damage|p1a: Not Gun|9\/100 psn|[from] psn\n|-fieldend|move: Trick Room\n|upkeep\n|turn|19\n|\n|t:|1700973379\n|move|p2a: Mareanie|Sludge Bomb|p1a: Not Gun\n|-resisted|p1a: Not Gun\n|-damage|p1a: Not Gun|1\/100 psn\n|move|p1a: Not Gun|Destiny Bond|p1a: Not Gun\n|-singlemove|p1a: Not Gun|Destiny Bond\n|\n|-damage|p1a: Not Gun|0 fnt|[from] psn\n|faint|p1a: Not Gun\n|upkeep\n|\n|t:|1700973383\n|switch|p1a: Other Gun|Articuno-Galar|100\/100\n|turn|20\n|\n|t:|1700973427\n|move|p1a: Other Gun|Agility|p1a: Other Gun\n|-boost|p1a: Other Gun|spe|2\n|move|p2a: Mareanie|Sludge Bomb|p1a: Other Gun\n|-damage|p1a: Other Gun|83\/100\n|\n|-heal|p1a: Other Gun|90\/100|[from] item: Leftovers\n|upkeep\n|turn|21\n|\n|t:|1700973434\n|move|p1a: Other Gun|Stored Power|p2a: Mareanie\n|-supereffective|p2a: Mareanie\n|-damage|p2a: Mareanie|3\/100\n|move|p2a: Mareanie|Sludge Bomb|p1a: Other Gun\n|-damage|p1a: Other Gun|74\/100\n|\n|-heal|p1a: Other Gun|80\/100|[from] item: Leftovers\n|upkeep\n|turn|22\n|\n|t:|1700973446\n|move|p1a: Other Gun|Calm Mind|p1a: Other Gun\n|-boost|p1a: Other Gun|spa|1\n|-boost|p1a: Other Gun|spd|1\n|move|p2a: Mareanie|Sludge Bomb|p1a: Other Gun\n|-crit|p1a: Other Gun\n|-damage|p1a: Other Gun|52\/100\n|\n|-heal|p1a: Other Gun|59\/100|[from] item: Leftovers\n|upkeep\n|turn|23\n|\n|t:|1700973453\n|move|p1a: Other Gun|Stored Power|p2a: Mareanie\n|-supereffective|p2a: Mareanie\n|-damage|p2a: Mareanie|0 fnt\n|faint|p2a: Mareanie\n|\n|-heal|p1a: Other Gun|65\/100|[from] item: Leftovers\n|upkeep\n|\n|t:|1700973465\n|switch|p2a: Jolteon|Jolteon, F|100\/100\n|turn|24\n|\n|t:|1700973473\n|move|p1a: Other Gun|Stored Power|p2a: Jolteon\n|-damage|p2a: Jolteon|21\/100\n|move|p2a: Jolteon|Thunderbolt|p1a: Other Gun\n|-supereffective|p1a: Other Gun\n|-damage|p1a: Other Gun|18\/100\n|\n|-heal|p1a: Other Gun|24\/100|[from] item: Leftovers\n|upkeep\n|turn|25\n|\n|t:|1700973491\n|move|p1a: Other Gun|Stored Power|p2a: Jolteon\n|-damage|p2a: Jolteon|0 fnt\n|faint|p2a: Jolteon\n|\n|-heal|p1a: Other Gun|30\/100|[from] item: Leftovers\n|upkeep\n|\n|t:|1700973505\n|switch|p2a: Zamazenta|Zamazenta, shiny|100\/100\n|-ability|p2a: Zamazenta|Dauntless Shield|boost\n|-boost|p2a: Zamazenta|def|1\n|turn|26\n|\n|t:|1700973518\n|-terastallize|p2a: Zamazenta|Steel\n|move|p1a: Other Gun|Stored Power|p2a: Zamazenta\n|-resisted|p2a: Zamazenta\n|-damage|p2a: Zamazenta|78\/100\n|move|p2a: Zamazenta|Crunch|p1a: Other Gun\n|-supereffective|p1a: Other Gun\n|-damage|p1a: Other Gun|0 fnt\n|faint|p1a: Other Gun\n|\n|-heal|p2a: Zamazenta|84\/100|[from] item: Leftovers\n|upkeep\n|\n|t:|1700973521\n|switch|p1a: Gun|Dragonite, M|100\/100\n|turn|27\n|\n|t:|1700973533\n|move|p2a: Zamazenta|Iron Defense|p2a: Zamazenta\n|-boost|p2a: Zamazenta|def|2\n|move|p1a: Gun|Dragon Dance|p1a: Gun\n|-boost|p1a: Gun|atk|1\n|-boost|p1a: Gun|spe|1\n|\n|-heal|p2a: Zamazenta|90\/100|[from] item: Leftovers\n|upkeep\n|turn|28\n|\n|t:|1700973549\n|move|p2a: Zamazenta|Body Press|p1a: Gun\n|-resisted|p1a: Gun\n|-damage|p1a: Gun|78\/100\n|move|p1a: Gun|Dragon Dance|p1a: Gun\n|-boost|p1a: Gun|atk|1\n|-boost|p1a: Gun|spe|1\n|\n|-heal|p2a: Zamazenta|97\/100|[from] item: Leftovers\n|upkeep\n|turn|29\n|\n|t:|1700973558\n|move|p1a: Gun|Earthquake|p2a: Zamazenta\n|-supereffective|p2a: Zamazenta\n|-damage|p2a: Zamazenta|53\/100\n|move|p2a: Zamazenta|Substitute|p2a: Zamazenta\n|-start|p2a: Zamazenta|Substitute\n|-damage|p2a: Zamazenta|28\/100\n|\n|-heal|p2a: Zamazenta|35\/100|[from] item: Leftovers\n|upkeep\n|turn|30\n|\n|t:|1700973569\n|move|p1a: Gun|Earthquake|p2a: Zamazenta\n|-supereffective|p2a: Zamazenta\n|-end|p2a: Zamazenta|Substitute\n|move|p2a: Zamazenta|Crunch|p1a: Gun\n|-damage|p1a: Gun|53\/100\n|\n|-heal|p2a: Zamazenta|41\/100|[from] item: Leftovers\n|upkeep\n|turn|31\n|\n|t:|1700973577\n|move|p1a: Gun|Earthquake|p2a: Zamazenta\n|-supereffective|p2a: Zamazenta\n|-damage|p2a: Zamazenta|0 fnt\n|faint|p2a: Zamazenta\n|\n|upkeep\n|\n|t:|1700973590\n|switch|p2a: Goodra|Goodra-Hisui, M|94\/100 par\n|turn|32\n|\n|t:|1700973595\n|-terastallize|p1a: Gun|Normal\n|move|p1a: Gun|Earthquake|p2a: Goodra\n|-supereffective|p2a: Goodra\n|-damage|p2a: Goodra|0 fnt\n|faint|p2a: Goodra\n|\n|upkeep\n|\n|t:|1700973600\n|switch|p2a: Crabominable|Crabominable, M|100\/100\n|turn|33\n|\n|t:|1700973606\n|move|p1a: Gun|Extreme Speed|p2a: Crabominable\n|-crit|p2a: Crabominable\n|-damage|p2a: Crabominable|0 fnt\n|faint|p2a: Crabominable\n|\n|win|PyroGaleZX\n","uploadtime":1700973613,"views":1,"p1id":"pyrogalezx","p2id":"tbor2002","formatid":"gen9nationaldex","rating":0,"private":0,"password":""}