{"id":"gen9nationaldex-1993018732","p1":"Elite four lai","p2":"KijowDlaPolski","format":"[Gen 9] National Dex","log":"|j|\u2606Elite four lai\n|j|\u2606KijowDlaPolski\n|t:|1700256007\n|gametype|singles\n|player|p1|Elite four lai|lady|\n|player|p2|KijowDlaPolski|thorton|\n|teamsize|p1|6\n|teamsize|p2|6\n|gen|9\n|tier|[Gen 9] National Dex\n|rule|HP Percentage Mod: HP is shown in percentages\n|rule|Endless Battle Clause: Forcing endless battles is banned\n|rule|OHKO Clause: OHKO moves are banned\n|rule|Evasion Clause: Evasion abilities, items, and moves are banned\n|rule|Evasion Abilities Clause: Evasion abilities are banned\n|rule|Evasion Items Clause: Evasion items are banned\n|rule|Evasion Moves Clause: Evasion moves are banned\n|rule|Species Clause: Limit one of each Pok\u00e9mon\n|rule|Sleep Clause Mod: Limit one foe put to sleep\n|clearpoke\n|poke|p1|Dunsparce, F|\n|poke|p1|Rotom-Frost|\n|poke|p1|Salazzle, F|\n|poke|p1|Bronzong|\n|poke|p1|Bruxish, M|\n|poke|p1|Altaria, F|\n|poke|p2|Audino, F|\n|poke|p2|Regidrago|\n|poke|p2|Vaporeon, M|\n|poke|p2|Bellibolt, F|\n|poke|p2|Ariados, M|\n|poke|p2|Cryogonal|\n|teampreview\n|c|\u2606Elite four lai|Rozwal mnie juz\n|\n|t:|1700256041\n|start\n|switch|p1a: Salazzle|Salazzle, F|100\/100\n|switch|p2a: TWQJ5TAR7|Ariados, M, shiny|100\/100\n|turn|1\n|c|\u2606KijowDlaPolski|jebany mnie kontruje\n|\n|t:|1700256054\n|move|p1a: Salazzle|Substitute|p1a: Salazzle\n|-start|p1a: Salazzle|Substitute\n|-damage|p1a: Salazzle|76\/100\n|move|p2a: TWQJ5TAR7|Sticky Web|p1a: Salazzle\n|-sidestart|p1: Elite four lai|move: Sticky Web\n|\n|-heal|p1a: Salazzle|82\/100|[from] item: Black Sludge\n|upkeep\n|turn|2\n|\n|t:|1700256070\n|switch|p2a: SIUUR|Vaporeon, M, shiny|100\/100\n|move|p1a: Salazzle|Flamethrower|p2a: SIUUR\n|-resisted|p2a: SIUUR\n|-damage|p2a: SIUUR|85\/100\n|-status|p2a: SIUUR|brn\n|\n|-heal|p1a: Salazzle|88\/100|[from] item: Black Sludge\n|-damage|p2a: SIUUR|79\/100 brn|[from] brn\n|upkeep\n|turn|3\n|\n|t:|1700256087\n|move|p1a: Salazzle|Venoshock|p2a: SIUUR\n|-damage|p2a: SIUUR|57\/100 brn\n|-zpower|p2a: SIUUR\n|move|p2a: SIUUR|Z-Rain Dance|p2a: SIUUR|[anim]Rain Dance\n|-boost|p2a: SIUUR|spe|1|[zeffect]\n|-weather|RainDance\n|\n|-weather|RainDance|[upkeep]\n|-heal|p1a: Salazzle|94\/100|[from] item: Black Sludge\n|-activate|p2a: SIUUR|ability: Hydration\n|-curestatus|p2a: SIUUR|brn|[msg]\n|upkeep\n|turn|4\n|\n|t:|1700256100\n|move|p1a: Salazzle|Venoshock|p2a: SIUUR\n|-damage|p2a: SIUUR|34\/100\n|move|p2a: SIUUR|Calm Mind|p2a: SIUUR\n|-boost|p2a: SIUUR|spa|1\n|-boost|p2a: SIUUR|spd|1\n|\n|-weather|RainDance|[upkeep]\n|-heal|p1a: Salazzle|100\/100|[from] item: Black Sludge\n|upkeep\n|turn|5\n|\n|t:|1700256106\n|move|p1a: Salazzle|Venoshock|p2a: SIUUR\n|-damage|p2a: SIUUR|19\/100\n|move|p2a: SIUUR|Weather Ball|p1a: Salazzle\n|-supereffective|p1a: Salazzle\n|-end|p1a: Salazzle|Substitute\n|\n|-weather|RainDance|[upkeep]\n|upkeep\n|turn|6\n|\n|t:|1700256115\n|-terastallize|p1a: Salazzle|Poison\n|move|p1a: Salazzle|Venoshock|p2a: SIUUR\n|-damage|p2a: SIUUR|0 fnt\n|faint|p2a: SIUUR\n|\n|-weather|RainDance|[upkeep]\n|upkeep\n|c|\u2606Elite four lai|Gin\n|c|\u2606KijowDlaPolski|aha\n|c|\u2606Elite four lai|Warto by\u0142o\n|\n|t:|1700256137\n|switch|p2a: BULBULBUL|Regidrago, shiny|100\/100\n|turn|7\n|\n|t:|1700256147\n|switch|p1a: Bronzong|Bronzong|100\/100\n|move|p2a: BULBULBUL|Dragon Dance|p2a: BULBULBUL\n|-boost|p2a: BULBULBUL|atk|1\n|-boost|p2a: BULBULBUL|spe|1\n|\n|-weather|none\n|upkeep\n|turn|8\n|c|\u2606Elite four lai|Kryzys\n|c|\u2606Elite four lai|Mam\n|\n|t:|1700256194\n|switch|p2a: V3nusaur|Bellibolt, F|100\/100\n|move|p1a: Bronzong|Reflect|p1a: Bronzong\n|-sidestart|p1: Elite four lai|Reflect\n|\n|upkeep\n|turn|9\n|\n|t:|1700256201\n|move|p2a: V3nusaur|Rain Dance|p2a: V3nusaur\n|-weather|RainDance\n|move|p1a: Bronzong|Light Screen|p1a: Bronzong\n|-sidestart|p1: Elite four lai|move: Light Screen\n|\n|-weather|RainDance|[upkeep]\n|upkeep\n|turn|10\n|\n|t:|1700256206\n|move|p2a: V3nusaur|Thunder|p1a: Bronzong\n|-damage|p1a: Bronzong|78\/100\n|-status|p1a: Bronzong|par\n|move|p1a: Bronzong|Earthquake|p2a: V3nusaur\n|-supereffective|p2a: V3nusaur\n|-damage|p2a: V3nusaur|46\/100\n|-start|p2a: V3nusaur|Charge|Earthquake|[from] ability: Electromorphosis\n|\n|-weather|RainDance|[upkeep]\n|upkeep\n|turn|11\n|\n|t:|1700256222\n|move|p2a: V3nusaur|Slack Off|p2a: V3nusaur\n|-heal|p2a: V3nusaur|96\/100\n|cant|p1a: Bronzong|par\n|\n|-weather|RainDance|[upkeep]\n|upkeep\n|turn|12\n|\n|t:|1700256231\n|move|p2a: V3nusaur|Thunder|p1a: Bronzong\n|-damage|p1a: Bronzong|28\/100 par\n|-end|p2a: V3nusaur|Charge|[silent]\n|move|p1a: Bronzong|Earthquake|p2a: V3nusaur\n|-supereffective|p2a: V3nusaur\n|-damage|p2a: V3nusaur|43\/100\n|-start|p2a: V3nusaur|Charge|Earthquake|[from] ability: Electromorphosis\n|\n|-weather|RainDance|[upkeep]\n|upkeep\n|turn|13\n|\n|t:|1700256238\n|move|p2a: V3nusaur|Thunder|p1a: Bronzong\n|-damage|p1a: Bronzong|0 fnt\n|faint|p1a: Bronzong\n|-end|p2a: V3nusaur|Charge|[silent]\n|\n|-weather|RainDance|[upkeep]\n|upkeep\n|\n|t:|1700256252\n|switch|p1a: Bruxish|Bruxish, M|100\/100\n|-activate|p1a: Bruxish|move: Sticky Web\n|-unboost|p1a: Bruxish|spe|1\n|turn|14\n|c|\u2606KijowDlaPolski|venusaur gites\n|c|\u2606Elite four lai|Nie lubie Bronzonga wiec dobrze ze zdechl\n|\n|t:|1700256304\n|move|p1a: Bruxish|Flip Turn|p2a: V3nusaur\n|-damage|p2a: V3nusaur|9\/100\n|-start|p2a: V3nusaur|Charge|Flip Turn|[from] ability: Electromorphosis\n|\n|t:|1700256309\n|switch|p1a: Altaria|Altaria, F|100\/100|[from] Flip Turn\n|move|p2a: V3nusaur|Thunder|p1a: Altaria\n|-damage|p1a: Altaria|42\/100\n|-status|p1a: Altaria|par\n|-end|p2a: V3nusaur|Charge|[silent]\n|\n|-weather|RainDance|[upkeep]\n|-heal|p1a: Altaria|49\/100 par|[from] item: Leftovers\n|upkeep\n|turn|15\n|c|\u2606Elite four lai|Myslalem \u017ce wystarczy...\n|\n|t:|1700256333\n|move|p1a: Altaria|Defog|p2a: V3nusaur\n|-unboost|p2a: V3nusaur|evasion|1\n|-sideend|p1: Elite four lai|Sticky Web|[from] move: Defog|[of] p1a: Altaria\n|move|p2a: V3nusaur|Slack Off|p2a: V3nusaur\n|-heal|p2a: V3nusaur|59\/100\n|\n|-weather|RainDance|[upkeep]\n|-heal|p1a: Altaria|55\/100 par|[from] item: Leftovers\n|-sideend|p1: Elite four lai|Reflect\n|upkeep\n|turn|16\n|\n|t:|1700256342\n|move|p1a: Altaria|Roost|p1a: Altaria\n|-heal|p1a: Altaria|100\/100 par\n|-singleturn|p1a: Altaria|move: Roost\n|move|p2a: V3nusaur|Thunder|p1a: Altaria\n|-resisted|p1a: Altaria\n|-damage|p1a: Altaria|87\/100 par\n|\n|-weather|none\n|-heal|p1a: Altaria|93\/100 par|[from] item: Leftovers\n|-sideend|p1: Elite four lai|move: Light Screen\n|upkeep\n|turn|17\n|\n|t:|1700256358\n|-curestatus|p1a: Altaria|par|[from] ability: Natural Cure\n|switch|p1a: Rotom|Rotom-Frost|100\/100\n|switch|p2a: MarkNewMeta|Cryogonal, shiny|100\/100\n|\n|upkeep\n|turn|18\n|\n|t:|1700256366\n|move|p2a: MarkNewMeta|Flash Cannon|p1a: Rotom\n|-damage|p1a: Rotom|70\/100\n|move|p1a: Rotom|Nasty Plot|p1a: Rotom\n|-boost|p1a: Rotom|spa|2\n|\n|upkeep\n|turn|19\n|\n|t:|1700256373\n|move|p2a: MarkNewMeta|Haze|p2a: MarkNewMeta\n|-clearallboost\n|move|p1a: Rotom|Blizzard|p2a: MarkNewMeta\n|-resisted|p2a: MarkNewMeta\n|-damage|p2a: MarkNewMeta|79\/100\n|\n|upkeep\n|turn|20\n|\n|t:|1700256380\n|move|p2a: MarkNewMeta|Flash Cannon|p1a: Rotom\n|-damage|p1a: Rotom|40\/100\n|move|p1a: Rotom|Pain Split|p2a: MarkNewMeta\n|-sethp|p2a: MarkNewMeta|55\/100|[from] move: Pain Split|[silent]\n|-sethp|p1a: Rotom|69\/100|[from] move: Pain Split\n|\n|upkeep\n|turn|21\n|\n|t:|1700256390\n|switch|p1a: Dunsparce|Dunsparce, F|100\/100\n|move|p2a: MarkNewMeta|Flash Cannon|p1a: Dunsparce\n|-damage|p1a: Dunsparce|81\/100\n|\n|upkeep\n|turn|22\n|\n|t:|1700256427\n|switch|p2a: V3nusaur|Bellibolt, F|59\/100\n|move|p1a: Dunsparce|Glare|p2a: V3nusaur\n|-immune|p2a: V3nusaur\n|\n|upkeep\n|turn|23\n|\n|t:|1700256467\n|move|p2a: V3nusaur|Slack Off|p2a: V3nusaur\n|-heal|p2a: V3nusaur|100\/100\n|move|p1a: Dunsparce|Drill Run|p2a: V3nusaur\n|-supereffective|p2a: V3nusaur\n|-damage|p2a: V3nusaur|75\/100\n|-start|p2a: V3nusaur|Charge|Drill Run|[from] ability: Electromorphosis\n|\n|upkeep\n|turn|24\n|\n|t:|1700256489\n|switch|p1a: Rotom|Rotom-Frost|69\/100\n|move|p2a: V3nusaur|Rain Dance|p2a: V3nusaur\n|-weather|RainDance\n|\n|-weather|RainDance|[upkeep]\n|upkeep\n|turn|25\n|\n|t:|1700256511\n|switch|p1a: Dunsparce|Dunsparce, F|81\/100\n|move|p2a: V3nusaur|Weather Ball|p1a: Dunsparce\n|-damage|p1a: Dunsparce|44\/100\n|\n|-weather|RainDance|[upkeep]\n|upkeep\n|turn|26\n|\n|t:|1700256518\n|move|p2a: V3nusaur|Thunder|p1a: Dunsparce\n|-damage|p1a: Dunsparce|0 fnt\n|faint|p1a: Dunsparce\n|-end|p2a: V3nusaur|Charge|[silent]\n|\n|-weather|RainDance|[upkeep]\n|upkeep\n|\n|t:|1700256522\n|switch|p1a: Bruxish|Bruxish, M|100\/100\n|turn|27\n|\n|t:|1700256528\n|move|p1a: Bruxish|Wave Crash|p2a: V3nusaur\n|-damage|p2a: V3nusaur|7\/100\n|-start|p2a: V3nusaur|Charge|Wave Crash|[from] ability: Electromorphosis\n|-damage|p1a: Bruxish|67\/100|[from] Recoil\n|move|p2a: V3nusaur|Thunder|p1a: Bruxish\n|-supereffective|p1a: Bruxish\n|-damage|p1a: Bruxish|0 fnt\n|faint|p1a: Bruxish\n|-end|p2a: V3nusaur|Charge|[silent]\n|\n|-weather|RainDance|[upkeep]\n|upkeep\n|\n|t:|1700256531\n|switch|p1a: Salazzle|Salazzle, F, tera:Poison|100\/100\n|turn|28\n|c|\u2606Elite four lai|Ale Bellibolt robi oro\n|\n|t:|1700256567\n|move|p1a: Salazzle|Venoshock|p2a: V3nusaur\n|-damage|p2a: V3nusaur|0 fnt\n|faint|p2a: V3nusaur\n|\n|-weather|RainDance|[upkeep]\n|upkeep\n|\n|t:|1700256574\n|switch|p2a: BULBULBUL|Regidrago, shiny|100\/100\n|turn|29\n|\n|t:|1700256580\n|move|p1a: Salazzle|Substitute|p1a: Salazzle\n|-start|p1a: Salazzle|Substitute\n|-damage|p1a: Salazzle|76\/100\n|move|p2a: BULBULBUL|Dragon Dance|p2a: BULBULBUL\n|-boost|p2a: BULBULBUL|atk|1\n|-boost|p2a: BULBULBUL|spe|1\n|\n|-weather|RainDance|[upkeep]\n|-heal|p1a: Salazzle|82\/100|[from] item: Black Sludge\n|upkeep\n|turn|30\n|\n|t:|1700256583\n|move|p2a: BULBULBUL|Scale Shot|p1a: Salazzle\n|-end|p1a: Salazzle|Substitute\n|-damage|p1a: Salazzle|40\/100\n|-damage|p1a: Salazzle|0 fnt\n|faint|p1a: Salazzle\n|-hitcount|p1: Salazzle|3\n|-unboost|p2a: BULBULBUL|def|1\n|-boost|p2a: BULBULBUL|spe|1\n|\n|-weather|RainDance|[upkeep]\n|upkeep\n|\n|t:|1700256591\n|switch|p1a: Rotom|Rotom-Frost|69\/100\n|turn|31\n|\n|t:|1700256594\n|move|p2a: BULBULBUL|Scale Shot|p1a: Rotom\n|-damage|p1a: Rotom|34\/100\n|-damage|p1a: Rotom|0 fnt\n|faint|p1a: Rotom\n|-hitcount|p1: Rotom|2\n|-unboost|p2a: BULBULBUL|def|1\n|-boost|p2a: BULBULBUL|spe|1\n|\n|-weather|none\n|upkeep\n|c|\u2606Elite four lai|Gg\n|\n|t:|1700256601\n|switch|p1a: Altaria|Altaria, F|93\/100\n|turn|32\n|c|\u2606KijowDlaPolski|gg wp\n|\n|t:|1700256607\n|move|p2a: BULBULBUL|Scale Shot|p1a: Altaria\n|-supereffective|p1a: Altaria\n|-damage|p1a: Altaria|24\/100\n|-supereffective|p1a: Altaria\n|-damage|p1a: Altaria|0 fnt\n|faint|p1a: Altaria\n|-hitcount|p1: Altaria|2\n|\n|win|KijowDlaPolski\n","uploadtime":1700256612,"views":27,"p1id":"elitefourlai","p2id":"kijowdlapolski","formatid":"gen9nationaldex","rating":0,"private":0,"password":""}