{"id":"gen9nationaldex-1990712666","p1":"doodlebug112","p2":"lesson in trickery","format":"[Gen 9] National Dex","log":"|j|\u2606doodlebug112\n|j|\u2606lesson in trickery\n|t:|1699993996\n|gametype|singles\n|player|p1|doodlebug112|clown|1046\n|player|p2|lesson in trickery|clown|1054\n|teamsize|p1|6\n|teamsize|p2|6\n|gen|9\n|tier|[Gen 9] National Dex\n|rated|\n|rule|HP Percentage Mod: HP is shown in percentages\n|rule|Endless Battle Clause: Forcing endless battles is banned\n|rule|OHKO Clause: OHKO moves are banned\n|rule|Evasion Clause: Evasion abilities, items, and moves are banned\n|rule|Evasion Abilities Clause: Evasion abilities are banned\n|rule|Evasion Items Clause: Evasion items are banned\n|rule|Evasion Moves Clause: Evasion moves are banned\n|rule|Species Clause: Limit one of each Pok\u00e9mon\n|rule|Sleep Clause Mod: Limit one foe put to sleep\n|clearpoke\n|poke|p1|Bruxish, M|\n|poke|p1|Hypno, M|\n|poke|p1|Arctovish|\n|poke|p1|Abomasnow, F|\n|poke|p1|Ribombee, F|\n|poke|p1|Dusclops, M|\n|poke|p2|Obstagoon, M|\n|poke|p2|Togekiss, M|\n|poke|p2|Runerigus, F|\n|poke|p2|Jellicent, M|\n|poke|p2|Chandelure, F|\n|poke|p2|Farigiraf, F|\n|teampreview\n|\n|t:|1699994010\n|start\n|switch|p1a: Ribombee|Ribombee, F|100\/100\n|switch|p2a: Togekiss|Togekiss, M|100\/100\n|turn|1\n|\n|t:|1699994016\n|move|p2a: Togekiss|Trick|p1a: Ribombee\n|-activate|p2a: Togekiss|move: Trick|[of] p1a: Ribombee\n|-item|p1a: Ribombee|Choice Scarf|[from] move: Trick\n|-enditem|p2a: Togekiss|Choice Scarf|[silent]|[from] move: Trick\n|move|p1a: Ribombee|Sticky Web|p2a: Togekiss\n|-sidestart|p2: lesson in trickery|move: Sticky Web\n|\n|upkeep\n|turn|2\n|\n|t:|1699994034\n|switch|p1a: Dusclops|Dusclops, M|100\/100\n|-ability|p1a: Dusclops|Pressure\n|move|p2a: Togekiss|Nasty Plot|p2a: Togekiss\n|-boost|p2a: Togekiss|spa|2\n|\n|upkeep\n|turn|3\n|\n|t:|1699994042\n|move|p2a: Togekiss|Substitute|p2a: Togekiss\n|-start|p2a: Togekiss|Substitute\n|-damage|p2a: Togekiss|76\/100\n|move|p1a: Dusclops|Toxic||[still]\n|-fail|p1a: Dusclops\n|\n|upkeep\n|turn|4\n|\n|t:|1699994049\n|move|p2a: Togekiss|Nasty Plot|p2a: Togekiss\n|-boost|p2a: Togekiss|spa|2\n|move|p1a: Dusclops|Dark Pulse|p2a: Togekiss\n|-resisted|p2a: Togekiss\n|-activate|p2a: Togekiss|move: Substitute|[damage]\n|\n|upkeep\n|turn|5\n|\n|t:|1699994059\n|switch|p1a: Abomasnow|Abomasnow, F|100\/100\n|-weather|Snow|[from] ability: Snow Warning|[of] p1a: Abomasnow\n|move|p2a: Togekiss|Nasty Plot|p2a: Togekiss\n|-boost|p2a: Togekiss|spa|2\n|\n|-weather|Snow|[upkeep]\n|upkeep\n|turn|6\n|\n|t:|1699994067\n|move|p2a: Togekiss|Air Slash|p1a: Abomasnow\n|-supereffective|p1a: Abomasnow\n|-damage|p1a: Abomasnow|0 fnt\n|faint|p1a: Abomasnow\n|\n|-weather|Snow|[upkeep]\n|upkeep\n|\n|t:|1699994073\n|switch|p1a: Bruxish|Bruxish, M|100\/100\n|turn|7\n|\n|t:|1699994078\n|move|p1a: Bruxish|Psychic Fangs|p2a: Togekiss\n|-end|p2a: Togekiss|Substitute\n|move|p2a: Togekiss|Air Slash|p1a: Bruxish\n|-enditem|p1a: Bruxish|Focus Sash\n|-damage|p1a: Bruxish|1\/100\n|\n|-weather|Snow|[upkeep]\n|upkeep\n|turn|8\n|\n|t:|1699994085\n|move|p1a: Bruxish|Ice Fang|p2a: Togekiss|[miss]\n|-miss|p1a: Bruxish|p2a: Togekiss\n|move|p2a: Togekiss|Air Slash|p1a: Bruxish\n|-damage|p1a: Bruxish|0 fnt\n|faint|p1a: Bruxish\n|\n|-weather|Snow|[upkeep]\n|upkeep\n|\n|t:|1699994092\n|switch|p1a: Arctovish|Arctovish|100\/100\n|turn|9\n|\n|t:|1699994097\n|-terastallize|p2a: Togekiss|Steel\n|move|p1a: Arctovish|Fishious Rend|p2a: Togekiss\n|-damage|p2a: Togekiss|0 fnt\n|faint|p2a: Togekiss\n|\n|-weather|none\n|upkeep\n|\n|t:|1699994107\n|switch|p2a: Jellicent|Jellicent, M|100\/100\n|-activate|p2a: Jellicent|move: Sticky Web\n|-unboost|p2a: Jellicent|spe|1\n|turn|10\n|\n|t:|1699994111\n|move|p1a: Arctovish|Fishious Rend|p2a: Jellicent\n|-immune|p2a: Jellicent|[from] ability: Water Absorb\n|move|p2a: Jellicent|Trick|p1a: Arctovish\n|-activate|p2a: Jellicent|move: Trick|[of] p1a: Arctovish\n|-item|p1a: Arctovish|Choice Scarf|[from] move: Trick\n|-item|p2a: Jellicent|Choice Scarf|[from] move: Trick\n|\n|upkeep\n|turn|11\n|\n|t:|1699994122\n|move|p1a: Arctovish|Crunch|p2a: Jellicent\n|-supereffective|p2a: Jellicent\n|-damage|p2a: Jellicent|60\/100\n|move|p2a: Jellicent|Water Spout|p1a: Arctovish\n|-resisted|p1a: Arctovish\n|-damage|p1a: Arctovish|88\/100\n|\n|upkeep\n|turn|12\n|\n|t:|1699994136\n|switch|p2a: Obstagoon|Obstagoon, M|100\/100\n|-activate|p2a: Obstagoon|move: Sticky Web\n|-unboost|p2a: Obstagoon|spe|1\n|move|p1a: Arctovish|Crunch|p2a: Obstagoon\n|-resisted|p2a: Obstagoon\n|-damage|p2a: Obstagoon|88\/100\n|\n|upkeep\n|turn|13\n|\n|t:|1699994148\n|switch|p1a: Ribombee|Ribombee, F|100\/100\n|move|p2a: Obstagoon|Throat Chop|p1a: Ribombee\n|-resisted|p1a: Ribombee\n|-damage|p1a: Ribombee|55\/100\n|-start|p1a: Ribombee|Throat Chop|[silent]\n|\n|upkeep\n|turn|14\n|\n|t:|1699994154\n|switch|p2a: Chandelure|Chandelure, F|100\/100\n|-activate|p2a: Chandelure|move: Sticky Web\n|-unboost|p2a: Chandelure|spe|1\n|move|p1a: Ribombee|Moonblast|p2a: Chandelure\n|-resisted|p2a: Chandelure\n|-damage|p2a: Chandelure|71\/100\n|-unboost|p2a: Chandelure|spa|1\n|\n|-end|p1a: Ribombee|Throat Chop|[silent]\n|upkeep\n|turn|15\n|\n|t:|1699994166\n|switch|p1a: Dusclops|Dusclops, M|100\/100\n|-ability|p1a: Dusclops|Pressure\n|move|p2a: Chandelure|Energy Ball|p1a: Dusclops\n|-damage|p1a: Dusclops|78\/100\n|\n|upkeep\n|turn|16\n|\n|t:|1699994174\n|switch|p2a: Obstagoon|Obstagoon, M|88\/100\n|-activate|p2a: Obstagoon|move: Sticky Web\n|-unboost|p2a: Obstagoon|spe|1\n|move|p1a: Dusclops|Toxic|p2a: Obstagoon\n|-status|p2a: Obstagoon|tox\n|\n|-damage|p2a: Obstagoon|82\/100 tox|[from] psn\n|upkeep\n|turn|17\n|\n|t:|1699994184\n|move|p2a: Obstagoon|Throat Chop|p1a: Dusclops\n|-supereffective|p1a: Dusclops\n|-damage|p1a: Dusclops|0 fnt\n|faint|p1a: Dusclops\n|\n|-damage|p2a: Obstagoon|70\/100 tox|[from] psn\n|upkeep\n|\n|t:|1699994195\n|switch|p1a: Ribombee|Ribombee, F|55\/100\n|turn|18\n|\n|t:|1699994199\n|move|p1a: Ribombee|Moonblast|p2a: Obstagoon\n|-supereffective|p2a: Obstagoon\n|-damage|p2a: Obstagoon|0 fnt\n|faint|p2a: Obstagoon\n|\n|upkeep\n|\n|t:|1699994206\n|switch|p2a: Chandelure|Chandelure, F|71\/100\n|-activate|p2a: Chandelure|move: Sticky Web\n|-unboost|p2a: Chandelure|spe|1\n|turn|19\n|\n|t:|1699994214\n|move|p1a: Ribombee|Moonblast|p2a: Chandelure\n|-resisted|p2a: Chandelure\n|-damage|p2a: Chandelure|44\/100\n|move|p2a: Chandelure|Energy Ball|p1a: Ribombee\n|-resisted|p1a: Ribombee\n|-crit|p1a: Ribombee\n|-damage|p1a: Ribombee|0 fnt\n|faint|p1a: Ribombee\n|\n|upkeep\n|\n|t:|1699994222\n|switch|p1a: Arctovish|Arctovish|88\/100\n|turn|20\n|\n|t:|1699994227\n|move|p1a: Arctovish|Fishious Rend|p2a: Chandelure\n|-supereffective|p2a: Chandelure\n|-crit|p2a: Chandelure\n|-damage|p2a: Chandelure|0 fnt\n|faint|p2a: Chandelure\n|\n|upkeep\n|\n|t:|1699994229\n|switch|p2a: Jellicent|Jellicent, M|60\/100\n|-activate|p2a: Jellicent|move: Sticky Web\n|-unboost|p2a: Jellicent|spe|1\n|turn|21\n|\n|t:|1699994243\n|switch|p1a: Hypno|Hypno, M|100\/100\n|move|p2a: Jellicent|Ice Beam|p1a: Hypno\n|-damage|p1a: Hypno|85\/100\n|\n|upkeep\n|turn|22\n|\n|t:|1699994251\n|move|p2a: Jellicent|Ice Beam|p1a: Hypno\n|-damage|p1a: Hypno|71\/100\n|move|p1a: Hypno|Swagger|p2a: Jellicent\n|-boost|p2a: Jellicent|atk|2\n|-enditem|p1a: Hypno|Mirror Herb\n|-boost|p1a: Hypno|atk|2|[from] item: Mirror Herb\n|-start|p2a: Jellicent|confusion\n|\n|upkeep\n|turn|23\n|\n|t:|1699994259\n|-activate|p2a: Jellicent|confusion\n|move|p2a: Jellicent|Ice Beam|p1a: Hypno\n|-damage|p1a: Hypno|55\/100\n|-status|p1a: Hypno|frz\n|cant|p1a: Hypno|frz\n|\n|upkeep\n|turn|24\n|\n|t:|1699994265\n|switch|p2a: Runerigus|Runerigus, F|100\/100\n|-activate|p2a: Runerigus|move: Sticky Web\n|-unboost|p2a: Runerigus|spe|1\n|cant|p1a: Hypno|frz\n|\n|upkeep\n|turn|25\n|\n|t:|1699994272\n|cant|p1a: Hypno|frz\n|move|p2a: Runerigus|Toxic Spikes|p1a: Hypno\n|-sidestart|p1: doodlebug112|move: Toxic Spikes\n|\n|upkeep\n|turn|26\n|\n|t:|1699994278\n|cant|p1a: Hypno|frz\n|move|p2a: Runerigus|Toxic Spikes|p1a: Hypno\n|-sidestart|p1: doodlebug112|move: Toxic Spikes\n|\n|upkeep\n|turn|27\n|\n|t:|1699994285\n|switch|p2a: Jellicent|Jellicent, M|60\/100\n|-activate|p2a: Jellicent|move: Sticky Web\n|-unboost|p2a: Jellicent|spe|1\n|cant|p1a: Hypno|frz\n|\n|upkeep\n|turn|28\n|\n|t:|1699994291\n|move|p2a: Jellicent|Trick|p1a: Hypno\n|-activate|p2a: Jellicent|move: Trick|[of] p1a: Hypno\n|-item|p1a: Hypno|Choice Scarf|[from] move: Trick\n|-enditem|p2a: Jellicent|Choice Scarf|[silent]|[from] move: Trick\n|cant|p1a: Hypno|frz\n|\n|upkeep\n|turn|29\n|\n|t:|1699994302\n|cant|p1a: Hypno|frz\n|move|p2a: Jellicent|Water Spout|p1a: Hypno\n|-damage|p1a: Hypno|34\/100 frz\n|\n|upkeep\n|turn|30\n|\n|t:|1699994306\n|cant|p1a: Hypno|frz\n|move|p2a: Jellicent|Water Spout|p1a: Hypno\n|-damage|p1a: Hypno|12\/100 frz\n|\n|upkeep\n|turn|31\n|\n|t:|1699994315\n|cant|p1a: Hypno|frz\n|move|p2a: Jellicent|Recover|p2a: Jellicent\n|-heal|p2a: Jellicent|100\/100\n|\n|upkeep\n|turn|32\n|c|\u2606doodlebug112|frozen can go fuck itself this is bullshit\n|\n|t:|1699994337\n|switch|p2a: Runerigus|Runerigus, F|100\/100\n|-activate|p2a: Runerigus|move: Sticky Web\n|-unboost|p2a: Runerigus|spe|1\n|cant|p1a: Hypno|frz\n|\n|upkeep\n|turn|33\n|c|\u2606lesson in trickery|yeah umm\n|c|\u2606lesson in trickery|is it supposed to go that long?\n|\n|t:|1699994359\n|cant|p1a: Hypno|frz\n|move|p2a: Runerigus|Stealth Rock|p1a: Hypno\n|-sidestart|p1: doodlebug112|move: Stealth Rock\n|\n|upkeep\n|turn|34\n|c|\u2606doodlebug112|i dont know how long but im mad\n|\n|t:|1699994376\n|switch|p2a: Farigiraf|Farigiraf, F|100\/100\n|-activate|p2a: Farigiraf|move: Sticky Web\n|-unboost|p2a: Farigiraf|spe|1\n|-curestatus|p1a: Hypno|frz|[msg]\n|move|p1a: Hypno|Zen Headbutt|p2a: Farigiraf\n|-resisted|p2a: Farigiraf\n|-damage|p2a: Farigiraf|60\/100\n|\n|upkeep\n|turn|35\n|\n|t:|1699994386\n|move|p1a: Hypno|Zen Headbutt|p2a: Farigiraf\n|-resisted|p2a: Farigiraf\n|-damage|p2a: Farigiraf|20\/100\n|move|p2a: Farigiraf|Return|p1a: Hypno\n|-damage|p1a: Hypno|0 fnt\n|faint|p1a: Hypno\n|\n|upkeep\n|\n|t:|1699994395\n|switch|p1a: Arctovish|Arctovish|88\/100\n|-status|p1a: Arctovish|tox\n|-damage|p1a: Arctovish|63\/100 tox|[from] Stealth Rock\n|turn|36\n|c|\u2606lesson in trickery|we mustve just gotten a record or something lol\n|\n|t:|1699994403\n|move|p1a: Arctovish|Fishious Rend|p2a: Farigiraf\n|-damage|p2a: Farigiraf|0 fnt\n|faint|p2a: Farigiraf\n|\n|-damage|p1a: Arctovish|57\/100 tox|[from] psn\n|upkeep\n|\n|t:|1699994409\n|switch|p2a: Runerigus|Runerigus, F|100\/100\n|-activate|p2a: Runerigus|move: Sticky Web\n|-unboost|p2a: Runerigus|spe|1\n|turn|37\n|\n|t:|1699994415\n|-terastallize|p1a: Arctovish|Water\n|move|p1a: Arctovish|Fishious Rend|p2a: Runerigus\n|-supereffective|p2a: Runerigus\n|-damage|p2a: Runerigus|0 fnt\n|-activate|p2a: Runerigus|ability: Wandering Spirit|Slush Rush|Wandering Spirit|[of] p1a: Arctovish\n|faint|p2a: Runerigus\n|\n|-damage|p1a: Arctovish|45\/100 tox|[from] psn\n|upkeep\n|\n|t:|1699994418\n|switch|p2a: Jellicent|Jellicent, M|100\/100\n|-activate|p2a: Jellicent|move: Sticky Web\n|-unboost|p2a: Jellicent|spe|1\n|turn|38\n|\n|t:|1699994429\n|move|p1a: Arctovish|Fishious Rend|p2a: Jellicent\n|-immune|p2a: Jellicent|[from] ability: Water Absorb\n|move|p2a: Jellicent|Recover||[still]\n|-fail|p2a: Jellicent|heal\n|\n|-damage|p1a: Arctovish|27\/100 tox|[from] psn\n|upkeep\n|turn|39\n|c|\u2606doodlebug112|GG\n|\n|t:|1699994437\n|move|p1a: Arctovish|Fishious Rend|p2a: Jellicent\n|-immune|p2a: Jellicent|[from] ability: Water Absorb\n|move|p2a: Jellicent|Recover||[still]\n|-fail|p2a: Jellicent|heal\n|\n|-damage|p1a: Arctovish|3\/100 tox|[from] psn\n|upkeep\n|turn|40\n|\n|t:|1699994444\n|move|p1a: Arctovish|Fishious Rend|p2a: Jellicent\n|-immune|p2a: Jellicent|[from] ability: Water Absorb\n|move|p2a: Jellicent|Water Spout|p1a: Arctovish\n|-resisted|p1a: Arctovish\n|-damage|p1a: Arctovish|0 fnt\n|faint|p1a: Arctovish\n|\n|win|lesson in trickery\n|raw|doodlebug112's rating: 1046 &rarr; <strong>1029<\/strong><br \/>(-17 for losing)\n|raw|lesson in trickery's rating: 1054 &rarr; <strong>1085<\/strong><br \/>(+31 for winning)\n","uploadtime":1699994335,"views":3,"p1id":"doodlebug112","p2id":"lessonintrickery","formatid":"gen9nationaldex","rating":1029,"private":0,"password":""}