{"id":"gen9nationaldex-1993827969","p1":"SilentSeven","p2":"Onlymanever","format":"[Gen 9] National Dex","log":"|j|\u2606SilentSeven\n|j|\u2606Onlymanever\n|t:|1700362269\n|gametype|singles\n|player|p1|SilentSeven|riley|1071\n|player|p2|Onlymanever|lyra|1099\n|teamsize|p1|6\n|teamsize|p2|6\n|gen|9\n|tier|[Gen 9] National Dex\n|rated|\n|rule|HP Percentage Mod: HP is shown in percentages\n|rule|Endless Battle Clause: Forcing endless battles is banned\n|rule|OHKO Clause: OHKO moves are banned\n|rule|Evasion Clause: Evasion abilities, items, and moves are banned\n|rule|Evasion Abilities Clause: Evasion abilities are banned\n|rule|Evasion Items Clause: Evasion items are banned\n|rule|Evasion Moves Clause: Evasion moves are banned\n|rule|Species Clause: Limit one of each Pok\u00e9mon\n|rule|Sleep Clause Mod: Limit one foe put to sleep\n|clearpoke\n|poke|p1|Sharpedo, M|\n|poke|p1|Cloyster, M|\n|poke|p1|Starmie|\n|poke|p1|Empoleon, M|\n|poke|p1|Suicune|\n|poke|p1|Primarina, M|\n|poke|p2|Samurott-Hisui, M|\n|poke|p2|Breloom, M|\n|poke|p2|Rapidash, M|\n|poke|p2|Staraptor, F|\n|poke|p2|Crabominable, M|\n|poke|p2|Electivire, F|\n|teampreview\n|inactive|Battle timer is ON: inactive players will automatically lose when time's up. (requested by SilentSeven)\n|\n|t:|1700362277\n|start\n|switch|p1a: Clam|Cloyster, M, shiny|100\/100\n|switch|p2a: Samurott|Samurott-Hisui, M|100\/100\n|turn|1\n|\n|t:|1700362284\n|move|p1a: Clam|Shell Smash|p1a: Clam\n|-unboost|p1a: Clam|def|1\n|-unboost|p1a: Clam|spd|1\n|-boost|p1a: Clam|atk|2\n|-boost|p1a: Clam|spa|2\n|-boost|p1a: Clam|spe|2\n|move|p2a: Samurott|Sacred Sword|p1a: Clam\n|-supereffective|p1a: Clam\n|-damage|p1a: Clam|29\/100\n|\n|upkeep\n|turn|2\n|\n|t:|1700362300\n|move|p1a: Clam|Icicle Spear|p2a: Samurott\n|-resisted|p2a: Samurott\n|-damage|p2a: Samurott|87\/100\n|-resisted|p2a: Samurott\n|-damage|p2a: Samurott|72\/100\n|-resisted|p2a: Samurott\n|-damage|p2a: Samurott|58\/100\n|-resisted|p2a: Samurott\n|-damage|p2a: Samurott|43\/100\n|-resisted|p2a: Samurott\n|-damage|p2a: Samurott|29\/100\n|-hitcount|p2a: Samurott|5\n|move|p2a: Samurott|Sacred Sword|p1a: Clam\n|-supereffective|p1a: Clam\n|-damage|p1a: Clam|0 fnt\n|faint|p1a: Clam\n|\n|-heal|p2a: Samurott|36\/100|[from] item: Leftovers\n|upkeep\n|\n|t:|1700362317\n|switch|p1a: Pearl|Starmie, shiny|100\/100\n|turn|3\n|\n|t:|1700362334\n|switch|p2a: Electivire|Electivire, F|100\/100\n|move|p1a: Pearl|Surf|p2a: Electivire\n|-damage|p2a: Electivire|39\/100\n|\n|-heal|p2a: Electivire|45\/100|[from] item: Leftovers\n|upkeep\n|turn|4\n|\n|t:|1700362344\n|move|p1a: Pearl|Surf|p2a: Electivire\n|-damage|p2a: Electivire|0 fnt\n|faint|p2a: Electivire\n|\n|upkeep\n|\n|t:|1700362350\n|switch|p2a: Samurott|Samurott-Hisui, M|36\/100\n|turn|5\n|\n|t:|1700362354\n|move|p1a: Pearl|Surf|p2a: Samurott\n|-resisted|p2a: Samurott\n|-damage|p2a: Samurott|5\/100\n|move|p2a: Samurott|Ceaseless Edge|p1a: Pearl\n|-supereffective|p1a: Pearl\n|-damage|p1a: Pearl|0 fnt\n|-sidestart|p1: SilentSeven|Spikes\n|faint|p1a: Pearl\n|\n|-heal|p2a: Samurott|11\/100|[from] item: Leftovers\n|upkeep\n|\n|t:|1700362364\n|switch|p1a: . . .|Suicune, shiny|100\/100\n|-damage|p1a: . . .|88\/100|[from] Spikes\n|turn|6\n|\n|t:|1700362369\n|move|p1a: . . .|Extreme Speed|p2a: Samurott\n|-damage|p2a: Samurott|0 fnt\n|faint|p2a: Samurott\n|-damage|p1a: . . .|78\/100|[from] item: Life Orb\n|\n|upkeep\n|\n|t:|1700362376\n|switch|p2a: Breloom|Breloom, M|100\/100\n|turn|7\n|\n|t:|1700362394\n|move|p1a: . . .|Shadow Ball|p2a: Breloom\n|-damage|p2a: Breloom|66\/100\n|-damage|p1a: . . .|68\/100|[from] item: Life Orb\n|move|p2a: Breloom|Seed Bomb|p1a: . . .\n|-supereffective|p1a: . . .\n|-crit|p1a: . . .\n|-damage|p1a: . . .|0 fnt\n|faint|p1a: . . .\n|\n|-heal|p2a: Breloom|72\/100|[from] item: Leftovers\n|upkeep\n|\n|t:|1700362400\n|switch|p1a: Ariel|Primarina, M, shiny|100\/100\n|-damage|p1a: Ariel|88\/100|[from] Spikes\n|turn|8\n|inactive|Onlymanever has 120 seconds left.\n|inactive|Onlymanever has 90 seconds left.\n|inactive|Onlymanever has 60 seconds left.\n|\n|t:|1700362493\n|-terastallize|p2a: Breloom|Rock\n|move|p2a: Breloom|Seed Bomb|p1a: Ariel\n|-supereffective|p1a: Ariel\n|-damage|p1a: Ariel|0 fnt\n|faint|p1a: Ariel\n|\n|-heal|p2a: Breloom|78\/100|[from] item: Leftovers\n|upkeep\n|\n|t:|1700362502\n|switch|p1a: Nessie|Empoleon, M, shiny|100\/100\n|-damage|p1a: Nessie|88\/100|[from] Spikes\n|turn|9\n|\n|t:|1700362509\n|move|p1a: Nessie|Agility|p1a: Nessie\n|-boost|p1a: Nessie|spe|2\n|move|p2a: Breloom|Close Combat|p1a: Nessie\n|-supereffective|p1a: Nessie\n|-damage|p1a: Nessie|0 fnt\n|-unboost|p2a: Breloom|def|1\n|-unboost|p2a: Breloom|spd|1\n|faint|p1a: Nessie\n|\n|-heal|p2a: Breloom|84\/100|[from] item: Leftovers\n|upkeep\n|\n|t:|1700362512\n|switch|p1a: Chomps|Sharpedo, M, shiny|100\/100\n|-damage|p1a: Chomps|88\/100|[from] Spikes\n|turn|10\n|\n|t:|1700362525\n|detailschange|p1a: Chomps|Sharpedo-Mega, M, shiny\n|-mega|p1a: Chomps|Sharpedo|Sharpedonite\n|move|p1a: Chomps|Aqua Jet|p2a: Breloom\n|-supereffective|p2a: Breloom\n|-damage|p2a: Breloom|0 fnt\n|-status|p1a: Chomps|par|[from] ability: Effect Spore|[of] p2a: Breloom\n|faint|p2a: Breloom\n|\n|upkeep\n|\n|t:|1700362533\n|switch|p2a: Staraptor|Staraptor, F|100\/100\n|turn|11\n|\n|t:|1700362537\n|move|p2a: Staraptor|Close Combat|p1a: Chomps\n|-supereffective|p1a: Chomps\n|-damage|p1a: Chomps|0 fnt\n|-unboost|p2a: Staraptor|def|1\n|-unboost|p2a: Staraptor|spd|1\n|faint|p1a: Chomps\n|\n|win|Onlymanever\n|raw|SilentSeven's rating: 1071 &rarr; <strong>1052<\/strong><br \/>(-19 for losing)\n|raw|Onlymanever's rating: 1099 &rarr; <strong>1122<\/strong><br \/>(+23 for winning)\n|l|\u2606SilentSeven\n","uploadtime":1700362545,"views":7,"p1id":"silentseven","p2id":"onlymanever","formatid":"gen9nationaldex","rating":1052,"private":0,"password":""}