{"id":"gen9nationaldex-1988428603","p1":"Brrunettesfiction","p2":"RamenLegionary","format":"[Gen 9] National Dex","log":"|j|\u2606Brrunettesfiction\n|j|\u2606RamenLegionary\n|t:|1699721928\n|gametype|singles\n|player|p1|Brrunettesfiction|serena|1107\n|player|p2|RamenLegionary|gentleman|1124\n|teamsize|p1|6\n|teamsize|p2|6\n|gen|9\n|tier|[Gen 9] National Dex\n|rated|\n|rule|HP Percentage Mod: HP is shown in percentages\n|rule|Endless Battle Clause: Forcing endless battles is banned\n|rule|OHKO Clause: OHKO moves are banned\n|rule|Evasion Clause: Evasion abilities, items, and moves are banned\n|rule|Evasion Abilities Clause: Evasion abilities are banned\n|rule|Evasion Items Clause: Evasion items are banned\n|rule|Evasion Moves Clause: Evasion moves are banned\n|rule|Species Clause: Limit one of each Pok\u00e9mon\n|rule|Sleep Clause Mod: Limit one foe put to sleep\n|clearpoke\n|poke|p1|Hatterene, F|\n|poke|p1|Gallade, M|\n|poke|p1|Reuniclus, F|\n|poke|p1|Gothitelle, F|\n|poke|p1|Delphox, F|\n|poke|p1|Rapidash-Galar, M|\n|poke|p2|Abomasnow, M|\n|poke|p2|Stoutland, M|\n|poke|p2|Greninja-*, M|\n|poke|p2|Volcarona, F|\n|poke|p2|Iron Hands|\n|poke|p2|Cresselia, F|\n|teampreview\n|inactive|Battle timer is ON: inactive players will automatically lose when time's up. (requested by RamenLegionary)\n|\n|t:|1699721932\n|start\n|switch|p1a: Gothitelle|Gothitelle, F, shiny|100\/100\n|switch|p2a: Greninja|Greninja, M|100\/100\n|-item|p2a: Greninja|Wise Glasses|[from] ability: Frisk|[of] p1a: Gothitelle|[identify]\n|turn|1\n|\n|t:|1699721941\n|move|p2a: Greninja|Grass Knot|p1a: Gothitelle\n|-damage|p1a: Gothitelle|85\/100\n|move|p1a: Gothitelle|Trick Room|p1a: Gothitelle\n|-fieldstart|move: Trick Room|[of] p1a: Gothitelle\n|\n|upkeep\n|turn|2\n|\n|t:|1699721946\n|move|p1a: Gothitelle|Calm Mind|p1a: Gothitelle\n|-boost|p1a: Gothitelle|spa|1\n|-boost|p1a: Gothitelle|spd|1\n|move|p2a: Greninja|Spikes|p1a: Gothitelle\n|-sidestart|p1: Brrunettesfiction|Spikes\n|\n|upkeep\n|turn|3\n|\n|t:|1699721953\n|move|p1a: Gothitelle|Calm Mind|p1a: Gothitelle\n|-boost|p1a: Gothitelle|spa|1\n|-boost|p1a: Gothitelle|spd|1\n|move|p2a: Greninja|Surf|p1a: Gothitelle\n|-damage|p1a: Gothitelle|67\/100\n|\n|upkeep\n|turn|4\n|\n|t:|1699721963\n|move|p1a: Gothitelle|Calm Mind|p1a: Gothitelle\n|-boost|p1a: Gothitelle|spa|1\n|-boost|p1a: Gothitelle|spd|1\n|move|p2a: Greninja|Surf|p1a: Gothitelle\n|-damage|p1a: Gothitelle|52\/100\n|\n|upkeep\n|turn|5\n|\n|t:|1699721977\n|switch|p2a: Stoutland|Stoutland, M|100\/100\n|-ability|p2a: Stoutland|Intimidate|boost\n|-unboost|p1a: Gothitelle|atk|1\n|move|p1a: Gothitelle|Calm Mind|p1a: Gothitelle\n|-boost|p1a: Gothitelle|spa|1\n|-boost|p1a: Gothitelle|spd|1\n|\n|-fieldend|move: Trick Room\n|upkeep\n|turn|6\n|\n|t:|1699721987\n|move|p2a: Stoutland|Stomping Tantrum|p1a: Gothitelle\n|-damage|p1a: Gothitelle|32\/100\n|move|p1a: Gothitelle|Trick Room|p1a: Gothitelle\n|-fieldstart|move: Trick Room|[of] p1a: Gothitelle\n|\n|upkeep\n|turn|7\n|\n|t:|1699721991\n|move|p1a: Gothitelle|Rest|p1a: Gothitelle\n|-status|p1a: Gothitelle|slp|[from] move: Rest\n|-heal|p1a: Gothitelle|100\/100 slp|[silent]\n|-enditem|p1a: Gothitelle|Chesto Berry|[eat]\n|-curestatus|p1a: Gothitelle|slp|[msg]\n|move|p2a: Stoutland|Stomping Tantrum|p1a: Gothitelle\n|-damage|p1a: Gothitelle|79\/100\n|\n|upkeep\n|turn|8\n|\n|t:|1699722000\n|move|p1a: Gothitelle|Psychic|p2a: Stoutland\n|-damage|p2a: Stoutland|0 fnt\n|faint|p2a: Stoutland\n|\n|upkeep\n|\n|t:|1699722006\n|switch|p2a: Abomasnow|Abomasnow, M|100\/100\n|-weather|Snow|[from] ability: Snow Warning|[of] p2a: Abomasnow\n|turn|9\n|\n|t:|1699722012\n|detailschange|p2a: Abomasnow|Abomasnow-Mega, M\n|-mega|p2a: Abomasnow|Abomasnow|Abomasite\n|move|p2a: Abomasnow|Aurora Veil|p2a: Abomasnow\n|-sidestart|p2: RamenLegionary|move: Aurora Veil\n|move|p1a: Gothitelle|Psychic|p2a: Abomasnow\n|-damage|p2a: Abomasnow|57\/100\n|-unboost|p2a: Abomasnow|spd|1\n|\n|-weather|Snow|[upkeep]\n|upkeep\n|turn|10\n|\n|t:|1699722020\n|move|p2a: Abomasnow|Synthesis|p2a: Abomasnow\n|-heal|p2a: Abomasnow|82\/100\n|move|p1a: Gothitelle|Calm Mind|p1a: Gothitelle\n|-boost|p1a: Gothitelle|spa|1\n|-boost|p1a: Gothitelle|spd|1\n|\n|-weather|Snow|[upkeep]\n|-fieldend|move: Trick Room\n|upkeep\n|turn|11\n|\n|t:|1699722027\n|move|p2a: Abomasnow|Icy Wind|p1a: Gothitelle\n|-damage|p1a: Gothitelle|71\/100\n|-unboost|p1a: Gothitelle|spe|1\n|move|p1a: Gothitelle|Trick Room|p1a: Gothitelle\n|-fieldstart|move: Trick Room|[of] p1a: Gothitelle\n|\n|-weather|Snow|[upkeep]\n|upkeep\n|turn|12\n|\n|t:|1699722034\n|move|p1a: Gothitelle|Calm Mind|p1a: Gothitelle\n|-boost|p1a: Gothitelle|spa|1\n|-boost|p1a: Gothitelle|spd|1\n|move|p2a: Abomasnow|Energy Ball|p1a: Gothitelle\n|-damage|p1a: Gothitelle|60\/100\n|\n|-weather|Snow|[upkeep]\n|upkeep\n|turn|13\n|\n|t:|1699722041\n|switch|p2a: Iron Hands|Iron Hands|100\/100\n|-enditem|p2a: Iron Hands|Booster Energy\n|-activate|p2a: Iron Hands|ability: Quark Drive|[fromitem]\n|-start|p2a: Iron Hands|quarkdriveatk\n|move|p1a: Gothitelle|Psychic|p2a: Iron Hands\n|-supereffective|p2a: Iron Hands\n|-damage|p2a: Iron Hands|0 fnt\n|faint|p2a: Iron Hands\n|-end|p2a: Iron Hands|Quark Drive|[silent]\n|\n|-weather|none\n|-sideend|p2: RamenLegionary|move: Aurora Veil\n|upkeep\n|\n|t:|1699722055\n|switch|p2a: Greninja|Greninja, M|100\/100\n|turn|14\n|\n|t:|1699722061\n|move|p1a: Gothitelle|Calm Mind|p1a: Gothitelle\n|-boost|p1a: Gothitelle|spa|0\n|-boost|p1a: Gothitelle|spd|0\n|move|p2a: Greninja|Surf|p1a: Gothitelle\n|-damage|p1a: Gothitelle|51\/100\n|\n|upkeep\n|turn|15\n|\n|t:|1699722069\n|switch|p2a: Volcarona|Volcarona, F|100\/100\n|move|p1a: Gothitelle|Rest|p1a: Gothitelle\n|-status|p1a: Gothitelle|slp|[from] move: Rest\n|-heal|p1a: Gothitelle|100\/100 slp|[silent]\n|\n|-fieldend|move: Trick Room\n|upkeep\n|turn|16\n|\n|t:|1699722076\n|move|p2a: Volcarona|U-turn|p1a: Gothitelle\n|-supereffective|p1a: Gothitelle\n|-damage|p1a: Gothitelle|74\/100 slp\n|\n|t:|1699722080\n|switch|p2a: Abomasnow|Abomasnow-Mega, M|82\/100|[from] U-turn\n|-weather|Snow|[from] ability: Snow Warning|[of] p2a: Abomasnow\n|cant|p1a: Gothitelle|slp\n|\n|-weather|Snow|[upkeep]\n|upkeep\n|turn|17\n|\n|t:|1699722086\n|move|p2a: Abomasnow|Aurora Veil|p2a: Abomasnow\n|-sidestart|p2: RamenLegionary|move: Aurora Veil\n|cant|p1a: Gothitelle|slp\n|\n|-weather|Snow|[upkeep]\n|upkeep\n|turn|18\n|\n|t:|1699722093\n|move|p2a: Abomasnow|Energy Ball|p1a: Gothitelle\n|-damage|p1a: Gothitelle|64\/100 slp\n|-curestatus|p1a: Gothitelle|slp|[msg]\n|move|p1a: Gothitelle|Trick Room|p1a: Gothitelle\n|-fieldstart|move: Trick Room|[of] p1a: Gothitelle\n|\n|-weather|Snow|[upkeep]\n|upkeep\n|turn|19\n|\n|t:|1699722100\n|move|p1a: Gothitelle|Psychic|p2a: Abomasnow\n|-damage|p2a: Abomasnow|24\/100\n|move|p2a: Abomasnow|Energy Ball|p1a: Gothitelle\n|-damage|p1a: Gothitelle|53\/100\n|\n|-weather|Snow|[upkeep]\n|upkeep\n|turn|20\n|\n|t:|1699722107\n|move|p1a: Gothitelle|Psychic|p2a: Abomasnow\n|-damage|p2a: Abomasnow|0 fnt\n|faint|p2a: Abomasnow\n|\n|-weather|none\n|upkeep\n|\n|t:|1699722112\n|switch|p2a: Volcarona|Volcarona, F|100\/100\n|turn|21\n|\n|t:|1699722115\n|move|p1a: Gothitelle|Psychic|p2a: Volcarona\n|-crit|p2a: Volcarona\n|-damage|p2a: Volcarona|0 fnt\n|faint|p2a: Volcarona\n|\n|-sideend|p2: RamenLegionary|move: Aurora Veil\n|upkeep\n|\n|t:|1699722120\n|switch|p2a: Greninja|Greninja, M|100\/100\n|turn|22\n|\n|t:|1699722127\n|move|p1a: Gothitelle|Rest|p1a: Gothitelle\n|-status|p1a: Gothitelle|slp|[from] move: Rest\n|-heal|p1a: Gothitelle|100\/100 slp|[silent]\n|move|p2a: Greninja|Surf|p1a: Gothitelle\n|-damage|p1a: Gothitelle|91\/100 slp\n|\n|-fieldend|move: Trick Room\n|upkeep\n|turn|23\n|-message|RamenLegionary forfeited.\n|\n|win|Brrunettesfiction\n|raw|Brrunettesfiction's rating: 1107 &rarr; <strong>1133<\/strong><br \/>(+26 for winning)\n|raw|RamenLegionary's rating: 1124 &rarr; <strong>1098<\/strong><br \/>(-26 for losing)\n|l|\u2606RamenLegionary\n","uploadtime":1699722182,"views":5,"p1id":"brrunettesfiction","p2id":"ramenlegionary","formatid":"gen9nationaldex","rating":1098,"private":0,"password":""}