{"id":"gen9nationaldex-1995916665","p1":"DJRRRR","p2":"Mcantando","format":"[Gen 9] National Dex","log":"|html|<div class=\"broadcast-blue\"><strong>[Gen 9] National Dex is currently suspecting Sneasler! For information on how to participate check out the <a href=\"https:\/\/www.smogon.com\/forums\/threads\/sv-national-dex-suspect-8-just-dance.3731534\/\">suspect thread<\/a>.<\/strong><\/div>\n|j|\u2606DJRRRR\n|j|\u2606Mcantando\n|t:|1700617117\n|gametype|singles\n|player|p1|DJRRRR|roxie|1445\n|player|p2|Mcantando|170|1364\n|teamsize|p1|6\n|teamsize|p2|6\n|gen|9\n|tier|[Gen 9] National Dex\n|rated|\n|rule|HP Percentage Mod: HP is shown in percentages\n|rule|Endless Battle Clause: Forcing endless battles is banned\n|rule|OHKO Clause: OHKO moves are banned\n|rule|Evasion Clause: Evasion abilities, items, and moves are banned\n|rule|Evasion Abilities Clause: Evasion abilities are banned\n|rule|Evasion Items Clause: Evasion items are banned\n|rule|Evasion Moves Clause: Evasion moves are banned\n|rule|Species Clause: Limit one of each Pok\u00e9mon\n|rule|Sleep Clause Mod: Limit one foe put to sleep\n|clearpoke\n|poke|p1|Banette, M|\n|poke|p1|Greninja-*, M|\n|poke|p1|Dragonite, F|\n|poke|p1|Iron Valiant|\n|poke|p1|Tapu Koko|\n|poke|p1|Rillaboom, F|\n|poke|p2|Skeledirge, F|\n|poke|p2|Toxapex, M|\n|poke|p2|Eldegoss, F|\n|poke|p2|Pawmot, F|\n|poke|p2|Scizor, F|\n|poke|p2|Landorus-Therian, M|\n|teampreview\n|inactive|Battle timer is ON: inactive players will automatically lose when time's up. (requested by DJRRRR)\n|\n|t:|1700617126\n|start\n|switch|p1a: Banette|Banette, M|100\/100\n|switch|p2a: Scizor|Scizor, F|100\/100\n|-item|p2a: Scizor|Scizorite|[from] ability: Frisk|[of] p1a: Banette|[identify]\n|turn|1\n|\n|t:|1700617137\n|detailschange|p1a: Banette|Banette-Mega, M\n|-mega|p1a: Banette|Banette|Banettite\n|detailschange|p2a: Scizor|Scizor-Mega, F\n|-mega|p2a: Scizor|Scizor|Scizorite\n|move|p1a: Banette|Poltergeist|p2a: Scizor\n|-activate|p2a: Scizor|move: Poltergeist|Scizorite\n|-damage|p2a: Scizor|52\/100\n|move|p2a: Scizor|Knock Off|p1a: Banette\n|-supereffective|p1a: Banette\n|-damage|p1a: Banette|27\/100\n|\n|upkeep\n|turn|2\n|\n|t:|1700617162\n|switch|p1a: Tapu Koko|Tapu Koko|100\/100\n|-fieldstart|move: Electric Terrain|[from] ability: Electric Surge|[of] p1a: Tapu Koko\n|move|p2a: Scizor|Bullet Punch|p1a: Tapu Koko\n|-damage|p1a: Tapu Koko|59\/100\n|\n|upkeep\n|turn|3\n|\n|t:|1700617167\n|move|p1a: Tapu Koko|U-turn|p2a: Scizor\n|-resisted|p2a: Scizor\n|-damage|p2a: Scizor|47\/100\n|\n|t:|1700617173\n|switch|p1a: Iron Valiant|Iron Valiant|100\/100|[from] U-turn\n|-activate|p1a: Iron Valiant|ability: Quark Drive\n|-start|p1a: Iron Valiant|quarkdrivespe\n|move|p2a: Scizor|Roost|p2a: Scizor\n|-heal|p2a: Scizor|97\/100\n|-singleturn|p2a: Scizor|move: Roost\n|\n|upkeep\n|turn|4\n|\n|t:|1700617187\n|-terastallize|p1a: Iron Valiant|Steel\n|move|p2a: Scizor|Bullet Punch|p1a: Iron Valiant\n|-resisted|p1a: Iron Valiant\n|-damage|p1a: Iron Valiant|83\/100\n|move|p1a: Iron Valiant|Swords Dance|p1a: Iron Valiant\n|-boost|p1a: Iron Valiant|atk|2\n|\n|upkeep\n|turn|5\n|\n|t:|1700617200\n|move|p1a: Iron Valiant|Close Combat|p2a: Scizor\n|-damage|p2a: Scizor|0 fnt\n|-unboost|p1a: Iron Valiant|def|1\n|-unboost|p1a: Iron Valiant|spd|1\n|faint|p2a: Scizor\n|-damage|p1a: Iron Valiant|73\/100|[from] item: Life Orb\n|\n|upkeep\n|\n|t:|1700617213\n|switch|p2a: Skeledirge|Skeledirge, F, shiny|100\/100\n|turn|6\n|\n|t:|1700617218\n|-end|p1a: Iron Valiant|Quark Drive|[silent]\n|switch|p1a: Greninja|Greninja, M|100\/100\n|move|p2a: Skeledirge|Torch Song|p1a: Greninja\n|-resisted|p1a: Greninja\n|-damage|p1a: Greninja|75\/100\n|-boost|p2a: Skeledirge|spa|1\n|\n|-fieldend|move: Electric Terrain\n|upkeep\n|turn|7\n|\n|t:|1700617234\n|-terastallize|p2a: Skeledirge|Fairy\n|move|p1a: Greninja|Dark Pulse|p2a: Skeledirge\n|-resisted|p2a: Skeledirge\n|-damage|p2a: Skeledirge|83\/100\n|-damage|p1a: Greninja|65\/100|[from] item: Life Orb\n|move|p2a: Skeledirge|Torch Song|p1a: Greninja\n|-resisted|p1a: Greninja\n|-damage|p1a: Greninja|32\/100\n|-boost|p2a: Skeledirge|spa|1\n|\n|-heal|p2a: Skeledirge|90\/100|[from] item: Leftovers\n|upkeep\n|turn|8\n|\n|t:|1700617252\n|switch|p1a: Dragonite|Dragonite, F|100\/100\n|move|p2a: Skeledirge|Torch Song|p1a: Dragonite\n|-resisted|p1a: Dragonite\n|-damage|p1a: Dragonite|88\/100\n|-boost|p2a: Skeledirge|spa|1\n|\n|-heal|p2a: Skeledirge|96\/100|[from] item: Leftovers\n|upkeep\n|turn|9\n|\n|t:|1700617270\n|switch|p1a: Banette|Banette-Mega, M|27\/100\n|move|p2a: Skeledirge|Will-O-Wisp|p1a: Banette\n|-status|p1a: Banette|brn\n|\n|-heal|p2a: Skeledirge|100\/100|[from] item: Leftovers\n|-damage|p1a: Banette|21\/100 brn|[from] brn\n|upkeep\n|turn|10\n|\n|t:|1700617279\n|switch|p1a: Tapu Koko|Tapu Koko|59\/100\n|-fieldstart|move: Electric Terrain|[from] ability: Electric Surge|[of] p1a: Tapu Koko\n|switch|p2a: Eldegoss|Eldegoss, F|100\/100\n|\n|upkeep\n|turn|11\n|\n|t:|1700617292\n|move|p1a: Tapu Koko|U-turn|p2a: Eldegoss\n|-supereffective|p2a: Eldegoss\n|-damage|p2a: Eldegoss|70\/100\n|\n|t:|1700617297\n|switch|p1a: Iron Valiant|Iron Valiant, tera:Steel|73\/100|[from] U-turn\n|-activate|p1a: Iron Valiant|ability: Quark Drive\n|-start|p1a: Iron Valiant|quarkdrivespe\n|move|p2a: Eldegoss|Giga Drain|p1a: Iron Valiant\n|-resisted|p1a: Iron Valiant\n|-damage|p1a: Iron Valiant|53\/100\n|-heal|p2a: Eldegoss|79\/100|[from] drain|[of] p1a: Iron Valiant\n|\n|upkeep\n|turn|12\n|\n|t:|1700617318\n|move|p1a: Iron Valiant|Swords Dance|p1a: Iron Valiant\n|-boost|p1a: Iron Valiant|atk|2\n|move|p2a: Eldegoss|Giga Drain|p1a: Iron Valiant\n|-resisted|p1a: Iron Valiant\n|-damage|p1a: Iron Valiant|34\/100\n|-heal|p2a: Eldegoss|87\/100|[from] drain|[of] p1a: Iron Valiant\n|\n|upkeep\n|turn|13\n|\n|t:|1700617332\n|move|p1a: Iron Valiant|Close Combat|p2a: Eldegoss\n|-damage|p2a: Eldegoss|0 fnt\n|-unboost|p1a: Iron Valiant|def|1\n|-unboost|p1a: Iron Valiant|spd|1\n|faint|p2a: Eldegoss\n|-damage|p1a: Iron Valiant|24\/100|[from] item: Life Orb\n|\n|upkeep\n|\n|t:|1700617335\n|switch|p2a: Pawmot|Pawmot, F|100\/100\n|turn|14\n|\n|t:|1700617343\n|-end|p1a: Iron Valiant|Quark Drive|[silent]\n|switch|p1a: Banette|Banette-Mega, M|21\/100 brn\n|move|p2a: Pawmot|Close Combat|p1a: Banette\n|-immune|p1a: Banette\n|\n|-damage|p1a: Banette|15\/100 brn|[from] brn\n|-fieldend|move: Electric Terrain\n|upkeep\n|turn|15\n|\n|t:|1700617353\n|switch|p2a: Toxapex|Toxapex, M, shiny|100\/100\n|move|p1a: Banette|Destiny Bond|p1a: Banette\n|-singlemove|p1a: Banette|Destiny Bond\n|\n|-damage|p1a: Banette|9\/100 brn|[from] brn\n|upkeep\n|turn|16\n|\n|t:|1700617359\n|move|p1a: Banette|Taunt|p2a: Toxapex\n|-start|p2a: Toxapex|move: Taunt\n|cant|p2a: Toxapex|move: Taunt|Toxic\n|\n|-damage|p1a: Banette|3\/100 brn|[from] brn\n|upkeep\n|turn|17\n|\n|t:|1700617372\n|switch|p1a: Tapu Koko|Tapu Koko|59\/100\n|-fieldstart|move: Electric Terrain|[from] ability: Electric Surge|[of] p1a: Tapu Koko\n|move|p2a: Toxapex|Scald|p1a: Tapu Koko\n|-damage|p1a: Tapu Koko|35\/100\n|\n|upkeep\n|turn|18\n|\n|t:|1700617377\n|move|p1a: Tapu Koko|U-turn|p2a: Toxapex\n|-resisted|p2a: Toxapex\n|-damage|p2a: Toxapex|93\/100\n|\n|t:|1700617383\n|switch|p1a: Rillaboom|Rillaboom, F|100\/100|[from] U-turn\n|-fieldstart|move: Grassy Terrain|[from] ability: Grassy Surge|[of] p1a: Rillaboom\n|move|p2a: Toxapex|Infestation|p1a: Rillaboom\n|-supereffective|p1a: Rillaboom\n|-damage|p1a: Rillaboom|94\/100\n|-activate|p1a: Rillaboom|move: Infestation|[of] p2a: Toxapex\n|\n|-heal|p1a: Rillaboom|99\/100|[from] Grassy Terrain\n|-heal|p2a: Toxapex|99\/100|[from] Grassy Terrain\n|-heal|p2a: Toxapex|100\/100|[from] item: Leftovers\n|-damage|p1a: Rillaboom|88\/100|[from] move: Infestation|[partiallytrapped]\n|-end|p2a: Toxapex|move: Taunt\n|upkeep\n|turn|19\n|\n|t:|1700617398\n|move|p1a: Rillaboom|Wood Hammer|p2a: Toxapex\n|-damage|p2a: Toxapex|0 fnt\n|faint|p2a: Toxapex\n|-damage|p1a: Rillaboom|59\/100|[from] Recoil\n|\n|-heal|p1a: Rillaboom|65\/100|[from] Grassy Terrain\n|-end|p1a: Rillaboom|Infestation|[partiallytrapped]|[silent]\n|upkeep\n|\n|t:|1700617404\n|switch|p2a: Skeledirge|Skeledirge, F, shiny, tera:Fairy|100\/100\n|turn|20\n|\n|t:|1700617406\n|move|p1a: Rillaboom|Wood Hammer|p2a: Skeledirge\n|-damage|p2a: Skeledirge|0 fnt\n|faint|p2a: Skeledirge\n|-damage|p1a: Rillaboom|25\/100|[from] Recoil\n|\n|-heal|p1a: Rillaboom|31\/100|[from] Grassy Terrain\n|upkeep\n|\n|t:|1700617409\n|switch|p2a: Landorus|Landorus-Therian, M|100\/100\n|-ability|p2a: Landorus|Intimidate|boost\n|-unboost|p1a: Rillaboom|atk|1\n|turn|21\n|\n|t:|1700617423\n|switch|p1a: Banette|Banette-Mega, M|3\/100 brn\n|move|p2a: Landorus|Toxic||[still]\n|-fail|p2a: Landorus\n|\n|-heal|p1a: Banette|9\/100 brn|[from] Grassy Terrain\n|-damage|p1a: Banette|3\/100 brn|[from] brn\n|upkeep\n|turn|22\n|\n|t:|1700617430\n|move|p1a: Banette|Taunt|p2a: Landorus\n|-start|p2a: Landorus|move: Taunt\n|move|p2a: Landorus|Fly||[still]\n|-prepare|p2a: Landorus|Fly\n|\n|-heal|p1a: Banette|9\/100 brn|[from] Grassy Terrain\n|-damage|p1a: Banette|3\/100 brn|[from] brn\n|-fieldend|move: Grassy Terrain\n|upkeep\n|turn|23\n|\n|t:|1700617436\n|move|p1a: Banette|Destiny Bond|p1a: Banette\n|-singlemove|p1a: Banette|Destiny Bond\n|move|p2a: Landorus|Fly|p1a: Banette|[from]lockedmove\n|-damage|p1a: Banette|0 fnt\n|faint|p1a: Banette\n|-activate|p1a: Banette|move: Destiny Bond\n|faint|p2a: Landorus\n|\n|upkeep\n|\n|t:|1700617445\n|switch|p2a: Pawmot|Pawmot, F|100\/100\n|switch|p1a: Iron Valiant|Iron Valiant, tera:Steel|24\/100\n|turn|24\n|\n|t:|1700617455\n|move|p2a: Pawmot|Revival Blessing|p2a: Pawmot\n|\n|t:|1700617457\n|-heal|p2: Skeledirge|50\/100|[from] move: Revival Blessing\n|move|p1a: Iron Valiant|Spirit Break|p2a: Pawmot\n|-supereffective|p2a: Pawmot\n|-damage|p2a: Pawmot|0 fnt\n|faint|p2a: Pawmot\n|-damage|p1a: Iron Valiant|15\/100|[from] item: Life Orb\n|\n|upkeep\n|\n|t:|1700617459\n|switch|p2a: Skeledirge|Skeledirge, F, shiny|50\/100\n|turn|25\n|\n|t:|1700617471\n|-end|p1a: Iron Valiant|Quark Drive|[silent]\n|switch|p1a: Tapu Koko|Tapu Koko|35\/100\n|-fieldstart|move: Electric Terrain|[from] ability: Electric Surge|[of] p1a: Tapu Koko\n|move|p2a: Skeledirge|Slack Off|p2a: Skeledirge\n|-heal|p2a: Skeledirge|100\/100\n|\n|upkeep\n|turn|26\n|\n|t:|1700617475\n|move|p1a: Tapu Koko|Thunder|p2a: Skeledirge|[miss]\n|-miss|p1a: Tapu Koko|p2a: Skeledirge\n|move|p2a: Skeledirge|Torch Song|p1a: Tapu Koko\n|-damage|p1a: Tapu Koko|0 fnt\n|-boost|p2a: Skeledirge|spa|1\n|faint|p1a: Tapu Koko\n|\n|upkeep\n|\n|t:|1700617484\n|switch|p1a: Greninja|Greninja, M|32\/100\n|turn|27\n|\n|t:|1700617489\n|move|p1a: Greninja|Surf|p2a: Skeledirge\n|-supereffective|p2a: Skeledirge\n|-damage|p2a: Skeledirge|20\/100\n|-damage|p1a: Greninja|22\/100|[from] item: Life Orb\n|move|p2a: Skeledirge|Slack Off|p2a: Skeledirge\n|-heal|p2a: Skeledirge|70\/100\n|\n|-heal|p2a: Skeledirge|76\/100|[from] item: Leftovers\n|upkeep\n|turn|28\n|\n|t:|1700617494\n|move|p1a: Greninja|Surf|p2a: Skeledirge\n|-supereffective|p2a: Skeledirge\n|-damage|p2a: Skeledirge|0 fnt\n|faint|p2a: Skeledirge\n|-damage|p1a: Greninja|12\/100|[from] item: Life Orb\n|\n|win|DJRRRR\n|raw|DJRRRR's rating: 1445 &rarr; <strong>1460<\/strong><br \/>(+15 for winning)\n|raw|Mcantando's rating: 1364 &rarr; <strong>1349<\/strong><br \/>(-15 for losing)\n","uploadtime":1700617497,"views":4,"p1id":"djrrrr","p2id":"mcantando","formatid":"gen9nationaldex","rating":1349,"private":0,"password":""}