{"id":"gen9nationaldex-1996999430","p1":"Kerox","p2":"ERIC0001","format":"[Gen 9] National Dex","log":"|html|<div class=\"broadcast-blue\"><strong>[Gen 9] National Dex is currently suspecting Sneasler! For information on how to participate check out the <a href=\"https:\/\/www.smogon.com\/forums\/threads\/sv-national-dex-suspect-8-just-dance.3731534\/\">suspect thread<\/a>.<\/strong><\/div>\n|j|\u2606Kerox\n|j|\u2606ERIC0001\n|t:|1700754168\n|gametype|singles\n|player|p1|Kerox|red|\n|player|p2|ERIC0001|blue|\n|teamsize|p1|6\n|teamsize|p2|6\n|gen|9\n|tier|[Gen 9] National Dex\n|rule|HP Percentage Mod: HP is shown in percentages\n|rule|Endless Battle Clause: Forcing endless battles is banned\n|rule|OHKO Clause: OHKO moves are banned\n|rule|Evasion Clause: Evasion abilities, items, and moves are banned\n|rule|Evasion Abilities Clause: Evasion abilities are banned\n|rule|Evasion Items Clause: Evasion items are banned\n|rule|Evasion Moves Clause: Evasion moves are banned\n|rule|Species Clause: Limit one of each Pok\u00e9mon\n|rule|Sleep Clause Mod: Limit one foe put to sleep\n|clearpoke\n|poke|p1|Venusaur, M|\n|poke|p1|Kingdra, F|\n|poke|p1|Ninetales, F|\n|poke|p1|Aerodactyl, F|\n|poke|p1|Butterfree, M|\n|poke|p1|Umbreon, M|\n|poke|p2|Charizard, M|\n|poke|p2|Pidgeot, M|\n|poke|p2|Raichu, F|\n|poke|p2|Golduck, M|\n|poke|p2|Beedrill, M|\n|poke|p2|Steelix, F|\n|teampreview\n|\n|t:|1700754179\n|start\n|switch|p1a: Venusaur|Venusaur, M|100\/100\n|switch|p2a: Charizard|Charizard, M|100\/100\n|turn|1\n|\n|t:|1700754189\n|switch|p1a: Ninetales|Ninetales, F|100\/100\n|move|p2a: Charizard|Flamethrower|p1a: Ninetales\n|-start|p1a: Ninetales|ability: Flash Fire\n|\n|upkeep\n|turn|2\n|\n|t:|1700754201\n|move|p1a: Ninetales|Flamethrower|p2a: Charizard\n|-resisted|p2a: Charizard\n|-damage|p2a: Charizard|75\/100\n|move|p2a: Charizard|Dragon Claw|p1a: Ninetales\n|-damage|p1a: Ninetales|75\/100\n|\n|upkeep\n|turn|3\n|\n|t:|1700754222\n|switch|p2a: Raichu|Raichu, F|100\/100\n|move|p1a: Ninetales|Extrasensory|p2a: Raichu\n|-damage|p2a: Raichu|76\/100\n|\n|upkeep\n|turn|4\n|\n|t:|1700754236\n|move|p2a: Raichu|Thunder Punch|p1a: Ninetales\n|-damage|p1a: Ninetales|41\/100\n|move|p1a: Ninetales|Flamethrower|p2a: Raichu\n|-damage|p2a: Raichu|15\/100\n|\n|upkeep\n|turn|5\n|\n|t:|1700754255\n|-end|p1a: Ninetales|ability: Flash Fire|[silent]\n|switch|p1a: Umbreon|Umbreon, M|100\/100\n|move|p2a: Raichu|Thunderbolt|p1a: Umbreon\n|-damage|p1a: Umbreon|77\/100\n|\n|upkeep\n|turn|6\n|\n|t:|1700754267\n|move|p2a: Raichu|Brick Break|p1a: Umbreon\n|-supereffective|p1a: Umbreon\n|-damage|p1a: Umbreon|49\/100\n|move|p1a: Umbreon|Toxic|p2a: Raichu\n|-status|p2a: Raichu|tox\n|\n|-damage|p2a: Raichu|9\/100 tox|[from] psn\n|upkeep\n|turn|7\n|\n|t:|1700754279\n|move|p2a: Raichu|Thunder Punch|p1a: Umbreon\n|-damage|p1a: Umbreon|26\/100\n|move|p1a: Umbreon|Moonlight|p1a: Umbreon\n|-heal|p1a: Umbreon|75\/100\n|\n|-damage|p2a: Raichu|0 fnt|[from] psn\n|faint|p2a: Raichu\n|upkeep\n|\n|t:|1700754288\n|switch|p2a: Pidgeot|Pidgeot, M|100\/100\n|turn|8\n|\n|t:|1700754299\n|move|p2a: Pidgeot|Tailwind|p2a: Pidgeot\n|-sidestart|p2: ERIC0001|move: Tailwind\n|move|p1a: Umbreon|Toxic|p2a: Pidgeot\n|-status|p2a: Pidgeot|tox\n|\n|-damage|p2a: Pidgeot|94\/100 tox|[from] psn\n|upkeep\n|turn|9\n|\n|t:|1700754312\n|move|p2a: Pidgeot|Air Slash|p1a: Umbreon\n|-damage|p1a: Umbreon|59\/100\n|cant|p1a: Umbreon|flinch\n|\n|-damage|p2a: Pidgeot|82\/100 tox|[from] psn\n|upkeep\n|turn|10\n|\n|t:|1700754326\n|move|p2a: Pidgeot|Air Slash|p1a: Umbreon\n|-damage|p1a: Umbreon|41\/100\n|move|p1a: Umbreon|Feint Attack|p2a: Pidgeot\n|-damage|p2a: Pidgeot|62\/100 tox\n|\n|-damage|p2a: Pidgeot|43\/100 tox|[from] psn\n|upkeep\n|turn|11\n|\n|t:|1700754341\n|switch|p1a: Ninetales|Ninetales, F|41\/100\n|move|p2a: Pidgeot|Heat Wave|p1a: Ninetales\n|-start|p1a: Ninetales|ability: Flash Fire\n|\n|-damage|p2a: Pidgeot|19\/100 tox|[from] psn\n|-sideend|p2: ERIC0001|move: Tailwind\n|upkeep\n|turn|12\n|\n|t:|1700754355\n|move|p2a: Pidgeot|Tailwind|p2a: Pidgeot\n|-sidestart|p2: ERIC0001|move: Tailwind\n|move|p1a: Ninetales|Flamethrower|p2a: Pidgeot\n|-damage|p2a: Pidgeot|0 fnt\n|faint|p2a: Pidgeot\n|\n|upkeep\n|\n|t:|1700754366\n|switch|p2a: Steelix|Steelix, F|100\/100\n|turn|13\n|\n|t:|1700754376\n|move|p1a: Ninetales|Flamethrower|p2a: Steelix\n|-supereffective|p2a: Steelix\n|-damage|p2a: Steelix|0 fnt\n|faint|p2a: Steelix\n|\n|upkeep\n|\n|t:|1700754386\n|switch|p2a: Beedrill|Beedrill, M|100\/100\n|turn|14\n|\n|t:|1700754393\n|detailschange|p2a: Beedrill|Beedrill-Mega, M\n|-mega|p2a: Beedrill|Beedrill|Beedrillite\n|move|p2a: Beedrill|Poison Jab|p1a: Ninetales\n|-damage|p1a: Ninetales|0 fnt\n|faint|p1a: Ninetales\n|\n|upkeep\n|\n|t:|1700754412\n|switch|p1a: Umbreon|Umbreon, M|41\/100\n|turn|15\n|\n|t:|1700754421\n|move|p2a: Beedrill|X-Scissor|p1a: Umbreon\n|-supereffective|p1a: Umbreon\n|-damage|p1a: Umbreon|0 fnt\n|faint|p1a: Umbreon\n|\n|-sideend|p2: ERIC0001|move: Tailwind\n|upkeep\n|\n|t:|1700754428\n|switch|p1a: Butterfree|Butterfree, M|100\/100\n|turn|16\n|\n|t:|1700754444\n|move|p2a: Beedrill|Poison Jab|p1a: Butterfree\n|-damage|p1a: Butterfree|0 fnt\n|faint|p1a: Butterfree\n|\n|upkeep\n|\n|t:|1700754452\n|switch|p1a: Aerodactyl|Aerodactyl, F|100\/100\n|turn|17\n|\n|t:|1700754463\n|move|p2a: Beedrill|Brick Break|p1a: Aerodactyl\n|-damage|p1a: Aerodactyl|63\/100\n|move|p1a: Aerodactyl|Rock Blast|p2a: Beedrill\n|-supereffective|p2a: Beedrill\n|-damage|p2a: Beedrill|52\/100\n|-supereffective|p2a: Beedrill\n|-damage|p2a: Beedrill|8\/100\n|-supereffective|p2a: Beedrill\n|-damage|p2a: Beedrill|0 fnt\n|faint|p2a: Beedrill\n|-hitcount|p2: Beedrill|3\n|\n|upkeep\n|\n|t:|1700754473\n|switch|p2a: Golduck|Golduck, M|100\/100\n|turn|18\n|\n|t:|1700754487\n|move|p1a: Aerodactyl|Thunder Fang|p2a: Golduck\n|-supereffective|p2a: Golduck\n|-damage|p2a: Golduck|57\/100\n|move|p2a: Golduck|Water Pulse|p1a: Aerodactyl\n|-supereffective|p1a: Aerodactyl\n|-damage|p1a: Aerodactyl|9\/100\n|\n|upkeep\n|turn|19\n|\n|t:|1700754498\n|move|p1a: Aerodactyl|Wing Attack|p2a: Golduck\n|-damage|p2a: Golduck|25\/100\n|move|p2a: Golduck|Water Pulse|p1a: Aerodactyl\n|-supereffective|p1a: Aerodactyl\n|-damage|p1a: Aerodactyl|0 fnt\n|faint|p1a: Aerodactyl\n|\n|upkeep\n|\n|t:|1700754512\n|switch|p1a: Venusaur|Venusaur, M|100\/100\n|turn|20\n|\n|t:|1700754524\n|move|p2a: Golduck|Psychic|p1a: Venusaur\n|-supereffective|p1a: Venusaur\n|-damage|p1a: Venusaur|59\/100\n|-unboost|p1a: Venusaur|spd|1\n|move|p1a: Venusaur|Razor Leaf|p2a: Golduck\n|-supereffective|p2a: Golduck\n|-damage|p2a: Golduck|0 fnt\n|faint|p2a: Golduck\n|\n|upkeep\n|\n|t:|1700754533\n|switch|p2a: Charizard|Charizard, M|75\/100\n|turn|21\n|\n|t:|1700754544\n|switch|p1a: Kingdra|Kingdra, F|100\/100\n|move|p2a: Charizard|Flamethrower|p1a: Kingdra\n|-resisted|p1a: Kingdra\n|-damage|p1a: Kingdra|91\/100\n|\n|upkeep\n|turn|22\n|\n|t:|1700754555\n|move|p2a: Charizard|Dragon Claw|p1a: Kingdra\n|-supereffective|p1a: Kingdra\n|-damage|p1a: Kingdra|49\/100\n|move|p1a: Kingdra|Bubble Beam|p2a: Charizard\n|-supereffective|p2a: Charizard\n|-crit|p2a: Charizard\n|-damage|p2a: Charizard|0 fnt\n|faint|p2a: Charizard\n|\n|win|Kerox\n|l|\u2606ERIC0001\n","uploadtime":1700754630,"views":3,"p1id":"kerox","p2id":"eric0001","formatid":"gen9nationaldex","rating":0,"private":0,"password":""}