{"id":"gen9nationaldex-1990082620","p1":"Asterax","p2":"Kaiser9874","format":"[Gen 9] National Dex","log":"|j|\u2606Asterax\n|j|\u2606Kaiser9874\n|t:|1699922668\n|gametype|singles\n|player|p1|Asterax|2|\n|player|p2|Kaiser9874|102|\n|teamsize|p1|6\n|teamsize|p2|6\n|gen|9\n|tier|[Gen 9] National Dex\n|rule|HP Percentage Mod: HP is shown in percentages\n|rule|Endless Battle Clause: Forcing endless battles is banned\n|rule|OHKO Clause: OHKO moves are banned\n|rule|Evasion Clause: Evasion abilities, items, and moves are banned\n|rule|Evasion Abilities Clause: Evasion abilities are banned\n|rule|Evasion Items Clause: Evasion items are banned\n|rule|Evasion Moves Clause: Evasion moves are banned\n|rule|Species Clause: Limit one of each Pok\u00e9mon\n|rule|Sleep Clause Mod: Limit one foe put to sleep\n|clearpoke\n|poke|p1|Tapu Koko|\n|poke|p1|Iron Valiant|\n|poke|p1|Hawlucha, M|\n|poke|p1|Iron Moth|\n|poke|p1|Landorus-Therian, M|\n|poke|p1|Scizor, F|\n|poke|p2|Tapu Koko|\n|poke|p2|Sneasler, F|\n|poke|p2|Volcarona, M|\n|poke|p2|Ogerpon-Wellspring, F|\n|poke|p2|Ferrothorn, F|\n|poke|p2|Dragonite, F|\n|teampreview\n|c|\u2606Asterax|Pasa la replay al grupo pls\n|c|\u2606Asterax|Y suerte\n|c|\u2606Kaiser9874|igual suerte\n|\n|t:|1699922721\n|start\n|switch|p1a: Landorus|Landorus-Therian, M|100\/100\n|switch|p2a: Ferrothorn|Ferrothorn, F|100\/100\n|-ability|p1a: Landorus|Intimidate|boost\n|-unboost|p2a: Ferrothorn|atk|1\n|turn|1\n|\n|t:|1699922730\n|move|p1a: Landorus|Stealth Rock|p2a: Ferrothorn\n|-sidestart|p2: Kaiser9874|move: Stealth Rock\n|move|p2a: Ferrothorn|Stealth Rock|p1a: Landorus\n|-sidestart|p1: Asterax|move: Stealth Rock\n|\n|upkeep\n|turn|2\n|\n|t:|1699922740\n|move|p1a: Landorus|Earthquake|p2a: Ferrothorn\n|-damage|p2a: Ferrothorn|75\/100\n|move|p2a: Ferrothorn|Thunder Wave|p1a: Landorus\n|-immune|p1a: Landorus\n|\n|upkeep\n|turn|3\n|\n|t:|1699922747\n|move|p1a: Landorus|Earthquake|p2a: Ferrothorn\n|-damage|p2a: Ferrothorn|47\/100\n|move|p2a: Ferrothorn|Leech Seed|p1a: Landorus\n|-start|p1a: Landorus|move: Leech Seed\n|\n|-damage|p1a: Landorus|88\/100|[from] Leech Seed|[of] p2a: Ferrothorn\n|-heal|p2a: Ferrothorn|58\/100|[silent]\n|upkeep\n|turn|4\n|\n|t:|1699922756\n|move|p1a: Landorus|Earthquake|p2a: Ferrothorn\n|-damage|p2a: Ferrothorn|29\/100\n|move|p2a: Ferrothorn|Spikes|p1a: Landorus\n|-sidestart|p1: Asterax|Spikes\n|\n|-heal|p1a: Landorus|94\/100|[from] item: Leftovers\n|-damage|p1a: Landorus|82\/100|[from] Leech Seed|[of] p2a: Ferrothorn\n|-heal|p2a: Ferrothorn|41\/100|[silent]\n|upkeep\n|turn|5\n|\n|t:|1699922771\n|switch|p1a: Iron Moth|Iron Moth|100\/100\n|move|p2a: Ferrothorn|Spikes|p1a: Iron Moth\n|-sidestart|p1: Asterax|Spikes\n|\n|upkeep\n|turn|6\n|\n|t:|1699922793\n|move|p1a: Iron Moth|Fiery Dance|p2a: Ferrothorn\n|-supereffective|p2a: Ferrothorn\n|-damage|p2a: Ferrothorn|0 fnt\n|faint|p2a: Ferrothorn\n|\n|upkeep\n|\n|t:|1699922805\n|switch|p2a: Ogerpon|Ogerpon-Wellspring, F|100\/100\n|-damage|p2a: Ogerpon|88\/100|[from] Stealth Rock\n|turn|7\n|\n|t:|1699922815\n|-end|p1a: Iron Moth|Quark Drive|[silent]\n|switch|p1a: Landorus|Landorus-Therian, M|82\/100\n|-damage|p1a: Landorus|70\/100|[from] Stealth Rock\n|-ability|p1a: Landorus|Intimidate|boost\n|-unboost|p2a: Ogerpon|atk|1\n|move|p2a: Ogerpon|Ivy Cudgel|p1a: Landorus\n|-supereffective|p1a: Landorus\n|-damage|p1a: Landorus|4\/100\n|\n|-heal|p1a: Landorus|10\/100|[from] item: Leftovers\n|upkeep\n|turn|8\n|\n|t:|1699922830\n|move|p2a: Ogerpon|Ivy Cudgel|p1a: Landorus\n|-supereffective|p1a: Landorus\n|-crit|p1a: Landorus\n|-damage|p1a: Landorus|0 fnt\n|faint|p1a: Landorus\n|\n|upkeep\n|\n|t:|1699922840\n|switch|p1a: Tapu Koko|Tapu Koko|100\/100\n|-damage|p1a: Tapu Koko|88\/100|[from] Stealth Rock\n|-damage|p1a: Tapu Koko|72\/100|[from] Spikes\n|-fieldstart|move: Electric Terrain|[from] ability: Electric Surge|[of] p1a: Tapu Koko\n|turn|9\n|\n|t:|1699922859\n|switch|p2a: Tapu Koko|Tapu Koko|100\/100\n|-damage|p2a: Tapu Koko|88\/100|[from] Stealth Rock\n|move|p1a: Tapu Koko|Thunderbolt|p2a: Tapu Koko\n|-resisted|p2a: Tapu Koko\n|-damage|p2a: Tapu Koko|60\/100\n|\n|upkeep\n|turn|10\n|\n|t:|1699922867\n|move|p1a: Tapu Koko|Dazzling Gleam|p2a: Tapu Koko\n|-damage|p2a: Tapu Koko|18\/100\n|move|p2a: Tapu Koko|Reflect|p2a: Tapu Koko\n|-sidestart|p2: Kaiser9874|Reflect\n|\n|upkeep\n|turn|11\n|\n|t:|1699922875\n|move|p2a: Tapu Koko|Light Screen|p2a: Tapu Koko\n|-sidestart|p2: Kaiser9874|move: Light Screen\n|move|p1a: Tapu Koko|Dazzling Gleam|p2a: Tapu Koko\n|-damage|p2a: Tapu Koko|0 fnt\n|faint|p2a: Tapu Koko\n|\n|upkeep\n|\n|t:|1699922884\n|switch|p2a: Volcarona|Volcarona, M|100\/100\n|turn|12\n|\n|t:|1699922901\n|-terastallize|p2a: Volcarona|Ground\n|move|p1a: Tapu Koko|U-turn|p2a: Volcarona\n|-damage|p2a: Volcarona|88\/100\n|\n|t:|1699922916\n|switch|p1a: Iron Valiant|Iron Valiant|100\/100|[from] U-turn\n|-damage|p1a: Iron Valiant|94\/100|[from] Stealth Rock\n|-damage|p1a: Iron Valiant|78\/100|[from] Spikes\n|-activate|p1a: Iron Valiant|ability: Quark Drive\n|-start|p1a: Iron Valiant|quarkdrivespe\n|move|p2a: Volcarona|Quiver Dance|p2a: Volcarona\n|-boost|p2a: Volcarona|spa|1\n|-boost|p2a: Volcarona|spd|1\n|-boost|p2a: Volcarona|spe|1\n|\n|upkeep\n|turn|13\n|\n|t:|1699922935\n|move|p1a: Iron Valiant|Moonblast|p2a: Volcarona\n|-damage|p2a: Volcarona|67\/100\n|-damage|p1a: Iron Valiant|68\/100|[from] item: Life Orb\n|move|p2a: Volcarona|Fiery Dance|p1a: Iron Valiant\n|-damage|p1a: Iron Valiant|0 fnt\n|-boost|p2a: Volcarona|spa|1\n|faint|p1a: Iron Valiant\n|-end|p1a: Iron Valiant|Quark Drive|[silent]\n|\n|upkeep\n|\n|t:|1699922953\n|switch|p1a: Iron Moth|Iron Moth|100\/100\n|-activate|p1a: Iron Moth|ability: Quark Drive\n|-start|p1a: Iron Moth|quarkdrivespe\n|turn|14\n|\n|t:|1699922959\n|move|p1a: Iron Moth|Energy Ball|p2a: Volcarona\n|-supereffective|p2a: Volcarona\n|-damage|p2a: Volcarona|43\/100\n|-unboost|p2a: Volcarona|spd|1\n|move|p2a: Volcarona|Quiver Dance|p2a: Volcarona\n|-boost|p2a: Volcarona|spa|1\n|-boost|p2a: Volcarona|spd|1\n|-boost|p2a: Volcarona|spe|1\n|\n|upkeep\n|turn|15\n|\n|t:|1699922976\n|move|p2a: Volcarona|Quiver Dance|p2a: Volcarona\n|-boost|p2a: Volcarona|spa|1\n|-boost|p2a: Volcarona|spd|1\n|-boost|p2a: Volcarona|spe|1\n|move|p1a: Iron Moth|Energy Ball|p2a: Volcarona\n|-supereffective|p2a: Volcarona\n|-damage|p2a: Volcarona|26\/100\n|\n|upkeep\n|turn|16\n|\n|t:|1699922987\n|move|p2a: Volcarona|Tera Blast|p1a: Iron Moth|[anim] Tera Blast Ground\n|-supereffective|p1a: Iron Moth\n|-damage|p1a: Iron Moth|0 fnt\n|faint|p1a: Iron Moth\n|-end|p1a: Iron Moth|Quark Drive|[silent]\n|\n|-fieldend|move: Electric Terrain\n|upkeep\n|\n|t:|1699922994\n|switch|p1a: Tapu Koko|Tapu Koko|72\/100\n|-damage|p1a: Tapu Koko|59\/100|[from] Stealth Rock\n|-damage|p1a: Tapu Koko|43\/100|[from] Spikes\n|-fieldstart|move: Electric Terrain|[from] ability: Electric Surge|[of] p1a: Tapu Koko\n|turn|17\n|\n|t:|1699923007\n|move|p2a: Volcarona|Giga Drain|p1a: Tapu Koko\n|-damage|p1a: Tapu Koko|0 fnt\n|-heal|p2a: Volcarona|46\/100|[from] drain|[of] p1a: Tapu Koko\n|faint|p1a: Tapu Koko\n|\n|-sideend|p2: Kaiser9874|Reflect\n|upkeep\n|\n|t:|1699923017\n|switch|p1a: Hawlucha|Hawlucha, M|100\/100\n|-damage|p1a: Hawlucha|88\/100|[from] Stealth Rock\n|-enditem|p1a: Hawlucha|Electric Seed\n|-boost|p1a: Hawlucha|def|1|[from] item: Electric Seed\n|turn|18\n|\n|t:|1699923028\n|move|p2a: Volcarona|Fiery Dance|p1a: Hawlucha\n|-damage|p1a: Hawlucha|0 fnt\n|-boost|p2a: Volcarona|spa|1\n|faint|p1a: Hawlucha\n|\n|-sideend|p2: Kaiser9874|move: Light Screen\n|upkeep\n|\n|t:|1699923035\n|switch|p1a: Scizor|Scizor, F|100\/100\n|-damage|p1a: Scizor|88\/100|[from] Stealth Rock\n|-damage|p1a: Scizor|72\/100|[from] Spikes\n|turn|19\n|\n|t:|1699923045\n|switch|p2a: Sneasler|Sneasler, F|100\/100\n|-damage|p2a: Sneasler|95\/100|[from] Stealth Rock\n|-enditem|p2a: Sneasler|Electric Seed\n|-boost|p2a: Sneasler|def|1|[from] item: Electric Seed\n|detailschange|p1a: Scizor|Scizor-Mega, F\n|-mega|p1a: Scizor|Scizor|Scizorite\n|move|p1a: Scizor|Bullet Punch|p2a: Sneasler\n|-damage|p2a: Sneasler|54\/100\n|\n|upkeep\n|turn|20\n|\n|t:|1699923063\n|move|p2a: Sneasler|Close Combat|p1a: Scizor\n|-damage|p1a: Scizor|16\/100\n|-unboost|p2a: Sneasler|def|1\n|-unboost|p2a: Sneasler|spd|1\n|move|p1a: Scizor|Swords Dance|p1a: Scizor\n|-boost|p1a: Scizor|atk|2\n|\n|upkeep\n|turn|21\n|\n|t:|1699923091\n|move|p1a: Scizor|Bullet Punch|p2a: Sneasler\n|-damage|p2a: Sneasler|0 fnt\n|faint|p2a: Sneasler\n|\n|upkeep\n|\n|t:|1699923095\n|switch|p2a: Dragonite|Dragonite, F|100\/100\n|turn|22\n|\n|t:|1699923099\n|move|p1a: Scizor|Bullet Punch|p2a: Dragonite\n|-damage|p2a: Dragonite|60\/100\n|move|p2a: Dragonite|Fire Punch|p1a: Scizor\n|-supereffective|p1a: Scizor\n|-damage|p1a: Scizor|0 fnt\n|faint|p1a: Scizor\n|\n|win|Kaiser9874\n|l|\u2606Asterax\n","uploadtime":1699923170,"views":22,"p1id":"asterax","p2id":"kaiser9874","formatid":"gen9nationaldex","rating":0,"private":0,"password":""}