{"id":"gen9nationaldex-1994830740","p1":"Maeby Mitenaut","p2":"Dragoncharmer 2023","format":"[Gen 9] National Dex","log":"|html|<div class=\"broadcast-blue\"><strong>[Gen 9] National Dex is currently suspecting Sneasler! For information on how to participate check out the <a href=\"https:\/\/www.smogon.com\/forums\/threads\/sv-national-dex-suspect-8-just-dance.3731534\/\">suspect thread<\/a>.<\/strong><\/div>\n|j|\u2606Maeby Mitenaut\n|j|\u2606Dragoncharmer 2023\n|t:|1700496780\n|gametype|singles\n|player|p1|Maeby Mitenaut|dahlia|1196\n|player|p2|Dragoncharmer 2023|cilan|1142\n|teamsize|p1|6\n|teamsize|p2|6\n|gen|9\n|tier|[Gen 9] National Dex\n|rated|\n|rule|HP Percentage Mod: HP is shown in percentages\n|rule|Endless Battle Clause: Forcing endless battles is banned\n|rule|OHKO Clause: OHKO moves are banned\n|rule|Evasion Clause: Evasion abilities, items, and moves are banned\n|rule|Evasion Abilities Clause: Evasion abilities are banned\n|rule|Evasion Items Clause: Evasion items are banned\n|rule|Evasion Moves Clause: Evasion moves are banned\n|rule|Species Clause: Limit one of each Pok\u00e9mon\n|rule|Sleep Clause Mod: Limit one foe put to sleep\n|clearpoke\n|poke|p1|Raichu-Alola, M|\n|poke|p1|Clodsire, F|\n|poke|p1|Tapu Koko|\n|poke|p1|Arctozolt|\n|poke|p1|Iron Hands|\n|poke|p1|Ninetales-Alola, F|\n|poke|p2|Serperior, F|\n|poke|p2|Flygon, F|\n|poke|p2|Goodra, F|\n|poke|p2|Salazzle, F|\n|poke|p2|Arctozolt|\n|poke|p2|Aurorus, F|\n|teampreview\n|inactive|Battle timer is ON: inactive players will automatically lose when time's up. (requested by Maeby Mitenaut)\n|\n|t:|1700496805\n|start\n|switch|p1a: 9er|Ninetales-Alola, F, shiny|100\/100\n|switch|p2a: Shealady|Salazzle, F|100\/100\n|-weather|Snow|[from] ability: Snow Warning|[of] p1a: 9er\n|turn|1\n|\n|t:|1700496813\n|move|p2a: Shealady|Taunt|p1a: 9er\n|-start|p1a: 9er|move: Taunt\n|cant|p1a: 9er|move: Taunt|Aurora Veil\n|\n|-weather|Snow|[upkeep]\n|upkeep\n|turn|2\n|\n|t:|1700496819\n|switch|p1a: Bluck Buck|Tapu Koko, shiny|100\/100\n|-fieldstart|move: Electric Terrain|[from] ability: Electric Surge|[of] p1a: Bluck Buck\n|move|p2a: Shealady|Sludge Bomb|p1a: Bluck Buck\n|-supereffective|p1a: Bluck Buck\n|-damage|p1a: Bluck Buck|0 fnt\n|faint|p1a: Bluck Buck\n|\n|-weather|Snow|[upkeep]\n|upkeep\n|\n|t:|1700496831\n|switch|p1a: Big Pap\u00ed|Iron Hands|100\/100\n|-activate|p1a: Big Pap\u00ed|ability: Quark Drive\n|-start|p1a: Big Pap\u00ed|quarkdriveatk\n|turn|3\n|\n|t:|1700496849\n|switch|p2a: Cricket|Flygon, F|100\/100\n|move|p1a: Big Pap\u00ed|Earthquake|p2a: Cricket\n|-immune|p2a: Cricket|[from] ability: Levitate\n|\n|-weather|Snow|[upkeep]\n|upkeep\n|turn|4\n|\n|t:|1700496860\n|-end|p1a: Big Pap\u00ed|Quark Drive|[silent]\n|switch|p1a: Gritty|Arctozolt, shiny|100\/100\n|move|p2a: Cricket|Earthquake|p1a: Gritty\n|-supereffective|p1a: Gritty\n|-damage|p1a: Gritty|35\/100\n|\n|-weather|Snow|[upkeep]\n|upkeep\n|turn|5\n|\n|t:|1700496881\n|switch|p2a: Clarity|Aurorus, F|100\/100\n|move|p1a: Gritty|Blizzard|p2a: Clarity\n|-resisted|p2a: Clarity\n|-damage|p2a: Clarity|87\/100\n|\n|-weather|Snow|[upkeep]\n|upkeep\n|turn|6\n|\n|t:|1700496890\n|switch|p1a: M'Boi|Raichu-Alola, M, shiny|100\/100\n|move|p2a: Clarity|Stealth Rock|p1a: M'Boi\n|-sidestart|p1: Maeby Mitenaut|move: Stealth Rock\n|\n|-weather|Snow|[upkeep]\n|upkeep\n|turn|7\n|\n|t:|1700496896\n|move|p1a: M'Boi|Psychic|p2a: Clarity\n|-damage|p2a: Clarity|56\/100\n|-unboost|p2a: Clarity|spd|1\n|move|p2a: Clarity|Aurora Veil|p2a: Clarity\n|-sidestart|p2: Dragoncharmer 2023|move: Aurora Veil\n|\n|-weather|Snow|[upkeep]\n|upkeep\n|turn|8\n|\n|t:|1700496915\n|switch|p2a: Cricket|Flygon, F|100\/100\n|move|p1a: M'Boi|Rising Voltage|p2a: Cricket\n|-immune|p2a: Cricket\n|\n|-weather|none\n|upkeep\n|turn|9\n|c|\u2606Maeby Mitenaut|oof you KILLING me with the switches lol kudos kudos\n|\n|t:|1700496933\n|move|p1a: M'Boi|Psychic|p2a: Cricket\n|-damage|p2a: Cricket|71\/100\n|move|p2a: Cricket|Earthquake|p1a: M'Boi\n|-supereffective|p1a: M'Boi\n|-damage|p1a: M'Boi|0 fnt\n|faint|p1a: M'Boi\n|\n|-fieldend|move: Electric Terrain\n|upkeep\n|\n|t:|1700496942\n|switch|p1a: 9er|Ninetales-Alola, F, shiny|100\/100\n|-damage|p1a: 9er|76\/100|[from] Stealth Rock\n|-weather|Snow|[from] ability: Snow Warning|[of] p1a: 9er\n|turn|10\n|c|\u2606Dragoncharmer 2023|i got wrecked by those earlier too\n|\n|t:|1700496961\n|switch|p2a: Clarity|Aurorus, F|56\/100\n|move|p1a: 9er|Aurora Veil|p1a: 9er\n|-sidestart|p1: Maeby Mitenaut|move: Aurora Veil\n|\n|-weather|Snow|[upkeep]\n|upkeep\n|turn|11\n|c|\u2606Maeby Mitenaut|your team is super cool btw - nice balance and coverage\n|c|\u2606Dragoncharmer 2023|thnx\n|c|\u2606Dragoncharmer 2023|all my favs\n|\n|t:|1700496981\n|move|p1a: 9er|Moonblast|p2a: Clarity\n|-damage|p2a: Clarity|46\/100\n|-unboost|p2a: Clarity|spa|1\n|move|p2a: Clarity|Aurora Veil||[still]\n|-fail|p2a: Clarity\n|\n|-weather|Snow|[upkeep]\n|-sideend|p2: Dragoncharmer 2023|move: Aurora Veil\n|upkeep\n|turn|12\n|c|\u2606Maeby Mitenaut|those are the best teams <3 Mine too :)\n|\n|t:|1700496998\n|switch|p2a: Shealady|Salazzle, F|100\/100\n|move|p1a: 9er|Blizzard|p2a: Shealady\n|-resisted|p2a: Shealady\n|-damage|p2a: Shealady|71\/100\n|\n|-weather|Snow|[upkeep]\n|upkeep\n|turn|13\n|c|\u2606Dragoncharmer 2023|always a fan of arctozolt enjoyers\n|\n|t:|1700497017\n|move|p2a: Shealady|Sludge Bomb|p1a: 9er\n|-supereffective|p1a: 9er\n|-damage|p1a: 9er|31\/100\n|-status|p1a: 9er|psn\n|move|p1a: 9er|Moonblast|p2a: Shealady\n|-resisted|p2a: Shealady\n|-damage|p2a: Shealady|58\/100\n|\n|-weather|Snow|[upkeep]\n|-damage|p1a: 9er|18\/100 psn|[from] psn\n|upkeep\n|turn|14\n|\n|t:|1700497030\n|move|p2a: Shealady|Sludge Bomb|p1a: 9er\n|-supereffective|p1a: 9er\n|-damage|p1a: 9er|0 fnt\n|faint|p1a: 9er\n|\n|-weather|Snow|[upkeep]\n|-sideend|p1: Maeby Mitenaut|move: Aurora Veil\n|upkeep\n|\n|t:|1700497037\n|switch|p1a: Gritty|Arctozolt, shiny|35\/100\n|-damage|p1a: Gritty|10\/100|[from] Stealth Rock\n|-enditem|p1a: Gritty|Aguav Berry|[eat]\n|-heal|p1a: Gritty|43\/100|[from] item: Aguav Berry\n|turn|15\n|\n|t:|1700497054\n|move|p1a: Gritty|Iron Tail|p2a: Shealady\n|-resisted|p2a: Shealady\n|-damage|p2a: Shealady|31\/100\n|move|p2a: Shealady|Flamethrower|p1a: Gritty\n|-supereffective|p1a: Gritty\n|-damage|p1a: Gritty|0 fnt\n|faint|p1a: Gritty\n|\n|-weather|Snow|[upkeep]\n|upkeep\n|\n|t:|1700497062\n|switch|p1a: Big Pap\u00ed|Iron Hands|100\/100\n|-damage|p1a: Big Pap\u00ed|94\/100|[from] Stealth Rock\n|turn|16\n|\n|t:|1700497066\n|move|p2a: Shealady|Toxic|p1a: Big Pap\u00ed\n|-status|p1a: Big Pap\u00ed|tox\n|move|p1a: Big Pap\u00ed|Drain Punch|p2a: Shealady\n|-resisted|p2a: Shealady\n|-damage|p2a: Shealady|0 fnt\n|-heal|p1a: Big Pap\u00ed|100\/100 tox|[from] drain|[of] p2a: Shealady\n|faint|p2a: Shealady\n|\n|-weather|Snow|[upkeep]\n|-damage|p1a: Big Pap\u00ed|94\/100 tox|[from] psn\n|upkeep\n|\n|t:|1700497079\n|switch|p2a: Glory|Serperior, F|100\/100\n|turn|17\n|\n|t:|1700497099\n|move|p2a: Glory|Leaf Storm|p1a: Big Pap\u00ed\n|-crit|p1a: Big Pap\u00ed\n|-damage|p1a: Big Pap\u00ed|47\/100 tox\n|-boost|p2a: Glory|spa|2\n|move|p1a: Big Pap\u00ed|Fire Punch|p2a: Glory\n|-supereffective|p2a: Glory\n|-damage|p2a: Glory|39\/100\n|\n|-weather|none\n|-heal|p2a: Glory|45\/100|[from] item: Leftovers\n|-damage|p1a: Big Pap\u00ed|34\/100 tox|[from] psn\n|upkeep\n|turn|18\n|\n|t:|1700497111\n|move|p2a: Glory|Leaf Storm|p1a: Big Pap\u00ed|[miss]\n|-miss|p2a: Glory|p1a: Big Pap\u00ed\n|move|p1a: Big Pap\u00ed|Fire Punch|p2a: Glory\n|-supereffective|p2a: Glory\n|-damage|p2a: Glory|0 fnt\n|faint|p2a: Glory\n|\n|-damage|p1a: Big Pap\u00ed|16\/100 tox|[from] psn\n|upkeep\n|\n|t:|1700497120\n|switch|p2a: Cricket|Flygon, F|71\/100\n|turn|19\n|\n|t:|1700497127\n|move|p2a: Cricket|Earthquake|p1a: Big Pap\u00ed\n|-supereffective|p1a: Big Pap\u00ed\n|-damage|p1a: Big Pap\u00ed|0 fnt\n|faint|p1a: Big Pap\u00ed\n|-end|p1a: Big Pap\u00ed|Quark Drive|[silent]\n|\n|upkeep\n|\n|t:|1700497132\n|switch|p1a: Muddy Buddy|Clodsire, F|100\/100\n|-damage|p1a: Muddy Buddy|94\/100|[from] Stealth Rock\n|turn|20\n|\n|t:|1700497139\n|-terastallize|p2a: Cricket|Steel\n|-terastallize|p1a: Muddy Buddy|Flying\n|move|p2a: Cricket|Earthquake|p1a: Muddy Buddy\n|-immune|p1a: Muddy Buddy\n|move|p1a: Muddy Buddy|Toxic|p2a: Cricket\n|-immune|p2a: Cricket\n|\n|-heal|p1a: Muddy Buddy|100\/100|[from] item: Leftovers\n|upkeep\n|turn|21\n|c|\u2606Maeby Mitenaut|OOOOOOO youuuu are\n|c|\u2606Maeby Mitenaut|so good loll\n|c|\u2606Dragoncharmer 2023|jinx outplayed\n|\n|t:|1700497161\n|move|p2a: Cricket|Scale Shot|p1a: Muddy Buddy\n|-damage|p1a: Muddy Buddy|90\/100\n|-damage|p1a: Muddy Buddy|76\/100\n|-damage|p1a: Muddy Buddy|63\/100\n|-damage|p1a: Muddy Buddy|50\/100\n|-damage|p1a: Muddy Buddy|39\/100\n|-hitcount|p1a: Muddy Buddy|5\n|-unboost|p2a: Cricket|def|1\n|-boost|p2a: Cricket|spe|1\n|move|p1a: Muddy Buddy|Stockpile|p1a: Muddy Buddy\n|-start|p1a: Muddy Buddy|stockpile1\n|-boost|p1a: Muddy Buddy|def|1\n|-boost|p1a: Muddy Buddy|spd|1\n|\n|-heal|p1a: Muddy Buddy|45\/100|[from] item: Leftovers\n|upkeep\n|turn|22\n|\n|t:|1700497178\n|move|p2a: Cricket|Scale Shot|p1a: Muddy Buddy|[miss]\n|-miss|p2a: Cricket|p1a: Muddy Buddy\n|move|p1a: Muddy Buddy|Recover|p1a: Muddy Buddy\n|-heal|p1a: Muddy Buddy|95\/100\n|\n|-heal|p1a: Muddy Buddy|100\/100|[from] item: Leftovers\n|upkeep\n|turn|23\n|\n|t:|1700497185\n|move|p2a: Cricket|Dragon Dance|p2a: Cricket\n|-boost|p2a: Cricket|atk|1\n|-boost|p2a: Cricket|spe|1\n|move|p1a: Muddy Buddy|Stockpile|p1a: Muddy Buddy\n|-start|p1a: Muddy Buddy|stockpile2\n|-boost|p1a: Muddy Buddy|def|1\n|-boost|p1a: Muddy Buddy|spd|1\n|\n|upkeep\n|turn|24\n|\n|t:|1700497192\n|move|p2a: Cricket|Dragon Dance|p2a: Cricket\n|-boost|p2a: Cricket|atk|1\n|-boost|p2a: Cricket|spe|1\n|move|p1a: Muddy Buddy|Stockpile|p1a: Muddy Buddy\n|-start|p1a: Muddy Buddy|stockpile3\n|-boost|p1a: Muddy Buddy|def|1\n|-boost|p1a: Muddy Buddy|spd|1\n|\n|upkeep\n|turn|25\n|\n|t:|1700497207\n|move|p2a: Cricket|Scale Shot|p1a: Muddy Buddy|[miss]\n|-miss|p2a: Cricket|p1a: Muddy Buddy\n|move|p1a: Muddy Buddy|Body Press|p2a: Cricket\n|-supereffective|p2a: Cricket\n|-damage|p2a: Cricket|0 fnt\n|faint|p2a: Cricket\n|\n|upkeep\n|\n|t:|1700497218\n|switch|p2a: Clarity|Aurorus, F|46\/100\n|-weather|Snow|[from] ability: Snow Warning|[of] p2a: Clarity\n|turn|26\n|\n|t:|1700497233\n|move|p2a: Clarity|Aurora Veil|p2a: Clarity\n|-sidestart|p2: Dragoncharmer 2023|move: Aurora Veil\n|move|p1a: Muddy Buddy|Toxic|p2a: Clarity\n|-status|p2a: Clarity|tox\n|\n|-weather|Snow|[upkeep]\n|-damage|p2a: Clarity|40\/100 tox|[from] psn\n|upkeep\n|turn|27\n|\n|t:|1700497239\n|move|p2a: Clarity|Freeze-Dry|p1a: Muddy Buddy\n|-supereffective|p1a: Muddy Buddy\n|-damage|p1a: Muddy Buddy|91\/100\n|-status|p1a: Muddy Buddy|frz\n|-curestatus|p1a: Muddy Buddy|frz|[msg]\n|move|p1a: Muddy Buddy|Body Press|p2a: Clarity\n|-supereffective|p2a: Clarity\n|-damage|p2a: Clarity|11\/100 tox\n|-enditem|p2a: Clarity|Aguav Berry|[eat]\n|-heal|p2a: Clarity|44\/100 tox|[from] item: Aguav Berry\n|\n|-weather|Snow|[upkeep]\n|-heal|p1a: Muddy Buddy|97\/100|[from] item: Leftovers\n|-damage|p2a: Clarity|32\/100 tox|[from] psn\n|upkeep\n|turn|28\n|\n|t:|1700497253\n|move|p2a: Clarity|Freeze-Dry|p1a: Muddy Buddy\n|-supereffective|p1a: Muddy Buddy\n|-damage|p1a: Muddy Buddy|88\/100\n|move|p1a: Muddy Buddy|Body Press|p2a: Clarity\n|-supereffective|p2a: Clarity\n|-damage|p2a: Clarity|1\/100 tox\n|\n|-weather|Snow|[upkeep]\n|-heal|p1a: Muddy Buddy|94\/100|[from] item: Leftovers\n|-damage|p2a: Clarity|0 fnt|[from] psn\n|faint|p2a: Clarity\n|upkeep\n|c|\u2606Maeby Mitenaut|that was the luckiest thaw ever\n|\n|t:|1700497266\n|switch|p2a: Chilley Boi|Arctozolt|100\/100\n|turn|29\n|\n|t:|1700497271\n|move|p2a: Chilley Boi|Bolt Beak|p1a: Muddy Buddy\n|-supereffective|p1a: Muddy Buddy\n|-crit|p1a: Muddy Buddy\n|-damage|p1a: Muddy Buddy|0 fnt\n|faint|p1a: Muddy Buddy\n|\n|win|Dragoncharmer 2023\n|raw|Maeby Mitenaut's rating: 1196 &rarr; <strong>1167<\/strong><br \/>(-29 for losing)\n|raw|Dragoncharmer 2023's rating: 1142 &rarr; <strong>1171<\/strong><br \/>(+29 for winning)\n|c|\u2606Maeby Mitenaut|ggz my friend\n|c|\u2606Dragoncharmer 2023|YEESH THE CRIT\n|c|\u2606Dragoncharmer 2023|GG\n|c|\u2606Maeby Mitenaut|keep crushin!\n|c|\u2606Dragoncharmer 2023|you too man\n","uploadtime":1700497295,"views":4,"p1id":"maebymitenaut","p2id":"dragoncharmer2023","formatid":"gen9nationaldex","rating":1167,"private":0,"password":""}