{"id":"gen9nationaldex-1992630553","p1":"Anhkiet","p2":"wwaaa","format":"[Gen 9] National Dex","log":"|j|\u2606Anhkiet\n|j|\u2606wwaaa\n|t:|1700217511\n|gametype|singles\n|player|p1|Anhkiet|102|1669\n|player|p2|wwaaa|lillie-masters|1675\n|teamsize|p1|6\n|teamsize|p2|6\n|gen|9\n|tier|[Gen 9] National Dex\n|rated|\n|rule|HP Percentage Mod: HP is shown in percentages\n|rule|Endless Battle Clause: Forcing endless battles is banned\n|rule|OHKO Clause: OHKO moves are banned\n|rule|Evasion Clause: Evasion abilities, items, and moves are banned\n|rule|Evasion Abilities Clause: Evasion abilities are banned\n|rule|Evasion Items Clause: Evasion items are banned\n|rule|Evasion Moves Clause: Evasion moves are banned\n|rule|Species Clause: Limit one of each Pok\u00e9mon\n|rule|Sleep Clause Mod: Limit one foe put to sleep\n|clearpoke\n|poke|p1|Sharpedo, M|\n|poke|p1|Pelipper, F|\n|poke|p1|Serperior, M|\n|poke|p1|Gorebyss, M|\n|poke|p1|Barraskewda, M|\n|poke|p1|Ogerpon-Wellspring, F|\n|poke|p2|Weavile, M|\n|poke|p2|Zamazenta-*|\n|poke|p2|Banette, M|\n|poke|p2|Dragonite, F|\n|poke|p2|Slowking-Galar, F|\n|poke|p2|Ferrothorn, M|\n|teampreview\n|inactive|Battle timer is ON: inactive players will automatically lose when time's up. (requested by wwaaa)\n|inactive|Anhkiet has 120 seconds left.\n|j| Nomer16\n|\n|t:|1700217573\n|start\n|switch|p1a: Pelipper|Pelipper, F|100\/100\n|switch|p2a: Slowking|Slowking-Galar, F|100\/100\n|-weather|RainDance|[from] ability: Drizzle|[of] p1a: Pelipper\n|turn|1\n|\n|t:|1700217578\n|move|p1a: Pelipper|U-turn|p2a: Slowking\n|-damage|p2a: Slowking|91\/100\n|\n|t:|1700217580\n|switch|p1a: Sharpedo|Sharpedo, M|100\/100|[from] U-turn\n|move|p2a: Slowking|Toxic Spikes|p1a: Sharpedo\n|-sidestart|p1: Anhkiet|move: Toxic Spikes\n|\n|-weather|RainDance|[upkeep]\n|upkeep\n|turn|2\n|\n|t:|1700217588\n|move|p1a: Sharpedo|Liquidation|p2a: Slowking\n|-damage|p2a: Slowking|22\/100\n|move|p2a: Slowking|Chilly Reception|p2a: Slowking\n|-weather|Snow\n|\n|t:|1700217599\n|switch|p2a: Ferrothorn|Ferrothorn, M|100\/100|[from] Chilly Reception\n|\n|-weather|Snow|[upkeep]\n|-ability|p1a: Sharpedo|Speed Boost|boost\n|-boost|p1a: Sharpedo|spe|1\n|upkeep\n|turn|3\n|\n|t:|1700217616\n|switch|p1a: Pelipper|Pelipper, F|100\/100\n|-weather|RainDance|[from] ability: Drizzle|[of] p1a: Pelipper\n|move|p2a: Ferrothorn|Power Whip|p1a: Pelipper\n|-damage|p1a: Pelipper|59\/100\n|\n|-weather|RainDance|[upkeep]\n|upkeep\n|turn|4\n|\n|t:|1700217623\n|move|p1a: Pelipper|Hurricane|p2a: Ferrothorn\n|-damage|p2a: Ferrothorn|66\/100\n|move|p2a: Ferrothorn|Stealth Rock|p1a: Pelipper\n|-sidestart|p1: Anhkiet|move: Stealth Rock\n|\n|-weather|RainDance|[upkeep]\n|-heal|p2a: Ferrothorn|72\/100|[from] item: Leftovers\n|upkeep\n|turn|5\n|\n|t:|1700217642\n|move|p1a: Pelipper|Hurricane|p2a: Ferrothorn\n|-damage|p2a: Ferrothorn|38\/100\n|move|p2a: Ferrothorn|Leech Seed|p1a: Pelipper\n|-start|p1a: Pelipper|move: Leech Seed\n|\n|-weather|RainDance|[upkeep]\n|-heal|p2a: Ferrothorn|45\/100|[from] item: Leftovers\n|-damage|p1a: Pelipper|47\/100|[from] Leech Seed|[of] p2a: Ferrothorn\n|-heal|p2a: Ferrothorn|54\/100|[silent]\n|upkeep\n|turn|6\n|\n|t:|1700217647\n|switch|p1a: Serperior|Serperior, M|100\/100\n|-status|p1a: Serperior|psn\n|-damage|p1a: Serperior|88\/100 psn|[from] Stealth Rock\n|switch|p2a: Slowking|Slowking-Galar, F|55\/100\n|\n|-weather|RainDance|[upkeep]\n|-heal|p1a: Serperior|94\/100 psn|[from] item: Leftovers\n|-damage|p1a: Serperior|82\/100 psn|[from] psn\n|upkeep\n|turn|7\n|\n|t:|1700217655\n|move|p1a: Serperior|Glare|p2a: Slowking\n|-status|p2a: Slowking|par\n|move|p2a: Slowking|Sludge Bomb|p1a: Serperior\n|-supereffective|p1a: Serperior\n|-damage|p1a: Serperior|8\/100 psn\n|\n|-weather|RainDance|[upkeep]\n|-heal|p1a: Serperior|14\/100 psn|[from] item: Leftovers\n|-damage|p1a: Serperior|2\/100 psn|[from] psn\n|upkeep\n|turn|8\n|\n|t:|1700217675\n|move|p1a: Serperior|Defog|p2a: Slowking\n|-unboost|p2a: Slowking|evasion|1\n|-sideend|p1: Anhkiet|Toxic Spikes|[from] move: Defog|[of] p1a: Serperior\n|-sideend|p1: Anhkiet|Stealth Rock|[from] move: Defog|[of] p1a: Serperior\n|move|p2a: Slowking|Chilly Reception|p2a: Slowking\n|-weather|Snow\n|\n|t:|1700217689\n|switch|p2a: Weavile|Weavile, M|100\/100|[from] Chilly Reception\n|-ability|p2a: Weavile|Pressure\n|\n|-weather|Snow|[upkeep]\n|-heal|p1a: Serperior|8\/100 psn|[from] item: Leftovers\n|-damage|p1a: Serperior|0 fnt|[from] psn\n|faint|p1a: Serperior\n|upkeep\n|inactive|Anhkiet has 120 seconds left.\n|\n|t:|1700217733\n|switch|p1a: Ogerpon|Ogerpon-Wellspring, F|100\/100\n|turn|9\n|\n|t:|1700217738\n|move|p2a: Weavile|Triple Axel|p1a: Ogerpon\n|-damage|p1a: Ogerpon|83\/100\n|-damage|p1a: Ogerpon|46\/100\n|-damage|p1a: Ogerpon|0 fnt\n|faint|p1a: Ogerpon\n|-hitcount|p1: Ogerpon|3\n|\n|-weather|Snow|[upkeep]\n|upkeep\n|\n|t:|1700217745\n|switch|p1a: Gorebyss|Gorebyss, M|100\/100\n|turn|10\n|\n|t:|1700217755\n|switch|p2a: Ferrothorn|Ferrothorn, M|54\/100\n|move|p1a: Gorebyss|Shell Smash|p1a: Gorebyss\n|-unboost|p1a: Gorebyss|def|1\n|-unboost|p1a: Gorebyss|spd|1\n|-boost|p1a: Gorebyss|atk|2\n|-boost|p1a: Gorebyss|spa|2\n|-boost|p1a: Gorebyss|spe|2\n|\n|-weather|Snow|[upkeep]\n|-heal|p2a: Ferrothorn|60\/100|[from] item: Leftovers\n|upkeep\n|turn|11\n|inactive|Anhkiet has 120 seconds left.\n|\n|t:|1700217784\n|move|p1a: Gorebyss|Ice Beam|p2a: Ferrothorn\n|-damage|p2a: Ferrothorn|19\/100\n|move|p2a: Ferrothorn|Power Whip|p1a: Gorebyss\n|-supereffective|p1a: Gorebyss\n|-enditem|p1a: Gorebyss|Focus Sash\n|-damage|p1a: Gorebyss|1\/100\n|\n|-weather|Snow|[upkeep]\n|-heal|p2a: Ferrothorn|25\/100|[from] item: Leftovers\n|upkeep\n|turn|12\n|\n|t:|1700217792\n|move|p1a: Gorebyss|Ice Beam|p2a: Ferrothorn\n|-damage|p2a: Ferrothorn|0 fnt\n|faint|p2a: Ferrothorn\n|\n|-weather|none\n|upkeep\n|\n|t:|1700217801\n|switch|p2a: Banette|Banette, M|100\/100\n|turn|13\n|\n|t:|1700217812\n|move|p2a: Banette|Shadow Sneak|p1a: Gorebyss\n|-damage|p1a: Gorebyss|0 fnt\n|faint|p1a: Gorebyss\n|\n|upkeep\n|\n|t:|1700217814\n|switch|p1a: Sharpedo|Sharpedo, M|100\/100\n|turn|14\n|\n|t:|1700217834\n|move|p1a: Sharpedo|Crunch|p2a: Banette\n|-supereffective|p2a: Banette\n|-damage|p2a: Banette|0 fnt\n|faint|p2a: Banette\n|\n|-ability|p1a: Sharpedo|Speed Boost|boost\n|-boost|p1a: Sharpedo|spe|1\n|upkeep\n|\n|t:|1700217843\n|switch|p2a: Zamazenta|Zamazenta|100\/100\n|-ability|p2a: Zamazenta|Dauntless Shield|boost\n|-boost|p2a: Zamazenta|def|1\n|turn|15\n|\n|t:|1700217851\n|move|p1a: Sharpedo|Protect|p1a: Sharpedo\n|-singleturn|p1a: Sharpedo|Protect\n|move|p2a: Zamazenta|Iron Defense|p2a: Zamazenta\n|-boost|p2a: Zamazenta|def|2\n|\n|-ability|p1a: Sharpedo|Speed Boost|boost\n|-boost|p1a: Sharpedo|spe|1\n|upkeep\n|turn|16\n|\n|t:|1700217858\n|move|p1a: Sharpedo|Destiny Bond|p1a: Sharpedo\n|-singlemove|p1a: Sharpedo|Destiny Bond\n|move|p2a: Zamazenta|Iron Defense|p2a: Zamazenta\n|-boost|p2a: Zamazenta|def|2\n|\n|-ability|p1a: Sharpedo|Speed Boost|boost\n|-boost|p1a: Sharpedo|spe|1\n|upkeep\n|turn|17\n|\n|t:|1700217867\n|move|p1a: Sharpedo|Protect|p1a: Sharpedo\n|-singleturn|p1a: Sharpedo|Protect\n|move|p2a: Zamazenta|Body Press|p1a: Sharpedo\n|-activate|p1a: Sharpedo|move: Protect\n|\n|-ability|p1a: Sharpedo|Speed Boost|boost\n|-boost|p1a: Sharpedo|spe|1\n|upkeep\n|turn|18\n|\n|t:|1700217873\n|move|p1a: Sharpedo|Liquidation|p2a: Zamazenta\n|-damage|p2a: Zamazenta|91\/100\n|move|p2a: Zamazenta|Iron Defense|p2a: Zamazenta\n|-boost|p2a: Zamazenta|def|1\n|\n|-ability|p1a: Sharpedo|Speed Boost|boost\n|-boost|p1a: Sharpedo|spe|1\n|upkeep\n|turn|19\n|\n|t:|1700217881\n|move|p1a: Sharpedo|Liquidation|p2a: Zamazenta\n|-damage|p2a: Zamazenta|82\/100\n|move|p2a: Zamazenta|Heavy Slam|p1a: Sharpedo\n|-resisted|p1a: Sharpedo\n|-damage|p1a: Sharpedo|80\/100\n|\n|-ability|p1a: Sharpedo|Speed Boost|boost\n|-boost|p1a: Sharpedo|spe|1\n|upkeep\n|turn|20\n|\n|t:|1700217891\n|move|p1a: Sharpedo|Destiny Bond|p1a: Sharpedo\n|-singlemove|p1a: Sharpedo|Destiny Bond\n|move|p2a: Zamazenta|Heavy Slam|p1a: Sharpedo\n|-resisted|p1a: Sharpedo\n|-damage|p1a: Sharpedo|61\/100\n|\n|upkeep\n|turn|21\n|\n|t:|1700217898\n|move|p1a: Sharpedo|Protect|p1a: Sharpedo\n|-singleturn|p1a: Sharpedo|Protect\n|move|p2a: Zamazenta|Body Press|p1a: Sharpedo\n|-activate|p1a: Sharpedo|move: Protect\n|\n|upkeep\n|turn|22\n|\n|t:|1700217909\n|detailschange|p1a: Sharpedo|Sharpedo-Mega, M\n|-mega|p1a: Sharpedo|Sharpedo|Sharpedonite\n|move|p1a: Sharpedo|Crunch|p2a: Zamazenta\n|-resisted|p2a: Zamazenta\n|-damage|p2a: Zamazenta|76\/100\n|move|p2a: Zamazenta|Body Press|p1a: Sharpedo\n|-supereffective|p1a: Sharpedo\n|-damage|p1a: Sharpedo|0 fnt\n|faint|p1a: Sharpedo\n|\n|upkeep\n|\n|t:|1700217916\n|switch|p1a: Pelipper|Pelipper, F|47\/100\n|-weather|RainDance|[from] ability: Drizzle|[of] p1a: Pelipper\n|turn|23\n|\n|t:|1700217922\n|-terastallize|p2a: Zamazenta|Steel\n|move|p2a: Zamazenta|Body Press|p1a: Pelipper\n|-resisted|p1a: Pelipper\n|-damage|p1a: Pelipper|0 fnt\n|faint|p1a: Pelipper\n|\n|-weather|RainDance|[upkeep]\n|upkeep\n|\n|t:|1700217926\n|switch|p1a: Barraskewda|Barraskewda, M|100\/100\n|turn|24\n|-message|Anhkiet forfeited.\n|\n|win|wwaaa\n|raw|Anhkiet's rating: 1655 &rarr; <strong>1636<\/strong><br \/>(-19 for losing)\n|raw|wwaaa's rating: 1675 &rarr; <strong>1694<\/strong><br \/>(+19 for winning)\n|l|\u2606Anhkiet\n","uploadtime":1700217934,"views":4,"p1id":"anhkiet","p2id":"wwaaa","formatid":"gen9nationaldex","rating":1636,"private":0,"password":""}