{"id":"gen9nationaldex-1997161154","p1":"Just Typical","p2":"dogswithgunz","format":"[Gen 9] National Dex","log":"|html|<div class=\"broadcast-blue\"><strong>[Gen 9] National Dex is currently suspecting Sneasler! For information on how to participate check out the <a href=\"https:\/\/www.smogon.com\/forums\/threads\/sv-national-dex-suspect-8-just-dance.3731534\/\">suspect thread<\/a>.<\/strong><\/div>\n|j|\u2606Just Typical\n|j|\u2606dogswithgunz\n|t:|1700770741\n|gametype|singles\n|player|p1|Just Typical|brawly|\n|player|p2|dogswithgunz|fisherman-gen4|\n|teamsize|p1|6\n|teamsize|p2|6\n|gen|9\n|tier|[Gen 9] National Dex\n|rule|HP Percentage Mod: HP is shown in percentages\n|rule|Endless Battle Clause: Forcing endless battles is banned\n|rule|OHKO Clause: OHKO moves are banned\n|rule|Evasion Clause: Evasion abilities, items, and moves are banned\n|rule|Evasion Abilities Clause: Evasion abilities are banned\n|rule|Evasion Items Clause: Evasion items are banned\n|rule|Evasion Moves Clause: Evasion moves are banned\n|rule|Species Clause: Limit one of each Pok\u00e9mon\n|rule|Sleep Clause Mod: Limit one foe put to sleep\n|clearpoke\n|poke|p1|Ogerpon-Wellspring, F|\n|poke|p1|Slowking-Galar, F|\n|poke|p1|Arctozolt|\n|poke|p1|Sableye, F|\n|poke|p1|Empoleon, M|\n|poke|p1|Garchomp, F|\n|poke|p2|Ferrothorn, F|\n|poke|p2|Nidoking, M|\n|poke|p2|Tapu Fini|\n|poke|p2|Great Tusk|\n|poke|p2|Meowscarada, M|\n|poke|p2|Amoonguss, F|\n|teampreview\n|j| HOTDOHG\n|c| HOTDOHG|r\n|\n|t:|1700770788\n|start\n|switch|p1a: Garchomp|Garchomp, F|100\/100\n|switch|p2a: Shoty|Tapu Fini|100\/100\n|-fieldstart|move: Misty Terrain|[from] ability: Misty Surge|[of] p2a: Shoty\n|turn|1\n|\n|t:|1700770828\n|switch|p1a: Empoleon|Empoleon, M|100\/100\n|switch|p2a: Ghostface Killer|Great Tusk|100\/100\n|-enditem|p2a: Ghostface Killer|Booster Energy\n|-activate|p2a: Ghostface Killer|ability: Protosynthesis|[fromitem]\n|-start|p2a: Ghostface Killer|protosynthesisatk\n|\n|upkeep\n|turn|2\n|\n|t:|1700770850\n|switch|p1a: Ogerpon|Ogerpon-Wellspring, F|100\/100\n|move|p2a: Ghostface Killer|Earthquake|p1a: Ogerpon\n|-resisted|p1a: Ogerpon\n|-damage|p1a: Ogerpon|49\/100\n|\n|upkeep\n|turn|3\n|\n|t:|1700770882\n|move|p1a: Ogerpon|Ivy Cudgel|p2a: Ghostface Killer|[anim] Ivy Cudgel Water\n|-supereffective|p2a: Ghostface Killer\n|-damage|p2a: Ghostface Killer|34\/100\n|move|p2a: Ghostface Killer|Close Combat|p1a: Ogerpon\n|-damage|p1a: Ogerpon|0 fnt\n|-unboost|p2a: Ghostface Killer|def|1\n|-unboost|p2a: Ghostface Killer|spd|1\n|faint|p1a: Ogerpon\n|\n|upkeep\n|\n|t:|1700770894\n|switch|p1a: Garchomp|Garchomp, F|100\/100\n|turn|4\n|\n|t:|1700770941\n|-end|p2a: Ghostface Killer|Protosynthesis|[silent]\n|switch|p2a: funky funguss|Amoonguss, F|100\/100\n|move|p1a: Garchomp|Earthquake|p2a: funky funguss\n|-damage|p2a: funky funguss|72\/100\n|\n|-heal|p2a: funky funguss|78\/100|[from] item: Leftovers\n|upkeep\n|turn|5\n|\n|t:|1700770953\n|move|p1a: Garchomp|Stealth Rock|p2a: funky funguss\n|-sidestart|p2: dogswithgunz|move: Stealth Rock\n|move|p2a: funky funguss|Spore|p1a: Garchomp\n|-activate|p1a: Garchomp|move: Misty Terrain\n|\n|-heal|p2a: funky funguss|84\/100|[from] item: Leftovers\n|-fieldend|Misty Terrain\n|upkeep\n|turn|6\n|\n|t:|1700770963\n|move|p1a: Garchomp|Spikes|p2a: funky funguss\n|-sidestart|p2: dogswithgunz|Spikes\n|move|p2a: funky funguss|Spore|p1a: Garchomp\n|-status|p1a: Garchomp|slp|[from] move: Spore\n|\n|-heal|p2a: funky funguss|91\/100|[from] item: Leftovers\n|upkeep\n|turn|7\n|c| HOTDOHG|HAPPENS\n|c| HOTDOHG|TO THE BEST OF US\n|\n|t:|1700770989\n|switch|p1a: Sableye|Sableye, F|100\/100\n|switch|p2a: Ghostface Killer|Great Tusk|34\/100\n|-damage|p2a: Ghostface Killer|31\/100|[from] Stealth Rock\n|-damage|p2a: Ghostface Killer|19\/100|[from] Spikes\n|\n|upkeep\n|turn|8\n|\n|t:|1700770999\n|move|p1a: Sableye|Will-O-Wisp|p2a: Ghostface Killer\n|-status|p2a: Ghostface Killer|brn\n|move|p2a: Ghostface Killer|Rapid Spin|p1a: Sableye\n|-immune|p1a: Sableye\n|\n|-damage|p2a: Ghostface Killer|12\/100 brn|[from] brn\n|upkeep\n|turn|9\n|\n|t:|1700771014\n|move|p1a: Sableye|Encore|p2a: Ghostface Killer\n|-start|p2a: Ghostface Killer|Encore\n|move|p2a: Ghostface Killer|Rapid Spin|p1a: Sableye\n|-immune|p1a: Sableye\n|\n|-damage|p2a: Ghostface Killer|6\/100 brn|[from] brn\n|upkeep\n|turn|10\n|\n|t:|1700771022\n|move|p1a: Sableye|Will-O-Wisp|p2a: Ghostface Killer\n|-fail|p2a: Ghostface Killer|brn\n|move|p2a: Ghostface Killer|Rapid Spin|p1a: Sableye\n|-immune|p1a: Sableye\n|\n|-damage|p2a: Ghostface Killer|0 fnt|[from] brn\n|faint|p2a: Ghostface Killer\n|-end|p2a: Ghostface Killer|Protosynthesis|[silent]\n|upkeep\n|\n|t:|1700771047\n|switch|p2a: Yabba|Meowscarada, M|100\/100\n|-damage|p2a: Yabba|88\/100|[from] Stealth Rock\n|-damage|p2a: Yabba|76\/100|[from] Spikes\n|turn|11\n|\n|t:|1700771056\n|detailschange|p1a: Sableye|Sableye-Mega, F\n|-mega|p1a: Sableye|Sableye|Sablenite\n|move|p2a: Yabba|Flower Trick|p1a: Sableye\n|-start|p2a: Yabba|typechange|Grass|[from] ability: Protean\n|-crit|p1a: Sableye\n|-damage|p1a: Sableye|48\/100\n|move|p1a: Sableye|Will-O-Wisp|p2a: Yabba|[miss]\n|-miss|p1a: Sableye|p2a: Yabba\n|\n|upkeep\n|turn|12\n|\n|t:|1700771067\n|switch|p1a: Slowking|Slowking-Galar, F|100\/100\n|move|p2a: Yabba|Flower Trick|p1a: Slowking\n|-resisted|p1a: Slowking\n|-crit|p1a: Slowking\n|-damage|p1a: Slowking|75\/100\n|\n|upkeep\n|turn|13\n|\n|t:|1700771124\n|switch|p2a: Rex|Ferrothorn, F|100\/100\n|-damage|p2a: Rex|94\/100|[from] Stealth Rock\n|-damage|p2a: Rex|82\/100|[from] Spikes\n|move|p1a: Slowking|Chilly Reception|p1a: Slowking\n|-weather|Snow\n|\n|t:|1700771133\n|switch|p1a: Arctozolt|Arctozolt, shiny|100\/100|[from] Chilly Reception\n|\n|-weather|Snow|[upkeep]\n|-heal|p2a: Rex|88\/100|[from] item: Leftovers\n|upkeep\n|turn|14\n|\n|t:|1700771167\n|move|p1a: Arctozolt|Low Kick|p2a: Rex\n|-supereffective|p2a: Rex\n|-damage|p2a: Rex|20\/100\n|-damage|p1a: Arctozolt|88\/100|[from] ability: Iron Barbs|[of] p2a: Rex\n|move|p2a: Rex|Spikes|p1a: Arctozolt\n|-sidestart|p1: Just Typical|Spikes\n|\n|-weather|Snow|[upkeep]\n|-heal|p2a: Rex|27\/100|[from] item: Leftovers\n|upkeep\n|turn|15\n|\n|t:|1700771181\n|move|p1a: Arctozolt|Low Kick|p2a: Rex\n|-supereffective|p2a: Rex\n|-damage|p2a: Rex|0 fnt\n|-damage|p1a: Arctozolt|76\/100|[from] ability: Iron Barbs|[of] p2a: Rex\n|faint|p2a: Rex\n|\n|-weather|Snow|[upkeep]\n|upkeep\n|\n|t:|1700771188\n|switch|p2a: Adam no White|Nidoking, M|100\/100\n|-damage|p2a: Adam no White|95\/100|[from] Stealth Rock\n|-damage|p2a: Adam no White|82\/100|[from] Spikes\n|turn|16\n|\n|t:|1700771230\n|switch|p1a: Garchomp|Garchomp, F|100\/100 slp\n|-damage|p1a: Garchomp|88\/100 slp|[from] Spikes\n|-terastallize|p2a: Adam no White|Poison\n|move|p2a: Adam no White|Flamethrower|p1a: Garchomp\n|-resisted|p1a: Garchomp\n|-damage|p1a: Garchomp|69\/100 slp\n|\n|-weather|Snow|[upkeep]\n|upkeep\n|turn|17\n|\n|t:|1700771239\n|cant|p1a: Garchomp|slp\n|move|p2a: Adam no White|Ice Beam|p1a: Garchomp\n|-supereffective|p1a: Garchomp\n|-damage|p1a: Garchomp|0 fnt\n|faint|p1a: Garchomp\n|\n|-weather|none\n|upkeep\n|\n|t:|1700771249\n|switch|p1a: Slowking|Slowking-Galar, F|100\/100\n|-damage|p1a: Slowking|88\/100|[from] Spikes\n|turn|18\n|\n|t:|1700771267\n|-terastallize|p1a: Slowking|Water\n|move|p2a: Adam no White|Earth Power|p1a: Slowking\n|-damage|p1a: Slowking|34\/100\n|move|p1a: Slowking|Chilly Reception|p1a: Slowking\n|-weather|Snow\n|\n|t:|1700771272\n|switch|p1a: Sableye|Sableye-Mega, F|48\/100|[from] Chilly Reception\n|-damage|p1a: Sableye|35\/100|[from] Spikes\n|\n|-weather|Snow|[upkeep]\n|upkeep\n|turn|19\n|\n|t:|1700771288\n|switch|p2a: Shoty|Tapu Fini|100\/100\n|-damage|p2a: Shoty|88\/100|[from] Stealth Rock\n|-damage|p2a: Shoty|76\/100|[from] Spikes\n|-fieldstart|move: Misty Terrain|[from] ability: Misty Surge|[of] p2a: Shoty\n|move|p1a: Sableye|Recover|p1a: Sableye\n|-heal|p1a: Sableye|86\/100\n|\n|-weather|Snow|[upkeep]\n|-heal|p2a: Shoty|82\/100|[from] item: Leftovers\n|upkeep\n|turn|20\n|\n|t:|1700771304\n|switch|p1a: Empoleon|Empoleon, M|100\/100\n|-damage|p1a: Empoleon|88\/100|[from] Spikes\n|move|p2a: Shoty|Taunt|p1a: Empoleon\n|-start|p1a: Empoleon|move: Taunt\n|\n|-weather|Snow|[upkeep]\n|-heal|p2a: Shoty|88\/100|[from] item: Leftovers\n|-heal|p1a: Empoleon|94\/100|[from] item: Leftovers\n|upkeep\n|turn|21\n|\n|t:|1700771384\n|switch|p2a: funky funguss|Amoonguss, F|100\/100\n|-damage|p2a: funky funguss|88\/100|[from] Stealth Rock\n|-damage|p2a: funky funguss|75\/100|[from] Spikes\n|move|p1a: Empoleon|Ice Beam|p2a: funky funguss\n|-supereffective|p2a: funky funguss\n|-damage|p2a: funky funguss|17\/100\n|\n|-weather|Snow|[upkeep]\n|-heal|p1a: Empoleon|100\/100|[from] item: Leftovers\n|-heal|p2a: funky funguss|23\/100|[from] item: Leftovers\n|upkeep\n|turn|22\n|\n|t:|1700771396\n|move|p2a: funky funguss|Protect|p2a: funky funguss\n|-singleturn|p2a: funky funguss|Protect\n|move|p1a: Empoleon|Ice Beam|p2a: funky funguss\n|-activate|p2a: funky funguss|move: Protect\n|\n|-weather|none\n|-heal|p2a: funky funguss|29\/100|[from] item: Leftovers\n|-end|p1a: Empoleon|move: Taunt\n|upkeep\n|turn|23\n|\n|t:|1700771445\n|switch|p2a: Shoty|Tapu Fini|88\/100\n|-damage|p2a: Shoty|76\/100|[from] Stealth Rock\n|-damage|p2a: Shoty|64\/100|[from] Spikes\n|move|p1a: Empoleon|Ice Beam|p2a: Shoty\n|-resisted|p2a: Shoty\n|-damage|p2a: Shoty|51\/100\n|\n|-heal|p2a: Shoty|57\/100|[from] item: Leftovers\n|-fieldend|Misty Terrain\n|upkeep\n|turn|24\n|\n|t:|1700771458\n|move|p2a: Shoty|Calm Mind|p2a: Shoty\n|-boost|p2a: Shoty|spa|1\n|-boost|p2a: Shoty|spd|1\n|move|p1a: Empoleon|Hydro Pump|p2a: Shoty\n|-resisted|p2a: Shoty\n|-damage|p2a: Shoty|42\/100\n|\n|-heal|p2a: Shoty|48\/100|[from] item: Leftovers\n|upkeep\n|turn|25\n|\n|t:|1700771467\n|switch|p1a: Slowking|Slowking-Galar, F, tera:Water|68\/100\n|-damage|p1a: Slowking|55\/100|[from] Spikes\n|move|p2a: Shoty|Draining Kiss|p1a: Slowking\n|-damage|p1a: Slowking|36\/100\n|-heal|p2a: Shoty|65\/100|[from] drain|[of] p1a: Slowking\n|-damage|p2a: Shoty|48\/100|[from] item: Rocky Helmet|[of] p1a: Slowking\n|\n|-heal|p2a: Shoty|54\/100|[from] item: Leftovers\n|upkeep\n|turn|26\n|\n|t:|1700771479\n|move|p2a: Shoty|Taunt|p1a: Slowking\n|-start|p1a: Slowking|move: Taunt\n|cant|p1a: Slowking|move: Taunt|Chilly Reception\n|\n|-heal|p2a: Shoty|61\/100|[from] item: Leftovers\n|upkeep\n|turn|27\n|\n|t:|1700771488\n|move|p2a: Shoty|Calm Mind|p2a: Shoty\n|-boost|p2a: Shoty|spa|1\n|-boost|p2a: Shoty|spd|1\n|move|p1a: Slowking|Future Sight|p2a: Shoty\n|-start|p1a: Slowking|move: Future Sight\n|\n|-heal|p2a: Shoty|67\/100|[from] item: Leftovers\n|upkeep\n|turn|28\n|\n|t:|1700771496\n|switch|p1a: Arctozolt|Arctozolt, shiny|76\/100\n|-damage|p1a: Arctozolt|63\/100|[from] Spikes\n|move|p2a: Shoty|Draining Kiss|p1a: Arctozolt\n|-damage|p1a: Arctozolt|23\/100\n|-heal|p2a: Shoty|95\/100|[from] drain|[of] p1a: Arctozolt\n|\n|-heal|p2a: Shoty|100\/100|[from] item: Leftovers\n|upkeep\n|turn|29\n|\n|t:|1700771509\n|move|p2a: Shoty|Scald|p1a: Arctozolt\n|-damage|p1a: Arctozolt|0 fnt\n|faint|p1a: Arctozolt\n|\n|-end|p2a: Shoty|move: Future Sight\n|-damage|p2a: Shoty|83\/100\n|-heal|p2a: Shoty|89\/100|[from] item: Leftovers\n|upkeep\n|\n|t:|1700771524\n|switch|p1a: Sableye|Sableye-Mega, F|86\/100\n|-damage|p1a: Sableye|73\/100|[from] Spikes\n|turn|30\n|\n|t:|1700771531\n|move|p2a: Shoty|Draining Kiss|p1a: Sableye\n|-supereffective|p1a: Sableye\n|-damage|p1a: Sableye|11\/100\n|-heal|p2a: Shoty|100\/100|[from] drain|[of] p1a: Sableye\n|move|p1a: Sableye|Will-O-Wisp|p2a: Shoty\n|-status|p2a: Shoty|brn\n|\n|-damage|p2a: Shoty|94\/100 brn|[from] brn\n|upkeep\n|turn|31\n|\n|t:|1700771542\n|move|p2a: Shoty|Draining Kiss|p1a: Sableye\n|-supereffective|p1a: Sableye\n|-damage|p1a: Sableye|0 fnt\n|-heal|p2a: Shoty|100\/100 brn|[from] drain|[of] p1a: Sableye\n|faint|p1a: Sableye\n|\n|-damage|p2a: Shoty|94\/100 brn|[from] brn\n|upkeep\n|\n|t:|1700771544\n|switch|p1a: Empoleon|Empoleon, M|100\/100\n|-damage|p1a: Empoleon|88\/100|[from] Spikes\n|turn|32\n|\n|t:|1700771559\n|move|p2a: Shoty|Calm Mind|p2a: Shoty\n|-boost|p2a: Shoty|spa|1\n|-boost|p2a: Shoty|spd|1\n|move|p1a: Empoleon|Ice Beam|p2a: Shoty\n|-resisted|p2a: Shoty\n|-damage|p2a: Shoty|89\/100 brn\n|\n|-heal|p2a: Shoty|96\/100 brn|[from] item: Leftovers\n|-heal|p1a: Empoleon|94\/100|[from] item: Leftovers\n|-damage|p2a: Shoty|89\/100 brn|[from] brn\n|upkeep\n|turn|33\n|\n|t:|1700771568\n|move|p2a: Shoty|Calm Mind|p2a: Shoty\n|-boost|p2a: Shoty|spa|1\n|-boost|p2a: Shoty|spd|1\n|move|p1a: Empoleon|Hydro Pump|p2a: Shoty\n|-resisted|p2a: Shoty\n|-damage|p2a: Shoty|82\/100 brn\n|\n|-heal|p2a: Shoty|88\/100 brn|[from] item: Leftovers\n|-heal|p1a: Empoleon|100\/100|[from] item: Leftovers\n|-damage|p2a: Shoty|82\/100 brn|[from] brn\n|upkeep\n|turn|34\n|\n|t:|1700771578\n|move|p2a: Shoty|Calm Mind|p2a: Shoty\n|-boost|p2a: Shoty|spa|1\n|-boost|p2a: Shoty|spd|1\n|move|p1a: Empoleon|Hydro Pump|p2a: Shoty|[miss]\n|-miss|p1a: Empoleon|p2a: Shoty\n|\n|-heal|p2a: Shoty|88\/100 brn|[from] item: Leftovers\n|-damage|p2a: Shoty|82\/100 brn|[from] brn\n|upkeep\n|turn|35\n|\n|t:|1700771587\n|move|p2a: Shoty|Calm Mind|p2a: Shoty\n|-boost|p2a: Shoty|spa|1\n|-boost|p2a: Shoty|spd|1\n|move|p1a: Empoleon|Hydro Pump|p2a: Shoty\n|-resisted|p2a: Shoty\n|-damage|p2a: Shoty|76\/100 brn\n|\n|-heal|p2a: Shoty|82\/100 brn|[from] item: Leftovers\n|-damage|p2a: Shoty|76\/100 brn|[from] brn\n|upkeep\n|turn|36\n|\n|t:|1700771597\n|move|p2a: Shoty|Scald|p1a: Empoleon\n|-resisted|p1a: Empoleon\n|-damage|p1a: Empoleon|51\/100\n|move|p1a: Empoleon|Hydro Pump|p2a: Shoty|[miss]\n|-miss|p1a: Empoleon|p2a: Shoty\n|\n|-heal|p2a: Shoty|82\/100 brn|[from] item: Leftovers\n|-heal|p1a: Empoleon|57\/100|[from] item: Leftovers\n|-damage|p2a: Shoty|76\/100 brn|[from] brn\n|upkeep\n|turn|37\n|\n|t:|1700771607\n|move|p2a: Shoty|Scald|p1a: Empoleon\n|-resisted|p1a: Empoleon\n|-damage|p1a: Empoleon|7\/100\n|-status|p1a: Empoleon|brn\n|move|p1a: Empoleon|Roost|p1a: Empoleon\n|-heal|p1a: Empoleon|57\/100 brn\n|-singleturn|p1a: Empoleon|move: Roost\n|\n|-heal|p2a: Shoty|82\/100 brn|[from] item: Leftovers\n|-heal|p1a: Empoleon|64\/100 brn|[from] item: Leftovers\n|-damage|p2a: Shoty|76\/100 brn|[from] brn\n|-damage|p1a: Empoleon|57\/100 brn|[from] brn\n|upkeep\n|turn|38\n|-message|Just Typical forfeited.\n|\n|win|dogswithgunz\n|c| HOTDOHG|HYDRO PUMP MISS MATTERED\n|l|\u2606Just Typical\n|c| HOTDOHG|JAJAJAJA\n","uploadtime":1700771622,"views":41,"p1id":"justtypical","p2id":"dogswithgunz","formatid":"gen9nationaldex","rating":0,"private":0,"password":""}