{"id":"gen9nationaldex-1990010867","p1":"DestruidordeV1ado","p2":"raets234","format":"[Gen 9] National Dex","log":"|j|\u2606DestruidordeV1ado\n|j|\u2606raets234\n|t:|1699915131\n|gametype|singles\n|player|p1|DestruidordeV1ado|scientist-gen4dp|1163\n|player|p2|raets234|steven|1174\n|teamsize|p1|6\n|teamsize|p2|6\n|gen|9\n|tier|[Gen 9] National Dex\n|rated|\n|rule|HP Percentage Mod: HP is shown in percentages\n|rule|Endless Battle Clause: Forcing endless battles is banned\n|rule|OHKO Clause: OHKO moves are banned\n|rule|Evasion Clause: Evasion abilities, items, and moves are banned\n|rule|Evasion Abilities Clause: Evasion abilities are banned\n|rule|Evasion Items Clause: Evasion items are banned\n|rule|Evasion Moves Clause: Evasion moves are banned\n|rule|Species Clause: Limit one of each Pok\u00e9mon\n|rule|Sleep Clause Mod: Limit one foe put to sleep\n|clearpoke\n|poke|p1|Corviknight, F|\n|poke|p1|Torkoal, F|\n|poke|p1|Slowking-Galar, F|\n|poke|p1|Iron Valiant|\n|poke|p1|Enamorus, F|\n|poke|p1|Garganacl, F|\n|poke|p2|Zeraora|\n|poke|p2|Lucario, M|\n|poke|p2|Greninja-*, M|\n|poke|p2|Cinderace, M|\n|poke|p2|Gardevoir, F|\n|poke|p2|Meowscarada, F|\n|teampreview\n|inactive|Battle timer is ON: inactive players will automatically lose when time's up. (requested by raets234)\n|\n|t:|1699915167\n|start\n|switch|p1a: Torkoal|Torkoal, F|100\/100\n|switch|p2a: Z\u00e9dahora|Zeraora|100\/100\n|-weather|SunnyDay|[from] ability: Drought|[of] p1a: Torkoal\n|turn|1\n|\n|t:|1699915180\n|move|p2a: Z\u00e9dahora|Plasma Fists|p1a: Torkoal\n|-damage|p1a: Torkoal|72\/100\n|-fieldactivate|move: Ion Deluge\n|-hint|Normal-type moves become Electric-type after using Plasma Fists.\n|move|p1a: Torkoal|Stealth Rock|p2a: Z\u00e9dahora\n|-sidestart|p2: raets234|move: Stealth Rock\n|\n|-weather|SunnyDay|[upkeep]\n|upkeep\n|turn|2\n|\n|t:|1699915191\n|move|p2a: Z\u00e9dahora|Play Rough|p1a: Torkoal\n|-resisted|p1a: Torkoal\n|-damage|p1a: Torkoal|64\/100\n|move|p1a: Torkoal|Yawn|p2a: Z\u00e9dahora\n|-start|p2a: Z\u00e9dahora|move: Yawn|[of] p1a: Torkoal\n|\n|-weather|SunnyDay|[upkeep]\n|upkeep\n|turn|3\n|\n|t:|1699915201\n|switch|p2a: Ninjafrog|Greninja, M|100\/100\n|-damage|p2a: Ninjafrog|88\/100|[from] Stealth Rock\n|move|p1a: Torkoal|Lava Plume|p2a: Ninjafrog\n|-resisted|p2a: Ninjafrog\n|-damage|p2a: Ninjafrog|60\/100\n|\n|-weather|SunnyDay|[upkeep]\n|upkeep\n|turn|4\n|\n|t:|1699915214\n|switch|p1a: Iron Valiant|Iron Valiant|100\/100\n|-enditem|p1a: Iron Valiant|Booster Energy\n|-activate|p1a: Iron Valiant|ability: Quark Drive|[fromitem]\n|-start|p1a: Iron Valiant|quarkdrivespe\n|move|p2a: Ninjafrog|Water Shuriken|p1a: Iron Valiant\n|-damage|p1a: Iron Valiant|93\/100\n|-crit|p1a: Iron Valiant\n|-damage|p1a: Iron Valiant|83\/100\n|-damage|p1a: Iron Valiant|75\/100\n|-damage|p1a: Iron Valiant|67\/100\n|-hitcount|p1a: Iron Valiant|4\n|-damage|p2a: Ninjafrog|50\/100|[from] item: Life Orb\n|\n|-weather|SunnyDay|[upkeep]\n|upkeep\n|turn|5\n|\n|t:|1699915238\n|switch|p2a: Pele|Cinderace, M, shiny|100\/100\n|move|p1a: Iron Valiant|Swords Dance|p1a: Iron Valiant\n|-boost|p1a: Iron Valiant|atk|2\n|\n|-weather|SunnyDay|[upkeep]\n|upkeep\n|turn|6\n|\n|t:|1699915249\n|move|p1a: Iron Valiant|Close Combat|p2a: Pele\n|-damage|p2a: Pele|0 fnt\n|-unboost|p1a: Iron Valiant|def|1\n|-unboost|p1a: Iron Valiant|spd|1\n|faint|p2a: Pele\n|\n|-weather|SunnyDay|[upkeep]\n|upkeep\n|\n|t:|1699915266\n|switch|p2a: Sua namorada|Gardevoir, F, shiny|100\/100\n|-damage|p2a: Sua namorada|88\/100|[from] Stealth Rock\n|turn|7\n|c|\u2606DestruidordeV1ado|i\n|c|\u2606DestruidordeV1ado|Sua namorada\n|c|\u2606DestruidordeV1ado|i\n|c|\u2606raets234|e gostosa\n|inactive|DestruidordeV1ado has 120 seconds left.\n|c|\u2606DestruidordeV1ado|Mas tu \u00e9 gay\n|\n|t:|1699915306\n|detailschange|p2a: Sua namorada|Gardevoir-Mega, F, shiny\n|-mega|p2a: Sua namorada|Gardevoir|Gardevoirite\n|move|p1a: Iron Valiant|Knock Off|p2a: Sua namorada\n|-damage|p2a: Sua namorada|8\/100\n|move|p2a: Sua namorada|Hyper Voice|p1a: Iron Valiant\n|-supereffective|p1a: Iron Valiant\n|-damage|p1a: Iron Valiant|0 fnt\n|faint|p1a: Iron Valiant\n|-end|p1a: Iron Valiant|Quark Drive|[silent]\n|\n|-weather|SunnyDay|[upkeep]\n|upkeep\n|\n|t:|1699915321\n|switch|p1a: Enamorus|Enamorus, F|100\/100\n|turn|8\n|c|\u2606raets234|ola quem fala v1ad0\n|c|\u2606DestruidordeV1ado|KKKKKK gay.\n|\n|t:|1699915343\n|move|p1a: Enamorus|Mystical Fire|p2a: Sua namorada\n|-damage|p2a: Sua namorada|0 fnt\n|faint|p2a: Sua namorada\n|\n|-weather|none\n|upkeep\n|c|\u2606raets234|gay e sua mae aquela puta\n|inactive|raets234 has 120 seconds left.\n|\n|t:|1699915360\n|switch|p2a: Furry|Meowscarada, F, shiny|100\/100\n|-damage|p2a: Furry|88\/100|[from] Stealth Rock\n|turn|9\n|c|\u2606DestruidordeV1ado|gayzao KKKKKKK\n|\n|t:|1699915376\n|-zpower|p2a: Furry\n|move|p2a: Furry|Gigavolt Havoc|p1a: Enamorus|[zeffect]\n|-start|p2a: Furry|typechange|Electric|[from] ability: Protean\n|-supereffective|p1a: Enamorus\n|-damage|p1a: Enamorus|0 fnt\n|faint|p1a: Enamorus\n|\n|upkeep\n|c|\u2606DestruidordeV1ado|Gay m\u00e9dio ai\n|c|\u2606raets234|teu cuuuuuuuuuuuuuuuuuuuuuuuuuuuuuuuu\n|inactive|DestruidordeV1ado has 90 seconds left.\n|\n|t:|1699915397\n|switch|p1a: Garganacl|Garganacl, F|100\/100\n|turn|10\n|c|\u2606DestruidordeV1ado|KKKKKKKKKKKKKKKKKKKKKKKK\n|\n|t:|1699915403\n|move|p2a: Furry|Frenzy Plant|p1a: Garganacl\n|-supereffective|p1a: Garganacl\n|-damage|p1a: Garganacl|63\/100\n|-mustrecharge|p2a: Furry\n|move|p1a: Garganacl|Salt Cure|p2a: Furry\n|-damage|p2a: Furry|64\/100\n|-start|p2a: Furry|Salt Cure\n|\n|-heal|p1a: Garganacl|70\/100|[from] item: Leftovers\n|-damage|p2a: Furry|52\/100|[from] Salt Cure\n|upkeep\n|turn|11\n|c|\u2606DestruidordeV1ado|Que gayzar\n|\n|t:|1699915414\n|switch|p1a: Corviknight|Corviknight, F|100\/100\n|-ability|p1a: Corviknight|Pressure\n|cant|p2a: Furry|recharge\n|\n|-damage|p2a: Furry|40\/100|[from] Salt Cure\n|upkeep\n|turn|12\n|c|\u2606DestruidordeV1ado|Al\u00e9m de gay \u00e9 burro\n|\n|t:|1699915427\n|move|p2a: Furry|Thunder Punch|p1a: Corviknight\n|-supereffective|p1a: Corviknight\n|-damage|p1a: Corviknight|60\/100\n|move|p1a: Corviknight|Body Press|p2a: Furry\n|-damage|p2a: Furry|0 fnt\n|faint|p2a: Furry\n|\n|-heal|p1a: Corviknight|66\/100|[from] item: Leftovers\n|upkeep\n|c|\u2606raets234|minha pika\n|\n|t:|1699915436\n|switch|p2a: Z\u00e9dahora|Zeraora|100\/100\n|-damage|p2a: Z\u00e9dahora|88\/100|[from] Stealth Rock\n|turn|13\n|c|\u2606DestruidordeV1ado|J\u00e1 sabe n\u00e9?\n|c|\u2606DestruidordeV1ado|Falou de pika\n|inactive|DestruidordeV1ado has 90 seconds left.\n|c|\u2606DestruidordeV1ado|\u00c9 pq gosta de pika\n|\n|t:|1699915463\n|move|p2a: Z\u00e9dahora|Plasma Fists|p1a: Corviknight\n|-supereffective|p1a: Corviknight\n|-damage|p1a: Corviknight|0 fnt\n|-fieldactivate|move: Ion Deluge\n|-hint|Normal-type moves become Electric-type after using Plasma Fists.\n|faint|p1a: Corviknight\n|\n|upkeep\n|\n|t:|1699915471\n|switch|p1a: Garganacl|Garganacl, F|70\/100\n|turn|14\n|j| PlasmaGruntTboltz\n|\n|t:|1699915478\n|move|p2a: Z\u00e9dahora|Close Combat|p1a: Garganacl\n|-supereffective|p1a: Garganacl\n|-damage|p1a: Garganacl|6\/100\n|-unboost|p2a: Z\u00e9dahora|def|1\n|-unboost|p2a: Z\u00e9dahora|spd|1\n|move|p1a: Garganacl|Salt Cure|p2a: Z\u00e9dahora\n|-damage|p2a: Z\u00e9dahora|59\/100\n|-start|p2a: Z\u00e9dahora|Salt Cure\n|\n|-heal|p1a: Garganacl|12\/100|[from] item: Leftovers\n|-damage|p2a: Z\u00e9dahora|46\/100|[from] Salt Cure\n|upkeep\n|turn|15\n|l| PlasmaGruntTboltz\n|c|\u2606DestruidordeV1ado|iiiiii\n|\n|t:|1699915493\n|move|p1a: Garganacl|Protect|p1a: Garganacl\n|-singleturn|p1a: Garganacl|Protect\n|move|p2a: Z\u00e9dahora|Play Rough|p1a: Garganacl\n|-activate|p1a: Garganacl|move: Protect\n|\n|-heal|p1a: Garganacl|18\/100|[from] item: Leftovers\n|-damage|p2a: Z\u00e9dahora|34\/100|[from] Salt Cure\n|upkeep\n|turn|16\n|c|\u2606raets234|seu cu\n|inactive|DestruidordeV1ado has 90 seconds left.\n|c|\u2606DestruidordeV1ado|T\u00e1 bolado gay?\n|c|\u2606raets234|vou comer sua mae\n|\n|t:|1699915518\n|move|p1a: Garganacl|Protect||[still]\n|-fail|p1a: Garganacl\n|move|p2a: Z\u00e9dahora|Play Rough|p1a: Garganacl\n|-damage|p1a: Garganacl|0 fnt\n|faint|p1a: Garganacl\n|\n|-damage|p2a: Z\u00e9dahora|22\/100|[from] Salt Cure\n|upkeep\n|\n|t:|1699915521\n|switch|p1a: Torkoal|Torkoal, F|64\/100\n|-weather|SunnyDay|[from] ability: Drought|[of] p1a: Torkoal\n|turn|17\n|c|\u2606DestruidordeV1ado|KKKKKKKKKKKKKKKKKKKKKKKK\n|c|\u2606DestruidordeV1ado|COMO vai comer minha m\u00e3e se vc da o cuzinho?\n|c|\u2606DestruidordeV1ado|iiiiiiiii\n|inactive|DestruidordeV1ado has 90 seconds left.\n|c|\u2606raets234|b1chon4\n|inactive|raets234 has 120 seconds left.\n|\n|t:|1699915553\n|move|p2a: Z\u00e9dahora|Close Combat|p1a: Torkoal\n|-damage|p1a: Torkoal|42\/100\n|-unboost|p2a: Z\u00e9dahora|def|1\n|-unboost|p2a: Z\u00e9dahora|spd|1\n|move|p1a: Torkoal|Lava Plume|p2a: Z\u00e9dahora\n|-damage|p2a: Z\u00e9dahora|0 fnt\n|faint|p2a: Z\u00e9dahora\n|\n|-weather|SunnyDay|[upkeep]\n|upkeep\n|inactive|raets234 has 120 seconds left.\n|c|\u2606DestruidordeV1ado|Tu tem que parar de ser gay\n|\n|t:|1699915563\n|switch|p2a: Ninjafrog|Greninja, M|50\/100\n|-damage|p2a: Ninjafrog|38\/100|[from] Stealth Rock\n|turn|18\n|\n|t:|1699915568\n|switch|p1a: Slowking|Slowking-Galar, F|100\/100\n|move|p2a: Ninjafrog|Water Shuriken|p1a: Slowking\n|-damage|p1a: Slowking|97\/100\n|-damage|p1a: Slowking|94\/100\n|-hitcount|p1a: Slowking|2\n|-damage|p2a: Ninjafrog|28\/100|[from] item: Life Orb\n|\n|-weather|SunnyDay|[upkeep]\n|upkeep\n|turn|19\n|inactive|raets234 has 120 seconds left.\n|c|\u2606raets234|quer ser meu amigo\n|c|\u2606DestruidordeV1ado|Gay\n|c|\u2606raets234|e serio\n|c|\u2606DestruidordeV1ado|KKKKKKKKKKKKKKKKKKKKKKKK\n|c|\u2606DestruidordeV1ado|iiiii\n|c|\u2606DestruidordeV1ado|i\n|c|\u2606DestruidordeV1ado|vai\n|\n|t:|1699915596\n|-terastallize|p1a: Slowking|Grass\n|move|p2a: Ninjafrog|U-turn|p1a: Slowking\n|-supereffective|p1a: Slowking\n|-damage|p1a: Slowking|66\/100\n|-damage|p2a: Ninjafrog|18\/100|[from] item: Life Orb\n|c|\u2606DestruidordeV1ado|perigoso\n|\n|t:|1699915603\n|switch|p2a: Goku|Lucario, M, shiny|100\/100|[from] U-turn\n|-damage|p2a: Goku|98\/100|[from] Stealth Rock\n|move|p1a: Slowking|Sludge Bomb|p2a: Goku\n|-immune|p2a: Goku\n|\n|-weather|SunnyDay|[upkeep]\n|upkeep\n|turn|20\n|inactive|DestruidordeV1ado has 120 seconds left.\n|c|\u2606DestruidordeV1ado|Kevin eu cliquei no thndeewave\n|c|\u2606DestruidordeV1ado|Tu fodeu minha call KKKKK\n|c|\u2606DestruidordeV1ado|foi mal ca\n|\n|t:|1699915638\n|-terastallize|p2a: Goku|Fighting\n|move|p2a: Goku|Aura Sphere|p1a: Slowking\n|-damage|p1a: Slowking|11\/100\n|-damage|p2a: Goku|88\/100|[from] item: Life Orb\n|move|p1a: Slowking|Thunder Wave|p2a: Goku\n|-status|p2a: Goku|par\n|\n|-weather|SunnyDay|[upkeep]\n|upkeep\n|turn|21\n|c|\u2606raets234|ta bao\n|c|\u2606raets234|te perdou\n|\n|t:|1699915653\n|switch|p1a: Torkoal|Torkoal, F|42\/100\n|cant|p2a: Goku|par\n|\n|-weather|SunnyDay|[upkeep]\n|upkeep\n|turn|22\n|\n|t:|1699915658\n|switch|p1a: Slowking|Slowking-Galar, F, tera:Grass|45\/100\n|move|p2a: Goku|Aura Sphere|p1a: Slowking\n|-damage|p1a: Slowking|0 fnt\n|faint|p1a: Slowking\n|-damage|p2a: Goku|78\/100 par|[from] item: Life Orb\n|\n|-weather|SunnyDay|[upkeep]\n|upkeep\n|c|\u2606DestruidordeV1ado|i\n|inactive|DestruidordeV1ado has 90 seconds left.\n|\n|t:|1699915687\n|switch|p1a: Torkoal|Torkoal, F|42\/100\n|turn|23\n|\n|t:|1699915692\n|cant|p2a: Goku|par\n|move|p1a: Torkoal|Lava Plume|p2a: Goku\n|-damage|p2a: Goku|18\/100 par\n|\n|-weather|SunnyDay|[upkeep]\n|upkeep\n|turn|24\n|\n|t:|1699915698\n|cant|p2a: Goku|par\n|move|p1a: Torkoal|Lava Plume|p2a: Goku\n|-damage|p2a: Goku|0 fnt\n|faint|p2a: Goku\n|\n|-weather|none\n|upkeep\n|\n|t:|1699915706\n|switch|p2a: Ninjafrog|Greninja, M|18\/100\n|-damage|p2a: Ninjafrog|6\/100|[from] Stealth Rock\n|turn|25\n|\n|t:|1699915710\n|move|p2a: Ninjafrog|Water Shuriken|p1a: Torkoal\n|-supereffective|p1a: Torkoal\n|-damage|p1a: Torkoal|17\/100\n|-supereffective|p1a: Torkoal\n|-damage|p1a: Torkoal|0 fnt\n|faint|p1a: Torkoal\n|-hitcount|p1: Torkoal|2\n|-damage|p2a: Ninjafrog|0 fnt|[from] item: Life Orb\n|faint|p2a: Ninjafrog\n|\n|win|raets234\n|raw|DestruidordeV1ado's rating: 1182 &rarr; <strong>1156<\/strong><br \/>(-26 for losing)\n|raw|raets234's rating: 1174 &rarr; <strong>1200<\/strong><br \/>(+26 for winning)\n","uploadtime":1699915357,"views":15,"p1id":"destruidordev1ado","p2id":"raets234","formatid":"gen9nationaldex","rating":1156,"private":0,"password":""}