{"id":"gen9nationaldex-1990482602","p1":"elvisma","p2":"acclejoker","format":"[Gen 9] National Dex","log":"|j|\u2606elvisma\n|j|\u203dacclejoker\n|t:|1699975032\n|gametype|singles\n|player|p1|elvisma|red-masters|1726\n|player|p2|acclejoker|170|1789\n|teamsize|p1|6\n|teamsize|p2|6\n|gen|9\n|tier|[Gen 9] National Dex\n|rated|\n|rule|HP Percentage Mod: HP is shown in percentages\n|rule|Endless Battle Clause: Forcing endless battles is banned\n|rule|OHKO Clause: OHKO moves are banned\n|rule|Evasion Clause: Evasion abilities, items, and moves are banned\n|rule|Evasion Abilities Clause: Evasion abilities are banned\n|rule|Evasion Items Clause: Evasion items are banned\n|rule|Evasion Moves Clause: Evasion moves are banned\n|rule|Species Clause: Limit one of each Pok\u00e9mon\n|rule|Sleep Clause Mod: Limit one foe put to sleep\n|clearpoke\n|poke|p1|Azelf|\n|poke|p1|Charizard, F|\n|poke|p1|Ribombee, F|\n|poke|p1|Great Tusk|\n|poke|p1|Ogerpon-Wellspring, F|\n|poke|p1|Victini|\n|poke|p2|Garchomp, F|\n|poke|p2|Banette, M|\n|poke|p2|Great Tusk|\n|poke|p2|Glimmora, M|\n|poke|p2|Tapu Koko|\n|poke|p2|Corviknight, M|\n|teampreview\n|inactive|Battle timer is ON: inactive players will automatically lose when time's up. (requested by acclejoker)\n|\n|t:|1699975047\n|start\n|switch|p1a: pls dont u-turn|Azelf|100\/100\n|switch|p2a: Glimmora|Glimmora, M|100\/100\n|turn|1\n|\n|t:|1699975053\n|move|p1a: pls dont u-turn|Mystical Power|p2a: Glimmora\n|-supereffective|p2a: Glimmora\n|-damage|p2a: Glimmora|4\/100\n|-boost|p1a: pls dont u-turn|spa|1\n|move|p2a: Glimmora|Stealth Rock|p1a: pls dont u-turn\n|-sidestart|p1: elvisma|move: Stealth Rock\n|\n|upkeep\n|turn|2\n|\n|t:|1699975067\n|move|p1a: pls dont u-turn|Mystical Power|p2a: Glimmora\n|-supereffective|p2a: Glimmora\n|-damage|p2a: Glimmora|0 fnt\n|-boost|p1a: pls dont u-turn|spa|1\n|faint|p2a: Glimmora\n|\n|upkeep\n|\n|t:|1699975075\n|switch|p2a: Corviknight|Corviknight, M|100\/100\n|-ability|p2a: Corviknight|Pressure\n|turn|3\n|\n|t:|1699975080\n|move|p1a: pls dont u-turn|Thunderbolt|p2a: Corviknight\n|-supereffective|p2a: Corviknight\n|-damage|p2a: Corviknight|18\/100\n|move|p2a: Corviknight|Agility|p2a: Corviknight\n|-boost|p2a: Corviknight|spe|2\n|\n|-heal|p2a: Corviknight|24\/100|[from] item: Leftovers\n|upkeep\n|turn|4\n|\n|t:|1699975086\n|move|p2a: Corviknight|Power Trip|p1a: pls dont u-turn\n|-supereffective|p1a: pls dont u-turn\n|-damage|p1a: pls dont u-turn|59\/100\n|move|p1a: pls dont u-turn|Flamethrower|p2a: Corviknight\n|-supereffective|p2a: Corviknight\n|-damage|p2a: Corviknight|0 fnt\n|faint|p2a: Corviknight\n|\n|upkeep\n|\n|t:|1699975093\n|switch|p2a: Banette|Banette, M|100\/100\n|turn|5\n|\n|t:|1699975100\n|detailschange|p2a: Banette|Banette-Mega, M\n|-mega|p2a: Banette|Banette|Banettite\n|-terastallize|p1a: pls dont u-turn|Electric\n|move|p2a: Banette|Destiny Bond|p2a: Banette\n|-singlemove|p2a: Banette|Destiny Bond\n|move|p1a: pls dont u-turn|Thunderbolt|p2a: Banette\n|-damage|p2a: Banette|0 fnt\n|faint|p2a: Banette\n|-activate|p2a: Banette|move: Destiny Bond\n|faint|p1a: pls dont u-turn\n|\n|upkeep\n|c|\u2606elvisma|worth\n|\n|t:|1699975111\n|switch|p1a: TUSK SWEEP|Great Tusk|100\/100\n|switch|p2a: Tapu Koko|Tapu Koko|100\/100\n|-fieldstart|move: Electric Terrain|[from] ability: Electric Surge|[of] p2a: Tapu Koko\n|-damage|p1a: TUSK SWEEP|98\/100|[from] Stealth Rock\n|-enditem|p1a: TUSK SWEEP|Booster Energy\n|-activate|p1a: TUSK SWEEP|ability: Protosynthesis|[fromitem]\n|-start|p1a: TUSK SWEEP|protosynthesisatk\n|turn|6\n|c|\u2606elvisma|yeha im dead\n|\n|t:|1699975124\n|move|p2a: Tapu Koko|Reflect|p2a: Tapu Koko\n|-sidestart|p2: acclejoker|Reflect\n|move|p1a: TUSK SWEEP|Rapid Spin|p2a: Tapu Koko\n|-damage|p2a: Tapu Koko|88\/100\n|-boost|p1a: TUSK SWEEP|spe|1\n|-sideend|p1: elvisma|Stealth Rock|[from] move: Rapid Spin|[of] p1a: TUSK SWEEP\n|\n|upkeep\n|turn|7\n|\n|t:|1699975127\n|move|p1a: TUSK SWEEP|Headlong Rush|p2a: Tapu Koko\n|-supereffective|p2a: Tapu Koko\n|-damage|p2a: Tapu Koko|6\/100\n|-unboost|p1a: TUSK SWEEP|def|1\n|-unboost|p1a: TUSK SWEEP|spd|1\n|move|p2a: Tapu Koko|Light Screen|p2a: Tapu Koko\n|-sidestart|p2: acclejoker|move: Light Screen\n|\n|upkeep\n|turn|8\n|\n|t:|1699975132\n|move|p1a: TUSK SWEEP|Ice Spinner|p2a: Tapu Koko\n|-damage|p2a: Tapu Koko|0 fnt\n|-fieldend|move: Electric Terrain\n|faint|p2a: Tapu Koko\n|\n|upkeep\n|\n|t:|1699975136\n|switch|p2a: Great Tusk|Great Tusk|100\/100\n|-enditem|p2a: Great Tusk|Booster Energy\n|-activate|p2a: Great Tusk|ability: Protosynthesis|[fromitem]\n|-start|p2a: Great Tusk|protosynthesisspe\n|turn|9\n|\n|t:|1699975150\n|move|p1a: TUSK SWEEP|Rapid Spin|p2a: Great Tusk\n|-damage|p2a: Great Tusk|94\/100\n|-boost|p1a: TUSK SWEEP|spe|1\n|move|p2a: Great Tusk|Bulk Up|p2a: Great Tusk\n|-boost|p2a: Great Tusk|atk|1\n|-boost|p2a: Great Tusk|def|1\n|\n|upkeep\n|turn|10\n|\n|t:|1699975154\n|move|p1a: TUSK SWEEP|Headlong Rush|p2a: Great Tusk\n|-damage|p2a: Great Tusk|76\/100\n|-unboost|p1a: TUSK SWEEP|def|1\n|-unboost|p1a: TUSK SWEEP|spd|1\n|move|p2a: Great Tusk|Bulk Up|p2a: Great Tusk\n|-boost|p2a: Great Tusk|atk|1\n|-boost|p2a: Great Tusk|def|1\n|\n|upkeep\n|turn|11\n|\n|t:|1699975162\n|move|p1a: TUSK SWEEP|Headlong Rush|p2a: Great Tusk\n|-damage|p2a: Great Tusk|63\/100\n|-unboost|p1a: TUSK SWEEP|def|1\n|-unboost|p1a: TUSK SWEEP|spd|1\n|move|p2a: Great Tusk|Rapid Spin|p1a: TUSK SWEEP\n|-damage|p1a: TUSK SWEEP|45\/100\n|-boost|p2a: Great Tusk|spe|1\n|\n|upkeep\n|turn|12\n|\n|t:|1699975165\n|move|p2a: Great Tusk|Bulk Up|p2a: Great Tusk\n|-boost|p2a: Great Tusk|atk|1\n|-boost|p2a: Great Tusk|def|1\n|move|p1a: TUSK SWEEP|Ice Spinner|p2a: Great Tusk\n|-supereffective|p2a: Great Tusk\n|-damage|p2a: Great Tusk|54\/100\n|\n|upkeep\n|turn|13\n|\n|t:|1699975168\n|move|p2a: Great Tusk|Rapid Spin|p1a: TUSK SWEEP\n|-damage|p1a: TUSK SWEEP|0 fnt\n|-boost|p2a: Great Tusk|spe|1\n|faint|p1a: TUSK SWEEP\n|-end|p1a: TUSK SWEEP|Protosynthesis|[silent]\n|\n|-sideend|p2: acclejoker|Reflect\n|upkeep\n|j| KoKohs\n|\n|t:|1699975196\n|switch|p1a: V create spam|Victini|100\/100\n|turn|14\n|\n|t:|1699975204\n|move|p2a: Great Tusk|Earthquake|p1a: V create spam\n|-supereffective|p1a: V create spam\n|-damage|p1a: V create spam|0 fnt\n|faint|p1a: V create spam\n|\n|-sideend|p2: acclejoker|move: Light Screen\n|upkeep\n|inactive|elvisma has 120 seconds left.\n|l|\u2606elvisma\n|inactive|elvisma disconnected and has a minute to reconnect!\n|player|p1|\n|inactive|elvisma has 30 seconds to reconnect!\n|inactive|elvisma has 20 seconds to reconnect!\n|inactive|elvisma has 15 seconds to reconnect!\n|j|\u2606elvisma\n|inactive|elvisma reconnected and has 70 seconds left.\n|player|p1|elvisma|red-masters\n|\n|t:|1699975277\n|switch|p1a: ZA BEE|Ribombee, F|100\/100\n|turn|15\n|\n|t:|1699975284\n|-terastallize|p2a: Great Tusk|Ice\n|move|p2a: Great Tusk|Rapid Spin|p1a: ZA BEE\n|-damage|p1a: ZA BEE|31\/100\n|-boost|p2a: Great Tusk|spe|1\n|move|p1a: ZA BEE|Moonblast|p2a: Great Tusk\n|-damage|p2a: Great Tusk|3\/100\n|\n|upkeep\n|turn|16\n|\n|t:|1699975292\n|move|p2a: Great Tusk|Rapid Spin|p1a: ZA BEE\n|-damage|p1a: ZA BEE|0 fnt\n|-boost|p2a: Great Tusk|spe|1\n|faint|p1a: ZA BEE\n|\n|upkeep\n|\n|t:|1699975296\n|switch|p1a: ampheros|Charizard, F|100\/100\n|turn|17\n|\n|t:|1699975302\n|detailschange|p1a: ampheros|Charizard-Mega-X, F\n|-mega|p1a: ampheros|Charizard|Charizardite X\n|move|p2a: Great Tusk|Ice Spinner|p1a: ampheros\n|-damage|p1a: ampheros|3\/100\n|move|p1a: ampheros|Fire Punch|p2a: Great Tusk\n|-supereffective|p2a: Great Tusk\n|-crit|p2a: Great Tusk\n|-damage|p2a: Great Tusk|0 fnt\n|faint|p2a: Great Tusk\n|-end|p2a: Great Tusk|Protosynthesis|[silent]\n|\n|upkeep\n|\n|t:|1699975306\n|switch|p2a: Garchomp|Garchomp, F|100\/100\n|turn|18\n|\n|t:|1699975309\n|move|p2a: Garchomp|Scale Shot|p1a: ampheros\n|-supereffective|p1a: ampheros\n|-damage|p1a: ampheros|0 fnt\n|faint|p1a: ampheros\n|-hitcount|p1: ampheros|1\n|-unboost|p2a: Garchomp|def|1\n|-boost|p2a: Garchomp|spe|1\n|\n|upkeep\n|\n|t:|1699975310\n|switch|p1a: touchgrassdrinkH2O|Ogerpon-Wellspring, F|100\/100\n|turn|19\n|inactive|elvisma has 120 seconds left.\n|\n|t:|1699975341\n|-zpower|p2a: Garchomp\n|move|p2a: Garchomp|Continental Crush|p1a: touchgrassdrinkH2O|[zeffect]\n|-damage|p1a: touchgrassdrinkH2O|25\/100\n|move|p1a: touchgrassdrinkH2O|Play Rough|p2a: Garchomp\n|-supereffective|p2a: Garchomp\n|-damage|p2a: Garchomp|1\/100\n|-damage|p1a: touchgrassdrinkH2O|13\/100|[from] ability: Rough Skin|[of] p2a: Garchomp\n|\n|upkeep\n|turn|20\n|l| KoKohs\n|c|\u2606elvisma|BRO\n|inactive|elvisma has 90 seconds left.\n|\n|t:|1699975360\n|move|p2a: Garchomp|Earthquake|p1a: touchgrassdrinkH2O\n|-resisted|p1a: touchgrassdrinkH2O\n|-damage|p1a: touchgrassdrinkH2O|0 fnt\n|faint|p1a: touchgrassdrinkH2O\n|\n|win|acclejoker\n|raw|elvisma's rating: 1726 &rarr; <strong>1710<\/strong><br \/>(-16 for losing)\n|raw|acclejoker's rating: 1789 &rarr; <strong>1805<\/strong><br \/>(+16 for winning)\n|l|\u2606elvisma\n","uploadtime":1699975387,"views":7,"p1id":"elvisma","p2id":"acclejoker","formatid":"gen9nationaldex","rating":1710,"private":0,"password":""}