{"id":"gen9nationaldex-1997188691","p1":"ericmont","p2":"Void280","format":"[Gen 9] National Dex","log":"|html|<div class=\"broadcast-blue\"><strong>[Gen 9] National Dex is currently suspecting Sneasler! For information on how to participate check out the <a href=\"https:\/\/www.smogon.com\/forums\/threads\/sv-national-dex-suspect-8-just-dance.3731534\/\">suspect thread<\/a>.<\/strong><\/div>\n|j|\u2606ericmont\n|j|\u2606Void280\n|t:|1700773624\n|gametype|singles\n|player|p1|ericmont|bertha|\n|player|p2|Void280|hilbert|\n|teamsize|p1|6\n|teamsize|p2|6\n|gen|9\n|tier|[Gen 9] National Dex\n|rule|HP Percentage Mod: HP is shown in percentages\n|rule|Endless Battle Clause: Forcing endless battles is banned\n|rule|OHKO Clause: OHKO moves are banned\n|rule|Evasion Clause: Evasion abilities, items, and moves are banned\n|rule|Evasion Abilities Clause: Evasion abilities are banned\n|rule|Evasion Items Clause: Evasion items are banned\n|rule|Evasion Moves Clause: Evasion moves are banned\n|rule|Species Clause: Limit one of each Pok\u00e9mon\n|rule|Sleep Clause Mod: Limit one foe put to sleep\n|clearpoke\n|poke|p1|Tapu Koko|\n|poke|p1|Iron Valiant|\n|poke|p1|Hawlucha, F|\n|poke|p1|Iron Moth|\n|poke|p1|Greninja-*, M|\n|poke|p1|Scizor, M|\n|poke|p2|Slither Wing|\n|poke|p2|Urshifu-*, M|\n|poke|p2|Lopunny, F|\n|poke|p2|Iron Valiant|\n|poke|p2|Pawmot, M|\n|poke|p2|Klefki, M|\n|teampreview\n|c|\u2606Void280|No tengo frases como Pep ni nada. Asi que suerte\n|c|\u2606ericmont|glhf\n|\n|t:|1700773661\n|start\n|switch|p1a: Tapu \u00f1alo|Tapu Koko|100\/100\n|switch|p2a: \"Lock & Key\"|Klefki, M, shiny|100\/100\n|-fieldstart|move: Electric Terrain|[from] ability: Electric Surge|[of] p1a: Tapu \u00f1alo\n|turn|1\n|\n|t:|1700773668\n|move|p2a: \"Lock & Key\"|Light Screen|p2a: \"Lock & Key\"\n|-sidestart|p2: Void280|move: Light Screen\n|move|p1a: Tapu \u00f1alo|Thunderbolt|p2a: \"Lock & Key\"\n|-damage|p2a: \"Lock & Key\"|79\/100\n|\n|upkeep\n|turn|2\n|\n|t:|1700773675\n|move|p2a: \"Lock & Key\"|Reflect|p2a: \"Lock & Key\"\n|-sidestart|p2: Void280|Reflect\n|move|p1a: Tapu \u00f1alo|U-turn|p2a: \"Lock & Key\"\n|-resisted|p2a: \"Lock & Key\"\n|-damage|p2a: \"Lock & Key\"|77\/100\n|\n|t:|1700773688\n|switch|p1a: Andale wey|Hawlucha, F|100\/100|[from] U-turn\n|-enditem|p1a: Andale wey|Electric Seed\n|-boost|p1a: Andale wey|def|1|[from] item: Electric Seed\n|\n|upkeep\n|turn|3\n|\n|t:|1700773696\n|move|p2a: \"Lock & Key\"|Thunder Wave|p1a: Andale wey\n|-status|p1a: Andale wey|par\n|move|p1a: Andale wey|Taunt|p2a: \"Lock & Key\"\n|-start|p2a: \"Lock & Key\"|move: Taunt\n|\n|upkeep\n|turn|4\n|\n|t:|1700773706\n|switch|p1a: Pollita|Iron Moth|100\/100\n|-activate|p1a: Pollita|ability: Quark Drive\n|-start|p1a: Pollita|quarkdrivespe\n|move|p2a: \"Lock & Key\"|Dazzling Gleam|p1a: Pollita\n|-resisted|p1a: Pollita\n|-damage|p1a: Pollita|95\/100\n|\n|upkeep\n|turn|5\n|\n|t:|1700773723\n|switch|p2a: First Time v2|Urshifu-Rapid-Strike, M|100\/100\n|move|p1a: Pollita|Fiery Dance|p2a: First Time v2\n|-resisted|p2a: First Time v2\n|-damage|p2a: First Time v2|86\/100\n|\n|upkeep\n|turn|6\n|\n|t:|1700773736\n|-end|p1a: Pollita|Quark Drive|[silent]\n|switch|p1a: Andale wey|Hawlucha, F|100\/100 par\n|move|p2a: First Time v2|Surging Strikes|p1a: Andale wey\n|-crit|p1a: Andale wey\n|-damage|p1a: Andale wey|73\/100 par\n|-crit|p1a: Andale wey\n|-damage|p1a: Andale wey|45\/100 par\n|-crit|p1a: Andale wey\n|-damage|p1a: Andale wey|20\/100 par\n|-hitcount|p1a: Andale wey|3\n|\n|upkeep\n|turn|7\n|\n|t:|1700773747\n|move|p2a: First Time v2|Surging Strikes|p1a: Andale wey\n|-crit|p1a: Andale wey\n|-damage|p1a: Andale wey|0 fnt\n|faint|p1a: Andale wey\n|-hitcount|p1: Andale wey|1\n|\n|upkeep\n|\n|t:|1700773752\n|switch|p1a: Tapu \u00f1alo|Tapu Koko|100\/100\n|turn|8\n|\n|t:|1700773757\n|switch|p2a: \"Lock & Key\"|Klefki, M, shiny|77\/100\n|move|p1a: Tapu \u00f1alo|Thunderbolt|p2a: \"Lock & Key\"\n|-damage|p2a: \"Lock & Key\"|53\/100\n|\n|-sideend|p2: Void280|move: Light Screen\n|-fieldend|move: Electric Terrain\n|upkeep\n|turn|9\n|\n|t:|1700773766\n|move|p2a: \"Lock & Key\"|Light Screen|p2a: \"Lock & Key\"\n|-sidestart|p2: Void280|move: Light Screen\n|move|p1a: Tapu \u00f1alo|Thunderbolt|p2a: \"Lock & Key\"\n|-damage|p2a: \"Lock & Key\"|36\/100\n|\n|-sideend|p2: Void280|Reflect\n|upkeep\n|turn|10\n|\n|t:|1700773770\n|move|p2a: \"Lock & Key\"|Reflect|p2a: \"Lock & Key\"\n|-sidestart|p2: Void280|Reflect\n|move|p1a: Tapu \u00f1alo|Thunderbolt|p2a: \"Lock & Key\"\n|-damage|p2a: \"Lock & Key\"|19\/100\n|-status|p2a: \"Lock & Key\"|par\n|\n|upkeep\n|turn|11\n|\n|t:|1700773790\n|switch|p2a: Pawmot|Pawmot, M|100\/100\n|move|p1a: Tapu \u00f1alo|Thunderbolt|p2a: Pawmot\n|-immune|p2a: Pawmot|[from] ability: Volt Absorb\n|\n|upkeep\n|turn|12\n|\n|t:|1700773797\n|move|p2a: Pawmot|Fake Out|p1a: Tapu \u00f1alo\n|-damage|p1a: Tapu \u00f1alo|82\/100\n|cant|p1a: Tapu \u00f1alo|flinch\n|\n|upkeep\n|turn|13\n|\n|t:|1700773821\n|-terastallize|p2a: Pawmot|Flying\n|move|p1a: Tapu \u00f1alo|U-turn|p2a: Pawmot\n|-resisted|p2a: Pawmot\n|-damage|p2a: Pawmot|94\/100\n|\n|t:|1700773827\n|switch|p1a: El pinzas|Scizor, M|100\/100|[from] U-turn\n|move|p2a: Pawmot|Seed Bomb|p1a: El pinzas\n|-resisted|p1a: El pinzas\n|-damage|p1a: El pinzas|94\/100\n|\n|upkeep\n|turn|14\n|\n|t:|1700773838\n|switch|p2a: \"Lock & Key\"|Klefki, M, shiny|19\/100 par\n|detailschange|p1a: El pinzas|Scizor-Mega, M\n|-mega|p1a: El pinzas|Scizor|Scizorite\n|move|p1a: El pinzas|Swords Dance|p1a: El pinzas\n|-boost|p1a: El pinzas|atk|2\n|\n|upkeep\n|turn|15\n|\n|t:|1700773847\n|move|p1a: El pinzas|Bullet Punch|p2a: \"Lock & Key\"\n|-damage|p2a: \"Lock & Key\"|0 fnt\n|faint|p2a: \"Lock & Key\"\n|\n|upkeep\n|\n|t:|1700773852\n|switch|p2a: Silky|Slither Wing|100\/100\n|turn|16\n|\n|t:|1700773857\n|move|p2a: Silky|First Impression|p1a: El pinzas\n|-resisted|p1a: El pinzas\n|-damage|p1a: El pinzas|65\/100\n|-damage|p2a: Silky|91\/100|[from] item: Life Orb\n|move|p1a: El pinzas|Trailblaze|p2a: Silky\n|-resisted|p2a: Silky\n|-damage|p2a: Silky|70\/100\n|-boost|p1a: El pinzas|spe|1\n|\n|-sideend|p2: Void280|move: Light Screen\n|upkeep\n|turn|17\n|\n|t:|1700773874\n|move|p1a: El pinzas|Trailblaze|p2a: Silky\n|-resisted|p2a: Silky\n|-crit|p2a: Silky\n|-damage|p2a: Silky|3\/100\n|-boost|p1a: El pinzas|spe|1\n|move|p2a: Silky|Flare Blitz|p1a: El pinzas\n|-supereffective|p1a: El pinzas\n|-damage|p1a: El pinzas|0 fnt\n|faint|p1a: El pinzas\n|-damage|p2a: Silky|0 fnt|[from] Recoil\n|faint|p2a: Silky\n|-end|p2a: Silky|Protosynthesis|[silent]\n|\n|-sideend|p2: Void280|Reflect\n|upkeep\n|c|\u2606ericmont|equisde\n|\n|t:|1700773887\n|switch|p2a: Pawmot|Pawmot, M, tera:Flying|94\/100\n|switch|p1a: Sapo|Greninja, M|100\/100\n|turn|18\n|\n|t:|1700773892\n|move|p2a: Pawmot|Fake Out|p1a: Sapo\n|-damage|p1a: Sapo|77\/100\n|cant|p1a: Sapo|flinch\n|\n|upkeep\n|turn|19\n|\n|t:|1700773902\n|switch|p2a: First Time v2|Urshifu-Rapid-Strike, M|86\/100\n|move|p1a: Sapo|Ice Beam|p2a: First Time v2\n|-resisted|p2a: First Time v2\n|-damage|p2a: First Time v2|59\/100\n|-damage|p1a: Sapo|67\/100|[from] item: Life Orb\n|\n|upkeep\n|turn|20\n|\n|t:|1700773921\n|move|p2a: First Time v2|Poison Jab|p1a: Sapo\n|-damage|p1a: Sapo|24\/100\n|-status|p1a: Sapo|psn\n|move|p1a: Sapo|Extrasensory|p2a: First Time v2\n|-supereffective|p2a: First Time v2\n|-damage|p2a: First Time v2|0 fnt\n|faint|p2a: First Time v2\n|-ability|p1a: Sapo|Battle Bond|boost\n|-boost|p1a: Sapo|atk|1\n|-boost|p1a: Sapo|spa|1\n|-boost|p1a: Sapo|spe|1\n|-activate|p1a: Sapo|ability: Battle Bond\n|-damage|p1a: Sapo|15\/100 psn|[from] item: Life Orb\n|\n|-damage|p1a: Sapo|2\/100 psn|[from] psn\n|upkeep\n|c|\u2606ericmont|XD\n|\n|t:|1700773934\n|switch|p2a: Pawmot|Pawmot, M, tera:Flying|94\/100\n|turn|21\n|c|\u2606Void280|lol\n|\n|t:|1700773939\n|move|p2a: Pawmot|Fake Out|p1a: Sapo\n|-damage|p1a: Sapo|0 fnt\n|faint|p1a: Sapo\n|\n|upkeep\n|\n|t:|1700773943\n|switch|p1a: Tapu \u00f1alo|Tapu Koko|82\/100\n|-fieldstart|move: Electric Terrain|[from] ability: Electric Surge|[of] p1a: Tapu \u00f1alo\n|turn|22\n|\n|t:|1700773953\n|-terastallize|p1a: Tapu \u00f1alo|Grass\n|move|p1a: Tapu \u00f1alo|Hidden Power|p2a: Pawmot\n|-supereffective|p2a: Pawmot\n|-damage|p2a: Pawmot|34\/100\n|move|p2a: Pawmot|Revival Blessing|p2a: Pawmot\n|\n|t:|1700773960\n|-heal|p2: Silky|50\/100|[from] move: Revival Blessing\n|\n|upkeep\n|turn|23\n|\n|t:|1700773970\n|move|p1a: Tapu \u00f1alo|Hidden Power|p2a: Pawmot\n|-supereffective|p2a: Pawmot\n|-damage|p2a: Pawmot|0 fnt\n|faint|p2a: Pawmot\n|\n|upkeep\n|\n|t:|1700773975\n|switch|p2a: Silky|Slither Wing|50\/100\n|turn|24\n|\n|t:|1700773987\n|switch|p1a: Pollita|Iron Moth|95\/100\n|-activate|p1a: Pollita|ability: Quark Drive\n|-start|p1a: Pollita|quarkdrivespe\n|move|p2a: Silky|Leech Life|p1a: Pollita\n|-resisted|p1a: Pollita\n|-damage|p1a: Pollita|72\/100\n|-heal|p2a: Silky|63\/100|[from] drain|[of] p1a: Pollita\n|-damage|p2a: Silky|53\/100|[from] item: Life Orb\n|\n|upkeep\n|turn|25\n|\n|t:|1700774009\n|-end|p2a: Silky|Protosynthesis|[silent]\n|switch|p2a: Cyber Ange|Iron Valiant|100\/100\n|-activate|p2a: Cyber Ange|ability: Quark Drive\n|-start|p2a: Cyber Ange|quarkdrivespe\n|move|p1a: Pollita|Fiery Dance|p2a: Cyber Ange\n|-damage|p2a: Cyber Ange|31\/100\n|\n|upkeep\n|turn|26\n|\n|t:|1700774042\n|move|p2a: Cyber Ange|Thunderbolt|p1a: Pollita\n|-damage|p1a: Pollita|38\/100\n|move|p1a: Pollita|Fiery Dance|p2a: Cyber Ange\n|-damage|p2a: Cyber Ange|0 fnt\n|-boost|p1a: Pollita|spa|1\n|faint|p2a: Cyber Ange\n|-end|p2a: Cyber Ange|Quark Drive|[silent]\n|\n|upkeep\n|\n|t:|1700774052\n|switch|p2a: Lopus|Lopunny, F|100\/100\n|turn|27\n|\n|t:|1700774058\n|detailschange|p2a: Lopus|Lopunny-Mega, F\n|-mega|p2a: Lopus|Lopunny|Lopunnite\n|move|p2a: Lopus|Fake Out|p1a: Pollita\n|-damage|p1a: Pollita|2\/100\n|cant|p1a: Pollita|flinch\n|\n|upkeep\n|turn|28\n|\n|t:|1700774069\n|move|p1a: Pollita|Sludge Wave|p2a: Lopus\n|-damage|p2a: Lopus|10\/100\n|move|p2a: Lopus|Thunder Punch|p1a: Pollita\n|-damage|p1a: Pollita|0 fnt\n|faint|p1a: Pollita\n|-end|p1a: Pollita|Quark Drive|[silent]\n|\n|upkeep\n|\n|t:|1700774073\n|switch|p1a: Bailarin|Iron Valiant|100\/100\n|-activate|p1a: Bailarin|ability: Quark Drive\n|-start|p1a: Bailarin|quarkdrivespe\n|turn|29\n|c|\u2606Void280|gg\n|\n|t:|1700774084\n|move|p1a: Bailarin|Moonblast|p2a: Lopus\n|-supereffective|p2a: Lopus\n|-damage|p2a: Lopus|0 fnt\n|faint|p2a: Lopus\n|-damage|p1a: Bailarin|91\/100|[from] item: Life Orb\n|\n|-fieldend|move: Electric Terrain\n|-end|p1a: Bailarin|Quark Drive\n|upkeep\n|\n|t:|1700774091\n|switch|p2a: Silky|Slither Wing|53\/100\n|turn|30\n|\n|t:|1700774110\n|move|p2a: Silky|First Impression|p1a: Bailarin\n|-resisted|p1a: Bailarin\n|-damage|p1a: Bailarin|68\/100\n|-damage|p2a: Silky|43\/100|[from] item: Life Orb\n|move|p1a: Bailarin|Moonblast|p2a: Silky\n|-supereffective|p2a: Silky\n|-damage|p2a: Silky|0 fnt\n|faint|p2a: Silky\n|-end|p2a: Silky|Protosynthesis|[silent]\n|-damage|p1a: Bailarin|59\/100|[from] item: Life Orb\n|\n|win|ericmont\n|c|\u2606ericmont|Gg\n","uploadtime":1700774120,"views":3,"p1id":"ericmont","p2id":"void280","formatid":"gen9nationaldex","rating":0,"private":0,"password":""}