{"id":"gen9nationaldex-1990821031","p1":"help support","p2":"Clawraptor","format":"[Gen 9] National Dex","log":"|j|\u2606help support\n|j|\u2606Clawraptor\n|t:|1700004255\n|gametype|singles\n|player|p1|help support|1|1268\n|player|p2|Clawraptor|nate|1293\n|teamsize|p1|6\n|teamsize|p2|6\n|gen|9\n|tier|[Gen 9] National Dex\n|rated|\n|rule|HP Percentage Mod: HP is shown in percentages\n|rule|Endless Battle Clause: Forcing endless battles is banned\n|rule|OHKO Clause: OHKO moves are banned\n|rule|Evasion Clause: Evasion abilities, items, and moves are banned\n|rule|Evasion Abilities Clause: Evasion abilities are banned\n|rule|Evasion Items Clause: Evasion items are banned\n|rule|Evasion Moves Clause: Evasion moves are banned\n|rule|Species Clause: Limit one of each Pok\u00e9mon\n|rule|Sleep Clause Mod: Limit one foe put to sleep\n|clearpoke\n|poke|p1|Aggron, M|\n|poke|p1|Arcanine, M|\n|poke|p1|Ogerpon-Wellspring, F|\n|poke|p1|Landorus-Therian, M|\n|poke|p1|Clefable, F|\n|poke|p1|Braviary-Hisui, M|\n|poke|p2|Corsola-Galar, F|\n|poke|p2|Latios, M|\n|poke|p2|Kommo-o, M|\n|poke|p2|Espeon, F|\n|poke|p2|Clefable, M|\n|poke|p2|Corviknight, M|\n|teampreview\n|\n|t:|1700004264\n|start\n|switch|p1a: Landorus|Landorus-Therian, M, shiny|100\/100\n|switch|p2a: Latios|Latios, M, shiny|100\/100\n|-ability|p1a: Landorus|Intimidate|boost\n|-unboost|p2a: Latios|atk|1\n|turn|1\n|\n|t:|1700004278\n|move|p2a: Latios|Reflect|p2a: Latios\n|-sidestart|p2: Clawraptor|Reflect\n|move|p1a: Landorus|U-turn|p2a: Latios\n|-supereffective|p2a: Latios\n|-damage|p2a: Latios|75\/100\n|\n|t:|1700004296\n|switch|p1a: Clefable|Clefable, F, shiny|100\/100|[from] U-turn\n|\n|upkeep\n|turn|2\n|\n|t:|1700004300\n|move|p2a: Latios|Light Screen|p2a: Latios\n|-sidestart|p2: Clawraptor|move: Light Screen\n|move|p1a: Clefable|Cosmic Power|p1a: Clefable\n|-boost|p1a: Clefable|def|1\n|-boost|p1a: Clefable|spd|1\n|\n|upkeep\n|turn|3\n|\n|t:|1700004306\n|move|p2a: Latios|Thunder Wave|p1a: Clefable\n|-status|p1a: Clefable|par\n|cant|p1a: Clefable|par\n|\n|upkeep\n|turn|4\n|\n|t:|1700004312\n|move|p2a: Latios|Memento|p1a: Clefable\n|-unboost|p1a: Clefable|atk|2\n|-unboost|p1a: Clefable|spa|2\n|faint|p2a: Latios\n|move|p1a: Clefable|Cosmic Power|p1a: Clefable\n|-boost|p1a: Clefable|def|1\n|-boost|p1a: Clefable|spd|1\n|\n|upkeep\n|\n|t:|1700004326\n|switch|p2a: Clefable|Clefable, M|100\/100\n|turn|5\n|\n|t:|1700004345\n|move|p2a: Clefable|Cosmic Power|p2a: Clefable\n|-boost|p2a: Clefable|def|1\n|-boost|p2a: Clefable|spd|1\n|move|p1a: Clefable|Cosmic Power|p1a: Clefable\n|-boost|p1a: Clefable|def|1\n|-boost|p1a: Clefable|spd|1\n|\n|upkeep\n|turn|6\n|\n|t:|1700004353\n|switch|p1a: Aggron|Aggron, M, shiny|100\/100\n|move|p2a: Clefable|Cosmic Power|p2a: Clefable\n|-boost|p2a: Clefable|def|1\n|-boost|p2a: Clefable|spd|1\n|\n|upkeep\n|turn|7\n|\n|t:|1700004360\n|move|p2a: Clefable|Cosmic Power|p2a: Clefable\n|-boost|p2a: Clefable|def|1\n|-boost|p2a: Clefable|spd|1\n|move|p1a: Aggron|Roar|p2a: Clefable\n|drag|p2a: Espeon|Espeon, F|100\/100\n|\n|upkeep\n|turn|8\n|\n|t:|1700004372\n|detailschange|p1a: Aggron|Aggron-Mega, M, shiny\n|-mega|p1a: Aggron|Aggron|Aggronite\n|-zpower|p2a: Espeon\n|move|p2a: Espeon|Z-Celebrate|p2a: Espeon|[anim]Celebrate\n|-boost|p2a: Espeon|atk|1|[zeffect]\n|-boost|p2a: Espeon|def|1|[zeffect]\n|-boost|p2a: Espeon|spa|1|[zeffect]\n|-boost|p2a: Espeon|spd|1|[zeffect]\n|-boost|p2a: Espeon|spe|1|[zeffect]\n|-activate|p2a: Espeon|move: Celebrate\n|move|p1a: Aggron|Heavy Slam|p2a: Espeon\n|-damage|p2a: Espeon|76\/100\n|\n|-sideend|p2: Clawraptor|Reflect\n|upkeep\n|turn|9\n|\n|t:|1700004384\n|move|p2a: Espeon|Calm Mind|p2a: Espeon\n|-boost|p2a: Espeon|spa|1\n|-boost|p2a: Espeon|spd|1\n|move|p1a: Aggron|Heavy Slam|p2a: Espeon\n|-damage|p2a: Espeon|20\/100\n|\n|-sideend|p2: Clawraptor|move: Light Screen\n|upkeep\n|turn|10\n|\n|t:|1700004392\n|move|p2a: Espeon|Stored Power|p1a: Aggron\n|-resisted|p1a: Aggron\n|-damage|p1a: Aggron|25\/100\n|move|p1a: Aggron|Heavy Slam|p2a: Espeon\n|-damage|p2a: Espeon|0 fnt\n|faint|p2a: Espeon\n|\n|upkeep\n|\n|t:|1700004400\n|switch|p2a: Corsola|Corsola-Galar, F, shiny|100\/100\n|turn|11\n|\n|t:|1700004405\n|switch|p1a: Arcanine|Arcanine, M, shiny|100\/100\n|move|p2a: Corsola|Will-O-Wisp|p1a: Arcanine\n|-start|p1a: Arcanine|ability: Flash Fire\n|\n|upkeep\n|turn|12\n|\n|t:|1700004412\n|move|p1a: Arcanine|Flare Blitz|p2a: Corsola\n|-damage|p2a: Corsola|20\/100\n|-start|p1a: Arcanine|Disable|Flare Blitz|[from] ability: Cursed Body|[of] p2a: Corsola\n|-damage|p1a: Arcanine|74\/100|[from] Recoil\n|move|p2a: Corsola|Strength Sap|p1a: Arcanine\n|-unboost|p1a: Arcanine|atk|1\n|-heal|p2a: Corsola|100\/100\n|\n|upkeep\n|turn|13\n|\n|t:|1700004429\n|-end|p1a: Arcanine|ability: Flash Fire|[silent]\n|switch|p1a: Ogerpon|Ogerpon-Wellspring, F|100\/100\n|move|p2a: Corsola|Calm Mind|p2a: Corsola\n|-boost|p2a: Corsola|spa|1\n|-boost|p2a: Corsola|spd|1\n|\n|upkeep\n|turn|14\n|\n|t:|1700004437\n|move|p1a: Ogerpon|U-turn|p2a: Corsola\n|-resisted|p2a: Corsola\n|-damage|p2a: Corsola|92\/100\n|\n|t:|1700004440\n|switch|p1a: Arcanine|Arcanine, M, shiny|74\/100|[from] U-turn\n|move|p2a: Corsola|Strength Sap|p1a: Arcanine\n|-unboost|p1a: Arcanine|atk|1\n|-heal|p2a: Corsola|100\/100\n|\n|upkeep\n|turn|15\n|\n|t:|1700004448\n|move|p2a: Corsola|Calm Mind|p2a: Corsola\n|-boost|p2a: Corsola|spa|1\n|-boost|p2a: Corsola|spd|1\n|move|p1a: Arcanine|Teleport|p1a: Arcanine\n|\n|t:|1700004450\n|switch|p1a: Braviary|Braviary-Hisui, M, shiny|100\/100|[from] Teleport\n|\n|upkeep\n|turn|16\n|\n|t:|1700004455\n|move|p1a: Braviary|Calm Mind|p1a: Braviary\n|-boost|p1a: Braviary|spa|1\n|-boost|p1a: Braviary|spd|1\n|move|p2a: Corsola|Calm Mind|p2a: Corsola\n|-boost|p2a: Corsola|spa|1\n|-boost|p2a: Corsola|spd|1\n|\n|upkeep\n|turn|17\n|\n|t:|1700004462\n|move|p1a: Braviary|Calm Mind|p1a: Braviary\n|-boost|p1a: Braviary|spa|1\n|-boost|p1a: Braviary|spd|1\n|move|p2a: Corsola|Will-O-Wisp|p1a: Braviary\n|-status|p1a: Braviary|brn\n|\n|-damage|p1a: Braviary|94\/100 brn|[from] brn\n|upkeep\n|turn|18\n|\n|t:|1700004471\n|move|p1a: Braviary|Calm Mind|p1a: Braviary\n|-boost|p1a: Braviary|spa|1\n|-boost|p1a: Braviary|spd|1\n|move|p2a: Corsola|Calm Mind|p2a: Corsola\n|-boost|p2a: Corsola|spa|1\n|-boost|p2a: Corsola|spd|1\n|\n|-heal|p1a: Braviary|100\/100 brn|[from] item: Leftovers\n|-damage|p1a: Braviary|94\/100 brn|[from] brn\n|upkeep\n|turn|19\n|\n|t:|1700004481\n|move|p1a: Braviary|Air Slash|p2a: Corsola\n|-damage|p2a: Corsola|83\/100\n|-start|p1a: Braviary|Disable|Air Slash|[from] ability: Cursed Body|[of] p2a: Corsola\n|move|p2a: Corsola|Calm Mind|p2a: Corsola\n|-boost|p2a: Corsola|spa|1\n|-boost|p2a: Corsola|spd|1\n|\n|-heal|p1a: Braviary|100\/100 brn|[from] item: Leftovers\n|-damage|p1a: Braviary|94\/100 brn|[from] brn\n|upkeep\n|turn|20\n|\n|t:|1700004492\n|move|p1a: Braviary|Esper Wing|p2a: Corsola\n|-damage|p2a: Corsola|68\/100\n|-boost|p1a: Braviary|spe|1\n|move|p2a: Corsola|Calm Mind|p2a: Corsola\n|-boost|p2a: Corsola|spa|1\n|-boost|p2a: Corsola|spd|1\n|\n|-heal|p1a: Braviary|100\/100 brn|[from] item: Leftovers\n|-damage|p1a: Braviary|94\/100 brn|[from] brn\n|upkeep\n|turn|21\n|\n|t:|1700004504\n|move|p1a: Braviary|Calm Mind|p1a: Braviary\n|-boost|p1a: Braviary|spa|1\n|-boost|p1a: Braviary|spd|1\n|move|p2a: Corsola|Giga Drain|p1a: Braviary\n|-resisted|p1a: Braviary\n|-damage|p1a: Braviary|85\/100 brn\n|-heal|p2a: Corsola|74\/100|[from] drain|[of] p1a: Braviary\n|\n|-heal|p1a: Braviary|91\/100 brn|[from] item: Leftovers\n|-damage|p1a: Braviary|85\/100 brn|[from] brn\n|upkeep\n|turn|22\n|\n|t:|1700004514\n|move|p1a: Braviary|Esper Wing|p2a: Corsola\n|-damage|p2a: Corsola|60\/100\n|-boost|p1a: Braviary|spe|1\n|move|p2a: Corsola|Giga Drain|p1a: Braviary\n|-resisted|p1a: Braviary\n|-damage|p1a: Braviary|75\/100 brn\n|-heal|p2a: Corsola|67\/100|[from] drain|[of] p1a: Braviary\n|\n|-heal|p1a: Braviary|81\/100 brn|[from] item: Leftovers\n|-damage|p1a: Braviary|75\/100 brn|[from] brn\n|-end|p1a: Braviary|Disable\n|upkeep\n|turn|23\n|\n|t:|1700004528\n|move|p1a: Braviary|Calm Mind|p1a: Braviary\n|-boost|p1a: Braviary|spa|1\n|-boost|p1a: Braviary|spd|1\n|move|p2a: Corsola|Strength Sap|p1a: Braviary\n|-unboost|p1a: Braviary|atk|1\n|-heal|p2a: Corsola|100\/100\n|\n|-heal|p1a: Braviary|81\/100 brn|[from] item: Leftovers\n|-damage|p1a: Braviary|75\/100 brn|[from] brn\n|upkeep\n|turn|24\n|\n|t:|1700004540\n|move|p1a: Braviary|Calm Mind|p1a: Braviary\n|-boost|p1a: Braviary|spa|1\n|-boost|p1a: Braviary|spd|1\n|move|p2a: Corsola|Giga Drain|p1a: Braviary\n|-resisted|p1a: Braviary\n|-damage|p1a: Braviary|68\/100 brn\n|\n|-heal|p1a: Braviary|74\/100 brn|[from] item: Leftovers\n|-damage|p1a: Braviary|68\/100 brn|[from] brn\n|upkeep\n|turn|25\n|\n|t:|1700004549\n|move|p1a: Braviary|Esper Wing|p2a: Corsola\n|-damage|p2a: Corsola|81\/100\n|-boost|p1a: Braviary|spe|1\n|move|p2a: Corsola|Giga Drain|p1a: Braviary\n|-resisted|p1a: Braviary\n|-damage|p1a: Braviary|61\/100 brn\n|-heal|p2a: Corsola|86\/100|[from] drain|[of] p1a: Braviary\n|\n|-heal|p1a: Braviary|67\/100 brn|[from] item: Leftovers\n|-damage|p1a: Braviary|61\/100 brn|[from] brn\n|upkeep\n|turn|26\n|\n|t:|1700004562\n|move|p1a: Braviary|Esper Wing|p2a: Corsola\n|-damage|p2a: Corsola|65\/100\n|-boost|p1a: Braviary|spe|1\n|move|p2a: Corsola|Strength Sap|p1a: Braviary\n|-unboost|p1a: Braviary|atk|1\n|-heal|p2a: Corsola|97\/100\n|\n|-heal|p1a: Braviary|67\/100 brn|[from] item: Leftovers\n|-damage|p1a: Braviary|61\/100 brn|[from] brn\n|upkeep\n|turn|27\n|\n|t:|1700004575\n|switch|p2a: Clefable|Clefable, M|100\/100\n|move|p1a: Braviary|Esper Wing|p2a: Clefable\n|-damage|p2a: Clefable|71\/100\n|-boost|p1a: Braviary|spe|1\n|\n|-heal|p1a: Braviary|67\/100 brn|[from] item: Leftovers\n|-damage|p1a: Braviary|61\/100 brn|[from] brn\n|upkeep\n|turn|28\n|\n|t:|1700004586\n|move|p1a: Braviary|Air Slash|p2a: Clefable\n|-damage|p2a: Clefable|46\/100\n|move|p2a: Clefable|Charge Beam|p1a: Braviary\n|-supereffective|p1a: Braviary\n|-damage|p1a: Braviary|37\/100 brn\n|-boost|p2a: Clefable|spa|1\n|\n|-heal|p1a: Braviary|43\/100 brn|[from] item: Leftovers\n|-damage|p1a: Braviary|37\/100 brn|[from] brn\n|upkeep\n|turn|29\n|\n|t:|1700004596\n|move|p1a: Braviary|Air Slash|p2a: Clefable\n|-damage|p2a: Clefable|19\/100\n|move|p2a: Clefable|Rest|p2a: Clefable\n|-status|p2a: Clefable|slp|[from] move: Rest\n|-heal|p2a: Clefable|100\/100 slp|[silent]\n|-enditem|p2a: Clefable|Chesto Berry|[eat]\n|-curestatus|p2a: Clefable|slp|[msg]\n|\n|-heal|p1a: Braviary|43\/100 brn|[from] item: Leftovers\n|-damage|p1a: Braviary|37\/100 brn|[from] brn\n|upkeep\n|turn|30\n|\n|t:|1700004609\n|switch|p1a: Ogerpon|Ogerpon-Wellspring, F|100\/100\n|move|p2a: Clefable|Charge Beam|p1a: Ogerpon\n|-damage|p1a: Ogerpon|83\/100\n|-boost|p2a: Clefable|spa|1\n|\n|upkeep\n|turn|31\n|\n|t:|1700004616\n|-terastallize|p1a: Ogerpon|Water\n|detailschange|p1a: Ogerpon|Ogerpon-Wellspring-Tera, F, tera:Water\n|-ability|p1a: Ogerpon|Embody Aspect (Wellspring)|boost\n|-boost|p1a: Ogerpon|spd|1\n|move|p1a: Ogerpon|Ivy Cudgel|p2a: Clefable|[anim] Ivy Cudgel Water\n|-damage|p2a: Clefable|26\/100\n|move|p2a: Clefable|Cosmic Power|p2a: Clefable\n|-boost|p2a: Clefable|def|1\n|-boost|p2a: Clefable|spd|1\n|\n|upkeep\n|turn|32\n|\n|t:|1700004627\n|move|p1a: Ogerpon|Ivy Cudgel|p2a: Clefable|[anim] Ivy Cudgel Water\n|-damage|p2a: Clefable|0 fnt\n|faint|p2a: Clefable\n|\n|upkeep\n|\n|t:|1700004632\n|switch|p2a: Corsola|Corsola-Galar, F, shiny|97\/100\n|turn|33\n|\n|t:|1700004637\n|move|p1a: Ogerpon|U-turn|p2a: Corsola\n|-resisted|p2a: Corsola\n|-damage|p2a: Corsola|89\/100\n|\n|t:|1700004640\n|switch|p1a: Arcanine|Arcanine, M, shiny|74\/100|[from] U-turn\n|move|p2a: Corsola|Strength Sap|p1a: Arcanine\n|-unboost|p1a: Arcanine|atk|1\n|-heal|p2a: Corsola|100\/100\n|\n|upkeep\n|turn|34\n|\n|t:|1700004648\n|move|p2a: Corsola|Calm Mind|p2a: Corsola\n|-boost|p2a: Corsola|spa|1\n|-boost|p2a: Corsola|spd|1\n|move|p1a: Arcanine|Teleport|p1a: Arcanine\n|\n|t:|1700004651\n|switch|p1a: Braviary|Braviary-Hisui, M, shiny|37\/100 brn|[from] Teleport\n|\n|-heal|p1a: Braviary|43\/100 brn|[from] item: Leftovers\n|-damage|p1a: Braviary|37\/100 brn|[from] brn\n|upkeep\n|turn|35\n|\n|t:|1700004659\n|switch|p2a: Corviknight|Corviknight, M, shiny|100\/100\n|move|p1a: Braviary|Roost|p1a: Braviary\n|-heal|p1a: Braviary|87\/100 brn\n|-singleturn|p1a: Braviary|move: Roost\n|\n|-heal|p1a: Braviary|93\/100 brn|[from] item: Leftovers\n|-damage|p1a: Braviary|87\/100 brn|[from] brn\n|upkeep\n|turn|36\n|\n|t:|1700004675\n|move|p2a: Corviknight|Agility|p2a: Corviknight\n|-boost|p2a: Corviknight|spe|2\n|move|p1a: Braviary|Calm Mind|p1a: Braviary\n|-boost|p1a: Braviary|spa|1\n|-boost|p1a: Braviary|spd|1\n|\n|-heal|p1a: Braviary|93\/100 brn|[from] item: Leftovers\n|-damage|p1a: Braviary|87\/100 brn|[from] brn\n|upkeep\n|turn|37\n|\n|t:|1700004685\n|move|p2a: Corviknight|Bulk Up|p2a: Corviknight\n|-boost|p2a: Corviknight|atk|1\n|-boost|p2a: Corviknight|def|1\n|move|p1a: Braviary|Esper Wing|p2a: Corviknight\n|-resisted|p2a: Corviknight\n|-damage|p2a: Corviknight|59\/100\n|-boost|p1a: Braviary|spe|1\n|\n|-heal|p1a: Braviary|93\/100 brn|[from] item: Leftovers\n|-damage|p1a: Braviary|87\/100 brn|[from] brn\n|upkeep\n|turn|38\n|\n|t:|1700004696\n|move|p2a: Corviknight|Agility|p2a: Corviknight\n|-boost|p2a: Corviknight|spe|2\n|move|p1a: Braviary|Esper Wing|p2a: Corviknight\n|-resisted|p2a: Corviknight\n|-damage|p2a: Corviknight|16\/100\n|-boost|p1a: Braviary|spe|1\n|\n|-heal|p1a: Braviary|93\/100 brn|[from] item: Leftovers\n|-damage|p1a: Braviary|87\/100 brn|[from] brn\n|upkeep\n|turn|39\n|\n|t:|1700004708\n|move|p2a: Corviknight|Power Trip|p1a: Braviary\n|-supereffective|p1a: Braviary\n|-damage|p1a: Braviary|0 fnt\n|faint|p1a: Braviary\n|\n|upkeep\n|\n|t:|1700004714\n|switch|p1a: Arcanine|Arcanine, M, shiny|74\/100\n|turn|40\n|\n|t:|1700004721\n|move|p1a: Arcanine|Extreme Speed|p2a: Corviknight\n|-resisted|p2a: Corviknight\n|-damage|p2a: Corviknight|2\/100\n|move|p2a: Corviknight|Power Trip|p1a: Arcanine\n|-damage|p1a: Arcanine|23\/100\n|\n|upkeep\n|turn|41\n|\n|t:|1700004730\n|move|p1a: Arcanine|Extreme Speed|p2a: Corviknight\n|-resisted|p2a: Corviknight\n|-damage|p2a: Corviknight|0 fnt\n|faint|p2a: Corviknight\n|\n|upkeep\n|\n|t:|1700004735\n|switch|p2a: Kommo-o|Kommo-o, M|100\/100\n|turn|42\n|\n|t:|1700004744\n|switch|p1a: Clefable|Clefable, F, shiny|100\/100 par\n|move|p2a: Kommo-o|Substitute|p2a: Kommo-o\n|-start|p2a: Kommo-o|Substitute\n|-damage|p2a: Kommo-o|76\/100\n|\n|upkeep\n|turn|43\n|\n|t:|1700004751\n|move|p2a: Kommo-o|Substitute|p2a: Kommo-o\n|-fail|p2a: Kommo-o|move: Substitute\n|move|p1a: Clefable|Moonblast|p2a: Kommo-o\n|-supereffective|p2a: Kommo-o\n|-end|p2a: Kommo-o|Substitute\n|\n|upkeep\n|turn|44\n|\n|t:|1700004758\n|-terastallize|p2a: Kommo-o|Steel\n|move|p2a: Kommo-o|Substitute|p2a: Kommo-o\n|-start|p2a: Kommo-o|Substitute\n|-damage|p2a: Kommo-o|51\/100\n|cant|p1a: Clefable|par\n|\n|upkeep\n|turn|45\n|\n|t:|1700004776\n|move|p2a: Kommo-o|Belly Drum|p2a: Kommo-o\n|-damage|p2a: Kommo-o|1\/100\n|-setboost|p2a: Kommo-o|atk|6|[from] move: Belly Drum\n|-enditem|p2a: Kommo-o|Salac Berry|[eat]\n|-boost|p2a: Kommo-o|spe|1|[from] item: Salac Berry\n|move|p1a: Clefable|Cosmic Power|p1a: Clefable\n|-boost|p1a: Clefable|def|1\n|-boost|p1a: Clefable|spd|1\n|\n|upkeep\n|turn|46\n|\n|t:|1700004787\n|move|p2a: Kommo-o|Iron Head|p1a: Clefable\n|-supereffective|p1a: Clefable\n|-damage|p1a: Clefable|0 fnt\n|faint|p1a: Clefable\n|\n|upkeep\n|\n|t:|1700004795\n|switch|p1a: Landorus|Landorus-Therian, M, shiny|100\/100\n|-ability|p1a: Landorus|Intimidate|boost\n|-immune|p2a: Kommo-o\n|turn|47\n|\n|t:|1700004799\n|move|p2a: Kommo-o|Drain Punch|p1a: Landorus\n|-resisted|p1a: Landorus\n|-damage|p1a: Landorus|51\/100\n|-heal|p2a: Kommo-o|30\/100|[from] drain|[of] p1a: Landorus\n|move|p1a: Landorus|Earthquake|p2a: Kommo-o\n|-supereffective|p2a: Kommo-o\n|-crit|p2a: Kommo-o\n|-end|p2a: Kommo-o|Substitute\n|\n|-heal|p1a: Landorus|57\/100|[from] item: Leftovers\n|upkeep\n|turn|48\n|\n|t:|1700004810\n|move|p2a: Kommo-o|Iron Head|p1a: Landorus\n|-damage|p1a: Landorus|0 fnt\n|faint|p1a: Landorus\n|\n|upkeep\n|\n|t:|1700004815\n|switch|p1a: Arcanine|Arcanine, M, shiny|23\/100\n|turn|49\n|\n|t:|1700004818\n|move|p1a: Arcanine|Extreme Speed|p2a: Kommo-o\n|-resisted|p2a: Kommo-o\n|-damage|p2a: Kommo-o|14\/100\n|move|p2a: Kommo-o|Drain Punch|p1a: Arcanine\n|-damage|p1a: Arcanine|0 fnt\n|-heal|p2a: Kommo-o|25\/100|[from] drain|[of] p1a: Arcanine\n|faint|p1a: Arcanine\n|\n|upkeep\n|\n|t:|1700004822\n|switch|p1a: Ogerpon|Ogerpon-Wellspring-Tera, F, tera:Water|83\/100\n|-ability|p1a: Ogerpon|Embody Aspect (Wellspring)|boost\n|-boost|p1a: Ogerpon|spd|1\n|turn|50\n|\n|t:|1700004831\n|move|p2a: Kommo-o|Drain Punch|p1a: Ogerpon\n|-damage|p1a: Ogerpon|0 fnt\n|-heal|p2a: Kommo-o|63\/100|[from] drain|[of] p1a: Ogerpon\n|faint|p1a: Ogerpon\n|\n|upkeep\n|\n|t:|1700004833\n|switch|p1a: Aggron|Aggron-Mega, M, shiny|25\/100\n|turn|51\n|\n|t:|1700004839\n|move|p2a: Kommo-o|Drain Punch|p1a: Aggron\n|-supereffective|p1a: Aggron\n|-damage|p1a: Aggron|0 fnt\n|-heal|p2a: Kommo-o|77\/100|[from] drain|[of] p1a: Aggron\n|faint|p1a: Aggron\n|\n|win|Clawraptor\n|raw|help support's rating: 1268 &rarr; <strong>1245<\/strong><br \/>(-23 for losing)\n|raw|Clawraptor's rating: 1293 &rarr; <strong>1316<\/strong><br \/>(+23 for winning)\n","uploadtime":1700004847,"views":4,"p1id":"helpsupport","p2id":"clawraptor","formatid":"gen9nationaldex","rating":1245,"private":0,"password":""}