{"id":"gen9nationaldex-1999029733","p1":"PyroGaleZX","p2":"lunchbox5536","format":"[Gen 9] National Dex","log":"|html|<div class=\"broadcast-blue\"><strong>[Gen 9] National Dex is currently suspecting Sneasler! For information on how to participate check out the <a href=\"https:\/\/www.smogon.com\/forums\/threads\/sv-national-dex-suspect-8-just-dance.3731534\/\">suspect thread<\/a>.<\/strong><\/div>\n|j|\u2606PyroGaleZX\n|j|\u2606lunchbox5536\n|t:|1701025629\n|gametype|singles\n|player|p1|PyroGaleZX|grusha|\n|player|p2|lunchbox5536|ghetsis|\n|teamsize|p1|6\n|teamsize|p2|6\n|gen|9\n|tier|[Gen 9] National Dex\n|rule|HP Percentage Mod: HP is shown in percentages\n|rule|Endless Battle Clause: Forcing endless battles is banned\n|rule|OHKO Clause: OHKO moves are banned\n|rule|Evasion Clause: Evasion abilities, items, and moves are banned\n|rule|Evasion Abilities Clause: Evasion abilities are banned\n|rule|Evasion Items Clause: Evasion items are banned\n|rule|Evasion Moves Clause: Evasion moves are banned\n|rule|Species Clause: Limit one of each Pok\u00e9mon\n|rule|Sleep Clause Mod: Limit one foe put to sleep\n|clearpoke\n|poke|p1|Gyarados, F|\n|poke|p1|Arcanine, F|\n|poke|p1|Spiritomb, M|\n|poke|p1|Luxio, F|\n|poke|p1|Articuno-Galar|\n|poke|p1|Dragonite, M|\n|poke|p2|Lilligant-Hisui, F|\n|poke|p2|Kleavor, M|\n|poke|p2|Grimmsnarl, M|\n|poke|p2|Sableye, F|\n|poke|p2|Klawf, M|\n|poke|p2|Crocalor, M|\n|teampreview\n|\n|t:|1701025649\n|start\n|switch|p1a: Mini Gun?|Luxio, F|100\/100\n|switch|p2a: Kleavor|Kleavor, M|100\/100\n|-ability|p1a: Mini Gun?|Intimidate|boost\n|-unboost|p2a: Kleavor|atk|1\n|turn|1\n|\n|t:|1701025657\n|move|p2a: Kleavor|Stone Axe|p1a: Mini Gun?|[miss]\n|-miss|p2a: Kleavor|p1a: Mini Gun?\n|move|p1a: Mini Gun?|Thunder Wave|p2a: Kleavor\n|-status|p2a: Kleavor|par\n|\n|upkeep\n|turn|2\n|\n|t:|1701025668\n|move|p2a: Kleavor|Stone Axe|p1a: Mini Gun?\n|-damage|p1a: Mini Gun?|72\/100\n|-sidestart|p1: PyroGaleZX|move: Stealth Rock\n|move|p1a: Mini Gun?|Roar|p2a: Kleavor\n|drag|p2a: Crocalor|Crocalor, M|100\/100\n|\n|upkeep\n|turn|3\n|\n|t:|1701025678\n|move|p1a: Mini Gun?|Thunder Wave|p2a: Crocalor\n|-status|p2a: Crocalor|par\n|move|p2a: Crocalor|Roar|p1a: Mini Gun?\n|drag|p1a: Not Gun|Spiritomb, M, shiny|100\/100\n|-damage|p1a: Not Gun|88\/100|[from] Stealth Rock\n|-ability|p1a: Not Gun|Pressure\n|\n|upkeep\n|turn|4\n|\n|t:|1701025703\n|move|p1a: Not Gun|Foul Play|p2a: Crocalor\n|-damage|p2a: Crocalor|90\/100 par\n|move|p2a: Crocalor|Roar|p1a: Not Gun\n|drag|p1a: Water Gun|Gyarados, F|100\/100\n|-damage|p1a: Water Gun|76\/100|[from] Stealth Rock\n|-ability|p1a: Water Gun|Intimidate|boost\n|-unboost|p2a: Crocalor|atk|1\n|\n|upkeep\n|turn|5\n|\n|t:|1701025735\n|switch|p2a: Lilligant|Lilligant-Hisui, F, shiny|100\/100\n|move|p1a: Water Gun|Taunt|p2a: Lilligant\n|-start|p2a: Lilligant|move: Taunt\n|\n|upkeep\n|turn|6\n|\n|t:|1701025742\n|move|p2a: Lilligant|Leaf Blade|p1a: Water Gun\n|-damage|p1a: Water Gun|0 fnt\n|faint|p1a: Water Gun\n|\n|upkeep\n|\n|t:|1701025754\n|switch|p1a: Shameful Gun|Arcanine, F|100\/100\n|-damage|p1a: Shameful Gun|76\/100|[from] Stealth Rock\n|-ability|p1a: Shameful Gun|Intimidate|boost\n|-unboost|p2a: Lilligant|atk|1\n|turn|7\n|\n|t:|1701025760\n|switch|p2a: AAAAAAAAAAAA|Klawf, M|100\/100\n|move|p1a: Shameful Gun|Flare Blitz|p2a: AAAAAAAAAAAA\n|-resisted|p2a: AAAAAAAAAAAA\n|-damage|p2a: AAAAAAAAAAAA|77\/100\n|-damage|p1a: Shameful Gun|67\/100|[from] Recoil\n|\n|upkeep\n|turn|8\n|\n|t:|1701025771\n|switch|p1a: Mini Gun?|Luxio, F|72\/100\n|-damage|p1a: Mini Gun?|59\/100|[from] Stealth Rock\n|-ability|p1a: Mini Gun?|Intimidate|boost\n|-unboost|p2a: AAAAAAAAAAAA|atk|1\n|move|p2a: AAAAAAAAAAAA|Crabhammer|p1a: Mini Gun?\n|-damage|p1a: Mini Gun?|38\/100\n|\n|upkeep\n|turn|9\n|\n|t:|1701025780\n|move|p2a: AAAAAAAAAAAA|High Horsepower|p1a: Mini Gun?\n|-supereffective|p1a: Mini Gun?\n|-damage|p1a: Mini Gun?|0 fnt\n|faint|p1a: Mini Gun?\n|\n|upkeep\n|\n|t:|1701025783\n|switch|p1a: Shameful Gun|Arcanine, F|67\/100\n|-damage|p1a: Shameful Gun|43\/100|[from] Stealth Rock\n|-ability|p1a: Shameful Gun|Intimidate|boost\n|-unboost|p2a: AAAAAAAAAAAA|atk|1\n|turn|10\n|\n|t:|1701025794\n|switch|p2a: Crocalor|Crocalor, M|90\/100 par\n|move|p1a: Shameful Gun|Close Combat|p2a: Crocalor\n|-damage|p2a: Crocalor|62\/100 par\n|-unboost|p1a: Shameful Gun|def|1\n|-unboost|p1a: Shameful Gun|spd|1\n|\n|upkeep\n|turn|11\n|\n|t:|1701025805\n|move|p1a: Shameful Gun|Close Combat|p2a: Crocalor\n|-damage|p2a: Crocalor|33\/100 par\n|-unboost|p1a: Shameful Gun|def|1\n|-unboost|p1a: Shameful Gun|spd|1\n|move|p2a: Crocalor|Slack Off|p2a: Crocalor\n|-heal|p2a: Crocalor|83\/100 par\n|\n|upkeep\n|turn|12\n|\n|t:|1701025815\n|move|p1a: Shameful Gun|Close Combat|p2a: Crocalor\n|-damage|p2a: Crocalor|55\/100 par\n|-unboost|p1a: Shameful Gun|def|1\n|-unboost|p1a: Shameful Gun|spd|1\n|move|p2a: Crocalor|Roar|p1a: Shameful Gun\n|drag|p1a: Gun|Dragonite, M|100\/100\n|-damage|p1a: Gun|76\/100|[from] Stealth Rock\n|\n|upkeep\n|turn|13\n|\n|t:|1701025831\n|-terastallize|p1a: Gun|Normal\n|move|p1a: Gun|Earthquake|p2a: Crocalor\n|-supereffective|p2a: Crocalor\n|-damage|p2a: Crocalor|0 fnt\n|faint|p2a: Crocalor\n|\n|upkeep\n|\n|t:|1701025843\n|switch|p2a: Lilligant|Lilligant-Hisui, F, shiny|100\/100\n|turn|14\n|\n|t:|1701025850\n|move|p2a: Lilligant|Close Combat|p1a: Gun\n|-supereffective|p1a: Gun\n|-damage|p1a: Gun|0 fnt\n|-unboost|p2a: Lilligant|def|1\n|-unboost|p2a: Lilligant|spd|1\n|faint|p1a: Gun\n|\n|upkeep\n|\n|t:|1701025853\n|switch|p1a: Other Gun|Articuno-Galar|100\/100\n|-damage|p1a: Other Gun|75\/100|[from] Stealth Rock\n|turn|15\n|\n|t:|1701025867\n|switch|p2a: Krampus|Grimmsnarl, M|100\/100\n|move|p1a: Other Gun|Agility|p1a: Other Gun\n|-boost|p1a: Other Gun|spe|2\n|\n|-heal|p1a: Other Gun|82\/100|[from] item: Leftovers\n|upkeep\n|turn|16\n|\n|t:|1701025878\n|move|p2a: Krampus|Sucker Punch|p1a: Other Gun\n|-supereffective|p1a: Other Gun\n|-damage|p1a: Other Gun|11\/100\n|move|p1a: Other Gun|Tera Blast|p2a: Krampus\n|-damage|p2a: Krampus|78\/100\n|\n|-heal|p1a: Other Gun|17\/100|[from] item: Leftovers\n|upkeep\n|turn|17\n|\n|t:|1701025889\n|move|p2a: Krampus|Sucker Punch|p1a: Other Gun\n|-supereffective|p1a: Other Gun\n|-damage|p1a: Other Gun|0 fnt\n|faint|p1a: Other Gun\n|\n|upkeep\n|\n|t:|1701025893\n|switch|p1a: Not Gun|Spiritomb, M, shiny|88\/100\n|-damage|p1a: Not Gun|76\/100|[from] Stealth Rock\n|-ability|p1a: Not Gun|Pressure\n|turn|18\n|\n|t:|1701025901\n|move|p2a: Krampus|Play Rough|p1a: Not Gun\n|-supereffective|p1a: Not Gun\n|-damage|p1a: Not Gun|0 fnt\n|-damage|p2a: Krampus|61\/100|[from] item: Rocky Helmet|[of] p1a: Not Gun\n|faint|p1a: Not Gun\n|\n|upkeep\n|\n|t:|1701025905\n|switch|p1a: Shameful Gun|Arcanine, F|43\/100\n|-damage|p1a: Shameful Gun|18\/100|[from] Stealth Rock\n|-ability|p1a: Shameful Gun|Intimidate|boost\n|-unboost|p2a: Krampus|atk|1\n|turn|19\n|\n|t:|1701025911\n|move|p2a: Krampus|Sucker Punch|p1a: Shameful Gun\n|-damage|p1a: Shameful Gun|0 fnt\n|faint|p1a: Shameful Gun\n|\n|win|lunchbox5536\n","uploadtime":1701025918,"views":1,"p1id":"pyrogalezx","p2id":"lunchbox5536","formatid":"gen9nationaldex","rating":0,"private":0,"password":""}