{"id":"gen9nationaldex-1990830684","p1":"hackilla15","p2":"Tulio&Miguel","format":"[Gen 9] National Dex","log":"|j|\u2606hackilla15\n|j|\u2606Tulio&Miguel\n|t:|1700005285\n|gametype|singles\n|player|p1|hackilla15|ethan|1168\n|player|p2|Tulio&Miguel|mars|1264\n|teamsize|p1|6\n|teamsize|p2|6\n|gen|9\n|tier|[Gen 9] National Dex\n|rated|\n|rule|HP Percentage Mod: HP is shown in percentages\n|rule|Endless Battle Clause: Forcing endless battles is banned\n|rule|OHKO Clause: OHKO moves are banned\n|rule|Evasion Clause: Evasion abilities, items, and moves are banned\n|rule|Evasion Abilities Clause: Evasion abilities are banned\n|rule|Evasion Items Clause: Evasion items are banned\n|rule|Evasion Moves Clause: Evasion moves are banned\n|rule|Species Clause: Limit one of each Pok\u00e9mon\n|rule|Sleep Clause Mod: Limit one foe put to sleep\n|clearpoke\n|poke|p1|Clodsire, F|\n|poke|p1|Poliwrath, M|\n|poke|p1|Volcarona, F|\n|poke|p1|Rillaboom, M|\n|poke|p1|Venusaur, M|\n|poke|p1|Krookodile, M|\n|poke|p2|Pelipper, M|\n|poke|p2|Urshifu-*, F|\n|poke|p2|Swampert, M|\n|poke|p2|Floatzel, F|\n|poke|p2|Ferrothorn, F|\n|poke|p2|Zapdos|\n|teampreview\n|inactive|Battle timer is ON: inactive players will automatically lose when time's up. (requested by Tulio&Miguel)\n|\n|t:|1700005296\n|start\n|switch|p1a: Mr. Jitters|Krookodile, M|100\/100\n|switch|p2a: Pelipper|Pelipper, M|100\/100\n|-weather|RainDance|[from] ability: Drizzle|[of] p2a: Pelipper\n|turn|1\n|\n|t:|1700005307\n|-terastallize|p1a: Mr. Jitters|Dragon\n|move|p1a: Mr. Jitters|Scale Shot|p2a: Pelipper\n|-damage|p2a: Pelipper|90\/100\n|-damage|p2a: Pelipper|80\/100\n|-damage|p2a: Pelipper|70\/100\n|-damage|p2a: Pelipper|59\/100\n|-hitcount|p2a: Pelipper|4\n|-unboost|p1a: Mr. Jitters|def|1\n|-boost|p1a: Mr. Jitters|spe|1\n|move|p2a: Pelipper|U-turn|p1a: Mr. Jitters\n|-damage|p1a: Mr. Jitters|86\/100\n|\n|t:|1700005321\n|switch|p2a: Floatzel|Floatzel, F|100\/100|[from] U-turn\n|\n|-weather|RainDance|[upkeep]\n|upkeep\n|turn|2\n|\n|t:|1700005329\n|move|p2a: Floatzel|Ice Spinner|p1a: Mr. Jitters\n|-supereffective|p1a: Mr. Jitters\n|-damage|p1a: Mr. Jitters|0 fnt\n|faint|p1a: Mr. Jitters\n|\n|-weather|RainDance|[upkeep]\n|upkeep\n|\n|t:|1700005333\n|switch|p1a: F.R.O.G.?|Venusaur, M, shiny|100\/100\n|turn|3\n|\n|t:|1700005339\n|switch|p2a: Zapdos|Zapdos|100\/100\n|detailschange|p1a: F.R.O.G.?|Venusaur-Mega, M, shiny\n|-mega|p1a: F.R.O.G.?|Venusaur|Venusaurite\n|move|p1a: F.R.O.G.?|Giga Drain|p2a: Zapdos\n|-resisted|p2a: Zapdos\n|-damage|p2a: Zapdos|84\/100\n|\n|-weather|RainDance|[upkeep]\n|-heal|p2a: Zapdos|91\/100|[from] item: Leftovers\n|upkeep\n|turn|4\n|\n|t:|1700005347\n|switch|p1a: Sir Clod|Clodsire, F, shiny|100\/100\n|move|p2a: Zapdos|Hurricane|p1a: Sir Clod\n|-damage|p1a: Sir Clod|63\/100\n|\n|-weather|RainDance|[upkeep]\n|-heal|p2a: Zapdos|97\/100|[from] item: Leftovers\n|-heal|p1a: Sir Clod|69\/100|[from] item: Black Sludge\n|upkeep\n|turn|5\n|\n|t:|1700005356\n|switch|p2a: Ferrothorn|Ferrothorn, F|100\/100\n|move|p1a: Sir Clod|Toxic|p2a: Ferrothorn\n|-immune|p2a: Ferrothorn\n|\n|-weather|RainDance|[upkeep]\n|-heal|p1a: Sir Clod|76\/100|[from] item: Black Sludge\n|upkeep\n|turn|6\n|\n|t:|1700005365\n|switch|p1a: Boomin' Bangers|Rillaboom, M|100\/100\n|-fieldstart|move: Grassy Terrain|[from] ability: Grassy Surge|[of] p1a: Boomin' Bangers\n|-enditem|p1a: Boomin' Bangers|Grassy Seed\n|-boost|p1a: Boomin' Bangers|def|1|[from] item: Grassy Seed\n|move|p2a: Ferrothorn|Leech Seed|p1a: Boomin' Bangers\n|-immune|p1a: Boomin' Bangers\n|\n|-weather|RainDance|[upkeep]\n|upkeep\n|turn|7\n|\n|t:|1700005373\n|move|p1a: Boomin' Bangers|Bulk Up|p1a: Boomin' Bangers\n|-boost|p1a: Boomin' Bangers|atk|1\n|-boost|p1a: Boomin' Bangers|def|1\n|move|p2a: Ferrothorn|Toxic|p1a: Boomin' Bangers\n|-status|p1a: Boomin' Bangers|tox\n|\n|-weather|RainDance|[upkeep]\n|-damage|p1a: Boomin' Bangers|94\/100 tox|[from] psn\n|upkeep\n|turn|8\n|\n|t:|1700005380\n|move|p1a: Boomin' Bangers|Drain Punch|p2a: Ferrothorn\n|-supereffective|p2a: Ferrothorn\n|-damage|p2a: Ferrothorn|57\/100\n|-heal|p1a: Boomin' Bangers|100\/100 tox|[from] drain|[of] p2a: Ferrothorn\n|-damage|p1a: Boomin' Bangers|88\/100 tox|[from] ability: Iron Barbs|[of] p2a: Ferrothorn\n|-damage|p1a: Boomin' Bangers|72\/100 tox|[from] item: Rocky Helmet|[of] p2a: Ferrothorn\n|move|p2a: Ferrothorn|Body Press|p1a: Boomin' Bangers\n|-damage|p1a: Boomin' Bangers|59\/100 tox\n|\n|-weather|none\n|-heal|p1a: Boomin' Bangers|65\/100 tox|[from] Grassy Terrain\n|-heal|p2a: Ferrothorn|63\/100|[from] Grassy Terrain\n|-damage|p1a: Boomin' Bangers|53\/100 tox|[from] psn\n|upkeep\n|turn|9\n|\n|t:|1700005393\n|move|p2a: Ferrothorn|Protect|p2a: Ferrothorn\n|-singleturn|p2a: Ferrothorn|Protect\n|move|p1a: Boomin' Bangers|Bulk Up|p1a: Boomin' Bangers\n|-boost|p1a: Boomin' Bangers|atk|1\n|-boost|p1a: Boomin' Bangers|def|1\n|\n|-heal|p1a: Boomin' Bangers|59\/100 tox|[from] Grassy Terrain\n|-heal|p2a: Ferrothorn|69\/100|[from] Grassy Terrain\n|-damage|p1a: Boomin' Bangers|41\/100 tox|[from] psn\n|upkeep\n|turn|10\n|\n|t:|1700005403\n|move|p1a: Boomin' Bangers|Drain Punch|p2a: Ferrothorn\n|-supereffective|p2a: Ferrothorn\n|-damage|p2a: Ferrothorn|11\/100\n|-heal|p1a: Boomin' Bangers|66\/100 tox|[from] drain|[of] p2a: Ferrothorn\n|-damage|p1a: Boomin' Bangers|53\/100 tox|[from] ability: Iron Barbs|[of] p2a: Ferrothorn\n|-damage|p1a: Boomin' Bangers|37\/100 tox|[from] item: Rocky Helmet|[of] p2a: Ferrothorn\n|move|p2a: Ferrothorn|Body Press|p1a: Boomin' Bangers\n|-damage|p1a: Boomin' Bangers|27\/100 tox\n|\n|-heal|p1a: Boomin' Bangers|33\/100 tox|[from] Grassy Terrain\n|-heal|p2a: Ferrothorn|17\/100|[from] Grassy Terrain\n|-damage|p1a: Boomin' Bangers|8\/100 tox|[from] psn\n|-fieldend|move: Grassy Terrain\n|upkeep\n|turn|11\n|\n|t:|1700005416\n|switch|p1a: M\u00f6th|Volcarona, F, shiny|100\/100\n|move|p2a: Ferrothorn|Protect||[still]\n|-fail|p2a: Ferrothorn\n|\n|upkeep\n|turn|12\n|\n|t:|1700005421\n|move|p1a: M\u00f6th|Fiery Dance|p2a: Ferrothorn\n|-supereffective|p2a: Ferrothorn\n|-damage|p2a: Ferrothorn|0 fnt\n|faint|p2a: Ferrothorn\n|\n|upkeep\n|\n|t:|1700005425\n|switch|p2a: Swampert|Swampert, M|100\/100\n|turn|13\n|\n|t:|1700005430\n|detailschange|p2a: Swampert|Swampert-Mega, M\n|-mega|p2a: Swampert|Swampert|Swampertite\n|move|p2a: Swampert|Earthquake|p1a: M\u00f6th\n|-damage|p1a: M\u00f6th|32\/100\n|move|p1a: M\u00f6th|Giga Drain|p2a: Swampert\n|-supereffective|p2a: Swampert\n|-damage|p2a: Swampert|0 fnt\n|-heal|p1a: M\u00f6th|87\/100|[from] drain|[of] p2a: Swampert\n|faint|p2a: Swampert\n|\n|upkeep\n|\n|t:|1700005439\n|switch|p2a: Pelipper|Pelipper, M|59\/100\n|-weather|RainDance|[from] ability: Drizzle|[of] p2a: Pelipper\n|turn|14\n|\n|t:|1700005445\n|switch|p1a: Boomin' Bangers|Rillaboom, M|8\/100 tox\n|-fieldstart|move: Grassy Terrain|[from] ability: Grassy Surge|[of] p1a: Boomin' Bangers\n|switch|p2a: Floatzel|Floatzel, F|100\/100\n|\n|-weather|RainDance|[upkeep]\n|-heal|p1a: Boomin' Bangers|15\/100 tox|[from] Grassy Terrain\n|-damage|p1a: Boomin' Bangers|8\/100 tox|[from] psn\n|upkeep\n|turn|15\n|\n|t:|1700005454\n|move|p2a: Floatzel|Aqua Jet|p1a: Boomin' Bangers\n|-resisted|p1a: Boomin' Bangers\n|-damage|p1a: Boomin' Bangers|0 fnt\n|faint|p1a: Boomin' Bangers\n|\n|-weather|RainDance|[upkeep]\n|upkeep\n|\n|t:|1700005468\n|switch|p1a: Sir Clod|Clodsire, F, shiny|76\/100\n|turn|16\n|\n|t:|1700005472\n|switch|p2a: Zapdos|Zapdos|97\/100\n|move|p1a: Sir Clod|Toxic|p2a: Zapdos\n|-status|p2a: Zapdos|tox\n|\n|-weather|RainDance|[upkeep]\n|-heal|p2a: Zapdos|100\/100 tox|[from] item: Leftovers\n|-heal|p1a: Sir Clod|82\/100|[from] Grassy Terrain\n|-heal|p1a: Sir Clod|88\/100|[from] item: Black Sludge\n|-damage|p2a: Zapdos|94\/100 tox|[from] psn\n|upkeep\n|turn|17\n|\n|t:|1700005482\n|move|p2a: Zapdos|Hurricane|p1a: Sir Clod\n|-damage|p1a: Sir Clod|48\/100\n|-start|p1a: Sir Clod|confusion\n|-activate|p1a: Sir Clod|confusion\n|move|p1a: Sir Clod|Poison Jab|p2a: Zapdos\n|-damage|p2a: Zapdos|67\/100 tox\n|\n|-weather|RainDance|[upkeep]\n|-heal|p2a: Zapdos|73\/100 tox|[from] item: Leftovers\n|-heal|p1a: Sir Clod|54\/100|[from] Grassy Terrain\n|-heal|p1a: Sir Clod|60\/100|[from] item: Black Sludge\n|-damage|p2a: Zapdos|61\/100 tox|[from] psn\n|upkeep\n|turn|18\n|\n|t:|1700005496\n|switch|p2a: Urshifu|Urshifu-Rapid-Strike, F|100\/100\n|-end|p1a: Sir Clod|confusion\n|move|p1a: Sir Clod|Recover|p1a: Sir Clod\n|-heal|p1a: Sir Clod|100\/100\n|\n|-weather|RainDance|[upkeep]\n|-fieldend|move: Grassy Terrain\n|upkeep\n|turn|19\n|\n|t:|1700005505\n|move|p2a: Urshifu|Surging Strikes|p1a: Sir Clod\n|-supereffective|p1a: Sir Clod\n|-crit|p1a: Sir Clod\n|-damage|p1a: Sir Clod|10\/100\n|-supereffective|p1a: Sir Clod\n|-crit|p1a: Sir Clod\n|-damage|p1a: Sir Clod|0 fnt\n|faint|p1a: Sir Clod\n|-hitcount|p1: Sir Clod|2\n|-damage|p2a: Urshifu|91\/100|[from] item: Life Orb\n|\n|-weather|RainDance|[upkeep]\n|upkeep\n|\n|t:|1700005509\n|switch|p1a: F.R.O.G.?|Venusaur-Mega, M, shiny|100\/100\n|turn|20\n|inactive|Tulio&Miguel has 120 seconds left.\n|\n|t:|1700005547\n|move|p2a: Urshifu|Poison Jab|p1a: F.R.O.G.?\n|-damage|p1a: F.R.O.G.?|75\/100\n|-damage|p2a: Urshifu|81\/100|[from] item: Life Orb\n|move|p1a: F.R.O.G.?|Giga Drain|p2a: Urshifu\n|-supereffective|p2a: Urshifu\n|-damage|p2a: Urshifu|0 fnt\n|-heal|p1a: F.R.O.G.?|100\/100|[from] drain|[of] p2a: Urshifu\n|faint|p2a: Urshifu\n|\n|-weather|RainDance|[upkeep]\n|upkeep\n|\n|t:|1700005557\n|switch|p2a: Zapdos|Zapdos|61\/100 tox\n|turn|21\n|\n|t:|1700005562\n|move|p2a: Zapdos|Roost|p2a: Zapdos\n|-heal|p2a: Zapdos|100\/100 tox\n|-singleturn|p2a: Zapdos|move: Roost\n|move|p1a: F.R.O.G.?|Sludge Bomb|p2a: Zapdos\n|-damage|p2a: Zapdos|65\/100 tox\n|\n|-weather|none\n|-heal|p2a: Zapdos|71\/100 tox|[from] item: Leftovers\n|-damage|p2a: Zapdos|65\/100 tox|[from] psn\n|upkeep\n|turn|22\n|\n|t:|1700005571\n|move|p2a: Zapdos|Hurricane|p1a: F.R.O.G.?\n|-supereffective|p1a: F.R.O.G.?\n|-damage|p1a: F.R.O.G.?|14\/100\n|move|p1a: F.R.O.G.?|Leech Seed|p2a: Zapdos\n|-start|p2a: Zapdos|move: Leech Seed\n|\n|-heal|p2a: Zapdos|71\/100 tox|[from] item: Leftovers\n|-damage|p2a: Zapdos|58\/100 tox|[from] Leech Seed|[of] p1a: F.R.O.G.?\n|-heal|p1a: F.R.O.G.?|29\/100|[silent]\n|-damage|p2a: Zapdos|46\/100 tox|[from] psn\n|upkeep\n|turn|23\n|\n|t:|1700005582\n|switch|p2a: Pelipper|Pelipper, M|59\/100\n|-weather|RainDance|[from] ability: Drizzle|[of] p2a: Pelipper\n|switch|p1a: M\u00f6th|Volcarona, F, shiny|87\/100\n|\n|-weather|RainDance|[upkeep]\n|upkeep\n|turn|24\n|\n|t:|1700005590\n|move|p1a: M\u00f6th|Quiver Dance|p1a: M\u00f6th\n|-boost|p1a: M\u00f6th|spa|1\n|-boost|p1a: M\u00f6th|spd|1\n|-boost|p1a: M\u00f6th|spe|1\n|move|p2a: Pelipper|Scald|p1a: M\u00f6th\n|-supereffective|p1a: M\u00f6th\n|-damage|p1a: M\u00f6th|37\/100\n|\n|-weather|RainDance|[upkeep]\n|upkeep\n|turn|25\n|\n|t:|1700005597\n|move|p1a: M\u00f6th|Giga Drain|p2a: Pelipper\n|-damage|p2a: Pelipper|0 fnt\n|-heal|p1a: M\u00f6th|67\/100|[from] drain|[of] p2a: Pelipper\n|faint|p2a: Pelipper\n|\n|-weather|RainDance|[upkeep]\n|upkeep\n|\n|t:|1700005603\n|switch|p2a: Floatzel|Floatzel, F|100\/100\n|turn|26\n|\n|t:|1700005608\n|switch|p1a: F.R.O.G.|Poliwrath, M, shiny|100\/100\n|-terastallize|p2a: Floatzel|Water\n|move|p2a: Floatzel|Wave Crash|p1a: F.R.O.G.\n|-immune|p1a: F.R.O.G.|[from] ability: Water Absorb\n|\n|-weather|RainDance|[upkeep]\n|upkeep\n|turn|27\n|-message|Tulio&Miguel forfeited.\n|\n|win|hackilla15\n|raw|hackilla15's rating: 1168 &rarr; <strong>1200<\/strong><br \/>(+32 for winning)\n|raw|Tulio&amp;Miguel's rating: 1264 &rarr; <strong>1232<\/strong><br \/>(-32 for losing)\n","uploadtime":1700005675,"views":7,"p1id":"hackilla15","p2id":"tuliomiguel","formatid":"gen9nationaldex","rating":1200,"private":0,"password":""}