{"id":"gen9nationaldex-1996887821","p1":"diverse team","p2":"DO103","format":"[Gen 9] National Dex","log":"|html|<div class=\"broadcast-blue\"><strong>[Gen 9] National Dex is currently suspecting Sneasler! For information on how to participate check out the <a href=\"https:\/\/www.smogon.com\/forums\/threads\/sv-national-dex-suspect-8-just-dance.3731534\/\">suspect thread<\/a>.<\/strong><\/div>\n|j|\u2606diverse team\n|j|\u2606DO103\n|t:|1700740581\n|gametype|singles\n|player|p1|diverse team|unknown|1074\n|player|p2|DO103|preschooler|1140\n|teamsize|p1|6\n|teamsize|p2|6\n|gen|9\n|tier|[Gen 9] National Dex\n|rated|\n|rule|HP Percentage Mod: HP is shown in percentages\n|rule|Endless Battle Clause: Forcing endless battles is banned\n|rule|OHKO Clause: OHKO moves are banned\n|rule|Evasion Clause: Evasion abilities, items, and moves are banned\n|rule|Evasion Abilities Clause: Evasion abilities are banned\n|rule|Evasion Items Clause: Evasion items are banned\n|rule|Evasion Moves Clause: Evasion moves are banned\n|rule|Species Clause: Limit one of each Pok\u00e9mon\n|rule|Sleep Clause Mod: Limit one foe put to sleep\n|clearpoke\n|poke|p1|Breloom, M|\n|poke|p1|Absol, M|\n|poke|p1|Gastrodon-East, F|\n|poke|p1|Zangoose, M|\n|poke|p1|Sceptile, M|\n|poke|p1|Primeape, M|\n|poke|p2|Pikachu-Original, M|\n|poke|p2|Snorlax, F|\n|poke|p2|Scizor, F|\n|poke|p2|Lapras, F|\n|poke|p2|Espeon, M|\n|poke|p2|Charizard, M|\n|teampreview\n|c|\u2606DO103|cool team\n|c|\u2606DO103|glhf\n|c|\u2606diverse team|thank  you\n|c|\u2606diverse team|u2\n|\n|t:|1700740599\n|start\n|switch|p1a: TheOdd1sOut|Breloom, M|100\/100\n|switch|p2a: Snorlax|Snorlax, F|100\/100\n|turn|1\n|\n|t:|1700740607\n|move|p1a: TheOdd1sOut|Swords Dance|p1a: TheOdd1sOut\n|-boost|p1a: TheOdd1sOut|atk|2\n|move|p2a: Snorlax|Sleep Talk||[still]\n|-fail|p2a: Snorlax\n|\n|upkeep\n|turn|2\n|\n|t:|1700740618\n|switch|p2a: Scizor|Scizor, F|100\/100\n|move|p1a: TheOdd1sOut|Close Combat|p2a: Scizor\n|-damage|p2a: Scizor|0 fnt\n|-unboost|p1a: TheOdd1sOut|def|1\n|-unboost|p1a: TheOdd1sOut|spd|1\n|faint|p2a: Scizor\n|\n|upkeep\n|\n|t:|1700740624\n|switch|p2a: Charizard|Charizard, M|100\/100\n|turn|3\n|c|\u2606diverse team|oh wait I forgot to set most tera types\n|c|\u2606diverse team|whoops\n|\n|t:|1700740649\n|detailschange|p2a: Charizard|Charizard-Mega-X, M\n|-mega|p2a: Charizard|Charizard|Charizardite X\n|move|p2a: Charizard|Fire Punch|p1a: TheOdd1sOut\n|-supereffective|p1a: TheOdd1sOut\n|-enditem|p1a: TheOdd1sOut|Focus Sash\n|-damage|p1a: TheOdd1sOut|1\/100\n|move|p1a: TheOdd1sOut|Close Combat|p2a: Charizard\n|-damage|p2a: Charizard|0 fnt\n|-unboost|p1a: TheOdd1sOut|def|1\n|-unboost|p1a: TheOdd1sOut|spd|1\n|faint|p2a: Charizard\n|\n|upkeep\n|\n|t:|1700740678\n|switch|p2a: Espeon|Espeon, M|100\/100\n|turn|4\n|\n|t:|1700740686\n|move|p2a: Espeon|Shadow Ball|p1a: TheOdd1sOut\n|-crit|p1a: TheOdd1sOut\n|-damage|p1a: TheOdd1sOut|0 fnt\n|faint|p1a: TheOdd1sOut\n|\n|upkeep\n|\n|t:|1700740693\n|switch|p1a: Alpharad|Absol, M|100\/100\n|turn|5\n|\n|t:|1700740702\n|switch|p2a: Lapras|Lapras, F|100\/100\n|move|p1a: Alpharad|Night Slash|p2a: Lapras\n|-crit|p2a: Lapras\n|-damage|p2a: Lapras|54\/100\n|\n|upkeep\n|turn|6\n|\n|t:|1700740708\n|move|p1a: Alpharad|Night Slash|p2a: Lapras\n|-crit|p2a: Lapras\n|-damage|p2a: Lapras|2\/100\n|move|p2a: Lapras|Rest|p2a: Lapras\n|-status|p2a: Lapras|slp|[from] move: Rest\n|-heal|p2a: Lapras|100\/100 slp|[silent]\n|-enditem|p2a: Lapras|Chesto Berry|[eat]\n|-curestatus|p2a: Lapras|slp|[msg]\n|\n|upkeep\n|turn|7\n|\n|t:|1700740721\n|move|p1a: Alpharad|Night Slash|p2a: Lapras\n|-damage|p2a: Lapras|68\/100\n|move|p2a: Lapras|Rain Dance|p2a: Lapras\n|-weather|RainDance\n|\n|-weather|RainDance|[upkeep]\n|upkeep\n|turn|8\n|\n|t:|1700740728\n|switch|p1a: JaidenAnimations|Gastrodon-East, F|100\/100\n|move|p2a: Lapras|Rest|p2a: Lapras\n|-status|p2a: Lapras|slp|[from] move: Rest\n|-heal|p2a: Lapras|100\/100 slp|[silent]\n|\n|-weather|RainDance|[upkeep]\n|-activate|p2a: Lapras|ability: Hydration\n|-curestatus|p2a: Lapras|slp|[msg]\n|upkeep\n|turn|9\n|\n|t:|1700740740\n|move|p2a: Lapras|Toxic|p1a: JaidenAnimations\n|-status|p1a: JaidenAnimations|tox\n|move|p1a: JaidenAnimations|Sludge Bomb|p2a: Lapras\n|-crit|p2a: Lapras\n|-damage|p2a: Lapras|67\/100\n|\n|-weather|RainDance|[upkeep]\n|-damage|p1a: JaidenAnimations|94\/100 tox|[from] psn\n|upkeep\n|turn|10\n|\n|t:|1700740762\n|move|p2a: Lapras|Ice Beam|p1a: JaidenAnimations\n|-damage|p1a: JaidenAnimations|67\/100 tox\n|move|p1a: JaidenAnimations|Sludge Bomb|p2a: Lapras\n|-damage|p2a: Lapras|45\/100\n|-status|p2a: Lapras|psn\n|\n|-weather|RainDance|[upkeep]\n|-activate|p2a: Lapras|ability: Hydration\n|-curestatus|p2a: Lapras|psn|[msg]\n|-damage|p1a: JaidenAnimations|55\/100 tox|[from] psn\n|upkeep\n|turn|11\n|\n|t:|1700740773\n|move|p2a: Lapras|Rest|p2a: Lapras\n|-status|p2a: Lapras|slp|[from] move: Rest\n|-heal|p2a: Lapras|100\/100 slp|[silent]\n|move|p1a: JaidenAnimations|Sludge Bomb|p2a: Lapras\n|-damage|p2a: Lapras|77\/100 slp\n|\n|-weather|none\n|-damage|p1a: JaidenAnimations|36\/100 tox|[from] psn\n|upkeep\n|turn|12\n|\n|t:|1700740782\n|switch|p1a: Mandjtv|Sceptile, M|100\/100\n|cant|p2a: Lapras|slp\n|\n|upkeep\n|turn|13\n|\n|t:|1700740801\n|move|p1a: Mandjtv|Swords Dance|p1a: Mandjtv\n|-boost|p1a: Mandjtv|atk|2\n|cant|p2a: Lapras|slp\n|\n|upkeep\n|turn|14\n|\n|t:|1700740809\n|move|p1a: Mandjtv|Swords Dance|p1a: Mandjtv\n|-boost|p1a: Mandjtv|atk|2\n|-curestatus|p2a: Lapras|slp|[msg]\n|move|p2a: Lapras|Ice Beam|p1a: Mandjtv\n|-supereffective|p1a: Mandjtv\n|-damage|p1a: Mandjtv|43\/100\n|-enditem|p1a: Mandjtv|Weakness Policy\n|-boost|p1a: Mandjtv|atk|2|[from] item: Weakness Policy\n|-boost|p1a: Mandjtv|spa|2|[from] item: Weakness Policy\n|\n|upkeep\n|turn|15\n|\n|t:|1700740823\n|move|p1a: Mandjtv|Seed Bomb|p2a: Lapras\n|-supereffective|p2a: Lapras\n|-damage|p2a: Lapras|0 fnt\n|faint|p2a: Lapras\n|\n|upkeep\n|\n|t:|1700740827\n|switch|p2a: Pikachu|Pikachu-Original, M|100\/100\n|turn|16\n|\n|t:|1700740832\n|-terastallize|p2a: Pikachu|Grass\n|move|p1a: Mandjtv|Earthquake|p2a: Pikachu\n|-resisted|p2a: Pikachu\n|-damage|p2a: Pikachu|0 fnt\n|faint|p2a: Pikachu\n|\n|upkeep\n|\n|t:|1700740837\n|switch|p2a: Snorlax|Snorlax, F|100\/100\n|turn|17\n|\n|t:|1700740844\n|move|p1a: Mandjtv|Seed Bomb|p2a: Snorlax\n|-damage|p2a: Snorlax|0 fnt\n|faint|p2a: Snorlax\n|\n|upkeep\n|\n|t:|1700740847\n|switch|p2a: Espeon|Espeon, M|100\/100\n|turn|18\n|\n|t:|1700740851\n|move|p1a: Mandjtv|Seed Bomb|p2a: Espeon\n|-damage|p2a: Espeon|0 fnt\n|faint|p2a: Espeon\n|\n|win|diverse team\n|raw|diverse team's rating: 1074 &rarr; <strong>1108<\/strong><br \/>(+34 for winning)\n|raw|DO103's rating: 1140 &rarr; <strong>1110<\/strong><br \/>(-30 for losing)\n|c|\u2606diverse team|gg\n|c|\u2606DO103|gg\n|c|\u2606diverse team|yt team\n|l|\u2606DO103\n","uploadtime":1700740997,"views":5,"p1id":"diverseteam","p2id":"do103","formatid":"gen9nationaldex","rating":1108,"private":0,"password":""}