{"id":"gen9nationaldex-1990206691","p1":"bbleed","p2":"Magikarp Soup","format":"[Gen 9] National Dex","log":"|j|\u2606bbleed\n|j|\u2606Magikarp Soup\n|inactive|Battle timer is ON: inactive players will automatically lose when time's up.\n|t:|1699937340\n|gametype|singles\n|player|p1|bbleed|dawn-masters3|\n|player|p2|Magikarp Soup|acetrainer-gen1|\n|teamsize|p1|6\n|teamsize|p2|6\n|gen|9\n|tier|[Gen 9] National Dex\n|rated|Tournament battle\n|rule|HP Percentage Mod: HP is shown in percentages\n|rule|Endless Battle Clause: Forcing endless battles is banned\n|rule|OHKO Clause: OHKO moves are banned\n|rule|Evasion Clause: Evasion abilities, items, and moves are banned\n|rule|Evasion Abilities Clause: Evasion abilities are banned\n|rule|Evasion Items Clause: Evasion items are banned\n|rule|Evasion Moves Clause: Evasion moves are banned\n|rule|Species Clause: Limit one of each Pok\u00e9mon\n|rule|Sleep Clause Mod: Limit one foe put to sleep\n|rule|Z-Move Clause: Z-Moves are banned\n|clearpoke\n|poke|p1|Kingambit, F|\n|poke|p1|Gholdengo|\n|poke|p1|Hippowdon, M|\n|poke|p1|Skarmory, M|\n|poke|p1|Kyurem|\n|poke|p1|Lopunny, M|\n|poke|p2|Kyurem-Black|\n|poke|p2|Ninetales-Alola, F|\n|poke|p2|Greninja-*, M|\n|poke|p2|Great Tusk|\n|poke|p2|Dragonite, F|\n|poke|p2|Iron Valiant|\n|teampreview\n|inactive|bbleed also wants the timer to be on.\n|j| Light Dlc1 Train\n|\n|t:|1699937355\n|start\n|switch|p1a: Gholdengo|Gholdengo|100\/100\n|switch|p2a: Ninetales|Ninetales-Alola, F|100\/100\n|-weather|Snow|[from] ability: Snow Warning|[of] p2a: Ninetales\n|turn|1\n|\n|t:|1699937360\n|-terastallize|p2a: Ninetales|Fire\n|move|p2a: Ninetales|Aurora Veil|p2a: Ninetales\n|-sidestart|p2: Magikarp Soup|move: Aurora Veil\n|move|p1a: Gholdengo|Make It Rain|p2a: Ninetales\n|-resisted|p2a: Ninetales\n|-damage|p2a: Ninetales|84\/100\n|-unboost|p1a: Gholdengo|spa|1\n|\n|-weather|Snow|[upkeep]\n|upkeep\n|turn|2\n|\n|t:|1699937366\n|switch|p2a: Kyurem|Kyurem-Black|100\/100\n|-ability|p2a: Kyurem|Teravolt\n|move|p1a: Gholdengo|Nasty Plot|p1a: Gholdengo\n|-boost|p1a: Gholdengo|spa|2\n|\n|-weather|Snow|[upkeep]\n|upkeep\n|turn|3\n|\n|t:|1699937377\n|switch|p2a: Greninja|Greninja, M|100\/100\n|move|p1a: Gholdengo|Make It Rain|p2a: Greninja\n|-resisted|p2a: Greninja\n|-damage|p2a: Greninja|69\/100\n|-unboost|p1a: Gholdengo|spa|1\n|\n|-weather|Snow|[upkeep]\n|upkeep\n|turn|4\n|j|%htcl\n|\n|t:|1699937391\n|switch|p1a: Kyurem|Kyurem|100\/100\n|-ability|p1a: Kyurem|Pressure\n|move|p2a: Greninja|Surf|p1a: Kyurem\n|-resisted|p1a: Kyurem\n|-damage|p1a: Kyurem|75\/100\n|-damage|p2a: Greninja|59\/100|[from] item: Life Orb\n|\n|-weather|Snow|[upkeep]\n|upkeep\n|turn|5\n|\n|t:|1699937396\n|move|p2a: Greninja|Dark Pulse|p1a: Kyurem\n|-damage|p1a: Kyurem|34\/100\n|-damage|p2a: Greninja|49\/100|[from] item: Life Orb\n|cant|p1a: Kyurem|flinch\n|\n|-weather|none\n|upkeep\n|turn|6\n|l| Light Dlc1 Train\n|\n|t:|1699937405\n|switch|p1a: Kingambit|Kingambit, F|100\/100\n|move|p2a: Greninja|Dark Pulse|p1a: Kingambit\n|-resisted|p1a: Kingambit\n|-damage|p1a: Kingambit|80\/100\n|-damage|p2a: Greninja|39\/100|[from] item: Life Orb\n|\n|-heal|p1a: Kingambit|86\/100|[from] item: Leftovers\n|upkeep\n|turn|7\n|\n|t:|1699937409\n|move|p1a: Kingambit|Sucker Punch|p2a: Greninja\n|-resisted|p2a: Greninja\n|-damage|p2a: Greninja|21\/100\n|move|p2a: Greninja|Surf|p1a: Kingambit\n|-damage|p1a: Kingambit|33\/100\n|-damage|p2a: Greninja|11\/100|[from] item: Life Orb\n|\n|-heal|p1a: Kingambit|39\/100|[from] item: Leftovers\n|upkeep\n|turn|8\n|\n|t:|1699937421\n|switch|p2a: Iron Valiant|Iron Valiant|100\/100\n|-enditem|p2a: Iron Valiant|Booster Energy\n|-activate|p2a: Iron Valiant|ability: Quark Drive|[fromitem]\n|-start|p2a: Iron Valiant|quarkdrivespe\n|move|p1a: Kingambit|Sucker Punch||[still]\n|-fail|p1a: Kingambit\n|\n|-heal|p1a: Kingambit|45\/100|[from] item: Leftovers\n|-sideend|p2: Magikarp Soup|move: Aurora Veil\n|upkeep\n|turn|9\n|\n|t:|1699937431\n|move|p2a: Iron Valiant|Calm Mind|p2a: Iron Valiant\n|-boost|p2a: Iron Valiant|spa|1\n|-boost|p2a: Iron Valiant|spd|1\n|move|p1a: Kingambit|Iron Head|p2a: Iron Valiant\n|-supereffective|p2a: Iron Valiant\n|-damage|p2a: Iron Valiant|0 fnt\n|faint|p2a: Iron Valiant\n|-end|p2a: Iron Valiant|Quark Drive|[silent]\n|\n|-heal|p1a: Kingambit|51\/100|[from] item: Leftovers\n|upkeep\n|\n|t:|1699937435\n|switch|p2a: Ninetales|Ninetales-Alola, F, tera:Fire|84\/100\n|-weather|Snow|[from] ability: Snow Warning|[of] p2a: Ninetales\n|turn|10\n|\n|t:|1699937439\n|switch|p1a: Hippowdon|Hippowdon, M|100\/100\n|-weather|Sandstorm|[from] ability: Sand Stream|[of] p1a: Hippowdon\n|move|p2a: Ninetales|Aurora Veil||[still]\n|-fail|p2a: Ninetales\n|\n|-weather|Sandstorm|[upkeep]\n|-damage|p2a: Ninetales|78\/100|[from] Sandstorm\n|upkeep\n|turn|11\n|j| WillUMarrymePLS\n|\n|t:|1699937444\n|switch|p2a: Kyurem|Kyurem-Black|100\/100\n|-ability|p2a: Kyurem|Teravolt\n|switch|p1a: Gholdengo|Gholdengo|100\/100\n|\n|-weather|Sandstorm|[upkeep]\n|-damage|p2a: Kyurem|94\/100|[from] Sandstorm\n|upkeep\n|turn|12\n|\n|t:|1699937449\n|switch|p2a: Ninetales|Ninetales-Alola, F, tera:Fire|78\/100\n|-weather|Snow|[from] ability: Snow Warning|[of] p2a: Ninetales\n|move|p1a: Gholdengo|Make It Rain|p2a: Ninetales\n|-resisted|p2a: Ninetales\n|-damage|p2a: Ninetales|45\/100\n|-unboost|p1a: Gholdengo|spa|1\n|\n|-weather|Snow|[upkeep]\n|upkeep\n|turn|13\n|\n|t:|1699937454\n|switch|p2a: Kyurem|Kyurem-Black|94\/100\n|-ability|p2a: Kyurem|Teravolt\n|move|p1a: Gholdengo|Nasty Plot|p1a: Gholdengo\n|-boost|p1a: Gholdengo|spa|2\n|\n|-weather|Snow|[upkeep]\n|upkeep\n|turn|14\n|\n|t:|1699937464\n|switch|p2a: Ninetales|Ninetales-Alola, F, tera:Fire|45\/100\n|move|p1a: Gholdengo|Shadow Ball|p2a: Ninetales\n|-damage|p2a: Ninetales|0 fnt\n|faint|p2a: Ninetales\n|\n|-weather|Snow|[upkeep]\n|upkeep\n|\n|t:|1699937468\n|switch|p2a: Greninja|Greninja, M|11\/100\n|turn|15\n|\n|t:|1699937476\n|-terastallize|p1a: Gholdengo|Fairy\n|move|p2a: Greninja|Surf|p1a: Gholdengo\n|-damage|p1a: Gholdengo|57\/100\n|-damage|p2a: Greninja|2\/100|[from] item: Life Orb\n|move|p1a: Gholdengo|Recover|p1a: Gholdengo\n|-heal|p1a: Gholdengo|100\/100\n|\n|-weather|Snow|[upkeep]\n|upkeep\n|turn|16\n|\n|t:|1699937482\n|move|p2a: Greninja|Surf|p1a: Gholdengo\n|-damage|p1a: Gholdengo|63\/100\n|-damage|p2a: Greninja|0 fnt|[from] item: Life Orb\n|faint|p2a: Greninja\n|move|p1a: Gholdengo|Recover|p1a: Gholdengo\n|-heal|p1a: Gholdengo|100\/100\n|\n|-weather|none\n|upkeep\n|\n|t:|1699937490\n|switch|p2a: Great Tusk|Great Tusk|100\/100\n|-enditem|p2a: Great Tusk|Booster Energy\n|-activate|p2a: Great Tusk|ability: Protosynthesis|[fromitem]\n|-start|p2a: Great Tusk|protosynthesisatk\n|turn|17\n|\n|t:|1699937494\n|move|p2a: Great Tusk|Headlong Rush|p1a: Gholdengo\n|-damage|p1a: Gholdengo|34\/100\n|-unboost|p2a: Great Tusk|def|1\n|-unboost|p2a: Great Tusk|spd|1\n|move|p1a: Gholdengo|Shadow Ball|p2a: Great Tusk\n|-damage|p2a: Great Tusk|0 fnt\n|faint|p2a: Great Tusk\n|-end|p2a: Great Tusk|Protosynthesis|[silent]\n|\n|-heal|p1a: Gholdengo|40\/100|[from] item: Leftovers\n|upkeep\n|\n|t:|1699937512\n|switch|p2a: Dragonite|Dragonite, F|100\/100\n|turn|18\n|\n|t:|1699937517\n|move|p2a: Dragonite|Dragon Dance|p2a: Dragonite\n|-boost|p2a: Dragonite|atk|1\n|-boost|p2a: Dragonite|spe|1\n|move|p1a: Gholdengo|Shadow Ball|p2a: Dragonite\n|-damage|p2a: Dragonite|72\/100\n|\n|-heal|p1a: Gholdengo|47\/100|[from] item: Leftovers\n|upkeep\n|turn|19\n|\n|t:|1699937525\n|move|p2a: Dragonite|Earthquake|p1a: Gholdengo\n|-damage|p1a: Gholdengo|0 fnt\n|faint|p1a: Gholdengo\n|\n|upkeep\n|\n|t:|1699937529\n|switch|p1a: Skarmory|Skarmory, M|100\/100\n|turn|20\n|\n|t:|1699937534\n|move|p2a: Dragonite|Dragon Dance|p2a: Dragonite\n|-boost|p2a: Dragonite|atk|1\n|-boost|p2a: Dragonite|spe|1\n|move|p1a: Skarmory|Iron Defense|p1a: Skarmory\n|-boost|p1a: Skarmory|def|2\n|\n|upkeep\n|turn|21\n|\n|t:|1699937536\n|switch|p2a: Kyurem|Kyurem-Black|94\/100\n|-ability|p2a: Kyurem|Teravolt\n|move|p1a: Skarmory|Iron Defense|p1a: Skarmory\n|-boost|p1a: Skarmory|def|2\n|\n|upkeep\n|turn|22\n|\n|t:|1699937538\n|move|p2a: Kyurem|Dragon Dance|p2a: Kyurem\n|-boost|p2a: Kyurem|atk|1\n|-boost|p2a: Kyurem|spe|1\n|move|p1a: Skarmory|Body Press|p2a: Kyurem\n|-supereffective|p2a: Kyurem\n|-damage|p2a: Kyurem|0 fnt\n|faint|p2a: Kyurem\n|\n|upkeep\n|-message|Magikarp Soup forfeited.\n|\n|win|bbleed\n|n|\u2606bbleed|bbleed\n|n|\u2606Magikarp Soup|magikarpsoup\n|n| htcl|htcl\n|n| WillUMarrymePLS|willumarrymepls\n|l|\u2606Magikarp Soup\n","uploadtime":1699937546,"views":19,"p1id":"bbleed","p2id":"magikarpsoup","formatid":"gen9nationaldex","rating":0,"private":0,"password":""}