{"id":"gen9nationaldex-1996090125","p1":"KaneWritez","p2":"JackPotatoGuy","format":"[Gen 9] National Dex","log":"|html|<div class=\"broadcast-blue\"><strong>[Gen 9] National Dex is currently suspecting Sneasler! For information on how to participate check out the <a href=\"https:\/\/www.smogon.com\/forums\/threads\/sv-national-dex-suspect-8-just-dance.3731534\/\">suspect thread<\/a>.<\/strong><\/div>\n|j|\u2606KaneWritez\n|j|\u2606JackPotatoGuy\n|t:|1700642458\n|gametype|singles\n|player|p1|KaneWritez|ghetsis|\n|player|p2|JackPotatoGuy|psychicf-gen4|\n|teamsize|p1|4\n|teamsize|p2|6\n|gen|9\n|tier|[Gen 9] National Dex\n|rule|HP Percentage Mod: HP is shown in percentages\n|rule|Endless Battle Clause: Forcing endless battles is banned\n|rule|OHKO Clause: OHKO moves are banned\n|rule|Evasion Clause: Evasion abilities, items, and moves are banned\n|rule|Evasion Abilities Clause: Evasion abilities are banned\n|rule|Evasion Items Clause: Evasion items are banned\n|rule|Evasion Moves Clause: Evasion moves are banned\n|rule|Species Clause: Limit one of each Pok\u00e9mon\n|rule|Sleep Clause Mod: Limit one foe put to sleep\n|clearpoke\n|poke|p1|Minior-Violet, L36|\n|poke|p1|Relicanth, L34, F|\n|poke|p1|Graveler, L34, F|\n|poke|p1|Roggenrola, L32, F|\n|poke|p2|Kadabra, L34, F|\n|poke|p2|Nidoqueen, L34, F|\n|poke|p2|Tsareena, L34, F|\n|poke|p2|Orbeetle, L34, M|\n|poke|p2|Munna, L34, F|\n|poke|p2|Malamar, L34, F|\n|teampreview\n|c|\u2606JackPotatoGuy|Rock type gym huh?\n|c|\u2606JackPotatoGuy|Bring it on\n|c|\u2606KaneWritez|yes\n|\n|t:|1700642492\n|start\n|switch|p1a: Roggenrola|Roggenrola, L32, F|100\/100\n|switch|p2a: Cinnabon|Tsareena, L34, F|100\/100\n|turn|1\n|\n|t:|1700642499\n|move|p1a: Roggenrola|Protect|p1a: Roggenrola\n|-singleturn|p1a: Roggenrola|Protect\n|move|p2a: Cinnabon|Power Whip|p1a: Roggenrola\n|-activate|p1a: Roggenrola|move: Protect\n|\n|upkeep\n|turn|2\n|\n|t:|1700642504\n|move|p2a: Cinnabon|Power Whip|p1a: Roggenrola\n|-supereffective|p1a: Roggenrola\n|-ability|p1a: Roggenrola|Sturdy\n|-damage|p1a: Roggenrola|2\/100\n|move|p1a: Roggenrola|Stealth Rock|p2a: Cinnabon\n|-sidestart|p2: JackPotatoGuy|move: Stealth Rock\n|\n|upkeep\n|turn|3\n|\n|t:|1700642511\n|move|p1a: Roggenrola|Protect|p1a: Roggenrola\n|-singleturn|p1a: Roggenrola|Protect\n|move|p2a: Cinnabon|Power Whip|p1a: Roggenrola\n|-activate|p1a: Roggenrola|move: Protect\n|\n|upkeep\n|turn|4\n|\n|t:|1700642518\n|move|p2a: Cinnabon|Razor Leaf|p1a: Roggenrola\n|-supereffective|p1a: Roggenrola\n|-damage|p1a: Roggenrola|0 fnt\n|faint|p1a: Roggenrola\n|\n|upkeep\n|\n|t:|1700642533\n|switch|p1a: Graveler|Graveler, L34, F|100\/100\n|turn|5\n|\n|t:|1700642538\n|move|p2a: Cinnabon|Power Whip|p1a: Graveler|[miss]\n|-miss|p2a: Cinnabon|p1a: Graveler\n|move|p1a: Graveler|Iron Defense|p1a: Graveler\n|-boost|p1a: Graveler|def|2\n|\n|upkeep\n|turn|6\n|c|\u2606JackPotatoGuy|Well that was an L\n|\n|t:|1700642548\n|move|p2a: Cinnabon|Power Whip|p1a: Graveler|[miss]\n|-miss|p2a: Cinnabon|p1a: Graveler\n|move|p1a: Graveler|Iron Defense|p1a: Graveler\n|-boost|p1a: Graveler|def|2\n|\n|upkeep\n|turn|7\n|c|\u2606KaneWritez|LMAOOO\n|c|\u2606JackPotatoGuy|*Confusion*\n|\n|t:|1700642558\n|move|p2a: Cinnabon|Power Whip|p1a: Graveler\n|-supereffective|p1a: Graveler\n|-damage|p1a: Graveler|8\/100\n|-damage|p2a: Cinnabon|84\/100|[from] item: Rocky Helmet|[of] p1a: Graveler\n|move|p1a: Graveler|Rock Slide|p2a: Cinnabon\n|-damage|p2a: Cinnabon|60\/100\n|\n|upkeep\n|turn|8\n|c|\u2606JackPotatoGuy|THANK YOU\n|c|\u2606KaneWritez|THAS CRAZY\n|c|\u2606JackPotatoGuy|If you didn't have 3x defense it woulda killed on the spot lol\n|\n|t:|1700642579\n|move|p2a: Cinnabon|Razor Leaf|p1a: Graveler|[miss]\n|-miss|p2a: Cinnabon|p1a: Graveler\n|move|p1a: Graveler|Rock Slide|p2a: Cinnabon\n|-damage|p2a: Cinnabon|35\/100\n|\n|upkeep\n|turn|9\n|c|\u2606KaneWritez|WILD\n|\n|t:|1700642588\n|move|p2a: Cinnabon|Razor Leaf|p1a: Graveler\n|-supereffective|p1a: Graveler\n|-damage|p1a: Graveler|0 fnt\n|faint|p1a: Graveler\n|\n|upkeep\n|c|\u2606JackPotatoGuy|IS BRO THE FLASH?\n|\n|t:|1700642594\n|switch|p1a: Minior|Minior-Violet, L36|100\/100\n|-formechange|p1a: Minior|Minior-Meteor||[from] ability: Shields Down\n|turn|10\n|c|\u2606KaneWritez|GO, MINOR\n|c|\u2606JackPotatoGuy|Wait\n|c|\u2606JackPotatoGuy|Isn't this the ace\n|c|\u2606KaneWritez|it is\n|c|\u2606KaneWritez|cry about the order lil bro\n|c|\u2606JackPotatoGuy|Ok lmao\n|\n|t:|1700642638\n|move|p1a: Minior|Hidden Power|p2a: Cinnabon\n|-supereffective|p2a: Cinnabon\n|-damage|p2a: Cinnabon|0 fnt\n|faint|p2a: Cinnabon\n|\n|upkeep\n|c|\u2606JackPotatoGuy|=O\n|c|\u2606KaneWritez|im fast af boi\n|c|\u2606JackPotatoGuy|I do not remember my abilities :skull:\n|\n|t:|1700642683\n|switch|p2a: Blue|Nidoqueen, L34, F|100\/100\n|-damage|p2a: Blue|95\/100|[from] Stealth Rock\n|turn|11\n|\n|t:|1700642695\n|move|p1a: Minior|Reflect|p1a: Minior\n|-sidestart|p1: KaneWritez|Reflect\n|move|p2a: Blue|Superpower|p1a: Minior\n|-damage|p1a: Minior|84\/100\n|-unboost|p2a: Blue|atk|1\n|-unboost|p2a: Blue|def|1\n|\n|upkeep\n|turn|12\n|\n|t:|1700642705\n|switch|p1a: Relicanth|Relicanth, L34, F|100\/100\n|move|p2a: Blue|Toxic|p1a: Relicanth\n|-status|p1a: Relicanth|tox\n|\n|-damage|p1a: Relicanth|95\/100 tox|[from] psn\n|upkeep\n|turn|13\n|\n|t:|1700642721\n|move|p2a: Blue|Sludge Wave|p1a: Relicanth\n|-resisted|p1a: Relicanth\n|-damage|p1a: Relicanth|82\/100 tox\n|move|p1a: Relicanth|Waterfall|p2a: Blue\n|-supereffective|p2a: Blue\n|-damage|p2a: Blue|24\/100\n|\n|-damage|p1a: Relicanth|71\/100 tox|[from] psn\n|upkeep\n|turn|14\n|\n|t:|1700642731\n|switch|p2a: Beetle|Orbeetle, L34, M|100\/100\n|-damage|p2a: Beetle|76\/100|[from] Stealth Rock\n|move|p1a: Relicanth|Waterfall|p2a: Beetle\n|-damage|p2a: Beetle|38\/100\n|\n|-damage|p1a: Relicanth|54\/100 tox|[from] psn\n|upkeep\n|turn|15\n|\n|t:|1700642740\n|move|p2a: Beetle|Hypnosis|p1a: Relicanth|[miss]\n|-miss|p2a: Beetle|p1a: Relicanth\n|move|p1a: Relicanth|Waterfall|p2a: Beetle\n|-damage|p2a: Beetle|0 fnt\n|faint|p2a: Beetle\n|\n|-damage|p1a: Relicanth|31\/100 tox|[from] psn\n|-sideend|p1: KaneWritez|Reflect\n|upkeep\n|\n|t:|1700642753\n|switch|p2a: Abby|Kadabra, L34, F|100\/100\n|-damage|p2a: Abby|88\/100|[from] Stealth Rock\n|turn|16\n|\n|t:|1700642757\n|move|p2a: Abby|Psybeam|p1a: Relicanth\n|-damage|p1a: Relicanth|3\/100 tox\n|move|p1a: Relicanth|Waterfall|p2a: Abby\n|-damage|p2a: Abby|0 fnt\n|faint|p2a: Abby\n|\n|-damage|p1a: Relicanth|0 fnt|[from] psn\n|faint|p1a: Relicanth\n|upkeep\n|c|\u2606KaneWritez|crazy\n|c|\u2606JackPotatoGuy|Martyrdom\n|\n|t:|1700642772\n|switch|p2a: Mara|Malamar, L34, F|100\/100\n|switch|p1a: Minior|Minior-Violet, L36|84\/100\n|-formechange|p1a: Minior|Minior-Meteor||[from] ability: Shields Down\n|-damage|p2a: Mara|89\/100|[from] Stealth Rock\n|turn|17\n|\n|t:|1700642790\n|move|p1a: Minior|Light Screen|p1a: Minior\n|-sidestart|p1: KaneWritez|move: Light Screen\n|move|p2a: Mara|Night Slash|p1a: Minior\n|-damage|p1a: Minior|41\/100\n|\n|-formechange|p1a: Minior|Minior-Violet||[from] ability: Shields Down\n|upkeep\n|turn|18\n|\n|t:|1700642801\n|move|p1a: Minior|Power Gem|p2a: Mara\n|-damage|p2a: Mara|42\/100\n|move|p2a: Mara|Night Slash|p1a: Minior\n|-damage|p1a: Minior|0 fnt\n|faint|p1a: Minior\n|\n|win|JackPotatoGuy\n|c|\u2606KaneWritez|gg\n","uploadtime":1700642811,"views":11,"p1id":"kanewritez","p2id":"jackpotatoguy","formatid":"gen9nationaldex","rating":0,"private":0,"password":""}