{"id":"gen9nationaldex-1997220424","p1":"Carno777","p2":"Minecrafterrrr0","format":"[Gen 9] National Dex","log":"|html|<div class=\"broadcast-blue\"><strong>[Gen 9] National Dex is currently suspecting Sneasler! For information on how to participate check out the <a href=\"https:\/\/www.smogon.com\/forums\/threads\/sv-national-dex-suspect-8-just-dance.3731534\/\">suspect thread<\/a>.<\/strong><\/div>\n|j|\u2606Carno777\n|j|\u2606Minecrafterrrr0\n|t:|1700777033\n|gametype|singles\n|player|p1|Carno777|lance|1390\n|player|p2|Minecrafterrrr0|mars|1311\n|teamsize|p1|6\n|teamsize|p2|6\n|gen|9\n|tier|[Gen 9] National Dex\n|rated|\n|rule|HP Percentage Mod: HP is shown in percentages\n|rule|Endless Battle Clause: Forcing endless battles is banned\n|rule|OHKO Clause: OHKO moves are banned\n|rule|Evasion Clause: Evasion abilities, items, and moves are banned\n|rule|Evasion Abilities Clause: Evasion abilities are banned\n|rule|Evasion Items Clause: Evasion items are banned\n|rule|Evasion Moves Clause: Evasion moves are banned\n|rule|Species Clause: Limit one of each Pok\u00e9mon\n|rule|Sleep Clause Mod: Limit one foe put to sleep\n|clearpoke\n|poke|p1|Garchomp, F|\n|poke|p1|Serperior, F|\n|poke|p1|Skeledirge, F|\n|poke|p1|Ninetales-Alola, M|\n|poke|p1|Scizor, F|\n|poke|p1|Feraligatr, F|\n|poke|p2|Porygon2|\n|poke|p2|Torkoal, F|\n|poke|p2|Xurkitree|\n|poke|p2|Stakataka|\n|poke|p2|Aegislash, M|\n|poke|p2|Sneasler, M|\n|teampreview\n|inactive|Battle timer is ON: inactive players will automatically lose when time's up. (requested by Carno777)\n|c|\u2606Carno777|Glhf\n|\n|t:|1700777057\n|start\n|switch|p1a: Best starter|Feraligatr, F, shiny|100\/100\n|switch|p2a: Porygon2|Porygon2, shiny|100\/100\n|-ability|p2a: Porygon2|Sheer Force|[from] ability: Trace|[of] p1a: Best starter\n|turn|1\n|\n|t:|1700777064\n|move|p1a: Best starter|Dragon Dance|p1a: Best starter\n|-boost|p1a: Best starter|atk|1\n|-boost|p1a: Best starter|spe|1\n|move|p2a: Porygon2|Trick Room|p2a: Porygon2\n|-fieldstart|move: Trick Room|[of] p2a: Porygon2\n|\n|upkeep\n|turn|2\n|\n|t:|1700777069\n|move|p1a: Best starter|Liquidation|p2a: Porygon2\n|-damage|p2a: Porygon2|34\/100\n|move|p2a: Porygon2|Teleport|p2a: Porygon2\n|\n|t:|1700777076\n|switch|p2a: Torkoal|Torkoal, F, shiny|100\/100|[from] Teleport\n|-weather|SunnyDay|[from] ability: Drought|[of] p2a: Torkoal\n|\n|-weather|SunnyDay|[upkeep]\n|upkeep\n|turn|3\n|\n|t:|1700777081\n|move|p2a: Torkoal|Solar Beam||[still]\n|-prepare|p2a: Torkoal|Solar Beam\n|-anim|p2a: Torkoal|Solar Beam|p1a: Best starter\n|-supereffective|p1a: Best starter\n|-damage|p1a: Best starter|0 fnt\n|faint|p1a: Best starter\n|-damage|p2a: Torkoal|91\/100|[from] item: Life Orb\n|\n|-weather|SunnyDay|[upkeep]\n|upkeep\n|\n|t:|1700777086\n|switch|p1a: Best reg form|Ninetales-Alola, M, shiny|100\/100\n|-weather|Snow|[from] ability: Snow Warning|[of] p1a: Best reg form\n|turn|4\n|\n|t:|1700777091\n|move|p2a: Torkoal|Eruption|p1a: Best reg form\n|-supereffective|p1a: Best reg form\n|-damage|p1a: Best reg form|0 fnt\n|faint|p1a: Best reg form\n|-damage|p2a: Torkoal|81\/100|[from] item: Life Orb\n|\n|-weather|Snow|[upkeep]\n|upkeep\n|\n|t:|1700777096\n|switch|p1a: It\u2019s not garchover|Garchomp, F|100\/100\n|turn|5\n|\n|t:|1700777113\n|move|p2a: Torkoal|Overheat|p1a: It\u2019s not garchover\n|-resisted|p1a: It\u2019s not garchover\n|-damage|p1a: It\u2019s not garchover|61\/100\n|-unboost|p2a: Torkoal|spa|2\n|-damage|p2a: Torkoal|71\/100|[from] item: Life Orb\n|move|p1a: It\u2019s not garchover|Swords Dance|p1a: It\u2019s not garchover\n|-boost|p1a: It\u2019s not garchover|atk|2\n|\n|-weather|Snow|[upkeep]\n|-fieldend|move: Trick Room\n|upkeep\n|turn|6\n|\n|t:|1700777125\n|switch|p2a: Porygon2|Porygon2, shiny|34\/100\n|-ability|p2a: Porygon2|Rough Skin|[from] ability: Trace|[of] p1a: It\u2019s not garchover\n|move|p1a: It\u2019s not garchover|Earthquake|p2a: Porygon2\n|-damage|p2a: Porygon2|0 fnt\n|faint|p2a: Porygon2\n|\n|-weather|Snow|[upkeep]\n|upkeep\n|\n|t:|1700777129\n|switch|p2a: Xurkitree|Xurkitree, shiny|100\/100\n|turn|7\n|\n|t:|1700777133\n|move|p2a: Xurkitree|Dazzling Gleam|p1a: It\u2019s not garchover\n|-supereffective|p1a: It\u2019s not garchover\n|-damage|p1a: It\u2019s not garchover|0 fnt\n|faint|p1a: It\u2019s not garchover\n|-ability|p2a: Xurkitree|Beast Boost|boost\n|-boost|p2a: Xurkitree|spa|1\n|\n|-weather|Snow|[upkeep]\n|upkeep\n|\n|t:|1700777136\n|switch|p1a: Running with|Scizor, F|100\/100\n|turn|8\n|\n|t:|1700777155\n|switch|p2a: Aegislash|Aegislash, M|100\/100\n|detailschange|p1a: Running with|Scizor-Mega, F\n|-mega|p1a: Running with|Scizor|Scizorite\n|move|p1a: Running with|U-turn|p2a: Aegislash\n|-resisted|p2a: Aegislash\n|-damage|p2a: Aegislash|91\/100\n|\n|t:|1700777158\n|switch|p1a: Regal|Serperior, F|100\/100|[from] U-turn\n|\n|-weather|none\n|-heal|p2a: Aegislash|97\/100|[from] item: Leftovers\n|upkeep\n|turn|9\n|c|\u2606Carno777|Oops\n|\n|t:|1700777169\n|move|p1a: Regal|Leaf Storm|p2a: Aegislash\n|-resisted|p2a: Aegislash\n|-damage|p2a: Aegislash|80\/100\n|-boost|p1a: Regal|spa|2\n|-formechange|p2a: Aegislash|Aegislash-Blade||[from] ability: Stance Change\n|move|p2a: Aegislash|Iron Head|p1a: Regal\n|-damage|p1a: Regal|36\/100\n|\n|-heal|p1a: Regal|42\/100|[from] item: Leftovers\n|-heal|p2a: Aegislash|86\/100|[from] item: Leftovers\n|upkeep\n|turn|10\n|\n|t:|1700777177\n|-formechange|p2a: Aegislash|Aegislash||[from] ability: Stance Change\n|move|p2a: Aegislash|King's Shield|p2a: Aegislash\n|-singleturn|p2a: Aegislash|Protect\n|move|p1a: Regal|Hidden Power|p2a: Aegislash\n|-activate|p2a: Aegislash|move: Protect\n|\n|-heal|p1a: Regal|49\/100|[from] item: Leftovers\n|-heal|p2a: Aegislash|92\/100|[from] item: Leftovers\n|upkeep\n|turn|11\n|\n|t:|1700777183\n|move|p1a: Regal|Hidden Power|p2a: Aegislash\n|-supereffective|p2a: Aegislash\n|-damage|p2a: Aegislash|49\/100\n|-formechange|p2a: Aegislash|Aegislash-Blade||[from] ability: Stance Change\n|move|p2a: Aegislash|Iron Head|p1a: Regal\n|-damage|p1a: Regal|0 fnt\n|faint|p1a: Regal\n|\n|-heal|p2a: Aegislash|55\/100|[from] item: Leftovers\n|upkeep\n|\n|t:|1700777186\n|switch|p1a: I can sing|Skeledirge, F|100\/100\n|turn|12\n|\n|t:|1700777201\n|switch|p2a: Torkoal|Torkoal, F, shiny|71\/100\n|-weather|SunnyDay|[from] ability: Drought|[of] p2a: Torkoal\n|move|p1a: I can sing|Torch Song|p2a: Torkoal\n|-resisted|p2a: Torkoal\n|-damage|p2a: Torkoal|32\/100\n|-boost|p1a: I can sing|spa|1\n|\n|-weather|SunnyDay|[upkeep]\n|upkeep\n|turn|13\n|\n|t:|1700777209\n|move|p1a: I can sing|Torch Song|p2a: Torkoal\n|-resisted|p2a: Torkoal\n|-damage|p2a: Torkoal|0 fnt\n|-boost|p1a: I can sing|spa|1\n|faint|p2a: Torkoal\n|\n|-weather|SunnyDay|[upkeep]\n|upkeep\n|\n|t:|1700777224\n|switch|p2a: Xurkitree|Xurkitree, shiny|100\/100\n|turn|14\n|\n|t:|1700777231\n|-terastallize|p2a: Xurkitree|Electric\n|move|p2a: Xurkitree|Thunderbolt|p1a: I can sing\n|-damage|p1a: I can sing|15\/100\n|move|p1a: I can sing|Torch Song|p2a: Xurkitree\n|-damage|p2a: Xurkitree|0 fnt\n|-boost|p1a: I can sing|spa|1\n|faint|p2a: Xurkitree\n|\n|-weather|SunnyDay|[upkeep]\n|upkeep\n|\n|t:|1700777236\n|switch|p2a: Aegislash|Aegislash, M|55\/100\n|turn|15\n|\n|t:|1700777242\n|-terastallize|p1a: I can sing|Fairy\n|-formechange|p2a: Aegislash|Aegislash-Blade||[from] ability: Stance Change\n|move|p2a: Aegislash|Shadow Sneak|p1a: I can sing\n|-damage|p1a: I can sing|0 fnt\n|faint|p1a: I can sing\n|\n|-weather|SunnyDay|[upkeep]\n|-heal|p2a: Aegislash|62\/100|[from] item: Leftovers\n|upkeep\n|\n|t:|1700777247\n|switch|p1a: Running with|Scizor-Mega, F|100\/100\n|turn|16\n|\n|t:|1700777253\n|-formechange|p2a: Aegislash|Aegislash||[from] ability: Stance Change\n|move|p2a: Aegislash|King's Shield|p2a: Aegislash\n|-singleturn|p2a: Aegislash|Protect\n|move|p1a: Running with|Knock Off|p2a: Aegislash\n|-activate|p2a: Aegislash|move: Protect\n|-unboost|p1a: Running with|atk|1\n|\n|-weather|none\n|-heal|p2a: Aegislash|68\/100|[from] item: Leftovers\n|upkeep\n|turn|17\n|-message|Carno777 forfeited.\n|\n|win|Minecrafterrrr0\n|raw|Carno777's rating: 1390 &rarr; <strong>1366<\/strong><br \/>(-24 for losing)\n|raw|Minecrafterrrr0's rating: 1311 &rarr; <strong>1335<\/strong><br \/>(+24 for winning)\n|l|\u2606Carno777\n|c|\u2606Minecrafterrrr0|gg?\n","uploadtime":1700777268,"views":4,"p1id":"carno777","p2id":"minecrafterrrr0","formatid":"gen9nationaldex","rating":1335,"private":0,"password":""}