{"id":"gen9nationaldex-1990434653","p1":"SirioDStar","p2":"clorboycoctopus","format":"[Gen 9] National Dex","log":"|j|\u2606SirioDStar\n|j|\u2606clorboycoctopus\n|t:|1699970633\n|gametype|singles\n|player|p1|SirioDStar|hugh|1415\n|player|p2|clorboycoctopus|blackbelt-gen4dp|1464\n|teamsize|p1|6\n|teamsize|p2|6\n|gen|9\n|tier|[Gen 9] National Dex\n|rated|\n|rule|HP Percentage Mod: HP is shown in percentages\n|rule|Endless Battle Clause: Forcing endless battles is banned\n|rule|OHKO Clause: OHKO moves are banned\n|rule|Evasion Clause: Evasion abilities, items, and moves are banned\n|rule|Evasion Abilities Clause: Evasion abilities are banned\n|rule|Evasion Items Clause: Evasion items are banned\n|rule|Evasion Moves Clause: Evasion moves are banned\n|rule|Species Clause: Limit one of each Pok\u00e9mon\n|rule|Sleep Clause Mod: Limit one foe put to sleep\n|clearpoke\n|poke|p1|Armarouge, M|\n|poke|p1|Empoleon, M|\n|poke|p1|Tsareena, F|\n|poke|p1|Pawmot, M|\n|poke|p1|Togekiss, M|\n|poke|p1|Flygon, F|\n|poke|p2|Grimmsnarl, M|\n|poke|p2|Tapu Lele|\n|poke|p2|Smeargle, F|\n|poke|p2|Latias, F|\n|poke|p2|Sneasler, M|\n|poke|p2|Hoopa-Unbound|\n|teampreview\n|inactive|Battle timer is ON: inactive players will automatically lose when time's up. (requested by clorboycoctopus)\n|\n|t:|1699970637\n|start\n|switch|p1a: Flygon|Flygon, F|100\/100\n|switch|p2a: Smeargle|Smeargle, F|100\/100\n|turn|1\n|\n|t:|1699970651\n|move|p1a: Flygon|U-turn|p2a: Smeargle\n|-damage|p2a: Smeargle|35\/100\n|\n|t:|1699970655\n|switch|p1a: Tsareena|Tsareena, F|100\/100|[from] U-turn\n|move|p2a: Smeargle|Spore|p1a: Tsareena\n|-immune|p1a: Tsareena\n|\n|upkeep\n|turn|2\n|\n|t:|1699970663\n|switch|p2a: Grimmsnarl|Grimmsnarl, M|100\/100\n|move|p1a: Tsareena|Trailblaze|p2a: Grimmsnarl\n|-damage|p2a: Grimmsnarl|76\/100\n|-boost|p1a: Tsareena|spe|1\n|\n|upkeep\n|turn|3\n|\n|t:|1699970682\n|move|p2a: Grimmsnarl|Thunder Wave||[still]\n|cant|p1a: Tsareena|ability: Queenly Majesty|Thunder Wave|[of] p2a: Grimmsnarl\n|move|p1a: Tsareena|Power Whip|p2a: Grimmsnarl|[miss]\n|-miss|p1a: Tsareena|p2a: Grimmsnarl\n|\n|upkeep\n|turn|4\n|\n|t:|1699970700\n|switch|p2a: Latias|Latias, F|100\/100\n|move|p1a: Tsareena|Trailblaze|p2a: Latias\n|-resisted|p2a: Latias\n|-damage|p2a: Latias|86\/100\n|-boost|p1a: Tsareena|spe|1\n|\n|upkeep\n|turn|5\n|\n|t:|1699970713\n|detailschange|p2a: Latias|Latias-Mega, F\n|-mega|p2a: Latias|Latias|Latiasite\n|move|p1a: Tsareena|Acrobatics|p2a: Latias\n|-damage|p2a: Latias|71\/100\n|move|p2a: Latias|Calm Mind|p2a: Latias\n|-boost|p2a: Latias|spa|1\n|-boost|p2a: Latias|spd|1\n|\n|upkeep\n|turn|6\n|\n|t:|1699970730\n|move|p1a: Tsareena|Power Whip|p2a: Latias\n|-resisted|p2a: Latias\n|-damage|p2a: Latias|46\/100\n|move|p2a: Latias|Calm Mind|p2a: Latias\n|-boost|p2a: Latias|spa|1\n|-boost|p2a: Latias|spd|1\n|\n|upkeep\n|turn|7\n|\n|t:|1699970736\n|move|p1a: Tsareena|Power Whip|p2a: Latias\n|-resisted|p2a: Latias\n|-damage|p2a: Latias|18\/100\n|move|p2a: Latias|Roost|p2a: Latias\n|-heal|p2a: Latias|68\/100\n|-singleturn|p2a: Latias|move: Roost\n|\n|upkeep\n|turn|8\n|\n|t:|1699970751\n|move|p1a: Tsareena|Power Whip|p2a: Latias\n|-resisted|p2a: Latias\n|-crit|p2a: Latias\n|-damage|p2a: Latias|29\/100\n|move|p2a: Latias|Calm Mind|p2a: Latias\n|-boost|p2a: Latias|spa|1\n|-boost|p2a: Latias|spd|1\n|\n|upkeep\n|turn|9\n|\n|t:|1699970756\n|move|p1a: Tsareena|Power Whip|p2a: Latias\n|-resisted|p2a: Latias\n|-damage|p2a: Latias|3\/100\n|move|p2a: Latias|Roost|p2a: Latias\n|-heal|p2a: Latias|53\/100\n|-singleturn|p2a: Latias|move: Roost\n|\n|upkeep\n|turn|10\n|\n|t:|1699970771\n|-terastallize|p1a: Tsareena|Flying\n|move|p1a: Tsareena|Acrobatics|p2a: Latias\n|-damage|p2a: Latias|28\/100\n|move|p2a: Latias|Roost|p2a: Latias\n|-heal|p2a: Latias|78\/100\n|-singleturn|p2a: Latias|move: Roost\n|\n|upkeep\n|turn|11\n|\n|t:|1699970778\n|move|p1a: Tsareena|Acrobatics|p2a: Latias\n|-damage|p2a: Latias|52\/100\n|move|p2a: Latias|Psyshock|p1a: Tsareena\n|-enditem|p1a: Tsareena|Focus Sash\n|-damage|p1a: Tsareena|1\/100\n|\n|upkeep\n|turn|12\n|\n|t:|1699970787\n|move|p1a: Tsareena|Acrobatics|p2a: Latias\n|-damage|p2a: Latias|3\/100\n|move|p2a: Latias|Roost|p2a: Latias\n|-heal|p2a: Latias|53\/100\n|-singleturn|p2a: Latias|move: Roost\n|\n|upkeep\n|turn|13\n|\n|t:|1699970800\n|move|p1a: Tsareena|Acrobatics|p2a: Latias\n|-crit|p2a: Latias\n|-damage|p2a: Latias|0 fnt\n|faint|p2a: Latias\n|\n|upkeep\n|\n|t:|1699970810\n|switch|p2a: Hoopa|Hoopa-Unbound|100\/100\n|turn|14\n|\n|t:|1699970821\n|move|p1a: Tsareena|Acrobatics|p2a: Hoopa\n|-damage|p2a: Hoopa|4\/100\n|move|p2a: Hoopa|Hyperspace Fury|p1a: Tsareena\n|-damage|p1a: Tsareena|0 fnt\n|-unboost|p2a: Hoopa|def|1\n|faint|p1a: Tsareena\n|\n|upkeep\n|\n|t:|1699970832\n|switch|p1a: Pawmot|Pawmot, M|100\/100\n|turn|15\n|\n|t:|1699970837\n|move|p1a: Pawmot|Mach Punch|p2a: Hoopa\n|-damage|p2a: Hoopa|0 fnt\n|faint|p2a: Hoopa\n|\n|upkeep\n|\n|t:|1699970843\n|switch|p2a: Smeargle|Smeargle, F|35\/100\n|turn|16\n|\n|t:|1699970856\n|move|p1a: Pawmot|Revival Blessing|p1a: Pawmot\n|\n|t:|1699970858\n|-heal|p1: Tsareena|50\/100|[from] move: Revival Blessing\n|move|p2a: Smeargle|Spore|p1a: Pawmot\n|-status|p1a: Pawmot|slp|[from] move: Spore\n|\n|upkeep\n|turn|17\n|\n|t:|1699970868\n|switch|p1a: Tsareena|Tsareena, F|50\/100\n|move|p2a: Smeargle|Sticky Web|p1a: Tsareena\n|-sidestart|p1: SirioDStar|move: Sticky Web\n|\n|upkeep\n|turn|18\n|\n|t:|1699970874\n|move|p2a: Smeargle|Memento|p1a: Tsareena\n|-unboost|p1a: Tsareena|atk|2\n|-unboost|p1a: Tsareena|spa|2\n|faint|p2a: Smeargle\n|move|p1a: Tsareena|Trailblaze|p2: Smeargle|[notarget]\n|-fail|p1a: Tsareena\n|\n|upkeep\n|\n|t:|1699970878\n|switch|p2a: Tapu Lele|Tapu Lele|100\/100\n|-fieldstart|move: Psychic Terrain|[from] ability: Psychic Surge|[of] p2a: Tapu Lele\n|turn|19\n|\n|t:|1699970888\n|move|p2a: Tapu Lele|Psychic|p1a: Tsareena\n|-damage|p1a: Tsareena|0 fnt\n|faint|p1a: Tsareena\n|\n|upkeep\n|\n|t:|1699970896\n|switch|p1a: Togekiss|Togekiss, M|100\/100\n|turn|20\n|\n|t:|1699970903\n|move|p2a: Tapu Lele|Psychic|p1a: Togekiss\n|-damage|p1a: Togekiss|49\/100\n|move|p1a: Togekiss|Thunder Wave|p2a: Tapu Lele\n|-status|p2a: Tapu Lele|par\n|\n|-heal|p1a: Togekiss|55\/100|[from] item: Leftovers\n|upkeep\n|turn|21\n|\n|t:|1699970908\n|move|p1a: Togekiss|Air Slash|p2a: Tapu Lele\n|-damage|p2a: Tapu Lele|57\/100 par\n|move|p2a: Tapu Lele|Psychic|p1a: Togekiss\n|-damage|p1a: Togekiss|3\/100\n|-unboost|p1a: Togekiss|spd|1\n|\n|-heal|p1a: Togekiss|9\/100|[from] item: Leftovers\n|upkeep\n|turn|22\n|\n|t:|1699970918\n|switch|p2a: Grimmsnarl|Grimmsnarl, M|76\/100\n|move|p1a: Togekiss|Air Slash|p2a: Grimmsnarl|[miss]\n|-miss|p1a: Togekiss|p2a: Grimmsnarl\n|\n|-heal|p1a: Togekiss|15\/100|[from] item: Leftovers\n|upkeep\n|turn|23\n|\n|t:|1699970923\n|move|p2a: Grimmsnarl|Thunder Wave|p1a: Togekiss\n|-status|p1a: Togekiss|par\n|move|p1a: Togekiss|Roost|p1a: Togekiss\n|-heal|p1a: Togekiss|65\/100 par\n|-singleturn|p1a: Togekiss|move: Roost\n|\n|-heal|p1a: Togekiss|71\/100 par|[from] item: Leftovers\n|-fieldend|move: Psychic Terrain\n|upkeep\n|turn|24\n|\n|t:|1699970928\n|move|p2a: Grimmsnarl|Parting Shot|p1a: Togekiss\n|-unboost|p1a: Togekiss|atk|1\n|-unboost|p1a: Togekiss|spa|1\n|\n|t:|1699970932\n|switch|p2a: Tapu Lele|Tapu Lele|57\/100 par|[from] Parting Shot\n|-fieldstart|move: Psychic Terrain|[from] ability: Psychic Surge|[of] p2a: Tapu Lele\n|move|p1a: Togekiss|Thunder Wave|p2a: Tapu Lele\n|-fail|p2a: Tapu Lele|par\n|\n|-heal|p1a: Togekiss|77\/100 par|[from] item: Leftovers\n|upkeep\n|turn|25\n|\n|t:|1699970938\n|cant|p2a: Tapu Lele|par\n|move|p1a: Togekiss|Air Slash|p2a: Tapu Lele\n|-damage|p2a: Tapu Lele|29\/100 par\n|\n|-heal|p1a: Togekiss|83\/100 par|[from] item: Leftovers\n|upkeep\n|turn|26\n|\n|t:|1699970943\n|-zpower|p2a: Tapu Lele\n|move|p2a: Tapu Lele|All-Out Pummeling|p1a: Togekiss|[zeffect]\n|-resisted|p1a: Togekiss\n|-damage|p1a: Togekiss|65\/100 par\n|move|p1a: Togekiss|Air Slash|p2a: Tapu Lele\n|-damage|p2a: Tapu Lele|0 fnt\n|faint|p2a: Tapu Lele\n|\n|-heal|p1a: Togekiss|71\/100 par|[from] item: Leftovers\n|upkeep\n|\n|t:|1699970950\n|switch|p2a: Sneasler|Sneasler, M|100\/100\n|-enditem|p2a: Sneasler|Psychic Seed\n|-boost|p2a: Sneasler|spd|1|[from] item: Psychic Seed\n|turn|27\n|\n|t:|1699970959\n|move|p2a: Sneasler|Dire Claw|p1a: Togekiss\n|-supereffective|p1a: Togekiss\n|-crit|p1a: Togekiss\n|-damage|p1a: Togekiss|0 fnt\n|faint|p1a: Togekiss\n|\n|upkeep\n|\n|t:|1699970971\n|switch|p1a: Flygon|Flygon, F|100\/100\n|turn|28\n|\n|t:|1699970975\n|switch|p2a: Grimmsnarl|Grimmsnarl, M|76\/100\n|move|p1a: Flygon|Earthquake|p2a: Grimmsnarl\n|-damage|p2a: Grimmsnarl|37\/100\n|\n|-fieldend|move: Psychic Terrain\n|upkeep\n|turn|29\n|\n|t:|1699970987\n|move|p2a: Grimmsnarl|Reflect|p2a: Grimmsnarl\n|-sidestart|p2: clorboycoctopus|Reflect\n|move|p1a: Flygon|Earthquake|p2a: Grimmsnarl\n|-crit|p2a: Grimmsnarl\n|-damage|p2a: Grimmsnarl|0 fnt\n|faint|p2a: Grimmsnarl\n|\n|upkeep\n|\n|t:|1699970991\n|switch|p2a: Sneasler|Sneasler, M|100\/100\n|turn|30\n|\n|t:|1699970994\n|-terastallize|p2a: Sneasler|Flying\n|move|p1a: Flygon|Earthquake|p2a: Sneasler\n|-immune|p2a: Sneasler\n|move|p2a: Sneasler|Swords Dance|p2a: Sneasler\n|-boost|p2a: Sneasler|atk|2\n|\n|upkeep\n|turn|31\n|\n|t:|1699971012\n|switch|p1a: Pawmot|Pawmot, M|100\/100 slp\n|-activate|p1a: Pawmot|move: Sticky Web\n|-unboost|p1a: Pawmot|spe|1\n|move|p2a: Sneasler|Swords Dance|p2a: Sneasler\n|-boost|p2a: Sneasler|atk|2\n|\n|upkeep\n|turn|32\n|\n|t:|1699971016\n|cant|p1a: Pawmot|slp\n|move|p2a: Sneasler|Dire Claw|p1a: Pawmot\n|-damage|p1a: Pawmot|0 fnt\n|faint|p1a: Pawmot\n|\n|upkeep\n|\n|t:|1699971020\n|switch|p1a: Armarouge|Armarouge, M|100\/100\n|-activate|p1a: Armarouge|move: Sticky Web\n|-unboost|p1a: Armarouge|spe|1\n|turn|33\n|\n|t:|1699971024\n|move|p1a: Armarouge|Endure|p1a: Armarouge\n|-singleturn|p1a: Armarouge|move: Endure\n|move|p2a: Sneasler|Acrobatics|p1a: Armarouge\n|-activate|p1a: Armarouge|move: Endure\n|-damage|p1a: Armarouge|1\/100\n|-ability|p1a: Armarouge|Weak Armor|boost\n|-unboost|p1a: Armarouge|def|1\n|-boost|p1a: Armarouge|spe|2\n|\n|upkeep\n|turn|34\n|\n|t:|1699971037\n|move|p1a: Armarouge|Armor Cannon|p2a: Sneasler\n|-damage|p2a: Sneasler|18\/100\n|-unboost|p1a: Armarouge|def|1\n|-unboost|p1a: Armarouge|spd|1\n|move|p2a: Sneasler|Acrobatics|p1a: Armarouge\n|-damage|p1a: Armarouge|0 fnt\n|faint|p1a: Armarouge\n|\n|upkeep\n|\n|t:|1699971048\n|switch|p1a: Empoleon|Empoleon, M|100\/100\n|-activate|p1a: Empoleon|move: Sticky Web\n|-unboost|p1a: Empoleon|spe|1\n|-ability|p1a: Empoleon|Competitive|boost\n|-boost|p1a: Empoleon|spa|2\n|turn|35\n|\n|t:|1699971053\n|move|p2a: Sneasler|Close Combat|p1a: Empoleon\n|-supereffective|p1a: Empoleon\n|-damage|p1a: Empoleon|0 fnt\n|-unboost|p2a: Sneasler|def|1\n|-unboost|p2a: Sneasler|spd|1\n|faint|p1a: Empoleon\n|\n|upkeep\n|\n|t:|1699971056\n|switch|p1a: Flygon|Flygon, F|100\/100\n|turn|36\n|\n|t:|1699971061\n|move|p1a: Flygon|Outrage|p2a: Sneasler\n|-damage|p2a: Sneasler|0 fnt\n|faint|p2a: Sneasler\n|\n|win|SirioDStar\n|raw|SirioDStar's rating: 1415 &rarr; <strong>1438<\/strong><br \/>(+23 for winning)\n|raw|clorboycoctopus's rating: 1464 &rarr; <strong>1441<\/strong><br \/>(-23 for losing)\n|l|\u2606clorboycoctopus\n","uploadtime":1699971080,"views":6,"p1id":"siriodstar","p2id":"clorboycoctopus","formatid":"gen9nationaldex","rating":1438,"private":0,"password":""}