{"id":"gen9nationaldex-1998283681","p1":"qisama","p2":"afnkm","format":"[Gen 9] National Dex","log":"|html|<div class=\"broadcast-blue\"><strong>[Gen 9] National Dex is currently suspecting Sneasler! For information on how to participate check out the <a href=\"https:\/\/www.smogon.com\/forums\/threads\/sv-national-dex-suspect-8-just-dance.3731534\/\">suspect thread<\/a>.<\/strong><\/div>\n|j|\u2606qisama\n|j|\u203dafnkm\n|t:|1700924485\n|gametype|singles\n|player|p1|qisama|winona|1715\n|player|p2|afnkm|red|1853\n|teamsize|p1|6\n|teamsize|p2|6\n|gen|9\n|tier|[Gen 9] National Dex\n|rated|\n|rule|HP Percentage Mod: HP is shown in percentages\n|rule|Endless Battle Clause: Forcing endless battles is banned\n|rule|OHKO Clause: OHKO moves are banned\n|rule|Evasion Clause: Evasion abilities, items, and moves are banned\n|rule|Evasion Abilities Clause: Evasion abilities are banned\n|rule|Evasion Items Clause: Evasion items are banned\n|rule|Evasion Moves Clause: Evasion moves are banned\n|rule|Species Clause: Limit one of each Pok\u00e9mon\n|rule|Sleep Clause Mod: Limit one foe put to sleep\n|clearpoke\n|poke|p1|Gliscor, M|\n|poke|p1|Alomomola, M|\n|poke|p1|Garganacl, F|\n|poke|p1|Aegislash, F|\n|poke|p1|Scizor, M|\n|poke|p1|Skeledirge, M|\n|poke|p2|Charizard, M|\n|poke|p2|Great Tusk|\n|poke|p2|Garganacl, M|\n|poke|p2|Hatterene, F|\n|poke|p2|Rillaboom, M|\n|poke|p2|Sneasler, M|\n|teampreview\n|inactive|Battle timer is ON: inactive players will automatically lose when time's up. (requested by afnkm)\n|j| Aiaiaiyayayio\n|j| one eye ding zhen\n|l| one eye ding zhen\n|\n|t:|1700924512\n|start\n|switch|p1a: Alomomola|Alomomola, M|100\/100\n|switch|p2a: Garganacl|Garganacl, M|100\/100\n|turn|1\n|\n|t:|1700924515\n|move|p1a: Alomomola|Flip Turn|p2a: Garganacl\n|-supereffective|p2a: Garganacl\n|-damage|p2a: Garganacl|84\/100\n|\n|t:|1700924518\n|switch|p1a: Garganacl|Garganacl, F|100\/100|[from] Flip Turn\n|move|p2a: Garganacl|Stealth Rock|p1a: Garganacl\n|-sidestart|p1: qisama|move: Stealth Rock\n|\n|-heal|p2a: Garganacl|90\/100|[from] item: Leftovers\n|upkeep\n|turn|2\n|\n|t:|1700924523\n|switch|p2a: Hatterene|Hatterene, F|100\/100\n|move|p1a: Garganacl|Salt Cure|p2a: Hatterene\n|-damage|p2a: Hatterene|84\/100\n|-start|p2a: Hatterene|Salt Cure\n|\n|-heal|p2a: Hatterene|89\/100|[from] item: Leftovers\n|-damage|p2a: Hatterene|77\/100|[from] Salt Cure\n|upkeep\n|turn|3\n|\n|t:|1700924527\n|switch|p1a: Skeledirge|Skeledirge, M|100\/100\n|switch|p2a: Great Tusk|Great Tusk|100\/100\n|\n|upkeep\n|turn|4\n|\n|t:|1700924539\n|move|p2a: Great Tusk|Headlong Rush|p1a: Skeledirge\n|-supereffective|p1a: Skeledirge\n|-damage|p1a: Skeledirge|0 fnt\n|-unboost|p2a: Great Tusk|def|1\n|-unboost|p2a: Great Tusk|spd|1\n|faint|p1a: Skeledirge\n|-damage|p2a: Great Tusk|91\/100|[from] item: Life Orb\n|\n|upkeep\n|\n|t:|1700924547\n|switch|p1a: Scizor|Scizor, M|100\/100\n|-damage|p1a: Scizor|88\/100|[from] Stealth Rock\n|turn|5\n|\n|t:|1700924551\n|-end|p2a: Great Tusk|Protosynthesis|[silent]\n|switch|p2a: Charizard|Charizard, M|100\/100\n|detailschange|p1a: Scizor|Scizor-Mega, M\n|-mega|p1a: Scizor|Scizor|Scizorite\n|move|p1a: Scizor|Bullet Punch|p2a: Charizard\n|-resisted|p2a: Charizard\n|-damage|p2a: Charizard|80\/100\n|\n|upkeep\n|turn|6\n|\n|t:|1700924556\n|switch|p1a: Garganacl|Garganacl, F|100\/100\n|detailschange|p2a: Charizard|Charizard-Mega-Y, M\n|-mega|p2a: Charizard|Charizard|Charizardite Y\n|-weather|SunnyDay|[from] ability: Drought|[of] p2a: Charizard\n|move|p2a: Charizard|Weather Ball|p1a: Garganacl\n|-resisted|p1a: Garganacl\n|-damage|p1a: Garganacl|67\/100\n|\n|-weather|SunnyDay|[upkeep]\n|upkeep\n|turn|7\n|\n|t:|1700924572\n|switch|p2a: Hatterene|Hatterene, F|77\/100\n|move|p1a: Garganacl|Salt Cure|p2a: Hatterene\n|-damage|p2a: Hatterene|62\/100\n|-start|p2a: Hatterene|Salt Cure\n|\n|-weather|SunnyDay|[upkeep]\n|-heal|p2a: Hatterene|68\/100|[from] item: Leftovers\n|-damage|p2a: Hatterene|56\/100|[from] Salt Cure\n|upkeep\n|turn|8\n|\n|t:|1700924576\n|switch|p2a: Great Tusk|Great Tusk|91\/100\n|-activate|p2a: Great Tusk|ability: Protosynthesis\n|-start|p2a: Great Tusk|protosynthesisatk\n|move|p1a: Garganacl|Recover|p1a: Garganacl\n|-heal|p1a: Garganacl|100\/100\n|\n|-weather|SunnyDay|[upkeep]\n|upkeep\n|turn|9\n|\n|t:|1700924588\n|switch|p1a: Alomomola|Alomomola, M|100\/100\n|move|p2a: Great Tusk|Headlong Rush|p1a: Alomomola\n|-damage|p1a: Alomomola|39\/100\n|-unboost|p2a: Great Tusk|def|1\n|-unboost|p2a: Great Tusk|spd|1\n|-damage|p2a: Great Tusk|81\/100|[from] item: Life Orb\n|\n|-weather|SunnyDay|[upkeep]\n|upkeep\n|turn|10\n|\n|t:|1700924595\n|move|p1a: Alomomola|Protect|p1a: Alomomola\n|-singleturn|p1a: Alomomola|Protect\n|move|p2a: Great Tusk|Headlong Rush|p1a: Alomomola\n|-activate|p1a: Alomomola|move: Protect\n|\n|-weather|none\n|-end|p2a: Great Tusk|Protosynthesis\n|upkeep\n|turn|11\n|\n|t:|1700924599\n|switch|p1a: Gliscor|Gliscor, M|100\/100\n|-damage|p1a: Gliscor|88\/100|[from] Stealth Rock\n|move|p2a: Great Tusk|Headlong Rush|p1a: Gliscor\n|-immune|p1a: Gliscor\n|\n|-status|p1a: Gliscor|tox|[from] item: Toxic Orb\n|upkeep\n|turn|12\n|\n|t:|1700924606\n|move|p1a: Gliscor|Protect|p1a: Gliscor\n|-singleturn|p1a: Gliscor|Protect\n|move|p2a: Great Tusk|Ice Spinner|p1a: Gliscor\n|-activate|p1a: Gliscor|move: Protect\n|\n|-heal|p1a: Gliscor|100\/100 tox|[from] ability: Poison Heal\n|upkeep\n|turn|13\n|\n|t:|1700924613\n|switch|p1a: Scizor|Scizor-Mega, M|88\/100\n|-damage|p1a: Scizor|75\/100|[from] Stealth Rock\n|move|p2a: Great Tusk|Headlong Rush|p1a: Scizor\n|-damage|p1a: Scizor|19\/100\n|-unboost|p2a: Great Tusk|def|1\n|-unboost|p2a: Great Tusk|spd|1\n|-damage|p2a: Great Tusk|71\/100|[from] item: Life Orb\n|\n|upkeep\n|turn|14\n|\n|t:|1700924619\n|-end|p2a: Great Tusk|Protosynthesis|[silent]\n|switch|p2a: Charizard|Charizard-Mega-Y, M|80\/100\n|-weather|SunnyDay|[from] ability: Drought|[of] p2a: Charizard\n|move|p1a: Scizor|Roost|p1a: Scizor\n|-heal|p1a: Scizor|69\/100\n|-singleturn|p1a: Scizor|move: Roost\n|\n|-weather|SunnyDay|[upkeep]\n|upkeep\n|turn|15\n|\n|t:|1700924622\n|switch|p1a: Garganacl|Garganacl, F|100\/100\n|move|p2a: Charizard|Weather Ball|p1a: Garganacl\n|-resisted|p1a: Garganacl\n|-damage|p1a: Garganacl|67\/100\n|\n|-weather|SunnyDay|[upkeep]\n|upkeep\n|turn|16\n|\n|t:|1700924628\n|switch|p2a: Rillaboom|Rillaboom, M|100\/100\n|-fieldstart|move: Grassy Terrain|[from] ability: Grassy Surge|[of] p2a: Rillaboom\n|move|p1a: Garganacl|Salt Cure|p2a: Rillaboom\n|-damage|p2a: Rillaboom|88\/100\n|-start|p2a: Rillaboom|Salt Cure\n|\n|-weather|SunnyDay|[upkeep]\n|-heal|p2a: Rillaboom|94\/100|[from] Grassy Terrain\n|-heal|p1a: Garganacl|73\/100|[from] Grassy Terrain\n|-damage|p2a: Rillaboom|82\/100|[from] Salt Cure\n|upkeep\n|turn|17\n|\n|t:|1700924638\n|switch|p1a: Aegislash|Aegislash, F|100\/100\n|-damage|p1a: Aegislash|94\/100|[from] Stealth Rock\n|move|p2a: Rillaboom|U-turn|p1a: Aegislash\n|-resisted|p1a: Aegislash\n|-damage|p1a: Aegislash|87\/100\n|\n|t:|1700924643\n|switch|p2a: Charizard|Charizard-Mega-Y, M|80\/100|[from] U-turn\n|\n|-weather|SunnyDay|[upkeep]\n|-heal|p1a: Aegislash|93\/100|[from] Grassy Terrain\n|-heal|p1a: Aegislash|99\/100|[from] item: Leftovers\n|upkeep\n|turn|18\n|\n|t:|1700924651\n|move|p1a: Aegislash|King's Shield|p1a: Aegislash\n|-singleturn|p1a: Aegislash|Protect\n|move|p2a: Charizard|Roost|p2a: Charizard\n|-heal|p2a: Charizard|100\/100\n|-singleturn|p2a: Charizard|move: Roost\n|\n|-weather|none\n|-heal|p1a: Aegislash|100\/100|[from] Grassy Terrain\n|upkeep\n|turn|19\n|\n|t:|1700924656\n|move|p2a: Charizard|Scorching Sands|p1a: Aegislash\n|-supereffective|p1a: Aegislash\n|-damage|p1a: Aegislash|52\/100\n|-status|p1a: Aegislash|brn\n|move|p1a: Aegislash|Substitute|p1a: Aegislash\n|-start|p1a: Aegislash|Substitute\n|-damage|p1a: Aegislash|27\/100 brn\n|\n|-heal|p1a: Aegislash|34\/100 brn|[from] Grassy Terrain\n|-heal|p1a: Aegislash|40\/100 brn|[from] item: Leftovers\n|-damage|p1a: Aegislash|34\/100 brn|[from] brn\n|upkeep\n|turn|20\n|\n|t:|1700924660\n|move|p2a: Charizard|Scorching Sands|p1a: Aegislash\n|-supereffective|p1a: Aegislash\n|-end|p1a: Aegislash|Substitute\n|-formechange|p1a: Aegislash|Aegislash-Blade||[from] ability: Stance Change\n|move|p1a: Aegislash|Shadow Ball|p2a: Charizard\n|-damage|p2a: Charizard|57\/100\n|\n|-heal|p1a: Aegislash|40\/100 brn|[from] Grassy Terrain\n|-heal|p1a: Aegislash|46\/100 brn|[from] item: Leftovers\n|-damage|p1a: Aegislash|40\/100 brn|[from] brn\n|-fieldend|move: Grassy Terrain\n|upkeep\n|turn|21\n|\n|t:|1700924664\n|switch|p1a: Garganacl|Garganacl, F|73\/100\n|move|p2a: Charizard|Roost|p2a: Charizard\n|-heal|p2a: Charizard|100\/100\n|-singleturn|p2a: Charizard|move: Roost\n|\n|upkeep\n|turn|22\n|\n|t:|1700924670\n|switch|p2a: Great Tusk|Great Tusk|71\/100\n|move|p1a: Garganacl|Stealth Rock|p2a: Great Tusk\n|-sidestart|p2: afnkm|move: Stealth Rock\n|\n|upkeep\n|turn|23\n|\n|t:|1700924676\n|switch|p1a: Gliscor|Gliscor, M|100\/100 tox\n|-damage|p1a: Gliscor|88\/100 tox|[from] Stealth Rock\n|move|p2a: Great Tusk|Headlong Rush|p1a: Gliscor\n|-immune|p1a: Gliscor\n|\n|-heal|p1a: Gliscor|100\/100 tox|[from] ability: Poison Heal\n|upkeep\n|turn|24\n|\n|t:|1700924691\n|switch|p1a: Alomomola|Alomomola, M|72\/100\n|move|p2a: Great Tusk|Rapid Spin|p1a: Alomomola\n|-damage|p1a: Alomomola|61\/100\n|-boost|p2a: Great Tusk|spe|1\n|-sideend|p2: afnkm|Stealth Rock|[from] move: Rapid Spin|[of] p2a: Great Tusk\n|-damage|p2a: Great Tusk|61\/100|[from] item: Life Orb\n|\n|upkeep\n|turn|25\n|j| one eye ding zhen\n|\n|t:|1700924696\n|-terastallize|p2a: Great Tusk|Ground\n|move|p2a: Great Tusk|Headlong Rush|p1a: Alomomola\n|-damage|p1a: Alomomola|6\/100\n|-unboost|p2a: Great Tusk|def|1\n|-unboost|p2a: Great Tusk|spd|1\n|-damage|p2a: Great Tusk|51\/100|[from] item: Life Orb\n|move|p1a: Alomomola|Toxic|p2a: Great Tusk\n|-status|p2a: Great Tusk|tox\n|\n|-damage|p2a: Great Tusk|44\/100 tox|[from] psn\n|upkeep\n|turn|26\n|\n|t:|1700924704\n|move|p1a: Alomomola|Protect|p1a: Alomomola\n|-singleturn|p1a: Alomomola|Protect\n|move|p2a: Great Tusk|Headlong Rush|p1a: Alomomola\n|-activate|p1a: Alomomola|move: Protect\n|\n|-damage|p2a: Great Tusk|32\/100 tox|[from] psn\n|upkeep\n|turn|27\n|\n|t:|1700924708\n|switch|p1a: Gliscor|Gliscor, M|100\/100 tox\n|-damage|p1a: Gliscor|88\/100 tox|[from] Stealth Rock\n|move|p2a: Great Tusk|Ice Spinner|p1a: Gliscor\n|-supereffective|p1a: Gliscor\n|-damage|p1a: Gliscor|0 fnt\n|faint|p1a: Gliscor\n|-damage|p2a: Great Tusk|22\/100 tox|[from] item: Life Orb\n|\n|-damage|p2a: Great Tusk|3\/100 tox|[from] psn\n|upkeep\n|\n|t:|1700924715\n|switch|p1a: Scizor|Scizor-Mega, M|69\/100\n|-damage|p1a: Scizor|56\/100|[from] Stealth Rock\n|turn|28\n|\n|t:|1700924719\n|-end|p2a: Great Tusk|Protosynthesis|[silent]\n|switch|p2a: Charizard|Charizard-Mega-Y, M|100\/100\n|-weather|SunnyDay|[from] ability: Drought|[of] p2a: Charizard\n|move|p1a: Scizor|U-turn|p2a: Charizard\n|-resisted|p2a: Charizard\n|-damage|p2a: Charizard|90\/100\n|\n|t:|1700924721\n|switch|p1a: Garganacl|Garganacl, F|73\/100|[from] U-turn\n|\n|-weather|SunnyDay|[upkeep]\n|upkeep\n|turn|29\n|\n|t:|1700924730\n|switch|p2a: Rillaboom|Rillaboom, M|82\/100\n|-fieldstart|move: Grassy Terrain|[from] ability: Grassy Surge|[of] p2a: Rillaboom\n|move|p1a: Garganacl|Salt Cure|p2a: Rillaboom\n|-damage|p2a: Rillaboom|68\/100\n|-start|p2a: Rillaboom|Salt Cure\n|\n|-weather|SunnyDay|[upkeep]\n|-heal|p2a: Rillaboom|74\/100|[from] Grassy Terrain\n|-heal|p1a: Garganacl|79\/100|[from] Grassy Terrain\n|-damage|p2a: Rillaboom|62\/100|[from] Salt Cure\n|upkeep\n|turn|30\n|\n|t:|1700924736\n|move|p2a: Rillaboom|Knock Off|p1a: Garganacl\n|-damage|p1a: Garganacl|44\/100\n|-enditem|p1a: Garganacl|Heavy-Duty Boots|[from] move: Knock Off|[of] p2a: Rillaboom\n|move|p1a: Garganacl|Stealth Rock|p2a: Rillaboom\n|-sidestart|p2: afnkm|move: Stealth Rock\n|\n|-weather|SunnyDay|[upkeep]\n|-heal|p2a: Rillaboom|68\/100|[from] Grassy Terrain\n|-heal|p1a: Garganacl|50\/100|[from] Grassy Terrain\n|-damage|p2a: Rillaboom|55\/100|[from] Salt Cure\n|upkeep\n|turn|31\n|\n|t:|1700924745\n|switch|p2a: Great Tusk|Great Tusk, tera:Ground|3\/100 tox\n|-damage|p2a: Great Tusk|0 fnt|[from] Stealth Rock\n|faint|p2a: Great Tusk\n|-end|p2a: Great Tusk|Protosynthesis|[silent]\n|move|p1a: Garganacl|Recover|p1a: Garganacl\n|-heal|p1a: Garganacl|99\/100\n|\n|-weather|SunnyDay|[upkeep]\n|-heal|p1a: Garganacl|100\/100|[from] Grassy Terrain\n|upkeep\n|\n|t:|1700924748\n|switch|p2a: Sneasler|Sneasler, M|100\/100\n|-damage|p2a: Sneasler|95\/100|[from] Stealth Rock\n|-enditem|p2a: Sneasler|Grassy Seed\n|-boost|p2a: Sneasler|def|1|[from] item: Grassy Seed\n|turn|32\n|\n|t:|1700924759\n|move|p2a: Sneasler|Swords Dance|p2a: Sneasler\n|-boost|p2a: Sneasler|atk|2\n|move|p1a: Garganacl|Iron Defense|p1a: Garganacl\n|-boost|p1a: Garganacl|def|2\n|\n|-weather|none\n|-heal|p2a: Sneasler|100\/100|[from] Grassy Terrain\n|upkeep\n|turn|33\n|\n|t:|1700924767\n|-terastallize|p1a: Garganacl|Ghost\n|move|p2a: Sneasler|Swords Dance|p2a: Sneasler\n|-boost|p2a: Sneasler|atk|2\n|move|p1a: Garganacl|Salt Cure|p2a: Sneasler\n|-resisted|p2a: Sneasler\n|-damage|p2a: Sneasler|93\/100\n|-start|p2a: Sneasler|Salt Cure\n|\n|-heal|p2a: Sneasler|99\/100|[from] Grassy Terrain\n|-damage|p2a: Sneasler|86\/100|[from] Salt Cure\n|-fieldend|move: Grassy Terrain\n|upkeep\n|turn|34\n|\n|t:|1700924775\n|switch|p2a: Hatterene|Hatterene, F|56\/100\n|-damage|p2a: Hatterene|44\/100|[from] Stealth Rock\n|move|p1a: Garganacl|Iron Defense|p1a: Garganacl\n|-boost|p1a: Garganacl|def|2\n|\n|-heal|p2a: Hatterene|50\/100|[from] item: Leftovers\n|upkeep\n|turn|35\n|\n|t:|1700924778\n|move|p1a: Garganacl|Salt Cure|p2a: Hatterene\n|-damage|p2a: Hatterene|33\/100\n|-start|p2a: Hatterene|Salt Cure\n|move|p2a: Hatterene|Calm Mind|p2a: Hatterene\n|-boost|p2a: Hatterene|spa|1\n|-boost|p2a: Hatterene|spd|1\n|\n|-heal|p2a: Hatterene|39\/100|[from] item: Leftovers\n|-damage|p2a: Hatterene|26\/100|[from] Salt Cure\n|upkeep\n|turn|36\n|\n|t:|1700924791\n|switch|p1a: Aegislash|Aegislash, F|40\/100 brn\n|-damage|p1a: Aegislash|34\/100 brn|[from] Stealth Rock\n|move|p2a: Hatterene|Draining Kiss|p1a: Aegislash\n|-resisted|p1a: Aegislash\n|-damage|p1a: Aegislash|21\/100 brn\n|-heal|p2a: Hatterene|36\/100|[from] drain|[of] p1a: Aegislash\n|\n|-heal|p1a: Aegislash|27\/100 brn|[from] item: Leftovers\n|-heal|p2a: Hatterene|42\/100|[from] item: Leftovers\n|-damage|p1a: Aegislash|21\/100 brn|[from] brn\n|-damage|p2a: Hatterene|30\/100|[from] Salt Cure\n|upkeep\n|turn|37\n|\n|t:|1700924802\n|switch|p2a: Garganacl|Garganacl, M|90\/100\n|-damage|p2a: Garganacl|78\/100|[from] Stealth Rock\n|-formechange|p1a: Aegislash|Aegislash-Blade||[from] ability: Stance Change\n|move|p1a: Aegislash|Shadow Ball|p2a: Garganacl\n|-damage|p2a: Garganacl|57\/100\n|\n|-heal|p1a: Aegislash|27\/100 brn|[from] item: Leftovers\n|-heal|p2a: Garganacl|63\/100|[from] item: Leftovers\n|-damage|p1a: Aegislash|21\/100 brn|[from] brn\n|upkeep\n|turn|38\n|\n|t:|1700924806\n|move|p1a: Aegislash|Flash Cannon|p2a: Garganacl\n|-supereffective|p2a: Garganacl\n|-damage|p2a: Garganacl|0 fnt\n|faint|p2a: Garganacl\n|\n|-heal|p1a: Aegislash|27\/100 brn|[from] item: Leftovers\n|-damage|p1a: Aegislash|21\/100 brn|[from] brn\n|upkeep\n|\n|t:|1700924815\n|switch|p2a: Charizard|Charizard-Mega-Y, M|90\/100\n|-damage|p2a: Charizard|40\/100|[from] Stealth Rock\n|-weather|SunnyDay|[from] ability: Drought|[of] p2a: Charizard\n|turn|39\n|\n|t:|1700924818\n|-formechange|p1a: Aegislash|Aegislash||[from] ability: Stance Change\n|move|p1a: Aegislash|King's Shield|p1a: Aegislash\n|-singleturn|p1a: Aegislash|Protect\n|move|p2a: Charizard|Roost|p2a: Charizard\n|-heal|p2a: Charizard|90\/100\n|-singleturn|p2a: Charizard|move: Roost\n|\n|-weather|SunnyDay|[upkeep]\n|-heal|p1a: Aegislash|27\/100 brn|[from] item: Leftovers\n|-damage|p1a: Aegislash|21\/100 brn|[from] brn\n|upkeep\n|turn|40\n|\n|t:|1700924830\n|switch|p1a: Alomomola|Alomomola, M|39\/100\n|move|p2a: Charizard|Weather Ball|p1a: Alomomola\n|-resisted|p1a: Alomomola\n|-damage|p1a: Alomomola|0 fnt\n|faint|p1a: Alomomola\n|\n|-weather|SunnyDay|[upkeep]\n|upkeep\n|\n|t:|1700924831\n|switch|p1a: Garganacl|Garganacl, F, tera:Ghost|100\/100\n|-damage|p1a: Garganacl|88\/100|[from] Stealth Rock\n|turn|41\n|\n|t:|1700924835\n|move|p2a: Charizard|Weather Ball|p1a: Garganacl\n|-damage|p1a: Garganacl|12\/100\n|move|p1a: Garganacl|Salt Cure|p2a: Charizard\n|-supereffective|p2a: Charizard\n|-damage|p2a: Charizard|14\/100\n|-start|p2a: Charizard|Salt Cure\n|\n|-weather|SunnyDay|[upkeep]\n|-damage|p2a: Charizard|2\/100|[from] Salt Cure\n|upkeep\n|turn|42\n|inactive|qisama has 120 seconds left.\n|\n|t:|1700924866\n|move|p2a: Charizard|Roost|p2a: Charizard\n|-heal|p2a: Charizard|52\/100\n|-singleturn|p2a: Charizard|move: Roost\n|move|p1a: Garganacl|Recover|p1a: Garganacl\n|-heal|p1a: Garganacl|62\/100\n|\n|-weather|SunnyDay|[upkeep]\n|-damage|p2a: Charizard|40\/100|[from] Salt Cure\n|upkeep\n|turn|43\n|inactive|qisama has 120 seconds left.\n|\n|t:|1700924889\n|switch|p1a: Aegislash|Aegislash, F|21\/100 brn\n|-damage|p1a: Aegislash|14\/100 brn|[from] Stealth Rock\n|move|p2a: Charizard|Weather Ball|p1a: Aegislash\n|-supereffective|p1a: Aegislash\n|-damage|p1a: Aegislash|0 fnt\n|faint|p1a: Aegislash\n|\n|-weather|none\n|-damage|p2a: Charizard|27\/100|[from] Salt Cure\n|upkeep\n|\n|t:|1700924896\n|switch|p1a: Scizor|Scizor-Mega, M|56\/100\n|-damage|p1a: Scizor|44\/100|[from] Stealth Rock\n|turn|44\n|\n|t:|1700924899\n|move|p2a: Charizard|Air Slash|p1a: Scizor\n|-damage|p1a: Scizor|6\/100\n|move|p1a: Scizor|Roost|p1a: Scizor\n|-heal|p1a: Scizor|56\/100\n|-singleturn|p1a: Scizor|move: Roost\n|\n|-damage|p2a: Charizard|15\/100|[from] Salt Cure\n|upkeep\n|turn|45\n|\n|t:|1700924902\n|move|p2a: Charizard|Air Slash|p1a: Scizor\n|-damage|p1a: Scizor|16\/100\n|cant|p1a: Scizor|flinch\n|\n|-damage|p2a: Charizard|3\/100|[from] Salt Cure\n|upkeep\n|turn|46\n|\n|t:|1700924906\n|move|p1a: Scizor|Bullet Punch|p2a: Charizard\n|-resisted|p2a: Charizard\n|-damage|p2a: Charizard|0 fnt\n|faint|p2a: Charizard\n|\n|upkeep\n|\n|t:|1700924909\n|switch|p2a: Sneasler|Sneasler, M|86\/100\n|-damage|p2a: Sneasler|80\/100|[from] Stealth Rock\n|turn|47\n|\n|t:|1700924920\n|move|p1a: Scizor|Bullet Punch|p2a: Sneasler\n|-damage|p2a: Sneasler|29\/100\n|move|p2a: Sneasler|Acrobatics|p1a: Scizor\n|-damage|p1a: Scizor|0 fnt\n|faint|p1a: Scizor\n|\n|upkeep\n|\n|t:|1700924922\n|switch|p1a: Garganacl|Garganacl, F, tera:Ghost|62\/100\n|-damage|p1a: Garganacl|50\/100|[from] Stealth Rock\n|turn|48\n|\n|t:|1700924928\n|move|p2a: Sneasler|Swords Dance|p2a: Sneasler\n|-boost|p2a: Sneasler|atk|2\n|move|p1a: Garganacl|Recover|p1a: Garganacl\n|-heal|p1a: Garganacl|99\/100\n|\n|upkeep\n|turn|49\n|\n|t:|1700924931\n|move|p2a: Sneasler|Acrobatics|p1a: Garganacl\n|-damage|p1a: Garganacl|49\/100\n|move|p1a: Garganacl|Iron Defense|p1a: Garganacl\n|-boost|p1a: Garganacl|def|2\n|\n|upkeep\n|turn|50\n|\n|t:|1700924940\n|move|p2a: Sneasler|Swords Dance|p2a: Sneasler\n|-boost|p2a: Sneasler|atk|2\n|move|p1a: Garganacl|Recover|p1a: Garganacl\n|-heal|p1a: Garganacl|99\/100\n|\n|upkeep\n|turn|51\n|\n|t:|1700924946\n|move|p2a: Sneasler|Acrobatics|p1a: Garganacl\n|-damage|p1a: Garganacl|61\/100\n|move|p1a: Garganacl|Iron Defense|p1a: Garganacl\n|-boost|p1a: Garganacl|def|2\n|\n|upkeep\n|turn|52\n|\n|t:|1700924951\n|move|p2a: Sneasler|Acrobatics|p1a: Garganacl\n|-damage|p1a: Garganacl|38\/100\n|move|p1a: Garganacl|Iron Defense|p1a: Garganacl\n|-boost|p1a: Garganacl|def|2\n|\n|upkeep\n|turn|53\n|\n|t:|1700924957\n|move|p2a: Sneasler|Swords Dance|p2a: Sneasler\n|-boost|p2a: Sneasler|atk|2\n|move|p1a: Garganacl|Recover|p1a: Garganacl\n|-heal|p1a: Garganacl|88\/100\n|\n|upkeep\n|turn|54\n|\n|t:|1700924960\n|move|p2a: Sneasler|Acrobatics|p1a: Garganacl\n|-damage|p1a: Garganacl|63\/100\n|move|p1a: Garganacl|Salt Cure|p2a: Sneasler\n|-resisted|p2a: Sneasler\n|-damage|p2a: Sneasler|17\/100\n|-start|p2a: Sneasler|Salt Cure\n|\n|-damage|p2a: Sneasler|4\/100|[from] Salt Cure\n|upkeep\n|turn|55\n|\n|t:|1700924965\n|move|p2a: Sneasler|Acrobatics|p1a: Garganacl\n|-damage|p1a: Garganacl|39\/100\n|move|p1a: Garganacl|Recover|p1a: Garganacl\n|-heal|p1a: Garganacl|89\/100\n|\n|-damage|p2a: Sneasler|0 fnt|[from] Salt Cure\n|faint|p2a: Sneasler\n|upkeep\n|\n|t:|1700924968\n|switch|p2a: Hatterene|Hatterene, F|30\/100\n|-damage|p2a: Hatterene|18\/100|[from] Stealth Rock\n|turn|56\n|\n|t:|1700924971\n|move|p1a: Garganacl|Salt Cure|p2a: Hatterene\n|-damage|p2a: Hatterene|2\/100\n|-start|p2a: Hatterene|Salt Cure\n|move|p2a: Hatterene|Draining Kiss|p1a: Garganacl\n|-damage|p1a: Garganacl|74\/100\n|-heal|p2a: Hatterene|16\/100|[from] drain|[of] p1a: Garganacl\n|\n|-heal|p2a: Hatterene|22\/100|[from] item: Leftovers\n|-damage|p2a: Hatterene|9\/100|[from] Salt Cure\n|upkeep\n|turn|57\n|\n|t:|1700924977\n|move|p1a: Garganacl|Salt Cure|p2a: Hatterene\n|-damage|p2a: Hatterene|0 fnt\n|faint|p2a: Hatterene\n|\n|upkeep\n|-message|afnkm forfeited.\n|\n|win|qisama\n|raw|qisama's rating: 1715 &rarr; <strong>1743<\/strong><br \/>(+28 for winning)\n|raw|afnkm's rating: 1853 &rarr; <strong>1825<\/strong><br \/>(-28 for losing)\n|l|\u203dafnkm\n|c|\u2606qisama|gg\n","uploadtime":1700924984,"views":1,"p1id":"qisama","p2id":"afnkm","formatid":"gen9nationaldex","rating":1743,"private":0,"password":""}