{"id":"gen9nationaldex-1995527005","p1":"zhangsangua","p2":"epicturt","format":"[Gen 9] National Dex","log":"|html|<div class=\"broadcast-blue\"><strong>[Gen 9] National Dex is currently suspecting Sneasler! For information on how to participate check out the <a href=\"https:\/\/www.smogon.com\/forums\/threads\/sv-national-dex-suspect-8-just-dance.3731534\/\">suspect thread<\/a>.<\/strong><\/div>\n|j|\u2606zhangsangua\n|j|\u2606epicturt\n|t:|1700579966\n|gametype|singles\n|player|p1|zhangsangua|rocketgrunt|1345\n|player|p2|epicturt|cameraman|1239\n|teamsize|p1|6\n|teamsize|p2|6\n|gen|9\n|tier|[Gen 9] National Dex\n|rated|\n|rule|HP Percentage Mod: HP is shown in percentages\n|rule|Endless Battle Clause: Forcing endless battles is banned\n|rule|OHKO Clause: OHKO moves are banned\n|rule|Evasion Clause: Evasion abilities, items, and moves are banned\n|rule|Evasion Abilities Clause: Evasion abilities are banned\n|rule|Evasion Items Clause: Evasion items are banned\n|rule|Evasion Moves Clause: Evasion moves are banned\n|rule|Species Clause: Limit one of each Pok\u00e9mon\n|rule|Sleep Clause Mod: Limit one foe put to sleep\n|clearpoke\n|poke|p1|Victini|\n|poke|p1|Landorus-Therian, M|\n|poke|p1|Staraptor, M|\n|poke|p1|Glalie, F|\n|poke|p1|Gigalith, F|\n|poke|p1|Mew|\n|poke|p2|Cinccino, F|\n|poke|p2|Charizard, M|\n|poke|p2|Yanmega, M|\n|poke|p2|Incineroar, M|\n|poke|p2|Great Tusk|\n|poke|p2|Exeggutor, M|\n|teampreview\n|inactive|Battle timer is ON: inactive players will automatically lose when time's up. (requested by zhangsangua)\n|\n|t:|1700579979\n|start\n|switch|p1a: Staraptor|Staraptor, M|100\/100\n|switch|p2a: Cinccino|Cinccino, F|100\/100\n|turn|1\n|\n|t:|1700579990\n|move|p1a: Staraptor|Final Gambit|p2a: Cinccino\n|-damage|p2a: Cinccino|0 fnt\n|faint|p1a: Staraptor\n|faint|p2a: Cinccino\n|\n|upkeep\n|\n|t:|1700579997\n|switch|p2a: Incineroar|Incineroar, M|100\/100\n|switch|p1a: Victini|Victini|100\/100\n|-ability|p2a: Incineroar|Intimidate|boost\n|-unboost|p1a: Victini|atk|1\n|turn|2\n|\n|t:|1700580009\n|move|p1a: Victini|Final Gambit|p2a: Incineroar\n|-damage|p2a: Incineroar|0 fnt\n|faint|p1a: Victini\n|faint|p2a: Incineroar\n|\n|upkeep\n|\n|t:|1700580021\n|switch|p1a: Landorus|Landorus-Therian, M|100\/100\n|switch|p2a: Charizard|Charizard, M|100\/100\n|-ability|p1a: Landorus|Intimidate|boost\n|-unboost|p2a: Charizard|atk|1\n|turn|3\n|\n|t:|1700580027\n|switch|p2a: Great Tusk|Great Tusk|100\/100\n|move|p1a: Landorus|Explosion|p2a: Great Tusk\n|-damage|p2a: Great Tusk|18\/100\n|faint|p1a: Landorus\n|\n|upkeep\n|\n|t:|1700580030\n|switch|p1a: Glalie|Glalie, F|100\/100\n|turn|4\n|\n|t:|1700580038\n|detailschange|p1a: Glalie|Glalie-Mega, F\n|-mega|p1a: Glalie|Glalie|Glalitite\n|move|p1a: Glalie|Double-Edge|p2a: Great Tusk\n|-supereffective|p2a: Great Tusk\n|-damage|p2a: Great Tusk|0 fnt\n|faint|p2a: Great Tusk\n|-end|p2a: Great Tusk|Protosynthesis|[silent]\n|-damage|p1a: Glalie|93\/100|[from] Recoil\n|\n|upkeep\n|\n|t:|1700580049\n|switch|p2a: Yanmega|Yanmega, M, shiny|100\/100\n|turn|5\n|\n|t:|1700580055\n|move|p2a: Yanmega|Endure|p2a: Yanmega\n|-singleturn|p2a: Yanmega|move: Endure\n|move|p1a: Glalie|Double-Edge|p2a: Yanmega\n|-supereffective|p2a: Yanmega\n|-activate|p2a: Yanmega|move: Endure\n|-damage|p2a: Yanmega|1\/100\n|-enditem|p2a: Yanmega|Weakness Policy\n|-boost|p2a: Yanmega|atk|2|[from] item: Weakness Policy\n|-boost|p2a: Yanmega|spa|2|[from] item: Weakness Policy\n|-damage|p1a: Glalie|58\/100|[from] Recoil\n|\n|-ability|p2a: Yanmega|Speed Boost|boost\n|-boost|p2a: Yanmega|spe|1\n|upkeep\n|turn|6\n|c|\u2606zhangsangua|\uff1f\uff1f\uff1f\uff1f\n|c|\u2606zhangsangua|\uff1f\uff1f\uff1f\uff1f\uff1f\uff1f\uff1f\n|c|\u2606zhangsangua|\uff1f\uff1f\uff1f\uff1f\uff1f\uff1f\uff1f\uff1f\uff1f\uff1f\uff1f\uff1f\uff1f\n|c|\u2606epicturt|are you okay\n|inactive|epicturt has 120 seconds left.\n|\n|t:|1700580088\n|move|p1a: Glalie|Ice Shard|p2a: Yanmega\n|-supereffective|p2a: Yanmega\n|-damage|p2a: Yanmega|0 fnt\n|faint|p2a: Yanmega\n|\n|upkeep\n|inactive|epicturt has 120 seconds left.\n|\n|t:|1700580094\n|switch|p2a: Charizard|Charizard, M|100\/100\n|turn|7\n|\n|t:|1700580102\n|detailschange|p2a: Charizard|Charizard-Mega-Y, M\n|-mega|p2a: Charizard|Charizard|Charizardite Y\n|-weather|SunnyDay|[from] ability: Drought|[of] p2a: Charizard\n|move|p2a: Charizard|Weather Ball|p1a: Glalie\n|-supereffective|p1a: Glalie\n|-damage|p1a: Glalie|0 fnt\n|faint|p1a: Glalie\n|\n|-weather|SunnyDay|[upkeep]\n|upkeep\n|\n|t:|1700580107\n|switch|p1a: Gigalith|Gigalith, F|100\/100\n|-weather|Sandstorm|[from] ability: Sand Stream|[of] p1a: Gigalith\n|turn|8\n|\n|t:|1700580113\n|switch|p2a: Exeggutor|Exeggutor, M|100\/100\n|move|p1a: Gigalith|Rock Blast|p2a: Exeggutor\n|-damage|p2a: Exeggutor|86\/100\n|-damage|p2a: Exeggutor|71\/100\n|-damage|p2a: Exeggutor|57\/100\n|-damage|p2a: Exeggutor|42\/100\n|-enditem|p2a: Exeggutor|Sitrus Berry|[eat]\n|-heal|p2a: Exeggutor|67\/100|[from] item: Sitrus Berry\n|-hitcount|p2a: Exeggutor|4\n|\n|-weather|Sandstorm|[upkeep]\n|-damage|p2a: Exeggutor|61\/100|[from] Sandstorm\n|-item|p2a: Exeggutor|Sitrus Berry|[from] ability: Harvest\n|upkeep\n|turn|9\n|\n|t:|1700580129\n|move|p2a: Exeggutor|Substitute|p2a: Exeggutor\n|-start|p2a: Exeggutor|Substitute\n|-damage|p2a: Exeggutor|36\/100\n|-enditem|p2a: Exeggutor|Sitrus Berry|[eat]\n|-heal|p2a: Exeggutor|61\/100|[from] item: Sitrus Berry\n|move|p1a: Gigalith|Explosion|p2a: Exeggutor\n|-end|p2a: Exeggutor|Substitute\n|faint|p1a: Gigalith\n|\n|-weather|Sandstorm|[upkeep]\n|-damage|p2a: Exeggutor|55\/100|[from] Sandstorm\n|upkeep\n|\n|t:|1700580131\n|switch|p1a: Mew|Mew|100\/100\n|turn|10\n|\n|t:|1700580142\n|move|p1a: Mew|Calm Mind|p1a: Mew\n|-boost|p1a: Mew|spa|1\n|-boost|p1a: Mew|spd|1\n|move|p2a: Exeggutor|Giga Drain|p1a: Mew\n|-damage|p1a: Mew|70\/100\n|-heal|p2a: Exeggutor|69\/100|[from] drain|[of] p1a: Mew\n|\n|-weather|Sandstorm|[upkeep]\n|-damage|p1a: Mew|64\/100|[from] Sandstorm\n|-damage|p2a: Exeggutor|62\/100|[from] Sandstorm\n|-heal|p1a: Mew|70\/100|[from] item: Leftovers\n|upkeep\n|turn|11\n|\n|t:|1700580152\n|move|p1a: Mew|Calm Mind|p1a: Mew\n|-boost|p1a: Mew|spa|1\n|-boost|p1a: Mew|spd|1\n|move|p2a: Exeggutor|Substitute|p2a: Exeggutor\n|-start|p2a: Exeggutor|Substitute\n|-damage|p2a: Exeggutor|37\/100\n|\n|-weather|Sandstorm|[upkeep]\n|-damage|p1a: Mew|64\/100|[from] Sandstorm\n|-damage|p2a: Exeggutor|31\/100|[from] Sandstorm\n|-heal|p1a: Mew|70\/100|[from] item: Leftovers\n|upkeep\n|turn|12\n|\n|t:|1700580161\n|move|p1a: Mew|Calm Mind|p1a: Mew\n|-boost|p1a: Mew|spa|1\n|-boost|p1a: Mew|spd|1\n|move|p2a: Exeggutor|Calm Mind|p2a: Exeggutor\n|-boost|p2a: Exeggutor|spa|1\n|-boost|p2a: Exeggutor|spd|1\n|\n|-weather|none\n|-heal|p1a: Mew|76\/100|[from] item: Leftovers\n|-item|p2a: Exeggutor|Sitrus Berry|[from] ability: Harvest\n|upkeep\n|-enditem|p2a: Exeggutor|Sitrus Berry|[eat]\n|-heal|p2a: Exeggutor|56\/100|[from] item: Sitrus Berry\n|turn|13\n|\n|t:|1700580173\n|move|p1a: Mew|Stored Power|p2a: Exeggutor\n|-resisted|p2a: Exeggutor\n|-end|p2a: Exeggutor|Substitute\n|move|p2a: Exeggutor|Calm Mind|p2a: Exeggutor\n|-boost|p2a: Exeggutor|spa|1\n|-boost|p2a: Exeggutor|spd|1\n|\n|-heal|p1a: Mew|82\/100|[from] item: Leftovers\n|upkeep\n|turn|14\n|\n|t:|1700580180\n|move|p1a: Mew|Stored Power|p2a: Exeggutor\n|-resisted|p2a: Exeggutor\n|-crit|p2a: Exeggutor\n|-damage|p2a: Exeggutor|0 fnt\n|faint|p2a: Exeggutor\n|\n|-heal|p1a: Mew|88\/100|[from] item: Leftovers\n|upkeep\n|\n|t:|1700580187\n|switch|p2a: Charizard|Charizard-Mega-Y, M|100\/100\n|-weather|SunnyDay|[from] ability: Drought|[of] p2a: Charizard\n|turn|15\n|\n|t:|1700580191\n|move|p2a: Charizard|Weather Ball|p1a: Mew\n|-damage|p1a: Mew|50\/100\n|move|p1a: Mew|Stored Power|p2a: Charizard\n|-damage|p2a: Charizard|0 fnt\n|faint|p2a: Charizard\n|\n|win|zhangsangua\n|raw|zhangsangua's rating: 1345 &rarr; <strong>1359<\/strong><br \/>(+14 for winning)\n|raw|epicturt's rating: 1239 &rarr; <strong>1221<\/strong><br \/>(-18 for losing)\n|l|\u2606zhangsangua\n","uploadtime":1700580246,"views":2,"p1id":"zhangsangua","p2id":"epicturt","formatid":"gen9nationaldex","rating":1221,"private":0,"password":""}