{"id":"gen9nationaldex-1989289905","p1":"Build4mincraft","p2":"Kzgamer","format":"[Gen 9] National Dex","log":"|j|\u2606Build4mincraft\n|j|\u2606Kzgamer\n|t:|1699832436\n|gametype|singles\n|player|p1|Build4mincraft|dawn|\n|player|p2|Kzgamer|penny|\n|teamsize|p1|6\n|teamsize|p2|6\n|gen|9\n|tier|[Gen 9] National Dex\n|rule|HP Percentage Mod: HP is shown in percentages\n|rule|Endless Battle Clause: Forcing endless battles is banned\n|rule|OHKO Clause: OHKO moves are banned\n|rule|Evasion Clause: Evasion abilities, items, and moves are banned\n|rule|Evasion Abilities Clause: Evasion abilities are banned\n|rule|Evasion Items Clause: Evasion items are banned\n|rule|Evasion Moves Clause: Evasion moves are banned\n|rule|Species Clause: Limit one of each Pok\u00e9mon\n|rule|Sleep Clause Mod: Limit one foe put to sleep\n|clearpoke\n|poke|p1|Samurott-Hisui, M|\n|poke|p1|Galvantula, M|\n|poke|p1|Primarina, M|\n|poke|p1|Escavalier, M|\n|poke|p1|Rillaboom, M|\n|poke|p1|Audino, M|\n|poke|p2|Pelipper, M|\n|poke|p2|Weezing-Galar, M|\n|poke|p2|Flareon, M|\n|poke|p2|Swampert, M|\n|poke|p2|Keldeo-Resolute|\n|poke|p2|Tyrantrum, F|\n|teampreview\n|\n|t:|1699832439\n|start\n|switch|p1a: Primarina|Primarina, M|100\/100\n|switch|p2a: Doug Dimmadome|Weezing-Galar, M|100\/100\n|-ability|p2a: Doug Dimmadome|Neutralizing Gas\n|turn|1\n|\n|t:|1699832449\n|move|p1a: Primarina|Flip Turn|p2a: Doug Dimmadome\n|-damage|p2a: Doug Dimmadome|87\/100\n|\n|t:|1699832457\n|switch|p1a: Galvantula|Galvantula, M|100\/100|[from] Flip Turn\n|move|p2a: Doug Dimmadome|Toxic Spikes|p1a: Galvantula\n|-sidestart|p1: Build4mincraft|move: Toxic Spikes\n|\n|-heal|p2a: Doug Dimmadome|93\/100|[from] item: Black Sludge\n|upkeep\n|turn|2\n|\n|t:|1699832476\n|move|p1a: Galvantula|Giga Drain|p2a: Doug Dimmadome\n|-resisted|p2a: Doug Dimmadome\n|-damage|p2a: Doug Dimmadome|78\/100\n|move|p2a: Doug Dimmadome|Toxic Spikes|p1a: Galvantula\n|-sidestart|p1: Build4mincraft|move: Toxic Spikes\n|\n|-heal|p2a: Doug Dimmadome|84\/100|[from] item: Black Sludge\n|upkeep\n|turn|3\n|\n|t:|1699832485\n|move|p1a: Galvantula|Thunder|p2a: Doug Dimmadome\n|-damage|p2a: Doug Dimmadome|18\/100\n|-status|p2a: Doug Dimmadome|par\n|cant|p2a: Doug Dimmadome|par\n|\n|-heal|p2a: Doug Dimmadome|24\/100 par|[from] item: Black Sludge\n|upkeep\n|turn|4\n|\n|t:|1699832503\n|move|p1a: Galvantula|Thunder|p2a: Doug Dimmadome\n|-damage|p2a: Doug Dimmadome|0 fnt\n|faint|p2a: Doug Dimmadome\n|-end|p2a: Doug Dimmadome|ability: Neutralizing Gas\n|\n|upkeep\n|\n|t:|1699832513\n|switch|p2a: Fwoofy|Flareon, M|100\/100\n|turn|5\n|\n|t:|1699832524\n|switch|p1a: Samurott|Samurott-Hisui, M|100\/100\n|-status|p1a: Samurott|tox\n|move|p2a: Fwoofy|Quick Attack|p1a: Samurott\n|-damage|p1a: Samurott|81\/100 tox\n|\n|-damage|p1a: Samurott|75\/100 tox|[from] psn\n|-status|p2a: Fwoofy|tox|[from] item: Toxic Orb\n|upkeep\n|turn|6\n|\n|t:|1699832535\n|move|p1a: Samurott|Razor Shell|p2a: Fwoofy\n|-supereffective|p2a: Fwoofy\n|-damage|p2a: Fwoofy|0 fnt\n|faint|p2a: Fwoofy\n|\n|-damage|p1a: Samurott|62\/100 tox|[from] psn\n|upkeep\n|\n|t:|1699832538\n|switch|p2a: BIRD UP|Pelipper, M, shiny|100\/100\n|-weather|RainDance|[from] ability: Drizzle|[of] p2a: BIRD UP\n|turn|7\n|\n|t:|1699832546\n|move|p2a: BIRD UP|Protect|p2a: BIRD UP\n|-singleturn|p2a: BIRD UP|Protect\n|move|p1a: Samurott|Swords Dance|p1a: Samurott\n|-boost|p1a: Samurott|atk|2\n|\n|-weather|RainDance|[upkeep]\n|-damage|p1a: Samurott|44\/100 tox|[from] psn\n|upkeep\n|turn|8\n|\n|t:|1699832563\n|move|p1a: Samurott|Ceaseless Edge|p2a: BIRD UP\n|-damage|p2a: BIRD UP|37\/100\n|-sidestart|p2: Kzgamer|Spikes\n|move|p2a: BIRD UP|Roost|p2a: BIRD UP\n|-heal|p2a: BIRD UP|87\/100\n|-singleturn|p2a: BIRD UP|move: Roost\n|\n|-weather|RainDance|[upkeep]\n|-heal|p2a: BIRD UP|93\/100|[from] item: Leftovers\n|-damage|p1a: Samurott|19\/100 tox|[from] psn\n|upkeep\n|turn|9\n|\n|t:|1699832574\n|move|p2a: BIRD UP|Protect|p2a: BIRD UP\n|-singleturn|p2a: BIRD UP|Protect\n|move|p1a: Samurott|Ceaseless Edge|p2a: BIRD UP\n|-activate|p2a: BIRD UP|move: Protect\n|\n|-weather|RainDance|[upkeep]\n|-heal|p2a: BIRD UP|99\/100|[from] item: Leftovers\n|-damage|p1a: Samurott|0 fnt|[from] psn\n|faint|p1a: Samurott\n|upkeep\n|\n|t:|1699832584\n|switch|p1a: Rillaboom|Rillaboom, M|100\/100\n|-status|p1a: Rillaboom|tox\n|-fieldstart|move: Grassy Terrain|[from] ability: Grassy Surge|[of] p1a: Rillaboom\n|turn|10\n|\n|t:|1699832591\n|move|p1a: Rillaboom|Swords Dance|p1a: Rillaboom\n|-boost|p1a: Rillaboom|atk|2\n|move|p2a: BIRD UP|U-turn|p1a: Rillaboom\n|-supereffective|p1a: Rillaboom\n|-damage|p1a: Rillaboom|81\/100 tox\n|\n|t:|1699832596\n|switch|p2a: Swampert|Swampert, M|100\/100|[from] U-turn\n|-damage|p2a: Swampert|88\/100|[from] Spikes\n|\n|-weather|RainDance|[upkeep]\n|-heal|p1a: Rillaboom|87\/100 tox|[from] Grassy Terrain\n|-heal|p2a: Swampert|94\/100|[from] Grassy Terrain\n|-damage|p1a: Rillaboom|81\/100 tox|[from] psn\n|upkeep\n|turn|11\n|\n|t:|1699832607\n|detailschange|p2a: Swampert|Swampert-Mega, M\n|-mega|p2a: Swampert|Swampert|Swampertite\n|move|p1a: Rillaboom|Grassy Glide|p2a: Swampert\n|-supereffective|p2a: Swampert\n|-damage|p2a: Swampert|0 fnt\n|faint|p2a: Swampert\n|\n|-weather|none\n|-heal|p1a: Rillaboom|87\/100 tox|[from] Grassy Terrain\n|-damage|p1a: Rillaboom|75\/100 tox|[from] psn\n|upkeep\n|\n|t:|1699832618\n|switch|p2a: BIRD UP|Pelipper, M, shiny|99\/100\n|-weather|RainDance|[from] ability: Drizzle|[of] p2a: BIRD UP\n|turn|12\n|\n|t:|1699832623\n|move|p2a: BIRD UP|Protect|p2a: BIRD UP\n|-singleturn|p2a: BIRD UP|Protect\n|move|p1a: Rillaboom|Swords Dance|p1a: Rillaboom\n|-boost|p1a: Rillaboom|atk|2\n|\n|-weather|RainDance|[upkeep]\n|-heal|p1a: Rillaboom|81\/100 tox|[from] Grassy Terrain\n|-heal|p2a: BIRD UP|100\/100|[from] item: Leftovers\n|-damage|p1a: Rillaboom|63\/100 tox|[from] psn\n|upkeep\n|turn|13\n|\n|t:|1699832632\n|move|p1a: Rillaboom|Grassy Glide|p2a: BIRD UP\n|-damage|p2a: BIRD UP|13\/100\n|move|p2a: BIRD UP|Roost|p2a: BIRD UP\n|-heal|p2a: BIRD UP|63\/100\n|-singleturn|p2a: BIRD UP|move: Roost\n|\n|-weather|RainDance|[upkeep]\n|-heal|p1a: Rillaboom|69\/100 tox|[from] Grassy Terrain\n|-heal|p2a: BIRD UP|69\/100|[from] Grassy Terrain\n|-heal|p2a: BIRD UP|75\/100|[from] item: Leftovers\n|-damage|p1a: Rillaboom|44\/100 tox|[from] psn\n|upkeep\n|turn|14\n|\n|t:|1699832645\n|move|p2a: BIRD UP|Protect|p2a: BIRD UP\n|-singleturn|p2a: BIRD UP|Protect\n|move|p1a: Rillaboom|U-turn|p2a: BIRD UP\n|-activate|p2a: BIRD UP|move: Protect\n|\n|-weather|RainDance|[upkeep]\n|-heal|p1a: Rillaboom|50\/100 tox|[from] Grassy Terrain\n|-heal|p2a: BIRD UP|82\/100|[from] item: Leftovers\n|-damage|p1a: Rillaboom|20\/100 tox|[from] psn\n|-fieldend|move: Grassy Terrain\n|upkeep\n|turn|15\n|\n|t:|1699832658\n|move|p1a: Rillaboom|Grassy Glide|p2a: BIRD UP\n|-damage|p2a: BIRD UP|14\/100\n|move|p2a: BIRD UP|Roost|p2a: BIRD UP\n|-heal|p2a: BIRD UP|64\/100\n|-singleturn|p2a: BIRD UP|move: Roost\n|\n|-weather|RainDance|[upkeep]\n|-heal|p2a: BIRD UP|70\/100|[from] item: Leftovers\n|-damage|p1a: Rillaboom|0 fnt|[from] psn\n|faint|p1a: Rillaboom\n|upkeep\n|\n|t:|1699832669\n|switch|p1a: Escavalier|Escavalier, M|100\/100\n|turn|16\n|\n|t:|1699832680\n|move|p2a: BIRD UP|U-turn|p1a: Escavalier\n|-resisted|p1a: Escavalier\n|-damage|p1a: Escavalier|96\/100\n|\n|t:|1699832683\n|switch|p2a: Tina|Tyrantrum, F, shiny|100\/100|[from] U-turn\n|-damage|p2a: Tina|88\/100|[from] Spikes\n|move|p1a: Escavalier|Megahorn|p2a: Tina\n|-damage|p2a: Tina|14\/100\n|-damage|p1a: Escavalier|79\/100|[from] item: Rocky Helmet|[of] p2a: Tina\n|\n|-weather|none\n|upkeep\n|turn|17\n|\n|t:|1699832700\n|move|p2a: Tina|Fire Fang|p1a: Escavalier|[miss]\n|-miss|p2a: Tina|p1a: Escavalier\n|move|p1a: Escavalier|Close Combat|p2a: Tina\n|-supereffective|p2a: Tina\n|-damage|p2a: Tina|0 fnt\n|-unboost|p1a: Escavalier|def|1\n|-unboost|p1a: Escavalier|spd|1\n|-damage|p1a: Escavalier|63\/100|[from] item: Rocky Helmet|[of] p2a: Tina\n|faint|p2a: Tina\n|\n|upkeep\n|\n|t:|1699832706\n|switch|p2a: Rainbow Dash|Keldeo-Resolute|100\/100\n|-damage|p2a: Rainbow Dash|88\/100|[from] Spikes\n|turn|18\n|\n|t:|1699832719\n|move|p2a: Rainbow Dash|Secret Sword|p1a: Escavalier\n|-damage|p1a: Escavalier|0 fnt\n|faint|p1a: Escavalier\n|\n|-heal|p2a: Rainbow Dash|94\/100|[from] item: Leftovers\n|upkeep\n|\n|t:|1699832734\n|switch|p1a: Galvantula|Galvantula, M|100\/100\n|-status|p1a: Galvantula|tox\n|turn|19\n|\n|t:|1699832740\n|move|p2a: Rainbow Dash|Calm Mind|p2a: Rainbow Dash\n|-boost|p2a: Rainbow Dash|spa|1\n|-boost|p2a: Rainbow Dash|spd|1\n|move|p1a: Galvantula|Thunder|p2a: Rainbow Dash\n|-supereffective|p2a: Rainbow Dash\n|-damage|p2a: Rainbow Dash|18\/100\n|\n|-heal|p2a: Rainbow Dash|24\/100|[from] item: Leftovers\n|-damage|p1a: Galvantula|94\/100 tox|[from] psn\n|upkeep\n|turn|20\n|\n|t:|1699832754\n|move|p2a: Rainbow Dash|Hydro Pump|p1a: Galvantula\n|-damage|p1a: Galvantula|0 fnt\n|faint|p1a: Galvantula\n|\n|-heal|p2a: Rainbow Dash|30\/100|[from] item: Leftovers\n|upkeep\n|\n|t:|1699832759\n|switch|p1a: Primarina|Primarina, M|100\/100\n|-status|p1a: Primarina|tox\n|turn|21\n|\n|t:|1699832765\n|move|p2a: Rainbow Dash|Hydro Pump|p1a: Primarina\n|-resisted|p1a: Primarina\n|-damage|p1a: Primarina|65\/100 tox\n|move|p1a: Primarina|Moonblast|p2a: Rainbow Dash\n|-supereffective|p2a: Rainbow Dash\n|-damage|p2a: Rainbow Dash|0 fnt\n|faint|p2a: Rainbow Dash\n|\n|-heal|p1a: Primarina|71\/100 tox|[from] item: Leftovers\n|-damage|p1a: Primarina|65\/100 tox|[from] psn\n|upkeep\n|\n|t:|1699832768\n|switch|p2a: BIRD UP|Pelipper, M, shiny|70\/100\n|-weather|RainDance|[from] ability: Drizzle|[of] p2a: BIRD UP\n|turn|22\n|\n|t:|1699832786\n|move|p2a: BIRD UP|Roost|p2a: BIRD UP\n|-heal|p2a: BIRD UP|100\/100\n|-singleturn|p2a: BIRD UP|move: Roost\n|move|p1a: Primarina|Energy Ball|p2a: BIRD UP\n|-supereffective|p2a: BIRD UP\n|-damage|p2a: BIRD UP|10\/100\n|\n|-weather|RainDance|[upkeep]\n|-heal|p2a: BIRD UP|17\/100|[from] item: Leftovers\n|-heal|p1a: Primarina|71\/100 tox|[from] item: Leftovers\n|-damage|p1a: Primarina|59\/100 tox|[from] psn\n|upkeep\n|turn|23\n|\n|t:|1699832799\n|move|p2a: BIRD UP|Protect|p2a: BIRD UP\n|-singleturn|p2a: BIRD UP|Protect\n|move|p1a: Primarina|Energy Ball|p2a: BIRD UP\n|-activate|p2a: BIRD UP|move: Protect\n|\n|-weather|RainDance|[upkeep]\n|-heal|p2a: BIRD UP|23\/100|[from] item: Leftovers\n|-heal|p1a: Primarina|65\/100 tox|[from] item: Leftovers\n|-damage|p1a: Primarina|47\/100 tox|[from] psn\n|upkeep\n|turn|24\n|\n|t:|1699832810\n|move|p2a: BIRD UP|Protect||[still]\n|-fail|p2a: BIRD UP\n|move|p1a: Primarina|Energy Ball|p2a: BIRD UP\n|-damage|p2a: BIRD UP|0 fnt\n|faint|p2a: BIRD UP\n|\n|win|Build4mincraft\n|c|\u2606Build4mincraft|gg\n","uploadtime":1699832818,"views":12,"p1id":"build4mincraft","p2id":"kzgamer","formatid":"gen9nationaldex","rating":0,"private":0,"password":""}