{"id":"gen9nationaldex-1988321600","p1":"Chino TTT","p2":"Warlock's Mask","format":"[Gen 9] National Dex","log":"|j|\u2606Chino TTT\n|j|\u2606Warlock's Mask\n|t:|1699708187\n|gametype|singles\n|player|p1|Chino TTT|wulfric|1825\n|player|p2|Warlock's Mask|scientistf|1698\n|teamsize|p1|6\n|teamsize|p2|6\n|gen|9\n|tier|[Gen 9] National Dex\n|rated|\n|rule|HP Percentage Mod: HP is shown in percentages\n|rule|Endless Battle Clause: Forcing endless battles is banned\n|rule|OHKO Clause: OHKO moves are banned\n|rule|Evasion Clause: Evasion abilities, items, and moves are banned\n|rule|Evasion Abilities Clause: Evasion abilities are banned\n|rule|Evasion Items Clause: Evasion items are banned\n|rule|Evasion Moves Clause: Evasion moves are banned\n|rule|Species Clause: Limit one of each Pok\u00e9mon\n|rule|Sleep Clause Mod: Limit one foe put to sleep\n|clearpoke\n|poke|p1|Clodsire, M|\n|poke|p1|Tyranitar, F|\n|poke|p1|Mawile, F|\n|poke|p1|Alomomola, F|\n|poke|p1|Skeledirge, M|\n|poke|p1|Weezing-Galar, F|\n|poke|p2|Ceruledge, F|\n|poke|p2|Grimmsnarl, M|\n|poke|p2|Tapu Fini|\n|poke|p2|Ferrothorn, M|\n|poke|p2|Gliscor, F|\n|poke|p2|Excadrill, F|\n|teampreview\n|inactive|Battle timer is ON: inactive players will automatically lose when time's up. (requested by Warlock's Mask)\n|j| Sinotyrannusdude77\n|\n|t:|1699708201\n|start\n|switch|p1a: I'm Stronger|Mawile, F|100\/100\n|switch|p2a: Offer Egg|Grimmsnarl, M|100\/100\n|-ability|p1a: I'm Stronger|Intimidate|boost\n|-unboost|p2a: Offer Egg|atk|1\n|turn|1\n|\n|t:|1699708214\n|detailschange|p1a: I'm Stronger|Mawile-Mega, F\n|-mega|p1a: I'm Stronger|Mawile|Mawilite\n|move|p2a: Offer Egg|Thunder Wave|p1a: I'm Stronger\n|-status|p1a: I'm Stronger|par\n|cant|p1a: I'm Stronger|par\n|\n|upkeep\n|turn|2\n|c|\u2606Warlock's Mask|OH CHINO\n|c|\u2606Warlock's Mask|HELLO\n|c|\u2606Chino TTT|hello:)\n|c|\u2606Warlock's Mask|Rember me?\n|\n|t:|1699708235\n|move|p2a: Offer Egg|Parting Shot|p1a: I'm Stronger\n|-unboost|p1a: I'm Stronger|atk|1\n|-unboost|p1a: I'm Stronger|spa|1\n|c|\u2606Warlock's Mask|I do rember ya\n|c|\u2606Chino TTT|glhf:)\n|c|\u2606Chino TTT|yup\n|\n|t:|1699708263\n|switch|p2a: Her|Ceruledge, F, shiny|100\/100|[from] Parting Shot\n|move|p1a: I'm Stronger|Play Rough|p2a: Her\n|-resisted|p2a: Her\n|-damage|p2a: Her|68\/100\n|\n|-heal|p2a: Her|74\/100|[from] item: Leftovers\n|upkeep\n|turn|3\n|c|\u2606Chino TTT|ofc\n|l|\u2606Chino TTT\n|inactive|Chino TTT disconnected and has a minute to reconnect!\n|player|p1|\n|\n|t:|1699708274\n|switch|p1a: I'm Smarter|Alomomola, F|100\/100\n|move|p2a: Her|Bulk Up|p2a: Her\n|-boost|p2a: Her|atk|1\n|-boost|p2a: Her|def|1\n|\n|-heal|p2a: Her|80\/100|[from] item: Leftovers\n|upkeep\n|turn|4\n|j|\u2606Chino TTT\n|inactive|Chino TTT reconnected and has 145 seconds left.\n|player|p1|Chino TTT|wulfric\n|c|\u2606Warlock's Mask|Nice team comp name, The Boys reference, right?\n|\n|t:|1699708303\n|switch|p2a: Wall-of-Brazil|Tapu Fini, shiny|100\/100\n|-fieldstart|move: Misty Terrain|[from] ability: Misty Surge|[of] p2a: Wall-of-Brazil\n|move|p1a: I'm Smarter|Toxic|p2a: Wall-of-Brazil\n|-activate|p2a: Wall-of-Brazil|move: Misty Terrain\n|\n|upkeep\n|turn|5\n|c|\u2606Chino TTT|yh\n|\n|t:|1699708310\n|switch|p2a: Ghost|Ferrothorn, M, shiny|100\/100\n|move|p1a: I'm Smarter|Flip Turn|p2a: Ghost\n|-resisted|p2a: Ghost\n|-damage|p2a: Ghost|95\/100\n|-damage|p1a: I'm Smarter|88\/100|[from] ability: Iron Barbs|[of] p2a: Ghost\n|\n|t:|1699708314\n|switch|p1a: Im BETTER!!!|Skeledirge, M|100\/100|[from] Flip Turn\n|\n|upkeep\n|turn|6\n|c|\u2606Warlock's Mask|I'm actually getting in that series now\n|\n|t:|1699708320\n|move|p1a: Im BETTER!!!|Will-O-Wisp|p2a: Ghost\n|-activate|p2a: Ghost|move: Misty Terrain\n|move|p2a: Ghost|Knock Off|p1a: Im BETTER!!!\n|-supereffective|p1a: Im BETTER!!!\n|-damage|p1a: Im BETTER!!!|64\/100\n|-enditem|p1a: Im BETTER!!!|Heavy-Duty Boots|[from] move: Knock Off|[of] p2a: Ghost\n|\n|upkeep\n|turn|7\n|c|\u2606Chino TTT|its really good\n|\n|t:|1699708334\n|switch|p2a: Her|Ceruledge, F, shiny|80\/100\n|move|p1a: Im BETTER!!!|Will-O-Wisp|p2a: Her\n|-start|p2a: Her|ability: Flash Fire\n|\n|-heal|p2a: Her|86\/100|[from] item: Leftovers\n|upkeep\n|turn|8\n|\n|t:|1699708342\n|-end|p2a: Her|ability: Flash Fire|[silent]\n|switch|p2a: pex?|Gliscor, F|100\/100\n|switch|p1a: I'm Smarter|Alomomola, F|100\/100\n|\n|-fieldend|Misty Terrain\n|-status|p2a: pex?|tox|[from] item: Toxic Orb\n|upkeep\n|turn|9\n|\n|t:|1699708348\n|switch|p1a: I AM BETTER!!!!!|Weezing-Galar, F|100\/100\n|move|p2a: pex?|Taunt|p1a: I AM BETTER!!!!!\n|-start|p1a: I AM BETTER!!!!!|move: Taunt\n|\n|upkeep\n|turn|10\n|\n|t:|1699708351\n|move|p2a: pex?|Stealth Rock|p1a: I AM BETTER!!!!!\n|-sidestart|p1: Chino TTT|move: Stealth Rock\n|move|p1a: I AM BETTER!!!!!|Strange Steam|p2a: pex?\n|-damage|p2a: pex?|77\/100 tox\n|\n|-heal|p2a: pex?|89\/100 tox|[from] ability: Poison Heal\n|upkeep\n|turn|11\n|\n|t:|1699708357\n|switch|p2a: No|Excadrill, F|100\/100\n|-ability|p2a: No|Mold Breaker\n|move|p1a: I AM BETTER!!!!!|Strange Steam|p2a: No\n|-resisted|p2a: No\n|-damage|p2a: No|88\/100\n|-start|p2a: No|confusion\n|\n|-end|p1a: I AM BETTER!!!!!|move: Taunt\n|upkeep\n|turn|12\n|\n|t:|1699708361\n|-activate|p2a: No|confusion\n|move|p2a: No|Earthquake|p1a: I AM BETTER!!!!!\n|-supereffective|p1a: I AM BETTER!!!!!\n|-damage|p1a: I AM BETTER!!!!!|32\/100\n|move|p1a: I AM BETTER!!!!!|Will-O-Wisp|p2a: No\n|-status|p2a: No|brn\n|\n|-heal|p1a: I AM BETTER!!!!!|38\/100|[from] item: Black Sludge\n|-damage|p2a: No|82\/100 brn|[from] brn\n|upkeep\n|turn|13\n|\n|t:|1699708367\n|switch|p1a: I'm Smarter|Alomomola, F|100\/100\n|-activate|p2a: No|confusion\n|move|p2a: No|Toxic|p1a: I'm Smarter\n|-status|p1a: I'm Smarter|tox\n|\n|-damage|p1a: I'm Smarter|94\/100 tox|[from] psn\n|-damage|p2a: No|76\/100 brn|[from] brn\n|upkeep\n|turn|14\n|\n|t:|1699708374\n|switch|p2a: Wall-of-Brazil|Tapu Fini, shiny|100\/100\n|-fieldstart|move: Misty Terrain|[from] ability: Misty Surge|[of] p2a: Wall-of-Brazil\n|move|p1a: I'm Smarter|Wish|p1a: I'm Smarter\n|\n|-damage|p1a: I'm Smarter|82\/100 tox|[from] psn\n|upkeep\n|turn|15\n|\n|t:|1699708381\n|switch|p2a: Ghost|Ferrothorn, M, shiny|95\/100\n|move|p1a: I'm Smarter|Flip Turn|p2a: Ghost\n|-resisted|p2a: Ghost\n|-damage|p2a: Ghost|88\/100\n|-damage|p1a: I'm Smarter|70\/100 tox|[from] ability: Iron Barbs|[of] p2a: Ghost\n|\n|t:|1699708387\n|switch|p1a: I AM BETTER!!!!!|Weezing-Galar, F|38\/100|[from] Flip Turn\n|-damage|p1a: I AM BETTER!!!!!|25\/100|[from] Stealth Rock\n|\n|-heal|p1a: I AM BETTER!!!!!|100\/100|[from] move: Wish|[wisher] I'm Smarter\n|upkeep\n|turn|16\n|\n|t:|1699708391\n|move|p1a: I AM BETTER!!!!!|Defog|p2a: Ghost\n|-unboost|p2a: Ghost|evasion|1\n|-sideend|p1: Chino TTT|Stealth Rock|[from] move: Defog|[of] p1a: I AM BETTER!!!!!\n|-fieldend|Misty Terrain\n|move|p2a: Ghost|Gyro Ball|p1a: I AM BETTER!!!!!\n|-supereffective|p1a: I AM BETTER!!!!!\n|-damage|p1a: I AM BETTER!!!!!|41\/100\n|\n|-heal|p1a: I AM BETTER!!!!!|47\/100|[from] item: Black Sludge\n|upkeep\n|turn|17\n|\n|t:|1699708397\n|switch|p2a: Her|Ceruledge, F, shiny|86\/100\n|move|p1a: I AM BETTER!!!!!|Will-O-Wisp|p2a: Her\n|-start|p2a: Her|ability: Flash Fire\n|\n|-heal|p2a: Her|93\/100|[from] item: Leftovers\n|-heal|p1a: I AM BETTER!!!!!|53\/100|[from] item: Black Sludge\n|upkeep\n|turn|18\n|\n|t:|1699708399\n|switch|p1a: I'm Smarter|Alomomola, F|100\/100 tox\n|move|p2a: Her|Bulk Up|p2a: Her\n|-boost|p2a: Her|atk|1\n|-boost|p2a: Her|def|1\n|\n|-heal|p2a: Her|99\/100|[from] item: Leftovers\n|-damage|p1a: I'm Smarter|94\/100 tox|[from] psn\n|upkeep\n|turn|19\n|\n|t:|1699708405\n|-end|p2a: Her|ability: Flash Fire|[silent]\n|switch|p2a: Wall-of-Brazil|Tapu Fini, shiny|100\/100\n|-fieldstart|move: Misty Terrain|[from] ability: Misty Surge|[of] p2a: Wall-of-Brazil\n|move|p1a: I'm Smarter|Toxic|p2a: Wall-of-Brazil\n|-activate|p2a: Wall-of-Brazil|move: Misty Terrain\n|\n|-damage|p1a: I'm Smarter|82\/100 tox|[from] psn\n|upkeep\n|turn|20\n|\n|t:|1699708413\n|switch|p2a: Her|Ceruledge, F, shiny|99\/100\n|move|p1a: I'm Smarter|Flip Turn|p2a: Her\n|-supereffective|p2a: Her\n|-damage|p2a: Her|65\/100\n|c| Sinotyrannusdude77|A lovely fast-paced battle\n|c|\u2606Chino TTT|yh\n|c|\u2606Chino TTT|im getting outplayed like crazy\n|c|\u2606Warlock's Mask|not at all abusing regenerator wish longevity and no one has leftovers\n|inactive|Chino TTT has 120 seconds left.\n|c|\u2606Warlock's Mask|nor poison heal\n|\n|t:|1699708456\n|switch|p1a: Im BETTER!!!|Skeledirge, M|64\/100|[from] Flip Turn\n|\n|-heal|p2a: Her|71\/100|[from] item: Leftovers\n|upkeep\n|turn|21\n|\n|t:|1699708482\n|-terastallize|p2a: Her|Grass\n|-terastallize|p1a: Im BETTER!!!|Dragon\n|move|p2a: Her|Shadow Sneak|p1a: Im BETTER!!!\n|-damage|p1a: Im BETTER!!!|52\/100\n|move|p1a: Im BETTER!!!|Shadow Ball|p2a: Her\n|-damage|p2a: Her|46\/100\n|\n|-heal|p2a: Her|52\/100|[from] item: Leftovers\n|upkeep\n|turn|22\n|\n|t:|1699708489\n|switch|p2a: Wall-of-Brazil|Tapu Fini, shiny|100\/100\n|move|p1a: Im BETTER!!!|Slack Off|p1a: Im BETTER!!!\n|-heal|p1a: Im BETTER!!!|100\/100\n|\n|upkeep\n|turn|23\n|\n|t:|1699708497\n|switch|p2a: Offer Egg|Grimmsnarl, M|100\/100\n|switch|p1a: I'm Smarter|Alomomola, F|100\/100 tox\n|\n|-damage|p1a: I'm Smarter|94\/100 tox|[from] psn\n|-fieldend|Misty Terrain\n|upkeep\n|turn|24\n|\n|t:|1699708508\n|move|p2a: Offer Egg|Trick|p1a: I'm Smarter\n|-activate|p2a: Offer Egg|move: Trick|[of] p1a: I'm Smarter\n|-item|p1a: I'm Smarter|Iron Ball|[from] move: Trick\n|-item|p2a: Offer Egg|Heavy-Duty Boots|[from] move: Trick\n|move|p1a: I'm Smarter|Toxic|p2a: Offer Egg\n|-status|p2a: Offer Egg|tox\n|\n|-damage|p2a: Offer Egg|94\/100 tox|[from] psn\n|-damage|p1a: I'm Smarter|82\/100 tox|[from] psn\n|upkeep\n|turn|25\n|\n|t:|1699708513\n|move|p2a: Offer Egg|Parting Shot|p1a: I'm Smarter\n|-unboost|p1a: I'm Smarter|atk|1\n|-unboost|p1a: I'm Smarter|spa|1\n|\n|t:|1699708529\n|switch|p2a: Wall-of-Brazil|Tapu Fini, shiny|100\/100|[from] Parting Shot\n|-fieldstart|move: Misty Terrain|[from] ability: Misty Surge|[of] p2a: Wall-of-Brazil\n|move|p1a: I'm Smarter|Flip Turn|p2a: Wall-of-Brazil\n|-resisted|p2a: Wall-of-Brazil\n|-damage|p2a: Wall-of-Brazil|96\/100\n|\n|t:|1699708535\n|switch|p1a: IM NOT JUST LIKE|Clodsire, M|100\/100|[from] Flip Turn\n|\n|-heal|p2a: Wall-of-Brazil|100\/100|[from] item: Leftovers\n|upkeep\n|turn|26\n|\n|t:|1699708538\n|move|p2a: Wall-of-Brazil|Surf|p1a: IM NOT JUST LIKE\n|-supereffective|p1a: IM NOT JUST LIKE\n|-damage|p1a: IM NOT JUST LIKE|66\/100\n|move|p1a: IM NOT JUST LIKE|Poison Jab|p2a: Wall-of-Brazil\n|-supereffective|p2a: Wall-of-Brazil\n|-damage|p2a: Wall-of-Brazil|73\/100\n|\n|-heal|p2a: Wall-of-Brazil|79\/100|[from] item: Leftovers\n|upkeep\n|turn|27\n|\n|t:|1699708543\n|move|p2a: Wall-of-Brazil|Surf|p1a: IM NOT JUST LIKE\n|-supereffective|p1a: IM NOT JUST LIKE\n|-damage|p1a: IM NOT JUST LIKE|33\/100\n|move|p1a: IM NOT JUST LIKE|Recover|p1a: IM NOT JUST LIKE\n|-heal|p1a: IM NOT JUST LIKE|83\/100\n|\n|-heal|p2a: Wall-of-Brazil|86\/100|[from] item: Leftovers\n|upkeep\n|turn|28\n|\n|t:|1699708552\n|move|p2a: Wall-of-Brazil|Surf|p1a: IM NOT JUST LIKE\n|-supereffective|p1a: IM NOT JUST LIKE\n|-damage|p1a: IM NOT JUST LIKE|49\/100\n|move|p1a: IM NOT JUST LIKE|Poison Jab|p2a: Wall-of-Brazil\n|-supereffective|p2a: Wall-of-Brazil\n|-damage|p2a: Wall-of-Brazil|55\/100\n|\n|-heal|p2a: Wall-of-Brazil|62\/100|[from] item: Leftovers\n|upkeep\n|turn|29\n|\n|t:|1699708560\n|move|p2a: Wall-of-Brazil|Surf|p1a: IM NOT JUST LIKE\n|-supereffective|p1a: IM NOT JUST LIKE\n|-damage|p1a: IM NOT JUST LIKE|14\/100\n|move|p1a: IM NOT JUST LIKE|Recover|p1a: IM NOT JUST LIKE\n|-heal|p1a: IM NOT JUST LIKE|64\/100\n|\n|-heal|p2a: Wall-of-Brazil|68\/100|[from] item: Leftovers\n|-fieldend|Misty Terrain\n|upkeep\n|turn|30\n|\n|t:|1699708566\n|switch|p2a: No|Excadrill, F|76\/100 brn\n|-ability|p2a: No|Mold Breaker\n|move|p1a: IM NOT JUST LIKE|Recover|p1a: IM NOT JUST LIKE\n|-heal|p1a: IM NOT JUST LIKE|100\/100\n|\n|-damage|p2a: No|70\/100 brn|[from] brn\n|upkeep\n|turn|31\n|j| Tguutt\n|\n|t:|1699708574\n|switch|p1a: I'm Smarter|Alomomola, F|100\/100 tox\n|move|p2a: No|Earthquake|p1a: I'm Smarter\n|-damage|p1a: I'm Smarter|88\/100 tox\n|\n|-damage|p1a: I'm Smarter|81\/100 tox|[from] psn\n|-damage|p2a: No|64\/100 brn|[from] brn\n|upkeep\n|turn|32\n|\n|t:|1699708579\n|switch|p2a: Wall-of-Brazil|Tapu Fini, shiny|68\/100\n|-fieldstart|move: Misty Terrain|[from] ability: Misty Surge|[of] p2a: Wall-of-Brazil\n|move|p1a: I'm Smarter|Flip Turn|p2a: Wall-of-Brazil\n|-resisted|p2a: Wall-of-Brazil\n|-damage|p2a: Wall-of-Brazil|62\/100\n|\n|t:|1699708583\n|switch|p1a: IM NOT JUST LIKE|Clodsire, M|100\/100|[from] Flip Turn\n|\n|-heal|p2a: Wall-of-Brazil|68\/100|[from] item: Leftovers\n|upkeep\n|turn|33\n|l| Tguutt\n|\n|t:|1699708588\n|switch|p2a: Ghost|Ferrothorn, M, shiny|88\/100\n|move|p1a: IM NOT JUST LIKE|Poison Jab|p2a: Ghost\n|-immune|p2a: Ghost\n|\n|upkeep\n|turn|34\n|\n|t:|1699708594\n|switch|p1a: Im BETTER!!!|Skeledirge, M, tera:Dragon|100\/100\n|move|p2a: Ghost|Knock Off|p1a: Im BETTER!!!\n|-damage|p1a: Im BETTER!!!|90\/100\n|\n|upkeep\n|turn|35\n|\n|t:|1699708599\n|move|p1a: Im BETTER!!!|Shadow Ball|p2a: Ghost\n|-damage|p2a: Ghost|71\/100\n|move|p2a: Ghost|Bulldoze|p1a: Im BETTER!!!\n|-damage|p1a: Im BETTER!!!|79\/100\n|-unboost|p1a: Im BETTER!!!|spe|1\n|\n|upkeep\n|turn|36\n|\n|t:|1699708602\n|switch|p2a: Her|Ceruledge, F, shiny, tera:Grass|52\/100\n|move|p1a: Im BETTER!!!|Shadow Ball|p2a: Her\n|-damage|p2a: Her|26\/100\n|-unboost|p2a: Her|spd|1\n|\n|-heal|p2a: Her|32\/100|[from] item: Leftovers\n|-fieldend|Misty Terrain\n|upkeep\n|turn|37\n|\n|t:|1699708610\n|switch|p2a: Offer Egg|Grimmsnarl, M|94\/100 tox\n|move|p1a: Im BETTER!!!|Shadow Ball|p2a: Offer Egg\n|-resisted|p2a: Offer Egg\n|-damage|p2a: Offer Egg|79\/100 tox\n|\n|-damage|p2a: Offer Egg|73\/100 tox|[from] psn\n|upkeep\n|turn|38\n|\n|t:|1699708613\n|move|p2a: Offer Egg|Play Rough|p1a: Im BETTER!!!\n|-supereffective|p1a: Im BETTER!!!\n|-damage|p1a: Im BETTER!!!|24\/100\n|move|p1a: Im BETTER!!!|Slack Off|p1a: Im BETTER!!!\n|-heal|p1a: Im BETTER!!!|74\/100\n|\n|-damage|p2a: Offer Egg|61\/100 tox|[from] psn\n|upkeep\n|turn|39\n|\n|t:|1699708617\n|switch|p1a: I'm Smarter|Alomomola, F|100\/100 tox\n|move|p2a: Offer Egg|Play Rough|p1a: I'm Smarter\n|-damage|p1a: I'm Smarter|76\/100 tox\n|\n|-damage|p2a: Offer Egg|43\/100 tox|[from] psn\n|-damage|p1a: I'm Smarter|70\/100 tox|[from] psn\n|upkeep\n|turn|40\n|\n|t:|1699708633\n|move|p2a: Offer Egg|Play Rough|p1a: I'm Smarter\n|-damage|p1a: I'm Smarter|46\/100 tox\n|move|p1a: I'm Smarter|Flip Turn|p2a: Offer Egg\n|-damage|p2a: Offer Egg|26\/100 tox\n|c| Sinotyrannusdude77|I can't believe no pokemons have fainted yet\n|\n|t:|1699708648\n|switch|p1a: I'm Stronger|Mawile-Mega, F|100\/100 par|[from] Flip Turn\n|\n|-damage|p2a: Offer Egg|2\/100 tox|[from] psn\n|upkeep\n|turn|41\n|c|\u2606Warlock's Mask|I lagged, I meant to Parting shot, but couldn't cancel this action\n|c|\u2606Warlock's Mask|F\n|c|\u2606Chino TTT|damn unlucky\n|c|\u2606Warlock's Mask|I once fought a stall team where the first KO happened in turn 91\n|c|\u2606Chino TTT|same\n|inactive|Chino TTT has 120 seconds left.\n|c| Sinotyrannusdude77|That's ridiculous\n|c|\u2606Chino TTT|my team is built to last well against stall\/balnce\n|\n|t:|1699708688\n|move|p2a: Offer Egg|Parting Shot|p1a: I'm Stronger\n|-unboost|p1a: I'm Stronger|atk|1\n|-unboost|p1a: I'm Stronger|spa|1\n|c|\u2606Warlock's Mask|Average stall game\n|c|\u2606Chino TTT|ha\n|\n|t:|1699708694\n|switch|p2a: pex?|Gliscor, F|89\/100 tox|[from] Parting Shot\n|move|p1a: I'm Stronger|Sucker Punch||[still]\n|-fail|p1a: I'm Stronger\n|\n|-heal|p2a: pex?|100\/100 tox|[from] ability: Poison Heal\n|upkeep\n|turn|42\n|c|\u2606Chino TTT|yh\n|\n|t:|1699708698\n|switch|p1a: I AM BETTER!!!!!|Weezing-Galar, F|53\/100\n|move|p2a: pex?|Stealth Rock|p1a: I AM BETTER!!!!!\n|-sidestart|p1: Chino TTT|move: Stealth Rock\n|\n|-heal|p1a: I AM BETTER!!!!!|59\/100|[from] item: Black Sludge\n|upkeep\n|turn|43\n|\n|t:|1699708702\n|move|p2a: pex?|Taunt|p1a: I AM BETTER!!!!!\n|-start|p1a: I AM BETTER!!!!!|move: Taunt\n|move|p1a: I AM BETTER!!!!!|Strange Steam|p2a: pex?\n|-damage|p2a: pex?|78\/100 tox\n|\n|-heal|p1a: I AM BETTER!!!!!|65\/100|[from] item: Black Sludge\n|-heal|p2a: pex?|91\/100 tox|[from] ability: Poison Heal\n|upkeep\n|turn|44\n|\n|t:|1699708712\n|switch|p2a: No|Excadrill, F|64\/100 brn\n|-ability|p2a: No|Mold Breaker\n|move|p1a: I AM BETTER!!!!!|Strange Steam|p2a: No\n|-resisted|p2a: No\n|-damage|p2a: No|51\/100 brn\n|\n|-heal|p1a: I AM BETTER!!!!!|71\/100|[from] item: Black Sludge\n|-damage|p2a: No|45\/100 brn|[from] brn\n|upkeep\n|turn|45\n|\n|t:|1699708717\n|switch|p1a: I'm Smarter|Alomomola, F|79\/100 tox\n|-damage|p1a: I'm Smarter|67\/100 tox|[from] Stealth Rock\n|move|p2a: No|Earthquake|p1a: I'm Smarter\n|-damage|p1a: I'm Smarter|53\/100 tox\n|\n|-damage|p1a: I'm Smarter|47\/100 tox|[from] psn\n|-damage|p2a: No|39\/100 brn|[from] brn\n|upkeep\n|turn|46\n|\n|t:|1699708720\n|move|p2a: No|Earthquake|p1a: I'm Smarter\n|-damage|p1a: I'm Smarter|33\/100 tox\n|move|p1a: I'm Smarter|Flip Turn|p2a: No\n|-supereffective|p2a: No\n|-damage|p2a: No|0 fnt\n|faint|p2a: No\n|\n|t:|1699708726\n|switch|p1a: I AM BETTER!!!!!|Weezing-Galar, F|71\/100|[from] Flip Turn\n|-damage|p1a: I AM BETTER!!!!!|58\/100|[from] Stealth Rock\n|\n|-heal|p1a: I AM BETTER!!!!!|64\/100|[from] item: Black Sludge\n|upkeep\n|\n|t:|1699708740\n|switch|p2a: Offer Egg|Grimmsnarl, M|2\/100 tox\n|turn|47\n|\n|t:|1699708750\n|switch|p1a: I'm Smarter|Alomomola, F|66\/100 tox\n|-damage|p1a: I'm Smarter|54\/100 tox|[from] Stealth Rock\n|move|p2a: Offer Egg|Thunder Wave||[still]\n|-fail|p2a: Offer Egg\n|\n|-damage|p2a: Offer Egg|0 fnt|[from] psn\n|faint|p2a: Offer Egg\n|-damage|p1a: I'm Smarter|48\/100 tox|[from] psn\n|upkeep\n|\n|t:|1699708756\n|switch|p2a: Ghost|Ferrothorn, M, shiny|71\/100\n|turn|48\n|\n|t:|1699708762\n|switch|p1a: Im BETTER!!!|Skeledirge, M, tera:Dragon|74\/100\n|-damage|p1a: Im BETTER!!!|62\/100|[from] Stealth Rock\n|move|p2a: Ghost|Power Whip|p1a: Im BETTER!!!\n|-resisted|p1a: Im BETTER!!!\n|-damage|p1a: Im BETTER!!!|46\/100\n|\n|upkeep\n|turn|49\n|c|\u2606Chino TTT|why are offensive ferro and grimsnarl\n|c|\u2606Chino TTT|and tapu fini\n|c|\u2606Warlock's Mask|AV Ferro\n|inactive|Chino TTT has 120 seconds left.\n|c|\u2606Chino TTT|its like a fake stall team\n|c|\u2606Chino TTT|ohh\n|c|\u2606Chino TTT|but your not using stall\n|c|\u2606Warlock's Mask|Grimm has enough atk to one shot Hisuian Samurrot\n|\n|t:|1699708806\n|move|p1a: Im BETTER!!!|Slack Off|p1a: Im BETTER!!!\n|-heal|p1a: Im BETTER!!!|96\/100\n|move|p2a: Ghost|Gyro Ball|p1a: Im BETTER!!!\n|-crit|p1a: Im BETTER!!!\n|-damage|p1a: Im BETTER!!!|57\/100\n|\n|upkeep\n|turn|50\n|c|\u2606Chino TTT|damn\n|c|\u2606Warlock's Mask|I don't use stall, I use gliscor because the set I'm using is a hard counter to Toxapex\n|c|\u2606Warlock's Mask|And Toxapex is a hard counter to my ceruledge\n|c|\u2606Chino TTT|yh it does\n|c|\u2606Chino TTT|garg too\n|c|\u2606Warlock's Mask|So i really REALLY needed it\n|inactive|Warlock's Mask has 120 seconds left.\n|c|\u2606Chino TTT|your team isnt stall at all tho\n|c|\u2606Warlock's Mask|Excadrill has shuca and mold  breaker toxic\n|j| xuxiansheng\n|c|\u2606Warlock's Mask|So I can toxic Garg\n|c|\u2606Chino TTT|damn\n|c|\u2606Chino TTT|the tech\n|c|\u2606Warlock's Mask|My team is very Anti-Meta focused\n|\n|t:|1699708865\n|switch|p2a: Wall-of-Brazil|Tapu Fini, shiny|68\/100\n|-fieldstart|move: Misty Terrain|[from] ability: Misty Surge|[of] p2a: Wall-of-Brazil\n|move|p1a: Im BETTER!!!|Slack Off|p1a: Im BETTER!!!\n|-heal|p1a: Im BETTER!!!|100\/100\n|\n|-heal|p2a: Wall-of-Brazil|74\/100|[from] item: Leftovers\n|upkeep\n|turn|51\n|inactive|Chino TTT has 120 seconds left.\n|c|\u2606Chino TTT|mhm\n|\n|t:|1699708874\n|switch|p2a: Her|Ceruledge, F, shiny, tera:Grass|32\/100\n|switch|p1a: I'm Smarter|Alomomola, F|81\/100 tox\n|-damage|p1a: I'm Smarter|68\/100 tox|[from] Stealth Rock\n|\n|-heal|p2a: Her|38\/100|[from] item: Leftovers\n|-damage|p1a: I'm Smarter|62\/100 tox|[from] psn\n|upkeep\n|turn|52\n|c| Sinotyrannusdude77|Wow, that's actually a smart team\n|\n|t:|1699708883\n|move|p2a: Her|Tera Blast|p1a: I'm Smarter|[anim] Tera Blast Grass\n|-supereffective|p1a: I'm Smarter\n|-damage|p1a: I'm Smarter|21\/100 tox\n|move|p1a: I'm Smarter|Flip Turn|p2a: Her\n|-resisted|p2a: Her\n|-damage|p2a: Her|30\/100\n|\n|t:|1699708890\n|switch|p1a: I'm Stronger|Mawile-Mega, F|100\/100 par|[from] Flip Turn\n|-damage|p1a: I'm Stronger|94\/100 par|[from] Stealth Rock\n|\n|-heal|p2a: Her|36\/100|[from] item: Leftovers\n|upkeep\n|turn|53\n|\n|t:|1699708894\n|move|p2a: Her|Bitter Blade|p1a: I'm Stronger\n|-supereffective|p1a: I'm Stronger\n|-damage|p1a: I'm Stronger|5\/100 par\n|-heal|p2a: Her|70\/100|[from] drain|[of] p1a: I'm Stronger\n|cant|p1a: I'm Stronger|par\n|\n|-heal|p2a: Her|77\/100|[from] item: Leftovers\n|upkeep\n|turn|54\n|c|\u2606Chino TTT|mawile whyy\n|\n|t:|1699708903\n|switch|p1a: Im BETTER!!!|Skeledirge, M, tera:Dragon|100\/100\n|-damage|p1a: Im BETTER!!!|88\/100|[from] Stealth Rock\n|move|p2a: Her|Bulk Up|p2a: Her\n|-boost|p2a: Her|atk|1\n|-boost|p2a: Her|def|1\n|\n|-heal|p2a: Her|83\/100|[from] item: Leftovers\n|-fieldend|Misty Terrain\n|upkeep\n|turn|55\n|\n|t:|1699708918\n|move|p2a: Her|Shadow Sneak|p1a: Im BETTER!!!\n|-damage|p1a: Im BETTER!!!|76\/100\n|move|p1a: Im BETTER!!!|Shadow Ball|p2a: Her\n|-damage|p2a: Her|56\/100\n|\n|-heal|p2a: Her|62\/100|[from] item: Leftovers\n|upkeep\n|turn|56\n|\n|t:|1699708922\n|move|p2a: Her|Bitter Blade|p1a: Im BETTER!!!\n|-resisted|p1a: Im BETTER!!!\n|-damage|p1a: Im BETTER!!!|62\/100\n|-heal|p2a: Her|70\/100|[from] drain|[of] p1a: Im BETTER!!!\n|move|p1a: Im BETTER!!!|Torch Song|p2a: Her\n|-start|p2a: Her|ability: Flash Fire\n|\n|-heal|p2a: Her|77\/100|[from] item: Leftovers\n|upkeep\n|turn|57\n|\n|t:|1699708925\n|move|p2a: Her|Bitter Blade|p1a: Im BETTER!!!\n|-resisted|p1a: Im BETTER!!!\n|-damage|p1a: Im BETTER!!!|42\/100\n|-heal|p2a: Her|88\/100|[from] drain|[of] p1a: Im BETTER!!!\n|move|p1a: Im BETTER!!!|Shadow Ball|p2a: Her\n|-damage|p2a: Her|63\/100\n|\n|-heal|p2a: Her|70\/100|[from] item: Leftovers\n|upkeep\n|turn|58\n|\n|t:|1699708929\n|move|p2a: Her|Shadow Sneak|p1a: Im BETTER!!!\n|-crit|p1a: Im BETTER!!!\n|-damage|p1a: Im BETTER!!!|23\/100\n|move|p1a: Im BETTER!!!|Slack Off|p1a: Im BETTER!!!\n|-heal|p1a: Im BETTER!!!|73\/100\n|\n|-heal|p2a: Her|76\/100|[from] item: Leftovers\n|upkeep\n|turn|59\n|\n|t:|1699708935\n|move|p2a: Her|Bulk Up|p2a: Her\n|-boost|p2a: Her|atk|1\n|-boost|p2a: Her|def|1\n|move|p1a: Im BETTER!!!|Shadow Ball|p2a: Her\n|-damage|p2a: Her|51\/100\n|\n|-heal|p2a: Her|57\/100|[from] item: Leftovers\n|upkeep\n|turn|60\n|c|\u2606Warlock's Mask|what a throw honestly\n|c|\u2606Chino TTT|mhm\n|c|\u2606Warlock's Mask|You need some Spdef drops\n|c|\u2606Warlock's Mask|or a crit\n|\n|t:|1699708946\n|move|p2a: Her|Bitter Blade|p1a: Im BETTER!!!\n|-resisted|p1a: Im BETTER!!!\n|-damage|p1a: Im BETTER!!!|52\/100\n|-heal|p2a: Her|70\/100|[from] drain|[of] p1a: Im BETTER!!!\n|move|p1a: Im BETTER!!!|Shadow Ball|p2a: Her\n|-damage|p2a: Her|43\/100\n|\n|-heal|p2a: Her|50\/100|[from] item: Leftovers\n|upkeep\n|turn|61\n|\n|t:|1699708950\n|move|p2a: Her|Bitter Blade|p1a: Im BETTER!!!\n|-resisted|p1a: Im BETTER!!!\n|-damage|p1a: Im BETTER!!!|31\/100\n|-heal|p2a: Her|62\/100|[from] drain|[of] p1a: Im BETTER!!!\n|move|p1a: Im BETTER!!!|Slack Off|p1a: Im BETTER!!!\n|-heal|p1a: Im BETTER!!!|81\/100\n|\n|-heal|p2a: Her|68\/100|[from] item: Leftovers\n|upkeep\n|turn|62\n|\n|t:|1699708953\n|move|p2a: Her|Bitter Blade|p1a: Im BETTER!!!\n|-resisted|p1a: Im BETTER!!!\n|-damage|p1a: Im BETTER!!!|60\/100\n|-heal|p2a: Her|81\/100|[from] drain|[of] p1a: Im BETTER!!!\n|move|p1a: Im BETTER!!!|Shadow Ball|p2a: Her\n|-damage|p2a: Her|51\/100\n|-unboost|p2a: Her|spd|1\n|\n|-heal|p2a: Her|58\/100|[from] item: Leftovers\n|upkeep\n|turn|63\n|\n|t:|1699708957\n|move|p2a: Her|Bitter Blade|p1a: Im BETTER!!!\n|-resisted|p1a: Im BETTER!!!\n|-crit|p1a: Im BETTER!!!\n|-damage|p1a: Im BETTER!!!|31\/100\n|-heal|p2a: Her|75\/100|[from] drain|[of] p1a: Im BETTER!!!\n|move|p1a: Im BETTER!!!|Shadow Ball|p2a: Her\n|-damage|p2a: Her|48\/100\n|\n|-heal|p2a: Her|54\/100|[from] item: Leftovers\n|upkeep\n|turn|64\n|c|\u2606Warlock's Mask|got 1\n|\n|t:|1699708966\n|move|p2a: Her|Bitter Blade|p1a: Im BETTER!!!\n|-resisted|p1a: Im BETTER!!!\n|-damage|p1a: Im BETTER!!!|10\/100\n|-heal|p2a: Her|67\/100|[from] drain|[of] p1a: Im BETTER!!!\n|move|p1a: Im BETTER!!!|Slack Off|p1a: Im BETTER!!!\n|-heal|p1a: Im BETTER!!!|60\/100\n|\n|-heal|p2a: Her|73\/100|[from] item: Leftovers\n|upkeep\n|turn|65\n|\n|t:|1699708969\n|move|p2a: Her|Bitter Blade|p1a: Im BETTER!!!\n|-resisted|p1a: Im BETTER!!!\n|-damage|p1a: Im BETTER!!!|42\/100\n|-heal|p2a: Her|84\/100|[from] drain|[of] p1a: Im BETTER!!!\n|move|p1a: Im BETTER!!!|Slack Off|p1a: Im BETTER!!!\n|-heal|p1a: Im BETTER!!!|92\/100\n|\n|-heal|p2a: Her|90\/100|[from] item: Leftovers\n|upkeep\n|turn|66\n|\n|t:|1699708976\n|-end|p2a: Her|ability: Flash Fire|[silent]\n|switch|p2a: Wall-of-Brazil|Tapu Fini, shiny|74\/100\n|-fieldstart|move: Misty Terrain|[from] ability: Misty Surge|[of] p2a: Wall-of-Brazil\n|move|p1a: Im BETTER!!!|Shadow Ball|p2a: Wall-of-Brazil\n|-damage|p2a: Wall-of-Brazil|51\/100\n|\n|-heal|p2a: Wall-of-Brazil|57\/100|[from] item: Leftovers\n|upkeep\n|turn|67\n|\n|t:|1699708980\n|switch|p2a: Her|Ceruledge, F, shiny, tera:Grass|90\/100\n|switch|p1a: IM NOT JUST LIKE|Clodsire, M|100\/100\n|\n|-heal|p2a: Her|97\/100|[from] item: Leftovers\n|upkeep\n|turn|68\n|\n|t:|1699708986\n|move|p2a: Her|Bitter Blade|p1a: IM NOT JUST LIKE\n|-damage|p1a: IM NOT JUST LIKE|55\/100\n|-heal|p2a: Her|100\/100|[from] drain|[of] p1a: IM NOT JUST LIKE\n|move|p1a: IM NOT JUST LIKE|Poison Jab|p2a: Her\n|-supereffective|p2a: Her\n|-damage|p2a: Her|54\/100\n|\n|-heal|p2a: Her|60\/100|[from] item: Leftovers\n|upkeep\n|turn|69\n|\n|t:|1699708991\n|move|p2a: Her|Bitter Blade|p1a: IM NOT JUST LIKE\n|-damage|p1a: IM NOT JUST LIKE|6\/100\n|-heal|p2a: Her|93\/100|[from] drain|[of] p1a: IM NOT JUST LIKE\n|move|p1a: IM NOT JUST LIKE|Recover|p1a: IM NOT JUST LIKE\n|-heal|p1a: IM NOT JUST LIKE|56\/100\n|\n|-heal|p2a: Her|99\/100|[from] item: Leftovers\n|upkeep\n|turn|70\n|\n|t:|1699708995\n|switch|p2a: pex?|Gliscor, F|91\/100 tox\n|move|p1a: IM NOT JUST LIKE|Recover|p1a: IM NOT JUST LIKE\n|-heal|p1a: IM NOT JUST LIKE|100\/100\n|\n|-heal|p2a: pex?|100\/100 tox|[from] ability: Poison Heal\n|-fieldend|Misty Terrain\n|upkeep\n|turn|71\n|\n|t:|1699708998\n|switch|p1a: I AM BETTER!!!!!|Weezing-Galar, F|64\/100\n|-damage|p1a: I AM BETTER!!!!!|52\/100|[from] Stealth Rock\n|move|p2a: pex?|Taunt|p1a: I AM BETTER!!!!!\n|-start|p1a: I AM BETTER!!!!!|move: Taunt\n|\n|-heal|p1a: I AM BETTER!!!!!|58\/100|[from] item: Black Sludge\n|upkeep\n|turn|72\n|\n|t:|1699709004\n|switch|p2a: Ghost|Ferrothorn, M, shiny|71\/100\n|move|p1a: I AM BETTER!!!!!|Strange Steam|p2a: Ghost\n|-resisted|p2a: Ghost\n|-damage|p2a: Ghost|63\/100\n|\n|-heal|p1a: I AM BETTER!!!!!|64\/100|[from] item: Black Sludge\n|upkeep\n|turn|73\n|\n|t:|1699709014\n|switch|p1a: Im BETTER!!!|Skeledirge, M, tera:Dragon|92\/100\n|-damage|p1a: Im BETTER!!!|80\/100|[from] Stealth Rock\n|move|p2a: Ghost|Knock Off|p1a: Im BETTER!!!\n|-damage|p1a: Im BETTER!!!|69\/100\n|\n|upkeep\n|turn|74\n|\n|t:|1699709020\n|switch|p2a: Her|Ceruledge, F, shiny, tera:Grass|99\/100\n|move|p1a: Im BETTER!!!|Torch Song|p2a: Her\n|-start|p2a: Her|ability: Flash Fire\n|\n|-heal|p2a: Her|100\/100|[from] item: Leftovers\n|upkeep\n|turn|75\n|\n|t:|1699709023\n|move|p2a: Her|Bulk Up|p2a: Her\n|-boost|p2a: Her|atk|1\n|-boost|p2a: Her|def|1\n|move|p1a: Im BETTER!!!|Shadow Ball|p2a: Her\n|-damage|p2a: Her|75\/100\n|\n|-heal|p2a: Her|81\/100|[from] item: Leftovers\n|upkeep\n|turn|76\n|c|\u2606Warlock's Mask|I think this is over\n|\n|t:|1699709031\n|move|p2a: Her|Bitter Blade|p1a: Im BETTER!!!\n|-resisted|p1a: Im BETTER!!!\n|-damage|p1a: Im BETTER!!!|48\/100\n|-heal|p2a: Her|94\/100|[from] drain|[of] p1a: Im BETTER!!!\n|move|p1a: Im BETTER!!!|Shadow Ball|p2a: Her\n|-damage|p2a: Her|69\/100\n|-unboost|p2a: Her|spd|1\n|\n|-heal|p2a: Her|75\/100|[from] item: Leftovers\n|upkeep\n|turn|77\n|c|\u2606Chino TTT|yh\n|c|\u2606Chino TTT|ggs\n|c|\u2606Chino TTT|wp\n|\n|t:|1699709037\n|move|p2a: Her|Bitter Blade|p1a: Im BETTER!!!\n|-resisted|p1a: Im BETTER!!!\n|-crit|p1a: Im BETTER!!!\n|-damage|p1a: Im BETTER!!!|18\/100\n|-heal|p2a: Her|93\/100|[from] drain|[of] p1a: Im BETTER!!!\n|move|p1a: Im BETTER!!!|Shadow Ball|p2a: Her\n|-damage|p2a: Her|64\/100\n|\n|-heal|p2a: Her|71\/100|[from] item: Leftovers\n|upkeep\n|turn|78\n|c|\u2606Warlock's Mask|Its a pleasure to battle ya\n|\n|t:|1699709045\n|move|p2a: Her|Shadow Sneak|p1a: Im BETTER!!!\n|-damage|p1a: Im BETTER!!!|7\/100\n|move|p1a: Im BETTER!!!|Shadow Ball|p2a: Her\n|-damage|p2a: Her|44\/100\n|\n|-heal|p2a: Her|50\/100|[from] item: Leftovers\n|upkeep\n|turn|79\n|\n|t:|1699709048\n|move|p2a: Her|Shadow Sneak|p1a: Im BETTER!!!\n|-damage|p1a: Im BETTER!!!|0 fnt\n|faint|p1a: Im BETTER!!!\n|\n|-heal|p2a: Her|56\/100|[from] item: Leftovers\n|upkeep\n|\n|t:|1699709051\n|switch|p1a: THE REST OF U|Tyranitar, F|100\/100\n|-damage|p1a: THE REST OF U|88\/100|[from] Stealth Rock\n|-weather|Sandstorm|[from] ability: Sand Stream|[of] p1a: THE REST OF U\n|turn|80\n|\n|t:|1699709058\n|move|p2a: Her|Tera Blast|p1a: THE REST OF U|[anim] Tera Blast Grass\n|-supereffective|p1a: THE REST OF U\n|-damage|p1a: THE REST OF U|0 fnt\n|faint|p1a: THE REST OF U\n|\n|-weather|Sandstorm|[upkeep]\n|-damage|p2a: Her|50\/100|[from] Sandstorm\n|-heal|p2a: Her|56\/100|[from] item: Leftovers\n|upkeep\n|\n|t:|1699709065\n|switch|p1a: IM NOT JUST LIKE|Clodsire, M|100\/100\n|turn|81\n|\n|t:|1699709068\n|move|p2a: Her|Bitter Blade|p1a: IM NOT JUST LIKE\n|-damage|p1a: IM NOT JUST LIKE|30\/100\n|-heal|p2a: Her|100\/100|[from] drain|[of] p1a: IM NOT JUST LIKE\n|move|p1a: IM NOT JUST LIKE|Poison Jab|p2a: Her\n|-supereffective|p2a: Her\n|-damage|p2a: Her|56\/100\n|\n|-weather|Sandstorm|[upkeep]\n|-damage|p2a: Her|50\/100|[from] Sandstorm\n|-heal|p2a: Her|56\/100|[from] item: Leftovers\n|upkeep\n|turn|82\n|c|\u2606Chino TTT|ggs\n|c|\u2606Chino TTT|wp\n|l| xuxiansheng\n|c|\u2606Warlock's Mask|ggs\n|c|\u2606Chino TTT|hope we play again\n|c|\u2606Chino TTT|:)\n|c|\u2606Warlock's Mask|same\n|c|\u2606Warlock's Mask|:)\n|c|\u2606Chino TTT|ill get u next time\n|-message|Chino TTT forfeited.\n|\n|win|Warlock's Mask\n|raw|Chino TTT's rating: 1825 &rarr; <strong>1798<\/strong><br \/>(-27 for losing)\n|raw|Warlock&apos;s Mask's rating: 1698 &rarr; <strong>1725<\/strong><br \/>(+27 for winning)\n|c|\u2606Warlock's Mask|I think you are up 1\n|c|\u2606Chino TTT|yh\n|l|\u2606Chino TTT\n|c|\u2606Warlock's Mask|out of our 6 matches you won 4?\n|c|\u2606Warlock's Mask|Yeah, GG\n","uploadtime":1699709103,"views":9,"p1id":"chinottt","p2id":"warlocksmask","formatid":"gen9nationaldex","rating":1725,"private":0,"password":""}