{"id":"gen9nationaldex-1995624448","p1":"Bhgbg","p2":"How To Beat Lance","format":"[Gen 9] National Dex","log":"|html|<div class=\"broadcast-blue\"><strong>[Gen 9] National Dex is currently suspecting Sneasler! For information on how to participate check out the <a href=\"https:\/\/www.smogon.com\/forums\/threads\/sv-national-dex-suspect-8-just-dance.3731534\/\">suspect thread<\/a>.<\/strong><\/div>\n|j|\u2606Bhgbg\n|j|\u2606How To Beat Lance\n|t:|1700588513\n|gametype|singles\n|player|p1|Bhgbg|102|1042\n|player|p2|How To Beat Lance|lance-gen3|1099\n|teamsize|p1|6\n|teamsize|p2|6\n|gen|9\n|tier|[Gen 9] National Dex\n|rated|\n|rule|HP Percentage Mod: HP is shown in percentages\n|rule|Endless Battle Clause: Forcing endless battles is banned\n|rule|OHKO Clause: OHKO moves are banned\n|rule|Evasion Clause: Evasion abilities, items, and moves are banned\n|rule|Evasion Abilities Clause: Evasion abilities are banned\n|rule|Evasion Items Clause: Evasion items are banned\n|rule|Evasion Moves Clause: Evasion moves are banned\n|rule|Species Clause: Limit one of each Pok\u00e9mon\n|rule|Sleep Clause Mod: Limit one foe put to sleep\n|clearpoke\n|poke|p1|Cinderace, M|\n|poke|p1|Umbreon, M|\n|poke|p1|Greninja-*, M|\n|poke|p1|Tyranitar, M|\n|poke|p1|Scizor, M|\n|poke|p1|Metagross|\n|poke|p2|Tapu Koko|\n|poke|p2|Scizor, F|\n|poke|p2|Alomomola, F|\n|poke|p2|Iron Valiant|\n|poke|p2|Gliscor, F|\n|poke|p2|Ceruledge, F|\n|teampreview\n|c|\u2606How To Beat Lance|GLHF\n|c|\u2606How To Beat Lance|sorry\n|c|\u2606How To Beat Lance|caps were on\n|j| test account dl\n|\n|t:|1700588544\n|start\n|switch|p1a: Scizor|Scizor, M|100\/100\n|switch|p2a: Ceruledge|Ceruledge, F|100\/100\n|turn|1\n|\n|t:|1700588553\n|move|p2a: Ceruledge|Swords Dance|p2a: Ceruledge\n|-boost|p2a: Ceruledge|atk|2\n|move|p1a: Scizor|Swords Dance|p1a: Scizor\n|-boost|p1a: Scizor|atk|2\n|\n|upkeep\n|turn|2\n|\n|t:|1700588566\n|move|p2a: Ceruledge|Bitter Blade|p1a: Scizor\n|-supereffective|p1a: Scizor\n|-crit|p1a: Scizor\n|-enditem|p1a: Scizor|Focus Sash\n|-damage|p1a: Scizor|1\/100\n|move|p1a: Scizor|Dual Wingbeat|p2a: Ceruledge\n|-damage|p2a: Ceruledge|36\/100\n|-damage|p2a: Ceruledge|0 fnt\n|faint|p2a: Ceruledge\n|-hitcount|p2: Ceruledge|2\n|\n|upkeep\n|c|\u2606How To Beat Lance|sash\n|c|\u2606How To Beat Lance|scizor\n|c|\u2606How To Beat Lance|ok\n|\n|t:|1700588582\n|switch|p2a: Alomomola|Alomomola, F|100\/100\n|turn|3\n|\n|t:|1700588595\n|move|p1a: Scizor|Dual Wingbeat|p2a: Alomomola\n|-damage|p2a: Alomomola|74\/100\n|-damage|p2a: Alomomola|47\/100\n|-hitcount|p2a: Alomomola|2\n|move|p2a: Alomomola|Flip Turn|p1a: Scizor\n|-damage|p1a: Scizor|0 fnt\n|faint|p1a: Scizor\n|l| test account dl\n|\n|t:|1700588610\n|switch|p2a: Tapu Koko|Tapu Koko|100\/100|[from] Flip Turn\n|-fieldstart|move: Electric Terrain|[from] ability: Electric Surge|[of] p2a: Tapu Koko\n|\n|upkeep\n|\n|t:|1700588638\n|switch|p1a: Metagross|Metagross|100\/100\n|turn|4\n|\n|t:|1700588644\n|move|p2a: Tapu Koko|U-turn|p1a: Metagross\n|-damage|p1a: Metagross|88\/100\n|\n|t:|1700588648\n|switch|p2a: Alomomola|Alomomola, F|80\/100|[from] U-turn\n|move|p1a: Metagross|Meteor Mash|p2a: Alomomola\n|-resisted|p2a: Alomomola\n|-damage|p2a: Alomomola|66\/100\n|-boost|p1a: Metagross|atk|1\n|\n|upkeep\n|turn|5\n|\n|t:|1700588659\n|move|p1a: Metagross|Zen Headbutt|p2a: Alomomola\n|-damage|p2a: Alomomola|26\/100\n|move|p2a: Alomomola|Wish|p2a: Alomomola\n|\n|upkeep\n|turn|6\n|\n|t:|1700588664\n|move|p2a: Alomomola|Protect|p2a: Alomomola\n|-singleturn|p2a: Alomomola|Protect\n|move|p1a: Metagross|Zen Headbutt|p2a: Alomomola\n|-activate|p2a: Alomomola|move: Protect\n|\n|-heal|p2a: Alomomola|76\/100|[from] move: Wish|[wisher] Alomomola\n|upkeep\n|turn|7\n|\n|t:|1700588679\n|move|p1a: Metagross|Meteor Mash|p2a: Alomomola\n|-resisted|p2a: Alomomola\n|-damage|p2a: Alomomola|53\/100\n|move|p2a: Alomomola|Flip Turn|p1a: Metagross\n|-damage|p1a: Metagross|76\/100\n|\n|t:|1700588697\n|switch|p2a: Gliscor|Gliscor, F|100\/100|[from] Flip Turn\n|\n|-fieldend|move: Electric Terrain\n|-status|p2a: Gliscor|tox|[from] item: Toxic Orb\n|upkeep\n|turn|8\n|\n|t:|1700588704\n|move|p2a: Gliscor|Earthquake|p1a: Metagross\n|-supereffective|p1a: Metagross\n|-damage|p1a: Metagross|28\/100\n|move|p1a: Metagross|Zen Headbutt|p2a: Gliscor\n|-damage|p2a: Gliscor|47\/100 tox\n|\n|-heal|p2a: Gliscor|60\/100 tox|[from] ability: Poison Heal\n|upkeep\n|turn|9\n|\n|t:|1700588714\n|move|p1a: Metagross|Bullet Punch|p2a: Gliscor\n|-damage|p2a: Gliscor|33\/100 tox\n|move|p2a: Gliscor|Earthquake|p1a: Metagross\n|-supereffective|p1a: Metagross\n|-damage|p1a: Metagross|0 fnt\n|faint|p1a: Metagross\n|\n|-heal|p2a: Gliscor|46\/100 tox|[from] ability: Poison Heal\n|upkeep\n|\n|t:|1700588724\n|switch|p1a: Greninja|Greninja, M|100\/100\n|turn|10\n|\n|t:|1700588731\n|switch|p2a: Alomomola|Alomomola, F|87\/100\n|move|p1a: Greninja|Ice Beam|p2a: Alomomola\n|-resisted|p2a: Alomomola\n|-damage|p2a: Alomomola|74\/100\n|\n|upkeep\n|turn|11\n|\n|t:|1700588745\n|move|p1a: Greninja|Dark Pulse|p2a: Alomomola\n|-damage|p2a: Alomomola|42\/100\n|move|p2a: Alomomola|Wish|p2a: Alomomola\n|\n|upkeep\n|turn|12\n|\n|t:|1700588754\n|switch|p1a: Umbreon|Umbreon, M|100\/100\n|move|p2a: Alomomola|Flip Turn|p1a: Umbreon\n|-damage|p1a: Umbreon|90\/100\n|\n|t:|1700588758\n|switch|p2a: Gliscor|Gliscor, F|46\/100 tox|[from] Flip Turn\n|\n|-heal|p2a: Gliscor|100\/100 tox|[from] move: Wish|[wisher] Alomomola\n|-heal|p1a: Umbreon|96\/100|[from] item: Leftovers\n|upkeep\n|turn|13\n|\n|t:|1700588770\n|move|p2a: Gliscor|Toxic|p1a: Umbreon\n|-status|p1a: Umbreon|tox\n|-activate|p1a: Umbreon|ability: Synchronize\n|-fail|p2a: Gliscor|tox\n|move|p1a: Umbreon|Calm Mind|p1a: Umbreon\n|-boost|p1a: Umbreon|spa|1\n|-boost|p1a: Umbreon|spd|1\n|\n|-heal|p1a: Umbreon|100\/100 tox|[from] item: Leftovers\n|-damage|p1a: Umbreon|94\/100 tox|[from] psn\n|upkeep\n|turn|14\n|\n|t:|1700588783\n|move|p2a: Gliscor|Earthquake|p1a: Umbreon\n|-damage|p1a: Umbreon|69\/100 tox\n|move|p1a: Umbreon|Calm Mind|p1a: Umbreon\n|-boost|p1a: Umbreon|spa|1\n|-boost|p1a: Umbreon|spd|1\n|\n|-heal|p1a: Umbreon|75\/100 tox|[from] item: Leftovers\n|-damage|p1a: Umbreon|63\/100 tox|[from] psn\n|upkeep\n|turn|15\n|\n|t:|1700588798\n|move|p2a: Gliscor|Earthquake|p1a: Umbreon\n|-damage|p1a: Umbreon|41\/100 tox\n|move|p1a: Umbreon|Dark Pulse|p2a: Gliscor\n|-damage|p2a: Gliscor|61\/100 tox\n|\n|-heal|p1a: Umbreon|47\/100 tox|[from] item: Leftovers\n|-heal|p2a: Gliscor|74\/100 tox|[from] ability: Poison Heal\n|-damage|p1a: Umbreon|29\/100 tox|[from] psn\n|upkeep\n|turn|16\n|\n|t:|1700588804\n|move|p2a: Gliscor|Earthquake|p1a: Umbreon\n|-damage|p1a: Umbreon|3\/100 tox\n|move|p1a: Umbreon|Psychic|p2a: Gliscor\n|-damage|p2a: Gliscor|43\/100 tox\n|-unboost|p2a: Gliscor|spd|1\n|\n|-heal|p1a: Umbreon|9\/100 tox|[from] item: Leftovers\n|-heal|p2a: Gliscor|55\/100 tox|[from] ability: Poison Heal\n|-damage|p1a: Umbreon|0 fnt|[from] psn\n|faint|p1a: Umbreon\n|upkeep\n|\n|t:|1700588808\n|switch|p1a: Greninja|Greninja, M|100\/100\n|turn|17\n|-message|Bhgbg forfeited.\n|\n|win|How To Beat Lance\n|raw|Bhgbg's rating: 1042 &rarr; <strong>1028<\/strong><br \/>(-14 for losing)\n|raw|How To Beat Lance's rating: 1099 &rarr; <strong>1120<\/strong><br \/>(+21 for winning)\n|l|\u2606Bhgbg\n|c|\u2606How To Beat Lance|gg\n|j| Ineros\n","uploadtime":1700588834,"views":0,"p1id":"bhgbg","p2id":"howtobeatlance","formatid":"gen9nationaldex","rating":1028,"private":0,"password":""}