{"id":"gen9nationaldex-1994669805","p1":"Satellarish","p2":"sbww34","format":"[Gen 9] National Dex","log":"|html|<div class=\"broadcast-blue\"><strong>[Gen 9] National Dex is currently suspecting Sneasler! For information on how to participate check out the <a href=\"https:\/\/www.smogon.com\/forums\/threads\/sv-national-dex-suspect-8-just-dance.3731534\/\">suspect thread<\/a>.<\/strong><\/div>\n|j|\u2606Satellarish\n|j|\u2606sbww34\n|t:|1700478561\n|gametype|singles\n|player|p1|Satellarish|pokemonranger-gen4|1143\n|player|p2|sbww34|265|1201\n|teamsize|p1|6\n|teamsize|p2|6\n|gen|9\n|tier|[Gen 9] National Dex\n|rated|\n|rule|HP Percentage Mod: HP is shown in percentages\n|rule|Endless Battle Clause: Forcing endless battles is banned\n|rule|OHKO Clause: OHKO moves are banned\n|rule|Evasion Clause: Evasion abilities, items, and moves are banned\n|rule|Evasion Abilities Clause: Evasion abilities are banned\n|rule|Evasion Items Clause: Evasion items are banned\n|rule|Evasion Moves Clause: Evasion moves are banned\n|rule|Species Clause: Limit one of each Pok\u00e9mon\n|rule|Sleep Clause Mod: Limit one foe put to sleep\n|clearpoke\n|poke|p1|Skeledirge, M|\n|poke|p1|Rotom-Mow|\n|poke|p1|Glimmora, F|\n|poke|p1|Great Tusk|\n|poke|p1|Zarude-Dada|\n|poke|p1|Clodsire, F|\n|poke|p2|Toxapex, M|\n|poke|p2|Dondozo, F|\n|poke|p2|Garganacl, F|\n|poke|p2|Sableye, F|\n|poke|p2|Clodsire, F|\n|poke|p2|Gliscor, M|\n|teampreview\n|inactive|Battle timer is ON: inactive players will automatically lose when time's up. (requested by sbww34)\n|\n|t:|1700478572\n|start\n|switch|p1a: Rotom|Rotom-Mow|100\/100\n|switch|p2a: Sableye|Sableye, F|100\/100\n|turn|1\n|\n|t:|1700478582\n|detailschange|p2a: Sableye|Sableye-Mega, F\n|-mega|p2a: Sableye|Sableye|Sablenite\n|move|p2a: Sableye|Protect|p2a: Sableye\n|-singleturn|p2a: Sableye|Protect\n|move|p1a: Rotom|Volt Switch|p2a: Sableye\n|-activate|p2a: Sableye|move: Protect\n|\n|upkeep\n|turn|2\n|\n|t:|1700478591\n|switch|p2a: Gliscor|Gliscor, M|100\/100\n|move|p1a: Rotom|Volt Switch|p2a: Gliscor\n|-immune|p2a: Gliscor\n|\n|-status|p2a: Gliscor|tox|[from] item: Toxic Orb\n|upkeep\n|turn|3\n|\n|t:|1700478607\n|switch|p1a: Great Tusk|Great Tusk|100\/100\n|move|p2a: Gliscor|Toxic|p1a: Great Tusk\n|-status|p1a: Great Tusk|tox\n|\n|-damage|p1a: Great Tusk|94\/100 tox|[from] psn\n|upkeep\n|turn|4\n|\n|t:|1700478617\n|switch|p2a: Toxapex|Toxapex, M|100\/100\n|move|p1a: Great Tusk|Rapid Spin|p2a: Toxapex\n|-damage|p2a: Toxapex|86\/100\n|-boost|p1a: Great Tusk|spe|1\n|-damage|p1a: Great Tusk|78\/100 tox|[from] item: Rocky Helmet|[of] p2a: Toxapex\n|\n|-damage|p1a: Great Tusk|65\/100 tox|[from] psn\n|upkeep\n|turn|5\n|\n|t:|1700478628\n|switch|p2a: Gliscor|Gliscor, M|100\/100 tox\n|move|p1a: Great Tusk|Headlong Rush|p2a: Gliscor\n|-immune|p2a: Gliscor\n|\n|-damage|p1a: Great Tusk|47\/100 tox|[from] psn\n|upkeep\n|turn|6\n|\n|t:|1700478639\n|switch|p2a: Dondozo|Dondozo, F|100\/100\n|move|p1a: Great Tusk|Ice Spinner|p2a: Dondozo\n|-resisted|p2a: Dondozo\n|-damage|p2a: Dondozo|94\/100\n|\n|-heal|p2a: Dondozo|100\/100|[from] item: Leftovers\n|-damage|p1a: Great Tusk|22\/100 tox|[from] psn\n|upkeep\n|turn|7\n|\n|t:|1700478654\n|move|p1a: Great Tusk|Close Combat|p2a: Dondozo\n|-damage|p2a: Dondozo|75\/100\n|-unboost|p1a: Great Tusk|def|1\n|-unboost|p1a: Great Tusk|spd|1\n|move|p2a: Dondozo|Liquidation|p1a: Great Tusk\n|-supereffective|p1a: Great Tusk\n|-damage|p1a: Great Tusk|0 fnt\n|faint|p1a: Great Tusk\n|-end|p1a: Great Tusk|Protosynthesis|[silent]\n|\n|-heal|p2a: Dondozo|81\/100|[from] item: Leftovers\n|upkeep\n|\n|t:|1700478668\n|switch|p1a: Rotom|Rotom-Mow|100\/100\n|turn|8\n|\n|t:|1700478672\n|switch|p2a: Clodsire|Clodsire, F|100\/100\n|move|p1a: Rotom|Trick|p2a: Clodsire\n|-activate|p1a: Rotom|move: Trick|[of] p2a: Clodsire\n|-item|p2a: Clodsire|Choice Scarf|[from] move: Trick\n|-item|p1a: Rotom|Leftovers|[from] move: Trick\n|\n|upkeep\n|turn|9\n|\n|t:|1700478684\n|move|p1a: Rotom|Will-O-Wisp|p2a: Clodsire|[miss]\n|-miss|p1a: Rotom|p2a: Clodsire\n|move|p2a: Clodsire|Spikes|p1a: Rotom\n|-sidestart|p1: Satellarish|Spikes\n|\n|upkeep\n|turn|10\n|\n|t:|1700478698\n|switch|p2a: Gliscor|Gliscor, M|100\/100 tox\n|move|p1a: Rotom|Leaf Storm|p2a: Gliscor\n|-damage|p2a: Gliscor|24\/100 tox\n|-unboost|p1a: Rotom|spa|2\n|\n|-heal|p2a: Gliscor|36\/100 tox|[from] ability: Poison Heal\n|upkeep\n|turn|11\n|\n|t:|1700478717\n|switch|p2a: Toxapex|Toxapex, M|100\/100\n|move|p1a: Rotom|Trick|p2a: Toxapex\n|-activate|p1a: Rotom|move: Trick|[of] p2a: Toxapex\n|-item|p2a: Toxapex|Leftovers|[from] move: Trick\n|-item|p1a: Rotom|Rocky Helmet|[from] move: Trick\n|\n|upkeep\n|turn|12\n|\n|t:|1700478726\n|switch|p2a: Gliscor|Gliscor, M|36\/100 tox\n|move|p1a: Rotom|Volt Switch|p2a: Gliscor\n|-immune|p2a: Gliscor\n|\n|-heal|p2a: Gliscor|49\/100 tox|[from] ability: Poison Heal\n|upkeep\n|turn|13\n|\n|t:|1700478736\n|switch|p1a: Clodsire|Clodsire, F|100\/100\n|-damage|p1a: Clodsire|88\/100|[from] Spikes\n|move|p2a: Gliscor|Roost|p2a: Gliscor\n|-heal|p2a: Gliscor|99\/100 tox\n|-singleturn|p2a: Gliscor|move: Roost\n|\n|-heal|p1a: Clodsire|94\/100|[from] item: Black Sludge\n|-heal|p2a: Gliscor|100\/100 tox|[from] ability: Poison Heal\n|upkeep\n|turn|14\n|\n|t:|1700478748\n|move|p2a: Gliscor|Earthquake|p1a: Clodsire\n|-supereffective|p1a: Clodsire\n|-damage|p1a: Clodsire|47\/100\n|move|p1a: Clodsire|Counter|p2a: Gliscor\n|-damage|p2a: Gliscor|0 fnt\n|faint|p2a: Gliscor\n|\n|-heal|p1a: Clodsire|54\/100|[from] item: Black Sludge\n|upkeep\n|\n|t:|1700478756\n|switch|p2a: Garganacl|Garganacl, F|100\/100\n|turn|15\n|\n|t:|1700478762\n|move|p2a: Garganacl|Salt Cure|p1a: Clodsire\n|-resisted|p1a: Clodsire\n|-damage|p1a: Clodsire|49\/100\n|-start|p1a: Clodsire|Salt Cure\n|move|p1a: Clodsire|Recover|p1a: Clodsire\n|-heal|p1a: Clodsire|99\/100\n|\n|-heal|p1a: Clodsire|100\/100|[from] item: Black Sludge\n|-damage|p1a: Clodsire|88\/100|[from] Salt Cure\n|upkeep\n|turn|16\n|\n|t:|1700478774\n|switch|p1a: Glimmora|Glimmora, F|100\/100\n|-damage|p1a: Glimmora|88\/100|[from] Spikes\n|move|p2a: Garganacl|Stealth Rock|p1a: Glimmora\n|-sidestart|p1: Satellarish|move: Stealth Rock\n|\n|upkeep\n|turn|17\n|\n|t:|1700478781\n|move|p2a: Garganacl|Protect|p2a: Garganacl\n|-singleturn|p2a: Garganacl|Protect\n|move|p1a: Glimmora|Mortal Spin|p2a: Garganacl\n|-activate|p2a: Garganacl|move: Protect\n|\n|upkeep\n|turn|18\n|\n|t:|1700478792\n|switch|p2a: Clodsire|Clodsire, F|100\/100\n|move|p1a: Glimmora|Mortal Spin|p2a: Clodsire\n|-resisted|p2a: Clodsire\n|-crit|p2a: Clodsire\n|-damage|p2a: Clodsire|98\/100\n|-sideend|p1: Satellarish|Spikes|[from] move: Mortal Spin|[of] p1a: Glimmora\n|-sideend|p1: Satellarish|Stealth Rock|[from] move: Mortal Spin|[of] p1a: Glimmora\n|\n|upkeep\n|turn|19\n|\n|t:|1700478802\n|switch|p1a: Rotom|Rotom-Mow|100\/100\n|move|p2a: Clodsire|Spikes|p1a: Rotom\n|-sidestart|p1: Satellarish|Spikes\n|\n|upkeep\n|turn|20\n|\n|t:|1700478810\n|switch|p2a: Sableye|Sableye-Mega, F|100\/100\n|move|p1a: Rotom|Leaf Storm|p2a: Sableye\n|-damage|p2a: Sableye|45\/100\n|-unboost|p1a: Rotom|spa|2\n|\n|upkeep\n|turn|21\n|\n|t:|1700478820\n|move|p1a: Rotom|Volt Switch|p2a: Sableye\n|-damage|p2a: Sableye|29\/100\n|\n|t:|1700478824\n|switch|p1a: Zarude|Zarude-Dada|100\/100|[from] Volt Switch\n|-damage|p1a: Zarude|88\/100|[from] Spikes\n|move|p2a: Sableye|Recover|p2a: Sableye\n|-heal|p2a: Sableye|79\/100\n|\n|-heal|p1a: Zarude|94\/100|[from] item: Leftovers\n|upkeep\n|turn|22\n|\n|t:|1700478836\n|move|p1a: Zarude|Bulk Up|p1a: Zarude\n|-boost|p1a: Zarude|atk|1\n|-boost|p1a: Zarude|def|1\n|move|p2a: Sableye|Will-O-Wisp|p1a: Zarude\n|-status|p1a: Zarude|brn\n|\n|-heal|p1a: Zarude|99\/100 brn|[from] item: Leftovers\n|-damage|p1a: Zarude|94\/100 brn|[from] brn\n|upkeep\n|turn|23\n|\n|t:|1700478847\n|move|p1a: Zarude|Bulk Up|p1a: Zarude\n|-boost|p1a: Zarude|atk|1\n|-boost|p1a: Zarude|def|1\n|move|p2a: Sableye|Knock Off|p1a: Zarude\n|-resisted|p1a: Zarude\n|-damage|p1a: Zarude|88\/100 brn\n|-enditem|p1a: Zarude|Leftovers|[from] move: Knock Off|[of] p2a: Sableye\n|\n|-damage|p1a: Zarude|82\/100 brn|[from] brn\n|upkeep\n|turn|24\n|\n|t:|1700478857\n|switch|p2a: Toxapex|Toxapex, M|100\/100\n|move|p1a: Zarude|Jungle Healing|p1a: Zarude\n|-heal|p1a: Zarude|100\/100 brn\n|-curestatus|p1a: Zarude|brn|[msg]\n|\n|upkeep\n|turn|25\n|\n|t:|1700478866\n|switch|p2a: Dondozo|Dondozo, F|81\/100\n|move|p1a: Zarude|Power Whip|p2a: Dondozo\n|-supereffective|p2a: Dondozo\n|-damage|p2a: Dondozo|30\/100\n|\n|-heal|p2a: Dondozo|36\/100|[from] item: Leftovers\n|upkeep\n|turn|26\n|\n|t:|1700478875\n|-terastallize|p2a: Dondozo|Dragon\n|move|p1a: Zarude|Power Whip|p2a: Dondozo\n|-resisted|p2a: Dondozo\n|-damage|p2a: Dondozo|23\/100\n|move|p2a: Dondozo|Curse|p2a: Dondozo\n|-unboost|p2a: Dondozo|spe|1\n|-boost|p2a: Dondozo|atk|1\n|-boost|p2a: Dondozo|def|1\n|\n|-heal|p2a: Dondozo|29\/100|[from] item: Leftovers\n|upkeep\n|turn|27\n|\n|t:|1700478890\n|move|p1a: Zarude|Crunch|p2a: Dondozo\n|-crit|p2a: Dondozo\n|-damage|p2a: Dondozo|5\/100\n|move|p2a: Dondozo|Rest|p2a: Dondozo\n|-status|p2a: Dondozo|slp|[from] move: Rest\n|-heal|p2a: Dondozo|100\/100 slp|[silent]\n|\n|upkeep\n|turn|28\n|\n|t:|1700478906\n|move|p1a: Zarude|Bulk Up|p1a: Zarude\n|-boost|p1a: Zarude|atk|1\n|-boost|p1a: Zarude|def|1\n|cant|p2a: Dondozo|slp\n|move|p2a: Dondozo|Sleep Talk|p2a: Dondozo\n|move|p2a: Dondozo|Curse|p2a: Dondozo|[from]move: Sleep Talk\n|-unboost|p2a: Dondozo|spe|1\n|-boost|p2a: Dondozo|atk|1\n|-boost|p2a: Dondozo|def|1\n|\n|upkeep\n|turn|29\n|\n|t:|1700478918\n|move|p1a: Zarude|Bulk Up|p1a: Zarude\n|-boost|p1a: Zarude|atk|1\n|-boost|p1a: Zarude|def|1\n|cant|p2a: Dondozo|slp\n|move|p2a: Dondozo|Sleep Talk|p2a: Dondozo\n|move|p2a: Dondozo|Curse|p2a: Dondozo|[from]move: Sleep Talk\n|-unboost|p2a: Dondozo|spe|1\n|-boost|p2a: Dondozo|atk|1\n|-boost|p2a: Dondozo|def|1\n|\n|upkeep\n|turn|30\n|\n|t:|1700478930\n|move|p1a: Zarude|Bulk Up|p1a: Zarude\n|-boost|p1a: Zarude|atk|1\n|-boost|p1a: Zarude|def|1\n|-curestatus|p2a: Dondozo|slp|[msg]\n|move|p2a: Dondozo|Liquidation|p1a: Zarude\n|-resisted|p1a: Zarude\n|-damage|p1a: Zarude|72\/100\n|\n|upkeep\n|turn|31\n|\n|t:|1700478942\n|move|p1a: Zarude|Bulk Up|p1a: Zarude\n|-boost|p1a: Zarude|atk|1\n|-boost|p1a: Zarude|def|1\n|move|p2a: Dondozo|Curse|p2a: Dondozo\n|-unboost|p2a: Dondozo|spe|1\n|-boost|p2a: Dondozo|atk|1\n|-boost|p2a: Dondozo|def|1\n|\n|upkeep\n|turn|32\n|\n|t:|1700478956\n|move|p1a: Zarude|Crunch|p2a: Dondozo\n|-damage|p2a: Dondozo|95\/100\n|move|p2a: Dondozo|Curse|p2a: Dondozo\n|-unboost|p2a: Dondozo|spe|1\n|-boost|p2a: Dondozo|atk|1\n|-boost|p2a: Dondozo|def|1\n|\n|-heal|p2a: Dondozo|100\/100|[from] item: Leftovers\n|upkeep\n|turn|33\n|\n|t:|1700478966\n|move|p1a: Zarude|Jungle Healing|p1a: Zarude\n|-heal|p1a: Zarude|97\/100\n|move|p2a: Dondozo|Liquidation|p1a: Zarude\n|-resisted|p1a: Zarude\n|-crit|p1a: Zarude\n|-damage|p1a: Zarude|33\/100\n|\n|upkeep\n|turn|34\n|\n|t:|1700478977\n|switch|p1a: Rotom|Rotom-Mow|100\/100\n|move|p2a: Dondozo|Curse|p2a: Dondozo\n|-unboost|p2a: Dondozo|spe|1\n|-boost|p2a: Dondozo|atk|1\n|-boost|p2a: Dondozo|def|1\n|\n|upkeep\n|turn|35\n|\n|t:|1700478991\n|move|p1a: Rotom|Will-O-Wisp|p2a: Dondozo\n|-status|p2a: Dondozo|brn\n|move|p2a: Dondozo|Liquidation|p1a: Rotom\n|-resisted|p1a: Rotom\n|-damage|p1a: Rotom|59\/100\n|-unboost|p1a: Rotom|def|1\n|-damage|p2a: Dondozo|84\/100 brn|[from] item: Rocky Helmet|[of] p1a: Rotom\n|\n|-heal|p2a: Dondozo|90\/100 brn|[from] item: Leftovers\n|-damage|p2a: Dondozo|84\/100 brn|[from] brn\n|upkeep\n|turn|36\n|\n|t:|1700479004\n|move|p1a: Rotom|Trick|p2a: Dondozo\n|-activate|p1a: Rotom|move: Trick|[of] p2a: Dondozo\n|-item|p2a: Dondozo|Rocky Helmet|[from] move: Trick\n|-item|p1a: Rotom|Leftovers|[from] move: Trick\n|move|p2a: Dondozo|Rest|p2a: Dondozo\n|-status|p2a: Dondozo|slp|[from] move: Rest\n|-heal|p2a: Dondozo|100\/100 slp|[silent]\n|\n|-heal|p1a: Rotom|65\/100|[from] item: Leftovers\n|upkeep\n|turn|37\n|\n|t:|1700479017\n|move|p1a: Rotom|Volt Switch|p2a: Dondozo\n|-resisted|p2a: Dondozo\n|-damage|p2a: Dondozo|86\/100 slp\n|\n|t:|1700479023\n|switch|p1a: Glimmora|Glimmora, F|88\/100|[from] Volt Switch\n|-damage|p1a: Glimmora|76\/100|[from] Spikes\n|cant|p2a: Dondozo|slp\n|move|p2a: Dondozo|Sleep Talk|p2a: Dondozo\n|move|p2a: Dondozo|Liquidation|p1a: Glimmora|[from]move: Sleep Talk\n|-supereffective|p1a: Glimmora\n|-damage|p1a: Glimmora|0 fnt\n|-activate|p1a: Glimmora|ability: Toxic Debris\n|-sidestart|p2: sbww34|move: Toxic Spikes\n|faint|p1a: Glimmora\n|\n|upkeep\n|\n|t:|1700479042\n|switch|p1a: Clodsire|Clodsire, F|88\/100\n|-damage|p1a: Clodsire|75\/100|[from] Spikes\n|turn|38\n|\n|t:|1700479047\n|cant|p2a: Dondozo|slp\n|move|p2a: Dondozo|Sleep Talk|p2a: Dondozo\n|move|p2a: Dondozo|Rest||[from]move: Sleep Talk|[still]\n|-fail|p2a: Dondozo\n|move|p1a: Clodsire|Counter||[still]\n|-fail|p1a: Clodsire\n|\n|-heal|p1a: Clodsire|82\/100|[from] item: Black Sludge\n|upkeep\n|turn|39\n|\n|t:|1700479058\n|-curestatus|p2a: Dondozo|slp|[msg]\n|move|p2a: Dondozo|Liquidation|p1a: Clodsire\n|-supereffective|p1a: Clodsire\n|-damage|p1a: Clodsire|40\/100\n|move|p1a: Clodsire|Counter|p2a: Dondozo\n|-damage|p2a: Dondozo|9\/100\n|-damage|p1a: Clodsire|24\/100|[from] item: Rocky Helmet|[of] p2a: Dondozo\n|\n|-heal|p1a: Clodsire|30\/100|[from] item: Black Sludge\n|upkeep\n|turn|40\n|\n|t:|1700479073\n|move|p1a: Clodsire|Recover|p1a: Clodsire\n|-heal|p1a: Clodsire|80\/100\n|move|p2a: Dondozo|Rest|p2a: Dondozo\n|-status|p2a: Dondozo|slp|[from] move: Rest\n|-heal|p2a: Dondozo|100\/100 slp|[silent]\n|\n|-heal|p1a: Clodsire|86\/100|[from] item: Black Sludge\n|upkeep\n|turn|41\n|\n|t:|1700479086\n|switch|p2a: Clodsire|Clodsire, F|98\/100\n|-sideend|p2: sbww34|move: Toxic Spikes|[of] p2a: Clodsire\n|move|p1a: Clodsire|Counter||[still]\n|-fail|p1a: Clodsire\n|\n|-heal|p1a: Clodsire|93\/100|[from] item: Black Sludge\n|upkeep\n|turn|42\n|\n|t:|1700479095\n|move|p2a: Clodsire|Spikes|p1a: Clodsire\n|-sidestart|p1: Satellarish|Spikes\n|move|p1a: Clodsire|Earthquake|p2a: Clodsire\n|-supereffective|p2a: Clodsire\n|-damage|p2a: Clodsire|40\/100\n|\n|-heal|p1a: Clodsire|99\/100|[from] item: Black Sludge\n|upkeep\n|turn|43\n|\n|t:|1700479105\n|switch|p2a: Sableye|Sableye-Mega, F|79\/100\n|move|p1a: Clodsire|Earthquake|p2a: Sableye\n|-damage|p2a: Sableye|60\/100\n|\n|-heal|p1a: Clodsire|100\/100|[from] item: Black Sludge\n|upkeep\n|turn|44\n|\n|t:|1700479115\n|move|p2a: Sableye|Recover|p2a: Sableye\n|-heal|p2a: Sableye|100\/100\n|move|p1a: Clodsire|Earthquake|p2a: Sableye\n|-damage|p2a: Sableye|82\/100\n|\n|upkeep\n|turn|45\n|\n|t:|1700479128\n|switch|p1a: Rotom|Rotom-Mow|65\/100\n|move|p2a: Sableye|Knock Off|p1a: Rotom\n|-damage|p1a: Rotom|27\/100\n|-enditem|p1a: Rotom|Leftovers|[from] move: Knock Off|[of] p2a: Sableye\n|\n|upkeep\n|turn|46\n|\n|t:|1700479138\n|move|p2a: Sableye|Protect|p2a: Sableye\n|-singleturn|p2a: Sableye|Protect\n|move|p1a: Rotom|Volt Switch|p2a: Sableye\n|-activate|p2a: Sableye|move: Protect\n|\n|upkeep\n|turn|47\n|\n|t:|1700479145\n|switch|p1a: Clodsire|Clodsire, F|100\/100\n|-damage|p1a: Clodsire|84\/100|[from] Spikes\n|move|p2a: Sableye|Recover|p2a: Sableye\n|-heal|p2a: Sableye|100\/100\n|\n|-heal|p1a: Clodsire|90\/100|[from] item: Black Sludge\n|upkeep\n|turn|48\n|\n|t:|1700479174\n|switch|p1a: Skeledirge|Skeledirge, M|100\/100\n|-damage|p1a: Skeledirge|84\/100|[from] Spikes\n|move|p2a: Sableye|Will-O-Wisp|p1a: Skeledirge\n|-immune|p1a: Skeledirge\n|\n|-heal|p1a: Skeledirge|90\/100|[from] item: Leftovers\n|upkeep\n|turn|49\n|\n|t:|1700479187\n|-terastallize|p1a: Skeledirge|Water\n|move|p1a: Skeledirge|Torch Song|p2a: Sableye\n|-damage|p2a: Sableye|71\/100\n|-boost|p1a: Skeledirge|spa|1\n|move|p2a: Sableye|Knock Off|p1a: Skeledirge\n|-damage|p1a: Skeledirge|68\/100\n|-enditem|p1a: Skeledirge|Leftovers|[from] move: Knock Off|[of] p2a: Sableye\n|\n|upkeep\n|turn|50\n|\n|t:|1700479197\n|switch|p2a: Garganacl|Garganacl, F|100\/100\n|move|p1a: Skeledirge|Torch Song|p2a: Garganacl\n|-resisted|p2a: Garganacl\n|-damage|p2a: Garganacl|86\/100\n|-boost|p1a: Skeledirge|spa|1\n|\n|-heal|p2a: Garganacl|92\/100|[from] item: Leftovers\n|upkeep\n|turn|51\n|\n|t:|1700479211\n|move|p2a: Garganacl|Protect|p2a: Garganacl\n|-singleturn|p2a: Garganacl|Protect\n|move|p1a: Skeledirge|Earth Power|p2a: Garganacl\n|-activate|p2a: Garganacl|move: Protect\n|\n|-heal|p2a: Garganacl|98\/100|[from] item: Leftovers\n|upkeep\n|turn|52\n|\n|t:|1700479221\n|move|p1a: Skeledirge|Slack Off|p1a: Skeledirge\n|-heal|p1a: Skeledirge|100\/100\n|move|p2a: Garganacl|Salt Cure|p1a: Skeledirge\n|-damage|p1a: Skeledirge|88\/100\n|-start|p1a: Skeledirge|Salt Cure\n|\n|-heal|p2a: Garganacl|100\/100|[from] item: Leftovers\n|-damage|p1a: Skeledirge|63\/100|[from] Salt Cure\n|upkeep\n|turn|53\n|\n|t:|1700479233\n|move|p2a: Garganacl|Protect|p2a: Garganacl\n|-singleturn|p2a: Garganacl|Protect\n|move|p1a: Skeledirge|Slack Off|p1a: Skeledirge\n|-heal|p1a: Skeledirge|100\/100\n|\n|-damage|p1a: Skeledirge|76\/100|[from] Salt Cure\n|upkeep\n|turn|54\n|\n|t:|1700479242\n|switch|p2a: Clodsire|Clodsire, F|40\/100\n|move|p1a: Skeledirge|Earth Power|p2a: Clodsire\n|-supereffective|p2a: Clodsire\n|-damage|p2a: Clodsire|14\/100\n|-unboost|p2a: Clodsire|spd|1\n|\n|-damage|p1a: Skeledirge|51\/100|[from] Salt Cure\n|upkeep\n|turn|55\n|\n|t:|1700479255\n|move|p1a: Skeledirge|Slack Off|p1a: Skeledirge\n|-heal|p1a: Skeledirge|100\/100\n|move|p2a: Clodsire|Recover|p2a: Clodsire\n|-heal|p2a: Clodsire|64\/100\n|\n|-damage|p1a: Skeledirge|76\/100|[from] Salt Cure\n|upkeep\n|turn|56\n|\n|t:|1700479266\n|switch|p1a: Rotom|Rotom-Mow|27\/100\n|move|p2a: Clodsire|Recover|p2a: Clodsire\n|-heal|p2a: Clodsire|100\/100\n|\n|upkeep\n|turn|57\n|\n|t:|1700479272\n|switch|p2a: Sableye|Sableye-Mega, F|71\/100\n|move|p1a: Rotom|Leaf Storm|p2a: Sableye\n|-damage|p2a: Sableye|17\/100\n|-unboost|p1a: Rotom|spa|2\n|\n|upkeep\n|turn|58\n|\n|t:|1700479284\n|switch|p2a: Clodsire|Clodsire, F|100\/100\n|move|p1a: Rotom|Leaf Storm|p2a: Clodsire\n|-damage|p2a: Clodsire|69\/100\n|-unboost|p1a: Rotom|spa|2\n|\n|upkeep\n|turn|59\n|\n|t:|1700479294\n|switch|p1a: Zarude|Zarude-Dada|33\/100\n|-damage|p1a: Zarude|16\/100|[from] Spikes\n|switch|p2a: Garganacl|Garganacl, F|100\/100\n|\n|upkeep\n|turn|60\n|\n|t:|1700479303\n|move|p1a: Zarude|Power Whip|p2a: Garganacl\n|-supereffective|p2a: Garganacl\n|-damage|p2a: Garganacl|24\/100\n|move|p2a: Garganacl|Salt Cure|p1a: Zarude\n|-damage|p1a: Zarude|4\/100\n|-start|p1a: Zarude|Salt Cure\n|\n|-heal|p2a: Garganacl|30\/100|[from] item: Leftovers\n|-damage|p1a: Zarude|0 fnt|[from] Salt Cure\n|faint|p1a: Zarude\n|upkeep\n|\n|t:|1700479314\n|switch|p1a: Rotom|Rotom-Mow|27\/100\n|turn|61\n|\n|t:|1700479325\n|move|p2a: Garganacl|Protect|p2a: Garganacl\n|-singleturn|p2a: Garganacl|Protect\n|move|p1a: Rotom|Volt Switch|p2a: Garganacl\n|-activate|p2a: Garganacl|move: Protect\n|\n|-heal|p2a: Garganacl|36\/100|[from] item: Leftovers\n|upkeep\n|turn|62\n|\n|t:|1700479334\n|switch|p2a: Clodsire|Clodsire, F|69\/100\n|move|p1a: Rotom|Leaf Storm|p2a: Clodsire\n|-damage|p2a: Clodsire|38\/100\n|-unboost|p1a: Rotom|spa|2\n|\n|upkeep\n|turn|63\n|\n|t:|1700479343\n|switch|p2a: Toxapex|Toxapex, M|100\/100\n|move|p1a: Rotom|Will-O-Wisp|p2a: Toxapex\n|-status|p2a: Toxapex|brn\n|\n|-damage|p2a: Toxapex|94\/100 brn|[from] brn\n|upkeep\n|turn|64\n|\n|t:|1700479354\n|move|p1a: Rotom|Trick|p2a: Toxapex\n|-activate|p1a: Rotom|move: Trick|[of] p2a: Toxapex\n|-enditem|p2a: Toxapex|Leftovers|[silent]|[from] move: Trick\n|-item|p1a: Rotom|Leftovers|[from] move: Trick\n|move|p2a: Toxapex|Scald|p1a: Rotom\n|-resisted|p1a: Rotom\n|-damage|p1a: Rotom|16\/100\n|\n|-heal|p1a: Rotom|22\/100|[from] item: Leftovers\n|-damage|p2a: Toxapex|88\/100 brn|[from] brn\n|upkeep\n|turn|65\n|\n|t:|1700479367\n|switch|p1a: Skeledirge|Skeledirge, M, tera:Water|76\/100\n|-damage|p1a: Skeledirge|59\/100|[from] Spikes\n|move|p2a: Toxapex|Toxic|p1a: Skeledirge\n|-status|p1a: Skeledirge|tox\n|\n|-damage|p1a: Skeledirge|53\/100 tox|[from] psn\n|-damage|p2a: Toxapex|82\/100 brn|[from] brn\n|upkeep\n|turn|66\n|\n|t:|1700479378\n|move|p1a: Skeledirge|Earth Power|p2a: Toxapex\n|-supereffective|p2a: Toxapex\n|-damage|p2a: Toxapex|50\/100 brn\n|move|p2a: Toxapex|Recover|p2a: Toxapex\n|-heal|p2a: Toxapex|99\/100 brn\n|\n|-damage|p1a: Skeledirge|40\/100 tox|[from] psn\n|-damage|p2a: Toxapex|94\/100 brn|[from] brn\n|upkeep\n|turn|67\n|\n|t:|1700479393\n|move|p1a: Skeledirge|Hex|p2a: Toxapex\n|-damage|p2a: Toxapex|63\/100 brn\n|move|p2a: Toxapex|Recover|p2a: Toxapex\n|-heal|p2a: Toxapex|100\/100 brn\n|\n|-damage|p1a: Skeledirge|22\/100 tox|[from] psn\n|-damage|p2a: Toxapex|94\/100 brn|[from] brn\n|upkeep\n|turn|68\n|\n|t:|1700479403\n|switch|p1a: Clodsire|Clodsire, F|90\/100\n|-damage|p1a: Clodsire|74\/100|[from] Spikes\n|move|p2a: Toxapex|Recover|p2a: Toxapex\n|-heal|p2a: Toxapex|100\/100 brn\n|\n|-heal|p1a: Clodsire|80\/100|[from] item: Black Sludge\n|-damage|p2a: Toxapex|94\/100 brn|[from] brn\n|upkeep\n|turn|69\n|\n|t:|1700479416\n|switch|p2a: Dondozo|Dondozo, F, tera:Dragon|100\/100 slp\n|move|p1a: Clodsire|Earthquake|p2a: Dondozo\n|-damage|p2a: Dondozo|88\/100 slp\n|\n|-heal|p1a: Clodsire|86\/100|[from] item: Black Sludge\n|upkeep\n|turn|70\n|\n|t:|1700479430\n|switch|p2a: Toxapex|Toxapex, M|100\/100 brn\n|move|p1a: Clodsire|Stealth Rock|p2a: Toxapex\n|-sidestart|p2: sbww34|move: Stealth Rock\n|\n|-heal|p1a: Clodsire|92\/100|[from] item: Black Sludge\n|-damage|p2a: Toxapex|94\/100 brn|[from] brn\n|upkeep\n|turn|71\n|\n|t:|1700479441\n|move|p2a: Toxapex|Scald|p1a: Clodsire\n|-supereffective|p1a: Clodsire\n|-damage|p1a: Clodsire|69\/100\n|move|p1a: Clodsire|Earthquake|p2a: Toxapex\n|-supereffective|p2a: Toxapex\n|-damage|p2a: Toxapex|49\/100 brn\n|\n|-heal|p1a: Clodsire|75\/100|[from] item: Black Sludge\n|-damage|p2a: Toxapex|43\/100 brn|[from] brn\n|upkeep\n|turn|72\n|\n|t:|1700479456\n|move|p2a: Toxapex|Scald|p1a: Clodsire\n|-supereffective|p1a: Clodsire\n|-damage|p1a: Clodsire|48\/100\n|move|p1a: Clodsire|Earthquake|p2a: Toxapex\n|-supereffective|p2a: Toxapex\n|-damage|p2a: Toxapex|0 fnt\n|faint|p2a: Toxapex\n|\n|-heal|p1a: Clodsire|54\/100|[from] item: Black Sludge\n|upkeep\n|\n|t:|1700479462\n|switch|p2a: Sableye|Sableye-Mega, F|17\/100\n|-damage|p2a: Sableye|5\/100|[from] Stealth Rock\n|turn|73\n|\n|t:|1700479473\n|switch|p1a: Skeledirge|Skeledirge, M, tera:Water|22\/100 tox\n|-damage|p1a: Skeledirge|5\/100 tox|[from] Spikes\n|move|p2a: Sableye|Knock Off|p1a: Skeledirge\n|-damage|p1a: Skeledirge|0 fnt\n|faint|p1a: Skeledirge\n|\n|upkeep\n|\n|t:|1700479482\n|switch|p1a: Rotom|Rotom-Mow|22\/100\n|turn|74\n|\n|t:|1700479486\n|move|p2a: Sableye|Protect|p2a: Sableye\n|-singleturn|p2a: Sableye|Protect\n|move|p1a: Rotom|Leaf Storm|p2a: Sableye\n|-activate|p2a: Sableye|move: Protect\n|\n|-heal|p1a: Rotom|28\/100|[from] item: Leftovers\n|upkeep\n|turn|75\n|\n|t:|1700479501\n|move|p1a: Rotom|Will-O-Wisp|p2a: Sableye\n|move|p2a: Sableye|Will-O-Wisp|p1a: Rotom|[from]ability: Magic Bounce\n|-status|p1a: Rotom|brn\n|move|p2a: Sableye|Recover|p2a: Sableye\n|-heal|p2a: Sableye|55\/100\n|\n|-heal|p1a: Rotom|35\/100 brn|[from] item: Leftovers\n|-damage|p1a: Rotom|28\/100 brn|[from] brn\n|upkeep\n|turn|76\n|\n|t:|1700479514\n|move|p1a: Rotom|Leaf Storm|p2a: Sableye\n|-damage|p2a: Sableye|0 fnt\n|-unboost|p1a: Rotom|spa|2\n|faint|p2a: Sableye\n|\n|-heal|p1a: Rotom|35\/100 brn|[from] item: Leftovers\n|-damage|p1a: Rotom|28\/100 brn|[from] brn\n|upkeep\n|\n|t:|1700479522\n|switch|p2a: Garganacl|Garganacl, F|36\/100\n|-damage|p2a: Garganacl|24\/100|[from] Stealth Rock\n|turn|77\n|\n|t:|1700479526\n|move|p1a: Rotom|Leaf Storm|p2a: Garganacl\n|-supereffective|p2a: Garganacl\n|-damage|p2a: Garganacl|0 fnt\n|-unboost|p1a: Rotom|spa|2\n|faint|p2a: Garganacl\n|\n|-heal|p1a: Rotom|35\/100 brn|[from] item: Leftovers\n|-damage|p1a: Rotom|28\/100 brn|[from] brn\n|upkeep\n|\n|t:|1700479530\n|switch|p2a: Dondozo|Dondozo, F, tera:Dragon|88\/100 slp\n|-damage|p2a: Dondozo|76\/100 slp|[from] Stealth Rock\n|turn|78\n|\n|t:|1700479541\n|move|p1a: Rotom|Volt Switch|p2a: Dondozo\n|-resisted|p2a: Dondozo\n|-damage|p2a: Dondozo|62\/100 slp\n|\n|t:|1700479544\n|switch|p1a: Clodsire|Clodsire, F|54\/100|[from] Volt Switch\n|-damage|p1a: Clodsire|38\/100|[from] Spikes\n|cant|p2a: Dondozo|slp\n|\n|-heal|p1a: Clodsire|44\/100|[from] item: Black Sludge\n|upkeep\n|turn|79\n|\n|t:|1700479559\n|switch|p2a: Clodsire|Clodsire, F|38\/100\n|-damage|p2a: Clodsire|32\/100|[from] Stealth Rock\n|move|p1a: Clodsire|Recover|p1a: Clodsire\n|-heal|p1a: Clodsire|94\/100\n|\n|-heal|p1a: Clodsire|99\/100|[from] item: Black Sludge\n|upkeep\n|turn|80\n|\n|t:|1700479569\n|move|p2a: Clodsire|Spikes|p1a: Clodsire\n|-sidestart|p1: Satellarish|Spikes\n|move|p1a: Clodsire|Earthquake|p2a: Clodsire\n|-supereffective|p2a: Clodsire\n|-damage|p2a: Clodsire|0 fnt\n|faint|p2a: Clodsire\n|\n|-heal|p1a: Clodsire|100\/100|[from] item: Black Sludge\n|upkeep\n|\n|t:|1700479572\n|switch|p2a: Dondozo|Dondozo, F, tera:Dragon|62\/100 slp\n|-damage|p2a: Dondozo|50\/100 slp|[from] Stealth Rock\n|turn|81\n|\n|t:|1700479594\n|switch|p1a: Rotom|Rotom-Mow|28\/100 brn\n|cant|p2a: Dondozo|slp\n|\n|-heal|p1a: Rotom|35\/100 brn|[from] item: Leftovers\n|-damage|p1a: Rotom|28\/100 brn|[from] brn\n|upkeep\n|turn|82\n|\n|t:|1700479608\n|move|p1a: Rotom|Volt Switch|p2a: Dondozo\n|-resisted|p2a: Dondozo\n|-damage|p2a: Dondozo|34\/100 slp\n|\n|t:|1700479612\n|switch|p1a: Clodsire|Clodsire, F|100\/100|[from] Volt Switch\n|-damage|p1a: Clodsire|75\/100|[from] Spikes\n|-curestatus|p2a: Dondozo|slp|[msg]\n|move|p2a: Dondozo|Rest|p2a: Dondozo\n|-status|p2a: Dondozo|slp|[from] move: Rest\n|-heal|p2a: Dondozo|100\/100 slp|[silent]\n|\n|-heal|p1a: Clodsire|82\/100|[from] item: Black Sludge\n|upkeep\n|turn|83\n|\n|t:|1700479628\n|switch|p1a: Rotom|Rotom-Mow|28\/100 brn\n|cant|p2a: Dondozo|slp\n|move|p2a: Dondozo|Sleep Talk|p2a: Dondozo\n|move|p2a: Dondozo|Rest||[from]move: Sleep Talk|[still]\n|-fail|p2a: Dondozo\n|\n|-heal|p1a: Rotom|35\/100 brn|[from] item: Leftovers\n|-damage|p1a: Rotom|28\/100 brn|[from] brn\n|upkeep\n|turn|84\n|\n|t:|1700479643\n|move|p1a: Rotom|Volt Switch|p2a: Dondozo\n|-resisted|p2a: Dondozo\n|-damage|p2a: Dondozo|87\/100 slp\n|\n|t:|1700479647\n|switch|p1a: Clodsire|Clodsire, F|82\/100|[from] Volt Switch\n|-damage|p1a: Clodsire|57\/100|[from] Spikes\n|cant|p2a: Dondozo|slp\n|move|p2a: Dondozo|Sleep Talk|p2a: Dondozo\n|move|p2a: Dondozo|Rest||[from]move: Sleep Talk|[still]\n|-fail|p2a: Dondozo\n|\n|-heal|p1a: Clodsire|63\/100|[from] item: Black Sludge\n|upkeep\n|turn|85\n|\n|t:|1700479661\n|-curestatus|p2a: Dondozo|slp|[msg]\n|move|p2a: Dondozo|Liquidation|p1a: Clodsire\n|-supereffective|p1a: Clodsire\n|-damage|p1a: Clodsire|22\/100\n|-unboost|p1a: Clodsire|def|1\n|move|p1a: Clodsire|Recover|p1a: Clodsire\n|-heal|p1a: Clodsire|72\/100\n|\n|-heal|p1a: Clodsire|78\/100|[from] item: Black Sludge\n|upkeep\n|turn|86\n|\n|t:|1700479675\n|move|p2a: Dondozo|Curse|p2a: Dondozo\n|-unboost|p2a: Dondozo|spe|1\n|-boost|p2a: Dondozo|atk|1\n|-boost|p2a: Dondozo|def|1\n|move|p1a: Clodsire|Counter||[still]\n|-fail|p1a: Clodsire\n|\n|-heal|p1a: Clodsire|84\/100|[from] item: Black Sludge\n|upkeep\n|turn|87\n|\n|t:|1700479685\n|move|p2a: Dondozo|Liquidation|p1a: Clodsire\n|-supereffective|p1a: Clodsire\n|-damage|p1a: Clodsire|38\/100\n|move|p1a: Clodsire|Counter|p2a: Dondozo\n|-damage|p2a: Dondozo|0 fnt\n|-damage|p1a: Clodsire|21\/100|[from] item: Rocky Helmet|[of] p2a: Dondozo\n|faint|p2a: Dondozo\n|\n|win|Satellarish\n|raw|Satellarish's rating: 1143 &rarr; <strong>1174<\/strong><br \/>(+31 for winning)\n|raw|sbww34's rating: 1221 &rarr; <strong>1190<\/strong><br \/>(-31 for losing)\n|l|\u2606sbww34\n","uploadtime":1700479696,"views":1,"p1id":"satellarish","p2id":"sbww34","formatid":"gen9nationaldex","rating":1174,"private":0,"password":""}