{"id":"gen9nationaldex-1990021826","p1":"JogadorCaro","p2":"Rising skies","format":"[Gen 9] National Dex","log":"|j|\u2606JogadorCaro\n|j|\u2606Rising skies\n|t:|1699916232\n|gametype|singles\n|player|p1|JogadorCaro|tate|1706\n|player|p2|Rising skies|fisherman-gen4|1586\n|teamsize|p1|6\n|teamsize|p2|6\n|gen|9\n|tier|[Gen 9] National Dex\n|rated|\n|rule|HP Percentage Mod: HP is shown in percentages\n|rule|Endless Battle Clause: Forcing endless battles is banned\n|rule|OHKO Clause: OHKO moves are banned\n|rule|Evasion Clause: Evasion abilities, items, and moves are banned\n|rule|Evasion Abilities Clause: Evasion abilities are banned\n|rule|Evasion Items Clause: Evasion items are banned\n|rule|Evasion Moves Clause: Evasion moves are banned\n|rule|Species Clause: Limit one of each Pok\u00e9mon\n|rule|Sleep Clause Mod: Limit one foe put to sleep\n|clearpoke\n|poke|p1|Garganacl, M|\n|poke|p1|Zamazenta-*|\n|poke|p1|Volcarona, M|\n|poke|p1|Hoopa-Unbound|\n|poke|p1|Dondozo, F|\n|poke|p1|Rotom-Wash|\n|poke|p2|Tapu Lele|\n|poke|p2|Zamazenta-*|\n|poke|p2|Meowscarada, F|\n|poke|p2|Beedrill, F|\n|poke|p2|Excadrill, F|\n|poke|p2|Alakazam, M|\n|teampreview\n|inactive|Battle timer is ON: inactive players will automatically lose when time's up. (requested by Rising skies)\n|j| adghhgtyh\n|l| adghhgtyh\n|inactive|Rising skies has 120 seconds left.\n|\n|t:|1699916272\n|start\n|switch|p1a: mulher|Rotom-Wash|100\/100\n|switch|p2a: Meowscarada|Meowscarada, F|100\/100\n|turn|1\n|\n|t:|1699916295\n|switch|p1a: Endeavor|Volcarona, M|100\/100\n|move|p2a: Meowscarada|Flower Trick|p1a: Endeavor\n|-start|p2a: Meowscarada|typechange|Grass|[from] ability: Protean\n|-resisted|p1a: Endeavor\n|-crit|p1a: Endeavor\n|-damage|p1a: Endeavor|71\/100\n|\n|upkeep\n|turn|2\n|\n|t:|1699916318\n|switch|p2a: Tapu Lele|Tapu Lele|100\/100\n|-fieldstart|move: Psychic Terrain|[from] ability: Psychic Surge|[of] p2a: Tapu Lele\n|move|p1a: Endeavor|Fiery Dance|p2a: Tapu Lele\n|-damage|p2a: Tapu Lele|58\/100\n|-boost|p1a: Endeavor|spa|1\n|\n|upkeep\n|turn|3\n|\n|t:|1699916330\n|switch|p1a: Agito|Hoopa-Unbound|100\/100\n|move|p2a: Tapu Lele|Psyshock|p1a: Agito\n|-immune|p1a: Agito\n|\n|upkeep\n|turn|4\n|\n|t:|1699916339\n|move|p2a: Tapu Lele|Moonblast|p1a: Agito\n|-supereffective|p1a: Agito\n|-damage|p1a: Agito|6\/100\n|move|p1a: Agito|Dark Pulse|p2a: Tapu Lele\n|-damage|p2a: Tapu Lele|0 fnt\n|faint|p2a: Tapu Lele\n|\n|upkeep\n|\n|t:|1699916346\n|switch|p2a: Beedrill|Beedrill, F|100\/100\n|turn|5\n|\n|t:|1699916351\n|detailschange|p2a: Beedrill|Beedrill-Mega, F\n|-mega|p2a: Beedrill|Beedrill|Beedrillite\n|move|p2a: Beedrill|U-turn|p1a: Agito\n|-supereffective|p1a: Agito\n|-damage|p1a: Agito|0 fnt\n|faint|p1a: Agito\n|\n|t:|1699916357\n|switch|p2a: Alakazam|Alakazam, M|100\/100|[from] U-turn\n|\n|upkeep\n|\n|t:|1699916368\n|switch|p1a: Bale\u00e3o|Dondozo, F|100\/100\n|turn|6\n|\n|t:|1699916373\n|move|p2a: Alakazam|Expanding Force|p1a: Bale\u00e3o\n|-damage|p1a: Bale\u00e3o|48\/100\n|move|p1a: Bale\u00e3o|Wave Crash|p2a: Alakazam\n|-damage|p2a: Alakazam|0 fnt\n|faint|p2a: Alakazam\n|-damage|p1a: Bale\u00e3o|32\/100|[from] Recoil\n|\n|-heal|p1a: Bale\u00e3o|38\/100|[from] item: Leftovers\n|upkeep\n|\n|t:|1699916386\n|switch|p2a: Meowscarada|Meowscarada, F|100\/100\n|turn|7\n|\n|t:|1699916390\n|move|p2a: Meowscarada|Play Rough|p1a: Bale\u00e3o\n|-start|p2a: Meowscarada|typechange|Fairy|[from] ability: Protean\n|-damage|p1a: Bale\u00e3o|1\/100\n|move|p1a: Bale\u00e3o|Wave Crash|p2a: Meowscarada\n|-damage|p2a: Meowscarada|39\/100\n|-damage|p1a: Bale\u00e3o|0 fnt|[from] Recoil\n|faint|p1a: Bale\u00e3o\n|\n|upkeep\n|\n|t:|1699916398\n|switch|p1a: Endeavor|Volcarona, M|71\/100\n|turn|8\n|\n|t:|1699916408\n|move|p2a: Meowscarada|Play Rough|p1a: Endeavor\n|-resisted|p1a: Endeavor\n|-damage|p1a: Endeavor|19\/100\n|-status|p2a: Meowscarada|brn|[from] ability: Flame Body|[of] p1a: Endeavor\n|move|p1a: Endeavor|Fiery Dance|p2a: Meowscarada\n|-damage|p2a: Meowscarada|0 fnt\n|faint|p2a: Meowscarada\n|\n|upkeep\n|c|\u2606JogadorCaro|receba\n|\n|t:|1699916424\n|switch|p2a: Beedrill|Beedrill-Mega, F|100\/100\n|turn|9\n|c|\u2606Rising skies|what?\n|j| slobadd\n|c|\u2606JogadorCaro|is a brazilian meme\n|c|\u2606JogadorCaro|dont care about it\n|\n|t:|1699916446\n|move|p2a: Beedrill|Poison Jab|p1a: Endeavor\n|-damage|p1a: Endeavor|0 fnt\n|-status|p2a: Beedrill|brn|[from] ability: Flame Body|[of] p1a: Endeavor\n|faint|p1a: Endeavor\n|\n|-damage|p2a: Beedrill|94\/100 brn|[from] brn\n|-fieldend|move: Psychic Terrain\n|upkeep\n|c|\u2606JogadorCaro|\"luva de pedreiro\"\n|\n|t:|1699916453\n|switch|p1a: Toji|Zamazenta|100\/100\n|-ability|p1a: Toji|Dauntless Shield|boost\n|-boost|p1a: Toji|def|1\n|turn|10\n|c|\u2606JogadorCaro|MISS CLICK\n|c|\u2606JogadorCaro|OH MY GOD\n|\n|t:|1699916467\n|move|p2a: Beedrill|Poison Jab|p1a: Toji\n|-damage|p1a: Toji|80\/100\n|move|p1a: Toji|Close Combat|p2a: Beedrill\n|-resisted|p2a: Beedrill\n|-damage|p2a: Beedrill|33\/100 brn\n|-unboost|p1a: Toji|def|1\n|-unboost|p1a: Toji|spd|1\n|\n|-damage|p2a: Beedrill|27\/100 brn|[from] brn\n|upkeep\n|turn|11\n|\n|t:|1699916477\n|switch|p1a: Mahoraga|Garganacl, M|100\/100\n|move|p2a: Beedrill|Poison Jab|p1a: Mahoraga\n|-resisted|p1a: Mahoraga\n|-damage|p1a: Mahoraga|92\/100\n|\n|-heal|p1a: Mahoraga|98\/100|[from] item: Leftovers\n|-damage|p2a: Beedrill|21\/100 brn|[from] brn\n|upkeep\n|turn|12\n|\n|t:|1699916486\n|move|p2a: Beedrill|Drill Run|p1a: Mahoraga\n|-supereffective|p1a: Mahoraga\n|-damage|p1a: Mahoraga|84\/100\n|move|p1a: Mahoraga|Iron Defense|p1a: Mahoraga\n|-boost|p1a: Mahoraga|def|2\n|\n|-heal|p1a: Mahoraga|90\/100|[from] item: Leftovers\n|-damage|p2a: Beedrill|14\/100 brn|[from] brn\n|upkeep\n|turn|13\n|\n|t:|1699916495\n|switch|p2a: Zamazenta|Zamazenta|100\/100\n|-ability|p2a: Zamazenta|Dauntless Shield|boost\n|-boost|p2a: Zamazenta|def|1\n|move|p1a: Mahoraga|Iron Defense|p1a: Mahoraga\n|-boost|p1a: Mahoraga|def|2\n|\n|-heal|p1a: Mahoraga|96\/100|[from] item: Leftovers\n|upkeep\n|turn|14\n|\n|t:|1699916503\n|move|p2a: Zamazenta|Substitute|p2a: Zamazenta\n|-start|p2a: Zamazenta|Substitute\n|-damage|p2a: Zamazenta|76\/100\n|move|p1a: Mahoraga|Iron Defense|p1a: Mahoraga\n|-boost|p1a: Mahoraga|def|2\n|\n|-heal|p2a: Zamazenta|82\/100|[from] item: Leftovers\n|-heal|p1a: Mahoraga|100\/100|[from] item: Leftovers\n|upkeep\n|turn|15\n|\n|t:|1699916510\n|move|p2a: Zamazenta|Iron Defense|p2a: Zamazenta\n|-boost|p2a: Zamazenta|def|2\n|move|p1a: Mahoraga|Body Press|p2a: Zamazenta\n|-end|p2a: Zamazenta|Substitute\n|\n|-heal|p2a: Zamazenta|88\/100|[from] item: Leftovers\n|upkeep\n|turn|16\n|c|\u2606JogadorCaro|are you kidding with me\n|\n|t:|1699916519\n|-terastallize|p1a: Mahoraga|Ghost\n|move|p2a: Zamazenta|Iron Defense|p2a: Zamazenta\n|-boost|p2a: Zamazenta|def|2\n|move|p1a: Mahoraga|Body Press|p2a: Zamazenta\n|-damage|p2a: Zamazenta|64\/100\n|\n|-heal|p2a: Zamazenta|70\/100|[from] item: Leftovers\n|upkeep\n|turn|17\n|\n|t:|1699916526\n|move|p2a: Zamazenta|Substitute|p2a: Zamazenta\n|-start|p2a: Zamazenta|Substitute\n|-damage|p2a: Zamazenta|46\/100\n|move|p1a: Mahoraga|Body Press|p2a: Zamazenta\n|-activate|p2a: Zamazenta|move: Substitute|[damage]\n|\n|-heal|p2a: Zamazenta|52\/100|[from] item: Leftovers\n|upkeep\n|turn|18\n|\n|t:|1699916533\n|move|p2a: Zamazenta|Iron Defense|p2a: Zamazenta\n|-boost|p2a: Zamazenta|def|1\n|move|p1a: Mahoraga|Body Press|p2a: Zamazenta\n|-end|p2a: Zamazenta|Substitute\n|\n|-heal|p2a: Zamazenta|58\/100|[from] item: Leftovers\n|upkeep\n|turn|19\n|c|\u2606Rising skies|damn mines not tera ghost ho\n|c|\u2606Rising skies|th\n|\n|t:|1699916546\n|move|p2a: Zamazenta|Crunch|p1a: Mahoraga\n|-supereffective|p1a: Mahoraga\n|-damage|p1a: Mahoraga|95\/100\n|move|p1a: Mahoraga|Salt Cure|p2a: Zamazenta\n|-resisted|p2a: Zamazenta\n|-damage|p2a: Zamazenta|57\/100\n|-start|p2a: Zamazenta|Salt Cure\n|\n|-heal|p2a: Zamazenta|63\/100|[from] item: Leftovers\n|-heal|p1a: Mahoraga|100\/100|[from] item: Leftovers\n|-damage|p2a: Zamazenta|50\/100|[from] Salt Cure\n|upkeep\n|turn|20\n|-message|Rising skies forfeited.\n|\n|win|JogadorCaro\n|raw|JogadorCaro's rating: 1706 &rarr; <strong>1719<\/strong><br \/>(+13 for winning)\n|raw|Rising skies's rating: 1586 &rarr; <strong>1573<\/strong><br \/>(-13 for losing)\n|l|\u2606Rising skies\n|l| slobadd\n","uploadtime":1699916682,"views":6,"p1id":"jogadorcaro","p2id":"risingskies","formatid":"gen9nationaldex","rating":1573,"private":0,"password":""}