{"id":"gen9nationaldex-1995995499","p1":"Starwarier","p2":"jiyanyu","format":"[Gen 9] National Dex","log":"|html|<div class=\"broadcast-blue\"><strong>[Gen 9] National Dex is currently suspecting Sneasler! For information on how to participate check out the <a href=\"https:\/\/www.smogon.com\/forums\/threads\/sv-national-dex-suspect-8-just-dance.3731534\/\">suspect thread<\/a>.<\/strong><\/div>\n|j|\u2606Starwarier\n|j|\u2606jiyanyu\n|t:|1700626833\n|gametype|singles\n|player|p1|Starwarier|265|1149\n|player|p2|jiyanyu|dawn|1199\n|teamsize|p1|6\n|teamsize|p2|6\n|gen|9\n|tier|[Gen 9] National Dex\n|rated|\n|rule|HP Percentage Mod: HP is shown in percentages\n|rule|Endless Battle Clause: Forcing endless battles is banned\n|rule|OHKO Clause: OHKO moves are banned\n|rule|Evasion Clause: Evasion abilities, items, and moves are banned\n|rule|Evasion Abilities Clause: Evasion abilities are banned\n|rule|Evasion Items Clause: Evasion items are banned\n|rule|Evasion Moves Clause: Evasion moves are banned\n|rule|Species Clause: Limit one of each Pok\u00e9mon\n|rule|Sleep Clause Mod: Limit one foe put to sleep\n|clearpoke\n|poke|p1|Ceruledge, F|\n|poke|p1|Serperior, M|\n|poke|p1|Greninja-*, M|\n|poke|p1|Espeon, F|\n|poke|p1|Scizor, M|\n|poke|p1|Gliscor, M|\n|poke|p2|Banette, M|\n|poke|p2|Rillaboom, F|\n|poke|p2|Ursaluna, M|\n|poke|p2|Bisharp, F|\n|poke|p2|Meowscarada, F|\n|poke|p2|Tapu Koko|\n|teampreview\n|inactive|Battle timer is ON: inactive players will automatically lose when time's up. (requested by jiyanyu)\n|\n|t:|1700626839\n|start\n|switch|p1a: Espeon|Espeon, F|100\/100\n|switch|p2a: Meowscarada|Meowscarada, F|100\/100\n|turn|1\n|\n|t:|1700626845\n|move|p2a: Meowscarada|Knock Off|p1a: Espeon\n|-start|p2a: Meowscarada|typechange|Dark|[from] ability: Protean\n|-supereffective|p1a: Espeon\n|-damage|p1a: Espeon|0 fnt\n|-enditem|p1a: Espeon|Light Clay|[from] move: Knock Off|[of] p2a: Meowscarada\n|faint|p1a: Espeon\n|\n|upkeep\n|\n|t:|1700626858\n|switch|p1a: Ceruledge|Ceruledge, F|100\/100\n|turn|2\n|\n|t:|1700626861\n|move|p1a: Ceruledge|Endure|p1a: Ceruledge\n|-singleturn|p1a: Ceruledge|move: Endure\n|move|p2a: Meowscarada|Knock Off|p1a: Ceruledge\n|-supereffective|p1a: Ceruledge\n|-activate|p1a: Ceruledge|move: Endure\n|-damage|p1a: Ceruledge|1\/100\n|-ability|p1a: Ceruledge|Weak Armor|boost\n|-unboost|p1a: Ceruledge|def|1\n|-boost|p1a: Ceruledge|spe|2\n|-enditem|p1a: Ceruledge|Weakness Policy\n|-boost|p1a: Ceruledge|atk|2|[from] item: Weakness Policy\n|-boost|p1a: Ceruledge|spa|2|[from] item: Weakness Policy\n|\n|upkeep\n|turn|3\n|\n|t:|1700626875\n|-terastallize|p1a: Ceruledge|Fire\n|move|p1a: Ceruledge|Bitter Blade|p2a: Meowscarada\n|-damage|p2a: Meowscarada|0 fnt\n|-heal|p1a: Ceruledge|51\/100|[from] drain|[of] p2a: Meowscarada\n|faint|p2a: Meowscarada\n|\n|upkeep\n|\n|t:|1700626881\n|switch|p2a: Banette|Banette, M|100\/100\n|turn|4\n|\n|t:|1700626886\n|detailschange|p2a: Banette|Banette-Mega, M\n|-mega|p2a: Banette|Banette|Banettite\n|move|p2a: Banette|Shadow Sneak|p1a: Ceruledge\n|-damage|p1a: Ceruledge|0 fnt\n|faint|p1a: Ceruledge\n|\n|upkeep\n|\n|t:|1700626901\n|switch|p1a: Greninja|Greninja, M|100\/100\n|turn|5\n|\n|t:|1700626908\n|switch|p2a: Tapu Koko|Tapu Koko|100\/100\n|-fieldstart|move: Electric Terrain|[from] ability: Electric Surge|[of] p2a: Tapu Koko\n|move|p1a: Greninja|Dark Pulse|p2a: Tapu Koko\n|-resisted|p2a: Tapu Koko\n|-damage|p2a: Tapu Koko|72\/100\n|\n|upkeep\n|turn|6\n|\n|t:|1700626921\n|switch|p1a: Gliscor|Gliscor, M|100\/100\n|move|p2a: Tapu Koko|Dazzling Gleam|p1a: Gliscor\n|-crit|p1a: Gliscor\n|-damage|p1a: Gliscor|25\/100\n|\n|-status|p1a: Gliscor|tox|[from] item: Toxic Orb\n|upkeep\n|turn|7\n|\n|t:|1700626930\n|move|p2a: Tapu Koko|Dazzling Gleam|p1a: Gliscor\n|-damage|p1a: Gliscor|0 fnt\n|faint|p1a: Gliscor\n|\n|upkeep\n|\n|t:|1700626933\n|switch|p1a: Scizor|Scizor, M|100\/100\n|turn|8\n|\n|t:|1700626944\n|switch|p2a: Rillaboom|Rillaboom, F|100\/100\n|-fieldstart|move: Grassy Terrain|[from] ability: Grassy Surge|[of] p2a: Rillaboom\n|detailschange|p1a: Scizor|Scizor-Mega, M\n|-mega|p1a: Scizor|Scizor|Scizorite\n|move|p1a: Scizor|Swords Dance|p1a: Scizor\n|-boost|p1a: Scizor|atk|2\n|\n|upkeep\n|turn|9\n|\n|t:|1700626956\n|move|p2a: Rillaboom|Wood Hammer|p1a: Scizor\n|-resisted|p1a: Scizor\n|-damage|p1a: Scizor|80\/100\n|-damage|p2a: Rillaboom|93\/100|[from] Recoil\n|move|p1a: Scizor|Knock Off|p2a: Rillaboom\n|-damage|p2a: Rillaboom|25\/100\n|-enditem|p2a: Rillaboom|Choice Band|[from] move: Knock Off|[of] p1a: Scizor\n|\n|-heal|p2a: Rillaboom|32\/100|[from] Grassy Terrain\n|-heal|p1a: Scizor|86\/100|[from] Grassy Terrain\n|upkeep\n|turn|10\n|\n|t:|1700626965\n|move|p2a: Rillaboom|Brick Break|p1a: Scizor\n|-damage|p1a: Scizor|68\/100\n|move|p1a: Scizor|Swords Dance|p1a: Scizor\n|-boost|p1a: Scizor|atk|2\n|\n|-heal|p2a: Rillaboom|38\/100|[from] Grassy Terrain\n|-heal|p1a: Scizor|75\/100|[from] Grassy Terrain\n|upkeep\n|turn|11\n|\n|t:|1700626971\n|move|p2a: Rillaboom|Wood Hammer|p1a: Scizor\n|-resisted|p1a: Scizor\n|-damage|p1a: Scizor|62\/100\n|-damage|p2a: Rillaboom|34\/100|[from] Recoil\n|move|p1a: Scizor|Swords Dance|p1a: Scizor\n|-boost|p1a: Scizor|atk|2\n|\n|-heal|p2a: Rillaboom|40\/100|[from] Grassy Terrain\n|-heal|p1a: Scizor|68\/100|[from] Grassy Terrain\n|upkeep\n|turn|12\n|\n|t:|1700626976\n|move|p2a: Rillaboom|Wood Hammer|p1a: Scizor\n|-resisted|p1a: Scizor\n|-damage|p1a: Scizor|54\/100\n|-damage|p2a: Rillaboom|35\/100|[from] Recoil\n|move|p1a: Scizor|Roost|p1a: Scizor\n|-heal|p1a: Scizor|100\/100\n|-singleturn|p1a: Scizor|move: Roost\n|\n|-heal|p2a: Rillaboom|41\/100|[from] Grassy Terrain\n|-fieldend|move: Grassy Terrain\n|upkeep\n|turn|13\n|\n|t:|1700626987\n|move|p1a: Scizor|Bullet Punch|p2a: Rillaboom\n|-damage|p2a: Rillaboom|0 fnt\n|faint|p2a: Rillaboom\n|\n|upkeep\n|\n|t:|1700626989\n|switch|p2a: Banette|Banette-Mega, M|100\/100\n|turn|14\n|\n|t:|1700626993\n|move|p1a: Scizor|Bullet Punch|p2a: Banette\n|-damage|p2a: Banette|0 fnt\n|faint|p2a: Banette\n|\n|upkeep\n|-message|jiyanyu forfeited.\n|\n|win|Starwarier\n|raw|Starwarier's rating: 1149 &rarr; <strong>1178<\/strong><br \/>(+29 for winning)\n|raw|jiyanyu's rating: 1199 &rarr; <strong>1170<\/strong><br \/>(-29 for losing)\n|l|\u2606jiyanyu\n","uploadtime":1700627015,"views":2,"p1id":"starwarier","p2id":"jiyanyu","formatid":"gen9nationaldex","rating":1170,"private":0,"password":""}