{"id":"gen9nationaldex-1994170982","p1":"onlyfactsss","p2":"ComboCheating","format":"[Gen 9] National Dex","log":"|j|\u2606onlyfactsss\n|j|\u2606ComboCheating\n|t:|1700415036\n|gametype|singles\n|player|p1|onlyfactsss|169|\n|player|p2|ComboCheating|101|\n|teamsize|p1|6\n|teamsize|p2|6\n|gen|9\n|tier|[Gen 9] National Dex\n|rule|HP Percentage Mod: HP is shown in percentages\n|rule|Endless Battle Clause: Forcing endless battles is banned\n|rule|OHKO Clause: OHKO moves are banned\n|rule|Evasion Clause: Evasion abilities, items, and moves are banned\n|rule|Evasion Abilities Clause: Evasion abilities are banned\n|rule|Evasion Items Clause: Evasion items are banned\n|rule|Evasion Moves Clause: Evasion moves are banned\n|rule|Species Clause: Limit one of each Pok\u00e9mon\n|rule|Sleep Clause Mod: Limit one foe put to sleep\n|clearpoke\n|poke|p1|Enamorus, F|\n|poke|p1|Landorus-Therian, M|\n|poke|p1|Rillaboom, F|\n|poke|p1|Cresselia, F|\n|poke|p1|Rotom-Heat|\n|poke|p1|Urshifu-*, F|\n|poke|p2|Tapu Lele|\n|poke|p2|Tyranitar, F|\n|poke|p2|Urshifu-*, M|\n|poke|p2|Excadrill, M|\n|poke|p2|Ferrothorn, M|\n|poke|p2|Zapdos|\n|teampreview\n|\n|t:|1700415076\n|start\n|switch|p1a: Saquemao|Rotom-Heat, shiny|100\/100\n|switch|p2a: badem (cringe)|Urshifu-Rapid-Strike, M|100\/100\n|turn|1\n|\n|t:|1700415094\n|switch|p2a: badem (bald)|Excadrill, M|100\/100\n|move|p1a: Saquemao|Overheat|p2a: badem (bald)\n|-supereffective|p2a: badem (bald)\n|-damage|p2a: badem (bald)|0 fnt\n|-unboost|p1a: Saquemao|spa|2\n|faint|p2a: badem (bald)\n|\n|upkeep\n|\n|t:|1700415099\n|switch|p2a: badem (cringe)|Urshifu-Rapid-Strike, M|100\/100\n|turn|2\n|inactive|Battle timer is ON: inactive players will automatically lose when time's up. (requested by onlyfactsss)\n|\n|t:|1700415116\n|switch|p1a: El to\u00f1as|Rillaboom, F|100\/100\n|-fieldstart|move: Grassy Terrain|[from] ability: Grassy Surge|[of] p1a: El to\u00f1as\n|-terastallize|p2a: badem (cringe)|Water\n|move|p2a: badem (cringe)|Surging Strikes|p1a: El to\u00f1as\n|-resisted|p1a: El to\u00f1as\n|-crit|p1a: El to\u00f1as\n|-damage|p1a: El to\u00f1as|85\/100\n|-resisted|p1a: El to\u00f1as\n|-crit|p1a: El to\u00f1as\n|-damage|p1a: El to\u00f1as|69\/100\n|-resisted|p1a: El to\u00f1as\n|-crit|p1a: El to\u00f1as\n|-damage|p1a: El to\u00f1as|54\/100\n|-hitcount|p1a: El to\u00f1as|3\n|\n|-heal|p1a: El to\u00f1as|60\/100|[from] Grassy Terrain\n|upkeep\n|turn|3\n|inactive|onlyfactsss has 270 seconds left.\n|\n|t:|1700415153\n|switch|p2a: badem (plane)|Zapdos|100\/100\n|move|p1a: El to\u00f1as|U-turn|p2a: badem (plane)\n|-resisted|p2a: badem (plane)\n|-damage|p2a: badem (plane)|91\/100\n|-status|p1a: El to\u00f1as|par|[from] ability: Static|[of] p2a: badem (plane)\n|inactive|onlyfactsss has 240 seconds left.\n|\n|t:|1700415184\n|switch|p1a: Saquemao|Rotom-Heat, shiny|100\/100|[from] U-turn\n|\n|upkeep\n|turn|4\n|inactive|onlyfactsss has 240 seconds left.\n|\n|t:|1700415208\n|switch|p2a: badem (fat)|Tyranitar, F|100\/100\n|-weather|Sandstorm|[from] ability: Sand Stream|[of] p2a: badem (fat)\n|move|p1a: Saquemao|Will-O-Wisp|p2a: badem (fat)\n|-status|p2a: badem (fat)|brn\n|\n|-weather|Sandstorm|[upkeep]\n|-damage|p1a: Saquemao|94\/100|[from] Sandstorm\n|-damage|p2a: badem (fat)|94\/100 brn|[from] brn\n|upkeep\n|turn|5\n|inactive|onlyfactsss has 240 seconds left.\n|\n|t:|1700415218\n|move|p1a: Saquemao|Volt Switch|p2a: badem (fat)\n|-damage|p2a: badem (fat)|79\/100 brn\n|inactive|onlyfactsss has 240 seconds left.\n|\n|t:|1700415235\n|switch|p1a: Guccito|Landorus-Therian, M|100\/100|[from] Volt Switch\n|-ability|p1a: Guccito|Intimidate|boost\n|-unboost|p2a: badem (fat)|atk|1\n|move|p2a: badem (fat)|Stealth Rock|p1a: Guccito\n|-sidestart|p1: onlyfactsss|move: Stealth Rock\n|\n|-weather|Sandstorm|[upkeep]\n|-heal|p2a: badem (fat)|85\/100 brn|[from] Grassy Terrain\n|-damage|p2a: badem (fat)|79\/100 brn|[from] brn\n|upkeep\n|turn|6\n|\n|t:|1700415254\n|switch|p2a: badem (cringe)|Urshifu-Rapid-Strike, M, tera:Water|100\/100\n|move|p1a: Guccito|Earth Power|p2a: badem (cringe)\n|-damage|p2a: badem (cringe)|35\/100\n|\n|-weather|Sandstorm|[upkeep]\n|-damage|p2a: badem (cringe)|28\/100|[from] Sandstorm\n|-heal|p2a: badem (cringe)|35\/100|[from] Grassy Terrain\n|-fieldend|move: Grassy Terrain\n|upkeep\n|turn|7\n|inactive|onlyfactsss has 210 seconds left.\n|\n|t:|1700415280\n|switch|p1a: El to\u00f1as|Rillaboom, F|60\/100 par\n|-damage|p1a: El to\u00f1as|47\/100 par|[from] Stealth Rock\n|-fieldstart|move: Grassy Terrain|[from] ability: Grassy Surge|[of] p1a: El to\u00f1as\n|move|p2a: badem (cringe)|Surging Strikes|p1a: El to\u00f1as\n|-resisted|p1a: El to\u00f1as\n|-crit|p1a: El to\u00f1as\n|-damage|p1a: El to\u00f1as|32\/100 par\n|-resisted|p1a: El to\u00f1as\n|-crit|p1a: El to\u00f1as\n|-damage|p1a: El to\u00f1as|15\/100 par\n|-resisted|p1a: El to\u00f1as\n|-crit|p1a: El to\u00f1as\n|-damage|p1a: El to\u00f1as|0 fnt\n|faint|p1a: El to\u00f1as\n|-hitcount|p1: El to\u00f1as|3\n|\n|-weather|Sandstorm|[upkeep]\n|-damage|p2a: badem (cringe)|28\/100|[from] Sandstorm\n|-heal|p2a: badem (cringe)|35\/100|[from] Grassy Terrain\n|upkeep\n|inactive|onlyfactsss has 210 seconds left.\n|\n|t:|1700415311\n|switch|p1a: Mentirosa|Enamorus, F|100\/100\n|-damage|p1a: Mentirosa|76\/100|[from] Stealth Rock\n|turn|8\n|\n|t:|1700415324\n|switch|p2a: badem (fat)|Tyranitar, F|79\/100 brn\n|move|p1a: Mentirosa|Superpower|p2a: badem (fat)\n|-supereffective|p2a: badem (fat)\n|-damage|p2a: badem (fat)|0 fnt\n|-boost|p1a: Mentirosa|atk|1\n|-boost|p1a: Mentirosa|def|1\n|faint|p2a: badem (fat)\n|\n|-weather|none\n|upkeep\n|\n|t:|1700415333\n|switch|p2a: badem (pixie)|Tapu Lele|100\/100\n|-fieldstart|move: Psychic Terrain|[from] ability: Psychic Surge|[of] p2a: badem (pixie)\n|turn|9\n|\n|t:|1700415342\n|move|p2a: badem (pixie)|Moonblast|p1a: Mentirosa\n|-damage|p1a: Mentirosa|0 fnt\n|faint|p1a: Mentirosa\n|\n|upkeep\n|\n|t:|1700415363\n|switch|p1a: Guccito|Landorus-Therian, M|100\/100\n|-damage|p1a: Guccito|88\/100|[from] Stealth Rock\n|-ability|p1a: Guccito|Intimidate|boost\n|-unboost|p2a: badem (pixie)|atk|1\n|turn|10\n|\n|t:|1700415371\n|switch|p2a: badem (plane)|Zapdos|91\/100\n|move|p1a: Guccito|Sludge Bomb|p2a: badem (plane)\n|-damage|p2a: badem (plane)|63\/100\n|\n|upkeep\n|turn|11\n|\n|t:|1700415391\n|switch|p2a: badem (rough)|Ferrothorn, M|100\/100\n|move|p1a: Guccito|Sludge Bomb|p2a: badem (rough)\n|-immune|p2a: badem (rough)\n|\n|upkeep\n|turn|12\n|\n|t:|1700415402\n|-terastallize|p1a: Guccito|Flying\n|move|p1a: Guccito|Earth Power|p2a: badem (rough)\n|-damage|p2a: badem (rough)|71\/100\n|move|p2a: badem (rough)|Leech Seed|p1a: Guccito\n|-start|p1a: Guccito|move: Leech Seed\n|\n|-heal|p2a: badem (rough)|77\/100|[from] item: Leftovers\n|-damage|p1a: Guccito|76\/100|[from] Leech Seed|[of] p2a: badem (rough)\n|-heal|p2a: badem (rough)|89\/100|[silent]\n|upkeep\n|turn|13\n|\n|t:|1700415416\n|move|p1a: Guccito|Tera Blast|p2a: badem (rough)|[anim] Tera Blast Flying\n|-damage|p2a: badem (rough)|54\/100\n|move|p2a: badem (rough)|Leech Seed||[still]\n|-fail|p2a: badem (rough)\n|\n|-heal|p2a: badem (rough)|60\/100|[from] item: Leftovers\n|-damage|p1a: Guccito|64\/100|[from] Leech Seed|[of] p2a: badem (rough)\n|-heal|p2a: badem (rough)|71\/100|[silent]\n|-fieldend|move: Psychic Terrain\n|upkeep\n|turn|14\n|\n|t:|1700415425\n|switch|p1a: Saquemao|Rotom-Heat, shiny|94\/100\n|-damage|p1a: Saquemao|69\/100|[from] Stealth Rock\n|move|p2a: badem (rough)|Knock Off|p1a: Saquemao\n|-damage|p1a: Saquemao|37\/100\n|-enditem|p1a: Saquemao|Wide Lens|[from] move: Knock Off|[of] p2a: badem (rough)\n|\n|-heal|p2a: badem (rough)|77\/100|[from] item: Leftovers\n|upkeep\n|turn|15\n|\n|t:|1700415446\n|switch|p2a: badem (pixie)|Tapu Lele|100\/100\n|-fieldstart|move: Psychic Terrain|[from] ability: Psychic Surge|[of] p2a: badem (pixie)\n|move|p1a: Saquemao|Overheat|p2a: badem (pixie)\n|-damage|p2a: badem (pixie)|39\/100\n|-unboost|p1a: Saquemao|spa|2\n|\n|upkeep\n|turn|16\n|inactive|onlyfactsss has 180 seconds left.\n|\n|t:|1700415467\n|switch|p1a: CMD|Cresselia, F, shiny|100\/100\n|-damage|p1a: CMD|88\/100|[from] Stealth Rock\n|move|p2a: badem (pixie)|Psychic|p1a: CMD\n|-resisted|p1a: CMD\n|-damage|p1a: CMD|68\/100\n|\n|-heal|p1a: CMD|74\/100|[from] item: Leftovers\n|upkeep\n|turn|17\n|inactive|onlyfactsss has 180 seconds left.\n|\n|t:|1700415484\n|switch|p2a: badem (rough)|Ferrothorn, M|77\/100\n|switch|p1a: Saquemao|Rotom-Heat, shiny|37\/100\n|-damage|p1a: Saquemao|13\/100|[from] Stealth Rock\n|\n|-heal|p2a: badem (rough)|83\/100|[from] item: Leftovers\n|upkeep\n|turn|18\n|inactive|ComboCheating has 270 seconds left.\n|\n|t:|1700415525\n|switch|p2a: badem (plane)|Zapdos|63\/100\n|move|p1a: Saquemao|Overheat|p2a: badem (plane)\n|-damage|p2a: badem (plane)|7\/100\n|-unboost|p1a: Saquemao|spa|2\n|\n|upkeep\n|turn|19\n|\n|t:|1700415538\n|move|p1a: Saquemao|Overheat|p2a: badem (plane)\n|-damage|p2a: badem (plane)|0 fnt\n|-unboost|p1a: Saquemao|spa|2\n|faint|p2a: badem (plane)\n|\n|-fieldend|move: Psychic Terrain\n|upkeep\n|\n|t:|1700415550\n|switch|p2a: badem (cringe)|Urshifu-Rapid-Strike, M, tera:Water|35\/100\n|turn|20\n|\n|t:|1700415554\n|move|p2a: badem (cringe)|Surging Strikes|p1a: Saquemao\n|-supereffective|p1a: Saquemao\n|-crit|p1a: Saquemao\n|-damage|p1a: Saquemao|0 fnt\n|faint|p1a: Saquemao\n|-hitcount|p1: Saquemao|1\n|\n|upkeep\n|\n|t:|1700415571\n|switch|p1a: Urshifu|Urshifu-Rapid-Strike, F|100\/100\n|-damage|p1a: Urshifu|94\/100|[from] Stealth Rock\n|turn|21\n|\n|t:|1700415582\n|switch|p2a: badem (rough)|Ferrothorn, M|83\/100\n|move|p1a: Urshifu|Close Combat|p2a: badem (rough)\n|-supereffective|p2a: badem (rough)\n|-damage|p2a: badem (rough)|0 fnt\n|-unboost|p1a: Urshifu|def|1\n|-unboost|p1a: Urshifu|spd|1\n|-damage|p1a: Urshifu|82\/100|[from] ability: Iron Barbs|[of] p2a: badem (rough)\n|faint|p2a: badem (rough)\n|\n|upkeep\n|\n|t:|1700415587\n|switch|p2a: badem (pixie)|Tapu Lele|39\/100\n|-fieldstart|move: Psychic Terrain|[from] ability: Psychic Surge|[of] p2a: badem (pixie)\n|turn|22\n|\n|t:|1700415592\n|switch|p1a: CMD|Cresselia, F, shiny|74\/100\n|-damage|p1a: CMD|61\/100|[from] Stealth Rock\n|move|p2a: badem (pixie)|Moonblast|p1a: CMD\n|-damage|p1a: CMD|28\/100\n|-unboost|p1a: CMD|spa|1\n|\n|-heal|p1a: CMD|34\/100|[from] item: Leftovers\n|upkeep\n|turn|23\n|inactive|onlyfactsss has 210 seconds left.\n|\n|t:|1700415599\n|move|p2a: badem (pixie)|Moonblast|p1a: CMD\n|-damage|p1a: CMD|0 fnt\n|faint|p1a: CMD\n|\n|upkeep\n|inactive|onlyfactsss has 210 seconds left.\n|\n|t:|1700415605\n|switch|p1a: Guccito|Landorus-Therian, M, tera:Flying|64\/100\n|-damage|p1a: Guccito|39\/100|[from] Stealth Rock\n|-ability|p1a: Guccito|Intimidate|boost\n|-unboost|p2a: badem (pixie)|atk|1\n|turn|24\n|inactive|onlyfactsss has 210 seconds left.\n|\n|t:|1700415624\n|move|p2a: badem (pixie)|Moonblast|p1a: Guccito\n|-damage|p1a: Guccito|0 fnt\n|faint|p1a: Guccito\n|\n|upkeep\n|\n|t:|1700415627\n|switch|p1a: Urshifu|Urshifu-Rapid-Strike, F|82\/100\n|-damage|p1a: Urshifu|76\/100|[from] Stealth Rock\n|turn|25\n|\n|t:|1700415631\n|move|p2a: badem (pixie)|Moonblast|p1a: Urshifu\n|-supereffective|p1a: Urshifu\n|-damage|p1a: Urshifu|0 fnt\n|faint|p1a: Urshifu\n|\n|win|ComboCheating\n|c|\u2606onlyfactsss|gg\n","uploadtime":1700415637,"views":18,"p1id":"onlyfactsss","p2id":"combocheating","formatid":"gen9nationaldex","rating":0,"private":0,"password":""}