{"id":"gen9nationaldex-1992388211","p1":"LiRip","p2":"mdlbhex","format":"[Gen 9] National Dex","log":"|j|\u2606LiRip\n|j|\u2606mdlbhex\n|t:|1700181793\n|gametype|singles\n|player|p1|LiRip|drayden|1297\n|player|p2|mdlbhex|iris-gen5bw2|1199\n|teamsize|p1|6\n|teamsize|p2|6\n|gen|9\n|tier|[Gen 9] National Dex\n|rated|\n|rule|HP Percentage Mod: HP is shown in percentages\n|rule|Endless Battle Clause: Forcing endless battles is banned\n|rule|OHKO Clause: OHKO moves are banned\n|rule|Evasion Clause: Evasion abilities, items, and moves are banned\n|rule|Evasion Abilities Clause: Evasion abilities are banned\n|rule|Evasion Items Clause: Evasion items are banned\n|rule|Evasion Moves Clause: Evasion moves are banned\n|rule|Species Clause: Limit one of each Pok\u00e9mon\n|rule|Sleep Clause Mod: Limit one foe put to sleep\n|clearpoke\n|poke|p1|Skeledirge, M|\n|poke|p1|Landorus-Therian, M|\n|poke|p1|Venusaur, F|\n|poke|p1|Goodra-Hisui, F|\n|poke|p1|Greninja-*, F|\n|poke|p1|Great Tusk|\n|poke|p2|Basculegion, M|\n|poke|p2|Pelipper, F|\n|poke|p2|Urshifu-*, F|\n|poke|p2|Pinsir, M|\n|poke|p2|Ferrothorn, F|\n|poke|p2|Greninja-*, M|\n|teampreview\n|inactive|Battle timer is ON: inactive players will automatically lose when time's up. (requested by LiRip)\n|\n|t:|1700181806\n|start\n|switch|p1a: Landorus|Landorus-Therian, M|100\/100\n|switch|p2a: Pelipper|Pelipper, F|100\/100\n|-ability|p1a: Landorus|Intimidate|boost\n|-unboost|p2a: Pelipper|atk|1\n|-weather|RainDance|[from] ability: Drizzle|[of] p2a: Pelipper\n|turn|1\n|\n|t:|1700181822\n|move|p1a: Landorus|Stealth Rock|p2a: Pelipper\n|-sidestart|p2: mdlbhex|move: Stealth Rock\n|move|p2a: Pelipper|U-turn|p1a: Landorus\n|-resisted|p1a: Landorus\n|-damage|p1a: Landorus|97\/100\n|\n|t:|1700181828\n|switch|p2a: Ferrothorn|Ferrothorn, F|100\/100|[from] U-turn\n|-damage|p2a: Ferrothorn|95\/100|[from] Stealth Rock\n|\n|-weather|RainDance|[upkeep]\n|-heal|p2a: Ferrothorn|100\/100|[from] item: Leftovers\n|upkeep\n|turn|2\n|\n|t:|1700181834\n|move|p1a: Landorus|Taunt|p2a: Ferrothorn\n|-start|p2a: Ferrothorn|move: Taunt\n|cant|p2a: Ferrothorn|move: Taunt|Leech Seed\n|\n|-weather|RainDance|[upkeep]\n|upkeep\n|turn|3\n|\n|t:|1700181840\n|move|p1a: Landorus|Earthquake|p2a: Ferrothorn\n|-damage|p2a: Ferrothorn|60\/100\n|move|p2a: Ferrothorn|Body Press|p1a: Landorus\n|-resisted|p1a: Landorus\n|-damage|p1a: Landorus|82\/100\n|\n|-weather|RainDance|[upkeep]\n|-heal|p2a: Ferrothorn|66\/100|[from] item: Leftovers\n|upkeep\n|turn|4\n|\n|t:|1700181849\n|switch|p2a: Pelipper|Pelipper, F|100\/100\n|-damage|p2a: Pelipper|75\/100|[from] Stealth Rock\n|move|p1a: Landorus|Earthquake|p2a: Pelipper\n|-immune|p2a: Pelipper\n|\n|-weather|RainDance|[upkeep]\n|upkeep\n|turn|5\n|\n|t:|1700181857\n|move|p1a: Landorus|Taunt|p2a: Pelipper\n|-start|p2a: Pelipper|move: Taunt\n|cant|p2a: Pelipper|move: Taunt|Defog\n|\n|-weather|RainDance|[upkeep]\n|upkeep\n|turn|6\n|\n|t:|1700181862\n|move|p1a: Landorus|Rock Slide|p2a: Pelipper\n|-supereffective|p2a: Pelipper\n|-damage|p2a: Pelipper|5\/100\n|move|p2a: Pelipper|Hurricane|p1a: Landorus\n|-damage|p1a: Landorus|13\/100\n|-start|p1a: Landorus|confusion\n|\n|-weather|RainDance|[upkeep]\n|upkeep\n|turn|7\n|\n|t:|1700181872\n|switch|p2a: Ferrothorn|Ferrothorn, F|66\/100\n|-damage|p2a: Ferrothorn|60\/100|[from] Stealth Rock\n|-activate|p1a: Landorus|confusion\n|move|p1a: Landorus|Rock Slide|p2a: Ferrothorn\n|-resisted|p2a: Ferrothorn\n|-damage|p2a: Ferrothorn|51\/100\n|\n|-weather|RainDance|[upkeep]\n|-heal|p2a: Ferrothorn|57\/100|[from] item: Leftovers\n|upkeep\n|turn|8\n|\n|t:|1700181883\n|-activate|p1a: Landorus|confusion\n|move|p1a: Landorus|Taunt|p2a: Ferrothorn\n|-start|p2a: Ferrothorn|move: Taunt\n|move|p2a: Ferrothorn|Body Press|p1a: Landorus\n|-resisted|p1a: Landorus\n|-damage|p1a: Landorus|0 fnt\n|faint|p1a: Landorus\n|\n|-weather|none\n|-heal|p2a: Ferrothorn|63\/100|[from] item: Leftovers\n|upkeep\n|\n|t:|1700181889\n|switch|p1a: Skeledirge|Skeledirge, M|100\/100\n|turn|9\n|\n|t:|1700181899\n|switch|p2a: Pelipper|Pelipper, F|5\/100\n|-damage|p2a: Pelipper|0 fnt|[from] Stealth Rock\n|faint|p2a: Pelipper\n|move|p1a: Skeledirge|Torch Song|p2: Pelipper|[notarget]\n|-fail|p1a: Skeledirge\n|\n|upkeep\n|\n|t:|1700181913\n|switch|p2a: Urshifu|Urshifu-Rapid-Strike, F|100\/100\n|-damage|p2a: Urshifu|94\/100|[from] Stealth Rock\n|turn|10\n|\n|t:|1700181917\n|-terastallize|p1a: Skeledirge|Fairy\n|move|p2a: Urshifu|Surging Strikes|p1a: Skeledirge\n|-crit|p1a: Skeledirge\n|-damage|p1a: Skeledirge|78\/100\n|-crit|p1a: Skeledirge\n|-damage|p1a: Skeledirge|54\/100\n|-crit|p1a: Skeledirge\n|-damage|p1a: Skeledirge|31\/100\n|-hitcount|p1a: Skeledirge|3\n|-damage|p2a: Urshifu|84\/100|[from] item: Life Orb\n|move|p1a: Skeledirge|Will-O-Wisp|p2a: Urshifu\n|-status|p2a: Urshifu|brn\n|\n|-heal|p1a: Skeledirge|37\/100|[from] item: Leftovers\n|-damage|p2a: Urshifu|78\/100 brn|[from] brn\n|upkeep\n|turn|11\n|\n|t:|1700181931\n|move|p2a: Urshifu|Surging Strikes|p1a: Skeledirge\n|-crit|p1a: Skeledirge\n|-damage|p1a: Skeledirge|26\/100\n|-crit|p1a: Skeledirge\n|-damage|p1a: Skeledirge|14\/100\n|-crit|p1a: Skeledirge\n|-damage|p1a: Skeledirge|1\/100\n|-hitcount|p1a: Skeledirge|3\n|-damage|p2a: Urshifu|68\/100 brn|[from] item: Life Orb\n|move|p1a: Skeledirge|Slack Off|p1a: Skeledirge\n|-heal|p1a: Skeledirge|51\/100\n|\n|-heal|p1a: Skeledirge|58\/100|[from] item: Leftovers\n|-damage|p2a: Urshifu|62\/100 brn|[from] brn\n|upkeep\n|turn|12\n|\n|t:|1700181948\n|-terastallize|p2a: Urshifu|Water\n|move|p2a: Urshifu|Surging Strikes|p1a: Skeledirge\n|-crit|p1a: Skeledirge\n|-damage|p1a: Skeledirge|42\/100\n|-crit|p1a: Skeledirge\n|-damage|p1a: Skeledirge|26\/100\n|-crit|p1a: Skeledirge\n|-damage|p1a: Skeledirge|11\/100\n|-hitcount|p1a: Skeledirge|3\n|-damage|p2a: Urshifu|52\/100 brn|[from] item: Life Orb\n|move|p1a: Skeledirge|Torch Song|p2a: Urshifu\n|-resisted|p2a: Urshifu\n|-damage|p2a: Urshifu|31\/100 brn\n|-boost|p1a: Skeledirge|spa|1\n|\n|-heal|p1a: Skeledirge|17\/100|[from] item: Leftovers\n|-damage|p2a: Urshifu|25\/100 brn|[from] brn\n|upkeep\n|turn|13\n|\n|t:|1700181963\n|switch|p1a: Venusaur|Venusaur, F, shiny|100\/100\n|move|p2a: Urshifu|Surging Strikes|p1a: Venusaur\n|-resisted|p1a: Venusaur\n|-crit|p1a: Venusaur\n|-damage|p1a: Venusaur|90\/100\n|-resisted|p1a: Venusaur\n|-crit|p1a: Venusaur\n|-damage|p1a: Venusaur|79\/100\n|-resisted|p1a: Venusaur\n|-crit|p1a: Venusaur\n|-damage|p1a: Venusaur|68\/100\n|-hitcount|p1a: Venusaur|3\n|-damage|p2a: Urshifu|15\/100 brn|[from] item: Life Orb\n|\n|-damage|p2a: Urshifu|8\/100 brn|[from] brn\n|upkeep\n|turn|14\n|\n|t:|1700181976\n|switch|p2a: Ferrothorn|Ferrothorn, F|63\/100\n|-damage|p2a: Ferrothorn|57\/100|[from] Stealth Rock\n|detailschange|p1a: Venusaur|Venusaur-Mega, F, shiny\n|-mega|p1a: Venusaur|Venusaur|Venusaurite\n|move|p1a: Venusaur|Synthesis|p1a: Venusaur\n|-heal|p1a: Venusaur|100\/100\n|\n|-heal|p2a: Ferrothorn|63\/100|[from] item: Leftovers\n|upkeep\n|turn|15\n|\n|t:|1700181985\n|move|p1a: Venusaur|Earth Power|p2a: Ferrothorn\n|-damage|p2a: Ferrothorn|35\/100\n|move|p2a: Ferrothorn|Thunder Wave|p1a: Venusaur\n|-status|p1a: Venusaur|par\n|\n|-heal|p2a: Ferrothorn|41\/100|[from] item: Leftovers\n|upkeep\n|turn|16\n|\n|t:|1700181998\n|switch|p1a: Great Tusk|Great Tusk|100\/100\n|switch|p2a: Urshifu|Urshifu-Rapid-Strike, F, tera:Water|8\/100 brn\n|-damage|p2a: Urshifu|0 fnt|[from] Stealth Rock\n|faint|p2a: Urshifu\n|\n|upkeep\n|\n|t:|1700182005\n|switch|p2a: Pinsir|Pinsir, M|100\/100\n|-damage|p2a: Pinsir|76\/100|[from] Stealth Rock\n|turn|17\n|\n|t:|1700182010\n|-end|p1a: Great Tusk|Protosynthesis|[silent]\n|switch|p1a: Goodra|Goodra-Hisui, F, shiny|100\/100\n|detailschange|p2a: Pinsir|Pinsir-Mega, M\n|-mega|p2a: Pinsir|Pinsir|Pinsirite\n|move|p2a: Pinsir|Return|p1a: Goodra\n|-resisted|p1a: Goodra\n|-damage|p1a: Goodra|61\/100\n|-ability|p1a: Goodra|Gooey\n|-unboost|p2a: Pinsir|spe|1\n|\n|upkeep\n|turn|18\n|\n|t:|1700182024\n|switch|p2a: Ferrothorn|Ferrothorn, F|41\/100\n|-damage|p2a: Ferrothorn|35\/100|[from] Stealth Rock\n|move|p1a: Goodra|Draco Meteor|p2a: Ferrothorn\n|-resisted|p2a: Ferrothorn\n|-damage|p2a: Ferrothorn|9\/100\n|-unboost|p1a: Goodra|spa|2\n|\n|-heal|p2a: Ferrothorn|15\/100|[from] item: Leftovers\n|upkeep\n|turn|19\n|\n|t:|1700182034\n|switch|p1a: Venusaur|Venusaur-Mega, F, shiny|100\/100 par\n|move|p2a: Ferrothorn|Leech Seed|p1a: Venusaur\n|-immune|p1a: Venusaur\n|\n|-heal|p2a: Ferrothorn|21\/100|[from] item: Leftovers\n|upkeep\n|turn|20\n|\n|t:|1700182041\n|switch|p2a: Pinsir|Pinsir-Mega, M|76\/100\n|-damage|p2a: Pinsir|26\/100|[from] Stealth Rock\n|move|p1a: Venusaur|Sludge Bomb|p2a: Pinsir\n|-damage|p2a: Pinsir|0 fnt\n|faint|p2a: Pinsir\n|\n|upkeep\n|l|\u2606mdlbhex\n|inactive|mdlbhex disconnected and has a minute to reconnect!\n|player|p2|\n|c|\u2606LiRip|Wow\n|c|\u2606LiRip|Bro just left\n|c|\u2606LiRip|Just like that\n|inactive|mdlbhex has 30 seconds to reconnect!\n|inactive|mdlbhex has 20 seconds to reconnect!\n|inactive|mdlbhex has 15 seconds to reconnect!\n|c|\u2606LiRip|Welp ggs\n|inactive|mdlbhex has 10 seconds to reconnect!\n|inactive|mdlbhex has 5 seconds to reconnect!\n|-message|mdlbhex lost due to inactivity.\n|\n|win|LiRip\n|raw|LiRip's rating: 1297 &rarr; <strong>1315<\/strong><br \/>(+18 for winning)\n|raw|mdlbhex's rating: 1199 &rarr; <strong>1181<\/strong><br \/>(-18 for losing)\n","uploadtime":1700182114,"views":4,"p1id":"lirip","p2id":"mdlbhex","formatid":"gen9nationaldex","rating":1181,"private":0,"password":""}