{"id":"gen9nationaldex-1988240408","p1":"xzc2423762877","p2":"woshikoudaimi","format":"[Gen 9] National Dex","log":"|j|\u2606xzc2423762877\n|j|\u2606woshikoudaimi\n|t:|1699692283\n|gametype|singles\n|player|p1|xzc2423762877|dawn|1364\n|player|p2|woshikoudaimi|hilda-masters3|1466\n|teamsize|p1|6\n|teamsize|p2|6\n|gen|9\n|tier|[Gen 9] National Dex\n|rated|\n|rule|HP Percentage Mod: HP is shown in percentages\n|rule|Endless Battle Clause: Forcing endless battles is banned\n|rule|OHKO Clause: OHKO moves are banned\n|rule|Evasion Clause: Evasion abilities, items, and moves are banned\n|rule|Evasion Abilities Clause: Evasion abilities are banned\n|rule|Evasion Items Clause: Evasion items are banned\n|rule|Evasion Moves Clause: Evasion moves are banned\n|rule|Species Clause: Limit one of each Pok\u00e9mon\n|rule|Sleep Clause Mod: Limit one foe put to sleep\n|clearpoke\n|poke|p1|Gardevoir, F|\n|poke|p1|Moltres|\n|poke|p1|Urshifu-*, F|\n|poke|p1|Ogerpon-Wellspring, F|\n|poke|p1|Great Tusk|\n|poke|p1|Tapu Koko|\n|poke|p2|Tyranitar, F|\n|poke|p2|Iron Valiant|\n|poke|p2|Moltres|\n|poke|p2|Glimmora, F|\n|poke|p2|Dragonite, F|\n|poke|p2|Ogerpon-Wellspring, F|\n|teampreview\n|inactive|Battle timer is ON: inactive players will automatically lose when time's up. (requested by xzc2423762877)\n|inactive|woshikoudaimi also wants the timer to be on.\n|\n|t:|1699692304\n|start\n|switch|p1a: Tapu Koko|Tapu Koko|100\/100\n|switch|p2a: Psychedelic|Glimmora, F, shiny|100\/100\n|-fieldstart|move: Electric Terrain|[from] ability: Electric Surge|[of] p1a: Tapu Koko\n|turn|1\n|\n|t:|1699692319\n|move|p1a: Tapu Koko|Thunderbolt|p2a: Psychedelic\n|-damage|p2a: Psychedelic|29\/100\n|move|p2a: Psychedelic|Earth Power|p1a: Tapu Koko\n|-supereffective|p1a: Tapu Koko\n|-damage|p1a: Tapu Koko|7\/100\n|\n|upkeep\n|turn|2\n|l|\u2606woshikoudaimi\n|inactive|woshikoudaimi disconnected and has a minute to reconnect!\n|player|p2|\n|j|\u2606woshikoudaimi\n|inactive|woshikoudaimi reconnected and has 110 seconds left.\n|player|p2|woshikoudaimi|hilda-masters3\n|\n|t:|1699692362\n|move|p1a: Tapu Koko|Thunderbolt|p2a: Psychedelic\n|-damage|p2a: Psychedelic|0 fnt\n|faint|p2a: Psychedelic\n|\n|upkeep\n|\n|t:|1699692366\n|switch|p2a: Dragonite|Dragonite, F|100\/100\n|turn|3\n|\n|t:|1699692374\n|switch|p1a: Moltres|Moltres|100\/100\n|move|p2a: Dragonite|Extreme Speed|p1a: Moltres\n|-damage|p1a: Moltres|63\/100\n|\n|upkeep\n|turn|4\n|\n|t:|1699692382\n|switch|p2a: Tyranitar|Tyranitar, F|100\/100\n|-weather|Sandstorm|[from] ability: Sand Stream|[of] p2a: Tyranitar\n|move|p1a: Moltres|Roost|p1a: Moltres\n|-heal|p1a: Moltres|100\/100\n|-singleturn|p1a: Moltres|move: Roost\n|\n|-weather|Sandstorm|[upkeep]\n|-damage|p1a: Moltres|94\/100|[from] Sandstorm\n|upkeep\n|turn|5\n|\n|t:|1699692406\n|-activate|p1a: Moltres|move: Pursuit\n|detailschange|p2a: Tyranitar|Tyranitar-Mega, F\n|-mega|p2a: Tyranitar|Tyranitar|Tyranitarite\n|move|p2a: Tyranitar|Pursuit|p1a: Moltres|[from]Pursuit\n|-damage|p1a: Moltres|54\/100\n|switch|p1a: Great Tusk|Great Tusk|100\/100\n|\n|-weather|Sandstorm|[upkeep]\n|-fieldend|move: Electric Terrain\n|upkeep\n|turn|6\n|\n|t:|1699692418\n|switch|p2a: Moltres|Moltres|100\/100\n|move|p1a: Great Tusk|Stealth Rock|p2a: Moltres\n|-sidestart|p2: woshikoudaimi|move: Stealth Rock\n|\n|-weather|Sandstorm|[upkeep]\n|-damage|p2a: Moltres|94\/100|[from] Sandstorm\n|upkeep\n|turn|7\n|\n|t:|1699692424\n|-zpower|p1a: Great Tusk\n|move|p1a: Great Tusk|Continental Crush|p2a: Moltres|[zeffect]\n|-supereffective|p2a: Moltres\n|-damage|p2a: Moltres|0 fnt\n|faint|p2a: Moltres\n|\n|-weather|Sandstorm|[upkeep]\n|upkeep\n|\n|t:|1699692442\n|switch|p2a: Iron Valiant|Iron Valiant, shiny|100\/100\n|-damage|p2a: Iron Valiant|94\/100|[from] Stealth Rock\n|turn|8\n|\n|t:|1699692457\n|-end|p1a: Great Tusk|Protosynthesis|[silent]\n|switch|p1a: Moltres|Moltres|54\/100\n|move|p2a: Iron Valiant|Moonblast|p1a: Moltres\n|-resisted|p1a: Moltres\n|-damage|p1a: Moltres|19\/100\n|-unboost|p1a: Moltres|spa|1\n|\n|-weather|none\n|upkeep\n|turn|9\n|\n|t:|1699692461\n|move|p2a: Iron Valiant|Moonblast|p1a: Moltres\n|-resisted|p1a: Moltres\n|-damage|p1a: Moltres|0 fnt\n|faint|p1a: Moltres\n|\n|upkeep\n|\n|t:|1699692466\n|switch|p1a: Urshifu|Urshifu-Rapid-Strike, F|100\/100\n|turn|10\n|\n|t:|1699692486\n|-end|p2a: Iron Valiant|Quark Drive|[silent]\n|switch|p2a: Ogerpon|Ogerpon-Wellspring, F|100\/100\n|-damage|p2a: Ogerpon|88\/100|[from] Stealth Rock\n|move|p1a: Urshifu|U-turn|p2a: Ogerpon\n|-supereffective|p2a: Ogerpon\n|-damage|p2a: Ogerpon|18\/100\n|\n|t:|1699692493\n|switch|p1a: Ogerpon|Ogerpon-Wellspring, F|100\/100|[from] U-turn\n|\n|upkeep\n|turn|11\n|\n|t:|1699692496\n|move|p1a: Ogerpon|Spikes|p2a: Ogerpon\n|-sidestart|p2: woshikoudaimi|Spikes\n|move|p2a: Ogerpon|Trailblaze|p1a: Ogerpon\n|-damage|p1a: Ogerpon|63\/100\n|-boost|p2a: Ogerpon|spe|1\n|\n|upkeep\n|turn|12\n|\n|t:|1699692506\n|move|p2a: Ogerpon|Trailblaze|p1a: Ogerpon\n|-damage|p1a: Ogerpon|23\/100\n|-boost|p2a: Ogerpon|spe|1\n|move|p1a: Ogerpon|U-turn|p2a: Ogerpon\n|-supereffective|p2a: Ogerpon\n|-damage|p2a: Ogerpon|0 fnt\n|faint|p2a: Ogerpon\n|\n|t:|1699692512\n|switch|p1a: Gardevoir|Gardevoir, F, shiny|100\/100|[from] U-turn\n|\n|upkeep\n|\n|t:|1699692521\n|switch|p2a: Iron Valiant|Iron Valiant, shiny|94\/100\n|-damage|p2a: Iron Valiant|88\/100|[from] Stealth Rock\n|-damage|p2a: Iron Valiant|76\/100|[from] Spikes\n|turn|13\n|\n|t:|1699692528\n|detailschange|p1a: Gardevoir|Gardevoir-Mega, F, shiny\n|-mega|p1a: Gardevoir|Gardevoir|Gardevoirite\n|-terastallize|p2a: Iron Valiant|Ghost\n|move|p2a: Iron Valiant|Hex|p1a: Gardevoir\n|-supereffective|p1a: Gardevoir\n|-damage|p1a: Gardevoir|3\/100\n|move|p1a: Gardevoir|Hyper Voice|p2a: Iron Valiant\n|-damage|p2a: Iron Valiant|0 fnt\n|faint|p2a: Iron Valiant\n|-end|p2a: Iron Valiant|Quark Drive|[silent]\n|\n|upkeep\n|\n|t:|1699692541\n|switch|p2a: Dragonite|Dragonite, F|100\/100\n|-damage|p2a: Dragonite|76\/100|[from] Stealth Rock\n|turn|14\n|\n|t:|1699692544\n|switch|p1a: Tapu Koko|Tapu Koko|7\/100\n|-fieldstart|move: Electric Terrain|[from] ability: Electric Surge|[of] p1a: Tapu Koko\n|move|p2a: Dragonite|Extreme Speed|p1a: Tapu Koko\n|-damage|p1a: Tapu Koko|0 fnt\n|faint|p1a: Tapu Koko\n|\n|upkeep\n|\n|t:|1699692547\n|switch|p1a: Great Tusk|Great Tusk|100\/100\n|turn|15\n|\n|t:|1699692554\n|move|p2a: Dragonite|Extreme Speed|p1a: Great Tusk\n|-damage|p1a: Great Tusk|72\/100\n|move|p1a: Great Tusk|Head Smash|p2a: Dragonite\n|-supereffective|p2a: Dragonite\n|-damage|p2a: Dragonite|0 fnt\n|faint|p2a: Dragonite\n|-damage|p1a: Great Tusk|42\/100|[from] Recoil\n|\n|upkeep\n|-message|woshikoudaimi forfeited.\n|\n|win|xzc2423762877\n|raw|xzc2423762877's rating: 1364 &rarr; <strong>1390<\/strong><br \/>(+26 for winning)\n|raw|woshikoudaimi's rating: 1466 &rarr; <strong>1440<\/strong><br \/>(-26 for losing)\n|l|\u2606woshikoudaimi\n","uploadtime":1699692613,"views":5,"p1id":"xzc2423762877","p2id":"woshikoudaimi","formatid":"gen9nationaldex","rating":1390,"private":0,"password":""}