{"id":"gen9nationaldex-1994337627","p1":"Split_Haming","p2":"sowa_limez","format":"[Gen 9] National Dex","log":"|j|\u2606Split_Haming\n|j|\u2606sowa_limez\n|t:|1700432601\n|gametype|singles\n|player|p1|Split_Haming|1|1086\n|player|p2|sowa_limez|blue-gen1champion|1072\n|teamsize|p1|6\n|teamsize|p2|6\n|gen|9\n|tier|[Gen 9] National Dex\n|rated|\n|rule|HP Percentage Mod: HP is shown in percentages\n|rule|Endless Battle Clause: Forcing endless battles is banned\n|rule|OHKO Clause: OHKO moves are banned\n|rule|Evasion Clause: Evasion abilities, items, and moves are banned\n|rule|Evasion Abilities Clause: Evasion abilities are banned\n|rule|Evasion Items Clause: Evasion items are banned\n|rule|Evasion Moves Clause: Evasion moves are banned\n|rule|Species Clause: Limit one of each Pok\u00e9mon\n|rule|Sleep Clause Mod: Limit one foe put to sleep\n|clearpoke\n|poke|p1|Excadrill, F|\n|poke|p1|Keldeo-Resolute|\n|poke|p1|Serperior, F|\n|poke|p1|Scrafty, F|\n|poke|p1|Scolipede, M|\n|poke|p1|Galvantula, M|\n|poke|p2|Tornadus-Therian, M|\n|poke|p2|Ogerpon, F|\n|poke|p2|Espeon, M|\n|poke|p2|Fearow, M|\n|poke|p2|Ferrothorn, M|\n|poke|p2|Torkoal, M|\n|teampreview\n|inactive|Battle timer is ON: inactive players will automatically lose when time's up. (requested by Split_Haming)\n|\n|t:|1700432615\n|start\n|switch|p1a: Galvantula|Galvantula, M|100\/100\n|switch|p2a: Tornadus|Tornadus-Therian, M|100\/100\n|turn|1\n|\n|t:|1700432621\n|move|p2a: Tornadus|Nasty Plot|p2a: Tornadus\n|-boost|p2a: Tornadus|spa|2\n|move|p1a: Galvantula|Sticky Web|p2a: Tornadus\n|-sidestart|p2: sowa_limez|move: Sticky Web\n|\n|upkeep\n|turn|2\n|\n|t:|1700432626\n|move|p2a: Tornadus|Air Slash|p1a: Galvantula\n|-damage|p1a: Galvantula|0 fnt\n|faint|p1a: Galvantula\n|\n|upkeep\n|\n|t:|1700432637\n|switch|p1a: Excadrill|Excadrill, F|100\/100\n|-ability|p1a: Excadrill|Mold Breaker\n|turn|3\n|\n|t:|1700432643\n|move|p2a: Tornadus|Heat Wave|p1a: Excadrill\n|-supereffective|p1a: Excadrill\n|-damage|p1a: Excadrill|0 fnt\n|faint|p1a: Excadrill\n|\n|upkeep\n|\n|t:|1700432648\n|switch|p1a: Scolipede|Scolipede, M|100\/100\n|turn|4\n|\n|t:|1700432655\n|-terastallize|p1a: Scolipede|Rock\n|move|p2a: Tornadus|Air Slash|p1a: Scolipede\n|-resisted|p1a: Scolipede\n|-damage|p1a: Scolipede|42\/100\n|move|p1a: Scolipede|Rock Slide|p2a: Tornadus|[miss]\n|-miss|p1a: Scolipede|p2a: Tornadus\n|\n|-ability|p1a: Scolipede|Speed Boost|boost\n|-boost|p1a: Scolipede|spe|1\n|upkeep\n|turn|5\n|\n|t:|1700432661\n|move|p1a: Scolipede|Rock Slide|p2a: Tornadus|[miss]\n|-miss|p1a: Scolipede|p2a: Tornadus\n|move|p2a: Tornadus|Air Slash|p1a: Scolipede\n|-resisted|p1a: Scolipede\n|-damage|p1a: Scolipede|0 fnt\n|faint|p1a: Scolipede\n|\n|upkeep\n|\n|t:|1700432668\n|switch|p1a: Keldeo|Keldeo-Resolute|100\/100\n|turn|6\n|c|\u2606sowa_limez|Thats so unlucky\ud83d\udc80\n|\n|t:|1700432684\n|move|p1a: Keldeo|Aqua Jet|p2a: Tornadus\n|-damage|p2a: Tornadus|87\/100\n|move|p2a: Tornadus|Air Slash|p1a: Keldeo\n|-supereffective|p1a: Keldeo\n|-enditem|p1a: Keldeo|Focus Sash\n|-damage|p1a: Keldeo|1\/100\n|\n|upkeep\n|turn|7\n|\n|t:|1700432692\n|move|p1a: Keldeo|Aqua Jet|p2a: Tornadus\n|-damage|p2a: Tornadus|75\/100\n|move|p2a: Tornadus|Air Slash|p1a: Keldeo\n|-supereffective|p1a: Keldeo\n|-damage|p1a: Keldeo|0 fnt\n|faint|p1a: Keldeo\n|\n|upkeep\n|\n|t:|1700432700\n|switch|p1a: Scrafty|Scrafty, F|100\/100\n|turn|8\n|\n|t:|1700432709\n|move|p2a: Tornadus|Bleakwind Storm|p1a: Scrafty\n|-supereffective|p1a: Scrafty\n|-damage|p1a: Scrafty|0 fnt\n|faint|p1a: Scrafty\n|\n|upkeep\n|\n|t:|1700432713\n|switch|p1a: Serperior|Serperior, F|100\/100\n|turn|9\n|\n|t:|1700432719\n|move|p2a: Tornadus|Heat Wave|p1a: Serperior\n|-supereffective|p1a: Serperior\n|-crit|p1a: Serperior\n|-damage|p1a: Serperior|0 fnt\n|faint|p1a: Serperior\n|\n|win|sowa_limez\n|raw|Split_Haming's rating: 1086 &rarr; <strong>1062<\/strong><br \/>(-24 for losing)\n|raw|sowa_limez's rating: 1072 &rarr; <strong>1102<\/strong><br \/>(+30 for winning)\n|c|\u2606sowa_limez|Gg\n|c|\u2606Split_Haming|gg]\n|l|\u2606Split_Haming\n","uploadtime":1700432731,"views":5,"p1id":"splithaming","p2id":"sowalimez","formatid":"gen9nationaldex","rating":1062,"private":0,"password":""}