{"id":"gen9nationaldex-1987448843","p1":"Sizzle&Sparkle","p2":"ChaosEmperor96","format":"[Gen 9] National Dex","log":"|j|\u2606Sizzle&Sparkle\n|j|\u2606ChaosEmperor96\n|t:|1699593179\n|gametype|singles\n|player|p1|Sizzle&Sparkle|juggler|1198\n|player|p2|ChaosEmperor96|marshal|1130\n|teamsize|p1|6\n|teamsize|p2|6\n|gen|9\n|tier|[Gen 9] National Dex\n|rated|\n|rule|HP Percentage Mod: HP is shown in percentages\n|rule|Endless Battle Clause: Forcing endless battles is banned\n|rule|OHKO Clause: OHKO moves are banned\n|rule|Evasion Clause: Evasion abilities, items, and moves are banned\n|rule|Evasion Abilities Clause: Evasion abilities are banned\n|rule|Evasion Items Clause: Evasion items are banned\n|rule|Evasion Moves Clause: Evasion moves are banned\n|rule|Species Clause: Limit one of each Pok\u00e9mon\n|rule|Sleep Clause Mod: Limit one foe put to sleep\n|clearpoke\n|poke|p1|Meganium, M|\n|poke|p1|Ampharos, F|\n|poke|p1|Mamoswine, M|\n|poke|p1|Skarmory, M|\n|poke|p1|Espeon, M|\n|poke|p1|Hitmonchan, M|\n|poke|p2|Emboar, M|\n|poke|p2|Haxorus, M|\n|poke|p2|Excadrill, M|\n|poke|p2|Galvantula, M|\n|poke|p2|Mandibuzz, F|\n|poke|p2|Vanilluxe, M|\n|teampreview\n|inactive|Battle timer is ON: inactive players will automatically lose when time's up. (requested by ChaosEmperor96)\n|\n|t:|1699593210\n|start\n|switch|p1a: Cheshire|Espeon, M, shiny|100\/100\n|switch|p2a: Galvantula|Galvantula, M, shiny|100\/100\n|turn|1\n|\n|t:|1699593216\n|move|p1a: Cheshire|Psychic|p2a: Galvantula\n|-damage|p2a: Galvantula|22\/100\n|move|p2a: Galvantula|Bug Buzz|p1a: Cheshire\n|-supereffective|p1a: Cheshire\n|-damage|p1a: Cheshire|0 fnt\n|faint|p1a: Cheshire\n|\n|upkeep\n|\n|t:|1699593221\n|switch|p1a: Lambo|Mamoswine, M|100\/100\n|turn|2\n|\n|t:|1699593231\n|switch|p2a: Vanilluxe|Vanilluxe, M, shiny|100\/100\n|move|p1a: Lambo|Ice Shard|p2a: Vanilluxe\n|-resisted|p2a: Vanilluxe\n|-damage|p2a: Vanilluxe|86\/100\n|-ability|p2a: Vanilluxe|Weak Armor|boost\n|-unboost|p2a: Vanilluxe|def|1\n|-boost|p2a: Vanilluxe|spe|2\n|\n|upkeep\n|turn|3\n|\n|t:|1699593250\n|move|p2a: Vanilluxe|Ice Beam|p1a: Lambo\n|-damage|p1a: Lambo|32\/100\n|move|p1a: Lambo|Icicle Spear|p2a: Vanilluxe\n|-resisted|p2a: Vanilluxe\n|-damage|p2a: Vanilluxe|72\/100\n|-ability|p2a: Vanilluxe|Weak Armor|boost\n|-unboost|p2a: Vanilluxe|def|1\n|-boost|p2a: Vanilluxe|spe|2\n|-resisted|p2a: Vanilluxe\n|-damage|p2a: Vanilluxe|55\/100\n|-ability|p2a: Vanilluxe|Weak Armor|boost\n|-unboost|p2a: Vanilluxe|def|1\n|-boost|p2a: Vanilluxe|spe|2\n|-resisted|p2a: Vanilluxe\n|-damage|p2a: Vanilluxe|34\/100\n|-ability|p2a: Vanilluxe|Weak Armor|boost\n|-unboost|p2a: Vanilluxe|def|1\n|-resisted|p2a: Vanilluxe\n|-damage|p2a: Vanilluxe|4\/100\n|-ability|p2a: Vanilluxe|Weak Armor|boost\n|-unboost|p2a: Vanilluxe|def|1\n|-hitcount|p2a: Vanilluxe|4\n|\n|upkeep\n|turn|4\n|\n|t:|1699593269\n|move|p1a: Lambo|Ice Shard|p2a: Vanilluxe\n|-resisted|p2a: Vanilluxe\n|-damage|p2a: Vanilluxe|0 fnt\n|faint|p2a: Vanilluxe\n|\n|upkeep\n|\n|t:|1699593280\n|switch|p2a: Emboar|Emboar, M, shiny|100\/100\n|turn|5\n|\n|t:|1699593284\n|-terastallize|p2a: Emboar|Fire\n|move|p2a: Emboar|Flare Blitz|p1a: Lambo\n|-supereffective|p1a: Lambo\n|-damage|p1a: Lambo|0 fnt\n|faint|p1a: Lambo\n|-damage|p2a: Emboar|90\/100|[from] Recoil\n|\n|upkeep\n|\n|t:|1699593300\n|switch|p1a: Maple|Skarmory, M|100\/100\n|turn|6\n|\n|t:|1699593303\n|move|p2a: Emboar|Flare Blitz|p1a: Maple\n|-supereffective|p1a: Maple\n|-ability|p1a: Maple|Sturdy\n|-damage|p1a: Maple|1\/100\n|-damage|p2a: Emboar|60\/100|[from] Recoil\n|move|p1a: Maple|Roost|p1a: Maple\n|-heal|p1a: Maple|51\/100\n|-singleturn|p1a: Maple|move: Roost\n|\n|-heal|p1a: Maple|57\/100|[from] item: Leftovers\n|upkeep\n|turn|7\n|\n|t:|1699593315\n|move|p2a: Emboar|Flare Blitz|p1a: Maple\n|-supereffective|p1a: Maple\n|-damage|p1a: Maple|0 fnt\n|faint|p1a: Maple\n|-damage|p2a: Emboar|42\/100|[from] Recoil\n|\n|upkeep\n|\n|t:|1699593322\n|switch|p1a: Frizz|Ampharos, F|100\/100\n|turn|8\n|\n|t:|1699593325\n|move|p2a: Emboar|Flare Blitz|p1a: Frizz\n|-damage|p1a: Frizz|9\/100\n|-damage|p2a: Emboar|10\/100|[from] Recoil\n|move|p1a: Frizz|Cotton Guard|p1a: Frizz\n|-boost|p1a: Frizz|def|3\n|\n|upkeep\n|turn|9\n|\n|t:|1699593332\n|move|p2a: Emboar|Flare Blitz|p1a: Frizz\n|-damage|p1a: Frizz|0 fnt\n|faint|p1a: Frizz\n|-damage|p2a: Emboar|7\/100|[from] Recoil\n|\n|upkeep\n|\n|t:|1699593335\n|switch|p1a: Vio|Hitmonchan, M|100\/100\n|turn|10\n|\n|t:|1699593340\n|move|p1a: Vio|Mach Punch|p2a: Emboar\n|-damage|p2a: Emboar|0 fnt\n|faint|p2a: Emboar\n|\n|upkeep\n|\n|t:|1699593346\n|switch|p2a: Mandibuzz|Mandibuzz, F, shiny|100\/100\n|turn|11\n|\n|t:|1699593352\n|-terastallize|p1a: Vio|Fighting\n|move|p2a: Mandibuzz|Foul Play|p1a: Vio\n|-resisted|p1a: Vio\n|-damage|p1a: Vio|70\/100\n|move|p1a: Vio|Power-Up Punch|p2a: Mandibuzz\n|-damage|p2a: Mandibuzz|80\/100\n|-boost|p1a: Vio|atk|1\n|\n|upkeep\n|turn|12\n|\n|t:|1699593361\n|move|p2a: Mandibuzz|Foul Play|p1a: Vio\n|-resisted|p1a: Vio\n|-damage|p1a: Vio|27\/100\n|move|p1a: Vio|Drain Punch|p2a: Mandibuzz\n|-damage|p2a: Mandibuzz|27\/100\n|-heal|p1a: Vio|63\/100|[from] drain|[of] p2a: Mandibuzz\n|\n|upkeep\n|turn|13\n|\n|t:|1699593369\n|move|p1a: Vio|Mach Punch|p2a: Mandibuzz\n|-damage|p2a: Mandibuzz|0 fnt\n|faint|p2a: Mandibuzz\n|\n|upkeep\n|\n|t:|1699593382\n|switch|p2a: Haxorus|Haxorus, M, shiny|100\/100\n|-ability|p2a: Haxorus|Mold Breaker\n|turn|14\n|\n|t:|1699593386\n|move|p2a: Haxorus|Outrage|p1a: Vio\n|-damage|p1a: Vio|0 fnt\n|faint|p1a: Vio\n|\n|upkeep\n|\n|t:|1699593388\n|switch|p1a: Davy|Meganium, M|100\/100\n|turn|15\n|\n|t:|1699593393\n|move|p2a: Haxorus|Outrage|p1a: Davy|[from]lockedmove\n|-damage|p1a: Davy|24\/100\n|-damage|p2a: Haxorus|84\/100|[from] item: Rocky Helmet|[of] p1a: Davy\n|move|p1a: Davy|Curse|p1a: Davy\n|-unboost|p1a: Davy|spe|1\n|-boost|p1a: Davy|atk|1\n|-boost|p1a: Davy|def|1\n|\n|upkeep\n|turn|16\n|c|\u2606Sizzle&Sparkle|Gg\n|\n|t:|1699593402\n|move|p2a: Haxorus|Outrage|p1a: Davy|[from]lockedmove\n|-damage|p1a: Davy|0 fnt\n|-damage|p2a: Haxorus|67\/100|[from] item: Rocky Helmet|[of] p1a: Davy\n|faint|p1a: Davy\n|-start|p2a: Haxorus|confusion|[fatigue]\n|\n|win|ChaosEmperor96\n|raw|Sizzle&amp;Sparkle's rating: 1198 &rarr; <strong>1168<\/strong><br \/>(-30 for losing)\n|raw|ChaosEmperor96's rating: 1130 &rarr; <strong>1160<\/strong><br \/>(+30 for winning)\n|l|\u2606Sizzle&Sparkle\n","uploadtime":1699593410,"views":4,"p1id":"sizzlesparkle","p2id":"chaosemperor96","formatid":"gen9nationaldex","rating":1160,"private":0,"password":""}