{"id":"gen9nationaldex-1990468218","p1":"NDAG was banned","p2":"sgt_kalimba","format":"[Gen 9] National Dex","log":"|j|\u2606NDAG was banned\n|j|\u2606sgt_kalimba\n|t:|1699973765\n|gametype|singles\n|player|p1|NDAG was banned|lillie-masters|1670\n|player|p2|sgt_kalimba|maid|1729\n|teamsize|p1|6\n|teamsize|p2|6\n|gen|9\n|tier|[Gen 9] National Dex\n|rated|\n|rule|HP Percentage Mod: HP is shown in percentages\n|rule|Endless Battle Clause: Forcing endless battles is banned\n|rule|OHKO Clause: OHKO moves are banned\n|rule|Evasion Clause: Evasion abilities, items, and moves are banned\n|rule|Evasion Abilities Clause: Evasion abilities are banned\n|rule|Evasion Items Clause: Evasion items are banned\n|rule|Evasion Moves Clause: Evasion moves are banned\n|rule|Species Clause: Limit one of each Pok\u00e9mon\n|rule|Sleep Clause Mod: Limit one foe put to sleep\n|clearpoke\n|poke|p1|Tapu Lele|\n|poke|p1|Sneasler, M|\n|poke|p1|Iron Valiant|\n|poke|p1|Volcarona, F|\n|poke|p1|Glimmora, M|\n|poke|p1|Garchomp, F|\n|poke|p2|Samurott-Hisui, F|\n|poke|p2|Tapu Fini|\n|poke|p2|Volcarona, M|\n|poke|p2|Rillaboom, F|\n|poke|p2|Sneasler, M|\n|poke|p2|Tapu Lele|\n|teampreview\n|inactive|Battle timer is ON: inactive players will automatically lose when time's up. (requested by sgt_kalimba)\n|\n|t:|1699973788\n|start\n|switch|p1a: Glimmora|Glimmora, M|100\/100\n|switch|p2a: Samurott|Samurott-Hisui, F|100\/100\n|turn|1\n|\n|t:|1699973795\n|move|p2a: Samurott|Ceaseless Edge|p1a: Glimmora\n|-damage|p1a: Glimmora|43\/100\n|-activate|p1a: Glimmora|ability: Toxic Debris\n|-sidestart|p2: sgt_kalimba|move: Toxic Spikes\n|-sidestart|p1: NDAG was banned|Spikes\n|move|p1a: Glimmora|Stealth Rock|p2a: Samurott\n|-sidestart|p2: sgt_kalimba|move: Stealth Rock\n|\n|upkeep\n|turn|2\n|\n|t:|1699973801\n|move|p2a: Samurott|Ceaseless Edge|p1a: Glimmora\n|-damage|p1a: Glimmora|0 fnt\n|-activate|p1a: Glimmora|ability: Toxic Debris\n|-sidestart|p2: sgt_kalimba|move: Toxic Spikes\n|-sidestart|p1: NDAG was banned|Spikes\n|faint|p1a: Glimmora\n|\n|upkeep\n|\n|t:|1699973810\n|switch|p1a: Iron Valiant|Iron Valiant|100\/100\n|-damage|p1a: Iron Valiant|84\/100|[from] Spikes\n|-enditem|p1a: Iron Valiant|Booster Energy\n|-activate|p1a: Iron Valiant|ability: Quark Drive|[fromitem]\n|-start|p1a: Iron Valiant|quarkdrivespe\n|turn|3\n|\n|t:|1699973814\n|move|p1a: Iron Valiant|Calm Mind|p1a: Iron Valiant\n|-boost|p1a: Iron Valiant|spa|1\n|-boost|p1a: Iron Valiant|spd|1\n|move|p2a: Samurott|Ceaseless Edge|p1a: Iron Valiant\n|-resisted|p1a: Iron Valiant\n|-damage|p1a: Iron Valiant|69\/100\n|-sidestart|p1: NDAG was banned|Spikes\n|\n|upkeep\n|turn|4\n|\n|t:|1699973817\n|move|p1a: Iron Valiant|Moonblast|p2a: Samurott\n|-supereffective|p2a: Samurott\n|-damage|p2a: Samurott|0 fnt\n|faint|p2a: Samurott\n|\n|upkeep\n|\n|t:|1699973824\n|switch|p2a: Rillaboom|Rillaboom, F|100\/100\n|-status|p2a: Rillaboom|tox\n|-damage|p2a: Rillaboom|88\/100 tox|[from] Stealth Rock\n|-fieldstart|move: Grassy Terrain|[from] ability: Grassy Surge|[of] p2a: Rillaboom\n|turn|5\n|\n|t:|1699973826\n|move|p2a: Rillaboom|Grassy Glide|p1a: Iron Valiant\n|-damage|p1a: Iron Valiant|0 fnt\n|faint|p1a: Iron Valiant\n|-end|p1a: Iron Valiant|Quark Drive|[silent]\n|\n|-heal|p2a: Rillaboom|94\/100 tox|[from] Grassy Terrain\n|-damage|p2a: Rillaboom|88\/100 tox|[from] psn\n|upkeep\n|\n|t:|1699973841\n|switch|p1a: Tapu Lele|Tapu Lele|100\/100\n|-damage|p1a: Tapu Lele|76\/100|[from] Spikes\n|-fieldstart|move: Psychic Terrain|[from] ability: Psychic Surge|[of] p1a: Tapu Lele\n|turn|6\n|\n|t:|1699973844\n|switch|p2a: Sneasler|Sneasler, M|100\/100\n|-sideend|p2: sgt_kalimba|move: Toxic Spikes|[of] p2a: Sneasler\n|-damage|p2a: Sneasler|95\/100|[from] Stealth Rock\n|move|p1a: Tapu Lele|Psychic|p2a: Sneasler\n|-supereffective|p2a: Sneasler\n|-damage|p2a: Sneasler|0 fnt\n|faint|p2a: Sneasler\n|\n|upkeep\n|\n|t:|1699973847\n|switch|p2a: Rillaboom|Rillaboom, F|88\/100 tox\n|-damage|p2a: Rillaboom|76\/100 tox|[from] Stealth Rock\n|-fieldstart|move: Grassy Terrain|[from] ability: Grassy Surge|[of] p2a: Rillaboom\n|turn|7\n|\n|t:|1699973851\n|move|p1a: Tapu Lele|Psychic|p2a: Rillaboom\n|-crit|p2a: Rillaboom\n|-damage|p2a: Rillaboom|0 fnt\n|faint|p2a: Rillaboom\n|\n|-heal|p1a: Tapu Lele|82\/100|[from] Grassy Terrain\n|upkeep\n|\n|t:|1699973854\n|switch|p2a: Volcarona|Volcarona, M|100\/100\n|turn|8\n|\n|t:|1699973858\n|move|p1a: Tapu Lele|Taunt|p2a: Volcarona\n|-start|p2a: Volcarona|move: Taunt\n|cant|p2a: Volcarona|move: Taunt|Quiver Dance\n|\n|-heal|p1a: Tapu Lele|88\/100|[from] Grassy Terrain\n|upkeep\n|turn|9\n|\n|t:|1699973862\n|switch|p1a: Garchomp|Garchomp, F|100\/100\n|-damage|p1a: Garchomp|76\/100|[from] Spikes\n|move|p2a: Volcarona|Fiery Dance|p1a: Garchomp\n|-resisted|p1a: Garchomp\n|-damage|p1a: Garchomp|55\/100\n|-boost|p2a: Volcarona|spa|1\n|\n|-heal|p1a: Garchomp|61\/100|[from] Grassy Terrain\n|upkeep\n|turn|10\n|\n|t:|1699973865\n|move|p1a: Garchomp|Scale Shot|p2a: Volcarona\n|-damage|p2a: Volcarona|88\/100\n|-damage|p2a: Volcarona|75\/100\n|-damage|p2a: Volcarona|62\/100\n|-damage|p2a: Volcarona|51\/100\n|-hitcount|p2a: Volcarona|4\n|-unboost|p1a: Garchomp|def|1\n|-boost|p1a: Garchomp|spe|1\n|move|p2a: Volcarona|Fiery Dance|p1a: Garchomp\n|-resisted|p1a: Garchomp\n|-damage|p1a: Garchomp|30\/100\n|-boost|p2a: Volcarona|spa|1\n|\n|-heal|p1a: Garchomp|36\/100|[from] Grassy Terrain\n|-heal|p2a: Volcarona|57\/100|[from] Grassy Terrain\n|-end|p2a: Volcarona|move: Taunt\n|upkeep\n|turn|11\n|\n|t:|1699973878\n|move|p1a: Garchomp|Scale Shot|p2a: Volcarona\n|-damage|p2a: Volcarona|44\/100\n|-damage|p2a: Volcarona|33\/100\n|-damage|p2a: Volcarona|21\/100\n|-damage|p2a: Volcarona|10\/100\n|-hitcount|p2a: Volcarona|4\n|-unboost|p1a: Garchomp|def|1\n|-boost|p1a: Garchomp|spe|1\n|move|p2a: Volcarona|Fiery Dance|p1a: Garchomp\n|-resisted|p1a: Garchomp\n|-damage|p1a: Garchomp|0 fnt\n|faint|p1a: Garchomp\n|\n|-heal|p2a: Volcarona|16\/100|[from] Grassy Terrain\n|-fieldend|move: Grassy Terrain\n|upkeep\n|\n|t:|1699973888\n|switch|p1a: Tapu Lele|Tapu Lele|88\/100\n|-damage|p1a: Tapu Lele|63\/100|[from] Spikes\n|-fieldstart|move: Psychic Terrain|[from] ability: Psychic Surge|[of] p1a: Tapu Lele\n|turn|12\n|\n|t:|1699973894\n|move|p1a: Tapu Lele|Psychic|p2a: Volcarona\n|-crit|p2a: Volcarona\n|-damage|p2a: Volcarona|0 fnt\n|faint|p2a: Volcarona\n|\n|upkeep\n|\n|t:|1699973910\n|switch|p2a: Tapu Lele|Tapu Lele|100\/100\n|-damage|p2a: Tapu Lele|88\/100|[from] Stealth Rock\n|turn|13\n|\n|t:|1699973912\n|move|p1a: Tapu Lele|Moonblast|p2a: Tapu Lele\n|-crit|p2a: Tapu Lele\n|-damage|p2a: Tapu Lele|9\/100\n|-unboost|p2a: Tapu Lele|spa|1\n|move|p2a: Tapu Lele|Moonblast|p1a: Tapu Lele\n|-damage|p1a: Tapu Lele|13\/100\n|\n|upkeep\n|turn|14\n|\n|t:|1699973916\n|move|p2a: Tapu Lele|Moonblast|p1a: Tapu Lele\n|-damage|p1a: Tapu Lele|0 fnt\n|faint|p1a: Tapu Lele\n|\n|upkeep\n|\n|t:|1699973923\n|switch|p1a: Volcarona|Volcarona, F|100\/100\n|-damage|p1a: Volcarona|76\/100|[from] Spikes\n|turn|15\n|\n|t:|1699973938\n|switch|p2a: Tapu Fini|Tapu Fini|100\/100\n|-damage|p2a: Tapu Fini|88\/100|[from] Stealth Rock\n|-fieldstart|move: Misty Terrain|[from] ability: Misty Surge|[of] p2a: Tapu Fini\n|move|p1a: Volcarona|Quiver Dance|p1a: Volcarona\n|-boost|p1a: Volcarona|spa|1\n|-boost|p1a: Volcarona|spd|1\n|-boost|p1a: Volcarona|spe|1\n|\n|-heal|p2a: Tapu Fini|94\/100|[from] item: Leftovers\n|upkeep\n|turn|16\n|\n|t:|1699973944\n|move|p1a: Volcarona|Substitute|p1a: Volcarona\n|-start|p1a: Volcarona|Substitute\n|-damage|p1a: Volcarona|51\/100\n|move|p2a: Tapu Fini|Calm Mind|p2a: Tapu Fini\n|-boost|p2a: Tapu Fini|spa|1\n|-boost|p2a: Tapu Fini|spd|1\n|\n|-heal|p2a: Tapu Fini|100\/100|[from] item: Leftovers\n|upkeep\n|turn|17\n|\n|t:|1699973946\n|move|p1a: Volcarona|Quiver Dance|p1a: Volcarona\n|-boost|p1a: Volcarona|spa|1\n|-boost|p1a: Volcarona|spd|1\n|-boost|p1a: Volcarona|spe|1\n|move|p2a: Tapu Fini|Calm Mind|p2a: Tapu Fini\n|-boost|p2a: Tapu Fini|spa|1\n|-boost|p2a: Tapu Fini|spd|1\n|\n|upkeep\n|turn|18\n|\n|t:|1699973948\n|move|p1a: Volcarona|Quiver Dance|p1a: Volcarona\n|-boost|p1a: Volcarona|spa|1\n|-boost|p1a: Volcarona|spd|1\n|-boost|p1a: Volcarona|spe|1\n|move|p2a: Tapu Fini|Calm Mind|p2a: Tapu Fini\n|-boost|p2a: Tapu Fini|spa|1\n|-boost|p2a: Tapu Fini|spd|1\n|\n|upkeep\n|turn|19\n|\n|t:|1699973950\n|move|p1a: Volcarona|Quiver Dance|p1a: Volcarona\n|-boost|p1a: Volcarona|spa|1\n|-boost|p1a: Volcarona|spd|1\n|-boost|p1a: Volcarona|spe|1\n|move|p2a: Tapu Fini|Calm Mind|p2a: Tapu Fini\n|-boost|p2a: Tapu Fini|spa|1\n|-boost|p2a: Tapu Fini|spd|1\n|\n|-fieldend|Misty Terrain\n|upkeep\n|turn|20\n|\n|t:|1699973953\n|move|p1a: Volcarona|Fire Blast|p2a: Tapu Fini\n|-resisted|p2a: Tapu Fini\n|-damage|p2a: Tapu Fini|82\/100\n|move|p2a: Tapu Fini|Calm Mind|p2a: Tapu Fini\n|-boost|p2a: Tapu Fini|spa|1\n|-boost|p2a: Tapu Fini|spd|1\n|\n|-heal|p2a: Tapu Fini|88\/100|[from] item: Leftovers\n|upkeep\n|turn|21\n|\n|t:|1699973956\n|move|p1a: Volcarona|Quiver Dance|p1a: Volcarona\n|-boost|p1a: Volcarona|spa|1\n|-boost|p1a: Volcarona|spd|1\n|-boost|p1a: Volcarona|spe|1\n|move|p2a: Tapu Fini|Calm Mind|p2a: Tapu Fini\n|-boost|p2a: Tapu Fini|spa|1\n|-boost|p2a: Tapu Fini|spd|1\n|\n|-heal|p2a: Tapu Fini|94\/100|[from] item: Leftovers\n|upkeep\n|turn|22\n|\n|t:|1699973959\n|move|p1a: Volcarona|Quiver Dance|p1a: Volcarona\n|-boost|p1a: Volcarona|spa|1\n|-boost|p1a: Volcarona|spd|1\n|-boost|p1a: Volcarona|spe|1\n|move|p2a: Tapu Fini|Iron Defense|p2a: Tapu Fini\n|-boost|p2a: Tapu Fini|def|2\n|\n|-heal|p2a: Tapu Fini|100\/100|[from] item: Leftovers\n|upkeep\n|turn|23\n|\n|t:|1699973963\n|move|p1a: Volcarona|Bug Buzz|p2a: Tapu Fini\n|-resisted|p2a: Tapu Fini\n|-crit|p2a: Tapu Fini\n|-damage|p2a: Tapu Fini|3\/100\n|move|p2a: Tapu Fini|Stored Power|p1a: Volcarona\n|-end|p1a: Volcarona|Substitute\n|\n|-heal|p2a: Tapu Fini|9\/100|[from] item: Leftovers\n|upkeep\n|turn|24\n|\n|t:|1699973968\n|move|p1a: Volcarona|Bug Buzz|p2a: Tapu Fini\n|-resisted|p2a: Tapu Fini\n|-damage|p2a: Tapu Fini|0 fnt\n|faint|p2a: Tapu Fini\n|\n|upkeep\n|-message|sgt_kalimba forfeited.\n|\n|win|NDAG was banned\n|raw|NDAG was banned's rating: 1670 &rarr; <strong>1693<\/strong><br \/>(+23 for winning)\n|raw|sgt_kalimba's rating: 1729 &rarr; <strong>1706<\/strong><br \/>(-23 for losing)\n|c|\u2606NDAG was banned|damn\n|l|\u2606sgt_kalimba\n","uploadtime":1699973977,"views":4,"p1id":"ndagwasbanned","p2id":"sgtkalimba","formatid":"gen9nationaldex","rating":1693,"private":0,"password":""}