{"id":"gen9nationaldex-1994655121","p1":"CG\u767d68","p2":"runeatest","format":"[Gen 9] National Dex","log":"|html|<div class=\"broadcast-blue\"><strong>[Gen 9] National Dex is currently suspecting Sneasler! For information on how to participate check out the <a href=\"https:\/\/www.smogon.com\/forums\/threads\/sv-national-dex-suspect-8-just-dance.3731534\/\">suspect thread<\/a>.<\/strong><\/div>\n|j|\u203dCG\u767d68\n|j|\u2606runeatest\n|t:|1700476271\n|gametype|singles\n|player|p1|CG\u767d68|169|1069\n|player|p2|runeatest|fisherman-gen4|1138\n|teamsize|p1|6\n|teamsize|p2|6\n|gen|9\n|tier|[Gen 9] National Dex\n|rated|\n|rule|HP Percentage Mod: HP is shown in percentages\n|rule|Endless Battle Clause: Forcing endless battles is banned\n|rule|OHKO Clause: OHKO moves are banned\n|rule|Evasion Clause: Evasion abilities, items, and moves are banned\n|rule|Evasion Abilities Clause: Evasion abilities are banned\n|rule|Evasion Items Clause: Evasion items are banned\n|rule|Evasion Moves Clause: Evasion moves are banned\n|rule|Species Clause: Limit one of each Pok\u00e9mon\n|rule|Sleep Clause Mod: Limit one foe put to sleep\n|clearpoke\n|poke|p1|Gyarados, M|\n|poke|p1|Dragonite, F|\n|poke|p1|Ferrothorn, F|\n|poke|p1|Iron Valiant|\n|poke|p1|Samurott-Hisui, M|\n|poke|p1|Glimmora, M|\n|poke|p2|Glaceon, M|\n|poke|p2|Flygon, M|\n|poke|p2|Emolga, M|\n|poke|p2|Marowak-Alola, M|\n|poke|p2|Sirfetch\u2019d, M|\n|poke|p2|Lapras, M|\n|teampreview\n|inactive|Battle timer is ON: inactive players will automatically lose when time's up. (requested by runeatest)\n|\n|t:|1700476277\n|start\n|switch|p1a: Glimmora|Glimmora, M|100\/100\n|switch|p2a: Sirfetch\u2019d|Sirfetch\u2019d, M|100\/100\n|turn|1\n|\n|t:|1700476293\n|move|p1a: Glimmora|Stealth Rock|p2a: Sirfetch\u2019d\n|-sidestart|p2: runeatest|move: Stealth Rock\n|move|p2a: Sirfetch\u2019d|Defog|p1a: Glimmora\n|-unboost|p1a: Glimmora|evasion|1\n|-sideend|p2: runeatest|Stealth Rock|[from] move: Defog|[of] p2a: Sirfetch\u2019d\n|\n|upkeep\n|turn|2\n|\n|t:|1700476300\n|move|p1a: Glimmora|Stealth Rock|p2a: Sirfetch\u2019d\n|-sidestart|p2: runeatest|move: Stealth Rock\n|move|p2a: Sirfetch\u2019d|Close Combat|p1a: Glimmora\n|-damage|p1a: Glimmora|18\/100\n|-unboost|p2a: Sirfetch\u2019d|def|1\n|-unboost|p2a: Sirfetch\u2019d|spd|1\n|-activate|p1a: Glimmora|ability: Toxic Debris\n|-sidestart|p2: runeatest|move: Toxic Spikes\n|\n|upkeep\n|turn|3\n|\n|t:|1700476311\n|move|p1a: Glimmora|Stealth Rock||[still]\n|-fail|p1a: Glimmora\n|move|p2a: Sirfetch\u2019d|Defog|p1a: Glimmora\n|-unboost|p1a: Glimmora|evasion|1\n|-sideend|p2: runeatest|Toxic Spikes|[from] move: Defog|[of] p2a: Sirfetch\u2019d\n|-sideend|p2: runeatest|Stealth Rock|[from] move: Defog|[of] p2a: Sirfetch\u2019d\n|\n|upkeep\n|turn|4\n|\n|t:|1700476319\n|move|p1a: Glimmora|Stealth Rock|p2a: Sirfetch\u2019d\n|-sidestart|p2: runeatest|move: Stealth Rock\n|move|p2a: Sirfetch\u2019d|Dual Wingbeat|p1a: Glimmora\n|-resisted|p1a: Glimmora\n|-damage|p1a: Glimmora|10\/100\n|-activate|p1a: Glimmora|ability: Toxic Debris\n|-sidestart|p2: runeatest|move: Toxic Spikes\n|-resisted|p1a: Glimmora\n|-damage|p1a: Glimmora|1\/100\n|-activate|p1a: Glimmora|ability: Toxic Debris\n|-sidestart|p2: runeatest|move: Toxic Spikes\n|-hitcount|p1a: Glimmora|2\n|\n|upkeep\n|turn|5\n|\n|t:|1700476334\n|move|p1a: Glimmora|Stealth Rock||[still]\n|-fail|p1a: Glimmora\n|move|p2a: Sirfetch\u2019d|Defog|p1a: Glimmora\n|-unboost|p1a: Glimmora|evasion|1\n|-sideend|p2: runeatest|Toxic Spikes|[from] move: Defog|[of] p2a: Sirfetch\u2019d\n|-sideend|p2: runeatest|Stealth Rock|[from] move: Defog|[of] p2a: Sirfetch\u2019d\n|\n|upkeep\n|turn|6\n|\n|t:|1700476343\n|switch|p2a: Glaceon|Glaceon, M|100\/100\n|move|p1a: Glimmora|Stealth Rock|p2a: Glaceon\n|-sidestart|p2: runeatest|move: Stealth Rock\n|\n|upkeep\n|turn|7\n|\n|t:|1700476353\n|move|p2a: Glaceon|Ice Shard|p1a: Glimmora\n|-damage|p1a: Glimmora|0 fnt\n|-activate|p1a: Glimmora|ability: Toxic Debris\n|-sidestart|p2: runeatest|move: Toxic Spikes\n|faint|p1a: Glimmora\n|\n|upkeep\n|\n|t:|1700476361\n|switch|p1a: Samurott|Samurott-Hisui, M|100\/100\n|turn|8\n|\n|t:|1700476369\n|switch|p2a: Sirfetch\u2019d|Sirfetch\u2019d, M|100\/100\n|-damage|p2a: Sirfetch\u2019d|94\/100|[from] Stealth Rock\n|-status|p2a: Sirfetch\u2019d|psn\n|move|p1a: Samurott|Ceaseless Edge|p2a: Sirfetch\u2019d\n|-resisted|p2a: Sirfetch\u2019d\n|-damage|p2a: Sirfetch\u2019d|68\/100 psn\n|-sidestart|p2: runeatest|Spikes\n|\n|-damage|p2a: Sirfetch\u2019d|56\/100 psn|[from] psn\n|upkeep\n|turn|9\n|\n|t:|1700476383\n|move|p1a: Samurott|Knock Off|p2a: Sirfetch\u2019d\n|-resisted|p2a: Sirfetch\u2019d\n|-damage|p2a: Sirfetch\u2019d|28\/100 psn\n|-enditem|p2a: Sirfetch\u2019d|Leek|[from] move: Knock Off|[of] p1a: Samurott\n|move|p2a: Sirfetch\u2019d|Defog|p1a: Samurott\n|-unboost|p1a: Samurott|evasion|1\n|-sideend|p2: runeatest|Spikes|[from] move: Defog|[of] p2a: Sirfetch\u2019d\n|-sideend|p2: runeatest|Toxic Spikes|[from] move: Defog|[of] p2a: Sirfetch\u2019d\n|-sideend|p2: runeatest|Stealth Rock|[from] move: Defog|[of] p2a: Sirfetch\u2019d\n|\n|-damage|p2a: Sirfetch\u2019d|16\/100 psn|[from] psn\n|upkeep\n|turn|10\n|\n|t:|1700476394\n|move|p1a: Samurott|Ceaseless Edge|p2a: Sirfetch\u2019d|[miss]\n|-miss|p1a: Samurott|p2a: Sirfetch\u2019d\n|move|p2a: Sirfetch\u2019d|Close Combat|p1a: Samurott\n|-supereffective|p1a: Samurott\n|-enditem|p1a: Samurott|Focus Sash\n|-damage|p1a: Samurott|1\/100\n|-unboost|p2a: Sirfetch\u2019d|def|1\n|-unboost|p2a: Sirfetch\u2019d|spd|1\n|\n|-damage|p2a: Sirfetch\u2019d|3\/100 psn|[from] psn\n|upkeep\n|turn|11\n|\n|t:|1700476406\n|move|p1a: Samurott|Ceaseless Edge|p2a: Sirfetch\u2019d\n|-resisted|p2a: Sirfetch\u2019d\n|-damage|p2a: Sirfetch\u2019d|0 fnt\n|-sidestart|p2: runeatest|Spikes\n|faint|p2a: Sirfetch\u2019d\n|\n|upkeep\n|\n|t:|1700476412\n|switch|p2a: Glaceon|Glaceon, M|100\/100\n|-damage|p2a: Glaceon|88\/100|[from] Spikes\n|turn|12\n|\n|t:|1700476421\n|switch|p1a: Ferrothorn|Ferrothorn, F|100\/100\n|move|p2a: Glaceon|Ice Shard|p1a: Ferrothorn\n|-damage|p1a: Ferrothorn|95\/100\n|\n|-heal|p1a: Ferrothorn|100\/100|[from] item: Leftovers\n|upkeep\n|turn|13\n|\n|t:|1700476430\n|switch|p2a: Marowak|Marowak-Alola, M|100\/100\n|-damage|p2a: Marowak|88\/100|[from] Spikes\n|move|p1a: Ferrothorn|Toxic|p2a: Marowak\n|-status|p2a: Marowak|tox\n|\n|-damage|p2a: Marowak|82\/100 tox|[from] psn\n|upkeep\n|turn|14\n|\n|t:|1700476441\n|switch|p1a: Gyarados|Gyarados, M|100\/100\n|move|p2a: Marowak|Flare Blitz|p1a: Gyarados\n|-resisted|p1a: Gyarados\n|-damage|p1a: Gyarados|42\/100\n|-status|p1a: Gyarados|brn\n|\n|-damage|p2a: Marowak|70\/100 tox|[from] psn\n|-damage|p1a: Gyarados|36\/100 brn|[from] brn\n|upkeep\n|turn|15\n|\n|t:|1700476459\n|switch|p2a: Lapras|Lapras, M|100\/100\n|-damage|p2a: Lapras|88\/100|[from] Spikes\n|detailschange|p1a: Gyarados|Gyarados-Mega, M\n|-mega|p1a: Gyarados|Gyarados|Gyaradosite\n|-ability|p1a: Gyarados|Mold Breaker\n|move|p1a: Gyarados|Substitute|p1a: Gyarados\n|-start|p1a: Gyarados|Substitute\n|-damage|p1a: Gyarados|11\/100 brn\n|\n|-heal|p2a: Lapras|94\/100|[from] item: Leftovers\n|-damage|p1a: Gyarados|5\/100 brn|[from] brn\n|upkeep\n|turn|16\n|\n|t:|1700476474\n|move|p1a: Gyarados|Earthquake|p2a: Lapras\n|-damage|p2a: Lapras|75\/100\n|move|p2a: Lapras|Sparkling Aria|p1a: Gyarados\n|-resisted|p1a: Gyarados\n|-damage|p1a: Gyarados|0 fnt\n|faint|p1a: Gyarados\n|\n|-heal|p2a: Lapras|81\/100|[from] item: Leftovers\n|upkeep\n|\n|t:|1700476485\n|switch|p1a: Dragonite|Dragonite, F|100\/100\n|turn|17\n|\n|t:|1700476495\n|switch|p1a: Samurott|Samurott-Hisui, M|1\/100\n|move|p2a: Lapras|Freeze-Dry|p1a: Samurott\n|-supereffective|p1a: Samurott\n|-damage|p1a: Samurott|0 fnt\n|faint|p1a: Samurott\n|\n|-heal|p2a: Lapras|87\/100|[from] item: Leftovers\n|upkeep\n|\n|t:|1700476505\n|switch|p1a: Iron Valiant|Iron Valiant|100\/100\n|-enditem|p1a: Iron Valiant|Booster Energy\n|-activate|p1a: Iron Valiant|ability: Quark Drive|[fromitem]\n|-start|p1a: Iron Valiant|quarkdrivespe\n|turn|18\n|\n|t:|1700476517\n|switch|p2a: Marowak|Marowak-Alola, M|70\/100 tox\n|-damage|p2a: Marowak|57\/100 tox|[from] Spikes\n|move|p1a: Iron Valiant|Knock Off|p2a: Marowak\n|-supereffective|p2a: Marowak\n|-damage|p2a: Marowak|0 fnt\n|-enditem|p2a: Marowak|Thick Club|[from] move: Knock Off|[of] p1a: Iron Valiant\n|faint|p2a: Marowak\n|\n|upkeep\n|\n|t:|1700476525\n|switch|p2a: Emolga|Emolga, M|100\/100\n|turn|19\n|\n|t:|1700476532\n|move|p1a: Iron Valiant|Knock Off|p2a: Emolga\n|-damage|p2a: Emolga|25\/100\n|-enditem|p2a: Emolga|Focus Sash|[from] move: Knock Off|[of] p1a: Iron Valiant\n|move|p2a: Emolga|Nuzzle|p1a: Iron Valiant\n|-damage|p1a: Iron Valiant|94\/100\n|-status|p1a: Iron Valiant|par\n|\n|upkeep\n|turn|20\n|\n|t:|1700476547\n|move|p2a: Emolga|Air Slash|p1a: Iron Valiant\n|-supereffective|p1a: Iron Valiant\n|-damage|p1a: Iron Valiant|0 fnt\n|faint|p1a: Iron Valiant\n|-end|p1a: Iron Valiant|Quark Drive|[silent]\n|\n|upkeep\n|\n|t:|1700476553\n|switch|p1a: Dragonite|Dragonite, F|100\/100\n|turn|21\n|\n|t:|1700476556\n|move|p2a: Emolga|Nuzzle|p1a: Dragonite\n|-crit|p1a: Dragonite\n|-damage|p1a: Dragonite|92\/100\n|-status|p1a: Dragonite|par\n|move|p1a: Dragonite|Curse|p1a: Dragonite\n|-unboost|p1a: Dragonite|spe|1\n|-boost|p1a: Dragonite|atk|1\n|-boost|p1a: Dragonite|def|1\n|\n|upkeep\n|turn|22\n|\n|t:|1700476569\n|move|p2a: Emolga|Thunderbolt|p1a: Dragonite\n|-damage|p1a: Dragonite|59\/100 par\n|move|p1a: Dragonite|Roost|p1a: Dragonite\n|-heal|p1a: Dragonite|100\/100 par\n|-singleturn|p1a: Dragonite|move: Roost\n|\n|upkeep\n|turn|23\n|\n|t:|1700476576\n|move|p2a: Emolga|Air Slash|p1a: Dragonite\n|-damage|p1a: Dragonite|73\/100 par\n|move|p1a: Dragonite|Curse|p1a: Dragonite\n|-unboost|p1a: Dragonite|spe|1\n|-boost|p1a: Dragonite|atk|1\n|-boost|p1a: Dragonite|def|1\n|\n|upkeep\n|turn|24\n|\n|t:|1700476586\n|move|p2a: Emolga|Air Slash|p1a: Dragonite\n|-damage|p1a: Dragonite|48\/100 par\n|move|p1a: Dragonite|Roost|p1a: Dragonite\n|-heal|p1a: Dragonite|98\/100 par\n|-singleturn|p1a: Dragonite|move: Roost\n|\n|upkeep\n|turn|25\n|\n|t:|1700476594\n|move|p2a: Emolga|Air Slash|p1a: Dragonite\n|-damage|p1a: Dragonite|70\/100 par\n|move|p1a: Dragonite|Roost|p1a: Dragonite\n|-heal|p1a: Dragonite|100\/100 par\n|-singleturn|p1a: Dragonite|move: Roost\n|\n|upkeep\n|turn|26\n|\n|t:|1700476602\n|move|p1a: Dragonite|Extreme Speed|p2a: Emolga\n|-damage|p2a: Emolga|0 fnt\n|faint|p2a: Emolga\n|\n|upkeep\n|\n|t:|1700476607\n|switch|p2a: Glaceon|Glaceon, M|88\/100\n|-damage|p2a: Glaceon|76\/100|[from] Spikes\n|turn|27\n|\n|t:|1700476613\n|-terastallize|p2a: Glaceon|Ghost\n|move|p1a: Dragonite|Extreme Speed|p2a: Glaceon\n|-immune|p2a: Glaceon\n|move|p2a: Glaceon|Ice Beam|p1a: Dragonite\n|-supereffective|p1a: Dragonite\n|-damage|p1a: Dragonite|0 fnt\n|faint|p1a: Dragonite\n|\n|upkeep\n|\n|t:|1700476625\n|switch|p1a: Ferrothorn|Ferrothorn, F|100\/100\n|turn|28\n|\n|t:|1700476630\n|move|p2a: Glaceon|Shadow Ball|p1a: Ferrothorn\n|-damage|p1a: Ferrothorn|67\/100\n|move|p1a: Ferrothorn|Toxic|p2a: Glaceon\n|-status|p2a: Glaceon|tox\n|\n|-heal|p1a: Ferrothorn|74\/100|[from] item: Leftovers\n|-damage|p2a: Glaceon|70\/100 tox|[from] psn\n|upkeep\n|turn|29\n|\n|t:|1700476643\n|move|p2a: Glaceon|Shadow Ball|p1a: Ferrothorn\n|-damage|p1a: Ferrothorn|39\/100\n|-unboost|p1a: Ferrothorn|spd|1\n|move|p1a: Ferrothorn|Leech Seed|p2a: Glaceon\n|-start|p2a: Glaceon|move: Leech Seed\n|\n|-heal|p1a: Ferrothorn|45\/100|[from] item: Leftovers\n|-damage|p2a: Glaceon|58\/100 tox|[from] Leech Seed|[of] p1a: Ferrothorn\n|-heal|p1a: Ferrothorn|56\/100|[silent]\n|-damage|p2a: Glaceon|46\/100 tox|[from] psn\n|upkeep\n|turn|30\n|\n|t:|1700476655\n|switch|p2a: Flygon|Flygon, M|100\/100\n|move|p1a: Ferrothorn|Gyro Ball|p2a: Flygon\n|-damage|p2a: Flygon|29\/100\n|\n|-heal|p1a: Ferrothorn|63\/100|[from] item: Leftovers\n|upkeep\n|turn|31\n|\n|t:|1700476668\n|move|p2a: Flygon|Earthquake|p1a: Ferrothorn\n|-damage|p1a: Ferrothorn|35\/100\n|move|p1a: Ferrothorn|Leech Seed|p2a: Flygon|[miss]\n|-miss|p1a: Ferrothorn|p2a: Flygon\n|\n|-heal|p1a: Ferrothorn|41\/100|[from] item: Leftovers\n|upkeep\n|turn|32\n|\n|t:|1700476679\n|-terastallize|p1a: Ferrothorn|Ghost\n|move|p2a: Flygon|Earthquake|p1a: Ferrothorn\n|-damage|p1a: Ferrothorn|10\/100\n|move|p1a: Ferrothorn|Gyro Ball|p2a: Flygon\n|-damage|p2a: Flygon|0 fnt\n|faint|p2a: Flygon\n|\n|-heal|p1a: Ferrothorn|16\/100|[from] item: Leftovers\n|upkeep\n|\n|t:|1700476688\n|switch|p2a: Lapras|Lapras, M|87\/100\n|-damage|p2a: Lapras|75\/100|[from] Spikes\n|turn|33\n|\n|t:|1700476695\n|move|p2a: Lapras|Freeze-Dry|p1a: Ferrothorn\n|-damage|p1a: Ferrothorn|0 fnt\n|faint|p1a: Ferrothorn\n|\n|win|runeatest\n|raw|CG\u767d68's rating: 1069 &rarr; <strong>1053<\/strong><br \/>(-16 for losing)\n|raw|runeatest's rating: 1138 &rarr; <strong>1158<\/strong><br \/>(+20 for winning)\n","uploadtime":1700476701,"views":2,"p1id":"cg68","p2id":"runeatest","formatid":"gen9nationaldex","rating":1053,"private":0,"password":""}