{"id":"gen9nationaldex-2000204782","p1":"Soccsito","p2":"psng","format":"[Gen 9] National Dex","log":"|html|<div class=\"broadcast-blue\"><strong>[Gen 9] National Dex is currently suspecting Sneasler! For information on how to participate check out the <a href=\"https:\/\/www.smogon.com\/forums\/threads\/sv-national-dex-suspect-8-just-dance.3731534\/\">suspect thread<\/a>.<\/strong><\/div>\n|j|\u2606Soccsito\n|j|\u2606psng\n|t:|1701171793\n|gametype|singles\n|player|p1|Soccsito|beni-ninja|1533\n|player|p2|psng|wallace|1490\n|teamsize|p1|6\n|teamsize|p2|6\n|gen|9\n|tier|[Gen 9] National Dex\n|rated|\n|rule|HP Percentage Mod: HP is shown in percentages\n|rule|Endless Battle Clause: Forcing endless battles is banned\n|rule|OHKO Clause: OHKO moves are banned\n|rule|Evasion Clause: Evasion abilities, items, and moves are banned\n|rule|Evasion Abilities Clause: Evasion abilities are banned\n|rule|Evasion Items Clause: Evasion items are banned\n|rule|Evasion Moves Clause: Evasion moves are banned\n|rule|Species Clause: Limit one of each Pok\u00e9mon\n|rule|Sleep Clause Mod: Limit one foe put to sleep\n|clearpoke\n|poke|p1|Clefable, F|\n|poke|p1|Ferrothorn, F|\n|poke|p1|Chansey, F|\n|poke|p1|Sneasler, F|\n|poke|p1|Garganacl, F|\n|poke|p1|Goodra-Hisui, F|\n|poke|p2|Pelipper, F|\n|poke|p2|Tapu Lele|\n|poke|p2|Swampert, F|\n|poke|p2|Greninja-*, M|\n|poke|p2|Zapdos|\n|poke|p2|Ferrothorn, F|\n|teampreview\n|inactive|Battle timer is ON: inactive players will automatically lose when time's up. (requested by Soccsito)\n|inactive|psng also wants the timer to be on.\n|inactive|psng has 120 seconds left.\n|inactive|psng has 90 seconds left.\n|inactive|psng has 60 seconds left.\n|inactive|psng has 30 seconds left.\n|\n|t:|1701171916\n|start\n|switch|p1a: Ferrothorn|Ferrothorn, F|100\/100\n|switch|p2a: Pelipper|Pelipper, F, shiny|100\/100\n|-weather|RainDance|[from] ability: Drizzle|[of] p2a: Pelipper\n|turn|1\n|\n|t:|1701171924\n|move|p2a: Pelipper|Knock Off|p1a: Ferrothorn\n|-damage|p1a: Ferrothorn|92\/100\n|-damage|p2a: Pelipper|88\/100|[from] ability: Iron Barbs|[of] p1a: Ferrothorn\n|-damage|p2a: Pelipper|72\/100|[from] item: Rocky Helmet|[of] p1a: Ferrothorn\n|-enditem|p1a: Ferrothorn|Rocky Helmet|[from] move: Knock Off|[of] p2a: Pelipper\n|move|p1a: Ferrothorn|Thunder Wave|p2a: Pelipper\n|-status|p2a: Pelipper|par\n|\n|-weather|RainDance|[upkeep]\n|upkeep\n|turn|2\n|\n|t:|1701171933\n|switch|p2a: Zapdos|Zapdos, shiny|100\/100\n|move|p1a: Ferrothorn|Stealth Rock|p2a: Zapdos\n|-sidestart|p2: psng|move: Stealth Rock\n|\n|-weather|RainDance|[upkeep]\n|upkeep\n|turn|3\n|\n|t:|1701171941\n|switch|p1a: Chansey|Chansey, F|100\/100\n|move|p2a: Zapdos|Hurricane|p1a: Chansey\n|-damage|p1a: Chansey|87\/100\n|-start|p1a: Chansey|confusion\n|\n|-weather|RainDance|[upkeep]\n|upkeep\n|turn|4\n|\n|t:|1701171947\n|move|p2a: Zapdos|Thunder|p1a: Chansey\n|-damage|p1a: Chansey|72\/100\n|-activate|p1a: Chansey|confusion\n|move|p1a: Chansey|Toxic|p2a: Zapdos\n|-status|p2a: Zapdos|tox\n|\n|-weather|RainDance|[upkeep]\n|-damage|p2a: Zapdos|94\/100 tox|[from] psn\n|upkeep\n|turn|5\n|inactive|psng has 120 seconds left.\n|\n|t:|1701171954\n|move|p2a: Zapdos|Thunder|p1a: Chansey\n|-damage|p1a: Chansey|59\/100\n|-status|p1a: Chansey|par\n|-activate|p1a: Chansey|confusion\n|move|p1a: Chansey|Seismic Toss|p2a: Zapdos\n|-damage|p2a: Zapdos|68\/100 tox\n|\n|-weather|RainDance|[upkeep]\n|-damage|p2a: Zapdos|56\/100 tox|[from] psn\n|upkeep\n|turn|6\n|\n|t:|1701171961\n|move|p2a: Zapdos|U-turn|p1a: Chansey\n|-damage|p1a: Chansey|50\/100 par\n|\n|t:|1701171965\n|switch|p2a: Ferrothorn|Ferrothorn, F, shiny|100\/100|[from] U-turn\n|-damage|p2a: Ferrothorn|95\/100|[from] Stealth Rock\n|-activate|p1a: Chansey|confusion\n|cant|p1a: Chansey|par\n|\n|-weather|RainDance|[upkeep]\n|-heal|p2a: Ferrothorn|100\/100|[from] item: Leftovers\n|upkeep\n|turn|7\n|\n|t:|1701171971\n|-curestatus|p1a: Chansey|par|[from] ability: Natural Cure\n|switch|p1a: Garganacl|Garganacl, F|100\/100\n|move|p2a: Ferrothorn|Stealth Rock|p1a: Garganacl\n|-sidestart|p1: Soccsito|move: Stealth Rock\n|\n|-weather|RainDance|[upkeep]\n|upkeep\n|turn|8\n|\n|t:|1701171979\n|move|p1a: Garganacl|Salt Cure|p2a: Ferrothorn\n|-resisted|p2a: Ferrothorn\n|-damage|p2a: Ferrothorn|95\/100\n|-start|p2a: Ferrothorn|Salt Cure\n|move|p2a: Ferrothorn|Leech Seed|p1a: Garganacl\n|-start|p1a: Garganacl|move: Leech Seed\n|\n|-weather|none\n|-heal|p2a: Ferrothorn|100\/100|[from] item: Leftovers\n|-damage|p1a: Garganacl|88\/100|[from] Leech Seed|[of] p2a: Ferrothorn\n|-damage|p2a: Ferrothorn|76\/100|[from] Salt Cure\n|upkeep\n|turn|9\n|\n|t:|1701171983\n|switch|p1a: Clefable|Clefable, F|100\/100\n|-damage|p1a: Clefable|88\/100|[from] Stealth Rock\n|switch|p2a: Swampert|Swampert, F, shiny|100\/100\n|-damage|p2a: Swampert|94\/100|[from] Stealth Rock\n|\n|-heal|p1a: Clefable|94\/100|[from] item: Leftovers\n|upkeep\n|turn|10\n|\n|t:|1701171987\n|detailschange|p2a: Swampert|Swampert-Mega, F, shiny\n|-mega|p2a: Swampert|Swampert|Swampertite\n|move|p2a: Swampert|Flip Turn|p1a: Clefable\n|-damage|p1a: Clefable|63\/100\n|\n|t:|1701171993\n|switch|p2a: Pelipper|Pelipper, F, shiny|72\/100 par|[from] Flip Turn\n|-damage|p2a: Pelipper|47\/100 par|[from] Stealth Rock\n|-weather|RainDance|[from] ability: Drizzle|[of] p2a: Pelipper\n|move|p1a: Clefable|Wish|p1a: Clefable\n|\n|-weather|RainDance|[upkeep]\n|-heal|p1a: Clefable|70\/100|[from] item: Leftovers\n|upkeep\n|turn|11\n|\n|t:|1701172003\n|move|p1a: Clefable|Protect|p1a: Clefable\n|-singleturn|p1a: Clefable|Protect\n|move|p2a: Pelipper|U-turn|p1a: Clefable\n|-activate|p1a: Clefable|move: Protect\n|\n|-weather|RainDance|[upkeep]\n|-heal|p1a: Clefable|100\/100|[from] move: Wish|[wisher] Clefable\n|upkeep\n|turn|12\n|\n|t:|1701172008\n|move|p1a: Clefable|Moonblast|p2a: Pelipper\n|-damage|p2a: Pelipper|2\/100 par\n|move|p2a: Pelipper|U-turn|p1a: Clefable\n|-resisted|p1a: Clefable\n|-damage|p1a: Clefable|97\/100\n|\n|t:|1701172014\n|switch|p2a: Swampert|Swampert-Mega, F, shiny|94\/100|[from] U-turn\n|-damage|p2a: Swampert|88\/100|[from] Stealth Rock\n|\n|-weather|RainDance|[upkeep]\n|-heal|p1a: Clefable|100\/100|[from] item: Leftovers\n|upkeep\n|turn|13\n|\n|t:|1701172023\n|move|p1a: Clefable|Protect|p1a: Clefable\n|-singleturn|p1a: Clefable|Protect\n|move|p2a: Swampert|Earthquake|p1a: Clefable\n|-activate|p1a: Clefable|move: Protect\n|\n|-weather|RainDance|[upkeep]\n|upkeep\n|turn|14\n|\n|t:|1701172026\n|switch|p1a: Ferrothorn|Ferrothorn, F|92\/100\n|-damage|p1a: Ferrothorn|86\/100|[from] Stealth Rock\n|move|p2a: Swampert|Earthquake|p1a: Ferrothorn\n|-damage|p1a: Ferrothorn|47\/100\n|\n|-weather|RainDance|[upkeep]\n|upkeep\n|turn|15\n|\n|t:|1701172032\n|-terastallize|p1a: Ferrothorn|Water\n|move|p2a: Swampert|Earthquake|p1a: Ferrothorn\n|-damage|p1a: Ferrothorn|5\/100\n|move|p1a: Ferrothorn|Leech Seed|p2a: Swampert\n|-start|p2a: Swampert|move: Leech Seed\n|\n|-weather|RainDance|[upkeep]\n|-damage|p2a: Swampert|76\/100|[from] Leech Seed|[of] p1a: Ferrothorn\n|-heal|p1a: Ferrothorn|17\/100|[silent]\n|upkeep\n|turn|16\n|\n|t:|1701172040\n|switch|p2a: Zapdos|Zapdos, shiny|56\/100 tox\n|-damage|p2a: Zapdos|32\/100 tox|[from] Stealth Rock\n|move|p1a: Ferrothorn|Iron Head|p2a: Zapdos\n|-resisted|p2a: Zapdos\n|-damage|p2a: Zapdos|22\/100 tox\n|-status|p1a: Ferrothorn|par|[from] ability: Static|[of] p2a: Zapdos\n|\n|-weather|RainDance|[upkeep]\n|-damage|p2a: Zapdos|16\/100 tox|[from] psn\n|upkeep\n|turn|17\n|\n|t:|1701172045\n|-zpower|p2a: Zapdos\n|move|p2a: Zapdos|Supersonic Skystrike|p1a: Ferrothorn|[zeffect]\n|-damage|p1a: Ferrothorn|0 fnt\n|faint|p1a: Ferrothorn\n|\n|-weather|none\n|-damage|p2a: Zapdos|4\/100 tox|[from] psn\n|upkeep\n|\n|t:|1701172049\n|switch|p1a: Chansey|Chansey, F|50\/100\n|-damage|p1a: Chansey|38\/100|[from] Stealth Rock\n|turn|18\n|\n|t:|1701172052\n|move|p2a: Zapdos|Rain Dance|p2a: Zapdos\n|-weather|RainDance\n|move|p1a: Chansey|Soft-Boiled|p1a: Chansey\n|-heal|p1a: Chansey|88\/100\n|\n|-weather|RainDance|[upkeep]\n|-damage|p2a: Zapdos|0 fnt|[from] psn\n|faint|p2a: Zapdos\n|upkeep\n|\n|t:|1701172056\n|switch|p2a: Swampert|Swampert-Mega, F, shiny|76\/100\n|-damage|p2a: Swampert|70\/100|[from] Stealth Rock\n|turn|19\n|\n|t:|1701172066\n|move|p2a: Swampert|Earthquake|p1a: Chansey\n|-damage|p1a: Chansey|46\/100\n|move|p1a: Chansey|Toxic|p2a: Swampert|[miss]\n|-miss|p1a: Chansey|p2a: Swampert\n|\n|-weather|RainDance|[upkeep]\n|upkeep\n|turn|20\n|\n|t:|1701172072\n|move|p2a: Swampert|Liquidation|p1a: Chansey\n|-damage|p1a: Chansey|0 fnt\n|faint|p1a: Chansey\n|\n|-weather|RainDance|[upkeep]\n|upkeep\n|\n|t:|1701172086\n|switch|p1a: Goodra|Goodra-Hisui, F|100\/100\n|-damage|p1a: Goodra|94\/100|[from] Stealth Rock\n|turn|21\n|\n|t:|1701172088\n|move|p2a: Swampert|Earthquake|p1a: Goodra\n|-supereffective|p1a: Goodra\n|-damage|p1a: Goodra|10\/100\n|move|p1a: Goodra|Ice Beam|p2a: Swampert\n|-damage|p2a: Swampert|49\/100\n|\n|-weather|RainDance|[upkeep]\n|upkeep\n|turn|22\n|\n|t:|1701172097\n|move|p2a: Swampert|Earthquake|p1a: Goodra\n|-supereffective|p1a: Goodra\n|-damage|p1a: Goodra|0 fnt\n|faint|p1a: Goodra\n|\n|-weather|none\n|upkeep\n|\n|t:|1701172099\n|switch|p1a: Sneasler|Sneasler, F|100\/100\n|-damage|p1a: Sneasler|95\/100|[from] Stealth Rock\n|turn|23\n|\n|t:|1701172104\n|move|p1a: Sneasler|Dire Claw|p2a: Swampert\n|-resisted|p2a: Swampert\n|-damage|p2a: Swampert|28\/100\n|-status|p2a: Swampert|psn\n|move|p2a: Swampert|Liquidation|p1a: Sneasler\n|-damage|p1a: Sneasler|3\/100\n|\n|-damage|p2a: Swampert|16\/100 psn|[from] psn\n|upkeep\n|turn|24\n|\n|t:|1701172121\n|move|p1a: Sneasler|Dire Claw|p2a: Swampert\n|-resisted|p2a: Swampert\n|-damage|p2a: Swampert|0 fnt\n|faint|p2a: Swampert\n|\n|upkeep\n|\n|t:|1701172126\n|switch|p2a: Greninja|Greninja, M|100\/100\n|-damage|p2a: Greninja|88\/100|[from] Stealth Rock\n|turn|25\n|\n|t:|1701172132\n|move|p2a: Greninja|Water Shuriken|p1a: Sneasler\n|-damage|p1a: Sneasler|0 fnt\n|faint|p1a: Sneasler\n|-ability|p2a: Greninja|Battle Bond|boost\n|-boost|p2a: Greninja|atk|1\n|-boost|p2a: Greninja|spa|1\n|-boost|p2a: Greninja|spe|1\n|-activate|p2a: Greninja|ability: Battle Bond\n|-hitcount|p1: Sneasler|1\n|-damage|p2a: Greninja|78\/100|[from] item: Life Orb\n|\n|upkeep\n|\n|t:|1701172135\n|switch|p1a: Clefable|Clefable, F|100\/100\n|-damage|p1a: Clefable|88\/100|[from] Stealth Rock\n|turn|26\n|\n|t:|1701172139\n|switch|p1a: Garganacl|Garganacl, F|88\/100\n|-damage|p1a: Garganacl|76\/100|[from] Stealth Rock\n|move|p2a: Greninja|Surf|p1a: Garganacl\n|-supereffective|p1a: Garganacl\n|-damage|p1a: Garganacl|0 fnt\n|faint|p1a: Garganacl\n|-damage|p2a: Greninja|69\/100|[from] item: Life Orb\n|\n|upkeep\n|-message|Soccsito forfeited.\n|\n|win|psng\n|raw|Soccsito's rating: 1533 &rarr; <strong>1511<\/strong><br \/>(-22 for losing)\n|raw|psng's rating: 1490 &rarr; <strong>1512<\/strong><br \/>(+22 for winning)\n|l|\u2606Soccsito\n","uploadtime":1701172154,"views":1,"p1id":"soccsito","p2id":"psng","formatid":"gen9nationaldex","rating":1511,"private":0,"password":""}