{"id":"gen9nationaldex-1989825985","p1":"xsk123","p2":"CapnTophat","format":"[Gen 9] National Dex","log":"|j|\u2606xsk123\n|j|\u2606CapnTophat\n|t:|1699898948\n|gametype|singles\n|player|p1|xsk123|pokefan-gen4|1482\n|player|p2|CapnTophat|wallace|1624\n|teamsize|p1|6\n|teamsize|p2|6\n|gen|9\n|tier|[Gen 9] National Dex\n|rated|\n|rule|HP Percentage Mod: HP is shown in percentages\n|rule|Endless Battle Clause: Forcing endless battles is banned\n|rule|OHKO Clause: OHKO moves are banned\n|rule|Evasion Clause: Evasion abilities, items, and moves are banned\n|rule|Evasion Abilities Clause: Evasion abilities are banned\n|rule|Evasion Items Clause: Evasion items are banned\n|rule|Evasion Moves Clause: Evasion moves are banned\n|rule|Species Clause: Limit one of each Pok\u00e9mon\n|rule|Sleep Clause Mod: Limit one foe put to sleep\n|clearpoke\n|poke|p1|Scyther, F|\n|poke|p1|Pinsir, M|\n|poke|p1|Staraptor, F|\n|poke|p1|Nidoking, M|\n|poke|p1|Serperior, M|\n|poke|p1|Zapdos-Galar|\n|poke|p2|Pelipper, M|\n|poke|p2|Basculegion, M|\n|poke|p2|Swampert, M|\n|poke|p2|Ferrothorn, F|\n|poke|p2|Zapdos|\n|poke|p2|Manaphy|\n|teampreview\n|inactive|Battle timer is ON: inactive players will automatically lose when time's up. (requested by CapnTophat)\n|inactive|CapnTophat has 120 seconds left.\n|\n|t:|1699899000\n|start\n|switch|p1a: Nidoking|Nidoking, M|100\/100\n|switch|p2a: Pelipper|Pelipper, M|100\/100\n|-weather|RainDance|[from] ability: Drizzle|[of] p2a: Pelipper\n|turn|1\n|\n|t:|1699899021\n|switch|p2a: Swampert|Swampert, M|100\/100\n|move|p1a: Nidoking|Sludge Wave|p2a: Swampert\n|-resisted|p2a: Swampert\n|-damage|p2a: Swampert|69\/100\n|\n|-weather|RainDance|[upkeep]\n|upkeep\n|turn|2\n|\n|t:|1699899030\n|detailschange|p2a: Swampert|Swampert-Mega, M\n|-mega|p2a: Swampert|Swampert|Swampertite\n|move|p2a: Swampert|Flip Turn|p1a: Nidoking\n|-supereffective|p1a: Nidoking\n|-damage|p1a: Nidoking|0 fnt\n|faint|p1a: Nidoking\n|\n|t:|1699899042\n|switch|p2a: Basculegion|Basculegion, M|100\/100|[from] Flip Turn\n|\n|-weather|RainDance|[upkeep]\n|upkeep\n|\n|t:|1699899051\n|switch|p1a: Serperior|Serperior, M|100\/100\n|turn|3\n|\n|t:|1699899058\n|switch|p2a: Ferrothorn|Ferrothorn, F|100\/100\n|move|p1a: Serperior|Substitute|p1a: Serperior\n|-start|p1a: Serperior|Substitute\n|-damage|p1a: Serperior|76\/100\n|\n|-weather|RainDance|[upkeep]\n|-heal|p1a: Serperior|82\/100|[from] item: Leftovers\n|upkeep\n|turn|4\n|\n|t:|1699899061\n|move|p1a: Serperior|Glare|p2a: Ferrothorn\n|-status|p2a: Ferrothorn|par\n|move|p2a: Ferrothorn|Stealth Rock|p1a: Serperior\n|-sidestart|p1: xsk123|move: Stealth Rock\n|\n|-weather|RainDance|[upkeep]\n|-heal|p1a: Serperior|88\/100|[from] item: Leftovers\n|upkeep\n|turn|5\n|\n|t:|1699899066\n|move|p1a: Serperior|Leaf Storm|p2a: Ferrothorn\n|-resisted|p2a: Ferrothorn\n|-damage|p2a: Ferrothorn|93\/100 par\n|-boost|p1a: Serperior|spa|2\n|cant|p2a: Ferrothorn|par\n|\n|-weather|RainDance|[upkeep]\n|-heal|p1a: Serperior|94\/100|[from] item: Leftovers\n|-heal|p2a: Ferrothorn|99\/100 par|[from] item: Leftovers\n|upkeep\n|turn|6\n|\n|t:|1699899072\n|move|p1a: Serperior|Leaf Storm|p2a: Ferrothorn\n|-resisted|p2a: Ferrothorn\n|-damage|p2a: Ferrothorn|87\/100 par\n|-boost|p1a: Serperior|spa|2\n|cant|p2a: Ferrothorn|par\n|\n|-weather|RainDance|[upkeep]\n|-heal|p1a: Serperior|100\/100|[from] item: Leftovers\n|-heal|p2a: Ferrothorn|93\/100 par|[from] item: Leftovers\n|upkeep\n|turn|7\n|inactive|xsk123 has 120 seconds left.\n|\n|t:|1699899104\n|move|p1a: Serperior|Leaf Storm|p2a: Ferrothorn\n|-resisted|p2a: Ferrothorn\n|-damage|p2a: Ferrothorn|72\/100 par\n|-boost|p1a: Serperior|spa|2\n|cant|p2a: Ferrothorn|par\n|\n|-weather|RainDance|[upkeep]\n|-heal|p2a: Ferrothorn|78\/100 par|[from] item: Leftovers\n|upkeep\n|turn|8\n|\n|t:|1699899112\n|move|p1a: Serperior|Hidden Power|p2a: Ferrothorn\n|-supereffective|p2a: Ferrothorn\n|-damage|p2a: Ferrothorn|9\/100 par\n|move|p2a: Ferrothorn|Gyro Ball|p1a: Serperior\n|-end|p1a: Serperior|Substitute\n|\n|-weather|none\n|-heal|p2a: Ferrothorn|15\/100 par|[from] item: Leftovers\n|upkeep\n|turn|9\n|inactive|xsk123 has 120 seconds left.\n|\n|t:|1699899127\n|switch|p2a: Pelipper|Pelipper, M|100\/100\n|-weather|RainDance|[from] ability: Drizzle|[of] p2a: Pelipper\n|move|p1a: Serperior|Substitute|p1a: Serperior\n|-start|p1a: Serperior|Substitute\n|-damage|p1a: Serperior|76\/100\n|\n|-weather|RainDance|[upkeep]\n|-heal|p1a: Serperior|82\/100|[from] item: Leftovers\n|upkeep\n|turn|10\n|\n|t:|1699899132\n|move|p1a: Serperior|Leaf Storm|p2a: Pelipper\n|-damage|p2a: Pelipper|0 fnt\n|faint|p2a: Pelipper\n|\n|-weather|RainDance|[upkeep]\n|-heal|p1a: Serperior|88\/100|[from] item: Leftovers\n|upkeep\n|\n|t:|1699899135\n|switch|p2a: Zapdos|Zapdos|100\/100\n|turn|11\n|\n|t:|1699899143\n|move|p1a: Serperior|Leaf Storm|p2a: Zapdos\n|-resisted|p2a: Zapdos\n|-damage|p2a: Zapdos|18\/100\n|move|p2a: Zapdos|Hurricane|p1a: Serperior\n|-supereffective|p1a: Serperior\n|-end|p1a: Serperior|Substitute\n|\n|-weather|RainDance|[upkeep]\n|-heal|p1a: Serperior|94\/100|[from] item: Leftovers\n|upkeep\n|turn|12\n|\n|t:|1699899147\n|move|p1a: Serperior|Substitute|p1a: Serperior\n|-start|p1a: Serperior|Substitute\n|-damage|p1a: Serperior|69\/100\n|move|p2a: Zapdos|Hurricane|p1a: Serperior\n|-supereffective|p1a: Serperior\n|-end|p1a: Serperior|Substitute\n|\n|-weather|RainDance|[upkeep]\n|-heal|p1a: Serperior|76\/100|[from] item: Leftovers\n|upkeep\n|turn|13\n|\n|t:|1699899149\n|move|p1a: Serperior|Substitute|p1a: Serperior\n|-start|p1a: Serperior|Substitute\n|-damage|p1a: Serperior|51\/100\n|move|p2a: Zapdos|Hurricane|p1a: Serperior\n|-supereffective|p1a: Serperior\n|-end|p1a: Serperior|Substitute\n|\n|-weather|RainDance|[upkeep]\n|-heal|p1a: Serperior|57\/100|[from] item: Leftovers\n|upkeep\n|turn|14\n|\n|t:|1699899151\n|move|p1a: Serperior|Substitute|p1a: Serperior\n|-start|p1a: Serperior|Substitute\n|-damage|p1a: Serperior|32\/100\n|move|p2a: Zapdos|Hurricane|p1a: Serperior\n|-supereffective|p1a: Serperior\n|-end|p1a: Serperior|Substitute\n|\n|-weather|RainDance|[upkeep]\n|-heal|p1a: Serperior|38\/100|[from] item: Leftovers\n|upkeep\n|turn|15\n|\n|t:|1699899153\n|move|p1a: Serperior|Substitute|p1a: Serperior\n|-start|p1a: Serperior|Substitute\n|-damage|p1a: Serperior|13\/100\n|move|p2a: Zapdos|Hurricane|p1a: Serperior\n|-supereffective|p1a: Serperior\n|-end|p1a: Serperior|Substitute\n|\n|-weather|RainDance|[upkeep]\n|-heal|p1a: Serperior|20\/100|[from] item: Leftovers\n|upkeep\n|turn|16\n|\n|t:|1699899160\n|move|p1a: Serperior|Leaf Storm|p2a: Zapdos|[miss]\n|-miss|p1a: Serperior|p2a: Zapdos\n|move|p2a: Zapdos|Hurricane|p1a: Serperior\n|-supereffective|p1a: Serperior\n|-damage|p1a: Serperior|0 fnt\n|faint|p1a: Serperior\n|\n|-weather|none\n|upkeep\n|\n|t:|1699899171\n|switch|p1a: Scyther|Scyther, F|100\/100\n|-damage|p1a: Scyther|51\/100|[from] Stealth Rock\n|turn|17\n|\n|t:|1699899180\n|switch|p2a: Ferrothorn|Ferrothorn, F|15\/100 par\n|move|p1a: Scyther|Dual Wingbeat|p2a: Ferrothorn\n|-damage|p2a: Ferrothorn|0 fnt\n|-damage|p1a: Scyther|38\/100|[from] ability: Iron Barbs|[of] p2a: Ferrothorn\n|faint|p2a: Ferrothorn\n|-hitcount|p2: Ferrothorn|1\n|\n|upkeep\n|\n|t:|1699899184\n|switch|p2a: Basculegion|Basculegion, M|100\/100\n|turn|18\n|\n|t:|1699899189\n|move|p2a: Basculegion|Aqua Jet|p1a: Scyther\n|-damage|p1a: Scyther|0 fnt\n|faint|p1a: Scyther\n|\n|upkeep\n|\n|t:|1699899202\n|switch|p1a: Pinsir|Pinsir, M|100\/100\n|-damage|p1a: Pinsir|76\/100|[from] Stealth Rock\n|turn|19\n|\n|t:|1699899207\n|switch|p2a: Manaphy|Manaphy|100\/100\n|detailschange|p1a: Pinsir|Pinsir-Mega, M\n|-mega|p1a: Pinsir|Pinsir|Pinsirite\n|move|p1a: Pinsir|Swords Dance|p1a: Pinsir\n|-boost|p1a: Pinsir|atk|2\n|\n|upkeep\n|turn|20\n|\n|t:|1699899211\n|move|p1a: Pinsir|Return|p2a: Manaphy\n|-damage|p2a: Manaphy|0 fnt\n|faint|p2a: Manaphy\n|\n|upkeep\n|\n|t:|1699899215\n|switch|p2a: Zapdos|Zapdos|18\/100\n|turn|21\n|\n|t:|1699899228\n|move|p1a: Pinsir|Return|p2a: Zapdos\n|-resisted|p2a: Zapdos\n|-damage|p2a: Zapdos|0 fnt\n|faint|p2a: Zapdos\n|\n|upkeep\n|\n|t:|1699899233\n|switch|p2a: Basculegion|Basculegion, M|100\/100\n|turn|22\n|-message|CapnTophat forfeited.\n|\n|win|xsk123\n|raw|xsk123's rating: 1482 &rarr; <strong>1510<\/strong><br \/>(+28 for winning)\n|raw|CapnTophat's rating: 1624 &rarr; <strong>1596<\/strong><br \/>(-28 for losing)\n|l|\u2606CapnTophat\n","uploadtime":1699899294,"views":10,"p1id":"xsk123","p2id":"capntophat","formatid":"gen9nationaldex","rating":1510,"private":0,"password":""}