{"id":"gen9nationaldex-1996143608","p1":"shiningscarlet","p2":"blvcchippy","format":"[Gen 9] National Dex","log":"|html|<div class=\"broadcast-blue\"><strong>[Gen 9] National Dex is currently suspecting Sneasler! For information on how to participate check out the <a href=\"https:\/\/www.smogon.com\/forums\/threads\/sv-national-dex-suspect-8-just-dance.3731534\/\">suspect thread<\/a>.<\/strong><\/div>\n|j|\u2606shiningscarlet\n|j|\u2606blvcchippy\n|t:|1700650683\n|gametype|singles\n|player|p1|shiningscarlet|lucian|1000\n|player|p2|blvcchippy|102|1043\n|teamsize|p1|6\n|teamsize|p2|6\n|gen|9\n|tier|[Gen 9] National Dex\n|rated|\n|rule|HP Percentage Mod: HP is shown in percentages\n|rule|Endless Battle Clause: Forcing endless battles is banned\n|rule|OHKO Clause: OHKO moves are banned\n|rule|Evasion Clause: Evasion abilities, items, and moves are banned\n|rule|Evasion Abilities Clause: Evasion abilities are banned\n|rule|Evasion Items Clause: Evasion items are banned\n|rule|Evasion Moves Clause: Evasion moves are banned\n|rule|Species Clause: Limit one of each Pok\u00e9mon\n|rule|Sleep Clause Mod: Limit one foe put to sleep\n|clearpoke\n|poke|p1|Urshifu-*, F|\n|poke|p1|Scizor, F|\n|poke|p1|Glimmora, F|\n|poke|p1|Ogerpon-Cornerstone, F|\n|poke|p1|Dragonite, F|\n|poke|p1|Victini|\n|poke|p2|Ferrothorn, M|\n|poke|p2|Toxapex, F|\n|poke|p2|Garchomp, M|\n|poke|p2|Snorlax, M|\n|poke|p2|Jirachi|\n|poke|p2|Blaziken, M|\n|teampreview\n|\n|t:|1700650702\n|start\n|switch|p1a: Glimmora|Glimmora, F, shiny|100\/100\n|switch|p2a: Toxapex|Toxapex, F|100\/100\n|turn|1\n|\n|t:|1700650710\n|move|p1a: Glimmora|Stealth Rock|p2a: Toxapex\n|-sidestart|p2: blvcchippy|move: Stealth Rock\n|move|p2a: Toxapex|Toxic Spikes|p1a: Glimmora\n|-sidestart|p1: shiningscarlet|move: Toxic Spikes\n|\n|upkeep\n|turn|2\n|\n|t:|1700650720\n|move|p1a: Glimmora|Earth Power|p2a: Toxapex\n|-supereffective|p2a: Toxapex\n|-damage|p2a: Toxapex|48\/100\n|-unboost|p2a: Toxapex|spd|1\n|move|p2a: Toxapex|Scald|p1a: Glimmora\n|-supereffective|p1a: Glimmora\n|-damage|p1a: Glimmora|28\/100\n|\n|upkeep\n|turn|3\n|\n|t:|1700650730\n|move|p2a: Toxapex|Baneful Bunker|p2a: Toxapex\n|-singleturn|p2a: Toxapex|move: Protect\n|move|p1a: Glimmora|Earth Power|p2a: Toxapex\n|-activate|p2a: Toxapex|move: Protect\n|\n|upkeep\n|turn|4\n|\n|t:|1700650745\n|-terastallize|p2a: Toxapex|Ghost\n|move|p1a: Glimmora|Earth Power|p2a: Toxapex\n|-damage|p2a: Toxapex|11\/100\n|move|p2a: Toxapex|Scald|p1a: Glimmora\n|-supereffective|p1a: Glimmora\n|-damage|p1a: Glimmora|0 fnt\n|faint|p1a: Glimmora\n|\n|upkeep\n|\n|t:|1700650761\n|switch|p1a: Scizor|Scizor, F, shiny|100\/100\n|turn|5\n|\n|t:|1700650776\n|detailschange|p1a: Scizor|Scizor-Mega, F, shiny\n|-mega|p1a: Scizor|Scizor|Scizorite\n|move|p1a: Scizor|Swords Dance|p1a: Scizor\n|-boost|p1a: Scizor|atk|2\n|move|p2a: Toxapex|Scald|p1a: Scizor\n|-damage|p1a: Scizor|75\/100\n|\n|upkeep\n|turn|6\n|\n|t:|1700650788\n|move|p1a: Scizor|Bullet Punch|p2a: Toxapex\n|-damage|p2a: Toxapex|0 fnt\n|faint|p2a: Toxapex\n|\n|upkeep\n|\n|t:|1700650803\n|switch|p2a: Blaziken|Blaziken, M, shiny|100\/100\n|-damage|p2a: Blaziken|88\/100|[from] Stealth Rock\n|turn|7\n|\n|t:|1700650815\n|switch|p1a: Urshifu|Urshifu-Rapid-Strike, F|100\/100\n|-status|p1a: Urshifu|psn\n|move|p2a: Blaziken|Blaze Kick|p1a: Urshifu\n|-resisted|p1a: Urshifu\n|-damage|p1a: Urshifu|74\/100 psn\n|-damage|p2a: Blaziken|78\/100|[from] item: Life Orb\n|\n|-damage|p1a: Urshifu|62\/100 psn|[from] psn\n|upkeep\n|turn|8\n|\n|t:|1700650832\n|move|p1a: Urshifu|Surging Strikes|p2a: Blaziken\n|-supereffective|p2a: Blaziken\n|-crit|p2a: Blaziken\n|-damage|p2a: Blaziken|0 fnt\n|faint|p2a: Blaziken\n|-hitcount|p2: Blaziken|1\n|\n|-damage|p1a: Urshifu|49\/100 psn|[from] psn\n|upkeep\n|\n|t:|1700650846\n|switch|p2a: Ferrothorn|Ferrothorn, M|100\/100\n|-damage|p2a: Ferrothorn|95\/100|[from] Stealth Rock\n|turn|9\n|\n|t:|1700650855\n|switch|p1a: Victini|Victini|100\/100\n|-status|p1a: Victini|psn\n|move|p2a: Ferrothorn|Stealth Rock|p1a: Victini\n|-sidestart|p1: shiningscarlet|move: Stealth Rock\n|\n|-heal|p2a: Ferrothorn|100\/100|[from] item: Leftovers\n|-damage|p1a: Victini|88\/100 psn|[from] psn\n|upkeep\n|turn|10\n|\n|t:|1700650865\n|-zpower|p1a: Victini\n|move|p1a: Victini|Z-Celebrate|p1a: Victini|[anim]Celebrate\n|-boost|p1a: Victini|atk|1|[zeffect]\n|-boost|p1a: Victini|def|1|[zeffect]\n|-boost|p1a: Victini|spa|1|[zeffect]\n|-boost|p1a: Victini|spd|1|[zeffect]\n|-boost|p1a: Victini|spe|1|[zeffect]\n|-activate|p1a: Victini|move: Celebrate\n|move|p2a: Ferrothorn|Leech Seed|p1a: Victini\n|-start|p1a: Victini|move: Leech Seed\n|\n|-damage|p1a: Victini|76\/100 psn|[from] Leech Seed|[of] p2a: Ferrothorn\n|-damage|p1a: Victini|64\/100 psn|[from] psn\n|upkeep\n|turn|11\n|\n|t:|1700650877\n|move|p1a: Victini|Searing Shot|p2a: Ferrothorn\n|-supereffective|p2a: Ferrothorn\n|-damage|p2a: Ferrothorn|0 fnt\n|faint|p2a: Ferrothorn\n|\n|-damage|p1a: Victini|51\/100 psn|[from] psn\n|upkeep\n|\n|t:|1700650906\n|switch|p2a: Garchomp|Garchomp, M|100\/100\n|-damage|p2a: Garchomp|94\/100|[from] Stealth Rock\n|turn|12\n|\n|t:|1700650919\n|move|p1a: Victini|Stored Power|p2a: Garchomp\n|-damage|p2a: Garchomp|5\/100\n|move|p2a: Garchomp|Scorching Sands|p1a: Victini\n|-supereffective|p1a: Victini\n|-damage|p1a: Victini|15\/100 psn\n|\n|-damage|p1a: Victini|3\/100 psn|[from] Leech Seed|[of] p2a: Garchomp\n|-heal|p2a: Garchomp|17\/100|[silent]\n|-damage|p1a: Victini|0 fnt|[from] psn\n|faint|p1a: Victini\n|upkeep\n|\n|t:|1700650941\n|switch|p1a: Ogerpon|Ogerpon-Cornerstone, F|100\/100\n|-status|p1a: Ogerpon|psn\n|-damage|p1a: Ogerpon|88\/100 psn|[from] Stealth Rock\n|turn|13\n|\n|t:|1700650962\n|move|p1a: Ogerpon|Ivy Cudgel|p2a: Garchomp|[anim] Ivy Cudgel Rock\n|-resisted|p2a: Garchomp\n|-damage|p2a: Garchomp|0 fnt\n|faint|p2a: Garchomp\n|\n|-damage|p1a: Ogerpon|76\/100 psn|[from] psn\n|upkeep\n|\n|t:|1700651035\n|switch|p2a: Snorlax|Snorlax, M|100\/100\n|-damage|p2a: Snorlax|88\/100|[from] Stealth Rock\n|turn|14\n|\n|t:|1700651047\n|-terastallize|p1a: Ogerpon|Rock\n|detailschange|p1a: Ogerpon|Ogerpon-Cornerstone-Tera, F, tera:Rock\n|-ability|p1a: Ogerpon|Embody Aspect (Cornerstone)|boost\n|-boost|p1a: Ogerpon|def|1\n|move|p1a: Ogerpon|Brick Break|p2a: Snorlax\n|-supereffective|p2a: Snorlax\n|-damage|p2a: Snorlax|35\/100\n|move|p2a: Snorlax|Heavy Slam|p1a: Ogerpon\n|-supereffective|p1a: Ogerpon\n|-damage|p1a: Ogerpon|2\/100 psn\n|\n|-damage|p1a: Ogerpon|0 fnt|[from] psn\n|faint|p1a: Ogerpon\n|upkeep\n|\n|t:|1700651061\n|switch|p1a: Urshifu|Urshifu-Rapid-Strike, F|49\/100 psn\n|-damage|p1a: Urshifu|43\/100 psn|[from] Stealth Rock\n|turn|15\n|\n|t:|1700651068\n|move|p1a: Urshifu|Surging Strikes|p2a: Snorlax\n|-crit|p2a: Snorlax\n|-damage|p2a: Snorlax|9\/100\n|-enditem|p2a: Snorlax|Aguav Berry|[eat]\n|-heal|p2a: Snorlax|42\/100|[from] item: Aguav Berry\n|-crit|p2a: Snorlax\n|-damage|p2a: Snorlax|12\/100\n|-crit|p2a: Snorlax\n|-damage|p2a: Snorlax|0 fnt\n|faint|p2a: Snorlax\n|-hitcount|p2: Snorlax|3\n|\n|-damage|p1a: Urshifu|31\/100 psn|[from] psn\n|upkeep\n|c|\u2606blvcchippy|gg\n|\n|t:|1700651082\n|switch|p2a: Jirachi|Jirachi|100\/100\n|-damage|p2a: Jirachi|94\/100|[from] Stealth Rock\n|turn|16\n|\n|t:|1700651093\n|move|p2a: Jirachi|Ancient Power|p1a: Urshifu\n|-resisted|p1a: Urshifu\n|-damage|p1a: Urshifu|20\/100 psn\n|move|p1a: Urshifu|Surging Strikes|p2a: Jirachi\n|-crit|p2a: Jirachi\n|-damage|p2a: Jirachi|63\/100\n|-crit|p2a: Jirachi\n|-damage|p2a: Jirachi|31\/100\n|-crit|p2a: Jirachi\n|-damage|p2a: Jirachi|0 fnt\n|faint|p2a: Jirachi\n|-hitcount|p2: Jirachi|3\n|\n|win|shiningscarlet\n|raw|shiningscarlet's rating: 1000 &rarr; <strong>1045<\/strong><br \/>(+45 for winning)\n|raw|blvcchippy's rating: 1043 &rarr; <strong>1025<\/strong><br \/>(-18 for losing)\n","uploadtime":1700651098,"views":0,"p1id":"shiningscarlet","p2id":"blvcchippy","formatid":"gen9nationaldex","rating":1025,"private":0,"password":""}