{"id":"gen9nationaldex-1995930307","p1":"Lunarticow","p2":"Pikablue Fan","format":"[Gen 9] National Dex","log":"|html|<div class=\"broadcast-blue\"><strong>[Gen 9] National Dex is currently suspecting Sneasler! For information on how to participate check out the <a href=\"https:\/\/www.smogon.com\/forums\/threads\/sv-national-dex-suspect-8-just-dance.3731534\/\">suspect thread<\/a>.<\/strong><\/div>\n|j|\u2606Lunarticow\n|j|\u2606Pikablue Fan\n|t:|1700618667\n|gametype|singles\n|player|p1|Lunarticow|cynthia-gen4|1065\n|player|p2|Pikablue Fan|gambler|1134\n|teamsize|p1|6\n|teamsize|p2|6\n|gen|9\n|tier|[Gen 9] National Dex\n|rated|\n|rule|HP Percentage Mod: HP is shown in percentages\n|rule|Endless Battle Clause: Forcing endless battles is banned\n|rule|OHKO Clause: OHKO moves are banned\n|rule|Evasion Clause: Evasion abilities, items, and moves are banned\n|rule|Evasion Abilities Clause: Evasion abilities are banned\n|rule|Evasion Items Clause: Evasion items are banned\n|rule|Evasion Moves Clause: Evasion moves are banned\n|rule|Species Clause: Limit one of each Pok\u00e9mon\n|rule|Sleep Clause Mod: Limit one foe put to sleep\n|clearpoke\n|poke|p1|Tinkaton, F|\n|poke|p1|Greninja-*, M|\n|poke|p1|Flygon, F|\n|poke|p1|Sirfetch\u2019d, M|\n|poke|p1|Farigiraf, F|\n|poke|p1|Chandelure, F|\n|poke|p2|Galvantula, F|\n|poke|p2|Gyarados, F|\n|poke|p2|Salamence, F|\n|poke|p2|Urshifu-*, M|\n|poke|p2|Garganacl, M|\n|poke|p2|Toxapex, M|\n|teampreview\n|inactive|Battle timer is ON: inactive players will automatically lose when time's up. (requested by Pikablue Fan)\n|\n|t:|1700618671\n|start\n|switch|p1a: Chandelure|Chandelure, F|100\/100\n|switch|p2a: \"SSS\"|Galvantula, F|100\/100\n|-item|p1a: Chandelure|Air Balloon\n|turn|1\n|\n|t:|1700618680\n|move|p2a: \"SSS\"|Sticky Web|p1a: Chandelure\n|-sidestart|p1: Lunarticow|move: Sticky Web\n|move|p1a: Chandelure|Flamethrower|p2a: \"SSS\"\n|-supereffective|p2a: \"SSS\"\n|-enditem|p2a: \"SSS\"|Focus Sash\n|-damage|p2a: \"SSS\"|1\/100\n|\n|upkeep\n|turn|2\n|\n|t:|1700618686\n|move|p2a: \"SSS\"|Thunder|p1a: Chandelure\n|-damage|p1a: Chandelure|48\/100\n|-enditem|p1a: Chandelure|Air Balloon\n|move|p1a: Chandelure|Flamethrower|p2a: \"SSS\"\n|-supereffective|p2a: \"SSS\"\n|-damage|p2a: \"SSS\"|0 fnt\n|faint|p2a: \"SSS\"\n|\n|upkeep\n|\n|t:|1700618690\n|switch|p2a: \"The Demon\"|Gyarados, F|100\/100\n|-ability|p2a: \"The Demon\"|Intimidate|boost\n|-unboost|p1a: Chandelure|atk|1\n|turn|3\n|\n|t:|1700618699\n|switch|p1a: Sirfetch\u2019d|Sirfetch\u2019d, M|100\/100\n|-activate|p1a: Sirfetch\u2019d|move: Sticky Web\n|-unboost|p1a: Sirfetch\u2019d|spe|1\n|move|p2a: \"The Demon\"|Waterfall|p1a: Sirfetch\u2019d\n|-damage|p1a: Sirfetch\u2019d|54\/100\n|\n|upkeep\n|turn|4\n|\n|t:|1700618712\n|switch|p2a: \"Outragous Dragon\"|Salamence, F|100\/100\n|move|p1a: Sirfetch\u2019d|Close Combat|p2a: \"Outragous Dragon\"\n|-resisted|p2a: \"Outragous Dragon\"\n|-damage|p2a: \"Outragous Dragon\"|77\/100\n|-unboost|p1a: Sirfetch\u2019d|def|1\n|-unboost|p1a: Sirfetch\u2019d|spd|1\n|\n|upkeep\n|turn|5\n|\n|t:|1700618721\n|switch|p1a: Greninja|Greninja, M|100\/100\n|-activate|p1a: Greninja|move: Sticky Web\n|-unboost|p1a: Greninja|spe|1\n|move|p2a: \"Outragous Dragon\"|Dragon Dance|p2a: \"Outragous Dragon\"\n|-boost|p2a: \"Outragous Dragon\"|atk|1\n|-boost|p2a: \"Outragous Dragon\"|spe|1\n|\n|upkeep\n|turn|6\n|\n|t:|1700618729\n|move|p2a: \"Outragous Dragon\"|Outrage|p1a: Greninja\n|-enditem|p1a: Greninja|Focus Sash\n|-damage|p1a: Greninja|1\/100\n|move|p1a: Greninja|Ice Beam|p2a: \"Outragous Dragon\"\n|-start|p1a: Greninja|typechange|Ice|[from] ability: Protean\n|-supereffective|p2a: \"Outragous Dragon\"\n|-damage|p2a: \"Outragous Dragon\"|0 fnt\n|faint|p2a: \"Outragous Dragon\"\n|\n|upkeep\n|\n|t:|1700618737\n|switch|p2a: \"The Demon\"|Gyarados, F|100\/100\n|-ability|p2a: \"The Demon\"|Intimidate|boost\n|-unboost|p1a: Greninja|atk|1\n|turn|7\n|\n|t:|1700618742\n|move|p2a: \"The Demon\"|Waterfall|p1a: Greninja\n|-damage|p1a: Greninja|0 fnt\n|faint|p1a: Greninja\n|\n|upkeep\n|\n|t:|1700618751\n|switch|p1a: Tinkaton|Tinkaton, F|100\/100\n|-activate|p1a: Tinkaton|move: Sticky Web\n|-unboost|p1a: Tinkaton|spe|1\n|turn|8\n|\n|t:|1700618764\n|switch|p2a: hate this mon|Urshifu-Rapid-Strike, M|100\/100\n|move|p1a: Tinkaton|Ice Hammer|p2a: hate this mon\n|-resisted|p2a: hate this mon\n|-damage|p2a: hate this mon|88\/100\n|-unboost|p1a: Tinkaton|spe|1\n|\n|upkeep\n|turn|9\n|\n|t:|1700618773\n|switch|p1a: Farigiraf|Farigiraf, F|100\/100\n|-activate|p1a: Farigiraf|move: Sticky Web\n|-unboost|p1a: Farigiraf|spe|1\n|move|p2a: hate this mon|Surging Strikes|p1a: Farigiraf\n|-crit|p1a: Farigiraf\n|-damage|p1a: Farigiraf|81\/100\n|-damage|p2a: hate this mon|71\/100|[from] item: Rocky Helmet|[of] p1a: Farigiraf\n|-crit|p1a: Farigiraf\n|-damage|p1a: Farigiraf|60\/100\n|-damage|p2a: hate this mon|55\/100|[from] item: Rocky Helmet|[of] p1a: Farigiraf\n|-crit|p1a: Farigiraf\n|-damage|p1a: Farigiraf|40\/100\n|-damage|p2a: hate this mon|39\/100|[from] item: Rocky Helmet|[of] p1a: Farigiraf\n|-hitcount|p1a: Farigiraf|3\n|\n|upkeep\n|turn|10\n|\n|t:|1700618787\n|-terastallize|p1a: Farigiraf|Electric\n|move|p2a: hate this mon|Surging Strikes|p1a: Farigiraf\n|-crit|p1a: Farigiraf\n|-damage|p1a: Farigiraf|17\/100\n|-damage|p2a: hate this mon|22\/100|[from] item: Rocky Helmet|[of] p1a: Farigiraf\n|-crit|p1a: Farigiraf\n|-damage|p1a: Farigiraf|0 fnt\n|-damage|p2a: hate this mon|6\/100|[from] item: Rocky Helmet|[of] p1a: Farigiraf\n|faint|p1a: Farigiraf\n|-hitcount|p1: Farigiraf|2\n|\n|upkeep\n|\n|t:|1700618805\n|switch|p1a: Flygon|Flygon, F|100\/100\n|turn|11\n|\n|t:|1700618809\n|switch|p2a: \"The Demon\"|Gyarados, F|100\/100\n|-ability|p2a: \"The Demon\"|Intimidate|boost\n|-unboost|p1a: Flygon|atk|1\n|move|p1a: Flygon|Earthquake|p2a: \"The Demon\"\n|-immune|p2a: \"The Demon\"\n|\n|upkeep\n|turn|12\n|\n|t:|1700618818\n|move|p2a: \"The Demon\"|Dragon Dance|p2a: \"The Demon\"\n|-boost|p2a: \"The Demon\"|atk|1\n|-boost|p2a: \"The Demon\"|spe|1\n|move|p1a: Flygon|Outrage|p2a: \"The Demon\"\n|-damage|p2a: \"The Demon\"|54\/100\n|\n|upkeep\n|turn|13\n|\n|t:|1700618825\n|move|p2a: \"The Demon\"|Ice Fang|p1a: Flygon\n|-supereffective|p1a: Flygon\n|-damage|p1a: Flygon|0 fnt\n|faint|p1a: Flygon\n|\n|upkeep\n|\n|t:|1700618831\n|switch|p1a: Tinkaton|Tinkaton, F|100\/100\n|-activate|p1a: Tinkaton|move: Sticky Web\n|-unboost|p1a: Tinkaton|spe|1\n|turn|14\n|\n|t:|1700618836\n|move|p2a: \"The Demon\"|Waterfall|p1a: Tinkaton\n|-damage|p1a: Tinkaton|33\/100\n|-enditem|p2a: \"The Demon\"|Heavy-Duty Boots|[silent]|[from] ability: Pickpocket|[of] p2a: \"The Demon\"\n|-item|p1a: Tinkaton|Heavy-Duty Boots|[from] ability: Pickpocket|[of] p2a: \"The Demon\"\n|move|p1a: Tinkaton|Gigaton Hammer|p2a: \"The Demon\"\n|-resisted|p2a: \"The Demon\"\n|-damage|p2a: \"The Demon\"|16\/100\n|\n|upkeep\n|turn|15\n|\n|t:|1700618844\n|move|p2a: \"The Demon\"|Waterfall|p1a: Tinkaton\n|-damage|p1a: Tinkaton|0 fnt\n|faint|p1a: Tinkaton\n|\n|upkeep\n|\n|t:|1700618849\n|switch|p1a: Sirfetch\u2019d|Sirfetch\u2019d, M|54\/100\n|-activate|p1a: Sirfetch\u2019d|move: Sticky Web\n|-unboost|p1a: Sirfetch\u2019d|spe|1\n|turn|16\n|\n|t:|1700618855\n|move|p2a: \"The Demon\"|Waterfall|p1a: Sirfetch\u2019d\n|-damage|p1a: Sirfetch\u2019d|0 fnt\n|faint|p1a: Sirfetch\u2019d\n|\n|upkeep\n|\n|t:|1700618860\n|switch|p1a: Chandelure|Chandelure, F|48\/100\n|-activate|p1a: Chandelure|move: Sticky Web\n|-unboost|p1a: Chandelure|spe|1\n|turn|17\n|\n|t:|1700618864\n|move|p2a: \"The Demon\"|Waterfall|p1a: Chandelure\n|-supereffective|p1a: Chandelure\n|-damage|p1a: Chandelure|0 fnt\n|-status|p2a: \"The Demon\"|brn|[from] ability: Flame Body|[of] p1a: Chandelure\n|faint|p1a: Chandelure\n|\n|win|Pikablue Fan\n|raw|Lunarticow's rating: 1065 &rarr; <strong>1049<\/strong><br \/>(-16 for losing)\n|raw|Pikablue Fan's rating: 1134 &rarr; <strong>1154<\/strong><br \/>(+20 for winning)\n|c|\u2606Pikablue Fan|ggs\n","uploadtime":1700618875,"views":1,"p1id":"lunarticow","p2id":"pikabluefan","formatid":"gen9nationaldex","rating":1049,"private":0,"password":""}