{"id":"gen9nationaldex-1995293822","p1":"masterROSE","p2":"Snakeman24","format":"[Gen 9] National Dex","log":"|html|<div class=\"broadcast-blue\"><strong>[Gen 9] National Dex is currently suspecting Sneasler! For information on how to participate check out the <a href=\"https:\/\/www.smogon.com\/forums\/threads\/sv-national-dex-suspect-8-just-dance.3731534\/\">suspect thread<\/a>.<\/strong><\/div>\n|j|\u2606masterROSE\n|j|\u2606Snakeman24\n|t:|1700548375\n|gametype|singles\n|player|p1|masterROSE|wally|1592\n|player|p2|Snakeman24|steven|1532\n|teamsize|p1|6\n|teamsize|p2|6\n|gen|9\n|tier|[Gen 9] National Dex\n|rated|\n|rule|HP Percentage Mod: HP is shown in percentages\n|rule|Endless Battle Clause: Forcing endless battles is banned\n|rule|OHKO Clause: OHKO moves are banned\n|rule|Evasion Clause: Evasion abilities, items, and moves are banned\n|rule|Evasion Abilities Clause: Evasion abilities are banned\n|rule|Evasion Items Clause: Evasion items are banned\n|rule|Evasion Moves Clause: Evasion moves are banned\n|rule|Species Clause: Limit one of each Pok\u00e9mon\n|rule|Sleep Clause Mod: Limit one foe put to sleep\n|clearpoke\n|poke|p1|Gallade, M|\n|poke|p1|Ting-Lu|\n|poke|p1|Slowking-Galar, F|\n|poke|p1|Sinistcha|\n|poke|p1|Kyurem|\n|poke|p1|Kartana|\n|poke|p2|Chansey, F|\n|poke|p2|Hoopa-Unbound|\n|poke|p2|Zapdos|\n|poke|p2|Ditto|\n|poke|p2|Diancie|\n|poke|p2|Urshifu-*, M|\n|teampreview\n|inactive|Battle timer is ON: inactive players will automatically lose when time's up. (requested by masterROSE)\n|\n|t:|1700548403\n|start\n|switch|p1a: Ting-Lu|Ting-Lu|100\/100\n|switch|p2a: Chansey|Chansey, F|100\/100\n|-ability|p1a: Ting-Lu|Vessel of Ruin\n|turn|1\n|\n|t:|1700548429\n|move|p2a: Chansey|Stealth Rock|p1a: Ting-Lu\n|-sidestart|p1: masterROSE|move: Stealth Rock\n|move|p1a: Ting-Lu|Stealth Rock|p2a: Chansey\n|-sidestart|p2: Snakeman24|move: Stealth Rock\n|\n|upkeep\n|turn|2\n|\n|t:|1700548443\n|switch|p1a: Slowking|Slowking-Galar, F|100\/100\n|move|p2a: Chansey|Teleport|p2a: Chansey\n|\n|t:|1700548454\n|switch|p2a: Urshifu|Urshifu-Rapid-Strike, M|100\/100|[from] Teleport\n|-damage|p2a: Urshifu|94\/100|[from] Stealth Rock\n|\n|upkeep\n|turn|3\n|\n|t:|1700548466\n|switch|p1a: Sinistcha|Sinistcha|100\/100\n|-damage|p1a: Sinistcha|88\/100|[from] Stealth Rock\n|move|p2a: Urshifu|Surging Strikes|p1a: Sinistcha\n|-resisted|p1a: Sinistcha\n|-crit|p1a: Sinistcha\n|-damage|p1a: Sinistcha|78\/100\n|-resisted|p1a: Sinistcha\n|-crit|p1a: Sinistcha\n|-damage|p1a: Sinistcha|67\/100\n|-resisted|p1a: Sinistcha\n|-crit|p1a: Sinistcha\n|-damage|p1a: Sinistcha|56\/100\n|-hitcount|p1a: Sinistcha|3\n|\n|upkeep\n|turn|4\n|\n|t:|1700548484\n|switch|p2a: Chansey|Chansey, F|100\/100\n|-damage|p2a: Chansey|88\/100|[from] Stealth Rock\n|move|p1a: Sinistcha|Strength Sap|p2a: Chansey\n|-unboost|p2a: Chansey|atk|1\n|-heal|p1a: Sinistcha|59\/100\n|\n|upkeep\n|turn|5\n|\n|t:|1700548495\n|switch|p1a: Slowking|Slowking-Galar, F|100\/100\n|move|p2a: Chansey|Teleport|p2a: Chansey\n|\n|t:|1700548502\n|switch|p2a: Zapdos|Zapdos|100\/100|[from] Teleport\n|-damage|p2a: Zapdos|75\/100|[from] Stealth Rock\n|\n|upkeep\n|turn|6\n|\n|t:|1700548512\n|move|p2a: Zapdos|Defog|p1a: Slowking\n|-unboost|p1a: Slowking|evasion|1\n|-sideend|p1: masterROSE|Stealth Rock|[from] move: Defog|[of] p2a: Zapdos\n|-sideend|p2: Snakeman24|Stealth Rock|[from] move: Defog|[of] p2a: Zapdos\n|move|p1a: Slowking|Future Sight|p2a: Zapdos\n|-start|p1a: Slowking|move: Future Sight\n|\n|upkeep\n|turn|7\n|\n|t:|1700548527\n|switch|p2a: Chansey|Chansey, F|88\/100\n|move|p1a: Slowking|Chilly Reception|p1a: Slowking\n|-weather|Snow\n|\n|t:|1700548537\n|switch|p1a: \u6700\u5f3a\u7684\u827e\u8def\u96f7\u6735|Gallade, M, shiny|100\/100|[from] Chilly Reception\n|\n|-weather|Snow|[upkeep]\n|upkeep\n|turn|8\n|\n|t:|1700548564\n|detailschange|p1a: \u6700\u5f3a\u7684\u827e\u8def\u96f7\u6735|Gallade-Mega, M, shiny\n|-mega|p1a: \u6700\u5f3a\u7684\u827e\u8def\u96f7\u6735|Gallade|Galladite\n|-terastallize|p2a: Chansey|Ghost\n|move|p1a: \u6700\u5f3a\u7684\u827e\u8def\u96f7\u6735|Substitute|p1a: \u6700\u5f3a\u7684\u827e\u8def\u96f7\u6735\n|-start|p1a: \u6700\u5f3a\u7684\u827e\u8def\u96f7\u6735|Substitute\n|-damage|p1a: \u6700\u5f3a\u7684\u827e\u8def\u96f7\u6735|76\/100\n|move|p2a: Chansey|Teleport|p2a: Chansey\n|\n|t:|1700548573\n|switch|p2a: Urshifu|Urshifu-Rapid-Strike, M|94\/100|[from] Teleport\n|\n|-weather|Snow|[upkeep]\n|-end|p2a: Urshifu|move: Future Sight\n|-supereffective|p2a: Urshifu\n|-damage|p2a: Urshifu|0 fnt\n|faint|p2a: Urshifu\n|upkeep\n|inactive|Snakeman24 has 120 seconds left.\n|\n|t:|1700548586\n|switch|p2a: Zapdos|Zapdos|75\/100\n|turn|9\n|\n|t:|1700548614\n|move|p1a: \u6700\u5f3a\u7684\u827e\u8def\u96f7\u6735|Triple Axel|p2a: Zapdos\n|-supereffective|p2a: Zapdos\n|-damage|p2a: Zapdos|62\/100\n|-damage|p1a: \u6700\u5f3a\u7684\u827e\u8def\u96f7\u6735|59\/100|[from] item: Rocky Helmet|[of] p2a: Zapdos\n|-supereffective|p2a: Zapdos\n|-damage|p2a: Zapdos|39\/100\n|-damage|p1a: \u6700\u5f3a\u7684\u827e\u8def\u96f7\u6735|42\/100|[from] item: Rocky Helmet|[of] p2a: Zapdos\n|-supereffective|p2a: Zapdos\n|-damage|p2a: Zapdos|1\/100\n|-damage|p1a: \u6700\u5f3a\u7684\u827e\u8def\u96f7\u6735|26\/100|[from] item: Rocky Helmet|[of] p2a: Zapdos\n|-hitcount|p2a: Zapdos|3\n|move|p2a: Zapdos|Volt Switch|p1a: \u6700\u5f3a\u7684\u827e\u8def\u96f7\u6735\n|-end|p1a: \u6700\u5f3a\u7684\u827e\u8def\u96f7\u6735|Substitute\n|inactive|Snakeman24 has 120 seconds left.\n|\n|t:|1700548629\n|switch|p2a: Diancie|Diancie|100\/100|[from] Volt Switch\n|\n|-weather|Snow|[upkeep]\n|upkeep\n|turn|10\n|inactive|Snakeman24 has 120 seconds left.\n|inactive|masterROSE has 120 seconds left.\n|\n|t:|1700548663\n|switch|p1a: Sinistcha|Sinistcha|59\/100\n|detailschange|p2a: Diancie|Diancie-Mega\n|-mega|p2a: Diancie|Diancie|Diancite\n|move|p2a: Diancie|Earth Power|p1a: Sinistcha\n|-resisted|p1a: Sinistcha\n|-damage|p1a: Sinistcha|37\/100\n|\n|-weather|Snow|[upkeep]\n|upkeep\n|turn|11\n|inactive|Snakeman24 has 120 seconds left.\n|\n|t:|1700548685\n|move|p2a: Diancie|Diamond Storm|p1a: Sinistcha\n|-damage|p1a: Sinistcha|1\/100\n|-boost|p2a: Diancie|def|2\n|move|p1a: Sinistcha|Matcha Gotcha|p2a: Diancie\n|-supereffective|p2a: Diancie\n|-damage|p2a: Diancie|3\/100\n|-heal|p1a: Sinistcha|35\/100|[from] drain|[of] p2a: Diancie\n|\n|-weather|none\n|upkeep\n|turn|12\n|inactive|Snakeman24 has 120 seconds left.\n|\n|t:|1700548698\n|move|p2a: Diancie|Mystical Fire|p1a: Sinistcha\n|-supereffective|p1a: Sinistcha\n|-damage|p1a: Sinistcha|0 fnt\n|faint|p1a: Sinistcha\n|\n|upkeep\n|\n|t:|1700548707\n|switch|p1a: Slowking|Slowking-Galar, F|100\/100\n|turn|13\n|\n|t:|1700548714\n|switch|p2a: Chansey|Chansey, F, tera:Ghost|88\/100\n|move|p1a: Slowking|Sludge Bomb|p2a: Chansey\n|-resisted|p2a: Chansey\n|-damage|p2a: Chansey|82\/100\n|\n|upkeep\n|turn|14\n|\n|t:|1700548726\n|move|p1a: Slowking|Future Sight|p2a: Chansey\n|-start|p1a: Slowking|move: Future Sight\n|move|p2a: Chansey|Teleport|p2a: Chansey\n|\n|t:|1700548733\n|switch|p2a: Hoopa|Hoopa-Unbound|100\/100|[from] Teleport\n|\n|upkeep\n|turn|15\n|inactive|Snakeman24 has 120 seconds left.\n|\n|t:|1700548748\n|switch|p1a: Ting-Lu|Ting-Lu|100\/100\n|-ability|p1a: Ting-Lu|Vessel of Ruin\n|move|p2a: Hoopa|Hyperspace Fury|p1a: Ting-Lu\n|-resisted|p1a: Ting-Lu\n|-damage|p1a: Ting-Lu|71\/100\n|-unboost|p2a: Hoopa|def|1\n|\n|-heal|p1a: Ting-Lu|77\/100|[from] item: Leftovers\n|upkeep\n|turn|16\n|inactive|Snakeman24 has 120 seconds left.\n|\n|t:|1700548761\n|switch|p2a: Chansey|Chansey, F, tera:Ghost|82\/100\n|move|p1a: Ting-Lu|Earthquake|p2a: Chansey\n|-damage|p2a: Chansey|52\/100\n|\n|-end|p2a: Chansey|move: Future Sight\n|-damage|p2a: Chansey|42\/100\n|-heal|p1a: Ting-Lu|83\/100|[from] item: Leftovers\n|upkeep\n|turn|17\n|inactive|Snakeman24 has 120 seconds left.\n|\n|t:|1700548772\n|move|p2a: Chansey|Soft-Boiled|p2a: Chansey\n|-heal|p2a: Chansey|92\/100\n|move|p1a: Ting-Lu|Stealth Rock|p2a: Chansey\n|-sidestart|p2: Snakeman24|move: Stealth Rock\n|\n|-heal|p1a: Ting-Lu|89\/100|[from] item: Leftovers\n|upkeep\n|turn|18\n|\n|t:|1700548780\n|move|p2a: Chansey|Stealth Rock|p1a: Ting-Lu\n|-sidestart|p1: masterROSE|move: Stealth Rock\n|move|p1a: Ting-Lu|Earthquake|p2a: Chansey\n|-damage|p2a: Chansey|63\/100\n|\n|-heal|p1a: Ting-Lu|96\/100|[from] item: Leftovers\n|upkeep\n|turn|19\n|\n|t:|1700548789\n|move|p1a: Ting-Lu|Earthquake|p2a: Chansey\n|-damage|p2a: Chansey|34\/100\n|move|p2a: Chansey|Teleport|p2a: Chansey\n|\n|t:|1700548799\n|switch|p2a: Hoopa|Hoopa-Unbound|100\/100|[from] Teleport\n|-damage|p2a: Hoopa|88\/100|[from] Stealth Rock\n|\n|-heal|p1a: Ting-Lu|100\/100|[from] item: Leftovers\n|upkeep\n|turn|20\n|\n|t:|1700548807\n|move|p2a: Hoopa|Drain Punch|p1a: Ting-Lu\n|-supereffective|p1a: Ting-Lu\n|-damage|p1a: Ting-Lu|44\/100\n|-heal|p2a: Hoopa|100\/100|[from] drain|[of] p1a: Ting-Lu\n|move|p1a: Ting-Lu|Earthquake|p2a: Hoopa\n|-damage|p2a: Hoopa|26\/100\n|\n|-heal|p1a: Ting-Lu|50\/100|[from] item: Leftovers\n|upkeep\n|turn|21\n|\n|t:|1700548817\n|switch|p1a: Slowking|Slowking-Galar, F|100\/100\n|move|p2a: Hoopa|Drain Punch|p1a: Slowking\n|-resisted|p1a: Slowking\n|-damage|p1a: Slowking|88\/100\n|-heal|p2a: Hoopa|34\/100|[from] drain|[of] p1a: Slowking\n|\n|upkeep\n|turn|22\n|\n|t:|1700548831\n|switch|p2a: Zapdos|Zapdos|1\/100\n|-damage|p2a: Zapdos|0 fnt|[from] Stealth Rock\n|faint|p2a: Zapdos\n|move|p1a: Slowking|Future Sight|p2: Zapdos\n|-start|p1a: Slowking|move: Future Sight\n|\n|upkeep\n|\n|t:|1700548839\n|switch|p2a: Chansey|Chansey, F, tera:Ghost|34\/100\n|-damage|p2a: Chansey|22\/100|[from] Stealth Rock\n|turn|23\n|\n|t:|1700548843\n|move|p2a: Chansey|Soft-Boiled|p2a: Chansey\n|-heal|p2a: Chansey|72\/100\n|move|p1a: Slowking|Chilly Reception|p1a: Slowking\n|-weather|Snow\n|\n|t:|1700548851\n|switch|p1a: Kartana|Kartana|100\/100|[from] Chilly Reception\n|-damage|p1a: Kartana|94\/100|[from] Stealth Rock\n|\n|-weather|Snow|[upkeep]\n|upkeep\n|turn|24\n|\n|t:|1700548860\n|move|p1a: Kartana|Knock Off|p2a: Chansey\n|-supereffective|p2a: Chansey\n|-damage|p2a: Chansey|15\/100\n|-enditem|p2a: Chansey|Eviolite|[from] move: Knock Off|[of] p1a: Kartana\n|move|p2a: Chansey|Soft-Boiled|p2a: Chansey\n|-heal|p2a: Chansey|65\/100\n|\n|-weather|Snow|[upkeep]\n|-end|p2a: Chansey|move: Future Sight\n|-damage|p2a: Chansey|45\/100\n|upkeep\n|turn|25\n|\n|t:|1700548871\n|move|p1a: Kartana|Knock Off|p2a: Chansey\n|-supereffective|p2a: Chansey\n|-damage|p2a: Chansey|0 fnt\n|faint|p2a: Chansey\n|-ability|p1a: Kartana|Beast Boost|boost\n|-boost|p1a: Kartana|atk|1\n|\n|-weather|Snow|[upkeep]\n|upkeep\n|\n|t:|1700548880\n|switch|p2a: Diancie|Diancie-Mega|3\/100\n|-damage|p2a: Diancie|0 fnt|[from] Stealth Rock\n|faint|p2a: Diancie\n|\n|t:|1700548887\n|switch|p2a: Ditto|Ditto|100\/100\n|-damage|p2a: Ditto|88\/100|[from] Stealth Rock\n|-transform|p2a: Ditto|p1a: Kartana|[from] ability: Imposter\n|turn|26\n|\n|t:|1700548899\n|-terastallize|p1a: Kartana|Ghost\n|move|p2a: Ditto|Knock Off|p1a: Kartana\n|-supereffective|p1a: Kartana\n|-damage|p1a: Kartana|0 fnt\n|-enditem|p1a: Kartana|Choice Scarf|[from] move: Knock Off|[of] p2a: Ditto\n|faint|p1a: Kartana\n|-ability|p2a: Ditto|Beast Boost|boost\n|-boost|p2a: Ditto|atk|1\n|\n|-weather|Snow|[upkeep]\n|upkeep\n|\n|t:|1700548909\n|switch|p1a: Ting-Lu|Ting-Lu|50\/100\n|-damage|p1a: Ting-Lu|44\/100|[from] Stealth Rock\n|-ability|p1a: Ting-Lu|Vessel of Ruin\n|turn|27\n|\n|t:|1700548915\n|move|p2a: Ditto|Knock Off|p1a: Ting-Lu\n|-resisted|p1a: Ting-Lu\n|-damage|p1a: Ting-Lu|22\/100\n|-enditem|p1a: Ting-Lu|Leftovers|[from] move: Knock Off|[of] p2a: Ditto\n|move|p1a: Ting-Lu|Earthquake|p2a: Ditto\n|-damage|p2a: Ditto|49\/100\n|\n|-weather|none\n|upkeep\n|turn|28\n|\n|t:|1700548926\n|move|p2a: Ditto|Knock Off|p1a: Ting-Lu\n|-resisted|p1a: Ting-Lu\n|-damage|p1a: Ting-Lu|6\/100\n|move|p1a: Ting-Lu|Earthquake|p2a: Ditto\n|-damage|p2a: Ditto|12\/100\n|\n|upkeep\n|turn|29\n|\n|t:|1700548937\n|move|p2a: Ditto|Knock Off|p1a: Ting-Lu\n|-resisted|p1a: Ting-Lu\n|-damage|p1a: Ting-Lu|0 fnt\n|faint|p1a: Ting-Lu\n|-ability|p2a: Ditto|Beast Boost|boost\n|-boost|p2a: Ditto|atk|1\n|\n|upkeep\n|\n|t:|1700548938\n|switch|p1a: Kyurem|Kyurem|100\/100\n|-damage|p1a: Kyurem|75\/100|[from] Stealth Rock\n|-ability|p1a: Kyurem|Pressure\n|turn|30\n|\n|t:|1700548948\n|move|p2a: Ditto|Knock Off|p1a: Kyurem\n|-damage|p1a: Kyurem|0 fnt\n|-enditem|p1a: Kyurem|Choice Specs|[from] move: Knock Off|[of] p2a: Ditto\n|faint|p1a: Kyurem\n|-ability|p2a: Ditto|Beast Boost|boost\n|-boost|p2a: Ditto|atk|1\n|\n|upkeep\n|-message|masterROSE forfeited.\n|\n|win|Snakeman24\n|raw|masterROSE's rating: 1592 &rarr; <strong>1569<\/strong><br \/>(-23 for losing)\n|raw|Snakeman24's rating: 1532 &rarr; <strong>1555<\/strong><br \/>(+23 for winning)\n|l|\u2606masterROSE\n","uploadtime":1700548969,"views":9,"p1id":"masterrose","p2id":"snakeman24","formatid":"gen9nationaldex","rating":1555,"private":0,"password":""}