{"id":"gen9nationaldex-1992294400","p1":"cookiesinmilk","p2":"hadicano0","format":"[Gen 9] National Dex","log":"|j|\u2606cookiesinmilk\n|j|\u203dhadicano0\n|t:|1700171800\n|gametype|singles\n|player|p1|cookiesinmilk|iris-gen5bw2|1371\n|player|p2|hadicano0|265|1455\n|teamsize|p1|6\n|teamsize|p2|6\n|gen|9\n|tier|[Gen 9] National Dex\n|rated|\n|rule|HP Percentage Mod: HP is shown in percentages\n|rule|Endless Battle Clause: Forcing endless battles is banned\n|rule|OHKO Clause: OHKO moves are banned\n|rule|Evasion Clause: Evasion abilities, items, and moves are banned\n|rule|Evasion Abilities Clause: Evasion abilities are banned\n|rule|Evasion Items Clause: Evasion items are banned\n|rule|Evasion Moves Clause: Evasion moves are banned\n|rule|Species Clause: Limit one of each Pok\u00e9mon\n|rule|Sleep Clause Mod: Limit one foe put to sleep\n|clearpoke\n|poke|p1|Claydol|\n|poke|p1|Alomomola, F|\n|poke|p1|Florges, F|\n|poke|p1|Tapu Bulu|\n|poke|p1|Houndoom, F|\n|poke|p1|Kleavor, M|\n|poke|p2|Alomomola, F|\n|poke|p2|Breloom, F|\n|poke|p2|Aegislash, F|\n|poke|p2|Rotom-Heat|\n|poke|p2|Enamorus, F|\n|poke|p2|Tyranitar, M|\n|teampreview\n|\n|t:|1700171807\n|start\n|switch|p1a: Kleavor|Kleavor, M|100\/100\n|switch|p2a: Breloom|Breloom, F|100\/100\n|turn|1\n|\n|t:|1700171813\n|switch|p1a: Tapu Bulu|Tapu Bulu|100\/100\n|-fieldstart|move: Grassy Terrain|[from] ability: Grassy Surge|[of] p1a: Tapu Bulu\n|switch|p2a: Alomomola|Alomomola, F, shiny|100\/100\n|\n|upkeep\n|turn|2\n|\n|t:|1700171821\n|switch|p2a: Rotom|Rotom-Heat|100\/100\n|move|p1a: Tapu Bulu|Wood Hammer|p2a: Rotom\n|-resisted|p2a: Rotom\n|-damage|p2a: Rotom|55\/100\n|-damage|p1a: Tapu Bulu|87\/100|[from] Recoil\n|\n|-heal|p1a: Tapu Bulu|93\/100|[from] Grassy Terrain\n|upkeep\n|turn|3\n|inactive|Battle timer is ON: inactive players will automatically lose when time's up. (requested by cookiesinmilk)\n|\n|t:|1700171825\n|switch|p1a: Houndoom|Houndoom, F|100\/100\n|move|p2a: Rotom|Defog|p1a: Houndoom\n|-unboost|p1a: Houndoom|evasion|1\n|-fieldend|move: Grassy Terrain\n|\n|upkeep\n|turn|4\n|\n|t:|1700171834\n|switch|p1a: Tapu Bulu|Tapu Bulu|93\/100\n|-fieldstart|move: Grassy Terrain|[from] ability: Grassy Surge|[of] p1a: Tapu Bulu\n|move|p2a: Rotom|Pain Split|p1a: Tapu Bulu\n|-sethp|p1a: Tapu Bulu|71\/100|[from] move: Pain Split|[silent]\n|-sethp|p2a: Rotom|80\/100|[from] move: Pain Split\n|\n|-heal|p1a: Tapu Bulu|77\/100|[from] Grassy Terrain\n|upkeep\n|turn|5\n|\n|t:|1700171841\n|switch|p1a: Florges|Florges, F|100\/100\n|-enditem|p1a: Florges|Grassy Seed\n|-boost|p1a: Florges|def|1|[from] item: Grassy Seed\n|move|p2a: Rotom|Overheat|p1a: Florges\n|-damage|p1a: Florges|70\/100\n|-unboost|p2a: Rotom|spa|2\n|\n|-heal|p1a: Florges|76\/100|[from] Grassy Terrain\n|upkeep\n|turn|6\n|\n|t:|1700171848\n|move|p2a: Rotom|Volt Switch|p1a: Florges\n|-damage|p1a: Florges|67\/100\n|\n|t:|1700171870\n|switch|p2a: Aegislash|Aegislash, F|100\/100|[from] Volt Switch\n|move|p1a: Florges|Calm Mind|p1a: Florges\n|-boost|p1a: Florges|spa|1\n|-boost|p1a: Florges|spd|1\n|\n|-heal|p1a: Florges|73\/100|[from] Grassy Terrain\n|upkeep\n|turn|7\n|\n|t:|1700171878\n|move|p1a: Florges|Calm Mind|p1a: Florges\n|-boost|p1a: Florges|spa|1\n|-boost|p1a: Florges|spd|1\n|-formechange|p2a: Aegislash|Aegislash-Blade||[from] ability: Stance Change\n|move|p2a: Aegislash|Iron Head|p1a: Florges\n|-supereffective|p1a: Florges\n|-damage|p1a: Florges|31\/100\n|\n|-heal|p1a: Florges|38\/100|[from] Grassy Terrain\n|upkeep\n|turn|8\n|l|\u203dhadicano0\n|inactive|hadicano0 disconnected and has a minute to reconnect!\n|player|p2|\n|inactive|hadicano0 has 30 seconds to reconnect!\n|inactive|hadicano0 has 20 seconds to reconnect!\n|j|\u203dhadicano0\n|inactive|hadicano0 reconnected and has 85 seconds left.\n|player|p2|hadicano0|265\n|n|\u203dhadicano0|hadicano0\n|\n|t:|1700171953\n|-terastallize|p1a: Florges|Fire\n|move|p1a: Florges|Synthesis|p1a: Florges\n|-heal|p1a: Florges|87\/100\n|move|p2a: Aegislash|Iron Head|p1a: Florges\n|-resisted|p1a: Florges\n|-damage|p1a: Florges|77\/100\n|\n|-heal|p1a: Florges|83\/100|[from] Grassy Terrain\n|-fieldend|move: Grassy Terrain\n|upkeep\n|turn|9\n|\n|t:|1700171962\n|switch|p2a: Alomomola|Alomomola, F, shiny|100\/100\n|move|p1a: Florges|Moonblast|p2a: Alomomola\n|-damage|p2a: Alomomola|9\/100\n|\n|upkeep\n|turn|10\n|\n|t:|1700171974\n|switch|p2a: Rotom|Rotom-Heat|80\/100\n|move|p1a: Florges|Moonblast|p2a: Rotom\n|-resisted|p2a: Rotom\n|-damage|p2a: Rotom|50\/100\n|\n|upkeep\n|turn|11\n|\n|t:|1700171977\n|move|p2a: Rotom|Pain Split|p1a: Florges\n|-sethp|p1a: Florges|63\/100|[from] move: Pain Split|[silent]\n|-sethp|p2a: Rotom|74\/100|[from] move: Pain Split\n|move|p1a: Florges|Calm Mind|p1a: Florges\n|-boost|p1a: Florges|spa|1\n|-boost|p1a: Florges|spd|1\n|\n|upkeep\n|turn|12\n|\n|t:|1700171981\n|move|p2a: Rotom|Volt Switch|p1a: Florges\n|-damage|p1a: Florges|56\/100\n|\n|t:|1700171990\n|switch|p2a: Breloom|Breloom, F|100\/100|[from] Volt Switch\n|move|p1a: Florges|Moonblast|p2a: Breloom\n|-supereffective|p2a: Breloom\n|-enditem|p2a: Breloom|Focus Sash\n|-damage|p2a: Breloom|1\/100\n|\n|upkeep\n|turn|13\n|\n|t:|1700171995\n|move|p2a: Breloom|Spore|p1a: Florges\n|-status|p1a: Florges|slp|[from] move: Spore\n|cant|p1a: Florges|slp\n|\n|upkeep\n|turn|14\n|\n|t:|1700172006\n|switch|p2a: Tyranitar|Tyranitar, M|100\/100\n|-weather|Sandstorm|[from] ability: Sand Stream|[of] p2a: Tyranitar\n|-curestatus|p1a: Florges|slp|[msg]\n|move|p1a: Florges|Synthesis|p1a: Florges\n|-heal|p1a: Florges|82\/100\n|\n|-weather|Sandstorm|[upkeep]\n|-damage|p1a: Florges|75\/100|[from] Sandstorm\n|upkeep\n|turn|15\n|\n|t:|1700172015\n|detailschange|p2a: Tyranitar|Tyranitar-Mega, M\n|-mega|p2a: Tyranitar|Tyranitar|Tyranitarite\n|move|p2a: Tyranitar|Stone Edge|p1a: Florges\n|-supereffective|p1a: Florges\n|-damage|p1a: Florges|8\/100\n|move|p1a: Florges|Moonblast|p2a: Tyranitar\n|-supereffective|p2a: Tyranitar\n|-damage|p2a: Tyranitar|11\/100\n|-unboost|p2a: Tyranitar|spa|1\n|\n|-weather|Sandstorm|[upkeep]\n|-damage|p1a: Florges|2\/100|[from] Sandstorm\n|upkeep\n|turn|16\n|\n|t:|1700172025\n|move|p2a: Tyranitar|Knock Off|p1a: Florges\n|-damage|p1a: Florges|0 fnt\n|faint|p1a: Florges\n|\n|-weather|Sandstorm|[upkeep]\n|upkeep\n|\n|t:|1700172029\n|switch|p1a: Kleavor|Kleavor, M|100\/100\n|turn|17\n|inactive|hadicano0 has 120 seconds left.\n|\n|t:|1700172040\n|move|p1a: Kleavor|Stone Axe|p2a: Tyranitar|[miss]\n|-miss|p1a: Kleavor|p2a: Tyranitar\n|move|p2a: Tyranitar|Stone Edge|p1a: Kleavor\n|-supereffective|p1a: Kleavor\n|-enditem|p1a: Kleavor|Focus Sash\n|-damage|p1a: Kleavor|1\/100\n|\n|-weather|Sandstorm|[upkeep]\n|upkeep\n|turn|18\n|inactive|hadicano0 has 120 seconds left.\n|\n|t:|1700172050\n|switch|p2a: Alomomola|Alomomola, F, shiny|43\/100\n|move|p1a: Kleavor|Stone Axe|p2a: Alomomola\n|-damage|p2a: Alomomola|11\/100\n|-damage|p1a: Kleavor|0 fnt|[from] item: Rocky Helmet|[of] p2a: Alomomola\n|faint|p1a: Kleavor\n|\n|-weather|none\n|upkeep\n|\n|t:|1700172057\n|switch|p1a: Houndoom|Houndoom, F|100\/100\n|turn|19\n|\n|t:|1700172062\n|switch|p2a: Rotom|Rotom-Heat|74\/100\n|detailschange|p1a: Houndoom|Houndoom-Mega, F\n|-mega|p1a: Houndoom|Houndoom|Houndoominite\n|move|p1a: Houndoom|Dark Pulse|p2a: Rotom\n|-damage|p2a: Rotom|41\/100\n|\n|upkeep\n|turn|20\n|\n|t:|1700172067\n|move|p1a: Houndoom|Dark Pulse|p2a: Rotom\n|-damage|p2a: Rotom|9\/100\n|move|p2a: Rotom|Pain Split|p1a: Houndoom\n|-sethp|p1a: Houndoom|55\/100|[from] move: Pain Split|[silent]\n|-sethp|p2a: Rotom|53\/100|[from] move: Pain Split\n|\n|upkeep\n|turn|21\n|\n|t:|1700172073\n|move|p1a: Houndoom|Dark Pulse|p2a: Rotom\n|-damage|p2a: Rotom|20\/100\n|move|p2a: Rotom|Volt Switch|p1a: Houndoom\n|-damage|p1a: Houndoom|20\/100\n|\n|t:|1700172079\n|switch|p2a: Breloom|Breloom, F|1\/100|[from] Volt Switch\n|\n|upkeep\n|turn|22\n|\n|t:|1700172083\n|switch|p1a: Alomomola|Alomomola, F|100\/100\n|move|p2a: Breloom|Mach Punch|p1a: Alomomola\n|-damage|p1a: Alomomola|83\/100\n|-damage|p2a: Breloom|0 fnt|[from] item: Rocky Helmet|[of] p1a: Alomomola\n|faint|p2a: Breloom\n|\n|upkeep\n|\n|t:|1700172091\n|switch|p2a: Alomomola|Alomomola, F, shiny|44\/100\n|turn|23\n|\n|t:|1700172098\n|move|p1a: Alomomola|Wish|p1a: Alomomola\n|move|p2a: Alomomola|Toxic|p1a: Alomomola\n|-status|p1a: Alomomola|tox\n|\n|-damage|p1a: Alomomola|77\/100 tox|[from] psn\n|upkeep\n|turn|24\n|\n|t:|1700172101\n|move|p1a: Alomomola|Flip Turn|p2a: Alomomola\n|-resisted|p2a: Alomomola\n|-damage|p2a: Alomomola|40\/100\n|-damage|p1a: Alomomola|60\/100 tox|[from] item: Rocky Helmet|[of] p2a: Alomomola\n|\n|t:|1700172103\n|switch|p1a: Houndoom|Houndoom-Mega, F|20\/100|[from] Flip Turn\n|move|p2a: Alomomola|Wish|p2a: Alomomola\n|\n|-heal|p1a: Houndoom|100\/100|[from] move: Wish|[wisher] Alomomola\n|upkeep\n|turn|25\n|\n|t:|1700172114\n|move|p2a: Alomomola|Protect|p2a: Alomomola\n|-singleturn|p2a: Alomomola|Protect\n|move|p1a: Houndoom|Dark Pulse|p2a: Alomomola\n|-activate|p2a: Alomomola|move: Protect\n|\n|-heal|p2a: Alomomola|90\/100|[from] move: Wish|[wisher] Alomomola\n|upkeep\n|turn|26\n|\n|t:|1700172132\n|switch|p2a: Enamorus|Enamorus, F|100\/100\n|move|p1a: Houndoom|Dark Pulse|p2a: Enamorus\n|-resisted|p2a: Enamorus\n|-damage|p2a: Enamorus|72\/100\n|\n|upkeep\n|turn|27\n|\n|t:|1700172142\n|move|p1a: Houndoom|Flamethrower|p2a: Enamorus\n|-damage|p2a: Enamorus|0 fnt\n|faint|p2a: Enamorus\n|\n|upkeep\n|\n|t:|1700172157\n|switch|p2a: Alomomola|Alomomola, F, shiny|100\/100\n|turn|28\n|\n|t:|1700172161\n|move|p1a: Houndoom|Dark Pulse|p2a: Alomomola\n|-damage|p2a: Alomomola|46\/100\n|move|p2a: Alomomola|Toxic|p1a: Houndoom\n|-status|p1a: Houndoom|tox\n|\n|-damage|p1a: Houndoom|94\/100 tox|[from] psn\n|upkeep\n|turn|29\n|\n|t:|1700172166\n|move|p2a: Alomomola|Protect|p2a: Alomomola\n|-singleturn|p2a: Alomomola|Protect\n|move|p1a: Houndoom|Dark Pulse|p2a: Alomomola\n|-activate|p2a: Alomomola|move: Protect\n|\n|-damage|p1a: Houndoom|82\/100 tox|[from] psn\n|upkeep\n|turn|30\n|\n|t:|1700172178\n|switch|p2a: Tyranitar|Tyranitar-Mega, M|11\/100\n|-weather|Sandstorm|[from] ability: Sand Stream|[of] p2a: Tyranitar\n|move|p1a: Houndoom|Dark Pulse|p2a: Tyranitar\n|-resisted|p2a: Tyranitar\n|-damage|p2a: Tyranitar|1\/100\n|\n|-weather|Sandstorm|[upkeep]\n|-damage|p1a: Houndoom|76\/100 tox|[from] Sandstorm\n|-damage|p1a: Houndoom|57\/100 tox|[from] psn\n|upkeep\n|turn|31\n|\n|t:|1700172186\n|switch|p1a: Alomomola|Alomomola, F|93\/100 tox\n|move|p2a: Tyranitar|Knock Off|p1a: Alomomola\n|-damage|p1a: Alomomola|66\/100 tox\n|-damage|p2a: Tyranitar|0 fnt|[from] item: Rocky Helmet|[of] p1a: Alomomola\n|faint|p2a: Tyranitar\n|\n|-weather|Sandstorm|[upkeep]\n|-damage|p1a: Alomomola|59\/100 tox|[from] Sandstorm\n|-damage|p1a: Alomomola|53\/100 tox|[from] psn\n|upkeep\n|\n|t:|1700172206\n|switch|p2a: Rotom|Rotom-Heat|20\/100\n|turn|32\n|\n|t:|1700172210\n|move|p2a: Rotom|Defog|p1a: Alomomola\n|-unboost|p1a: Alomomola|evasion|1\n|move|p1a: Alomomola|Flip Turn|p2a: Rotom\n|-supereffective|p2a: Rotom\n|-damage|p2a: Rotom|0 fnt\n|faint|p2a: Rotom\n|\n|t:|1700172221\n|switch|p1a: Houndoom|Houndoom-Mega, F|57\/100 tox|[from] Flip Turn\n|\n|-weather|Sandstorm|[upkeep]\n|-damage|p1a: Houndoom|51\/100 tox|[from] Sandstorm\n|-damage|p1a: Houndoom|45\/100 tox|[from] psn\n|upkeep\n|\n|t:|1700172224\n|switch|p2a: Alomomola|Alomomola, F, shiny|80\/100\n|turn|33\n|\n|t:|1700172226\n|switch|p1a: Tapu Bulu|Tapu Bulu|77\/100\n|-fieldstart|move: Grassy Terrain|[from] ability: Grassy Surge|[of] p1a: Tapu Bulu\n|move|p2a: Alomomola|Protect||[still]\n|-fail|p2a: Alomomola\n|\n|-weather|Sandstorm|[upkeep]\n|-damage|p1a: Tapu Bulu|71\/100|[from] Sandstorm\n|-damage|p2a: Alomomola|74\/100|[from] Sandstorm\n|-heal|p1a: Tapu Bulu|77\/100|[from] Grassy Terrain\n|-heal|p2a: Alomomola|80\/100|[from] Grassy Terrain\n|upkeep\n|turn|34\n|\n|t:|1700172233\n|switch|p2a: Aegislash|Aegislash, F|100\/100\n|move|p1a: Tapu Bulu|Wood Hammer|p2a: Aegislash\n|-resisted|p2a: Aegislash\n|-crit|p2a: Aegislash\n|-damage|p2a: Aegislash|44\/100\n|-damage|p1a: Tapu Bulu|59\/100|[from] Recoil\n|\n|-weather|none\n|-heal|p1a: Tapu Bulu|66\/100|[from] Grassy Terrain\n|-heal|p2a: Aegislash|51\/100|[from] Grassy Terrain\n|-heal|p2a: Aegislash|57\/100|[from] item: Leftovers\n|upkeep\n|turn|35\n|\n|t:|1700172237\n|switch|p1a: Alomomola|Alomomola, F|87\/100 tox\n|move|p2a: Aegislash|Substitute|p2a: Aegislash\n|-start|p2a: Aegislash|Substitute\n|-damage|p2a: Aegislash|32\/100\n|\n|-heal|p1a: Alomomola|93\/100 tox|[from] Grassy Terrain\n|-heal|p2a: Aegislash|38\/100|[from] Grassy Terrain\n|-heal|p2a: Aegislash|44\/100|[from] item: Leftovers\n|-damage|p1a: Alomomola|87\/100 tox|[from] psn\n|upkeep\n|turn|36\n|\n|t:|1700172242\n|move|p1a: Alomomola|Knock Off|p2a: Aegislash\n|-supereffective|p2a: Aegislash\n|-end|p2a: Aegislash|Substitute\n|-formechange|p2a: Aegislash|Aegislash-Blade||[from] ability: Stance Change\n|move|p2a: Aegislash|Shadow Ball|p1a: Alomomola\n|-damage|p1a: Alomomola|41\/100 tox\n|\n|-heal|p1a: Alomomola|47\/100 tox|[from] Grassy Terrain\n|-heal|p2a: Aegislash|51\/100|[from] Grassy Terrain\n|-heal|p2a: Aegislash|57\/100|[from] item: Leftovers\n|-damage|p1a: Alomomola|34\/100 tox|[from] psn\n|upkeep\n|turn|37\n|\n|t:|1700172248\n|-formechange|p2a: Aegislash|Aegislash||[from] ability: Stance Change\n|move|p2a: Aegislash|King's Shield|p2a: Aegislash\n|-singleturn|p2a: Aegislash|Protect\n|move|p1a: Alomomola|Wish|p1a: Alomomola\n|\n|-heal|p1a: Alomomola|41\/100 tox|[from] Grassy Terrain\n|-heal|p2a: Aegislash|63\/100|[from] Grassy Terrain\n|-heal|p2a: Aegislash|69\/100|[from] item: Leftovers\n|-damage|p1a: Alomomola|22\/100 tox|[from] psn\n|-fieldend|move: Grassy Terrain\n|upkeep\n|turn|38\n|\n|t:|1700172250\n|switch|p1a: Houndoom|Houndoom-Mega, F|45\/100 tox\n|switch|p2a: Alomomola|Alomomola, F, shiny|100\/100\n|\n|-heal|p1a: Houndoom|100\/100 tox|[from] move: Wish|[wisher] Alomomola\n|-damage|p1a: Houndoom|94\/100 tox|[from] psn\n|upkeep\n|turn|39\n|\n|t:|1700172257\n|move|p2a: Alomomola|Protect|p2a: Alomomola\n|-singleturn|p2a: Alomomola|Protect\n|move|p1a: Houndoom|Dark Pulse|p2a: Alomomola\n|-activate|p2a: Alomomola|move: Protect\n|\n|-damage|p1a: Houndoom|82\/100 tox|[from] psn\n|upkeep\n|turn|40\n|\n|t:|1700172260\n|move|p1a: Houndoom|Dark Pulse|p2a: Alomomola\n|-damage|p2a: Alomomola|49\/100\n|move|p2a: Alomomola|Flip Turn|p1a: Houndoom\n|-supereffective|p1a: Houndoom\n|-damage|p1a: Houndoom|32\/100 tox\n|\n|t:|1700172266\n|switch|p2a: Aegislash|Aegislash, F|69\/100|[from] Flip Turn\n|\n|-heal|p2a: Aegislash|75\/100|[from] item: Leftovers\n|-damage|p1a: Houndoom|14\/100 tox|[from] psn\n|upkeep\n|turn|41\n|\n|t:|1700172271\n|switch|p1a: Claydol|Claydol|100\/100\n|move|p2a: Aegislash|Substitute|p2a: Aegislash\n|-start|p2a: Aegislash|Substitute\n|-damage|p2a: Aegislash|51\/100\n|\n|-heal|p2a: Aegislash|57\/100|[from] item: Leftovers\n|upkeep\n|turn|42\n|\n|t:|1700172274\n|move|p1a: Claydol|Earth Power|p2a: Aegislash\n|-supereffective|p2a: Aegislash\n|-end|p2a: Aegislash|Substitute\n|-formechange|p2a: Aegislash|Aegislash-Blade||[from] ability: Stance Change\n|move|p2a: Aegislash|Shadow Ball|p1a: Claydol\n|-supereffective|p1a: Claydol\n|-crit|p1a: Claydol\n|-damage|p1a: Claydol|35\/100\n|\n|-heal|p2a: Aegislash|63\/100|[from] item: Leftovers\n|upkeep\n|turn|43\n|\n|t:|1700172278\n|-formechange|p2a: Aegislash|Aegislash||[from] ability: Stance Change\n|move|p2a: Aegislash|King's Shield|p2a: Aegislash\n|-singleturn|p2a: Aegislash|Protect\n|move|p1a: Claydol|Earth Power|p2a: Aegislash\n|-activate|p2a: Aegislash|move: Protect\n|\n|-heal|p2a: Aegislash|69\/100|[from] item: Leftovers\n|upkeep\n|turn|44\n|\n|t:|1700172281\n|move|p1a: Claydol|Earth Power|p2a: Aegislash\n|-supereffective|p2a: Aegislash\n|-damage|p2a: Aegislash|25\/100\n|-formechange|p2a: Aegislash|Aegislash-Blade||[from] ability: Stance Change\n|move|p2a: Aegislash|Shadow Ball|p1a: Claydol\n|-supereffective|p1a: Claydol\n|-damage|p1a: Claydol|0 fnt\n|faint|p1a: Claydol\n|\n|-heal|p2a: Aegislash|31\/100|[from] item: Leftovers\n|upkeep\n|\n|t:|1700172284\n|switch|p1a: Tapu Bulu|Tapu Bulu|66\/100\n|-fieldstart|move: Grassy Terrain|[from] ability: Grassy Surge|[of] p1a: Tapu Bulu\n|turn|45\n|\n|t:|1700172290\n|-formechange|p2a: Aegislash|Aegislash||[from] ability: Stance Change\n|move|p2a: Aegislash|King's Shield|p2a: Aegislash\n|-singleturn|p2a: Aegislash|Protect\n|move|p1a: Tapu Bulu|Wood Hammer|p2a: Aegislash\n|-activate|p2a: Aegislash|move: Protect\n|-unboost|p1a: Tapu Bulu|atk|1\n|\n|-heal|p1a: Tapu Bulu|72\/100|[from] Grassy Terrain\n|-heal|p2a: Aegislash|37\/100|[from] Grassy Terrain\n|-heal|p2a: Aegislash|43\/100|[from] item: Leftovers\n|upkeep\n|turn|46\n|\n|t:|1700172299\n|move|p1a: Tapu Bulu|Wood Hammer|p2a: Aegislash\n|-resisted|p2a: Aegislash\n|-damage|p2a: Aegislash|21\/100\n|-damage|p1a: Tapu Bulu|65\/100|[from] Recoil\n|-formechange|p2a: Aegislash|Aegislash-Blade||[from] ability: Stance Change\n|move|p2a: Aegislash|Iron Head|p1a: Tapu Bulu\n|-supereffective|p1a: Tapu Bulu\n|-damage|p1a: Tapu Bulu|2\/100\n|\n|-heal|p1a: Tapu Bulu|8\/100|[from] Grassy Terrain\n|-heal|p2a: Aegislash|27\/100|[from] Grassy Terrain\n|-heal|p2a: Aegislash|33\/100|[from] item: Leftovers\n|upkeep\n|turn|47\n|\n|t:|1700172309\n|switch|p1a: Alomomola|Alomomola, F|55\/100 tox\n|-formechange|p2a: Aegislash|Aegislash||[from] ability: Stance Change\n|move|p2a: Aegislash|King's Shield||[still]\n|-fail|p2a: Aegislash\n|\n|-heal|p1a: Alomomola|62\/100 tox|[from] Grassy Terrain\n|-heal|p2a: Aegislash|40\/100|[from] Grassy Terrain\n|-heal|p2a: Aegislash|46\/100|[from] item: Leftovers\n|-damage|p1a: Alomomola|55\/100 tox|[from] psn\n|upkeep\n|turn|48\n|\n|t:|1700172313\n|switch|p2a: Alomomola|Alomomola, F, shiny|83\/100\n|move|p1a: Alomomola|Knock Off|p2a: Alomomola\n|-damage|p2a: Alomomola|73\/100\n|-damage|p1a: Alomomola|39\/100 tox|[from] item: Rocky Helmet|[of] p2a: Alomomola\n|-enditem|p2a: Alomomola|Rocky Helmet|[from] move: Knock Off|[of] p1a: Alomomola\n|\n|-heal|p1a: Alomomola|45\/100 tox|[from] Grassy Terrain\n|-heal|p2a: Alomomola|79\/100|[from] Grassy Terrain\n|-damage|p1a: Alomomola|33\/100 tox|[from] psn\n|upkeep\n|turn|49\n|\n|t:|1700172325\n|move|p1a: Alomomola|Wish|p1a: Alomomola\n|move|p2a: Alomomola|Wish|p2a: Alomomola\n|\n|-heal|p1a: Alomomola|39\/100 tox|[from] Grassy Terrain\n|-heal|p2a: Alomomola|85\/100|[from] Grassy Terrain\n|-damage|p1a: Alomomola|20\/100 tox|[from] psn\n|-fieldend|move: Grassy Terrain\n|upkeep\n|turn|50\n|\n|t:|1700172329\n|move|p2a: Alomomola|Protect|p2a: Alomomola\n|-singleturn|p2a: Alomomola|Protect\n|move|p1a: Alomomola|Flip Turn|p2a: Alomomola\n|-activate|p2a: Alomomola|move: Protect\n|\n|-heal|p2a: Alomomola|100\/100|[from] move: Wish|[wisher] Alomomola\n|-heal|p1a: Alomomola|70\/100 tox|[from] move: Wish|[wisher] Alomomola\n|-damage|p1a: Alomomola|45\/100 tox|[from] psn\n|upkeep\n|turn|51\n|\n|t:|1700172341\n|move|p1a: Alomomola|Wish|p1a: Alomomola\n|move|p2a: Alomomola|Flip Turn|p1a: Alomomola\n|-resisted|p1a: Alomomola\n|-damage|p1a: Alomomola|41\/100 tox\n|-damage|p2a: Alomomola|84\/100|[from] item: Rocky Helmet|[of] p1a: Alomomola\n|\n|t:|1700172345\n|switch|p2a: Aegislash|Aegislash, F|46\/100|[from] Flip Turn\n|\n|-heal|p2a: Aegislash|52\/100|[from] item: Leftovers\n|-damage|p1a: Alomomola|10\/100 tox|[from] psn\n|upkeep\n|turn|52\n|\n|t:|1700172350\n|switch|p1a: Houndoom|Houndoom-Mega, F|14\/100 tox\n|-formechange|p2a: Aegislash|Aegislash-Blade||[from] ability: Stance Change\n|move|p2a: Aegislash|Shadow Ball|p1a: Houndoom\n|-resisted|p1a: Houndoom\n|-damage|p1a: Houndoom|0 fnt\n|faint|p1a: Houndoom\n|\n|-heal|p2a: Aegislash|58\/100|[from] item: Leftovers\n|upkeep\n|\n|t:|1700172353\n|switch|p1a: Alomomola|Alomomola, F|44\/100 tox\n|turn|53\n|\n|t:|1700172366\n|switch|p2a: Alomomola|Alomomola, F, shiny|100\/100\n|move|p1a: Alomomola|Knock Off|p2a: Alomomola\n|-damage|p2a: Alomomola|94\/100\n|\n|-damage|p1a: Alomomola|37\/100 tox|[from] psn\n|upkeep\n|turn|54\n|\n|t:|1700172378\n|move|p1a: Alomomola|Wish|p1a: Alomomola\n|move|p2a: Alomomola|Toxic|p1a: Alomomola\n|-fail|p1a: Alomomola|tox\n|\n|-damage|p1a: Alomomola|25\/100 tox|[from] psn\n|upkeep\n|turn|55\n|\n|t:|1700172382\n|switch|p1a: Tapu Bulu|Tapu Bulu|8\/100\n|-fieldstart|move: Grassy Terrain|[from] ability: Grassy Surge|[of] p1a: Tapu Bulu\n|move|p2a: Alomomola|Toxic|p1a: Tapu Bulu\n|-status|p1a: Tapu Bulu|tox\n|\n|-heal|p1a: Tapu Bulu|86\/100 tox|[from] move: Wish|[wisher] Alomomola\n|-heal|p1a: Tapu Bulu|92\/100 tox|[from] Grassy Terrain\n|-heal|p2a: Alomomola|99\/100|[from] Grassy Terrain\n|-damage|p1a: Tapu Bulu|86\/100 tox|[from] psn\n|upkeep\n|turn|56\n|\n|t:|1700172397\n|move|p2a: Alomomola|Protect|p2a: Alomomola\n|-singleturn|p2a: Alomomola|Protect\n|move|p1a: Tapu Bulu|High Horsepower|p2a: Alomomola\n|-activate|p2a: Alomomola|move: Protect\n|\n|-heal|p1a: Tapu Bulu|92\/100 tox|[from] Grassy Terrain\n|-heal|p2a: Alomomola|100\/100|[from] Grassy Terrain\n|-damage|p1a: Tapu Bulu|80\/100 tox|[from] psn\n|upkeep\n|turn|57\n|\n|t:|1700172402\n|move|p1a: Tapu Bulu|Horn Leech|p2a: Alomomola\n|-supereffective|p2a: Alomomola\n|-damage|p2a: Alomomola|36\/100\n|-heal|p1a: Tapu Bulu|100\/100 tox|[from] drain|[of] p2a: Alomomola\n|move|p2a: Alomomola|Wish|p2a: Alomomola\n|\n|-heal|p2a: Alomomola|43\/100|[from] Grassy Terrain\n|-damage|p1a: Tapu Bulu|82\/100 tox|[from] psn\n|upkeep\n|turn|58\n|\n|t:|1700172414\n|switch|p1a: Alomomola|Alomomola, F|58\/100 tox\n|move|p2a: Alomomola|Protect||[still]\n|-fail|p2a: Alomomola\n|\n|-heal|p2a: Alomomola|93\/100|[from] move: Wish|[wisher] Alomomola\n|-heal|p1a: Alomomola|65\/100 tox|[from] Grassy Terrain\n|-heal|p2a: Alomomola|99\/100|[from] Grassy Terrain\n|-damage|p1a: Alomomola|58\/100 tox|[from] psn\n|upkeep\n|turn|59\n|\n|t:|1700172420\n|switch|p1a: Tapu Bulu|Tapu Bulu|82\/100 tox\n|switch|p2a: Aegislash|Aegislash, F|58\/100\n|\n|-heal|p1a: Tapu Bulu|88\/100 tox|[from] Grassy Terrain\n|-heal|p2a: Aegislash|64\/100|[from] Grassy Terrain\n|-heal|p2a: Aegislash|70\/100|[from] item: Leftovers\n|-damage|p1a: Tapu Bulu|82\/100 tox|[from] psn\n|-fieldend|move: Grassy Terrain\n|upkeep\n|turn|60\n|\n|t:|1700172425\n|move|p2a: Aegislash|King's Shield|p2a: Aegislash\n|-singleturn|p2a: Aegislash|Protect\n|move|p1a: Tapu Bulu|High Horsepower|p2a: Aegislash\n|-activate|p2a: Aegislash|move: Protect\n|-unboost|p1a: Tapu Bulu|atk|1\n|\n|-heal|p2a: Aegislash|77\/100|[from] item: Leftovers\n|-damage|p1a: Tapu Bulu|70\/100 tox|[from] psn\n|upkeep\n|turn|61\n|\n|t:|1700172434\n|switch|p1a: Alomomola|Alomomola, F|92\/100 tox\n|-formechange|p2a: Aegislash|Aegislash-Blade||[from] ability: Stance Change\n|move|p2a: Aegislash|Iron Head|p1a: Alomomola\n|-resisted|p1a: Alomomola\n|-damage|p1a: Alomomola|82\/100 tox\n|-damage|p2a: Aegislash|60\/100|[from] item: Rocky Helmet|[of] p1a: Alomomola\n|\n|-heal|p2a: Aegislash|66\/100|[from] item: Leftovers\n|-damage|p1a: Alomomola|76\/100 tox|[from] psn\n|upkeep\n|turn|62\n|\n|t:|1700172441\n|move|p1a: Alomomola|Knock Off|p2a: Aegislash\n|-supereffective|p2a: Aegislash\n|-damage|p2a: Aegislash|6\/100\n|-enditem|p2a: Aegislash|Leftovers|[from] move: Knock Off|[of] p1a: Alomomola\n|move|p2a: Aegislash|Shadow Ball|p1a: Alomomola\n|-damage|p1a: Alomomola|31\/100 tox\n|-unboost|p1a: Alomomola|spd|1\n|\n|-damage|p1a: Alomomola|19\/100 tox|[from] psn\n|upkeep\n|turn|63\n|\n|t:|1700172451\n|move|p1a: Alomomola|Wish|p1a: Alomomola\n|move|p2a: Aegislash|Shadow Ball|p1a: Alomomola\n|-damage|p1a: Alomomola|0 fnt\n|faint|p1a: Alomomola\n|\n|upkeep\n|\n|t:|1700172454\n|switch|p1a: Tapu Bulu|Tapu Bulu|70\/100 tox\n|-fieldstart|move: Grassy Terrain|[from] ability: Grassy Surge|[of] p1a: Tapu Bulu\n|turn|64\n|\n|t:|1700172460\n|-formechange|p2a: Aegislash|Aegislash||[from] ability: Stance Change\n|move|p2a: Aegislash|King's Shield|p2a: Aegislash\n|-singleturn|p2a: Aegislash|Protect\n|move|p1a: Tapu Bulu|High Horsepower|p2a: Aegislash\n|-activate|p2a: Aegislash|move: Protect\n|-unboost|p1a: Tapu Bulu|atk|1\n|\n|-heal|p1a: Tapu Bulu|100\/100 tox|[from] move: Wish|[wisher] Alomomola\n|-heal|p2a: Aegislash|12\/100|[from] Grassy Terrain\n|-damage|p1a: Tapu Bulu|94\/100 tox|[from] psn\n|upkeep\n|turn|65\n|\n|t:|1700172466\n|switch|p2a: Alomomola|Alomomola, F, shiny|100\/100\n|move|p1a: Tapu Bulu|Wood Hammer|p2a: Alomomola\n|-supereffective|p2a: Alomomola\n|-damage|p2a: Alomomola|34\/100\n|-damage|p1a: Tapu Bulu|60\/100 tox|[from] Recoil\n|\n|-heal|p1a: Tapu Bulu|66\/100 tox|[from] Grassy Terrain\n|-heal|p2a: Alomomola|40\/100|[from] Grassy Terrain\n|-damage|p1a: Tapu Bulu|54\/100 tox|[from] psn\n|upkeep\n|turn|66\n|\n|t:|1700172470\n|move|p2a: Alomomola|Protect|p2a: Alomomola\n|-singleturn|p2a: Alomomola|Protect\n|move|p1a: Tapu Bulu|Horn Leech|p2a: Alomomola\n|-activate|p2a: Alomomola|move: Protect\n|\n|-heal|p1a: Tapu Bulu|60\/100 tox|[from] Grassy Terrain\n|-heal|p2a: Alomomola|47\/100|[from] Grassy Terrain\n|-damage|p1a: Tapu Bulu|42\/100 tox|[from] psn\n|upkeep\n|turn|67\n|\n|t:|1700172482\n|switch|p2a: Aegislash|Aegislash, F|12\/100\n|move|p1a: Tapu Bulu|Wood Hammer|p2a: Aegislash\n|-resisted|p2a: Aegislash\n|-damage|p2a: Aegislash|0 fnt\n|faint|p2a: Aegislash\n|-damage|p1a: Tapu Bulu|38\/100 tox|[from] Recoil\n|\n|-heal|p1a: Tapu Bulu|45\/100 tox|[from] Grassy Terrain\n|-damage|p1a: Tapu Bulu|20\/100 tox|[from] psn\n|upkeep\n|\n|t:|1700172485\n|switch|p2a: Alomomola|Alomomola, F, shiny|80\/100\n|turn|68\n|\n|t:|1700172488\n|move|p2a: Alomomola|Protect|p2a: Alomomola\n|-singleturn|p2a: Alomomola|Protect\n|move|p1a: Tapu Bulu|Wood Hammer|p2a: Alomomola\n|-activate|p2a: Alomomola|move: Protect\n|\n|-heal|p1a: Tapu Bulu|26\/100 tox|[from] Grassy Terrain\n|-heal|p2a: Alomomola|86\/100|[from] Grassy Terrain\n|-damage|p1a: Tapu Bulu|0 fnt|[from] psn\n|faint|p1a: Tapu Bulu\n|\n|win|hadicano0\n|upkeep\n|raw|cookiesinmilk's rating: 1371 &rarr; <strong>1356<\/strong><br \/>(-15 for losing)\n|raw|hadicano0's rating: 1455 &rarr; <strong>1470<\/strong><br \/>(+15 for winning)\n|l|\u2606cookiesinmilk\n","uploadtime":1700172502,"views":5,"p1id":"cookiesinmilk","p2id":"hadicano0","formatid":"gen9nationaldex","rating":1356,"private":0,"password":""}