{"id":"gen9nationaldex-1993390973","p1":"xiaoheizi114514","p2":"mew2629","format":"[Gen 9] National Dex","log":"|j|\u2606xiaoheizi114514\n|j|\u2606mew2629\n|t:|1700311121\n|gametype|singles\n|player|p1|xiaoheizi114514|cyclist|\n|player|p2|mew2629|170|\n|teamsize|p1|6\n|teamsize|p2|6\n|gen|9\n|tier|[Gen 9] National Dex\n|rule|HP Percentage Mod: HP is shown in percentages\n|rule|Endless Battle Clause: Forcing endless battles is banned\n|rule|OHKO Clause: OHKO moves are banned\n|rule|Evasion Clause: Evasion abilities, items, and moves are banned\n|rule|Evasion Abilities Clause: Evasion abilities are banned\n|rule|Evasion Items Clause: Evasion items are banned\n|rule|Evasion Moves Clause: Evasion moves are banned\n|rule|Species Clause: Limit one of each Pok\u00e9mon\n|rule|Sleep Clause Mod: Limit one foe put to sleep\n|clearpoke\n|poke|p1|Alomomola, F|\n|poke|p1|Slowking-Galar, M|\n|poke|p1|Ting-Lu|\n|poke|p1|Ursaluna, M|\n|poke|p1|Tapu Koko|\n|poke|p1|Scizor, F|\n|poke|p2|Zamazenta-*|\n|poke|p2|Celesteela|\n|poke|p2|Venusaur, F|\n|poke|p2|Alomomola, F|\n|poke|p2|Ursaluna, F|\n|poke|p2|Skeledirge, F|\n|teampreview\n|\n|t:|1700311135\n|start\n|switch|p1a: Tapu Koko|Tapu Koko|100\/100\n|switch|p2a: Celesteela|Celesteela|100\/100\n|-fieldstart|move: Electric Terrain|[from] ability: Electric Surge|[of] p1a: Tapu Koko\n|turn|1\n|\n|t:|1700311140\n|switch|p2a: Ursaluna|Ursaluna, F|100\/100\n|move|p1a: Tapu Koko|U-turn|p2a: Ursaluna\n|-damage|p2a: Ursaluna|85\/100\n|-damage|p1a: Tapu Koko|91\/100|[from] item: Life Orb\n|\n|t:|1700311143\n|switch|p1a: Ursaluna|Ursaluna, M|100\/100|[from] U-turn\n|\n|-status|p1a: Ursaluna|brn|[from] item: Flame Orb\n|-status|p2a: Ursaluna|brn|[from] item: Flame Orb\n|upkeep\n|turn|2\n|\n|t:|1700311152\n|switch|p2a: Skeledirge|Skeledirge, F|100\/100\n|move|p1a: Ursaluna|Facade|p2a: Skeledirge\n|-immune|p2a: Skeledirge\n|\n|-damage|p1a: Ursaluna|94\/100 brn|[from] brn\n|upkeep\n|turn|3\n|\n|t:|1700311164\n|switch|p2a: Celesteela|Celesteela|100\/100\n|move|p1a: Ursaluna|Swords Dance|p1a: Ursaluna\n|-boost|p1a: Ursaluna|atk|2\n|\n|-damage|p1a: Ursaluna|88\/100 brn|[from] brn\n|upkeep\n|turn|4\n|\n|t:|1700311176\n|move|p1a: Ursaluna|Fire Punch|p2a: Celesteela\n|-supereffective|p2a: Celesteela\n|-damage|p2a: Celesteela|0 fnt\n|faint|p2a: Celesteela\n|\n|-damage|p1a: Ursaluna|82\/100 brn|[from] brn\n|upkeep\n|\n|t:|1700311180\n|switch|p2a: Skeledirge|Skeledirge, F|100\/100\n|turn|5\n|\n|t:|1700311184\n|move|p1a: Ursaluna|Headlong Rush|p2a: Skeledirge\n|-supereffective|p2a: Skeledirge\n|-damage|p2a: Skeledirge|0 fnt\n|-unboost|p1a: Ursaluna|def|1\n|-unboost|p1a: Ursaluna|spd|1\n|faint|p2a: Skeledirge\n|\n|-damage|p1a: Ursaluna|76\/100 brn|[from] brn\n|-fieldend|move: Electric Terrain\n|upkeep\n|c|\u2606mew2629|\u7206\u70b8\u4e86\n|\n|t:|1700311202\n|switch|p2a: Zamazenta|Zamazenta|100\/100\n|-ability|p2a: Zamazenta|Dauntless Shield|boost\n|-boost|p2a: Zamazenta|def|1\n|turn|6\n|c|\u2606xiaoheizi114514|\u8fd8\u6ca1\n|\n|t:|1700311209\n|switch|p1a: Slowking|Slowking-Galar, M|100\/100\n|move|p2a: Zamazenta|Iron Defense|p2a: Zamazenta\n|-boost|p2a: Zamazenta|def|2\n|\n|upkeep\n|turn|7\n|\n|t:|1700311218\n|move|p2a: Zamazenta|Substitute|p2a: Zamazenta\n|-start|p2a: Zamazenta|Substitute\n|-damage|p2a: Zamazenta|75\/100\n|move|p1a: Slowking|Thunder Wave||[still]\n|-fail|p1a: Slowking\n|\n|-heal|p2a: Zamazenta|82\/100|[from] item: Leftovers\n|upkeep\n|turn|8\n|\n|t:|1700311222\n|move|p2a: Zamazenta|Iron Defense|p2a: Zamazenta\n|-boost|p2a: Zamazenta|def|2\n|move|p1a: Slowking|Sludge Bomb|p2a: Zamazenta\n|-crit|p2a: Zamazenta\n|-end|p2a: Zamazenta|Substitute\n|\n|-heal|p2a: Zamazenta|88\/100|[from] item: Leftovers\n|upkeep\n|turn|9\n|\n|t:|1700311226\n|move|p2a: Zamazenta|Substitute|p2a: Zamazenta\n|-start|p2a: Zamazenta|Substitute\n|-damage|p2a: Zamazenta|63\/100\n|move|p1a: Slowking|Sludge Bomb|p2a: Zamazenta\n|-end|p2a: Zamazenta|Substitute\n|\n|-heal|p2a: Zamazenta|69\/100|[from] item: Leftovers\n|upkeep\n|turn|10\n|\n|t:|1700311230\n|-terastallize|p2a: Zamazenta|Steel\n|move|p2a: Zamazenta|Heavy Slam|p1a: Slowking\n|-damage|p1a: Slowking|74\/100\n|move|p1a: Slowking|Sludge Bomb|p2a: Zamazenta\n|-immune|p2a: Zamazenta\n|\n|-heal|p2a: Zamazenta|75\/100|[from] item: Leftovers\n|upkeep\n|turn|11\n|\n|t:|1700311238\n|move|p2a: Zamazenta|Substitute|p2a: Zamazenta\n|-start|p2a: Zamazenta|Substitute\n|-damage|p2a: Zamazenta|50\/100\n|move|p1a: Slowking|Future Sight|p2a: Zamazenta\n|-start|p1a: Slowking|move: Future Sight\n|\n|-heal|p2a: Zamazenta|56\/100|[from] item: Leftovers\n|upkeep\n|turn|12\n|\n|t:|1700311242\n|move|p2a: Zamazenta|Body Press|p1a: Slowking\n|-resisted|p1a: Slowking\n|-damage|p1a: Slowking|45\/100\n|move|p1a: Slowking|Chilly Reception|p1a: Slowking\n|-weather|Snow\n|\n|t:|1700311246\n|switch|p1a: Alomomola|Alomomola, F|100\/100|[from] Chilly Reception\n|\n|-weather|Snow|[upkeep]\n|-heal|p2a: Zamazenta|63\/100|[from] item: Leftovers\n|upkeep\n|turn|13\n|\n|t:|1700311252\n|switch|p1a: Slowking|Slowking-Galar, M|78\/100\n|move|p2a: Zamazenta|Iron Defense|p2a: Zamazenta\n|-boost|p2a: Zamazenta|def|1\n|\n|-weather|Snow|[upkeep]\n|-end|p2a: Zamazenta|move: Future Sight\n|-resisted|p2a: Zamazenta\n|-activate|p2a: Zamazenta|move: Substitute|[damage]\n|-heal|p2a: Zamazenta|69\/100|[from] item: Leftovers\n|upkeep\n|turn|14\n|\n|t:|1700311256\n|move|p2a: Zamazenta|Body Press|p1a: Slowking\n|-resisted|p1a: Slowking\n|-damage|p1a: Slowking|47\/100\n|move|p1a: Slowking|Future Sight|p2a: Zamazenta\n|-start|p1a: Slowking|move: Future Sight\n|\n|-weather|Snow|[upkeep]\n|-heal|p2a: Zamazenta|75\/100|[from] item: Leftovers\n|upkeep\n|turn|15\n|\n|t:|1700311260\n|move|p2a: Zamazenta|Body Press|p1a: Slowking\n|-resisted|p1a: Slowking\n|-damage|p1a: Slowking|15\/100\n|move|p1a: Slowking|Chilly Reception|p1a: Slowking\n|\n|t:|1700311262\n|switch|p1a: Alomomola|Alomomola, F|100\/100|[from] Chilly Reception\n|\n|-weather|Snow|[upkeep]\n|-heal|p2a: Zamazenta|81\/100|[from] item: Leftovers\n|upkeep\n|turn|16\n|\n|t:|1700311265\n|move|p2a: Zamazenta|Body Press|p1a: Alomomola\n|-damage|p1a: Alomomola|31\/100\n|move|p1a: Alomomola|Flip Turn|p2a: Zamazenta\n|-activate|p2a: Zamazenta|move: Substitute|[damage]\n|\n|t:|1700311269\n|switch|p1a: Slowking|Slowking-Galar, M|49\/100|[from] Flip Turn\n|\n|-weather|none\n|-end|p2a: Zamazenta|move: Future Sight\n|-resisted|p2a: Zamazenta\n|-crit|p2a: Zamazenta\n|-end|p2a: Zamazenta|Substitute\n|-heal|p2a: Zamazenta|87\/100|[from] item: Leftovers\n|upkeep\n|turn|17\n|\n|t:|1700311273\n|move|p2a: Zamazenta|Substitute|p2a: Zamazenta\n|-start|p2a: Zamazenta|Substitute\n|-damage|p2a: Zamazenta|62\/100\n|move|p1a: Slowking|Chilly Reception|p1a: Slowking\n|-weather|Snow\n|\n|t:|1700311277\n|switch|p1a: Alomomola|Alomomola, F|64\/100|[from] Chilly Reception\n|\n|-weather|Snow|[upkeep]\n|-heal|p2a: Zamazenta|69\/100|[from] item: Leftovers\n|upkeep\n|turn|18\n|\n|t:|1700311279\n|-terastallize|p1a: Alomomola|Ghost\n|move|p2a: Zamazenta|Body Press|p1a: Alomomola\n|-immune|p1a: Alomomola\n|move|p1a: Alomomola|Wish|p1a: Alomomola\n|\n|-weather|Snow|[upkeep]\n|-heal|p2a: Zamazenta|75\/100|[from] item: Leftovers\n|upkeep\n|turn|19\n|\n|t:|1700311283\n|move|p2a: Zamazenta|Heavy Slam|p1a: Alomomola\n|-damage|p1a: Alomomola|39\/100\n|move|p1a: Alomomola|Flip Turn|p2a: Zamazenta\n|-activate|p2a: Zamazenta|move: Substitute|[damage]\n|\n|t:|1700311285\n|switch|p1a: Ursaluna|Ursaluna, M|76\/100 brn|[from] Flip Turn\n|\n|-weather|Snow|[upkeep]\n|-heal|p1a: Ursaluna|100\/100 brn|[from] move: Wish|[wisher] Alomomola\n|-heal|p2a: Zamazenta|81\/100|[from] item: Leftovers\n|-damage|p1a: Ursaluna|94\/100 brn|[from] brn\n|upkeep\n|turn|20\n|j| Aya Hina\n|\n|t:|1700311290\n|switch|p1a: Alomomola|Alomomola, F, tera:Ghost|72\/100\n|move|p2a: Zamazenta|Heavy Slam|p1a: Alomomola\n|-damage|p1a: Alomomola|47\/100\n|\n|-weather|Snow|[upkeep]\n|-heal|p2a: Zamazenta|87\/100|[from] item: Leftovers\n|upkeep\n|turn|21\n|\n|t:|1700311293\n|move|p2a: Zamazenta|Heavy Slam|p1a: Alomomola\n|-damage|p1a: Alomomola|21\/100\n|move|p1a: Alomomola|Wish|p1a: Alomomola\n|\n|-weather|none\n|-heal|p2a: Zamazenta|93\/100|[from] item: Leftovers\n|upkeep\n|turn|22\n|\n|t:|1700311298\n|move|p1a: Alomomola|Protect|p1a: Alomomola\n|-singleturn|p1a: Alomomola|Protect\n|move|p2a: Zamazenta|Body Press|p1a: Alomomola\n|-activate|p1a: Alomomola|move: Protect\n|\n|-heal|p1a: Alomomola|71\/100|[from] move: Wish|[wisher] Alomomola\n|-heal|p2a: Zamazenta|99\/100|[from] item: Leftovers\n|upkeep\n|turn|23\n|\n|t:|1700311302\n|switch|p2a: Ursaluna|Ursaluna, F|85\/100 brn\n|move|p1a: Alomomola|Wish|p1a: Alomomola\n|\n|-damage|p2a: Ursaluna|79\/100 brn|[from] brn\n|upkeep\n|turn|24\n|\n|t:|1700311306\n|move|p1a: Alomomola|Flip Turn|p2a: Ursaluna\n|-supereffective|p2a: Ursaluna\n|-damage|p2a: Ursaluna|57\/100 brn\n|\n|t:|1700311308\n|switch|p1a: Scizor|Scizor, F|100\/100|[from] Flip Turn\n|move|p2a: Ursaluna|Close Combat|p1a: Scizor\n|-damage|p1a: Scizor|46\/100\n|-unboost|p2a: Ursaluna|def|1\n|-unboost|p2a: Ursaluna|spd|1\n|\n|-heal|p1a: Scizor|100\/100|[from] move: Wish|[wisher] Alomomola\n|-damage|p2a: Ursaluna|51\/100 brn|[from] brn\n|upkeep\n|turn|25\n|\n|t:|1700311314\n|switch|p2a: Alomomola|Alomomola, F|100\/100\n|detailschange|p1a: Scizor|Scizor-Mega, F\n|-mega|p1a: Scizor|Scizor|Scizorite\n|move|p1a: Scizor|U-turn|p2a: Alomomola\n|-damage|p2a: Alomomola|81\/100\n|-damage|p1a: Scizor|84\/100|[from] item: Rocky Helmet|[of] p2a: Alomomola\n|\n|t:|1700311317\n|switch|p1a: Tapu Koko|Tapu Koko|91\/100|[from] U-turn\n|-fieldstart|move: Electric Terrain|[from] ability: Electric Surge|[of] p1a: Tapu Koko\n|\n|upkeep\n|turn|26\n|\n|t:|1700311323\n|move|p1a: Tapu Koko|Volt Switch|p2a: Alomomola\n|-supereffective|p2a: Alomomola\n|-damage|p2a: Alomomola|0 fnt\n|faint|p2a: Alomomola\n|-damage|p1a: Tapu Koko|81\/100|[from] item: Life Orb\n|c|\u2606mew2629|\u53cc\u53cd\n|\n|t:|1700311336\n|switch|p1a: Slowking|Slowking-Galar, M|82\/100|[from] Volt Switch\n|\n|upkeep\n|\n|t:|1700311340\n|switch|p2a: Ursaluna|Ursaluna, F|51\/100 brn\n|turn|27\n|\n|t:|1700311344\n|switch|p1a: Alomomola|Alomomola, F, tera:Ghost|100\/100\n|move|p2a: Ursaluna|Headlong Rush|p1a: Alomomola\n|-damage|p1a: Alomomola|39\/100\n|-unboost|p2a: Ursaluna|def|1\n|-unboost|p2a: Ursaluna|spd|1\n|\n|-damage|p2a: Ursaluna|45\/100 brn|[from] brn\n|upkeep\n|turn|28\n|\n|t:|1700311349\n|move|p1a: Alomomola|Flip Turn|p2a: Ursaluna\n|-supereffective|p2a: Ursaluna\n|-damage|p2a: Ursaluna|15\/100 brn\n|\n|t:|1700311351\n|switch|p1a: Scizor|Scizor-Mega, F|84\/100|[from] Flip Turn\n|move|p2a: Ursaluna|Headlong Rush|p1a: Scizor\n|-damage|p1a: Scizor|19\/100\n|-unboost|p2a: Ursaluna|def|1\n|-unboost|p2a: Ursaluna|spd|1\n|\n|-damage|p2a: Ursaluna|9\/100 brn|[from] brn\n|upkeep\n|turn|29\n|\n|t:|1700311360\n|switch|p2a: Venusaur|Venusaur, F|100\/100\n|move|p1a: Scizor|U-turn|p2a: Venusaur\n|-damage|p2a: Venusaur|72\/100\n|\n|t:|1700311364\n|switch|p1a: Ting-Lu|Ting-Lu|100\/100|[from] U-turn\n|-ability|p1a: Ting-Lu|Vessel of Ruin\n|\n|-fieldend|move: Electric Terrain\n|upkeep\n|turn|30\n|\n|t:|1700311367\n|detailschange|p2a: Venusaur|Venusaur-Mega, F\n|-mega|p2a: Venusaur|Venusaur|Venusaurite\n|move|p2a: Venusaur|Sleep Powder|p1a: Ting-Lu\n|-status|p1a: Ting-Lu|slp|[from] move: Sleep Powder\n|cant|p1a: Ting-Lu|slp\n|\n|upkeep\n|turn|31\n|\n|t:|1700311377\n|move|p2a: Venusaur|Giga Drain|p1a: Ting-Lu\n|-supereffective|p1a: Ting-Lu\n|-damage|p1a: Ting-Lu|76\/100 slp\n|-heal|p2a: Venusaur|90\/100|[from] drain|[of] p1a: Ting-Lu\n|cant|p1a: Ting-Lu|slp\n|\n|-heal|p1a: Ting-Lu|82\/100 slp|[from] item: Leftovers\n|upkeep\n|turn|32\n|\n|t:|1700311380\n|move|p2a: Venusaur|Giga Drain|p1a: Ting-Lu\n|-supereffective|p1a: Ting-Lu\n|-damage|p1a: Ting-Lu|57\/100 slp\n|-heal|p2a: Venusaur|100\/100|[from] drain|[of] p1a: Ting-Lu\n|cant|p1a: Ting-Lu|slp\n|\n|-heal|p1a: Ting-Lu|63\/100 slp|[from] item: Leftovers\n|upkeep\n|turn|33\n|\n|t:|1700311383\n|move|p2a: Venusaur|Giga Drain|p1a: Ting-Lu\n|-supereffective|p1a: Ting-Lu\n|-damage|p1a: Ting-Lu|39\/100 slp\n|-curestatus|p1a: Ting-Lu|slp|[msg]\n|move|p1a: Ting-Lu|Spikes|p2a: Venusaur\n|-sidestart|p2: mew2629|Spikes\n|\n|-heal|p1a: Ting-Lu|46\/100|[from] item: Leftovers\n|upkeep\n|turn|34\n|\n|t:|1700311390\n|switch|p1a: Slowking|Slowking-Galar, M|100\/100\n|move|p2a: Venusaur|Sleep Powder|p1a: Slowking\n|-status|p1a: Slowking|slp|[from] move: Sleep Powder\n|\n|upkeep\n|turn|35\n|\n|t:|1700311396\n|switch|p2a: Ursaluna|Ursaluna, F|9\/100 brn\n|-damage|p2a: Ursaluna|0 fnt|[from] Spikes\n|faint|p2a: Ursaluna\n|cant|p1a: Slowking|slp\n|\n|upkeep\n|\n|t:|1700311397\n|switch|p2a: Zamazenta|Zamazenta, tera:Steel|99\/100\n|-damage|p2a: Zamazenta|87\/100|[from] Spikes\n|turn|36\n|\n|t:|1700311402\n|switch|p1a: Alomomola|Alomomola, F, tera:Ghost|73\/100\n|move|p2a: Zamazenta|Heavy Slam|p1a: Alomomola\n|-damage|p1a: Alomomola|49\/100\n|\n|-heal|p2a: Zamazenta|93\/100|[from] item: Leftovers\n|upkeep\n|turn|37\n|\n|t:|1700311406\n|move|p2a: Zamazenta|Heavy Slam|p1a: Alomomola\n|-damage|p1a: Alomomola|21\/100\n|move|p1a: Alomomola|Wish|p1a: Alomomola\n|\n|-heal|p2a: Zamazenta|99\/100|[from] item: Leftovers\n|upkeep\n|turn|38\n|\n|t:|1700311411\n|move|p1a: Alomomola|Protect|p1a: Alomomola\n|-singleturn|p1a: Alomomola|Protect\n|move|p2a: Zamazenta|Iron Defense|p2a: Zamazenta\n|-boost|p2a: Zamazenta|def|2\n|\n|-heal|p1a: Alomomola|71\/100|[from] move: Wish|[wisher] Alomomola\n|-heal|p2a: Zamazenta|100\/100|[from] item: Leftovers\n|upkeep\n|turn|39\n|\n|t:|1700311419\n|move|p2a: Zamazenta|Heavy Slam|p1a: Alomomola\n|-damage|p1a: Alomomola|45\/100\n|move|p1a: Alomomola|Wish|p1a: Alomomola\n|\n|upkeep\n|turn|40\n|\n|t:|1700311424\n|switch|p2a: Venusaur|Venusaur-Mega, F|100\/100\n|-damage|p2a: Venusaur|88\/100|[from] Spikes\n|move|p1a: Alomomola|Flip Turn|p2a: Venusaur\n|-resisted|p2a: Venusaur\n|-damage|p2a: Venusaur|84\/100\n|\n|t:|1700311428\n|switch|p1a: Scizor|Scizor-Mega, F|19\/100|[from] Flip Turn\n|\n|-heal|p1a: Scizor|97\/100|[from] move: Wish|[wisher] Alomomola\n|upkeep\n|turn|41\n|-message|mew2629 forfeited.\n|\n|win|xiaoheizi114514\n|l|\u2606mew2629\n|l| Aya Hina\n","uploadtime":1700311441,"views":6,"p1id":"xiaoheizi114514","p2id":"mew2629","formatid":"gen9nationaldex","rating":0,"private":0,"password":""}