{"id":"gen9nationaldex-1991647269","p1":"lemmybro87","p2":"MorthDaMooth","format":"[Gen 9] National Dex","log":"|j|\u2606lemmybro87\n|j|\u2606MorthDaMooth\n|t:|1700098114\n|gametype|singles\n|player|p1|lemmybro87|acerola|\n|player|p2|MorthDaMooth|170|\n|teamsize|p1|6\n|teamsize|p2|6\n|gen|9\n|tier|[Gen 9] National Dex\n|rule|HP Percentage Mod: HP is shown in percentages\n|rule|Endless Battle Clause: Forcing endless battles is banned\n|rule|OHKO Clause: OHKO moves are banned\n|rule|Evasion Clause: Evasion abilities, items, and moves are banned\n|rule|Evasion Abilities Clause: Evasion abilities are banned\n|rule|Evasion Items Clause: Evasion items are banned\n|rule|Evasion Moves Clause: Evasion moves are banned\n|rule|Species Clause: Limit one of each Pok\u00e9mon\n|rule|Sleep Clause Mod: Limit one foe put to sleep\n|clearpoke\n|poke|p1|Feraligatr, M|\n|poke|p1|Victini|\n|poke|p1|Rhyperior, M|\n|poke|p1|Tinkaton, F|\n|poke|p1|Serperior, M|\n|poke|p1|Metagross|\n|poke|p2|Serperior, M|\n|poke|p2|Noivern, M|\n|poke|p2|Tinkaton, F|\n|poke|p2|Slither Wing|\n|poke|p2|Milotic, F|\n|poke|p2|Clodsire, M|\n|teampreview\n|\n|t:|1700098123\n|start\n|switch|p1a: Miss Piggy|Tinkaton, F|100\/100\n|switch|p2a: The Lad!|Clodsire, M|100\/100\n|-ability|p1a: Miss Piggy|Mold Breaker\n|turn|1\n|\n|t:|1700098130\n|move|p1a: Miss Piggy|Stealth Rock|p2a: The Lad!\n|-sidestart|p2: MorthDaMooth|move: Stealth Rock\n|move|p2a: The Lad!|Stealth Rock|p1a: Miss Piggy\n|-sidestart|p1: lemmybro87|move: Stealth Rock\n|\n|upkeep\n|turn|2\n|\n|t:|1700098135\n|switch|p2a: Floof Mooth|Slither Wing|100\/100\n|move|p1a: Miss Piggy|Gigaton Hammer|p2a: Floof Mooth\n|-damage|p2a: Floof Mooth|24\/100\n|\n|upkeep\n|turn|3\n|\n|t:|1700098141\n|move|p1a: Miss Piggy|Knock Off|p2a: Floof Mooth\n|-resisted|p2a: Floof Mooth\n|-damage|p2a: Floof Mooth|7\/100\n|-enditem|p2a: Floof Mooth|Heavy-Duty Boots|[from] move: Knock Off|[of] p1a: Miss Piggy\n|move|p2a: Floof Mooth|Will-O-Wisp|p1a: Miss Piggy\n|-status|p1a: Miss Piggy|brn\n|\n|-damage|p1a: Miss Piggy|94\/100 brn|[from] brn\n|upkeep\n|turn|4\n|\n|t:|1700098149\n|move|p1a: Miss Piggy|Encore|p2a: Floof Mooth\n|-start|p2a: Floof Mooth|Encore\n|move|p2a: Floof Mooth|Will-O-Wisp|p1a: Miss Piggy\n|-fail|p1a: Miss Piggy|brn\n|\n|-damage|p1a: Miss Piggy|88\/100 brn|[from] brn\n|upkeep\n|turn|5\n|\n|t:|1700098158\n|switch|p1a: ka|Serperior, M, shiny|100\/100\n|-damage|p1a: ka|88\/100|[from] Stealth Rock\n|-end|p2a: Floof Mooth|Protosynthesis|[silent]\n|switch|p2a: The Lad!|Clodsire, M|100\/100\n|-damage|p2a: The Lad!|94\/100|[from] Stealth Rock\n|\n|-heal|p1a: ka|94\/100|[from] item: Leftovers\n|upkeep\n|turn|6\n|\n|t:|1700098169\n|move|p1a: ka|Defog|p2a: The Lad!\n|-unboost|p2a: The Lad!|evasion|1\n|-sideend|p2: MorthDaMooth|Stealth Rock|[from] move: Defog|[of] p1a: ka\n|-sideend|p1: lemmybro87|Stealth Rock|[from] move: Defog|[of] p1a: ka\n|move|p2a: The Lad!|Toxic|p1a: ka\n|-status|p1a: ka|tox\n|\n|-heal|p1a: ka|100\/100 tox|[from] item: Leftovers\n|-damage|p1a: ka|94\/100 tox|[from] psn\n|upkeep\n|turn|7\n|\n|t:|1700098178\n|move|p1a: ka|Glare|p2a: The Lad!\n|-status|p2a: The Lad!|par\n|move|p2a: The Lad!|Stealth Rock|p1a: ka\n|-sidestart|p1: lemmybro87|move: Stealth Rock\n|\n|-heal|p1a: ka|100\/100 tox|[from] item: Leftovers\n|-damage|p1a: ka|88\/100 tox|[from] psn\n|upkeep\n|turn|8\n|\n|t:|1700098186\n|switch|p2a: Floof Mooth|Slither Wing|7\/100\n|move|p1a: ka|Leaf Storm|p2a: Floof Mooth\n|-resisted|p2a: Floof Mooth\n|-damage|p2a: Floof Mooth|0 fnt\n|-boost|p1a: ka|spa|2\n|faint|p2a: Floof Mooth\n|-end|p2a: Floof Mooth|Protosynthesis|[silent]\n|\n|-heal|p1a: ka|94\/100 tox|[from] item: Leftovers\n|-damage|p1a: ka|76\/100 tox|[from] psn\n|upkeep\n|\n|t:|1700098197\n|switch|p2a: Reverb|Noivern, M, shiny|100\/100\n|turn|9\n|\n|t:|1700098204\n|move|p2a: Reverb|Flamethrower|p1a: ka\n|-supereffective|p1a: ka\n|-damage|p1a: ka|14\/100 tox\n|move|p1a: ka|Defog|p2a: Reverb\n|-unboost|p2a: Reverb|evasion|1\n|-sideend|p1: lemmybro87|Stealth Rock|[from] move: Defog|[of] p1a: ka\n|\n|-heal|p1a: ka|20\/100 tox|[from] item: Leftovers\n|-damage|p1a: ka|0 fnt|[from] psn\n|faint|p1a: ka\n|upkeep\n|\n|t:|1700098210\n|switch|p1a: Bismark|Rhyperior, M|100\/100\n|turn|10\n|\n|t:|1700098217\n|switch|p2a: The Lad!|Clodsire, M|94\/100 par\n|move|p1a: Bismark|Smack Down|p2a: The Lad!\n|-resisted|p2a: The Lad!\n|-damage|p2a: The Lad!|77\/100 par\n|\n|upkeep\n|turn|11\n|\n|t:|1700098225\n|move|p1a: Bismark|Earthquake|p2a: The Lad!\n|-supereffective|p2a: The Lad!\n|-damage|p2a: The Lad!|0 fnt\n|faint|p2a: The Lad!\n|\n|upkeep\n|\n|t:|1700098229\n|switch|p2a: Marvel|Milotic, F|100\/100\n|turn|12\n|\n|t:|1700098236\n|move|p2a: Marvel|Hydro Pump|p1a: Bismark\n|-supereffective|p1a: Bismark\n|-damage|p1a: Bismark|0 fnt\n|faint|p1a: Bismark\n|\n|upkeep\n|\n|t:|1700098243\n|switch|p1a: Saber|Feraligatr, M|100\/100\n|turn|13\n|\n|t:|1700098252\n|-terastallize|p1a: Saber|Ground\n|move|p1a: Saber|Dragon Dance|p1a: Saber\n|-boost|p1a: Saber|atk|1\n|-boost|p1a: Saber|spe|1\n|move|p2a: Marvel|Ice Beam|p1a: Saber\n|-supereffective|p1a: Saber\n|-damage|p1a: Saber|27\/100\n|\n|upkeep\n|turn|14\n|j| Stealth 25\n|\n|t:|1700098260\n|move|p1a: Saber|Crunch|p2a: Marvel\n|-damage|p2a: Marvel|29\/100\n|move|p2a: Marvel|Hydro Pump|p1a: Saber\n|-supereffective|p1a: Saber\n|-damage|p1a: Saber|0 fnt\n|faint|p1a: Saber\n|\n|upkeep\n|\n|t:|1700098266\n|switch|p1a: Metagross|Metagross, shiny|100\/100\n|turn|15\n|\n|t:|1700098269\n|move|p1a: Metagross|Agility|p1a: Metagross\n|-boost|p1a: Metagross|spe|2\n|move|p2a: Marvel|Hydro Pump|p1a: Metagross\n|-damage|p1a: Metagross|39\/100\n|\n|-heal|p1a: Metagross|45\/100|[from] item: Leftovers\n|upkeep\n|turn|16\n|\n|t:|1700098278\n|move|p1a: Metagross|Earthquake|p2a: Marvel\n|-damage|p2a: Marvel|0 fnt\n|faint|p2a: Marvel\n|\n|-heal|p1a: Metagross|51\/100|[from] item: Leftovers\n|upkeep\n|\n|t:|1700098284\n|switch|p2a: Reverb|Noivern, M, shiny|100\/100\n|turn|17\n|\n|t:|1700098287\n|move|p1a: Metagross|Meteor Mash|p2a: Reverb\n|-damage|p2a: Reverb|29\/100\n|move|p2a: Reverb|Flamethrower|p1a: Metagross\n|-supereffective|p1a: Metagross\n|-damage|p1a: Metagross|0 fnt\n|faint|p1a: Metagross\n|\n|upkeep\n|\n|t:|1700098290\n|switch|p1a: Victory|Victini|100\/100\n|turn|18\n|\n|t:|1700098296\n|move|p2a: Reverb|Dark Pulse|p1a: Victory\n|-supereffective|p1a: Victory\n|-damage|p1a: Victory|51\/100\n|cant|p1a: Victory|flinch\n|\n|upkeep\n|turn|19\n|\n|t:|1700098303\n|move|p2a: Reverb|Dark Pulse|p1a: Victory\n|-supereffective|p1a: Victory\n|-damage|p1a: Victory|6\/100\n|cant|p1a: Victory|flinch\n|\n|upkeep\n|turn|20\n|\n|t:|1700098308\n|move|p2a: Reverb|Dark Pulse|p1a: Victory\n|-supereffective|p1a: Victory\n|-damage|p1a: Victory|0 fnt\n|faint|p1a: Victory\n|\n|upkeep\n|\n|t:|1700098316\n|switch|p1a: Miss Piggy|Tinkaton, F|88\/100 brn\n|-ability|p1a: Miss Piggy|Mold Breaker\n|turn|21\n|\n|t:|1700098321\n|move|p2a: Reverb|Flamethrower|p1a: Miss Piggy\n|-supereffective|p1a: Miss Piggy\n|-damage|p1a: Miss Piggy|32\/100 brn\n|move|p1a: Miss Piggy|Knock Off|p2a: Reverb\n|-damage|p2a: Reverb|13\/100\n|-enditem|p2a: Reverb|Dragon Fang|[from] move: Knock Off|[of] p1a: Miss Piggy\n|\n|-damage|p1a: Miss Piggy|26\/100 brn|[from] brn\n|upkeep\n|turn|22\n|\n|t:|1700098329\n|move|p2a: Reverb|Flamethrower|p1a: Miss Piggy\n|-supereffective|p1a: Miss Piggy\n|-damage|p1a: Miss Piggy|0 fnt\n|faint|p1a: Miss Piggy\n|\n|win|MorthDaMooth\n|l|\u2606lemmybro87\n","uploadtime":1700098374,"views":5,"p1id":"lemmybro87","p2id":"morthdamooth","formatid":"gen9nationaldex","rating":0,"private":0,"password":""}