{"id":"gen9nationaldex-1994143568","p1":"DBKGaming","p2":"TheFoxicOne","format":"[Gen 9] National Dex","log":"|j|\u2606DBKGaming\n|j|\u2606TheFoxicOne\n|t:|1700411981\n|gametype|singles\n|player|p1|DBKGaming|blackbelt|1098\n|player|p2|TheFoxicOne|psychic-gen4|1154\n|teamsize|p1|6\n|teamsize|p2|6\n|gen|9\n|tier|[Gen 9] National Dex\n|rated|\n|rule|HP Percentage Mod: HP is shown in percentages\n|rule|Endless Battle Clause: Forcing endless battles is banned\n|rule|OHKO Clause: OHKO moves are banned\n|rule|Evasion Clause: Evasion abilities, items, and moves are banned\n|rule|Evasion Abilities Clause: Evasion abilities are banned\n|rule|Evasion Items Clause: Evasion items are banned\n|rule|Evasion Moves Clause: Evasion moves are banned\n|rule|Species Clause: Limit one of each Pok\u00e9mon\n|rule|Sleep Clause Mod: Limit one foe put to sleep\n|clearpoke\n|poke|p1|Dondozo, M|\n|poke|p1|Chansey, F|\n|poke|p1|Cinderace, M|\n|poke|p1|Manectric, F|\n|poke|p1|Victini|\n|poke|p1|Tapu Lele|\n|poke|p2|Kommo-o, F|\n|poke|p2|Cinderace, F|\n|poke|p2|Noivern, F|\n|poke|p2|Scizor, F|\n|poke|p2|Furret, M|\n|poke|p2|Meowscarada, M|\n|teampreview\n|\n|t:|1700411987\n|start\n|switch|p1a: Manectric|Manectric, F|100\/100\n|switch|p2a: Cinderace|Cinderace, F|100\/100\n|turn|1\n|inactive|Battle timer is ON: inactive players will automatically lose when time's up. (requested by DBKGaming)\n|\n|t:|1700412004\n|detailschange|p1a: Manectric|Manectric-Mega, F\n|-mega|p1a: Manectric|Manectric|Manectite\n|-ability|p1a: Manectric|Intimidate|boost\n|-unboost|p2a: Cinderace|atk|1\n|move|p1a: Manectric|Protect|p1a: Manectric\n|-singleturn|p1a: Manectric|Protect\n|move|p2a: Cinderace|Pyro Ball|p1a: Manectric\n|-activate|p1a: Manectric|move: Protect\n|\n|upkeep\n|turn|2\n|\n|t:|1700412013\n|switch|p1a: Dondozo|Dondozo, M|100\/100\n|move|p2a: Cinderace|Pyro Ball|p1a: Dondozo|[miss]\n|-miss|p2a: Cinderace|p1a: Dondozo\n|\n|upkeep\n|turn|3\n|\n|t:|1700412025\n|switch|p2a: Scizor|Scizor, F|100\/100\n|move|p1a: Dondozo|Body Slam|p2a: Scizor\n|-resisted|p2a: Scizor\n|-damage|p2a: Scizor|91\/100\n|\n|upkeep\n|turn|4\n|\n|t:|1700412033\n|move|p2a: Scizor|Trailblaze|p1a: Dondozo\n|-supereffective|p1a: Dondozo\n|-damage|p1a: Dondozo|70\/100\n|-boost|p2a: Scizor|spe|1\n|-damage|p2a: Scizor|74\/100|[from] item: Rocky Helmet|[of] p1a: Dondozo\n|move|p1a: Dondozo|Wave Crash|p2a: Scizor\n|-damage|p2a: Scizor|34\/100\n|-damage|p1a: Dondozo|61\/100|[from] Recoil\n|\n|upkeep\n|turn|5\n|\n|t:|1700412050\n|move|p2a: Scizor|Dual Wingbeat|p1a: Dondozo\n|-damage|p1a: Dondozo|51\/100\n|-damage|p2a: Scizor|17\/100|[from] item: Rocky Helmet|[of] p1a: Dondozo\n|-crit|p1a: Dondozo\n|-damage|p1a: Dondozo|36\/100\n|-damage|p2a: Scizor|1\/100|[from] item: Rocky Helmet|[of] p1a: Dondozo\n|-hitcount|p1a: Dondozo|2\n|move|p1a: Dondozo|Wave Crash|p2a: Scizor\n|-damage|p2a: Scizor|0 fnt\n|faint|p2a: Scizor\n|-damage|p1a: Dondozo|36\/100|[from] Recoil\n|\n|upkeep\n|\n|t:|1700412066\n|switch|p2a: Noivern|Noivern, F|100\/100\n|turn|6\n|\n|t:|1700412072\n|switch|p1a: Chansey|Chansey, F|100\/100\n|move|p2a: Noivern|Dragon Pulse|p1a: Chansey\n|-damage|p1a: Chansey|86\/100\n|\n|upkeep\n|turn|7\n|\n|t:|1700412081\n|switch|p2a: Kommo-o|Kommo-o, F|100\/100\n|move|p1a: Chansey|Thunder Wave|p2a: Kommo-o\n|-status|p2a: Kommo-o|par\n|\n|upkeep\n|turn|8\n|\n|t:|1700412095\n|cant|p2a: Kommo-o|par\n|move|p1a: Chansey|Seismic Toss|p2a: Kommo-o\n|-damage|p2a: Kommo-o|66\/100 par\n|\n|upkeep\n|turn|9\n|\n|t:|1700412102\n|move|p2a: Kommo-o|Swords Dance|p2a: Kommo-o\n|-boost|p2a: Kommo-o|atk|2\n|move|p1a: Chansey|Seismic Toss|p2a: Kommo-o\n|-damage|p2a: Kommo-o|32\/100 par\n|\n|upkeep\n|turn|10\n|\n|t:|1700412108\n|switch|p1a: Dondozo|Dondozo, M|36\/100\n|move|p2a: Kommo-o|Drain Punch|p1a: Dondozo\n|-damage|p1a: Dondozo|24\/100\n|-heal|p2a: Kommo-o|42\/100 par|[from] drain|[of] p1a: Dondozo\n|-damage|p2a: Kommo-o|26\/100 par|[from] item: Rocky Helmet|[of] p1a: Dondozo\n|\n|upkeep\n|turn|11\n|\n|t:|1700412119\n|move|p2a: Kommo-o|Poison Jab|p1a: Dondozo\n|-damage|p1a: Dondozo|15\/100\n|-damage|p2a: Kommo-o|9\/100 par|[from] item: Rocky Helmet|[of] p1a: Dondozo\n|-enditem|p2a: Kommo-o|Salac Berry|[eat]\n|-boost|p2a: Kommo-o|spe|1|[from] item: Salac Berry\n|move|p1a: Dondozo|Rest|p1a: Dondozo\n|-status|p1a: Dondozo|slp|[from] move: Rest\n|-heal|p1a: Dondozo|100\/100 slp|[silent]\n|\n|upkeep\n|turn|12\n|\n|t:|1700412129\n|move|p2a: Kommo-o|Drain Punch|p1a: Dondozo\n|-damage|p1a: Dondozo|87\/100 slp\n|-heal|p2a: Kommo-o|21\/100 par|[from] drain|[of] p1a: Dondozo\n|-damage|p2a: Kommo-o|4\/100 par|[from] item: Rocky Helmet|[of] p1a: Dondozo\n|cant|p1a: Dondozo|slp\n|\n|upkeep\n|turn|13\n|\n|t:|1700412136\n|move|p2a: Kommo-o|Drain Punch|p1a: Dondozo\n|-damage|p1a: Dondozo|75\/100 slp\n|-heal|p2a: Kommo-o|15\/100 par|[from] drain|[of] p1a: Dondozo\n|-damage|p2a: Kommo-o|0 fnt|[from] item: Rocky Helmet|[of] p1a: Dondozo\n|faint|p2a: Kommo-o\n|cant|p1a: Dondozo|slp\n|\n|upkeep\n|\n|t:|1700412144\n|switch|p2a: Furret|Furret, M|100\/100\n|-item|p1a: Dondozo|Rocky Helmet|[from] ability: Frisk|[of] p2a: Furret|[identify]\n|turn|14\n|\n|t:|1700412150\n|move|p2a: Furret|Knock Off|p1a: Dondozo\n|-damage|p1a: Dondozo|64\/100 slp\n|-damage|p2a: Furret|84\/100|[from] item: Rocky Helmet|[of] p1a: Dondozo\n|-enditem|p1a: Dondozo|Rocky Helmet|[from] move: Knock Off|[of] p2a: Furret\n|-curestatus|p1a: Dondozo|slp|[msg]\n|move|p1a: Dondozo|Body Press|p2a: Furret\n|-supereffective|p2a: Furret\n|-damage|p2a: Furret|0 fnt\n|-damage|p1a: Dondozo|47\/100|[from] item: Rocky Helmet|[of] p2a: Furret\n|faint|p2a: Furret\n|\n|upkeep\n|\n|t:|1700412161\n|switch|p2a: Meowscarada|Meowscarada, M|100\/100\n|turn|15\n|\n|t:|1700412170\n|move|p2a: Meowscarada|Toxic Spikes|p1a: Dondozo\n|-start|p2a: Meowscarada|typechange|Poison|[from] ability: Protean\n|-sidestart|p1: DBKGaming|move: Toxic Spikes\n|move|p1a: Dondozo|Body Slam|p2a: Meowscarada\n|-damage|p2a: Meowscarada|72\/100\n|\n|upkeep\n|turn|16\n|\n|t:|1700412176\n|move|p2a: Meowscarada|Toxic Spikes|p1a: Dondozo\n|-sidestart|p1: DBKGaming|move: Toxic Spikes\n|move|p1a: Dondozo|Body Slam|p2a: Meowscarada\n|-damage|p2a: Meowscarada|42\/100\n|-status|p2a: Meowscarada|par\n|\n|upkeep\n|turn|17\n|\n|t:|1700412189\n|-terastallize|p2a: Meowscarada|Grass\n|move|p2a: Meowscarada|Flower Trick|p1a: Dondozo\n|-supereffective|p1a: Dondozo\n|-crit|p1a: Dondozo\n|-damage|p1a: Dondozo|0 fnt\n|faint|p1a: Dondozo\n|\n|upkeep\n|\n|t:|1700412195\n|switch|p1a: Manectric|Manectric-Mega, F|100\/100\n|-status|p1a: Manectric|tox\n|-ability|p1a: Manectric|Intimidate|boost\n|-unboost|p2a: Meowscarada|atk|1\n|turn|18\n|\n|t:|1700412203\n|move|p1a: Manectric|Overheat|p2a: Meowscarada\n|-supereffective|p2a: Meowscarada\n|-damage|p2a: Meowscarada|0 fnt\n|-unboost|p1a: Manectric|spa|2\n|faint|p2a: Meowscarada\n|\n|-damage|p1a: Manectric|94\/100 tox|[from] psn\n|upkeep\n|\n|t:|1700412214\n|switch|p2a: Noivern|Noivern, F|100\/100\n|turn|19\n|\n|t:|1700412220\n|move|p1a: Manectric|Protect|p1a: Manectric\n|-singleturn|p1a: Manectric|Protect\n|move|p2a: Noivern|Flamethrower|p1a: Manectric\n|-activate|p1a: Manectric|move: Protect\n|\n|-damage|p1a: Manectric|82\/100 tox|[from] psn\n|upkeep\n|turn|20\n|\n|t:|1700412227\n|switch|p2a: Cinderace|Cinderace, F|100\/100\n|move|p1a: Manectric|Volt Switch|p2a: Cinderace\n|-damage|p2a: Cinderace|73\/100\n|\n|t:|1700412233\n|switch|p1a: Victini|Victini|100\/100|[from] Volt Switch\n|-status|p1a: Victini|tox\n|\n|-damage|p1a: Victini|94\/100 tox|[from] psn\n|upkeep\n|turn|21\n|\n|t:|1700412259\n|move|p1a: Victini|Final Gambit|p2a: Cinderace\n|-damage|p2a: Cinderace|0 fnt\n|faint|p1a: Victini\n|faint|p2a: Cinderace\n|\n|upkeep\n|\n|t:|1700412265\n|switch|p2a: Noivern|Noivern, F|100\/100\n|switch|p1a: Tapu Lele|Tapu Lele|100\/100\n|-status|p1a: Tapu Lele|tox\n|-fieldstart|move: Psychic Terrain|[from] ability: Psychic Surge|[of] p1a: Tapu Lele\n|turn|22\n|\n|t:|1700412272\n|move|p2a: Noivern|Shadow Ball|p1a: Tapu Lele\n|-supereffective|p1a: Tapu Lele\n|-damage|p1a: Tapu Lele|26\/100 tox\n|move|p1a: Tapu Lele|Moonblast|p2a: Noivern\n|-supereffective|p2a: Noivern\n|-damage|p2a: Noivern|0 fnt\n|faint|p2a: Noivern\n|-damage|p1a: Tapu Lele|17\/100 tox|[from] item: Life Orb\n|\n|win|DBKGaming\n|raw|DBKGaming's rating: 1098 &rarr; <strong>1127<\/strong><br \/>(+29 for winning)\n|raw|TheFoxicOne's rating: 1154 &rarr; <strong>1125<\/strong><br \/>(-29 for losing)\n","uploadtime":1700412280,"views":15,"p1id":"dbkgaming","p2id":"thefoxicone","formatid":"gen9nationaldex","rating":1125,"private":0,"password":""}