{"id":"gen9nationaldex-1992278580","p1":"Youmama00002","p2":"Kerbecs Adiot","format":"[Gen 9] National Dex","log":"|j|\u2606Youmama00002\n|j|\u2606Kerbecs Adiot\n|t:|1700170289\n|gametype|singles\n|player|p1|Youmama00002|101|1004\n|player|p2|Kerbecs Adiot|grimsley|1087\n|teamsize|p1|6\n|teamsize|p2|6\n|gen|9\n|tier|[Gen 9] National Dex\n|rated|\n|rule|HP Percentage Mod: HP is shown in percentages\n|rule|Endless Battle Clause: Forcing endless battles is banned\n|rule|OHKO Clause: OHKO moves are banned\n|rule|Evasion Clause: Evasion abilities, items, and moves are banned\n|rule|Evasion Abilities Clause: Evasion abilities are banned\n|rule|Evasion Items Clause: Evasion items are banned\n|rule|Evasion Moves Clause: Evasion moves are banned\n|rule|Species Clause: Limit one of each Pok\u00e9mon\n|rule|Sleep Clause Mod: Limit one foe put to sleep\n|clearpoke\n|poke|p1|Medicham, M|\n|poke|p1|Tapu Fini|\n|poke|p1|Salamence, F|\n|poke|p1|Clefable, F|\n|poke|p1|Heatran, F|\n|poke|p1|Great Tusk|\n|poke|p2|Noctowl, M|\n|poke|p2|Unfezant, M|\n|poke|p2|Kilowattrel, M|\n|poke|p2|Braviary-Hisui, M|\n|poke|p2|Delibird, M|\n|poke|p2|Corviknight, M|\n|teampreview\n|inactive|Battle timer is ON: inactive players will automatically lose when time's up. (requested by Kerbecs Adiot)\n|\n|t:|1700170296\n|start\n|switch|p1a: Heatran|Heatran, F|100\/100\n|switch|p2a: Noctowl|Noctowl, M, shiny|100\/100\n|turn|1\n|\n|t:|1700170301\n|move|p2a: Noctowl|Agility|p2a: Noctowl\n|-boost|p2a: Noctowl|spe|2\n|move|p1a: Heatran|Magma Storm|p2a: Noctowl\n|-damage|p2a: Noctowl|60\/100\n|-activate|p2a: Noctowl|move: Magma Storm|[of] p1a: Heatran\n|\n|-damage|p2a: Noctowl|47\/100|[from] move: Magma Storm|[partiallytrapped]\n|upkeep\n|turn|2\n|\n|t:|1700170310\n|move|p2a: Noctowl|Calm Mind|p2a: Noctowl\n|-boost|p2a: Noctowl|spa|1\n|-boost|p2a: Noctowl|spd|1\n|move|p1a: Heatran|Magma Storm|p2a: Noctowl\n|-damage|p2a: Noctowl|15\/100\n|\n|-damage|p2a: Noctowl|3\/100|[from] move: Magma Storm|[partiallytrapped]\n|upkeep\n|turn|3\n|\n|t:|1700170312\n|move|p1a: Heatran|Protect|p1a: Heatran\n|-singleturn|p1a: Heatran|Protect\n|move|p2a: Noctowl|Roost|p2a: Noctowl\n|-heal|p2a: Noctowl|53\/100\n|-singleturn|p2a: Noctowl|move: Roost\n|\n|-damage|p2a: Noctowl|40\/100|[from] move: Magma Storm|[partiallytrapped]\n|upkeep\n|turn|4\n|\n|t:|1700170319\n|move|p2a: Noctowl|Roost|p2a: Noctowl\n|-heal|p2a: Noctowl|91\/100\n|-singleturn|p2a: Noctowl|move: Roost\n|move|p1a: Heatran|Magma Storm|p2a: Noctowl\n|-crit|p2a: Noctowl\n|-damage|p2a: Noctowl|18\/100\n|\n|-damage|p2a: Noctowl|6\/100|[from] move: Magma Storm|[partiallytrapped]\n|upkeep\n|turn|5\n|\n|t:|1700170329\n|move|p1a: Heatran|Protect|p1a: Heatran\n|-singleturn|p1a: Heatran|Protect\n|move|p2a: Noctowl|Roost|p2a: Noctowl\n|-heal|p2a: Noctowl|56\/100\n|-singleturn|p2a: Noctowl|move: Roost\n|\n|-damage|p2a: Noctowl|44\/100|[from] move: Magma Storm|[partiallytrapped]\n|upkeep\n|turn|6\n|\n|t:|1700170335\n|move|p2a: Noctowl|Calm Mind|p2a: Noctowl\n|-boost|p2a: Noctowl|spa|1\n|-boost|p2a: Noctowl|spd|1\n|move|p1a: Heatran|Magma Storm|p2a: Noctowl|[miss]\n|-miss|p1a: Heatran|p2a: Noctowl\n|\n|-end|p2a: Noctowl|Magma Storm|[partiallytrapped]\n|upkeep\n|turn|7\n|\n|t:|1700170344\n|move|p2a: Noctowl|Roost|p2a: Noctowl\n|-heal|p2a: Noctowl|94\/100\n|-singleturn|p2a: Noctowl|move: Roost\n|move|p1a: Heatran|Magma Storm|p2a: Noctowl\n|-damage|p2a: Noctowl|70\/100\n|-activate|p2a: Noctowl|move: Magma Storm|[of] p1a: Heatran\n|\n|-damage|p2a: Noctowl|58\/100|[from] move: Magma Storm|[partiallytrapped]\n|upkeep\n|turn|8\n|\n|t:|1700170352\n|move|p2a: Noctowl|Air Slash|p1a: Heatran\n|-resisted|p1a: Heatran\n|-damage|p1a: Heatran|81\/100\n|cant|p1a: Heatran|flinch\n|\n|-heal|p1a: Heatran|88\/100|[from] item: Leftovers\n|-damage|p2a: Noctowl|45\/100|[from] move: Magma Storm|[partiallytrapped]\n|upkeep\n|turn|9\n|\n|t:|1700170358\n|move|p2a: Noctowl|Roost|p2a: Noctowl\n|-heal|p2a: Noctowl|96\/100\n|-singleturn|p2a: Noctowl|move: Roost\n|move|p1a: Heatran|Substitute|p1a: Heatran\n|-start|p1a: Heatran|Substitute\n|-damage|p1a: Heatran|63\/100\n|\n|-heal|p1a: Heatran|69\/100|[from] item: Leftovers\n|-damage|p2a: Noctowl|83\/100|[from] move: Magma Storm|[partiallytrapped]\n|upkeep\n|turn|10\n|\n|t:|1700170364\n|move|p2a: Noctowl|Air Slash|p1a: Heatran\n|-resisted|p1a: Heatran\n|-activate|p1a: Heatran|move: Substitute|[damage]\n|move|p1a: Heatran|Toxic|p2a: Noctowl\n|-status|p2a: Noctowl|tox\n|\n|-heal|p1a: Heatran|75\/100|[from] item: Leftovers\n|-damage|p2a: Noctowl|77\/100 tox|[from] psn\n|-damage|p2a: Noctowl|65\/100 tox|[from] move: Magma Storm|[partiallytrapped]\n|upkeep\n|turn|11\n|\n|t:|1700170379\n|move|p2a: Noctowl|Calm Mind|p2a: Noctowl\n|-boost|p2a: Noctowl|spa|1\n|-boost|p2a: Noctowl|spd|1\n|move|p1a: Heatran|Magma Storm|p2a: Noctowl|[miss]\n|-miss|p1a: Heatran|p2a: Noctowl\n|\n|-heal|p1a: Heatran|81\/100|[from] item: Leftovers\n|-damage|p2a: Noctowl|52\/100 tox|[from] psn\n|-end|p2a: Noctowl|Magma Storm|[partiallytrapped]\n|upkeep\n|turn|12\n|\n|t:|1700170384\n|move|p2a: Noctowl|Air Slash|p1a: Heatran\n|-resisted|p1a: Heatran\n|-end|p1a: Heatran|Substitute\n|move|p1a: Heatran|Magma Storm|p2a: Noctowl\n|-damage|p2a: Noctowl|33\/100 tox\n|-activate|p2a: Noctowl|move: Magma Storm|[of] p1a: Heatran\n|\n|-heal|p1a: Heatran|88\/100|[from] item: Leftovers\n|-damage|p2a: Noctowl|15\/100 tox|[from] psn\n|-damage|p2a: Noctowl|2\/100 tox|[from] move: Magma Storm|[partiallytrapped]\n|upkeep\n|turn|13\n|\n|t:|1700170389\n|move|p2a: Noctowl|Roost|p2a: Noctowl\n|-heal|p2a: Noctowl|52\/100 tox\n|-singleturn|p2a: Noctowl|move: Roost\n|move|p1a: Heatran|Magma Storm|p2a: Noctowl\n|-damage|p2a: Noctowl|34\/100 tox\n|\n|-heal|p1a: Heatran|94\/100|[from] item: Leftovers\n|-damage|p2a: Noctowl|9\/100 tox|[from] psn\n|-damage|p2a: Noctowl|0 fnt|[from] move: Magma Storm|[partiallytrapped]\n|faint|p2a: Noctowl\n|upkeep\n|\n|t:|1700170393\n|switch|p2a: Delibird|Delibird, M|100\/100\n|turn|14\n|\n|t:|1700170398\n|move|p2a: Delibird|Drill Run|p1a: Heatran\n|-supereffective|p1a: Heatran\n|-damage|p1a: Heatran|18\/100\n|move|p1a: Heatran|Toxic|p2a: Delibird\n|-status|p2a: Delibird|tox\n|\n|-heal|p1a: Heatran|24\/100|[from] item: Leftovers\n|-damage|p2a: Delibird|94\/100 tox|[from] psn\n|upkeep\n|turn|15\n|\n|t:|1700170406\n|move|p1a: Heatran|Protect|p1a: Heatran\n|-singleturn|p1a: Heatran|Protect\n|move|p2a: Delibird|Rapid Spin|p1a: Heatran\n|-activate|p1a: Heatran|move: Protect\n|\n|-heal|p1a: Heatran|31\/100|[from] item: Leftovers\n|-damage|p2a: Delibird|82\/100 tox|[from] psn\n|upkeep\n|turn|16\n|\n|t:|1700170408\n|switch|p1a: Salamence|Salamence, F|100\/100\n|move|p2a: Delibird|Drill Run|p1a: Salamence\n|-immune|p1a: Salamence\n|\n|-damage|p2a: Delibird|64\/100 tox|[from] psn\n|upkeep\n|turn|17\n|\n|t:|1700170414\n|move|p2a: Delibird|Ice Shard|p1a: Salamence\n|-supereffective|p1a: Salamence\n|-damage|p1a: Salamence|9\/100\n|move|p1a: Salamence|Dragon Dance|p1a: Salamence\n|-boost|p1a: Salamence|atk|1\n|-boost|p1a: Salamence|spe|1\n|\n|-damage|p2a: Delibird|40\/100 tox|[from] psn\n|upkeep\n|turn|18\n|\n|t:|1700170419\n|switch|p1a: Heatran|Heatran, F|31\/100\n|move|p2a: Delibird|Ice Shard|p1a: Heatran\n|-resisted|p1a: Heatran\n|-damage|p1a: Heatran|27\/100\n|\n|-heal|p1a: Heatran|33\/100|[from] item: Leftovers\n|-damage|p2a: Delibird|10\/100 tox|[from] psn\n|upkeep\n|turn|19\n|\n|t:|1700170423\n|move|p1a: Heatran|Protect|p1a: Heatran\n|-singleturn|p1a: Heatran|Protect\n|move|p2a: Delibird|Ice Shard|p1a: Heatran\n|-activate|p1a: Heatran|move: Protect\n|\n|-heal|p1a: Heatran|39\/100|[from] item: Leftovers\n|-damage|p2a: Delibird|0 fnt|[from] psn\n|faint|p2a: Delibird\n|upkeep\n|\n|t:|1700170430\n|switch|p2a: Braviary|Braviary-Hisui, M|100\/100\n|turn|20\n|\n|t:|1700170434\n|move|p2a: Braviary|Esper Wing|p1a: Heatran\n|-resisted|p1a: Heatran\n|-crit|p1a: Heatran\n|-damage|p1a: Heatran|3\/100\n|-boost|p2a: Braviary|spe|1\n|move|p1a: Heatran|Toxic|p2a: Braviary\n|-status|p2a: Braviary|tox\n|\n|-heal|p1a: Heatran|10\/100|[from] item: Leftovers\n|-damage|p2a: Braviary|94\/100 tox|[from] psn\n|upkeep\n|turn|21\n|\n|t:|1700170437\n|move|p1a: Heatran|Protect|p1a: Heatran\n|-singleturn|p1a: Heatran|Protect\n|move|p2a: Braviary|Esper Wing|p1a: Heatran\n|-activate|p1a: Heatran|move: Protect\n|\n|-heal|p2a: Braviary|100\/100 tox|[from] item: Leftovers\n|-heal|p1a: Heatran|16\/100|[from] item: Leftovers\n|-damage|p2a: Braviary|88\/100 tox|[from] psn\n|upkeep\n|turn|22\n|\n|t:|1700170444\n|move|p2a: Braviary|Esper Wing|p1a: Heatran\n|-resisted|p1a: Heatran\n|-damage|p1a: Heatran|0 fnt\n|-boost|p2a: Braviary|spe|1\n|faint|p1a: Heatran\n|\n|-heal|p2a: Braviary|94\/100 tox|[from] item: Leftovers\n|-damage|p2a: Braviary|76\/100 tox|[from] psn\n|upkeep\n|\n|t:|1700170457\n|switch|p1a: Tapu Fini|Tapu Fini|100\/100\n|-fieldstart|move: Misty Terrain|[from] ability: Misty Surge|[of] p1a: Tapu Fini\n|turn|23\n|\n|t:|1700170462\n|move|p2a: Braviary|Esper Wing|p1a: Tapu Fini\n|-damage|p1a: Tapu Fini|60\/100\n|-boost|p2a: Braviary|spe|1\n|move|p1a: Tapu Fini|Nature's Madness|p2a: Braviary\n|-damage|p2a: Braviary|38\/100 tox\n|\n|-heal|p2a: Braviary|45\/100 tox|[from] item: Leftovers\n|-heal|p1a: Tapu Fini|66\/100|[from] item: Leftovers\n|-damage|p2a: Braviary|20\/100 tox|[from] psn\n|upkeep\n|turn|24\n|\n|t:|1700170474\n|move|p2a: Braviary|Esper Wing|p1a: Tapu Fini\n|-damage|p1a: Tapu Fini|27\/100\n|-boost|p2a: Braviary|spe|1\n|move|p1a: Tapu Fini|Scald|p2a: Braviary\n|-damage|p2a: Braviary|0 fnt\n|faint|p2a: Braviary\n|\n|-heal|p1a: Tapu Fini|33\/100|[from] item: Leftovers\n|upkeep\n|\n|t:|1700170482\n|switch|p2a: Kilowattrel|Kilowattrel, M|100\/100\n|turn|25\n|\n|t:|1700170486\n|move|p2a: Kilowattrel|Thunderbolt|p1a: Tapu Fini\n|-supereffective|p1a: Tapu Fini\n|-damage|p1a: Tapu Fini|0 fnt\n|faint|p1a: Tapu Fini\n|\n|upkeep\n|\n|t:|1700170490\n|switch|p1a: Clefable|Clefable, F|100\/100\n|turn|26\n|\n|t:|1700170493\n|move|p2a: Kilowattrel|Thunder Wave|p1a: Clefable\n|-activate|p1a: Clefable|move: Misty Terrain\n|move|p1a: Clefable|Teleport|p1a: Clefable\n|\n|t:|1700170497\n|switch|p1a: Medicham|Medicham, M|100\/100|[from] Teleport\n|\n|upkeep\n|turn|27\n|\n|t:|1700170503\n|detailschange|p1a: Medicham|Medicham-Mega, M\n|-mega|p1a: Medicham|Medicham|Medichamite\n|move|p2a: Kilowattrel|Protect|p2a: Kilowattrel\n|-singleturn|p2a: Kilowattrel|Protect\n|move|p1a: Medicham|Bullet Punch|p2a: Kilowattrel\n|-activate|p2a: Kilowattrel|move: Protect\n|\n|-fieldend|Misty Terrain\n|upkeep\n|turn|28\n|\n|t:|1700170512\n|switch|p1a: Great Tusk|Great Tusk|100\/100\n|move|p2a: Kilowattrel|Thunder Wave|p1a: Great Tusk\n|-immune|p1a: Great Tusk\n|\n|upkeep\n|turn|29\n|\n|t:|1700170520\n|switch|p2a: Corviknight|Corviknight, M|100\/100\n|move|p1a: Great Tusk|Knock Off|p2a: Corviknight\n|-damage|p2a: Corviknight|69\/100\n|-enditem|p2a: Corviknight|Leftovers|[from] move: Knock Off|[of] p1a: Great Tusk\n|\n|upkeep\n|turn|30\n|\n|t:|1700170529\n|-end|p1a: Great Tusk|Protosynthesis|[silent]\n|switch|p1a: Salamence|Salamence, F|9\/100\n|move|p2a: Corviknight|Bulk Up|p2a: Corviknight\n|-boost|p2a: Corviknight|atk|1\n|-boost|p2a: Corviknight|def|1\n|\n|upkeep\n|turn|31\n|\n|t:|1700170536\n|move|p1a: Salamence|Dual Wingbeat|p2a: Corviknight\n|-resisted|p2a: Corviknight\n|-damage|p2a: Corviknight|63\/100\n|-resisted|p2a: Corviknight\n|-damage|p2a: Corviknight|56\/100\n|-hitcount|p2a: Corviknight|2\n|move|p2a: Corviknight|Iron Head|p1a: Salamence\n|-damage|p1a: Salamence|0 fnt\n|faint|p1a: Salamence\n|\n|upkeep\n|\n|t:|1700170541\n|switch|p1a: Medicham|Medicham-Mega, M|100\/100\n|turn|32\n|\n|t:|1700170545\n|move|p1a: Medicham|High Jump Kick|p2a: Corviknight\n|-damage|p2a: Corviknight|0 fnt\n|faint|p2a: Corviknight\n|\n|upkeep\n|\n|t:|1700170551\n|switch|p2a: Kilowattrel|Kilowattrel, M|100\/100\n|turn|33\n|\n|t:|1700170555\n|switch|p1a: Great Tusk|Great Tusk|100\/100\n|move|p2a: Kilowattrel|Protect||[still]\n|-fail|p2a: Kilowattrel\n|\n|upkeep\n|turn|34\n|\n|t:|1700170561\n|move|p2a: Kilowattrel|Protect|p2a: Kilowattrel\n|-singleturn|p2a: Kilowattrel|Protect\n|move|p1a: Great Tusk|Knock Off|p2a: Kilowattrel\n|-activate|p2a: Kilowattrel|move: Protect\n|\n|upkeep\n|turn|35\n|\n|t:|1700170571\n|move|p2a: Kilowattrel|Thunderbolt|p1a: Great Tusk\n|-immune|p1a: Great Tusk\n|move|p1a: Great Tusk|Knock Off|p2a: Kilowattrel\n|-damage|p2a: Kilowattrel|43\/100\n|-enditem|p2a: Kilowattrel|Focus Sash|[from] move: Knock Off|[of] p1a: Great Tusk\n|\n|upkeep\n|turn|36\n|\n|t:|1700170577\n|move|p2a: Kilowattrel|Endeavor|p1a: Great Tusk\n|-damage|p1a: Great Tusk|34\/100\n|move|p1a: Great Tusk|Knock Off|p2a: Kilowattrel\n|-crit|p2a: Kilowattrel\n|-damage|p2a: Kilowattrel|0 fnt\n|faint|p2a: Kilowattrel\n|\n|upkeep\n|\n|t:|1700170580\n|switch|p2a: Unfezant|Unfezant, M|100\/100\n|turn|37\n|\n|t:|1700170587\n|move|p2a: Unfezant|Dual Wingbeat|p1a: Great Tusk\n|-supereffective|p1a: Great Tusk\n|-damage|p1a: Great Tusk|10\/100\n|-supereffective|p1a: Great Tusk\n|-damage|p1a: Great Tusk|0 fnt\n|faint|p1a: Great Tusk\n|-end|p1a: Great Tusk|Protosynthesis|[silent]\n|-hitcount|p1: Great Tusk|2\n|\n|upkeep\n|\n|t:|1700170591\n|switch|p1a: Clefable|Clefable, F|100\/100\n|turn|38\n|\n|t:|1700170595\n|move|p2a: Unfezant|Steel Wing|p1a: Clefable\n|-supereffective|p1a: Clefable\n|-damage|p1a: Clefable|50\/100\n|move|p1a: Clefable|Teleport|p1a: Clefable\n|\n|t:|1700170599\n|switch|p1a: Medicham|Medicham-Mega, M|100\/100|[from] Teleport\n|\n|upkeep\n|turn|39\n|\n|t:|1700170603\n|move|p1a: Medicham|High Jump Kick|p2a: Unfezant\n|-damage|p2a: Unfezant|0 fnt\n|faint|p2a: Unfezant\n|\n|win|Youmama00002\n|raw|Youmama00002's rating: 1004 &rarr; <strong>1053<\/strong><br \/>(+49 for winning)\n|raw|Kerbecs Adiot's rating: 1087 &rarr; <strong>1059<\/strong><br \/>(-28 for losing)\n|l|\u2606Kerbecs Adiot\n","uploadtime":1700170617,"views":4,"p1id":"youmama00002","p2id":"kerbecsadiot","formatid":"gen9nationaldex","rating":1053,"private":0,"password":""}