{"id":"gen9nationaldex-1995288995","p1":"daniel241595","p2":"fhruihvruiva","format":"[Gen 9] National Dex","log":"|html|<div class=\"broadcast-blue\"><strong>[Gen 9] National Dex is currently suspecting Sneasler! For information on how to participate check out the <a href=\"https:\/\/www.smogon.com\/forums\/threads\/sv-national-dex-suspect-8-just-dance.3731534\/\">suspect thread<\/a>.<\/strong><\/div>\n|j|\u2606daniel241595\n|j|\u2606fhruihvruiva\n|t:|1700547519\n|gametype|singles\n|player|p1|daniel241595|gambler|1465\n|player|p2|fhruihvruiva|hiker|1470\n|teamsize|p1|6\n|teamsize|p2|6\n|gen|9\n|tier|[Gen 9] National Dex\n|rated|\n|rule|HP Percentage Mod: HP is shown in percentages\n|rule|Endless Battle Clause: Forcing endless battles is banned\n|rule|OHKO Clause: OHKO moves are banned\n|rule|Evasion Clause: Evasion abilities, items, and moves are banned\n|rule|Evasion Abilities Clause: Evasion abilities are banned\n|rule|Evasion Items Clause: Evasion items are banned\n|rule|Evasion Moves Clause: Evasion moves are banned\n|rule|Species Clause: Limit one of each Pok\u00e9mon\n|rule|Sleep Clause Mod: Limit one foe put to sleep\n|clearpoke\n|poke|p1|Arcanine, M|\n|poke|p1|Flygon, F|\n|poke|p1|Empoleon, M|\n|poke|p1|Eelektross, F|\n|poke|p1|Florges, F|\n|poke|p1|Kleavor, M|\n|poke|p2|Greninja-*, M|\n|poke|p2|Aegislash, M|\n|poke|p2|Iron Treads|\n|poke|p2|Blaziken, F|\n|poke|p2|Zeraora|\n|poke|p2|Banette, F|\n|teampreview\n|inactive|Battle timer is ON: inactive players will automatically lose when time's up. (requested by fhruihvruiva)\n|\n|t:|1700547534\n|start\n|switch|p1a: Eelektross|Eelektross, F|100\/100\n|switch|p2a: Iron Treads|Iron Treads|100\/100\n|-enditem|p2a: Iron Treads|Booster Energy\n|-activate|p2a: Iron Treads|ability: Quark Drive|[fromitem]\n|-start|p2a: Iron Treads|quarkdrivespe\n|turn|1\n|c|\u2606fhruihvruiva|i love flygon\n|\n|t:|1700547541\n|move|p2a: Iron Treads|Knock Off|p1a: Eelektross\n|-damage|p1a: Eelektross|68\/100\n|-enditem|p1a: Eelektross|Assault Vest|[from] move: Knock Off|[of] p2a: Iron Treads\n|move|p1a: Eelektross|Flamethrower|p2a: Iron Treads\n|-supereffective|p2a: Iron Treads\n|-damage|p2a: Iron Treads|18\/100\n|\n|upkeep\n|turn|2\n|\n|t:|1700547557\n|-end|p2a: Iron Treads|Quark Drive|[silent]\n|switch|p2a: Aegislash|Aegislash, M|100\/100\n|move|p1a: Eelektross|Giga Drain|p2a: Aegislash\n|-resisted|p2a: Aegislash\n|-damage|p2a: Aegislash|91\/100\n|-heal|p1a: Eelektross|72\/100|[from] drain|[of] p2a: Aegislash\n|\n|upkeep\n|turn|3\n|\n|t:|1700547564\n|move|p1a: Eelektross|Flamethrower|p2a: Aegislash\n|-supereffective|p2a: Aegislash\n|-damage|p2a: Aegislash|43\/100\n|-formechange|p2a: Aegislash|Aegislash-Blade||[from] ability: Stance Change\n|move|p2a: Aegislash|Shadow Ball|p1a: Eelektross\n|-damage|p1a: Eelektross|21\/100\n|\n|upkeep\n|turn|4\n|\n|t:|1700547574\n|move|p2a: Aegislash|Shadow Sneak|p1a: Eelektross\n|-damage|p1a: Eelektross|0 fnt\n|faint|p1a: Eelektross\n|\n|upkeep\n|\n|t:|1700547580\n|switch|p1a: Flygon|Flygon, F|100\/100\n|turn|5\n|\n|t:|1700547584\n|-formechange|p2a: Aegislash|Aegislash||[from] ability: Stance Change\n|move|p2a: Aegislash|King's Shield|p2a: Aegislash\n|-singleturn|p2a: Aegislash|Protect\n|move|p1a: Flygon|Dragon Dance|p1a: Flygon\n|-boost|p1a: Flygon|atk|1\n|-boost|p1a: Flygon|spe|1\n|\n|upkeep\n|turn|6\n|\n|t:|1700547591\n|move|p1a: Flygon|Earthquake|p2a: Aegislash\n|-supereffective|p2a: Aegislash\n|-crit|p2a: Aegislash\n|-damage|p2a: Aegislash|0 fnt\n|faint|p2a: Aegislash\n|-damage|p1a: Flygon|91\/100|[from] item: Life Orb\n|\n|upkeep\n|\n|t:|1700547595\n|switch|p2a: Greninja|Greninja, M|100\/100\n|turn|7\n|\n|t:|1700547601\n|move|p1a: Flygon|Earthquake|p2a: Greninja\n|-enditem|p2a: Greninja|Focus Sash\n|-damage|p2a: Greninja|1\/100\n|-damage|p1a: Flygon|81\/100|[from] item: Life Orb\n|move|p2a: Greninja|Ice Beam|p1a: Flygon\n|-supereffective|p1a: Flygon\n|-damage|p1a: Flygon|0 fnt\n|faint|p1a: Flygon\n|-ability|p2a: Greninja|Battle Bond|boost\n|-boost|p2a: Greninja|atk|1\n|-boost|p2a: Greninja|spa|1\n|-boost|p2a: Greninja|spe|1\n|-activate|p2a: Greninja|ability: Battle Bond\n|\n|upkeep\n|\n|t:|1700547611\n|switch|p1a: Arcanine|Arcanine, M, shiny|100\/100\n|-ability|p1a: Arcanine|Intimidate|boost\n|-unboost|p2a: Greninja|atk|1\n|turn|8\n|\n|t:|1700547617\n|move|p1a: Arcanine|Extreme Speed|p2a: Greninja\n|-damage|p2a: Greninja|0 fnt\n|faint|p2a: Greninja\n|\n|upkeep\n|\n|t:|1700547624\n|switch|p2a: Zeraora|Zeraora|100\/100\n|turn|9\n|\n|t:|1700547630\n|move|p2a: Zeraora|Fake Out|p1a: Arcanine\n|-damage|p1a: Arcanine|88\/100\n|cant|p1a: Arcanine|flinch\n|\n|upkeep\n|turn|10\n|\n|t:|1700547637\n|move|p1a: Arcanine|Extreme Speed|p2a: Zeraora\n|-damage|p2a: Zeraora|40\/100\n|move|p2a: Zeraora|Plasma Fists|p1a: Arcanine\n|-damage|p1a: Arcanine|36\/100\n|-fieldactivate|move: Ion Deluge\n|-hint|Normal-type moves become Electric-type after using Plasma Fists.\n|\n|upkeep\n|turn|11\n|\n|t:|1700547647\n|switch|p2a: Banette|Banette, F|100\/100\n|-item|p1a: Arcanine|Choice Band|[from] ability: Frisk|[of] p2a: Banette|[identify]\n|move|p1a: Arcanine|Extreme Speed|p2a: Banette\n|-immune|p2a: Banette\n|\n|upkeep\n|turn|12\n|\n|t:|1700547658\n|switch|p1a: Florges|Florges, F|100\/100\n|detailschange|p2a: Banette|Banette-Mega, F\n|-mega|p2a: Banette|Banette|Banettite\n|move|p2a: Banette|Shadow Sneak|p1a: Florges\n|-damage|p1a: Florges|80\/100\n|\n|-heal|p1a: Florges|87\/100|[from] item: Leftovers\n|upkeep\n|turn|13\n|\n|t:|1700547663\n|move|p2a: Banette|Poltergeist|p1a: Florges\n|-activate|p1a: Florges|move: Poltergeist|Leftovers\n|-damage|p1a: Florges|25\/100\n|move|p1a: Florges|Moonblast|p2a: Banette\n|-damage|p2a: Banette|46\/100\n|-unboost|p2a: Banette|spa|1\n|\n|-heal|p1a: Florges|31\/100|[from] item: Leftovers\n|upkeep\n|turn|14\n|\n|t:|1700547673\n|move|p2a: Banette|Poltergeist|p1a: Florges\n|-activate|p1a: Florges|move: Poltergeist|Leftovers\n|-damage|p1a: Florges|0 fnt\n|faint|p1a: Florges\n|\n|upkeep\n|\n|t:|1700547676\n|switch|p1a: Kleavor|Kleavor, M|100\/100\n|turn|15\n|\n|t:|1700547685\n|move|p2a: Banette|Destiny Bond|p2a: Banette\n|-singlemove|p2a: Banette|Destiny Bond\n|move|p1a: Kleavor|Stone Axe|p2a: Banette\n|-damage|p2a: Banette|0 fnt\n|-sidestart|p2: fhruihvruiva|move: Stealth Rock\n|faint|p2a: Banette\n|-activate|p2a: Banette|move: Destiny Bond\n|faint|p1a: Kleavor\n|\n|upkeep\n|\n|t:|1700547696\n|switch|p1a: Arcanine|Arcanine, M, shiny|36\/100\n|switch|p2a: Iron Treads|Iron Treads|18\/100\n|-damage|p2a: Iron Treads|15\/100|[from] Stealth Rock\n|-ability|p1a: Arcanine|Intimidate|boost\n|-unboost|p2a: Iron Treads|atk|1\n|turn|16\n|\n|t:|1700547709\n|move|p1a: Arcanine|Extreme Speed|p2a: Iron Treads\n|-resisted|p2a: Iron Treads\n|-damage|p2a: Iron Treads|0 fnt\n|faint|p2a: Iron Treads\n|-end|p2a: Iron Treads|Quark Drive|[silent]\n|\n|upkeep\n|\n|t:|1700547715\n|switch|p2a: Blaziken|Blaziken, F|100\/100\n|-damage|p2a: Blaziken|88\/100|[from] Stealth Rock\n|turn|17\n|\n|t:|1700547728\n|move|p1a: Arcanine|Extreme Speed|p2a: Blaziken\n|-damage|p2a: Blaziken|21\/100\n|move|p2a: Blaziken|Swords Dance|p2a: Blaziken\n|-boost|p2a: Blaziken|atk|2\n|\n|-ability|p2a: Blaziken|Speed Boost|boost\n|-boost|p2a: Blaziken|spe|1\n|upkeep\n|turn|18\n|\n|t:|1700547733\n|move|p1a: Arcanine|Extreme Speed|p2a: Blaziken\n|-damage|p2a: Blaziken|0 fnt\n|faint|p2a: Blaziken\n|\n|upkeep\n|\n|t:|1700547736\n|switch|p2a: Zeraora|Zeraora|40\/100\n|-damage|p2a: Zeraora|28\/100|[from] Stealth Rock\n|turn|19\n|\n|t:|1700547741\n|move|p2a: Zeraora|Fake Out|p1a: Arcanine\n|-damage|p1a: Arcanine|22\/100\n|cant|p1a: Arcanine|flinch\n|\n|upkeep\n|turn|20\n|\n|t:|1700547748\n|move|p1a: Arcanine|Extreme Speed|p2a: Zeraora\n|-damage|p2a: Zeraora|0 fnt\n|faint|p2a: Zeraora\n|\n|win|daniel241595\n|raw|daniel241595's rating: 1465 &rarr; <strong>1485<\/strong><br \/>(+20 for winning)\n|raw|fhruihvruiva's rating: 1470 &rarr; <strong>1450<\/strong><br \/>(-20 for losing)\n|l|\u2606fhruihvruiva\n","uploadtime":1700547762,"views":8,"p1id":"daniel241595","p2id":"fhruihvruiva","formatid":"gen9nationaldex","rating":1450,"private":0,"password":""}