{"id":"gen9nationaldex-1995824766","p1":"SilentSolis","p2":"CrispyManI","format":"[Gen 9] National Dex","log":"|html|<div class=\"broadcast-blue\"><strong>[Gen 9] National Dex is currently suspecting Sneasler! For information on how to participate check out the <a href=\"https:\/\/www.smogon.com\/forums\/threads\/sv-national-dex-suspect-8-just-dance.3731534\/\">suspect thread<\/a>.<\/strong><\/div>\n|j|\u2606SilentSolis\n|j|\u2606CrispyManI\n|t:|1700606807\n|gametype|singles\n|player|p1|SilentSolis|cynthia-gen4|\n|player|p2|CrispyManI|hiker-gen4|\n|teamsize|p1|6\n|teamsize|p2|6\n|gen|9\n|tier|[Gen 9] National Dex\n|rule|HP Percentage Mod: HP is shown in percentages\n|rule|Endless Battle Clause: Forcing endless battles is banned\n|rule|OHKO Clause: OHKO moves are banned\n|rule|Evasion Clause: Evasion abilities, items, and moves are banned\n|rule|Evasion Abilities Clause: Evasion abilities are banned\n|rule|Evasion Items Clause: Evasion items are banned\n|rule|Evasion Moves Clause: Evasion moves are banned\n|rule|Species Clause: Limit one of each Pok\u00e9mon\n|rule|Sleep Clause Mod: Limit one foe put to sleep\n|clearpoke\n|poke|p1|Nidoqueen, F|\n|poke|p1|Swampert, F|\n|poke|p1|Ursaluna, M|\n|poke|p1|Flygon, F|\n|poke|p1|Camerupt, M|\n|poke|p1|Golurk|\n|poke|p2|Rotom-Wash|\n|poke|p2|Pikachu-Partner, M|\n|poke|p2|Xurkitree|\n|poke|p2|Iron Hands|\n|poke|p2|Tapu Koko|\n|poke|p2|Kommo-o, F|\n|teampreview\n|\n|t:|1700606842\n|start\n|switch|p1a: Q|Nidoqueen, F|100\/100\n|switch|p2a: Xurkitree|Xurkitree|100\/100\n|turn|1\n|\n|t:|1700606851\n|move|p2a: Xurkitree|Tail Glow|p2a: Xurkitree\n|-boost|p2a: Xurkitree|spa|3\n|move|p1a: Q|Rest|p1a: Q\n|-fail|p1a: Q|heal\n|\n|upkeep\n|turn|2\n|\n|t:|1700606857\n|move|p2a: Xurkitree|Energy Ball|p1a: Q\n|-enditem|p1a: Q|Focus Sash\n|-damage|p1a: Q|1\/100\n|-damage|p2a: Xurkitree|91\/100|[from] item: Life Orb\n|move|p1a: Q|Stealth Rock|p2a: Xurkitree\n|-sidestart|p2: CrispyManI|move: Stealth Rock\n|\n|upkeep\n|turn|3\n|\n|t:|1700606866\n|move|p2a: Xurkitree|Energy Ball|p1a: Q\n|-damage|p1a: Q|0 fnt\n|faint|p1a: Q\n|-ability|p2a: Xurkitree|Beast Boost|boost\n|-boost|p2a: Xurkitree|spa|1\n|-damage|p2a: Xurkitree|81\/100|[from] item: Life Orb\n|\n|upkeep\n|\n|t:|1700606895\n|switch|p1a: U|Ursaluna, M|100\/100\n|turn|4\n|\n|t:|1700606908\n|move|p2a: Xurkitree|Energy Ball|p1a: U\n|-supereffective|p1a: U\n|-damage|p1a: U|0 fnt\n|faint|p1a: U\n|-ability|p2a: Xurkitree|Beast Boost|boost\n|-boost|p2a: Xurkitree|spa|1\n|-damage|p2a: Xurkitree|71\/100|[from] item: Life Orb\n|\n|upkeep\n|\n|t:|1700606921\n|switch|p1a: G|Flygon, F|100\/100\n|turn|5\n|c|\u2606CrispyManI|Welcome to the Thunderdome\n|\n|t:|1700606932\n|move|p1a: G|Fire Punch|p2a: Xurkitree\n|-damage|p2a: Xurkitree|36\/100\n|move|p2a: Xurkitree|Dazzling Gleam|p1a: G\n|-supereffective|p1a: G\n|-damage|p1a: G|0 fnt\n|faint|p1a: G\n|-ability|p2a: Xurkitree|Beast Boost|boost\n|-boost|p2a: Xurkitree|spa|1\n|-damage|p2a: Xurkitree|27\/100|[from] item: Life Orb\n|\n|upkeep\n|\n|t:|1700606938\n|switch|p1a: L|Golurk|100\/100\n|turn|6\n|\n|t:|1700606954\n|move|p2a: Xurkitree|Energy Ball|p1a: L\n|-supereffective|p1a: L\n|-damage|p1a: L|0 fnt\n|faint|p1a: L\n|-damage|p2a: Xurkitree|17\/100|[from] item: Life Orb\n|\n|upkeep\n|\n|t:|1700606961\n|switch|p1a: M|Camerupt, M|100\/100\n|turn|7\n|\n|t:|1700606977\n|detailschange|p1a: M|Camerupt-Mega, M\n|-mega|p1a: M|Camerupt|Cameruptite\n|move|p2a: Xurkitree|Energy Ball|p1a: M\n|-damage|p1a: M|0 fnt\n|faint|p1a: M\n|-damage|p2a: Xurkitree|7\/100|[from] item: Life Orb\n|\n|upkeep\n|\n|t:|1700606983\n|switch|p1a: T|Swampert, F|100\/100\n|turn|8\n|\n|t:|1700606989\n|move|p2a: Xurkitree|Energy Ball|p1a: T\n|-supereffective|p1a: T\n|-damage|p1a: T|0 fnt\n|faint|p1a: T\n|-damage|p2a: Xurkitree|0 fnt|[from] item: Life Orb\n|faint|p2a: Xurkitree\n|\n|win|CrispyManI\n|l|\u2606SilentSolis\n","uploadtime":1700607000,"views":1,"p1id":"silentsolis","p2id":"crispymani","formatid":"gen9nationaldex","rating":0,"private":0,"password":""}