{"id":"gen9nationaldex-1990214374","p1":"YZY2013","p2":"IceBerryCoffee","format":"[Gen 9] National Dex","log":"|j|\u2606YZY2013\n|j|\u2606IceBerryCoffee\n|t:|1699938486\n|gametype|singles\n|player|p1|YZY2013|riley|1315\n|player|p2|IceBerryCoffee|266|1359\n|teamsize|p1|6\n|teamsize|p2|6\n|gen|9\n|tier|[Gen 9] National Dex\n|rated|\n|rule|HP Percentage Mod: HP is shown in percentages\n|rule|Endless Battle Clause: Forcing endless battles is banned\n|rule|OHKO Clause: OHKO moves are banned\n|rule|Evasion Clause: Evasion abilities, items, and moves are banned\n|rule|Evasion Abilities Clause: Evasion abilities are banned\n|rule|Evasion Items Clause: Evasion items are banned\n|rule|Evasion Moves Clause: Evasion moves are banned\n|rule|Species Clause: Limit one of each Pok\u00e9mon\n|rule|Sleep Clause Mod: Limit one foe put to sleep\n|clearpoke\n|poke|p1|Cresselia, F|\n|poke|p1|Diancie|\n|poke|p1|Landorus-Therian, M|\n|poke|p1|Swellow, F|\n|poke|p1|Goodra-Hisui, F|\n|poke|p1|Hoopa-Unbound|\n|poke|p2|Skeledirge, F|\n|poke|p2|Inteleon, M|\n|poke|p2|Torterra, M|\n|poke|p2|Quaquaval, F|\n|poke|p2|Corviknight, F|\n|poke|p2|Manectric, M|\n|teampreview\n|inactive|Battle timer is ON: inactive players will automatically lose when time's up. (requested by IceBerryCoffee)\n|\n|t:|1699938498\n|start\n|switch|p1a: Landorus|Landorus-Therian, M, shiny|100\/100\n|switch|p2a: Inteleon|Inteleon, M|100\/100\n|-ability|p1a: Landorus|Intimidate|boost\n|-unboost|p2a: Inteleon|atk|1\n|turn|1\n|\n|t:|1699938513\n|switch|p1a: Goodra|Goodra-Hisui, F|100\/100\n|move|p2a: Inteleon|Snipe Shot|p1a: Goodra\n|-resisted|p1a: Goodra\n|-damage|p1a: Goodra|83\/100\n|\n|-heal|p1a: Goodra|89\/100|[from] item: Leftovers\n|upkeep\n|turn|2\n|\n|t:|1699938529\n|switch|p2a: Torterra|Torterra, M|100\/100\n|move|p1a: Goodra|Draco Meteor|p2a: Torterra\n|-damage|p2a: Torterra|28\/100\n|-unboost|p1a: Goodra|spa|2\n|\n|-heal|p1a: Goodra|96\/100|[from] item: Leftovers\n|upkeep\n|turn|3\n|\n|t:|1699938537\n|switch|p1a: Landorus|Landorus-Therian, M, shiny|100\/100\n|-ability|p1a: Landorus|Intimidate|boost\n|-unboost|p2a: Torterra|atk|1\n|-enditem|p2a: Torterra|White Herb\n|-clearnegativeboost|p2a: Torterra|[silent]\n|move|p2a: Torterra|Shell Smash|p2a: Torterra\n|-unboost|p2a: Torterra|def|1\n|-unboost|p2a: Torterra|spd|1\n|-boost|p2a: Torterra|atk|2\n|-boost|p2a: Torterra|spa|2\n|-boost|p2a: Torterra|spe|2\n|\n|upkeep\n|turn|4\n|\n|t:|1699938551\n|switch|p1a: Goodra|Goodra-Hisui, F|96\/100\n|move|p2a: Torterra|Bullet Seed|p1a: Goodra\n|-ability|p1a: Goodra|Sap Sipper|boost\n|-boost|p1a: Goodra|atk|1\n|\n|-heal|p1a: Goodra|100\/100|[from] item: Leftovers\n|upkeep\n|turn|5\n|\n|t:|1699938558\n|move|p2a: Torterra|Earthquake|p1a: Goodra\n|-supereffective|p1a: Goodra\n|-damage|p1a: Goodra|0 fnt\n|faint|p1a: Goodra\n|\n|upkeep\n|\n|t:|1699938569\n|switch|p1a: Swellow|Swellow, F|100\/100\n|turn|6\n|\n|t:|1699938573\n|move|p2a: Torterra|Rock Blast|p1a: Swellow\n|-supereffective|p1a: Swellow\n|-damage|p1a: Swellow|33\/100\n|-supereffective|p1a: Swellow\n|-damage|p1a: Swellow|0 fnt\n|faint|p1a: Swellow\n|-hitcount|p1: Swellow|2\n|\n|upkeep\n|\n|t:|1699938583\n|switch|p1a: Hoopa|Hoopa-Unbound|100\/100\n|turn|7\n|\n|t:|1699938588\n|move|p1a: Hoopa|Ice Punch|p2a: Torterra\n|-supereffective|p2a: Torterra\n|-damage|p2a: Torterra|0 fnt\n|faint|p2a: Torterra\n|\n|upkeep\n|\n|t:|1699938596\n|switch|p2a: Quaquaval|Quaquaval, F|100\/100\n|turn|8\n|\n|t:|1699938602\n|switch|p1a: Landorus|Landorus-Therian, M, shiny|100\/100\n|-ability|p1a: Landorus|Intimidate|boost\n|-unboost|p2a: Quaquaval|atk|1\n|move|p2a: Quaquaval|Swords Dance|p2a: Quaquaval\n|-boost|p2a: Quaquaval|atk|2\n|\n|upkeep\n|turn|9\n|\n|t:|1699938612\n|move|p2a: Quaquaval|Aqua Step|p1a: Landorus\n|-supereffective|p1a: Landorus\n|-damage|p1a: Landorus|14\/100\n|-boost|p2a: Quaquaval|spe|1\n|-damage|p2a: Quaquaval|84\/100|[from] item: Rocky Helmet|[of] p1a: Landorus\n|move|p1a: Landorus|Stealth Rock|p2a: Quaquaval\n|-sidestart|p2: IceBerryCoffee|move: Stealth Rock\n|\n|-heal|p2a: Quaquaval|90\/100|[from] item: Leftovers\n|upkeep\n|turn|10\n|\n|t:|1699938622\n|move|p2a: Quaquaval|Aqua Step|p1a: Landorus\n|-supereffective|p1a: Landorus\n|-damage|p1a: Landorus|0 fnt\n|-boost|p2a: Quaquaval|spe|1\n|-damage|p2a: Quaquaval|74\/100|[from] item: Rocky Helmet|[of] p1a: Landorus\n|faint|p1a: Landorus\n|-ability|p2a: Quaquaval|Moxie|boost\n|-boost|p2a: Quaquaval|atk|1\n|\n|-heal|p2a: Quaquaval|80\/100|[from] item: Leftovers\n|upkeep\n|\n|t:|1699938633\n|switch|p1a: Diancie|Diancie|100\/100\n|turn|11\n|\n|t:|1699938641\n|move|p2a: Quaquaval|Aqua Step|p1a: Diancie\n|-supereffective|p1a: Diancie\n|-damage|p1a: Diancie|0 fnt\n|-boost|p2a: Quaquaval|spe|1\n|faint|p1a: Diancie\n|-ability|p2a: Quaquaval|Moxie|boost\n|-boost|p2a: Quaquaval|atk|1\n|\n|-heal|p2a: Quaquaval|86\/100|[from] item: Leftovers\n|upkeep\n|-message|YZY2013 forfeited.\n|\n|win|IceBerryCoffee\n|raw|YZY2013's rating: 1315 &rarr; <strong>1298<\/strong><br \/>(-17 for losing)\n|raw|IceBerryCoffee's rating: 1359 &rarr; <strong>1376<\/strong><br \/>(+17 for winning)\n|l|\u2606YZY2013\n","uploadtime":1699938652,"views":4,"p1id":"yzy2013","p2id":"iceberrycoffee","formatid":"gen9nationaldex","rating":1298,"private":0,"password":""}