{"id":"gen9nationaldex-1994543693","p1":"jusemato","p2":"Dhrim15","format":"[Gen 9] National Dex","log":"|j|\u2606jusemato\n|j|\u2606Dhrim15\n|t:|1700457246\n|gametype|singles\n|player|p1|jusemato|worker|\n|player|p2|Dhrim15|pokekid|\n|teamsize|p1|6\n|teamsize|p2|6\n|gen|9\n|tier|[Gen 9] National Dex\n|rule|HP Percentage Mod: HP is shown in percentages\n|rule|Endless Battle Clause: Forcing endless battles is banned\n|rule|OHKO Clause: OHKO moves are banned\n|rule|Evasion Clause: Evasion abilities, items, and moves are banned\n|rule|Evasion Abilities Clause: Evasion abilities are banned\n|rule|Evasion Items Clause: Evasion items are banned\n|rule|Evasion Moves Clause: Evasion moves are banned\n|rule|Species Clause: Limit one of each Pok\u00e9mon\n|rule|Sleep Clause Mod: Limit one foe put to sleep\n|clearpoke\n|poke|p1|Politoed, M|\n|poke|p1|Toxicroak, M|\n|poke|p1|Greninja-*, M|\n|poke|p1|Seismitoad, M|\n|poke|p1|Venusaur, M|\n|poke|p1|Bellibolt, M|\n|poke|p2|Eiscue, M|\n|poke|p2|Bastiodon, M|\n|poke|p2|Palossand, M|\n|poke|p2|Garbodor, F|\n|poke|p2|Bronzong|\n|poke|p2|Guzzlord|\n|teampreview\n|c|\u2606jusemato|Mucha suerte\n|c|\u2606Dhrim15|Igualmente bro\n|\n|t:|1700457286\n|start\n|switch|p1a: Greninja|Greninja, M|100\/100\n|switch|p2a: Bastiodon|Bastiodon, M|100\/100\n|turn|1\n|\n|t:|1700457301\n|move|p1a: Greninja|Water Shuriken|p2a: Bastiodon\n|-start|p1a: Greninja|typechange|Water|[from] ability: Protean\n|-supereffective|p2a: Bastiodon\n|-damage|p2a: Bastiodon|89\/100\n|-supereffective|p2a: Bastiodon\n|-damage|p2a: Bastiodon|78\/100\n|-supereffective|p2a: Bastiodon\n|-damage|p2a: Bastiodon|65\/100\n|-supereffective|p2a: Bastiodon\n|-damage|p2a: Bastiodon|52\/100\n|-hitcount|p2a: Bastiodon|4\n|move|p2a: Bastiodon|Stealth Rock|p1a: Greninja\n|-sidestart|p1: jusemato|move: Stealth Rock\n|\n|upkeep\n|turn|2\n|\n|t:|1700457317\n|move|p1a: Greninja|Water Shuriken|p2a: Bastiodon\n|-supereffective|p2a: Bastiodon\n|-damage|p2a: Bastiodon|39\/100\n|-supereffective|p2a: Bastiodon\n|-damage|p2a: Bastiodon|26\/100\n|-supereffective|p2a: Bastiodon\n|-damage|p2a: Bastiodon|13\/100\n|-supereffective|p2a: Bastiodon\n|-damage|p2a: Bastiodon|0 fnt\n|faint|p2a: Bastiodon\n|-hitcount|p2: Bastiodon|4\n|\n|upkeep\n|\n|t:|1700457341\n|switch|p2a: Bronzong|Bronzong|100\/100\n|turn|3\n|\n|t:|1700457353\n|move|p1a: Greninja|U-turn|p2a: Bronzong\n|-damage|p2a: Bronzong|87\/100\n|\n|t:|1700457356\n|switch|p1a: Bellibolt|Bellibolt, M, shiny|100\/100|[from] U-turn\n|-damage|p1a: Bellibolt|88\/100|[from] Stealth Rock\n|move|p2a: Bronzong|Future Sight|p1a: Bellibolt\n|-start|p2a: Bronzong|move: Future Sight\n|\n|-heal|p1a: Bellibolt|94\/100|[from] item: Leftovers\n|-heal|p2a: Bronzong|93\/100|[from] item: Leftovers\n|upkeep\n|turn|4\n|\n|t:|1700457367\n|move|p1a: Bellibolt|Soak|p2a: Bronzong\n|-start|p2a: Bronzong|typechange|Water\n|move|p2a: Bronzong|Toxic|p1a: Bellibolt\n|-status|p1a: Bellibolt|tox\n|\n|-heal|p1a: Bellibolt|100\/100 tox|[from] item: Leftovers\n|-heal|p2a: Bronzong|99\/100|[from] item: Leftovers\n|-damage|p1a: Bellibolt|94\/100 tox|[from] psn\n|upkeep\n|turn|5\n|\n|t:|1700457380\n|move|p1a: Bellibolt|Parabolic Charge|p2a: Bronzong\n|-supereffective|p2a: Bronzong\n|-damage|p2a: Bronzong|67\/100\n|-heal|p1a: Bellibolt|100\/100 tox|[from] drain|[of] p2a: Bronzong\n|move|p2a: Bronzong|Trick Room|p2a: Bronzong\n|-fieldstart|move: Trick Room|[of] p2a: Bronzong\n|\n|-end|p1a: Bellibolt|move: Future Sight\n|-damage|p1a: Bellibolt|83\/100 tox\n|-start|p1a: Bellibolt|Charge|Future Sight|[from] ability: Electromorphosis\n|-heal|p2a: Bronzong|73\/100|[from] item: Leftovers\n|-heal|p1a: Bellibolt|89\/100 tox|[from] item: Leftovers\n|-damage|p1a: Bellibolt|77\/100 tox|[from] psn\n|upkeep\n|turn|6\n|\n|t:|1700457407\n|switch|p2a: Palossand|Palossand, M|100\/100\n|move|p1a: Bellibolt|Slack Off|p1a: Bellibolt\n|-heal|p1a: Bellibolt|100\/100 tox\n|\n|-damage|p1a: Bellibolt|82\/100 tox|[from] psn\n|upkeep\n|turn|7\n|\n|t:|1700457436\n|move|p2a: Palossand|Scorching Sands|p1a: Bellibolt\n|-supereffective|p1a: Bellibolt\n|-damage|p1a: Bellibolt|2\/100 tox\n|-start|p1a: Bellibolt|Charge|Scorching Sands|[from] ability: Electromorphosis\n|-damage|p2a: Palossand|91\/100|[from] item: Life Orb\n|move|p1a: Bellibolt|Muddy Water|p2a: Palossand|[miss]\n|-miss|p1a: Bellibolt|p2a: Palossand\n|\n|-heal|p1a: Bellibolt|8\/100 tox|[from] item: Leftovers\n|-damage|p1a: Bellibolt|0 fnt|[from] psn\n|faint|p1a: Bellibolt\n|upkeep\n|\n|t:|1700457450\n|switch|p1a: Venusaur|Venusaur, M|100\/100\n|-damage|p1a: Venusaur|88\/100|[from] Stealth Rock\n|turn|8\n|\n|t:|1700457466\n|move|p2a: Palossand|Psychic|p1a: Venusaur\n|-supereffective|p1a: Venusaur\n|-damage|p1a: Venusaur|15\/100\n|-damage|p2a: Palossand|81\/100|[from] item: Life Orb\n|move|p1a: Venusaur|Sleep Powder|p2a: Palossand|[miss]\n|-miss|p1a: Venusaur|p2a: Palossand\n|\n|upkeep\n|turn|9\n|\n|t:|1700457477\n|switch|p1a: Greninja|Greninja, M|100\/100\n|-damage|p1a: Greninja|88\/100|[from] Stealth Rock\n|move|p2a: Palossand|Scorching Sands|p1a: Greninja\n|-damage|p1a: Greninja|29\/100\n|-damage|p2a: Palossand|71\/100|[from] item: Life Orb\n|\n|-fieldend|move: Trick Room\n|upkeep\n|turn|10\n|\n|t:|1700457487\n|switch|p2a: Guzzlord|Guzzlord|100\/100\n|move|p1a: Greninja|Dark Pulse|p2a: Guzzlord\n|-start|p1a: Greninja|typechange|Dark|[from] ability: Protean\n|-resisted|p2a: Guzzlord\n|-damage|p2a: Guzzlord|89\/100\n|\n|upkeep\n|turn|11\n|\n|t:|1700457503\n|move|p1a: Greninja|U-turn|p2a: Guzzlord\n|-supereffective|p2a: Guzzlord\n|-damage|p2a: Guzzlord|64\/100\n|\n|t:|1700457506\n|switch|p1a: Venusaur|Venusaur, M|15\/100|[from] U-turn\n|-damage|p1a: Venusaur|2\/100|[from] Stealth Rock\n|move|p2a: Guzzlord|Dragon Claw|p1a: Venusaur\n|-damage|p1a: Venusaur|0 fnt\n|faint|p1a: Venusaur\n|-ability|p2a: Guzzlord|Beast Boost|boost\n|-boost|p2a: Guzzlord|atk|1\n|\n|upkeep\n|\n|t:|1700457522\n|switch|p1a: Greninja|Greninja, M|29\/100\n|-damage|p1a: Greninja|16\/100|[from] Stealth Rock\n|turn|12\n|\n|t:|1700457538\n|switch|p2a: Garbodor|Garbodor, F|100\/100\n|move|p1a: Greninja|Ice Beam|p2a: Garbodor\n|-start|p1a: Greninja|typechange|Ice|[from] ability: Protean\n|-damage|p2a: Garbodor|49\/100\n|\n|upkeep\n|turn|13\n|\n|t:|1700457549\n|move|p1a: Greninja|Ice Beam|p2a: Garbodor\n|-damage|p2a: Garbodor|0 fnt\n|faint|p2a: Garbodor\n|\n|upkeep\n|\n|t:|1700457552\n|switch|p2a: Bronzong|Bronzong|73\/100\n|turn|14\n|\n|t:|1700457556\n|move|p1a: Greninja|Dark Pulse|p2a: Bronzong\n|-supereffective|p2a: Bronzong\n|-damage|p2a: Bronzong|41\/100\n|cant|p2a: Bronzong|flinch\n|\n|-heal|p2a: Bronzong|47\/100|[from] item: Leftovers\n|upkeep\n|turn|15\n|\n|t:|1700457564\n|move|p1a: Greninja|Dark Pulse|p2a: Bronzong\n|-supereffective|p2a: Bronzong\n|-damage|p2a: Bronzong|14\/100\n|move|p2a: Bronzong|Trick Room|p2a: Bronzong\n|-fieldstart|move: Trick Room|[of] p2a: Bronzong\n|\n|-heal|p2a: Bronzong|20\/100|[from] item: Leftovers\n|upkeep\n|turn|16\n|\n|t:|1700457586\n|move|p1a: Greninja|Water Shuriken|p2a: Bronzong\n|-damage|p2a: Bronzong|16\/100\n|-damage|p2a: Bronzong|13\/100\n|-damage|p2a: Bronzong|9\/100\n|-damage|p2a: Bronzong|6\/100\n|-hitcount|p2a: Bronzong|4\n|move|p2a: Bronzong|Earthquake|p1a: Greninja\n|-damage|p1a: Greninja|0 fnt\n|faint|p1a: Greninja\n|\n|-heal|p2a: Bronzong|12\/100|[from] item: Leftovers\n|upkeep\n|\n|t:|1700457602\n|switch|p1a: Politoed|Politoed, M, shiny|100\/100\n|-damage|p1a: Politoed|88\/100|[from] Stealth Rock\n|-weather|RainDance|[from] ability: Drizzle|[of] p1a: Politoed\n|turn|17\n|\n|t:|1700457610\n|move|p2a: Bronzong|Toxic|p1a: Politoed\n|-status|p1a: Politoed|tox\n|move|p1a: Politoed|Scald|p2a: Bronzong\n|-damage|p2a: Bronzong|0 fnt\n|faint|p2a: Bronzong\n|\n|-weather|RainDance|[upkeep]\n|-damage|p1a: Politoed|82\/100 tox|[from] psn\n|upkeep\n|\n|t:|1700457630\n|switch|p2a: Guzzlord|Guzzlord|64\/100\n|turn|18\n|\n|t:|1700457646\n|move|p2a: Guzzlord|Dragon Claw|p1a: Politoed\n|-damage|p1a: Politoed|39\/100 tox\n|move|p1a: Politoed|Ice Beam|p2a: Guzzlord\n|-supereffective|p2a: Guzzlord\n|-crit|p2a: Guzzlord\n|-damage|p2a: Guzzlord|14\/100\n|\n|-weather|RainDance|[upkeep]\n|-damage|p1a: Politoed|26\/100 tox|[from] psn\n|upkeep\n|turn|19\n|\n|t:|1700457656\n|move|p2a: Guzzlord|Dragon Claw|p1a: Politoed\n|-damage|p1a: Politoed|0 fnt\n|faint|p1a: Politoed\n|-ability|p2a: Guzzlord|Beast Boost|boost\n|-boost|p2a: Guzzlord|atk|1\n|\n|-weather|RainDance|[upkeep]\n|-fieldend|move: Trick Room\n|upkeep\n|\n|t:|1700457659\n|switch|p1a: Seismitoad|Seismitoad, M|100\/100\n|-damage|p1a: Seismitoad|94\/100|[from] Stealth Rock\n|turn|20\n|\n|t:|1700457665\n|move|p1a: Seismitoad|Surf|p2a: Guzzlord\n|-resisted|p2a: Guzzlord\n|-crit|p2a: Guzzlord\n|-damage|p2a: Guzzlord|0 fnt\n|faint|p2a: Guzzlord\n|\n|-weather|RainDance|[upkeep]\n|upkeep\n|\n|t:|1700457671\n|switch|p2a: Palossand|Palossand, M|71\/100\n|turn|21\n|\n|t:|1700457679\n|move|p1a: Seismitoad|Surf|p2a: Palossand\n|-supereffective|p2a: Palossand\n|-damage|p2a: Palossand|0 fnt\n|faint|p2a: Palossand\n|\n|-weather|RainDance|[upkeep]\n|upkeep\n|\n|t:|1700457682\n|switch|p2a: Eiscue|Eiscue, M|100\/100\n|turn|22\n|\n|t:|1700457690\n|-terastallize|p2a: Eiscue|Grass\n|move|p1a: Seismitoad|Surf|p2a: Eiscue\n|-resisted|p2a: Eiscue\n|-damage|p2a: Eiscue|59\/100\n|move|p2a: Eiscue|Belly Drum|p2a: Eiscue\n|-damage|p2a: Eiscue|9\/100\n|-setboost|p2a: Eiscue|atk|6|[from] move: Belly Drum\n|-enditem|p2a: Eiscue|Sitrus Berry|[eat]\n|-heal|p2a: Eiscue|34\/100|[from] item: Sitrus Berry\n|\n|-weather|RainDance|[upkeep]\n|upkeep\n|turn|23\n|\n|t:|1700457710\n|move|p1a: Seismitoad|Surf|p2a: Eiscue\n|-resisted|p2a: Eiscue\n|-damage|p2a: Eiscue|0 fnt\n|faint|p2a: Eiscue\n|\n|win|jusemato\n","uploadtime":1700457720,"views":7,"p1id":"jusemato","p2id":"dhrim15","formatid":"gen9nationaldex","rating":0,"private":0,"password":""}