{"id":"gen9nationaldex-1994686404","p1":"EXODIA LE MAUDIT","p2":"fan_de_stall","format":"[Gen 9] National Dex","log":"|html|<div class=\"broadcast-blue\"><strong>[Gen 9] National Dex is currently suspecting Sneasler! For information on how to participate check out the <a href=\"https:\/\/www.smogon.com\/forums\/threads\/sv-national-dex-suspect-8-just-dance.3731534\/\">suspect thread<\/a>.<\/strong><\/div>\n|j|\u2606EXODIA LE MAUDIT\n|j|\u2606fan_de_stall\n|t:|1700480950\n|gametype|singles\n|player|p1|EXODIA LE MAUDIT|1|1211\n|player|p2|fan_de_stall|scientist-gen4|1120\n|teamsize|p1|6\n|teamsize|p2|6\n|gen|9\n|tier|[Gen 9] National Dex\n|rated|\n|rule|HP Percentage Mod: HP is shown in percentages\n|rule|Endless Battle Clause: Forcing endless battles is banned\n|rule|OHKO Clause: OHKO moves are banned\n|rule|Evasion Clause: Evasion abilities, items, and moves are banned\n|rule|Evasion Abilities Clause: Evasion abilities are banned\n|rule|Evasion Items Clause: Evasion items are banned\n|rule|Evasion Moves Clause: Evasion moves are banned\n|rule|Species Clause: Limit one of each Pok\u00e9mon\n|rule|Sleep Clause Mod: Limit one foe put to sleep\n|clearpoke\n|poke|p1|Ribombee, F|\n|poke|p1|Iron Valiant|\n|poke|p1|Pinsir, M|\n|poke|p1|Tapu Lele|\n|poke|p1|Porygon-Z|\n|poke|p1|Great Tusk|\n|poke|p2|Corsola-Galar, F|\n|poke|p2|Toxapex, M|\n|poke|p2|Ferrothorn, F|\n|poke|p2|Gliscor, M|\n|poke|p2|Garganacl, M|\n|poke|p2|Alomomola, F|\n|teampreview\n|j| Lacroz\n|\n|t:|1700480971\n|start\n|switch|p1a: Ribombee|Ribombee, F, shiny|100\/100\n|switch|p2a: Garganacl|Garganacl, M, shiny|100\/100\n|turn|1\n|\n|t:|1700480987\n|move|p1a: Ribombee|Sticky Web|p2a: Garganacl\n|-sidestart|p2: fan_de_stall|move: Sticky Web\n|move|p2a: Garganacl|Substitute|p2a: Garganacl\n|-start|p2a: Garganacl|Substitute\n|-damage|p2a: Garganacl|75\/100\n|\n|-heal|p2a: Garganacl|82\/100|[from] item: Leftovers\n|upkeep\n|turn|2\n|\n|t:|1700481001\n|switch|p1a: Great Tusk|Great Tusk|100\/100\n|move|p2a: Garganacl|Iron Defense|p2a: Garganacl\n|-boost|p2a: Garganacl|def|2\n|\n|-heal|p2a: Garganacl|88\/100|[from] item: Leftovers\n|upkeep\n|turn|3\n|\n|t:|1700481013\n|move|p1a: Great Tusk|Headlong Rush|p2a: Garganacl\n|-supereffective|p2a: Garganacl\n|-crit|p2a: Garganacl\n|-end|p2a: Garganacl|Substitute\n|-unboost|p1a: Great Tusk|def|1\n|-unboost|p1a: Great Tusk|spd|1\n|move|p2a: Garganacl|Iron Defense|p2a: Garganacl\n|-boost|p2a: Garganacl|def|2\n|\n|-heal|p2a: Garganacl|94\/100|[from] item: Leftovers\n|upkeep\n|turn|4\n|\n|t:|1700481025\n|-end|p1a: Great Tusk|Protosynthesis|[silent]\n|switch|p1a: Tapu Lele|Tapu Lele|100\/100\n|-fieldstart|move: Psychic Terrain|[from] ability: Psychic Surge|[of] p1a: Tapu Lele\n|move|p2a: Garganacl|Salt Cure|p1a: Tapu Lele\n|-damage|p1a: Tapu Lele|80\/100\n|-start|p1a: Tapu Lele|Salt Cure\n|\n|-heal|p2a: Garganacl|99\/100|[from] item: Leftovers\n|-damage|p1a: Tapu Lele|67\/100|[from] Salt Cure\n|upkeep\n|turn|5\n|\n|t:|1700481036\n|move|p1a: Tapu Lele|Focus Blast|p2a: Garganacl\n|-supereffective|p2a: Garganacl\n|-damage|p2a: Garganacl|50\/100\n|move|p2a: Garganacl|Substitute|p2a: Garganacl\n|-start|p2a: Garganacl|Substitute\n|-damage|p2a: Garganacl|25\/100\n|\n|-heal|p2a: Garganacl|31\/100|[from] item: Leftovers\n|-damage|p1a: Tapu Lele|55\/100|[from] Salt Cure\n|upkeep\n|turn|6\n|\n|t:|1700481047\n|move|p2a: Garganacl|Protect|p2a: Garganacl\n|-singleturn|p2a: Garganacl|Protect\n|move|p1a: Tapu Lele|Focus Blast|p2a: Garganacl\n|-activate|p2a: Garganacl|move: Protect\n|\n|-heal|p2a: Garganacl|37\/100|[from] item: Leftovers\n|-damage|p1a: Tapu Lele|42\/100|[from] Salt Cure\n|upkeep\n|turn|7\n|\n|t:|1700481058\n|move|p1a: Tapu Lele|Focus Blast|p2a: Garganacl\n|-supereffective|p2a: Garganacl\n|-end|p2a: Garganacl|Substitute\n|move|p2a: Garganacl|Salt Cure|p1a: Tapu Lele\n|-damage|p1a: Tapu Lele|21\/100\n|\n|-heal|p2a: Garganacl|43\/100|[from] item: Leftovers\n|-damage|p1a: Tapu Lele|9\/100|[from] Salt Cure\n|upkeep\n|turn|8\n|\n|t:|1700481099\n|move|p2a: Garganacl|Protect|p2a: Garganacl\n|-singleturn|p2a: Garganacl|Protect\n|move|p1a: Tapu Lele|Focus Blast|p2a: Garganacl\n|-activate|p2a: Garganacl|move: Protect\n|\n|-heal|p2a: Garganacl|50\/100|[from] item: Leftovers\n|-damage|p1a: Tapu Lele|0 fnt|[from] Salt Cure\n|faint|p1a: Tapu Lele\n|-fieldend|move: Psychic Terrain\n|upkeep\n|\n|t:|1700481124\n|switch|p1a: Porygon-Z|Porygon-Z, shiny|100\/100\n|turn|9\n|\n|t:|1700481129\n|move|p1a: Porygon-Z|Nasty Plot|p1a: Porygon-Z\n|-boost|p1a: Porygon-Z|spa|2\n|move|p2a: Garganacl|Substitute|p2a: Garganacl\n|-start|p2a: Garganacl|Substitute\n|-damage|p2a: Garganacl|25\/100\n|\n|-heal|p2a: Garganacl|31\/100|[from] item: Leftovers\n|upkeep\n|turn|10\n|\n|t:|1700481138\n|move|p2a: Garganacl|Protect|p2a: Garganacl\n|-singleturn|p2a: Garganacl|Protect\n|move|p1a: Porygon-Z|Thunderbolt|p2a: Garganacl\n|-activate|p2a: Garganacl|move: Protect\n|\n|-heal|p2a: Garganacl|37\/100|[from] item: Leftovers\n|upkeep\n|turn|11\n|c|\u2606EXODIA LE MAUDIT|Zzzzz\n|\n|t:|1700481147\n|move|p1a: Porygon-Z|Thunderbolt|p2a: Garganacl\n|-end|p2a: Garganacl|Substitute\n|-damage|p1a: Porygon-Z|91\/100|[from] item: Life Orb\n|move|p2a: Garganacl|Salt Cure|p1a: Porygon-Z\n|-damage|p1a: Porygon-Z|68\/100\n|-start|p1a: Porygon-Z|Salt Cure\n|\n|-heal|p2a: Garganacl|43\/100|[from] item: Leftovers\n|-damage|p1a: Porygon-Z|56\/100|[from] Salt Cure\n|upkeep\n|turn|12\n|\n|t:|1700481158\n|move|p2a: Garganacl|Protect|p2a: Garganacl\n|-singleturn|p2a: Garganacl|Protect\n|move|p1a: Porygon-Z|Thunderbolt|p2a: Garganacl\n|-activate|p2a: Garganacl|move: Protect\n|\n|-heal|p2a: Garganacl|49\/100|[from] item: Leftovers\n|-damage|p1a: Porygon-Z|44\/100|[from] Salt Cure\n|upkeep\n|turn|13\n|\n|t:|1700481182\n|move|p1a: Porygon-Z|Thunderbolt|p2a: Garganacl\n|-damage|p2a: Garganacl|0 fnt\n|faint|p2a: Garganacl\n|-damage|p1a: Porygon-Z|34\/100|[from] item: Life Orb\n|\n|-damage|p1a: Porygon-Z|22\/100|[from] Salt Cure\n|upkeep\n|\n|t:|1700481191\n|switch|p2a: Corsola|Corsola-Galar, F, shiny|100\/100\n|-activate|p2a: Corsola|move: Sticky Web\n|-unboost|p2a: Corsola|spe|1\n|turn|14\n|\n|t:|1700481210\n|-terastallize|p2a: Corsola|Bug\n|move|p1a: Porygon-Z|Thunderbolt|p2a: Corsola\n|-damage|p2a: Corsola|62\/100\n|-damage|p1a: Porygon-Z|12\/100|[from] item: Life Orb\n|move|p2a: Corsola|Stealth Rock|p1a: Porygon-Z\n|-sidestart|p1: EXODIA LE MAUDIT|move: Stealth Rock\n|\n|-damage|p1a: Porygon-Z|0 fnt|[from] Salt Cure\n|faint|p1a: Porygon-Z\n|upkeep\n|\n|t:|1700481248\n|switch|p1a: Iron Valiant|Iron Valiant|100\/100\n|-damage|p1a: Iron Valiant|94\/100|[from] Stealth Rock\n|-enditem|p1a: Iron Valiant|Booster Energy\n|-activate|p1a: Iron Valiant|ability: Quark Drive|[fromitem]\n|-start|p1a: Iron Valiant|quarkdrivespe\n|turn|15\n|\n|t:|1700481259\n|switch|p2a: Toxapex|Toxapex, M, shiny|100\/100\n|-activate|p2a: Toxapex|move: Sticky Web\n|-unboost|p2a: Toxapex|spe|1\n|move|p1a: Iron Valiant|Swords Dance|p1a: Iron Valiant\n|-boost|p1a: Iron Valiant|atk|2\n|\n|upkeep\n|turn|16\n|\n|t:|1700481271\n|-terastallize|p1a: Iron Valiant|Water\n|move|p2a: Toxapex|Baneful Bunker|p2a: Toxapex\n|-singleturn|p2a: Toxapex|move: Protect\n|move|p1a: Iron Valiant|Liquidation|p2a: Toxapex\n|-activate|p2a: Toxapex|move: Protect\n|-status|p1a: Iron Valiant|psn\n|\n|-damage|p1a: Iron Valiant|82\/100 psn|[from] psn\n|upkeep\n|turn|17\n|\n|t:|1700481284\n|move|p1a: Iron Valiant|Liquidation|p2a: Toxapex\n|-resisted|p2a: Toxapex\n|-damage|p2a: Toxapex|61\/100\n|-unboost|p2a: Toxapex|def|1\n|move|p2a: Toxapex|Substitute|p2a: Toxapex\n|-start|p2a: Toxapex|Substitute\n|-damage|p2a: Toxapex|37\/100\n|\n|-heal|p2a: Toxapex|43\/100|[from] item: Black Sludge\n|-damage|p1a: Iron Valiant|69\/100 psn|[from] psn\n|upkeep\n|turn|18\n|\n|t:|1700481299\n|move|p2a: Toxapex|Baneful Bunker|p2a: Toxapex\n|-singleturn|p2a: Toxapex|move: Protect\n|move|p1a: Iron Valiant|Swords Dance|p1a: Iron Valiant\n|-boost|p1a: Iron Valiant|atk|2\n|\n|-heal|p2a: Toxapex|49\/100|[from] item: Black Sludge\n|-damage|p1a: Iron Valiant|57\/100 psn|[from] psn\n|upkeep\n|turn|19\n|\n|t:|1700481310\n|move|p1a: Iron Valiant|Liquidation|p2a: Toxapex\n|-resisted|p2a: Toxapex\n|-end|p2a: Toxapex|Substitute\n|move|p2a: Toxapex|Scald|p1a: Iron Valiant\n|-resisted|p1a: Iron Valiant\n|-damage|p1a: Iron Valiant|42\/100 psn\n|\n|-heal|p2a: Toxapex|55\/100|[from] item: Black Sludge\n|-damage|p1a: Iron Valiant|30\/100 psn|[from] psn\n|upkeep\n|turn|20\n|\n|t:|1700481323\n|move|p2a: Toxapex|Baneful Bunker|p2a: Toxapex\n|-singleturn|p2a: Toxapex|move: Protect\n|move|p1a: Iron Valiant|Liquidation|p2a: Toxapex\n|-activate|p2a: Toxapex|move: Protect\n|\n|-heal|p2a: Toxapex|61\/100|[from] item: Black Sludge\n|-damage|p1a: Iron Valiant|17\/100 psn|[from] psn\n|upkeep\n|turn|21\n|\n|t:|1700481333\n|move|p2a: Toxapex|Baneful Bunker|p2a: Toxapex\n|-singleturn|p2a: Toxapex|move: Protect\n|move|p1a: Iron Valiant|Liquidation|p2a: Toxapex\n|-activate|p2a: Toxapex|move: Protect\n|\n|-heal|p2a: Toxapex|68\/100|[from] item: Black Sludge\n|-damage|p1a: Iron Valiant|5\/100 psn|[from] psn\n|upkeep\n|turn|22\n|\n|t:|1700481346\n|switch|p2a: Alomomola|Alomomola, F, shiny|100\/100\n|-activate|p2a: Alomomola|move: Sticky Web\n|-unboost|p2a: Alomomola|spe|1\n|move|p1a: Iron Valiant|Liquidation|p2a: Alomomola\n|-resisted|p2a: Alomomola\n|-damage|p2a: Alomomola|65\/100\n|\n|-heal|p2a: Alomomola|71\/100|[from] item: Leftovers\n|-damage|p1a: Iron Valiant|0 fnt|[from] psn\n|faint|p1a: Iron Valiant\n|-end|p1a: Iron Valiant|Quark Drive|[silent]\n|upkeep\n|\n|t:|1700481373\n|switch|p1a: Pinsir|Pinsir, M|100\/100\n|-damage|p1a: Pinsir|76\/100|[from] Stealth Rock\n|turn|23\n|\n|t:|1700481380\n|detailschange|p1a: Pinsir|Pinsir-Mega, M\n|-mega|p1a: Pinsir|Pinsir|Pinsirite\n|move|p1a: Pinsir|Swords Dance|p1a: Pinsir\n|-boost|p1a: Pinsir|atk|2\n|move|p2a: Alomomola|Flip Turn|p1a: Pinsir\n|-damage|p1a: Pinsir|58\/100\n|\n|t:|1700481388\n|switch|p2a: Toxapex|Toxapex, M, shiny|100\/100|[from] Flip Turn\n|-activate|p2a: Toxapex|move: Sticky Web\n|-unboost|p2a: Toxapex|spe|1\n|\n|upkeep\n|turn|24\n|\n|t:|1700481397\n|move|p1a: Pinsir|Earthquake|p2a: Toxapex\n|-supereffective|p2a: Toxapex\n|-damage|p2a: Toxapex|0 fnt\n|faint|p2a: Toxapex\n|\n|upkeep\n|\n|t:|1700481403\n|switch|p2a: Gliscor|Gliscor, M, shiny|100\/100\n|turn|25\n|\n|t:|1700481407\n|move|p1a: Pinsir|Return|p2a: Gliscor\n|-damage|p2a: Gliscor|4\/100\n|move|p2a: Gliscor|Toxic|p1a: Pinsir\n|-status|p1a: Pinsir|tox\n|\n|-damage|p1a: Pinsir|52\/100 tox|[from] psn\n|-status|p2a: Gliscor|tox|[from] item: Toxic Orb\n|upkeep\n|turn|26\n|\n|t:|1700481418\n|move|p2a: Gliscor|Protect|p2a: Gliscor\n|-singleturn|p2a: Gliscor|Protect\n|move|p1a: Pinsir|Quick Attack|p2a: Gliscor\n|-activate|p2a: Gliscor|move: Protect\n|\n|-damage|p1a: Pinsir|40\/100 tox|[from] psn\n|-heal|p2a: Gliscor|16\/100 tox|[from] ability: Poison Heal\n|upkeep\n|turn|27\n|\n|t:|1700481428\n|move|p2a: Gliscor|Protect|p2a: Gliscor\n|-singleturn|p2a: Gliscor|Protect\n|move|p1a: Pinsir|Return|p2a: Gliscor\n|-activate|p2a: Gliscor|move: Protect\n|\n|-damage|p1a: Pinsir|22\/100 tox|[from] psn\n|-heal|p2a: Gliscor|29\/100 tox|[from] ability: Poison Heal\n|upkeep\n|turn|28\n|\n|t:|1700481439\n|move|p2a: Gliscor|Protect||[still]\n|-fail|p2a: Gliscor\n|move|p1a: Pinsir|Return|p2a: Gliscor\n|-damage|p2a: Gliscor|0 fnt\n|faint|p2a: Gliscor\n|\n|-damage|p1a: Pinsir|0 fnt|[from] psn\n|faint|p1a: Pinsir\n|upkeep\n|c|\u2606EXODIA LE MAUDIT|Joue comme un homme lieu de faire la lopsa\n|c|\u2606EXODIA LE MAUDIT|Fan de stall mdrrr sale scatophile va\n|-message|EXODIA LE MAUDIT forfeited.\n|\n|win|fan_de_stall\n|raw|EXODIA LE MAUDIT's rating: 1211 &rarr; <strong>1180<\/strong><br \/>(-31 for losing)\n|raw|fan_de_stall's rating: 1120 &rarr; <strong>1151<\/strong><br \/>(+31 for winning)\n|l|\u2606EXODIA LE MAUDIT\n","uploadtime":1700481516,"views":1,"p1id":"exodialemaudit","p2id":"fandestall","formatid":"gen9nationaldex","rating":1151,"private":0,"password":""}