{"id":"gen9nationaldex-1990707226","p1":"HINoobs3333","p2":"Maxx Zwei","format":"[Gen 9] National Dex","log":"|j|\u2606HINoobs3333\n|j|\u2606Maxx Zwei\n|t:|1699993527\n|gametype|singles\n|player|p1|HINoobs3333|pryce|1000\n|player|p2|Maxx Zwei|riley|1107\n|teamsize|p1|6\n|teamsize|p2|6\n|gen|9\n|tier|[Gen 9] National Dex\n|rated|\n|rule|HP Percentage Mod: HP is shown in percentages\n|rule|Endless Battle Clause: Forcing endless battles is banned\n|rule|OHKO Clause: OHKO moves are banned\n|rule|Evasion Clause: Evasion abilities, items, and moves are banned\n|rule|Evasion Abilities Clause: Evasion abilities are banned\n|rule|Evasion Items Clause: Evasion items are banned\n|rule|Evasion Moves Clause: Evasion moves are banned\n|rule|Species Clause: Limit one of each Pok\u00e9mon\n|rule|Sleep Clause Mod: Limit one foe put to sleep\n|clearpoke\n|poke|p1|Sirfetch\u2019d, M|\n|poke|p1|Banette, M|\n|poke|p1|Sneasler, M|\n|poke|p1|Garchomp, M|\n|poke|p1|Ting-Lu|\n|poke|p1|Dondozo, F|\n|poke|p2|Tyranitar, M|\n|poke|p2|Arcanine-Hisui, F|\n|poke|p2|Glimmora, F|\n|poke|p2|Cradily, F|\n|poke|p2|Archeops, M|\n|poke|p2|Kleavor, F|\n|teampreview\n|inactive|Battle timer is ON: inactive players will automatically lose when time's up. (requested by Maxx Zwei)\n|\n|t:|1699993547\n|start\n|switch|p1a: Garchomp|Garchomp, M|100\/100\n|switch|p2a: Glimmora|Glimmora, F|100\/100\n|-item|p2a: Glimmora|Air Balloon\n|turn|1\n|\n|t:|1699993562\n|move|p2a: Glimmora|Mortal Spin|p1a: Garchomp\n|-resisted|p1a: Garchomp\n|-damage|p1a: Garchomp|98\/100\n|-status|p1a: Garchomp|psn\n|-damage|p2a: Glimmora|88\/100|[from] ability: Rough Skin|[of] p1a: Garchomp\n|-damage|p2a: Glimmora|72\/100|[from] item: Rocky Helmet|[of] p1a: Garchomp\n|move|p1a: Garchomp|Stealth Rock|p2a: Glimmora\n|-sidestart|p2: Maxx Zwei|move: Stealth Rock\n|\n|-damage|p1a: Garchomp|86\/100 psn|[from] psn\n|upkeep\n|turn|2\n|\n|t:|1699993576\n|move|p2a: Glimmora|Stealth Rock|p1a: Garchomp\n|-sidestart|p1: HINoobs3333|move: Stealth Rock\n|move|p1a: Garchomp|Flamethrower|p2a: Glimmora\n|-resisted|p2a: Glimmora\n|-crit|p2a: Glimmora\n|-damage|p2a: Glimmora|55\/100\n|-enditem|p2a: Glimmora|Air Balloon\n|\n|-damage|p1a: Garchomp|74\/100 psn|[from] psn\n|upkeep\n|turn|3\n|\n|t:|1699993599\n|move|p2a: Glimmora|Mortal Spin|p1a: Garchomp\n|-resisted|p1a: Garchomp\n|-damage|p1a: Garchomp|71\/100 psn\n|-damage|p2a: Glimmora|43\/100|[from] ability: Rough Skin|[of] p1a: Garchomp\n|-damage|p2a: Glimmora|26\/100|[from] item: Rocky Helmet|[of] p1a: Garchomp\n|-sideend|p2: Maxx Zwei|Stealth Rock|[from] move: Mortal Spin|[of] p2a: Glimmora\n|move|p1a: Garchomp|Earthquake|p2a: Glimmora\n|-supereffective|p2a: Glimmora\n|-damage|p2a: Glimmora|0 fnt\n|-activate|p2a: Glimmora|ability: Toxic Debris\n|-sidestart|p1: HINoobs3333|move: Toxic Spikes\n|faint|p2a: Glimmora\n|\n|-damage|p1a: Garchomp|59\/100 psn|[from] psn\n|upkeep\n|inactive|Maxx Zwei has 120 seconds left.\n|\n|t:|1699993620\n|switch|p2a: Archeops|Archeops, M|100\/100\n|turn|4\n|inactive|HINoobs3333 has 120 seconds left.\n|\n|t:|1699993646\n|switch|p1a: Sneasler|Sneasler, M|100\/100\n|-damage|p1a: Sneasler|95\/100|[from] Stealth Rock\n|-sideend|p1: HINoobs3333|move: Toxic Spikes|[of] p1a: Sneasler\n|move|p2a: Archeops|Air Slash|p1a: Sneasler\n|-supereffective|p1a: Sneasler\n|-damage|p1a: Sneasler|0 fnt\n|faint|p1a: Sneasler\n|\n|upkeep\n|inactive|HINoobs3333 has 120 seconds left.\n|\n|t:|1699993655\n|switch|p1a: Ting-Lu|Ting-Lu|100\/100\n|-damage|p1a: Ting-Lu|94\/100|[from] Stealth Rock\n|-ability|p1a: Ting-Lu|Vessel of Ruin\n|turn|5\n|inactive|HINoobs3333 has 120 seconds left.\n|\n|t:|1699993669\n|switch|p2a: Kleavor|Kleavor, F|100\/100\n|move|p1a: Ting-Lu|Ruination|p2a: Kleavor\n|-damage|p2a: Kleavor|51\/100\n|\n|upkeep\n|turn|6\n|inactive|HINoobs3333 has 120 seconds left.\n|\n|t:|1699993686\n|switch|p1a: Garchomp|Garchomp, M|59\/100 psn\n|-damage|p1a: Garchomp|53\/100 psn|[from] Stealth Rock\n|move|p2a: Kleavor|X-Scissor|p1a: Garchomp\n|-damage|p1a: Garchomp|11\/100 psn\n|-damage|p2a: Kleavor|38\/100|[from] ability: Rough Skin|[of] p1a: Garchomp\n|-damage|p2a: Kleavor|22\/100|[from] item: Rocky Helmet|[of] p1a: Garchomp\n|\n|-damage|p1a: Garchomp|0 fnt|[from] psn\n|faint|p1a: Garchomp\n|upkeep\n|\n|t:|1699993698\n|switch|p1a: Banette|Banette, M|100\/100\n|-damage|p1a: Banette|88\/100|[from] Stealth Rock\n|-item|p2a: Kleavor|Choice Scarf|[from] ability: Frisk|[of] p1a: Banette|[identify]\n|turn|7\n|\n|t:|1699993710\n|switch|p2a: Tyranitar|Tyranitar, M|100\/100\n|-weather|Sandstorm|[from] ability: Sand Stream|[of] p2a: Tyranitar\n|detailschange|p1a: Banette|Banette-Mega, M\n|-mega|p1a: Banette|Banette|Banettite\n|move|p1a: Banette|Trick Room|p1a: Banette\n|-fieldstart|move: Trick Room|[of] p1a: Banette\n|\n|-weather|Sandstorm|[upkeep]\n|-damage|p1a: Banette|82\/100|[from] Sandstorm\n|upkeep\n|turn|8\n|\n|t:|1699993730\n|-activate|p1a: Banette|move: Pursuit\n|detailschange|p2a: Tyranitar|Tyranitar-Mega, M\n|-mega|p2a: Tyranitar|Tyranitar|Tyranitarite\n|move|p2a: Tyranitar|Pursuit|p1a: Banette|[from]Pursuit\n|-supereffective|p1a: Banette\n|-damage|p1a: Banette|0 fnt\n|faint|p1a: Banette\n|-hint|A Pokemon can't switch between when it runs out of HP and when it faints\n|\n|-weather|Sandstorm|[upkeep]\n|upkeep\n|\n|t:|1699993738\n|switch|p1a: Sirfetch\u2019d|Sirfetch\u2019d, M|100\/100\n|-damage|p1a: Sirfetch\u2019d|94\/100|[from] Stealth Rock\n|turn|9\n|\n|t:|1699993748\n|move|p1a: Sirfetch\u2019d|Swords Dance|p1a: Sirfetch\u2019d\n|-boost|p1a: Sirfetch\u2019d|atk|2\n|move|p2a: Tyranitar|Thunder Wave|p1a: Sirfetch\u2019d\n|-status|p1a: Sirfetch\u2019d|par\n|\n|-weather|Sandstorm|[upkeep]\n|-damage|p1a: Sirfetch\u2019d|88\/100 par|[from] Sandstorm\n|upkeep\n|turn|10\n|\n|t:|1699993757\n|cant|p1a: Sirfetch\u2019d|par\n|move|p2a: Tyranitar|Stone Edge|p1a: Sirfetch\u2019d\n|-resisted|p1a: Sirfetch\u2019d\n|-damage|p1a: Sirfetch\u2019d|58\/100 par\n|\n|-weather|Sandstorm|[upkeep]\n|-damage|p1a: Sirfetch\u2019d|52\/100 par|[from] Sandstorm\n|upkeep\n|turn|11\n|\n|t:|1699993769\n|switch|p2a: Archeops|Archeops, M|100\/100\n|move|p1a: Sirfetch\u2019d|Close Combat|p2a: Archeops\n|-damage|p2a: Archeops|0 fnt\n|-unboost|p1a: Sirfetch\u2019d|def|1\n|-unboost|p1a: Sirfetch\u2019d|spd|1\n|faint|p2a: Archeops\n|-damage|p1a: Sirfetch\u2019d|42\/100 par|[from] item: Life Orb\n|\n|-weather|none\n|-fieldend|move: Trick Room\n|upkeep\n|\n|t:|1699993784\n|switch|p2a: Arcanine|Arcanine-Hisui, F|100\/100\n|turn|12\n|inactive|HINoobs3333 has 120 seconds left.\n|\n|t:|1699993796\n|switch|p1a: Ting-Lu|Ting-Lu|94\/100\n|-damage|p1a: Ting-Lu|88\/100|[from] Stealth Rock\n|-ability|p1a: Ting-Lu|Vessel of Ruin\n|move|p2a: Arcanine|Head Smash|p1a: Ting-Lu\n|-resisted|p1a: Ting-Lu\n|-damage|p1a: Ting-Lu|65\/100\n|\n|upkeep\n|turn|13\n|\n|t:|1699993806\n|switch|p2a: Tyranitar|Tyranitar-Mega, M|100\/100\n|-weather|Sandstorm|[from] ability: Sand Stream|[of] p2a: Tyranitar\n|move|p1a: Ting-Lu|Earthquake|p2a: Tyranitar\n|-supereffective|p2a: Tyranitar\n|-damage|p2a: Tyranitar|59\/100\n|\n|-weather|Sandstorm|[upkeep]\n|upkeep\n|turn|14\n|\n|t:|1699993820\n|switch|p2a: Cradily|Cradily, F|100\/100\n|move|p1a: Ting-Lu|Earthquake|p2a: Cradily\n|-damage|p2a: Cradily|73\/100\n|\n|-weather|Sandstorm|[upkeep]\n|-heal|p2a: Cradily|79\/100|[from] item: Leftovers\n|upkeep\n|turn|15\n|inactive|HINoobs3333 has 120 seconds left.\n|\n|t:|1699993838\n|move|p2a: Cradily|Toxic|p1a: Ting-Lu\n|-status|p1a: Ting-Lu|tox\n|move|p1a: Ting-Lu|Ruination|p2a: Cradily\n|-damage|p2a: Cradily|40\/100\n|\n|-weather|Sandstorm|[upkeep]\n|-heal|p2a: Cradily|46\/100|[from] item: Leftovers\n|-damage|p1a: Ting-Lu|59\/100 tox|[from] psn\n|upkeep\n|turn|16\n|inactive|HINoobs3333 has 120 seconds left.\n|\n|t:|1699993850\n|move|p2a: Cradily|Recover|p2a: Cradily\n|-heal|p2a: Cradily|96\/100\n|move|p1a: Ting-Lu|Ruination|p2a: Cradily\n|-damage|p2a: Cradily|48\/100\n|\n|-weather|Sandstorm|[upkeep]\n|-heal|p2a: Cradily|54\/100|[from] item: Leftovers\n|-damage|p1a: Ting-Lu|47\/100 tox|[from] psn\n|upkeep\n|turn|17\n|inactive|HINoobs3333 has 120 seconds left.\n|\n|t:|1699993873\n|switch|p1a: Dondozo|Dondozo, F|100\/100\n|-damage|p1a: Dondozo|88\/100|[from] Stealth Rock\n|move|p2a: Cradily|Recover|p2a: Cradily\n|-heal|p2a: Cradily|100\/100\n|\n|-weather|none\n|-heal|p1a: Dondozo|94\/100|[from] item: Leftovers\n|upkeep\n|turn|18\n|inactive|Maxx Zwei has 120 seconds left.\n|\n|t:|1699993912\n|move|p2a: Cradily|Toxic|p1a: Dondozo\n|-status|p1a: Dondozo|tox\n|move|p1a: Dondozo|Body Press|p2a: Cradily\n|-supereffective|p2a: Cradily\n|-damage|p2a: Cradily|68\/100\n|\n|-heal|p2a: Cradily|74\/100|[from] item: Leftovers\n|-heal|p1a: Dondozo|100\/100 tox|[from] item: Leftovers\n|-damage|p1a: Dondozo|94\/100 tox|[from] psn\n|upkeep\n|turn|19\n|inactive|Maxx Zwei has 120 seconds left.\n|-message|HINoobs3333 forfeited.\n|\n|win|Maxx Zwei\n|raw|HINoobs3333's rating: 1000 &rarr; <strong>1000<\/strong><br \/>(+0 for losing)\n|raw|Maxx Zwei's rating: 1107 &rarr; <strong>1125<\/strong><br \/>(+18 for winning)\n|l|\u2606HINoobs3333\n","uploadtime":1699993930,"views":21,"p1id":"hinoobs3333","p2id":"maxxzwei","formatid":"gen9nationaldex","rating":1000,"private":0,"password":""}