{"id":"gen9nationaldex-1987709612","p1":"SkeletalLily_07","p2":"Fedepoketrainer","format":"[Gen 9] National Dex","log":"|j|\u2606SkeletalLily_07\n|j|\u2606Fedepoketrainer\n|t:|1699629787\n|gametype|singles\n|player|p1|SkeletalLily_07|blackbelt-gen4|\n|player|p2|Fedepoketrainer|ash-kalos|\n|teamsize|p1|6\n|teamsize|p2|6\n|gen|9\n|tier|[Gen 9] National Dex\n|rule|HP Percentage Mod: HP is shown in percentages\n|rule|Endless Battle Clause: Forcing endless battles is banned\n|rule|OHKO Clause: OHKO moves are banned\n|rule|Evasion Clause: Evasion abilities, items, and moves are banned\n|rule|Evasion Abilities Clause: Evasion abilities are banned\n|rule|Evasion Items Clause: Evasion items are banned\n|rule|Evasion Moves Clause: Evasion moves are banned\n|rule|Species Clause: Limit one of each Pok\u00e9mon\n|rule|Sleep Clause Mod: Limit one foe put to sleep\n|clearpoke\n|poke|p1|Escavalier, F|\n|poke|p1|Ferrothorn, M|\n|poke|p1|Perrserker, M|\n|poke|p1|Klinklang|\n|poke|p1|Copperajah, F|\n|poke|p1|Duraludon, M|\n|poke|p2|Serperior, F|\n|poke|p2|Liepard, F|\n|poke|p2|Simipour, F|\n|poke|p2|Haxorus, M|\n|poke|p2|Gigalith, M|\n|poke|p2|Unfezant, M|\n|teampreview\n|\n|t:|1699629866\n|start\n|switch|p1a: Femtopene|Ferrothorn, M, shiny|100\/100\n|switch|p2a: Gigalith|Gigalith, M, shiny|100\/100\n|turn|1\n|\n|t:|1699629874\n|move|p2a: Gigalith|Substitute|p2a: Gigalith\n|-start|p2a: Gigalith|Substitute\n|-damage|p2a: Gigalith|76\/100\n|move|p1a: Femtopene|Leech Seed||[still]\n|-fail|p1a: Femtopene\n|\n|-heal|p2a: Gigalith|82\/100|[from] item: Leftovers\n|upkeep\n|turn|2\n|\n|t:|1699629882\n|move|p2a: Gigalith|Body Press|p1a: Femtopene\n|-supereffective|p1a: Femtopene\n|-damage|p1a: Femtopene|62\/100\n|-damage|p2a: Gigalith|69\/100|[from] ability: Iron Barbs|[of] p1a: Femtopene\n|move|p1a: Femtopene|Gyro Ball|p2a: Gigalith\n|-supereffective|p2a: Gigalith\n|-end|p2a: Gigalith|Substitute\n|\n|-heal|p2a: Gigalith|76\/100|[from] item: Leftovers\n|-heal|p1a: Femtopene|69\/100|[from] item: Leftovers\n|upkeep\n|turn|3\n|\n|t:|1699629893\n|move|p2a: Gigalith|Substitute|p2a: Gigalith\n|-start|p2a: Gigalith|Substitute\n|-damage|p2a: Gigalith|51\/100\n|move|p1a: Femtopene|Gyro Ball|p2a: Gigalith\n|-supereffective|p2a: Gigalith\n|-end|p2a: Gigalith|Substitute\n|\n|-heal|p2a: Gigalith|57\/100|[from] item: Leftovers\n|-heal|p1a: Femtopene|75\/100|[from] item: Leftovers\n|upkeep\n|turn|4\n|\n|t:|1699629901\n|move|p2a: Gigalith|Body Press|p1a: Femtopene\n|-supereffective|p1a: Femtopene\n|-damage|p1a: Femtopene|34\/100\n|-damage|p2a: Gigalith|45\/100|[from] ability: Iron Barbs|[of] p1a: Femtopene\n|move|p1a: Femtopene|Gyro Ball|p2a: Gigalith\n|-supereffective|p2a: Gigalith\n|-crit|p2a: Gigalith\n|-damage|p2a: Gigalith|0 fnt\n|faint|p2a: Gigalith\n|\n|-heal|p1a: Femtopene|40\/100|[from] item: Leftovers\n|upkeep\n|\n|t:|1699629915\n|switch|p2a: Unfezant|Unfezant, M|100\/100\n|turn|5\n|\n|t:|1699629922\n|move|p2a: Unfezant|Brave Bird|p1a: Femtopene\n|-damage|p1a: Femtopene|0 fnt\n|-damage|p2a: Unfezant|88\/100|[from] ability: Iron Barbs|[of] p1a: Femtopene\n|faint|p1a: Femtopene\n|-damage|p2a: Unfezant|76\/100|[from] Recoil\n|\n|upkeep\n|\n|t:|1699629948\n|switch|p1a: Adoraci\u00f3n|Copperajah, F, shiny|100\/100\n|turn|6\n|\n|t:|1699629953\n|move|p2a: Unfezant|Brave Bird|p1a: Adoraci\u00f3n\n|-resisted|p1a: Adoraci\u00f3n\n|-damage|p1a: Adoraci\u00f3n|61\/100\n|-damage|p2a: Unfezant|59\/100|[from] Recoil\n|move|p1a: Adoraci\u00f3n|Stone Edge|p2a: Unfezant|[miss]\n|-miss|p1a: Adoraci\u00f3n|p2a: Unfezant\n|\n|upkeep\n|turn|7\n|\n|t:|1699629960\n|move|p2a: Unfezant|Brave Bird|p1a: Adoraci\u00f3n\n|-resisted|p1a: Adoraci\u00f3n\n|-damage|p1a: Adoraci\u00f3n|21\/100\n|-damage|p2a: Unfezant|42\/100|[from] Recoil\n|move|p1a: Adoraci\u00f3n|Stone Edge|p2a: Unfezant\n|-supereffective|p2a: Unfezant\n|-damage|p2a: Unfezant|0 fnt\n|faint|p2a: Unfezant\n|-damage|p1a: Adoraci\u00f3n|11\/100|[from] item: Life Orb\n|\n|upkeep\n|\n|t:|1699629969\n|switch|p2a: Serperior|Serperior, F|100\/100\n|turn|8\n|\n|t:|1699629973\n|move|p2a: Serperior|Leaf Storm|p1a: Adoraci\u00f3n\n|-resisted|p1a: Adoraci\u00f3n\n|-damage|p1a: Adoraci\u00f3n|0 fnt\n|-boost|p2a: Serperior|spa|2\n|faint|p1a: Adoraci\u00f3n\n|\n|upkeep\n|\n|t:|1699629989\n|switch|p1a: Petagay|Escavalier, F, shiny|100\/100\n|turn|9\n|\n|t:|1699629998\n|move|p2a: Serperior|Hidden Power|p1a: Petagay\n|-supereffective|p1a: Petagay\n|-damage|p1a: Petagay|12\/100\n|move|p1a: Petagay|Megahorn|p2a: Serperior\n|-supereffective|p2a: Serperior\n|-damage|p2a: Serperior|0 fnt\n|faint|p2a: Serperior\n|\n|upkeep\n|\n|t:|1699630002\n|switch|p2a: Liepard|Liepard, F|100\/100\n|turn|10\n|\n|t:|1699630008\n|move|p2a: Liepard|Copycat|p2a: Liepard\n|move|p2a: Liepard|Megahorn|p1a: Petagay|[from]move: Copycat\n|-resisted|p1a: Petagay\n|-damage|p1a: Petagay|0 fnt\n|faint|p1a: Petagay\n|\n|upkeep\n|\n|t:|1699630016\n|switch|p1a: David Serrano|Perrserker, M, shiny|100\/100\n|turn|11\n|\n|t:|1699630023\n|move|p2a: Liepard|Dark Pulse|p1a: David Serrano\n|-damage|p1a: David Serrano|40\/100\n|move|p1a: David Serrano|Play Rough|p2a: Liepard\n|-supereffective|p2a: Liepard\n|-enditem|p2a: Liepard|Focus Sash\n|-damage|p2a: Liepard|1\/100\n|\n|upkeep\n|turn|12\n|\n|t:|1699630033\n|move|p2a: Liepard|Dark Pulse|p1a: David Serrano\n|-damage|p1a: David Serrano|0 fnt\n|faint|p1a: David Serrano\n|\n|upkeep\n|\n|t:|1699630041\n|switch|p1a: Petapene|Duraludon, M, shiny|100\/100\n|turn|13\n|\n|t:|1699630044\n|move|p2a: Liepard|Copycat|p2a: Liepard\n|move|p2a: Liepard|Dark Pulse|p1a: Petapene|[from]move: Copycat\n|-damage|p1a: Petapene|66\/100\n|cant|p1a: Petapene|flinch\n|\n|upkeep\n|turn|14\n|\n|t:|1699630054\n|move|p2a: Liepard|Dark Pulse|p1a: Petapene\n|-damage|p1a: Petapene|36\/100\n|move|p1a: Petapene|Thunderbolt|p2a: Liepard\n|-damage|p2a: Liepard|0 fnt\n|faint|p2a: Liepard\n|\n|upkeep\n|\n|t:|1699630059\n|switch|p2a: Simipour|Simipour, F|100\/100\n|turn|15\n|\n|t:|1699630078\n|-zpower|p2a: Simipour\n|move|p2a: Simipour|All-Out Pummeling|p1a: Petapene|[zeffect]\n|-supereffective|p1a: Petapene\n|-damage|p1a: Petapene|0 fnt\n|faint|p1a: Petapene\n|\n|upkeep\n|\n|t:|1699630086\n|switch|p1a: Clocker|Klinklang, shiny|100\/100\n|turn|16\n|\n|t:|1699630089\n|move|p2a: Simipour|Focus Blast|p1a: Clocker\n|-supereffective|p1a: Clocker\n|-damage|p1a: Clocker|0 fnt\n|faint|p1a: Clocker\n|\n|win|Fedepoketrainer\n|l|\u2606SkeletalLily_07\n","uploadtime":1699630100,"views":7,"p1id":"skeletallily07","p2id":"fedepoketrainer","formatid":"gen9nationaldex","rating":0,"private":0,"password":""}