{"id":"gen9nationaldex-1988818796","p1":"southeast sirius","p2":"mik_252","format":"[Gen 9] National Dex","log":"|j|\u2606southeast sirius\n|j|\u2606mik_252\n|t:|1699767793\n|gametype|singles\n|player|p1|southeast sirius|swimmerf-gen6|1621\n|player|p2|mik_252|102|1501\n|teamsize|p1|6\n|teamsize|p2|6\n|gen|9\n|tier|[Gen 9] National Dex\n|rated|\n|rule|HP Percentage Mod: HP is shown in percentages\n|rule|Endless Battle Clause: Forcing endless battles is banned\n|rule|OHKO Clause: OHKO moves are banned\n|rule|Evasion Clause: Evasion abilities, items, and moves are banned\n|rule|Evasion Abilities Clause: Evasion abilities are banned\n|rule|Evasion Items Clause: Evasion items are banned\n|rule|Evasion Moves Clause: Evasion moves are banned\n|rule|Species Clause: Limit one of each Pok\u00e9mon\n|rule|Sleep Clause Mod: Limit one foe put to sleep\n|clearpoke\n|poke|p1|Cresselia, F|\n|poke|p1|Skarmory, F|\n|poke|p1|Toxapex, F|\n|poke|p1|Garganacl, F|\n|poke|p1|Gliscor, F|\n|poke|p1|Lopunny, M|\n|poke|p2|Pelipper, M|\n|poke|p2|Mantine, F|\n|poke|p2|Ferrothorn, M|\n|poke|p2|Swampert, F|\n|poke|p2|Dondozo, M|\n|poke|p2|Thundurus-Therian, M|\n|teampreview\n|inactive|Battle timer is ON: inactive players will automatically lose when time's up. (requested by mik_252)\n|j| Kawaii Irene\n|\n|t:|1699767816\n|start\n|switch|p1a: Toxapex|Toxapex, F|100\/100\n|switch|p2a: Thundurus|Thundurus-Therian, M|100\/100\n|turn|1\n|\n|t:|1699767827\n|switch|p1a: Gliscor|Gliscor, F|100\/100\n|move|p2a: Thundurus|Taunt|p1a: Gliscor\n|-start|p1a: Gliscor|move: Taunt\n|\n|-status|p1a: Gliscor|tox|[from] item: Toxic Orb\n|upkeep\n|turn|2\n|\n|t:|1699767831\n|switch|p2a: Dondozo|Dondozo, M|100\/100\n|move|p1a: Gliscor|Knock Off|p2a: Dondozo\n|-damage|p2a: Dondozo|87\/100\n|-enditem|p2a: Dondozo|Leftovers|[from] move: Knock Off|[of] p1a: Gliscor\n|\n|upkeep\n|turn|3\n|\n|t:|1699767844\n|switch|p1a: Toxapex|Toxapex, F|100\/100\n|move|p2a: Dondozo|Curse|p2a: Dondozo\n|-unboost|p2a: Dondozo|spe|1\n|-boost|p2a: Dondozo|atk|1\n|-boost|p2a: Dondozo|def|1\n|\n|upkeep\n|turn|4\n|\n|t:|1699767847\n|-terastallize|p2a: Dondozo|Steel\n|move|p1a: Toxapex|Haze|p1a: Toxapex\n|-clearallboost\n|move|p2a: Dondozo|Curse|p2a: Dondozo\n|-unboost|p2a: Dondozo|spe|1\n|-boost|p2a: Dondozo|atk|1\n|-boost|p2a: Dondozo|def|1\n|\n|upkeep\n|turn|5\n|\n|t:|1699767852\n|move|p1a: Toxapex|Haze|p1a: Toxapex\n|-clearallboost\n|move|p2a: Dondozo|Curse|p2a: Dondozo\n|-unboost|p2a: Dondozo|spe|1\n|-boost|p2a: Dondozo|atk|1\n|-boost|p2a: Dondozo|def|1\n|\n|upkeep\n|turn|6\n|\n|t:|1699767858\n|switch|p2a: Thundurus|Thundurus-Therian, M|100\/100\n|move|p1a: Toxapex|Haze|p1a: Toxapex\n|-clearallboost\n|\n|upkeep\n|turn|7\n|\n|t:|1699767862\n|switch|p1a: Gliscor|Gliscor, F|100\/100 tox\n|move|p2a: Thundurus|Psychic|p1a: Gliscor\n|-damage|p1a: Gliscor|62\/100 tox\n|\n|-heal|p1a: Gliscor|75\/100 tox|[from] ability: Poison Heal\n|upkeep\n|turn|8\n|\n|t:|1699767866\n|move|p2a: Thundurus|Psychic|p1a: Gliscor\n|-damage|p1a: Gliscor|34\/100 tox\n|move|p1a: Gliscor|Stealth Rock|p2a: Thundurus\n|-sidestart|p2: mik_252|move: Stealth Rock\n|\n|-heal|p1a: Gliscor|46\/100 tox|[from] ability: Poison Heal\n|upkeep\n|turn|9\n|\n|t:|1699767871\n|switch|p1a: Cresselia|Cresselia, F|100\/100\n|move|p2a: Thundurus|Psychic|p1a: Cresselia\n|-resisted|p1a: Cresselia\n|-damage|p1a: Cresselia|89\/100\n|\n|upkeep\n|turn|10\n|\n|t:|1699767874\n|move|p2a: Thundurus|Defog|p1a: Cresselia\n|-unboost|p1a: Cresselia|evasion|1\n|-sideend|p2: mik_252|Stealth Rock|[from] move: Defog|[of] p2a: Thundurus\n|move|p1a: Cresselia|Calm Mind|p1a: Cresselia\n|-boost|p1a: Cresselia|spa|1\n|-boost|p1a: Cresselia|spd|1\n|\n|upkeep\n|turn|11\n|\n|t:|1699767880\n|move|p2a: Thundurus|Taunt|p1a: Cresselia\n|-start|p1a: Cresselia|move: Taunt\n|move|p1a: Cresselia|Moonblast|p2a: Thundurus\n|-damage|p2a: Thundurus|64\/100\n|\n|upkeep\n|turn|12\n|\n|t:|1699767883\n|move|p2a: Thundurus|Volt Switch|p1a: Cresselia\n|-damage|p1a: Cresselia|71\/100\n|\n|t:|1699767885\n|switch|p2a: Mantine|Mantine, F, shiny|100\/100|[from] Volt Switch\n|move|p1a: Cresselia|Moonblast|p2a: Mantine\n|-damage|p2a: Mantine|80\/100\n|\n|upkeep\n|turn|13\n|\n|t:|1699767895\n|switch|p1a: Toxapex|Toxapex, F|100\/100\n|move|p2a: Mantine|Hydro Pump|p1a: Toxapex\n|-resisted|p1a: Toxapex\n|-damage|p1a: Toxapex|75\/100\n|\n|upkeep\n|turn|14\n|\n|t:|1699767900\n|switch|p2a: Ferrothorn|Ferrothorn, M, shiny|100\/100\n|move|p1a: Toxapex|Knock Off|p2a: Ferrothorn\n|-damage|p2a: Ferrothorn|89\/100\n|-damage|p1a: Toxapex|62\/100|[from] ability: Iron Barbs|[of] p2a: Ferrothorn\n|-damage|p1a: Toxapex|46\/100|[from] item: Rocky Helmet|[of] p2a: Ferrothorn\n|-enditem|p2a: Ferrothorn|Rocky Helmet|[from] move: Knock Off|[of] p1a: Toxapex\n|\n|upkeep\n|turn|15\n|\n|t:|1699767903\n|move|p1a: Toxapex|Recover|p1a: Toxapex\n|-heal|p1a: Toxapex|96\/100\n|move|p2a: Ferrothorn|Stealth Rock|p1a: Toxapex\n|-sidestart|p1: southeast sirius|move: Stealth Rock\n|\n|upkeep\n|turn|16\n|\n|t:|1699767910\n|move|p1a: Toxapex|Scald|p2a: Ferrothorn\n|-resisted|p2a: Ferrothorn\n|-damage|p2a: Ferrothorn|84\/100\n|move|p2a: Ferrothorn|Leech Seed|p1a: Toxapex\n|-start|p1a: Toxapex|move: Leech Seed\n|\n|-damage|p1a: Toxapex|83\/100|[from] Leech Seed|[of] p2a: Ferrothorn\n|-heal|p2a: Ferrothorn|95\/100|[silent]\n|upkeep\n|turn|17\n|c|\u2606mik_252|this is gonna be a long match\n|\n|t:|1699767920\n|move|p1a: Toxapex|Scald|p2a: Ferrothorn\n|-resisted|p2a: Ferrothorn\n|-damage|p2a: Ferrothorn|89\/100\n|move|p2a: Ferrothorn|Iron Defense|p2a: Ferrothorn\n|-boost|p2a: Ferrothorn|def|2\n|\n|-damage|p1a: Toxapex|71\/100|[from] Leech Seed|[of] p2a: Ferrothorn\n|-heal|p2a: Ferrothorn|99\/100|[silent]\n|upkeep\n|turn|18\n|\n|t:|1699767926\n|move|p1a: Toxapex|Scald|p2a: Ferrothorn\n|-resisted|p2a: Ferrothorn\n|-damage|p2a: Ferrothorn|95\/100\n|move|p2a: Ferrothorn|Iron Defense|p2a: Ferrothorn\n|-boost|p2a: Ferrothorn|def|2\n|\n|-damage|p1a: Toxapex|58\/100|[from] Leech Seed|[of] p2a: Ferrothorn\n|-heal|p2a: Ferrothorn|100\/100|[silent]\n|upkeep\n|turn|19\n|\n|t:|1699767930\n|move|p1a: Toxapex|Haze|p1a: Toxapex\n|-clearallboost\n|move|p2a: Ferrothorn|Body Press|p1a: Toxapex\n|-resisted|p1a: Toxapex\n|-damage|p1a: Toxapex|51\/100\n|\n|-damage|p1a: Toxapex|39\/100|[from] Leech Seed|[of] p2a: Ferrothorn\n|upkeep\n|turn|20\n|c|\u2606southeast sirius|cold water lol\n|\n|t:|1699767944\n|move|p1a: Toxapex|Recover|p1a: Toxapex\n|-heal|p1a: Toxapex|89\/100\n|move|p2a: Ferrothorn|Iron Defense|p2a: Ferrothorn\n|-boost|p2a: Ferrothorn|def|2\n|\n|-damage|p1a: Toxapex|76\/100|[from] Leech Seed|[of] p2a: Ferrothorn\n|upkeep\n|turn|21\n|c|\u2606mik_252|cold water?\n|\n|t:|1699767960\n|move|p1a: Toxapex|Scald|p2a: Ferrothorn\n|-resisted|p2a: Ferrothorn\n|-damage|p2a: Ferrothorn|95\/100\n|move|p2a: Ferrothorn|Iron Defense|p2a: Ferrothorn\n|-boost|p2a: Ferrothorn|def|2\n|\n|-damage|p1a: Toxapex|64\/100|[from] Leech Seed|[of] p2a: Ferrothorn\n|-heal|p2a: Ferrothorn|100\/100|[silent]\n|upkeep\n|turn|22\n|\n|t:|1699767966\n|move|p1a: Toxapex|Haze|p1a: Toxapex\n|-clearallboost\n|move|p2a: Ferrothorn|Body Press|p1a: Toxapex\n|-resisted|p1a: Toxapex\n|-damage|p1a: Toxapex|57\/100\n|\n|-damage|p1a: Toxapex|45\/100|[from] Leech Seed|[of] p2a: Ferrothorn\n|upkeep\n|turn|23\n|c|\u2606southeast sirius|why not burn\n|\n|t:|1699767986\n|move|p1a: Toxapex|Recover|p1a: Toxapex\n|-heal|p1a: Toxapex|95\/100\n|move|p2a: Ferrothorn|Iron Defense|p2a: Ferrothorn\n|-boost|p2a: Ferrothorn|def|2\n|\n|-damage|p1a: Toxapex|82\/100|[from] Leech Seed|[of] p2a: Ferrothorn\n|upkeep\n|turn|24\n|\n|t:|1699767990\n|move|p1a: Toxapex|Scald|p2a: Ferrothorn\n|-resisted|p2a: Ferrothorn\n|-damage|p2a: Ferrothorn|96\/100\n|move|p2a: Ferrothorn|Iron Defense|p2a: Ferrothorn\n|-boost|p2a: Ferrothorn|def|2\n|\n|-damage|p1a: Toxapex|70\/100|[from] Leech Seed|[of] p2a: Ferrothorn\n|-heal|p2a: Ferrothorn|100\/100|[silent]\n|upkeep\n|turn|25\n|c|\u2606mik_252|oh i see\n|c|\u2606mik_252|lol i was just thinking that\n|inactive|mik_252 has 120 seconds left.\n|c|\u2606southeast sirius|lol\n|\n|t:|1699768022\n|move|p1a: Toxapex|Haze|p1a: Toxapex\n|-clearallboost\n|move|p2a: Ferrothorn|Iron Defense|p2a: Ferrothorn\n|-boost|p2a: Ferrothorn|def|2\n|\n|-damage|p1a: Toxapex|57\/100|[from] Leech Seed|[of] p2a: Ferrothorn\n|upkeep\n|turn|26\n|\n|t:|1699768026\n|move|p1a: Toxapex|Recover|p1a: Toxapex\n|-heal|p1a: Toxapex|100\/100\n|move|p2a: Ferrothorn|Body Press|p1a: Toxapex\n|-resisted|p1a: Toxapex\n|-damage|p1a: Toxapex|86\/100\n|\n|-damage|p1a: Toxapex|73\/100|[from] Leech Seed|[of] p2a: Ferrothorn\n|upkeep\n|turn|27\n|\n|t:|1699768029\n|move|p1a: Toxapex|Haze|p1a: Toxapex\n|-clearallboost\n|move|p2a: Ferrothorn|Body Press|p1a: Toxapex\n|-resisted|p1a: Toxapex\n|-damage|p1a: Toxapex|66\/100\n|\n|-damage|p1a: Toxapex|53\/100|[from] Leech Seed|[of] p2a: Ferrothorn\n|upkeep\n|turn|28\n|\n|t:|1699768032\n|move|p1a: Toxapex|Scald|p2a: Ferrothorn\n|-resisted|p2a: Ferrothorn\n|-damage|p2a: Ferrothorn|95\/100\n|move|p2a: Ferrothorn|Iron Defense|p2a: Ferrothorn\n|-boost|p2a: Ferrothorn|def|2\n|\n|-damage|p1a: Toxapex|41\/100|[from] Leech Seed|[of] p2a: Ferrothorn\n|-heal|p2a: Ferrothorn|100\/100|[silent]\n|upkeep\n|turn|29\n|c|\u2606southeast sirius|whyyyyyy\n|\n|t:|1699768046\n|move|p1a: Toxapex|Recover|p1a: Toxapex\n|-heal|p1a: Toxapex|91\/100\n|move|p2a: Ferrothorn|Iron Defense|p2a: Ferrothorn\n|-boost|p2a: Ferrothorn|def|2\n|\n|-damage|p1a: Toxapex|78\/100|[from] Leech Seed|[of] p2a: Ferrothorn\n|upkeep\n|turn|30\n|\n|t:|1699768050\n|move|p1a: Toxapex|Haze|p1a: Toxapex\n|-clearallboost\n|move|p2a: Ferrothorn|Body Press|p1a: Toxapex\n|-resisted|p1a: Toxapex\n|-damage|p1a: Toxapex|72\/100\n|\n|-damage|p1a: Toxapex|59\/100|[from] Leech Seed|[of] p2a: Ferrothorn\n|upkeep\n|turn|31\n|\n|t:|1699768056\n|move|p1a: Toxapex|Scald|p2a: Ferrothorn\n|-resisted|p2a: Ferrothorn\n|-damage|p2a: Ferrothorn|95\/100\n|move|p2a: Ferrothorn|Iron Defense|p2a: Ferrothorn\n|-boost|p2a: Ferrothorn|def|2\n|\n|-damage|p1a: Toxapex|47\/100|[from] Leech Seed|[of] p2a: Ferrothorn\n|-heal|p2a: Ferrothorn|100\/100|[silent]\n|upkeep\n|turn|32\n|\n|t:|1699768062\n|move|p1a: Toxapex|Recover|p1a: Toxapex\n|-heal|p1a: Toxapex|97\/100\n|move|p2a: Ferrothorn|Iron Defense|p2a: Ferrothorn\n|-boost|p2a: Ferrothorn|def|2\n|\n|-damage|p1a: Toxapex|84\/100|[from] Leech Seed|[of] p2a: Ferrothorn\n|upkeep\n|turn|33\n|\n|t:|1699768065\n|move|p1a: Toxapex|Haze|p1a: Toxapex\n|-clearallboost\n|move|p2a: Ferrothorn|Iron Defense|p2a: Ferrothorn\n|-boost|p2a: Ferrothorn|def|2\n|\n|-damage|p1a: Toxapex|72\/100|[from] Leech Seed|[of] p2a: Ferrothorn\n|upkeep\n|turn|34\n|\n|t:|1699768071\n|move|p1a: Toxapex|Scald|p2a: Ferrothorn\n|-resisted|p2a: Ferrothorn\n|-damage|p2a: Ferrothorn|95\/100\n|-status|p2a: Ferrothorn|brn\n|move|p2a: Ferrothorn|Body Press|p1a: Toxapex\n|-resisted|p1a: Toxapex\n|-damage|p1a: Toxapex|64\/100\n|\n|-damage|p1a: Toxapex|51\/100|[from] Leech Seed|[of] p2a: Ferrothorn\n|-heal|p2a: Ferrothorn|100\/100 brn|[silent]\n|-damage|p2a: Ferrothorn|95\/100 brn|[from] brn\n|upkeep\n|turn|35\n|c|\u2606southeast sirius|nice\n|\n|t:|1699768084\n|move|p1a: Toxapex|Recover|p1a: Toxapex\n|-heal|p1a: Toxapex|100\/100\n|move|p2a: Ferrothorn|Body Press|p1a: Toxapex\n|-resisted|p1a: Toxapex\n|-damage|p1a: Toxapex|93\/100\n|\n|-damage|p1a: Toxapex|80\/100|[from] Leech Seed|[of] p2a: Ferrothorn\n|-heal|p2a: Ferrothorn|100\/100 brn|[silent]\n|-damage|p2a: Ferrothorn|95\/100 brn|[from] brn\n|upkeep\n|turn|36\n|c|\u2606mik_252|finally\n|\n|t:|1699768093\n|move|p1a: Toxapex|Haze|p1a: Toxapex\n|-clearallboost\n|move|p2a: Ferrothorn|Iron Defense|p2a: Ferrothorn\n|-boost|p2a: Ferrothorn|def|2\n|\n|-damage|p1a: Toxapex|68\/100|[from] Leech Seed|[of] p2a: Ferrothorn\n|-heal|p2a: Ferrothorn|100\/100 brn|[silent]\n|-damage|p2a: Ferrothorn|95\/100 brn|[from] brn\n|upkeep\n|turn|37\n|\n|t:|1699768098\n|switch|p1a: Skarmory|Skarmory, F|100\/100\n|-damage|p1a: Skarmory|88\/100|[from] Stealth Rock\n|move|p2a: Ferrothorn|Body Press|p1a: Skarmory\n|-damage|p1a: Skarmory|74\/100\n|-damage|p2a: Ferrothorn|78\/100 brn|[from] item: Rocky Helmet|[of] p1a: Skarmory\n|\n|-damage|p2a: Ferrothorn|72\/100 brn|[from] brn\n|upkeep\n|turn|38\n|\n|t:|1699768104\n|move|p1a: Skarmory|Spikes|p2a: Ferrothorn\n|-sidestart|p2: mik_252|Spikes\n|move|p2a: Ferrothorn|Iron Defense|p2a: Ferrothorn\n|-boost|p2a: Ferrothorn|def|2\n|\n|-damage|p2a: Ferrothorn|66\/100 brn|[from] brn\n|upkeep\n|turn|39\n|\n|t:|1699768108\n|move|p1a: Skarmory|Iron Defense|p1a: Skarmory\n|-boost|p1a: Skarmory|def|2\n|move|p2a: Ferrothorn|Leech Seed|p1a: Skarmory\n|-start|p1a: Skarmory|move: Leech Seed\n|\n|-damage|p1a: Skarmory|62\/100|[from] Leech Seed|[of] p2a: Ferrothorn\n|-heal|p2a: Ferrothorn|78\/100 brn|[silent]\n|-damage|p2a: Ferrothorn|72\/100 brn|[from] brn\n|upkeep\n|turn|40\n|\n|t:|1699768113\n|move|p1a: Skarmory|Roost|p1a: Skarmory\n|-heal|p1a: Skarmory|100\/100\n|-singleturn|p1a: Skarmory|move: Roost\n|move|p2a: Ferrothorn|Iron Defense|p2a: Ferrothorn\n|-boost|p2a: Ferrothorn|def|2\n|\n|-damage|p1a: Skarmory|88\/100|[from] Leech Seed|[of] p2a: Ferrothorn\n|-heal|p2a: Ferrothorn|83\/100 brn|[silent]\n|-damage|p2a: Ferrothorn|77\/100 brn|[from] brn\n|upkeep\n|turn|41\n|\n|t:|1699768119\n|move|p1a: Skarmory|Iron Defense|p1a: Skarmory\n|-boost|p1a: Skarmory|def|2\n|move|p2a: Ferrothorn|Body Press|p1a: Skarmory\n|-damage|p1a: Skarmory|80\/100\n|-damage|p2a: Ferrothorn|61\/100 brn|[from] item: Rocky Helmet|[of] p1a: Skarmory\n|\n|-damage|p1a: Skarmory|67\/100|[from] Leech Seed|[of] p2a: Ferrothorn\n|-heal|p2a: Ferrothorn|73\/100 brn|[silent]\n|-damage|p2a: Ferrothorn|67\/100 brn|[from] brn\n|upkeep\n|turn|42\n|\n|t:|1699768124\n|move|p1a: Skarmory|Spikes|p2a: Ferrothorn\n|-sidestart|p2: mik_252|Spikes\n|move|p2a: Ferrothorn|Body Press|p1a: Skarmory\n|-damage|p1a: Skarmory|58\/100\n|-damage|p2a: Ferrothorn|50\/100 brn|[from] item: Rocky Helmet|[of] p1a: Skarmory\n|\n|-damage|p1a: Skarmory|46\/100|[from] Leech Seed|[of] p2a: Ferrothorn\n|-heal|p2a: Ferrothorn|62\/100 brn|[silent]\n|-damage|p2a: Ferrothorn|56\/100 brn|[from] brn\n|upkeep\n|turn|43\n|\n|t:|1699768131\n|move|p1a: Skarmory|Roost|p1a: Skarmory\n|-heal|p1a: Skarmory|96\/100\n|-singleturn|p1a: Skarmory|move: Roost\n|move|p2a: Ferrothorn|Body Press|p1a: Skarmory\n|-supereffective|p1a: Skarmory\n|-damage|p1a: Skarmory|78\/100\n|-damage|p2a: Ferrothorn|39\/100 brn|[from] item: Rocky Helmet|[of] p1a: Skarmory\n|\n|-damage|p1a: Skarmory|66\/100|[from] Leech Seed|[of] p2a: Ferrothorn\n|-heal|p2a: Ferrothorn|51\/100 brn|[silent]\n|-damage|p2a: Ferrothorn|45\/100 brn|[from] brn\n|upkeep\n|turn|44\n|\n|t:|1699768137\n|move|p1a: Skarmory|Body Press|p2a: Ferrothorn\n|-supereffective|p2a: Ferrothorn\n|-damage|p2a: Ferrothorn|4\/100 brn\n|-damage|p1a: Skarmory|53\/100|[from] ability: Iron Barbs|[of] p2a: Ferrothorn\n|move|p2a: Ferrothorn|Stealth Rock||[still]\n|-fail|p2a: Ferrothorn\n|\n|-damage|p1a: Skarmory|41\/100|[from] Leech Seed|[of] p2a: Ferrothorn\n|-heal|p2a: Ferrothorn|16\/100 brn|[silent]\n|-damage|p2a: Ferrothorn|10\/100 brn|[from] brn\n|upkeep\n|turn|45\n|\n|t:|1699768141\n|move|p1a: Skarmory|Roost|p1a: Skarmory\n|-heal|p1a: Skarmory|91\/100\n|-singleturn|p1a: Skarmory|move: Roost\n|move|p2a: Ferrothorn|Body Press|p1a: Skarmory\n|-supereffective|p1a: Skarmory\n|-damage|p1a: Skarmory|73\/100\n|-damage|p2a: Ferrothorn|0 fnt|[from] item: Rocky Helmet|[of] p1a: Skarmory\n|faint|p2a: Ferrothorn\n|\n|upkeep\n|\n|t:|1699768143\n|switch|p2a: Pelipper|Pelipper, M, shiny|100\/100\n|-weather|RainDance|[from] ability: Drizzle|[of] p2a: Pelipper\n|turn|46\n|\n|t:|1699768147\n|switch|p1a: Toxapex|Toxapex, F|100\/100\n|move|p2a: Pelipper|Scald|p1a: Toxapex\n|-resisted|p1a: Toxapex\n|-damage|p1a: Toxapex|85\/100\n|\n|-weather|RainDance|[upkeep]\n|upkeep\n|turn|47\n|\n|t:|1699768152\n|move|p2a: Pelipper|Hurricane|p1a: Toxapex\n|-damage|p1a: Toxapex|53\/100\n|move|p1a: Toxapex|Knock Off|p2a: Pelipper\n|-damage|p2a: Pelipper|90\/100\n|-enditem|p2a: Pelipper|Damp Rock|[from] move: Knock Off|[of] p1a: Toxapex\n|\n|-weather|RainDance|[upkeep]\n|upkeep\n|turn|48\n|l|\u2606southeast sirius\n|inactive|southeast sirius disconnected and has a minute to reconnect!\n|player|p1|\n|inactive|southeast sirius has 30 seconds to reconnect!\n|j|\u2606southeast sirius\n|inactive|southeast sirius reconnected and has 90 seconds left.\n|player|p1|southeast sirius|swimmerf-gen6\n|\n|t:|1699768224\n|move|p2a: Pelipper|Scald|p1a: Toxapex\n|-resisted|p1a: Toxapex\n|-damage|p1a: Toxapex|36\/100\n|-status|p1a: Toxapex|brn\n|move|p1a: Toxapex|Scald|p2a: Pelipper\n|-resisted|p2a: Pelipper\n|-damage|p2a: Pelipper|74\/100\n|\n|-weather|RainDance|[upkeep]\n|-damage|p1a: Toxapex|29\/100 brn|[from] brn\n|upkeep\n|turn|49\n|l| Kawaii Irene\n|c|\u2606southeast sirius|whyyyyyy\n|\n|t:|1699768240\n|move|p2a: Pelipper|Scald|p1a: Toxapex\n|-resisted|p1a: Toxapex\n|-damage|p1a: Toxapex|13\/100 brn\n|move|p1a: Toxapex|Recover|p1a: Toxapex\n|-heal|p1a: Toxapex|63\/100 brn\n|\n|-weather|RainDance|[upkeep]\n|-damage|p1a: Toxapex|57\/100 brn|[from] brn\n|upkeep\n|turn|50\n|\n|t:|1699768245\n|move|p2a: Pelipper|Scald|p1a: Toxapex\n|-resisted|p1a: Toxapex\n|-damage|p1a: Toxapex|40\/100 brn\n|move|p1a: Toxapex|Scald|p2a: Pelipper\n|-resisted|p2a: Pelipper\n|-damage|p2a: Pelipper|57\/100\n|\n|-weather|RainDance|[upkeep]\n|-damage|p1a: Toxapex|34\/100 brn|[from] brn\n|upkeep\n|turn|51\n|inactive|southeast sirius has 90 seconds left.\n|\n|t:|1699768252\n|move|p2a: Pelipper|Roost|p2a: Pelipper\n|-heal|p2a: Pelipper|100\/100\n|-singleturn|p2a: Pelipper|move: Roost\n|move|p1a: Toxapex|Scald|p2a: Pelipper\n|-resisted|p2a: Pelipper\n|-damage|p2a: Pelipper|84\/100\n|-status|p2a: Pelipper|brn\n|\n|-weather|RainDance|[upkeep]\n|-damage|p2a: Pelipper|78\/100 brn|[from] brn\n|-damage|p1a: Toxapex|28\/100 brn|[from] brn\n|upkeep\n|turn|52\n|\n|t:|1699768260\n|move|p2a: Pelipper|Hurricane|p1a: Toxapex\n|-damage|p1a: Toxapex|0 fnt\n|faint|p1a: Toxapex\n|\n|-weather|RainDance|[upkeep]\n|-damage|p2a: Pelipper|72\/100 brn|[from] brn\n|upkeep\n|\n|t:|1699768266\n|switch|p1a: Garganacl|Garganacl, F|100\/100\n|-damage|p1a: Garganacl|88\/100|[from] Stealth Rock\n|turn|53\n|\n|t:|1699768272\n|switch|p2a: Dondozo|Dondozo, M, tera:Steel|87\/100\n|-damage|p2a: Dondozo|71\/100|[from] Spikes\n|-terastallize|p1a: Garganacl|Dragon\n|move|p1a: Garganacl|Iron Defense|p1a: Garganacl\n|-boost|p1a: Garganacl|def|2\n|\n|-weather|none\n|-heal|p1a: Garganacl|94\/100|[from] item: Leftovers\n|upkeep\n|turn|54\n|\n|t:|1699768276\n|move|p1a: Garganacl|Salt Cure|p2a: Dondozo\n|-resisted|p2a: Dondozo\n|-damage|p2a: Dondozo|66\/100\n|-start|p2a: Dondozo|Salt Cure\n|move|p2a: Dondozo|Curse|p2a: Dondozo\n|-unboost|p2a: Dondozo|spe|1\n|-boost|p2a: Dondozo|atk|1\n|-boost|p2a: Dondozo|def|1\n|\n|-heal|p1a: Garganacl|100\/100|[from] item: Leftovers\n|-damage|p2a: Dondozo|41\/100|[from] Salt Cure\n|upkeep\n|turn|55\n|\n|t:|1699768281\n|move|p1a: Garganacl|Body Press|p2a: Dondozo\n|-supereffective|p2a: Dondozo\n|-damage|p2a: Dondozo|22\/100\n|move|p2a: Dondozo|Rest|p2a: Dondozo\n|-status|p2a: Dondozo|slp|[from] move: Rest\n|-heal|p2a: Dondozo|100\/100 slp|[silent]\n|\n|-damage|p2a: Dondozo|76\/100 slp|[from] Salt Cure\n|upkeep\n|turn|56\n|\n|t:|1699768290\n|move|p1a: Garganacl|Body Press|p2a: Dondozo\n|-supereffective|p2a: Dondozo\n|-damage|p2a: Dondozo|56\/100 slp\n|cant|p2a: Dondozo|slp\n|\n|-damage|p2a: Dondozo|31\/100 slp|[from] Salt Cure\n|upkeep\n|turn|57\n|\n|t:|1699768297\n|move|p1a: Garganacl|Body Press|p2a: Dondozo\n|-supereffective|p2a: Dondozo\n|-damage|p2a: Dondozo|12\/100 slp\n|cant|p2a: Dondozo|slp\n|\n|-damage|p2a: Dondozo|0 fnt|[from] Salt Cure\n|faint|p2a: Dondozo\n|upkeep\n|\n|t:|1699768304\n|switch|p2a: Thundurus|Thundurus-Therian, M|64\/100\n|turn|58\n|\n|t:|1699768307\n|move|p2a: Thundurus|Taunt|p1a: Garganacl\n|-start|p1a: Garganacl|move: Taunt\n|move|p1a: Garganacl|Salt Cure|p2a: Thundurus\n|-supereffective|p2a: Thundurus\n|-damage|p2a: Thundurus|23\/100\n|-start|p2a: Thundurus|Salt Cure\n|\n|-damage|p2a: Thundurus|11\/100|[from] Salt Cure\n|upkeep\n|turn|59\n|\n|t:|1699768310\n|switch|p1a: Gliscor|Gliscor, F|46\/100 tox\n|-damage|p1a: Gliscor|34\/100 tox|[from] Stealth Rock\n|move|p2a: Thundurus|Volt Switch|p1a: Gliscor\n|-immune|p1a: Gliscor\n|\n|-heal|p1a: Gliscor|46\/100 tox|[from] ability: Poison Heal\n|-damage|p2a: Thundurus|0 fnt|[from] Salt Cure\n|faint|p2a: Thundurus\n|upkeep\n|\n|t:|1699768311\n|switch|p2a: Mantine|Mantine, F, shiny|80\/100\n|turn|60\n|\n|t:|1699768315\n|move|p1a: Gliscor|Knock Off|p2a: Mantine\n|-damage|p2a: Mantine|51\/100\n|-enditem|p2a: Mantine|Choice Specs|[from] move: Knock Off|[of] p1a: Gliscor\n|move|p2a: Mantine|Ice Beam|p1a: Gliscor\n|-supereffective|p1a: Gliscor\n|-damage|p1a: Gliscor|0 fnt\n|faint|p1a: Gliscor\n|\n|upkeep\n|\n|t:|1699768318\n|switch|p1a: Garganacl|Garganacl, F, tera:Dragon|100\/100\n|-damage|p1a: Garganacl|88\/100|[from] Stealth Rock\n|turn|61\n|\n|t:|1699768320\n|move|p2a: Mantine|Ice Beam|p1a: Garganacl\n|-supereffective|p1a: Garganacl\n|-damage|p1a: Garganacl|58\/100\n|move|p1a: Garganacl|Salt Cure|p2a: Mantine\n|-supereffective|p2a: Mantine\n|-damage|p2a: Mantine|7\/100\n|-start|p2a: Mantine|Salt Cure\n|\n|-heal|p1a: Garganacl|64\/100|[from] item: Leftovers\n|-damage|p2a: Mantine|0 fnt|[from] Salt Cure\n|faint|p2a: Mantine\n|upkeep\n|\n|t:|1699768323\n|switch|p2a: Swampert|Swampert, F|100\/100\n|-damage|p2a: Swampert|84\/100|[from] Spikes\n|turn|62\n|\n|t:|1699768327\n|detailschange|p2a: Swampert|Swampert-Mega, F\n|-mega|p2a: Swampert|Swampert|Swampertite\n|move|p2a: Swampert|Substitute|p2a: Swampert\n|-start|p2a: Swampert|Substitute\n|-damage|p2a: Swampert|59\/100\n|move|p1a: Garganacl|Recover|p1a: Garganacl\n|-heal|p1a: Garganacl|100\/100\n|\n|upkeep\n|turn|63\n|\n|t:|1699768332\n|move|p2a: Swampert|Bulk Up|p2a: Swampert\n|-boost|p2a: Swampert|atk|1\n|-boost|p2a: Swampert|def|1\n|move|p1a: Garganacl|Iron Defense|p1a: Garganacl\n|-boost|p1a: Garganacl|def|2\n|\n|upkeep\n|turn|64\n|\n|t:|1699768335\n|move|p2a: Swampert|Bulk Up|p2a: Swampert\n|-boost|p2a: Swampert|atk|1\n|-boost|p2a: Swampert|def|1\n|move|p1a: Garganacl|Iron Defense|p1a: Garganacl\n|-boost|p1a: Garganacl|def|2\n|\n|upkeep\n|turn|65\n|\n|t:|1699768338\n|move|p2a: Swampert|Bulk Up|p2a: Swampert\n|-boost|p2a: Swampert|atk|1\n|-boost|p2a: Swampert|def|1\n|move|p1a: Garganacl|Body Press|p2a: Swampert\n|-activate|p2a: Swampert|move: Substitute|[damage]\n|\n|upkeep\n|turn|66\n|\n|t:|1699768340\n|move|p2a: Swampert|Bulk Up|p2a: Swampert\n|-boost|p2a: Swampert|atk|1\n|-boost|p2a: Swampert|def|1\n|move|p1a: Garganacl|Body Press|p2a: Swampert\n|-end|p2a: Swampert|Substitute\n|\n|upkeep\n|turn|67\n|\n|t:|1699768346\n|move|p2a: Swampert|Earthquake|p1a: Garganacl\n|-damage|p1a: Garganacl|60\/100\n|move|p1a: Garganacl|Body Press|p2a: Swampert\n|-damage|p2a: Swampert|39\/100\n|\n|-heal|p1a: Garganacl|66\/100|[from] item: Leftovers\n|upkeep\n|turn|68\n|\n|t:|1699768354\n|move|p2a: Swampert|Earthquake|p1a: Garganacl\n|-damage|p1a: Garganacl|28\/100\n|move|p1a: Garganacl|Recover|p1a: Garganacl\n|-heal|p1a: Garganacl|78\/100\n|\n|-heal|p1a: Garganacl|84\/100|[from] item: Leftovers\n|upkeep\n|turn|69\n|\n|t:|1699768365\n|move|p2a: Swampert|Substitute|p2a: Swampert\n|-start|p2a: Swampert|Substitute\n|-damage|p2a: Swampert|14\/100\n|move|p1a: Garganacl|Recover|p1a: Garganacl\n|-heal|p1a: Garganacl|100\/100\n|\n|upkeep\n|turn|70\n|\n|t:|1699768368\n|move|p2a: Swampert|Earthquake|p1a: Garganacl\n|-crit|p1a: Garganacl\n|-damage|p1a: Garganacl|0 fnt\n|faint|p1a: Garganacl\n|\n|upkeep\n|c|\u2606southeast sirius|what\n|c|\u2606southeast sirius|ur too fucking lucky bro\n|inactive|southeast sirius has 120 seconds left.\n|c|\u2606southeast sirius|i have no luck\n|c|\u2606mik_252|i mean i deserve with a team like that sheesh\n|c|\u2606mik_252|it*\n|c|\u2606mik_252|u have a huge chance still\n|inactive|southeast sirius has 90 seconds left.\n|\n|t:|1699768430\n|switch|p1a: Cresselia|Cresselia, F|71\/100\n|-damage|p1a: Cresselia|58\/100|[from] Stealth Rock\n|turn|71\n|\n|t:|1699768431\n|move|p1a: Cresselia|Moonblast|p2a: Swampert\n|-activate|p2a: Swampert|move: Substitute|[damage]\n|move|p2a: Swampert|Liquidation|p1a: Cresselia\n|-damage|p1a: Cresselia|0 fnt\n|faint|p1a: Cresselia\n|\n|upkeep\n|\n|t:|1699768434\n|switch|p1a: Skarmory|Skarmory, F|73\/100\n|-damage|p1a: Skarmory|60\/100|[from] Stealth Rock\n|turn|72\n|\n|t:|1699768436\n|move|p2a: Swampert|Liquidation|p1a: Skarmory\n|-damage|p1a: Skarmory|0 fnt\n|-damage|p2a: Swampert|0 fnt|[from] item: Rocky Helmet|[of] p1a: Skarmory\n|faint|p1a: Skarmory\n|faint|p2a: Swampert\n|\n|upkeep\n|\n|t:|1699768440\n|switch|p2a: Pelipper|Pelipper, M, shiny|72\/100 brn\n|switch|p1a: Lopunny|Lopunny, M|100\/100\n|-damage|p1a: Lopunny|88\/100|[from] Stealth Rock\n|-weather|RainDance|[from] ability: Drizzle|[of] p2a: Pelipper\n|turn|73\n|\n|t:|1699768443\n|detailschange|p1a: Lopunny|Lopunny-Mega, M\n|-mega|p1a: Lopunny|Lopunny|Lopunnite\n|move|p1a: Lopunny|Fake Out|p2a: Pelipper\n|-crit|p2a: Pelipper\n|-damage|p2a: Pelipper|47\/100 brn\n|cant|p2a: Pelipper|flinch\n|\n|-weather|RainDance|[upkeep]\n|-damage|p2a: Pelipper|41\/100 brn|[from] brn\n|upkeep\n|turn|74\n|\n|t:|1699768448\n|move|p1a: Lopunny|Frustration|p2a: Pelipper\n|-damage|p2a: Pelipper|1\/100 brn\n|move|p2a: Pelipper|Hurricane|p1a: Lopunny\n|-supereffective|p1a: Lopunny\n|-damage|p1a: Lopunny|0 fnt\n|faint|p1a: Lopunny\n|\n|win|mik_252\n|raw|southeast sirius's rating: 1621 &rarr; <strong>1594<\/strong><br \/>(-27 for losing)\n|raw|mik_252's rating: 1501 &rarr; <strong>1528<\/strong><br \/>(+27 for winning)\n|c|\u2606southeast sirius|what\n|c|\u2606mik_252|yesssss\n","uploadtime":1699768459,"views":9,"p1id":"southeastsirius","p2id":"mik252","formatid":"gen9nationaldex","rating":1528,"private":0,"password":""}