{"id":"gen9nationaldex-1988182786","p1":"Yalpur","p2":"sleeptaik","format":"[Gen 9] National Dex","log":"|j|\u2606Yalpur\n|j|\u2606sleeptaik\n|t:|1699680912\n|gametype|singles\n|player|p1|Yalpur|102|1679\n|player|p2|sleeptaik|hugh|1679\n|teamsize|p1|6\n|teamsize|p2|6\n|gen|9\n|tier|[Gen 9] National Dex\n|rated|\n|rule|HP Percentage Mod: HP is shown in percentages\n|rule|Endless Battle Clause: Forcing endless battles is banned\n|rule|OHKO Clause: OHKO moves are banned\n|rule|Evasion Clause: Evasion abilities, items, and moves are banned\n|rule|Evasion Abilities Clause: Evasion abilities are banned\n|rule|Evasion Items Clause: Evasion items are banned\n|rule|Evasion Moves Clause: Evasion moves are banned\n|rule|Species Clause: Limit one of each Pok\u00e9mon\n|rule|Sleep Clause Mod: Limit one foe put to sleep\n|clearpoke\n|poke|p1|Tapu Koko|\n|poke|p1|Iron Hands|\n|poke|p1|Iron Valiant|\n|poke|p1|Hatterene, F|\n|poke|p1|Medicham, F|\n|poke|p1|Raichu-Alola, M|\n|poke|p2|Keldeo-Resolute|\n|poke|p2|Jirachi|\n|poke|p2|Moltres|\n|poke|p2|Rillaboom, F|\n|poke|p2|Sneasler, F|\n|poke|p2|Garchomp, F|\n|teampreview\n|inactive|Battle timer is ON: inactive players will automatically lose when time's up. (requested by sleeptaik)\n|\n|t:|1699680928\n|start\n|switch|p1a: Tapu Koko|Tapu Koko|100\/100\n|switch|p2a: Rillaboom|Rillaboom, F|100\/100\n|-fieldstart|move: Electric Terrain|[from] ability: Electric Surge|[of] p1a: Tapu Koko\n|-fieldstart|move: Grassy Terrain|[from] ability: Grassy Surge|[of] p2a: Rillaboom\n|turn|1\n|\n|t:|1699680933\n|-terastallize|p1a: Tapu Koko|Flying\n|-terastallize|p2a: Rillaboom|Grass\n|move|p1a: Tapu Koko|Brave Bird|p2a: Rillaboom\n|-supereffective|p2a: Rillaboom\n|-damage|p2a: Rillaboom|0 fnt\n|faint|p2a: Rillaboom\n|-damage|p1a: Tapu Koko|53\/100|[from] Recoil\n|\n|upkeep\n|\n|t:|1699680949\n|switch|p2a: Sneasler|Sneasler, F|100\/100\n|-enditem|p2a: Sneasler|Grassy Seed\n|-boost|p2a: Sneasler|def|1|[from] item: Grassy Seed\n|turn|2\n|\n|t:|1699680961\n|switch|p1a: Hatterene|Hatterene, F|100\/100\n|move|p2a: Sneasler|Acrobatics|p1a: Hatterene\n|-damage|p1a: Hatterene|59\/100\n|-enditem|p1a: Hatterene|Eject Button\n|j| Duragonite\n|\n|t:|1699680978\n|switch|p1a: Iron Hands|Iron Hands|100\/100\n|\n|upkeep\n|turn|3\n|l| Duragonite\n|\n|t:|1699680983\n|move|p2a: Sneasler|Dire Claw|p1a: Iron Hands\n|-damage|p1a: Iron Hands|74\/100\n|-zpower|p1a: Iron Hands\n|move|p1a: Iron Hands|Gigavolt Havoc|p2a: Sneasler|[zeffect]\n|-damage|p2a: Sneasler|0 fnt\n|faint|p2a: Sneasler\n|\n|-heal|p1a: Iron Hands|80\/100|[from] Grassy Terrain\n|upkeep\n|j| Duragonite\n|\n|t:|1699680995\n|switch|p2a: Jirachi|Jirachi|100\/100\n|turn|4\n|\n|t:|1699681008\n|-end|p1a: Iron Hands|Quark Drive|[silent]\n|switch|p1a: Tapu Koko|Tapu Koko, tera:Flying|53\/100\n|-fieldstart|move: Electric Terrain|[from] ability: Electric Surge|[of] p1a: Tapu Koko\n|move|p2a: Jirachi|Psychic|p1a: Tapu Koko\n|-damage|p1a: Tapu Koko|7\/100\n|\n|upkeep\n|turn|5\n|\n|t:|1699681023\n|move|p1a: Tapu Koko|Wild Charge|p2a: Jirachi\n|-damage|p2a: Jirachi|63\/100\n|-damage|p1a: Tapu Koko|0 fnt|[from] Recoil\n|faint|p1a: Tapu Koko\n|move|p2a: Jirachi|Psychic|p1: Tapu Koko|[notarget]\n|-fail|p2a: Jirachi\n|\n|-heal|p2a: Jirachi|70\/100|[from] item: Leftovers\n|upkeep\n|\n|t:|1699681031\n|switch|p1a: Raichu|Raichu-Alola, M|100\/100\n|turn|6\n|\n|t:|1699681037\n|move|p2a: Jirachi|Protect|p2a: Jirachi\n|-singleturn|p2a: Jirachi|Protect\n|move|p1a: Raichu|Hidden Power|p2a: Jirachi\n|-activate|p2a: Jirachi|move: Protect\n|\n|-heal|p2a: Jirachi|76\/100|[from] item: Leftovers\n|upkeep\n|turn|7\n|\n|t:|1699681042\n|move|p1a: Raichu|Rising Voltage|p2a: Jirachi\n|-hint|Rising Voltage's BP doubled on grounded target.\n|-damage|p2a: Jirachi|5\/100\n|-damage|p1a: Raichu|91\/100|[from] item: Life Orb\n|move|p2a: Jirachi|U-turn|p1a: Raichu\n|-supereffective|p1a: Raichu\n|-damage|p1a: Raichu|29\/100\n|\n|t:|1699681050\n|switch|p2a: Garchomp|Garchomp, F|100\/100|[from] U-turn\n|\n|upkeep\n|turn|8\n|\n|t:|1699681057\n|move|p1a: Raichu|Hidden Power|p2a: Garchomp\n|-supereffective|p2a: Garchomp\n|-damage|p2a: Garchomp|0 fnt\n|faint|p2a: Garchomp\n|-damage|p1a: Raichu|19\/100|[from] item: Life Orb\n|\n|upkeep\n|-message|sleeptaik forfeited.\n|\n|win|Yalpur\n|raw|Yalpur's rating: 1679 &rarr; <strong>1699<\/strong><br \/>(+20 for winning)\n|raw|sleeptaik's rating: 1679 &rarr; <strong>1659<\/strong><br \/>(-20 for losing)\n|l|\u2606sleeptaik\n","uploadtime":1699681067,"views":5,"p1id":"yalpur","p2id":"sleeptaik","formatid":"gen9nationaldex","rating":1659,"private":0,"password":""}