{"id":"gen9nationaldex-1987068253","p1":"JoaKingDex(Y)","p2":"EvelynIsBased","format":"[Gen 9] National Dex","log":"|j|\u2606JoaKingDex(Y)\n|j|\u2606EvelynIsBased\n|t:|1699553473\n|gametype|singles\n|player|p1|JoaKingDex(Y)|red-masters|1274\n|player|p2|EvelynIsBased|guitarist|1243\n|teamsize|p1|6\n|teamsize|p2|6\n|gen|9\n|tier|[Gen 9] National Dex\n|rated|\n|rule|HP Percentage Mod: HP is shown in percentages\n|rule|Endless Battle Clause: Forcing endless battles is banned\n|rule|OHKO Clause: OHKO moves are banned\n|rule|Evasion Clause: Evasion abilities, items, and moves are banned\n|rule|Evasion Abilities Clause: Evasion abilities are banned\n|rule|Evasion Items Clause: Evasion items are banned\n|rule|Evasion Moves Clause: Evasion moves are banned\n|rule|Species Clause: Limit one of each Pok\u00e9mon\n|rule|Sleep Clause Mod: Limit one foe put to sleep\n|clearpoke\n|poke|p1|Charizard, M|\n|poke|p1|Greninja-*, M|\n|poke|p1|Great Tusk|\n|poke|p1|Corviknight, M|\n|poke|p1|Galvantula, F|\n|poke|p1|Tyranitar, M|\n|poke|p2|Gliscor, M|\n|poke|p2|Bisharp, F|\n|poke|p2|Aegislash, F|\n|poke|p2|Great Tusk|\n|poke|p2|Ursaluna-Bloodmoon, M|\n|poke|p2|Toxapex, M|\n|teampreview\n|\n|t:|1699553500\n|start\n|switch|p1a: Greninja|Greninja, M|100\/100\n|switch|p2a: Gliscor|Gliscor, M|100\/100\n|turn|1\n|\n|t:|1699553512\n|switch|p2a: Toxapex|Toxapex, M|100\/100\n|move|p1a: Greninja|Ice Beam|p2a: Toxapex\n|-start|p1a: Greninja|typechange|Ice|[from] ability: Protean\n|-resisted|p2a: Toxapex\n|-damage|p2a: Toxapex|84\/100\n|\n|-heal|p2a: Toxapex|90\/100|[from] item: Black Sludge\n|upkeep\n|turn|2\n|\n|t:|1699553517\n|switch|p1a: Great Tusk|Great Tusk|100\/100\n|move|p2a: Toxapex|Toxic Spikes|p1a: Great Tusk\n|-sidestart|p1: JoaKingDex(Y)|move: Toxic Spikes\n|\n|-heal|p2a: Toxapex|96\/100|[from] item: Black Sludge\n|upkeep\n|turn|3\n|\n|t:|1699553525\n|switch|p2a: Aegislash|Aegislash, F|100\/100\n|-item|p2a: Aegislash|Air Balloon\n|move|p1a: Great Tusk|Rapid Spin|p2a: Aegislash\n|-immune|p2a: Aegislash\n|\n|upkeep\n|turn|4\n|\n|t:|1699553536\n|move|p2a: Aegislash|King's Shield|p2a: Aegislash\n|-singleturn|p2a: Aegislash|Protect\n|move|p1a: Great Tusk|Headlong Rush|p2a: Aegislash\n|-activate|p2a: Aegislash|move: Protect\n|-unboost|p1a: Great Tusk|atk|1\n|\n|upkeep\n|turn|5\n|\n|t:|1699553547\n|-end|p1a: Great Tusk|Protosynthesis|[silent]\n|switch|p1a: Corviknight|Corviknight, M|100\/100\n|-formechange|p2a: Aegislash|Aegislash-Blade||[from] ability: Stance Change\n|move|p2a: Aegislash|Close Combat|p1a: Corviknight\n|-damage|p1a: Corviknight|73\/100\n|-unboost|p2a: Aegislash|def|1\n|-unboost|p2a: Aegislash|spd|1\n|-damage|p2a: Aegislash|84\/100|[from] item: Rocky Helmet|[of] p1a: Corviknight\n|\n|upkeep\n|turn|6\n|\n|t:|1699553554\n|switch|p2a: Bisharp|Bisharp, F|100\/100\n|move|p1a: Corviknight|Brave Bird|p2a: Bisharp\n|-resisted|p2a: Bisharp\n|-damage|p2a: Bisharp|79\/100\n|-damage|p1a: Corviknight|68\/100|[from] Recoil\n|\n|upkeep\n|turn|7\n|\n|t:|1699553560\n|-terastallize|p2a: Bisharp|Electric\n|move|p2a: Bisharp|Tera Blast|p1a: Corviknight|[anim] Tera Blast Electric\n|-supereffective|p1a: Corviknight\n|-damage|p1a: Corviknight|12\/100\n|move|p1a: Corviknight|Defog|p2a: Bisharp\n|-unboost|p2a: Bisharp|evasion|1\n|-ability|p2a: Bisharp|Defiant|boost\n|-boost|p2a: Bisharp|atk|2\n|-sideend|p1: JoaKingDex(Y)|Toxic Spikes|[from] move: Defog|[of] p1a: Corviknight\n|\n|upkeep\n|turn|8\n|\n|t:|1699553572\n|move|p2a: Bisharp|Knock Off|p1a: Corviknight\n|-damage|p1a: Corviknight|0 fnt\n|-damage|p2a: Bisharp|62\/100|[from] item: Rocky Helmet|[of] p1a: Corviknight\n|-enditem|p1a: Corviknight|Rocky Helmet|[from] move: Knock Off|[of] p2a: Bisharp\n|faint|p1a: Corviknight\n|\n|upkeep\n|\n|t:|1699553579\n|switch|p1a: Charizard|Charizard, M|100\/100\n|turn|9\n|\n|t:|1699553582\n|detailschange|p1a: Charizard|Charizard-Mega-Y, M\n|-mega|p1a: Charizard|Charizard|Charizardite Y\n|-weather|SunnyDay|[from] ability: Drought|[of] p1a: Charizard\n|move|p2a: Bisharp|Sucker Punch|p1a: Charizard\n|-damage|p1a: Charizard|0 fnt\n|faint|p1a: Charizard\n|\n|-weather|SunnyDay|[upkeep]\n|upkeep\n|\n|t:|1699553590\n|switch|p1a: Galvantula|Galvantula, F|100\/100\n|turn|10\n|\n|t:|1699553595\n|move|p1a: Galvantula|Bug Buzz|p2a: Bisharp\n|-damage|p2a: Bisharp|27\/100\n|move|p2a: Bisharp|Knock Off|p1a: Galvantula\n|-enditem|p1a: Galvantula|Focus Sash\n|-damage|p1a: Galvantula|1\/100\n|\n|-weather|SunnyDay|[upkeep]\n|upkeep\n|turn|11\n|\n|t:|1699553602\n|move|p2a: Bisharp|Sucker Punch||[still]\n|-fail|p2a: Bisharp\n|move|p1a: Galvantula|Sticky Web|p2a: Bisharp\n|-sidestart|p2: EvelynIsBased|move: Sticky Web\n|\n|-weather|SunnyDay|[upkeep]\n|upkeep\n|turn|12\n|\n|t:|1699553608\n|move|p2a: Bisharp|Sucker Punch|p1a: Galvantula\n|-crit|p1a: Galvantula\n|-damage|p1a: Galvantula|0 fnt\n|faint|p1a: Galvantula\n|\n|-weather|SunnyDay|[upkeep]\n|upkeep\n|\n|t:|1699553612\n|switch|p1a: Great Tusk|Great Tusk|100\/100\n|-activate|p1a: Great Tusk|ability: Protosynthesis\n|-start|p1a: Great Tusk|protosynthesisspe\n|turn|13\n|\n|t:|1699553617\n|move|p2a: Bisharp|Sucker Punch||[still]\n|-fail|p2a: Bisharp\n|move|p1a: Great Tusk|Bulk Up|p1a: Great Tusk\n|-boost|p1a: Great Tusk|atk|1\n|-boost|p1a: Great Tusk|def|1\n|\n|-weather|none\n|-end|p1a: Great Tusk|Protosynthesis\n|upkeep\n|turn|14\n|\n|t:|1699553623\n|move|p1a: Great Tusk|Rapid Spin|p2a: Bisharp\n|-damage|p2a: Bisharp|4\/100\n|-boost|p1a: Great Tusk|spe|1\n|move|p2a: Bisharp|Knock Off|p1a: Great Tusk\n|-resisted|p1a: Great Tusk\n|-damage|p1a: Great Tusk|76\/100\n|-enditem|p1a: Great Tusk|Leftovers|[from] move: Knock Off|[of] p2a: Bisharp\n|\n|upkeep\n|turn|15\n|\n|t:|1699553634\n|move|p2a: Bisharp|Sucker Punch|p1a: Great Tusk\n|-resisted|p1a: Great Tusk\n|-crit|p1a: Great Tusk\n|-damage|p1a: Great Tusk|38\/100\n|move|p1a: Great Tusk|Rapid Spin|p2a: Bisharp\n|-damage|p2a: Bisharp|0 fnt\n|-boost|p1a: Great Tusk|spe|1\n|faint|p2a: Bisharp\n|\n|upkeep\n|\n|t:|1699553640\n|switch|p2a: Aegislash|Aegislash, F|84\/100\n|-item|p2a: Aegislash|Air Balloon\n|turn|16\n|\n|t:|1699553650\n|-end|p1a: Great Tusk|Protosynthesis|[silent]\n|switch|p1a: Greninja|Greninja, M|100\/100\n|-formechange|p2a: Aegislash|Aegislash-Blade||[from] ability: Stance Change\n|move|p2a: Aegislash|Close Combat|p1a: Greninja\n|-supereffective|p1a: Greninja\n|-damage|p1a: Greninja|0 fnt\n|-unboost|p2a: Aegislash|def|1\n|-unboost|p2a: Aegislash|spd|1\n|faint|p1a: Greninja\n|\n|upkeep\n|\n|t:|1699553657\n|switch|p1a: Godzilla|Tyranitar, M|100\/100\n|-weather|Sandstorm|[from] ability: Sand Stream|[of] p1a: Godzilla\n|turn|17\n|\n|t:|1699553660\n|-terastallize|p1a: Godzilla|Flying\n|move|p1a: Godzilla|Knock Off|p2a: Aegislash\n|-supereffective|p2a: Aegislash\n|-damage|p2a: Aegislash|0 fnt\n|-enditem|p2a: Aegislash|Air Balloon\n|faint|p2a: Aegislash\n|\n|-weather|Sandstorm|[upkeep]\n|-damage|p1a: Godzilla|94\/100|[from] Sandstorm\n|upkeep\n|\n|t:|1699553670\n|switch|p2a: Gliscor|Gliscor, M|100\/100\n|turn|18\n|\n|t:|1699553679\n|move|p2a: Gliscor|Toxic|p1a: Godzilla\n|-status|p1a: Godzilla|tox\n|move|p1a: Godzilla|Knock Off|p2a: Gliscor\n|-damage|p2a: Gliscor|67\/100\n|-enditem|p2a: Gliscor|Toxic Orb|[from] move: Knock Off|[of] p1a: Godzilla\n|\n|-weather|Sandstorm|[upkeep]\n|-damage|p1a: Godzilla|88\/100 tox|[from] Sandstorm\n|-damage|p1a: Godzilla|82\/100 tox|[from] psn\n|upkeep\n|turn|19\n|\n|t:|1699553690\n|move|p2a: Gliscor|Stealth Rock|p1a: Godzilla\n|-sidestart|p1: JoaKingDex(Y)|move: Stealth Rock\n|move|p1a: Godzilla|Rock Slide|p2a: Gliscor\n|-damage|p2a: Gliscor|39\/100\n|\n|-weather|Sandstorm|[upkeep]\n|-damage|p1a: Godzilla|76\/100 tox|[from] Sandstorm\n|-damage|p1a: Godzilla|64\/100 tox|[from] psn\n|upkeep\n|turn|20\n|\n|t:|1699553695\n|move|p2a: Gliscor|Spikes|p1a: Godzilla\n|-sidestart|p1: JoaKingDex(Y)|Spikes\n|move|p1a: Godzilla|Rock Slide|p2a: Gliscor\n|-crit|p2a: Gliscor\n|-damage|p2a: Gliscor|0 fnt\n|faint|p2a: Gliscor\n|\n|-weather|Sandstorm|[upkeep]\n|-damage|p1a: Godzilla|58\/100 tox|[from] Sandstorm\n|-damage|p1a: Godzilla|39\/100 tox|[from] psn\n|upkeep\n|\n|t:|1699553702\n|switch|p2a: Toxapex|Toxapex, M|100\/100\n|-activate|p2a: Toxapex|move: Sticky Web\n|-unboost|p2a: Toxapex|spe|1\n|turn|21\n|\n|t:|1699553705\n|move|p1a: Godzilla|Knock Off|p2a: Toxapex\n|-damage|p2a: Toxapex|62\/100\n|-enditem|p2a: Toxapex|Black Sludge|[from] move: Knock Off|[of] p1a: Godzilla\n|move|p2a: Toxapex|Toxic Spikes|p1a: Godzilla\n|-sidestart|p1: JoaKingDex(Y)|move: Toxic Spikes\n|\n|-weather|none\n|-damage|p1a: Godzilla|15\/100 tox|[from] psn\n|upkeep\n|turn|22\n|\n|t:|1699553715\n|move|p1a: Godzilla|Rock Slide|p2a: Toxapex\n|-damage|p2a: Toxapex|32\/100\n|move|p2a: Toxapex|Toxic Spikes|p1a: Godzilla\n|-sidestart|p1: JoaKingDex(Y)|move: Toxic Spikes\n|\n|-damage|p1a: Godzilla|0 fnt|[from] psn\n|faint|p1a: Godzilla\n|upkeep\n|\n|t:|1699553723\n|switch|p1a: Great Tusk|Great Tusk|38\/100\n|-damage|p1a: Great Tusk|35\/100|[from] Stealth Rock\n|-damage|p1a: Great Tusk|22\/100|[from] Spikes\n|-status|p1a: Great Tusk|tox\n|turn|23\n|\n|t:|1699553729\n|move|p2a: Toxapex|Baneful Bunker|p2a: Toxapex\n|-singleturn|p2a: Toxapex|move: Protect\n|move|p1a: Great Tusk|Headlong Rush|p2a: Toxapex\n|-activate|p2a: Toxapex|move: Protect\n|\n|-damage|p1a: Great Tusk|16\/100 tox|[from] psn\n|upkeep\n|turn|24\n|\n|t:|1699553737\n|move|p1a: Great Tusk|Headlong Rush|p2a: Toxapex\n|-supereffective|p2a: Toxapex\n|-damage|p2a: Toxapex|0 fnt\n|-unboost|p1a: Great Tusk|def|1\n|-unboost|p1a: Great Tusk|spd|1\n|faint|p2a: Toxapex\n|\n|-damage|p1a: Great Tusk|4\/100 tox|[from] psn\n|upkeep\n|\n|t:|1699553740\n|switch|p2a: Great Tusk|Great Tusk|100\/100\n|-activate|p2a: Great Tusk|move: Sticky Web\n|-unboost|p2a: Great Tusk|spe|1\n|turn|25\n|\n|t:|1699553761\n|move|p1a: Great Tusk|Headlong Rush|p2a: Great Tusk\n|-damage|p2a: Great Tusk|78\/100\n|-unboost|p1a: Great Tusk|def|1\n|-unboost|p1a: Great Tusk|spd|1\n|-damage|p1a: Great Tusk|0 fnt|[from] item: Rocky Helmet|[of] p2a: Great Tusk\n|faint|p1a: Great Tusk\n|-end|p1a: Great Tusk|Protosynthesis|[silent]\n|\n|win|EvelynIsBased\n|raw|JoaKingDex(Y)'s rating: 1274 &rarr; <strong>1247<\/strong><br \/>(-27 for losing)\n|raw|EvelynIsBased's rating: 1243 &rarr; <strong>1270<\/strong><br \/>(+27 for winning)\n|l|\u2606JoaKingDex(Y)\n","uploadtime":1699553776,"views":4,"p1id":"joakingdexy","p2id":"evelynisbased","formatid":"gen9nationaldex","rating":1247,"private":0,"password":""}