{"id":"gen9nationaldex-1998201917","p1":"ProtoType81","p2":"Chizuru<3","format":"[Gen 9] National Dex","log":"|html|<div class=\"broadcast-blue\"><strong>[Gen 9] National Dex is currently suspecting Sneasler! For information on how to participate check out the <a href=\"https:\/\/www.smogon.com\/forums\/threads\/sv-national-dex-suspect-8-just-dance.3731534\/\">suspect thread<\/a>.<\/strong><\/div>\n|j|\u2606ProtoType81\n|j|\u2606Chizuru<3\n|t:|1700911709\n|gametype|singles\n|player|p1|ProtoType81|unknown|1000\n|player|p2|Chizuru<3|hilbert|1132\n|teamsize|p1|6\n|teamsize|p2|6\n|gen|9\n|tier|[Gen 9] National Dex\n|rated|\n|rule|HP Percentage Mod: HP is shown in percentages\n|rule|Endless Battle Clause: Forcing endless battles is banned\n|rule|OHKO Clause: OHKO moves are banned\n|rule|Evasion Clause: Evasion abilities, items, and moves are banned\n|rule|Evasion Abilities Clause: Evasion abilities are banned\n|rule|Evasion Items Clause: Evasion items are banned\n|rule|Evasion Moves Clause: Evasion moves are banned\n|rule|Species Clause: Limit one of each Pok\u00e9mon\n|rule|Sleep Clause Mod: Limit one foe put to sleep\n|clearpoke\n|poke|p1|Cottonee, M|\n|poke|p1|Deoxys-Defense|\n|poke|p1|Toxapex, M|\n|poke|p1|Xurkitree|\n|poke|p1|Heracross, F|\n|poke|p1|Urshifu-*, M|\n|poke|p2|Swampert, M|\n|poke|p2|Sceptile, F|\n|poke|p2|Blaziken, M|\n|poke|p2|Gardevoir, F|\n|poke|p2|Swellow, M|\n|poke|p2|Salamence, F|\n|teampreview\n|inactive|Battle timer is ON: inactive players will automatically lose when time's up. (requested by Chizuru<3)\n|inactive|ProtoType81 also wants the timer to be on.\n|\n|t:|1700911718\n|start\n|switch|p1a: Cottonee|Cottonee, M|100\/100\n|switch|p2a: Blaziken|Blaziken, M|100\/100\n|turn|1\n|\n|t:|1700911729\n|move|p1a: Cottonee|Toxic|p2a: Blaziken\n|-status|p2a: Blaziken|tox\n|move|p2a: Blaziken|Flare Blitz|p1a: Cottonee\n|-supereffective|p1a: Cottonee\n|-enditem|p1a: Cottonee|Focus Sash\n|-damage|p1a: Cottonee|1\/100\n|-damage|p2a: Blaziken|80\/100 tox|[from] Recoil\n|\n|-damage|p2a: Blaziken|74\/100 tox|[from] psn\n|-ability|p2a: Blaziken|Speed Boost|boost\n|-boost|p2a: Blaziken|spe|1\n|upkeep\n|turn|2\n|\n|t:|1700911741\n|move|p2a: Blaziken|Flare Blitz|p1a: Cottonee\n|-supereffective|p1a: Cottonee\n|-damage|p1a: Cottonee|0 fnt\n|faint|p1a: Cottonee\n|-damage|p2a: Blaziken|74\/100 tox|[from] Recoil\n|\n|-damage|p2a: Blaziken|62\/100 tox|[from] psn\n|-ability|p2a: Blaziken|Speed Boost|boost\n|-boost|p2a: Blaziken|spe|1\n|upkeep\n|\n|t:|1700911758\n|switch|p1a: Toxapex|Toxapex, M|100\/100\n|turn|3\n|\n|t:|1700911765\n|move|p2a: Blaziken|Brave Bird|p1a: Toxapex\n|-damage|p1a: Toxapex|63\/100\n|-damage|p2a: Blaziken|52\/100 tox|[from] Recoil\n|move|p1a: Toxapex|Scald|p2a: Blaziken\n|-supereffective|p2a: Blaziken\n|-damage|p2a: Blaziken|4\/100 tox\n|-enditem|p2a: Blaziken|Aguav Berry|[eat]\n|-heal|p2a: Blaziken|37\/100 tox|[from] item: Aguav Berry\n|\n|-heal|p1a: Toxapex|69\/100|[from] item: Leftovers\n|-damage|p2a: Blaziken|19\/100 tox|[from] psn\n|-ability|p2a: Blaziken|Speed Boost|boost\n|-boost|p2a: Blaziken|spe|1\n|upkeep\n|turn|4\n|\n|t:|1700911779\n|move|p2a: Blaziken|Brave Bird|p1a: Toxapex\n|-damage|p1a: Toxapex|31\/100\n|-damage|p2a: Blaziken|9\/100 tox|[from] Recoil\n|move|p1a: Toxapex|Toxic Spikes|p2a: Blaziken\n|-sidestart|p2: Chizuru<3|move: Toxic Spikes\n|\n|-heal|p1a: Toxapex|37\/100|[from] item: Leftovers\n|-damage|p2a: Blaziken|0 fnt|[from] psn\n|faint|p2a: Blaziken\n|upkeep\n|\n|t:|1700911788\n|switch|p2a: Swampert|Swampert, M|100\/100\n|-status|p2a: Swampert|psn\n|turn|5\n|\n|t:|1700911799\n|switch|p1a: Deoxys|Deoxys-Defense|100\/100\n|-ability|p1a: Deoxys|Pressure\n|detailschange|p2a: Swampert|Swampert-Mega, M\n|-mega|p2a: Swampert|Swampert|Swampertite\n|move|p2a: Swampert|Earthquake|p1a: Deoxys\n|-damage|p1a: Deoxys|43\/100\n|\n|-damage|p2a: Swampert|88\/100 psn|[from] psn\n|upkeep\n|turn|6\n|\n|t:|1700911815\n|move|p1a: Deoxys|Drain Punch|p2a: Swampert\n|-damage|p2a: Swampert|73\/100 psn\n|-heal|p1a: Deoxys|56\/100|[from] drain|[of] p2a: Swampert\n|move|p2a: Swampert|Earthquake|p1a: Deoxys\n|-crit|p1a: Deoxys\n|-damage|p1a: Deoxys|0 fnt\n|faint|p1a: Deoxys\n|\n|-damage|p2a: Swampert|60\/100 psn|[from] psn\n|upkeep\n|\n|t:|1700911827\n|switch|p1a: Xurkitree|Xurkitree|100\/100\n|turn|7\n|\n|t:|1700911839\n|move|p1a: Xurkitree|Energy Ball|p2a: Swampert\n|-supereffective|p2a: Swampert\n|-damage|p2a: Swampert|0 fnt\n|faint|p2a: Swampert\n|-ability|p1a: Xurkitree|Beast Boost|boost\n|-boost|p1a: Xurkitree|spa|1\n|\n|upkeep\n|\n|t:|1700911852\n|switch|p2a: Sceptile|Sceptile, F|100\/100\n|-status|p2a: Sceptile|psn\n|turn|8\n|\n|t:|1700911861\n|switch|p1a: Toxapex|Toxapex, M|70\/100\n|move|p2a: Sceptile|Dragon Pulse|p1a: Toxapex\n|-damage|p1a: Toxapex|46\/100\n|\n|-heal|p1a: Toxapex|52\/100|[from] item: Leftovers\n|-damage|p2a: Sceptile|88\/100 psn|[from] psn\n|upkeep\n|turn|9\n|\n|t:|1700911874\n|-terastallize|p1a: Toxapex|Poison\n|move|p2a: Sceptile|Energy Ball|p1a: Toxapex\n|-resisted|p1a: Toxapex\n|-damage|p1a: Toxapex|34\/100\n|move|p1a: Toxapex|Toxic Spikes|p2a: Sceptile\n|-sidestart|p2: Chizuru<3|move: Toxic Spikes\n|\n|-heal|p1a: Toxapex|40\/100|[from] item: Leftovers\n|-damage|p2a: Sceptile|76\/100 psn|[from] psn\n|upkeep\n|turn|10\n|\n|t:|1700911885\n|move|p2a: Sceptile|Hone Claws|p2a: Sceptile\n|-boost|p2a: Sceptile|atk|1\n|-boost|p2a: Sceptile|accuracy|1\n|move|p1a: Toxapex|Recover|p1a: Toxapex\n|-heal|p1a: Toxapex|90\/100\n|\n|-heal|p1a: Toxapex|96\/100|[from] item: Leftovers\n|-damage|p2a: Sceptile|63\/100 psn|[from] psn\n|upkeep\n|turn|11\n|\n|t:|1700911898\n|move|p2a: Sceptile|Focus Blast|p1a: Toxapex\n|-resisted|p1a: Toxapex\n|-damage|p1a: Toxapex|80\/100\n|move|p1a: Toxapex|Toxic Spikes||[still]\n|-fail|p1a: Toxapex\n|\n|-heal|p1a: Toxapex|86\/100|[from] item: Leftovers\n|-damage|p2a: Sceptile|51\/100 psn|[from] psn\n|upkeep\n|turn|12\n|\n|t:|1700911909\n|move|p2a: Sceptile|Dragon Pulse|p1a: Toxapex\n|-damage|p1a: Toxapex|63\/100\n|move|p1a: Toxapex|Scald|p2a: Sceptile\n|-resisted|p2a: Sceptile\n|-damage|p2a: Sceptile|38\/100 psn\n|-enditem|p2a: Sceptile|Sitrus Berry|[eat]\n|-heal|p2a: Sceptile|63\/100 psn|[from] item: Sitrus Berry\n|\n|-heal|p1a: Toxapex|70\/100|[from] item: Leftovers\n|-damage|p2a: Sceptile|50\/100 psn|[from] psn\n|upkeep\n|turn|13\n|\n|t:|1700911920\n|move|p2a: Sceptile|Dragon Pulse|p1a: Toxapex\n|-damage|p1a: Toxapex|48\/100\n|move|p1a: Toxapex|Scald|p2a: Sceptile\n|-resisted|p2a: Sceptile\n|-damage|p2a: Sceptile|39\/100 psn\n|\n|-heal|p1a: Toxapex|54\/100|[from] item: Leftovers\n|-damage|p2a: Sceptile|26\/100 psn|[from] psn\n|upkeep\n|turn|14\n|\n|t:|1700911929\n|move|p2a: Sceptile|Dragon Pulse|p1a: Toxapex\n|-damage|p1a: Toxapex|33\/100\n|move|p1a: Toxapex|Recover|p1a: Toxapex\n|-heal|p1a: Toxapex|83\/100\n|\n|-heal|p1a: Toxapex|89\/100|[from] item: Leftovers\n|-damage|p2a: Sceptile|14\/100 psn|[from] psn\n|upkeep\n|turn|15\n|\n|t:|1700911945\n|move|p2a: Sceptile|Dragon Pulse|p1a: Toxapex\n|-damage|p1a: Toxapex|66\/100\n|move|p1a: Toxapex|Scald|p2a: Sceptile\n|-resisted|p2a: Sceptile\n|-damage|p2a: Sceptile|1\/100 psn\n|\n|-heal|p1a: Toxapex|72\/100|[from] item: Leftovers\n|-damage|p2a: Sceptile|0 fnt|[from] psn\n|faint|p2a: Sceptile\n|upkeep\n|\n|t:|1700911954\n|switch|p2a: Salamence|Salamence, F|100\/100\n|turn|16\n|\n|t:|1700911960\n|switch|p1a: Urshifu|Urshifu-Rapid-Strike, M|100\/100\n|move|p2a: Salamence|Dragon Dance|p2a: Salamence\n|-boost|p2a: Salamence|atk|1\n|-boost|p2a: Salamence|spe|1\n|\n|upkeep\n|turn|17\n|\n|t:|1700911970\n|move|p2a: Salamence|Outrage|p1a: Urshifu\n|-damage|p1a: Urshifu|0 fnt\n|faint|p1a: Urshifu\n|-ability|p2a: Salamence|Moxie|boost\n|-boost|p2a: Salamence|atk|1\n|-damage|p2a: Salamence|91\/100|[from] item: Life Orb\n|\n|upkeep\n|\n|t:|1700911977\n|switch|p1a: Xurkitree|Xurkitree|100\/100\n|turn|18\n|\n|t:|1700911982\n|move|p2a: Salamence|Outrage|p1a: Xurkitree|[from]lockedmove\n|-damage|p1a: Xurkitree|0 fnt\n|faint|p1a: Xurkitree\n|-ability|p2a: Salamence|Moxie|boost\n|-boost|p2a: Salamence|atk|1\n|-damage|p2a: Salamence|81\/100|[from] item: Life Orb\n|-start|p2a: Salamence|confusion|[fatigue]\n|\n|upkeep\n|\n|t:|1700911991\n|switch|p1a: Toxapex|Toxapex, M, tera:Poison|100\/100\n|turn|19\n|\n|t:|1700911997\n|-activate|p2a: Salamence|confusion\n|move|p2a: Salamence|Earthquake|p1a: Toxapex\n|-supereffective|p1a: Toxapex\n|-damage|p1a: Toxapex|0 fnt\n|faint|p1a: Toxapex\n|-ability|p2a: Salamence|Moxie|boost\n|-boost|p2a: Salamence|atk|1\n|-damage|p2a: Salamence|71\/100|[from] item: Life Orb\n|\n|upkeep\n|c|\u2606ProtoType81|when did +1 salamence outspeed a scarfed xurkitree\n|\n|t:|1700912018\n|switch|p1a: Heracross|Heracross, F|100\/100\n|turn|20\n|\n|t:|1700912025\n|detailschange|p1a: Heracross|Heracross-Mega, F\n|-mega|p1a: Heracross|Heracross|Heracronite\n|-activate|p2a: Salamence|confusion\n|-damage|p2a: Salamence|12\/100|[from] confusion\n|move|p1a: Heracross|Rock Blast|p2a: Salamence\n|-supereffective|p2a: Salamence\n|-damage|p2a: Salamence|0 fnt\n|faint|p2a: Salamence\n|-hitcount|p2: Salamence|1\n|\n|upkeep\n|\n|t:|1700912036\n|switch|p2a: Gardevoir|Gardevoir, F|100\/100\n|-status|p2a: Gardevoir|tox\n|-ability|p2a: Gardevoir|Skill Link|[from] ability: Trace|[of] p1a: Heracross\n|turn|21\n|\n|t:|1700912056\n|move|p2a: Gardevoir|Moonblast|p1a: Heracross\n|-supereffective|p1a: Heracross\n|-damage|p1a: Heracross|15\/100\n|move|p1a: Heracross|Knock Off|p2a: Gardevoir\n|-damage|p2a: Gardevoir|19\/100 tox\n|-enditem|p2a: Gardevoir|Salac Berry|[from] move: Knock Off|[of] p1a: Heracross\n|\n|-damage|p2a: Gardevoir|13\/100 tox|[from] psn\n|upkeep\n|turn|22\n|-message|ProtoType81 forfeited.\n|\n|win|Chizuru<3\n|raw|ProtoType81's rating: 1000 &rarr; <strong>1000<\/strong><br \/>(+0 for losing)\n|raw|Chizuru&lt;3's rating: 1132 &rarr; <strong>1148<\/strong><br \/>(+16 for winning)\n|l|\u2606ProtoType81\n","uploadtime":1700912076,"views":0,"p1id":"prototype81","p2id":"chizuru3","formatid":"gen9nationaldex","rating":1000,"private":0,"password":""}