{"id":"gen9nationaldex-1992073369","p1":"geliyundou","p2":"datboi19","format":"[Gen 9] National Dex","log":"|j|\u2606geliyundou\n|j|\u2606datboi19\n|t:|1700152829\n|gametype|singles\n|player|p1|geliyundou|steven|1549\n|player|p2|datboi19|265|1460\n|teamsize|p1|6\n|teamsize|p2|6\n|gen|9\n|tier|[Gen 9] National Dex\n|rated|\n|rule|HP Percentage Mod: HP is shown in percentages\n|rule|Endless Battle Clause: Forcing endless battles is banned\n|rule|OHKO Clause: OHKO moves are banned\n|rule|Evasion Clause: Evasion abilities, items, and moves are banned\n|rule|Evasion Abilities Clause: Evasion abilities are banned\n|rule|Evasion Items Clause: Evasion items are banned\n|rule|Evasion Moves Clause: Evasion moves are banned\n|rule|Species Clause: Limit one of each Pok\u00e9mon\n|rule|Sleep Clause Mod: Limit one foe put to sleep\n|clearpoke\n|poke|p1|Great Tusk|\n|poke|p1|Grimmsnarl, M|\n|poke|p1|Volcarona, F|\n|poke|p1|Kommo-o, F|\n|poke|p1|Scizor, M|\n|poke|p1|Tapu Fini|\n|poke|p2|Ogerpon-Wellspring, F|\n|poke|p2|Regidrago|\n|poke|p2|Araquanid, M|\n|poke|p2|Scizor, F|\n|poke|p2|Heatran, F|\n|poke|p2|Zapdos|\n|teampreview\n|inactive|Battle timer is ON: inactive players will automatically lose when time's up. (requested by datboi19)\n|\n|t:|1700152856\n|start\n|switch|p1a: Grimmsnarl|Grimmsnarl, M|100\/100\n|switch|p2a: Araquanid|Araquanid, M|100\/100\n|turn|1\n|\n|t:|1700152869\n|move|p1a: Grimmsnarl|Taunt|p2a: Araquanid\n|-start|p2a: Araquanid|move: Taunt\n|move|p2a: Araquanid|Liquidation|p1a: Grimmsnarl\n|-damage|p1a: Grimmsnarl|0 fnt\n|faint|p1a: Grimmsnarl\n|\n|upkeep\n|\n|t:|1700152877\n|switch|p1a: Kommo-o|Kommo-o, F|100\/100\n|turn|2\n|inactive|datboi19 has 120 seconds left.\n|\n|t:|1700152913\n|move|p1a: Kommo-o|Belly Drum|p1a: Kommo-o\n|-damage|p1a: Kommo-o|50\/100\n|-setboost|p1a: Kommo-o|atk|6|[from] move: Belly Drum\n|move|p2a: Araquanid|Liquidation|p1a: Kommo-o\n|-resisted|p1a: Kommo-o\n|-damage|p1a: Kommo-o|0 fnt\n|faint|p1a: Kommo-o\n|\n|upkeep\n|\n|t:|1700152925\n|switch|p1a: Tapu Fini|Tapu Fini|100\/100\n|-fieldstart|move: Misty Terrain|[from] ability: Misty Surge|[of] p1a: Tapu Fini\n|turn|3\n|\n|t:|1700152935\n|switch|p2a: Ogerpon|Ogerpon-Wellspring, F|100\/100\n|move|p1a: Tapu Fini|Iron Defense|p1a: Tapu Fini\n|-boost|p1a: Tapu Fini|def|2\n|\n|upkeep\n|turn|4\n|\n|t:|1700152948\n|-terastallize|p1a: Tapu Fini|Steel\n|move|p2a: Ogerpon|Swords Dance|p2a: Ogerpon\n|-boost|p2a: Ogerpon|atk|2\n|move|p1a: Tapu Fini|Iron Defense|p1a: Tapu Fini\n|-boost|p1a: Tapu Fini|def|2\n|\n|upkeep\n|turn|5\n|\n|t:|1700152956\n|move|p2a: Ogerpon|Swords Dance|p2a: Ogerpon\n|-boost|p2a: Ogerpon|atk|2\n|move|p1a: Tapu Fini|Iron Defense|p1a: Tapu Fini\n|-boost|p1a: Tapu Fini|def|2\n|\n|upkeep\n|turn|6\n|\n|t:|1700152966\n|move|p2a: Ogerpon|Swords Dance|p2a: Ogerpon\n|-boost|p2a: Ogerpon|atk|2\n|move|p1a: Tapu Fini|Calm Mind|p1a: Tapu Fini\n|-boost|p1a: Tapu Fini|spa|1\n|-boost|p1a: Tapu Fini|spd|1\n|\n|upkeep\n|turn|7\n|\n|t:|1700152991\n|move|p2a: Ogerpon|Superpower|p1a: Tapu Fini\n|-supereffective|p1a: Tapu Fini\n|-damage|p1a: Tapu Fini|35\/100\n|-unboost|p2a: Ogerpon|atk|1\n|-unboost|p2a: Ogerpon|def|1\n|move|p1a: Tapu Fini|Draining Kiss|p2a: Ogerpon\n|-damage|p2a: Ogerpon|70\/100\n|-heal|p1a: Tapu Fini|56\/100|[from] drain|[of] p2a: Ogerpon\n|\n|-heal|p1a: Tapu Fini|62\/100|[from] item: Leftovers\n|-fieldend|Misty Terrain\n|upkeep\n|turn|8\n|inactive|geliyundou has 120 seconds left.\n|\n|t:|1700153015\n|-terastallize|p2a: Ogerpon|Water\n|detailschange|p2a: Ogerpon|Ogerpon-Wellspring-Tera, F, tera:Water\n|-ability|p2a: Ogerpon|Embody Aspect (Wellspring)|boost\n|-boost|p2a: Ogerpon|spd|1\n|move|p2a: Ogerpon|Superpower|p1a: Tapu Fini\n|-supereffective|p1a: Tapu Fini\n|-damage|p1a: Tapu Fini|10\/100\n|-unboost|p2a: Ogerpon|atk|1\n|-unboost|p2a: Ogerpon|def|1\n|move|p1a: Tapu Fini|Stored Power|p2a: Ogerpon\n|-damage|p2a: Ogerpon|25\/100\n|\n|-heal|p1a: Tapu Fini|16\/100|[from] item: Leftovers\n|upkeep\n|turn|9\n|inactive|geliyundou has 120 seconds left.\n|-message|geliyundou forfeited.\n|\n|win|datboi19\n|raw|geliyundou's rating: 1549 &rarr; <strong>1524<\/strong><br \/>(-25 for losing)\n|raw|datboi19's rating: 1460 &rarr; <strong>1485<\/strong><br \/>(+25 for winning)\n|l|\u2606geliyundou\n|l|\u2606datboi19\n|j|\u2606datboi19\n|player|p2|datboi19|265\n","uploadtime":1700153038,"views":4,"p1id":"geliyundou","p2id":"datboi19","formatid":"gen9nationaldex","rating":1485,"private":0,"password":""}