{"id":"gen9nationaldex-1996311072","p1":"Si Si Papi","p2":"jkljlkh","format":"[Gen 9] National Dex","log":"|html|<div class=\"broadcast-blue\"><strong>[Gen 9] National Dex is currently suspecting Sneasler! For information on how to participate check out the <a href=\"https:\/\/www.smogon.com\/forums\/threads\/sv-national-dex-suspect-8-just-dance.3731534\/\">suspect thread<\/a>.<\/strong><\/div>\n|j|\u2606Si Si Papi\n|j|\u2606jkljlkh\n|t:|1700669985\n|gametype|singles\n|player|p1|Si Si Papi|266|1834\n|player|p2|jkljlkh|2|1831\n|teamsize|p1|6\n|teamsize|p2|6\n|gen|9\n|tier|[Gen 9] National Dex\n|rated|\n|rule|HP Percentage Mod: HP is shown in percentages\n|rule|Endless Battle Clause: Forcing endless battles is banned\n|rule|OHKO Clause: OHKO moves are banned\n|rule|Evasion Clause: Evasion abilities, items, and moves are banned\n|rule|Evasion Abilities Clause: Evasion abilities are banned\n|rule|Evasion Items Clause: Evasion items are banned\n|rule|Evasion Moves Clause: Evasion moves are banned\n|rule|Species Clause: Limit one of each Pok\u00e9mon\n|rule|Sleep Clause Mod: Limit one foe put to sleep\n|clearpoke\n|poke|p1|Excadrill, F|\n|poke|p1|Tyranitar, F|\n|poke|p1|Rillaboom, F|\n|poke|p1|Hawlucha, M|\n|poke|p1|Garganacl, F|\n|poke|p1|Mawile, F|\n|poke|p2|Toxapex, M|\n|poke|p2|Dondozo, F|\n|poke|p2|Gliscor, M|\n|poke|p2|Blissey, F|\n|poke|p2|Corviknight, F|\n|poke|p2|Tyranitar, M|\n|teampreview\n|inactive|Battle timer is ON: inactive players will automatically lose when time's up. (requested by Si Si Papi)\n|\n|t:|1700669995\n|start\n|switch|p1a: Rillaboom|Rillaboom, F|100\/100\n|switch|p2a: Gliscor|Gliscor, M|100\/100\n|-fieldstart|move: Grassy Terrain|[from] ability: Grassy Surge|[of] p1a: Rillaboom\n|turn|1\n|\n|t:|1700670000\n|move|p2a: Gliscor|Protect|p2a: Gliscor\n|-singleturn|p2a: Gliscor|Protect\n|move|p1a: Rillaboom|Knock Off|p2a: Gliscor\n|-activate|p2a: Gliscor|move: Protect\n|\n|-status|p2a: Gliscor|tox|[from] item: Toxic Orb\n|upkeep\n|turn|2\n|\n|t:|1700670003\n|-terastallize|p1a: Rillaboom|Grass\n|move|p2a: Gliscor|Toxic|p1a: Rillaboom\n|-status|p1a: Rillaboom|tox\n|move|p1a: Rillaboom|Wood Hammer|p2a: Gliscor\n|-damage|p2a: Gliscor|35\/100 tox\n|-damage|p1a: Rillaboom|81\/100 tox|[from] Recoil\n|\n|-heal|p1a: Rillaboom|88\/100 tox|[from] Grassy Terrain\n|-heal|p2a: Gliscor|47\/100 tox|[from] ability: Poison Heal\n|-damage|p1a: Rillaboom|81\/100 tox|[from] psn\n|upkeep\n|turn|3\n|\n|t:|1700670008\n|switch|p1a: Mawile|Mawile, F|100\/100\n|-ability|p1a: Mawile|Intimidate|boost\n|-unboost|p2a: Gliscor|atk|1\n|move|p2a: Gliscor|Protect||[still]\n|-fail|p2a: Gliscor\n|\n|-heal|p2a: Gliscor|60\/100 tox|[from] ability: Poison Heal\n|upkeep\n|turn|4\n|\n|t:|1700670013\n|switch|p2a: Toxapex|Toxapex, M|100\/100\n|move|p1a: Mawile|Swords Dance|p1a: Mawile\n|-boost|p1a: Mawile|atk|2\n|\n|upkeep\n|turn|5\n|\n|t:|1700670017\n|switch|p2a: Dondozo|Dondozo, F|100\/100\n|detailschange|p1a: Mawile|Mawile-Mega, F\n|-mega|p1a: Mawile|Mawile|Mawilite\n|move|p1a: Mawile|Play Rough|p2a: Dondozo\n|-damage|p2a: Dondozo|60\/100\n|\n|-heal|p2a: Dondozo|67\/100|[from] Grassy Terrain\n|-fieldend|move: Grassy Terrain\n|upkeep\n|turn|6\n|\n|t:|1700670020\n|move|p1a: Mawile|Play Rough|p2a: Dondozo\n|-damage|p2a: Dondozo|29\/100\n|move|p2a: Dondozo|Curse|p2a: Dondozo\n|-unboost|p2a: Dondozo|spe|1\n|-boost|p2a: Dondozo|atk|1\n|-boost|p2a: Dondozo|def|1\n|\n|upkeep\n|turn|7\n|\n|t:|1700670024\n|move|p1a: Mawile|Play Rough|p2a: Dondozo\n|-damage|p2a: Dondozo|1\/100\n|-unboost|p2a: Dondozo|atk|1\n|move|p2a: Dondozo|Rest|p2a: Dondozo\n|-status|p2a: Dondozo|slp|[from] move: Rest\n|-heal|p2a: Dondozo|100\/100 slp|[silent]\n|\n|upkeep\n|turn|8\n|\n|t:|1700670029\n|switch|p1a: Rillaboom|Rillaboom, F, tera:Grass|81\/100 tox\n|-fieldstart|move: Grassy Terrain|[from] ability: Grassy Surge|[of] p1a: Rillaboom\n|cant|p2a: Dondozo|slp\n|move|p2a: Dondozo|Sleep Talk|p2a: Dondozo\n|move|p2a: Dondozo|Rest||[from]move: Sleep Talk|[still]\n|-fail|p2a: Dondozo\n|\n|-heal|p1a: Rillaboom|88\/100 tox|[from] Grassy Terrain\n|-damage|p1a: Rillaboom|81\/100 tox|[from] psn\n|upkeep\n|turn|9\n|\n|t:|1700670033\n|switch|p2a: Corviknight|Corviknight, F|100\/100\n|-ability|p2a: Corviknight|Pressure\n|move|p1a: Rillaboom|Knock Off|p2a: Corviknight\n|-damage|p2a: Corviknight|76\/100\n|-enditem|p2a: Corviknight|Leftovers|[from] move: Knock Off|[of] p1a: Rillaboom\n|\n|-heal|p1a: Rillaboom|88\/100 tox|[from] Grassy Terrain\n|-damage|p1a: Rillaboom|75\/100 tox|[from] psn\n|upkeep\n|turn|10\n|\n|t:|1700670036\n|move|p2a: Corviknight|Protect|p2a: Corviknight\n|-singleturn|p2a: Corviknight|Protect\n|move|p1a: Rillaboom|U-turn|p2a: Corviknight\n|-activate|p2a: Corviknight|move: Protect\n|\n|-heal|p1a: Rillaboom|81\/100 tox|[from] Grassy Terrain\n|-damage|p1a: Rillaboom|63\/100 tox|[from] psn\n|upkeep\n|turn|11\n|\n|t:|1700670044\n|switch|p1a: Mawile|Mawile-Mega, F|100\/100\n|move|p2a: Corviknight|Iron Head|p1a: Mawile\n|-damage|p1a: Mawile|76\/100\n|\n|-heal|p1a: Mawile|82\/100|[from] Grassy Terrain\n|upkeep\n|turn|12\n|\n|t:|1700670048\n|move|p2a: Corviknight|Iron Head|p1a: Mawile\n|-damage|p1a: Mawile|58\/100\n|move|p1a: Mawile|Play Rough|p2a: Corviknight\n|-resisted|p2a: Corviknight\n|-crit|p2a: Corviknight\n|-damage|p2a: Corviknight|23\/100\n|\n|-heal|p1a: Mawile|65\/100|[from] Grassy Terrain\n|-fieldend|move: Grassy Terrain\n|upkeep\n|turn|13\n|\n|t:|1700670052\n|move|p2a: Corviknight|Roost|p2a: Corviknight\n|-heal|p2a: Corviknight|73\/100\n|-singleturn|p2a: Corviknight|move: Roost\n|move|p1a: Mawile|Fire Fang|p2a: Corviknight\n|-supereffective|p2a: Corviknight\n|-damage|p2a: Corviknight|3\/100\n|\n|upkeep\n|turn|14\n|\n|t:|1700670055\n|move|p2a: Corviknight|Protect|p2a: Corviknight\n|-singleturn|p2a: Corviknight|Protect\n|move|p1a: Mawile|Play Rough|p2a: Corviknight\n|-activate|p2a: Corviknight|move: Protect\n|\n|upkeep\n|turn|15\n|\n|t:|1700670063\n|switch|p2a: Dondozo|Dondozo, F|100\/100 slp\n|move|p1a: Mawile|Play Rough|p2a: Dondozo\n|-damage|p2a: Dondozo|60\/100 slp\n|\n|upkeep\n|turn|16\n|\n|t:|1700670067\n|move|p1a: Mawile|Play Rough|p2a: Dondozo\n|-damage|p2a: Dondozo|22\/100 slp\n|cant|p2a: Dondozo|slp\n|move|p2a: Dondozo|Sleep Talk|p2a: Dondozo\n|move|p2a: Dondozo|Rest||[from]move: Sleep Talk|[still]\n|-fail|p2a: Dondozo\n|\n|upkeep\n|turn|17\n|\n|t:|1700670080\n|-terastallize|p2a: Dondozo|Poison\n|move|p1a: Mawile|Play Rough|p2a: Dondozo\n|-resisted|p2a: Dondozo\n|-damage|p2a: Dondozo|4\/100 slp\n|-curestatus|p2a: Dondozo|slp|[msg]\n|move|p2a: Dondozo|Rest|p2a: Dondozo\n|-status|p2a: Dondozo|slp|[from] move: Rest\n|-heal|p2a: Dondozo|100\/100 slp|[silent]\n|\n|upkeep\n|turn|18\n|\n|t:|1700670089\n|switch|p1a: Excadrill|Excadrill, F|100\/100\n|cant|p2a: Dondozo|slp\n|move|p2a: Dondozo|Sleep Talk|p2a: Dondozo\n|move|p2a: Dondozo|Curse|p2a: Dondozo|[from]move: Sleep Talk\n|-unboost|p2a: Dondozo|spe|1\n|-boost|p2a: Dondozo|atk|1\n|-boost|p2a: Dondozo|def|1\n|\n|upkeep\n|turn|19\n|\n|t:|1700670092\n|move|p1a: Excadrill|Swords Dance|p1a: Excadrill\n|-boost|p1a: Excadrill|atk|2\n|cant|p2a: Dondozo|slp\n|move|p2a: Dondozo|Sleep Talk|p2a: Dondozo\n|move|p2a: Dondozo|Rest||[from]move: Sleep Talk|[still]\n|-fail|p2a: Dondozo\n|\n|upkeep\n|turn|20\n|\n|t:|1700670097\n|switch|p1a: Rillaboom|Rillaboom, F, tera:Grass|63\/100 tox\n|-fieldstart|move: Grassy Terrain|[from] ability: Grassy Surge|[of] p1a: Rillaboom\n|-curestatus|p2a: Dondozo|slp|[msg]\n|move|p2a: Dondozo|Body Press|p1a: Rillaboom\n|-damage|p1a: Rillaboom|24\/100 tox\n|\n|-heal|p1a: Rillaboom|30\/100 tox|[from] Grassy Terrain\n|-damage|p1a: Rillaboom|24\/100 tox|[from] psn\n|upkeep\n|turn|21\n|\n|t:|1700670103\n|move|p1a: Rillaboom|Knock Off|p2a: Dondozo\n|-damage|p2a: Dondozo|92\/100\n|-enditem|p2a: Dondozo|Heavy-Duty Boots|[from] move: Knock Off|[of] p1a: Rillaboom\n|move|p2a: Dondozo|Body Press|p1a: Rillaboom\n|-damage|p1a: Rillaboom|0 fnt\n|faint|p1a: Rillaboom\n|\n|-heal|p2a: Dondozo|98\/100|[from] Grassy Terrain\n|upkeep\n|\n|t:|1700670123\n|switch|p1a: Garganacl|Garganacl, F|100\/100\n|turn|22\n|\n|t:|1700670126\n|move|p1a: Garganacl|Salt Cure|p2a: Dondozo\n|-damage|p2a: Dondozo|94\/100\n|-start|p2a: Dondozo|Salt Cure\n|move|p2a: Dondozo|Curse|p2a: Dondozo\n|-unboost|p2a: Dondozo|spe|1\n|-boost|p2a: Dondozo|atk|1\n|-boost|p2a: Dondozo|def|1\n|\n|-heal|p2a: Dondozo|99\/100|[from] Grassy Terrain\n|-damage|p2a: Dondozo|87\/100|[from] Salt Cure\n|upkeep\n|turn|23\n|\n|t:|1700670134\n|switch|p1a: Hawlucha|Hawlucha, M|100\/100\n|-enditem|p1a: Hawlucha|Grassy Seed\n|-boost|p1a: Hawlucha|def|1|[from] item: Grassy Seed\n|move|p2a: Dondozo|Curse|p2a: Dondozo\n|-unboost|p2a: Dondozo|spe|1\n|-boost|p2a: Dondozo|atk|1\n|-boost|p2a: Dondozo|def|1\n|\n|-heal|p2a: Dondozo|93\/100|[from] Grassy Terrain\n|-damage|p2a: Dondozo|81\/100|[from] Salt Cure\n|upkeep\n|turn|24\n|\n|t:|1700670138\n|move|p1a: Hawlucha|Acrobatics|p2a: Dondozo\n|-damage|p2a: Dondozo|72\/100\n|move|p2a: Dondozo|Curse|p2a: Dondozo\n|-unboost|p2a: Dondozo|spe|1\n|-boost|p2a: Dondozo|atk|1\n|-boost|p2a: Dondozo|def|1\n|\n|-heal|p2a: Dondozo|78\/100|[from] Grassy Terrain\n|-damage|p2a: Dondozo|65\/100|[from] Salt Cure\n|-fieldend|move: Grassy Terrain\n|upkeep\n|turn|25\n|j| Mollymiltoast\n|\n|t:|1700670153\n|move|p1a: Hawlucha|Acrobatics|p2a: Dondozo\n|-damage|p2a: Dondozo|57\/100\n|move|p2a: Dondozo|Body Press|p1a: Hawlucha\n|-resisted|p1a: Hawlucha\n|-damage|p1a: Hawlucha|41\/100\n|\n|-damage|p2a: Dondozo|45\/100|[from] Salt Cure\n|upkeep\n|turn|26\n|\n|t:|1700670160\n|move|p1a: Hawlucha|Substitute|p1a: Hawlucha\n|-start|p1a: Hawlucha|Substitute\n|-damage|p1a: Hawlucha|16\/100\n|move|p2a: Dondozo|Curse|p2a: Dondozo\n|-unboost|p2a: Dondozo|spe|1\n|-boost|p2a: Dondozo|atk|1\n|-boost|p2a: Dondozo|def|1\n|\n|-damage|p2a: Dondozo|32\/100|[from] Salt Cure\n|upkeep\n|turn|27\n|\n|t:|1700670167\n|move|p1a: Hawlucha|Acrobatics|p2a: Dondozo\n|-damage|p2a: Dondozo|25\/100\n|move|p2a: Dondozo|Rest|p2a: Dondozo\n|-status|p2a: Dondozo|slp|[from] move: Rest\n|-heal|p2a: Dondozo|100\/100 slp|[silent]\n|\n|-damage|p2a: Dondozo|88\/100 slp|[from] Salt Cure\n|upkeep\n|turn|28\n|\n|t:|1700670170\n|move|p1a: Hawlucha|Acrobatics|p2a: Dondozo\n|-damage|p2a: Dondozo|82\/100 slp\n|cant|p2a: Dondozo|slp\n|move|p2a: Dondozo|Sleep Talk|p2a: Dondozo\n|move|p2a: Dondozo|Body Press|p1a: Hawlucha|[from]move: Sleep Talk\n|-resisted|p1a: Hawlucha\n|-end|p1a: Hawlucha|Substitute\n|\n|-damage|p2a: Dondozo|69\/100 slp|[from] Salt Cure\n|upkeep\n|turn|29\n|-message|Si Si Papi forfeited.\n|\n|win|jkljlkh\n|raw|Si Si Papi's rating: 1834 &rarr; <strong>1814<\/strong><br \/>(-20 for losing)\n|raw|jkljlkh's rating: 1831 &rarr; <strong>1851<\/strong><br \/>(+20 for winning)\n|l|\u2606Si Si Papi\n","uploadtime":1700670180,"views":2,"p1id":"sisipapi","p2id":"jkljlkh","formatid":"gen9nationaldex","rating":1814,"private":0,"password":""}