{"id":"gen9nationaldex-1990398927","p1":"Oruss","p2":"bpmw07112","format":"[Gen 9] National Dex","log":"|j|\u2606Oruss\n|j|\u2606bpmw07112\n|t:|1699966864\n|gametype|singles\n|player|p1|Oruss|hilbert|1106\n|player|p2|bpmw07112|lana|1146\n|teamsize|p1|6\n|teamsize|p2|6\n|gen|9\n|tier|[Gen 9] National Dex\n|rated|\n|rule|HP Percentage Mod: HP is shown in percentages\n|rule|Endless Battle Clause: Forcing endless battles is banned\n|rule|OHKO Clause: OHKO moves are banned\n|rule|Evasion Clause: Evasion abilities, items, and moves are banned\n|rule|Evasion Abilities Clause: Evasion abilities are banned\n|rule|Evasion Items Clause: Evasion items are banned\n|rule|Evasion Moves Clause: Evasion moves are banned\n|rule|Species Clause: Limit one of each Pok\u00e9mon\n|rule|Sleep Clause Mod: Limit one foe put to sleep\n|clearpoke\n|poke|p1|Druddigon, F|\n|poke|p1|Goodra, F|\n|poke|p1|Haxorus, M|\n|poke|p1|Regidrago|\n|poke|p1|Silvally-*|\n|poke|p1|Cyclizar, F|\n|poke|p2|Corsola-Galar, M|\n|poke|p2|Dragalge, M|\n|poke|p2|Weezing, F|\n|poke|p2|Mr. Mime, F|\n|poke|p2|Scizor, F|\n|poke|p2|Sandaconda, F|\n|teampreview\n|inactive|Battle timer is ON: inactive players will automatically lose when time's up. (requested by Oruss)\n|\n|t:|1699966888\n|start\n|switch|p1a: Druddigon|Druddigon, F|100\/100\n|switch|p2a: Scizor|Scizor, F|100\/100\n|turn|1\n|\n|t:|1699966898\n|detailschange|p2a: Scizor|Scizor-Mega, F\n|-mega|p2a: Scizor|Scizor|Scizorite\n|move|p2a: Scizor|U-turn|p1a: Druddigon\n|-damage|p1a: Druddigon|74\/100\n|-damage|p2a: Scizor|88\/100|[from] ability: Rough Skin|[of] p1a: Druddigon\n|-damage|p2a: Scizor|72\/100|[from] item: Rocky Helmet|[of] p1a: Druddigon\n|\n|t:|1699966906\n|switch|p2a: Sandaconda|Sandaconda, F|100\/100|[from] U-turn\n|move|p1a: Druddigon|Glare|p2a: Sandaconda\n|-status|p2a: Sandaconda|par\n|\n|upkeep\n|turn|2\n|\n|t:|1699966921\n|move|p1a: Druddigon|Stealth Rock|p2a: Sandaconda\n|-sidestart|p2: bpmw07112|move: Stealth Rock\n|move|p2a: Sandaconda|Stealth Rock|p1a: Druddigon\n|-sidestart|p1: Oruss|move: Stealth Rock\n|\n|upkeep\n|turn|3\n|\n|t:|1699966927\n|cant|p2a: Sandaconda|par\n|move|p1a: Druddigon|Dragon Tail|p2a: Sandaconda\n|-damage|p2a: Sandaconda|86\/100 par\n|-damage|p1a: Druddigon|58\/100|[from] item: Rocky Helmet|[of] p2a: Sandaconda\n|drag|p2a: Dragalge|Dragalge, M|100\/100\n|-damage|p2a: Dragalge|88\/100|[from] Stealth Rock\n|\n|-heal|p2a: Dragalge|94\/100|[from] item: Leftovers\n|upkeep\n|turn|4\n|\n|t:|1699966935\n|-terastallize|p2a: Dragalge|Steel\n|move|p2a: Dragalge|Draco Meteor|p1a: Druddigon\n|-supereffective|p1a: Druddigon\n|-damage|p1a: Druddigon|0 fnt\n|-unboost|p2a: Dragalge|spa|2\n|faint|p1a: Druddigon\n|\n|-heal|p2a: Dragalge|99\/100|[from] item: Leftovers\n|upkeep\n|\n|t:|1699966949\n|switch|p1a: Goodra|Goodra, F|100\/100\n|turn|5\n|\n|t:|1699966954\n|move|p1a: Goodra|Flamethrower|p2a: Dragalge\n|-supereffective|p2a: Dragalge\n|-damage|p2a: Dragalge|59\/100\n|move|p2a: Dragalge|Flip Turn|p1a: Goodra\n|-resisted|p1a: Goodra\n|-damage|p1a: Goodra|94\/100\n|\n|t:|1699966969\n|switch|p2a: Corsola|Corsola-Galar, M|100\/100|[from] Flip Turn\n|-damage|p2a: Corsola|88\/100|[from] Stealth Rock\n|\n|upkeep\n|turn|6\n|\n|t:|1699966983\n|move|p1a: Goodra|Flamethrower|p2a: Corsola\n|-damage|p2a: Corsola|68\/100\n|-start|p1a: Goodra|Disable|Flamethrower|[from] ability: Cursed Body|[of] p2a: Corsola\n|move|p2a: Corsola|Calm Mind|p2a: Corsola\n|-boost|p2a: Corsola|spa|1\n|-boost|p2a: Corsola|spd|1\n|\n|upkeep\n|turn|7\n|\n|t:|1699967003\n|switch|p1a: Cyclizar|Cyclizar, F|100\/100\n|move|p2a: Corsola|Will-O-Wisp|p1a: Cyclizar\n|-status|p1a: Cyclizar|brn\n|\n|-damage|p1a: Cyclizar|94\/100 brn|[from] brn\n|upkeep\n|turn|8\n|\n|t:|1699967021\n|move|p1a: Cyclizar|Knock Off|p2a: Corsola\n|-supereffective|p2a: Corsola\n|-damage|p2a: Corsola|57\/100\n|-start|p1a: Cyclizar|Disable|Knock Off|[from] ability: Cursed Body|[of] p2a: Corsola\n|-enditem|p2a: Corsola|Eviolite|[from] move: Knock Off|[of] p1a: Cyclizar\n|move|p2a: Corsola|Strength Sap|p1a: Cyclizar\n|-unboost|p1a: Cyclizar|atk|1\n|-heal|p2a: Corsola|100\/100\n|\n|-damage|p1a: Cyclizar|88\/100 brn|[from] brn\n|upkeep\n|turn|9\n|\n|t:|1699967044\n|move|p1a: Cyclizar|U-turn|p2a: Corsola\n|-resisted|p2a: Corsola\n|-damage|p2a: Corsola|99\/100\n|\n|t:|1699967052\n|switch|p1a: Haxorus|Haxorus, M|100\/100|[from] U-turn\n|-damage|p1a: Haxorus|88\/100|[from] Stealth Rock\n|-ability|p1a: Haxorus|Mold Breaker\n|move|p2a: Corsola|Calm Mind|p2a: Corsola\n|-boost|p2a: Corsola|spa|1\n|-boost|p2a: Corsola|spd|1\n|\n|upkeep\n|turn|10\n|\n|t:|1699967056\n|move|p1a: Haxorus|Iron Head|p2a: Corsola\n|-damage|p2a: Corsola|62\/100\n|-start|p1a: Haxorus|Disable|Iron Head|[from] ability: Cursed Body|[of] p2a: Corsola\n|-damage|p1a: Haxorus|78\/100|[from] item: Life Orb\n|move|p2a: Corsola|Will-O-Wisp|p1a: Haxorus\n|-status|p1a: Haxorus|brn\n|\n|-damage|p1a: Haxorus|72\/100 brn|[from] brn\n|upkeep\n|turn|11\n|\n|t:|1699967068\n|move|p1a: Haxorus|Dragon Dance|p1a: Haxorus\n|-boost|p1a: Haxorus|atk|1\n|-boost|p1a: Haxorus|spe|1\n|move|p2a: Corsola|Strength Sap|p1a: Haxorus\n|-unboost|p1a: Haxorus|atk|1\n|-heal|p2a: Corsola|100\/100\n|\n|-damage|p1a: Haxorus|66\/100 brn|[from] brn\n|upkeep\n|turn|12\n|\n|t:|1699967076\n|move|p1a: Haxorus|Dragon Dance|p1a: Haxorus\n|-boost|p1a: Haxorus|atk|1\n|-boost|p1a: Haxorus|spe|1\n|move|p2a: Corsola|Shadow Ball|p1a: Haxorus\n|-damage|p1a: Haxorus|4\/100 brn\n|\n|-damage|p1a: Haxorus|0 fnt|[from] brn\n|faint|p1a: Haxorus\n|upkeep\n|-message|Oruss forfeited.\n|\n|win|bpmw07112\n|raw|Oruss's rating: 1106 &rarr; <strong>1084<\/strong><br \/>(-22 for losing)\n|raw|bpmw07112's rating: 1146 &rarr; <strong>1168<\/strong><br \/>(+22 for winning)\n|l|\u2606Oruss\n","uploadtime":1699967098,"views":7,"p1id":"oruss","p2id":"bpmw07112","formatid":"gen9nationaldex","rating":1084,"private":0,"password":""}