{"id":"gen9nationaldex-1991861227","p1":"Code_Error_Shorts","p2":"nijika1001","format":"[Gen 9] National Dex","log":"|j|\u2606Code_Error_Shorts\n|j|\u2606nijika1001\n|t:|1700129954\n|gametype|singles\n|player|p1|Code_Error_Shorts|kieran-festival|1232\n|player|p2|nijika1001|170|1325\n|teamsize|p1|6\n|teamsize|p2|6\n|gen|9\n|tier|[Gen 9] National Dex\n|rated|\n|rule|HP Percentage Mod: HP is shown in percentages\n|rule|Endless Battle Clause: Forcing endless battles is banned\n|rule|OHKO Clause: OHKO moves are banned\n|rule|Evasion Clause: Evasion abilities, items, and moves are banned\n|rule|Evasion Abilities Clause: Evasion abilities are banned\n|rule|Evasion Items Clause: Evasion items are banned\n|rule|Evasion Moves Clause: Evasion moves are banned\n|rule|Species Clause: Limit one of each Pok\u00e9mon\n|rule|Sleep Clause Mod: Limit one foe put to sleep\n|clearpoke\n|poke|p1|Latios, M|\n|poke|p1|Moltres|\n|poke|p1|Ferrothorn, M|\n|poke|p1|Greninja-*, M|\n|poke|p1|Clefable, M|\n|poke|p1|Clodsire, F|\n|poke|p2|Greninja-*, M|\n|poke|p2|Lopunny, F|\n|poke|p2|Serperior, F|\n|poke|p2|Heatran, F|\n|poke|p2|Zapdos|\n|poke|p2|Cloyster, M|\n|teampreview\n|c|\u2606Code_Error_Shorts|glhf\n|\n|t:|1700129971\n|start\n|switch|p1a: Latios|Latios, M, shiny|100\/100\n|switch|p2a: Cloyster|Cloyster, M|100\/100\n|turn|1\n|\n|t:|1700129982\n|switch|p1a: Clefable|Clefable, M, shiny|100\/100\n|move|p2a: Cloyster|Shell Smash|p2a: Cloyster\n|-unboost|p2a: Cloyster|def|1\n|-unboost|p2a: Cloyster|spd|1\n|-boost|p2a: Cloyster|atk|2\n|-boost|p2a: Cloyster|spa|2\n|-boost|p2a: Cloyster|spe|2\n|\n|upkeep\n|turn|2\n|\n|t:|1700129987\n|move|p2a: Cloyster|Icicle Spear|p1a: Clefable\n|-damage|p1a: Clefable|87\/100\n|-damage|p1a: Clefable|74\/100\n|-damage|p1a: Clefable|61\/100\n|-damage|p1a: Clefable|48\/100\n|-enditem|p1a: Clefable|Sitrus Berry|[eat]\n|-heal|p1a: Clefable|73\/100|[from] item: Sitrus Berry\n|-crit|p1a: Clefable\n|-damage|p1a: Clefable|52\/100\n|-hitcount|p1a: Clefable|5\n|move|p1a: Clefable|Thunderbolt|p2a: Cloyster\n|-supereffective|p2a: Cloyster\n|-enditem|p2a: Cloyster|Focus Sash\n|-damage|p2a: Cloyster|1\/100\n|\n|upkeep\n|turn|3\n|\n|t:|1700130001\n|switch|p1a: Ferrothorn|Ferrothorn, M, shiny|100\/100\n|move|p2a: Cloyster|Icicle Spear|p1a: Ferrothorn\n|-damage|p1a: Ferrothorn|87\/100\n|-damage|p1a: Ferrothorn|73\/100\n|-damage|p1a: Ferrothorn|60\/100\n|-damage|p1a: Ferrothorn|47\/100\n|-damage|p1a: Ferrothorn|34\/100\n|-hitcount|p1a: Ferrothorn|5\n|\n|-heal|p1a: Ferrothorn|41\/100|[from] item: Leftovers\n|upkeep\n|turn|4\n|\n|t:|1700130010\n|move|p1a: Ferrothorn|Protect|p1a: Ferrothorn\n|-singleturn|p1a: Ferrothorn|Protect\n|move|p2a: Cloyster|Icicle Spear|p1a: Ferrothorn\n|-activate|p1a: Ferrothorn|move: Protect\n|\n|-heal|p1a: Ferrothorn|47\/100|[from] item: Leftovers\n|upkeep\n|turn|5\n|\n|t:|1700130021\n|move|p2a: Cloyster|Icicle Spear|p1a: Ferrothorn\n|-damage|p1a: Ferrothorn|34\/100\n|-damage|p1a: Ferrothorn|21\/100\n|-damage|p1a: Ferrothorn|8\/100\n|-damage|p1a: Ferrothorn|0 fnt\n|faint|p1a: Ferrothorn\n|-hitcount|p1: Ferrothorn|4\n|\n|upkeep\n|\n|t:|1700130023\n|switch|p1a: Clefable|Clefable, M, shiny|52\/100\n|turn|6\n|\n|t:|1700130030\n|move|p2a: Cloyster|Icicle Spear|p1a: Clefable\n|-damage|p1a: Clefable|39\/100\n|-damage|p1a: Clefable|26\/100\n|-damage|p1a: Clefable|14\/100\n|-damage|p1a: Clefable|0 fnt\n|faint|p1a: Clefable\n|-hitcount|p1: Clefable|4\n|\n|upkeep\n|\n|t:|1700130044\n|switch|p1a: Clodsire|Clodsire, F, shiny|100\/100\n|turn|7\n|\n|t:|1700130048\n|move|p2a: Cloyster|Icicle Spear|p1a: Clodsire\n|-supereffective|p1a: Clodsire\n|-damage|p1a: Clodsire|73\/100\n|-supereffective|p1a: Clodsire\n|-damage|p1a: Clodsire|45\/100\n|-supereffective|p1a: Clodsire\n|-damage|p1a: Clodsire|20\/100\n|-supereffective|p1a: Clodsire\n|-damage|p1a: Clodsire|0 fnt\n|faint|p1a: Clodsire\n|-hitcount|p1: Clodsire|4\n|\n|upkeep\n|\n|t:|1700130056\n|switch|p1a: Moltres|Moltres, shiny|100\/100\n|turn|8\n|\n|t:|1700130059\n|move|p2a: Cloyster|Rock Blast|p1a: Moltres\n|-supereffective|p1a: Moltres\n|-damage|p1a: Moltres|45\/100\n|-supereffective|p1a: Moltres\n|-damage|p1a: Moltres|0 fnt\n|faint|p1a: Moltres\n|-hitcount|p1: Moltres|2\n|\n|upkeep\n|\n|t:|1700130062\n|switch|p1a: Greninja|Greninja, M|100\/100\n|turn|9\n|\n|t:|1700130069\n|move|p2a: Cloyster|Icicle Spear|p1a: Greninja\n|-resisted|p1a: Greninja\n|-damage|p1a: Greninja|80\/100\n|-resisted|p1a: Greninja\n|-damage|p1a: Greninja|60\/100\n|-resisted|p1a: Greninja\n|-damage|p1a: Greninja|41\/100\n|-resisted|p1a: Greninja\n|-damage|p1a: Greninja|21\/100\n|-resisted|p1a: Greninja\n|-damage|p1a: Greninja|2\/100\n|-hitcount|p1a: Greninja|5\n|move|p1a: Greninja|U-turn|p2a: Cloyster\n|-start|p1a: Greninja|typechange|Bug|[from] ability: Protean\n|-damage|p2a: Cloyster|0 fnt\n|faint|p2a: Cloyster\n|\n|t:|1700130074\n|switch|p1a: Latios|Latios, M, shiny|100\/100|[from] U-turn\n|\n|upkeep\n|\n|t:|1700130083\n|switch|p2a: Lopunny|Lopunny, F|100\/100\n|turn|10\n|\n|t:|1700130092\n|switch|p1a: Greninja|Greninja, M|2\/100\n|detailschange|p2a: Lopunny|Lopunny-Mega, F\n|-mega|p2a: Lopunny|Lopunny|Lopunnite\n|move|p2a: Lopunny|Fake Out|p1a: Greninja\n|-damage|p1a: Greninja|0 fnt\n|faint|p1a: Greninja\n|\n|upkeep\n|\n|t:|1700130098\n|switch|p1a: Latios|Latios, M, shiny|100\/100\n|turn|11\n|\n|t:|1700130102\n|detailschange|p1a: Latios|Latios-Mega, M, shiny\n|-mega|p1a: Latios|Latios|Latiosite\n|move|p2a: Lopunny|Triple Axel|p1a: Latios\n|-supereffective|p1a: Latios\n|-damage|p1a: Latios|83\/100\n|-supereffective|p1a: Latios\n|-damage|p1a: Latios|52\/100\n|-supereffective|p1a: Latios\n|-crit|p1a: Latios\n|-damage|p1a: Latios|0 fnt\n|faint|p1a: Latios\n|-hitcount|p1: Latios|3\n|\n|win|nijika1001\n|raw|Code_Error_Shorts's rating: 1232 &rarr; <strong>1214<\/strong><br \/>(-18 for losing)\n|raw|nijika1001's rating: 1325 &rarr; <strong>1340<\/strong><br \/>(+15 for winning)\n|c|\u2606Code_Error_Shorts|gg\n","uploadtime":1700130114,"views":4,"p1id":"codeerrorshorts","p2id":"nijika1001","formatid":"gen9nationaldex","rating":1214,"private":0,"password":""}