{"id":"gen9nationaldex-1998506102","p1":"vestkid27","p2":"DanjNeesan","format":"[Gen 9] National Dex","log":"|html|<div class=\"broadcast-blue\"><strong>[Gen 9] National Dex is currently suspecting Sneasler! For information on how to participate check out the <a href=\"https:\/\/www.smogon.com\/forums\/threads\/sv-national-dex-suspect-8-just-dance.3731534\/\">suspect thread<\/a>.<\/strong><\/div>\n|j|\u2606vestkid27\n|j|\u2606DanjNeesan\n|t:|1700950034\n|gametype|singles\n|player|p1|vestkid27|janitor|1504\n|player|p2|DanjNeesan|veteranf|1555\n|teamsize|p1|6\n|teamsize|p2|6\n|gen|9\n|tier|[Gen 9] National Dex\n|rated|\n|rule|HP Percentage Mod: HP is shown in percentages\n|rule|Endless Battle Clause: Forcing endless battles is banned\n|rule|OHKO Clause: OHKO moves are banned\n|rule|Evasion Clause: Evasion abilities, items, and moves are banned\n|rule|Evasion Abilities Clause: Evasion abilities are banned\n|rule|Evasion Items Clause: Evasion items are banned\n|rule|Evasion Moves Clause: Evasion moves are banned\n|rule|Species Clause: Limit one of each Pok\u00e9mon\n|rule|Sleep Clause Mod: Limit one foe put to sleep\n|clearpoke\n|poke|p1|Steelix, M|\n|poke|p1|Pinsir, M|\n|poke|p1|Victini|\n|poke|p1|Brambleghast, M|\n|poke|p1|Umbreon, M|\n|poke|p1|Araquanid, F|\n|poke|p2|Mawile, F|\n|poke|p2|Ferrothorn, F|\n|poke|p2|Slowbro, M|\n|poke|p2|Volcarona, M|\n|poke|p2|Landorus-Therian, M|\n|poke|p2|Clodsire, M|\n|teampreview\n|c|\u2606vestkid27|Glhf\n|\n|t:|1700950049\n|start\n|switch|p1a: Victini|Victini|100\/100\n|switch|p2a: Mawile|Mawile, F|100\/100\n|-ability|p2a: Mawile|Intimidate|boost\n|-unboost|p1a: Victini|atk|1\n|turn|1\n|\n|t:|1700950056\n|detailschange|p2a: Mawile|Mawile-Mega, F\n|-mega|p2a: Mawile|Mawile|Mawilite\n|move|p1a: Victini|Blue Flare|p2a: Mawile\n|-supereffective|p2a: Mawile\n|-damage|p2a: Mawile|0 fnt\n|faint|p2a: Mawile\n|\n|upkeep\n|\n|t:|1700950062\n|switch|p2a: Clodsire|Clodsire, M|100\/100\n|turn|2\n|\n|t:|1700950078\n|switch|p1a: Steelix|Steelix, M|100\/100\n|move|p2a: Clodsire|Spikes|p1a: Steelix\n|-sidestart|p1: vestkid27|Spikes\n|\n|upkeep\n|turn|3\n|\n|t:|1700950091\n|move|p1a: Steelix|Earthquake|p2a: Clodsire\n|-supereffective|p2a: Clodsire\n|-damage|p2a: Clodsire|9\/100\n|move|p2a: Clodsire|Spikes|p1a: Steelix\n|-sidestart|p1: vestkid27|Spikes\n|\n|upkeep\n|turn|4\n|\n|t:|1700950100\n|switch|p2a: Ferrothorn|Ferrothorn, F|100\/100\n|move|p1a: Steelix|Iron Head|p2a: Ferrothorn\n|-resisted|p2a: Ferrothorn\n|-crit|p2a: Ferrothorn\n|-damage|p2a: Ferrothorn|76\/100\n|-damage|p1a: Steelix|88\/100|[from] ability: Iron Barbs|[of] p2a: Ferrothorn\n|\n|-heal|p2a: Ferrothorn|82\/100|[from] item: Leftovers\n|upkeep\n|turn|5\n|\n|t:|1700950112\n|switch|p1a: Brambleghast|Brambleghast, M|100\/100\n|move|p2a: Ferrothorn|Leech Seed|p1a: Brambleghast\n|-immune|p1a: Brambleghast\n|\n|-heal|p2a: Ferrothorn|88\/100|[from] item: Leftovers\n|upkeep\n|turn|6\n|\n|t:|1700950120\n|move|p1a: Brambleghast|Spikes|p2a: Ferrothorn\n|-sidestart|p2: DanjNeesan|Spikes\n|move|p2a: Ferrothorn|Stealth Rock|p1a: Brambleghast\n|-sidestart|p1: vestkid27|move: Stealth Rock\n|\n|-heal|p2a: Ferrothorn|95\/100|[from] item: Leftovers\n|upkeep\n|turn|7\n|\n|t:|1700950127\n|switch|p2a: Volcarona|Volcarona, M|100\/100\n|move|p1a: Brambleghast|Spikes|p2a: Volcarona\n|-sidestart|p2: DanjNeesan|Spikes\n|\n|upkeep\n|turn|8\n|\n|t:|1700950134\n|move|p2a: Volcarona|Flamethrower|p1a: Brambleghast\n|-supereffective|p1a: Brambleghast\n|-damage|p1a: Brambleghast|0 fnt\n|faint|p1a: Brambleghast\n|\n|upkeep\n|\n|t:|1700950142\n|switch|p1a: Araquanid|Araquanid, F|100\/100\n|-damage|p1a: Araquanid|84\/100|[from] Spikes\n|-damage|p1a: Araquanid|59\/100|[from] Stealth Rock\n|turn|9\n|c|\u2606vestkid27|RIP my rapid spin lol\n|\n|t:|1700950171\n|switch|p2a: Ferrothorn|Ferrothorn, F|95\/100\n|-damage|p2a: Ferrothorn|78\/100|[from] Spikes\n|move|p1a: Araquanid|Liquidation|p2a: Ferrothorn\n|-resisted|p2a: Ferrothorn\n|-damage|p2a: Ferrothorn|64\/100\n|-unboost|p2a: Ferrothorn|def|1\n|-damage|p1a: Araquanid|47\/100|[from] ability: Iron Barbs|[of] p2a: Ferrothorn\n|\n|-heal|p1a: Araquanid|53\/100|[from] item: Leftovers\n|-heal|p2a: Ferrothorn|71\/100|[from] item: Leftovers\n|upkeep\n|turn|10\n|c|\u2606DanjNeesan|it's an hard world\n|\n|t:|1700950185\n|move|p1a: Araquanid|Soak|p2a: Ferrothorn\n|-start|p2a: Ferrothorn|typechange|Water\n|move|p2a: Ferrothorn|Leech Seed|p1a: Araquanid|[miss]\n|-miss|p2a: Ferrothorn|p1a: Araquanid\n|\n|-heal|p1a: Araquanid|59\/100|[from] item: Leftovers\n|-heal|p2a: Ferrothorn|77\/100|[from] item: Leftovers\n|upkeep\n|turn|11\n|\n|t:|1700950194\n|move|p1a: Araquanid|Toxic|p2a: Ferrothorn\n|-status|p2a: Ferrothorn|tox\n|move|p2a: Ferrothorn|Leech Seed|p1a: Araquanid\n|-start|p1a: Araquanid|move: Leech Seed\n|\n|-heal|p1a: Araquanid|65\/100|[from] item: Leftovers\n|-heal|p2a: Ferrothorn|83\/100 tox|[from] item: Leftovers\n|-damage|p1a: Araquanid|53\/100|[from] Leech Seed|[of] p2a: Ferrothorn\n|-heal|p2a: Ferrothorn|95\/100 tox|[silent]\n|-damage|p2a: Ferrothorn|89\/100 tox|[from] psn\n|upkeep\n|turn|12\n|\n|t:|1700950207\n|move|p1a: Araquanid|Sticky Web|p2a: Ferrothorn\n|-sidestart|p2: DanjNeesan|move: Sticky Web\n|move|p2a: Ferrothorn|Power Whip|p1a: Araquanid\n|-damage|p1a: Araquanid|33\/100\n|\n|-heal|p1a: Araquanid|39\/100|[from] item: Leftovers\n|-heal|p2a: Ferrothorn|95\/100 tox|[from] item: Leftovers\n|-damage|p1a: Araquanid|27\/100|[from] Leech Seed|[of] p2a: Ferrothorn\n|-heal|p2a: Ferrothorn|100\/100 tox|[silent]\n|-damage|p2a: Ferrothorn|88\/100 tox|[from] psn\n|upkeep\n|turn|13\n|\n|t:|1700950224\n|switch|p2a: Clodsire|Clodsire, M|9\/100\n|move|p1a: Araquanid|Liquidation|p2a: Clodsire\n|-supereffective|p2a: Clodsire\n|-damage|p2a: Clodsire|0 fnt\n|faint|p2a: Clodsire\n|\n|-heal|p1a: Araquanid|33\/100|[from] item: Leftovers\n|upkeep\n|\n|t:|1700950232\n|switch|p2a: Landorus|Landorus-Therian, M|100\/100\n|-ability|p2a: Landorus|Intimidate|boost\n|-unboost|p1a: Araquanid|atk|1\n|turn|14\n|\n|t:|1700950238\n|move|p2a: Landorus|Fly||[still]\n|-prepare|p2a: Landorus|Fly\n|move|p1a: Araquanid|Liquidation|p2a: Landorus|[miss]\n|-miss|p1a: Araquanid|p2a: Landorus\n|\n|-heal|p1a: Araquanid|39\/100|[from] item: Leftovers\n|-damage|p1a: Araquanid|27\/100|[from] Leech Seed|[of] p2a: Landorus\n|upkeep\n|turn|15\n|\n|t:|1700950246\n|move|p2a: Landorus|Fly|p1a: Araquanid|[from]lockedmove\n|-supereffective|p1a: Araquanid\n|-damage|p1a: Araquanid|0 fnt\n|faint|p1a: Araquanid\n|\n|upkeep\n|c|\u2606vestkid27|I haven't seen fly in so long lol\n|c|\u2606vestkid27|Refreshing, honestly\n|\n|t:|1700950270\n|switch|p1a: Victini|Victini|100\/100\n|-damage|p1a: Victini|84\/100|[from] Spikes\n|-damage|p1a: Victini|59\/100|[from] Stealth Rock\n|turn|16\n|c|\u2606DanjNeesan|lando is maybe the only mon who can viabily use it, and even here is substandard\n|\n|t:|1700950300\n|switch|p2a: Ferrothorn|Ferrothorn, F|88\/100 tox\n|-damage|p2a: Ferrothorn|72\/100 tox|[from] Spikes\n|-activate|p2a: Ferrothorn|move: Sticky Web\n|-unboost|p2a: Ferrothorn|spe|1\n|move|p1a: Victini|Blue Flare|p2a: Ferrothorn\n|-supereffective|p2a: Ferrothorn\n|-damage|p2a: Ferrothorn|0 fnt\n|faint|p2a: Ferrothorn\n|\n|upkeep\n|\n|t:|1700950308\n|switch|p2a: Volcarona|Volcarona, M|100\/100\n|turn|17\n|\n|t:|1700950315\n|move|p1a: Victini|Blue Flare|p2a: Volcarona\n|-damage|p2a: Volcarona|4\/100\n|move|p2a: Volcarona|Hidden Power|p1a: Victini\n|-supereffective|p1a: Victini\n|-damage|p1a: Victini|19\/100\n|\n|upkeep\n|turn|18\n|\n|t:|1700950322\n|move|p1a: Victini|Blue Flare|p2a: Volcarona\n|-damage|p2a: Volcarona|0 fnt\n|faint|p2a: Volcarona\n|\n|upkeep\n|\n|t:|1700950327\n|switch|p2a: Landorus|Landorus-Therian, M|100\/100\n|-ability|p2a: Landorus|Intimidate|boost\n|-unboost|p1a: Victini|atk|1\n|turn|19\n|c|\u2606vestkid27|Still coverage, though. I've debated on ohatom force on bramble against no item mons\n|\n|t:|1700950355\n|move|p1a: Victini|Blue Flare|p2a: Landorus\n|-damage|p2a: Landorus|1\/100\n|move|p2a: Landorus|Earthquake|p1a: Victini\n|-supereffective|p1a: Victini\n|-damage|p1a: Victini|0 fnt\n|faint|p1a: Victini\n|\n|upkeep\n|\n|t:|1700950366\n|switch|p1a: Pinsir|Pinsir, M|100\/100\n|-damage|p1a: Pinsir|84\/100|[from] Spikes\n|-damage|p1a: Pinsir|59\/100|[from] Stealth Rock\n|turn|20\n|\n|t:|1700950372\n|switch|p2a: Slowbro|Slowbro, M|100\/100\n|-damage|p2a: Slowbro|84\/100|[from] Spikes\n|-activate|p2a: Slowbro|move: Sticky Web\n|-unboost|p2a: Slowbro|spe|1\n|move|p1a: Pinsir|Quick Attack|p2a: Slowbro\n|-damage|p2a: Slowbro|76\/100\n|-damage|p1a: Pinsir|42\/100|[from] item: Rocky Helmet|[of] p2a: Slowbro\n|\n|upkeep\n|turn|21\n|\n|t:|1700950382\n|detailschange|p1a: Pinsir|Pinsir-Mega, M\n|-mega|p1a: Pinsir|Pinsir|Pinsirite\n|move|p1a: Pinsir|Swords Dance|p1a: Pinsir\n|-boost|p1a: Pinsir|atk|2\n|move|p2a: Slowbro|Scald|p1a: Pinsir\n|-damage|p1a: Pinsir|7\/100\n|\n|upkeep\n|turn|22\n|\n|t:|1700950392\n|move|p1a: Pinsir|Return|p2a: Slowbro\n|-damage|p2a: Slowbro|0 fnt\n|-damage|p1a: Pinsir|0 fnt|[from] item: Rocky Helmet|[of] p2a: Slowbro\n|faint|p2a: Slowbro\n|faint|p1a: Pinsir\n|\n|upkeep\n|\n|t:|1700950402\n|switch|p1a: Umbreon|Umbreon, M|100\/100\n|switch|p2a: Landorus|Landorus-Therian, M|1\/100\n|-ability|p2a: Landorus|Intimidate|boost\n|-unboost|p1a: Umbreon|atk|1\n|-damage|p1a: Umbreon|84\/100|[from] Spikes\n|-damage|p1a: Umbreon|72\/100|[from] Stealth Rock\n|turn|23\n|\n|t:|1700950411\n|-zpower|p2a: Landorus\n|move|p2a: Landorus|Supersonic Skystrike|p1a: Umbreon|[zeffect]\n|-damage|p1a: Umbreon|16\/100\n|move|p1a: Umbreon|Foul Play|p2a: Landorus\n|-damage|p2a: Landorus|0 fnt\n|faint|p2a: Landorus\n|\n|win|vestkid27\n|raw|vestkid27's rating: 1504 &rarr; <strong>1527<\/strong><br \/>(+23 for winning)\n|raw|DanjNeesan's rating: 1555 &rarr; <strong>1532<\/strong><br \/>(-23 for losing)\n|c|\u2606DanjNeesan|gg!\n|c|\u2606vestkid27|GG!\n|c|\u2606DanjNeesan|love umbreon\n|c|\u2606vestkid27|<3\n|c|\u2606DanjNeesan|did you put some def on it?\n|c|\u2606vestkid27|Max def\/hp\n|c|\u2606DanjNeesan|ahhhh\n|c|\u2606DanjNeesan|great\n|c|\u2606vestkid27|Used heal bell for the longest time and got smacked by stallers\n|c|\u2606vestkid27|Switched to taunt\n|c|\u2606DanjNeesan|so I guess it's special...except it's not\n|c|\u2606DanjNeesan|keep up with night doggo, all the love\n|c|\u2606vestkid27|Aw yeah. Take care!\n|l|\u2606DanjNeesan\n","uploadtime":1700950490,"views":3,"p1id":"vestkid27","p2id":"danjneesan","formatid":"gen9nationaldex","rating":1527,"private":0,"password":""}