{"id":"gen9nationaldex-1992749092","p1":"as cheu","p2":"zzuzsl","format":"[Gen 9] National Dex","log":"|j|\u2606as cheu\n|j|\u2606zzuzsl\n|t:|1700231910\n|gametype|singles\n|player|p1|as cheu|101|1566\n|player|p2|zzuzsl|dawn-gen4pt|1506\n|teamsize|p1|6\n|teamsize|p2|6\n|gen|9\n|tier|[Gen 9] National Dex\n|rated|\n|rule|HP Percentage Mod: HP is shown in percentages\n|rule|Endless Battle Clause: Forcing endless battles is banned\n|rule|OHKO Clause: OHKO moves are banned\n|rule|Evasion Clause: Evasion abilities, items, and moves are banned\n|rule|Evasion Abilities Clause: Evasion abilities are banned\n|rule|Evasion Items Clause: Evasion items are banned\n|rule|Evasion Moves Clause: Evasion moves are banned\n|rule|Species Clause: Limit one of each Pok\u00e9mon\n|rule|Sleep Clause Mod: Limit one foe put to sleep\n|clearpoke\n|poke|p1|Cloyster, M|\n|poke|p1|Umbreon, F|\n|poke|p1|Gardevoir, F|\n|poke|p1|Forretress, M|\n|poke|p1|Thundurus-Therian, M|\n|poke|p1|Sneasler, M|\n|poke|p2|Pelipper, F|\n|poke|p2|Floatzel, M|\n|poke|p2|Ferrothorn, F|\n|poke|p2|Swampert, F|\n|poke|p2|Greninja-*, M|\n|poke|p2|Zapdos|\n|teampreview\n|inactive|Battle timer is ON: inactive players will automatically lose when time's up. (requested by zzuzsl)\n|\n|t:|1700231924\n|start\n|switch|p1a: Thundurus|Thundurus-Therian, M|100\/100\n|switch|p2a: Pelipper|Pelipper, F|100\/100\n|-weather|RainDance|[from] ability: Drizzle|[of] p2a: Pelipper\n|turn|1\n|\n|t:|1700231931\n|switch|p1a: Forretress|Forretress, M|100\/100\n|switch|p2a: Swampert|Swampert, F|100\/100\n|\n|-weather|RainDance|[upkeep]\n|upkeep\n|turn|2\n|\n|t:|1700231939\n|detailschange|p2a: Swampert|Swampert-Mega, F\n|-mega|p2a: Swampert|Swampert|Swampertite\n|move|p2a: Swampert|Waterfall|p1a: Forretress\n|-damage|p1a: Forretress|56\/100\n|-damage|p2a: Swampert|84\/100|[from] item: Rocky Helmet|[of] p1a: Forretress\n|move|p1a: Forretress|Toxic|p2a: Swampert\n|-status|p2a: Swampert|tox\n|\n|-weather|RainDance|[upkeep]\n|-damage|p2a: Swampert|78\/100 tox|[from] psn\n|upkeep\n|turn|3\n|\n|t:|1700231951\n|move|p2a: Swampert|Waterfall|p1a: Forretress\n|-damage|p1a: Forretress|11\/100\n|-damage|p2a: Swampert|61\/100 tox|[from] item: Rocky Helmet|[of] p1a: Forretress\n|cant|p1a: Forretress|flinch\n|\n|-weather|RainDance|[upkeep]\n|-damage|p2a: Swampert|49\/100 tox|[from] psn\n|upkeep\n|turn|4\n|\n|t:|1700231959\n|move|p2a: Swampert|Earthquake|p1a: Forretress\n|-damage|p1a: Forretress|0 fnt\n|faint|p1a: Forretress\n|\n|-weather|RainDance|[upkeep]\n|-damage|p2a: Swampert|31\/100 tox|[from] psn\n|upkeep\n|\n|t:|1700231969\n|switch|p1a: \u56e1\u56e1|Umbreon, F|100\/100\n|turn|5\n|\n|t:|1700231974\n|move|p2a: Swampert|Flip Turn|p1a: \u56e1\u56e1\n|-damage|p1a: \u56e1\u56e1|68\/100\n|\n|t:|1700231978\n|switch|p2a: Zapdos|Zapdos|100\/100|[from] Flip Turn\n|move|p1a: \u56e1\u56e1|Wish|p1a: \u56e1\u56e1\n|\n|-weather|RainDance|[upkeep]\n|-heal|p1a: \u56e1\u56e1|74\/100|[from] item: Leftovers\n|upkeep\n|turn|6\n|\n|t:|1700231989\n|move|p1a: \u56e1\u56e1|Protect|p1a: \u56e1\u56e1\n|-singleturn|p1a: \u56e1\u56e1|Protect\n|move|p2a: Zapdos|Thunder|p1a: \u56e1\u56e1\n|-activate|p1a: \u56e1\u56e1|move: Protect\n|\n|-weather|RainDance|[upkeep]\n|-heal|p1a: \u56e1\u56e1|100\/100|[from] move: Wish|[wisher] \u56e1\u56e1\n|upkeep\n|turn|7\n|\n|t:|1700231996\n|move|p2a: Zapdos|Weather Ball|p1a: \u56e1\u56e1\n|-damage|p1a: \u56e1\u56e1|65\/100\n|move|p1a: \u56e1\u56e1|Wish|p1a: \u56e1\u56e1\n|\n|-weather|RainDance|[upkeep]\n|-heal|p1a: \u56e1\u56e1|71\/100|[from] item: Leftovers\n|upkeep\n|turn|8\n|\n|t:|1700232003\n|move|p1a: \u56e1\u56e1|Protect|p1a: \u56e1\u56e1\n|-singleturn|p1a: \u56e1\u56e1|Protect\n|move|p2a: Zapdos|Volt Switch|p1a: \u56e1\u56e1\n|-activate|p1a: \u56e1\u56e1|move: Protect\n|\n|-weather|none\n|-heal|p1a: \u56e1\u56e1|100\/100|[from] move: Wish|[wisher] \u56e1\u56e1\n|upkeep\n|turn|9\n|\n|t:|1700232008\n|switch|p2a: Pelipper|Pelipper, F|100\/100\n|-weather|RainDance|[from] ability: Drizzle|[of] p2a: Pelipper\n|switch|p1a: Thundurus|Thundurus-Therian, M|100\/100\n|\n|-weather|RainDance|[upkeep]\n|upkeep\n|turn|10\n|\n|t:|1700232013\n|switch|p2a: Swampert|Swampert-Mega, F|31\/100 tox\n|move|p1a: Thundurus|Nasty Plot|p1a: Thundurus\n|-boost|p1a: Thundurus|spa|2\n|\n|-weather|RainDance|[upkeep]\n|-damage|p2a: Swampert|25\/100 tox|[from] psn\n|upkeep\n|turn|11\n|\n|t:|1700232024\n|switch|p1a: \u9b3c\u65af|Cloyster, M|100\/100\n|move|p2a: Swampert|Flip Turn|p1a: \u9b3c\u65af\n|-resisted|p1a: \u9b3c\u65af\n|-damage|p1a: \u9b3c\u65af|80\/100\n|\n|t:|1700232032\n|switch|p2a: Zapdos|Zapdos|100\/100|[from] Flip Turn\n|\n|-weather|RainDance|[upkeep]\n|upkeep\n|turn|12\n|\n|t:|1700232043\n|switch|p1a: Thundurus|Thundurus-Therian, M|100\/100\n|move|p2a: Zapdos|Weather Ball|p1a: Thundurus\n|-damage|p1a: Thundurus|28\/100\n|\n|-weather|RainDance|[upkeep]\n|upkeep\n|turn|13\n|\n|t:|1700232052\n|move|p1a: Thundurus|Thunderbolt|p2a: Zapdos\n|-damage|p2a: Zapdos|41\/100\n|move|p2a: Zapdos|Weather Ball|p1a: Thundurus\n|-damage|p1a: Thundurus|0 fnt\n|faint|p1a: Thundurus\n|\n|-weather|RainDance|[upkeep]\n|upkeep\n|\n|t:|1700232057\n|switch|p1a: Sneasler|Sneasler, M|100\/100\n|turn|14\n|\n|t:|1700232060\n|switch|p2a: Ferrothorn|Ferrothorn, F|100\/100\n|move|p1a: Sneasler|Switcheroo|p2a: Ferrothorn\n|-activate|p1a: Sneasler|move: Trick|[of] p2a: Ferrothorn\n|-item|p2a: Ferrothorn|Choice Scarf|[from] move: Switcheroo\n|-item|p1a: Sneasler|Leftovers|[from] move: Switcheroo\n|\n|-weather|RainDance|[upkeep]\n|upkeep\n|turn|15\n|\n|t:|1700232075\n|switch|p1a: \u9b3c\u65af|Cloyster, M|80\/100\n|move|p2a: Ferrothorn|Gyro Ball|p1a: \u9b3c\u65af\n|-damage|p1a: \u9b3c\u65af|53\/100\n|\n|-weather|RainDance|[upkeep]\n|upkeep\n|turn|16\n|\n|t:|1700232082\n|switch|p1a: \u56e1\u56e1|Umbreon, F|100\/100\n|switch|p2a: Swampert|Swampert-Mega, F|25\/100 tox\n|\n|-weather|none\n|-damage|p2a: Swampert|18\/100 tox|[from] psn\n|upkeep\n|turn|17\n|\n|t:|1700232086\n|move|p1a: \u56e1\u56e1|Protect|p1a: \u56e1\u56e1\n|-singleturn|p1a: \u56e1\u56e1|Protect\n|move|p2a: Swampert|Flip Turn|p1a: \u56e1\u56e1\n|-activate|p1a: \u56e1\u56e1|move: Protect\n|\n|-damage|p2a: Swampert|6\/100 tox|[from] psn\n|upkeep\n|turn|18\n|\n|t:|1700232088\n|move|p2a: Swampert|Flip Turn|p1a: \u56e1\u56e1\n|-damage|p1a: \u56e1\u56e1|79\/100\n|\n|t:|1700232091\n|switch|p2a: Pelipper|Pelipper, F|100\/100|[from] Flip Turn\n|-weather|RainDance|[from] ability: Drizzle|[of] p2a: Pelipper\n|move|p1a: \u56e1\u56e1|Wish|p1a: \u56e1\u56e1\n|\n|-weather|RainDance|[upkeep]\n|-heal|p1a: \u56e1\u56e1|85\/100|[from] item: Leftovers\n|upkeep\n|turn|19\n|\n|t:|1700232101\n|move|p1a: \u56e1\u56e1|Protect|p1a: \u56e1\u56e1\n|-singleturn|p1a: \u56e1\u56e1|Protect\n|move|p2a: Pelipper|U-turn|p1a: \u56e1\u56e1\n|-activate|p1a: \u56e1\u56e1|move: Protect\n|\n|-weather|RainDance|[upkeep]\n|-heal|p1a: \u56e1\u56e1|100\/100|[from] move: Wish|[wisher] \u56e1\u56e1\n|upkeep\n|turn|20\n|\n|t:|1700232106\n|move|p2a: Pelipper|U-turn|p1a: \u56e1\u56e1\n|-supereffective|p1a: \u56e1\u56e1\n|-damage|p1a: \u56e1\u56e1|91\/100\n|\n|t:|1700232111\n|switch|p2a: Swampert|Swampert-Mega, F|6\/100 tox|[from] U-turn\n|move|p1a: \u56e1\u56e1|Foul Play|p2a: Swampert\n|-damage|p2a: Swampert|0 fnt\n|faint|p2a: Swampert\n|\n|-weather|RainDance|[upkeep]\n|-heal|p1a: \u56e1\u56e1|97\/100|[from] item: Leftovers\n|upkeep\n|\n|t:|1700232118\n|switch|p2a: Floatzel|Floatzel, M|100\/100\n|turn|21\n|\n|t:|1700232122\n|-terastallize|p2a: Floatzel|Water\n|move|p1a: \u56e1\u56e1|Protect|p1a: \u56e1\u56e1\n|-singleturn|p1a: \u56e1\u56e1|Protect\n|move|p2a: Floatzel|Wave Crash|p1a: \u56e1\u56e1\n|-activate|p1a: \u56e1\u56e1|move: Protect\n|\n|-weather|RainDance|[upkeep]\n|-heal|p1a: \u56e1\u56e1|100\/100|[from] item: Leftovers\n|upkeep\n|turn|22\n|\n|t:|1700232127\n|move|p2a: Floatzel|Wave Crash|p1a: \u56e1\u56e1\n|-damage|p1a: \u56e1\u56e1|8\/100\n|-damage|p2a: Floatzel|62\/100|[from] Recoil\n|move|p1a: \u56e1\u56e1|Foul Play|p2a: Floatzel\n|-damage|p2a: Floatzel|0 fnt\n|faint|p2a: Floatzel\n|\n|-weather|RainDance|[upkeep]\n|-heal|p1a: \u56e1\u56e1|14\/100|[from] item: Leftovers\n|upkeep\n|\n|t:|1700232132\n|switch|p2a: Zapdos|Zapdos|41\/100\n|turn|23\n|\n|t:|1700232146\n|move|p1a: \u56e1\u56e1|Protect|p1a: \u56e1\u56e1\n|-singleturn|p1a: \u56e1\u56e1|Protect\n|move|p2a: Zapdos|Volt Switch|p1a: \u56e1\u56e1\n|-activate|p1a: \u56e1\u56e1|move: Protect\n|\n|-weather|RainDance|[upkeep]\n|-heal|p1a: \u56e1\u56e1|20\/100|[from] item: Leftovers\n|upkeep\n|turn|24\n|\n|t:|1700232154\n|switch|p1a: \u9b3c\u65af|Cloyster, M|53\/100\n|move|p2a: Zapdos|Volt Switch|p1a: \u9b3c\u65af\n|-supereffective|p1a: \u9b3c\u65af\n|-damage|p1a: \u9b3c\u65af|0 fnt\n|faint|p1a: \u9b3c\u65af\n|\n|t:|1700232162\n|switch|p2a: Ferrothorn|Ferrothorn, F|100\/100|[from] Volt Switch\n|\n|-weather|RainDance|[upkeep]\n|upkeep\n|\n|t:|1700232168\n|switch|p1a: \u56e1\u56e1|Umbreon, F|20\/100\n|turn|25\n|\n|t:|1700232176\n|move|p1a: \u56e1\u56e1|Wish|p1a: \u56e1\u56e1\n|move|p2a: Ferrothorn|Gyro Ball|p1a: \u56e1\u56e1\n|-damage|p1a: \u56e1\u56e1|5\/100\n|\n|-weather|none\n|-heal|p1a: \u56e1\u56e1|11\/100|[from] item: Leftovers\n|upkeep\n|turn|26\n|\n|t:|1700232187\n|switch|p2a: Pelipper|Pelipper, F|100\/100\n|-weather|RainDance|[from] ability: Drizzle|[of] p2a: Pelipper\n|move|p1a: \u56e1\u56e1|Protect||[still]\n|-fail|p1a: \u56e1\u56e1\n|\n|-weather|RainDance|[upkeep]\n|-heal|p1a: \u56e1\u56e1|61\/100|[from] move: Wish|[wisher] \u56e1\u56e1\n|-heal|p1a: \u56e1\u56e1|68\/100|[from] item: Leftovers\n|upkeep\n|turn|27\n|\n|t:|1700232194\n|move|p2a: Pelipper|U-turn|p1a: \u56e1\u56e1\n|-supereffective|p1a: \u56e1\u56e1\n|-damage|p1a: \u56e1\u56e1|58\/100\n|\n|t:|1700232199\n|switch|p2a: Ferrothorn|Ferrothorn, F|100\/100|[from] U-turn\n|move|p1a: \u56e1\u56e1|Wish|p1a: \u56e1\u56e1\n|\n|-weather|RainDance|[upkeep]\n|-heal|p1a: \u56e1\u56e1|64\/100|[from] item: Leftovers\n|upkeep\n|turn|28\n|\n|t:|1700232208\n|move|p1a: \u56e1\u56e1|Protect|p1a: \u56e1\u56e1\n|-singleturn|p1a: \u56e1\u56e1|Protect\n|move|p2a: Ferrothorn|Leech Seed|p1a: \u56e1\u56e1\n|-activate|p1a: \u56e1\u56e1|move: Protect\n|\n|-weather|RainDance|[upkeep]\n|-heal|p1a: \u56e1\u56e1|100\/100|[from] move: Wish|[wisher] \u56e1\u56e1\n|upkeep\n|turn|29\n|\n|t:|1700232212\n|switch|p1a: Sneasler|Sneasler, M|100\/100\n|move|p2a: Ferrothorn|Leech Seed|p1a: Sneasler\n|-start|p1a: Sneasler|move: Leech Seed\n|\n|-weather|RainDance|[upkeep]\n|-damage|p1a: Sneasler|88\/100|[from] Leech Seed|[of] p2a: Ferrothorn\n|upkeep\n|turn|30\n|\n|t:|1700232222\n|move|p1a: Sneasler|Dire Claw|p2a: Ferrothorn\n|-immune|p2a: Ferrothorn\n|move|p2a: Ferrothorn|Leech Seed||[still]\n|-fail|p2a: Ferrothorn\n|\n|-weather|RainDance|[upkeep]\n|-heal|p1a: Sneasler|94\/100|[from] item: Leftovers\n|-damage|p1a: Sneasler|82\/100|[from] Leech Seed|[of] p2a: Ferrothorn\n|upkeep\n|turn|31\n|\n|t:|1700232228\n|move|p1a: Sneasler|Close Combat|p2a: Ferrothorn\n|-supereffective|p2a: Ferrothorn\n|-damage|p2a: Ferrothorn|23\/100\n|-unboost|p1a: Sneasler|def|1\n|-unboost|p1a: Sneasler|spd|1\n|-damage|p1a: Sneasler|70\/100|[from] ability: Iron Barbs|[of] p2a: Ferrothorn\n|move|p2a: Ferrothorn|Leech Seed||[still]\n|-fail|p2a: Ferrothorn\n|\n|-weather|RainDance|[upkeep]\n|-heal|p1a: Sneasler|76\/100|[from] item: Leftovers\n|-damage|p1a: Sneasler|63\/100|[from] Leech Seed|[of] p2a: Ferrothorn\n|-heal|p2a: Ferrothorn|34\/100|[silent]\n|upkeep\n|turn|32\n|\n|t:|1700232232\n|move|p1a: Sneasler|Close Combat|p2a: Ferrothorn\n|-supereffective|p2a: Ferrothorn\n|-damage|p2a: Ferrothorn|0 fnt\n|-unboost|p1a: Sneasler|def|1\n|-unboost|p1a: Sneasler|spd|1\n|-damage|p1a: Sneasler|51\/100|[from] ability: Iron Barbs|[of] p2a: Ferrothorn\n|faint|p2a: Ferrothorn\n|\n|-weather|RainDance|[upkeep]\n|-heal|p1a: Sneasler|57\/100|[from] item: Leftovers\n|upkeep\n|\n|t:|1700232235\n|switch|p2a: Greninja|Greninja, M|100\/100\n|turn|33\n|\n|t:|1700232263\n|move|p2a: Greninja|Surf|p1a: Sneasler\n|-damage|p1a: Sneasler|0 fnt\n|faint|p1a: Sneasler\n|-ability|p2a: Greninja|Battle Bond|boost\n|-boost|p2a: Greninja|atk|1\n|-boost|p2a: Greninja|spa|1\n|-boost|p2a: Greninja|spe|1\n|-activate|p2a: Greninja|ability: Battle Bond\n|-damage|p2a: Greninja|91\/100|[from] item: Life Orb\n|\n|-weather|none\n|upkeep\n|\n|t:|1700232271\n|switch|p1a: \u88d9\u4e0b\u4e4b\u81e3|Gardevoir, F, shiny|100\/100\n|turn|34\n|\n|t:|1700232275\n|detailschange|p1a: \u88d9\u4e0b\u4e4b\u81e3|Gardevoir-Mega, F, shiny\n|-mega|p1a: \u88d9\u4e0b\u4e4b\u81e3|Gardevoir|Gardevoirite\n|move|p2a: Greninja|Surf|p1a: \u88d9\u4e0b\u4e4b\u81e3\n|-damage|p1a: \u88d9\u4e0b\u4e4b\u81e3|37\/100\n|-damage|p2a: Greninja|81\/100|[from] item: Life Orb\n|move|p1a: \u88d9\u4e0b\u4e4b\u81e3|Hyper Voice|p2a: Greninja\n|-supereffective|p2a: Greninja\n|-damage|p2a: Greninja|0 fnt\n|faint|p2a: Greninja\n|\n|upkeep\n|\n|t:|1700232281\n|switch|p2a: Pelipper|Pelipper, F|100\/100\n|-weather|RainDance|[from] ability: Drizzle|[of] p2a: Pelipper\n|turn|35\n|\n|t:|1700232286\n|switch|p1a: \u56e1\u56e1|Umbreon, F|100\/100\n|move|p2a: Pelipper|Scald|p1a: \u56e1\u56e1\n|-damage|p1a: \u56e1\u56e1|68\/100\n|-status|p1a: \u56e1\u56e1|brn\n|-activate|p1a: \u56e1\u56e1|ability: Synchronize\n|-status|p2a: Pelipper|brn\n|\n|-weather|RainDance|[upkeep]\n|-heal|p1a: \u56e1\u56e1|74\/100 brn|[from] item: Leftovers\n|-damage|p2a: Pelipper|94\/100 brn|[from] brn\n|-damage|p1a: \u56e1\u56e1|68\/100 brn|[from] brn\n|upkeep\n|turn|36\n|\n|t:|1700232295\n|move|p2a: Pelipper|Hurricane|p1a: \u56e1\u56e1\n|-damage|p1a: \u56e1\u56e1|40\/100 brn\n|move|p1a: \u56e1\u56e1|Heal Bell|p1a: \u56e1\u56e1\n|-activate|p1a: \u56e1\u56e1|move: Heal Bell\n|-curestatus|p1a: \u56e1\u56e1|brn|[msg]\n|\n|-weather|RainDance|[upkeep]\n|-heal|p1a: \u56e1\u56e1|46\/100|[from] item: Leftovers\n|-damage|p2a: Pelipper|88\/100 brn|[from] brn\n|upkeep\n|turn|37\n|\n|t:|1700232303\n|move|p1a: \u56e1\u56e1|Wish|p1a: \u56e1\u56e1\n|move|p2a: Pelipper|Hurricane|p1a: \u56e1\u56e1\n|-damage|p1a: \u56e1\u56e1|21\/100\n|-start|p1a: \u56e1\u56e1|confusion\n|\n|-weather|RainDance|[upkeep]\n|-heal|p1a: \u56e1\u56e1|27\/100|[from] item: Leftovers\n|-damage|p2a: Pelipper|82\/100 brn|[from] brn\n|upkeep\n|turn|38\n|\n|t:|1700232309\n|switch|p2a: Zapdos|Zapdos|41\/100\n|switch|p1a: \u88d9\u4e0b\u4e4b\u81e3|Gardevoir-Mega, F, shiny|37\/100\n|\n|-weather|RainDance|[upkeep]\n|-heal|p1a: \u88d9\u4e0b\u4e4b\u81e3|95\/100|[from] move: Wish|[wisher] \u56e1\u56e1\n|upkeep\n|turn|39\n|\n|t:|1700232316\n|-zpower|p2a: Zapdos\n|move|p2a: Zapdos|Supersonic Skystrike|p1a: \u88d9\u4e0b\u4e4b\u81e3|[zeffect]\n|-damage|p1a: \u88d9\u4e0b\u4e4b\u81e3|19\/100\n|move|p1a: \u88d9\u4e0b\u4e4b\u81e3|Hyper Voice|p2a: Zapdos\n|-damage|p2a: Zapdos|0 fnt\n|faint|p2a: Zapdos\n|\n|-weather|RainDance|[upkeep]\n|upkeep\n|\n|t:|1700232318\n|switch|p2a: Pelipper|Pelipper, F|82\/100 brn\n|turn|40\n|inactive|as cheu has 120 seconds left.\n|\n|t:|1700232360\n|move|p1a: \u88d9\u4e0b\u4e4b\u81e3|Hyper Voice|p2a: Pelipper\n|-damage|p2a: Pelipper|0 fnt\n|faint|p2a: Pelipper\n|\n|win|as cheu\n|raw|as cheu's rating: 1566 &rarr; <strong>1583<\/strong><br \/>(+17 for winning)\n|raw|zzuzsl's rating: 1506 &rarr; <strong>1489<\/strong><br \/>(-17 for losing)\n|c|\u2606as cheu|gg\n","uploadtime":1700232372,"views":8,"p1id":"ascheu","p2id":"zzuzsl","formatid":"gen9nationaldex","rating":1489,"private":0,"password":""}