{"id":"gen9nationaldex-1987385564","p1":"Jeff the Dog","p2":"savagewolf98420","format":"[Gen 9] National Dex","log":"|j|\u2606Jeff the Dog\n|j|\u2606savagewolf98420\n|t:|1699584664\n|gametype|singles\n|player|p1|Jeff the Dog|pokekid|1127\n|player|p2|savagewolf98420|koga|1042\n|teamsize|p1|6\n|teamsize|p2|6\n|gen|9\n|tier|[Gen 9] National Dex\n|rated|\n|rule|HP Percentage Mod: HP is shown in percentages\n|rule|Endless Battle Clause: Forcing endless battles is banned\n|rule|OHKO Clause: OHKO moves are banned\n|rule|Evasion Clause: Evasion abilities, items, and moves are banned\n|rule|Evasion Abilities Clause: Evasion abilities are banned\n|rule|Evasion Items Clause: Evasion items are banned\n|rule|Evasion Moves Clause: Evasion moves are banned\n|rule|Species Clause: Limit one of each Pok\u00e9mon\n|rule|Sleep Clause Mod: Limit one foe put to sleep\n|clearpoke\n|poke|p1|Feraligatr, M|\n|poke|p1|Meganium, F|\n|poke|p1|Emboar, F|\n|poke|p1|Empoleon, M|\n|poke|p1|Serperior, F|\n|poke|p1|Typhlosion, M|\n|poke|p2|Reuniclus, M|\n|poke|p2|Jirachi|\n|poke|p2|Serperior, F|\n|poke|p2|Togekiss, M|\n|poke|p2|Deoxys-Defense|\n|poke|p2|Kommo-o, M|\n|teampreview\n|inactive|Battle timer is ON: inactive players will automatically lose when time's up. (requested by Jeff the Dog)\n|\n|t:|1699584667\n|start\n|switch|p1a: Meganium|Meganium, F, shiny|100\/100\n|switch|p2a: Jirachi|Jirachi|100\/100\n|turn|1\n|\n|t:|1699584681\n|move|p2a: Jirachi|Fire Punch|p1a: Meganium\n|-supereffective|p1a: Meganium\n|-damage|p1a: Meganium|55\/100\n|move|p1a: Meganium|Swords Dance|p1a: Meganium\n|-boost|p1a: Meganium|atk|2\n|\n|upkeep\n|turn|2\n|\n|t:|1699584688\n|move|p2a: Jirachi|Fire Punch|p1a: Meganium\n|-supereffective|p1a: Meganium\n|-damage|p1a: Meganium|13\/100\n|-status|p1a: Meganium|brn\n|move|p1a: Meganium|Earthquake|p2a: Jirachi\n|-supereffective|p2a: Jirachi\n|-damage|p2a: Jirachi|36\/100\n|-damage|p1a: Meganium|3\/100 brn|[from] item: Life Orb\n|\n|-damage|p1a: Meganium|0 fnt|[from] brn\n|faint|p1a: Meganium\n|upkeep\n|\n|t:|1699584697\n|switch|p1a: Serperior|Serperior, F, shiny|100\/100\n|turn|3\n|\n|t:|1699584709\n|switch|p2a: Togekiss|Togekiss, M|100\/100\n|move|p1a: Serperior|Leaf Storm|p2a: Togekiss\n|-resisted|p2a: Togekiss\n|-damage|p2a: Togekiss|77\/100\n|-boost|p1a: Serperior|spa|2\n|-damage|p1a: Serperior|91\/100|[from] item: Life Orb\n|\n|-heal|p2a: Togekiss|83\/100|[from] item: Leftovers\n|upkeep\n|turn|4\n|\n|t:|1699584722\n|move|p1a: Serperior|Nature Power|p2a: Togekiss\n|move|p1a: Serperior|Tri Attack|p2a: Togekiss|[from]move: Nature Power\n|-damage|p2a: Togekiss|45\/100\n|-damage|p1a: Serperior|81\/100|[from] item: Life Orb\n|move|p2a: Togekiss|Air Slash|p1a: Serperior\n|-supereffective|p1a: Serperior\n|-damage|p1a: Serperior|0 fnt\n|faint|p1a: Serperior\n|\n|-heal|p2a: Togekiss|51\/100|[from] item: Leftovers\n|upkeep\n|\n|t:|1699584732\n|switch|p1a: Feraligatr|Feraligatr, M, shiny|100\/100\n|turn|5\n|\n|t:|1699584744\n|move|p2a: Togekiss|Air Slash|p1a: Feraligatr\n|-damage|p1a: Feraligatr|49\/100\n|cant|p1a: Feraligatr|flinch\n|\n|-heal|p2a: Togekiss|57\/100|[from] item: Leftovers\n|upkeep\n|turn|6\n|\n|t:|1699584752\n|move|p2a: Togekiss|Air Slash|p1a: Feraligatr\n|-damage|p1a: Feraligatr|0 fnt\n|faint|p1a: Feraligatr\n|\n|-heal|p2a: Togekiss|64\/100|[from] item: Leftovers\n|upkeep\n|\n|t:|1699584755\n|switch|p1a: Empoleon|Empoleon, M, shiny|100\/100\n|turn|7\n|\n|t:|1699584762\n|move|p2a: Togekiss|Yawn|p1a: Empoleon\n|-start|p1a: Empoleon|move: Yawn|[of] p2a: Togekiss\n|move|p1a: Empoleon|Agility|p1a: Empoleon\n|-boost|p1a: Empoleon|spe|2\n|\n|-heal|p2a: Togekiss|70\/100|[from] item: Leftovers\n|upkeep\n|turn|8\n|\n|t:|1699584780\n|move|p1a: Empoleon|Hydro Pump|p2a: Togekiss\n|-damage|p2a: Togekiss|3\/100\n|-damage|p1a: Empoleon|90\/100|[from] item: Life Orb\n|move|p2a: Togekiss|Air Slash|p1a: Empoleon\n|-resisted|p1a: Empoleon\n|-damage|p1a: Empoleon|70\/100\n|\n|-heal|p2a: Togekiss|9\/100|[from] item: Leftovers\n|-end|p1a: Empoleon|move: Yawn|[silent]\n|-status|p1a: Empoleon|slp\n|upkeep\n|turn|9\n|\n|t:|1699584795\n|switch|p2a: Deoxys|Deoxys-Defense|100\/100\n|-ability|p2a: Deoxys|Pressure\n|cant|p1a: Empoleon|slp\n|\n|upkeep\n|turn|10\n|\n|t:|1699584803\n|cant|p1a: Empoleon|slp\n|move|p2a: Deoxys|Cosmic Power|p2a: Deoxys\n|-boost|p2a: Deoxys|def|1\n|-boost|p2a: Deoxys|spd|1\n|\n|upkeep\n|turn|11\n|-message|Jeff the Dog forfeited.\n|\n|win|savagewolf98420\n|raw|Jeff the Dog's rating: 1127 &rarr; <strong>1096<\/strong><br \/>(-31 for losing)\n|raw|savagewolf98420's rating: 1042 &rarr; <strong>1084<\/strong><br \/>(+42 for winning)\n|l|\u2606Jeff the Dog\n","uploadtime":1699584819,"views":4,"p1id":"jeffthedog","p2id":"savagewolf98420","formatid":"gen9nationaldex","rating":1084,"private":0,"password":""}