{"id":"gen9nationaldex-1992400183","p1":"FlyingSudowoodo","p2":"Champion Corper","format":"[Gen 9] National Dex","log":"|j|\u2606FlyingSudowoodo\n|j|\u2606Champion Corper\n|t:|1700183158\n|gametype|singles\n|player|p1|FlyingSudowoodo|cheren|1461\n|player|p2|Champion Corper|hoopster|1579\n|teamsize|p1|6\n|teamsize|p2|6\n|gen|9\n|tier|[Gen 9] National Dex\n|rated|\n|rule|HP Percentage Mod: HP is shown in percentages\n|rule|Endless Battle Clause: Forcing endless battles is banned\n|rule|OHKO Clause: OHKO moves are banned\n|rule|Evasion Clause: Evasion abilities, items, and moves are banned\n|rule|Evasion Abilities Clause: Evasion abilities are banned\n|rule|Evasion Items Clause: Evasion items are banned\n|rule|Evasion Moves Clause: Evasion moves are banned\n|rule|Species Clause: Limit one of each Pok\u00e9mon\n|rule|Sleep Clause Mod: Limit one foe put to sleep\n|clearpoke\n|poke|p1|Ribombee, F|\n|poke|p1|Glimmora, F|\n|poke|p1|Great Tusk|\n|poke|p1|Enamorus, F|\n|poke|p1|Samurott-Hisui, M|\n|poke|p1|Iron Moth|\n|poke|p2|Sneasler, F|\n|poke|p2|Rillaboom, M|\n|poke|p2|Gliscor, F|\n|poke|p2|Heatran, F|\n|poke|p2|Gyarados, M|\n|poke|p2|Nidoking, M|\n|teampreview\n|inactive|Battle timer is ON: inactive players will automatically lose when time's up. (requested by Champion Corper)\n|\n|t:|1700183173\n|start\n|switch|p1a: Samurott|Samurott-Hisui, M|100\/100\n|switch|p2a: Nidoking|Nidoking, M|100\/100\n|turn|1\n|\n|t:|1700183186\n|switch|p2a: Gyarados|Gyarados, M|100\/100\n|-ability|p2a: Gyarados|Intimidate|boost\n|-unboost|p1a: Samurott|atk|1\n|move|p1a: Samurott|Aqua Cutter|p2a: Gyarados\n|-resisted|p2a: Gyarados\n|-damage|p2a: Gyarados|80\/100\n|\n|upkeep\n|turn|2\n|\n|t:|1700183198\n|move|p1a: Samurott|Ceaseless Edge|p2a: Gyarados|[miss]\n|-miss|p1a: Samurott|p2a: Gyarados\n|move|p2a: Gyarados|Dragon Dance|p2a: Gyarados\n|-boost|p2a: Gyarados|atk|1\n|-boost|p2a: Gyarados|spe|1\n|\n|upkeep\n|turn|3\n|\n|t:|1700183210\n|detailschange|p2a: Gyarados|Gyarados-Mega, M\n|-mega|p2a: Gyarados|Gyarados|Gyaradosite\n|-ability|p2a: Gyarados|Mold Breaker\n|move|p2a: Gyarados|Substitute|p2a: Gyarados\n|-start|p2a: Gyarados|Substitute\n|-damage|p2a: Gyarados|55\/100\n|move|p1a: Samurott|Ceaseless Edge|p2a: Gyarados\n|-resisted|p2a: Gyarados\n|-activate|p2a: Gyarados|move: Substitute|[damage]\n|-sidestart|p2: Champion Corper|Spikes\n|\n|upkeep\n|turn|4\n|\n|t:|1700183224\n|move|p2a: Gyarados|Dragon Dance|p2a: Gyarados\n|-boost|p2a: Gyarados|atk|1\n|-boost|p2a: Gyarados|spe|1\n|move|p1a: Samurott|Ceaseless Edge|p2a: Gyarados\n|-resisted|p2a: Gyarados\n|-end|p2a: Gyarados|Substitute\n|-sidestart|p2: Champion Corper|Spikes\n|\n|upkeep\n|turn|5\n|\n|t:|1700183233\n|switch|p1a: Glimmora|Glimmora, F|100\/100\n|-item|p1a: Glimmora|Air Balloon\n|move|p2a: Gyarados|Substitute|p2a: Gyarados\n|-start|p2a: Gyarados|Substitute\n|-damage|p2a: Gyarados|30\/100\n|\n|upkeep\n|turn|6\n|\n|t:|1700183243\n|move|p2a: Gyarados|Waterfall|p1a: Glimmora\n|-supereffective|p1a: Glimmora\n|-damage|p1a: Glimmora|0 fnt\n|-activate|p1a: Glimmora|ability: Toxic Debris\n|-sidestart|p2: Champion Corper|move: Toxic Spikes\n|-enditem|p1a: Glimmora|Air Balloon\n|faint|p1a: Glimmora\n|\n|upkeep\n|\n|t:|1700183255\n|switch|p1a: Ribombee|Ribombee, F|100\/100\n|turn|7\n|\n|t:|1700183259\n|move|p2a: Gyarados|Waterfall|p1a: Ribombee\n|-enditem|p1a: Ribombee|Focus Sash\n|-damage|p1a: Ribombee|1\/100\n|move|p1a: Ribombee|Tailwind|p1a: Ribombee\n|-sidestart|p1: FlyingSudowoodo|move: Tailwind\n|\n|upkeep\n|turn|8\n|\n|t:|1700183266\n|move|p1a: Ribombee|Moonblast|p2a: Gyarados\n|-supereffective|p2a: Gyarados\n|-end|p2a: Gyarados|Substitute\n|move|p2a: Gyarados|Dragon Dance|p2a: Gyarados\n|-boost|p2a: Gyarados|atk|1\n|-boost|p2a: Gyarados|spe|1\n|\n|upkeep\n|turn|9\n|\n|t:|1700183279\n|move|p1a: Ribombee|Moonblast|p2a: Gyarados\n|-supereffective|p2a: Gyarados\n|-damage|p2a: Gyarados|0 fnt\n|faint|p2a: Gyarados\n|\n|upkeep\n|\n|t:|1700183283\n|switch|p2a: Nidoking|Nidoking, M|100\/100\n|-damage|p2a: Nidoking|84\/100|[from] Spikes\n|-sideend|p2: Champion Corper|move: Toxic Spikes|[of] p2a: Nidoking\n|turn|10\n|\n|t:|1700183288\n|move|p1a: Ribombee|Sticky Web|p2a: Nidoking\n|-sidestart|p2: Champion Corper|move: Sticky Web\n|move|p2a: Nidoking|Ice Beam|p1a: Ribombee\n|-damage|p1a: Ribombee|0 fnt\n|faint|p1a: Ribombee\n|\n|-sideend|p1: FlyingSudowoodo|move: Tailwind\n|upkeep\n|\n|t:|1700183312\n|switch|p1a: Samurott|Samurott-Hisui, M|100\/100\n|turn|11\n|\n|t:|1700183319\n|move|p1a: Samurott|Ceaseless Edge|p2a: Nidoking\n|-damage|p2a: Nidoking|5\/100\n|-sidestart|p2: Champion Corper|Spikes\n|move|p2a: Nidoking|Sludge Wave|p1a: Samurott\n|-damage|p1a: Samurott|1\/100\n|\n|upkeep\n|turn|12\n|\n|t:|1700183325\n|move|p1a: Samurott|Sucker Punch|p2a: Nidoking\n|-damage|p2a: Nidoking|0 fnt\n|faint|p2a: Nidoking\n|\n|upkeep\n|\n|t:|1700183327\n|switch|p2a: Gliscor|Gliscor, F|100\/100\n|turn|13\n|\n|t:|1700183334\n|move|p1a: Samurott|Knock Off|p2a: Gliscor\n|-damage|p2a: Gliscor|60\/100\n|-enditem|p2a: Gliscor|Toxic Orb|[from] move: Knock Off|[of] p1a: Samurott\n|move|p2a: Gliscor|Defog|p1a: Samurott\n|-unboost|p1a: Samurott|evasion|1\n|-sideend|p2: Champion Corper|Spikes|[from] move: Defog|[of] p2a: Gliscor\n|-sideend|p2: Champion Corper|Sticky Web|[from] move: Defog|[of] p2a: Gliscor\n|\n|upkeep\n|turn|14\n|\n|t:|1700183343\n|move|p1a: Samurott|Ceaseless Edge|p2a: Gliscor|[miss]\n|-miss|p1a: Samurott|p2a: Gliscor\n|move|p2a: Gliscor|Earthquake|p1a: Samurott\n|-damage|p1a: Samurott|0 fnt\n|faint|p1a: Samurott\n|\n|upkeep\n|\n|t:|1700183352\n|switch|p1a: Great Tusk|Great Tusk|100\/100\n|turn|15\n|\n|t:|1700183355\n|move|p2a: Gliscor|Toxic|p1a: Great Tusk\n|-status|p1a: Great Tusk|tox\n|move|p1a: Great Tusk|Ice Spinner|p2a: Gliscor\n|-supereffective|p2a: Gliscor\n|-crit|p2a: Gliscor\n|-damage|p2a: Gliscor|0 fnt\n|faint|p2a: Gliscor\n|\n|-damage|p1a: Great Tusk|94\/100 tox|[from] psn\n|upkeep\n|\n|t:|1700183364\n|switch|p2a: Rillaboom|Rillaboom, M|100\/100\n|-fieldstart|move: Grassy Terrain|[from] ability: Grassy Surge|[of] p2a: Rillaboom\n|turn|16\n|\n|t:|1700183371\n|move|p2a: Rillaboom|U-turn|p1a: Great Tusk\n|-resisted|p1a: Great Tusk\n|-damage|p1a: Great Tusk|84\/100 tox\n|\n|t:|1700183374\n|switch|p2a: Heatran|Heatran, F|100\/100|[from] U-turn\n|move|p1a: Great Tusk|Ice Spinner|p2a: Heatran\n|-resisted|p2a: Heatran\n|-damage|p2a: Heatran|96\/100\n|-fieldend|move: Grassy Terrain\n|\n|-heal|p1a: Great Tusk|90\/100 tox|[from] item: Leftovers\n|-heal|p2a: Heatran|100\/100|[from] item: Leftovers\n|-damage|p1a: Great Tusk|78\/100 tox|[from] psn\n|upkeep\n|turn|17\n|\n|t:|1700183392\n|move|p1a: Great Tusk|Headlong Rush|p2a: Heatran\n|-supereffective|p2a: Heatran\n|-damage|p2a: Heatran|0 fnt\n|-unboost|p1a: Great Tusk|def|1\n|-unboost|p1a: Great Tusk|spd|1\n|faint|p2a: Heatran\n|\n|-heal|p1a: Great Tusk|84\/100 tox|[from] item: Leftovers\n|-damage|p1a: Great Tusk|65\/100 tox|[from] psn\n|upkeep\n|\n|t:|1700183395\n|switch|p2a: Rillaboom|Rillaboom, M|100\/100\n|-fieldstart|move: Grassy Terrain|[from] ability: Grassy Surge|[of] p2a: Rillaboom\n|turn|18\n|\n|t:|1700183404\n|-end|p1a: Great Tusk|Protosynthesis|[silent]\n|switch|p1a: Enamorus|Enamorus, F|100\/100\n|move|p2a: Rillaboom|Wood Hammer|p1a: Enamorus\n|-resisted|p1a: Enamorus\n|-damage|p1a: Enamorus|0 fnt\n|faint|p1a: Enamorus\n|-damage|p2a: Rillaboom|73\/100|[from] Recoil\n|\n|-heal|p2a: Rillaboom|79\/100|[from] Grassy Terrain\n|upkeep\n|\n|t:|1700183414\n|switch|p1a: Great Tusk|Great Tusk|65\/100 tox\n|turn|19\n|\n|t:|1700183417\n|-terastallize|p1a: Great Tusk|Steel\n|move|p2a: Rillaboom|Wood Hammer|p1a: Great Tusk\n|-resisted|p1a: Great Tusk\n|-damage|p1a: Great Tusk|28\/100 tox\n|-damage|p2a: Rillaboom|63\/100|[from] Recoil\n|move|p1a: Great Tusk|Ice Spinner|p2a: Rillaboom\n|-supereffective|p2a: Rillaboom\n|-damage|p2a: Rillaboom|11\/100\n|-fieldend|move: Grassy Terrain\n|\n|-heal|p1a: Great Tusk|34\/100 tox|[from] item: Leftovers\n|-damage|p1a: Great Tusk|28\/100 tox|[from] psn\n|upkeep\n|turn|20\n|\n|t:|1700183429\n|switch|p2a: Sneasler|Sneasler, F|100\/100\n|move|p1a: Great Tusk|Headlong Rush|p2a: Sneasler\n|-supereffective|p2a: Sneasler\n|-damage|p2a: Sneasler|0 fnt\n|-unboost|p1a: Great Tusk|def|1\n|-unboost|p1a: Great Tusk|spd|1\n|faint|p2a: Sneasler\n|\n|-heal|p1a: Great Tusk|34\/100 tox|[from] item: Leftovers\n|-damage|p1a: Great Tusk|22\/100 tox|[from] psn\n|upkeep\n|\n|t:|1700183431\n|switch|p2a: Rillaboom|Rillaboom, M|11\/100\n|-fieldstart|move: Grassy Terrain|[from] ability: Grassy Surge|[of] p2a: Rillaboom\n|turn|21\n|c|\u2606Champion Corper|gg\n|\n|t:|1700183442\n|-terastallize|p2a: Rillaboom|Grass\n|move|p2a: Rillaboom|Grassy Glide|p1a: Great Tusk\n|-resisted|p1a: Great Tusk\n|-damage|p1a: Great Tusk|0 fnt\n|faint|p1a: Great Tusk\n|-end|p1a: Great Tusk|Protosynthesis|[silent]\n|\n|-heal|p2a: Rillaboom|17\/100|[from] Grassy Terrain\n|upkeep\n|c|\u2606FlyingSudowoodo|gg\n|\n|t:|1700183451\n|switch|p1a: Iron Moth|Iron Moth|100\/100\n|-enditem|p1a: Iron Moth|Booster Energy\n|-activate|p1a: Iron Moth|ability: Quark Drive|[fromitem]\n|-start|p1a: Iron Moth|quarkdrivespe\n|turn|22\n|\n|t:|1700183456\n|move|p2a: Rillaboom|Grassy Glide|p1a: Iron Moth\n|-resisted|p1a: Iron Moth\n|-damage|p1a: Iron Moth|74\/100\n|move|p1a: Iron Moth|Sludge Wave|p2a: Rillaboom\n|-supereffective|p2a: Rillaboom\n|-damage|p2a: Rillaboom|0 fnt\n|faint|p2a: Rillaboom\n|\n|win|FlyingSudowoodo\n|raw|FlyingSudowoodo's rating: 1461 &rarr; <strong>1488<\/strong><br \/>(+27 for winning)\n|raw|Champion Corper's rating: 1579 &rarr; <strong>1552<\/strong><br \/>(-27 for losing)\n|l|\u2606Champion Corper\n","uploadtime":1700183466,"views":5,"p1id":"flyingsudowoodo","p2id":"championcorper","formatid":"gen9nationaldex","rating":1488,"private":0,"password":""}