{"id":"gen9nationaldex-1998372648","p1":"MasterList2015","p2":"Ash's Alter Ego","format":"[Gen 9] National Dex","log":"|html|<div class=\"broadcast-blue\"><strong>[Gen 9] National Dex is currently suspecting Sneasler! For information on how to participate check out the <a href=\"https:\/\/www.smogon.com\/forums\/threads\/sv-national-dex-suspect-8-just-dance.3731534\/\">suspect thread<\/a>.<\/strong><\/div>\n|j|\u2606MasterList2015\n|j|\u2606Ash's Alter Ego\n|t:|1700935021\n|gametype|singles\n|player|p1|MasterList2015|red|1129\n|player|p2|Ash's Alter Ego|ash-sinnoh|1083\n|teamsize|p1|6\n|teamsize|p2|6\n|gen|9\n|tier|[Gen 9] National Dex\n|rated|\n|rule|HP Percentage Mod: HP is shown in percentages\n|rule|Endless Battle Clause: Forcing endless battles is banned\n|rule|OHKO Clause: OHKO moves are banned\n|rule|Evasion Clause: Evasion abilities, items, and moves are banned\n|rule|Evasion Abilities Clause: Evasion abilities are banned\n|rule|Evasion Items Clause: Evasion items are banned\n|rule|Evasion Moves Clause: Evasion moves are banned\n|rule|Species Clause: Limit one of each Pok\u00e9mon\n|rule|Sleep Clause Mod: Limit one foe put to sleep\n|clearpoke\n|poke|p1|Pikachu-Kalos, M|\n|poke|p1|Charizard, M|\n|poke|p1|Krookodile, F|\n|poke|p1|Greninja-*, M|\n|poke|p1|Infernape, M|\n|poke|p1|Sceptile, F|\n|poke|p2|Glimmora, M|\n|poke|p2|Samurott-Hisui, M|\n|poke|p2|Charizard, F|\n|poke|p2|Alomomola, F|\n|poke|p2|Rillaboom, F|\n|poke|p2|Bisharp, F|\n|teampreview\n|j| SuisdeMars\n|\n|t:|1700935042\n|start\n|switch|p1a: Charizard|Charizard, M|100\/100\n|switch|p2a: Bisharp|Bisharp, F|100\/100\n|turn|1\n|\n|t:|1700935058\n|switch|p1a: Krookodile|Krookodile, F|100\/100\n|-ability|p1a: Krookodile|Intimidate|boost\n|-unboost|p2a: Bisharp|atk|1\n|-ability|p2a: Bisharp|Defiant|boost\n|-boost|p2a: Bisharp|atk|2\n|switch|p2a: Samurott|Samurott-Hisui, M|100\/100\n|\n|upkeep\n|turn|2\n|\n|t:|1700935072\n|move|p2a: Samurott|Fury Cutter|p1a: Krookodile|[miss]\n|-miss|p2a: Samurott|p1a: Krookodile\n|move|p1a: Krookodile|Stealth Rock|p2a: Samurott\n|-sidestart|p2: Ash's Alter Ego|move: Stealth Rock\n|\n|upkeep\n|turn|3\n|\n|t:|1700935078\n|switch|p1a: Sceptile|Sceptile, F|100\/100\n|move|p2a: Samurott|Fury Cutter|p1a: Sceptile\n|-supereffective|p1a: Sceptile\n|-damage|p1a: Sceptile|35\/100\n|\n|upkeep\n|turn|4\n|\n|t:|1700935086\n|switch|p1a: Charizard|Charizard, M|100\/100\n|move|p2a: Samurott|Fury Cutter|p1a: Charizard\n|-resisted|p1a: Charizard\n|-damage|p1a: Charizard|88\/100\n|\n|upkeep\n|turn|5\n|\n|t:|1700935115\n|switch|p2a: Glimmora|Glimmora, M|100\/100\n|-damage|p2a: Glimmora|88\/100|[from] Stealth Rock\n|detailschange|p1a: Charizard|Charizard-Mega-Y, M\n|-mega|p1a: Charizard|Charizard|Charizardite Y\n|-weather|SunnyDay|[from] ability: Drought|[of] p1a: Charizard\n|move|p1a: Charizard|Solar Beam||[still]\n|-prepare|p1a: Charizard|Solar Beam\n|-anim|p1a: Charizard|Solar Beam|p2a: Glimmora\n|-damage|p2a: Glimmora|19\/100\n|\n|-weather|SunnyDay|[upkeep]\n|upkeep\n|turn|6\n|\n|t:|1700935129\n|move|p1a: Charizard|Solar Beam||[still]\n|-prepare|p1a: Charizard|Solar Beam\n|-anim|p1a: Charizard|Solar Beam|p2a: Glimmora\n|-damage|p2a: Glimmora|0 fnt\n|faint|p2a: Glimmora\n|\n|-weather|SunnyDay|[upkeep]\n|upkeep\n|\n|t:|1700935146\n|switch|p2a: Samurott|Samurott-Hisui, M|100\/100\n|-damage|p2a: Samurott|88\/100|[from] Stealth Rock\n|turn|7\n|\n|t:|1700935153\n|move|p2a: Samurott|Ceaseless Edge|p1a: Charizard\n|-damage|p1a: Charizard|24\/100\n|-sidestart|p1: MasterList2015|Spikes\n|move|p1a: Charizard|Solar Beam||[still]\n|-prepare|p1a: Charizard|Solar Beam\n|-anim|p1a: Charizard|Solar Beam|p2a: Samurott\n|-supereffective|p2a: Samurott\n|-damage|p2a: Samurott|0 fnt\n|faint|p2a: Samurott\n|\n|-weather|SunnyDay|[upkeep]\n|upkeep\n|\n|t:|1700935168\n|switch|p2a: Bisharp|Bisharp, F|100\/100\n|-damage|p2a: Bisharp|94\/100|[from] Stealth Rock\n|turn|8\n|\n|t:|1700935173\n|switch|p1a: Krookodile|Krookodile, F|100\/100\n|-damage|p1a: Krookodile|88\/100|[from] Spikes\n|-ability|p1a: Krookodile|Intimidate|boost\n|-unboost|p2a: Bisharp|atk|1\n|-ability|p2a: Bisharp|Defiant|boost\n|-boost|p2a: Bisharp|atk|2\n|move|p2a: Bisharp|Sucker Punch||[still]\n|-fail|p2a: Bisharp\n|\n|-weather|SunnyDay|[upkeep]\n|upkeep\n|turn|9\n|\n|t:|1700935184\n|move|p1a: Krookodile|Earthquake|p2a: Bisharp\n|-supereffective|p2a: Bisharp\n|-damage|p2a: Bisharp|6\/100\n|move|p2a: Bisharp|Swords Dance|p2a: Bisharp\n|-boost|p2a: Bisharp|atk|2\n|\n|-weather|none\n|upkeep\n|turn|10\n|\n|t:|1700935194\n|-terastallize|p2a: Bisharp|Dark\n|move|p2a: Bisharp|Sucker Punch|p1a: Krookodile\n|-resisted|p1a: Krookodile\n|-damage|p1a: Krookodile|1\/100\n|move|p1a: Krookodile|Earthquake|p2a: Bisharp\n|-damage|p2a: Bisharp|0 fnt\n|faint|p2a: Bisharp\n|\n|upkeep\n|\n|t:|1700935206\n|switch|p2a: Charizard|Charizard, F|100\/100\n|-damage|p2a: Charizard|51\/100|[from] Stealth Rock\n|turn|11\n|\n|t:|1700935213\n|detailschange|p2a: Charizard|Charizard-Mega-X, F\n|-mega|p2a: Charizard|Charizard|Charizardite X\n|move|p1a: Krookodile|Stone Edge|p2a: Charizard\n|-supereffective|p2a: Charizard\n|-damage|p2a: Charizard|0 fnt\n|faint|p2a: Charizard\n|\n|upkeep\n|-message|Ash's Alter Ego forfeited.\n|\n|win|MasterList2015\n|raw|MasterList2015's rating: 1129 &rarr; <strong>1151<\/strong><br \/>(+22 for winning)\n|raw|Ash&apos;s Alter Ego's rating: 1083 &rarr; <strong>1064<\/strong><br \/>(-19 for losing)\n|l|\u2606Ash's Alter Ego\n","uploadtime":1700935224,"views":1,"p1id":"masterlist2015","p2id":"ashsalterego","formatid":"gen9nationaldex","rating":1064,"private":0,"password":""}