{"id":"gen9nationaldex-1989059669","p1":"matu 1402","p2":"Void280","format":"[Gen 9] National Dex","log":"|j|\u2606matu 1402\n|j|\u2606Void280\n|t:|1699807711\n|gametype|singles\n|player|p1|matu 1402|cheren-gen5bw2|\n|player|p2|Void280|170|\n|teamsize|p1|6\n|teamsize|p2|6\n|gen|9\n|tier|[Gen 9] National Dex\n|rule|HP Percentage Mod: HP is shown in percentages\n|rule|Endless Battle Clause: Forcing endless battles is banned\n|rule|OHKO Clause: OHKO moves are banned\n|rule|Evasion Clause: Evasion abilities, items, and moves are banned\n|rule|Evasion Abilities Clause: Evasion abilities are banned\n|rule|Evasion Items Clause: Evasion items are banned\n|rule|Evasion Moves Clause: Evasion moves are banned\n|rule|Species Clause: Limit one of each Pok\u00e9mon\n|rule|Sleep Clause Mod: Limit one foe put to sleep\n|clearpoke\n|poke|p1|Blacephalon|\n|poke|p1|Polteageist|\n|poke|p1|Jellicent, M|\n|poke|p1|Great Tusk|\n|poke|p1|Mimikyu, F|\n|poke|p1|Corsola-Galar, F|\n|poke|p2|Great Tusk|\n|poke|p2|Ogerpon-Wellspring, F|\n|poke|p2|Lopunny, M|\n|poke|p2|Haxorus, F|\n|poke|p2|Skeledirge, M|\n|poke|p2|Espeon, F|\n|teampreview\n|inactive|Battle timer is ON: inactive players will automatically lose when time's up. (requested by matu 1402)\n|c|\u2606Void280|glhf\n|c|\u2606matu 1402|Thanks\n|inactive|matu 1402 has 270 seconds left.\n|inactive|Void280 has 270 seconds left.\n|j| Danwine\n|\n|t:|1699807752\n|start\n|switch|p1a: Dil2 de Pep|Corsola-Galar, F|100\/100\n|switch|p2a: Rose|Espeon, F|100\/100\n|turn|1\n|\n|t:|1699807760\n|-zpower|p2a: Rose\n|move|p2a: Rose|Z-Celebrate|p2a: Rose|[anim]Celebrate\n|-boost|p2a: Rose|atk|1|[zeffect]\n|-boost|p2a: Rose|def|1|[zeffect]\n|-boost|p2a: Rose|spa|1|[zeffect]\n|-boost|p2a: Rose|spd|1|[zeffect]\n|-boost|p2a: Rose|spe|1|[zeffect]\n|-activate|p2a: Rose|move: Celebrate\n|move|p1a: Dil2 de Pep|Night Shade|p2a: Rose\n|-damage|p2a: Rose|64\/100\n|\n|upkeep\n|turn|2\n|\n|t:|1699807769\n|switch|p1a: Jellicent|Jellicent, M, shiny|100\/100\n|move|p2a: Rose|Stored Power|p1a: Jellicent\n|-damage|p1a: Jellicent|45\/100\n|\n|-heal|p1a: Jellicent|51\/100|[from] item: Leftovers\n|upkeep\n|turn|3\n|c|\u2606matu 1402|Quien es danwine?\n|\n|t:|1699807783\n|move|p2a: Rose|Stored Power|p1a: Jellicent\n|-damage|p1a: Jellicent|0 fnt\n|faint|p1a: Jellicent\n|\n|upkeep\n|\n|t:|1699807786\n|switch|p1a: Mimikyu|Mimikyu, F, shiny|100\/100\n|turn|4\n|j| Sai4rr\n|c|\u2606Void280|Dan\n|c|\u2606Void280|Del server\n|c| Sai4rr|Espeon\n|inactive|Void280 has 270 seconds left.\n|c|\u2606matu 1402|A\n|\n|t:|1699807820\n|move|p2a: Rose|Stored Power|p1a: Mimikyu\n|-activate|p1a: Mimikyu|ability: Disguise\n|-damage|p1a: Mimikyu|100\/100\n|detailschange|p1a: Mimikyu|Mimikyu-Busted, F, shiny\n|-damage|p1a: Mimikyu|88\/100|[from] pokemon: Mimikyu-Busted\n|move|p1a: Mimikyu|Swords Dance|p1a: Mimikyu\n|-boost|p1a: Mimikyu|atk|2\n|\n|upkeep\n|turn|5\n|c|\u2606matu 1402|Hola Dan\n|c| Danwine|Soy dan\n|c| Danwine|Hola\n|inactive|Void280 has 270 seconds left.\n|\n|t:|1699807831\n|move|p1a: Mimikyu|Shadow Sneak|p2a: Rose\n|-supereffective|p2a: Rose\n|-damage|p2a: Rose|0 fnt\n|faint|p2a: Rose\n|\n|upkeep\n|inactive|Void280 has 270 seconds left.\n|\n|t:|1699807837\n|switch|p2a: Ansel|Lopunny, M, shiny|100\/100\n|turn|6\n|c|\u2606matu 1402|Un gusto dan xd\n|c| Sai4rr|Adi\u00f3s a espeon\n|\n|t:|1699807849\n|switch|p1a: Dil2 de Pep|Corsola-Galar, F|100\/100\n|detailschange|p2a: Ansel|Lopunny-Mega, M, shiny\n|-mega|p2a: Ansel|Lopunny|Lopunnite\n|move|p2a: Ansel|Fake Out|p1a: Dil2 de Pep\n|-damage|p1a: Dil2 de Pep|89\/100\n|\n|upkeep\n|turn|7\n|\n|t:|1699807860\n|switch|p2a: Ethan|Skeledirge, M|100\/100\n|move|p1a: Dil2 de Pep|Night Shade|p2a: Ethan\n|-damage|p2a: Ethan|72\/100\n|\n|upkeep\n|turn|8\n|\n|t:|1699807872\n|switch|p1a: Mimikyu|Mimikyu-Busted, F, shiny|88\/100\n|move|p2a: Ethan|Shadow Ball|p1a: Mimikyu\n|-supereffective|p1a: Mimikyu\n|-damage|p1a: Mimikyu|0 fnt\n|faint|p1a: Mimikyu\n|\n|upkeep\n|\n|t:|1699807880\n|switch|p1a: Great Tusk|Great Tusk|100\/100\n|turn|9\n|\n|t:|1699807893\n|switch|p2a: Yuna|Ogerpon-Wellspring, F|100\/100\n|move|p1a: Great Tusk|Headlong Rush|p2a: Yuna\n|-resisted|p2a: Yuna\n|-damage|p2a: Yuna|59\/100\n|-unboost|p1a: Great Tusk|def|1\n|-unboost|p1a: Great Tusk|spd|1\n|\n|upkeep\n|turn|10\n|c| Sai4rr|Ya vengo me la voy a jalar\n|\n|t:|1699807902\n|-end|p1a: Great Tusk|Protosynthesis|[silent]\n|switch|p1a: Dil2 de Pep|Corsola-Galar, F|89\/100\n|move|p2a: Yuna|Ivy Cudgel|p1a: Dil2 de Pep\n|-damage|p1a: Dil2 de Pep|60\/100\n|\n|upkeep\n|turn|11\n|c|\u2606matu 1402|Dedicameli\n|\n|t:|1699807912\n|move|p2a: Yuna|U-turn|p1a: Dil2 de Pep\n|-resisted|p1a: Dil2 de Pep\n|-damage|p1a: Dil2 de Pep|54\/100\n|-start|p2a: Yuna|Disable|U-turn|[from] ability: Cursed Body|[of] p1a: Dil2 de Pep\n|c| Sai4rr|Ok\n|l| Sai4rr\n|\n|t:|1699807917\n|switch|p2a: Ethan|Skeledirge, M|72\/100|[from] U-turn\n|move|p1a: Dil2 de Pep|Stealth Rock|p2a: Ethan\n|-sidestart|p2: Void280|move: Stealth Rock\n|\n|upkeep\n|turn|12\n|\n|t:|1699807928\n|switch|p1a: Great Tusk|Great Tusk|100\/100\n|move|p2a: Ethan|Torch Song|p1a: Great Tusk\n|-damage|p1a: Great Tusk|41\/100\n|-boost|p2a: Ethan|spa|1\n|\n|upkeep\n|turn|13\n|\n|t:|1699807941\n|-terastallize|p2a: Ethan|Grass\n|move|p2a: Ethan|Torch Song|p1a: Great Tusk\n|-damage|p1a: Great Tusk|0 fnt\n|-boost|p2a: Ethan|spa|1\n|faint|p1a: Great Tusk\n|-end|p1a: Great Tusk|Protosynthesis|[silent]\n|\n|upkeep\n|\n|t:|1699807945\n|switch|p1a: Blacephalon|Blacephalon|100\/100\n|turn|14\n|\n|t:|1699807950\n|move|p1a: Blacephalon|Flamethrower|p2a: Ethan\n|-supereffective|p2a: Ethan\n|-damage|p2a: Ethan|0 fnt\n|faint|p2a: Ethan\n|-ability|p1a: Blacephalon|Beast Boost|boost\n|-boost|p1a: Blacephalon|spa|1\n|\n|upkeep\n|\n|t:|1699807958\n|switch|p2a: Yuna|Ogerpon-Wellspring, F|59\/100\n|-damage|p2a: Yuna|46\/100|[from] Stealth Rock\n|turn|15\n|\n|t:|1699807963\n|move|p1a: Blacephalon|Flamethrower|p2a: Yuna\n|-damage|p2a: Yuna|0 fnt\n|faint|p2a: Yuna\n|-ability|p1a: Blacephalon|Beast Boost|boost\n|-boost|p1a: Blacephalon|spa|1\n|\n|upkeep\n|\n|t:|1699807970\n|switch|p2a: Ansel|Lopunny-Mega, M, shiny|100\/100\n|-damage|p2a: Ansel|95\/100|[from] Stealth Rock\n|turn|16\n|\n|t:|1699807973\n|move|p2a: Ansel|Fake Out|p1a: Blacephalon\n|-damage|p1a: Blacephalon|51\/100\n|cant|p1a: Blacephalon|flinch\n|\n|upkeep\n|turn|17\n|\n|t:|1699807983\n|switch|p2a: Iris|Haxorus, F|100\/100\n|-damage|p2a: Iris|88\/100|[from] Stealth Rock\n|-ability|p2a: Iris|Mold Breaker\n|move|p1a: Blacephalon|Flamethrower|p2a: Iris\n|-resisted|p2a: Iris\n|-damage|p2a: Iris|5\/100\n|\n|upkeep\n|turn|18\n|\n|t:|1699807992\n|move|p1a: Blacephalon|Flamethrower|p2a: Iris\n|-resisted|p2a: Iris\n|-damage|p2a: Iris|0 fnt\n|faint|p2a: Iris\n|-ability|p1a: Blacephalon|Beast Boost|boost\n|-boost|p1a: Blacephalon|spa|1\n|\n|upkeep\n|\n|t:|1699807994\n|switch|p2a: Ansel|Lopunny-Mega, M, shiny|95\/100\n|-damage|p2a: Ansel|89\/100|[from] Stealth Rock\n|turn|19\n|\n|t:|1699807999\n|move|p2a: Ansel|Fake Out|p1a: Blacephalon\n|-damage|p1a: Blacephalon|0 fnt\n|faint|p1a: Blacephalon\n|\n|upkeep\n|c|\u2606matu 1402|Solo 0.4% xd\n|\n|t:|1699808021\n|switch|p1a: Dil2 de Pep|Corsola-Galar, F|54\/100\n|turn|20\n|\n|t:|1699808025\n|move|p2a: Ansel|Close Combat|p1a: Dil2 de Pep\n|-damage|p1a: Dil2 de Pep|23\/100\n|-unboost|p2a: Ansel|def|1\n|-unboost|p2a: Ansel|spd|1\n|move|p1a: Dil2 de Pep|Strength Sap|p2a: Ansel\n|-unboost|p2a: Ansel|atk|1\n|-heal|p1a: Dil2 de Pep|100\/100\n|\n|upkeep\n|turn|21\n|c|\u2606Void280|na, cagupe\n|\n|t:|1699808034\n|switch|p2a: Kilo|Great Tusk|100\/100\n|-damage|p2a: Kilo|98\/100|[from] Stealth Rock\n|move|p1a: Dil2 de Pep|Will-O-Wisp|p2a: Kilo\n|-status|p2a: Kilo|brn\n|\n|-damage|p2a: Kilo|91\/100 brn|[from] brn\n|upkeep\n|turn|22\n|\n|t:|1699808043\n|move|p2a: Kilo|Head Smash|p1a: Dil2 de Pep\n|-damage|p1a: Dil2 de Pep|86\/100\n|-damage|p2a: Kilo|85\/100 brn|[from] Recoil\n|move|p1a: Dil2 de Pep|Night Shade|p2a: Kilo\n|-damage|p2a: Kilo|58\/100 brn\n|\n|-damage|p2a: Kilo|52\/100 brn|[from] brn\n|upkeep\n|turn|23\n|c|\u2606Void280|ggs\n|\n|t:|1699808050\n|move|p2a: Kilo|Head Smash|p1a: Dil2 de Pep|[miss]\n|-miss|p2a: Kilo|p1a: Dil2 de Pep\n|move|p1a: Dil2 de Pep|Night Shade|p2a: Kilo\n|-damage|p2a: Kilo|25\/100 brn\n|\n|-damage|p2a: Kilo|19\/100 brn|[from] brn\n|upkeep\n|turn|24\n|c|\u2606matu 1402|El dildo de pep lo vuelve a hacer\n|\n|t:|1699808063\n|move|p2a: Kilo|Head Smash|p1a: Dil2 de Pep\n|-damage|p1a: Dil2 de Pep|71\/100\n|-damage|p2a: Kilo|12\/100 brn|[from] Recoil\n|move|p1a: Dil2 de Pep|Night Shade|p2a: Kilo\n|-damage|p2a: Kilo|0 fnt\n|faint|p2a: Kilo\n|-end|p2a: Kilo|Protosynthesis|[silent]\n|\n|upkeep\n|c|\u2606Void280|No tengo forma de matarlo, es gg\n|\n|t:|1699808070\n|switch|p2a: Ansel|Lopunny-Mega, M, shiny|89\/100\n|-damage|p2a: Ansel|83\/100|[from] Stealth Rock\n|turn|25\n|c|\u2606matu 1402|Si\n|c|\u2606matu 1402|Un critico\n|\n|t:|1699808082\n|move|p2a: Ansel|Fake Out|p1a: Dil2 de Pep\n|-damage|p1a: Dil2 de Pep|59\/100\n|-start|p2a: Ansel|Disable|Fake Out|[from] ability: Cursed Body|[of] p1a: Dil2 de Pep\n|cant|p1a: Dil2 de Pep|flinch\n|\n|upkeep\n|turn|26\n|\n|t:|1699808087\n|move|p2a: Ansel|Close Combat|p1a: Dil2 de Pep\n|-damage|p1a: Dil2 de Pep|27\/100\n|-unboost|p2a: Ansel|def|1\n|-unboost|p2a: Ansel|spd|1\n|move|p1a: Dil2 de Pep|Strength Sap|p2a: Ansel\n|-unboost|p2a: Ansel|atk|1\n|-heal|p1a: Dil2 de Pep|100\/100\n|\n|upkeep\n|turn|27\n|\n|t:|1699808093\n|move|p2a: Ansel|Close Combat|p1a: Dil2 de Pep\n|-damage|p1a: Dil2 de Pep|80\/100\n|-unboost|p2a: Ansel|def|1\n|-unboost|p2a: Ansel|spd|1\n|move|p1a: Dil2 de Pep|Will-O-Wisp|p2a: Ansel\n|-status|p2a: Ansel|brn\n|\n|-damage|p2a: Ansel|77\/100 brn|[from] brn\n|upkeep\n|turn|28\n|\n|t:|1699808102\n|move|p2a: Ansel|Close Combat|p1a: Dil2 de Pep\n|-damage|p1a: Dil2 de Pep|69\/100\n|-unboost|p2a: Ansel|def|1\n|-unboost|p2a: Ansel|spd|1\n|move|p1a: Dil2 de Pep|Night Shade|p2a: Ansel\n|-immune|p2a: Ansel\n|\n|-damage|p2a: Ansel|71\/100 brn|[from] brn\n|-end|p2a: Ansel|Disable\n|upkeep\n|turn|29\n|\n|t:|1699808110\n|move|p2a: Ansel|Close Combat|p1a: Dil2 de Pep\n|-damage|p1a: Dil2 de Pep|58\/100\n|-unboost|p2a: Ansel|def|1\n|-unboost|p2a: Ansel|spd|1\n|-start|p2a: Ansel|Disable|Close Combat|[from] ability: Cursed Body|[of] p1a: Dil2 de Pep\n|move|p1a: Dil2 de Pep|Night Shade|p2a: Ansel\n|-immune|p2a: Ansel\n|\n|-damage|p2a: Ansel|65\/100 brn|[from] brn\n|upkeep\n|turn|30\n|\n|t:|1699808117\n|move|p2a: Ansel|Thunder Punch|p1a: Dil2 de Pep\n|-crit|p1a: Dil2 de Pep\n|-damage|p1a: Dil2 de Pep|48\/100\n|move|p1a: Dil2 de Pep|Night Shade|p2a: Ansel\n|-immune|p2a: Ansel\n|\n|-damage|p2a: Ansel|59\/100 brn|[from] brn\n|upkeep\n|turn|31\n|\n|t:|1699808124\n|move|p2a: Ansel|Thunder Punch|p1a: Dil2 de Pep\n|-damage|p1a: Dil2 de Pep|44\/100\n|move|p1a: Dil2 de Pep|Strength Sap|p2a: Ansel\n|-unboost|p2a: Ansel|atk|1\n|-heal|p1a: Dil2 de Pep|100\/100\n|\n|-damage|p2a: Ansel|53\/100 brn|[from] brn\n|upkeep\n|turn|32\n|c|\u2606matu 1402|Retira y ahorranos tiempo\n|c|\u2606Void280|Si... No me gusta, pero no tengo forma\n|c|\u2606Void280|ggs\n|inactive|Void280 has 270 seconds left.\n|c|\u2606matu 1402|Gg\n|-message|Void280 forfeited.\n|\n|win|matu 1402\n","uploadtime":1699808162,"views":16,"p1id":"matu1402","p2id":"void280","formatid":"gen9nationaldex","rating":0,"private":0,"password":""}