{"id":"gen9nationaldex-1995026667","p1":"Jellyfish920","p2":"zeonteo","format":"[Gen 9] National Dex","log":"|html|<div class=\"broadcast-blue\"><strong>[Gen 9] National Dex is currently suspecting Sneasler! For information on how to participate check out the <a href=\"https:\/\/www.smogon.com\/forums\/threads\/sv-national-dex-suspect-8-just-dance.3731534\/\">suspect thread<\/a>.<\/strong><\/div>\n|j|\u2606Jellyfish920\n|j|\u2606zeonteo\n|t:|1700514738\n|gametype|singles\n|player|p1|Jellyfish920|ghetsis|1186\n|player|p2|zeonteo|pokemonranger-gen4|1217\n|teamsize|p1|6\n|teamsize|p2|6\n|gen|9\n|tier|[Gen 9] National Dex\n|rated|\n|rule|HP Percentage Mod: HP is shown in percentages\n|rule|Endless Battle Clause: Forcing endless battles is banned\n|rule|OHKO Clause: OHKO moves are banned\n|rule|Evasion Clause: Evasion abilities, items, and moves are banned\n|rule|Evasion Abilities Clause: Evasion abilities are banned\n|rule|Evasion Items Clause: Evasion items are banned\n|rule|Evasion Moves Clause: Evasion moves are banned\n|rule|Species Clause: Limit one of each Pok\u00e9mon\n|rule|Sleep Clause Mod: Limit one foe put to sleep\n|clearpoke\n|poke|p1|Trevenant, F|\n|poke|p1|Samurott-Hisui, M|\n|poke|p1|Ninetales, F|\n|poke|p1|Slither Wing|\n|poke|p1|Kilowattrel, M|\n|poke|p1|Diancie|\n|poke|p2|Torkoal, F|\n|poke|p2|Heatran, F|\n|poke|p2|Darmanitan, M|\n|poke|p2|Arcanine-Hisui, F|\n|poke|p2|Venusaur, F|\n|poke|p2|Serperior, F|\n|teampreview\n|inactive|Battle timer is ON: inactive players will automatically lose when time's up. (requested by zeonteo)\n|\n|t:|1700514750\n|start\n|switch|p1a: Volcarona Two|Slither Wing|100\/100\n|switch|p2a: Darmanitan|Darmanitan, M, shiny|100\/100\n|turn|1\n|\n|t:|1700514778\n|-end|p1a: Volcarona Two|Protosynthesis|[silent]\n|switch|p1a: Carbon Fiber|Diancie, shiny|100\/100\n|move|p2a: Darmanitan|Flare Blitz|p1a: Carbon Fiber\n|-resisted|p1a: Carbon Fiber\n|-damage|p1a: Carbon Fiber|68\/100\n|-damage|p2a: Darmanitan|92\/100|[from] Recoil\n|\n|upkeep\n|turn|2\n|\n|t:|1700514792\n|switch|p2a: Heatran|Heatran, F, shiny|100\/100\n|detailschange|p1a: Carbon Fiber|Diancie-Mega, shiny\n|-mega|p1a: Carbon Fiber|Diancie|Diancite\n|move|p1a: Carbon Fiber|Diamond Storm|p2a: Heatran\n|-crit|p2a: Heatran\n|-damage|p2a: Heatran|38\/100\n|-boost|p1a: Carbon Fiber|def|2\n|\n|upkeep\n|turn|3\n|\n|t:|1700514819\n|-terastallize|p2a: Heatran|Grass\n|move|p1a: Carbon Fiber|Body Press|p2a: Heatran\n|-damage|p2a: Heatran|0 fnt\n|faint|p2a: Heatran\n|\n|upkeep\n|\n|t:|1700514828\n|switch|p2a: Serperior|Serperior, F, shiny|100\/100\n|turn|4\n|\n|t:|1700514842\n|switch|p1a: Pokemon Trainer|Ninetales, F, shiny|100\/100\n|-weather|SunnyDay|[from] ability: Drought|[of] p1a: Pokemon Trainer\n|move|p2a: Serperior|Leaf Storm|p1a: Pokemon Trainer\n|-resisted|p1a: Pokemon Trainer\n|-damage|p1a: Pokemon Trainer|67\/100\n|-boost|p2a: Serperior|spa|2\n|-damage|p2a: Serperior|91\/100|[from] item: Life Orb\n|\n|-weather|SunnyDay|[upkeep]\n|upkeep\n|turn|5\n|\n|t:|1700514857\n|move|p2a: Serperior|Hidden Power|p1a: Pokemon Trainer\n|-supereffective|p1a: Pokemon Trainer\n|-damage|p1a: Pokemon Trainer|0 fnt\n|faint|p1a: Pokemon Trainer\n|-damage|p2a: Serperior|81\/100|[from] item: Life Orb\n|\n|-weather|SunnyDay|[upkeep]\n|upkeep\n|\n|t:|1700514864\n|switch|p1a: Volcarona Two|Slither Wing|100\/100\n|-activate|p1a: Volcarona Two|ability: Protosynthesis\n|-start|p1a: Volcarona Two|protosynthesisatk\n|turn|6\n|\n|t:|1700514876\n|move|p1a: Volcarona Two|First Impression|p2a: Serperior\n|-supereffective|p2a: Serperior\n|-damage|p2a: Serperior|0 fnt\n|faint|p2a: Serperior\n|\n|-weather|SunnyDay|[upkeep]\n|upkeep\n|\n|t:|1700514884\n|switch|p2a: Darmanitan|Darmanitan, M, shiny|92\/100\n|turn|7\n|\n|t:|1700514902\n|-end|p1a: Volcarona Two|Protosynthesis|[silent]\n|switch|p1a: Regular|Samurott-Hisui, M, shiny|100\/100\n|move|p2a: Darmanitan|Flare Blitz|p1a: Regular\n|-resisted|p1a: Regular\n|-damage|p1a: Regular|27\/100\n|-damage|p2a: Darmanitan|68\/100|[from] Recoil\n|\n|-weather|SunnyDay|[upkeep]\n|upkeep\n|turn|8\n|\n|t:|1700514912\n|move|p1a: Regular|Sucker Punch|p2a: Darmanitan\n|-damage|p2a: Darmanitan|13\/100\n|move|p2a: Darmanitan|Flare Blitz|p1a: Regular\n|-resisted|p1a: Regular\n|-damage|p1a: Regular|0 fnt\n|faint|p1a: Regular\n|-damage|p2a: Darmanitan|4\/100|[from] Recoil\n|\n|-weather|none\n|upkeep\n|\n|t:|1700514922\n|switch|p1a: Volcarona Two|Slither Wing|100\/100\n|turn|9\n|\n|t:|1700514927\n|switch|p2a: Torkoal|Torkoal, F, shiny|100\/100\n|-weather|SunnyDay|[from] ability: Drought|[of] p2a: Torkoal\n|-activate|p1a: Volcarona Two|ability: Protosynthesis\n|-start|p1a: Volcarona Two|protosynthesisatk\n|move|p1a: Volcarona Two|First Impression|p2a: Torkoal\n|-resisted|p2a: Torkoal\n|-damage|p2a: Torkoal|82\/100\n|\n|-weather|SunnyDay|[upkeep]\n|upkeep\n|turn|10\n|\n|t:|1700514939\n|move|p1a: Volcarona Two|Close Combat|p2a: Torkoal\n|-damage|p2a: Torkoal|33\/100\n|-unboost|p1a: Volcarona Two|def|1\n|-unboost|p1a: Volcarona Two|spd|1\n|move|p2a: Torkoal|Lava Plume|p1a: Volcarona Two\n|-supereffective|p1a: Volcarona Two\n|-damage|p1a: Volcarona Two|36\/100\n|\n|-weather|SunnyDay|[upkeep]\n|upkeep\n|turn|11\n|\n|t:|1700514950\n|move|p1a: Volcarona Two|Close Combat|p2a: Torkoal\n|-damage|p2a: Torkoal|0 fnt\n|-unboost|p1a: Volcarona Two|def|1\n|-unboost|p1a: Volcarona Two|spd|1\n|faint|p2a: Torkoal\n|\n|-weather|SunnyDay|[upkeep]\n|upkeep\n|\n|t:|1700514960\n|switch|p2a: Darmanitan|Darmanitan, M, shiny|4\/100\n|turn|12\n|\n|t:|1700514972\n|-end|p1a: Volcarona Two|Protosynthesis|[silent]\n|switch|p1a: Carbon Fiber|Diancie-Mega, shiny|68\/100\n|move|p2a: Darmanitan|Flare Blitz|p1a: Carbon Fiber\n|-resisted|p1a: Carbon Fiber\n|-damage|p1a: Carbon Fiber|3\/100\n|-damage|p2a: Darmanitan|0 fnt|[from] Recoil\n|faint|p2a: Darmanitan\n|\n|-weather|SunnyDay|[upkeep]\n|upkeep\n|\n|t:|1700514982\n|switch|p2a: Venusaur|Venusaur, F, shiny|100\/100\n|turn|13\n|\n|t:|1700514994\n|move|p2a: Venusaur|Weather Ball|p1a: Carbon Fiber\n|-resisted|p1a: Carbon Fiber\n|-damage|p1a: Carbon Fiber|0 fnt\n|faint|p1a: Carbon Fiber\n|-damage|p2a: Venusaur|91\/100|[from] item: Life Orb\n|\n|-weather|SunnyDay|[upkeep]\n|upkeep\n|\n|t:|1700515009\n|switch|p1a: Volcarona Two|Slither Wing|36\/100\n|-activate|p1a: Volcarona Two|ability: Protosynthesis\n|-start|p1a: Volcarona Two|protosynthesisatk\n|turn|14\n|\n|t:|1700515021\n|-terastallize|p1a: Volcarona Two|Fire\n|move|p2a: Venusaur|Weather Ball|p1a: Volcarona Two\n|-resisted|p1a: Volcarona Two\n|-damage|p1a: Volcarona Two|17\/100\n|-damage|p2a: Venusaur|81\/100|[from] item: Life Orb\n|move|p1a: Volcarona Two|Flare Blitz|p2a: Venusaur\n|-supereffective|p2a: Venusaur\n|-damage|p2a: Venusaur|0 fnt\n|faint|p2a: Venusaur\n|-damage|p1a: Volcarona Two|0 fnt|[from] Recoil\n|faint|p1a: Volcarona Two\n|-end|p1a: Volcarona Two|Protosynthesis|[silent]\n|\n|-weather|SunnyDay|[upkeep]\n|upkeep\n|\n|t:|1700515037\n|switch|p2a: Arcanine|Arcanine-Hisui, F|100\/100\n|switch|p1a: Pidgeon|Kilowattrel, M|100\/100\n|turn|15\n|\n|t:|1700515047\n|move|p1a: Pidgeon|Thunder Wave|p2a: Arcanine|[miss]\n|-miss|p1a: Pidgeon|p2a: Arcanine\n|move|p2a: Arcanine|Flare Blitz|p1a: Pidgeon\n|-damage|p1a: Pidgeon|0 fnt\n|faint|p1a: Pidgeon\n|\n|-weather|SunnyDay|[upkeep]\n|upkeep\n|\n|t:|1700515057\n|switch|p1a: Choice Band|Trevenant, F, shiny|100\/100\n|turn|16\n|\n|t:|1700515062\n|move|p2a: Arcanine|Flare Blitz|p1a: Choice Band\n|-supereffective|p1a: Choice Band\n|-damage|p1a: Choice Band|0 fnt\n|faint|p1a: Choice Band\n|\n|win|zeonteo\n|raw|Jellyfish920's rating: 1186 &rarr; <strong>1163<\/strong><br \/>(-23 for losing)\n|raw|zeonteo's rating: 1217 &rarr; <strong>1240<\/strong><br \/>(+23 for winning)\n|l|\u2606Jellyfish920\n","uploadtime":1700515121,"views":12,"p1id":"jellyfish920","p2id":"zeonteo","formatid":"gen9nationaldex","rating":1163,"private":0,"password":""}