{"id":"gen9nationaldex-1995520462","p1":"penpen233","p2":"testing a funni3","format":"[Gen 9] National Dex","log":"|html|<div class=\"broadcast-blue\"><strong>[Gen 9] National Dex is currently suspecting Sneasler! For information on how to participate check out the <a href=\"https:\/\/www.smogon.com\/forums\/threads\/sv-national-dex-suspect-8-just-dance.3731534\/\">suspect thread<\/a>.<\/strong><\/div>\n|j|\u2606penpen233\n|j|\u2606testing a funni3\n|t:|1700579369\n|gametype|singles\n|player|p1|penpen233|ash-kalos|1499\n|player|p2|testing a funni3|unknownf|1509\n|teamsize|p1|6\n|teamsize|p2|6\n|gen|9\n|tier|[Gen 9] National Dex\n|rated|\n|rule|HP Percentage Mod: HP is shown in percentages\n|rule|Endless Battle Clause: Forcing endless battles is banned\n|rule|OHKO Clause: OHKO moves are banned\n|rule|Evasion Clause: Evasion abilities, items, and moves are banned\n|rule|Evasion Abilities Clause: Evasion abilities are banned\n|rule|Evasion Items Clause: Evasion items are banned\n|rule|Evasion Moves Clause: Evasion moves are banned\n|rule|Species Clause: Limit one of each Pok\u00e9mon\n|rule|Sleep Clause Mod: Limit one foe put to sleep\n|clearpoke\n|poke|p1|Sneasler, F|\n|poke|p1|Serperior, F|\n|poke|p1|Galvantula, F|\n|poke|p1|Charizard, M|\n|poke|p1|Zapdos|\n|poke|p1|Tapu Lele|\n|poke|p2|Latios, M|\n|poke|p2|Buzzwole|\n|poke|p2|Gliscor, M|\n|poke|p2|Weavile, F|\n|poke|p2|Heatran, F|\n|poke|p2|Ogerpon-Wellspring, F|\n|teampreview\n|inactive|Battle timer is ON: inactive players will automatically lose when time's up. (requested by penpen233)\n|\n|t:|1700579380\n|start\n|switch|p1a: Galvantula|Galvantula, F|100\/100\n|switch|p2a: Weavile|Weavile, F|100\/100\n|-ability|p2a: Weavile|Pressure\n|turn|1\n|\n|t:|1700579398\n|move|p2a: Weavile|Triple Axel|p1a: Galvantula|[miss]\n|-miss|p2a: Weavile|p1a: Galvantula\n|move|p1a: Galvantula|Sticky Web|p2a: Weavile\n|-sidestart|p2: testing a funni3|move: Sticky Web\n|\n|upkeep\n|turn|2\n|\n|t:|1700579404\n|move|p2a: Weavile|Triple Axel|p1a: Galvantula\n|-damage|p1a: Galvantula|72\/100\n|-damage|p1a: Galvantula|21\/100\n|-damage|p1a: Galvantula|0 fnt\n|faint|p1a: Galvantula\n|-hitcount|p1: Galvantula|3\n|\n|upkeep\n|\n|t:|1700579413\n|switch|p1a: Serperior|Serperior, F|100\/100\n|turn|3\n|\n|t:|1700579417\n|-terastallize|p1a: Serperior|Fire\n|move|p2a: Weavile|Triple Axel|p1a: Serperior\n|-resisted|p1a: Serperior\n|-damage|p1a: Serperior|93\/100\n|-resisted|p1a: Serperior\n|-damage|p1a: Serperior|75\/100\n|-resisted|p1a: Serperior\n|-damage|p1a: Serperior|48\/100\n|-hitcount|p1a: Serperior|3\n|move|p1a: Serperior|Glare|p2a: Weavile\n|-status|p2a: Weavile|par\n|\n|-heal|p1a: Serperior|54\/100|[from] item: Leftovers\n|upkeep\n|turn|4\n|\n|t:|1700579429\n|move|p1a: Serperior|Substitute|p1a: Serperior\n|-start|p1a: Serperior|Substitute\n|-damage|p1a: Serperior|29\/100\n|move|p2a: Weavile|Triple Axel|p1a: Serperior\n|-resisted|p1a: Serperior\n|-activate|p1a: Serperior|move: Substitute|[damage]\n|-resisted|p1a: Serperior\n|-end|p1a: Serperior|Substitute\n|-resisted|p1a: Serperior\n|-damage|p1a: Serperior|5\/100\n|-hitcount|p1a: Serperior|3\n|\n|-heal|p1a: Serperior|11\/100|[from] item: Leftovers\n|upkeep\n|turn|5\n|\n|t:|1700579441\n|move|p1a: Serperior|Hidden Power|p2a: Weavile\n|-supereffective|p2a: Weavile\n|-damage|p2a: Weavile|44\/100 par\n|move|p2a: Weavile|Triple Axel|p1a: Serperior\n|-resisted|p1a: Serperior\n|-damage|p1a: Serperior|2\/100\n|-resisted|p1a: Serperior\n|-damage|p1a: Serperior|0 fnt\n|faint|p1a: Serperior\n|-hitcount|p1: Serperior|2\n|\n|upkeep\n|\n|t:|1700579450\n|switch|p1a: Charizard|Charizard, M|100\/100\n|turn|6\n|\n|t:|1700579454\n|detailschange|p1a: Charizard|Charizard-Mega-X, M\n|-mega|p1a: Charizard|Charizard|Charizardite X\n|move|p1a: Charizard|Belly Drum|p1a: Charizard\n|-damage|p1a: Charizard|51\/100\n|-setboost|p1a: Charizard|atk|6|[from] move: Belly Drum\n|cant|p2a: Weavile|par\n|\n|upkeep\n|turn|7\n|\n|t:|1700579461\n|move|p1a: Charizard|Flame Charge|p2a: Weavile\n|-supereffective|p2a: Weavile\n|-crit|p2a: Weavile\n|-damage|p2a: Weavile|0 fnt\n|-boost|p1a: Charizard|spe|1\n|faint|p2a: Weavile\n|\n|upkeep\n|\n|t:|1700579479\n|switch|p2a: Latios|Latios, M|100\/100\n|turn|8\n|\n|t:|1700579483\n|detailschange|p2a: Latios|Latios-Mega, M\n|-mega|p2a: Latios|Latios|Latiosite\n|move|p1a: Charizard|Dragon Claw|p2a: Latios\n|-supereffective|p2a: Latios\n|-damage|p2a: Latios|0 fnt\n|faint|p2a: Latios\n|\n|upkeep\n|\n|t:|1700579494\n|switch|p2a: Buzzwole|Buzzwole|100\/100\n|turn|9\n|\n|t:|1700579499\n|-terastallize|p2a: Buzzwole|Water\n|move|p1a: Charizard|Dragon Claw|p2a: Buzzwole\n|-crit|p2a: Buzzwole\n|-damage|p2a: Buzzwole|0 fnt\n|faint|p2a: Buzzwole\n|\n|upkeep\n|-message|testing a funni3 forfeited.\n|\n|win|penpen233\n|raw|penpen233's rating: 1499 &rarr; <strong>1520<\/strong><br \/>(+21 for winning)\n|raw|testing a funni3's rating: 1509 &rarr; <strong>1488<\/strong><br \/>(-21 for losing)\n|l|\u2606testing a funni3\n","uploadtime":1700579518,"views":4,"p1id":"penpen233","p2id":"testingafunni3","formatid":"gen9nationaldex","rating":1488,"private":0,"password":""}