{"id":"gen9nationaldex-1997485005","p1":"agent_shodow-007","p2":"raptoryisus","format":"[Gen 9] National Dex","log":"|html|<div class=\"broadcast-blue\"><strong>[Gen 9] National Dex is currently suspecting Sneasler! For information on how to participate check out the <a href=\"https:\/\/www.smogon.com\/forums\/threads\/sv-national-dex-suspect-8-just-dance.3731534\/\">suspect thread<\/a>.<\/strong><\/div>\n|j|\u2606agent_shodow-007\n|j|\u2606raptoryisus\n|t:|1700813563\n|gametype|singles\n|player|p1|agent_shodow-007|lusamine-nihilego|1157\n|player|p2|raptoryisus|tuberf|1121\n|teamsize|p1|6\n|teamsize|p2|6\n|gen|9\n|tier|[Gen 9] National Dex\n|rated|\n|rule|HP Percentage Mod: HP is shown in percentages\n|rule|Endless Battle Clause: Forcing endless battles is banned\n|rule|OHKO Clause: OHKO moves are banned\n|rule|Evasion Clause: Evasion abilities, items, and moves are banned\n|rule|Evasion Abilities Clause: Evasion abilities are banned\n|rule|Evasion Items Clause: Evasion items are banned\n|rule|Evasion Moves Clause: Evasion moves are banned\n|rule|Species Clause: Limit one of each Pok\u00e9mon\n|rule|Sleep Clause Mod: Limit one foe put to sleep\n|clearpoke\n|poke|p1|Gyarados, F|\n|poke|p1|Ferrothorn, M|\n|poke|p1|Tapu Koko|\n|poke|p1|Toxapex, F|\n|poke|p1|Sneasler, M|\n|poke|p1|Scizor, M|\n|poke|p2|Lopunny, M|\n|poke|p2|Samurott-Hisui, F|\n|poke|p2|Tapu Koko|\n|poke|p2|Iron Leaves|\n|poke|p2|Corviknight, F|\n|poke|p2|Typhlosion-Hisui, F|\n|teampreview\n|inactive|Battle timer is ON: inactive players will automatically lose when time's up. (requested by raptoryisus)\n|\n|t:|1700813583\n|start\n|switch|p1a: Toxapex|Toxapex, F|100\/100\n|switch|p2a: Iron Leaves|Iron Leaves|100\/100\n|turn|1\n|\n|t:|1700813599\n|move|p2a: Iron Leaves|Psyblade|p1a: Toxapex\n|-supereffective|p1a: Toxapex\n|-damage|p1a: Toxapex|39\/100\n|move|p1a: Toxapex|Toxic Spikes|p2a: Iron Leaves\n|-sidestart|p2: raptoryisus|move: Toxic Spikes\n|\n|-heal|p1a: Toxapex|45\/100|[from] item: Leftovers\n|upkeep\n|turn|2\n|\n|t:|1700813606\n|move|p1a: Toxapex|Baneful Bunker|p1a: Toxapex\n|-singleturn|p1a: Toxapex|move: Protect\n|move|p2a: Iron Leaves|Psyblade|p1a: Toxapex\n|-activate|p1a: Toxapex|move: Protect\n|-status|p2a: Iron Leaves|psn\n|\n|-heal|p1a: Toxapex|51\/100|[from] item: Leftovers\n|-damage|p2a: Iron Leaves|88\/100 psn|[from] psn\n|upkeep\n|turn|3\n|\n|t:|1700813617\n|switch|p1a: Gyarados|Gyarados, F|100\/100\n|-ability|p1a: Gyarados|Intimidate|boost\n|-unboost|p2a: Iron Leaves|atk|1\n|move|p2a: Iron Leaves|Psyblade|p1a: Gyarados\n|-damage|p1a: Gyarados|68\/100\n|\n|-damage|p2a: Iron Leaves|76\/100 psn|[from] psn\n|upkeep\n|turn|4\n|\n|t:|1700813630\n|-end|p2a: Iron Leaves|Quark Drive|[silent]\n|switch|p2a: Corviknight|Corviknight, F|100\/100\n|move|p1a: Gyarados|Dragon Dance|p1a: Gyarados\n|-boost|p1a: Gyarados|atk|1\n|-boost|p1a: Gyarados|spe|1\n|\n|upkeep\n|turn|5\n|\n|t:|1700813651\n|move|p1a: Gyarados|Waterfall|p2a: Corviknight\n|-damage|p2a: Corviknight|46\/100\n|-damage|p1a: Gyarados|52\/100|[from] item: Rocky Helmet|[of] p2a: Corviknight\n|move|p2a: Corviknight|Bulk Up|p2a: Corviknight\n|-boost|p2a: Corviknight|atk|1\n|-boost|p2a: Corviknight|def|1\n|\n|upkeep\n|turn|6\n|\n|t:|1700813658\n|move|p1a: Gyarados|Waterfall|p2a: Corviknight\n|-damage|p2a: Corviknight|9\/100\n|-damage|p1a: Gyarados|35\/100|[from] item: Rocky Helmet|[of] p2a: Corviknight\n|cant|p2a: Corviknight|flinch\n|\n|upkeep\n|turn|7\n|\n|t:|1700813666\n|move|p1a: Gyarados|Waterfall|p2a: Corviknight\n|-damage|p2a: Corviknight|0 fnt\n|-damage|p1a: Gyarados|19\/100|[from] item: Rocky Helmet|[of] p2a: Corviknight\n|faint|p2a: Corviknight\n|\n|upkeep\n|\n|t:|1700813670\n|switch|p2a: Tapu Koko|Tapu Koko|100\/100\n|-fieldstart|move: Electric Terrain|[from] ability: Electric Surge|[of] p2a: Tapu Koko\n|turn|8\n|\n|t:|1700813680\n|-terastallize|p1a: Gyarados|Ground\n|move|p2a: Tapu Koko|U-turn|p1a: Gyarados\n|-damage|p1a: Gyarados|0 fnt\n|faint|p1a: Gyarados\n|\n|t:|1700813686\n|switch|p2a: Iron Leaves|Iron Leaves|76\/100 psn|[from] U-turn\n|-activate|p2a: Iron Leaves|ability: Quark Drive\n|-start|p2a: Iron Leaves|quarkdriveatk\n|\n|-damage|p2a: Iron Leaves|63\/100 psn|[from] psn\n|upkeep\n|\n|t:|1700813706\n|switch|p1a: Sneasler|Sneasler, M|100\/100\n|-enditem|p1a: Sneasler|Electric Seed\n|-boost|p1a: Sneasler|def|1|[from] item: Electric Seed\n|turn|9\n|\n|t:|1700813718\n|move|p1a: Sneasler|Dire Claw|p2a: Iron Leaves\n|-supereffective|p2a: Iron Leaves\n|-damage|p2a: Iron Leaves|0 fnt\n|faint|p2a: Iron Leaves\n|-end|p2a: Iron Leaves|Quark Drive|[silent]\n|\n|upkeep\n|\n|t:|1700813725\n|switch|p2a: Lopunny|Lopunny, M|100\/100\n|-status|p2a: Lopunny|psn\n|turn|10\n|\n|t:|1700813748\n|detailschange|p2a: Lopunny|Lopunny-Mega, M\n|-mega|p2a: Lopunny|Lopunny|Lopunnite\n|move|p2a: Lopunny|Fake Out|p1a: Sneasler\n|-damage|p1a: Sneasler|75\/100\n|cant|p1a: Sneasler|flinch\n|\n|-damage|p2a: Lopunny|88\/100 psn|[from] psn\n|upkeep\n|turn|11\n|inactive|agent_shodow-007 has 120 seconds left.\n|\n|t:|1700813774\n|move|p1a: Sneasler|Close Combat|p2a: Lopunny\n|-supereffective|p2a: Lopunny\n|-damage|p2a: Lopunny|0 fnt\n|-unboost|p1a: Sneasler|def|1\n|-unboost|p1a: Sneasler|spd|1\n|faint|p2a: Lopunny\n|\n|upkeep\n|\n|t:|1700813782\n|switch|p2a: Typhlosion|Typhlosion-Hisui, F|100\/100\n|-status|p2a: Typhlosion|psn\n|turn|12\n|inactive|agent_shodow-007 has 120 seconds left.\n|\n|t:|1700813805\n|move|p1a: Sneasler|Dire Claw|p2a: Typhlosion\n|-resisted|p2a: Typhlosion\n|-damage|p2a: Typhlosion|69\/100 psn\n|move|p2a: Typhlosion|Shadow Ball|p1a: Sneasler\n|-damage|p1a: Sneasler|0 fnt\n|faint|p1a: Sneasler\n|\n|-damage|p2a: Typhlosion|57\/100 psn|[from] psn\n|-fieldend|move: Electric Terrain\n|upkeep\n|\n|t:|1700813816\n|switch|p1a: Toxapex|Toxapex, F|84\/100\n|turn|13\n|\n|t:|1700813824\n|move|p2a: Typhlosion|Shadow Ball|p1a: Toxapex\n|-damage|p1a: Toxapex|57\/100\n|move|p1a: Toxapex|Toxic Spikes|p2a: Typhlosion\n|-sidestart|p2: raptoryisus|move: Toxic Spikes\n|\n|-heal|p1a: Toxapex|64\/100|[from] item: Leftovers\n|-damage|p2a: Typhlosion|45\/100 psn|[from] psn\n|upkeep\n|turn|14\n|inactive|agent_shodow-007 has 120 seconds left.\n|\n|t:|1700813829\n|move|p2a: Typhlosion|Shadow Ball|p1a: Toxapex\n|-damage|p1a: Toxapex|38\/100\n|move|p1a: Toxapex|Recover|p1a: Toxapex\n|-heal|p1a: Toxapex|88\/100\n|\n|-heal|p1a: Toxapex|94\/100|[from] item: Leftovers\n|-damage|p2a: Typhlosion|33\/100 psn|[from] psn\n|upkeep\n|turn|15\n|\n|t:|1700813835\n|switch|p2a: Tapu Koko|Tapu Koko|100\/100\n|-fieldstart|move: Electric Terrain|[from] ability: Electric Surge|[of] p2a: Tapu Koko\n|move|p1a: Toxapex|Baneful Bunker||[still]\n|-fail|p1a: Toxapex\n|\n|-heal|p1a: Toxapex|99\/100|[from] item: Leftovers\n|upkeep\n|turn|16\n|\n|t:|1700813843\n|switch|p1a: Ferrothorn|Ferrothorn, M|100\/100\n|move|p2a: Tapu Koko|Discharge|p1a: Ferrothorn\n|-resisted|p1a: Ferrothorn\n|-damage|p1a: Ferrothorn|83\/100\n|-status|p1a: Ferrothorn|par\n|\n|-heal|p1a: Ferrothorn|89\/100 par|[from] item: Leftovers\n|upkeep\n|turn|17\n|inactive|agent_shodow-007 has 120 seconds left.\n|\n|t:|1700813866\n|move|p2a: Tapu Koko|U-turn|p1a: Ferrothorn\n|-crit|p1a: Ferrothorn\n|-damage|p1a: Ferrothorn|72\/100 par\n|-damage|p2a: Tapu Koko|88\/100|[from] ability: Iron Barbs|[of] p1a: Ferrothorn\n|\n|t:|1700813870\n|switch|p2a: Typhlosion|Typhlosion-Hisui, F|33\/100 psn|[from] U-turn\n|move|p1a: Ferrothorn|Spikes|p2a: Typhlosion\n|-sidestart|p2: raptoryisus|Spikes\n|\n|-heal|p1a: Ferrothorn|78\/100 par|[from] item: Leftovers\n|-damage|p2a: Typhlosion|21\/100 psn|[from] psn\n|upkeep\n|turn|18\n|\n|t:|1700813884\n|switch|p1a: Toxapex|Toxapex, F|100\/100\n|move|p2a: Typhlosion|Fire Blast|p1a: Toxapex\n|-resisted|p1a: Toxapex\n|-damage|p1a: Toxapex|75\/100\n|\n|-heal|p1a: Toxapex|81\/100|[from] item: Leftovers\n|-damage|p2a: Typhlosion|9\/100 psn|[from] psn\n|upkeep\n|turn|19\n|\n|t:|1700813892\n|move|p2a: Typhlosion|Fire Blast|p1a: Toxapex\n|-resisted|p1a: Toxapex\n|-damage|p1a: Toxapex|57\/100\n|move|p1a: Toxapex|Recover|p1a: Toxapex\n|-heal|p1a: Toxapex|100\/100\n|\n|-damage|p2a: Typhlosion|0 fnt|[from] psn\n|faint|p2a: Typhlosion\n|-fieldend|move: Electric Terrain\n|upkeep\n|\n|t:|1700813899\n|switch|p2a: Tapu Koko|Tapu Koko|88\/100\n|-fieldstart|move: Electric Terrain|[from] ability: Electric Surge|[of] p2a: Tapu Koko\n|turn|20\n|\n|t:|1700813914\n|switch|p1a: Ferrothorn|Ferrothorn, M|78\/100 par\n|move|p2a: Tapu Koko|Discharge|p1a: Ferrothorn\n|-resisted|p1a: Ferrothorn\n|-damage|p1a: Ferrothorn|60\/100 par\n|\n|-heal|p1a: Ferrothorn|67\/100 par|[from] item: Leftovers\n|upkeep\n|turn|21\n|\n|t:|1700813922\n|move|p2a: Tapu Koko|Volt Switch|p1a: Ferrothorn\n|-resisted|p1a: Ferrothorn\n|-damage|p1a: Ferrothorn|53\/100 par\n|\n|t:|1700813926\n|switch|p2a: Samurott|Samurott-Hisui, F|100\/100|[from] Volt Switch\n|-status|p2a: Samurott|tox\n|-damage|p2a: Samurott|88\/100 tox|[from] Spikes\n|move|p1a: Ferrothorn|Stealth Rock|p2a: Samurott\n|-sidestart|p2: raptoryisus|move: Stealth Rock\n|\n|-heal|p1a: Ferrothorn|59\/100 par|[from] item: Leftovers\n|-damage|p2a: Samurott|82\/100 tox|[from] psn\n|upkeep\n|turn|22\n|\n|t:|1700813936\n|move|p2a: Samurott|Ceaseless Edge|p1a: Ferrothorn\n|-damage|p1a: Ferrothorn|24\/100 par\n|-damage|p2a: Samurott|69\/100 tox|[from] ability: Iron Barbs|[of] p1a: Ferrothorn\n|-sidestart|p1: agent_shodow-007|Spikes\n|-damage|p2a: Samurott|59\/100 tox|[from] item: Life Orb\n|move|p1a: Ferrothorn|Power Whip|p2a: Samurott\n|-supereffective|p2a: Samurott\n|-damage|p2a: Samurott|0 fnt\n|faint|p2a: Samurott\n|\n|-heal|p1a: Ferrothorn|30\/100 par|[from] item: Leftovers\n|upkeep\n|\n|t:|1700813942\n|switch|p2a: Tapu Koko|Tapu Koko|88\/100\n|turn|23\n|\n|t:|1700813950\n|move|p2a: Tapu Koko|Discharge|p1a: Ferrothorn\n|-resisted|p1a: Ferrothorn\n|-damage|p1a: Ferrothorn|15\/100 par\n|cant|p1a: Ferrothorn|par\n|\n|-heal|p1a: Ferrothorn|21\/100 par|[from] item: Leftovers\n|upkeep\n|turn|24\n|\n|t:|1700813957\n|-terastallize|p2a: Tapu Koko|Electric\n|move|p2a: Tapu Koko|Discharge|p1a: Ferrothorn\n|-resisted|p1a: Ferrothorn\n|-damage|p1a: Ferrothorn|0 fnt\n|faint|p1a: Ferrothorn\n|\n|-fieldend|move: Electric Terrain\n|upkeep\n|\n|t:|1700813974\n|switch|p1a: Toxapex|Toxapex, F|100\/100\n|-damage|p1a: Toxapex|88\/100|[from] Spikes\n|turn|25\n|\n|t:|1700813980\n|move|p1a: Toxapex|Baneful Bunker|p1a: Toxapex\n|-singleturn|p1a: Toxapex|move: Protect\n|move|p2a: Tapu Koko|Discharge|p1a: Toxapex\n|-activate|p1a: Toxapex|move: Protect\n|\n|-heal|p1a: Toxapex|94\/100|[from] item: Leftovers\n|upkeep\n|turn|26\n|\n|t:|1700813993\n|move|p2a: Tapu Koko|Discharge|p1a: Toxapex\n|-supereffective|p1a: Toxapex\n|-damage|p1a: Toxapex|31\/100\n|-status|p1a: Toxapex|par\n|cant|p1a: Toxapex|par\n|\n|-heal|p1a: Toxapex|37\/100 par|[from] item: Leftovers\n|upkeep\n|turn|27\n|\n|t:|1700813999\n|move|p1a: Toxapex|Baneful Bunker|p1a: Toxapex\n|-singleturn|p1a: Toxapex|move: Protect\n|move|p2a: Tapu Koko|Discharge|p1a: Toxapex\n|-activate|p1a: Toxapex|move: Protect\n|\n|-heal|p1a: Toxapex|44\/100 par|[from] item: Leftovers\n|upkeep\n|turn|28\n|\n|t:|1700814006\n|move|p2a: Tapu Koko|Discharge|p1a: Toxapex\n|-supereffective|p1a: Toxapex\n|-damage|p1a: Toxapex|0 fnt\n|faint|p1a: Toxapex\n|\n|upkeep\n|\n|t:|1700814010\n|switch|p1a: Scizor|Scizor, M, shiny|100\/100\n|-damage|p1a: Scizor|88\/100|[from] Spikes\n|turn|29\n|\n|t:|1700814014\n|detailschange|p1a: Scizor|Scizor-Mega, M, shiny\n|-mega|p1a: Scizor|Scizor|Scizorite\n|move|p1a: Scizor|Bullet Punch|p2a: Tapu Koko\n|-resisted|p2a: Tapu Koko\n|-damage|p2a: Tapu Koko|60\/100\n|move|p2a: Tapu Koko|Discharge|p1a: Scizor\n|-damage|p1a: Scizor|43\/100\n|-status|p1a: Scizor|par\n|\n|upkeep\n|turn|30\n|\n|t:|1700814023\n|cant|p1a: Scizor|par\n|move|p2a: Tapu Koko|Discharge|p1a: Scizor\n|-damage|p1a: Scizor|0 fnt\n|faint|p1a: Scizor\n|\n|upkeep\n|\n|t:|1700814026\n|switch|p1a: Tapu Koko|Tapu Koko|100\/100\n|-damage|p1a: Tapu Koko|88\/100|[from] Spikes\n|-fieldstart|move: Electric Terrain|[from] ability: Electric Surge|[of] p1a: Tapu Koko\n|turn|31\n|\n|t:|1700814033\n|move|p2a: Tapu Koko|Discharge|p1a: Tapu Koko\n|-resisted|p1a: Tapu Koko\n|-damage|p1a: Tapu Koko|47\/100\n|move|p1a: Tapu Koko|Brave Bird|p2a: Tapu Koko\n|-resisted|p2a: Tapu Koko\n|-damage|p2a: Tapu Koko|33\/100\n|-damage|p1a: Tapu Koko|38\/100|[from] Recoil\n|\n|upkeep\n|turn|32\n|\n|t:|1700814042\n|move|p2a: Tapu Koko|Discharge|p1a: Tapu Koko\n|-resisted|p1a: Tapu Koko\n|-damage|p1a: Tapu Koko|0 fnt\n|faint|p1a: Tapu Koko\n|\n|win|raptoryisus\n|raw|agent_shodow-007's rating: 1157 &rarr; <strong>1129<\/strong><br \/>(-28 for losing)\n|raw|raptoryisus's rating: 1121 &rarr; <strong>1149<\/strong><br \/>(+28 for winning)\n|l|\u2606agent_shodow-007\n","uploadtime":1700814057,"views":8,"p1id":"agentshodow007","p2id":"raptoryisus","formatid":"gen9nationaldex","rating":1129,"private":0,"password":""}