{"id":"gen9nationaldex-1998235066","p1":"ndsnez dingus","p2":"ldsadsadcsf","format":"[Gen 9] National Dex","log":"|html|<div class=\"broadcast-blue\"><strong>[Gen 9] National Dex is currently suspecting Sneasler! For information on how to participate check out the <a href=\"https:\/\/www.smogon.com\/forums\/threads\/sv-national-dex-suspect-8-just-dance.3731534\/\">suspect thread<\/a>.<\/strong><\/div>\n|j|\u2606ndsnez dingus\n|j|\u2606ldsadsadcsf\n|t:|1700917435\n|gametype|singles\n|player|p1|ndsnez dingus|hexmaniac-gen6|1349\n|player|p2|ldsadsadcsf|unknown|1466\n|teamsize|p1|6\n|teamsize|p2|6\n|gen|9\n|tier|[Gen 9] National Dex\n|rated|\n|rule|HP Percentage Mod: HP is shown in percentages\n|rule|Endless Battle Clause: Forcing endless battles is banned\n|rule|OHKO Clause: OHKO moves are banned\n|rule|Evasion Clause: Evasion abilities, items, and moves are banned\n|rule|Evasion Abilities Clause: Evasion abilities are banned\n|rule|Evasion Items Clause: Evasion items are banned\n|rule|Evasion Moves Clause: Evasion moves are banned\n|rule|Species Clause: Limit one of each Pok\u00e9mon\n|rule|Sleep Clause Mod: Limit one foe put to sleep\n|clearpoke\n|poke|p1|Gardevoir, F|\n|poke|p1|Garchomp, F|\n|poke|p1|Bisharp, F|\n|poke|p1|Serperior, F|\n|poke|p1|Ribombee, M|\n|poke|p1|Ditto|\n|poke|p2|Zamazenta-*|\n|poke|p2|Garganacl, M|\n|poke|p2|Heatran, F|\n|poke|p2|Zapdos|\n|poke|p2|Pinsir, M|\n|poke|p2|Landorus-Therian, M|\n|teampreview\n|inactive|Battle timer is ON: inactive players will automatically lose when time's up. (requested by ldsadsadcsf)\n|inactive|ndsnez dingus also wants the timer to be on.\n|inactive|ndsnez dingus has 120 seconds left.\n|\n|t:|1700917469\n|start\n|switch|p1a: Beellistic|Ribombee, M|100\/100\n|switch|p2a: \u571f\u54e5|Landorus-Therian, M, shiny|100\/100\n|-ability|p2a: \u571f\u54e5|Intimidate|boost\n|-unboost|p1a: Beellistic|atk|1\n|turn|1\n|\n|t:|1700917477\n|move|p1a: Beellistic|Sticky Web|p2a: \u571f\u54e5\n|-sidestart|p2: ldsadsadcsf|move: Sticky Web\n|move|p2a: \u571f\u54e5|Defog|p1a: Beellistic\n|-unboost|p1a: Beellistic|evasion|1\n|-sideend|p2: ldsadsadcsf|Sticky Web|[from] move: Defog|[of] p2a: \u571f\u54e5\n|\n|upkeep\n|turn|2\n|\n|t:|1700917481\n|move|p1a: Beellistic|Sticky Web|p2a: \u571f\u54e5\n|-sidestart|p2: ldsadsadcsf|move: Sticky Web\n|move|p2a: \u571f\u54e5|U-turn|p1a: Beellistic\n|-resisted|p1a: Beellistic\n|-damage|p1a: Beellistic|77\/100\n|\n|t:|1700917486\n|switch|p2a: \u9e1f\u54e5|Zapdos, shiny|100\/100|[from] U-turn\n|\n|upkeep\n|turn|3\n|\n|t:|1700917500\n|switch|p1a: Arimaki|Bisharp, F|100\/100\n|move|p2a: \u9e1f\u54e5|Hurricane|p1a: Arimaki\n|-resisted|p1a: Arimaki\n|-damage|p1a: Arimaki|77\/100\n|\n|upkeep\n|turn|4\n|\n|t:|1700917505\n|move|p2a: \u9e1f\u54e5|U-turn|p1a: Arimaki\n|-damage|p1a: Arimaki|66\/100\n|\n|t:|1700917514\n|switch|p2a: \u72d7\u54e5|Zamazenta|100\/100|[from] U-turn\n|-activate|p2a: \u72d7\u54e5|move: Sticky Web\n|-unboost|p2a: \u72d7\u54e5|spe|1\n|-ability|p2a: \u72d7\u54e5|Dauntless Shield|boost\n|-boost|p2a: \u72d7\u54e5|def|1\n|move|p1a: Arimaki|Swords Dance|p1a: Arimaki\n|-boost|p1a: Arimaki|atk|2\n|\n|upkeep\n|turn|5\n|\n|t:|1700917524\n|-terastallize|p1a: Arimaki|Flying\n|move|p2a: \u72d7\u54e5|Iron Defense|p2a: \u72d7\u54e5\n|-boost|p2a: \u72d7\u54e5|def|2\n|move|p1a: Arimaki|Iron Head|p2a: \u72d7\u54e5\n|-damage|p2a: \u72d7\u54e5|75\/100\n|\n|-heal|p2a: \u72d7\u54e5|81\/100|[from] item: Leftovers\n|upkeep\n|turn|6\n|\n|t:|1700917535\n|move|p2a: \u72d7\u54e5|Body Press|p1a: Arimaki\n|-resisted|p1a: Arimaki\n|-damage|p1a: Arimaki|26\/100\n|move|p1a: Arimaki|Swords Dance|p1a: Arimaki\n|-boost|p1a: Arimaki|atk|2\n|\n|-heal|p2a: \u72d7\u54e5|87\/100|[from] item: Leftovers\n|upkeep\n|turn|7\n|\n|t:|1700917539\n|move|p2a: \u72d7\u54e5|Body Press|p1a: Arimaki\n|-resisted|p1a: Arimaki\n|-damage|p1a: Arimaki|0 fnt\n|faint|p1a: Arimaki\n|\n|-heal|p2a: \u72d7\u54e5|93\/100|[from] item: Leftovers\n|upkeep\n|j| john D spiciest\n|\n|t:|1700917544\n|switch|p1a: IXIA|Gardevoir, F|100\/100\n|-ability|p1a: IXIA|Dauntless Shield|boost\n|-boost|p1a: IXIA|def|1\n|-ability|p1a: IXIA|Dauntless Shield|[from] ability: Trace|[of] p2a: \u72d7\u54e5\n|turn|8\n|\n|t:|1700917552\n|switch|p2a: \u706b\u54e5|Heatran, F, shiny|100\/100\n|-activate|p2a: \u706b\u54e5|move: Sticky Web\n|-unboost|p2a: \u706b\u54e5|spe|1\n|detailschange|p1a: IXIA|Gardevoir-Mega, F\n|-mega|p1a: IXIA|Gardevoir|Gardevoirite\n|move|p1a: IXIA|Hyper Voice|p2a: \u706b\u54e5\n|-resisted|p2a: \u706b\u54e5\n|-damage|p2a: \u706b\u54e5|91\/100\n|\n|-heal|p2a: \u706b\u54e5|97\/100|[from] item: Leftovers\n|upkeep\n|turn|9\n|\n|t:|1700917577\n|move|p1a: IXIA|Focus Blast|p2a: \u706b\u54e5\n|-supereffective|p2a: \u706b\u54e5\n|-damage|p2a: \u706b\u54e5|43\/100\n|move|p2a: \u706b\u54e5|Magma Storm|p1a: IXIA\n|-damage|p1a: IXIA|62\/100\n|-activate|p1a: IXIA|move: Magma Storm|[of] p2a: \u706b\u54e5\n|\n|-heal|p2a: \u706b\u54e5|49\/100|[from] item: Leftovers\n|-damage|p1a: IXIA|49\/100|[from] move: Magma Storm|[partiallytrapped]\n|upkeep\n|turn|10\n|\n|t:|1700917588\n|move|p2a: \u706b\u54e5|Protect|p2a: \u706b\u54e5\n|-singleturn|p2a: \u706b\u54e5|Protect\n|move|p1a: IXIA|Focus Blast|p2a: \u706b\u54e5\n|-activate|p2a: \u706b\u54e5|move: Protect\n|\n|-heal|p2a: \u706b\u54e5|55\/100|[from] item: Leftovers\n|-damage|p1a: IXIA|37\/100|[from] move: Magma Storm|[partiallytrapped]\n|upkeep\n|turn|11\n|\n|t:|1700917607\n|switch|p2a: \u9e1f\u54e5|Zapdos, shiny|100\/100\n|move|p1a: IXIA|Focus Blast|p2a: \u9e1f\u54e5\n|-resisted|p2a: \u9e1f\u54e5\n|-damage|p2a: \u9e1f\u54e5|79\/100\n|\n|-end|p1a: IXIA|Magma Storm|[partiallytrapped]|[silent]\n|upkeep\n|turn|12\n|\n|t:|1700917614\n|move|p1a: IXIA|Taunt|p2a: \u9e1f\u54e5\n|-start|p2a: \u9e1f\u54e5|move: Taunt\n|move|p2a: \u9e1f\u54e5|U-turn|p1a: IXIA\n|-damage|p1a: IXIA|24\/100\n|\n|t:|1700917622\n|switch|p2a: \u7532\u54e5|Pinsir, M|100\/100|[from] U-turn\n|-activate|p2a: \u7532\u54e5|move: Sticky Web\n|-unboost|p2a: \u7532\u54e5|spe|1\n|-ability|p2a: \u7532\u54e5|Mold Breaker\n|\n|upkeep\n|turn|13\n|\n|t:|1700917632\n|switch|p1a: Beellistic|Ribombee, M|77\/100\n|detailschange|p2a: \u7532\u54e5|Pinsir-Mega, M\n|-mega|p2a: \u7532\u54e5|Pinsir|Pinsirite\n|move|p2a: \u7532\u54e5|Quick Attack|p1a: Beellistic\n|-supereffective|p1a: Beellistic\n|-damage|p1a: Beellistic|0 fnt\n|faint|p1a: Beellistic\n|\n|upkeep\n|\n|t:|1700917639\n|switch|p1a: dingus|Ditto|100\/100\n|-transform|p1a: dingus|p2a: \u7532\u54e5|[from] ability: Imposter\n|turn|14\n|c| john D spiciest|thats the worst ribombee name i've ever seen in history\n|c|\u2606ndsnez dingus|do I get ohko from qa\n|inactive|ndsnez dingus has 120 seconds left.\n|c|\u2606ndsnez dingus|or naw\n|c|\u2606ldsadsadcsf|yes\n|c|\u2606ndsnez dingus|alr\n|\n|t:|1700917683\n|switch|p2a: \u9e1f\u54e5|Zapdos, shiny|79\/100\n|move|p1a: dingus|Quick Attack|p2a: \u9e1f\u54e5\n|-resisted|p2a: \u9e1f\u54e5\n|-damage|p2a: \u9e1f\u54e5|68\/100\n|\n|upkeep\n|turn|15\n|c|\u2606ldsadsadcsf|one quick attack\n|\n|t:|1700917698\n|switch|p1a: Frank|Serperior, F|100\/100\n|move|p2a: \u9e1f\u54e5|U-turn|p1a: Frank\n|-supereffective|p1a: Frank\n|-damage|p1a: Frank|73\/100\n|c|\u2606ldsadsadcsf|what?\n|c|\u2606ndsnez dingus|what\n|inactive|ldsadsadcsf has 120 seconds left.\n|\n|t:|1700917726\n|switch|p2a: \u7532\u54e5|Pinsir-Mega, M|100\/100|[from] U-turn\n|\n|-heal|p1a: Frank|79\/100|[from] item: Leftovers\n|upkeep\n|turn|16\n|inactive|ldsadsadcsf has 120 seconds left.\n|c|\u2606ldsadsadcsf|if I use hurricane?\n|c| john D spiciest|qa doesnt kill\n|\n|t:|1700917745\n|move|p1a: Frank|Glare|p2a: \u7532\u54e5\n|-status|p2a: \u7532\u54e5|par\n|cant|p2a: \u7532\u54e5|par\n|\n|-heal|p1a: Frank|85\/100|[from] item: Leftovers\n|upkeep\n|turn|17\n|inactive|ldsadsadcsf has 120 seconds left.\n|\n|t:|1700917753\n|move|p1a: Frank|Substitute|p1a: Frank\n|-start|p1a: Frank|Substitute\n|-damage|p1a: Frank|60\/100\n|cant|p2a: \u7532\u54e5|par\n|\n|-heal|p1a: Frank|66\/100|[from] item: Leftovers\n|upkeep\n|turn|18\n|\n|t:|1700917763\n|move|p2a: \u7532\u54e5|Quick Attack|p1a: Frank\n|-supereffective|p1a: Frank\n|-end|p1a: Frank|Substitute\n|move|p1a: Frank|Leaf Storm|p2a: \u7532\u54e5\n|-resisted|p2a: \u7532\u54e5\n|-damage|p2a: \u7532\u54e5|88\/100 par\n|-boost|p1a: Frank|spa|2\n|\n|-heal|p1a: Frank|73\/100|[from] item: Leftovers\n|upkeep\n|turn|19\n|\n|t:|1700917769\n|move|p1a: Frank|Substitute|p1a: Frank\n|-start|p1a: Frank|Substitute\n|-damage|p1a: Frank|48\/100\n|move|p2a: \u7532\u54e5|Swords Dance|p2a: \u7532\u54e5\n|-boost|p2a: \u7532\u54e5|atk|2\n|\n|-heal|p1a: Frank|54\/100|[from] item: Leftovers\n|upkeep\n|turn|20\n|\n|t:|1700917778\n|cant|p2a: \u7532\u54e5|par\n|move|p1a: Frank|Leaf Storm|p2a: \u7532\u54e5\n|-resisted|p2a: \u7532\u54e5\n|-damage|p2a: \u7532\u54e5|62\/100 par\n|-boost|p1a: Frank|spa|2\n|\n|-heal|p1a: Frank|60\/100|[from] item: Leftovers\n|upkeep\n|turn|21\n|\n|t:|1700917783\n|move|p2a: \u7532\u54e5|Quick Attack|p1a: Frank\n|-supereffective|p1a: Frank\n|-end|p1a: Frank|Substitute\n|move|p1a: Frank|Hidden Power|p2a: \u7532\u54e5\n|-supereffective|p2a: \u7532\u54e5\n|-damage|p2a: \u7532\u54e5|0 fnt\n|faint|p2a: \u7532\u54e5\n|\n|-heal|p1a: Frank|66\/100|[from] item: Leftovers\n|upkeep\n|c|\u2606ldsadsadcsf|?\n|c|\u2606ldsadsadcsf|hey!\n|c|\u2606ndsnez dingus|forbidden art of parahaxing\n|inactive|ldsadsadcsf has 120 seconds left.\n|c|\u2606ldsadsadcsf|3paralyze!\n|\n|t:|1700917818\n|switch|p2a: \u706b\u54e5|Heatran, F, shiny|55\/100\n|-activate|p2a: \u706b\u54e5|move: Sticky Web\n|-unboost|p2a: \u706b\u54e5|spe|1\n|turn|22\n|c|\u2606ldsadsadcsf|hidden ice right?\n|c|\u2606ndsnez dingus|last night serp survived a life orb overheat from zebristika\n|inactive|ndsnez dingus has 120 seconds left.\n|c|\u2606ndsnez dingus|hidden fire\n|\n|t:|1700917856\n|move|p2a: \u706b\u54e5|Protect|p2a: \u706b\u54e5\n|-singleturn|p2a: \u706b\u54e5|Protect\n|move|p1a: Frank|Glare|p2a: \u706b\u54e5\n|-activate|p2a: \u706b\u54e5|move: Protect\n|\n|-heal|p1a: Frank|72\/100|[from] item: Leftovers\n|-heal|p2a: \u706b\u54e5|61\/100|[from] item: Leftovers\n|upkeep\n|turn|23\n|\n|t:|1700917865\n|move|p1a: Frank|Glare|p2a: \u706b\u54e5\n|-status|p2a: \u706b\u54e5|par\n|move|p2a: \u706b\u54e5|Magma Storm|p1a: Frank\n|-supereffective|p1a: Frank\n|-damage|p1a: Frank|0 fnt\n|faint|p1a: Frank\n|\n|-heal|p2a: \u706b\u54e5|68\/100 par|[from] item: Leftovers\n|upkeep\n|\n|t:|1700917872\n|switch|p1a: Hurtcore|Garchomp, F|100\/100\n|turn|24\n|\n|t:|1700917880\n|switch|p2a: \u571f\u54e5|Landorus-Therian, M, shiny|100\/100\n|-ability|p2a: \u571f\u54e5|Intimidate|boost\n|-unboost|p1a: Hurtcore|atk|1\n|move|p1a: Hurtcore|Swords Dance|p1a: Hurtcore\n|-boost|p1a: Hurtcore|atk|2\n|\n|upkeep\n|turn|25\n|\n|t:|1700917885\n|move|p1a: Hurtcore|Swords Dance|p1a: Hurtcore\n|-boost|p1a: Hurtcore|atk|2\n|move|p2a: \u571f\u54e5|Toxic|p1a: Hurtcore\n|-status|p1a: Hurtcore|tox\n|\n|-damage|p1a: Hurtcore|94\/100 tox|[from] psn\n|upkeep\n|turn|26\n|\n|t:|1700917888\n|move|p1a: Hurtcore|Scale Shot|p2a: \u571f\u54e5\n|-damage|p2a: \u571f\u54e5|72\/100\n|-damage|p2a: \u571f\u54e5|42\/100\n|-damage|p2a: \u571f\u54e5|14\/100\n|-damage|p2a: \u571f\u54e5|0 fnt\n|faint|p2a: \u571f\u54e5\n|-hitcount|p2: \u571f\u54e5|4\n|-unboost|p1a: Hurtcore|def|1\n|-boost|p1a: Hurtcore|spe|1\n|\n|-damage|p1a: Hurtcore|82\/100 tox|[from] psn\n|upkeep\n|\n|t:|1700917901\n|switch|p2a: \u76d0\u54e5|Garganacl, M, shiny|100\/100\n|-activate|p2a: \u76d0\u54e5|move: Sticky Web\n|-unboost|p2a: \u76d0\u54e5|spe|1\n|turn|27\n|\n|t:|1700917907\n|switch|p2a: \u9e1f\u54e5|Zapdos, shiny|68\/100\n|move|p1a: Hurtcore|Earthquake|p2a: \u9e1f\u54e5\n|-immune|p2a: \u9e1f\u54e5\n|\n|-damage|p1a: Hurtcore|63\/100 tox|[from] psn\n|upkeep\n|turn|28\n|\n|t:|1700917922\n|move|p1a: Hurtcore|Scale Shot|p2a: \u9e1f\u54e5\n|-damage|p2a: \u9e1f\u54e5|47\/100\n|-damage|p2a: \u9e1f\u54e5|25\/100\n|-damage|p2a: \u9e1f\u54e5|4\/100\n|-damage|p2a: \u9e1f\u54e5|0 fnt\n|faint|p2a: \u9e1f\u54e5\n|-hitcount|p2: \u9e1f\u54e5|4\n|-unboost|p1a: Hurtcore|def|1\n|-boost|p1a: Hurtcore|spe|1\n|\n|-damage|p1a: Hurtcore|38\/100 tox|[from] psn\n|upkeep\n|\n|t:|1700917935\n|switch|p2a: \u706b\u54e5|Heatran, F, shiny|68\/100 par\n|-activate|p2a: \u706b\u54e5|move: Sticky Web\n|-unboost|p2a: \u706b\u54e5|spe|1\n|turn|29\n|c|\u2606ndsnez dingus|should I Tera poison the Garchomp\n|c|\u2606ndsnez dingus|John\n|\n|t:|1700917959\n|move|p2a: \u706b\u54e5|Protect|p2a: \u706b\u54e5\n|-singleturn|p2a: \u706b\u54e5|Protect\n|move|p1a: Hurtcore|Earthquake|p2a: \u706b\u54e5\n|-activate|p2a: \u706b\u54e5|move: Protect\n|\n|-heal|p2a: \u706b\u54e5|74\/100 par|[from] item: Leftovers\n|-damage|p1a: Hurtcore|7\/100 tox|[from] psn\n|upkeep\n|turn|30\n|c| john D spiciest|fuck it\n|c| john D spiciest|why not\n|c|\u2606ldsadsadcsf|or steel\n|inactive|ldsadsadcsf has 120 seconds left.\n|\n|t:|1700917977\n|move|p2a: \u706b\u54e5|Protect||[still]\n|-fail|p2a: \u706b\u54e5\n|move|p1a: Hurtcore|Earthquake|p2a: \u706b\u54e5\n|-supereffective|p2a: \u706b\u54e5\n|-damage|p2a: \u706b\u54e5|0 fnt\n|faint|p2a: \u706b\u54e5\n|\n|-damage|p1a: Hurtcore|0 fnt|[from] psn\n|faint|p1a: Hurtcore\n|upkeep\n|\n|t:|1700917992\n|switch|p1a: dingus|Ditto|100\/100\n|switch|p2a: \u76d0\u54e5|Garganacl, M, shiny|100\/100\n|-transform|p1a: dingus|p2a: \u76d0\u54e5|[from] ability: Imposter\n|-activate|p2a: \u76d0\u54e5|move: Sticky Web\n|-unboost|p2a: \u76d0\u54e5|spe|1\n|turn|31\n|\n|t:|1700918003\n|move|p1a: dingus|Salt Cure|p2a: \u76d0\u54e5\n|-damage|p2a: \u76d0\u54e5|91\/100\n|-start|p2a: \u76d0\u54e5|Salt Cure\n|move|p2a: \u76d0\u54e5|Salt Cure|p1a: dingus\n|-damage|p1a: dingus|88\/100\n|-start|p1a: dingus|Salt Cure\n|\n|-heal|p2a: \u76d0\u54e5|97\/100|[from] item: Leftovers\n|-damage|p1a: dingus|76\/100|[from] Salt Cure\n|-damage|p2a: \u76d0\u54e5|85\/100|[from] Salt Cure\n|upkeep\n|turn|32\n|\n|t:|1700918008\n|switch|p2a: \u72d7\u54e5|Zamazenta|93\/100\n|-activate|p2a: \u72d7\u54e5|move: Sticky Web\n|-unboost|p2a: \u72d7\u54e5|spe|1\n|move|p1a: dingus|Salt Cure|p2a: \u72d7\u54e5\n|-resisted|p2a: \u72d7\u54e5\n|-damage|p2a: \u72d7\u54e5|89\/100\n|-start|p2a: \u72d7\u54e5|Salt Cure\n|\n|-heal|p2a: \u72d7\u54e5|95\/100|[from] item: Leftovers\n|-damage|p2a: \u72d7\u54e5|83\/100|[from] Salt Cure\n|-damage|p1a: dingus|63\/100|[from] Salt Cure\n|upkeep\n|turn|33\n|\n|t:|1700918016\n|move|p2a: \u72d7\u54e5|Iron Defense|p2a: \u72d7\u54e5\n|-boost|p2a: \u72d7\u54e5|def|2\n|move|p1a: dingus|Salt Cure|p2a: \u72d7\u54e5\n|-resisted|p2a: \u72d7\u54e5\n|-damage|p2a: \u72d7\u54e5|80\/100\n|\n|-heal|p2a: \u72d7\u54e5|87\/100|[from] item: Leftovers\n|-damage|p2a: \u72d7\u54e5|74\/100|[from] Salt Cure\n|-damage|p1a: dingus|51\/100|[from] Salt Cure\n|upkeep\n|turn|34\n|\n|t:|1700918024\n|move|p2a: \u72d7\u54e5|Body Press|p1a: dingus\n|-supereffective|p1a: dingus\n|-damage|p1a: dingus|0 fnt\n|faint|p1a: dingus\n|\n|-heal|p2a: \u72d7\u54e5|80\/100|[from] item: Leftovers\n|-damage|p2a: \u72d7\u54e5|68\/100|[from] Salt Cure\n|upkeep\n|\n|t:|1700918027\n|switch|p1a: IXIA|Gardevoir-Mega, F|24\/100\n|turn|35\n|\n|t:|1700918030\n|move|p1a: IXIA|Hyper Voice|p2a: \u72d7\u54e5\n|-supereffective|p2a: \u72d7\u54e5\n|-damage|p2a: \u72d7\u54e5|0 fnt\n|faint|p2a: \u72d7\u54e5\n|\n|upkeep\n|\n|t:|1700918032\n|switch|p2a: \u76d0\u54e5|Garganacl, M, shiny|85\/100\n|-activate|p2a: \u76d0\u54e5|move: Sticky Web\n|-unboost|p2a: \u76d0\u54e5|spe|1\n|turn|36\n|c|\u2606ndsnez dingus|gg\n|\n|t:|1700918043\n|move|p1a: IXIA|Focus Blast|p2a: \u76d0\u54e5\n|-supereffective|p2a: \u76d0\u54e5\n|-damage|p2a: \u76d0\u54e5|18\/100\n|-unboost|p2a: \u76d0\u54e5|spd|1\n|move|p2a: \u76d0\u54e5|Earthquake|p1a: IXIA\n|-damage|p1a: IXIA|0 fnt\n|faint|p1a: IXIA\n|\n|win|ldsadsadcsf\n|raw|ndsnez dingus's rating: 1349 &rarr; <strong>1335<\/strong><br \/>(-14 for losing)\n|raw|ldsadsadcsf's rating: 1466 &rarr; <strong>1480<\/strong><br \/>(+14 for winning)\n|c|\u2606ldsadsadcsf|good game\n|l|\u2606ndsnez dingus\n|c|\u2606ldsadsadcsf|especially for your focus blast\n|c|\u2606ldsadsadcsf|I always miss that\n|l| john D spiciest\n","uploadtime":1700918115,"views":1,"p1id":"ndsnezdingus","p2id":"ldsadsadcsf","formatid":"gen9nationaldex","rating":1335,"private":0,"password":""}