{"id":"gen9nationaldex-1988648538","p1":"GameBored","p2":"figobello","format":"[Gen 9] National Dex","log":"|j|\u203dGameBored\n|j|\u2606figobello\n|t:|1699746051\n|gametype|singles\n|player|p1|GameBored|schoolkid-gen8|1384\n|player|p2|figobello|marnie-masters|1471\n|teamsize|p1|6\n|teamsize|p2|6\n|gen|9\n|tier|[Gen 9] National Dex\n|rated|\n|rule|HP Percentage Mod: HP is shown in percentages\n|rule|Endless Battle Clause: Forcing endless battles is banned\n|rule|OHKO Clause: OHKO moves are banned\n|rule|Evasion Clause: Evasion abilities, items, and moves are banned\n|rule|Evasion Abilities Clause: Evasion abilities are banned\n|rule|Evasion Items Clause: Evasion items are banned\n|rule|Evasion Moves Clause: Evasion moves are banned\n|rule|Species Clause: Limit one of each Pok\u00e9mon\n|rule|Sleep Clause Mod: Limit one foe put to sleep\n|clearpoke\n|poke|p1|Grimmsnarl, M|\n|poke|p1|Toxtricity, M|\n|poke|p1|Turtonator, M|\n|poke|p1|Sharpedo, M|\n|poke|p1|Slowbro-Galar, M|\n|poke|p1|Cofagrigus, M|\n|poke|p2|Pelipper, F|\n|poke|p2|Floatzel, M|\n|poke|p2|Ludicolo, F|\n|poke|p2|Ferrothorn, F|\n|poke|p2|Tapu Lele|\n|poke|p2|Swampert, M|\n|teampreview\n|inactive|Battle timer is ON: inactive players will automatically lose when time's up. (requested by GameBored)\n|\n|t:|1699746056\n|start\n|switch|p1a: Grimmsnarl|Grimmsnarl, M, shiny|100\/100\n|switch|p2a: Pelipper|Pelipper, F|100\/100\n|-weather|RainDance|[from] ability: Drizzle|[of] p2a: Pelipper\n|turn|1\n|\n|t:|1699746064\n|move|p1a: Grimmsnarl|Light Screen|p1a: Grimmsnarl\n|-sidestart|p1: GameBored|move: Light Screen\n|move|p2a: Pelipper|Tailwind|p2a: Pelipper\n|-sidestart|p2: figobello|move: Tailwind\n|\n|-weather|RainDance|[upkeep]\n|upkeep\n|turn|2\n|\n|t:|1699746068\n|move|p1a: Grimmsnarl|Taunt|p2a: Pelipper\n|-start|p2a: Pelipper|move: Taunt\n|cant|p2a: Pelipper|move: Taunt|Defog\n|\n|-weather|RainDance|[upkeep]\n|upkeep\n|turn|3\n|\n|t:|1699746072\n|move|p1a: Grimmsnarl|Reflect|p1a: Grimmsnarl\n|-sidestart|p1: GameBored|Reflect\n|move|p2a: Pelipper|U-turn|p1a: Grimmsnarl\n|-damage|p1a: Grimmsnarl|95\/100\n|\n|t:|1699746085\n|switch|p2a: Ferrothorn|Ferrothorn, F|100\/100|[from] U-turn\n|\n|-weather|RainDance|[upkeep]\n|upkeep\n|turn|4\n|\n|t:|1699746091\n|switch|p1a: Slowbro|Slowbro-Galar, M, shiny|100\/100\n|move|p2a: Ferrothorn|Gyro Ball|p1a: Slowbro\n|-damage|p1a: Slowbro|96\/100\n|\n|-weather|RainDance|[upkeep]\n|-sideend|p2: figobello|move: Tailwind\n|upkeep\n|turn|5\n|\n|t:|1699746095\n|move|p1a: Slowbro|Belly Drum|p1a: Slowbro\n|-damage|p1a: Slowbro|46\/100\n|-setboost|p1a: Slowbro|atk|6|[from] move: Belly Drum\n|-enditem|p1a: Slowbro|Sitrus Berry|[eat]\n|-heal|p1a: Slowbro|71\/100|[from] item: Sitrus Berry\n|move|p2a: Ferrothorn|Leech Seed|p1a: Slowbro\n|-start|p1a: Slowbro|move: Leech Seed\n|\n|-weather|RainDance|[upkeep]\n|-damage|p1a: Slowbro|59\/100|[from] Leech Seed|[of] p2a: Ferrothorn\n|upkeep\n|turn|6\n|\n|t:|1699746101\n|move|p1a: Slowbro|Drain Punch|p2a: Ferrothorn\n|-supereffective|p2a: Ferrothorn\n|-crit|p2a: Ferrothorn\n|-damage|p2a: Ferrothorn|0 fnt\n|-heal|p1a: Slowbro|99\/100|[from] drain|[of] p2a: Ferrothorn\n|-damage|p1a: Slowbro|87\/100|[from] ability: Iron Barbs|[of] p2a: Ferrothorn\n|-damage|p1a: Slowbro|70\/100|[from] item: Rocky Helmet|[of] p2a: Ferrothorn\n|faint|p2a: Ferrothorn\n|\n|-weather|RainDance|[upkeep]\n|upkeep\n|\n|t:|1699746120\n|switch|p2a: Swampert|Swampert, M|100\/100\n|turn|7\n|\n|t:|1699746126\n|detailschange|p2a: Swampert|Swampert-Mega, M\n|-mega|p2a: Swampert|Swampert|Swampertite\n|-terastallize|p1a: Slowbro|Flying\n|move|p2a: Swampert|Earthquake|p1a: Slowbro\n|-immune|p1a: Slowbro\n|move|p1a: Slowbro|Earthquake|p2a: Swampert\n|-damage|p2a: Swampert|0 fnt\n|faint|p2a: Swampert\n|\n|-weather|RainDance|[upkeep]\n|upkeep\n|\n|t:|1699746134\n|switch|p2a: Tapu Lele|Tapu Lele|100\/100\n|-fieldstart|move: Psychic Terrain|[from] ability: Psychic Surge|[of] p2a: Tapu Lele\n|turn|8\n|\n|t:|1699746136\n|move|p2a: Tapu Lele|Psychic|p1a: Slowbro\n|-damage|p1a: Slowbro|21\/100\n|move|p1a: Slowbro|Shell Side Arm|p2a: Tapu Lele|[anim] Shell Side Arm Physical\n|-supereffective|p2a: Tapu Lele\n|-damage|p2a: Tapu Lele|0 fnt\n|-hint|Physical Shell Side Arm\n|faint|p2a: Tapu Lele\n|\n|-weather|none\n|-sideend|p1: GameBored|move: Light Screen\n|upkeep\n|\n|t:|1699746144\n|switch|p2a: Floatzel|Floatzel, M|100\/100\n|turn|9\n|\n|t:|1699746146\n|move|p2a: Floatzel|Wave Crash|p1a: Slowbro\n|-damage|p1a: Slowbro|0 fnt\n|faint|p1a: Slowbro\n|-damage|p2a: Floatzel|92\/100|[from] Recoil\n|\n|upkeep\n|\n|t:|1699746150\n|switch|p1a: Cofagrigus|Cofagrigus, M, shiny|100\/100\n|turn|10\n|\n|t:|1699746155\n|switch|p2a: Pelipper|Pelipper, F|100\/100\n|-weather|RainDance|[from] ability: Drizzle|[of] p2a: Pelipper\n|move|p1a: Cofagrigus|Will-O-Wisp|p2a: Pelipper\n|-status|p2a: Pelipper|brn\n|\n|-weather|RainDance|[upkeep]\n|-damage|p2a: Pelipper|94\/100 brn|[from] brn\n|-sideend|p1: GameBored|Reflect\n|upkeep\n|turn|11\n|\n|t:|1699746159\n|switch|p1a: Grimmsnarl|Grimmsnarl, M, shiny|95\/100\n|move|p2a: Pelipper|U-turn|p1a: Grimmsnarl\n|-damage|p1a: Grimmsnarl|90\/100\n|\n|t:|1699746164\n|switch|p2a: Floatzel|Floatzel, M|92\/100|[from] U-turn\n|\n|-weather|RainDance|[upkeep]\n|upkeep\n|turn|12\n|\n|t:|1699746168\n|-terastallize|p2a: Floatzel|Water\n|move|p1a: Grimmsnarl|Reflect|p1a: Grimmsnarl\n|-sidestart|p1: GameBored|Reflect\n|move|p2a: Floatzel|Wave Crash|p1a: Grimmsnarl\n|-damage|p1a: Grimmsnarl|0 fnt\n|faint|p1a: Grimmsnarl\n|-damage|p2a: Floatzel|54\/100|[from] Recoil\n|\n|-weather|RainDance|[upkeep]\n|-fieldend|move: Psychic Terrain\n|upkeep\n|\n|t:|1699746177\n|switch|p1a: Cofagrigus|Cofagrigus, M, shiny|100\/100\n|turn|13\n|\n|t:|1699746181\n|switch|p2a: Ludicolo|Ludicolo, F|100\/100\n|move|p1a: Cofagrigus|Night Shade|p2a: Ludicolo\n|-damage|p2a: Ludicolo|70\/100\n|\n|-weather|RainDance|[upkeep]\n|-heal|p2a: Ludicolo|76\/100|[from] item: Leftovers\n|upkeep\n|turn|14\n|\n|t:|1699746188\n|move|p2a: Ludicolo|Weather Ball|p1a: Cofagrigus\n|-damage|p1a: Cofagrigus|37\/100\n|move|p1a: Cofagrigus|Memento|p2a: Ludicolo\n|-unboost|p2a: Ludicolo|atk|2\n|-unboost|p2a: Ludicolo|spa|2\n|faint|p1a: Cofagrigus\n|\n|-weather|RainDance|[upkeep]\n|-heal|p2a: Ludicolo|82\/100|[from] item: Leftovers\n|upkeep\n|\n|t:|1699746213\n|switch|p1a: Toxtricity|Toxtricity, M, shiny|100\/100\n|turn|15\n|\n|t:|1699746223\n|move|p2a: Ludicolo|Weather Ball|p1a: Toxtricity\n|-damage|p1a: Toxtricity|50\/100\n|move|p1a: Toxtricity|Shift Gear|p1a: Toxtricity\n|-boost|p1a: Toxtricity|spe|2\n|-boost|p1a: Toxtricity|atk|1\n|\n|-weather|RainDance|[upkeep]\n|-heal|p2a: Ludicolo|88\/100|[from] item: Leftovers\n|upkeep\n|turn|16\n|\n|t:|1699746231\n|move|p1a: Toxtricity|Sludge Wave|p2a: Ludicolo\n|-supereffective|p2a: Ludicolo\n|-damage|p2a: Ludicolo|0 fnt\n|faint|p2a: Ludicolo\n|\n|-weather|RainDance|[upkeep]\n|upkeep\n|\n|t:|1699746234\n|switch|p2a: Floatzel|Floatzel, M, tera:Water|54\/100\n|turn|17\n|\n|t:|1699746238\n|switch|p1a: Turtonator|Turtonator, M, shiny|100\/100\n|move|p2a: Floatzel|Wave Crash|p1a: Turtonator\n|-damage|p1a: Turtonator|14\/100\n|-damage|p2a: Floatzel|30\/100|[from] Recoil\n|\n|-weather|none\n|upkeep\n|turn|18\n|\n|t:|1699746246\n|move|p2a: Floatzel|Wave Crash|p1a: Turtonator\n|-damage|p1a: Turtonator|0 fnt\n|faint|p1a: Turtonator\n|-damage|p2a: Floatzel|27\/100|[from] Recoil\n|\n|upkeep\n|\n|t:|1699746250\n|switch|p1a: Sharpedo|Sharpedo, M, shiny|100\/100\n|turn|19\n|\n|t:|1699746254\n|switch|p2a: Pelipper|Pelipper, F|94\/100 brn\n|-weather|RainDance|[from] ability: Drizzle|[of] p2a: Pelipper\n|move|p1a: Sharpedo|Protect||[still]\n|-fail|p1a: Sharpedo\n|\n|-weather|RainDance|[upkeep]\n|-damage|p2a: Pelipper|88\/100 brn|[from] brn\n|-sideend|p1: GameBored|Reflect\n|-ability|p1a: Sharpedo|Speed Boost|boost\n|-boost|p1a: Sharpedo|spe|1\n|upkeep\n|turn|20\n|\n|t:|1699746261\n|move|p1a: Sharpedo|Protect|p1a: Sharpedo\n|-singleturn|p1a: Sharpedo|Protect\n|move|p2a: Pelipper|Tailwind|p2a: Pelipper\n|-sidestart|p2: figobello|move: Tailwind\n|\n|-weather|RainDance|[upkeep]\n|-damage|p2a: Pelipper|82\/100 brn|[from] brn\n|-ability|p1a: Sharpedo|Speed Boost|boost\n|-boost|p1a: Sharpedo|spe|1\n|upkeep\n|turn|21\n|\n|t:|1699746268\n|move|p1a: Sharpedo|Ice Fang|p2a: Pelipper\n|-damage|p2a: Pelipper|59\/100 brn\n|move|p2a: Pelipper|U-turn|p1a: Sharpedo\n|-supereffective|p1a: Sharpedo\n|-damage|p1a: Sharpedo|80\/100\n|\n|t:|1699746272\n|switch|p2a: Floatzel|Floatzel, M, tera:Water|27\/100|[from] U-turn\n|\n|-weather|RainDance|[upkeep]\n|-ability|p1a: Sharpedo|Speed Boost|boost\n|-boost|p1a: Sharpedo|spe|1\n|upkeep\n|turn|22\n|\n|t:|1699746276\n|move|p1a: Sharpedo|Protect|p1a: Sharpedo\n|-singleturn|p1a: Sharpedo|Protect\n|move|p2a: Floatzel|Wave Crash|p1a: Sharpedo\n|-activate|p1a: Sharpedo|move: Protect\n|\n|-weather|RainDance|[upkeep]\n|-ability|p1a: Sharpedo|Speed Boost|boost\n|-boost|p1a: Sharpedo|spe|1\n|upkeep\n|turn|23\n|\n|t:|1699746288\n|move|p1a: Sharpedo|Protect||[still]\n|-fail|p1a: Sharpedo\n|move|p2a: Floatzel|Wave Crash|p1a: Sharpedo\n|-resisted|p1a: Sharpedo\n|-damage|p1a: Sharpedo|0 fnt\n|faint|p1a: Sharpedo\n|-damage|p2a: Floatzel|3\/100|[from] Recoil\n|\n|-weather|RainDance|[upkeep]\n|-sideend|p2: figobello|move: Tailwind\n|upkeep\n|\n|t:|1699746291\n|switch|p1a: Toxtricity|Toxtricity, M, shiny|50\/100\n|turn|24\n|\n|t:|1699746303\n|move|p2a: Floatzel|Wave Crash|p1a: Toxtricity\n|-damage|p1a: Toxtricity|0 fnt\n|faint|p1a: Toxtricity\n|-damage|p2a: Floatzel|0 fnt|[from] Recoil\n|faint|p2a: Floatzel\n|\n|win|figobello\n|raw|GameBored's rating: 1384 &rarr; <strong>1369<\/strong><br \/>(-15 for losing)\n|raw|figobello's rating: 1471 &rarr; <strong>1486<\/strong><br \/>(+15 for winning)\n|l|\u203dGameBored\n|c|\u2606figobello|gg\n","uploadtime":1699746312,"views":14,"p1id":"gamebored","p2id":"figobello","formatid":"gen9nationaldex","rating":1369,"private":0,"password":""}