{"id":"gen9nationaldex-1992502859","p1":"FlyingSudowoodo","p2":"mtyqjltz5","format":"[Gen 9] National Dex","log":"|j|\u2606FlyingSudowoodo\n|j|\u2606mtyqjltz5\n|t:|1700195991\n|gametype|singles\n|player|p1|FlyingSudowoodo|cheren|1398\n|player|p2|mtyqjltz5|elesa|1418\n|teamsize|p1|6\n|teamsize|p2|6\n|gen|9\n|tier|[Gen 9] National Dex\n|rated|\n|rule|HP Percentage Mod: HP is shown in percentages\n|rule|Endless Battle Clause: Forcing endless battles is banned\n|rule|OHKO Clause: OHKO moves are banned\n|rule|Evasion Clause: Evasion abilities, items, and moves are banned\n|rule|Evasion Abilities Clause: Evasion abilities are banned\n|rule|Evasion Items Clause: Evasion items are banned\n|rule|Evasion Moves Clause: Evasion moves are banned\n|rule|Species Clause: Limit one of each Pok\u00e9mon\n|rule|Sleep Clause Mod: Limit one foe put to sleep\n|clearpoke\n|poke|p1|Banette, M|\n|poke|p1|Alomomola, F|\n|poke|p1|Clodsire, F|\n|poke|p1|Glimmora, F|\n|poke|p1|Tapu Lele|\n|poke|p1|Hawlucha, F|\n|poke|p2|Pidgeot, M|\n|poke|p2|Rotom-Wash|\n|poke|p2|Slowking-Galar, M|\n|poke|p2|Rillaboom, M|\n|poke|p2|Ceruledge, F|\n|poke|p2|Great Tusk|\n|teampreview\n|inactive|Battle timer is ON: inactive players will automatically lose when time's up. (requested by mtyqjltz5)\n|\n|t:|1700196005\n|start\n|switch|p1a: Glimmora|Glimmora, F|100\/100\n|switch|p2a: Pidgeot|Pidgeot, M, shiny|100\/100\n|-item|p1a: Glimmora|Air Balloon\n|turn|1\n|\n|t:|1700196011\n|detailschange|p2a: Pidgeot|Pidgeot-Mega, M, shiny\n|-mega|p2a: Pidgeot|Pidgeot|Pidgeotite\n|move|p2a: Pidgeot|U-turn|p1a: Glimmora\n|-resisted|p1a: Glimmora\n|-damage|p1a: Glimmora|94\/100\n|-activate|p1a: Glimmora|ability: Toxic Debris\n|-sidestart|p2: mtyqjltz5|move: Toxic Spikes\n|-enditem|p1a: Glimmora|Air Balloon\n|\n|t:|1700196016\n|switch|p2a: Slowking|Slowking-Galar, M, shiny|100\/100|[from] U-turn\n|-sideend|p2: mtyqjltz5|move: Toxic Spikes|[of] p2a: Slowking\n|move|p1a: Glimmora|Power Gem|p2a: Slowking\n|-damage|p2a: Slowking|77\/100\n|\n|upkeep\n|turn|2\n|\n|t:|1700196028\n|switch|p1a: Clodsire|Clodsire, F|100\/100\n|move|p2a: Slowking|Future Sight|p1a: Clodsire\n|-start|p2a: Slowking|move: Future Sight\n|\n|upkeep\n|turn|3\n|\n|t:|1700196034\n|move|p2a: Slowking|Chilly Reception|p2a: Slowking\n|-weather|Snow\n|\n|t:|1700196041\n|switch|p2a: Great Tusk|Great Tusk|100\/100|[from] Chilly Reception\n|move|p1a: Clodsire|Stealth Rock|p2a: Great Tusk\n|-sidestart|p2: mtyqjltz5|move: Stealth Rock\n|\n|-weather|Snow|[upkeep]\n|upkeep\n|turn|4\n|\n|t:|1700196062\n|switch|p1a: Glimmora|Glimmora, F|94\/100\n|move|p2a: Great Tusk|Rapid Spin|p1a: Glimmora\n|-resisted|p1a: Glimmora\n|-damage|p1a: Glimmora|84\/100\n|-boost|p2a: Great Tusk|spe|1\n|-activate|p1a: Glimmora|ability: Toxic Debris\n|-sidestart|p2: mtyqjltz5|move: Toxic Spikes\n|-sideend|p2: mtyqjltz5|Toxic Spikes|[from] move: Rapid Spin|[of] p2a: Great Tusk\n|-sideend|p2: mtyqjltz5|Stealth Rock|[from] move: Rapid Spin|[of] p2a: Great Tusk\n|\n|-weather|Snow|[upkeep]\n|-end|p1a: Glimmora|move: Future Sight\n|-supereffective|p1a: Glimmora\n|-damage|p1a: Glimmora|0 fnt\n|faint|p1a: Glimmora\n|upkeep\n|inactive|FlyingSudowoodo has 120 seconds left.\n|\n|t:|1700196077\n|switch|p1a: Banette|Banette, M|100\/100\n|turn|5\n|\n|t:|1700196085\n|-end|p2a: Great Tusk|Protosynthesis|[silent]\n|switch|p2a: Pidgeot|Pidgeot-Mega, M, shiny|100\/100\n|detailschange|p1a: Banette|Banette-Mega, M\n|-mega|p1a: Banette|Banette|Banettite\n|move|p1a: Banette|Encore||[still]\n|-fail|p1a: Banette\n|\n|-weather|Snow|[upkeep]\n|upkeep\n|turn|6\n|\n|t:|1700196092\n|move|p2a: Pidgeot|Hurricane|p1a: Banette\n|-damage|p1a: Banette|16\/100\n|move|p1a: Banette|Pursuit|p2a: Pidgeot\n|-damage|p2a: Pidgeot|75\/100\n|\n|-weather|Snow|[upkeep]\n|upkeep\n|turn|7\n|\n|t:|1700196103\n|move|p1a: Banette|Destiny Bond|p1a: Banette\n|-singlemove|p1a: Banette|Destiny Bond\n|move|p2a: Pidgeot|U-turn|p1a: Banette\n|-resisted|p1a: Banette\n|-damage|p1a: Banette|6\/100\n|\n|t:|1700196119\n|switch|p2a: Rotom|Rotom-Wash, shiny|100\/100|[from] U-turn\n|\n|-weather|none\n|upkeep\n|turn|8\n|\n|t:|1700196129\n|move|p1a: Banette|Poltergeist|p2a: Rotom\n|-activate|p2a: Rotom|move: Poltergeist|Leftovers\n|-damage|p2a: Rotom|46\/100\n|move|p2a: Rotom|Will-O-Wisp|p1a: Banette\n|-status|p1a: Banette|brn\n|\n|-heal|p2a: Rotom|52\/100|[from] item: Leftovers\n|-damage|p1a: Banette|0 fnt|[from] brn\n|faint|p1a: Banette\n|upkeep\n|\n|t:|1700196139\n|switch|p1a: Tapu Lele|Tapu Lele|100\/100\n|-fieldstart|move: Psychic Terrain|[from] ability: Psychic Surge|[of] p1a: Tapu Lele\n|turn|9\n|\n|t:|1700196153\n|switch|p2a: Slowking|Slowking-Galar, M, shiny|100\/100\n|-terastallize|p1a: Tapu Lele|Psychic\n|move|p1a: Tapu Lele|Psychic|p2a: Slowking\n|-damage|p2a: Slowking|49\/100\n|\n|upkeep\n|turn|10\n|\n|t:|1700196163\n|-terastallize|p2a: Slowking|Dark\n|move|p1a: Tapu Lele|Psychic|p2a: Slowking\n|-immune|p2a: Slowking\n|move|p2a: Slowking|Future Sight|p1a: Tapu Lele\n|-start|p2a: Slowking|move: Future Sight\n|\n|upkeep\n|turn|11\n|\n|t:|1700196174\n|switch|p1a: Clodsire|Clodsire, F|100\/100\n|move|p2a: Slowking|Thunder Wave|p1a: Clodsire\n|-immune|p1a: Clodsire\n|\n|upkeep\n|turn|12\n|\n|t:|1700196188\n|switch|p2a: Great Tusk|Great Tusk|100\/100\n|move|p1a: Clodsire|Stealth Rock|p2a: Great Tusk\n|-sidestart|p2: mtyqjltz5|move: Stealth Rock\n|\n|-end|p1a: Clodsire|move: Future Sight\n|-supereffective|p1a: Clodsire\n|-damage|p1a: Clodsire|40\/100\n|-heal|p1a: Clodsire|46\/100|[from] item: Leftovers\n|upkeep\n|turn|13\n|\n|t:|1700196196\n|switch|p1a: Alomomola|Alomomola, F|100\/100\n|move|p2a: Great Tusk|Rapid Spin|p1a: Alomomola\n|-damage|p1a: Alomomola|89\/100\n|-boost|p2a: Great Tusk|spe|1\n|-sideend|p2: mtyqjltz5|Stealth Rock|[from] move: Rapid Spin|[of] p2a: Great Tusk\n|\n|-fieldend|move: Psychic Terrain\n|upkeep\n|turn|14\n|\n|t:|1700196206\n|-end|p2a: Great Tusk|Protosynthesis|[silent]\n|switch|p2a: Rillaboom|Rillaboom, M|100\/100\n|-fieldstart|move: Grassy Terrain|[from] ability: Grassy Surge|[of] p2a: Rillaboom\n|move|p1a: Alomomola|Wish|p1a: Alomomola\n|\n|-heal|p1a: Alomomola|96\/100|[from] Grassy Terrain\n|upkeep\n|turn|15\n|\n|t:|1700196221\n|switch|p1a: Hawlucha|Hawlucha, F|100\/100\n|move|p2a: Rillaboom|Wood Hammer|p1a: Hawlucha\n|-resisted|p1a: Hawlucha\n|-damage|p1a: Hawlucha|19\/100\n|-damage|p2a: Rillaboom|72\/100|[from] Recoil\n|\n|-heal|p1a: Hawlucha|85\/100|[from] move: Wish|[wisher] Alomomola\n|-heal|p2a: Rillaboom|79\/100|[from] Grassy Terrain\n|upkeep\n|turn|16\n|\n|t:|1700196236\n|move|p1a: Hawlucha|Acrobatics|p2a: Rillaboom\n|-supereffective|p2a: Rillaboom\n|-damage|p2a: Rillaboom|26\/100\n|move|p2a: Rillaboom|Wood Hammer|p1a: Hawlucha\n|-resisted|p1a: Hawlucha\n|-damage|p1a: Hawlucha|4\/100\n|-damage|p2a: Rillaboom|0 fnt|[from] Recoil\n|faint|p2a: Rillaboom\n|\n|upkeep\n|\n|t:|1700196245\n|switch|p2a: Ceruledge|Ceruledge, F|100\/100\n|turn|17\n|\n|t:|1700196251\n|switch|p1a: Alomomola|Alomomola, F|100\/100\n|move|p2a: Ceruledge|Swords Dance|p2a: Ceruledge\n|-boost|p2a: Ceruledge|atk|2\n|\n|upkeep\n|turn|18\n|\n|t:|1700196257\n|move|p2a: Ceruledge|Poltergeist|p1a: Alomomola\n|-activate|p1a: Alomomola|move: Poltergeist|Heavy-Duty Boots\n|-damage|p1a: Alomomola|31\/100\n|move|p1a: Alomomola|Toxic|p2a: Ceruledge\n|-status|p2a: Ceruledge|tox\n|\n|-heal|p1a: Alomomola|37\/100|[from] Grassy Terrain\n|-damage|p2a: Ceruledge|94\/100 tox|[from] psn\n|-fieldend|move: Grassy Terrain\n|upkeep\n|turn|19\n|\n|t:|1700196268\n|switch|p1a: Clodsire|Clodsire, F|46\/100\n|move|p2a: Ceruledge|Poltergeist|p1a: Clodsire\n|-activate|p1a: Clodsire|move: Poltergeist|Leftovers\n|-damage|p1a: Clodsire|0 fnt\n|faint|p1a: Clodsire\n|\n|-damage|p2a: Ceruledge|82\/100 tox|[from] psn\n|upkeep\n|\n|t:|1700196278\n|switch|p1a: Alomomola|Alomomola, F|70\/100\n|turn|20\n|\n|t:|1700196296\n|move|p1a: Alomomola|Protect|p1a: Alomomola\n|-singleturn|p1a: Alomomola|Protect\n|move|p2a: Ceruledge|Poltergeist|p1a: Alomomola\n|-activate|p1a: Alomomola|move: Protect\n|\n|-damage|p2a: Ceruledge|63\/100 tox|[from] psn\n|upkeep\n|turn|21\n|\n|t:|1700196305\n|move|p2a: Ceruledge|Poltergeist|p1a: Alomomola\n|-activate|p1a: Alomomola|move: Poltergeist|Heavy-Duty Boots\n|-damage|p1a: Alomomola|0 fnt\n|faint|p1a: Alomomola\n|\n|-damage|p2a: Ceruledge|39\/100 tox|[from] psn\n|upkeep\n|\n|t:|1700196312\n|switch|p1a: Tapu Lele|Tapu Lele, tera:Psychic|100\/100\n|-fieldstart|move: Psychic Terrain|[from] ability: Psychic Surge|[of] p1a: Tapu Lele\n|turn|22\n|\n|t:|1700196321\n|switch|p2a: Great Tusk|Great Tusk|100\/100\n|move|p1a: Tapu Lele|Psychic|p2a: Great Tusk\n|-supereffective|p2a: Great Tusk\n|-damage|p2a: Great Tusk|0 fnt\n|faint|p2a: Great Tusk\n|-end|p2a: Great Tusk|Protosynthesis|[silent]\n|\n|upkeep\n|\n|t:|1700196326\n|switch|p2a: Slowking|Slowking-Galar, M, shiny, tera:Dark|82\/100\n|turn|23\n|\n|t:|1700196332\n|switch|p1a: Hawlucha|Hawlucha, F|4\/100\n|-enditem|p1a: Hawlucha|Psychic Seed\n|-boost|p1a: Hawlucha|spd|1|[from] item: Psychic Seed\n|move|p2a: Slowking|Sludge Bomb|p1a: Hawlucha\n|-damage|p1a: Hawlucha|0 fnt\n|faint|p1a: Hawlucha\n|\n|upkeep\n|\n|t:|1700196339\n|switch|p1a: Tapu Lele|Tapu Lele, tera:Psychic|100\/100\n|turn|24\n|\n|t:|1700196349\n|move|p1a: Tapu Lele|Moonblast|p2a: Slowking\n|-supereffective|p2a: Slowking\n|-damage|p2a: Slowking|24\/100\n|-unboost|p2a: Slowking|spa|1\n|move|p2a: Slowking|Thunder Wave|p1a: Tapu Lele\n|-status|p1a: Tapu Lele|par\n|\n|upkeep\n|turn|25\n|\n|t:|1700196356\n|move|p1a: Tapu Lele|Moonblast|p2a: Slowking\n|-supereffective|p2a: Slowking\n|-damage|p2a: Slowking|0 fnt\n|faint|p2a: Slowking\n|\n|upkeep\n|\n|t:|1700196358\n|switch|p2a: Pidgeot|Pidgeot-Mega, M, shiny|75\/100\n|turn|26\n|\n|t:|1700196362\n|move|p2a: Pidgeot|Hurricane|p1a: Tapu Lele\n|-damage|p1a: Tapu Lele|36\/100 par\n|move|p1a: Tapu Lele|Moonblast|p2a: Pidgeot\n|-damage|p2a: Pidgeot|7\/100\n|\n|-fieldend|move: Psychic Terrain\n|upkeep\n|turn|27\n|\n|t:|1700196368\n|move|p2a: Pidgeot|Hurricane|p1a: Tapu Lele\n|-damage|p1a: Tapu Lele|0 fnt\n|faint|p1a: Tapu Lele\n|\n|win|mtyqjltz5\n|raw|FlyingSudowoodo's rating: 1398 &rarr; <strong>1379<\/strong><br \/>(-19 for losing)\n|raw|mtyqjltz5's rating: 1418 &rarr; <strong>1437<\/strong><br \/>(+19 for winning)\n|l|\u2606FlyingSudowoodo\n","uploadtime":1700196380,"views":5,"p1id":"flyingsudowoodo","p2id":"mtyqjltz5","formatid":"gen9nationaldex","rating":1379,"private":0,"password":""}