{"id":"gen9nationaldex-1998227217","p1":"DJRRRR","p2":"try try something","format":"[Gen 9] National Dex","log":"|html|<div class=\"broadcast-blue\"><strong>[Gen 9] National Dex is currently suspecting Sneasler! For information on how to participate check out the <a href=\"https:\/\/www.smogon.com\/forums\/threads\/sv-national-dex-suspect-8-just-dance.3731534\/\">suspect thread<\/a>.<\/strong><\/div>\n|j|\u2606DJRRRR\n|j|\u2606try try something\n|t:|1700916153\n|gametype|singles\n|player|p1|DJRRRR|2|1394\n|player|p2|try try something|red|1327\n|teamsize|p1|6\n|teamsize|p2|4\n|gen|9\n|tier|[Gen 9] National Dex\n|rated|\n|rule|HP Percentage Mod: HP is shown in percentages\n|rule|Endless Battle Clause: Forcing endless battles is banned\n|rule|OHKO Clause: OHKO moves are banned\n|rule|Evasion Clause: Evasion abilities, items, and moves are banned\n|rule|Evasion Abilities Clause: Evasion abilities are banned\n|rule|Evasion Items Clause: Evasion items are banned\n|rule|Evasion Moves Clause: Evasion moves are banned\n|rule|Species Clause: Limit one of each Pok\u00e9mon\n|rule|Sleep Clause Mod: Limit one foe put to sleep\n|clearpoke\n|poke|p1|Diancie|\n|poke|p1|Urshifu-*, F|\n|poke|p1|Hoopa-Unbound|\n|poke|p1|Dragonite, F|\n|poke|p1|Rillaboom, M|\n|poke|p1|Alomomola, M|\n|poke|p2|Zygarde-10%|\n|poke|p2|Latias, F|\n|poke|p2|Heatran, M|\n|poke|p2|Pinsir, M|\n|teampreview\n|inactive|Battle timer is ON: inactive players will automatically lose when time's up. (requested by try try something)\n|\n|t:|1700916166\n|start\n|switch|p1a: Diancie|Diancie|100\/100\n|switch|p2a: Latias|Latias, F|100\/100\n|turn|1\n|\n|t:|1700916176\n|detailschange|p1a: Diancie|Diancie-Mega\n|-mega|p1a: Diancie|Diancie|Diancite\n|move|p1a: Diancie|Moonblast|p2a: Latias\n|-supereffective|p2a: Latias\n|-damage|p2a: Latias|16\/100\n|-enditem|p2a: Latias|Eject Button\n|\n|t:|1700916187\n|switch|p2a: Heatran|Heatran, M|100\/100\n|\n|upkeep\n|turn|2\n|\n|t:|1700916197\n|switch|p1a: Alomomola|Alomomola, M|100\/100\n|move|p2a: Heatran|Flash Cannon|p1a: Alomomola\n|-resisted|p1a: Alomomola\n|-damage|p1a: Alomomola|79\/100\n|\n|upkeep\n|turn|3\n|\n|t:|1700916205\n|move|p2a: Heatran|Stealth Rock|p1a: Alomomola\n|-sidestart|p1: DJRRRR|move: Stealth Rock\n|move|p1a: Alomomola|Flip Turn|p2a: Heatran\n|-supereffective|p2a: Heatran\n|-damage|p2a: Heatran|73\/100\n|\n|t:|1700916213\n|switch|p1a: Urshifu|Urshifu-Rapid-Strike, F|100\/100|[from] Flip Turn\n|-damage|p1a: Urshifu|94\/100|[from] Stealth Rock\n|\n|-heal|p2a: Heatran|79\/100|[from] item: Leftovers\n|upkeep\n|turn|4\n|\n|t:|1700916234\n|switch|p2a: Latias|Latias, F|16\/100\n|move|p1a: Urshifu|Surging Strikes|p2a: Latias\n|-resisted|p2a: Latias\n|-crit|p2a: Latias\n|-damage|p2a: Latias|7\/100\n|-resisted|p2a: Latias\n|-crit|p2a: Latias\n|-damage|p2a: Latias|0 fnt\n|faint|p2a: Latias\n|-hitcount|p2: Latias|2\n|\n|upkeep\n|\n|t:|1700916237\n|switch|p2a: Pinsir|Pinsir, M|100\/100\n|turn|5\n|\n|t:|1700916242\n|switch|p1a: Alomomola|Alomomola, M|100\/100\n|detailschange|p2a: Pinsir|Pinsir-Mega, M\n|-mega|p2a: Pinsir|Pinsir|Pinsirite\n|move|p2a: Pinsir|Quick Attack|p1a: Alomomola\n|-damage|p1a: Alomomola|83\/100\n|\n|upkeep\n|turn|6\n|\n|t:|1700916258\n|move|p2a: Pinsir|Swords Dance|p2a: Pinsir\n|-boost|p2a: Pinsir|atk|2\n|move|p1a: Alomomola|Flip Turn|p2a: Pinsir\n|-damage|p2a: Pinsir|81\/100\n|\n|t:|1700916261\n|switch|p1a: Diancie|Diancie-Mega|100\/100|[from] Flip Turn\n|-damage|p1a: Diancie|88\/100|[from] Stealth Rock\n|\n|upkeep\n|turn|7\n|\n|t:|1700916267\n|move|p2a: Pinsir|Quick Attack|p1a: Diancie\n|-resisted|p1a: Diancie\n|-damage|p1a: Diancie|49\/100\n|move|p1a: Diancie|Diamond Storm|p2a: Pinsir\n|-supereffective|p2a: Pinsir\n|-damage|p2a: Pinsir|0 fnt\n|-boost|p1a: Diancie|def|2\n|faint|p2a: Pinsir\n|\n|upkeep\n|\n|t:|1700916274\n|switch|p2a: Heatran|Heatran, M|79\/100\n|turn|8\n|\n|t:|1700916277\n|move|p1a: Diancie|Earth Power|p2a: Heatran\n|-supereffective|p2a: Heatran\n|-damage|p2a: Heatran|0 fnt\n|faint|p2a: Heatran\n|\n|upkeep\n|\n|t:|1700916293\n|switch|p2a: Zygarde|Zygarde-10%|100\/100\n|-ability|p2a: Zygarde|Aura Break\n|turn|9\n|\n|t:|1700916302\n|switch|p1a: Rillaboom|Rillaboom, M|100\/100\n|-damage|p1a: Rillaboom|88\/100|[from] Stealth Rock\n|-fieldstart|move: Grassy Terrain|[from] ability: Grassy Surge|[of] p1a: Rillaboom\n|move|p2a: Zygarde|Thousand Arrows|p1a: Rillaboom\n|-resisted|p1a: Rillaboom\n|-damage|p1a: Rillaboom|56\/100\n|\n|-heal|p1a: Rillaboom|62\/100|[from] Grassy Terrain\n|upkeep\n|turn|10\n|\n|t:|1700916312\n|-terastallize|p1a: Rillaboom|Grass\n|move|p2a: Zygarde|Thousand Arrows|p1a: Rillaboom\n|-resisted|p1a: Rillaboom\n|-damage|p1a: Rillaboom|28\/100\n|move|p1a: Rillaboom|Wood Hammer|p2a: Zygarde\n|-damage|p2a: Zygarde|0 fnt\n|faint|p2a: Zygarde\n|-damage|p1a: Rillaboom|4\/100|[from] Recoil\n|\n|win|DJRRRR\n|raw|DJRRRR's rating: 1394 &rarr; <strong>1410<\/strong><br \/>(+16 for winning)\n|raw|try try something's rating: 1327 &rarr; <strong>1311<\/strong><br \/>(-16 for losing)\n","uploadtime":1700916317,"views":5,"p1id":"djrrrr","p2id":"trytrysomething","formatid":"gen9nationaldex","rating":1311,"private":0,"password":""}