{"id":"gen9nationaldex-1987207500","p1":"chilldrake110","p2":"jphann","format":"[Gen 9] National Dex","log":"|j|\u2606chilldrake110\n|j|\u2606jphann\n|t:|1699565313\n|gametype|singles\n|player|p1|chilldrake110|170|\n|player|p2|jphann|101|\n|teamsize|p1|6\n|teamsize|p2|6\n|gen|9\n|tier|[Gen 9] National Dex\n|rule|HP Percentage Mod: HP is shown in percentages\n|rule|Endless Battle Clause: Forcing endless battles is banned\n|rule|OHKO Clause: OHKO moves are banned\n|rule|Evasion Clause: Evasion abilities, items, and moves are banned\n|rule|Evasion Abilities Clause: Evasion abilities are banned\n|rule|Evasion Items Clause: Evasion items are banned\n|rule|Evasion Moves Clause: Evasion moves are banned\n|rule|Species Clause: Limit one of each Pok\u00e9mon\n|rule|Sleep Clause Mod: Limit one foe put to sleep\n|clearpoke\n|poke|p1|Wyrdeer, F|\n|poke|p1|Sneasler, M|\n|poke|p1|Enamorus, F|\n|poke|p1|Typhlosion-Hisui, M|\n|poke|p1|Zoroark-Hisui, F|\n|poke|p1|Arcanine-Hisui, M|\n|poke|p2|Zoroark, F|\n|poke|p2|Lycanroc-Midnight, M|\n|poke|p2|Umbreon, M|\n|poke|p2|Crobat, F|\n|poke|p2|Lucario, F|\n|poke|p2|Silvally-*|\n|teampreview\n|j| Jose307505\n|\n|t:|1699565362\n|start\n|switch|p1a: Wyrdeer|Wyrdeer, F|100\/100\n|switch|p2a: Umbreon|Umbreon, M, shiny|100\/100\n|-ability|p1a: Wyrdeer|Intimidate|boost\n|-unboost|p2a: Umbreon|atk|1\n|turn|1\n|j| Vaictador\n|j| flavitoes\n|j| MIH zelkeo\n|c| flavitoes|ola\n|\n|t:|1699565377\n|move|p2a: Umbreon|Toxic|p1a: Wyrdeer\n|-status|p1a: Wyrdeer|tox\n|move|p1a: Wyrdeer|Psyshock|p2a: Umbreon\n|-immune|p2a: Umbreon\n|\n|-damage|p1a: Wyrdeer|94\/100 tox|[from] psn\n|upkeep\n|turn|2\n|c| Vaictador|Ojo\n|l| flavitoes\n|\n|t:|1699565384\n|move|p2a: Umbreon|Foul Play|p1a: Wyrdeer\n|-supereffective|p1a: Wyrdeer\n|-damage|p1a: Wyrdeer|30\/100 tox\n|move|p1a: Wyrdeer|Thunderbolt|p2a: Umbreon\n|-damage|p2a: Umbreon|84\/100\n|\n|-heal|p2a: Umbreon|90\/100|[from] item: Leftovers\n|-damage|p1a: Wyrdeer|18\/100 tox|[from] psn\n|upkeep\n|-enditem|p1a: Wyrdeer|Aguav Berry|[eat]\n|-heal|p1a: Wyrdeer|51\/100 tox|[from] item: Aguav Berry\n|turn|3\n|c| Jose307505|Vaya cagadon\n|\n|t:|1699565395\n|switch|p1a: Sneasler|Sneasler, M|100\/100\n|move|p2a: Umbreon|Foul Play|p1a: Sneasler\n|-resisted|p1a: Sneasler\n|-damage|p1a: Sneasler|62\/100\n|\n|-heal|p2a: Umbreon|96\/100|[from] item: Leftovers\n|upkeep\n|turn|4\n|\n|t:|1699565408\n|switch|p2a: Crobat|Crobat, F|100\/100\n|move|p1a: Sneasler|Close Combat|p2a: Crobat\n|-resisted|p2a: Crobat\n|-crit|p2a: Crobat\n|-damage|p2a: Crobat|70\/100\n|-unboost|p1a: Sneasler|def|1\n|-unboost|p1a: Sneasler|spd|1\n|\n|upkeep\n|turn|5\n|j| flavitoes\n|\n|t:|1699565420\n|move|p2a: Crobat|Brave Bird|p1a: Sneasler\n|-supereffective|p1a: Sneasler\n|-damage|p1a: Sneasler|0 fnt\n|faint|p1a: Sneasler\n|-damage|p2a: Crobat|51\/100|[from] Recoil\n|\n|upkeep\n|\n|t:|1699565424\n|switch|p1a: Wyrdeer|Wyrdeer, F|51\/100 tox\n|-ability|p1a: Wyrdeer|Intimidate|boost\n|-unboost|p2a: Crobat|atk|1\n|turn|6\n|\n|t:|1699565429\n|move|p2a: Crobat|U-turn|p1a: Wyrdeer\n|-supereffective|p1a: Wyrdeer\n|-damage|p1a: Wyrdeer|24\/100 tox\n|c| MIH zelkeo|DALEEEE JOHAAANNN\n|\n|t:|1699565432\n|switch|p2a: Umbreon|Umbreon, M, shiny|96\/100|[from] U-turn\n|move|p1a: Wyrdeer|Thunderbolt|p2a: Umbreon\n|-damage|p2a: Umbreon|79\/100\n|\n|-heal|p2a: Umbreon|86\/100|[from] item: Leftovers\n|-damage|p1a: Wyrdeer|18\/100 tox|[from] psn\n|upkeep\n|turn|7\n|c| MIH zelkeo|ESTE NO SABE DALEEEE\n|\n|t:|1699565441\n|-terastallize|p1a: Wyrdeer|Normal\n|move|p2a: Umbreon|Foul Play|p1a: Wyrdeer\n|-damage|p1a: Wyrdeer|0 fnt\n|faint|p1a: Wyrdeer\n|\n|-heal|p2a: Umbreon|92\/100|[from] item: Leftovers\n|upkeep\n|\n|t:|1699565445\n|switch|p1a: Typhlosion|Typhlosion-Hisui, M|100\/100\n|-item|p2a: Umbreon|Leftovers|[from] ability: Frisk|[of] p1a: Typhlosion|[identify]\n|turn|8\n|c| MIH zelkeo|TIENE MIEEEEDOO\n|\n|t:|1699565450\n|move|p1a: Typhlosion|Shadow Ball|p2a: Umbreon\n|-resisted|p2a: Umbreon\n|-damage|p2a: Umbreon|81\/100\n|-unboost|p2a: Umbreon|spd|1\n|move|p2a: Umbreon|Toxic|p1a: Typhlosion\n|-status|p1a: Typhlosion|tox\n|\n|-heal|p2a: Umbreon|87\/100|[from] item: Leftovers\n|-damage|p1a: Typhlosion|95\/100 tox|[from] psn\n|upkeep\n|turn|9\n|c| MIH zelkeo|EL SANTI TIENE MIEEEEDO\n|\n|t:|1699565457\n|switch|p1a: Enamorus|Enamorus, F|100\/100\n|move|p2a: Umbreon|Foul Play|p1a: Enamorus\n|-resisted|p1a: Enamorus\n|-damage|p1a: Enamorus|66\/100\n|-start|p2a: Umbreon|Attract|[from] ability: Cute Charm|[of] p1a: Enamorus\n|\n|-heal|p2a: Umbreon|93\/100|[from] item: Leftovers\n|upkeep\n|turn|10\n|c| Jose307505|Puta\n|c| flavitoes|bueno\n|\n|t:|1699565470\n|switch|p2a: Crobat|Crobat, F|51\/100\n|move|p1a: Enamorus|Moonblast|p2a: Crobat\n|-resisted|p2a: Crobat\n|-damage|p2a: Crobat|10\/100\n|-damage|p1a: Enamorus|56\/100|[from] item: Life Orb\n|\n|upkeep\n|turn|11\n|\n|t:|1699565477\n|move|p2a: Crobat|Brave Bird|p1a: Enamorus\n|-damage|p1a: Enamorus|0 fnt\n|faint|p1a: Enamorus\n|-damage|p2a: Crobat|0 fnt|[from] Recoil\n|faint|p2a: Crobat\n|\n|upkeep\n|\n|t:|1699565487\n|switch|p2a: Umbreon|Umbreon, M, shiny|93\/100\n|switch|p1a: Typhlosion|Typhlosion-Hisui, M|95\/100 tox\n|-item|p2a: Umbreon|Leftovers|[from] ability: Frisk|[of] p1a: Typhlosion|[identify]\n|turn|12\n|c| MIH zelkeo|Q BUENA\n|inactive|Battle timer is ON: inactive players will automatically lose when time's up. (requested by jphann)\n|\n|t:|1699565493\n|move|p1a: Typhlosion|Tera Blast|p2a: Umbreon\n|-damage|p2a: Umbreon|79\/100\n|move|p2a: Umbreon|Foul Play|p1a: Typhlosion\n|-supereffective|p1a: Typhlosion\n|-damage|p1a: Typhlosion|31\/100 tox\n|\n|-heal|p2a: Umbreon|85\/100|[from] item: Leftovers\n|-damage|p1a: Typhlosion|25\/100 tox|[from] psn\n|upkeep\n|turn|13\n|c| MIH zelkeo|1X1\n|\n|t:|1699565502\n|switch|p1a: Arcanine|Arcanine-Hisui, M, shiny|100\/100\n|move|p2a: Umbreon|Foul Play|p1a: Arcanine\n|-damage|p1a: Arcanine|42\/100\n|\n|-heal|p2a: Umbreon|91\/100|[from] item: Leftovers\n|upkeep\n|turn|14\n|c| Vaictador|JPHANN TE AMO\n|\n|t:|1699565509\n|move|p1a: Arcanine|Head Smash|p2a: Umbreon\n|-damage|p2a: Umbreon|38\/100\n|move|p2a: Umbreon|Foul Play|p1a: Arcanine\n|-damage|p1a: Arcanine|0 fnt\n|faint|p1a: Arcanine\n|\n|-heal|p2a: Umbreon|44\/100|[from] item: Leftovers\n|upkeep\n|\n|t:|1699565512\n|switch|p1a: Typhlosion|Typhlosion-Hisui, M|25\/100 tox\n|-item|p2a: Umbreon|Leftovers|[from] ability: Frisk|[of] p1a: Typhlosion|[identify]\n|turn|15\n|c| flavitoes|Umbreon solos\n|\n|t:|1699565515\n|move|p1a: Typhlosion|Shadow Ball|p2a: Umbreon\n|-resisted|p2a: Umbreon\n|-damage|p2a: Umbreon|32\/100\n|move|p2a: Umbreon|Foul Play|p1a: Typhlosion\n|-supereffective|p1a: Typhlosion\n|-damage|p1a: Typhlosion|0 fnt\n|faint|p1a: Typhlosion\n|\n|-heal|p2a: Umbreon|38\/100|[from] item: Leftovers\n|upkeep\n|\n|t:|1699565518\n|switch|p1a: Zoroark|Zoroark-Hisui, F|100\/100\n|turn|16\n|\n|t:|1699565522\n|move|p1a: Zoroark|Focus Blast|p2a: Umbreon\n|-supereffective|p2a: Umbreon\n|-damage|p2a: Umbreon|0 fnt\n|faint|p2a: Umbreon\n|\n|upkeep\n|\n|t:|1699565529\n|switch|p2a: Lucario|Lucario, F, shiny|100\/100\n|turn|17\n|\n|t:|1699565533\n|move|p1a: Zoroark|Shadow Ball|p2a: Lucario\n|-resisted|p2a: Lucario\n|-crit|p2a: Lucario\n|-damage|p2a: Lucario|41\/100\n|-unboost|p2a: Lucario|spd|1\n|replace|p2a: Zoroark|Zoroark, F, shiny\n|-end|p2a: Zoroark|Illusion\n|move|p2a: Zoroark|Dark Pulse|p1a: Zoroark\n|-supereffective|p1a: Zoroark\n|-damage|p1a: Zoroark|0 fnt\n|faint|p1a: Zoroark\n|\n|win|jphann\n|l|\u2606chilldrake110\n|c| flavitoes|se puede decir que jphan est\u00e1 en su prime?\n|c| Vaictador|JPHANN TE AMO\n|c| MIH zelkeo|Y DALE DALE OLD\n|c| Vaictador|ESA ES\n|c| Vaictador|VAMOOOOO\n|c| MIH zelkeo|Y DALE OOOOLDD Y DALE OLDD\n|l| Jose307505\n|c| Vaictador|YO SIEMPRE CONFI\u00c9\n|c| Vaictador|ESE ES MI JPHANN JODER\n|c| MIH zelkeo|CONFIAMOS\n|l| flavitoes\n","uploadtime":1699565548,"views":19,"p1id":"chilldrake110","p2id":"jphann","formatid":"gen9nationaldex","rating":0,"private":0,"password":""}