{"id":"gen9nationaldex-1988123952","p1":"Jam20Jam","p2":"Dono_XD","format":"[Gen 9] National Dex","log":"|j|\u2606Jam20Jam\n|j|\u2606Dono_XD\n|t:|1699672515\n|gametype|singles\n|player|p1|Jam20Jam|carmine|\n|player|p2|Dono_XD|nate|\n|teamsize|p1|6\n|teamsize|p2|6\n|gen|9\n|tier|[Gen 9] National Dex\n|rule|HP Percentage Mod: HP is shown in percentages\n|rule|Endless Battle Clause: Forcing endless battles is banned\n|rule|OHKO Clause: OHKO moves are banned\n|rule|Evasion Clause: Evasion abilities, items, and moves are banned\n|rule|Evasion Abilities Clause: Evasion abilities are banned\n|rule|Evasion Items Clause: Evasion items are banned\n|rule|Evasion Moves Clause: Evasion moves are banned\n|rule|Species Clause: Limit one of each Pok\u00e9mon\n|rule|Sleep Clause Mod: Limit one foe put to sleep\n|clearpoke\n|poke|p1|Amoonguss, F|\n|poke|p1|Skeledirge, M|\n|poke|p1|Grimer-Alola, F|\n|poke|p1|Coalossal, M|\n|poke|p1|Veluza, F|\n|poke|p1|Cetitan, F|\n|poke|p2|Corviknight, M|\n|poke|p2|Gengar, M|\n|poke|p2|Decidueye-Hisui, F|\n|poke|p2|Sableye, M|\n|poke|p2|Dugtrio, M|\n|poke|p2|Jigglypuff, M|\n|teampreview\n|\n|t:|1699672573\n|start\n|switch|p1a: Grimer|Grimer-Alola, F|100\/100\n|switch|p2a: I smell pennies|Sableye, M|100\/100\n|turn|1\n|\n|t:|1699672581\n|move|p2a: I smell pennies|Knock Off|p1a: Grimer\n|-resisted|p1a: Grimer\n|-damage|p1a: Grimer|86\/100\n|-enditem|p1a: Grimer|Eviolite|[from] move: Knock Off|[of] p2a: I smell pennies\n|move|p1a: Grimer|Knock Off|p2a: I smell pennies\n|-damage|p2a: I smell pennies|62\/100\n|-enditem|p2a: I smell pennies|Light Clay|[from] move: Knock Off|[of] p1a: Grimer\n|\n|upkeep\n|turn|2\n|\n|t:|1699672598\n|switch|p2a: Jiggle on dat puff|Jigglypuff, M, shiny|100\/100\n|move|p1a: Grimer|Knock Off|p2a: Jiggle on dat puff\n|-resisted|p2a: Jiggle on dat puff\n|-damage|p2a: Jiggle on dat puff|84\/100\n|-status|p2a: Jiggle on dat puff|psn|[from] ability: Poison Touch|[of] p1a: Grimer\n|-enditem|p2a: Jiggle on dat puff|Eviolite|[from] move: Knock Off|[of] p1a: Grimer\n|\n|-damage|p2a: Jiggle on dat puff|72\/100 psn|[from] psn\n|upkeep\n|turn|3\n|\n|t:|1699672615\n|move|p1a: Grimer|Gunk Shot|p2a: Jiggle on dat puff\n|-supereffective|p2a: Jiggle on dat puff\n|-damage|p2a: Jiggle on dat puff|0 fnt\n|faint|p2a: Jiggle on dat puff\n|\n|upkeep\n|\n|t:|1699672629\n|switch|p2a: Dugtrio|Dugtrio, M|100\/100\n|turn|4\n|\n|t:|1699672641\n|move|p2a: Dugtrio|Earthquake|p1a: Grimer\n|-supereffective|p1a: Grimer\n|-damage|p1a: Grimer|0 fnt\n|faint|p1a: Grimer\n|\n|upkeep\n|\n|t:|1699672647\n|switch|p1a: Veluza|Veluza, F|100\/100\n|turn|5\n|\n|t:|1699672657\n|switch|p2a: Decidueye|Decidueye-Hisui, F, shiny|100\/100\n|move|p1a: Veluza|Flip Turn|p2a: Decidueye\n|-resisted|p2a: Decidueye\n|-damage|p2a: Decidueye|85\/100\n|\n|t:|1699672676\n|switch|p1a: Amoonguss|Amoonguss, F|100\/100|[from] Flip Turn\n|\n|upkeep\n|turn|6\n|\n|t:|1699672702\n|move|p2a: Decidueye|Knock Off|p1a: Amoonguss\n|-damage|p1a: Amoonguss|57\/100\n|-enditem|p1a: Amoonguss|Black Sludge|[from] move: Knock Off|[of] p2a: Decidueye\n|-damage|p2a: Decidueye|75\/100|[from] item: Life Orb\n|move|p1a: Amoonguss|Spore|p2a: Decidueye\n|-immune|p2a: Decidueye\n|\n|upkeep\n|turn|7\n|j| tbor2002\n|\n|t:|1699672731\n|move|p2a: Decidueye|Shadow Sneak|p1a: Amoonguss\n|-damage|p1a: Amoonguss|37\/100\n|-damage|p2a: Decidueye|65\/100|[from] item: Life Orb\n|move|p1a: Amoonguss|Toxic|p2a: Decidueye\n|-status|p2a: Decidueye|tox\n|\n|-damage|p2a: Decidueye|59\/100 tox|[from] psn\n|upkeep\n|turn|8\n|\n|t:|1699672764\n|switch|p1a: Veluza|Veluza, F|100\/100\n|move|p2a: Decidueye|Knock Off|p1a: Veluza\n|-supereffective|p1a: Veluza\n|-damage|p1a: Veluza|0 fnt\n|-enditem|p1a: Veluza|Choice Scarf|[from] move: Knock Off|[of] p2a: Decidueye\n|faint|p1a: Veluza\n|-damage|p2a: Decidueye|49\/100 tox|[from] item: Life Orb\n|\n|-damage|p2a: Decidueye|37\/100 tox|[from] psn\n|upkeep\n|\n|t:|1699672784\n|switch|p1a: Coalossal|Coalossal, M|100\/100\n|turn|9\n|\n|t:|1699672808\n|move|p2a: Decidueye|Close Combat|p1a: Coalossal\n|-supereffective|p1a: Coalossal\n|-damage|p1a: Coalossal|0 fnt\n|-unboost|p2a: Decidueye|def|1\n|-unboost|p2a: Decidueye|spd|1\n|faint|p1a: Coalossal\n|-damage|p2a: Decidueye|28\/100 tox|[from] item: Life Orb\n|\n|-damage|p2a: Decidueye|10\/100 tox|[from] psn\n|upkeep\n|\n|t:|1699672826\n|switch|p1a: Cetitan|Cetitan, F|100\/100\n|turn|10\n|\n|t:|1699672832\n|move|p1a: Cetitan|Protect|p1a: Cetitan\n|-singleturn|p1a: Cetitan|Protect\n|move|p2a: Decidueye|Close Combat|p1a: Cetitan\n|-activate|p1a: Cetitan|move: Protect\n|\n|-damage|p2a: Decidueye|0 fnt|[from] psn\n|faint|p2a: Decidueye\n|upkeep\n|\n|t:|1699672850\n|switch|p2a: Dugtrio|Dugtrio, M|100\/100\n|turn|11\n|\n|t:|1699672875\n|-terastallize|p1a: Cetitan|Ground\n|move|p2a: Dugtrio|Stone Edge|p1a: Cetitan\n|-resisted|p1a: Cetitan\n|-damage|p1a: Cetitan|89\/100\n|move|p1a: Cetitan|Belly Drum|p1a: Cetitan\n|-damage|p1a: Cetitan|39\/100\n|-setboost|p1a: Cetitan|atk|6|[from] move: Belly Drum\n|-enditem|p1a: Cetitan|Sitrus Berry|[eat]\n|-heal|p1a: Cetitan|64\/100|[from] item: Sitrus Berry\n|\n|upkeep\n|turn|12\n|\n|t:|1699672909\n|move|p1a: Cetitan|Ice Shard|p2a: Dugtrio\n|-supereffective|p2a: Dugtrio\n|-enditem|p2a: Dugtrio|Focus Sash\n|-damage|p2a: Dugtrio|1\/100\n|move|p2a: Dugtrio|Earthquake|p1a: Cetitan\n|-damage|p1a: Cetitan|30\/100\n|\n|upkeep\n|turn|13\n|\n|t:|1699672922\n|move|p2a: Dugtrio|Sucker Punch|p1a: Cetitan\n|-crit|p1a: Cetitan\n|-damage|p1a: Cetitan|6\/100\n|move|p1a: Cetitan|Ice Shard|p2a: Dugtrio\n|-supereffective|p2a: Dugtrio\n|-damage|p2a: Dugtrio|0 fnt\n|faint|p2a: Dugtrio\n|\n|upkeep\n|\n|t:|1699672942\n|switch|p2a: I smell pennies|Sableye, M|62\/100\n|turn|14\n|\n|t:|1699672965\n|move|p1a: Cetitan|Ice Shard|p2a: I smell pennies\n|-damage|p2a: I smell pennies|0 fnt\n|faint|p2a: I smell pennies\n|\n|upkeep\n|\n|t:|1699672969\n|switch|p2a: Biggest Berd|Corviknight, M, shiny|100\/100\n|turn|15\n|\n|t:|1699672981\n|move|p1a: Cetitan|Ice Shard|p2a: Biggest Berd\n|-damage|p2a: Biggest Berd|53\/100\n|move|p2a: Biggest Berd|Iron Head|p1a: Cetitan\n|-damage|p1a: Cetitan|0 fnt\n|faint|p1a: Cetitan\n|\n|-heal|p2a: Biggest Berd|59\/100|[from] item: Leftovers\n|upkeep\n|\n|t:|1699672992\n|switch|p1a: Amoonguss|Amoonguss, F|70\/100\n|turn|16\n|\n|t:|1699673001\n|move|p2a: Biggest Berd|Brave Bird|p1a: Amoonguss\n|-supereffective|p1a: Amoonguss\n|-damage|p1a: Amoonguss|0 fnt\n|faint|p1a: Amoonguss\n|-damage|p2a: Biggest Berd|34\/100|[from] Recoil\n|\n|-heal|p2a: Biggest Berd|40\/100|[from] item: Leftovers\n|upkeep\n|\n|t:|1699673007\n|switch|p1a: Skeledirge|Skeledirge, M|100\/100\n|turn|17\n|\n|t:|1699673014\n|-terastallize|p2a: Biggest Berd|Water\n|move|p2a: Biggest Berd|Roost|p2a: Biggest Berd\n|-heal|p2a: Biggest Berd|90\/100\n|move|p1a: Skeledirge|Torch Song|p2a: Biggest Berd\n|-resisted|p2a: Biggest Berd\n|-damage|p2a: Biggest Berd|75\/100\n|-boost|p1a: Skeledirge|spa|1\n|\n|-heal|p2a: Biggest Berd|81\/100|[from] item: Leftovers\n|upkeep\n|turn|18\n|j| HeirEhm\n|\n|t:|1699673027\n|move|p2a: Biggest Berd|Tera Blast|p1a: Skeledirge|[anim] Tera Blast Water\n|-supereffective|p1a: Skeledirge\n|-crit|p1a: Skeledirge\n|-damage|p1a: Skeledirge|44\/100\n|move|p1a: Skeledirge|Will-O-Wisp|p2a: Biggest Berd\n|-status|p2a: Biggest Berd|brn\n|\n|-heal|p2a: Biggest Berd|87\/100 brn|[from] item: Leftovers\n|-heal|p1a: Skeledirge|50\/100|[from] item: Leftovers\n|-damage|p2a: Biggest Berd|81\/100 brn|[from] brn\n|upkeep\n|turn|19\n|\n|t:|1699673038\n|move|p2a: Biggest Berd|Tera Blast|p1a: Skeledirge|[anim] Tera Blast Water\n|-supereffective|p1a: Skeledirge\n|-damage|p1a: Skeledirge|29\/100\n|move|p1a: Skeledirge|Slack Off|p1a: Skeledirge\n|-heal|p1a: Skeledirge|79\/100\n|\n|-heal|p2a: Biggest Berd|87\/100 brn|[from] item: Leftovers\n|-heal|p1a: Skeledirge|85\/100|[from] item: Leftovers\n|-damage|p2a: Biggest Berd|81\/100 brn|[from] brn\n|upkeep\n|turn|20\n|\n|t:|1699673050\n|move|p2a: Biggest Berd|Tera Blast|p1a: Skeledirge|[anim] Tera Blast Water\n|-supereffective|p1a: Skeledirge\n|-damage|p1a: Skeledirge|65\/100\n|move|p1a: Skeledirge|Torch Song|p2a: Biggest Berd\n|-resisted|p2a: Biggest Berd\n|-damage|p2a: Biggest Berd|60\/100 brn\n|-boost|p1a: Skeledirge|spa|1\n|\n|-heal|p2a: Biggest Berd|66\/100 brn|[from] item: Leftovers\n|-heal|p1a: Skeledirge|71\/100|[from] item: Leftovers\n|-damage|p2a: Biggest Berd|60\/100 brn|[from] brn\n|upkeep\n|turn|21\n|\n|t:|1699673064\n|move|p2a: Biggest Berd|Tera Blast|p1a: Skeledirge|[anim] Tera Blast Water\n|-supereffective|p1a: Skeledirge\n|-damage|p1a: Skeledirge|50\/100\n|move|p1a: Skeledirge|Torch Song|p2a: Biggest Berd\n|-resisted|p2a: Biggest Berd\n|-damage|p2a: Biggest Berd|33\/100 brn\n|-boost|p1a: Skeledirge|spa|1\n|\n|-heal|p2a: Biggest Berd|39\/100 brn|[from] item: Leftovers\n|-heal|p1a: Skeledirge|57\/100|[from] item: Leftovers\n|-damage|p2a: Biggest Berd|33\/100 brn|[from] brn\n|upkeep\n|turn|22\n|\n|t:|1699673075\n|move|p2a: Biggest Berd|Roost|p2a: Biggest Berd\n|-heal|p2a: Biggest Berd|83\/100 brn\n|move|p1a: Skeledirge|Slack Off|p1a: Skeledirge\n|-heal|p1a: Skeledirge|100\/100\n|\n|-heal|p2a: Biggest Berd|89\/100 brn|[from] item: Leftovers\n|-damage|p2a: Biggest Berd|83\/100 brn|[from] brn\n|upkeep\n|turn|23\n|\n|t:|1699673085\n|move|p2a: Biggest Berd|Tera Blast|p1a: Skeledirge|[anim] Tera Blast Water\n|-supereffective|p1a: Skeledirge\n|-damage|p1a: Skeledirge|78\/100\n|move|p1a: Skeledirge|Torch Song|p2a: Biggest Berd\n|-resisted|p2a: Biggest Berd\n|-damage|p2a: Biggest Berd|44\/100 brn\n|-boost|p1a: Skeledirge|spa|1\n|\n|-heal|p2a: Biggest Berd|50\/100 brn|[from] item: Leftovers\n|-heal|p1a: Skeledirge|84\/100|[from] item: Leftovers\n|-damage|p2a: Biggest Berd|44\/100 brn|[from] brn\n|upkeep\n|turn|24\n|\n|t:|1699673109\n|move|p2a: Biggest Berd|Tera Blast|p1a: Skeledirge|[anim] Tera Blast Water\n|-supereffective|p1a: Skeledirge\n|-damage|p1a: Skeledirge|65\/100\n|move|p1a: Skeledirge|Shadow Ball|p2a: Biggest Berd\n|-crit|p2a: Biggest Berd\n|-damage|p2a: Biggest Berd|0 fnt\n|faint|p2a: Biggest Berd\n|\n|-heal|p1a: Skeledirge|71\/100|[from] item: Leftovers\n|upkeep\n|\n|t:|1699673117\n|switch|p2a: Noah|Gengar, M, shiny|100\/100\n|turn|25\n|\n|t:|1699673125\n|move|p2a: Noah|Trick|p1a: Skeledirge\n|-activate|p2a: Noah|move: Trick|[of] p1a: Skeledirge\n|-item|p1a: Skeledirge|Choice Specs|[from] move: Trick\n|-item|p2a: Noah|Leftovers|[from] move: Trick\n|move|p1a: Skeledirge|Shadow Ball|p2a: Noah\n|-supereffective|p2a: Noah\n|-damage|p2a: Noah|0 fnt\n|-start|p1a: Skeledirge|Disable|Shadow Ball|[from] ability: Cursed Body|[of] p2a: Noah\n|faint|p2a: Noah\n|\n|win|Jam20Jam\n|l|\u2606Dono_XD\n","uploadtime":1699673136,"views":4,"p1id":"jam20jam","p2id":"donoxd","formatid":"gen9nationaldex","rating":0,"private":0,"password":""}