{"id":"gen9nationaldex-1994453553","p1":"NekroTheFox","p2":"ItsGoten","format":"[Gen 9] National Dex","log":"|j|\u2606NekroTheFox\n|j|\u2606ItsGoten\n|t:|1700445678\n|gametype|singles\n|player|p1|NekroTheFox|shadowtriad|\n|player|p2|ItsGoten|pokekid|\n|teamsize|p1|6\n|teamsize|p2|6\n|gen|9\n|tier|[Gen 9] National Dex\n|rule|HP Percentage Mod: HP is shown in percentages\n|rule|Endless Battle Clause: Forcing endless battles is banned\n|rule|OHKO Clause: OHKO moves are banned\n|rule|Evasion Clause: Evasion abilities, items, and moves are banned\n|rule|Evasion Abilities Clause: Evasion abilities are banned\n|rule|Evasion Items Clause: Evasion items are banned\n|rule|Evasion Moves Clause: Evasion moves are banned\n|rule|Species Clause: Limit one of each Pok\u00e9mon\n|rule|Sleep Clause Mod: Limit one foe put to sleep\n|clearpoke\n|poke|p1|Iron Hands|\n|poke|p1|Tapu Koko|\n|poke|p1|Magnezone|\n|poke|p1|Manectric, M|\n|poke|p1|Dracozolt|\n|poke|p1|Pawmot, M|\n|poke|p2|Kommo-o, M|\n|poke|p2|Sneasler, M|\n|poke|p2|Urshifu-*, F|\n|poke|p2|Machamp, F|\n|poke|p2|Iron Valiant|\n|poke|p2|Lopunny, M|\n|teampreview\n|c|\u2606ItsGoten|i think im good\n|c|\u2606NekroTheFox|Yep. Glhf\n|inactive|Battle timer is ON: inactive players will automatically lose when time's up. (requested by NekroTheFox)\n|\n|t:|1700445710\n|start\n|switch|p1a: Birb|Tapu Koko|100\/100\n|switch|p2a: Vegeta|Sneasler, M|100\/100\n|-fieldstart|move: Electric Terrain|[from] ability: Electric Surge|[of] p1a: Birb\n|-item|p2a: Vegeta|Air Balloon\n|turn|1\n|\n|t:|1700445723\n|move|p1a: Birb|U-turn|p2a: Vegeta\n|-resisted|p2a: Vegeta\n|-damage|p2a: Vegeta|92\/100\n|-enditem|p2a: Vegeta|Air Balloon\n|\n|t:|1700445729\n|switch|p1a: ICP\u2019s Bane|Magnezone|100\/100|[from] U-turn\n|move|p2a: Vegeta|Dire Claw|p1a: ICP\u2019s Bane\n|-immune|p1a: ICP\u2019s Bane\n|\n|upkeep\n|turn|2\n|c|\u2606ItsGoten|dont as why he has the baloon\n|\n|t:|1700445741\n|move|p2a: Vegeta|Close Combat|p1a: ICP\u2019s Bane\n|-supereffective|p1a: ICP\u2019s Bane\n|-damage|p1a: ICP\u2019s Bane|0 fnt\n|-unboost|p2a: Vegeta|def|1\n|-unboost|p2a: Vegeta|spd|1\n|faint|p1a: ICP\u2019s Bane\n|\n|upkeep\n|\n|t:|1700445749\n|switch|p1a: Fisto|Iron Hands|100\/100\n|-activate|p1a: Fisto|ability: Quark Drive\n|-start|p1a: Fisto|quarkdriveatk\n|turn|3\n|\n|t:|1700445758\n|-terastallize|p1a: Fisto|Water\n|move|p2a: Vegeta|Lash Out|p1a: Fisto\n|-damage|p1a: Fisto|83\/100\n|-status|p1a: Fisto|psn|[from] ability: Poison Touch|[of] p2a: Vegeta\n|move|p1a: Fisto|Swords Dance|p1a: Fisto\n|-boost|p1a: Fisto|atk|2\n|\n|-damage|p1a: Fisto|70\/100 psn|[from] psn\n|upkeep\n|turn|4\n|\n|t:|1700445770\n|move|p2a: Vegeta|Close Combat|p1a: Fisto\n|-damage|p1a: Fisto|33\/100 psn\n|-unboost|p2a: Vegeta|def|1\n|-unboost|p2a: Vegeta|spd|1\n|move|p1a: Fisto|Drain Punch|p2a: Vegeta\n|-resisted|p2a: Vegeta\n|-damage|p2a: Vegeta|0 fnt\n|-heal|p1a: Fisto|60\/100 psn|[from] drain|[of] p2a: Vegeta\n|faint|p2a: Vegeta\n|\n|-damage|p1a: Fisto|47\/100 psn|[from] psn\n|upkeep\n|\n|t:|1700445777\n|switch|p2a: Zamasu|Iron Valiant|100\/100\n|-activate|p2a: Zamasu|ability: Quark Drive\n|-start|p2a: Zamasu|quarkdrivespe\n|turn|5\n|\n|t:|1700445789\n|move|p2a: Zamasu|Leaf Blade|p1a: Fisto\n|-supereffective|p1a: Fisto\n|-damage|p1a: Fisto|9\/100 psn\n|move|p1a: Fisto|Thunder Punch|p2a: Zamasu\n|-damage|p2a: Zamasu|0 fnt\n|faint|p2a: Zamasu\n|-end|p2a: Zamasu|Quark Drive|[silent]\n|\n|-damage|p1a: Fisto|0 fnt|[from] psn\n|faint|p1a: Fisto\n|-end|p1a: Fisto|Quark Drive|[silent]\n|upkeep\n|\n|t:|1700445801\n|switch|p2a: Broly|Machamp, F|100\/100\n|switch|p1a: Pawson|Pawmot, M|100\/100\n|turn|6\n|c|\u2606ItsGoten|HAHA pawson\n|c|\u2606ItsGoten|thats funny\n|\n|t:|1700445816\n|move|p1a: Pawson|Revival Blessing|p1a: Pawson\n|-enditem|p1a: Pawson|Leppa Berry|[eat]\n|-activate|p1a: Pawson|item: Leppa Berry|Revival Blessing|[consumed]\n|c|\u2606NekroTheFox|Mhm :3\n|\n|t:|1700445820\n|-heal|p1: Fisto|50\/100|[from] move: Revival Blessing\n|move|p2a: Broly|Facade|p1a: Pawson\n|-damage|p1a: Pawson|55\/100\n|\n|-status|p2a: Broly|tox|[from] item: Toxic Orb\n|upkeep\n|turn|7\n|c|\u2606ItsGoten|oh god\n|c|\u2606ItsGoten|die\n|c|\u2606ItsGoten|please\n|c|\u2606ItsGoten|die\n|\n|t:|1700445833\n|move|p1a: Pawson|Revival Blessing|p1a: Pawson\n|\n|t:|1700445835\n|-heal|p1: ICP\u2019s Bane|50\/100|[from] move: Revival Blessing\n|move|p2a: Broly|Facade|p1a: Pawson\n|-damage|p1a: Pawson|0 fnt\n|faint|p1a: Pawson\n|\n|-damage|p2a: Broly|94\/100 tox|[from] psn\n|upkeep\n|\n|t:|1700445845\n|switch|p1a: Fisto|Iron Hands|50\/100\n|-activate|p1a: Fisto|ability: Quark Drive\n|-start|p1a: Fisto|quarkdriveatk\n|turn|8\n|c|\u2606ItsGoten|so you jus killed vegeta and zamasu, and then brought back ur teammates\n|\n|t:|1700445855\n|move|p2a: Broly|Facade|p1a: Fisto\n|-damage|p1a: Fisto|0 fnt\n|faint|p1a: Fisto\n|-end|p1a: Fisto|Quark Drive|[silent]\n|\n|-damage|p2a: Broly|82\/100 tox|[from] psn\n|-fieldend|move: Electric Terrain\n|upkeep\n|c|\u2606NekroTheFox|Yes.\n|\n|t:|1700445864\n|switch|p1a: Butter Dog|Manectric, M|100\/100\n|turn|9\n|c|\u2606ItsGoten|we have re evened the score\n|\n|t:|1700445872\n|detailschange|p1a: Butter Dog|Manectric-Mega, M\n|-mega|p1a: Butter Dog|Manectric|Manectite\n|-ability|p1a: Butter Dog|Intimidate|boost\n|-unboost|p2a: Broly|atk|1\n|move|p1a: Butter Dog|Thunderbolt|p2a: Broly\n|-damage|p2a: Broly|34\/100 tox\n|move|p2a: Broly|Facade|p1a: Butter Dog\n|-damage|p1a: Butter Dog|29\/100\n|\n|-damage|p2a: Broly|16\/100 tox|[from] psn\n|upkeep\n|turn|10\n|c|\u2606ItsGoten|oh my god butter dog\n|\n|t:|1700445884\n|move|p2a: Broly|Bullet Punch|p1a: Butter Dog\n|-resisted|p1a: Butter Dog\n|-damage|p1a: Butter Dog|18\/100\n|move|p1a: Butter Dog|Hidden Power|p2a: Broly\n|-crit|p2a: Broly\n|-damage|p2a: Broly|0 fnt\n|faint|p2a: Broly\n|\n|upkeep\n|\n|t:|1700445889\n|switch|p2a: Shenron|Kommo-o, M|100\/100\n|turn|11\n|\n|t:|1700445895\n|move|p1a: Butter Dog|Hidden Power|p2a: Shenron\n|-supereffective|p2a: Shenron\n|-damage|p2a: Shenron|54\/100\n|-zpower|p2a: Shenron\n|move|p2a: Shenron|Clangorous Soulblaze|p1a: Butter Dog|[zeffect]\n|-damage|p1a: Butter Dog|0 fnt\n|faint|p1a: Butter Dog\n|-boost|p2a: Shenron|atk|1\n|-boost|p2a: Shenron|def|1\n|-boost|p2a: Shenron|spa|1\n|-boost|p2a: Shenron|spd|1\n|-boost|p2a: Shenron|spe|1\n|\n|upkeep\n|c|\u2606ItsGoten|hp fairy?\n|\n|t:|1700445911\n|switch|p1a: Birb|Tapu Koko|100\/100\n|-fieldstart|move: Electric Terrain|[from] ability: Electric Surge|[of] p1a: Birb\n|turn|12\n|\n|t:|1700445918\n|move|p2a: Shenron|Flash Cannon|p1a: Birb\n|-damage|p1a: Birb|46\/100\n|move|p1a: Birb|Return|p2a: Shenron\n|-damage|p2a: Shenron|34\/100\n|\n|upkeep\n|turn|13\n|c|\u2606ItsGoten|the bird must die\n|\n|t:|1700445926\n|switch|p1a: ICP\u2019s Bane|Magnezone|50\/100\n|move|p2a: Shenron|Flash Cannon|p1a: ICP\u2019s Bane\n|-resisted|p1a: ICP\u2019s Bane\n|-damage|p1a: ICP\u2019s Bane|39\/100\n|\n|upkeep\n|turn|14\n|c|\u2606NekroTheFox|Ive\n|c|\u2606NekroTheFox|*ice\n|c|\u2606ItsGoten|aur\n|\n|t:|1700445950\n|move|p2a: Shenron|Aura Sphere|p1a: ICP\u2019s Bane\n|-supereffective|p1a: ICP\u2019s Bane\n|-damage|p1a: ICP\u2019s Bane|0 fnt\n|faint|p1a: ICP\u2019s Bane\n|\n|upkeep\n|\n|t:|1700445957\n|switch|p1a: Thiccums|Dracozolt|100\/100\n|turn|15\n|\n|t:|1700445967\n|move|p2a: Shenron|Clanging Scales|p1a: Thiccums\n|-supereffective|p1a: Thiccums\n|-damage|p1a: Thiccums|0 fnt\n|faint|p1a: Thiccums\n|-unboost|p2a: Shenron|def|1\n|\n|upkeep\n|\n|t:|1700445974\n|switch|p1a: Birb|Tapu Koko|46\/100\n|turn|16\n|c|\u2606ItsGoten|lets goo\n|\n|t:|1700445977\n|move|p2a: Shenron|Flash Cannon|p1a: Birb\n|-damage|p1a: Birb|0 fnt\n|faint|p1a: Birb\n|\n|win|ItsGoten\n|c|\u2606NekroTheFox|Gg\n|c|\u2606ItsGoten|good game\n","uploadtime":1700445987,"views":8,"p1id":"nekrothefox","p2id":"itsgoten","formatid":"gen9nationaldex","rating":0,"private":0,"password":""}