{"id":"gen9nationaldex-1998273470","p1":"Crown Oji","p2":"Bunnysai","format":"[Gen 9] National Dex","log":"|j|\u2606Crown Oji\n|j|\u2606Bunnysai\n|inactive|Battle timer is ON: inactive players will automatically lose when time's up.\n|t:|1700923150\n|gametype|singles\n|player|p1|Crown Oji|benga|\n|player|p2|Bunnysai|brock|\n|teamsize|p1|6\n|teamsize|p2|6\n|gen|9\n|tier|[Gen 9] National Dex\n|rated|Tournament battle\n|rule|HP Percentage Mod: HP is shown in percentages\n|rule|Endless Battle Clause: Forcing endless battles is banned\n|rule|OHKO Clause: OHKO moves are banned\n|rule|Evasion Clause: Evasion abilities, items, and moves are banned\n|rule|Evasion Abilities Clause: Evasion abilities are banned\n|rule|Evasion Items Clause: Evasion items are banned\n|rule|Evasion Moves Clause: Evasion moves are banned\n|rule|Species Clause: Limit one of each Pok\u00e9mon\n|rule|Sleep Clause Mod: Limit one foe put to sleep\n|rule|No Switching: All Pok\u00e9mon are trapped\n|clearpoke\n|poke|p1|Latios, M|\n|poke|p1|Buzzwole|\n|poke|p1|Gliscor, M|\n|poke|p1|Weavile, M|\n|poke|p1|Heatran, M|\n|poke|p1|Ogerpon-Wellspring, F|\n|poke|p2|Mawile, F|\n|poke|p2|Tapu Lele|\n|poke|p2|Ogerpon-Wellspring, F|\n|poke|p2|Zamazenta-*|\n|poke|p2|Landorus-Therian, M|\n|poke|p2|Politoed, M|\n|teampreview\n|j|*Lady Monita \u2746\n|inactive|Bunnysai also wants the timer to be on.\n|\n|t:|1700923162\n|start\n|switch|p1a: Ogerpon|Ogerpon-Wellspring, F|100\/100\n|switch|p2a: Politoed|Politoed, M|100\/100\n|-weather|RainDance|[from] ability: Drizzle|[of] p2a: Politoed\n|turn|1\n|\n|t:|1700923172\n|move|p1a: Ogerpon|Swords Dance|p1a: Ogerpon\n|-boost|p1a: Ogerpon|atk|2\n|move|p2a: Politoed|Ice Beam|p1a: Ogerpon\n|-damage|p1a: Ogerpon|72\/100\n|\n|-weather|RainDance|[upkeep]\n|upkeep\n|turn|2\n|\n|t:|1700923176\n|move|p1a: Ogerpon|Power Whip|p2a: Politoed\n|-supereffective|p2a: Politoed\n|-damage|p2a: Politoed|0 fnt\n|faint|p2a: Politoed\n|\n|-weather|RainDance|[upkeep]\n|upkeep\n|j| TheV23\n|\n|t:|1700923190\n|switch|p2a: Zamazenta|Zamazenta, shiny|100\/100\n|-ability|p2a: Zamazenta|Dauntless Shield|boost\n|-boost|p2a: Zamazenta|def|1\n|turn|3\n|\n|t:|1700923199\n|-terastallize|p2a: Zamazenta|Steel\n|move|p2a: Zamazenta|Close Combat|p1a: Ogerpon\n|-damage|p1a: Ogerpon|0 fnt\n|-unboost|p2a: Zamazenta|def|1\n|-unboost|p2a: Zamazenta|spd|1\n|faint|p1a: Ogerpon\n|\n|-weather|RainDance|[upkeep]\n|upkeep\n|l| TheV23\n|\n|t:|1700923224\n|switch|p1a: Gliscor|Gliscor, M|100\/100\n|turn|4\n|\n|t:|1700923228\n|move|p2a: Zamazenta|Ice Fang|p1a: Gliscor\n|-supereffective|p1a: Gliscor\n|-damage|p1a: Gliscor|30\/100\n|move|p1a: Gliscor|Earthquake|p2a: Zamazenta\n|-supereffective|p2a: Zamazenta\n|-damage|p2a: Zamazenta|43\/100\n|\n|-weather|RainDance|[upkeep]\n|-status|p1a: Gliscor|tox|[from] item: Toxic Orb\n|upkeep\n|turn|5\n|\n|t:|1700923233\n|move|p2a: Zamazenta|Ice Fang|p1a: Gliscor\n|-supereffective|p1a: Gliscor\n|-damage|p1a: Gliscor|0 fnt\n|faint|p1a: Gliscor\n|\n|-weather|none\n|upkeep\n|\n|t:|1700923244\n|switch|p1a: Buzzwole|Buzzwole|100\/100\n|turn|6\n|\n|t:|1700923247\n|move|p2a: Zamazenta|Stone Edge|p1a: Buzzwole\n|-damage|p1a: Buzzwole|85\/100\n|move|p1a: Buzzwole|Drain Punch|p2a: Zamazenta\n|-supereffective|p2a: Zamazenta\n|-damage|p2a: Zamazenta|0 fnt\n|-heal|p1a: Buzzwole|100\/100|[from] drain|[of] p2a: Zamazenta\n|faint|p2a: Zamazenta\n|-ability|p1a: Buzzwole|Beast Boost|boost\n|-boost|p1a: Buzzwole|def|1\n|\n|upkeep\n|\n|t:|1700923258\n|switch|p2a: Ogerpon|Ogerpon-Wellspring, F|100\/100\n|turn|7\n|\n|t:|1700923271\n|move|p2a: Ogerpon|Ivy Cudgel|p1a: Buzzwole|[anim] Ivy Cudgel Water\n|-damage|p1a: Buzzwole|83\/100\n|move|p1a: Buzzwole|Bulk Up|p1a: Buzzwole\n|-boost|p1a: Buzzwole|atk|1\n|-boost|p1a: Buzzwole|def|1\n|\n|upkeep\n|turn|8\n|\n|t:|1700923276\n|move|p2a: Ogerpon|Encore|p1a: Buzzwole\n|-start|p1a: Buzzwole|Encore\n|move|p1a: Buzzwole|Bulk Up|p1a: Buzzwole\n|-boost|p1a: Buzzwole|atk|1\n|-boost|p1a: Buzzwole|def|1\n|\n|upkeep\n|turn|9\n|\n|t:|1700923279\n|move|p2a: Ogerpon|Swords Dance|p2a: Ogerpon\n|-boost|p2a: Ogerpon|atk|2\n|move|p1a: Buzzwole|Bulk Up|p1a: Buzzwole\n|-boost|p1a: Buzzwole|atk|1\n|-boost|p1a: Buzzwole|def|1\n|\n|upkeep\n|turn|10\n|\n|t:|1700923282\n|move|p2a: Ogerpon|Ivy Cudgel|p1a: Buzzwole|[anim] Ivy Cudgel Water\n|-damage|p1a: Buzzwole|62\/100\n|move|p1a: Buzzwole|Bulk Up|p1a: Buzzwole\n|-boost|p1a: Buzzwole|atk|1\n|-boost|p1a: Buzzwole|def|1\n|\n|-end|p1a: Buzzwole|Encore\n|upkeep\n|turn|11\n|\n|t:|1700923286\n|move|p2a: Ogerpon|Encore|p1a: Buzzwole\n|-start|p1a: Buzzwole|Encore\n|move|p1a: Buzzwole|Bulk Up|p1a: Buzzwole\n|-boost|p1a: Buzzwole|atk|1\n|-boost|p1a: Buzzwole|def|1\n|\n|upkeep\n|turn|12\n|\n|t:|1700923292\n|move|p2a: Ogerpon|Swords Dance|p2a: Ogerpon\n|-boost|p2a: Ogerpon|atk|2\n|move|p1a: Buzzwole|Bulk Up|p1a: Buzzwole\n|-boost|p1a: Buzzwole|atk|1\n|-boost|p1a: Buzzwole|def|0\n|\n|upkeep\n|turn|13\n|\n|t:|1700923295\n|move|p2a: Ogerpon|Ivy Cudgel|p1a: Buzzwole|[anim] Ivy Cudgel Water\n|-damage|p1a: Buzzwole|42\/100\n|move|p1a: Buzzwole|Bulk Up|p1a: Buzzwole\n|-boost|p1a: Buzzwole|atk|0\n|-boost|p1a: Buzzwole|def|0\n|\n|-end|p1a: Buzzwole|Encore\n|upkeep\n|turn|14\n|\n|t:|1700923298\n|move|p2a: Ogerpon|Encore|p1a: Buzzwole\n|-start|p1a: Buzzwole|Encore\n|move|p1a: Buzzwole|Bulk Up|p1a: Buzzwole\n|-boost|p1a: Buzzwole|atk|0\n|-boost|p1a: Buzzwole|def|0\n|\n|upkeep\n|turn|15\n|\n|t:|1700923304\n|move|p2a: Ogerpon|Ivy Cudgel|p1a: Buzzwole|[anim] Ivy Cudgel Water\n|-damage|p1a: Buzzwole|22\/100\n|move|p1a: Buzzwole|Bulk Up|p1a: Buzzwole\n|-boost|p1a: Buzzwole|atk|0\n|-boost|p1a: Buzzwole|def|0\n|\n|upkeep\n|turn|16\n|\n|t:|1700923307\n|move|p2a: Ogerpon|Ivy Cudgel|p1a: Buzzwole|[anim] Ivy Cudgel Water\n|-crit|p1a: Buzzwole\n|-damage|p1a: Buzzwole|0 fnt\n|faint|p1a: Buzzwole\n|\n|upkeep\n|\n|t:|1700923317\n|switch|p1a: Weavile|Weavile, M|100\/100\n|-ability|p1a: Weavile|Pressure\n|turn|17\n|\n|t:|1700923324\n|move|p1a: Weavile|Knock Off|p2a: Ogerpon\n|-damage|p2a: Ogerpon|41\/100\n|move|p2a: Ogerpon|Horn Leech|p1a: Weavile\n|-damage|p1a: Weavile|0 fnt\n|-heal|p2a: Ogerpon|88\/100|[from] drain|[of] p1a: Weavile\n|faint|p1a: Weavile\n|\n|upkeep\n|\n|t:|1700923331\n|switch|p1a: Latios|Latios, M|100\/100\n|turn|18\n|\n|t:|1700923340\n|detailschange|p1a: Latios|Latios-Mega, M\n|-mega|p1a: Latios|Latios|Latiosite\n|move|p1a: Latios|Psychic|p2a: Ogerpon\n|-damage|p2a: Ogerpon|28\/100\n|move|p2a: Ogerpon|Ivy Cudgel|p1a: Latios|[anim] Ivy Cudgel Water\n|-resisted|p1a: Latios\n|-damage|p1a: Latios|4\/100\n|\n|upkeep\n|turn|19\n|\n|t:|1700923347\n|move|p1a: Latios|Psychic|p2a: Ogerpon\n|-damage|p2a: Ogerpon|0 fnt\n|faint|p2a: Ogerpon\n|\n|upkeep\n|\n|t:|1700923352\n|switch|p2a: Tapu Lele|Tapu Lele, shiny|100\/100\n|-fieldstart|move: Psychic Terrain|[from] ability: Psychic Surge|[of] p2a: Tapu Lele\n|turn|20\n|\n|t:|1700923358\n|move|p2a: Tapu Lele|Moonblast|p1a: Latios\n|-supereffective|p1a: Latios\n|-damage|p1a: Latios|0 fnt\n|faint|p1a: Latios\n|\n|upkeep\n|\n|t:|1700923361\n|switch|p1a: Heatran|Heatran, M|100\/100\n|turn|21\n|\n|t:|1700923365\n|move|p2a: Tapu Lele|Moonblast|p1a: Heatran\n|-resisted|p1a: Heatran\n|-damage|p1a: Heatran|93\/100\n|-unboost|p1a: Heatran|spa|1\n|move|p1a: Heatran|Stealth Rock|p2a: Tapu Lele\n|-sidestart|p2: Bunnysai|move: Stealth Rock\n|\n|-heal|p1a: Heatran|99\/100|[from] item: Leftovers\n|upkeep\n|turn|22\n|\n|t:|1700923368\n|move|p2a: Tapu Lele|Moonblast|p1a: Heatran\n|-resisted|p1a: Heatran\n|-damage|p1a: Heatran|91\/100\n|move|p1a: Heatran|Magma Storm|p2a: Tapu Lele|[miss]\n|-miss|p1a: Heatran|p2a: Tapu Lele\n|\n|-heal|p1a: Heatran|97\/100|[from] item: Leftovers\n|upkeep\n|turn|23\n|\n|t:|1700923374\n|move|p2a: Tapu Lele|Moonblast|p1a: Heatran\n|-resisted|p1a: Heatran\n|-damage|p1a: Heatran|89\/100\n|move|p1a: Heatran|Magma Storm|p2a: Tapu Lele\n|-damage|p2a: Tapu Lele|67\/100\n|-activate|p2a: Tapu Lele|move: Magma Storm|[of] p1a: Heatran\n|\n|-heal|p1a: Heatran|96\/100|[from] item: Leftovers\n|-damage|p2a: Tapu Lele|55\/100|[from] move: Magma Storm|[partiallytrapped]\n|upkeep\n|turn|24\n|\n|t:|1700923377\n|move|p2a: Tapu Lele|Moonblast|p1a: Heatran\n|-resisted|p1a: Heatran\n|-crit|p1a: Heatran\n|-damage|p1a: Heatran|84\/100\n|-unboost|p1a: Heatran|spa|1\n|move|p1a: Heatran|Earth Power|p2a: Tapu Lele\n|-damage|p2a: Tapu Lele|40\/100\n|\n|-heal|p1a: Heatran|90\/100|[from] item: Leftovers\n|-damage|p2a: Tapu Lele|27\/100|[from] move: Magma Storm|[partiallytrapped]\n|-fieldend|move: Psychic Terrain\n|upkeep\n|turn|25\n|\n|t:|1700923380\n|move|p2a: Tapu Lele|Moonblast|p1a: Heatran\n|-resisted|p1a: Heatran\n|-damage|p1a: Heatran|82\/100\n|-unboost|p1a: Heatran|spa|1\n|move|p1a: Heatran|Earth Power|p2a: Tapu Lele\n|-damage|p2a: Tapu Lele|17\/100\n|\n|-heal|p1a: Heatran|88\/100|[from] item: Leftovers\n|-damage|p2a: Tapu Lele|4\/100|[from] move: Magma Storm|[partiallytrapped]\n|upkeep\n|turn|26\n|\n|t:|1700923384\n|move|p2a: Tapu Lele|Moonblast|p1a: Heatran\n|-resisted|p1a: Heatran\n|-damage|p1a: Heatran|79\/100\n|move|p1a: Heatran|Earth Power|p2a: Tapu Lele\n|-crit|p2a: Tapu Lele\n|-damage|p2a: Tapu Lele|0 fnt\n|faint|p2a: Tapu Lele\n|\n|-heal|p1a: Heatran|86\/100|[from] item: Leftovers\n|upkeep\n|\n|t:|1700923388\n|switch|p2a: Landorus|Landorus-Therian, M, shiny|100\/100\n|-damage|p2a: Landorus|88\/100|[from] Stealth Rock\n|-ability|p2a: Landorus|Intimidate|boost\n|-unboost|p1a: Heatran|atk|1\n|turn|27\n|\n|t:|1700923395\n|-terastallize|p1a: Heatran|Grass\n|move|p2a: Landorus|Earthquake|p1a: Heatran\n|-resisted|p1a: Heatran\n|-damage|p1a: Heatran|61\/100\n|move|p1a: Heatran|Magma Storm|p2a: Landorus\n|-damage|p2a: Landorus|63\/100\n|-activate|p2a: Landorus|move: Magma Storm|[of] p1a: Heatran\n|\n|-heal|p2a: Landorus|69\/100|[from] item: Leftovers\n|-heal|p1a: Heatran|68\/100|[from] item: Leftovers\n|-damage|p2a: Landorus|56\/100|[from] move: Magma Storm|[partiallytrapped]\n|upkeep\n|turn|28\n|\n|t:|1700923401\n|move|p2a: Landorus|Defog|p1a: Heatran\n|-unboost|p1a: Heatran|evasion|1\n|-sideend|p2: Bunnysai|Stealth Rock|[from] move: Defog|[of] p2a: Landorus\n|move|p1a: Heatran|Magma Storm|p2a: Landorus\n|-damage|p2a: Landorus|32\/100\n|\n|-heal|p2a: Landorus|38\/100|[from] item: Leftovers\n|-heal|p1a: Heatran|74\/100|[from] item: Leftovers\n|-damage|p2a: Landorus|26\/100|[from] move: Magma Storm|[partiallytrapped]\n|upkeep\n|turn|29\n|\n|t:|1700923405\n|move|p2a: Landorus|Sandsear Storm|p1a: Heatran\n|-resisted|p1a: Heatran\n|-damage|p1a: Heatran|62\/100\n|move|p1a: Heatran|Stealth Rock|p2a: Landorus\n|-sidestart|p2: Bunnysai|move: Stealth Rock\n|\n|-heal|p2a: Landorus|32\/100|[from] item: Leftovers\n|-heal|p1a: Heatran|68\/100|[from] item: Leftovers\n|-damage|p2a: Landorus|19\/100|[from] move: Magma Storm|[partiallytrapped]\n|upkeep\n|turn|30\n|\n|t:|1700923413\n|move|p2a: Landorus|Defog|p1a: Heatran\n|-unboost|p1a: Heatran|evasion|1\n|-sideend|p2: Bunnysai|Stealth Rock|[from] move: Defog|[of] p2a: Landorus\n|move|p1a: Heatran|Magma Storm|p2a: Landorus|[miss]\n|-miss|p1a: Heatran|p2a: Landorus\n|\n|-heal|p2a: Landorus|25\/100|[from] item: Leftovers\n|-heal|p1a: Heatran|75\/100|[from] item: Leftovers\n|-damage|p2a: Landorus|13\/100|[from] move: Magma Storm|[partiallytrapped]\n|upkeep\n|turn|31\n|\n|t:|1700923419\n|move|p2a: Landorus|Sandsear Storm|p1a: Heatran\n|-resisted|p1a: Heatran\n|-damage|p1a: Heatran|63\/100\n|-status|p1a: Heatran|brn\n|move|p1a: Heatran|Stealth Rock|p2a: Landorus\n|-sidestart|p2: Bunnysai|move: Stealth Rock\n|\n|-heal|p2a: Landorus|19\/100|[from] item: Leftovers\n|-heal|p1a: Heatran|69\/100 brn|[from] item: Leftovers\n|-damage|p1a: Heatran|63\/100 brn|[from] brn\n|-end|p2a: Landorus|Magma Storm|[partiallytrapped]\n|upkeep\n|turn|32\n|\n|t:|1700923426\n|move|p2a: Landorus|Defog|p1a: Heatran\n|-unboost|p1a: Heatran|evasion|1\n|-sideend|p2: Bunnysai|Stealth Rock|[from] move: Defog|[of] p2a: Landorus\n|move|p1a: Heatran|Magma Storm|p2a: Landorus\n|-damage|p2a: Landorus|0 fnt\n|faint|p2a: Landorus\n|\n|-heal|p1a: Heatran|69\/100 brn|[from] item: Leftovers\n|-damage|p1a: Heatran|63\/100 brn|[from] brn\n|upkeep\n|\n|t:|1700923431\n|switch|p2a: Mawile|Mawile, F, shiny|100\/100\n|turn|33\n|\n|t:|1700923436\n|detailschange|p2a: Mawile|Mawile-Mega, F, shiny\n|-mega|p2a: Mawile|Mawile|Mawilite\n|move|p1a: Heatran|Magma Storm|p2a: Mawile\n|-supereffective|p2a: Mawile\n|-damage|p2a: Mawile|56\/100\n|-activate|p2a: Mawile|move: Magma Storm|[of] p1a: Heatran\n|move|p2a: Mawile|Ice Punch|p1a: Heatran\n|-supereffective|p1a: Heatran\n|-damage|p1a: Heatran|0 fnt\n|faint|p1a: Heatran\n|\n|win|Bunnysai\n|n|\u2606Crown Oji|crownoji\n|n|\u2606Bunnysai|bunnysai\n|n|*Lady Monita \u2746|ladymonita\n|l|*Lady Monita \u2746\n|c|\u2606Crown Oji|gg\n|l|\u2606Crown Oji\n|j| TeamYourNoobs\n|j| RUMYMOME\n|l| TeamYourNoobs\n","uploadtime":1700924200,"views":0,"p1id":"crownoji","p2id":"bunnysai","formatid":"gen9nationaldex","rating":0,"private":0,"password":""}