{"id":"gen9nationaldex-1987937836","p1":"imbleed","p2":"Larrea000","format":"[Gen 9] National Dex","log":"|j|\u2606imbleed\n|j|\u2606Larrea000\n|t:|1699651029\n|gametype|singles\n|player|p1|imbleed|poppy|1505\n|player|p2|Larrea000|lenora|1521\n|teamsize|p1|6\n|teamsize|p2|6\n|gen|9\n|tier|[Gen 9] National Dex\n|rated|\n|rule|HP Percentage Mod: HP is shown in percentages\n|rule|Endless Battle Clause: Forcing endless battles is banned\n|rule|OHKO Clause: OHKO moves are banned\n|rule|Evasion Clause: Evasion abilities, items, and moves are banned\n|rule|Evasion Abilities Clause: Evasion abilities are banned\n|rule|Evasion Items Clause: Evasion items are banned\n|rule|Evasion Moves Clause: Evasion moves are banned\n|rule|Species Clause: Limit one of each Pok\u00e9mon\n|rule|Sleep Clause Mod: Limit one foe put to sleep\n|clearpoke\n|poke|p1|Necrozma|\n|poke|p1|Gyarados, M|\n|poke|p1|Starmie|\n|poke|p1|Scizor, M|\n|poke|p1|Great Tusk|\n|poke|p1|Entei|\n|poke|p2|Ribombee, F|\n|poke|p2|Xurkitree|\n|poke|p2|Banette, M|\n|poke|p2|Ogerpon, F|\n|poke|p2|Glimmora, M|\n|poke|p2|Heatran, M|\n|teampreview\n|j| kung fu pokechu\n|j| mistahmerrikuu\n|j| bigglygrande\n|j| Lonsol\n|inactive|Battle timer is ON: inactive players will automatically lose when time's up. (requested by Larrea000)\n|\n|t:|1699651062\n|start\n|switch|p1a: yes i am a cat|Entei|100\/100\n|switch|p2a: Ribombee|Ribombee, F|100\/100\n|turn|1\n|\n|t:|1699651066\n|move|p2a: Ribombee|Stun Spore|p1a: yes i am a cat\n|-status|p1a: yes i am a cat|par\n|move|p1a: yes i am a cat|Sacred Fire|p2a: Ribombee\n|-supereffective|p2a: Ribombee\n|-enditem|p2a: Ribombee|Focus Sash\n|-damage|p2a: Ribombee|1\/100\n|\n|upkeep\n|turn|2\n|\n|t:|1699651072\n|move|p2a: Ribombee|Sticky Web|p1a: yes i am a cat\n|-sidestart|p1: imbleed|move: Sticky Web\n|move|p1a: yes i am a cat|Sacred Fire|p2a: Ribombee\n|-supereffective|p2a: Ribombee\n|-damage|p2a: Ribombee|0 fnt\n|faint|p2a: Ribombee\n|\n|upkeep\n|\n|t:|1699651078\n|switch|p2a: Heatran|Heatran, M|100\/100\n|turn|3\n|\n|t:|1699651085\n|switch|p1a: gonna hit|Starmie|100\/100\n|-activate|p1a: gonna hit|move: Sticky Web\n|-unboost|p1a: gonna hit|spe|1\n|move|p2a: Heatran|Magma Storm|p1a: gonna hit\n|-resisted|p1a: gonna hit\n|-damage|p1a: gonna hit|65\/100\n|-activate|p1a: gonna hit|move: Magma Storm|[of] p2a: Heatran\n|\n|-damage|p1a: gonna hit|53\/100|[from] move: Magma Storm|[partiallytrapped]\n|upkeep\n|turn|4\n|\n|t:|1699651092\n|-zpower|p1a: gonna hit\n|move|p1a: gonna hit|Z-Gravity|p1a: gonna hit|[anim]Gravity\n|-boost|p1a: gonna hit|spa|1|[zeffect]\n|-fieldstart|move: Gravity\n|move|p2a: Heatran|Toxic|p1a: gonna hit\n|-status|p1a: gonna hit|tox\n|\n|-damage|p1a: gonna hit|46\/100 tox|[from] psn\n|-damage|p1a: gonna hit|34\/100 tox|[from] move: Magma Storm|[partiallytrapped]\n|upkeep\n|turn|5\n|\n|t:|1699651106\n|switch|p2a: Glimmora|Glimmora, M|100\/100\n|move|p1a: gonna hit|Hydro Pump|p2a: Glimmora\n|-supereffective|p2a: Glimmora\n|-enditem|p2a: Glimmora|Focus Sash\n|-damage|p2a: Glimmora|1\/100\n|\n|-damage|p1a: gonna hit|22\/100 tox|[from] psn\n|-end|p1a: gonna hit|Magma Storm|[partiallytrapped]|[silent]\n|upkeep\n|turn|6\n|\n|t:|1699651123\n|move|p2a: Glimmora|Power Gem|p1a: gonna hit\n|-damage|p1a: gonna hit|0 fnt\n|faint|p1a: gonna hit\n|\n|upkeep\n|\n|t:|1699651131\n|switch|p1a: red chud|Scizor, M|100\/100\n|-activate|p1a: red chud|move: Sticky Web\n|-unboost|p1a: red chud|spe|1\n|turn|7\n|\n|t:|1699651135\n|move|p1a: red chud|Bullet Punch|p2a: Glimmora\n|-supereffective|p2a: Glimmora\n|-damage|p2a: Glimmora|0 fnt\n|-activate|p2a: Glimmora|ability: Toxic Debris\n|-sidestart|p1: imbleed|move: Toxic Spikes\n|faint|p2a: Glimmora\n|-damage|p1a: red chud|91\/100|[from] item: Life Orb\n|\n|upkeep\n|\n|t:|1699651142\n|switch|p2a: Heatran|Heatran, M|100\/100\n|turn|8\n|\n|t:|1699651146\n|-terastallize|p1a: red chud|Fire\n|move|p2a: Heatran|Magma Storm|p1a: red chud\n|-resisted|p1a: red chud\n|-damage|p1a: red chud|53\/100\n|-activate|p1a: red chud|move: Magma Storm|[of] p2a: Heatran\n|move|p1a: red chud|Close Combat|p2a: Heatran\n|-supereffective|p2a: Heatran\n|-damage|p2a: Heatran|0 fnt\n|-unboost|p1a: red chud|def|1\n|-unboost|p1a: red chud|spd|1\n|faint|p2a: Heatran\n|-damage|p1a: red chud|43\/100|[from] item: Life Orb\n|\n|-end|p1a: red chud|Magma Storm|[partiallytrapped]|[silent]\n|-fieldend|move: Gravity\n|upkeep\n|\n|t:|1699651157\n|switch|p2a: Banette|Banette, M|100\/100\n|turn|9\n|\n|t:|1699651167\n|detailschange|p2a: Banette|Banette-Mega, M\n|-mega|p2a: Banette|Banette|Banettite\n|move|p2a: Banette|Encore|p1a: red chud\n|-start|p1a: red chud|Encore\n|move|p1a: red chud|Close Combat|p2a: Banette\n|-immune|p2a: Banette\n|\n|upkeep\n|turn|10\n|\n|t:|1699651178\n|switch|p1a: yes i am a cat|Entei|100\/100 par\n|-activate|p1a: yes i am a cat|move: Sticky Web\n|-unboost|p1a: yes i am a cat|spe|1\n|move|p2a: Banette|Poltergeist|p1a: yes i am a cat\n|-activate|p1a: yes i am a cat|move: Poltergeist|Choice Band\n|-damage|p1a: yes i am a cat|24\/100 par\n|\n|upkeep\n|turn|11\n|\n|t:|1699651186\n|move|p2a: Banette|Poltergeist|p1a: yes i am a cat\n|-activate|p1a: yes i am a cat|move: Poltergeist|Choice Band\n|-damage|p1a: yes i am a cat|0 fnt\n|faint|p1a: yes i am a cat\n|\n|upkeep\n|\n|t:|1699651189\n|switch|p1a: member|Gyarados, M|100\/100\n|-ability|p1a: member|Intimidate|boost\n|-unboost|p2a: Banette|atk|1\n|turn|12\n|\n|t:|1699651202\n|detailschange|p1a: member|Gyarados-Mega, M\n|-mega|p1a: member|Gyarados|Gyaradosite\n|-ability|p1a: member|Mold Breaker\n|move|p1a: member|Crunch|p2a: Banette\n|-supereffective|p2a: Banette\n|-damage|p2a: Banette|0 fnt\n|faint|p2a: Banette\n|\n|upkeep\n|\n|t:|1699651210\n|switch|p2a: Xurkitree|Xurkitree|100\/100\n|turn|13\n|\n|t:|1699651214\n|move|p1a: member|Waterfall|p2a: Xurkitree\n|-damage|p2a: Xurkitree|35\/100\n|cant|p2a: Xurkitree|flinch\n|\n|upkeep\n|turn|14\n|-message|Larrea000 forfeited.\n|\n|win|imbleed\n|raw|imbleed's rating: 1505 &rarr; <strong>1526<\/strong><br \/>(+21 for winning)\n|raw|Larrea000's rating: 1521 &rarr; <strong>1500<\/strong><br \/>(-21 for losing)\n|l|\u2606Larrea000\n","uploadtime":1699651228,"views":7,"p1id":"imbleed","p2id":"larrea000","formatid":"gen9nationaldex","rating":1500,"private":0,"password":""}