{"id":"gen9nationaldex-1993836796","p1":"wwwkp","p2":"Sleepikun","format":"[Gen 9] National Dex","log":"|j|\u2606wwwkp\n|j|\u2606Sleepikun\n|t:|1700363376\n|gametype|singles\n|player|p1|wwwkp|bugcatcher-gen4dp|1383\n|player|p2|Sleepikun|sabrina-masters|1343\n|teamsize|p1|6\n|teamsize|p2|6\n|gen|9\n|tier|[Gen 9] National Dex\n|rated|\n|rule|HP Percentage Mod: HP is shown in percentages\n|rule|Endless Battle Clause: Forcing endless battles is banned\n|rule|OHKO Clause: OHKO moves are banned\n|rule|Evasion Clause: Evasion abilities, items, and moves are banned\n|rule|Evasion Abilities Clause: Evasion abilities are banned\n|rule|Evasion Items Clause: Evasion items are banned\n|rule|Evasion Moves Clause: Evasion moves are banned\n|rule|Species Clause: Limit one of each Pok\u00e9mon\n|rule|Sleep Clause Mod: Limit one foe put to sleep\n|clearpoke\n|poke|p1|Toxapex, F|\n|poke|p1|Dondozo, F|\n|poke|p1|Garganacl, M|\n|poke|p1|Sableye, F|\n|poke|p1|Gliscor, M|\n|poke|p1|Blissey, F|\n|poke|p2|Garchomp, M|\n|poke|p2|Kommo-o, M|\n|poke|p2|Tyranitar, M|\n|poke|p2|Hydreigon, M|\n|poke|p2|Dragonite, M|\n|poke|p2|Salamence, F|\n|teampreview\n|\n|t:|1700363395\n|start\n|switch|p1a: Sableye|Sableye, F|100\/100\n|switch|p2a: \u70bd\u9b42\u70ed\u821e\u70c8\u97f3\u7206\uff0c\u80fd\u529b\u4e0a\u5347\u5f00\u63a8\u961f|Kommo-o, M|100\/100\n|turn|1\n|\n|t:|1700363406\n|detailschange|p1a: Sableye|Sableye-Mega, F\n|-mega|p1a: Sableye|Sableye|Sablenite\n|move|p2a: \u70bd\u9b42\u70ed\u821e\u70c8\u97f3\u7206\uff0c\u80fd\u529b\u4e0a\u5347\u5f00\u63a8\u961f|Substitute|p2a: \u70bd\u9b42\u70ed\u821e\u70c8\u97f3\u7206\uff0c\u80fd\u529b\u4e0a\u5347\u5f00\u63a8\u961f\n|-start|p2a: \u70bd\u9b42\u70ed\u821e\u70c8\u97f3\u7206\uff0c\u80fd\u529b\u4e0a\u5347\u5f00\u63a8\u961f|Substitute\n|-damage|p2a: \u70bd\u9b42\u70ed\u821e\u70c8\u97f3\u7206\uff0c\u80fd\u529b\u4e0a\u5347\u5f00\u63a8\u961f|75\/100\n|move|p1a: Sableye|Will-O-Wisp||[still]\n|-fail|p1a: Sableye\n|\n|upkeep\n|turn|2\n|\n|t:|1700363417\n|move|p2a: \u70bd\u9b42\u70ed\u821e\u70c8\u97f3\u7206\uff0c\u80fd\u529b\u4e0a\u5347\u5f00\u63a8\u961f|Belly Drum|p2a: \u70bd\u9b42\u70ed\u821e\u70c8\u97f3\u7206\uff0c\u80fd\u529b\u4e0a\u5347\u5f00\u63a8\u961f\n|-damage|p2a: \u70bd\u9b42\u70ed\u821e\u70c8\u97f3\u7206\uff0c\u80fd\u529b\u4e0a\u5347\u5f00\u63a8\u961f|25\/100\n|-setboost|p2a: \u70bd\u9b42\u70ed\u821e\u70c8\u97f3\u7206\uff0c\u80fd\u529b\u4e0a\u5347\u5f00\u63a8\u961f|atk|6|[from] move: Belly Drum\n|-enditem|p2a: \u70bd\u9b42\u70ed\u821e\u70c8\u97f3\u7206\uff0c\u80fd\u529b\u4e0a\u5347\u5f00\u63a8\u961f|Salac Berry|[eat]\n|-boost|p2a: \u70bd\u9b42\u70ed\u821e\u70c8\u97f3\u7206\uff0c\u80fd\u529b\u4e0a\u5347\u5f00\u63a8\u961f|spe|1|[from] item: Salac Berry\n|move|p1a: Sableye|Knock Off|p2a: \u70bd\u9b42\u70ed\u821e\u70c8\u97f3\u7206\uff0c\u80fd\u529b\u4e0a\u5347\u5f00\u63a8\u961f\n|-resisted|p2a: \u70bd\u9b42\u70ed\u821e\u70c8\u97f3\u7206\uff0c\u80fd\u529b\u4e0a\u5347\u5f00\u63a8\u961f\n|-activate|p2a: \u70bd\u9b42\u70ed\u821e\u70c8\u97f3\u7206\uff0c\u80fd\u529b\u4e0a\u5347\u5f00\u63a8\u961f|move: Substitute|[damage]\n|\n|upkeep\n|turn|3\n|\n|t:|1700363426\n|switch|p1a: Dondozo|Dondozo, F|100\/100\n|-terastallize|p2a: \u70bd\u9b42\u70ed\u821e\u70c8\u97f3\u7206\uff0c\u80fd\u529b\u4e0a\u5347\u5f00\u63a8\u961f|Electric\n|move|p2a: \u70bd\u9b42\u70ed\u821e\u70c8\u97f3\u7206\uff0c\u80fd\u529b\u4e0a\u5347\u5f00\u63a8\u961f|Thunder Punch|p1a: Dondozo\n|-supereffective|p1a: Dondozo\n|-damage|p1a: Dondozo|70\/100\n|\n|-heal|p1a: Dondozo|77\/100|[from] item: Leftovers\n|upkeep\n|turn|4\n|\n|t:|1700363437\n|move|p2a: \u70bd\u9b42\u70ed\u821e\u70c8\u97f3\u7206\uff0c\u80fd\u529b\u4e0a\u5347\u5f00\u63a8\u961f|Thunder Punch|p1a: Dondozo\n|-supereffective|p1a: Dondozo\n|-damage|p1a: Dondozo|43\/100\n|move|p1a: Dondozo|Curse|p1a: Dondozo\n|-unboost|p1a: Dondozo|spe|1\n|-boost|p1a: Dondozo|atk|1\n|-boost|p1a: Dondozo|def|1\n|\n|-heal|p1a: Dondozo|49\/100|[from] item: Leftovers\n|upkeep\n|turn|5\n|\n|t:|1700363447\n|move|p2a: \u70bd\u9b42\u70ed\u821e\u70c8\u97f3\u7206\uff0c\u80fd\u529b\u4e0a\u5347\u5f00\u63a8\u961f|Thunder Punch|p1a: Dondozo\n|-supereffective|p1a: Dondozo\n|-damage|p1a: Dondozo|28\/100\n|move|p1a: Dondozo|Rest|p1a: Dondozo\n|-status|p1a: Dondozo|slp|[from] move: Rest\n|-heal|p1a: Dondozo|100\/100 slp|[silent]\n|\n|upkeep\n|turn|6\n|\n|t:|1700363456\n|move|p2a: \u70bd\u9b42\u70ed\u821e\u70c8\u97f3\u7206\uff0c\u80fd\u529b\u4e0a\u5347\u5f00\u63a8\u961f|Thunder Punch|p1a: Dondozo\n|-supereffective|p1a: Dondozo\n|-damage|p1a: Dondozo|81\/100 slp\n|cant|p1a: Dondozo|slp\n|move|p1a: Dondozo|Sleep Talk|p1a: Dondozo\n|move|p1a: Dondozo|Curse|p1a: Dondozo|[from]move: Sleep Talk\n|-unboost|p1a: Dondozo|spe|1\n|-boost|p1a: Dondozo|atk|1\n|-boost|p1a: Dondozo|def|1\n|\n|-heal|p1a: Dondozo|87\/100 slp|[from] item: Leftovers\n|upkeep\n|turn|7\n|\n|t:|1700363467\n|move|p2a: \u70bd\u9b42\u70ed\u821e\u70c8\u97f3\u7206\uff0c\u80fd\u529b\u4e0a\u5347\u5f00\u63a8\u961f|Thunder Punch|p1a: Dondozo\n|-supereffective|p1a: Dondozo\n|-damage|p1a: Dondozo|73\/100 slp\n|cant|p1a: Dondozo|slp\n|move|p1a: Dondozo|Sleep Talk|p1a: Dondozo\n|move|p1a: Dondozo|Liquidation|p2a: \u70bd\u9b42\u70ed\u821e\u70c8\u97f3\u7206\uff0c\u80fd\u529b\u4e0a\u5347\u5f00\u63a8\u961f|[from]move: Sleep Talk\n|-end|p2a: \u70bd\u9b42\u70ed\u821e\u70c8\u97f3\u7206\uff0c\u80fd\u529b\u4e0a\u5347\u5f00\u63a8\u961f|Substitute\n|\n|-heal|p1a: Dondozo|79\/100 slp|[from] item: Leftovers\n|upkeep\n|turn|8\n|\n|t:|1700363477\n|move|p2a: \u70bd\u9b42\u70ed\u821e\u70c8\u97f3\u7206\uff0c\u80fd\u529b\u4e0a\u5347\u5f00\u63a8\u961f|Substitute|p2a: \u70bd\u9b42\u70ed\u821e\u70c8\u97f3\u7206\uff0c\u80fd\u529b\u4e0a\u5347\u5f00\u63a8\u961f\n|-fail|p2a: \u70bd\u9b42\u70ed\u821e\u70c8\u97f3\u7206\uff0c\u80fd\u529b\u4e0a\u5347\u5f00\u63a8\u961f|move: Substitute|[weak]\n|-curestatus|p1a: Dondozo|slp|[msg]\n|move|p1a: Dondozo|Liquidation|p2a: \u70bd\u9b42\u70ed\u821e\u70c8\u97f3\u7206\uff0c\u80fd\u529b\u4e0a\u5347\u5f00\u63a8\u961f\n|-damage|p2a: \u70bd\u9b42\u70ed\u821e\u70c8\u97f3\u7206\uff0c\u80fd\u529b\u4e0a\u5347\u5f00\u63a8\u961f|0 fnt\n|faint|p2a: \u70bd\u9b42\u70ed\u821e\u70c8\u97f3\u7206\uff0c\u80fd\u529b\u4e0a\u5347\u5f00\u63a8\u961f\n|\n|-heal|p1a: Dondozo|85\/100|[from] item: Leftovers\n|upkeep\n|\n|t:|1700363489\n|switch|p2a: \u56db\u500d\u5f31\u5996\u795e\u96be\u6551\uff0c\u592a\u6676\u4e4b\u529b\u6551\u4e00\u6551|Hydreigon, M|100\/100\n|turn|9\n|\n|t:|1700363495\n|move|p2a: \u56db\u500d\u5f31\u5996\u795e\u96be\u6551\uff0c\u592a\u6676\u4e4b\u529b\u6551\u4e00\u6551|Dark Pulse|p1a: Dondozo\n|-damage|p1a: Dondozo|47\/100\n|move|p1a: Dondozo|Liquidation|p2a: \u56db\u500d\u5f31\u5996\u795e\u96be\u6551\uff0c\u592a\u6676\u4e4b\u529b\u6551\u4e00\u6551\n|-resisted|p2a: \u56db\u500d\u5f31\u5996\u795e\u96be\u6551\uff0c\u592a\u6676\u4e4b\u529b\u6551\u4e00\u6551\n|-crit|p2a: \u56db\u500d\u5f31\u5996\u795e\u96be\u6551\uff0c\u592a\u6676\u4e4b\u529b\u6551\u4e00\u6551\n|-damage|p2a: \u56db\u500d\u5f31\u5996\u795e\u96be\u6551\uff0c\u592a\u6676\u4e4b\u529b\u6551\u4e00\u6551|52\/100\n|-unboost|p2a: \u56db\u500d\u5f31\u5996\u795e\u96be\u6551\uff0c\u592a\u6676\u4e4b\u529b\u6551\u4e00\u6551|def|1\n|\n|-heal|p1a: Dondozo|54\/100|[from] item: Leftovers\n|upkeep\n|turn|10\n|\n|t:|1700363505\n|move|p2a: \u56db\u500d\u5f31\u5996\u795e\u96be\u6551\uff0c\u592a\u6676\u4e4b\u529b\u6551\u4e00\u6551|Dark Pulse|p1a: Dondozo\n|-damage|p1a: Dondozo|15\/100\n|move|p1a: Dondozo|Liquidation|p2a: \u56db\u500d\u5f31\u5996\u795e\u96be\u6551\uff0c\u592a\u6676\u4e4b\u529b\u6551\u4e00\u6551\n|-resisted|p2a: \u56db\u500d\u5f31\u5996\u795e\u96be\u6551\uff0c\u592a\u6676\u4e4b\u529b\u6551\u4e00\u6551\n|-damage|p2a: \u56db\u500d\u5f31\u5996\u795e\u96be\u6551\uff0c\u592a\u6676\u4e4b\u529b\u6551\u4e00\u6551|17\/100\n|\n|-heal|p1a: Dondozo|22\/100|[from] item: Leftovers\n|upkeep\n|turn|11\n|\n|t:|1700363530\n|switch|p1a: Toxapex|Toxapex, F|100\/100\n|move|p2a: \u56db\u500d\u5f31\u5996\u795e\u96be\u6551\uff0c\u592a\u6676\u4e4b\u529b\u6551\u4e00\u6551|Dark Pulse|p1a: Toxapex\n|-damage|p1a: Toxapex|77\/100\n|\n|upkeep\n|turn|12\n|\n|t:|1700363538\n|switch|p2a: \u5934\u76d4\u9ca8\u76ae\u8e6d\u4f24\u5bb3\uff0c\u9664\u4e86\u6492\u9489\u65e0\u4ed6\u7528|Garchomp, M|100\/100\n|move|p1a: Toxapex|Toxic|p2a: \u5934\u76d4\u9ca8\u76ae\u8e6d\u4f24\u5bb3\uff0c\u9664\u4e86\u6492\u9489\u65e0\u4ed6\u7528\n|-status|p2a: \u5934\u76d4\u9ca8\u76ae\u8e6d\u4f24\u5bb3\uff0c\u9664\u4e86\u6492\u9489\u65e0\u4ed6\u7528|tox\n|\n|-damage|p2a: \u5934\u76d4\u9ca8\u76ae\u8e6d\u4f24\u5bb3\uff0c\u9664\u4e86\u6492\u9489\u65e0\u4ed6\u7528|94\/100 tox|[from] psn\n|upkeep\n|turn|13\n|\n|t:|1700363551\n|move|p2a: \u5934\u76d4\u9ca8\u76ae\u8e6d\u4f24\u5bb3\uff0c\u9664\u4e86\u6492\u9489\u65e0\u4ed6\u7528|Swords Dance|p2a: \u5934\u76d4\u9ca8\u76ae\u8e6d\u4f24\u5bb3\uff0c\u9664\u4e86\u6492\u9489\u65e0\u4ed6\u7528\n|-boost|p2a: \u5934\u76d4\u9ca8\u76ae\u8e6d\u4f24\u5bb3\uff0c\u9664\u4e86\u6492\u9489\u65e0\u4ed6\u7528|atk|2\n|move|p1a: Toxapex|Scald|p2a: \u5934\u76d4\u9ca8\u76ae\u8e6d\u4f24\u5bb3\uff0c\u9664\u4e86\u6492\u9489\u65e0\u4ed6\u7528\n|-damage|p2a: \u5934\u76d4\u9ca8\u76ae\u8e6d\u4f24\u5bb3\uff0c\u9664\u4e86\u6492\u9489\u65e0\u4ed6\u7528|76\/100 tox\n|\n|-damage|p2a: \u5934\u76d4\u9ca8\u76ae\u8e6d\u4f24\u5bb3\uff0c\u9664\u4e86\u6492\u9489\u65e0\u4ed6\u7528|63\/100 tox|[from] psn\n|upkeep\n|turn|14\n|\n|t:|1700363561\n|switch|p1a: Dondozo|Dondozo, F|22\/100\n|move|p2a: \u5934\u76d4\u9ca8\u76ae\u8e6d\u4f24\u5bb3\uff0c\u9664\u4e86\u6492\u9489\u65e0\u4ed6\u7528|Earthquake|p1a: Dondozo\n|-damage|p1a: Dondozo|0 fnt\n|faint|p1a: Dondozo\n|\n|-damage|p2a: \u5934\u76d4\u9ca8\u76ae\u8e6d\u4f24\u5bb3\uff0c\u9664\u4e86\u6492\u9489\u65e0\u4ed6\u7528|45\/100 tox|[from] psn\n|upkeep\n|\n|t:|1700363569\n|switch|p1a: Gliscor|Gliscor, M|100\/100\n|turn|15\n|\n|t:|1700363575\n|detailschange|p2a: \u5934\u76d4\u9ca8\u76ae\u8e6d\u4f24\u5bb3\uff0c\u9664\u4e86\u6492\u9489\u65e0\u4ed6\u7528|Garchomp-Mega, M\n|-mega|p2a: \u5934\u76d4\u9ca8\u76ae\u8e6d\u4f24\u5bb3\uff0c\u9664\u4e86\u6492\u9489\u65e0\u4ed6\u7528|Garchomp|Garchompite\n|move|p2a: \u5934\u76d4\u9ca8\u76ae\u8e6d\u4f24\u5bb3\uff0c\u9664\u4e86\u6492\u9489\u65e0\u4ed6\u7528|Scale Shot|p1a: Gliscor\n|-damage|p1a: Gliscor|82\/100\n|-damage|p1a: Gliscor|63\/100\n|-damage|p1a: Gliscor|44\/100\n|-damage|p1a: Gliscor|27\/100\n|-hitcount|p1a: Gliscor|4\n|-unboost|p2a: \u5934\u76d4\u9ca8\u76ae\u8e6d\u4f24\u5bb3\uff0c\u9664\u4e86\u6492\u9489\u65e0\u4ed6\u7528|def|1\n|-boost|p2a: \u5934\u76d4\u9ca8\u76ae\u8e6d\u4f24\u5bb3\uff0c\u9664\u4e86\u6492\u9489\u65e0\u4ed6\u7528|spe|1\n|move|p1a: Gliscor|Earthquake|p2a: \u5934\u76d4\u9ca8\u76ae\u8e6d\u4f24\u5bb3\uff0c\u9664\u4e86\u6492\u9489\u65e0\u4ed6\u7528\n|-damage|p2a: \u5934\u76d4\u9ca8\u76ae\u8e6d\u4f24\u5bb3\uff0c\u9664\u4e86\u6492\u9489\u65e0\u4ed6\u7528|2\/100 tox\n|\n|-damage|p2a: \u5934\u76d4\u9ca8\u76ae\u8e6d\u4f24\u5bb3\uff0c\u9664\u4e86\u6492\u9489\u65e0\u4ed6\u7528|0 fnt|[from] psn\n|faint|p2a: \u5934\u76d4\u9ca8\u76ae\u8e6d\u4f24\u5bb3\uff0c\u9664\u4e86\u6492\u9489\u65e0\u4ed6\u7528\n|-status|p1a: Gliscor|tox|[from] item: Toxic Orb\n|upkeep\n|\n|t:|1700363584\n|switch|p2a: \u6ca1\u4e86mega\u7740\u5b9e\u4f24\uff0c\u51e0\u4e4e\u518d\u65e0\u7528\u6b66\u5730|Salamence, F|100\/100\n|turn|16\n|\n|t:|1700363606\n|move|p2a: \u6ca1\u4e86mega\u7740\u5b9e\u4f24\uff0c\u51e0\u4e4e\u518d\u65e0\u7528\u6b66\u5730|Outrage|p1a: Gliscor\n|-damage|p1a: Gliscor|0 fnt\n|faint|p1a: Gliscor\n|-ability|p2a: \u6ca1\u4e86mega\u7740\u5b9e\u4f24\uff0c\u51e0\u4e4e\u518d\u65e0\u7528\u6b66\u5730|Moxie|boost\n|-boost|p2a: \u6ca1\u4e86mega\u7740\u5b9e\u4f24\uff0c\u51e0\u4e4e\u518d\u65e0\u7528\u6b66\u5730|atk|1\n|\n|upkeep\n|\n|t:|1700363612\n|switch|p1a: Toxapex|Toxapex, F|100\/100\n|turn|17\n|\n|t:|1700363616\n|-terastallize|p1a: Toxapex|Fairy\n|move|p2a: \u6ca1\u4e86mega\u7740\u5b9e\u4f24\uff0c\u51e0\u4e4e\u518d\u65e0\u7528\u6b66\u5730|Outrage|p1a: Toxapex|[from]lockedmove\n|-immune|p1a: Toxapex\n|move|p1a: Toxapex|Toxic|p2a: \u6ca1\u4e86mega\u7740\u5b9e\u4f24\uff0c\u51e0\u4e4e\u518d\u65e0\u7528\u6b66\u5730\n|-status|p2a: \u6ca1\u4e86mega\u7740\u5b9e\u4f24\uff0c\u51e0\u4e4e\u518d\u65e0\u7528\u6b66\u5730|tox\n|\n|-damage|p2a: \u6ca1\u4e86mega\u7740\u5b9e\u4f24\uff0c\u51e0\u4e4e\u518d\u65e0\u7528\u6b66\u5730|94\/100 tox|[from] psn\n|upkeep\n|turn|18\n|\n|t:|1700363627\n|move|p2a: \u6ca1\u4e86mega\u7740\u5b9e\u4f24\uff0c\u51e0\u4e4e\u518d\u65e0\u7528\u6b66\u5730|Dragon Dance|p2a: \u6ca1\u4e86mega\u7740\u5b9e\u4f24\uff0c\u51e0\u4e4e\u518d\u65e0\u7528\u6b66\u5730\n|-boost|p2a: \u6ca1\u4e86mega\u7740\u5b9e\u4f24\uff0c\u51e0\u4e4e\u518d\u65e0\u7528\u6b66\u5730|atk|1\n|-boost|p2a: \u6ca1\u4e86mega\u7740\u5b9e\u4f24\uff0c\u51e0\u4e4e\u518d\u65e0\u7528\u6b66\u5730|spe|1\n|move|p1a: Toxapex|Scald|p2a: \u6ca1\u4e86mega\u7740\u5b9e\u4f24\uff0c\u51e0\u4e4e\u518d\u65e0\u7528\u6b66\u5730\n|-resisted|p2a: \u6ca1\u4e86mega\u7740\u5b9e\u4f24\uff0c\u51e0\u4e4e\u518d\u65e0\u7528\u6b66\u5730\n|-crit|p2a: \u6ca1\u4e86mega\u7740\u5b9e\u4f24\uff0c\u51e0\u4e4e\u518d\u65e0\u7528\u6b66\u5730\n|-damage|p2a: \u6ca1\u4e86mega\u7740\u5b9e\u4f24\uff0c\u51e0\u4e4e\u518d\u65e0\u7528\u6b66\u5730|78\/100 tox\n|\n|-damage|p2a: \u6ca1\u4e86mega\u7740\u5b9e\u4f24\uff0c\u51e0\u4e4e\u518d\u65e0\u7528\u6b66\u5730|66\/100 tox|[from] psn\n|upkeep\n|turn|19\n|\n|t:|1700363635\n|move|p2a: \u6ca1\u4e86mega\u7740\u5b9e\u4f24\uff0c\u51e0\u4e4e\u518d\u65e0\u7528\u6b66\u5730|Dual Wingbeat|p1a: Toxapex\n|-damage|p1a: Toxapex|67\/100\n|-damage|p1a: Toxapex|35\/100\n|-hitcount|p1a: Toxapex|2\n|move|p1a: Toxapex|Haze|p1a: Toxapex\n|-clearallboost\n|\n|-damage|p2a: \u6ca1\u4e86mega\u7740\u5b9e\u4f24\uff0c\u51e0\u4e4e\u518d\u65e0\u7528\u6b66\u5730|48\/100 tox|[from] psn\n|upkeep\n|turn|20\n|\n|t:|1700363644\n|switch|p1a: Garganacl|Garganacl, M|100\/100\n|move|p2a: \u6ca1\u4e86mega\u7740\u5b9e\u4f24\uff0c\u51e0\u4e4e\u518d\u65e0\u7528\u6b66\u5730|Dual Wingbeat|p1a: Garganacl\n|-resisted|p1a: Garganacl\n|-damage|p1a: Garganacl|93\/100\n|-resisted|p1a: Garganacl\n|-crit|p1a: Garganacl\n|-damage|p1a: Garganacl|82\/100\n|-hitcount|p1a: Garganacl|2\n|\n|-heal|p1a: Garganacl|88\/100|[from] item: Leftovers\n|-damage|p2a: \u6ca1\u4e86mega\u7740\u5b9e\u4f24\uff0c\u51e0\u4e4e\u518d\u65e0\u7528\u6b66\u5730|24\/100 tox|[from] psn\n|upkeep\n|turn|21\n|\n|t:|1700363654\n|move|p1a: Garganacl|Protect|p1a: Garganacl\n|-singleturn|p1a: Garganacl|Protect\n|move|p2a: \u6ca1\u4e86mega\u7740\u5b9e\u4f24\uff0c\u51e0\u4e4e\u518d\u65e0\u7528\u6b66\u5730|Earthquake|p1a: Garganacl\n|-activate|p1a: Garganacl|move: Protect\n|\n|-heal|p1a: Garganacl|94\/100|[from] item: Leftovers\n|-damage|p2a: \u6ca1\u4e86mega\u7740\u5b9e\u4f24\uff0c\u51e0\u4e4e\u518d\u65e0\u7528\u6b66\u5730|0 fnt|[from] psn\n|faint|p2a: \u6ca1\u4e86mega\u7740\u5b9e\u4f24\uff0c\u51e0\u4e4e\u518d\u65e0\u7528\u6b66\u5730\n|upkeep\n|\n|t:|1700363659\n|switch|p2a: \u6c99\u66b4\u7279\u9632\u731b\u7ffb\u500d\uff0c\u5373\u4f7f\u56db\u500d\u4e5f\u80fd\u6297|Tyranitar, M|100\/100\n|-weather|Sandstorm|[from] ability: Sand Stream|[of] p2a: \u6c99\u66b4\u7279\u9632\u731b\u7ffb\u500d\uff0c\u5373\u4f7f\u56db\u500d\u4e5f\u80fd\u6297\n|turn|22\n|\n|t:|1700363670\n|move|p2a: \u6c99\u66b4\u7279\u9632\u731b\u7ffb\u500d\uff0c\u5373\u4f7f\u56db\u500d\u4e5f\u80fd\u6297|Earthquake|p1a: Garganacl\n|-supereffective|p1a: Garganacl\n|-damage|p1a: Garganacl|22\/100\n|move|p1a: Garganacl|Salt Cure|p2a: \u6c99\u66b4\u7279\u9632\u731b\u7ffb\u500d\uff0c\u5373\u4f7f\u56db\u500d\u4e5f\u80fd\u6297\n|-damage|p2a: \u6c99\u66b4\u7279\u9632\u731b\u7ffb\u500d\uff0c\u5373\u4f7f\u56db\u500d\u4e5f\u80fd\u6297|89\/100\n|-start|p2a: \u6c99\u66b4\u7279\u9632\u731b\u7ffb\u500d\uff0c\u5373\u4f7f\u56db\u500d\u4e5f\u80fd\u6297|Salt Cure\n|\n|-weather|Sandstorm|[upkeep]\n|-heal|p1a: Garganacl|28\/100|[from] item: Leftovers\n|-damage|p2a: \u6c99\u66b4\u7279\u9632\u731b\u7ffb\u500d\uff0c\u5373\u4f7f\u56db\u500d\u4e5f\u80fd\u6297|77\/100|[from] Salt Cure\n|upkeep\n|turn|23\n|\n|t:|1700363680\n|move|p1a: Garganacl|Protect|p1a: Garganacl\n|-singleturn|p1a: Garganacl|Protect\n|move|p2a: \u6c99\u66b4\u7279\u9632\u731b\u7ffb\u500d\uff0c\u5373\u4f7f\u56db\u500d\u4e5f\u80fd\u6297|Earthquake|p1a: Garganacl\n|-activate|p1a: Garganacl|move: Protect\n|\n|-weather|Sandstorm|[upkeep]\n|-heal|p1a: Garganacl|34\/100|[from] item: Leftovers\n|-damage|p2a: \u6c99\u66b4\u7279\u9632\u731b\u7ffb\u500d\uff0c\u5373\u4f7f\u56db\u500d\u4e5f\u80fd\u6297|65\/100|[from] Salt Cure\n|upkeep\n|turn|24\n|\n|t:|1700363693\n|switch|p1a: Sableye|Sableye-Mega, F|100\/100\n|move|p2a: \u6c99\u66b4\u7279\u9632\u731b\u7ffb\u500d\uff0c\u5373\u4f7f\u56db\u500d\u4e5f\u80fd\u6297|Earthquake|p1a: Sableye\n|-damage|p1a: Sableye|60\/100\n|\n|-weather|Sandstorm|[upkeep]\n|-damage|p1a: Sableye|53\/100|[from] Sandstorm\n|-damage|p2a: \u6c99\u66b4\u7279\u9632\u731b\u7ffb\u500d\uff0c\u5373\u4f7f\u56db\u500d\u4e5f\u80fd\u6297|52\/100|[from] Salt Cure\n|upkeep\n|turn|25\n|\n|t:|1700363715\n|switch|p2a: \u5148\u5236\u9738\u8005\u795e\u4e4b\u901f\uff0c\u591a\u91cd\u9cde\u7247\u4fdd\u5b89\u5168|Dragonite, M|100\/100\n|move|p1a: Sableye|Recover|p1a: Sableye\n|-heal|p1a: Sableye|100\/100\n|\n|-weather|Sandstorm|[upkeep]\n|-damage|p2a: \u5148\u5236\u9738\u8005\u795e\u4e4b\u901f\uff0c\u591a\u91cd\u9cde\u7247\u4fdd\u5b89\u5168|94\/100|[from] Sandstorm\n|-damage|p1a: Sableye|94\/100|[from] Sandstorm\n|upkeep\n|turn|26\n|\n|t:|1700363730\n|move|p2a: \u5148\u5236\u9738\u8005\u795e\u4e4b\u901f\uff0c\u591a\u91cd\u9cde\u7247\u4fdd\u5b89\u5168|Curse|p2a: \u5148\u5236\u9738\u8005\u795e\u4e4b\u901f\uff0c\u591a\u91cd\u9cde\u7247\u4fdd\u5b89\u5168\n|-unboost|p2a: \u5148\u5236\u9738\u8005\u795e\u4e4b\u901f\uff0c\u591a\u91cd\u9cde\u7247\u4fdd\u5b89\u5168|spe|1\n|-boost|p2a: \u5148\u5236\u9738\u8005\u795e\u4e4b\u901f\uff0c\u591a\u91cd\u9cde\u7247\u4fdd\u5b89\u5168|atk|1\n|-boost|p2a: \u5148\u5236\u9738\u8005\u795e\u4e4b\u901f\uff0c\u591a\u91cd\u9cde\u7247\u4fdd\u5b89\u5168|def|1\n|move|p1a: Sableye|Will-O-Wisp|p2a: \u5148\u5236\u9738\u8005\u795e\u4e4b\u901f\uff0c\u591a\u91cd\u9cde\u7247\u4fdd\u5b89\u5168\n|-status|p2a: \u5148\u5236\u9738\u8005\u795e\u4e4b\u901f\uff0c\u591a\u91cd\u9cde\u7247\u4fdd\u5b89\u5168|brn\n|\n|-weather|none\n|-damage|p2a: \u5148\u5236\u9738\u8005\u795e\u4e4b\u901f\uff0c\u591a\u91cd\u9cde\u7247\u4fdd\u5b89\u5168|88\/100 brn|[from] brn\n|upkeep\n|turn|27\n|\n|t:|1700363744\n|move|p2a: \u5148\u5236\u9738\u8005\u795e\u4e4b\u901f\uff0c\u591a\u91cd\u9cde\u7247\u4fdd\u5b89\u5168|Curse|p2a: \u5148\u5236\u9738\u8005\u795e\u4e4b\u901f\uff0c\u591a\u91cd\u9cde\u7247\u4fdd\u5b89\u5168\n|-unboost|p2a: \u5148\u5236\u9738\u8005\u795e\u4e4b\u901f\uff0c\u591a\u91cd\u9cde\u7247\u4fdd\u5b89\u5168|spe|1\n|-boost|p2a: \u5148\u5236\u9738\u8005\u795e\u4e4b\u901f\uff0c\u591a\u91cd\u9cde\u7247\u4fdd\u5b89\u5168|atk|1\n|-boost|p2a: \u5148\u5236\u9738\u8005\u795e\u4e4b\u901f\uff0c\u591a\u91cd\u9cde\u7247\u4fdd\u5b89\u5168|def|1\n|move|p1a: Sableye|Knock Off|p2a: \u5148\u5236\u9738\u8005\u795e\u4e4b\u901f\uff0c\u591a\u91cd\u9cde\u7247\u4fdd\u5b89\u5168\n|-crit|p2a: \u5148\u5236\u9738\u8005\u795e\u4e4b\u901f\uff0c\u591a\u91cd\u9cde\u7247\u4fdd\u5b89\u5168\n|-damage|p2a: \u5148\u5236\u9738\u8005\u795e\u4e4b\u901f\uff0c\u591a\u91cd\u9cde\u7247\u4fdd\u5b89\u5168|48\/100 brn\n|-enditem|p2a: \u5148\u5236\u9738\u8005\u795e\u4e4b\u901f\uff0c\u591a\u91cd\u9cde\u7247\u4fdd\u5b89\u5168|Heavy-Duty Boots|[from] move: Knock Off|[of] p1a: Sableye\n|\n|-damage|p2a: \u5148\u5236\u9738\u8005\u795e\u4e4b\u901f\uff0c\u591a\u91cd\u9cde\u7247\u4fdd\u5b89\u5168|42\/100 brn|[from] brn\n|upkeep\n|turn|28\n|\n|t:|1700363760\n|move|p1a: Sableye|Protect|p1a: Sableye\n|-singleturn|p1a: Sableye|Protect\n|move|p2a: \u5148\u5236\u9738\u8005\u795e\u4e4b\u901f\uff0c\u591a\u91cd\u9cde\u7247\u4fdd\u5b89\u5168|Roost|p2a: \u5148\u5236\u9738\u8005\u795e\u4e4b\u901f\uff0c\u591a\u91cd\u9cde\u7247\u4fdd\u5b89\u5168\n|-heal|p2a: \u5148\u5236\u9738\u8005\u795e\u4e4b\u901f\uff0c\u591a\u91cd\u9cde\u7247\u4fdd\u5b89\u5168|92\/100 brn\n|-singleturn|p2a: \u5148\u5236\u9738\u8005\u795e\u4e4b\u901f\uff0c\u591a\u91cd\u9cde\u7247\u4fdd\u5b89\u5168|move: Roost\n|\n|-damage|p2a: \u5148\u5236\u9738\u8005\u795e\u4e4b\u901f\uff0c\u591a\u91cd\u9cde\u7247\u4fdd\u5b89\u5168|86\/100 brn|[from] brn\n|upkeep\n|turn|29\n|\n|t:|1700363770\n|move|p2a: \u5148\u5236\u9738\u8005\u795e\u4e4b\u901f\uff0c\u591a\u91cd\u9cde\u7247\u4fdd\u5b89\u5168|Curse|p2a: \u5148\u5236\u9738\u8005\u795e\u4e4b\u901f\uff0c\u591a\u91cd\u9cde\u7247\u4fdd\u5b89\u5168\n|-unboost|p2a: \u5148\u5236\u9738\u8005\u795e\u4e4b\u901f\uff0c\u591a\u91cd\u9cde\u7247\u4fdd\u5b89\u5168|spe|1\n|-boost|p2a: \u5148\u5236\u9738\u8005\u795e\u4e4b\u901f\uff0c\u591a\u91cd\u9cde\u7247\u4fdd\u5b89\u5168|atk|1\n|-boost|p2a: \u5148\u5236\u9738\u8005\u795e\u4e4b\u901f\uff0c\u591a\u91cd\u9cde\u7247\u4fdd\u5b89\u5168|def|1\n|move|p1a: Sableye|Knock Off|p2a: \u5148\u5236\u9738\u8005\u795e\u4e4b\u901f\uff0c\u591a\u91cd\u9cde\u7247\u4fdd\u5b89\u5168\n|-damage|p2a: \u5148\u5236\u9738\u8005\u795e\u4e4b\u901f\uff0c\u591a\u91cd\u9cde\u7247\u4fdd\u5b89\u5168|78\/100 brn\n|\n|-damage|p2a: \u5148\u5236\u9738\u8005\u795e\u4e4b\u901f\uff0c\u591a\u91cd\u9cde\u7247\u4fdd\u5b89\u5168|72\/100 brn|[from] brn\n|upkeep\n|turn|30\n|\n|t:|1700363779\n|move|p2a: \u5148\u5236\u9738\u8005\u795e\u4e4b\u901f\uff0c\u591a\u91cd\u9cde\u7247\u4fdd\u5b89\u5168|Curse|p2a: \u5148\u5236\u9738\u8005\u795e\u4e4b\u901f\uff0c\u591a\u91cd\u9cde\u7247\u4fdd\u5b89\u5168\n|-unboost|p2a: \u5148\u5236\u9738\u8005\u795e\u4e4b\u901f\uff0c\u591a\u91cd\u9cde\u7247\u4fdd\u5b89\u5168|spe|1\n|-boost|p2a: \u5148\u5236\u9738\u8005\u795e\u4e4b\u901f\uff0c\u591a\u91cd\u9cde\u7247\u4fdd\u5b89\u5168|atk|1\n|-boost|p2a: \u5148\u5236\u9738\u8005\u795e\u4e4b\u901f\uff0c\u591a\u91cd\u9cde\u7247\u4fdd\u5b89\u5168|def|1\n|move|p1a: Sableye|Knock Off|p2a: \u5148\u5236\u9738\u8005\u795e\u4e4b\u901f\uff0c\u591a\u91cd\u9cde\u7247\u4fdd\u5b89\u5168\n|-damage|p2a: \u5148\u5236\u9738\u8005\u795e\u4e4b\u901f\uff0c\u591a\u91cd\u9cde\u7247\u4fdd\u5b89\u5168|67\/100 brn\n|\n|-damage|p2a: \u5148\u5236\u9738\u8005\u795e\u4e4b\u901f\uff0c\u591a\u91cd\u9cde\u7247\u4fdd\u5b89\u5168|60\/100 brn|[from] brn\n|upkeep\n|turn|31\n|l|\u2606Sleepikun\n|player|p2|\n|j|\u2606Sleepikun\n|player|p2|Sleepikun|sabrina-masters\n|\n|t:|1700363846\n|switch|p1a: Garganacl|Garganacl, M|34\/100\n|move|p2a: \u5148\u5236\u9738\u8005\u795e\u4e4b\u901f\uff0c\u591a\u91cd\u9cde\u7247\u4fdd\u5b89\u5168|Curse|p2a: \u5148\u5236\u9738\u8005\u795e\u4e4b\u901f\uff0c\u591a\u91cd\u9cde\u7247\u4fdd\u5b89\u5168\n|-unboost|p2a: \u5148\u5236\u9738\u8005\u795e\u4e4b\u901f\uff0c\u591a\u91cd\u9cde\u7247\u4fdd\u5b89\u5168|spe|1\n|-boost|p2a: \u5148\u5236\u9738\u8005\u795e\u4e4b\u901f\uff0c\u591a\u91cd\u9cde\u7247\u4fdd\u5b89\u5168|atk|1\n|-boost|p2a: \u5148\u5236\u9738\u8005\u795e\u4e4b\u901f\uff0c\u591a\u91cd\u9cde\u7247\u4fdd\u5b89\u5168|def|1\n|\n|-heal|p1a: Garganacl|40\/100|[from] item: Leftovers\n|-damage|p2a: \u5148\u5236\u9738\u8005\u795e\u4e4b\u901f\uff0c\u591a\u91cd\u9cde\u7247\u4fdd\u5b89\u5168|54\/100 brn|[from] brn\n|upkeep\n|turn|32\n|\n|t:|1700363856\n|move|p1a: Garganacl|Salt Cure|p2a: \u5148\u5236\u9738\u8005\u795e\u4e4b\u901f\uff0c\u591a\u91cd\u9cde\u7247\u4fdd\u5b89\u5168\n|-supereffective|p2a: \u5148\u5236\u9738\u8005\u795e\u4e4b\u901f\uff0c\u591a\u91cd\u9cde\u7247\u4fdd\u5b89\u5168\n|-damage|p2a: \u5148\u5236\u9738\u8005\u795e\u4e4b\u901f\uff0c\u591a\u91cd\u9cde\u7247\u4fdd\u5b89\u5168|46\/100 brn\n|-start|p2a: \u5148\u5236\u9738\u8005\u795e\u4e4b\u901f\uff0c\u591a\u91cd\u9cde\u7247\u4fdd\u5b89\u5168|Salt Cure\n|move|p2a: \u5148\u5236\u9738\u8005\u795e\u4e4b\u901f\uff0c\u591a\u91cd\u9cde\u7247\u4fdd\u5b89\u5168|Earthquake|p1a: Garganacl\n|-supereffective|p1a: Garganacl\n|-damage|p1a: Garganacl|0 fnt\n|faint|p1a: Garganacl\n|\n|-damage|p2a: \u5148\u5236\u9738\u8005\u795e\u4e4b\u901f\uff0c\u591a\u91cd\u9cde\u7247\u4fdd\u5b89\u5168|40\/100 brn|[from] brn\n|-damage|p2a: \u5148\u5236\u9738\u8005\u795e\u4e4b\u901f\uff0c\u591a\u91cd\u9cde\u7247\u4fdd\u5b89\u5168|28\/100 brn|[from] Salt Cure\n|upkeep\n|\n|t:|1700363871\n|switch|p1a: Sableye|Sableye-Mega, F|94\/100\n|turn|33\n|\n|t:|1700363876\n|move|p1a: Sableye|Protect|p1a: Sableye\n|-singleturn|p1a: Sableye|Protect\n|move|p2a: \u5148\u5236\u9738\u8005\u795e\u4e4b\u901f\uff0c\u591a\u91cd\u9cde\u7247\u4fdd\u5b89\u5168|Roost|p2a: \u5148\u5236\u9738\u8005\u795e\u4e4b\u901f\uff0c\u591a\u91cd\u9cde\u7247\u4fdd\u5b89\u5168\n|-heal|p2a: \u5148\u5236\u9738\u8005\u795e\u4e4b\u901f\uff0c\u591a\u91cd\u9cde\u7247\u4fdd\u5b89\u5168|78\/100 brn\n|-singleturn|p2a: \u5148\u5236\u9738\u8005\u795e\u4e4b\u901f\uff0c\u591a\u91cd\u9cde\u7247\u4fdd\u5b89\u5168|move: Roost\n|\n|-damage|p2a: \u5148\u5236\u9738\u8005\u795e\u4e4b\u901f\uff0c\u591a\u91cd\u9cde\u7247\u4fdd\u5b89\u5168|71\/100 brn|[from] brn\n|-damage|p2a: \u5148\u5236\u9738\u8005\u795e\u4e4b\u901f\uff0c\u591a\u91cd\u9cde\u7247\u4fdd\u5b89\u5168|59\/100 brn|[from] Salt Cure\n|upkeep\n|turn|34\n|\n|t:|1700363887\n|switch|p1a: Blissey|Blissey, F|100\/100\n|move|p2a: \u5148\u5236\u9738\u8005\u795e\u4e4b\u901f\uff0c\u591a\u91cd\u9cde\u7247\u4fdd\u5b89\u5168|Curse|p2a: \u5148\u5236\u9738\u8005\u795e\u4e4b\u901f\uff0c\u591a\u91cd\u9cde\u7247\u4fdd\u5b89\u5168\n|-unboost|p2a: \u5148\u5236\u9738\u8005\u795e\u4e4b\u901f\uff0c\u591a\u91cd\u9cde\u7247\u4fdd\u5b89\u5168|spe|1\n|-boost|p2a: \u5148\u5236\u9738\u8005\u795e\u4e4b\u901f\uff0c\u591a\u91cd\u9cde\u7247\u4fdd\u5b89\u5168|atk|1\n|-boost|p2a: \u5148\u5236\u9738\u8005\u795e\u4e4b\u901f\uff0c\u591a\u91cd\u9cde\u7247\u4fdd\u5b89\u5168|def|1\n|\n|-damage|p2a: \u5148\u5236\u9738\u8005\u795e\u4e4b\u901f\uff0c\u591a\u91cd\u9cde\u7247\u4fdd\u5b89\u5168|53\/100 brn|[from] brn\n|-damage|p2a: \u5148\u5236\u9738\u8005\u795e\u4e4b\u901f\uff0c\u591a\u91cd\u9cde\u7247\u4fdd\u5b89\u5168|40\/100 brn|[from] Salt Cure\n|upkeep\n|turn|35\n|\n|t:|1700363899\n|move|p1a: Blissey|Soft-Boiled||[still]\n|-fail|p1a: Blissey|heal\n|move|p2a: \u5148\u5236\u9738\u8005\u795e\u4e4b\u901f\uff0c\u591a\u91cd\u9cde\u7247\u4fdd\u5b89\u5168|Roost|p2a: \u5148\u5236\u9738\u8005\u795e\u4e4b\u901f\uff0c\u591a\u91cd\u9cde\u7247\u4fdd\u5b89\u5168\n|-heal|p2a: \u5148\u5236\u9738\u8005\u795e\u4e4b\u901f\uff0c\u591a\u91cd\u9cde\u7247\u4fdd\u5b89\u5168|90\/100 brn\n|-singleturn|p2a: \u5148\u5236\u9738\u8005\u795e\u4e4b\u901f\uff0c\u591a\u91cd\u9cde\u7247\u4fdd\u5b89\u5168|move: Roost\n|\n|-damage|p2a: \u5148\u5236\u9738\u8005\u795e\u4e4b\u901f\uff0c\u591a\u91cd\u9cde\u7247\u4fdd\u5b89\u5168|84\/100 brn|[from] brn\n|-damage|p2a: \u5148\u5236\u9738\u8005\u795e\u4e4b\u901f\uff0c\u591a\u91cd\u9cde\u7247\u4fdd\u5b89\u5168|72\/100 brn|[from] Salt Cure\n|upkeep\n|turn|36\n|\n|t:|1700363912\n|move|p1a: Blissey|Soft-Boiled||[still]\n|-fail|p1a: Blissey|heal\n|move|p2a: \u5148\u5236\u9738\u8005\u795e\u4e4b\u901f\uff0c\u591a\u91cd\u9cde\u7247\u4fdd\u5b89\u5168|Earthquake|p1a: Blissey\n|-damage|p1a: Blissey|35\/100\n|\n|-damage|p2a: \u5148\u5236\u9738\u8005\u795e\u4e4b\u901f\uff0c\u591a\u91cd\u9cde\u7247\u4fdd\u5b89\u5168|66\/100 brn|[from] brn\n|-damage|p2a: \u5148\u5236\u9738\u8005\u795e\u4e4b\u901f\uff0c\u591a\u91cd\u9cde\u7247\u4fdd\u5b89\u5168|53\/100 brn|[from] Salt Cure\n|upkeep\n|turn|37\n|\n|t:|1700363924\n|move|p2a: \u5148\u5236\u9738\u8005\u795e\u4e4b\u901f\uff0c\u591a\u91cd\u9cde\u7247\u4fdd\u5b89\u5168|Extreme Speed|p1a: Blissey\n|-damage|p1a: Blissey|0 fnt\n|faint|p1a: Blissey\n|\n|-damage|p2a: \u5148\u5236\u9738\u8005\u795e\u4e4b\u901f\uff0c\u591a\u91cd\u9cde\u7247\u4fdd\u5b89\u5168|47\/100 brn|[from] brn\n|-damage|p2a: \u5148\u5236\u9738\u8005\u795e\u4e4b\u901f\uff0c\u591a\u91cd\u9cde\u7247\u4fdd\u5b89\u5168|34\/100 brn|[from] Salt Cure\n|upkeep\n|\n|t:|1700363932\n|switch|p1a: Sableye|Sableye-Mega, F|94\/100\n|turn|38\n|\n|t:|1700363935\n|move|p1a: Sableye|Knock Off|p2a: \u5148\u5236\u9738\u8005\u795e\u4e4b\u901f\uff0c\u591a\u91cd\u9cde\u7247\u4fdd\u5b89\u5168\n|-damage|p2a: \u5148\u5236\u9738\u8005\u795e\u4e4b\u901f\uff0c\u591a\u91cd\u9cde\u7247\u4fdd\u5b89\u5168|30\/100 brn\n|move|p2a: \u5148\u5236\u9738\u8005\u795e\u4e4b\u901f\uff0c\u591a\u91cd\u9cde\u7247\u4fdd\u5b89\u5168|Roost|p2a: \u5148\u5236\u9738\u8005\u795e\u4e4b\u901f\uff0c\u591a\u91cd\u9cde\u7247\u4fdd\u5b89\u5168\n|-heal|p2a: \u5148\u5236\u9738\u8005\u795e\u4e4b\u901f\uff0c\u591a\u91cd\u9cde\u7247\u4fdd\u5b89\u5168|80\/100 brn\n|-singleturn|p2a: \u5148\u5236\u9738\u8005\u795e\u4e4b\u901f\uff0c\u591a\u91cd\u9cde\u7247\u4fdd\u5b89\u5168|move: Roost\n|\n|-damage|p2a: \u5148\u5236\u9738\u8005\u795e\u4e4b\u901f\uff0c\u591a\u91cd\u9cde\u7247\u4fdd\u5b89\u5168|74\/100 brn|[from] brn\n|-damage|p2a: \u5148\u5236\u9738\u8005\u795e\u4e4b\u901f\uff0c\u591a\u91cd\u9cde\u7247\u4fdd\u5b89\u5168|61\/100 brn|[from] Salt Cure\n|upkeep\n|turn|39\n|\n|t:|1700363946\n|switch|p1a: Toxapex|Toxapex, F, tera:Fairy|68\/100\n|move|p2a: \u5148\u5236\u9738\u8005\u795e\u4e4b\u901f\uff0c\u591a\u91cd\u9cde\u7247\u4fdd\u5b89\u5168|Earthquake|p1a: Toxapex\n|-crit|p1a: Toxapex\n|-damage|p1a: Toxapex|0 fnt\n|faint|p1a: Toxapex\n|\n|-damage|p2a: \u5148\u5236\u9738\u8005\u795e\u4e4b\u901f\uff0c\u591a\u91cd\u9cde\u7247\u4fdd\u5b89\u5168|55\/100 brn|[from] brn\n|-damage|p2a: \u5148\u5236\u9738\u8005\u795e\u4e4b\u901f\uff0c\u591a\u91cd\u9cde\u7247\u4fdd\u5b89\u5168|42\/100 brn|[from] Salt Cure\n|upkeep\n|-message|wwwkp forfeited.\n|\n|win|Sleepikun\n|raw|wwwkp's rating: 1383 &rarr; <strong>1361<\/strong><br \/>(-22 for losing)\n|raw|Sleepikun's rating: 1343 &rarr; <strong>1365<\/strong><br \/>(+22 for winning)\n|l|\u2606wwwkp\n","uploadtime":1700363963,"views":7,"p1id":"wwwkp","p2id":"sleepikun","formatid":"gen9nationaldex","rating":1361,"private":0,"password":""}