{"id":"gen9nationaldex-1999134642","p1":"Keykard","p2":"tidaltao","format":"[Gen 9] National Dex","log":"|html|<div class=\"broadcast-blue\"><strong>[Gen 9] National Dex is currently suspecting Sneasler! For information on how to participate check out the <a href=\"https:\/\/www.smogon.com\/forums\/threads\/sv-national-dex-suspect-8-just-dance.3731534\/\">suspect thread<\/a>.<\/strong><\/div>\n|j|\u2606Keykard\n|j|\u2606tidaltao\n|t:|1701036892\n|gametype|singles\n|player|p1|Keykard|1|\n|player|p2|tidaltao|klara|\n|teamsize|p1|6\n|teamsize|p2|6\n|gen|9\n|tier|[Gen 9] National Dex\n|rule|HP Percentage Mod: HP is shown in percentages\n|rule|Endless Battle Clause: Forcing endless battles is banned\n|rule|OHKO Clause: OHKO moves are banned\n|rule|Evasion Clause: Evasion abilities, items, and moves are banned\n|rule|Evasion Abilities Clause: Evasion abilities are banned\n|rule|Evasion Items Clause: Evasion items are banned\n|rule|Evasion Moves Clause: Evasion moves are banned\n|rule|Species Clause: Limit one of each Pok\u00e9mon\n|rule|Sleep Clause Mod: Limit one foe put to sleep\n|clearpoke\n|poke|p1|Nihilego|\n|poke|p1|Blaziken, M|\n|poke|p1|Kartana|\n|poke|p1|Zapdos|\n|poke|p1|Charizard, M|\n|poke|p1|Porygon2|\n|poke|p2|Charizard, F|\n|poke|p2|Torkoal, F|\n|poke|p2|Venusaur, F|\n|poke|p2|Zapdos-Galar|\n|poke|p2|Sandy Shocks|\n|poke|p2|Tapu Fini|\n|teampreview\n|j| Megakid20\n|j| homixide poopoo\n|j| stepback wemby\n|\n|t:|1701036924\n|start\n|switch|p1a: Bauhaus|Nihilego|100\/100\n|switch|p2a: magic clap|Zapdos-Galar|100\/100\n|turn|1\n|c|\u2606tidaltao|duded\n|c|\u2606tidaltao|I didnt click him hello???\n|j| JONGLOBOBE\n|c|\u2606Keykard|Well\n|c|\u2606Keykard|Switch out\n|c|\u2606tidaltao|oh my god bruh\n|c|\u2606tidaltao|I literally clikced mike this game is scamming me\n|c| JONGLOBOBE|well\n|c| stepback wemby|timer\n|\n|t:|1701037045\n|move|p1a: Bauhaus|Psyshock|p2a: magic clap\n|-supereffective|p2a: magic clap\n|-damage|p2a: magic clap|35\/100\n|move|p2a: magic clap|U-turn|p1a: Bauhaus\n|-resisted|p1a: Bauhaus\n|-damage|p1a: Bauhaus|74\/100\n|c| stepback wemby|please\n|\n|t:|1701037049\n|switch|p2a: magic mike|Sandy Shocks|100\/100|[from] U-turn\n|\n|upkeep\n|turn|2\n|c| stepback wemby|?\n|c| JONGLOBOBE|zard tanks with rock absorb no?\n|c| JONGLOBOBE|Bro\n|c| homixide poopoo|gop fcuking shoot oyuersrl\n|c| stepback wemby|???\n|inactive|Battle timer is ON: inactive players will automatically lose when time's up. (requested by Keykard)\n|\n|t:|1701037068\n|switch|p1a: Bullshit|Porygon2|100\/100\n|-ability|p1a: Bullshit|Download|boost\n|-boost|p1a: Bullshit|spa|1\n|move|p2a: magic mike|Earth Power|p1a: Bullshit\n|-damage|p1a: Bullshit|73\/100\n|\n|upkeep\n|turn|3\n|c|\u2606Keykard|I thought clapdos was scarf\n|\n|t:|1701037087\n|-end|p2a: magic mike|Protosynthesis|[silent]\n|switch|p2a: magic coal|Torkoal, F, shiny|100\/100\n|-weather|SunnyDay|[from] ability: Drought|[of] p2a: magic coal\n|move|p1a: Bullshit|Ice Beam|p2a: magic coal\n|-resisted|p2a: magic coal\n|-damage|p2a: magic coal|72\/100\n|\n|-weather|SunnyDay|[upkeep]\n|upkeep\n|turn|4\n|\n|t:|1701037093\n|move|p1a: Bullshit|Thunderbolt|p2a: magic coal\n|-damage|p2a: magic coal|17\/100\n|-status|p2a: magic coal|par\n|cant|p2a: magic coal|par\n|\n|-weather|SunnyDay|[upkeep]\n|upkeep\n|turn|5\n|c|\u2606Keykard|Sorry\n|\n|t:|1701037104\n|move|p1a: Bullshit|Ice Beam|p2a: magic coal\n|-resisted|p2a: magic coal\n|-damage|p2a: magic coal|0 fnt\n|faint|p2a: magic coal\n|\n|-weather|SunnyDay|[upkeep]\n|upkeep\n|c|\u2606tidaltao|dont spologize\n|\n|t:|1701037120\n|switch|p2a: magic plant|Venusaur, F|100\/100\n|turn|6\n|inactive|tidaltao has 270 seconds left.\n|\n|t:|1701037146\n|-terastallize|p2a: magic plant|Water\n|move|p2a: magic plant|Growth|p2a: magic plant\n|-boost|p2a: magic plant|atk|2\n|-boost|p2a: magic plant|spa|2\n|move|p1a: Bullshit|Ice Beam|p2a: magic plant\n|-resisted|p2a: magic plant\n|-damage|p2a: magic plant|77\/100\n|\n|-weather|SunnyDay|[upkeep]\n|upkeep\n|turn|7\n|\n|t:|1701037155\n|move|p2a: magic plant|Weather Ball|p1a: Bullshit\n|-damage|p1a: Bullshit|7\/100\n|-damage|p2a: magic plant|67\/100|[from] item: Life Orb\n|move|p1a: Bullshit|Thunderbolt|p2a: magic plant\n|-supereffective|p2a: magic plant\n|-damage|p2a: magic plant|0 fnt\n|faint|p2a: magic plant\n|\n|-weather|SunnyDay|[upkeep]\n|upkeep\n|inactive|tidaltao has 270 seconds left.\n|\n|t:|1701037177\n|switch|p2a: magic mike|Sandy Shocks|100\/100\n|-activate|p2a: magic mike|ability: Protosynthesis\n|-start|p2a: magic mike|protosynthesisspa\n|turn|8\n|\n|t:|1701037184\n|move|p2a: magic mike|Volt Switch|p1a: Bullshit\n|-damage|p1a: Bullshit|0 fnt\n|faint|p1a: Bullshit\n|inactive|tidaltao has 270 seconds left.\n|\n|t:|1701037200\n|-end|p2a: magic mike|Protosynthesis|[silent]\n|switch|p2a: magic drake|Charizard, F, shiny|100\/100|[from] Volt Switch\n|\n|-weather|SunnyDay|[upkeep]\n|upkeep\n|\n|t:|1701037214\n|switch|p1a: Bauhaus|Nihilego|74\/100\n|turn|9\n|inactive|tidaltao has 270 seconds left.\n|c| JONGLOBOBE|scarf drake outspeeds here no?\n|c|\u2606tidaltao|yeah!\n|inactive|tidaltao has 240 seconds left.\n|\n|t:|1701037255\n|switch|p2a: magic mike|Sandy Shocks|100\/100\n|-activate|p2a: magic mike|ability: Protosynthesis\n|-start|p2a: magic mike|protosynthesisspa\n|move|p1a: Bauhaus|Meteor Beam||[still]\n|-prepare|p1a: Bauhaus|Meteor Beam\n|-boost|p1a: Bauhaus|spa|1\n|-enditem|p1a: Bauhaus|Power Herb\n|-anim|p1a: Bauhaus|Meteor Beam|p2a: magic mike\n|-resisted|p2a: magic mike\n|-damage|p2a: magic mike|44\/100\n|\n|-weather|SunnyDay|[upkeep]\n|upkeep\n|turn|10\n|inactive|tidaltao has 240 seconds left.\n|inactive|Keykard has 270 seconds left.\n|\n|t:|1701037291\n|switch|p1a: Bullfight|Charizard, M|100\/100\n|move|p2a: magic mike|Thunderbolt|p1a: Bullfight\n|-supereffective|p1a: Bullfight\n|-damage|p1a: Bullfight|0 fnt\n|faint|p1a: Bullfight\n|\n|-weather|none\n|-end|p2a: magic mike|Protosynthesis\n|upkeep\n|\n|t:|1701037303\n|switch|p1a: Bauhaus|Nihilego|74\/100\n|turn|11\n|c| stepback wemby|scarf weasler outsped there no?\n|inactive|tidaltao has 240 seconds left.\n|c|\u2606Keykard|Nop.\n|inactive|tidaltao has 210 seconds left.\n|c|\u2606Keykard|Mike is choiced right\n|\n|t:|1701037362\n|-end|p2a: magic mike|Protosynthesis|[silent]\n|switch|p2a: magic conch|Tapu Fini|100\/100\n|-fieldstart|move: Misty Terrain|[from] ability: Misty Surge|[of] p2a: magic conch\n|move|p1a: Bauhaus|Meteor Beam||[still]\n|-prepare|p1a: Bauhaus|Meteor Beam\n|-boost|p1a: Bauhaus|spa|1\n|\n|upkeep\n|turn|12\n|\n|t:|1701037371\n|move|p1a: Bauhaus|Meteor Beam|p2a: magic conch|[from]lockedmove\n|-damage|p2a: magic conch|29\/100\n|move|p2a: magic conch|Calm Mind|p2a: magic conch\n|-boost|p2a: magic conch|spa|1\n|-boost|p2a: magic conch|spd|1\n|\n|-heal|p2a: magic conch|35\/100|[from] item: Leftovers\n|upkeep\n|turn|13\n|c| stepback wemby|?\n|inactive|tidaltao has 210 seconds left.\n|c| stepback wemby|??????????????????????????????????????????????????????????????????????????????????\n|\n|t:|1701037388\n|move|p1a: Bauhaus|Sludge Wave|p2a: magic conch\n|-supereffective|p2a: magic conch\n|-damage|p2a: magic conch|0 fnt\n|faint|p2a: magic conch\n|-ability|p1a: Bauhaus|Beast Boost|boost\n|-boost|p1a: Bauhaus|spe|1\n|\n|upkeep\n|c|\u2606Keykard|Well\n|inactive|tidaltao has 210 seconds left.\n|\n|t:|1701037401\n|switch|p2a: magic mike|Sandy Shocks|44\/100\n|turn|14\n|inactive|tidaltao has 210 seconds left.\n|inactive|Keykard has 270 seconds left.\n|\n|t:|1701037421\n|move|p1a: Bauhaus|Psyshock|p2a: magic mike\n|-damage|p2a: magic mike|3\/100\n|move|p2a: magic mike|Earth Power|p1a: Bauhaus\n|-supereffective|p1a: Bauhaus\n|-damage|p1a: Bauhaus|0 fnt\n|faint|p1a: Bauhaus\n|\n|upkeep\n|inactive|Keykard has 270 seconds left.\n|\n|t:|1701037435\n|switch|p1a: OG|Kartana|100\/100\n|turn|15\n|inactive|Keykard has 270 seconds left.\n|\n|t:|1701037450\n|-end|p2a: magic mike|Protosynthesis|[silent]\n|switch|p2a: magic clap|Zapdos-Galar|35\/100\n|-terastallize|p1a: OG|Dark\n|move|p1a: OG|Knock Off|p2a: magic clap\n|-resisted|p2a: magic clap\n|-damage|p2a: magic clap|0 fnt\n|-enditem|p2a: magic clap|Choice Band|[from] move: Knock Off|[of] p1a: OG\n|faint|p2a: magic clap\n|-ability|p1a: OG|Beast Boost|boost\n|-boost|p1a: OG|atk|1\n|\n|-fieldend|Misty Terrain\n|upkeep\n|\n|t:|1701037454\n|switch|p2a: magic drake|Charizard, F, shiny|100\/100\n|turn|16\n|inactive|Keykard has 270 seconds left.\n|\n|t:|1701037483\n|detailschange|p2a: magic drake|Charizard-Mega-Y, F, shiny\n|-mega|p2a: magic drake|Charizard|Charizardite Y\n|-weather|SunnyDay|[from] ability: Drought|[of] p2a: magic drake\n|move|p1a: OG|Knock Off|p2a: magic drake\n|-damage|p2a: magic drake|2\/100\n|move|p2a: magic drake|Flamethrower|p1a: OG\n|-damage|p1a: OG|0 fnt\n|faint|p1a: OG\n|\n|-weather|SunnyDay|[upkeep]\n|upkeep\n|\n|t:|1701037488\n|switch|p1a: Brutalist|Blaziken, M|100\/100\n|turn|17\n|\n|t:|1701037506\n|move|p1a: Brutalist|Protect|p1a: Brutalist\n|-singleturn|p1a: Brutalist|Protect\n|move|p2a: magic drake|Scorching Sands|p1a: Brutalist\n|-activate|p1a: Brutalist|move: Protect\n|\n|-weather|SunnyDay|[upkeep]\n|-ability|p1a: Brutalist|Speed Boost|boost\n|-boost|p1a: Brutalist|spe|1\n|upkeep\n|turn|18\n|\n|t:|1701037517\n|move|p1a: Brutalist|Thunder Punch|p2a: magic drake\n|-supereffective|p2a: magic drake\n|-damage|p2a: magic drake|0 fnt\n|faint|p2a: magic drake\n|-damage|p1a: Brutalist|91\/100|[from] item: Life Orb\n|\n|-weather|SunnyDay|[upkeep]\n|-ability|p1a: Brutalist|Speed Boost|boost\n|-boost|p1a: Brutalist|spe|1\n|upkeep\n|\n|t:|1701037519\n|switch|p2a: magic mike|Sandy Shocks|3\/100\n|-activate|p2a: magic mike|ability: Protosynthesis\n|-start|p2a: magic mike|protosynthesisspa\n|turn|19\n|c|\u2606Keykard|Gg\n|\n|t:|1701037526\n|move|p1a: Brutalist|High Jump Kick|p2a: magic mike\n|-damage|p2a: magic mike|0 fnt\n|faint|p2a: magic mike\n|-end|p2a: magic mike|Protosynthesis|[silent]\n|-damage|p1a: Brutalist|81\/100|[from] item: Life Orb\n|\n|win|Keykard\n|c|\u2606tidaltao|gg\n|l|\u2606tidaltao\n","uploadtime":1701037545,"views":7,"p1id":"keykard","p2id":"tidaltao","formatid":"gen9nationaldex","rating":0,"private":0,"password":""}