{"id":"gen9nationaldex-1988269797","p1":"steals many wives","p2":"ecvretjv","format":"[Gen 9] National Dex","log":"|j|\u2606steals many wives\n|j|\u2606ecvretjv\n|t:|1699698651\n|gametype|singles\n|player|p1|steals many wives|waitress|1152\n|player|p2|ecvretjv|guitarist-gen4|1126\n|teamsize|p1|6\n|teamsize|p2|6\n|gen|9\n|tier|[Gen 9] National Dex\n|rated|\n|rule|HP Percentage Mod: HP is shown in percentages\n|rule|Endless Battle Clause: Forcing endless battles is banned\n|rule|OHKO Clause: OHKO moves are banned\n|rule|Evasion Clause: Evasion abilities, items, and moves are banned\n|rule|Evasion Abilities Clause: Evasion abilities are banned\n|rule|Evasion Items Clause: Evasion items are banned\n|rule|Evasion Moves Clause: Evasion moves are banned\n|rule|Species Clause: Limit one of each Pok\u00e9mon\n|rule|Sleep Clause Mod: Limit one foe put to sleep\n|clearpoke\n|poke|p1|Zoroark-Hisui, F|\n|poke|p1|Snorlax, M|\n|poke|p1|Staraptor, M|\n|poke|p1|Pidgeot, M|\n|poke|p1|Ursaluna, M|\n|poke|p1|Purugly, M|\n|poke|p2|Tapu Lele|\n|poke|p2|Alakazam, M|\n|poke|p2|Great Tusk|\n|poke|p2|Galvantula, M|\n|poke|p2|Charizard, M|\n|poke|p2|Toxapex, F|\n|teampreview\n|\n|t:|1699698672\n|start\n|switch|p1a: Birb|Staraptor, M|100\/100\n|switch|p2a: Galvantula|Galvantula, M|100\/100\n|-ability|p1a: Birb|Intimidate|boost\n|-unboost|p2a: Galvantula|atk|1\n|turn|1\n|\n|t:|1699698681\n|move|p1a: Birb|U-turn|p2a: Galvantula\n|-crit|p2a: Galvantula\n|-damage|p2a: Galvantula|47\/100\n|\n|t:|1699698685\n|switch|p1a: UnBearable|Ursaluna, M|100\/100|[from] U-turn\n|move|p2a: Galvantula|Thunder|p1a: UnBearable\n|-immune|p1a: UnBearable\n|\n|-status|p1a: UnBearable|brn|[from] item: Flame Orb\n|upkeep\n|turn|2\n|\n|t:|1699698694\n|move|p2a: Galvantula|Sticky Web|p1a: UnBearable\n|-sidestart|p1: steals many wives|move: Sticky Web\n|move|p1a: UnBearable|Facade|p2a: Galvantula\n|-damage|p2a: Galvantula|0 fnt\n|faint|p2a: Galvantula\n|\n|-damage|p1a: UnBearable|94\/100 brn|[from] brn\n|upkeep\n|\n|t:|1699698704\n|switch|p2a: Tapu Lele|Tapu Lele|100\/100\n|-fieldstart|move: Psychic Terrain|[from] ability: Psychic Surge|[of] p2a: Tapu Lele\n|turn|3\n|\n|t:|1699698709\n|move|p2a: Tapu Lele|Nature's Madness|p1a: UnBearable\n|-damage|p1a: UnBearable|48\/100 brn\n|move|p1a: UnBearable|Facade|p2a: Tapu Lele\n|-damage|p2a: Tapu Lele|0 fnt\n|faint|p2a: Tapu Lele\n|\n|-damage|p1a: UnBearable|41\/100 brn|[from] brn\n|upkeep\n|\n|t:|1699698718\n|switch|p2a: Alakazam|Alakazam, M|100\/100\n|turn|4\n|\n|t:|1699698722\n|switch|p1a: He Thicc|Snorlax, M|100\/100\n|-activate|p1a: He Thicc|move: Sticky Web\n|-unboost|p1a: He Thicc|spe|1\n|move|p2a: Alakazam|Expanding Force|p1a: He Thicc\n|-damage|p1a: He Thicc|38\/100\n|\n|upkeep\n|turn|5\n|\n|t:|1699698730\n|move|p2a: Alakazam|Expanding Force|p1a: He Thicc\n|-damage|p1a: He Thicc|0 fnt\n|faint|p1a: He Thicc\n|\n|upkeep\n|\n|t:|1699698744\n|switch|p1a: Chunky Boi|Purugly, M|100\/100\n|-activate|p1a: Chunky Boi|move: Sticky Web\n|-unboost|p1a: Chunky Boi|spe|1\n|turn|6\n|\n|t:|1699698755\n|move|p2a: Alakazam|Nasty Plot|p2a: Alakazam\n|-boost|p2a: Alakazam|spa|2\n|move|p1a: Chunky Boi|Bitter Malice|p2a: Alakazam\n|-supereffective|p2a: Alakazam\n|-damage|p2a: Alakazam|0 fnt\n|faint|p2a: Alakazam\n|\n|upkeep\n|\n|t:|1699698773\n|switch|p2a: Charizard|Charizard, M|100\/100\n|turn|7\n|\n|t:|1699698785\n|detailschange|p2a: Charizard|Charizard-Mega-Y, M\n|-mega|p2a: Charizard|Charizard|Charizardite Y\n|-weather|SunnyDay|[from] ability: Drought|[of] p2a: Charizard\n|move|p2a: Charizard|Air Slash|p1a: Chunky Boi\n|-damage|p1a: Chunky Boi|14\/100\n|replace|p1a: Not Zoroark|Zoroark-Hisui, F\n|-end|p1a: Not Zoroark|Illusion\n|move|p1a: Not Zoroark|Hyper Voice|p2a: Charizard\n|-damage|p2a: Charizard|54\/100\n|\n|-weather|SunnyDay|[upkeep]\n|upkeep\n|turn|8\n|\n|t:|1699698796\n|move|p2a: Charizard|Air Slash|p1a: Not Zoroark\n|-damage|p1a: Not Zoroark|0 fnt\n|faint|p1a: Not Zoroark\n|\n|-weather|SunnyDay|[upkeep]\n|upkeep\n|\n|t:|1699698804\n|switch|p1a: Chunky Boi|Purugly, M|100\/100\n|-activate|p1a: Chunky Boi|move: Sticky Web\n|-unboost|p1a: Chunky Boi|spe|1\n|-ability|p1a: Chunky Boi|Defiant|boost\n|-boost|p1a: Chunky Boi|atk|2\n|turn|9\n|c|\u2606steals many wives|thank you for the web\n|c|\u2606steals many wives|very helpful\n|\n|t:|1699698819\n|move|p1a: Chunky Boi|Fake Out|p2a: Charizard\n|-hint|Psychic Terrain doesn't affect Pok\u00e9mon immune to Ground.\n|-damage|p2a: Charizard|0 fnt\n|faint|p2a: Charizard\n|-damage|p1a: Chunky Boi|91\/100|[from] item: Life Orb\n|\n|-weather|SunnyDay|[upkeep]\n|upkeep\n|\n|t:|1699698830\n|switch|p2a: Great Tusk|Great Tusk|100\/100\n|-activate|p2a: Great Tusk|ability: Protosynthesis\n|-start|p2a: Great Tusk|protosynthesisdef\n|turn|10\n|\n|t:|1699698848\n|switch|p1a: Super Saiyan Birb|Pidgeot, M, shiny|100\/100\n|move|p2a: Great Tusk|Body Press|p1a: Super Saiyan Birb\n|-damage|p1a: Super Saiyan Birb|39\/100\n|\n|-weather|SunnyDay|[upkeep]\n|-fieldend|move: Psychic Terrain\n|upkeep\n|turn|11\n|\n|t:|1699698858\n|detailschange|p1a: Super Saiyan Birb|Pidgeot-Mega, M, shiny\n|-mega|p1a: Super Saiyan Birb|Pidgeot|Pidgeotite\n|-terastallize|p2a: Great Tusk|Ground\n|move|p1a: Super Saiyan Birb|Hurricane|p2a: Great Tusk\n|-damage|p2a: Great Tusk|20\/100\n|move|p2a: Great Tusk|Body Press|p1a: Super Saiyan Birb\n|-damage|p1a: Super Saiyan Birb|0 fnt\n|faint|p1a: Super Saiyan Birb\n|\n|-weather|none\n|-end|p2a: Great Tusk|Protosynthesis\n|upkeep\n|\n|t:|1699698867\n|switch|p1a: Chunky Boi|Purugly, M|91\/100\n|-activate|p1a: Chunky Boi|move: Sticky Web\n|-unboost|p1a: Chunky Boi|spe|1\n|-ability|p1a: Chunky Boi|Defiant|boost\n|-boost|p1a: Chunky Boi|atk|2\n|turn|12\n|\n|t:|1699698875\n|move|p1a: Chunky Boi|Fake Out|p2a: Great Tusk\n|-damage|p2a: Great Tusk|1\/100\n|-damage|p1a: Chunky Boi|81\/100|[from] item: Life Orb\n|cant|p2a: Great Tusk|flinch\n|\n|upkeep\n|turn|13\n|\n|t:|1699698882\n|move|p1a: Chunky Boi|Sucker Punch|p2a: Great Tusk\n|-damage|p2a: Great Tusk|0 fnt\n|faint|p2a: Great Tusk\n|-end|p2a: Great Tusk|Protosynthesis|[silent]\n|-damage|p1a: Chunky Boi|71\/100|[from] item: Life Orb\n|\n|upkeep\n|\n|t:|1699698888\n|switch|p2a: Toxapex|Toxapex, F|100\/100\n|turn|14\n|\n|t:|1699698895\n|move|p2a: Toxapex|Baneful Bunker|p2a: Toxapex\n|-singleturn|p2a: Toxapex|move: Protect\n|move|p1a: Chunky Boi|Return|p2a: Toxapex\n|-activate|p2a: Toxapex|move: Protect\n|-status|p1a: Chunky Boi|psn\n|\n|-damage|p1a: Chunky Boi|59\/100 psn|[from] psn\n|upkeep\n|turn|15\n|\n|t:|1699698905\n|move|p1a: Chunky Boi|Return|p2a: Toxapex\n|-damage|p2a: Toxapex|17\/100\n|-damage|p1a: Chunky Boi|49\/100 psn|[from] item: Life Orb\n|move|p2a: Toxapex|Toxic Spikes|p1a: Chunky Boi\n|-sidestart|p1: steals many wives|move: Toxic Spikes\n|\n|-heal|p2a: Toxapex|23\/100|[from] item: Black Sludge\n|-damage|p1a: Chunky Boi|36\/100 psn|[from] psn\n|upkeep\n|turn|16\n|\n|t:|1699698916\n|move|p2a: Toxapex|Baneful Bunker|p2a: Toxapex\n|-singleturn|p2a: Toxapex|move: Protect\n|move|p1a: Chunky Boi|Taunt|p2a: Toxapex\n|-activate|p2a: Toxapex|move: Protect\n|\n|-heal|p2a: Toxapex|29\/100|[from] item: Black Sludge\n|-damage|p1a: Chunky Boi|24\/100 psn|[from] psn\n|upkeep\n|turn|17\n|\n|t:|1699698925\n|move|p1a: Chunky Boi|Return|p2a: Toxapex\n|-damage|p2a: Toxapex|0 fnt\n|faint|p2a: Toxapex\n|-damage|p1a: Chunky Boi|14\/100 psn|[from] item: Life Orb\n|\n|win|steals many wives\n|raw|steals many wives's rating: 1152 &rarr; <strong>1175<\/strong><br \/>(+23 for winning)\n|raw|ecvretjv's rating: 1126 &rarr; <strong>1103<\/strong><br \/>(-23 for losing)\n|l|\u2606ecvretjv\n","uploadtime":1699698936,"views":21,"p1id":"stealsmanywives","p2id":"ecvretjv","formatid":"gen9nationaldex","rating":1103,"private":0,"password":""}