{"id":"gen9nationaldex-1987059082","p1":"RandoTestAccount","p2":"XYQY","format":"[Gen 9] National Dex","log":"|j|\u2606RandoTestAccount\n|j|\u2606XYQY\n|t:|1699552725\n|gametype|singles\n|player|p1|RandoTestAccount|pokemonrangerf|1348\n|player|p2|XYQY|266|1402\n|teamsize|p1|6\n|teamsize|p2|6\n|gen|9\n|tier|[Gen 9] National Dex\n|rated|\n|rule|HP Percentage Mod: HP is shown in percentages\n|rule|Endless Battle Clause: Forcing endless battles is banned\n|rule|OHKO Clause: OHKO moves are banned\n|rule|Evasion Clause: Evasion abilities, items, and moves are banned\n|rule|Evasion Abilities Clause: Evasion abilities are banned\n|rule|Evasion Items Clause: Evasion items are banned\n|rule|Evasion Moves Clause: Evasion moves are banned\n|rule|Species Clause: Limit one of each Pok\u00e9mon\n|rule|Sleep Clause Mod: Limit one foe put to sleep\n|clearpoke\n|poke|p1|Umbreon, F|\n|poke|p1|Excadrill, F|\n|poke|p1|Corviknight, F|\n|poke|p1|Tapu Fini|\n|poke|p1|Sableye, F|\n|poke|p1|Dragalge, F|\n|poke|p2|Bisharp, F|\n|poke|p2|Baxcalibur, M|\n|poke|p2|Dragonite, M|\n|poke|p2|Togekiss, F|\n|poke|p2|Keldeo-Resolute|\n|poke|p2|Banette, F|\n|teampreview\n|inactive|Battle timer is ON: inactive players will automatically lose when time's up. (requested by XYQY)\n|\n|t:|1699552735\n|start\n|switch|p1a: Spectre of Emerald|Sableye, F, shiny|100\/100\n|switch|p2a: Keldeo|Keldeo-Resolute|100\/100\n|turn|1\n|\n|t:|1699552748\n|move|p1a: Spectre of Emerald|Calm Mind|p1a: Spectre of Emerald\n|-boost|p1a: Spectre of Emerald|spa|1\n|-boost|p1a: Spectre of Emerald|spd|1\n|move|p2a: Keldeo|Substitute|p2a: Keldeo\n|-start|p2a: Keldeo|Substitute\n|-damage|p2a: Keldeo|75\/100\n|\n|-heal|p2a: Keldeo|82\/100|[from] item: Leftovers\n|upkeep\n|turn|2\n|\n|t:|1699552753\n|move|p1a: Spectre of Emerald|Calm Mind|p1a: Spectre of Emerald\n|-boost|p1a: Spectre of Emerald|spa|1\n|-boost|p1a: Spectre of Emerald|spd|1\n|move|p2a: Keldeo|Calm Mind|p2a: Keldeo\n|-boost|p2a: Keldeo|spa|1\n|-boost|p2a: Keldeo|spd|1\n|\n|-heal|p2a: Keldeo|88\/100|[from] item: Leftovers\n|upkeep\n|turn|3\n|\n|t:|1699552759\n|switch|p1a: The Droplet Tear|Tapu Fini, shiny|100\/100\n|-fieldstart|move: Misty Terrain|[from] ability: Misty Surge|[of] p1a: The Droplet Tear\n|move|p2a: Keldeo|Calm Mind|p2a: Keldeo\n|-boost|p2a: Keldeo|spa|1\n|-boost|p2a: Keldeo|spd|1\n|\n|-heal|p2a: Keldeo|94\/100|[from] item: Leftovers\n|upkeep\n|turn|4\n|\n|t:|1699552764\n|switch|p2a: Togekiss|Togekiss, F|100\/100\n|move|p1a: The Droplet Tear|Moonblast|p2a: Togekiss\n|-damage|p2a: Togekiss|69\/100\n|\n|upkeep\n|turn|5\n|\n|t:|1699552774\n|move|p2a: Togekiss|Trick|p1a: The Droplet Tear\n|-activate|p2a: Togekiss|move: Trick|[of] p1a: The Droplet Tear\n|-item|p1a: The Droplet Tear|Choice Scarf|[from] move: Trick\n|-item|p2a: Togekiss|Leftovers|[from] move: Trick\n|move|p1a: The Droplet Tear|Substitute|p1a: The Droplet Tear\n|-start|p1a: The Droplet Tear|Substitute\n|-damage|p1a: The Droplet Tear|76\/100\n|\n|-heal|p2a: Togekiss|75\/100|[from] item: Leftovers\n|upkeep\n|turn|6\n|\n|t:|1699552780\n|switch|p1a: Ephialtes Keeper|Corviknight, F, shiny|100\/100\n|-ability|p1a: Ephialtes Keeper|Pressure\n|move|p2a: Togekiss|Thunder Wave|p1a: Ephialtes Keeper\n|-status|p1a: Ephialtes Keeper|par\n|\n|-heal|p2a: Togekiss|81\/100|[from] item: Leftovers\n|upkeep\n|turn|7\n|\n|t:|1699552784\n|move|p2a: Togekiss|Flamethrower|p1a: Ephialtes Keeper\n|-supereffective|p1a: Ephialtes Keeper\n|-damage|p1a: Ephialtes Keeper|54\/100 par\n|move|p1a: Ephialtes Keeper|U-turn|p2a: Togekiss\n|-resisted|p2a: Togekiss\n|-damage|p2a: Togekiss|76\/100\n|\n|t:|1699552788\n|switch|p1a: Nika Reanukko|Umbreon, F, shiny|100\/100|[from] U-turn\n|\n|-heal|p2a: Togekiss|82\/100|[from] item: Leftovers\n|-fieldend|Misty Terrain\n|upkeep\n|turn|8\n|\n|t:|1699552792\n|switch|p1a: The Droplet Tear|Tapu Fini, shiny|76\/100\n|-fieldstart|move: Misty Terrain|[from] ability: Misty Surge|[of] p1a: The Droplet Tear\n|move|p2a: Togekiss|Thunder Wave|p1a: The Droplet Tear\n|-activate|p1a: The Droplet Tear|move: Misty Terrain\n|\n|-heal|p2a: Togekiss|89\/100|[from] item: Leftovers\n|upkeep\n|turn|9\n|\n|t:|1699552799\n|switch|p1a: Nika Reanukko|Umbreon, F, shiny|100\/100\n|move|p2a: Togekiss|Air Slash|p1a: Nika Reanukko\n|-damage|p1a: Nika Reanukko|80\/100\n|\n|-heal|p2a: Togekiss|95\/100|[from] item: Leftovers\n|-heal|p1a: Nika Reanukko|87\/100|[from] item: Leftovers\n|upkeep\n|turn|10\n|\n|t:|1699552804\n|move|p2a: Togekiss|Thunder Wave|p1a: Nika Reanukko\n|-activate|p1a: Nika Reanukko|move: Misty Terrain\n|move|p1a: Nika Reanukko|Heal Bell|p1a: Nika Reanukko\n|-activate|p1a: Nika Reanukko|move: Heal Bell\n|-curestatus|p1: Ephialtes Keeper|par|[msg]\n|\n|-heal|p2a: Togekiss|100\/100|[from] item: Leftovers\n|-heal|p1a: Nika Reanukko|93\/100|[from] item: Leftovers\n|upkeep\n|turn|11\n|\n|t:|1699552815\n|switch|p1a: Agony Steelheart|Dragalge, F, shiny|100\/100\n|move|p2a: Togekiss|Thunder Wave|p1a: Agony Steelheart\n|-activate|p1a: Agony Steelheart|move: Misty Terrain\n|\n|upkeep\n|turn|12\n|\n|t:|1699552826\n|switch|p2a: Bisharp|Bisharp, F|100\/100\n|move|p1a: Agony Steelheart|Acid Spray|p2a: Bisharp\n|-immune|p2a: Bisharp\n|\n|-fieldend|Misty Terrain\n|upkeep\n|turn|13\n|\n|t:|1699552836\n|switch|p1a: Spectre of Emerald|Sableye, F, shiny|100\/100\n|move|p2a: Bisharp|Swords Dance|p2a: Bisharp\n|-boost|p2a: Bisharp|atk|2\n|\n|upkeep\n|turn|14\n|\n|t:|1699552839\n|detailschange|p1a: Spectre of Emerald|Sableye-Mega, F, shiny\n|-mega|p1a: Spectre of Emerald|Sableye|Sablenite\n|move|p2a: Bisharp|Knock Off|p1a: Spectre of Emerald\n|-damage|p1a: Spectre of Emerald|50\/100\n|move|p1a: Spectre of Emerald|Will-O-Wisp|p2a: Bisharp\n|-status|p2a: Bisharp|brn\n|\n|-damage|p2a: Bisharp|95\/100 brn|[from] brn\n|upkeep\n|turn|15\n|\n|t:|1699552852\n|switch|p1a: The Lonesome One|Excadrill, F, shiny|100\/100\n|-ability|p1a: The Lonesome One|Mold Breaker\n|move|p2a: Bisharp|Swords Dance|p2a: Bisharp\n|-boost|p2a: Bisharp|atk|2\n|\n|-damage|p2a: Bisharp|89\/100 brn|[from] brn\n|upkeep\n|turn|16\n|\n|t:|1699552856\n|move|p1a: The Lonesome One|Earthquake|p2a: Bisharp\n|-supereffective|p2a: Bisharp\n|-damage|p2a: Bisharp|6\/100 brn\n|move|p2a: Bisharp|Knock Off|p1a: The Lonesome One\n|-damage|p1a: The Lonesome One|0 fnt\n|-enditem|p1a: The Lonesome One|Leftovers|[from] move: Knock Off|[of] p2a: Bisharp\n|faint|p1a: The Lonesome One\n|\n|-damage|p2a: Bisharp|0 fnt|[from] brn\n|faint|p2a: Bisharp\n|upkeep\n|\n|t:|1699552876\n|switch|p1a: Spectre of Emerald|Sableye-Mega, F, shiny|50\/100\n|switch|p2a: Togekiss|Togekiss, F|100\/100\n|turn|17\n|\n|t:|1699552884\n|switch|p1a: The Droplet Tear|Tapu Fini, shiny|76\/100\n|-fieldstart|move: Misty Terrain|[from] ability: Misty Surge|[of] p1a: The Droplet Tear\n|move|p2a: Togekiss|Air Slash|p1a: The Droplet Tear\n|-damage|p1a: The Droplet Tear|49\/100\n|\n|upkeep\n|turn|18\n|\n|t:|1699552905\n|move|p1a: The Droplet Tear|Scald|p2a: Togekiss\n|-damage|p2a: Togekiss|76\/100\n|move|p2a: Togekiss|Air Slash|p1a: The Droplet Tear\n|-damage|p1a: The Droplet Tear|19\/100\n|\n|-heal|p2a: Togekiss|82\/100|[from] item: Leftovers\n|upkeep\n|turn|19\n|\n|t:|1699552910\n|move|p1a: The Droplet Tear|Scald|p2a: Togekiss\n|-damage|p2a: Togekiss|56\/100\n|move|p2a: Togekiss|Air Slash|p1a: The Droplet Tear\n|-damage|p1a: The Droplet Tear|0 fnt\n|faint|p1a: The Droplet Tear\n|\n|-heal|p2a: Togekiss|63\/100|[from] item: Leftovers\n|upkeep\n|\n|t:|1699552921\n|switch|p1a: Agony Steelheart|Dragalge, F, shiny|100\/100\n|turn|20\n|\n|t:|1699552938\n|-terastallize|p2a: Togekiss|Steel\n|move|p2a: Togekiss|Air Slash|p1a: Agony Steelheart\n|-damage|p1a: Agony Steelheart|76\/100\n|cant|p1a: Agony Steelheart|flinch\n|\n|-heal|p2a: Togekiss|69\/100|[from] item: Leftovers\n|-heal|p1a: Agony Steelheart|82\/100|[from] item: Black Sludge\n|upkeep\n|turn|21\n|\n|t:|1699552952\n|switch|p1a: Nika Reanukko|Umbreon, F, shiny|93\/100\n|move|p2a: Togekiss|Air Slash|p1a: Nika Reanukko\n|-damage|p1a: Nika Reanukko|74\/100\n|\n|-heal|p2a: Togekiss|75\/100|[from] item: Leftovers\n|-heal|p1a: Nika Reanukko|80\/100|[from] item: Leftovers\n|-fieldend|Misty Terrain\n|upkeep\n|turn|22\n|\n|t:|1699552956\n|move|p2a: Togekiss|Thunder Wave|p1a: Nika Reanukko\n|-status|p1a: Nika Reanukko|par\n|-activate|p1a: Nika Reanukko|ability: Synchronize\n|-status|p2a: Togekiss|par\n|move|p1a: Nika Reanukko|Wish|p1a: Nika Reanukko\n|\n|-heal|p2a: Togekiss|81\/100 par|[from] item: Leftovers\n|-heal|p1a: Nika Reanukko|86\/100 par|[from] item: Leftovers\n|upkeep\n|turn|23\n|\n|t:|1699552969\n|cant|p2a: Togekiss|par\n|move|p1a: Nika Reanukko|Heal Bell|p1a: Nika Reanukko\n|-activate|p1a: Nika Reanukko|move: Heal Bell\n|-curestatus|p1a: Nika Reanukko|par|[msg]\n|\n|-heal|p1a: Nika Reanukko|100\/100|[from] move: Wish|[wisher] Nika Reanukko\n|-heal|p2a: Togekiss|87\/100 par|[from] item: Leftovers\n|upkeep\n|turn|24\n|\n|t:|1699552973\n|switch|p1a: Spectre of Emerald|Sableye-Mega, F, shiny|50\/100\n|move|p2a: Togekiss|Thunder Wave|p1a: Spectre of Emerald\n|move|p1a: Spectre of Emerald|Thunder Wave|p2a: Togekiss|[from]ability: Magic Bounce\n|-fail|p2a: Togekiss|par\n|\n|-heal|p2a: Togekiss|93\/100 par|[from] item: Leftovers\n|upkeep\n|turn|25\n|\n|t:|1699552980\n|switch|p2a: Keldeo|Keldeo-Resolute|94\/100\n|move|p1a: Spectre of Emerald|Recover|p1a: Spectre of Emerald\n|-heal|p1a: Spectre of Emerald|99\/100\n|\n|-heal|p2a: Keldeo|99\/100|[from] item: Leftovers\n|upkeep\n|turn|26\n|\n|t:|1699552993\n|switch|p1a: Agony Steelheart|Dragalge, F, shiny|82\/100\n|move|p2a: Keldeo|Substitute|p2a: Keldeo\n|-start|p2a: Keldeo|Substitute\n|-damage|p2a: Keldeo|75\/100\n|\n|-heal|p2a: Keldeo|81\/100|[from] item: Leftovers\n|-heal|p1a: Agony Steelheart|88\/100|[from] item: Black Sludge\n|upkeep\n|turn|27\n|\n|t:|1699552997\n|move|p2a: Keldeo|Calm Mind|p2a: Keldeo\n|-boost|p2a: Keldeo|spa|1\n|-boost|p2a: Keldeo|spd|1\n|move|p1a: Agony Steelheart|Dragon Pulse|p2a: Keldeo\n|-end|p2a: Keldeo|Substitute\n|\n|-heal|p2a: Keldeo|88\/100|[from] item: Leftovers\n|-heal|p1a: Agony Steelheart|94\/100|[from] item: Black Sludge\n|upkeep\n|turn|28\n|inactive|RandoTestAccount has 120 seconds left.\n|\n|t:|1699553032\n|move|p2a: Keldeo|Calm Mind|p2a: Keldeo\n|-boost|p2a: Keldeo|spa|1\n|-boost|p2a: Keldeo|spd|1\n|move|p1a: Agony Steelheart|Toxic|p2a: Keldeo\n|-status|p2a: Keldeo|tox\n|\n|-heal|p2a: Keldeo|94\/100 tox|[from] item: Leftovers\n|-heal|p1a: Agony Steelheart|99\/100|[from] item: Black Sludge\n|-damage|p2a: Keldeo|88\/100 tox|[from] psn\n|upkeep\n|turn|29\n|\n|t:|1699553040\n|move|p2a: Keldeo|Calm Mind|p2a: Keldeo\n|-boost|p2a: Keldeo|spa|1\n|-boost|p2a: Keldeo|spd|1\n|move|p1a: Agony Steelheart|Acid Spray|p2a: Keldeo\n|-damage|p2a: Keldeo|80\/100 tox\n|-unboost|p2a: Keldeo|spd|2\n|\n|-heal|p2a: Keldeo|86\/100 tox|[from] item: Leftovers\n|-heal|p1a: Agony Steelheart|100\/100|[from] item: Black Sludge\n|-damage|p2a: Keldeo|73\/100 tox|[from] psn\n|upkeep\n|turn|30\n|\n|t:|1699553050\n|move|p2a: Keldeo|Secret Sword|p1a: Agony Steelheart\n|-resisted|p1a: Agony Steelheart\n|-damage|p1a: Agony Steelheart|41\/100\n|move|p1a: Agony Steelheart|Acid Spray|p2a: Keldeo\n|-damage|p2a: Keldeo|59\/100 tox\n|-unboost|p2a: Keldeo|spd|2\n|\n|-heal|p2a: Keldeo|65\/100 tox|[from] item: Leftovers\n|-heal|p1a: Agony Steelheart|47\/100|[from] item: Black Sludge\n|-damage|p2a: Keldeo|46\/100 tox|[from] psn\n|upkeep\n|turn|31\n|\n|t:|1699553057\n|switch|p1a: Spectre of Emerald|Sableye-Mega, F, shiny|99\/100\n|move|p2a: Keldeo|Secret Sword|p1a: Spectre of Emerald\n|-immune|p1a: Spectre of Emerald\n|\n|-heal|p2a: Keldeo|52\/100 tox|[from] item: Leftovers\n|-damage|p2a: Keldeo|28\/100 tox|[from] psn\n|upkeep\n|turn|32\n|\n|t:|1699553062\n|switch|p1a: Agony Steelheart|Dragalge, F, shiny|47\/100\n|move|p2a: Keldeo|Scald|p1a: Agony Steelheart\n|-resisted|p1a: Agony Steelheart\n|-damage|p1a: Agony Steelheart|15\/100\n|\n|-heal|p2a: Keldeo|34\/100 tox|[from] item: Leftovers\n|-heal|p1a: Agony Steelheart|21\/100|[from] item: Black Sludge\n|-damage|p2a: Keldeo|3\/100 tox|[from] psn\n|upkeep\n|turn|33\n|\n|t:|1699553079\n|switch|p1a: Ephialtes Keeper|Corviknight, F, shiny|54\/100\n|-ability|p1a: Ephialtes Keeper|Pressure\n|move|p2a: Keldeo|Scald|p1a: Ephialtes Keeper\n|-damage|p1a: Ephialtes Keeper|0 fnt\n|faint|p1a: Ephialtes Keeper\n|\n|-heal|p2a: Keldeo|9\/100 tox|[from] item: Leftovers\n|-damage|p2a: Keldeo|0 fnt|[from] psn\n|faint|p2a: Keldeo\n|upkeep\n|\n|t:|1699553091\n|switch|p2a: Banette|Banette, F|100\/100\n|switch|p1a: Spectre of Emerald|Sableye-Mega, F, shiny|99\/100\n|-item|p1a: Spectre of Emerald|Sablenite|[from] ability: Frisk|[of] p2a: Banette|[identify]\n|turn|34\n|\n|t:|1699553119\n|detailschange|p2a: Banette|Banette-Mega, F\n|-mega|p2a: Banette|Banette|Banettite\n|move|p2a: Banette|Taunt|p1a: Spectre of Emerald\n|move|p1a: Spectre of Emerald|Taunt|p2a: Banette|[from]ability: Magic Bounce\n|-start|p2a: Banette|move: Taunt\n|move|p1a: Spectre of Emerald|Will-O-Wisp|p2a: Banette\n|-status|p2a: Banette|brn\n|\n|-damage|p2a: Banette|95\/100 brn|[from] brn\n|upkeep\n|turn|35\n|\n|t:|1699553129\n|move|p2a: Banette|Poltergeist|p1a: Spectre of Emerald|[miss]\n|-miss|p2a: Banette|p1a: Spectre of Emerald\n|move|p1a: Spectre of Emerald|Calm Mind|p1a: Spectre of Emerald\n|-boost|p1a: Spectre of Emerald|spa|1\n|-boost|p1a: Spectre of Emerald|spd|1\n|\n|-damage|p2a: Banette|89\/100 brn|[from] brn\n|upkeep\n|turn|36\n|\n|t:|1699553137\n|switch|p2a: Dragonite|Dragonite, M|100\/100\n|move|p1a: Spectre of Emerald|Calm Mind|p1a: Spectre of Emerald\n|-boost|p1a: Spectre of Emerald|spa|1\n|-boost|p1a: Spectre of Emerald|spd|1\n|\n|upkeep\n|turn|37\n|\n|t:|1699553142\n|move|p2a: Dragonite|Curse|p2a: Dragonite\n|-unboost|p2a: Dragonite|spe|1\n|-boost|p2a: Dragonite|atk|1\n|-boost|p2a: Dragonite|def|1\n|move|p1a: Spectre of Emerald|Will-O-Wisp|p2a: Dragonite\n|-status|p2a: Dragonite|brn\n|\n|-damage|p2a: Dragonite|94\/100 brn|[from] brn\n|upkeep\n|turn|38\n|\n|t:|1699553145\n|move|p2a: Dragonite|Curse|p2a: Dragonite\n|-unboost|p2a: Dragonite|spe|1\n|-boost|p2a: Dragonite|atk|1\n|-boost|p2a: Dragonite|def|1\n|move|p1a: Spectre of Emerald|Calm Mind|p1a: Spectre of Emerald\n|-boost|p1a: Spectre of Emerald|spa|1\n|-boost|p1a: Spectre of Emerald|spd|1\n|\n|-damage|p2a: Dragonite|88\/100 brn|[from] brn\n|upkeep\n|turn|39\n|\n|t:|1699553148\n|move|p2a: Dragonite|Curse|p2a: Dragonite\n|-unboost|p2a: Dragonite|spe|1\n|-boost|p2a: Dragonite|atk|1\n|-boost|p2a: Dragonite|def|1\n|move|p1a: Spectre of Emerald|Dark Pulse|p2a: Dragonite\n|-damage|p2a: Dragonite|38\/100 brn\n|\n|-damage|p2a: Dragonite|31\/100 brn|[from] brn\n|upkeep\n|turn|40\n|\n|t:|1699553160\n|move|p2a: Dragonite|Roost|p2a: Dragonite\n|-heal|p2a: Dragonite|81\/100 brn\n|-singleturn|p2a: Dragonite|move: Roost\n|move|p1a: Spectre of Emerald|Calm Mind|p1a: Spectre of Emerald\n|-boost|p1a: Spectre of Emerald|spa|1\n|-boost|p1a: Spectre of Emerald|spd|1\n|\n|-damage|p2a: Dragonite|75\/100 brn|[from] brn\n|upkeep\n|turn|41\n|\n|t:|1699553164\n|move|p2a: Dragonite|Earthquake|p1a: Spectre of Emerald\n|-damage|p1a: Spectre of Emerald|69\/100\n|move|p1a: Spectre of Emerald|Dark Pulse|p2a: Dragonite\n|-damage|p2a: Dragonite|9\/100 brn\n|\n|-damage|p2a: Dragonite|3\/100 brn|[from] brn\n|upkeep\n|turn|42\n|\n|t:|1699553168\n|move|p2a: Dragonite|Earthquake|p1a: Spectre of Emerald\n|-damage|p1a: Spectre of Emerald|33\/100\n|move|p1a: Spectre of Emerald|Recover|p1a: Spectre of Emerald\n|-heal|p1a: Spectre of Emerald|83\/100\n|\n|-damage|p2a: Dragonite|0 fnt|[from] brn\n|faint|p2a: Dragonite\n|upkeep\n|\n|t:|1699553176\n|switch|p2a: Banette|Banette-Mega, F|89\/100 brn\n|turn|43\n|\n|t:|1699553185\n|move|p2a: Banette|Destiny Bond|p2a: Banette\n|-singlemove|p2a: Banette|Destiny Bond\n|move|p1a: Spectre of Emerald|Calm Mind|p1a: Spectre of Emerald\n|-boost|p1a: Spectre of Emerald|spa|1\n|-boost|p1a: Spectre of Emerald|spd|1\n|\n|-damage|p2a: Banette|83\/100 brn|[from] brn\n|upkeep\n|turn|44\n|\n|t:|1699553188\n|move|p2a: Banette|Poltergeist|p1a: Spectre of Emerald\n|-activate|p1a: Spectre of Emerald|move: Poltergeist|Sablenite\n|-damage|p1a: Spectre of Emerald|58\/100\n|move|p1a: Spectre of Emerald|Calm Mind|p1a: Spectre of Emerald\n|-boost|p1a: Spectre of Emerald|spa|1\n|-boost|p1a: Spectre of Emerald|spd|1\n|\n|-damage|p2a: Banette|77\/100 brn|[from] brn\n|upkeep\n|turn|45\n|\n|t:|1699553192\n|move|p2a: Banette|Destiny Bond|p2a: Banette\n|-singlemove|p2a: Banette|Destiny Bond\n|move|p1a: Spectre of Emerald|Recover|p1a: Spectre of Emerald\n|-heal|p1a: Spectre of Emerald|100\/100\n|\n|-damage|p2a: Banette|71\/100 brn|[from] brn\n|upkeep\n|turn|46\n|\n|t:|1699553201\n|move|p2a: Banette|Poltergeist|p1a: Spectre of Emerald\n|-activate|p1a: Spectre of Emerald|move: Poltergeist|Sablenite\n|-damage|p1a: Spectre of Emerald|77\/100\n|move|p1a: Spectre of Emerald|Dark Pulse|p2a: Banette\n|-supereffective|p2a: Banette\n|-damage|p2a: Banette|0 fnt\n|faint|p2a: Banette\n|\n|upkeep\n|-message|XYQY forfeited.\n|\n|win|RandoTestAccount\n|raw|RandoTestAccount's rating: 1350 &rarr; <strong>1373<\/strong><br \/>(+23 for winning)\n|raw|XYQY's rating: 1402 &rarr; <strong>1379<\/strong><br \/>(-23 for losing)\n|l|\u2606XYQY\n","uploadtime":1699553211,"views":4,"p1id":"randotestaccount","p2id":"xyqy","formatid":"gen9nationaldex","rating":1373,"private":0,"password":""}