{"id":"gen9nationaldex-2000680455","p1":"UserJexx","p2":"Mikirae1218","format":"[Gen 9] National Dex","log":"|html|<div class=\"broadcast-blue\"><strong>[Gen 9] National Dex is currently suspecting Sneasler! For information on how to participate check out the <a href=\"https:\/\/www.smogon.com\/forums\/threads\/sv-national-dex-suspect-8-just-dance.3731534\/\">suspect thread<\/a>.<\/strong><\/div>\n|j|\u2606UserJexx\n|j|\u2606Mikirae1218\n|t:|1701218051\n|gametype|singles\n|player|p1|UserJexx|lusamine-nihilego|1617\n|player|p2|Mikirae1218|1|1685\n|teamsize|p1|6\n|teamsize|p2|6\n|gen|9\n|tier|[Gen 9] National Dex\n|rated|\n|rule|HP Percentage Mod: HP is shown in percentages\n|rule|Endless Battle Clause: Forcing endless battles is banned\n|rule|OHKO Clause: OHKO moves are banned\n|rule|Evasion Clause: Evasion abilities, items, and moves are banned\n|rule|Evasion Abilities Clause: Evasion abilities are banned\n|rule|Evasion Items Clause: Evasion items are banned\n|rule|Evasion Moves Clause: Evasion moves are banned\n|rule|Species Clause: Limit one of each Pok\u00e9mon\n|rule|Sleep Clause Mod: Limit one foe put to sleep\n|clearpoke\n|poke|p1|Goodra-Hisui, F|\n|poke|p1|Ceruledge, F|\n|poke|p1|Gliscor, M|\n|poke|p1|Hatterene, F|\n|poke|p1|Gastrodon-East, M|\n|poke|p1|Ditto|\n|poke|p2|Urshifu-*, M|\n|poke|p2|Tapu Lele|\n|poke|p2|Meowscarada, M|\n|poke|p2|Clodsire, F|\n|poke|p2|Corviknight, F|\n|poke|p2|Volcarona, M|\n|teampreview\n|inactive|Battle timer is ON: inactive players will automatically lose when time's up. (requested by UserJexx)\n|\n|t:|1701218066\n|start\n|switch|p1a: \ud83c\udf38|Hatterene, F, shiny|100\/100\n|switch|p2a: Meowscarada|Meowscarada, M|100\/100\n|turn|1\n|\n|t:|1701218069\n|move|p2a: Meowscarada|U-turn|p1a: \ud83c\udf38\n|-start|p2a: Meowscarada|typechange|Bug|[from] ability: Protean\n|-damage|p1a: \ud83c\udf38|66\/100\n|\n|t:|1701218071\n|switch|p2a: Corviknight|Corviknight, F|100\/100|[from] U-turn\n|-ability|p2a: Corviknight|Pressure\n|move|p1a: \ud83c\udf38|Draining Kiss|p2a: Corviknight\n|-resisted|p2a: Corviknight\n|-damage|p2a: Corviknight|87\/100\n|-heal|p1a: \ud83c\udf38|82\/100|[from] drain|[of] p2a: Corviknight\n|-damage|p1a: \ud83c\udf38|66\/100|[from] item: Rocky Helmet|[of] p2a: Corviknight\n|\n|upkeep\n|turn|2\n|\n|t:|1701218074\n|move|p2a: Corviknight|U-turn|p1a: \ud83c\udf38\n|-damage|p1a: \ud83c\udf38|49\/100\n|\n|t:|1701218078\n|switch|p2a: Tapu Lele|Tapu Lele|100\/100|[from] U-turn\n|-fieldstart|move: Psychic Terrain|[from] ability: Psychic Surge|[of] p2a: Tapu Lele\n|move|p1a: \ud83c\udf38|Mystical Fire|p2a: Tapu Lele\n|-damage|p2a: Tapu Lele|70\/100\n|-unboost|p2a: Tapu Lele|spa|1\n|\n|upkeep\n|turn|3\n|\n|t:|1701218082\n|switch|p1a: \ud83d\udc1a|Goodra-Hisui, F|100\/100\n|move|p2a: Tapu Lele|Moonblast|p1a: \ud83d\udc1a\n|-damage|p1a: \ud83d\udc1a|79\/100\n|\n|upkeep\n|turn|4\n|\n|t:|1701218087\n|switch|p2a: Clodsire|Clodsire, F|100\/100\n|move|p1a: \ud83d\udc1a|Draco Meteor|p2a: Clodsire\n|-damage|p2a: Clodsire|76\/100\n|-unboost|p1a: \ud83d\udc1a|spa|2\n|\n|-heal|p2a: Clodsire|82\/100|[from] item: Leftovers\n|upkeep\n|turn|5\n|\n|t:|1701218089\n|switch|p1a: \ud83e\udd87|Gliscor, M, shiny|100\/100\n|move|p2a: Clodsire|Stealth Rock|p1a: \ud83e\udd87\n|-sidestart|p1: UserJexx|move: Stealth Rock\n|\n|-heal|p2a: Clodsire|88\/100|[from] item: Leftovers\n|-status|p1a: \ud83e\udd87|tox|[from] item: Toxic Orb\n|upkeep\n|turn|6\n|\n|t:|1701218092\n|switch|p2a: Urshifu|Urshifu-Rapid-Strike, M|100\/100\n|move|p1a: \ud83e\udd87|Defog|p2a: Urshifu\n|-unboost|p2a: Urshifu|evasion|1\n|-sideend|p1: UserJexx|Stealth Rock|[from] move: Defog|[of] p1a: \ud83e\udd87\n|-fieldend|move: Psychic Terrain\n|\n|upkeep\n|turn|7\n|\n|t:|1701218096\n|switch|p1a: \ud83d\udeac\ud83d\udc80|Gastrodon-East, M|100\/100\n|move|p2a: Urshifu|Substitute|p2a: Urshifu\n|-start|p2a: Urshifu|Substitute\n|-damage|p2a: Urshifu|76\/100\n|\n|upkeep\n|turn|8\n|\n|t:|1701218100\n|move|p2a: Urshifu|Swords Dance|p2a: Urshifu\n|-boost|p2a: Urshifu|atk|2\n|move|p1a: \ud83d\udeac\ud83d\udc80|Earth Power|p2a: Urshifu\n|-end|p2a: Urshifu|Substitute\n|\n|upkeep\n|turn|9\n|\n|t:|1701218104\n|-terastallize|p1a: \ud83d\udeac\ud83d\udc80|Poison\n|move|p2a: Urshifu|Close Combat|p1a: \ud83d\udeac\ud83d\udc80\n|-resisted|p1a: \ud83d\udeac\ud83d\udc80\n|-damage|p1a: \ud83d\udeac\ud83d\udc80|29\/100\n|-unboost|p2a: Urshifu|def|1\n|-unboost|p2a: Urshifu|spd|1\n|move|p1a: \ud83d\udeac\ud83d\udc80|Earth Power|p2a: Urshifu\n|-damage|p2a: Urshifu|0 fnt\n|faint|p2a: Urshifu\n|\n|-heal|p1a: \ud83d\udeac\ud83d\udc80|35\/100|[from] item: Leftovers\n|upkeep\n|\n|t:|1701218123\n|switch|p2a: Tapu Lele|Tapu Lele|70\/100\n|-fieldstart|move: Psychic Terrain|[from] ability: Psychic Surge|[of] p2a: Tapu Lele\n|turn|10\n|\n|t:|1701218128\n|switch|p1a: \ud83d\udc1a|Goodra-Hisui, F|79\/100\n|move|p2a: Tapu Lele|Psyshock|p1a: \ud83d\udc1a\n|-resisted|p1a: \ud83d\udc1a\n|-damage|p1a: \ud83d\udc1a|42\/100\n|\n|upkeep\n|turn|11\n|\n|t:|1701218140\n|switch|p2a: Clodsire|Clodsire, F|88\/100\n|move|p1a: \ud83d\udc1a|Heavy Slam|p2a: Clodsire\n|-damage|p2a: Clodsire|68\/100\n|\n|-heal|p2a: Clodsire|74\/100|[from] item: Leftovers\n|upkeep\n|turn|12\n|\n|t:|1701218145\n|switch|p1a: \ud83c\udf38|Hatterene, F, shiny|49\/100\n|move|p2a: Clodsire|Stealth Rock|p1a: \ud83c\udf38\n|move|p1a: \ud83c\udf38|Stealth Rock|p2a: Clodsire|[from]ability: Magic Bounce\n|-sidestart|p2: Mikirae1218|move: Stealth Rock\n|\n|-heal|p2a: Clodsire|80\/100|[from] item: Leftovers\n|upkeep\n|turn|13\n|\n|t:|1701218148\n|switch|p2a: Corviknight|Corviknight, F|87\/100\n|-damage|p2a: Corviknight|74\/100|[from] Stealth Rock\n|-ability|p2a: Corviknight|Pressure\n|move|p1a: \ud83c\udf38|Psyshock|p2a: Corviknight\n|-resisted|p2a: Corviknight\n|-damage|p2a: Corviknight|55\/100\n|\n|upkeep\n|turn|14\n|\n|t:|1701218151\n|move|p2a: Corviknight|Defog|p1a: \ud83c\udf38\n|move|p1a: \ud83c\udf38|Defog|p2a: Corviknight|[from]ability: Magic Bounce\n|-unboost|p2a: Corviknight|evasion|1\n|-sideend|p2: Mikirae1218|Stealth Rock|[from] move: Defog|[of] p1a: \ud83c\udf38\n|-fieldend|move: Psychic Terrain\n|move|p1a: \ud83c\udf38|Mystical Fire|p2a: Corviknight\n|-supereffective|p2a: Corviknight\n|-damage|p2a: Corviknight|0 fnt\n|faint|p2a: Corviknight\n|\n|upkeep\n|c|\u2606Mikirae1218|Honestly I didn't think that killed lol\n|\n|t:|1701218168\n|switch|p2a: Meowscarada|Meowscarada, M|100\/100\n|turn|15\n|\n|t:|1701218172\n|switch|p1a: \ud83e\udd87|Gliscor, M, shiny|100\/100 tox\n|move|p2a: Meowscarada|Knock Off|p1a: \ud83e\udd87\n|-start|p2a: Meowscarada|typechange|Dark|[from] ability: Protean\n|-damage|p1a: \ud83e\udd87|73\/100 tox\n|-enditem|p1a: \ud83e\udd87|Toxic Orb|[from] move: Knock Off|[of] p2a: Meowscarada\n|\n|-heal|p1a: \ud83e\udd87|85\/100 tox|[from] ability: Poison Heal\n|upkeep\n|turn|16\n|\n|t:|1701218175\n|switch|p2a: Tapu Lele|Tapu Lele|70\/100\n|-fieldstart|move: Psychic Terrain|[from] ability: Psychic Surge|[of] p2a: Tapu Lele\n|move|p1a: \ud83e\udd87|Toxic|p2a: Tapu Lele\n|-status|p2a: Tapu Lele|tox\n|\n|-damage|p2a: Tapu Lele|63\/100 tox|[from] psn\n|-heal|p1a: \ud83e\udd87|97\/100 tox|[from] ability: Poison Heal\n|upkeep\n|turn|17\n|\n|t:|1701218182\n|switch|p1a: \ud83d\udc1a|Goodra-Hisui, F|42\/100\n|move|p2a: Tapu Lele|Psychic|p1a: \ud83d\udc1a\n|-resisted|p1a: \ud83d\udc1a\n|-damage|p1a: \ud83d\udc1a|21\/100\n|\n|-damage|p2a: Tapu Lele|51\/100 tox|[from] psn\n|upkeep\n|turn|18\n|\n|t:|1701218204\n|move|p2a: Tapu Lele|Psychic|p1a: \ud83d\udc1a\n|-resisted|p1a: \ud83d\udc1a\n|-damage|p1a: \ud83d\udc1a|2\/100\n|move|p1a: \ud83d\udc1a|Earthquake|p2a: Tapu Lele\n|-damage|p2a: Tapu Lele|0 fnt\n|faint|p2a: Tapu Lele\n|\n|upkeep\n|\n|t:|1701218210\n|switch|p2a: Volcarona|Volcarona, M|100\/100\n|turn|19\n|c|\u2606UserJexx|It\u2019s modest lol\n|\n|t:|1701218216\n|switch|p1a: \u2694\ufe0f|Ceruledge, F, shiny|100\/100\n|move|p2a: Volcarona|Flamethrower|p1a: \u2694\ufe0f\n|-start|p1a: \u2694\ufe0f|ability: Flash Fire\n|\n|upkeep\n|turn|20\n|\n|t:|1701218221\n|switch|p2a: Clodsire|Clodsire, F|80\/100\n|move|p1a: \u2694\ufe0f|Bitter Blade|p2a: Clodsire\n|-damage|p2a: Clodsire|2\/100\n|\n|-heal|p2a: Clodsire|8\/100|[from] item: Leftovers\n|-fieldend|move: Psychic Terrain\n|upkeep\n|turn|21\n|\n|t:|1701218224\n|move|p1a: \u2694\ufe0f|Bitter Blade|p2a: Clodsire\n|-damage|p2a: Clodsire|0 fnt\n|faint|p2a: Clodsire\n|\n|upkeep\n|\n|t:|1701218244\n|switch|p2a: Meowscarada|Meowscarada, M|100\/100\n|turn|22\n|\n|t:|1701218250\n|-end|p1a: \u2694\ufe0f|ability: Flash Fire|[silent]\n|switch|p1a: \ud83e\udd87|Gliscor, M, shiny|97\/100 tox\n|move|p2a: Meowscarada|Knock Off|p1a: \ud83e\udd87\n|-start|p2a: Meowscarada|typechange|Dark|[from] ability: Protean\n|-damage|p1a: \ud83e\udd87|79\/100 tox\n|\n|-heal|p1a: \ud83e\udd87|92\/100 tox|[from] ability: Poison Heal\n|upkeep\n|turn|23\n|c|\u2606Mikirae1218|This thing is so fat\n|\n|t:|1701218260\n|switch|p1a: \ud83e\uddec|Ditto|100\/100\n|-transform|p1a: \ud83e\uddec|p2a: Meowscarada|[from] ability: Imposter\n|move|p2a: Meowscarada|Knock Off|p1a: \ud83e\uddec\n|-resisted|p1a: \ud83e\uddec\n|-damage|p1a: \ud83e\uddec|64\/100\n|-enditem|p1a: \ud83e\uddec|Choice Scarf|[from] move: Knock Off|[of] p2a: Meowscarada\n|\n|upkeep\n|turn|24\n|\n|t:|1701218268\n|move|p2a: Meowscarada|Knock Off|p1a: \ud83e\uddec\n|-resisted|p1a: \ud83e\uddec\n|-damage|p1a: \ud83e\uddec|42\/100\n|move|p1a: \ud83e\uddec|Play Rough|p2a: Meowscarada\n|-start|p1a: \ud83e\uddec|typechange|Fairy|[from] ability: Protean\n|-supereffective|p2a: Meowscarada\n|-damage|p2a: Meowscarada|0 fnt\n|faint|p2a: Meowscarada\n|\n|upkeep\n|\n|t:|1701218270\n|switch|p2a: Volcarona|Volcarona, M|100\/100\n|turn|25\n|\n|t:|1701218274\n|switch|p1a: \u2694\ufe0f|Ceruledge, F, shiny|100\/100\n|move|p2a: Volcarona|Quiver Dance|p2a: Volcarona\n|-boost|p2a: Volcarona|spa|1\n|-boost|p2a: Volcarona|spd|1\n|-boost|p2a: Volcarona|spe|1\n|\n|upkeep\n|turn|26\n|c|\u2606Mikirae1218|gg\n|c|\u2606UserJexx|Gg\n|\n|t:|1701218285\n|move|p1a: \u2694\ufe0f|Bitter Blade|p2a: Volcarona\n|-damage|p2a: Volcarona|52\/100\n|move|p2a: Volcarona|Giga Drain|p1a: \u2694\ufe0f\n|-resisted|p1a: \u2694\ufe0f\n|-damage|p1a: \u2694\ufe0f|82\/100\n|-heal|p2a: Volcarona|59\/100|[from] drain|[of] p1a: \u2694\ufe0f\n|\n|upkeep\n|turn|27\n|\n|t:|1701218296\n|move|p1a: \u2694\ufe0f|Bitter Blade|p2a: Volcarona\n|-damage|p2a: Volcarona|11\/100\n|-heal|p1a: \u2694\ufe0f|100\/100|[from] drain|[of] p2a: Volcarona\n|move|p2a: Volcarona|Quiver Dance|p2a: Volcarona\n|-boost|p2a: Volcarona|spa|1\n|-boost|p2a: Volcarona|spd|1\n|-boost|p2a: Volcarona|spe|1\n|\n|upkeep\n|turn|28\n|\n|t:|1701218299\n|move|p2a: Volcarona|Roost|p2a: Volcarona\n|-heal|p2a: Volcarona|61\/100\n|-singleturn|p2a: Volcarona|move: Roost\n|move|p1a: \u2694\ufe0f|Bitter Blade|p2a: Volcarona\n|-damage|p2a: Volcarona|17\/100\n|\n|upkeep\n|turn|29\n|\n|t:|1701218301\n|move|p2a: Volcarona|Roost|p2a: Volcarona\n|-heal|p2a: Volcarona|67\/100\n|-singleturn|p2a: Volcarona|move: Roost\n|move|p1a: \u2694\ufe0f|Bitter Blade|p2a: Volcarona\n|-damage|p2a: Volcarona|22\/100\n|\n|upkeep\n|turn|30\n|\n|t:|1701218304\n|move|p2a: Volcarona|Roost|p2a: Volcarona\n|-heal|p2a: Volcarona|73\/100\n|-singleturn|p2a: Volcarona|move: Roost\n|move|p1a: \u2694\ufe0f|Bitter Blade|p2a: Volcarona\n|-damage|p2a: Volcarona|23\/100\n|\n|upkeep\n|turn|31\n|\n|t:|1701218306\n|move|p2a: Volcarona|Roost|p2a: Volcarona\n|-heal|p2a: Volcarona|73\/100\n|-singleturn|p2a: Volcarona|move: Roost\n|move|p1a: \u2694\ufe0f|Bitter Blade|p2a: Volcarona\n|-damage|p2a: Volcarona|27\/100\n|\n|upkeep\n|turn|32\n|c|\u2606Mikirae1218|I got this\n|c|\u2606Mikirae1218|Trust\n|\n|t:|1701218311\n|move|p2a: Volcarona|Roost|p2a: Volcarona\n|-heal|p2a: Volcarona|77\/100\n|-singleturn|p2a: Volcarona|move: Roost\n|move|p1a: \u2694\ufe0f|Bitter Blade|p2a: Volcarona\n|-damage|p2a: Volcarona|30\/100\n|\n|upkeep\n|turn|33\n|\n|t:|1701218313\n|move|p2a: Volcarona|Roost|p2a: Volcarona\n|-heal|p2a: Volcarona|80\/100\n|-singleturn|p2a: Volcarona|move: Roost\n|move|p1a: \u2694\ufe0f|Bitter Blade|p2a: Volcarona\n|-damage|p2a: Volcarona|35\/100\n|\n|upkeep\n|turn|34\n|\n|t:|1701218315\n|move|p2a: Volcarona|Roost|p2a: Volcarona\n|-heal|p2a: Volcarona|85\/100\n|-singleturn|p2a: Volcarona|move: Roost\n|move|p1a: \u2694\ufe0f|Bitter Blade|p2a: Volcarona\n|-damage|p2a: Volcarona|38\/100\n|\n|upkeep\n|turn|35\n|\n|t:|1701218317\n|move|p2a: Volcarona|Roost|p2a: Volcarona\n|-heal|p2a: Volcarona|88\/100\n|-singleturn|p2a: Volcarona|move: Roost\n|move|p1a: \u2694\ufe0f|Bitter Blade|p2a: Volcarona\n|-crit|p2a: Volcarona\n|-damage|p2a: Volcarona|19\/100\n|\n|upkeep\n|turn|36\n|\n|t:|1701218319\n|move|p2a: Volcarona|Giga Drain|p1a: \u2694\ufe0f\n|-resisted|p1a: \u2694\ufe0f\n|-damage|p1a: \u2694\ufe0f|74\/100\n|-heal|p2a: Volcarona|29\/100|[from] drain|[of] p1a: \u2694\ufe0f\n|move|p1a: \u2694\ufe0f|Bitter Blade|p2a: Volcarona\n|-damage|p2a: Volcarona|0 fnt\n|-heal|p1a: \u2694\ufe0f|93\/100|[from] drain|[of] p2a: Volcarona\n|faint|p2a: Volcarona\n|\n|win|UserJexx\n|raw|UserJexx's rating: 1617 &rarr; <strong>1641<\/strong><br \/>(+24 for winning)\n|raw|Mikirae1218's rating: 1685 &rarr; <strong>1661<\/strong><br \/>(-24 for losing)\n|l|\u2606Mikirae1218\n","uploadtime":1701218329,"views":1,"p1id":"userjexx","p2id":"mikirae1218","formatid":"gen9nationaldex","rating":1641,"private":0,"password":""}